time,symbol_id,symbol_name,last,trade_volume,trade_amount,open_interest_change,bv1,bp1,ap1,av1,yesterday_close,today_open,today_high,today_low,volume,amount,open_interest
2023-05-10 20:59:00,ru2401C14250,ru2401C14250,418.0,0.0,0.0,0.0,5,403.0,720.0,1,418.0,552.0,0.0,0.0,0.0,0.0,52
2023-05-10 21:00:16,ru2401C14250,ru2401C14250,418.0,0.0,0.0,0.0,5,403.0,719.0,1,418.0,552.0,0.0,0.0,0.0,0.0,52
2023-05-10 21:03:05,ru2401C14250,ru2401C14250,418.0,0.0,0.0,0.0,5,403.0,719.0,2,418.0,552.0,0.0,0.0,0.0,0.0,52
2023-05-10 21:04:02,ru2401C14250,ru2401C14250,418.0,0.0,0.0,0.0,5,403.0,719.0,1,418.0,552.0,0.0,0.0,0.0,0.0,52
2023-05-10 21:06:18,ru2401C14250,ru2401C14250,418.0,0.0,0.0,0.0,5,403.0,708.0,1,418.0,552.0,0.0,0.0,0.0,0.0,52
2023-05-10 21:08:52,ru2401C14250,ru2401C14250,418.0,0.0,0.0,0.0,3,406.0,708.0,1,418.0,552.0,0.0,0.0,0.0,0.0,52
2023-05-10 21:09:05,ru2401C14250,ru2401C14250,418.0,0.0,0.0,0.0,3,406.0,708.0,1,418.0,552.0,0.0,0.0,0.0,0.0,52
2023-05-10 21:11:42,ru2401C14250,ru2401C14250,418.0,0.0,0.0,0.0,1,430.0,708.0,1,418.0,552.0,0.0,0.0,0.0,0.0,52
2023-05-10 21:11:51,ru2401C14250,ru2401C14250,418.0,0.0,0.0,0.0,1,430.0,719.0,1,418.0,552.0,0.0,0.0,0.0,0.0,52
2023-05-10 21:11:53,ru2401C14250,ru2401C14250,418.0,0.0,0.0,0.0,1,430.0,719.0,1,418.0,552.0,0.0,0.0,0.0,0.0,52
2023-05-10 21:11:58,ru2401C14250,ru2401C14250,418.0,0.0,0.0,0.0,1,513.0,552.0,1,418.0,552.0,0.0,0.0,0.0,0.0,52
2023-05-10 21:11:58,ru2401C14250,ru2401C14250,418.0,0.0,0.0,0.0,2,513.0,552.0,2,418.0,552.0,0.0,0.0,0.0,0.0,52
2023-05-10 21:12:00,ru2401C14250,ru2401C14250,418.0,0.0,0.0,0.0,2,513.0,552.0,1,418.0,552.0,0.0,0.0,0.0,0.0,52
2023-05-10 21:12:01,ru2401C14250,ru2401C14250,552.0,1.0,5520.0,1.0,2,513.0,558.0,1,418.0,552.0,552.0,552.0,1.0,5520.0,53
2023-05-10 21:12:01,ru2401C14250,ru2401C14250,552.0,0.0,0.0,0.0,2,513.0,582.0,1,418.0,552.0,552.0,552.0,1.0,5520.0,53
2023-05-10 21:12:02,ru2401C14250,ru2401C14250,582.0,1.0,5820.0,1.0,1,513.0,647.0,1,418.0,552.0,582.0,552.0,2.0,11340.0,54
2023-05-10 21:12:06,ru2401C14250,ru2401C14250,582.0,0.0,0.0,0.0,1,513.0,647.0,1,418.0,552.0,582.0,552.0,2.0,11340.0,54
2023-05-10 21:12:09,ru2401C14250,ru2401C14250,582.0,0.0,0.0,0.0,1,430.0,647.0,1,418.0,552.0,582.0,552.0,2.0,11340.0,54
2023-05-10 21:12:13,ru2401C14250,ru2401C14250,582.0,0.0,0.0,0.0,1,430.0,719.0,1,418.0,552.0,582.0,552.0,2.0,11340.0,54
2023-05-10 21:12:27,ru2401C14250,ru2401C14250,582.0,0.0,0.0,0.0,1,430.0,708.0,1,418.0,552.0,582.0,552.0,2.0,11340.0,54
2023-05-10 21:12:43,ru2401C14250,ru2401C14250,582.0,0.0,0.0,0.0,1,430.0,719.0,1,418.0,552.0,582.0,552.0,2.0,11340.0,54
2023-05-10 21:14:50,ru2401C14250,ru2401C14250,582.0,0.0,0.0,0.0,2,431.0,719.0,1,418.0,552.0,582.0,552.0,2.0,11340.0,54
2023-05-10 21:15:09,ru2401C14250,ru2401C14250,582.0,0.0,0.0,0.0,1,430.0,719.0,1,418.0,552.0,582.0,552.0,2.0,11340.0,54
2023-05-10 21:15:35,ru2401C14250,ru2401C14250,582.0,0.0,0.0,0.0,2,431.0,718.0,2,418.0,552.0,582.0,552.0,2.0,11340.0,54
2023-05-10 21:15:40,ru2401C14250,ru2401C14250,582.0,0.0,0.0,0.0,2,444.0,718.0,2,418.0,552.0,582.0,552.0,2.0,11340.0,54
2023-05-10 21:15:41,ru2401C14250,ru2401C14250,582.0,0.0,0.0,0.0,2,445.0,718.0,2,418.0,552.0,582.0,552.0,2.0,11340.0,54
2023-05-10 21:15:41,ru2401C14250,ru2401C14250,582.0,0.0,0.0,0.0,2,458.0,718.0,2,418.0,552.0,582.0,552.0,2.0,11340.0,54
2023-05-10 21:15:42,ru2401C14250,ru2401C14250,582.0,0.0,0.0,0.0,2,459.0,718.0,2,418.0,552.0,582.0,552.0,2.0,11340.0,54
2023-05-10 21:15:42,ru2401C14250,ru2401C14250,582.0,0.0,0.0,0.0,2,459.0,718.0,2,418.0,552.0,582.0,552.0,2.0,11340.0,54
2023-05-10 21:15:43,ru2401C14250,ru2401C14250,582.0,0.0,0.0,0.0,2,472.0,718.0,2,418.0,552.0,582.0,552.0,2.0,11340.0,54
2023-05-10 21:15:43,ru2401C14250,ru2401C14250,582.0,0.0,0.0,0.0,2,473.0,718.0,2,418.0,552.0,582.0,552.0,2.0,11340.0,54
2023-05-10 21:15:44,ru2401C14250,ru2401C14250,582.0,0.0,0.0,0.0,2,480.0,719.0,1,418.0,552.0,582.0,552.0,2.0,11340.0,54
2023-05-10 21:16:01,ru2401C14250,ru2401C14250,582.0,0.0,0.0,0.0,1,430.0,719.0,1,418.0,552.0,582.0,552.0,2.0,11340.0,54
2023-05-10 21:16:44,ru2401C14250,ru2401C14250,582.0,0.0,0.0,0.0,2,443.0,719.0,1,418.0,552.0,582.0,552.0,2.0,11340.0,54
2023-05-10 21:16:45,ru2401C14250,ru2401C14250,582.0,0.0,0.0,0.0,1,430.0,719.0,1,418.0,552.0,582.0,552.0,2.0,11340.0,54
2023-05-10 21:16:45,ru2401C14250,ru2401C14250,582.0,0.0,0.0,0.0,2,443.0,719.0,1,418.0,552.0,582.0,552.0,2.0,11340.0,54
2023-05-10 21:17:07,ru2401C14250,ru2401C14250,582.0,0.0,0.0,0.0,1,430.0,719.0,1,418.0,552.0,582.0,552.0,2.0,11340.0,54
2023-05-10 21:17:23,ru2401C14250,ru2401C14250,582.0,0.0,0.0,0.0,1,430.0,718.0,2,418.0,552.0,582.0,552.0,2.0,11340.0,54
2023-05-10 21:17:59,ru2401C14250,ru2401C14250,582.0,0.0,0.0,0.0,2,437.0,718.0,2,418.0,552.0,582.0,552.0,2.0,11340.0,54
2023-05-10 21:17:59,ru2401C14250,ru2401C14250,582.0,0.0,0.0,0.0,1,430.0,718.0,2,418.0,552.0,582.0,552.0,2.0,11340.0,54
2023-05-10 21:18:39,ru2401C14250,ru2401C14250,582.0,0.0,0.0,0.0,2,443.0,718.0,2,418.0,552.0,582.0,552.0,2.0,11340.0,54
2023-05-10 21:18:58,ru2401C14250,ru2401C14250,582.0,0.0,0.0,0.0,1,430.0,718.0,2,418.0,552.0,582.0,552.0,2.0,11340.0,54
2023-05-10 21:20:14,ru2401C14250,ru2401C14250,582.0,0.0,0.0,0.0,2,437.0,718.0,2,418.0,552.0,582.0,552.0,2.0,11340.0,54
2023-05-10 21:20:34,ru2401C14250,ru2401C14250,582.0,0.0,0.0,0.0,1,618.0,634.0,1,418.0,552.0,582.0,552.0,2.0,11340.0,54
2023-05-10 21:20:34,ru2401C14250,ru2401C14250,582.0,0.0,0.0,0.0,1,618.0,634.0,1,418.0,552.0,582.0,552.0,2.0,11340.0,54
2023-05-10 21:20:35,ru2401C14250,ru2401C14250,582.0,0.0,0.0,0.0,1,618.0,634.0,1,418.0,552.0,582.0,552.0,2.0,11340.0,54
2023-05-10 21:20:36,ru2401C14250,ru2401C14250,582.0,0.0,0.0,0.0,1,618.0,634.0,1,418.0,552.0,582.0,552.0,2.0,11340.0,54
2023-05-10 21:20:37,ru2401C14250,ru2401C14250,582.0,0.0,0.0,0.0,1,618.0,634.0,1,418.0,552.0,582.0,552.0,2.0,11340.0,54
2023-05-10 21:20:37,ru2401C14250,ru2401C14250,582.0,0.0,0.0,0.0,1,618.0,634.0,2,418.0,552.0,582.0,552.0,2.0,11340.0,54
2023-05-10 21:20:40,ru2401C14250,ru2401C14250,582.0,0.0,0.0,0.0,1,618.0,622.0,1,418.0,552.0,582.0,552.0,2.0,11340.0,54
2023-05-10 21:20:40,ru2401C14250,ru2401C14250,582.0,0.0,0.0,0.0,1,618.0,622.0,1,418.0,552.0,582.0,552.0,2.0,11340.0,54
2023-05-10 21:20:45,ru2401C14250,ru2401C14250,582.0,0.0,0.0,0.0,1,613.0,622.0,1,418.0,552.0,582.0,552.0,2.0,11340.0,54
2023-05-10 21:20:45,ru2401C14250,ru2401C14250,582.0,0.0,0.0,0.0,1,606.0,622.0,1,418.0,552.0,582.0,552.0,2.0,11340.0,54
2023-05-10 21:20:46,ru2401C14250,ru2401C14250,582.0,0.0,0.0,0.0,2,598.0,622.0,1,418.0,552.0,582.0,552.0,2.0,11340.0,54
2023-05-10 21:20:46,ru2401C14250,ru2401C14250,582.0,0.0,0.0,0.0,1,597.0,622.0,1,418.0,552.0,582.0,552.0,2.0,11340.0,54
2023-05-10 21:20:47,ru2401C14250,ru2401C14250,582.0,0.0,0.0,0.0,1,597.0,622.0,1,418.0,552.0,582.0,552.0,2.0,11340.0,54
2023-05-10 21:20:48,ru2401C14250,ru2401C14250,582.0,0.0,0.0,0.0,1,597.0,622.0,1,418.0,552.0,582.0,552.0,2.0,11340.0,54
2023-05-10 21:20:51,ru2401C14250,ru2401C14250,582.0,0.0,0.0,0.0,3,591.0,629.0,3,418.0,552.0,582.0,552.0,2.0,11340.0,54
2023-05-10 21:20:51,ru2401C14250,ru2401C14250,582.0,0.0,0.0,0.0,1,430.0,718.0,3,418.0,552.0,582.0,552.0,2.0,11340.0,54
2023-05-10 21:20:52,ru2401C14250,ru2401C14250,582.0,0.0,0.0,0.0,2,437.0,718.0,3,418.0,552.0,582.0,552.0,2.0,11340.0,54
2023-05-10 21:21:33,ru2401C14250,ru2401C14250,582.0,0.0,0.0,0.0,1,438.0,718.0,3,418.0,552.0,582.0,552.0,2.0,11340.0,54
2023-05-10 21:21:33,ru2401C14250,ru2401C14250,582.0,0.0,0.0,0.0,2,439.0,718.0,3,418.0,552.0,582.0,552.0,2.0,11340.0,54
2023-05-10 21:21:42,ru2401C14250,ru2401C14250,582.0,0.0,0.0,0.0,1,440.0,718.0,3,418.0,552.0,582.0,552.0,2.0,11340.0,54
2023-05-10 21:21:43,ru2401C14250,ru2401C14250,582.0,0.0,0.0,0.0,2,441.0,718.0,3,418.0,552.0,582.0,552.0,2.0,11340.0,54
2023-05-10 21:21:45,ru2401C14250,ru2401C14250,582.0,0.0,0.0,0.0,1,442.0,717.0,1,418.0,552.0,582.0,552.0,2.0,11340.0,54
2023-05-10 21:21:46,ru2401C14250,ru2401C14250,582.0,0.0,0.0,0.0,2,443.0,717.0,1,418.0,552.0,582.0,552.0,2.0,11340.0,54
2023-05-10 21:21:50,ru2401C14250,ru2401C14250,582.0,0.0,0.0,0.0,1,593.0,618.0,1,418.0,552.0,582.0,552.0,2.0,11340.0,54
2023-05-10 21:21:50,ru2401C14250,ru2401C14250,582.0,0.0,0.0,0.0,1,593.0,618.0,1,418.0,552.0,582.0,552.0,2.0,11340.0,54
2023-05-10 21:21:53,ru2401C14250,ru2401C14250,582.0,0.0,0.0,0.0,2,593.0,618.0,2,418.0,552.0,582.0,552.0,2.0,11340.0,54
2023-05-10 21:21:55,ru2401C14250,ru2401C14250,582.0,0.0,0.0,0.0,1,617.0,618.0,2,418.0,552.0,582.0,552.0,2.0,11340.0,54
2023-05-10 21:21:56,ru2401C14250,ru2401C14250,617.0,1.0,6170.0,1.0,1,610.0,618.0,2,418.0,552.0,617.0,552.0,3.0,17510.0,55
2023-05-10 21:21:56,ru2401C14250,ru2401C14250,617.0,0.0,0.0,0.0,2,593.0,618.0,2,418.0,552.0,617.0,552.0,3.0,17510.0,55
2023-05-10 21:21:57,ru2401C14250,ru2401C14250,617.0,0.0,0.0,0.0,2,593.0,618.0,2,418.0,552.0,617.0,552.0,3.0,17510.0,55
2023-05-10 21:22:01,ru2401C14250,ru2401C14250,617.0,0.0,0.0,0.0,1,593.0,618.0,1,418.0,552.0,617.0,552.0,3.0,17510.0,55
2023-05-10 21:22:04,ru2401C14250,ru2401C14250,617.0,0.0,0.0,0.0,1,593.0,618.0,1,418.0,552.0,617.0,552.0,3.0,17510.0,55
2023-05-10 21:22:06,ru2401C14250,ru2401C14250,617.0,0.0,0.0,0.0,1,593.0,618.0,1,418.0,552.0,617.0,552.0,3.0,17510.0,55
2023-05-10 21:22:08,ru2401C14250,ru2401C14250,617.0,0.0,0.0,0.0,1,440.0,718.0,3,418.0,552.0,617.0,552.0,3.0,17510.0,55
2023-05-10 21:22:09,ru2401C14250,ru2401C14250,617.0,0.0,0.0,0.0,3,441.0,718.0,3,418.0,552.0,617.0,552.0,3.0,17510.0,55
2023-05-10 21:22:25,ru2401C14250,ru2401C14250,617.0,0.0,0.0,0.0,3,441.0,718.0,3,418.0,552.0,617.0,552.0,3.0,17510.0,55
2023-05-10 21:23:38,ru2401C14250,ru2401C14250,617.0,0.0,0.0,0.0,3,441.0,718.0,1,418.0,552.0,617.0,552.0,3.0,17510.0,55
2023-05-10 21:27:07,ru2401C14250,ru2401C14250,617.0,0.0,0.0,0.0,1,441.0,718.0,1,418.0,552.0,617.0,552.0,3.0,17510.0,55
2023-05-10 21:28:39,ru2401C14250,ru2401C14250,617.0,0.0,0.0,0.0,2,442.0,718.0,1,418.0,552.0,617.0,552.0,3.0,17510.0,55
2023-05-10 21:28:40,ru2401C14250,ru2401C14250,617.0,0.0,0.0,0.0,1,441.0,718.0,1,418.0,552.0,617.0,552.0,3.0,17510.0,55
2023-05-10 21:30:06,ru2401C14250,ru2401C14250,617.0,0.0,0.0,0.0,1,441.0,666.0,2,418.0,552.0,617.0,552.0,3.0,17510.0,55
2023-05-10 21:30:17,ru2401C14250,ru2401C14250,617.0,0.0,0.0,0.0,1,441.0,666.0,2,418.0,552.0,617.0,552.0,3.0,17510.0,55
2023-05-10 21:30:26,ru2401C14250,ru2401C14250,617.0,0.0,0.0,0.0,1,441.0,666.0,2,418.0,552.0,617.0,552.0,3.0,17510.0,55
2023-05-10 21:32:50,ru2401C14250,ru2401C14250,617.0,0.0,0.0,0.0,1,442.0,666.0,2,418.0,552.0,617.0,552.0,3.0,17510.0,55
2023-05-10 21:33:05,ru2401C14250,ru2401C14250,617.0,0.0,0.0,0.0,2,443.0,666.0,2,418.0,552.0,617.0,552.0,3.0,17510.0,55
2023-05-10 21:33:06,ru2401C14250,ru2401C14250,617.0,0.0,0.0,0.0,2,443.0,666.0,2,418.0,552.0,617.0,552.0,3.0,17510.0,55
2023-05-10 21:33:06,ru2401C14250,ru2401C14250,617.0,0.0,0.0,0.0,1,444.0,666.0,2,418.0,552.0,617.0,552.0,3.0,17510.0,55
2023-05-10 21:33:07,ru2401C14250,ru2401C14250,617.0,0.0,0.0,0.0,2,445.0,666.0,2,418.0,552.0,617.0,552.0,3.0,17510.0,55
2023-05-10 21:33:07,ru2401C14250,ru2401C14250,617.0,0.0,0.0,0.0,2,445.0,666.0,2,418.0,552.0,617.0,552.0,3.0,17510.0,55
2023-05-10 21:33:08,ru2401C14250,ru2401C14250,617.0,0.0,0.0,0.0,1,446.0,666.0,2,418.0,552.0,617.0,552.0,3.0,17510.0,55
2023-05-10 21:33:08,ru2401C14250,ru2401C14250,617.0,0.0,0.0,0.0,1,446.0,666.0,2,418.0,552.0,617.0,552.0,3.0,17510.0,55
2023-05-10 21:34:43,ru2401C14250,ru2401C14250,617.0,0.0,0.0,0.0,1,446.0,0.0,0,418.0,552.0,617.0,552.0,3.0,17510.0,55
2023-05-10 21:34:43,ru2401C14250,ru2401C14250,617.0,0.0,0.0,0.0,2,453.0,1483.0,1,418.0,552.0,617.0,552.0,3.0,17510.0,55
2023-05-10 21:34:44,ru2401C14250,ru2401C14250,617.0,0.0,0.0,0.0,2,453.0,1482.0,1,418.0,552.0,617.0,552.0,3.0,17510.0,55
2023-05-10 21:34:44,ru2401C14250,ru2401C14250,617.0,0.0,0.0,0.0,1,454.0,1479.0,1,418.0,552.0,617.0,552.0,3.0,17510.0,55
2023-05-10 21:34:45,ru2401C14250,ru2401C14250,617.0,0.0,0.0,0.0,2,461.0,1479.0,1,418.0,552.0,617.0,552.0,3.0,17510.0,55
2023-05-10 21:34:45,ru2401C14250,ru2401C14250,617.0,0.0,0.0,0.0,2,461.0,1479.0,1,418.0,552.0,617.0,552.0,3.0,17510.0,55
2023-05-10 21:34:46,ru2401C14250,ru2401C14250,617.0,0.0,0.0,0.0,1,462.0,1471.0,1,418.0,552.0,617.0,552.0,3.0,17510.0,55
2023-05-10 21:34:46,ru2401C14250,ru2401C14250,617.0,0.0,0.0,0.0,2,463.0,1468.0,1,418.0,552.0,617.0,552.0,3.0,17510.0,55
2023-05-10 21:34:47,ru2401C14250,ru2401C14250,617.0,0.0,0.0,0.0,2,463.0,1468.0,1,418.0,552.0,617.0,552.0,3.0,17510.0,55
2023-05-10 21:34:47,ru2401C14250,ru2401C14250,617.0,0.0,0.0,0.0,1,464.0,1468.0,1,418.0,552.0,617.0,552.0,3.0,17510.0,55
2023-05-10 21:34:48,ru2401C14250,ru2401C14250,617.0,0.0,0.0,0.0,2,465.0,1468.0,1,418.0,552.0,617.0,552.0,3.0,17510.0,55
2023-05-10 21:34:48,ru2401C14250,ru2401C14250,617.0,0.0,0.0,0.0,2,465.0,1468.0,1,418.0,552.0,617.0,552.0,3.0,17510.0,55
2023-05-10 21:34:49,ru2401C14250,ru2401C14250,617.0,0.0,0.0,0.0,1,466.0,1468.0,1,418.0,552.0,617.0,552.0,3.0,17510.0,55
2023-05-10 21:34:49,ru2401C14250,ru2401C14250,617.0,0.0,0.0,0.0,2,467.0,1468.0,1,418.0,552.0,617.0,552.0,3.0,17510.0,55
2023-05-10 21:34:50,ru2401C14250,ru2401C14250,617.0,0.0,0.0,0.0,2,467.0,1457.0,1,418.0,552.0,617.0,552.0,3.0,17510.0,55
2023-05-10 21:34:50,ru2401C14250,ru2401C14250,617.0,0.0,0.0,0.0,1,468.0,1454.0,1,418.0,552.0,617.0,552.0,3.0,17510.0,55
2023-05-10 21:34:51,ru2401C14250,ru2401C14250,617.0,0.0,0.0,0.0,2,469.0,1454.0,1,418.0,552.0,617.0,552.0,3.0,17510.0,55
2023-05-10 21:34:51,ru2401C14250,ru2401C14250,617.0,0.0,0.0,0.0,2,469.0,1454.0,1,418.0,552.0,617.0,552.0,3.0,17510.0,55
2023-05-10 21:34:52,ru2401C14250,ru2401C14250,617.0,0.0,0.0,0.0,1,470.0,1454.0,1,418.0,552.0,617.0,552.0,3.0,17510.0,55
2023-05-10 21:34:52,ru2401C14250,ru2401C14250,617.0,0.0,0.0,0.0,1,470.0,1454.0,1,418.0,552.0,617.0,552.0,3.0,17510.0,55
2023-05-10 21:34:56,ru2401C14250,ru2401C14250,617.0,0.0,0.0,0.0,1,470.0,1443.0,1,418.0,552.0,617.0,552.0,3.0,17510.0,55
2023-05-10 21:34:57,ru2401C14250,ru2401C14250,617.0,0.0,0.0,0.0,1,470.0,1440.0,1,418.0,552.0,617.0,552.0,3.0,17510.0,55
2023-05-10 21:34:59,ru2401C14250,ru2401C14250,617.0,0.0,0.0,0.0,1,470.0,1440.0,1,418.0,552.0,617.0,552.0,3.0,17510.0,55
2023-05-10 21:35:02,ru2401C14250,ru2401C14250,617.0,0.0,0.0,0.0,1,470.0,1429.0,1,418.0,552.0,617.0,552.0,3.0,17510.0,55
2023-05-10 21:35:02,ru2401C14250,ru2401C14250,617.0,0.0,0.0,0.0,1,470.0,1426.0,1,418.0,552.0,617.0,552.0,3.0,17510.0,55
2023-05-10 21:35:05,ru2401C14250,ru2401C14250,617.0,0.0,0.0,0.0,1,470.0,1426.0,1,418.0,552.0,617.0,552.0,3.0,17510.0,55
2023-05-10 21:35:10,ru2401C14250,ru2401C14250,617.0,0.0,0.0,0.0,1,470.0,1426.0,1,418.0,552.0,617.0,552.0,3.0,17510.0,55
2023-05-10 21:35:11,ru2401C14250,ru2401C14250,617.0,0.0,0.0,0.0,1,470.0,1415.0,1,418.0,552.0,617.0,552.0,3.0,17510.0,55
2023-05-10 21:35:11,ru2401C14250,ru2401C14250,617.0,0.0,0.0,0.0,1,470.0,1412.0,1,418.0,552.0,617.0,552.0,3.0,17510.0,55
2023-05-10 21:35:13,ru2401C14250,ru2401C14250,617.0,0.0,0.0,0.0,1,470.0,1412.0,1,418.0,552.0,617.0,552.0,3.0,17510.0,55
2023-05-10 21:35:14,ru2401C14250,ru2401C14250,617.0,0.0,0.0,0.0,1,470.0,1401.0,1,418.0,552.0,617.0,552.0,3.0,17510.0,55
2023-05-10 21:35:15,ru2401C14250,ru2401C14250,617.0,0.0,0.0,0.0,1,470.0,1398.0,1,418.0,552.0,617.0,552.0,3.0,17510.0,55
2023-05-10 21:35:20,ru2401C14250,ru2401C14250,617.0,0.0,0.0,0.0,1,470.0,1398.0,1,418.0,552.0,617.0,552.0,3.0,17510.0,55
2023-05-10 21:35:23,ru2401C14250,ru2401C14250,617.0,0.0,0.0,0.0,1,470.0,1387.0,1,418.0,552.0,617.0,552.0,3.0,17510.0,55
2023-05-10 21:35:23,ru2401C14250,ru2401C14250,617.0,0.0,0.0,0.0,1,470.0,1384.0,1,418.0,552.0,617.0,552.0,3.0,17510.0,55
2023-05-10 21:35:26,ru2401C14250,ru2401C14250,617.0,0.0,0.0,0.0,1,470.0,1384.0,1,418.0,552.0,617.0,552.0,3.0,17510.0,55
2023-05-10 21:35:29,ru2401C14250,ru2401C14250,617.0,0.0,0.0,0.0,1,470.0,1373.0,1,418.0,552.0,617.0,552.0,3.0,17510.0,55
2023-05-10 21:35:30,ru2401C14250,ru2401C14250,617.0,0.0,0.0,0.0,1,470.0,1370.0,1,418.0,552.0,617.0,552.0,3.0,17510.0,55
2023-05-10 21:35:38,ru2401C14250,ru2401C14250,617.0,0.0,0.0,0.0,1,470.0,1370.0,1,418.0,552.0,617.0,552.0,3.0,17510.0,55
2023-05-10 21:35:41,ru2401C14250,ru2401C14250,617.0,0.0,0.0,0.0,1,470.0,1359.0,1,418.0,552.0,617.0,552.0,3.0,17510.0,55
2023-05-10 21:35:42,ru2401C14250,ru2401C14250,617.0,0.0,0.0,0.0,1,470.0,1356.0,1,418.0,552.0,617.0,552.0,3.0,17510.0,55
2023-05-10 21:35:44,ru2401C14250,ru2401C14250,617.0,0.0,0.0,0.0,1,470.0,1356.0,1,418.0,552.0,617.0,552.0,3.0,17510.0,55
2023-05-10 21:35:46,ru2401C14250,ru2401C14250,617.0,0.0,0.0,0.0,1,470.0,1345.0,1,418.0,552.0,617.0,552.0,3.0,17510.0,55
2023-05-10 21:35:47,ru2401C14250,ru2401C14250,617.0,0.0,0.0,0.0,1,470.0,1342.0,1,418.0,552.0,617.0,552.0,3.0,17510.0,55
2023-05-10 21:35:48,ru2401C14250,ru2401C14250,617.0,0.0,0.0,0.0,1,470.0,1342.0,1,418.0,552.0,617.0,552.0,3.0,17510.0,55
2023-05-10 21:35:49,ru2401C14250,ru2401C14250,617.0,0.0,0.0,0.0,1,470.0,1331.0,1,418.0,552.0,617.0,552.0,3.0,17510.0,55
2023-05-10 21:35:49,ru2401C14250,ru2401C14250,617.0,0.0,0.0,0.0,1,470.0,1328.0,1,418.0,552.0,617.0,552.0,3.0,17510.0,55
2023-05-10 21:35:52,ru2401C14250,ru2401C14250,617.0,0.0,0.0,0.0,1,470.0,1328.0,1,418.0,552.0,617.0,552.0,3.0,17510.0,55
2023-05-10 21:35:54,ru2401C14250,ru2401C14250,617.0,0.0,0.0,0.0,1,470.0,1317.0,1,418.0,552.0,617.0,552.0,3.0,17510.0,55
2023-05-10 21:35:54,ru2401C14250,ru2401C14250,617.0,0.0,0.0,0.0,1,470.0,1314.0,1,418.0,552.0,617.0,552.0,3.0,17510.0,55
2023-05-10 21:35:56,ru2401C14250,ru2401C14250,617.0,0.0,0.0,0.0,1,470.0,1314.0,1,418.0,552.0,617.0,552.0,3.0,17510.0,55
2023-05-10 21:35:57,ru2401C14250,ru2401C14250,617.0,0.0,0.0,0.0,1,470.0,1303.0,1,418.0,552.0,617.0,552.0,3.0,17510.0,55
2023-05-10 21:35:57,ru2401C14250,ru2401C14250,617.0,0.0,0.0,0.0,1,470.0,1300.0,1,418.0,552.0,617.0,552.0,3.0,17510.0,55
2023-05-10 21:36:00,ru2401C14250,ru2401C14250,617.0,0.0,0.0,0.0,1,470.0,1300.0,1,418.0,552.0,617.0,552.0,3.0,17510.0,55
2023-05-10 21:36:01,ru2401C14250,ru2401C14250,617.0,0.0,0.0,0.0,1,470.0,1289.0,1,418.0,552.0,617.0,552.0,3.0,17510.0,55
2023-05-10 21:36:01,ru2401C14250,ru2401C14250,617.0,0.0,0.0,0.0,1,470.0,1286.0,1,418.0,552.0,617.0,552.0,3.0,17510.0,55
2023-05-10 21:36:03,ru2401C14250,ru2401C14250,617.0,0.0,0.0,0.0,1,470.0,1286.0,1,418.0,552.0,617.0,552.0,3.0,17510.0,55
2023-05-10 21:36:05,ru2401C14250,ru2401C14250,617.0,0.0,0.0,0.0,1,470.0,1286.0,1,418.0,552.0,617.0,552.0,3.0,17510.0,55
2023-05-10 21:36:06,ru2401C14250,ru2401C14250,617.0,0.0,0.0,0.0,1,470.0,1275.0,1,418.0,552.0,617.0,552.0,3.0,17510.0,55
2023-05-10 21:36:06,ru2401C14250,ru2401C14250,617.0,0.0,0.0,0.0,1,470.0,1272.0,1,418.0,552.0,617.0,552.0,3.0,17510.0,55
2023-05-10 21:36:09,ru2401C14250,ru2401C14250,617.0,0.0,0.0,0.0,1,470.0,1272.0,1,418.0,552.0,617.0,552.0,3.0,17510.0,55
2023-05-10 21:36:10,ru2401C14250,ru2401C14250,617.0,0.0,0.0,0.0,1,470.0,1261.0,1,418.0,552.0,617.0,552.0,3.0,17510.0,55
2023-05-10 21:36:10,ru2401C14250,ru2401C14250,617.0,0.0,0.0,0.0,1,470.0,1258.0,1,418.0,552.0,617.0,552.0,3.0,17510.0,55
2023-05-10 21:36:12,ru2401C14250,ru2401C14250,617.0,0.0,0.0,0.0,1,470.0,1258.0,1,418.0,552.0,617.0,552.0,3.0,17510.0,55
2023-05-10 21:36:14,ru2401C14250,ru2401C14250,617.0,0.0,0.0,0.0,1,470.0,1247.0,1,418.0,552.0,617.0,552.0,3.0,17510.0,55
2023-05-10 21:36:15,ru2401C14250,ru2401C14250,617.0,0.0,0.0,0.0,1,470.0,1244.0,1,418.0,552.0,617.0,552.0,3.0,17510.0,55
2023-05-10 21:36:18,ru2401C14250,ru2401C14250,617.0,0.0,0.0,0.0,1,470.0,1244.0,1,418.0,552.0,617.0,552.0,3.0,17510.0,55
2023-05-10 21:36:19,ru2401C14250,ru2401C14250,617.0,0.0,0.0,0.0,1,470.0,1233.0,1,418.0,552.0,617.0,552.0,3.0,17510.0,55
2023-05-10 21:36:20,ru2401C14250,ru2401C14250,617.0,0.0,0.0,0.0,1,470.0,1230.0,1,418.0,552.0,617.0,552.0,3.0,17510.0,55
2023-05-10 21:36:21,ru2401C14250,ru2401C14250,617.0,0.0,0.0,0.0,1,470.0,1230.0,1,418.0,552.0,617.0,552.0,3.0,17510.0,55
2023-05-10 21:36:23,ru2401C14250,ru2401C14250,617.0,0.0,0.0,0.0,1,470.0,1219.0,1,418.0,552.0,617.0,552.0,3.0,17510.0,55
2023-05-10 21:36:23,ru2401C14250,ru2401C14250,617.0,0.0,0.0,0.0,1,470.0,1216.0,1,418.0,552.0,617.0,552.0,3.0,17510.0,55
2023-05-10 21:36:25,ru2401C14250,ru2401C14250,617.0,0.0,0.0,0.0,1,470.0,1216.0,1,418.0,552.0,617.0,552.0,3.0,17510.0,55
2023-05-10 21:36:26,ru2401C14250,ru2401C14250,617.0,0.0,0.0,0.0,1,470.0,1205.0,1,418.0,552.0,617.0,552.0,3.0,17510.0,55
2023-05-10 21:36:27,ru2401C14250,ru2401C14250,617.0,0.0,0.0,0.0,1,470.0,1202.0,1,418.0,552.0,617.0,552.0,3.0,17510.0,55
2023-05-10 21:36:28,ru2401C14250,ru2401C14250,617.0,0.0,0.0,0.0,1,470.0,1202.0,1,418.0,552.0,617.0,552.0,3.0,17510.0,55
2023-05-10 21:36:29,ru2401C14250,ru2401C14250,617.0,0.0,0.0,0.0,1,470.0,1191.0,1,418.0,552.0,617.0,552.0,3.0,17510.0,55
2023-05-10 21:36:30,ru2401C14250,ru2401C14250,617.0,0.0,0.0,0.0,1,470.0,1188.0,1,418.0,552.0,617.0,552.0,3.0,17510.0,55
2023-05-10 21:36:32,ru2401C14250,ru2401C14250,617.0,0.0,0.0,0.0,1,470.0,1188.0,1,418.0,552.0,617.0,552.0,3.0,17510.0,55
2023-05-10 21:36:34,ru2401C14250,ru2401C14250,617.0,0.0,0.0,0.0,1,470.0,1177.0,1,418.0,552.0,617.0,552.0,3.0,17510.0,55
2023-05-10 21:36:35,ru2401C14250,ru2401C14250,617.0,0.0,0.0,0.0,1,470.0,1174.0,1,418.0,552.0,617.0,552.0,3.0,17510.0,55
2023-05-10 21:36:36,ru2401C14250,ru2401C14250,617.0,0.0,0.0,0.0,1,470.0,1174.0,1,418.0,552.0,617.0,552.0,3.0,17510.0,55
2023-05-10 21:36:37,ru2401C14250,ru2401C14250,617.0,0.0,0.0,0.0,1,470.0,1163.0,1,418.0,552.0,617.0,552.0,3.0,17510.0,55
2023-05-10 21:36:38,ru2401C14250,ru2401C14250,617.0,0.0,0.0,0.0,1,470.0,1160.0,1,418.0,552.0,617.0,552.0,3.0,17510.0,55
2023-05-10 21:36:39,ru2401C14250,ru2401C14250,617.0,0.0,0.0,0.0,1,470.0,1160.0,1,418.0,552.0,617.0,552.0,3.0,17510.0,55
2023-05-10 21:36:40,ru2401C14250,ru2401C14250,617.0,0.0,0.0,0.0,1,470.0,1149.0,1,418.0,552.0,617.0,552.0,3.0,17510.0,55
2023-05-10 21:36:41,ru2401C14250,ru2401C14250,617.0,0.0,0.0,0.0,1,470.0,1146.0,1,418.0,552.0,617.0,552.0,3.0,17510.0,55
2023-05-10 21:36:42,ru2401C14250,ru2401C14250,617.0,0.0,0.0,0.0,1,470.0,1146.0,1,418.0,552.0,617.0,552.0,3.0,17510.0,55
2023-05-10 21:36:43,ru2401C14250,ru2401C14250,617.0,0.0,0.0,0.0,1,470.0,1135.0,1,418.0,552.0,617.0,552.0,3.0,17510.0,55
2023-05-10 21:36:44,ru2401C14250,ru2401C14250,617.0,0.0,0.0,0.0,1,470.0,1132.0,1,418.0,552.0,617.0,552.0,3.0,17510.0,55
2023-05-10 21:36:45,ru2401C14250,ru2401C14250,617.0,0.0,0.0,0.0,1,470.0,1132.0,1,418.0,552.0,617.0,552.0,3.0,17510.0,55
2023-05-10 21:36:46,ru2401C14250,ru2401C14250,617.0,0.0,0.0,0.0,1,470.0,1121.0,1,418.0,552.0,617.0,552.0,3.0,17510.0,55
2023-05-10 21:36:47,ru2401C14250,ru2401C14250,617.0,0.0,0.0,0.0,1,470.0,1118.0,1,418.0,552.0,617.0,552.0,3.0,17510.0,55
2023-05-10 21:36:48,ru2401C14250,ru2401C14250,617.0,0.0,0.0,0.0,1,470.0,1118.0,1,418.0,552.0,617.0,552.0,3.0,17510.0,55
2023-05-10 21:36:50,ru2401C14250,ru2401C14250,617.0,0.0,0.0,0.0,1,470.0,1107.0,1,418.0,552.0,617.0,552.0,3.0,17510.0,55
2023-05-10 21:36:50,ru2401C14250,ru2401C14250,617.0,0.0,0.0,0.0,1,470.0,1104.0,1,418.0,552.0,617.0,552.0,3.0,17510.0,55
2023-05-10 21:36:52,ru2401C14250,ru2401C14250,617.0,0.0,0.0,0.0,1,470.0,1104.0,1,418.0,552.0,617.0,552.0,3.0,17510.0,55
2023-05-10 21:36:53,ru2401C14250,ru2401C14250,617.0,0.0,0.0,0.0,1,470.0,1093.0,1,418.0,552.0,617.0,552.0,3.0,17510.0,55
2023-05-10 21:36:53,ru2401C14250,ru2401C14250,617.0,0.0,0.0,0.0,1,470.0,1090.0,1,418.0,552.0,617.0,552.0,3.0,17510.0,55
2023-05-10 21:36:55,ru2401C14250,ru2401C14250,617.0,0.0,0.0,0.0,1,470.0,1090.0,1,418.0,552.0,617.0,552.0,3.0,17510.0,55
2023-05-10 21:36:56,ru2401C14250,ru2401C14250,617.0,0.0,0.0,0.0,1,470.0,1079.0,1,418.0,552.0,617.0,552.0,3.0,17510.0,55
2023-05-10 21:36:57,ru2401C14250,ru2401C14250,617.0,0.0,0.0,0.0,1,470.0,1076.0,1,418.0,552.0,617.0,552.0,3.0,17510.0,55
2023-05-10 21:36:58,ru2401C14250,ru2401C14250,617.0,0.0,0.0,0.0,1,470.0,1076.0,1,418.0,552.0,617.0,552.0,3.0,17510.0,55
2023-05-10 21:37:00,ru2401C14250,ru2401C14250,617.0,0.0,0.0,0.0,1,470.0,1065.0,1,418.0,552.0,617.0,552.0,3.0,17510.0,55
2023-05-10 21:37:00,ru2401C14250,ru2401C14250,617.0,0.0,0.0,0.0,1,470.0,1062.0,1,418.0,552.0,617.0,552.0,3.0,17510.0,55
2023-05-10 21:37:02,ru2401C14250,ru2401C14250,617.0,0.0,0.0,0.0,1,470.0,1062.0,1,418.0,552.0,617.0,552.0,3.0,17510.0,55
2023-05-10 21:37:03,ru2401C14250,ru2401C14250,617.0,0.0,0.0,0.0,1,470.0,1051.0,1,418.0,552.0,617.0,552.0,3.0,17510.0,55
2023-05-10 21:37:03,ru2401C14250,ru2401C14250,617.0,0.0,0.0,0.0,1,470.0,1048.0,1,418.0,552.0,617.0,552.0,3.0,17510.0,55
2023-05-10 21:37:06,ru2401C14250,ru2401C14250,617.0,0.0,0.0,0.0,1,470.0,1048.0,1,418.0,552.0,617.0,552.0,3.0,17510.0,55
2023-05-10 21:37:06,ru2401C14250,ru2401C14250,617.0,0.0,0.0,0.0,1,470.0,1037.0,1,418.0,552.0,617.0,552.0,3.0,17510.0,55
2023-05-10 21:37:07,ru2401C14250,ru2401C14250,617.0,0.0,0.0,0.0,1,470.0,1034.0,1,418.0,552.0,617.0,552.0,3.0,17510.0,55
2023-05-10 21:37:08,ru2401C14250,ru2401C14250,617.0,0.0,0.0,0.0,1,470.0,1034.0,1,418.0,552.0,617.0,552.0,3.0,17510.0,55
2023-05-10 21:37:09,ru2401C14250,ru2401C14250,617.0,0.0,0.0,0.0,1,470.0,1023.0,1,418.0,552.0,617.0,552.0,3.0,17510.0,55
2023-05-10 21:37:09,ru2401C14250,ru2401C14250,617.0,0.0,0.0,0.0,1,470.0,1020.0,1,418.0,552.0,617.0,552.0,3.0,17510.0,55
2023-05-10 21:37:13,ru2401C14250,ru2401C14250,617.0,0.0,0.0,0.0,1,470.0,1020.0,1,418.0,552.0,617.0,552.0,3.0,17510.0,55
2023-05-10 21:37:13,ru2401C14250,ru2401C14250,617.0,0.0,0.0,0.0,1,470.0,1009.0,1,418.0,552.0,617.0,552.0,3.0,17510.0,55
2023-05-10 21:37:14,ru2401C14250,ru2401C14250,617.0,0.0,0.0,0.0,1,470.0,1006.0,1,418.0,552.0,617.0,552.0,3.0,17510.0,55
2023-05-10 21:37:15,ru2401C14250,ru2401C14250,617.0,0.0,0.0,0.0,1,470.0,1006.0,1,418.0,552.0,617.0,552.0,3.0,17510.0,55
2023-05-10 21:37:16,ru2401C14250,ru2401C14250,617.0,0.0,0.0,0.0,1,470.0,995.0,1,418.0,552.0,617.0,552.0,3.0,17510.0,55
2023-05-10 21:37:17,ru2401C14250,ru2401C14250,617.0,0.0,0.0,0.0,1,470.0,992.0,1,418.0,552.0,617.0,552.0,3.0,17510.0,55
2023-05-10 21:37:18,ru2401C14250,ru2401C14250,617.0,0.0,0.0,0.0,1,470.0,992.0,1,418.0,552.0,617.0,552.0,3.0,17510.0,55
2023-05-10 21:37:19,ru2401C14250,ru2401C14250,617.0,0.0,0.0,0.0,1,470.0,981.0,1,418.0,552.0,617.0,552.0,3.0,17510.0,55
2023-05-10 21:37:20,ru2401C14250,ru2401C14250,617.0,0.0,0.0,0.0,1,470.0,978.0,1,418.0,552.0,617.0,552.0,3.0,17510.0,55
2023-05-10 21:37:21,ru2401C14250,ru2401C14250,617.0,0.0,0.0,0.0,1,470.0,978.0,1,418.0,552.0,617.0,552.0,3.0,17510.0,55
2023-05-10 21:37:22,ru2401C14250,ru2401C14250,617.0,0.0,0.0,0.0,1,470.0,967.0,1,418.0,552.0,617.0,552.0,3.0,17510.0,55
2023-05-10 21:37:22,ru2401C14250,ru2401C14250,617.0,0.0,0.0,0.0,1,470.0,964.0,1,418.0,552.0,617.0,552.0,3.0,17510.0,55
2023-05-10 21:37:24,ru2401C14250,ru2401C14250,617.0,0.0,0.0,0.0,1,470.0,964.0,1,418.0,552.0,617.0,552.0,3.0,17510.0,55
2023-05-10 21:37:24,ru2401C14250,ru2401C14250,617.0,0.0,0.0,0.0,1,470.0,953.0,1,418.0,552.0,617.0,552.0,3.0,17510.0,55
2023-05-10 21:37:25,ru2401C14250,ru2401C14250,617.0,0.0,0.0,0.0,1,470.0,950.0,1,418.0,552.0,617.0,552.0,3.0,17510.0,55
2023-05-10 21:37:26,ru2401C14250,ru2401C14250,617.0,0.0,0.0,0.0,1,470.0,950.0,1,418.0,552.0,617.0,552.0,3.0,17510.0,55
2023-05-10 21:37:27,ru2401C14250,ru2401C14250,617.0,0.0,0.0,0.0,1,470.0,939.0,1,418.0,552.0,617.0,552.0,3.0,17510.0,55
2023-05-10 21:37:28,ru2401C14250,ru2401C14250,617.0,0.0,0.0,0.0,1,470.0,936.0,1,418.0,552.0,617.0,552.0,3.0,17510.0,55
2023-05-10 21:37:29,ru2401C14250,ru2401C14250,617.0,0.0,0.0,0.0,1,470.0,936.0,1,418.0,552.0,617.0,552.0,3.0,17510.0,55
2023-05-10 21:37:30,ru2401C14250,ru2401C14250,617.0,0.0,0.0,0.0,1,470.0,925.0,1,418.0,552.0,617.0,552.0,3.0,17510.0,55
2023-05-10 21:37:31,ru2401C14250,ru2401C14250,617.0,0.0,0.0,0.0,1,470.0,922.0,1,418.0,552.0,617.0,552.0,3.0,17510.0,55
2023-05-10 21:37:32,ru2401C14250,ru2401C14250,617.0,0.0,0.0,0.0,1,470.0,922.0,1,418.0,552.0,617.0,552.0,3.0,17510.0,55
2023-05-10 21:37:33,ru2401C14250,ru2401C14250,617.0,0.0,0.0,0.0,1,470.0,911.0,1,418.0,552.0,617.0,552.0,3.0,17510.0,55
2023-05-10 21:37:34,ru2401C14250,ru2401C14250,617.0,0.0,0.0,0.0,1,470.0,908.0,1,418.0,552.0,617.0,552.0,3.0,17510.0,55
2023-05-10 21:37:35,ru2401C14250,ru2401C14250,617.0,0.0,0.0,0.0,1,470.0,908.0,1,418.0,552.0,617.0,552.0,3.0,17510.0,55
2023-05-10 21:37:36,ru2401C14250,ru2401C14250,617.0,0.0,0.0,0.0,1,470.0,897.0,1,418.0,552.0,617.0,552.0,3.0,17510.0,55
2023-05-10 21:37:37,ru2401C14250,ru2401C14250,617.0,0.0,0.0,0.0,1,470.0,894.0,1,418.0,552.0,617.0,552.0,3.0,17510.0,55
2023-05-10 21:37:37,ru2401C14250,ru2401C14250,617.0,0.0,0.0,0.0,1,470.0,894.0,1,418.0,552.0,617.0,552.0,3.0,17510.0,55
2023-05-10 21:37:39,ru2401C14250,ru2401C14250,617.0,0.0,0.0,0.0,1,470.0,883.0,1,418.0,552.0,617.0,552.0,3.0,17510.0,55
2023-05-10 21:37:39,ru2401C14250,ru2401C14250,617.0,0.0,0.0,0.0,1,470.0,880.0,1,418.0,552.0,617.0,552.0,3.0,17510.0,55
2023-05-10 21:37:41,ru2401C14250,ru2401C14250,617.0,0.0,0.0,0.0,1,470.0,880.0,1,418.0,552.0,617.0,552.0,3.0,17510.0,55
2023-05-10 21:37:42,ru2401C14250,ru2401C14250,617.0,0.0,0.0,0.0,1,470.0,869.0,1,418.0,552.0,617.0,552.0,3.0,17510.0,55
2023-05-10 21:37:42,ru2401C14250,ru2401C14250,617.0,0.0,0.0,0.0,1,470.0,866.0,1,418.0,552.0,617.0,552.0,3.0,17510.0,55
2023-05-10 21:37:44,ru2401C14250,ru2401C14250,617.0,0.0,0.0,0.0,1,470.0,855.0,1,418.0,552.0,617.0,552.0,3.0,17510.0,55
2023-05-10 21:37:44,ru2401C14250,ru2401C14250,617.0,0.0,0.0,0.0,1,470.0,852.0,1,418.0,552.0,617.0,552.0,3.0,17510.0,55
2023-05-10 21:37:46,ru2401C14250,ru2401C14250,617.0,0.0,0.0,0.0,1,470.0,852.0,1,418.0,552.0,617.0,552.0,3.0,17510.0,55
2023-05-10 21:37:47,ru2401C14250,ru2401C14250,617.0,0.0,0.0,0.0,1,470.0,841.0,1,418.0,552.0,617.0,552.0,3.0,17510.0,55
2023-05-10 21:37:47,ru2401C14250,ru2401C14250,617.0,0.0,0.0,0.0,1,470.0,838.0,1,418.0,552.0,617.0,552.0,3.0,17510.0,55
2023-05-10 21:37:48,ru2401C14250,ru2401C14250,617.0,0.0,0.0,0.0,1,470.0,838.0,1,418.0,552.0,617.0,552.0,3.0,17510.0,55
2023-05-10 21:37:49,ru2401C14250,ru2401C14250,617.0,0.0,0.0,0.0,1,470.0,827.0,1,418.0,552.0,617.0,552.0,3.0,17510.0,55
2023-05-10 21:37:50,ru2401C14250,ru2401C14250,617.0,0.0,0.0,0.0,1,470.0,827.0,1,418.0,552.0,617.0,552.0,3.0,17510.0,55
2023-05-10 21:39:48,ru2401C14250,ru2401C14250,617.0,0.0,0.0,0.0,1,470.0,787.0,1,418.0,552.0,617.0,552.0,3.0,17510.0,55
2023-05-10 21:39:51,ru2401C14250,ru2401C14250,617.0,0.0,0.0,0.0,1,470.0,787.0,1,418.0,552.0,617.0,552.0,3.0,17510.0,55
2023-05-10 21:55:54,ru2401C14250,ru2401C14250,617.0,0.0,0.0,0.0,2,483.0,787.0,1,418.0,552.0,617.0,552.0,3.0,17510.0,55
2023-05-10 21:55:54,ru2401C14250,ru2401C14250,617.0,0.0,0.0,0.0,2,483.0,787.0,1,418.0,552.0,617.0,552.0,3.0,17510.0,55
2023-05-10 21:55:55,ru2401C14250,ru2401C14250,617.0,0.0,0.0,0.0,1,484.0,787.0,1,418.0,552.0,617.0,552.0,3.0,17510.0,55
2023-05-10 21:56:35,ru2401C14250,ru2401C14250,617.0,0.0,0.0,0.0,1,484.0,617.0,1,418.0,552.0,617.0,552.0,3.0,17510.0,55
2023-05-10 21:56:41,ru2401C14250,ru2401C14250,617.0,0.0,0.0,0.0,1,485.0,616.0,1,418.0,552.0,617.0,552.0,3.0,17510.0,55
2023-05-10 21:56:41,ru2401C14250,ru2401C14250,617.0,0.0,0.0,0.0,1,485.0,616.0,1,418.0,552.0,617.0,552.0,3.0,17510.0,55
2023-05-10 21:56:42,ru2401C14250,ru2401C14250,617.0,0.0,0.0,0.0,1,486.0,616.0,1,418.0,552.0,617.0,552.0,3.0,17510.0,55
2023-05-10 21:56:45,ru2401C14250,ru2401C14250,617.0,0.0,0.0,0.0,1,530.0,552.0,1,418.0,552.0,617.0,552.0,3.0,17510.0,55
2023-05-10 21:56:45,ru2401C14250,ru2401C14250,617.0,0.0,0.0,0.0,2,530.0,552.0,2,418.0,552.0,617.0,552.0,3.0,17510.0,55
2023-05-10 21:56:46,ru2401C14250,ru2401C14250,617.0,0.0,0.0,0.0,2,530.0,552.0,2,418.0,552.0,617.0,552.0,3.0,17510.0,55
2023-05-10 21:56:48,ru2401C14250,ru2401C14250,577.0,1.0,5770.0,1.0,2,530.0,552.0,1,418.0,552.0,617.0,552.0,4.0,23280.0,56
2023-05-10 21:56:48,ru2401C14250,ru2401C14250,577.0,0.0,0.0,0.0,3,530.0,552.0,1,418.0,552.0,617.0,552.0,4.0,23280.0,56
2023-05-10 21:56:49,ru2401C14250,ru2401C14250,577.0,0.0,0.0,0.0,4,530.0,552.0,1,418.0,552.0,617.0,552.0,4.0,23280.0,56
2023-05-10 21:56:53,ru2401C14250,ru2401C14250,577.0,0.0,0.0,0.0,4,530.0,552.0,1,418.0,552.0,617.0,552.0,4.0,23280.0,56
2023-05-10 21:56:56,ru2401C14250,ru2401C14250,577.0,0.0,0.0,0.0,3,530.0,552.0,1,418.0,552.0,617.0,552.0,4.0,23280.0,56
2023-05-10 21:56:57,ru2401C14250,ru2401C14250,577.0,0.0,0.0,0.0,2,530.0,559.0,1,418.0,552.0,617.0,552.0,4.0,23280.0,56
2023-05-10 21:56:58,ru2401C14250,ru2401C14250,577.0,0.0,0.0,0.0,2,530.0,559.0,1,418.0,552.0,617.0,552.0,4.0,23280.0,56
2023-05-10 21:56:59,ru2401C14250,ru2401C14250,577.0,0.0,0.0,0.0,2,530.0,559.0,1,418.0,552.0,617.0,552.0,4.0,23280.0,56
2023-05-10 21:57:00,ru2401C14250,ru2401C14250,577.0,0.0,0.0,0.0,1,530.0,582.0,1,418.0,552.0,617.0,552.0,4.0,23280.0,56
2023-05-10 21:57:01,ru2401C14250,ru2401C14250,577.0,0.0,0.0,0.0,1,417.0,787.0,1,418.0,552.0,617.0,552.0,4.0,23280.0,56
2023-05-10 21:57:01,ru2401C14250,ru2401C14250,577.0,0.0,0.0,0.0,2,430.0,786.0,1,418.0,552.0,617.0,552.0,4.0,23280.0,56
2023-05-10 21:57:02,ru2401C14250,ru2401C14250,577.0,0.0,0.0,0.0,2,430.0,786.0,1,418.0,552.0,617.0,552.0,4.0,23280.0,56
2023-05-10 21:57:02,ru2401C14250,ru2401C14250,577.0,0.0,0.0,0.0,1,431.0,786.0,1,418.0,552.0,617.0,552.0,4.0,23280.0,56
2023-05-10 21:57:03,ru2401C14250,ru2401C14250,577.0,0.0,0.0,0.0,2,438.0,786.0,1,418.0,552.0,617.0,552.0,4.0,23280.0,56
2023-05-10 21:57:03,ru2401C14250,ru2401C14250,577.0,0.0,0.0,0.0,2,438.0,786.0,1,418.0,552.0,617.0,552.0,4.0,23280.0,56
2023-05-10 21:57:04,ru2401C14250,ru2401C14250,577.0,0.0,0.0,0.0,1,439.0,786.0,1,418.0,552.0,617.0,552.0,4.0,23280.0,56
2023-05-10 21:57:04,ru2401C14250,ru2401C14250,577.0,0.0,0.0,0.0,2,440.0,786.0,1,418.0,552.0,617.0,552.0,4.0,23280.0,56
2023-05-10 21:57:05,ru2401C14250,ru2401C14250,577.0,0.0,0.0,0.0,2,440.0,786.0,1,418.0,552.0,617.0,552.0,4.0,23280.0,56
2023-05-10 21:57:05,ru2401C14250,ru2401C14250,577.0,0.0,0.0,0.0,1,441.0,786.0,1,418.0,552.0,617.0,552.0,4.0,23280.0,56
2023-05-10 21:57:06,ru2401C14250,ru2401C14250,577.0,0.0,0.0,0.0,2,442.0,786.0,1,418.0,552.0,617.0,552.0,4.0,23280.0,56
2023-05-10 21:57:06,ru2401C14250,ru2401C14250,577.0,0.0,0.0,0.0,2,442.0,786.0,1,418.0,552.0,617.0,552.0,4.0,23280.0,56
2023-05-10 21:57:07,ru2401C14250,ru2401C14250,577.0,0.0,0.0,0.0,1,443.0,786.0,1,418.0,552.0,617.0,552.0,4.0,23280.0,56
2023-05-10 21:57:07,ru2401C14250,ru2401C14250,577.0,0.0,0.0,0.0,2,444.0,786.0,1,418.0,552.0,617.0,552.0,4.0,23280.0,56
2023-05-10 21:57:08,ru2401C14250,ru2401C14250,577.0,0.0,0.0,0.0,2,444.0,786.0,1,418.0,552.0,617.0,552.0,4.0,23280.0,56
2023-05-10 21:57:08,ru2401C14250,ru2401C14250,577.0,0.0,0.0,0.0,1,445.0,786.0,1,418.0,552.0,617.0,552.0,4.0,23280.0,56
2023-05-10 21:57:09,ru2401C14250,ru2401C14250,577.0,0.0,0.0,0.0,1,445.0,786.0,1,418.0,552.0,617.0,552.0,4.0,23280.0,56
2023-05-10 21:58:26,ru2401C14250,ru2401C14250,577.0,0.0,0.0,0.0,1,446.0,785.0,1,418.0,552.0,617.0,552.0,4.0,23280.0,56
2023-05-10 21:58:26,ru2401C14250,ru2401C14250,577.0,0.0,0.0,0.0,1,446.0,785.0,1,418.0,552.0,617.0,552.0,4.0,23280.0,56
2023-05-10 21:58:27,ru2401C14250,ru2401C14250,577.0,0.0,0.0,0.0,1,447.0,785.0,1,418.0,552.0,617.0,552.0,4.0,23280.0,56
2023-05-10 21:58:30,ru2401C14250,ru2401C14250,577.0,0.0,0.0,0.0,1,530.0,552.0,1,418.0,552.0,617.0,552.0,4.0,23280.0,56
2023-05-10 21:58:30,ru2401C14250,ru2401C14250,577.0,0.0,0.0,0.0,2,530.0,552.0,2,418.0,552.0,617.0,552.0,4.0,23280.0,56
2023-05-10 21:58:31,ru2401C14250,ru2401C14250,577.0,0.0,0.0,0.0,2,530.0,552.0,2,418.0,552.0,617.0,552.0,4.0,23280.0,56
2023-05-10 21:58:32,ru2401C14250,ru2401C14250,577.0,1.0,5770.0,1.0,2,530.0,552.0,1,418.0,552.0,617.0,552.0,5.0,29050.0,57
2023-05-10 21:58:33,ru2401C14250,ru2401C14250,577.0,0.0,0.0,0.0,3,530.0,552.0,1,418.0,552.0,617.0,552.0,5.0,29050.0,57
2023-05-10 21:58:34,ru2401C14250,ru2401C14250,577.0,0.0,0.0,0.0,4,530.0,552.0,1,418.0,552.0,617.0,552.0,5.0,29050.0,57
2023-05-10 21:58:38,ru2401C14250,ru2401C14250,577.0,0.0,0.0,0.0,4,530.0,552.0,1,418.0,552.0,617.0,552.0,5.0,29050.0,57
2023-05-10 21:58:41,ru2401C14250,ru2401C14250,577.0,0.0,0.0,0.0,3,530.0,552.0,1,418.0,552.0,617.0,552.0,5.0,29050.0,57
2023-05-10 21:58:42,ru2401C14250,ru2401C14250,577.0,0.0,0.0,0.0,3,530.0,552.0,1,418.0,552.0,617.0,552.0,5.0,29050.0,57
2023-05-10 21:58:42,ru2401C14250,ru2401C14250,577.0,0.0,0.0,0.0,2,530.0,559.0,1,418.0,552.0,617.0,552.0,5.0,29050.0,57
2023-05-10 21:58:43,ru2401C14250,ru2401C14250,577.0,0.0,0.0,0.0,2,530.0,559.0,1,418.0,552.0,617.0,552.0,5.0,29050.0,57
2023-05-10 21:58:45,ru2401C14250,ru2401C14250,577.0,0.0,0.0,0.0,1,530.0,585.0,1,418.0,552.0,617.0,552.0,5.0,29050.0,57
2023-05-10 21:58:46,ru2401C14250,ru2401C14250,577.0,0.0,0.0,0.0,1,417.0,786.0,1,418.0,552.0,617.0,552.0,5.0,29050.0,57
2023-05-10 21:58:46,ru2401C14250,ru2401C14250,577.0,0.0,0.0,0.0,2,430.0,786.0,1,418.0,552.0,617.0,552.0,5.0,29050.0,57
2023-05-10 21:58:47,ru2401C14250,ru2401C14250,577.0,0.0,0.0,0.0,2,430.0,786.0,1,418.0,552.0,617.0,552.0,5.0,29050.0,57
2023-05-10 21:58:47,ru2401C14250,ru2401C14250,577.0,0.0,0.0,0.0,1,431.0,786.0,1,418.0,552.0,617.0,552.0,5.0,29050.0,57
2023-05-10 21:58:48,ru2401C14250,ru2401C14250,577.0,0.0,0.0,0.0,2,438.0,786.0,1,418.0,552.0,617.0,552.0,5.0,29050.0,57
2023-05-10 21:58:48,ru2401C14250,ru2401C14250,577.0,0.0,0.0,0.0,2,438.0,786.0,1,418.0,552.0,617.0,552.0,5.0,29050.0,57
2023-05-10 21:58:49,ru2401C14250,ru2401C14250,577.0,0.0,0.0,0.0,1,439.0,786.0,1,418.0,552.0,617.0,552.0,5.0,29050.0,57
2023-05-10 21:58:49,ru2401C14250,ru2401C14250,577.0,0.0,0.0,0.0,2,440.0,786.0,1,418.0,552.0,617.0,552.0,5.0,29050.0,57
2023-05-10 21:58:50,ru2401C14250,ru2401C14250,577.0,0.0,0.0,0.0,2,440.0,786.0,1,418.0,552.0,617.0,552.0,5.0,29050.0,57
2023-05-10 21:58:50,ru2401C14250,ru2401C14250,577.0,0.0,0.0,0.0,1,441.0,786.0,1,418.0,552.0,617.0,552.0,5.0,29050.0,57
2023-05-10 21:58:51,ru2401C14250,ru2401C14250,577.0,0.0,0.0,0.0,2,442.0,786.0,1,418.0,552.0,617.0,552.0,5.0,29050.0,57
2023-05-10 21:58:51,ru2401C14250,ru2401C14250,577.0,0.0,0.0,0.0,2,442.0,786.0,1,418.0,552.0,617.0,552.0,5.0,29050.0,57
2023-05-10 21:58:52,ru2401C14250,ru2401C14250,577.0,0.0,0.0,0.0,1,443.0,786.0,1,418.0,552.0,617.0,552.0,5.0,29050.0,57
2023-05-10 21:58:52,ru2401C14250,ru2401C14250,577.0,0.0,0.0,0.0,2,444.0,786.0,1,418.0,552.0,617.0,552.0,5.0,29050.0,57
2023-05-10 21:58:53,ru2401C14250,ru2401C14250,577.0,0.0,0.0,0.0,2,444.0,786.0,1,418.0,552.0,617.0,552.0,5.0,29050.0,57
2023-05-10 21:58:53,ru2401C14250,ru2401C14250,577.0,0.0,0.0,0.0,1,445.0,786.0,1,418.0,552.0,617.0,552.0,5.0,29050.0,57
2023-05-10 21:58:54,ru2401C14250,ru2401C14250,577.0,0.0,0.0,0.0,1,445.0,786.0,1,418.0,552.0,617.0,552.0,5.0,29050.0,57
2023-05-10 21:59:25,ru2401C14250,ru2401C14250,577.0,0.0,0.0,0.0,1,445.0,576.0,1,418.0,552.0,617.0,552.0,5.0,29050.0,57
2023-05-10 21:59:27,ru2401C14250,ru2401C14250,577.0,1.0,5770.0,1.0,1,445.0,594.0,1,418.0,552.0,617.0,552.0,6.0,34820.0,58
2023-05-10 21:59:30,ru2401C14250,ru2401C14250,577.0,0.0,0.0,0.0,1,445.0,594.0,1,418.0,552.0,617.0,552.0,6.0,34820.0,58
2023-05-10 21:59:34,ru2401C14250,ru2401C14250,577.0,0.0,0.0,0.0,1,531.0,553.0,1,418.0,552.0,617.0,552.0,6.0,34820.0,58
2023-05-10 21:59:34,ru2401C14250,ru2401C14250,577.0,0.0,0.0,0.0,2,531.0,553.0,2,418.0,552.0,617.0,552.0,6.0,34820.0,58
2023-05-10 21:59:35,ru2401C14250,ru2401C14250,577.0,0.0,0.0,0.0,3,531.0,553.0,3,418.0,552.0,617.0,552.0,6.0,34820.0,58
2023-05-10 21:59:35,ru2401C14250,ru2401C14250,577.0,0.0,0.0,0.0,3,531.0,553.0,3,418.0,552.0,617.0,552.0,6.0,34820.0,58
2023-05-10 21:59:37,ru2401C14250,ru2401C14250,553.0,1.0,5530.0,0.0,3,531.0,553.0,2,418.0,552.0,617.0,552.0,7.0,40350.0,58
2023-05-10 21:59:37,ru2401C14250,ru2401C14250,553.0,0.0,0.0,0.0,4,531.0,553.0,2,418.0,552.0,617.0,552.0,7.0,40350.0,58
2023-05-10 21:59:38,ru2401C14250,ru2401C14250,553.0,0.0,0.0,0.0,4,531.0,553.0,2,418.0,552.0,617.0,552.0,7.0,40350.0,58
2023-05-10 21:59:43,ru2401C14250,ru2401C14250,553.0,0.0,0.0,0.0,4,531.0,553.0,2,418.0,552.0,617.0,552.0,7.0,40350.0,58
2023-05-10 21:59:45,ru2401C14250,ru2401C14250,553.0,0.0,0.0,0.0,3,531.0,553.0,2,418.0,552.0,617.0,552.0,7.0,40350.0,58
2023-05-10 21:59:46,ru2401C14250,ru2401C14250,553.0,0.0,0.0,0.0,2,531.0,553.0,1,418.0,552.0,617.0,552.0,7.0,40350.0,58
2023-05-10 21:59:46,ru2401C14250,ru2401C14250,553.0,0.0,0.0,0.0,1,531.0,563.0,2,418.0,552.0,617.0,552.0,7.0,40350.0,58
2023-05-10 21:59:47,ru2401C14250,ru2401C14250,553.0,0.0,0.0,0.0,1,531.0,575.0,1,418.0,552.0,617.0,552.0,7.0,40350.0,58
2023-05-10 21:59:47,ru2401C14250,ru2401C14250,553.0,0.0,0.0,0.0,1,531.0,583.0,1,418.0,552.0,617.0,552.0,7.0,40350.0,58
2023-05-10 21:59:48,ru2401C14250,ru2401C14250,553.0,0.0,0.0,0.0,1,417.0,786.0,1,418.0,552.0,617.0,552.0,7.0,40350.0,58
2023-05-10 21:59:48,ru2401C14250,ru2401C14250,553.0,0.0,0.0,0.0,2,430.0,786.0,1,418.0,552.0,617.0,552.0,7.0,40350.0,58
2023-05-10 21:59:49,ru2401C14250,ru2401C14250,553.0,0.0,0.0,0.0,2,430.0,786.0,1,418.0,552.0,617.0,552.0,7.0,40350.0,58
2023-05-10 21:59:50,ru2401C14250,ru2401C14250,553.0,0.0,0.0,0.0,1,431.0,786.0,1,418.0,552.0,617.0,552.0,7.0,40350.0,58
2023-05-10 21:59:50,ru2401C14250,ru2401C14250,553.0,0.0,0.0,0.0,2,438.0,786.0,1,418.0,552.0,617.0,552.0,7.0,40350.0,58
2023-05-10 21:59:51,ru2401C14250,ru2401C14250,553.0,0.0,0.0,0.0,2,438.0,786.0,1,418.0,552.0,617.0,552.0,7.0,40350.0,58
2023-05-10 21:59:51,ru2401C14250,ru2401C14250,553.0,0.0,0.0,0.0,1,439.0,786.0,1,418.0,552.0,617.0,552.0,7.0,40350.0,58
2023-05-10 21:59:52,ru2401C14250,ru2401C14250,553.0,0.0,0.0,0.0,2,440.0,786.0,1,418.0,552.0,617.0,552.0,7.0,40350.0,58
2023-05-10 21:59:52,ru2401C14250,ru2401C14250,553.0,0.0,0.0,0.0,2,440.0,786.0,1,418.0,552.0,617.0,552.0,7.0,40350.0,58
2023-05-10 21:59:53,ru2401C14250,ru2401C14250,553.0,0.0,0.0,0.0,1,441.0,786.0,1,418.0,552.0,617.0,552.0,7.0,40350.0,58
2023-05-10 21:59:53,ru2401C14250,ru2401C14250,553.0,0.0,0.0,0.0,2,442.0,786.0,1,418.0,552.0,617.0,552.0,7.0,40350.0,58
2023-05-10 21:59:54,ru2401C14250,ru2401C14250,553.0,0.0,0.0,0.0,2,442.0,786.0,1,418.0,552.0,617.0,552.0,7.0,40350.0,58
2023-05-10 21:59:54,ru2401C14250,ru2401C14250,553.0,0.0,0.0,0.0,1,443.0,786.0,1,418.0,552.0,617.0,552.0,7.0,40350.0,58
2023-05-10 21:59:55,ru2401C14250,ru2401C14250,553.0,0.0,0.0,0.0,2,444.0,786.0,1,418.0,552.0,617.0,552.0,7.0,40350.0,58
2023-05-10 21:59:55,ru2401C14250,ru2401C14250,553.0,0.0,0.0,0.0,2,444.0,786.0,1,418.0,552.0,617.0,552.0,7.0,40350.0,58
2023-05-10 21:59:56,ru2401C14250,ru2401C14250,553.0,0.0,0.0,0.0,1,445.0,786.0,1,418.0,552.0,617.0,552.0,7.0,40350.0,58
2023-05-10 21:59:56,ru2401C14250,ru2401C14250,553.0,0.0,0.0,0.0,1,445.0,786.0,1,418.0,552.0,617.0,552.0,7.0,40350.0,58
2023-05-10 22:00:37,ru2401C14250,ru2401C14250,553.0,0.0,0.0,0.0,1,445.0,576.0,1,418.0,552.0,617.0,552.0,7.0,40350.0,58
2023-05-10 22:00:47,ru2401C14250,ru2401C14250,553.0,0.0,0.0,0.0,1,445.0,576.0,1,418.0,552.0,617.0,552.0,7.0,40350.0,58
2023-05-10 22:00:49,ru2401C14250,ru2401C14250,576.0,1.0,5760.0,1.0,1,445.0,598.0,1,418.0,552.0,617.0,552.0,8.0,46110.0,59
2023-05-10 22:00:51,ru2401C14250,ru2401C14250,576.0,0.0,0.0,0.0,1,531.0,553.0,1,418.0,552.0,617.0,552.0,8.0,46110.0,59
2023-05-10 22:00:51,ru2401C14250,ru2401C14250,576.0,0.0,0.0,0.0,2,531.0,553.0,2,418.0,552.0,617.0,552.0,8.0,46110.0,59
2023-05-10 22:00:52,ru2401C14250,ru2401C14250,576.0,0.0,0.0,0.0,3,531.0,553.0,3,418.0,552.0,617.0,552.0,8.0,46110.0,59
2023-05-10 22:00:52,ru2401C14250,ru2401C14250,576.0,0.0,0.0,0.0,3,531.0,553.0,3,418.0,552.0,617.0,552.0,8.0,46110.0,59
2023-05-10 22:00:53,ru2401C14250,ru2401C14250,553.0,1.0,5530.0,0.0,3,531.0,553.0,2,418.0,552.0,617.0,552.0,9.0,51640.0,59
2023-05-10 22:00:54,ru2401C14250,ru2401C14250,553.0,0.0,0.0,0.0,4,531.0,553.0,2,418.0,552.0,617.0,552.0,9.0,51640.0,59
2023-05-10 22:00:59,ru2401C14250,ru2401C14250,553.0,0.0,0.0,0.0,4,531.0,553.0,2,418.0,552.0,617.0,552.0,9.0,51640.0,59
2023-05-10 22:01:00,ru2401C14250,ru2401C14250,553.0,0.0,0.0,0.0,4,531.0,553.0,2,418.0,552.0,617.0,552.0,9.0,51640.0,59
2023-05-10 22:01:02,ru2401C14250,ru2401C14250,553.0,0.0,0.0,0.0,3,531.0,553.0,2,418.0,552.0,617.0,552.0,9.0,51640.0,59
2023-05-10 22:01:03,ru2401C14250,ru2401C14250,553.0,0.0,0.0,0.0,2,531.0,553.0,1,418.0,552.0,617.0,552.0,9.0,51640.0,59
2023-05-10 22:01:03,ru2401C14250,ru2401C14250,553.0,0.0,0.0,0.0,3,531.0,575.0,3,418.0,552.0,617.0,552.0,9.0,51640.0,59
2023-05-10 22:01:04,ru2401C14250,ru2401C14250,553.0,0.0,0.0,0.0,1,531.0,575.0,1,418.0,552.0,617.0,552.0,9.0,51640.0,59
2023-05-10 22:01:04,ru2401C14250,ru2401C14250,553.0,0.0,0.0,0.0,1,531.0,587.0,1,418.0,552.0,617.0,552.0,9.0,51640.0,59
2023-05-10 22:01:05,ru2401C14250,ru2401C14250,553.0,0.0,0.0,0.0,1,417.0,786.0,1,418.0,552.0,617.0,552.0,9.0,51640.0,59
2023-05-10 22:01:05,ru2401C14250,ru2401C14250,553.0,0.0,0.0,0.0,2,430.0,786.0,1,418.0,552.0,617.0,552.0,9.0,51640.0,59
2023-05-10 22:01:06,ru2401C14250,ru2401C14250,553.0,0.0,0.0,0.0,2,430.0,786.0,1,418.0,552.0,617.0,552.0,9.0,51640.0,59
2023-05-10 22:01:06,ru2401C14250,ru2401C14250,553.0,0.0,0.0,0.0,1,431.0,786.0,1,418.0,552.0,617.0,552.0,9.0,51640.0,59
2023-05-10 22:01:07,ru2401C14250,ru2401C14250,553.0,0.0,0.0,0.0,2,438.0,786.0,1,418.0,552.0,617.0,552.0,9.0,51640.0,59
2023-05-10 22:01:07,ru2401C14250,ru2401C14250,553.0,0.0,0.0,0.0,2,438.0,786.0,1,418.0,552.0,617.0,552.0,9.0,51640.0,59
2023-05-10 22:01:08,ru2401C14250,ru2401C14250,553.0,0.0,0.0,0.0,1,439.0,786.0,1,418.0,552.0,617.0,552.0,9.0,51640.0,59
2023-05-10 22:01:08,ru2401C14250,ru2401C14250,553.0,0.0,0.0,0.0,2,440.0,786.0,1,418.0,552.0,617.0,552.0,9.0,51640.0,59
2023-05-10 22:01:09,ru2401C14250,ru2401C14250,553.0,0.0,0.0,0.0,2,440.0,786.0,1,418.0,552.0,617.0,552.0,9.0,51640.0,59
2023-05-10 22:01:09,ru2401C14250,ru2401C14250,553.0,0.0,0.0,0.0,1,441.0,786.0,1,418.0,552.0,617.0,552.0,9.0,51640.0,59
2023-05-10 22:01:10,ru2401C14250,ru2401C14250,553.0,0.0,0.0,0.0,1,441.0,786.0,1,418.0,552.0,617.0,552.0,9.0,51640.0,59
2023-05-10 22:01:10,ru2401C14250,ru2401C14250,553.0,0.0,0.0,0.0,2,442.0,786.0,1,418.0,552.0,617.0,552.0,9.0,51640.0,59
2023-05-10 22:01:11,ru2401C14250,ru2401C14250,553.0,0.0,0.0,0.0,2,442.0,786.0,1,418.0,552.0,617.0,552.0,9.0,51640.0,59
2023-05-10 22:01:11,ru2401C14250,ru2401C14250,553.0,0.0,0.0,0.0,1,443.0,786.0,1,418.0,552.0,617.0,552.0,9.0,51640.0,59
2023-05-10 22:01:12,ru2401C14250,ru2401C14250,553.0,0.0,0.0,0.0,2,444.0,786.0,1,418.0,552.0,617.0,552.0,9.0,51640.0,59
2023-05-10 22:01:12,ru2401C14250,ru2401C14250,553.0,0.0,0.0,0.0,2,444.0,786.0,1,418.0,552.0,617.0,552.0,9.0,51640.0,59
2023-05-10 22:01:13,ru2401C14250,ru2401C14250,553.0,0.0,0.0,0.0,1,445.0,786.0,1,418.0,552.0,617.0,552.0,9.0,51640.0,59
2023-05-10 22:01:13,ru2401C14250,ru2401C14250,553.0,0.0,0.0,0.0,1,445.0,786.0,1,418.0,552.0,617.0,552.0,9.0,51640.0,59
2023-05-10 22:02:14,ru2401C14250,ru2401C14250,553.0,0.0,0.0,0.0,1,445.0,580.0,1,418.0,552.0,617.0,552.0,9.0,51640.0,59
2023-05-10 22:02:24,ru2401C14250,ru2401C14250,553.0,0.0,0.0,0.0,1,445.0,580.0,1,418.0,552.0,617.0,552.0,9.0,51640.0,59
2023-05-10 22:02:28,ru2401C14250,ru2401C14250,553.0,0.0,0.0,0.0,1,531.0,553.0,1,418.0,552.0,617.0,552.0,9.0,51640.0,59
2023-05-10 22:02:28,ru2401C14250,ru2401C14250,553.0,0.0,0.0,0.0,2,531.0,553.0,2,418.0,552.0,617.0,552.0,9.0,51640.0,59
2023-05-10 22:02:29,ru2401C14250,ru2401C14250,553.0,0.0,0.0,0.0,2,531.0,553.0,2,418.0,552.0,617.0,552.0,9.0,51640.0,59
2023-05-10 22:02:30,ru2401C14250,ru2401C14250,553.0,1.0,5530.0,1.0,2,531.0,553.0,1,418.0,552.0,617.0,552.0,10.0,57170.0,60
2023-05-10 22:02:31,ru2401C14250,ru2401C14250,553.0,0.0,0.0,0.0,3,531.0,553.0,1,418.0,552.0,617.0,552.0,10.0,57170.0,60
2023-05-10 22:02:32,ru2401C14250,ru2401C14250,553.0,0.0,0.0,0.0,4,531.0,553.0,1,418.0,552.0,617.0,552.0,10.0,57170.0,60
2023-05-10 22:02:35,ru2401C14250,ru2401C14250,553.0,0.0,0.0,0.0,4,531.0,553.0,1,418.0,552.0,617.0,552.0,10.0,57170.0,60
2023-05-10 22:02:37,ru2401C14250,ru2401C14250,553.0,0.0,0.0,0.0,4,531.0,553.0,1,418.0,552.0,617.0,552.0,10.0,57170.0,60
2023-05-10 22:02:39,ru2401C14250,ru2401C14250,553.0,0.0,0.0,0.0,3,531.0,553.0,1,418.0,552.0,617.0,552.0,10.0,57170.0,60
2023-05-10 22:02:40,ru2401C14250,ru2401C14250,553.0,0.0,0.0,0.0,2,531.0,560.0,2,418.0,552.0,617.0,552.0,10.0,57170.0,60
2023-05-10 22:02:40,ru2401C14250,ru2401C14250,553.0,0.0,0.0,0.0,2,531.0,560.0,1,418.0,552.0,617.0,552.0,10.0,57170.0,60
2023-05-10 22:02:41,ru2401C14250,ru2401C14250,553.0,0.0,0.0,0.0,2,531.0,560.0,1,418.0,552.0,617.0,552.0,10.0,57170.0,60
2023-05-10 22:02:43,ru2401C14250,ru2401C14250,553.0,0.0,0.0,0.0,1,531.0,591.0,1,418.0,552.0,617.0,552.0,10.0,57170.0,60
2023-05-10 22:02:44,ru2401C14250,ru2401C14250,553.0,0.0,0.0,0.0,1,417.0,786.0,1,418.0,552.0,617.0,552.0,10.0,57170.0,60
2023-05-10 22:02:44,ru2401C14250,ru2401C14250,553.0,0.0,0.0,0.0,2,430.0,786.0,1,418.0,552.0,617.0,552.0,10.0,57170.0,60
2023-05-10 22:02:45,ru2401C14250,ru2401C14250,553.0,0.0,0.0,0.0,2,430.0,786.0,1,418.0,552.0,617.0,552.0,10.0,57170.0,60
2023-05-10 22:02:45,ru2401C14250,ru2401C14250,553.0,0.0,0.0,0.0,1,431.0,786.0,1,418.0,552.0,617.0,552.0,10.0,57170.0,60
2023-05-10 22:02:46,ru2401C14250,ru2401C14250,553.0,0.0,0.0,0.0,2,438.0,786.0,1,418.0,552.0,617.0,552.0,10.0,57170.0,60
2023-05-10 22:02:46,ru2401C14250,ru2401C14250,553.0,0.0,0.0,0.0,2,438.0,786.0,1,418.0,552.0,617.0,552.0,10.0,57170.0,60
2023-05-10 22:02:47,ru2401C14250,ru2401C14250,553.0,0.0,0.0,0.0,1,439.0,786.0,1,418.0,552.0,617.0,552.0,10.0,57170.0,60
2023-05-10 22:02:47,ru2401C14250,ru2401C14250,553.0,0.0,0.0,0.0,2,440.0,786.0,1,418.0,552.0,617.0,552.0,10.0,57170.0,60
2023-05-10 22:02:48,ru2401C14250,ru2401C14250,553.0,0.0,0.0,0.0,2,440.0,786.0,1,418.0,552.0,617.0,552.0,10.0,57170.0,60
2023-05-10 22:02:48,ru2401C14250,ru2401C14250,553.0,0.0,0.0,0.0,1,441.0,786.0,1,418.0,552.0,617.0,552.0,10.0,57170.0,60
2023-05-10 22:02:49,ru2401C14250,ru2401C14250,553.0,0.0,0.0,0.0,2,442.0,786.0,1,418.0,552.0,617.0,552.0,10.0,57170.0,60
2023-05-10 22:02:49,ru2401C14250,ru2401C14250,553.0,0.0,0.0,0.0,2,442.0,786.0,1,418.0,552.0,617.0,552.0,10.0,57170.0,60
2023-05-10 22:02:50,ru2401C14250,ru2401C14250,553.0,0.0,0.0,0.0,1,443.0,786.0,1,418.0,552.0,617.0,552.0,10.0,57170.0,60
2023-05-10 22:02:50,ru2401C14250,ru2401C14250,553.0,0.0,0.0,0.0,2,444.0,786.0,1,418.0,552.0,617.0,552.0,10.0,57170.0,60
2023-05-10 22:02:51,ru2401C14250,ru2401C14250,553.0,0.0,0.0,0.0,2,444.0,786.0,1,418.0,552.0,617.0,552.0,10.0,57170.0,60
2023-05-10 22:02:51,ru2401C14250,ru2401C14250,553.0,0.0,0.0,0.0,1,445.0,786.0,1,418.0,552.0,617.0,552.0,10.0,57170.0,60
2023-05-10 22:02:52,ru2401C14250,ru2401C14250,553.0,0.0,0.0,0.0,1,445.0,786.0,1,418.0,552.0,617.0,552.0,10.0,57170.0,60
2023-05-10 22:05:03,ru2401C14250,ru2401C14250,553.0,0.0,0.0,0.0,2,446.0,786.0,1,418.0,552.0,617.0,552.0,10.0,57170.0,60
2023-05-10 22:05:04,ru2401C14250,ru2401C14250,553.0,0.0,0.0,0.0,2,446.0,786.0,1,418.0,552.0,617.0,552.0,10.0,57170.0,60
2023-05-10 22:05:04,ru2401C14250,ru2401C14250,553.0,0.0,0.0,0.0,1,447.0,786.0,1,418.0,552.0,617.0,552.0,10.0,57170.0,60
2023-05-10 22:05:05,ru2401C14250,ru2401C14250,553.0,0.0,0.0,0.0,1,447.0,786.0,1,418.0,552.0,617.0,552.0,10.0,57170.0,60
2023-05-10 22:05:51,ru2401C14250,ru2401C14250,553.0,0.0,0.0,0.0,1,448.0,785.0,1,418.0,552.0,617.0,552.0,10.0,57170.0,60
2023-05-10 22:05:52,ru2401C14250,ru2401C14250,553.0,0.0,0.0,0.0,1,448.0,785.0,1,418.0,552.0,617.0,552.0,10.0,57170.0,60
2023-05-10 22:05:52,ru2401C14250,ru2401C14250,553.0,0.0,0.0,0.0,1,449.0,785.0,1,418.0,552.0,617.0,552.0,10.0,57170.0,60
2023-05-10 22:05:56,ru2401C14250,ru2401C14250,553.0,0.0,0.0,0.0,1,549.0,571.0,1,418.0,552.0,617.0,552.0,10.0,57170.0,60
2023-05-10 22:05:56,ru2401C14250,ru2401C14250,553.0,0.0,0.0,0.0,2,549.0,571.0,2,418.0,552.0,617.0,552.0,10.0,57170.0,60
2023-05-10 22:05:57,ru2401C14250,ru2401C14250,553.0,0.0,0.0,0.0,3,549.0,571.0,3,418.0,552.0,617.0,552.0,10.0,57170.0,60
2023-05-10 22:05:57,ru2401C14250,ru2401C14250,553.0,0.0,0.0,0.0,3,549.0,571.0,3,418.0,552.0,617.0,552.0,10.0,57170.0,60
2023-05-10 22:05:59,ru2401C14250,ru2401C14250,553.0,0.0,0.0,0.0,4,549.0,571.0,3,418.0,552.0,617.0,552.0,10.0,57170.0,60
2023-05-10 22:06:02,ru2401C14250,ru2401C14250,571.0,1.0,5710.0,1.0,4,549.0,571.0,2,418.0,552.0,617.0,552.0,11.0,62880.0,61
2023-05-10 22:06:03,ru2401C14250,ru2401C14250,571.0,0.0,0.0,0.0,4,549.0,571.0,2,418.0,552.0,617.0,552.0,11.0,62880.0,61
2023-05-10 22:06:07,ru2401C14250,ru2401C14250,571.0,0.0,0.0,0.0,3,549.0,571.0,2,418.0,552.0,617.0,552.0,11.0,62880.0,61
2023-05-10 22:06:08,ru2401C14250,ru2401C14250,571.0,0.0,0.0,0.0,3,549.0,578.0,2,418.0,552.0,617.0,552.0,11.0,62880.0,61
2023-05-10 22:06:08,ru2401C14250,ru2401C14250,571.0,0.0,0.0,0.0,1,549.0,593.0,1,418.0,552.0,617.0,552.0,11.0,62880.0,61
2023-05-10 22:06:09,ru2401C14250,ru2401C14250,571.0,0.0,0.0,0.0,1,549.0,599.0,3,418.0,552.0,617.0,552.0,11.0,62880.0,61
2023-05-10 22:06:10,ru2401C14250,ru2401C14250,571.0,0.0,0.0,0.0,1,549.0,599.0,1,418.0,552.0,617.0,552.0,11.0,62880.0,61
2023-05-10 22:06:13,ru2401C14250,ru2401C14250,571.0,0.0,0.0,0.0,1,549.0,599.0,1,418.0,552.0,617.0,552.0,11.0,62880.0,61
2023-05-10 22:06:14,ru2401C14250,ru2401C14250,571.0,0.0,0.0,0.0,1,417.0,786.0,1,418.0,552.0,617.0,552.0,11.0,62880.0,61
2023-05-10 22:06:15,ru2401C14250,ru2401C14250,571.0,0.0,0.0,0.0,2,430.0,786.0,1,418.0,552.0,617.0,552.0,11.0,62880.0,61
2023-05-10 22:06:15,ru2401C14250,ru2401C14250,571.0,0.0,0.0,0.0,2,430.0,786.0,1,418.0,552.0,617.0,552.0,11.0,62880.0,61
2023-05-10 22:06:16,ru2401C14250,ru2401C14250,571.0,0.0,0.0,0.0,1,431.0,786.0,1,418.0,552.0,617.0,552.0,11.0,62880.0,61
2023-05-10 22:06:16,ru2401C14250,ru2401C14250,571.0,0.0,0.0,0.0,2,438.0,786.0,1,418.0,552.0,617.0,552.0,11.0,62880.0,61
2023-05-10 22:06:17,ru2401C14250,ru2401C14250,571.0,0.0,0.0,0.0,2,438.0,786.0,1,418.0,552.0,617.0,552.0,11.0,62880.0,61
2023-05-10 22:06:17,ru2401C14250,ru2401C14250,571.0,0.0,0.0,0.0,1,439.0,786.0,1,418.0,552.0,617.0,552.0,11.0,62880.0,61
2023-05-10 22:06:18,ru2401C14250,ru2401C14250,571.0,0.0,0.0,0.0,2,440.0,786.0,1,418.0,552.0,617.0,552.0,11.0,62880.0,61
2023-05-10 22:06:18,ru2401C14250,ru2401C14250,571.0,0.0,0.0,0.0,2,440.0,786.0,1,418.0,552.0,617.0,552.0,11.0,62880.0,61
2023-05-10 22:06:19,ru2401C14250,ru2401C14250,571.0,0.0,0.0,0.0,1,441.0,786.0,1,418.0,552.0,617.0,552.0,11.0,62880.0,61
2023-05-10 22:06:19,ru2401C14250,ru2401C14250,571.0,0.0,0.0,0.0,2,442.0,786.0,1,418.0,552.0,617.0,552.0,11.0,62880.0,61
2023-05-10 22:06:20,ru2401C14250,ru2401C14250,571.0,0.0,0.0,0.0,1,443.0,786.0,1,418.0,552.0,617.0,552.0,11.0,62880.0,61
2023-05-10 22:06:20,ru2401C14250,ru2401C14250,571.0,0.0,0.0,0.0,2,444.0,786.0,1,418.0,552.0,617.0,552.0,11.0,62880.0,61
2023-05-10 22:06:21,ru2401C14250,ru2401C14250,571.0,0.0,0.0,0.0,2,444.0,786.0,1,418.0,552.0,617.0,552.0,11.0,62880.0,61
2023-05-10 22:06:21,ru2401C14250,ru2401C14250,571.0,0.0,0.0,0.0,1,445.0,786.0,1,418.0,552.0,617.0,552.0,11.0,62880.0,61
2023-05-10 22:06:22,ru2401C14250,ru2401C14250,571.0,0.0,0.0,0.0,1,445.0,786.0,1,418.0,552.0,617.0,552.0,11.0,62880.0,61
2023-05-10 22:12:40,ru2401C14250,ru2401C14250,571.0,0.0,0.0,0.0,2,446.0,786.0,1,418.0,552.0,617.0,552.0,11.0,62880.0,61
2023-05-10 22:12:41,ru2401C14250,ru2401C14250,571.0,0.0,0.0,0.0,2,446.0,786.0,1,418.0,552.0,617.0,552.0,11.0,62880.0,61
2023-05-10 22:12:41,ru2401C14250,ru2401C14250,571.0,0.0,0.0,0.0,1,447.0,786.0,1,418.0,552.0,617.0,552.0,11.0,62880.0,61
2023-05-10 22:12:42,ru2401C14250,ru2401C14250,571.0,0.0,0.0,0.0,2,448.0,786.0,1,418.0,552.0,617.0,552.0,11.0,62880.0,61
2023-05-10 22:12:42,ru2401C14250,ru2401C14250,571.0,0.0,0.0,0.0,2,448.0,786.0,1,418.0,552.0,617.0,552.0,11.0,62880.0,61
2023-05-10 22:12:43,ru2401C14250,ru2401C14250,571.0,0.0,0.0,0.0,1,449.0,786.0,1,418.0,552.0,617.0,552.0,11.0,62880.0,61
2023-05-10 22:12:43,ru2401C14250,ru2401C14250,571.0,0.0,0.0,0.0,1,449.0,786.0,1,418.0,552.0,617.0,552.0,11.0,62880.0,61
2023-05-10 22:13:05,ru2401C14250,ru2401C14250,571.0,0.0,0.0,0.0,2,450.0,786.0,1,418.0,552.0,617.0,552.0,11.0,62880.0,61
2023-05-10 22:13:05,ru2401C14250,ru2401C14250,571.0,0.0,0.0,0.0,2,450.0,786.0,1,418.0,552.0,617.0,552.0,11.0,62880.0,61
2023-05-10 22:13:06,ru2401C14250,ru2401C14250,571.0,0.0,0.0,0.0,1,451.0,786.0,1,418.0,552.0,617.0,552.0,11.0,62880.0,61
2023-05-10 22:13:06,ru2401C14250,ru2401C14250,571.0,0.0,0.0,0.0,2,452.0,786.0,1,418.0,552.0,617.0,552.0,11.0,62880.0,61
2023-05-10 22:13:07,ru2401C14250,ru2401C14250,571.0,0.0,0.0,0.0,2,452.0,786.0,1,418.0,552.0,617.0,552.0,11.0,62880.0,61
2023-05-10 22:13:07,ru2401C14250,ru2401C14250,571.0,0.0,0.0,0.0,1,453.0,786.0,1,418.0,552.0,617.0,552.0,11.0,62880.0,61
2023-05-10 22:13:08,ru2401C14250,ru2401C14250,571.0,0.0,0.0,0.0,2,454.0,786.0,1,418.0,552.0,617.0,552.0,11.0,62880.0,61
2023-05-10 22:13:08,ru2401C14250,ru2401C14250,571.0,0.0,0.0,0.0,2,454.0,786.0,1,418.0,552.0,617.0,552.0,11.0,62880.0,61
2023-05-10 22:13:09,ru2401C14250,ru2401C14250,571.0,0.0,0.0,0.0,1,455.0,786.0,1,418.0,552.0,617.0,552.0,11.0,62880.0,61
2023-05-10 22:13:09,ru2401C14250,ru2401C14250,571.0,0.0,0.0,0.0,2,456.0,786.0,1,418.0,552.0,617.0,552.0,11.0,62880.0,61
2023-05-10 22:13:10,ru2401C14250,ru2401C14250,571.0,0.0,0.0,0.0,2,456.0,786.0,1,418.0,552.0,617.0,552.0,11.0,62880.0,61
2023-05-10 22:13:10,ru2401C14250,ru2401C14250,571.0,0.0,0.0,0.0,1,457.0,786.0,1,418.0,552.0,617.0,552.0,11.0,62880.0,61
2023-05-10 22:13:11,ru2401C14250,ru2401C14250,571.0,0.0,0.0,0.0,2,458.0,786.0,1,418.0,552.0,617.0,552.0,11.0,62880.0,61
2023-05-10 22:13:11,ru2401C14250,ru2401C14250,571.0,0.0,0.0,0.0,2,458.0,786.0,1,418.0,552.0,617.0,552.0,11.0,62880.0,61
2023-05-10 22:13:12,ru2401C14250,ru2401C14250,571.0,0.0,0.0,0.0,1,459.0,786.0,1,418.0,552.0,617.0,552.0,11.0,62880.0,61
2023-05-10 22:13:12,ru2401C14250,ru2401C14250,571.0,0.0,0.0,0.0,1,459.0,786.0,1,418.0,552.0,617.0,552.0,11.0,62880.0,61
2023-05-10 22:13:16,ru2401C14250,ru2401C14250,571.0,0.0,0.0,0.0,2,460.0,786.0,1,418.0,552.0,617.0,552.0,11.0,62880.0,61
2023-05-10 22:13:16,ru2401C14250,ru2401C14250,571.0,0.0,0.0,0.0,2,460.0,786.0,1,418.0,552.0,617.0,552.0,11.0,62880.0,61
2023-05-10 22:13:17,ru2401C14250,ru2401C14250,571.0,0.0,0.0,0.0,1,461.0,786.0,1,418.0,552.0,617.0,552.0,11.0,62880.0,61
2023-05-10 22:13:17,ru2401C14250,ru2401C14250,571.0,0.0,0.0,0.0,2,462.0,786.0,1,418.0,552.0,617.0,552.0,11.0,62880.0,61
2023-05-10 22:13:18,ru2401C14250,ru2401C14250,571.0,0.0,0.0,0.0,2,462.0,786.0,1,418.0,552.0,617.0,552.0,11.0,62880.0,61
2023-05-10 22:13:18,ru2401C14250,ru2401C14250,571.0,0.0,0.0,0.0,1,463.0,786.0,1,418.0,552.0,617.0,552.0,11.0,62880.0,61
2023-05-10 22:13:19,ru2401C14250,ru2401C14250,571.0,0.0,0.0,0.0,2,464.0,786.0,1,418.0,552.0,617.0,552.0,11.0,62880.0,61
2023-05-10 22:13:19,ru2401C14250,ru2401C14250,571.0,0.0,0.0,0.0,2,464.0,786.0,1,418.0,552.0,617.0,552.0,11.0,62880.0,61
2023-05-10 22:13:20,ru2401C14250,ru2401C14250,571.0,0.0,0.0,0.0,1,465.0,786.0,1,418.0,552.0,617.0,552.0,11.0,62880.0,61
2023-05-10 22:13:20,ru2401C14250,ru2401C14250,571.0,0.0,0.0,0.0,2,466.0,786.0,1,418.0,552.0,617.0,552.0,11.0,62880.0,61
2023-05-10 22:13:21,ru2401C14250,ru2401C14250,571.0,0.0,0.0,0.0,2,466.0,786.0,1,418.0,552.0,617.0,552.0,11.0,62880.0,61
2023-05-10 22:13:21,ru2401C14250,ru2401C14250,571.0,0.0,0.0,0.0,1,467.0,786.0,1,418.0,552.0,617.0,552.0,11.0,62880.0,61
2023-05-10 22:13:22,ru2401C14250,ru2401C14250,571.0,0.0,0.0,0.0,2,468.0,786.0,1,418.0,552.0,617.0,552.0,11.0,62880.0,61
2023-05-10 22:13:22,ru2401C14250,ru2401C14250,571.0,0.0,0.0,0.0,2,468.0,786.0,1,418.0,552.0,617.0,552.0,11.0,62880.0,61
2023-05-10 22:13:23,ru2401C14250,ru2401C14250,571.0,0.0,0.0,0.0,1,469.0,786.0,1,418.0,552.0,617.0,552.0,11.0,62880.0,61
2023-05-10 22:13:23,ru2401C14250,ru2401C14250,571.0,0.0,0.0,0.0,1,469.0,786.0,1,418.0,552.0,617.0,552.0,11.0,62880.0,61
2023-05-10 22:15:21,ru2401C14250,ru2401C14250,571.0,0.0,0.0,0.0,1,590.0,609.0,1,418.0,552.0,617.0,552.0,11.0,62880.0,61
2023-05-10 22:15:22,ru2401C14250,ru2401C14250,590.0,1.0,5900.0,1.0,1,583.0,609.0,1,418.0,552.0,617.0,552.0,12.0,68780.0,62
2023-05-10 22:15:22,ru2401C14250,ru2401C14250,583.0,1.0,5830.0,1.0,1,417.0,583.0,1,418.0,552.0,617.0,552.0,13.0,74610.0,63
2023-05-10 22:15:23,ru2401C14250,ru2401C14250,583.0,0.0,0.0,0.0,2,430.0,583.0,1,418.0,552.0,617.0,552.0,13.0,74610.0,63
2023-05-10 22:15:23,ru2401C14250,ru2401C14250,583.0,0.0,0.0,0.0,2,430.0,583.0,1,418.0,552.0,617.0,552.0,13.0,74610.0,63
2023-05-10 22:15:24,ru2401C14250,ru2401C14250,583.0,0.0,0.0,0.0,1,431.0,583.0,1,418.0,552.0,617.0,552.0,13.0,74610.0,63
2023-05-10 22:15:24,ru2401C14250,ru2401C14250,583.0,0.0,0.0,0.0,2,444.0,583.0,1,418.0,552.0,617.0,552.0,13.0,74610.0,63
2023-05-10 22:15:25,ru2401C14250,ru2401C14250,583.0,0.0,0.0,0.0,2,444.0,583.0,1,418.0,552.0,617.0,552.0,13.0,74610.0,63
2023-05-10 22:15:25,ru2401C14250,ru2401C14250,583.0,0.0,0.0,0.0,1,445.0,583.0,1,418.0,552.0,617.0,552.0,13.0,74610.0,63
2023-05-10 22:15:26,ru2401C14250,ru2401C14250,583.0,0.0,0.0,0.0,2,452.0,583.0,1,418.0,552.0,617.0,552.0,13.0,74610.0,63
2023-05-10 22:15:26,ru2401C14250,ru2401C14250,583.0,0.0,0.0,0.0,2,452.0,583.0,1,418.0,552.0,617.0,552.0,13.0,74610.0,63
2023-05-10 22:15:27,ru2401C14250,ru2401C14250,583.0,0.0,0.0,0.0,1,559.0,581.0,1,418.0,552.0,617.0,552.0,13.0,74610.0,63
2023-05-10 22:15:27,ru2401C14250,ru2401C14250,583.0,0.0,0.0,0.0,2,559.0,581.0,2,418.0,552.0,617.0,552.0,13.0,74610.0,63
2023-05-10 22:15:28,ru2401C14250,ru2401C14250,583.0,0.0,0.0,0.0,3,559.0,581.0,3,418.0,552.0,617.0,552.0,13.0,74610.0,63
2023-05-10 22:15:29,ru2401C14250,ru2401C14250,583.0,0.0,0.0,0.0,3,559.0,581.0,3,418.0,552.0,617.0,552.0,13.0,74610.0,63
2023-05-10 22:15:30,ru2401C14250,ru2401C14250,583.0,0.0,0.0,0.0,4,559.0,581.0,3,418.0,552.0,617.0,552.0,13.0,74610.0,63
2023-05-10 22:15:32,ru2401C14250,ru2401C14250,583.0,0.0,0.0,0.0,4,559.0,581.0,3,418.0,552.0,617.0,552.0,13.0,74610.0,63
2023-05-10 22:15:36,ru2401C14250,ru2401C14250,583.0,0.0,0.0,0.0,4,559.0,581.0,3,418.0,552.0,617.0,552.0,13.0,74610.0,63
2023-05-10 22:15:38,ru2401C14250,ru2401C14250,583.0,0.0,0.0,0.0,3,559.0,581.0,2,418.0,552.0,617.0,552.0,13.0,74610.0,63
2023-05-10 22:15:39,ru2401C14250,ru2401C14250,583.0,0.0,0.0,0.0,4,559.0,581.0,1,418.0,552.0,617.0,552.0,13.0,74610.0,63
2023-05-10 22:15:39,ru2401C14250,ru2401C14250,583.0,0.0,0.0,0.0,3,559.0,583.0,3,418.0,552.0,617.0,552.0,13.0,74610.0,63
2023-05-10 22:15:40,ru2401C14250,ru2401C14250,583.0,0.0,0.0,0.0,1,559.0,583.0,1,418.0,552.0,617.0,552.0,13.0,74610.0,63
2023-05-10 22:15:41,ru2401C14250,ru2401C14250,583.0,0.0,0.0,0.0,1,559.0,583.0,1,418.0,552.0,617.0,552.0,13.0,74610.0,63
2023-05-10 22:15:41,ru2401C14250,ru2401C14250,583.0,0.0,0.0,0.0,1,559.0,583.0,1,418.0,552.0,617.0,552.0,13.0,74610.0,63
2023-05-10 22:15:45,ru2401C14250,ru2401C14250,583.0,0.0,0.0,0.0,1,417.0,583.0,1,418.0,552.0,617.0,552.0,13.0,74610.0,63
2023-05-10 22:15:46,ru2401C14250,ru2401C14250,583.0,0.0,0.0,0.0,2,430.0,583.0,1,418.0,552.0,617.0,552.0,13.0,74610.0,63
2023-05-10 22:15:46,ru2401C14250,ru2401C14250,583.0,0.0,0.0,0.0,2,430.0,583.0,1,418.0,552.0,617.0,552.0,13.0,74610.0,63
2023-05-10 22:15:47,ru2401C14250,ru2401C14250,583.0,0.0,0.0,0.0,1,431.0,583.0,1,418.0,552.0,617.0,552.0,13.0,74610.0,63
2023-05-10 22:15:47,ru2401C14250,ru2401C14250,583.0,0.0,0.0,0.0,2,444.0,583.0,1,418.0,552.0,617.0,552.0,13.0,74610.0,63
2023-05-10 22:15:48,ru2401C14250,ru2401C14250,583.0,0.0,0.0,0.0,2,444.0,583.0,1,418.0,552.0,617.0,552.0,13.0,74610.0,63
2023-05-10 22:15:48,ru2401C14250,ru2401C14250,583.0,0.0,0.0,0.0,1,445.0,583.0,1,418.0,552.0,617.0,552.0,13.0,74610.0,63
2023-05-10 22:15:49,ru2401C14250,ru2401C14250,583.0,0.0,0.0,0.0,2,452.0,583.0,1,418.0,552.0,617.0,552.0,13.0,74610.0,63
2023-05-10 22:15:49,ru2401C14250,ru2401C14250,583.0,0.0,0.0,0.0,2,452.0,583.0,1,418.0,552.0,617.0,552.0,13.0,74610.0,63
2023-05-10 22:15:50,ru2401C14250,ru2401C14250,583.0,0.0,0.0,0.0,1,453.0,583.0,1,418.0,552.0,617.0,552.0,13.0,74610.0,63
2023-05-10 22:15:50,ru2401C14250,ru2401C14250,583.0,0.0,0.0,0.0,2,460.0,583.0,1,418.0,552.0,617.0,552.0,13.0,74610.0,63
2023-05-10 22:15:51,ru2401C14250,ru2401C14250,583.0,0.0,0.0,0.0,2,460.0,583.0,1,418.0,552.0,617.0,552.0,13.0,74610.0,63
2023-05-10 22:15:51,ru2401C14250,ru2401C14250,583.0,0.0,0.0,0.0,1,461.0,583.0,1,418.0,552.0,617.0,552.0,13.0,74610.0,63
2023-05-10 22:15:52,ru2401C14250,ru2401C14250,583.0,0.0,0.0,0.0,2,462.0,583.0,1,418.0,552.0,617.0,552.0,13.0,74610.0,63
2023-05-10 22:15:52,ru2401C14250,ru2401C14250,583.0,0.0,0.0,0.0,2,462.0,583.0,1,418.0,552.0,617.0,552.0,13.0,74610.0,63
2023-05-10 22:15:53,ru2401C14250,ru2401C14250,583.0,0.0,0.0,0.0,1,463.0,583.0,1,418.0,552.0,617.0,552.0,13.0,74610.0,63
2023-05-10 22:15:53,ru2401C14250,ru2401C14250,583.0,0.0,0.0,0.0,2,464.0,583.0,1,418.0,552.0,617.0,552.0,13.0,74610.0,63
2023-05-10 22:15:54,ru2401C14250,ru2401C14250,583.0,0.0,0.0,0.0,2,464.0,583.0,1,418.0,552.0,617.0,552.0,13.0,74610.0,63
2023-05-10 22:15:54,ru2401C14250,ru2401C14250,583.0,0.0,0.0,0.0,1,465.0,583.0,1,418.0,552.0,617.0,552.0,13.0,74610.0,63
2023-05-10 22:15:55,ru2401C14250,ru2401C14250,583.0,0.0,0.0,0.0,2,466.0,583.0,1,418.0,552.0,617.0,552.0,13.0,74610.0,63
2023-05-10 22:15:55,ru2401C14250,ru2401C14250,583.0,0.0,0.0,0.0,2,466.0,583.0,1,418.0,552.0,617.0,552.0,13.0,74610.0,63
2023-05-10 22:15:56,ru2401C14250,ru2401C14250,583.0,0.0,0.0,0.0,1,467.0,583.0,1,418.0,552.0,617.0,552.0,13.0,74610.0,63
2023-05-10 22:15:56,ru2401C14250,ru2401C14250,583.0,0.0,0.0,0.0,2,468.0,583.0,1,418.0,552.0,617.0,552.0,13.0,74610.0,63
2023-05-10 22:15:57,ru2401C14250,ru2401C14250,583.0,0.0,0.0,0.0,1,469.0,583.0,1,418.0,552.0,617.0,552.0,13.0,74610.0,63
2023-05-10 22:15:57,ru2401C14250,ru2401C14250,583.0,0.0,0.0,0.0,1,469.0,583.0,1,418.0,552.0,617.0,552.0,13.0,74610.0,63
2023-05-10 22:16:44,ru2401C14250,ru2401C14250,583.0,0.0,0.0,0.0,1,469.0,583.0,1,418.0,552.0,617.0,552.0,13.0,74610.0,63
2023-05-10 22:16:56,ru2401C14250,ru2401C14250,583.0,0.0,0.0,0.0,1,469.0,583.0,1,418.0,552.0,617.0,552.0,13.0,74610.0,63
2023-05-10 22:17:00,ru2401C14250,ru2401C14250,583.0,0.0,0.0,0.0,1,555.0,578.0,1,418.0,552.0,617.0,552.0,13.0,74610.0,63
2023-05-10 22:17:00,ru2401C14250,ru2401C14250,583.0,0.0,0.0,0.0,2,555.0,578.0,2,418.0,552.0,617.0,552.0,13.0,74610.0,63
2023-05-10 22:17:03,ru2401C14250,ru2401C14250,583.0,0.0,0.0,0.0,3,555.0,578.0,2,418.0,552.0,617.0,552.0,13.0,74610.0,63
2023-05-10 22:17:04,ru2401C14250,ru2401C14250,583.0,0.0,0.0,0.0,3,555.0,578.0,2,418.0,552.0,617.0,552.0,13.0,74610.0,63
2023-05-10 22:17:04,ru2401C14250,ru2401C14250,583.0,0.0,0.0,0.0,4,555.0,578.0,3,418.0,552.0,617.0,552.0,13.0,74610.0,63
2023-05-10 22:17:06,ru2401C14250,ru2401C14250,582.0,1.0,5820.0,1.0,4,555.0,578.0,2,418.0,552.0,617.0,552.0,14.0,80430.0,64
2023-05-10 22:17:08,ru2401C14250,ru2401C14250,582.0,0.0,0.0,0.0,4,555.0,578.0,2,418.0,552.0,617.0,552.0,14.0,80430.0,64
2023-05-10 22:17:11,ru2401C14250,ru2401C14250,582.0,0.0,0.0,0.0,3,555.0,578.0,2,418.0,552.0,617.0,552.0,14.0,80430.0,64
2023-05-10 22:17:12,ru2401C14250,ru2401C14250,582.0,0.0,0.0,0.0,2,555.0,578.0,1,418.0,552.0,617.0,552.0,14.0,80430.0,64
2023-05-10 22:17:15,ru2401C14250,ru2401C14250,582.0,0.0,0.0,0.0,1,555.0,583.0,1,418.0,552.0,617.0,552.0,14.0,80430.0,64
2023-05-10 22:17:16,ru2401C14250,ru2401C14250,582.0,0.0,0.0,0.0,1,555.0,583.0,1,418.0,552.0,617.0,552.0,14.0,80430.0,64
2023-05-10 22:17:16,ru2401C14250,ru2401C14250,582.0,0.0,0.0,0.0,1,555.0,583.0,1,418.0,552.0,617.0,552.0,14.0,80430.0,64
2023-05-10 22:17:17,ru2401C14250,ru2401C14250,582.0,0.0,0.0,0.0,1,555.0,583.0,1,418.0,552.0,617.0,552.0,14.0,80430.0,64
2023-05-10 22:17:18,ru2401C14250,ru2401C14250,582.0,0.0,0.0,0.0,1,418.0,583.0,1,418.0,552.0,617.0,552.0,14.0,80430.0,64
2023-05-10 22:17:19,ru2401C14250,ru2401C14250,582.0,0.0,0.0,0.0,2,431.0,583.0,1,418.0,552.0,617.0,552.0,14.0,80430.0,64
2023-05-10 22:17:19,ru2401C14250,ru2401C14250,582.0,0.0,0.0,0.0,1,432.0,583.0,1,418.0,552.0,617.0,552.0,14.0,80430.0,64
2023-05-10 22:17:20,ru2401C14250,ru2401C14250,582.0,0.0,0.0,0.0,2,445.0,583.0,1,418.0,552.0,617.0,552.0,14.0,80430.0,64
2023-05-10 22:17:20,ru2401C14250,ru2401C14250,582.0,0.0,0.0,0.0,1,446.0,583.0,1,418.0,552.0,617.0,552.0,14.0,80430.0,64
2023-05-10 22:17:21,ru2401C14250,ru2401C14250,582.0,0.0,0.0,0.0,2,453.0,583.0,1,418.0,552.0,617.0,552.0,14.0,80430.0,64
2023-05-10 22:17:21,ru2401C14250,ru2401C14250,582.0,0.0,0.0,0.0,2,453.0,583.0,1,418.0,552.0,617.0,552.0,14.0,80430.0,64
2023-05-10 22:17:22,ru2401C14250,ru2401C14250,582.0,0.0,0.0,0.0,1,454.0,583.0,1,418.0,552.0,617.0,552.0,14.0,80430.0,64
2023-05-10 22:17:22,ru2401C14250,ru2401C14250,582.0,0.0,0.0,0.0,2,461.0,583.0,1,418.0,552.0,617.0,552.0,14.0,80430.0,64
2023-05-10 22:17:23,ru2401C14250,ru2401C14250,582.0,0.0,0.0,0.0,1,462.0,583.0,1,418.0,552.0,617.0,552.0,14.0,80430.0,64
2023-05-10 22:17:23,ru2401C14250,ru2401C14250,582.0,0.0,0.0,0.0,2,463.0,583.0,1,418.0,552.0,617.0,552.0,14.0,80430.0,64
2023-05-10 22:17:24,ru2401C14250,ru2401C14250,582.0,0.0,0.0,0.0,1,464.0,583.0,1,418.0,552.0,617.0,552.0,14.0,80430.0,64
2023-05-10 22:17:24,ru2401C14250,ru2401C14250,582.0,0.0,0.0,0.0,2,465.0,583.0,1,418.0,552.0,617.0,552.0,14.0,80430.0,64
2023-05-10 22:17:25,ru2401C14250,ru2401C14250,582.0,0.0,0.0,0.0,1,466.0,583.0,1,418.0,552.0,617.0,552.0,14.0,80430.0,64
2023-05-10 22:17:25,ru2401C14250,ru2401C14250,582.0,0.0,0.0,0.0,2,467.0,583.0,1,418.0,552.0,617.0,552.0,14.0,80430.0,64
2023-05-10 22:17:26,ru2401C14250,ru2401C14250,582.0,0.0,0.0,0.0,2,467.0,583.0,1,418.0,552.0,617.0,552.0,14.0,80430.0,64
2023-05-10 22:17:26,ru2401C14250,ru2401C14250,582.0,0.0,0.0,0.0,1,468.0,583.0,1,418.0,552.0,617.0,552.0,14.0,80430.0,64
2023-05-10 22:17:27,ru2401C14250,ru2401C14250,582.0,0.0,0.0,0.0,1,468.0,583.0,1,418.0,552.0,617.0,552.0,14.0,80430.0,64
2023-05-10 22:18:27,ru2401C14250,ru2401C14250,582.0,0.0,0.0,0.0,1,579.0,583.0,1,418.0,552.0,617.0,552.0,14.0,80430.0,64
2023-05-10 22:18:28,ru2401C14250,ru2401C14250,579.0,1.0,5790.0,1.0,1,572.0,583.0,1,418.0,552.0,617.0,552.0,15.0,86220.0,65
2023-05-10 22:18:28,ru2401C14250,ru2401C14250,579.0,0.0,0.0,0.0,1,513.0,583.0,1,418.0,552.0,617.0,552.0,15.0,86220.0,65
2023-05-10 22:18:29,ru2401C14250,ru2401C14250,579.0,0.0,0.0,0.0,1,514.0,583.0,1,418.0,552.0,617.0,552.0,15.0,86220.0,65
2023-05-10 22:18:29,ru2401C14250,ru2401C14250,579.0,0.0,0.0,0.0,1,514.0,583.0,2,418.0,552.0,617.0,552.0,15.0,86220.0,65
2023-05-10 22:18:30,ru2401C14250,ru2401C14250,579.0,0.0,0.0,0.0,1,514.0,583.0,3,418.0,552.0,617.0,552.0,15.0,86220.0,65
2023-05-10 22:18:31,ru2401C14250,ru2401C14250,579.0,0.0,0.0,0.0,2,514.0,583.0,4,418.0,552.0,617.0,552.0,15.0,86220.0,65
2023-05-10 22:18:32,ru2401C14250,ru2401C14250,579.0,0.0,0.0,0.0,1,553.0,575.0,1,418.0,552.0,617.0,552.0,15.0,86220.0,65
2023-05-10 22:18:32,ru2401C14250,ru2401C14250,579.0,0.0,0.0,0.0,1,553.0,575.0,1,418.0,552.0,617.0,552.0,15.0,86220.0,65
2023-05-10 22:18:33,ru2401C14250,ru2401C14250,579.0,0.0,0.0,0.0,2,553.0,575.0,2,418.0,552.0,617.0,552.0,15.0,86220.0,65
2023-05-10 22:18:38,ru2401C14250,ru2401C14250,579.0,0.0,0.0,0.0,2,553.0,575.0,2,418.0,552.0,617.0,552.0,15.0,86220.0,65
2023-05-10 22:18:41,ru2401C14250,ru2401C14250,579.0,0.0,0.0,0.0,4,553.0,575.0,4,418.0,552.0,617.0,552.0,15.0,86220.0,65
2023-05-10 22:18:43,ru2401C14250,ru2401C14250,579.0,0.0,0.0,0.0,3,553.0,575.0,3,418.0,552.0,617.0,552.0,15.0,86220.0,65
2023-05-10 22:18:43,ru2401C14250,ru2401C14250,579.0,0.0,0.0,0.0,1,553.0,575.0,1,418.0,552.0,617.0,552.0,15.0,86220.0,65
2023-05-10 22:18:44,ru2401C14250,ru2401C14250,579.0,0.0,0.0,0.0,1,553.0,575.0,1,418.0,552.0,617.0,552.0,15.0,86220.0,65
2023-05-10 22:18:44,ru2401C14250,ru2401C14250,579.0,0.0,0.0,0.0,1,553.0,575.0,1,418.0,552.0,617.0,552.0,15.0,86220.0,65
2023-05-10 22:18:46,ru2401C14250,ru2401C14250,579.0,0.0,0.0,0.0,1,418.0,583.0,1,418.0,552.0,617.0,552.0,15.0,86220.0,65
2023-05-10 22:18:46,ru2401C14250,ru2401C14250,579.0,0.0,0.0,0.0,2,431.0,583.0,1,418.0,552.0,617.0,552.0,15.0,86220.0,65
2023-05-10 22:18:47,ru2401C14250,ru2401C14250,579.0,0.0,0.0,0.0,2,431.0,583.0,1,418.0,552.0,617.0,552.0,15.0,86220.0,65
2023-05-10 22:18:47,ru2401C14250,ru2401C14250,579.0,0.0,0.0,0.0,1,432.0,583.0,1,418.0,552.0,617.0,552.0,15.0,86220.0,65
2023-05-10 22:18:48,ru2401C14250,ru2401C14250,579.0,0.0,0.0,0.0,2,445.0,583.0,1,418.0,552.0,617.0,552.0,15.0,86220.0,65
2023-05-10 22:18:48,ru2401C14250,ru2401C14250,579.0,0.0,0.0,0.0,2,445.0,583.0,1,418.0,552.0,617.0,552.0,15.0,86220.0,65
2023-05-10 22:18:49,ru2401C14250,ru2401C14250,579.0,0.0,0.0,0.0,1,446.0,583.0,1,418.0,552.0,617.0,552.0,15.0,86220.0,65
2023-05-10 22:18:49,ru2401C14250,ru2401C14250,579.0,0.0,0.0,0.0,2,453.0,583.0,1,418.0,552.0,617.0,552.0,15.0,86220.0,65
2023-05-10 22:18:50,ru2401C14250,ru2401C14250,579.0,0.0,0.0,0.0,2,453.0,583.0,1,418.0,552.0,617.0,552.0,15.0,86220.0,65
2023-05-10 22:18:50,ru2401C14250,ru2401C14250,579.0,0.0,0.0,0.0,1,454.0,583.0,1,418.0,552.0,617.0,552.0,15.0,86220.0,65
2023-05-10 22:18:51,ru2401C14250,ru2401C14250,579.0,0.0,0.0,0.0,2,461.0,583.0,1,418.0,552.0,617.0,552.0,15.0,86220.0,65
2023-05-10 22:18:51,ru2401C14250,ru2401C14250,579.0,0.0,0.0,0.0,2,461.0,583.0,1,418.0,552.0,617.0,552.0,15.0,86220.0,65
2023-05-10 22:18:52,ru2401C14250,ru2401C14250,579.0,0.0,0.0,0.0,1,462.0,583.0,1,418.0,552.0,617.0,552.0,15.0,86220.0,65
2023-05-10 22:18:52,ru2401C14250,ru2401C14250,579.0,0.0,0.0,0.0,2,463.0,583.0,1,418.0,552.0,617.0,552.0,15.0,86220.0,65
2023-05-10 22:18:53,ru2401C14250,ru2401C14250,579.0,0.0,0.0,0.0,2,463.0,583.0,1,418.0,552.0,617.0,552.0,15.0,86220.0,65
2023-05-10 22:18:53,ru2401C14250,ru2401C14250,579.0,0.0,0.0,0.0,1,464.0,583.0,1,418.0,552.0,617.0,552.0,15.0,86220.0,65
2023-05-10 22:18:54,ru2401C14250,ru2401C14250,579.0,0.0,0.0,0.0,2,465.0,583.0,1,418.0,552.0,617.0,552.0,15.0,86220.0,65
2023-05-10 22:18:54,ru2401C14250,ru2401C14250,579.0,0.0,0.0,0.0,2,465.0,583.0,1,418.0,552.0,617.0,552.0,15.0,86220.0,65
2023-05-10 22:18:55,ru2401C14250,ru2401C14250,579.0,0.0,0.0,0.0,1,466.0,583.0,1,418.0,552.0,617.0,552.0,15.0,86220.0,65
2023-05-10 22:18:55,ru2401C14250,ru2401C14250,579.0,0.0,0.0,0.0,2,467.0,583.0,1,418.0,552.0,617.0,552.0,15.0,86220.0,65
2023-05-10 22:18:56,ru2401C14250,ru2401C14250,579.0,0.0,0.0,0.0,2,467.0,583.0,1,418.0,552.0,617.0,552.0,15.0,86220.0,65
2023-05-10 22:18:56,ru2401C14250,ru2401C14250,579.0,0.0,0.0,0.0,1,468.0,583.0,1,418.0,552.0,617.0,552.0,15.0,86220.0,65
2023-05-10 22:18:57,ru2401C14250,ru2401C14250,579.0,0.0,0.0,0.0,1,468.0,583.0,1,418.0,552.0,617.0,552.0,15.0,86220.0,65
2023-05-10 22:19:11,ru2401C14250,ru2401C14250,579.0,0.0,0.0,0.0,1,468.0,583.0,1,418.0,552.0,617.0,552.0,15.0,86220.0,65
2023-05-10 22:19:12,ru2401C14250,ru2401C14250,579.0,0.0,0.0,0.0,1,468.0,583.0,2,418.0,552.0,617.0,552.0,15.0,86220.0,65
2023-05-10 22:19:51,ru2401C14250,ru2401C14250,579.0,0.0,0.0,0.0,1,468.0,583.0,2,418.0,552.0,617.0,552.0,15.0,86220.0,65
2023-05-10 22:20:10,ru2401C14250,ru2401C14250,579.0,0.0,0.0,0.0,1,468.0,582.0,1,418.0,552.0,617.0,552.0,15.0,86220.0,65
2023-05-10 22:20:15,ru2401C14250,ru2401C14250,579.0,0.0,0.0,0.0,1,468.0,582.0,1,418.0,552.0,617.0,552.0,15.0,86220.0,65
2023-05-10 22:20:20,ru2401C14250,ru2401C14250,579.0,0.0,0.0,0.0,1,548.0,570.0,1,418.0,552.0,617.0,552.0,15.0,86220.0,65
2023-05-10 22:20:20,ru2401C14250,ru2401C14250,579.0,0.0,0.0,0.0,2,548.0,570.0,2,418.0,552.0,617.0,552.0,15.0,86220.0,65
2023-05-10 22:20:21,ru2401C14250,ru2401C14250,573.0,1.0,5730.0,1.0,3,548.0,570.0,2,418.0,552.0,617.0,552.0,16.0,91950.0,66
2023-05-10 22:20:23,ru2401C14250,ru2401C14250,573.0,0.0,0.0,0.0,4,548.0,570.0,2,418.0,552.0,617.0,552.0,16.0,91950.0,66
2023-05-10 22:20:27,ru2401C14250,ru2401C14250,573.0,0.0,0.0,0.0,4,548.0,570.0,2,418.0,552.0,617.0,552.0,16.0,91950.0,66
2023-05-10 22:20:31,ru2401C14250,ru2401C14250,573.0,0.0,0.0,0.0,3,548.0,570.0,2,418.0,552.0,617.0,552.0,16.0,91950.0,66
2023-05-10 22:20:32,ru2401C14250,ru2401C14250,573.0,0.0,0.0,0.0,2,548.0,570.0,1,418.0,552.0,617.0,552.0,16.0,91950.0,66
2023-05-10 22:20:32,ru2401C14250,ru2401C14250,573.0,0.0,0.0,0.0,1,548.0,580.0,2,418.0,552.0,617.0,552.0,16.0,91950.0,66
2023-05-10 22:20:33,ru2401C14250,ru2401C14250,573.0,0.0,0.0,0.0,1,548.0,583.0,4,418.0,552.0,617.0,552.0,16.0,91950.0,66
2023-05-10 22:20:33,ru2401C14250,ru2401C14250,573.0,0.0,0.0,0.0,1,548.0,583.0,2,418.0,552.0,617.0,552.0,16.0,91950.0,66
2023-05-10 22:20:38,ru2401C14250,ru2401C14250,573.0,0.0,0.0,0.0,1,418.0,583.0,2,418.0,552.0,617.0,552.0,16.0,91950.0,66
2023-05-10 22:20:39,ru2401C14250,ru2401C14250,573.0,0.0,0.0,0.0,2,431.0,583.0,2,418.0,552.0,617.0,552.0,16.0,91950.0,66
2023-05-10 22:20:39,ru2401C14250,ru2401C14250,573.0,0.0,0.0,0.0,2,431.0,583.0,2,418.0,552.0,617.0,552.0,16.0,91950.0,66
2023-05-10 22:20:40,ru2401C14250,ru2401C14250,573.0,0.0,0.0,0.0,1,432.0,583.0,2,418.0,552.0,617.0,552.0,16.0,91950.0,66
2023-05-10 22:20:40,ru2401C14250,ru2401C14250,573.0,0.0,0.0,0.0,2,445.0,583.0,2,418.0,552.0,617.0,552.0,16.0,91950.0,66
2023-05-10 22:20:41,ru2401C14250,ru2401C14250,573.0,0.0,0.0,0.0,2,445.0,583.0,2,418.0,552.0,617.0,552.0,16.0,91950.0,66
2023-05-10 22:20:41,ru2401C14250,ru2401C14250,573.0,0.0,0.0,0.0,1,446.0,583.0,2,418.0,552.0,617.0,552.0,16.0,91950.0,66
2023-05-10 22:20:42,ru2401C14250,ru2401C14250,573.0,0.0,0.0,0.0,2,453.0,583.0,2,418.0,552.0,617.0,552.0,16.0,91950.0,66
2023-05-10 22:20:42,ru2401C14250,ru2401C14250,573.0,0.0,0.0,0.0,2,453.0,583.0,2,418.0,552.0,617.0,552.0,16.0,91950.0,66
2023-05-10 22:20:43,ru2401C14250,ru2401C14250,573.0,0.0,0.0,0.0,1,454.0,583.0,2,418.0,552.0,617.0,552.0,16.0,91950.0,66
2023-05-10 22:20:43,ru2401C14250,ru2401C14250,573.0,0.0,0.0,0.0,2,461.0,583.0,2,418.0,552.0,617.0,552.0,16.0,91950.0,66
2023-05-10 22:20:44,ru2401C14250,ru2401C14250,573.0,0.0,0.0,0.0,2,461.0,583.0,2,418.0,552.0,617.0,552.0,16.0,91950.0,66
2023-05-10 22:20:44,ru2401C14250,ru2401C14250,573.0,0.0,0.0,0.0,1,462.0,583.0,2,418.0,552.0,617.0,552.0,16.0,91950.0,66
2023-05-10 22:20:45,ru2401C14250,ru2401C14250,573.0,0.0,0.0,0.0,2,463.0,583.0,2,418.0,552.0,617.0,552.0,16.0,91950.0,66
2023-05-10 22:20:45,ru2401C14250,ru2401C14250,573.0,0.0,0.0,0.0,2,463.0,583.0,2,418.0,552.0,617.0,552.0,16.0,91950.0,66
2023-05-10 22:20:46,ru2401C14250,ru2401C14250,573.0,0.0,0.0,0.0,1,464.0,583.0,2,418.0,552.0,617.0,552.0,16.0,91950.0,66
2023-05-10 22:20:46,ru2401C14250,ru2401C14250,573.0,0.0,0.0,0.0,2,465.0,583.0,2,418.0,552.0,617.0,552.0,16.0,91950.0,66
2023-05-10 22:20:47,ru2401C14250,ru2401C14250,573.0,0.0,0.0,0.0,2,465.0,583.0,2,418.0,552.0,617.0,552.0,16.0,91950.0,66
2023-05-10 22:20:47,ru2401C14250,ru2401C14250,573.0,0.0,0.0,0.0,1,466.0,583.0,2,418.0,552.0,617.0,552.0,16.0,91950.0,66
2023-05-10 22:20:48,ru2401C14250,ru2401C14250,573.0,0.0,0.0,0.0,2,467.0,583.0,2,418.0,552.0,617.0,552.0,16.0,91950.0,66
2023-05-10 22:20:48,ru2401C14250,ru2401C14250,573.0,0.0,0.0,0.0,2,467.0,583.0,2,418.0,552.0,617.0,552.0,16.0,91950.0,66
2023-05-10 22:20:49,ru2401C14250,ru2401C14250,573.0,0.0,0.0,0.0,1,468.0,583.0,2,418.0,552.0,617.0,552.0,16.0,91950.0,66
2023-05-10 22:20:49,ru2401C14250,ru2401C14250,573.0,0.0,0.0,0.0,1,468.0,583.0,2,418.0,552.0,617.0,552.0,16.0,91950.0,66
2023-05-10 22:22:43,ru2401C14250,ru2401C14250,573.0,0.0,0.0,0.0,1,468.0,583.0,2,418.0,552.0,617.0,552.0,16.0,91950.0,66
2023-05-10 22:22:47,ru2401C14250,ru2401C14250,573.0,0.0,0.0,0.0,1,549.0,571.0,1,418.0,552.0,617.0,552.0,16.0,91950.0,66
2023-05-10 22:22:47,ru2401C14250,ru2401C14250,573.0,0.0,0.0,0.0,2,549.0,571.0,2,418.0,552.0,617.0,552.0,16.0,91950.0,66
2023-05-10 22:22:48,ru2401C14250,ru2401C14250,573.0,0.0,0.0,0.0,1,570.0,571.0,2,418.0,552.0,617.0,552.0,16.0,91950.0,66
2023-05-10 22:22:48,ru2401C14250,ru2401C14250,570.0,1.0,5700.0,1.0,1,563.0,571.0,1,418.0,552.0,617.0,552.0,17.0,97650.0,67
2023-05-10 22:22:49,ru2401C14250,ru2401C14250,570.0,0.0,0.0,0.0,1,563.0,571.0,2,418.0,552.0,617.0,552.0,17.0,97650.0,67
2023-05-10 22:22:49,ru2401C14250,ru2401C14250,570.0,0.0,0.0,0.0,1,563.0,571.0,2,418.0,552.0,617.0,552.0,17.0,97650.0,67
2023-05-10 22:22:50,ru2401C14250,ru2401C14250,570.0,0.0,0.0,0.0,2,563.0,571.0,2,418.0,552.0,617.0,552.0,17.0,97650.0,67
2023-05-10 22:22:51,ru2401C14250,ru2401C14250,570.0,0.0,0.0,0.0,2,563.0,571.0,3,418.0,552.0,617.0,552.0,17.0,97650.0,67
2023-05-10 22:22:56,ru2401C14250,ru2401C14250,570.0,0.0,0.0,0.0,2,563.0,571.0,3,418.0,552.0,617.0,552.0,17.0,97650.0,67
2023-05-10 22:22:58,ru2401C14250,ru2401C14250,570.0,0.0,0.0,0.0,2,563.0,571.0,2,418.0,552.0,617.0,552.0,17.0,97650.0,67
2023-05-10 22:22:59,ru2401C14250,ru2401C14250,570.0,0.0,0.0,0.0,2,563.0,571.0,2,418.0,552.0,617.0,552.0,17.0,97650.0,67
2023-05-10 22:23:00,ru2401C14250,ru2401C14250,570.0,0.0,0.0,0.0,1,563.0,571.0,1,418.0,552.0,617.0,552.0,17.0,97650.0,67
2023-05-10 22:23:01,ru2401C14250,ru2401C14250,570.0,0.0,0.0,0.0,1,563.0,571.0,1,418.0,552.0,617.0,552.0,17.0,97650.0,67
2023-05-10 22:23:02,ru2401C14250,ru2401C14250,570.0,0.0,0.0,0.0,1,563.0,583.0,3,418.0,552.0,617.0,552.0,17.0,97650.0,67
2023-05-10 22:23:05,ru2401C14250,ru2401C14250,570.0,0.0,0.0,0.0,1,418.0,583.0,2,418.0,552.0,617.0,552.0,17.0,97650.0,67
2023-05-10 22:23:06,ru2401C14250,ru2401C14250,570.0,0.0,0.0,0.0,2,431.0,583.0,2,418.0,552.0,617.0,552.0,17.0,97650.0,67
2023-05-10 22:23:06,ru2401C14250,ru2401C14250,570.0,0.0,0.0,0.0,2,431.0,583.0,2,418.0,552.0,617.0,552.0,17.0,97650.0,67
2023-05-10 22:23:07,ru2401C14250,ru2401C14250,570.0,0.0,0.0,0.0,1,432.0,583.0,2,418.0,552.0,617.0,552.0,17.0,97650.0,67
2023-05-10 22:23:07,ru2401C14250,ru2401C14250,570.0,0.0,0.0,0.0,2,439.0,583.0,2,418.0,552.0,617.0,552.0,17.0,97650.0,67
2023-05-10 22:23:08,ru2401C14250,ru2401C14250,570.0,0.0,0.0,0.0,2,439.0,583.0,2,418.0,552.0,617.0,552.0,17.0,97650.0,67
2023-05-10 22:23:08,ru2401C14250,ru2401C14250,570.0,0.0,0.0,0.0,1,440.0,583.0,2,418.0,552.0,617.0,552.0,17.0,97650.0,67
2023-05-10 22:23:09,ru2401C14250,ru2401C14250,570.0,0.0,0.0,0.0,2,441.0,583.0,2,418.0,552.0,617.0,552.0,17.0,97650.0,67
2023-05-10 22:23:09,ru2401C14250,ru2401C14250,570.0,0.0,0.0,0.0,2,441.0,583.0,2,418.0,552.0,617.0,552.0,17.0,97650.0,67
2023-05-10 22:23:10,ru2401C14250,ru2401C14250,570.0,0.0,0.0,0.0,1,442.0,583.0,2,418.0,552.0,617.0,552.0,17.0,97650.0,67
2023-05-10 22:23:10,ru2401C14250,ru2401C14250,570.0,0.0,0.0,0.0,2,443.0,583.0,2,418.0,552.0,617.0,552.0,17.0,97650.0,67
2023-05-10 22:23:11,ru2401C14250,ru2401C14250,570.0,0.0,0.0,0.0,2,443.0,583.0,2,418.0,552.0,617.0,552.0,17.0,97650.0,67
2023-05-10 22:23:11,ru2401C14250,ru2401C14250,570.0,0.0,0.0,0.0,1,444.0,583.0,2,418.0,552.0,617.0,552.0,17.0,97650.0,67
2023-05-10 22:23:12,ru2401C14250,ru2401C14250,570.0,0.0,0.0,0.0,2,445.0,583.0,2,418.0,552.0,617.0,552.0,17.0,97650.0,67
2023-05-10 22:23:12,ru2401C14250,ru2401C14250,570.0,0.0,0.0,0.0,2,445.0,583.0,2,418.0,552.0,617.0,552.0,17.0,97650.0,67
2023-05-10 22:23:13,ru2401C14250,ru2401C14250,570.0,0.0,0.0,0.0,1,446.0,583.0,2,418.0,552.0,617.0,552.0,17.0,97650.0,67
2023-05-10 22:23:13,ru2401C14250,ru2401C14250,570.0,0.0,0.0,0.0,1,446.0,583.0,2,418.0,552.0,617.0,552.0,17.0,97650.0,67
2023-05-10 22:32:17,ru2401C14250,ru2401C14250,570.0,0.0,0.0,0.0,1,564.0,583.0,3,418.0,552.0,617.0,552.0,17.0,97650.0,67
2023-05-10 22:32:17,ru2401C14250,ru2401C14250,564.0,1.0,5640.0,1.0,1,557.0,583.0,3,418.0,552.0,617.0,552.0,18.0,103290.0,68
2023-05-10 22:32:18,ru2401C14250,ru2401C14250,564.0,0.0,0.0,0.0,1,444.0,583.0,3,418.0,552.0,617.0,552.0,18.0,103290.0,68
2023-05-10 22:32:18,ru2401C14250,ru2401C14250,564.0,0.0,0.0,0.0,3,445.0,583.0,3,418.0,552.0,617.0,552.0,18.0,103290.0,68
2023-05-10 22:32:21,ru2401C14250,ru2401C14250,564.0,0.0,0.0,0.0,1,546.0,568.0,1,418.0,552.0,617.0,552.0,18.0,103290.0,68
2023-05-10 22:32:21,ru2401C14250,ru2401C14250,564.0,0.0,0.0,0.0,2,546.0,568.0,2,418.0,552.0,617.0,552.0,18.0,103290.0,68
2023-05-10 22:32:22,ru2401C14250,ru2401C14250,564.0,0.0,0.0,0.0,2,546.0,568.0,2,418.0,552.0,617.0,552.0,18.0,103290.0,68
2023-05-10 22:32:24,ru2401C14250,ru2401C14250,564.0,0.0,0.0,0.0,3,546.0,568.0,2,418.0,552.0,617.0,552.0,18.0,103290.0,68
2023-05-10 22:32:25,ru2401C14250,ru2401C14250,564.0,0.0,0.0,0.0,4,546.0,568.0,3,418.0,552.0,617.0,552.0,18.0,103290.0,68
2023-05-10 22:32:28,ru2401C14250,ru2401C14250,564.0,0.0,0.0,0.0,4,546.0,568.0,3,418.0,552.0,617.0,552.0,18.0,103290.0,68
2023-05-10 22:32:29,ru2401C14250,ru2401C14250,564.0,0.0,0.0,0.0,4,546.0,568.0,3,418.0,552.0,617.0,552.0,18.0,103290.0,68
2023-05-10 22:32:32,ru2401C14250,ru2401C14250,564.0,0.0,0.0,0.0,3,546.0,568.0,2,418.0,552.0,617.0,552.0,18.0,103290.0,68
2023-05-10 22:32:33,ru2401C14250,ru2401C14250,564.0,0.0,0.0,0.0,3,546.0,568.0,2,418.0,552.0,617.0,552.0,18.0,103290.0,68
2023-05-10 22:32:33,ru2401C14250,ru2401C14250,564.0,0.0,0.0,0.0,2,546.0,568.0,1,418.0,552.0,617.0,552.0,18.0,103290.0,68
2023-05-10 22:32:34,ru2401C14250,ru2401C14250,564.0,0.0,0.0,0.0,2,546.0,568.0,1,418.0,552.0,617.0,552.0,18.0,103290.0,68
2023-05-10 22:32:36,ru2401C14250,ru2401C14250,564.0,0.0,0.0,0.0,1,546.0,580.0,1,418.0,552.0,617.0,552.0,18.0,103290.0,68
2023-05-10 22:32:36,ru2401C14250,ru2401C14250,564.0,0.0,0.0,0.0,1,418.0,583.0,2,418.0,552.0,617.0,552.0,18.0,103290.0,68
2023-05-10 22:32:37,ru2401C14250,ru2401C14250,564.0,0.0,0.0,0.0,2,431.0,583.0,2,418.0,552.0,617.0,552.0,18.0,103290.0,68
2023-05-10 22:32:37,ru2401C14250,ru2401C14250,564.0,0.0,0.0,0.0,2,431.0,583.0,2,418.0,552.0,617.0,552.0,18.0,103290.0,68
2023-05-10 22:32:38,ru2401C14250,ru2401C14250,564.0,0.0,0.0,0.0,1,432.0,583.0,2,418.0,552.0,617.0,552.0,18.0,103290.0,68
2023-05-10 22:32:38,ru2401C14250,ru2401C14250,564.0,0.0,0.0,0.0,2,439.0,583.0,2,418.0,552.0,617.0,552.0,18.0,103290.0,68
2023-05-10 22:32:39,ru2401C14250,ru2401C14250,564.0,0.0,0.0,0.0,2,439.0,583.0,2,418.0,552.0,617.0,552.0,18.0,103290.0,68
2023-05-10 22:32:39,ru2401C14250,ru2401C14250,564.0,0.0,0.0,0.0,1,440.0,583.0,2,418.0,552.0,617.0,552.0,18.0,103290.0,68
2023-05-10 22:32:40,ru2401C14250,ru2401C14250,564.0,0.0,0.0,0.0,2,441.0,583.0,2,418.0,552.0,617.0,552.0,18.0,103290.0,68
2023-05-10 22:32:40,ru2401C14250,ru2401C14250,564.0,0.0,0.0,0.0,2,441.0,583.0,2,418.0,552.0,617.0,552.0,18.0,103290.0,68
2023-05-10 22:32:41,ru2401C14250,ru2401C14250,564.0,0.0,0.0,0.0,1,442.0,583.0,2,418.0,552.0,617.0,552.0,18.0,103290.0,68
2023-05-10 22:32:41,ru2401C14250,ru2401C14250,564.0,0.0,0.0,0.0,2,443.0,583.0,2,418.0,552.0,617.0,552.0,18.0,103290.0,68
2023-05-10 22:32:42,ru2401C14250,ru2401C14250,564.0,0.0,0.0,0.0,2,443.0,583.0,2,418.0,552.0,617.0,552.0,18.0,103290.0,68
2023-05-10 22:32:42,ru2401C14250,ru2401C14250,564.0,0.0,0.0,0.0,1,444.0,583.0,2,418.0,552.0,617.0,552.0,18.0,103290.0,68
2023-05-10 22:32:43,ru2401C14250,ru2401C14250,564.0,0.0,0.0,0.0,2,445.0,583.0,2,418.0,552.0,617.0,552.0,18.0,103290.0,68
2023-05-10 22:32:43,ru2401C14250,ru2401C14250,564.0,0.0,0.0,0.0,2,445.0,583.0,2,418.0,552.0,617.0,552.0,18.0,103290.0,68
2023-05-10 22:32:44,ru2401C14250,ru2401C14250,564.0,0.0,0.0,0.0,1,446.0,583.0,2,418.0,552.0,617.0,552.0,18.0,103290.0,68
2023-05-10 22:32:44,ru2401C14250,ru2401C14250,564.0,0.0,0.0,0.0,1,446.0,583.0,2,418.0,552.0,617.0,552.0,18.0,103290.0,68
2023-05-10 22:34:25,ru2401C14250,ru2401C14250,564.0,0.0,0.0,0.0,1,446.0,583.0,2,418.0,552.0,617.0,552.0,18.0,103290.0,68
2023-05-10 22:46:58,ru2401C14250,ru2401C14250,564.0,0.0,0.0,0.0,1,564.0,583.0,2,418.0,552.0,617.0,552.0,18.0,103290.0,68
2023-05-10 22:46:59,ru2401C14250,ru2401C14250,564.0,0.0,0.0,0.0,1,564.0,583.0,2,418.0,552.0,617.0,552.0,18.0,103290.0,68
2023-05-10 22:46:59,ru2401C14250,ru2401C14250,564.0,0.0,0.0,0.0,1,564.0,583.0,3,418.0,552.0,617.0,552.0,18.0,103290.0,68
2023-05-10 22:47:00,ru2401C14250,ru2401C14250,564.0,0.0,0.0,0.0,1,564.0,583.0,3,418.0,552.0,617.0,552.0,18.0,103290.0,68
2023-05-10 22:47:03,ru2401C14250,ru2401C14250,564.0,0.0,0.0,0.0,1,564.0,573.0,1,418.0,552.0,617.0,552.0,18.0,103290.0,68
2023-05-10 22:47:03,ru2401C14250,ru2401C14250,564.0,0.0,0.0,0.0,2,564.0,573.0,2,418.0,552.0,617.0,552.0,18.0,103290.0,68
2023-05-10 22:47:09,ru2401C14250,ru2401C14250,564.0,0.0,0.0,0.0,1,564.0,573.0,2,418.0,552.0,617.0,552.0,18.0,103290.0,68
2023-05-10 22:47:10,ru2401C14250,ru2401C14250,564.0,0.0,0.0,0.0,1,564.0,573.0,4,418.0,552.0,617.0,552.0,18.0,103290.0,68
2023-05-10 22:47:11,ru2401C14250,ru2401C14250,564.0,0.0,0.0,0.0,1,564.0,573.0,4,418.0,552.0,617.0,552.0,18.0,103290.0,68
2023-05-10 22:47:12,ru2401C14250,ru2401C14250,564.0,0.0,0.0,0.0,1,564.0,573.0,4,418.0,552.0,617.0,552.0,18.0,103290.0,68
2023-05-10 22:47:14,ru2401C14250,ru2401C14250,564.0,0.0,0.0,0.0,1,564.0,573.0,3,418.0,552.0,617.0,552.0,18.0,103290.0,68
2023-05-10 22:47:14,ru2401C14250,ru2401C14250,564.0,0.0,0.0,0.0,1,564.0,573.0,1,418.0,552.0,617.0,552.0,18.0,103290.0,68
2023-05-10 22:47:15,ru2401C14250,ru2401C14250,564.0,0.0,0.0,0.0,1,564.0,573.0,1,418.0,552.0,617.0,552.0,18.0,103290.0,68
2023-05-10 22:47:15,ru2401C14250,ru2401C14250,564.0,0.0,0.0,0.0,1,418.0,583.0,2,418.0,552.0,617.0,552.0,18.0,103290.0,68
2023-05-10 22:47:16,ru2401C14250,ru2401C14250,564.0,0.0,0.0,0.0,2,431.0,583.0,2,418.0,552.0,617.0,552.0,18.0,103290.0,68
2023-05-10 22:47:16,ru2401C14250,ru2401C14250,564.0,0.0,0.0,0.0,2,431.0,583.0,2,418.0,552.0,617.0,552.0,18.0,103290.0,68
2023-05-10 22:47:17,ru2401C14250,ru2401C14250,564.0,0.0,0.0,0.0,1,432.0,583.0,2,418.0,552.0,617.0,552.0,18.0,103290.0,68
2023-05-10 22:47:17,ru2401C14250,ru2401C14250,564.0,0.0,0.0,0.0,2,439.0,583.0,2,418.0,552.0,617.0,552.0,18.0,103290.0,68
2023-05-10 22:47:18,ru2401C14250,ru2401C14250,564.0,0.0,0.0,0.0,2,439.0,583.0,2,418.0,552.0,617.0,552.0,18.0,103290.0,68
2023-05-10 22:47:18,ru2401C14250,ru2401C14250,564.0,0.0,0.0,0.0,1,440.0,583.0,2,418.0,552.0,617.0,552.0,18.0,103290.0,68
2023-05-10 22:47:19,ru2401C14250,ru2401C14250,564.0,0.0,0.0,0.0,2,441.0,583.0,2,418.0,552.0,617.0,552.0,18.0,103290.0,68
2023-05-10 22:47:19,ru2401C14250,ru2401C14250,564.0,0.0,0.0,0.0,2,441.0,583.0,2,418.0,552.0,617.0,552.0,18.0,103290.0,68
2023-05-10 22:47:20,ru2401C14250,ru2401C14250,564.0,0.0,0.0,0.0,1,442.0,583.0,2,418.0,552.0,617.0,552.0,18.0,103290.0,68
2023-05-10 22:47:20,ru2401C14250,ru2401C14250,564.0,0.0,0.0,0.0,2,443.0,583.0,2,418.0,552.0,617.0,552.0,18.0,103290.0,68
2023-05-10 22:47:21,ru2401C14250,ru2401C14250,564.0,0.0,0.0,0.0,2,443.0,583.0,2,418.0,552.0,617.0,552.0,18.0,103290.0,68
2023-05-10 22:47:21,ru2401C14250,ru2401C14250,564.0,0.0,0.0,0.0,1,444.0,583.0,2,418.0,552.0,617.0,552.0,18.0,103290.0,68
2023-05-10 22:47:22,ru2401C14250,ru2401C14250,564.0,0.0,0.0,0.0,2,445.0,583.0,2,418.0,552.0,617.0,552.0,18.0,103290.0,68
2023-05-10 22:47:22,ru2401C14250,ru2401C14250,564.0,0.0,0.0,0.0,2,445.0,583.0,2,418.0,552.0,617.0,552.0,18.0,103290.0,68
2023-05-10 22:47:23,ru2401C14250,ru2401C14250,564.0,0.0,0.0,0.0,1,446.0,583.0,2,418.0,552.0,617.0,552.0,18.0,103290.0,68
2023-05-10 22:47:23,ru2401C14250,ru2401C14250,564.0,0.0,0.0,0.0,1,446.0,583.0,2,418.0,552.0,617.0,552.0,18.0,103290.0,68
2023-05-10 22:51:26,ru2401C14250,ru2401C14250,564.0,0.0,0.0,0.0,1,446.0,583.0,1,418.0,552.0,617.0,552.0,18.0,103290.0,68
2023-05-10 22:51:27,ru2401C14250,ru2401C14250,564.0,0.0,0.0,0.0,1,446.0,583.0,2,418.0,552.0,617.0,552.0,18.0,103290.0,68
2023-05-10 22:57:03,ru2401C14250,ru2401C14250,564.0,0.0,0.0,0.0,1,418.0,583.0,2,418.0,552.0,617.0,552.0,18.0,103290.0,68
2023-05-10 22:57:49,ru2401C14250,ru2401C14250,564.0,0.0,0.0,0.0,1,417.0,583.0,2,418.0,552.0,617.0,552.0,18.0,103290.0,68
2023-05-11 09:00:48,ru2401C14250,ru2401C14250,564.0,0.0,0.0,0.0,1,418.0,583.0,2,418.0,552.0,617.0,552.0,18.0,103290.0,68
2023-05-11 09:00:48,ru2401C14250,ru2401C14250,564.0,0.0,0.0,0.0,1,419.0,583.0,2,418.0,552.0,617.0,552.0,18.0,103290.0,68
2023-05-11 09:00:54,ru2401C14250,ru2401C14250,564.0,0.0,0.0,0.0,1,420.0,583.0,2,418.0,552.0,617.0,552.0,18.0,103290.0,68
2023-05-11 09:00:55,ru2401C14250,ru2401C14250,564.0,0.0,0.0,0.0,1,420.0,583.0,2,418.0,552.0,617.0,552.0,18.0,103290.0,68
2023-05-11 09:00:55,ru2401C14250,ru2401C14250,564.0,0.0,0.0,0.0,1,421.0,583.0,2,418.0,552.0,617.0,552.0,18.0,103290.0,68
2023-05-11 09:01:00,ru2401C14250,ru2401C14250,564.0,0.0,0.0,0.0,1,421.0,583.0,2,418.0,552.0,617.0,552.0,18.0,103290.0,68
2023-05-11 09:01:00,ru2401C14250,ru2401C14250,564.0,0.0,0.0,0.0,1,422.0,583.0,2,418.0,552.0,617.0,552.0,18.0,103290.0,68
2023-05-11 09:01:01,ru2401C14250,ru2401C14250,564.0,0.0,0.0,0.0,1,422.0,583.0,2,418.0,552.0,617.0,552.0,18.0,103290.0,68
2023-05-11 09:01:01,ru2401C14250,ru2401C14250,564.0,0.0,0.0,0.0,1,423.0,583.0,2,418.0,552.0,617.0,552.0,18.0,103290.0,68
2023-05-11 09:01:07,ru2401C14250,ru2401C14250,564.0,0.0,0.0,0.0,1,424.0,583.0,2,418.0,552.0,617.0,552.0,18.0,103290.0,68
2023-05-11 09:01:08,ru2401C14250,ru2401C14250,564.0,0.0,0.0,0.0,1,424.0,583.0,2,418.0,552.0,617.0,552.0,18.0,103290.0,68
2023-05-11 09:01:08,ru2401C14250,ru2401C14250,564.0,0.0,0.0,0.0,1,425.0,583.0,2,418.0,552.0,617.0,552.0,18.0,103290.0,68
2023-05-11 09:01:11,ru2401C14250,ru2401C14250,564.0,0.0,0.0,0.0,2,432.0,583.0,2,418.0,552.0,617.0,552.0,18.0,103290.0,68
2023-05-11 09:01:11,ru2401C14250,ru2401C14250,564.0,0.0,0.0,0.0,2,432.0,583.0,2,418.0,552.0,617.0,552.0,18.0,103290.0,68
2023-05-11 09:01:12,ru2401C14250,ru2401C14250,564.0,0.0,0.0,0.0,1,433.0,583.0,2,418.0,552.0,617.0,552.0,18.0,103290.0,68
2023-05-11 09:01:20,ru2401C14250,ru2401C14250,564.0,0.0,0.0,0.0,1,433.0,583.0,2,418.0,552.0,617.0,552.0,18.0,103290.0,68
2023-05-11 09:01:36,ru2401C14250,ru2401C14250,564.0,0.0,0.0,0.0,1,433.0,583.0,2,418.0,552.0,617.0,552.0,18.0,103290.0,68
2023-05-11 09:01:36,ru2401C14250,ru2401C14250,564.0,0.0,0.0,0.0,2,434.0,583.0,2,418.0,552.0,617.0,552.0,18.0,103290.0,68
2023-05-11 09:01:37,ru2401C14250,ru2401C14250,564.0,0.0,0.0,0.0,2,434.0,583.0,2,418.0,552.0,617.0,552.0,18.0,103290.0,68
2023-05-11 09:01:37,ru2401C14250,ru2401C14250,564.0,0.0,0.0,0.0,1,435.0,583.0,2,418.0,552.0,617.0,552.0,18.0,103290.0,68
2023-05-11 09:01:39,ru2401C14250,ru2401C14250,564.0,0.0,0.0,0.0,1,435.0,583.0,2,418.0,552.0,617.0,552.0,18.0,103290.0,68
2023-05-11 09:01:40,ru2401C14250,ru2401C14250,564.0,0.0,0.0,0.0,2,436.0,583.0,2,418.0,552.0,617.0,552.0,18.0,103290.0,68
2023-05-11 09:01:40,ru2401C14250,ru2401C14250,564.0,0.0,0.0,0.0,2,436.0,583.0,2,418.0,552.0,617.0,552.0,18.0,103290.0,68
2023-05-11 09:01:41,ru2401C14250,ru2401C14250,564.0,0.0,0.0,0.0,1,437.0,583.0,2,418.0,552.0,617.0,552.0,18.0,103290.0,68
2023-05-11 09:01:41,ru2401C14250,ru2401C14250,564.0,0.0,0.0,0.0,1,437.0,583.0,2,418.0,552.0,617.0,552.0,18.0,103290.0,68
2023-05-11 09:01:42,ru2401C14250,ru2401C14250,564.0,0.0,0.0,0.0,2,438.0,583.0,2,418.0,552.0,617.0,552.0,18.0,103290.0,68
2023-05-11 09:01:42,ru2401C14250,ru2401C14250,564.0,0.0,0.0,0.0,2,438.0,583.0,2,418.0,552.0,617.0,552.0,18.0,103290.0,68
2023-05-11 09:01:43,ru2401C14250,ru2401C14250,564.0,0.0,0.0,0.0,1,439.0,583.0,2,418.0,552.0,617.0,552.0,18.0,103290.0,68
2023-05-11 09:01:46,ru2401C14250,ru2401C14250,564.0,0.0,0.0,0.0,2,440.0,583.0,2,418.0,552.0,617.0,552.0,18.0,103290.0,68
2023-05-11 09:01:46,ru2401C14250,ru2401C14250,564.0,0.0,0.0,0.0,2,440.0,583.0,2,418.0,552.0,617.0,552.0,18.0,103290.0,68
2023-05-11 09:01:47,ru2401C14250,ru2401C14250,564.0,0.0,0.0,0.0,1,441.0,583.0,2,418.0,552.0,617.0,552.0,18.0,103290.0,68
2023-05-11 09:01:48,ru2401C14250,ru2401C14250,564.0,0.0,0.0,0.0,1,441.0,583.0,2,418.0,552.0,617.0,552.0,18.0,103290.0,68
2023-05-11 09:01:48,ru2401C14250,ru2401C14250,564.0,0.0,0.0,0.0,2,442.0,583.0,2,418.0,552.0,617.0,552.0,18.0,103290.0,68
2023-05-11 09:01:49,ru2401C14250,ru2401C14250,564.0,0.0,0.0,0.0,2,442.0,583.0,2,418.0,552.0,617.0,552.0,18.0,103290.0,68
2023-05-11 09:01:49,ru2401C14250,ru2401C14250,564.0,0.0,0.0,0.0,3,442.0,583.0,2,418.0,552.0,617.0,552.0,18.0,103290.0,68
2023-05-11 09:02:49,ru2401C14250,ru2401C14250,564.0,0.0,0.0,0.0,1,565.0,572.0,1,418.0,552.0,617.0,552.0,18.0,103290.0,68
2023-05-11 09:02:49,ru2401C14250,ru2401C14250,564.0,0.0,0.0,0.0,1,565.0,572.0,1,418.0,552.0,617.0,552.0,18.0,103290.0,68
2023-05-11 09:02:51,ru2401C14250,ru2401C14250,564.0,0.0,0.0,0.0,1,565.0,572.0,1,418.0,552.0,617.0,552.0,18.0,103290.0,68
2023-05-11 09:02:52,ru2401C14250,ru2401C14250,564.0,0.0,0.0,0.0,1,565.0,572.0,1,418.0,552.0,617.0,552.0,18.0,103290.0,68
2023-05-11 09:02:53,ru2401C14250,ru2401C14250,564.0,0.0,0.0,0.0,2,565.0,572.0,1,418.0,552.0,617.0,552.0,18.0,103290.0,68
2023-05-11 09:03:01,ru2401C14250,ru2401C14250,564.0,0.0,0.0,0.0,1,565.0,579.0,2,418.0,552.0,617.0,552.0,18.0,103290.0,68
2023-05-11 09:03:01,ru2401C14250,ru2401C14250,564.0,0.0,0.0,0.0,1,565.0,579.0,1,418.0,552.0,617.0,552.0,18.0,103290.0,68
2023-05-11 09:03:02,ru2401C14250,ru2401C14250,564.0,0.0,0.0,0.0,1,565.0,583.0,2,418.0,552.0,617.0,552.0,18.0,103290.0,68
2023-05-11 09:03:02,ru2401C14250,ru2401C14250,564.0,0.0,0.0,0.0,1,565.0,580.0,1,418.0,552.0,617.0,552.0,18.0,103290.0,68
2023-05-11 09:03:03,ru2401C14250,ru2401C14250,564.0,0.0,0.0,0.0,1,565.0,580.0,1,418.0,552.0,617.0,552.0,18.0,103290.0,68
2023-05-11 09:03:05,ru2401C14250,ru2401C14250,564.0,0.0,0.0,0.0,1,565.0,580.0,1,418.0,552.0,617.0,552.0,18.0,103290.0,68
2023-05-11 09:03:06,ru2401C14250,ru2401C14250,564.0,0.0,0.0,0.0,1,565.0,580.0,1,418.0,552.0,617.0,552.0,18.0,103290.0,68
2023-05-11 09:03:07,ru2401C14250,ru2401C14250,564.0,0.0,0.0,0.0,1,558.0,580.0,1,418.0,552.0,617.0,552.0,18.0,103290.0,68
2023-05-11 09:03:13,ru2401C14250,ru2401C14250,564.0,0.0,0.0,0.0,1,417.0,583.0,2,418.0,552.0,617.0,552.0,18.0,103290.0,68
2023-05-11 09:03:14,ru2401C14250,ru2401C14250,564.0,0.0,0.0,0.0,2,430.0,583.0,2,418.0,552.0,617.0,552.0,18.0,103290.0,68
2023-05-11 09:03:14,ru2401C14250,ru2401C14250,564.0,0.0,0.0,0.0,2,430.0,583.0,2,418.0,552.0,617.0,552.0,18.0,103290.0,68
2023-05-11 09:03:15,ru2401C14250,ru2401C14250,564.0,0.0,0.0,0.0,1,431.0,583.0,2,418.0,552.0,617.0,552.0,18.0,103290.0,68
2023-05-11 09:03:15,ru2401C14250,ru2401C14250,564.0,0.0,0.0,0.0,2,438.0,583.0,2,418.0,552.0,617.0,552.0,18.0,103290.0,68
2023-05-11 09:03:16,ru2401C14250,ru2401C14250,564.0,0.0,0.0,0.0,2,438.0,583.0,2,418.0,552.0,617.0,552.0,18.0,103290.0,68
2023-05-11 09:03:16,ru2401C14250,ru2401C14250,564.0,0.0,0.0,0.0,1,439.0,583.0,2,418.0,552.0,617.0,552.0,18.0,103290.0,68
2023-05-11 09:03:17,ru2401C14250,ru2401C14250,564.0,0.0,0.0,0.0,1,439.0,583.0,2,418.0,552.0,617.0,552.0,18.0,103290.0,68
2023-05-11 09:03:17,ru2401C14250,ru2401C14250,564.0,0.0,0.0,0.0,2,440.0,583.0,2,418.0,552.0,617.0,552.0,18.0,103290.0,68
2023-05-11 09:03:18,ru2401C14250,ru2401C14250,564.0,0.0,0.0,0.0,2,440.0,583.0,2,418.0,552.0,617.0,552.0,18.0,103290.0,68
2023-05-11 09:03:18,ru2401C14250,ru2401C14250,564.0,0.0,0.0,0.0,1,441.0,583.0,2,418.0,552.0,617.0,552.0,18.0,103290.0,68
2023-05-11 09:03:19,ru2401C14250,ru2401C14250,564.0,0.0,0.0,0.0,2,442.0,583.0,2,418.0,552.0,617.0,552.0,18.0,103290.0,68
2023-05-11 09:03:19,ru2401C14250,ru2401C14250,564.0,0.0,0.0,0.0,2,442.0,583.0,2,418.0,552.0,617.0,552.0,18.0,103290.0,68
2023-05-11 09:03:20,ru2401C14250,ru2401C14250,564.0,0.0,0.0,0.0,1,443.0,583.0,2,418.0,552.0,617.0,552.0,18.0,103290.0,68
2023-05-11 09:03:21,ru2401C14250,ru2401C14250,564.0,0.0,0.0,0.0,2,444.0,583.0,2,418.0,552.0,617.0,552.0,18.0,103290.0,68
2023-05-11 09:03:21,ru2401C14250,ru2401C14250,564.0,0.0,0.0,0.0,2,444.0,583.0,2,418.0,552.0,617.0,552.0,18.0,103290.0,68
2023-05-11 09:03:22,ru2401C14250,ru2401C14250,564.0,0.0,0.0,0.0,1,445.0,583.0,2,418.0,552.0,617.0,552.0,18.0,103290.0,68
2023-05-11 09:03:22,ru2401C14250,ru2401C14250,564.0,0.0,0.0,0.0,1,445.0,583.0,2,418.0,552.0,617.0,552.0,18.0,103290.0,68
2023-05-11 09:07:12,ru2401C14250,ru2401C14250,564.0,0.0,0.0,0.0,2,446.0,583.0,2,418.0,552.0,617.0,552.0,18.0,103290.0,68
2023-05-11 09:07:12,ru2401C14250,ru2401C14250,564.0,0.0,0.0,0.0,2,446.0,583.0,2,418.0,552.0,617.0,552.0,18.0,103290.0,68
2023-05-11 09:07:13,ru2401C14250,ru2401C14250,564.0,0.0,0.0,0.0,1,447.0,583.0,2,418.0,552.0,617.0,552.0,18.0,103290.0,68
2023-05-11 09:07:13,ru2401C14250,ru2401C14250,564.0,0.0,0.0,0.0,1,447.0,583.0,2,418.0,552.0,617.0,552.0,18.0,103290.0,68
2023-05-11 09:07:20,ru2401C14250,ru2401C14250,564.0,0.0,0.0,0.0,2,448.0,583.0,2,418.0,552.0,617.0,552.0,18.0,103290.0,68
2023-05-11 09:07:20,ru2401C14250,ru2401C14250,564.0,0.0,0.0,0.0,2,448.0,583.0,2,418.0,552.0,617.0,552.0,18.0,103290.0,68
2023-05-11 09:07:21,ru2401C14250,ru2401C14250,564.0,0.0,0.0,0.0,1,449.0,583.0,2,418.0,552.0,617.0,552.0,18.0,103290.0,68
2023-05-11 09:07:21,ru2401C14250,ru2401C14250,564.0,0.0,0.0,0.0,1,449.0,583.0,2,418.0,552.0,617.0,552.0,18.0,103290.0,68
2023-05-11 09:07:25,ru2401C14250,ru2401C14250,564.0,0.0,0.0,0.0,2,450.0,583.0,2,418.0,552.0,617.0,552.0,18.0,103290.0,68
2023-05-11 09:07:26,ru2401C14250,ru2401C14250,564.0,0.0,0.0,0.0,2,450.0,583.0,2,418.0,552.0,617.0,552.0,18.0,103290.0,68
2023-05-11 09:07:26,ru2401C14250,ru2401C14250,564.0,0.0,0.0,0.0,1,451.0,583.0,2,418.0,552.0,617.0,552.0,18.0,103290.0,68
2023-05-11 09:07:27,ru2401C14250,ru2401C14250,564.0,0.0,0.0,0.0,1,451.0,583.0,2,418.0,552.0,617.0,552.0,18.0,103290.0,68
2023-05-11 09:07:31,ru2401C14250,ru2401C14250,564.0,0.0,0.0,0.0,2,452.0,583.0,2,418.0,552.0,617.0,552.0,18.0,103290.0,68
2023-05-11 09:07:32,ru2401C14250,ru2401C14250,564.0,0.0,0.0,0.0,2,452.0,583.0,2,418.0,552.0,617.0,552.0,18.0,103290.0,68
2023-05-11 09:07:32,ru2401C14250,ru2401C14250,564.0,0.0,0.0,0.0,1,453.0,583.0,2,418.0,552.0,617.0,552.0,18.0,103290.0,68
