time,symbol_id,symbol_name,last,trade_volume,trade_amount,open_interest_change,bv1,bp1,ap1,av1,yesterday_close,today_open,today_high,today_low,volume,amount,open_interest
2023-05-10 20:59:00,ru2401P12750,ru2401P12750,424.0,0.0,0.0,0.0,3,130.0,0.0,0,424.0,377.0,0.0,0.0,0.0,0.0,10
2023-05-10 21:00:16,ru2401P12750,ru2401P12750,424.0,0.0,0.0,0.0,1,131.0,0.0,0,424.0,377.0,0.0,0.0,0.0,0.0,10
2023-05-10 21:00:33,ru2401P12750,ru2401P12750,424.0,0.0,0.0,0.0,1,131.0,0.0,0,424.0,377.0,0.0,0.0,0.0,0.0,10
2023-05-10 21:01:40,ru2401P12750,ru2401P12750,424.0,0.0,0.0,0.0,2,132.0,0.0,0,424.0,377.0,0.0,0.0,0.0,0.0,10
2023-05-10 21:01:41,ru2401P12750,ru2401P12750,424.0,0.0,0.0,0.0,2,132.0,0.0,0,424.0,377.0,0.0,0.0,0.0,0.0,10
2023-05-10 21:01:41,ru2401P12750,ru2401P12750,424.0,0.0,0.0,0.0,1,135.0,1541.0,1,424.0,377.0,0.0,0.0,0.0,0.0,10
2023-05-10 21:01:42,ru2401P12750,ru2401P12750,424.0,0.0,0.0,0.0,1,135.0,1540.0,1,424.0,377.0,0.0,0.0,0.0,0.0,10
2023-05-10 21:01:42,ru2401P12750,ru2401P12750,424.0,0.0,0.0,0.0,1,136.0,1540.0,1,424.0,377.0,0.0,0.0,0.0,0.0,10
2023-05-10 21:01:43,ru2401P12750,ru2401P12750,424.0,0.0,0.0,0.0,1,136.0,1540.0,1,424.0,377.0,0.0,0.0,0.0,0.0,10
2023-05-10 21:01:46,ru2401P12750,ru2401P12750,424.0,0.0,0.0,0.0,1,139.0,1537.0,1,424.0,377.0,0.0,0.0,0.0,0.0,10
2023-05-10 21:01:47,ru2401P12750,ru2401P12750,424.0,0.0,0.0,0.0,1,139.0,1537.0,1,424.0,377.0,0.0,0.0,0.0,0.0,10
2023-05-10 21:01:47,ru2401P12750,ru2401P12750,424.0,0.0,0.0,0.0,1,140.0,1536.0,1,424.0,377.0,0.0,0.0,0.0,0.0,10
2023-05-10 21:01:48,ru2401P12750,ru2401P12750,424.0,0.0,0.0,0.0,1,140.0,1536.0,1,424.0,377.0,0.0,0.0,0.0,0.0,10
2023-05-10 21:01:53,ru2401P12750,ru2401P12750,424.0,0.0,0.0,0.0,1,143.0,1533.0,1,424.0,377.0,0.0,0.0,0.0,0.0,10
2023-05-10 21:01:54,ru2401P12750,ru2401P12750,424.0,0.0,0.0,0.0,1,143.0,1533.0,1,424.0,377.0,0.0,0.0,0.0,0.0,10
2023-05-10 21:01:54,ru2401P12750,ru2401P12750,424.0,0.0,0.0,0.0,1,144.0,1532.0,1,424.0,377.0,0.0,0.0,0.0,0.0,10
2023-05-10 21:01:55,ru2401P12750,ru2401P12750,424.0,0.0,0.0,0.0,1,144.0,1532.0,1,424.0,377.0,0.0,0.0,0.0,0.0,10
2023-05-10 21:02:01,ru2401P12750,ru2401P12750,424.0,0.0,0.0,0.0,1,147.0,1529.0,1,424.0,377.0,0.0,0.0,0.0,0.0,10
2023-05-10 21:02:01,ru2401P12750,ru2401P12750,424.0,0.0,0.0,0.0,1,147.0,1529.0,1,424.0,377.0,0.0,0.0,0.0,0.0,10
2023-05-10 21:02:02,ru2401P12750,ru2401P12750,424.0,0.0,0.0,0.0,1,148.0,1528.0,1,424.0,377.0,0.0,0.0,0.0,0.0,10
2023-05-10 21:02:02,ru2401P12750,ru2401P12750,424.0,0.0,0.0,0.0,1,148.0,1528.0,1,424.0,377.0,0.0,0.0,0.0,0.0,10
2023-05-10 21:02:06,ru2401P12750,ru2401P12750,424.0,0.0,0.0,0.0,1,151.0,1525.0,1,424.0,377.0,0.0,0.0,0.0,0.0,10
2023-05-10 21:02:07,ru2401P12750,ru2401P12750,424.0,0.0,0.0,0.0,1,151.0,1525.0,1,424.0,377.0,0.0,0.0,0.0,0.0,10
2023-05-10 21:02:07,ru2401P12750,ru2401P12750,424.0,0.0,0.0,0.0,1,152.0,1524.0,1,424.0,377.0,0.0,0.0,0.0,0.0,10
2023-05-10 21:02:08,ru2401P12750,ru2401P12750,424.0,0.0,0.0,0.0,1,152.0,1524.0,1,424.0,377.0,0.0,0.0,0.0,0.0,10
2023-05-10 21:02:19,ru2401P12750,ru2401P12750,424.0,0.0,0.0,0.0,1,155.0,1521.0,1,424.0,377.0,0.0,0.0,0.0,0.0,10
2023-05-10 21:02:20,ru2401P12750,ru2401P12750,424.0,0.0,0.0,0.0,1,155.0,1521.0,1,424.0,377.0,0.0,0.0,0.0,0.0,10
2023-05-10 21:02:20,ru2401P12750,ru2401P12750,424.0,0.0,0.0,0.0,1,156.0,1520.0,1,424.0,377.0,0.0,0.0,0.0,0.0,10
2023-05-10 21:02:21,ru2401P12750,ru2401P12750,424.0,0.0,0.0,0.0,1,156.0,1520.0,1,424.0,377.0,0.0,0.0,0.0,0.0,10
2023-05-10 21:02:21,ru2401P12750,ru2401P12750,424.0,0.0,0.0,0.0,1,159.0,1517.0,1,424.0,377.0,0.0,0.0,0.0,0.0,10
2023-05-10 21:02:22,ru2401P12750,ru2401P12750,424.0,0.0,0.0,0.0,1,159.0,1517.0,1,424.0,377.0,0.0,0.0,0.0,0.0,10
2023-05-10 21:02:22,ru2401P12750,ru2401P12750,424.0,0.0,0.0,0.0,1,160.0,1516.0,1,424.0,377.0,0.0,0.0,0.0,0.0,10
2023-05-10 21:02:23,ru2401P12750,ru2401P12750,424.0,0.0,0.0,0.0,1,160.0,1516.0,1,424.0,377.0,0.0,0.0,0.0,0.0,10
2023-05-10 21:02:27,ru2401P12750,ru2401P12750,424.0,0.0,0.0,0.0,1,163.0,1513.0,1,424.0,377.0,0.0,0.0,0.0,0.0,10
2023-05-10 21:02:28,ru2401P12750,ru2401P12750,424.0,0.0,0.0,0.0,1,163.0,1513.0,1,424.0,377.0,0.0,0.0,0.0,0.0,10
2023-05-10 21:02:28,ru2401P12750,ru2401P12750,424.0,0.0,0.0,0.0,1,164.0,1512.0,1,424.0,377.0,0.0,0.0,0.0,0.0,10
2023-05-10 21:02:29,ru2401P12750,ru2401P12750,424.0,0.0,0.0,0.0,1,164.0,1512.0,1,424.0,377.0,0.0,0.0,0.0,0.0,10
2023-05-10 21:02:29,ru2401P12750,ru2401P12750,424.0,0.0,0.0,0.0,1,167.0,1509.0,1,424.0,377.0,0.0,0.0,0.0,0.0,10
2023-05-10 21:02:30,ru2401P12750,ru2401P12750,424.0,0.0,0.0,0.0,1,167.0,1509.0,1,424.0,377.0,0.0,0.0,0.0,0.0,10
2023-05-10 21:02:30,ru2401P12750,ru2401P12750,424.0,0.0,0.0,0.0,1,168.0,1508.0,1,424.0,377.0,0.0,0.0,0.0,0.0,10
2023-05-10 21:02:31,ru2401P12750,ru2401P12750,424.0,0.0,0.0,0.0,1,168.0,1508.0,1,424.0,377.0,0.0,0.0,0.0,0.0,10
2023-05-10 21:02:33,ru2401P12750,ru2401P12750,424.0,0.0,0.0,0.0,1,168.0,1508.0,1,424.0,377.0,0.0,0.0,0.0,0.0,10
2023-05-10 21:02:33,ru2401P12750,ru2401P12750,424.0,0.0,0.0,0.0,1,171.0,1505.0,1,424.0,377.0,0.0,0.0,0.0,0.0,10
2023-05-10 21:02:34,ru2401P12750,ru2401P12750,424.0,0.0,0.0,0.0,1,171.0,1505.0,1,424.0,377.0,0.0,0.0,0.0,0.0,10
2023-05-10 21:02:34,ru2401P12750,ru2401P12750,424.0,0.0,0.0,0.0,1,172.0,1504.0,1,424.0,377.0,0.0,0.0,0.0,0.0,10
2023-05-10 21:02:35,ru2401P12750,ru2401P12750,424.0,0.0,0.0,0.0,1,172.0,1504.0,1,424.0,377.0,0.0,0.0,0.0,0.0,10
2023-05-10 21:02:40,ru2401P12750,ru2401P12750,424.0,0.0,0.0,0.0,1,175.0,1501.0,1,424.0,377.0,0.0,0.0,0.0,0.0,10
2023-05-10 21:02:41,ru2401P12750,ru2401P12750,424.0,0.0,0.0,0.0,1,175.0,1501.0,1,424.0,377.0,0.0,0.0,0.0,0.0,10
2023-05-10 21:02:41,ru2401P12750,ru2401P12750,424.0,0.0,0.0,0.0,1,176.0,1500.0,1,424.0,377.0,0.0,0.0,0.0,0.0,10
2023-05-10 21:02:42,ru2401P12750,ru2401P12750,424.0,0.0,0.0,0.0,1,176.0,1500.0,1,424.0,377.0,0.0,0.0,0.0,0.0,10
2023-05-10 21:02:43,ru2401P12750,ru2401P12750,424.0,0.0,0.0,0.0,1,179.0,1497.0,1,424.0,377.0,0.0,0.0,0.0,0.0,10
2023-05-10 21:02:44,ru2401P12750,ru2401P12750,424.0,0.0,0.0,0.0,1,179.0,1497.0,1,424.0,377.0,0.0,0.0,0.0,0.0,10
2023-05-10 21:02:44,ru2401P12750,ru2401P12750,424.0,0.0,0.0,0.0,1,180.0,1496.0,1,424.0,377.0,0.0,0.0,0.0,0.0,10
2023-05-10 21:02:45,ru2401P12750,ru2401P12750,424.0,0.0,0.0,0.0,1,180.0,1496.0,1,424.0,377.0,0.0,0.0,0.0,0.0,10
2023-05-10 21:02:47,ru2401P12750,ru2401P12750,424.0,0.0,0.0,0.0,1,183.0,1493.0,1,424.0,377.0,0.0,0.0,0.0,0.0,10
2023-05-10 21:02:48,ru2401P12750,ru2401P12750,424.0,0.0,0.0,0.0,1,183.0,1493.0,1,424.0,377.0,0.0,0.0,0.0,0.0,10
2023-05-10 21:02:48,ru2401P12750,ru2401P12750,424.0,0.0,0.0,0.0,1,184.0,1492.0,1,424.0,377.0,0.0,0.0,0.0,0.0,10
2023-05-10 21:02:49,ru2401P12750,ru2401P12750,424.0,0.0,0.0,0.0,1,184.0,1492.0,1,424.0,377.0,0.0,0.0,0.0,0.0,10
2023-05-10 21:02:51,ru2401P12750,ru2401P12750,424.0,0.0,0.0,0.0,1,187.0,1489.0,1,424.0,377.0,0.0,0.0,0.0,0.0,10
2023-05-10 21:02:52,ru2401P12750,ru2401P12750,424.0,0.0,0.0,0.0,1,187.0,1489.0,1,424.0,377.0,0.0,0.0,0.0,0.0,10
2023-05-10 21:02:52,ru2401P12750,ru2401P12750,424.0,0.0,0.0,0.0,1,188.0,1488.0,1,424.0,377.0,0.0,0.0,0.0,0.0,10
2023-05-10 21:02:53,ru2401P12750,ru2401P12750,424.0,0.0,0.0,0.0,1,191.0,1485.0,1,424.0,377.0,0.0,0.0,0.0,0.0,10
2023-05-10 21:02:53,ru2401P12750,ru2401P12750,424.0,0.0,0.0,0.0,1,191.0,1485.0,1,424.0,377.0,0.0,0.0,0.0,0.0,10
2023-05-10 21:02:54,ru2401P12750,ru2401P12750,424.0,0.0,0.0,0.0,1,192.0,1484.0,1,424.0,377.0,0.0,0.0,0.0,0.0,10
2023-05-10 21:02:54,ru2401P12750,ru2401P12750,424.0,0.0,0.0,0.0,1,192.0,1484.0,1,424.0,377.0,0.0,0.0,0.0,0.0,10
2023-05-10 21:03:00,ru2401P12750,ru2401P12750,424.0,0.0,0.0,0.0,1,195.0,1481.0,1,424.0,377.0,0.0,0.0,0.0,0.0,10
2023-05-10 21:03:00,ru2401P12750,ru2401P12750,424.0,0.0,0.0,0.0,2,196.0,1481.0,1,424.0,377.0,0.0,0.0,0.0,0.0,10
2023-05-10 21:03:01,ru2401P12750,ru2401P12750,424.0,0.0,0.0,0.0,1,199.0,1480.0,1,424.0,377.0,0.0,0.0,0.0,0.0,10
2023-05-10 21:03:01,ru2401P12750,ru2401P12750,424.0,0.0,0.0,0.0,1,199.0,1480.0,1,424.0,377.0,0.0,0.0,0.0,0.0,10
2023-05-10 21:03:02,ru2401P12750,ru2401P12750,424.0,0.0,0.0,0.0,1,200.0,1480.0,1,424.0,377.0,0.0,0.0,0.0,0.0,10
2023-05-10 21:03:02,ru2401P12750,ru2401P12750,424.0,0.0,0.0,0.0,1,200.0,1480.0,1,424.0,377.0,0.0,0.0,0.0,0.0,10
2023-05-10 21:03:06,ru2401P12750,ru2401P12750,424.0,0.0,0.0,0.0,1,203.0,1477.0,1,424.0,377.0,0.0,0.0,0.0,0.0,10
2023-05-10 21:03:06,ru2401P12750,ru2401P12750,424.0,0.0,0.0,0.0,1,203.0,1477.0,1,424.0,377.0,0.0,0.0,0.0,0.0,10
2023-05-10 21:03:07,ru2401P12750,ru2401P12750,424.0,0.0,0.0,0.0,1,204.0,1476.0,1,424.0,377.0,0.0,0.0,0.0,0.0,10
2023-05-10 21:03:07,ru2401P12750,ru2401P12750,424.0,0.0,0.0,0.0,1,204.0,1476.0,1,424.0,377.0,0.0,0.0,0.0,0.0,10
2023-05-10 21:03:10,ru2401P12750,ru2401P12750,424.0,0.0,0.0,0.0,1,207.0,1476.0,1,424.0,377.0,0.0,0.0,0.0,0.0,10
2023-05-10 21:03:10,ru2401P12750,ru2401P12750,424.0,0.0,0.0,0.0,1,207.0,1476.0,1,424.0,377.0,0.0,0.0,0.0,0.0,10
2023-05-10 21:03:11,ru2401P12750,ru2401P12750,424.0,0.0,0.0,0.0,1,208.0,1476.0,1,424.0,377.0,0.0,0.0,0.0,0.0,10
2023-05-10 21:03:11,ru2401P12750,ru2401P12750,424.0,0.0,0.0,0.0,1,208.0,1476.0,1,424.0,377.0,0.0,0.0,0.0,0.0,10
2023-05-10 21:03:13,ru2401P12750,ru2401P12750,424.0,0.0,0.0,0.0,1,208.0,1473.0,1,424.0,377.0,0.0,0.0,0.0,0.0,10
2023-05-10 21:03:14,ru2401P12750,ru2401P12750,424.0,0.0,0.0,0.0,1,211.0,1473.0,1,424.0,377.0,0.0,0.0,0.0,0.0,10
2023-05-10 21:03:14,ru2401P12750,ru2401P12750,424.0,0.0,0.0,0.0,1,211.0,1472.0,1,424.0,377.0,0.0,0.0,0.0,0.0,10
2023-05-10 21:03:15,ru2401P12750,ru2401P12750,424.0,0.0,0.0,0.0,1,212.0,1472.0,1,424.0,377.0,0.0,0.0,0.0,0.0,10
2023-05-10 21:03:15,ru2401P12750,ru2401P12750,424.0,0.0,0.0,0.0,1,212.0,1472.0,1,424.0,377.0,0.0,0.0,0.0,0.0,10
2023-05-10 21:03:17,ru2401P12750,ru2401P12750,424.0,0.0,0.0,0.0,1,215.0,1469.0,1,424.0,377.0,0.0,0.0,0.0,0.0,10
2023-05-10 21:03:17,ru2401P12750,ru2401P12750,424.0,0.0,0.0,0.0,1,215.0,1469.0,1,424.0,377.0,0.0,0.0,0.0,0.0,10
2023-05-10 21:03:18,ru2401P12750,ru2401P12750,424.0,0.0,0.0,0.0,1,216.0,1468.0,1,424.0,377.0,0.0,0.0,0.0,0.0,10
2023-05-10 21:03:18,ru2401P12750,ru2401P12750,424.0,0.0,0.0,0.0,1,216.0,1468.0,1,424.0,377.0,0.0,0.0,0.0,0.0,10
2023-05-10 21:03:19,ru2401P12750,ru2401P12750,424.0,0.0,0.0,0.0,1,216.0,1465.0,1,424.0,377.0,0.0,0.0,0.0,0.0,10
2023-05-10 21:03:19,ru2401P12750,ru2401P12750,424.0,0.0,0.0,0.0,1,216.0,1465.0,1,424.0,377.0,0.0,0.0,0.0,0.0,10
2023-05-10 21:03:20,ru2401P12750,ru2401P12750,424.0,0.0,0.0,0.0,1,216.0,1464.0,1,424.0,377.0,0.0,0.0,0.0,0.0,10
2023-05-10 21:03:20,ru2401P12750,ru2401P12750,424.0,0.0,0.0,0.0,1,216.0,1464.0,1,424.0,377.0,0.0,0.0,0.0,0.0,10
2023-05-10 21:03:26,ru2401P12750,ru2401P12750,424.0,0.0,0.0,0.0,1,216.0,1461.0,1,424.0,377.0,0.0,0.0,0.0,0.0,10
2023-05-10 21:03:27,ru2401P12750,ru2401P12750,424.0,0.0,0.0,0.0,1,216.0,1461.0,1,424.0,377.0,0.0,0.0,0.0,0.0,10
2023-05-10 21:03:27,ru2401P12750,ru2401P12750,424.0,0.0,0.0,0.0,1,216.0,1460.0,1,424.0,377.0,0.0,0.0,0.0,0.0,10
2023-05-10 21:03:28,ru2401P12750,ru2401P12750,424.0,0.0,0.0,0.0,1,216.0,1460.0,1,424.0,377.0,0.0,0.0,0.0,0.0,10
2023-05-10 21:03:31,ru2401P12750,ru2401P12750,424.0,0.0,0.0,0.0,1,216.0,1457.0,1,424.0,377.0,0.0,0.0,0.0,0.0,10
2023-05-10 21:03:31,ru2401P12750,ru2401P12750,424.0,0.0,0.0,0.0,1,216.0,1457.0,1,424.0,377.0,0.0,0.0,0.0,0.0,10
2023-05-10 21:03:32,ru2401P12750,ru2401P12750,424.0,0.0,0.0,0.0,1,216.0,1456.0,1,424.0,377.0,0.0,0.0,0.0,0.0,10
2023-05-10 21:03:32,ru2401P12750,ru2401P12750,424.0,0.0,0.0,0.0,1,216.0,1453.0,1,424.0,377.0,0.0,0.0,0.0,0.0,10
2023-05-10 21:03:33,ru2401P12750,ru2401P12750,424.0,0.0,0.0,0.0,1,216.0,1453.0,1,424.0,377.0,0.0,0.0,0.0,0.0,10
2023-05-10 21:03:33,ru2401P12750,ru2401P12750,424.0,0.0,0.0,0.0,1,216.0,1452.0,1,424.0,377.0,0.0,0.0,0.0,0.0,10
2023-05-10 21:03:34,ru2401P12750,ru2401P12750,424.0,0.0,0.0,0.0,1,216.0,1449.0,1,424.0,377.0,0.0,0.0,0.0,0.0,10
2023-05-10 21:03:34,ru2401P12750,ru2401P12750,424.0,0.0,0.0,0.0,1,216.0,1449.0,1,424.0,377.0,0.0,0.0,0.0,0.0,10
2023-05-10 21:03:35,ru2401P12750,ru2401P12750,424.0,0.0,0.0,0.0,1,216.0,1448.0,1,424.0,377.0,0.0,0.0,0.0,0.0,10
2023-05-10 21:03:35,ru2401P12750,ru2401P12750,424.0,0.0,0.0,0.0,1,216.0,1448.0,1,424.0,377.0,0.0,0.0,0.0,0.0,10
2023-05-10 21:03:37,ru2401P12750,ru2401P12750,424.0,0.0,0.0,0.0,1,216.0,1445.0,1,424.0,377.0,0.0,0.0,0.0,0.0,10
2023-05-10 21:03:38,ru2401P12750,ru2401P12750,424.0,0.0,0.0,0.0,1,216.0,1445.0,1,424.0,377.0,0.0,0.0,0.0,0.0,10
2023-05-10 21:03:38,ru2401P12750,ru2401P12750,424.0,0.0,0.0,0.0,1,216.0,1444.0,1,424.0,377.0,0.0,0.0,0.0,0.0,10
2023-05-10 21:03:39,ru2401P12750,ru2401P12750,424.0,0.0,0.0,0.0,1,216.0,1441.0,1,424.0,377.0,0.0,0.0,0.0,0.0,10
2023-05-10 21:03:39,ru2401P12750,ru2401P12750,424.0,0.0,0.0,0.0,1,216.0,1441.0,1,424.0,377.0,0.0,0.0,0.0,0.0,10
2023-05-10 21:03:40,ru2401P12750,ru2401P12750,424.0,0.0,0.0,0.0,1,216.0,1440.0,1,424.0,377.0,0.0,0.0,0.0,0.0,10
2023-05-10 21:03:40,ru2401P12750,ru2401P12750,424.0,0.0,0.0,0.0,1,216.0,1440.0,1,424.0,377.0,0.0,0.0,0.0,0.0,10
2023-05-10 21:03:41,ru2401P12750,ru2401P12750,424.0,0.0,0.0,0.0,1,216.0,1437.0,1,424.0,377.0,0.0,0.0,0.0,0.0,10
2023-05-10 21:03:41,ru2401P12750,ru2401P12750,424.0,0.0,0.0,0.0,1,216.0,1437.0,1,424.0,377.0,0.0,0.0,0.0,0.0,10
2023-05-10 21:03:42,ru2401P12750,ru2401P12750,424.0,0.0,0.0,0.0,1,216.0,1436.0,1,424.0,377.0,0.0,0.0,0.0,0.0,10
2023-05-10 21:03:42,ru2401P12750,ru2401P12750,424.0,0.0,0.0,0.0,1,216.0,1436.0,1,424.0,377.0,0.0,0.0,0.0,0.0,10
2023-05-10 21:03:47,ru2401P12750,ru2401P12750,424.0,0.0,0.0,0.0,1,216.0,1433.0,1,424.0,377.0,0.0,0.0,0.0,0.0,10
2023-05-10 21:03:47,ru2401P12750,ru2401P12750,424.0,0.0,0.0,0.0,1,216.0,1433.0,1,424.0,377.0,0.0,0.0,0.0,0.0,10
2023-05-10 21:03:48,ru2401P12750,ru2401P12750,424.0,0.0,0.0,0.0,1,216.0,1432.0,1,424.0,377.0,0.0,0.0,0.0,0.0,10
2023-05-10 21:03:48,ru2401P12750,ru2401P12750,424.0,0.0,0.0,0.0,1,216.0,1432.0,1,424.0,377.0,0.0,0.0,0.0,0.0,10
2023-05-10 21:03:54,ru2401P12750,ru2401P12750,424.0,0.0,0.0,0.0,1,216.0,1429.0,1,424.0,377.0,0.0,0.0,0.0,0.0,10
2023-05-10 21:03:55,ru2401P12750,ru2401P12750,424.0,0.0,0.0,0.0,1,216.0,1429.0,1,424.0,377.0,0.0,0.0,0.0,0.0,10
2023-05-10 21:03:55,ru2401P12750,ru2401P12750,424.0,0.0,0.0,0.0,1,216.0,1428.0,1,424.0,377.0,0.0,0.0,0.0,0.0,10
2023-05-10 21:03:56,ru2401P12750,ru2401P12750,424.0,0.0,0.0,0.0,1,216.0,1425.0,1,424.0,377.0,0.0,0.0,0.0,0.0,10
2023-05-10 21:03:56,ru2401P12750,ru2401P12750,424.0,0.0,0.0,0.0,1,216.0,1425.0,1,424.0,377.0,0.0,0.0,0.0,0.0,10
2023-05-10 21:03:57,ru2401P12750,ru2401P12750,424.0,0.0,0.0,0.0,1,216.0,1424.0,1,424.0,377.0,0.0,0.0,0.0,0.0,10
2023-05-10 21:03:57,ru2401P12750,ru2401P12750,424.0,0.0,0.0,0.0,1,216.0,1424.0,1,424.0,377.0,0.0,0.0,0.0,0.0,10
2023-05-10 21:03:59,ru2401P12750,ru2401P12750,424.0,0.0,0.0,0.0,1,216.0,1421.0,1,424.0,377.0,0.0,0.0,0.0,0.0,10
2023-05-10 21:03:59,ru2401P12750,ru2401P12750,424.0,0.0,0.0,0.0,1,216.0,1421.0,1,424.0,377.0,0.0,0.0,0.0,0.0,10
2023-05-10 21:04:00,ru2401P12750,ru2401P12750,424.0,0.0,0.0,0.0,1,216.0,1420.0,1,424.0,377.0,0.0,0.0,0.0,0.0,10
2023-05-10 21:04:00,ru2401P12750,ru2401P12750,424.0,0.0,0.0,0.0,1,216.0,1420.0,1,424.0,377.0,0.0,0.0,0.0,0.0,10
2023-05-10 21:04:01,ru2401P12750,ru2401P12750,424.0,0.0,0.0,0.0,1,216.0,1417.0,1,424.0,377.0,0.0,0.0,0.0,0.0,10
2023-05-10 21:04:01,ru2401P12750,ru2401P12750,424.0,0.0,0.0,0.0,1,216.0,1417.0,1,424.0,377.0,0.0,0.0,0.0,0.0,10
2023-05-10 21:04:02,ru2401P12750,ru2401P12750,424.0,0.0,0.0,0.0,1,216.0,1416.0,1,424.0,377.0,0.0,0.0,0.0,0.0,10
2023-05-10 21:04:02,ru2401P12750,ru2401P12750,424.0,0.0,0.0,0.0,3,130.0,1413.0,1,424.0,377.0,0.0,0.0,0.0,0.0,10
2023-05-10 21:04:03,ru2401P12750,ru2401P12750,424.0,0.0,0.0,0.0,2,131.0,1413.0,1,424.0,377.0,0.0,0.0,0.0,0.0,10
2023-05-10 21:04:05,ru2401P12750,ru2401P12750,424.0,0.0,0.0,0.0,1,134.0,1413.0,1,424.0,377.0,0.0,0.0,0.0,0.0,10
2023-05-10 21:04:06,ru2401P12750,ru2401P12750,424.0,0.0,0.0,0.0,2,135.0,1413.0,1,424.0,377.0,0.0,0.0,0.0,0.0,10
2023-05-10 21:04:06,ru2401P12750,ru2401P12750,424.0,0.0,0.0,0.0,1,138.0,1413.0,1,424.0,377.0,0.0,0.0,0.0,0.0,10
2023-05-10 21:04:07,ru2401P12750,ru2401P12750,424.0,0.0,0.0,0.0,1,139.0,1412.0,1,424.0,377.0,0.0,0.0,0.0,0.0,10
2023-05-10 21:04:07,ru2401P12750,ru2401P12750,424.0,0.0,0.0,0.0,1,142.0,1409.0,1,424.0,377.0,0.0,0.0,0.0,0.0,10
2023-05-10 21:04:08,ru2401P12750,ru2401P12750,424.0,0.0,0.0,0.0,1,142.0,1409.0,1,424.0,377.0,0.0,0.0,0.0,0.0,10
2023-05-10 21:04:08,ru2401P12750,ru2401P12750,424.0,0.0,0.0,0.0,3,143.0,1408.0,1,424.0,377.0,0.0,0.0,0.0,0.0,10
2023-05-10 21:04:09,ru2401P12750,ru2401P12750,424.0,0.0,0.0,0.0,3,143.0,1408.0,1,424.0,377.0,0.0,0.0,0.0,0.0,10
2023-05-10 21:04:11,ru2401P12750,ru2401P12750,424.0,0.0,0.0,0.0,1,146.0,1405.0,1,424.0,377.0,0.0,0.0,0.0,0.0,10
2023-05-10 21:04:12,ru2401P12750,ru2401P12750,424.0,0.0,0.0,0.0,2,147.0,1405.0,1,424.0,377.0,0.0,0.0,0.0,0.0,10
2023-05-10 21:04:12,ru2401P12750,ru2401P12750,424.0,0.0,0.0,0.0,1,150.0,1404.0,1,424.0,377.0,0.0,0.0,0.0,0.0,10
2023-05-10 21:04:13,ru2401P12750,ru2401P12750,424.0,0.0,0.0,0.0,1,150.0,1404.0,1,424.0,377.0,0.0,0.0,0.0,0.0,10
2023-05-10 21:04:13,ru2401P12750,ru2401P12750,424.0,0.0,0.0,0.0,1,151.0,1401.0,1,424.0,377.0,0.0,0.0,0.0,0.0,10
2023-05-10 21:04:14,ru2401P12750,ru2401P12750,424.0,0.0,0.0,0.0,2,152.0,1401.0,1,424.0,377.0,0.0,0.0,0.0,0.0,10
2023-05-10 21:04:14,ru2401P12750,ru2401P12750,424.0,0.0,0.0,0.0,2,152.0,1400.0,1,424.0,377.0,0.0,0.0,0.0,0.0,10
2023-05-10 21:04:15,ru2401P12750,ru2401P12750,424.0,0.0,0.0,0.0,1,155.0,1397.0,1,424.0,377.0,0.0,0.0,0.0,0.0,10
2023-05-10 21:04:15,ru2401P12750,ru2401P12750,424.0,0.0,0.0,0.0,1,155.0,1397.0,1,424.0,377.0,0.0,0.0,0.0,0.0,10
2023-05-10 21:04:16,ru2401P12750,ru2401P12750,424.0,0.0,0.0,0.0,1,156.0,1396.0,1,424.0,377.0,0.0,0.0,0.0,0.0,10
2023-05-10 21:04:16,ru2401P12750,ru2401P12750,424.0,0.0,0.0,0.0,2,157.0,1396.0,1,424.0,377.0,0.0,0.0,0.0,0.0,10
2023-05-10 21:04:17,ru2401P12750,ru2401P12750,424.0,0.0,0.0,0.0,1,160.0,1393.0,1,424.0,377.0,0.0,0.0,0.0,0.0,10
2023-05-10 21:04:17,ru2401P12750,ru2401P12750,424.0,0.0,0.0,0.0,1,161.0,1393.0,1,424.0,377.0,0.0,0.0,0.0,0.0,10
2023-05-10 21:04:18,ru2401P12750,ru2401P12750,424.0,0.0,0.0,0.0,1,161.0,1392.0,1,424.0,377.0,0.0,0.0,0.0,0.0,10
2023-05-10 21:04:18,ru2401P12750,ru2401P12750,424.0,0.0,0.0,0.0,1,164.0,1389.0,1,424.0,377.0,0.0,0.0,0.0,0.0,10
2023-05-10 21:04:19,ru2401P12750,ru2401P12750,424.0,0.0,0.0,0.0,1,164.0,1389.0,1,424.0,377.0,0.0,0.0,0.0,0.0,10
2023-05-10 21:04:19,ru2401P12750,ru2401P12750,424.0,0.0,0.0,0.0,1,165.0,1388.0,1,424.0,377.0,0.0,0.0,0.0,0.0,10
2023-05-10 21:04:20,ru2401P12750,ru2401P12750,424.0,0.0,0.0,0.0,1,165.0,1388.0,1,424.0,377.0,0.0,0.0,0.0,0.0,10
2023-05-10 21:04:20,ru2401P12750,ru2401P12750,424.0,0.0,0.0,0.0,2,166.0,1388.0,1,424.0,377.0,0.0,0.0,0.0,0.0,10
2023-05-10 21:04:21,ru2401P12750,ru2401P12750,424.0,0.0,0.0,0.0,1,169.0,1385.0,1,424.0,377.0,0.0,0.0,0.0,0.0,10
2023-05-10 21:04:21,ru2401P12750,ru2401P12750,424.0,0.0,0.0,0.0,1,170.0,1385.0,1,424.0,377.0,0.0,0.0,0.0,0.0,10
2023-05-10 21:04:22,ru2401P12750,ru2401P12750,424.0,0.0,0.0,0.0,1,173.0,1384.0,1,424.0,377.0,0.0,0.0,0.0,0.0,10
2023-05-10 21:04:22,ru2401P12750,ru2401P12750,424.0,0.0,0.0,0.0,1,173.0,1381.0,1,424.0,377.0,0.0,0.0,0.0,0.0,10
2023-05-10 21:04:23,ru2401P12750,ru2401P12750,424.0,0.0,0.0,0.0,3,174.0,1381.0,1,424.0,377.0,0.0,0.0,0.0,0.0,10
2023-05-10 21:04:23,ru2401P12750,ru2401P12750,424.0,0.0,0.0,0.0,1,177.0,1380.0,1,424.0,377.0,0.0,0.0,0.0,0.0,10
2023-05-10 21:04:24,ru2401P12750,ru2401P12750,424.0,0.0,0.0,0.0,1,177.0,1377.0,1,424.0,377.0,0.0,0.0,0.0,0.0,10
2023-05-10 21:04:24,ru2401P12750,ru2401P12750,424.0,0.0,0.0,0.0,3,178.0,1377.0,1,424.0,377.0,0.0,0.0,0.0,0.0,10
2023-05-10 21:04:25,ru2401P12750,ru2401P12750,424.0,0.0,0.0,0.0,3,178.0,1376.0,1,424.0,377.0,0.0,0.0,0.0,0.0,10
2023-05-10 21:04:25,ru2401P12750,ru2401P12750,424.0,0.0,0.0,0.0,3,178.0,1376.0,1,424.0,377.0,0.0,0.0,0.0,0.0,10
2023-05-10 21:04:26,ru2401P12750,ru2401P12750,424.0,0.0,0.0,0.0,1,181.0,1373.0,1,424.0,377.0,0.0,0.0,0.0,0.0,10
2023-05-10 21:04:26,ru2401P12750,ru2401P12750,424.0,0.0,0.0,0.0,1,181.0,1373.0,1,424.0,377.0,0.0,0.0,0.0,0.0,10
2023-05-10 21:04:27,ru2401P12750,ru2401P12750,424.0,0.0,0.0,0.0,3,182.0,1372.0,1,424.0,377.0,0.0,0.0,0.0,0.0,10
2023-05-10 21:04:27,ru2401P12750,ru2401P12750,424.0,0.0,0.0,0.0,1,185.0,1369.0,1,424.0,377.0,0.0,0.0,0.0,0.0,10
2023-05-10 21:04:28,ru2401P12750,ru2401P12750,424.0,0.0,0.0,0.0,2,186.0,1369.0,1,424.0,377.0,0.0,0.0,0.0,0.0,10
2023-05-10 21:04:28,ru2401P12750,ru2401P12750,424.0,0.0,0.0,0.0,1,189.0,1368.0,1,424.0,377.0,0.0,0.0,0.0,0.0,10
2023-05-10 21:04:29,ru2401P12750,ru2401P12750,424.0,0.0,0.0,0.0,2,190.0,1368.0,1,424.0,377.0,0.0,0.0,0.0,0.0,10
2023-05-10 21:04:29,ru2401P12750,ru2401P12750,424.0,0.0,0.0,0.0,1,191.0,1368.0,1,424.0,377.0,0.0,0.0,0.0,0.0,10
2023-05-10 21:04:30,ru2401P12750,ru2401P12750,424.0,0.0,0.0,0.0,1,194.0,1365.0,1,424.0,377.0,0.0,0.0,0.0,0.0,10
2023-05-10 21:04:30,ru2401P12750,ru2401P12750,424.0,0.0,0.0,0.0,1,194.0,1365.0,1,424.0,377.0,0.0,0.0,0.0,0.0,10
2023-05-10 21:04:31,ru2401P12750,ru2401P12750,424.0,0.0,0.0,0.0,3,195.0,1364.0,1,424.0,377.0,0.0,0.0,0.0,0.0,10
2023-05-10 21:04:31,ru2401P12750,ru2401P12750,424.0,0.0,0.0,0.0,1,198.0,1364.0,1,424.0,377.0,0.0,0.0,0.0,0.0,10
2023-05-10 21:04:32,ru2401P12750,ru2401P12750,424.0,0.0,0.0,0.0,1,198.0,1364.0,1,424.0,377.0,0.0,0.0,0.0,0.0,10
2023-05-10 21:04:32,ru2401P12750,ru2401P12750,424.0,0.0,0.0,0.0,1,199.0,1361.0,1,424.0,377.0,0.0,0.0,0.0,0.0,10
2023-05-10 21:04:33,ru2401P12750,ru2401P12750,424.0,0.0,0.0,0.0,1,199.0,1361.0,1,424.0,377.0,0.0,0.0,0.0,0.0,10
2023-05-10 21:04:33,ru2401P12750,ru2401P12750,424.0,0.0,0.0,0.0,1,202.0,1360.0,1,424.0,377.0,0.0,0.0,0.0,0.0,10
2023-05-10 21:04:34,ru2401P12750,ru2401P12750,424.0,0.0,0.0,0.0,1,202.0,1357.0,1,424.0,377.0,0.0,0.0,0.0,0.0,10
2023-05-10 21:04:34,ru2401P12750,ru2401P12750,424.0,0.0,0.0,0.0,1,203.0,1357.0,1,424.0,377.0,0.0,0.0,0.0,0.0,10
2023-05-10 21:04:35,ru2401P12750,ru2401P12750,424.0,0.0,0.0,0.0,1,203.0,1356.0,1,424.0,377.0,0.0,0.0,0.0,0.0,10
2023-05-10 21:04:35,ru2401P12750,ru2401P12750,424.0,0.0,0.0,0.0,1,203.0,1356.0,1,424.0,377.0,0.0,0.0,0.0,0.0,10
2023-05-10 21:04:36,ru2401P12750,ru2401P12750,424.0,0.0,0.0,0.0,1,206.0,1353.0,1,424.0,377.0,0.0,0.0,0.0,0.0,10
2023-05-10 21:04:36,ru2401P12750,ru2401P12750,424.0,0.0,0.0,0.0,1,206.0,1353.0,1,424.0,377.0,0.0,0.0,0.0,0.0,10
2023-05-10 21:04:37,ru2401P12750,ru2401P12750,424.0,0.0,0.0,0.0,1,207.0,1352.0,1,424.0,377.0,0.0,0.0,0.0,0.0,10
2023-05-10 21:04:37,ru2401P12750,ru2401P12750,424.0,0.0,0.0,0.0,1,207.0,1352.0,1,424.0,377.0,0.0,0.0,0.0,0.0,10
2023-05-10 21:04:38,ru2401P12750,ru2401P12750,424.0,0.0,0.0,0.0,1,210.0,1349.0,1,424.0,377.0,0.0,0.0,0.0,0.0,10
2023-05-10 21:04:38,ru2401P12750,ru2401P12750,424.0,0.0,0.0,0.0,1,210.0,1349.0,1,424.0,377.0,0.0,0.0,0.0,0.0,10
2023-05-10 21:04:39,ru2401P12750,ru2401P12750,424.0,0.0,0.0,0.0,1,211.0,1348.0,1,424.0,377.0,0.0,0.0,0.0,0.0,10
2023-05-10 21:04:39,ru2401P12750,ru2401P12750,424.0,0.0,0.0,0.0,1,214.0,1345.0,1,424.0,377.0,0.0,0.0,0.0,0.0,10
2023-05-10 21:04:40,ru2401P12750,ru2401P12750,424.0,0.0,0.0,0.0,1,214.0,1345.0,1,424.0,377.0,0.0,0.0,0.0,0.0,10
2023-05-10 21:04:40,ru2401P12750,ru2401P12750,424.0,0.0,0.0,0.0,1,215.0,1344.0,1,424.0,377.0,0.0,0.0,0.0,0.0,10
2023-05-10 21:04:41,ru2401P12750,ru2401P12750,424.0,0.0,0.0,0.0,1,215.0,1344.0,1,424.0,377.0,0.0,0.0,0.0,0.0,10
2023-05-10 21:04:43,ru2401P12750,ru2401P12750,424.0,0.0,0.0,0.0,1,215.0,1341.0,1,424.0,377.0,0.0,0.0,0.0,0.0,10
2023-05-10 21:04:43,ru2401P12750,ru2401P12750,424.0,0.0,0.0,0.0,1,215.0,1341.0,1,424.0,377.0,0.0,0.0,0.0,0.0,10
2023-05-10 21:04:44,ru2401P12750,ru2401P12750,424.0,0.0,0.0,0.0,1,215.0,1340.0,1,424.0,377.0,0.0,0.0,0.0,0.0,10
2023-05-10 21:04:44,ru2401P12750,ru2401P12750,424.0,0.0,0.0,0.0,1,215.0,1340.0,1,424.0,377.0,0.0,0.0,0.0,0.0,10
2023-05-10 21:04:46,ru2401P12750,ru2401P12750,424.0,0.0,0.0,0.0,1,215.0,1337.0,1,424.0,377.0,0.0,0.0,0.0,0.0,10
2023-05-10 21:04:46,ru2401P12750,ru2401P12750,424.0,0.0,0.0,0.0,1,215.0,1337.0,1,424.0,377.0,0.0,0.0,0.0,0.0,10
2023-05-10 21:04:47,ru2401P12750,ru2401P12750,424.0,0.0,0.0,0.0,1,215.0,1336.0,1,424.0,377.0,0.0,0.0,0.0,0.0,10
2023-05-10 21:04:47,ru2401P12750,ru2401P12750,424.0,0.0,0.0,0.0,1,215.0,1336.0,1,424.0,377.0,0.0,0.0,0.0,0.0,10
2023-05-10 21:04:48,ru2401P12750,ru2401P12750,424.0,0.0,0.0,0.0,1,215.0,1333.0,1,424.0,377.0,0.0,0.0,0.0,0.0,10
2023-05-10 21:04:48,ru2401P12750,ru2401P12750,424.0,0.0,0.0,0.0,1,215.0,1333.0,1,424.0,377.0,0.0,0.0,0.0,0.0,10
2023-05-10 21:04:49,ru2401P12750,ru2401P12750,424.0,0.0,0.0,0.0,1,215.0,1332.0,1,424.0,377.0,0.0,0.0,0.0,0.0,10
2023-05-10 21:04:49,ru2401P12750,ru2401P12750,424.0,0.0,0.0,0.0,1,215.0,1332.0,1,424.0,377.0,0.0,0.0,0.0,0.0,10
2023-05-10 21:04:50,ru2401P12750,ru2401P12750,424.0,0.0,0.0,0.0,1,215.0,1329.0,1,424.0,377.0,0.0,0.0,0.0,0.0,10
2023-05-10 21:04:50,ru2401P12750,ru2401P12750,424.0,0.0,0.0,0.0,1,215.0,1329.0,1,424.0,377.0,0.0,0.0,0.0,0.0,10
2023-05-10 21:04:51,ru2401P12750,ru2401P12750,424.0,0.0,0.0,0.0,1,215.0,1328.0,1,424.0,377.0,0.0,0.0,0.0,0.0,10
2023-05-10 21:04:51,ru2401P12750,ru2401P12750,424.0,0.0,0.0,0.0,1,215.0,1328.0,1,424.0,377.0,0.0,0.0,0.0,0.0,10
2023-05-10 21:04:54,ru2401P12750,ru2401P12750,424.0,0.0,0.0,0.0,1,215.0,1325.0,1,424.0,377.0,0.0,0.0,0.0,0.0,10
2023-05-10 21:04:54,ru2401P12750,ru2401P12750,424.0,0.0,0.0,0.0,1,215.0,1325.0,1,424.0,377.0,0.0,0.0,0.0,0.0,10
2023-05-10 21:04:55,ru2401P12750,ru2401P12750,424.0,0.0,0.0,0.0,1,215.0,1324.0,1,424.0,377.0,0.0,0.0,0.0,0.0,10
2023-05-10 21:04:55,ru2401P12750,ru2401P12750,424.0,0.0,0.0,0.0,1,215.0,1321.0,1,424.0,377.0,0.0,0.0,0.0,0.0,10
2023-05-10 21:04:56,ru2401P12750,ru2401P12750,424.0,0.0,0.0,0.0,1,215.0,1321.0,1,424.0,377.0,0.0,0.0,0.0,0.0,10
2023-05-10 21:04:56,ru2401P12750,ru2401P12750,424.0,0.0,0.0,0.0,1,215.0,1320.0,1,424.0,377.0,0.0,0.0,0.0,0.0,10
2023-05-10 21:04:57,ru2401P12750,ru2401P12750,424.0,0.0,0.0,0.0,1,215.0,1320.0,1,424.0,377.0,0.0,0.0,0.0,0.0,10
2023-05-10 21:04:57,ru2401P12750,ru2401P12750,424.0,0.0,0.0,0.0,1,215.0,1317.0,1,424.0,377.0,0.0,0.0,0.0,0.0,10
2023-05-10 21:04:58,ru2401P12750,ru2401P12750,424.0,0.0,0.0,0.0,1,215.0,1317.0,1,424.0,377.0,0.0,0.0,0.0,0.0,10
2023-05-10 21:04:58,ru2401P12750,ru2401P12750,424.0,0.0,0.0,0.0,1,215.0,1316.0,1,424.0,377.0,0.0,0.0,0.0,0.0,10
2023-05-10 21:04:59,ru2401P12750,ru2401P12750,424.0,0.0,0.0,0.0,1,215.0,1316.0,1,424.0,377.0,0.0,0.0,0.0,0.0,10
2023-05-10 21:04:59,ru2401P12750,ru2401P12750,424.0,0.0,0.0,0.0,1,215.0,1313.0,1,424.0,377.0,0.0,0.0,0.0,0.0,10
2023-05-10 21:05:00,ru2401P12750,ru2401P12750,424.0,0.0,0.0,0.0,1,215.0,1313.0,1,424.0,377.0,0.0,0.0,0.0,0.0,10
2023-05-10 21:05:00,ru2401P12750,ru2401P12750,424.0,0.0,0.0,0.0,1,215.0,1312.0,1,424.0,377.0,0.0,0.0,0.0,0.0,10
2023-05-10 21:05:01,ru2401P12750,ru2401P12750,424.0,0.0,0.0,0.0,1,215.0,1312.0,1,424.0,377.0,0.0,0.0,0.0,0.0,10
2023-05-10 21:05:01,ru2401P12750,ru2401P12750,424.0,0.0,0.0,0.0,1,215.0,1309.0,1,424.0,377.0,0.0,0.0,0.0,0.0,10
2023-05-10 21:05:02,ru2401P12750,ru2401P12750,424.0,0.0,0.0,0.0,1,215.0,1309.0,1,424.0,377.0,0.0,0.0,0.0,0.0,10
2023-05-10 21:05:02,ru2401P12750,ru2401P12750,424.0,0.0,0.0,0.0,1,215.0,1308.0,1,424.0,377.0,0.0,0.0,0.0,0.0,10
2023-05-10 21:05:03,ru2401P12750,ru2401P12750,424.0,0.0,0.0,0.0,1,215.0,1305.0,1,424.0,377.0,0.0,0.0,0.0,0.0,10
2023-05-10 21:05:03,ru2401P12750,ru2401P12750,424.0,0.0,0.0,0.0,1,215.0,1305.0,1,424.0,377.0,0.0,0.0,0.0,0.0,10
2023-05-10 21:05:04,ru2401P12750,ru2401P12750,424.0,0.0,0.0,0.0,1,215.0,1304.0,1,424.0,377.0,0.0,0.0,0.0,0.0,10
2023-05-10 21:05:04,ru2401P12750,ru2401P12750,424.0,0.0,0.0,0.0,1,215.0,1304.0,1,424.0,377.0,0.0,0.0,0.0,0.0,10
2023-05-10 21:05:05,ru2401P12750,ru2401P12750,424.0,0.0,0.0,0.0,1,215.0,1301.0,1,424.0,377.0,0.0,0.0,0.0,0.0,10
2023-05-10 21:05:05,ru2401P12750,ru2401P12750,424.0,0.0,0.0,0.0,1,215.0,1301.0,1,424.0,377.0,0.0,0.0,0.0,0.0,10
2023-05-10 21:05:06,ru2401P12750,ru2401P12750,424.0,0.0,0.0,0.0,1,215.0,1300.0,1,424.0,377.0,0.0,0.0,0.0,0.0,10
2023-05-10 21:05:06,ru2401P12750,ru2401P12750,424.0,0.0,0.0,0.0,1,215.0,1300.0,1,424.0,377.0,0.0,0.0,0.0,0.0,10
2023-05-10 21:05:07,ru2401P12750,ru2401P12750,424.0,0.0,0.0,0.0,1,215.0,1297.0,1,424.0,377.0,0.0,0.0,0.0,0.0,10
2023-05-10 21:05:08,ru2401P12750,ru2401P12750,424.0,0.0,0.0,0.0,1,215.0,1297.0,1,424.0,377.0,0.0,0.0,0.0,0.0,10
2023-05-10 21:05:08,ru2401P12750,ru2401P12750,424.0,0.0,0.0,0.0,1,215.0,1296.0,1,424.0,377.0,0.0,0.0,0.0,0.0,10
2023-05-10 21:05:09,ru2401P12750,ru2401P12750,424.0,0.0,0.0,0.0,1,215.0,1296.0,1,424.0,377.0,0.0,0.0,0.0,0.0,10
2023-05-10 21:05:09,ru2401P12750,ru2401P12750,424.0,0.0,0.0,0.0,1,215.0,1293.0,1,424.0,377.0,0.0,0.0,0.0,0.0,10
2023-05-10 21:05:10,ru2401P12750,ru2401P12750,424.0,0.0,0.0,0.0,1,215.0,1293.0,1,424.0,377.0,0.0,0.0,0.0,0.0,10
2023-05-10 21:05:10,ru2401P12750,ru2401P12750,424.0,0.0,0.0,0.0,1,215.0,1292.0,1,424.0,377.0,0.0,0.0,0.0,0.0,10
2023-05-10 21:05:11,ru2401P12750,ru2401P12750,424.0,0.0,0.0,0.0,1,215.0,1292.0,1,424.0,377.0,0.0,0.0,0.0,0.0,10
2023-05-10 21:05:12,ru2401P12750,ru2401P12750,424.0,0.0,0.0,0.0,1,215.0,1289.0,1,424.0,377.0,0.0,0.0,0.0,0.0,10
2023-05-10 21:05:12,ru2401P12750,ru2401P12750,424.0,0.0,0.0,0.0,1,215.0,1289.0,1,424.0,377.0,0.0,0.0,0.0,0.0,10
2023-05-10 21:05:13,ru2401P12750,ru2401P12750,424.0,0.0,0.0,0.0,1,215.0,1288.0,1,424.0,377.0,0.0,0.0,0.0,0.0,10
2023-05-10 21:05:13,ru2401P12750,ru2401P12750,424.0,0.0,0.0,0.0,1,215.0,1288.0,1,424.0,377.0,0.0,0.0,0.0,0.0,10
2023-05-10 21:05:14,ru2401P12750,ru2401P12750,424.0,0.0,0.0,0.0,1,215.0,1285.0,1,424.0,377.0,0.0,0.0,0.0,0.0,10
2023-05-10 21:05:14,ru2401P12750,ru2401P12750,424.0,0.0,0.0,0.0,1,215.0,1285.0,1,424.0,377.0,0.0,0.0,0.0,0.0,10
2023-05-10 21:05:15,ru2401P12750,ru2401P12750,424.0,0.0,0.0,0.0,1,215.0,1284.0,1,424.0,377.0,0.0,0.0,0.0,0.0,10
2023-05-10 21:05:15,ru2401P12750,ru2401P12750,424.0,0.0,0.0,0.0,1,215.0,1284.0,1,424.0,377.0,0.0,0.0,0.0,0.0,10
2023-05-10 21:05:16,ru2401P12750,ru2401P12750,424.0,0.0,0.0,0.0,1,215.0,1281.0,1,424.0,377.0,0.0,0.0,0.0,0.0,10
2023-05-10 21:05:16,ru2401P12750,ru2401P12750,424.0,0.0,0.0,0.0,1,215.0,1281.0,1,424.0,377.0,0.0,0.0,0.0,0.0,10
2023-05-10 21:05:17,ru2401P12750,ru2401P12750,424.0,0.0,0.0,0.0,1,215.0,1280.0,1,424.0,377.0,0.0,0.0,0.0,0.0,10
2023-05-10 21:05:17,ru2401P12750,ru2401P12750,424.0,0.0,0.0,0.0,1,215.0,1280.0,1,424.0,377.0,0.0,0.0,0.0,0.0,10
2023-05-10 21:05:20,ru2401P12750,ru2401P12750,424.0,0.0,0.0,0.0,1,215.0,1277.0,1,424.0,377.0,0.0,0.0,0.0,0.0,10
2023-05-10 21:05:20,ru2401P12750,ru2401P12750,424.0,0.0,0.0,0.0,1,215.0,1277.0,1,424.0,377.0,0.0,0.0,0.0,0.0,10
2023-05-10 21:05:21,ru2401P12750,ru2401P12750,424.0,0.0,0.0,0.0,1,215.0,1276.0,1,424.0,377.0,0.0,0.0,0.0,0.0,10
2023-05-10 21:05:21,ru2401P12750,ru2401P12750,424.0,0.0,0.0,0.0,1,215.0,1276.0,1,424.0,377.0,0.0,0.0,0.0,0.0,10
2023-05-10 21:05:22,ru2401P12750,ru2401P12750,424.0,0.0,0.0,0.0,1,215.0,1273.0,1,424.0,377.0,0.0,0.0,0.0,0.0,10
2023-05-10 21:05:22,ru2401P12750,ru2401P12750,424.0,0.0,0.0,0.0,1,215.0,1273.0,1,424.0,377.0,0.0,0.0,0.0,0.0,10
2023-05-10 21:05:23,ru2401P12750,ru2401P12750,424.0,0.0,0.0,0.0,1,215.0,1272.0,1,424.0,377.0,0.0,0.0,0.0,0.0,10
2023-05-10 21:05:23,ru2401P12750,ru2401P12750,424.0,0.0,0.0,0.0,1,215.0,1272.0,1,424.0,377.0,0.0,0.0,0.0,0.0,10
2023-05-10 21:05:24,ru2401P12750,ru2401P12750,424.0,0.0,0.0,0.0,1,215.0,1269.0,1,424.0,377.0,0.0,0.0,0.0,0.0,10
2023-05-10 21:05:24,ru2401P12750,ru2401P12750,424.0,0.0,0.0,0.0,1,215.0,1269.0,1,424.0,377.0,0.0,0.0,0.0,0.0,10
2023-05-10 21:05:25,ru2401P12750,ru2401P12750,424.0,0.0,0.0,0.0,1,215.0,1268.0,1,424.0,377.0,0.0,0.0,0.0,0.0,10
2023-05-10 21:05:25,ru2401P12750,ru2401P12750,424.0,0.0,0.0,0.0,1,215.0,1268.0,1,424.0,377.0,0.0,0.0,0.0,0.0,10
2023-05-10 21:05:27,ru2401P12750,ru2401P12750,424.0,0.0,0.0,0.0,1,215.0,1265.0,1,424.0,377.0,0.0,0.0,0.0,0.0,10
2023-05-10 21:05:27,ru2401P12750,ru2401P12750,424.0,0.0,0.0,0.0,1,215.0,1265.0,1,424.0,377.0,0.0,0.0,0.0,0.0,10
2023-05-10 21:05:28,ru2401P12750,ru2401P12750,424.0,0.0,0.0,0.0,1,215.0,1264.0,1,424.0,377.0,0.0,0.0,0.0,0.0,10
2023-05-10 21:05:28,ru2401P12750,ru2401P12750,424.0,0.0,0.0,0.0,1,215.0,1264.0,1,424.0,377.0,0.0,0.0,0.0,0.0,10
2023-05-10 21:05:33,ru2401P12750,ru2401P12750,424.0,0.0,0.0,0.0,1,215.0,1261.0,1,424.0,377.0,0.0,0.0,0.0,0.0,10
2023-05-10 21:05:33,ru2401P12750,ru2401P12750,424.0,0.0,0.0,0.0,1,215.0,1261.0,1,424.0,377.0,0.0,0.0,0.0,0.0,10
2023-05-10 21:05:34,ru2401P12750,ru2401P12750,424.0,0.0,0.0,0.0,1,215.0,1260.0,1,424.0,377.0,0.0,0.0,0.0,0.0,10
2023-05-10 21:05:34,ru2401P12750,ru2401P12750,424.0,0.0,0.0,0.0,1,215.0,1260.0,1,424.0,377.0,0.0,0.0,0.0,0.0,10
2023-05-10 21:05:35,ru2401P12750,ru2401P12750,424.0,0.0,0.0,0.0,1,215.0,1257.0,1,424.0,377.0,0.0,0.0,0.0,0.0,10
2023-05-10 21:05:35,ru2401P12750,ru2401P12750,424.0,0.0,0.0,0.0,1,215.0,1257.0,1,424.0,377.0,0.0,0.0,0.0,0.0,10
2023-05-10 21:05:36,ru2401P12750,ru2401P12750,424.0,0.0,0.0,0.0,1,215.0,1256.0,1,424.0,377.0,0.0,0.0,0.0,0.0,10
2023-05-10 21:05:36,ru2401P12750,ru2401P12750,424.0,0.0,0.0,0.0,1,215.0,1256.0,1,424.0,377.0,0.0,0.0,0.0,0.0,10
2023-05-10 21:05:37,ru2401P12750,ru2401P12750,424.0,0.0,0.0,0.0,3,130.0,1253.0,1,424.0,377.0,0.0,0.0,0.0,0.0,10
2023-05-10 21:05:38,ru2401P12750,ru2401P12750,424.0,0.0,0.0,0.0,2,131.0,1253.0,1,424.0,377.0,0.0,0.0,0.0,0.0,10
2023-05-10 21:05:39,ru2401P12750,ru2401P12750,424.0,0.0,0.0,0.0,2,383.0,436.0,2,424.0,377.0,0.0,0.0,0.0,0.0,10
2023-05-10 21:05:39,ru2401P12750,ru2401P12750,424.0,0.0,0.0,0.0,4,383.0,436.0,4,424.0,377.0,0.0,0.0,0.0,0.0,10
2023-05-10 21:06:04,ru2401P12750,ru2401P12750,424.0,0.0,0.0,0.0,2,392.0,427.0,2,424.0,377.0,0.0,0.0,0.0,0.0,10
2023-05-10 21:06:05,ru2401P12750,ru2401P12750,424.0,0.0,0.0,0.0,4,392.0,427.0,4,424.0,377.0,0.0,0.0,0.0,0.0,10
2023-05-10 21:06:07,ru2401P12750,ru2401P12750,424.0,0.0,0.0,0.0,2,392.0,427.0,4,424.0,377.0,0.0,0.0,0.0,0.0,10
2023-05-10 21:06:08,ru2401P12750,ru2401P12750,424.0,0.0,0.0,0.0,4,392.0,427.0,4,424.0,377.0,0.0,0.0,0.0,0.0,10
2023-05-10 21:06:14,ru2401P12750,ru2401P12750,424.0,0.0,0.0,0.0,2,392.0,427.0,4,424.0,377.0,0.0,0.0,0.0,0.0,10
2023-05-10 21:06:18,ru2401P12750,ru2401P12750,424.0,0.0,0.0,0.0,2,392.0,427.0,4,424.0,377.0,0.0,0.0,0.0,0.0,10
2023-05-10 21:06:19,ru2401P12750,ru2401P12750,424.0,0.0,0.0,0.0,2,392.0,427.0,4,424.0,377.0,0.0,0.0,0.0,0.0,10
2023-05-10 21:06:20,ru2401P12750,ru2401P12750,424.0,0.0,0.0,0.0,2,392.0,427.0,4,424.0,377.0,0.0,0.0,0.0,0.0,10
2023-05-10 21:06:22,ru2401P12750,ru2401P12750,424.0,0.0,0.0,0.0,2,392.0,427.0,4,424.0,377.0,0.0,0.0,0.0,0.0,10
2023-05-10 21:06:23,ru2401P12750,ru2401P12750,424.0,0.0,0.0,0.0,2,392.0,427.0,4,424.0,377.0,0.0,0.0,0.0,0.0,10
2023-05-10 21:06:24,ru2401P12750,ru2401P12750,424.0,0.0,0.0,0.0,2,392.0,427.0,4,424.0,377.0,0.0,0.0,0.0,0.0,10
2023-05-10 21:06:24,ru2401P12750,ru2401P12750,424.0,0.0,0.0,0.0,2,392.0,427.0,4,424.0,377.0,0.0,0.0,0.0,0.0,10
2023-05-10 21:06:27,ru2401P12750,ru2401P12750,424.0,0.0,0.0,0.0,2,392.0,427.0,4,424.0,377.0,0.0,0.0,0.0,0.0,10
2023-05-10 21:06:29,ru2401P12750,ru2401P12750,424.0,0.0,0.0,0.0,2,392.0,427.0,4,424.0,377.0,0.0,0.0,0.0,0.0,10
2023-05-10 21:06:29,ru2401P12750,ru2401P12750,424.0,0.0,0.0,0.0,2,392.0,427.0,4,424.0,377.0,0.0,0.0,0.0,0.0,10
2023-05-10 21:06:32,ru2401P12750,ru2401P12750,424.0,0.0,0.0,0.0,2,392.0,427.0,4,424.0,377.0,0.0,0.0,0.0,0.0,10
2023-05-10 21:06:32,ru2401P12750,ru2401P12750,424.0,0.0,0.0,0.0,2,392.0,427.0,4,424.0,377.0,0.0,0.0,0.0,0.0,10
2023-05-10 21:06:33,ru2401P12750,ru2401P12750,424.0,0.0,0.0,0.0,2,392.0,427.0,4,424.0,377.0,0.0,0.0,0.0,0.0,10
2023-05-10 21:06:35,ru2401P12750,ru2401P12750,424.0,0.0,0.0,0.0,2,392.0,427.0,4,424.0,377.0,0.0,0.0,0.0,0.0,10
2023-05-10 21:06:36,ru2401P12750,ru2401P12750,424.0,0.0,0.0,0.0,2,392.0,427.0,4,424.0,377.0,0.0,0.0,0.0,0.0,10
2023-05-10 21:06:36,ru2401P12750,ru2401P12750,424.0,0.0,0.0,0.0,2,392.0,427.0,4,424.0,377.0,0.0,0.0,0.0,0.0,10
2023-05-10 21:06:37,ru2401P12750,ru2401P12750,424.0,0.0,0.0,0.0,2,392.0,427.0,4,424.0,377.0,0.0,0.0,0.0,0.0,10
2023-05-10 21:06:40,ru2401P12750,ru2401P12750,424.0,0.0,0.0,0.0,2,386.0,421.0,2,424.0,377.0,0.0,0.0,0.0,0.0,10
2023-05-10 21:06:41,ru2401P12750,ru2401P12750,424.0,0.0,0.0,0.0,2,386.0,421.0,4,424.0,377.0,0.0,0.0,0.0,0.0,10
2023-05-10 21:06:44,ru2401P12750,ru2401P12750,424.0,0.0,0.0,0.0,2,386.0,421.0,4,424.0,377.0,0.0,0.0,0.0,0.0,10
2023-05-10 21:06:45,ru2401P12750,ru2401P12750,424.0,0.0,0.0,0.0,2,386.0,421.0,4,424.0,377.0,0.0,0.0,0.0,0.0,10
2023-05-10 21:06:46,ru2401P12750,ru2401P12750,424.0,0.0,0.0,0.0,2,386.0,421.0,4,424.0,377.0,0.0,0.0,0.0,0.0,10
2023-05-10 21:06:47,ru2401P12750,ru2401P12750,424.0,0.0,0.0,0.0,2,386.0,421.0,4,424.0,377.0,0.0,0.0,0.0,0.0,10
2023-05-10 21:06:48,ru2401P12750,ru2401P12750,424.0,0.0,0.0,0.0,2,386.0,421.0,4,424.0,377.0,0.0,0.0,0.0,0.0,10
2023-05-10 21:06:49,ru2401P12750,ru2401P12750,424.0,0.0,0.0,0.0,2,386.0,421.0,4,424.0,377.0,0.0,0.0,0.0,0.0,10
2023-05-10 21:06:55,ru2401P12750,ru2401P12750,424.0,0.0,0.0,0.0,2,386.0,421.0,4,424.0,377.0,0.0,0.0,0.0,0.0,10
2023-05-10 21:06:56,ru2401P12750,ru2401P12750,424.0,0.0,0.0,0.0,2,386.0,421.0,4,424.0,377.0,0.0,0.0,0.0,0.0,10
2023-05-10 21:06:59,ru2401P12750,ru2401P12750,424.0,0.0,0.0,0.0,2,386.0,421.0,4,424.0,377.0,0.0,0.0,0.0,0.0,10
2023-05-10 21:07:14,ru2401P12750,ru2401P12750,424.0,0.0,0.0,0.0,2,386.0,421.0,4,424.0,377.0,0.0,0.0,0.0,0.0,10
2023-05-10 21:07:16,ru2401P12750,ru2401P12750,424.0,0.0,0.0,0.0,2,386.0,421.0,4,424.0,377.0,0.0,0.0,0.0,0.0,10
2023-05-10 21:07:21,ru2401P12750,ru2401P12750,424.0,0.0,0.0,0.0,2,386.0,421.0,4,424.0,377.0,0.0,0.0,0.0,0.0,10
2023-05-10 21:07:21,ru2401P12750,ru2401P12750,424.0,0.0,0.0,0.0,2,386.0,421.0,4,424.0,377.0,0.0,0.0,0.0,0.0,10
2023-05-10 21:07:41,ru2401P12750,ru2401P12750,424.0,0.0,0.0,0.0,2,386.0,421.0,4,424.0,377.0,0.0,0.0,0.0,0.0,10
2023-05-10 21:07:44,ru2401P12750,ru2401P12750,424.0,0.0,0.0,0.0,2,386.0,421.0,4,424.0,377.0,0.0,0.0,0.0,0.0,10
2023-05-10 21:07:46,ru2401P12750,ru2401P12750,424.0,0.0,0.0,0.0,2,386.0,421.0,4,424.0,377.0,0.0,0.0,0.0,0.0,10
2023-05-10 21:07:48,ru2401P12750,ru2401P12750,424.0,0.0,0.0,0.0,2,386.0,421.0,4,424.0,377.0,0.0,0.0,0.0,0.0,10
2023-05-10 21:07:51,ru2401P12750,ru2401P12750,424.0,0.0,0.0,0.0,2,386.0,421.0,4,424.0,377.0,0.0,0.0,0.0,0.0,10
2023-05-10 21:07:52,ru2401P12750,ru2401P12750,424.0,0.0,0.0,0.0,2,386.0,421.0,4,424.0,377.0,0.0,0.0,0.0,0.0,10
2023-05-10 21:07:55,ru2401P12750,ru2401P12750,424.0,0.0,0.0,0.0,2,386.0,421.0,4,424.0,377.0,0.0,0.0,0.0,0.0,10
2023-05-10 21:07:59,ru2401P12750,ru2401P12750,424.0,0.0,0.0,0.0,2,386.0,421.0,4,424.0,377.0,0.0,0.0,0.0,0.0,10
2023-05-10 21:08:06,ru2401P12750,ru2401P12750,424.0,0.0,0.0,0.0,2,386.0,421.0,4,424.0,377.0,0.0,0.0,0.0,0.0,10
2023-05-10 21:08:08,ru2401P12750,ru2401P12750,424.0,0.0,0.0,0.0,2,386.0,421.0,4,424.0,377.0,0.0,0.0,0.0,0.0,10
2023-05-10 21:08:08,ru2401P12750,ru2401P12750,424.0,0.0,0.0,0.0,2,386.0,421.0,4,424.0,377.0,0.0,0.0,0.0,0.0,10
2023-05-10 21:08:11,ru2401P12750,ru2401P12750,424.0,0.0,0.0,0.0,2,386.0,421.0,4,424.0,377.0,0.0,0.0,0.0,0.0,10
2023-05-10 21:08:15,ru2401P12750,ru2401P12750,424.0,0.0,0.0,0.0,2,386.0,421.0,4,424.0,377.0,0.0,0.0,0.0,0.0,10
2023-05-10 21:08:16,ru2401P12750,ru2401P12750,424.0,0.0,0.0,0.0,2,386.0,421.0,4,424.0,377.0,0.0,0.0,0.0,0.0,10
2023-05-10 21:08:18,ru2401P12750,ru2401P12750,424.0,0.0,0.0,0.0,2,386.0,421.0,4,424.0,377.0,0.0,0.0,0.0,0.0,10
2023-05-10 21:08:18,ru2401P12750,ru2401P12750,424.0,0.0,0.0,0.0,2,386.0,421.0,4,424.0,377.0,0.0,0.0,0.0,0.0,10
2023-05-10 21:08:25,ru2401P12750,ru2401P12750,424.0,0.0,0.0,0.0,2,386.0,421.0,4,424.0,377.0,0.0,0.0,0.0,0.0,10
2023-05-10 21:08:29,ru2401P12750,ru2401P12750,424.0,0.0,0.0,0.0,2,386.0,421.0,4,424.0,377.0,0.0,0.0,0.0,0.0,10
2023-05-10 21:08:33,ru2401P12750,ru2401P12750,424.0,0.0,0.0,0.0,2,386.0,421.0,4,424.0,377.0,0.0,0.0,0.0,0.0,10
2023-05-10 21:09:03,ru2401P12750,ru2401P12750,424.0,0.0,0.0,0.0,2,381.0,415.0,2,424.0,377.0,0.0,0.0,0.0,0.0,10
2023-05-10 21:09:08,ru2401P12750,ru2401P12750,424.0,0.0,0.0,0.0,2,381.0,415.0,4,424.0,377.0,0.0,0.0,0.0,0.0,10
2023-05-10 21:09:08,ru2401P12750,ru2401P12750,424.0,0.0,0.0,0.0,2,381.0,415.0,4,424.0,377.0,0.0,0.0,0.0,0.0,10
2023-05-10 21:09:12,ru2401P12750,ru2401P12750,424.0,0.0,0.0,0.0,2,381.0,415.0,4,424.0,377.0,0.0,0.0,0.0,0.0,10
2023-05-10 21:09:20,ru2401P12750,ru2401P12750,424.0,0.0,0.0,0.0,2,381.0,415.0,4,424.0,377.0,0.0,0.0,0.0,0.0,10
2023-05-10 21:09:22,ru2401P12750,ru2401P12750,424.0,0.0,0.0,0.0,2,381.0,415.0,4,424.0,377.0,0.0,0.0,0.0,0.0,10
2023-05-10 21:09:23,ru2401P12750,ru2401P12750,424.0,0.0,0.0,0.0,2,381.0,415.0,4,424.0,377.0,0.0,0.0,0.0,0.0,10
2023-05-10 21:09:27,ru2401P12750,ru2401P12750,424.0,0.0,0.0,0.0,2,381.0,415.0,4,424.0,377.0,0.0,0.0,0.0,0.0,10
2023-05-10 21:09:28,ru2401P12750,ru2401P12750,424.0,0.0,0.0,0.0,2,381.0,415.0,4,424.0,377.0,0.0,0.0,0.0,0.0,10
2023-05-10 21:09:28,ru2401P12750,ru2401P12750,424.0,0.0,0.0,0.0,2,381.0,415.0,4,424.0,377.0,0.0,0.0,0.0,0.0,10
2023-05-10 21:09:29,ru2401P12750,ru2401P12750,424.0,0.0,0.0,0.0,2,381.0,415.0,4,424.0,377.0,0.0,0.0,0.0,0.0,10
2023-05-10 21:09:34,ru2401P12750,ru2401P12750,424.0,0.0,0.0,0.0,2,381.0,415.0,4,424.0,377.0,0.0,0.0,0.0,0.0,10
2023-05-10 21:09:35,ru2401P12750,ru2401P12750,424.0,0.0,0.0,0.0,2,375.0,410.0,2,424.0,377.0,0.0,0.0,0.0,0.0,10
2023-05-10 21:09:37,ru2401P12750,ru2401P12750,424.0,0.0,0.0,0.0,2,375.0,410.0,4,424.0,377.0,0.0,0.0,0.0,0.0,10
2023-05-10 21:09:39,ru2401P12750,ru2401P12750,424.0,0.0,0.0,0.0,2,375.0,410.0,4,424.0,377.0,0.0,0.0,0.0,0.0,10
2023-05-10 21:09:48,ru2401P12750,ru2401P12750,424.0,0.0,0.0,0.0,2,375.0,410.0,4,424.0,377.0,0.0,0.0,0.0,0.0,10
2023-05-10 21:09:50,ru2401P12750,ru2401P12750,424.0,0.0,0.0,0.0,2,375.0,410.0,4,424.0,377.0,0.0,0.0,0.0,0.0,10
2023-05-10 21:09:51,ru2401P12750,ru2401P12750,424.0,0.0,0.0,0.0,2,375.0,410.0,4,424.0,377.0,0.0,0.0,0.0,0.0,10
2023-05-10 21:09:54,ru2401P12750,ru2401P12750,424.0,0.0,0.0,0.0,2,375.0,410.0,4,424.0,377.0,0.0,0.0,0.0,0.0,10
2023-05-10 21:09:55,ru2401P12750,ru2401P12750,424.0,0.0,0.0,0.0,2,375.0,410.0,4,424.0,377.0,0.0,0.0,0.0,0.0,10
2023-05-10 21:09:57,ru2401P12750,ru2401P12750,424.0,0.0,0.0,0.0,2,375.0,410.0,4,424.0,377.0,0.0,0.0,0.0,0.0,10
2023-05-10 21:09:58,ru2401P12750,ru2401P12750,424.0,0.0,0.0,0.0,2,375.0,410.0,4,424.0,377.0,0.0,0.0,0.0,0.0,10
2023-05-10 21:10:02,ru2401P12750,ru2401P12750,424.0,0.0,0.0,0.0,2,375.0,410.0,4,424.0,377.0,0.0,0.0,0.0,0.0,10
2023-05-10 21:10:02,ru2401P12750,ru2401P12750,424.0,0.0,0.0,0.0,2,375.0,410.0,4,424.0,377.0,0.0,0.0,0.0,0.0,10
2023-05-10 21:10:04,ru2401P12750,ru2401P12750,424.0,0.0,0.0,0.0,2,375.0,410.0,4,424.0,377.0,0.0,0.0,0.0,0.0,10
2023-05-10 21:10:04,ru2401P12750,ru2401P12750,424.0,0.0,0.0,0.0,2,375.0,410.0,4,424.0,377.0,0.0,0.0,0.0,0.0,10
2023-05-10 21:10:07,ru2401P12750,ru2401P12750,424.0,0.0,0.0,0.0,2,370.0,404.0,2,424.0,377.0,0.0,0.0,0.0,0.0,10
2023-05-10 21:10:08,ru2401P12750,ru2401P12750,424.0,0.0,0.0,0.0,2,370.0,404.0,4,424.0,377.0,0.0,0.0,0.0,0.0,10
2023-05-10 21:10:13,ru2401P12750,ru2401P12750,424.0,0.0,0.0,0.0,2,370.0,404.0,4,424.0,377.0,0.0,0.0,0.0,0.0,10
2023-05-10 21:10:13,ru2401P12750,ru2401P12750,424.0,0.0,0.0,0.0,2,370.0,404.0,2,424.0,377.0,0.0,0.0,0.0,0.0,10
2023-05-10 21:10:14,ru2401P12750,ru2401P12750,424.0,0.0,0.0,0.0,2,370.0,404.0,4,424.0,377.0,0.0,0.0,0.0,0.0,10
2023-05-10 21:10:16,ru2401P12750,ru2401P12750,424.0,0.0,0.0,0.0,2,370.0,404.0,4,424.0,377.0,0.0,0.0,0.0,0.0,10
2023-05-10 21:10:16,ru2401P12750,ru2401P12750,424.0,0.0,0.0,0.0,2,370.0,404.0,4,424.0,377.0,0.0,0.0,0.0,0.0,10
2023-05-10 21:10:17,ru2401P12750,ru2401P12750,424.0,0.0,0.0,0.0,2,370.0,404.0,4,424.0,377.0,0.0,0.0,0.0,0.0,10
2023-05-10 21:10:18,ru2401P12750,ru2401P12750,424.0,0.0,0.0,0.0,2,370.0,404.0,4,424.0,377.0,0.0,0.0,0.0,0.0,10
2023-05-10 21:10:19,ru2401P12750,ru2401P12750,424.0,0.0,0.0,0.0,2,370.0,404.0,4,424.0,377.0,0.0,0.0,0.0,0.0,10
2023-05-10 21:10:23,ru2401P12750,ru2401P12750,424.0,0.0,0.0,0.0,2,364.0,399.0,2,424.0,377.0,0.0,0.0,0.0,0.0,10
2023-05-10 21:10:24,ru2401P12750,ru2401P12750,424.0,0.0,0.0,0.0,2,364.0,399.0,4,424.0,377.0,0.0,0.0,0.0,0.0,10
2023-05-10 21:10:25,ru2401P12750,ru2401P12750,424.0,0.0,0.0,0.0,2,364.0,399.0,4,424.0,377.0,0.0,0.0,0.0,0.0,10
2023-05-10 21:10:26,ru2401P12750,ru2401P12750,424.0,0.0,0.0,0.0,2,364.0,399.0,4,424.0,377.0,0.0,0.0,0.0,0.0,10
2023-05-10 21:10:26,ru2401P12750,ru2401P12750,424.0,0.0,0.0,0.0,2,364.0,399.0,4,424.0,377.0,0.0,0.0,0.0,0.0,10
2023-05-10 21:10:27,ru2401P12750,ru2401P12750,424.0,0.0,0.0,0.0,2,364.0,399.0,4,424.0,377.0,0.0,0.0,0.0,0.0,10
2023-05-10 21:10:29,ru2401P12750,ru2401P12750,424.0,0.0,0.0,0.0,2,364.0,399.0,4,424.0,377.0,0.0,0.0,0.0,0.0,10
2023-05-10 21:10:30,ru2401P12750,ru2401P12750,424.0,0.0,0.0,0.0,2,364.0,399.0,2,424.0,377.0,0.0,0.0,0.0,0.0,10
2023-05-10 21:10:30,ru2401P12750,ru2401P12750,424.0,0.0,0.0,0.0,2,364.0,399.0,4,424.0,377.0,0.0,0.0,0.0,0.0,10
2023-05-10 21:10:31,ru2401P12750,ru2401P12750,424.0,0.0,0.0,0.0,2,359.0,393.0,2,424.0,377.0,0.0,0.0,0.0,0.0,10
2023-05-10 21:10:31,ru2401P12750,ru2401P12750,424.0,0.0,0.0,0.0,2,359.0,393.0,4,424.0,377.0,0.0,0.0,0.0,0.0,10
2023-05-10 21:10:34,ru2401P12750,ru2401P12750,424.0,0.0,0.0,0.0,2,359.0,393.0,4,424.0,377.0,0.0,0.0,0.0,0.0,10
2023-05-10 21:10:34,ru2401P12750,ru2401P12750,424.0,0.0,0.0,0.0,2,359.0,393.0,4,424.0,377.0,0.0,0.0,0.0,0.0,10
2023-05-10 21:10:35,ru2401P12750,ru2401P12750,424.0,0.0,0.0,0.0,2,359.0,393.0,4,424.0,377.0,0.0,0.0,0.0,0.0,10
2023-05-10 21:10:36,ru2401P12750,ru2401P12750,424.0,0.0,0.0,0.0,2,359.0,393.0,4,424.0,377.0,0.0,0.0,0.0,0.0,10
2023-05-10 21:10:37,ru2401P12750,ru2401P12750,424.0,0.0,0.0,0.0,2,359.0,393.0,4,424.0,377.0,0.0,0.0,0.0,0.0,10
2023-05-10 21:10:38,ru2401P12750,ru2401P12750,424.0,0.0,0.0,0.0,2,359.0,393.0,4,424.0,377.0,0.0,0.0,0.0,0.0,10
2023-05-10 21:10:41,ru2401P12750,ru2401P12750,424.0,0.0,0.0,0.0,2,359.0,393.0,4,424.0,377.0,0.0,0.0,0.0,0.0,10
2023-05-10 21:10:43,ru2401P12750,ru2401P12750,424.0,0.0,0.0,0.0,2,359.0,393.0,4,424.0,377.0,0.0,0.0,0.0,0.0,10
2023-05-10 21:10:43,ru2401P12750,ru2401P12750,424.0,0.0,0.0,0.0,2,359.0,393.0,4,424.0,377.0,0.0,0.0,0.0,0.0,10
2023-05-10 21:10:44,ru2401P12750,ru2401P12750,424.0,0.0,0.0,0.0,2,359.0,393.0,4,424.0,377.0,0.0,0.0,0.0,0.0,10
2023-05-10 21:10:47,ru2401P12750,ru2401P12750,424.0,0.0,0.0,0.0,2,353.0,387.0,2,424.0,377.0,0.0,0.0,0.0,0.0,10
2023-05-10 21:10:49,ru2401P12750,ru2401P12750,424.0,0.0,0.0,0.0,2,353.0,387.0,4,424.0,377.0,0.0,0.0,0.0,0.0,10
2023-05-10 21:10:50,ru2401P12750,ru2401P12750,424.0,0.0,0.0,0.0,2,353.0,387.0,4,424.0,377.0,0.0,0.0,0.0,0.0,10
2023-05-10 21:10:51,ru2401P12750,ru2401P12750,424.0,0.0,0.0,0.0,2,353.0,387.0,4,424.0,377.0,0.0,0.0,0.0,0.0,10
2023-05-10 21:10:52,ru2401P12750,ru2401P12750,424.0,0.0,0.0,0.0,2,353.0,387.0,4,424.0,377.0,0.0,0.0,0.0,0.0,10
2023-05-10 21:10:52,ru2401P12750,ru2401P12750,424.0,0.0,0.0,0.0,2,353.0,387.0,4,424.0,377.0,0.0,0.0,0.0,0.0,10
2023-05-10 21:10:53,ru2401P12750,ru2401P12750,424.0,0.0,0.0,0.0,2,353.0,387.0,4,424.0,377.0,0.0,0.0,0.0,0.0,10
2023-05-10 21:10:54,ru2401P12750,ru2401P12750,424.0,0.0,0.0,0.0,2,353.0,387.0,4,424.0,377.0,0.0,0.0,0.0,0.0,10
2023-05-10 21:10:54,ru2401P12750,ru2401P12750,424.0,0.0,0.0,0.0,2,353.0,387.0,4,424.0,377.0,0.0,0.0,0.0,0.0,10
2023-05-10 21:10:56,ru2401P12750,ru2401P12750,424.0,0.0,0.0,0.0,2,353.0,387.0,4,424.0,377.0,0.0,0.0,0.0,0.0,10
2023-05-10 21:10:58,ru2401P12750,ru2401P12750,424.0,0.0,0.0,0.0,2,353.0,387.0,4,424.0,377.0,0.0,0.0,0.0,0.0,10
2023-05-10 21:11:00,ru2401P12750,ru2401P12750,424.0,0.0,0.0,0.0,2,353.0,387.0,4,424.0,377.0,0.0,0.0,0.0,0.0,10
2023-05-10 21:11:01,ru2401P12750,ru2401P12750,424.0,0.0,0.0,0.0,2,353.0,387.0,4,424.0,377.0,0.0,0.0,0.0,0.0,10
2023-05-10 21:11:03,ru2401P12750,ru2401P12750,424.0,0.0,0.0,0.0,2,353.0,387.0,4,424.0,377.0,0.0,0.0,0.0,0.0,10
2023-05-10 21:11:04,ru2401P12750,ru2401P12750,424.0,0.0,0.0,0.0,2,353.0,387.0,4,424.0,377.0,0.0,0.0,0.0,0.0,10
2023-05-10 21:11:05,ru2401P12750,ru2401P12750,424.0,0.0,0.0,0.0,2,353.0,387.0,4,424.0,377.0,0.0,0.0,0.0,0.0,10
2023-05-10 21:11:07,ru2401P12750,ru2401P12750,424.0,0.0,0.0,0.0,2,353.0,387.0,4,424.0,377.0,0.0,0.0,0.0,0.0,10
2023-05-10 21:11:09,ru2401P12750,ru2401P12750,424.0,0.0,0.0,0.0,2,353.0,387.0,4,424.0,377.0,0.0,0.0,0.0,0.0,10
2023-05-10 21:11:10,ru2401P12750,ru2401P12750,424.0,0.0,0.0,0.0,2,353.0,387.0,2,424.0,377.0,0.0,0.0,0.0,0.0,10
2023-05-10 21:11:10,ru2401P12750,ru2401P12750,424.0,0.0,0.0,0.0,2,353.0,387.0,4,424.0,377.0,0.0,0.0,0.0,0.0,10
2023-05-10 21:11:11,ru2401P12750,ru2401P12750,424.0,0.0,0.0,0.0,2,353.0,387.0,2,424.0,377.0,0.0,0.0,0.0,0.0,10
2023-05-10 21:11:12,ru2401P12750,ru2401P12750,424.0,0.0,0.0,0.0,2,353.0,387.0,4,424.0,377.0,0.0,0.0,0.0,0.0,10
2023-05-10 21:11:15,ru2401P12750,ru2401P12750,424.0,0.0,0.0,0.0,2,353.0,387.0,4,424.0,377.0,0.0,0.0,0.0,0.0,10
2023-05-10 21:11:15,ru2401P12750,ru2401P12750,424.0,0.0,0.0,0.0,2,353.0,387.0,4,424.0,377.0,0.0,0.0,0.0,0.0,10
2023-05-10 21:11:16,ru2401P12750,ru2401P12750,424.0,0.0,0.0,0.0,2,353.0,387.0,4,424.0,377.0,0.0,0.0,0.0,0.0,10
2023-05-10 21:11:19,ru2401P12750,ru2401P12750,424.0,0.0,0.0,0.0,2,353.0,387.0,4,424.0,377.0,0.0,0.0,0.0,0.0,10
2023-05-10 21:11:20,ru2401P12750,ru2401P12750,424.0,0.0,0.0,0.0,2,353.0,387.0,4,424.0,377.0,0.0,0.0,0.0,0.0,10
2023-05-10 21:11:21,ru2401P12750,ru2401P12750,424.0,0.0,0.0,0.0,2,353.0,387.0,4,424.0,377.0,0.0,0.0,0.0,0.0,10
2023-05-10 21:11:21,ru2401P12750,ru2401P12750,424.0,0.0,0.0,0.0,2,353.0,387.0,4,424.0,377.0,0.0,0.0,0.0,0.0,10
2023-05-10 21:11:22,ru2401P12750,ru2401P12750,424.0,0.0,0.0,0.0,2,353.0,387.0,4,424.0,377.0,0.0,0.0,0.0,0.0,10
2023-05-10 21:11:23,ru2401P12750,ru2401P12750,424.0,0.0,0.0,0.0,2,353.0,387.0,4,424.0,377.0,0.0,0.0,0.0,0.0,10
2023-05-10 21:11:24,ru2401P12750,ru2401P12750,424.0,0.0,0.0,0.0,2,353.0,387.0,4,424.0,377.0,0.0,0.0,0.0,0.0,10
2023-05-10 21:11:31,ru2401P12750,ru2401P12750,424.0,0.0,0.0,0.0,2,353.0,387.0,4,424.0,377.0,0.0,0.0,0.0,0.0,10
2023-05-10 21:11:31,ru2401P12750,ru2401P12750,424.0,0.0,0.0,0.0,2,353.0,387.0,4,424.0,377.0,0.0,0.0,0.0,0.0,10
2023-05-10 21:11:36,ru2401P12750,ru2401P12750,424.0,0.0,0.0,0.0,2,358.0,387.0,2,424.0,377.0,0.0,0.0,0.0,0.0,10
2023-05-10 21:11:37,ru2401P12750,ru2401P12750,424.0,0.0,0.0,0.0,2,358.0,393.0,2,424.0,377.0,0.0,0.0,0.0,0.0,10
2023-05-10 21:11:38,ru2401P12750,ru2401P12750,424.0,0.0,0.0,0.0,2,358.0,393.0,4,424.0,377.0,0.0,0.0,0.0,0.0,10
2023-05-10 21:11:39,ru2401P12750,ru2401P12750,424.0,0.0,0.0,0.0,2,358.0,393.0,4,424.0,377.0,0.0,0.0,0.0,0.0,10
2023-05-10 21:11:42,ru2401P12750,ru2401P12750,424.0,0.0,0.0,0.0,2,358.0,393.0,4,424.0,377.0,0.0,0.0,0.0,0.0,10
2023-05-10 21:11:43,ru2401P12750,ru2401P12750,424.0,0.0,0.0,0.0,2,358.0,393.0,4,424.0,377.0,0.0,0.0,0.0,0.0,10
2023-05-10 21:11:43,ru2401P12750,ru2401P12750,424.0,0.0,0.0,0.0,2,358.0,393.0,4,424.0,377.0,0.0,0.0,0.0,0.0,10
2023-05-10 21:11:44,ru2401P12750,ru2401P12750,424.0,0.0,0.0,0.0,2,358.0,393.0,4,424.0,377.0,0.0,0.0,0.0,0.0,10
2023-05-10 21:11:45,ru2401P12750,ru2401P12750,424.0,0.0,0.0,0.0,2,358.0,393.0,4,424.0,377.0,0.0,0.0,0.0,0.0,10
2023-05-10 21:11:48,ru2401P12750,ru2401P12750,424.0,0.0,0.0,0.0,2,358.0,393.0,4,424.0,377.0,0.0,0.0,0.0,0.0,10
2023-05-10 21:11:49,ru2401P12750,ru2401P12750,424.0,0.0,0.0,0.0,2,364.0,393.0,2,424.0,377.0,0.0,0.0,0.0,0.0,10
2023-05-10 21:11:49,ru2401P12750,ru2401P12750,424.0,0.0,0.0,0.0,2,364.0,398.0,4,424.0,377.0,0.0,0.0,0.0,0.0,10
2023-05-10 21:11:51,ru2401P12750,ru2401P12750,424.0,0.0,0.0,0.0,2,364.0,398.0,4,424.0,377.0,0.0,0.0,0.0,0.0,10
2023-05-10 21:11:53,ru2401P12750,ru2401P12750,424.0,0.0,0.0,0.0,2,364.0,398.0,4,424.0,377.0,0.0,0.0,0.0,0.0,10
2023-05-10 21:11:57,ru2401P12750,ru2401P12750,424.0,0.0,0.0,0.0,2,364.0,398.0,4,424.0,377.0,0.0,0.0,0.0,0.0,10
2023-05-10 21:11:57,ru2401P12750,ru2401P12750,424.0,0.0,0.0,0.0,2,364.0,398.0,4,424.0,377.0,0.0,0.0,0.0,0.0,10
2023-05-10 21:11:58,ru2401P12750,ru2401P12750,424.0,0.0,0.0,0.0,2,364.0,398.0,4,424.0,377.0,0.0,0.0,0.0,0.0,10
2023-05-10 21:11:59,ru2401P12750,ru2401P12750,424.0,0.0,0.0,0.0,2,364.0,398.0,4,424.0,377.0,0.0,0.0,0.0,0.0,10
2023-05-10 21:12:03,ru2401P12750,ru2401P12750,424.0,0.0,0.0,0.0,2,364.0,398.0,4,424.0,377.0,0.0,0.0,0.0,0.0,10
2023-05-10 21:12:06,ru2401P12750,ru2401P12750,424.0,0.0,0.0,0.0,2,364.0,398.0,4,424.0,377.0,0.0,0.0,0.0,0.0,10
2023-05-10 21:12:07,ru2401P12750,ru2401P12750,424.0,0.0,0.0,0.0,2,364.0,398.0,4,424.0,377.0,0.0,0.0,0.0,0.0,10
2023-05-10 21:12:15,ru2401P12750,ru2401P12750,424.0,0.0,0.0,0.0,2,364.0,398.0,4,424.0,377.0,0.0,0.0,0.0,0.0,10
2023-05-10 21:12:15,ru2401P12750,ru2401P12750,424.0,0.0,0.0,0.0,2,364.0,398.0,4,424.0,377.0,0.0,0.0,0.0,0.0,10
2023-05-10 21:12:18,ru2401P12750,ru2401P12750,424.0,0.0,0.0,0.0,2,358.0,393.0,2,424.0,377.0,0.0,0.0,0.0,0.0,10
2023-05-10 21:12:20,ru2401P12750,ru2401P12750,424.0,0.0,0.0,0.0,2,358.0,393.0,4,424.0,377.0,0.0,0.0,0.0,0.0,10
2023-05-10 21:12:24,ru2401P12750,ru2401P12750,424.0,0.0,0.0,0.0,2,358.0,393.0,4,424.0,377.0,0.0,0.0,0.0,0.0,10
2023-05-10 21:12:25,ru2401P12750,ru2401P12750,424.0,0.0,0.0,0.0,2,358.0,393.0,4,424.0,377.0,0.0,0.0,0.0,0.0,10
2023-05-10 21:12:28,ru2401P12750,ru2401P12750,424.0,0.0,0.0,0.0,2,358.0,393.0,4,424.0,377.0,0.0,0.0,0.0,0.0,10
2023-05-10 21:12:37,ru2401P12750,ru2401P12750,424.0,0.0,0.0,0.0,2,358.0,393.0,2,424.0,377.0,0.0,0.0,0.0,0.0,10
2023-05-10 21:12:37,ru2401P12750,ru2401P12750,424.0,0.0,0.0,0.0,2,358.0,0.0,0,424.0,377.0,0.0,0.0,0.0,0.0,10
2023-05-10 21:12:38,ru2401P12750,ru2401P12750,424.0,0.0,0.0,0.0,2,358.0,1541.0,1,424.0,377.0,0.0,0.0,0.0,0.0,10
2023-05-10 21:13:17,ru2401P12750,ru2401P12750,424.0,0.0,0.0,0.0,2,369.0,1541.0,1,424.0,377.0,0.0,0.0,0.0,0.0,10
2023-05-10 21:13:18,ru2401P12750,ru2401P12750,424.0,0.0,0.0,0.0,2,354.0,1541.0,1,424.0,377.0,0.0,0.0,0.0,0.0,10
2023-05-10 21:13:42,ru2401P12750,ru2401P12750,424.0,0.0,0.0,0.0,2,363.0,1541.0,1,424.0,377.0,0.0,0.0,0.0,0.0,10
2023-05-10 21:13:51,ru2401P12750,ru2401P12750,424.0,0.0,0.0,0.0,2,370.0,1541.0,1,424.0,377.0,0.0,0.0,0.0,0.0,10
2023-05-10 21:14:17,ru2401P12750,ru2401P12750,424.0,0.0,0.0,0.0,2,377.0,1541.0,1,424.0,377.0,0.0,0.0,0.0,0.0,10
2023-05-10 21:14:28,ru2401P12750,ru2401P12750,377.0,2.0,7540.0,0.0,3,130.0,1541.0,1,424.0,377.0,377.0,377.0,2.0,7540.0,10
2023-05-10 21:14:28,ru2401P12750,ru2401P12750,377.0,0.0,0.0,0.0,2,146.0,1540.0,1,424.0,377.0,377.0,377.0,2.0,7540.0,10
2023-05-10 21:14:29,ru2401P12750,ru2401P12750,377.0,0.0,0.0,0.0,1,149.0,1537.0,1,424.0,377.0,377.0,377.0,2.0,7540.0,10
2023-05-10 21:14:29,ru2401P12750,ru2401P12750,377.0,0.0,0.0,0.0,1,150.0,1536.0,1,424.0,377.0,377.0,377.0,2.0,7540.0,10
2023-05-10 21:14:30,ru2401P12750,ru2401P12750,377.0,0.0,0.0,0.0,2,165.0,1533.0,1,424.0,377.0,377.0,377.0,2.0,7540.0,10
2023-05-10 21:14:30,ru2401P12750,ru2401P12750,377.0,0.0,0.0,0.0,1,168.0,1532.0,1,424.0,377.0,377.0,377.0,2.0,7540.0,10
2023-05-10 21:14:31,ru2401P12750,ru2401P12750,377.0,0.0,0.0,0.0,1,169.0,1529.0,1,424.0,377.0,377.0,377.0,2.0,7540.0,10
2023-05-10 21:14:31,ru2401P12750,ru2401P12750,377.0,0.0,0.0,0.0,1,172.0,1528.0,1,424.0,377.0,377.0,377.0,2.0,7540.0,10
2023-05-10 21:14:32,ru2401P12750,ru2401P12750,377.0,0.0,0.0,0.0,1,173.0,1528.0,1,424.0,377.0,377.0,377.0,2.0,7540.0,10
2023-05-10 21:14:32,ru2401P12750,ru2401P12750,377.0,0.0,0.0,0.0,1,176.0,1525.0,1,424.0,377.0,377.0,377.0,2.0,7540.0,10
2023-05-10 21:14:33,ru2401P12750,ru2401P12750,377.0,0.0,0.0,0.0,1,177.0,1524.0,1,424.0,377.0,377.0,377.0,2.0,7540.0,10
2023-05-10 21:14:33,ru2401P12750,ru2401P12750,377.0,0.0,0.0,0.0,2,178.0,1521.0,1,424.0,377.0,377.0,377.0,2.0,7540.0,10
2023-05-10 21:14:34,ru2401P12750,ru2401P12750,377.0,0.0,0.0,0.0,1,180.0,1520.0,1,424.0,377.0,377.0,377.0,2.0,7540.0,10
2023-05-10 21:14:34,ru2401P12750,ru2401P12750,377.0,0.0,0.0,0.0,1,181.0,1517.0,1,424.0,377.0,377.0,377.0,2.0,7540.0,10
2023-05-10 21:14:35,ru2401P12750,ru2401P12750,377.0,0.0,0.0,0.0,2,182.0,1516.0,1,424.0,377.0,377.0,377.0,2.0,7540.0,10
2023-05-10 21:14:35,ru2401P12750,ru2401P12750,377.0,0.0,0.0,0.0,1,183.0,1513.0,1,424.0,377.0,377.0,377.0,2.0,7540.0,10
2023-05-10 21:14:36,ru2401P12750,ru2401P12750,377.0,0.0,0.0,0.0,1,183.0,1512.0,1,424.0,377.0,377.0,377.0,2.0,7540.0,10
2023-05-10 21:14:36,ru2401P12750,ru2401P12750,377.0,0.0,0.0,0.0,1,183.0,1509.0,1,424.0,377.0,377.0,377.0,2.0,7540.0,10
2023-05-10 21:14:37,ru2401P12750,ru2401P12750,377.0,0.0,0.0,0.0,2,184.0,1508.0,1,424.0,377.0,377.0,377.0,2.0,7540.0,10
2023-05-10 21:14:37,ru2401P12750,ru2401P12750,377.0,0.0,0.0,0.0,1,185.0,1505.0,1,424.0,377.0,377.0,377.0,2.0,7540.0,10
2023-05-10 21:14:38,ru2401P12750,ru2401P12750,377.0,0.0,0.0,0.0,1,185.0,1504.0,1,424.0,377.0,377.0,377.0,2.0,7540.0,10
2023-05-10 21:14:38,ru2401P12750,ru2401P12750,377.0,0.0,0.0,0.0,1,185.0,1501.0,1,424.0,377.0,377.0,377.0,2.0,7540.0,10
2023-05-10 21:14:39,ru2401P12750,ru2401P12750,377.0,0.0,0.0,0.0,1,185.0,1500.0,1,424.0,377.0,377.0,377.0,2.0,7540.0,10
2023-05-10 21:14:39,ru2401P12750,ru2401P12750,377.0,0.0,0.0,0.0,1,185.0,1497.0,1,424.0,377.0,377.0,377.0,2.0,7540.0,10
2023-05-10 21:14:40,ru2401P12750,ru2401P12750,377.0,0.0,0.0,0.0,1,185.0,1496.0,1,424.0,377.0,377.0,377.0,2.0,7540.0,10
2023-05-10 21:14:40,ru2401P12750,ru2401P12750,377.0,0.0,0.0,0.0,1,185.0,1493.0,1,424.0,377.0,377.0,377.0,2.0,7540.0,10
2023-05-10 21:14:41,ru2401P12750,ru2401P12750,377.0,0.0,0.0,0.0,1,185.0,1492.0,1,424.0,377.0,377.0,377.0,2.0,7540.0,10
2023-05-10 21:14:41,ru2401P12750,ru2401P12750,377.0,0.0,0.0,0.0,1,185.0,1492.0,1,424.0,377.0,377.0,377.0,2.0,7540.0,10
2023-05-10 21:14:42,ru2401P12750,ru2401P12750,377.0,0.0,0.0,0.0,1,185.0,1489.0,1,424.0,377.0,377.0,377.0,2.0,7540.0,10
2023-05-10 21:14:42,ru2401P12750,ru2401P12750,377.0,0.0,0.0,0.0,1,185.0,1488.0,1,424.0,377.0,377.0,377.0,2.0,7540.0,10
2023-05-10 21:14:43,ru2401P12750,ru2401P12750,377.0,0.0,0.0,0.0,1,185.0,1485.0,1,424.0,377.0,377.0,377.0,2.0,7540.0,10
2023-05-10 21:14:43,ru2401P12750,ru2401P12750,377.0,0.0,0.0,0.0,1,185.0,1484.0,1,424.0,377.0,377.0,377.0,2.0,7540.0,10
2023-05-10 21:14:44,ru2401P12750,ru2401P12750,377.0,0.0,0.0,0.0,1,185.0,1481.0,1,424.0,377.0,377.0,377.0,2.0,7540.0,10
2023-05-10 21:14:44,ru2401P12750,ru2401P12750,377.0,0.0,0.0,0.0,1,185.0,1480.0,1,424.0,377.0,377.0,377.0,2.0,7540.0,10
2023-05-10 21:14:45,ru2401P12750,ru2401P12750,377.0,0.0,0.0,0.0,1,185.0,1477.0,1,424.0,377.0,377.0,377.0,2.0,7540.0,10
2023-05-10 21:14:45,ru2401P12750,ru2401P12750,377.0,0.0,0.0,0.0,1,185.0,1476.0,1,424.0,377.0,377.0,377.0,2.0,7540.0,10
2023-05-10 21:14:46,ru2401P12750,ru2401P12750,377.0,0.0,0.0,0.0,1,185.0,1473.0,1,424.0,377.0,377.0,377.0,2.0,7540.0,10
2023-05-10 21:14:46,ru2401P12750,ru2401P12750,377.0,0.0,0.0,0.0,1,185.0,1472.0,1,424.0,377.0,377.0,377.0,2.0,7540.0,10
2023-05-10 21:14:47,ru2401P12750,ru2401P12750,377.0,0.0,0.0,0.0,1,185.0,1469.0,1,424.0,377.0,377.0,377.0,2.0,7540.0,10
2023-05-10 21:14:47,ru2401P12750,ru2401P12750,377.0,0.0,0.0,0.0,1,185.0,1468.0,1,424.0,377.0,377.0,377.0,2.0,7540.0,10
2023-05-10 21:14:48,ru2401P12750,ru2401P12750,377.0,0.0,0.0,0.0,1,185.0,1465.0,1,424.0,377.0,377.0,377.0,2.0,7540.0,10
2023-05-10 21:14:48,ru2401P12750,ru2401P12750,377.0,0.0,0.0,0.0,1,185.0,1464.0,1,424.0,377.0,377.0,377.0,2.0,7540.0,10
2023-05-10 21:14:49,ru2401P12750,ru2401P12750,377.0,0.0,0.0,0.0,1,185.0,1461.0,1,424.0,377.0,377.0,377.0,2.0,7540.0,10
2023-05-10 21:14:49,ru2401P12750,ru2401P12750,377.0,0.0,0.0,0.0,1,185.0,1460.0,1,424.0,377.0,377.0,377.0,2.0,7540.0,10
2023-05-10 21:14:50,ru2401P12750,ru2401P12750,377.0,0.0,0.0,0.0,1,185.0,1457.0,1,424.0,377.0,377.0,377.0,2.0,7540.0,10
2023-05-10 21:14:50,ru2401P12750,ru2401P12750,377.0,0.0,0.0,0.0,1,185.0,1456.0,1,424.0,377.0,377.0,377.0,2.0,7540.0,10
2023-05-10 21:14:51,ru2401P12750,ru2401P12750,377.0,0.0,0.0,0.0,1,185.0,1453.0,1,424.0,377.0,377.0,377.0,2.0,7540.0,10
2023-05-10 21:14:51,ru2401P12750,ru2401P12750,377.0,0.0,0.0,0.0,1,185.0,1452.0,1,424.0,377.0,377.0,377.0,2.0,7540.0,10
2023-05-10 21:14:52,ru2401P12750,ru2401P12750,377.0,0.0,0.0,0.0,1,185.0,1449.0,1,424.0,377.0,377.0,377.0,2.0,7540.0,10
2023-05-10 21:14:52,ru2401P12750,ru2401P12750,377.0,0.0,0.0,0.0,1,185.0,1448.0,1,424.0,377.0,377.0,377.0,2.0,7540.0,10
2023-05-10 21:14:53,ru2401P12750,ru2401P12750,377.0,0.0,0.0,0.0,1,185.0,1448.0,1,424.0,377.0,377.0,377.0,2.0,7540.0,10
2023-05-10 21:14:53,ru2401P12750,ru2401P12750,377.0,0.0,0.0,0.0,1,185.0,1445.0,1,424.0,377.0,377.0,377.0,2.0,7540.0,10
2023-05-10 21:14:54,ru2401P12750,ru2401P12750,377.0,0.0,0.0,0.0,1,185.0,1444.0,1,424.0,377.0,377.0,377.0,2.0,7540.0,10
2023-05-10 21:14:54,ru2401P12750,ru2401P12750,377.0,0.0,0.0,0.0,1,185.0,1444.0,1,424.0,377.0,377.0,377.0,2.0,7540.0,10
2023-05-10 21:14:55,ru2401P12750,ru2401P12750,377.0,0.0,0.0,0.0,1,185.0,1441.0,1,424.0,377.0,377.0,377.0,2.0,7540.0,10
2023-05-10 21:14:55,ru2401P12750,ru2401P12750,377.0,0.0,0.0,0.0,1,185.0,1440.0,1,424.0,377.0,377.0,377.0,2.0,7540.0,10
2023-05-10 21:14:56,ru2401P12750,ru2401P12750,377.0,0.0,0.0,0.0,1,185.0,1437.0,1,424.0,377.0,377.0,377.0,2.0,7540.0,10
2023-05-10 21:14:56,ru2401P12750,ru2401P12750,377.0,0.0,0.0,0.0,1,185.0,1436.0,1,424.0,377.0,377.0,377.0,2.0,7540.0,10
2023-05-10 21:14:57,ru2401P12750,ru2401P12750,377.0,0.0,0.0,0.0,1,185.0,1433.0,1,424.0,377.0,377.0,377.0,2.0,7540.0,10
2023-05-10 21:14:57,ru2401P12750,ru2401P12750,377.0,0.0,0.0,0.0,1,185.0,1432.0,1,424.0,377.0,377.0,377.0,2.0,7540.0,10
2023-05-10 21:14:58,ru2401P12750,ru2401P12750,377.0,0.0,0.0,0.0,1,185.0,1429.0,1,424.0,377.0,377.0,377.0,2.0,7540.0,10
2023-05-10 21:14:58,ru2401P12750,ru2401P12750,377.0,0.0,0.0,0.0,1,185.0,1428.0,1,424.0,377.0,377.0,377.0,2.0,7540.0,10
2023-05-10 21:14:59,ru2401P12750,ru2401P12750,377.0,0.0,0.0,0.0,1,185.0,1428.0,1,424.0,377.0,377.0,377.0,2.0,7540.0,10
2023-05-10 21:14:59,ru2401P12750,ru2401P12750,377.0,0.0,0.0,0.0,1,185.0,1425.0,1,424.0,377.0,377.0,377.0,2.0,7540.0,10
2023-05-10 21:15:08,ru2401P12750,ru2401P12750,377.0,0.0,0.0,0.0,1,185.0,1424.0,1,424.0,377.0,377.0,377.0,2.0,7540.0,10
2023-05-10 21:15:09,ru2401P12750,ru2401P12750,377.0,0.0,0.0,0.0,1,185.0,1421.0,1,424.0,377.0,377.0,377.0,2.0,7540.0,10
2023-05-10 21:15:18,ru2401P12750,ru2401P12750,377.0,0.0,0.0,0.0,1,185.0,1420.0,1,424.0,377.0,377.0,377.0,2.0,7540.0,10
2023-05-10 21:15:19,ru2401P12750,ru2401P12750,377.0,0.0,0.0,0.0,1,185.0,1417.0,1,424.0,377.0,377.0,377.0,2.0,7540.0,10
2023-05-10 21:15:28,ru2401P12750,ru2401P12750,377.0,0.0,0.0,0.0,1,185.0,1416.0,1,424.0,377.0,377.0,377.0,2.0,7540.0,10
2023-05-10 21:15:29,ru2401P12750,ru2401P12750,377.0,0.0,0.0,0.0,1,185.0,1413.0,1,424.0,377.0,377.0,377.0,2.0,7540.0,10
2023-05-10 21:15:35,ru2401P12750,ru2401P12750,377.0,0.0,0.0,0.0,2,186.0,1412.0,2,424.0,377.0,377.0,377.0,2.0,7540.0,10
2023-05-10 21:15:36,ru2401P12750,ru2401P12750,377.0,0.0,0.0,0.0,2,186.0,1412.0,2,424.0,377.0,377.0,377.0,2.0,7540.0,10
2023-05-10 21:15:36,ru2401P12750,ru2401P12750,377.0,0.0,0.0,0.0,2,186.0,1409.0,1,424.0,377.0,377.0,377.0,2.0,7540.0,10
2023-05-10 21:15:37,ru2401P12750,ru2401P12750,377.0,0.0,0.0,0.0,2,186.0,1408.0,2,424.0,377.0,377.0,377.0,2.0,7540.0,10
2023-05-10 21:15:37,ru2401P12750,ru2401P12750,377.0,0.0,0.0,0.0,2,186.0,1405.0,1,424.0,377.0,377.0,377.0,2.0,7540.0,10
2023-05-10 21:15:38,ru2401P12750,ru2401P12750,377.0,0.0,0.0,0.0,2,186.0,1404.0,2,424.0,377.0,377.0,377.0,2.0,7540.0,10
2023-05-10 21:15:38,ru2401P12750,ru2401P12750,377.0,0.0,0.0,0.0,2,186.0,1404.0,2,424.0,377.0,377.0,377.0,2.0,7540.0,10
2023-05-10 21:15:40,ru2401P12750,ru2401P12750,377.0,0.0,0.0,0.0,2,186.0,1401.0,1,424.0,377.0,377.0,377.0,2.0,7540.0,10
2023-05-10 21:15:40,ru2401P12750,ru2401P12750,377.0,0.0,0.0,0.0,2,186.0,1400.0,2,424.0,377.0,377.0,377.0,2.0,7540.0,10
2023-05-10 21:15:41,ru2401P12750,ru2401P12750,377.0,0.0,0.0,0.0,2,186.0,1397.0,1,424.0,377.0,377.0,377.0,2.0,7540.0,10
2023-05-10 21:15:41,ru2401P12750,ru2401P12750,377.0,0.0,0.0,0.0,2,186.0,1396.0,2,424.0,377.0,377.0,377.0,2.0,7540.0,10
2023-05-10 21:15:42,ru2401P12750,ru2401P12750,377.0,0.0,0.0,0.0,2,186.0,1393.0,1,424.0,377.0,377.0,377.0,2.0,7540.0,10
2023-05-10 21:15:42,ru2401P12750,ru2401P12750,377.0,0.0,0.0,0.0,2,186.0,1392.0,2,424.0,377.0,377.0,377.0,2.0,7540.0,10
2023-05-10 21:15:43,ru2401P12750,ru2401P12750,377.0,0.0,0.0,0.0,2,186.0,1389.0,1,424.0,377.0,377.0,377.0,2.0,7540.0,10
2023-05-10 21:15:43,ru2401P12750,ru2401P12750,377.0,0.0,0.0,0.0,2,186.0,1388.0,2,424.0,377.0,377.0,377.0,2.0,7540.0,10
2023-05-10 21:15:44,ru2401P12750,ru2401P12750,377.0,0.0,0.0,0.0,1,185.0,1416.0,1,424.0,377.0,377.0,377.0,2.0,7540.0,10
2023-05-10 21:15:44,ru2401P12750,ru2401P12750,377.0,0.0,0.0,0.0,2,186.0,1416.0,1,424.0,377.0,377.0,377.0,2.0,7540.0,10
2023-05-10 21:15:46,ru2401P12750,ru2401P12750,377.0,0.0,0.0,0.0,1,185.0,1413.0,1,424.0,377.0,377.0,377.0,2.0,7540.0,10
2023-05-10 21:16:21,ru2401P12750,ru2401P12750,377.0,0.0,0.0,0.0,2,186.0,1413.0,1,424.0,377.0,377.0,377.0,2.0,7540.0,10
2023-05-10 21:19:59,ru2401P12750,ru2401P12750,377.0,0.0,0.0,0.0,1,189.0,1413.0,1,424.0,377.0,377.0,377.0,2.0,7540.0,10
2023-05-10 21:19:59,ru2401P12750,ru2401P12750,377.0,0.0,0.0,0.0,1,189.0,1413.0,1,424.0,377.0,377.0,377.0,2.0,7540.0,10
2023-05-10 21:20:18,ru2401P12750,ru2401P12750,377.0,0.0,0.0,0.0,1,185.0,1413.0,1,424.0,377.0,377.0,377.0,2.0,7540.0,10
2023-05-10 21:20:18,ru2401P12750,ru2401P12750,377.0,0.0,0.0,0.0,2,186.0,1413.0,1,424.0,377.0,377.0,377.0,2.0,7540.0,10
2023-05-10 21:20:43,ru2401P12750,ru2401P12750,377.0,0.0,0.0,0.0,1,189.0,1413.0,1,424.0,377.0,377.0,377.0,2.0,7540.0,10
2023-05-10 21:20:44,ru2401P12750,ru2401P12750,377.0,0.0,0.0,0.0,1,189.0,1413.0,1,424.0,377.0,377.0,377.0,2.0,7540.0,10
2023-05-10 21:20:54,ru2401P12750,ru2401P12750,377.0,0.0,0.0,0.0,2,190.0,1413.0,1,424.0,377.0,377.0,377.0,2.0,7540.0,10
2023-05-10 21:20:55,ru2401P12750,ru2401P12750,377.0,0.0,0.0,0.0,2,190.0,1413.0,1,424.0,377.0,377.0,377.0,2.0,7540.0,10
2023-05-10 21:32:44,ru2401P12750,ru2401P12750,377.0,0.0,0.0,0.0,2,190.0,1402.0,1,424.0,377.0,377.0,377.0,2.0,7540.0,10
2023-05-10 21:32:44,ru2401P12750,ru2401P12750,377.0,0.0,0.0,0.0,1,193.0,1399.0,1,424.0,377.0,377.0,377.0,2.0,7540.0,10
2023-05-10 21:32:45,ru2401P12750,ru2401P12750,377.0,0.0,0.0,0.0,2,209.0,1399.0,1,424.0,377.0,377.0,377.0,2.0,7540.0,10
2023-05-10 21:32:45,ru2401P12750,ru2401P12750,377.0,0.0,0.0,0.0,1,210.0,1398.0,1,424.0,377.0,377.0,377.0,2.0,7540.0,10
2023-05-10 21:32:46,ru2401P12750,ru2401P12750,377.0,0.0,0.0,0.0,2,226.0,1395.0,1,424.0,377.0,377.0,377.0,2.0,7540.0,10
2023-05-10 21:32:46,ru2401P12750,ru2401P12750,377.0,0.0,0.0,0.0,2,226.0,1395.0,1,424.0,377.0,377.0,377.0,2.0,7540.0,10
2023-05-10 21:32:47,ru2401P12750,ru2401P12750,377.0,0.0,0.0,0.0,1,227.0,1394.0,1,424.0,377.0,377.0,377.0,2.0,7540.0,10
2023-05-10 21:32:47,ru2401P12750,ru2401P12750,377.0,0.0,0.0,0.0,2,243.0,1391.0,1,424.0,377.0,377.0,377.0,2.0,7540.0,10
2023-05-10 21:32:48,ru2401P12750,ru2401P12750,377.0,0.0,0.0,0.0,2,243.0,1384.0,1,424.0,377.0,377.0,377.0,2.0,7540.0,10
2023-05-10 21:32:48,ru2401P12750,ru2401P12750,377.0,0.0,0.0,0.0,1,244.0,1381.0,1,424.0,377.0,377.0,377.0,2.0,7540.0,10
2023-05-10 21:32:49,ru2401P12750,ru2401P12750,377.0,0.0,0.0,0.0,2,260.0,1381.0,1,424.0,377.0,377.0,377.0,2.0,7540.0,10
2023-05-10 21:32:49,ru2401P12750,ru2401P12750,377.0,0.0,0.0,0.0,2,260.0,1380.0,1,424.0,377.0,377.0,377.0,2.0,7540.0,10
2023-05-10 21:32:50,ru2401P12750,ru2401P12750,377.0,0.0,0.0,0.0,1,261.0,1377.0,1,424.0,377.0,377.0,377.0,2.0,7540.0,10
2023-05-10 21:32:50,ru2401P12750,ru2401P12750,377.0,0.0,0.0,0.0,1,261.0,1377.0,1,424.0,377.0,377.0,377.0,2.0,7540.0,10
2023-05-10 21:32:51,ru2401P12750,ru2401P12750,377.0,0.0,0.0,0.0,1,261.0,1376.0,1,424.0,377.0,377.0,377.0,2.0,7540.0,10
2023-05-10 21:32:51,ru2401P12750,ru2401P12750,377.0,0.0,0.0,0.0,1,261.0,1373.0,1,424.0,377.0,377.0,377.0,2.0,7540.0,10
2023-05-10 21:32:52,ru2401P12750,ru2401P12750,377.0,0.0,0.0,0.0,2,269.0,1373.0,1,424.0,377.0,377.0,377.0,2.0,7540.0,10
2023-05-10 21:32:52,ru2401P12750,ru2401P12750,377.0,0.0,0.0,0.0,2,269.0,1372.0,1,424.0,377.0,377.0,377.0,2.0,7540.0,10
2023-05-10 21:32:53,ru2401P12750,ru2401P12750,377.0,0.0,0.0,0.0,1,270.0,1365.0,1,424.0,377.0,377.0,377.0,2.0,7540.0,10
2023-05-10 21:32:53,ru2401P12750,ru2401P12750,377.0,0.0,0.0,0.0,2,271.0,1362.0,1,424.0,377.0,377.0,377.0,2.0,7540.0,10
2023-05-10 21:32:54,ru2401P12750,ru2401P12750,377.0,0.0,0.0,0.0,2,271.0,1361.0,1,424.0,377.0,377.0,377.0,2.0,7540.0,10
2023-05-10 21:32:54,ru2401P12750,ru2401P12750,377.0,0.0,0.0,0.0,1,272.0,1358.0,1,424.0,377.0,377.0,377.0,2.0,7540.0,10
2023-05-10 21:32:55,ru2401P12750,ru2401P12750,377.0,0.0,0.0,0.0,2,273.0,1358.0,1,424.0,377.0,377.0,377.0,2.0,7540.0,10
2023-05-10 21:32:55,ru2401P12750,ru2401P12750,377.0,0.0,0.0,0.0,2,273.0,1357.0,1,424.0,377.0,377.0,377.0,2.0,7540.0,10
2023-05-10 21:32:56,ru2401P12750,ru2401P12750,377.0,0.0,0.0,0.0,1,274.0,1354.0,1,424.0,377.0,377.0,377.0,2.0,7540.0,10
2023-05-10 21:32:56,ru2401P12750,ru2401P12750,377.0,0.0,0.0,0.0,2,282.0,1354.0,1,424.0,377.0,377.0,377.0,2.0,7540.0,10
2023-05-10 21:32:57,ru2401P12750,ru2401P12750,377.0,0.0,0.0,0.0,2,282.0,1353.0,1,424.0,377.0,377.0,377.0,2.0,7540.0,10
2023-05-10 21:32:57,ru2401P12750,ru2401P12750,377.0,0.0,0.0,0.0,1,283.0,1350.0,1,424.0,377.0,377.0,377.0,2.0,7540.0,10
2023-05-10 21:32:58,ru2401P12750,ru2401P12750,377.0,0.0,0.0,0.0,2,291.0,1350.0,1,424.0,377.0,377.0,377.0,2.0,7540.0,10
2023-05-10 21:32:58,ru2401P12750,ru2401P12750,377.0,0.0,0.0,0.0,2,291.0,1349.0,1,424.0,377.0,377.0,377.0,2.0,7540.0,10
2023-05-10 21:32:59,ru2401P12750,ru2401P12750,377.0,0.0,0.0,0.0,1,292.0,1346.0,1,424.0,377.0,377.0,377.0,2.0,7540.0,10
2023-05-10 21:32:59,ru2401P12750,ru2401P12750,377.0,0.0,0.0,0.0,2,293.0,1338.0,1,424.0,377.0,377.0,377.0,2.0,7540.0,10
2023-05-10 21:33:00,ru2401P12750,ru2401P12750,377.0,0.0,0.0,0.0,2,293.0,1335.0,1,424.0,377.0,377.0,377.0,2.0,7540.0,10
2023-05-10 21:33:00,ru2401P12750,ru2401P12750,377.0,0.0,0.0,0.0,1,294.0,1335.0,1,424.0,377.0,377.0,377.0,2.0,7540.0,10
2023-05-10 21:33:01,ru2401P12750,ru2401P12750,377.0,0.0,0.0,0.0,1,294.0,1334.0,1,424.0,377.0,377.0,377.0,2.0,7540.0,10
2023-05-10 21:33:01,ru2401P12750,ru2401P12750,377.0,0.0,0.0,0.0,2,295.0,1331.0,1,424.0,377.0,377.0,377.0,2.0,7540.0,10
2023-05-10 21:33:02,ru2401P12750,ru2401P12750,377.0,0.0,0.0,0.0,2,295.0,1331.0,1,424.0,377.0,377.0,377.0,2.0,7540.0,10
2023-05-10 21:33:02,ru2401P12750,ru2401P12750,377.0,0.0,0.0,0.0,1,296.0,1330.0,1,424.0,377.0,377.0,377.0,2.0,7540.0,10
2023-05-10 21:33:03,ru2401P12750,ru2401P12750,377.0,0.0,0.0,0.0,2,297.0,1327.0,1,424.0,377.0,377.0,377.0,2.0,7540.0,10
2023-05-10 21:33:03,ru2401P12750,ru2401P12750,377.0,0.0,0.0,0.0,2,297.0,1327.0,1,424.0,377.0,377.0,377.0,2.0,7540.0,10
2023-05-10 21:33:04,ru2401P12750,ru2401P12750,377.0,0.0,0.0,0.0,1,298.0,1326.0,1,424.0,377.0,377.0,377.0,2.0,7540.0,10
2023-05-10 21:33:04,ru2401P12750,ru2401P12750,377.0,0.0,0.0,0.0,1,298.0,1316.0,1,424.0,377.0,377.0,377.0,2.0,7540.0,10
2023-05-10 21:33:05,ru2401P12750,ru2401P12750,377.0,0.0,0.0,0.0,1,298.0,1313.0,1,424.0,377.0,377.0,377.0,2.0,7540.0,10
2023-05-10 21:33:05,ru2401P12750,ru2401P12750,377.0,0.0,0.0,0.0,1,298.0,1312.0,1,424.0,377.0,377.0,377.0,2.0,7540.0,10
2023-05-10 21:33:06,ru2401P12750,ru2401P12750,377.0,0.0,0.0,0.0,1,298.0,1309.0,1,424.0,377.0,377.0,377.0,2.0,7540.0,10
2023-05-10 21:33:06,ru2401P12750,ru2401P12750,377.0,0.0,0.0,0.0,1,298.0,1309.0,1,424.0,377.0,377.0,377.0,2.0,7540.0,10
2023-05-10 21:33:07,ru2401P12750,ru2401P12750,377.0,0.0,0.0,0.0,1,298.0,1308.0,1,424.0,377.0,377.0,377.0,2.0,7540.0,10
2023-05-10 21:33:07,ru2401P12750,ru2401P12750,377.0,0.0,0.0,0.0,1,298.0,1305.0,1,424.0,377.0,377.0,377.0,2.0,7540.0,10
2023-05-10 21:33:08,ru2401P12750,ru2401P12750,377.0,0.0,0.0,0.0,1,298.0,1298.0,1,424.0,377.0,377.0,377.0,2.0,7540.0,10
2023-05-10 21:33:08,ru2401P12750,ru2401P12750,377.0,0.0,0.0,0.0,1,298.0,1295.0,1,424.0,377.0,377.0,377.0,2.0,7540.0,10
2023-05-10 21:33:09,ru2401P12750,ru2401P12750,377.0,0.0,0.0,0.0,1,298.0,1295.0,1,424.0,377.0,377.0,377.0,2.0,7540.0,10
2023-05-10 21:33:09,ru2401P12750,ru2401P12750,377.0,0.0,0.0,0.0,1,298.0,1294.0,1,424.0,377.0,377.0,377.0,2.0,7540.0,10
2023-05-10 21:33:10,ru2401P12750,ru2401P12750,377.0,0.0,0.0,0.0,1,298.0,1291.0,1,424.0,377.0,377.0,377.0,2.0,7540.0,10
2023-05-10 21:33:10,ru2401P12750,ru2401P12750,377.0,0.0,0.0,0.0,1,298.0,1291.0,1,424.0,377.0,377.0,377.0,2.0,7540.0,10
2023-05-10 21:33:11,ru2401P12750,ru2401P12750,377.0,0.0,0.0,0.0,1,298.0,1290.0,1,424.0,377.0,377.0,377.0,2.0,7540.0,10
2023-05-10 21:33:11,ru2401P12750,ru2401P12750,377.0,0.0,0.0,0.0,1,298.0,1287.0,1,424.0,377.0,377.0,377.0,2.0,7540.0,10
2023-05-10 21:33:12,ru2401P12750,ru2401P12750,377.0,0.0,0.0,0.0,1,298.0,1287.0,1,424.0,377.0,377.0,377.0,2.0,7540.0,10
2023-05-10 21:33:12,ru2401P12750,ru2401P12750,377.0,0.0,0.0,0.0,1,298.0,1286.0,1,424.0,377.0,377.0,377.0,2.0,7540.0,10
2023-05-10 21:33:13,ru2401P12750,ru2401P12750,377.0,0.0,0.0,0.0,1,298.0,1283.0,1,424.0,377.0,377.0,377.0,2.0,7540.0,10
2023-05-10 21:33:13,ru2401P12750,ru2401P12750,377.0,0.0,0.0,0.0,1,298.0,1283.0,1,424.0,377.0,377.0,377.0,2.0,7540.0,10
2023-05-10 21:33:14,ru2401P12750,ru2401P12750,377.0,0.0,0.0,0.0,1,298.0,1282.0,1,424.0,377.0,377.0,377.0,2.0,7540.0,10
2023-05-10 21:33:14,ru2401P12750,ru2401P12750,377.0,0.0,0.0,0.0,1,298.0,1279.0,1,424.0,377.0,377.0,377.0,2.0,7540.0,10
2023-05-10 21:33:15,ru2401P12750,ru2401P12750,377.0,0.0,0.0,0.0,1,298.0,1279.0,1,424.0,377.0,377.0,377.0,2.0,7540.0,10
2023-05-10 21:33:15,ru2401P12750,ru2401P12750,377.0,0.0,0.0,0.0,1,298.0,1278.0,1,424.0,377.0,377.0,377.0,2.0,7540.0,10
2023-05-10 21:33:16,ru2401P12750,ru2401P12750,377.0,0.0,0.0,0.0,1,298.0,1268.0,1,424.0,377.0,377.0,377.0,2.0,7540.0,10
2023-05-10 21:33:16,ru2401P12750,ru2401P12750,377.0,0.0,0.0,0.0,1,298.0,1265.0,1,424.0,377.0,377.0,377.0,2.0,7540.0,10
2023-05-10 21:33:17,ru2401P12750,ru2401P12750,377.0,0.0,0.0,0.0,1,298.0,1264.0,1,424.0,377.0,377.0,377.0,2.0,7540.0,10
2023-05-10 21:33:17,ru2401P12750,ru2401P12750,377.0,0.0,0.0,0.0,1,298.0,1261.0,1,424.0,377.0,377.0,377.0,2.0,7540.0,10
2023-05-10 21:33:18,ru2401P12750,ru2401P12750,377.0,0.0,0.0,0.0,1,298.0,1261.0,1,424.0,377.0,377.0,377.0,2.0,7540.0,10
2023-05-10 21:33:18,ru2401P12750,ru2401P12750,377.0,0.0,0.0,0.0,1,298.0,1260.0,1,424.0,377.0,377.0,377.0,2.0,7540.0,10
2023-05-10 21:33:19,ru2401P12750,ru2401P12750,377.0,0.0,0.0,0.0,1,298.0,1257.0,1,424.0,377.0,377.0,377.0,2.0,7540.0,10
2023-05-10 21:33:19,ru2401P12750,ru2401P12750,377.0,0.0,0.0,0.0,1,298.0,1257.0,1,424.0,377.0,377.0,377.0,2.0,7540.0,10
2023-05-10 21:33:20,ru2401P12750,ru2401P12750,377.0,0.0,0.0,0.0,1,298.0,1256.0,1,424.0,377.0,377.0,377.0,2.0,7540.0,10
2023-05-10 21:33:20,ru2401P12750,ru2401P12750,377.0,0.0,0.0,0.0,1,298.0,1253.0,1,424.0,377.0,377.0,377.0,2.0,7540.0,10
2023-05-10 21:33:21,ru2401P12750,ru2401P12750,377.0,0.0,0.0,0.0,1,298.0,1253.0,1,424.0,377.0,377.0,377.0,2.0,7540.0,10
2023-05-10 21:33:21,ru2401P12750,ru2401P12750,377.0,0.0,0.0,0.0,1,298.0,1252.0,1,424.0,377.0,377.0,377.0,2.0,7540.0,10
2023-05-10 21:33:22,ru2401P12750,ru2401P12750,377.0,0.0,0.0,0.0,1,298.0,1249.0,1,424.0,377.0,377.0,377.0,2.0,7540.0,10
2023-05-10 21:33:22,ru2401P12750,ru2401P12750,377.0,0.0,0.0,0.0,1,298.0,1249.0,1,424.0,377.0,377.0,377.0,2.0,7540.0,10
2023-05-10 21:33:23,ru2401P12750,ru2401P12750,377.0,0.0,0.0,0.0,1,298.0,1241.0,1,424.0,377.0,377.0,377.0,2.0,7540.0,10
2023-05-10 21:33:23,ru2401P12750,ru2401P12750,377.0,0.0,0.0,0.0,1,298.0,1238.0,1,424.0,377.0,377.0,377.0,2.0,7540.0,10
2023-05-10 21:33:24,ru2401P12750,ru2401P12750,377.0,0.0,0.0,0.0,1,298.0,1237.0,1,424.0,377.0,377.0,377.0,2.0,7540.0,10
2023-05-10 21:33:24,ru2401P12750,ru2401P12750,377.0,0.0,0.0,0.0,1,298.0,1234.0,1,424.0,377.0,377.0,377.0,2.0,7540.0,10
2023-05-10 21:33:25,ru2401P12750,ru2401P12750,377.0,0.0,0.0,0.0,1,298.0,1234.0,1,424.0,377.0,377.0,377.0,2.0,7540.0,10
2023-05-10 21:33:25,ru2401P12750,ru2401P12750,377.0,0.0,0.0,0.0,1,298.0,1233.0,1,424.0,377.0,377.0,377.0,2.0,7540.0,10
2023-05-10 21:33:26,ru2401P12750,ru2401P12750,377.0,0.0,0.0,0.0,1,298.0,1230.0,1,424.0,377.0,377.0,377.0,2.0,7540.0,10
2023-05-10 21:33:26,ru2401P12750,ru2401P12750,377.0,0.0,0.0,0.0,1,298.0,1230.0,1,424.0,377.0,377.0,377.0,2.0,7540.0,10
2023-05-10 21:33:27,ru2401P12750,ru2401P12750,377.0,0.0,0.0,0.0,1,298.0,1229.0,1,424.0,377.0,377.0,377.0,2.0,7540.0,10
2023-05-10 21:33:27,ru2401P12750,ru2401P12750,377.0,0.0,0.0,0.0,1,298.0,1226.0,1,424.0,377.0,377.0,377.0,2.0,7540.0,10
2023-05-10 21:33:28,ru2401P12750,ru2401P12750,377.0,0.0,0.0,0.0,1,298.0,1226.0,1,424.0,377.0,377.0,377.0,2.0,7540.0,10
2023-05-10 21:33:28,ru2401P12750,ru2401P12750,377.0,0.0,0.0,0.0,1,298.0,1225.0,1,424.0,377.0,377.0,377.0,2.0,7540.0,10
2023-05-10 21:33:29,ru2401P12750,ru2401P12750,377.0,0.0,0.0,0.0,1,298.0,1222.0,1,424.0,377.0,377.0,377.0,2.0,7540.0,10
2023-05-10 21:33:29,ru2401P12750,ru2401P12750,377.0,0.0,0.0,0.0,1,298.0,1222.0,1,424.0,377.0,377.0,377.0,2.0,7540.0,10
2023-05-10 21:33:30,ru2401P12750,ru2401P12750,377.0,0.0,0.0,0.0,1,298.0,1214.0,1,424.0,377.0,377.0,377.0,2.0,7540.0,10
2023-05-10 21:33:30,ru2401P12750,ru2401P12750,377.0,0.0,0.0,0.0,1,298.0,1211.0,1,424.0,377.0,377.0,377.0,2.0,7540.0,10
2023-05-10 21:33:31,ru2401P12750,ru2401P12750,377.0,0.0,0.0,0.0,1,298.0,1210.0,1,424.0,377.0,377.0,377.0,2.0,7540.0,10
2023-05-10 21:33:31,ru2401P12750,ru2401P12750,377.0,0.0,0.0,0.0,1,298.0,1207.0,1,424.0,377.0,377.0,377.0,2.0,7540.0,10
2023-05-10 21:33:32,ru2401P12750,ru2401P12750,377.0,0.0,0.0,0.0,1,298.0,1207.0,1,424.0,377.0,377.0,377.0,2.0,7540.0,10
2023-05-10 21:33:32,ru2401P12750,ru2401P12750,377.0,0.0,0.0,0.0,1,298.0,1206.0,1,424.0,377.0,377.0,377.0,2.0,7540.0,10
2023-05-10 21:33:33,ru2401P12750,ru2401P12750,377.0,0.0,0.0,0.0,1,298.0,1203.0,1,424.0,377.0,377.0,377.0,2.0,7540.0,10
2023-05-10 21:33:33,ru2401P12750,ru2401P12750,377.0,0.0,0.0,0.0,1,298.0,1196.0,1,424.0,377.0,377.0,377.0,2.0,7540.0,10
2023-05-10 21:33:34,ru2401P12750,ru2401P12750,377.0,0.0,0.0,0.0,1,298.0,1193.0,1,424.0,377.0,377.0,377.0,2.0,7540.0,10
2023-05-10 21:33:34,ru2401P12750,ru2401P12750,377.0,0.0,0.0,0.0,1,298.0,1192.0,1,424.0,377.0,377.0,377.0,2.0,7540.0,10
2023-05-10 21:33:35,ru2401P12750,ru2401P12750,377.0,0.0,0.0,0.0,1,298.0,1189.0,1,424.0,377.0,377.0,377.0,2.0,7540.0,10
2023-05-10 21:33:35,ru2401P12750,ru2401P12750,377.0,0.0,0.0,0.0,1,298.0,1189.0,1,424.0,377.0,377.0,377.0,2.0,7540.0,10
2023-05-10 21:33:36,ru2401P12750,ru2401P12750,377.0,0.0,0.0,0.0,1,298.0,1188.0,1,424.0,377.0,377.0,377.0,2.0,7540.0,10
2023-05-10 21:33:36,ru2401P12750,ru2401P12750,377.0,0.0,0.0,0.0,1,298.0,1185.0,1,424.0,377.0,377.0,377.0,2.0,7540.0,10
2023-05-10 21:33:37,ru2401P12750,ru2401P12750,377.0,0.0,0.0,0.0,1,298.0,1178.0,1,424.0,377.0,377.0,377.0,2.0,7540.0,10
2023-05-10 21:33:37,ru2401P12750,ru2401P12750,377.0,0.0,0.0,0.0,1,298.0,1175.0,1,424.0,377.0,377.0,377.0,2.0,7540.0,10
2023-05-10 21:33:38,ru2401P12750,ru2401P12750,377.0,0.0,0.0,0.0,1,298.0,1175.0,1,424.0,377.0,377.0,377.0,2.0,7540.0,10
2023-05-10 21:33:38,ru2401P12750,ru2401P12750,377.0,0.0,0.0,0.0,1,298.0,1174.0,1,424.0,377.0,377.0,377.0,2.0,7540.0,10
2023-05-10 21:33:39,ru2401P12750,ru2401P12750,377.0,0.0,0.0,0.0,1,298.0,1171.0,1,424.0,377.0,377.0,377.0,2.0,7540.0,10
2023-05-10 21:33:39,ru2401P12750,ru2401P12750,377.0,0.0,0.0,0.0,1,298.0,1171.0,1,424.0,377.0,377.0,377.0,2.0,7540.0,10
2023-05-10 21:33:40,ru2401P12750,ru2401P12750,377.0,0.0,0.0,0.0,1,298.0,1170.0,1,424.0,377.0,377.0,377.0,2.0,7540.0,10
2023-05-10 21:33:40,ru2401P12750,ru2401P12750,377.0,0.0,0.0,0.0,1,298.0,1167.0,1,424.0,377.0,377.0,377.0,2.0,7540.0,10
2023-05-10 21:33:41,ru2401P12750,ru2401P12750,377.0,0.0,0.0,0.0,1,298.0,1167.0,1,424.0,377.0,377.0,377.0,2.0,7540.0,10
2023-05-10 21:33:41,ru2401P12750,ru2401P12750,377.0,0.0,0.0,0.0,1,298.0,1166.0,1,424.0,377.0,377.0,377.0,2.0,7540.0,10
2023-05-10 21:33:42,ru2401P12750,ru2401P12750,377.0,0.0,0.0,0.0,1,298.0,1163.0,1,424.0,377.0,377.0,377.0,2.0,7540.0,10
2023-05-10 21:33:42,ru2401P12750,ru2401P12750,377.0,0.0,0.0,0.0,1,298.0,1163.0,1,424.0,377.0,377.0,377.0,2.0,7540.0,10
2023-05-10 21:33:43,ru2401P12750,ru2401P12750,377.0,0.0,0.0,0.0,1,298.0,1162.0,1,424.0,377.0,377.0,377.0,2.0,7540.0,10
2023-05-10 21:33:43,ru2401P12750,ru2401P12750,377.0,0.0,0.0,0.0,1,298.0,1159.0,1,424.0,377.0,377.0,377.0,2.0,7540.0,10
2023-05-10 21:33:44,ru2401P12750,ru2401P12750,377.0,0.0,0.0,0.0,1,298.0,1159.0,1,424.0,377.0,377.0,377.0,2.0,7540.0,10
2023-05-10 21:33:44,ru2401P12750,ru2401P12750,377.0,0.0,0.0,0.0,1,298.0,1158.0,1,424.0,377.0,377.0,377.0,2.0,7540.0,10
2023-05-10 21:33:45,ru2401P12750,ru2401P12750,377.0,0.0,0.0,0.0,1,298.0,1155.0,1,424.0,377.0,377.0,377.0,2.0,7540.0,10
2023-05-10 21:33:45,ru2401P12750,ru2401P12750,377.0,0.0,0.0,0.0,1,298.0,1155.0,1,424.0,377.0,377.0,377.0,2.0,7540.0,10
2023-05-10 21:33:46,ru2401P12750,ru2401P12750,377.0,0.0,0.0,0.0,1,298.0,1154.0,1,424.0,377.0,377.0,377.0,2.0,7540.0,10
2023-05-10 21:33:46,ru2401P12750,ru2401P12750,377.0,0.0,0.0,0.0,1,298.0,1151.0,1,424.0,377.0,377.0,377.0,2.0,7540.0,10
2023-05-10 21:33:47,ru2401P12750,ru2401P12750,377.0,0.0,0.0,0.0,1,298.0,1151.0,1,424.0,377.0,377.0,377.0,2.0,7540.0,10
2023-05-10 21:33:47,ru2401P12750,ru2401P12750,377.0,0.0,0.0,0.0,1,298.0,1150.0,1,424.0,377.0,377.0,377.0,2.0,7540.0,10
2023-05-10 21:33:48,ru2401P12750,ru2401P12750,377.0,0.0,0.0,0.0,1,298.0,1147.0,1,424.0,377.0,377.0,377.0,2.0,7540.0,10
2023-05-10 21:33:48,ru2401P12750,ru2401P12750,377.0,0.0,0.0,0.0,1,298.0,1147.0,1,424.0,377.0,377.0,377.0,2.0,7540.0,10
2023-05-10 21:33:49,ru2401P12750,ru2401P12750,377.0,0.0,0.0,0.0,1,298.0,1146.0,1,424.0,377.0,377.0,377.0,2.0,7540.0,10
2023-05-10 21:33:49,ru2401P12750,ru2401P12750,377.0,0.0,0.0,0.0,1,298.0,1143.0,1,424.0,377.0,377.0,377.0,2.0,7540.0,10
2023-05-10 21:33:50,ru2401P12750,ru2401P12750,377.0,0.0,0.0,0.0,1,298.0,1143.0,1,424.0,377.0,377.0,377.0,2.0,7540.0,10
2023-05-10 21:33:50,ru2401P12750,ru2401P12750,377.0,0.0,0.0,0.0,1,298.0,1142.0,1,424.0,377.0,377.0,377.0,2.0,7540.0,10
2023-05-10 21:33:51,ru2401P12750,ru2401P12750,377.0,0.0,0.0,0.0,1,298.0,1139.0,1,424.0,377.0,377.0,377.0,2.0,7540.0,10
2023-05-10 21:33:51,ru2401P12750,ru2401P12750,377.0,0.0,0.0,0.0,1,298.0,1139.0,1,424.0,377.0,377.0,377.0,2.0,7540.0,10
2023-05-10 21:33:52,ru2401P12750,ru2401P12750,377.0,0.0,0.0,0.0,1,298.0,1138.0,1,424.0,377.0,377.0,377.0,2.0,7540.0,10
2023-05-10 21:33:52,ru2401P12750,ru2401P12750,377.0,0.0,0.0,0.0,1,298.0,1135.0,1,424.0,377.0,377.0,377.0,2.0,7540.0,10
2023-05-10 21:33:53,ru2401P12750,ru2401P12750,377.0,0.0,0.0,0.0,1,298.0,1135.0,1,424.0,377.0,377.0,377.0,2.0,7540.0,10
2023-05-10 21:33:53,ru2401P12750,ru2401P12750,377.0,0.0,0.0,0.0,1,298.0,1134.0,1,424.0,377.0,377.0,377.0,2.0,7540.0,10
2023-05-10 21:33:54,ru2401P12750,ru2401P12750,377.0,0.0,0.0,0.0,1,298.0,1131.0,1,424.0,377.0,377.0,377.0,2.0,7540.0,10
2023-05-10 21:33:54,ru2401P12750,ru2401P12750,377.0,0.0,0.0,0.0,1,298.0,1124.0,1,424.0,377.0,377.0,377.0,2.0,7540.0,10
2023-05-10 21:33:55,ru2401P12750,ru2401P12750,377.0,0.0,0.0,0.0,1,298.0,1121.0,1,424.0,377.0,377.0,377.0,2.0,7540.0,10
2023-05-10 21:33:55,ru2401P12750,ru2401P12750,377.0,0.0,0.0,0.0,1,298.0,1121.0,1,424.0,377.0,377.0,377.0,2.0,7540.0,10
2023-05-10 21:33:56,ru2401P12750,ru2401P12750,377.0,0.0,0.0,0.0,1,298.0,1120.0,1,424.0,377.0,377.0,377.0,2.0,7540.0,10
2023-05-10 21:33:56,ru2401P12750,ru2401P12750,377.0,0.0,0.0,0.0,1,298.0,1117.0,1,424.0,377.0,377.0,377.0,2.0,7540.0,10
2023-05-10 21:33:57,ru2401P12750,ru2401P12750,377.0,0.0,0.0,0.0,1,298.0,1117.0,1,424.0,377.0,377.0,377.0,2.0,7540.0,10
2023-05-10 21:33:57,ru2401P12750,ru2401P12750,377.0,0.0,0.0,0.0,1,298.0,1116.0,1,424.0,377.0,377.0,377.0,2.0,7540.0,10
2023-05-10 21:33:58,ru2401P12750,ru2401P12750,377.0,0.0,0.0,0.0,1,298.0,1113.0,1,424.0,377.0,377.0,377.0,2.0,7540.0,10
2023-05-10 21:33:58,ru2401P12750,ru2401P12750,377.0,0.0,0.0,0.0,1,298.0,1113.0,1,424.0,377.0,377.0,377.0,2.0,7540.0,10
2023-05-10 21:33:59,ru2401P12750,ru2401P12750,377.0,0.0,0.0,0.0,1,298.0,1112.0,1,424.0,377.0,377.0,377.0,2.0,7540.0,10
2023-05-10 21:33:59,ru2401P12750,ru2401P12750,377.0,0.0,0.0,0.0,1,298.0,1109.0,1,424.0,377.0,377.0,377.0,2.0,7540.0,10
2023-05-10 21:34:00,ru2401P12750,ru2401P12750,377.0,0.0,0.0,0.0,1,298.0,1109.0,1,424.0,377.0,377.0,377.0,2.0,7540.0,10
2023-05-10 21:34:00,ru2401P12750,ru2401P12750,377.0,0.0,0.0,0.0,1,298.0,1108.0,1,424.0,377.0,377.0,377.0,2.0,7540.0,10
2023-05-10 21:34:01,ru2401P12750,ru2401P12750,377.0,0.0,0.0,0.0,1,298.0,1098.0,1,424.0,377.0,377.0,377.0,2.0,7540.0,10
2023-05-10 21:34:01,ru2401P12750,ru2401P12750,377.0,0.0,0.0,0.0,1,298.0,1095.0,1,424.0,377.0,377.0,377.0,2.0,7540.0,10
2023-05-10 21:34:02,ru2401P12750,ru2401P12750,377.0,0.0,0.0,0.0,1,298.0,1094.0,1,424.0,377.0,377.0,377.0,2.0,7540.0,10
2023-05-10 21:34:02,ru2401P12750,ru2401P12750,377.0,0.0,0.0,0.0,1,298.0,1091.0,1,424.0,377.0,377.0,377.0,2.0,7540.0,10
2023-05-10 21:34:03,ru2401P12750,ru2401P12750,377.0,0.0,0.0,0.0,1,298.0,1091.0,1,424.0,377.0,377.0,377.0,2.0,7540.0,10
2023-05-10 21:34:03,ru2401P12750,ru2401P12750,377.0,0.0,0.0,0.0,1,298.0,1090.0,1,424.0,377.0,377.0,377.0,2.0,7540.0,10
2023-05-10 21:34:04,ru2401P12750,ru2401P12750,377.0,0.0,0.0,0.0,1,298.0,1087.0,1,424.0,377.0,377.0,377.0,2.0,7540.0,10
2023-05-10 21:34:04,ru2401P12750,ru2401P12750,377.0,0.0,0.0,0.0,1,298.0,1087.0,1,424.0,377.0,377.0,377.0,2.0,7540.0,10
2023-05-10 21:34:05,ru2401P12750,ru2401P12750,377.0,0.0,0.0,0.0,1,298.0,1086.0,1,424.0,377.0,377.0,377.0,2.0,7540.0,10
2023-05-10 21:34:05,ru2401P12750,ru2401P12750,377.0,0.0,0.0,0.0,1,298.0,1083.0,1,424.0,377.0,377.0,377.0,2.0,7540.0,10
2023-05-10 21:34:06,ru2401P12750,ru2401P12750,377.0,0.0,0.0,0.0,1,298.0,1083.0,1,424.0,377.0,377.0,377.0,2.0,7540.0,10
2023-05-10 21:34:06,ru2401P12750,ru2401P12750,377.0,0.0,0.0,0.0,1,298.0,1082.0,1,424.0,377.0,377.0,377.0,2.0,7540.0,10
2023-05-10 21:34:07,ru2401P12750,ru2401P12750,377.0,0.0,0.0,0.0,1,298.0,1079.0,1,424.0,377.0,377.0,377.0,2.0,7540.0,10
2023-05-10 21:34:07,ru2401P12750,ru2401P12750,377.0,0.0,0.0,0.0,1,298.0,1072.0,1,424.0,377.0,377.0,377.0,2.0,7540.0,10
2023-05-10 21:34:08,ru2401P12750,ru2401P12750,377.0,0.0,0.0,0.0,1,298.0,1069.0,1,424.0,377.0,377.0,377.0,2.0,7540.0,10
2023-05-10 21:34:08,ru2401P12750,ru2401P12750,377.0,0.0,0.0,0.0,1,298.0,1069.0,1,424.0,377.0,377.0,377.0,2.0,7540.0,10
2023-05-10 21:34:09,ru2401P12750,ru2401P12750,377.0,0.0,0.0,0.0,1,298.0,1068.0,1,424.0,377.0,377.0,377.0,2.0,7540.0,10
2023-05-10 21:34:09,ru2401P12750,ru2401P12750,377.0,0.0,0.0,0.0,1,298.0,1065.0,1,424.0,377.0,377.0,377.0,2.0,7540.0,10
2023-05-10 21:34:10,ru2401P12750,ru2401P12750,377.0,0.0,0.0,0.0,1,298.0,1065.0,1,424.0,377.0,377.0,377.0,2.0,7540.0,10
2023-05-10 21:34:10,ru2401P12750,ru2401P12750,377.0,0.0,0.0,0.0,1,298.0,1064.0,1,424.0,377.0,377.0,377.0,2.0,7540.0,10
2023-05-10 21:34:11,ru2401P12750,ru2401P12750,377.0,0.0,0.0,0.0,1,298.0,1061.0,1,424.0,377.0,377.0,377.0,2.0,7540.0,10
2023-05-10 21:34:11,ru2401P12750,ru2401P12750,377.0,0.0,0.0,0.0,1,298.0,1061.0,1,424.0,377.0,377.0,377.0,2.0,7540.0,10
2023-05-10 21:34:12,ru2401P12750,ru2401P12750,377.0,0.0,0.0,0.0,1,298.0,1060.0,1,424.0,377.0,377.0,377.0,2.0,7540.0,10
2023-05-10 21:34:12,ru2401P12750,ru2401P12750,377.0,0.0,0.0,0.0,1,298.0,1057.0,1,424.0,377.0,377.0,377.0,2.0,7540.0,10
2023-05-10 21:34:13,ru2401P12750,ru2401P12750,377.0,0.0,0.0,0.0,1,298.0,1057.0,1,424.0,377.0,377.0,377.0,2.0,7540.0,10
2023-05-10 21:34:13,ru2401P12750,ru2401P12750,377.0,0.0,0.0,0.0,1,298.0,1056.0,1,424.0,377.0,377.0,377.0,2.0,7540.0,10
2023-05-10 21:34:14,ru2401P12750,ru2401P12750,377.0,0.0,0.0,0.0,1,298.0,1053.0,1,424.0,377.0,377.0,377.0,2.0,7540.0,10
2023-05-10 21:34:14,ru2401P12750,ru2401P12750,377.0,0.0,0.0,0.0,1,298.0,1042.0,1,424.0,377.0,377.0,377.0,2.0,7540.0,10
2023-05-10 21:34:15,ru2401P12750,ru2401P12750,377.0,0.0,0.0,0.0,1,298.0,1039.0,1,424.0,377.0,377.0,377.0,2.0,7540.0,10
2023-05-10 21:34:15,ru2401P12750,ru2401P12750,377.0,0.0,0.0,0.0,1,298.0,1039.0,1,424.0,377.0,377.0,377.0,2.0,7540.0,10
2023-05-10 21:34:16,ru2401P12750,ru2401P12750,377.0,0.0,0.0,0.0,1,298.0,1038.0,1,424.0,377.0,377.0,377.0,2.0,7540.0,10
2023-05-10 21:34:16,ru2401P12750,ru2401P12750,377.0,0.0,0.0,0.0,1,298.0,1035.0,1,424.0,377.0,377.0,377.0,2.0,7540.0,10
2023-05-10 21:34:17,ru2401P12750,ru2401P12750,377.0,0.0,0.0,0.0,1,298.0,1035.0,1,424.0,377.0,377.0,377.0,2.0,7540.0,10
2023-05-10 21:34:17,ru2401P12750,ru2401P12750,377.0,0.0,0.0,0.0,1,298.0,1034.0,1,424.0,377.0,377.0,377.0,2.0,7540.0,10
2023-05-10 21:34:18,ru2401P12750,ru2401P12750,377.0,0.0,0.0,0.0,1,298.0,1027.0,1,424.0,377.0,377.0,377.0,2.0,7540.0,10
2023-05-10 21:34:18,ru2401P12750,ru2401P12750,377.0,0.0,0.0,0.0,1,298.0,1024.0,1,424.0,377.0,377.0,377.0,2.0,7540.0,10
2023-05-10 21:34:19,ru2401P12750,ru2401P12750,377.0,0.0,0.0,0.0,1,298.0,1023.0,1,424.0,377.0,377.0,377.0,2.0,7540.0,10
2023-05-10 21:34:19,ru2401P12750,ru2401P12750,377.0,0.0,0.0,0.0,1,298.0,1020.0,1,424.0,377.0,377.0,377.0,2.0,7540.0,10
2023-05-10 21:34:20,ru2401P12750,ru2401P12750,377.0,0.0,0.0,0.0,1,298.0,1020.0,1,424.0,377.0,377.0,377.0,2.0,7540.0,10
2023-05-10 21:34:20,ru2401P12750,ru2401P12750,377.0,0.0,0.0,0.0,1,298.0,1019.0,1,424.0,377.0,377.0,377.0,2.0,7540.0,10
2023-05-10 21:34:21,ru2401P12750,ru2401P12750,377.0,0.0,0.0,0.0,1,298.0,1016.0,1,424.0,377.0,377.0,377.0,2.0,7540.0,10
2023-05-10 21:34:21,ru2401P12750,ru2401P12750,377.0,0.0,0.0,0.0,1,298.0,1016.0,1,424.0,377.0,377.0,377.0,2.0,7540.0,10
2023-05-10 21:34:22,ru2401P12750,ru2401P12750,377.0,0.0,0.0,0.0,1,298.0,1015.0,1,424.0,377.0,377.0,377.0,2.0,7540.0,10
2023-05-10 21:34:22,ru2401P12750,ru2401P12750,377.0,0.0,0.0,0.0,1,298.0,1012.0,1,424.0,377.0,377.0,377.0,2.0,7540.0,10
2023-05-10 21:34:23,ru2401P12750,ru2401P12750,377.0,0.0,0.0,0.0,1,298.0,1012.0,1,424.0,377.0,377.0,377.0,2.0,7540.0,10
2023-05-10 21:34:23,ru2401P12750,ru2401P12750,377.0,0.0,0.0,0.0,1,298.0,1011.0,1,424.0,377.0,377.0,377.0,2.0,7540.0,10
2023-05-10 21:34:24,ru2401P12750,ru2401P12750,377.0,0.0,0.0,0.0,1,298.0,1008.0,1,424.0,377.0,377.0,377.0,2.0,7540.0,10
2023-05-10 21:34:24,ru2401P12750,ru2401P12750,377.0,0.0,0.0,0.0,1,298.0,1008.0,1,424.0,377.0,377.0,377.0,2.0,7540.0,10
2023-05-10 21:34:25,ru2401P12750,ru2401P12750,377.0,0.0,0.0,0.0,1,298.0,1007.0,1,424.0,377.0,377.0,377.0,2.0,7540.0,10
2023-05-10 21:34:25,ru2401P12750,ru2401P12750,377.0,0.0,0.0,0.0,1,298.0,997.0,1,424.0,377.0,377.0,377.0,2.0,7540.0,10
2023-05-10 21:34:26,ru2401P12750,ru2401P12750,377.0,0.0,0.0,0.0,1,298.0,994.0,1,424.0,377.0,377.0,377.0,2.0,7540.0,10
2023-05-10 21:34:26,ru2401P12750,ru2401P12750,377.0,0.0,0.0,0.0,1,298.0,993.0,1,424.0,377.0,377.0,377.0,2.0,7540.0,10
2023-05-10 21:34:27,ru2401P12750,ru2401P12750,377.0,0.0,0.0,0.0,1,298.0,990.0,1,424.0,377.0,377.0,377.0,2.0,7540.0,10
2023-05-10 21:34:27,ru2401P12750,ru2401P12750,377.0,0.0,0.0,0.0,1,298.0,990.0,1,424.0,377.0,377.0,377.0,2.0,7540.0,10
2023-05-10 21:34:28,ru2401P12750,ru2401P12750,377.0,0.0,0.0,0.0,1,298.0,989.0,1,424.0,377.0,377.0,377.0,2.0,7540.0,10
2023-05-10 21:34:28,ru2401P12750,ru2401P12750,377.0,0.0,0.0,0.0,1,298.0,986.0,1,424.0,377.0,377.0,377.0,2.0,7540.0,10
2023-05-10 21:34:29,ru2401P12750,ru2401P12750,377.0,0.0,0.0,0.0,1,298.0,986.0,1,424.0,377.0,377.0,377.0,2.0,7540.0,10
2023-05-10 21:34:29,ru2401P12750,ru2401P12750,377.0,0.0,0.0,0.0,1,298.0,978.0,1,424.0,377.0,377.0,377.0,2.0,7540.0,10
2023-05-10 21:34:30,ru2401P12750,ru2401P12750,377.0,0.0,0.0,0.0,1,298.0,975.0,1,424.0,377.0,377.0,377.0,2.0,7540.0,10
2023-05-10 21:34:30,ru2401P12750,ru2401P12750,377.0,0.0,0.0,0.0,1,298.0,974.0,1,424.0,377.0,377.0,377.0,2.0,7540.0,10
2023-05-10 21:34:31,ru2401P12750,ru2401P12750,377.0,0.0,0.0,0.0,1,298.0,971.0,1,424.0,377.0,377.0,377.0,2.0,7540.0,10
2023-05-10 21:34:31,ru2401P12750,ru2401P12750,377.0,0.0,0.0,0.0,1,298.0,970.0,1,424.0,377.0,377.0,377.0,2.0,7540.0,10
2023-05-10 21:34:32,ru2401P12750,ru2401P12750,377.0,0.0,0.0,0.0,1,298.0,967.0,1,424.0,377.0,377.0,377.0,2.0,7540.0,10
2023-05-10 21:34:32,ru2401P12750,ru2401P12750,377.0,0.0,0.0,0.0,1,298.0,967.0,1,424.0,377.0,377.0,377.0,2.0,7540.0,10
2023-05-10 21:34:33,ru2401P12750,ru2401P12750,377.0,0.0,0.0,0.0,1,298.0,966.0,1,424.0,377.0,377.0,377.0,2.0,7540.0,10
2023-05-10 21:34:33,ru2401P12750,ru2401P12750,377.0,0.0,0.0,0.0,1,298.0,963.0,1,424.0,377.0,377.0,377.0,2.0,7540.0,10
2023-05-10 21:34:34,ru2401P12750,ru2401P12750,377.0,0.0,0.0,0.0,1,298.0,963.0,1,424.0,377.0,377.0,377.0,2.0,7540.0,10
2023-05-10 21:34:34,ru2401P12750,ru2401P12750,377.0,0.0,0.0,0.0,1,298.0,962.0,1,424.0,377.0,377.0,377.0,2.0,7540.0,10
2023-05-10 21:34:35,ru2401P12750,ru2401P12750,377.0,0.0,0.0,0.0,1,298.0,959.0,1,424.0,377.0,377.0,377.0,2.0,7540.0,10
2023-05-10 21:34:35,ru2401P12750,ru2401P12750,377.0,0.0,0.0,0.0,1,298.0,959.0,1,424.0,377.0,377.0,377.0,2.0,7540.0,10
2023-05-10 21:34:36,ru2401P12750,ru2401P12750,377.0,0.0,0.0,0.0,1,298.0,951.0,1,424.0,377.0,377.0,377.0,2.0,7540.0,10
2023-05-10 21:34:36,ru2401P12750,ru2401P12750,377.0,0.0,0.0,0.0,1,298.0,948.0,1,424.0,377.0,377.0,377.0,2.0,7540.0,10
2023-05-10 21:34:37,ru2401P12750,ru2401P12750,377.0,0.0,0.0,0.0,1,298.0,947.0,1,424.0,377.0,377.0,377.0,2.0,7540.0,10
2023-05-10 21:34:37,ru2401P12750,ru2401P12750,377.0,0.0,0.0,0.0,1,298.0,944.0,1,424.0,377.0,377.0,377.0,2.0,7540.0,10
2023-05-10 21:34:38,ru2401P12750,ru2401P12750,377.0,0.0,0.0,0.0,1,298.0,943.0,1,424.0,377.0,377.0,377.0,2.0,7540.0,10
2023-05-10 21:34:38,ru2401P12750,ru2401P12750,377.0,0.0,0.0,0.0,1,298.0,940.0,1,424.0,377.0,377.0,377.0,2.0,7540.0,10
2023-05-10 21:34:39,ru2401P12750,ru2401P12750,377.0,0.0,0.0,0.0,1,298.0,940.0,1,424.0,377.0,377.0,377.0,2.0,7540.0,10
2023-05-10 21:34:39,ru2401P12750,ru2401P12750,377.0,0.0,0.0,0.0,1,298.0,939.0,1,424.0,377.0,377.0,377.0,2.0,7540.0,10
2023-05-10 21:34:40,ru2401P12750,ru2401P12750,377.0,0.0,0.0,0.0,1,298.0,936.0,1,424.0,377.0,377.0,377.0,2.0,7540.0,10
2023-05-10 21:34:40,ru2401P12750,ru2401P12750,377.0,0.0,0.0,0.0,1,298.0,936.0,1,424.0,377.0,377.0,377.0,2.0,7540.0,10
2023-05-10 21:34:41,ru2401P12750,ru2401P12750,377.0,0.0,0.0,0.0,1,298.0,935.0,1,424.0,377.0,377.0,377.0,2.0,7540.0,10
2023-05-10 21:34:41,ru2401P12750,ru2401P12750,377.0,0.0,0.0,0.0,1,298.0,932.0,1,424.0,377.0,377.0,377.0,2.0,7540.0,10
2023-05-10 21:34:42,ru2401P12750,ru2401P12750,377.0,0.0,0.0,0.0,1,298.0,932.0,1,424.0,377.0,377.0,377.0,2.0,7540.0,10
2023-05-10 21:34:42,ru2401P12750,ru2401P12750,377.0,0.0,0.0,0.0,1,298.0,931.0,1,424.0,377.0,377.0,377.0,2.0,7540.0,10
2023-05-10 21:34:43,ru2401P12750,ru2401P12750,377.0,0.0,0.0,0.0,1,298.0,921.0,1,424.0,377.0,377.0,377.0,2.0,7540.0,10
2023-05-10 21:34:43,ru2401P12750,ru2401P12750,377.0,0.0,0.0,0.0,1,298.0,918.0,1,424.0,377.0,377.0,377.0,2.0,7540.0,10
2023-05-10 21:34:44,ru2401P12750,ru2401P12750,377.0,0.0,0.0,0.0,1,298.0,917.0,1,424.0,377.0,377.0,377.0,2.0,7540.0,10
2023-05-10 21:34:44,ru2401P12750,ru2401P12750,377.0,0.0,0.0,0.0,1,298.0,914.0,1,424.0,377.0,377.0,377.0,2.0,7540.0,10
2023-05-10 21:34:45,ru2401P12750,ru2401P12750,377.0,0.0,0.0,0.0,1,298.0,914.0,1,424.0,377.0,377.0,377.0,2.0,7540.0,10
2023-05-10 21:34:45,ru2401P12750,ru2401P12750,377.0,0.0,0.0,0.0,1,298.0,913.0,1,424.0,377.0,377.0,377.0,2.0,7540.0,10
2023-05-10 21:34:46,ru2401P12750,ru2401P12750,377.0,0.0,0.0,0.0,1,298.0,910.0,1,424.0,377.0,377.0,377.0,2.0,7540.0,10
2023-05-10 21:34:46,ru2401P12750,ru2401P12750,377.0,0.0,0.0,0.0,1,298.0,910.0,1,424.0,377.0,377.0,377.0,2.0,7540.0,10
2023-05-10 21:34:47,ru2401P12750,ru2401P12750,377.0,0.0,0.0,0.0,1,298.0,909.0,1,424.0,377.0,377.0,377.0,2.0,7540.0,10
2023-05-10 21:34:47,ru2401P12750,ru2401P12750,377.0,0.0,0.0,0.0,1,298.0,906.0,1,424.0,377.0,377.0,377.0,2.0,7540.0,10
2023-05-10 21:34:48,ru2401P12750,ru2401P12750,377.0,0.0,0.0,0.0,1,298.0,906.0,1,424.0,377.0,377.0,377.0,2.0,7540.0,10
2023-05-10 21:34:48,ru2401P12750,ru2401P12750,377.0,0.0,0.0,0.0,1,298.0,905.0,1,424.0,377.0,377.0,377.0,2.0,7540.0,10
2023-05-10 21:34:49,ru2401P12750,ru2401P12750,377.0,0.0,0.0,0.0,1,298.0,902.0,1,424.0,377.0,377.0,377.0,2.0,7540.0,10
2023-05-10 21:34:49,ru2401P12750,ru2401P12750,377.0,0.0,0.0,0.0,1,298.0,902.0,1,424.0,377.0,377.0,377.0,2.0,7540.0,10
2023-05-10 21:34:50,ru2401P12750,ru2401P12750,377.0,0.0,0.0,0.0,1,298.0,901.0,1,424.0,377.0,377.0,377.0,2.0,7540.0,10
2023-05-10 21:34:50,ru2401P12750,ru2401P12750,377.0,0.0,0.0,0.0,1,298.0,898.0,1,424.0,377.0,377.0,377.0,2.0,7540.0,10
2023-05-10 21:34:51,ru2401P12750,ru2401P12750,377.0,0.0,0.0,0.0,1,298.0,898.0,1,424.0,377.0,377.0,377.0,2.0,7540.0,10
2023-05-10 21:34:51,ru2401P12750,ru2401P12750,377.0,0.0,0.0,0.0,1,298.0,897.0,1,424.0,377.0,377.0,377.0,2.0,7540.0,10
2023-05-10 21:34:52,ru2401P12750,ru2401P12750,377.0,0.0,0.0,0.0,1,298.0,894.0,1,424.0,377.0,377.0,377.0,2.0,7540.0,10
2023-05-10 21:34:52,ru2401P12750,ru2401P12750,377.0,0.0,0.0,0.0,1,298.0,894.0,1,424.0,377.0,377.0,377.0,2.0,7540.0,10
2023-05-10 21:34:53,ru2401P12750,ru2401P12750,377.0,0.0,0.0,0.0,1,298.0,893.0,1,424.0,377.0,377.0,377.0,2.0,7540.0,10
2023-05-10 21:34:53,ru2401P12750,ru2401P12750,377.0,0.0,0.0,0.0,1,298.0,890.0,1,424.0,377.0,377.0,377.0,2.0,7540.0,10
2023-05-10 21:34:54,ru2401P12750,ru2401P12750,377.0,0.0,0.0,0.0,1,298.0,890.0,1,424.0,377.0,377.0,377.0,2.0,7540.0,10
2023-05-10 21:34:54,ru2401P12750,ru2401P12750,377.0,0.0,0.0,0.0,1,298.0,889.0,1,424.0,377.0,377.0,377.0,2.0,7540.0,10
2023-05-10 21:34:55,ru2401P12750,ru2401P12750,377.0,0.0,0.0,0.0,1,298.0,886.0,1,424.0,377.0,377.0,377.0,2.0,7540.0,10
2023-05-10 21:34:55,ru2401P12750,ru2401P12750,377.0,0.0,0.0,0.0,1,298.0,886.0,1,424.0,377.0,377.0,377.0,2.0,7540.0,10
2023-05-10 21:34:56,ru2401P12750,ru2401P12750,377.0,0.0,0.0,0.0,1,298.0,885.0,1,424.0,377.0,377.0,377.0,2.0,7540.0,10
2023-05-10 21:34:56,ru2401P12750,ru2401P12750,377.0,0.0,0.0,0.0,1,298.0,882.0,1,424.0,377.0,377.0,377.0,2.0,7540.0,10
2023-05-10 21:34:57,ru2401P12750,ru2401P12750,377.0,0.0,0.0,0.0,1,298.0,882.0,1,424.0,377.0,377.0,377.0,2.0,7540.0,10
2023-05-10 21:34:57,ru2401P12750,ru2401P12750,377.0,0.0,0.0,0.0,1,298.0,881.0,1,424.0,377.0,377.0,377.0,2.0,7540.0,10
2023-05-10 21:34:58,ru2401P12750,ru2401P12750,377.0,0.0,0.0,0.0,1,298.0,878.0,1,424.0,377.0,377.0,377.0,2.0,7540.0,10
2023-05-10 21:34:58,ru2401P12750,ru2401P12750,377.0,0.0,0.0,0.0,1,298.0,878.0,1,424.0,377.0,377.0,377.0,2.0,7540.0,10
2023-05-10 21:34:59,ru2401P12750,ru2401P12750,377.0,0.0,0.0,0.0,1,298.0,877.0,1,424.0,377.0,377.0,377.0,2.0,7540.0,10
2023-05-10 21:34:59,ru2401P12750,ru2401P12750,377.0,0.0,0.0,0.0,1,298.0,874.0,1,424.0,377.0,377.0,377.0,2.0,7540.0,10
2023-05-10 21:35:00,ru2401P12750,ru2401P12750,377.0,0.0,0.0,0.0,1,298.0,874.0,1,424.0,377.0,377.0,377.0,2.0,7540.0,10
2023-05-10 21:35:00,ru2401P12750,ru2401P12750,377.0,0.0,0.0,0.0,1,298.0,873.0,1,424.0,377.0,377.0,377.0,2.0,7540.0,10
2023-05-10 21:35:01,ru2401P12750,ru2401P12750,377.0,0.0,0.0,0.0,1,298.0,870.0,1,424.0,377.0,377.0,377.0,2.0,7540.0,10
2023-05-10 21:35:01,ru2401P12750,ru2401P12750,377.0,0.0,0.0,0.0,1,298.0,870.0,1,424.0,377.0,377.0,377.0,2.0,7540.0,10
2023-05-10 21:35:02,ru2401P12750,ru2401P12750,377.0,0.0,0.0,0.0,1,298.0,869.0,1,424.0,377.0,377.0,377.0,2.0,7540.0,10
2023-05-10 21:35:02,ru2401P12750,ru2401P12750,377.0,0.0,0.0,0.0,1,298.0,866.0,1,424.0,377.0,377.0,377.0,2.0,7540.0,10
2023-05-10 21:35:03,ru2401P12750,ru2401P12750,377.0,0.0,0.0,0.0,1,298.0,866.0,1,424.0,377.0,377.0,377.0,2.0,7540.0,10
2023-05-10 21:35:03,ru2401P12750,ru2401P12750,377.0,0.0,0.0,0.0,1,298.0,865.0,1,424.0,377.0,377.0,377.0,2.0,7540.0,10
2023-05-10 21:35:04,ru2401P12750,ru2401P12750,377.0,0.0,0.0,0.0,1,298.0,862.0,1,424.0,377.0,377.0,377.0,2.0,7540.0,10
2023-05-10 21:35:04,ru2401P12750,ru2401P12750,377.0,0.0,0.0,0.0,1,298.0,862.0,1,424.0,377.0,377.0,377.0,2.0,7540.0,10
2023-05-10 21:35:05,ru2401P12750,ru2401P12750,377.0,0.0,0.0,0.0,1,298.0,861.0,1,424.0,377.0,377.0,377.0,2.0,7540.0,10
2023-05-10 21:35:05,ru2401P12750,ru2401P12750,377.0,0.0,0.0,0.0,1,298.0,858.0,1,424.0,377.0,377.0,377.0,2.0,7540.0,10
2023-05-10 21:35:06,ru2401P12750,ru2401P12750,377.0,0.0,0.0,0.0,1,298.0,858.0,1,424.0,377.0,377.0,377.0,2.0,7540.0,10
2023-05-10 21:35:06,ru2401P12750,ru2401P12750,377.0,0.0,0.0,0.0,1,298.0,857.0,1,424.0,377.0,377.0,377.0,2.0,7540.0,10
2023-05-10 21:35:07,ru2401P12750,ru2401P12750,377.0,0.0,0.0,0.0,1,298.0,854.0,1,424.0,377.0,377.0,377.0,2.0,7540.0,10
2023-05-10 21:35:07,ru2401P12750,ru2401P12750,377.0,0.0,0.0,0.0,1,298.0,854.0,1,424.0,377.0,377.0,377.0,2.0,7540.0,10
2023-05-10 21:35:08,ru2401P12750,ru2401P12750,377.0,0.0,0.0,0.0,1,298.0,853.0,1,424.0,377.0,377.0,377.0,2.0,7540.0,10
2023-05-10 21:35:08,ru2401P12750,ru2401P12750,377.0,0.0,0.0,0.0,1,298.0,850.0,1,424.0,377.0,377.0,377.0,2.0,7540.0,10
2023-05-10 21:35:09,ru2401P12750,ru2401P12750,377.0,0.0,0.0,0.0,1,298.0,850.0,1,424.0,377.0,377.0,377.0,2.0,7540.0,10
2023-05-10 21:35:09,ru2401P12750,ru2401P12750,377.0,0.0,0.0,0.0,1,298.0,849.0,1,424.0,377.0,377.0,377.0,2.0,7540.0,10
2023-05-10 21:35:10,ru2401P12750,ru2401P12750,377.0,0.0,0.0,0.0,1,298.0,846.0,1,424.0,377.0,377.0,377.0,2.0,7540.0,10
2023-05-10 21:35:10,ru2401P12750,ru2401P12750,377.0,0.0,0.0,0.0,1,298.0,846.0,1,424.0,377.0,377.0,377.0,2.0,7540.0,10
