time,symbol_id,symbol_name,last,trade_volume,trade_amount,open_interest_change,bv1,bp1,ap1,av1,yesterday_close,today_open,today_high,today_low,volume,amount,open_interest
2023-05-10 20:59:00,ru2401C14500,ru2401C14500,420.0,0.0,0.0,0.0,2,120.0,820.0,1,420.0,470.0,0.0,0.0,0.0,0.0,91
2023-05-10 21:00:04,ru2401C14500,ru2401C14500,420.0,0.0,0.0,0.0,2,120.0,450.0,1,420.0,470.0,0.0,0.0,0.0,0.0,91
2023-05-10 21:00:05,ru2401C14500,ru2401C14500,420.0,0.0,0.0,0.0,1,121.0,450.0,1,420.0,470.0,0.0,0.0,0.0,0.0,91
2023-05-10 21:00:07,ru2401C14500,ru2401C14500,420.0,0.0,0.0,0.0,1,121.0,450.0,1,420.0,470.0,0.0,0.0,0.0,0.0,91
2023-05-10 21:01:37,ru2401C14500,ru2401C14500,420.0,0.0,0.0,0.0,2,134.0,450.0,1,420.0,470.0,0.0,0.0,0.0,0.0,91
2023-05-10 21:01:37,ru2401C14500,ru2401C14500,420.0,0.0,0.0,0.0,2,134.0,450.0,1,420.0,470.0,0.0,0.0,0.0,0.0,91
2023-05-10 21:01:38,ru2401C14500,ru2401C14500,420.0,0.0,0.0,0.0,1,135.0,450.0,1,420.0,470.0,0.0,0.0,0.0,0.0,91
2023-05-10 21:01:39,ru2401C14500,ru2401C14500,420.0,0.0,0.0,0.0,1,138.0,450.0,1,420.0,470.0,0.0,0.0,0.0,0.0,91
2023-05-10 21:01:40,ru2401C14500,ru2401C14500,420.0,0.0,0.0,0.0,1,138.0,450.0,1,420.0,470.0,0.0,0.0,0.0,0.0,91
2023-05-10 21:01:40,ru2401C14500,ru2401C14500,420.0,0.0,0.0,0.0,1,139.0,450.0,1,420.0,470.0,0.0,0.0,0.0,0.0,91
2023-05-10 21:01:41,ru2401C14500,ru2401C14500,420.0,0.0,0.0,0.0,1,139.0,450.0,1,420.0,470.0,0.0,0.0,0.0,0.0,91
2023-05-10 21:01:41,ru2401C14500,ru2401C14500,420.0,0.0,0.0,0.0,1,142.0,450.0,1,420.0,470.0,0.0,0.0,0.0,0.0,91
2023-05-10 21:01:42,ru2401C14500,ru2401C14500,420.0,0.0,0.0,0.0,1,142.0,450.0,1,420.0,470.0,0.0,0.0,0.0,0.0,91
2023-05-10 21:01:42,ru2401C14500,ru2401C14500,420.0,0.0,0.0,0.0,1,143.0,450.0,1,420.0,470.0,0.0,0.0,0.0,0.0,91
2023-05-10 21:01:43,ru2401C14500,ru2401C14500,420.0,0.0,0.0,0.0,1,143.0,450.0,1,420.0,470.0,0.0,0.0,0.0,0.0,91
2023-05-10 21:01:47,ru2401C14500,ru2401C14500,420.0,0.0,0.0,0.0,1,146.0,450.0,1,420.0,470.0,0.0,0.0,0.0,0.0,91
2023-05-10 21:01:48,ru2401C14500,ru2401C14500,420.0,0.0,0.0,0.0,1,146.0,450.0,1,420.0,470.0,0.0,0.0,0.0,0.0,91
2023-05-10 21:01:48,ru2401C14500,ru2401C14500,420.0,0.0,0.0,0.0,1,147.0,450.0,1,420.0,470.0,0.0,0.0,0.0,0.0,91
2023-05-10 21:01:49,ru2401C14500,ru2401C14500,420.0,0.0,0.0,0.0,1,147.0,450.0,1,420.0,470.0,0.0,0.0,0.0,0.0,91
2023-05-10 21:01:55,ru2401C14500,ru2401C14500,420.0,0.0,0.0,0.0,1,150.0,450.0,1,420.0,470.0,0.0,0.0,0.0,0.0,91
2023-05-10 21:01:56,ru2401C14500,ru2401C14500,420.0,0.0,0.0,0.0,1,150.0,450.0,1,420.0,470.0,0.0,0.0,0.0,0.0,91
2023-05-10 21:01:56,ru2401C14500,ru2401C14500,420.0,0.0,0.0,0.0,1,151.0,450.0,1,420.0,470.0,0.0,0.0,0.0,0.0,91
2023-05-10 21:01:57,ru2401C14500,ru2401C14500,420.0,0.0,0.0,0.0,1,151.0,450.0,1,420.0,470.0,0.0,0.0,0.0,0.0,91
2023-05-10 21:02:01,ru2401C14500,ru2401C14500,420.0,0.0,0.0,0.0,1,154.0,450.0,1,420.0,470.0,0.0,0.0,0.0,0.0,91
2023-05-10 21:02:02,ru2401C14500,ru2401C14500,420.0,0.0,0.0,0.0,1,154.0,450.0,1,420.0,470.0,0.0,0.0,0.0,0.0,91
2023-05-10 21:02:02,ru2401C14500,ru2401C14500,420.0,0.0,0.0,0.0,1,155.0,450.0,1,420.0,470.0,0.0,0.0,0.0,0.0,91
2023-05-10 21:02:03,ru2401C14500,ru2401C14500,420.0,0.0,0.0,0.0,1,155.0,450.0,1,420.0,470.0,0.0,0.0,0.0,0.0,91
2023-05-10 21:02:12,ru2401C14500,ru2401C14500,420.0,0.0,0.0,0.0,1,158.0,450.0,1,420.0,470.0,0.0,0.0,0.0,0.0,91
2023-05-10 21:02:13,ru2401C14500,ru2401C14500,420.0,0.0,0.0,0.0,1,158.0,450.0,1,420.0,470.0,0.0,0.0,0.0,0.0,91
2023-05-10 21:02:13,ru2401C14500,ru2401C14500,420.0,0.0,0.0,0.0,1,159.0,450.0,1,420.0,470.0,0.0,0.0,0.0,0.0,91
2023-05-10 21:02:14,ru2401C14500,ru2401C14500,420.0,0.0,0.0,0.0,1,159.0,450.0,1,420.0,470.0,0.0,0.0,0.0,0.0,91
2023-05-10 21:02:14,ru2401C14500,ru2401C14500,420.0,0.0,0.0,0.0,1,162.0,450.0,1,420.0,470.0,0.0,0.0,0.0,0.0,91
2023-05-10 21:02:15,ru2401C14500,ru2401C14500,420.0,0.0,0.0,0.0,1,162.0,450.0,1,420.0,470.0,0.0,0.0,0.0,0.0,91
2023-05-10 21:02:15,ru2401C14500,ru2401C14500,420.0,0.0,0.0,0.0,1,163.0,450.0,1,420.0,470.0,0.0,0.0,0.0,0.0,91
2023-05-10 21:02:16,ru2401C14500,ru2401C14500,420.0,0.0,0.0,0.0,1,163.0,450.0,1,420.0,470.0,0.0,0.0,0.0,0.0,91
2023-05-10 21:02:17,ru2401C14500,ru2401C14500,420.0,0.0,0.0,0.0,2,176.0,450.0,1,420.0,470.0,0.0,0.0,0.0,0.0,91
2023-05-10 21:02:18,ru2401C14500,ru2401C14500,420.0,0.0,0.0,0.0,2,176.0,450.0,1,420.0,470.0,0.0,0.0,0.0,0.0,91
2023-05-10 21:02:18,ru2401C14500,ru2401C14500,420.0,0.0,0.0,0.0,1,177.0,450.0,1,420.0,470.0,0.0,0.0,0.0,0.0,91
2023-05-10 21:02:19,ru2401C14500,ru2401C14500,420.0,0.0,0.0,0.0,1,180.0,450.0,1,420.0,470.0,0.0,0.0,0.0,0.0,91
2023-05-10 21:02:19,ru2401C14500,ru2401C14500,420.0,0.0,0.0,0.0,1,180.0,450.0,1,420.0,470.0,0.0,0.0,0.0,0.0,91
2023-05-10 21:02:20,ru2401C14500,ru2401C14500,420.0,0.0,0.0,0.0,1,181.0,450.0,1,420.0,470.0,0.0,0.0,0.0,0.0,91
2023-05-10 21:02:21,ru2401C14500,ru2401C14500,420.0,0.0,0.0,0.0,1,181.0,450.0,1,420.0,470.0,0.0,0.0,0.0,0.0,91
2023-05-10 21:02:26,ru2401C14500,ru2401C14500,420.0,0.0,0.0,0.0,2,194.0,450.0,1,420.0,470.0,0.0,0.0,0.0,0.0,91
2023-05-10 21:02:26,ru2401C14500,ru2401C14500,420.0,0.0,0.0,0.0,2,194.0,450.0,1,420.0,470.0,0.0,0.0,0.0,0.0,91
2023-05-10 21:02:27,ru2401C14500,ru2401C14500,420.0,0.0,0.0,0.0,1,195.0,450.0,1,420.0,470.0,0.0,0.0,0.0,0.0,91
2023-05-10 21:02:28,ru2401C14500,ru2401C14500,420.0,0.0,0.0,0.0,2,208.0,450.0,1,420.0,470.0,0.0,0.0,0.0,0.0,91
2023-05-10 21:02:28,ru2401C14500,ru2401C14500,420.0,0.0,0.0,0.0,2,208.0,450.0,1,420.0,470.0,0.0,0.0,0.0,0.0,91
2023-05-10 21:02:29,ru2401C14500,ru2401C14500,420.0,0.0,0.0,0.0,1,209.0,450.0,1,420.0,470.0,0.0,0.0,0.0,0.0,91
2023-05-10 21:02:31,ru2401C14500,ru2401C14500,420.0,0.0,0.0,0.0,2,222.0,450.0,1,420.0,470.0,0.0,0.0,0.0,0.0,91
2023-05-10 21:02:31,ru2401C14500,ru2401C14500,420.0,0.0,0.0,0.0,2,222.0,450.0,1,420.0,470.0,0.0,0.0,0.0,0.0,91
2023-05-10 21:02:32,ru2401C14500,ru2401C14500,420.0,0.0,0.0,0.0,1,225.0,450.0,1,420.0,470.0,0.0,0.0,0.0,0.0,91
2023-05-10 21:02:32,ru2401C14500,ru2401C14500,420.0,0.0,0.0,0.0,1,225.0,450.0,1,420.0,470.0,0.0,0.0,0.0,0.0,91
2023-05-10 21:02:33,ru2401C14500,ru2401C14500,420.0,0.0,0.0,0.0,2,238.0,450.0,1,420.0,470.0,0.0,0.0,0.0,0.0,91
2023-05-10 21:02:33,ru2401C14500,ru2401C14500,420.0,0.0,0.0,0.0,2,238.0,450.0,1,420.0,470.0,0.0,0.0,0.0,0.0,91
2023-05-10 21:02:34,ru2401C14500,ru2401C14500,420.0,0.0,0.0,0.0,1,239.0,450.0,1,420.0,470.0,0.0,0.0,0.0,0.0,91
2023-05-10 21:02:35,ru2401C14500,ru2401C14500,420.0,0.0,0.0,0.0,2,252.0,450.0,1,420.0,470.0,0.0,0.0,0.0,0.0,91
2023-05-10 21:02:35,ru2401C14500,ru2401C14500,420.0,0.0,0.0,0.0,2,252.0,450.0,1,420.0,470.0,0.0,0.0,0.0,0.0,91
2023-05-10 21:02:36,ru2401C14500,ru2401C14500,420.0,0.0,0.0,0.0,1,253.0,450.0,1,420.0,470.0,0.0,0.0,0.0,0.0,91
2023-05-10 21:02:39,ru2401C14500,ru2401C14500,420.0,0.0,0.0,0.0,1,253.0,450.0,1,420.0,470.0,0.0,0.0,0.0,0.0,91
2023-05-10 21:02:40,ru2401C14500,ru2401C14500,420.0,0.0,0.0,0.0,2,266.0,450.0,1,420.0,470.0,0.0,0.0,0.0,0.0,91
2023-05-10 21:02:40,ru2401C14500,ru2401C14500,420.0,0.0,0.0,0.0,2,266.0,450.0,1,420.0,470.0,0.0,0.0,0.0,0.0,91
2023-05-10 21:02:41,ru2401C14500,ru2401C14500,420.0,0.0,0.0,0.0,1,267.0,450.0,1,420.0,470.0,0.0,0.0,0.0,0.0,91
2023-05-10 21:02:45,ru2401C14500,ru2401C14500,420.0,0.0,0.0,0.0,2,280.0,450.0,1,420.0,470.0,0.0,0.0,0.0,0.0,91
2023-05-10 21:02:45,ru2401C14500,ru2401C14500,420.0,0.0,0.0,0.0,2,280.0,450.0,1,420.0,470.0,0.0,0.0,0.0,0.0,91
2023-05-10 21:02:46,ru2401C14500,ru2401C14500,420.0,0.0,0.0,0.0,1,281.0,450.0,1,420.0,470.0,0.0,0.0,0.0,0.0,91
2023-05-10 21:02:54,ru2401C14500,ru2401C14500,420.0,0.0,0.0,0.0,2,294.0,450.0,1,420.0,470.0,0.0,0.0,0.0,0.0,91
2023-05-10 21:02:55,ru2401C14500,ru2401C14500,420.0,0.0,0.0,0.0,2,294.0,450.0,1,420.0,470.0,0.0,0.0,0.0,0.0,91
2023-05-10 21:02:55,ru2401C14500,ru2401C14500,420.0,0.0,0.0,0.0,1,295.0,450.0,1,420.0,470.0,0.0,0.0,0.0,0.0,91
2023-05-10 21:02:56,ru2401C14500,ru2401C14500,420.0,0.0,0.0,0.0,2,302.0,450.0,1,420.0,470.0,0.0,0.0,0.0,0.0,91
2023-05-10 21:02:56,ru2401C14500,ru2401C14500,420.0,0.0,0.0,0.0,2,302.0,450.0,1,420.0,470.0,0.0,0.0,0.0,0.0,91
2023-05-10 21:02:57,ru2401C14500,ru2401C14500,420.0,0.0,0.0,0.0,1,303.0,450.0,1,420.0,470.0,0.0,0.0,0.0,0.0,91
2023-05-10 21:02:57,ru2401C14500,ru2401C14500,420.0,0.0,0.0,0.0,2,304.0,450.0,1,420.0,470.0,0.0,0.0,0.0,0.0,91
2023-05-10 21:02:58,ru2401C14500,ru2401C14500,420.0,0.0,0.0,0.0,2,304.0,450.0,1,420.0,470.0,0.0,0.0,0.0,0.0,91
2023-05-10 21:02:58,ru2401C14500,ru2401C14500,420.0,0.0,0.0,0.0,1,305.0,450.0,1,420.0,470.0,0.0,0.0,0.0,0.0,91
2023-05-10 21:02:59,ru2401C14500,ru2401C14500,420.0,0.0,0.0,0.0,2,306.0,450.0,1,420.0,470.0,0.0,0.0,0.0,0.0,91
2023-05-10 21:03:00,ru2401C14500,ru2401C14500,420.0,0.0,0.0,0.0,2,306.0,450.0,1,420.0,470.0,0.0,0.0,0.0,0.0,91
2023-05-10 21:03:00,ru2401C14500,ru2401C14500,420.0,0.0,0.0,0.0,1,307.0,450.0,1,420.0,470.0,0.0,0.0,0.0,0.0,91
2023-05-10 21:03:01,ru2401C14500,ru2401C14500,420.0,0.0,0.0,0.0,2,308.0,450.0,1,420.0,470.0,0.0,0.0,0.0,0.0,91
2023-05-10 21:03:01,ru2401C14500,ru2401C14500,420.0,0.0,0.0,0.0,2,308.0,450.0,1,420.0,470.0,0.0,0.0,0.0,0.0,91
2023-05-10 21:03:02,ru2401C14500,ru2401C14500,420.0,0.0,0.0,0.0,1,309.0,450.0,1,420.0,470.0,0.0,0.0,0.0,0.0,91
2023-05-10 21:03:02,ru2401C14500,ru2401C14500,420.0,0.0,0.0,0.0,1,309.0,450.0,1,420.0,470.0,0.0,0.0,0.0,0.0,91
2023-05-10 21:04:02,ru2401C14500,ru2401C14500,420.0,0.0,0.0,0.0,2,120.0,450.0,1,420.0,470.0,0.0,0.0,0.0,0.0,91
2023-05-10 21:04:03,ru2401C14500,ru2401C14500,420.0,0.0,0.0,0.0,2,133.0,450.0,1,420.0,470.0,0.0,0.0,0.0,0.0,91
2023-05-10 21:04:05,ru2401C14500,ru2401C14500,420.0,0.0,0.0,0.0,1,136.0,450.0,1,420.0,470.0,0.0,0.0,0.0,0.0,91
2023-05-10 21:04:05,ru2401C14500,ru2401C14500,420.0,0.0,0.0,0.0,2,149.0,450.0,1,420.0,470.0,0.0,0.0,0.0,0.0,91
2023-05-10 21:04:06,ru2401C14500,ru2401C14500,420.0,0.0,0.0,0.0,1,152.0,450.0,1,420.0,470.0,0.0,0.0,0.0,0.0,91
2023-05-10 21:04:06,ru2401C14500,ru2401C14500,420.0,0.0,0.0,0.0,2,165.0,450.0,1,420.0,470.0,0.0,0.0,0.0,0.0,91
2023-05-10 21:04:07,ru2401C14500,ru2401C14500,420.0,0.0,0.0,0.0,1,166.0,450.0,1,420.0,470.0,0.0,0.0,0.0,0.0,91
2023-05-10 21:04:07,ru2401C14500,ru2401C14500,420.0,0.0,0.0,0.0,1,169.0,450.0,1,420.0,470.0,0.0,0.0,0.0,0.0,91
2023-05-10 21:04:08,ru2401C14500,ru2401C14500,420.0,0.0,0.0,0.0,2,182.0,450.0,1,420.0,470.0,0.0,0.0,0.0,0.0,91
2023-05-10 21:04:08,ru2401C14500,ru2401C14500,420.0,0.0,0.0,0.0,1,185.0,450.0,1,420.0,470.0,0.0,0.0,0.0,0.0,91
2023-05-10 21:04:09,ru2401C14500,ru2401C14500,420.0,0.0,0.0,0.0,1,185.0,450.0,1,420.0,470.0,0.0,0.0,0.0,0.0,91
2023-05-10 21:04:09,ru2401C14500,ru2401C14500,420.0,0.0,0.0,0.0,1,186.0,450.0,1,420.0,470.0,0.0,0.0,0.0,0.0,91
2023-05-10 21:04:10,ru2401C14500,ru2401C14500,420.0,0.0,0.0,0.0,2,198.0,450.0,1,420.0,470.0,0.0,0.0,0.0,0.0,91
2023-05-10 21:04:10,ru2401C14500,ru2401C14500,420.0,0.0,0.0,0.0,2,198.0,450.0,1,420.0,470.0,0.0,0.0,0.0,0.0,91
2023-05-10 21:04:11,ru2401C14500,ru2401C14500,420.0,0.0,0.0,0.0,1,201.0,450.0,1,420.0,470.0,0.0,0.0,0.0,0.0,91
2023-05-10 21:04:11,ru2401C14500,ru2401C14500,420.0,0.0,0.0,0.0,2,214.0,450.0,1,420.0,470.0,0.0,0.0,0.0,0.0,91
2023-05-10 21:04:12,ru2401C14500,ru2401C14500,420.0,0.0,0.0,0.0,1,215.0,450.0,1,420.0,470.0,0.0,0.0,0.0,0.0,91
2023-05-10 21:04:12,ru2401C14500,ru2401C14500,420.0,0.0,0.0,0.0,1,218.0,450.0,1,420.0,470.0,0.0,0.0,0.0,0.0,91
2023-05-10 21:04:13,ru2401C14500,ru2401C14500,420.0,0.0,0.0,0.0,2,231.0,450.0,1,420.0,470.0,0.0,0.0,0.0,0.0,91
2023-05-10 21:04:13,ru2401C14500,ru2401C14500,420.0,0.0,0.0,0.0,1,234.0,450.0,1,420.0,470.0,0.0,0.0,0.0,0.0,91
2023-05-10 21:04:14,ru2401C14500,ru2401C14500,420.0,0.0,0.0,0.0,1,234.0,450.0,1,420.0,470.0,0.0,0.0,0.0,0.0,91
2023-05-10 21:04:14,ru2401C14500,ru2401C14500,420.0,0.0,0.0,0.0,2,247.0,450.0,1,420.0,470.0,0.0,0.0,0.0,0.0,91
2023-05-10 21:04:15,ru2401C14500,ru2401C14500,420.0,0.0,0.0,0.0,1,250.0,450.0,1,420.0,470.0,0.0,0.0,0.0,0.0,91
2023-05-10 21:04:15,ru2401C14500,ru2401C14500,420.0,0.0,0.0,0.0,1,251.0,450.0,1,420.0,470.0,0.0,0.0,0.0,0.0,91
2023-05-10 21:04:16,ru2401C14500,ru2401C14500,420.0,0.0,0.0,0.0,2,264.0,450.0,1,420.0,470.0,0.0,0.0,0.0,0.0,91
2023-05-10 21:04:16,ru2401C14500,ru2401C14500,420.0,0.0,0.0,0.0,2,264.0,450.0,1,420.0,470.0,0.0,0.0,0.0,0.0,91
2023-05-10 21:04:17,ru2401C14500,ru2401C14500,420.0,0.0,0.0,0.0,1,265.0,450.0,1,420.0,470.0,0.0,0.0,0.0,0.0,91
2023-05-10 21:04:17,ru2401C14500,ru2401C14500,420.0,0.0,0.0,0.0,2,278.0,450.0,1,420.0,470.0,0.0,0.0,0.0,0.0,91
2023-05-10 21:04:18,ru2401C14500,ru2401C14500,420.0,0.0,0.0,0.0,2,278.0,450.0,1,420.0,470.0,0.0,0.0,0.0,0.0,91
2023-05-10 21:04:18,ru2401C14500,ru2401C14500,420.0,0.0,0.0,0.0,1,279.0,450.0,1,420.0,470.0,0.0,0.0,0.0,0.0,91
2023-05-10 21:04:19,ru2401C14500,ru2401C14500,420.0,0.0,0.0,0.0,2,292.0,450.0,1,420.0,470.0,0.0,0.0,0.0,0.0,91
2023-05-10 21:04:19,ru2401C14500,ru2401C14500,420.0,0.0,0.0,0.0,2,292.0,450.0,1,420.0,470.0,0.0,0.0,0.0,0.0,91
2023-05-10 21:04:20,ru2401C14500,ru2401C14500,420.0,0.0,0.0,0.0,1,293.0,450.0,1,420.0,470.0,0.0,0.0,0.0,0.0,91
2023-05-10 21:04:20,ru2401C14500,ru2401C14500,420.0,0.0,0.0,0.0,2,300.0,450.0,1,420.0,470.0,0.0,0.0,0.0,0.0,91
2023-05-10 21:04:21,ru2401C14500,ru2401C14500,420.0,0.0,0.0,0.0,2,300.0,450.0,1,420.0,470.0,0.0,0.0,0.0,0.0,91
2023-05-10 21:04:21,ru2401C14500,ru2401C14500,420.0,0.0,0.0,0.0,1,301.0,450.0,1,420.0,470.0,0.0,0.0,0.0,0.0,91
2023-05-10 21:04:22,ru2401C14500,ru2401C14500,420.0,0.0,0.0,0.0,2,302.0,450.0,1,420.0,470.0,0.0,0.0,0.0,0.0,91
2023-05-10 21:04:22,ru2401C14500,ru2401C14500,420.0,0.0,0.0,0.0,2,302.0,450.0,1,420.0,470.0,0.0,0.0,0.0,0.0,91
2023-05-10 21:04:23,ru2401C14500,ru2401C14500,420.0,0.0,0.0,0.0,1,303.0,450.0,1,420.0,470.0,0.0,0.0,0.0,0.0,91
2023-05-10 21:04:23,ru2401C14500,ru2401C14500,420.0,0.0,0.0,0.0,2,304.0,450.0,1,420.0,470.0,0.0,0.0,0.0,0.0,91
2023-05-10 21:04:24,ru2401C14500,ru2401C14500,420.0,0.0,0.0,0.0,2,304.0,450.0,1,420.0,470.0,0.0,0.0,0.0,0.0,91
2023-05-10 21:04:24,ru2401C14500,ru2401C14500,420.0,0.0,0.0,0.0,1,305.0,450.0,1,420.0,470.0,0.0,0.0,0.0,0.0,91
2023-05-10 21:04:25,ru2401C14500,ru2401C14500,420.0,0.0,0.0,0.0,2,306.0,450.0,1,420.0,470.0,0.0,0.0,0.0,0.0,91
2023-05-10 21:04:25,ru2401C14500,ru2401C14500,420.0,0.0,0.0,0.0,2,306.0,450.0,1,420.0,470.0,0.0,0.0,0.0,0.0,91
2023-05-10 21:04:26,ru2401C14500,ru2401C14500,420.0,0.0,0.0,0.0,1,307.0,450.0,1,420.0,470.0,0.0,0.0,0.0,0.0,91
2023-05-10 21:04:26,ru2401C14500,ru2401C14500,420.0,0.0,0.0,0.0,1,307.0,450.0,1,420.0,470.0,0.0,0.0,0.0,0.0,91
2023-05-10 21:04:27,ru2401C14500,ru2401C14500,420.0,0.0,0.0,0.0,2,308.0,450.0,1,420.0,470.0,0.0,0.0,0.0,0.0,91
2023-05-10 21:04:27,ru2401C14500,ru2401C14500,420.0,0.0,0.0,0.0,2,308.0,450.0,1,420.0,470.0,0.0,0.0,0.0,0.0,91
2023-05-10 21:04:28,ru2401C14500,ru2401C14500,420.0,0.0,0.0,0.0,1,309.0,450.0,1,420.0,470.0,0.0,0.0,0.0,0.0,91
2023-05-10 21:04:28,ru2401C14500,ru2401C14500,420.0,0.0,0.0,0.0,1,309.0,450.0,1,420.0,470.0,0.0,0.0,0.0,0.0,91
2023-05-10 21:05:04,ru2401C14500,ru2401C14500,420.0,0.0,0.0,0.0,2,322.0,450.0,1,420.0,470.0,0.0,0.0,0.0,0.0,91
2023-05-10 21:05:05,ru2401C14500,ru2401C14500,420.0,0.0,0.0,0.0,2,322.0,450.0,1,420.0,470.0,0.0,0.0,0.0,0.0,91
2023-05-10 21:05:05,ru2401C14500,ru2401C14500,420.0,0.0,0.0,0.0,1,323.0,450.0,1,420.0,470.0,0.0,0.0,0.0,0.0,91
2023-05-10 21:05:06,ru2401C14500,ru2401C14500,420.0,0.0,0.0,0.0,2,336.0,450.0,1,420.0,470.0,0.0,0.0,0.0,0.0,91
2023-05-10 21:05:06,ru2401C14500,ru2401C14500,420.0,0.0,0.0,0.0,2,336.0,450.0,1,420.0,470.0,0.0,0.0,0.0,0.0,91
2023-05-10 21:05:25,ru2401C14500,ru2401C14500,420.0,0.0,0.0,0.0,2,120.0,450.0,1,420.0,470.0,0.0,0.0,0.0,0.0,91
2023-05-10 21:05:25,ru2401C14500,ru2401C14500,420.0,0.0,0.0,0.0,2,133.0,450.0,1,420.0,470.0,0.0,0.0,0.0,0.0,91
2023-05-10 21:05:26,ru2401C14500,ru2401C14500,420.0,0.0,0.0,0.0,2,133.0,450.0,1,420.0,470.0,0.0,0.0,0.0,0.0,91
2023-05-10 21:05:26,ru2401C14500,ru2401C14500,420.0,0.0,0.0,0.0,1,136.0,450.0,1,420.0,470.0,0.0,0.0,0.0,0.0,91
2023-05-10 21:05:27,ru2401C14500,ru2401C14500,420.0,0.0,0.0,0.0,2,149.0,450.0,1,420.0,470.0,0.0,0.0,0.0,0.0,91
2023-05-10 21:05:27,ru2401C14500,ru2401C14500,420.0,0.0,0.0,0.0,1,150.0,450.0,1,420.0,470.0,0.0,0.0,0.0,0.0,91
2023-05-10 21:05:28,ru2401C14500,ru2401C14500,420.0,0.0,0.0,0.0,2,163.0,450.0,1,420.0,470.0,0.0,0.0,0.0,0.0,91
2023-05-10 21:05:28,ru2401C14500,ru2401C14500,420.0,0.0,0.0,0.0,2,163.0,450.0,1,420.0,470.0,0.0,0.0,0.0,0.0,91
2023-05-10 21:05:29,ru2401C14500,ru2401C14500,420.0,0.0,0.0,0.0,1,166.0,450.0,1,420.0,470.0,0.0,0.0,0.0,0.0,91
2023-05-10 21:05:29,ru2401C14500,ru2401C14500,420.0,0.0,0.0,0.0,2,179.0,450.0,1,420.0,470.0,0.0,0.0,0.0,0.0,91
2023-05-10 21:05:30,ru2401C14500,ru2401C14500,420.0,0.0,0.0,0.0,1,182.0,450.0,1,420.0,470.0,0.0,0.0,0.0,0.0,91
2023-05-10 21:05:30,ru2401C14500,ru2401C14500,420.0,0.0,0.0,0.0,2,195.0,450.0,1,420.0,470.0,0.0,0.0,0.0,0.0,91
2023-05-10 21:05:31,ru2401C14500,ru2401C14500,420.0,0.0,0.0,0.0,1,196.0,450.0,1,420.0,470.0,0.0,0.0,0.0,0.0,91
2023-05-10 21:05:31,ru2401C14500,ru2401C14500,420.0,0.0,0.0,0.0,2,209.0,450.0,1,420.0,470.0,0.0,0.0,0.0,0.0,91
2023-05-10 21:05:32,ru2401C14500,ru2401C14500,420.0,0.0,0.0,0.0,2,209.0,450.0,1,420.0,470.0,0.0,0.0,0.0,0.0,91
2023-05-10 21:05:32,ru2401C14500,ru2401C14500,420.0,0.0,0.0,0.0,1,212.0,450.0,1,420.0,470.0,0.0,0.0,0.0,0.0,91
2023-05-10 21:05:33,ru2401C14500,ru2401C14500,420.0,0.0,0.0,0.0,2,225.0,450.0,1,420.0,470.0,0.0,0.0,0.0,0.0,91
2023-05-10 21:05:33,ru2401C14500,ru2401C14500,420.0,0.0,0.0,0.0,1,226.0,450.0,1,420.0,470.0,0.0,0.0,0.0,0.0,91
2023-05-10 21:05:34,ru2401C14500,ru2401C14500,420.0,0.0,0.0,0.0,2,239.0,450.0,1,420.0,470.0,0.0,0.0,0.0,0.0,91
2023-05-10 21:05:34,ru2401C14500,ru2401C14500,420.0,0.0,0.0,0.0,2,239.0,450.0,1,420.0,470.0,0.0,0.0,0.0,0.0,91
2023-05-10 21:05:35,ru2401C14500,ru2401C14500,420.0,0.0,0.0,0.0,1,242.0,450.0,1,420.0,470.0,0.0,0.0,0.0,0.0,91
2023-05-10 21:05:35,ru2401C14500,ru2401C14500,420.0,0.0,0.0,0.0,2,255.0,450.0,1,420.0,470.0,0.0,0.0,0.0,0.0,91
2023-05-10 21:05:36,ru2401C14500,ru2401C14500,420.0,0.0,0.0,0.0,1,256.0,450.0,1,420.0,470.0,0.0,0.0,0.0,0.0,91
2023-05-10 21:05:36,ru2401C14500,ru2401C14500,420.0,0.0,0.0,0.0,2,269.0,450.0,1,420.0,470.0,0.0,0.0,0.0,0.0,91
2023-05-10 21:05:37,ru2401C14500,ru2401C14500,420.0,0.0,0.0,0.0,2,269.0,450.0,1,420.0,470.0,0.0,0.0,0.0,0.0,91
2023-05-10 21:06:52,ru2401C14500,ru2401C14500,420.0,0.0,0.0,0.0,2,269.0,820.0,1,420.0,470.0,0.0,0.0,0.0,0.0,91
2023-05-10 21:06:53,ru2401C14500,ru2401C14500,420.0,0.0,0.0,0.0,2,269.0,470.0,1,420.0,470.0,0.0,0.0,0.0,0.0,91
2023-05-10 21:06:53,ru2401C14500,ru2401C14500,420.0,0.0,0.0,0.0,2,269.0,470.0,1,420.0,470.0,0.0,0.0,0.0,0.0,91
2023-05-10 21:09:05,ru2401C14500,ru2401C14500,420.0,0.0,0.0,0.0,2,269.0,470.0,1,420.0,470.0,0.0,0.0,0.0,0.0,91
2023-05-10 21:09:57,ru2401C14500,ru2401C14500,420.0,0.0,0.0,0.0,1,272.0,470.0,1,420.0,470.0,0.0,0.0,0.0,0.0,91
2023-05-10 21:09:57,ru2401C14500,ru2401C14500,420.0,0.0,0.0,0.0,2,285.0,470.0,1,420.0,470.0,0.0,0.0,0.0,0.0,91
2023-05-10 21:09:58,ru2401C14500,ru2401C14500,420.0,0.0,0.0,0.0,2,285.0,470.0,1,420.0,470.0,0.0,0.0,0.0,0.0,91
2023-05-10 21:10:31,ru2401C14500,ru2401C14500,470.0,1.0,4700.0,1.0,2,285.0,0.0,0,420.0,470.0,470.0,470.0,1.0,4700.0,92
2023-05-10 21:10:31,ru2401C14500,ru2401C14500,470.0,0.0,0.0,0.0,1,286.0,0.0,0,420.0,470.0,470.0,470.0,1.0,4700.0,92
2023-05-10 21:10:32,ru2401C14500,ru2401C14500,470.0,0.0,0.0,0.0,2,299.0,1413.0,1,420.0,470.0,470.0,470.0,1.0,4700.0,92
2023-05-10 21:10:32,ru2401C14500,ru2401C14500,470.0,0.0,0.0,0.0,1,300.0,1412.0,1,420.0,470.0,470.0,470.0,1.0,4700.0,92
2023-05-10 21:10:33,ru2401C14500,ru2401C14500,470.0,0.0,0.0,0.0,2,313.0,1409.0,1,420.0,470.0,470.0,470.0,1.0,4700.0,92
2023-05-10 21:10:33,ru2401C14500,ru2401C14500,470.0,0.0,0.0,0.0,2,313.0,1408.0,1,420.0,470.0,470.0,470.0,1.0,4700.0,92
2023-05-10 21:10:34,ru2401C14500,ru2401C14500,470.0,0.0,0.0,0.0,2,313.0,1405.0,1,420.0,470.0,470.0,470.0,1.0,4700.0,92
2023-05-10 21:10:34,ru2401C14500,ru2401C14500,470.0,0.0,0.0,0.0,1,314.0,1404.0,1,420.0,470.0,470.0,470.0,1.0,4700.0,92
2023-05-10 21:10:35,ru2401C14500,ru2401C14500,470.0,0.0,0.0,0.0,2,327.0,1401.0,1,420.0,470.0,470.0,470.0,1.0,4700.0,92
2023-05-10 21:10:35,ru2401C14500,ru2401C14500,470.0,0.0,0.0,0.0,2,327.0,1400.0,1,420.0,470.0,470.0,470.0,1.0,4700.0,92
2023-05-10 21:10:36,ru2401C14500,ru2401C14500,470.0,0.0,0.0,0.0,2,327.0,1397.0,1,420.0,470.0,470.0,470.0,1.0,4700.0,92
2023-05-10 21:10:36,ru2401C14500,ru2401C14500,470.0,0.0,0.0,0.0,2,327.0,1396.0,1,420.0,470.0,470.0,470.0,1.0,4700.0,92
2023-05-10 21:10:37,ru2401C14500,ru2401C14500,470.0,0.0,0.0,0.0,2,327.0,1393.0,1,420.0,470.0,470.0,470.0,1.0,4700.0,92
2023-05-10 21:10:37,ru2401C14500,ru2401C14500,470.0,0.0,0.0,0.0,2,327.0,1392.0,1,420.0,470.0,470.0,470.0,1.0,4700.0,92
2023-05-10 21:10:38,ru2401C14500,ru2401C14500,470.0,0.0,0.0,0.0,2,327.0,1389.0,1,420.0,470.0,470.0,470.0,1.0,4700.0,92
2023-05-10 21:10:38,ru2401C14500,ru2401C14500,470.0,0.0,0.0,0.0,2,327.0,1388.0,1,420.0,470.0,470.0,470.0,1.0,4700.0,92
2023-05-10 21:10:39,ru2401C14500,ru2401C14500,470.0,0.0,0.0,0.0,2,327.0,1385.0,1,420.0,470.0,470.0,470.0,1.0,4700.0,92
2023-05-10 21:10:39,ru2401C14500,ru2401C14500,470.0,0.0,0.0,0.0,2,327.0,1381.0,1,420.0,470.0,470.0,470.0,1.0,4700.0,92
2023-05-10 21:10:40,ru2401C14500,ru2401C14500,470.0,0.0,0.0,0.0,2,327.0,1378.0,1,420.0,470.0,470.0,470.0,1.0,4700.0,92
2023-05-10 21:10:40,ru2401C14500,ru2401C14500,470.0,0.0,0.0,0.0,2,327.0,1377.0,1,420.0,470.0,470.0,470.0,1.0,4700.0,92
2023-05-10 21:10:41,ru2401C14500,ru2401C14500,470.0,0.0,0.0,0.0,2,327.0,1374.0,1,420.0,470.0,470.0,470.0,1.0,4700.0,92
2023-05-10 21:10:41,ru2401C14500,ru2401C14500,470.0,0.0,0.0,0.0,2,327.0,1373.0,1,420.0,470.0,470.0,470.0,1.0,4700.0,92
2023-05-10 21:10:42,ru2401C14500,ru2401C14500,470.0,0.0,0.0,0.0,2,327.0,1370.0,1,420.0,470.0,470.0,470.0,1.0,4700.0,92
2023-05-10 21:10:42,ru2401C14500,ru2401C14500,470.0,0.0,0.0,0.0,2,327.0,1369.0,1,420.0,470.0,470.0,470.0,1.0,4700.0,92
2023-05-10 21:10:43,ru2401C14500,ru2401C14500,470.0,0.0,0.0,0.0,2,327.0,1366.0,1,420.0,470.0,470.0,470.0,1.0,4700.0,92
2023-05-10 21:10:43,ru2401C14500,ru2401C14500,470.0,0.0,0.0,0.0,2,327.0,1365.0,1,420.0,470.0,470.0,470.0,1.0,4700.0,92
2023-05-10 21:10:44,ru2401C14500,ru2401C14500,470.0,0.0,0.0,0.0,2,327.0,1362.0,1,420.0,470.0,470.0,470.0,1.0,4700.0,92
2023-05-10 21:10:44,ru2401C14500,ru2401C14500,470.0,0.0,0.0,0.0,2,327.0,1361.0,1,420.0,470.0,470.0,470.0,1.0,4700.0,92
2023-05-10 21:10:45,ru2401C14500,ru2401C14500,470.0,0.0,0.0,0.0,2,327.0,1358.0,1,420.0,470.0,470.0,470.0,1.0,4700.0,92
2023-05-10 21:10:45,ru2401C14500,ru2401C14500,470.0,0.0,0.0,0.0,2,327.0,1357.0,1,420.0,470.0,470.0,470.0,1.0,4700.0,92
2023-05-10 21:10:46,ru2401C14500,ru2401C14500,470.0,0.0,0.0,0.0,2,327.0,1354.0,1,420.0,470.0,470.0,470.0,1.0,4700.0,92
2023-05-10 21:10:46,ru2401C14500,ru2401C14500,470.0,0.0,0.0,0.0,2,327.0,1353.0,1,420.0,470.0,470.0,470.0,1.0,4700.0,92
2023-05-10 21:10:47,ru2401C14500,ru2401C14500,470.0,0.0,0.0,0.0,2,327.0,1353.0,1,420.0,470.0,470.0,470.0,1.0,4700.0,92
2023-05-10 21:10:47,ru2401C14500,ru2401C14500,470.0,0.0,0.0,0.0,2,327.0,1350.0,1,420.0,470.0,470.0,470.0,1.0,4700.0,92
2023-05-10 21:10:48,ru2401C14500,ru2401C14500,470.0,0.0,0.0,0.0,2,327.0,1342.0,1,420.0,470.0,470.0,470.0,1.0,4700.0,92
2023-05-10 21:10:48,ru2401C14500,ru2401C14500,470.0,0.0,0.0,0.0,2,327.0,1339.0,1,420.0,470.0,470.0,470.0,1.0,4700.0,92
2023-05-10 21:10:49,ru2401C14500,ru2401C14500,470.0,0.0,0.0,0.0,2,327.0,1338.0,1,420.0,470.0,470.0,470.0,1.0,4700.0,92
2023-05-10 21:10:49,ru2401C14500,ru2401C14500,470.0,0.0,0.0,0.0,2,327.0,1335.0,1,420.0,470.0,470.0,470.0,1.0,4700.0,92
2023-05-10 21:10:50,ru2401C14500,ru2401C14500,470.0,0.0,0.0,0.0,2,327.0,1334.0,1,420.0,470.0,470.0,470.0,1.0,4700.0,92
2023-05-10 21:10:50,ru2401C14500,ru2401C14500,470.0,0.0,0.0,0.0,2,327.0,1331.0,1,420.0,470.0,470.0,470.0,1.0,4700.0,92
2023-05-10 21:10:51,ru2401C14500,ru2401C14500,470.0,0.0,0.0,0.0,2,327.0,1330.0,1,420.0,470.0,470.0,470.0,1.0,4700.0,92
2023-05-10 21:10:51,ru2401C14500,ru2401C14500,470.0,0.0,0.0,0.0,2,327.0,1327.0,1,420.0,470.0,470.0,470.0,1.0,4700.0,92
2023-05-10 21:10:52,ru2401C14500,ru2401C14500,470.0,0.0,0.0,0.0,2,327.0,1326.0,1,420.0,470.0,470.0,470.0,1.0,4700.0,92
2023-05-10 21:10:52,ru2401C14500,ru2401C14500,470.0,0.0,0.0,0.0,2,327.0,1323.0,1,420.0,470.0,470.0,470.0,1.0,4700.0,92
2023-05-10 21:10:53,ru2401C14500,ru2401C14500,470.0,0.0,0.0,0.0,2,327.0,1322.0,1,420.0,470.0,470.0,470.0,1.0,4700.0,92
2023-05-10 21:10:53,ru2401C14500,ru2401C14500,470.0,0.0,0.0,0.0,2,327.0,1319.0,1,420.0,470.0,470.0,470.0,1.0,4700.0,92
2023-05-10 21:10:54,ru2401C14500,ru2401C14500,470.0,0.0,0.0,0.0,2,327.0,1318.0,1,420.0,470.0,470.0,470.0,1.0,4700.0,92
2023-05-10 21:10:54,ru2401C14500,ru2401C14500,470.0,0.0,0.0,0.0,2,327.0,1315.0,1,420.0,470.0,470.0,470.0,1.0,4700.0,92
2023-05-10 21:10:55,ru2401C14500,ru2401C14500,470.0,0.0,0.0,0.0,2,327.0,1314.0,1,420.0,470.0,470.0,470.0,1.0,4700.0,92
2023-05-10 21:10:55,ru2401C14500,ru2401C14500,470.0,0.0,0.0,0.0,2,327.0,1311.0,1,420.0,470.0,470.0,470.0,1.0,4700.0,92
2023-05-10 21:10:56,ru2401C14500,ru2401C14500,470.0,0.0,0.0,0.0,2,327.0,1310.0,1,420.0,470.0,470.0,470.0,1.0,4700.0,92
2023-05-10 21:10:56,ru2401C14500,ru2401C14500,470.0,0.0,0.0,0.0,2,327.0,1304.0,1,420.0,470.0,470.0,470.0,1.0,4700.0,92
2023-05-10 21:10:57,ru2401C14500,ru2401C14500,470.0,0.0,0.0,0.0,2,327.0,1301.0,1,420.0,470.0,470.0,470.0,1.0,4700.0,92
2023-05-10 21:10:57,ru2401C14500,ru2401C14500,470.0,0.0,0.0,0.0,2,327.0,1300.0,1,420.0,470.0,470.0,470.0,1.0,4700.0,92
2023-05-10 21:10:58,ru2401C14500,ru2401C14500,470.0,0.0,0.0,0.0,2,327.0,1297.0,1,420.0,470.0,470.0,470.0,1.0,4700.0,92
2023-05-10 21:10:58,ru2401C14500,ru2401C14500,470.0,0.0,0.0,0.0,2,327.0,1296.0,1,420.0,470.0,470.0,470.0,1.0,4700.0,92
2023-05-10 21:10:59,ru2401C14500,ru2401C14500,470.0,0.0,0.0,0.0,2,327.0,1296.0,1,420.0,470.0,470.0,470.0,1.0,4700.0,92
2023-05-10 21:10:59,ru2401C14500,ru2401C14500,470.0,0.0,0.0,0.0,2,327.0,1293.0,1,420.0,470.0,470.0,470.0,1.0,4700.0,92
2023-05-10 21:11:00,ru2401C14500,ru2401C14500,470.0,0.0,0.0,0.0,2,327.0,1292.0,1,420.0,470.0,470.0,470.0,1.0,4700.0,92
2023-05-10 21:11:00,ru2401C14500,ru2401C14500,470.0,0.0,0.0,0.0,2,327.0,1289.0,1,420.0,470.0,470.0,470.0,1.0,4700.0,92
2023-05-10 21:11:01,ru2401C14500,ru2401C14500,470.0,0.0,0.0,0.0,2,327.0,1288.0,1,420.0,470.0,470.0,470.0,1.0,4700.0,92
2023-05-10 21:11:01,ru2401C14500,ru2401C14500,470.0,0.0,0.0,0.0,2,327.0,1285.0,1,420.0,470.0,470.0,470.0,1.0,4700.0,92
2023-05-10 21:11:02,ru2401C14500,ru2401C14500,470.0,0.0,0.0,0.0,2,327.0,1284.0,1,420.0,470.0,470.0,470.0,1.0,4700.0,92
2023-05-10 21:11:02,ru2401C14500,ru2401C14500,470.0,0.0,0.0,0.0,2,327.0,1281.0,1,420.0,470.0,470.0,470.0,1.0,4700.0,92
2023-05-10 21:11:11,ru2401C14500,ru2401C14500,470.0,0.0,0.0,0.0,2,327.0,1280.0,1,420.0,470.0,470.0,470.0,1.0,4700.0,92
2023-05-10 21:11:12,ru2401C14500,ru2401C14500,470.0,0.0,0.0,0.0,2,327.0,1277.0,1,420.0,470.0,470.0,470.0,1.0,4700.0,92
2023-05-10 21:11:21,ru2401C14500,ru2401C14500,470.0,0.0,0.0,0.0,2,327.0,1276.0,1,420.0,470.0,470.0,470.0,1.0,4700.0,92
2023-05-10 21:11:22,ru2401C14500,ru2401C14500,470.0,0.0,0.0,0.0,2,327.0,1273.0,1,420.0,470.0,470.0,470.0,1.0,4700.0,92
2023-05-10 21:11:31,ru2401C14500,ru2401C14500,470.0,0.0,0.0,0.0,2,327.0,1272.0,1,420.0,470.0,470.0,470.0,1.0,4700.0,92
2023-05-10 21:11:32,ru2401C14500,ru2401C14500,470.0,0.0,0.0,0.0,2,327.0,1269.0,1,420.0,470.0,470.0,470.0,1.0,4700.0,92
2023-05-10 21:11:52,ru2401C14500,ru2401C14500,470.0,0.0,0.0,0.0,2,327.0,1258.0,1,420.0,470.0,470.0,470.0,1.0,4700.0,92
2023-05-10 21:11:53,ru2401C14500,ru2401C14500,470.0,0.0,0.0,0.0,2,327.0,1255.0,1,420.0,470.0,470.0,470.0,1.0,4700.0,92
2023-05-10 21:11:55,ru2401C14500,ru2401C14500,470.0,0.0,0.0,0.0,2,327.0,1255.0,1,420.0,470.0,470.0,470.0,1.0,4700.0,92
2023-05-10 21:11:59,ru2401C14500,ru2401C14500,470.0,0.0,0.0,0.0,2,327.0,1244.0,1,420.0,470.0,470.0,470.0,1.0,4700.0,92
2023-05-10 21:11:59,ru2401C14500,ru2401C14500,470.0,0.0,0.0,0.0,2,327.0,1244.0,1,420.0,470.0,470.0,470.0,1.0,4700.0,92
2023-05-10 21:12:00,ru2401C14500,ru2401C14500,470.0,0.0,0.0,0.0,2,327.0,1241.0,1,420.0,470.0,470.0,470.0,1.0,4700.0,92
2023-05-10 21:12:07,ru2401C14500,ru2401C14500,470.0,0.0,0.0,0.0,2,327.0,1000.0,1,420.0,470.0,470.0,470.0,1.0,4700.0,92
2023-05-10 21:12:07,ru2401C14500,ru2401C14500,470.0,0.0,0.0,0.0,2,327.0,1000.0,1,420.0,470.0,470.0,470.0,1.0,4700.0,92
2023-05-10 21:12:08,ru2401C14500,ru2401C14500,470.0,0.0,0.0,0.0,2,327.0,997.0,1,420.0,470.0,470.0,470.0,1.0,4700.0,92
2023-05-10 21:12:12,ru2401C14500,ru2401C14500,470.0,0.0,0.0,0.0,2,327.0,997.0,1,420.0,470.0,470.0,470.0,1.0,4700.0,92
2023-05-10 21:12:15,ru2401C14500,ru2401C14500,470.0,0.0,0.0,0.0,2,327.0,986.0,1,420.0,470.0,470.0,470.0,1.0,4700.0,92
2023-05-10 21:12:16,ru2401C14500,ru2401C14500,470.0,0.0,0.0,0.0,2,327.0,986.0,1,420.0,470.0,470.0,470.0,1.0,4700.0,92
2023-05-10 21:12:16,ru2401C14500,ru2401C14500,470.0,0.0,0.0,0.0,2,327.0,983.0,1,420.0,470.0,470.0,470.0,1.0,4700.0,92
2023-05-10 21:12:19,ru2401C14500,ru2401C14500,470.0,0.0,0.0,0.0,1,350.0,983.0,1,420.0,470.0,470.0,470.0,1.0,4700.0,92
2023-05-10 21:12:19,ru2401C14500,ru2401C14500,470.0,0.0,0.0,0.0,2,363.0,983.0,1,420.0,470.0,470.0,470.0,1.0,4700.0,92
2023-05-10 21:12:28,ru2401C14500,ru2401C14500,470.0,0.0,0.0,0.0,2,363.0,983.0,1,420.0,470.0,470.0,470.0,1.0,4700.0,92
2023-05-10 21:12:30,ru2401C14500,ru2401C14500,470.0,0.0,0.0,0.0,1,368.0,983.0,1,420.0,470.0,470.0,470.0,1.0,4700.0,92
2023-05-10 21:12:30,ru2401C14500,ru2401C14500,470.0,0.0,0.0,0.0,2,369.0,983.0,1,420.0,470.0,470.0,470.0,1.0,4700.0,92
2023-05-10 21:12:31,ru2401C14500,ru2401C14500,470.0,0.0,0.0,0.0,2,369.0,972.0,1,420.0,470.0,470.0,470.0,1.0,4700.0,92
2023-05-10 21:12:32,ru2401C14500,ru2401C14500,470.0,0.0,0.0,0.0,2,369.0,972.0,1,420.0,470.0,470.0,470.0,1.0,4700.0,92
2023-05-10 21:12:33,ru2401C14500,ru2401C14500,470.0,0.0,0.0,0.0,2,369.0,969.0,1,420.0,470.0,470.0,470.0,1.0,4700.0,92
2023-05-10 21:12:46,ru2401C14500,ru2401C14500,470.0,0.0,0.0,0.0,2,369.0,969.0,1,420.0,470.0,470.0,470.0,1.0,4700.0,92
2023-05-10 21:12:48,ru2401C14500,ru2401C14500,470.0,0.0,0.0,0.0,2,369.0,958.0,1,420.0,470.0,470.0,470.0,1.0,4700.0,92
2023-05-10 21:12:49,ru2401C14500,ru2401C14500,470.0,0.0,0.0,0.0,2,369.0,958.0,1,420.0,470.0,470.0,470.0,1.0,4700.0,92
2023-05-10 21:12:49,ru2401C14500,ru2401C14500,470.0,0.0,0.0,0.0,2,369.0,955.0,1,420.0,470.0,470.0,470.0,1.0,4700.0,92
2023-05-10 21:13:06,ru2401C14500,ru2401C14500,470.0,0.0,0.0,0.0,2,369.0,955.0,1,420.0,470.0,470.0,470.0,1.0,4700.0,92
2023-05-10 21:13:09,ru2401C14500,ru2401C14500,470.0,0.0,0.0,0.0,2,369.0,944.0,1,420.0,470.0,470.0,470.0,1.0,4700.0,92
2023-05-10 21:13:10,ru2401C14500,ru2401C14500,470.0,0.0,0.0,0.0,2,369.0,944.0,1,420.0,470.0,470.0,470.0,1.0,4700.0,92
2023-05-10 21:13:10,ru2401C14500,ru2401C14500,470.0,0.0,0.0,0.0,2,369.0,941.0,1,420.0,470.0,470.0,470.0,1.0,4700.0,92
2023-05-10 21:13:12,ru2401C14500,ru2401C14500,470.0,0.0,0.0,0.0,2,369.0,941.0,1,420.0,470.0,470.0,470.0,1.0,4700.0,92
2023-05-10 21:13:25,ru2401C14500,ru2401C14500,470.0,0.0,0.0,0.0,2,369.0,930.0,1,420.0,470.0,470.0,470.0,1.0,4700.0,92
2023-05-10 21:13:25,ru2401C14500,ru2401C14500,470.0,0.0,0.0,0.0,2,369.0,930.0,1,420.0,470.0,470.0,470.0,1.0,4700.0,92
2023-05-10 21:13:26,ru2401C14500,ru2401C14500,470.0,0.0,0.0,0.0,2,369.0,927.0,1,420.0,470.0,470.0,470.0,1.0,4700.0,92
2023-05-10 21:13:28,ru2401C14500,ru2401C14500,470.0,0.0,0.0,0.0,2,369.0,927.0,1,420.0,470.0,470.0,470.0,1.0,4700.0,92
2023-05-10 21:13:37,ru2401C14500,ru2401C14500,470.0,0.0,0.0,0.0,2,369.0,916.0,1,420.0,470.0,470.0,470.0,1.0,4700.0,92
2023-05-10 21:13:38,ru2401C14500,ru2401C14500,470.0,0.0,0.0,0.0,2,369.0,916.0,1,420.0,470.0,470.0,470.0,1.0,4700.0,92
2023-05-10 21:13:38,ru2401C14500,ru2401C14500,470.0,0.0,0.0,0.0,2,369.0,913.0,1,420.0,470.0,470.0,470.0,1.0,4700.0,92
2023-05-10 21:13:40,ru2401C14500,ru2401C14500,470.0,0.0,0.0,0.0,2,369.0,913.0,1,420.0,470.0,470.0,470.0,1.0,4700.0,92
2023-05-10 21:13:43,ru2401C14500,ru2401C14500,470.0,0.0,0.0,0.0,2,369.0,913.0,1,420.0,470.0,470.0,470.0,1.0,4700.0,92
2023-05-10 21:13:44,ru2401C14500,ru2401C14500,470.0,0.0,0.0,0.0,2,369.0,900.0,1,420.0,470.0,470.0,470.0,1.0,4700.0,92
2023-05-10 21:13:45,ru2401C14500,ru2401C14500,470.0,0.0,0.0,0.0,2,369.0,897.0,1,420.0,470.0,470.0,470.0,1.0,4700.0,92
2023-05-10 21:13:49,ru2401C14500,ru2401C14500,470.0,0.0,0.0,0.0,2,369.0,897.0,1,420.0,470.0,470.0,470.0,1.0,4700.0,92
2023-05-10 21:13:54,ru2401C14500,ru2401C14500,470.0,0.0,0.0,0.0,2,369.0,886.0,1,420.0,470.0,470.0,470.0,1.0,4700.0,92
2023-05-10 21:13:54,ru2401C14500,ru2401C14500,470.0,0.0,0.0,0.0,2,369.0,883.0,1,420.0,470.0,470.0,470.0,1.0,4700.0,92
2023-05-10 21:13:57,ru2401C14500,ru2401C14500,470.0,0.0,0.0,0.0,2,369.0,883.0,1,420.0,470.0,470.0,470.0,1.0,4700.0,92
2023-05-10 21:14:01,ru2401C14500,ru2401C14500,470.0,0.0,0.0,0.0,2,369.0,872.0,1,420.0,470.0,470.0,470.0,1.0,4700.0,92
2023-05-10 21:14:02,ru2401C14500,ru2401C14500,470.0,0.0,0.0,0.0,2,369.0,869.0,1,420.0,470.0,470.0,470.0,1.0,4700.0,92
2023-05-10 21:14:03,ru2401C14500,ru2401C14500,470.0,0.0,0.0,0.0,2,369.0,869.0,1,420.0,470.0,470.0,470.0,1.0,4700.0,92
2023-05-10 21:14:04,ru2401C14500,ru2401C14500,470.0,0.0,0.0,0.0,2,369.0,869.0,1,420.0,470.0,470.0,470.0,1.0,4700.0,92
2023-05-10 21:14:06,ru2401C14500,ru2401C14500,470.0,0.0,0.0,0.0,2,369.0,800.0,1,420.0,470.0,470.0,470.0,1.0,4700.0,92
2023-05-10 21:14:06,ru2401C14500,ru2401C14500,470.0,0.0,0.0,0.0,2,369.0,800.0,1,420.0,470.0,470.0,470.0,1.0,4700.0,92
2023-05-10 21:14:12,ru2401C14500,ru2401C14500,470.0,0.0,0.0,0.0,2,369.0,789.0,1,420.0,470.0,470.0,470.0,1.0,4700.0,92
2023-05-10 21:14:41,ru2401C14500,ru2401C14500,470.0,0.0,0.0,0.0,2,369.0,789.0,1,420.0,470.0,470.0,470.0,1.0,4700.0,92
2023-05-10 21:14:42,ru2401C14500,ru2401C14500,470.0,0.0,0.0,0.0,2,369.0,500.0,1,420.0,470.0,470.0,470.0,1.0,4700.0,92
2023-05-10 21:14:42,ru2401C14500,ru2401C14500,500.0,1.0,5000.0,0.0,2,369.0,789.0,1,420.0,470.0,500.0,470.0,2.0,9700.0,92
2023-05-10 21:14:43,ru2401C14500,ru2401C14500,500.0,0.0,0.0,0.0,2,369.0,788.0,1,420.0,470.0,500.0,470.0,2.0,9700.0,92
2023-05-10 21:14:44,ru2401C14500,ru2401C14500,500.0,0.0,0.0,0.0,2,369.0,788.0,1,420.0,470.0,500.0,470.0,2.0,9700.0,92
2023-05-10 21:14:46,ru2401C14500,ru2401C14500,500.0,0.0,0.0,0.0,2,369.0,777.0,1,420.0,470.0,500.0,470.0,2.0,9700.0,92
2023-05-10 21:14:46,ru2401C14500,ru2401C14500,500.0,0.0,0.0,0.0,2,369.0,776.0,1,420.0,470.0,500.0,470.0,2.0,9700.0,92
2023-05-10 21:14:51,ru2401C14500,ru2401C14500,500.0,0.0,0.0,0.0,2,369.0,776.0,1,420.0,470.0,500.0,470.0,2.0,9700.0,92
2023-05-10 21:14:54,ru2401C14500,ru2401C14500,500.0,0.0,0.0,0.0,2,369.0,765.0,1,420.0,470.0,500.0,470.0,2.0,9700.0,92
2023-05-10 21:14:55,ru2401C14500,ru2401C14500,500.0,0.0,0.0,0.0,2,369.0,764.0,1,420.0,470.0,500.0,470.0,2.0,9700.0,92
2023-05-10 21:15:16,ru2401C14500,ru2401C14500,500.0,0.0,0.0,0.0,2,369.0,764.0,1,420.0,470.0,500.0,470.0,2.0,9700.0,92
2023-05-10 21:15:17,ru2401C14500,ru2401C14500,500.0,0.0,0.0,0.0,2,369.0,600.0,1,420.0,470.0,500.0,470.0,2.0,9700.0,92
2023-05-10 21:15:17,ru2401C14500,ru2401C14500,500.0,0.0,0.0,0.0,2,369.0,600.0,1,420.0,470.0,500.0,470.0,2.0,9700.0,92
2023-05-10 21:15:18,ru2401C14500,ru2401C14500,500.0,0.0,0.0,0.0,2,369.0,600.0,1,420.0,470.0,500.0,470.0,2.0,9700.0,92
2023-05-10 21:15:22,ru2401C14500,ru2401C14500,500.0,0.0,0.0,0.0,2,369.0,500.0,1,420.0,470.0,500.0,470.0,2.0,9700.0,92
2023-05-10 21:15:22,ru2401C14500,ru2401C14500,500.0,1.0,5000.0,0.0,2,369.0,600.0,1,420.0,470.0,500.0,470.0,3.0,14700.0,92
2023-05-10 21:15:36,ru2401C14500,ru2401C14500,500.0,0.0,0.0,0.0,1,370.0,599.0,1,420.0,470.0,500.0,470.0,3.0,14700.0,92
2023-05-10 21:15:37,ru2401C14500,ru2401C14500,500.0,0.0,0.0,0.0,2,383.0,599.0,1,420.0,470.0,500.0,470.0,3.0,14700.0,92
2023-05-10 21:15:40,ru2401C14500,ru2401C14500,500.0,0.0,0.0,0.0,1,497.0,534.0,1,420.0,470.0,500.0,470.0,3.0,14700.0,92
2023-05-10 21:15:40,ru2401C14500,ru2401C14500,500.0,0.0,0.0,0.0,2,497.0,534.0,1,420.0,470.0,500.0,470.0,3.0,14700.0,92
2023-05-10 21:15:41,ru2401C14500,ru2401C14500,500.0,0.0,0.0,0.0,3,497.0,534.0,1,420.0,470.0,500.0,470.0,3.0,14700.0,92
2023-05-10 21:15:41,ru2401C14500,ru2401C14500,500.0,0.0,0.0,0.0,2,497.0,534.0,1,420.0,470.0,500.0,470.0,3.0,14700.0,92
2023-05-10 21:15:42,ru2401C14500,ru2401C14500,534.0,1.0,5340.0,1.0,2,497.0,544.0,1,420.0,470.0,534.0,470.0,4.0,20040.0,93
2023-05-10 21:15:42,ru2401C14500,ru2401C14500,534.0,0.0,0.0,0.0,1,497.0,548.0,1,420.0,470.0,534.0,470.0,4.0,20040.0,93
2023-05-10 21:15:43,ru2401C14500,ru2401C14500,534.0,0.0,0.0,0.0,2,497.0,548.0,2,420.0,470.0,534.0,470.0,4.0,20040.0,93
2023-05-10 21:15:43,ru2401C14500,ru2401C14500,534.0,0.0,0.0,0.0,3,497.0,548.0,2,420.0,470.0,534.0,470.0,4.0,20040.0,93
2023-05-10 21:15:44,ru2401C14500,ru2401C14500,534.0,0.0,0.0,0.0,3,497.0,548.0,2,420.0,470.0,534.0,470.0,4.0,20040.0,93
2023-05-10 21:15:46,ru2401C14500,ru2401C14500,534.0,0.0,0.0,0.0,1,500.0,548.0,2,420.0,470.0,534.0,470.0,4.0,20040.0,93
2023-05-10 21:15:46,ru2401C14500,ru2401C14500,534.0,0.0,0.0,0.0,2,500.0,548.0,2,420.0,470.0,534.0,470.0,4.0,20040.0,93
2023-05-10 21:15:47,ru2401C14500,ru2401C14500,534.0,0.0,0.0,0.0,3,500.0,548.0,2,420.0,470.0,534.0,470.0,4.0,20040.0,93
2023-05-10 21:15:47,ru2401C14500,ru2401C14500,548.0,2.0,10960.0,2.0,2,500.0,555.0,1,420.0,470.0,548.0,470.0,6.0,31000.0,95
2023-05-10 21:15:48,ru2401C14500,ru2401C14500,548.0,0.0,0.0,0.0,2,500.0,567.0,1,420.0,470.0,548.0,470.0,6.0,31000.0,95
2023-05-10 21:15:48,ru2401C14500,ru2401C14500,548.0,0.0,0.0,0.0,2,500.0,570.0,1,420.0,470.0,548.0,470.0,6.0,31000.0,95
2023-05-10 21:15:49,ru2401C14500,ru2401C14500,548.0,0.0,0.0,0.0,2,500.0,570.0,1,420.0,470.0,548.0,470.0,6.0,31000.0,95
2023-05-10 21:15:51,ru2401C14500,ru2401C14500,548.0,0.0,0.0,0.0,2,500.0,570.0,1,420.0,470.0,548.0,470.0,6.0,31000.0,95
2023-05-10 21:15:53,ru2401C14500,ru2401C14500,548.0,0.0,0.0,0.0,2,500.0,570.0,1,420.0,470.0,548.0,470.0,6.0,31000.0,95
2023-05-10 21:15:56,ru2401C14500,ru2401C14500,548.0,0.0,0.0,0.0,1,500.0,600.0,1,420.0,470.0,548.0,470.0,6.0,31000.0,95
2023-05-10 21:16:01,ru2401C14500,ru2401C14500,548.0,0.0,0.0,0.0,1,368.0,600.0,1,420.0,470.0,548.0,470.0,6.0,31000.0,95
2023-05-10 21:16:01,ru2401C14500,ru2401C14500,548.0,0.0,0.0,0.0,2,381.0,600.0,1,420.0,470.0,548.0,470.0,6.0,31000.0,95
2023-05-10 21:16:40,ru2401C14500,ru2401C14500,548.0,0.0,0.0,0.0,1,382.0,599.0,1,420.0,470.0,548.0,470.0,6.0,31000.0,95
2023-05-10 21:16:41,ru2401C14500,ru2401C14500,548.0,0.0,0.0,0.0,2,389.0,599.0,1,420.0,470.0,548.0,470.0,6.0,31000.0,95
2023-05-10 21:16:45,ru2401C14500,ru2401C14500,548.0,0.0,0.0,0.0,1,510.0,546.0,1,420.0,470.0,548.0,470.0,6.0,31000.0,95
2023-05-10 21:16:45,ru2401C14500,ru2401C14500,548.0,0.0,0.0,0.0,1,510.0,546.0,1,420.0,470.0,548.0,470.0,6.0,31000.0,95
2023-05-10 21:16:46,ru2401C14500,ru2401C14500,548.0,0.0,0.0,0.0,1,510.0,546.0,1,420.0,470.0,548.0,470.0,6.0,31000.0,95
2023-05-10 21:16:47,ru2401C14500,ru2401C14500,548.0,0.0,0.0,0.0,1,534.0,546.0,1,420.0,470.0,548.0,470.0,6.0,31000.0,95
2023-05-10 21:16:47,ru2401C14500,ru2401C14500,548.0,0.0,0.0,0.0,1,534.0,546.0,1,420.0,470.0,548.0,470.0,6.0,31000.0,95
2023-05-10 21:16:48,ru2401C14500,ru2401C14500,548.0,0.0,0.0,0.0,2,534.0,546.0,1,420.0,470.0,548.0,470.0,6.0,31000.0,95
2023-05-10 21:16:50,ru2401C14500,ru2401C14500,548.0,1.0,5480.0,1.0,2,534.0,553.0,1,420.0,470.0,548.0,470.0,7.0,36480.0,96
2023-05-10 21:16:50,ru2401C14500,ru2401C14500,548.0,0.0,0.0,0.0,2,534.0,554.0,1,420.0,470.0,548.0,470.0,7.0,36480.0,96
2023-05-10 21:16:51,ru2401C14500,ru2401C14500,548.0,0.0,0.0,0.0,2,534.0,554.0,1,420.0,470.0,548.0,470.0,7.0,36480.0,96
2023-05-10 21:16:51,ru2401C14500,ru2401C14500,548.0,0.0,0.0,0.0,2,534.0,554.0,1,420.0,470.0,548.0,470.0,7.0,36480.0,96
2023-05-10 21:16:52,ru2401C14500,ru2401C14500,548.0,0.0,0.0,0.0,2,534.0,554.0,1,420.0,470.0,548.0,470.0,7.0,36480.0,96
2023-05-10 21:16:56,ru2401C14500,ru2401C14500,548.0,0.0,0.0,0.0,2,534.0,554.0,1,420.0,470.0,548.0,470.0,7.0,36480.0,96
2023-05-10 21:16:57,ru2401C14500,ru2401C14500,548.0,0.0,0.0,0.0,1,548.0,554.0,1,420.0,470.0,548.0,470.0,7.0,36480.0,96
2023-05-10 21:16:58,ru2401C14500,ru2401C14500,548.0,0.0,0.0,0.0,1,548.0,554.0,1,420.0,470.0,548.0,470.0,7.0,36480.0,96
2023-05-10 21:17:01,ru2401C14500,ru2401C14500,548.0,0.0,0.0,0.0,1,548.0,554.0,1,420.0,470.0,548.0,470.0,7.0,36480.0,96
2023-05-10 21:17:03,ru2401C14500,ru2401C14500,548.0,0.0,0.0,0.0,1,548.0,600.0,1,420.0,470.0,548.0,470.0,7.0,36480.0,96
2023-05-10 21:17:07,ru2401C14500,ru2401C14500,548.0,0.0,0.0,0.0,1,368.0,600.0,1,420.0,470.0,548.0,470.0,7.0,36480.0,96
2023-05-10 21:17:07,ru2401C14500,ru2401C14500,548.0,0.0,0.0,0.0,2,381.0,600.0,1,420.0,470.0,548.0,470.0,7.0,36480.0,96
2023-05-10 21:17:21,ru2401C14500,ru2401C14500,548.0,0.0,0.0,0.0,2,381.0,599.0,2,420.0,470.0,548.0,470.0,7.0,36480.0,96
2023-05-10 21:18:00,ru2401C14500,ru2401C14500,548.0,0.0,0.0,0.0,2,394.0,599.0,2,420.0,470.0,548.0,470.0,7.0,36480.0,96
2023-05-10 21:18:03,ru2401C14500,ru2401C14500,548.0,0.0,0.0,0.0,2,394.0,598.0,1,420.0,470.0,548.0,470.0,7.0,36480.0,96
2023-05-10 21:18:35,ru2401C14500,ru2401C14500,548.0,0.0,0.0,0.0,1,395.0,597.0,1,420.0,470.0,548.0,470.0,7.0,36480.0,96
2023-05-10 21:18:35,ru2401C14500,ru2401C14500,548.0,0.0,0.0,0.0,2,402.0,597.0,1,420.0,470.0,548.0,470.0,7.0,36480.0,96
2023-05-10 21:18:39,ru2401C14500,ru2401C14500,548.0,0.0,0.0,0.0,1,533.0,557.0,1,420.0,470.0,548.0,470.0,7.0,36480.0,96
2023-05-10 21:18:39,ru2401C14500,ru2401C14500,548.0,0.0,0.0,0.0,1,533.0,557.0,1,420.0,470.0,548.0,470.0,7.0,36480.0,96
2023-05-10 21:18:42,ru2401C14500,ru2401C14500,548.0,0.0,0.0,0.0,1,547.0,557.0,1,420.0,470.0,548.0,470.0,7.0,36480.0,96
2023-05-10 21:18:42,ru2401C14500,ru2401C14500,548.0,0.0,0.0,0.0,1,547.0,557.0,1,420.0,470.0,548.0,470.0,7.0,36480.0,96
2023-05-10 21:18:43,ru2401C14500,ru2401C14500,548.0,0.0,0.0,0.0,1,547.0,557.0,1,420.0,470.0,548.0,470.0,7.0,36480.0,96
2023-05-10 21:18:45,ru2401C14500,ru2401C14500,548.0,0.0,0.0,0.0,1,556.0,557.0,1,420.0,470.0,548.0,470.0,7.0,36480.0,96
2023-05-10 21:18:46,ru2401C14500,ru2401C14500,548.0,0.0,0.0,0.0,1,556.0,557.0,1,420.0,470.0,548.0,470.0,7.0,36480.0,96
2023-05-10 21:18:47,ru2401C14500,ru2401C14500,548.0,0.0,0.0,0.0,1,556.0,557.0,1,420.0,470.0,548.0,470.0,7.0,36480.0,96
2023-05-10 21:18:48,ru2401C14500,ru2401C14500,548.0,0.0,0.0,0.0,1,556.0,557.0,1,420.0,470.0,548.0,470.0,7.0,36480.0,96
2023-05-10 21:18:49,ru2401C14500,ru2401C14500,557.0,1.0,5570.0,0.0,1,556.0,561.0,2,420.0,470.0,557.0,470.0,8.0,42050.0,96
2023-05-10 21:18:49,ru2401C14500,ru2401C14500,557.0,0.0,0.0,0.0,1,556.0,561.0,2,420.0,470.0,557.0,470.0,8.0,42050.0,96
2023-05-10 21:18:50,ru2401C14500,ru2401C14500,557.0,0.0,0.0,0.0,1,556.0,561.0,2,420.0,470.0,557.0,470.0,8.0,42050.0,96
2023-05-10 21:18:50,ru2401C14500,ru2401C14500,556.0,1.0,5560.0,0.0,1,525.0,561.0,2,420.0,470.0,557.0,470.0,9.0,47610.0,96
2023-05-10 21:18:54,ru2401C14500,ru2401C14500,556.0,0.0,0.0,0.0,1,525.0,561.0,1,420.0,470.0,557.0,470.0,9.0,47610.0,96
2023-05-10 21:18:56,ru2401C14500,ru2401C14500,556.0,0.0,0.0,0.0,1,525.0,561.0,1,420.0,470.0,557.0,470.0,9.0,47610.0,96
2023-05-10 21:18:57,ru2401C14500,ru2401C14500,556.0,0.0,0.0,0.0,1,368.0,598.0,1,420.0,470.0,557.0,470.0,9.0,47610.0,96
2023-05-10 21:18:58,ru2401C14500,ru2401C14500,556.0,0.0,0.0,0.0,2,381.0,598.0,1,420.0,470.0,557.0,470.0,9.0,47610.0,96
2023-05-10 21:18:58,ru2401C14500,ru2401C14500,556.0,0.0,0.0,0.0,1,382.0,598.0,1,420.0,470.0,557.0,470.0,9.0,47610.0,96
2023-05-10 21:18:59,ru2401C14500,ru2401C14500,556.0,0.0,0.0,0.0,2,395.0,598.0,1,420.0,470.0,557.0,470.0,9.0,47610.0,96
2023-05-10 21:19:02,ru2401C14500,ru2401C14500,556.0,0.0,0.0,0.0,2,395.0,597.0,1,420.0,470.0,557.0,470.0,9.0,47610.0,96
2023-05-10 21:19:08,ru2401C14500,ru2401C14500,556.0,0.0,0.0,0.0,2,395.0,564.0,3,420.0,470.0,557.0,470.0,9.0,47610.0,96
2023-05-10 21:19:11,ru2401C14500,ru2401C14500,556.0,0.0,0.0,0.0,2,395.0,563.0,2,420.0,470.0,557.0,470.0,9.0,47610.0,96
2023-05-10 21:20:52,ru2401C14500,ru2401C14500,556.0,0.0,0.0,0.0,2,395.0,559.0,3,420.0,470.0,557.0,470.0,9.0,47610.0,96
2023-05-10 21:23:21,ru2401C14500,ru2401C14500,556.0,0.0,0.0,0.0,2,395.0,559.0,3,420.0,470.0,557.0,470.0,9.0,47610.0,96
2023-05-10 21:23:38,ru2401C14500,ru2401C14500,556.0,0.0,0.0,0.0,2,395.0,559.0,3,420.0,470.0,557.0,470.0,9.0,47610.0,96
2023-05-10 21:32:27,ru2401C14500,ru2401C14500,556.0,0.0,0.0,0.0,1,400.0,559.0,3,420.0,470.0,557.0,470.0,9.0,47610.0,96
2023-05-10 21:32:27,ru2401C14500,ru2401C14500,556.0,0.0,0.0,0.0,1,401.0,559.0,3,420.0,470.0,557.0,470.0,9.0,47610.0,96
2023-05-10 21:32:28,ru2401C14500,ru2401C14500,556.0,0.0,0.0,0.0,1,401.0,559.0,3,420.0,470.0,557.0,470.0,9.0,47610.0,96
2023-05-10 21:32:42,ru2401C14500,ru2401C14500,556.0,0.0,0.0,0.0,2,402.0,559.0,3,420.0,470.0,557.0,470.0,9.0,47610.0,96
2023-05-10 21:32:43,ru2401C14500,ru2401C14500,556.0,0.0,0.0,0.0,2,402.0,559.0,3,420.0,470.0,557.0,470.0,9.0,47610.0,96
2023-05-10 21:32:43,ru2401C14500,ru2401C14500,556.0,0.0,0.0,0.0,1,403.0,559.0,3,420.0,470.0,557.0,470.0,9.0,47610.0,96
2023-05-10 21:32:44,ru2401C14500,ru2401C14500,556.0,0.0,0.0,0.0,1,403.0,559.0,3,420.0,470.0,557.0,470.0,9.0,47610.0,96
2023-05-10 21:33:05,ru2401C14500,ru2401C14500,556.0,0.0,0.0,0.0,1,446.0,559.0,3,420.0,470.0,557.0,470.0,9.0,47610.0,96
2023-05-10 21:33:05,ru2401C14500,ru2401C14500,556.0,0.0,0.0,0.0,1,446.0,559.0,3,420.0,470.0,557.0,470.0,9.0,47610.0,96
2023-05-10 21:33:06,ru2401C14500,ru2401C14500,556.0,0.0,0.0,0.0,1,447.0,559.0,3,420.0,470.0,557.0,470.0,9.0,47610.0,96
2023-05-10 21:34:39,ru2401C14500,ru2401C14500,556.0,0.0,0.0,0.0,1,447.0,559.0,3,420.0,470.0,557.0,470.0,9.0,47610.0,96
2023-05-10 21:34:43,ru2401C14500,ru2401C14500,556.0,0.0,0.0,0.0,1,471.0,493.0,1,420.0,470.0,557.0,470.0,9.0,47610.0,96
2023-05-10 21:34:43,ru2401C14500,ru2401C14500,556.0,0.0,0.0,0.0,2,471.0,493.0,4,420.0,470.0,557.0,470.0,9.0,47610.0,96
2023-05-10 21:34:44,ru2401C14500,ru2401C14500,556.0,0.0,0.0,0.0,4,471.0,493.0,4,420.0,470.0,557.0,470.0,9.0,47610.0,96
2023-05-10 21:34:44,ru2401C14500,ru2401C14500,556.0,0.0,0.0,0.0,3,471.0,493.0,5,420.0,470.0,557.0,470.0,9.0,47610.0,96
2023-05-10 21:34:45,ru2401C14500,ru2401C14500,556.0,0.0,0.0,0.0,4,471.0,493.0,4,420.0,470.0,557.0,470.0,9.0,47610.0,96
2023-05-10 21:34:45,ru2401C14500,ru2401C14500,556.0,0.0,0.0,0.0,3,471.0,493.0,5,420.0,470.0,557.0,470.0,9.0,47610.0,96
2023-05-10 21:34:46,ru2401C14500,ru2401C14500,556.0,0.0,0.0,0.0,4,471.0,493.0,4,420.0,470.0,557.0,470.0,9.0,47610.0,96
2023-05-10 21:34:46,ru2401C14500,ru2401C14500,518.0,1.0,5180.0,1.0,5,471.0,493.0,3,420.0,470.0,557.0,470.0,10.0,52790.0,97
2023-05-10 21:34:47,ru2401C14500,ru2401C14500,518.0,0.0,0.0,0.0,4,471.0,493.0,4,420.0,470.0,557.0,470.0,10.0,52790.0,97
2023-05-10 21:34:48,ru2401C14500,ru2401C14500,518.0,0.0,0.0,0.0,5,471.0,493.0,3,420.0,470.0,557.0,470.0,10.0,52790.0,97
2023-05-10 21:34:49,ru2401C14500,ru2401C14500,518.0,0.0,0.0,0.0,4,471.0,493.0,4,420.0,470.0,557.0,470.0,10.0,52790.0,97
2023-05-10 21:34:49,ru2401C14500,ru2401C14500,518.0,0.0,0.0,0.0,5,471.0,493.0,3,420.0,470.0,557.0,470.0,10.0,52790.0,97
2023-05-10 21:34:50,ru2401C14500,ru2401C14500,518.0,0.0,0.0,0.0,4,471.0,493.0,4,420.0,470.0,557.0,470.0,10.0,52790.0,97
2023-05-10 21:34:51,ru2401C14500,ru2401C14500,518.0,0.0,0.0,0.0,4,471.0,493.0,4,420.0,470.0,557.0,470.0,10.0,52790.0,97
2023-05-10 21:34:54,ru2401C14500,ru2401C14500,518.0,0.0,0.0,0.0,3,471.0,493.0,4,420.0,470.0,557.0,470.0,10.0,52790.0,97
2023-05-10 21:34:55,ru2401C14500,ru2401C14500,518.0,0.0,0.0,0.0,4,471.0,493.0,5,420.0,470.0,557.0,470.0,10.0,52790.0,97
2023-05-10 21:34:55,ru2401C14500,ru2401C14500,518.0,0.0,0.0,0.0,3,471.0,493.0,4,420.0,470.0,557.0,470.0,10.0,52790.0,97
2023-05-10 21:34:56,ru2401C14500,ru2401C14500,518.0,0.0,0.0,0.0,1,471.0,493.0,4,420.0,470.0,557.0,470.0,10.0,52790.0,97
2023-05-10 21:34:56,ru2401C14500,ru2401C14500,518.0,0.0,0.0,0.0,1,471.0,493.0,4,420.0,470.0,557.0,470.0,10.0,52790.0,97
2023-05-10 21:34:57,ru2401C14500,ru2401C14500,518.0,0.0,0.0,0.0,1,471.0,493.0,4,420.0,470.0,557.0,470.0,10.0,52790.0,97
2023-05-10 21:35:01,ru2401C14500,ru2401C14500,518.0,0.0,0.0,0.0,4,452.0,493.0,4,420.0,470.0,557.0,470.0,10.0,52790.0,97
2023-05-10 21:35:06,ru2401C14500,ru2401C14500,518.0,0.0,0.0,0.0,4,452.0,493.0,2,420.0,470.0,557.0,470.0,10.0,52790.0,97
2023-05-10 21:35:07,ru2401C14500,ru2401C14500,518.0,0.0,0.0,0.0,5,452.0,493.0,2,420.0,470.0,557.0,470.0,10.0,52790.0,97
2023-05-10 21:35:19,ru2401C14500,ru2401C14500,518.0,0.0,0.0,0.0,4,452.0,493.0,2,420.0,470.0,557.0,470.0,10.0,52790.0,97
2023-05-10 21:35:24,ru2401C14500,ru2401C14500,518.0,0.0,0.0,0.0,4,452.0,494.0,4,420.0,470.0,557.0,470.0,10.0,52790.0,97
2023-05-10 21:35:42,ru2401C14500,ru2401C14500,518.0,0.0,0.0,0.0,2,452.0,494.0,4,420.0,470.0,557.0,470.0,10.0,52790.0,97
2023-05-10 21:35:59,ru2401C14500,ru2401C14500,518.0,0.0,0.0,0.0,2,452.0,494.0,4,420.0,470.0,557.0,470.0,10.0,52790.0,97
2023-05-10 21:36:05,ru2401C14500,ru2401C14500,518.0,0.0,0.0,0.0,2,452.0,494.0,4,420.0,470.0,557.0,470.0,10.0,52790.0,97
2023-05-10 21:36:06,ru2401C14500,ru2401C14500,518.0,0.0,0.0,0.0,2,452.0,494.0,4,420.0,470.0,557.0,470.0,10.0,52790.0,97
2023-05-10 21:36:07,ru2401C14500,ru2401C14500,518.0,0.0,0.0,0.0,2,452.0,494.0,4,420.0,470.0,557.0,470.0,10.0,52790.0,97
2023-05-10 21:36:07,ru2401C14500,ru2401C14500,518.0,0.0,0.0,0.0,2,452.0,494.0,4,420.0,470.0,557.0,470.0,10.0,52790.0,97
2023-05-10 21:36:08,ru2401C14500,ru2401C14500,518.0,0.0,0.0,0.0,2,452.0,494.0,4,420.0,470.0,557.0,470.0,10.0,52790.0,97
2023-05-10 21:36:08,ru2401C14500,ru2401C14500,518.0,0.0,0.0,0.0,2,452.0,494.0,4,420.0,470.0,557.0,470.0,10.0,52790.0,97
2023-05-10 21:36:09,ru2401C14500,ru2401C14500,518.0,0.0,0.0,0.0,2,452.0,494.0,4,420.0,470.0,557.0,470.0,10.0,52790.0,97
2023-05-10 21:36:12,ru2401C14500,ru2401C14500,518.0,0.0,0.0,0.0,2,452.0,494.0,4,420.0,470.0,557.0,470.0,10.0,52790.0,97
2023-05-10 21:36:20,ru2401C14500,ru2401C14500,518.0,0.0,0.0,0.0,2,452.0,494.0,4,420.0,470.0,557.0,470.0,10.0,52790.0,97
2023-05-10 21:36:21,ru2401C14500,ru2401C14500,518.0,0.0,0.0,0.0,2,452.0,494.0,4,420.0,470.0,557.0,470.0,10.0,52790.0,97
2023-05-10 21:36:22,ru2401C14500,ru2401C14500,518.0,0.0,0.0,0.0,2,452.0,494.0,4,420.0,470.0,557.0,470.0,10.0,52790.0,97
2023-05-10 21:36:33,ru2401C14500,ru2401C14500,518.0,0.0,0.0,0.0,2,452.0,494.0,4,420.0,470.0,557.0,470.0,10.0,52790.0,97
2023-05-10 21:36:34,ru2401C14500,ru2401C14500,518.0,0.0,0.0,0.0,2,452.0,494.0,4,420.0,470.0,557.0,470.0,10.0,52790.0,97
2023-05-10 21:36:35,ru2401C14500,ru2401C14500,518.0,0.0,0.0,0.0,2,452.0,494.0,4,420.0,470.0,557.0,470.0,10.0,52790.0,97
2023-05-10 21:36:36,ru2401C14500,ru2401C14500,518.0,0.0,0.0,0.0,2,452.0,494.0,4,420.0,470.0,557.0,470.0,10.0,52790.0,97
2023-05-10 21:36:46,ru2401C14500,ru2401C14500,518.0,0.0,0.0,0.0,2,452.0,494.0,4,420.0,470.0,557.0,470.0,10.0,52790.0,97
2023-05-10 21:37:02,ru2401C14500,ru2401C14500,518.0,0.0,0.0,0.0,2,452.0,494.0,4,420.0,470.0,557.0,470.0,10.0,52790.0,97
2023-05-10 21:37:06,ru2401C14500,ru2401C14500,518.0,0.0,0.0,0.0,2,452.0,494.0,4,420.0,470.0,557.0,470.0,10.0,52790.0,97
2023-05-10 21:37:08,ru2401C14500,ru2401C14500,518.0,0.0,0.0,0.0,2,452.0,494.0,4,420.0,470.0,557.0,470.0,10.0,52790.0,97
2023-05-10 21:37:11,ru2401C14500,ru2401C14500,518.0,0.0,0.0,0.0,1,446.0,494.0,4,420.0,470.0,557.0,470.0,10.0,52790.0,97
2023-05-10 21:37:11,ru2401C14500,ru2401C14500,518.0,0.0,0.0,0.0,1,446.0,494.0,4,420.0,470.0,557.0,470.0,10.0,52790.0,97
2023-05-10 21:37:12,ru2401C14500,ru2401C14500,518.0,0.0,0.0,0.0,1,446.0,494.0,4,420.0,470.0,557.0,470.0,10.0,52790.0,97
2023-05-10 21:37:13,ru2401C14500,ru2401C14500,518.0,0.0,0.0,0.0,1,446.0,494.0,4,420.0,470.0,557.0,470.0,10.0,52790.0,97
2023-05-10 21:37:18,ru2401C14500,ru2401C14500,518.0,0.0,0.0,0.0,3,446.0,494.0,4,420.0,470.0,557.0,470.0,10.0,52790.0,97
2023-05-10 21:37:36,ru2401C14500,ru2401C14500,518.0,0.0,0.0,0.0,1,446.0,494.0,4,420.0,470.0,557.0,470.0,10.0,52790.0,97
2023-05-10 21:37:58,ru2401C14500,ru2401C14500,518.0,0.0,0.0,0.0,3,446.0,494.0,2,420.0,470.0,557.0,470.0,10.0,52790.0,97
2023-05-10 21:38:38,ru2401C14500,ru2401C14500,518.0,0.0,0.0,0.0,3,446.0,494.0,2,420.0,470.0,557.0,470.0,10.0,52790.0,97
2023-05-10 21:39:27,ru2401C14500,ru2401C14500,518.0,0.0,0.0,0.0,3,446.0,494.0,2,420.0,470.0,557.0,470.0,10.0,52790.0,97
2023-05-10 21:39:28,ru2401C14500,ru2401C14500,518.0,0.0,0.0,0.0,3,446.0,494.0,4,420.0,470.0,557.0,470.0,10.0,52790.0,97
2023-05-10 21:39:28,ru2401C14500,ru2401C14500,518.0,0.0,0.0,0.0,3,446.0,494.0,2,420.0,470.0,557.0,470.0,10.0,52790.0,97
2023-05-10 21:39:31,ru2401C14500,ru2401C14500,518.0,0.0,0.0,0.0,3,446.0,494.0,2,420.0,470.0,557.0,470.0,10.0,52790.0,97
2023-05-10 21:39:31,ru2401C14500,ru2401C14500,518.0,0.0,0.0,0.0,3,446.0,494.0,2,420.0,470.0,557.0,470.0,10.0,52790.0,97
2023-05-10 21:39:37,ru2401C14500,ru2401C14500,518.0,0.0,0.0,0.0,3,446.0,494.0,2,420.0,470.0,557.0,470.0,10.0,52790.0,97
2023-05-10 21:39:37,ru2401C14500,ru2401C14500,518.0,0.0,0.0,0.0,3,446.0,494.0,2,420.0,470.0,557.0,470.0,10.0,52790.0,97
2023-05-10 21:39:38,ru2401C14500,ru2401C14500,518.0,0.0,0.0,0.0,3,446.0,494.0,2,420.0,470.0,557.0,470.0,10.0,52790.0,97
2023-05-10 21:39:38,ru2401C14500,ru2401C14500,518.0,0.0,0.0,0.0,3,446.0,494.0,2,420.0,470.0,557.0,470.0,10.0,52790.0,97
2023-05-10 21:39:42,ru2401C14500,ru2401C14500,518.0,0.0,0.0,0.0,3,446.0,494.0,2,420.0,470.0,557.0,470.0,10.0,52790.0,97
2023-05-10 21:39:42,ru2401C14500,ru2401C14500,518.0,0.0,0.0,0.0,3,446.0,494.0,2,420.0,470.0,557.0,470.0,10.0,52790.0,97
2023-05-10 21:40:12,ru2401C14500,ru2401C14500,518.0,0.0,0.0,0.0,3,446.0,494.0,2,420.0,470.0,557.0,470.0,10.0,52790.0,97
2023-05-10 21:40:18,ru2401C14500,ru2401C14500,518.0,0.0,0.0,0.0,3,446.0,494.0,2,420.0,470.0,557.0,470.0,10.0,52790.0,97
2023-05-10 21:40:18,ru2401C14500,ru2401C14500,518.0,0.0,0.0,0.0,3,446.0,494.0,2,420.0,470.0,557.0,470.0,10.0,52790.0,97
2023-05-10 21:40:22,ru2401C14500,ru2401C14500,518.0,0.0,0.0,0.0,3,446.0,494.0,2,420.0,470.0,557.0,470.0,10.0,52790.0,97
2023-05-10 21:40:28,ru2401C14500,ru2401C14500,518.0,0.0,0.0,0.0,3,446.0,494.0,2,420.0,470.0,557.0,470.0,10.0,52790.0,97
2023-05-10 21:41:58,ru2401C14500,ru2401C14500,518.0,0.0,0.0,0.0,1,446.0,494.0,2,420.0,470.0,557.0,470.0,10.0,52790.0,97
2023-05-10 21:41:58,ru2401C14500,ru2401C14500,518.0,0.0,0.0,0.0,1,446.0,600.0,1,420.0,470.0,557.0,470.0,10.0,52790.0,97
2023-05-10 21:51:08,ru2401C14500,ru2401C14500,518.0,0.0,0.0,0.0,1,446.0,599.0,1,420.0,470.0,557.0,470.0,10.0,52790.0,97
2023-05-10 21:55:53,ru2401C14500,ru2401C14500,518.0,0.0,0.0,0.0,1,446.0,599.0,1,420.0,470.0,557.0,470.0,10.0,52790.0,97
2023-05-10 21:55:53,ru2401C14500,ru2401C14500,518.0,0.0,0.0,0.0,1,511.0,524.0,1,420.0,470.0,557.0,470.0,10.0,52790.0,97
2023-05-10 21:55:54,ru2401C14500,ru2401C14500,511.0,1.0,5110.0,1.0,1,504.0,524.0,2,420.0,470.0,557.0,470.0,11.0,57900.0,98
2023-05-10 21:55:54,ru2401C14500,ru2401C14500,504.0,1.0,5040.0,1.0,2,478.0,504.0,1,420.0,470.0,557.0,470.0,12.0,62940.0,99
2023-05-10 21:55:55,ru2401C14500,ru2401C14500,504.0,0.0,0.0,0.0,1,478.0,504.0,4,420.0,470.0,557.0,470.0,12.0,62940.0,99
2023-05-10 21:55:55,ru2401C14500,ru2401C14500,504.0,0.0,0.0,0.0,2,478.0,504.0,3,420.0,470.0,557.0,470.0,12.0,62940.0,99
2023-05-10 21:55:56,ru2401C14500,ru2401C14500,504.0,0.0,0.0,0.0,1,478.0,504.0,4,420.0,470.0,557.0,470.0,12.0,62940.0,99
2023-05-10 21:55:56,ru2401C14500,ru2401C14500,504.0,0.0,0.0,0.0,2,478.0,504.0,3,420.0,470.0,557.0,470.0,12.0,62940.0,99
2023-05-10 21:55:57,ru2401C14500,ru2401C14500,504.0,0.0,0.0,0.0,2,478.0,481.0,1,420.0,470.0,557.0,470.0,12.0,62940.0,99
2023-05-10 21:55:57,ru2401C14500,ru2401C14500,504.0,0.0,0.0,0.0,4,478.0,481.0,2,420.0,470.0,557.0,470.0,12.0,62940.0,99
2023-05-10 21:55:58,ru2401C14500,ru2401C14500,504.0,0.0,0.0,0.0,3,478.0,481.0,2,420.0,470.0,557.0,470.0,12.0,62940.0,99
2023-05-10 21:55:59,ru2401C14500,ru2401C14500,504.0,0.0,0.0,0.0,4,478.0,481.0,2,420.0,470.0,557.0,470.0,12.0,62940.0,99
2023-05-10 21:55:59,ru2401C14500,ru2401C14500,504.0,0.0,0.0,0.0,3,478.0,481.0,2,420.0,470.0,557.0,470.0,12.0,62940.0,99
2023-05-10 21:56:00,ru2401C14500,ru2401C14500,504.0,0.0,0.0,0.0,4,478.0,481.0,2,420.0,470.0,557.0,470.0,12.0,62940.0,99
2023-05-10 21:56:00,ru2401C14500,ru2401C14500,504.0,0.0,0.0,0.0,3,478.0,481.0,2,420.0,470.0,557.0,470.0,12.0,62940.0,99
2023-05-10 21:56:01,ru2401C14500,ru2401C14500,504.0,0.0,0.0,0.0,4,478.0,481.0,2,420.0,470.0,557.0,470.0,12.0,62940.0,99
2023-05-10 21:56:01,ru2401C14500,ru2401C14500,504.0,0.0,0.0,0.0,3,478.0,481.0,2,420.0,470.0,557.0,470.0,12.0,62940.0,99
2023-05-10 21:56:02,ru2401C14500,ru2401C14500,504.0,0.0,0.0,0.0,4,478.0,481.0,2,420.0,470.0,557.0,470.0,12.0,62940.0,99
2023-05-10 21:56:02,ru2401C14500,ru2401C14500,504.0,0.0,0.0,0.0,3,478.0,481.0,2,420.0,470.0,557.0,470.0,12.0,62940.0,99
2023-05-10 21:56:03,ru2401C14500,ru2401C14500,504.0,0.0,0.0,0.0,4,478.0,481.0,2,420.0,470.0,557.0,470.0,12.0,62940.0,99
2023-05-10 21:56:05,ru2401C14500,ru2401C14500,504.0,0.0,0.0,0.0,4,478.0,481.0,2,420.0,470.0,557.0,470.0,12.0,62940.0,99
2023-05-10 21:56:07,ru2401C14500,ru2401C14500,481.0,1.0,4810.0,1.0,4,478.0,481.0,1,420.0,470.0,557.0,470.0,13.0,67750.0,100
2023-05-10 21:56:08,ru2401C14500,ru2401C14500,481.0,0.0,0.0,0.0,4,478.0,481.0,1,420.0,470.0,557.0,470.0,13.0,67750.0,100
2023-05-10 21:56:09,ru2401C14500,ru2401C14500,481.0,0.0,0.0,0.0,3,478.0,496.0,4,420.0,470.0,557.0,470.0,13.0,67750.0,100
2023-05-10 21:56:10,ru2401C14500,ru2401C14500,481.0,0.0,0.0,0.0,5,478.0,496.0,2,420.0,470.0,557.0,470.0,13.0,67750.0,100
2023-05-10 21:56:10,ru2401C14500,ru2401C14500,481.0,0.0,0.0,0.0,3,478.0,497.0,4,420.0,470.0,557.0,470.0,13.0,67750.0,100
2023-05-10 21:56:11,ru2401C14500,ru2401C14500,481.0,0.0,0.0,0.0,3,478.0,497.0,4,420.0,470.0,557.0,470.0,13.0,67750.0,100
2023-05-10 21:56:12,ru2401C14500,ru2401C14500,481.0,0.0,0.0,0.0,2,478.0,497.0,4,420.0,470.0,557.0,470.0,13.0,67750.0,100
2023-05-10 21:56:12,ru2401C14500,ru2401C14500,481.0,0.0,0.0,0.0,2,475.0,497.0,4,420.0,470.0,557.0,470.0,13.0,67750.0,100
2023-05-10 21:56:13,ru2401C14500,ru2401C14500,481.0,0.0,0.0,0.0,2,475.0,497.0,2,420.0,470.0,557.0,470.0,13.0,67750.0,100
2023-05-10 21:56:13,ru2401C14500,ru2401C14500,481.0,0.0,0.0,0.0,1,446.0,504.0,1,420.0,470.0,557.0,470.0,13.0,67750.0,100
2023-05-10 21:56:18,ru2401C14500,ru2401C14500,481.0,0.0,0.0,0.0,3,446.0,504.0,3,420.0,470.0,557.0,470.0,13.0,67750.0,100
2023-05-10 21:56:19,ru2401C14500,ru2401C14500,481.0,0.0,0.0,0.0,5,446.0,504.0,5,420.0,470.0,557.0,470.0,13.0,67750.0,100
2023-05-10 21:57:49,ru2401C14500,ru2401C14500,481.0,0.0,0.0,0.0,3,446.0,504.0,3,420.0,470.0,557.0,470.0,13.0,67750.0,100
2023-05-10 21:57:49,ru2401C14500,ru2401C14500,481.0,0.0,0.0,0.0,1,446.0,504.0,1,420.0,470.0,557.0,470.0,13.0,67750.0,100
2023-05-10 21:57:51,ru2401C14500,ru2401C14500,481.0,0.0,0.0,0.0,1,446.0,503.0,1,420.0,470.0,557.0,470.0,13.0,67750.0,100
2023-05-10 21:57:54,ru2401C14500,ru2401C14500,481.0,0.0,0.0,0.0,3,446.0,503.0,3,420.0,470.0,557.0,470.0,13.0,67750.0,100
2023-05-10 21:57:54,ru2401C14500,ru2401C14500,481.0,0.0,0.0,0.0,5,446.0,503.0,5,420.0,470.0,557.0,470.0,13.0,67750.0,100
2023-05-10 21:58:01,ru2401C14500,ru2401C14500,481.0,0.0,0.0,0.0,5,446.0,502.0,1,420.0,470.0,557.0,470.0,13.0,67750.0,100
2023-05-10 22:02:50,ru2401C14500,ru2401C14500,481.0,0.0,0.0,0.0,5,446.0,503.0,4,420.0,470.0,557.0,470.0,13.0,67750.0,100
2023-05-10 22:03:04,ru2401C14500,ru2401C14500,481.0,0.0,0.0,0.0,1,447.0,503.0,4,420.0,470.0,557.0,470.0,13.0,67750.0,100
2023-05-10 22:03:12,ru2401C14500,ru2401C14500,481.0,0.0,0.0,0.0,5,446.0,503.0,4,420.0,470.0,557.0,470.0,13.0,67750.0,100
2023-05-10 22:03:31,ru2401C14500,ru2401C14500,481.0,0.0,0.0,0.0,5,446.0,503.0,4,420.0,470.0,557.0,470.0,13.0,67750.0,100
2023-05-10 22:03:54,ru2401C14500,ru2401C14500,481.0,0.0,0.0,0.0,3,446.0,503.0,2,420.0,470.0,557.0,470.0,13.0,67750.0,100
2023-05-10 22:03:54,ru2401C14500,ru2401C14500,481.0,0.0,0.0,0.0,1,446.0,504.0,1,420.0,470.0,557.0,470.0,13.0,67750.0,100
2023-05-10 22:03:59,ru2401C14500,ru2401C14500,481.0,0.0,0.0,0.0,3,446.0,504.0,3,420.0,470.0,557.0,470.0,13.0,67750.0,100
2023-05-10 22:03:59,ru2401C14500,ru2401C14500,481.0,0.0,0.0,0.0,5,446.0,504.0,5,420.0,470.0,557.0,470.0,13.0,67750.0,100
2023-05-10 22:04:34,ru2401C14500,ru2401C14500,481.0,0.0,0.0,0.0,3,446.0,504.0,3,420.0,470.0,557.0,470.0,13.0,67750.0,100
2023-05-10 22:04:34,ru2401C14500,ru2401C14500,481.0,0.0,0.0,0.0,1,446.0,504.0,1,420.0,470.0,557.0,470.0,13.0,67750.0,100
2023-05-10 22:04:39,ru2401C14500,ru2401C14500,481.0,0.0,0.0,0.0,3,446.0,504.0,3,420.0,470.0,557.0,470.0,13.0,67750.0,100
2023-05-10 22:04:40,ru2401C14500,ru2401C14500,481.0,0.0,0.0,0.0,5,446.0,504.0,5,420.0,470.0,557.0,470.0,13.0,67750.0,100
2023-05-10 22:04:43,ru2401C14500,ru2401C14500,481.0,0.0,0.0,0.0,5,446.0,481.0,1,420.0,470.0,557.0,470.0,13.0,67750.0,100
2023-05-10 22:04:43,ru2401C14500,ru2401C14500,481.0,0.0,0.0,0.0,5,446.0,481.0,1,420.0,470.0,557.0,470.0,13.0,67750.0,100
2023-05-10 22:04:44,ru2401C14500,ru2401C14500,481.0,0.0,0.0,0.0,5,446.0,499.0,2,420.0,470.0,557.0,470.0,13.0,67750.0,100
2023-05-10 22:04:45,ru2401C14500,ru2401C14500,481.0,0.0,0.0,0.0,5,446.0,504.0,3,420.0,470.0,557.0,470.0,13.0,67750.0,100
2023-05-10 22:04:45,ru2401C14500,ru2401C14500,481.0,0.0,0.0,0.0,3,446.0,504.0,3,420.0,470.0,557.0,470.0,13.0,67750.0,100
2023-05-10 22:04:46,ru2401C14500,ru2401C14500,481.0,0.0,0.0,0.0,5,446.0,504.0,5,420.0,470.0,557.0,470.0,13.0,67750.0,100
2023-05-10 22:05:03,ru2401C14500,ru2401C14500,481.0,0.0,0.0,0.0,1,448.0,504.0,5,420.0,470.0,557.0,470.0,13.0,67750.0,100
2023-05-10 22:05:03,ru2401C14500,ru2401C14500,481.0,0.0,0.0,0.0,3,448.0,504.0,5,420.0,470.0,557.0,470.0,13.0,67750.0,100
2023-05-10 22:05:12,ru2401C14500,ru2401C14500,481.0,0.0,0.0,0.0,2,448.0,504.0,5,420.0,470.0,557.0,470.0,13.0,67750.0,100
2023-05-10 22:05:12,ru2401C14500,ru2401C14500,481.0,0.0,0.0,0.0,3,446.0,504.0,5,420.0,470.0,557.0,470.0,13.0,67750.0,100
2023-05-10 22:05:13,ru2401C14500,ru2401C14500,481.0,0.0,0.0,0.0,3,446.0,504.0,3,420.0,470.0,557.0,470.0,13.0,67750.0,100
2023-05-10 22:05:13,ru2401C14500,ru2401C14500,481.0,0.0,0.0,0.0,5,446.0,504.0,5,420.0,470.0,557.0,470.0,13.0,67750.0,100
2023-05-10 22:06:20,ru2401C14500,ru2401C14500,481.0,0.0,0.0,0.0,1,447.0,504.0,5,420.0,470.0,557.0,470.0,13.0,67750.0,100
2023-05-10 22:07:08,ru2401C14500,ru2401C14500,481.0,0.0,0.0,0.0,3,447.0,504.0,3,420.0,470.0,557.0,470.0,13.0,67750.0,100
2023-05-10 22:07:29,ru2401C14500,ru2401C14500,481.0,0.0,0.0,0.0,3,447.0,504.0,3,420.0,470.0,557.0,470.0,13.0,67750.0,100
2023-05-10 22:07:49,ru2401C14500,ru2401C14500,481.0,0.0,0.0,0.0,1,447.0,504.0,3,420.0,470.0,557.0,470.0,13.0,67750.0,100
2023-05-10 22:07:50,ru2401C14500,ru2401C14500,481.0,0.0,0.0,0.0,1,447.0,504.0,1,420.0,470.0,557.0,470.0,13.0,67750.0,100
2023-05-10 22:07:54,ru2401C14500,ru2401C14500,481.0,0.0,0.0,0.0,3,447.0,504.0,1,420.0,470.0,557.0,470.0,13.0,67750.0,100
2023-05-10 22:07:55,ru2401C14500,ru2401C14500,481.0,0.0,0.0,0.0,5,447.0,504.0,1,420.0,470.0,557.0,470.0,13.0,67750.0,100
2023-05-10 22:08:05,ru2401C14500,ru2401C14500,481.0,0.0,0.0,0.0,3,447.0,504.0,1,420.0,470.0,557.0,470.0,13.0,67750.0,100
2023-05-10 22:08:06,ru2401C14500,ru2401C14500,481.0,0.0,0.0,0.0,1,447.0,504.0,1,420.0,470.0,557.0,470.0,13.0,67750.0,100
2023-05-10 22:08:09,ru2401C14500,ru2401C14500,481.0,0.0,0.0,0.0,3,447.0,504.0,1,420.0,470.0,557.0,470.0,13.0,67750.0,100
2023-05-10 22:08:09,ru2401C14500,ru2401C14500,481.0,0.0,0.0,0.0,5,447.0,504.0,1,420.0,470.0,557.0,470.0,13.0,67750.0,100
2023-05-10 22:08:12,ru2401C14500,ru2401C14500,481.0,0.0,0.0,0.0,3,447.0,504.0,1,420.0,470.0,557.0,470.0,13.0,67750.0,100
2023-05-10 22:08:13,ru2401C14500,ru2401C14500,481.0,0.0,0.0,0.0,1,447.0,504.0,1,420.0,470.0,557.0,470.0,13.0,67750.0,100
2023-05-10 22:08:14,ru2401C14500,ru2401C14500,481.0,0.0,0.0,0.0,3,447.0,504.0,1,420.0,470.0,557.0,470.0,13.0,67750.0,100
2023-05-10 22:08:15,ru2401C14500,ru2401C14500,481.0,0.0,0.0,0.0,5,447.0,504.0,1,420.0,470.0,557.0,470.0,13.0,67750.0,100
2023-05-10 22:08:18,ru2401C14500,ru2401C14500,481.0,0.0,0.0,0.0,3,447.0,504.0,1,420.0,470.0,557.0,470.0,13.0,67750.0,100
2023-05-10 22:08:19,ru2401C14500,ru2401C14500,481.0,0.0,0.0,0.0,1,447.0,504.0,1,420.0,470.0,557.0,470.0,13.0,67750.0,100
2023-05-10 22:08:23,ru2401C14500,ru2401C14500,481.0,0.0,0.0,0.0,3,447.0,504.0,1,420.0,470.0,557.0,470.0,13.0,67750.0,100
2023-05-10 22:08:25,ru2401C14500,ru2401C14500,481.0,0.0,0.0,0.0,5,447.0,504.0,1,420.0,470.0,557.0,470.0,13.0,67750.0,100
2023-05-10 22:08:29,ru2401C14500,ru2401C14500,481.0,0.0,0.0,0.0,5,447.0,504.0,1,420.0,470.0,557.0,470.0,13.0,67750.0,100
2023-05-10 22:08:30,ru2401C14500,ru2401C14500,481.0,0.0,0.0,0.0,5,447.0,504.0,1,420.0,470.0,557.0,470.0,13.0,67750.0,100
2023-05-10 22:08:41,ru2401C14500,ru2401C14500,481.0,0.0,0.0,0.0,5,447.0,504.0,1,420.0,470.0,557.0,470.0,13.0,67750.0,100
2023-05-10 22:09:09,ru2401C14500,ru2401C14500,481.0,0.0,0.0,0.0,5,447.0,504.0,1,420.0,470.0,557.0,470.0,13.0,67750.0,100
2023-05-10 22:09:29,ru2401C14500,ru2401C14500,481.0,0.0,0.0,0.0,5,447.0,504.0,1,420.0,470.0,557.0,470.0,13.0,67750.0,100
2023-05-10 22:09:39,ru2401C14500,ru2401C14500,481.0,0.0,0.0,0.0,3,447.0,504.0,1,420.0,470.0,557.0,470.0,13.0,67750.0,100
2023-05-10 22:09:40,ru2401C14500,ru2401C14500,481.0,0.0,0.0,0.0,1,447.0,504.0,1,420.0,470.0,557.0,470.0,13.0,67750.0,100
2023-05-10 22:09:45,ru2401C14500,ru2401C14500,481.0,0.0,0.0,0.0,3,447.0,504.0,1,420.0,470.0,557.0,470.0,13.0,67750.0,100
2023-05-10 22:09:46,ru2401C14500,ru2401C14500,481.0,0.0,0.0,0.0,5,447.0,504.0,1,420.0,470.0,557.0,470.0,13.0,67750.0,100
2023-05-10 22:09:54,ru2401C14500,ru2401C14500,481.0,0.0,0.0,0.0,3,447.0,504.0,1,420.0,470.0,557.0,470.0,13.0,67750.0,100
2023-05-10 22:09:55,ru2401C14500,ru2401C14500,481.0,0.0,0.0,0.0,1,447.0,504.0,1,420.0,470.0,557.0,470.0,13.0,67750.0,100
2023-05-10 22:12:16,ru2401C14500,ru2401C14500,481.0,0.0,0.0,0.0,3,447.0,504.0,1,420.0,470.0,557.0,470.0,13.0,67750.0,100
2023-05-10 22:12:16,ru2401C14500,ru2401C14500,481.0,0.0,0.0,0.0,5,447.0,504.0,1,420.0,470.0,557.0,470.0,13.0,67750.0,100
2023-05-10 22:12:29,ru2401C14500,ru2401C14500,481.0,0.0,0.0,0.0,5,447.0,504.0,1,420.0,470.0,557.0,470.0,13.0,67750.0,100
2023-05-10 22:12:34,ru2401C14500,ru2401C14500,481.0,0.0,0.0,0.0,5,447.0,504.0,1,420.0,470.0,557.0,470.0,13.0,67750.0,100
2023-05-10 22:12:40,ru2401C14500,ru2401C14500,481.0,0.0,0.0,0.0,1,450.0,504.0,1,420.0,470.0,557.0,470.0,13.0,67750.0,100
2023-05-10 22:12:40,ru2401C14500,ru2401C14500,481.0,0.0,0.0,0.0,3,450.0,504.0,1,420.0,470.0,557.0,470.0,13.0,67750.0,100
2023-05-10 22:12:41,ru2401C14500,ru2401C14500,481.0,0.0,0.0,0.0,1,451.0,504.0,1,420.0,470.0,557.0,470.0,13.0,67750.0,100
2023-05-10 22:12:45,ru2401C14500,ru2401C14500,481.0,0.0,0.0,0.0,3,451.0,504.0,1,420.0,470.0,557.0,470.0,13.0,67750.0,100
2023-05-10 22:12:45,ru2401C14500,ru2401C14500,481.0,0.0,0.0,0.0,5,451.0,504.0,1,420.0,470.0,557.0,470.0,13.0,67750.0,100
2023-05-10 22:13:00,ru2401C14500,ru2401C14500,481.0,0.0,0.0,0.0,5,451.0,504.0,3,420.0,470.0,557.0,470.0,13.0,67750.0,100
2023-05-10 22:13:00,ru2401C14500,ru2401C14500,481.0,0.0,0.0,0.0,5,451.0,504.0,3,420.0,470.0,557.0,470.0,13.0,67750.0,100
2023-05-10 22:13:04,ru2401C14500,ru2401C14500,481.0,0.0,0.0,0.0,5,451.0,504.0,3,420.0,470.0,557.0,470.0,13.0,67750.0,100
2023-05-10 22:13:04,ru2401C14500,ru2401C14500,481.0,0.0,0.0,0.0,1,460.0,504.0,3,420.0,470.0,557.0,470.0,13.0,67750.0,100
2023-05-10 22:13:05,ru2401C14500,ru2401C14500,481.0,0.0,0.0,0.0,3,460.0,504.0,3,420.0,470.0,557.0,470.0,13.0,67750.0,100
2023-05-10 22:13:05,ru2401C14500,ru2401C14500,481.0,0.0,0.0,0.0,1,461.0,504.0,3,420.0,470.0,557.0,470.0,13.0,67750.0,100
2023-05-10 22:13:15,ru2401C14500,ru2401C14500,481.0,0.0,0.0,0.0,1,470.0,504.0,3,420.0,470.0,557.0,470.0,13.0,67750.0,100
2023-05-10 22:13:16,ru2401C14500,ru2401C14500,481.0,0.0,0.0,0.0,3,470.0,504.0,5,420.0,470.0,557.0,470.0,13.0,67750.0,100
2023-05-10 22:13:16,ru2401C14500,ru2401C14500,481.0,0.0,0.0,0.0,5,470.0,504.0,5,420.0,470.0,557.0,470.0,13.0,67750.0,100
2023-05-10 22:14:30,ru2401C14500,ru2401C14500,481.0,0.0,0.0,0.0,3,470.0,504.0,3,420.0,470.0,557.0,470.0,13.0,67750.0,100
2023-05-10 22:14:30,ru2401C14500,ru2401C14500,481.0,0.0,0.0,0.0,1,470.0,504.0,1,420.0,470.0,557.0,470.0,13.0,67750.0,100
2023-05-10 22:14:35,ru2401C14500,ru2401C14500,481.0,0.0,0.0,0.0,3,470.0,504.0,3,420.0,470.0,557.0,470.0,13.0,67750.0,100
2023-05-10 22:14:35,ru2401C14500,ru2401C14500,481.0,0.0,0.0,0.0,5,470.0,504.0,5,420.0,470.0,557.0,470.0,13.0,67750.0,100
2023-05-10 22:14:50,ru2401C14500,ru2401C14500,481.0,0.0,0.0,0.0,5,470.0,504.0,3,420.0,470.0,557.0,470.0,13.0,67750.0,100
2023-05-10 22:15:33,ru2401C14500,ru2401C14500,481.0,0.0,0.0,0.0,3,470.0,504.0,3,420.0,470.0,557.0,470.0,13.0,67750.0,100
2023-05-10 22:15:33,ru2401C14500,ru2401C14500,481.0,0.0,0.0,0.0,1,470.0,504.0,1,420.0,470.0,557.0,470.0,13.0,67750.0,100
2023-05-10 22:15:35,ru2401C14500,ru2401C14500,481.0,0.0,0.0,0.0,3,470.0,504.0,3,420.0,470.0,557.0,470.0,13.0,67750.0,100
2023-05-10 22:15:36,ru2401C14500,ru2401C14500,481.0,0.0,0.0,0.0,5,470.0,504.0,5,420.0,470.0,557.0,470.0,13.0,67750.0,100
2023-05-10 22:17:12,ru2401C14500,ru2401C14500,481.0,0.0,0.0,0.0,4,470.0,504.0,5,420.0,470.0,557.0,470.0,13.0,67750.0,100
2023-05-10 22:18:58,ru2401C14500,ru2401C14500,481.0,0.0,0.0,0.0,4,470.0,504.0,3,420.0,470.0,557.0,470.0,13.0,67750.0,100
2023-05-10 22:19:50,ru2401C14500,ru2401C14500,481.0,0.0,0.0,0.0,4,470.0,504.0,1,420.0,470.0,557.0,470.0,13.0,67750.0,100
2023-05-10 22:21:00,ru2401C14500,ru2401C14500,481.0,0.0,0.0,0.0,2,470.0,504.0,1,420.0,470.0,557.0,470.0,13.0,67750.0,100
2023-05-10 22:21:01,ru2401C14500,ru2401C14500,481.0,0.0,0.0,0.0,1,446.0,504.0,1,420.0,470.0,557.0,470.0,13.0,67750.0,100
2023-05-10 22:21:01,ru2401C14500,ru2401C14500,481.0,0.0,0.0,0.0,1,447.0,504.0,1,420.0,470.0,557.0,470.0,13.0,67750.0,100
2023-05-10 22:21:05,ru2401C14500,ru2401C14500,481.0,0.0,0.0,0.0,3,447.0,504.0,3,420.0,470.0,557.0,470.0,13.0,67750.0,100
2023-05-10 22:21:05,ru2401C14500,ru2401C14500,481.0,0.0,0.0,0.0,5,447.0,504.0,5,420.0,470.0,557.0,470.0,13.0,67750.0,100
2023-05-10 22:22:59,ru2401C14500,ru2401C14500,481.0,0.0,0.0,0.0,5,447.0,504.0,3,420.0,470.0,557.0,470.0,13.0,67750.0,100
2023-05-10 22:24:01,ru2401C14500,ru2401C14500,481.0,0.0,0.0,0.0,5,447.0,499.0,1,420.0,470.0,557.0,470.0,13.0,67750.0,100
2023-05-10 22:24:02,ru2401C14500,ru2401C14500,481.0,0.0,0.0,0.0,5,447.0,499.0,1,420.0,470.0,557.0,470.0,13.0,67750.0,100
2023-05-10 22:24:02,ru2401C14500,ru2401C14500,481.0,0.0,0.0,0.0,5,447.0,499.0,1,420.0,470.0,557.0,470.0,13.0,67750.0,100
2023-05-10 22:24:55,ru2401C14500,ru2401C14500,481.0,0.0,0.0,0.0,4,447.0,499.0,1,420.0,470.0,557.0,470.0,13.0,67750.0,100
2023-05-10 22:29:40,ru2401C14500,ru2401C14500,481.0,0.0,0.0,0.0,2,447.0,499.0,1,420.0,470.0,557.0,470.0,13.0,67750.0,100
2023-05-10 22:29:40,ru2401C14500,ru2401C14500,481.0,0.0,0.0,0.0,1,446.0,499.0,3,420.0,470.0,557.0,470.0,13.0,67750.0,100
2023-05-10 22:29:41,ru2401C14500,ru2401C14500,481.0,0.0,0.0,0.0,3,446.0,499.0,3,420.0,470.0,557.0,470.0,13.0,67750.0,100
2023-05-10 22:30:52,ru2401C14500,ru2401C14500,481.0,0.0,0.0,0.0,5,446.0,499.0,5,420.0,470.0,557.0,470.0,13.0,67750.0,100
2023-05-10 22:30:53,ru2401C14500,ru2401C14500,481.0,0.0,0.0,0.0,1,447.0,499.0,5,420.0,470.0,557.0,470.0,13.0,67750.0,100
2023-05-10 22:32:26,ru2401C14500,ru2401C14500,481.0,0.0,0.0,0.0,1,447.0,499.0,3,420.0,470.0,557.0,470.0,13.0,67750.0,100
2023-05-10 22:32:26,ru2401C14500,ru2401C14500,481.0,0.0,0.0,0.0,1,447.0,499.0,1,420.0,470.0,557.0,470.0,13.0,67750.0,100
2023-05-10 22:32:31,ru2401C14500,ru2401C14500,481.0,0.0,0.0,0.0,3,447.0,499.0,3,420.0,470.0,557.0,470.0,13.0,67750.0,100
2023-05-10 22:32:31,ru2401C14500,ru2401C14500,481.0,0.0,0.0,0.0,5,447.0,499.0,5,420.0,470.0,557.0,470.0,13.0,67750.0,100
2023-05-10 22:33:17,ru2401C14500,ru2401C14500,481.0,0.0,0.0,0.0,5,447.0,499.0,3,420.0,470.0,557.0,470.0,13.0,67750.0,100
2023-05-10 22:33:21,ru2401C14500,ru2401C14500,481.0,0.0,0.0,0.0,5,447.0,499.0,5,420.0,470.0,557.0,470.0,13.0,67750.0,100
2023-05-10 22:33:56,ru2401C14500,ru2401C14500,481.0,0.0,0.0,0.0,3,447.0,499.0,3,420.0,470.0,557.0,470.0,13.0,67750.0,100
2023-05-10 22:33:56,ru2401C14500,ru2401C14500,481.0,0.0,0.0,0.0,1,447.0,499.0,1,420.0,470.0,557.0,470.0,13.0,67750.0,100
2023-05-10 22:34:01,ru2401C14500,ru2401C14500,481.0,0.0,0.0,0.0,3,447.0,499.0,3,420.0,470.0,557.0,470.0,13.0,67750.0,100
2023-05-10 22:34:01,ru2401C14500,ru2401C14500,481.0,0.0,0.0,0.0,5,447.0,499.0,5,420.0,470.0,557.0,470.0,13.0,67750.0,100
2023-05-10 22:35:51,ru2401C14500,ru2401C14500,481.0,0.0,0.0,0.0,3,447.0,499.0,3,420.0,470.0,557.0,470.0,13.0,67750.0,100
2023-05-10 22:35:51,ru2401C14500,ru2401C14500,481.0,0.0,0.0,0.0,1,447.0,499.0,1,420.0,470.0,557.0,470.0,13.0,67750.0,100
2023-05-10 22:35:56,ru2401C14500,ru2401C14500,481.0,0.0,0.0,0.0,3,447.0,499.0,3,420.0,470.0,557.0,470.0,13.0,67750.0,100
2023-05-10 22:35:56,ru2401C14500,ru2401C14500,481.0,0.0,0.0,0.0,5,447.0,499.0,5,420.0,470.0,557.0,470.0,13.0,67750.0,100
2023-05-10 22:36:21,ru2401C14500,ru2401C14500,481.0,0.0,0.0,0.0,3,447.0,499.0,3,420.0,470.0,557.0,470.0,13.0,67750.0,100
2023-05-10 22:36:21,ru2401C14500,ru2401C14500,481.0,0.0,0.0,0.0,1,447.0,499.0,1,420.0,470.0,557.0,470.0,13.0,67750.0,100
2023-05-10 22:36:26,ru2401C14500,ru2401C14500,481.0,0.0,0.0,0.0,3,447.0,499.0,3,420.0,470.0,557.0,470.0,13.0,67750.0,100
2023-05-10 22:36:26,ru2401C14500,ru2401C14500,481.0,0.0,0.0,0.0,5,447.0,499.0,5,420.0,470.0,557.0,470.0,13.0,67750.0,100
2023-05-10 22:36:56,ru2401C14500,ru2401C14500,481.0,0.0,0.0,0.0,3,447.0,499.0,3,420.0,470.0,557.0,470.0,13.0,67750.0,100
2023-05-10 22:36:56,ru2401C14500,ru2401C14500,481.0,0.0,0.0,0.0,1,447.0,499.0,1,420.0,470.0,557.0,470.0,13.0,67750.0,100
2023-05-10 22:37:01,ru2401C14500,ru2401C14500,481.0,0.0,0.0,0.0,3,447.0,499.0,3,420.0,470.0,557.0,470.0,13.0,67750.0,100
2023-05-10 22:37:01,ru2401C14500,ru2401C14500,481.0,0.0,0.0,0.0,5,447.0,499.0,5,420.0,470.0,557.0,470.0,13.0,67750.0,100
2023-05-10 22:47:12,ru2401C14500,ru2401C14500,481.0,0.0,0.0,0.0,5,447.0,499.0,3,420.0,470.0,557.0,470.0,13.0,67750.0,100
2023-05-10 22:47:13,ru2401C14500,ru2401C14500,481.0,0.0,0.0,0.0,5,447.0,499.0,1,420.0,470.0,557.0,470.0,13.0,67750.0,100
2023-05-10 22:47:16,ru2401C14500,ru2401C14500,481.0,0.0,0.0,0.0,5,447.0,499.0,3,420.0,470.0,557.0,470.0,13.0,67750.0,100
2023-05-10 22:47:19,ru2401C14500,ru2401C14500,481.0,0.0,0.0,0.0,5,447.0,499.0,1,420.0,470.0,557.0,470.0,13.0,67750.0,100
2023-05-10 22:47:20,ru2401C14500,ru2401C14500,481.0,0.0,0.0,0.0,5,447.0,499.0,3,420.0,470.0,557.0,470.0,13.0,67750.0,100
2023-05-10 22:48:27,ru2401C14500,ru2401C14500,481.0,0.0,0.0,0.0,5,447.0,499.0,1,420.0,470.0,557.0,470.0,13.0,67750.0,100
2023-05-10 22:48:42,ru2401C14500,ru2401C14500,481.0,0.0,0.0,0.0,5,447.0,499.0,1,420.0,470.0,557.0,470.0,13.0,67750.0,100
2023-05-10 22:48:57,ru2401C14500,ru2401C14500,481.0,0.0,0.0,0.0,3,447.0,499.0,1,420.0,470.0,557.0,470.0,13.0,67750.0,100
2023-05-10 22:48:58,ru2401C14500,ru2401C14500,481.0,0.0,0.0,0.0,1,447.0,499.0,1,420.0,470.0,557.0,470.0,13.0,67750.0,100
2023-05-10 22:49:02,ru2401C14500,ru2401C14500,481.0,0.0,0.0,0.0,3,447.0,499.0,3,420.0,470.0,557.0,470.0,13.0,67750.0,100
2023-05-10 22:49:02,ru2401C14500,ru2401C14500,481.0,0.0,0.0,0.0,5,447.0,499.0,5,420.0,470.0,557.0,470.0,13.0,67750.0,100
2023-05-10 22:49:07,ru2401C14500,ru2401C14500,481.0,0.0,0.0,0.0,5,447.0,499.0,3,420.0,470.0,557.0,470.0,13.0,67750.0,100
2023-05-10 22:50:01,ru2401C14500,ru2401C14500,481.0,0.0,0.0,0.0,5,447.0,499.0,1,420.0,470.0,557.0,470.0,13.0,67750.0,100
2023-05-10 22:51:36,ru2401C14500,ru2401C14500,481.0,0.0,0.0,0.0,5,447.0,499.0,1,420.0,470.0,557.0,470.0,13.0,67750.0,100
2023-05-10 22:51:37,ru2401C14500,ru2401C14500,481.0,0.0,0.0,0.0,5,447.0,499.0,1,420.0,470.0,557.0,470.0,13.0,67750.0,100
2023-05-10 22:53:25,ru2401C14500,ru2401C14500,481.0,0.0,0.0,0.0,5,447.0,500.0,4,420.0,470.0,557.0,470.0,13.0,67750.0,100
2023-05-10 22:54:01,ru2401C14500,ru2401C14500,481.0,0.0,0.0,0.0,5,447.0,499.0,1,420.0,470.0,557.0,470.0,13.0,67750.0,100
2023-05-10 22:55:14,ru2401C14500,ru2401C14500,481.0,0.0,0.0,0.0,5,447.0,499.0,1,420.0,470.0,557.0,470.0,13.0,67750.0,100
2023-05-10 22:56:52,ru2401C14500,ru2401C14500,481.0,0.0,0.0,0.0,4,447.0,499.0,1,420.0,470.0,557.0,470.0,13.0,67750.0,100
2023-05-10 22:58:01,ru2401C14500,ru2401C14500,481.0,0.0,0.0,0.0,2,447.0,499.0,1,420.0,470.0,557.0,470.0,13.0,67750.0,100
2023-05-10 22:58:01,ru2401C14500,ru2401C14500,481.0,0.0,0.0,0.0,1,446.0,499.0,3,420.0,470.0,557.0,470.0,13.0,67750.0,100
2023-05-10 22:58:02,ru2401C14500,ru2401C14500,481.0,0.0,0.0,0.0,3,446.0,499.0,3,420.0,470.0,557.0,470.0,13.0,67750.0,100
2023-05-10 22:58:05,ru2401C14500,ru2401C14500,481.0,0.0,0.0,0.0,3,446.0,499.0,3,420.0,470.0,557.0,470.0,13.0,67750.0,100
2023-05-10 22:58:53,ru2401C14500,ru2401C14500,481.0,0.0,0.0,0.0,3,446.0,499.0,1,420.0,470.0,557.0,470.0,13.0,67750.0,100
2023-05-10 22:59:00,ru2401C14500,ru2401C14500,481.0,0.0,0.0,0.0,1,446.0,499.0,1,420.0,470.0,557.0,470.0,13.0,67750.0,100
2023-05-11 09:00:07,ru2401C14500,ru2401C14500,481.0,0.0,0.0,0.0,1,446.0,499.0,1,420.0,470.0,557.0,470.0,13.0,67750.0,100
2023-05-11 09:03:19,ru2401C14500,ru2401C14500,481.0,0.0,0.0,0.0,1,446.0,504.0,1,420.0,470.0,557.0,470.0,13.0,67750.0,100
2023-05-11 09:03:36,ru2401C14500,ru2401C14500,481.0,0.0,0.0,0.0,1,446.0,503.0,1,420.0,470.0,557.0,470.0,13.0,67750.0,100
2023-05-11 09:05:05,ru2401C14500,ru2401C14500,481.0,0.0,0.0,0.0,3,446.0,503.0,1,420.0,470.0,557.0,470.0,13.0,67750.0,100
2023-05-11 09:05:09,ru2401C14500,ru2401C14500,481.0,0.0,0.0,0.0,1,446.0,503.0,1,420.0,470.0,557.0,470.0,13.0,67750.0,100
2023-05-11 09:07:00,ru2401C14500,ru2401C14500,503.0,1.0,5030.0,-1.0,1,446.0,504.0,1,420.0,470.0,557.0,470.0,14.0,72780.0,99
2023-05-11 09:07:01,ru2401C14500,ru2401C14500,503.0,0.0,0.0,0.0,1,447.0,504.0,1,420.0,470.0,557.0,470.0,14.0,72780.0,99
2023-05-11 09:07:11,ru2401C14500,ru2401C14500,503.0,0.0,0.0,0.0,1,448.0,504.0,1,420.0,470.0,557.0,470.0,14.0,72780.0,99
2023-05-11 09:07:12,ru2401C14500,ru2401C14500,503.0,0.0,0.0,0.0,1,448.0,504.0,1,420.0,470.0,557.0,470.0,14.0,72780.0,99
2023-05-11 09:07:12,ru2401C14500,ru2401C14500,503.0,0.0,0.0,0.0,1,449.0,504.0,1,420.0,470.0,557.0,470.0,14.0,72780.0,99
2023-05-11 09:07:19,ru2401C14500,ru2401C14500,503.0,0.0,0.0,0.0,1,450.0,504.0,1,420.0,470.0,557.0,470.0,14.0,72780.0,99
2023-05-11 09:07:20,ru2401C14500,ru2401C14500,503.0,0.0,0.0,0.0,1,450.0,504.0,1,420.0,470.0,557.0,470.0,14.0,72780.0,99
2023-05-11 09:07:20,ru2401C14500,ru2401C14500,503.0,0.0,0.0,0.0,1,451.0,504.0,1,420.0,470.0,557.0,470.0,14.0,72780.0,99
2023-05-11 09:07:25,ru2401C14500,ru2401C14500,503.0,0.0,0.0,0.0,1,452.0,504.0,1,420.0,470.0,557.0,470.0,14.0,72780.0,99
2023-05-11 09:07:25,ru2401C14500,ru2401C14500,503.0,0.0,0.0,0.0,3,452.0,504.0,1,420.0,470.0,557.0,470.0,14.0,72780.0,99
2023-05-11 09:07:26,ru2401C14500,ru2401C14500,503.0,0.0,0.0,0.0,1,453.0,504.0,1,420.0,470.0,557.0,470.0,14.0,72780.0,99
2023-05-11 09:07:28,ru2401C14500,ru2401C14500,503.0,0.0,0.0,0.0,1,453.0,504.0,1,420.0,470.0,557.0,470.0,14.0,72780.0,99
2023-05-11 09:07:28,ru2401C14500,ru2401C14500,503.0,0.0,0.0,0.0,3,453.0,504.0,1,420.0,470.0,557.0,470.0,14.0,72780.0,99
2023-05-11 09:07:31,ru2401C14500,ru2401C14500,503.0,0.0,0.0,0.0,1,454.0,504.0,1,420.0,470.0,557.0,470.0,14.0,72780.0,99
2023-05-11 09:07:31,ru2401C14500,ru2401C14500,503.0,0.0,0.0,0.0,1,454.0,504.0,1,420.0,470.0,557.0,470.0,14.0,72780.0,99
2023-05-11 09:07:32,ru2401C14500,ru2401C14500,503.0,0.0,0.0,0.0,1,455.0,504.0,1,420.0,470.0,557.0,470.0,14.0,72780.0,99
2023-05-11 09:07:32,ru2401C14500,ru2401C14500,503.0,0.0,0.0,0.0,3,455.0,504.0,1,420.0,470.0,557.0,470.0,14.0,72780.0,99
2023-05-11 09:07:37,ru2401C14500,ru2401C14500,503.0,0.0,0.0,0.0,1,456.0,504.0,1,420.0,470.0,557.0,470.0,14.0,72780.0,99
2023-05-11 09:07:37,ru2401C14500,ru2401C14500,503.0,0.0,0.0,0.0,1,456.0,504.0,1,420.0,470.0,557.0,470.0,14.0,72780.0,99
2023-05-11 09:07:38,ru2401C14500,ru2401C14500,503.0,0.0,0.0,0.0,1,457.0,504.0,1,420.0,470.0,557.0,470.0,14.0,72780.0,99
2023-05-11 09:07:38,ru2401C14500,ru2401C14500,503.0,0.0,0.0,0.0,3,457.0,504.0,1,420.0,470.0,557.0,470.0,14.0,72780.0,99
2023-05-11 09:07:42,ru2401C14500,ru2401C14500,503.0,0.0,0.0,0.0,1,458.0,504.0,1,420.0,470.0,557.0,470.0,14.0,72780.0,99
2023-05-11 09:07:42,ru2401C14500,ru2401C14500,503.0,0.0,0.0,0.0,1,458.0,504.0,1,420.0,470.0,557.0,470.0,14.0,72780.0,99
2023-05-11 09:07:43,ru2401C14500,ru2401C14500,503.0,0.0,0.0,0.0,1,459.0,504.0,1,420.0,470.0,557.0,470.0,14.0,72780.0,99
2023-05-11 09:07:43,ru2401C14500,ru2401C14500,503.0,0.0,0.0,0.0,3,459.0,504.0,1,420.0,470.0,557.0,470.0,14.0,72780.0,99
2023-05-11 09:07:47,ru2401C14500,ru2401C14500,503.0,0.0,0.0,0.0,1,460.0,504.0,1,420.0,470.0,557.0,470.0,14.0,72780.0,99
2023-05-11 09:07:48,ru2401C14500,ru2401C14500,503.0,0.0,0.0,0.0,1,460.0,504.0,1,420.0,470.0,557.0,470.0,14.0,72780.0,99
2023-05-11 09:07:48,ru2401C14500,ru2401C14500,503.0,0.0,0.0,0.0,1,461.0,504.0,1,420.0,470.0,557.0,470.0,14.0,72780.0,99
2023-05-11 09:07:49,ru2401C14500,ru2401C14500,503.0,0.0,0.0,0.0,3,461.0,504.0,1,420.0,470.0,557.0,470.0,14.0,72780.0,99
2023-05-11 09:07:51,ru2401C14500,ru2401C14500,503.0,0.0,0.0,0.0,1,461.0,504.0,1,420.0,470.0,557.0,470.0,14.0,72780.0,99
2023-05-11 09:07:51,ru2401C14500,ru2401C14500,503.0,0.0,0.0,0.0,1,461.0,504.0,1,420.0,470.0,557.0,470.0,14.0,72780.0,99
2023-05-11 09:07:52,ru2401C14500,ru2401C14500,503.0,0.0,0.0,0.0,1,461.0,504.0,1,420.0,470.0,557.0,470.0,14.0,72780.0,99
2023-05-11 09:07:54,ru2401C14500,ru2401C14500,503.0,0.0,0.0,0.0,1,466.0,504.0,1,420.0,470.0,557.0,470.0,14.0,72780.0,99
2023-05-11 09:07:54,ru2401C14500,ru2401C14500,503.0,0.0,0.0,0.0,1,466.0,504.0,1,420.0,470.0,557.0,470.0,14.0,72780.0,99
2023-05-11 09:07:55,ru2401C14500,ru2401C14500,503.0,0.0,0.0,0.0,1,467.0,504.0,1,420.0,470.0,557.0,470.0,14.0,72780.0,99
2023-05-11 09:07:55,ru2401C14500,ru2401C14500,503.0,0.0,0.0,0.0,3,467.0,504.0,1,420.0,470.0,557.0,470.0,14.0,72780.0,99
2023-05-11 09:08:00,ru2401C14500,ru2401C14500,503.0,0.0,0.0,0.0,3,467.0,504.0,1,420.0,470.0,557.0,470.0,14.0,72780.0,99
2023-05-11 09:08:00,ru2401C14500,ru2401C14500,503.0,0.0,0.0,0.0,1,467.0,504.0,1,420.0,470.0,557.0,470.0,14.0,72780.0,99
2023-05-11 09:08:05,ru2401C14500,ru2401C14500,503.0,0.0,0.0,0.0,3,467.0,504.0,1,420.0,470.0,557.0,470.0,14.0,72780.0,99
2023-05-11 09:08:10,ru2401C14500,ru2401C14500,503.0,0.0,0.0,0.0,1,469.0,504.0,1,420.0,470.0,557.0,470.0,14.0,72780.0,99
2023-05-11 09:08:11,ru2401C14500,ru2401C14500,503.0,0.0,0.0,0.0,1,469.0,504.0,1,420.0,470.0,557.0,470.0,14.0,72780.0,99
2023-05-11 09:08:11,ru2401C14500,ru2401C14500,503.0,0.0,0.0,0.0,1,470.0,504.0,1,420.0,470.0,557.0,470.0,14.0,72780.0,99
2023-05-11 09:08:16,ru2401C14500,ru2401C14500,503.0,0.0,0.0,0.0,3,470.0,504.0,1,420.0,470.0,557.0,470.0,14.0,72780.0,99
2023-05-11 09:08:18,ru2401C14500,ru2401C14500,503.0,0.0,0.0,0.0,1,472.0,504.0,1,420.0,470.0,557.0,470.0,14.0,72780.0,99
2023-05-11 09:08:19,ru2401C14500,ru2401C14500,503.0,0.0,0.0,0.0,3,472.0,504.0,1,420.0,470.0,557.0,470.0,14.0,72780.0,99
2023-05-11 09:08:19,ru2401C14500,ru2401C14500,503.0,0.0,0.0,0.0,1,473.0,504.0,1,420.0,470.0,557.0,470.0,14.0,72780.0,99
2023-05-11 09:08:21,ru2401C14500,ru2401C14500,503.0,0.0,0.0,0.0,1,473.0,504.0,1,420.0,470.0,557.0,470.0,14.0,72780.0,99
2023-05-11 09:08:28,ru2401C14500,ru2401C14500,503.0,0.0,0.0,0.0,1,475.0,504.0,1,420.0,470.0,557.0,470.0,14.0,72780.0,99
2023-05-11 09:08:29,ru2401C14500,ru2401C14500,503.0,0.0,0.0,0.0,3,475.0,504.0,1,420.0,470.0,557.0,470.0,14.0,72780.0,99
2023-05-11 09:08:29,ru2401C14500,ru2401C14500,503.0,0.0,0.0,0.0,1,476.0,504.0,1,420.0,470.0,557.0,470.0,14.0,72780.0,99
2023-05-11 09:08:37,ru2401C14500,ru2401C14500,503.0,0.0,0.0,0.0,3,476.0,504.0,1,420.0,470.0,557.0,470.0,14.0,72780.0,99
2023-05-11 09:08:39,ru2401C14500,ru2401C14500,503.0,0.0,0.0,0.0,3,476.0,504.0,1,420.0,470.0,557.0,470.0,14.0,72780.0,99
2023-05-11 09:08:43,ru2401C14500,ru2401C14500,503.0,0.0,0.0,0.0,1,477.0,504.0,1,420.0,470.0,557.0,470.0,14.0,72780.0,99
2023-05-11 09:08:44,ru2401C14500,ru2401C14500,503.0,0.0,0.0,0.0,1,477.0,504.0,1,420.0,470.0,557.0,470.0,14.0,72780.0,99
2023-05-11 09:08:44,ru2401C14500,ru2401C14500,503.0,0.0,0.0,0.0,1,478.0,504.0,1,420.0,470.0,557.0,470.0,14.0,72780.0,99
2023-05-11 09:08:45,ru2401C14500,ru2401C14500,503.0,0.0,0.0,0.0,3,478.0,504.0,1,420.0,470.0,557.0,470.0,14.0,72780.0,99
2023-05-11 09:08:50,ru2401C14500,ru2401C14500,503.0,0.0,0.0,0.0,1,478.0,504.0,1,420.0,470.0,557.0,470.0,14.0,72780.0,99
2023-05-11 09:08:55,ru2401C14500,ru2401C14500,503.0,0.0,0.0,0.0,3,478.0,504.0,1,420.0,470.0,557.0,470.0,14.0,72780.0,99
2023-05-11 09:09:00,ru2401C14500,ru2401C14500,503.0,0.0,0.0,0.0,3,478.0,504.0,1,420.0,470.0,557.0,470.0,14.0,72780.0,99
2023-05-11 09:09:01,ru2401C14500,ru2401C14500,503.0,0.0,0.0,0.0,3,478.0,504.0,1,420.0,470.0,557.0,470.0,14.0,72780.0,99
2023-05-11 09:09:03,ru2401C14500,ru2401C14500,503.0,0.0,0.0,0.0,3,478.0,504.0,1,420.0,470.0,557.0,470.0,14.0,72780.0,99
2023-05-11 09:09:05,ru2401C14500,ru2401C14500,503.0,0.0,0.0,0.0,2,478.0,504.0,1,420.0,470.0,557.0,470.0,14.0,72780.0,99
2023-05-11 09:09:05,ru2401C14500,ru2401C14500,503.0,0.0,0.0,0.0,3,477.0,504.0,1,420.0,470.0,557.0,470.0,14.0,72780.0,99
2023-05-11 09:09:06,ru2401C14500,ru2401C14500,503.0,0.0,0.0,0.0,4,477.0,504.0,1,420.0,470.0,557.0,470.0,14.0,72780.0,99
2023-05-11 09:09:23,ru2401C14500,ru2401C14500,503.0,0.0,0.0,0.0,4,477.0,504.0,1,420.0,470.0,557.0,470.0,14.0,72780.0,99
2023-05-11 09:09:27,ru2401C14500,ru2401C14500,503.0,0.0,0.0,0.0,3,477.0,504.0,1,420.0,470.0,557.0,470.0,14.0,72780.0,99
2023-05-11 09:09:31,ru2401C14500,ru2401C14500,503.0,0.0,0.0,0.0,1,477.0,504.0,1,420.0,470.0,557.0,470.0,14.0,72780.0,99
2023-05-11 09:09:36,ru2401C14500,ru2401C14500,503.0,0.0,0.0,0.0,3,477.0,504.0,1,420.0,470.0,557.0,470.0,14.0,72780.0,99
2023-05-11 09:09:36,ru2401C14500,ru2401C14500,503.0,0.0,0.0,0.0,3,477.0,504.0,1,420.0,470.0,557.0,470.0,14.0,72780.0,99
2023-05-11 09:09:37,ru2401C14500,ru2401C14500,503.0,0.0,0.0,0.0,3,477.0,504.0,1,420.0,470.0,557.0,470.0,14.0,72780.0,99
2023-05-11 09:09:41,ru2401C14500,ru2401C14500,503.0,0.0,0.0,0.0,2,477.0,504.0,1,420.0,470.0,557.0,470.0,14.0,72780.0,99
2023-05-11 09:09:42,ru2401C14500,ru2401C14500,503.0,0.0,0.0,0.0,1,446.0,504.0,1,420.0,470.0,557.0,470.0,14.0,72780.0,99
2023-05-11 09:09:42,ru2401C14500,ru2401C14500,503.0,0.0,0.0,0.0,3,447.0,504.0,1,420.0,470.0,557.0,470.0,14.0,72780.0,99
2023-05-11 09:10:53,ru2401C14500,ru2401C14500,503.0,0.0,0.0,0.0,1,447.0,504.0,1,420.0,470.0,557.0,470.0,14.0,72780.0,99
2023-05-11 09:13:19,ru2401C14500,ru2401C14500,503.0,0.0,0.0,0.0,2,448.0,504.0,1,420.0,470.0,557.0,470.0,14.0,72780.0,99
2023-05-11 09:13:19,ru2401C14500,ru2401C14500,503.0,0.0,0.0,0.0,2,448.0,504.0,1,420.0,470.0,557.0,470.0,14.0,72780.0,99
2023-05-11 09:13:20,ru2401C14500,ru2401C14500,503.0,0.0,0.0,0.0,1,449.0,504.0,1,420.0,470.0,557.0,470.0,14.0,72780.0,99
2023-05-11 09:13:20,ru2401C14500,ru2401C14500,503.0,0.0,0.0,0.0,1,449.0,504.0,1,420.0,470.0,557.0,470.0,14.0,72780.0,99
2023-05-11 09:13:22,ru2401C14500,ru2401C14500,503.0,0.0,0.0,0.0,1,449.0,504.0,1,420.0,470.0,557.0,470.0,14.0,72780.0,99
2023-05-11 09:13:25,ru2401C14500,ru2401C14500,503.0,0.0,0.0,0.0,2,450.0,504.0,1,420.0,470.0,557.0,470.0,14.0,72780.0,99
2023-05-11 09:13:25,ru2401C14500,ru2401C14500,503.0,0.0,0.0,0.0,2,450.0,504.0,1,420.0,470.0,557.0,470.0,14.0,72780.0,99
2023-05-11 09:13:26,ru2401C14500,ru2401C14500,503.0,0.0,0.0,0.0,1,451.0,504.0,1,420.0,470.0,557.0,470.0,14.0,72780.0,99
2023-05-11 09:13:26,ru2401C14500,ru2401C14500,503.0,0.0,0.0,0.0,1,451.0,504.0,1,420.0,470.0,557.0,470.0,14.0,72780.0,99
2023-05-11 09:13:30,ru2401C14500,ru2401C14500,503.0,0.0,0.0,0.0,2,452.0,504.0,1,420.0,470.0,557.0,470.0,14.0,72780.0,99
2023-05-11 09:13:31,ru2401C14500,ru2401C14500,503.0,0.0,0.0,0.0,1,446.0,504.0,1,420.0,470.0,557.0,470.0,14.0,72780.0,99
2023-05-11 09:13:31,ru2401C14500,ru2401C14500,503.0,0.0,0.0,0.0,3,447.0,504.0,1,420.0,470.0,557.0,470.0,14.0,72780.0,99
2023-05-11 09:14:08,ru2401C14500,ru2401C14500,503.0,0.0,0.0,0.0,2,447.0,504.0,1,420.0,470.0,557.0,470.0,14.0,72780.0,99
2023-05-11 09:14:38,ru2401C14500,ru2401C14500,503.0,0.0,0.0,0.0,1,446.0,504.0,1,420.0,470.0,557.0,470.0,14.0,72780.0,99
2023-05-11 09:14:39,ru2401C14500,ru2401C14500,503.0,0.0,0.0,0.0,2,447.0,504.0,1,420.0,470.0,557.0,470.0,14.0,72780.0,99
2023-05-11 09:14:40,ru2401C14500,ru2401C14500,503.0,0.0,0.0,0.0,1,446.0,504.0,1,420.0,470.0,557.0,470.0,14.0,72780.0,99
2023-05-11 09:14:48,ru2401C14500,ru2401C14500,503.0,0.0,0.0,0.0,2,447.0,504.0,1,420.0,470.0,557.0,470.0,14.0,72780.0,99
2023-05-11 09:15:20,ru2401C14500,ru2401C14500,504.0,1.0,5040.0,-1.0,1,504.0,600.0,1,420.0,470.0,557.0,470.0,15.0,77820.0,98
2023-05-11 09:15:21,ru2401C14500,ru2401C14500,504.0,0.0,0.0,0.0,1,504.0,599.0,1,420.0,470.0,557.0,470.0,15.0,77820.0,98
2023-05-11 09:15:23,ru2401C14500,ru2401C14500,504.0,0.0,0.0,0.0,1,504.0,598.0,1,420.0,470.0,557.0,470.0,15.0,77820.0,98
2023-05-11 09:15:23,ru2401C14500,ru2401C14500,504.0,0.0,0.0,0.0,1,504.0,598.0,1,420.0,470.0,557.0,470.0,15.0,77820.0,98
2023-05-11 09:15:24,ru2401C14500,ru2401C14500,504.0,0.0,0.0,0.0,1,504.0,597.0,1,420.0,470.0,557.0,470.0,15.0,77820.0,98
2023-05-11 09:15:28,ru2401C14500,ru2401C14500,504.0,0.0,0.0,0.0,1,504.0,597.0,1,420.0,470.0,557.0,470.0,15.0,77820.0,98
2023-05-11 09:15:29,ru2401C14500,ru2401C14500,504.0,0.0,0.0,0.0,1,504.0,596.0,1,420.0,470.0,557.0,470.0,15.0,77820.0,98
2023-05-11 09:15:29,ru2401C14500,ru2401C14500,504.0,0.0,0.0,0.0,1,504.0,596.0,1,420.0,470.0,557.0,470.0,15.0,77820.0,98
2023-05-11 09:15:30,ru2401C14500,ru2401C14500,504.0,0.0,0.0,0.0,1,504.0,595.0,1,420.0,470.0,557.0,470.0,15.0,77820.0,98
2023-05-11 09:15:32,ru2401C14500,ru2401C14500,504.0,0.0,0.0,0.0,1,504.0,595.0,1,420.0,470.0,557.0,470.0,15.0,77820.0,98
2023-05-11 09:15:33,ru2401C14500,ru2401C14500,504.0,0.0,0.0,0.0,1,504.0,594.0,1,420.0,470.0,557.0,470.0,15.0,77820.0,98
2023-05-11 09:15:33,ru2401C14500,ru2401C14500,504.0,0.0,0.0,0.0,1,504.0,594.0,1,420.0,470.0,557.0,470.0,15.0,77820.0,98
2023-05-11 09:15:34,ru2401C14500,ru2401C14500,504.0,0.0,0.0,0.0,1,504.0,593.0,1,420.0,470.0,557.0,470.0,15.0,77820.0,98
2023-05-11 09:15:36,ru2401C14500,ru2401C14500,504.0,0.0,0.0,0.0,1,504.0,593.0,1,420.0,470.0,557.0,470.0,15.0,77820.0,98
2023-05-11 09:15:37,ru2401C14500,ru2401C14500,504.0,0.0,0.0,0.0,1,504.0,592.0,1,420.0,470.0,557.0,470.0,15.0,77820.0,98
2023-05-11 09:15:38,ru2401C14500,ru2401C14500,504.0,0.0,0.0,0.0,1,504.0,591.0,1,420.0,470.0,557.0,470.0,15.0,77820.0,98
2023-05-11 09:15:40,ru2401C14500,ru2401C14500,504.0,0.0,0.0,0.0,1,504.0,591.0,1,420.0,470.0,557.0,470.0,15.0,77820.0,98
2023-05-11 09:15:42,ru2401C14500,ru2401C14500,504.0,0.0,0.0,0.0,1,504.0,590.0,1,420.0,470.0,557.0,470.0,15.0,77820.0,98
2023-05-11 09:15:42,ru2401C14500,ru2401C14500,504.0,0.0,0.0,0.0,1,504.0,590.0,1,420.0,470.0,557.0,470.0,15.0,77820.0,98
2023-05-11 09:15:43,ru2401C14500,ru2401C14500,504.0,0.0,0.0,0.0,1,504.0,589.0,1,420.0,470.0,557.0,470.0,15.0,77820.0,98
2023-05-11 09:15:47,ru2401C14500,ru2401C14500,504.0,0.0,0.0,0.0,1,504.0,589.0,1,420.0,470.0,557.0,470.0,15.0,77820.0,98
2023-05-11 09:20:39,ru2401C14500,ru2401C14500,504.0,0.0,0.0,0.0,1,446.0,589.0,1,420.0,470.0,557.0,470.0,15.0,77820.0,98
2023-05-11 09:20:39,ru2401C14500,ru2401C14500,504.0,0.0,0.0,0.0,1,447.0,589.0,1,420.0,470.0,557.0,470.0,15.0,77820.0,98
2023-05-11 09:41:16,ru2401C14500,ru2401C14500,504.0,0.0,0.0,0.0,1,447.0,588.0,1,420.0,470.0,557.0,470.0,15.0,77820.0,98
2023-05-11 09:41:16,ru2401C14500,ru2401C14500,504.0,0.0,0.0,0.0,1,447.0,587.0,1,420.0,470.0,557.0,470.0,15.0,77820.0,98
2023-05-11 09:41:17,ru2401C14500,ru2401C14500,504.0,0.0,0.0,0.0,1,447.0,587.0,1,420.0,470.0,557.0,470.0,15.0,77820.0,98
2023-05-11 09:44:19,ru2401C14500,ru2401C14500,504.0,0.0,0.0,0.0,1,456.0,587.0,1,420.0,470.0,557.0,470.0,15.0,77820.0,98
2023-05-11 09:44:20,ru2401C14500,ru2401C14500,504.0,0.0,0.0,0.0,1,456.0,587.0,1,420.0,470.0,557.0,470.0,15.0,77820.0,98
2023-05-11 09:44:24,ru2401C14500,ru2401C14500,504.0,0.0,0.0,0.0,1,500.0,587.0,1,420.0,470.0,557.0,470.0,15.0,77820.0,98
2023-05-11 09:44:24,ru2401C14500,ru2401C14500,500.0,1.0,5000.0,1.0,1,456.0,587.0,1,420.0,470.0,557.0,470.0,16.0,82820.0,99
2023-05-11 09:44:27,ru2401C14500,ru2401C14500,500.0,0.0,0.0,0.0,1,475.0,587.0,1,420.0,470.0,557.0,470.0,16.0,82820.0,99
2023-05-11 09:44:55,ru2401C14500,ru2401C14500,500.0,0.0,0.0,0.0,1,497.0,587.0,1,420.0,470.0,557.0,470.0,16.0,82820.0,99
2023-05-11 09:44:55,ru2401C14500,ru2401C14500,497.0,1.0,4970.0,1.0,1,475.0,587.0,1,420.0,470.0,557.0,470.0,17.0,87790.0,100
2023-05-11 09:45:05,ru2401C14500,ru2401C14500,497.0,0.0,0.0,0.0,1,475.0,587.0,1,420.0,470.0,557.0,470.0,17.0,87790.0,100
2023-05-11 09:45:09,ru2401C14500,ru2401C14500,497.0,0.0,0.0,0.0,1,485.0,587.0,1,420.0,470.0,557.0,470.0,17.0,87790.0,100
2023-05-11 09:45:21,ru2401C14500,ru2401C14500,497.0,0.0,0.0,0.0,1,475.0,587.0,1,420.0,470.0,557.0,470.0,17.0,87790.0,100
2023-05-11 09:45:23,ru2401C14500,ru2401C14500,497.0,0.0,0.0,0.0,1,446.0,587.0,1,420.0,470.0,557.0,470.0,17.0,87790.0,100
2023-05-11 09:45:24,ru2401C14500,ru2401C14500,497.0,0.0,0.0,0.0,1,447.0,587.0,1,420.0,470.0,557.0,470.0,17.0,87790.0,100
2023-05-11 09:45:31,ru2401C14500,ru2401C14500,497.0,0.0,0.0,0.0,1,489.0,587.0,1,420.0,470.0,557.0,470.0,17.0,87790.0,100
2023-05-11 09:45:32,ru2401C14500,ru2401C14500,497.0,0.0,0.0,0.0,1,489.0,587.0,1,420.0,470.0,557.0,470.0,17.0,87790.0,100
2023-05-11 09:45:34,ru2401C14500,ru2401C14500,497.0,0.0,0.0,0.0,1,446.0,587.0,1,420.0,470.0,557.0,470.0,17.0,87790.0,100
2023-05-11 09:45:35,ru2401C14500,ru2401C14500,497.0,0.0,0.0,0.0,1,447.0,587.0,1,420.0,470.0,557.0,470.0,17.0,87790.0,100
2023-05-11 09:45:39,ru2401C14500,ru2401C14500,497.0,0.0,0.0,0.0,1,494.0,587.0,1,420.0,470.0,557.0,470.0,17.0,87790.0,100
2023-05-11 09:45:40,ru2401C14500,ru2401C14500,494.0,1.0,4940.0,1.0,1,446.0,587.0,1,420.0,470.0,557.0,470.0,18.0,92730.0,101
2023-05-11 09:45:40,ru2401C14500,ru2401C14500,494.0,0.0,0.0,0.0,1,447.0,587.0,1,420.0,470.0,557.0,470.0,18.0,92730.0,101
2023-05-11 09:45:46,ru2401C14500,ru2401C14500,494.0,0.0,0.0,0.0,1,492.0,587.0,1,420.0,470.0,557.0,470.0,18.0,92730.0,101
2023-05-11 09:45:47,ru2401C14500,ru2401C14500,494.0,0.0,0.0,0.0,1,492.0,587.0,1,420.0,470.0,557.0,470.0,18.0,92730.0,101
2023-05-11 09:45:49,ru2401C14500,ru2401C14500,494.0,0.0,0.0,0.0,1,446.0,587.0,1,420.0,470.0,557.0,470.0,18.0,92730.0,101
2023-05-11 09:45:49,ru2401C14500,ru2401C14500,494.0,0.0,0.0,0.0,1,447.0,587.0,1,420.0,470.0,557.0,470.0,18.0,92730.0,101
2023-05-11 09:45:51,ru2401C14500,ru2401C14500,494.0,0.0,0.0,0.0,1,494.0,587.0,1,420.0,470.0,557.0,470.0,18.0,92730.0,101
2023-05-11 09:45:52,ru2401C14500,ru2401C14500,494.0,1.0,4940.0,1.0,1,446.0,587.0,1,420.0,470.0,557.0,470.0,19.0,97670.0,102
2023-05-11 09:45:52,ru2401C14500,ru2401C14500,494.0,0.0,0.0,0.0,1,447.0,587.0,1,420.0,470.0,557.0,470.0,19.0,97670.0,102
2023-05-11 09:52:41,ru2401C14500,ru2401C14500,494.0,0.0,0.0,0.0,1,447.0,587.0,1,420.0,470.0,557.0,470.0,19.0,97670.0,102
2023-05-11 09:52:42,ru2401C14500,ru2401C14500,494.0,0.0,0.0,0.0,1,447.0,587.0,1,420.0,470.0,557.0,470.0,19.0,97670.0,102
2023-05-11 09:52:43,ru2401C14500,ru2401C14500,494.0,0.0,0.0,0.0,1,447.0,587.0,1,420.0,470.0,557.0,470.0,19.0,97670.0,102
2023-05-11 09:52:44,ru2401C14500,ru2401C14500,494.0,0.0,0.0,0.0,1,447.0,587.0,1,420.0,470.0,557.0,470.0,19.0,97670.0,102
2023-05-11 09:52:45,ru2401C14500,ru2401C14500,494.0,0.0,0.0,0.0,1,447.0,587.0,1,420.0,470.0,557.0,470.0,19.0,97670.0,102
2023-05-11 09:52:46,ru2401C14500,ru2401C14500,494.0,0.0,0.0,0.0,1,447.0,587.0,1,420.0,470.0,557.0,470.0,19.0,97670.0,102
2023-05-11 09:52:47,ru2401C14500,ru2401C14500,494.0,0.0,0.0,0.0,1,447.0,587.0,1,420.0,470.0,557.0,470.0,19.0,97670.0,102
2023-05-11 09:52:48,ru2401C14500,ru2401C14500,494.0,0.0,0.0,0.0,1,447.0,587.0,1,420.0,470.0,557.0,470.0,19.0,97670.0,102
2023-05-11 10:14:33,ru2401C14500,ru2401C14500,494.0,0.0,0.0,0.0,1,446.0,600.0,1,420.0,470.0,557.0,470.0,19.0,97670.0,102
2023-05-11 10:30:06,ru2401C14500,ru2401C14500,494.0,0.0,0.0,0.0,1,447.0,599.0,1,420.0,470.0,557.0,470.0,19.0,97670.0,102
2023-05-11 10:30:50,ru2401C14500,ru2401C14500,494.0,0.0,0.0,0.0,1,447.0,598.0,1,420.0,470.0,557.0,470.0,19.0,97670.0,102
2023-05-11 10:30:51,ru2401C14500,ru2401C14500,494.0,0.0,0.0,0.0,1,447.0,598.0,1,420.0,470.0,557.0,470.0,19.0,97670.0,102
2023-05-11 10:30:51,ru2401C14500,ru2401C14500,494.0,0.0,0.0,0.0,1,447.0,597.0,1,420.0,470.0,557.0,470.0,19.0,97670.0,102
2023-05-11 10:30:54,ru2401C14500,ru2401C14500,494.0,0.0,0.0,0.0,1,447.0,597.0,1,420.0,470.0,557.0,470.0,19.0,97670.0,102
2023-05-11 10:30:56,ru2401C14500,ru2401C14500,494.0,0.0,0.0,0.0,1,447.0,596.0,1,420.0,470.0,557.0,470.0,19.0,97670.0,102
2023-05-11 10:30:56,ru2401C14500,ru2401C14500,494.0,0.0,0.0,0.0,1,447.0,596.0,1,420.0,470.0,557.0,470.0,19.0,97670.0,102
2023-05-11 10:30:57,ru2401C14500,ru2401C14500,494.0,0.0,0.0,0.0,1,447.0,595.0,1,420.0,470.0,557.0,470.0,19.0,97670.0,102
2023-05-11 10:30:58,ru2401C14500,ru2401C14500,494.0,0.0,0.0,0.0,1,447.0,595.0,1,420.0,470.0,557.0,470.0,19.0,97670.0,102
2023-05-11 10:31:05,ru2401C14500,ru2401C14500,494.0,0.0,0.0,0.0,1,447.0,594.0,1,420.0,470.0,557.0,470.0,19.0,97670.0,102
2023-05-11 10:31:06,ru2401C14500,ru2401C14500,494.0,0.0,0.0,0.0,1,447.0,594.0,1,420.0,470.0,557.0,470.0,19.0,97670.0,102
2023-05-11 10:31:06,ru2401C14500,ru2401C14500,494.0,0.0,0.0,0.0,1,447.0,593.0,1,420.0,470.0,557.0,470.0,19.0,97670.0,102
2023-05-11 10:31:08,ru2401C14500,ru2401C14500,494.0,0.0,0.0,0.0,1,447.0,593.0,1,420.0,470.0,557.0,470.0,19.0,97670.0,102
2023-05-11 10:31:11,ru2401C14500,ru2401C14500,494.0,0.0,0.0,0.0,1,447.0,592.0,1,420.0,470.0,557.0,470.0,19.0,97670.0,102
2023-05-11 10:31:11,ru2401C14500,ru2401C14500,494.0,0.0,0.0,0.0,1,447.0,592.0,1,420.0,470.0,557.0,470.0,19.0,97670.0,102
2023-05-11 10:31:12,ru2401C14500,ru2401C14500,494.0,0.0,0.0,0.0,1,447.0,591.0,1,420.0,470.0,557.0,470.0,19.0,97670.0,102
2023-05-11 10:31:26,ru2401C14500,ru2401C14500,494.0,0.0,0.0,0.0,1,447.0,591.0,1,420.0,470.0,557.0,470.0,19.0,97670.0,102
2023-05-11 10:31:28,ru2401C14500,ru2401C14500,494.0,0.0,0.0,0.0,1,447.0,590.0,1,420.0,470.0,557.0,470.0,19.0,97670.0,102
2023-05-11 10:31:29,ru2401C14500,ru2401C14500,494.0,0.0,0.0,0.0,1,447.0,590.0,1,420.0,470.0,557.0,470.0,19.0,97670.0,102
2023-05-11 10:31:29,ru2401C14500,ru2401C14500,494.0,0.0,0.0,0.0,1,447.0,589.0,1,420.0,470.0,557.0,470.0,19.0,97670.0,102
2023-05-11 10:31:37,ru2401C14500,ru2401C14500,494.0,0.0,0.0,0.0,1,447.0,589.0,1,420.0,470.0,557.0,470.0,19.0,97670.0,102
2023-05-11 10:39:25,ru2401C14500,ru2401C14500,494.0,0.0,0.0,0.0,1,448.0,589.0,1,420.0,470.0,557.0,470.0,19.0,97670.0,102
2023-05-11 10:39:26,ru2401C14500,ru2401C14500,494.0,0.0,0.0,0.0,1,448.0,589.0,1,420.0,470.0,557.0,470.0,19.0,97670.0,102
2023-05-11 10:39:26,ru2401C14500,ru2401C14500,494.0,0.0,0.0,0.0,1,449.0,589.0,1,420.0,470.0,557.0,470.0,19.0,97670.0,102
2023-05-11 10:39:35,ru2401C14500,ru2401C14500,494.0,0.0,0.0,0.0,1,488.0,494.0,1,420.0,470.0,557.0,470.0,19.0,97670.0,102
2023-05-11 10:39:35,ru2401C14500,ru2401C14500,494.0,0.0,0.0,0.0,1,488.0,494.0,1,420.0,470.0,557.0,470.0,19.0,97670.0,102
2023-05-11 10:39:36,ru2401C14500,ru2401C14500,494.0,0.0,0.0,0.0,1,488.0,494.0,1,420.0,470.0,557.0,470.0,19.0,97670.0,102
2023-05-11 10:39:36,ru2401C14500,ru2401C14500,494.0,0.0,0.0,0.0,2,488.0,494.0,1,420.0,470.0,557.0,470.0,19.0,97670.0,102
2023-05-11 10:39:37,ru2401C14500,ru2401C14500,494.0,0.0,0.0,0.0,1,488.0,494.0,1,420.0,470.0,557.0,470.0,19.0,97670.0,102
2023-05-11 10:39:37,ru2401C14500,ru2401C14500,494.0,0.0,0.0,0.0,2,488.0,494.0,1,420.0,470.0,557.0,470.0,19.0,97670.0,102
2023-05-11 10:39:38,ru2401C14500,ru2401C14500,494.0,0.0,0.0,0.0,1,488.0,494.0,1,420.0,470.0,557.0,470.0,19.0,97670.0,102
2023-05-11 10:39:38,ru2401C14500,ru2401C14500,494.0,0.0,0.0,0.0,2,488.0,494.0,1,420.0,470.0,557.0,470.0,19.0,97670.0,102
2023-05-11 10:39:39,ru2401C14500,ru2401C14500,494.0,0.0,0.0,0.0,1,488.0,494.0,1,420.0,470.0,557.0,470.0,19.0,97670.0,102
2023-05-11 10:39:41,ru2401C14500,ru2401C14500,494.0,0.0,0.0,0.0,1,488.0,494.0,1,420.0,470.0,557.0,470.0,19.0,97670.0,102
2023-05-11 10:39:42,ru2401C14500,ru2401C14500,494.0,0.0,0.0,0.0,1,488.0,492.0,1,420.0,470.0,557.0,470.0,19.0,97670.0,102
2023-05-11 10:39:42,ru2401C14500,ru2401C14500,494.0,0.0,0.0,0.0,2,488.0,492.0,2,420.0,470.0,557.0,470.0,19.0,97670.0,102
2023-05-11 10:39:47,ru2401C14500,ru2401C14500,494.0,0.0,0.0,0.0,1,488.0,492.0,6,420.0,470.0,557.0,470.0,19.0,97670.0,102
2023-05-11 10:39:47,ru2401C14500,ru2401C14500,494.0,0.0,0.0,0.0,1,488.0,492.0,4,420.0,470.0,557.0,470.0,19.0,97670.0,102
2023-05-11 10:39:48,ru2401C14500,ru2401C14500,494.0,0.0,0.0,0.0,1,488.0,492.0,6,420.0,470.0,557.0,470.0,19.0,97670.0,102
