time,symbol_id,symbol_name,last,trade_volume,trade_amount,open_interest_change,bv1,bp1,ap1,av1,yesterday_close,today_open,today_high,today_low,volume,amount,open_interest
2023-05-10 21:02:03,ru2401C12000,ru2401C12000,1587.0,0.0,0.0,0.0,1,521.0,2652.0,1,1587.0,1785.0,0.0,0.0,0.0,0.0,8
2023-05-10 21:02:04,ru2401C12000,ru2401C12000,1587.0,0.0,0.0,0.0,1,522.0,2651.0,1,1587.0,1785.0,0.0,0.0,0.0,0.0,8
2023-05-10 21:02:04,ru2401C12000,ru2401C12000,1587.0,0.0,0.0,0.0,1,522.0,2651.0,1,1587.0,1785.0,0.0,0.0,0.0,0.0,8
2023-05-10 21:02:10,ru2401C12000,ru2401C12000,1587.0,0.0,0.0,0.0,1,525.0,2648.0,1,1587.0,1785.0,0.0,0.0,0.0,0.0,8
2023-05-10 21:02:10,ru2401C12000,ru2401C12000,1587.0,0.0,0.0,0.0,1,525.0,2648.0,1,1587.0,1785.0,0.0,0.0,0.0,0.0,8
2023-05-10 21:02:11,ru2401C12000,ru2401C12000,1587.0,0.0,0.0,0.0,1,526.0,2647.0,1,1587.0,1785.0,0.0,0.0,0.0,0.0,8
2023-05-10 21:02:11,ru2401C12000,ru2401C12000,1587.0,0.0,0.0,0.0,1,526.0,2647.0,1,1587.0,1785.0,0.0,0.0,0.0,0.0,8
2023-05-10 21:02:19,ru2401C12000,ru2401C12000,1587.0,0.0,0.0,0.0,1,529.0,2644.0,1,1587.0,1785.0,0.0,0.0,0.0,0.0,8
2023-05-10 21:02:20,ru2401C12000,ru2401C12000,1587.0,0.0,0.0,0.0,1,529.0,2644.0,1,1587.0,1785.0,0.0,0.0,0.0,0.0,8
2023-05-10 21:02:20,ru2401C12000,ru2401C12000,1587.0,0.0,0.0,0.0,1,530.0,2643.0,1,1587.0,1785.0,0.0,0.0,0.0,0.0,8
2023-05-10 21:02:21,ru2401C12000,ru2401C12000,1587.0,0.0,0.0,0.0,1,530.0,2643.0,1,1587.0,1785.0,0.0,0.0,0.0,0.0,8
2023-05-10 21:02:26,ru2401C12000,ru2401C12000,1587.0,0.0,0.0,0.0,1,533.0,2640.0,1,1587.0,1785.0,0.0,0.0,0.0,0.0,8
2023-05-10 21:02:27,ru2401C12000,ru2401C12000,1587.0,0.0,0.0,0.0,1,533.0,2640.0,1,1587.0,1785.0,0.0,0.0,0.0,0.0,8
2023-05-10 21:02:27,ru2401C12000,ru2401C12000,1587.0,0.0,0.0,0.0,1,534.0,2639.0,1,1587.0,1785.0,0.0,0.0,0.0,0.0,8
2023-05-10 21:02:28,ru2401C12000,ru2401C12000,1587.0,0.0,0.0,0.0,1,534.0,2639.0,1,1587.0,1785.0,0.0,0.0,0.0,0.0,8
2023-05-10 21:02:33,ru2401C12000,ru2401C12000,1587.0,0.0,0.0,0.0,1,537.0,2636.0,1,1587.0,1785.0,0.0,0.0,0.0,0.0,8
2023-05-10 21:02:34,ru2401C12000,ru2401C12000,1587.0,0.0,0.0,0.0,1,537.0,2636.0,1,1587.0,1785.0,0.0,0.0,0.0,0.0,8
2023-05-10 21:02:34,ru2401C12000,ru2401C12000,1587.0,0.0,0.0,0.0,1,538.0,2635.0,1,1587.0,1785.0,0.0,0.0,0.0,0.0,8
2023-05-10 21:02:35,ru2401C12000,ru2401C12000,1587.0,0.0,0.0,0.0,1,538.0,2635.0,1,1587.0,1785.0,0.0,0.0,0.0,0.0,8
2023-05-10 21:02:35,ru2401C12000,ru2401C12000,1587.0,0.0,0.0,0.0,1,541.0,2632.0,1,1587.0,1785.0,0.0,0.0,0.0,0.0,8
2023-05-10 21:02:36,ru2401C12000,ru2401C12000,1587.0,0.0,0.0,0.0,1,541.0,2632.0,1,1587.0,1785.0,0.0,0.0,0.0,0.0,8
2023-05-10 21:02:36,ru2401C12000,ru2401C12000,1587.0,0.0,0.0,0.0,1,542.0,2631.0,1,1587.0,1785.0,0.0,0.0,0.0,0.0,8
2023-05-10 21:02:37,ru2401C12000,ru2401C12000,1587.0,0.0,0.0,0.0,1,542.0,2631.0,1,1587.0,1785.0,0.0,0.0,0.0,0.0,8
2023-05-10 21:02:37,ru2401C12000,ru2401C12000,1587.0,0.0,0.0,0.0,1,545.0,2628.0,1,1587.0,1785.0,0.0,0.0,0.0,0.0,8
2023-05-10 21:02:38,ru2401C12000,ru2401C12000,1587.0,0.0,0.0,0.0,1,545.0,2628.0,1,1587.0,1785.0,0.0,0.0,0.0,0.0,8
2023-05-10 21:02:38,ru2401C12000,ru2401C12000,1587.0,0.0,0.0,0.0,1,546.0,2627.0,1,1587.0,1785.0,0.0,0.0,0.0,0.0,8
2023-05-10 21:02:39,ru2401C12000,ru2401C12000,1587.0,0.0,0.0,0.0,1,546.0,2627.0,1,1587.0,1785.0,0.0,0.0,0.0,0.0,8
2023-05-10 21:02:40,ru2401C12000,ru2401C12000,1587.0,0.0,0.0,0.0,1,549.0,2624.0,1,1587.0,1785.0,0.0,0.0,0.0,0.0,8
2023-05-10 21:02:41,ru2401C12000,ru2401C12000,1587.0,0.0,0.0,0.0,1,549.0,2624.0,1,1587.0,1785.0,0.0,0.0,0.0,0.0,8
2023-05-10 21:02:41,ru2401C12000,ru2401C12000,1587.0,0.0,0.0,0.0,1,550.0,2623.0,1,1587.0,1785.0,0.0,0.0,0.0,0.0,8
2023-05-10 21:02:42,ru2401C12000,ru2401C12000,1587.0,0.0,0.0,0.0,1,550.0,2623.0,1,1587.0,1785.0,0.0,0.0,0.0,0.0,8
2023-05-10 21:02:44,ru2401C12000,ru2401C12000,1587.0,0.0,0.0,0.0,1,553.0,2620.0,1,1587.0,1785.0,0.0,0.0,0.0,0.0,8
2023-05-10 21:02:44,ru2401C12000,ru2401C12000,1587.0,0.0,0.0,0.0,1,553.0,2620.0,1,1587.0,1785.0,0.0,0.0,0.0,0.0,8
2023-05-10 21:02:45,ru2401C12000,ru2401C12000,1587.0,0.0,0.0,0.0,1,554.0,2619.0,1,1587.0,1785.0,0.0,0.0,0.0,0.0,8
2023-05-10 21:02:45,ru2401C12000,ru2401C12000,1587.0,0.0,0.0,0.0,1,554.0,2619.0,1,1587.0,1785.0,0.0,0.0,0.0,0.0,8
2023-05-10 21:02:54,ru2401C12000,ru2401C12000,1587.0,0.0,0.0,0.0,1,557.0,2616.0,1,1587.0,1785.0,0.0,0.0,0.0,0.0,8
2023-05-10 21:02:55,ru2401C12000,ru2401C12000,1587.0,0.0,0.0,0.0,1,557.0,2616.0,1,1587.0,1785.0,0.0,0.0,0.0,0.0,8
2023-05-10 21:02:55,ru2401C12000,ru2401C12000,1587.0,0.0,0.0,0.0,1,558.0,2615.0,1,1587.0,1785.0,0.0,0.0,0.0,0.0,8
2023-05-10 21:02:56,ru2401C12000,ru2401C12000,1587.0,0.0,0.0,0.0,1,558.0,2615.0,1,1587.0,1785.0,0.0,0.0,0.0,0.0,8
2023-05-10 21:02:58,ru2401C12000,ru2401C12000,1587.0,0.0,0.0,0.0,1,561.0,2612.0,1,1587.0,1785.0,0.0,0.0,0.0,0.0,8
2023-05-10 21:02:59,ru2401C12000,ru2401C12000,1587.0,0.0,0.0,0.0,1,561.0,2612.0,1,1587.0,1785.0,0.0,0.0,0.0,0.0,8
2023-05-10 21:02:59,ru2401C12000,ru2401C12000,1587.0,0.0,0.0,0.0,1,562.0,2611.0,1,1587.0,1785.0,0.0,0.0,0.0,0.0,8
2023-05-10 21:03:00,ru2401C12000,ru2401C12000,1587.0,0.0,0.0,0.0,1,562.0,2611.0,1,1587.0,1785.0,0.0,0.0,0.0,0.0,8
2023-05-10 21:03:05,ru2401C12000,ru2401C12000,1587.0,0.0,0.0,0.0,1,565.0,2608.0,1,1587.0,1785.0,0.0,0.0,0.0,0.0,8
2023-05-10 21:03:05,ru2401C12000,ru2401C12000,1587.0,0.0,0.0,0.0,1,565.0,2608.0,1,1587.0,1785.0,0.0,0.0,0.0,0.0,8
2023-05-10 21:03:06,ru2401C12000,ru2401C12000,1587.0,0.0,0.0,0.0,1,566.0,2607.0,1,1587.0,1785.0,0.0,0.0,0.0,0.0,8
2023-05-10 21:03:06,ru2401C12000,ru2401C12000,1587.0,0.0,0.0,0.0,1,566.0,2607.0,1,1587.0,1785.0,0.0,0.0,0.0,0.0,8
2023-05-10 21:03:08,ru2401C12000,ru2401C12000,1587.0,0.0,0.0,0.0,1,569.0,2604.0,1,1587.0,1785.0,0.0,0.0,0.0,0.0,8
2023-05-10 21:03:09,ru2401C12000,ru2401C12000,1587.0,0.0,0.0,0.0,1,569.0,2604.0,1,1587.0,1785.0,0.0,0.0,0.0,0.0,8
2023-05-10 21:03:09,ru2401C12000,ru2401C12000,1587.0,0.0,0.0,0.0,1,570.0,2603.0,1,1587.0,1785.0,0.0,0.0,0.0,0.0,8
2023-05-10 21:03:10,ru2401C12000,ru2401C12000,1587.0,0.0,0.0,0.0,1,570.0,2603.0,1,1587.0,1785.0,0.0,0.0,0.0,0.0,8
2023-05-10 21:03:10,ru2401C12000,ru2401C12000,1587.0,0.0,0.0,0.0,1,573.0,2600.0,1,1587.0,1785.0,0.0,0.0,0.0,0.0,8
2023-05-10 21:03:11,ru2401C12000,ru2401C12000,1587.0,0.0,0.0,0.0,1,573.0,2600.0,1,1587.0,1785.0,0.0,0.0,0.0,0.0,8
2023-05-10 21:03:11,ru2401C12000,ru2401C12000,1587.0,0.0,0.0,0.0,1,574.0,2599.0,1,1587.0,1785.0,0.0,0.0,0.0,0.0,8
2023-05-10 21:03:12,ru2401C12000,ru2401C12000,1587.0,0.0,0.0,0.0,1,574.0,2599.0,1,1587.0,1785.0,0.0,0.0,0.0,0.0,8
2023-05-10 21:03:15,ru2401C12000,ru2401C12000,1587.0,0.0,0.0,0.0,1,577.0,2596.0,1,1587.0,1785.0,0.0,0.0,0.0,0.0,8
2023-05-10 21:03:16,ru2401C12000,ru2401C12000,1587.0,0.0,0.0,0.0,1,577.0,2596.0,1,1587.0,1785.0,0.0,0.0,0.0,0.0,8
2023-05-10 21:03:16,ru2401C12000,ru2401C12000,1587.0,0.0,0.0,0.0,1,578.0,2595.0,1,1587.0,1785.0,0.0,0.0,0.0,0.0,8
2023-05-10 21:03:17,ru2401C12000,ru2401C12000,1587.0,0.0,0.0,0.0,1,578.0,2595.0,1,1587.0,1785.0,0.0,0.0,0.0,0.0,8
2023-05-10 21:03:22,ru2401C12000,ru2401C12000,1587.0,0.0,0.0,0.0,1,581.0,2592.0,1,1587.0,1785.0,0.0,0.0,0.0,0.0,8
2023-05-10 21:03:23,ru2401C12000,ru2401C12000,1587.0,0.0,0.0,0.0,1,581.0,2592.0,1,1587.0,1785.0,0.0,0.0,0.0,0.0,8
2023-05-10 21:03:23,ru2401C12000,ru2401C12000,1587.0,0.0,0.0,0.0,1,582.0,2591.0,1,1587.0,1785.0,0.0,0.0,0.0,0.0,8
2023-05-10 21:03:24,ru2401C12000,ru2401C12000,1587.0,0.0,0.0,0.0,1,582.0,2591.0,1,1587.0,1785.0,0.0,0.0,0.0,0.0,8
2023-05-10 21:03:28,ru2401C12000,ru2401C12000,1587.0,0.0,0.0,0.0,1,585.0,2588.0,1,1587.0,1785.0,0.0,0.0,0.0,0.0,8
2023-05-10 21:03:29,ru2401C12000,ru2401C12000,1587.0,0.0,0.0,0.0,1,585.0,2588.0,1,1587.0,1785.0,0.0,0.0,0.0,0.0,8
2023-05-10 21:03:29,ru2401C12000,ru2401C12000,1587.0,0.0,0.0,0.0,1,586.0,2587.0,1,1587.0,1785.0,0.0,0.0,0.0,0.0,8
2023-05-10 21:03:30,ru2401C12000,ru2401C12000,1587.0,0.0,0.0,0.0,1,586.0,2587.0,1,1587.0,1785.0,0.0,0.0,0.0,0.0,8
2023-05-10 21:03:30,ru2401C12000,ru2401C12000,1587.0,0.0,0.0,0.0,1,589.0,2584.0,1,1587.0,1785.0,0.0,0.0,0.0,0.0,8
2023-05-10 21:03:31,ru2401C12000,ru2401C12000,1587.0,0.0,0.0,0.0,1,589.0,2584.0,1,1587.0,1785.0,0.0,0.0,0.0,0.0,8
2023-05-10 21:03:31,ru2401C12000,ru2401C12000,1587.0,0.0,0.0,0.0,1,590.0,2583.0,1,1587.0,1785.0,0.0,0.0,0.0,0.0,8
2023-05-10 21:03:32,ru2401C12000,ru2401C12000,1587.0,0.0,0.0,0.0,1,590.0,2583.0,1,1587.0,1785.0,0.0,0.0,0.0,0.0,8
2023-05-10 21:03:35,ru2401C12000,ru2401C12000,1587.0,0.0,0.0,0.0,1,593.0,2580.0,1,1587.0,1785.0,0.0,0.0,0.0,0.0,8
2023-05-10 21:03:36,ru2401C12000,ru2401C12000,1587.0,0.0,0.0,0.0,1,593.0,2580.0,1,1587.0,1785.0,0.0,0.0,0.0,0.0,8
2023-05-10 21:03:36,ru2401C12000,ru2401C12000,1587.0,0.0,0.0,0.0,1,594.0,2579.0,1,1587.0,1785.0,0.0,0.0,0.0,0.0,8
2023-05-10 21:03:37,ru2401C12000,ru2401C12000,1587.0,0.0,0.0,0.0,1,594.0,2579.0,1,1587.0,1785.0,0.0,0.0,0.0,0.0,8
2023-05-10 21:03:37,ru2401C12000,ru2401C12000,1587.0,0.0,0.0,0.0,1,597.0,2576.0,1,1587.0,1785.0,0.0,0.0,0.0,0.0,8
2023-05-10 21:03:38,ru2401C12000,ru2401C12000,1587.0,0.0,0.0,0.0,1,597.0,2576.0,1,1587.0,1785.0,0.0,0.0,0.0,0.0,8
2023-05-10 21:03:38,ru2401C12000,ru2401C12000,1587.0,0.0,0.0,0.0,1,598.0,2575.0,1,1587.0,1785.0,0.0,0.0,0.0,0.0,8
2023-05-10 21:03:39,ru2401C12000,ru2401C12000,1587.0,0.0,0.0,0.0,1,601.0,2572.0,1,1587.0,1785.0,0.0,0.0,0.0,0.0,8
2023-05-10 21:03:39,ru2401C12000,ru2401C12000,1587.0,0.0,0.0,0.0,1,601.0,2572.0,1,1587.0,1785.0,0.0,0.0,0.0,0.0,8
2023-05-10 21:03:40,ru2401C12000,ru2401C12000,1587.0,0.0,0.0,0.0,1,602.0,2571.0,1,1587.0,1785.0,0.0,0.0,0.0,0.0,8
2023-05-10 21:03:40,ru2401C12000,ru2401C12000,1587.0,0.0,0.0,0.0,1,602.0,2571.0,1,1587.0,1785.0,0.0,0.0,0.0,0.0,8
2023-05-10 21:03:41,ru2401C12000,ru2401C12000,1587.0,0.0,0.0,0.0,1,605.0,2568.0,1,1587.0,1785.0,0.0,0.0,0.0,0.0,8
2023-05-10 21:03:41,ru2401C12000,ru2401C12000,1587.0,0.0,0.0,0.0,1,605.0,2568.0,1,1587.0,1785.0,0.0,0.0,0.0,0.0,8
2023-05-10 21:03:42,ru2401C12000,ru2401C12000,1587.0,0.0,0.0,0.0,1,606.0,2567.0,1,1587.0,1785.0,0.0,0.0,0.0,0.0,8
2023-05-10 21:03:42,ru2401C12000,ru2401C12000,1587.0,0.0,0.0,0.0,1,606.0,2567.0,1,1587.0,1785.0,0.0,0.0,0.0,0.0,8
2023-05-10 21:03:47,ru2401C12000,ru2401C12000,1587.0,0.0,0.0,0.0,1,609.0,2564.0,1,1587.0,1785.0,0.0,0.0,0.0,0.0,8
2023-05-10 21:03:47,ru2401C12000,ru2401C12000,1587.0,0.0,0.0,0.0,1,609.0,2564.0,1,1587.0,1785.0,0.0,0.0,0.0,0.0,8
2023-05-10 21:03:48,ru2401C12000,ru2401C12000,1587.0,0.0,0.0,0.0,1,610.0,2563.0,1,1587.0,1785.0,0.0,0.0,0.0,0.0,8
2023-05-10 21:03:48,ru2401C12000,ru2401C12000,1587.0,0.0,0.0,0.0,1,610.0,2563.0,1,1587.0,1785.0,0.0,0.0,0.0,0.0,8
2023-05-10 21:03:49,ru2401C12000,ru2401C12000,1587.0,0.0,0.0,0.0,1,613.0,2560.0,1,1587.0,1785.0,0.0,0.0,0.0,0.0,8
2023-05-10 21:03:49,ru2401C12000,ru2401C12000,1587.0,0.0,0.0,0.0,1,613.0,2560.0,1,1587.0,1785.0,0.0,0.0,0.0,0.0,8
2023-05-10 21:03:50,ru2401C12000,ru2401C12000,1587.0,0.0,0.0,0.0,1,614.0,2559.0,1,1587.0,1785.0,0.0,0.0,0.0,0.0,8
2023-05-10 21:03:50,ru2401C12000,ru2401C12000,1587.0,0.0,0.0,0.0,1,614.0,2559.0,1,1587.0,1785.0,0.0,0.0,0.0,0.0,8
2023-05-10 21:03:52,ru2401C12000,ru2401C12000,1587.0,0.0,0.0,0.0,1,617.0,2556.0,1,1587.0,1785.0,0.0,0.0,0.0,0.0,8
2023-05-10 21:03:52,ru2401C12000,ru2401C12000,1587.0,0.0,0.0,0.0,1,617.0,2556.0,1,1587.0,1785.0,0.0,0.0,0.0,0.0,8
2023-05-10 21:03:53,ru2401C12000,ru2401C12000,1587.0,0.0,0.0,0.0,1,618.0,2555.0,1,1587.0,1785.0,0.0,0.0,0.0,0.0,8
2023-05-10 21:03:53,ru2401C12000,ru2401C12000,1587.0,0.0,0.0,0.0,1,621.0,2555.0,1,1587.0,1785.0,0.0,0.0,0.0,0.0,8
2023-05-10 21:03:54,ru2401C12000,ru2401C12000,1587.0,0.0,0.0,0.0,1,621.0,2555.0,1,1587.0,1785.0,0.0,0.0,0.0,0.0,8
2023-05-10 21:03:54,ru2401C12000,ru2401C12000,1587.0,0.0,0.0,0.0,1,622.0,2555.0,1,1587.0,1785.0,0.0,0.0,0.0,0.0,8
2023-05-10 21:03:55,ru2401C12000,ru2401C12000,1587.0,0.0,0.0,0.0,1,625.0,2552.0,1,1587.0,1785.0,0.0,0.0,0.0,0.0,8
2023-05-10 21:03:55,ru2401C12000,ru2401C12000,1587.0,0.0,0.0,0.0,1,625.0,2552.0,1,1587.0,1785.0,0.0,0.0,0.0,0.0,8
2023-05-10 21:03:56,ru2401C12000,ru2401C12000,1587.0,0.0,0.0,0.0,1,626.0,2551.0,1,1587.0,1785.0,0.0,0.0,0.0,0.0,8
2023-05-10 21:03:56,ru2401C12000,ru2401C12000,1587.0,0.0,0.0,0.0,1,626.0,2551.0,1,1587.0,1785.0,0.0,0.0,0.0,0.0,8
2023-05-10 21:03:57,ru2401C12000,ru2401C12000,1587.0,0.0,0.0,0.0,1,629.0,2548.0,1,1587.0,1785.0,0.0,0.0,0.0,0.0,8
2023-05-10 21:03:58,ru2401C12000,ru2401C12000,1587.0,0.0,0.0,0.0,1,629.0,2548.0,1,1587.0,1785.0,0.0,0.0,0.0,0.0,8
2023-05-10 21:03:58,ru2401C12000,ru2401C12000,1587.0,0.0,0.0,0.0,1,630.0,2547.0,1,1587.0,1785.0,0.0,0.0,0.0,0.0,8
2023-05-10 21:03:59,ru2401C12000,ru2401C12000,1587.0,0.0,0.0,0.0,1,630.0,2547.0,1,1587.0,1785.0,0.0,0.0,0.0,0.0,8
2023-05-10 21:04:00,ru2401C12000,ru2401C12000,1587.0,0.0,0.0,0.0,1,633.0,2547.0,1,1587.0,1785.0,0.0,0.0,0.0,0.0,8
2023-05-10 21:04:01,ru2401C12000,ru2401C12000,1587.0,0.0,0.0,0.0,1,633.0,2547.0,1,1587.0,1785.0,0.0,0.0,0.0,0.0,8
2023-05-10 21:04:01,ru2401C12000,ru2401C12000,1587.0,0.0,0.0,0.0,1,634.0,2547.0,1,1587.0,1785.0,0.0,0.0,0.0,0.0,8
2023-05-10 21:04:02,ru2401C12000,ru2401C12000,1587.0,0.0,0.0,0.0,1,634.0,2547.0,1,1587.0,1785.0,0.0,0.0,0.0,0.0,8
2023-05-10 21:04:02,ru2401C12000,ru2401C12000,1587.0,0.0,0.0,0.0,0,0.0,0.0,0,1587.0,1785.0,0.0,0.0,0.0,0.0,8
2023-05-10 21:04:05,ru2401C12000,ru2401C12000,1587.0,0.0,0.0,0.0,1,521.0,2652.0,1,1587.0,1785.0,0.0,0.0,0.0,0.0,8
2023-05-10 21:05:39,ru2401C12000,ru2401C12000,1587.0,0.0,0.0,0.0,2,1644.0,1720.0,2,1587.0,1785.0,0.0,0.0,0.0,0.0,8
2023-05-10 21:05:39,ru2401C12000,ru2401C12000,1587.0,0.0,0.0,0.0,4,1644.0,1720.0,2,1587.0,1785.0,0.0,0.0,0.0,0.0,8
2023-05-10 21:05:40,ru2401C12000,ru2401C12000,1587.0,0.0,0.0,0.0,4,1644.0,1720.0,2,1587.0,1785.0,0.0,0.0,0.0,0.0,8
2023-05-10 21:05:43,ru2401C12000,ru2401C12000,1587.0,0.0,0.0,0.0,4,1644.0,1720.0,2,1587.0,1785.0,0.0,0.0,0.0,0.0,8
2023-05-10 21:05:43,ru2401C12000,ru2401C12000,1587.0,0.0,0.0,0.0,4,1644.0,1720.0,2,1587.0,1785.0,0.0,0.0,0.0,0.0,8
2023-05-10 21:05:44,ru2401C12000,ru2401C12000,1587.0,0.0,0.0,0.0,4,1644.0,1720.0,2,1587.0,1785.0,0.0,0.0,0.0,0.0,8
2023-05-10 21:05:45,ru2401C12000,ru2401C12000,1587.0,0.0,0.0,0.0,4,1644.0,1720.0,2,1587.0,1785.0,0.0,0.0,0.0,0.0,8
2023-05-10 21:05:49,ru2401C12000,ru2401C12000,1587.0,0.0,0.0,0.0,4,1644.0,1720.0,2,1587.0,1785.0,0.0,0.0,0.0,0.0,8
2023-05-10 21:05:53,ru2401C12000,ru2401C12000,1587.0,0.0,0.0,0.0,4,1644.0,1720.0,2,1587.0,1785.0,0.0,0.0,0.0,0.0,8
2023-05-10 21:05:55,ru2401C12000,ru2401C12000,1587.0,0.0,0.0,0.0,4,1644.0,1720.0,2,1587.0,1785.0,0.0,0.0,0.0,0.0,8
2023-05-10 21:05:56,ru2401C12000,ru2401C12000,1587.0,0.0,0.0,0.0,4,1644.0,1720.0,2,1587.0,1785.0,0.0,0.0,0.0,0.0,8
2023-05-10 21:05:57,ru2401C12000,ru2401C12000,1587.0,0.0,0.0,0.0,4,1644.0,1720.0,2,1587.0,1785.0,0.0,0.0,0.0,0.0,8
2023-05-10 21:06:02,ru2401C12000,ru2401C12000,1587.0,0.0,0.0,0.0,4,1644.0,1720.0,2,1587.0,1785.0,0.0,0.0,0.0,0.0,8
2023-05-10 21:06:03,ru2401C12000,ru2401C12000,1587.0,0.0,0.0,0.0,4,1644.0,1720.0,2,1587.0,1785.0,0.0,0.0,0.0,0.0,8
2023-05-10 21:06:04,ru2401C12000,ru2401C12000,1587.0,0.0,0.0,0.0,2,1658.0,1704.0,2,1587.0,1785.0,0.0,0.0,0.0,0.0,8
2023-05-10 21:06:07,ru2401C12000,ru2401C12000,1587.0,0.0,0.0,0.0,4,1658.0,1704.0,2,1587.0,1785.0,0.0,0.0,0.0,0.0,8
2023-05-10 21:06:08,ru2401C12000,ru2401C12000,1587.0,0.0,0.0,0.0,4,1658.0,1704.0,2,1587.0,1785.0,0.0,0.0,0.0,0.0,8
2023-05-10 21:06:14,ru2401C12000,ru2401C12000,1587.0,0.0,0.0,0.0,4,1658.0,1704.0,2,1587.0,1785.0,0.0,0.0,0.0,0.0,8
2023-05-10 21:06:18,ru2401C12000,ru2401C12000,1587.0,0.0,0.0,0.0,4,1658.0,1704.0,2,1587.0,1785.0,0.0,0.0,0.0,0.0,8
2023-05-10 21:06:19,ru2401C12000,ru2401C12000,1587.0,0.0,0.0,0.0,4,1658.0,1704.0,2,1587.0,1785.0,0.0,0.0,0.0,0.0,8
2023-05-10 21:06:20,ru2401C12000,ru2401C12000,1587.0,0.0,0.0,0.0,4,1658.0,1704.0,2,1587.0,1785.0,0.0,0.0,0.0,0.0,8
2023-05-10 21:06:22,ru2401C12000,ru2401C12000,1587.0,0.0,0.0,0.0,4,1658.0,1704.0,2,1587.0,1785.0,0.0,0.0,0.0,0.0,8
2023-05-10 21:06:23,ru2401C12000,ru2401C12000,1587.0,0.0,0.0,0.0,2,1669.0,1715.0,2,1587.0,1785.0,0.0,0.0,0.0,0.0,8
2023-05-10 21:06:24,ru2401C12000,ru2401C12000,1587.0,0.0,0.0,0.0,4,1669.0,1715.0,2,1587.0,1785.0,0.0,0.0,0.0,0.0,8
2023-05-10 21:06:24,ru2401C12000,ru2401C12000,1587.0,0.0,0.0,0.0,4,1669.0,1715.0,2,1587.0,1785.0,0.0,0.0,0.0,0.0,8
2023-05-10 21:06:27,ru2401C12000,ru2401C12000,1587.0,0.0,0.0,0.0,4,1669.0,1715.0,2,1587.0,1785.0,0.0,0.0,0.0,0.0,8
2023-05-10 21:06:29,ru2401C12000,ru2401C12000,1587.0,0.0,0.0,0.0,4,1669.0,1715.0,2,1587.0,1785.0,0.0,0.0,0.0,0.0,8
2023-05-10 21:06:29,ru2401C12000,ru2401C12000,1587.0,0.0,0.0,0.0,4,1669.0,1715.0,2,1587.0,1785.0,0.0,0.0,0.0,0.0,8
2023-05-10 21:06:32,ru2401C12000,ru2401C12000,1587.0,0.0,0.0,0.0,4,1669.0,1715.0,2,1587.0,1785.0,0.0,0.0,0.0,0.0,8
2023-05-10 21:06:32,ru2401C12000,ru2401C12000,1587.0,0.0,0.0,0.0,4,1669.0,1715.0,2,1587.0,1785.0,0.0,0.0,0.0,0.0,8
2023-05-10 21:06:33,ru2401C12000,ru2401C12000,1587.0,0.0,0.0,0.0,4,1669.0,1715.0,2,1587.0,1785.0,0.0,0.0,0.0,0.0,8
2023-05-10 21:06:35,ru2401C12000,ru2401C12000,1587.0,0.0,0.0,0.0,4,1669.0,1715.0,2,1587.0,1785.0,0.0,0.0,0.0,0.0,8
2023-05-10 21:06:36,ru2401C12000,ru2401C12000,1587.0,0.0,0.0,0.0,4,1669.0,1715.0,2,1587.0,1785.0,0.0,0.0,0.0,0.0,8
2023-05-10 21:06:36,ru2401C12000,ru2401C12000,1587.0,0.0,0.0,0.0,4,1669.0,1715.0,2,1587.0,1785.0,0.0,0.0,0.0,0.0,8
2023-05-10 21:06:37,ru2401C12000,ru2401C12000,1587.0,0.0,0.0,0.0,4,1669.0,1715.0,2,1587.0,1785.0,0.0,0.0,0.0,0.0,8
2023-05-10 21:06:41,ru2401C12000,ru2401C12000,1587.0,0.0,0.0,0.0,4,1669.0,1715.0,2,1587.0,1785.0,0.0,0.0,0.0,0.0,8
2023-05-10 21:06:44,ru2401C12000,ru2401C12000,1587.0,0.0,0.0,0.0,4,1669.0,1715.0,2,1587.0,1785.0,0.0,0.0,0.0,0.0,8
2023-05-10 21:06:45,ru2401C12000,ru2401C12000,1587.0,0.0,0.0,0.0,4,1669.0,1715.0,2,1587.0,1785.0,0.0,0.0,0.0,0.0,8
2023-05-10 21:06:46,ru2401C12000,ru2401C12000,1587.0,0.0,0.0,0.0,4,1669.0,1715.0,2,1587.0,1785.0,0.0,0.0,0.0,0.0,8
2023-05-10 21:06:47,ru2401C12000,ru2401C12000,1587.0,0.0,0.0,0.0,4,1669.0,1715.0,2,1587.0,1785.0,0.0,0.0,0.0,0.0,8
2023-05-10 21:06:48,ru2401C12000,ru2401C12000,1587.0,0.0,0.0,0.0,4,1669.0,1715.0,2,1587.0,1785.0,0.0,0.0,0.0,0.0,8
2023-05-10 21:06:49,ru2401C12000,ru2401C12000,1587.0,0.0,0.0,0.0,4,1669.0,1715.0,2,1587.0,1785.0,0.0,0.0,0.0,0.0,8
2023-05-10 21:06:52,ru2401C12000,ru2401C12000,1587.0,0.0,0.0,0.0,4,1669.0,1715.0,2,1587.0,1785.0,0.0,0.0,0.0,0.0,8
2023-05-10 21:06:54,ru2401C12000,ru2401C12000,1587.0,0.0,0.0,0.0,4,1669.0,1715.0,2,1587.0,1785.0,0.0,0.0,0.0,0.0,8
2023-05-10 21:06:55,ru2401C12000,ru2401C12000,1587.0,0.0,0.0,0.0,4,1669.0,1715.0,2,1587.0,1785.0,0.0,0.0,0.0,0.0,8
2023-05-10 21:06:55,ru2401C12000,ru2401C12000,1587.0,0.0,0.0,0.0,4,1669.0,1715.0,2,1587.0,1785.0,0.0,0.0,0.0,0.0,8
2023-05-10 21:06:56,ru2401C12000,ru2401C12000,1587.0,0.0,0.0,0.0,4,1669.0,1715.0,2,1587.0,1785.0,0.0,0.0,0.0,0.0,8
2023-05-10 21:06:57,ru2401C12000,ru2401C12000,1587.0,0.0,0.0,0.0,4,1669.0,1715.0,2,1587.0,1785.0,0.0,0.0,0.0,0.0,8
2023-05-10 21:06:59,ru2401C12000,ru2401C12000,1587.0,0.0,0.0,0.0,4,1669.0,1715.0,2,1587.0,1785.0,0.0,0.0,0.0,0.0,8
2023-05-10 21:07:00,ru2401C12000,ru2401C12000,1587.0,0.0,0.0,0.0,4,1669.0,1715.0,2,1587.0,1785.0,0.0,0.0,0.0,0.0,8
2023-05-10 21:07:01,ru2401C12000,ru2401C12000,1587.0,0.0,0.0,0.0,4,1669.0,1715.0,2,1587.0,1785.0,0.0,0.0,0.0,0.0,8
2023-05-10 21:07:02,ru2401C12000,ru2401C12000,1587.0,0.0,0.0,0.0,4,1669.0,1715.0,2,1587.0,1785.0,0.0,0.0,0.0,0.0,8
2023-05-10 21:07:03,ru2401C12000,ru2401C12000,1587.0,0.0,0.0,0.0,4,1669.0,1715.0,2,1587.0,1785.0,0.0,0.0,0.0,0.0,8
2023-05-10 21:07:05,ru2401C12000,ru2401C12000,1587.0,0.0,0.0,0.0,4,1669.0,1715.0,2,1587.0,1785.0,0.0,0.0,0.0,0.0,8
2023-05-10 21:07:06,ru2401C12000,ru2401C12000,1587.0,0.0,0.0,0.0,2,1669.0,1715.0,2,1587.0,1785.0,0.0,0.0,0.0,0.0,8
2023-05-10 21:07:07,ru2401C12000,ru2401C12000,1587.0,0.0,0.0,0.0,4,1669.0,1715.0,2,1587.0,1785.0,0.0,0.0,0.0,0.0,8
2023-05-10 21:07:07,ru2401C12000,ru2401C12000,1587.0,0.0,0.0,0.0,4,1669.0,1715.0,2,1587.0,1785.0,0.0,0.0,0.0,0.0,8
2023-05-10 21:07:08,ru2401C12000,ru2401C12000,1587.0,0.0,0.0,0.0,4,1669.0,1715.0,2,1587.0,1785.0,0.0,0.0,0.0,0.0,8
2023-05-10 21:07:09,ru2401C12000,ru2401C12000,1587.0,0.0,0.0,0.0,4,1669.0,1715.0,2,1587.0,1785.0,0.0,0.0,0.0,0.0,8
2023-05-10 21:07:10,ru2401C12000,ru2401C12000,1587.0,0.0,0.0,0.0,4,1669.0,1715.0,2,1587.0,1785.0,0.0,0.0,0.0,0.0,8
2023-05-10 21:07:10,ru2401C12000,ru2401C12000,1587.0,0.0,0.0,0.0,4,1669.0,1715.0,2,1587.0,1785.0,0.0,0.0,0.0,0.0,8
2023-05-10 21:07:11,ru2401C12000,ru2401C12000,1587.0,0.0,0.0,0.0,4,1669.0,1715.0,2,1587.0,1785.0,0.0,0.0,0.0,0.0,8
2023-05-10 21:07:12,ru2401C12000,ru2401C12000,1587.0,0.0,0.0,0.0,4,1669.0,1715.0,2,1587.0,1785.0,0.0,0.0,0.0,0.0,8
2023-05-10 21:07:14,ru2401C12000,ru2401C12000,1587.0,0.0,0.0,0.0,4,1669.0,1715.0,2,1587.0,1785.0,0.0,0.0,0.0,0.0,8
2023-05-10 21:07:16,ru2401C12000,ru2401C12000,1587.0,0.0,0.0,0.0,4,1669.0,1715.0,2,1587.0,1785.0,0.0,0.0,0.0,0.0,8
2023-05-10 21:07:18,ru2401C12000,ru2401C12000,1587.0,0.0,0.0,0.0,4,1669.0,1715.0,2,1587.0,1785.0,0.0,0.0,0.0,0.0,8
2023-05-10 21:07:19,ru2401C12000,ru2401C12000,1587.0,0.0,0.0,0.0,4,1669.0,1715.0,2,1587.0,1785.0,0.0,0.0,0.0,0.0,8
2023-05-10 21:07:21,ru2401C12000,ru2401C12000,1587.0,0.0,0.0,0.0,4,1669.0,1715.0,2,1587.0,1785.0,0.0,0.0,0.0,0.0,8
2023-05-10 21:07:21,ru2401C12000,ru2401C12000,1587.0,0.0,0.0,0.0,4,1669.0,1715.0,2,1587.0,1785.0,0.0,0.0,0.0,0.0,8
2023-05-10 21:07:22,ru2401C12000,ru2401C12000,1587.0,0.0,0.0,0.0,4,1669.0,1715.0,2,1587.0,1785.0,0.0,0.0,0.0,0.0,8
2023-05-10 21:07:23,ru2401C12000,ru2401C12000,1587.0,0.0,0.0,0.0,4,1669.0,1715.0,2,1587.0,1785.0,0.0,0.0,0.0,0.0,8
2023-05-10 21:07:30,ru2401C12000,ru2401C12000,1587.0,0.0,0.0,0.0,4,1669.0,1715.0,2,1587.0,1785.0,0.0,0.0,0.0,0.0,8
2023-05-10 21:07:30,ru2401C12000,ru2401C12000,1587.0,0.0,0.0,0.0,4,1669.0,1715.0,2,1587.0,1785.0,0.0,0.0,0.0,0.0,8
2023-05-10 21:07:31,ru2401C12000,ru2401C12000,1587.0,0.0,0.0,0.0,4,1669.0,1715.0,2,1587.0,1785.0,0.0,0.0,0.0,0.0,8
2023-05-10 21:07:35,ru2401C12000,ru2401C12000,1587.0,0.0,0.0,0.0,4,1669.0,1715.0,2,1587.0,1785.0,0.0,0.0,0.0,0.0,8
2023-05-10 21:07:35,ru2401C12000,ru2401C12000,1587.0,0.0,0.0,0.0,4,1669.0,1715.0,2,1587.0,1785.0,0.0,0.0,0.0,0.0,8
2023-05-10 21:07:38,ru2401C12000,ru2401C12000,1587.0,0.0,0.0,0.0,4,1669.0,1715.0,2,1587.0,1785.0,0.0,0.0,0.0,0.0,8
2023-05-10 21:07:39,ru2401C12000,ru2401C12000,1587.0,0.0,0.0,0.0,4,1669.0,1715.0,2,1587.0,1785.0,0.0,0.0,0.0,0.0,8
2023-05-10 21:07:44,ru2401C12000,ru2401C12000,1587.0,0.0,0.0,0.0,4,1669.0,1715.0,2,1587.0,1785.0,0.0,0.0,0.0,0.0,8
2023-05-10 21:07:44,ru2401C12000,ru2401C12000,1587.0,0.0,0.0,0.0,4,1669.0,1715.0,2,1587.0,1785.0,0.0,0.0,0.0,0.0,8
2023-05-10 21:07:46,ru2401C12000,ru2401C12000,1587.0,0.0,0.0,0.0,4,1669.0,1715.0,2,1587.0,1785.0,0.0,0.0,0.0,0.0,8
2023-05-10 21:07:47,ru2401C12000,ru2401C12000,1587.0,0.0,0.0,0.0,4,1669.0,1715.0,2,1587.0,1785.0,0.0,0.0,0.0,0.0,8
2023-05-10 21:07:48,ru2401C12000,ru2401C12000,1587.0,0.0,0.0,0.0,4,1669.0,1715.0,2,1587.0,1785.0,0.0,0.0,0.0,0.0,8
2023-05-10 21:07:51,ru2401C12000,ru2401C12000,1587.0,0.0,0.0,0.0,4,1669.0,1715.0,2,1587.0,1785.0,0.0,0.0,0.0,0.0,8
2023-05-10 21:07:52,ru2401C12000,ru2401C12000,1587.0,0.0,0.0,0.0,4,1669.0,1715.0,2,1587.0,1785.0,0.0,0.0,0.0,0.0,8
2023-05-10 21:07:53,ru2401C12000,ru2401C12000,1587.0,0.0,0.0,0.0,4,1669.0,1715.0,2,1587.0,1785.0,0.0,0.0,0.0,0.0,8
2023-05-10 21:07:54,ru2401C12000,ru2401C12000,1587.0,0.0,0.0,0.0,4,1669.0,1715.0,2,1587.0,1785.0,0.0,0.0,0.0,0.0,8
2023-05-10 21:07:54,ru2401C12000,ru2401C12000,1587.0,0.0,0.0,0.0,4,1669.0,1715.0,2,1587.0,1785.0,0.0,0.0,0.0,0.0,8
2023-05-10 21:07:55,ru2401C12000,ru2401C12000,1587.0,0.0,0.0,0.0,4,1669.0,1715.0,2,1587.0,1785.0,0.0,0.0,0.0,0.0,8
2023-05-10 21:07:59,ru2401C12000,ru2401C12000,1587.0,0.0,0.0,0.0,4,1669.0,1715.0,2,1587.0,1785.0,0.0,0.0,0.0,0.0,8
2023-05-10 21:07:59,ru2401C12000,ru2401C12000,1587.0,0.0,0.0,0.0,4,1669.0,1715.0,2,1587.0,1785.0,0.0,0.0,0.0,0.0,8
2023-05-10 21:08:01,ru2401C12000,ru2401C12000,1587.0,0.0,0.0,0.0,4,1669.0,1715.0,2,1587.0,1785.0,0.0,0.0,0.0,0.0,8
2023-05-10 21:08:02,ru2401C12000,ru2401C12000,1587.0,0.0,0.0,0.0,4,1669.0,1715.0,2,1587.0,1785.0,0.0,0.0,0.0,0.0,8
2023-05-10 21:08:03,ru2401C12000,ru2401C12000,1587.0,0.0,0.0,0.0,4,1669.0,1715.0,2,1587.0,1785.0,0.0,0.0,0.0,0.0,8
2023-05-10 21:08:06,ru2401C12000,ru2401C12000,1587.0,0.0,0.0,0.0,4,1669.0,1715.0,2,1587.0,1785.0,0.0,0.0,0.0,0.0,8
2023-05-10 21:08:08,ru2401C12000,ru2401C12000,1587.0,0.0,0.0,0.0,4,1669.0,1715.0,2,1587.0,1785.0,0.0,0.0,0.0,0.0,8
2023-05-10 21:08:08,ru2401C12000,ru2401C12000,1587.0,0.0,0.0,0.0,4,1669.0,1715.0,2,1587.0,1785.0,0.0,0.0,0.0,0.0,8
2023-05-10 21:08:11,ru2401C12000,ru2401C12000,1587.0,0.0,0.0,0.0,4,1669.0,1715.0,2,1587.0,1785.0,0.0,0.0,0.0,0.0,8
2023-05-10 21:08:14,ru2401C12000,ru2401C12000,1587.0,0.0,0.0,0.0,4,1669.0,1715.0,2,1587.0,1785.0,0.0,0.0,0.0,0.0,8
2023-05-10 21:08:15,ru2401C12000,ru2401C12000,1587.0,0.0,0.0,0.0,6,1669.0,1715.0,2,1587.0,1785.0,0.0,0.0,0.0,0.0,8
2023-05-10 21:08:15,ru2401C12000,ru2401C12000,1587.0,0.0,0.0,0.0,6,1669.0,1715.0,2,1587.0,1785.0,0.0,0.0,0.0,0.0,8
2023-05-10 21:08:16,ru2401C12000,ru2401C12000,1587.0,0.0,0.0,0.0,6,1669.0,1715.0,2,1587.0,1785.0,0.0,0.0,0.0,0.0,8
2023-05-10 21:08:18,ru2401C12000,ru2401C12000,1587.0,0.0,0.0,0.0,6,1669.0,1715.0,2,1587.0,1785.0,0.0,0.0,0.0,0.0,8
2023-05-10 21:08:18,ru2401C12000,ru2401C12000,1587.0,0.0,0.0,0.0,4,1669.0,1715.0,2,1587.0,1785.0,0.0,0.0,0.0,0.0,8
2023-05-10 21:08:19,ru2401C12000,ru2401C12000,1587.0,0.0,0.0,0.0,4,1669.0,1715.0,2,1587.0,1785.0,0.0,0.0,0.0,0.0,8
2023-05-10 21:08:25,ru2401C12000,ru2401C12000,1587.0,0.0,0.0,0.0,4,1669.0,1715.0,2,1587.0,1785.0,0.0,0.0,0.0,0.0,8
2023-05-10 21:08:26,ru2401C12000,ru2401C12000,1587.0,0.0,0.0,0.0,4,1669.0,1715.0,2,1587.0,1785.0,0.0,0.0,0.0,0.0,8
2023-05-10 21:08:27,ru2401C12000,ru2401C12000,1587.0,0.0,0.0,0.0,6,1669.0,1715.0,2,1587.0,1785.0,0.0,0.0,0.0,0.0,8
2023-05-10 21:08:27,ru2401C12000,ru2401C12000,1587.0,0.0,0.0,0.0,6,1669.0,1715.0,2,1587.0,1785.0,0.0,0.0,0.0,0.0,8
2023-05-10 21:08:29,ru2401C12000,ru2401C12000,1587.0,0.0,0.0,0.0,4,1669.0,1715.0,2,1587.0,1785.0,0.0,0.0,0.0,0.0,8
2023-05-10 21:08:29,ru2401C12000,ru2401C12000,1587.0,0.0,0.0,0.0,4,1669.0,1715.0,2,1587.0,1785.0,0.0,0.0,0.0,0.0,8
2023-05-10 21:08:31,ru2401C12000,ru2401C12000,1587.0,0.0,0.0,0.0,6,1669.0,1715.0,2,1587.0,1785.0,0.0,0.0,0.0,0.0,8
2023-05-10 21:08:31,ru2401C12000,ru2401C12000,1587.0,0.0,0.0,0.0,6,1669.0,1715.0,2,1587.0,1785.0,0.0,0.0,0.0,0.0,8
2023-05-10 21:08:33,ru2401C12000,ru2401C12000,1587.0,0.0,0.0,0.0,4,1669.0,1715.0,2,1587.0,1785.0,0.0,0.0,0.0,0.0,8
2023-05-10 21:08:33,ru2401C12000,ru2401C12000,1587.0,0.0,0.0,0.0,4,1669.0,1715.0,2,1587.0,1785.0,0.0,0.0,0.0,0.0,8
2023-05-10 21:08:35,ru2401C12000,ru2401C12000,1587.0,0.0,0.0,0.0,4,1669.0,1715.0,2,1587.0,1785.0,0.0,0.0,0.0,0.0,8
2023-05-10 21:08:35,ru2401C12000,ru2401C12000,1587.0,0.0,0.0,0.0,4,1669.0,1715.0,2,1587.0,1785.0,0.0,0.0,0.0,0.0,8
2023-05-10 21:08:36,ru2401C12000,ru2401C12000,1587.0,0.0,0.0,0.0,4,1669.0,1715.0,2,1587.0,1785.0,0.0,0.0,0.0,0.0,8
2023-05-10 21:08:36,ru2401C12000,ru2401C12000,1587.0,0.0,0.0,0.0,4,1669.0,1715.0,2,1587.0,1785.0,0.0,0.0,0.0,0.0,8
2023-05-10 21:08:41,ru2401C12000,ru2401C12000,1587.0,0.0,0.0,0.0,4,1669.0,1715.0,2,1587.0,1785.0,0.0,0.0,0.0,0.0,8
2023-05-10 21:08:46,ru2401C12000,ru2401C12000,1587.0,0.0,0.0,0.0,4,1669.0,1715.0,2,1587.0,1785.0,0.0,0.0,0.0,0.0,8
2023-05-10 21:08:47,ru2401C12000,ru2401C12000,1587.0,0.0,0.0,0.0,4,1669.0,1715.0,2,1587.0,1785.0,0.0,0.0,0.0,0.0,8
2023-05-10 21:08:51,ru2401C12000,ru2401C12000,1587.0,0.0,0.0,0.0,6,1669.0,1715.0,2,1587.0,1785.0,0.0,0.0,0.0,0.0,8
2023-05-10 21:08:51,ru2401C12000,ru2401C12000,1587.0,0.0,0.0,0.0,6,1669.0,1715.0,2,1587.0,1785.0,0.0,0.0,0.0,0.0,8
2023-05-10 21:09:05,ru2401C12000,ru2401C12000,1587.0,0.0,0.0,0.0,4,1669.0,1715.0,2,1587.0,1785.0,0.0,0.0,0.0,0.0,8
2023-05-10 21:09:06,ru2401C12000,ru2401C12000,1587.0,0.0,0.0,0.0,6,1669.0,1715.0,2,1587.0,1785.0,0.0,0.0,0.0,0.0,8
2023-05-10 21:09:06,ru2401C12000,ru2401C12000,1587.0,0.0,0.0,0.0,6,1669.0,1715.0,2,1587.0,1785.0,0.0,0.0,0.0,0.0,8
2023-05-10 21:09:08,ru2401C12000,ru2401C12000,1587.0,0.0,0.0,0.0,4,1669.0,1715.0,2,1587.0,1785.0,0.0,0.0,0.0,0.0,8
2023-05-10 21:09:09,ru2401C12000,ru2401C12000,1587.0,0.0,0.0,0.0,4,1669.0,1715.0,2,1587.0,1785.0,0.0,0.0,0.0,0.0,8
2023-05-10 21:09:09,ru2401C12000,ru2401C12000,1587.0,0.0,0.0,0.0,6,1669.0,1715.0,2,1587.0,1785.0,0.0,0.0,0.0,0.0,8
2023-05-10 21:09:10,ru2401C12000,ru2401C12000,1587.0,0.0,0.0,0.0,6,1669.0,1715.0,2,1587.0,1785.0,0.0,0.0,0.0,0.0,8
2023-05-10 21:09:10,ru2401C12000,ru2401C12000,1587.0,0.0,0.0,0.0,2,1677.0,1723.0,2,1587.0,1785.0,0.0,0.0,0.0,0.0,8
2023-05-10 21:09:11,ru2401C12000,ru2401C12000,1587.0,0.0,0.0,0.0,6,1677.0,1723.0,2,1587.0,1785.0,0.0,0.0,0.0,0.0,8
2023-05-10 21:09:12,ru2401C12000,ru2401C12000,1587.0,0.0,0.0,0.0,6,1677.0,1723.0,2,1587.0,1785.0,0.0,0.0,0.0,0.0,8
2023-05-10 21:09:12,ru2401C12000,ru2401C12000,1587.0,0.0,0.0,0.0,4,1677.0,1723.0,2,1587.0,1785.0,0.0,0.0,0.0,0.0,8
2023-05-10 21:09:13,ru2401C12000,ru2401C12000,1587.0,0.0,0.0,0.0,6,1677.0,1723.0,2,1587.0,1785.0,0.0,0.0,0.0,0.0,8
2023-05-10 21:09:13,ru2401C12000,ru2401C12000,1587.0,0.0,0.0,0.0,6,1677.0,1723.0,2,1587.0,1785.0,0.0,0.0,0.0,0.0,8
2023-05-10 21:09:20,ru2401C12000,ru2401C12000,1587.0,0.0,0.0,0.0,6,1677.0,1723.0,2,1587.0,1785.0,0.0,0.0,0.0,0.0,8
2023-05-10 21:09:21,ru2401C12000,ru2401C12000,1587.0,0.0,0.0,0.0,6,1677.0,1723.0,2,1587.0,1785.0,0.0,0.0,0.0,0.0,8
2023-05-10 21:09:22,ru2401C12000,ru2401C12000,1587.0,0.0,0.0,0.0,6,1677.0,1723.0,2,1587.0,1785.0,0.0,0.0,0.0,0.0,8
2023-05-10 21:09:23,ru2401C12000,ru2401C12000,1587.0,0.0,0.0,0.0,6,1677.0,1723.0,2,1587.0,1785.0,0.0,0.0,0.0,0.0,8
2023-05-10 21:09:26,ru2401C12000,ru2401C12000,1587.0,0.0,0.0,0.0,4,1677.0,1723.0,2,1587.0,1785.0,0.0,0.0,0.0,0.0,8
2023-05-10 21:09:26,ru2401C12000,ru2401C12000,1587.0,0.0,0.0,0.0,4,1677.0,1723.0,2,1587.0,1785.0,0.0,0.0,0.0,0.0,8
2023-05-10 21:09:27,ru2401C12000,ru2401C12000,1587.0,0.0,0.0,0.0,4,1677.0,1723.0,2,1587.0,1785.0,0.0,0.0,0.0,0.0,8
2023-05-10 21:09:28,ru2401C12000,ru2401C12000,1587.0,0.0,0.0,0.0,4,1677.0,1723.0,2,1587.0,1785.0,0.0,0.0,0.0,0.0,8
2023-05-10 21:09:28,ru2401C12000,ru2401C12000,1587.0,0.0,0.0,0.0,4,1677.0,1723.0,2,1587.0,1785.0,0.0,0.0,0.0,0.0,8
2023-05-10 21:09:29,ru2401C12000,ru2401C12000,1587.0,0.0,0.0,0.0,4,1677.0,1723.0,2,1587.0,1785.0,0.0,0.0,0.0,0.0,8
2023-05-10 21:09:30,ru2401C12000,ru2401C12000,1587.0,0.0,0.0,0.0,2,1686.0,1732.0,2,1587.0,1785.0,0.0,0.0,0.0,0.0,8
2023-05-10 21:09:34,ru2401C12000,ru2401C12000,1587.0,0.0,0.0,0.0,4,1686.0,1732.0,2,1587.0,1785.0,0.0,0.0,0.0,0.0,8
2023-05-10 21:09:37,ru2401C12000,ru2401C12000,1587.0,0.0,0.0,0.0,2,1696.0,1742.0,2,1587.0,1785.0,0.0,0.0,0.0,0.0,8
2023-05-10 21:09:37,ru2401C12000,ru2401C12000,1587.0,0.0,0.0,0.0,2,1696.0,1742.0,2,1587.0,1785.0,0.0,0.0,0.0,0.0,8
2023-05-10 21:09:39,ru2401C12000,ru2401C12000,1587.0,0.0,0.0,0.0,4,1696.0,1742.0,2,1587.0,1785.0,0.0,0.0,0.0,0.0,8
2023-05-10 21:09:41,ru2401C12000,ru2401C12000,1587.0,0.0,0.0,0.0,4,1696.0,1742.0,2,1587.0,1785.0,0.0,0.0,0.0,0.0,8
2023-05-10 21:09:44,ru2401C12000,ru2401C12000,1587.0,0.0,0.0,0.0,4,1696.0,1742.0,2,1587.0,1785.0,0.0,0.0,0.0,0.0,8
2023-05-10 21:09:48,ru2401C12000,ru2401C12000,1587.0,0.0,0.0,0.0,4,1696.0,1742.0,2,1587.0,1785.0,0.0,0.0,0.0,0.0,8
2023-05-10 21:09:49,ru2401C12000,ru2401C12000,1587.0,0.0,0.0,0.0,4,1696.0,1742.0,2,1587.0,1785.0,0.0,0.0,0.0,0.0,8
2023-05-10 21:09:50,ru2401C12000,ru2401C12000,1587.0,0.0,0.0,0.0,4,1696.0,1742.0,2,1587.0,1785.0,0.0,0.0,0.0,0.0,8
2023-05-10 21:09:51,ru2401C12000,ru2401C12000,1587.0,0.0,0.0,0.0,4,1696.0,1742.0,2,1587.0,1785.0,0.0,0.0,0.0,0.0,8
2023-05-10 21:09:51,ru2401C12000,ru2401C12000,1587.0,0.0,0.0,0.0,4,1696.0,1742.0,2,1587.0,1785.0,0.0,0.0,0.0,0.0,8
2023-05-10 21:09:54,ru2401C12000,ru2401C12000,1587.0,0.0,0.0,0.0,4,1696.0,1742.0,2,1587.0,1785.0,0.0,0.0,0.0,0.0,8
2023-05-10 21:09:54,ru2401C12000,ru2401C12000,1587.0,0.0,0.0,0.0,4,1696.0,1742.0,2,1587.0,1785.0,0.0,0.0,0.0,0.0,8
2023-05-10 21:09:55,ru2401C12000,ru2401C12000,1587.0,0.0,0.0,0.0,4,1696.0,1742.0,2,1587.0,1785.0,0.0,0.0,0.0,0.0,8
2023-05-10 21:09:55,ru2401C12000,ru2401C12000,1587.0,0.0,0.0,0.0,4,1696.0,1742.0,2,1587.0,1785.0,0.0,0.0,0.0,0.0,8
2023-05-10 21:09:56,ru2401C12000,ru2401C12000,1587.0,0.0,0.0,0.0,4,1696.0,1742.0,2,1587.0,1785.0,0.0,0.0,0.0,0.0,8
2023-05-10 21:09:57,ru2401C12000,ru2401C12000,1587.0,0.0,0.0,0.0,4,1696.0,1742.0,2,1587.0,1785.0,0.0,0.0,0.0,0.0,8
2023-05-10 21:09:57,ru2401C12000,ru2401C12000,1587.0,0.0,0.0,0.0,4,1696.0,1742.0,2,1587.0,1785.0,0.0,0.0,0.0,0.0,8
2023-05-10 21:09:58,ru2401C12000,ru2401C12000,1587.0,0.0,0.0,0.0,4,1696.0,1742.0,2,1587.0,1785.0,0.0,0.0,0.0,0.0,8
2023-05-10 21:10:02,ru2401C12000,ru2401C12000,1587.0,0.0,0.0,0.0,4,1696.0,1742.0,2,1587.0,1785.0,0.0,0.0,0.0,0.0,8
2023-05-10 21:10:02,ru2401C12000,ru2401C12000,1587.0,0.0,0.0,0.0,4,1696.0,1742.0,2,1587.0,1785.0,0.0,0.0,0.0,0.0,8
2023-05-10 21:10:03,ru2401C12000,ru2401C12000,1587.0,0.0,0.0,0.0,4,1696.0,1742.0,2,1587.0,1785.0,0.0,0.0,0.0,0.0,8
2023-05-10 21:10:04,ru2401C12000,ru2401C12000,1587.0,0.0,0.0,0.0,4,1696.0,1742.0,2,1587.0,1785.0,0.0,0.0,0.0,0.0,8
2023-05-10 21:10:04,ru2401C12000,ru2401C12000,1587.0,0.0,0.0,0.0,4,1696.0,1742.0,2,1587.0,1785.0,0.0,0.0,0.0,0.0,8
2023-05-10 21:10:05,ru2401C12000,ru2401C12000,1587.0,0.0,0.0,0.0,4,1696.0,1742.0,2,1587.0,1785.0,0.0,0.0,0.0,0.0,8
2023-05-10 21:10:06,ru2401C12000,ru2401C12000,1587.0,0.0,0.0,0.0,2,1704.0,1750.0,2,1587.0,1785.0,0.0,0.0,0.0,0.0,8
2023-05-10 21:10:08,ru2401C12000,ru2401C12000,1587.0,0.0,0.0,0.0,4,1704.0,1750.0,2,1587.0,1785.0,0.0,0.0,0.0,0.0,8
2023-05-10 21:10:13,ru2401C12000,ru2401C12000,1587.0,0.0,0.0,0.0,2,1712.0,1758.0,2,1587.0,1785.0,0.0,0.0,0.0,0.0,8
2023-05-10 21:10:13,ru2401C12000,ru2401C12000,1587.0,0.0,0.0,0.0,2,1712.0,1758.0,2,1587.0,1785.0,0.0,0.0,0.0,0.0,8
2023-05-10 21:10:14,ru2401C12000,ru2401C12000,1587.0,0.0,0.0,0.0,4,1712.0,1758.0,2,1587.0,1785.0,0.0,0.0,0.0,0.0,8
2023-05-10 21:10:14,ru2401C12000,ru2401C12000,1587.0,0.0,0.0,0.0,4,1712.0,1758.0,2,1587.0,1785.0,0.0,0.0,0.0,0.0,8
2023-05-10 21:10:15,ru2401C12000,ru2401C12000,1587.0,0.0,0.0,0.0,4,1712.0,1758.0,2,1587.0,1785.0,0.0,0.0,0.0,0.0,8
2023-05-10 21:10:16,ru2401C12000,ru2401C12000,1587.0,0.0,0.0,0.0,4,1712.0,1758.0,2,1587.0,1785.0,0.0,0.0,0.0,0.0,8
2023-05-10 21:10:16,ru2401C12000,ru2401C12000,1587.0,0.0,0.0,0.0,4,1712.0,1758.0,2,1587.0,1785.0,0.0,0.0,0.0,0.0,8
2023-05-10 21:10:18,ru2401C12000,ru2401C12000,1587.0,0.0,0.0,0.0,2,1720.0,1766.0,2,1587.0,1785.0,0.0,0.0,0.0,0.0,8
2023-05-10 21:10:19,ru2401C12000,ru2401C12000,1587.0,0.0,0.0,0.0,4,1720.0,1766.0,2,1587.0,1785.0,0.0,0.0,0.0,0.0,8
2023-05-10 21:10:19,ru2401C12000,ru2401C12000,1587.0,0.0,0.0,0.0,4,1720.0,1766.0,2,1587.0,1785.0,0.0,0.0,0.0,0.0,8
2023-05-10 21:10:20,ru2401C12000,ru2401C12000,1587.0,0.0,0.0,0.0,4,1720.0,1766.0,2,1587.0,1785.0,0.0,0.0,0.0,0.0,8
2023-05-10 21:10:24,ru2401C12000,ru2401C12000,1587.0,0.0,0.0,0.0,2,1728.0,1774.0,2,1587.0,1785.0,0.0,0.0,0.0,0.0,8
2023-05-10 21:10:25,ru2401C12000,ru2401C12000,1587.0,0.0,0.0,0.0,4,1728.0,1774.0,2,1587.0,1785.0,0.0,0.0,0.0,0.0,8
2023-05-10 21:10:26,ru2401C12000,ru2401C12000,1587.0,0.0,0.0,0.0,4,1728.0,1774.0,2,1587.0,1785.0,0.0,0.0,0.0,0.0,8
2023-05-10 21:10:26,ru2401C12000,ru2401C12000,1587.0,0.0,0.0,0.0,4,1728.0,1774.0,2,1587.0,1785.0,0.0,0.0,0.0,0.0,8
2023-05-10 21:10:27,ru2401C12000,ru2401C12000,1587.0,0.0,0.0,0.0,4,1728.0,1774.0,2,1587.0,1785.0,0.0,0.0,0.0,0.0,8
2023-05-10 21:10:29,ru2401C12000,ru2401C12000,1587.0,0.0,0.0,0.0,4,1728.0,1774.0,2,1587.0,1785.0,0.0,0.0,0.0,0.0,8
2023-05-10 21:10:30,ru2401C12000,ru2401C12000,1587.0,0.0,0.0,0.0,2,1736.0,1782.0,2,1587.0,1785.0,0.0,0.0,0.0,0.0,8
2023-05-10 21:10:30,ru2401C12000,ru2401C12000,1587.0,0.0,0.0,0.0,4,1736.0,1782.0,2,1587.0,1785.0,0.0,0.0,0.0,0.0,8
2023-05-10 21:10:31,ru2401C12000,ru2401C12000,1587.0,0.0,0.0,0.0,4,1736.0,1782.0,2,1587.0,1785.0,0.0,0.0,0.0,0.0,8
2023-05-10 21:10:31,ru2401C12000,ru2401C12000,1587.0,0.0,0.0,0.0,4,1736.0,1782.0,2,1587.0,1785.0,0.0,0.0,0.0,0.0,8
2023-05-10 21:10:32,ru2401C12000,ru2401C12000,1587.0,0.0,0.0,0.0,4,1736.0,1782.0,2,1587.0,1785.0,0.0,0.0,0.0,0.0,8
2023-05-10 21:10:32,ru2401C12000,ru2401C12000,1587.0,0.0,0.0,0.0,4,1736.0,1782.0,2,1587.0,1785.0,0.0,0.0,0.0,0.0,8
2023-05-10 21:10:33,ru2401C12000,ru2401C12000,1587.0,0.0,0.0,0.0,4,1736.0,1782.0,2,1587.0,1785.0,0.0,0.0,0.0,0.0,8
2023-05-10 21:10:34,ru2401C12000,ru2401C12000,1587.0,0.0,0.0,0.0,4,1736.0,1782.0,2,1587.0,1785.0,0.0,0.0,0.0,0.0,8
2023-05-10 21:10:34,ru2401C12000,ru2401C12000,1587.0,0.0,0.0,0.0,2,1746.0,1792.0,2,1587.0,1785.0,0.0,0.0,0.0,0.0,8
2023-05-10 21:10:35,ru2401C12000,ru2401C12000,1587.0,0.0,0.0,0.0,4,1746.0,1792.0,2,1587.0,1785.0,0.0,0.0,0.0,0.0,8
2023-05-10 21:10:36,ru2401C12000,ru2401C12000,1587.0,0.0,0.0,0.0,4,1746.0,1792.0,2,1587.0,1785.0,0.0,0.0,0.0,0.0,8
2023-05-10 21:10:37,ru2401C12000,ru2401C12000,1587.0,0.0,0.0,0.0,4,1746.0,1792.0,2,1587.0,1785.0,0.0,0.0,0.0,0.0,8
2023-05-10 21:10:37,ru2401C12000,ru2401C12000,1587.0,0.0,0.0,0.0,4,1746.0,1792.0,2,1587.0,1785.0,0.0,0.0,0.0,0.0,8
2023-05-10 21:10:38,ru2401C12000,ru2401C12000,1587.0,0.0,0.0,0.0,4,1746.0,1792.0,2,1587.0,1785.0,0.0,0.0,0.0,0.0,8
2023-05-10 21:10:39,ru2401C12000,ru2401C12000,1587.0,0.0,0.0,0.0,4,1746.0,1792.0,2,1587.0,1785.0,0.0,0.0,0.0,0.0,8
2023-05-10 21:10:40,ru2401C12000,ru2401C12000,1587.0,0.0,0.0,0.0,4,1746.0,1792.0,2,1587.0,1785.0,0.0,0.0,0.0,0.0,8
2023-05-10 21:10:41,ru2401C12000,ru2401C12000,1587.0,0.0,0.0,0.0,4,1746.0,1792.0,2,1587.0,1785.0,0.0,0.0,0.0,0.0,8
2023-05-10 21:10:43,ru2401C12000,ru2401C12000,1587.0,0.0,0.0,0.0,4,1746.0,1792.0,2,1587.0,1785.0,0.0,0.0,0.0,0.0,8
2023-05-10 21:10:43,ru2401C12000,ru2401C12000,1587.0,0.0,0.0,0.0,4,1746.0,1792.0,2,1587.0,1785.0,0.0,0.0,0.0,0.0,8
2023-05-10 21:10:44,ru2401C12000,ru2401C12000,1587.0,0.0,0.0,0.0,4,1746.0,1792.0,2,1587.0,1785.0,0.0,0.0,0.0,0.0,8
2023-05-10 21:10:44,ru2401C12000,ru2401C12000,1587.0,0.0,0.0,0.0,2,1755.0,1801.0,2,1587.0,1785.0,0.0,0.0,0.0,0.0,8
2023-05-10 21:10:45,ru2401C12000,ru2401C12000,1587.0,0.0,0.0,0.0,2,1755.0,1801.0,2,1587.0,1785.0,0.0,0.0,0.0,0.0,8
2023-05-10 21:10:45,ru2401C12000,ru2401C12000,1587.0,0.0,0.0,0.0,2,1755.0,1801.0,2,1587.0,1785.0,0.0,0.0,0.0,0.0,8
2023-05-10 21:10:46,ru2401C12000,ru2401C12000,1587.0,0.0,0.0,0.0,2,1755.0,1801.0,2,1587.0,1785.0,0.0,0.0,0.0,0.0,8
2023-05-10 21:10:46,ru2401C12000,ru2401C12000,1587.0,0.0,0.0,0.0,2,1755.0,1801.0,2,1587.0,1785.0,0.0,0.0,0.0,0.0,8
2023-05-10 21:10:47,ru2401C12000,ru2401C12000,1587.0,0.0,0.0,0.0,2,1755.0,1801.0,2,1587.0,1785.0,0.0,0.0,0.0,0.0,8
2023-05-10 21:10:48,ru2401C12000,ru2401C12000,1587.0,0.0,0.0,0.0,4,1755.0,1801.0,2,1587.0,1785.0,0.0,0.0,0.0,0.0,8
2023-05-10 21:10:48,ru2401C12000,ru2401C12000,1587.0,0.0,0.0,0.0,4,1755.0,1801.0,2,1587.0,1785.0,0.0,0.0,0.0,0.0,8
2023-05-10 21:10:49,ru2401C12000,ru2401C12000,1587.0,0.0,0.0,0.0,2,1765.0,1811.0,2,1587.0,1785.0,0.0,0.0,0.0,0.0,8
2023-05-10 21:10:49,ru2401C12000,ru2401C12000,1587.0,0.0,0.0,0.0,4,1765.0,1811.0,2,1587.0,1785.0,0.0,0.0,0.0,0.0,8
2023-05-10 21:10:50,ru2401C12000,ru2401C12000,1587.0,0.0,0.0,0.0,4,1765.0,1811.0,2,1587.0,1785.0,0.0,0.0,0.0,0.0,8
2023-05-10 21:10:51,ru2401C12000,ru2401C12000,1587.0,0.0,0.0,0.0,4,1765.0,1811.0,2,1587.0,1785.0,0.0,0.0,0.0,0.0,8
2023-05-10 21:10:52,ru2401C12000,ru2401C12000,1587.0,0.0,0.0,0.0,4,1765.0,1811.0,2,1587.0,1785.0,0.0,0.0,0.0,0.0,8
2023-05-10 21:10:52,ru2401C12000,ru2401C12000,1587.0,0.0,0.0,0.0,4,1765.0,1811.0,2,1587.0,1785.0,0.0,0.0,0.0,0.0,8
2023-05-10 21:10:53,ru2401C12000,ru2401C12000,1587.0,0.0,0.0,0.0,4,1765.0,1811.0,2,1587.0,1785.0,0.0,0.0,0.0,0.0,8
2023-05-10 21:10:53,ru2401C12000,ru2401C12000,1587.0,0.0,0.0,0.0,2,1765.0,1800.0,2,1587.0,1785.0,0.0,0.0,0.0,0.0,8
2023-05-10 21:10:54,ru2401C12000,ru2401C12000,1587.0,0.0,0.0,0.0,4,1754.0,1800.0,2,1587.0,1785.0,0.0,0.0,0.0,0.0,8
2023-05-10 21:10:54,ru2401C12000,ru2401C12000,1587.0,0.0,0.0,0.0,4,1754.0,1800.0,2,1587.0,1785.0,0.0,0.0,0.0,0.0,8
2023-05-10 21:10:55,ru2401C12000,ru2401C12000,1587.0,0.0,0.0,0.0,4,1754.0,1800.0,2,1587.0,1785.0,0.0,0.0,0.0,0.0,8
2023-05-10 21:10:56,ru2401C12000,ru2401C12000,1587.0,0.0,0.0,0.0,4,1754.0,1800.0,2,1587.0,1785.0,0.0,0.0,0.0,0.0,8
2023-05-10 21:10:56,ru2401C12000,ru2401C12000,1587.0,0.0,0.0,0.0,4,1754.0,1800.0,2,1587.0,1785.0,0.0,0.0,0.0,0.0,8
2023-05-10 21:10:57,ru2401C12000,ru2401C12000,1587.0,0.0,0.0,0.0,4,1754.0,1800.0,2,1587.0,1785.0,0.0,0.0,0.0,0.0,8
2023-05-10 21:10:57,ru2401C12000,ru2401C12000,1587.0,0.0,0.0,0.0,4,1754.0,1800.0,2,1587.0,1785.0,0.0,0.0,0.0,0.0,8
2023-05-10 21:10:58,ru2401C12000,ru2401C12000,1587.0,0.0,0.0,0.0,4,1754.0,1800.0,2,1587.0,1785.0,0.0,0.0,0.0,0.0,8
2023-05-10 21:10:58,ru2401C12000,ru2401C12000,1587.0,0.0,0.0,0.0,4,1754.0,1800.0,2,1587.0,1785.0,0.0,0.0,0.0,0.0,8
2023-05-10 21:10:59,ru2401C12000,ru2401C12000,1587.0,0.0,0.0,0.0,2,1763.0,1809.0,2,1587.0,1785.0,0.0,0.0,0.0,0.0,8
2023-05-10 21:11:00,ru2401C12000,ru2401C12000,1587.0,0.0,0.0,0.0,4,1763.0,1809.0,2,1587.0,1785.0,0.0,0.0,0.0,0.0,8
2023-05-10 21:11:01,ru2401C12000,ru2401C12000,1587.0,0.0,0.0,0.0,4,1763.0,1809.0,2,1587.0,1785.0,0.0,0.0,0.0,0.0,8
2023-05-10 21:11:02,ru2401C12000,ru2401C12000,1587.0,0.0,0.0,0.0,2,1763.0,1801.0,2,1587.0,1785.0,0.0,0.0,0.0,0.0,8
2023-05-10 21:11:02,ru2401C12000,ru2401C12000,1587.0,0.0,0.0,0.0,2,1763.0,1801.0,2,1587.0,1785.0,0.0,0.0,0.0,0.0,8
2023-05-10 21:11:03,ru2401C12000,ru2401C12000,1587.0,0.0,0.0,0.0,4,1755.0,1801.0,2,1587.0,1785.0,0.0,0.0,0.0,0.0,8
2023-05-10 21:11:04,ru2401C12000,ru2401C12000,1587.0,0.0,0.0,0.0,4,1755.0,1801.0,2,1587.0,1785.0,0.0,0.0,0.0,0.0,8
2023-05-10 21:11:05,ru2401C12000,ru2401C12000,1587.0,0.0,0.0,0.0,4,1755.0,1801.0,2,1587.0,1785.0,0.0,0.0,0.0,0.0,8
2023-05-10 21:11:05,ru2401C12000,ru2401C12000,1587.0,0.0,0.0,0.0,4,1755.0,1801.0,2,1587.0,1785.0,0.0,0.0,0.0,0.0,8
2023-05-10 21:11:06,ru2401C12000,ru2401C12000,1587.0,0.0,0.0,0.0,4,1755.0,1801.0,2,1587.0,1785.0,0.0,0.0,0.0,0.0,8
2023-05-10 21:11:06,ru2401C12000,ru2401C12000,1587.0,0.0,0.0,0.0,4,1755.0,1801.0,2,1587.0,1785.0,0.0,0.0,0.0,0.0,8
2023-05-10 21:11:07,ru2401C12000,ru2401C12000,1587.0,0.0,0.0,0.0,4,1755.0,1801.0,2,1587.0,1785.0,0.0,0.0,0.0,0.0,8
2023-05-10 21:11:09,ru2401C12000,ru2401C12000,1587.0,0.0,0.0,0.0,2,1763.0,1809.0,2,1587.0,1785.0,0.0,0.0,0.0,0.0,8
2023-05-10 21:11:09,ru2401C12000,ru2401C12000,1587.0,0.0,0.0,0.0,4,1763.0,1809.0,2,1587.0,1785.0,0.0,0.0,0.0,0.0,8
2023-05-10 21:11:10,ru2401C12000,ru2401C12000,1587.0,0.0,0.0,0.0,2,1763.0,1809.0,2,1587.0,1785.0,0.0,0.0,0.0,0.0,8
2023-05-10 21:11:10,ru2401C12000,ru2401C12000,1587.0,0.0,0.0,0.0,4,1763.0,1809.0,2,1587.0,1785.0,0.0,0.0,0.0,0.0,8
2023-05-10 21:11:11,ru2401C12000,ru2401C12000,1587.0,0.0,0.0,0.0,4,1763.0,1809.0,2,1587.0,1785.0,0.0,0.0,0.0,0.0,8
2023-05-10 21:11:12,ru2401C12000,ru2401C12000,1587.0,0.0,0.0,0.0,2,1763.0,1801.0,2,1587.0,1785.0,0.0,0.0,0.0,0.0,8
2023-05-10 21:11:15,ru2401C12000,ru2401C12000,1587.0,0.0,0.0,0.0,4,1755.0,1801.0,2,1587.0,1785.0,0.0,0.0,0.0,0.0,8
2023-05-10 21:11:15,ru2401C12000,ru2401C12000,1587.0,0.0,0.0,0.0,4,1755.0,1801.0,2,1587.0,1785.0,0.0,0.0,0.0,0.0,8
2023-05-10 21:11:16,ru2401C12000,ru2401C12000,1587.0,0.0,0.0,0.0,4,1755.0,1801.0,2,1587.0,1785.0,0.0,0.0,0.0,0.0,8
2023-05-10 21:11:19,ru2401C12000,ru2401C12000,1587.0,0.0,0.0,0.0,4,1755.0,1801.0,2,1587.0,1785.0,0.0,0.0,0.0,0.0,8
2023-05-10 21:11:20,ru2401C12000,ru2401C12000,1587.0,0.0,0.0,0.0,4,1755.0,1801.0,2,1587.0,1785.0,0.0,0.0,0.0,0.0,8
2023-05-10 21:11:21,ru2401C12000,ru2401C12000,1587.0,0.0,0.0,0.0,4,1755.0,1801.0,2,1587.0,1785.0,0.0,0.0,0.0,0.0,8
2023-05-10 21:11:21,ru2401C12000,ru2401C12000,1587.0,0.0,0.0,0.0,4,1755.0,1801.0,2,1587.0,1785.0,0.0,0.0,0.0,0.0,8
2023-05-10 21:11:22,ru2401C12000,ru2401C12000,1587.0,0.0,0.0,0.0,4,1755.0,1801.0,2,1587.0,1785.0,0.0,0.0,0.0,0.0,8
2023-05-10 21:11:23,ru2401C12000,ru2401C12000,1587.0,0.0,0.0,0.0,4,1755.0,1801.0,2,1587.0,1785.0,0.0,0.0,0.0,0.0,8
2023-05-10 21:11:24,ru2401C12000,ru2401C12000,1587.0,0.0,0.0,0.0,4,1755.0,1801.0,2,1587.0,1785.0,0.0,0.0,0.0,0.0,8
2023-05-10 21:11:31,ru2401C12000,ru2401C12000,1587.0,0.0,0.0,0.0,4,1755.0,1801.0,2,1587.0,1785.0,0.0,0.0,0.0,0.0,8
2023-05-10 21:11:31,ru2401C12000,ru2401C12000,1587.0,0.0,0.0,0.0,4,1755.0,1801.0,2,1587.0,1785.0,0.0,0.0,0.0,0.0,8
2023-05-10 21:11:34,ru2401C12000,ru2401C12000,1587.0,0.0,0.0,0.0,4,1755.0,1801.0,2,1587.0,1785.0,0.0,0.0,0.0,0.0,8
2023-05-10 21:11:34,ru2401C12000,ru2401C12000,1587.0,0.0,0.0,0.0,2,1755.0,1792.0,2,1587.0,1785.0,0.0,0.0,0.0,0.0,8
2023-05-10 21:11:36,ru2401C12000,ru2401C12000,1587.0,0.0,0.0,0.0,4,1746.0,1792.0,2,1587.0,1785.0,0.0,0.0,0.0,0.0,8
2023-05-10 21:11:37,ru2401C12000,ru2401C12000,1587.0,0.0,0.0,0.0,4,1746.0,1792.0,2,1587.0,1785.0,0.0,0.0,0.0,0.0,8
2023-05-10 21:11:38,ru2401C12000,ru2401C12000,1587.0,0.0,0.0,0.0,4,1746.0,1792.0,2,1587.0,1785.0,0.0,0.0,0.0,0.0,8
2023-05-10 21:11:39,ru2401C12000,ru2401C12000,1587.0,0.0,0.0,0.0,2,1746.0,1784.0,2,1587.0,1785.0,0.0,0.0,0.0,0.0,8
2023-05-10 21:11:42,ru2401C12000,ru2401C12000,1587.0,0.0,0.0,0.0,4,1738.0,1784.0,2,1587.0,1785.0,0.0,0.0,0.0,0.0,8
2023-05-10 21:11:43,ru2401C12000,ru2401C12000,1587.0,0.0,0.0,0.0,4,1738.0,1784.0,2,1587.0,1785.0,0.0,0.0,0.0,0.0,8
2023-05-10 21:11:43,ru2401C12000,ru2401C12000,1587.0,0.0,0.0,0.0,4,1738.0,1784.0,2,1587.0,1785.0,0.0,0.0,0.0,0.0,8
2023-05-10 21:11:44,ru2401C12000,ru2401C12000,1587.0,0.0,0.0,0.0,4,1738.0,1784.0,2,1587.0,1785.0,0.0,0.0,0.0,0.0,8
2023-05-10 21:11:45,ru2401C12000,ru2401C12000,1587.0,0.0,0.0,0.0,4,1738.0,1784.0,2,1587.0,1785.0,0.0,0.0,0.0,0.0,8
2023-05-10 21:11:46,ru2401C12000,ru2401C12000,1587.0,0.0,0.0,0.0,4,1738.0,1784.0,2,1587.0,1785.0,0.0,0.0,0.0,0.0,8
2023-05-10 21:11:47,ru2401C12000,ru2401C12000,1587.0,0.0,0.0,0.0,4,1738.0,1784.0,2,1587.0,1785.0,0.0,0.0,0.0,0.0,8
2023-05-10 21:11:47,ru2401C12000,ru2401C12000,1587.0,0.0,0.0,0.0,4,1738.0,1784.0,2,1587.0,1785.0,0.0,0.0,0.0,0.0,8
2023-05-10 21:11:48,ru2401C12000,ru2401C12000,1587.0,0.0,0.0,0.0,4,1738.0,1784.0,2,1587.0,1785.0,0.0,0.0,0.0,0.0,8
2023-05-10 21:11:49,ru2401C12000,ru2401C12000,1587.0,0.0,0.0,0.0,2,1738.0,1776.0,2,1587.0,1785.0,0.0,0.0,0.0,0.0,8
2023-05-10 21:11:49,ru2401C12000,ru2401C12000,1587.0,0.0,0.0,0.0,4,1730.0,1776.0,2,1587.0,1785.0,0.0,0.0,0.0,0.0,8
2023-05-10 21:11:51,ru2401C12000,ru2401C12000,1587.0,0.0,0.0,0.0,4,1730.0,1776.0,2,1587.0,1785.0,0.0,0.0,0.0,0.0,8
2023-05-10 21:11:53,ru2401C12000,ru2401C12000,1587.0,0.0,0.0,0.0,4,1730.0,1776.0,2,1587.0,1785.0,0.0,0.0,0.0,0.0,8
2023-05-10 21:11:57,ru2401C12000,ru2401C12000,1587.0,0.0,0.0,0.0,4,1730.0,1776.0,2,1587.0,1785.0,0.0,0.0,0.0,0.0,8
2023-05-10 21:11:57,ru2401C12000,ru2401C12000,1587.0,0.0,0.0,0.0,4,1730.0,1776.0,2,1587.0,1785.0,0.0,0.0,0.0,0.0,8
2023-05-10 21:11:58,ru2401C12000,ru2401C12000,1587.0,0.0,0.0,0.0,4,1730.0,1776.0,2,1587.0,1785.0,0.0,0.0,0.0,0.0,8
2023-05-10 21:11:59,ru2401C12000,ru2401C12000,1587.0,0.0,0.0,0.0,4,1730.0,1776.0,2,1587.0,1785.0,0.0,0.0,0.0,0.0,8
2023-05-10 21:12:03,ru2401C12000,ru2401C12000,1587.0,0.0,0.0,0.0,4,1730.0,1776.0,2,1587.0,1785.0,0.0,0.0,0.0,0.0,8
2023-05-10 21:12:03,ru2401C12000,ru2401C12000,1587.0,0.0,0.0,0.0,4,1730.0,1776.0,2,1587.0,1785.0,0.0,0.0,0.0,0.0,8
2023-05-10 21:12:04,ru2401C12000,ru2401C12000,1587.0,0.0,0.0,0.0,2,1739.0,1785.0,2,1587.0,1785.0,0.0,0.0,0.0,0.0,8
2023-05-10 21:12:07,ru2401C12000,ru2401C12000,1587.0,0.0,0.0,0.0,4,1739.0,1785.0,2,1587.0,1785.0,0.0,0.0,0.0,0.0,8
2023-05-10 21:12:11,ru2401C12000,ru2401C12000,1587.0,0.0,0.0,0.0,4,1739.0,1785.0,2,1587.0,1785.0,0.0,0.0,0.0,0.0,8
2023-05-10 21:12:11,ru2401C12000,ru2401C12000,1587.0,0.0,0.0,0.0,4,1739.0,1785.0,2,1587.0,1785.0,0.0,0.0,0.0,0.0,8
2023-05-10 21:12:12,ru2401C12000,ru2401C12000,1587.0,0.0,0.0,0.0,4,1739.0,1785.0,2,1587.0,1785.0,0.0,0.0,0.0,0.0,8
2023-05-10 21:12:15,ru2401C12000,ru2401C12000,1785.0,2.0,35700.0,0.0,4,1739.0,1840.0,2,1587.0,1785.0,1785.0,1785.0,2.0,35700.0,8
2023-05-10 21:12:15,ru2401C12000,ru2401C12000,1785.0,0.0,0.0,0.0,2,1739.0,0.0,0,1587.0,1785.0,1785.0,1785.0,2.0,35700.0,8
2023-05-10 21:12:17,ru2401C12000,ru2401C12000,1785.0,0.0,0.0,0.0,2,1739.0,2652.0,1,1587.0,1785.0,1785.0,1785.0,2.0,35700.0,8
2023-05-10 21:12:17,ru2401C12000,ru2401C12000,1785.0,0.0,0.0,0.0,2,1739.0,2651.0,1,1587.0,1785.0,1785.0,1785.0,2.0,35700.0,8
2023-05-10 21:12:18,ru2401C12000,ru2401C12000,1785.0,0.0,0.0,0.0,2,1739.0,2648.0,1,1587.0,1785.0,1785.0,1785.0,2.0,35700.0,8
2023-05-10 21:12:18,ru2401C12000,ru2401C12000,1785.0,0.0,0.0,0.0,2,1739.0,2647.0,1,1587.0,1785.0,1785.0,1785.0,2.0,35700.0,8
2023-05-10 21:12:19,ru2401C12000,ru2401C12000,1785.0,0.0,0.0,0.0,2,1739.0,2644.0,1,1587.0,1785.0,1785.0,1785.0,2.0,35700.0,8
2023-05-10 21:12:19,ru2401C12000,ru2401C12000,1785.0,0.0,0.0,0.0,2,1739.0,2643.0,1,1587.0,1785.0,1785.0,1785.0,2.0,35700.0,8
2023-05-10 21:12:20,ru2401C12000,ru2401C12000,1785.0,0.0,0.0,0.0,2,1747.0,2643.0,1,1587.0,1785.0,1785.0,1785.0,2.0,35700.0,8
2023-05-10 21:12:20,ru2401C12000,ru2401C12000,1785.0,0.0,0.0,0.0,2,1747.0,2640.0,1,1587.0,1785.0,1785.0,1785.0,2.0,35700.0,8
2023-05-10 21:12:21,ru2401C12000,ru2401C12000,1785.0,0.0,0.0,0.0,2,1747.0,2639.0,1,1587.0,1785.0,1785.0,1785.0,2.0,35700.0,8
2023-05-10 21:12:21,ru2401C12000,ru2401C12000,1785.0,0.0,0.0,0.0,2,1747.0,2639.0,1,1587.0,1785.0,1785.0,1785.0,2.0,35700.0,8
2023-05-10 21:12:22,ru2401C12000,ru2401C12000,1785.0,0.0,0.0,0.0,2,1747.0,2636.0,1,1587.0,1785.0,1785.0,1785.0,2.0,35700.0,8
2023-05-10 21:12:22,ru2401C12000,ru2401C12000,1785.0,0.0,0.0,0.0,2,1747.0,2635.0,1,1587.0,1785.0,1785.0,1785.0,2.0,35700.0,8
2023-05-10 21:12:23,ru2401C12000,ru2401C12000,1785.0,0.0,0.0,0.0,2,1747.0,2635.0,1,1587.0,1785.0,1785.0,1785.0,2.0,35700.0,8
2023-05-10 21:12:23,ru2401C12000,ru2401C12000,1785.0,0.0,0.0,0.0,2,1747.0,2632.0,1,1587.0,1785.0,1785.0,1785.0,2.0,35700.0,8
2023-05-10 21:12:24,ru2401C12000,ru2401C12000,1785.0,0.0,0.0,0.0,2,1747.0,2631.0,1,1587.0,1785.0,1785.0,1785.0,2.0,35700.0,8
2023-05-10 21:12:24,ru2401C12000,ru2401C12000,1785.0,0.0,0.0,0.0,2,1747.0,2631.0,1,1587.0,1785.0,1785.0,1785.0,2.0,35700.0,8
2023-05-10 21:12:25,ru2401C12000,ru2401C12000,1785.0,0.0,0.0,0.0,2,1747.0,2628.0,1,1587.0,1785.0,1785.0,1785.0,2.0,35700.0,8
2023-05-10 21:12:25,ru2401C12000,ru2401C12000,1785.0,0.0,0.0,0.0,2,1747.0,2627.0,1,1587.0,1785.0,1785.0,1785.0,2.0,35700.0,8
2023-05-10 21:12:26,ru2401C12000,ru2401C12000,1785.0,0.0,0.0,0.0,2,1747.0,2627.0,1,1587.0,1785.0,1785.0,1785.0,2.0,35700.0,8
2023-05-10 21:12:26,ru2401C12000,ru2401C12000,1785.0,0.0,0.0,0.0,2,1747.0,2624.0,1,1587.0,1785.0,1785.0,1785.0,2.0,35700.0,8
2023-05-10 21:12:27,ru2401C12000,ru2401C12000,1785.0,0.0,0.0,0.0,2,1747.0,2623.0,1,1587.0,1785.0,1785.0,1785.0,2.0,35700.0,8
2023-05-10 21:12:27,ru2401C12000,ru2401C12000,1785.0,0.0,0.0,0.0,2,1747.0,2623.0,1,1587.0,1785.0,1785.0,1785.0,2.0,35700.0,8
2023-05-10 21:12:28,ru2401C12000,ru2401C12000,1785.0,0.0,0.0,0.0,2,1747.0,2620.0,1,1587.0,1785.0,1785.0,1785.0,2.0,35700.0,8
2023-05-10 21:12:28,ru2401C12000,ru2401C12000,1785.0,0.0,0.0,0.0,2,1747.0,2619.0,1,1587.0,1785.0,1785.0,1785.0,2.0,35700.0,8
2023-05-10 21:12:29,ru2401C12000,ru2401C12000,1785.0,0.0,0.0,0.0,2,1747.0,2619.0,1,1587.0,1785.0,1785.0,1785.0,2.0,35700.0,8
2023-05-10 21:12:29,ru2401C12000,ru2401C12000,1785.0,0.0,0.0,0.0,2,1747.0,2616.0,1,1587.0,1785.0,1785.0,1785.0,2.0,35700.0,8
2023-05-10 21:12:30,ru2401C12000,ru2401C12000,1785.0,0.0,0.0,0.0,2,1747.0,2615.0,1,1587.0,1785.0,1785.0,1785.0,2.0,35700.0,8
2023-05-10 21:12:30,ru2401C12000,ru2401C12000,1785.0,0.0,0.0,0.0,2,1747.0,2615.0,1,1587.0,1785.0,1785.0,1785.0,2.0,35700.0,8
2023-05-10 21:12:32,ru2401C12000,ru2401C12000,1785.0,0.0,0.0,0.0,2,1747.0,2612.0,1,1587.0,1785.0,1785.0,1785.0,2.0,35700.0,8
2023-05-10 21:12:32,ru2401C12000,ru2401C12000,1785.0,0.0,0.0,0.0,2,1747.0,2611.0,1,1587.0,1785.0,1785.0,1785.0,2.0,35700.0,8
2023-05-10 21:12:33,ru2401C12000,ru2401C12000,1785.0,0.0,0.0,0.0,2,1747.0,2608.0,1,1587.0,1785.0,1785.0,1785.0,2.0,35700.0,8
2023-05-10 21:12:33,ru2401C12000,ru2401C12000,1785.0,0.0,0.0,0.0,2,1747.0,2607.0,1,1587.0,1785.0,1785.0,1785.0,2.0,35700.0,8
2023-05-10 21:12:34,ru2401C12000,ru2401C12000,1785.0,0.0,0.0,0.0,2,1747.0,2604.0,1,1587.0,1785.0,1785.0,1785.0,2.0,35700.0,8
2023-05-10 21:12:34,ru2401C12000,ru2401C12000,1785.0,0.0,0.0,0.0,2,1747.0,2603.0,1,1587.0,1785.0,1785.0,1785.0,2.0,35700.0,8
2023-05-10 21:12:35,ru2401C12000,ru2401C12000,1785.0,0.0,0.0,0.0,2,1746.0,2600.0,1,1587.0,1785.0,1785.0,1785.0,2.0,35700.0,8
2023-05-10 21:12:35,ru2401C12000,ru2401C12000,1785.0,0.0,0.0,0.0,2,1746.0,2599.0,1,1587.0,1785.0,1785.0,1785.0,2.0,35700.0,8
2023-05-10 21:12:36,ru2401C12000,ru2401C12000,1785.0,0.0,0.0,0.0,2,1746.0,2596.0,1,1587.0,1785.0,1785.0,1785.0,2.0,35700.0,8
2023-05-10 21:12:36,ru2401C12000,ru2401C12000,1785.0,0.0,0.0,0.0,2,1746.0,2595.0,1,1587.0,1785.0,1785.0,1785.0,2.0,35700.0,8
2023-05-10 21:12:37,ru2401C12000,ru2401C12000,1785.0,0.0,0.0,0.0,2,1746.0,2592.0,1,1587.0,1785.0,1785.0,1785.0,2.0,35700.0,8
2023-05-10 21:12:37,ru2401C12000,ru2401C12000,1785.0,0.0,0.0,0.0,2,1746.0,2591.0,1,1587.0,1785.0,1785.0,1785.0,2.0,35700.0,8
2023-05-10 21:12:38,ru2401C12000,ru2401C12000,1785.0,0.0,0.0,0.0,2,1746.0,2591.0,1,1587.0,1785.0,1785.0,1785.0,2.0,35700.0,8
2023-05-10 21:12:38,ru2401C12000,ru2401C12000,1785.0,0.0,0.0,0.0,2,1746.0,2588.0,1,1587.0,1785.0,1785.0,1785.0,2.0,35700.0,8
2023-05-10 21:12:39,ru2401C12000,ru2401C12000,1785.0,0.0,0.0,0.0,2,1746.0,2587.0,1,1587.0,1785.0,1785.0,1785.0,2.0,35700.0,8
2023-05-10 21:12:39,ru2401C12000,ru2401C12000,1785.0,0.0,0.0,0.0,2,1746.0,2584.0,1,1587.0,1785.0,1785.0,1785.0,2.0,35700.0,8
2023-05-10 21:12:40,ru2401C12000,ru2401C12000,1785.0,0.0,0.0,0.0,2,1746.0,2583.0,1,1587.0,1785.0,1785.0,1785.0,2.0,35700.0,8
2023-05-10 21:12:40,ru2401C12000,ru2401C12000,1785.0,0.0,0.0,0.0,2,1746.0,2580.0,1,1587.0,1785.0,1785.0,1785.0,2.0,35700.0,8
2023-05-10 21:12:41,ru2401C12000,ru2401C12000,1785.0,0.0,0.0,0.0,2,1746.0,2579.0,1,1587.0,1785.0,1785.0,1785.0,2.0,35700.0,8
2023-05-10 21:12:41,ru2401C12000,ru2401C12000,1785.0,0.0,0.0,0.0,2,1746.0,2576.0,1,1587.0,1785.0,1785.0,1785.0,2.0,35700.0,8
2023-05-10 21:12:42,ru2401C12000,ru2401C12000,1785.0,0.0,0.0,0.0,2,1746.0,2575.0,1,1587.0,1785.0,1785.0,1785.0,2.0,35700.0,8
2023-05-10 21:12:42,ru2401C12000,ru2401C12000,1785.0,0.0,0.0,0.0,2,1746.0,2575.0,1,1587.0,1785.0,1785.0,1785.0,2.0,35700.0,8
2023-05-10 21:12:43,ru2401C12000,ru2401C12000,1785.0,0.0,0.0,0.0,2,1746.0,2572.0,1,1587.0,1785.0,1785.0,1785.0,2.0,35700.0,8
2023-05-10 21:12:43,ru2401C12000,ru2401C12000,1785.0,0.0,0.0,0.0,2,1746.0,2571.0,1,1587.0,1785.0,1785.0,1785.0,2.0,35700.0,8
2023-05-10 21:12:44,ru2401C12000,ru2401C12000,1785.0,0.0,0.0,0.0,2,1746.0,2568.0,1,1587.0,1785.0,1785.0,1785.0,2.0,35700.0,8
2023-05-10 21:12:44,ru2401C12000,ru2401C12000,1785.0,0.0,0.0,0.0,2,1746.0,2567.0,1,1587.0,1785.0,1785.0,1785.0,2.0,35700.0,8
2023-05-10 21:12:45,ru2401C12000,ru2401C12000,1785.0,0.0,0.0,0.0,2,1746.0,2567.0,1,1587.0,1785.0,1785.0,1785.0,2.0,35700.0,8
2023-05-10 21:12:46,ru2401C12000,ru2401C12000,1785.0,0.0,0.0,0.0,2,1746.0,2564.0,1,1587.0,1785.0,1785.0,1785.0,2.0,35700.0,8
2023-05-10 21:12:54,ru2401C12000,ru2401C12000,1785.0,0.0,0.0,0.0,2,1746.0,2563.0,1,1587.0,1785.0,1785.0,1785.0,2.0,35700.0,8
2023-05-10 21:12:55,ru2401C12000,ru2401C12000,1785.0,0.0,0.0,0.0,2,1746.0,2560.0,1,1587.0,1785.0,1785.0,1785.0,2.0,35700.0,8
2023-05-10 21:13:01,ru2401C12000,ru2401C12000,1785.0,0.0,0.0,0.0,2,1756.0,2560.0,1,1587.0,1785.0,1785.0,1785.0,2.0,35700.0,8
2023-05-10 21:13:04,ru2401C12000,ru2401C12000,1785.0,0.0,0.0,0.0,2,1756.0,2559.0,1,1587.0,1785.0,1785.0,1785.0,2.0,35700.0,8
2023-05-10 21:13:05,ru2401C12000,ru2401C12000,1785.0,0.0,0.0,0.0,2,1756.0,2556.0,1,1587.0,1785.0,1785.0,1785.0,2.0,35700.0,8
2023-05-10 21:13:14,ru2401C12000,ru2401C12000,1785.0,0.0,0.0,0.0,2,1756.0,2555.0,1,1587.0,1785.0,1785.0,1785.0,2.0,35700.0,8
2023-05-10 21:13:15,ru2401C12000,ru2401C12000,1785.0,0.0,0.0,0.0,2,1756.0,2552.0,1,1587.0,1785.0,1785.0,1785.0,2.0,35700.0,8
2023-05-10 21:13:17,ru2401C12000,ru2401C12000,1785.0,0.0,0.0,0.0,2,1769.0,2552.0,1,1587.0,1785.0,1785.0,1785.0,2.0,35700.0,8
2023-05-10 21:13:18,ru2401C12000,ru2401C12000,1785.0,0.0,0.0,0.0,2,1759.0,2552.0,1,1587.0,1785.0,1785.0,1785.0,2.0,35700.0,8
2023-05-10 21:13:42,ru2401C12000,ru2401C12000,1785.0,0.0,0.0,0.0,2,1768.0,2552.0,1,1587.0,1785.0,1785.0,1785.0,2.0,35700.0,8
2023-05-10 21:14:08,ru2401C12000,ru2401C12000,1785.0,0.0,0.0,0.0,2,1776.0,2552.0,1,1587.0,1785.0,1785.0,1785.0,2.0,35700.0,8
2023-05-10 21:14:15,ru2401C12000,ru2401C12000,1785.0,0.0,0.0,0.0,2,1784.0,2552.0,1,1587.0,1785.0,1785.0,1785.0,2.0,35700.0,8
2023-05-10 21:14:22,ru2401C12000,ru2401C12000,1785.0,0.0,0.0,0.0,2,1792.0,2552.0,1,1587.0,1785.0,1785.0,1785.0,2.0,35700.0,8
2023-05-10 21:14:28,ru2401C12000,ru2401C12000,1785.0,0.0,0.0,0.0,0,0.0,2552.0,1,1587.0,1785.0,1785.0,1785.0,2.0,35700.0,8
2023-05-10 21:14:29,ru2401C12000,ru2401C12000,1785.0,0.0,0.0,0.0,1,521.0,2552.0,1,1587.0,1785.0,1785.0,1785.0,2.0,35700.0,8
2023-05-10 21:14:29,ru2401C12000,ru2401C12000,1785.0,0.0,0.0,0.0,1,522.0,2552.0,1,1587.0,1785.0,1785.0,1785.0,2.0,35700.0,8
2023-05-10 21:14:30,ru2401C12000,ru2401C12000,1785.0,0.0,0.0,0.0,1,525.0,2552.0,1,1587.0,1785.0,1785.0,1785.0,2.0,35700.0,8
2023-05-10 21:15:35,ru2401C12000,ru2401C12000,1785.0,0.0,0.0,0.0,2,526.0,2551.0,2,1587.0,1785.0,1785.0,1785.0,2.0,35700.0,8
2023-05-10 21:15:36,ru2401C12000,ru2401C12000,1785.0,0.0,0.0,0.0,2,526.0,2551.0,2,1587.0,1785.0,1785.0,1785.0,2.0,35700.0,8
2023-05-10 21:15:36,ru2401C12000,ru2401C12000,1785.0,0.0,0.0,0.0,1,529.0,2548.0,1,1587.0,1785.0,1785.0,1785.0,2.0,35700.0,8
2023-05-10 21:15:37,ru2401C12000,ru2401C12000,1785.0,0.0,0.0,0.0,2,530.0,2547.0,2,1587.0,1785.0,1785.0,1785.0,2.0,35700.0,8
2023-05-10 21:15:38,ru2401C12000,ru2401C12000,1785.0,0.0,0.0,0.0,2,530.0,2547.0,2,1587.0,1785.0,1785.0,1785.0,2.0,35700.0,8
2023-05-10 21:15:38,ru2401C12000,ru2401C12000,1785.0,0.0,0.0,0.0,1,533.0,2544.0,1,1587.0,1785.0,1785.0,1785.0,2.0,35700.0,8
2023-05-10 21:15:39,ru2401C12000,ru2401C12000,1785.0,0.0,0.0,0.0,2,534.0,2543.0,2,1587.0,1785.0,1785.0,1785.0,2.0,35700.0,8
2023-05-10 21:15:39,ru2401C12000,ru2401C12000,1785.0,0.0,0.0,0.0,1,537.0,2540.0,1,1587.0,1785.0,1785.0,1785.0,2.0,35700.0,8
2023-05-10 21:15:40,ru2401C12000,ru2401C12000,1785.0,0.0,0.0,0.0,2,538.0,2539.0,2,1587.0,1785.0,1785.0,1785.0,2.0,35700.0,8
2023-05-10 21:15:40,ru2401C12000,ru2401C12000,1785.0,0.0,0.0,0.0,2,538.0,2539.0,2,1587.0,1785.0,1785.0,1785.0,2.0,35700.0,8
2023-05-10 21:15:42,ru2401C12000,ru2401C12000,1785.0,0.0,0.0,0.0,1,541.0,2536.0,1,1587.0,1785.0,1785.0,1785.0,2.0,35700.0,8
2023-05-10 21:15:43,ru2401C12000,ru2401C12000,1785.0,0.0,0.0,0.0,2,542.0,2535.0,2,1587.0,1785.0,1785.0,1785.0,2.0,35700.0,8
2023-05-10 21:15:43,ru2401C12000,ru2401C12000,1785.0,0.0,0.0,0.0,2,542.0,2535.0,2,1587.0,1785.0,1785.0,1785.0,2.0,35700.0,8
2023-05-10 21:15:44,ru2401C12000,ru2401C12000,1785.0,0.0,0.0,0.0,1,545.0,2532.0,1,1587.0,1785.0,1785.0,1785.0,2.0,35700.0,8
2023-05-10 21:17:55,ru2401C12000,ru2401C12000,1785.0,0.0,0.0,0.0,2,1834.0,1880.0,2,1587.0,1785.0,1785.0,1785.0,2.0,35700.0,8
2023-05-10 21:17:55,ru2401C12000,ru2401C12000,1785.0,0.0,0.0,0.0,4,1834.0,1880.0,2,1587.0,1785.0,1785.0,1785.0,2.0,35700.0,8
2023-05-10 21:17:56,ru2401C12000,ru2401C12000,1785.0,0.0,0.0,0.0,4,1834.0,1880.0,2,1587.0,1785.0,1785.0,1785.0,2.0,35700.0,8
2023-05-10 21:17:58,ru2401C12000,ru2401C12000,1785.0,0.0,0.0,0.0,4,1834.0,1880.0,2,1587.0,1785.0,1785.0,1785.0,2.0,35700.0,8
2023-05-10 21:17:59,ru2401C12000,ru2401C12000,1785.0,0.0,0.0,0.0,4,1834.0,1880.0,2,1587.0,1785.0,1785.0,1785.0,2.0,35700.0,8
2023-05-10 21:18:03,ru2401C12000,ru2401C12000,1785.0,0.0,0.0,0.0,4,1834.0,1880.0,2,1587.0,1785.0,1785.0,1785.0,2.0,35700.0,8
2023-05-10 21:18:05,ru2401C12000,ru2401C12000,1785.0,0.0,0.0,0.0,4,1834.0,1880.0,2,1587.0,1785.0,1785.0,1785.0,2.0,35700.0,8
2023-05-10 21:18:09,ru2401C12000,ru2401C12000,1785.0,0.0,0.0,0.0,4,1834.0,1880.0,2,1587.0,1785.0,1785.0,1785.0,2.0,35700.0,8
2023-05-10 21:18:10,ru2401C12000,ru2401C12000,1785.0,0.0,0.0,0.0,4,1834.0,1880.0,2,1587.0,1785.0,1785.0,1785.0,2.0,35700.0,8
2023-05-10 21:18:11,ru2401C12000,ru2401C12000,1785.0,0.0,0.0,0.0,2,1843.0,1889.0,2,1587.0,1785.0,1785.0,1785.0,2.0,35700.0,8
2023-05-10 21:18:13,ru2401C12000,ru2401C12000,1785.0,0.0,0.0,0.0,4,1843.0,1889.0,2,1587.0,1785.0,1785.0,1785.0,2.0,35700.0,8
2023-05-10 21:18:16,ru2401C12000,ru2401C12000,1785.0,0.0,0.0,0.0,4,1843.0,1889.0,2,1587.0,1785.0,1785.0,1785.0,2.0,35700.0,8
2023-05-10 21:18:20,ru2401C12000,ru2401C12000,1785.0,0.0,0.0,0.0,4,1843.0,1889.0,2,1587.0,1785.0,1785.0,1785.0,2.0,35700.0,8
2023-05-10 21:18:21,ru2401C12000,ru2401C12000,1785.0,0.0,0.0,0.0,2,1851.0,1884.0,2,1587.0,1785.0,1785.0,1785.0,2.0,35700.0,8
2023-05-10 21:18:30,ru2401C12000,ru2401C12000,1785.0,0.0,0.0,0.0,4,1851.0,1884.0,2,1587.0,1785.0,1785.0,1785.0,2.0,35700.0,8
2023-05-10 21:18:34,ru2401C12000,ru2401C12000,1785.0,0.0,0.0,0.0,4,1851.0,1884.0,2,1587.0,1785.0,1785.0,1785.0,2.0,35700.0,8
2023-05-10 21:18:34,ru2401C12000,ru2401C12000,1785.0,0.0,0.0,0.0,4,1851.0,1884.0,2,1587.0,1785.0,1785.0,1785.0,2.0,35700.0,8
2023-05-10 21:18:37,ru2401C12000,ru2401C12000,1785.0,0.0,0.0,0.0,2,1851.0,1876.0,2,1587.0,1785.0,1785.0,1785.0,2.0,35700.0,8
2023-05-10 21:18:44,ru2401C12000,ru2401C12000,1785.0,0.0,0.0,0.0,4,1843.0,1876.0,2,1587.0,1785.0,1785.0,1785.0,2.0,35700.0,8
2023-05-10 21:18:45,ru2401C12000,ru2401C12000,1785.0,0.0,0.0,0.0,2,1848.0,1882.0,2,1587.0,1785.0,1785.0,1785.0,2.0,35700.0,8
2023-05-10 21:18:47,ru2401C12000,ru2401C12000,1785.0,0.0,0.0,0.0,4,1848.0,1882.0,2,1587.0,1785.0,1785.0,1785.0,2.0,35700.0,8
2023-05-10 21:18:49,ru2401C12000,ru2401C12000,1785.0,0.0,0.0,0.0,4,1848.0,1882.0,2,1587.0,1785.0,1785.0,1785.0,2.0,35700.0,8
2023-05-10 21:18:49,ru2401C12000,ru2401C12000,1785.0,0.0,0.0,0.0,4,1848.0,1882.0,2,1587.0,1785.0,1785.0,1785.0,2.0,35700.0,8
2023-05-10 21:18:50,ru2401C12000,ru2401C12000,1785.0,0.0,0.0,0.0,4,1848.0,1882.0,2,1587.0,1785.0,1785.0,1785.0,2.0,35700.0,8
2023-05-10 21:18:51,ru2401C12000,ru2401C12000,1785.0,0.0,0.0,0.0,4,1848.0,1882.0,2,1587.0,1785.0,1785.0,1785.0,2.0,35700.0,8
2023-05-10 21:18:51,ru2401C12000,ru2401C12000,1785.0,0.0,0.0,0.0,4,1848.0,1882.0,2,1587.0,1785.0,1785.0,1785.0,2.0,35700.0,8
2023-05-10 21:18:52,ru2401C12000,ru2401C12000,1848.0,4.0,73920.0,4.0,2,1844.0,1882.0,2,1587.0,1785.0,1848.0,1785.0,6.0,109620.0,12
2023-05-10 21:18:53,ru2401C12000,ru2401C12000,1848.0,0.0,0.0,0.0,1,522.0,1882.0,2,1587.0,1785.0,1848.0,1785.0,6.0,109620.0,12
2023-05-10 21:18:53,ru2401C12000,ru2401C12000,1848.0,0.0,0.0,0.0,1,525.0,1882.0,2,1587.0,1785.0,1848.0,1785.0,6.0,109620.0,12
2023-05-10 21:18:54,ru2401C12000,ru2401C12000,1848.0,0.0,0.0,0.0,1,526.0,1882.0,2,1587.0,1785.0,1848.0,1785.0,6.0,109620.0,12
2023-05-10 21:18:54,ru2401C12000,ru2401C12000,1848.0,0.0,0.0,0.0,1,529.0,1882.0,2,1587.0,1785.0,1848.0,1785.0,6.0,109620.0,12
2023-05-10 21:18:55,ru2401C12000,ru2401C12000,1848.0,0.0,0.0,0.0,1,530.0,1882.0,2,1587.0,1785.0,1848.0,1785.0,6.0,109620.0,12
2023-05-10 21:18:55,ru2401C12000,ru2401C12000,1848.0,0.0,0.0,0.0,1,533.0,1882.0,2,1587.0,1785.0,1848.0,1785.0,6.0,109620.0,12
2023-05-10 21:18:56,ru2401C12000,ru2401C12000,1848.0,0.0,0.0,0.0,1,534.0,1882.0,2,1587.0,1785.0,1848.0,1785.0,6.0,109620.0,12
2023-05-10 21:18:56,ru2401C12000,ru2401C12000,1848.0,0.0,0.0,0.0,1,537.0,1882.0,2,1587.0,1785.0,1848.0,1785.0,6.0,109620.0,12
2023-05-10 21:18:57,ru2401C12000,ru2401C12000,1848.0,0.0,0.0,0.0,1,538.0,1882.0,2,1587.0,1785.0,1848.0,1785.0,6.0,109620.0,12
2023-05-10 21:18:57,ru2401C12000,ru2401C12000,1848.0,0.0,0.0,0.0,1,541.0,1882.0,2,1587.0,1785.0,1848.0,1785.0,6.0,109620.0,12
2023-05-10 21:18:58,ru2401C12000,ru2401C12000,1848.0,0.0,0.0,0.0,1,542.0,1882.0,2,1587.0,1785.0,1848.0,1785.0,6.0,109620.0,12
2023-05-10 21:18:58,ru2401C12000,ru2401C12000,1848.0,0.0,0.0,0.0,1,545.0,1882.0,2,1587.0,1785.0,1848.0,1785.0,6.0,109620.0,12
2023-05-10 21:18:59,ru2401C12000,ru2401C12000,1848.0,0.0,0.0,0.0,1,546.0,1882.0,2,1587.0,1785.0,1848.0,1785.0,6.0,109620.0,12
2023-05-10 21:18:59,ru2401C12000,ru2401C12000,1848.0,0.0,0.0,0.0,1,549.0,1882.0,2,1587.0,1785.0,1848.0,1785.0,6.0,109620.0,12
2023-05-10 21:19:00,ru2401C12000,ru2401C12000,1848.0,0.0,0.0,0.0,1,550.0,1882.0,2,1587.0,1785.0,1848.0,1785.0,6.0,109620.0,12
2023-05-10 21:19:00,ru2401C12000,ru2401C12000,1848.0,0.0,0.0,0.0,1,553.0,1882.0,2,1587.0,1785.0,1848.0,1785.0,6.0,109620.0,12
2023-05-10 21:19:01,ru2401C12000,ru2401C12000,1848.0,0.0,0.0,0.0,1,554.0,1875.0,2,1587.0,1785.0,1848.0,1785.0,6.0,109620.0,12
2023-05-10 21:19:01,ru2401C12000,ru2401C12000,1848.0,0.0,0.0,0.0,1,557.0,1875.0,2,1587.0,1785.0,1848.0,1785.0,6.0,109620.0,12
2023-05-10 21:19:02,ru2401C12000,ru2401C12000,1848.0,0.0,0.0,0.0,1,558.0,1875.0,2,1587.0,1785.0,1848.0,1785.0,6.0,109620.0,12
2023-05-10 21:19:02,ru2401C12000,ru2401C12000,1848.0,0.0,0.0,0.0,1,561.0,1875.0,2,1587.0,1785.0,1848.0,1785.0,6.0,109620.0,12
2023-05-10 21:19:03,ru2401C12000,ru2401C12000,1848.0,0.0,0.0,0.0,1,562.0,1875.0,2,1587.0,1785.0,1848.0,1785.0,6.0,109620.0,12
2023-05-10 21:19:03,ru2401C12000,ru2401C12000,1848.0,0.0,0.0,0.0,1,565.0,1875.0,2,1587.0,1785.0,1848.0,1785.0,6.0,109620.0,12
2023-05-10 21:19:04,ru2401C12000,ru2401C12000,1848.0,0.0,0.0,0.0,1,566.0,1875.0,2,1587.0,1785.0,1848.0,1785.0,6.0,109620.0,12
2023-05-10 21:19:04,ru2401C12000,ru2401C12000,1848.0,0.0,0.0,0.0,1,569.0,1875.0,2,1587.0,1785.0,1848.0,1785.0,6.0,109620.0,12
2023-05-10 21:19:05,ru2401C12000,ru2401C12000,1848.0,0.0,0.0,0.0,1,570.0,1875.0,2,1587.0,1785.0,1848.0,1785.0,6.0,109620.0,12
2023-05-10 21:19:05,ru2401C12000,ru2401C12000,1848.0,0.0,0.0,0.0,1,573.0,1875.0,2,1587.0,1785.0,1848.0,1785.0,6.0,109620.0,12
2023-05-10 21:19:06,ru2401C12000,ru2401C12000,1848.0,0.0,0.0,0.0,1,574.0,1875.0,2,1587.0,1785.0,1848.0,1785.0,6.0,109620.0,12
2023-05-10 21:19:06,ru2401C12000,ru2401C12000,1848.0,0.0,0.0,0.0,1,577.0,1875.0,2,1587.0,1785.0,1848.0,1785.0,6.0,109620.0,12
2023-05-10 21:19:07,ru2401C12000,ru2401C12000,1848.0,0.0,0.0,0.0,1,578.0,1875.0,2,1587.0,1785.0,1848.0,1785.0,6.0,109620.0,12
2023-05-10 21:19:07,ru2401C12000,ru2401C12000,1848.0,0.0,0.0,0.0,1,581.0,1875.0,2,1587.0,1785.0,1848.0,1785.0,6.0,109620.0,12
2023-05-10 21:19:08,ru2401C12000,ru2401C12000,1848.0,0.0,0.0,0.0,1,582.0,1875.0,2,1587.0,1785.0,1848.0,1785.0,6.0,109620.0,12
2023-05-10 21:19:08,ru2401C12000,ru2401C12000,1848.0,0.0,0.0,0.0,1,585.0,1875.0,2,1587.0,1785.0,1848.0,1785.0,6.0,109620.0,12
2023-05-10 21:19:09,ru2401C12000,ru2401C12000,1848.0,0.0,0.0,0.0,1,586.0,1875.0,2,1587.0,1785.0,1848.0,1785.0,6.0,109620.0,12
2023-05-10 21:19:09,ru2401C12000,ru2401C12000,1848.0,0.0,0.0,0.0,1,589.0,1875.0,2,1587.0,1785.0,1848.0,1785.0,6.0,109620.0,12
2023-05-10 21:19:10,ru2401C12000,ru2401C12000,1848.0,0.0,0.0,0.0,1,590.0,1875.0,2,1587.0,1785.0,1848.0,1785.0,6.0,109620.0,12
2023-05-10 21:19:10,ru2401C12000,ru2401C12000,1848.0,0.0,0.0,0.0,1,593.0,1875.0,2,1587.0,1785.0,1848.0,1785.0,6.0,109620.0,12
2023-05-10 21:19:11,ru2401C12000,ru2401C12000,1848.0,0.0,0.0,0.0,1,594.0,1875.0,2,1587.0,1785.0,1848.0,1785.0,6.0,109620.0,12
2023-05-10 21:19:11,ru2401C12000,ru2401C12000,1848.0,0.0,0.0,0.0,1,597.0,1875.0,2,1587.0,1785.0,1848.0,1785.0,6.0,109620.0,12
2023-05-10 21:19:12,ru2401C12000,ru2401C12000,1848.0,0.0,0.0,0.0,1,598.0,1875.0,2,1587.0,1785.0,1848.0,1785.0,6.0,109620.0,12
2023-05-10 21:19:12,ru2401C12000,ru2401C12000,1848.0,0.0,0.0,0.0,1,601.0,1875.0,2,1587.0,1785.0,1848.0,1785.0,6.0,109620.0,12
2023-05-10 21:19:13,ru2401C12000,ru2401C12000,1848.0,0.0,0.0,0.0,1,602.0,1875.0,2,1587.0,1785.0,1848.0,1785.0,6.0,109620.0,12
2023-05-10 21:19:13,ru2401C12000,ru2401C12000,1848.0,0.0,0.0,0.0,1,605.0,1875.0,2,1587.0,1785.0,1848.0,1785.0,6.0,109620.0,12
2023-05-10 21:19:14,ru2401C12000,ru2401C12000,1848.0,0.0,0.0,0.0,1,606.0,1875.0,2,1587.0,1785.0,1848.0,1785.0,6.0,109620.0,12
2023-05-10 21:19:14,ru2401C12000,ru2401C12000,1848.0,0.0,0.0,0.0,1,609.0,1875.0,2,1587.0,1785.0,1848.0,1785.0,6.0,109620.0,12
2023-05-10 21:19:15,ru2401C12000,ru2401C12000,1848.0,0.0,0.0,0.0,1,610.0,1875.0,2,1587.0,1785.0,1848.0,1785.0,6.0,109620.0,12
2023-05-10 21:19:15,ru2401C12000,ru2401C12000,1848.0,0.0,0.0,0.0,1,613.0,1875.0,2,1587.0,1785.0,1848.0,1785.0,6.0,109620.0,12
2023-05-10 21:19:16,ru2401C12000,ru2401C12000,1848.0,0.0,0.0,0.0,1,614.0,1875.0,2,1587.0,1785.0,1848.0,1785.0,6.0,109620.0,12
2023-05-10 21:19:16,ru2401C12000,ru2401C12000,1848.0,0.0,0.0,0.0,1,617.0,1875.0,2,1587.0,1785.0,1848.0,1785.0,6.0,109620.0,12
2023-05-10 21:19:17,ru2401C12000,ru2401C12000,1848.0,0.0,0.0,0.0,1,618.0,1875.0,2,1587.0,1785.0,1848.0,1785.0,6.0,109620.0,12
2023-05-10 21:19:17,ru2401C12000,ru2401C12000,1848.0,0.0,0.0,0.0,1,621.0,1875.0,2,1587.0,1785.0,1848.0,1785.0,6.0,109620.0,12
2023-05-10 21:19:18,ru2401C12000,ru2401C12000,1848.0,0.0,0.0,0.0,1,622.0,1875.0,2,1587.0,1785.0,1848.0,1785.0,6.0,109620.0,12
2023-05-10 21:19:18,ru2401C12000,ru2401C12000,1848.0,0.0,0.0,0.0,1,625.0,1875.0,2,1587.0,1785.0,1848.0,1785.0,6.0,109620.0,12
2023-05-10 21:19:19,ru2401C12000,ru2401C12000,1848.0,0.0,0.0,0.0,1,626.0,1875.0,2,1587.0,1785.0,1848.0,1785.0,6.0,109620.0,12
2023-05-10 21:19:19,ru2401C12000,ru2401C12000,1848.0,0.0,0.0,0.0,1,629.0,1875.0,2,1587.0,1785.0,1848.0,1785.0,6.0,109620.0,12
2023-05-10 21:19:20,ru2401C12000,ru2401C12000,1848.0,0.0,0.0,0.0,1,630.0,1875.0,2,1587.0,1785.0,1848.0,1785.0,6.0,109620.0,12
2023-05-10 21:19:20,ru2401C12000,ru2401C12000,1848.0,0.0,0.0,0.0,1,633.0,1875.0,2,1587.0,1785.0,1848.0,1785.0,6.0,109620.0,12
2023-05-10 21:19:21,ru2401C12000,ru2401C12000,1848.0,0.0,0.0,0.0,1,634.0,1875.0,2,1587.0,1785.0,1848.0,1785.0,6.0,109620.0,12
2023-05-10 21:19:21,ru2401C12000,ru2401C12000,1848.0,0.0,0.0,0.0,1,637.0,1875.0,2,1587.0,1785.0,1848.0,1785.0,6.0,109620.0,12
2023-05-10 21:19:22,ru2401C12000,ru2401C12000,1848.0,0.0,0.0,0.0,1,638.0,1875.0,2,1587.0,1785.0,1848.0,1785.0,6.0,109620.0,12
2023-05-10 21:19:22,ru2401C12000,ru2401C12000,1848.0,0.0,0.0,0.0,1,641.0,1875.0,2,1587.0,1785.0,1848.0,1785.0,6.0,109620.0,12
2023-05-10 21:19:23,ru2401C12000,ru2401C12000,1848.0,0.0,0.0,0.0,1,642.0,1875.0,2,1587.0,1785.0,1848.0,1785.0,6.0,109620.0,12
2023-05-10 21:19:23,ru2401C12000,ru2401C12000,1848.0,0.0,0.0,0.0,1,645.0,1875.0,2,1587.0,1785.0,1848.0,1785.0,6.0,109620.0,12
2023-05-10 21:19:32,ru2401C12000,ru2401C12000,1848.0,0.0,0.0,0.0,1,646.0,1875.0,2,1587.0,1785.0,1848.0,1785.0,6.0,109620.0,12
2023-05-10 21:19:33,ru2401C12000,ru2401C12000,1848.0,0.0,0.0,0.0,1,649.0,1875.0,2,1587.0,1785.0,1848.0,1785.0,6.0,109620.0,12
2023-05-10 21:19:38,ru2401C12000,ru2401C12000,1848.0,0.0,0.0,0.0,1,649.0,1869.0,2,1587.0,1785.0,1848.0,1785.0,6.0,109620.0,12
2023-05-10 21:19:42,ru2401C12000,ru2401C12000,1848.0,0.0,0.0,0.0,1,650.0,1869.0,2,1587.0,1785.0,1848.0,1785.0,6.0,109620.0,12
2023-05-10 21:19:43,ru2401C12000,ru2401C12000,1848.0,0.0,0.0,0.0,1,653.0,1869.0,2,1587.0,1785.0,1848.0,1785.0,6.0,109620.0,12
2023-05-10 21:19:46,ru2401C12000,ru2401C12000,1848.0,0.0,0.0,0.0,1,800.0,1869.0,2,1587.0,1785.0,1848.0,1785.0,6.0,109620.0,12
2023-05-10 21:19:47,ru2401C12000,ru2401C12000,1848.0,0.0,0.0,0.0,1,803.0,1869.0,2,1587.0,1785.0,1848.0,1785.0,6.0,109620.0,12
2023-05-10 21:19:48,ru2401C12000,ru2401C12000,1848.0,0.0,0.0,0.0,2,1836.0,1870.0,2,1587.0,1785.0,1848.0,1785.0,6.0,109620.0,12
2023-05-10 21:19:48,ru2401C12000,ru2401C12000,1848.0,0.0,0.0,0.0,4,1836.0,1870.0,2,1587.0,1785.0,1848.0,1785.0,6.0,109620.0,12
2023-05-10 21:19:50,ru2401C12000,ru2401C12000,1848.0,0.0,0.0,0.0,4,1836.0,1870.0,2,1587.0,1785.0,1848.0,1785.0,6.0,109620.0,12
2023-05-10 21:19:55,ru2401C12000,ru2401C12000,1848.0,0.0,0.0,0.0,4,1836.0,1870.0,2,1587.0,1785.0,1848.0,1785.0,6.0,109620.0,12
2023-05-10 21:19:56,ru2401C12000,ru2401C12000,1848.0,0.0,0.0,0.0,4,1836.0,1870.0,2,1587.0,1785.0,1848.0,1785.0,6.0,109620.0,12
2023-05-10 21:19:57,ru2401C12000,ru2401C12000,1848.0,0.0,0.0,0.0,4,1836.0,1870.0,2,1587.0,1785.0,1848.0,1785.0,6.0,109620.0,12
2023-05-10 21:19:58,ru2401C12000,ru2401C12000,1848.0,0.0,0.0,0.0,4,1836.0,1870.0,2,1587.0,1785.0,1848.0,1785.0,6.0,109620.0,12
2023-05-10 21:20:04,ru2401C12000,ru2401C12000,1848.0,0.0,0.0,0.0,4,1836.0,1870.0,2,1587.0,1785.0,1848.0,1785.0,6.0,109620.0,12
2023-05-10 21:20:04,ru2401C12000,ru2401C12000,1848.0,0.0,0.0,0.0,4,1836.0,1870.0,2,1587.0,1785.0,1848.0,1785.0,6.0,109620.0,12
2023-05-10 21:20:05,ru2401C12000,ru2401C12000,1848.0,0.0,0.0,0.0,4,1836.0,1870.0,2,1587.0,1785.0,1848.0,1785.0,6.0,109620.0,12
2023-05-10 21:20:14,ru2401C12000,ru2401C12000,1848.0,0.0,0.0,0.0,2,1843.0,1877.0,2,1587.0,1785.0,1848.0,1785.0,6.0,109620.0,12
2023-05-10 21:20:15,ru2401C12000,ru2401C12000,1848.0,0.0,0.0,0.0,4,1843.0,1877.0,2,1587.0,1785.0,1848.0,1785.0,6.0,109620.0,12
2023-05-10 21:20:18,ru2401C12000,ru2401C12000,1848.0,0.0,0.0,0.0,4,1843.0,1877.0,2,1587.0,1785.0,1848.0,1785.0,6.0,109620.0,12
2023-05-10 21:20:19,ru2401C12000,ru2401C12000,1848.0,0.0,0.0,0.0,4,1843.0,1877.0,2,1587.0,1785.0,1848.0,1785.0,6.0,109620.0,12
2023-05-10 21:20:19,ru2401C12000,ru2401C12000,1848.0,0.0,0.0,0.0,4,1843.0,1877.0,2,1587.0,1785.0,1848.0,1785.0,6.0,109620.0,12
2023-05-10 21:20:22,ru2401C12000,ru2401C12000,1848.0,0.0,0.0,0.0,4,1843.0,1877.0,2,1587.0,1785.0,1848.0,1785.0,6.0,109620.0,12
2023-05-10 21:20:23,ru2401C12000,ru2401C12000,1848.0,0.0,0.0,0.0,4,1843.0,1877.0,2,1587.0,1785.0,1848.0,1785.0,6.0,109620.0,12
2023-05-10 21:20:27,ru2401C12000,ru2401C12000,1848.0,0.0,0.0,0.0,2,1843.0,1869.0,2,1587.0,1785.0,1848.0,1785.0,6.0,109620.0,12
2023-05-10 21:20:27,ru2401C12000,ru2401C12000,1848.0,0.0,0.0,0.0,2,1839.0,1869.0,2,1587.0,1785.0,1848.0,1785.0,6.0,109620.0,12
2023-05-10 21:20:28,ru2401C12000,ru2401C12000,1848.0,0.0,0.0,0.0,4,1836.0,1869.0,2,1587.0,1785.0,1848.0,1785.0,6.0,109620.0,12
2023-05-10 21:20:28,ru2401C12000,ru2401C12000,1848.0,0.0,0.0,0.0,4,1836.0,1869.0,2,1587.0,1785.0,1848.0,1785.0,6.0,109620.0,12
2023-05-10 21:20:30,ru2401C12000,ru2401C12000,1848.0,0.0,0.0,0.0,4,1836.0,1869.0,2,1587.0,1785.0,1848.0,1785.0,6.0,109620.0,12
2023-05-10 21:20:33,ru2401C12000,ru2401C12000,1848.0,0.0,0.0,0.0,4,1836.0,1869.0,2,1587.0,1785.0,1848.0,1785.0,6.0,109620.0,12
2023-05-10 21:20:34,ru2401C12000,ru2401C12000,1848.0,0.0,0.0,0.0,4,1836.0,1869.0,2,1587.0,1785.0,1848.0,1785.0,6.0,109620.0,12
2023-05-10 21:20:34,ru2401C12000,ru2401C12000,1848.0,0.0,0.0,0.0,4,1836.0,1869.0,2,1587.0,1785.0,1848.0,1785.0,6.0,109620.0,12
2023-05-10 21:20:39,ru2401C12000,ru2401C12000,1848.0,0.0,0.0,0.0,4,1836.0,1869.0,2,1587.0,1785.0,1848.0,1785.0,6.0,109620.0,12
2023-05-10 21:20:40,ru2401C12000,ru2401C12000,1848.0,0.0,0.0,0.0,4,1836.0,1869.0,2,1587.0,1785.0,1848.0,1785.0,6.0,109620.0,12
2023-05-10 21:21:03,ru2401C12000,ru2401C12000,1848.0,0.0,0.0,0.0,4,1836.0,1869.0,2,1587.0,1785.0,1848.0,1785.0,6.0,109620.0,12
2023-05-10 21:21:08,ru2401C12000,ru2401C12000,1848.0,0.0,0.0,0.0,4,1836.0,1869.0,2,1587.0,1785.0,1848.0,1785.0,6.0,109620.0,12
2023-05-10 21:21:12,ru2401C12000,ru2401C12000,1848.0,0.0,0.0,0.0,4,1836.0,1869.0,2,1587.0,1785.0,1848.0,1785.0,6.0,109620.0,12
2023-05-10 21:21:13,ru2401C12000,ru2401C12000,1848.0,0.0,0.0,0.0,4,1836.0,1869.0,2,1587.0,1785.0,1848.0,1785.0,6.0,109620.0,12
2023-05-10 21:21:13,ru2401C12000,ru2401C12000,1848.0,0.0,0.0,0.0,2,1836.0,1862.0,2,1587.0,1785.0,1848.0,1785.0,6.0,109620.0,12
2023-05-10 21:21:14,ru2401C12000,ru2401C12000,1848.0,0.0,0.0,0.0,4,1832.0,1862.0,2,1587.0,1785.0,1848.0,1785.0,6.0,109620.0,12
2023-05-10 21:21:14,ru2401C12000,ru2401C12000,1848.0,0.0,0.0,0.0,2,1832.0,1862.0,2,1587.0,1785.0,1848.0,1785.0,6.0,109620.0,12
2023-05-10 21:21:15,ru2401C12000,ru2401C12000,1848.0,0.0,0.0,0.0,2,1832.0,1862.0,2,1587.0,1785.0,1848.0,1785.0,6.0,109620.0,12
2023-05-10 21:21:18,ru2401C12000,ru2401C12000,1848.0,0.0,0.0,0.0,2,1832.0,1862.0,2,1587.0,1785.0,1848.0,1785.0,6.0,109620.0,12
2023-05-10 21:21:21,ru2401C12000,ru2401C12000,1848.0,0.0,0.0,0.0,2,1832.0,1862.0,2,1587.0,1785.0,1848.0,1785.0,6.0,109620.0,12
2023-05-10 21:21:22,ru2401C12000,ru2401C12000,1848.0,0.0,0.0,0.0,2,1832.0,1862.0,2,1587.0,1785.0,1848.0,1785.0,6.0,109620.0,12
2023-05-10 21:21:24,ru2401C12000,ru2401C12000,1848.0,0.0,0.0,0.0,2,1832.0,1862.0,2,1587.0,1785.0,1848.0,1785.0,6.0,109620.0,12
2023-05-10 21:21:25,ru2401C12000,ru2401C12000,1848.0,0.0,0.0,0.0,2,1832.0,1862.0,2,1587.0,1785.0,1848.0,1785.0,6.0,109620.0,12
2023-05-10 21:21:34,ru2401C12000,ru2401C12000,1848.0,0.0,0.0,0.0,2,1834.0,1866.0,2,1587.0,1785.0,1848.0,1785.0,6.0,109620.0,12
2023-05-10 21:21:34,ru2401C12000,ru2401C12000,1848.0,0.0,0.0,0.0,2,1834.0,1867.0,2,1587.0,1785.0,1848.0,1785.0,6.0,109620.0,12
2023-05-10 21:21:36,ru2401C12000,ru2401C12000,1848.0,0.0,0.0,0.0,2,1834.0,1867.0,2,1587.0,1785.0,1848.0,1785.0,6.0,109620.0,12
2023-05-10 21:21:37,ru2401C12000,ru2401C12000,1848.0,0.0,0.0,0.0,2,1834.0,1867.0,2,1587.0,1785.0,1848.0,1785.0,6.0,109620.0,12
2023-05-10 21:21:37,ru2401C12000,ru2401C12000,1848.0,0.0,0.0,0.0,2,1834.0,1867.0,2,1587.0,1785.0,1848.0,1785.0,6.0,109620.0,12
2023-05-10 21:21:38,ru2401C12000,ru2401C12000,1848.0,0.0,0.0,0.0,2,1834.0,1867.0,2,1587.0,1785.0,1848.0,1785.0,6.0,109620.0,12
2023-05-10 21:21:49,ru2401C12000,ru2401C12000,1848.0,0.0,0.0,0.0,4,1834.0,1867.0,2,1587.0,1785.0,1848.0,1785.0,6.0,109620.0,12
2023-05-10 21:21:50,ru2401C12000,ru2401C12000,1848.0,0.0,0.0,0.0,4,1834.0,1867.0,2,1587.0,1785.0,1848.0,1785.0,6.0,109620.0,12
2023-05-10 21:21:51,ru2401C12000,ru2401C12000,1848.0,0.0,0.0,0.0,4,1834.0,1867.0,2,1587.0,1785.0,1848.0,1785.0,6.0,109620.0,12
2023-05-10 21:21:58,ru2401C12000,ru2401C12000,1848.0,0.0,0.0,0.0,4,1834.0,1867.0,2,1587.0,1785.0,1848.0,1785.0,6.0,109620.0,12
2023-05-10 21:21:59,ru2401C12000,ru2401C12000,1848.0,0.0,0.0,0.0,4,1834.0,1867.0,2,1587.0,1785.0,1848.0,1785.0,6.0,109620.0,12
2023-05-10 21:21:59,ru2401C12000,ru2401C12000,1848.0,0.0,0.0,0.0,4,1834.0,1867.0,2,1587.0,1785.0,1848.0,1785.0,6.0,109620.0,12
2023-05-10 21:22:00,ru2401C12000,ru2401C12000,1848.0,0.0,0.0,0.0,4,1834.0,1867.0,2,1587.0,1785.0,1848.0,1785.0,6.0,109620.0,12
2023-05-10 21:22:00,ru2401C12000,ru2401C12000,1848.0,0.0,0.0,0.0,4,1834.0,1867.0,2,1587.0,1785.0,1848.0,1785.0,6.0,109620.0,12
2023-05-10 21:22:01,ru2401C12000,ru2401C12000,1848.0,0.0,0.0,0.0,4,1834.0,1867.0,2,1587.0,1785.0,1848.0,1785.0,6.0,109620.0,12
2023-05-10 21:22:05,ru2401C12000,ru2401C12000,1848.0,0.0,0.0,0.0,4,1834.0,1867.0,2,1587.0,1785.0,1848.0,1785.0,6.0,109620.0,12
2023-05-10 21:22:15,ru2401C12000,ru2401C12000,1848.0,0.0,0.0,0.0,2,1839.0,1872.0,2,1587.0,1785.0,1848.0,1785.0,6.0,109620.0,12
2023-05-10 21:22:15,ru2401C12000,ru2401C12000,1848.0,0.0,0.0,0.0,2,1839.0,1873.0,2,1587.0,1785.0,1848.0,1785.0,6.0,109620.0,12
2023-05-10 21:22:22,ru2401C12000,ru2401C12000,1848.0,0.0,0.0,0.0,4,1839.0,1873.0,2,1587.0,1785.0,1848.0,1785.0,6.0,109620.0,12
2023-05-10 21:22:29,ru2401C12000,ru2401C12000,1848.0,0.0,0.0,0.0,4,1839.0,1873.0,2,1587.0,1785.0,1848.0,1785.0,6.0,109620.0,12
2023-05-10 21:22:29,ru2401C12000,ru2401C12000,1848.0,0.0,0.0,0.0,4,1839.0,1873.0,2,1587.0,1785.0,1848.0,1785.0,6.0,109620.0,12
2023-05-10 21:22:30,ru2401C12000,ru2401C12000,1848.0,0.0,0.0,0.0,4,1839.0,1873.0,2,1587.0,1785.0,1848.0,1785.0,6.0,109620.0,12
2023-05-10 21:22:32,ru2401C12000,ru2401C12000,1848.0,0.0,0.0,0.0,4,1839.0,1873.0,2,1587.0,1785.0,1848.0,1785.0,6.0,109620.0,12
2023-05-10 21:22:32,ru2401C12000,ru2401C12000,1848.0,0.0,0.0,0.0,2,1839.0,1867.0,2,1587.0,1785.0,1848.0,1785.0,6.0,109620.0,12
2023-05-10 21:22:33,ru2401C12000,ru2401C12000,1848.0,0.0,0.0,0.0,8,1834.0,1867.0,2,1587.0,1785.0,1848.0,1785.0,6.0,109620.0,12
2023-05-10 21:22:33,ru2401C12000,ru2401C12000,1848.0,0.0,0.0,0.0,6,1834.0,1867.0,2,1587.0,1785.0,1848.0,1785.0,6.0,109620.0,12
2023-05-10 21:22:36,ru2401C12000,ru2401C12000,1848.0,0.0,0.0,0.0,4,1834.0,1867.0,2,1587.0,1785.0,1848.0,1785.0,6.0,109620.0,12
2023-05-10 21:22:42,ru2401C12000,ru2401C12000,1848.0,0.0,0.0,0.0,4,1834.0,1867.0,2,1587.0,1785.0,1848.0,1785.0,6.0,109620.0,12
2023-05-10 21:22:45,ru2401C12000,ru2401C12000,1848.0,0.0,0.0,0.0,4,1834.0,1867.0,2,1587.0,1785.0,1848.0,1785.0,6.0,109620.0,12
2023-05-10 21:22:56,ru2401C12000,ru2401C12000,1848.0,0.0,0.0,0.0,4,1834.0,1867.0,2,1587.0,1785.0,1848.0,1785.0,6.0,109620.0,12
2023-05-10 21:23:03,ru2401C12000,ru2401C12000,1848.0,0.0,0.0,0.0,2,1839.0,1872.0,2,1587.0,1785.0,1848.0,1785.0,6.0,109620.0,12
2023-05-10 21:23:04,ru2401C12000,ru2401C12000,1848.0,0.0,0.0,0.0,2,1839.0,1873.0,2,1587.0,1785.0,1848.0,1785.0,6.0,109620.0,12
2023-05-10 21:23:09,ru2401C12000,ru2401C12000,1848.0,0.0,0.0,0.0,2,1839.0,1873.0,2,1587.0,1785.0,1848.0,1785.0,6.0,109620.0,12
2023-05-10 21:23:09,ru2401C12000,ru2401C12000,1848.0,0.0,0.0,0.0,2,1839.0,1873.0,2,1587.0,1785.0,1848.0,1785.0,6.0,109620.0,12
2023-05-10 21:23:12,ru2401C12000,ru2401C12000,1848.0,0.0,0.0,0.0,4,1839.0,1873.0,2,1587.0,1785.0,1848.0,1785.0,6.0,109620.0,12
2023-05-10 21:23:14,ru2401C12000,ru2401C12000,1848.0,0.0,0.0,0.0,4,1839.0,1873.0,2,1587.0,1785.0,1848.0,1785.0,6.0,109620.0,12
2023-05-10 21:23:18,ru2401C12000,ru2401C12000,1848.0,0.0,0.0,0.0,4,1839.0,1873.0,2,1587.0,1785.0,1848.0,1785.0,6.0,109620.0,12
2023-05-10 21:23:18,ru2401C12000,ru2401C12000,1848.0,0.0,0.0,0.0,2,1845.0,1874.0,2,1587.0,1785.0,1848.0,1785.0,6.0,109620.0,12
2023-05-10 21:23:19,ru2401C12000,ru2401C12000,1848.0,0.0,0.0,0.0,4,1845.0,1877.0,2,1587.0,1785.0,1848.0,1785.0,6.0,109620.0,12
2023-05-10 21:23:19,ru2401C12000,ru2401C12000,1848.0,0.0,0.0,0.0,4,1845.0,1877.0,2,1587.0,1785.0,1848.0,1785.0,6.0,109620.0,12
2023-05-10 21:23:21,ru2401C12000,ru2401C12000,1848.0,0.0,0.0,0.0,4,1845.0,1877.0,2,1587.0,1785.0,1848.0,1785.0,6.0,109620.0,12
2023-05-10 21:23:22,ru2401C12000,ru2401C12000,1848.0,0.0,0.0,0.0,4,1845.0,1877.0,2,1587.0,1785.0,1848.0,1785.0,6.0,109620.0,12
2023-05-10 21:23:24,ru2401C12000,ru2401C12000,1848.0,0.0,0.0,0.0,4,1845.0,1877.0,2,1587.0,1785.0,1848.0,1785.0,6.0,109620.0,12
2023-05-10 21:23:25,ru2401C12000,ru2401C12000,1848.0,0.0,0.0,0.0,4,1845.0,1877.0,2,1587.0,1785.0,1848.0,1785.0,6.0,109620.0,12
2023-05-10 21:23:27,ru2401C12000,ru2401C12000,1848.0,0.0,0.0,0.0,4,1845.0,1877.0,2,1587.0,1785.0,1848.0,1785.0,6.0,109620.0,12
2023-05-10 21:23:28,ru2401C12000,ru2401C12000,1848.0,0.0,0.0,0.0,4,1845.0,1877.0,2,1587.0,1785.0,1848.0,1785.0,6.0,109620.0,12
2023-05-10 21:23:28,ru2401C12000,ru2401C12000,1848.0,0.0,0.0,0.0,4,1845.0,1877.0,2,1587.0,1785.0,1848.0,1785.0,6.0,109620.0,12
2023-05-10 21:23:31,ru2401C12000,ru2401C12000,1848.0,0.0,0.0,0.0,4,1845.0,1877.0,2,1587.0,1785.0,1848.0,1785.0,6.0,109620.0,12
2023-05-10 21:23:33,ru2401C12000,ru2401C12000,1848.0,0.0,0.0,0.0,4,1845.0,1877.0,2,1587.0,1785.0,1848.0,1785.0,6.0,109620.0,12
2023-05-10 21:23:36,ru2401C12000,ru2401C12000,1848.0,0.0,0.0,0.0,4,1845.0,1877.0,2,1587.0,1785.0,1848.0,1785.0,6.0,109620.0,12
2023-05-10 21:23:38,ru2401C12000,ru2401C12000,1848.0,0.0,0.0,0.0,4,1845.0,1877.0,2,1587.0,1785.0,1848.0,1785.0,6.0,109620.0,12
2023-05-10 21:23:42,ru2401C12000,ru2401C12000,1848.0,0.0,0.0,0.0,4,1845.0,1877.0,2,1587.0,1785.0,1848.0,1785.0,6.0,109620.0,12
2023-05-10 21:23:43,ru2401C12000,ru2401C12000,1848.0,0.0,0.0,0.0,4,1845.0,1877.0,2,1587.0,1785.0,1848.0,1785.0,6.0,109620.0,12
2023-05-10 21:23:43,ru2401C12000,ru2401C12000,1845.0,2.0,36900.0,0.0,2,1845.0,1877.0,2,1587.0,1785.0,1848.0,1785.0,8.0,146520.0,12
2023-05-10 21:23:44,ru2401C12000,ru2401C12000,1845.0,0.0,0.0,0.0,4,1840.0,1878.0,4,1587.0,1785.0,1848.0,1785.0,8.0,146520.0,12
2023-05-10 21:23:44,ru2401C12000,ru2401C12000,1845.0,0.0,0.0,0.0,2,1840.0,1878.0,4,1587.0,1785.0,1848.0,1785.0,8.0,146520.0,12
2023-05-10 21:23:45,ru2401C12000,ru2401C12000,1845.0,0.0,0.0,0.0,4,1835.0,1878.0,4,1587.0,1785.0,1848.0,1785.0,8.0,146520.0,12
2023-05-10 21:23:45,ru2401C12000,ru2401C12000,1845.0,0.0,0.0,0.0,2,1835.0,1878.0,4,1587.0,1785.0,1848.0,1785.0,8.0,146520.0,12
2023-05-10 21:24:18,ru2401C12000,ru2401C12000,1845.0,0.0,0.0,0.0,2,1835.0,1878.0,2,1587.0,1785.0,1848.0,1785.0,8.0,146520.0,12
2023-05-10 21:24:18,ru2401C12000,ru2401C12000,1845.0,0.0,0.0,0.0,4,1830.0,1883.0,4,1587.0,1785.0,1848.0,1785.0,8.0,146520.0,12
2023-05-10 21:24:19,ru2401C12000,ru2401C12000,1845.0,0.0,0.0,0.0,2,1830.0,1883.0,2,1587.0,1785.0,1848.0,1785.0,8.0,146520.0,12
2023-05-10 21:24:19,ru2401C12000,ru2401C12000,1845.0,0.0,0.0,0.0,4,1825.0,1887.0,4,1587.0,1785.0,1848.0,1785.0,8.0,146520.0,12
2023-05-10 21:24:20,ru2401C12000,ru2401C12000,1845.0,0.0,0.0,0.0,2,1825.0,1887.0,4,1587.0,1785.0,1848.0,1785.0,8.0,146520.0,12
2023-05-10 21:24:29,ru2401C12000,ru2401C12000,1845.0,0.0,0.0,0.0,2,1852.0,1885.0,2,1587.0,1785.0,1848.0,1785.0,8.0,146520.0,12
2023-05-10 21:24:30,ru2401C12000,ru2401C12000,1845.0,0.0,0.0,0.0,4,1852.0,1885.0,4,1587.0,1785.0,1848.0,1785.0,8.0,146520.0,12
2023-05-10 21:24:32,ru2401C12000,ru2401C12000,1845.0,0.0,0.0,0.0,4,1852.0,1885.0,4,1587.0,1785.0,1848.0,1785.0,8.0,146520.0,12
2023-05-10 21:24:34,ru2401C12000,ru2401C12000,1845.0,0.0,0.0,0.0,4,1852.0,1885.0,4,1587.0,1785.0,1848.0,1785.0,8.0,146520.0,12
2023-05-10 21:24:36,ru2401C12000,ru2401C12000,1845.0,0.0,0.0,0.0,4,1852.0,1885.0,4,1587.0,1785.0,1848.0,1785.0,8.0,146520.0,12
2023-05-10 21:24:38,ru2401C12000,ru2401C12000,1845.0,0.0,0.0,0.0,4,1852.0,1885.0,4,1587.0,1785.0,1848.0,1785.0,8.0,146520.0,12
2023-05-10 21:24:43,ru2401C12000,ru2401C12000,1845.0,0.0,0.0,0.0,4,1852.0,1885.0,4,1587.0,1785.0,1848.0,1785.0,8.0,146520.0,12
2023-05-10 21:24:52,ru2401C12000,ru2401C12000,1845.0,0.0,0.0,0.0,4,1852.0,1885.0,4,1587.0,1785.0,1848.0,1785.0,8.0,146520.0,12
2023-05-10 21:24:53,ru2401C12000,ru2401C12000,1845.0,0.0,0.0,0.0,4,1852.0,1885.0,4,1587.0,1785.0,1848.0,1785.0,8.0,146520.0,12
2023-05-10 21:24:53,ru2401C12000,ru2401C12000,1845.0,0.0,0.0,0.0,4,1852.0,1885.0,4,1587.0,1785.0,1848.0,1785.0,8.0,146520.0,12
2023-05-10 21:24:59,ru2401C12000,ru2401C12000,1845.0,0.0,0.0,0.0,4,1852.0,1885.0,4,1587.0,1785.0,1848.0,1785.0,8.0,146520.0,12
2023-05-10 21:25:00,ru2401C12000,ru2401C12000,1845.0,0.0,0.0,0.0,4,1852.0,1885.0,4,1587.0,1785.0,1848.0,1785.0,8.0,146520.0,12
2023-05-10 21:25:01,ru2401C12000,ru2401C12000,1845.0,0.0,0.0,0.0,4,1852.0,1885.0,4,1587.0,1785.0,1848.0,1785.0,8.0,146520.0,12
2023-05-10 21:25:04,ru2401C12000,ru2401C12000,1845.0,0.0,0.0,0.0,2,1852.0,1879.0,2,1587.0,1785.0,1848.0,1785.0,8.0,146520.0,12
2023-05-10 21:25:05,ru2401C12000,ru2401C12000,1845.0,0.0,0.0,0.0,8,1847.0,1879.0,4,1587.0,1785.0,1848.0,1785.0,8.0,146520.0,12
2023-05-10 21:25:05,ru2401C12000,ru2401C12000,1845.0,0.0,0.0,0.0,4,1847.0,1879.0,4,1587.0,1785.0,1848.0,1785.0,8.0,146520.0,12
2023-05-10 21:25:06,ru2401C12000,ru2401C12000,1845.0,0.0,0.0,0.0,2,1847.0,1879.0,4,1587.0,1785.0,1848.0,1785.0,8.0,146520.0,12
2023-05-10 21:25:07,ru2401C12000,ru2401C12000,1845.0,0.0,0.0,0.0,2,1847.0,1879.0,4,1587.0,1785.0,1848.0,1785.0,8.0,146520.0,12
2023-05-10 21:25:10,ru2401C12000,ru2401C12000,1845.0,0.0,0.0,0.0,2,1847.0,1879.0,4,1587.0,1785.0,1848.0,1785.0,8.0,146520.0,12
2023-05-10 21:25:11,ru2401C12000,ru2401C12000,1845.0,0.0,0.0,0.0,2,1847.0,1879.0,4,1587.0,1785.0,1848.0,1785.0,8.0,146520.0,12
2023-05-10 21:25:13,ru2401C12000,ru2401C12000,1845.0,0.0,0.0,0.0,2,1847.0,1879.0,4,1587.0,1785.0,1848.0,1785.0,8.0,146520.0,12
2023-05-10 21:25:15,ru2401C12000,ru2401C12000,1845.0,0.0,0.0,0.0,2,1847.0,1879.0,4,1587.0,1785.0,1848.0,1785.0,8.0,146520.0,12
2023-05-10 21:25:18,ru2401C12000,ru2401C12000,1845.0,0.0,0.0,0.0,2,1847.0,1879.0,4,1587.0,1785.0,1848.0,1785.0,8.0,146520.0,12
2023-05-10 21:25:34,ru2401C12000,ru2401C12000,1845.0,0.0,0.0,0.0,2,1847.0,1879.0,4,1587.0,1785.0,1848.0,1785.0,8.0,146520.0,12
2023-05-10 21:25:34,ru2401C12000,ru2401C12000,1845.0,0.0,0.0,0.0,2,1847.0,1879.0,4,1587.0,1785.0,1848.0,1785.0,8.0,146520.0,12
2023-05-10 21:25:35,ru2401C12000,ru2401C12000,1845.0,0.0,0.0,0.0,2,1847.0,1879.0,4,1587.0,1785.0,1848.0,1785.0,8.0,146520.0,12
2023-05-10 21:25:41,ru2401C12000,ru2401C12000,1845.0,0.0,0.0,0.0,2,1847.0,1879.0,4,1587.0,1785.0,1848.0,1785.0,8.0,146520.0,12
2023-05-10 21:25:43,ru2401C12000,ru2401C12000,1845.0,0.0,0.0,0.0,2,1847.0,1879.0,4,1587.0,1785.0,1848.0,1785.0,8.0,146520.0,12
2023-05-10 21:25:44,ru2401C12000,ru2401C12000,1845.0,0.0,0.0,0.0,2,1847.0,1879.0,4,1587.0,1785.0,1848.0,1785.0,8.0,146520.0,12
2023-05-10 21:25:46,ru2401C12000,ru2401C12000,1845.0,0.0,0.0,0.0,2,1847.0,1879.0,4,1587.0,1785.0,1848.0,1785.0,8.0,146520.0,12
2023-05-10 21:25:51,ru2401C12000,ru2401C12000,1845.0,0.0,0.0,0.0,2,1847.0,1879.0,4,1587.0,1785.0,1848.0,1785.0,8.0,146520.0,12
2023-05-10 21:25:53,ru2401C12000,ru2401C12000,1845.0,0.0,0.0,0.0,2,1847.0,1879.0,4,1587.0,1785.0,1848.0,1785.0,8.0,146520.0,12
2023-05-10 21:25:55,ru2401C12000,ru2401C12000,1845.0,0.0,0.0,0.0,2,1847.0,1879.0,4,1587.0,1785.0,1848.0,1785.0,8.0,146520.0,12
2023-05-10 21:25:55,ru2401C12000,ru2401C12000,1845.0,0.0,0.0,0.0,2,1847.0,1879.0,4,1587.0,1785.0,1848.0,1785.0,8.0,146520.0,12
2023-05-10 21:25:57,ru2401C12000,ru2401C12000,1845.0,0.0,0.0,0.0,2,1847.0,1879.0,4,1587.0,1785.0,1848.0,1785.0,8.0,146520.0,12
2023-05-10 21:25:59,ru2401C12000,ru2401C12000,1845.0,0.0,0.0,0.0,2,1847.0,1879.0,4,1587.0,1785.0,1848.0,1785.0,8.0,146520.0,12
2023-05-10 21:26:00,ru2401C12000,ru2401C12000,1845.0,0.0,0.0,0.0,2,1847.0,1879.0,4,1587.0,1785.0,1848.0,1785.0,8.0,146520.0,12
2023-05-10 21:26:02,ru2401C12000,ru2401C12000,1845.0,0.0,0.0,0.0,2,1847.0,1879.0,4,1587.0,1785.0,1848.0,1785.0,8.0,146520.0,12
2023-05-10 21:26:03,ru2401C12000,ru2401C12000,1845.0,0.0,0.0,0.0,2,1847.0,1879.0,4,1587.0,1785.0,1848.0,1785.0,8.0,146520.0,12
2023-05-10 21:26:03,ru2401C12000,ru2401C12000,1845.0,0.0,0.0,0.0,2,1847.0,1879.0,4,1587.0,1785.0,1848.0,1785.0,8.0,146520.0,12
2023-05-10 21:26:05,ru2401C12000,ru2401C12000,1845.0,0.0,0.0,0.0,2,1847.0,1879.0,4,1587.0,1785.0,1848.0,1785.0,8.0,146520.0,12
2023-05-10 21:26:07,ru2401C12000,ru2401C12000,1845.0,0.0,0.0,0.0,2,1847.0,1879.0,4,1587.0,1785.0,1848.0,1785.0,8.0,146520.0,12
2023-05-10 21:26:29,ru2401C12000,ru2401C12000,1845.0,0.0,0.0,0.0,2,1847.0,1879.0,4,1587.0,1785.0,1848.0,1785.0,8.0,146520.0,12
2023-05-10 21:26:29,ru2401C12000,ru2401C12000,1845.0,0.0,0.0,0.0,2,1847.0,1879.0,4,1587.0,1785.0,1848.0,1785.0,8.0,146520.0,12
2023-05-10 21:26:41,ru2401C12000,ru2401C12000,1845.0,0.0,0.0,0.0,2,1847.0,1879.0,4,1587.0,1785.0,1848.0,1785.0,8.0,146520.0,12
2023-05-10 21:26:41,ru2401C12000,ru2401C12000,1845.0,0.0,0.0,0.0,2,1847.0,1879.0,4,1587.0,1785.0,1848.0,1785.0,8.0,146520.0,12
2023-05-10 21:26:44,ru2401C12000,ru2401C12000,1845.0,0.0,0.0,0.0,2,1847.0,1879.0,4,1587.0,1785.0,1848.0,1785.0,8.0,146520.0,12
2023-05-10 21:26:44,ru2401C12000,ru2401C12000,1845.0,0.0,0.0,0.0,2,1847.0,1879.0,4,1587.0,1785.0,1848.0,1785.0,8.0,146520.0,12
2023-05-10 21:26:45,ru2401C12000,ru2401C12000,1845.0,0.0,0.0,0.0,2,1852.0,1879.0,2,1587.0,1785.0,1848.0,1785.0,8.0,146520.0,12
2023-05-10 21:26:45,ru2401C12000,ru2401C12000,1845.0,0.0,0.0,0.0,4,1852.0,1884.0,4,1587.0,1785.0,1848.0,1785.0,8.0,146520.0,12
2023-05-10 21:26:46,ru2401C12000,ru2401C12000,1845.0,0.0,0.0,0.0,4,1852.0,1884.0,2,1587.0,1785.0,1848.0,1785.0,8.0,146520.0,12
2023-05-10 21:26:46,ru2401C12000,ru2401C12000,1845.0,0.0,0.0,0.0,4,1852.0,1884.0,2,1587.0,1785.0,1848.0,1785.0,8.0,146520.0,12
2023-05-10 21:26:51,ru2401C12000,ru2401C12000,1845.0,0.0,0.0,0.0,4,1852.0,1884.0,2,1587.0,1785.0,1848.0,1785.0,8.0,146520.0,12
2023-05-10 21:26:51,ru2401C12000,ru2401C12000,1845.0,0.0,0.0,0.0,4,1852.0,1884.0,2,1587.0,1785.0,1848.0,1785.0,8.0,146520.0,12
2023-05-10 21:26:58,ru2401C12000,ru2401C12000,1845.0,0.0,0.0,0.0,4,1852.0,1884.0,2,1587.0,1785.0,1848.0,1785.0,8.0,146520.0,12
2023-05-10 21:27:05,ru2401C12000,ru2401C12000,1845.0,0.0,0.0,0.0,4,1852.0,1884.0,2,1587.0,1785.0,1848.0,1785.0,8.0,146520.0,12
2023-05-10 21:27:06,ru2401C12000,ru2401C12000,1845.0,0.0,0.0,0.0,2,1852.0,1878.0,2,1587.0,1785.0,1848.0,1785.0,8.0,146520.0,12
2023-05-10 21:27:07,ru2401C12000,ru2401C12000,1845.0,0.0,0.0,0.0,8,1847.0,1878.0,4,1587.0,1785.0,1848.0,1785.0,8.0,146520.0,12
2023-05-10 21:27:07,ru2401C12000,ru2401C12000,1845.0,0.0,0.0,0.0,6,1847.0,1878.0,4,1587.0,1785.0,1848.0,1785.0,8.0,146520.0,12
2023-05-10 21:27:08,ru2401C12000,ru2401C12000,1845.0,0.0,0.0,0.0,4,1847.0,1878.0,4,1587.0,1785.0,1848.0,1785.0,8.0,146520.0,12
2023-05-10 21:27:08,ru2401C12000,ru2401C12000,1845.0,0.0,0.0,0.0,2,1847.0,1878.0,4,1587.0,1785.0,1848.0,1785.0,8.0,146520.0,12
2023-05-10 21:27:09,ru2401C12000,ru2401C12000,1845.0,0.0,0.0,0.0,2,1847.0,1878.0,4,1587.0,1785.0,1848.0,1785.0,8.0,146520.0,12
2023-05-10 21:27:10,ru2401C12000,ru2401C12000,1845.0,0.0,0.0,0.0,2,1847.0,1878.0,4,1587.0,1785.0,1848.0,1785.0,8.0,146520.0,12
2023-05-10 21:27:10,ru2401C12000,ru2401C12000,1845.0,0.0,0.0,0.0,2,1847.0,1878.0,4,1587.0,1785.0,1848.0,1785.0,8.0,146520.0,12
2023-05-10 21:27:13,ru2401C12000,ru2401C12000,1845.0,0.0,0.0,0.0,4,1845.0,1878.0,2,1587.0,1785.0,1848.0,1785.0,8.0,146520.0,12
2023-05-10 21:27:13,ru2401C12000,ru2401C12000,1845.0,0.0,0.0,0.0,4,1845.0,1878.0,2,1587.0,1785.0,1848.0,1785.0,8.0,146520.0,12
2023-05-10 21:27:16,ru2401C12000,ru2401C12000,1845.0,0.0,0.0,0.0,4,1845.0,1878.0,2,1587.0,1785.0,1848.0,1785.0,8.0,146520.0,12
2023-05-10 21:27:24,ru2401C12000,ru2401C12000,1845.0,0.0,0.0,0.0,4,1845.0,1878.0,2,1587.0,1785.0,1848.0,1785.0,8.0,146520.0,12
2023-05-10 21:27:25,ru2401C12000,ru2401C12000,1845.0,0.0,0.0,0.0,4,1845.0,1878.0,2,1587.0,1785.0,1848.0,1785.0,8.0,146520.0,12
2023-05-10 21:27:32,ru2401C12000,ru2401C12000,1845.0,0.0,0.0,0.0,4,1845.0,1878.0,2,1587.0,1785.0,1848.0,1785.0,8.0,146520.0,12
2023-05-10 21:27:33,ru2401C12000,ru2401C12000,1845.0,0.0,0.0,0.0,2,1845.0,1872.0,2,1587.0,1785.0,1848.0,1785.0,8.0,146520.0,12
2023-05-10 21:27:33,ru2401C12000,ru2401C12000,1845.0,0.0,0.0,0.0,2,1842.0,1872.0,4,1587.0,1785.0,1848.0,1785.0,8.0,146520.0,12
2023-05-10 21:27:34,ru2401C12000,ru2401C12000,1845.0,0.0,0.0,0.0,2,1842.0,1872.0,4,1587.0,1785.0,1848.0,1785.0,8.0,146520.0,12
2023-05-10 21:27:34,ru2401C12000,ru2401C12000,1845.0,0.0,0.0,0.0,2,1842.0,1872.0,4,1587.0,1785.0,1848.0,1785.0,8.0,146520.0,12
2023-05-10 21:27:38,ru2401C12000,ru2401C12000,1845.0,0.0,0.0,0.0,4,1840.0,1872.0,4,1587.0,1785.0,1848.0,1785.0,8.0,146520.0,12
2023-05-10 21:27:38,ru2401C12000,ru2401C12000,1845.0,0.0,0.0,0.0,2,1840.0,1872.0,4,1587.0,1785.0,1848.0,1785.0,8.0,146520.0,12
2023-05-10 21:27:39,ru2401C12000,ru2401C12000,1845.0,0.0,0.0,0.0,2,1840.0,1872.0,4,1587.0,1785.0,1848.0,1785.0,8.0,146520.0,12
2023-05-10 21:27:43,ru2401C12000,ru2401C12000,1845.0,0.0,0.0,0.0,2,1840.0,1872.0,4,1587.0,1785.0,1848.0,1785.0,8.0,146520.0,12
2023-05-10 21:27:44,ru2401C12000,ru2401C12000,1845.0,0.0,0.0,0.0,2,1840.0,1872.0,4,1587.0,1785.0,1848.0,1785.0,8.0,146520.0,12
2023-05-10 21:27:45,ru2401C12000,ru2401C12000,1845.0,0.0,0.0,0.0,2,1840.0,1872.0,4,1587.0,1785.0,1848.0,1785.0,8.0,146520.0,12
2023-05-10 21:27:47,ru2401C12000,ru2401C12000,1845.0,0.0,0.0,0.0,2,1840.0,1872.0,4,1587.0,1785.0,1848.0,1785.0,8.0,146520.0,12
2023-05-10 21:27:48,ru2401C12000,ru2401C12000,1845.0,0.0,0.0,0.0,2,1840.0,1872.0,4,1587.0,1785.0,1848.0,1785.0,8.0,146520.0,12
2023-05-10 21:27:49,ru2401C12000,ru2401C12000,1845.0,0.0,0.0,0.0,2,1840.0,1872.0,4,1587.0,1785.0,1848.0,1785.0,8.0,146520.0,12
2023-05-10 21:27:54,ru2401C12000,ru2401C12000,1845.0,0.0,0.0,0.0,2,1840.0,1872.0,4,1587.0,1785.0,1848.0,1785.0,8.0,146520.0,12
2023-05-10 21:28:03,ru2401C12000,ru2401C12000,1845.0,0.0,0.0,0.0,2,1840.0,1872.0,4,1587.0,1785.0,1848.0,1785.0,8.0,146520.0,12
2023-05-10 21:28:03,ru2401C12000,ru2401C12000,1845.0,0.0,0.0,0.0,2,1840.0,1872.0,4,1587.0,1785.0,1848.0,1785.0,8.0,146520.0,12
2023-05-10 21:28:05,ru2401C12000,ru2401C12000,1845.0,0.0,0.0,0.0,2,1840.0,1872.0,4,1587.0,1785.0,1848.0,1785.0,8.0,146520.0,12
2023-05-10 21:28:06,ru2401C12000,ru2401C12000,1845.0,0.0,0.0,0.0,2,1840.0,1867.0,2,1587.0,1785.0,1848.0,1785.0,8.0,146520.0,12
2023-05-10 21:28:06,ru2401C12000,ru2401C12000,1845.0,0.0,0.0,0.0,8,1835.0,1867.0,4,1587.0,1785.0,1848.0,1785.0,8.0,146520.0,12
2023-05-10 21:28:07,ru2401C12000,ru2401C12000,1845.0,0.0,0.0,0.0,4,1835.0,1867.0,4,1587.0,1785.0,1848.0,1785.0,8.0,146520.0,12
2023-05-10 21:28:08,ru2401C12000,ru2401C12000,1845.0,0.0,0.0,0.0,2,1835.0,1867.0,4,1587.0,1785.0,1848.0,1785.0,8.0,146520.0,12
2023-05-10 21:28:09,ru2401C12000,ru2401C12000,1845.0,0.0,0.0,0.0,2,1835.0,1867.0,4,1587.0,1785.0,1848.0,1785.0,8.0,146520.0,12
2023-05-10 21:28:13,ru2401C12000,ru2401C12000,1845.0,0.0,0.0,0.0,2,1835.0,1867.0,4,1587.0,1785.0,1848.0,1785.0,8.0,146520.0,12
2023-05-10 21:28:16,ru2401C12000,ru2401C12000,1845.0,0.0,0.0,0.0,2,1835.0,1867.0,4,1587.0,1785.0,1848.0,1785.0,8.0,146520.0,12
2023-05-10 21:28:16,ru2401C12000,ru2401C12000,1845.0,0.0,0.0,0.0,4,1833.0,1867.0,2,1587.0,1785.0,1848.0,1785.0,8.0,146520.0,12
2023-05-10 21:28:17,ru2401C12000,ru2401C12000,1845.0,0.0,0.0,0.0,4,1833.0,1867.0,4,1587.0,1785.0,1848.0,1785.0,8.0,146520.0,12
2023-05-10 21:28:19,ru2401C12000,ru2401C12000,1845.0,0.0,0.0,0.0,4,1833.0,1867.0,2,1587.0,1785.0,1848.0,1785.0,8.0,146520.0,12
2023-05-10 21:28:21,ru2401C12000,ru2401C12000,1845.0,0.0,0.0,0.0,4,1833.0,1867.0,4,1587.0,1785.0,1848.0,1785.0,8.0,146520.0,12
2023-05-10 21:28:23,ru2401C12000,ru2401C12000,1845.0,0.0,0.0,0.0,4,1833.0,1867.0,4,1587.0,1785.0,1848.0,1785.0,8.0,146520.0,12
2023-05-10 21:28:26,ru2401C12000,ru2401C12000,1845.0,0.0,0.0,0.0,4,1833.0,1867.0,4,1587.0,1785.0,1848.0,1785.0,8.0,146520.0,12
2023-05-10 21:28:29,ru2401C12000,ru2401C12000,1845.0,0.0,0.0,0.0,2,1839.0,1867.0,2,1587.0,1785.0,1848.0,1785.0,8.0,146520.0,12
2023-05-10 21:28:29,ru2401C12000,ru2401C12000,1845.0,0.0,0.0,0.0,4,1839.0,1872.0,6,1587.0,1785.0,1848.0,1785.0,8.0,146520.0,12
2023-05-10 21:28:30,ru2401C12000,ru2401C12000,1845.0,0.0,0.0,0.0,4,1839.0,1872.0,4,1587.0,1785.0,1848.0,1785.0,8.0,146520.0,12
2023-05-10 21:28:44,ru2401C12000,ru2401C12000,1845.0,0.0,0.0,0.0,4,1839.0,1872.0,4,1587.0,1785.0,1848.0,1785.0,8.0,146520.0,12
2023-05-10 21:28:44,ru2401C12000,ru2401C12000,1845.0,0.0,0.0,0.0,4,1839.0,1872.0,4,1587.0,1785.0,1848.0,1785.0,8.0,146520.0,12
2023-05-10 21:28:45,ru2401C12000,ru2401C12000,1845.0,0.0,0.0,0.0,4,1839.0,1872.0,4,1587.0,1785.0,1848.0,1785.0,8.0,146520.0,12
2023-05-10 21:28:52,ru2401C12000,ru2401C12000,1845.0,0.0,0.0,0.0,4,1839.0,1872.0,4,1587.0,1785.0,1848.0,1785.0,8.0,146520.0,12
2023-05-10 21:28:56,ru2401C12000,ru2401C12000,1845.0,0.0,0.0,0.0,4,1839.0,1872.0,4,1587.0,1785.0,1848.0,1785.0,8.0,146520.0,12
2023-05-10 21:28:59,ru2401C12000,ru2401C12000,1845.0,0.0,0.0,0.0,4,1839.0,1872.0,4,1587.0,1785.0,1848.0,1785.0,8.0,146520.0,12
2023-05-10 21:29:00,ru2401C12000,ru2401C12000,1845.0,0.0,0.0,0.0,4,1839.0,1872.0,4,1587.0,1785.0,1848.0,1785.0,8.0,146520.0,12
2023-05-10 21:29:02,ru2401C12000,ru2401C12000,1845.0,0.0,0.0,0.0,4,1839.0,1872.0,4,1587.0,1785.0,1848.0,1785.0,8.0,146520.0,12
2023-05-10 21:29:04,ru2401C12000,ru2401C12000,1845.0,0.0,0.0,0.0,4,1839.0,1872.0,4,1587.0,1785.0,1848.0,1785.0,8.0,146520.0,12
2023-05-10 21:29:07,ru2401C12000,ru2401C12000,1845.0,0.0,0.0,0.0,4,1839.0,1872.0,4,1587.0,1785.0,1848.0,1785.0,8.0,146520.0,12
2023-05-10 21:29:10,ru2401C12000,ru2401C12000,1845.0,0.0,0.0,0.0,4,1839.0,1872.0,4,1587.0,1785.0,1848.0,1785.0,8.0,146520.0,12
2023-05-10 21:29:11,ru2401C12000,ru2401C12000,1845.0,0.0,0.0,0.0,4,1839.0,1872.0,4,1587.0,1785.0,1848.0,1785.0,8.0,146520.0,12
2023-05-10 21:29:14,ru2401C12000,ru2401C12000,1845.0,0.0,0.0,0.0,4,1839.0,1872.0,4,1587.0,1785.0,1848.0,1785.0,8.0,146520.0,12
2023-05-10 21:29:16,ru2401C12000,ru2401C12000,1845.0,0.0,0.0,0.0,4,1839.0,1872.0,4,1587.0,1785.0,1848.0,1785.0,8.0,146520.0,12
2023-05-10 21:29:26,ru2401C12000,ru2401C12000,1845.0,0.0,0.0,0.0,2,1839.0,1872.0,4,1587.0,1785.0,1848.0,1785.0,8.0,146520.0,12
2023-05-10 21:29:27,ru2401C12000,ru2401C12000,1845.0,0.0,0.0,0.0,2,1839.0,1872.0,4,1587.0,1785.0,1848.0,1785.0,8.0,146520.0,12
2023-05-10 21:29:32,ru2401C12000,ru2401C12000,1845.0,0.0,0.0,0.0,2,1839.0,1872.0,4,1587.0,1785.0,1848.0,1785.0,8.0,146520.0,12
2023-05-10 21:29:36,ru2401C12000,ru2401C12000,1845.0,0.0,0.0,0.0,2,1838.0,1866.0,2,1587.0,1785.0,1848.0,1785.0,8.0,146520.0,12
2023-05-10 21:29:37,ru2401C12000,ru2401C12000,1845.0,0.0,0.0,0.0,6,1834.0,1866.0,2,1587.0,1785.0,1848.0,1785.0,8.0,146520.0,12
2023-05-10 21:29:37,ru2401C12000,ru2401C12000,1845.0,0.0,0.0,0.0,2,1834.0,1866.0,2,1587.0,1785.0,1848.0,1785.0,8.0,146520.0,12
2023-05-10 21:29:38,ru2401C12000,ru2401C12000,1845.0,0.0,0.0,0.0,2,1834.0,1866.0,2,1587.0,1785.0,1848.0,1785.0,8.0,146520.0,12
2023-05-10 21:29:44,ru2401C12000,ru2401C12000,1845.0,0.0,0.0,0.0,2,1834.0,1866.0,2,1587.0,1785.0,1848.0,1785.0,8.0,146520.0,12
2023-05-10 21:29:59,ru2401C12000,ru2401C12000,1845.0,0.0,0.0,0.0,2,1834.0,1866.0,2,1587.0,1785.0,1848.0,1785.0,8.0,146520.0,12
2023-05-10 21:30:05,ru2401C12000,ru2401C12000,1845.0,0.0,0.0,0.0,2,1834.0,1866.0,2,1587.0,1785.0,1848.0,1785.0,8.0,146520.0,12
2023-05-10 21:30:06,ru2401C12000,ru2401C12000,1845.0,0.0,0.0,0.0,2,1834.0,1866.0,2,1587.0,1785.0,1848.0,1785.0,8.0,146520.0,12
2023-05-10 21:30:08,ru2401C12000,ru2401C12000,1845.0,0.0,0.0,0.0,2,1834.0,1866.0,2,1587.0,1785.0,1848.0,1785.0,8.0,146520.0,12
