time,symbol_id,symbol_name,last,trade_volume,trade_amount,open_interest_change,bv1,bp1,ap1,av1,yesterday_close,today_open,today_high,today_low,volume,amount,open_interest
2023-05-10 20:59:00,ru2401C14750,ru2401C14750,354.0,0.0,0.0,0.0,1,300.0,407.0,2,354.0,407.0,0.0,0.0,0.0,0.0,286
2023-05-10 21:00:01,ru2401C14750,ru2401C14750,354.0,0.0,0.0,0.0,1,300.0,407.0,3,354.0,407.0,0.0,0.0,0.0,0.0,286
2023-05-10 21:00:08,ru2401C14750,ru2401C14750,354.0,0.0,0.0,0.0,1,300.0,407.0,3,354.0,407.0,0.0,0.0,0.0,0.0,286
2023-05-10 21:00:12,ru2401C14750,ru2401C14750,407.0,1.0,4070.0,1.0,1,300.0,407.0,2,354.0,407.0,407.0,407.0,1.0,4070.0,287
2023-05-10 21:00:16,ru2401C14750,ru2401C14750,407.0,0.0,0.0,0.0,1,300.0,406.0,1,354.0,407.0,407.0,407.0,1.0,4070.0,287
2023-05-10 21:00:20,ru2401C14750,ru2401C14750,407.0,0.0,0.0,0.0,1,301.0,406.0,1,354.0,407.0,407.0,407.0,1.0,4070.0,287
2023-05-10 21:00:35,ru2401C14750,ru2401C14750,407.0,0.0,0.0,0.0,1,301.0,406.0,2,354.0,407.0,407.0,407.0,1.0,4070.0,287
2023-05-10 21:00:36,ru2401C14750,ru2401C14750,407.0,0.0,0.0,0.0,1,301.0,405.0,1,354.0,407.0,407.0,407.0,1.0,4070.0,287
2023-05-10 21:00:46,ru2401C14750,ru2401C14750,407.0,0.0,0.0,0.0,1,301.0,405.0,1,354.0,407.0,407.0,407.0,1.0,4070.0,287
2023-05-10 21:00:46,ru2401C14750,ru2401C14750,407.0,0.0,0.0,0.0,1,301.0,405.0,2,354.0,407.0,407.0,407.0,1.0,4070.0,287
2023-05-10 21:00:54,ru2401C14750,ru2401C14750,407.0,0.0,0.0,0.0,1,301.0,404.0,1,354.0,407.0,407.0,407.0,1.0,4070.0,287
2023-05-10 21:00:58,ru2401C14750,ru2401C14750,407.0,0.0,0.0,0.0,1,301.0,403.0,1,354.0,407.0,407.0,407.0,1.0,4070.0,287
2023-05-10 21:01:08,ru2401C14750,ru2401C14750,407.0,0.0,0.0,0.0,1,301.0,403.0,1,354.0,407.0,407.0,407.0,1.0,4070.0,287
2023-05-10 21:01:43,ru2401C14750,ru2401C14750,407.0,0.0,0.0,0.0,1,301.0,403.0,2,354.0,407.0,407.0,407.0,1.0,4070.0,287
2023-05-10 21:01:52,ru2401C14750,ru2401C14750,407.0,0.0,0.0,0.0,1,301.0,402.0,3,354.0,407.0,407.0,407.0,1.0,4070.0,287
2023-05-10 21:02:19,ru2401C14750,ru2401C14750,407.0,0.0,0.0,0.0,1,301.0,402.0,3,354.0,407.0,407.0,407.0,1.0,4070.0,287
2023-05-10 21:02:28,ru2401C14750,ru2401C14750,407.0,0.0,0.0,0.0,1,310.0,402.0,3,354.0,407.0,407.0,407.0,1.0,4070.0,287
2023-05-10 21:02:44,ru2401C14750,ru2401C14750,407.0,0.0,0.0,0.0,1,310.0,402.0,3,354.0,407.0,407.0,407.0,1.0,4070.0,287
2023-05-10 21:02:57,ru2401C14750,ru2401C14750,407.0,0.0,0.0,0.0,1,310.0,401.0,1,354.0,407.0,407.0,407.0,1.0,4070.0,287
2023-05-10 21:03:00,ru2401C14750,ru2401C14750,407.0,0.0,0.0,0.0,1,310.0,400.0,2,354.0,407.0,407.0,407.0,1.0,4070.0,287
2023-05-10 21:03:09,ru2401C14750,ru2401C14750,401.0,1.0,4010.0,0.0,1,310.0,400.0,1,354.0,407.0,407.0,401.0,2.0,8080.0,287
2023-05-10 21:03:18,ru2401C14750,ru2401C14750,401.0,0.0,0.0,0.0,1,310.0,400.0,1,354.0,407.0,407.0,401.0,2.0,8080.0,287
2023-05-10 21:03:19,ru2401C14750,ru2401C14750,401.0,0.0,0.0,0.0,1,310.0,400.0,1,354.0,407.0,407.0,401.0,2.0,8080.0,287
2023-05-10 21:03:30,ru2401C14750,ru2401C14750,401.0,0.0,0.0,0.0,1,310.0,400.0,1,354.0,407.0,407.0,401.0,2.0,8080.0,287
2023-05-10 21:03:51,ru2401C14750,ru2401C14750,401.0,0.0,0.0,0.0,1,310.0,400.0,2,354.0,407.0,407.0,401.0,2.0,8080.0,287
2023-05-10 21:03:55,ru2401C14750,ru2401C14750,401.0,0.0,0.0,0.0,17,311.0,400.0,2,354.0,407.0,407.0,401.0,2.0,8080.0,287
2023-05-10 21:04:04,ru2401C14750,ru2401C14750,401.0,0.0,0.0,0.0,1,310.0,400.0,2,354.0,407.0,407.0,401.0,2.0,8080.0,287
2023-05-10 21:05:03,ru2401C14750,ru2401C14750,310.0,1.0,3100.0,0.0,1,300.0,400.0,2,354.0,407.0,407.0,310.0,3.0,11180.0,287
2023-05-10 21:05:04,ru2401C14750,ru2401C14750,400.0,2.0,8000.0,0.0,2,400.0,401.0,1,354.0,407.0,407.0,310.0,5.0,19180.0,287
2023-05-10 21:05:07,ru2401C14750,ru2401C14750,400.0,0.0,0.0,0.0,2,400.0,401.0,1,354.0,407.0,407.0,310.0,5.0,19180.0,287
2023-05-10 21:05:07,ru2401C14750,ru2401C14750,400.0,0.0,0.0,0.0,2,400.0,401.0,1,354.0,407.0,407.0,310.0,5.0,19180.0,287
2023-05-10 21:05:08,ru2401C14750,ru2401C14750,400.0,0.0,0.0,0.0,2,400.0,401.0,1,354.0,407.0,407.0,310.0,5.0,19180.0,287
2023-05-10 21:05:08,ru2401C14750,ru2401C14750,400.0,0.0,0.0,0.0,2,400.0,401.0,1,354.0,407.0,407.0,310.0,5.0,19180.0,287
2023-05-10 21:05:09,ru2401C14750,ru2401C14750,400.0,0.0,0.0,0.0,2,400.0,401.0,1,354.0,407.0,407.0,310.0,5.0,19180.0,287
2023-05-10 21:05:09,ru2401C14750,ru2401C14750,400.0,0.0,0.0,0.0,2,400.0,401.0,1,354.0,407.0,407.0,310.0,5.0,19180.0,287
2023-05-10 21:05:10,ru2401C14750,ru2401C14750,400.0,0.0,0.0,0.0,2,400.0,401.0,1,354.0,407.0,407.0,310.0,5.0,19180.0,287
2023-05-10 21:05:10,ru2401C14750,ru2401C14750,400.0,0.0,0.0,0.0,2,400.0,401.0,1,354.0,407.0,407.0,310.0,5.0,19180.0,287
2023-05-10 21:05:11,ru2401C14750,ru2401C14750,400.0,0.0,0.0,0.0,2,400.0,401.0,1,354.0,407.0,407.0,310.0,5.0,19180.0,287
2023-05-10 21:05:11,ru2401C14750,ru2401C14750,400.0,0.0,0.0,0.0,2,400.0,401.0,1,354.0,407.0,407.0,310.0,5.0,19180.0,287
2023-05-10 21:05:12,ru2401C14750,ru2401C14750,400.0,0.0,0.0,0.0,2,400.0,401.0,1,354.0,407.0,407.0,310.0,5.0,19180.0,287
2023-05-10 21:05:13,ru2401C14750,ru2401C14750,400.0,0.0,0.0,0.0,2,400.0,401.0,1,354.0,407.0,407.0,310.0,5.0,19180.0,287
2023-05-10 21:05:14,ru2401C14750,ru2401C14750,400.0,0.0,0.0,0.0,2,400.0,401.0,1,354.0,407.0,407.0,310.0,5.0,19180.0,287
2023-05-10 21:05:15,ru2401C14750,ru2401C14750,400.0,0.0,0.0,0.0,2,400.0,401.0,1,354.0,407.0,407.0,310.0,5.0,19180.0,287
2023-05-10 21:05:17,ru2401C14750,ru2401C14750,400.0,0.0,0.0,0.0,2,400.0,401.0,1,354.0,407.0,407.0,310.0,5.0,19180.0,287
2023-05-10 21:05:18,ru2401C14750,ru2401C14750,400.0,0.0,0.0,0.0,2,400.0,401.0,1,354.0,407.0,407.0,310.0,5.0,19180.0,287
2023-05-10 21:05:19,ru2401C14750,ru2401C14750,400.0,0.0,0.0,0.0,2,400.0,401.0,1,354.0,407.0,407.0,310.0,5.0,19180.0,287
2023-05-10 21:05:19,ru2401C14750,ru2401C14750,400.0,0.0,0.0,0.0,2,400.0,401.0,1,354.0,407.0,407.0,310.0,5.0,19180.0,287
2023-05-10 21:05:20,ru2401C14750,ru2401C14750,400.0,0.0,0.0,0.0,2,400.0,401.0,1,354.0,407.0,407.0,310.0,5.0,19180.0,287
2023-05-10 21:05:21,ru2401C14750,ru2401C14750,400.0,0.0,0.0,0.0,2,400.0,401.0,1,354.0,407.0,407.0,310.0,5.0,19180.0,287
2023-05-10 21:05:21,ru2401C14750,ru2401C14750,400.0,0.0,0.0,0.0,2,400.0,401.0,1,354.0,407.0,407.0,310.0,5.0,19180.0,287
2023-05-10 21:05:22,ru2401C14750,ru2401C14750,400.0,1.0,4000.0,0.0,1,400.0,401.0,1,354.0,407.0,407.0,310.0,6.0,23180.0,287
2023-05-10 21:05:22,ru2401C14750,ru2401C14750,400.0,0.0,0.0,0.0,1,400.0,401.0,1,354.0,407.0,407.0,310.0,6.0,23180.0,287
2023-05-10 21:05:23,ru2401C14750,ru2401C14750,400.0,0.0,0.0,0.0,4,361.0,401.0,1,354.0,407.0,407.0,310.0,6.0,23180.0,287
2023-05-10 21:05:23,ru2401C14750,ru2401C14750,400.0,0.0,0.0,0.0,2,361.0,401.0,1,354.0,407.0,407.0,310.0,6.0,23180.0,287
2023-05-10 21:05:24,ru2401C14750,ru2401C14750,400.0,0.0,0.0,0.0,2,361.0,401.0,1,354.0,407.0,407.0,310.0,6.0,23180.0,287
2023-05-10 21:05:24,ru2401C14750,ru2401C14750,400.0,0.0,0.0,0.0,1,300.0,401.0,1,354.0,407.0,407.0,310.0,6.0,23180.0,287
2023-05-10 21:05:25,ru2401C14750,ru2401C14750,400.0,0.0,0.0,0.0,1,300.0,401.0,1,354.0,407.0,407.0,310.0,6.0,23180.0,287
2023-05-10 21:05:37,ru2401C14750,ru2401C14750,400.0,0.0,0.0,0.0,1,310.0,401.0,1,354.0,407.0,407.0,310.0,6.0,23180.0,287
2023-05-10 21:05:40,ru2401C14750,ru2401C14750,400.0,0.0,0.0,0.0,1,310.0,401.0,1,354.0,407.0,407.0,310.0,6.0,23180.0,287
2023-05-10 21:06:17,ru2401C14750,ru2401C14750,400.0,0.0,0.0,0.0,1,350.0,401.0,1,354.0,407.0,407.0,310.0,6.0,23180.0,287
2023-05-10 21:06:19,ru2401C14750,ru2401C14750,400.0,0.0,0.0,0.0,10,351.0,401.0,1,354.0,407.0,407.0,310.0,6.0,23180.0,287
2023-05-10 21:06:35,ru2401C14750,ru2401C14750,400.0,0.0,0.0,0.0,10,351.0,401.0,1,354.0,407.0,407.0,310.0,6.0,23180.0,287
2023-05-10 21:06:42,ru2401C14750,ru2401C14750,400.0,0.0,0.0,0.0,10,351.0,401.0,1,354.0,407.0,407.0,310.0,6.0,23180.0,287
2023-05-10 21:07:29,ru2401C14750,ru2401C14750,400.0,0.0,0.0,0.0,1,360.0,401.0,1,354.0,407.0,407.0,310.0,6.0,23180.0,287
2023-05-10 21:07:30,ru2401C14750,ru2401C14750,400.0,0.0,0.0,0.0,3,360.0,401.0,3,354.0,407.0,407.0,310.0,6.0,23180.0,287
2023-05-10 21:07:41,ru2401C14750,ru2401C14750,400.0,0.0,0.0,0.0,1,360.0,401.0,1,354.0,407.0,407.0,310.0,6.0,23180.0,287
2023-05-10 21:07:46,ru2401C14750,ru2401C14750,400.0,0.0,0.0,0.0,3,360.0,401.0,3,354.0,407.0,407.0,310.0,6.0,23180.0,287
2023-05-10 21:07:55,ru2401C14750,ru2401C14750,400.0,0.0,0.0,0.0,1,361.0,401.0,3,354.0,407.0,407.0,310.0,6.0,23180.0,287
2023-05-10 21:08:05,ru2401C14750,ru2401C14750,400.0,0.0,0.0,0.0,1,361.0,401.0,3,354.0,407.0,407.0,310.0,6.0,23180.0,287
2023-05-10 21:08:17,ru2401C14750,ru2401C14750,400.0,0.0,0.0,0.0,1,361.0,401.0,3,354.0,407.0,407.0,310.0,6.0,23180.0,287
2023-05-10 21:08:18,ru2401C14750,ru2401C14750,400.0,0.0,0.0,0.0,1,361.0,401.0,3,354.0,407.0,407.0,310.0,6.0,23180.0,287
2023-05-10 21:08:26,ru2401C14750,ru2401C14750,400.0,0.0,0.0,0.0,1,361.0,401.0,3,354.0,407.0,407.0,310.0,6.0,23180.0,287
2023-05-10 21:08:32,ru2401C14750,ru2401C14750,400.0,0.0,0.0,0.0,2,361.0,401.0,3,354.0,407.0,407.0,310.0,6.0,23180.0,287
2023-05-10 21:08:39,ru2401C14750,ru2401C14750,400.0,0.0,0.0,0.0,1,365.0,401.0,3,354.0,407.0,407.0,310.0,6.0,23180.0,287
2023-05-10 21:08:40,ru2401C14750,ru2401C14750,400.0,0.0,0.0,0.0,3,365.0,401.0,3,354.0,407.0,407.0,310.0,6.0,23180.0,287
2023-05-10 21:08:40,ru2401C14750,ru2401C14750,400.0,0.0,0.0,0.0,5,365.0,401.0,3,354.0,407.0,407.0,310.0,6.0,23180.0,287
2023-05-10 21:08:46,ru2401C14750,ru2401C14750,400.0,0.0,0.0,0.0,3,365.0,401.0,1,354.0,407.0,407.0,310.0,6.0,23180.0,287
2023-05-10 21:08:51,ru2401C14750,ru2401C14750,400.0,0.0,0.0,0.0,5,365.0,401.0,3,354.0,407.0,407.0,310.0,6.0,23180.0,287
2023-05-10 21:08:52,ru2401C14750,ru2401C14750,400.0,0.0,0.0,0.0,1,366.0,401.0,3,354.0,407.0,407.0,310.0,6.0,23180.0,287
2023-05-10 21:08:55,ru2401C14750,ru2401C14750,401.0,3.0,12030.0,3.0,1,366.0,407.0,1,354.0,407.0,407.0,310.0,9.0,35210.0,290
2023-05-10 21:08:56,ru2401C14750,ru2401C14750,401.0,0.0,0.0,0.0,1,366.0,407.0,1,354.0,407.0,407.0,310.0,9.0,35210.0,290
2023-05-10 21:09:03,ru2401C14750,ru2401C14750,401.0,0.0,0.0,0.0,1,367.0,407.0,1,354.0,407.0,407.0,310.0,9.0,35210.0,290
2023-05-10 21:09:05,ru2401C14750,ru2401C14750,401.0,0.0,0.0,0.0,1,367.0,407.0,1,354.0,407.0,407.0,310.0,9.0,35210.0,290
2023-05-10 21:09:19,ru2401C14750,ru2401C14750,401.0,0.0,0.0,0.0,2,367.0,407.0,1,354.0,407.0,407.0,310.0,9.0,35210.0,290
2023-05-10 21:09:27,ru2401C14750,ru2401C14750,401.0,0.0,0.0,0.0,1,368.0,407.0,1,354.0,407.0,407.0,310.0,9.0,35210.0,290
2023-05-10 21:09:31,ru2401C14750,ru2401C14750,401.0,0.0,0.0,0.0,1,368.0,407.0,1,354.0,407.0,407.0,310.0,9.0,35210.0,290
2023-05-10 21:09:32,ru2401C14750,ru2401C14750,401.0,0.0,0.0,0.0,1,369.0,407.0,1,354.0,407.0,407.0,310.0,9.0,35210.0,290
2023-05-10 21:09:35,ru2401C14750,ru2401C14750,401.0,0.0,0.0,0.0,1,369.0,407.0,1,354.0,407.0,407.0,310.0,9.0,35210.0,290
2023-05-10 21:09:52,ru2401C14750,ru2401C14750,401.0,0.0,0.0,0.0,1,370.0,407.0,1,354.0,407.0,407.0,310.0,9.0,35210.0,290
2023-05-10 21:09:59,ru2401C14750,ru2401C14750,401.0,0.0,0.0,0.0,1,369.0,407.0,1,354.0,407.0,407.0,310.0,9.0,35210.0,290
2023-05-10 21:10:31,ru2401C14750,ru2401C14750,401.0,0.0,0.0,0.0,1,369.0,408.0,5,354.0,407.0,407.0,310.0,9.0,35210.0,290
2023-05-10 21:10:40,ru2401C14750,ru2401C14750,408.0,5.0,20400.0,5.0,1,369.0,430.0,3,354.0,407.0,408.0,310.0,14.0,55610.0,295
2023-05-10 21:11:03,ru2401C14750,ru2401C14750,408.0,0.0,0.0,0.0,6,370.0,430.0,3,354.0,407.0,408.0,310.0,14.0,55610.0,295
2023-05-10 21:11:20,ru2401C14750,ru2401C14750,408.0,0.0,0.0,0.0,6,370.0,430.0,3,354.0,407.0,408.0,310.0,14.0,55610.0,295
2023-05-10 21:11:21,ru2401C14750,ru2401C14750,408.0,0.0,0.0,0.0,1,371.0,430.0,3,354.0,407.0,408.0,310.0,14.0,55610.0,295
2023-05-10 21:11:29,ru2401C14750,ru2401C14750,408.0,0.0,0.0,0.0,10,372.0,430.0,3,354.0,407.0,408.0,310.0,14.0,55610.0,295
2023-05-10 21:11:39,ru2401C14750,ru2401C14750,430.0,3.0,12900.0,3.0,10,372.0,980.0,1,354.0,407.0,430.0,310.0,17.0,68510.0,298
2023-05-10 21:11:39,ru2401C14750,ru2401C14750,430.0,0.0,0.0,0.0,1,408.0,977.0,1,354.0,407.0,430.0,310.0,17.0,68510.0,298
2023-05-10 21:11:40,ru2401C14750,ru2401C14750,430.0,0.0,0.0,0.0,1,408.0,976.0,1,354.0,407.0,430.0,310.0,17.0,68510.0,298
2023-05-10 21:11:40,ru2401C14750,ru2401C14750,430.0,0.0,0.0,0.0,1,408.0,973.0,1,354.0,407.0,430.0,310.0,17.0,68510.0,298
2023-05-10 21:11:41,ru2401C14750,ru2401C14750,430.0,0.0,0.0,0.0,1,408.0,972.0,1,354.0,407.0,430.0,310.0,17.0,68510.0,298
2023-05-10 21:11:41,ru2401C14750,ru2401C14750,430.0,0.0,0.0,0.0,1,408.0,971.0,1,354.0,407.0,430.0,310.0,17.0,68510.0,298
2023-05-10 21:11:42,ru2401C14750,ru2401C14750,430.0,0.0,0.0,0.0,1,408.0,970.0,1,354.0,407.0,430.0,310.0,17.0,68510.0,298
2023-05-10 21:11:42,ru2401C14750,ru2401C14750,430.0,0.0,0.0,0.0,1,408.0,970.0,1,354.0,407.0,430.0,310.0,17.0,68510.0,298
2023-05-10 21:11:43,ru2401C14750,ru2401C14750,430.0,0.0,0.0,0.0,1,408.0,969.0,1,354.0,407.0,430.0,310.0,17.0,68510.0,298
2023-05-10 21:11:43,ru2401C14750,ru2401C14750,430.0,0.0,0.0,0.0,1,408.0,966.0,1,354.0,407.0,430.0,310.0,17.0,68510.0,298
2023-05-10 21:11:44,ru2401C14750,ru2401C14750,430.0,0.0,0.0,0.0,1,408.0,965.0,1,354.0,407.0,430.0,310.0,17.0,68510.0,298
2023-05-10 21:11:44,ru2401C14750,ru2401C14750,430.0,0.0,0.0,0.0,1,408.0,964.0,1,354.0,407.0,430.0,310.0,17.0,68510.0,298
2023-05-10 21:11:45,ru2401C14750,ru2401C14750,430.0,0.0,0.0,0.0,1,408.0,961.0,1,354.0,407.0,430.0,310.0,17.0,68510.0,298
2023-05-10 21:11:45,ru2401C14750,ru2401C14750,430.0,0.0,0.0,0.0,1,408.0,960.0,1,354.0,407.0,430.0,310.0,17.0,68510.0,298
2023-05-10 21:11:46,ru2401C14750,ru2401C14750,430.0,0.0,0.0,0.0,1,408.0,957.0,1,354.0,407.0,430.0,310.0,17.0,68510.0,298
2023-05-10 21:11:46,ru2401C14750,ru2401C14750,430.0,0.0,0.0,0.0,1,408.0,956.0,1,354.0,407.0,430.0,310.0,17.0,68510.0,298
2023-05-10 21:11:47,ru2401C14750,ru2401C14750,430.0,0.0,0.0,0.0,1,408.0,955.0,1,354.0,407.0,430.0,310.0,17.0,68510.0,298
2023-05-10 21:11:47,ru2401C14750,ru2401C14750,430.0,0.0,0.0,0.0,1,408.0,952.0,1,354.0,407.0,430.0,310.0,17.0,68510.0,298
2023-05-10 21:11:48,ru2401C14750,ru2401C14750,430.0,0.0,0.0,0.0,1,408.0,951.0,1,354.0,407.0,430.0,310.0,17.0,68510.0,298
2023-05-10 21:11:48,ru2401C14750,ru2401C14750,430.0,0.0,0.0,0.0,1,408.0,950.0,1,354.0,407.0,430.0,310.0,17.0,68510.0,298
2023-05-10 21:11:49,ru2401C14750,ru2401C14750,430.0,0.0,0.0,0.0,1,408.0,947.0,1,354.0,407.0,430.0,310.0,17.0,68510.0,298
2023-05-10 21:11:49,ru2401C14750,ru2401C14750,430.0,0.0,0.0,0.0,1,408.0,945.0,1,354.0,407.0,430.0,310.0,17.0,68510.0,298
2023-05-10 21:11:50,ru2401C14750,ru2401C14750,430.0,0.0,0.0,0.0,1,408.0,944.0,2,354.0,407.0,430.0,310.0,17.0,68510.0,298
2023-05-10 21:11:50,ru2401C14750,ru2401C14750,430.0,0.0,0.0,0.0,1,408.0,941.0,1,354.0,407.0,430.0,310.0,17.0,68510.0,298
2023-05-10 21:11:51,ru2401C14750,ru2401C14750,430.0,0.0,0.0,0.0,1,408.0,940.0,1,354.0,407.0,430.0,310.0,17.0,68510.0,298
2023-05-10 21:11:51,ru2401C14750,ru2401C14750,430.0,0.0,0.0,0.0,1,408.0,939.0,1,354.0,407.0,430.0,310.0,17.0,68510.0,298
2023-05-10 21:11:52,ru2401C14750,ru2401C14750,430.0,0.0,0.0,0.0,1,408.0,936.0,1,354.0,407.0,430.0,310.0,17.0,68510.0,298
2023-05-10 21:11:52,ru2401C14750,ru2401C14750,430.0,0.0,0.0,0.0,1,408.0,935.0,1,354.0,407.0,430.0,310.0,17.0,68510.0,298
2023-05-10 21:11:53,ru2401C14750,ru2401C14750,430.0,0.0,0.0,0.0,1,408.0,932.0,1,354.0,407.0,430.0,310.0,17.0,68510.0,298
2023-05-10 21:11:53,ru2401C14750,ru2401C14750,430.0,0.0,0.0,0.0,1,408.0,931.0,1,354.0,407.0,430.0,310.0,17.0,68510.0,298
2023-05-10 21:11:54,ru2401C14750,ru2401C14750,430.0,0.0,0.0,0.0,1,408.0,930.0,1,354.0,407.0,430.0,310.0,17.0,68510.0,298
2023-05-10 21:11:54,ru2401C14750,ru2401C14750,430.0,0.0,0.0,0.0,1,408.0,919.0,1,354.0,407.0,430.0,310.0,17.0,68510.0,298
2023-05-10 21:11:55,ru2401C14750,ru2401C14750,430.0,0.0,0.0,0.0,1,408.0,916.0,1,354.0,407.0,430.0,310.0,17.0,68510.0,298
2023-05-10 21:11:55,ru2401C14750,ru2401C14750,430.0,0.0,0.0,0.0,1,408.0,915.0,2,354.0,407.0,430.0,310.0,17.0,68510.0,298
2023-05-10 21:11:56,ru2401C14750,ru2401C14750,430.0,0.0,0.0,0.0,1,408.0,912.0,1,354.0,407.0,430.0,310.0,17.0,68510.0,298
2023-05-10 21:11:56,ru2401C14750,ru2401C14750,430.0,0.0,0.0,0.0,1,408.0,911.0,1,354.0,407.0,430.0,310.0,17.0,68510.0,298
2023-05-10 21:11:57,ru2401C14750,ru2401C14750,430.0,0.0,0.0,0.0,1,408.0,910.0,1,354.0,407.0,430.0,310.0,17.0,68510.0,298
2023-05-10 21:11:57,ru2401C14750,ru2401C14750,430.0,0.0,0.0,0.0,1,408.0,909.0,1,354.0,407.0,430.0,310.0,17.0,68510.0,298
2023-05-10 21:11:58,ru2401C14750,ru2401C14750,430.0,0.0,0.0,0.0,1,408.0,906.0,1,354.0,407.0,430.0,310.0,17.0,68510.0,298
2023-05-10 21:11:58,ru2401C14750,ru2401C14750,430.0,0.0,0.0,0.0,1,408.0,905.0,2,354.0,407.0,430.0,310.0,17.0,68510.0,298
2023-05-10 21:11:59,ru2401C14750,ru2401C14750,430.0,0.0,0.0,0.0,1,408.0,902.0,1,354.0,407.0,430.0,310.0,17.0,68510.0,298
2023-05-10 21:11:59,ru2401C14750,ru2401C14750,430.0,0.0,0.0,0.0,1,408.0,901.0,1,354.0,407.0,430.0,310.0,17.0,68510.0,298
2023-05-10 21:12:00,ru2401C14750,ru2401C14750,430.0,0.0,0.0,0.0,1,408.0,898.0,1,354.0,407.0,430.0,310.0,17.0,68510.0,298
2023-05-10 21:12:00,ru2401C14750,ru2401C14750,430.0,0.0,0.0,0.0,1,408.0,897.0,1,354.0,407.0,430.0,310.0,17.0,68510.0,298
2023-05-10 21:12:01,ru2401C14750,ru2401C14750,430.0,0.0,0.0,0.0,1,408.0,894.0,1,354.0,407.0,430.0,310.0,17.0,68510.0,298
2023-05-10 21:12:01,ru2401C14750,ru2401C14750,430.0,0.0,0.0,0.0,1,408.0,893.0,1,354.0,407.0,430.0,310.0,17.0,68510.0,298
2023-05-10 21:12:02,ru2401C14750,ru2401C14750,430.0,0.0,0.0,0.0,1,408.0,892.0,1,354.0,407.0,430.0,310.0,17.0,68510.0,298
2023-05-10 21:12:02,ru2401C14750,ru2401C14750,430.0,0.0,0.0,0.0,1,408.0,891.0,1,354.0,407.0,430.0,310.0,17.0,68510.0,298
2023-05-10 21:12:03,ru2401C14750,ru2401C14750,430.0,0.0,0.0,0.0,1,408.0,888.0,1,354.0,407.0,430.0,310.0,17.0,68510.0,298
2023-05-10 21:12:03,ru2401C14750,ru2401C14750,430.0,0.0,0.0,0.0,1,408.0,887.0,2,354.0,407.0,430.0,310.0,17.0,68510.0,298
2023-05-10 21:12:04,ru2401C14750,ru2401C14750,430.0,0.0,0.0,0.0,1,408.0,884.0,1,354.0,407.0,430.0,310.0,17.0,68510.0,298
2023-05-10 21:12:04,ru2401C14750,ru2401C14750,430.0,0.0,0.0,0.0,1,408.0,883.0,1,354.0,407.0,430.0,310.0,17.0,68510.0,298
2023-05-10 21:12:05,ru2401C14750,ru2401C14750,430.0,0.0,0.0,0.0,1,408.0,882.0,1,354.0,407.0,430.0,310.0,17.0,68510.0,298
2023-05-10 21:12:05,ru2401C14750,ru2401C14750,430.0,0.0,0.0,0.0,1,408.0,879.0,1,354.0,407.0,430.0,310.0,17.0,68510.0,298
2023-05-10 21:12:06,ru2401C14750,ru2401C14750,430.0,0.0,0.0,0.0,1,408.0,878.0,1,354.0,407.0,430.0,310.0,17.0,68510.0,298
2023-05-10 21:12:06,ru2401C14750,ru2401C14750,430.0,0.0,0.0,0.0,1,408.0,877.0,1,354.0,407.0,430.0,310.0,17.0,68510.0,298
2023-05-10 21:12:07,ru2401C14750,ru2401C14750,430.0,0.0,0.0,0.0,1,408.0,874.0,1,354.0,407.0,430.0,310.0,17.0,68510.0,298
2023-05-10 21:12:07,ru2401C14750,ru2401C14750,430.0,0.0,0.0,0.0,1,408.0,873.0,1,354.0,407.0,430.0,310.0,17.0,68510.0,298
2023-05-10 21:12:08,ru2401C14750,ru2401C14750,430.0,0.0,0.0,0.0,1,408.0,870.0,1,354.0,407.0,430.0,310.0,17.0,68510.0,298
2023-05-10 21:12:08,ru2401C14750,ru2401C14750,430.0,0.0,0.0,0.0,1,408.0,869.0,1,354.0,407.0,430.0,310.0,17.0,68510.0,298
2023-05-10 21:12:09,ru2401C14750,ru2401C14750,430.0,0.0,0.0,0.0,1,408.0,866.0,1,354.0,407.0,430.0,310.0,17.0,68510.0,298
2023-05-10 21:12:09,ru2401C14750,ru2401C14750,430.0,0.0,0.0,0.0,1,408.0,865.0,1,354.0,407.0,430.0,310.0,17.0,68510.0,298
2023-05-10 21:12:10,ru2401C14750,ru2401C14750,430.0,0.0,0.0,0.0,1,408.0,862.0,1,354.0,407.0,430.0,310.0,17.0,68510.0,298
2023-05-10 21:12:10,ru2401C14750,ru2401C14750,430.0,0.0,0.0,0.0,1,408.0,862.0,1,354.0,407.0,430.0,310.0,17.0,68510.0,298
2023-05-10 21:12:11,ru2401C14750,ru2401C14750,430.0,0.0,0.0,0.0,1,408.0,861.0,1,354.0,407.0,430.0,310.0,17.0,68510.0,298
2023-05-10 21:12:11,ru2401C14750,ru2401C14750,430.0,0.0,0.0,0.0,1,408.0,861.0,1,354.0,407.0,430.0,310.0,17.0,68510.0,298
2023-05-10 21:12:13,ru2401C14750,ru2401C14750,430.0,0.0,0.0,0.0,1,408.0,430.0,1,354.0,407.0,430.0,310.0,17.0,68510.0,298
2023-05-10 21:12:13,ru2401C14750,ru2401C14750,430.0,0.0,0.0,0.0,1,408.0,430.0,1,354.0,407.0,430.0,310.0,17.0,68510.0,298
2023-05-10 21:12:14,ru2401C14750,ru2401C14750,430.0,1.0,4300.0,0.0,1,408.0,523.0,1,354.0,407.0,430.0,310.0,18.0,72810.0,298
2023-05-10 21:12:14,ru2401C14750,ru2401C14750,430.0,0.0,0.0,0.0,1,408.0,522.0,1,354.0,407.0,430.0,310.0,18.0,72810.0,298
2023-05-10 21:12:16,ru2401C14750,ru2401C14750,430.0,0.0,0.0,0.0,1,396.0,522.0,1,354.0,407.0,430.0,310.0,18.0,72810.0,298
2023-05-10 21:12:21,ru2401C14750,ru2401C14750,430.0,0.0,0.0,0.0,1,396.0,522.0,1,354.0,407.0,430.0,310.0,18.0,72810.0,298
2023-05-10 21:12:24,ru2401C14750,ru2401C14750,430.0,0.0,0.0,0.0,10,372.0,522.0,1,354.0,407.0,430.0,310.0,18.0,72810.0,298
2023-05-10 21:12:25,ru2401C14750,ru2401C14750,430.0,0.0,0.0,0.0,10,372.0,522.0,1,354.0,407.0,430.0,310.0,18.0,72810.0,298
2023-05-10 21:12:42,ru2401C14750,ru2401C14750,430.0,0.0,0.0,0.0,10,372.0,865.0,1,354.0,407.0,430.0,310.0,18.0,72810.0,298
2023-05-10 21:12:43,ru2401C14750,ru2401C14750,430.0,0.0,0.0,0.0,10,372.0,862.0,1,354.0,407.0,430.0,310.0,18.0,72810.0,298
2023-05-10 21:12:43,ru2401C14750,ru2401C14750,430.0,0.0,0.0,0.0,10,372.0,861.0,1,354.0,407.0,430.0,310.0,18.0,72810.0,298
2023-05-10 21:12:44,ru2401C14750,ru2401C14750,430.0,0.0,0.0,0.0,10,372.0,858.0,1,354.0,407.0,430.0,310.0,18.0,72810.0,298
2023-05-10 21:12:44,ru2401C14750,ru2401C14750,430.0,0.0,0.0,0.0,10,372.0,857.0,1,354.0,407.0,430.0,310.0,18.0,72810.0,298
2023-05-10 21:12:45,ru2401C14750,ru2401C14750,430.0,0.0,0.0,0.0,10,372.0,857.0,1,354.0,407.0,430.0,310.0,18.0,72810.0,298
2023-05-10 21:12:45,ru2401C14750,ru2401C14750,430.0,0.0,0.0,0.0,1,373.0,847.0,1,354.0,407.0,430.0,310.0,18.0,72810.0,298
2023-05-10 21:12:46,ru2401C14750,ru2401C14750,430.0,0.0,0.0,0.0,1,373.0,844.0,1,354.0,407.0,430.0,310.0,18.0,72810.0,298
2023-05-10 21:12:47,ru2401C14750,ru2401C14750,430.0,0.0,0.0,0.0,1,400.0,844.0,1,354.0,407.0,430.0,310.0,18.0,72810.0,298
2023-05-10 21:12:48,ru2401C14750,ru2401C14750,430.0,0.0,0.0,0.0,1,400.0,844.0,1,354.0,407.0,430.0,310.0,18.0,72810.0,298
2023-05-10 21:12:50,ru2401C14750,ru2401C14750,430.0,0.0,0.0,0.0,1,400.0,833.0,1,354.0,407.0,430.0,310.0,18.0,72810.0,298
2023-05-10 21:12:50,ru2401C14750,ru2401C14750,430.0,0.0,0.0,0.0,1,400.0,833.0,1,354.0,407.0,430.0,310.0,18.0,72810.0,298
2023-05-10 21:12:51,ru2401C14750,ru2401C14750,430.0,0.0,0.0,0.0,1,400.0,830.0,1,354.0,407.0,430.0,310.0,18.0,72810.0,298
2023-05-10 21:12:51,ru2401C14750,ru2401C14750,430.0,0.0,0.0,0.0,1,400.0,600.0,10,354.0,407.0,430.0,310.0,18.0,72810.0,298
2023-05-10 21:12:52,ru2401C14750,ru2401C14750,430.0,0.0,0.0,0.0,1,400.0,600.0,10,354.0,407.0,430.0,310.0,18.0,72810.0,298
2023-05-10 21:12:53,ru2401C14750,ru2401C14750,430.0,0.0,0.0,0.0,1,400.0,600.0,10,354.0,407.0,430.0,310.0,18.0,72810.0,298
2023-05-10 21:12:54,ru2401C14750,ru2401C14750,430.0,0.0,0.0,0.0,1,400.0,599.0,1,354.0,407.0,430.0,310.0,18.0,72810.0,298
2023-05-10 21:12:57,ru2401C14750,ru2401C14750,430.0,0.0,0.0,0.0,1,400.0,599.0,1,354.0,407.0,430.0,310.0,18.0,72810.0,298
2023-05-10 21:13:01,ru2401C14750,ru2401C14750,430.0,0.0,0.0,0.0,1,400.0,520.0,2,354.0,407.0,430.0,310.0,18.0,72810.0,298
2023-05-10 21:13:17,ru2401C14750,ru2401C14750,430.0,0.0,0.0,0.0,1,401.0,520.0,2,354.0,407.0,430.0,310.0,18.0,72810.0,298
2023-05-10 21:13:21,ru2401C14750,ru2401C14750,430.0,0.0,0.0,0.0,1,401.0,520.0,3,354.0,407.0,430.0,310.0,18.0,72810.0,298
2023-05-10 21:13:21,ru2401C14750,ru2401C14750,430.0,0.0,0.0,0.0,1,401.0,500.0,60,354.0,407.0,430.0,310.0,18.0,72810.0,298
2023-05-10 21:13:22,ru2401C14750,ru2401C14750,500.0,1.0,5000.0,1.0,1,401.0,500.0,59,354.0,407.0,500.0,310.0,19.0,77810.0,299
2023-05-10 21:13:27,ru2401C14750,ru2401C14750,500.0,0.0,0.0,0.0,2,401.0,435.0,1,354.0,407.0,500.0,310.0,19.0,77810.0,299
2023-05-10 21:13:27,ru2401C14750,ru2401C14750,500.0,0.0,0.0,0.0,2,401.0,435.0,1,354.0,407.0,500.0,310.0,19.0,77810.0,299
2023-05-10 21:13:30,ru2401C14750,ru2401C14750,500.0,0.0,0.0,0.0,3,401.0,435.0,1,354.0,407.0,500.0,310.0,19.0,77810.0,299
2023-05-10 21:13:31,ru2401C14750,ru2401C14750,500.0,0.0,0.0,0.0,3,401.0,435.0,1,354.0,407.0,500.0,310.0,19.0,77810.0,299
2023-05-10 21:13:33,ru2401C14750,ru2401C14750,500.0,0.0,0.0,0.0,3,401.0,435.0,1,354.0,407.0,500.0,310.0,19.0,77810.0,299
2023-05-10 21:13:38,ru2401C14750,ru2401C14750,500.0,0.0,0.0,0.0,2,401.0,442.0,1,354.0,407.0,500.0,310.0,19.0,77810.0,299
2023-05-10 21:13:38,ru2401C14750,ru2401C14750,500.0,0.0,0.0,0.0,2,401.0,445.0,1,354.0,407.0,500.0,310.0,19.0,77810.0,299
2023-05-10 21:13:42,ru2401C14750,ru2401C14750,500.0,0.0,0.0,0.0,1,401.0,445.0,1,354.0,407.0,500.0,310.0,19.0,77810.0,299
2023-05-10 21:13:43,ru2401C14750,ru2401C14750,500.0,0.0,0.0,0.0,1,401.0,457.0,1,354.0,407.0,500.0,310.0,19.0,77810.0,299
2023-05-10 21:13:44,ru2401C14750,ru2401C14750,500.0,0.0,0.0,0.0,2,400.0,500.0,59,354.0,407.0,500.0,310.0,19.0,77810.0,299
2023-05-10 21:13:44,ru2401C14750,ru2401C14750,500.0,0.0,0.0,0.0,2,400.0,498.0,1,354.0,407.0,500.0,310.0,19.0,77810.0,299
2023-05-10 21:13:47,ru2401C14750,ru2401C14750,500.0,0.0,0.0,0.0,2,400.0,497.0,10,354.0,407.0,500.0,310.0,19.0,77810.0,299
2023-05-10 21:14:22,ru2401C14750,ru2401C14750,500.0,0.0,0.0,0.0,2,400.0,497.0,10,354.0,407.0,500.0,310.0,19.0,77810.0,299
2023-05-10 21:14:34,ru2401C14750,ru2401C14750,500.0,0.0,0.0,0.0,2,400.0,497.0,10,354.0,407.0,500.0,310.0,19.0,77810.0,299
2023-05-10 21:14:40,ru2401C14750,ru2401C14750,500.0,0.0,0.0,0.0,2,400.0,496.0,1,354.0,407.0,500.0,310.0,19.0,77810.0,299
2023-05-10 21:14:43,ru2401C14750,ru2401C14750,500.0,1.0,5000.0,1.0,2,400.0,497.0,10,354.0,407.0,500.0,310.0,20.0,82810.0,300
2023-05-10 21:14:50,ru2401C14750,ru2401C14750,500.0,0.0,0.0,0.0,1,443.0,478.0,1,354.0,407.0,500.0,310.0,20.0,82810.0,300
2023-05-10 21:14:50,ru2401C14750,ru2401C14750,500.0,0.0,0.0,0.0,1,443.0,478.0,1,354.0,407.0,500.0,310.0,20.0,82810.0,300
2023-05-10 21:14:51,ru2401C14750,ru2401C14750,500.0,0.0,0.0,0.0,1,443.0,478.0,1,354.0,407.0,500.0,310.0,20.0,82810.0,300
2023-05-10 21:14:51,ru2401C14750,ru2401C14750,500.0,0.0,0.0,0.0,1,443.0,478.0,1,354.0,407.0,500.0,310.0,20.0,82810.0,300
2023-05-10 21:14:52,ru2401C14750,ru2401C14750,478.0,1.0,4780.0,0.0,1,443.0,485.0,1,354.0,407.0,500.0,310.0,21.0,87590.0,300
2023-05-10 21:14:52,ru2401C14750,ru2401C14750,478.0,0.0,0.0,0.0,1,443.0,486.0,1,354.0,407.0,500.0,310.0,21.0,87590.0,300
2023-05-10 21:14:53,ru2401C14750,ru2401C14750,478.0,0.0,0.0,0.0,1,443.0,486.0,1,354.0,407.0,500.0,310.0,21.0,87590.0,300
2023-05-10 21:14:53,ru2401C14750,ru2401C14750,478.0,0.0,0.0,0.0,2,443.0,486.0,1,354.0,407.0,500.0,310.0,21.0,87590.0,300
2023-05-10 21:14:55,ru2401C14750,ru2401C14750,478.0,0.0,0.0,0.0,1,478.0,486.0,1,354.0,407.0,500.0,310.0,21.0,87590.0,300
2023-05-10 21:14:55,ru2401C14750,ru2401C14750,478.0,1.0,4780.0,-1.0,1,471.0,486.0,1,354.0,407.0,500.0,310.0,22.0,92370.0,299
2023-05-10 21:14:56,ru2401C14750,ru2401C14750,471.0,1.0,4710.0,0.0,2,443.0,471.0,1,354.0,407.0,500.0,310.0,23.0,97080.0,299
2023-05-10 21:14:57,ru2401C14750,ru2401C14750,471.0,0.0,0.0,0.0,2,443.0,471.0,1,354.0,407.0,500.0,310.0,23.0,97080.0,299
2023-05-10 21:14:59,ru2401C14750,ru2401C14750,471.0,1.0,4710.0,0.0,2,443.0,486.0,1,354.0,407.0,500.0,310.0,24.0,101790.0,299
2023-05-10 21:15:01,ru2401C14750,ru2401C14750,471.0,0.0,0.0,0.0,1,443.0,486.0,1,354.0,407.0,500.0,310.0,24.0,101790.0,299
2023-05-10 21:15:02,ru2401C14750,ru2401C14750,471.0,0.0,0.0,0.0,1,443.0,490.0,1,354.0,407.0,500.0,310.0,24.0,101790.0,299
2023-05-10 21:15:04,ru2401C14750,ru2401C14750,471.0,0.0,0.0,0.0,1,443.0,495.0,10,354.0,407.0,500.0,310.0,24.0,101790.0,299
2023-05-10 21:15:05,ru2401C14750,ru2401C14750,471.0,0.0,0.0,0.0,1,443.0,494.0,1,354.0,407.0,500.0,310.0,24.0,101790.0,299
2023-05-10 21:15:08,ru2401C14750,ru2401C14750,471.0,0.0,0.0,0.0,2,400.0,494.0,1,354.0,407.0,500.0,310.0,24.0,101790.0,299
2023-05-10 21:15:16,ru2401C14750,ru2401C14750,471.0,0.0,0.0,0.0,6,401.0,494.0,1,354.0,407.0,500.0,310.0,24.0,101790.0,299
2023-05-10 21:15:35,ru2401C14750,ru2401C14750,471.0,0.0,0.0,0.0,2,402.0,493.0,2,354.0,407.0,500.0,310.0,24.0,101790.0,299
2023-05-10 21:15:44,ru2401C14750,ru2401C14750,471.0,0.0,0.0,0.0,6,401.0,494.0,1,354.0,407.0,500.0,310.0,24.0,101790.0,299
2023-05-10 21:15:52,ru2401C14750,ru2401C14750,471.0,0.0,0.0,0.0,6,401.0,493.0,1,354.0,407.0,500.0,310.0,24.0,101790.0,299
2023-05-10 21:15:53,ru2401C14750,ru2401C14750,471.0,0.0,0.0,0.0,6,401.0,493.0,4,354.0,407.0,500.0,310.0,24.0,101790.0,299
2023-05-10 21:16:18,ru2401C14750,ru2401C14750,471.0,0.0,0.0,0.0,6,401.0,493.0,4,354.0,407.0,500.0,310.0,24.0,101790.0,299
2023-05-10 21:16:19,ru2401C14750,ru2401C14750,471.0,0.0,0.0,0.0,6,401.0,493.0,3,354.0,407.0,500.0,310.0,24.0,101790.0,299
2023-05-10 21:16:44,ru2401C14750,ru2401C14750,471.0,0.0,0.0,0.0,2,414.0,493.0,3,354.0,407.0,500.0,310.0,24.0,101790.0,299
2023-05-10 21:16:45,ru2401C14750,ru2401C14750,471.0,0.0,0.0,0.0,6,401.0,493.0,3,354.0,407.0,500.0,310.0,24.0,101790.0,299
2023-05-10 21:17:21,ru2401C14750,ru2401C14750,471.0,0.0,0.0,0.0,6,401.0,465.0,1,354.0,407.0,500.0,310.0,24.0,101790.0,299
2023-05-10 21:17:59,ru2401C14750,ru2401C14750,471.0,0.0,0.0,0.0,2,414.0,465.0,1,354.0,407.0,500.0,310.0,24.0,101790.0,299
2023-05-10 21:17:59,ru2401C14750,ru2401C14750,471.0,0.0,0.0,0.0,1,415.0,465.0,1,354.0,407.0,500.0,310.0,24.0,101790.0,299
2023-05-10 21:18:00,ru2401C14750,ru2401C14750,471.0,0.0,0.0,0.0,1,415.0,450.0,1,354.0,407.0,500.0,310.0,24.0,101790.0,299
2023-05-10 21:18:00,ru2401C14750,ru2401C14750,450.0,1.0,4500.0,0.0,1,415.0,465.0,1,354.0,407.0,500.0,310.0,25.0,106290.0,299
2023-05-10 21:18:08,ru2401C14750,ru2401C14750,450.0,0.0,0.0,0.0,1,415.0,460.0,3,354.0,407.0,500.0,310.0,25.0,106290.0,299
2023-05-10 21:18:09,ru2401C14750,ru2401C14750,460.0,3.0,13800.0,3.0,1,415.0,465.0,1,354.0,407.0,500.0,310.0,28.0,120090.0,302
2023-05-10 21:18:09,ru2401C14750,ru2401C14750,465.0,1.0,4650.0,0.0,1,415.0,493.0,3,354.0,407.0,500.0,310.0,29.0,124740.0,302
2023-05-10 21:18:18,ru2401C14750,ru2401C14750,465.0,0.0,0.0,0.0,1,415.0,455.0,1,354.0,407.0,500.0,310.0,29.0,124740.0,302
2023-05-10 21:18:25,ru2401C14750,ru2401C14750,465.0,0.0,0.0,0.0,1,415.0,455.0,1,354.0,407.0,500.0,310.0,29.0,124740.0,302
2023-05-10 21:18:31,ru2401C14750,ru2401C14750,465.0,0.0,0.0,0.0,1,415.0,450.0,1,354.0,407.0,500.0,310.0,29.0,124740.0,302
2023-05-10 21:18:32,ru2401C14750,ru2401C14750,465.0,0.0,0.0,0.0,1,415.0,450.0,1,354.0,407.0,500.0,310.0,29.0,124740.0,302
2023-05-10 21:18:40,ru2401C14750,ru2401C14750,465.0,0.0,0.0,0.0,1,415.0,449.0,1,354.0,407.0,500.0,310.0,29.0,124740.0,302
2023-05-10 21:18:40,ru2401C14750,ru2401C14750,465.0,0.0,0.0,0.0,1,415.0,449.0,1,354.0,407.0,500.0,310.0,29.0,124740.0,302
2023-05-10 21:18:41,ru2401C14750,ru2401C14750,465.0,0.0,0.0,0.0,1,415.0,449.0,1,354.0,407.0,500.0,310.0,29.0,124740.0,302
2023-05-10 21:18:56,ru2401C14750,ru2401C14750,465.0,0.0,0.0,0.0,1,415.0,450.0,1,354.0,407.0,500.0,310.0,29.0,124740.0,302
2023-05-10 21:18:58,ru2401C14750,ru2401C14750,450.0,1.0,4500.0,0.0,1,415.0,455.0,1,354.0,407.0,500.0,310.0,30.0,129240.0,302
2023-05-10 21:18:59,ru2401C14750,ru2401C14750,455.0,1.0,4550.0,0.0,1,415.0,493.0,3,354.0,407.0,500.0,310.0,31.0,133790.0,302
2023-05-10 21:19:08,ru2401C14750,ru2401C14750,455.0,0.0,0.0,0.0,1,415.0,493.0,3,354.0,407.0,500.0,310.0,31.0,133790.0,302
2023-05-10 21:19:32,ru2401C14750,ru2401C14750,455.0,0.0,0.0,0.0,1,415.0,492.0,2,354.0,407.0,500.0,310.0,31.0,133790.0,302
2023-05-10 21:19:36,ru2401C14750,ru2401C14750,455.0,0.0,0.0,0.0,1,415.0,492.0,2,354.0,407.0,500.0,310.0,31.0,133790.0,302
2023-05-10 21:19:42,ru2401C14750,ru2401C14750,455.0,0.0,0.0,0.0,1,415.0,492.0,2,354.0,407.0,500.0,310.0,31.0,133790.0,302
2023-05-10 21:20:10,ru2401C14750,ru2401C14750,455.0,0.0,0.0,0.0,1,415.0,492.0,2,354.0,407.0,500.0,310.0,31.0,133790.0,302
2023-05-10 21:20:11,ru2401C14750,ru2401C14750,455.0,0.0,0.0,0.0,1,415.0,490.0,3,354.0,407.0,500.0,310.0,31.0,133790.0,302
2023-05-10 21:20:13,ru2401C14750,ru2401C14750,455.0,0.0,0.0,0.0,1,447.0,490.0,3,354.0,407.0,500.0,310.0,31.0,133790.0,302
2023-05-10 21:20:14,ru2401C14750,ru2401C14750,455.0,0.0,0.0,0.0,1,447.0,490.0,3,354.0,407.0,500.0,310.0,31.0,133790.0,302
2023-05-10 21:20:16,ru2401C14750,ru2401C14750,455.0,0.0,0.0,0.0,1,447.0,470.0,4,354.0,407.0,500.0,310.0,31.0,133790.0,302
2023-05-10 21:20:51,ru2401C14750,ru2401C14750,455.0,0.0,0.0,0.0,1,451.0,470.0,4,354.0,407.0,500.0,310.0,31.0,133790.0,302
2023-05-10 21:20:56,ru2401C14750,ru2401C14750,455.0,0.0,0.0,0.0,1,451.0,470.0,4,354.0,407.0,500.0,310.0,31.0,133790.0,302
2023-05-10 21:20:57,ru2401C14750,ru2401C14750,455.0,0.0,0.0,0.0,1,451.0,470.0,6,354.0,407.0,500.0,310.0,31.0,133790.0,302
2023-05-10 21:21:02,ru2401C14750,ru2401C14750,455.0,0.0,0.0,0.0,1,452.0,470.0,6,354.0,407.0,500.0,310.0,31.0,133790.0,302
2023-05-10 21:21:31,ru2401C14750,ru2401C14750,455.0,0.0,0.0,0.0,1,452.0,469.0,1,354.0,407.0,500.0,310.0,31.0,133790.0,302
2023-05-10 21:21:34,ru2401C14750,ru2401C14750,455.0,0.0,0.0,0.0,1,452.0,469.0,1,354.0,407.0,500.0,310.0,31.0,133790.0,302
2023-05-10 21:21:49,ru2401C14750,ru2401C14750,455.0,0.0,0.0,0.0,1,452.0,469.0,1,354.0,407.0,500.0,310.0,31.0,133790.0,302
2023-05-10 21:21:51,ru2401C14750,ru2401C14750,455.0,0.0,0.0,0.0,1,452.0,469.0,1,354.0,407.0,500.0,310.0,31.0,133790.0,302
2023-05-10 21:21:53,ru2401C14750,ru2401C14750,469.0,1.0,4690.0,1.0,1,452.0,470.0,4,354.0,407.0,500.0,310.0,32.0,138480.0,303
2023-05-10 21:21:59,ru2401C14750,ru2401C14750,469.0,0.0,0.0,0.0,1,452.0,470.0,6,354.0,407.0,500.0,310.0,32.0,138480.0,303
2023-05-10 21:22:00,ru2401C14750,ru2401C14750,469.0,0.0,0.0,0.0,1,452.0,470.0,4,354.0,407.0,500.0,310.0,32.0,138480.0,303
2023-05-10 21:22:00,ru2401C14750,ru2401C14750,469.0,0.0,0.0,0.0,1,452.0,470.0,4,354.0,407.0,500.0,310.0,32.0,138480.0,303
2023-05-10 21:22:05,ru2401C14750,ru2401C14750,469.0,0.0,0.0,0.0,1,452.0,470.0,4,354.0,407.0,500.0,310.0,32.0,138480.0,303
2023-05-10 21:22:19,ru2401C14750,ru2401C14750,469.0,0.0,0.0,0.0,1,452.0,470.0,4,354.0,407.0,500.0,310.0,32.0,138480.0,303
2023-05-10 21:22:20,ru2401C14750,ru2401C14750,469.0,0.0,0.0,0.0,1,452.0,470.0,4,354.0,407.0,500.0,310.0,32.0,138480.0,303
2023-05-10 21:22:20,ru2401C14750,ru2401C14750,469.0,0.0,0.0,0.0,1,452.0,470.0,4,354.0,407.0,500.0,310.0,32.0,138480.0,303
2023-05-10 21:22:29,ru2401C14750,ru2401C14750,469.0,0.0,0.0,0.0,1,452.0,470.0,6,354.0,407.0,500.0,310.0,32.0,138480.0,303
2023-05-10 21:23:19,ru2401C14750,ru2401C14750,469.0,0.0,0.0,0.0,1,452.0,470.0,4,354.0,407.0,500.0,310.0,32.0,138480.0,303
2023-05-10 21:23:20,ru2401C14750,ru2401C14750,469.0,0.0,0.0,0.0,1,452.0,470.0,4,354.0,407.0,500.0,310.0,32.0,138480.0,303
2023-05-10 21:23:20,ru2401C14750,ru2401C14750,469.0,0.0,0.0,0.0,1,452.0,470.0,4,354.0,407.0,500.0,310.0,32.0,138480.0,303
2023-05-10 21:23:38,ru2401C14750,ru2401C14750,469.0,0.0,0.0,0.0,1,452.0,470.0,4,354.0,407.0,500.0,310.0,32.0,138480.0,303
2023-05-10 21:23:43,ru2401C14750,ru2401C14750,469.0,0.0,0.0,0.0,1,452.0,470.0,4,354.0,407.0,500.0,310.0,32.0,138480.0,303
2023-05-10 21:25:43,ru2401C14750,ru2401C14750,469.0,0.0,0.0,0.0,1,452.0,465.0,1,354.0,407.0,500.0,310.0,32.0,138480.0,303
2023-05-10 21:25:52,ru2401C14750,ru2401C14750,469.0,0.0,0.0,0.0,1,452.0,465.0,1,354.0,407.0,500.0,310.0,32.0,138480.0,303
2023-05-10 21:26:19,ru2401C14750,ru2401C14750,469.0,0.0,0.0,0.0,1,452.0,464.0,3,354.0,407.0,500.0,310.0,32.0,138480.0,303
2023-05-10 21:27:06,ru2401C14750,ru2401C14750,452.0,1.0,4520.0,0.0,2,400.0,464.0,3,354.0,407.0,500.0,310.0,33.0,143000.0,303
2023-05-10 21:27:07,ru2401C14750,ru2401C14750,452.0,0.0,0.0,0.0,1,401.0,464.0,3,354.0,407.0,500.0,310.0,33.0,143000.0,303
2023-05-10 21:27:56,ru2401C14750,ru2401C14750,452.0,0.0,0.0,0.0,1,401.0,463.0,1,354.0,407.0,500.0,310.0,33.0,143000.0,303
2023-05-10 21:27:58,ru2401C14750,ru2401C14750,452.0,0.0,0.0,0.0,1,401.0,463.0,1,354.0,407.0,500.0,310.0,33.0,143000.0,303
2023-05-10 21:28:01,ru2401C14750,ru2401C14750,463.0,1.0,4630.0,0.0,1,401.0,464.0,3,354.0,407.0,500.0,310.0,34.0,147630.0,303
2023-05-10 21:28:03,ru2401C14750,ru2401C14750,463.0,0.0,0.0,0.0,1,426.0,448.0,1,354.0,407.0,500.0,310.0,34.0,147630.0,303
2023-05-10 21:28:03,ru2401C14750,ru2401C14750,463.0,0.0,0.0,0.0,1,426.0,448.0,1,354.0,407.0,500.0,310.0,34.0,147630.0,303
2023-05-10 21:28:04,ru2401C14750,ru2401C14750,463.0,0.0,0.0,0.0,1,426.0,448.0,1,354.0,407.0,500.0,310.0,34.0,147630.0,303
2023-05-10 21:28:05,ru2401C14750,ru2401C14750,463.0,0.0,0.0,0.0,1,426.0,448.0,1,354.0,407.0,500.0,310.0,34.0,147630.0,303
2023-05-10 21:28:06,ru2401C14750,ru2401C14750,463.0,0.0,0.0,0.0,2,426.0,448.0,1,354.0,407.0,500.0,310.0,34.0,147630.0,303
2023-05-10 21:28:10,ru2401C14750,ru2401C14750,463.0,0.0,0.0,0.0,2,426.0,448.0,1,354.0,407.0,500.0,310.0,34.0,147630.0,303
2023-05-10 21:28:14,ru2401C14750,ru2401C14750,463.0,0.0,0.0,0.0,1,426.0,455.0,2,354.0,407.0,500.0,310.0,34.0,147630.0,303
2023-05-10 21:28:14,ru2401C14750,ru2401C14750,463.0,0.0,0.0,0.0,1,426.0,455.0,1,354.0,407.0,500.0,310.0,34.0,147630.0,303
2023-05-10 21:28:15,ru2401C14750,ru2401C14750,463.0,0.0,0.0,0.0,1,426.0,464.0,5,354.0,407.0,500.0,310.0,34.0,147630.0,303
2023-05-10 21:28:17,ru2401C14750,ru2401C14750,463.0,0.0,0.0,0.0,1,426.0,464.0,5,354.0,407.0,500.0,310.0,34.0,147630.0,303
2023-05-10 21:28:21,ru2401C14750,ru2401C14750,463.0,0.0,0.0,0.0,2,409.0,464.0,5,354.0,407.0,500.0,310.0,34.0,147630.0,303
2023-05-10 21:28:39,ru2401C14750,ru2401C14750,463.0,0.0,0.0,0.0,1,452.0,464.0,5,354.0,407.0,500.0,310.0,34.0,147630.0,303
2023-05-10 21:28:39,ru2401C14750,ru2401C14750,452.0,1.0,4520.0,0.0,2,409.0,464.0,5,354.0,407.0,500.0,310.0,35.0,152150.0,303
2023-05-10 21:28:44,ru2401C14750,ru2401C14750,452.0,0.0,0.0,0.0,2,409.0,464.0,5,354.0,407.0,500.0,310.0,35.0,152150.0,303
2023-05-10 21:28:47,ru2401C14750,ru2401C14750,452.0,0.0,0.0,0.0,2,409.0,463.0,1,354.0,407.0,500.0,310.0,35.0,152150.0,303
2023-05-10 21:28:52,ru2401C14750,ru2401C14750,452.0,0.0,0.0,0.0,2,409.0,463.0,2,354.0,407.0,500.0,310.0,35.0,152150.0,303
2023-05-10 21:29:00,ru2401C14750,ru2401C14750,452.0,0.0,0.0,0.0,2,409.0,462.0,1,354.0,407.0,500.0,310.0,35.0,152150.0,303
2023-05-10 21:29:35,ru2401C14750,ru2401C14750,452.0,0.0,0.0,0.0,2,410.0,462.0,1,354.0,407.0,500.0,310.0,35.0,152150.0,303
2023-05-10 21:30:23,ru2401C14750,ru2401C14750,452.0,0.0,0.0,0.0,2,410.0,460.0,3,354.0,407.0,500.0,310.0,35.0,152150.0,303
2023-05-10 21:31:15,ru2401C14750,ru2401C14750,452.0,0.0,0.0,0.0,2,410.0,460.0,4,354.0,407.0,500.0,310.0,35.0,152150.0,303
2023-05-10 21:31:15,ru2401C14750,ru2401C14750,452.0,0.0,0.0,0.0,2,410.0,459.0,1,354.0,407.0,500.0,310.0,35.0,152150.0,303
2023-05-10 21:31:19,ru2401C14750,ru2401C14750,452.0,0.0,0.0,0.0,2,410.0,458.0,1,354.0,407.0,500.0,310.0,35.0,152150.0,303
2023-05-10 21:31:19,ru2401C14750,ru2401C14750,452.0,0.0,0.0,0.0,2,410.0,458.0,1,354.0,407.0,500.0,310.0,35.0,152150.0,303
2023-05-10 21:31:20,ru2401C14750,ru2401C14750,452.0,0.0,0.0,0.0,2,410.0,457.0,1,354.0,407.0,500.0,310.0,35.0,152150.0,303
2023-05-10 21:31:20,ru2401C14750,ru2401C14750,452.0,0.0,0.0,0.0,4,410.0,457.0,1,354.0,407.0,500.0,310.0,35.0,152150.0,303
2023-05-10 21:31:32,ru2401C14750,ru2401C14750,452.0,0.0,0.0,0.0,4,410.0,458.0,3,354.0,407.0,500.0,310.0,35.0,152150.0,303
2023-05-10 21:31:33,ru2401C14750,ru2401C14750,452.0,0.0,0.0,0.0,4,410.0,458.0,4,354.0,407.0,500.0,310.0,35.0,152150.0,303
2023-05-10 21:31:43,ru2401C14750,ru2401C14750,452.0,0.0,0.0,0.0,4,410.0,458.0,3,354.0,407.0,500.0,310.0,35.0,152150.0,303
2023-05-10 21:31:56,ru2401C14750,ru2401C14750,452.0,0.0,0.0,0.0,4,410.0,458.0,2,354.0,407.0,500.0,310.0,35.0,152150.0,303
2023-05-10 21:31:57,ru2401C14750,ru2401C14750,452.0,0.0,0.0,0.0,4,410.0,457.0,1,354.0,407.0,500.0,310.0,35.0,152150.0,303
2023-05-10 21:32:08,ru2401C14750,ru2401C14750,452.0,0.0,0.0,0.0,4,410.0,458.0,2,354.0,407.0,500.0,310.0,35.0,152150.0,303
2023-05-10 21:32:09,ru2401C14750,ru2401C14750,452.0,0.0,0.0,0.0,2,410.0,458.0,3,354.0,407.0,500.0,310.0,35.0,152150.0,303
2023-05-10 21:32:09,ru2401C14750,ru2401C14750,452.0,0.0,0.0,0.0,2,400.0,458.0,1,354.0,407.0,500.0,310.0,35.0,152150.0,303
2023-05-10 21:32:10,ru2401C14750,ru2401C14750,452.0,0.0,0.0,0.0,2,400.0,455.0,1,354.0,407.0,500.0,310.0,35.0,152150.0,303
2023-05-10 21:32:13,ru2401C14750,ru2401C14750,452.0,0.0,0.0,0.0,2,401.0,455.0,1,354.0,407.0,500.0,310.0,35.0,152150.0,303
2023-05-10 21:32:24,ru2401C14750,ru2401C14750,452.0,0.0,0.0,0.0,2,401.0,450.0,2,354.0,407.0,500.0,310.0,35.0,152150.0,303
2023-05-10 21:32:24,ru2401C14750,ru2401C14750,452.0,0.0,0.0,0.0,4,401.0,450.0,4,354.0,407.0,500.0,310.0,35.0,152150.0,303
2023-05-10 21:32:25,ru2401C14750,ru2401C14750,401.0,1.0,4010.0,-1.0,4,401.0,450.0,4,354.0,407.0,500.0,310.0,36.0,156160.0,302
2023-05-10 21:32:29,ru2401C14750,ru2401C14750,401.0,0.0,0.0,0.0,3,401.0,450.0,4,354.0,407.0,500.0,310.0,36.0,156160.0,302
2023-05-10 21:32:36,ru2401C14750,ru2401C14750,401.0,0.0,0.0,0.0,3,401.0,449.0,1,354.0,407.0,500.0,310.0,36.0,156160.0,302
2023-05-10 21:32:36,ru2401C14750,ru2401C14750,401.0,0.0,0.0,0.0,1,402.0,449.0,1,354.0,407.0,500.0,310.0,36.0,156160.0,302
2023-05-10 21:32:41,ru2401C14750,ru2401C14750,401.0,0.0,0.0,0.0,1,403.0,449.0,1,354.0,407.0,500.0,310.0,36.0,156160.0,302
2023-05-10 21:32:41,ru2401C14750,ru2401C14750,401.0,0.0,0.0,0.0,1,403.0,449.0,1,354.0,407.0,500.0,310.0,36.0,156160.0,302
2023-05-10 21:32:42,ru2401C14750,ru2401C14750,401.0,0.0,0.0,0.0,1,404.0,449.0,1,354.0,407.0,500.0,310.0,36.0,156160.0,302
2023-05-10 21:32:44,ru2401C14750,ru2401C14750,401.0,0.0,0.0,0.0,1,405.0,449.0,1,354.0,407.0,500.0,310.0,36.0,156160.0,302
2023-05-10 21:32:44,ru2401C14750,ru2401C14750,401.0,0.0,0.0,0.0,1,405.0,449.0,1,354.0,407.0,500.0,310.0,36.0,156160.0,302
2023-05-10 21:32:59,ru2401C14750,ru2401C14750,401.0,0.0,0.0,0.0,1,405.0,449.0,1,354.0,407.0,500.0,310.0,36.0,156160.0,302
2023-05-10 21:33:28,ru2401C14750,ru2401C14750,401.0,0.0,0.0,0.0,1,405.0,448.0,2,354.0,407.0,500.0,310.0,36.0,156160.0,302
2023-05-10 21:33:28,ru2401C14750,ru2401C14750,401.0,0.0,0.0,0.0,1,405.0,447.0,1,354.0,407.0,500.0,310.0,36.0,156160.0,302
2023-05-10 21:33:34,ru2401C14750,ru2401C14750,401.0,0.0,0.0,0.0,2,401.0,447.0,1,354.0,407.0,500.0,310.0,36.0,156160.0,302
2023-05-10 21:33:36,ru2401C14750,ru2401C14750,401.0,0.0,0.0,0.0,1,402.0,447.0,1,354.0,407.0,500.0,310.0,36.0,156160.0,302
2023-05-10 21:33:47,ru2401C14750,ru2401C14750,401.0,0.0,0.0,0.0,1,402.0,446.0,1,354.0,407.0,500.0,310.0,36.0,156160.0,302
2023-05-10 21:34:37,ru2401C14750,ru2401C14750,401.0,0.0,0.0,0.0,1,402.0,446.0,1,354.0,407.0,500.0,310.0,36.0,156160.0,302
2023-05-10 21:34:42,ru2401C14750,ru2401C14750,401.0,0.0,0.0,0.0,1,402.0,445.0,1,354.0,407.0,500.0,310.0,36.0,156160.0,302
2023-05-10 21:35:16,ru2401C14750,ru2401C14750,401.0,0.0,0.0,0.0,1,402.0,445.0,1,354.0,407.0,500.0,310.0,36.0,156160.0,302
2023-05-10 21:36:58,ru2401C14750,ru2401C14750,401.0,0.0,0.0,0.0,1,402.0,445.0,1,354.0,407.0,500.0,310.0,36.0,156160.0,302
2023-05-10 21:38:33,ru2401C14750,ru2401C14750,401.0,0.0,0.0,0.0,1,402.0,430.0,2,354.0,407.0,500.0,310.0,36.0,156160.0,302
2023-05-10 21:38:34,ru2401C14750,ru2401C14750,401.0,0.0,0.0,0.0,1,402.0,430.0,4,354.0,407.0,500.0,310.0,36.0,156160.0,302
2023-05-10 21:38:35,ru2401C14750,ru2401C14750,401.0,0.0,0.0,0.0,1,402.0,430.0,4,354.0,407.0,500.0,310.0,36.0,156160.0,302
2023-05-10 21:38:38,ru2401C14750,ru2401C14750,401.0,0.0,0.0,0.0,1,402.0,430.0,4,354.0,407.0,500.0,310.0,36.0,156160.0,302
2023-05-10 21:38:39,ru2401C14750,ru2401C14750,401.0,0.0,0.0,0.0,1,402.0,430.0,4,354.0,407.0,500.0,310.0,36.0,156160.0,302
2023-05-10 21:38:40,ru2401C14750,ru2401C14750,401.0,0.0,0.0,0.0,1,402.0,430.0,4,354.0,407.0,500.0,310.0,36.0,156160.0,302
2023-05-10 21:38:41,ru2401C14750,ru2401C14750,401.0,0.0,0.0,0.0,1,402.0,430.0,4,354.0,407.0,500.0,310.0,36.0,156160.0,302
2023-05-10 21:38:43,ru2401C14750,ru2401C14750,401.0,0.0,0.0,0.0,4,400.0,430.0,4,354.0,407.0,500.0,310.0,36.0,156160.0,302
2023-05-10 21:38:45,ru2401C14750,ru2401C14750,401.0,0.0,0.0,0.0,1,401.0,430.0,4,354.0,407.0,500.0,310.0,36.0,156160.0,302
2023-05-10 21:38:47,ru2401C14750,ru2401C14750,401.0,0.0,0.0,0.0,1,401.0,430.0,4,354.0,407.0,500.0,310.0,36.0,156160.0,302
2023-05-10 21:38:52,ru2401C14750,ru2401C14750,401.0,0.0,0.0,0.0,1,401.0,430.0,4,354.0,407.0,500.0,310.0,36.0,156160.0,302
2023-05-10 21:39:03,ru2401C14750,ru2401C14750,401.0,0.0,0.0,0.0,1,401.0,430.0,4,354.0,407.0,500.0,310.0,36.0,156160.0,302
2023-05-10 21:39:07,ru2401C14750,ru2401C14750,401.0,0.0,0.0,0.0,1,401.0,430.0,4,354.0,407.0,500.0,310.0,36.0,156160.0,302
2023-05-10 21:39:09,ru2401C14750,ru2401C14750,401.0,0.0,0.0,0.0,1,401.0,430.0,4,354.0,407.0,500.0,310.0,36.0,156160.0,302
2023-05-10 21:39:17,ru2401C14750,ru2401C14750,401.0,0.0,0.0,0.0,1,401.0,430.0,4,354.0,407.0,500.0,310.0,36.0,156160.0,302
2023-05-10 21:39:18,ru2401C14750,ru2401C14750,401.0,0.0,0.0,0.0,1,401.0,430.0,4,354.0,407.0,500.0,310.0,36.0,156160.0,302
2023-05-10 21:39:18,ru2401C14750,ru2401C14750,401.0,0.0,0.0,0.0,1,401.0,430.0,4,354.0,407.0,500.0,310.0,36.0,156160.0,302
2023-05-10 21:39:19,ru2401C14750,ru2401C14750,401.0,0.0,0.0,0.0,1,401.0,430.0,4,354.0,407.0,500.0,310.0,36.0,156160.0,302
2023-05-10 21:39:20,ru2401C14750,ru2401C14750,401.0,0.0,0.0,0.0,1,401.0,430.0,4,354.0,407.0,500.0,310.0,36.0,156160.0,302
2023-05-10 21:39:21,ru2401C14750,ru2401C14750,401.0,0.0,0.0,0.0,1,401.0,430.0,4,354.0,407.0,500.0,310.0,36.0,156160.0,302
2023-05-10 21:39:21,ru2401C14750,ru2401C14750,401.0,0.0,0.0,0.0,1,401.0,430.0,4,354.0,407.0,500.0,310.0,36.0,156160.0,302
2023-05-10 21:39:22,ru2401C14750,ru2401C14750,401.0,0.0,0.0,0.0,1,401.0,430.0,4,354.0,407.0,500.0,310.0,36.0,156160.0,302
2023-05-10 21:39:27,ru2401C14750,ru2401C14750,401.0,0.0,0.0,0.0,1,401.0,430.0,4,354.0,407.0,500.0,310.0,36.0,156160.0,302
2023-05-10 21:39:27,ru2401C14750,ru2401C14750,401.0,0.0,0.0,0.0,1,401.0,430.0,4,354.0,407.0,500.0,310.0,36.0,156160.0,302
2023-05-10 21:39:28,ru2401C14750,ru2401C14750,401.0,0.0,0.0,0.0,1,401.0,430.0,4,354.0,407.0,500.0,310.0,36.0,156160.0,302
2023-05-10 21:39:28,ru2401C14750,ru2401C14750,401.0,0.0,0.0,0.0,1,401.0,430.0,4,354.0,407.0,500.0,310.0,36.0,156160.0,302
2023-05-10 21:39:31,ru2401C14750,ru2401C14750,401.0,0.0,0.0,0.0,1,401.0,430.0,4,354.0,407.0,500.0,310.0,36.0,156160.0,302
2023-05-10 21:39:31,ru2401C14750,ru2401C14750,401.0,0.0,0.0,0.0,1,401.0,430.0,4,354.0,407.0,500.0,310.0,36.0,156160.0,302
2023-05-10 21:39:34,ru2401C14750,ru2401C14750,401.0,0.0,0.0,0.0,1,401.0,430.0,4,354.0,407.0,500.0,310.0,36.0,156160.0,302
2023-05-10 21:39:35,ru2401C14750,ru2401C14750,401.0,0.0,0.0,0.0,1,401.0,430.0,4,354.0,407.0,500.0,310.0,36.0,156160.0,302
2023-05-10 21:39:35,ru2401C14750,ru2401C14750,401.0,0.0,0.0,0.0,1,401.0,430.0,4,354.0,407.0,500.0,310.0,36.0,156160.0,302
2023-05-10 21:39:37,ru2401C14750,ru2401C14750,401.0,0.0,0.0,0.0,1,401.0,430.0,4,354.0,407.0,500.0,310.0,36.0,156160.0,302
2023-05-10 21:39:37,ru2401C14750,ru2401C14750,401.0,0.0,0.0,0.0,1,401.0,430.0,4,354.0,407.0,500.0,310.0,36.0,156160.0,302
2023-05-10 21:39:38,ru2401C14750,ru2401C14750,401.0,0.0,0.0,0.0,1,401.0,430.0,4,354.0,407.0,500.0,310.0,36.0,156160.0,302
2023-05-10 21:39:38,ru2401C14750,ru2401C14750,401.0,0.0,0.0,0.0,1,401.0,430.0,4,354.0,407.0,500.0,310.0,36.0,156160.0,302
2023-05-10 21:39:42,ru2401C14750,ru2401C14750,401.0,0.0,0.0,0.0,1,401.0,430.0,4,354.0,407.0,500.0,310.0,36.0,156160.0,302
2023-05-10 21:39:42,ru2401C14750,ru2401C14750,401.0,0.0,0.0,0.0,1,401.0,430.0,4,354.0,407.0,500.0,310.0,36.0,156160.0,302
2023-05-10 21:39:44,ru2401C14750,ru2401C14750,401.0,0.0,0.0,0.0,1,401.0,430.0,4,354.0,407.0,500.0,310.0,36.0,156160.0,302
2023-05-10 21:39:45,ru2401C14750,ru2401C14750,401.0,0.0,0.0,0.0,1,401.0,430.0,4,354.0,407.0,500.0,310.0,36.0,156160.0,302
2023-05-10 21:39:47,ru2401C14750,ru2401C14750,401.0,0.0,0.0,0.0,1,401.0,430.0,4,354.0,407.0,500.0,310.0,36.0,156160.0,302
2023-05-10 21:40:01,ru2401C14750,ru2401C14750,401.0,0.0,0.0,0.0,1,401.0,430.0,6,354.0,407.0,500.0,310.0,36.0,156160.0,302
2023-05-10 21:40:02,ru2401C14750,ru2401C14750,401.0,0.0,0.0,0.0,1,401.0,430.0,6,354.0,407.0,500.0,310.0,36.0,156160.0,302
2023-05-10 21:40:04,ru2401C14750,ru2401C14750,401.0,0.0,0.0,0.0,1,401.0,430.0,4,354.0,407.0,500.0,310.0,36.0,156160.0,302
2023-05-10 21:40:07,ru2401C14750,ru2401C14750,401.0,0.0,0.0,0.0,1,401.0,430.0,4,354.0,407.0,500.0,310.0,36.0,156160.0,302
2023-05-10 21:40:08,ru2401C14750,ru2401C14750,401.0,0.0,0.0,0.0,1,401.0,430.0,4,354.0,407.0,500.0,310.0,36.0,156160.0,302
2023-05-10 21:40:09,ru2401C14750,ru2401C14750,401.0,0.0,0.0,0.0,1,401.0,430.0,6,354.0,407.0,500.0,310.0,36.0,156160.0,302
2023-05-10 21:40:11,ru2401C14750,ru2401C14750,401.0,0.0,0.0,0.0,1,401.0,430.0,4,354.0,407.0,500.0,310.0,36.0,156160.0,302
2023-05-10 21:40:12,ru2401C14750,ru2401C14750,401.0,0.0,0.0,0.0,3,401.0,430.0,4,354.0,407.0,500.0,310.0,36.0,156160.0,302
2023-05-10 21:40:13,ru2401C14750,ru2401C14750,401.0,0.0,0.0,0.0,1,401.0,430.0,4,354.0,407.0,500.0,310.0,36.0,156160.0,302
2023-05-10 21:40:14,ru2401C14750,ru2401C14750,401.0,0.0,0.0,0.0,3,401.0,430.0,4,354.0,407.0,500.0,310.0,36.0,156160.0,302
2023-05-10 21:40:15,ru2401C14750,ru2401C14750,401.0,0.0,0.0,0.0,1,401.0,430.0,4,354.0,407.0,500.0,310.0,36.0,156160.0,302
2023-05-10 21:40:16,ru2401C14750,ru2401C14750,401.0,0.0,0.0,0.0,3,401.0,430.0,4,354.0,407.0,500.0,310.0,36.0,156160.0,302
2023-05-10 21:40:18,ru2401C14750,ru2401C14750,401.0,0.0,0.0,0.0,3,401.0,430.0,4,354.0,407.0,500.0,310.0,36.0,156160.0,302
2023-05-10 21:40:18,ru2401C14750,ru2401C14750,401.0,0.0,0.0,0.0,3,401.0,430.0,4,354.0,407.0,500.0,310.0,36.0,156160.0,302
2023-05-10 21:40:22,ru2401C14750,ru2401C14750,401.0,0.0,0.0,0.0,3,401.0,430.0,6,354.0,407.0,500.0,310.0,36.0,156160.0,302
2023-05-10 21:40:27,ru2401C14750,ru2401C14750,401.0,0.0,0.0,0.0,3,401.0,430.0,4,354.0,407.0,500.0,310.0,36.0,156160.0,302
2023-05-10 21:40:30,ru2401C14750,ru2401C14750,401.0,0.0,0.0,0.0,1,401.0,430.0,6,354.0,407.0,500.0,310.0,36.0,156160.0,302
2023-05-10 21:40:31,ru2401C14750,ru2401C14750,401.0,0.0,0.0,0.0,1,401.0,430.0,6,354.0,407.0,500.0,310.0,36.0,156160.0,302
2023-05-10 21:40:32,ru2401C14750,ru2401C14750,401.0,0.0,0.0,0.0,1,401.0,430.0,6,354.0,407.0,500.0,310.0,36.0,156160.0,302
2023-05-10 21:40:34,ru2401C14750,ru2401C14750,401.0,0.0,0.0,0.0,1,401.0,430.0,6,354.0,407.0,500.0,310.0,36.0,156160.0,302
2023-05-10 21:40:53,ru2401C14750,ru2401C14750,401.0,0.0,0.0,0.0,2,401.0,430.0,6,354.0,407.0,500.0,310.0,36.0,156160.0,302
2023-05-10 21:41:11,ru2401C14750,ru2401C14750,401.0,0.0,0.0,0.0,2,401.0,430.0,6,354.0,407.0,500.0,310.0,36.0,156160.0,302
2023-05-10 21:41:11,ru2401C14750,ru2401C14750,401.0,0.0,0.0,0.0,1,401.0,430.0,6,354.0,407.0,500.0,310.0,36.0,156160.0,302
2023-05-10 21:41:46,ru2401C14750,ru2401C14750,401.0,0.0,0.0,0.0,1,401.0,430.0,6,354.0,407.0,500.0,310.0,36.0,156160.0,302
2023-05-10 21:41:46,ru2401C14750,ru2401C14750,401.0,0.0,0.0,0.0,1,401.0,430.0,6,354.0,407.0,500.0,310.0,36.0,156160.0,302
2023-05-10 21:41:58,ru2401C14750,ru2401C14750,401.0,0.0,0.0,0.0,1,401.0,430.0,4,354.0,407.0,500.0,310.0,36.0,156160.0,302
2023-05-10 21:42:03,ru2401C14750,ru2401C14750,401.0,0.0,0.0,0.0,3,401.0,430.0,6,354.0,407.0,500.0,310.0,36.0,156160.0,302
2023-05-10 21:42:05,ru2401C14750,ru2401C14750,401.0,0.0,0.0,0.0,1,401.0,430.0,6,354.0,407.0,500.0,310.0,36.0,156160.0,302
2023-05-10 21:42:19,ru2401C14750,ru2401C14750,401.0,0.0,0.0,0.0,4,402.0,430.0,6,354.0,407.0,500.0,310.0,36.0,156160.0,302
2023-05-10 21:42:19,ru2401C14750,ru2401C14750,401.0,0.0,0.0,0.0,4,402.0,430.0,6,354.0,407.0,500.0,310.0,36.0,156160.0,302
2023-05-10 21:42:24,ru2401C14750,ru2401C14750,401.0,0.0,0.0,0.0,4,402.0,430.0,6,354.0,407.0,500.0,310.0,36.0,156160.0,302
2023-05-10 21:42:27,ru2401C14750,ru2401C14750,401.0,0.0,0.0,0.0,4,402.0,430.0,6,354.0,407.0,500.0,310.0,36.0,156160.0,302
2023-05-10 21:42:32,ru2401C14750,ru2401C14750,401.0,0.0,0.0,0.0,4,402.0,430.0,6,354.0,407.0,500.0,310.0,36.0,156160.0,302
2023-05-10 21:42:37,ru2401C14750,ru2401C14750,401.0,0.0,0.0,0.0,6,402.0,430.0,6,354.0,407.0,500.0,310.0,36.0,156160.0,302
2023-05-10 21:42:42,ru2401C14750,ru2401C14750,401.0,0.0,0.0,0.0,4,402.0,430.0,4,354.0,407.0,500.0,310.0,36.0,156160.0,302
2023-05-10 21:42:43,ru2401C14750,ru2401C14750,401.0,0.0,0.0,0.0,4,402.0,430.0,4,354.0,407.0,500.0,310.0,36.0,156160.0,302
2023-05-10 21:42:47,ru2401C14750,ru2401C14750,401.0,0.0,0.0,0.0,6,402.0,430.0,6,354.0,407.0,500.0,310.0,36.0,156160.0,302
2023-05-10 21:42:48,ru2401C14750,ru2401C14750,401.0,0.0,0.0,0.0,8,402.0,430.0,6,354.0,407.0,500.0,310.0,36.0,156160.0,302
2023-05-10 21:42:53,ru2401C14750,ru2401C14750,401.0,0.0,0.0,0.0,8,402.0,430.0,6,354.0,407.0,500.0,310.0,36.0,156160.0,302
2023-05-10 21:42:54,ru2401C14750,ru2401C14750,401.0,0.0,0.0,0.0,1,403.0,430.0,6,354.0,407.0,500.0,310.0,36.0,156160.0,302
2023-05-10 21:43:00,ru2401C14750,ru2401C14750,401.0,0.0,0.0,0.0,3,403.0,430.0,4,354.0,407.0,500.0,310.0,36.0,156160.0,302
2023-05-10 21:43:01,ru2401C14750,ru2401C14750,401.0,0.0,0.0,0.0,3,403.0,430.0,4,354.0,407.0,500.0,310.0,36.0,156160.0,302
2023-05-10 21:43:02,ru2401C14750,ru2401C14750,401.0,0.0,0.0,0.0,3,403.0,430.0,4,354.0,407.0,500.0,310.0,36.0,156160.0,302
2023-05-10 21:43:03,ru2401C14750,ru2401C14750,401.0,0.0,0.0,0.0,3,403.0,430.0,6,354.0,407.0,500.0,310.0,36.0,156160.0,302
2023-05-10 21:43:05,ru2401C14750,ru2401C14750,401.0,0.0,0.0,0.0,3,403.0,430.0,4,354.0,407.0,500.0,310.0,36.0,156160.0,302
2023-05-10 21:43:07,ru2401C14750,ru2401C14750,401.0,0.0,0.0,0.0,4,404.0,430.0,4,354.0,407.0,500.0,310.0,36.0,156160.0,302
2023-05-10 21:43:15,ru2401C14750,ru2401C14750,401.0,0.0,0.0,0.0,1,405.0,430.0,4,354.0,407.0,500.0,310.0,36.0,156160.0,302
2023-05-10 21:43:17,ru2401C14750,ru2401C14750,401.0,0.0,0.0,0.0,3,405.0,430.0,4,354.0,407.0,500.0,310.0,36.0,156160.0,302
2023-05-10 21:43:19,ru2401C14750,ru2401C14750,401.0,0.0,0.0,0.0,1,405.0,430.0,6,354.0,407.0,500.0,310.0,36.0,156160.0,302
2023-05-10 21:43:20,ru2401C14750,ru2401C14750,401.0,0.0,0.0,0.0,1,405.0,430.0,4,354.0,407.0,500.0,310.0,36.0,156160.0,302
2023-05-10 21:43:35,ru2401C14750,ru2401C14750,401.0,0.0,0.0,0.0,1,405.0,430.0,4,354.0,407.0,500.0,310.0,36.0,156160.0,302
2023-05-10 21:43:35,ru2401C14750,ru2401C14750,401.0,0.0,0.0,0.0,1,405.0,430.0,4,354.0,407.0,500.0,310.0,36.0,156160.0,302
2023-05-10 21:43:36,ru2401C14750,ru2401C14750,401.0,0.0,0.0,0.0,1,405.0,430.0,4,354.0,407.0,500.0,310.0,36.0,156160.0,302
2023-05-10 21:43:56,ru2401C14750,ru2401C14750,401.0,0.0,0.0,0.0,1,405.0,430.0,5,354.0,407.0,500.0,310.0,36.0,156160.0,302
2023-05-10 21:43:57,ru2401C14750,ru2401C14750,401.0,0.0,0.0,0.0,1,405.0,430.0,5,354.0,407.0,500.0,310.0,36.0,156160.0,302
2023-05-10 21:44:03,ru2401C14750,ru2401C14750,401.0,0.0,0.0,0.0,1,405.0,430.0,5,354.0,407.0,500.0,310.0,36.0,156160.0,302
2023-05-10 21:44:04,ru2401C14750,ru2401C14750,401.0,0.0,0.0,0.0,3,405.0,430.0,5,354.0,407.0,500.0,310.0,36.0,156160.0,302
2023-05-10 21:44:18,ru2401C14750,ru2401C14750,401.0,0.0,0.0,0.0,3,405.0,430.0,5,354.0,407.0,500.0,310.0,36.0,156160.0,302
2023-05-10 21:44:23,ru2401C14750,ru2401C14750,401.0,0.0,0.0,0.0,3,405.0,430.0,5,354.0,407.0,500.0,310.0,36.0,156160.0,302
2023-05-10 21:44:25,ru2401C14750,ru2401C14750,401.0,0.0,0.0,0.0,3,405.0,430.0,5,354.0,407.0,500.0,310.0,36.0,156160.0,302
2023-05-10 21:44:37,ru2401C14750,ru2401C14750,401.0,0.0,0.0,0.0,3,405.0,430.0,5,354.0,407.0,500.0,310.0,36.0,156160.0,302
2023-05-10 21:44:42,ru2401C14750,ru2401C14750,401.0,0.0,0.0,0.0,3,405.0,430.0,5,354.0,407.0,500.0,310.0,36.0,156160.0,302
2023-05-10 21:44:44,ru2401C14750,ru2401C14750,401.0,0.0,0.0,0.0,3,405.0,430.0,5,354.0,407.0,500.0,310.0,36.0,156160.0,302
2023-05-10 21:44:52,ru2401C14750,ru2401C14750,401.0,0.0,0.0,0.0,3,405.0,430.0,5,354.0,407.0,500.0,310.0,36.0,156160.0,302
2023-05-10 21:44:52,ru2401C14750,ru2401C14750,401.0,0.0,0.0,0.0,3,405.0,430.0,5,354.0,407.0,500.0,310.0,36.0,156160.0,302
2023-05-10 21:44:53,ru2401C14750,ru2401C14750,401.0,0.0,0.0,0.0,1,405.0,430.0,5,354.0,407.0,500.0,310.0,36.0,156160.0,302
2023-05-10 21:44:53,ru2401C14750,ru2401C14750,401.0,0.0,0.0,0.0,1,405.0,430.0,5,354.0,407.0,500.0,310.0,36.0,156160.0,302
2023-05-10 21:44:58,ru2401C14750,ru2401C14750,401.0,0.0,0.0,0.0,3,405.0,430.0,5,354.0,407.0,500.0,310.0,36.0,156160.0,302
2023-05-10 21:44:58,ru2401C14750,ru2401C14750,401.0,0.0,0.0,0.0,3,405.0,430.0,5,354.0,407.0,500.0,310.0,36.0,156160.0,302
2023-05-10 21:45:10,ru2401C14750,ru2401C14750,401.0,0.0,0.0,0.0,3,405.0,430.0,5,354.0,407.0,500.0,310.0,36.0,156160.0,302
2023-05-10 21:45:14,ru2401C14750,ru2401C14750,401.0,0.0,0.0,0.0,3,405.0,430.0,5,354.0,407.0,500.0,310.0,36.0,156160.0,302
2023-05-10 21:45:14,ru2401C14750,ru2401C14750,401.0,0.0,0.0,0.0,3,405.0,430.0,5,354.0,407.0,500.0,310.0,36.0,156160.0,302
2023-05-10 21:45:17,ru2401C14750,ru2401C14750,401.0,0.0,0.0,0.0,3,405.0,430.0,5,354.0,407.0,500.0,310.0,36.0,156160.0,302
2023-05-10 21:45:19,ru2401C14750,ru2401C14750,401.0,0.0,0.0,0.0,3,405.0,430.0,5,354.0,407.0,500.0,310.0,36.0,156160.0,302
2023-05-10 21:45:21,ru2401C14750,ru2401C14750,401.0,0.0,0.0,0.0,3,405.0,430.0,5,354.0,407.0,500.0,310.0,36.0,156160.0,302
2023-05-10 21:45:22,ru2401C14750,ru2401C14750,401.0,0.0,0.0,0.0,3,405.0,430.0,5,354.0,407.0,500.0,310.0,36.0,156160.0,302
2023-05-10 21:45:23,ru2401C14750,ru2401C14750,401.0,0.0,0.0,0.0,3,405.0,430.0,5,354.0,407.0,500.0,310.0,36.0,156160.0,302
2023-05-10 21:45:26,ru2401C14750,ru2401C14750,401.0,0.0,0.0,0.0,3,405.0,430.0,5,354.0,407.0,500.0,310.0,36.0,156160.0,302
2023-05-10 21:45:59,ru2401C14750,ru2401C14750,401.0,0.0,0.0,0.0,3,405.0,430.0,5,354.0,407.0,500.0,310.0,36.0,156160.0,302
2023-05-10 21:46:09,ru2401C14750,ru2401C14750,401.0,0.0,0.0,0.0,3,405.0,430.0,5,354.0,407.0,500.0,310.0,36.0,156160.0,302
2023-05-10 21:46:10,ru2401C14750,ru2401C14750,401.0,0.0,0.0,0.0,3,405.0,430.0,5,354.0,407.0,500.0,310.0,36.0,156160.0,302
2023-05-10 21:46:16,ru2401C14750,ru2401C14750,401.0,0.0,0.0,0.0,2,405.0,430.0,5,354.0,407.0,500.0,310.0,36.0,156160.0,302
2023-05-10 21:46:16,ru2401C14750,ru2401C14750,401.0,0.0,0.0,0.0,9,400.0,430.0,5,354.0,407.0,500.0,310.0,36.0,156160.0,302
2023-05-10 21:46:17,ru2401C14750,ru2401C14750,401.0,0.0,0.0,0.0,11,400.0,430.0,5,354.0,407.0,500.0,310.0,36.0,156160.0,302
2023-05-10 21:46:18,ru2401C14750,ru2401C14750,401.0,0.0,0.0,0.0,11,400.0,430.0,5,354.0,407.0,500.0,310.0,36.0,156160.0,302
2023-05-10 21:46:19,ru2401C14750,ru2401C14750,401.0,0.0,0.0,0.0,1,401.0,430.0,5,354.0,407.0,500.0,310.0,36.0,156160.0,302
2023-05-10 21:46:27,ru2401C14750,ru2401C14750,401.0,0.0,0.0,0.0,3,401.0,430.0,7,354.0,407.0,500.0,310.0,36.0,156160.0,302
2023-05-10 21:46:27,ru2401C14750,ru2401C14750,401.0,0.0,0.0,0.0,3,401.0,430.0,5,354.0,407.0,500.0,310.0,36.0,156160.0,302
2023-05-10 21:46:48,ru2401C14750,ru2401C14750,401.0,0.0,0.0,0.0,1,401.0,430.0,5,354.0,407.0,500.0,310.0,36.0,156160.0,302
2023-05-10 21:46:49,ru2401C14750,ru2401C14750,401.0,0.0,0.0,0.0,1,401.0,430.0,5,354.0,407.0,500.0,310.0,36.0,156160.0,302
2023-05-10 21:46:58,ru2401C14750,ru2401C14750,401.0,0.0,0.0,0.0,3,401.0,430.0,7,354.0,407.0,500.0,310.0,36.0,156160.0,302
2023-05-10 21:46:59,ru2401C14750,ru2401C14750,401.0,0.0,0.0,0.0,3,401.0,430.0,7,354.0,407.0,500.0,310.0,36.0,156160.0,302
2023-05-10 21:47:35,ru2401C14750,ru2401C14750,401.0,0.0,0.0,0.0,3,401.0,430.0,7,354.0,407.0,500.0,310.0,36.0,156160.0,302
2023-05-10 21:47:41,ru2401C14750,ru2401C14750,401.0,0.0,0.0,0.0,3,401.0,430.0,5,354.0,407.0,500.0,310.0,36.0,156160.0,302
2023-05-10 21:47:42,ru2401C14750,ru2401C14750,401.0,0.0,0.0,0.0,3,401.0,430.0,5,354.0,407.0,500.0,310.0,36.0,156160.0,302
2023-05-10 21:47:44,ru2401C14750,ru2401C14750,401.0,0.0,0.0,0.0,3,401.0,430.0,5,354.0,407.0,500.0,310.0,36.0,156160.0,302
2023-05-10 21:47:47,ru2401C14750,ru2401C14750,401.0,0.0,0.0,0.0,3,401.0,430.0,5,354.0,407.0,500.0,310.0,36.0,156160.0,302
2023-05-10 21:47:50,ru2401C14750,ru2401C14750,401.0,0.0,0.0,0.0,3,401.0,430.0,5,354.0,407.0,500.0,310.0,36.0,156160.0,302
2023-05-10 21:47:51,ru2401C14750,ru2401C14750,401.0,0.0,0.0,0.0,3,401.0,430.0,5,354.0,407.0,500.0,310.0,36.0,156160.0,302
2023-05-10 21:47:53,ru2401C14750,ru2401C14750,401.0,0.0,0.0,0.0,3,401.0,430.0,5,354.0,407.0,500.0,310.0,36.0,156160.0,302
2023-05-10 21:48:03,ru2401C14750,ru2401C14750,401.0,0.0,0.0,0.0,3,401.0,430.0,5,354.0,407.0,500.0,310.0,36.0,156160.0,302
2023-05-10 21:48:05,ru2401C14750,ru2401C14750,401.0,0.0,0.0,0.0,3,401.0,430.0,5,354.0,407.0,500.0,310.0,36.0,156160.0,302
2023-05-10 21:48:06,ru2401C14750,ru2401C14750,401.0,0.0,0.0,0.0,3,401.0,430.0,5,354.0,407.0,500.0,310.0,36.0,156160.0,302
2023-05-10 21:48:08,ru2401C14750,ru2401C14750,401.0,0.0,0.0,0.0,3,401.0,430.0,5,354.0,407.0,500.0,310.0,36.0,156160.0,302
2023-05-10 21:48:13,ru2401C14750,ru2401C14750,401.0,0.0,0.0,0.0,1,401.0,430.0,5,354.0,407.0,500.0,310.0,36.0,156160.0,302
2023-05-10 21:48:14,ru2401C14750,ru2401C14750,401.0,0.0,0.0,0.0,1,401.0,430.0,5,354.0,407.0,500.0,310.0,36.0,156160.0,302
2023-05-10 21:48:18,ru2401C14750,ru2401C14750,401.0,0.0,0.0,0.0,3,401.0,430.0,7,354.0,407.0,500.0,310.0,36.0,156160.0,302
2023-05-10 21:48:19,ru2401C14750,ru2401C14750,401.0,0.0,0.0,0.0,3,401.0,430.0,7,354.0,407.0,500.0,310.0,36.0,156160.0,302
2023-05-10 21:48:21,ru2401C14750,ru2401C14750,401.0,0.0,0.0,0.0,3,401.0,430.0,7,354.0,407.0,500.0,310.0,36.0,156160.0,302
2023-05-10 21:48:52,ru2401C14750,ru2401C14750,401.0,0.0,0.0,0.0,3,401.0,430.0,7,354.0,407.0,500.0,310.0,36.0,156160.0,302
2023-05-10 21:48:54,ru2401C14750,ru2401C14750,401.0,0.0,0.0,0.0,3,401.0,430.0,7,354.0,407.0,500.0,310.0,36.0,156160.0,302
2023-05-10 21:49:21,ru2401C14750,ru2401C14750,401.0,0.0,0.0,0.0,3,401.0,430.0,5,354.0,407.0,500.0,310.0,36.0,156160.0,302
2023-05-10 21:49:24,ru2401C14750,ru2401C14750,401.0,0.0,0.0,0.0,3,401.0,430.0,5,354.0,407.0,500.0,310.0,36.0,156160.0,302
2023-05-10 21:49:38,ru2401C14750,ru2401C14750,401.0,0.0,0.0,0.0,3,401.0,429.0,1,354.0,407.0,500.0,310.0,36.0,156160.0,302
2023-05-10 21:49:43,ru2401C14750,ru2401C14750,401.0,0.0,0.0,0.0,1,401.0,429.0,1,354.0,407.0,500.0,310.0,36.0,156160.0,302
2023-05-10 21:49:44,ru2401C14750,ru2401C14750,401.0,0.0,0.0,0.0,1,401.0,429.0,1,354.0,407.0,500.0,310.0,36.0,156160.0,302
2023-05-10 21:49:48,ru2401C14750,ru2401C14750,401.0,0.0,0.0,0.0,3,401.0,429.0,1,354.0,407.0,500.0,310.0,36.0,156160.0,302
2023-05-10 21:49:49,ru2401C14750,ru2401C14750,401.0,0.0,0.0,0.0,3,401.0,429.0,1,354.0,407.0,500.0,310.0,36.0,156160.0,302
2023-05-10 21:49:50,ru2401C14750,ru2401C14750,401.0,0.0,0.0,0.0,3,401.0,429.0,1,354.0,407.0,500.0,310.0,36.0,156160.0,302
2023-05-10 21:49:51,ru2401C14750,ru2401C14750,401.0,0.0,0.0,0.0,3,401.0,429.0,1,354.0,407.0,500.0,310.0,36.0,156160.0,302
2023-05-10 21:49:51,ru2401C14750,ru2401C14750,401.0,0.0,0.0,0.0,3,401.0,429.0,1,354.0,407.0,500.0,310.0,36.0,156160.0,302
2023-05-10 21:49:56,ru2401C14750,ru2401C14750,401.0,0.0,0.0,0.0,3,401.0,429.0,1,354.0,407.0,500.0,310.0,36.0,156160.0,302
2023-05-10 21:50:00,ru2401C14750,ru2401C14750,401.0,0.0,0.0,0.0,3,401.0,429.0,1,354.0,407.0,500.0,310.0,36.0,156160.0,302
2023-05-10 21:50:01,ru2401C14750,ru2401C14750,401.0,0.0,0.0,0.0,3,401.0,429.0,1,354.0,407.0,500.0,310.0,36.0,156160.0,302
2023-05-10 21:50:03,ru2401C14750,ru2401C14750,401.0,0.0,0.0,0.0,3,401.0,429.0,1,354.0,407.0,500.0,310.0,36.0,156160.0,302
2023-05-10 21:50:03,ru2401C14750,ru2401C14750,401.0,0.0,0.0,0.0,3,401.0,429.0,1,354.0,407.0,500.0,310.0,36.0,156160.0,302
2023-05-10 21:50:05,ru2401C14750,ru2401C14750,401.0,0.0,0.0,0.0,3,401.0,429.0,1,354.0,407.0,500.0,310.0,36.0,156160.0,302
2023-05-10 21:50:05,ru2401C14750,ru2401C14750,401.0,0.0,0.0,0.0,3,401.0,429.0,1,354.0,407.0,500.0,310.0,36.0,156160.0,302
2023-05-10 21:50:11,ru2401C14750,ru2401C14750,401.0,0.0,0.0,0.0,3,401.0,429.0,1,354.0,407.0,500.0,310.0,36.0,156160.0,302
2023-05-10 21:50:14,ru2401C14750,ru2401C14750,401.0,0.0,0.0,0.0,3,401.0,429.0,1,354.0,407.0,500.0,310.0,36.0,156160.0,302
2023-05-10 21:50:15,ru2401C14750,ru2401C14750,401.0,0.0,0.0,0.0,3,401.0,429.0,1,354.0,407.0,500.0,310.0,36.0,156160.0,302
2023-05-10 21:50:15,ru2401C14750,ru2401C14750,401.0,0.0,0.0,0.0,3,401.0,429.0,1,354.0,407.0,500.0,310.0,36.0,156160.0,302
2023-05-10 21:50:45,ru2401C14750,ru2401C14750,401.0,0.0,0.0,0.0,3,401.0,429.0,1,354.0,407.0,500.0,310.0,36.0,156160.0,302
2023-05-10 21:51:03,ru2401C14750,ru2401C14750,401.0,0.0,0.0,0.0,3,401.0,429.0,1,354.0,407.0,500.0,310.0,36.0,156160.0,302
2023-05-10 21:51:22,ru2401C14750,ru2401C14750,401.0,0.0,0.0,0.0,3,401.0,429.0,1,354.0,407.0,500.0,310.0,36.0,156160.0,302
2023-05-10 21:51:26,ru2401C14750,ru2401C14750,401.0,0.0,0.0,0.0,3,401.0,429.0,1,354.0,407.0,500.0,310.0,36.0,156160.0,302
2023-05-10 21:51:28,ru2401C14750,ru2401C14750,401.0,0.0,0.0,0.0,3,401.0,429.0,1,354.0,407.0,500.0,310.0,36.0,156160.0,302
2023-05-10 21:51:46,ru2401C14750,ru2401C14750,401.0,0.0,0.0,0.0,3,401.0,429.0,1,354.0,407.0,500.0,310.0,36.0,156160.0,302
2023-05-10 21:51:47,ru2401C14750,ru2401C14750,401.0,0.0,0.0,0.0,3,401.0,429.0,1,354.0,407.0,500.0,310.0,36.0,156160.0,302
2023-05-10 21:51:47,ru2401C14750,ru2401C14750,401.0,0.0,0.0,0.0,3,401.0,429.0,1,354.0,407.0,500.0,310.0,36.0,156160.0,302
2023-05-10 21:51:48,ru2401C14750,ru2401C14750,401.0,0.0,0.0,0.0,1,401.0,429.0,1,354.0,407.0,500.0,310.0,36.0,156160.0,302
2023-05-10 21:51:49,ru2401C14750,ru2401C14750,401.0,0.0,0.0,0.0,1,401.0,429.0,1,354.0,407.0,500.0,310.0,36.0,156160.0,302
2023-05-10 21:51:53,ru2401C14750,ru2401C14750,401.0,0.0,0.0,0.0,3,401.0,429.0,1,354.0,407.0,500.0,310.0,36.0,156160.0,302
2023-05-10 21:51:54,ru2401C14750,ru2401C14750,401.0,0.0,0.0,0.0,3,401.0,429.0,1,354.0,407.0,500.0,310.0,36.0,156160.0,302
2023-05-10 21:51:55,ru2401C14750,ru2401C14750,401.0,0.0,0.0,0.0,3,401.0,429.0,1,354.0,407.0,500.0,310.0,36.0,156160.0,302
2023-05-10 21:52:01,ru2401C14750,ru2401C14750,401.0,0.0,0.0,0.0,3,401.0,429.0,1,354.0,407.0,500.0,310.0,36.0,156160.0,302
2023-05-10 21:52:16,ru2401C14750,ru2401C14750,401.0,0.0,0.0,0.0,3,401.0,429.0,1,354.0,407.0,500.0,310.0,36.0,156160.0,302
2023-05-10 21:52:32,ru2401C14750,ru2401C14750,401.0,0.0,0.0,0.0,3,401.0,429.0,1,354.0,407.0,500.0,310.0,36.0,156160.0,302
2023-05-10 21:52:36,ru2401C14750,ru2401C14750,401.0,0.0,0.0,0.0,3,401.0,429.0,1,354.0,407.0,500.0,310.0,36.0,156160.0,302
2023-05-10 21:52:37,ru2401C14750,ru2401C14750,401.0,0.0,0.0,0.0,3,401.0,429.0,1,354.0,407.0,500.0,310.0,36.0,156160.0,302
2023-05-10 21:52:43,ru2401C14750,ru2401C14750,401.0,0.0,0.0,0.0,3,401.0,429.0,1,354.0,407.0,500.0,310.0,36.0,156160.0,302
2023-05-10 21:52:46,ru2401C14750,ru2401C14750,401.0,0.0,0.0,0.0,3,401.0,429.0,1,354.0,407.0,500.0,310.0,36.0,156160.0,302
2023-05-10 21:52:49,ru2401C14750,ru2401C14750,401.0,0.0,0.0,0.0,3,401.0,429.0,1,354.0,407.0,500.0,310.0,36.0,156160.0,302
2023-05-10 21:53:06,ru2401C14750,ru2401C14750,401.0,0.0,0.0,0.0,3,401.0,429.0,1,354.0,407.0,500.0,310.0,36.0,156160.0,302
2023-05-10 21:53:09,ru2401C14750,ru2401C14750,401.0,0.0,0.0,0.0,3,401.0,429.0,1,354.0,407.0,500.0,310.0,36.0,156160.0,302
2023-05-10 21:53:11,ru2401C14750,ru2401C14750,401.0,0.0,0.0,0.0,3,401.0,429.0,1,354.0,407.0,500.0,310.0,36.0,156160.0,302
2023-05-10 21:53:12,ru2401C14750,ru2401C14750,401.0,0.0,0.0,0.0,3,401.0,429.0,1,354.0,407.0,500.0,310.0,36.0,156160.0,302
2023-05-10 21:53:43,ru2401C14750,ru2401C14750,401.0,0.0,0.0,0.0,3,401.0,429.0,1,354.0,407.0,500.0,310.0,36.0,156160.0,302
2023-05-10 21:54:08,ru2401C14750,ru2401C14750,401.0,0.0,0.0,0.0,3,401.0,429.0,1,354.0,407.0,500.0,310.0,36.0,156160.0,302
2023-05-10 21:54:09,ru2401C14750,ru2401C14750,401.0,0.0,0.0,0.0,3,401.0,429.0,1,354.0,407.0,500.0,310.0,36.0,156160.0,302
2023-05-10 21:54:12,ru2401C14750,ru2401C14750,401.0,0.0,0.0,0.0,3,401.0,429.0,1,354.0,407.0,500.0,310.0,36.0,156160.0,302
2023-05-10 21:54:26,ru2401C14750,ru2401C14750,401.0,0.0,0.0,0.0,3,401.0,429.0,1,354.0,407.0,500.0,310.0,36.0,156160.0,302
2023-05-10 21:54:33,ru2401C14750,ru2401C14750,401.0,0.0,0.0,0.0,1,401.0,429.0,1,354.0,407.0,500.0,310.0,36.0,156160.0,302
2023-05-10 21:54:34,ru2401C14750,ru2401C14750,401.0,0.0,0.0,0.0,1,401.0,429.0,1,354.0,407.0,500.0,310.0,36.0,156160.0,302
2023-05-10 21:54:38,ru2401C14750,ru2401C14750,401.0,0.0,0.0,0.0,3,401.0,429.0,1,354.0,407.0,500.0,310.0,36.0,156160.0,302
2023-05-10 21:54:39,ru2401C14750,ru2401C14750,401.0,0.0,0.0,0.0,3,401.0,429.0,1,354.0,407.0,500.0,310.0,36.0,156160.0,302
2023-05-10 21:54:48,ru2401C14750,ru2401C14750,401.0,0.0,0.0,0.0,3,401.0,429.0,1,354.0,407.0,500.0,310.0,36.0,156160.0,302
2023-05-10 21:54:49,ru2401C14750,ru2401C14750,401.0,0.0,0.0,0.0,3,401.0,429.0,1,354.0,407.0,500.0,310.0,36.0,156160.0,302
2023-05-10 21:54:53,ru2401C14750,ru2401C14750,401.0,0.0,0.0,0.0,3,401.0,429.0,1,354.0,407.0,500.0,310.0,36.0,156160.0,302
2023-05-10 21:54:56,ru2401C14750,ru2401C14750,401.0,0.0,0.0,0.0,3,401.0,429.0,1,354.0,407.0,500.0,310.0,36.0,156160.0,302
2023-05-10 21:54:58,ru2401C14750,ru2401C14750,401.0,0.0,0.0,0.0,3,401.0,429.0,1,354.0,407.0,500.0,310.0,36.0,156160.0,302
2023-05-10 21:55:08,ru2401C14750,ru2401C14750,401.0,0.0,0.0,0.0,3,401.0,429.0,1,354.0,407.0,500.0,310.0,36.0,156160.0,302
2023-05-10 21:55:18,ru2401C14750,ru2401C14750,401.0,0.0,0.0,0.0,3,401.0,429.0,1,354.0,407.0,500.0,310.0,36.0,156160.0,302
2023-05-10 21:55:42,ru2401C14750,ru2401C14750,401.0,0.0,0.0,0.0,3,401.0,429.0,3,354.0,407.0,500.0,310.0,36.0,156160.0,302
2023-05-10 21:55:44,ru2401C14750,ru2401C14750,401.0,0.0,0.0,0.0,3,401.0,429.0,1,354.0,407.0,500.0,310.0,36.0,156160.0,302
2023-05-10 21:55:54,ru2401C14750,ru2401C14750,401.0,0.0,0.0,0.0,3,401.0,429.0,1,354.0,407.0,500.0,310.0,36.0,156160.0,302
2023-05-10 21:55:58,ru2401C14750,ru2401C14750,401.0,0.0,0.0,0.0,3,401.0,429.0,1,354.0,407.0,500.0,310.0,36.0,156160.0,302
2023-05-10 21:56:10,ru2401C14750,ru2401C14750,401.0,0.0,0.0,0.0,3,401.0,429.0,1,354.0,407.0,500.0,310.0,36.0,156160.0,302
2023-05-10 21:56:11,ru2401C14750,ru2401C14750,401.0,0.0,0.0,0.0,3,401.0,429.0,1,354.0,407.0,500.0,310.0,36.0,156160.0,302
2023-05-10 21:56:13,ru2401C14750,ru2401C14750,401.0,0.0,0.0,0.0,1,401.0,429.0,1,354.0,407.0,500.0,310.0,36.0,156160.0,302
2023-05-10 21:56:14,ru2401C14750,ru2401C14750,401.0,0.0,0.0,0.0,1,401.0,429.0,1,354.0,407.0,500.0,310.0,36.0,156160.0,302
2023-05-10 21:56:18,ru2401C14750,ru2401C14750,401.0,0.0,0.0,0.0,3,401.0,429.0,1,354.0,407.0,500.0,310.0,36.0,156160.0,302
2023-05-10 21:56:19,ru2401C14750,ru2401C14750,401.0,0.0,0.0,0.0,3,401.0,429.0,1,354.0,407.0,500.0,310.0,36.0,156160.0,302
2023-05-10 21:56:32,ru2401C14750,ru2401C14750,401.0,0.0,0.0,0.0,3,401.0,429.0,1,354.0,407.0,500.0,310.0,36.0,156160.0,302
2023-05-10 21:56:33,ru2401C14750,ru2401C14750,401.0,0.0,0.0,0.0,3,401.0,429.0,1,354.0,407.0,500.0,310.0,36.0,156160.0,302
2023-05-10 21:56:37,ru2401C14750,ru2401C14750,401.0,0.0,0.0,0.0,3,401.0,429.0,1,354.0,407.0,500.0,310.0,36.0,156160.0,302
2023-05-10 21:56:43,ru2401C14750,ru2401C14750,401.0,0.0,0.0,0.0,3,401.0,429.0,1,354.0,407.0,500.0,310.0,36.0,156160.0,302
2023-05-10 21:56:45,ru2401C14750,ru2401C14750,401.0,0.0,0.0,0.0,3,401.0,429.0,1,354.0,407.0,500.0,310.0,36.0,156160.0,302
2023-05-10 21:56:48,ru2401C14750,ru2401C14750,401.0,0.0,0.0,0.0,3,401.0,429.0,1,354.0,407.0,500.0,310.0,36.0,156160.0,302
2023-05-10 21:57:02,ru2401C14750,ru2401C14750,401.0,0.0,0.0,0.0,3,401.0,429.0,1,354.0,407.0,500.0,310.0,36.0,156160.0,302
2023-05-10 21:57:28,ru2401C14750,ru2401C14750,401.0,0.0,0.0,0.0,3,401.0,429.0,1,354.0,407.0,500.0,310.0,36.0,156160.0,302
2023-05-10 21:57:33,ru2401C14750,ru2401C14750,401.0,0.0,0.0,0.0,3,401.0,429.0,1,354.0,407.0,500.0,310.0,36.0,156160.0,302
2023-05-10 21:57:34,ru2401C14750,ru2401C14750,401.0,0.0,0.0,0.0,3,401.0,429.0,1,354.0,407.0,500.0,310.0,36.0,156160.0,302
2023-05-10 21:57:40,ru2401C14750,ru2401C14750,401.0,0.0,0.0,0.0,3,401.0,429.0,1,354.0,407.0,500.0,310.0,36.0,156160.0,302
2023-05-10 21:57:42,ru2401C14750,ru2401C14750,401.0,0.0,0.0,0.0,3,401.0,429.0,1,354.0,407.0,500.0,310.0,36.0,156160.0,302
2023-05-10 21:57:44,ru2401C14750,ru2401C14750,401.0,0.0,0.0,0.0,3,401.0,430.0,5,354.0,407.0,500.0,310.0,36.0,156160.0,302
2023-05-10 21:57:47,ru2401C14750,ru2401C14750,401.0,0.0,0.0,0.0,3,401.0,430.0,5,354.0,407.0,500.0,310.0,36.0,156160.0,302
2023-05-10 21:57:49,ru2401C14750,ru2401C14750,401.0,0.0,0.0,0.0,1,401.0,430.0,5,354.0,407.0,500.0,310.0,36.0,156160.0,302
2023-05-10 21:57:49,ru2401C14750,ru2401C14750,401.0,0.0,0.0,0.0,1,401.0,430.0,5,354.0,407.0,500.0,310.0,36.0,156160.0,302
2023-05-10 21:57:54,ru2401C14750,ru2401C14750,401.0,0.0,0.0,0.0,3,401.0,430.0,5,354.0,407.0,500.0,310.0,36.0,156160.0,302
2023-05-10 21:57:54,ru2401C14750,ru2401C14750,401.0,0.0,0.0,0.0,3,401.0,430.0,5,354.0,407.0,500.0,310.0,36.0,156160.0,302
2023-05-10 21:57:59,ru2401C14750,ru2401C14750,401.0,0.0,0.0,0.0,3,401.0,430.0,5,354.0,407.0,500.0,310.0,36.0,156160.0,302
2023-05-10 21:58:00,ru2401C14750,ru2401C14750,401.0,0.0,0.0,0.0,3,401.0,430.0,5,354.0,407.0,500.0,310.0,36.0,156160.0,302
2023-05-10 21:58:00,ru2401C14750,ru2401C14750,401.0,0.0,0.0,0.0,3,401.0,430.0,5,354.0,407.0,500.0,310.0,36.0,156160.0,302
2023-05-10 21:58:10,ru2401C14750,ru2401C14750,401.0,0.0,0.0,0.0,3,401.0,430.0,5,354.0,407.0,500.0,310.0,36.0,156160.0,302
2023-05-10 21:58:29,ru2401C14750,ru2401C14750,401.0,0.0,0.0,0.0,3,401.0,430.0,5,354.0,407.0,500.0,310.0,36.0,156160.0,302
2023-05-10 21:58:39,ru2401C14750,ru2401C14750,401.0,0.0,0.0,0.0,3,401.0,430.0,5,354.0,407.0,500.0,310.0,36.0,156160.0,302
2023-05-10 21:58:40,ru2401C14750,ru2401C14750,401.0,0.0,0.0,0.0,3,401.0,430.0,5,354.0,407.0,500.0,310.0,36.0,156160.0,302
2023-05-10 21:58:43,ru2401C14750,ru2401C14750,401.0,0.0,0.0,0.0,3,401.0,430.0,5,354.0,407.0,500.0,310.0,36.0,156160.0,302
2023-05-10 21:58:44,ru2401C14750,ru2401C14750,401.0,0.0,0.0,0.0,3,401.0,430.0,5,354.0,407.0,500.0,310.0,36.0,156160.0,302
2023-05-10 21:58:47,ru2401C14750,ru2401C14750,401.0,0.0,0.0,0.0,3,401.0,430.0,5,354.0,407.0,500.0,310.0,36.0,156160.0,302
2023-05-10 21:58:58,ru2401C14750,ru2401C14750,401.0,0.0,0.0,0.0,3,401.0,430.0,5,354.0,407.0,500.0,310.0,36.0,156160.0,302
2023-05-10 21:59:00,ru2401C14750,ru2401C14750,401.0,0.0,0.0,0.0,3,401.0,430.0,5,354.0,407.0,500.0,310.0,36.0,156160.0,302
2023-05-10 21:59:01,ru2401C14750,ru2401C14750,401.0,0.0,0.0,0.0,3,401.0,430.0,5,354.0,407.0,500.0,310.0,36.0,156160.0,302
2023-05-10 21:59:02,ru2401C14750,ru2401C14750,401.0,0.0,0.0,0.0,3,401.0,430.0,5,354.0,407.0,500.0,310.0,36.0,156160.0,302
2023-05-10 21:59:28,ru2401C14750,ru2401C14750,401.0,0.0,0.0,0.0,3,401.0,430.0,5,354.0,407.0,500.0,310.0,36.0,156160.0,302
2023-05-10 21:59:31,ru2401C14750,ru2401C14750,401.0,0.0,0.0,0.0,3,401.0,430.0,5,354.0,407.0,500.0,310.0,36.0,156160.0,302
2023-05-10 21:59:51,ru2401C14750,ru2401C14750,401.0,0.0,0.0,0.0,3,401.0,430.0,5,354.0,407.0,500.0,310.0,36.0,156160.0,302
2023-05-10 21:59:56,ru2401C14750,ru2401C14750,401.0,0.0,0.0,0.0,3,401.0,430.0,5,354.0,407.0,500.0,310.0,36.0,156160.0,302
2023-05-10 22:00:01,ru2401C14750,ru2401C14750,401.0,0.0,0.0,0.0,3,401.0,430.0,5,354.0,407.0,500.0,310.0,36.0,156160.0,302
2023-05-10 22:00:02,ru2401C14750,ru2401C14750,401.0,0.0,0.0,0.0,3,401.0,430.0,5,354.0,407.0,500.0,310.0,36.0,156160.0,302
2023-05-10 22:00:03,ru2401C14750,ru2401C14750,401.0,0.0,0.0,0.0,3,401.0,430.0,5,354.0,407.0,500.0,310.0,36.0,156160.0,302
2023-05-10 22:00:13,ru2401C14750,ru2401C14750,401.0,0.0,0.0,0.0,3,401.0,430.0,5,354.0,407.0,500.0,310.0,36.0,156160.0,302
2023-05-10 22:00:29,ru2401C14750,ru2401C14750,401.0,0.0,0.0,0.0,3,401.0,430.0,5,354.0,407.0,500.0,310.0,36.0,156160.0,302
2023-05-10 22:00:48,ru2401C14750,ru2401C14750,401.0,0.0,0.0,0.0,3,401.0,430.0,5,354.0,407.0,500.0,310.0,36.0,156160.0,302
2023-05-10 22:00:52,ru2401C14750,ru2401C14750,401.0,0.0,0.0,0.0,3,401.0,430.0,5,354.0,407.0,500.0,310.0,36.0,156160.0,302
2023-05-10 22:01:03,ru2401C14750,ru2401C14750,401.0,0.0,0.0,0.0,3,401.0,430.0,5,354.0,407.0,500.0,310.0,36.0,156160.0,302
2023-05-10 22:01:07,ru2401C14750,ru2401C14750,401.0,0.0,0.0,0.0,3,401.0,430.0,5,354.0,407.0,500.0,310.0,36.0,156160.0,302
2023-05-10 22:01:08,ru2401C14750,ru2401C14750,401.0,0.0,0.0,0.0,3,401.0,430.0,5,354.0,407.0,500.0,310.0,36.0,156160.0,302
2023-05-10 22:01:12,ru2401C14750,ru2401C14750,401.0,0.0,0.0,0.0,3,401.0,430.0,5,354.0,407.0,500.0,310.0,36.0,156160.0,302
2023-05-10 22:01:14,ru2401C14750,ru2401C14750,401.0,0.0,0.0,0.0,3,401.0,430.0,5,354.0,407.0,500.0,310.0,36.0,156160.0,302
2023-05-10 22:01:16,ru2401C14750,ru2401C14750,401.0,0.0,0.0,0.0,3,401.0,430.0,5,354.0,407.0,500.0,310.0,36.0,156160.0,302
2023-05-10 22:01:17,ru2401C14750,ru2401C14750,401.0,0.0,0.0,0.0,3,401.0,430.0,5,354.0,407.0,500.0,310.0,36.0,156160.0,302
2023-05-10 22:01:33,ru2401C14750,ru2401C14750,401.0,0.0,0.0,0.0,3,401.0,430.0,5,354.0,407.0,500.0,310.0,36.0,156160.0,302
2023-05-10 22:01:51,ru2401C14750,ru2401C14750,401.0,0.0,0.0,0.0,3,401.0,430.0,5,354.0,407.0,500.0,310.0,36.0,156160.0,302
2023-05-10 22:02:00,ru2401C14750,ru2401C14750,401.0,0.0,0.0,0.0,3,401.0,430.0,5,354.0,407.0,500.0,310.0,36.0,156160.0,302
2023-05-10 22:02:01,ru2401C14750,ru2401C14750,401.0,0.0,0.0,0.0,3,401.0,430.0,5,354.0,407.0,500.0,310.0,36.0,156160.0,302
2023-05-10 22:02:02,ru2401C14750,ru2401C14750,401.0,0.0,0.0,0.0,3,401.0,430.0,5,354.0,407.0,500.0,310.0,36.0,156160.0,302
2023-05-10 22:02:03,ru2401C14750,ru2401C14750,401.0,0.0,0.0,0.0,3,401.0,430.0,5,354.0,407.0,500.0,310.0,36.0,156160.0,302
2023-05-10 22:02:03,ru2401C14750,ru2401C14750,401.0,0.0,0.0,0.0,3,401.0,430.0,5,354.0,407.0,500.0,310.0,36.0,156160.0,302
2023-05-10 22:02:10,ru2401C14750,ru2401C14750,401.0,0.0,0.0,0.0,3,401.0,430.0,5,354.0,407.0,500.0,310.0,36.0,156160.0,302
2023-05-10 22:02:11,ru2401C14750,ru2401C14750,401.0,0.0,0.0,0.0,3,401.0,430.0,5,354.0,407.0,500.0,310.0,36.0,156160.0,302
2023-05-10 22:02:11,ru2401C14750,ru2401C14750,401.0,0.0,0.0,0.0,3,401.0,430.0,5,354.0,407.0,500.0,310.0,36.0,156160.0,302
2023-05-10 22:02:13,ru2401C14750,ru2401C14750,401.0,0.0,0.0,0.0,3,401.0,430.0,5,354.0,407.0,500.0,310.0,36.0,156160.0,302
2023-05-10 22:02:24,ru2401C14750,ru2401C14750,401.0,0.0,0.0,0.0,3,401.0,430.0,5,354.0,407.0,500.0,310.0,36.0,156160.0,302
2023-05-10 22:02:29,ru2401C14750,ru2401C14750,401.0,0.0,0.0,0.0,3,401.0,430.0,5,354.0,407.0,500.0,310.0,36.0,156160.0,302
2023-05-10 22:02:30,ru2401C14750,ru2401C14750,401.0,0.0,0.0,0.0,3,401.0,430.0,5,354.0,407.0,500.0,310.0,36.0,156160.0,302
2023-05-10 22:02:38,ru2401C14750,ru2401C14750,401.0,0.0,0.0,0.0,3,401.0,430.0,5,354.0,407.0,500.0,310.0,36.0,156160.0,302
2023-05-10 22:02:41,ru2401C14750,ru2401C14750,401.0,0.0,0.0,0.0,3,401.0,430.0,5,354.0,407.0,500.0,310.0,36.0,156160.0,302
2023-05-10 22:02:52,ru2401C14750,ru2401C14750,401.0,0.0,0.0,0.0,3,401.0,430.0,5,354.0,407.0,500.0,310.0,36.0,156160.0,302
2023-05-10 22:03:01,ru2401C14750,ru2401C14750,401.0,0.0,0.0,0.0,3,401.0,430.0,5,354.0,407.0,500.0,310.0,36.0,156160.0,302
2023-05-10 22:03:04,ru2401C14750,ru2401C14750,401.0,0.0,0.0,0.0,3,401.0,430.0,5,354.0,407.0,500.0,310.0,36.0,156160.0,302
2023-05-10 22:03:05,ru2401C14750,ru2401C14750,401.0,0.0,0.0,0.0,3,401.0,430.0,5,354.0,407.0,500.0,310.0,36.0,156160.0,302
2023-05-10 22:03:09,ru2401C14750,ru2401C14750,401.0,0.0,0.0,0.0,3,401.0,430.0,5,354.0,407.0,500.0,310.0,36.0,156160.0,302
2023-05-10 22:03:10,ru2401C14750,ru2401C14750,401.0,0.0,0.0,0.0,3,401.0,430.0,5,354.0,407.0,500.0,310.0,36.0,156160.0,302
2023-05-10 22:03:17,ru2401C14750,ru2401C14750,401.0,0.0,0.0,0.0,3,401.0,430.0,5,354.0,407.0,500.0,310.0,36.0,156160.0,302
2023-05-10 22:03:19,ru2401C14750,ru2401C14750,401.0,0.0,0.0,0.0,3,401.0,430.0,5,354.0,407.0,500.0,310.0,36.0,156160.0,302
2023-05-10 22:03:20,ru2401C14750,ru2401C14750,401.0,0.0,0.0,0.0,3,401.0,430.0,5,354.0,407.0,500.0,310.0,36.0,156160.0,302
2023-05-10 22:03:23,ru2401C14750,ru2401C14750,401.0,0.0,0.0,0.0,3,401.0,430.0,5,354.0,407.0,500.0,310.0,36.0,156160.0,302
2023-05-10 22:03:24,ru2401C14750,ru2401C14750,401.0,0.0,0.0,0.0,3,401.0,430.0,5,354.0,407.0,500.0,310.0,36.0,156160.0,302
2023-05-10 22:03:29,ru2401C14750,ru2401C14750,401.0,0.0,0.0,0.0,3,401.0,430.0,5,354.0,407.0,500.0,310.0,36.0,156160.0,302
2023-05-10 22:03:54,ru2401C14750,ru2401C14750,401.0,0.0,0.0,0.0,1,401.0,430.0,5,354.0,407.0,500.0,310.0,36.0,156160.0,302
2023-05-10 22:03:54,ru2401C14750,ru2401C14750,401.0,0.0,0.0,0.0,1,401.0,430.0,5,354.0,407.0,500.0,310.0,36.0,156160.0,302
2023-05-10 22:03:59,ru2401C14750,ru2401C14750,401.0,0.0,0.0,0.0,3,401.0,430.0,5,354.0,407.0,500.0,310.0,36.0,156160.0,302
2023-05-10 22:03:59,ru2401C14750,ru2401C14750,401.0,0.0,0.0,0.0,3,401.0,430.0,5,354.0,407.0,500.0,310.0,36.0,156160.0,302
2023-05-10 22:04:07,ru2401C14750,ru2401C14750,401.0,0.0,0.0,0.0,3,401.0,430.0,5,354.0,407.0,500.0,310.0,36.0,156160.0,302
2023-05-10 22:04:13,ru2401C14750,ru2401C14750,401.0,0.0,0.0,0.0,3,401.0,430.0,5,354.0,407.0,500.0,310.0,36.0,156160.0,302
2023-05-10 22:04:14,ru2401C14750,ru2401C14750,401.0,0.0,0.0,0.0,3,401.0,430.0,5,354.0,407.0,500.0,310.0,36.0,156160.0,302
2023-05-10 22:04:15,ru2401C14750,ru2401C14750,401.0,0.0,0.0,0.0,3,401.0,430.0,5,354.0,407.0,500.0,310.0,36.0,156160.0,302
2023-05-10 22:04:34,ru2401C14750,ru2401C14750,401.0,0.0,0.0,0.0,1,401.0,430.0,5,354.0,407.0,500.0,310.0,36.0,156160.0,302
2023-05-10 22:04:34,ru2401C14750,ru2401C14750,401.0,0.0,0.0,0.0,1,401.0,430.0,5,354.0,407.0,500.0,310.0,36.0,156160.0,302
2023-05-10 22:04:39,ru2401C14750,ru2401C14750,401.0,0.0,0.0,0.0,3,401.0,430.0,5,354.0,407.0,500.0,310.0,36.0,156160.0,302
2023-05-10 22:04:43,ru2401C14750,ru2401C14750,401.0,0.0,0.0,0.0,3,401.0,430.0,5,354.0,407.0,500.0,310.0,36.0,156160.0,302
2023-05-10 22:04:45,ru2401C14750,ru2401C14750,401.0,0.0,0.0,0.0,3,401.0,430.0,5,354.0,407.0,500.0,310.0,36.0,156160.0,302
2023-05-10 22:04:48,ru2401C14750,ru2401C14750,401.0,0.0,0.0,0.0,3,401.0,430.0,5,354.0,407.0,500.0,310.0,36.0,156160.0,302
2023-05-10 22:04:49,ru2401C14750,ru2401C14750,401.0,0.0,0.0,0.0,3,401.0,430.0,5,354.0,407.0,500.0,310.0,36.0,156160.0,302
2023-05-10 22:04:49,ru2401C14750,ru2401C14750,401.0,0.0,0.0,0.0,3,401.0,430.0,5,354.0,407.0,500.0,310.0,36.0,156160.0,302
2023-05-10 22:04:55,ru2401C14750,ru2401C14750,401.0,0.0,0.0,0.0,3,401.0,430.0,5,354.0,407.0,500.0,310.0,36.0,156160.0,302
2023-05-10 22:04:56,ru2401C14750,ru2401C14750,401.0,0.0,0.0,0.0,3,401.0,430.0,5,354.0,407.0,500.0,310.0,36.0,156160.0,302
2023-05-10 22:04:57,ru2401C14750,ru2401C14750,401.0,0.0,0.0,0.0,3,401.0,430.0,5,354.0,407.0,500.0,310.0,36.0,156160.0,302
2023-05-10 22:05:23,ru2401C14750,ru2401C14750,401.0,0.0,0.0,0.0,3,401.0,430.0,5,354.0,407.0,500.0,310.0,36.0,156160.0,302
2023-05-10 22:05:46,ru2401C14750,ru2401C14750,401.0,0.0,0.0,0.0,3,401.0,430.0,5,354.0,407.0,500.0,310.0,36.0,156160.0,302
2023-05-10 22:05:50,ru2401C14750,ru2401C14750,401.0,0.0,0.0,0.0,3,401.0,430.0,5,354.0,407.0,500.0,310.0,36.0,156160.0,302
2023-05-10 22:06:03,ru2401C14750,ru2401C14750,401.0,0.0,0.0,0.0,3,401.0,430.0,5,354.0,407.0,500.0,310.0,36.0,156160.0,302
2023-05-10 22:06:08,ru2401C14750,ru2401C14750,401.0,0.0,0.0,0.0,3,401.0,430.0,5,354.0,407.0,500.0,310.0,36.0,156160.0,302
2023-05-10 22:06:10,ru2401C14750,ru2401C14750,430.0,5.0,21500.0,3.0,2,430.0,432.0,2,354.0,407.0,500.0,310.0,41.0,177660.0,305
2023-05-10 22:06:10,ru2401C14750,ru2401C14750,430.0,0.0,0.0,0.0,2,430.0,434.0,2,354.0,407.0,500.0,310.0,41.0,177660.0,305
2023-05-10 22:06:11,ru2401C14750,ru2401C14750,430.0,0.0,0.0,0.0,2,430.0,435.0,2,354.0,407.0,500.0,310.0,41.0,177660.0,305
2023-05-10 22:06:11,ru2401C14750,ru2401C14750,430.0,0.0,0.0,0.0,2,430.0,435.0,2,354.0,407.0,500.0,310.0,41.0,177660.0,305
2023-05-10 22:06:12,ru2401C14750,ru2401C14750,430.0,0.0,0.0,0.0,2,430.0,437.0,2,354.0,407.0,500.0,310.0,41.0,177660.0,305
2023-05-10 22:06:12,ru2401C14750,ru2401C14750,430.0,0.0,0.0,0.0,2,430.0,437.0,2,354.0,407.0,500.0,310.0,41.0,177660.0,305
2023-05-10 22:06:13,ru2401C14750,ru2401C14750,430.0,0.0,0.0,0.0,2,430.0,439.0,2,354.0,407.0,500.0,310.0,41.0,177660.0,305
2023-05-10 22:06:13,ru2401C14750,ru2401C14750,430.0,0.0,0.0,0.0,2,430.0,439.0,2,354.0,407.0,500.0,310.0,41.0,177660.0,305
2023-05-10 22:06:14,ru2401C14750,ru2401C14750,430.0,0.0,0.0,0.0,2,430.0,441.0,2,354.0,407.0,500.0,310.0,41.0,177660.0,305
2023-05-10 22:06:14,ru2401C14750,ru2401C14750,430.0,0.0,0.0,0.0,2,430.0,441.0,2,354.0,407.0,500.0,310.0,41.0,177660.0,305
2023-05-10 22:06:15,ru2401C14750,ru2401C14750,430.0,0.0,0.0,0.0,4,416.0,441.0,2,354.0,407.0,500.0,310.0,41.0,177660.0,305
2023-05-10 22:06:15,ru2401C14750,ru2401C14750,430.0,0.0,0.0,0.0,4,416.0,441.0,2,354.0,407.0,500.0,310.0,41.0,177660.0,305
2023-05-10 22:06:16,ru2401C14750,ru2401C14750,430.0,0.0,0.0,0.0,4,416.0,441.0,2,354.0,407.0,500.0,310.0,41.0,177660.0,305
2023-05-10 22:06:16,ru2401C14750,ru2401C14750,430.0,0.0,0.0,0.0,4,416.0,441.0,2,354.0,407.0,500.0,310.0,41.0,177660.0,305
2023-05-10 22:06:17,ru2401C14750,ru2401C14750,430.0,0.0,0.0,0.0,4,416.0,441.0,2,354.0,407.0,500.0,310.0,41.0,177660.0,305
2023-05-10 22:06:17,ru2401C14750,ru2401C14750,430.0,0.0,0.0,0.0,4,416.0,441.0,2,354.0,407.0,500.0,310.0,41.0,177660.0,305
2023-05-10 22:06:18,ru2401C14750,ru2401C14750,430.0,0.0,0.0,0.0,4,416.0,441.0,2,354.0,407.0,500.0,310.0,41.0,177660.0,305
2023-05-10 22:06:18,ru2401C14750,ru2401C14750,430.0,0.0,0.0,0.0,4,416.0,441.0,2,354.0,407.0,500.0,310.0,41.0,177660.0,305
2023-05-10 22:06:19,ru2401C14750,ru2401C14750,430.0,0.0,0.0,0.0,4,416.0,441.0,2,354.0,407.0,500.0,310.0,41.0,177660.0,305
2023-05-10 22:06:19,ru2401C14750,ru2401C14750,430.0,0.0,0.0,0.0,4,416.0,441.0,2,354.0,407.0,500.0,310.0,41.0,177660.0,305
2023-05-10 22:06:20,ru2401C14750,ru2401C14750,430.0,0.0,0.0,0.0,4,416.0,441.0,2,354.0,407.0,500.0,310.0,41.0,177660.0,305
2023-05-10 22:06:20,ru2401C14750,ru2401C14750,430.0,0.0,0.0,0.0,4,416.0,441.0,2,354.0,407.0,500.0,310.0,41.0,177660.0,305
2023-05-10 22:06:21,ru2401C14750,ru2401C14750,430.0,0.0,0.0,0.0,4,416.0,441.0,2,354.0,407.0,500.0,310.0,41.0,177660.0,305
2023-05-10 22:06:21,ru2401C14750,ru2401C14750,430.0,0.0,0.0,0.0,4,416.0,441.0,2,354.0,407.0,500.0,310.0,41.0,177660.0,305
2023-05-10 22:06:22,ru2401C14750,ru2401C14750,430.0,0.0,0.0,0.0,1,417.0,441.0,2,354.0,407.0,500.0,310.0,41.0,177660.0,305
2023-05-10 22:06:22,ru2401C14750,ru2401C14750,430.0,0.0,0.0,0.0,3,417.0,441.0,2,354.0,407.0,500.0,310.0,41.0,177660.0,305
2023-05-10 22:06:23,ru2401C14750,ru2401C14750,430.0,0.0,0.0,0.0,5,417.0,441.0,2,354.0,407.0,500.0,310.0,41.0,177660.0,305
2023-05-10 22:06:23,ru2401C14750,ru2401C14750,430.0,0.0,0.0,0.0,5,417.0,441.0,2,354.0,407.0,500.0,310.0,41.0,177660.0,305
2023-05-10 22:06:24,ru2401C14750,ru2401C14750,430.0,0.0,0.0,0.0,5,417.0,441.0,2,354.0,407.0,500.0,310.0,41.0,177660.0,305
2023-05-10 22:06:24,ru2401C14750,ru2401C14750,430.0,0.0,0.0,0.0,5,417.0,441.0,2,354.0,407.0,500.0,310.0,41.0,177660.0,305
2023-05-10 22:06:25,ru2401C14750,ru2401C14750,430.0,0.0,0.0,0.0,5,417.0,441.0,2,354.0,407.0,500.0,310.0,41.0,177660.0,305
2023-05-10 22:06:25,ru2401C14750,ru2401C14750,430.0,0.0,0.0,0.0,5,417.0,441.0,2,354.0,407.0,500.0,310.0,41.0,177660.0,305
2023-05-10 22:06:26,ru2401C14750,ru2401C14750,430.0,0.0,0.0,0.0,5,417.0,441.0,2,354.0,407.0,500.0,310.0,41.0,177660.0,305
2023-05-10 22:06:26,ru2401C14750,ru2401C14750,430.0,0.0,0.0,0.0,5,417.0,441.0,2,354.0,407.0,500.0,310.0,41.0,177660.0,305
2023-05-10 22:06:27,ru2401C14750,ru2401C14750,430.0,0.0,0.0,0.0,5,417.0,441.0,2,354.0,407.0,500.0,310.0,41.0,177660.0,305
2023-05-10 22:06:27,ru2401C14750,ru2401C14750,430.0,0.0,0.0,0.0,5,417.0,441.0,2,354.0,407.0,500.0,310.0,41.0,177660.0,305
2023-05-10 22:06:28,ru2401C14750,ru2401C14750,430.0,0.0,0.0,0.0,5,417.0,441.0,2,354.0,407.0,500.0,310.0,41.0,177660.0,305
2023-05-10 22:06:28,ru2401C14750,ru2401C14750,430.0,0.0,0.0,0.0,5,417.0,441.0,2,354.0,407.0,500.0,310.0,41.0,177660.0,305
2023-05-10 22:06:29,ru2401C14750,ru2401C14750,430.0,0.0,0.0,0.0,5,417.0,441.0,2,354.0,407.0,500.0,310.0,41.0,177660.0,305
2023-05-10 22:06:29,ru2401C14750,ru2401C14750,430.0,0.0,0.0,0.0,5,417.0,441.0,2,354.0,407.0,500.0,310.0,41.0,177660.0,305
2023-05-10 22:06:30,ru2401C14750,ru2401C14750,430.0,0.0,0.0,0.0,5,417.0,441.0,2,354.0,407.0,500.0,310.0,41.0,177660.0,305
2023-05-10 22:06:30,ru2401C14750,ru2401C14750,430.0,0.0,0.0,0.0,5,417.0,441.0,2,354.0,407.0,500.0,310.0,41.0,177660.0,305
2023-05-10 22:06:31,ru2401C14750,ru2401C14750,430.0,0.0,0.0,0.0,5,417.0,441.0,2,354.0,407.0,500.0,310.0,41.0,177660.0,305
2023-05-10 22:06:31,ru2401C14750,ru2401C14750,430.0,0.0,0.0,0.0,5,417.0,441.0,2,354.0,407.0,500.0,310.0,41.0,177660.0,305
2023-05-10 22:06:32,ru2401C14750,ru2401C14750,430.0,0.0,0.0,0.0,5,417.0,441.0,2,354.0,407.0,500.0,310.0,41.0,177660.0,305
2023-05-10 22:06:32,ru2401C14750,ru2401C14750,430.0,0.0,0.0,0.0,5,417.0,441.0,2,354.0,407.0,500.0,310.0,41.0,177660.0,305
2023-05-10 22:06:33,ru2401C14750,ru2401C14750,430.0,0.0,0.0,0.0,5,417.0,441.0,2,354.0,407.0,500.0,310.0,41.0,177660.0,305
2023-05-10 22:06:33,ru2401C14750,ru2401C14750,430.0,0.0,0.0,0.0,5,417.0,441.0,2,354.0,407.0,500.0,310.0,41.0,177660.0,305
2023-05-10 22:06:34,ru2401C14750,ru2401C14750,430.0,0.0,0.0,0.0,5,417.0,441.0,2,354.0,407.0,500.0,310.0,41.0,177660.0,305
2023-05-10 22:06:34,ru2401C14750,ru2401C14750,430.0,0.0,0.0,0.0,5,417.0,441.0,2,354.0,407.0,500.0,310.0,41.0,177660.0,305
2023-05-10 22:06:35,ru2401C14750,ru2401C14750,430.0,0.0,0.0,0.0,5,417.0,441.0,2,354.0,407.0,500.0,310.0,41.0,177660.0,305
2023-05-10 22:06:35,ru2401C14750,ru2401C14750,430.0,0.0,0.0,0.0,5,417.0,441.0,2,354.0,407.0,500.0,310.0,41.0,177660.0,305
2023-05-10 22:06:36,ru2401C14750,ru2401C14750,430.0,0.0,0.0,0.0,5,417.0,441.0,2,354.0,407.0,500.0,310.0,41.0,177660.0,305
2023-05-10 22:06:36,ru2401C14750,ru2401C14750,430.0,0.0,0.0,0.0,5,417.0,441.0,2,354.0,407.0,500.0,310.0,41.0,177660.0,305
2023-05-10 22:06:37,ru2401C14750,ru2401C14750,430.0,0.0,0.0,0.0,5,417.0,441.0,2,354.0,407.0,500.0,310.0,41.0,177660.0,305
2023-05-10 22:06:37,ru2401C14750,ru2401C14750,430.0,0.0,0.0,0.0,5,417.0,441.0,2,354.0,407.0,500.0,310.0,41.0,177660.0,305
2023-05-10 22:06:38,ru2401C14750,ru2401C14750,430.0,0.0,0.0,0.0,5,417.0,441.0,2,354.0,407.0,500.0,310.0,41.0,177660.0,305
2023-05-10 22:06:38,ru2401C14750,ru2401C14750,430.0,0.0,0.0,0.0,5,417.0,441.0,2,354.0,407.0,500.0,310.0,41.0,177660.0,305
2023-05-10 22:06:39,ru2401C14750,ru2401C14750,430.0,0.0,0.0,0.0,5,417.0,441.0,2,354.0,407.0,500.0,310.0,41.0,177660.0,305
2023-05-10 22:06:39,ru2401C14750,ru2401C14750,430.0,0.0,0.0,0.0,5,417.0,441.0,2,354.0,407.0,500.0,310.0,41.0,177660.0,305
2023-05-10 22:06:40,ru2401C14750,ru2401C14750,430.0,0.0,0.0,0.0,5,417.0,441.0,2,354.0,407.0,500.0,310.0,41.0,177660.0,305
2023-05-10 22:06:40,ru2401C14750,ru2401C14750,430.0,0.0,0.0,0.0,5,417.0,441.0,2,354.0,407.0,500.0,310.0,41.0,177660.0,305
2023-05-10 22:06:41,ru2401C14750,ru2401C14750,430.0,0.0,0.0,0.0,5,417.0,441.0,2,354.0,407.0,500.0,310.0,41.0,177660.0,305
2023-05-10 22:06:41,ru2401C14750,ru2401C14750,430.0,0.0,0.0,0.0,5,417.0,441.0,2,354.0,407.0,500.0,310.0,41.0,177660.0,305
2023-05-10 22:06:42,ru2401C14750,ru2401C14750,430.0,0.0,0.0,0.0,5,417.0,441.0,2,354.0,407.0,500.0,310.0,41.0,177660.0,305
2023-05-10 22:06:42,ru2401C14750,ru2401C14750,430.0,0.0,0.0,0.0,5,417.0,441.0,2,354.0,407.0,500.0,310.0,41.0,177660.0,305
2023-05-10 22:06:43,ru2401C14750,ru2401C14750,430.0,0.0,0.0,0.0,5,417.0,441.0,2,354.0,407.0,500.0,310.0,41.0,177660.0,305
2023-05-10 22:06:43,ru2401C14750,ru2401C14750,430.0,0.0,0.0,0.0,5,417.0,441.0,2,354.0,407.0,500.0,310.0,41.0,177660.0,305
2023-05-10 22:06:44,ru2401C14750,ru2401C14750,430.0,0.0,0.0,0.0,5,417.0,441.0,2,354.0,407.0,500.0,310.0,41.0,177660.0,305
2023-05-10 22:06:44,ru2401C14750,ru2401C14750,430.0,0.0,0.0,0.0,5,417.0,441.0,2,354.0,407.0,500.0,310.0,41.0,177660.0,305
2023-05-10 22:06:45,ru2401C14750,ru2401C14750,430.0,0.0,0.0,0.0,5,417.0,441.0,2,354.0,407.0,500.0,310.0,41.0,177660.0,305
2023-05-10 22:06:45,ru2401C14750,ru2401C14750,430.0,0.0,0.0,0.0,5,417.0,441.0,2,354.0,407.0,500.0,310.0,41.0,177660.0,305
2023-05-10 22:06:46,ru2401C14750,ru2401C14750,430.0,0.0,0.0,0.0,5,417.0,441.0,2,354.0,407.0,500.0,310.0,41.0,177660.0,305
2023-05-10 22:06:46,ru2401C14750,ru2401C14750,430.0,0.0,0.0,0.0,5,417.0,441.0,2,354.0,407.0,500.0,310.0,41.0,177660.0,305
2023-05-10 22:06:47,ru2401C14750,ru2401C14750,430.0,0.0,0.0,0.0,5,417.0,441.0,2,354.0,407.0,500.0,310.0,41.0,177660.0,305
2023-05-10 22:06:47,ru2401C14750,ru2401C14750,430.0,0.0,0.0,0.0,5,417.0,441.0,2,354.0,407.0,500.0,310.0,41.0,177660.0,305
2023-05-10 22:06:48,ru2401C14750,ru2401C14750,430.0,0.0,0.0,0.0,5,417.0,441.0,2,354.0,407.0,500.0,310.0,41.0,177660.0,305
2023-05-10 22:06:48,ru2401C14750,ru2401C14750,430.0,0.0,0.0,0.0,5,417.0,441.0,2,354.0,407.0,500.0,310.0,41.0,177660.0,305
2023-05-10 22:06:49,ru2401C14750,ru2401C14750,430.0,0.0,0.0,0.0,5,417.0,441.0,2,354.0,407.0,500.0,310.0,41.0,177660.0,305
2023-05-10 22:06:49,ru2401C14750,ru2401C14750,430.0,0.0,0.0,0.0,5,417.0,441.0,2,354.0,407.0,500.0,310.0,41.0,177660.0,305
2023-05-10 22:06:50,ru2401C14750,ru2401C14750,430.0,0.0,0.0,0.0,5,417.0,441.0,2,354.0,407.0,500.0,310.0,41.0,177660.0,305
2023-05-10 22:06:50,ru2401C14750,ru2401C14750,430.0,0.0,0.0,0.0,5,417.0,441.0,2,354.0,407.0,500.0,310.0,41.0,177660.0,305
2023-05-10 22:06:51,ru2401C14750,ru2401C14750,430.0,0.0,0.0,0.0,5,417.0,441.0,2,354.0,407.0,500.0,310.0,41.0,177660.0,305
2023-05-10 22:06:51,ru2401C14750,ru2401C14750,430.0,0.0,0.0,0.0,5,417.0,441.0,2,354.0,407.0,500.0,310.0,41.0,177660.0,305
2023-05-10 22:06:52,ru2401C14750,ru2401C14750,430.0,0.0,0.0,0.0,5,417.0,441.0,2,354.0,407.0,500.0,310.0,41.0,177660.0,305
2023-05-10 22:06:52,ru2401C14750,ru2401C14750,430.0,0.0,0.0,0.0,5,417.0,441.0,2,354.0,407.0,500.0,310.0,41.0,177660.0,305
2023-05-10 22:06:53,ru2401C14750,ru2401C14750,430.0,0.0,0.0,0.0,5,417.0,441.0,2,354.0,407.0,500.0,310.0,41.0,177660.0,305
2023-05-10 22:06:53,ru2401C14750,ru2401C14750,430.0,0.0,0.0,0.0,5,417.0,441.0,2,354.0,407.0,500.0,310.0,41.0,177660.0,305
2023-05-10 22:06:54,ru2401C14750,ru2401C14750,430.0,0.0,0.0,0.0,5,417.0,441.0,2,354.0,407.0,500.0,310.0,41.0,177660.0,305
2023-05-10 22:06:54,ru2401C14750,ru2401C14750,430.0,0.0,0.0,0.0,5,417.0,441.0,2,354.0,407.0,500.0,310.0,41.0,177660.0,305
2023-05-10 22:06:55,ru2401C14750,ru2401C14750,430.0,0.0,0.0,0.0,5,417.0,441.0,2,354.0,407.0,500.0,310.0,41.0,177660.0,305
2023-05-10 22:06:55,ru2401C14750,ru2401C14750,430.0,0.0,0.0,0.0,5,417.0,441.0,2,354.0,407.0,500.0,310.0,41.0,177660.0,305
2023-05-10 22:06:56,ru2401C14750,ru2401C14750,430.0,0.0,0.0,0.0,5,417.0,441.0,2,354.0,407.0,500.0,310.0,41.0,177660.0,305
2023-05-10 22:06:56,ru2401C14750,ru2401C14750,430.0,0.0,0.0,0.0,5,417.0,441.0,2,354.0,407.0,500.0,310.0,41.0,177660.0,305
2023-05-10 22:06:57,ru2401C14750,ru2401C14750,430.0,0.0,0.0,0.0,5,417.0,441.0,2,354.0,407.0,500.0,310.0,41.0,177660.0,305
2023-05-10 22:06:57,ru2401C14750,ru2401C14750,430.0,0.0,0.0,0.0,5,417.0,441.0,2,354.0,407.0,500.0,310.0,41.0,177660.0,305
2023-05-10 22:06:58,ru2401C14750,ru2401C14750,430.0,0.0,0.0,0.0,5,417.0,441.0,2,354.0,407.0,500.0,310.0,41.0,177660.0,305
2023-05-10 22:06:58,ru2401C14750,ru2401C14750,430.0,0.0,0.0,0.0,5,417.0,441.0,2,354.0,407.0,500.0,310.0,41.0,177660.0,305
2023-05-10 22:06:59,ru2401C14750,ru2401C14750,430.0,0.0,0.0,0.0,5,417.0,441.0,2,354.0,407.0,500.0,310.0,41.0,177660.0,305
2023-05-10 22:06:59,ru2401C14750,ru2401C14750,430.0,0.0,0.0,0.0,5,417.0,441.0,2,354.0,407.0,500.0,310.0,41.0,177660.0,305
2023-05-10 22:07:00,ru2401C14750,ru2401C14750,430.0,0.0,0.0,0.0,5,417.0,441.0,2,354.0,407.0,500.0,310.0,41.0,177660.0,305
2023-05-10 22:07:00,ru2401C14750,ru2401C14750,430.0,0.0,0.0,0.0,5,417.0,441.0,2,354.0,407.0,500.0,310.0,41.0,177660.0,305
2023-05-10 22:07:01,ru2401C14750,ru2401C14750,430.0,0.0,0.0,0.0,5,417.0,441.0,2,354.0,407.0,500.0,310.0,41.0,177660.0,305
2023-05-10 22:07:01,ru2401C14750,ru2401C14750,430.0,0.0,0.0,0.0,5,417.0,441.0,2,354.0,407.0,500.0,310.0,41.0,177660.0,305
2023-05-10 22:07:02,ru2401C14750,ru2401C14750,430.0,0.0,0.0,0.0,5,417.0,441.0,2,354.0,407.0,500.0,310.0,41.0,177660.0,305
2023-05-10 22:07:02,ru2401C14750,ru2401C14750,430.0,0.0,0.0,0.0,5,417.0,441.0,2,354.0,407.0,500.0,310.0,41.0,177660.0,305
2023-05-10 22:07:03,ru2401C14750,ru2401C14750,430.0,0.0,0.0,0.0,5,417.0,441.0,2,354.0,407.0,500.0,310.0,41.0,177660.0,305
2023-05-10 22:07:03,ru2401C14750,ru2401C14750,430.0,0.0,0.0,0.0,5,417.0,441.0,2,354.0,407.0,500.0,310.0,41.0,177660.0,305
2023-05-10 22:07:04,ru2401C14750,ru2401C14750,430.0,0.0,0.0,0.0,5,417.0,441.0,2,354.0,407.0,500.0,310.0,41.0,177660.0,305
2023-05-10 22:07:04,ru2401C14750,ru2401C14750,430.0,0.0,0.0,0.0,5,417.0,441.0,2,354.0,407.0,500.0,310.0,41.0,177660.0,305
2023-05-10 22:07:05,ru2401C14750,ru2401C14750,430.0,0.0,0.0,0.0,5,417.0,441.0,2,354.0,407.0,500.0,310.0,41.0,177660.0,305
2023-05-10 22:07:05,ru2401C14750,ru2401C14750,430.0,0.0,0.0,0.0,5,417.0,441.0,2,354.0,407.0,500.0,310.0,41.0,177660.0,305
2023-05-10 22:07:06,ru2401C14750,ru2401C14750,430.0,0.0,0.0,0.0,5,417.0,441.0,2,354.0,407.0,500.0,310.0,41.0,177660.0,305
2023-05-10 22:07:06,ru2401C14750,ru2401C14750,430.0,0.0,0.0,0.0,5,417.0,441.0,2,354.0,407.0,500.0,310.0,41.0,177660.0,305
2023-05-10 22:07:07,ru2401C14750,ru2401C14750,430.0,0.0,0.0,0.0,5,417.0,441.0,2,354.0,407.0,500.0,310.0,41.0,177660.0,305
2023-05-10 22:07:07,ru2401C14750,ru2401C14750,430.0,0.0,0.0,0.0,5,417.0,441.0,2,354.0,407.0,500.0,310.0,41.0,177660.0,305
2023-05-10 22:07:08,ru2401C14750,ru2401C14750,430.0,0.0,0.0,0.0,5,417.0,441.0,2,354.0,407.0,500.0,310.0,41.0,177660.0,305
2023-05-10 22:07:08,ru2401C14750,ru2401C14750,430.0,0.0,0.0,0.0,5,417.0,442.0,2,354.0,407.0,500.0,310.0,41.0,177660.0,305
2023-05-10 22:07:09,ru2401C14750,ru2401C14750,430.0,0.0,0.0,0.0,5,417.0,442.0,2,354.0,407.0,500.0,310.0,41.0,177660.0,305
2023-05-10 22:07:09,ru2401C14750,ru2401C14750,430.0,0.0,0.0,0.0,5,417.0,442.0,2,354.0,407.0,500.0,310.0,41.0,177660.0,305
2023-05-10 22:07:10,ru2401C14750,ru2401C14750,430.0,0.0,0.0,0.0,5,417.0,442.0,2,354.0,407.0,500.0,310.0,41.0,177660.0,305
2023-05-10 22:07:10,ru2401C14750,ru2401C14750,430.0,0.0,0.0,0.0,5,417.0,442.0,2,354.0,407.0,500.0,310.0,41.0,177660.0,305
2023-05-10 22:07:11,ru2401C14750,ru2401C14750,430.0,0.0,0.0,0.0,5,417.0,442.0,2,354.0,407.0,500.0,310.0,41.0,177660.0,305
2023-05-10 22:07:11,ru2401C14750,ru2401C14750,430.0,0.0,0.0,0.0,5,417.0,442.0,2,354.0,407.0,500.0,310.0,41.0,177660.0,305
2023-05-10 22:07:12,ru2401C14750,ru2401C14750,430.0,0.0,0.0,0.0,5,417.0,442.0,2,354.0,407.0,500.0,310.0,41.0,177660.0,305
2023-05-10 22:07:12,ru2401C14750,ru2401C14750,430.0,0.0,0.0,0.0,5,417.0,442.0,2,354.0,407.0,500.0,310.0,41.0,177660.0,305
2023-05-10 22:07:13,ru2401C14750,ru2401C14750,430.0,0.0,0.0,0.0,5,417.0,442.0,2,354.0,407.0,500.0,310.0,41.0,177660.0,305
2023-05-10 22:07:13,ru2401C14750,ru2401C14750,430.0,0.0,0.0,0.0,5,417.0,442.0,2,354.0,407.0,500.0,310.0,41.0,177660.0,305
2023-05-10 22:07:14,ru2401C14750,ru2401C14750,430.0,0.0,0.0,0.0,5,417.0,442.0,2,354.0,407.0,500.0,310.0,41.0,177660.0,305
2023-05-10 22:07:14,ru2401C14750,ru2401C14750,430.0,0.0,0.0,0.0,5,417.0,442.0,2,354.0,407.0,500.0,310.0,41.0,177660.0,305
2023-05-10 22:07:15,ru2401C14750,ru2401C14750,430.0,0.0,0.0,0.0,5,417.0,442.0,2,354.0,407.0,500.0,310.0,41.0,177660.0,305
2023-05-10 22:07:15,ru2401C14750,ru2401C14750,430.0,0.0,0.0,0.0,5,417.0,442.0,2,354.0,407.0,500.0,310.0,41.0,177660.0,305
2023-05-10 22:07:16,ru2401C14750,ru2401C14750,430.0,0.0,0.0,0.0,5,417.0,442.0,2,354.0,407.0,500.0,310.0,41.0,177660.0,305
2023-05-10 22:07:16,ru2401C14750,ru2401C14750,430.0,0.0,0.0,0.0,5,417.0,442.0,2,354.0,407.0,500.0,310.0,41.0,177660.0,305
2023-05-10 22:07:17,ru2401C14750,ru2401C14750,430.0,0.0,0.0,0.0,5,417.0,442.0,2,354.0,407.0,500.0,310.0,41.0,177660.0,305
2023-05-10 22:07:17,ru2401C14750,ru2401C14750,430.0,0.0,0.0,0.0,5,417.0,442.0,2,354.0,407.0,500.0,310.0,41.0,177660.0,305
2023-05-10 22:07:18,ru2401C14750,ru2401C14750,430.0,0.0,0.0,0.0,5,417.0,442.0,2,354.0,407.0,500.0,310.0,41.0,177660.0,305
2023-05-10 22:07:18,ru2401C14750,ru2401C14750,430.0,0.0,0.0,0.0,5,417.0,442.0,2,354.0,407.0,500.0,310.0,41.0,177660.0,305
2023-05-10 22:07:19,ru2401C14750,ru2401C14750,430.0,0.0,0.0,0.0,5,417.0,442.0,2,354.0,407.0,500.0,310.0,41.0,177660.0,305
2023-05-10 22:07:19,ru2401C14750,ru2401C14750,430.0,0.0,0.0,0.0,5,417.0,442.0,2,354.0,407.0,500.0,310.0,41.0,177660.0,305
2023-05-10 22:07:20,ru2401C14750,ru2401C14750,430.0,0.0,0.0,0.0,5,417.0,442.0,2,354.0,407.0,500.0,310.0,41.0,177660.0,305
2023-05-10 22:07:20,ru2401C14750,ru2401C14750,430.0,0.0,0.0,0.0,5,417.0,442.0,2,354.0,407.0,500.0,310.0,41.0,177660.0,305
2023-05-10 22:07:21,ru2401C14750,ru2401C14750,430.0,0.0,0.0,0.0,3,417.0,442.0,2,354.0,407.0,500.0,310.0,41.0,177660.0,305
2023-05-10 22:07:21,ru2401C14750,ru2401C14750,430.0,0.0,0.0,0.0,1,417.0,447.0,1,354.0,407.0,500.0,310.0,41.0,177660.0,305
2023-05-10 22:07:22,ru2401C14750,ru2401C14750,430.0,0.0,0.0,0.0,3,417.0,447.0,3,354.0,407.0,500.0,310.0,41.0,177660.0,305
2023-05-10 22:07:22,ru2401C14750,ru2401C14750,430.0,0.0,0.0,0.0,5,417.0,447.0,5,354.0,407.0,500.0,310.0,41.0,177660.0,305
