time,symbol_id,symbol_name,last,trade_volume,trade_amount,open_interest_change,bv1,bp1,ap1,av1,yesterday_close,today_open,today_high,today_low,volume,amount,open_interest
2023-05-10 20:59:00,ru2401P13750,ru2401P13750,949.0,0.0,0.0,0.0,1,3.0,0.0,0,949.0,0.0,0.0,0.0,0.0,0.0,7
2023-05-10 21:00:16,ru2401P13750,ru2401P13750,949.0,0.0,0.0,0.0,1,4.0,0.0,0,949.0,0.0,0.0,0.0,0.0,0.0,7
2023-05-10 21:00:23,ru2401P13750,ru2401P13750,949.0,0.0,0.0,0.0,1,5.0,0.0,0,949.0,0.0,0.0,0.0,0.0,0.0,7
2023-05-10 21:00:23,ru2401P13750,ru2401P13750,949.0,0.0,0.0,0.0,1,5.0,0.0,0,949.0,0.0,0.0,0.0,0.0,0.0,7
2023-05-10 21:00:24,ru2401P13750,ru2401P13750,949.0,0.0,0.0,0.0,1,6.0,0.0,0,949.0,0.0,0.0,0.0,0.0,0.0,7
2023-05-10 21:00:24,ru2401P13750,ru2401P13750,949.0,0.0,0.0,0.0,1,6.0,0.0,0,949.0,0.0,0.0,0.0,0.0,0.0,7
2023-05-10 21:00:25,ru2401P13750,ru2401P13750,949.0,0.0,0.0,0.0,1,7.0,0.0,0,949.0,0.0,0.0,0.0,0.0,0.0,7
2023-05-10 21:00:25,ru2401P13750,ru2401P13750,949.0,0.0,0.0,0.0,1,7.0,0.0,0,949.0,0.0,0.0,0.0,0.0,0.0,7
2023-05-10 21:00:26,ru2401P13750,ru2401P13750,949.0,0.0,0.0,0.0,1,8.0,0.0,0,949.0,0.0,0.0,0.0,0.0,0.0,7
2023-05-10 21:00:26,ru2401P13750,ru2401P13750,949.0,0.0,0.0,0.0,1,8.0,0.0,0,949.0,0.0,0.0,0.0,0.0,0.0,7
2023-05-10 21:00:27,ru2401P13750,ru2401P13750,949.0,0.0,0.0,0.0,1,9.0,0.0,0,949.0,0.0,0.0,0.0,0.0,0.0,7
2023-05-10 21:00:27,ru2401P13750,ru2401P13750,949.0,0.0,0.0,0.0,1,9.0,0.0,0,949.0,0.0,0.0,0.0,0.0,0.0,7
2023-05-10 21:00:28,ru2401P13750,ru2401P13750,949.0,0.0,0.0,0.0,1,10.0,0.0,0,949.0,0.0,0.0,0.0,0.0,0.0,7
2023-05-10 21:00:28,ru2401P13750,ru2401P13750,949.0,0.0,0.0,0.0,1,10.0,0.0,0,949.0,0.0,0.0,0.0,0.0,0.0,7
2023-05-10 21:00:29,ru2401P13750,ru2401P13750,949.0,0.0,0.0,0.0,1,11.0,0.0,0,949.0,0.0,0.0,0.0,0.0,0.0,7
2023-05-10 21:00:29,ru2401P13750,ru2401P13750,949.0,0.0,0.0,0.0,1,11.0,0.0,0,949.0,0.0,0.0,0.0,0.0,0.0,7
2023-05-10 21:00:30,ru2401P13750,ru2401P13750,949.0,0.0,0.0,0.0,1,12.0,0.0,0,949.0,0.0,0.0,0.0,0.0,0.0,7
2023-05-10 21:00:33,ru2401P13750,ru2401P13750,949.0,0.0,0.0,0.0,1,294.0,0.0,0,949.0,0.0,0.0,0.0,0.0,0.0,7
2023-05-10 21:00:33,ru2401P13750,ru2401P13750,949.0,0.0,0.0,0.0,1,294.0,0.0,0,949.0,0.0,0.0,0.0,0.0,0.0,7
2023-05-10 21:00:34,ru2401P13750,ru2401P13750,949.0,0.0,0.0,0.0,1,295.0,0.0,0,949.0,0.0,0.0,0.0,0.0,0.0,7
2023-05-10 21:01:39,ru2401P13750,ru2401P13750,949.0,0.0,0.0,0.0,2,296.0,0.0,0,949.0,0.0,0.0,0.0,0.0,0.0,7
2023-05-10 21:01:39,ru2401P13750,ru2401P13750,949.0,0.0,0.0,0.0,2,296.0,0.0,0,949.0,0.0,0.0,0.0,0.0,0.0,7
2023-05-10 21:01:40,ru2401P13750,ru2401P13750,949.0,0.0,0.0,0.0,1,297.0,0.0,0,949.0,0.0,0.0,0.0,0.0,0.0,7
2023-05-10 21:01:40,ru2401P13750,ru2401P13750,949.0,0.0,0.0,0.0,1,301.0,2043.0,1,949.0,0.0,0.0,0.0,0.0,0.0,7
2023-05-10 21:01:41,ru2401P13750,ru2401P13750,949.0,0.0,0.0,0.0,1,301.0,2042.0,1,949.0,0.0,0.0,0.0,0.0,0.0,7
2023-05-10 21:01:41,ru2401P13750,ru2401P13750,949.0,0.0,0.0,0.0,1,304.0,2039.0,1,949.0,0.0,0.0,0.0,0.0,0.0,7
2023-05-10 21:01:42,ru2401P13750,ru2401P13750,949.0,0.0,0.0,0.0,1,304.0,2039.0,1,949.0,0.0,0.0,0.0,0.0,0.0,7
2023-05-10 21:01:42,ru2401P13750,ru2401P13750,949.0,0.0,0.0,0.0,1,305.0,2038.0,1,949.0,0.0,0.0,0.0,0.0,0.0,7
2023-05-10 21:01:43,ru2401P13750,ru2401P13750,949.0,0.0,0.0,0.0,1,305.0,2038.0,1,949.0,0.0,0.0,0.0,0.0,0.0,7
2023-05-10 21:01:47,ru2401P13750,ru2401P13750,949.0,0.0,0.0,0.0,1,308.0,2035.0,1,949.0,0.0,0.0,0.0,0.0,0.0,7
2023-05-10 21:01:48,ru2401P13750,ru2401P13750,949.0,0.0,0.0,0.0,1,308.0,2035.0,1,949.0,0.0,0.0,0.0,0.0,0.0,7
2023-05-10 21:01:48,ru2401P13750,ru2401P13750,949.0,0.0,0.0,0.0,1,309.0,2034.0,1,949.0,0.0,0.0,0.0,0.0,0.0,7
2023-05-10 21:01:49,ru2401P13750,ru2401P13750,949.0,0.0,0.0,0.0,1,309.0,2034.0,1,949.0,0.0,0.0,0.0,0.0,0.0,7
2023-05-10 21:01:54,ru2401P13750,ru2401P13750,949.0,0.0,0.0,0.0,1,312.0,2031.0,1,949.0,0.0,0.0,0.0,0.0,0.0,7
2023-05-10 21:01:55,ru2401P13750,ru2401P13750,949.0,0.0,0.0,0.0,1,312.0,2031.0,1,949.0,0.0,0.0,0.0,0.0,0.0,7
2023-05-10 21:01:55,ru2401P13750,ru2401P13750,949.0,0.0,0.0,0.0,1,313.0,2030.0,1,949.0,0.0,0.0,0.0,0.0,0.0,7
2023-05-10 21:01:56,ru2401P13750,ru2401P13750,949.0,0.0,0.0,0.0,1,313.0,2030.0,1,949.0,0.0,0.0,0.0,0.0,0.0,7
2023-05-10 21:01:56,ru2401P13750,ru2401P13750,949.0,0.0,0.0,0.0,1,316.0,2027.0,1,949.0,0.0,0.0,0.0,0.0,0.0,7
2023-05-10 21:01:57,ru2401P13750,ru2401P13750,949.0,0.0,0.0,0.0,1,316.0,2027.0,1,949.0,0.0,0.0,0.0,0.0,0.0,7
2023-05-10 21:01:57,ru2401P13750,ru2401P13750,949.0,0.0,0.0,0.0,1,317.0,2026.0,1,949.0,0.0,0.0,0.0,0.0,0.0,7
2023-05-10 21:01:58,ru2401P13750,ru2401P13750,949.0,0.0,0.0,0.0,1,317.0,2026.0,1,949.0,0.0,0.0,0.0,0.0,0.0,7
2023-05-10 21:02:01,ru2401P13750,ru2401P13750,949.0,0.0,0.0,0.0,1,320.0,2026.0,1,949.0,0.0,0.0,0.0,0.0,0.0,7
2023-05-10 21:02:02,ru2401P13750,ru2401P13750,949.0,0.0,0.0,0.0,1,320.0,2026.0,1,949.0,0.0,0.0,0.0,0.0,0.0,7
2023-05-10 21:02:02,ru2401P13750,ru2401P13750,949.0,0.0,0.0,0.0,1,321.0,2023.0,1,949.0,0.0,0.0,0.0,0.0,0.0,7
2023-05-10 21:02:03,ru2401P13750,ru2401P13750,949.0,0.0,0.0,0.0,1,321.0,2023.0,1,949.0,0.0,0.0,0.0,0.0,0.0,7
2023-05-10 21:02:03,ru2401P13750,ru2401P13750,949.0,0.0,0.0,0.0,1,321.0,2022.0,1,949.0,0.0,0.0,0.0,0.0,0.0,7
2023-05-10 21:02:04,ru2401P13750,ru2401P13750,949.0,0.0,0.0,0.0,1,321.0,2022.0,1,949.0,0.0,0.0,0.0,0.0,0.0,7
2023-05-10 21:02:07,ru2401P13750,ru2401P13750,949.0,0.0,0.0,0.0,1,324.0,2022.0,1,949.0,0.0,0.0,0.0,0.0,0.0,7
2023-05-10 21:02:08,ru2401P13750,ru2401P13750,949.0,0.0,0.0,0.0,1,324.0,2022.0,1,949.0,0.0,0.0,0.0,0.0,0.0,7
2023-05-10 21:02:08,ru2401P13750,ru2401P13750,949.0,0.0,0.0,0.0,1,325.0,2022.0,1,949.0,0.0,0.0,0.0,0.0,0.0,7
2023-05-10 21:02:09,ru2401P13750,ru2401P13750,949.0,0.0,0.0,0.0,1,325.0,2022.0,1,949.0,0.0,0.0,0.0,0.0,0.0,7
2023-05-10 21:02:16,ru2401P13750,ru2401P13750,949.0,0.0,0.0,0.0,1,328.0,2019.0,1,949.0,0.0,0.0,0.0,0.0,0.0,7
2023-05-10 21:02:16,ru2401P13750,ru2401P13750,949.0,0.0,0.0,0.0,1,328.0,2019.0,1,949.0,0.0,0.0,0.0,0.0,0.0,7
2023-05-10 21:02:17,ru2401P13750,ru2401P13750,949.0,0.0,0.0,0.0,1,329.0,2018.0,1,949.0,0.0,0.0,0.0,0.0,0.0,7
2023-05-10 21:02:17,ru2401P13750,ru2401P13750,949.0,0.0,0.0,0.0,1,329.0,2018.0,1,949.0,0.0,0.0,0.0,0.0,0.0,7
2023-05-10 21:02:18,ru2401P13750,ru2401P13750,949.0,0.0,0.0,0.0,1,332.0,2015.0,1,949.0,0.0,0.0,0.0,0.0,0.0,7
2023-05-10 21:02:18,ru2401P13750,ru2401P13750,949.0,0.0,0.0,0.0,1,332.0,2015.0,1,949.0,0.0,0.0,0.0,0.0,0.0,7
2023-05-10 21:02:19,ru2401P13750,ru2401P13750,949.0,0.0,0.0,0.0,1,333.0,2014.0,1,949.0,0.0,0.0,0.0,0.0,0.0,7
2023-05-10 21:02:19,ru2401P13750,ru2401P13750,949.0,0.0,0.0,0.0,1,333.0,2014.0,1,949.0,0.0,0.0,0.0,0.0,0.0,7
2023-05-10 21:02:26,ru2401P13750,ru2401P13750,949.0,0.0,0.0,0.0,1,336.0,2011.0,1,949.0,0.0,0.0,0.0,0.0,0.0,7
2023-05-10 21:02:27,ru2401P13750,ru2401P13750,949.0,0.0,0.0,0.0,1,336.0,2011.0,1,949.0,0.0,0.0,0.0,0.0,0.0,7
2023-05-10 21:02:27,ru2401P13750,ru2401P13750,949.0,0.0,0.0,0.0,1,337.0,2010.0,1,949.0,0.0,0.0,0.0,0.0,0.0,7
2023-05-10 21:02:28,ru2401P13750,ru2401P13750,949.0,0.0,0.0,0.0,1,337.0,2010.0,1,949.0,0.0,0.0,0.0,0.0,0.0,7
2023-05-10 21:02:28,ru2401P13750,ru2401P13750,949.0,0.0,0.0,0.0,1,340.0,2007.0,1,949.0,0.0,0.0,0.0,0.0,0.0,7
2023-05-10 21:02:29,ru2401P13750,ru2401P13750,949.0,0.0,0.0,0.0,1,340.0,2007.0,1,949.0,0.0,0.0,0.0,0.0,0.0,7
2023-05-10 21:02:29,ru2401P13750,ru2401P13750,949.0,0.0,0.0,0.0,1,341.0,2006.0,1,949.0,0.0,0.0,0.0,0.0,0.0,7
2023-05-10 21:02:30,ru2401P13750,ru2401P13750,949.0,0.0,0.0,0.0,1,341.0,2006.0,1,949.0,0.0,0.0,0.0,0.0,0.0,7
2023-05-10 21:02:33,ru2401P13750,ru2401P13750,949.0,0.0,0.0,0.0,1,344.0,2003.0,1,949.0,0.0,0.0,0.0,0.0,0.0,7
2023-05-10 21:02:34,ru2401P13750,ru2401P13750,949.0,0.0,0.0,0.0,1,344.0,2003.0,1,949.0,0.0,0.0,0.0,0.0,0.0,7
2023-05-10 21:02:34,ru2401P13750,ru2401P13750,949.0,0.0,0.0,0.0,1,345.0,2002.0,1,949.0,0.0,0.0,0.0,0.0,0.0,7
2023-05-10 21:02:35,ru2401P13750,ru2401P13750,949.0,0.0,0.0,0.0,1,345.0,2002.0,1,949.0,0.0,0.0,0.0,0.0,0.0,7
2023-05-10 21:02:41,ru2401P13750,ru2401P13750,949.0,0.0,0.0,0.0,1,348.0,1999.0,1,949.0,0.0,0.0,0.0,0.0,0.0,7
2023-05-10 21:02:42,ru2401P13750,ru2401P13750,949.0,0.0,0.0,0.0,1,348.0,1999.0,1,949.0,0.0,0.0,0.0,0.0,0.0,7
2023-05-10 21:02:42,ru2401P13750,ru2401P13750,949.0,0.0,0.0,0.0,1,349.0,1998.0,1,949.0,0.0,0.0,0.0,0.0,0.0,7
2023-05-10 21:02:43,ru2401P13750,ru2401P13750,949.0,0.0,0.0,0.0,1,349.0,1998.0,1,949.0,0.0,0.0,0.0,0.0,0.0,7
2023-05-10 21:02:46,ru2401P13750,ru2401P13750,949.0,0.0,0.0,0.0,1,352.0,1995.0,1,949.0,0.0,0.0,0.0,0.0,0.0,7
2023-05-10 21:02:47,ru2401P13750,ru2401P13750,949.0,0.0,0.0,0.0,1,352.0,1995.0,1,949.0,0.0,0.0,0.0,0.0,0.0,7
2023-05-10 21:02:47,ru2401P13750,ru2401P13750,949.0,0.0,0.0,0.0,1,353.0,1994.0,1,949.0,0.0,0.0,0.0,0.0,0.0,7
2023-05-10 21:02:48,ru2401P13750,ru2401P13750,949.0,0.0,0.0,0.0,1,353.0,1994.0,1,949.0,0.0,0.0,0.0,0.0,0.0,7
2023-05-10 21:02:48,ru2401P13750,ru2401P13750,949.0,0.0,0.0,0.0,1,356.0,1991.0,1,949.0,0.0,0.0,0.0,0.0,0.0,7
2023-05-10 21:02:49,ru2401P13750,ru2401P13750,949.0,0.0,0.0,0.0,1,356.0,1991.0,1,949.0,0.0,0.0,0.0,0.0,0.0,7
2023-05-10 21:02:49,ru2401P13750,ru2401P13750,949.0,0.0,0.0,0.0,1,357.0,1990.0,1,949.0,0.0,0.0,0.0,0.0,0.0,7
2023-05-10 21:02:50,ru2401P13750,ru2401P13750,949.0,0.0,0.0,0.0,1,357.0,1990.0,1,949.0,0.0,0.0,0.0,0.0,0.0,7
2023-05-10 21:02:55,ru2401P13750,ru2401P13750,949.0,0.0,0.0,0.0,1,360.0,1987.0,1,949.0,0.0,0.0,0.0,0.0,0.0,7
2023-05-10 21:02:56,ru2401P13750,ru2401P13750,949.0,0.0,0.0,0.0,1,360.0,1987.0,1,949.0,0.0,0.0,0.0,0.0,0.0,7
2023-05-10 21:02:56,ru2401P13750,ru2401P13750,949.0,0.0,0.0,0.0,1,361.0,1986.0,1,949.0,0.0,0.0,0.0,0.0,0.0,7
2023-05-10 21:02:57,ru2401P13750,ru2401P13750,949.0,0.0,0.0,0.0,1,361.0,1986.0,1,949.0,0.0,0.0,0.0,0.0,0.0,7
2023-05-10 21:02:57,ru2401P13750,ru2401P13750,949.0,0.0,0.0,0.0,1,364.0,1983.0,1,949.0,0.0,0.0,0.0,0.0,0.0,7
2023-05-10 21:02:58,ru2401P13750,ru2401P13750,949.0,0.0,0.0,0.0,2,365.0,1983.0,1,949.0,0.0,0.0,0.0,0.0,0.0,7
2023-05-10 21:02:58,ru2401P13750,ru2401P13750,949.0,0.0,0.0,0.0,1,368.0,1982.0,1,949.0,0.0,0.0,0.0,0.0,0.0,7
2023-05-10 21:02:59,ru2401P13750,ru2401P13750,949.0,0.0,0.0,0.0,1,368.0,1982.0,1,949.0,0.0,0.0,0.0,0.0,0.0,7
2023-05-10 21:02:59,ru2401P13750,ru2401P13750,949.0,0.0,0.0,0.0,1,369.0,1982.0,1,949.0,0.0,0.0,0.0,0.0,0.0,7
2023-05-10 21:03:00,ru2401P13750,ru2401P13750,949.0,0.0,0.0,0.0,1,369.0,1982.0,1,949.0,0.0,0.0,0.0,0.0,0.0,7
2023-05-10 21:03:02,ru2401P13750,ru2401P13750,949.0,0.0,0.0,0.0,1,372.0,1979.0,1,949.0,0.0,0.0,0.0,0.0,0.0,7
2023-05-10 21:03:03,ru2401P13750,ru2401P13750,949.0,0.0,0.0,0.0,1,372.0,1979.0,1,949.0,0.0,0.0,0.0,0.0,0.0,7
2023-05-10 21:03:03,ru2401P13750,ru2401P13750,949.0,0.0,0.0,0.0,3,373.0,1978.0,1,949.0,0.0,0.0,0.0,0.0,0.0,7
2023-05-10 21:03:04,ru2401P13750,ru2401P13750,949.0,0.0,0.0,0.0,3,373.0,1978.0,1,949.0,0.0,0.0,0.0,0.0,0.0,7
2023-05-10 21:03:04,ru2401P13750,ru2401P13750,949.0,0.0,0.0,0.0,1,376.0,1975.0,1,949.0,0.0,0.0,0.0,0.0,0.0,7
2023-05-10 21:03:05,ru2401P13750,ru2401P13750,949.0,0.0,0.0,0.0,1,376.0,1975.0,1,949.0,0.0,0.0,0.0,0.0,0.0,7
2023-05-10 21:03:05,ru2401P13750,ru2401P13750,949.0,0.0,0.0,0.0,1,377.0,1974.0,1,949.0,0.0,0.0,0.0,0.0,0.0,7
2023-05-10 21:03:06,ru2401P13750,ru2401P13750,949.0,0.0,0.0,0.0,1,377.0,1974.0,1,949.0,0.0,0.0,0.0,0.0,0.0,7
2023-05-10 21:03:07,ru2401P13750,ru2401P13750,949.0,0.0,0.0,0.0,1,380.0,1971.0,1,949.0,0.0,0.0,0.0,0.0,0.0,7
2023-05-10 21:03:08,ru2401P13750,ru2401P13750,949.0,0.0,0.0,0.0,1,380.0,1971.0,1,949.0,0.0,0.0,0.0,0.0,0.0,7
2023-05-10 21:03:08,ru2401P13750,ru2401P13750,949.0,0.0,0.0,0.0,1,381.0,1970.0,1,949.0,0.0,0.0,0.0,0.0,0.0,7
2023-05-10 21:03:09,ru2401P13750,ru2401P13750,949.0,0.0,0.0,0.0,1,381.0,1970.0,1,949.0,0.0,0.0,0.0,0.0,0.0,7
2023-05-10 21:03:09,ru2401P13750,ru2401P13750,949.0,0.0,0.0,0.0,1,384.0,1967.0,1,949.0,0.0,0.0,0.0,0.0,0.0,7
2023-05-10 21:03:10,ru2401P13750,ru2401P13750,949.0,0.0,0.0,0.0,1,384.0,1967.0,1,949.0,0.0,0.0,0.0,0.0,0.0,7
2023-05-10 21:03:10,ru2401P13750,ru2401P13750,949.0,0.0,0.0,0.0,1,385.0,1966.0,1,949.0,0.0,0.0,0.0,0.0,0.0,7
2023-05-10 21:03:11,ru2401P13750,ru2401P13750,949.0,0.0,0.0,0.0,1,385.0,1966.0,1,949.0,0.0,0.0,0.0,0.0,0.0,7
2023-05-10 21:03:13,ru2401P13750,ru2401P13750,949.0,0.0,0.0,0.0,2,386.0,1966.0,1,949.0,0.0,0.0,0.0,0.0,0.0,7
2023-05-10 21:03:14,ru2401P13750,ru2401P13750,949.0,0.0,0.0,0.0,1,389.0,1963.0,1,949.0,0.0,0.0,0.0,0.0,0.0,7
2023-05-10 21:03:14,ru2401P13750,ru2401P13750,949.0,0.0,0.0,0.0,1,390.0,1963.0,1,949.0,0.0,0.0,0.0,0.0,0.0,7
2023-05-10 21:03:15,ru2401P13750,ru2401P13750,949.0,0.0,0.0,0.0,1,390.0,1962.0,1,949.0,0.0,0.0,0.0,0.0,0.0,7
2023-05-10 21:03:15,ru2401P13750,ru2401P13750,949.0,0.0,0.0,0.0,1,390.0,1962.0,1,949.0,0.0,0.0,0.0,0.0,0.0,7
2023-05-10 21:03:16,ru2401P13750,ru2401P13750,949.0,0.0,0.0,0.0,2,391.0,1962.0,1,949.0,0.0,0.0,0.0,0.0,0.0,7
2023-05-10 21:03:16,ru2401P13750,ru2401P13750,949.0,0.0,0.0,0.0,2,391.0,1962.0,1,949.0,0.0,0.0,0.0,0.0,0.0,7
2023-05-10 21:03:17,ru2401P13750,ru2401P13750,949.0,0.0,0.0,0.0,1,392.0,1962.0,1,949.0,0.0,0.0,0.0,0.0,0.0,7
2023-05-10 21:03:17,ru2401P13750,ru2401P13750,949.0,0.0,0.0,0.0,1,392.0,1962.0,1,949.0,0.0,0.0,0.0,0.0,0.0,7
2023-05-10 21:03:18,ru2401P13750,ru2401P13750,949.0,0.0,0.0,0.0,1,395.0,1959.0,1,949.0,0.0,0.0,0.0,0.0,0.0,7
2023-05-10 21:03:18,ru2401P13750,ru2401P13750,949.0,0.0,0.0,0.0,1,395.0,1959.0,1,949.0,0.0,0.0,0.0,0.0,0.0,7
2023-05-10 21:03:19,ru2401P13750,ru2401P13750,949.0,0.0,0.0,0.0,1,396.0,1958.0,1,949.0,0.0,0.0,0.0,0.0,0.0,7
2023-05-10 21:03:19,ru2401P13750,ru2401P13750,949.0,0.0,0.0,0.0,2,397.0,1958.0,1,949.0,0.0,0.0,0.0,0.0,0.0,7
2023-05-10 21:03:20,ru2401P13750,ru2401P13750,949.0,0.0,0.0,0.0,1,400.0,1955.0,1,949.0,0.0,0.0,0.0,0.0,0.0,7
2023-05-10 21:03:20,ru2401P13750,ru2401P13750,949.0,0.0,0.0,0.0,1,401.0,1955.0,1,949.0,0.0,0.0,0.0,0.0,0.0,7
2023-05-10 21:03:21,ru2401P13750,ru2401P13750,949.0,0.0,0.0,0.0,1,404.0,1954.0,1,949.0,0.0,0.0,0.0,0.0,0.0,7
2023-05-10 21:03:21,ru2401P13750,ru2401P13750,949.0,0.0,0.0,0.0,1,404.0,1954.0,1,949.0,0.0,0.0,0.0,0.0,0.0,7
2023-05-10 21:03:22,ru2401P13750,ru2401P13750,949.0,0.0,0.0,0.0,1,405.0,1954.0,1,949.0,0.0,0.0,0.0,0.0,0.0,7
2023-05-10 21:03:22,ru2401P13750,ru2401P13750,949.0,0.0,0.0,0.0,2,406.0,1954.0,1,949.0,0.0,0.0,0.0,0.0,0.0,7
2023-05-10 21:03:23,ru2401P13750,ru2401P13750,949.0,0.0,0.0,0.0,2,406.0,1954.0,1,949.0,0.0,0.0,0.0,0.0,0.0,7
2023-05-10 21:03:23,ru2401P13750,ru2401P13750,949.0,0.0,0.0,0.0,1,409.0,1951.0,1,949.0,0.0,0.0,0.0,0.0,0.0,7
2023-05-10 21:03:24,ru2401P13750,ru2401P13750,949.0,0.0,0.0,0.0,2,410.0,1951.0,1,949.0,0.0,0.0,0.0,0.0,0.0,7
2023-05-10 21:03:24,ru2401P13750,ru2401P13750,949.0,0.0,0.0,0.0,1,411.0,1950.0,1,949.0,0.0,0.0,0.0,0.0,0.0,7
2023-05-10 21:03:25,ru2401P13750,ru2401P13750,949.0,0.0,0.0,0.0,1,411.0,1950.0,1,949.0,0.0,0.0,0.0,0.0,0.0,7
2023-05-10 21:03:26,ru2401P13750,ru2401P13750,949.0,0.0,0.0,0.0,2,412.0,1950.0,1,949.0,0.0,0.0,0.0,0.0,0.0,7
2023-05-10 21:03:26,ru2401P13750,ru2401P13750,949.0,0.0,0.0,0.0,2,412.0,1950.0,1,949.0,0.0,0.0,0.0,0.0,0.0,7
2023-05-10 21:03:27,ru2401P13750,ru2401P13750,949.0,0.0,0.0,0.0,1,415.0,1947.0,1,949.0,0.0,0.0,0.0,0.0,0.0,7
2023-05-10 21:03:27,ru2401P13750,ru2401P13750,949.0,0.0,0.0,0.0,1,415.0,1947.0,1,949.0,0.0,0.0,0.0,0.0,0.0,7
2023-05-10 21:03:28,ru2401P13750,ru2401P13750,949.0,0.0,0.0,0.0,3,416.0,1946.0,1,949.0,0.0,0.0,0.0,0.0,0.0,7
2023-05-10 21:03:28,ru2401P13750,ru2401P13750,949.0,0.0,0.0,0.0,3,416.0,1946.0,1,949.0,0.0,0.0,0.0,0.0,0.0,7
2023-05-10 21:03:31,ru2401P13750,ru2401P13750,949.0,0.0,0.0,0.0,1,419.0,1946.0,1,949.0,0.0,0.0,0.0,0.0,0.0,7
2023-05-10 21:03:31,ru2401P13750,ru2401P13750,949.0,0.0,0.0,0.0,2,420.0,1946.0,1,949.0,0.0,0.0,0.0,0.0,0.0,7
2023-05-10 21:03:32,ru2401P13750,ru2401P13750,949.0,0.0,0.0,0.0,1,421.0,1946.0,1,949.0,0.0,0.0,0.0,0.0,0.0,7
2023-05-10 21:03:32,ru2401P13750,ru2401P13750,949.0,0.0,0.0,0.0,1,421.0,1946.0,1,949.0,0.0,0.0,0.0,0.0,0.0,7
2023-05-10 21:03:33,ru2401P13750,ru2401P13750,949.0,0.0,0.0,0.0,1,424.0,1943.0,1,949.0,0.0,0.0,0.0,0.0,0.0,7
2023-05-10 21:03:33,ru2401P13750,ru2401P13750,949.0,0.0,0.0,0.0,2,425.0,1943.0,1,949.0,0.0,0.0,0.0,0.0,0.0,7
2023-05-10 21:03:34,ru2401P13750,ru2401P13750,949.0,0.0,0.0,0.0,1,428.0,1942.0,1,949.0,0.0,0.0,0.0,0.0,0.0,7
2023-05-10 21:03:34,ru2401P13750,ru2401P13750,949.0,0.0,0.0,0.0,2,429.0,1942.0,1,949.0,0.0,0.0,0.0,0.0,0.0,7
2023-05-10 21:03:35,ru2401P13750,ru2401P13750,949.0,0.0,0.0,0.0,1,430.0,1942.0,1,949.0,0.0,0.0,0.0,0.0,0.0,7
2023-05-10 21:03:35,ru2401P13750,ru2401P13750,949.0,0.0,0.0,0.0,2,431.0,1942.0,1,949.0,0.0,0.0,0.0,0.0,0.0,7
2023-05-10 21:03:36,ru2401P13750,ru2401P13750,949.0,0.0,0.0,0.0,2,431.0,1942.0,1,949.0,0.0,0.0,0.0,0.0,0.0,7
2023-05-10 21:03:36,ru2401P13750,ru2401P13750,949.0,0.0,0.0,0.0,1,432.0,1942.0,1,949.0,0.0,0.0,0.0,0.0,0.0,7
2023-05-10 21:03:37,ru2401P13750,ru2401P13750,949.0,0.0,0.0,0.0,2,433.0,1942.0,1,949.0,0.0,0.0,0.0,0.0,0.0,7
2023-05-10 21:03:37,ru2401P13750,ru2401P13750,949.0,0.0,0.0,0.0,1,436.0,1939.0,1,949.0,0.0,0.0,0.0,0.0,0.0,7
2023-05-10 21:03:38,ru2401P13750,ru2401P13750,949.0,0.0,0.0,0.0,1,437.0,1939.0,1,949.0,0.0,0.0,0.0,0.0,0.0,7
2023-05-10 21:03:38,ru2401P13750,ru2401P13750,949.0,0.0,0.0,0.0,2,438.0,1938.0,1,949.0,0.0,0.0,0.0,0.0,0.0,7
2023-05-10 21:03:39,ru2401P13750,ru2401P13750,949.0,0.0,0.0,0.0,1,441.0,1935.0,1,949.0,0.0,0.0,0.0,0.0,0.0,7
2023-05-10 21:03:39,ru2401P13750,ru2401P13750,949.0,0.0,0.0,0.0,1,442.0,1935.0,1,949.0,0.0,0.0,0.0,0.0,0.0,7
2023-05-10 21:03:40,ru2401P13750,ru2401P13750,949.0,0.0,0.0,0.0,1,445.0,1934.0,1,949.0,0.0,0.0,0.0,0.0,0.0,7
2023-05-10 21:03:40,ru2401P13750,ru2401P13750,949.0,0.0,0.0,0.0,1,445.0,1934.0,1,949.0,0.0,0.0,0.0,0.0,0.0,7
2023-05-10 21:03:41,ru2401P13750,ru2401P13750,949.0,0.0,0.0,0.0,1,446.0,1931.0,1,949.0,0.0,0.0,0.0,0.0,0.0,7
2023-05-10 21:03:41,ru2401P13750,ru2401P13750,949.0,0.0,0.0,0.0,1,446.0,1931.0,1,949.0,0.0,0.0,0.0,0.0,0.0,7
2023-05-10 21:03:42,ru2401P13750,ru2401P13750,949.0,0.0,0.0,0.0,1,449.0,1930.0,1,949.0,0.0,0.0,0.0,0.0,0.0,7
2023-05-10 21:03:42,ru2401P13750,ru2401P13750,949.0,0.0,0.0,0.0,1,449.0,1930.0,1,949.0,0.0,0.0,0.0,0.0,0.0,7
2023-05-10 21:03:43,ru2401P13750,ru2401P13750,949.0,0.0,0.0,0.0,1,450.0,1930.0,1,949.0,0.0,0.0,0.0,0.0,0.0,7
2023-05-10 21:03:43,ru2401P13750,ru2401P13750,949.0,0.0,0.0,0.0,1,450.0,1930.0,1,949.0,0.0,0.0,0.0,0.0,0.0,7
2023-05-10 21:03:46,ru2401P13750,ru2401P13750,949.0,0.0,0.0,0.0,1,453.0,1927.0,1,949.0,0.0,0.0,0.0,0.0,0.0,7
2023-05-10 21:03:46,ru2401P13750,ru2401P13750,949.0,0.0,0.0,0.0,1,453.0,1927.0,1,949.0,0.0,0.0,0.0,0.0,0.0,7
2023-05-10 21:03:47,ru2401P13750,ru2401P13750,949.0,0.0,0.0,0.0,1,454.0,1926.0,1,949.0,0.0,0.0,0.0,0.0,0.0,7
2023-05-10 21:03:47,ru2401P13750,ru2401P13750,949.0,0.0,0.0,0.0,1,454.0,1926.0,1,949.0,0.0,0.0,0.0,0.0,0.0,7
2023-05-10 21:03:48,ru2401P13750,ru2401P13750,949.0,0.0,0.0,0.0,1,457.0,1923.0,1,949.0,0.0,0.0,0.0,0.0,0.0,7
2023-05-10 21:03:48,ru2401P13750,ru2401P13750,949.0,0.0,0.0,0.0,1,457.0,1923.0,1,949.0,0.0,0.0,0.0,0.0,0.0,7
2023-05-10 21:03:49,ru2401P13750,ru2401P13750,949.0,0.0,0.0,0.0,1,458.0,1922.0,1,949.0,0.0,0.0,0.0,0.0,0.0,7
2023-05-10 21:03:49,ru2401P13750,ru2401P13750,949.0,0.0,0.0,0.0,1,458.0,1922.0,1,949.0,0.0,0.0,0.0,0.0,0.0,7
2023-05-10 21:03:52,ru2401P13750,ru2401P13750,949.0,0.0,0.0,0.0,1,461.0,1919.0,1,949.0,0.0,0.0,0.0,0.0,0.0,7
2023-05-10 21:03:52,ru2401P13750,ru2401P13750,949.0,0.0,0.0,0.0,1,461.0,1919.0,1,949.0,0.0,0.0,0.0,0.0,0.0,7
2023-05-10 21:03:53,ru2401P13750,ru2401P13750,949.0,0.0,0.0,0.0,1,462.0,1918.0,1,949.0,0.0,0.0,0.0,0.0,0.0,7
2023-05-10 21:03:53,ru2401P13750,ru2401P13750,949.0,0.0,0.0,0.0,1,462.0,1918.0,1,949.0,0.0,0.0,0.0,0.0,0.0,7
2023-05-10 21:03:54,ru2401P13750,ru2401P13750,949.0,0.0,0.0,0.0,1,465.0,1915.0,1,949.0,0.0,0.0,0.0,0.0,0.0,7
2023-05-10 21:03:54,ru2401P13750,ru2401P13750,949.0,0.0,0.0,0.0,1,465.0,1915.0,1,949.0,0.0,0.0,0.0,0.0,0.0,7
2023-05-10 21:03:55,ru2401P13750,ru2401P13750,949.0,0.0,0.0,0.0,1,466.0,1914.0,1,949.0,0.0,0.0,0.0,0.0,0.0,7
2023-05-10 21:03:55,ru2401P13750,ru2401P13750,949.0,0.0,0.0,0.0,1,466.0,1914.0,1,949.0,0.0,0.0,0.0,0.0,0.0,7
2023-05-10 21:03:56,ru2401P13750,ru2401P13750,949.0,0.0,0.0,0.0,1,469.0,1911.0,1,949.0,0.0,0.0,0.0,0.0,0.0,7
2023-05-10 21:03:56,ru2401P13750,ru2401P13750,949.0,0.0,0.0,0.0,1,469.0,1911.0,1,949.0,0.0,0.0,0.0,0.0,0.0,7
2023-05-10 21:03:57,ru2401P13750,ru2401P13750,949.0,0.0,0.0,0.0,1,470.0,1910.0,1,949.0,0.0,0.0,0.0,0.0,0.0,7
2023-05-10 21:03:57,ru2401P13750,ru2401P13750,949.0,0.0,0.0,0.0,1,470.0,1910.0,1,949.0,0.0,0.0,0.0,0.0,0.0,7
2023-05-10 21:03:59,ru2401P13750,ru2401P13750,949.0,0.0,0.0,0.0,1,473.0,1907.0,1,949.0,0.0,0.0,0.0,0.0,0.0,7
2023-05-10 21:03:59,ru2401P13750,ru2401P13750,949.0,0.0,0.0,0.0,1,473.0,1907.0,1,949.0,0.0,0.0,0.0,0.0,0.0,7
2023-05-10 21:04:00,ru2401P13750,ru2401P13750,949.0,0.0,0.0,0.0,1,474.0,1906.0,1,949.0,0.0,0.0,0.0,0.0,0.0,7
2023-05-10 21:04:00,ru2401P13750,ru2401P13750,949.0,0.0,0.0,0.0,1,474.0,1906.0,1,949.0,0.0,0.0,0.0,0.0,0.0,7
2023-05-10 21:04:02,ru2401P13750,ru2401P13750,949.0,0.0,0.0,0.0,1,477.0,1903.0,1,949.0,0.0,0.0,0.0,0.0,0.0,7
2023-05-10 21:04:02,ru2401P13750,ru2401P13750,949.0,0.0,0.0,0.0,1,477.0,1903.0,1,949.0,0.0,0.0,0.0,0.0,0.0,7
2023-05-10 21:04:46,ru2401P13750,ru2401P13750,949.0,0.0,0.0,0.0,1,477.0,1903.0,1,949.0,0.0,0.0,0.0,0.0,0.0,7
2023-05-10 21:04:47,ru2401P13750,ru2401P13750,949.0,0.0,0.0,0.0,1,478.0,1902.0,1,949.0,0.0,0.0,0.0,0.0,0.0,7
2023-05-10 21:04:47,ru2401P13750,ru2401P13750,949.0,0.0,0.0,0.0,1,478.0,1902.0,1,949.0,0.0,0.0,0.0,0.0,0.0,7
2023-05-10 21:04:48,ru2401P13750,ru2401P13750,949.0,0.0,0.0,0.0,1,481.0,1899.0,1,949.0,0.0,0.0,0.0,0.0,0.0,7
2023-05-10 21:04:48,ru2401P13750,ru2401P13750,949.0,0.0,0.0,0.0,1,481.0,1899.0,1,949.0,0.0,0.0,0.0,0.0,0.0,7
2023-05-10 21:04:49,ru2401P13750,ru2401P13750,949.0,0.0,0.0,0.0,1,482.0,1898.0,1,949.0,0.0,0.0,0.0,0.0,0.0,7
2023-05-10 21:04:49,ru2401P13750,ru2401P13750,949.0,0.0,0.0,0.0,1,482.0,1898.0,1,949.0,0.0,0.0,0.0,0.0,0.0,7
2023-05-10 21:04:50,ru2401P13750,ru2401P13750,949.0,0.0,0.0,0.0,1,485.0,1898.0,1,949.0,0.0,0.0,0.0,0.0,0.0,7
2023-05-10 21:04:50,ru2401P13750,ru2401P13750,949.0,0.0,0.0,0.0,1,485.0,1895.0,1,949.0,0.0,0.0,0.0,0.0,0.0,7
2023-05-10 21:04:51,ru2401P13750,ru2401P13750,949.0,0.0,0.0,0.0,1,486.0,1895.0,1,949.0,0.0,0.0,0.0,0.0,0.0,7
2023-05-10 21:04:51,ru2401P13750,ru2401P13750,949.0,0.0,0.0,0.0,1,486.0,1894.0,1,949.0,0.0,0.0,0.0,0.0,0.0,7
2023-05-10 21:04:52,ru2401P13750,ru2401P13750,949.0,0.0,0.0,0.0,1,486.0,1894.0,1,949.0,0.0,0.0,0.0,0.0,0.0,7
2023-05-10 21:04:52,ru2401P13750,ru2401P13750,949.0,0.0,0.0,0.0,1,489.0,1891.0,1,949.0,0.0,0.0,0.0,0.0,0.0,7
2023-05-10 21:04:53,ru2401P13750,ru2401P13750,949.0,0.0,0.0,0.0,1,489.0,1891.0,1,949.0,0.0,0.0,0.0,0.0,0.0,7
2023-05-10 21:04:53,ru2401P13750,ru2401P13750,949.0,0.0,0.0,0.0,1,490.0,1890.0,1,949.0,0.0,0.0,0.0,0.0,0.0,7
2023-05-10 21:04:54,ru2401P13750,ru2401P13750,949.0,0.0,0.0,0.0,1,490.0,1890.0,1,949.0,0.0,0.0,0.0,0.0,0.0,7
2023-05-10 21:04:54,ru2401P13750,ru2401P13750,949.0,0.0,0.0,0.0,1,493.0,1887.0,1,949.0,0.0,0.0,0.0,0.0,0.0,7
2023-05-10 21:04:55,ru2401P13750,ru2401P13750,949.0,0.0,0.0,0.0,1,493.0,1887.0,1,949.0,0.0,0.0,0.0,0.0,0.0,7
2023-05-10 21:04:55,ru2401P13750,ru2401P13750,949.0,0.0,0.0,0.0,1,494.0,1886.0,1,949.0,0.0,0.0,0.0,0.0,0.0,7
2023-05-10 21:04:56,ru2401P13750,ru2401P13750,949.0,0.0,0.0,0.0,1,497.0,1883.0,1,949.0,0.0,0.0,0.0,0.0,0.0,7
2023-05-10 21:04:56,ru2401P13750,ru2401P13750,949.0,0.0,0.0,0.0,1,497.0,1883.0,1,949.0,0.0,0.0,0.0,0.0,0.0,7
2023-05-10 21:04:57,ru2401P13750,ru2401P13750,949.0,0.0,0.0,0.0,1,498.0,1882.0,1,949.0,0.0,0.0,0.0,0.0,0.0,7
2023-05-10 21:04:57,ru2401P13750,ru2401P13750,949.0,0.0,0.0,0.0,1,498.0,1882.0,1,949.0,0.0,0.0,0.0,0.0,0.0,7
2023-05-10 21:05:01,ru2401P13750,ru2401P13750,949.0,0.0,0.0,0.0,1,501.0,1879.0,1,949.0,0.0,0.0,0.0,0.0,0.0,7
2023-05-10 21:05:01,ru2401P13750,ru2401P13750,949.0,0.0,0.0,0.0,1,501.0,1879.0,1,949.0,0.0,0.0,0.0,0.0,0.0,7
2023-05-10 21:05:02,ru2401P13750,ru2401P13750,949.0,0.0,0.0,0.0,1,502.0,1878.0,1,949.0,0.0,0.0,0.0,0.0,0.0,7
2023-05-10 21:05:02,ru2401P13750,ru2401P13750,949.0,0.0,0.0,0.0,1,502.0,1878.0,1,949.0,0.0,0.0,0.0,0.0,0.0,7
2023-05-10 21:05:03,ru2401P13750,ru2401P13750,949.0,0.0,0.0,0.0,1,505.0,1875.0,1,949.0,0.0,0.0,0.0,0.0,0.0,7
2023-05-10 21:05:03,ru2401P13750,ru2401P13750,949.0,0.0,0.0,0.0,1,505.0,1875.0,1,949.0,0.0,0.0,0.0,0.0,0.0,7
2023-05-10 21:05:04,ru2401P13750,ru2401P13750,949.0,0.0,0.0,0.0,1,506.0,1874.0,1,949.0,0.0,0.0,0.0,0.0,0.0,7
2023-05-10 21:05:04,ru2401P13750,ru2401P13750,949.0,0.0,0.0,0.0,1,506.0,1874.0,1,949.0,0.0,0.0,0.0,0.0,0.0,7
2023-05-10 21:05:05,ru2401P13750,ru2401P13750,949.0,0.0,0.0,0.0,1,509.0,1871.0,1,949.0,0.0,0.0,0.0,0.0,0.0,7
2023-05-10 21:05:05,ru2401P13750,ru2401P13750,949.0,0.0,0.0,0.0,1,509.0,1871.0,1,949.0,0.0,0.0,0.0,0.0,0.0,7
2023-05-10 21:05:06,ru2401P13750,ru2401P13750,949.0,0.0,0.0,0.0,1,510.0,1870.0,1,949.0,0.0,0.0,0.0,0.0,0.0,7
2023-05-10 21:05:06,ru2401P13750,ru2401P13750,949.0,0.0,0.0,0.0,1,510.0,1870.0,1,949.0,0.0,0.0,0.0,0.0,0.0,7
2023-05-10 21:05:08,ru2401P13750,ru2401P13750,949.0,0.0,0.0,0.0,1,513.0,1867.0,1,949.0,0.0,0.0,0.0,0.0,0.0,7
2023-05-10 21:05:08,ru2401P13750,ru2401P13750,949.0,0.0,0.0,0.0,1,513.0,1867.0,1,949.0,0.0,0.0,0.0,0.0,0.0,7
2023-05-10 21:05:09,ru2401P13750,ru2401P13750,949.0,0.0,0.0,0.0,1,514.0,1866.0,1,949.0,0.0,0.0,0.0,0.0,0.0,7
2023-05-10 21:05:09,ru2401P13750,ru2401P13750,949.0,0.0,0.0,0.0,1,514.0,1866.0,1,949.0,0.0,0.0,0.0,0.0,0.0,7
2023-05-10 21:05:11,ru2401P13750,ru2401P13750,949.0,0.0,0.0,0.0,1,517.0,1863.0,1,949.0,0.0,0.0,0.0,0.0,0.0,7
2023-05-10 21:05:11,ru2401P13750,ru2401P13750,949.0,0.0,0.0,0.0,1,517.0,1863.0,1,949.0,0.0,0.0,0.0,0.0,0.0,7
2023-05-10 21:05:12,ru2401P13750,ru2401P13750,949.0,0.0,0.0,0.0,1,518.0,1862.0,1,949.0,0.0,0.0,0.0,0.0,0.0,7
2023-05-10 21:05:12,ru2401P13750,ru2401P13750,949.0,0.0,0.0,0.0,1,518.0,1862.0,1,949.0,0.0,0.0,0.0,0.0,0.0,7
2023-05-10 21:05:13,ru2401P13750,ru2401P13750,949.0,0.0,0.0,0.0,1,521.0,1859.0,1,949.0,0.0,0.0,0.0,0.0,0.0,7
2023-05-10 21:05:13,ru2401P13750,ru2401P13750,949.0,0.0,0.0,0.0,1,521.0,1859.0,1,949.0,0.0,0.0,0.0,0.0,0.0,7
2023-05-10 21:05:14,ru2401P13750,ru2401P13750,949.0,0.0,0.0,0.0,1,522.0,1858.0,1,949.0,0.0,0.0,0.0,0.0,0.0,7
2023-05-10 21:05:14,ru2401P13750,ru2401P13750,949.0,0.0,0.0,0.0,1,525.0,1855.0,1,949.0,0.0,0.0,0.0,0.0,0.0,7
2023-05-10 21:05:15,ru2401P13750,ru2401P13750,949.0,0.0,0.0,0.0,1,525.0,1855.0,1,949.0,0.0,0.0,0.0,0.0,0.0,7
2023-05-10 21:05:15,ru2401P13750,ru2401P13750,949.0,0.0,0.0,0.0,1,526.0,1854.0,1,949.0,0.0,0.0,0.0,0.0,0.0,7
2023-05-10 21:05:16,ru2401P13750,ru2401P13750,949.0,0.0,0.0,0.0,1,526.0,1854.0,1,949.0,0.0,0.0,0.0,0.0,0.0,7
2023-05-10 21:05:17,ru2401P13750,ru2401P13750,949.0,0.0,0.0,0.0,1,529.0,1851.0,1,949.0,0.0,0.0,0.0,0.0,0.0,7
2023-05-10 21:05:17,ru2401P13750,ru2401P13750,949.0,0.0,0.0,0.0,1,529.0,1851.0,1,949.0,0.0,0.0,0.0,0.0,0.0,7
2023-05-10 21:05:18,ru2401P13750,ru2401P13750,949.0,0.0,0.0,0.0,1,530.0,1850.0,1,949.0,0.0,0.0,0.0,0.0,0.0,7
2023-05-10 21:05:18,ru2401P13750,ru2401P13750,949.0,0.0,0.0,0.0,1,530.0,1850.0,1,949.0,0.0,0.0,0.0,0.0,0.0,7
2023-05-10 21:05:20,ru2401P13750,ru2401P13750,949.0,0.0,0.0,0.0,1,533.0,1847.0,1,949.0,0.0,0.0,0.0,0.0,0.0,7
2023-05-10 21:05:20,ru2401P13750,ru2401P13750,949.0,0.0,0.0,0.0,1,533.0,1847.0,1,949.0,0.0,0.0,0.0,0.0,0.0,7
2023-05-10 21:05:21,ru2401P13750,ru2401P13750,949.0,0.0,0.0,0.0,1,534.0,1846.0,1,949.0,0.0,0.0,0.0,0.0,0.0,7
2023-05-10 21:05:21,ru2401P13750,ru2401P13750,949.0,0.0,0.0,0.0,1,534.0,1846.0,1,949.0,0.0,0.0,0.0,0.0,0.0,7
2023-05-10 21:05:22,ru2401P13750,ru2401P13750,949.0,0.0,0.0,0.0,1,537.0,1846.0,1,949.0,0.0,0.0,0.0,0.0,0.0,7
2023-05-10 21:05:22,ru2401P13750,ru2401P13750,949.0,0.0,0.0,0.0,1,537.0,1846.0,1,949.0,0.0,0.0,0.0,0.0,0.0,7
2023-05-10 21:05:23,ru2401P13750,ru2401P13750,949.0,0.0,0.0,0.0,1,538.0,1843.0,1,949.0,0.0,0.0,0.0,0.0,0.0,7
2023-05-10 21:05:23,ru2401P13750,ru2401P13750,949.0,0.0,0.0,0.0,1,538.0,1843.0,1,949.0,0.0,0.0,0.0,0.0,0.0,7
2023-05-10 21:05:24,ru2401P13750,ru2401P13750,949.0,0.0,0.0,0.0,1,541.0,1842.0,1,949.0,0.0,0.0,0.0,0.0,0.0,7
2023-05-10 21:05:24,ru2401P13750,ru2401P13750,949.0,0.0,0.0,0.0,1,541.0,1842.0,1,949.0,0.0,0.0,0.0,0.0,0.0,7
2023-05-10 21:05:25,ru2401P13750,ru2401P13750,949.0,0.0,0.0,0.0,1,542.0,1842.0,1,949.0,0.0,0.0,0.0,0.0,0.0,7
2023-05-10 21:05:25,ru2401P13750,ru2401P13750,949.0,0.0,0.0,0.0,1,542.0,1842.0,1,949.0,0.0,0.0,0.0,0.0,0.0,7
2023-05-10 21:05:27,ru2401P13750,ru2401P13750,949.0,0.0,0.0,0.0,1,545.0,1839.0,1,949.0,0.0,0.0,0.0,0.0,0.0,7
2023-05-10 21:05:27,ru2401P13750,ru2401P13750,949.0,0.0,0.0,0.0,1,545.0,1839.0,1,949.0,0.0,0.0,0.0,0.0,0.0,7
2023-05-10 21:05:28,ru2401P13750,ru2401P13750,949.0,0.0,0.0,0.0,1,546.0,1838.0,1,949.0,0.0,0.0,0.0,0.0,0.0,7
2023-05-10 21:05:28,ru2401P13750,ru2401P13750,949.0,0.0,0.0,0.0,1,546.0,1838.0,1,949.0,0.0,0.0,0.0,0.0,0.0,7
2023-05-10 21:05:33,ru2401P13750,ru2401P13750,949.0,0.0,0.0,0.0,1,549.0,1835.0,1,949.0,0.0,0.0,0.0,0.0,0.0,7
2023-05-10 21:05:33,ru2401P13750,ru2401P13750,949.0,0.0,0.0,0.0,1,549.0,1835.0,1,949.0,0.0,0.0,0.0,0.0,0.0,7
2023-05-10 21:05:34,ru2401P13750,ru2401P13750,949.0,0.0,0.0,0.0,1,550.0,1834.0,1,949.0,0.0,0.0,0.0,0.0,0.0,7
2023-05-10 21:05:34,ru2401P13750,ru2401P13750,949.0,0.0,0.0,0.0,1,550.0,1834.0,1,949.0,0.0,0.0,0.0,0.0,0.0,7
2023-05-10 21:05:35,ru2401P13750,ru2401P13750,949.0,0.0,0.0,0.0,1,553.0,1831.0,1,949.0,0.0,0.0,0.0,0.0,0.0,7
2023-05-10 21:05:35,ru2401P13750,ru2401P13750,949.0,0.0,0.0,0.0,1,553.0,1831.0,1,949.0,0.0,0.0,0.0,0.0,0.0,7
2023-05-10 21:05:36,ru2401P13750,ru2401P13750,949.0,0.0,0.0,0.0,1,554.0,1830.0,1,949.0,0.0,0.0,0.0,0.0,0.0,7
2023-05-10 21:05:36,ru2401P13750,ru2401P13750,949.0,0.0,0.0,0.0,1,554.0,1830.0,1,949.0,0.0,0.0,0.0,0.0,0.0,7
2023-05-10 21:05:37,ru2401P13750,ru2401P13750,949.0,0.0,0.0,0.0,1,301.0,0.0,0,949.0,0.0,0.0,0.0,0.0,0.0,7
2023-05-10 21:05:38,ru2401P13750,ru2401P13750,949.0,0.0,0.0,0.0,1,557.0,1827.0,1,949.0,0.0,0.0,0.0,0.0,0.0,7
2023-05-10 21:05:38,ru2401P13750,ru2401P13750,949.0,0.0,0.0,0.0,1,557.0,1827.0,1,949.0,0.0,0.0,0.0,0.0,0.0,7
2023-05-10 21:05:39,ru2401P13750,ru2401P13750,949.0,0.0,0.0,0.0,2,876.0,954.0,2,949.0,0.0,0.0,0.0,0.0,0.0,7
2023-05-10 21:05:39,ru2401P13750,ru2401P13750,949.0,0.0,0.0,0.0,4,876.0,954.0,4,949.0,0.0,0.0,0.0,0.0,0.0,7
2023-05-10 21:06:04,ru2401P13750,ru2401P13750,949.0,0.0,0.0,0.0,2,894.0,938.0,2,949.0,0.0,0.0,0.0,0.0,0.0,7
2023-05-10 21:06:05,ru2401P13750,ru2401P13750,949.0,0.0,0.0,0.0,2,894.0,938.0,4,949.0,0.0,0.0,0.0,0.0,0.0,7
2023-05-10 21:06:07,ru2401P13750,ru2401P13750,949.0,0.0,0.0,0.0,2,894.0,938.0,4,949.0,0.0,0.0,0.0,0.0,0.0,7
2023-05-10 21:06:08,ru2401P13750,ru2401P13750,949.0,0.0,0.0,0.0,2,894.0,938.0,4,949.0,0.0,0.0,0.0,0.0,0.0,7
2023-05-10 21:06:12,ru2401P13750,ru2401P13750,949.0,0.0,0.0,0.0,2,894.0,938.0,2,949.0,0.0,0.0,0.0,0.0,0.0,7
2023-05-10 21:06:13,ru2401P13750,ru2401P13750,949.0,0.0,0.0,0.0,2,894.0,938.0,4,949.0,0.0,0.0,0.0,0.0,0.0,7
2023-05-10 21:06:14,ru2401P13750,ru2401P13750,949.0,0.0,0.0,0.0,2,894.0,938.0,4,949.0,0.0,0.0,0.0,0.0,0.0,7
2023-05-10 21:06:18,ru2401P13750,ru2401P13750,949.0,0.0,0.0,0.0,2,894.0,938.0,4,949.0,0.0,0.0,0.0,0.0,0.0,7
2023-05-10 21:06:19,ru2401P13750,ru2401P13750,949.0,0.0,0.0,0.0,2,894.0,938.0,4,949.0,0.0,0.0,0.0,0.0,0.0,7
2023-05-10 21:06:20,ru2401P13750,ru2401P13750,949.0,0.0,0.0,0.0,2,894.0,938.0,4,949.0,0.0,0.0,0.0,0.0,0.0,7
2023-05-10 21:06:22,ru2401P13750,ru2401P13750,949.0,0.0,0.0,0.0,2,894.0,938.0,4,949.0,0.0,0.0,0.0,0.0,0.0,7
2023-05-10 21:06:23,ru2401P13750,ru2401P13750,949.0,0.0,0.0,0.0,2,886.0,930.0,2,949.0,0.0,0.0,0.0,0.0,0.0,7
2023-05-10 21:06:24,ru2401P13750,ru2401P13750,949.0,0.0,0.0,0.0,2,886.0,930.0,4,949.0,0.0,0.0,0.0,0.0,0.0,7
2023-05-10 21:06:24,ru2401P13750,ru2401P13750,949.0,0.0,0.0,0.0,2,886.0,930.0,4,949.0,0.0,0.0,0.0,0.0,0.0,7
2023-05-10 21:06:29,ru2401P13750,ru2401P13750,949.0,0.0,0.0,0.0,2,886.0,930.0,4,949.0,0.0,0.0,0.0,0.0,0.0,7
2023-05-10 21:06:29,ru2401P13750,ru2401P13750,949.0,0.0,0.0,0.0,2,886.0,930.0,4,949.0,0.0,0.0,0.0,0.0,0.0,7
2023-05-10 21:06:36,ru2401P13750,ru2401P13750,949.0,0.0,0.0,0.0,2,886.0,930.0,4,949.0,0.0,0.0,0.0,0.0,0.0,7
2023-05-10 21:06:37,ru2401P13750,ru2401P13750,949.0,0.0,0.0,0.0,2,886.0,930.0,4,949.0,0.0,0.0,0.0,0.0,0.0,7
2023-05-10 21:06:41,ru2401P13750,ru2401P13750,949.0,0.0,0.0,0.0,2,886.0,930.0,4,949.0,0.0,0.0,0.0,0.0,0.0,7
2023-05-10 21:06:44,ru2401P13750,ru2401P13750,949.0,0.0,0.0,0.0,2,886.0,930.0,4,949.0,0.0,0.0,0.0,0.0,0.0,7
2023-05-10 21:06:45,ru2401P13750,ru2401P13750,949.0,0.0,0.0,0.0,2,886.0,930.0,4,949.0,0.0,0.0,0.0,0.0,0.0,7
2023-05-10 21:06:46,ru2401P13750,ru2401P13750,949.0,0.0,0.0,0.0,2,886.0,930.0,4,949.0,0.0,0.0,0.0,0.0,0.0,7
2023-05-10 21:06:47,ru2401P13750,ru2401P13750,949.0,0.0,0.0,0.0,2,886.0,930.0,4,949.0,0.0,0.0,0.0,0.0,0.0,7
2023-05-10 21:06:48,ru2401P13750,ru2401P13750,949.0,0.0,0.0,0.0,2,886.0,930.0,4,949.0,0.0,0.0,0.0,0.0,0.0,7
2023-05-10 21:06:49,ru2401P13750,ru2401P13750,949.0,0.0,0.0,0.0,2,886.0,930.0,4,949.0,0.0,0.0,0.0,0.0,0.0,7
2023-05-10 21:06:52,ru2401P13750,ru2401P13750,949.0,0.0,0.0,0.0,2,886.0,930.0,4,949.0,0.0,0.0,0.0,0.0,0.0,7
2023-05-10 21:06:55,ru2401P13750,ru2401P13750,949.0,0.0,0.0,0.0,2,886.0,930.0,4,949.0,0.0,0.0,0.0,0.0,0.0,7
2023-05-10 21:06:56,ru2401P13750,ru2401P13750,949.0,0.0,0.0,0.0,2,886.0,930.0,4,949.0,0.0,0.0,0.0,0.0,0.0,7
2023-05-10 21:06:59,ru2401P13750,ru2401P13750,949.0,0.0,0.0,0.0,2,886.0,930.0,4,949.0,0.0,0.0,0.0,0.0,0.0,7
2023-05-10 21:07:01,ru2401P13750,ru2401P13750,949.0,0.0,0.0,0.0,2,886.0,930.0,4,949.0,0.0,0.0,0.0,0.0,0.0,7
2023-05-10 21:07:01,ru2401P13750,ru2401P13750,949.0,0.0,0.0,0.0,2,886.0,930.0,4,949.0,0.0,0.0,0.0,0.0,0.0,7
2023-05-10 21:07:02,ru2401P13750,ru2401P13750,949.0,0.0,0.0,0.0,2,886.0,930.0,4,949.0,0.0,0.0,0.0,0.0,0.0,7
2023-05-10 21:07:03,ru2401P13750,ru2401P13750,949.0,0.0,0.0,0.0,2,886.0,930.0,4,949.0,0.0,0.0,0.0,0.0,0.0,7
2023-05-10 21:07:05,ru2401P13750,ru2401P13750,949.0,0.0,0.0,0.0,2,886.0,930.0,4,949.0,0.0,0.0,0.0,0.0,0.0,7
2023-05-10 21:07:06,ru2401P13750,ru2401P13750,949.0,0.0,0.0,0.0,2,886.0,930.0,4,949.0,0.0,0.0,0.0,0.0,0.0,7
2023-05-10 21:07:07,ru2401P13750,ru2401P13750,949.0,0.0,0.0,0.0,2,886.0,930.0,4,949.0,0.0,0.0,0.0,0.0,0.0,7
2023-05-10 21:07:07,ru2401P13750,ru2401P13750,949.0,0.0,0.0,0.0,2,886.0,930.0,4,949.0,0.0,0.0,0.0,0.0,0.0,7
2023-05-10 21:07:08,ru2401P13750,ru2401P13750,949.0,0.0,0.0,0.0,2,886.0,930.0,4,949.0,0.0,0.0,0.0,0.0,0.0,7
2023-05-10 21:07:09,ru2401P13750,ru2401P13750,949.0,0.0,0.0,0.0,2,886.0,930.0,4,949.0,0.0,0.0,0.0,0.0,0.0,7
2023-05-10 21:07:10,ru2401P13750,ru2401P13750,949.0,0.0,0.0,0.0,2,886.0,930.0,4,949.0,0.0,0.0,0.0,0.0,0.0,7
2023-05-10 21:07:11,ru2401P13750,ru2401P13750,949.0,0.0,0.0,0.0,2,886.0,930.0,4,949.0,0.0,0.0,0.0,0.0,0.0,7
2023-05-10 21:07:11,ru2401P13750,ru2401P13750,949.0,0.0,0.0,0.0,2,886.0,930.0,4,949.0,0.0,0.0,0.0,0.0,0.0,7
2023-05-10 21:07:12,ru2401P13750,ru2401P13750,949.0,0.0,0.0,0.0,2,886.0,930.0,4,949.0,0.0,0.0,0.0,0.0,0.0,7
2023-05-10 21:07:13,ru2401P13750,ru2401P13750,949.0,0.0,0.0,0.0,2,886.0,930.0,4,949.0,0.0,0.0,0.0,0.0,0.0,7
2023-05-10 21:07:14,ru2401P13750,ru2401P13750,949.0,0.0,0.0,0.0,2,886.0,930.0,4,949.0,0.0,0.0,0.0,0.0,0.0,7
2023-05-10 21:07:14,ru2401P13750,ru2401P13750,949.0,0.0,0.0,0.0,2,886.0,930.0,4,949.0,0.0,0.0,0.0,0.0,0.0,7
2023-05-10 21:07:16,ru2401P13750,ru2401P13750,949.0,0.0,0.0,0.0,2,886.0,930.0,4,949.0,0.0,0.0,0.0,0.0,0.0,7
2023-05-10 21:07:18,ru2401P13750,ru2401P13750,949.0,0.0,0.0,0.0,2,886.0,930.0,4,949.0,0.0,0.0,0.0,0.0,0.0,7
2023-05-10 21:07:19,ru2401P13750,ru2401P13750,949.0,0.0,0.0,0.0,2,886.0,930.0,4,949.0,0.0,0.0,0.0,0.0,0.0,7
2023-05-10 21:07:21,ru2401P13750,ru2401P13750,949.0,0.0,0.0,0.0,2,886.0,930.0,4,949.0,0.0,0.0,0.0,0.0,0.0,7
2023-05-10 21:07:21,ru2401P13750,ru2401P13750,949.0,0.0,0.0,0.0,2,886.0,930.0,4,949.0,0.0,0.0,0.0,0.0,0.0,7
2023-05-10 21:07:22,ru2401P13750,ru2401P13750,949.0,0.0,0.0,0.0,2,886.0,930.0,4,949.0,0.0,0.0,0.0,0.0,0.0,7
2023-05-10 21:07:23,ru2401P13750,ru2401P13750,949.0,0.0,0.0,0.0,2,886.0,930.0,4,949.0,0.0,0.0,0.0,0.0,0.0,7
2023-05-10 21:07:23,ru2401P13750,ru2401P13750,949.0,0.0,0.0,0.0,2,886.0,930.0,4,949.0,0.0,0.0,0.0,0.0,0.0,7
2023-05-10 21:07:25,ru2401P13750,ru2401P13750,949.0,0.0,0.0,0.0,2,886.0,930.0,4,949.0,0.0,0.0,0.0,0.0,0.0,7
2023-05-10 21:07:30,ru2401P13750,ru2401P13750,949.0,0.0,0.0,0.0,2,886.0,930.0,4,949.0,0.0,0.0,0.0,0.0,0.0,7
2023-05-10 21:07:31,ru2401P13750,ru2401P13750,949.0,0.0,0.0,0.0,2,886.0,930.0,4,949.0,0.0,0.0,0.0,0.0,0.0,7
2023-05-10 21:07:35,ru2401P13750,ru2401P13750,949.0,0.0,0.0,0.0,2,886.0,930.0,4,949.0,0.0,0.0,0.0,0.0,0.0,7
2023-05-10 21:07:35,ru2401P13750,ru2401P13750,949.0,0.0,0.0,0.0,2,886.0,930.0,4,949.0,0.0,0.0,0.0,0.0,0.0,7
2023-05-10 21:07:41,ru2401P13750,ru2401P13750,949.0,0.0,0.0,0.0,2,886.0,930.0,4,949.0,0.0,0.0,0.0,0.0,0.0,7
2023-05-10 21:07:44,ru2401P13750,ru2401P13750,949.0,0.0,0.0,0.0,2,886.0,930.0,4,949.0,0.0,0.0,0.0,0.0,0.0,7
2023-05-10 21:07:44,ru2401P13750,ru2401P13750,949.0,0.0,0.0,0.0,2,878.0,922.0,2,949.0,0.0,0.0,0.0,0.0,0.0,7
2023-05-10 21:07:46,ru2401P13750,ru2401P13750,949.0,0.0,0.0,0.0,2,878.0,922.0,4,949.0,0.0,0.0,0.0,0.0,0.0,7
2023-05-10 21:07:47,ru2401P13750,ru2401P13750,949.0,0.0,0.0,0.0,2,878.0,922.0,4,949.0,0.0,0.0,0.0,0.0,0.0,7
2023-05-10 21:07:47,ru2401P13750,ru2401P13750,949.0,0.0,0.0,0.0,2,878.0,922.0,4,949.0,0.0,0.0,0.0,0.0,0.0,7
2023-05-10 21:07:48,ru2401P13750,ru2401P13750,949.0,0.0,0.0,0.0,2,878.0,922.0,4,949.0,0.0,0.0,0.0,0.0,0.0,7
2023-05-10 21:07:49,ru2401P13750,ru2401P13750,949.0,0.0,0.0,0.0,2,878.0,922.0,4,949.0,0.0,0.0,0.0,0.0,0.0,7
2023-05-10 21:07:50,ru2401P13750,ru2401P13750,949.0,0.0,0.0,0.0,2,878.0,922.0,4,949.0,0.0,0.0,0.0,0.0,0.0,7
2023-05-10 21:07:51,ru2401P13750,ru2401P13750,949.0,0.0,0.0,0.0,2,878.0,922.0,4,949.0,0.0,0.0,0.0,0.0,0.0,7
2023-05-10 21:07:52,ru2401P13750,ru2401P13750,949.0,0.0,0.0,0.0,2,878.0,922.0,4,949.0,0.0,0.0,0.0,0.0,0.0,7
2023-05-10 21:07:52,ru2401P13750,ru2401P13750,949.0,0.0,0.0,0.0,2,878.0,922.0,4,949.0,0.0,0.0,0.0,0.0,0.0,7
2023-05-10 21:07:53,ru2401P13750,ru2401P13750,949.0,0.0,0.0,0.0,2,878.0,922.0,4,949.0,0.0,0.0,0.0,0.0,0.0,7
2023-05-10 21:07:54,ru2401P13750,ru2401P13750,949.0,0.0,0.0,0.0,2,878.0,922.0,4,949.0,0.0,0.0,0.0,0.0,0.0,7
2023-05-10 21:07:54,ru2401P13750,ru2401P13750,949.0,0.0,0.0,0.0,2,878.0,922.0,4,949.0,0.0,0.0,0.0,0.0,0.0,7
2023-05-10 21:07:59,ru2401P13750,ru2401P13750,949.0,0.0,0.0,0.0,2,878.0,922.0,4,949.0,0.0,0.0,0.0,0.0,0.0,7
2023-05-10 21:07:59,ru2401P13750,ru2401P13750,949.0,0.0,0.0,0.0,2,878.0,922.0,4,949.0,0.0,0.0,0.0,0.0,0.0,7
2023-05-10 21:08:01,ru2401P13750,ru2401P13750,949.0,0.0,0.0,0.0,2,878.0,922.0,4,949.0,0.0,0.0,0.0,0.0,0.0,7
2023-05-10 21:08:02,ru2401P13750,ru2401P13750,949.0,0.0,0.0,0.0,2,878.0,922.0,4,949.0,0.0,0.0,0.0,0.0,0.0,7
2023-05-10 21:08:02,ru2401P13750,ru2401P13750,949.0,0.0,0.0,0.0,2,878.0,922.0,4,949.0,0.0,0.0,0.0,0.0,0.0,7
2023-05-10 21:08:03,ru2401P13750,ru2401P13750,949.0,0.0,0.0,0.0,2,878.0,922.0,4,949.0,0.0,0.0,0.0,0.0,0.0,7
2023-05-10 21:08:08,ru2401P13750,ru2401P13750,949.0,0.0,0.0,0.0,2,878.0,922.0,4,949.0,0.0,0.0,0.0,0.0,0.0,7
2023-05-10 21:08:10,ru2401P13750,ru2401P13750,949.0,0.0,0.0,0.0,2,878.0,922.0,4,949.0,0.0,0.0,0.0,0.0,0.0,7
2023-05-10 21:08:10,ru2401P13750,ru2401P13750,949.0,0.0,0.0,0.0,2,878.0,922.0,4,949.0,0.0,0.0,0.0,0.0,0.0,7
2023-05-10 21:08:11,ru2401P13750,ru2401P13750,949.0,0.0,0.0,0.0,2,878.0,922.0,4,949.0,0.0,0.0,0.0,0.0,0.0,7
2023-05-10 21:08:15,ru2401P13750,ru2401P13750,949.0,0.0,0.0,0.0,2,878.0,922.0,4,949.0,0.0,0.0,0.0,0.0,0.0,7
2023-05-10 21:08:16,ru2401P13750,ru2401P13750,949.0,0.0,0.0,0.0,2,878.0,922.0,4,949.0,0.0,0.0,0.0,0.0,0.0,7
2023-05-10 21:08:18,ru2401P13750,ru2401P13750,949.0,0.0,0.0,0.0,2,878.0,922.0,4,949.0,0.0,0.0,0.0,0.0,0.0,7
2023-05-10 21:08:18,ru2401P13750,ru2401P13750,949.0,0.0,0.0,0.0,2,878.0,922.0,4,949.0,0.0,0.0,0.0,0.0,0.0,7
2023-05-10 21:08:25,ru2401P13750,ru2401P13750,949.0,0.0,0.0,0.0,2,878.0,922.0,4,949.0,0.0,0.0,0.0,0.0,0.0,7
2023-05-10 21:08:26,ru2401P13750,ru2401P13750,949.0,0.0,0.0,0.0,2,878.0,922.0,4,949.0,0.0,0.0,0.0,0.0,0.0,7
2023-05-10 21:08:26,ru2401P13750,ru2401P13750,949.0,0.0,0.0,0.0,2,878.0,922.0,4,949.0,0.0,0.0,0.0,0.0,0.0,7
2023-05-10 21:08:27,ru2401P13750,ru2401P13750,949.0,0.0,0.0,0.0,2,878.0,922.0,4,949.0,0.0,0.0,0.0,0.0,0.0,7
2023-05-10 21:08:29,ru2401P13750,ru2401P13750,949.0,0.0,0.0,0.0,2,878.0,922.0,4,949.0,0.0,0.0,0.0,0.0,0.0,7
2023-05-10 21:08:33,ru2401P13750,ru2401P13750,949.0,0.0,0.0,0.0,2,878.0,922.0,4,949.0,0.0,0.0,0.0,0.0,0.0,7
2023-05-10 21:08:35,ru2401P13750,ru2401P13750,949.0,0.0,0.0,0.0,2,878.0,922.0,4,949.0,0.0,0.0,0.0,0.0,0.0,7
2023-05-10 21:08:36,ru2401P13750,ru2401P13750,949.0,0.0,0.0,0.0,2,878.0,922.0,4,949.0,0.0,0.0,0.0,0.0,0.0,7
2023-05-10 21:08:46,ru2401P13750,ru2401P13750,949.0,0.0,0.0,0.0,2,878.0,922.0,4,949.0,0.0,0.0,0.0,0.0,0.0,7
2023-05-10 21:08:51,ru2401P13750,ru2401P13750,949.0,0.0,0.0,0.0,2,878.0,922.0,4,949.0,0.0,0.0,0.0,0.0,0.0,7
2023-05-10 21:08:52,ru2401P13750,ru2401P13750,949.0,0.0,0.0,0.0,2,878.0,922.0,4,949.0,0.0,0.0,0.0,0.0,0.0,7
2023-05-10 21:08:54,ru2401P13750,ru2401P13750,949.0,0.0,0.0,0.0,2,878.0,922.0,4,949.0,0.0,0.0,0.0,0.0,0.0,7
2023-05-10 21:08:56,ru2401P13750,ru2401P13750,949.0,0.0,0.0,0.0,2,878.0,922.0,4,949.0,0.0,0.0,0.0,0.0,0.0,7
2023-05-10 21:09:08,ru2401P13750,ru2401P13750,949.0,0.0,0.0,0.0,2,878.0,922.0,4,949.0,0.0,0.0,0.0,0.0,0.0,7
2023-05-10 21:09:09,ru2401P13750,ru2401P13750,949.0,0.0,0.0,0.0,2,878.0,922.0,4,949.0,0.0,0.0,0.0,0.0,0.0,7
2023-05-10 21:09:11,ru2401P13750,ru2401P13750,949.0,0.0,0.0,0.0,2,878.0,922.0,4,949.0,0.0,0.0,0.0,0.0,0.0,7
2023-05-10 21:09:12,ru2401P13750,ru2401P13750,949.0,0.0,0.0,0.0,2,878.0,922.0,4,949.0,0.0,0.0,0.0,0.0,0.0,7
2023-05-10 21:09:12,ru2401P13750,ru2401P13750,949.0,0.0,0.0,0.0,2,878.0,922.0,4,949.0,0.0,0.0,0.0,0.0,0.0,7
2023-05-10 21:09:13,ru2401P13750,ru2401P13750,949.0,0.0,0.0,0.0,2,878.0,922.0,4,949.0,0.0,0.0,0.0,0.0,0.0,7
2023-05-10 21:09:13,ru2401P13750,ru2401P13750,949.0,0.0,0.0,0.0,2,878.0,922.0,4,949.0,0.0,0.0,0.0,0.0,0.0,7
2023-05-10 21:09:14,ru2401P13750,ru2401P13750,949.0,0.0,0.0,0.0,2,878.0,922.0,4,949.0,0.0,0.0,0.0,0.0,0.0,7
2023-05-10 21:09:14,ru2401P13750,ru2401P13750,949.0,0.0,0.0,0.0,2,878.0,922.0,4,949.0,0.0,0.0,0.0,0.0,0.0,7
2023-05-10 21:09:17,ru2401P13750,ru2401P13750,949.0,0.0,0.0,0.0,2,878.0,922.0,4,949.0,0.0,0.0,0.0,0.0,0.0,7
2023-05-10 21:09:20,ru2401P13750,ru2401P13750,949.0,0.0,0.0,0.0,2,878.0,922.0,4,949.0,0.0,0.0,0.0,0.0,0.0,7
2023-05-10 21:09:21,ru2401P13750,ru2401P13750,949.0,0.0,0.0,0.0,2,878.0,922.0,4,949.0,0.0,0.0,0.0,0.0,0.0,7
2023-05-10 21:09:22,ru2401P13750,ru2401P13750,949.0,0.0,0.0,0.0,2,878.0,922.0,4,949.0,0.0,0.0,0.0,0.0,0.0,7
2023-05-10 21:09:22,ru2401P13750,ru2401P13750,949.0,0.0,0.0,0.0,2,878.0,922.0,4,949.0,0.0,0.0,0.0,0.0,0.0,7
2023-05-10 21:09:23,ru2401P13750,ru2401P13750,949.0,0.0,0.0,0.0,2,878.0,922.0,4,949.0,0.0,0.0,0.0,0.0,0.0,7
2023-05-10 21:09:27,ru2401P13750,ru2401P13750,949.0,0.0,0.0,0.0,2,878.0,922.0,4,949.0,0.0,0.0,0.0,0.0,0.0,7
2023-05-10 21:09:28,ru2401P13750,ru2401P13750,949.0,0.0,0.0,0.0,2,878.0,922.0,4,949.0,0.0,0.0,0.0,0.0,0.0,7
2023-05-10 21:09:28,ru2401P13750,ru2401P13750,949.0,0.0,0.0,0.0,2,878.0,922.0,4,949.0,0.0,0.0,0.0,0.0,0.0,7
2023-05-10 21:09:29,ru2401P13750,ru2401P13750,949.0,0.0,0.0,0.0,2,878.0,922.0,4,949.0,0.0,0.0,0.0,0.0,0.0,7
2023-05-10 21:09:30,ru2401P13750,ru2401P13750,949.0,0.0,0.0,0.0,2,870.0,914.0,2,949.0,0.0,0.0,0.0,0.0,0.0,7
2023-05-10 21:09:34,ru2401P13750,ru2401P13750,949.0,0.0,0.0,0.0,2,870.0,914.0,4,949.0,0.0,0.0,0.0,0.0,0.0,7
2023-05-10 21:09:37,ru2401P13750,ru2401P13750,949.0,0.0,0.0,0.0,2,870.0,914.0,4,949.0,0.0,0.0,0.0,0.0,0.0,7
2023-05-10 21:09:39,ru2401P13750,ru2401P13750,949.0,0.0,0.0,0.0,2,870.0,914.0,4,949.0,0.0,0.0,0.0,0.0,0.0,7
2023-05-10 21:09:41,ru2401P13750,ru2401P13750,949.0,0.0,0.0,0.0,2,870.0,914.0,4,949.0,0.0,0.0,0.0,0.0,0.0,7
2023-05-10 21:09:44,ru2401P13750,ru2401P13750,949.0,0.0,0.0,0.0,2,870.0,914.0,4,949.0,0.0,0.0,0.0,0.0,0.0,7
2023-05-10 21:09:48,ru2401P13750,ru2401P13750,949.0,0.0,0.0,0.0,2,862.0,906.0,2,949.0,0.0,0.0,0.0,0.0,0.0,7
2023-05-10 21:09:48,ru2401P13750,ru2401P13750,949.0,0.0,0.0,0.0,2,862.0,906.0,4,949.0,0.0,0.0,0.0,0.0,0.0,7
2023-05-10 21:09:50,ru2401P13750,ru2401P13750,949.0,0.0,0.0,0.0,2,862.0,906.0,4,949.0,0.0,0.0,0.0,0.0,0.0,7
2023-05-10 21:09:51,ru2401P13750,ru2401P13750,949.0,0.0,0.0,0.0,2,862.0,906.0,4,949.0,0.0,0.0,0.0,0.0,0.0,7
2023-05-10 21:09:54,ru2401P13750,ru2401P13750,949.0,0.0,0.0,0.0,2,862.0,906.0,4,949.0,0.0,0.0,0.0,0.0,0.0,7
2023-05-10 21:09:55,ru2401P13750,ru2401P13750,949.0,0.0,0.0,0.0,2,862.0,906.0,4,949.0,0.0,0.0,0.0,0.0,0.0,7
2023-05-10 21:09:57,ru2401P13750,ru2401P13750,949.0,0.0,0.0,0.0,2,862.0,906.0,4,949.0,0.0,0.0,0.0,0.0,0.0,7
2023-05-10 21:09:58,ru2401P13750,ru2401P13750,949.0,0.0,0.0,0.0,2,862.0,906.0,4,949.0,0.0,0.0,0.0,0.0,0.0,7
2023-05-10 21:10:02,ru2401P13750,ru2401P13750,949.0,0.0,0.0,0.0,2,862.0,906.0,4,949.0,0.0,0.0,0.0,0.0,0.0,7
2023-05-10 21:10:02,ru2401P13750,ru2401P13750,949.0,0.0,0.0,0.0,2,862.0,906.0,4,949.0,0.0,0.0,0.0,0.0,0.0,7
2023-05-10 21:10:04,ru2401P13750,ru2401P13750,949.0,0.0,0.0,0.0,2,862.0,906.0,4,949.0,0.0,0.0,0.0,0.0,0.0,7
2023-05-10 21:10:04,ru2401P13750,ru2401P13750,949.0,0.0,0.0,0.0,2,862.0,906.0,4,949.0,0.0,0.0,0.0,0.0,0.0,7
2023-05-10 21:10:08,ru2401P13750,ru2401P13750,949.0,0.0,0.0,0.0,2,862.0,906.0,4,949.0,0.0,0.0,0.0,0.0,0.0,7
2023-05-10 21:10:13,ru2401P13750,ru2401P13750,949.0,0.0,0.0,0.0,2,854.0,898.0,2,949.0,0.0,0.0,0.0,0.0,0.0,7
2023-05-10 21:10:13,ru2401P13750,ru2401P13750,949.0,0.0,0.0,0.0,2,854.0,898.0,2,949.0,0.0,0.0,0.0,0.0,0.0,7
2023-05-10 21:10:14,ru2401P13750,ru2401P13750,949.0,0.0,0.0,0.0,2,854.0,898.0,4,949.0,0.0,0.0,0.0,0.0,0.0,7
2023-05-10 21:10:16,ru2401P13750,ru2401P13750,949.0,0.0,0.0,0.0,2,854.0,898.0,4,949.0,0.0,0.0,0.0,0.0,0.0,7
2023-05-10 21:10:16,ru2401P13750,ru2401P13750,949.0,0.0,0.0,0.0,2,854.0,898.0,4,949.0,0.0,0.0,0.0,0.0,0.0,7
2023-05-10 21:10:18,ru2401P13750,ru2401P13750,949.0,0.0,0.0,0.0,2,854.0,898.0,4,949.0,0.0,0.0,0.0,0.0,0.0,7
2023-05-10 21:10:19,ru2401P13750,ru2401P13750,949.0,0.0,0.0,0.0,2,854.0,898.0,4,949.0,0.0,0.0,0.0,0.0,0.0,7
2023-05-10 21:10:24,ru2401P13750,ru2401P13750,949.0,0.0,0.0,0.0,2,844.0,888.0,2,949.0,0.0,0.0,0.0,0.0,0.0,7
2023-05-10 21:10:25,ru2401P13750,ru2401P13750,949.0,0.0,0.0,0.0,2,844.0,888.0,4,949.0,0.0,0.0,0.0,0.0,0.0,7
2023-05-10 21:10:26,ru2401P13750,ru2401P13750,949.0,0.0,0.0,0.0,2,844.0,888.0,4,949.0,0.0,0.0,0.0,0.0,0.0,7
2023-05-10 21:10:26,ru2401P13750,ru2401P13750,949.0,0.0,0.0,0.0,2,844.0,888.0,4,949.0,0.0,0.0,0.0,0.0,0.0,7
2023-05-10 21:10:27,ru2401P13750,ru2401P13750,949.0,0.0,0.0,0.0,2,844.0,888.0,4,949.0,0.0,0.0,0.0,0.0,0.0,7
2023-05-10 21:10:29,ru2401P13750,ru2401P13750,949.0,0.0,0.0,0.0,2,844.0,888.0,4,949.0,0.0,0.0,0.0,0.0,0.0,7
2023-05-10 21:10:30,ru2401P13750,ru2401P13750,949.0,0.0,0.0,0.0,2,844.0,888.0,2,949.0,0.0,0.0,0.0,0.0,0.0,7
2023-05-10 21:10:30,ru2401P13750,ru2401P13750,949.0,0.0,0.0,0.0,2,844.0,888.0,4,949.0,0.0,0.0,0.0,0.0,0.0,7
2023-05-10 21:10:31,ru2401P13750,ru2401P13750,949.0,0.0,0.0,0.0,2,836.0,879.0,2,949.0,0.0,0.0,0.0,0.0,0.0,7
2023-05-10 21:10:34,ru2401P13750,ru2401P13750,949.0,0.0,0.0,0.0,2,836.0,879.0,4,949.0,0.0,0.0,0.0,0.0,0.0,7
2023-05-10 21:10:34,ru2401P13750,ru2401P13750,949.0,0.0,0.0,0.0,2,836.0,879.0,4,949.0,0.0,0.0,0.0,0.0,0.0,7
2023-05-10 21:10:35,ru2401P13750,ru2401P13750,949.0,0.0,0.0,0.0,2,836.0,879.0,4,949.0,0.0,0.0,0.0,0.0,0.0,7
2023-05-10 21:10:36,ru2401P13750,ru2401P13750,949.0,0.0,0.0,0.0,2,836.0,879.0,4,949.0,0.0,0.0,0.0,0.0,0.0,7
2023-05-10 21:10:37,ru2401P13750,ru2401P13750,949.0,0.0,0.0,0.0,2,836.0,879.0,4,949.0,0.0,0.0,0.0,0.0,0.0,7
2023-05-10 21:10:38,ru2401P13750,ru2401P13750,949.0,0.0,0.0,0.0,2,836.0,879.0,4,949.0,0.0,0.0,0.0,0.0,0.0,7
2023-05-10 21:10:41,ru2401P13750,ru2401P13750,949.0,0.0,0.0,0.0,2,836.0,879.0,4,949.0,0.0,0.0,0.0,0.0,0.0,7
2023-05-10 21:10:43,ru2401P13750,ru2401P13750,949.0,0.0,0.0,0.0,2,836.0,879.0,4,949.0,0.0,0.0,0.0,0.0,0.0,7
2023-05-10 21:10:43,ru2401P13750,ru2401P13750,949.0,0.0,0.0,0.0,2,836.0,879.0,4,949.0,0.0,0.0,0.0,0.0,0.0,7
2023-05-10 21:10:44,ru2401P13750,ru2401P13750,949.0,0.0,0.0,0.0,2,836.0,879.0,4,949.0,0.0,0.0,0.0,0.0,0.0,7
2023-05-10 21:10:44,ru2401P13750,ru2401P13750,949.0,0.0,0.0,0.0,2,828.0,872.0,2,949.0,0.0,0.0,0.0,0.0,0.0,7
2023-05-10 21:10:48,ru2401P13750,ru2401P13750,949.0,0.0,0.0,0.0,2,828.0,872.0,4,949.0,0.0,0.0,0.0,0.0,0.0,7
2023-05-10 21:10:49,ru2401P13750,ru2401P13750,949.0,0.0,0.0,0.0,2,828.0,872.0,4,949.0,0.0,0.0,0.0,0.0,0.0,7
2023-05-10 21:10:50,ru2401P13750,ru2401P13750,949.0,0.0,0.0,0.0,2,828.0,872.0,4,949.0,0.0,0.0,0.0,0.0,0.0,7
2023-05-10 21:10:51,ru2401P13750,ru2401P13750,949.0,0.0,0.0,0.0,2,828.0,872.0,4,949.0,0.0,0.0,0.0,0.0,0.0,7
2023-05-10 21:10:52,ru2401P13750,ru2401P13750,949.0,0.0,0.0,0.0,2,828.0,872.0,4,949.0,0.0,0.0,0.0,0.0,0.0,7
2023-05-10 21:10:52,ru2401P13750,ru2401P13750,949.0,0.0,0.0,0.0,2,828.0,872.0,4,949.0,0.0,0.0,0.0,0.0,0.0,7
2023-05-10 21:10:53,ru2401P13750,ru2401P13750,949.0,0.0,0.0,0.0,2,828.0,872.0,4,949.0,0.0,0.0,0.0,0.0,0.0,7
2023-05-10 21:10:54,ru2401P13750,ru2401P13750,949.0,0.0,0.0,0.0,2,828.0,872.0,4,949.0,0.0,0.0,0.0,0.0,0.0,7
2023-05-10 21:10:54,ru2401P13750,ru2401P13750,949.0,0.0,0.0,0.0,2,828.0,872.0,4,949.0,0.0,0.0,0.0,0.0,0.0,7
2023-05-10 21:10:56,ru2401P13750,ru2401P13750,949.0,0.0,0.0,0.0,2,828.0,872.0,4,949.0,0.0,0.0,0.0,0.0,0.0,7
2023-05-10 21:10:56,ru2401P13750,ru2401P13750,949.0,0.0,0.0,0.0,2,828.0,872.0,4,949.0,0.0,0.0,0.0,0.0,0.0,7
2023-05-10 21:10:57,ru2401P13750,ru2401P13750,949.0,0.0,0.0,0.0,2,828.0,872.0,4,949.0,0.0,0.0,0.0,0.0,0.0,7
2023-05-10 21:10:57,ru2401P13750,ru2401P13750,949.0,0.0,0.0,0.0,2,828.0,872.0,4,949.0,0.0,0.0,0.0,0.0,0.0,7
2023-05-10 21:10:58,ru2401P13750,ru2401P13750,949.0,0.0,0.0,0.0,2,828.0,872.0,4,949.0,0.0,0.0,0.0,0.0,0.0,7
2023-05-10 21:10:58,ru2401P13750,ru2401P13750,949.0,0.0,0.0,0.0,2,828.0,872.0,4,949.0,0.0,0.0,0.0,0.0,0.0,7
2023-05-10 21:11:00,ru2401P13750,ru2401P13750,949.0,0.0,0.0,0.0,2,828.0,872.0,4,949.0,0.0,0.0,0.0,0.0,0.0,7
2023-05-10 21:11:01,ru2401P13750,ru2401P13750,949.0,0.0,0.0,0.0,2,828.0,872.0,4,949.0,0.0,0.0,0.0,0.0,0.0,7
2023-05-10 21:11:03,ru2401P13750,ru2401P13750,949.0,0.0,0.0,0.0,2,828.0,872.0,4,949.0,0.0,0.0,0.0,0.0,0.0,7
2023-05-10 21:11:04,ru2401P13750,ru2401P13750,949.0,0.0,0.0,0.0,2,828.0,872.0,4,949.0,0.0,0.0,0.0,0.0,0.0,7
2023-05-10 21:11:05,ru2401P13750,ru2401P13750,949.0,0.0,0.0,0.0,2,828.0,872.0,4,949.0,0.0,0.0,0.0,0.0,0.0,7
2023-05-10 21:11:07,ru2401P13750,ru2401P13750,949.0,0.0,0.0,0.0,2,828.0,872.0,4,949.0,0.0,0.0,0.0,0.0,0.0,7
2023-05-10 21:11:09,ru2401P13750,ru2401P13750,949.0,0.0,0.0,0.0,2,820.0,863.0,2,949.0,0.0,0.0,0.0,0.0,0.0,7
2023-05-10 21:11:10,ru2401P13750,ru2401P13750,949.0,0.0,0.0,0.0,2,820.0,863.0,2,949.0,0.0,0.0,0.0,0.0,0.0,7
2023-05-10 21:11:10,ru2401P13750,ru2401P13750,949.0,0.0,0.0,0.0,2,820.0,863.0,4,949.0,0.0,0.0,0.0,0.0,0.0,7
2023-05-10 21:11:11,ru2401P13750,ru2401P13750,949.0,0.0,0.0,0.0,2,820.0,863.0,4,949.0,0.0,0.0,0.0,0.0,0.0,7
2023-05-10 21:11:12,ru2401P13750,ru2401P13750,949.0,0.0,0.0,0.0,2,827.0,871.0,2,949.0,0.0,0.0,0.0,0.0,0.0,7
2023-05-10 21:11:12,ru2401P13750,ru2401P13750,949.0,0.0,0.0,0.0,2,827.0,871.0,4,949.0,0.0,0.0,0.0,0.0,0.0,7
2023-05-10 21:11:15,ru2401P13750,ru2401P13750,949.0,0.0,0.0,0.0,2,827.0,871.0,4,949.0,0.0,0.0,0.0,0.0,0.0,7
2023-05-10 21:11:15,ru2401P13750,ru2401P13750,949.0,0.0,0.0,0.0,2,827.0,871.0,4,949.0,0.0,0.0,0.0,0.0,0.0,7
2023-05-10 21:11:16,ru2401P13750,ru2401P13750,949.0,0.0,0.0,0.0,2,827.0,871.0,4,949.0,0.0,0.0,0.0,0.0,0.0,7
2023-05-10 21:11:19,ru2401P13750,ru2401P13750,949.0,0.0,0.0,0.0,2,827.0,871.0,4,949.0,0.0,0.0,0.0,0.0,0.0,7
2023-05-10 21:11:20,ru2401P13750,ru2401P13750,949.0,0.0,0.0,0.0,2,827.0,871.0,4,949.0,0.0,0.0,0.0,0.0,0.0,7
2023-05-10 21:11:21,ru2401P13750,ru2401P13750,949.0,0.0,0.0,0.0,2,827.0,871.0,4,949.0,0.0,0.0,0.0,0.0,0.0,7
2023-05-10 21:11:21,ru2401P13750,ru2401P13750,949.0,0.0,0.0,0.0,2,827.0,871.0,4,949.0,0.0,0.0,0.0,0.0,0.0,7
2023-05-10 21:11:22,ru2401P13750,ru2401P13750,949.0,0.0,0.0,0.0,2,827.0,871.0,4,949.0,0.0,0.0,0.0,0.0,0.0,7
2023-05-10 21:11:23,ru2401P13750,ru2401P13750,949.0,0.0,0.0,0.0,2,827.0,871.0,4,949.0,0.0,0.0,0.0,0.0,0.0,7
2023-05-10 21:11:24,ru2401P13750,ru2401P13750,949.0,0.0,0.0,0.0,2,827.0,871.0,4,949.0,0.0,0.0,0.0,0.0,0.0,7
2023-05-10 21:11:31,ru2401P13750,ru2401P13750,949.0,0.0,0.0,0.0,2,827.0,871.0,4,949.0,0.0,0.0,0.0,0.0,0.0,7
2023-05-10 21:11:31,ru2401P13750,ru2401P13750,949.0,0.0,0.0,0.0,2,827.0,871.0,4,949.0,0.0,0.0,0.0,0.0,0.0,7
2023-05-10 21:11:34,ru2401P13750,ru2401P13750,949.0,0.0,0.0,0.0,2,827.0,871.0,4,949.0,0.0,0.0,0.0,0.0,0.0,7
2023-05-10 21:11:35,ru2401P13750,ru2401P13750,949.0,0.0,0.0,0.0,2,835.0,871.0,2,949.0,0.0,0.0,0.0,0.0,0.0,7
2023-05-10 21:11:36,ru2401P13750,ru2401P13750,949.0,0.0,0.0,0.0,2,835.0,878.0,4,949.0,0.0,0.0,0.0,0.0,0.0,7
2023-05-10 21:11:37,ru2401P13750,ru2401P13750,949.0,0.0,0.0,0.0,2,835.0,878.0,4,949.0,0.0,0.0,0.0,0.0,0.0,7
2023-05-10 21:11:38,ru2401P13750,ru2401P13750,949.0,0.0,0.0,0.0,2,835.0,878.0,4,949.0,0.0,0.0,0.0,0.0,0.0,7
2023-05-10 21:11:39,ru2401P13750,ru2401P13750,949.0,0.0,0.0,0.0,2,835.0,878.0,4,949.0,0.0,0.0,0.0,0.0,0.0,7
2023-05-10 21:11:42,ru2401P13750,ru2401P13750,949.0,0.0,0.0,0.0,2,842.0,878.0,2,949.0,0.0,0.0,0.0,0.0,0.0,7
2023-05-10 21:11:43,ru2401P13750,ru2401P13750,949.0,0.0,0.0,0.0,2,842.0,886.0,4,949.0,0.0,0.0,0.0,0.0,0.0,7
2023-05-10 21:11:43,ru2401P13750,ru2401P13750,949.0,0.0,0.0,0.0,2,842.0,886.0,4,949.0,0.0,0.0,0.0,0.0,0.0,7
2023-05-10 21:11:44,ru2401P13750,ru2401P13750,949.0,0.0,0.0,0.0,2,842.0,886.0,4,949.0,0.0,0.0,0.0,0.0,0.0,7
2023-05-10 21:11:45,ru2401P13750,ru2401P13750,949.0,0.0,0.0,0.0,2,842.0,886.0,4,949.0,0.0,0.0,0.0,0.0,0.0,7
2023-05-10 21:11:46,ru2401P13750,ru2401P13750,949.0,0.0,0.0,0.0,2,842.0,886.0,4,949.0,0.0,0.0,0.0,0.0,0.0,7
2023-05-10 21:11:47,ru2401P13750,ru2401P13750,949.0,0.0,0.0,0.0,2,842.0,886.0,4,949.0,0.0,0.0,0.0,0.0,0.0,7
2023-05-10 21:11:47,ru2401P13750,ru2401P13750,949.0,0.0,0.0,0.0,2,842.0,886.0,4,949.0,0.0,0.0,0.0,0.0,0.0,7
2023-05-10 21:11:48,ru2401P13750,ru2401P13750,949.0,0.0,0.0,0.0,2,842.0,886.0,4,949.0,0.0,0.0,0.0,0.0,0.0,7
2023-05-10 21:11:49,ru2401P13750,ru2401P13750,949.0,0.0,0.0,0.0,2,842.0,886.0,4,949.0,0.0,0.0,0.0,0.0,0.0,7
2023-05-10 21:11:51,ru2401P13750,ru2401P13750,949.0,0.0,0.0,0.0,2,842.0,886.0,4,949.0,0.0,0.0,0.0,0.0,0.0,7
2023-05-10 21:11:53,ru2401P13750,ru2401P13750,949.0,0.0,0.0,0.0,2,842.0,886.0,4,949.0,0.0,0.0,0.0,0.0,0.0,7
2023-05-10 21:11:57,ru2401P13750,ru2401P13750,949.0,0.0,0.0,0.0,2,842.0,886.0,4,949.0,0.0,0.0,0.0,0.0,0.0,7
2023-05-10 21:11:57,ru2401P13750,ru2401P13750,949.0,0.0,0.0,0.0,2,842.0,886.0,4,949.0,0.0,0.0,0.0,0.0,0.0,7
2023-05-10 21:11:58,ru2401P13750,ru2401P13750,949.0,0.0,0.0,0.0,2,842.0,886.0,4,949.0,0.0,0.0,0.0,0.0,0.0,7
2023-05-10 21:11:59,ru2401P13750,ru2401P13750,949.0,0.0,0.0,0.0,2,842.0,886.0,4,949.0,0.0,0.0,0.0,0.0,0.0,7
2023-05-10 21:12:03,ru2401P13750,ru2401P13750,949.0,0.0,0.0,0.0,2,842.0,886.0,4,949.0,0.0,0.0,0.0,0.0,0.0,7
2023-05-10 21:12:03,ru2401P13750,ru2401P13750,949.0,0.0,0.0,0.0,2,842.0,886.0,4,949.0,0.0,0.0,0.0,0.0,0.0,7
2023-05-10 21:12:07,ru2401P13750,ru2401P13750,949.0,0.0,0.0,0.0,2,842.0,886.0,4,949.0,0.0,0.0,0.0,0.0,0.0,7
2023-05-10 21:12:11,ru2401P13750,ru2401P13750,949.0,0.0,0.0,0.0,2,842.0,886.0,4,949.0,0.0,0.0,0.0,0.0,0.0,7
2023-05-10 21:12:11,ru2401P13750,ru2401P13750,949.0,0.0,0.0,0.0,2,842.0,886.0,4,949.0,0.0,0.0,0.0,0.0,0.0,7
2023-05-10 21:12:12,ru2401P13750,ru2401P13750,949.0,0.0,0.0,0.0,2,842.0,886.0,4,949.0,0.0,0.0,0.0,0.0,0.0,7
2023-05-10 21:12:19,ru2401P13750,ru2401P13750,949.0,0.0,0.0,0.0,2,835.0,878.0,2,949.0,0.0,0.0,0.0,0.0,0.0,7
2023-05-10 21:12:28,ru2401P13750,ru2401P13750,949.0,0.0,0.0,0.0,2,835.0,878.0,4,949.0,0.0,0.0,0.0,0.0,0.0,7
2023-05-10 21:12:28,ru2401P13750,ru2401P13750,949.0,0.0,0.0,0.0,2,835.0,878.0,4,949.0,0.0,0.0,0.0,0.0,0.0,7
2023-05-10 21:12:37,ru2401P13750,ru2401P13750,949.0,0.0,0.0,0.0,2,835.0,878.0,2,949.0,0.0,0.0,0.0,0.0,0.0,7
2023-05-10 21:12:37,ru2401P13750,ru2401P13750,949.0,0.0,0.0,0.0,2,835.0,0.0,0,949.0,0.0,0.0,0.0,0.0,0.0,7
2023-05-10 21:12:38,ru2401P13750,ru2401P13750,949.0,0.0,0.0,0.0,2,835.0,2043.0,1,949.0,0.0,0.0,0.0,0.0,0.0,7
2023-05-10 21:13:14,ru2401P13750,ru2401P13750,949.0,0.0,0.0,0.0,2,827.0,2043.0,1,949.0,0.0,0.0,0.0,0.0,0.0,7
2023-05-10 21:13:17,ru2401P13750,ru2401P13750,949.0,0.0,0.0,0.0,2,844.0,2043.0,1,949.0,0.0,0.0,0.0,0.0,0.0,7
2023-05-10 21:13:18,ru2401P13750,ru2401P13750,949.0,0.0,0.0,0.0,2,826.0,2043.0,1,949.0,0.0,0.0,0.0,0.0,0.0,7
2023-05-10 21:13:42,ru2401P13750,ru2401P13750,949.0,0.0,0.0,0.0,2,836.0,2043.0,1,949.0,0.0,0.0,0.0,0.0,0.0,7
2023-05-10 21:13:51,ru2401P13750,ru2401P13750,949.0,0.0,0.0,0.0,2,844.0,2043.0,1,949.0,0.0,0.0,0.0,0.0,0.0,7
2023-05-10 21:14:24,ru2401P13750,ru2401P13750,949.0,0.0,0.0,0.0,2,854.0,2043.0,1,949.0,0.0,0.0,0.0,0.0,0.0,7
2023-05-10 21:14:30,ru2401P13750,ru2401P13750,949.0,0.0,0.0,0.0,1,301.0,2043.0,1,949.0,0.0,0.0,0.0,0.0,0.0,7
2023-05-10 21:14:31,ru2401P13750,ru2401P13750,949.0,0.0,0.0,0.0,1,304.0,2043.0,1,949.0,0.0,0.0,0.0,0.0,0.0,7
2023-05-10 21:14:32,ru2401P13750,ru2401P13750,949.0,0.0,0.0,0.0,2,305.0,2043.0,1,949.0,0.0,0.0,0.0,0.0,0.0,7
2023-05-10 21:14:33,ru2401P13750,ru2401P13750,949.0,0.0,0.0,0.0,1,308.0,2043.0,1,949.0,0.0,0.0,0.0,0.0,0.0,7
2023-05-10 21:14:34,ru2401P13750,ru2401P13750,949.0,0.0,0.0,0.0,2,309.0,2043.0,1,949.0,0.0,0.0,0.0,0.0,0.0,7
2023-05-10 21:14:34,ru2401P13750,ru2401P13750,949.0,0.0,0.0,0.0,1,312.0,2043.0,1,949.0,0.0,0.0,0.0,0.0,0.0,7
2023-05-10 21:14:35,ru2401P13750,ru2401P13750,949.0,0.0,0.0,0.0,2,313.0,2043.0,1,949.0,0.0,0.0,0.0,0.0,0.0,7
2023-05-10 21:14:36,ru2401P13750,ru2401P13750,949.0,0.0,0.0,0.0,1,316.0,2043.0,1,949.0,0.0,0.0,0.0,0.0,0.0,7
2023-05-10 21:14:37,ru2401P13750,ru2401P13750,949.0,0.0,0.0,0.0,2,317.0,2043.0,1,949.0,0.0,0.0,0.0,0.0,0.0,7
2023-05-10 21:14:38,ru2401P13750,ru2401P13750,949.0,0.0,0.0,0.0,1,320.0,2043.0,1,949.0,0.0,0.0,0.0,0.0,0.0,7
2023-05-10 21:14:38,ru2401P13750,ru2401P13750,949.0,0.0,0.0,0.0,1,320.0,2043.0,1,949.0,0.0,0.0,0.0,0.0,0.0,7
2023-05-10 21:14:39,ru2401P13750,ru2401P13750,949.0,0.0,0.0,0.0,2,321.0,2043.0,1,949.0,0.0,0.0,0.0,0.0,0.0,7
2023-05-10 21:14:39,ru2401P13750,ru2401P13750,949.0,0.0,0.0,0.0,1,324.0,2043.0,1,949.0,0.0,0.0,0.0,0.0,0.0,7
2023-05-10 21:14:40,ru2401P13750,ru2401P13750,949.0,0.0,0.0,0.0,2,325.0,2043.0,1,949.0,0.0,0.0,0.0,0.0,0.0,7
2023-05-10 21:14:40,ru2401P13750,ru2401P13750,949.0,0.0,0.0,0.0,1,328.0,2043.0,1,949.0,0.0,0.0,0.0,0.0,0.0,7
2023-05-10 21:14:41,ru2401P13750,ru2401P13750,949.0,0.0,0.0,0.0,2,329.0,2043.0,1,949.0,0.0,0.0,0.0,0.0,0.0,7
2023-05-10 21:14:42,ru2401P13750,ru2401P13750,949.0,0.0,0.0,0.0,1,332.0,2043.0,1,949.0,0.0,0.0,0.0,0.0,0.0,7
2023-05-10 21:14:43,ru2401P13750,ru2401P13750,949.0,0.0,0.0,0.0,2,333.0,2043.0,1,949.0,0.0,0.0,0.0,0.0,0.0,7
2023-05-10 21:14:43,ru2401P13750,ru2401P13750,949.0,0.0,0.0,0.0,1,336.0,2043.0,1,949.0,0.0,0.0,0.0,0.0,0.0,7
2023-05-10 21:14:44,ru2401P13750,ru2401P13750,949.0,0.0,0.0,0.0,2,337.0,2043.0,1,949.0,0.0,0.0,0.0,0.0,0.0,7
2023-05-10 21:14:44,ru2401P13750,ru2401P13750,949.0,0.0,0.0,0.0,1,340.0,2043.0,1,949.0,0.0,0.0,0.0,0.0,0.0,7
2023-05-10 21:14:45,ru2401P13750,ru2401P13750,949.0,0.0,0.0,0.0,2,341.0,2043.0,1,949.0,0.0,0.0,0.0,0.0,0.0,7
2023-05-10 21:14:46,ru2401P13750,ru2401P13750,949.0,0.0,0.0,0.0,1,344.0,2043.0,1,949.0,0.0,0.0,0.0,0.0,0.0,7
2023-05-10 21:14:46,ru2401P13750,ru2401P13750,949.0,0.0,0.0,0.0,1,344.0,2043.0,1,949.0,0.0,0.0,0.0,0.0,0.0,7
2023-05-10 21:14:47,ru2401P13750,ru2401P13750,949.0,0.0,0.0,0.0,2,345.0,2043.0,1,949.0,0.0,0.0,0.0,0.0,0.0,7
2023-05-10 21:14:47,ru2401P13750,ru2401P13750,949.0,0.0,0.0,0.0,1,348.0,2043.0,1,949.0,0.0,0.0,0.0,0.0,0.0,7
2023-05-10 21:14:48,ru2401P13750,ru2401P13750,949.0,0.0,0.0,0.0,1,348.0,2043.0,1,949.0,0.0,0.0,0.0,0.0,0.0,7
2023-05-10 21:14:48,ru2401P13750,ru2401P13750,949.0,0.0,0.0,0.0,2,349.0,2043.0,1,949.0,0.0,0.0,0.0,0.0,0.0,7
2023-05-10 21:14:49,ru2401P13750,ru2401P13750,949.0,0.0,0.0,0.0,2,349.0,2043.0,1,949.0,0.0,0.0,0.0,0.0,0.0,7
2023-05-10 21:14:49,ru2401P13750,ru2401P13750,949.0,0.0,0.0,0.0,1,352.0,2043.0,1,949.0,0.0,0.0,0.0,0.0,0.0,7
2023-05-10 21:14:50,ru2401P13750,ru2401P13750,949.0,0.0,0.0,0.0,1,352.0,2043.0,1,949.0,0.0,0.0,0.0,0.0,0.0,7
2023-05-10 21:14:50,ru2401P13750,ru2401P13750,949.0,0.0,0.0,0.0,2,353.0,2043.0,1,949.0,0.0,0.0,0.0,0.0,0.0,7
2023-05-10 21:14:51,ru2401P13750,ru2401P13750,949.0,0.0,0.0,0.0,1,356.0,2043.0,1,949.0,0.0,0.0,0.0,0.0,0.0,7
2023-05-10 21:14:52,ru2401P13750,ru2401P13750,949.0,0.0,0.0,0.0,2,357.0,2043.0,1,949.0,0.0,0.0,0.0,0.0,0.0,7
2023-05-10 21:14:52,ru2401P13750,ru2401P13750,949.0,0.0,0.0,0.0,1,360.0,2043.0,1,949.0,0.0,0.0,0.0,0.0,0.0,7
2023-05-10 21:14:53,ru2401P13750,ru2401P13750,949.0,0.0,0.0,0.0,2,361.0,2043.0,1,949.0,0.0,0.0,0.0,0.0,0.0,7
2023-05-10 21:14:53,ru2401P13750,ru2401P13750,949.0,0.0,0.0,0.0,2,361.0,2043.0,1,949.0,0.0,0.0,0.0,0.0,0.0,7
2023-05-10 21:14:54,ru2401P13750,ru2401P13750,949.0,0.0,0.0,0.0,1,364.0,2043.0,1,949.0,0.0,0.0,0.0,0.0,0.0,7
2023-05-10 21:14:54,ru2401P13750,ru2401P13750,949.0,0.0,0.0,0.0,2,365.0,2043.0,1,949.0,0.0,0.0,0.0,0.0,0.0,7
2023-05-10 21:14:55,ru2401P13750,ru2401P13750,949.0,0.0,0.0,0.0,2,365.0,2043.0,1,949.0,0.0,0.0,0.0,0.0,0.0,7
2023-05-10 21:14:55,ru2401P13750,ru2401P13750,949.0,0.0,0.0,0.0,1,368.0,2043.0,1,949.0,0.0,0.0,0.0,0.0,0.0,7
2023-05-10 21:14:56,ru2401P13750,ru2401P13750,949.0,0.0,0.0,0.0,2,369.0,2043.0,1,949.0,0.0,0.0,0.0,0.0,0.0,7
2023-05-10 21:14:56,ru2401P13750,ru2401P13750,949.0,0.0,0.0,0.0,1,372.0,2043.0,1,949.0,0.0,0.0,0.0,0.0,0.0,7
2023-05-10 21:14:57,ru2401P13750,ru2401P13750,949.0,0.0,0.0,0.0,1,372.0,2043.0,1,949.0,0.0,0.0,0.0,0.0,0.0,7
2023-05-10 21:14:57,ru2401P13750,ru2401P13750,949.0,0.0,0.0,0.0,2,373.0,2043.0,1,949.0,0.0,0.0,0.0,0.0,0.0,7
2023-05-10 21:14:58,ru2401P13750,ru2401P13750,949.0,0.0,0.0,0.0,2,373.0,2043.0,1,949.0,0.0,0.0,0.0,0.0,0.0,7
2023-05-10 21:15:00,ru2401P13750,ru2401P13750,949.0,0.0,0.0,0.0,1,376.0,2043.0,1,949.0,0.0,0.0,0.0,0.0,0.0,7
2023-05-10 21:15:00,ru2401P13750,ru2401P13750,949.0,0.0,0.0,0.0,2,377.0,2043.0,1,949.0,0.0,0.0,0.0,0.0,0.0,7
2023-05-10 21:15:01,ru2401P13750,ru2401P13750,949.0,0.0,0.0,0.0,1,380.0,2043.0,1,949.0,0.0,0.0,0.0,0.0,0.0,7
2023-05-10 21:15:01,ru2401P13750,ru2401P13750,949.0,0.0,0.0,0.0,2,381.0,2043.0,1,949.0,0.0,0.0,0.0,0.0,0.0,7
2023-05-10 21:15:02,ru2401P13750,ru2401P13750,949.0,0.0,0.0,0.0,1,384.0,2043.0,1,949.0,0.0,0.0,0.0,0.0,0.0,7
2023-05-10 21:15:02,ru2401P13750,ru2401P13750,949.0,0.0,0.0,0.0,2,385.0,2043.0,1,949.0,0.0,0.0,0.0,0.0,0.0,7
2023-05-10 21:15:03,ru2401P13750,ru2401P13750,949.0,0.0,0.0,0.0,1,388.0,2043.0,1,949.0,0.0,0.0,0.0,0.0,0.0,7
2023-05-10 21:15:03,ru2401P13750,ru2401P13750,949.0,0.0,0.0,0.0,2,389.0,2043.0,1,949.0,0.0,0.0,0.0,0.0,0.0,7
2023-05-10 21:15:04,ru2401P13750,ru2401P13750,949.0,0.0,0.0,0.0,2,389.0,2043.0,1,949.0,0.0,0.0,0.0,0.0,0.0,7
2023-05-10 21:15:05,ru2401P13750,ru2401P13750,949.0,0.0,0.0,0.0,1,392.0,2043.0,1,949.0,0.0,0.0,0.0,0.0,0.0,7
2023-05-10 21:15:05,ru2401P13750,ru2401P13750,949.0,0.0,0.0,0.0,2,393.0,2043.0,1,949.0,0.0,0.0,0.0,0.0,0.0,7
2023-05-10 21:15:06,ru2401P13750,ru2401P13750,949.0,0.0,0.0,0.0,2,393.0,2043.0,1,949.0,0.0,0.0,0.0,0.0,0.0,7
2023-05-10 21:15:06,ru2401P13750,ru2401P13750,949.0,0.0,0.0,0.0,1,396.0,2043.0,1,949.0,0.0,0.0,0.0,0.0,0.0,7
2023-05-10 21:15:07,ru2401P13750,ru2401P13750,949.0,0.0,0.0,0.0,2,397.0,2043.0,1,949.0,0.0,0.0,0.0,0.0,0.0,7
2023-05-10 21:15:07,ru2401P13750,ru2401P13750,949.0,0.0,0.0,0.0,1,400.0,2043.0,1,949.0,0.0,0.0,0.0,0.0,0.0,7
2023-05-10 21:15:08,ru2401P13750,ru2401P13750,949.0,0.0,0.0,0.0,2,401.0,2043.0,1,949.0,0.0,0.0,0.0,0.0,0.0,7
2023-05-10 21:15:08,ru2401P13750,ru2401P13750,949.0,0.0,0.0,0.0,1,404.0,2043.0,1,949.0,0.0,0.0,0.0,0.0,0.0,7
2023-05-10 21:15:09,ru2401P13750,ru2401P13750,949.0,0.0,0.0,0.0,2,405.0,2043.0,1,949.0,0.0,0.0,0.0,0.0,0.0,7
2023-05-10 21:15:09,ru2401P13750,ru2401P13750,949.0,0.0,0.0,0.0,1,408.0,2043.0,1,949.0,0.0,0.0,0.0,0.0,0.0,7
2023-05-10 21:15:10,ru2401P13750,ru2401P13750,949.0,0.0,0.0,0.0,2,409.0,2043.0,1,949.0,0.0,0.0,0.0,0.0,0.0,7
2023-05-10 21:15:10,ru2401P13750,ru2401P13750,949.0,0.0,0.0,0.0,1,412.0,2043.0,1,949.0,0.0,0.0,0.0,0.0,0.0,7
2023-05-10 21:15:11,ru2401P13750,ru2401P13750,949.0,0.0,0.0,0.0,1,412.0,2043.0,1,949.0,0.0,0.0,0.0,0.0,0.0,7
2023-05-10 21:15:31,ru2401P13750,ru2401P13750,949.0,0.0,0.0,0.0,2,413.0,2043.0,1,949.0,0.0,0.0,0.0,0.0,0.0,7
2023-05-10 21:15:31,ru2401P13750,ru2401P13750,949.0,0.0,0.0,0.0,1,416.0,2043.0,1,949.0,0.0,0.0,0.0,0.0,0.0,7
2023-05-10 21:15:32,ru2401P13750,ru2401P13750,949.0,0.0,0.0,0.0,1,416.0,2043.0,1,949.0,0.0,0.0,0.0,0.0,0.0,7
2023-05-10 21:15:33,ru2401P13750,ru2401P13750,949.0,0.0,0.0,0.0,1,416.0,1000.0,1,949.0,0.0,0.0,0.0,0.0,0.0,7
2023-05-10 21:15:34,ru2401P13750,ru2401P13750,949.0,0.0,0.0,0.0,1,416.0,1000.0,1,949.0,0.0,0.0,0.0,0.0,0.0,7
2023-05-10 21:15:35,ru2401P13750,ru2401P13750,949.0,0.0,0.0,0.0,2,417.0,999.0,2,949.0,0.0,0.0,0.0,0.0,0.0,7
2023-05-10 21:15:36,ru2401P13750,ru2401P13750,949.0,0.0,0.0,0.0,2,417.0,999.0,2,949.0,0.0,0.0,0.0,0.0,0.0,7
2023-05-10 21:15:36,ru2401P13750,ru2401P13750,949.0,0.0,0.0,0.0,1,420.0,999.0,2,949.0,0.0,0.0,0.0,0.0,0.0,7
2023-05-10 21:15:37,ru2401P13750,ru2401P13750,949.0,0.0,0.0,0.0,2,421.0,2045.0,2,949.0,0.0,0.0,0.0,0.0,0.0,7
2023-05-10 21:15:37,ru2401P13750,ru2401P13750,949.0,0.0,0.0,0.0,1,424.0,2042.0,1,949.0,0.0,0.0,0.0,0.0,0.0,7
2023-05-10 21:15:38,ru2401P13750,ru2401P13750,949.0,0.0,0.0,0.0,2,425.0,2041.0,2,949.0,0.0,0.0,0.0,0.0,0.0,7
2023-05-10 21:15:38,ru2401P13750,ru2401P13750,949.0,0.0,0.0,0.0,2,425.0,2041.0,2,949.0,0.0,0.0,0.0,0.0,0.0,7
2023-05-10 21:15:40,ru2401P13750,ru2401P13750,949.0,0.0,0.0,0.0,1,428.0,2041.0,2,949.0,0.0,0.0,0.0,0.0,0.0,7
2023-05-10 21:15:40,ru2401P13750,ru2401P13750,949.0,0.0,0.0,0.0,2,429.0,2045.0,2,949.0,0.0,0.0,0.0,0.0,0.0,7
2023-05-10 21:15:41,ru2401P13750,ru2401P13750,949.0,0.0,0.0,0.0,1,432.0,2042.0,1,949.0,0.0,0.0,0.0,0.0,0.0,7
2023-05-10 21:15:41,ru2401P13750,ru2401P13750,949.0,0.0,0.0,0.0,2,433.0,2041.0,2,949.0,0.0,0.0,0.0,0.0,0.0,7
2023-05-10 21:15:42,ru2401P13750,ru2401P13750,949.0,0.0,0.0,0.0,1,436.0,2038.0,1,949.0,0.0,0.0,0.0,0.0,0.0,7
2023-05-10 21:15:42,ru2401P13750,ru2401P13750,949.0,0.0,0.0,0.0,2,437.0,2037.0,2,949.0,0.0,0.0,0.0,0.0,0.0,7
2023-05-10 21:15:43,ru2401P13750,ru2401P13750,949.0,0.0,0.0,0.0,1,440.0,2034.0,1,949.0,0.0,0.0,0.0,0.0,0.0,7
2023-05-10 21:15:43,ru2401P13750,ru2401P13750,949.0,0.0,0.0,0.0,2,441.0,2033.0,2,949.0,0.0,0.0,0.0,0.0,0.0,7
2023-05-10 21:15:44,ru2401P13750,ru2401P13750,949.0,0.0,0.0,0.0,1,444.0,2030.0,1,949.0,0.0,0.0,0.0,0.0,0.0,7
2023-05-10 21:16:40,ru2401P13750,ru2401P13750,949.0,0.0,0.0,0.0,1,444.0,2030.0,1,949.0,0.0,0.0,0.0,0.0,0.0,7
2023-05-10 21:18:10,ru2401P13750,ru2401P13750,949.0,0.0,0.0,0.0,2,838.0,882.0,2,949.0,0.0,0.0,0.0,0.0,0.0,7
2023-05-10 21:18:11,ru2401P13750,ru2401P13750,949.0,0.0,0.0,0.0,4,838.0,882.0,2,949.0,0.0,0.0,0.0,0.0,0.0,7
2023-05-10 21:18:12,ru2401P13750,ru2401P13750,949.0,0.0,0.0,0.0,4,838.0,882.0,2,949.0,0.0,0.0,0.0,0.0,0.0,7
2023-05-10 21:18:14,ru2401P13750,ru2401P13750,949.0,0.0,0.0,0.0,4,838.0,882.0,2,949.0,0.0,0.0,0.0,0.0,0.0,7
2023-05-10 21:18:15,ru2401P13750,ru2401P13750,949.0,0.0,0.0,0.0,2,838.0,882.0,2,949.0,0.0,0.0,0.0,0.0,0.0,7
2023-05-10 21:18:16,ru2401P13750,ru2401P13750,949.0,0.0,0.0,0.0,4,838.0,882.0,2,949.0,0.0,0.0,0.0,0.0,0.0,7
2023-05-10 21:18:17,ru2401P13750,ru2401P13750,949.0,0.0,0.0,0.0,2,838.0,882.0,2,949.0,0.0,0.0,0.0,0.0,0.0,7
2023-05-10 21:18:18,ru2401P13750,ru2401P13750,949.0,0.0,0.0,0.0,4,838.0,882.0,2,949.0,0.0,0.0,0.0,0.0,0.0,7
2023-05-10 21:18:20,ru2401P13750,ru2401P13750,949.0,0.0,0.0,0.0,2,847.0,887.0,2,949.0,0.0,0.0,0.0,0.0,0.0,7
2023-05-10 21:18:21,ru2401P13750,ru2401P13750,949.0,0.0,0.0,0.0,2,855.0,882.0,2,949.0,0.0,0.0,0.0,0.0,0.0,7
2023-05-10 21:18:22,ru2401P13750,ru2401P13750,949.0,0.0,0.0,0.0,4,855.0,882.0,2,949.0,0.0,0.0,0.0,0.0,0.0,7
2023-05-10 21:18:23,ru2401P13750,ru2401P13750,949.0,0.0,0.0,0.0,4,855.0,882.0,2,949.0,0.0,0.0,0.0,0.0,0.0,7
2023-05-10 21:18:26,ru2401P13750,ru2401P13750,949.0,0.0,0.0,0.0,4,855.0,882.0,2,949.0,0.0,0.0,0.0,0.0,0.0,7
2023-05-10 21:18:32,ru2401P13750,ru2401P13750,949.0,0.0,0.0,0.0,4,855.0,882.0,2,949.0,0.0,0.0,0.0,0.0,0.0,7
2023-05-10 21:18:37,ru2401P13750,ru2401P13750,949.0,0.0,0.0,0.0,2,860.0,887.0,2,949.0,0.0,0.0,0.0,0.0,0.0,7
2023-05-10 21:18:42,ru2401P13750,ru2401P13750,949.0,0.0,0.0,0.0,2,860.0,887.0,2,949.0,0.0,0.0,0.0,0.0,0.0,7
2023-05-10 21:18:42,ru2401P13750,ru2401P13750,949.0,0.0,0.0,0.0,4,860.0,887.0,2,949.0,0.0,0.0,0.0,0.0,0.0,7
2023-05-10 21:18:44,ru2401P13750,ru2401P13750,949.0,0.0,0.0,0.0,4,860.0,887.0,2,949.0,0.0,0.0,0.0,0.0,0.0,7
2023-05-10 21:18:47,ru2401P13750,ru2401P13750,949.0,0.0,0.0,0.0,4,860.0,887.0,2,949.0,0.0,0.0,0.0,0.0,0.0,7
2023-05-10 21:18:47,ru2401P13750,ru2401P13750,949.0,0.0,0.0,0.0,4,860.0,887.0,2,949.0,0.0,0.0,0.0,0.0,0.0,7
2023-05-10 21:18:49,ru2401P13750,ru2401P13750,949.0,0.0,0.0,0.0,4,860.0,887.0,2,949.0,0.0,0.0,0.0,0.0,0.0,7
2023-05-10 21:18:53,ru2401P13750,ru2401P13750,949.0,0.0,0.0,0.0,4,860.0,887.0,2,949.0,0.0,0.0,0.0,0.0,0.0,7
2023-05-10 21:18:57,ru2401P13750,ru2401P13750,949.0,0.0,0.0,0.0,4,860.0,887.0,2,949.0,0.0,0.0,0.0,0.0,0.0,7
2023-05-10 21:19:49,ru2401P13750,ru2401P13750,949.0,0.0,0.0,0.0,2,860.0,881.0,2,949.0,0.0,0.0,0.0,0.0,0.0,7
2023-05-10 21:19:50,ru2401P13750,ru2401P13750,949.0,0.0,0.0,0.0,4,854.0,881.0,4,949.0,0.0,0.0,0.0,0.0,0.0,7
2023-05-10 21:20:14,ru2401P13750,ru2401P13750,949.0,0.0,0.0,0.0,2,854.0,876.0,2,949.0,0.0,0.0,0.0,0.0,0.0,7
2023-05-10 21:20:14,ru2401P13750,ru2401P13750,949.0,0.0,0.0,0.0,4,849.0,876.0,4,949.0,0.0,0.0,0.0,0.0,0.0,7
2023-05-10 21:20:27,ru2401P13750,ru2401P13750,949.0,0.0,0.0,0.0,2,854.0,876.0,2,949.0,0.0,0.0,0.0,0.0,0.0,7
2023-05-10 21:20:27,ru2401P13750,ru2401P13750,949.0,0.0,0.0,0.0,4,854.0,881.0,4,949.0,0.0,0.0,0.0,0.0,0.0,7
2023-05-10 21:20:52,ru2401P13750,ru2401P13750,949.0,0.0,0.0,0.0,2,859.0,881.0,2,949.0,0.0,0.0,0.0,0.0,0.0,7
2023-05-10 21:20:52,ru2401P13750,ru2401P13750,949.0,0.0,0.0,0.0,4,859.0,886.0,4,949.0,0.0,0.0,0.0,0.0,0.0,7
2023-05-10 21:21:29,ru2401P13750,ru2401P13750,949.0,0.0,0.0,0.0,4,859.0,886.0,4,949.0,0.0,0.0,0.0,0.0,0.0,7
2023-05-10 21:22:15,ru2401P13750,ru2401P13750,949.0,0.0,0.0,0.0,2,859.0,877.0,2,949.0,0.0,0.0,0.0,0.0,0.0,7
2023-05-10 21:22:16,ru2401P13750,ru2401P13750,949.0,0.0,0.0,0.0,4,849.0,877.0,4,949.0,0.0,0.0,0.0,0.0,0.0,7
2023-05-10 21:23:17,ru2401P13750,ru2401P13750,949.0,0.0,0.0,0.0,2,849.0,872.0,2,949.0,0.0,0.0,0.0,0.0,0.0,7
2023-05-10 21:23:17,ru2401P13750,ru2401P13750,949.0,0.0,0.0,0.0,4,845.0,872.0,4,949.0,0.0,0.0,0.0,0.0,0.0,7
2023-05-10 21:23:33,ru2401P13750,ru2401P13750,949.0,0.0,0.0,0.0,2,845.0,868.0,2,949.0,0.0,0.0,0.0,0.0,0.0,7
2023-05-10 21:23:33,ru2401P13750,ru2401P13750,949.0,0.0,0.0,0.0,4,840.0,868.0,4,949.0,0.0,0.0,0.0,0.0,0.0,7
2023-05-10 21:23:41,ru2401P13750,ru2401P13750,949.0,0.0,0.0,0.0,2,840.0,863.0,2,949.0,0.0,0.0,0.0,0.0,0.0,7
2023-05-10 21:23:42,ru2401P13750,ru2401P13750,949.0,0.0,0.0,0.0,4,836.0,863.0,4,949.0,0.0,0.0,0.0,0.0,0.0,7
2023-05-10 21:24:00,ru2401P13750,ru2401P13750,949.0,0.0,0.0,0.0,2,836.0,858.0,2,949.0,0.0,0.0,0.0,0.0,0.0,7
2023-05-10 21:24:00,ru2401P13750,ru2401P13750,949.0,0.0,0.0,0.0,4,831.0,858.0,4,949.0,0.0,0.0,0.0,0.0,0.0,7
2023-05-10 21:24:14,ru2401P13750,ru2401P13750,949.0,0.0,0.0,0.0,2,831.0,852.0,2,949.0,0.0,0.0,0.0,0.0,0.0,7
2023-05-10 21:24:14,ru2401P13750,ru2401P13750,949.0,0.0,0.0,0.0,4,825.0,852.0,4,949.0,0.0,0.0,0.0,0.0,0.0,7
2023-05-10 21:24:20,ru2401P13750,ru2401P13750,949.0,0.0,0.0,0.0,2,825.0,847.0,2,949.0,0.0,0.0,0.0,0.0,0.0,7
2023-05-10 21:24:20,ru2401P13750,ru2401P13750,949.0,0.0,0.0,0.0,4,820.0,847.0,4,949.0,0.0,0.0,0.0,0.0,0.0,7
2023-05-10 21:24:42,ru2401P13750,ru2401P13750,949.0,0.0,0.0,0.0,2,825.0,847.0,2,949.0,0.0,0.0,0.0,0.0,0.0,7
2023-05-10 21:24:42,ru2401P13750,ru2401P13750,949.0,0.0,0.0,0.0,4,825.0,852.0,4,949.0,0.0,0.0,0.0,0.0,0.0,7
2023-05-10 21:25:33,ru2401P13750,ru2401P13750,949.0,0.0,0.0,0.0,2,829.0,852.0,2,949.0,0.0,0.0,0.0,0.0,0.0,7
2023-05-10 21:25:34,ru2401P13750,ru2401P13750,949.0,0.0,0.0,0.0,4,829.0,857.0,4,949.0,0.0,0.0,0.0,0.0,0.0,7
2023-05-10 21:26:39,ru2401P13750,ru2401P13750,949.0,0.0,0.0,0.0,2,829.0,852.0,2,949.0,0.0,0.0,0.0,0.0,0.0,7
2023-05-10 21:26:40,ru2401P13750,ru2401P13750,949.0,0.0,0.0,0.0,4,825.0,852.0,4,949.0,0.0,0.0,0.0,0.0,0.0,7
2023-05-10 21:27:33,ru2401P13750,ru2401P13750,949.0,0.0,0.0,0.0,2,830.0,852.0,2,949.0,0.0,0.0,0.0,0.0,0.0,7
2023-05-10 21:27:34,ru2401P13750,ru2401P13750,949.0,0.0,0.0,0.0,4,830.0,857.0,4,949.0,0.0,0.0,0.0,0.0,0.0,7
2023-05-10 21:28:07,ru2401P13750,ru2401P13750,949.0,0.0,0.0,0.0,2,834.0,857.0,2,949.0,0.0,0.0,0.0,0.0,0.0,7
2023-05-10 21:28:08,ru2401P13750,ru2401P13750,949.0,0.0,0.0,0.0,4,834.0,862.0,4,949.0,0.0,0.0,0.0,0.0,0.0,7
2023-05-10 21:28:44,ru2401P13750,ru2401P13750,949.0,0.0,0.0,0.0,2,834.0,857.0,2,949.0,0.0,0.0,0.0,0.0,0.0,7
2023-05-10 21:28:45,ru2401P13750,ru2401P13750,949.0,0.0,0.0,0.0,4,830.0,857.0,4,949.0,0.0,0.0,0.0,0.0,0.0,7
2023-05-10 21:29:48,ru2401P13750,ru2401P13750,949.0,0.0,0.0,0.0,2,835.0,857.0,2,949.0,0.0,0.0,0.0,0.0,0.0,7
2023-05-10 21:29:48,ru2401P13750,ru2401P13750,949.0,0.0,0.0,0.0,4,835.0,862.0,4,949.0,0.0,0.0,0.0,0.0,0.0,7
2023-05-10 21:30:43,ru2401P13750,ru2401P13750,949.0,0.0,0.0,0.0,2,839.0,862.0,2,949.0,0.0,0.0,0.0,0.0,0.0,7
2023-05-10 21:30:44,ru2401P13750,ru2401P13750,949.0,0.0,0.0,0.0,4,839.0,867.0,4,949.0,0.0,0.0,0.0,0.0,0.0,7
2023-05-10 21:31:13,ru2401P13750,ru2401P13750,949.0,0.0,0.0,0.0,4,839.0,863.0,2,949.0,0.0,0.0,0.0,0.0,0.0,7
2023-05-10 21:31:14,ru2401P13750,ru2401P13750,949.0,0.0,0.0,0.0,4,839.0,863.0,4,949.0,0.0,0.0,0.0,0.0,0.0,7
2023-05-10 21:31:40,ru2401P13750,ru2401P13750,949.0,0.0,0.0,0.0,2,842.0,863.0,2,949.0,0.0,0.0,0.0,0.0,0.0,7
2023-05-10 21:31:41,ru2401P13750,ru2401P13750,949.0,0.0,0.0,0.0,4,842.0,867.0,4,949.0,0.0,0.0,0.0,0.0,0.0,7
2023-05-10 21:31:44,ru2401P13750,ru2401P13750,949.0,0.0,0.0,0.0,2,846.0,867.0,2,949.0,0.0,0.0,0.0,0.0,0.0,7
2023-05-10 21:31:45,ru2401P13750,ru2401P13750,949.0,0.0,0.0,0.0,4,846.0,870.0,4,949.0,0.0,0.0,0.0,0.0,0.0,7
2023-05-10 21:31:51,ru2401P13750,ru2401P13750,949.0,0.0,0.0,0.0,2,849.0,870.0,2,949.0,0.0,0.0,0.0,0.0,0.0,7
2023-05-10 21:31:51,ru2401P13750,ru2401P13750,949.0,0.0,0.0,0.0,4,849.0,874.0,4,949.0,0.0,0.0,0.0,0.0,0.0,7
2023-05-10 21:31:54,ru2401P13750,ru2401P13750,949.0,0.0,0.0,0.0,2,853.0,874.0,2,949.0,0.0,0.0,0.0,0.0,0.0,7
2023-05-10 21:31:54,ru2401P13750,ru2401P13750,949.0,0.0,0.0,0.0,4,853.0,877.0,4,949.0,0.0,0.0,0.0,0.0,0.0,7
2023-05-10 21:32:00,ru2401P13750,ru2401P13750,949.0,0.0,0.0,0.0,2,856.0,877.0,2,949.0,0.0,0.0,0.0,0.0,0.0,7
2023-05-10 21:32:01,ru2401P13750,ru2401P13750,949.0,0.0,0.0,0.0,4,856.0,881.0,4,949.0,0.0,0.0,0.0,0.0,0.0,7
2023-05-10 21:32:08,ru2401P13750,ru2401P13750,949.0,0.0,0.0,0.0,2,860.0,881.0,2,949.0,0.0,0.0,0.0,0.0,0.0,7
2023-05-10 21:32:09,ru2401P13750,ru2401P13750,949.0,0.0,0.0,0.0,4,860.0,884.0,4,949.0,0.0,0.0,0.0,0.0,0.0,7
2023-05-10 21:32:10,ru2401P13750,ru2401P13750,949.0,0.0,0.0,0.0,2,864.0,884.0,2,949.0,0.0,0.0,0.0,0.0,0.0,7
2023-05-10 21:32:10,ru2401P13750,ru2401P13750,949.0,0.0,0.0,0.0,2,864.0,888.0,4,949.0,0.0,0.0,0.0,0.0,0.0,7
2023-05-10 21:32:12,ru2401P13750,ru2401P13750,949.0,0.0,0.0,0.0,2,861.0,885.0,2,949.0,0.0,0.0,0.0,0.0,0.0,7
2023-05-10 21:32:21,ru2401P13750,ru2401P13750,949.0,0.0,0.0,0.0,2,864.0,888.0,4,949.0,0.0,0.0,0.0,0.0,0.0,7
2023-05-10 21:32:23,ru2401P13750,ru2401P13750,949.0,0.0,0.0,0.0,2,861.0,885.0,2,949.0,0.0,0.0,0.0,0.0,0.0,7
2023-05-10 21:32:26,ru2401P13750,ru2401P13750,949.0,0.0,0.0,0.0,2,861.0,881.0,2,949.0,0.0,0.0,0.0,0.0,0.0,7
2023-05-10 21:32:27,ru2401P13750,ru2401P13750,949.0,0.0,0.0,0.0,4,857.0,881.0,4,949.0,0.0,0.0,0.0,0.0,0.0,7
2023-05-10 21:33:05,ru2401P13750,ru2401P13750,949.0,0.0,0.0,0.0,2,861.0,881.0,2,949.0,0.0,0.0,0.0,0.0,0.0,7
2023-05-10 21:33:05,ru2401P13750,ru2401P13750,949.0,0.0,0.0,0.0,4,861.0,886.0,4,949.0,0.0,0.0,0.0,0.0,0.0,7
2023-05-10 21:33:11,ru2401P13750,ru2401P13750,949.0,0.0,0.0,0.0,2,865.0,886.0,2,949.0,0.0,0.0,0.0,0.0,0.0,7
2023-05-10 21:33:11,ru2401P13750,ru2401P13750,949.0,0.0,0.0,0.0,4,865.0,889.0,4,949.0,0.0,0.0,0.0,0.0,0.0,7
2023-05-10 21:34:21,ru2401P13750,ru2401P13750,949.0,0.0,0.0,0.0,2,869.0,889.0,2,949.0,0.0,0.0,0.0,0.0,0.0,7
2023-05-10 21:34:22,ru2401P13750,ru2401P13750,949.0,0.0,0.0,0.0,4,869.0,893.0,4,949.0,0.0,0.0,0.0,0.0,0.0,7
2023-05-10 21:34:35,ru2401P13750,ru2401P13750,949.0,0.0,0.0,0.0,2,872.0,893.0,2,949.0,0.0,0.0,0.0,0.0,0.0,7
2023-05-10 21:34:36,ru2401P13750,ru2401P13750,949.0,0.0,0.0,0.0,4,872.0,897.0,4,949.0,0.0,0.0,0.0,0.0,0.0,7
2023-05-10 21:34:43,ru2401P13750,ru2401P13750,949.0,0.0,0.0,0.0,2,876.0,897.0,2,949.0,0.0,0.0,0.0,0.0,0.0,7
2023-05-10 21:34:44,ru2401P13750,ru2401P13750,949.0,0.0,0.0,0.0,4,876.0,900.0,4,949.0,0.0,0.0,0.0,0.0,0.0,7
2023-05-10 21:35:04,ru2401P13750,ru2401P13750,949.0,0.0,0.0,0.0,2,876.0,895.0,2,949.0,0.0,0.0,0.0,0.0,0.0,7
2023-05-10 21:35:04,ru2401P13750,ru2401P13750,949.0,0.0,0.0,0.0,4,871.0,895.0,4,949.0,0.0,0.0,0.0,0.0,0.0,7
2023-05-10 21:35:06,ru2401P13750,ru2401P13750,949.0,0.0,0.0,0.0,2,871.0,892.0,2,949.0,0.0,0.0,0.0,0.0,0.0,7
2023-05-10 21:35:07,ru2401P13750,ru2401P13750,949.0,0.0,0.0,0.0,4,867.0,892.0,4,949.0,0.0,0.0,0.0,0.0,0.0,7
2023-05-10 21:35:13,ru2401P13750,ru2401P13750,949.0,0.0,0.0,0.0,2,867.0,888.0,2,949.0,0.0,0.0,0.0,0.0,0.0,7
2023-05-10 21:35:13,ru2401P13750,ru2401P13750,949.0,0.0,0.0,0.0,4,864.0,888.0,4,949.0,0.0,0.0,0.0,0.0,0.0,7
2023-05-10 21:35:34,ru2401P13750,ru2401P13750,949.0,0.0,0.0,0.0,2,867.0,888.0,2,949.0,0.0,0.0,0.0,0.0,0.0,7
2023-05-10 21:35:35,ru2401P13750,ru2401P13750,949.0,0.0,0.0,0.0,4,867.0,892.0,4,949.0,0.0,0.0,0.0,0.0,0.0,7
2023-05-10 21:35:41,ru2401P13750,ru2401P13750,949.0,0.0,0.0,0.0,2,871.0,892.0,2,949.0,0.0,0.0,0.0,0.0,0.0,7
2023-05-10 21:35:41,ru2401P13750,ru2401P13750,949.0,0.0,0.0,0.0,4,871.0,895.0,4,949.0,0.0,0.0,0.0,0.0,0.0,7
2023-05-10 21:36:02,ru2401P13750,ru2401P13750,949.0,0.0,0.0,0.0,2,874.0,895.0,2,949.0,0.0,0.0,0.0,0.0,0.0,7
2023-05-10 21:36:02,ru2401P13750,ru2401P13750,949.0,0.0,0.0,0.0,4,874.0,899.0,4,949.0,0.0,0.0,0.0,0.0,0.0,7
2023-05-10 21:36:03,ru2401P13750,ru2401P13750,949.0,0.0,0.0,0.0,2,878.0,899.0,2,949.0,0.0,0.0,0.0,0.0,0.0,7
2023-05-10 21:36:04,ru2401P13750,ru2401P13750,949.0,0.0,0.0,0.0,4,878.0,902.0,4,949.0,0.0,0.0,0.0,0.0,0.0,7
2023-05-10 21:36:06,ru2401P13750,ru2401P13750,949.0,0.0,0.0,0.0,2,881.0,902.0,2,949.0,0.0,0.0,0.0,0.0,0.0,7
2023-05-10 21:36:07,ru2401P13750,ru2401P13750,949.0,0.0,0.0,0.0,4,881.0,906.0,4,949.0,0.0,0.0,0.0,0.0,0.0,7
2023-05-10 21:36:16,ru2401P13750,ru2401P13750,949.0,0.0,0.0,0.0,2,885.0,906.0,2,949.0,0.0,0.0,0.0,0.0,0.0,7
2023-05-10 21:36:17,ru2401P13750,ru2401P13750,949.0,0.0,0.0,0.0,4,885.0,909.0,4,949.0,0.0,0.0,0.0,0.0,0.0,7
2023-05-10 21:36:26,ru2401P13750,ru2401P13750,949.0,0.0,0.0,0.0,2,888.0,909.0,2,949.0,0.0,0.0,0.0,0.0,0.0,7
2023-05-10 21:36:27,ru2401P13750,ru2401P13750,949.0,0.0,0.0,0.0,4,888.0,913.0,4,949.0,0.0,0.0,0.0,0.0,0.0,7
2023-05-10 21:36:30,ru2401P13750,ru2401P13750,949.0,0.0,0.0,0.0,2,892.0,913.0,2,949.0,0.0,0.0,0.0,0.0,0.0,7
2023-05-10 21:36:31,ru2401P13750,ru2401P13750,949.0,0.0,0.0,0.0,4,892.0,916.0,4,949.0,0.0,0.0,0.0,0.0,0.0,7
2023-05-10 21:36:32,ru2401P13750,ru2401P13750,949.0,0.0,0.0,0.0,2,895.0,916.0,2,949.0,0.0,0.0,0.0,0.0,0.0,7
2023-05-10 21:36:33,ru2401P13750,ru2401P13750,949.0,0.0,0.0,0.0,4,895.0,920.0,4,949.0,0.0,0.0,0.0,0.0,0.0,7
2023-05-10 21:36:35,ru2401P13750,ru2401P13750,949.0,0.0,0.0,0.0,2,895.0,920.0,4,949.0,0.0,0.0,0.0,0.0,0.0,7
2023-05-10 21:36:36,ru2401P13750,ru2401P13750,949.0,0.0,0.0,0.0,4,895.0,920.0,4,949.0,0.0,0.0,0.0,0.0,0.0,7
2023-05-10 21:36:37,ru2401P13750,ru2401P13750,949.0,0.0,0.0,0.0,2,895.0,920.0,2,949.0,0.0,0.0,0.0,0.0,0.0,7
2023-05-10 21:36:38,ru2401P13750,ru2401P13750,949.0,0.0,0.0,0.0,4,895.0,920.0,4,949.0,0.0,0.0,0.0,0.0,0.0,7
2023-05-10 21:36:40,ru2401P13750,ru2401P13750,949.0,0.0,0.0,0.0,2,895.0,916.0,2,949.0,0.0,0.0,0.0,0.0,0.0,7
2023-05-10 21:36:41,ru2401P13750,ru2401P13750,949.0,0.0,0.0,0.0,4,892.0,916.0,4,949.0,0.0,0.0,0.0,0.0,0.0,7
2023-05-10 21:37:09,ru2401P13750,ru2401P13750,949.0,0.0,0.0,0.0,2,895.0,916.0,2,949.0,0.0,0.0,0.0,0.0,0.0,7
2023-05-10 21:37:09,ru2401P13750,ru2401P13750,949.0,0.0,0.0,0.0,4,895.0,920.0,4,949.0,0.0,0.0,0.0,0.0,0.0,7
2023-05-10 21:37:10,ru2401P13750,ru2401P13750,949.0,0.0,0.0,0.0,4,895.0,920.0,4,949.0,0.0,0.0,0.0,0.0,0.0,7
2023-05-10 21:37:10,ru2401P13750,ru2401P13750,949.0,0.0,0.0,0.0,4,895.0,920.0,4,949.0,0.0,0.0,0.0,0.0,0.0,7
2023-05-10 21:37:11,ru2401P13750,ru2401P13750,949.0,0.0,0.0,0.0,4,895.0,920.0,4,949.0,0.0,0.0,0.0,0.0,0.0,7
2023-05-10 21:37:12,ru2401P13750,ru2401P13750,949.0,0.0,0.0,0.0,4,895.0,920.0,4,949.0,0.0,0.0,0.0,0.0,0.0,7
2023-05-10 21:37:13,ru2401P13750,ru2401P13750,949.0,0.0,0.0,0.0,4,895.0,920.0,4,949.0,0.0,0.0,0.0,0.0,0.0,7
2023-05-10 21:37:14,ru2401P13750,ru2401P13750,949.0,0.0,0.0,0.0,2,899.0,920.0,2,949.0,0.0,0.0,0.0,0.0,0.0,7
2023-05-10 21:37:14,ru2401P13750,ru2401P13750,949.0,0.0,0.0,0.0,4,899.0,923.0,4,949.0,0.0,0.0,0.0,0.0,0.0,7
2023-05-10 21:37:15,ru2401P13750,ru2401P13750,949.0,0.0,0.0,0.0,4,899.0,923.0,4,949.0,0.0,0.0,0.0,0.0,0.0,7
2023-05-10 21:37:16,ru2401P13750,ru2401P13750,949.0,0.0,0.0,0.0,4,899.0,923.0,4,949.0,0.0,0.0,0.0,0.0,0.0,7
2023-05-10 21:37:18,ru2401P13750,ru2401P13750,949.0,0.0,0.0,0.0,4,899.0,923.0,4,949.0,0.0,0.0,0.0,0.0,0.0,7
2023-05-10 21:37:27,ru2401P13750,ru2401P13750,949.0,0.0,0.0,0.0,4,899.0,923.0,4,949.0,0.0,0.0,0.0,0.0,0.0,7
2023-05-10 21:37:32,ru2401P13750,ru2401P13750,949.0,0.0,0.0,0.0,4,899.0,923.0,4,949.0,0.0,0.0,0.0,0.0,0.0,7
2023-05-10 21:37:36,ru2401P13750,ru2401P13750,949.0,0.0,0.0,0.0,4,899.0,923.0,4,949.0,0.0,0.0,0.0,0.0,0.0,7
2023-05-10 21:37:39,ru2401P13750,ru2401P13750,949.0,0.0,0.0,0.0,4,899.0,923.0,4,949.0,0.0,0.0,0.0,0.0,0.0,7
2023-05-10 21:37:42,ru2401P13750,ru2401P13750,949.0,0.0,0.0,0.0,2,902.0,923.0,2,949.0,0.0,0.0,0.0,0.0,0.0,7
2023-05-10 21:37:42,ru2401P13750,ru2401P13750,949.0,0.0,0.0,0.0,4,902.0,927.0,4,949.0,0.0,0.0,0.0,0.0,0.0,7
2023-05-10 21:37:43,ru2401P13750,ru2401P13750,949.0,0.0,0.0,0.0,4,902.0,927.0,4,949.0,0.0,0.0,0.0,0.0,0.0,7
2023-05-10 21:37:45,ru2401P13750,ru2401P13750,949.0,0.0,0.0,0.0,4,902.0,927.0,4,949.0,0.0,0.0,0.0,0.0,0.0,7
2023-05-10 21:37:46,ru2401P13750,ru2401P13750,949.0,0.0,0.0,0.0,2,906.0,927.0,2,949.0,0.0,0.0,0.0,0.0,0.0,7
2023-05-10 21:37:46,ru2401P13750,ru2401P13750,949.0,0.0,0.0,0.0,4,906.0,930.0,4,949.0,0.0,0.0,0.0,0.0,0.0,7
2023-05-10 21:37:47,ru2401P13750,ru2401P13750,949.0,0.0,0.0,0.0,4,906.0,930.0,4,949.0,0.0,0.0,0.0,0.0,0.0,7
2023-05-10 21:37:47,ru2401P13750,ru2401P13750,949.0,0.0,0.0,0.0,4,906.0,930.0,4,949.0,0.0,0.0,0.0,0.0,0.0,7
2023-05-10 21:37:58,ru2401P13750,ru2401P13750,949.0,0.0,0.0,0.0,4,906.0,930.0,4,949.0,0.0,0.0,0.0,0.0,0.0,7
2023-05-10 21:38:00,ru2401P13750,ru2401P13750,949.0,0.0,0.0,0.0,4,906.0,930.0,4,949.0,0.0,0.0,0.0,0.0,0.0,7
2023-05-10 21:38:04,ru2401P13750,ru2401P13750,949.0,0.0,0.0,0.0,4,906.0,930.0,4,949.0,0.0,0.0,0.0,0.0,0.0,7
2023-05-10 21:38:05,ru2401P13750,ru2401P13750,949.0,0.0,0.0,0.0,4,906.0,930.0,4,949.0,0.0,0.0,0.0,0.0,0.0,7
2023-05-10 21:38:09,ru2401P13750,ru2401P13750,949.0,0.0,0.0,0.0,4,906.0,930.0,4,949.0,0.0,0.0,0.0,0.0,0.0,7
2023-05-10 21:38:11,ru2401P13750,ru2401P13750,949.0,0.0,0.0,0.0,4,906.0,930.0,4,949.0,0.0,0.0,0.0,0.0,0.0,7
2023-05-10 21:38:12,ru2401P13750,ru2401P13750,949.0,0.0,0.0,0.0,4,906.0,930.0,4,949.0,0.0,0.0,0.0,0.0,0.0,7
2023-05-10 21:38:14,ru2401P13750,ru2401P13750,949.0,0.0,0.0,0.0,4,906.0,930.0,4,949.0,0.0,0.0,0.0,0.0,0.0,7
2023-05-10 21:38:23,ru2401P13750,ru2401P13750,949.0,0.0,0.0,0.0,4,906.0,930.0,4,949.0,0.0,0.0,0.0,0.0,0.0,7
2023-05-10 21:38:24,ru2401P13750,ru2401P13750,949.0,0.0,0.0,0.0,2,906.0,925.0,2,949.0,0.0,0.0,0.0,0.0,0.0,7
2023-05-10 21:38:24,ru2401P13750,ru2401P13750,949.0,0.0,0.0,0.0,6,901.0,925.0,4,949.0,0.0,0.0,0.0,0.0,0.0,7
2023-05-10 21:38:25,ru2401P13750,ru2401P13750,949.0,0.0,0.0,0.0,4,901.0,925.0,4,949.0,0.0,0.0,0.0,0.0,0.0,7
2023-05-10 21:38:38,ru2401P13750,ru2401P13750,949.0,0.0,0.0,0.0,4,901.0,925.0,4,949.0,0.0,0.0,0.0,0.0,0.0,7
2023-05-10 21:38:39,ru2401P13750,ru2401P13750,949.0,0.0,0.0,0.0,4,901.0,925.0,4,949.0,0.0,0.0,0.0,0.0,0.0,7
2023-05-10 21:38:40,ru2401P13750,ru2401P13750,949.0,0.0,0.0,0.0,4,901.0,925.0,4,949.0,0.0,0.0,0.0,0.0,0.0,7
2023-05-10 21:38:41,ru2401P13750,ru2401P13750,949.0,0.0,0.0,0.0,4,901.0,925.0,4,949.0,0.0,0.0,0.0,0.0,0.0,7
2023-05-10 21:38:47,ru2401P13750,ru2401P13750,949.0,0.0,0.0,0.0,4,901.0,925.0,4,949.0,0.0,0.0,0.0,0.0,0.0,7
2023-05-10 21:38:47,ru2401P13750,ru2401P13750,949.0,0.0,0.0,0.0,4,901.0,925.0,4,949.0,0.0,0.0,0.0,0.0,0.0,7
2023-05-10 21:39:03,ru2401P13750,ru2401P13750,949.0,0.0,0.0,0.0,4,901.0,925.0,4,949.0,0.0,0.0,0.0,0.0,0.0,7
2023-05-10 21:39:07,ru2401P13750,ru2401P13750,949.0,0.0,0.0,0.0,2,901.0,922.0,2,949.0,0.0,0.0,0.0,0.0,0.0,7
2023-05-10 21:39:07,ru2401P13750,ru2401P13750,949.0,0.0,0.0,0.0,4,897.0,922.0,4,949.0,0.0,0.0,0.0,0.0,0.0,7
2023-05-10 21:39:08,ru2401P13750,ru2401P13750,949.0,0.0,0.0,0.0,4,897.0,922.0,4,949.0,0.0,0.0,0.0,0.0,0.0,7
2023-05-10 21:39:09,ru2401P13750,ru2401P13750,949.0,0.0,0.0,0.0,4,897.0,922.0,4,949.0,0.0,0.0,0.0,0.0,0.0,7
2023-05-10 21:39:14,ru2401P13750,ru2401P13750,949.0,0.0,0.0,0.0,2,897.0,918.0,2,949.0,0.0,0.0,0.0,0.0,0.0,7
2023-05-10 21:39:14,ru2401P13750,ru2401P13750,949.0,0.0,0.0,0.0,4,894.0,918.0,4,949.0,0.0,0.0,0.0,0.0,0.0,7
2023-05-10 21:39:15,ru2401P13750,ru2401P13750,949.0,0.0,0.0,0.0,4,894.0,918.0,4,949.0,0.0,0.0,0.0,0.0,0.0,7
2023-05-10 21:39:17,ru2401P13750,ru2401P13750,949.0,0.0,0.0,0.0,4,894.0,918.0,4,949.0,0.0,0.0,0.0,0.0,0.0,7
2023-05-10 21:39:18,ru2401P13750,ru2401P13750,949.0,0.0,0.0,0.0,4,894.0,918.0,4,949.0,0.0,0.0,0.0,0.0,0.0,7
2023-05-10 21:39:20,ru2401P13750,ru2401P13750,949.0,0.0,0.0,0.0,4,894.0,918.0,4,949.0,0.0,0.0,0.0,0.0,0.0,7
2023-05-10 21:39:21,ru2401P13750,ru2401P13750,949.0,0.0,0.0,0.0,4,894.0,918.0,4,949.0,0.0,0.0,0.0,0.0,0.0,7
2023-05-10 21:39:21,ru2401P13750,ru2401P13750,949.0,0.0,0.0,0.0,4,894.0,918.0,4,949.0,0.0,0.0,0.0,0.0,0.0,7
2023-05-10 21:39:23,ru2401P13750,ru2401P13750,949.0,0.0,0.0,0.0,2,894.0,915.0,2,949.0,0.0,0.0,0.0,0.0,0.0,7
2023-05-10 21:39:23,ru2401P13750,ru2401P13750,949.0,0.0,0.0,0.0,4,890.0,915.0,4,949.0,0.0,0.0,0.0,0.0,0.0,7
2023-05-10 21:39:24,ru2401P13750,ru2401P13750,949.0,0.0,0.0,0.0,4,890.0,915.0,4,949.0,0.0,0.0,0.0,0.0,0.0,7
2023-05-10 21:39:27,ru2401P13750,ru2401P13750,949.0,0.0,0.0,0.0,4,890.0,915.0,4,949.0,0.0,0.0,0.0,0.0,0.0,7
2023-05-10 21:39:27,ru2401P13750,ru2401P13750,949.0,0.0,0.0,0.0,4,890.0,915.0,4,949.0,0.0,0.0,0.0,0.0,0.0,7
2023-05-10 21:39:29,ru2401P13750,ru2401P13750,949.0,0.0,0.0,0.0,2,890.0,911.0,2,949.0,0.0,0.0,0.0,0.0,0.0,7
2023-05-10 21:39:30,ru2401P13750,ru2401P13750,949.0,0.0,0.0,0.0,4,887.0,911.0,4,949.0,0.0,0.0,0.0,0.0,0.0,7
2023-05-10 21:39:30,ru2401P13750,ru2401P13750,949.0,0.0,0.0,0.0,4,887.0,911.0,4,949.0,0.0,0.0,0.0,0.0,0.0,7
2023-05-10 21:39:31,ru2401P13750,ru2401P13750,949.0,0.0,0.0,0.0,4,887.0,911.0,4,949.0,0.0,0.0,0.0,0.0,0.0,7
2023-05-10 21:39:35,ru2401P13750,ru2401P13750,949.0,0.0,0.0,0.0,4,887.0,911.0,4,949.0,0.0,0.0,0.0,0.0,0.0,7
2023-05-10 21:39:35,ru2401P13750,ru2401P13750,949.0,0.0,0.0,0.0,4,887.0,911.0,4,949.0,0.0,0.0,0.0,0.0,0.0,7
2023-05-10 21:39:36,ru2401P13750,ru2401P13750,949.0,0.0,0.0,0.0,4,887.0,911.0,4,949.0,0.0,0.0,0.0,0.0,0.0,7
2023-05-10 21:39:37,ru2401P13750,ru2401P13750,949.0,0.0,0.0,0.0,4,887.0,911.0,4,949.0,0.0,0.0,0.0,0.0,0.0,7
2023-05-10 21:39:37,ru2401P13750,ru2401P13750,949.0,0.0,0.0,0.0,2,887.0,908.0,2,949.0,0.0,0.0,0.0,0.0,0.0,7
2023-05-10 21:39:38,ru2401P13750,ru2401P13750,949.0,0.0,0.0,0.0,4,883.0,908.0,4,949.0,0.0,0.0,0.0,0.0,0.0,7
2023-05-10 21:39:38,ru2401P13750,ru2401P13750,949.0,0.0,0.0,0.0,4,883.0,908.0,4,949.0,0.0,0.0,0.0,0.0,0.0,7
2023-05-10 21:39:44,ru2401P13750,ru2401P13750,949.0,0.0,0.0,0.0,4,883.0,908.0,4,949.0,0.0,0.0,0.0,0.0,0.0,7
2023-05-10 21:39:46,ru2401P13750,ru2401P13750,949.0,0.0,0.0,0.0,4,883.0,908.0,4,949.0,0.0,0.0,0.0,0.0,0.0,7
2023-05-10 21:40:00,ru2401P13750,ru2401P13750,949.0,0.0,0.0,0.0,4,883.0,908.0,4,949.0,0.0,0.0,0.0,0.0,0.0,7
2023-05-10 21:40:04,ru2401P13750,ru2401P13750,949.0,0.0,0.0,0.0,2,883.0,903.0,2,949.0,0.0,0.0,0.0,0.0,0.0,7
2023-05-10 21:40:05,ru2401P13750,ru2401P13750,949.0,0.0,0.0,0.0,4,879.0,903.0,4,949.0,0.0,0.0,0.0,0.0,0.0,7
2023-05-10 21:40:05,ru2401P13750,ru2401P13750,949.0,0.0,0.0,0.0,4,879.0,903.0,4,949.0,0.0,0.0,0.0,0.0,0.0,7
2023-05-10 21:40:08,ru2401P13750,ru2401P13750,949.0,0.0,0.0,0.0,4,879.0,903.0,4,949.0,0.0,0.0,0.0,0.0,0.0,7
2023-05-10 21:40:09,ru2401P13750,ru2401P13750,949.0,0.0,0.0,0.0,4,879.0,903.0,4,949.0,0.0,0.0,0.0,0.0,0.0,7
2023-05-10 21:40:11,ru2401P13750,ru2401P13750,949.0,0.0,0.0,0.0,4,879.0,903.0,4,949.0,0.0,0.0,0.0,0.0,0.0,7
2023-05-10 21:40:12,ru2401P13750,ru2401P13750,949.0,0.0,0.0,0.0,4,879.0,903.0,4,949.0,0.0,0.0,0.0,0.0,0.0,7
2023-05-10 21:40:13,ru2401P13750,ru2401P13750,949.0,0.0,0.0,0.0,2,879.0,900.0,2,949.0,0.0,0.0,0.0,0.0,0.0,7
2023-05-10 21:40:13,ru2401P13750,ru2401P13750,949.0,0.0,0.0,0.0,4,875.0,900.0,4,949.0,0.0,0.0,0.0,0.0,0.0,7
2023-05-10 21:40:14,ru2401P13750,ru2401P13750,949.0,0.0,0.0,0.0,4,875.0,900.0,4,949.0,0.0,0.0,0.0,0.0,0.0,7
2023-05-10 21:40:16,ru2401P13750,ru2401P13750,949.0,0.0,0.0,0.0,2,875.0,896.0,2,949.0,0.0,0.0,0.0,0.0,0.0,7
2023-05-10 21:40:16,ru2401P13750,ru2401P13750,949.0,0.0,0.0,0.0,4,872.0,896.0,4,949.0,0.0,0.0,0.0,0.0,0.0,7
2023-05-10 21:40:17,ru2401P13750,ru2401P13750,949.0,0.0,0.0,0.0,4,872.0,896.0,4,949.0,0.0,0.0,0.0,0.0,0.0,7
2023-05-10 21:40:18,ru2401P13750,ru2401P13750,949.0,0.0,0.0,0.0,4,872.0,896.0,4,949.0,0.0,0.0,0.0,0.0,0.0,7
2023-05-10 21:40:22,ru2401P13750,ru2401P13750,949.0,0.0,0.0,0.0,4,872.0,896.0,4,949.0,0.0,0.0,0.0,0.0,0.0,7
2023-05-10 21:40:30,ru2401P13750,ru2401P13750,949.0,0.0,0.0,0.0,4,872.0,896.0,4,949.0,0.0,0.0,0.0,0.0,0.0,7
2023-05-10 21:40:31,ru2401P13750,ru2401P13750,949.0,0.0,0.0,0.0,4,872.0,896.0,4,949.0,0.0,0.0,0.0,0.0,0.0,7
2023-05-10 21:40:32,ru2401P13750,ru2401P13750,949.0,0.0,0.0,0.0,4,872.0,896.0,4,949.0,0.0,0.0,0.0,0.0,0.0,7
2023-05-10 21:40:34,ru2401P13750,ru2401P13750,949.0,0.0,0.0,0.0,4,872.0,896.0,4,949.0,0.0,0.0,0.0,0.0,0.0,7
2023-05-10 21:40:35,ru2401P13750,ru2401P13750,949.0,0.0,0.0,0.0,4,872.0,896.0,4,949.0,0.0,0.0,0.0,0.0,0.0,7
2023-05-10 21:40:37,ru2401P13750,ru2401P13750,949.0,0.0,0.0,0.0,4,872.0,896.0,4,949.0,0.0,0.0,0.0,0.0,0.0,7
2023-05-10 21:40:39,ru2401P13750,ru2401P13750,949.0,0.0,0.0,0.0,4,872.0,896.0,4,949.0,0.0,0.0,0.0,0.0,0.0,7
2023-05-10 21:40:58,ru2401P13750,ru2401P13750,949.0,0.0,0.0,0.0,2,872.0,893.0,2,949.0,0.0,0.0,0.0,0.0,0.0,7
2023-05-10 21:40:59,ru2401P13750,ru2401P13750,949.0,0.0,0.0,0.0,4,868.0,893.0,4,949.0,0.0,0.0,0.0,0.0,0.0,7
2023-05-10 21:40:59,ru2401P13750,ru2401P13750,949.0,0.0,0.0,0.0,4,868.0,893.0,4,949.0,0.0,0.0,0.0,0.0,0.0,7
2023-05-10 21:41:11,ru2401P13750,ru2401P13750,949.0,0.0,0.0,0.0,4,868.0,893.0,4,949.0,0.0,0.0,0.0,0.0,0.0,7
2023-05-10 21:41:13,ru2401P13750,ru2401P13750,949.0,0.0,0.0,0.0,4,868.0,893.0,4,949.0,0.0,0.0,0.0,0.0,0.0,7
2023-05-10 21:41:13,ru2401P13750,ru2401P13750,949.0,0.0,0.0,0.0,4,868.0,893.0,4,949.0,0.0,0.0,0.0,0.0,0.0,7
2023-05-10 21:41:18,ru2401P13750,ru2401P13750,949.0,0.0,0.0,0.0,4,868.0,893.0,4,949.0,0.0,0.0,0.0,0.0,0.0,7
2023-05-10 21:41:26,ru2401P13750,ru2401P13750,949.0,0.0,0.0,0.0,4,868.0,893.0,4,949.0,0.0,0.0,0.0,0.0,0.0,7
2023-05-10 21:41:33,ru2401P13750,ru2401P13750,949.0,0.0,0.0,0.0,2,872.0,893.0,2,949.0,0.0,0.0,0.0,0.0,0.0,7
2023-05-10 21:41:33,ru2401P13750,ru2401P13750,949.0,0.0,0.0,0.0,4,872.0,896.0,4,949.0,0.0,0.0,0.0,0.0,0.0,7
2023-05-10 21:41:34,ru2401P13750,ru2401P13750,949.0,0.0,0.0,0.0,4,872.0,896.0,4,949.0,0.0,0.0,0.0,0.0,0.0,7
2023-05-10 21:41:36,ru2401P13750,ru2401P13750,949.0,0.0,0.0,0.0,4,872.0,896.0,4,949.0,0.0,0.0,0.0,0.0,0.0,7
2023-05-10 21:41:42,ru2401P13750,ru2401P13750,949.0,0.0,0.0,0.0,2,875.0,896.0,2,949.0,0.0,0.0,0.0,0.0,0.0,7
2023-05-10 21:41:42,ru2401P13750,ru2401P13750,949.0,0.0,0.0,0.0,4,875.0,900.0,4,949.0,0.0,0.0,0.0,0.0,0.0,7
2023-05-10 21:41:43,ru2401P13750,ru2401P13750,949.0,0.0,0.0,0.0,4,875.0,900.0,4,949.0,0.0,0.0,0.0,0.0,0.0,7
2023-05-10 21:41:56,ru2401P13750,ru2401P13750,949.0,0.0,0.0,0.0,4,875.0,900.0,4,949.0,0.0,0.0,0.0,0.0,0.0,7
2023-05-10 21:42:02,ru2401P13750,ru2401P13750,949.0,0.0,0.0,0.0,4,875.0,900.0,4,949.0,0.0,0.0,0.0,0.0,0.0,7
2023-05-10 21:42:04,ru2401P13750,ru2401P13750,949.0,0.0,0.0,0.0,4,875.0,900.0,4,949.0,0.0,0.0,0.0,0.0,0.0,7
2023-05-10 21:42:05,ru2401P13750,ru2401P13750,949.0,0.0,0.0,0.0,4,875.0,900.0,4,949.0,0.0,0.0,0.0,0.0,0.0,7
2023-05-10 21:42:07,ru2401P13750,ru2401P13750,949.0,0.0,0.0,0.0,4,875.0,900.0,4,949.0,0.0,0.0,0.0,0.0,0.0,7
2023-05-10 21:42:14,ru2401P13750,ru2401P13750,949.0,0.0,0.0,0.0,4,875.0,900.0,4,949.0,0.0,0.0,0.0,0.0,0.0,7
2023-05-10 21:42:16,ru2401P13750,ru2401P13750,949.0,0.0,0.0,0.0,4,875.0,900.0,4,949.0,0.0,0.0,0.0,0.0,0.0,7
2023-05-10 21:42:26,ru2401P13750,ru2401P13750,949.0,0.0,0.0,0.0,2,879.0,900.0,2,949.0,0.0,0.0,0.0,0.0,0.0,7
2023-05-10 21:42:26,ru2401P13750,ru2401P13750,949.0,0.0,0.0,0.0,4,879.0,903.0,4,949.0,0.0,0.0,0.0,0.0,0.0,7
2023-05-10 21:42:27,ru2401P13750,ru2401P13750,949.0,0.0,0.0,0.0,4,879.0,903.0,4,949.0,0.0,0.0,0.0,0.0,0.0,7
2023-05-10 21:42:32,ru2401P13750,ru2401P13750,949.0,0.0,0.0,0.0,4,879.0,903.0,4,949.0,0.0,0.0,0.0,0.0,0.0,7
2023-05-10 21:43:01,ru2401P13750,ru2401P13750,949.0,0.0,0.0,0.0,4,879.0,903.0,4,949.0,0.0,0.0,0.0,0.0,0.0,7
2023-05-10 21:43:02,ru2401P13750,ru2401P13750,949.0,0.0,0.0,0.0,4,879.0,903.0,4,949.0,0.0,0.0,0.0,0.0,0.0,7
2023-05-10 21:43:03,ru2401P13750,ru2401P13750,949.0,0.0,0.0,0.0,4,879.0,903.0,4,949.0,0.0,0.0,0.0,0.0,0.0,7
2023-05-10 21:43:06,ru2401P13750,ru2401P13750,949.0,0.0,0.0,0.0,4,879.0,903.0,4,949.0,0.0,0.0,0.0,0.0,0.0,7
2023-05-10 21:43:06,ru2401P13750,ru2401P13750,949.0,0.0,0.0,0.0,4,879.0,903.0,4,949.0,0.0,0.0,0.0,0.0,0.0,7
2023-05-10 21:43:11,ru2401P13750,ru2401P13750,949.0,0.0,0.0,0.0,4,879.0,903.0,4,949.0,0.0,0.0,0.0,0.0,0.0,7
2023-05-10 21:43:15,ru2401P13750,ru2401P13750,949.0,0.0,0.0,0.0,4,879.0,903.0,4,949.0,0.0,0.0,0.0,0.0,0.0,7
2023-05-10 21:43:15,ru2401P13750,ru2401P13750,949.0,0.0,0.0,0.0,4,879.0,903.0,4,949.0,0.0,0.0,0.0,0.0,0.0,7
2023-05-10 21:43:17,ru2401P13750,ru2401P13750,949.0,0.0,0.0,0.0,4,879.0,903.0,4,949.0,0.0,0.0,0.0,0.0,0.0,7
2023-05-10 21:43:19,ru2401P13750,ru2401P13750,949.0,0.0,0.0,0.0,4,879.0,903.0,4,949.0,0.0,0.0,0.0,0.0,0.0,7
2023-05-10 21:43:20,ru2401P13750,ru2401P13750,949.0,0.0,0.0,0.0,4,879.0,903.0,4,949.0,0.0,0.0,0.0,0.0,0.0,7
2023-05-10 21:43:20,ru2401P13750,ru2401P13750,949.0,0.0,0.0,0.0,4,879.0,903.0,4,949.0,0.0,0.0,0.0,0.0,0.0,7
2023-05-10 21:44:02,ru2401P13750,ru2401P13750,949.0,0.0,0.0,0.0,4,879.0,903.0,4,949.0,0.0,0.0,0.0,0.0,0.0,7
2023-05-10 21:44:03,ru2401P13750,ru2401P13750,949.0,0.0,0.0,0.0,4,879.0,903.0,4,949.0,0.0,0.0,0.0,0.0,0.0,7
2023-05-10 21:44:06,ru2401P13750,ru2401P13750,949.0,0.0,0.0,0.0,4,879.0,903.0,4,949.0,0.0,0.0,0.0,0.0,0.0,7
2023-05-10 21:44:07,ru2401P13750,ru2401P13750,949.0,0.0,0.0,0.0,2,879.0,900.0,2,949.0,0.0,0.0,0.0,0.0,0.0,7
2023-05-10 21:44:08,ru2401P13750,ru2401P13750,949.0,0.0,0.0,0.0,4,875.0,900.0,4,949.0,0.0,0.0,0.0,0.0,0.0,7
2023-05-10 21:44:08,ru2401P13750,ru2401P13750,949.0,0.0,0.0,0.0,4,875.0,900.0,4,949.0,0.0,0.0,0.0,0.0,0.0,7
2023-05-10 21:44:26,ru2401P13750,ru2401P13750,949.0,0.0,0.0,0.0,4,875.0,900.0,4,949.0,0.0,0.0,0.0,0.0,0.0,7
2023-05-10 21:44:30,ru2401P13750,ru2401P13750,949.0,0.0,0.0,0.0,4,875.0,900.0,4,949.0,0.0,0.0,0.0,0.0,0.0,7
2023-05-10 21:44:32,ru2401P13750,ru2401P13750,949.0,0.0,0.0,0.0,4,875.0,900.0,4,949.0,0.0,0.0,0.0,0.0,0.0,7
2023-05-10 21:44:33,ru2401P13750,ru2401P13750,949.0,0.0,0.0,0.0,2,875.0,896.0,2,949.0,0.0,0.0,0.0,0.0,0.0,7
2023-05-10 21:44:33,ru2401P13750,ru2401P13750,949.0,0.0,0.0,0.0,4,872.0,896.0,4,949.0,0.0,0.0,0.0,0.0,0.0,7
2023-05-10 21:44:34,ru2401P13750,ru2401P13750,949.0,0.0,0.0,0.0,4,872.0,896.0,4,949.0,0.0,0.0,0.0,0.0,0.0,7
2023-05-10 21:44:42,ru2401P13750,ru2401P13750,949.0,0.0,0.0,0.0,4,872.0,896.0,4,949.0,0.0,0.0,0.0,0.0,0.0,7
2023-05-10 21:44:44,ru2401P13750,ru2401P13750,949.0,0.0,0.0,0.0,4,872.0,896.0,4,949.0,0.0,0.0,0.0,0.0,0.0,7
2023-05-10 21:44:51,ru2401P13750,ru2401P13750,949.0,0.0,0.0,0.0,2,872.0,893.0,2,949.0,0.0,0.0,0.0,0.0,0.0,7
2023-05-10 21:44:52,ru2401P13750,ru2401P13750,949.0,0.0,0.0,0.0,4,868.0,893.0,4,949.0,0.0,0.0,0.0,0.0,0.0,7
2023-05-10 21:44:52,ru2401P13750,ru2401P13750,949.0,0.0,0.0,0.0,4,868.0,893.0,4,949.0,0.0,0.0,0.0,0.0,0.0,7
2023-05-10 21:44:56,ru2401P13750,ru2401P13750,949.0,0.0,0.0,0.0,4,868.0,893.0,4,949.0,0.0,0.0,0.0,0.0,0.0,7
2023-05-10 21:45:12,ru2401P13750,ru2401P13750,949.0,0.0,0.0,0.0,4,868.0,893.0,4,949.0,0.0,0.0,0.0,0.0,0.0,7
2023-05-10 21:45:12,ru2401P13750,ru2401P13750,949.0,0.0,0.0,0.0,4,868.0,893.0,4,949.0,0.0,0.0,0.0,0.0,0.0,7
2023-05-10 21:45:14,ru2401P13750,ru2401P13750,949.0,0.0,0.0,0.0,4,868.0,893.0,4,949.0,0.0,0.0,0.0,0.0,0.0,7
2023-05-10 21:45:19,ru2401P13750,ru2401P13750,949.0,0.0,0.0,0.0,4,868.0,893.0,4,949.0,0.0,0.0,0.0,0.0,0.0,7
2023-05-10 21:45:22,ru2401P13750,ru2401P13750,949.0,0.0,0.0,0.0,2,868.0,888.0,2,949.0,0.0,0.0,0.0,0.0,0.0,7
2023-05-10 21:45:22,ru2401P13750,ru2401P13750,949.0,0.0,0.0,0.0,4,864.0,888.0,4,949.0,0.0,0.0,0.0,0.0,0.0,7
2023-05-10 21:45:23,ru2401P13750,ru2401P13750,949.0,0.0,0.0,0.0,4,864.0,888.0,4,949.0,0.0,0.0,0.0,0.0,0.0,7
2023-05-10 21:45:59,ru2401P13750,ru2401P13750,949.0,0.0,0.0,0.0,2,867.0,888.0,2,949.0,0.0,0.0,0.0,0.0,0.0,7
2023-05-10 21:46:00,ru2401P13750,ru2401P13750,949.0,0.0,0.0,0.0,4,867.0,892.0,4,949.0,0.0,0.0,0.0,0.0,0.0,7
2023-05-10 21:46:00,ru2401P13750,ru2401P13750,949.0,0.0,0.0,0.0,4,867.0,892.0,4,949.0,0.0,0.0,0.0,0.0,0.0,7
2023-05-10 21:46:09,ru2401P13750,ru2401P13750,949.0,0.0,0.0,0.0,4,867.0,892.0,4,949.0,0.0,0.0,0.0,0.0,0.0,7
2023-05-10 21:46:21,ru2401P13750,ru2401P13750,949.0,0.0,0.0,0.0,4,867.0,892.0,4,949.0,0.0,0.0,0.0,0.0,0.0,7
2023-05-10 21:46:25,ru2401P13750,ru2401P13750,949.0,0.0,0.0,0.0,4,867.0,892.0,4,949.0,0.0,0.0,0.0,0.0,0.0,7
2023-05-10 21:46:27,ru2401P13750,ru2401P13750,949.0,0.0,0.0,0.0,4,867.0,892.0,4,949.0,0.0,0.0,0.0,0.0,0.0,7
2023-05-10 21:46:29,ru2401P13750,ru2401P13750,949.0,0.0,0.0,0.0,4,867.0,892.0,4,949.0,0.0,0.0,0.0,0.0,0.0,7
2023-05-10 21:46:40,ru2401P13750,ru2401P13750,949.0,0.0,0.0,0.0,4,867.0,892.0,4,949.0,0.0,0.0,0.0,0.0,0.0,7
2023-05-10 21:46:41,ru2401P13750,ru2401P13750,949.0,0.0,0.0,0.0,4,867.0,892.0,4,949.0,0.0,0.0,0.0,0.0,0.0,7
2023-05-10 21:46:52,ru2401P13750,ru2401P13750,949.0,0.0,0.0,0.0,4,867.0,892.0,4,949.0,0.0,0.0,0.0,0.0,0.0,7
2023-05-10 21:46:54,ru2401P13750,ru2401P13750,949.0,0.0,0.0,0.0,4,867.0,892.0,4,949.0,0.0,0.0,0.0,0.0,0.0,7
2023-05-10 21:46:54,ru2401P13750,ru2401P13750,949.0,0.0,0.0,0.0,4,867.0,892.0,4,949.0,0.0,0.0,0.0,0.0,0.0,7
2023-05-10 21:46:56,ru2401P13750,ru2401P13750,949.0,0.0,0.0,0.0,4,867.0,892.0,4,949.0,0.0,0.0,0.0,0.0,0.0,7
2023-05-10 21:47:35,ru2401P13750,ru2401P13750,949.0,0.0,0.0,0.0,4,867.0,892.0,4,949.0,0.0,0.0,0.0,0.0,0.0,7
2023-05-10 21:47:42,ru2401P13750,ru2401P13750,949.0,0.0,0.0,0.0,4,867.0,892.0,4,949.0,0.0,0.0,0.0,0.0,0.0,7
2023-05-10 21:47:43,ru2401P13750,ru2401P13750,949.0,0.0,0.0,0.0,4,867.0,892.0,4,949.0,0.0,0.0,0.0,0.0,0.0,7
2023-05-10 21:47:50,ru2401P13750,ru2401P13750,949.0,0.0,0.0,0.0,4,867.0,892.0,4,949.0,0.0,0.0,0.0,0.0,0.0,7
2023-05-10 21:47:50,ru2401P13750,ru2401P13750,949.0,0.0,0.0,0.0,4,867.0,892.0,4,949.0,0.0,0.0,0.0,0.0,0.0,7
2023-05-10 21:47:54,ru2401P13750,ru2401P13750,949.0,0.0,0.0,0.0,4,867.0,892.0,4,949.0,0.0,0.0,0.0,0.0,0.0,7
2023-05-10 21:47:55,ru2401P13750,ru2401P13750,949.0,0.0,0.0,0.0,4,867.0,892.0,4,949.0,0.0,0.0,0.0,0.0,0.0,7
2023-05-10 21:48:02,ru2401P13750,ru2401P13750,949.0,0.0,0.0,0.0,4,867.0,892.0,4,949.0,0.0,0.0,0.0,0.0,0.0,7
2023-05-10 21:48:03,ru2401P13750,ru2401P13750,949.0,0.0,0.0,0.0,4,867.0,892.0,4,949.0,0.0,0.0,0.0,0.0,0.0,7
2023-05-10 21:48:05,ru2401P13750,ru2401P13750,949.0,0.0,0.0,0.0,4,867.0,892.0,4,949.0,0.0,0.0,0.0,0.0,0.0,7
2023-05-10 21:48:06,ru2401P13750,ru2401P13750,949.0,0.0,0.0,0.0,4,867.0,892.0,4,949.0,0.0,0.0,0.0,0.0,0.0,7
2023-05-10 21:48:13,ru2401P13750,ru2401P13750,949.0,0.0,0.0,0.0,4,867.0,892.0,4,949.0,0.0,0.0,0.0,0.0,0.0,7
2023-05-10 21:48:16,ru2401P13750,ru2401P13750,949.0,0.0,0.0,0.0,4,867.0,892.0,4,949.0,0.0,0.0,0.0,0.0,0.0,7
2023-05-10 21:48:16,ru2401P13750,ru2401P13750,949.0,0.0,0.0,0.0,2,871.0,892.0,2,949.0,0.0,0.0,0.0,0.0,0.0,7
2023-05-10 21:48:17,ru2401P13750,ru2401P13750,949.0,0.0,0.0,0.0,4,871.0,896.0,4,949.0,0.0,0.0,0.0,0.0,0.0,7
2023-05-10 21:48:17,ru2401P13750,ru2401P13750,949.0,0.0,0.0,0.0,4,871.0,896.0,4,949.0,0.0,0.0,0.0,0.0,0.0,7
