time,symbol_id,symbol_name,last,trade_volume,trade_amount,open_interest_change,bv1,bp1,ap1,av1,yesterday_close,today_open,today_high,today_low,volume,amount,open_interest
2023-05-11 09:00:02,SM2312,SM312,6814.0,0.0,0.0,0.0,0,0.0,6822.0,1,6814.0,0.0,0.0,0.0,0.0,0.0,539
2023-05-11 09:00:03,SM2312,SM312,6814.0,0.0,0.0,0.0,0,0.0,6820.0,1,6814.0,0.0,0.0,0.0,0.0,0.0,539
2023-05-11 09:00:05,SM2312,SM312,6814.0,0.0,0.0,0.0,0,0.0,0.0,0,6814.0,0.0,0.0,0.0,0.0,0.0,539
2023-05-11 09:00:06,SM2312,SM312,6814.0,0.0,0.0,0.0,1,6136.0,6898.0,1,6814.0,0.0,0.0,0.0,0.0,0.0,539
2023-05-11 09:00:07,SM2312,SM312,6814.0,0.0,0.0,0.0,2,6454.0,6896.0,2,6814.0,0.0,0.0,0.0,0.0,0.0,539
2023-05-11 09:00:07,SM2312,SM312,6814.0,0.0,0.0,0.0,2,6454.0,6894.0,1,6814.0,0.0,0.0,0.0,0.0,0.0,539
2023-05-11 09:00:08,SM2312,SM312,6814.0,0.0,0.0,0.0,1,6456.0,6894.0,1,6814.0,0.0,0.0,0.0,0.0,0.0,539
2023-05-11 09:00:08,SM2312,SM312,6814.0,0.0,0.0,0.0,1,6578.0,6894.0,1,6814.0,0.0,0.0,0.0,0.0,0.0,539
2023-05-11 09:00:08,SM2312,SM312,6814.0,0.0,0.0,0.0,1,6582.0,6894.0,1,6814.0,0.0,0.0,0.0,0.0,0.0,539
2023-05-11 09:00:10,SM2312,SM312,6814.0,0.0,0.0,0.0,7,6584.0,6892.0,2,6814.0,0.0,0.0,0.0,0.0,0.0,539
2023-05-11 09:00:10,SM2312,SM312,6814.0,0.0,0.0,0.0,1,6588.0,6888.0,1,6814.0,0.0,0.0,0.0,0.0,0.0,539
2023-05-11 09:00:11,SM2312,SM312,6814.0,0.0,0.0,0.0,1,6590.0,6888.0,1,6814.0,0.0,0.0,0.0,0.0,0.0,539
2023-05-11 09:00:11,SM2312,SM312,6814.0,0.0,0.0,0.0,1,6594.0,6888.0,1,6814.0,0.0,0.0,0.0,0.0,0.0,539
2023-05-11 09:00:12,SM2312,SM312,6814.0,0.0,0.0,0.0,1,6596.0,6888.0,1,6814.0,0.0,0.0,0.0,0.0,0.0,539
2023-05-11 09:00:13,SM2312,SM312,6814.0,0.0,0.0,0.0,1,6600.0,6886.0,3,6814.0,0.0,0.0,0.0,0.0,0.0,539
2023-05-11 09:00:13,SM2312,SM312,6814.0,0.0,0.0,0.0,1,6602.0,6882.0,1,6814.0,0.0,0.0,0.0,0.0,0.0,539
2023-05-11 09:00:14,SM2312,SM312,6814.0,0.0,0.0,0.0,1,6606.0,6882.0,1,6814.0,0.0,0.0,0.0,0.0,0.0,539
2023-05-11 09:00:14,SM2312,SM312,6814.0,0.0,0.0,0.0,1,6608.0,6882.0,1,6814.0,0.0,0.0,0.0,0.0,0.0,539
2023-05-11 09:00:14,SM2312,SM312,6814.0,0.0,0.0,0.0,1,6612.0,6882.0,1,6814.0,0.0,0.0,0.0,0.0,0.0,539
2023-05-11 09:00:15,SM2312,SM312,6814.0,0.0,0.0,0.0,1,6614.0,6882.0,1,6814.0,0.0,0.0,0.0,0.0,0.0,539
2023-05-11 09:00:16,SM2312,SM312,6814.0,0.0,0.0,0.0,1,6618.0,6880.0,1,6814.0,0.0,0.0,0.0,0.0,0.0,539
2023-05-11 09:00:16,SM2312,SM312,6814.0,0.0,0.0,0.0,1,6620.0,6878.0,1,6814.0,0.0,0.0,0.0,0.0,0.0,539
2023-05-11 09:00:17,SM2312,SM312,6814.0,0.0,0.0,0.0,1,6624.0,6878.0,1,6814.0,0.0,0.0,0.0,0.0,0.0,539
2023-05-11 09:00:17,SM2312,SM312,6814.0,0.0,0.0,0.0,2,6626.0,6878.0,1,6814.0,0.0,0.0,0.0,0.0,0.0,539
2023-05-11 09:00:17,SM2312,SM312,6814.0,0.0,0.0,0.0,1,6630.0,6878.0,1,6814.0,0.0,0.0,0.0,0.0,0.0,539
2023-05-11 09:00:18,SM2312,SM312,6814.0,0.0,0.0,0.0,1,6632.0,6878.0,1,6814.0,0.0,0.0,0.0,0.0,0.0,539
2023-05-11 09:00:19,SM2312,SM312,6814.0,0.0,0.0,0.0,6,6634.0,6876.0,1,6814.0,0.0,0.0,0.0,0.0,0.0,539
2023-05-11 09:00:19,SM2312,SM312,6814.0,0.0,0.0,0.0,1,6636.0,6874.0,1,6814.0,0.0,0.0,0.0,0.0,0.0,539
2023-05-11 09:00:20,SM2312,SM312,6814.0,0.0,0.0,0.0,3,6636.0,6874.0,2,6814.0,0.0,0.0,0.0,0.0,0.0,539
2023-05-11 09:00:20,SM2312,SM312,6814.0,0.0,0.0,0.0,4,6638.0,6874.0,2,6814.0,0.0,0.0,0.0,0.0,0.0,539
2023-05-11 09:00:21,SM2312,SM312,6814.0,0.0,0.0,0.0,1,6640.0,6874.0,2,6814.0,0.0,0.0,0.0,0.0,0.0,539
2023-05-11 09:00:21,SM2312,SM312,6814.0,0.0,0.0,0.0,1,6642.0,6874.0,2,6814.0,0.0,0.0,0.0,0.0,0.0,539
2023-05-11 09:00:22,SM2312,SM312,6814.0,0.0,0.0,0.0,5,6644.0,6872.0,1,6814.0,0.0,0.0,0.0,0.0,0.0,539
2023-05-11 09:00:22,SM2312,SM312,6814.0,0.0,0.0,0.0,7,6644.0,6872.0,2,6814.0,0.0,0.0,0.0,0.0,0.0,539
2023-05-11 09:00:23,SM2312,SM312,6814.0,0.0,0.0,0.0,2,6646.0,6872.0,3,6814.0,0.0,0.0,0.0,0.0,0.0,539
2023-05-11 09:00:24,SM2312,SM312,6814.0,0.0,0.0,0.0,3,6648.0,6872.0,3,6814.0,0.0,0.0,0.0,0.0,0.0,539
2023-05-11 09:00:24,SM2312,SM312,6814.0,0.0,0.0,0.0,1,6650.0,6872.0,3,6814.0,0.0,0.0,0.0,0.0,0.0,539
2023-05-11 09:00:27,SM2312,SM312,6814.0,0.0,0.0,0.0,5,6652.0,6872.0,2,6814.0,0.0,0.0,0.0,0.0,0.0,539
2023-05-11 09:00:27,SM2312,SM312,6814.0,0.0,0.0,0.0,1,6654.0,6872.0,2,6814.0,0.0,0.0,0.0,0.0,0.0,539
2023-05-11 09:00:28,SM2312,SM312,6814.0,0.0,0.0,0.0,1,6656.0,6872.0,2,6814.0,0.0,0.0,0.0,0.0,0.0,539
2023-05-11 09:00:28,SM2312,SM312,6814.0,0.0,0.0,0.0,1,6656.0,6870.0,1,6814.0,0.0,0.0,0.0,0.0,0.0,539
2023-05-11 09:00:30,SM2312,SM312,6814.0,0.0,0.0,0.0,4,6658.0,6868.0,1,6814.0,0.0,0.0,0.0,0.0,0.0,539
2023-05-11 09:00:30,SM2312,SM312,6814.0,0.0,0.0,0.0,7,6660.0,6868.0,1,6814.0,0.0,0.0,0.0,0.0,0.0,539
2023-05-11 09:00:31,SM2312,SM312,6814.0,0.0,0.0,0.0,2,6662.0,6866.0,1,6814.0,0.0,0.0,0.0,0.0,0.0,539
2023-05-11 09:00:31,SM2312,SM312,6814.0,0.0,0.0,0.0,2,6662.0,6866.0,2,6814.0,0.0,0.0,0.0,0.0,0.0,539
2023-05-11 09:00:32,SM2312,SM312,6814.0,0.0,0.0,0.0,3,6664.0,6866.0,2,6814.0,0.0,0.0,0.0,0.0,0.0,539
2023-05-11 09:00:33,SM2312,SM312,6814.0,0.0,0.0,0.0,6,6666.0,6866.0,2,6814.0,0.0,0.0,0.0,0.0,0.0,539
2023-05-11 09:00:33,SM2312,SM312,6814.0,0.0,0.0,0.0,7,6666.0,6866.0,2,6814.0,0.0,0.0,0.0,0.0,0.0,539
2023-05-11 09:00:34,SM2312,SM312,6814.0,0.0,0.0,0.0,2,6668.0,6866.0,2,6814.0,0.0,0.0,0.0,0.0,0.0,539
2023-05-11 09:00:34,SM2312,SM312,6814.0,0.0,0.0,0.0,3,6668.0,6866.0,2,6814.0,0.0,0.0,0.0,0.0,0.0,539
2023-05-11 09:00:36,SM2312,SM312,6814.0,0.0,0.0,0.0,3,6670.0,6866.0,2,6814.0,0.0,0.0,0.0,0.0,0.0,539
2023-05-11 09:00:36,SM2312,SM312,6814.0,0.0,0.0,0.0,1,6700.0,6866.0,2,6814.0,0.0,0.0,0.0,0.0,0.0,539
2023-05-11 09:00:37,SM2312,SM312,6814.0,0.0,0.0,0.0,2,6702.0,6866.0,2,6814.0,0.0,0.0,0.0,0.0,0.0,539
2023-05-11 09:00:39,SM2312,SM312,6814.0,0.0,0.0,0.0,4,6704.0,6866.0,2,6814.0,0.0,0.0,0.0,0.0,0.0,539
2023-05-11 09:00:39,SM2312,SM312,6814.0,0.0,0.0,0.0,5,6706.0,6866.0,2,6814.0,0.0,0.0,0.0,0.0,0.0,539
2023-05-11 09:00:40,SM2312,SM312,6814.0,0.0,0.0,0.0,1,6710.0,6814.0,1,6814.0,0.0,0.0,0.0,0.0,0.0,539
2023-05-11 09:00:40,SM2312,SM312,6814.0,0.0,0.0,0.0,1,6710.0,6866.0,2,6814.0,0.0,0.0,0.0,0.0,0.0,539
2023-05-11 09:00:42,SM2312,SM312,6814.0,0.0,0.0,0.0,4,6712.0,6864.0,1,6814.0,0.0,0.0,0.0,0.0,0.0,539
2023-05-11 09:00:42,SM2312,SM312,6814.0,0.0,0.0,0.0,5,6714.0,6864.0,1,6814.0,0.0,0.0,0.0,0.0,0.0,539
2023-05-11 09:00:43,SM2312,SM312,6814.0,0.0,0.0,0.0,2,6716.0,6864.0,1,6814.0,0.0,0.0,0.0,0.0,0.0,539
2023-05-11 09:00:44,SM2312,SM312,6814.0,0.0,0.0,0.0,1,6718.0,6864.0,1,6814.0,0.0,0.0,0.0,0.0,0.0,539
2023-05-11 09:00:44,SM2312,SM312,6814.0,0.0,0.0,0.0,1,6718.0,6864.0,2,6814.0,0.0,0.0,0.0,0.0,0.0,539
2023-05-11 09:00:46,SM2312,SM312,6814.0,0.0,0.0,0.0,7,6720.0,6864.0,2,6814.0,0.0,0.0,0.0,0.0,0.0,539
2023-05-11 09:00:46,SM2312,SM312,6814.0,0.0,0.0,0.0,2,6722.0,6864.0,2,6814.0,0.0,0.0,0.0,0.0,0.0,539
2023-05-11 09:00:47,SM2312,SM312,6814.0,0.0,0.0,0.0,1,6724.0,6864.0,2,6814.0,0.0,0.0,0.0,0.0,0.0,539
2023-05-11 09:00:49,SM2312,SM312,6814.0,0.0,0.0,0.0,8,6726.0,6864.0,2,6814.0,0.0,0.0,0.0,0.0,0.0,539
2023-05-11 09:00:51,SM2312,SM312,6814.0,0.0,0.0,0.0,2,6728.0,6864.0,2,6814.0,0.0,0.0,0.0,0.0,0.0,539
2023-05-11 09:00:51,SM2312,SM312,6814.0,0.0,0.0,0.0,3,6728.0,6864.0,2,6814.0,0.0,0.0,0.0,0.0,0.0,539
2023-05-11 09:00:52,SM2312,SM312,6814.0,0.0,0.0,0.0,5,6730.0,6864.0,2,6814.0,0.0,0.0,0.0,0.0,0.0,539
2023-05-11 09:00:52,SM2312,SM312,6814.0,0.0,0.0,0.0,1,6732.0,6864.0,2,6814.0,0.0,0.0,0.0,0.0,0.0,539
2023-05-11 09:00:54,SM2312,SM312,6814.0,0.0,0.0,0.0,3,6734.0,6864.0,2,6814.0,0.0,0.0,0.0,0.0,0.0,539
2023-05-11 09:00:55,SM2312,SM312,6814.0,0.0,0.0,0.0,3,6736.0,6864.0,2,6814.0,0.0,0.0,0.0,0.0,0.0,539
2023-05-11 09:00:55,SM2312,SM312,6814.0,0.0,0.0,0.0,1,6738.0,6864.0,2,6814.0,0.0,0.0,0.0,0.0,0.0,539
2023-05-11 09:00:57,SM2312,SM312,6814.0,0.0,0.0,0.0,3,6740.0,6864.0,2,6814.0,0.0,0.0,0.0,0.0,0.0,539
2023-05-11 09:00:58,SM2312,SM312,6814.0,0.0,0.0,0.0,1,6742.0,6862.0,2,6814.0,0.0,0.0,0.0,0.0,0.0,539
2023-05-11 09:00:58,SM2312,SM312,6814.0,0.0,0.0,0.0,2,6744.0,6862.0,2,6814.0,0.0,0.0,0.0,0.0,0.0,539
2023-05-11 09:00:59,SM2312,SM312,6814.0,0.0,0.0,0.0,2,6744.0,6860.0,1,6814.0,0.0,0.0,0.0,0.0,0.0,539
2023-05-11 09:01:00,SM2312,SM312,6814.0,0.0,0.0,0.0,3,6746.0,6860.0,1,6814.0,0.0,0.0,0.0,0.0,0.0,539
2023-05-11 09:01:01,SM2312,SM312,6814.0,0.0,0.0,0.0,1,6748.0,6860.0,1,6814.0,0.0,0.0,0.0,0.0,0.0,539
2023-05-11 09:01:01,SM2312,SM312,6814.0,0.0,0.0,0.0,3,6750.0,6860.0,1,6814.0,0.0,0.0,0.0,0.0,0.0,539
2023-05-11 09:01:01,SM2312,SM312,6814.0,0.0,0.0,0.0,3,6750.0,6860.0,2,6814.0,0.0,0.0,0.0,0.0,0.0,539
2023-05-11 09:01:04,SM2312,SM312,6814.0,0.0,0.0,0.0,3,6752.0,6860.0,2,6814.0,0.0,0.0,0.0,0.0,0.0,539
2023-05-11 09:01:06,SM2312,SM312,6814.0,0.0,0.0,0.0,2,6754.0,6860.0,2,6814.0,0.0,0.0,0.0,0.0,0.0,539
2023-05-11 09:01:07,SM2312,SM312,6814.0,0.0,0.0,0.0,3,6756.0,6860.0,2,6814.0,0.0,0.0,0.0,0.0,0.0,539
2023-05-11 09:01:09,SM2312,SM312,6814.0,0.0,0.0,0.0,3,6758.0,6860.0,2,6814.0,0.0,0.0,0.0,0.0,0.0,539
2023-05-11 09:01:11,SM2312,SM312,6814.0,0.0,0.0,0.0,2,6760.0,6860.0,2,6814.0,0.0,0.0,0.0,0.0,0.0,539
2023-05-11 09:01:11,SM2312,SM312,6814.0,0.0,0.0,0.0,3,6760.0,6860.0,2,6814.0,0.0,0.0,0.0,0.0,0.0,539
2023-05-11 09:01:12,SM2312,SM312,6814.0,0.0,0.0,0.0,2,6762.0,6860.0,2,6814.0,0.0,0.0,0.0,0.0,0.0,539
2023-05-11 09:01:12,SM2312,SM312,6814.0,0.0,0.0,0.0,3,6762.0,6860.0,2,6814.0,0.0,0.0,0.0,0.0,0.0,539
2023-05-11 09:01:14,SM2312,SM312,6814.0,0.0,0.0,0.0,3,6764.0,6860.0,2,6814.0,0.0,0.0,0.0,0.0,0.0,539
2023-05-11 09:01:15,SM2312,SM312,6814.0,0.0,0.0,0.0,3,6766.0,6860.0,2,6814.0,0.0,0.0,0.0,0.0,0.0,539
2023-05-11 09:01:16,SM2312,SM312,6814.0,0.0,0.0,0.0,1,6768.0,6860.0,2,6814.0,0.0,0.0,0.0,0.0,0.0,539
2023-05-11 09:01:17,SM2312,SM312,6814.0,0.0,0.0,0.0,3,6770.0,6860.0,2,6814.0,0.0,0.0,0.0,0.0,0.0,539
2023-05-11 09:01:18,SM2312,SM312,6814.0,0.0,0.0,0.0,2,6772.0,6860.0,2,6814.0,0.0,0.0,0.0,0.0,0.0,539
2023-05-11 09:01:20,SM2312,SM312,6814.0,0.0,0.0,0.0,3,6774.0,6808.0,1,6814.0,0.0,0.0,0.0,0.0,0.0,539
2023-05-11 09:01:21,SM2312,SM312,6814.0,0.0,0.0,0.0,5,6774.0,6808.0,1,6814.0,0.0,0.0,0.0,0.0,0.0,539
2023-05-11 09:01:24,SM2312,SM312,6814.0,0.0,0.0,0.0,4,6774.0,6808.0,1,6814.0,0.0,0.0,0.0,0.0,0.0,539
2023-05-11 09:01:25,SM2312,SM312,6814.0,0.0,0.0,0.0,2,6776.0,6808.0,1,6814.0,0.0,0.0,0.0,0.0,0.0,539
2023-05-11 09:01:25,SM2312,SM312,6814.0,0.0,0.0,0.0,2,6776.0,6816.0,3,6814.0,0.0,0.0,0.0,0.0,0.0,539
2023-05-11 09:01:26,SM2312,SM312,6814.0,0.0,0.0,0.0,5,6776.0,6818.0,3,6814.0,0.0,0.0,0.0,0.0,0.0,539
2023-05-11 09:01:27,SM2312,SM312,6814.0,0.0,0.0,0.0,6,6776.0,6818.0,3,6814.0,0.0,0.0,0.0,0.0,0.0,539
2023-05-11 09:01:29,SM2312,SM312,6814.0,0.0,0.0,0.0,1,6776.0,6818.0,3,6814.0,0.0,0.0,0.0,0.0,0.0,539
2023-05-11 09:01:29,SM2312,SM312,6814.0,0.0,0.0,0.0,6,6776.0,6818.0,3,6814.0,0.0,0.0,0.0,0.0,0.0,539
2023-05-11 09:01:29,SM2312,SM312,6814.0,0.0,0.0,0.0,5,6776.0,6818.0,3,6814.0,0.0,0.0,0.0,0.0,0.0,539
2023-05-11 09:01:31,SM2312,SM312,6814.0,0.0,0.0,0.0,5,6776.0,6810.0,1,6814.0,0.0,0.0,0.0,0.0,0.0,539
2023-05-11 09:01:33,SM2312,SM312,6814.0,0.0,0.0,0.0,6,6716.0,6818.0,3,6814.0,0.0,0.0,0.0,0.0,0.0,539
2023-05-11 09:01:33,SM2312,SM312,6814.0,0.0,0.0,0.0,13,6718.0,6820.0,3,6814.0,0.0,0.0,0.0,0.0,0.0,539
2023-05-11 09:01:33,SM2312,SM312,6814.0,0.0,0.0,0.0,17,6718.0,6820.0,3,6814.0,0.0,0.0,0.0,0.0,0.0,539
2023-05-11 09:01:35,SM2312,SM312,6814.0,0.0,0.0,0.0,17,6718.0,6822.0,3,6814.0,0.0,0.0,0.0,0.0,0.0,539
2023-05-11 09:01:36,SM2312,SM312,6814.0,0.0,0.0,0.0,15,6718.0,6822.0,3,6814.0,0.0,0.0,0.0,0.0,0.0,539
2023-05-11 09:01:37,SM2312,SM312,6814.0,0.0,0.0,0.0,1,6720.0,6822.0,3,6814.0,0.0,0.0,0.0,0.0,0.0,539
2023-05-11 09:01:38,SM2312,SM312,6814.0,0.0,0.0,0.0,13,6722.0,6822.0,3,6814.0,0.0,0.0,0.0,0.0,0.0,539
2023-05-11 09:01:40,SM2312,SM312,6814.0,0.0,0.0,0.0,2,6724.0,6822.0,3,6814.0,0.0,0.0,0.0,0.0,0.0,539
2023-05-11 09:01:42,SM2312,SM312,6814.0,0.0,0.0,0.0,13,6726.0,6822.0,3,6814.0,0.0,0.0,0.0,0.0,0.0,539
2023-05-11 09:01:42,SM2312,SM312,6814.0,0.0,0.0,0.0,14,6726.0,6814.0,3,6814.0,0.0,0.0,0.0,0.0,0.0,539
2023-05-11 09:01:44,SM2312,SM312,6814.0,0.0,0.0,0.0,13,6726.0,6814.0,3,6814.0,0.0,0.0,0.0,0.0,0.0,539
2023-05-11 09:01:45,SM2312,SM312,6814.0,0.0,0.0,0.0,13,6726.0,6816.0,3,6814.0,0.0,0.0,0.0,0.0,0.0,539
2023-05-11 09:01:51,SM2312,SM312,6814.0,0.0,0.0,0.0,13,6726.0,6808.0,3,6814.0,0.0,0.0,0.0,0.0,0.0,539
2023-05-11 09:01:52,SM2312,SM312,6814.0,0.0,0.0,0.0,13,6726.0,6810.0,3,6814.0,0.0,0.0,0.0,0.0,0.0,539
2023-05-11 09:01:55,SM2312,SM312,6814.0,0.0,0.0,0.0,13,6726.0,6812.0,3,6814.0,0.0,0.0,0.0,0.0,0.0,539
2023-05-11 09:02:10,SM2312,SM312,6814.0,0.0,0.0,0.0,13,6726.0,6814.0,3,6814.0,0.0,0.0,0.0,0.0,0.0,539
2023-05-11 09:02:12,SM2312,SM312,6814.0,0.0,0.0,0.0,13,6726.0,6816.0,3,6814.0,0.0,0.0,0.0,0.0,0.0,539
2023-05-11 09:02:12,SM2312,SM312,6814.0,0.0,0.0,0.0,14,6726.0,6816.0,3,6814.0,0.0,0.0,0.0,0.0,0.0,539
2023-05-11 09:02:12,SM2312,SM312,6814.0,0.0,0.0,0.0,14,6726.0,6818.0,4,6814.0,0.0,0.0,0.0,0.0,0.0,539
2023-05-11 09:02:14,SM2312,SM312,6814.0,0.0,0.0,0.0,13,6726.0,6818.0,4,6814.0,0.0,0.0,0.0,0.0,0.0,539
2023-05-11 09:02:15,SM2312,SM312,6814.0,0.0,0.0,0.0,1,6728.0,6818.0,1,6814.0,0.0,0.0,0.0,0.0,0.0,539
2023-05-11 09:02:16,SM2312,SM312,6814.0,0.0,0.0,0.0,3,6730.0,6818.0,1,6814.0,0.0,0.0,0.0,0.0,0.0,539
2023-05-11 09:02:17,SM2312,SM312,6814.0,0.0,0.0,0.0,7,6732.0,6818.0,1,6814.0,0.0,0.0,0.0,0.0,0.0,539
2023-05-11 09:02:18,SM2312,SM312,6814.0,0.0,0.0,0.0,8,6732.0,6818.0,1,6814.0,0.0,0.0,0.0,0.0,0.0,539
2023-05-11 09:02:18,SM2312,SM312,6814.0,0.0,0.0,0.0,9,6732.0,6818.0,1,6814.0,0.0,0.0,0.0,0.0,0.0,539
2023-05-11 09:02:19,SM2312,SM312,6814.0,0.0,0.0,0.0,4,6734.0,6818.0,1,6814.0,0.0,0.0,0.0,0.0,0.0,539
2023-05-11 09:02:19,SM2312,SM312,6814.0,0.0,0.0,0.0,5,6734.0,6818.0,1,6814.0,0.0,0.0,0.0,0.0,0.0,539
2023-05-11 09:02:20,SM2312,SM312,6814.0,0.0,0.0,0.0,6,6736.0,6818.0,1,6814.0,0.0,0.0,0.0,0.0,0.0,539
2023-05-11 09:02:20,SM2312,SM312,6814.0,0.0,0.0,0.0,7,6736.0,6818.0,1,6814.0,0.0,0.0,0.0,0.0,0.0,539
2023-05-11 09:02:22,SM2312,SM312,6814.0,0.0,0.0,0.0,5,6738.0,6818.0,1,6814.0,0.0,0.0,0.0,0.0,0.0,539
2023-05-11 09:02:23,SM2312,SM312,6814.0,0.0,0.0,0.0,7,6738.0,6818.0,1,6814.0,0.0,0.0,0.0,0.0,0.0,539
2023-05-11 09:02:24,SM2312,SM312,6814.0,0.0,0.0,0.0,7,6740.0,6818.0,1,6814.0,0.0,0.0,0.0,0.0,0.0,539
2023-05-11 09:02:25,SM2312,SM312,6814.0,0.0,0.0,0.0,3,6742.0,6818.0,1,6814.0,0.0,0.0,0.0,0.0,0.0,539
2023-05-11 09:02:27,SM2312,SM312,6814.0,0.0,0.0,0.0,8,6744.0,6818.0,1,6814.0,0.0,0.0,0.0,0.0,0.0,539
2023-05-11 09:02:27,SM2312,SM312,6814.0,0.0,0.0,0.0,9,6744.0,6818.0,1,6814.0,0.0,0.0,0.0,0.0,0.0,539
2023-05-11 09:02:28,SM2312,SM312,6814.0,0.0,0.0,0.0,3,6746.0,6824.0,3,6814.0,0.0,0.0,0.0,0.0,0.0,539
2023-05-11 09:02:29,SM2312,SM312,6814.0,0.0,0.0,0.0,3,6746.0,6826.0,3,6814.0,0.0,0.0,0.0,0.0,0.0,539
2023-05-11 09:02:30,SM2312,SM312,6814.0,0.0,0.0,0.0,7,6748.0,6826.0,3,6814.0,0.0,0.0,0.0,0.0,0.0,539
2023-05-11 09:02:31,SM2312,SM312,6814.0,0.0,0.0,0.0,1,6750.0,6826.0,3,6814.0,0.0,0.0,0.0,0.0,0.0,539
2023-05-11 09:02:31,SM2312,SM312,6814.0,0.0,0.0,0.0,1,6752.0,6826.0,3,6814.0,0.0,0.0,0.0,0.0,0.0,539
2023-05-11 09:02:33,SM2312,SM312,6814.0,0.0,0.0,0.0,1,6754.0,6826.0,3,6814.0,0.0,0.0,0.0,0.0,0.0,539
2023-05-11 09:02:34,SM2312,SM312,6814.0,0.0,0.0,0.0,7,6756.0,6826.0,3,6814.0,0.0,0.0,0.0,0.0,0.0,539
2023-05-11 09:02:34,SM2312,SM312,6814.0,0.0,0.0,0.0,10,6756.0,6826.0,3,6814.0,0.0,0.0,0.0,0.0,0.0,539
2023-05-11 09:02:36,SM2312,SM312,6814.0,0.0,0.0,0.0,1,6758.0,6826.0,3,6814.0,0.0,0.0,0.0,0.0,0.0,539
2023-05-11 09:02:37,SM2312,SM312,6814.0,0.0,0.0,0.0,9,6760.0,6826.0,3,6814.0,0.0,0.0,0.0,0.0,0.0,539
2023-05-11 09:02:39,SM2312,SM312,6814.0,0.0,0.0,0.0,1,6762.0,6826.0,3,6814.0,0.0,0.0,0.0,0.0,0.0,539
2023-05-11 09:02:40,SM2312,SM312,6814.0,0.0,0.0,0.0,5,6764.0,6826.0,3,6814.0,0.0,0.0,0.0,0.0,0.0,539
2023-05-11 09:02:41,SM2312,SM312,6814.0,0.0,0.0,0.0,1,6766.0,6826.0,3,6814.0,0.0,0.0,0.0,0.0,0.0,539
2023-05-11 09:02:42,SM2312,SM312,6814.0,0.0,0.0,0.0,1,6768.0,6826.0,3,6814.0,0.0,0.0,0.0,0.0,0.0,539
2023-05-11 09:02:44,SM2312,SM312,6814.0,0.0,0.0,0.0,5,6770.0,6826.0,3,6814.0,0.0,0.0,0.0,0.0,0.0,539
2023-05-11 09:02:44,SM2312,SM312,6814.0,0.0,0.0,0.0,6,6770.0,6826.0,3,6814.0,0.0,0.0,0.0,0.0,0.0,539
2023-05-11 09:02:45,SM2312,SM312,6814.0,0.0,0.0,0.0,1,6772.0,6826.0,3,6814.0,0.0,0.0,0.0,0.0,0.0,539
2023-05-11 09:02:47,SM2312,SM312,6814.0,0.0,0.0,0.0,5,6774.0,6826.0,3,6814.0,0.0,0.0,0.0,0.0,0.0,539
2023-05-11 09:02:48,SM2312,SM312,6814.0,0.0,0.0,0.0,1,6776.0,6826.0,3,6814.0,0.0,0.0,0.0,0.0,0.0,539
2023-05-11 09:02:48,SM2312,SM312,6814.0,0.0,0.0,0.0,1,6778.0,6826.0,3,6814.0,0.0,0.0,0.0,0.0,0.0,539
2023-05-11 09:02:50,SM2312,SM312,6814.0,0.0,0.0,0.0,4,6780.0,6826.0,3,6814.0,0.0,0.0,0.0,0.0,0.0,539
2023-05-11 09:02:51,SM2312,SM312,6814.0,0.0,0.0,0.0,1,6782.0,6826.0,3,6814.0,0.0,0.0,0.0,0.0,0.0,539
2023-05-11 09:02:51,SM2312,SM312,6814.0,0.0,0.0,0.0,2,6782.0,6826.0,3,6814.0,0.0,0.0,0.0,0.0,0.0,539
2023-05-11 09:02:53,SM2312,SM312,6814.0,0.0,0.0,0.0,2,6784.0,6826.0,3,6814.0,0.0,0.0,0.0,0.0,0.0,539
2023-05-11 09:02:53,SM2312,SM312,6814.0,0.0,0.0,0.0,3,6784.0,6826.0,3,6814.0,0.0,0.0,0.0,0.0,0.0,539
2023-05-11 09:02:55,SM2312,SM312,6814.0,0.0,0.0,0.0,2,6786.0,6826.0,3,6814.0,0.0,0.0,0.0,0.0,0.0,539
2023-05-11 09:02:56,SM2312,SM312,6814.0,0.0,0.0,0.0,3,6788.0,6826.0,3,6814.0,0.0,0.0,0.0,0.0,0.0,539
2023-05-11 09:02:57,SM2312,SM312,6814.0,0.0,0.0,0.0,1,6790.0,6828.0,1,6814.0,0.0,0.0,0.0,0.0,0.0,539
2023-05-11 09:02:58,SM2312,SM312,6814.0,0.0,0.0,0.0,1,6790.0,6832.0,3,6814.0,0.0,0.0,0.0,0.0,0.0,539
2023-05-11 09:02:58,SM2312,SM312,6814.0,0.0,0.0,0.0,2,6792.0,6834.0,3,6814.0,0.0,0.0,0.0,0.0,0.0,539
2023-05-11 09:02:59,SM2312,SM312,6814.0,0.0,0.0,0.0,3,6794.0,6834.0,3,6814.0,0.0,0.0,0.0,0.0,0.0,539
2023-05-11 09:03:00,SM2312,SM312,6814.0,0.0,0.0,0.0,3,6794.0,6826.0,3,6814.0,0.0,0.0,0.0,0.0,0.0,539
2023-05-11 09:03:00,SM2312,SM312,6814.0,0.0,0.0,0.0,3,6794.0,6826.0,2,6814.0,0.0,0.0,0.0,0.0,0.0,539
2023-05-11 09:03:01,SM2312,SM312,6814.0,0.0,0.0,0.0,4,6794.0,6826.0,2,6814.0,0.0,0.0,0.0,0.0,0.0,539
2023-05-11 09:03:01,SM2312,SM312,6814.0,0.0,0.0,0.0,5,6794.0,6826.0,2,6814.0,0.0,0.0,0.0,0.0,0.0,539
2023-05-11 09:03:02,SM2312,SM312,6814.0,0.0,0.0,0.0,5,6794.0,6858.0,1,6814.0,0.0,0.0,0.0,0.0,0.0,539
2023-05-11 09:03:03,SM2312,SM312,6814.0,0.0,0.0,0.0,4,6794.0,6828.0,2,6814.0,0.0,0.0,0.0,0.0,0.0,539
2023-05-11 09:03:04,SM2312,SM312,6814.0,0.0,0.0,0.0,1,6796.0,6858.0,1,6814.0,0.0,0.0,0.0,0.0,0.0,539
2023-05-11 09:03:04,SM2312,SM312,6814.0,0.0,0.0,0.0,2,6796.0,6858.0,1,6814.0,0.0,0.0,0.0,0.0,0.0,539
2023-05-11 09:03:05,SM2312,SM312,6814.0,0.0,0.0,0.0,3,6798.0,6858.0,1,6814.0,0.0,0.0,0.0,0.0,0.0,539
2023-05-11 09:03:06,SM2312,SM312,6814.0,0.0,0.0,0.0,3,6798.0,6856.0,2,6814.0,0.0,0.0,0.0,0.0,0.0,539
2023-05-11 09:03:07,SM2312,SM312,6814.0,0.0,0.0,0.0,1,6764.0,6856.0,2,6814.0,0.0,0.0,0.0,0.0,0.0,539
2023-05-11 09:03:08,SM2312,SM312,6814.0,0.0,0.0,0.0,2,6784.0,6856.0,2,6814.0,0.0,0.0,0.0,0.0,0.0,539
2023-05-11 09:03:09,SM2312,SM312,6814.0,0.0,0.0,0.0,10,6766.0,6856.0,2,6814.0,0.0,0.0,0.0,0.0,0.0,539
2023-05-11 09:03:10,SM2312,SM312,6814.0,0.0,0.0,0.0,2,6786.0,6856.0,2,6814.0,0.0,0.0,0.0,0.0,0.0,539
2023-05-11 09:03:11,SM2312,SM312,6814.0,0.0,0.0,0.0,4,6788.0,6856.0,2,6814.0,0.0,0.0,0.0,0.0,0.0,539
2023-05-11 09:03:11,SM2312,SM312,6814.0,0.0,0.0,0.0,1,6790.0,6856.0,2,6814.0,0.0,0.0,0.0,0.0,0.0,539
2023-05-11 09:03:15,SM2312,SM312,6814.0,0.0,0.0,0.0,5,6792.0,6856.0,2,6814.0,0.0,0.0,0.0,0.0,0.0,539
2023-05-11 09:03:16,SM2312,SM312,6814.0,0.0,0.0,0.0,5,6792.0,6810.0,1,6814.0,0.0,0.0,0.0,0.0,0.0,539
2023-05-11 09:03:17,SM2312,SM312,6814.0,0.0,0.0,0.0,5,6792.0,6856.0,2,6814.0,0.0,0.0,0.0,0.0,0.0,539
2023-05-11 09:03:18,SM2312,SM312,6814.0,0.0,0.0,0.0,2,6778.0,6856.0,2,6814.0,0.0,0.0,0.0,0.0,0.0,539
2023-05-11 09:03:18,SM2312,SM312,6814.0,0.0,0.0,0.0,7,6780.0,6856.0,2,6814.0,0.0,0.0,0.0,0.0,0.0,539
2023-05-11 09:03:20,SM2312,SM312,6814.0,0.0,0.0,0.0,7,6780.0,6856.0,3,6814.0,0.0,0.0,0.0,0.0,0.0,539
2023-05-11 09:03:21,SM2312,SM312,6814.0,0.0,0.0,0.0,6,6780.0,6856.0,3,6814.0,0.0,0.0,0.0,0.0,0.0,539
2023-05-11 09:03:23,SM2312,SM312,6814.0,0.0,0.0,0.0,6,6780.0,6854.0,1,6814.0,0.0,0.0,0.0,0.0,0.0,539
2023-05-11 09:03:25,SM2312,SM312,6814.0,0.0,0.0,0.0,6,6780.0,6856.0,3,6814.0,0.0,0.0,0.0,0.0,0.0,539
2023-05-11 09:03:26,SM2312,SM312,6814.0,0.0,0.0,0.0,7,6780.0,6856.0,4,6814.0,0.0,0.0,0.0,0.0,0.0,539
2023-05-11 09:03:26,SM2312,SM312,6814.0,0.0,0.0,0.0,7,6780.0,6856.0,3,6814.0,0.0,0.0,0.0,0.0,0.0,539
2023-05-11 09:03:28,SM2312,SM312,6814.0,0.0,0.0,0.0,6,6780.0,6856.0,3,6814.0,0.0,0.0,0.0,0.0,0.0,539
2023-05-11 09:03:29,SM2312,SM312,6814.0,0.0,0.0,0.0,1,6782.0,6856.0,2,6814.0,0.0,0.0,0.0,0.0,0.0,539
2023-05-11 09:03:30,SM2312,SM312,6814.0,0.0,0.0,0.0,6,6784.0,6856.0,2,6814.0,0.0,0.0,0.0,0.0,0.0,539
2023-05-11 09:03:33,SM2312,SM312,6814.0,0.0,0.0,0.0,6,6784.0,6856.0,3,6814.0,0.0,0.0,0.0,0.0,0.0,539
2023-05-11 09:03:35,SM2312,SM312,6814.0,0.0,0.0,0.0,6,6784.0,6856.0,2,6814.0,0.0,0.0,0.0,0.0,0.0,539
2023-05-11 09:03:41,SM2312,SM312,6814.0,0.0,0.0,0.0,7,6784.0,6856.0,2,6814.0,0.0,0.0,0.0,0.0,0.0,539
2023-05-11 09:03:43,SM2312,SM312,6814.0,0.0,0.0,0.0,6,6784.0,6856.0,2,6814.0,0.0,0.0,0.0,0.0,0.0,539
2023-05-11 09:03:44,SM2312,SM312,6814.0,0.0,0.0,0.0,7,6784.0,6856.0,2,6814.0,0.0,0.0,0.0,0.0,0.0,539
2023-05-11 09:03:48,SM2312,SM312,6814.0,0.0,0.0,0.0,6,6784.0,6856.0,2,6814.0,0.0,0.0,0.0,0.0,0.0,539
2023-05-11 09:03:50,SM2312,SM312,6814.0,0.0,0.0,0.0,5,6784.0,6856.0,2,6814.0,0.0,0.0,0.0,0.0,0.0,539
2023-05-11 09:03:52,SM2312,SM312,6814.0,0.0,0.0,0.0,5,6784.0,6856.0,3,6814.0,0.0,0.0,0.0,0.0,0.0,539
2023-05-11 09:03:52,SM2312,SM312,6814.0,0.0,0.0,0.0,5,6784.0,6856.0,4,6814.0,0.0,0.0,0.0,0.0,0.0,539
2023-05-11 09:03:54,SM2312,SM312,6814.0,0.0,0.0,0.0,5,6784.0,6856.0,3,6814.0,0.0,0.0,0.0,0.0,0.0,539
2023-05-11 09:03:55,SM2312,SM312,6814.0,0.0,0.0,0.0,5,6784.0,6854.0,1,6814.0,0.0,0.0,0.0,0.0,0.0,539
2023-05-11 09:03:57,SM2312,SM312,6814.0,0.0,0.0,0.0,1,6774.0,6854.0,1,6814.0,0.0,0.0,0.0,0.0,0.0,539
2023-05-11 09:03:58,SM2312,SM312,6814.0,0.0,0.0,0.0,7,6776.0,6854.0,1,6814.0,0.0,0.0,0.0,0.0,0.0,539
2023-05-11 09:04:02,SM2312,SM312,6814.0,0.0,0.0,0.0,7,6776.0,6852.0,1,6814.0,0.0,0.0,0.0,0.0,0.0,539
2023-05-11 09:04:03,SM2312,SM312,6814.0,0.0,0.0,0.0,7,6776.0,6850.0,1,6814.0,0.0,0.0,0.0,0.0,0.0,539
2023-05-11 09:04:04,SM2312,SM312,6814.0,0.0,0.0,0.0,7,6776.0,6852.0,1,6814.0,0.0,0.0,0.0,0.0,0.0,539
2023-05-11 09:04:04,SM2312,SM312,6814.0,0.0,0.0,0.0,7,6776.0,6850.0,1,6814.0,0.0,0.0,0.0,0.0,0.0,539
2023-05-11 09:04:05,SM2312,SM312,6814.0,0.0,0.0,0.0,7,6776.0,6852.0,2,6814.0,0.0,0.0,0.0,0.0,0.0,539
2023-05-11 09:04:06,SM2312,SM312,6814.0,0.0,0.0,0.0,7,6776.0,6850.0,1,6814.0,0.0,0.0,0.0,0.0,0.0,539
2023-05-11 09:04:07,SM2312,SM312,6814.0,0.0,0.0,0.0,7,6776.0,6852.0,2,6814.0,0.0,0.0,0.0,0.0,0.0,539
2023-05-11 09:04:07,SM2312,SM312,6814.0,0.0,0.0,0.0,7,6776.0,6852.0,1,6814.0,0.0,0.0,0.0,0.0,0.0,539
2023-05-11 09:04:07,SM2312,SM312,6814.0,0.0,0.0,0.0,7,6776.0,6850.0,1,6814.0,0.0,0.0,0.0,0.0,0.0,539
2023-05-11 09:04:08,SM2312,SM312,6814.0,0.0,0.0,0.0,6,6776.0,6850.0,1,6814.0,0.0,0.0,0.0,0.0,0.0,539
2023-05-11 09:04:09,SM2312,SM312,6814.0,0.0,0.0,0.0,6,6776.0,6848.0,1,6814.0,0.0,0.0,0.0,0.0,0.0,539
2023-05-11 09:04:11,SM2312,SM312,6814.0,0.0,0.0,0.0,6,6776.0,6850.0,2,6814.0,0.0,0.0,0.0,0.0,0.0,539
2023-05-11 09:04:11,SM2312,SM312,6814.0,0.0,0.0,0.0,6,6776.0,6850.0,1,6814.0,0.0,0.0,0.0,0.0,0.0,539
2023-05-11 09:04:12,SM2312,SM312,6814.0,0.0,0.0,0.0,7,6776.0,6852.0,1,6814.0,0.0,0.0,0.0,0.0,0.0,539
2023-05-11 09:04:13,SM2312,SM312,6814.0,0.0,0.0,0.0,7,6776.0,6850.0,1,6814.0,0.0,0.0,0.0,0.0,0.0,539
2023-05-11 09:04:14,SM2312,SM312,6814.0,0.0,0.0,0.0,7,6776.0,6852.0,1,6814.0,0.0,0.0,0.0,0.0,0.0,539
2023-05-11 09:04:14,SM2312,SM312,6814.0,0.0,0.0,0.0,7,6776.0,6850.0,1,6814.0,0.0,0.0,0.0,0.0,0.0,539
2023-05-11 09:04:15,SM2312,SM312,6814.0,0.0,0.0,0.0,6,6776.0,6852.0,2,6814.0,0.0,0.0,0.0,0.0,0.0,539
2023-05-11 09:04:15,SM2312,SM312,6814.0,0.0,0.0,0.0,1,6778.0,6852.0,1,6814.0,0.0,0.0,0.0,0.0,0.0,539
2023-05-11 09:04:16,SM2312,SM312,6814.0,0.0,0.0,0.0,6,6780.0,6852.0,1,6814.0,0.0,0.0,0.0,0.0,0.0,539
2023-05-11 09:04:17,SM2312,SM312,6814.0,0.0,0.0,0.0,6,6780.0,6854.0,1,6814.0,0.0,0.0,0.0,0.0,0.0,539
2023-05-11 09:04:18,SM2312,SM312,6814.0,0.0,0.0,0.0,7,6780.0,6854.0,1,6814.0,0.0,0.0,0.0,0.0,0.0,539
2023-05-11 09:04:20,SM2312,SM312,6814.0,0.0,0.0,0.0,7,6780.0,6856.0,3,6814.0,0.0,0.0,0.0,0.0,0.0,539
2023-05-11 09:04:20,SM2312,SM312,6814.0,0.0,0.0,0.0,6,6780.0,6856.0,3,6814.0,0.0,0.0,0.0,0.0,0.0,539
2023-05-11 09:04:21,SM2312,SM312,6814.0,0.0,0.0,0.0,1,6782.0,6856.0,3,6814.0,0.0,0.0,0.0,0.0,0.0,539
2023-05-11 09:04:22,SM2312,SM312,6814.0,0.0,0.0,0.0,1,6784.0,6854.0,1,6814.0,0.0,0.0,0.0,0.0,0.0,539
2023-05-11 09:04:23,SM2312,SM312,6814.0,0.0,0.0,0.0,1,6784.0,6856.0,4,6814.0,0.0,0.0,0.0,0.0,0.0,539
2023-05-11 09:04:23,SM2312,SM312,6814.0,0.0,0.0,0.0,5,6786.0,6856.0,4,6814.0,0.0,0.0,0.0,0.0,0.0,539
2023-05-11 09:04:25,SM2312,SM312,6814.0,0.0,0.0,0.0,5,6786.0,6856.0,2,6814.0,0.0,0.0,0.0,0.0,0.0,539
2023-05-11 09:04:26,SM2312,SM312,6814.0,0.0,0.0,0.0,6,6786.0,6856.0,2,6814.0,0.0,0.0,0.0,0.0,0.0,539
2023-05-11 09:04:28,SM2312,SM312,6814.0,0.0,0.0,0.0,6,6786.0,6856.0,3,6814.0,0.0,0.0,0.0,0.0,0.0,539
2023-05-11 09:04:29,SM2312,SM312,6814.0,0.0,0.0,0.0,6,6786.0,6852.0,1,6814.0,0.0,0.0,0.0,0.0,0.0,539
2023-05-11 09:04:29,SM2312,SM312,6814.0,0.0,0.0,0.0,5,6786.0,6852.0,1,6814.0,0.0,0.0,0.0,0.0,0.0,539
2023-05-11 09:04:31,SM2312,SM312,6814.0,0.0,0.0,0.0,5,6786.0,6854.0,1,6814.0,0.0,0.0,0.0,0.0,0.0,539
2023-05-11 09:04:37,SM2312,SM312,6814.0,0.0,0.0,0.0,5,6786.0,6856.0,4,6814.0,0.0,0.0,0.0,0.0,0.0,539
2023-05-11 09:04:37,SM2312,SM312,6814.0,0.0,0.0,0.0,6,6786.0,6856.0,3,6814.0,0.0,0.0,0.0,0.0,0.0,539
2023-05-11 09:04:41,SM2312,SM312,6814.0,0.0,0.0,0.0,6,6786.0,6856.0,2,6814.0,0.0,0.0,0.0,0.0,0.0,539
2023-05-11 09:04:43,SM2312,SM312,6814.0,0.0,0.0,0.0,7,6786.0,6856.0,2,6814.0,0.0,0.0,0.0,0.0,0.0,539
2023-05-11 09:04:43,SM2312,SM312,6814.0,0.0,0.0,0.0,7,6786.0,6856.0,3,6814.0,0.0,0.0,0.0,0.0,0.0,539
2023-05-11 09:04:44,SM2312,SM312,6814.0,0.0,0.0,0.0,7,6786.0,6856.0,2,6814.0,0.0,0.0,0.0,0.0,0.0,539
2023-05-11 09:04:44,SM2312,SM312,6814.0,0.0,0.0,0.0,7,6786.0,6856.0,3,6814.0,0.0,0.0,0.0,0.0,0.0,539
2023-05-11 09:04:45,SM2312,SM312,6814.0,0.0,0.0,0.0,6,6786.0,6856.0,3,6814.0,0.0,0.0,0.0,0.0,0.0,539
2023-05-11 09:04:48,SM2312,SM312,6814.0,0.0,0.0,0.0,6,6786.0,6852.0,1,6814.0,0.0,0.0,0.0,0.0,0.0,539
2023-05-11 09:04:48,SM2312,SM312,6814.0,0.0,0.0,0.0,5,6786.0,6854.0,1,6814.0,0.0,0.0,0.0,0.0,0.0,539
2023-05-11 09:04:48,SM2312,SM312,6814.0,0.0,0.0,0.0,5,6786.0,6852.0,1,6814.0,0.0,0.0,0.0,0.0,0.0,539
2023-05-11 09:04:50,SM2312,SM312,6814.0,0.0,0.0,0.0,5,6786.0,6854.0,1,6814.0,0.0,0.0,0.0,0.0,0.0,539
2023-05-11 09:04:50,SM2312,SM312,6814.0,0.0,0.0,0.0,5,6786.0,6852.0,1,6814.0,0.0,0.0,0.0,0.0,0.0,539
2023-05-11 09:04:51,SM2312,SM312,6814.0,0.0,0.0,0.0,5,6786.0,6854.0,1,6814.0,0.0,0.0,0.0,0.0,0.0,539
2023-05-11 09:04:51,SM2312,SM312,6814.0,0.0,0.0,0.0,5,6786.0,6856.0,4,6814.0,0.0,0.0,0.0,0.0,0.0,539
2023-05-11 09:04:52,SM2312,SM312,6814.0,0.0,0.0,0.0,6,6786.0,6856.0,4,6814.0,0.0,0.0,0.0,0.0,0.0,539
2023-05-11 09:04:52,SM2312,SM312,6814.0,0.0,0.0,0.0,6,6786.0,6854.0,1,6814.0,0.0,0.0,0.0,0.0,0.0,539
2023-05-11 09:04:54,SM2312,SM312,6814.0,0.0,0.0,0.0,6,6786.0,6854.0,2,6814.0,0.0,0.0,0.0,0.0,0.0,539
2023-05-11 09:04:54,SM2312,SM312,6814.0,0.0,0.0,0.0,5,6786.0,6854.0,1,6814.0,0.0,0.0,0.0,0.0,0.0,539
2023-05-11 09:04:55,SM2312,SM312,6814.0,0.0,0.0,0.0,5,6786.0,6856.0,4,6814.0,0.0,0.0,0.0,0.0,0.0,539
2023-05-11 09:04:56,SM2312,SM312,6814.0,0.0,0.0,0.0,6,6786.0,6856.0,4,6814.0,0.0,0.0,0.0,0.0,0.0,539
2023-05-11 09:04:58,SM2312,SM312,6814.0,0.0,0.0,0.0,6,6786.0,6854.0,1,6814.0,0.0,0.0,0.0,0.0,0.0,539
2023-05-11 09:04:59,SM2312,SM312,6814.0,0.0,0.0,0.0,5,6786.0,6856.0,4,6814.0,0.0,0.0,0.0,0.0,0.0,539
2023-05-11 09:05:00,SM2312,SM312,6814.0,0.0,0.0,0.0,6,6786.0,6856.0,4,6814.0,0.0,0.0,0.0,0.0,0.0,539
2023-05-11 09:05:00,SM2312,SM312,6814.0,0.0,0.0,0.0,6,6786.0,6852.0,1,6814.0,0.0,0.0,0.0,0.0,0.0,539
2023-05-11 09:05:01,SM2312,SM312,6814.0,0.0,0.0,0.0,1,6786.0,6852.0,1,6814.0,0.0,0.0,0.0,0.0,0.0,539
2023-05-11 09:05:06,SM2312,SM312,6814.0,0.0,0.0,0.0,1,6786.0,6854.0,1,6814.0,0.0,0.0,0.0,0.0,0.0,539
2023-05-11 09:05:06,SM2312,SM312,6814.0,0.0,0.0,0.0,5,6786.0,6856.0,4,6814.0,0.0,0.0,0.0,0.0,0.0,539
2023-05-11 09:05:07,SM2312,SM312,6814.0,0.0,0.0,0.0,5,6786.0,6856.0,3,6814.0,0.0,0.0,0.0,0.0,0.0,539
2023-05-11 09:05:07,SM2312,SM312,6814.0,0.0,0.0,0.0,6,6786.0,6856.0,2,6814.0,0.0,0.0,0.0,0.0,0.0,539
2023-05-11 09:05:09,SM2312,SM312,6814.0,0.0,0.0,0.0,2,6786.0,6856.0,2,6814.0,0.0,0.0,0.0,0.0,0.0,539
2023-05-11 09:05:09,SM2312,SM312,6814.0,0.0,0.0,0.0,5,6788.0,6856.0,2,6814.0,0.0,0.0,0.0,0.0,0.0,539
2023-05-11 09:05:11,SM2312,SM312,6814.0,0.0,0.0,0.0,1,6790.0,6856.0,2,6814.0,0.0,0.0,0.0,0.0,0.0,539
2023-05-11 09:05:11,SM2312,SM312,6814.0,0.0,0.0,0.0,2,6790.0,6856.0,2,6814.0,0.0,0.0,0.0,0.0,0.0,539
2023-05-11 09:05:12,SM2312,SM312,6814.0,0.0,0.0,0.0,1,6792.0,6856.0,2,6814.0,0.0,0.0,0.0,0.0,0.0,539
2023-05-11 09:05:12,SM2312,SM312,6814.0,0.0,0.0,0.0,4,6794.0,6856.0,2,6814.0,0.0,0.0,0.0,0.0,0.0,539
2023-05-11 09:05:15,SM2312,SM312,6814.0,0.0,0.0,0.0,2,6782.0,6856.0,2,6814.0,0.0,0.0,0.0,0.0,0.0,539
2023-05-11 09:05:15,SM2312,SM312,6814.0,0.0,0.0,0.0,7,6784.0,6856.0,2,6814.0,0.0,0.0,0.0,0.0,0.0,539
2023-05-11 09:05:20,SM2312,SM312,6814.0,0.0,0.0,0.0,9,6784.0,6856.0,2,6814.0,0.0,0.0,0.0,0.0,0.0,539
2023-05-11 09:05:21,SM2312,SM312,6814.0,0.0,0.0,0.0,9,6784.0,6856.0,3,6814.0,0.0,0.0,0.0,0.0,0.0,539
2023-05-11 09:05:22,SM2312,SM312,6814.0,0.0,0.0,0.0,7,6784.0,6854.0,1,6814.0,0.0,0.0,0.0,0.0,0.0,539
2023-05-11 09:05:22,SM2312,SM312,6814.0,0.0,0.0,0.0,7,6784.0,6856.0,4,6814.0,0.0,0.0,0.0,0.0,0.0,539
2023-05-11 09:05:23,SM2312,SM312,6814.0,0.0,0.0,0.0,6,6784.0,6856.0,3,6814.0,0.0,0.0,0.0,0.0,0.0,539
2023-05-11 09:05:24,SM2312,SM312,6814.0,0.0,0.0,0.0,7,6784.0,6856.0,3,6814.0,0.0,0.0,0.0,0.0,0.0,539
2023-05-11 09:05:26,SM2312,SM312,6814.0,0.0,0.0,0.0,7,6784.0,6856.0,4,6814.0,0.0,0.0,0.0,0.0,0.0,539
2023-05-11 09:05:26,SM2312,SM312,6814.0,0.0,0.0,0.0,6,6784.0,6856.0,4,6814.0,0.0,0.0,0.0,0.0,0.0,539
2023-05-11 09:05:28,SM2312,SM312,6814.0,0.0,0.0,0.0,5,6784.0,6856.0,5,6814.0,0.0,0.0,0.0,0.0,0.0,539
2023-05-11 09:05:31,SM2312,SM312,6814.0,0.0,0.0,0.0,5,6784.0,6856.0,6,6814.0,0.0,0.0,0.0,0.0,0.0,539
2023-05-11 09:05:31,SM2312,SM312,6814.0,0.0,0.0,0.0,5,6784.0,6854.0,2,6814.0,0.0,0.0,0.0,0.0,0.0,539
2023-05-11 09:05:32,SM2312,SM312,6814.0,0.0,0.0,0.0,5,6784.0,6852.0,1,6814.0,0.0,0.0,0.0,0.0,0.0,539
2023-05-11 09:05:32,SM2312,SM312,6814.0,0.0,0.0,0.0,5,6784.0,6854.0,3,6814.0,0.0,0.0,0.0,0.0,0.0,539
2023-05-11 09:05:33,SM2312,SM312,6814.0,0.0,0.0,0.0,5,6784.0,6852.0,1,6814.0,0.0,0.0,0.0,0.0,0.0,539
2023-05-11 09:05:33,SM2312,SM312,6814.0,0.0,0.0,0.0,5,6784.0,6854.0,3,6814.0,0.0,0.0,0.0,0.0,0.0,539
2023-05-11 09:05:34,SM2312,SM312,6814.0,0.0,0.0,0.0,5,6784.0,6852.0,1,6814.0,0.0,0.0,0.0,0.0,0.0,539
2023-05-11 09:05:34,SM2312,SM312,6814.0,0.0,0.0,0.0,5,6784.0,6854.0,2,6814.0,0.0,0.0,0.0,0.0,0.0,539
2023-05-11 09:05:39,SM2312,SM312,6814.0,0.0,0.0,0.0,5,6784.0,6852.0,2,6814.0,0.0,0.0,0.0,0.0,0.0,539
2023-05-11 09:05:40,SM2312,SM312,6814.0,0.0,0.0,0.0,5,6784.0,6826.0,5,6814.0,0.0,0.0,0.0,0.0,0.0,539
2023-05-11 09:05:46,SM2312,SM312,6814.0,0.0,0.0,0.0,6,6784.0,6826.0,5,6814.0,0.0,0.0,0.0,0.0,0.0,539
2023-05-11 09:05:51,SM2312,SM312,6814.0,0.0,0.0,0.0,5,6784.0,6824.0,1,6814.0,0.0,0.0,0.0,0.0,0.0,539
2023-05-11 09:05:51,SM2312,SM312,6814.0,0.0,0.0,0.0,1,6786.0,6824.0,1,6814.0,0.0,0.0,0.0,0.0,0.0,539
2023-05-11 09:05:53,SM2312,SM312,6814.0,0.0,0.0,0.0,5,6788.0,6824.0,1,6814.0,0.0,0.0,0.0,0.0,0.0,539
2023-05-11 09:05:55,SM2312,SM312,6814.0,0.0,0.0,0.0,6,6788.0,6824.0,1,6814.0,0.0,0.0,0.0,0.0,0.0,539
2023-05-11 09:05:57,SM2312,SM312,6814.0,0.0,0.0,0.0,5,6788.0,6824.0,1,6814.0,0.0,0.0,0.0,0.0,0.0,539
2023-05-11 09:06:04,SM2312,SM312,6814.0,0.0,0.0,0.0,6,6788.0,6824.0,1,6814.0,0.0,0.0,0.0,0.0,0.0,539
2023-05-11 09:06:07,SM2312,SM312,6814.0,0.0,0.0,0.0,5,6788.0,6824.0,1,6814.0,0.0,0.0,0.0,0.0,0.0,539
2023-05-11 09:06:12,SM2312,SM312,6814.0,0.0,0.0,0.0,6,6788.0,6824.0,1,6814.0,0.0,0.0,0.0,0.0,0.0,539
2023-05-11 09:06:15,SM2312,SM312,6814.0,0.0,0.0,0.0,5,6788.0,6824.0,1,6814.0,0.0,0.0,0.0,0.0,0.0,539
2023-05-11 09:06:32,SM2312,SM312,6814.0,0.0,0.0,0.0,5,6788.0,6826.0,5,6814.0,0.0,0.0,0.0,0.0,0.0,539
2023-05-11 09:06:33,SM2312,SM312,6814.0,0.0,0.0,0.0,2,6790.0,6828.0,5,6814.0,0.0,0.0,0.0,0.0,0.0,539
2023-05-11 09:06:34,SM2312,SM312,6814.0,0.0,0.0,0.0,5,6792.0,6828.0,5,6814.0,0.0,0.0,0.0,0.0,0.0,539
2023-05-11 09:06:36,SM2312,SM312,6814.0,0.0,0.0,0.0,6,6792.0,6828.0,5,6814.0,0.0,0.0,0.0,0.0,0.0,539
2023-05-11 09:06:37,SM2312,SM312,6814.0,0.0,0.0,0.0,1,6792.0,6828.0,6,6814.0,0.0,0.0,0.0,0.0,0.0,539
2023-05-11 09:06:38,SM2312,SM312,6814.0,0.0,0.0,0.0,1,6792.0,6826.0,2,6814.0,0.0,0.0,0.0,0.0,0.0,539
2023-05-11 09:06:39,SM2312,SM312,6814.0,0.0,0.0,0.0,3,6776.0,6826.0,2,6814.0,0.0,0.0,0.0,0.0,0.0,539
2023-05-11 09:06:39,SM2312,SM312,6814.0,0.0,0.0,0.0,2,6780.0,6826.0,2,6814.0,0.0,0.0,0.0,0.0,0.0,539
2023-05-11 09:06:42,SM2312,SM312,6814.0,0.0,0.0,0.0,7,6782.0,6826.0,2,6814.0,0.0,0.0,0.0,0.0,0.0,539
2023-05-11 09:06:43,SM2312,SM312,6814.0,0.0,0.0,0.0,9,6782.0,6826.0,2,6814.0,0.0,0.0,0.0,0.0,0.0,539
2023-05-11 09:06:47,SM2312,SM312,6814.0,0.0,0.0,0.0,10,6782.0,6826.0,2,6814.0,0.0,0.0,0.0,0.0,0.0,539
2023-05-11 09:06:49,SM2312,SM312,6814.0,0.0,0.0,0.0,9,6782.0,6826.0,2,6814.0,0.0,0.0,0.0,0.0,0.0,539
2023-05-11 09:06:50,SM2312,SM312,6814.0,0.0,0.0,0.0,10,6782.0,6826.0,2,6814.0,0.0,0.0,0.0,0.0,0.0,539
2023-05-11 09:06:53,SM2312,SM312,6814.0,0.0,0.0,0.0,9,6782.0,6826.0,2,6814.0,0.0,0.0,0.0,0.0,0.0,539
2023-05-11 09:06:54,SM2312,SM312,6814.0,0.0,0.0,0.0,1,6784.0,6826.0,2,6814.0,0.0,0.0,0.0,0.0,0.0,539
2023-05-11 09:06:55,SM2312,SM312,6814.0,0.0,0.0,0.0,6,6786.0,6826.0,2,6814.0,0.0,0.0,0.0,0.0,0.0,539
2023-05-11 09:06:55,SM2312,SM312,6814.0,0.0,0.0,0.0,7,6786.0,6826.0,2,6814.0,0.0,0.0,0.0,0.0,0.0,539
2023-05-11 09:06:57,SM2312,SM312,6814.0,0.0,0.0,0.0,6,6786.0,6826.0,3,6814.0,0.0,0.0,0.0,0.0,0.0,539
2023-05-11 09:07:00,SM2312,SM312,6814.0,0.0,0.0,0.0,5,6786.0,6826.0,3,6814.0,0.0,0.0,0.0,0.0,0.0,539
2023-05-11 09:07:04,SM2312,SM312,6814.0,0.0,0.0,0.0,6,6786.0,6826.0,3,6814.0,0.0,0.0,0.0,0.0,0.0,539
2023-05-11 09:07:06,SM2312,SM312,6814.0,0.0,0.0,0.0,5,6786.0,6826.0,3,6814.0,0.0,0.0,0.0,0.0,0.0,539
2023-05-11 09:07:07,SM2312,SM312,6814.0,0.0,0.0,0.0,3,6778.0,6826.0,3,6814.0,0.0,0.0,0.0,0.0,0.0,539
2023-05-11 09:07:08,SM2312,SM312,6814.0,0.0,0.0,0.0,7,6780.0,6826.0,3,6814.0,0.0,0.0,0.0,0.0,0.0,539
2023-05-11 09:07:11,SM2312,SM312,6814.0,0.0,0.0,0.0,6,6780.0,6826.0,3,6814.0,0.0,0.0,0.0,0.0,0.0,539
2023-05-11 09:07:16,SM2312,SM312,6814.0,0.0,0.0,0.0,5,6780.0,6826.0,3,6814.0,0.0,0.0,0.0,0.0,0.0,539
2023-05-11 09:07:20,SM2312,SM312,6814.0,0.0,0.0,0.0,5,6780.0,6826.0,4,6814.0,0.0,0.0,0.0,0.0,0.0,539
2023-05-11 09:07:23,SM2312,SM312,6814.0,0.0,0.0,0.0,6,6780.0,6826.0,4,6814.0,0.0,0.0,0.0,0.0,0.0,539
2023-05-11 09:07:24,SM2312,SM312,6814.0,0.0,0.0,0.0,6,6780.0,6824.0,1,6814.0,0.0,0.0,0.0,0.0,0.0,539
2023-05-11 09:07:30,SM2312,SM312,6814.0,0.0,0.0,0.0,5,6780.0,6824.0,1,6814.0,0.0,0.0,0.0,0.0,0.0,539
2023-05-11 09:07:31,SM2312,SM312,6814.0,0.0,0.0,0.0,6,6780.0,6824.0,1,6814.0,0.0,0.0,0.0,0.0,0.0,539
2023-05-11 09:07:31,SM2312,SM312,6814.0,0.0,0.0,0.0,7,6780.0,6824.0,1,6814.0,0.0,0.0,0.0,0.0,0.0,539
2023-05-11 09:07:33,SM2312,SM312,6814.0,0.0,0.0,0.0,6,6780.0,6824.0,1,6814.0,0.0,0.0,0.0,0.0,0.0,539
2023-05-11 09:07:34,SM2312,SM312,6814.0,0.0,0.0,0.0,1,6782.0,6824.0,1,6814.0,0.0,0.0,0.0,0.0,0.0,539
2023-05-11 09:07:34,SM2312,SM312,6814.0,0.0,0.0,0.0,2,6782.0,6824.0,1,6814.0,0.0,0.0,0.0,0.0,0.0,539
2023-05-11 09:07:36,SM2312,SM312,6814.0,0.0,0.0,0.0,5,6784.0,6824.0,1,6814.0,0.0,0.0,0.0,0.0,0.0,539
2023-05-11 09:07:43,SM2312,SM312,6814.0,0.0,0.0,0.0,6,6784.0,6824.0,1,6814.0,0.0,0.0,0.0,0.0,0.0,539
2023-05-11 09:07:46,SM2312,SM312,6814.0,0.0,0.0,0.0,1,6786.0,6824.0,1,6814.0,0.0,0.0,0.0,0.0,0.0,539
2023-05-11 09:07:52,SM2312,SM312,6814.0,0.0,0.0,0.0,5,6788.0,6824.0,1,6814.0,0.0,0.0,0.0,0.0,0.0,539
2023-05-11 09:07:55,SM2312,SM312,6814.0,0.0,0.0,0.0,6,6788.0,6826.0,4,6814.0,0.0,0.0,0.0,0.0,0.0,539
2023-05-11 09:08:03,SM2312,SM312,6814.0,0.0,0.0,0.0,5,6788.0,6826.0,4,6814.0,0.0,0.0,0.0,0.0,0.0,539
2023-05-11 09:08:03,SM2312,SM312,6814.0,0.0,0.0,0.0,6,6788.0,6826.0,4,6814.0,0.0,0.0,0.0,0.0,0.0,539
2023-05-11 09:08:06,SM2312,SM312,6814.0,0.0,0.0,0.0,5,6788.0,6826.0,4,6814.0,0.0,0.0,0.0,0.0,0.0,539
2023-05-11 09:08:12,SM2312,SM312,6814.0,0.0,0.0,0.0,3,6770.0,6826.0,4,6814.0,0.0,0.0,0.0,0.0,0.0,539
2023-05-11 09:08:12,SM2312,SM312,6814.0,0.0,0.0,0.0,7,6772.0,6826.0,4,6814.0,0.0,0.0,0.0,0.0,0.0,539
2023-05-11 09:08:13,SM2312,SM312,6814.0,0.0,0.0,0.0,3,6776.0,6826.0,4,6814.0,0.0,0.0,0.0,0.0,0.0,539
2023-05-11 09:08:16,SM2312,SM312,6814.0,0.0,0.0,0.0,2,6778.0,6826.0,4,6814.0,0.0,0.0,0.0,0.0,0.0,539
2023-05-11 09:08:16,SM2312,SM312,6814.0,0.0,0.0,0.0,7,6778.0,6826.0,4,6814.0,0.0,0.0,0.0,0.0,0.0,539
2023-05-11 09:08:17,SM2312,SM312,6814.0,0.0,0.0,0.0,8,6778.0,6826.0,4,6814.0,0.0,0.0,0.0,0.0,0.0,539
2023-05-11 09:08:19,SM2312,SM312,6814.0,0.0,0.0,0.0,10,6778.0,6826.0,4,6814.0,0.0,0.0,0.0,0.0,0.0,539
2023-05-11 09:08:20,SM2312,SM312,6814.0,0.0,0.0,0.0,9,6778.0,6826.0,4,6814.0,0.0,0.0,0.0,0.0,0.0,539
2023-05-11 09:08:21,SM2312,SM312,6814.0,0.0,0.0,0.0,7,6778.0,6826.0,4,6814.0,0.0,0.0,0.0,0.0,0.0,539
2023-05-11 09:08:41,SM2312,SM312,6814.0,0.0,0.0,0.0,7,6778.0,6816.0,3,6814.0,0.0,0.0,0.0,0.0,0.0,539
2023-05-11 09:08:41,SM2312,SM312,6814.0,0.0,0.0,0.0,2,6778.0,6816.0,3,6814.0,0.0,0.0,0.0,0.0,0.0,539
2023-05-11 09:08:42,SM2312,SM312,6814.0,0.0,0.0,0.0,1,6778.0,6816.0,3,6814.0,0.0,0.0,0.0,0.0,0.0,539
2023-05-11 09:08:50,SM2312,SM312,6814.0,0.0,0.0,0.0,2,6770.0,6816.0,3,6814.0,0.0,0.0,0.0,0.0,0.0,539
2023-05-11 09:08:51,SM2312,SM312,6814.0,0.0,0.0,0.0,2,6772.0,6816.0,3,6814.0,0.0,0.0,0.0,0.0,0.0,539
2023-05-11 09:08:54,SM2312,SM312,6814.0,0.0,0.0,0.0,7,6772.0,6816.0,3,6814.0,0.0,0.0,0.0,0.0,0.0,539
2023-05-11 09:08:54,SM2312,SM312,6814.0,0.0,0.0,0.0,9,6772.0,6816.0,3,6814.0,0.0,0.0,0.0,0.0,0.0,539
2023-05-11 09:08:58,SM2312,SM312,6814.0,0.0,0.0,0.0,3,6772.0,6816.0,3,6814.0,0.0,0.0,0.0,0.0,0.0,539
2023-05-11 09:08:58,SM2312,SM312,6814.0,0.0,0.0,0.0,6,6774.0,6816.0,3,6814.0,0.0,0.0,0.0,0.0,0.0,539
2023-05-11 09:08:59,SM2312,SM312,6814.0,0.0,0.0,0.0,2,6776.0,6816.0,3,6814.0,0.0,0.0,0.0,0.0,0.0,539
2023-05-11 09:09:00,SM2312,SM312,6814.0,0.0,0.0,0.0,2,6776.0,6822.0,3,6814.0,0.0,0.0,0.0,0.0,0.0,539
2023-05-11 09:09:03,SM2312,SM312,6814.0,0.0,0.0,0.0,7,6776.0,6822.0,3,6814.0,0.0,0.0,0.0,0.0,0.0,539
2023-05-11 09:09:06,SM2312,SM312,6814.0,0.0,0.0,0.0,2,6776.0,6822.0,3,6814.0,0.0,0.0,0.0,0.0,0.0,539
2023-05-11 09:09:06,SM2312,SM312,6814.0,0.0,0.0,0.0,7,6776.0,6822.0,3,6814.0,0.0,0.0,0.0,0.0,0.0,539
2023-05-11 09:09:23,SM2312,SM312,6814.0,0.0,0.0,0.0,7,6776.0,6820.0,2,6814.0,0.0,0.0,0.0,0.0,0.0,539
2023-05-11 09:09:31,SM2312,SM312,6814.0,0.0,0.0,0.0,2,6776.0,6820.0,2,6814.0,0.0,0.0,0.0,0.0,0.0,539
2023-05-11 09:09:33,SM2312,SM312,6814.0,0.0,0.0,0.0,7,6776.0,6820.0,2,6814.0,0.0,0.0,0.0,0.0,0.0,539
2023-05-11 09:09:33,SM2312,SM312,6814.0,0.0,0.0,0.0,7,6776.0,6798.0,10,6814.0,0.0,0.0,0.0,0.0,0.0,539
2023-05-11 09:09:33,SM2312,SM312,6814.0,0.0,0.0,0.0,2,6776.0,6798.0,10,6814.0,0.0,0.0,0.0,0.0,0.0,539
2023-05-11 09:09:46,SM2312,SM312,6814.0,0.0,0.0,0.0,2,6776.0,6804.0,1,6814.0,0.0,0.0,0.0,0.0,0.0,539
2023-05-11 09:09:47,SM2312,SM312,6814.0,0.0,0.0,0.0,2,6776.0,6826.0,2,6814.0,0.0,0.0,0.0,0.0,0.0,539
2023-05-11 09:09:56,SM2312,SM312,6814.0,0.0,0.0,0.0,4,6776.0,6826.0,2,6814.0,0.0,0.0,0.0,0.0,0.0,539
2023-05-11 09:10:00,SM2312,SM312,6814.0,0.0,0.0,0.0,2,6776.0,6826.0,2,6814.0,0.0,0.0,0.0,0.0,0.0,539
2023-05-11 09:10:00,SM2312,SM312,6814.0,0.0,0.0,0.0,4,6776.0,6826.0,2,6814.0,0.0,0.0,0.0,0.0,0.0,539
2023-05-11 09:10:02,SM2312,SM312,6814.0,0.0,0.0,0.0,2,6776.0,6826.0,2,6814.0,0.0,0.0,0.0,0.0,0.0,539
2023-05-11 09:10:05,SM2312,SM312,6814.0,0.0,0.0,0.0,2,6776.0,6824.0,2,6814.0,0.0,0.0,0.0,0.0,0.0,539
2023-05-11 09:10:13,SM2312,SM312,6814.0,0.0,0.0,0.0,4,6776.0,6824.0,2,6814.0,0.0,0.0,0.0,0.0,0.0,539
2023-05-11 09:10:14,SM2312,SM312,6814.0,0.0,0.0,0.0,2,6776.0,6824.0,2,6814.0,0.0,0.0,0.0,0.0,0.0,539
2023-05-11 09:10:17,SM2312,SM312,6814.0,0.0,0.0,0.0,4,6776.0,6824.0,2,6814.0,0.0,0.0,0.0,0.0,0.0,539
2023-05-11 09:10:33,SM2312,SM312,6814.0,0.0,0.0,0.0,2,6776.0,6824.0,2,6814.0,0.0,0.0,0.0,0.0,0.0,539
2023-05-11 09:10:51,SM2312,SM312,6814.0,0.0,0.0,0.0,2,6776.0,6806.0,1,6814.0,0.0,0.0,0.0,0.0,0.0,539
2023-05-11 09:10:55,SM2312,SM312,6814.0,0.0,0.0,0.0,2,6776.0,6826.0,2,6814.0,0.0,0.0,0.0,0.0,0.0,539
2023-05-11 09:10:57,SM2312,SM312,6814.0,0.0,0.0,0.0,2,6776.0,6806.0,1,6814.0,0.0,0.0,0.0,0.0,0.0,539
2023-05-11 09:11:16,SM2312,SM312,6814.0,0.0,0.0,0.0,2,6776.0,6826.0,2,6814.0,0.0,0.0,0.0,0.0,0.0,539
2023-05-11 09:11:17,SM2312,SM312,6814.0,0.0,0.0,0.0,1,6776.0,6804.0,1,6814.0,0.0,0.0,0.0,0.0,0.0,539
2023-05-11 09:11:21,SM2312,SM312,6814.0,0.0,0.0,0.0,2,6768.0,6826.0,2,6814.0,0.0,0.0,0.0,0.0,0.0,539
2023-05-11 09:11:21,SM2312,SM312,6814.0,0.0,0.0,0.0,2,6770.0,6826.0,2,6814.0,0.0,0.0,0.0,0.0,0.0,539
2023-05-11 09:11:23,SM2312,SM312,6814.0,0.0,0.0,0.0,4,6770.0,6826.0,2,6814.0,0.0,0.0,0.0,0.0,0.0,539
2023-05-11 09:11:25,SM2312,SM312,6814.0,0.0,0.0,0.0,2,6770.0,6826.0,2,6814.0,0.0,0.0,0.0,0.0,0.0,539
2023-05-11 09:11:32,SM2312,SM312,6814.0,0.0,0.0,0.0,2,6770.0,6824.0,2,6814.0,0.0,0.0,0.0,0.0,0.0,539
2023-05-11 09:11:56,SM2312,SM312,6814.0,0.0,0.0,0.0,4,6770.0,6824.0,2,6814.0,0.0,0.0,0.0,0.0,0.0,539
2023-05-11 09:12:01,SM2312,SM312,6814.0,0.0,0.0,0.0,2,6770.0,6824.0,2,6814.0,0.0,0.0,0.0,0.0,0.0,539
2023-05-11 09:12:02,SM2312,SM312,6814.0,0.0,0.0,0.0,2,6770.0,6802.0,1,6814.0,0.0,0.0,0.0,0.0,0.0,539
2023-05-11 09:12:04,SM2312,SM312,6814.0,0.0,0.0,0.0,2,6770.0,6826.0,2,6814.0,0.0,0.0,0.0,0.0,0.0,539
2023-05-11 09:12:06,SM2312,SM312,6814.0,0.0,0.0,0.0,3,6770.0,6826.0,2,6814.0,0.0,0.0,0.0,0.0,0.0,539
2023-05-11 09:12:09,SM2312,SM312,6814.0,0.0,0.0,0.0,3,6770.0,6804.0,1,6814.0,0.0,0.0,0.0,0.0,0.0,539
2023-05-11 09:12:10,SM2312,SM312,6814.0,0.0,0.0,0.0,4,6770.0,6804.0,1,6814.0,0.0,0.0,0.0,0.0,0.0,539
2023-05-11 09:12:11,SM2312,SM312,6814.0,0.0,0.0,0.0,3,6770.0,6826.0,1,6814.0,0.0,0.0,0.0,0.0,0.0,539
2023-05-11 09:12:12,SM2312,SM312,6814.0,0.0,0.0,0.0,2,6770.0,6826.0,1,6814.0,0.0,0.0,0.0,0.0,0.0,539
2023-05-11 09:12:13,SM2312,SM312,6814.0,0.0,0.0,0.0,1,6772.0,6806.0,1,6814.0,0.0,0.0,0.0,0.0,0.0,539
2023-05-11 09:12:14,SM2312,SM312,6814.0,0.0,0.0,0.0,2,6774.0,6806.0,1,6814.0,0.0,0.0,0.0,0.0,0.0,539
2023-05-11 09:12:25,SM2312,SM312,6814.0,0.0,0.0,0.0,2,6774.0,6826.0,1,6814.0,0.0,0.0,0.0,0.0,0.0,539
2023-05-11 09:12:28,SM2312,SM312,6814.0,0.0,0.0,0.0,3,6774.0,6826.0,1,6814.0,0.0,0.0,0.0,0.0,0.0,539
2023-05-11 09:12:28,SM2312,SM312,6814.0,0.0,0.0,0.0,3,6774.0,6806.0,1,6814.0,0.0,0.0,0.0,0.0,0.0,539
2023-05-11 09:12:29,SM2312,SM312,6814.0,0.0,0.0,0.0,2,6774.0,6806.0,1,6814.0,0.0,0.0,0.0,0.0,0.0,539
2023-05-11 09:12:31,SM2312,SM312,6814.0,0.0,0.0,0.0,2,6774.0,6826.0,1,6814.0,0.0,0.0,0.0,0.0,0.0,539
2023-05-11 09:12:32,SM2312,SM312,6814.0,0.0,0.0,0.0,2,6774.0,6806.0,1,6814.0,0.0,0.0,0.0,0.0,0.0,539
2023-05-11 09:12:41,SM2312,SM312,6814.0,0.0,0.0,0.0,2,6774.0,6826.0,1,6814.0,0.0,0.0,0.0,0.0,0.0,539
2023-05-11 09:12:55,SM2312,SM312,6814.0,0.0,0.0,0.0,2,6774.0,6824.0,2,6814.0,0.0,0.0,0.0,0.0,0.0,539
2023-05-11 09:13:01,SM2312,SM312,6814.0,0.0,0.0,0.0,2,6774.0,6804.0,1,6814.0,0.0,0.0,0.0,0.0,0.0,539
2023-05-11 09:13:02,SM2312,SM312,6814.0,0.0,0.0,0.0,2,6774.0,6826.0,1,6814.0,0.0,0.0,0.0,0.0,0.0,539
2023-05-11 09:13:03,SM2312,SM312,6814.0,0.0,0.0,0.0,1,6774.0,6826.0,1,6814.0,0.0,0.0,0.0,0.0,0.0,539
2023-05-11 09:13:28,SM2312,SM312,6814.0,0.0,0.0,0.0,1,6766.0,6826.0,1,6814.0,0.0,0.0,0.0,0.0,0.0,539
2023-05-11 09:13:29,SM2312,SM312,6814.0,0.0,0.0,0.0,2,6768.0,6826.0,1,6814.0,0.0,0.0,0.0,0.0,0.0,539
2023-05-11 09:13:36,SM2312,SM312,6814.0,0.0,0.0,0.0,2,6768.0,6824.0,2,6814.0,0.0,0.0,0.0,0.0,0.0,539
2023-05-11 09:13:42,SM2312,SM312,6814.0,0.0,0.0,0.0,2,6768.0,6796.0,1,6814.0,0.0,0.0,0.0,0.0,0.0,539
2023-05-11 09:13:43,SM2312,SM312,6814.0,0.0,0.0,0.0,1,6768.0,6796.0,1,6814.0,0.0,0.0,0.0,0.0,0.0,539
2023-05-11 09:13:50,SM2312,SM312,6814.0,0.0,0.0,0.0,1,6752.0,6796.0,1,6814.0,0.0,0.0,0.0,0.0,0.0,539
2023-05-11 09:13:50,SM2312,SM312,6814.0,0.0,0.0,0.0,1,6762.0,6796.0,1,6814.0,0.0,0.0,0.0,0.0,0.0,539
2023-05-11 09:13:53,SM2312,SM312,6814.0,0.0,0.0,0.0,2,6764.0,6796.0,1,6814.0,0.0,0.0,0.0,0.0,0.0,539
2023-05-11 09:14:17,SM2312,SM312,6814.0,0.0,0.0,0.0,2,6766.0,6796.0,1,6814.0,0.0,0.0,0.0,0.0,0.0,539
2023-05-11 09:14:18,SM2312,SM312,6814.0,0.0,0.0,0.0,3,6766.0,6796.0,1,6814.0,0.0,0.0,0.0,0.0,0.0,539
2023-05-11 09:14:23,SM2312,SM312,6814.0,0.0,0.0,0.0,2,6766.0,6796.0,1,6814.0,0.0,0.0,0.0,0.0,0.0,539
2023-05-11 09:14:38,SM2312,SM312,6814.0,0.0,0.0,0.0,1,6756.0,6796.0,1,6814.0,0.0,0.0,0.0,0.0,0.0,539
2023-05-11 09:14:38,SM2312,SM312,6814.0,0.0,0.0,0.0,2,6758.0,6796.0,1,6814.0,0.0,0.0,0.0,0.0,0.0,539
2023-05-11 09:14:40,SM2312,SM312,6814.0,0.0,0.0,0.0,2,6758.0,6788.0,1,6814.0,0.0,0.0,0.0,0.0,0.0,539
2023-05-11 09:14:50,SM2312,SM312,6814.0,0.0,0.0,0.0,3,6758.0,6788.0,1,6814.0,0.0,0.0,0.0,0.0,0.0,539
2023-05-11 09:14:59,SM2312,SM312,6814.0,0.0,0.0,0.0,2,6760.0,6788.0,1,6814.0,0.0,0.0,0.0,0.0,0.0,539
2023-05-11 09:15:00,SM2312,SM312,6814.0,0.0,0.0,0.0,2,6762.0,6788.0,1,6814.0,0.0,0.0,0.0,0.0,0.0,539
2023-05-11 09:15:03,SM2312,SM312,6814.0,0.0,0.0,0.0,1,6762.0,6788.0,1,6814.0,0.0,0.0,0.0,0.0,0.0,539
2023-05-11 09:15:06,SM2312,SM312,6814.0,0.0,0.0,0.0,1,6764.0,6788.0,1,6814.0,0.0,0.0,0.0,0.0,0.0,539
2023-05-11 09:15:07,SM2312,SM312,6814.0,0.0,0.0,0.0,1,6766.0,6788.0,1,6814.0,0.0,0.0,0.0,0.0,0.0,539
2023-05-11 09:15:10,SM2312,SM312,6814.0,0.0,0.0,0.0,2,6766.0,6788.0,1,6814.0,0.0,0.0,0.0,0.0,0.0,539
2023-05-11 09:15:17,SM2312,SM312,6814.0,0.0,0.0,0.0,1,6766.0,6788.0,1,6814.0,0.0,0.0,0.0,0.0,0.0,539
2023-05-11 09:15:38,SM2312,SM312,6814.0,0.0,0.0,0.0,2,6766.0,6788.0,1,6814.0,0.0,0.0,0.0,0.0,0.0,539
2023-05-11 09:15:39,SM2312,SM312,6814.0,0.0,0.0,0.0,2,6766.0,6794.0,1,6814.0,0.0,0.0,0.0,0.0,0.0,539
2023-05-11 09:15:39,SM2312,SM312,6814.0,0.0,0.0,0.0,2,6766.0,6820.0,1,6814.0,0.0,0.0,0.0,0.0,0.0,539
2023-05-11 09:15:40,SM2312,SM312,6814.0,0.0,0.0,0.0,2,6768.0,6820.0,1,6814.0,0.0,0.0,0.0,0.0,0.0,539
2023-05-11 09:15:41,SM2312,SM312,6814.0,0.0,0.0,0.0,3,6768.0,6820.0,1,6814.0,0.0,0.0,0.0,0.0,0.0,539
2023-05-11 09:15:42,SM2312,SM312,6814.0,0.0,0.0,0.0,1,6770.0,6820.0,1,6814.0,0.0,0.0,0.0,0.0,0.0,539
2023-05-11 09:15:47,SM2312,SM312,6814.0,0.0,0.0,0.0,2,6770.0,6820.0,1,6814.0,0.0,0.0,0.0,0.0,0.0,539
2023-05-11 09:15:55,SM2312,SM312,6814.0,0.0,0.0,0.0,1,6770.0,6820.0,1,6814.0,0.0,0.0,0.0,0.0,0.0,539
2023-05-11 09:15:56,SM2312,SM312,6814.0,0.0,0.0,0.0,1,6772.0,6820.0,1,6814.0,0.0,0.0,0.0,0.0,0.0,539
2023-05-11 09:15:57,SM2312,SM312,6814.0,0.0,0.0,0.0,1,6774.0,6820.0,1,6814.0,0.0,0.0,0.0,0.0,0.0,539
2023-05-11 09:15:59,SM2312,SM312,6814.0,0.0,0.0,0.0,1,6766.0,6820.0,1,6814.0,0.0,0.0,0.0,0.0,0.0,539
2023-05-11 09:16:00,SM2312,SM312,6814.0,0.0,0.0,0.0,1,6768.0,6820.0,1,6814.0,0.0,0.0,0.0,0.0,0.0,539
2023-05-11 09:16:01,SM2312,SM312,6814.0,0.0,0.0,0.0,1,6770.0,6820.0,1,6814.0,0.0,0.0,0.0,0.0,0.0,539
2023-05-11 09:16:03,SM2312,SM312,6814.0,0.0,0.0,0.0,1,6772.0,6820.0,1,6814.0,0.0,0.0,0.0,0.0,0.0,539
2023-05-11 09:16:05,SM2312,SM312,6814.0,0.0,0.0,0.0,2,6772.0,6820.0,1,6814.0,0.0,0.0,0.0,0.0,0.0,539
2023-05-11 09:16:11,SM2312,SM312,6814.0,0.0,0.0,0.0,1,6772.0,6820.0,1,6814.0,0.0,0.0,0.0,0.0,0.0,539
2023-05-11 09:16:13,SM2312,SM312,6814.0,0.0,0.0,0.0,2,6772.0,6820.0,1,6814.0,0.0,0.0,0.0,0.0,0.0,539
2023-05-11 09:16:16,SM2312,SM312,6814.0,0.0,0.0,0.0,1,6772.0,6820.0,1,6814.0,0.0,0.0,0.0,0.0,0.0,539
2023-05-11 09:16:16,SM2312,SM312,6814.0,0.0,0.0,0.0,1,6774.0,6820.0,1,6814.0,0.0,0.0,0.0,0.0,0.0,539
2023-05-11 09:16:17,SM2312,SM312,6814.0,0.0,0.0,0.0,2,6774.0,6820.0,1,6814.0,0.0,0.0,0.0,0.0,0.0,539
2023-05-11 09:16:19,SM2312,SM312,6814.0,0.0,0.0,0.0,1,6774.0,6820.0,1,6814.0,0.0,0.0,0.0,0.0,0.0,539
2023-05-11 09:16:23,SM2312,SM312,6814.0,0.0,0.0,0.0,1,6774.0,6818.0,2,6814.0,0.0,0.0,0.0,0.0,0.0,539
2023-05-11 09:16:24,SM2312,SM312,6814.0,0.0,0.0,0.0,1,6768.0,6818.0,2,6814.0,0.0,0.0,0.0,0.0,0.0,539
2023-05-11 09:16:24,SM2312,SM312,6814.0,0.0,0.0,0.0,2,6770.0,6818.0,2,6814.0,0.0,0.0,0.0,0.0,0.0,539
2023-05-11 09:16:42,SM2312,SM312,6814.0,0.0,0.0,0.0,2,6770.0,6812.0,3,6814.0,0.0,0.0,0.0,0.0,0.0,539
2023-05-11 09:16:42,SM2312,SM312,6814.0,0.0,0.0,0.0,2,6770.0,6814.0,3,6814.0,0.0,0.0,0.0,0.0,0.0,539
2023-05-11 09:17:02,SM2312,SM312,6814.0,0.0,0.0,0.0,2,6770.0,6808.0,3,6814.0,0.0,0.0,0.0,0.0,0.0,539
2023-05-11 09:17:03,SM2312,SM312,6814.0,0.0,0.0,0.0,2,6770.0,6810.0,3,6814.0,0.0,0.0,0.0,0.0,0.0,539
2023-05-11 09:17:07,SM2312,SM312,6814.0,0.0,0.0,0.0,7,6770.0,6810.0,3,6814.0,0.0,0.0,0.0,0.0,0.0,539
2023-05-11 09:17:36,SM2312,SM312,6814.0,0.0,0.0,0.0,6,6770.0,6810.0,3,6814.0,0.0,0.0,0.0,0.0,0.0,539
2023-05-11 09:17:37,SM2312,SM312,6814.0,0.0,0.0,0.0,5,6770.0,6810.0,3,6814.0,0.0,0.0,0.0,0.0,0.0,539
2023-05-11 09:17:46,SM2312,SM312,6814.0,0.0,0.0,0.0,6,6770.0,6810.0,3,6814.0,0.0,0.0,0.0,0.0,0.0,539
2023-05-11 09:17:46,SM2312,SM312,6814.0,0.0,0.0,0.0,6,6770.0,6808.0,2,6814.0,0.0,0.0,0.0,0.0,0.0,539
2023-05-11 09:17:52,SM2312,SM312,6814.0,0.0,0.0,0.0,5,6770.0,6808.0,2,6814.0,0.0,0.0,0.0,0.0,0.0,539
2023-05-11 09:18:00,SM2312,SM312,6814.0,0.0,0.0,0.0,5,6762.0,6808.0,2,6814.0,0.0,0.0,0.0,0.0,0.0,539
2023-05-11 09:18:01,SM2312,SM312,6814.0,0.0,0.0,0.0,7,6764.0,6808.0,2,6814.0,0.0,0.0,0.0,0.0,0.0,539
2023-05-11 09:18:14,SM2312,SM312,6814.0,0.0,0.0,0.0,6,6764.0,6808.0,2,6814.0,0.0,0.0,0.0,0.0,0.0,539
2023-05-11 09:18:24,SM2312,SM312,6814.0,0.0,0.0,0.0,7,6764.0,6808.0,2,6814.0,0.0,0.0,0.0,0.0,0.0,539
2023-05-11 09:18:28,SM2312,SM312,6814.0,0.0,0.0,0.0,6,6764.0,6808.0,2,6814.0,0.0,0.0,0.0,0.0,0.0,539
2023-05-11 09:18:30,SM2312,SM312,6814.0,0.0,0.0,0.0,7,6764.0,6808.0,2,6814.0,0.0,0.0,0.0,0.0,0.0,539
2023-05-11 09:18:32,SM2312,SM312,6814.0,0.0,0.0,0.0,6,6764.0,6808.0,2,6814.0,0.0,0.0,0.0,0.0,0.0,539
2023-05-11 09:18:41,SM2312,SM312,6814.0,0.0,0.0,0.0,7,6764.0,6808.0,2,6814.0,0.0,0.0,0.0,0.0,0.0,539
2023-05-11 09:19:04,SM2312,SM312,6814.0,0.0,0.0,0.0,7,6764.0,6802.0,3,6814.0,0.0,0.0,0.0,0.0,0.0,539
2023-05-11 09:19:04,SM2312,SM312,6814.0,0.0,0.0,0.0,5,6764.0,6802.0,3,6814.0,0.0,0.0,0.0,0.0,0.0,539
2023-05-11 09:19:06,SM2312,SM312,6814.0,0.0,0.0,0.0,1,6766.0,6808.0,5,6814.0,0.0,0.0,0.0,0.0,0.0,539
2023-05-11 09:19:07,SM2312,SM312,6814.0,0.0,0.0,0.0,5,6768.0,6808.0,5,6814.0,0.0,0.0,0.0,0.0,0.0,539
2023-05-11 09:19:08,SM2312,SM312,6814.0,0.0,0.0,0.0,5,6768.0,6808.0,2,6814.0,0.0,0.0,0.0,0.0,0.0,539
2023-05-11 09:19:08,SM2312,SM312,6814.0,0.0,0.0,0.0,1,6770.0,6808.0,2,6814.0,0.0,0.0,0.0,0.0,0.0,539
2023-05-11 09:19:10,SM2312,SM312,6814.0,0.0,0.0,0.0,5,6772.0,6808.0,2,6814.0,0.0,0.0,0.0,0.0,0.0,539
2023-05-11 09:19:12,SM2312,SM312,6814.0,0.0,0.0,0.0,7,6762.0,6808.0,2,6814.0,0.0,0.0,0.0,0.0,0.0,539
2023-05-11 09:19:13,SM2312,SM312,6814.0,0.0,0.0,0.0,6,6764.0,6808.0,2,6814.0,0.0,0.0,0.0,0.0,0.0,539
2023-05-11 09:19:13,SM2312,SM312,6814.0,0.0,0.0,0.0,7,6764.0,6812.0,3,6814.0,0.0,0.0,0.0,0.0,0.0,539
2023-05-11 09:19:16,SM2312,SM312,6814.0,0.0,0.0,0.0,7,6764.0,6820.0,1,6814.0,0.0,0.0,0.0,0.0,0.0,539
2023-05-11 09:19:17,SM2312,SM312,6814.0,0.0,0.0,0.0,7,6764.0,6810.0,3,6814.0,0.0,0.0,0.0,0.0,0.0,539
2023-05-11 09:19:22,SM2312,SM312,6814.0,0.0,0.0,0.0,5,6764.0,6810.0,3,6814.0,0.0,0.0,0.0,0.0,0.0,539
2023-05-11 09:19:28,SM2312,SM312,6814.0,0.0,0.0,0.0,6,6764.0,6810.0,3,6814.0,0.0,0.0,0.0,0.0,0.0,539
2023-05-11 09:19:30,SM2312,SM312,6814.0,0.0,0.0,0.0,5,6764.0,6810.0,3,6814.0,0.0,0.0,0.0,0.0,0.0,539
2023-05-11 09:19:34,SM2312,SM312,6814.0,0.0,0.0,0.0,2,6754.0,6800.0,3,6814.0,0.0,0.0,0.0,0.0,0.0,539
2023-05-11 09:19:34,SM2312,SM312,6814.0,0.0,0.0,0.0,7,6756.0,6800.0,3,6814.0,0.0,0.0,0.0,0.0,0.0,539
2023-05-11 09:19:42,SM2312,SM312,6814.0,0.0,0.0,0.0,7,6756.0,6802.0,3,6814.0,0.0,0.0,0.0,0.0,0.0,539
2023-05-11 09:19:43,SM2312,SM312,6814.0,0.0,0.0,0.0,8,6756.0,6802.0,3,6814.0,0.0,0.0,0.0,0.0,0.0,539
2023-05-11 09:19:44,SM2312,SM312,6814.0,0.0,0.0,0.0,10,6756.0,6804.0,3,6814.0,0.0,0.0,0.0,0.0,0.0,539
2023-05-11 09:19:50,SM2312,SM312,6814.0,0.0,0.0,0.0,9,6756.0,6804.0,3,6814.0,0.0,0.0,0.0,0.0,0.0,539
2023-05-11 09:19:51,SM2312,SM312,6814.0,0.0,0.0,0.0,1,6758.0,6802.0,2,6814.0,0.0,0.0,0.0,0.0,0.0,539
2023-05-11 09:19:52,SM2312,SM312,6814.0,0.0,0.0,0.0,2,6760.0,6802.0,2,6814.0,0.0,0.0,0.0,0.0,0.0,539
2023-05-11 09:19:57,SM2312,SM312,6814.0,0.0,0.0,0.0,5,6762.0,6802.0,2,6814.0,0.0,0.0,0.0,0.0,0.0,539
2023-05-11 09:19:57,SM2312,SM312,6814.0,0.0,0.0,0.0,5,6762.0,6808.0,3,6814.0,0.0,0.0,0.0,0.0,0.0,539
2023-05-11 09:19:58,SM2312,SM312,6814.0,0.0,0.0,0.0,2,6764.0,6808.0,3,6814.0,0.0,0.0,0.0,0.0,0.0,539
2023-05-11 09:19:59,SM2312,SM312,6814.0,0.0,0.0,0.0,2,6764.0,6806.0,1,6814.0,0.0,0.0,0.0,0.0,0.0,539
2023-05-11 09:20:00,SM2312,SM312,6814.0,0.0,0.0,0.0,5,6766.0,6806.0,1,6814.0,0.0,0.0,0.0,0.0,0.0,539
2023-05-11 09:20:01,SM2312,SM312,6814.0,0.0,0.0,0.0,5,6766.0,6806.0,4,6814.0,0.0,0.0,0.0,0.0,0.0,539
2023-05-11 09:20:03,SM2312,SM312,6814.0,0.0,0.0,0.0,5,6766.0,6802.0,1,6814.0,0.0,0.0,0.0,0.0,0.0,539
2023-05-11 09:20:25,SM2312,SM312,6814.0,0.0,0.0,0.0,5,6766.0,6800.0,1,6814.0,0.0,0.0,0.0,0.0,0.0,539
2023-05-11 09:20:33,SM2312,SM312,6814.0,0.0,0.0,0.0,5,6766.0,6798.0,2,6814.0,0.0,0.0,0.0,0.0,0.0,539
2023-05-11 09:20:42,SM2312,SM312,6814.0,0.0,0.0,0.0,1,6750.0,6798.0,2,6814.0,0.0,0.0,0.0,0.0,0.0,539
2023-05-11 09:20:43,SM2312,SM312,6814.0,0.0,0.0,0.0,7,6752.0,6798.0,2,6814.0,0.0,0.0,0.0,0.0,0.0,539
2023-05-11 09:20:43,SM2312,SM312,6814.0,0.0,0.0,0.0,7,6752.0,6800.0,1,6814.0,0.0,0.0,0.0,0.0,0.0,539
2023-05-11 09:20:49,SM2312,SM312,6814.0,0.0,0.0,0.0,3,6756.0,6800.0,1,6814.0,0.0,0.0,0.0,0.0,0.0,539
2023-05-11 09:20:51,SM2312,SM312,6814.0,0.0,0.0,0.0,1,6750.0,6800.0,1,6814.0,0.0,0.0,0.0,0.0,0.0,539
2023-05-11 09:20:51,SM2312,SM312,6814.0,0.0,0.0,0.0,6,6752.0,6800.0,1,6814.0,0.0,0.0,0.0,0.0,0.0,539
2023-05-11 09:20:51,SM2312,SM312,6814.0,0.0,0.0,0.0,7,6752.0,6800.0,1,6814.0,0.0,0.0,0.0,0.0,0.0,539
2023-05-11 09:20:51,SM2312,SM312,6814.0,0.0,0.0,0.0,1,6750.0,6800.0,1,6814.0,0.0,0.0,0.0,0.0,0.0,539
2023-05-11 09:20:51,SM2312,SM312,6814.0,0.0,0.0,0.0,6,6752.0,6800.0,1,6814.0,0.0,0.0,0.0,0.0,0.0,539
2023-05-11 09:20:51,SM2312,SM312,6814.0,0.0,0.0,0.0,7,6752.0,6800.0,1,6814.0,0.0,0.0,0.0,0.0,0.0,539
2023-05-11 09:21:09,SM2312,SM312,6814.0,0.0,0.0,0.0,3,6756.0,6800.0,1,6814.0,0.0,0.0,0.0,0.0,0.0,539
2023-05-11 09:21:09,SM2312,SM312,6814.0,0.0,0.0,0.0,2,6758.0,6800.0,1,6814.0,0.0,0.0,0.0,0.0,0.0,539
2023-05-11 09:21:11,SM2312,SM312,6814.0,0.0,0.0,0.0,1,6760.0,6800.0,1,6814.0,0.0,0.0,0.0,0.0,0.0,539
2023-05-11 09:21:13,SM2312,SM312,6814.0,0.0,0.0,0.0,1,6762.0,6800.0,1,6814.0,0.0,0.0,0.0,0.0,0.0,539
2023-05-11 09:21:15,SM2312,SM312,6814.0,0.0,0.0,0.0,4,6764.0,6800.0,1,6814.0,0.0,0.0,0.0,0.0,0.0,539
2023-05-11 09:21:15,SM2312,SM312,6814.0,0.0,0.0,0.0,6,6764.0,6800.0,1,6814.0,0.0,0.0,0.0,0.0,0.0,539
2023-05-11 09:21:16,SM2312,SM312,6814.0,0.0,0.0,0.0,1,6766.0,6802.0,2,6814.0,0.0,0.0,0.0,0.0,0.0,539
2023-05-11 09:21:17,SM2312,SM312,6814.0,0.0,0.0,0.0,1,6768.0,6802.0,2,6814.0,0.0,0.0,0.0,0.0,0.0,539
2023-05-11 09:21:18,SM2312,SM312,6814.0,0.0,0.0,0.0,3,6770.0,6802.0,2,6814.0,0.0,0.0,0.0,0.0,0.0,539
2023-05-11 09:21:19,SM2312,SM312,6814.0,0.0,0.0,0.0,4,6770.0,6802.0,2,6814.0,0.0,0.0,0.0,0.0,0.0,539
2023-05-11 09:21:22,SM2312,SM312,6814.0,0.0,0.0,0.0,5,6770.0,6802.0,2,6814.0,0.0,0.0,0.0,0.0,0.0,539
2023-05-11 09:21:23,SM2312,SM312,6814.0,0.0,0.0,0.0,1,6770.0,6802.0,2,6814.0,0.0,0.0,0.0,0.0,0.0,539
2023-05-11 09:21:26,SM2312,SM312,6814.0,0.0,0.0,0.0,1,6750.0,6802.0,2,6814.0,0.0,0.0,0.0,0.0,0.0,539
2023-05-11 09:21:27,SM2312,SM312,6814.0,0.0,0.0,0.0,5,6752.0,6802.0,2,6814.0,0.0,0.0,0.0,0.0,0.0,539
2023-05-11 09:21:28,SM2312,SM312,6814.0,0.0,0.0,0.0,7,6752.0,6802.0,2,6814.0,0.0,0.0,0.0,0.0,0.0,539
2023-05-11 09:21:34,SM2312,SM312,6814.0,0.0,0.0,0.0,3,6758.0,6802.0,2,6814.0,0.0,0.0,0.0,0.0,0.0,539
2023-05-11 09:21:35,SM2312,SM312,6814.0,0.0,0.0,0.0,2,6760.0,6802.0,2,6814.0,0.0,0.0,0.0,0.0,0.0,539
2023-05-11 09:21:39,SM2312,SM312,6814.0,0.0,0.0,0.0,5,6762.0,6800.0,1,6814.0,0.0,0.0,0.0,0.0,0.0,539
2023-05-11 09:21:39,SM2312,SM312,6814.0,0.0,0.0,0.0,5,6762.0,6800.0,2,6814.0,0.0,0.0,0.0,0.0,0.0,539
2023-05-11 09:21:40,SM2312,SM312,6814.0,0.0,0.0,0.0,6,6762.0,6800.0,2,6814.0,0.0,0.0,0.0,0.0,0.0,539
2023-05-11 09:21:56,SM2312,SM312,6814.0,0.0,0.0,0.0,6,6762.0,6800.0,3,6814.0,0.0,0.0,0.0,0.0,0.0,539
2023-05-11 09:21:57,SM2312,SM312,6814.0,0.0,0.0,0.0,3,6764.0,6800.0,3,6814.0,0.0,0.0,0.0,0.0,0.0,539
2023-05-11 09:22:01,SM2312,SM312,6814.0,0.0,0.0,0.0,5,6766.0,6800.0,3,6814.0,0.0,0.0,0.0,0.0,0.0,539
2023-05-11 09:22:15,SM2312,SM312,6814.0,0.0,0.0,0.0,5,6766.0,6802.0,2,6814.0,0.0,0.0,0.0,0.0,0.0,539
2023-05-11 09:22:16,SM2312,SM312,6814.0,0.0,0.0,0.0,6,6766.0,6802.0,2,6814.0,0.0,0.0,0.0,0.0,0.0,539
2023-05-11 09:22:19,SM2312,SM312,6814.0,0.0,0.0,0.0,6,6766.0,6808.0,3,6814.0,0.0,0.0,0.0,0.0,0.0,539
2023-05-11 09:22:20,SM2312,SM312,6814.0,0.0,0.0,0.0,6,6766.0,6810.0,3,6814.0,0.0,0.0,0.0,0.0,0.0,539
2023-05-11 09:22:20,SM2312,SM312,6814.0,0.0,0.0,0.0,1,6768.0,6810.0,3,6814.0,0.0,0.0,0.0,0.0,0.0,539
2023-05-11 09:22:21,SM2312,SM312,6814.0,0.0,0.0,0.0,5,6770.0,6810.0,3,6814.0,0.0,0.0,0.0,0.0,0.0,539
2023-05-11 09:22:23,SM2312,SM312,6814.0,0.0,0.0,0.0,6,6770.0,6810.0,3,6814.0,0.0,0.0,0.0,0.0,0.0,539
2023-05-11 09:22:24,SM2312,SM312,6814.0,0.0,0.0,0.0,6,6770.0,6812.0,3,6814.0,0.0,0.0,0.0,0.0,0.0,539
2023-05-11 09:22:31,SM2312,SM312,6814.0,0.0,0.0,0.0,6,6770.0,6810.0,3,6814.0,0.0,0.0,0.0,0.0,0.0,539
2023-05-11 09:22:40,SM2312,SM312,6814.0,0.0,0.0,0.0,6,6770.0,6808.0,2,6814.0,0.0,0.0,0.0,0.0,0.0,539
2023-05-11 09:23:01,SM2312,SM312,6814.0,0.0,0.0,0.0,5,6770.0,6808.0,2,6814.0,0.0,0.0,0.0,0.0,0.0,539
2023-05-11 09:23:02,SM2312,SM312,6814.0,0.0,0.0,0.0,6,6770.0,6808.0,2,6814.0,0.0,0.0,0.0,0.0,0.0,539
2023-05-11 09:23:10,SM2312,SM312,6814.0,0.0,0.0,0.0,1,6772.0,6808.0,2,6814.0,0.0,0.0,0.0,0.0,0.0,539
2023-05-11 09:23:11,SM2312,SM312,6814.0,0.0,0.0,0.0,5,6774.0,6808.0,2,6814.0,0.0,0.0,0.0,0.0,0.0,539
2023-05-11 09:23:27,SM2312,SM312,6814.0,0.0,0.0,0.0,6,6774.0,6808.0,2,6814.0,0.0,0.0,0.0,0.0,0.0,539
2023-05-11 09:23:30,SM2312,SM312,6814.0,0.0,0.0,0.0,5,6774.0,6808.0,2,6814.0,0.0,0.0,0.0,0.0,0.0,539
2023-05-11 09:24:44,SM2312,SM312,6814.0,0.0,0.0,0.0,6,6774.0,6808.0,2,6814.0,0.0,0.0,0.0,0.0,0.0,539
2023-05-11 09:24:59,SM2312,SM312,6814.0,0.0,0.0,0.0,6,6774.0,6814.0,3,6814.0,0.0,0.0,0.0,0.0,0.0,539
2023-05-11 09:25:08,SM2312,SM312,6814.0,0.0,0.0,0.0,6,6774.0,6816.0,3,6814.0,0.0,0.0,0.0,0.0,0.0,539
2023-05-11 09:25:09,SM2312,SM312,6814.0,0.0,0.0,0.0,1,6776.0,6816.0,3,6814.0,0.0,0.0,0.0,0.0,0.0,539
2023-05-11 09:25:15,SM2312,SM312,6814.0,0.0,0.0,0.0,5,6778.0,6816.0,3,6814.0,0.0,0.0,0.0,0.0,0.0,539
2023-05-11 09:25:23,SM2312,SM312,6814.0,0.0,0.0,0.0,5,6778.0,6814.0,2,6814.0,0.0,0.0,0.0,0.0,0.0,539
2023-05-11 09:25:24,SM2312,SM312,6814.0,0.0,0.0,0.0,1,6774.0,6814.0,2,6814.0,0.0,0.0,0.0,0.0,0.0,539
2023-05-11 09:25:25,SM2312,SM312,6814.0,0.0,0.0,0.0,5,6776.0,6814.0,2,6814.0,0.0,0.0,0.0,0.0,0.0,539
2023-05-11 09:25:26,SM2312,SM312,6814.0,0.0,0.0,0.0,6,6776.0,6814.0,2,6814.0,0.0,0.0,0.0,0.0,0.0,539
2023-05-11 09:25:28,SM2312,SM312,6814.0,0.0,0.0,0.0,6,6776.0,6812.0,1,6814.0,0.0,0.0,0.0,0.0,0.0,539
2023-05-11 09:25:50,SM2312,SM312,6814.0,0.0,0.0,0.0,1,6778.0,6812.0,1,6814.0,0.0,0.0,0.0,0.0,0.0,539
2023-05-11 09:25:51,SM2312,SM312,6814.0,0.0,0.0,0.0,1,6780.0,6812.0,1,6814.0,0.0,0.0,0.0,0.0,0.0,539
2023-05-11 09:25:52,SM2312,SM312,6814.0,0.0,0.0,0.0,1,6780.0,6820.0,4,6814.0,0.0,0.0,0.0,0.0,0.0,539
2023-05-11 09:25:53,SM2312,SM312,6814.0,0.0,0.0,0.0,6,6780.0,6820.0,4,6814.0,0.0,0.0,0.0,0.0,0.0,539
2023-05-11 09:26:02,SM2312,SM312,6814.0,0.0,0.0,0.0,6,6780.0,6814.0,1,6814.0,0.0,0.0,0.0,0.0,0.0,539
2023-05-11 09:26:03,SM2312,SM312,6814.0,0.0,0.0,0.0,1,6780.0,6814.0,1,6814.0,0.0,0.0,0.0,0.0,0.0,539
2023-05-11 09:26:04,SM2312,SM312,6814.0,0.0,0.0,0.0,2,6756.0,6814.0,1,6814.0,0.0,0.0,0.0,0.0,0.0,539
2023-05-11 09:26:05,SM2312,SM312,6814.0,0.0,0.0,0.0,2,6782.0,6814.0,1,6814.0,0.0,0.0,0.0,0.0,0.0,539
2023-05-11 09:26:28,SM2312,SM312,6814.0,0.0,0.0,0.0,2,6756.0,6814.0,1,6814.0,0.0,0.0,0.0,0.0,0.0,539
2023-05-11 09:26:29,SM2312,SM312,6814.0,0.0,0.0,0.0,2,6758.0,6814.0,1,6814.0,0.0,0.0,0.0,0.0,0.0,539
2023-05-11 09:26:31,SM2312,SM312,6814.0,0.0,0.0,0.0,5,6760.0,6814.0,1,6814.0,0.0,0.0,0.0,0.0,0.0,539
2023-05-11 09:26:34,SM2312,SM312,6814.0,0.0,0.0,0.0,2,6762.0,6814.0,4,6814.0,0.0,0.0,0.0,0.0,0.0,539
2023-05-11 09:26:35,SM2312,SM312,6814.0,0.0,0.0,0.0,4,6764.0,6814.0,4,6814.0,0.0,0.0,0.0,0.0,0.0,539
2023-05-11 09:26:35,SM2312,SM312,6814.0,0.0,0.0,0.0,5,6764.0,6814.0,4,6814.0,0.0,0.0,0.0,0.0,0.0,539
2023-05-11 09:26:37,SM2312,SM312,6814.0,0.0,0.0,0.0,2,6766.0,6814.0,4,6814.0,0.0,0.0,0.0,0.0,0.0,539
2023-05-11 09:26:37,SM2312,SM312,6814.0,0.0,0.0,0.0,2,6766.0,6814.0,1,6814.0,0.0,0.0,0.0,0.0,0.0,539
2023-05-11 09:26:38,SM2312,SM312,6814.0,0.0,0.0,0.0,5,6768.0,6814.0,1,6814.0,0.0,0.0,0.0,0.0,0.0,539
2023-05-11 09:26:40,SM2312,SM312,6814.0,0.0,0.0,0.0,2,6770.0,6814.0,1,6814.0,0.0,0.0,0.0,0.0,0.0,539
2023-05-11 09:26:44,SM2312,SM312,6814.0,0.0,0.0,0.0,4,6772.0,6814.0,1,6814.0,0.0,0.0,0.0,0.0,0.0,539
2023-05-11 09:26:45,SM2312,SM312,6814.0,0.0,0.0,0.0,5,6772.0,6814.0,1,6814.0,0.0,0.0,0.0,0.0,0.0,539
2023-05-11 09:26:46,SM2312,SM312,6814.0,0.0,0.0,0.0,2,6774.0,6814.0,1,6814.0,0.0,0.0,0.0,0.0,0.0,539
2023-05-11 09:26:47,SM2312,SM312,6814.0,0.0,0.0,0.0,2,6776.0,6814.0,1,6814.0,0.0,0.0,0.0,0.0,0.0,539
2023-05-11 09:26:51,SM2312,SM312,6814.0,0.0,0.0,0.0,2,6778.0,6814.0,1,6814.0,0.0,0.0,0.0,0.0,0.0,539
2023-05-11 09:26:53,SM2312,SM312,6814.0,0.0,0.0,0.0,3,6778.0,6814.0,1,6814.0,0.0,0.0,0.0,0.0,0.0,539
2023-05-11 09:26:57,SM2312,SM312,6814.0,0.0,0.0,0.0,5,6778.0,6814.0,1,6814.0,0.0,0.0,0.0,0.0,0.0,539
2023-05-11 09:26:57,SM2312,SM312,6814.0,0.0,0.0,0.0,6,6778.0,6814.0,1,6814.0,0.0,0.0,0.0,0.0,0.0,539
2023-05-11 09:27:06,SM2312,SM312,6814.0,0.0,0.0,0.0,1,6778.0,6814.0,1,6814.0,0.0,0.0,0.0,0.0,0.0,539
2023-05-11 09:27:07,SM2312,SM312,6814.0,0.0,0.0,0.0,6,6778.0,6814.0,1,6814.0,0.0,0.0,0.0,0.0,0.0,539
2023-05-11 09:27:12,SM2312,SM312,6814.0,0.0,0.0,0.0,2,6774.0,6814.0,4,6814.0,0.0,0.0,0.0,0.0,0.0,539
2023-05-11 09:27:13,SM2312,SM312,6814.0,0.0,0.0,0.0,5,6776.0,6814.0,4,6814.0,0.0,0.0,0.0,0.0,0.0,539
2023-05-11 09:27:13,SM2312,SM312,6814.0,0.0,0.0,0.0,6,6776.0,6814.0,4,6814.0,0.0,0.0,0.0,0.0,0.0,539
2023-05-11 09:27:28,SM2312,SM312,6814.0,0.0,0.0,0.0,2,6778.0,6814.0,4,6814.0,0.0,0.0,0.0,0.0,0.0,539
2023-05-11 09:27:43,SM2312,SM312,6814.0,0.0,0.0,0.0,2,6778.0,6814.0,1,6814.0,0.0,0.0,0.0,0.0,0.0,539
2023-05-11 09:27:44,SM2312,SM312,6814.0,0.0,0.0,0.0,8,6778.0,6814.0,1,6814.0,0.0,0.0,0.0,0.0,0.0,539
2023-05-11 09:27:45,SM2312,SM312,6814.0,0.0,0.0,0.0,8,6778.0,6814.0,4,6814.0,0.0,0.0,0.0,0.0,0.0,539
2023-05-11 09:27:46,SM2312,SM312,6814.0,0.0,0.0,0.0,8,6778.0,6814.0,1,6814.0,0.0,0.0,0.0,0.0,0.0,539
2023-05-11 09:27:46,SM2312,SM312,6814.0,0.0,0.0,0.0,2,6778.0,6814.0,1,6814.0,0.0,0.0,0.0,0.0,0.0,539
2023-05-11 09:27:47,SM2312,SM312,6814.0,0.0,0.0,0.0,2,6778.0,6814.0,4,6814.0,0.0,0.0,0.0,0.0,0.0,539
2023-05-11 09:27:48,SM2312,SM312,6814.0,0.0,0.0,0.0,2,6778.0,6814.0,1,6814.0,0.0,0.0,0.0,0.0,0.0,539
2023-05-11 09:27:48,SM2312,SM312,6814.0,0.0,0.0,0.0,2,6778.0,6814.0,4,6814.0,0.0,0.0,0.0,0.0,0.0,539
2023-05-11 09:27:58,SM2312,SM312,6814.0,0.0,0.0,0.0,8,6778.0,6814.0,1,6814.0,0.0,0.0,0.0,0.0,0.0,539
2023-05-11 09:27:58,SM2312,SM312,6814.0,0.0,0.0,0.0,8,6778.0,6814.0,4,6814.0,0.0,0.0,0.0,0.0,0.0,539
2023-05-11 09:28:00,SM2312,SM312,6814.0,0.0,0.0,0.0,7,6778.0,6814.0,4,6814.0,0.0,0.0,0.0,0.0,0.0,539
2023-05-11 09:28:03,SM2312,SM312,6814.0,0.0,0.0,0.0,2,6778.0,6814.0,1,6814.0,0.0,0.0,0.0,0.0,0.0,539
2023-05-11 09:28:12,SM2312,SM312,6814.0,0.0,0.0,0.0,2,6778.0,6812.0,3,6814.0,0.0,0.0,0.0,0.0,0.0,539
2023-05-11 09:28:12,SM2312,SM312,6814.0,0.0,0.0,0.0,2,6756.0,6814.0,4,6814.0,0.0,0.0,0.0,0.0,0.0,539
2023-05-11 09:28:13,SM2312,SM312,6814.0,0.0,0.0,0.0,7,6758.0,6814.0,4,6814.0,0.0,0.0,0.0,0.0,0.0,539
2023-05-11 09:28:19,SM2312,SM312,6814.0,0.0,0.0,0.0,7,6758.0,6810.0,1,6814.0,0.0,0.0,0.0,0.0,0.0,539
2023-05-11 09:28:28,SM2312,SM312,6814.0,0.0,0.0,0.0,2,6770.0,6810.0,1,6814.0,0.0,0.0,0.0,0.0,0.0,539
2023-05-11 09:28:29,SM2312,SM312,6814.0,0.0,0.0,0.0,7,6772.0,6810.0,1,6814.0,0.0,0.0,0.0,0.0,0.0,539
2023-05-11 09:28:52,SM2312,SM312,6814.0,0.0,0.0,0.0,2,6774.0,6810.0,1,6814.0,0.0,0.0,0.0,0.0,0.0,539
2023-05-11 09:28:56,SM2312,SM312,6814.0,0.0,0.0,0.0,3,6774.0,6810.0,1,6814.0,0.0,0.0,0.0,0.0,0.0,539
2023-05-11 09:28:56,SM2312,SM312,6814.0,0.0,0.0,0.0,8,6774.0,6810.0,1,6814.0,0.0,0.0,0.0,0.0,0.0,539
2023-05-11 09:29:03,SM2312,SM312,6814.0,0.0,0.0,0.0,3,6774.0,6810.0,1,6814.0,0.0,0.0,0.0,0.0,0.0,539
2023-05-11 09:29:03,SM2312,SM312,6814.0,0.0,0.0,0.0,2,6774.0,6810.0,1,6814.0,0.0,0.0,0.0,0.0,0.0,539
2023-05-11 09:29:04,SM2312,SM312,6814.0,0.0,0.0,0.0,8,6774.0,6810.0,1,6814.0,0.0,0.0,0.0,0.0,0.0,539
2023-05-11 09:29:14,SM2312,SM312,6814.0,0.0,0.0,0.0,3,6774.0,6810.0,1,6814.0,0.0,0.0,0.0,0.0,0.0,539
2023-05-11 09:29:15,SM2312,SM312,6814.0,0.0,0.0,0.0,2,6774.0,6810.0,1,6814.0,0.0,0.0,0.0,0.0,0.0,539
2023-05-11 09:29:23,SM2312,SM312,6814.0,0.0,0.0,0.0,7,6774.0,6810.0,1,6814.0,0.0,0.0,0.0,0.0,0.0,539
2023-05-11 09:29:44,SM2312,SM312,6814.0,0.0,0.0,0.0,8,6774.0,6810.0,1,6814.0,0.0,0.0,0.0,0.0,0.0,539
2023-05-11 09:29:45,SM2312,SM312,6814.0,0.0,0.0,0.0,3,6774.0,6810.0,1,6814.0,0.0,0.0,0.0,0.0,0.0,539
2023-05-11 09:29:45,SM2312,SM312,6814.0,0.0,0.0,0.0,3,6776.0,6810.0,1,6814.0,0.0,0.0,0.0,0.0,0.0,539
2023-05-11 09:29:46,SM2312,SM312,6814.0,0.0,0.0,0.0,5,6776.0,6810.0,1,6814.0,0.0,0.0,0.0,0.0,0.0,539
2023-05-11 09:30:39,SM2312,SM312,6814.0,0.0,0.0,0.0,2,6776.0,6810.0,1,6814.0,0.0,0.0,0.0,0.0,0.0,539
2023-05-11 09:30:40,SM2312,SM312,6814.0,0.0,0.0,0.0,2,6756.0,6810.0,1,6814.0,0.0,0.0,0.0,0.0,0.0,539
2023-05-11 09:30:40,SM2312,SM312,6814.0,0.0,0.0,0.0,2,6758.0,6810.0,1,6814.0,0.0,0.0,0.0,0.0,0.0,539
2023-05-11 09:30:42,SM2312,SM312,6814.0,0.0,0.0,0.0,1,6760.0,6810.0,1,6814.0,0.0,0.0,0.0,0.0,0.0,539
2023-05-11 09:30:43,SM2312,SM312,6814.0,0.0,0.0,0.0,1,6762.0,6810.0,1,6814.0,0.0,0.0,0.0,0.0,0.0,539
2023-05-11 09:30:46,SM2312,SM312,6814.0,0.0,0.0,0.0,2,6764.0,6810.0,1,6814.0,0.0,0.0,0.0,0.0,0.0,539
2023-05-11 09:30:46,SM2312,SM312,6814.0,0.0,0.0,0.0,3,6764.0,6810.0,1,6814.0,0.0,0.0,0.0,0.0,0.0,539
2023-05-11 09:30:47,SM2312,SM312,6814.0,0.0,0.0,0.0,2,6766.0,6810.0,1,6814.0,0.0,0.0,0.0,0.0,0.0,539
2023-05-11 09:30:49,SM2312,SM312,6814.0,0.0,0.0,0.0,2,6768.0,6810.0,1,6814.0,0.0,0.0,0.0,0.0,0.0,539
2023-05-11 09:30:52,SM2312,SM312,6814.0,0.0,0.0,0.0,1,6770.0,6810.0,1,6814.0,0.0,0.0,0.0,0.0,0.0,539
2023-05-11 09:30:53,SM2312,SM312,6814.0,0.0,0.0,0.0,1,6772.0,6810.0,1,6814.0,0.0,0.0,0.0,0.0,0.0,539
2023-05-11 09:30:53,SM2312,SM312,6814.0,0.0,0.0,0.0,2,6774.0,6810.0,1,6814.0,0.0,0.0,0.0,0.0,0.0,539
2023-05-11 09:30:57,SM2312,SM312,6814.0,0.0,0.0,0.0,2,6776.0,6810.0,1,6814.0,0.0,0.0,0.0,0.0,0.0,539
2023-05-11 09:31:19,SM2312,SM312,6814.0,0.0,0.0,0.0,1,6772.0,6810.0,1,6814.0,0.0,0.0,0.0,0.0,0.0,539
2023-05-11 09:31:20,SM2312,SM312,6814.0,0.0,0.0,0.0,2,6772.0,6810.0,1,6814.0,0.0,0.0,0.0,0.0,0.0,539
2023-05-11 09:31:20,SM2312,SM312,6814.0,0.0,0.0,0.0,1,6772.0,6810.0,1,6814.0,0.0,0.0,0.0,0.0,0.0,539
2023-05-11 09:31:23,SM2312,SM312,6814.0,0.0,0.0,0.0,5,6772.0,6810.0,1,6814.0,0.0,0.0,0.0,0.0,0.0,539
2023-05-11 09:31:39,SM2312,SM312,6814.0,0.0,0.0,0.0,5,6772.0,6808.0,2,6814.0,0.0,0.0,0.0,0.0,0.0,539
2023-05-11 09:31:56,SM2312,SM312,6814.0,0.0,0.0,0.0,5,6772.0,6806.0,3,6814.0,0.0,0.0,0.0,0.0,0.0,539
2023-05-11 09:31:57,SM2312,SM312,6814.0,0.0,0.0,0.0,2,6756.0,6808.0,5,6814.0,0.0,0.0,0.0,0.0,0.0,539
2023-05-11 09:31:57,SM2312,SM312,6814.0,0.0,0.0,0.0,7,6758.0,6808.0,5,6814.0,0.0,0.0,0.0,0.0,0.0,539
2023-05-11 09:31:58,SM2312,SM312,6814.0,0.0,0.0,0.0,2,6760.0,6808.0,3,6814.0,0.0,0.0,0.0,0.0,0.0,539
2023-05-11 09:32:00,SM2312,SM312,6814.0,0.0,0.0,0.0,2,6760.0,6810.0,4,6814.0,0.0,0.0,0.0,0.0,0.0,539
2023-05-11 09:32:00,SM2312,SM312,6814.0,0.0,0.0,0.0,7,6762.0,6810.0,4,6814.0,0.0,0.0,0.0,0.0,0.0,539
2023-05-11 09:32:02,SM2312,SM312,6814.0,0.0,0.0,0.0,9,6762.0,6810.0,4,6814.0,0.0,0.0,0.0,0.0,0.0,539
2023-05-11 09:32:19,SM2312,SM312,6814.0,0.0,0.0,0.0,7,6762.0,6810.0,4,6814.0,0.0,0.0,0.0,0.0,0.0,539
2023-05-11 09:32:20,SM2312,SM312,6814.0,0.0,0.0,0.0,2,6764.0,6810.0,4,6814.0,0.0,0.0,0.0,0.0,0.0,539
2023-05-11 09:32:21,SM2312,SM312,6814.0,0.0,0.0,0.0,1,6766.0,6810.0,4,6814.0,0.0,0.0,0.0,0.0,0.0,539
2023-05-11 09:32:26,SM2312,SM312,6814.0,0.0,0.0,0.0,5,6768.0,6810.0,4,6814.0,0.0,0.0,0.0,0.0,0.0,539
2023-05-11 09:33:02,SM2312,SM312,6814.0,0.0,0.0,0.0,5,6768.0,6808.0,2,6814.0,0.0,0.0,0.0,0.0,0.0,539
2023-05-11 09:33:15,SM2312,SM312,6814.0,0.0,0.0,0.0,6,6768.0,6808.0,2,6814.0,0.0,0.0,0.0,0.0,0.0,539
2023-05-11 09:34:01,SM2312,SM312,6814.0,0.0,0.0,0.0,7,6768.0,6808.0,2,6814.0,0.0,0.0,0.0,0.0,0.0,539
2023-05-11 09:34:02,SM2312,SM312,6814.0,0.0,0.0,0.0,6,6768.0,6808.0,2,6814.0,0.0,0.0,0.0,0.0,0.0,539
2023-05-11 09:34:02,SM2312,SM312,6814.0,0.0,0.0,0.0,1,6770.0,6808.0,2,6814.0,0.0,0.0,0.0,0.0,0.0,539
2023-05-11 09:34:08,SM2312,SM312,6814.0,0.0,0.0,0.0,5,6772.0,6808.0,2,6814.0,0.0,0.0,0.0,0.0,0.0,539
2023-05-11 09:35:17,SM2312,SM312,6814.0,0.0,0.0,0.0,4,6772.0,6808.0,2,6814.0,0.0,0.0,0.0,0.0,0.0,539
2023-05-11 09:35:23,SM2312,SM312,6814.0,0.0,0.0,0.0,2,6756.0,6808.0,2,6814.0,0.0,0.0,0.0,0.0,0.0,539
2023-05-11 09:35:24,SM2312,SM312,6814.0,0.0,0.0,0.0,6,6758.0,6808.0,2,6814.0,0.0,0.0,0.0,0.0,0.0,539
2023-05-11 09:35:27,SM2312,SM312,6814.0,0.0,0.0,0.0,1,6760.0,6808.0,2,6814.0,0.0,0.0,0.0,0.0,0.0,539
2023-05-11 09:35:31,SM2312,SM312,6814.0,0.0,0.0,0.0,3,6762.0,6808.0,2,6814.0,0.0,0.0,0.0,0.0,0.0,539
2023-05-11 09:35:34,SM2312,SM312,6814.0,0.0,0.0,0.0,2,6764.0,6808.0,2,6814.0,0.0,0.0,0.0,0.0,0.0,539
2023-05-11 09:35:35,SM2312,SM312,6814.0,0.0,0.0,0.0,2,6766.0,6808.0,2,6814.0,0.0,0.0,0.0,0.0,0.0,539
2023-05-11 09:35:41,SM2312,SM312,6814.0,0.0,0.0,0.0,3,6768.0,6808.0,2,6814.0,0.0,0.0,0.0,0.0,0.0,539
2023-05-11 09:35:47,SM2312,SM312,6814.0,0.0,0.0,0.0,4,6768.0,6808.0,2,6814.0,0.0,0.0,0.0,0.0,0.0,539
2023-05-11 09:35:53,SM2312,SM312,6814.0,0.0,0.0,0.0,3,6768.0,6808.0,2,6814.0,0.0,0.0,0.0,0.0,0.0,539
2023-05-11 09:35:53,SM2312,SM312,6814.0,0.0,0.0,0.0,2,6770.0,6808.0,2,6814.0,0.0,0.0,0.0,0.0,0.0,539
2023-05-11 09:36:01,SM2312,SM312,6814.0,0.0,0.0,0.0,2,6756.0,6808.0,2,6814.0,0.0,0.0,0.0,0.0,0.0,539
2023-05-11 09:36:01,SM2312,SM312,6814.0,0.0,0.0,0.0,6,6758.0,6808.0,2,6814.0,0.0,0.0,0.0,0.0,0.0,539
2023-05-11 09:36:02,SM2312,SM312,6814.0,0.0,0.0,0.0,7,6758.0,6808.0,2,6814.0,0.0,0.0,0.0,0.0,0.0,539
2023-05-11 09:36:16,SM2312,SM312,6814.0,0.0,0.0,0.0,2,6760.0,6808.0,2,6814.0,0.0,0.0,0.0,0.0,0.0,539
2023-05-11 09:36:17,SM2312,SM312,6814.0,0.0,0.0,0.0,5,6762.0,6808.0,2,6814.0,0.0,0.0,0.0,0.0,0.0,539
2023-05-11 09:36:18,SM2312,SM312,6814.0,0.0,0.0,0.0,1,6764.0,6808.0,2,6814.0,0.0,0.0,0.0,0.0,0.0,539
2023-05-11 09:36:20,SM2312,SM312,6814.0,0.0,0.0,0.0,5,6766.0,6808.0,2,6814.0,0.0,0.0,0.0,0.0,0.0,539
2023-05-11 09:36:23,SM2312,SM312,6814.0,0.0,0.0,0.0,5,6766.0,6806.0,3,6814.0,0.0,0.0,0.0,0.0,0.0,539
2023-05-11 09:36:33,SM2312,SM312,6814.0,0.0,0.0,0.0,1,6762.0,6806.0,3,6814.0,0.0,0.0,0.0,0.0,0.0,539
2023-05-11 09:36:34,SM2312,SM312,6814.0,0.0,0.0,0.0,5,6764.0,6806.0,3,6814.0,0.0,0.0,0.0,0.0,0.0,539
2023-05-11 09:36:34,SM2312,SM312,6814.0,0.0,0.0,0.0,6,6764.0,6806.0,3,6814.0,0.0,0.0,0.0,0.0,0.0,539
2023-05-11 09:36:39,SM2312,SM312,6814.0,0.0,0.0,0.0,1,6764.0,6806.0,3,6814.0,0.0,0.0,0.0,0.0,0.0,539
2023-05-11 09:36:53,SM2312,SM312,6814.0,0.0,0.0,0.0,1,6764.0,6808.0,5,6814.0,0.0,0.0,0.0,0.0,0.0,539
2023-05-11 09:36:53,SM2312,SM312,6814.0,0.0,0.0,0.0,5,6764.0,6808.0,5,6814.0,0.0,0.0,0.0,0.0,0.0,539
2023-05-11 09:36:54,SM2312,SM312,6814.0,0.0,0.0,0.0,1,6766.0,6808.0,5,6814.0,0.0,0.0,0.0,0.0,0.0,539
2023-05-11 09:36:57,SM2312,SM312,6814.0,0.0,0.0,0.0,2,6756.0,6808.0,5,6814.0,0.0,0.0,0.0,0.0,0.0,539
2023-05-11 09:36:57,SM2312,SM312,6814.0,0.0,0.0,0.0,2,6758.0,6808.0,5,6814.0,0.0,0.0,0.0,0.0,0.0,539
2023-05-11 09:37:03,SM2312,SM312,6814.0,0.0,0.0,0.0,5,6760.0,6808.0,5,6814.0,0.0,0.0,0.0,0.0,0.0,539
2023-05-11 09:37:03,SM2312,SM312,6814.0,0.0,0.0,0.0,2,6762.0,6808.0,5,6814.0,0.0,0.0,0.0,0.0,0.0,539
2023-05-11 09:37:06,SM2312,SM312,6814.0,0.0,0.0,0.0,5,6764.0,6808.0,5,6814.0,0.0,0.0,0.0,0.0,0.0,539
2023-05-11 09:37:08,SM2312,SM312,6814.0,0.0,0.0,0.0,1,6766.0,6808.0,5,6814.0,0.0,0.0,0.0,0.0,0.0,539
2023-05-11 09:37:09,SM2312,SM312,6814.0,0.0,0.0,0.0,6,6766.0,6808.0,5,6814.0,0.0,0.0,0.0,0.0,0.0,539
2023-05-11 09:37:12,SM2312,SM312,6814.0,0.0,0.0,0.0,7,6766.0,6808.0,5,6814.0,0.0,0.0,0.0,0.0,0.0,539
2023-05-11 09:37:34,SM2312,SM312,6814.0,0.0,0.0,0.0,7,6766.0,6808.0,2,6814.0,0.0,0.0,0.0,0.0,0.0,539
2023-05-11 09:37:39,SM2312,SM312,6814.0,0.0,0.0,0.0,2,6766.0,6808.0,2,6814.0,0.0,0.0,0.0,0.0,0.0,539
2023-05-11 09:37:40,SM2312,SM312,6814.0,0.0,0.0,0.0,4,6768.0,6808.0,2,6814.0,0.0,0.0,0.0,0.0,0.0,539
2023-05-11 09:37:40,SM2312,SM312,6814.0,0.0,0.0,0.0,5,6768.0,6808.0,2,6814.0,0.0,0.0,0.0,0.0,0.0,539
2023-05-11 09:37:42,SM2312,SM312,6814.0,0.0,0.0,0.0,1,6766.0,6808.0,2,6814.0,0.0,0.0,0.0,0.0,0.0,539
2023-05-11 09:37:43,SM2312,SM312,6814.0,0.0,0.0,0.0,6,6768.0,6808.0,2,6814.0,0.0,0.0,0.0,0.0,0.0,539
2023-05-11 09:37:48,SM2312,SM312,6814.0,0.0,0.0,0.0,5,6768.0,6808.0,2,6814.0,0.0,0.0,0.0,0.0,0.0,539
2023-05-11 09:37:48,SM2312,SM312,6814.0,0.0,0.0,0.0,1,6770.0,6808.0,2,6814.0,0.0,0.0,0.0,0.0,0.0,539
2023-05-11 09:37:52,SM2312,SM312,6814.0,0.0,0.0,0.0,2,6756.0,6808.0,2,6814.0,0.0,0.0,0.0,0.0,0.0,539
2023-05-11 09:37:53,SM2312,SM312,6814.0,0.0,0.0,0.0,2,6758.0,6808.0,2,6814.0,0.0,0.0,0.0,0.0,0.0,539
2023-05-11 09:37:53,SM2312,SM312,6814.0,0.0,0.0,0.0,1,6764.0,6812.0,3,6814.0,0.0,0.0,0.0,0.0,0.0,539
2023-05-11 09:37:56,SM2312,SM312,6814.0,0.0,0.0,0.0,2,6766.0,6812.0,3,6814.0,0.0,0.0,0.0,0.0,0.0,539
2023-05-11 09:38:00,SM2312,SM312,6814.0,0.0,0.0,0.0,7,6768.0,6812.0,3,6814.0,0.0,0.0,0.0,0.0,0.0,539
2023-05-11 09:38:02,SM2312,SM312,6814.0,0.0,0.0,0.0,6,6768.0,6812.0,3,6814.0,0.0,0.0,0.0,0.0,0.0,539
2023-05-11 09:38:06,SM2312,SM312,6814.0,0.0,0.0,0.0,7,6768.0,6812.0,3,6814.0,0.0,0.0,0.0,0.0,0.0,539
2023-05-11 09:38:39,SM2312,SM312,6814.0,0.0,0.0,0.0,7,6768.0,6810.0,2,6814.0,0.0,0.0,0.0,0.0,0.0,539
2023-05-11 09:39:05,SM2312,SM312,6814.0,0.0,0.0,0.0,7,6768.0,6814.0,3,6814.0,0.0,0.0,0.0,0.0,0.0,539
2023-05-11 09:39:05,SM2312,SM312,6814.0,0.0,0.0,0.0,6,6768.0,6814.0,3,6814.0,0.0,0.0,0.0,0.0,0.0,539
2023-05-11 09:39:05,SM2312,SM312,6814.0,0.0,0.0,0.0,1,6770.0,6814.0,3,6814.0,0.0,0.0,0.0,0.0,0.0,539
2023-05-11 09:39:07,SM2312,SM312,6814.0,0.0,0.0,0.0,1,6772.0,6814.0,3,6814.0,0.0,0.0,0.0,0.0,0.0,539
2023-05-11 09:39:21,SM2312,SM312,6814.0,0.0,0.0,0.0,1,6772.0,6812.0,2,6814.0,0.0,0.0,0.0,0.0,0.0,539
2023-05-11 09:39:33,SM2312,SM312,6814.0,0.0,0.0,0.0,2,6772.0,6812.0,2,6814.0,0.0,0.0,0.0,0.0,0.0,539
2023-05-11 09:39:38,SM2312,SM312,6814.0,0.0,0.0,0.0,1,6772.0,6812.0,2,6814.0,0.0,0.0,0.0,0.0,0.0,539
2023-05-11 09:40:03,SM2312,SM312,6814.0,0.0,0.0,0.0,2,6772.0,6812.0,2,6814.0,0.0,0.0,0.0,0.0,0.0,539
2023-05-11 09:40:10,SM2312,SM312,6814.0,0.0,0.0,0.0,1,6772.0,6812.0,2,6814.0,0.0,0.0,0.0,0.0,0.0,539
2023-05-11 09:40:28,SM2312,SM312,6814.0,0.0,0.0,0.0,1,6772.0,6810.0,3,6814.0,0.0,0.0,0.0,0.0,0.0,539
2023-05-11 09:40:32,SM2312,SM312,6814.0,0.0,0.0,0.0,1,6772.0,6812.0,5,6814.0,0.0,0.0,0.0,0.0,0.0,539
2023-05-11 09:40:51,SM2312,SM312,6814.0,0.0,0.0,0.0,1,6772.0,6812.0,2,6814.0,0.0,0.0,0.0,0.0,0.0,539
2023-05-11 09:40:51,SM2312,SM312,6814.0,0.0,0.0,0.0,2,6772.0,6812.0,2,6814.0,0.0,0.0,0.0,0.0,0.0,539
2023-05-11 09:41:03,SM2312,SM312,6814.0,0.0,0.0,0.0,2,6772.0,6810.0,3,6814.0,0.0,0.0,0.0,0.0,0.0,539
2023-05-11 09:41:03,SM2312,SM312,6814.0,0.0,0.0,0.0,1,6772.0,6812.0,5,6814.0,0.0,0.0,0.0,0.0,0.0,539
2023-05-11 09:41:30,SM2312,SM312,6814.0,0.0,0.0,0.0,2,6772.0,6812.0,5,6814.0,0.0,0.0,0.0,0.0,0.0,539
2023-05-11 09:41:32,SM2312,SM312,6814.0,0.0,0.0,0.0,2,6772.0,6812.0,2,6814.0,0.0,0.0,0.0,0.0,0.0,539
2023-05-11 09:41:38,SM2312,SM312,6814.0,0.0,0.0,0.0,2,6772.0,6816.0,3,6814.0,0.0,0.0,0.0,0.0,0.0,539
2023-05-11 09:41:41,SM2312,SM312,6814.0,0.0,0.0,0.0,1,6772.0,6816.0,3,6814.0,0.0,0.0,0.0,0.0,0.0,539
2023-05-11 09:41:42,SM2312,SM312,6814.0,0.0,0.0,0.0,1,6774.0,6816.0,3,6814.0,0.0,0.0,0.0,0.0,0.0,539
2023-05-11 09:41:42,SM2312,SM312,6814.0,0.0,0.0,0.0,1,6776.0,6818.0,3,6814.0,0.0,0.0,0.0,0.0,0.0,539
2023-05-11 09:41:45,SM2312,SM312,6814.0,0.0,0.0,0.0,1,6778.0,6818.0,3,6814.0,0.0,0.0,0.0,0.0,0.0,539
2023-05-11 09:41:46,SM2312,SM312,6814.0,0.0,0.0,0.0,2,6778.0,6818.0,3,6814.0,0.0,0.0,0.0,0.0,0.0,539
2023-05-11 09:41:47,SM2312,SM312,6814.0,0.0,0.0,0.0,1,6778.0,6818.0,3,6814.0,0.0,0.0,0.0,0.0,0.0,539
2023-05-11 09:42:05,SM2312,SM312,6814.0,0.0,0.0,0.0,1,6778.0,6816.0,2,6814.0,0.0,0.0,0.0,0.0,0.0,539
2023-05-11 09:42:07,SM2312,SM312,6814.0,0.0,0.0,0.0,1,6780.0,6816.0,2,6814.0,0.0,0.0,0.0,0.0,0.0,539
2023-05-11 09:42:09,SM2312,SM312,6814.0,0.0,0.0,0.0,1,6780.0,6810.0,1,6814.0,0.0,0.0,0.0,0.0,0.0,539
2023-05-11 09:42:13,SM2312,SM312,6814.0,0.0,0.0,0.0,2,6780.0,6810.0,1,6814.0,0.0,0.0,0.0,0.0,0.0,539
2023-05-11 09:42:19,SM2312,SM312,6814.0,0.0,0.0,0.0,1,6780.0,6810.0,1,6814.0,0.0,0.0,0.0,0.0,0.0,539
2023-05-11 09:42:25,SM2312,SM312,6814.0,0.0,0.0,0.0,1,6762.0,6810.0,1,6814.0,0.0,0.0,0.0,0.0,0.0,539
2023-05-11 09:42:25,SM2312,SM312,6814.0,0.0,0.0,0.0,2,6764.0,6810.0,1,6814.0,0.0,0.0,0.0,0.0,0.0,539
2023-05-11 09:42:29,SM2312,SM312,6814.0,0.0,0.0,0.0,5,6766.0,6810.0,1,6814.0,0.0,0.0,0.0,0.0,0.0,539
2023-05-11 09:42:30,SM2312,SM312,6814.0,0.0,0.0,0.0,2,6768.0,6810.0,1,6814.0,0.0,0.0,0.0,0.0,0.0,539
2023-05-11 09:42:34,SM2312,SM312,6814.0,0.0,0.0,0.0,2,6768.0,6818.0,3,6814.0,0.0,0.0,0.0,0.0,0.0,539
2023-05-11 09:42:36,SM2312,SM312,6814.0,0.0,0.0,0.0,5,6770.0,6818.0,3,6814.0,0.0,0.0,0.0,0.0,0.0,539
2023-05-11 09:42:37,SM2312,SM312,6814.0,0.0,0.0,0.0,2,6772.0,6818.0,3,6814.0,0.0,0.0,0.0,0.0,0.0,539
2023-05-11 09:42:40,SM2312,SM312,6814.0,0.0,0.0,0.0,7,6772.0,6818.0,3,6814.0,0.0,0.0,0.0,0.0,0.0,539
2023-05-11 09:42:42,SM2312,SM312,6814.0,0.0,0.0,0.0,2,6772.0,6818.0,3,6814.0,0.0,0.0,0.0,0.0,0.0,539
2023-05-11 09:42:43,SM2312,SM312,6814.0,0.0,0.0,0.0,5,6774.0,6818.0,3,6814.0,0.0,0.0,0.0,0.0,0.0,539
2023-05-11 09:42:44,SM2312,SM312,6814.0,0.0,0.0,0.0,2,6776.0,6818.0,3,6814.0,0.0,0.0,0.0,0.0,0.0,539
2023-05-11 09:42:47,SM2312,SM312,6814.0,0.0,0.0,0.0,2,6778.0,6818.0,3,6814.0,0.0,0.0,0.0,0.0,0.0,539
2023-05-11 09:42:48,SM2312,SM312,6814.0,0.0,0.0,0.0,3,6778.0,6818.0,3,6814.0,0.0,0.0,0.0,0.0,0.0,539
2023-05-11 09:42:50,SM2312,SM312,6814.0,0.0,0.0,0.0,1,6778.0,6818.0,3,6814.0,0.0,0.0,0.0,0.0,0.0,539
2023-05-11 09:42:50,SM2312,SM312,6814.0,0.0,0.0,0.0,1,6762.0,6818.0,3,6814.0,0.0,0.0,0.0,0.0,0.0,539
2023-05-11 09:42:51,SM2312,SM312,6814.0,0.0,0.0,0.0,7,6764.0,6812.0,3,6814.0,0.0,0.0,0.0,0.0,0.0,539
2023-05-11 09:42:51,SM2312,SM312,6814.0,0.0,0.0,0.0,7,6764.0,6814.0,3,6814.0,0.0,0.0,0.0,0.0,0.0,539
2023-05-11 09:43:01,SM2312,SM312,6814.0,0.0,0.0,0.0,2,6772.0,6816.0,3,6814.0,0.0,0.0,0.0,0.0,0.0,539
2023-05-11 09:43:03,SM2312,SM312,6814.0,0.0,0.0,0.0,7,6774.0,6816.0,3,6814.0,0.0,0.0,0.0,0.0,0.0,539
2023-05-11 09:43:12,SM2312,SM312,6814.0,0.0,0.0,0.0,2,6774.0,6816.0,3,6814.0,0.0,0.0,0.0,0.0,0.0,539
2023-05-11 09:43:22,SM2312,SM312,6814.0,0.0,0.0,0.0,1,6774.0,6816.0,3,6814.0,0.0,0.0,0.0,0.0,0.0,539
2023-05-11 09:43:23,SM2312,SM312,6814.0,0.0,0.0,0.0,1,6774.0,6810.0,3,6814.0,0.0,0.0,0.0,0.0,0.0,539
2023-05-11 09:43:29,SM2312,SM312,6814.0,0.0,0.0,0.0,1,6774.0,6808.0,2,6814.0,0.0,0.0,0.0,0.0,0.0,539
2023-05-11 09:43:37,SM2312,SM312,6814.0,0.0,0.0,0.0,2,6774.0,6808.0,2,6814.0,0.0,0.0,0.0,0.0,0.0,539
2023-05-11 09:43:39,SM2312,SM312,6814.0,0.0,0.0,0.0,2,6774.0,6814.0,3,6814.0,0.0,0.0,0.0,0.0,0.0,539
2023-05-11 09:44:00,SM2312,SM312,6814.0,0.0,0.0,0.0,2,6774.0,6818.0,3,6814.0,0.0,0.0,0.0,0.0,0.0,539
2023-05-11 09:44:01,SM2312,SM312,6814.0,0.0,0.0,0.0,1,6774.0,6818.0,3,6814.0,0.0,0.0,0.0,0.0,0.0,539
2023-05-11 09:44:02,SM2312,SM312,6814.0,0.0,0.0,0.0,1,6776.0,6818.0,3,6814.0,0.0,0.0,0.0,0.0,0.0,539
2023-05-11 09:44:03,SM2312,SM312,6814.0,0.0,0.0,0.0,1,6778.0,6818.0,3,6814.0,0.0,0.0,0.0,0.0,0.0,539
2023-05-11 09:44:05,SM2312,SM312,6814.0,0.0,0.0,0.0,1,6762.0,6818.0,3,6814.0,0.0,0.0,0.0,0.0,0.0,539
2023-05-11 09:44:06,SM2312,SM312,6814.0,0.0,0.0,0.0,2,6764.0,6818.0,3,6814.0,0.0,0.0,0.0,0.0,0.0,539
2023-05-11 09:44:07,SM2312,SM312,6814.0,0.0,0.0,0.0,5,6766.0,6818.0,3,6814.0,0.0,0.0,0.0,0.0,0.0,539
2023-05-11 09:44:08,SM2312,SM312,6814.0,0.0,0.0,0.0,2,6772.0,6818.0,3,6814.0,0.0,0.0,0.0,0.0,0.0,539
2023-05-11 09:44:09,SM2312,SM312,6814.0,0.0,0.0,0.0,1,6774.0,6818.0,3,6814.0,0.0,0.0,0.0,0.0,0.0,539
2023-05-11 09:44:10,SM2312,SM312,6814.0,0.0,0.0,0.0,6,6774.0,6818.0,3,6814.0,0.0,0.0,0.0,0.0,0.0,539
2023-05-11 09:44:11,SM2312,SM312,6814.0,0.0,0.0,0.0,2,6776.0,6818.0,3,6814.0,0.0,0.0,0.0,0.0,0.0,539
2023-05-11 09:44:11,SM2312,SM312,6814.0,0.0,0.0,0.0,2,6776.0,6820.0,4,6814.0,0.0,0.0,0.0,0.0,0.0,539
2023-05-11 09:44:11,SM2312,SM312,6814.0,0.0,0.0,0.0,1,6778.0,6820.0,4,6814.0,0.0,0.0,0.0,0.0,0.0,539
2023-05-11 09:44:12,SM2312,SM312,6814.0,0.0,0.0,0.0,2,6778.0,6820.0,4,6814.0,0.0,0.0,0.0,0.0,0.0,539
2023-05-11 09:44:17,SM2312,SM312,6814.0,0.0,0.0,0.0,1,6778.0,6820.0,4,6814.0,0.0,0.0,0.0,0.0,0.0,539
2023-05-11 09:44:40,SM2312,SM312,6814.0,0.0,0.0,0.0,1,6778.0,6816.0,3,6814.0,0.0,0.0,0.0,0.0,0.0,539
2023-05-11 09:44:41,SM2312,SM312,6814.0,0.0,0.0,0.0,1,6778.0,6820.0,1,6814.0,0.0,0.0,0.0,0.0,0.0,539
2023-05-11 09:44:43,SM2312,SM312,6814.0,0.0,0.0,0.0,1,6778.0,6818.0,3,6814.0,0.0,0.0,0.0,0.0,0.0,539
2023-05-11 09:44:44,SM2312,SM312,6814.0,0.0,0.0,0.0,1,6778.0,6820.0,4,6814.0,0.0,0.0,0.0,0.0,0.0,539
2023-05-11 09:44:46,SM2312,SM312,6814.0,0.0,0.0,0.0,2,6778.0,6820.0,4,6814.0,0.0,0.0,0.0,0.0,0.0,539
2023-05-11 09:44:48,SM2312,SM312,6814.0,0.0,0.0,0.0,1,6778.0,6820.0,4,6814.0,0.0,0.0,0.0,0.0,0.0,539
2023-05-11 09:44:50,SM2312,SM312,6814.0,0.0,0.0,0.0,2,6778.0,6820.0,4,6814.0,0.0,0.0,0.0,0.0,0.0,539
2023-05-11 09:44:52,SM2312,SM312,6814.0,0.0,0.0,0.0,2,6778.0,6818.0,2,6814.0,0.0,0.0,0.0,0.0,0.0,539
2023-05-11 09:44:54,SM2312,SM312,6814.0,0.0,0.0,0.0,1,6778.0,6818.0,2,6814.0,0.0,0.0,0.0,0.0,0.0,539
2023-05-11 09:44:57,SM2312,SM312,6814.0,0.0,0.0,0.0,2,6778.0,6818.0,2,6814.0,0.0,0.0,0.0,0.0,0.0,539
2023-05-11 09:44:59,SM2312,SM312,6814.0,0.0,0.0,0.0,1,6778.0,6818.0,2,6814.0,0.0,0.0,0.0,0.0,0.0,539
2023-05-11 09:45:01,SM2312,SM312,6814.0,0.0,0.0,0.0,2,6778.0,6818.0,2,6814.0,0.0,0.0,0.0,0.0,0.0,539
2023-05-11 09:45:15,SM2312,SM312,6814.0,0.0,0.0,0.0,2,6778.0,6820.0,4,6814.0,0.0,0.0,0.0,0.0,0.0,539
2023-05-11 09:45:16,SM2312,SM312,6814.0,0.0,0.0,0.0,7,6778.0,6820.0,1,6814.0,0.0,0.0,0.0,0.0,0.0,539
2023-05-11 09:45:16,SM2312,SM312,6814.0,0.0,0.0,0.0,1,6780.0,6820.0,1,6814.0,0.0,0.0,0.0,0.0,0.0,539
2023-05-11 09:45:17,SM2312,SM312,6814.0,0.0,0.0,0.0,1,6782.0,6820.0,1,6814.0,0.0,0.0,0.0,0.0,0.0,539
2023-05-11 09:45:20,SM2312,SM312,6814.0,0.0,0.0,0.0,1,6784.0,6820.0,1,6814.0,0.0,0.0,0.0,0.0,0.0,539
2023-05-11 09:45:22,SM2312,SM312,6814.0,0.0,0.0,0.0,1,6784.0,6818.0,3,6814.0,0.0,0.0,0.0,0.0,0.0,539
2023-05-11 09:45:22,SM2312,SM312,6814.0,0.0,0.0,0.0,1,6762.0,6818.0,3,6814.0,0.0,0.0,0.0,0.0,0.0,539
2023-05-11 09:45:23,SM2312,SM312,6814.0,0.0,0.0,0.0,7,6764.0,6818.0,3,6814.0,0.0,0.0,0.0,0.0,0.0,539
2023-05-11 09:45:24,SM2312,SM312,6814.0,0.0,0.0,0.0,2,6776.0,6820.0,4,6814.0,0.0,0.0,0.0,0.0,0.0,539
2023-05-11 09:45:25,SM2312,SM312,6814.0,0.0,0.0,0.0,7,6764.0,6820.0,4,6814.0,0.0,0.0,0.0,0.0,0.0,539
2023-05-11 09:45:31,SM2312,SM312,6814.0,0.0,0.0,0.0,2,6776.0,6820.0,4,6814.0,0.0,0.0,0.0,0.0,0.0,539
2023-05-11 09:45:32,SM2312,SM312,6814.0,0.0,0.0,0.0,7,6778.0,6820.0,4,6814.0,0.0,0.0,0.0,0.0,0.0,539
2023-05-11 09:45:33,SM2312,SM312,6814.0,0.0,0.0,0.0,2,6780.0,6820.0,4,6814.0,0.0,0.0,0.0,0.0,0.0,539
2023-05-11 09:45:35,SM2312,SM312,6814.0,0.0,0.0,0.0,1,6782.0,6820.0,4,6814.0,0.0,0.0,0.0,0.0,0.0,539
2023-05-11 09:45:38,SM2312,SM312,6814.0,0.0,0.0,0.0,2,6780.0,6820.0,4,6814.0,0.0,0.0,0.0,0.0,0.0,539
2023-05-11 09:45:39,SM2312,SM312,6814.0,0.0,0.0,0.0,3,6780.0,6820.0,4,6814.0,0.0,0.0,0.0,0.0,0.0,539
2023-05-11 09:45:42,SM2312,SM312,6814.0,0.0,0.0,0.0,2,6780.0,6820.0,4,6814.0,0.0,0.0,0.0,0.0,0.0,539
2023-05-11 09:45:43,SM2312,SM312,6814.0,0.0,0.0,0.0,1,6782.0,6820.0,4,6814.0,0.0,0.0,0.0,0.0,0.0,539
2023-05-11 09:45:59,SM2312,SM312,6814.0,0.0,0.0,0.0,1,6762.0,6820.0,4,6814.0,0.0,0.0,0.0,0.0,0.0,539
2023-05-11 09:46:00,SM2312,SM312,6814.0,0.0,0.0,0.0,2,6764.0,6820.0,4,6814.0,0.0,0.0,0.0,0.0,0.0,539
2023-05-11 09:46:02,SM2312,SM312,6814.0,0.0,0.0,0.0,5,6766.0,6820.0,4,6814.0,0.0,0.0,0.0,0.0,0.0,539
2023-05-11 09:46:02,SM2312,SM312,6814.0,0.0,0.0,0.0,1,6774.0,6820.0,4,6814.0,0.0,0.0,0.0,0.0,0.0,539
2023-05-11 09:46:03,SM2312,SM312,6814.0,0.0,0.0,0.0,2,6776.0,6820.0,4,6814.0,0.0,0.0,0.0,0.0,0.0,539
2023-05-11 09:46:14,SM2312,SM312,6814.0,0.0,0.0,0.0,2,6776.0,6814.0,3,6814.0,0.0,0.0,0.0,0.0,0.0,539
2023-05-11 09:46:16,SM2312,SM312,6814.0,0.0,0.0,0.0,1,6776.0,6814.0,3,6814.0,0.0,0.0,0.0,0.0,0.0,539
2023-05-11 09:46:46,SM2312,SM312,6814.0,0.0,0.0,0.0,1,6776.0,6816.0,3,6814.0,0.0,0.0,0.0,0.0,0.0,539
2023-05-11 09:46:50,SM2312,SM312,6814.0,0.0,0.0,0.0,1,6762.0,6816.0,3,6814.0,0.0,0.0,0.0,0.0,0.0,539
2023-05-11 09:46:51,SM2312,SM312,6814.0,0.0,0.0,0.0,1,6770.0,6816.0,3,6814.0,0.0,0.0,0.0,0.0,0.0,539
2023-05-11 09:46:51,SM2312,SM312,6814.0,0.0,0.0,0.0,6,6770.0,6816.0,3,6814.0,0.0,0.0,0.0,0.0,0.0,539
2023-05-11 09:46:54,SM2312,SM312,6814.0,0.0,0.0,0.0,1,6762.0,6816.0,3,6814.0,0.0,0.0,0.0,0.0,0.0,539
2023-05-11 09:46:54,SM2312,SM312,6814.0,0.0,0.0,0.0,1,6770.0,6816.0,3,6814.0,0.0,0.0,0.0,0.0,0.0,539
2023-05-11 09:46:56,SM2312,SM312,6814.0,0.0,0.0,0.0,7,6764.0,6814.0,2,6814.0,0.0,0.0,0.0,0.0,0.0,539
2023-05-11 09:46:56,SM2312,SM312,6814.0,0.0,0.0,0.0,1,6770.0,6814.0,2,6814.0,0.0,0.0,0.0,0.0,0.0,539
2023-05-11 09:46:57,SM2312,SM312,6814.0,0.0,0.0,0.0,1,6770.0,6810.0,3,6814.0,0.0,0.0,0.0,0.0,0.0,539
2023-05-11 09:46:58,SM2312,SM312,6814.0,0.0,0.0,0.0,1,6772.0,6810.0,3,6814.0,0.0,0.0,0.0,0.0,0.0,539
2023-05-11 09:47:00,SM2312,SM312,6814.0,0.0,0.0,0.0,1,6772.0,6814.0,5,6814.0,0.0,0.0,0.0,0.0,0.0,539
2023-05-11 09:47:01,SM2312,SM312,6814.0,0.0,0.0,0.0,2,6772.0,6814.0,5,6814.0,0.0,0.0,0.0,0.0,0.0,539
2023-05-11 09:47:03,SM2312,SM312,6814.0,0.0,0.0,0.0,1,6772.0,6814.0,5,6814.0,0.0,0.0,0.0,0.0,0.0,539
2023-05-11 09:48:02,SM2312,SM312,6814.0,0.0,0.0,0.0,1,6772.0,6810.0,3,6814.0,0.0,0.0,0.0,0.0,0.0,539
2023-05-11 09:48:06,SM2312,SM312,6814.0,0.0,0.0,0.0,1,6772.0,6812.0,3,6814.0,0.0,0.0,0.0,0.0,0.0,539
2023-05-11 09:48:15,SM2312,SM312,6814.0,0.0,0.0,0.0,1,6766.0,6812.0,3,6814.0,0.0,0.0,0.0,0.0,0.0,539
2023-05-11 09:48:15,SM2312,SM312,6814.0,0.0,0.0,0.0,2,6768.0,6812.0,3,6814.0,0.0,0.0,0.0,0.0,0.0,539
2023-05-11 09:48:17,SM2312,SM312,6814.0,0.0,0.0,0.0,7,6768.0,6812.0,3,6814.0,0.0,0.0,0.0,0.0,0.0,539
2023-05-11 09:48:17,SM2312,SM312,6814.0,0.0,0.0,0.0,7,6768.0,6808.0,3,6814.0,0.0,0.0,0.0,0.0,0.0,539
2023-05-11 09:48:18,SM2312,SM312,6814.0,0.0,0.0,0.0,6,6768.0,6808.0,3,6814.0,0.0,0.0,0.0,0.0,0.0,539
2023-05-11 09:48:21,SM2312,SM312,6814.0,0.0,0.0,0.0,1,6768.0,6808.0,3,6814.0,0.0,0.0,0.0,0.0,0.0,539
2023-05-11 09:48:27,SM2312,SM312,6814.0,0.0,0.0,0.0,2,6756.0,6808.0,3,6814.0,0.0,0.0,0.0,0.0,0.0,539
2023-05-11 09:48:27,SM2312,SM312,6814.0,0.0,0.0,0.0,1,6762.0,6808.0,3,6814.0,0.0,0.0,0.0,0.0,0.0,539
2023-05-11 09:48:29,SM2312,SM312,6814.0,0.0,0.0,0.0,1,6762.0,6796.0,1,6814.0,0.0,0.0,0.0,0.0,0.0,539
2023-05-11 09:48:30,SM2312,SM312,6814.0,0.0,0.0,0.0,6,6762.0,6796.0,1,6814.0,0.0,0.0,0.0,0.0,0.0,539
2023-05-11 09:48:31,SM2312,SM312,6814.0,0.0,0.0,0.0,2,6764.0,6796.0,1,6814.0,0.0,0.0,0.0,0.0,0.0,539
2023-05-11 09:48:38,SM2312,SM312,6814.0,0.0,0.0,0.0,7,6764.0,6796.0,1,6814.0,0.0,0.0,0.0,0.0,0.0,539
2023-05-11 09:48:39,SM2312,SM312,6814.0,0.0,0.0,0.0,7,6764.0,6808.0,3,6814.0,0.0,0.0,0.0,0.0,0.0,539
2023-05-11 09:48:39,SM2312,SM312,6814.0,0.0,0.0,0.0,8,6764.0,6808.0,3,6814.0,0.0,0.0,0.0,0.0,0.0,539
2023-05-11 09:49:02,SM2312,SM312,6814.0,0.0,0.0,0.0,9,6764.0,6808.0,3,6814.0,0.0,0.0,0.0,0.0,0.0,539
2023-05-11 09:49:03,SM2312,SM312,6814.0,0.0,0.0,0.0,2,6766.0,6808.0,3,6814.0,0.0,0.0,0.0,0.0,0.0,539
2023-05-11 09:49:05,SM2312,SM312,6814.0,0.0,0.0,0.0,1,6768.0,6808.0,3,6814.0,0.0,0.0,0.0,0.0,0.0,539
2023-05-11 09:49:08,SM2312,SM312,6814.0,0.0,0.0,0.0,2,6762.0,6808.0,3,6814.0,0.0,0.0,0.0,0.0,0.0,539
2023-05-11 09:49:11,SM2312,SM312,6814.0,0.0,0.0,0.0,7,6762.0,6808.0,3,6814.0,0.0,0.0,0.0,0.0,0.0,539
2023-05-11 09:49:14,SM2312,SM312,6814.0,0.0,0.0,0.0,1,6764.0,6808.0,3,6814.0,0.0,0.0,0.0,0.0,0.0,539
2023-05-11 09:49:14,SM2312,SM312,6814.0,0.0,0.0,0.0,1,6766.0,6808.0,3,6814.0,0.0,0.0,0.0,0.0,0.0,539
2023-05-11 09:49:45,SM2312,SM312,6814.0,0.0,0.0,0.0,1,6766.0,6806.0,2,6814.0,0.0,0.0,0.0,0.0,0.0,539
2023-05-11 09:50:14,SM2312,SM312,6814.0,0.0,0.0,0.0,5,6762.0,6806.0,2,6814.0,0.0,0.0,0.0,0.0,0.0,539
2023-05-11 09:50:14,SM2312,SM312,6814.0,0.0,0.0,0.0,1,6764.0,6806.0,2,6814.0,0.0,0.0,0.0,0.0,0.0,539
2023-05-11 09:50:16,SM2312,SM312,6814.0,0.0,0.0,0.0,1,6764.0,6806.0,5,6814.0,0.0,0.0,0.0,0.0,0.0,539
2023-05-11 09:50:36,SM2312,SM312,6814.0,0.0,0.0,0.0,1,6764.0,6806.0,2,6814.0,0.0,0.0,0.0,0.0,0.0,539
2023-05-11 09:50:37,SM2312,SM312,6814.0,0.0,0.0,0.0,7,6764.0,6806.0,2,6814.0,0.0,0.0,0.0,0.0,0.0,539
2023-05-11 09:50:39,SM2312,SM312,6814.0,0.0,0.0,0.0,1,6764.0,6806.0,2,6814.0,0.0,0.0,0.0,0.0,0.0,539
2023-05-11 09:50:41,SM2312,SM312,6814.0,0.0,0.0,0.0,7,6764.0,6806.0,2,6814.0,0.0,0.0,0.0,0.0,0.0,539
2023-05-11 09:51:05,SM2312,SM312,6814.0,0.0,0.0,0.0,7,6764.0,6804.0,3,6814.0,0.0,0.0,0.0,0.0,0.0,539
2023-05-11 09:51:05,SM2312,SM312,6814.0,0.0,0.0,0.0,2,6758.0,6804.0,3,6814.0,0.0,0.0,0.0,0.0,0.0,539
2023-05-11 09:51:06,SM2312,SM312,6814.0,0.0,0.0,0.0,7,6760.0,6804.0,3,6814.0,0.0,0.0,0.0,0.0,0.0,539
2023-05-11 09:51:06,SM2312,SM312,6814.0,0.0,0.0,0.0,7,6760.0,6806.0,2,6814.0,0.0,0.0,0.0,0.0,0.0,539
2023-05-11 09:51:08,SM2312,SM312,6814.0,0.0,0.0,0.0,2,6762.0,6806.0,2,6814.0,0.0,0.0,0.0,0.0,0.0,539
2023-05-11 09:51:09,SM2312,SM312,6814.0,0.0,0.0,0.0,7,6764.0,6806.0,2,6814.0,0.0,0.0,0.0,0.0,0.0,539
2023-05-11 09:51:13,SM2312,SM312,6814.0,0.0,0.0,0.0,2,6764.0,6806.0,5,6814.0,0.0,0.0,0.0,0.0,0.0,539
2023-05-11 09:51:13,SM2312,SM312,6814.0,0.0,0.0,0.0,2,6764.0,6806.0,2,6814.0,0.0,0.0,0.0,0.0,0.0,539
2023-05-11 09:51:14,SM2312,SM312,6814.0,0.0,0.0,0.0,7,6764.0,6806.0,2,6814.0,0.0,0.0,0.0,0.0,0.0,539
2023-05-11 09:51:17,SM2312,SM312,6814.0,0.0,0.0,0.0,1,6764.0,6806.0,2,6814.0,0.0,0.0,0.0,0.0,0.0,539
2023-05-11 09:51:17,SM2312,SM312,6814.0,0.0,0.0,0.0,7,6764.0,6806.0,2,6814.0,0.0,0.0,0.0,0.0,0.0,539
2023-05-11 09:51:20,SM2312,SM312,6814.0,0.0,0.0,0.0,1,6764.0,6804.0,3,6814.0,0.0,0.0,0.0,0.0,0.0,539
2023-05-11 09:51:21,SM2312,SM312,6814.0,0.0,0.0,0.0,2,6756.0,6804.0,3,6814.0,0.0,0.0,0.0,0.0,0.0,539
2023-05-11 09:51:21,SM2312,SM312,6814.0,0.0,0.0,0.0,1,6760.0,6804.0,3,6814.0,0.0,0.0,0.0,0.0,0.0,539
2023-05-11 09:51:22,SM2312,SM312,6814.0,0.0,0.0,0.0,5,6762.0,6804.0,3,6814.0,0.0,0.0,0.0,0.0,0.0,539
2023-05-11 09:51:23,SM2312,SM312,6814.0,0.0,0.0,0.0,5,6762.0,6806.0,2,6814.0,0.0,0.0,0.0,0.0,0.0,539
2023-05-11 09:51:24,SM2312,SM312,6814.0,0.0,0.0,0.0,2,6764.0,6806.0,2,6814.0,0.0,0.0,0.0,0.0,0.0,539
2023-05-11 09:51:28,SM2312,SM312,6814.0,0.0,0.0,0.0,7,6764.0,6806.0,2,6814.0,0.0,0.0,0.0,0.0,0.0,539
2023-05-11 09:51:32,SM2312,SM312,6814.0,0.0,0.0,0.0,2,6764.0,6806.0,2,6814.0,0.0,0.0,0.0,0.0,0.0,539
2023-05-11 09:51:37,SM2312,SM312,6814.0,0.0,0.0,0.0,7,6764.0,6806.0,2,6814.0,0.0,0.0,0.0,0.0,0.0,539
2023-05-11 09:51:39,SM2312,SM312,6814.0,0.0,0.0,0.0,2,6764.0,6806.0,2,6814.0,0.0,0.0,0.0,0.0,0.0,539
2023-05-11 09:51:40,SM2312,SM312,6814.0,0.0,0.0,0.0,1,6764.0,6806.0,2,6814.0,0.0,0.0,0.0,0.0,0.0,539
2023-05-11 09:51:41,SM2312,SM312,6814.0,0.0,0.0,0.0,7,6764.0,6806.0,2,6814.0,0.0,0.0,0.0,0.0,0.0,539
2023-05-11 09:51:53,SM2312,SM312,6814.0,0.0,0.0,0.0,9,6764.0,6806.0,2,6814.0,0.0,0.0,0.0,0.0,0.0,539
2023-05-11 09:51:54,SM2312,SM312,6814.0,0.0,0.0,0.0,3,6764.0,6810.0,3,6814.0,0.0,0.0,0.0,0.0,0.0,539
2023-05-11 09:51:55,SM2312,SM312,6814.0,0.0,0.0,0.0,6,6766.0,6812.0,3,6814.0,0.0,0.0,0.0,0.0,0.0,539
2023-05-11 09:51:55,SM2312,SM312,6814.0,0.0,0.0,0.0,1,6768.0,6812.0,3,6814.0,0.0,0.0,0.0,0.0,0.0,539
2023-05-11 09:52:03,SM2312,SM312,6814.0,0.0,0.0,0.0,1,6768.0,6808.0,3,6814.0,0.0,0.0,0.0,0.0,0.0,539
2023-05-11 09:52:04,SM2312,SM312,6814.0,0.0,0.0,0.0,1,6768.0,6810.0,3,6814.0,0.0,0.0,0.0,0.0,0.0,539
2023-05-11 09:52:30,SM2312,SM312,6814.0,0.0,0.0,0.0,1,6768.0,6808.0,2,6814.0,0.0,0.0,0.0,0.0,0.0,539
2023-05-11 09:52:46,SM2312,SM312,6814.0,0.0,0.0,0.0,2,6762.0,6808.0,2,6814.0,0.0,0.0,0.0,0.0,0.0,539
2023-05-11 09:52:46,SM2312,SM312,6814.0,0.0,0.0,0.0,1,6764.0,6808.0,2,6814.0,0.0,0.0,0.0,0.0,0.0,539
2023-05-11 09:52:51,SM2312,SM312,6814.0,0.0,0.0,0.0,6,6766.0,6808.0,2,6814.0,0.0,0.0,0.0,0.0,0.0,539
2023-05-11 09:52:54,SM2312,SM312,6814.0,0.0,0.0,0.0,1,6766.0,6808.0,2,6814.0,0.0,0.0,0.0,0.0,0.0,539
2023-05-11 09:52:54,SM2312,SM312,6814.0,0.0,0.0,0.0,1,6768.0,6808.0,2,6814.0,0.0,0.0,0.0,0.0,0.0,539
2023-05-11 09:53:01,SM2312,SM312,6814.0,0.0,0.0,0.0,2,6762.0,6808.0,2,6814.0,0.0,0.0,0.0,0.0,0.0,539
2023-05-11 09:53:02,SM2312,SM312,6814.0,0.0,0.0,0.0,2,6764.0,6808.0,2,6814.0,0.0,0.0,0.0,0.0,0.0,539
2023-05-11 09:53:03,SM2312,SM312,6814.0,0.0,0.0,0.0,2,6764.0,6806.0,3,6814.0,0.0,0.0,0.0,0.0,0.0,539
2023-05-11 09:53:04,SM2312,SM312,6814.0,0.0,0.0,0.0,2,6764.0,6808.0,5,6814.0,0.0,0.0,0.0,0.0,0.0,539
2023-05-11 09:53:06,SM2312,SM312,6814.0,0.0,0.0,0.0,1,6764.0,6808.0,5,6814.0,0.0,0.0,0.0,0.0,0.0,539
2023-05-11 09:53:17,SM2312,SM312,6814.0,0.0,0.0,0.0,1,6764.0,6804.0,3,6814.0,0.0,0.0,0.0,0.0,0.0,539
2023-05-11 09:53:21,SM2312,SM312,6814.0,0.0,0.0,0.0,2,6758.0,6804.0,3,6814.0,0.0,0.0,0.0,0.0,0.0,539
2023-05-11 09:53:22,SM2312,SM312,6814.0,0.0,0.0,0.0,7,6760.0,6804.0,3,6814.0,0.0,0.0,0.0,0.0,0.0,539
2023-05-11 09:53:56,SM2312,SM312,6814.0,0.0,0.0,0.0,7,6760.0,6802.0,2,6814.0,0.0,0.0,0.0,0.0,0.0,539
2023-05-11 09:54:57,SM2312,SM312,6814.0,0.0,0.0,0.0,7,6760.0,6806.0,5,6814.0,0.0,0.0,0.0,0.0,0.0,539
2023-05-11 09:54:58,SM2312,SM312,6814.0,0.0,0.0,0.0,8,6760.0,6806.0,5,6814.0,0.0,0.0,0.0,0.0,0.0,539
2023-05-11 09:55:03,SM2312,SM312,6814.0,0.0,0.0,0.0,7,6760.0,6806.0,5,6814.0,0.0,0.0,0.0,0.0,0.0,539
2023-05-11 09:55:15,SM2312,SM312,6814.0,0.0,0.0,0.0,8,6760.0,6806.0,5,6814.0,0.0,0.0,0.0,0.0,0.0,539
2023-05-11 09:55:19,SM2312,SM312,6814.0,0.0,0.0,0.0,7,6760.0,6806.0,5,6814.0,0.0,0.0,0.0,0.0,0.0,539
2023-05-11 09:55:21,SM2312,SM312,6814.0,0.0,0.0,0.0,7,6760.0,6804.0,2,6814.0,0.0,0.0,0.0,0.0,0.0,539
2023-05-11 09:56:23,SM2312,SM312,6814.0,0.0,0.0,0.0,8,6760.0,6804.0,2,6814.0,0.0,0.0,0.0,0.0,0.0,539
2023-05-11 09:56:59,SM2312,SM312,6814.0,0.0,0.0,0.0,7,6760.0,6804.0,2,6814.0,0.0,0.0,0.0,0.0,0.0,539
2023-05-11 09:57:02,SM2312,SM312,6814.0,0.0,0.0,0.0,8,6760.0,6804.0,2,6814.0,0.0,0.0,0.0,0.0,0.0,539
2023-05-11 09:57:04,SM2312,SM312,6814.0,0.0,0.0,0.0,7,6760.0,6804.0,2,6814.0,0.0,0.0,0.0,0.0,0.0,539
2023-05-11 09:57:05,SM2312,SM312,6814.0,0.0,0.0,0.0,8,6760.0,6804.0,2,6814.0,0.0,0.0,0.0,0.0,0.0,539
2023-05-11 09:57:07,SM2312,SM312,6814.0,0.0,0.0,0.0,7,6760.0,6804.0,2,6814.0,0.0,0.0,0.0,0.0,0.0,539
2023-05-11 09:57:10,SM2312,SM312,6814.0,0.0,0.0,0.0,8,6760.0,6804.0,2,6814.0,0.0,0.0,0.0,0.0,0.0,539
2023-05-11 09:57:15,SM2312,SM312,6814.0,0.0,0.0,0.0,7,6760.0,6804.0,2,6814.0,0.0,0.0,0.0,0.0,0.0,539
2023-05-11 09:57:17,SM2312,SM312,6814.0,0.0,0.0,0.0,8,6760.0,6804.0,2,6814.0,0.0,0.0,0.0,0.0,0.0,539
2023-05-11 09:57:37,SM2312,SM312,6814.0,0.0,0.0,0.0,7,6760.0,6804.0,2,6814.0,0.0,0.0,0.0,0.0,0.0,539
2023-05-11 09:57:54,SM2312,SM312,6814.0,0.0,0.0,0.0,8,6760.0,6804.0,2,6814.0,0.0,0.0,0.0,0.0,0.0,539
2023-05-11 09:58:01,SM2312,SM312,6814.0,0.0,0.0,0.0,7,6760.0,6804.0,2,6814.0,0.0,0.0,0.0,0.0,0.0,539
2023-05-11 09:58:03,SM2312,SM312,6814.0,0.0,0.0,0.0,7,6760.0,6802.0,3,6814.0,0.0,0.0,0.0,0.0,0.0,539
2023-05-11 09:58:03,SM2312,SM312,6814.0,0.0,0.0,0.0,6,6760.0,6802.0,3,6814.0,0.0,0.0,0.0,0.0,0.0,539
2023-05-11 09:58:09,SM2312,SM312,6814.0,0.0,0.0,0.0,1,6760.0,6802.0,3,6814.0,0.0,0.0,0.0,0.0,0.0,539
2023-05-11 09:58:26,SM2312,SM312,6814.0,0.0,0.0,0.0,1,6760.0,6798.0,3,6814.0,0.0,0.0,0.0,0.0,0.0,539
2023-05-11 09:58:27,SM2312,SM312,6814.0,0.0,0.0,0.0,1,6750.0,6800.0,3,6814.0,0.0,0.0,0.0,0.0,0.0,539
2023-05-11 09:58:28,SM2312,SM312,6814.0,0.0,0.0,0.0,3,6752.0,6800.0,3,6814.0,0.0,0.0,0.0,0.0,0.0,539
2023-05-11 09:58:29,SM2312,SM312,6814.0,0.0,0.0,0.0,5,6754.0,6800.0,3,6814.0,0.0,0.0,0.0,0.0,0.0,539
2023-05-11 09:58:29,SM2312,SM312,6814.0,0.0,0.0,0.0,6,6754.0,6800.0,3,6814.0,0.0,0.0,0.0,0.0,0.0,539
2023-05-11 09:58:34,SM2312,SM312,6814.0,0.0,0.0,0.0,2,6756.0,6800.0,3,6814.0,0.0,0.0,0.0,0.0,0.0,539
2023-05-11 09:58:36,SM2312,SM312,6814.0,0.0,0.0,0.0,6,6756.0,6800.0,3,6814.0,0.0,0.0,0.0,0.0,0.0,539
2023-05-11 09:58:42,SM2312,SM312,6814.0,0.0,0.0,0.0,7,6756.0,6800.0,3,6814.0,0.0,0.0,0.0,0.0,0.0,539
2023-05-11 09:58:44,SM2312,SM312,6814.0,0.0,0.0,0.0,7,6756.0,6798.0,2,6814.0,0.0,0.0,0.0,0.0,0.0,539
2023-05-11 09:59:34,SM2312,SM312,6814.0,0.0,0.0,0.0,6,6756.0,6798.0,2,6814.0,0.0,0.0,0.0,0.0,0.0,539
2023-05-11 09:59:55,SM2312,SM312,6814.0,0.0,0.0,0.0,7,6756.0,6798.0,2,6814.0,0.0,0.0,0.0,0.0,0.0,539
2023-05-11 10:00:00,SM2312,SM312,6814.0,0.0,0.0,0.0,6,6756.0,6798.0,2,6814.0,0.0,0.0,0.0,0.0,0.0,539
2023-05-11 10:00:01,SM2312,SM312,6814.0,0.0,0.0,0.0,1,6756.0,6798.0,2,6814.0,0.0,0.0,0.0,0.0,0.0,539
2023-05-11 10:00:15,SM2312,SM312,6814.0,0.0,0.0,0.0,6,6756.0,6798.0,2,6814.0,0.0,0.0,0.0,0.0,0.0,539
2023-05-11 10:00:17,SM2312,SM312,6814.0,0.0,0.0,0.0,1,6756.0,6798.0,2,6814.0,0.0,0.0,0.0,0.0,0.0,539
2023-05-11 10:01:06,SM2312,SM312,6814.0,0.0,0.0,0.0,4,6756.0,6798.0,2,6814.0,0.0,0.0,0.0,0.0,0.0,539
2023-05-11 10:01:08,SM2312,SM312,6814.0,0.0,0.0,0.0,1,6756.0,6798.0,2,6814.0,0.0,0.0,0.0,0.0,0.0,539
2023-05-11 10:01:09,SM2312,SM312,6814.0,0.0,0.0,0.0,1,6750.0,6798.0,2,6814.0,0.0,0.0,0.0,0.0,0.0,539
2023-05-11 10:01:10,SM2312,SM312,6814.0,0.0,0.0,0.0,7,6752.0,6798.0,2,6814.0,0.0,0.0,0.0,0.0,0.0,539
2023-05-11 10:01:11,SM2312,SM312,6814.0,0.0,0.0,0.0,8,6752.0,6798.0,2,6814.0,0.0,0.0,0.0,0.0,0.0,539
2023-05-11 10:01:48,SM2312,SM312,6814.0,0.0,0.0,0.0,7,6752.0,6798.0,2,6814.0,0.0,0.0,0.0,0.0,0.0,539
2023-05-11 10:01:49,SM2312,SM312,6814.0,0.0,0.0,0.0,8,6752.0,6798.0,2,6814.0,0.0,0.0,0.0,0.0,0.0,539
2023-05-11 10:01:50,SM2312,SM312,6814.0,0.0,0.0,0.0,7,6752.0,6798.0,2,6814.0,0.0,0.0,0.0,0.0,0.0,539
2023-05-11 10:01:56,SM2312,SM312,6814.0,0.0,0.0,0.0,8,6752.0,6798.0,2,6814.0,0.0,0.0,0.0,0.0,0.0,539
2023-05-11 10:02:16,SM2312,SM312,6814.0,0.0,0.0,0.0,8,6752.0,6806.0,2,6814.0,0.0,0.0,0.0,0.0,0.0,539
2023-05-11 10:02:18,SM2312,SM312,6814.0,0.0,0.0,0.0,7,6752.0,6806.0,2,6814.0,0.0,0.0,0.0,0.0,0.0,539
2023-05-11 10:02:18,SM2312,SM312,6814.0,0.0,0.0,0.0,1,6754.0,6806.0,2,6814.0,0.0,0.0,0.0,0.0,0.0,539
2023-05-11 10:02:21,SM2312,SM312,6814.0,0.0,0.0,0.0,5,6756.0,6806.0,2,6814.0,0.0,0.0,0.0,0.0,0.0,539
2023-05-11 10:02:25,SM2312,SM312,6814.0,0.0,0.0,0.0,1,6758.0,6806.0,2,6814.0,0.0,0.0,0.0,0.0,0.0,539
2023-05-11 10:02:52,SM2312,SM312,6814.0,0.0,0.0,0.0,1,6758.0,6804.0,2,6814.0,0.0,0.0,0.0,0.0,0.0,539
2023-05-11 10:02:54,SM2312,SM312,6814.0,0.0,0.0,0.0,1,6758.0,6800.0,3,6814.0,0.0,0.0,0.0,0.0,0.0,539
2023-05-11 10:02:59,SM2312,SM312,6814.0,0.0,0.0,0.0,1,6752.0,6800.0,3,6814.0,0.0,0.0,0.0,0.0,0.0,539
2023-05-11 10:03:00,SM2312,SM312,6814.0,0.0,0.0,0.0,7,6754.0,6800.0,3,6814.0,0.0,0.0,0.0,0.0,0.0,539
2023-05-11 10:03:03,SM2312,SM312,6814.0,0.0,0.0,0.0,7,6754.0,6804.0,2,6814.0,0.0,0.0,0.0,0.0,0.0,539
2023-05-11 10:03:38,SM2312,SM312,6814.0,0.0,0.0,0.0,8,6754.0,6804.0,2,6814.0,0.0,0.0,0.0,0.0,0.0,539
2023-05-11 10:03:38,SM2312,SM312,6814.0,0.0,0.0,0.0,7,6754.0,6804.0,2,6814.0,0.0,0.0,0.0,0.0,0.0,539
2023-05-11 10:03:39,SM2312,SM312,6814.0,0.0,0.0,0.0,1,6756.0,6804.0,2,6814.0,0.0,0.0,0.0,0.0,0.0,539
2023-05-11 10:03:40,SM2312,SM312,6814.0,0.0,0.0,0.0,1,6758.0,6804.0,2,6814.0,0.0,0.0,0.0,0.0,0.0,539
2023-05-11 10:03:45,SM2312,SM312,6814.0,0.0,0.0,0.0,6,6758.0,6804.0,2,6814.0,0.0,0.0,0.0,0.0,0.0,539
2023-05-11 10:03:49,SM2312,SM312,6814.0,0.0,0.0,0.0,7,6758.0,6804.0,2,6814.0,0.0,0.0,0.0,0.0,0.0,539
2023-05-11 10:03:54,SM2312,SM312,6814.0,0.0,0.0,0.0,7,6758.0,6802.0,3,6814.0,0.0,0.0,0.0,0.0,0.0,539
2023-05-11 10:03:58,SM2312,SM312,6814.0,0.0,0.0,0.0,7,6758.0,6804.0,2,6814.0,0.0,0.0,0.0,0.0,0.0,539
