time,symbol_id,symbol_name,last,trade_volume,trade_amount,open_interest_change,bv1,bp1,ap1,av1,yesterday_close,today_open,today_high,today_low,volume,amount,open_interest
2023-05-11 08:55:00,SM2306,SM2306,7002.0,0.0,0.0,0.0,0,0.0,0.0,0,7002.0,6950.0,0.0,0.0,0.0,0.0,50692
2023-05-11 08:55:01,SM2306,SM2306,7002.0,0.0,0.0,0.0,0,0.0,0.0,0,7002.0,6950.0,0.0,0.0,0.0,0.0,50692
2023-05-11 08:55:03,SM2306,SM2306,7002.0,0.0,0.0,0.0,0,0.0,0.0,0,7002.0,6950.0,0.0,0.0,0.0,0.0,50692
2023-05-11 08:55:04,SM2306,SM2306,7002.0,0.0,0.0,0.0,0,0.0,0.0,0,7002.0,6950.0,0.0,0.0,0.0,0.0,50692
2023-05-11 08:55:04,SM2306,SM2306,7002.0,0.0,0.0,0.0,0,0.0,0.0,0,7002.0,6950.0,0.0,0.0,0.0,0.0,50692
2023-05-11 08:55:05,SM2306,SM2306,7002.0,0.0,0.0,0.0,0,0.0,0.0,0,7002.0,6950.0,0.0,0.0,0.0,0.0,50692
2023-05-11 08:55:05,SM2306,SM2306,7002.0,0.0,0.0,0.0,0,0.0,0.0,0,7002.0,6950.0,0.0,0.0,0.0,0.0,50692
2023-05-11 08:55:11,SM2306,SM2306,7002.0,0.0,0.0,0.0,0,0.0,0.0,0,7002.0,6950.0,0.0,0.0,0.0,0.0,50692
2023-05-11 08:55:18,SM2306,SM2306,7002.0,0.0,0.0,0.0,0,0.0,0.0,0,7002.0,6950.0,0.0,0.0,0.0,0.0,50692
2023-05-11 08:55:19,SM2306,SM2306,7002.0,0.0,0.0,0.0,0,0.0,0.0,0,7002.0,6950.0,0.0,0.0,0.0,0.0,50692
2023-05-11 08:56:10,SM2306,SM2306,7002.0,0.0,0.0,0.0,0,0.0,0.0,0,7002.0,6950.0,0.0,0.0,0.0,0.0,50692
2023-05-11 08:56:26,SM2306,SM2306,7002.0,0.0,0.0,0.0,0,0.0,0.0,0,7002.0,6950.0,0.0,0.0,0.0,0.0,50692
2023-05-11 08:56:31,SM2306,SM2306,7002.0,0.0,0.0,0.0,0,0.0,0.0,0,7002.0,6950.0,0.0,0.0,0.0,0.0,50692
2023-05-11 08:56:32,SM2306,SM2306,7002.0,0.0,0.0,0.0,0,0.0,0.0,0,7002.0,6950.0,0.0,0.0,0.0,0.0,50692
2023-05-11 08:56:38,SM2306,SM2306,7002.0,0.0,0.0,0.0,0,0.0,0.0,0,7002.0,6950.0,0.0,0.0,0.0,0.0,50692
2023-05-11 08:57:04,SM2306,SM2306,7002.0,0.0,0.0,0.0,0,0.0,0.0,0,7002.0,6950.0,0.0,0.0,0.0,0.0,50692
2023-05-11 08:57:12,SM2306,SM2306,7002.0,0.0,0.0,0.0,0,0.0,0.0,0,7002.0,6950.0,0.0,0.0,0.0,0.0,50692
2023-05-11 08:57:13,SM2306,SM2306,7002.0,0.0,0.0,0.0,0,0.0,0.0,0,7002.0,6950.0,0.0,0.0,0.0,0.0,50692
2023-05-11 08:57:21,SM2306,SM2306,7002.0,0.0,0.0,0.0,0,0.0,0.0,0,7002.0,6950.0,0.0,0.0,0.0,0.0,50692
2023-05-11 08:57:21,SM2306,SM2306,7002.0,0.0,0.0,0.0,0,0.0,0.0,0,7002.0,6950.0,0.0,0.0,0.0,0.0,50692
2023-05-11 08:57:26,SM2306,SM2306,7002.0,0.0,0.0,0.0,0,0.0,0.0,0,7002.0,6950.0,0.0,0.0,0.0,0.0,50692
2023-05-11 08:57:27,SM2306,SM2306,7002.0,0.0,0.0,0.0,0,0.0,0.0,0,7002.0,6950.0,0.0,0.0,0.0,0.0,50692
2023-05-11 08:57:29,SM2306,SM2306,7002.0,0.0,0.0,0.0,0,0.0,0.0,0,7002.0,6950.0,0.0,0.0,0.0,0.0,50692
2023-05-11 08:57:51,SM2306,SM2306,7002.0,0.0,0.0,0.0,0,0.0,0.0,0,7002.0,6950.0,0.0,0.0,0.0,0.0,50692
2023-05-11 08:57:54,SM2306,SM2306,7002.0,0.0,0.0,0.0,0,0.0,0.0,0,7002.0,6950.0,0.0,0.0,0.0,0.0,50692
2023-05-11 08:58:00,SM2306,SM2306,7002.0,0.0,0.0,0.0,0,0.0,0.0,0,7002.0,6950.0,0.0,0.0,0.0,0.0,50692
2023-05-11 08:58:06,SM2306,SM2306,7002.0,0.0,0.0,0.0,0,0.0,0.0,0,7002.0,6950.0,0.0,0.0,0.0,0.0,50692
2023-05-11 08:58:07,SM2306,SM2306,7002.0,0.0,0.0,0.0,0,0.0,0.0,0,7002.0,6950.0,0.0,0.0,0.0,0.0,50692
2023-05-11 08:58:09,SM2306,SM2306,7002.0,0.0,0.0,0.0,0,0.0,0.0,0,7002.0,6950.0,0.0,0.0,0.0,0.0,50692
2023-05-11 08:58:09,SM2306,SM2306,7002.0,0.0,0.0,0.0,0,0.0,0.0,0,7002.0,6950.0,0.0,0.0,0.0,0.0,50692
2023-05-11 08:58:15,SM2306,SM2306,7002.0,0.0,0.0,0.0,0,0.0,0.0,0,7002.0,6950.0,0.0,0.0,0.0,0.0,50692
2023-05-11 08:58:24,SM2306,SM2306,7002.0,0.0,0.0,0.0,0,0.0,0.0,0,7002.0,6950.0,0.0,0.0,0.0,0.0,50692
2023-05-11 08:58:25,SM2306,SM2306,7002.0,0.0,0.0,0.0,0,0.0,0.0,0,7002.0,6950.0,0.0,0.0,0.0,0.0,50692
2023-05-11 08:58:27,SM2306,SM2306,7002.0,0.0,0.0,0.0,0,0.0,0.0,0,7002.0,6950.0,0.0,0.0,0.0,0.0,50692
2023-05-11 08:58:37,SM2306,SM2306,7002.0,0.0,0.0,0.0,0,0.0,0.0,0,7002.0,6950.0,0.0,0.0,0.0,0.0,50692
2023-05-11 08:58:39,SM2306,SM2306,7002.0,0.0,0.0,0.0,0,0.0,0.0,0,7002.0,6950.0,0.0,0.0,0.0,0.0,50692
2023-05-11 08:58:41,SM2306,SM2306,7002.0,0.0,0.0,0.0,0,0.0,0.0,0,7002.0,6950.0,0.0,0.0,0.0,0.0,50692
2023-05-11 08:58:48,SM2306,SM2306,7002.0,0.0,0.0,0.0,0,0.0,0.0,0,7002.0,6950.0,0.0,0.0,0.0,0.0,50692
2023-05-11 08:58:50,SM2306,SM2306,7002.0,0.0,0.0,0.0,0,0.0,0.0,0,7002.0,6950.0,0.0,0.0,0.0,0.0,50692
2023-05-11 08:58:51,SM2306,SM2306,7002.0,0.0,0.0,0.0,0,0.0,0.0,0,7002.0,6950.0,0.0,0.0,0.0,0.0,50692
2023-05-11 08:58:53,SM2306,SM2306,7002.0,0.0,0.0,0.0,0,0.0,0.0,0,7002.0,6950.0,0.0,0.0,0.0,0.0,50692
2023-05-11 08:58:54,SM2306,SM2306,7002.0,0.0,0.0,0.0,0,0.0,0.0,0,7002.0,6950.0,0.0,0.0,0.0,0.0,50692
2023-05-11 08:58:55,SM2306,SM2306,7002.0,0.0,0.0,0.0,0,0.0,0.0,0,7002.0,6950.0,0.0,0.0,0.0,0.0,50692
2023-05-11 08:58:56,SM2306,SM2306,7002.0,0.0,0.0,0.0,0,0.0,0.0,0,7002.0,6950.0,0.0,0.0,0.0,0.0,50692
2023-05-11 08:58:56,SM2306,SM2306,7002.0,0.0,0.0,0.0,0,0.0,0.0,0,7002.0,6950.0,0.0,0.0,0.0,0.0,50692
2023-05-11 08:58:57,SM2306,SM2306,7002.0,0.0,0.0,0.0,0,0.0,0.0,0,7002.0,6950.0,0.0,0.0,0.0,0.0,50692
2023-05-11 08:58:59,SM2306,SM2306,7002.0,0.0,0.0,0.0,0,0.0,0.0,0,7002.0,6950.0,0.0,0.0,0.0,0.0,50692
2023-05-11 08:58:59,SM2306,SM2306,7002.0,0.0,0.0,0.0,0,0.0,0.0,0,7002.0,6950.0,0.0,0.0,0.0,0.0,50692
2023-05-11 08:59:00,SM2306,SM2306,6950.0,1468.0,10202600.0,-1010.0,353,6950.0,6954.0,2,7002.0,6950.0,6950.0,6950.0,1468.0,10202600.0,49682
2023-05-11 09:00:00,SM2306,SM2306,6952.0,45.0,312750.0,17.0,2,6954.0,6956.0,20,7002.0,6950.0,6954.0,6950.0,1513.0,10515350.0,49699
2023-05-11 09:00:00,SM2306,SM2306,6950.0,185.0,1285750.0,-45.0,277,6950.0,6952.0,7,7002.0,6950.0,6958.0,6950.0,1698.0,11801100.0,49654
2023-05-11 09:00:01,SM2306,SM2306,6956.0,231.0,1613166.0,-58.0,10,6956.0,6980.0,16,7002.0,6950.0,6980.0,6950.0,1929.0,13414266.0,49596
2023-05-11 09:00:01,SM2306,SM2306,6960.0,54.0,375516.0,5.0,2,6956.0,6962.0,1,7002.0,6950.0,6980.0,6950.0,1983.0,13789782.0,49601
2023-05-11 09:00:02,SM2306,SM2306,6958.0,286.0,1988844.0,92.0,1,6958.0,6962.0,1,7002.0,6950.0,6980.0,6950.0,2269.0,15778626.0,49693
2023-05-11 09:00:02,SM2306,SM2306,6950.0,94.0,653676.0,-27.0,155,6950.0,6952.0,32,7002.0,6950.0,6980.0,6950.0,2363.0,16432302.0,49666
2023-05-11 09:00:03,SM2306,SM2306,6960.0,109.0,757986.0,-48.0,146,6950.0,6960.0,1,7002.0,6950.0,6980.0,6950.0,2472.0,17190288.0,49618
2023-05-11 09:00:03,SM2306,SM2306,6956.0,110.0,764940.0,24.0,1,6956.0,6960.0,3,7002.0,6950.0,6980.0,6950.0,2582.0,17955228.0,49642
2023-05-11 09:00:04,SM2306,SM2306,6962.0,113.0,785802.0,21.0,1,6960.0,6962.0,5,7002.0,6950.0,6980.0,6950.0,2695.0,18741030.0,49663
2023-05-11 09:00:04,SM2306,SM2306,6962.0,57.0,396378.0,11.0,3,6962.0,6966.0,9,7002.0,6950.0,6980.0,6950.0,2752.0,19137408.0,49674
2023-05-11 09:00:05,SM2306,SM2306,6958.0,64.0,445056.0,-17.0,4,6958.0,6960.0,3,7002.0,6950.0,6980.0,6950.0,2816.0,19582464.0,49657
2023-05-11 09:00:05,SM2306,SM2306,6962.0,56.0,389424.0,5.0,5,6960.0,6962.0,5,7002.0,6950.0,6980.0,6950.0,2872.0,19971888.0,49662
2023-05-11 09:00:06,SM2306,SM2306,6958.0,22.0,152988.0,9.0,6,6956.0,6962.0,44,7002.0,6950.0,6980.0,6950.0,2894.0,20124876.0,49671
2023-05-11 09:00:06,SM2306,SM2306,6960.0,30.0,208620.0,11.0,23,6958.0,6960.0,1,7002.0,6950.0,6980.0,6950.0,2924.0,20333496.0,49682
2023-05-11 09:00:07,SM2306,SM2306,6960.0,28.0,194712.0,21.0,6,6958.0,6960.0,1,7002.0,6950.0,6980.0,6950.0,2952.0,20528208.0,49703
2023-05-11 09:00:07,SM2306,SM2306,6958.0,47.0,326838.0,-6.0,7,6956.0,6958.0,18,7002.0,6950.0,6980.0,6950.0,2999.0,20855046.0,49697
2023-05-11 09:00:08,SM2306,SM2306,6954.0,38.0,264252.0,-26.0,20,6952.0,6954.0,1,7002.0,6950.0,6980.0,6950.0,3037.0,21119298.0,49671
2023-05-11 09:00:08,SM2306,SM2306,6954.0,28.0,194712.0,12.0,137,6950.0,6954.0,2,7002.0,6950.0,6980.0,6950.0,3065.0,21314010.0,49683
2023-05-11 09:00:09,SM2306,SM2306,6952.0,70.0,486780.0,-35.0,82,6950.0,6952.0,35,7002.0,6950.0,6980.0,6950.0,3135.0,21800790.0,49648
2023-05-11 09:00:09,SM2306,SM2306,6948.0,112.0,778848.0,-62.0,4,6946.0,6950.0,92,7002.0,6950.0,6980.0,6948.0,3247.0,22579638.0,49586
2023-05-11 09:00:10,SM2306,SM2306,6940.0,112.0,778848.0,-28.0,10,6940.0,6944.0,3,7002.0,6950.0,6980.0,6940.0,3359.0,23358486.0,49558
2023-05-11 09:00:10,SM2306,SM2306,6942.0,43.0,299022.0,-16.0,3,6940.0,6942.0,89,7002.0,6950.0,6980.0,6940.0,3402.0,23657508.0,49542
2023-05-11 09:00:11,SM2306,SM2306,6940.0,258.0,1794132.0,-114.0,14,6940.0,6948.0,13,7002.0,6950.0,6980.0,6930.0,3660.0,25451640.0,49428
2023-05-11 09:00:11,SM2306,SM2306,6942.0,49.0,333328.0,-4.0,18,6942.0,6944.0,6,7002.0,6950.0,6980.0,6930.0,3709.0,25784968.0,49424
2023-05-11 09:00:12,SM2306,SM2306,6942.0,73.0,507496.0,-24.0,11,6936.0,6942.0,3,7002.0,6950.0,6980.0,6930.0,3782.0,26292464.0,49400
2023-05-11 09:00:12,SM2306,SM2306,6936.0,154.0,1070608.0,6.0,9,6934.0,6936.0,19,7002.0,6950.0,6980.0,6930.0,3936.0,27363072.0,49406
2023-05-11 09:00:13,SM2306,SM2306,6944.0,42.0,291984.0,10.0,16,6940.0,6944.0,38,7002.0,6950.0,6980.0,6930.0,3978.0,27655056.0,49416
2023-05-11 09:00:13,SM2306,SM2306,6944.0,100.0,695200.0,-11.0,28,6944.0,6950.0,9,7002.0,6950.0,6980.0,6930.0,4078.0,28350256.0,49405
2023-05-11 09:00:14,SM2306,SM2306,6948.0,25.0,173800.0,-4.0,28,6948.0,6950.0,6,7002.0,6950.0,6980.0,6930.0,4103.0,28524056.0,49401
2023-05-11 09:00:14,SM2306,SM2306,6950.0,65.0,451880.0,-1.0,17,6950.0,6954.0,21,7002.0,6950.0,6980.0,6930.0,4168.0,28975936.0,49400
2023-05-11 09:00:15,SM2306,SM2306,6952.0,45.0,312840.0,-22.0,25,6952.0,6956.0,12,7002.0,6950.0,6980.0,6930.0,4213.0,29288776.0,49378
2023-05-11 09:00:15,SM2306,SM2306,6958.0,13.0,90376.0,6.0,1,6956.0,6958.0,17,7002.0,6950.0,6980.0,6930.0,4226.0,29379152.0,49384
2023-05-11 09:00:16,SM2306,SM2306,6958.0,36.0,250272.0,1.0,38,6958.0,6962.0,10,7002.0,6950.0,6980.0,6930.0,4262.0,29629424.0,49385
2023-05-11 09:00:16,SM2306,SM2306,6966.0,18.0,125136.0,7.0,13,6960.0,6966.0,8,7002.0,6950.0,6980.0,6930.0,4280.0,29754560.0,49392
2023-05-11 09:00:17,SM2306,SM2306,6964.0,41.0,285032.0,14.0,6,6964.0,6966.0,5,7002.0,6950.0,6980.0,6930.0,4321.0,30039592.0,49406
2023-05-11 09:00:17,SM2306,SM2306,6968.0,51.0,354552.0,-10.0,20,6962.0,6968.0,7,7002.0,6950.0,6980.0,6930.0,4372.0,30394144.0,49396
2023-05-11 09:00:18,SM2306,SM2306,6966.0,66.0,458832.0,-20.0,17,6964.0,6966.0,12,7002.0,6950.0,6980.0,6930.0,4438.0,30852976.0,49376
2023-05-11 09:00:18,SM2306,SM2306,6964.0,45.0,312840.0,34.0,17,6960.0,6964.0,9,7002.0,6950.0,6980.0,6930.0,4483.0,31165816.0,49410
2023-05-11 09:00:19,SM2306,SM2306,6966.0,41.0,285032.0,-14.0,2,6962.0,6964.0,7,7002.0,6950.0,6980.0,6930.0,4524.0,31450848.0,49396
2023-05-11 09:00:19,SM2306,SM2306,6960.0,48.0,333696.0,-32.0,16,6960.0,6962.0,1,7002.0,6950.0,6980.0,6930.0,4572.0,31784544.0,49364
2023-05-11 09:00:20,SM2306,SM2306,6962.0,17.0,118184.0,-10.0,1,6962.0,6964.0,1,7002.0,6950.0,6980.0,6930.0,4589.0,31902728.0,49354
2023-05-11 09:00:20,SM2306,SM2306,6964.0,7.0,48664.0,0.0,22,6962.0,6966.0,5,7002.0,6950.0,6980.0,6930.0,4596.0,31951392.0,49354
2023-05-11 09:00:21,SM2306,SM2306,6966.0,4.0,27808.0,1.0,9,6964.0,6966.0,4,7002.0,6950.0,6980.0,6930.0,4600.0,31979200.0,49355
2023-05-11 09:00:21,SM2306,SM2306,6966.0,7.0,48664.0,1.0,19,6964.0,6968.0,18,7002.0,6950.0,6980.0,6930.0,4607.0,32027864.0,49356
2023-05-11 09:00:22,SM2306,SM2306,6964.0,12.0,83424.0,5.0,15,6964.0,6968.0,8,7002.0,6950.0,6980.0,6930.0,4619.0,32111288.0,49361
2023-05-11 09:00:22,SM2306,SM2306,6968.0,6.0,41712.0,0.0,7,6964.0,6966.0,4,7002.0,6950.0,6980.0,6930.0,4625.0,32153000.0,49361
2023-05-11 09:00:23,SM2306,SM2306,6966.0,42.0,301318.0,-11.0,15,6964.0,6966.0,3,7002.0,6950.0,6980.0,6930.0,4667.0,32454318.0,49350
2023-05-11 09:00:23,SM2306,SM2306,6968.0,25.0,173850.0,5.0,46,6964.0,6968.0,40,7002.0,6950.0,6980.0,6930.0,4692.0,32628168.0,49355
2023-05-11 09:00:24,SM2306,SM2306,6968.0,5.0,34770.0,0.0,42,6964.0,6968.0,42,7002.0,6950.0,6980.0,6930.0,4697.0,32662938.0,49355
2023-05-11 09:00:24,SM2306,SM2306,6968.0,1.0,6954.0,1.0,42,6964.0,6966.0,7,7002.0,6950.0,6980.0,6930.0,4698.0,32669892.0,49356
2023-05-11 09:00:25,SM2306,SM2306,6964.0,33.0,229482.0,7.0,40,6964.0,6968.0,41,7002.0,6950.0,6980.0,6930.0,4731.0,32899374.0,49363
2023-05-11 09:00:25,SM2306,SM2306,6964.0,9.0,62586.0,2.0,36,6964.0,6968.0,47,7002.0,6950.0,6980.0,6930.0,4740.0,32961960.0,49365
2023-05-11 09:00:26,SM2306,SM2306,6964.0,0.0,0.0,0.0,36,6964.0,6966.0,8,7002.0,6950.0,6980.0,6930.0,4740.0,32961960.0,49365
2023-05-11 09:00:26,SM2306,SM2306,6966.0,8.0,55632.0,3.0,46,6964.0,6966.0,1,7002.0,6950.0,6980.0,6930.0,4748.0,33017592.0,49368
2023-05-11 09:00:27,SM2306,SM2306,6966.0,7.0,48678.0,2.0,47,6964.0,6966.0,1,7002.0,6950.0,6980.0,6930.0,4755.0,33066270.0,49370
2023-05-11 09:00:27,SM2306,SM2306,6966.0,3.0,20862.0,0.0,47,6964.0,6966.0,32,7002.0,6950.0,6980.0,6930.0,4758.0,33087132.0,49370
2023-05-11 09:00:28,SM2306,SM2306,6962.0,48.0,333792.0,13.0,16,6962.0,6964.0,3,7002.0,6950.0,6980.0,6930.0,4806.0,33420924.0,49383
2023-05-11 09:00:28,SM2306,SM2306,6966.0,16.0,111264.0,12.0,16,6962.0,6966.0,28,7002.0,6950.0,6980.0,6930.0,4822.0,33532188.0,49395
2023-05-11 09:00:29,SM2306,SM2306,6964.0,6.0,41724.0,-6.0,27,6962.0,6964.0,3,7002.0,6950.0,6980.0,6930.0,4828.0,33573912.0,49389
2023-05-11 09:00:29,SM2306,SM2306,6964.0,6.0,41724.0,1.0,27,6962.0,6966.0,19,7002.0,6950.0,6980.0,6930.0,4834.0,33615636.0,49390
2023-05-11 09:00:30,SM2306,SM2306,6964.0,28.0,194712.0,-1.0,2,6964.0,6966.0,13,7002.0,6950.0,6980.0,6930.0,4862.0,33810348.0,49389
2023-05-11 09:00:30,SM2306,SM2306,6968.0,19.0,132126.0,-8.0,7,6966.0,6968.0,46,7002.0,6950.0,6980.0,6930.0,4881.0,33942474.0,49381
2023-05-11 09:00:31,SM2306,SM2306,6970.0,65.0,452010.0,-32.0,9,6966.0,6972.0,15,7002.0,6950.0,6980.0,6930.0,4946.0,34394484.0,49349
2023-05-11 09:00:31,SM2306,SM2306,6968.0,20.0,139080.0,-11.0,13,6968.0,6970.0,1,7002.0,6950.0,6980.0,6930.0,4966.0,34533564.0,49338
2023-05-11 09:00:32,SM2306,SM2306,6970.0,15.0,104310.0,8.0,34,6968.0,6970.0,26,7002.0,6950.0,6980.0,6930.0,4981.0,34637874.0,49346
2023-05-11 09:00:32,SM2306,SM2306,6966.0,39.0,271206.0,-6.0,14,6966.0,6968.0,16,7002.0,6950.0,6980.0,6930.0,5020.0,34909080.0,49340
2023-05-11 09:00:33,SM2306,SM2306,6966.0,0.0,0.0,0.0,16,6966.0,6968.0,19,7002.0,6950.0,6980.0,6930.0,5020.0,34909080.0,49340
2023-05-11 09:00:33,SM2306,SM2306,6970.0,91.0,632814.0,38.0,8,6970.0,6972.0,30,7002.0,6950.0,6980.0,6930.0,5111.0,35541894.0,49378
2023-05-11 09:00:34,SM2306,SM2306,6972.0,17.0,118218.0,-1.0,21,6970.0,6972.0,23,7002.0,6950.0,6980.0,6930.0,5128.0,35660112.0,49377
2023-05-11 09:00:34,SM2306,SM2306,6972.0,30.0,208620.0,2.0,27,6970.0,6974.0,13,7002.0,6950.0,6980.0,6930.0,5158.0,35868732.0,49379
2023-05-11 09:00:35,SM2306,SM2306,6972.0,15.0,104310.0,4.0,21,6970.0,6972.0,3,7002.0,6950.0,6980.0,6930.0,5173.0,35973042.0,49383
2023-05-11 09:00:35,SM2306,SM2306,6970.0,39.0,271206.0,-14.0,11,6968.0,6970.0,8,7002.0,6950.0,6980.0,6930.0,5212.0,36244248.0,49369
2023-05-11 09:00:36,SM2306,SM2306,6970.0,17.0,118218.0,-8.0,14,6968.0,6972.0,41,7002.0,6950.0,6980.0,6930.0,5229.0,36362466.0,49361
2023-05-11 09:00:36,SM2306,SM2306,6970.0,9.0,62586.0,-1.0,19,6968.0,6970.0,9,7002.0,6950.0,6980.0,6930.0,5238.0,36425052.0,49360
2023-05-11 09:00:37,SM2306,SM2306,6970.0,3.0,20862.0,2.0,12,6968.0,6970.0,10,7002.0,6950.0,6980.0,6930.0,5241.0,36445914.0,49362
2023-05-11 09:00:37,SM2306,SM2306,6970.0,1.0,6954.0,1.0,15,6968.0,6970.0,13,7002.0,6950.0,6980.0,6930.0,5242.0,36452868.0,49363
2023-05-11 09:00:38,SM2306,SM2306,6964.0,54.0,375516.0,34.0,24,6962.0,6966.0,4,7002.0,6950.0,6980.0,6930.0,5296.0,36828384.0,49397
2023-05-11 09:00:38,SM2306,SM2306,6958.0,69.0,479826.0,13.0,7,6958.0,6962.0,24,7002.0,6950.0,6980.0,6930.0,5365.0,37308210.0,49410
2023-05-11 09:00:39,SM2306,SM2306,6960.0,42.0,292068.0,9.0,17,6956.0,6958.0,3,7002.0,6950.0,6980.0,6930.0,5407.0,37600278.0,49419
2023-05-11 09:00:39,SM2306,SM2306,6962.0,30.0,219494.0,3.0,4,6960.0,6962.0,10,7002.0,6950.0,6980.0,6930.0,5437.0,37819772.0,49422
2023-05-11 09:00:40,SM2306,SM2306,6962.0,29.0,201724.0,-7.0,18,6962.0,6966.0,25,7002.0,6950.0,6980.0,6930.0,5466.0,38021496.0,49415
2023-05-11 09:00:40,SM2306,SM2306,6964.0,9.0,62604.0,-3.0,20,6962.0,6964.0,20,7002.0,6950.0,6980.0,6930.0,5475.0,38084100.0,49412
2023-05-11 09:00:41,SM2306,SM2306,6962.0,27.0,187812.0,2.0,24,6960.0,6962.0,1,7002.0,6950.0,6980.0,6930.0,5502.0,38271912.0,49414
2023-05-11 09:00:41,SM2306,SM2306,6962.0,4.0,27824.0,1.0,47,6960.0,6962.0,4,7002.0,6950.0,6980.0,6930.0,5506.0,38299736.0,49415
2023-05-11 09:00:42,SM2306,SM2306,6964.0,9.0,62604.0,7.0,5,6962.0,6964.0,2,7002.0,6950.0,6980.0,6930.0,5515.0,38362340.0,49422
2023-05-11 09:00:42,SM2306,SM2306,6962.0,29.0,201724.0,5.0,61,6960.0,6964.0,5,7002.0,6950.0,6980.0,6930.0,5544.0,38564064.0,49427
2023-05-11 09:00:43,SM2306,SM2306,6964.0,3.0,20868.0,3.0,1,6962.0,6964.0,21,7002.0,6950.0,6980.0,6930.0,5547.0,38584932.0,49430
2023-05-11 09:00:43,SM2306,SM2306,6964.0,2.0,13912.0,1.0,61,6960.0,6964.0,41,7002.0,6950.0,6980.0,6930.0,5549.0,38598844.0,49431
2023-05-11 09:00:44,SM2306,SM2306,6964.0,6.0,41736.0,6.0,57,6960.0,6964.0,35,7002.0,6950.0,6980.0,6930.0,5555.0,38640580.0,49437
2023-05-11 09:00:44,SM2306,SM2306,6964.0,9.0,62604.0,6.0,2,6962.0,6964.0,28,7002.0,6950.0,6980.0,6930.0,5564.0,38703184.0,49443
2023-05-11 09:00:45,SM2306,SM2306,6962.0,17.0,118252.0,-3.0,55,6960.0,6962.0,2,7002.0,6950.0,6980.0,6930.0,5581.0,38821436.0,49440
2023-05-11 09:00:45,SM2306,SM2306,6964.0,26.0,180856.0,6.0,54,6960.0,6964.0,24,7002.0,6950.0,6980.0,6930.0,5607.0,39002292.0,49446
2023-05-11 09:00:46,SM2306,SM2306,6966.0,21.0,146076.0,2.0,2,6964.0,6966.0,21,7002.0,6950.0,6980.0,6930.0,5628.0,39148368.0,49448
2023-05-11 09:00:46,SM2306,SM2306,6964.0,7.0,48692.0,1.0,10,6964.0,6966.0,39,7002.0,6950.0,6980.0,6930.0,5635.0,39197060.0,49449
2023-05-11 09:00:47,SM2306,SM2306,6966.0,15.0,104340.0,-5.0,6,6964.0,6966.0,34,7002.0,6950.0,6980.0,6930.0,5650.0,39301400.0,49444
2023-05-11 09:00:47,SM2306,SM2306,6966.0,1.0,6956.0,1.0,8,6964.0,6966.0,28,7002.0,6950.0,6980.0,6930.0,5651.0,39308356.0,49445
2023-05-11 09:00:48,SM2306,SM2306,6964.0,2.0,13912.0,1.0,5,6964.0,6966.0,29,7002.0,6950.0,6980.0,6930.0,5653.0,39322268.0,49446
2023-05-11 09:00:48,SM2306,SM2306,6964.0,6.0,41736.0,-4.0,6,6962.0,6964.0,7,7002.0,6950.0,6980.0,6930.0,5659.0,39364004.0,49442
2023-05-11 09:00:49,SM2306,SM2306,6964.0,4.0,27824.0,3.0,9,6962.0,6964.0,8,7002.0,6950.0,6980.0,6930.0,5663.0,39391828.0,49445
2023-05-11 09:00:49,SM2306,SM2306,6962.0,11.0,76516.0,-2.0,1,6962.0,6964.0,29,7002.0,6950.0,6980.0,6930.0,5674.0,39468344.0,49443
2023-05-11 09:00:50,SM2306,SM2306,6962.0,19.0,132164.0,8.0,6,6962.0,6964.0,19,7002.0,6950.0,6980.0,6930.0,5693.0,39600508.0,49451
2023-05-11 09:00:50,SM2306,SM2306,6964.0,21.0,146076.0,3.0,9,6964.0,6966.0,17,7002.0,6950.0,6980.0,6930.0,5714.0,39746584.0,49454
2023-05-11 09:00:51,SM2306,SM2306,6964.0,3.0,20868.0,1.0,29,6962.0,6966.0,25,7002.0,6950.0,6980.0,6930.0,5717.0,39767452.0,49455
2023-05-11 09:00:51,SM2306,SM2306,6964.0,22.0,153032.0,9.0,25,6962.0,6964.0,7,7002.0,6950.0,6980.0,6930.0,5739.0,39920484.0,49464
2023-05-11 09:00:52,SM2306,SM2306,6962.0,2.0,13912.0,1.0,38,6962.0,6964.0,3,7002.0,6950.0,6980.0,6930.0,5741.0,39934396.0,49465
2023-05-11 09:00:52,SM2306,SM2306,6964.0,2.0,13912.0,2.0,41,6962.0,6964.0,7,7002.0,6950.0,6980.0,6930.0,5743.0,39948308.0,49467
2023-05-11 09:00:53,SM2306,SM2306,6964.0,1.0,6956.0,1.0,42,6962.0,6964.0,8,7002.0,6950.0,6980.0,6930.0,5744.0,39955264.0,49468
2023-05-11 09:00:53,SM2306,SM2306,6964.0,2.0,13912.0,0.0,42,6962.0,6964.0,4,7002.0,6950.0,6980.0,6930.0,5746.0,39969176.0,49468
2023-05-11 09:00:54,SM2306,SM2306,6966.0,6.0,41736.0,-1.0,42,6962.0,6966.0,23,7002.0,6950.0,6980.0,6930.0,5752.0,40010912.0,49467
2023-05-11 09:00:54,SM2306,SM2306,6964.0,2.0,13912.0,0.0,42,6962.0,6964.0,1,7002.0,6950.0,6980.0,6930.0,5754.0,40024824.0,49467
2023-05-11 09:00:55,SM2306,SM2306,6964.0,23.0,159988.0,1.0,15,6964.0,6968.0,20,7002.0,6950.0,6980.0,6930.0,5777.0,40184812.0,49468
2023-05-11 09:00:55,SM2306,SM2306,6966.0,2.0,13912.0,-2.0,10,6966.0,6968.0,18,7002.0,6950.0,6980.0,6930.0,5779.0,40198724.0,49466
2023-05-11 09:00:56,SM2306,SM2306,6968.0,8.0,55648.0,1.0,11,6966.0,6968.0,8,7002.0,6950.0,6980.0,6930.0,5787.0,40254372.0,49467
2023-05-11 09:00:56,SM2306,SM2306,6966.0,11.0,76516.0,0.0,13,6966.0,6970.0,9,7002.0,6950.0,6980.0,6930.0,5798.0,40330888.0,49467
2023-05-11 09:00:57,SM2306,SM2306,6968.0,9.0,62604.0,6.0,33,6966.0,6968.0,6,7002.0,6950.0,6980.0,6930.0,5807.0,40393492.0,49473
2023-05-11 09:00:57,SM2306,SM2306,6968.0,12.0,83472.0,-10.0,31,6966.0,6968.0,10,7002.0,6950.0,6980.0,6930.0,5819.0,40476964.0,49463
2023-05-11 09:00:58,SM2306,SM2306,6970.0,6.0,41736.0,4.0,10,6968.0,6970.0,15,7002.0,6950.0,6980.0,6930.0,5825.0,40518700.0,49467
2023-05-11 09:00:58,SM2306,SM2306,6970.0,5.0,34780.0,-1.0,5,6968.0,6970.0,5,7002.0,6950.0,6980.0,6930.0,5830.0,40553480.0,49466
2023-05-11 09:00:59,SM2306,SM2306,6968.0,6.0,41736.0,3.0,27,6968.0,6970.0,4,7002.0,6950.0,6980.0,6930.0,5836.0,40595216.0,49469
2023-05-11 09:00:59,SM2306,SM2306,6970.0,7.0,48692.0,4.0,3,6970.0,6972.0,14,7002.0,6950.0,6980.0,6930.0,5843.0,40643908.0,49473
2023-05-11 09:01:00,SM2306,SM2306,6968.0,14.0,97384.0,3.0,26,6968.0,6972.0,26,7002.0,6950.0,6980.0,6930.0,5857.0,40741292.0,49476
2023-05-11 09:01:00,SM2306,SM2306,6968.0,36.0,250416.0,17.0,1,6968.0,6970.0,24,7002.0,6950.0,6980.0,6930.0,5893.0,40991708.0,49493
2023-05-11 09:01:01,SM2306,SM2306,6966.0,53.0,368668.0,-11.0,20,6964.0,6968.0,45,7002.0,6950.0,6980.0,6930.0,5946.0,41360376.0,49482
2023-05-11 09:01:01,SM2306,SM2306,6968.0,48.0,333888.0,22.0,7,6964.0,6966.0,1,7002.0,6950.0,6980.0,6930.0,5994.0,41694264.0,49504
2023-05-11 09:01:02,SM2306,SM2306,6966.0,5.0,34780.0,2.0,1,6966.0,6968.0,31,7002.0,6950.0,6980.0,6930.0,5999.0,41729044.0,49506
2023-05-11 09:01:02,SM2306,SM2306,6964.0,11.0,76516.0,-8.0,16,6964.0,6968.0,27,7002.0,6950.0,6980.0,6930.0,6010.0,41805560.0,49498
2023-05-11 09:01:03,SM2306,SM2306,6964.0,0.0,0.0,0.0,19,6964.0,6966.0,5,7002.0,6950.0,6980.0,6930.0,6010.0,41805560.0,49498
2023-05-11 09:01:03,SM2306,SM2306,6968.0,8.0,55648.0,5.0,15,6964.0,6966.0,1,7002.0,6950.0,6980.0,6930.0,6018.0,41861208.0,49503
2023-05-11 09:01:04,SM2306,SM2306,6964.0,17.0,118252.0,-7.0,39,6962.0,6966.0,13,7002.0,6950.0,6980.0,6930.0,6035.0,41979460.0,49496
2023-05-11 09:01:04,SM2306,SM2306,6964.0,0.0,0.0,0.0,41,6962.0,6964.0,2,7002.0,6950.0,6980.0,6930.0,6035.0,41979460.0,49496
2023-05-11 09:01:05,SM2306,SM2306,6964.0,22.0,153032.0,6.0,5,6964.0,6968.0,23,7002.0,6950.0,6980.0,6930.0,6057.0,42132492.0,49502
2023-05-11 09:01:05,SM2306,SM2306,6966.0,5.0,34780.0,-4.0,14,6966.0,6968.0,17,7002.0,6950.0,6980.0,6930.0,6062.0,42167272.0,49498
2023-05-11 09:01:06,SM2306,SM2306,6968.0,15.0,104340.0,11.0,41,6966.0,6970.0,37,7002.0,6950.0,6980.0,6930.0,6077.0,42271612.0,49509
2023-05-11 09:01:06,SM2306,SM2306,6968.0,9.0,62604.0,-4.0,47,6966.0,6968.0,13,7002.0,6950.0,6980.0,6930.0,6086.0,42334216.0,49505
2023-05-11 09:01:07,SM2306,SM2306,6966.0,9.0,62604.0,3.0,52,6966.0,6968.0,20,7002.0,6950.0,6980.0,6930.0,6095.0,42396820.0,49508
2023-05-11 09:01:07,SM2306,SM2306,6968.0,17.0,118252.0,6.0,51,6966.0,6970.0,50,7002.0,6950.0,6980.0,6930.0,6112.0,42515072.0,49514
2023-05-11 09:01:08,SM2306,SM2306,6968.0,5.0,34780.0,-3.0,12,6968.0,6970.0,46,7002.0,6950.0,6980.0,6930.0,6117.0,42549852.0,49511
2023-05-11 09:01:08,SM2306,SM2306,6968.0,14.0,97384.0,-4.0,3,6968.0,6970.0,46,7002.0,6950.0,6980.0,6930.0,6131.0,42647236.0,49507
2023-05-11 09:01:09,SM2306,SM2306,6968.0,11.0,76516.0,-5.0,40,6966.0,6970.0,51,7002.0,6950.0,6980.0,6930.0,6142.0,42723752.0,49502
2023-05-11 09:01:09,SM2306,SM2306,6970.0,16.0,111296.0,6.0,7,6968.0,6970.0,35,7002.0,6950.0,6980.0,6930.0,6158.0,42835048.0,49508
2023-05-11 09:01:10,SM2306,SM2306,6970.0,56.0,389536.0,-28.0,4,6970.0,6974.0,12,7002.0,6950.0,6980.0,6930.0,6214.0,43224584.0,49480
2023-05-11 09:01:10,SM2306,SM2306,6972.0,4.0,27824.0,4.0,2,6972.0,6974.0,14,7002.0,6950.0,6980.0,6930.0,6218.0,43252408.0,49484
2023-05-11 09:01:11,SM2306,SM2306,6974.0,5.0,34780.0,2.0,30,6972.0,6974.0,14,7002.0,6950.0,6980.0,6930.0,6223.0,43287188.0,49486
2023-05-11 09:01:11,SM2306,SM2306,6974.0,12.0,83472.0,8.0,76,6972.0,6976.0,12,7002.0,6950.0,6980.0,6930.0,6235.0,43370660.0,49494
2023-05-11 09:01:12,SM2306,SM2306,6974.0,13.0,90428.0,2.0,86,6972.0,6976.0,10,7002.0,6950.0,6980.0,6930.0,6248.0,43461088.0,49496
2023-05-11 09:01:12,SM2306,SM2306,6974.0,0.0,0.0,0.0,82,6972.0,6976.0,16,7002.0,6950.0,6980.0,6930.0,6248.0,43461088.0,49496
2023-05-11 09:01:13,SM2306,SM2306,6972.0,4.0,27824.0,0.0,102,6972.0,6976.0,16,7002.0,6950.0,6980.0,6930.0,6252.0,43488912.0,49496
2023-05-11 09:01:13,SM2306,SM2306,6976.0,7.0,48692.0,-1.0,2,6974.0,6976.0,10,7002.0,6950.0,6980.0,6930.0,6259.0,43537604.0,49495
2023-05-11 09:01:14,SM2306,SM2306,6974.0,17.0,118252.0,3.0,20,6974.0,6976.0,9,7002.0,6950.0,6980.0,6930.0,6276.0,43655856.0,49498
2023-05-11 09:01:14,SM2306,SM2306,6978.0,135.0,951882.0,130.0,19,6976.0,6980.0,12,7002.0,6950.0,6980.0,6930.0,6411.0,44607738.0,49628
2023-05-11 09:01:15,SM2306,SM2306,6982.0,12.0,83496.0,8.0,8,6980.0,6982.0,12,7002.0,6950.0,6982.0,6930.0,6423.0,44691234.0,49636
2023-05-11 09:01:15,SM2306,SM2306,6982.0,18.0,125244.0,-11.0,18,6980.0,6982.0,3,7002.0,6950.0,6982.0,6930.0,6441.0,44816478.0,49625
2023-05-11 09:01:16,SM2306,SM2306,6982.0,30.0,208740.0,20.0,24,6982.0,6984.0,11,7002.0,6950.0,6984.0,6930.0,6471.0,45025218.0,49645
2023-05-11 09:01:16,SM2306,SM2306,6980.0,35.0,243530.0,-7.0,2,6980.0,6982.0,13,7002.0,6950.0,6984.0,6930.0,6506.0,45268748.0,49638
2023-05-11 09:01:17,SM2306,SM2306,6980.0,19.0,132202.0,7.0,17,6978.0,6980.0,7,7002.0,6950.0,6984.0,6930.0,6525.0,45400950.0,49645
2023-05-11 09:01:17,SM2306,SM2306,6980.0,0.0,0.0,0.0,28,6978.0,6980.0,11,7002.0,6950.0,6984.0,6930.0,6525.0,45400950.0,49645
2023-05-11 09:01:18,SM2306,SM2306,6980.0,11.0,76538.0,2.0,38,6978.0,6982.0,16,7002.0,6950.0,6984.0,6930.0,6536.0,45477488.0,49647
2023-05-11 09:01:18,SM2306,SM2306,6982.0,2.0,13916.0,-2.0,24,6980.0,6982.0,11,7002.0,6950.0,6984.0,6930.0,6538.0,45491404.0,49645
2023-05-11 09:01:19,SM2306,SM2306,6980.0,68.0,473144.0,51.0,15,6980.0,6984.0,10,7002.0,6950.0,6984.0,6930.0,6606.0,45964548.0,49696
2023-05-11 09:01:19,SM2306,SM2306,6984.0,10.0,69580.0,-8.0,35,6982.0,6984.0,3,7002.0,6950.0,6984.0,6930.0,6616.0,46034128.0,49688
2023-05-11 09:01:20,SM2306,SM2306,6986.0,6.0,41748.0,-3.0,1,6984.0,6986.0,9,7002.0,6950.0,6986.0,6930.0,6622.0,46075876.0,49685
2023-05-11 09:01:20,SM2306,SM2306,6986.0,13.0,90454.0,-7.0,24,6982.0,6986.0,14,7002.0,6950.0,6986.0,6930.0,6635.0,46166330.0,49678
2023-05-11 09:01:21,SM2306,SM2306,6984.0,31.0,215698.0,-3.0,27,6984.0,6986.0,12,7002.0,6950.0,6986.0,6930.0,6666.0,46382028.0,49675
2023-05-11 09:01:21,SM2306,SM2306,6984.0,23.0,160034.0,0.0,28,6982.0,6984.0,6,7002.0,6950.0,6986.0,6930.0,6689.0,46542062.0,49675
2023-05-11 09:01:22,SM2306,SM2306,6984.0,26.0,180908.0,20.0,22,6982.0,6984.0,19,7002.0,6950.0,6986.0,6930.0,6715.0,46722970.0,49695
2023-05-11 09:01:22,SM2306,SM2306,6986.0,45.0,313110.0,16.0,16,6984.0,6988.0,18,7002.0,6950.0,6986.0,6930.0,6760.0,47036080.0,49711
2023-05-11 09:01:23,SM2306,SM2306,6986.0,7.0,48706.0,6.0,5,6986.0,6988.0,14,7002.0,6950.0,6988.0,6930.0,6767.0,47084786.0,49717
2023-05-11 09:01:23,SM2306,SM2306,6986.0,14.0,97412.0,9.0,2,6984.0,6986.0,9,7002.0,6950.0,6988.0,6930.0,6781.0,47182198.0,49726
2023-05-11 09:01:24,SM2306,SM2306,6984.0,4.0,27832.0,1.0,6,6984.0,6986.0,2,7002.0,6950.0,6988.0,6930.0,6785.0,47210030.0,49727
2023-05-11 09:01:24,SM2306,SM2306,6986.0,5.0,34790.0,0.0,6,6986.0,6988.0,18,7002.0,6950.0,6988.0,6930.0,6790.0,47244820.0,49727
2023-05-11 09:01:25,SM2306,SM2306,6984.0,3.0,20874.0,-3.0,35,6984.0,6988.0,20,7002.0,6950.0,6988.0,6930.0,6793.0,47265694.0,49724
2023-05-11 09:01:25,SM2306,SM2306,6986.0,2.0,13916.0,0.0,36,6984.0,6988.0,20,7002.0,6950.0,6988.0,6930.0,6795.0,47279610.0,49724
2023-05-11 09:01:26,SM2306,SM2306,6986.0,0.0,0.0,0.0,35,6984.0,6986.0,5,7002.0,6950.0,6988.0,6930.0,6795.0,47279610.0,49724
2023-05-11 09:01:26,SM2306,SM2306,6986.0,0.0,0.0,0.0,33,6984.0,6986.0,7,7002.0,6950.0,6988.0,6930.0,6795.0,47279610.0,49724
2023-05-11 09:01:27,SM2306,SM2306,6986.0,32.0,222656.0,13.0,1,6984.0,6986.0,10,7002.0,6950.0,6988.0,6930.0,6827.0,47502266.0,49737
2023-05-11 09:01:27,SM2306,SM2306,6984.0,6.0,41748.0,0.0,6,6984.0,6986.0,11,7002.0,6950.0,6988.0,6930.0,6833.0,47544014.0,49737
2023-05-11 09:01:28,SM2306,SM2306,6984.0,3.0,20874.0,-1.0,29,6982.0,6984.0,4,7002.0,6950.0,6988.0,6930.0,6836.0,47564888.0,49736
2023-05-11 09:01:28,SM2306,SM2306,6984.0,0.0,0.0,0.0,35,6982.0,6984.0,5,7002.0,6950.0,6988.0,6930.0,6836.0,47564888.0,49736
2023-05-11 09:01:29,SM2306,SM2306,6986.0,10.0,69580.0,0.0,34,6982.0,6986.0,12,7002.0,6950.0,6988.0,6930.0,6846.0,47634468.0,49736
2023-05-11 09:01:29,SM2306,SM2306,6988.0,7.0,48706.0,2.0,57,6984.0,6988.0,11,7002.0,6950.0,6988.0,6930.0,6853.0,47683174.0,49738
2023-05-11 09:01:30,SM2306,SM2306,6986.0,1.0,6958.0,1.0,68,6984.0,6988.0,14,7002.0,6950.0,6988.0,6930.0,6854.0,47690132.0,49739
2023-05-11 09:01:30,SM2306,SM2306,6986.0,0.0,0.0,0.0,82,6984.0,6986.0,1,7002.0,6950.0,6988.0,6930.0,6854.0,47690132.0,49739
2023-05-11 09:01:31,SM2306,SM2306,6986.0,2.0,13916.0,1.0,16,6986.0,6988.0,11,7002.0,6950.0,6988.0,6930.0,6856.0,47704048.0,49740
2023-05-11 09:01:31,SM2306,SM2306,6988.0,13.0,90454.0,5.0,12,6986.0,6988.0,2,7002.0,6950.0,6988.0,6930.0,6869.0,47794502.0,49745
2023-05-11 09:01:32,SM2306,SM2306,6988.0,15.0,104370.0,13.0,45,6986.0,6990.0,14,7002.0,6950.0,6988.0,6930.0,6884.0,47898872.0,49758
2023-05-11 09:01:32,SM2306,SM2306,6988.0,0.0,0.0,0.0,57,6986.0,6990.0,16,7002.0,6950.0,6988.0,6930.0,6884.0,47898872.0,49758
2023-05-11 09:01:33,SM2306,SM2306,6986.0,2.0,13916.0,1.0,4,6988.0,6990.0,41,7002.0,6950.0,6990.0,6930.0,6886.0,47912788.0,49759
2023-05-11 09:01:33,SM2306,SM2306,6990.0,3.0,20874.0,3.0,29,6986.0,6990.0,43,7002.0,6950.0,6990.0,6930.0,6889.0,47933662.0,49762
2023-05-11 09:01:34,SM2306,SM2306,6990.0,48.0,347858.0,6.0,41,6988.0,6992.0,11,7002.0,6950.0,6990.0,6930.0,6937.0,48281520.0,49768
2023-05-11 09:01:34,SM2306,SM2306,6986.0,77.0,535920.0,10.0,37,6984.0,6986.0,1,7002.0,6950.0,6990.0,6930.0,7014.0,48817440.0,49778
2023-05-11 09:01:35,SM2306,SM2306,6986.0,19.0,132240.0,-2.0,2,6986.0,6988.0,8,7002.0,6950.0,6990.0,6930.0,7033.0,48949680.0,49776
2023-05-11 09:01:35,SM2306,SM2306,6988.0,7.0,48720.0,-5.0,4,6986.0,6988.0,7,7002.0,6950.0,6990.0,6930.0,7040.0,48998400.0,49771
2023-05-11 09:01:36,SM2306,SM2306,6988.0,2.0,13920.0,0.0,5,6986.0,6988.0,3,7002.0,6950.0,6990.0,6930.0,7042.0,49012320.0,49771
2023-05-11 09:01:36,SM2306,SM2306,6984.0,16.0,111360.0,-8.0,39,6984.0,6986.0,8,7002.0,6950.0,6990.0,6930.0,7058.0,49123680.0,49763
2023-05-11 09:01:37,SM2306,SM2306,6986.0,39.0,271440.0,1.0,16,6982.0,6984.0,9,7002.0,6950.0,6990.0,6930.0,7097.0,49395120.0,49764
2023-05-11 09:01:37,SM2306,SM2306,6984.0,8.0,55680.0,3.0,20,6982.0,6984.0,2,7002.0,6950.0,6990.0,6930.0,7105.0,49450800.0,49767
2023-05-11 09:01:38,SM2306,SM2306,6984.0,6.0,41760.0,2.0,16,6982.0,6984.0,2,7002.0,6950.0,6990.0,6930.0,7111.0,49492560.0,49769
2023-05-11 09:01:38,SM2306,SM2306,6986.0,4.0,27840.0,-1.0,16,6982.0,6984.0,4,7002.0,6950.0,6990.0,6930.0,7115.0,49520400.0,49768
2023-05-11 09:01:39,SM2306,SM2306,6982.0,5.0,34800.0,-5.0,11,6982.0,6984.0,4,7002.0,6950.0,6990.0,6930.0,7120.0,49555200.0,49763
2023-05-11 09:01:39,SM2306,SM2306,6982.0,15.0,104400.0,11.0,9,6982.0,6984.0,4,7002.0,6950.0,6990.0,6930.0,7135.0,49659600.0,49774
2023-05-11 09:01:40,SM2306,SM2306,6984.0,5.0,34800.0,5.0,24,6982.0,6986.0,19,7002.0,6950.0,6990.0,6930.0,7140.0,49694400.0,49779
2023-05-11 09:01:40,SM2306,SM2306,6984.0,9.0,62640.0,4.0,23,6982.0,6984.0,1,7002.0,6950.0,6990.0,6930.0,7149.0,49757040.0,49783
2023-05-11 09:01:41,SM2306,SM2306,6982.0,2.0,13920.0,0.0,22,6982.0,6984.0,6,7002.0,6950.0,6990.0,6930.0,7151.0,49770960.0,49783
2023-05-11 09:01:41,SM2306,SM2306,6982.0,0.0,0.0,0.0,22,6982.0,6984.0,8,7002.0,6950.0,6990.0,6930.0,7151.0,49770960.0,49783
2023-05-11 09:01:42,SM2306,SM2306,6982.0,1.0,6960.0,-1.0,19,6982.0,6984.0,8,7002.0,6950.0,6990.0,6930.0,7152.0,49777920.0,49782
2023-05-11 09:01:42,SM2306,SM2306,6982.0,19.0,132240.0,13.0,9,6980.0,6982.0,4,7002.0,6950.0,6990.0,6930.0,7171.0,49910160.0,49795
2023-05-11 09:01:43,SM2306,SM2306,6980.0,24.0,167040.0,7.0,19,6978.0,6982.0,11,7002.0,6950.0,6990.0,6930.0,7195.0,50077200.0,49802
2023-05-11 09:01:43,SM2306,SM2306,6982.0,1.0,6960.0,0.0,18,6978.0,6982.0,11,7002.0,6950.0,6990.0,6930.0,7196.0,50084160.0,49802
2023-05-11 09:01:44,SM2306,SM2306,6978.0,3.0,20880.0,0.0,16,6978.0,6982.0,10,7002.0,6950.0,6990.0,6930.0,7199.0,50105040.0,49802
2023-05-11 09:01:44,SM2306,SM2306,6978.0,0.0,0.0,0.0,1,6980.0,6982.0,9,7002.0,6950.0,6990.0,6930.0,7199.0,50105040.0,49802
2023-05-11 09:01:45,SM2306,SM2306,6982.0,2.0,13920.0,-1.0,24,6978.0,6980.0,1,7002.0,6950.0,6990.0,6930.0,7201.0,50118960.0,49801
2023-05-11 09:01:45,SM2306,SM2306,6980.0,4.0,27840.0,1.0,24,6978.0,6982.0,17,7002.0,6950.0,6990.0,6930.0,7205.0,50146800.0,49802
2023-05-11 09:01:46,SM2306,SM2306,6980.0,0.0,0.0,0.0,24,6978.0,6980.0,4,7002.0,6950.0,6990.0,6930.0,7205.0,50146800.0,49802
2023-05-11 09:01:46,SM2306,SM2306,6980.0,0.0,0.0,0.0,24,6978.0,6980.0,7,7002.0,6950.0,6990.0,6930.0,7205.0,50146800.0,49802
2023-05-11 09:01:47,SM2306,SM2306,6978.0,9.0,62640.0,8.0,32,6978.0,6982.0,16,7002.0,6950.0,6990.0,6930.0,7214.0,50209440.0,49810
2023-05-11 09:01:48,SM2306,SM2306,6978.0,1.0,6960.0,1.0,31,6978.0,6980.0,6,7002.0,6950.0,6990.0,6930.0,7215.0,50216400.0,49811
2023-05-11 09:01:48,SM2306,SM2306,6978.0,1.0,6960.0,1.0,28,6978.0,6980.0,12,7002.0,6950.0,6990.0,6930.0,7216.0,50223360.0,49812
2023-05-11 09:01:49,SM2306,SM2306,6978.0,28.0,194880.0,-6.0,22,6976.0,6978.0,6,7002.0,6950.0,6990.0,6930.0,7244.0,50418240.0,49806
2023-05-11 09:01:49,SM2306,SM2306,6976.0,2.0,13920.0,0.0,10,6976.0,6978.0,10,7002.0,6950.0,6990.0,6930.0,7246.0,50432160.0,49806
2023-05-11 09:01:50,SM2306,SM2306,6976.0,0.0,0.0,0.0,13,6976.0,6978.0,10,7002.0,6950.0,6990.0,6930.0,7246.0,50432160.0,49806
2023-05-11 09:01:50,SM2306,SM2306,6976.0,0.0,0.0,0.0,13,6976.0,6978.0,9,7002.0,6950.0,6990.0,6930.0,7246.0,50432160.0,49806
2023-05-11 09:01:51,SM2306,SM2306,6976.0,13.0,90480.0,-6.0,26,6974.0,6978.0,15,7002.0,6950.0,6990.0,6930.0,7259.0,50522640.0,49800
2023-05-11 09:01:51,SM2306,SM2306,6978.0,30.0,208800.0,-12.0,13,6974.0,6978.0,17,7002.0,6950.0,6990.0,6930.0,7289.0,50731440.0,49788
2023-05-11 09:01:52,SM2306,SM2306,6976.0,11.0,76560.0,-4.0,21,6976.0,6978.0,5,7002.0,6950.0,6990.0,6930.0,7300.0,50808000.0,49784
2023-05-11 09:01:52,SM2306,SM2306,6976.0,3.0,20880.0,0.0,16,6976.0,6978.0,8,7002.0,6950.0,6990.0,6930.0,7303.0,50828880.0,49784
2023-05-11 09:01:53,SM2306,SM2306,6976.0,3.0,20880.0,1.0,13,6976.0,6978.0,9,7002.0,6950.0,6990.0,6930.0,7306.0,50849760.0,49785
2023-05-11 09:01:53,SM2306,SM2306,6976.0,0.0,0.0,0.0,13,6976.0,6978.0,11,7002.0,6950.0,6990.0,6930.0,7306.0,50849760.0,49785
2023-05-11 09:01:53,SM2306,SM2306,6976.0,0.0,0.0,0.0,13,6976.0,6978.0,12,7002.0,6950.0,6990.0,6930.0,7306.0,50849760.0,49785
2023-05-11 09:01:54,SM2306,SM2306,6978.0,7.0,48720.0,2.0,12,6976.0,6978.0,7,7002.0,6950.0,6990.0,6930.0,7313.0,50898480.0,49787
2023-05-11 09:01:55,SM2306,SM2306,6978.0,13.0,90480.0,1.0,2,6978.0,6980.0,7,7002.0,6950.0,6990.0,6930.0,7326.0,50988960.0,49788
2023-05-11 09:01:55,SM2306,SM2306,6978.0,7.0,48720.0,7.0,13,6978.0,6980.0,4,7002.0,6950.0,6990.0,6930.0,7333.0,51037680.0,49795
2023-05-11 09:01:56,SM2306,SM2306,6978.0,27.0,187920.0,-4.0,8,6976.0,6978.0,2,7002.0,6950.0,6990.0,6930.0,7360.0,51225600.0,49791
2023-05-11 09:01:56,SM2306,SM2306,6976.0,1.0,6960.0,-1.0,2,6976.0,6978.0,15,7002.0,6950.0,6990.0,6930.0,7361.0,51232560.0,49790
2023-05-11 09:01:57,SM2306,SM2306,6976.0,0.0,0.0,0.0,4,6976.0,6978.0,13,7002.0,6950.0,6990.0,6930.0,7361.0,51232560.0,49790
2023-05-11 09:01:57,SM2306,SM2306,6976.0,1.0,6960.0,1.0,3,6976.0,6978.0,13,7002.0,6950.0,6990.0,6930.0,7362.0,51239520.0,49791
2023-05-11 09:01:57,SM2306,SM2306,6976.0,1.0,6960.0,1.0,2,6976.0,6978.0,13,7002.0,6950.0,6990.0,6930.0,7363.0,51246480.0,49792
2023-05-11 09:01:59,SM2306,SM2306,6976.0,2.0,13920.0,1.0,29,6974.0,6978.0,13,7002.0,6950.0,6990.0,6930.0,7365.0,51260400.0,49793
2023-05-11 09:01:59,SM2306,SM2306,6976.0,1.0,6960.0,-1.0,3,6976.0,6978.0,13,7002.0,6950.0,6990.0,6930.0,7366.0,51267360.0,49792
2023-05-11 09:02:00,SM2306,SM2306,6976.0,3.0,20880.0,0.0,1,6976.0,6978.0,16,7002.0,6950.0,6990.0,6930.0,7369.0,51288240.0,49792
2023-05-11 09:02:00,SM2306,SM2306,6976.0,1.0,6960.0,1.0,26,6974.0,6978.0,16,7002.0,6950.0,6990.0,6930.0,7370.0,51295200.0,49793
2023-05-11 09:02:01,SM2306,SM2306,6976.0,0.0,0.0,0.0,24,6974.0,6976.0,11,7002.0,6950.0,6990.0,6930.0,7370.0,51295200.0,49793
2023-05-11 09:02:01,SM2306,SM2306,6974.0,20.0,139200.0,18.0,2,6974.0,6976.0,13,7002.0,6950.0,6990.0,6930.0,7390.0,51434400.0,49811
2023-05-11 09:02:02,SM2306,SM2306,6976.0,4.0,27840.0,-1.0,1,6974.0,6976.0,12,7002.0,6950.0,6990.0,6930.0,7394.0,51462240.0,49810
2023-05-11 09:02:02,SM2306,SM2306,6976.0,0.0,0.0,0.0,9,6974.0,6976.0,6,7002.0,6950.0,6990.0,6930.0,7394.0,51462240.0,49810
2023-05-11 09:02:03,SM2306,SM2306,6976.0,7.0,48720.0,2.0,2,6976.0,6978.0,11,7002.0,6950.0,6990.0,6930.0,7401.0,51510960.0,49812
2023-05-11 09:02:03,SM2306,SM2306,6978.0,11.0,76560.0,8.0,14,6976.0,6980.0,34,7002.0,6950.0,6990.0,6930.0,7412.0,51587520.0,49820
2023-05-11 09:02:04,SM2306,SM2306,6976.0,2.0,13920.0,2.0,11,6976.0,6978.0,5,7002.0,6950.0,6990.0,6930.0,7414.0,51601440.0,49822
2023-05-11 09:02:04,SM2306,SM2306,6978.0,11.0,76560.0,4.0,8,6976.0,6978.0,1,7002.0,6950.0,6990.0,6930.0,7425.0,51678000.0,49826
2023-05-11 09:02:05,SM2306,SM2306,6978.0,0.0,0.0,0.0,33,6976.0,6978.0,8,7002.0,6950.0,6990.0,6930.0,7425.0,51678000.0,49826
2023-05-11 09:02:05,SM2306,SM2306,6978.0,10.0,69600.0,-3.0,33,6976.0,6978.0,2,7002.0,6950.0,6990.0,6930.0,7435.0,51747600.0,49823
2023-05-11 09:02:06,SM2306,SM2306,6978.0,7.0,48720.0,-1.0,2,6978.0,6980.0,25,7002.0,6950.0,6990.0,6930.0,7442.0,51796320.0,49822
2023-05-11 09:02:06,SM2306,SM2306,6976.0,6.0,41760.0,-2.0,5,6978.0,6980.0,24,7002.0,6950.0,6990.0,6930.0,7448.0,51838080.0,49820
2023-05-11 09:02:07,SM2306,SM2306,6976.0,0.0,0.0,0.0,20,6978.0,6980.0,19,7002.0,6950.0,6990.0,6930.0,7448.0,51838080.0,49820
2023-05-11 09:02:07,SM2306,SM2306,6978.0,1.0,6960.0,0.0,19,6978.0,6980.0,8,7002.0,6950.0,6990.0,6930.0,7449.0,51845040.0,49820
2023-05-11 09:02:08,SM2306,SM2306,6980.0,9.0,62640.0,0.0,20,6978.0,6982.0,34,7002.0,6950.0,6990.0,6930.0,7458.0,51907680.0,49820
2023-05-11 09:02:08,SM2306,SM2306,6982.0,12.0,83520.0,4.0,4,6982.0,6984.0,32,7002.0,6950.0,6990.0,6930.0,7470.0,51991200.0,49824
2023-05-11 09:02:09,SM2306,SM2306,6982.0,1.0,6960.0,1.0,5,6982.0,6984.0,19,7002.0,6950.0,6990.0,6930.0,7471.0,51998160.0,49825
2023-05-11 09:02:09,SM2306,SM2306,6984.0,16.0,111360.0,0.0,18,6980.0,6984.0,19,7002.0,6950.0,6990.0,6930.0,7487.0,52109520.0,49825
2023-05-11 09:02:10,SM2306,SM2306,6980.0,1.0,6960.0,-1.0,11,6980.0,6982.0,5,7002.0,6950.0,6990.0,6930.0,7488.0,52116480.0,49824
2023-05-11 09:02:10,SM2306,SM2306,6982.0,5.0,34800.0,2.0,17,6980.0,6984.0,24,7002.0,6950.0,6990.0,6930.0,7493.0,52151280.0,49826
2023-05-11 09:02:10,SM2306,SM2306,6982.0,0.0,0.0,0.0,18,6980.0,6984.0,24,7002.0,6950.0,6990.0,6930.0,7493.0,52151280.0,49826
2023-05-11 09:02:11,SM2306,SM2306,6982.0,21.0,146160.0,8.0,12,6982.0,6986.0,51,7002.0,6950.0,6990.0,6930.0,7514.0,52297440.0,49834
2023-05-11 09:02:12,SM2306,SM2306,6982.0,1.0,6960.0,0.0,15,6982.0,6986.0,46,7002.0,6950.0,6990.0,6930.0,7515.0,52304400.0,49834
2023-05-11 09:02:12,SM2306,SM2306,6982.0,3.0,20880.0,0.0,5,6984.0,6986.0,23,7002.0,6950.0,6990.0,6930.0,7518.0,52325280.0,49834
2023-05-11 09:02:13,SM2306,SM2306,6986.0,22.0,153120.0,18.0,31,6984.0,6988.0,17,7002.0,6950.0,6990.0,6930.0,7540.0,52478400.0,49852
2023-05-11 09:02:13,SM2306,SM2306,6986.0,2.0,13920.0,0.0,5,6986.0,6988.0,12,7002.0,6950.0,6990.0,6930.0,7542.0,52492320.0,49852
2023-05-11 09:02:14,SM2306,SM2306,6986.0,4.0,27840.0,-4.0,32,6984.0,6986.0,3,7002.0,6950.0,6990.0,6930.0,7546.0,52520160.0,49848
2023-05-11 09:02:14,SM2306,SM2306,6986.0,0.0,0.0,0.0,27,6984.0,6986.0,3,7002.0,6950.0,6990.0,6930.0,7546.0,52520160.0,49848
2023-05-11 09:02:15,SM2306,SM2306,6986.0,3.0,20880.0,2.0,20,6986.0,6988.0,10,7002.0,6950.0,6990.0,6930.0,7549.0,52541040.0,49850
2023-05-11 09:02:15,SM2306,SM2306,6990.0,9.0,77756.0,1.0,1,6988.0,6990.0,43,7002.0,6950.0,6990.0,6930.0,7558.0,52618796.0,49851
2023-05-11 09:02:16,SM2306,SM2306,6988.0,50.0,348100.0,12.0,18,6988.0,6992.0,21,7002.0,6950.0,6992.0,6930.0,7608.0,52966896.0,49863
2023-05-11 09:02:16,SM2306,SM2306,6988.0,20.0,139240.0,-3.0,25,6986.0,6988.0,1,7002.0,6950.0,6992.0,6930.0,7628.0,53106136.0,49860
2023-05-11 09:02:17,SM2306,SM2306,6988.0,3.0,20886.0,-1.0,16,6986.0,6988.0,14,7002.0,6950.0,6992.0,6930.0,7631.0,53127022.0,49859
2023-05-11 09:02:17,SM2306,SM2306,6988.0,3.0,20886.0,0.0,15,6986.0,6988.0,9,7002.0,6950.0,6992.0,6930.0,7634.0,53147908.0,49859
2023-05-11 09:02:18,SM2306,SM2306,6988.0,8.0,55696.0,5.0,2,6988.0,6990.0,21,7002.0,6950.0,6992.0,6930.0,7642.0,53203604.0,49864
2023-05-11 09:02:18,SM2306,SM2306,6988.0,2.0,13924.0,0.0,13,6988.0,6990.0,10,7002.0,6950.0,6992.0,6930.0,7644.0,53217528.0,49864
2023-05-11 09:02:19,SM2306,SM2306,6988.0,14.0,97468.0,-1.0,4,6988.0,6990.0,11,7002.0,6950.0,6992.0,6930.0,7658.0,53314996.0,49863
2023-05-11 09:02:19,SM2306,SM2306,6988.0,0.0,0.0,0.0,6,6988.0,6990.0,13,7002.0,6950.0,6992.0,6930.0,7658.0,53314996.0,49863
2023-05-11 09:02:20,SM2306,SM2306,6988.0,7.0,48734.0,-4.0,19,6986.0,6990.0,16,7002.0,6950.0,6992.0,6930.0,7665.0,53363730.0,49859
2023-05-11 09:02:20,SM2306,SM2306,6988.0,2.0,13924.0,0.0,13,6986.0,6988.0,11,7002.0,6950.0,6992.0,6930.0,7667.0,53377654.0,49859
2023-05-11 09:02:21,SM2306,SM2306,6990.0,16.0,111392.0,5.0,7,6988.0,6990.0,13,7002.0,6950.0,6992.0,6930.0,7683.0,53489046.0,49864
2023-05-11 09:02:21,SM2306,SM2306,6988.0,2.0,13924.0,0.0,10,6988.0,6990.0,6,7002.0,6950.0,6992.0,6930.0,7685.0,53502970.0,49864
2023-05-11 09:02:22,SM2306,SM2306,6990.0,2.0,13924.0,2.0,11,6988.0,6990.0,4,7002.0,6950.0,6992.0,6930.0,7687.0,53516894.0,49866
2023-05-11 09:02:23,SM2306,SM2306,6990.0,8.0,55696.0,-1.0,11,6988.0,6990.0,3,7002.0,6950.0,6992.0,6930.0,7695.0,53572590.0,49865
2023-05-11 09:02:23,SM2306,SM2306,6990.0,0.0,0.0,0.0,16,6988.0,6990.0,2,7002.0,6950.0,6992.0,6930.0,7695.0,53572590.0,49865
2023-05-11 09:02:24,SM2306,SM2306,6990.0,3.0,20886.0,0.0,24,6988.0,6992.0,21,7002.0,6950.0,6992.0,6930.0,7698.0,53593476.0,49865
2023-05-11 09:02:24,SM2306,SM2306,6990.0,4.0,27848.0,0.0,8,6990.0,6992.0,37,7002.0,6950.0,6992.0,6930.0,7702.0,53621324.0,49865
2023-05-11 09:02:25,SM2306,SM2306,6992.0,15.0,104430.0,3.0,26,6988.0,6992.0,29,7002.0,6950.0,6992.0,6930.0,7717.0,53725754.0,49868
2023-05-11 09:02:25,SM2306,SM2306,6992.0,1.0,6962.0,-1.0,27,6988.0,6992.0,28,7002.0,6950.0,6992.0,6930.0,7718.0,53732716.0,49867
2023-05-11 09:02:25,SM2306,SM2306,6992.0,1.0,6962.0,-1.0,27,6988.0,6992.0,27,7002.0,6950.0,6992.0,6930.0,7719.0,53739678.0,49866
2023-05-11 09:02:26,SM2306,SM2306,6990.0,8.0,55696.0,-2.0,4,6990.0,6992.0,27,7002.0,6950.0,6992.0,6930.0,7727.0,53795374.0,49864
2023-05-11 09:02:27,SM2306,SM2306,6992.0,5.0,34810.0,0.0,6,6990.0,6992.0,8,7002.0,6950.0,6992.0,6930.0,7732.0,53830184.0,49864
2023-05-11 09:02:27,SM2306,SM2306,6992.0,3.0,20886.0,-3.0,16,6990.0,6992.0,9,7002.0,6950.0,6992.0,6930.0,7735.0,53851070.0,49861
2023-05-11 09:02:28,SM2306,SM2306,6994.0,14.0,97468.0,-7.0,14,6992.0,6994.0,8,7002.0,6950.0,6994.0,6930.0,7749.0,53948538.0,49854
2023-05-11 09:02:28,SM2306,SM2306,6994.0,31.0,215822.0,-14.0,2,6994.0,6996.0,11,7002.0,6950.0,6998.0,6930.0,7780.0,54164360.0,49840
2023-05-11 09:02:29,SM2306,SM2306,6994.0,17.0,118354.0,1.0,18,6992.0,6994.0,7,7002.0,6950.0,6998.0,6930.0,7797.0,54282714.0,49841
2023-05-11 09:02:29,SM2306,SM2306,6992.0,13.0,90506.0,-11.0,20,6990.0,6994.0,13,7002.0,6950.0,6998.0,6930.0,7810.0,54373220.0,49830
2023-05-11 09:02:30,SM2306,SM2306,6990.0,6.0,41772.0,-2.0,15,6990.0,6994.0,14,7002.0,6950.0,6998.0,6930.0,7816.0,54414992.0,49828
2023-05-11 09:02:30,SM2306,SM2306,6990.0,1.0,6962.0,0.0,16,6990.0,6992.0,9,7002.0,6950.0,6998.0,6930.0,7817.0,54421954.0,49828
2023-05-11 09:02:31,SM2306,SM2306,6990.0,1.0,6962.0,0.0,15,6990.0,6992.0,8,7002.0,6950.0,6998.0,6930.0,7818.0,54428916.0,49828
2023-05-11 09:02:31,SM2306,SM2306,6990.0,0.0,0.0,0.0,16,6990.0,6992.0,10,7002.0,6950.0,6998.0,6930.0,7818.0,54428916.0,49828
2023-05-11 09:02:32,SM2306,SM2306,6990.0,0.0,0.0,0.0,18,6990.0,6992.0,10,7002.0,6950.0,6998.0,6930.0,7818.0,54428916.0,49828
2023-05-11 09:02:32,SM2306,SM2306,6990.0,0.0,0.0,0.0,18,6990.0,6992.0,13,7002.0,6950.0,6998.0,6930.0,7818.0,54428916.0,49828
2023-05-11 09:02:33,SM2306,SM2306,6990.0,53.0,368986.0,-23.0,16,6990.0,6994.0,15,7002.0,6950.0,6998.0,6930.0,7871.0,54797902.0,49805
2023-05-11 09:02:33,SM2306,SM2306,6992.0,7.0,48734.0,0.0,15,6990.0,6992.0,12,7002.0,6950.0,6998.0,6930.0,7878.0,54846636.0,49805
2023-05-11 09:02:34,SM2306,SM2306,6992.0,3.0,20886.0,1.0,13,6990.0,6992.0,11,7002.0,6950.0,6998.0,6930.0,7881.0,54867522.0,49806
2023-05-11 09:02:35,SM2306,SM2306,6992.0,31.0,215822.0,1.0,12,6990.0,6992.0,1,7002.0,6950.0,6998.0,6930.0,7912.0,55083344.0,49807
2023-05-11 09:02:35,SM2306,SM2306,6992.0,9.0,62658.0,-1.0,4,6992.0,6994.0,16,7002.0,6950.0,6998.0,6930.0,7921.0,55146002.0,49806
2023-05-11 09:02:36,SM2306,SM2306,6992.0,1.0,6962.0,0.0,13,6992.0,6994.0,14,7002.0,6950.0,6998.0,6930.0,7922.0,55152964.0,49806
2023-05-11 09:02:36,SM2306,SM2306,6992.0,4.0,27848.0,-3.0,13,6992.0,6994.0,17,7002.0,6950.0,6998.0,6930.0,7926.0,55180812.0,49803
2023-05-11 09:02:37,SM2306,SM2306,6994.0,12.0,83544.0,5.0,13,6992.0,6994.0,4,7002.0,6950.0,6998.0,6930.0,7938.0,55264356.0,49808
2023-05-11 09:02:37,SM2306,SM2306,6992.0,2.0,13924.0,1.0,23,6992.0,6994.0,5,7002.0,6950.0,6998.0,6930.0,7940.0,55278280.0,49809
2023-05-11 09:02:38,SM2306,SM2306,6992.0,1.0,6962.0,1.0,31,6992.0,6994.0,5,7002.0,6950.0,6998.0,6930.0,7941.0,55285242.0,49810
2023-05-11 09:02:38,SM2306,SM2306,6994.0,2.0,13924.0,-1.0,31,6992.0,6994.0,4,7002.0,6950.0,6998.0,6930.0,7943.0,55299166.0,49809
2023-05-11 09:02:39,SM2306,SM2306,6994.0,4.0,27848.0,-1.0,8,6994.0,6996.0,30,7002.0,6950.0,6998.0,6930.0,7947.0,55327014.0,49808
2023-05-11 09:02:39,SM2306,SM2306,6994.0,3.0,20886.0,0.0,6,6994.0,6996.0,26,7002.0,6950.0,6998.0,6930.0,7950.0,55347900.0,49808
2023-05-11 09:02:40,SM2306,SM2306,6994.0,12.0,83544.0,12.0,19,6994.0,6996.0,19,7002.0,6950.0,6998.0,6930.0,7962.0,55431444.0,49820
2023-05-11 09:02:40,SM2306,SM2306,6996.0,10.0,69620.0,-8.0,19,6994.0,6996.0,8,7002.0,6950.0,6998.0,6930.0,7972.0,55501064.0,49812
2023-05-11 09:02:41,SM2306,SM2306,6996.0,5.0,34810.0,4.0,31,6994.0,6996.0,4,7002.0,6950.0,6998.0,6930.0,7977.0,55535874.0,49816
2023-05-11 09:02:41,SM2306,SM2306,6994.0,1.0,6962.0,1.0,33,6994.0,6996.0,7,7002.0,6950.0,6998.0,6930.0,7978.0,55542836.0,49817
2023-05-11 09:02:41,SM2306,SM2306,6994.0,3.0,20886.0,3.0,41,6994.0,6996.0,7,7002.0,6950.0,6998.0,6930.0,7981.0,55563722.0,49820
2023-05-11 09:02:42,SM2306,SM2306,6994.0,0.0,0.0,0.0,48,6994.0,6996.0,7,7002.0,6950.0,6998.0,6930.0,7981.0,55563722.0,49820
2023-05-11 09:02:43,SM2306,SM2306,6996.0,4.0,27848.0,-2.0,46,6994.0,6996.0,6,7002.0,6950.0,6998.0,6930.0,7985.0,55591570.0,49818
2023-05-11 09:02:43,SM2306,SM2306,6996.0,0.0,0.0,0.0,45,6994.0,6996.0,6,7002.0,6950.0,6998.0,6930.0,7985.0,55591570.0,49818
2023-05-11 09:02:44,SM2306,SM2306,6996.0,47.0,327214.0,-2.0,56,6992.0,6996.0,58,7002.0,6950.0,6998.0,6930.0,8032.0,55918784.0,49816
2023-05-11 09:02:44,SM2306,SM2306,6996.0,11.0,76582.0,2.0,11,6994.0,6996.0,50,7002.0,6950.0,6998.0,6930.0,8043.0,55995366.0,49818
2023-05-11 09:02:45,SM2306,SM2306,6994.0,7.0,48734.0,0.0,10,6994.0,6996.0,47,7002.0,6950.0,6998.0,6930.0,8050.0,56044100.0,49818
2023-05-11 09:02:45,SM2306,SM2306,6992.0,20.0,139240.0,-8.0,49,6992.0,6996.0,51,7002.0,6950.0,6998.0,6930.0,8070.0,56183340.0,49810
2023-05-11 09:02:46,SM2306,SM2306,6994.0,1.0,23104.0,0.0,34,6992.0,6994.0,4,7002.0,6950.0,6998.0,6930.0,8071.0,56206444.0,49810
2023-05-11 09:02:46,SM2306,SM2306,6994.0,0.0,0.0,0.0,32,6992.0,6994.0,7,7002.0,6950.0,6998.0,6930.0,8071.0,56206444.0,49810
2023-05-11 09:02:47,SM2306,SM2306,6992.0,30.0,208920.0,0.0,28,6990.0,6994.0,9,7002.0,6950.0,6998.0,6930.0,8101.0,56415364.0,49810
2023-05-11 09:02:47,SM2306,SM2306,6994.0,3.0,20892.0,-2.0,27,6990.0,6994.0,10,7002.0,6950.0,6998.0,6930.0,8104.0,56436256.0,49808
2023-05-11 09:02:48,SM2306,SM2306,6994.0,0.0,0.0,0.0,27,6990.0,6994.0,11,7002.0,6950.0,6998.0,6930.0,8104.0,56436256.0,49808
2023-05-11 09:02:48,SM2306,SM2306,6994.0,0.0,0.0,0.0,1,6992.0,6994.0,14,7002.0,6950.0,6998.0,6930.0,8104.0,56436256.0,49808
2023-05-11 09:02:49,SM2306,SM2306,6994.0,15.0,104460.0,12.0,4,6992.0,6994.0,3,7002.0,6950.0,6998.0,6930.0,8119.0,56540716.0,49820
2023-05-11 09:02:49,SM2306,SM2306,6992.0,2.0,13928.0,-1.0,10,6992.0,6994.0,12,7002.0,6950.0,6998.0,6930.0,8121.0,56554644.0,49819
2023-05-11 09:02:50,SM2306,SM2306,6992.0,3.0,20892.0,1.0,9,6992.0,6994.0,9,7002.0,6950.0,6998.0,6930.0,8124.0,56575536.0,49820
2023-05-11 09:02:50,SM2306,SM2306,6992.0,0.0,0.0,0.0,9,6992.0,6994.0,12,7002.0,6950.0,6998.0,6930.0,8124.0,56575536.0,49820
2023-05-11 09:02:51,SM2306,SM2306,6992.0,5.0,34820.0,-1.0,24,6990.0,6994.0,15,7002.0,6950.0,6998.0,6930.0,8129.0,56610356.0,49819
2023-05-11 09:02:51,SM2306,SM2306,6992.0,0.0,0.0,0.0,5,6992.0,6994.0,11,7002.0,6950.0,6998.0,6930.0,8129.0,56610356.0,49819
2023-05-11 09:02:52,SM2306,SM2306,6992.0,0.0,0.0,0.0,17,6992.0,6994.0,10,7002.0,6950.0,6998.0,6930.0,8129.0,56610356.0,49819
2023-05-11 09:02:52,SM2306,SM2306,6992.0,0.0,0.0,0.0,17,6992.0,6994.0,8,7002.0,6950.0,6998.0,6930.0,8129.0,56610356.0,49819
2023-05-11 09:02:53,SM2306,SM2306,6994.0,3.0,20892.0,0.0,16,6992.0,6994.0,6,7002.0,6950.0,6998.0,6930.0,8132.0,56631248.0,49819
2023-05-11 09:02:53,SM2306,SM2306,6994.0,0.0,0.0,0.0,16,6992.0,6994.0,7,7002.0,6950.0,6998.0,6930.0,8132.0,56631248.0,49819
2023-05-11 09:02:54,SM2306,SM2306,6994.0,0.0,0.0,0.0,16,6992.0,6994.0,8,7002.0,6950.0,6998.0,6930.0,8132.0,56631248.0,49819
2023-05-11 09:02:54,SM2306,SM2306,6994.0,7.0,48748.0,-4.0,13,6994.0,6996.0,63,7002.0,6950.0,6998.0,6930.0,8139.0,56679996.0,49815
2023-05-11 09:02:55,SM2306,SM2306,6996.0,1.0,6964.0,-1.0,30,6994.0,6996.0,56,7002.0,6950.0,6998.0,6930.0,8140.0,56686960.0,49814
2023-05-11 09:02:55,SM2306,SM2306,6996.0,56.0,389984.0,12.0,11,6996.0,6998.0,25,7002.0,6950.0,6998.0,6930.0,8196.0,57076944.0,49826
2023-05-11 09:02:56,SM2306,SM2306,6996.0,5.0,34820.0,1.0,17,6996.0,6998.0,9,7002.0,6950.0,6998.0,6930.0,8201.0,57111764.0,49827
2023-05-11 09:02:56,SM2306,SM2306,6998.0,9.0,62676.0,4.0,17,6998.0,7000.0,523,7002.0,6950.0,6998.0,6930.0,8210.0,57174440.0,49831
2023-05-11 09:02:57,SM2306,SM2306,7000.0,518.0,3624808.0,187.0,79,7000.0,7002.0,14,7002.0,6950.0,7000.0,6930.0,8728.0,60799248.0,50018
2023-05-11 09:02:57,SM2306,SM2306,7004.0,41.0,285606.0,15.0,118,7004.0,7006.0,3,7002.0,6950.0,7006.0,6930.0,8769.0,61084854.0,50033
2023-05-11 09:02:58,SM2306,SM2306,7006.0,223.0,1553418.0,102.0,29,7004.0,7006.0,12,7002.0,6950.0,7008.0,6930.0,8992.0,62638272.0,50135
2023-05-11 09:02:58,SM2306,SM2306,7006.0,90.0,645104.0,51.0,15,7006.0,7008.0,15,7002.0,6950.0,7008.0,6930.0,9082.0,63283376.0,50186
2023-05-11 09:02:59,SM2306,SM2306,7004.0,27.0,188136.0,16.0,4,7004.0,7006.0,5,7002.0,6950.0,7008.0,6930.0,9109.0,63471512.0,50202
2023-05-11 09:02:59,SM2306,SM2306,7004.0,4.0,27872.0,0.0,24,7004.0,7006.0,12,7002.0,6950.0,7008.0,6930.0,9113.0,63499384.0,50202
2023-05-11 09:03:00,SM2306,SM2306,7004.0,29.0,202072.0,5.0,35,7002.0,7004.0,3,7002.0,6950.0,7008.0,6930.0,9142.0,63701456.0,50207
2023-05-11 09:03:00,SM2306,SM2306,7004.0,3.0,20904.0,-2.0,32,7002.0,7004.0,6,7002.0,6950.0,7008.0,6930.0,9145.0,63722360.0,50205
2023-05-11 09:03:01,SM2306,SM2306,7004.0,11.0,76648.0,-1.0,10,7004.0,7006.0,12,7002.0,6950.0,7008.0,6930.0,9156.0,63799008.0,50204
2023-05-11 09:03:01,SM2306,SM2306,7006.0,19.0,132392.0,8.0,19,7004.0,7006.0,2,7002.0,6950.0,7008.0,6930.0,9175.0,63931400.0,50212
2023-05-11 09:03:02,SM2306,SM2306,7006.0,11.0,76648.0,4.0,21,7004.0,7006.0,3,7002.0,6950.0,7008.0,6930.0,9186.0,64008048.0,50216
2023-05-11 09:03:02,SM2306,SM2306,7008.0,11.0,76648.0,4.0,16,7004.0,7008.0,12,7002.0,6950.0,7008.0,6930.0,9197.0,64084696.0,50220
2023-05-11 09:03:03,SM2306,SM2306,7006.0,15.0,104520.0,-5.0,21,7006.0,7008.0,1,7002.0,6950.0,7008.0,6930.0,9212.0,64189216.0,50215
2023-05-11 09:03:03,SM2306,SM2306,7008.0,12.0,83616.0,0.0,33,7008.0,7010.0,34,7002.0,6950.0,7008.0,6930.0,9224.0,64272832.0,50215
2023-05-11 09:03:04,SM2306,SM2306,7008.0,68.0,473824.0,41.0,34,7008.0,7012.0,16,7002.0,6950.0,7010.0,6930.0,9292.0,64746656.0,50256
2023-05-11 09:03:04,SM2306,SM2306,7010.0,13.0,90584.0,-5.0,4,7010.0,7012.0,7,7002.0,6950.0,7012.0,6930.0,9305.0,64837240.0,50251
2023-05-11 09:03:05,SM2306,SM2306,7010.0,61.0,425048.0,-17.0,1,7010.0,7012.0,10,7002.0,6950.0,7014.0,6930.0,9366.0,65262288.0,50234
2023-05-11 09:03:05,SM2306,SM2306,7006.0,69.0,480792.0,-18.0,25,7006.0,7008.0,31,7002.0,6950.0,7014.0,6930.0,9435.0,65743080.0,50216
2023-05-11 09:03:06,SM2306,SM2306,7006.0,41.0,304640.0,6.0,16,7004.0,7008.0,38,7002.0,6950.0,7014.0,6930.0,9476.0,66047720.0,50222
2023-05-11 09:03:06,SM2306,SM2306,7004.0,3.0,20910.0,-3.0,21,7006.0,7008.0,39,7002.0,6950.0,7014.0,6930.0,9479.0,66068630.0,50219
2023-05-11 09:03:07,SM2306,SM2306,7008.0,33.0,230010.0,12.0,5,7006.0,7008.0,20,7002.0,6950.0,7014.0,6930.0,9512.0,66298640.0,50231
2023-05-11 09:03:07,SM2306,SM2306,7006.0,10.0,69700.0,-4.0,8,7006.0,7008.0,19,7002.0,6950.0,7014.0,6930.0,9522.0,66368340.0,50227
2023-05-11 09:03:08,SM2306,SM2306,7006.0,0.0,0.0,0.0,10,7006.0,7008.0,19,7002.0,6950.0,7014.0,6930.0,9522.0,66368340.0,50227
2023-05-11 09:03:08,SM2306,SM2306,7008.0,24.0,167280.0,-3.0,14,7008.0,7010.0,7,7002.0,6950.0,7014.0,6930.0,9546.0,66535620.0,50224
2023-05-11 09:03:09,SM2306,SM2306,7008.0,6.0,41820.0,2.0,23,7008.0,7010.0,15,7002.0,6950.0,7014.0,6930.0,9552.0,66577440.0,50226
2023-05-11 09:03:09,SM2306,SM2306,7010.0,8.0,55760.0,6.0,21,7008.0,7010.0,10,7002.0,6950.0,7014.0,6930.0,9560.0,66633200.0,50232
2023-05-11 09:03:10,SM2306,SM2306,7008.0,22.0,153340.0,-2.0,28,7006.0,7008.0,17,7002.0,6950.0,7014.0,6930.0,9582.0,66786540.0,50230
2023-05-11 09:03:10,SM2306,SM2306,7008.0,23.0,160310.0,14.0,11,7006.0,7008.0,21,7002.0,6950.0,7014.0,6930.0,9605.0,66946850.0,50244
2023-05-11 09:03:11,SM2306,SM2306,7008.0,35.0,243950.0,-2.0,6,7006.0,7008.0,8,7002.0,6950.0,7014.0,6930.0,9640.0,67190800.0,50242
2023-05-11 09:03:11,SM2306,SM2306,7008.0,15.0,104550.0,-3.0,22,7006.0,7008.0,1,7002.0,6950.0,7014.0,6930.0,9655.0,67295350.0,50239
2023-05-11 09:03:12,SM2306,SM2306,7008.0,15.0,104550.0,-9.0,2,7006.0,7008.0,21,7002.0,6950.0,7014.0,6930.0,9670.0,67399900.0,50230
2023-05-11 09:03:12,SM2306,SM2306,7006.0,3.0,20910.0,3.0,16,7004.0,7006.0,6,7002.0,6950.0,7014.0,6930.0,9673.0,67420810.0,50233
2023-05-11 09:03:13,SM2306,SM2306,7008.0,7.0,48790.0,4.0,21,7004.0,7006.0,17,7002.0,6950.0,7014.0,6930.0,9680.0,67469600.0,50237
2023-05-11 09:03:13,SM2306,SM2306,7004.0,16.0,111520.0,5.0,9,7004.0,7006.0,19,7002.0,6950.0,7014.0,6930.0,9696.0,67581120.0,50242
2023-05-11 09:03:14,SM2306,SM2306,7006.0,2.0,13940.0,-2.0,8,7004.0,7006.0,17,7002.0,6950.0,7014.0,6930.0,9698.0,67595060.0,50240
2023-05-11 09:03:14,SM2306,SM2306,7006.0,0.0,0.0,0.0,8,7004.0,7006.0,19,7002.0,6950.0,7014.0,6930.0,9698.0,67595060.0,50240
2023-05-11 09:03:15,SM2306,SM2306,7004.0,8.0,55760.0,4.0,30,7002.0,7004.0,4,7002.0,6950.0,7014.0,6930.0,9706.0,67650820.0,50244
2023-05-11 09:03:15,SM2306,SM2306,7000.0,47.0,327590.0,-19.0,17,6998.0,7000.0,11,7002.0,6950.0,7014.0,6930.0,9753.0,67978410.0,50225
2023-05-11 09:03:16,SM2306,SM2306,7000.0,1.0,6970.0,0.0,15,6998.0,7000.0,12,7002.0,6950.0,7014.0,6930.0,9754.0,67985380.0,50225
2023-05-11 09:03:16,SM2306,SM2306,6998.0,2.0,13940.0,2.0,15,6998.0,7000.0,15,7002.0,6950.0,7014.0,6930.0,9756.0,67999320.0,50227
2023-05-11 09:03:18,SM2306,SM2306,6998.0,3.0,20910.0,0.0,11,6998.0,7000.0,12,7002.0,6950.0,7014.0,6930.0,9759.0,68020230.0,50227
2023-05-11 09:03:18,SM2306,SM2306,7000.0,25.0,174250.0,-2.0,12,7000.0,7002.0,30,7002.0,6950.0,7014.0,6930.0,9784.0,68194480.0,50225
2023-05-11 09:03:19,SM2306,SM2306,7000.0,12.0,83640.0,0.0,11,6998.0,7000.0,19,7002.0,6950.0,7014.0,6930.0,9796.0,68278120.0,50225
2023-05-11 09:03:19,SM2306,SM2306,7000.0,6.0,41820.0,-2.0,7,6998.0,7000.0,22,7002.0,6950.0,7014.0,6930.0,9802.0,68319940.0,50223
2023-05-11 09:03:20,SM2306,SM2306,6998.0,7.0,48790.0,-5.0,25,6996.0,6998.0,4,7002.0,6950.0,7014.0,6930.0,9809.0,68368730.0,50218
2023-05-11 09:03:20,SM2306,SM2306,6998.0,0.0,0.0,0.0,20,6996.0,6998.0,12,7002.0,6950.0,7014.0,6930.0,9809.0,68368730.0,50218
2023-05-11 09:03:21,SM2306,SM2306,6998.0,19.0,132430.0,-8.0,17,6994.0,6996.0,4,7002.0,6950.0,7014.0,6930.0,9828.0,68501160.0,50210
2023-05-11 09:03:21,SM2306,SM2306,6994.0,3.0,20910.0,0.0,12,6994.0,6996.0,5,7002.0,6950.0,7014.0,6930.0,9831.0,68522070.0,50210
2023-05-11 09:03:22,SM2306,SM2306,6994.0,3.0,20910.0,2.0,12,6994.0,6996.0,4,7002.0,6950.0,7014.0,6930.0,9834.0,68542980.0,50212
2023-05-11 09:03:23,SM2306,SM2306,6994.0,0.0,0.0,0.0,11,6994.0,6996.0,4,7002.0,6950.0,7014.0,6930.0,9834.0,68542980.0,50212
2023-05-11 09:03:23,SM2306,SM2306,6994.0,1.0,6970.0,0.0,12,6994.0,6996.0,4,7002.0,6950.0,7014.0,6930.0,9835.0,68549950.0,50212
2023-05-11 09:03:24,SM2306,SM2306,6994.0,1.0,6970.0,1.0,11,6994.0,6996.0,4,7002.0,6950.0,7014.0,6930.0,9836.0,68556920.0,50213
2023-05-11 09:03:24,SM2306,SM2306,6994.0,0.0,0.0,0.0,10,6994.0,6996.0,9,7002.0,6950.0,7014.0,6930.0,9836.0,68556920.0,50213
2023-05-11 09:03:25,SM2306,SM2306,6996.0,12.0,83640.0,3.0,18,6996.0,6998.0,19,7002.0,6950.0,7014.0,6930.0,9848.0,68640560.0,50216
2023-05-11 09:03:25,SM2306,SM2306,6998.0,13.0,90610.0,-10.0,20,6996.0,7000.0,38,7002.0,6950.0,7014.0,6930.0,9861.0,68731170.0,50206
2023-05-11 09:03:26,SM2306,SM2306,7000.0,50.0,348500.0,-22.0,26,6998.0,7002.0,68,7002.0,6950.0,7014.0,6930.0,9911.0,69079670.0,50184
2023-05-11 09:03:26,SM2306,SM2306,6998.0,6.0,41820.0,3.0,20,6998.0,7000.0,16,7002.0,6950.0,7014.0,6930.0,9917.0,69121490.0,50187
2023-05-11 09:03:27,SM2306,SM2306,6998.0,0.0,0.0,0.0,20,6998.0,7000.0,18,7002.0,6950.0,7014.0,6930.0,9917.0,69121490.0,50187
2023-05-11 09:03:27,SM2306,SM2306,7000.0,2.0,13940.0,2.0,20,6998.0,7000.0,12,7002.0,6950.0,7014.0,6930.0,9919.0,69135430.0,50189
2023-05-11 09:03:27,SM2306,SM2306,6998.0,2.0,13940.0,2.0,18,6998.0,7000.0,10,7002.0,6950.0,7014.0,6930.0,9921.0,69149370.0,50191
2023-05-11 09:03:28,SM2306,SM2306,6998.0,0.0,0.0,0.0,18,6998.0,7000.0,11,7002.0,6950.0,7014.0,6930.0,9921.0,69149370.0,50191
2023-05-11 09:03:29,SM2306,SM2306,7000.0,11.0,76670.0,2.0,22,6998.0,7002.0,42,7002.0,6950.0,7014.0,6930.0,9932.0,69226040.0,50193
2023-05-11 09:03:29,SM2306,SM2306,7000.0,0.0,0.0,0.0,25,6998.0,7000.0,2,7002.0,6950.0,7014.0,6930.0,9932.0,69226040.0,50193
2023-05-11 09:03:30,SM2306,SM2306,7002.0,6.0,41820.0,-2.0,27,6998.0,7002.0,40,7002.0,6950.0,7014.0,6930.0,9938.0,69267860.0,50191
2023-05-11 09:03:30,SM2306,SM2306,6998.0,2.0,13940.0,2.0,25,6998.0,7002.0,40,7002.0,6950.0,7014.0,6930.0,9940.0,69281800.0,50193
2023-05-11 09:03:31,SM2306,SM2306,7000.0,2.0,13940.0,2.0,25,6998.0,7002.0,52,7002.0,6950.0,7014.0,6930.0,9942.0,69295740.0,50195
2023-05-11 09:03:31,SM2306,SM2306,6998.0,8.0,55760.0,7.0,20,6998.0,7002.0,49,7002.0,6950.0,7014.0,6930.0,9950.0,69351500.0,50202
2023-05-11 09:03:32,SM2306,SM2306,7000.0,8.0,55760.0,2.0,11,6998.0,7000.0,15,7002.0,6950.0,7014.0,6930.0,9958.0,69407260.0,50204
2023-05-11 09:03:32,SM2306,SM2306,6998.0,14.0,97580.0,-3.0,3,6998.0,7000.0,15,7002.0,6950.0,7014.0,6930.0,9972.0,69504840.0,50201
2023-05-11 09:03:33,SM2306,SM2306,7000.0,4.0,27880.0,-1.0,19,6998.0,7000.0,32,7002.0,6950.0,7014.0,6930.0,9976.0,69532720.0,50200
2023-05-11 09:03:33,SM2306,SM2306,7000.0,2.0,13940.0,-2.0,20,6998.0,7000.0,30,7002.0,6950.0,7014.0,6930.0,9978.0,69546660.0,50198
2023-05-11 09:03:34,SM2306,SM2306,7000.0,0.0,0.0,0.0,20,6998.0,7000.0,8,7002.0,6950.0,7014.0,6930.0,9978.0,69546660.0,50198
2023-05-11 09:03:35,SM2306,SM2306,7000.0,6.0,41820.0,1.0,21,6998.0,7000.0,7,7002.0,6950.0,7014.0,6930.0,9984.0,69588480.0,50199
2023-05-11 09:03:35,SM2306,SM2306,6998.0,6.0,41820.0,6.0,15,6998.0,7000.0,10,7002.0,6950.0,7014.0,6930.0,9990.0,69630300.0,50205
2023-05-11 09:03:36,SM2306,SM2306,6998.0,1.0,6970.0,1.0,12,6998.0,7000.0,12,7002.0,6950.0,7014.0,6930.0,9991.0,69637270.0,50206
2023-05-11 09:03:36,SM2306,SM2306,6998.0,12.0,83640.0,-2.0,42,6996.0,7000.0,14,7002.0,6950.0,7014.0,6930.0,10003.0,69720910.0,50204
2023-05-11 09:03:37,SM2306,SM2306,7000.0,3.0,20910.0,2.0,38,6996.0,7000.0,20,7002.0,6950.0,7014.0,6930.0,10006.0,69741820.0,50206
2023-05-11 09:03:37,SM2306,SM2306,6998.0,1.0,6970.0,0.0,5,6998.0,7000.0,22,7002.0,6950.0,7014.0,6930.0,10007.0,69748790.0,50206
2023-05-11 09:03:38,SM2306,SM2306,7000.0,18.0,125460.0,-1.0,20,7000.0,7002.0,57,7002.0,6950.0,7014.0,6930.0,10025.0,69874250.0,50205
2023-05-11 09:03:38,SM2306,SM2306,7000.0,5.0,34850.0,-3.0,15,7000.0,7002.0,23,7002.0,6950.0,7014.0,6930.0,10030.0,69909100.0,50202
2023-05-11 09:03:39,SM2306,SM2306,7000.0,1.0,6970.0,-1.0,14,7000.0,7002.0,19,7002.0,6950.0,7014.0,6930.0,10031.0,69916070.0,50201
2023-05-11 09:03:39,SM2306,SM2306,7000.0,2.0,13940.0,0.0,12,7000.0,7002.0,19,7002.0,6950.0,7014.0,6930.0,10033.0,69930010.0,50201
2023-05-11 09:03:40,SM2306,SM2306,7000.0,0.0,0.0,0.0,14,7000.0,7002.0,21,7002.0,6950.0,7014.0,6930.0,10033.0,69930010.0,50201
2023-05-11 09:03:40,SM2306,SM2306,7000.0,0.0,0.0,0.0,14,7000.0,7002.0,19,7002.0,6950.0,7014.0,6930.0,10033.0,69930010.0,50201
2023-05-11 09:03:42,SM2306,SM2306,7000.0,14.0,97580.0,-13.0,16,6998.0,7000.0,1,7002.0,6950.0,7014.0,6930.0,10047.0,70027590.0,50188
2023-05-11 09:03:42,SM2306,SM2306,7000.0,4.0,27880.0,0.0,15,7000.0,7002.0,59,7002.0,6950.0,7014.0,6930.0,10051.0,70055470.0,50188
2023-05-11 09:03:43,SM2306,SM2306,7000.0,54.0,396590.0,54.0,16,7000.0,7002.0,20,7002.0,6950.0,7014.0,6930.0,10105.0,70452060.0,50242
2023-05-11 09:03:43,SM2306,SM2306,7004.0,36.0,250992.0,14.0,20,7000.0,7004.0,27,7002.0,6950.0,7014.0,6930.0,10141.0,70703052.0,50256
2023-05-11 09:03:44,SM2306,SM2306,7002.0,9.0,62748.0,6.0,2,7002.0,7004.0,26,7002.0,6950.0,7014.0,6930.0,10150.0,70765800.0,50262
2023-05-11 09:03:44,SM2306,SM2306,7004.0,8.0,55776.0,0.0,16,7000.0,7004.0,17,7002.0,6950.0,7014.0,6930.0,10158.0,70821576.0,50262
2023-05-11 09:03:45,SM2306,SM2306,7002.0,3.0,20916.0,-1.0,16,7000.0,7004.0,22,7002.0,6950.0,7014.0,6930.0,10161.0,70842492.0,50261
2023-05-11 09:03:45,SM2306,SM2306,7002.0,2.0,13944.0,0.0,1,7002.0,7004.0,17,7002.0,6950.0,7014.0,6930.0,10163.0,70856436.0,50261
2023-05-11 09:03:45,SM2306,SM2306,7000.0,2.0,13944.0,1.0,16,7000.0,7004.0,18,7002.0,6950.0,7014.0,6930.0,10165.0,70870380.0,50262
2023-05-11 09:03:46,SM2306,SM2306,7000.0,0.0,0.0,0.0,17,7000.0,7004.0,18,7002.0,6950.0,7014.0,6930.0,10165.0,70870380.0,50262
2023-05-11 09:03:47,SM2306,SM2306,7002.0,5.0,34860.0,1.0,13,7000.0,7002.0,2,7002.0,6950.0,7014.0,6930.0,10170.0,70905240.0,50263
2023-05-11 09:03:48,SM2306,SM2306,7000.0,13.0,90636.0,-10.0,27,6998.0,7000.0,2,7002.0,6950.0,7014.0,6930.0,10183.0,70995876.0,50253
2023-05-11 09:03:48,SM2306,SM2306,7000.0,2.0,13944.0,0.0,21,6998.0,7000.0,6,7002.0,6950.0,7014.0,6930.0,10185.0,71009820.0,50253
2023-05-11 09:03:49,SM2306,SM2306,7000.0,1.0,6972.0,0.0,21,6998.0,7000.0,5,7002.0,6950.0,7014.0,6930.0,10186.0,71016792.0,50253
2023-05-11 09:03:49,SM2306,SM2306,7000.0,1.0,6972.0,0.0,21,6998.0,7000.0,4,7002.0,6950.0,7014.0,6930.0,10187.0,71023764.0,50253
2023-05-11 09:03:50,SM2306,SM2306,7000.0,2.0,13944.0,-1.0,23,6998.0,7000.0,2,7002.0,6950.0,7014.0,6930.0,10189.0,71037708.0,50252
2023-05-11 09:03:50,SM2306,SM2306,7000.0,0.0,0.0,0.0,23,6998.0,7000.0,13,7002.0,6950.0,7014.0,6930.0,10189.0,71037708.0,50252
2023-05-11 09:03:51,SM2306,SM2306,6998.0,15.0,104580.0,2.0,14,6998.0,7000.0,9,7002.0,6950.0,7014.0,6930.0,10204.0,71142288.0,50254
2023-05-11 09:03:52,SM2306,SM2306,7000.0,18.0,125496.0,4.0,17,6996.0,6998.0,15,7002.0,6950.0,7014.0,6930.0,10222.0,71267784.0,50258
2023-05-11 09:03:52,SM2306,SM2306,6998.0,1.0,6972.0,0.0,16,6996.0,6998.0,16,7002.0,6950.0,7014.0,6930.0,10223.0,71274756.0,50258
2023-05-11 09:03:53,SM2306,SM2306,6998.0,26.0,181272.0,18.0,16,6996.0,7000.0,17,7002.0,6950.0,7014.0,6930.0,10249.0,71456028.0,50276
2023-05-11 09:03:53,SM2306,SM2306,6998.0,3.0,20916.0,0.0,1,6998.0,7000.0,19,7002.0,6950.0,7014.0,6930.0,10252.0,71476944.0,50276
2023-05-11 09:03:54,SM2306,SM2306,6998.0,1.0,6972.0,0.0,2,6998.0,7000.0,24,7002.0,6950.0,7014.0,6930.0,10253.0,71483916.0,50276
2023-05-11 09:03:54,SM2306,SM2306,6998.0,0.0,0.0,0.0,8,6998.0,7000.0,24,7002.0,6950.0,7014.0,6930.0,10253.0,71483916.0,50276
2023-05-11 09:03:55,SM2306,SM2306,6998.0,1.0,6972.0,0.0,7,6998.0,7000.0,21,7002.0,6950.0,7014.0,6930.0,10254.0,71490888.0,50276
2023-05-11 09:03:55,SM2306,SM2306,6998.0,1.0,6972.0,1.0,6,6998.0,7000.0,21,7002.0,6950.0,7014.0,6930.0,10255.0,71497860.0,50277
2023-05-11 09:03:56,SM2306,SM2306,6998.0,0.0,0.0,0.0,7,6998.0,7000.0,21,7002.0,6950.0,7014.0,6930.0,10255.0,71497860.0,50277
2023-05-11 09:03:56,SM2306,SM2306,6996.0,36.0,250992.0,-12.0,34,6994.0,6998.0,25,7002.0,6950.0,7014.0,6930.0,10291.0,71748852.0,50265
2023-05-11 09:03:57,SM2306,SM2306,6998.0,45.0,313740.0,-6.0,6,6998.0,7000.0,22,7002.0,6950.0,7014.0,6930.0,10336.0,72062592.0,50259
2023-05-11 09:03:57,SM2306,SM2306,6998.0,6.0,41832.0,-3.0,15,6996.0,7000.0,32,7002.0,6950.0,7014.0,6930.0,10342.0,72104424.0,50256
2023-05-11 09:03:58,SM2306,SM2306,7000.0,7.0,48804.0,0.0,18,6996.0,6998.0,4,7002.0,6950.0,7014.0,6930.0,10349.0,72153228.0,50256
2023-05-11 09:03:58,SM2306,SM2306,6996.0,15.0,104580.0,5.0,2,6996.0,6998.0,4,7002.0,6950.0,7014.0,6930.0,10364.0,72257808.0,50261
2023-05-11 09:03:59,SM2306,SM2306,6996.0,0.0,0.0,0.0,4,6996.0,6998.0,17,7002.0,6950.0,7014.0,6930.0,10364.0,72257808.0,50261
2023-05-11 09:03:59,SM2306,SM2306,6996.0,4.0,27888.0,1.0,23,6994.0,6996.0,6,7002.0,6950.0,7014.0,6930.0,10368.0,72285696.0,50262
2023-05-11 09:04:00,SM2306,SM2306,6996.0,3.0,20916.0,0.0,7,6996.0,6998.0,23,7002.0,6950.0,7014.0,6930.0,10371.0,72306612.0,50262
2023-05-11 09:04:00,SM2306,SM2306,6998.0,12.0,83664.0,7.0,10,6996.0,6998.0,26,7002.0,6950.0,7014.0,6930.0,10383.0,72390276.0,50269
2023-05-11 09:04:01,SM2306,SM2306,6996.0,31.0,216132.0,7.0,5,6996.0,6998.0,8,7002.0,6950.0,7014.0,6930.0,10414.0,72606408.0,50276
2023-05-11 09:04:01,SM2306,SM2306,6998.0,14.0,97608.0,12.0,17,6998.0,7000.0,8,7002.0,6950.0,7014.0,6930.0,10428.0,72704016.0,50288
2023-05-11 09:04:02,SM2306,SM2306,6998.0,1.0,6972.0,0.0,18,6998.0,7000.0,9,7002.0,6950.0,7014.0,6930.0,10429.0,72710988.0,50288
2023-05-11 09:04:02,SM2306,SM2306,7000.0,3.0,20916.0,3.0,18,6998.0,7000.0,6,7002.0,6950.0,7014.0,6930.0,10432.0,72731904.0,50291
2023-05-11 09:04:03,SM2306,SM2306,7000.0,3.0,20916.0,-1.0,20,6998.0,7000.0,4,7002.0,6950.0,7014.0,6930.0,10435.0,72752820.0,50290
2023-05-11 09:04:03,SM2306,SM2306,6998.0,22.0,153384.0,-14.0,9,6998.0,7000.0,19,7002.0,6950.0,7014.0,6930.0,10457.0,72906204.0,50276
2023-05-11 09:04:04,SM2306,SM2306,6998.0,9.0,62748.0,-3.0,9,6998.0,7000.0,21,7002.0,6950.0,7014.0,6930.0,10466.0,72968952.0,50273
2023-05-11 09:04:04,SM2306,SM2306,6998.0,10.0,69720.0,0.0,12,6996.0,6998.0,1,7002.0,6950.0,7014.0,6930.0,10476.0,73038672.0,50273
2023-05-11 09:04:05,SM2306,SM2306,6998.0,3.0,20916.0,2.0,12,6996.0,7000.0,27,7002.0,6950.0,7014.0,6930.0,10479.0,73059588.0,50275
2023-05-11 09:04:06,SM2306,SM2306,7000.0,2.0,13944.0,2.0,2,6998.0,7000.0,28,7002.0,6950.0,7014.0,6930.0,10481.0,73073532.0,50277
2023-05-11 09:04:06,SM2306,SM2306,6996.0,17.0,118524.0,-4.0,30,6996.0,6998.0,33,7002.0,6950.0,7014.0,6930.0,10498.0,73192056.0,50273
2023-05-11 09:04:07,SM2306,SM2306,6998.0,40.0,278880.0,8.0,30,6996.0,7000.0,21,7002.0,6950.0,7014.0,6930.0,10538.0,73470936.0,50281
2023-05-11 09:04:07,SM2306,SM2306,6996.0,25.0,174300.0,-15.0,8,6996.0,7000.0,25,7002.0,6950.0,7014.0,6930.0,10563.0,73645236.0,50266
2023-05-11 09:04:08,SM2306,SM2306,6998.0,28.0,195216.0,23.0,29,6994.0,6998.0,9,7002.0,6950.0,7014.0,6930.0,10591.0,73840452.0,50289
2023-05-11 09:04:08,SM2306,SM2306,6998.0,0.0,0.0,0.0,19,6994.0,6996.0,8,7002.0,6950.0,7014.0,6930.0,10591.0,73840452.0,50289
2023-05-11 09:04:09,SM2306,SM2306,6996.0,4.0,27888.0,1.0,21,6994.0,6996.0,11,7002.0,6950.0,7014.0,6930.0,10595.0,73868340.0,50290
2023-05-11 09:04:09,SM2306,SM2306,6994.0,27.0,188244.0,-7.0,94,6992.0,6994.0,10,7002.0,6950.0,7014.0,6930.0,10622.0,74056584.0,50283
2023-05-11 09:04:10,SM2306,SM2306,6994.0,3.0,20916.0,3.0,90,6992.0,6994.0,8,7002.0,6950.0,7014.0,6930.0,10625.0,74077500.0,50286
2023-05-11 09:04:10,SM2306,SM2306,6994.0,3.0,20916.0,1.0,90,6992.0,6994.0,5,7002.0,6950.0,7014.0,6930.0,10628.0,74098416.0,50287
2023-05-11 09:04:11,SM2306,SM2306,6994.0,5.0,34860.0,5.0,90,6992.0,6994.0,10,7002.0,6950.0,7014.0,6930.0,10633.0,74133276.0,50292
2023-05-11 09:04:11,SM2306,SM2306,6992.0,25.0,174300.0,-4.0,81,6992.0,6996.0,23,7002.0,6950.0,7014.0,6930.0,10658.0,74307576.0,50288
2023-05-11 09:04:12,SM2306,SM2306,6994.0,4.0,27888.0,2.0,83,6992.0,6994.0,2,7002.0,6950.0,7014.0,6930.0,10662.0,74335464.0,50290
2023-05-11 09:04:12,SM2306,SM2306,6992.0,54.0,376488.0,-27.0,8,6994.0,6998.0,26,7002.0,6950.0,7014.0,6930.0,10716.0,74711952.0,50263
2023-05-11 09:04:13,SM2306,SM2306,6994.0,1.0,6972.0,0.0,13,6994.0,6996.0,19,7002.0,6950.0,7014.0,6930.0,10717.0,74718924.0,50263
2023-05-11 09:04:13,SM2306,SM2306,6994.0,14.0,97608.0,6.0,24,6994.0,6998.0,33,7002.0,6950.0,7014.0,6930.0,10731.0,74816532.0,50269
2023-05-11 09:04:14,SM2306,SM2306,6996.0,16.0,111552.0,-6.0,8,6996.0,6998.0,35,7002.0,6950.0,7014.0,6930.0,10747.0,74928084.0,50263
2023-05-11 09:04:14,SM2306,SM2306,6994.0,12.0,83664.0,0.0,28,6994.0,6996.0,1,7002.0,6950.0,7014.0,6930.0,10759.0,75011748.0,50263
2023-05-11 09:04:15,SM2306,SM2306,6996.0,2.0,13944.0,0.0,9,6996.0,6998.0,26,7002.0,6950.0,7014.0,6930.0,10761.0,75025692.0,50263
2023-05-11 09:04:15,SM2306,SM2306,6996.0,5.0,34860.0,5.0,8,6996.0,6998.0,16,7002.0,6950.0,7014.0,6930.0,10766.0,75060552.0,50268
2023-05-11 09:04:16,SM2306,SM2306,7000.0,55.0,383460.0,7.0,4,6998.0,7000.0,23,7002.0,6950.0,7014.0,6930.0,10821.0,75444012.0,50275
2023-05-11 09:04:16,SM2306,SM2306,6996.0,11.0,76692.0,-2.0,24,6996.0,6998.0,10,7002.0,6950.0,7014.0,6930.0,10832.0,75520704.0,50273
2023-05-11 09:04:17,SM2306,SM2306,6996.0,0.0,0.0,0.0,21,6996.0,6998.0,10,7002.0,6950.0,7014.0,6930.0,10832.0,75520704.0,50273
2023-05-11 09:04:17,SM2306,SM2306,6998.0,3.0,20916.0,0.0,17,6996.0,6998.0,7,7002.0,6950.0,7014.0,6930.0,10835.0,75541620.0,50273
2023-05-11 09:04:18,SM2306,SM2306,6998.0,0.0,0.0,0.0,27,6996.0,6998.0,7,7002.0,6950.0,7014.0,6930.0,10835.0,75541620.0,50273
2023-05-11 09:04:18,SM2306,SM2306,6998.0,2.0,13944.0,-2.0,9,6998.0,7000.0,11,7002.0,6950.0,7014.0,6930.0,10837.0,75555564.0,50271
2023-05-11 09:04:19,SM2306,SM2306,6998.0,7.0,48804.0,-2.0,3,6998.0,7000.0,25,7002.0,6950.0,7014.0,6930.0,10844.0,75604368.0,50269
2023-05-11 09:04:19,SM2306,SM2306,6998.0,5.0,34860.0,-4.0,45,6996.0,6998.0,2,7002.0,6950.0,7014.0,6930.0,10849.0,75639228.0,50265
2023-05-11 09:04:20,SM2306,SM2306,6998.0,2.0,13944.0,0.0,2,6998.0,7000.0,25,7002.0,6950.0,7014.0,6930.0,10851.0,75653172.0,50265
2023-05-11 09:04:20,SM2306,SM2306,6998.0,3.0,20916.0,-1.0,11,6998.0,7000.0,25,7002.0,6950.0,7014.0,6930.0,10854.0,75674088.0,50264
2023-05-11 09:04:21,SM2306,SM2306,6998.0,3.0,20916.0,0.0,10,6998.0,7000.0,11,7002.0,6950.0,7014.0,6930.0,10857.0,75695004.0,50264
2023-05-11 09:04:21,SM2306,SM2306,6998.0,5.0,34860.0,0.0,12,6998.0,7000.0,10,7002.0,6950.0,7014.0,6930.0,10862.0,75729864.0,50264
2023-05-11 09:04:22,SM2306,SM2306,7000.0,1.0,6972.0,1.0,7,6998.0,7000.0,9,7002.0,6950.0,7014.0,6930.0,10863.0,75736836.0,50265
2023-05-11 09:04:22,SM2306,SM2306,6998.0,8.0,55776.0,-4.0,22,6998.0,7000.0,4,7002.0,6950.0,7014.0,6930.0,10871.0,75792612.0,50261
2023-05-11 09:04:23,SM2306,SM2306,7000.0,2.0,13944.0,1.0,7,7000.0,7002.0,31,7002.0,6950.0,7014.0,6930.0,10873.0,75806556.0,50262
2023-05-11 09:04:23,SM2306,SM2306,7000.0,2.0,13944.0,2.0,8,7000.0,7002.0,31,7002.0,6950.0,7014.0,6930.0,10875.0,75820500.0,50264
2023-05-11 09:04:23,SM2306,SM2306,7000.0,0.0,0.0,0.0,9,7000.0,7002.0,31,7002.0,6950.0,7014.0,6930.0,10875.0,75820500.0,50264
2023-05-11 09:04:24,SM2306,SM2306,7000.0,0.0,0.0,0.0,9,7000.0,7002.0,30,7002.0,6950.0,7014.0,6930.0,10875.0,75820500.0,50264
2023-05-11 09:04:25,SM2306,SM2306,7000.0,3.0,42672.0,0.0,7,7000.0,7002.0,23,7002.0,6950.0,7014.0,6930.0,10878.0,75863172.0,50264
2023-05-11 09:04:25,SM2306,SM2306,7000.0,43.0,299882.0,25.0,2,7000.0,7004.0,23,7002.0,6950.0,7014.0,6930.0,10921.0,76163054.0,50289
2023-05-11 09:04:26,SM2306,SM2306,7000.0,0.0,0.0,0.0,7,7000.0,7002.0,16,7002.0,6950.0,7014.0,6930.0,10921.0,76163054.0,50289
2023-05-11 09:04:26,SM2306,SM2306,7000.0,0.0,0.0,0.0,7,7000.0,7002.0,22,7002.0,6950.0,7014.0,6930.0,10921.0,76163054.0,50289
2023-05-11 09:04:27,SM2306,SM2306,7000.0,1.0,6974.0,1.0,16,7000.0,7002.0,22,7002.0,6950.0,7014.0,6930.0,10922.0,76170028.0,50290
2023-05-11 09:04:27,SM2306,SM2306,7002.0,1.0,6974.0,0.0,15,7000.0,7002.0,21,7002.0,6950.0,7014.0,6930.0,10923.0,76177002.0,50290
2023-05-11 09:04:28,SM2306,SM2306,7002.0,0.0,0.0,0.0,15,7000.0,7002.0,25,7002.0,6950.0,7014.0,6930.0,10923.0,76177002.0,50290
2023-05-11 09:04:28,SM2306,SM2306,7000.0,15.0,104610.0,-2.0,21,6998.0,7002.0,26,7002.0,6950.0,7014.0,6930.0,10938.0,76281612.0,50288
2023-05-11 09:04:29,SM2306,SM2306,6998.0,1.0,6974.0,0.0,4,6998.0,7000.0,22,7002.0,6950.0,7014.0,6930.0,10939.0,76288586.0,50288
2023-05-11 09:04:29,SM2306,SM2306,6998.0,2.0,13948.0,0.0,31,6996.0,7000.0,29,7002.0,6950.0,7014.0,6930.0,10941.0,76302534.0,50288
2023-05-11 09:04:30,SM2306,SM2306,6998.0,9.0,62766.0,2.0,36,6996.0,7000.0,30,7002.0,6950.0,7014.0,6930.0,10950.0,76365300.0,50290
2023-05-11 09:04:30,SM2306,SM2306,6998.0,2.0,13948.0,-1.0,36,6996.0,7000.0,29,7002.0,6950.0,7014.0,6930.0,10952.0,76379248.0,50289
2023-05-11 09:04:31,SM2306,SM2306,6998.0,0.0,0.0,0.0,2,6998.0,7000.0,29,7002.0,6950.0,7014.0,6930.0,10952.0,76379248.0,50289
2023-05-11 09:04:31,SM2306,SM2306,6998.0,0.0,0.0,0.0,2,6998.0,7000.0,28,7002.0,6950.0,7014.0,6930.0,10952.0,76379248.0,50289
2023-05-11 09:04:32,SM2306,SM2306,7000.0,1.0,6974.0,0.0,2,6998.0,7000.0,27,7002.0,6950.0,7014.0,6930.0,10953.0,76386222.0,50289
2023-05-11 09:04:32,SM2306,SM2306,6998.0,3.0,20922.0,0.0,39,6996.0,7000.0,29,7002.0,6950.0,7014.0,6930.0,10956.0,76407144.0,50289
2023-05-11 09:04:33,SM2306,SM2306,6998.0,1.0,6974.0,1.0,6,6998.0,7000.0,29,7002.0,6950.0,7014.0,6930.0,10957.0,76414118.0,50290
2023-05-11 09:04:33,SM2306,SM2306,6998.0,1.0,6974.0,1.0,5,6998.0,7000.0,28,7002.0,6950.0,7014.0,6930.0,10958.0,76421092.0,50291
2023-05-11 09:04:34,SM2306,SM2306,7000.0,1.0,6974.0,-1.0,14,6998.0,7000.0,28,7002.0,6950.0,7014.0,6930.0,10959.0,76428066.0,50290
2023-05-11 09:04:35,SM2306,SM2306,7000.0,6.0,41844.0,-1.0,14,6998.0,7000.0,21,7002.0,6950.0,7014.0,6930.0,10965.0,76469910.0,50289
2023-05-11 09:04:35,SM2306,SM2306,7000.0,8.0,55792.0,-8.0,14,6998.0,7000.0,11,7002.0,6950.0,7014.0,6930.0,10973.0,76525702.0,50281
2023-05-11 09:04:36,SM2306,SM2306,7000.0,7.0,48818.0,2.0,17,6998.0,7000.0,1,7002.0,6950.0,7014.0,6930.0,10980.0,76574520.0,50283
2023-05-11 09:04:36,SM2306,SM2306,7000.0,7.0,48818.0,-6.0,11,6998.0,7002.0,32,7002.0,6950.0,7014.0,6930.0,10987.0,76623338.0,50277
2023-05-11 09:04:37,SM2306,SM2306,6998.0,3.0,20922.0,2.0,26,6998.0,7002.0,25,7002.0,6950.0,7014.0,6930.0,10990.0,76644260.0,50279
2023-05-11 09:04:37,SM2306,SM2306,6998.0,0.0,0.0,0.0,2,7000.0,7002.0,21,7002.0,6950.0,7014.0,6930.0,10990.0,76644260.0,50279
2023-05-11 09:04:39,SM2306,SM2306,6998.0,0.0,0.0,0.0,4,7000.0,7002.0,23,7002.0,6950.0,7014.0,6930.0,10990.0,76644260.0,50279
2023-05-11 09:04:39,SM2306,SM2306,6998.0,3.0,20922.0,2.0,4,7000.0,7002.0,23,7002.0,6950.0,7014.0,6930.0,10993.0,76665182.0,50281
2023-05-11 09:04:40,SM2306,SM2306,7000.0,3.0,20922.0,2.0,4,7000.0,7002.0,21,7002.0,6950.0,7014.0,6930.0,10996.0,76686104.0,50283
2023-05-11 09:04:41,SM2306,SM2306,7002.0,21.0,146454.0,7.0,1,7002.0,7004.0,19,7002.0,6950.0,7014.0,6930.0,11017.0,76832558.0,50290
2023-05-11 09:04:41,SM2306,SM2306,7002.0,0.0,0.0,0.0,8,7002.0,7004.0,12,7002.0,6950.0,7014.0,6930.0,11017.0,76832558.0,50290
2023-05-11 09:04:42,SM2306,SM2306,7004.0,1.0,6974.0,0.0,8,7002.0,7004.0,7,7002.0,6950.0,7014.0,6930.0,11018.0,76839532.0,50290
2023-05-11 09:04:42,SM2306,SM2306,7004.0,17.0,118558.0,-9.0,5,7002.0,7004.0,5,7002.0,6950.0,7014.0,6930.0,11035.0,76958090.0,50281
2023-05-11 09:04:44,SM2306,SM2306,7004.0,7.0,48818.0,-6.0,10,7002.0,7006.0,16,7002.0,6950.0,7014.0,6930.0,11042.0,77006908.0,50275
2023-05-11 09:04:44,SM2306,SM2306,7004.0,0.0,0.0,0.0,8,7002.0,7004.0,6,7002.0,6950.0,7014.0,6930.0,11042.0,77006908.0,50275
2023-05-11 09:04:45,SM2306,SM2306,7002.0,5.0,34870.0,1.0,16,7000.0,7004.0,24,7002.0,6950.0,7014.0,6930.0,11047.0,77041778.0,50276
2023-05-11 09:04:45,SM2306,SM2306,7000.0,1.0,6974.0,0.0,13,7000.0,7002.0,7,7002.0,6950.0,7014.0,6930.0,11048.0,77048752.0,50276
2023-05-11 09:04:46,SM2306,SM2306,7002.0,2.0,13948.0,0.0,13,7000.0,7002.0,6,7002.0,6950.0,7014.0,6930.0,11050.0,77062700.0,50276
2023-05-11 09:04:46,SM2306,SM2306,7002.0,2.0,13948.0,-1.0,14,7000.0,7002.0,4,7002.0,6950.0,7014.0,6930.0,11052.0,77076648.0,50275
2023-05-11 09:04:47,SM2306,SM2306,7002.0,4.0,27896.0,-3.0,3,7002.0,7004.0,30,7002.0,6950.0,7014.0,6930.0,11056.0,77104544.0,50272
2023-05-11 09:04:47,SM2306,SM2306,7002.0,0.0,0.0,0.0,7,7002.0,7004.0,22,7002.0,6950.0,7014.0,6930.0,11056.0,77104544.0,50272
2023-05-11 09:04:48,SM2306,SM2306,7000.0,21.0,146454.0,8.0,1,7000.0,7002.0,2,7002.0,6950.0,7014.0,6930.0,11077.0,77250998.0,50280
2023-05-11 09:04:48,SM2306,SM2306,7000.0,6.0,41844.0,-4.0,1,7000.0,7002.0,22,7002.0,6950.0,7014.0,6930.0,11083.0,77292842.0,50276
2023-05-11 09:04:49,SM2306,SM2306,7000.0,1.0,6974.0,-1.0,79,6998.0,7002.0,26,7002.0,6950.0,7014.0,6930.0,11084.0,77299816.0,50275
2023-05-11 09:04:49,SM2306,SM2306,7000.0,1.0,6974.0,0.0,89,6998.0,7002.0,26,7002.0,6950.0,7014.0,6930.0,11085.0,77306790.0,50275
2023-05-11 09:04:50,SM2306,SM2306,7000.0,0.0,0.0,0.0,2,7000.0,7002.0,25,7002.0,6950.0,7014.0,6930.0,11085.0,77306790.0,50275
2023-05-11 09:04:50,SM2306,SM2306,7000.0,2.0,13948.0,-2.0,40,7000.0,7002.0,26,7002.0,6950.0,7014.0,6930.0,11087.0,77320738.0,50273
2023-05-11 09:04:51,SM2306,SM2306,7000.0,0.0,0.0,0.0,40,7000.0,7002.0,21,7002.0,6950.0,7014.0,6930.0,11087.0,77320738.0,50273
2023-05-11 09:04:51,SM2306,SM2306,7002.0,4.0,27896.0,3.0,41,7000.0,7002.0,15,7002.0,6950.0,7014.0,6930.0,11091.0,77348634.0,50276
2023-05-11 09:04:52,SM2306,SM2306,7002.0,1.0,6974.0,0.0,41,7000.0,7002.0,10,7002.0,6950.0,7014.0,6930.0,11092.0,77355608.0,50276
2023-05-11 09:04:52,SM2306,SM2306,7000.0,41.0,285934.0,-40.0,87,6998.0,7002.0,15,7002.0,6950.0,7014.0,6930.0,11133.0,77641542.0,50236
2023-05-11 09:04:53,SM2306,SM2306,7000.0,0.0,0.0,0.0,81,6998.0,7000.0,1,7002.0,6950.0,7014.0,6930.0,11133.0,77641542.0,50236
2023-05-11 09:04:53,SM2306,SM2306,7000.0,1.0,6974.0,0.0,1,7000.0,7002.0,26,7002.0,6950.0,7014.0,6930.0,11134.0,77648516.0,50236
2023-05-11 09:04:54,SM2306,SM2306,7000.0,7.0,48818.0,-3.0,100,6998.0,7002.0,41,7002.0,6950.0,7014.0,6930.0,11141.0,77697334.0,50233
2023-05-11 09:04:54,SM2306,SM2306,7004.0,33.0,230142.0,17.0,36,7000.0,7002.0,10,7002.0,6950.0,7014.0,6930.0,11174.0,77927476.0,50250
2023-05-11 09:04:55,SM2306,SM2306,7000.0,12.0,83688.0,-3.0,44,7000.0,7004.0,47,7002.0,6950.0,7014.0,6930.0,11186.0,78011164.0,50247
2023-05-11 09:04:55,SM2306,SM2306,7000.0,0.0,0.0,0.0,37,7000.0,7002.0,2,7002.0,6950.0,7014.0,6930.0,11186.0,78011164.0,50247
2023-05-11 09:04:55,SM2306,SM2306,7000.0,0.0,0.0,0.0,37,7000.0,7002.0,3,7002.0,6950.0,7014.0,6930.0,11186.0,78011164.0,50247
2023-05-11 09:04:56,SM2306,SM2306,7000.0,0.0,0.0,0.0,45,7000.0,7002.0,3,7002.0,6950.0,7014.0,6930.0,11186.0,78011164.0,50247
2023-05-11 09:04:57,SM2306,SM2306,7002.0,10.0,69740.0,3.0,42,7000.0,7004.0,17,7002.0,6950.0,7014.0,6930.0,11196.0,78080904.0,50250
2023-05-11 09:04:57,SM2306,SM2306,7002.0,0.0,0.0,0.0,37,7000.0,7004.0,17,7002.0,6950.0,7014.0,6930.0,11196.0,78080904.0,50250
2023-05-11 09:04:58,SM2306,SM2306,7002.0,0.0,0.0,0.0,36,7000.0,7004.0,18,7002.0,6950.0,7014.0,6930.0,11196.0,78080904.0,50250
2023-05-11 09:04:59,SM2306,SM2306,7004.0,7.0,48818.0,1.0,6,7002.0,7004.0,12,7002.0,6950.0,7014.0,6930.0,11203.0,78129722.0,50251
2023-05-11 09:05:00,SM2306,SM2306,7002.0,19.0,132506.0,1.0,17,7002.0,7004.0,16,7002.0,6950.0,7014.0,6930.0,11222.0,78262228.0,50252
2023-05-11 09:05:00,SM2306,SM2306,6998.0,63.0,439362.0,-8.0,11,6998.0,7002.0,13,7002.0,6950.0,7014.0,6930.0,11285.0,78701590.0,50244
2023-05-11 09:05:01,SM2306,SM2306,7002.0,32.0,223168.0,-1.0,13,6998.0,7000.0,1,7002.0,6950.0,7014.0,6930.0,11317.0,78924758.0,50243
2023-05-11 09:05:01,SM2306,SM2306,7002.0,0.0,0.0,0.0,13,6998.0,7000.0,5,7002.0,6950.0,7014.0,6930.0,11317.0,78924758.0,50243
2023-05-11 09:05:02,SM2306,SM2306,7000.0,1.0,6974.0,1.0,24,6998.0,7000.0,7,7002.0,6950.0,7014.0,6930.0,11318.0,78931732.0,50244
2023-05-11 09:05:02,SM2306,SM2306,7000.0,1.0,6974.0,0.0,24,6998.0,7000.0,8,7002.0,6950.0,7014.0,6930.0,11319.0,78938706.0,50244
2023-05-11 09:05:02,SM2306,SM2306,7000.0,1.0,6974.0,0.0,27,6998.0,7000.0,7,7002.0,6950.0,7014.0,6930.0,11320.0,78945680.0,50244
2023-05-11 09:05:03,SM2306,SM2306,6998.0,1.0,6974.0,1.0,26,6998.0,7000.0,7,7002.0,6950.0,7014.0,6930.0,11321.0,78952654.0,50245
2023-05-11 09:05:04,SM2306,SM2306,7000.0,1.0,6974.0,0.0,26,6998.0,7000.0,7,7002.0,6950.0,7014.0,6930.0,11322.0,78959628.0,50245
2023-05-11 09:05:05,SM2306,SM2306,6998.0,2.0,13948.0,0.0,48,6998.0,7000.0,7,7002.0,6950.0,7014.0,6930.0,11324.0,78973576.0,50245
2023-05-11 09:05:06,SM2306,SM2306,7002.0,11.0,76714.0,4.0,1,7002.0,7004.0,37,7002.0,6950.0,7014.0,6930.0,11335.0,79050290.0,50249
2023-05-11 09:05:06,SM2306,SM2306,7004.0,8.0,55792.0,0.0,11,7002.0,7004.0,30,7002.0,6950.0,7014.0,6930.0,11343.0,79106082.0,50249
2023-05-11 09:05:07,SM2306,SM2306,7004.0,21.0,146454.0,-1.0,1,7004.0,7006.0,22,7002.0,6950.0,7014.0,6930.0,11364.0,79252536.0,50248
2023-05-11 09:05:07,SM2306,SM2306,7006.0,14.0,97636.0,1.0,30,7004.0,7008.0,18,7002.0,6950.0,7014.0,6930.0,11378.0,79350172.0,50249
2023-05-11 09:05:08,SM2306,SM2306,7006.0,4.0,27896.0,-2.0,17,7006.0,7008.0,9,7002.0,6950.0,7014.0,6930.0,11382.0,79378068.0,50247
2023-05-11 09:05:08,SM2306,SM2306,7008.0,12.0,83688.0,5.0,45,7006.0,7010.0,40,7002.0,6950.0,7014.0,6930.0,11394.0,79461756.0,50252
2023-05-11 09:05:09,SM2306,SM2306,7008.0,0.0,0.0,0.0,11,7008.0,7010.0,24,7002.0,6950.0,7014.0,6930.0,11394.0,79461756.0,50252
2023-05-11 09:05:09,SM2306,SM2306,7010.0,25.0,174350.0,11.0,1,7010.0,7012.0,42,7002.0,6950.0,7014.0,6930.0,11419.0,79636106.0,50263
2023-05-11 09:05:10,SM2306,SM2306,7012.0,24.0,167376.0,2.0,44,7010.0,7012.0,4,7002.0,6950.0,7014.0,6930.0,11443.0,79803482.0,50265
2023-05-11 09:05:10,SM2306,SM2306,7012.0,16.0,111584.0,-1.0,23,7010.0,7012.0,18,7002.0,6950.0,7014.0,6930.0,11459.0,79915066.0,50264
2023-05-11 09:05:11,SM2306,SM2306,7012.0,12.0,83688.0,1.0,42,7010.0,7014.0,99,7002.0,6950.0,7014.0,6930.0,11471.0,79998754.0,50265
2023-05-11 09:05:11,SM2306,SM2306,7012.0,1.0,6974.0,0.0,42,7010.0,7012.0,1,7002.0,6950.0,7014.0,6930.0,11472.0,80005728.0,50265
2023-05-11 09:05:12,SM2306,SM2306,7010.0,2.0,13948.0,2.0,40,7010.0,7012.0,14,7002.0,6950.0,7014.0,6930.0,11474.0,80019676.0,50267
2023-05-11 09:05:12,SM2306,SM2306,7012.0,41.0,285934.0,2.0,10,7008.0,7012.0,27,7002.0,6950.0,7014.0,6930.0,11515.0,80305610.0,50269
2023-05-11 09:05:13,SM2306,SM2306,7012.0,11.0,76714.0,-1.0,11,7008.0,7010.0,57,7002.0,6950.0,7014.0,6930.0,11526.0,80382324.0,50268
2023-05-11 09:05:13,SM2306,SM2306,7008.0,14.0,97636.0,-5.0,13,7006.0,7008.0,1,7002.0,6950.0,7014.0,6930.0,11540.0,80479960.0,50263
2023-05-11 09:05:14,SM2306,SM2306,7008.0,0.0,0.0,0.0,13,7006.0,7008.0,3,7002.0,6950.0,7014.0,6930.0,11540.0,80479960.0,50263
2023-05-11 09:05:14,SM2306,SM2306,7008.0,2.0,13948.0,1.0,14,7006.0,7008.0,2,7002.0,6950.0,7014.0,6930.0,11542.0,80493908.0,50264
2023-05-11 09:05:15,SM2306,SM2306,7010.0,7.0,48818.0,6.0,22,7006.0,7010.0,84,7002.0,6950.0,7014.0,6930.0,11549.0,80542726.0,50270
2023-05-11 09:05:15,SM2306,SM2306,7010.0,1.0,6974.0,1.0,29,7006.0,7010.0,83,7002.0,6950.0,7014.0,6930.0,11550.0,80549700.0,50271
2023-05-11 09:05:16,SM2306,SM2306,7010.0,1.0,6974.0,1.0,7,7008.0,7010.0,76,7002.0,6950.0,7014.0,6930.0,11551.0,80556674.0,50272
2023-05-11 09:05:16,SM2306,SM2306,7010.0,0.0,0.0,0.0,11,7008.0,7010.0,82,7002.0,6950.0,7014.0,6930.0,11551.0,80556674.0,50272
2023-05-11 09:05:17,SM2306,SM2306,7010.0,0.0,0.0,0.0,21,7008.0,7010.0,75,7002.0,6950.0,7014.0,6930.0,11551.0,80556674.0,50272
2023-05-11 09:05:17,SM2306,SM2306,7008.0,3.0,20922.0,2.0,16,7008.0,7010.0,74,7002.0,6950.0,7014.0,6930.0,11554.0,80577596.0,50274
2023-05-11 09:05:18,SM2306,SM2306,7008.0,5.0,34870.0,2.0,22,7008.0,7010.0,73,7002.0,6950.0,7014.0,6930.0,11559.0,80612466.0,50276
2023-05-11 09:05:18,SM2306,SM2306,7008.0,0.0,0.0,0.0,26,7008.0,7010.0,73,7002.0,6950.0,7014.0,6930.0,11559.0,80612466.0,50276
2023-05-11 09:05:19,SM2306,SM2306,7008.0,2.0,13948.0,2.0,25,7008.0,7010.0,72,7002.0,6950.0,7014.0,6930.0,11561.0,80626414.0,50278
2023-05-11 09:05:19,SM2306,SM2306,7010.0,34.0,237116.0,34.0,9,7010.0,7012.0,25,7002.0,6950.0,7014.0,6930.0,11595.0,80863530.0,50312
2023-05-11 09:05:20,SM2306,SM2306,7012.0,6.0,41844.0,5.0,8,7010.0,7012.0,31,7002.0,6950.0,7014.0,6930.0,11601.0,80905374.0,50317
2023-05-11 09:05:20,SM2306,SM2306,7012.0,0.0,0.0,0.0,14,7010.0,7012.0,27,7002.0,6950.0,7014.0,6930.0,11601.0,80905374.0,50317
2023-05-11 09:05:21,SM2306,SM2306,7008.0,46.0,344098.0,43.0,18,7006.0,7008.0,9,7002.0,6950.0,7014.0,6930.0,11647.0,81249472.0,50360
2023-05-11 09:05:21,SM2306,SM2306,7006.0,16.0,111616.0,-1.0,22,7004.0,7008.0,12,7002.0,6950.0,7014.0,6930.0,11663.0,81361088.0,50359
2023-05-11 09:05:22,SM2306,SM2306,7004.0,21.0,146496.0,-3.0,17,7002.0,7006.0,11,7002.0,6950.0,7014.0,6930.0,11684.0,81507584.0,50356
2023-05-11 09:05:22,SM2306,SM2306,7004.0,2.0,13952.0,1.0,22,7002.0,7004.0,3,7002.0,6950.0,7014.0,6930.0,11686.0,81521536.0,50357
2023-05-11 09:05:23,SM2306,SM2306,7004.0,4.0,27904.0,1.0,5,7004.0,7006.0,19,7002.0,6950.0,7014.0,6930.0,11690.0,81549440.0,50358
2023-05-11 09:05:23,SM2306,SM2306,7004.0,0.0,0.0,0.0,15,7004.0,7006.0,16,7002.0,6950.0,7014.0,6930.0,11690.0,81549440.0,50358
2023-05-11 09:05:24,SM2306,SM2306,7004.0,5.0,34880.0,5.0,10,7004.0,7006.0,16,7002.0,6950.0,7014.0,6930.0,11695.0,81584320.0,50363
2023-05-11 09:05:24,SM2306,SM2306,7004.0,3.0,20928.0,-3.0,6,7004.0,7006.0,22,7002.0,6950.0,7014.0,6930.0,11698.0,81605248.0,50360
2023-05-11 09:05:24,SM2306,SM2306,7004.0,0.0,0.0,0.0,6,7004.0,7006.0,21,7002.0,6950.0,7014.0,6930.0,11698.0,81605248.0,50360
2023-05-11 09:05:25,SM2306,SM2306,7004.0,0.0,0.0,0.0,6,7004.0,7006.0,22,7002.0,6950.0,7014.0,6930.0,11698.0,81605248.0,50360
2023-05-11 09:05:26,SM2306,SM2306,7004.0,6.0,41856.0,0.0,24,7002.0,7004.0,7,7002.0,6950.0,7014.0,6930.0,11704.0,81647104.0,50360
2023-05-11 09:05:26,SM2306,SM2306,7004.0,1.0,6976.0,-1.0,24,7002.0,7004.0,6,7002.0,6950.0,7014.0,6930.0,11705.0,81654080.0,50359
2023-05-11 09:05:26,SM2306,SM2306,7004.0,4.0,27904.0,0.0,24,7002.0,7004.0,2,7002.0,6950.0,7014.0,6930.0,11709.0,81681984.0,50359
2023-05-11 09:05:27,SM2306,SM2306,7004.0,0.0,0.0,0.0,24,7002.0,7004.0,8,7002.0,6950.0,7014.0,6930.0,11709.0,81681984.0,50359
2023-05-11 09:05:28,SM2306,SM2306,7004.0,0.0,0.0,0.0,27,7002.0,7004.0,8,7002.0,6950.0,7014.0,6930.0,11709.0,81681984.0,50359
2023-05-11 09:05:28,SM2306,SM2306,7004.0,4.0,27904.0,4.0,28,7002.0,7004.0,5,7002.0,6950.0,7014.0,6930.0,11713.0,81709888.0,50363
2023-05-11 09:05:29,SM2306,SM2306,7004.0,0.0,0.0,0.0,28,7002.0,7004.0,6,7002.0,6950.0,7014.0,6930.0,11713.0,81709888.0,50363
2023-05-11 09:05:30,SM2306,SM2306,7002.0,1.0,6976.0,1.0,27,7002.0,7004.0,7,7002.0,6950.0,7014.0,6930.0,11714.0,81716864.0,50364
2023-05-11 09:05:30,SM2306,SM2306,7002.0,0.0,0.0,0.0,27,7002.0,7004.0,8,7002.0,6950.0,7014.0,6930.0,11714.0,81716864.0,50364
2023-05-11 09:05:31,SM2306,SM2306,7002.0,27.0,188352.0,0.0,18,7000.0,7002.0,12,7002.0,6950.0,7014.0,6930.0,11741.0,81905216.0,50364
2023-05-11 09:05:32,SM2306,SM2306,7002.0,11.0,76736.0,3.0,82,7000.0,7004.0,34,7002.0,6950.0,7014.0,6930.0,11752.0,81981952.0,50367
2023-05-11 09:05:32,SM2306,SM2306,7002.0,3.0,20928.0,1.0,5,7002.0,7004.0,34,7002.0,6950.0,7014.0,6930.0,11755.0,82002880.0,50368
2023-05-11 09:05:33,SM2306,SM2306,7002.0,27.0,188352.0,3.0,18,7000.0,7002.0,7,7002.0,6950.0,7014.0,6930.0,11782.0,82191232.0,50371
2023-05-11 09:05:33,SM2306,SM2306,7002.0,6.0,41856.0,0.0,5,7002.0,7004.0,30,7002.0,6950.0,7014.0,6930.0,11788.0,82233088.0,50371
2023-05-11 09:05:34,SM2306,SM2306,7002.0,2.0,13952.0,0.0,16,7002.0,7004.0,29,7002.0,6950.0,7014.0,6930.0,11790.0,82247040.0,50371
2023-05-11 09:05:34,SM2306,SM2306,7002.0,42.0,292992.0,17.0,12,7000.0,7002.0,6,7002.0,6950.0,7014.0,6930.0,11832.0,82540032.0,50388
2023-05-11 09:05:35,SM2306,SM2306,7002.0,0.0,0.0,0.0,27,7000.0,7002.0,5,7002.0,6950.0,7014.0,6930.0,11832.0,82540032.0,50388
2023-05-11 09:05:35,SM2306,SM2306,7000.0,1.0,6976.0,0.0,26,7000.0,7002.0,5,7002.0,6950.0,7014.0,6930.0,11833.0,82547008.0,50388
2023-05-11 09:05:36,SM2306,SM2306,7000.0,0.0,0.0,0.0,27,7000.0,7002.0,6,7002.0,6950.0,7014.0,6930.0,11833.0,82547008.0,50388
2023-05-11 09:05:36,SM2306,SM2306,7000.0,0.0,0.0,0.0,27,7000.0,7002.0,10,7002.0,6950.0,7014.0,6930.0,11833.0,82547008.0,50388
2023-05-11 09:05:37,SM2306,SM2306,7000.0,0.0,0.0,0.0,27,7000.0,7002.0,13,7002.0,6950.0,7014.0,6930.0,11833.0,82547008.0,50388
2023-05-11 09:05:37,SM2306,SM2306,7000.0,0.0,0.0,0.0,47,7000.0,7002.0,13,7002.0,6950.0,7014.0,6930.0,11833.0,82547008.0,50388
2023-05-11 09:05:38,SM2306,SM2306,7002.0,14.0,97664.0,0.0,32,7000.0,7004.0,30,7002.0,6950.0,7014.0,6930.0,11847.0,82644672.0,50388
2023-05-11 09:05:38,SM2306,SM2306,7002.0,9.0,62784.0,4.0,6,7002.0,7004.0,32,7002.0,6950.0,7014.0,6930.0,11856.0,82707456.0,50392
2023-05-11 09:05:39,SM2306,SM2306,7002.0,6.0,41856.0,0.0,32,7000.0,7002.0,1,7002.0,6950.0,7014.0,6930.0,11862.0,82749312.0,50392
2023-05-11 09:05:39,SM2306,SM2306,7002.0,6.0,41856.0,3.0,1,7002.0,7004.0,31,7002.0,6950.0,7014.0,6930.0,11868.0,82791168.0,50395
2023-05-11 09:05:40,SM2306,SM2306,7002.0,3.0,20928.0,-1.0,32,7000.0,7004.0,31,7002.0,6950.0,7014.0,6930.0,11871.0,82812096.0,50394
2023-05-11 09:05:41,SM2306,SM2306,7002.0,0.0,0.0,0.0,32,7000.0,7004.0,23,7002.0,6950.0,7014.0,6930.0,11871.0,82812096.0,50394
2023-05-11 09:05:41,SM2306,SM2306,7002.0,0.0,0.0,0.0,4,7002.0,7004.0,19,7002.0,6950.0,7014.0,6930.0,11871.0,82812096.0,50394
2023-05-11 09:05:42,SM2306,SM2306,7002.0,1.0,6976.0,0.0,5,7002.0,7004.0,14,7002.0,6950.0,7014.0,6930.0,11872.0,82819072.0,50394
2023-05-11 09:05:42,SM2306,SM2306,7002.0,3.0,20928.0,-2.0,32,7000.0,7002.0,1,7002.0,6950.0,7014.0,6930.0,11875.0,82840000.0,50392
2023-05-11 09:05:43,SM2306,SM2306,7002.0,0.0,0.0,0.0,32,7000.0,7002.0,2,7002.0,6950.0,7014.0,6930.0,11875.0,82840000.0,50392
2023-05-11 09:05:45,SM2306,SM2306,7002.0,11.0,76736.0,5.0,7,7002.0,7004.0,12,7002.0,6950.0,7014.0,6930.0,11886.0,82916736.0,50397
2023-05-11 09:05:45,SM2306,SM2306,7002.0,0.0,0.0,0.0,15,7002.0,7004.0,4,7002.0,6950.0,7014.0,6930.0,11886.0,82916736.0,50397
2023-05-11 09:05:47,SM2306,SM2306,7004.0,7.0,48832.0,4.0,15,7002.0,7006.0,45,7002.0,6950.0,7014.0,6930.0,11893.0,82965568.0,50401
2023-05-11 09:05:48,SM2306,SM2306,7004.0,0.0,0.0,0.0,4,7004.0,7006.0,38,7002.0,6950.0,7014.0,6930.0,11893.0,82965568.0,50401
2023-05-11 09:05:48,SM2306,SM2306,7004.0,2.0,13952.0,0.0,5,7004.0,7006.0,26,7002.0,6950.0,7014.0,6930.0,11895.0,82979520.0,50401
2023-05-11 09:05:49,SM2306,SM2306,7004.0,0.0,0.0,0.0,7,7004.0,7006.0,11,7002.0,6950.0,7014.0,6930.0,11895.0,82979520.0,50401
2023-05-11 09:05:52,SM2306,SM2306,7006.0,3.0,20928.0,-2.0,7,7004.0,7006.0,8,7002.0,6950.0,7014.0,6930.0,11898.0,83000448.0,50399
2023-05-11 09:05:52,SM2306,SM2306,7008.0,13.0,90688.0,8.0,10,7004.0,7008.0,33,7002.0,6950.0,7014.0,6930.0,11911.0,83091136.0,50407
2023-05-11 09:05:53,SM2306,SM2306,7004.0,2.0,13952.0,0.0,11,7004.0,7008.0,31,7002.0,6950.0,7014.0,6930.0,11913.0,83105088.0,50407
2023-05-11 09:05:53,SM2306,SM2306,7004.0,0.0,0.0,0.0,12,7004.0,7008.0,32,7002.0,6950.0,7014.0,6930.0,11913.0,83105088.0,50407
2023-05-11 09:05:54,SM2306,SM2306,7008.0,5.0,34880.0,5.0,33,7006.0,7008.0,22,7002.0,6950.0,7014.0,6930.0,11918.0,83139968.0,50412
2023-05-11 09:05:54,SM2306,SM2306,7010.0,16.0,111616.0,6.0,4,7008.0,7010.0,32,7002.0,6950.0,7014.0,6930.0,11934.0,83251584.0,50418
2023-05-11 09:05:55,SM2306,SM2306,7008.0,1.0,6976.0,1.0,5,7008.0,7010.0,24,7002.0,6950.0,7014.0,6930.0,11935.0,83258560.0,50419
2023-05-11 09:05:55,SM2306,SM2306,7008.0,6.0,41856.0,4.0,28,7006.0,7010.0,21,7002.0,6950.0,7014.0,6930.0,11941.0,83300416.0,50423
2023-05-11 09:05:56,SM2306,SM2306,7006.0,27.0,188352.0,-16.0,1,7006.0,7008.0,20,7002.0,6950.0,7014.0,6930.0,11968.0,83488768.0,50407
2023-05-11 09:05:56,SM2306,SM2306,7006.0,0.0,0.0,0.0,61,7004.0,7006.0,41,7002.0,6950.0,7014.0,6930.0,11968.0,83488768.0,50407
2023-05-11 09:05:57,SM2306,SM2306,7006.0,0.0,0.0,0.0,62,7004.0,7006.0,41,7002.0,6950.0,7014.0,6930.0,11968.0,83488768.0,50407
2023-05-11 09:05:57,SM2306,SM2306,7004.0,5.0,34880.0,0.0,62,7004.0,7006.0,41,7002.0,6950.0,7014.0,6930.0,11973.0,83523648.0,50407
2023-05-11 09:05:58,SM2306,SM2306,7006.0,9.0,62784.0,9.0,62,7004.0,7006.0,32,7002.0,6950.0,7014.0,6930.0,11982.0,83586432.0,50416
2023-05-11 09:05:58,SM2306,SM2306,7006.0,0.0,0.0,0.0,64,7004.0,7006.0,32,7002.0,6950.0,7014.0,6930.0,11982.0,83586432.0,50416
2023-05-11 09:05:59,SM2306,SM2306,7006.0,0.0,0.0,0.0,64,7004.0,7006.0,30,7002.0,6950.0,7014.0,6930.0,11982.0,83586432.0,50416
2023-05-11 09:06:00,SM2306,SM2306,7006.0,2.0,13952.0,2.0,64,7004.0,7006.0,28,7002.0,6950.0,7014.0,6930.0,11984.0,83600384.0,50418
2023-05-11 09:06:00,SM2306,SM2306,7006.0,29.0,202304.0,28.0,13,7006.0,7008.0,14,7002.0,6950.0,7014.0,6930.0,12013.0,83802688.0,50446
2023-05-11 09:06:01,SM2306,SM2306,7006.0,15.0,104640.0,5.0,12,7006.0,7010.0,23,7002.0,6950.0,7014.0,6930.0,12028.0,83907328.0,50451
2023-05-11 09:06:01,SM2306,SM2306,7006.0,0.0,0.0,0.0,16,7006.0,7010.0,28,7002.0,6950.0,7014.0,6930.0,12028.0,83907328.0,50451
2023-05-11 09:06:02,SM2306,SM2306,7006.0,1.0,6976.0,1.0,25,7008.0,7010.0,28,7002.0,6950.0,7014.0,6930.0,12029.0,83914304.0,50452
2023-05-11 09:06:02,SM2306,SM2306,7010.0,3.0,20928.0,3.0,24,7008.0,7010.0,13,7002.0,6950.0,7014.0,6930.0,12032.0,83935232.0,50455
2023-05-11 09:06:03,SM2306,SM2306,7010.0,0.0,0.0,0.0,25,7008.0,7010.0,14,7002.0,6950.0,7014.0,6930.0,12032.0,83935232.0,50455
2023-05-11 09:06:03,SM2306,SM2306,7010.0,0.0,0.0,0.0,25,7008.0,7010.0,13,7002.0,6950.0,7014.0,6930.0,12032.0,83935232.0,50455
2023-05-11 09:06:04,SM2306,SM2306,7010.0,17.0,118592.0,6.0,1,7010.0,7012.0,38,7002.0,6950.0,7014.0,6930.0,12049.0,84053824.0,50461
2023-05-11 09:06:04,SM2306,SM2306,7010.0,2.0,13952.0,2.0,20,7010.0,7012.0,31,7002.0,6950.0,7014.0,6930.0,12051.0,84067776.0,50463
2023-05-11 09:06:05,SM2306,SM2306,7012.0,2.0,13952.0,2.0,36,7010.0,7012.0,29,7002.0,6950.0,7014.0,6930.0,12053.0,84081728.0,50465
2023-05-11 09:06:05,SM2306,SM2306,7012.0,0.0,0.0,0.0,39,7010.0,7012.0,129,7002.0,6950.0,7014.0,6930.0,12053.0,84081728.0,50465
2023-05-11 09:06:06,SM2306,SM2306,7008.0,75.0,523200.0,-7.0,2,7006.0,7008.0,41,7002.0,6950.0,7014.0,6930.0,12128.0,84604928.0,50458
2023-05-11 09:06:06,SM2306,SM2306,7008.0,9.0,62784.0,-1.0,8,7006.0,7008.0,34,7002.0,6950.0,7014.0,6930.0,12137.0,84667712.0,50457
2023-05-11 09:06:07,SM2306,SM2306,7006.0,11.0,76736.0,-1.0,76,7004.0,7006.0,9,7002.0,6950.0,7014.0,6930.0,12148.0,84744448.0,50456
2023-05-11 09:06:07,SM2306,SM2306,7006.0,8.0,55808.0,0.0,78,7004.0,7006.0,1,7002.0,6950.0,7014.0,6930.0,12156.0,84800256.0,50456
2023-05-11 09:06:08,SM2306,SM2306,7008.0,8.0,55808.0,3.0,1,7006.0,7008.0,25,7002.0,6950.0,7014.0,6930.0,12164.0,84856064.0,50459
2023-05-11 09:06:08,SM2306,SM2306,7008.0,0.0,0.0,0.0,17,7006.0,7008.0,25,7002.0,6950.0,7014.0,6930.0,12164.0,84856064.0,50459
2023-05-11 09:06:09,SM2306,SM2306,7006.0,8.0,55808.0,4.0,13,7006.0,7008.0,22,7002.0,6950.0,7014.0,6930.0,12172.0,84911872.0,50463
2023-05-11 09:06:09,SM2306,SM2306,7008.0,1.0,6976.0,0.0,13,7006.0,7008.0,21,7002.0,6950.0,7014.0,6930.0,12173.0,84918848.0,50463
2023-05-11 09:06:10,SM2306,SM2306,7008.0,0.0,0.0,0.0,15,7006.0,7008.0,21,7002.0,6950.0,7014.0,6930.0,12173.0,84918848.0,50463
2023-05-11 09:06:11,SM2306,SM2306,7008.0,21.0,146496.0,10.0,17,7006.0,7010.0,25,7002.0,6950.0,7014.0,6930.0,12194.0,85065344.0,50473
2023-05-11 09:06:11,SM2306,SM2306,7008.0,1.0,6976.0,0.0,11,7008.0,7010.0,15,7002.0,6950.0,7014.0,6930.0,12195.0,85072320.0,50473
2023-05-11 09:06:12,SM2306,SM2306,7010.0,2.0,13952.0,-2.0,12,7008.0,7010.0,16,7002.0,6950.0,7014.0,6930.0,12197.0,85086272.0,50471
2023-05-11 09:06:13,SM2306,SM2306,7010.0,25.0,174400.0,19.0,1,7008.0,7010.0,15,7002.0,6950.0,7014.0,6930.0,12222.0,85260672.0,50490
2023-05-11 09:06:13,SM2306,SM2306,7010.0,0.0,0.0,0.0,21,7006.0,7010.0,28,7002.0,6950.0,7014.0,6930.0,12222.0,85260672.0,50490
2023-05-11 09:06:14,SM2306,SM2306,7008.0,3.0,20928.0,-3.0,20,7006.0,7008.0,2,7002.0,6950.0,7014.0,6930.0,12225.0,85281600.0,50487
2023-05-11 09:06:14,SM2306,SM2306,7008.0,0.0,0.0,0.0,24,7006.0,7008.0,12,7002.0,6950.0,7014.0,6930.0,12225.0,85281600.0,50487
2023-05-11 09:06:15,SM2306,SM2306,7006.0,43.0,299968.0,-40.0,18,7006.0,7010.0,26,7002.0,6950.0,7014.0,6930.0,12268.0,85581568.0,50447
2023-05-11 09:06:15,SM2306,SM2306,7008.0,3.0,20928.0,0.0,21,7008.0,7010.0,32,7002.0,6950.0,7014.0,6930.0,12271.0,85602496.0,50447
2023-05-11 09:06:16,SM2306,SM2306,7008.0,3.0,20928.0,-1.0,19,7008.0,7010.0,29,7002.0,6950.0,7014.0,6930.0,12274.0,85623424.0,50446
2023-05-11 09:06:16,SM2306,SM2306,7010.0,1.0,6976.0,-1.0,29,7008.0,7010.0,28,7002.0,6950.0,7014.0,6930.0,12275.0,85630400.0,50445
2023-05-11 09:06:18,SM2306,SM2306,7008.0,1.0,6976.0,0.0,28,7008.0,7010.0,27,7002.0,6950.0,7014.0,6930.0,12276.0,85637376.0,50445
2023-05-11 09:06:18,SM2306,SM2306,7008.0,0.0,0.0,0.0,28,7008.0,7010.0,32,7002.0,6950.0,7014.0,6930.0,12276.0,85637376.0,50445
2023-05-11 09:06:19,SM2306,SM2306,7010.0,1.0,6976.0,1.0,29,7008.0,7010.0,31,7002.0,6950.0,7014.0,6930.0,12277.0,85644352.0,50446
2023-05-11 09:06:19,SM2306,SM2306,7010.0,0.0,0.0,0.0,31,7008.0,7010.0,31,7002.0,6950.0,7014.0,6930.0,12277.0,85644352.0,50446
2023-05-11 09:06:20,SM2306,SM2306,7010.0,11.0,76736.0,-7.0,29,7008.0,7010.0,19,7002.0,6950.0,7014.0,6930.0,12288.0,85721088.0,50439
2023-05-11 09:06:20,SM2306,SM2306,7010.0,1.0,6976.0,1.0,29,7008.0,7010.0,21,7002.0,6950.0,7014.0,6930.0,12289.0,85728064.0,50440
2023-05-11 09:06:21,SM2306,SM2306,7010.0,1.0,6976.0,1.0,29,7008.0,7010.0,20,7002.0,6950.0,7014.0,6930.0,12290.0,85735040.0,50441
2023-05-11 09:06:21,SM2306,SM2306,7010.0,0.0,0.0,0.0,30,7008.0,7010.0,21,7002.0,6950.0,7014.0,6930.0,12290.0,85735040.0,50441
2023-05-11 09:06:23,SM2306,SM2306,7010.0,32.0,223232.0,-18.0,44,7006.0,7010.0,20,7002.0,6950.0,7014.0,6930.0,12322.0,85958272.0,50423
2023-05-11 09:06:23,SM2306,SM2306,7010.0,9.0,62784.0,-2.0,2,7008.0,7010.0,28,7002.0,6950.0,7014.0,6930.0,12331.0,86021056.0,50421
2023-05-11 09:06:24,SM2306,SM2306,7010.0,0.0,0.0,0.0,5,7008.0,7010.0,25,7002.0,6950.0,7014.0,6930.0,12331.0,86021056.0,50421
2023-05-11 09:06:24,SM2306,SM2306,7008.0,1.0,6976.0,0.0,4,7008.0,7010.0,26,7002.0,6950.0,7014.0,6930.0,12332.0,86028032.0,50421
2023-05-11 09:06:26,SM2306,SM2306,7008.0,0.0,0.0,0.0,12,7008.0,7010.0,26,7002.0,6950.0,7014.0,6930.0,12332.0,86028032.0,50421
2023-05-11 09:06:26,SM2306,SM2306,7008.0,0.0,0.0,0.0,44,7008.0,7010.0,18,7002.0,6950.0,7014.0,6930.0,12332.0,86028032.0,50421
2023-05-11 09:06:27,SM2306,SM2306,7010.0,18.0,125568.0,5.0,48,7008.0,7012.0,182,7002.0,6950.0,7014.0,6930.0,12350.0,86153600.0,50426
2023-05-11 09:06:27,SM2306,SM2306,7010.0,4.0,27904.0,-2.0,51,7008.0,7010.0,2,7002.0,6950.0,7014.0,6930.0,12354.0,86181504.0,50424
2023-05-11 09:06:28,SM2306,SM2306,7010.0,6.0,41856.0,3.0,9,7008.0,7010.0,2,7002.0,6950.0,7014.0,6930.0,12360.0,86223360.0,50427
2023-05-11 09:06:28,SM2306,SM2306,7010.0,4.0,27904.0,3.0,18,7008.0,7010.0,4,7002.0,6950.0,7014.0,6930.0,12364.0,86251264.0,50430
2023-05-11 09:06:29,SM2306,SM2306,7010.0,0.0,0.0,0.0,16,7008.0,7010.0,5,7002.0,6950.0,7014.0,6930.0,12364.0,86251264.0,50430
2023-05-11 09:06:30,SM2306,SM2306,7008.0,10.0,69760.0,2.0,9,7008.0,7010.0,18,7002.0,6950.0,7014.0,6930.0,12374.0,86321024.0,50432
