time,symbol_id,symbol_name,last,trade_volume,trade_amount,open_interest_change,bv1,bp1,ap1,av1,yesterday_close,today_open,today_high,today_low,volume,amount,open_interest
2023-05-11 08:59:00,SM2305,SM2305,7024.0,0.0,0.0,0.0,400,7000.0,7250.0,20,7024.0,7000.0,0.0,0.0,0.0,0.0,5190
2023-05-11 09:00:01,SM2305,SM2305,7000.0,197.0,1379000.0,0.0,203,7000.0,7250.0,20,7024.0,7000.0,7000.0,7000.0,197.0,1379000.0,5190
2023-05-11 09:00:16,SM2305,SM2305,7000.0,0.0,0.0,0.0,43,7002.0,7250.0,20,7024.0,7000.0,7000.0,7000.0,197.0,1379000.0,5190
2023-05-11 09:00:32,SM2305,SM2305,7000.0,0.0,0.0,0.0,203,7000.0,7250.0,20,7024.0,7000.0,7000.0,7000.0,197.0,1379000.0,5190
2023-05-11 09:00:39,SM2305,SM2305,7000.0,0.0,0.0,0.0,43,7002.0,7250.0,20,7024.0,7000.0,7000.0,7000.0,197.0,1379000.0,5190
2023-05-11 09:02:09,SM2305,SM2305,7000.0,0.0,0.0,0.0,43,7002.0,7100.0,3,7024.0,7000.0,7000.0,7000.0,197.0,1379000.0,5190
2023-05-11 09:03:41,SM2305,SM2305,7000.0,0.0,0.0,0.0,43,7002.0,7060.0,3,7024.0,7000.0,7000.0,7000.0,197.0,1379000.0,5190
2023-05-11 09:03:44,SM2305,SM2305,7000.0,0.0,0.0,0.0,44,7002.0,7060.0,3,7024.0,7000.0,7000.0,7000.0,197.0,1379000.0,5190
2023-05-11 09:03:44,SM2305,SM2305,7000.0,0.0,0.0,0.0,43,7002.0,7060.0,3,7024.0,7000.0,7000.0,7000.0,197.0,1379000.0,5190
2023-05-11 09:03:45,SM2305,SM2305,7000.0,0.0,0.0,0.0,44,7002.0,7060.0,3,7024.0,7000.0,7000.0,7000.0,197.0,1379000.0,5190
2023-05-11 09:03:45,SM2305,SM2305,7000.0,0.0,0.0,0.0,43,7002.0,7060.0,3,7024.0,7000.0,7000.0,7000.0,197.0,1379000.0,5190
2023-05-11 09:04:41,SM2305,SM2305,7000.0,0.0,0.0,0.0,44,7002.0,7060.0,3,7024.0,7000.0,7000.0,7000.0,197.0,1379000.0,5190
2023-05-11 09:04:41,SM2305,SM2305,7000.0,0.0,0.0,0.0,51,7002.0,7060.0,3,7024.0,7000.0,7000.0,7000.0,197.0,1379000.0,5190
2023-05-11 09:04:42,SM2305,SM2305,7000.0,0.0,0.0,0.0,48,7002.0,7060.0,3,7024.0,7000.0,7000.0,7000.0,197.0,1379000.0,5190
2023-05-11 09:04:44,SM2305,SM2305,7000.0,0.0,0.0,0.0,53,7002.0,7060.0,3,7024.0,7000.0,7000.0,7000.0,197.0,1379000.0,5190
2023-05-11 09:04:44,SM2305,SM2305,7000.0,0.0,0.0,0.0,51,7002.0,7060.0,3,7024.0,7000.0,7000.0,7000.0,197.0,1379000.0,5190
2023-05-11 09:04:45,SM2305,SM2305,7000.0,0.0,0.0,0.0,43,7002.0,7060.0,3,7024.0,7000.0,7000.0,7000.0,197.0,1379000.0,5190
2023-05-11 09:04:47,SM2305,SM2305,7000.0,0.0,0.0,0.0,46,7002.0,7060.0,3,7024.0,7000.0,7000.0,7000.0,197.0,1379000.0,5190
2023-05-11 09:04:47,SM2305,SM2305,7000.0,0.0,0.0,0.0,50,7002.0,7060.0,3,7024.0,7000.0,7000.0,7000.0,197.0,1379000.0,5190
2023-05-11 09:04:47,SM2305,SM2305,7000.0,0.0,0.0,0.0,43,7002.0,7060.0,3,7024.0,7000.0,7000.0,7000.0,197.0,1379000.0,5190
2023-05-11 09:04:59,SM2305,SM2305,7000.0,0.0,0.0,0.0,49,7002.0,7060.0,3,7024.0,7000.0,7000.0,7000.0,197.0,1379000.0,5190
2023-05-11 09:05:00,SM2305,SM2305,7000.0,0.0,0.0,0.0,60,7002.0,7060.0,3,7024.0,7000.0,7000.0,7000.0,197.0,1379000.0,5190
2023-05-11 09:05:00,SM2305,SM2305,7000.0,0.0,0.0,0.0,43,7002.0,7060.0,3,7024.0,7000.0,7000.0,7000.0,197.0,1379000.0,5190
2023-05-11 09:05:06,SM2305,SM2305,7000.0,0.0,0.0,0.0,44,7002.0,7060.0,3,7024.0,7000.0,7000.0,7000.0,197.0,1379000.0,5190
2023-05-11 09:05:06,SM2305,SM2305,7000.0,0.0,0.0,0.0,54,7002.0,7060.0,3,7024.0,7000.0,7000.0,7000.0,197.0,1379000.0,5190
2023-05-11 09:05:07,SM2305,SM2305,7000.0,0.0,0.0,0.0,1,7004.0,7060.0,3,7024.0,7000.0,7000.0,7000.0,197.0,1379000.0,5190
2023-05-11 09:05:07,SM2305,SM2305,7000.0,0.0,0.0,0.0,30,7004.0,7060.0,3,7024.0,7000.0,7000.0,7000.0,197.0,1379000.0,5190
2023-05-11 09:05:08,SM2305,SM2305,7000.0,0.0,0.0,0.0,17,7006.0,7060.0,3,7024.0,7000.0,7000.0,7000.0,197.0,1379000.0,5190
2023-05-11 09:05:08,SM2305,SM2305,7000.0,0.0,0.0,0.0,45,7006.0,7060.0,3,7024.0,7000.0,7000.0,7000.0,197.0,1379000.0,5190
2023-05-11 09:05:09,SM2305,SM2305,7000.0,0.0,0.0,0.0,11,7008.0,7060.0,3,7024.0,7000.0,7000.0,7000.0,197.0,1379000.0,5190
2023-05-11 09:05:09,SM2305,SM2305,7000.0,0.0,0.0,0.0,1,7010.0,7060.0,3,7024.0,7000.0,7000.0,7000.0,197.0,1379000.0,5190
2023-05-11 09:05:10,SM2305,SM2305,7000.0,0.0,0.0,0.0,44,7010.0,7060.0,3,7024.0,7000.0,7000.0,7000.0,197.0,1379000.0,5190
2023-05-11 09:05:10,SM2305,SM2305,7000.0,0.0,0.0,0.0,23,7010.0,7060.0,3,7024.0,7000.0,7000.0,7000.0,197.0,1379000.0,5190
2023-05-11 09:05:11,SM2305,SM2305,7000.0,0.0,0.0,0.0,42,7010.0,7060.0,3,7024.0,7000.0,7000.0,7000.0,197.0,1379000.0,5190
2023-05-11 09:05:12,SM2305,SM2305,7000.0,0.0,0.0,0.0,40,7010.0,7060.0,3,7024.0,7000.0,7000.0,7000.0,197.0,1379000.0,5190
2023-05-11 09:05:12,SM2305,SM2305,7000.0,0.0,0.0,0.0,10,7008.0,7060.0,3,7024.0,7000.0,7000.0,7000.0,197.0,1379000.0,5190
2023-05-11 09:05:13,SM2305,SM2305,7000.0,0.0,0.0,0.0,11,7008.0,7060.0,3,7024.0,7000.0,7000.0,7000.0,197.0,1379000.0,5190
2023-05-11 09:05:13,SM2305,SM2305,7000.0,0.0,0.0,0.0,13,7006.0,7060.0,3,7024.0,7000.0,7000.0,7000.0,197.0,1379000.0,5190
2023-05-11 09:05:14,SM2305,SM2305,7000.0,0.0,0.0,0.0,14,7006.0,7060.0,3,7024.0,7000.0,7000.0,7000.0,197.0,1379000.0,5190
2023-05-11 09:05:15,SM2305,SM2305,7000.0,0.0,0.0,0.0,21,7006.0,7060.0,3,7024.0,7000.0,7000.0,7000.0,197.0,1379000.0,5190
2023-05-11 09:05:15,SM2305,SM2305,7000.0,0.0,0.0,0.0,28,7006.0,7060.0,3,7024.0,7000.0,7000.0,7000.0,197.0,1379000.0,5190
2023-05-11 09:05:16,SM2305,SM2305,7000.0,0.0,0.0,0.0,7,7008.0,7060.0,3,7024.0,7000.0,7000.0,7000.0,197.0,1379000.0,5190
2023-05-11 09:05:16,SM2305,SM2305,7000.0,0.0,0.0,0.0,10,7008.0,7060.0,3,7024.0,7000.0,7000.0,7000.0,197.0,1379000.0,5190
2023-05-11 09:05:17,SM2305,SM2305,7000.0,0.0,0.0,0.0,20,7008.0,7060.0,3,7024.0,7000.0,7000.0,7000.0,197.0,1379000.0,5190
2023-05-11 09:05:17,SM2305,SM2305,7000.0,0.0,0.0,0.0,16,7008.0,7060.0,3,7024.0,7000.0,7000.0,7000.0,197.0,1379000.0,5190
2023-05-11 09:05:18,SM2305,SM2305,7000.0,0.0,0.0,0.0,22,7008.0,7060.0,3,7024.0,7000.0,7000.0,7000.0,197.0,1379000.0,5190
2023-05-11 09:05:18,SM2305,SM2305,7000.0,0.0,0.0,0.0,26,7008.0,7060.0,3,7024.0,7000.0,7000.0,7000.0,197.0,1379000.0,5190
2023-05-11 09:05:19,SM2305,SM2305,7000.0,0.0,0.0,0.0,25,7008.0,7060.0,3,7024.0,7000.0,7000.0,7000.0,197.0,1379000.0,5190
2023-05-11 09:05:19,SM2305,SM2305,7000.0,0.0,0.0,0.0,9,7010.0,7060.0,3,7024.0,7000.0,7000.0,7000.0,197.0,1379000.0,5190
2023-05-11 09:05:20,SM2305,SM2305,7000.0,0.0,0.0,0.0,8,7010.0,7060.0,3,7024.0,7000.0,7000.0,7000.0,197.0,1379000.0,5190
2023-05-11 09:05:20,SM2305,SM2305,7000.0,0.0,0.0,0.0,14,7010.0,7060.0,3,7024.0,7000.0,7000.0,7000.0,197.0,1379000.0,5190
2023-05-11 09:05:21,SM2305,SM2305,7000.0,0.0,0.0,0.0,18,7006.0,7060.0,3,7024.0,7000.0,7000.0,7000.0,197.0,1379000.0,5190
2023-05-11 09:05:21,SM2305,SM2305,7000.0,0.0,0.0,0.0,22,7004.0,7060.0,3,7024.0,7000.0,7000.0,7000.0,197.0,1379000.0,5190
2023-05-11 09:05:22,SM2305,SM2305,7000.0,0.0,0.0,0.0,55,7002.0,7060.0,3,7024.0,7000.0,7000.0,7000.0,197.0,1379000.0,5190
2023-05-11 09:05:22,SM2305,SM2305,7000.0,0.0,0.0,0.0,60,7002.0,7060.0,3,7024.0,7000.0,7000.0,7000.0,197.0,1379000.0,5190
2023-05-11 09:05:23,SM2305,SM2305,7000.0,0.0,0.0,0.0,5,7004.0,7060.0,3,7024.0,7000.0,7000.0,7000.0,197.0,1379000.0,5190
2023-05-11 09:05:23,SM2305,SM2305,7000.0,0.0,0.0,0.0,15,7004.0,7060.0,3,7024.0,7000.0,7000.0,7000.0,197.0,1379000.0,5190
2023-05-11 09:05:24,SM2305,SM2305,7000.0,0.0,0.0,0.0,10,7004.0,7060.0,3,7024.0,7000.0,7000.0,7000.0,197.0,1379000.0,5190
2023-05-11 09:05:24,SM2305,SM2305,7000.0,0.0,0.0,0.0,6,7004.0,7060.0,3,7024.0,7000.0,7000.0,7000.0,197.0,1379000.0,5190
2023-05-11 09:05:26,SM2305,SM2305,7000.0,0.0,0.0,0.0,67,7002.0,7060.0,3,7024.0,7000.0,7000.0,7000.0,197.0,1379000.0,5190
2023-05-11 09:05:28,SM2305,SM2305,7000.0,0.0,0.0,0.0,70,7002.0,7060.0,3,7024.0,7000.0,7000.0,7000.0,197.0,1379000.0,5190
2023-05-11 09:05:28,SM2305,SM2305,7000.0,0.0,0.0,0.0,71,7002.0,7060.0,3,7024.0,7000.0,7000.0,7000.0,197.0,1379000.0,5190
2023-05-11 09:05:30,SM2305,SM2305,7000.0,0.0,0.0,0.0,70,7002.0,7060.0,3,7024.0,7000.0,7000.0,7000.0,197.0,1379000.0,5190
2023-05-11 09:05:31,SM2305,SM2305,7000.0,0.0,0.0,0.0,43,7002.0,7060.0,3,7024.0,7000.0,7000.0,7000.0,197.0,1379000.0,5190
2023-05-11 09:05:32,SM2305,SM2305,7000.0,0.0,0.0,0.0,48,7002.0,7060.0,3,7024.0,7000.0,7000.0,7000.0,197.0,1379000.0,5190
2023-05-11 09:05:32,SM2305,SM2305,7000.0,0.0,0.0,0.0,43,7002.0,7060.0,3,7024.0,7000.0,7000.0,7000.0,197.0,1379000.0,5190
2023-05-11 09:05:33,SM2305,SM2305,7000.0,0.0,0.0,0.0,48,7002.0,7060.0,3,7024.0,7000.0,7000.0,7000.0,197.0,1379000.0,5190
2023-05-11 09:05:34,SM2305,SM2305,7000.0,0.0,0.0,0.0,59,7002.0,7060.0,3,7024.0,7000.0,7000.0,7000.0,197.0,1379000.0,5190
2023-05-11 09:05:34,SM2305,SM2305,7000.0,0.0,0.0,0.0,43,7002.0,7060.0,3,7024.0,7000.0,7000.0,7000.0,197.0,1379000.0,5190
2023-05-11 09:05:38,SM2305,SM2305,7000.0,0.0,0.0,0.0,49,7002.0,7060.0,3,7024.0,7000.0,7000.0,7000.0,197.0,1379000.0,5190
2023-05-11 09:05:38,SM2305,SM2305,7000.0,0.0,0.0,0.0,43,7002.0,7060.0,3,7024.0,7000.0,7000.0,7000.0,197.0,1379000.0,5190
2023-05-11 09:05:39,SM2305,SM2305,7000.0,0.0,0.0,0.0,44,7002.0,7060.0,3,7024.0,7000.0,7000.0,7000.0,197.0,1379000.0,5190
2023-05-11 09:05:39,SM2305,SM2305,7000.0,0.0,0.0,0.0,43,7002.0,7060.0,3,7024.0,7000.0,7000.0,7000.0,197.0,1379000.0,5190
2023-05-11 09:05:41,SM2305,SM2305,7000.0,0.0,0.0,0.0,47,7002.0,7060.0,3,7024.0,7000.0,7000.0,7000.0,197.0,1379000.0,5190
2023-05-11 09:05:42,SM2305,SM2305,7000.0,0.0,0.0,0.0,48,7002.0,7060.0,3,7024.0,7000.0,7000.0,7000.0,197.0,1379000.0,5190
2023-05-11 09:05:42,SM2305,SM2305,7000.0,0.0,0.0,0.0,43,7002.0,7060.0,3,7024.0,7000.0,7000.0,7000.0,197.0,1379000.0,5190
2023-05-11 09:05:45,SM2305,SM2305,7000.0,0.0,0.0,0.0,50,7002.0,7060.0,3,7024.0,7000.0,7000.0,7000.0,197.0,1379000.0,5190
2023-05-11 09:05:45,SM2305,SM2305,7000.0,0.0,0.0,0.0,58,7002.0,7060.0,3,7024.0,7000.0,7000.0,7000.0,197.0,1379000.0,5190
2023-05-11 09:05:47,SM2305,SM2305,7000.0,0.0,0.0,0.0,57,7002.0,7060.0,3,7024.0,7000.0,7000.0,7000.0,197.0,1379000.0,5190
2023-05-11 09:05:48,SM2305,SM2305,7000.0,0.0,0.0,0.0,4,7004.0,7060.0,3,7024.0,7000.0,7000.0,7000.0,197.0,1379000.0,5190
2023-05-11 09:05:48,SM2305,SM2305,7000.0,0.0,0.0,0.0,5,7004.0,7060.0,3,7024.0,7000.0,7000.0,7000.0,197.0,1379000.0,5190
2023-05-11 09:05:49,SM2305,SM2305,7000.0,0.0,0.0,0.0,7,7004.0,7060.0,3,7024.0,7000.0,7000.0,7000.0,197.0,1379000.0,5190
2023-05-11 09:05:52,SM2305,SM2305,7000.0,0.0,0.0,0.0,10,7004.0,7060.0,3,7024.0,7000.0,7000.0,7000.0,197.0,1379000.0,5190
2023-05-11 09:05:53,SM2305,SM2305,7000.0,0.0,0.0,0.0,11,7004.0,7060.0,3,7024.0,7000.0,7000.0,7000.0,197.0,1379000.0,5190
2023-05-11 09:05:53,SM2305,SM2305,7000.0,0.0,0.0,0.0,12,7004.0,7060.0,3,7024.0,7000.0,7000.0,7000.0,197.0,1379000.0,5190
2023-05-11 09:05:54,SM2305,SM2305,7000.0,0.0,0.0,0.0,33,7006.0,7060.0,3,7024.0,7000.0,7000.0,7000.0,197.0,1379000.0,5190
2023-05-11 09:05:54,SM2305,SM2305,7000.0,0.0,0.0,0.0,4,7008.0,7060.0,3,7024.0,7000.0,7000.0,7000.0,197.0,1379000.0,5190
2023-05-11 09:05:55,SM2305,SM2305,7000.0,0.0,0.0,0.0,5,7008.0,7060.0,3,7024.0,7000.0,7000.0,7000.0,197.0,1379000.0,5190
2023-05-11 09:05:55,SM2305,SM2305,7000.0,0.0,0.0,0.0,28,7006.0,7060.0,3,7024.0,7000.0,7000.0,7000.0,197.0,1379000.0,5190
2023-05-11 09:05:56,SM2305,SM2305,7000.0,0.0,0.0,0.0,1,7006.0,7060.0,3,7024.0,7000.0,7000.0,7000.0,197.0,1379000.0,5190
2023-05-11 09:05:56,SM2305,SM2305,7000.0,0.0,0.0,0.0,50,7004.0,7060.0,3,7024.0,7000.0,7000.0,7000.0,197.0,1379000.0,5190
2023-05-11 09:06:00,SM2305,SM2305,7000.0,0.0,0.0,0.0,13,7006.0,7060.0,3,7024.0,7000.0,7000.0,7000.0,197.0,1379000.0,5190
2023-05-11 09:06:01,SM2305,SM2305,7000.0,0.0,0.0,0.0,12,7006.0,7060.0,3,7024.0,7000.0,7000.0,7000.0,197.0,1379000.0,5190
2023-05-11 09:06:01,SM2305,SM2305,7000.0,0.0,0.0,0.0,16,7006.0,7060.0,3,7024.0,7000.0,7000.0,7000.0,197.0,1379000.0,5190
2023-05-11 09:06:02,SM2305,SM2305,7000.0,0.0,0.0,0.0,25,7008.0,7060.0,3,7024.0,7000.0,7000.0,7000.0,197.0,1379000.0,5190
2023-05-11 09:06:02,SM2305,SM2305,7000.0,0.0,0.0,0.0,24,7008.0,7060.0,3,7024.0,7000.0,7000.0,7000.0,197.0,1379000.0,5190
2023-05-11 09:06:03,SM2305,SM2305,7000.0,0.0,0.0,0.0,25,7008.0,7060.0,3,7024.0,7000.0,7000.0,7000.0,197.0,1379000.0,5190
2023-05-11 09:06:04,SM2305,SM2305,7000.0,0.0,0.0,0.0,1,7010.0,7060.0,3,7024.0,7000.0,7000.0,7000.0,197.0,1379000.0,5190
2023-05-11 09:06:04,SM2305,SM2305,7000.0,0.0,0.0,0.0,20,7010.0,7060.0,3,7024.0,7000.0,7000.0,7000.0,197.0,1379000.0,5190
2023-05-11 09:06:05,SM2305,SM2305,7000.0,0.0,0.0,0.0,36,7010.0,7060.0,3,7024.0,7000.0,7000.0,7000.0,197.0,1379000.0,5190
2023-05-11 09:06:05,SM2305,SM2305,7000.0,0.0,0.0,0.0,39,7010.0,7060.0,3,7024.0,7000.0,7000.0,7000.0,197.0,1379000.0,5190
2023-05-11 09:06:06,SM2305,SM2305,7000.0,0.0,0.0,0.0,2,7006.0,7060.0,3,7024.0,7000.0,7000.0,7000.0,197.0,1379000.0,5190
2023-05-11 09:06:06,SM2305,SM2305,7000.0,0.0,0.0,0.0,7,7006.0,7060.0,3,7024.0,7000.0,7000.0,7000.0,197.0,1379000.0,5190
2023-05-11 09:06:06,SM2305,SM2305,7000.0,0.0,0.0,0.0,50,7004.0,7060.0,3,7024.0,7000.0,7000.0,7000.0,197.0,1379000.0,5190
2023-05-11 09:06:08,SM2305,SM2305,7000.0,0.0,0.0,0.0,1,7006.0,7060.0,3,7024.0,7000.0,7000.0,7000.0,197.0,1379000.0,5190
2023-05-11 09:06:08,SM2305,SM2305,7000.0,0.0,0.0,0.0,17,7006.0,7060.0,3,7024.0,7000.0,7000.0,7000.0,197.0,1379000.0,5190
2023-05-11 09:06:09,SM2305,SM2305,7000.0,0.0,0.0,0.0,13,7006.0,7060.0,3,7024.0,7000.0,7000.0,7000.0,197.0,1379000.0,5190
2023-05-11 09:06:10,SM2305,SM2305,7000.0,0.0,0.0,0.0,15,7006.0,7060.0,3,7024.0,7000.0,7000.0,7000.0,197.0,1379000.0,5190
2023-05-11 09:06:11,SM2305,SM2305,7000.0,0.0,0.0,0.0,7,7008.0,7060.0,3,7024.0,7000.0,7000.0,7000.0,197.0,1379000.0,5190
2023-05-11 09:06:11,SM2305,SM2305,7000.0,0.0,0.0,0.0,8,7008.0,7060.0,3,7024.0,7000.0,7000.0,7000.0,197.0,1379000.0,5190
2023-05-11 09:06:13,SM2305,SM2305,7000.0,0.0,0.0,0.0,9,7006.0,7060.0,3,7024.0,7000.0,7000.0,7000.0,197.0,1379000.0,5190
2023-05-11 09:06:14,SM2305,SM2305,7000.0,0.0,0.0,0.0,10,7006.0,7060.0,3,7024.0,7000.0,7000.0,7000.0,197.0,1379000.0,5190
2023-05-11 09:06:14,SM2305,SM2305,7000.0,0.0,0.0,0.0,18,7006.0,7060.0,3,7024.0,7000.0,7000.0,7000.0,197.0,1379000.0,5190
2023-05-11 09:06:15,SM2305,SM2305,7000.0,0.0,0.0,0.0,21,7008.0,7060.0,3,7024.0,7000.0,7000.0,7000.0,197.0,1379000.0,5190
2023-05-11 09:06:16,SM2305,SM2305,7000.0,0.0,0.0,0.0,19,7008.0,7060.0,3,7024.0,7000.0,7000.0,7000.0,197.0,1379000.0,5190
2023-05-11 09:06:16,SM2305,SM2305,7000.0,0.0,0.0,0.0,29,7008.0,7060.0,3,7024.0,7000.0,7000.0,7000.0,197.0,1379000.0,5190
2023-05-11 09:06:18,SM2305,SM2305,7000.0,0.0,0.0,0.0,28,7008.0,7060.0,3,7024.0,7000.0,7000.0,7000.0,197.0,1379000.0,5190
2023-05-11 09:06:19,SM2305,SM2305,7000.0,0.0,0.0,0.0,29,7008.0,7060.0,3,7024.0,7000.0,7000.0,7000.0,197.0,1379000.0,5190
2023-05-11 09:06:21,SM2305,SM2305,7000.0,0.0,0.0,0.0,30,7008.0,7060.0,3,7024.0,7000.0,7000.0,7000.0,197.0,1379000.0,5190
2023-05-11 09:06:23,SM2305,SM2305,7000.0,0.0,0.0,0.0,35,7006.0,7060.0,3,7024.0,7000.0,7000.0,7000.0,197.0,1379000.0,5190
2023-05-11 09:06:23,SM2305,SM2305,7000.0,0.0,0.0,0.0,2,7008.0,7060.0,3,7024.0,7000.0,7000.0,7000.0,197.0,1379000.0,5190
2023-05-11 09:06:24,SM2305,SM2305,7000.0,0.0,0.0,0.0,5,7008.0,7060.0,3,7024.0,7000.0,7000.0,7000.0,197.0,1379000.0,5190
2023-05-11 09:06:24,SM2305,SM2305,7000.0,0.0,0.0,0.0,4,7008.0,7060.0,3,7024.0,7000.0,7000.0,7000.0,197.0,1379000.0,5190
2023-05-11 09:06:26,SM2305,SM2305,7000.0,0.0,0.0,0.0,8,7008.0,7060.0,3,7024.0,7000.0,7000.0,7000.0,197.0,1379000.0,5190
2023-05-11 09:06:27,SM2305,SM2305,7000.0,0.0,0.0,0.0,9,7008.0,7060.0,3,7024.0,7000.0,7000.0,7000.0,197.0,1379000.0,5190
2023-05-11 09:06:27,SM2305,SM2305,7000.0,0.0,0.0,0.0,8,7008.0,7060.0,3,7024.0,7000.0,7000.0,7000.0,197.0,1379000.0,5190
2023-05-11 09:06:28,SM2305,SM2305,7000.0,0.0,0.0,0.0,12,7008.0,7060.0,3,7024.0,7000.0,7000.0,7000.0,197.0,1379000.0,5190
2023-05-11 09:06:30,SM2305,SM2305,7000.0,0.0,0.0,0.0,4,7008.0,7060.0,3,7024.0,7000.0,7000.0,7000.0,197.0,1379000.0,5190
2023-05-11 09:06:30,SM2305,SM2305,7000.0,0.0,0.0,0.0,2,7008.0,7060.0,3,7024.0,7000.0,7000.0,7000.0,197.0,1379000.0,5190
2023-05-11 09:06:31,SM2305,SM2305,7000.0,0.0,0.0,0.0,1,7008.0,7060.0,3,7024.0,7000.0,7000.0,7000.0,197.0,1379000.0,5190
2023-05-11 09:06:31,SM2305,SM2305,7000.0,0.0,0.0,0.0,4,7008.0,7060.0,3,7024.0,7000.0,7000.0,7000.0,197.0,1379000.0,5190
2023-05-11 09:06:32,SM2305,SM2305,7000.0,0.0,0.0,0.0,9,7010.0,7060.0,3,7024.0,7000.0,7000.0,7000.0,197.0,1379000.0,5190
2023-05-11 09:06:32,SM2305,SM2305,7000.0,0.0,0.0,0.0,44,7010.0,7060.0,3,7024.0,7000.0,7000.0,7000.0,197.0,1379000.0,5190
2023-05-11 09:06:33,SM2305,SM2305,7000.0,0.0,0.0,0.0,20,7014.0,7060.0,3,7024.0,7000.0,7000.0,7000.0,197.0,1379000.0,5190
2023-05-11 09:06:33,SM2305,SM2305,7000.0,0.0,0.0,0.0,50,7012.0,7060.0,3,7024.0,7000.0,7000.0,7000.0,197.0,1379000.0,5190
2023-05-11 09:06:34,SM2305,SM2305,7000.0,0.0,0.0,0.0,8,7014.0,7060.0,3,7024.0,7000.0,7000.0,7000.0,197.0,1379000.0,5190
2023-05-11 09:06:35,SM2305,SM2305,7000.0,0.0,0.0,0.0,8,7016.0,7060.0,3,7024.0,7000.0,7000.0,7000.0,197.0,1379000.0,5190
2023-05-11 09:06:35,SM2305,SM2305,7000.0,0.0,0.0,0.0,12,7008.0,7060.0,3,7024.0,7000.0,7000.0,7000.0,197.0,1379000.0,5190
2023-05-11 09:06:36,SM2305,SM2305,7000.0,0.0,0.0,0.0,28,7010.0,7060.0,3,7024.0,7000.0,7000.0,7000.0,197.0,1379000.0,5190
2023-05-11 09:06:36,SM2305,SM2305,7000.0,0.0,0.0,0.0,27,7010.0,7060.0,3,7024.0,7000.0,7000.0,7000.0,197.0,1379000.0,5190
2023-05-11 09:06:36,SM2305,SM2305,7000.0,0.0,0.0,0.0,23,7010.0,7060.0,3,7024.0,7000.0,7000.0,7000.0,197.0,1379000.0,5190
2023-05-11 09:06:37,SM2305,SM2305,7000.0,0.0,0.0,0.0,22,7010.0,7060.0,3,7024.0,7000.0,7000.0,7000.0,197.0,1379000.0,5190
2023-05-11 09:06:38,SM2305,SM2305,7000.0,0.0,0.0,0.0,19,7008.0,7060.0,3,7024.0,7000.0,7000.0,7000.0,197.0,1379000.0,5190
2023-05-11 09:06:39,SM2305,SM2305,7000.0,0.0,0.0,0.0,12,7008.0,7060.0,3,7024.0,7000.0,7000.0,7000.0,197.0,1379000.0,5190
2023-05-11 09:06:40,SM2305,SM2305,7000.0,0.0,0.0,0.0,2,7008.0,7060.0,3,7024.0,7000.0,7000.0,7000.0,197.0,1379000.0,5190
2023-05-11 09:06:40,SM2305,SM2305,7000.0,0.0,0.0,0.0,3,7008.0,7060.0,3,7024.0,7000.0,7000.0,7000.0,197.0,1379000.0,5190
2023-05-11 09:06:41,SM2305,SM2305,7000.0,0.0,0.0,0.0,50,7006.0,7060.0,3,7024.0,7000.0,7000.0,7000.0,197.0,1379000.0,5190
2023-05-11 09:06:41,SM2305,SM2305,7000.0,0.0,0.0,0.0,47,7006.0,7060.0,3,7024.0,7000.0,7000.0,7000.0,197.0,1379000.0,5190
2023-05-11 09:06:42,SM2305,SM2305,7000.0,0.0,0.0,0.0,50,7006.0,7060.0,3,7024.0,7000.0,7000.0,7000.0,197.0,1379000.0,5190
2023-05-11 09:06:43,SM2305,SM2305,7000.0,0.0,0.0,0.0,4,7008.0,7060.0,3,7024.0,7000.0,7000.0,7000.0,197.0,1379000.0,5190
2023-05-11 09:06:44,SM2305,SM2305,7000.0,0.0,0.0,0.0,5,7008.0,7060.0,3,7024.0,7000.0,7000.0,7000.0,197.0,1379000.0,5190
2023-05-11 09:06:45,SM2305,SM2305,7000.0,0.0,0.0,0.0,2,7010.0,7060.0,3,7024.0,7000.0,7000.0,7000.0,197.0,1379000.0,5190
2023-05-11 09:06:46,SM2305,SM2305,7000.0,0.0,0.0,0.0,16,7010.0,7060.0,3,7024.0,7000.0,7000.0,7000.0,197.0,1379000.0,5190
2023-05-11 09:06:46,SM2305,SM2305,7000.0,0.0,0.0,0.0,13,7010.0,7060.0,3,7024.0,7000.0,7000.0,7000.0,197.0,1379000.0,5190
2023-05-11 09:06:48,SM2305,SM2305,7000.0,0.0,0.0,0.0,12,7010.0,7060.0,3,7024.0,7000.0,7000.0,7000.0,197.0,1379000.0,5190
2023-05-11 09:06:48,SM2305,SM2305,7000.0,0.0,0.0,0.0,16,7010.0,7060.0,3,7024.0,7000.0,7000.0,7000.0,197.0,1379000.0,5190
2023-05-11 09:06:50,SM2305,SM2305,7000.0,0.0,0.0,0.0,26,7010.0,7060.0,3,7024.0,7000.0,7000.0,7000.0,197.0,1379000.0,5190
2023-05-11 09:06:52,SM2305,SM2305,7000.0,0.0,0.0,0.0,25,7010.0,7060.0,3,7024.0,7000.0,7000.0,7000.0,197.0,1379000.0,5190
2023-05-11 09:06:52,SM2305,SM2305,7000.0,0.0,0.0,0.0,21,7010.0,7060.0,3,7024.0,7000.0,7000.0,7000.0,197.0,1379000.0,5190
2023-05-11 09:06:53,SM2305,SM2305,7000.0,0.0,0.0,0.0,19,7010.0,7060.0,3,7024.0,7000.0,7000.0,7000.0,197.0,1379000.0,5190
2023-05-11 09:06:53,SM2305,SM2305,7000.0,0.0,0.0,0.0,6,7008.0,7060.0,3,7024.0,7000.0,7000.0,7000.0,197.0,1379000.0,5190
2023-05-11 09:06:54,SM2305,SM2305,7000.0,0.0,0.0,0.0,8,7008.0,7060.0,3,7024.0,7000.0,7000.0,7000.0,197.0,1379000.0,5190
2023-05-11 09:06:55,SM2305,SM2305,7000.0,0.0,0.0,0.0,50,7006.0,7060.0,3,7024.0,7000.0,7000.0,7000.0,197.0,1379000.0,5190
2023-05-11 09:06:57,SM2305,SM2305,7000.0,0.0,0.0,0.0,48,7006.0,7060.0,3,7024.0,7000.0,7000.0,7000.0,197.0,1379000.0,5190
2023-05-11 09:06:59,SM2305,SM2305,7000.0,0.0,0.0,0.0,14,7004.0,7060.0,3,7024.0,7000.0,7000.0,7000.0,197.0,1379000.0,5190
2023-05-11 09:07:00,SM2305,SM2305,7000.0,0.0,0.0,0.0,75,7002.0,7060.0,3,7024.0,7000.0,7000.0,7000.0,197.0,1379000.0,5190
2023-05-11 09:07:00,SM2305,SM2305,7000.0,0.0,0.0,0.0,1,7004.0,7060.0,3,7024.0,7000.0,7000.0,7000.0,197.0,1379000.0,5190
2023-05-11 09:07:01,SM2305,SM2305,7000.0,0.0,0.0,0.0,70,7002.0,7060.0,3,7024.0,7000.0,7000.0,7000.0,197.0,1379000.0,5190
2023-05-11 09:07:01,SM2305,SM2305,7000.0,0.0,0.0,0.0,67,7002.0,7060.0,3,7024.0,7000.0,7000.0,7000.0,197.0,1379000.0,5190
2023-05-11 09:07:02,SM2305,SM2305,7000.0,0.0,0.0,0.0,79,7002.0,7060.0,3,7024.0,7000.0,7000.0,7000.0,197.0,1379000.0,5190
2023-05-11 09:07:02,SM2305,SM2305,7000.0,0.0,0.0,0.0,4,7004.0,7060.0,3,7024.0,7000.0,7000.0,7000.0,197.0,1379000.0,5190
2023-05-11 09:07:03,SM2305,SM2305,7000.0,0.0,0.0,0.0,50,7004.0,7060.0,3,7024.0,7000.0,7000.0,7000.0,197.0,1379000.0,5190
2023-05-11 09:07:03,SM2305,SM2305,7000.0,0.0,0.0,0.0,1,7006.0,7060.0,3,7024.0,7000.0,7000.0,7000.0,197.0,1379000.0,5190
2023-05-11 09:07:04,SM2305,SM2305,7000.0,0.0,0.0,0.0,30,7006.0,7060.0,3,7024.0,7000.0,7000.0,7000.0,197.0,1379000.0,5190
2023-05-11 09:07:04,SM2305,SM2305,7000.0,0.0,0.0,0.0,8,7004.0,7060.0,3,7024.0,7000.0,7000.0,7000.0,197.0,1379000.0,5190
2023-05-11 09:07:05,SM2305,SM2305,7000.0,0.0,0.0,0.0,21,7004.0,7060.0,3,7024.0,7000.0,7000.0,7000.0,197.0,1379000.0,5190
2023-05-11 09:07:05,SM2305,SM2305,7000.0,0.0,0.0,0.0,19,7004.0,7060.0,3,7024.0,7000.0,7000.0,7000.0,197.0,1379000.0,5190
2023-05-11 09:07:06,SM2305,SM2305,7000.0,0.0,0.0,0.0,20,7004.0,7060.0,3,7024.0,7000.0,7000.0,7000.0,197.0,1379000.0,5190
2023-05-11 09:07:06,SM2305,SM2305,7000.0,0.0,0.0,0.0,72,7002.0,7060.0,3,7024.0,7000.0,7000.0,7000.0,197.0,1379000.0,5190
2023-05-11 09:07:07,SM2305,SM2305,7000.0,0.0,0.0,0.0,66,7002.0,7060.0,3,7024.0,7000.0,7000.0,7000.0,197.0,1379000.0,5190
2023-05-11 09:07:08,SM2305,SM2305,7000.0,0.0,0.0,0.0,65,7002.0,7060.0,3,7024.0,7000.0,7000.0,7000.0,197.0,1379000.0,5190
2023-05-11 09:07:09,SM2305,SM2305,7000.0,0.0,0.0,0.0,43,7002.0,7060.0,3,7024.0,7000.0,7000.0,7000.0,197.0,1379000.0,5190
2023-05-11 09:07:31,SM2305,SM2305,7000.0,0.0,0.0,0.0,50,7002.0,7060.0,3,7024.0,7000.0,7000.0,7000.0,197.0,1379000.0,5190
2023-05-11 09:07:31,SM2305,SM2305,7000.0,0.0,0.0,0.0,52,7002.0,7060.0,3,7024.0,7000.0,7000.0,7000.0,197.0,1379000.0,5190
2023-05-11 09:07:32,SM2305,SM2305,7000.0,0.0,0.0,0.0,53,7002.0,7060.0,3,7024.0,7000.0,7000.0,7000.0,197.0,1379000.0,5190
2023-05-11 09:07:32,SM2305,SM2305,7000.0,0.0,0.0,0.0,51,7002.0,7060.0,3,7024.0,7000.0,7000.0,7000.0,197.0,1379000.0,5190
2023-05-11 09:07:33,SM2305,SM2305,7000.0,0.0,0.0,0.0,50,7002.0,7060.0,3,7024.0,7000.0,7000.0,7000.0,197.0,1379000.0,5190
2023-05-11 09:07:37,SM2305,SM2305,7000.0,0.0,0.0,0.0,43,7002.0,7060.0,3,7024.0,7000.0,7000.0,7000.0,197.0,1379000.0,5190
2023-05-11 09:07:42,SM2305,SM2305,7000.0,0.0,0.0,0.0,52,7002.0,7060.0,3,7024.0,7000.0,7000.0,7000.0,197.0,1379000.0,5190
2023-05-11 09:07:43,SM2305,SM2305,7000.0,0.0,0.0,0.0,54,7002.0,7060.0,3,7024.0,7000.0,7000.0,7000.0,197.0,1379000.0,5190
2023-05-11 09:07:44,SM2305,SM2305,7000.0,0.0,0.0,0.0,55,7002.0,7060.0,3,7024.0,7000.0,7000.0,7000.0,197.0,1379000.0,5190
2023-05-11 09:07:45,SM2305,SM2305,7000.0,0.0,0.0,0.0,8,7004.0,7060.0,3,7024.0,7000.0,7000.0,7000.0,197.0,1379000.0,5190
2023-05-11 09:07:45,SM2305,SM2305,7000.0,0.0,0.0,0.0,11,7004.0,7060.0,3,7024.0,7000.0,7000.0,7000.0,197.0,1379000.0,5190
2023-05-11 09:07:47,SM2305,SM2305,7000.0,0.0,0.0,0.0,4,7004.0,7060.0,3,7024.0,7000.0,7000.0,7000.0,197.0,1379000.0,5190
2023-05-11 09:07:48,SM2305,SM2305,7000.0,0.0,0.0,0.0,6,7004.0,7060.0,3,7024.0,7000.0,7000.0,7000.0,197.0,1379000.0,5190
2023-05-11 09:07:49,SM2305,SM2305,7000.0,0.0,0.0,0.0,8,7004.0,7060.0,3,7024.0,7000.0,7000.0,7000.0,197.0,1379000.0,5190
2023-05-11 09:07:51,SM2305,SM2305,7000.0,0.0,0.0,0.0,11,7004.0,7060.0,3,7024.0,7000.0,7000.0,7000.0,197.0,1379000.0,5190
2023-05-11 09:07:52,SM2305,SM2305,7000.0,0.0,0.0,0.0,21,7004.0,7060.0,3,7024.0,7000.0,7000.0,7000.0,197.0,1379000.0,5190
2023-05-11 09:07:54,SM2305,SM2305,7000.0,0.0,0.0,0.0,1,7006.0,7060.0,3,7024.0,7000.0,7000.0,7000.0,197.0,1379000.0,5190
2023-05-11 09:07:54,SM2305,SM2305,7000.0,0.0,0.0,0.0,24,7006.0,7060.0,3,7024.0,7000.0,7000.0,7000.0,197.0,1379000.0,5190
2023-05-11 09:07:56,SM2305,SM2305,7000.0,0.0,0.0,0.0,27,7006.0,7060.0,3,7024.0,7000.0,7000.0,7000.0,197.0,1379000.0,5190
2023-05-11 09:08:00,SM2305,SM2305,7000.0,0.0,0.0,0.0,28,7006.0,7060.0,3,7024.0,7000.0,7000.0,7000.0,197.0,1379000.0,5190
2023-05-11 09:08:01,SM2305,SM2305,7000.0,0.0,0.0,0.0,1,7008.0,7060.0,3,7024.0,7000.0,7000.0,7000.0,197.0,1379000.0,5190
2023-05-11 09:08:01,SM2305,SM2305,7000.0,0.0,0.0,0.0,7,7008.0,7060.0,3,7024.0,7000.0,7000.0,7000.0,197.0,1379000.0,5190
2023-05-11 09:08:02,SM2305,SM2305,7000.0,0.0,0.0,0.0,23,7008.0,7060.0,3,7024.0,7000.0,7000.0,7000.0,197.0,1379000.0,5190
2023-05-11 09:08:02,SM2305,SM2305,7000.0,0.0,0.0,0.0,9,7008.0,7060.0,3,7024.0,7000.0,7000.0,7000.0,197.0,1379000.0,5190
2023-05-11 09:08:03,SM2305,SM2305,7000.0,0.0,0.0,0.0,25,7006.0,7060.0,3,7024.0,7000.0,7000.0,7000.0,197.0,1379000.0,5190
2023-05-11 09:08:03,SM2305,SM2305,7000.0,0.0,0.0,0.0,19,7006.0,7060.0,3,7024.0,7000.0,7000.0,7000.0,197.0,1379000.0,5190
2023-05-11 09:08:04,SM2305,SM2305,7000.0,0.0,0.0,0.0,20,7006.0,7060.0,3,7024.0,7000.0,7000.0,7000.0,197.0,1379000.0,5190
2023-05-11 09:08:06,SM2305,SM2305,7000.0,0.0,0.0,0.0,1,7008.0,7060.0,3,7024.0,7000.0,7000.0,7000.0,197.0,1379000.0,5190
2023-05-11 09:08:06,SM2305,SM2305,7000.0,0.0,0.0,0.0,27,7004.0,7060.0,3,7024.0,7000.0,7000.0,7000.0,197.0,1379000.0,5190
2023-05-11 09:08:07,SM2305,SM2305,7000.0,0.0,0.0,0.0,19,7004.0,7060.0,3,7024.0,7000.0,7000.0,7000.0,197.0,1379000.0,5190
2023-05-11 09:08:09,SM2305,SM2305,7000.0,0.0,0.0,0.0,22,7004.0,7060.0,3,7024.0,7000.0,7000.0,7000.0,197.0,1379000.0,5190
2023-05-11 09:08:10,SM2305,SM2305,7000.0,0.0,0.0,0.0,23,7004.0,7060.0,3,7024.0,7000.0,7000.0,7000.0,197.0,1379000.0,5190
2023-05-11 09:08:11,SM2305,SM2305,7000.0,0.0,0.0,0.0,22,7004.0,7060.0,3,7024.0,7000.0,7000.0,7000.0,197.0,1379000.0,5190
2023-05-11 09:08:11,SM2305,SM2305,7000.0,0.0,0.0,0.0,61,7002.0,7060.0,3,7024.0,7000.0,7000.0,7000.0,197.0,1379000.0,5190
2023-05-11 09:08:12,SM2305,SM2305,7000.0,0.0,0.0,0.0,43,7002.0,7060.0,3,7024.0,7000.0,7000.0,7000.0,197.0,1379000.0,5190
2023-05-11 09:08:15,SM2305,SM2305,7000.0,0.0,0.0,0.0,44,7002.0,7060.0,3,7024.0,7000.0,7000.0,7000.0,197.0,1379000.0,5190
2023-05-11 09:08:16,SM2305,SM2305,7000.0,0.0,0.0,0.0,53,7002.0,7060.0,3,7024.0,7000.0,7000.0,7000.0,197.0,1379000.0,5190
2023-05-11 09:08:17,SM2305,SM2305,7000.0,0.0,0.0,0.0,61,7002.0,7060.0,3,7024.0,7000.0,7000.0,7000.0,197.0,1379000.0,5190
2023-05-11 09:08:17,SM2305,SM2305,7000.0,0.0,0.0,0.0,63,7002.0,7060.0,3,7024.0,7000.0,7000.0,7000.0,197.0,1379000.0,5190
2023-05-11 09:08:18,SM2305,SM2305,7000.0,0.0,0.0,0.0,66,7002.0,7060.0,3,7024.0,7000.0,7000.0,7000.0,197.0,1379000.0,5190
2023-05-11 09:08:23,SM2305,SM2305,7000.0,0.0,0.0,0.0,64,7002.0,7060.0,3,7024.0,7000.0,7000.0,7000.0,197.0,1379000.0,5190
2023-05-11 09:08:23,SM2305,SM2305,7000.0,0.0,0.0,0.0,65,7002.0,7060.0,3,7024.0,7000.0,7000.0,7000.0,197.0,1379000.0,5190
2023-05-11 09:08:29,SM2305,SM2305,7000.0,0.0,0.0,0.0,61,7002.0,7060.0,3,7024.0,7000.0,7000.0,7000.0,197.0,1379000.0,5190
2023-05-11 09:08:29,SM2305,SM2305,7000.0,0.0,0.0,0.0,62,7002.0,7060.0,3,7024.0,7000.0,7000.0,7000.0,197.0,1379000.0,5190
2023-05-11 09:08:30,SM2305,SM2305,7000.0,0.0,0.0,0.0,43,7002.0,7060.0,3,7024.0,7000.0,7000.0,7000.0,197.0,1379000.0,5190
2023-05-11 09:11:03,SM2305,SM2305,7000.0,0.0,0.0,0.0,43,7002.0,7060.0,13,7024.0,7000.0,7000.0,7000.0,197.0,1379000.0,5190
2023-05-11 09:11:07,SM2305,SM2305,7000.0,0.0,0.0,0.0,43,7002.0,7058.0,6,7024.0,7000.0,7000.0,7000.0,197.0,1379000.0,5190
2023-05-11 09:11:14,SM2305,SM2305,7000.0,0.0,0.0,0.0,43,7002.0,7058.0,8,7024.0,7000.0,7000.0,7000.0,197.0,1379000.0,5190
2023-05-11 09:11:15,SM2305,SM2305,7000.0,0.0,0.0,0.0,43,7002.0,7058.0,9,7024.0,7000.0,7000.0,7000.0,197.0,1379000.0,5190
2023-05-11 09:11:16,SM2305,SM2305,7000.0,0.0,0.0,0.0,43,7002.0,7056.0,7,7024.0,7000.0,7000.0,7000.0,197.0,1379000.0,5190
2023-05-11 09:11:17,SM2305,SM2305,7000.0,0.0,0.0,0.0,43,7002.0,7054.0,4,7024.0,7000.0,7000.0,7000.0,197.0,1379000.0,5190
2023-05-11 09:11:18,SM2305,SM2305,7000.0,0.0,0.0,0.0,43,7002.0,7056.0,10,7024.0,7000.0,7000.0,7000.0,197.0,1379000.0,5190
2023-05-11 09:11:21,SM2305,SM2305,7000.0,0.0,0.0,0.0,43,7002.0,7054.0,5,7024.0,7000.0,7000.0,7000.0,197.0,1379000.0,5190
2023-05-11 09:11:21,SM2305,SM2305,7000.0,0.0,0.0,0.0,43,7002.0,7054.0,6,7024.0,7000.0,7000.0,7000.0,197.0,1379000.0,5190
2023-05-11 09:11:22,SM2305,SM2305,7000.0,0.0,0.0,0.0,43,7002.0,7054.0,8,7024.0,7000.0,7000.0,7000.0,197.0,1379000.0,5190
2023-05-11 09:11:22,SM2305,SM2305,7000.0,0.0,0.0,0.0,43,7002.0,7054.0,2,7024.0,7000.0,7000.0,7000.0,197.0,1379000.0,5190
2023-05-11 09:11:23,SM2305,SM2305,7000.0,0.0,0.0,0.0,43,7002.0,7054.0,9,7024.0,7000.0,7000.0,7000.0,197.0,1379000.0,5190
2023-05-11 09:11:23,SM2305,SM2305,7000.0,0.0,0.0,0.0,43,7002.0,7052.0,3,7024.0,7000.0,7000.0,7000.0,197.0,1379000.0,5190
2023-05-11 09:11:24,SM2305,SM2305,7000.0,0.0,0.0,0.0,43,7002.0,7054.0,10,7024.0,7000.0,7000.0,7000.0,197.0,1379000.0,5190
2023-05-11 09:11:26,SM2305,SM2305,7000.0,0.0,0.0,0.0,43,7002.0,7052.0,2,7024.0,7000.0,7000.0,7000.0,197.0,1379000.0,5190
2023-05-11 09:11:27,SM2305,SM2305,7000.0,0.0,0.0,0.0,43,7002.0,7052.0,6,7024.0,7000.0,7000.0,7000.0,197.0,1379000.0,5190
2023-05-11 09:11:28,SM2305,SM2305,7000.0,0.0,0.0,0.0,43,7002.0,7054.0,10,7024.0,7000.0,7000.0,7000.0,197.0,1379000.0,5190
2023-05-11 09:11:29,SM2305,SM2305,7000.0,0.0,0.0,0.0,43,7002.0,7054.0,9,7024.0,7000.0,7000.0,7000.0,197.0,1379000.0,5190
2023-05-11 09:11:31,SM2305,SM2305,7000.0,0.0,0.0,0.0,43,7002.0,7052.0,2,7024.0,7000.0,7000.0,7000.0,197.0,1379000.0,5190
2023-05-11 09:11:31,SM2305,SM2305,7000.0,0.0,0.0,0.0,43,7002.0,7054.0,10,7024.0,7000.0,7000.0,7000.0,197.0,1379000.0,5190
2023-05-11 09:11:32,SM2305,SM2305,7000.0,0.0,0.0,0.0,43,7002.0,7052.0,1,7024.0,7000.0,7000.0,7000.0,197.0,1379000.0,5190
2023-05-11 09:11:32,SM2305,SM2305,7000.0,0.0,0.0,0.0,43,7002.0,7054.0,10,7024.0,7000.0,7000.0,7000.0,197.0,1379000.0,5190
2023-05-11 09:11:37,SM2305,SM2305,7000.0,0.0,0.0,0.0,43,7002.0,7052.0,3,7024.0,7000.0,7000.0,7000.0,197.0,1379000.0,5190
2023-05-11 09:11:38,SM2305,SM2305,7000.0,0.0,0.0,0.0,43,7002.0,7052.0,5,7024.0,7000.0,7000.0,7000.0,197.0,1379000.0,5190
2023-05-11 09:11:38,SM2305,SM2305,7000.0,0.0,0.0,0.0,43,7002.0,7052.0,7,7024.0,7000.0,7000.0,7000.0,197.0,1379000.0,5190
2023-05-11 09:11:39,SM2305,SM2305,7000.0,0.0,0.0,0.0,43,7002.0,7054.0,10,7024.0,7000.0,7000.0,7000.0,197.0,1379000.0,5190
2023-05-11 09:11:40,SM2305,SM2305,7000.0,0.0,0.0,0.0,43,7002.0,7052.0,3,7024.0,7000.0,7000.0,7000.0,197.0,1379000.0,5190
2023-05-11 09:11:41,SM2305,SM2305,7000.0,0.0,0.0,0.0,43,7002.0,7052.0,5,7024.0,7000.0,7000.0,7000.0,197.0,1379000.0,5190
2023-05-11 09:11:46,SM2305,SM2305,7000.0,0.0,0.0,0.0,43,7002.0,7054.0,10,7024.0,7000.0,7000.0,7000.0,197.0,1379000.0,5190
2023-05-11 09:11:53,SM2305,SM2305,7000.0,0.0,0.0,0.0,43,7002.0,7052.0,2,7024.0,7000.0,7000.0,7000.0,197.0,1379000.0,5190
2023-05-11 09:11:53,SM2305,SM2305,7000.0,0.0,0.0,0.0,43,7002.0,7054.0,9,7024.0,7000.0,7000.0,7000.0,197.0,1379000.0,5190
2023-05-11 09:11:55,SM2305,SM2305,7000.0,0.0,0.0,0.0,43,7002.0,7054.0,10,7024.0,7000.0,7000.0,7000.0,197.0,1379000.0,5190
2023-05-11 09:12:00,SM2305,SM2305,7000.0,0.0,0.0,0.0,43,7002.0,7052.0,2,7024.0,7000.0,7000.0,7000.0,197.0,1379000.0,5190
2023-05-11 09:12:01,SM2305,SM2305,7000.0,0.0,0.0,0.0,43,7002.0,7052.0,6,7024.0,7000.0,7000.0,7000.0,197.0,1379000.0,5190
2023-05-11 09:12:02,SM2305,SM2305,7000.0,0.0,0.0,0.0,43,7002.0,7052.0,10,7024.0,7000.0,7000.0,7000.0,197.0,1379000.0,5190
2023-05-11 09:12:03,SM2305,SM2305,7000.0,0.0,0.0,0.0,43,7002.0,7050.0,9,7024.0,7000.0,7000.0,7000.0,197.0,1379000.0,5190
2023-05-11 09:12:04,SM2305,SM2305,7000.0,0.0,0.0,0.0,43,7002.0,7052.0,10,7024.0,7000.0,7000.0,7000.0,197.0,1379000.0,5190
2023-05-11 09:12:05,SM2305,SM2305,7000.0,0.0,0.0,0.0,43,7002.0,7052.0,2,7024.0,7000.0,7000.0,7000.0,197.0,1379000.0,5190
2023-05-11 09:12:07,SM2305,SM2305,7000.0,0.0,0.0,0.0,43,7002.0,7054.0,10,7024.0,7000.0,7000.0,7000.0,197.0,1379000.0,5190
2023-05-11 09:12:09,SM2305,SM2305,7000.0,0.0,0.0,0.0,43,7002.0,7054.0,8,7024.0,7000.0,7000.0,7000.0,197.0,1379000.0,5190
2023-05-11 09:12:09,SM2305,SM2305,7000.0,0.0,0.0,0.0,43,7002.0,7054.0,7,7024.0,7000.0,7000.0,7000.0,197.0,1379000.0,5190
2023-05-11 09:12:10,SM2305,SM2305,7000.0,0.0,0.0,0.0,43,7002.0,7056.0,10,7024.0,7000.0,7000.0,7000.0,197.0,1379000.0,5190
2023-05-11 09:12:24,SM2305,SM2305,7000.0,0.0,0.0,0.0,43,7002.0,7058.0,10,7024.0,7000.0,7000.0,7000.0,197.0,1379000.0,5190
2023-05-11 09:12:25,SM2305,SM2305,7000.0,0.0,0.0,0.0,43,7002.0,7056.0,4,7024.0,7000.0,7000.0,7000.0,197.0,1379000.0,5190
2023-05-11 09:12:27,SM2305,SM2305,7000.0,0.0,0.0,0.0,43,7002.0,7056.0,5,7024.0,7000.0,7000.0,7000.0,197.0,1379000.0,5190
2023-05-11 09:12:28,SM2305,SM2305,7000.0,0.0,0.0,0.0,43,7002.0,7056.0,10,7024.0,7000.0,7000.0,7000.0,197.0,1379000.0,5190
2023-05-11 09:12:29,SM2305,SM2305,7000.0,0.0,0.0,0.0,43,7002.0,7056.0,8,7024.0,7000.0,7000.0,7000.0,197.0,1379000.0,5190
2023-05-11 09:12:30,SM2305,SM2305,7000.0,0.0,0.0,0.0,43,7002.0,7058.0,10,7024.0,7000.0,7000.0,7000.0,197.0,1379000.0,5190
2023-05-11 09:12:31,SM2305,SM2305,7000.0,0.0,0.0,0.0,43,7002.0,7056.0,2,7024.0,7000.0,7000.0,7000.0,197.0,1379000.0,5190
2023-05-11 09:12:32,SM2305,SM2305,7000.0,0.0,0.0,0.0,43,7002.0,7056.0,10,7024.0,7000.0,7000.0,7000.0,197.0,1379000.0,5190
2023-05-11 09:12:35,SM2305,SM2305,7000.0,0.0,0.0,0.0,43,7002.0,7056.0,7,7024.0,7000.0,7000.0,7000.0,197.0,1379000.0,5190
2023-05-11 09:12:36,SM2305,SM2305,7000.0,0.0,0.0,0.0,43,7002.0,7056.0,4,7024.0,7000.0,7000.0,7000.0,197.0,1379000.0,5190
2023-05-11 09:12:37,SM2305,SM2305,7000.0,0.0,0.0,0.0,43,7002.0,7056.0,6,7024.0,7000.0,7000.0,7000.0,197.0,1379000.0,5190
2023-05-11 09:12:39,SM2305,SM2305,7000.0,0.0,0.0,0.0,43,7002.0,7056.0,4,7024.0,7000.0,7000.0,7000.0,197.0,1379000.0,5190
2023-05-11 09:12:41,SM2305,SM2305,7000.0,0.0,0.0,0.0,43,7002.0,7056.0,9,7024.0,7000.0,7000.0,7000.0,197.0,1379000.0,5190
2023-05-11 09:12:41,SM2305,SM2305,7000.0,0.0,0.0,0.0,43,7002.0,7056.0,10,7024.0,7000.0,7000.0,7000.0,197.0,1379000.0,5190
2023-05-11 09:12:42,SM2305,SM2305,7000.0,0.0,0.0,0.0,43,7002.0,7056.0,9,7024.0,7000.0,7000.0,7000.0,197.0,1379000.0,5190
2023-05-11 09:12:44,SM2305,SM2305,7000.0,0.0,0.0,0.0,43,7002.0,7056.0,10,7024.0,7000.0,7000.0,7000.0,197.0,1379000.0,5190
2023-05-11 09:12:45,SM2305,SM2305,7000.0,0.0,0.0,0.0,43,7002.0,7032.0,12,7024.0,7000.0,7000.0,7000.0,197.0,1379000.0,5190
2023-05-11 09:12:49,SM2305,SM2305,7000.0,0.0,0.0,0.0,43,7002.0,7032.0,13,7024.0,7000.0,7000.0,7000.0,197.0,1379000.0,5190
2023-05-11 09:12:57,SM2305,SM2305,7000.0,0.0,0.0,0.0,43,7002.0,7032.0,14,7024.0,7000.0,7000.0,7000.0,197.0,1379000.0,5190
2023-05-11 09:13:00,SM2305,SM2305,7000.0,0.0,0.0,0.0,43,7002.0,7032.0,19,7024.0,7000.0,7000.0,7000.0,197.0,1379000.0,5190
2023-05-11 09:13:01,SM2305,SM2305,7000.0,0.0,0.0,0.0,43,7002.0,7030.0,22,7024.0,7000.0,7000.0,7000.0,197.0,1379000.0,5190
2023-05-11 09:13:01,SM2305,SM2305,7000.0,0.0,0.0,0.0,43,7002.0,7030.0,18,7024.0,7000.0,7000.0,7000.0,197.0,1379000.0,5190
2023-05-11 09:13:02,SM2305,SM2305,7000.0,0.0,0.0,0.0,43,7002.0,7030.0,12,7024.0,7000.0,7000.0,7000.0,197.0,1379000.0,5190
2023-05-11 09:13:03,SM2305,SM2305,7000.0,0.0,0.0,0.0,43,7002.0,7030.0,15,7024.0,7000.0,7000.0,7000.0,197.0,1379000.0,5190
2023-05-11 09:13:03,SM2305,SM2305,7000.0,0.0,0.0,0.0,43,7002.0,7028.0,12,7024.0,7000.0,7000.0,7000.0,197.0,1379000.0,5190
2023-05-11 09:13:05,SM2305,SM2305,7000.0,0.0,0.0,0.0,43,7002.0,7028.0,13,7024.0,7000.0,7000.0,7000.0,197.0,1379000.0,5190
2023-05-11 09:13:05,SM2305,SM2305,7000.0,0.0,0.0,0.0,43,7002.0,7028.0,14,7024.0,7000.0,7000.0,7000.0,197.0,1379000.0,5190
2023-05-11 09:13:06,SM2305,SM2305,7000.0,0.0,0.0,0.0,43,7002.0,7026.0,4,7024.0,7000.0,7000.0,7000.0,197.0,1379000.0,5190
2023-05-11 09:13:07,SM2305,SM2305,7000.0,0.0,0.0,0.0,43,7002.0,7028.0,14,7024.0,7000.0,7000.0,7000.0,197.0,1379000.0,5190
2023-05-11 09:13:07,SM2305,SM2305,7000.0,0.0,0.0,0.0,43,7002.0,7028.0,16,7024.0,7000.0,7000.0,7000.0,197.0,1379000.0,5190
2023-05-11 09:13:08,SM2305,SM2305,7000.0,0.0,0.0,0.0,43,7002.0,7028.0,14,7024.0,7000.0,7000.0,7000.0,197.0,1379000.0,5190
2023-05-11 09:13:13,SM2305,SM2305,7000.0,0.0,0.0,0.0,43,7002.0,7026.0,4,7024.0,7000.0,7000.0,7000.0,197.0,1379000.0,5190
2023-05-11 09:13:13,SM2305,SM2305,7000.0,0.0,0.0,0.0,43,7002.0,7026.0,1,7024.0,7000.0,7000.0,7000.0,197.0,1379000.0,5190
2023-05-11 09:13:14,SM2305,SM2305,7000.0,0.0,0.0,0.0,43,7002.0,7028.0,17,7024.0,7000.0,7000.0,7000.0,197.0,1379000.0,5190
2023-05-11 09:13:15,SM2305,SM2305,7000.0,0.0,0.0,0.0,43,7002.0,7028.0,23,7024.0,7000.0,7000.0,7000.0,197.0,1379000.0,5190
2023-05-11 09:13:16,SM2305,SM2305,7000.0,0.0,0.0,0.0,43,7002.0,7028.0,25,7024.0,7000.0,7000.0,7000.0,197.0,1379000.0,5190
2023-05-11 09:13:17,SM2305,SM2305,7000.0,0.0,0.0,0.0,43,7002.0,7028.0,26,7024.0,7000.0,7000.0,7000.0,197.0,1379000.0,5190
2023-05-11 09:13:17,SM2305,SM2305,7000.0,0.0,0.0,0.0,43,7002.0,7026.0,9,7024.0,7000.0,7000.0,7000.0,197.0,1379000.0,5190
2023-05-11 09:13:17,SM2305,SM2305,7000.0,0.0,0.0,0.0,43,7002.0,7026.0,11,7024.0,7000.0,7000.0,7000.0,197.0,1379000.0,5190
2023-05-11 09:13:19,SM2305,SM2305,7000.0,0.0,0.0,0.0,43,7002.0,7024.0,11,7024.0,7000.0,7000.0,7000.0,197.0,1379000.0,5190
2023-05-11 09:13:19,SM2305,SM2305,7000.0,0.0,0.0,0.0,43,7002.0,7026.0,13,7024.0,7000.0,7000.0,7000.0,197.0,1379000.0,5190
2023-05-11 09:13:20,SM2305,SM2305,7000.0,0.0,0.0,0.0,43,7002.0,7026.0,14,7024.0,7000.0,7000.0,7000.0,197.0,1379000.0,5190
2023-05-11 09:13:21,SM2305,SM2305,7000.0,0.0,0.0,0.0,43,7002.0,7026.0,15,7024.0,7000.0,7000.0,7000.0,197.0,1379000.0,5190
2023-05-11 09:13:22,SM2305,SM2305,7000.0,0.0,0.0,0.0,43,7002.0,7026.0,17,7024.0,7000.0,7000.0,7000.0,197.0,1379000.0,5190
2023-05-11 09:13:23,SM2305,SM2305,7000.0,0.0,0.0,0.0,43,7002.0,7026.0,19,7024.0,7000.0,7000.0,7000.0,197.0,1379000.0,5190
2023-05-11 09:13:24,SM2305,SM2305,7000.0,0.0,0.0,0.0,43,7002.0,7024.0,7,7024.0,7000.0,7000.0,7000.0,197.0,1379000.0,5190
2023-05-11 09:13:24,SM2305,SM2305,7000.0,0.0,0.0,0.0,43,7002.0,7024.0,14,7024.0,7000.0,7000.0,7000.0,197.0,1379000.0,5190
2023-05-11 09:13:25,SM2305,SM2305,7000.0,0.0,0.0,0.0,43,7002.0,7024.0,9,7024.0,7000.0,7000.0,7000.0,197.0,1379000.0,5190
2023-05-11 09:13:26,SM2305,SM2305,7000.0,0.0,0.0,0.0,43,7002.0,7024.0,10,7024.0,7000.0,7000.0,7000.0,197.0,1379000.0,5190
2023-05-11 09:13:27,SM2305,SM2305,7000.0,0.0,0.0,0.0,43,7002.0,7024.0,11,7024.0,7000.0,7000.0,7000.0,197.0,1379000.0,5190
2023-05-11 09:13:27,SM2305,SM2305,7000.0,0.0,0.0,0.0,43,7002.0,7024.0,12,7024.0,7000.0,7000.0,7000.0,197.0,1379000.0,5190
2023-05-11 09:13:29,SM2305,SM2305,7000.0,0.0,0.0,0.0,43,7002.0,7024.0,13,7024.0,7000.0,7000.0,7000.0,197.0,1379000.0,5190
2023-05-11 09:13:30,SM2305,SM2305,7000.0,0.0,0.0,0.0,43,7002.0,7024.0,12,7024.0,7000.0,7000.0,7000.0,197.0,1379000.0,5190
2023-05-11 09:13:31,SM2305,SM2305,7000.0,0.0,0.0,0.0,43,7002.0,7024.0,13,7024.0,7000.0,7000.0,7000.0,197.0,1379000.0,5190
2023-05-11 09:13:33,SM2305,SM2305,7000.0,0.0,0.0,0.0,43,7002.0,7024.0,11,7024.0,7000.0,7000.0,7000.0,197.0,1379000.0,5190
2023-05-11 09:13:33,SM2305,SM2305,7000.0,0.0,0.0,0.0,43,7002.0,7022.0,41,7024.0,7000.0,7000.0,7000.0,197.0,1379000.0,5190
2023-05-11 09:13:34,SM2305,SM2305,7000.0,0.0,0.0,0.0,43,7002.0,7022.0,38,7024.0,7000.0,7000.0,7000.0,197.0,1379000.0,5190
2023-05-11 09:13:34,SM2305,SM2305,7000.0,0.0,0.0,0.0,43,7002.0,7024.0,12,7024.0,7000.0,7000.0,7000.0,197.0,1379000.0,5190
2023-05-11 09:13:35,SM2305,SM2305,7000.0,0.0,0.0,0.0,43,7002.0,7024.0,13,7024.0,7000.0,7000.0,7000.0,197.0,1379000.0,5190
2023-05-11 09:13:36,SM2305,SM2305,7000.0,0.0,0.0,0.0,43,7002.0,7024.0,16,7024.0,7000.0,7000.0,7000.0,197.0,1379000.0,5190
2023-05-11 09:13:37,SM2305,SM2305,7000.0,0.0,0.0,0.0,43,7002.0,7024.0,17,7024.0,7000.0,7000.0,7000.0,197.0,1379000.0,5190
2023-05-11 09:13:37,SM2305,SM2305,7000.0,0.0,0.0,0.0,43,7002.0,7024.0,18,7024.0,7000.0,7000.0,7000.0,197.0,1379000.0,5190
2023-05-11 09:13:37,SM2305,SM2305,7000.0,0.0,0.0,0.0,43,7002.0,7024.0,16,7024.0,7000.0,7000.0,7000.0,197.0,1379000.0,5190
2023-05-11 09:13:38,SM2305,SM2305,7000.0,0.0,0.0,0.0,43,7002.0,7022.0,2,7024.0,7000.0,7000.0,7000.0,197.0,1379000.0,5190
2023-05-11 09:13:38,SM2305,SM2305,7000.0,0.0,0.0,0.0,43,7002.0,7022.0,8,7024.0,7000.0,7000.0,7000.0,197.0,1379000.0,5190
2023-05-11 09:13:40,SM2305,SM2305,7000.0,0.0,0.0,0.0,43,7002.0,7024.0,17,7024.0,7000.0,7000.0,7000.0,197.0,1379000.0,5190
2023-05-11 09:13:40,SM2305,SM2305,7000.0,0.0,0.0,0.0,43,7002.0,7022.0,8,7024.0,7000.0,7000.0,7000.0,197.0,1379000.0,5190
2023-05-11 09:13:41,SM2305,SM2305,7000.0,0.0,0.0,0.0,43,7002.0,7022.0,9,7024.0,7000.0,7000.0,7000.0,197.0,1379000.0,5190
2023-05-11 09:13:41,SM2305,SM2305,7000.0,0.0,0.0,0.0,43,7002.0,7020.0,7,7024.0,7000.0,7000.0,7000.0,197.0,1379000.0,5190
2023-05-11 09:13:42,SM2305,SM2305,7000.0,0.0,0.0,0.0,43,7002.0,7020.0,3,7024.0,7000.0,7000.0,7000.0,197.0,1379000.0,5190
2023-05-11 09:13:43,SM2305,SM2305,7000.0,0.0,0.0,0.0,43,7002.0,7020.0,13,7024.0,7000.0,7000.0,7000.0,197.0,1379000.0,5190
2023-05-11 09:13:43,SM2305,SM2305,7000.0,0.0,0.0,0.0,43,7002.0,7020.0,14,7024.0,7000.0,7000.0,7000.0,197.0,1379000.0,5190
2023-05-11 09:13:44,SM2305,SM2305,7000.0,0.0,0.0,0.0,43,7002.0,7020.0,13,7024.0,7000.0,7000.0,7000.0,197.0,1379000.0,5190
2023-05-11 09:13:44,SM2305,SM2305,7000.0,0.0,0.0,0.0,43,7002.0,7018.0,2,7024.0,7000.0,7000.0,7000.0,197.0,1379000.0,5190
2023-05-11 09:13:45,SM2305,SM2305,7000.0,0.0,0.0,0.0,43,7002.0,7020.0,15,7024.0,7000.0,7000.0,7000.0,197.0,1379000.0,5190
2023-05-11 09:13:45,SM2305,SM2305,7000.0,0.0,0.0,0.0,43,7002.0,7020.0,5,7024.0,7000.0,7000.0,7000.0,197.0,1379000.0,5190
2023-05-11 09:13:46,SM2305,SM2305,7000.0,0.0,0.0,0.0,43,7002.0,7020.0,16,7024.0,7000.0,7000.0,7000.0,197.0,1379000.0,5190
2023-05-11 09:13:47,SM2305,SM2305,7000.0,0.0,0.0,0.0,43,7002.0,7018.0,1,7024.0,7000.0,7000.0,7000.0,197.0,1379000.0,5190
2023-05-11 09:13:47,SM2305,SM2305,7000.0,0.0,0.0,0.0,43,7002.0,7020.0,16,7024.0,7000.0,7000.0,7000.0,197.0,1379000.0,5190
2023-05-11 09:13:48,SM2305,SM2305,7000.0,0.0,0.0,0.0,43,7002.0,7018.0,1,7024.0,7000.0,7000.0,7000.0,197.0,1379000.0,5190
2023-05-11 09:13:48,SM2305,SM2305,7000.0,0.0,0.0,0.0,43,7002.0,7018.0,2,7024.0,7000.0,7000.0,7000.0,197.0,1379000.0,5190
2023-05-11 09:13:49,SM2305,SM2305,7000.0,0.0,0.0,0.0,43,7002.0,7018.0,3,7024.0,7000.0,7000.0,7000.0,197.0,1379000.0,5190
2023-05-11 09:13:50,SM2305,SM2305,7000.0,0.0,0.0,0.0,43,7002.0,7020.0,15,7024.0,7000.0,7000.0,7000.0,197.0,1379000.0,5190
2023-05-11 09:13:50,SM2305,SM2305,7000.0,0.0,0.0,0.0,43,7002.0,7020.0,16,7024.0,7000.0,7000.0,7000.0,197.0,1379000.0,5190
2023-05-11 09:13:51,SM2305,SM2305,7000.0,0.0,0.0,0.0,43,7002.0,7018.0,7,7024.0,7000.0,7000.0,7000.0,197.0,1379000.0,5190
2023-05-11 09:13:51,SM2305,SM2305,7000.0,0.0,0.0,0.0,43,7002.0,7018.0,8,7024.0,7000.0,7000.0,7000.0,197.0,1379000.0,5190
2023-05-11 09:13:52,SM2305,SM2305,7000.0,0.0,0.0,0.0,43,7002.0,7018.0,11,7024.0,7000.0,7000.0,7000.0,197.0,1379000.0,5190
2023-05-11 09:13:53,SM2305,SM2305,7000.0,0.0,0.0,0.0,43,7002.0,7018.0,12,7024.0,7000.0,7000.0,7000.0,197.0,1379000.0,5190
2023-05-11 09:13:55,SM2305,SM2305,7000.0,0.0,0.0,0.0,43,7002.0,7018.0,3,7024.0,7000.0,7000.0,7000.0,197.0,1379000.0,5190
2023-05-11 09:13:55,SM2305,SM2305,7000.0,0.0,0.0,0.0,43,7002.0,7018.0,1,7024.0,7000.0,7000.0,7000.0,197.0,1379000.0,5190
2023-05-11 09:13:55,SM2305,SM2305,7000.0,0.0,0.0,0.0,43,7002.0,7020.0,63,7024.0,7000.0,7000.0,7000.0,197.0,1379000.0,5190
2023-05-11 09:13:59,SM2305,SM2305,7000.0,0.0,0.0,0.0,43,7002.0,7018.0,2,7024.0,7000.0,7000.0,7000.0,197.0,1379000.0,5190
2023-05-11 09:13:59,SM2305,SM2305,7000.0,0.0,0.0,0.0,43,7002.0,7018.0,5,7024.0,7000.0,7000.0,7000.0,197.0,1379000.0,5190
2023-05-11 09:13:59,SM2305,SM2305,7000.0,0.0,0.0,0.0,43,7002.0,7020.0,63,7024.0,7000.0,7000.0,7000.0,197.0,1379000.0,5190
2023-05-11 09:14:00,SM2305,SM2305,7000.0,0.0,0.0,0.0,43,7002.0,7020.0,61,7024.0,7000.0,7000.0,7000.0,197.0,1379000.0,5190
2023-05-11 09:14:00,SM2305,SM2305,7000.0,0.0,0.0,0.0,43,7002.0,7020.0,57,7024.0,7000.0,7000.0,7000.0,197.0,1379000.0,5190
2023-05-11 09:14:02,SM2305,SM2305,7000.0,0.0,0.0,0.0,43,7002.0,7018.0,3,7024.0,7000.0,7000.0,7000.0,197.0,1379000.0,5190
2023-05-11 09:14:03,SM2305,SM2305,7000.0,0.0,0.0,0.0,43,7002.0,7018.0,1,7024.0,7000.0,7000.0,7000.0,197.0,1379000.0,5190
2023-05-11 09:14:03,SM2305,SM2305,7000.0,0.0,0.0,0.0,43,7002.0,7020.0,57,7024.0,7000.0,7000.0,7000.0,197.0,1379000.0,5190
2023-05-11 09:14:05,SM2305,SM2305,7000.0,0.0,0.0,0.0,43,7002.0,7018.0,1,7024.0,7000.0,7000.0,7000.0,197.0,1379000.0,5190
2023-05-11 09:14:05,SM2305,SM2305,7000.0,0.0,0.0,0.0,43,7002.0,7020.0,57,7024.0,7000.0,7000.0,7000.0,197.0,1379000.0,5190
2023-05-11 09:14:07,SM2305,SM2305,7000.0,0.0,0.0,0.0,43,7002.0,7018.0,4,7024.0,7000.0,7000.0,7000.0,197.0,1379000.0,5190
2023-05-11 09:14:07,SM2305,SM2305,7000.0,0.0,0.0,0.0,43,7002.0,7020.0,57,7024.0,7000.0,7000.0,7000.0,197.0,1379000.0,5190
2023-05-11 09:14:08,SM2305,SM2305,7000.0,0.0,0.0,0.0,43,7002.0,7018.0,1,7024.0,7000.0,7000.0,7000.0,197.0,1379000.0,5190
2023-05-11 09:14:09,SM2305,SM2305,7000.0,0.0,0.0,0.0,43,7002.0,7018.0,3,7024.0,7000.0,7000.0,7000.0,197.0,1379000.0,5190
2023-05-11 09:14:10,SM2305,SM2305,7000.0,0.0,0.0,0.0,43,7002.0,7018.0,12,7024.0,7000.0,7000.0,7000.0,197.0,1379000.0,5190
2023-05-11 09:14:10,SM2305,SM2305,7000.0,0.0,0.0,0.0,43,7002.0,7018.0,11,7024.0,7000.0,7000.0,7000.0,197.0,1379000.0,5190
2023-05-11 09:14:11,SM2305,SM2305,7000.0,0.0,0.0,0.0,43,7002.0,7018.0,18,7024.0,7000.0,7000.0,7000.0,197.0,1379000.0,5190
2023-05-11 09:14:12,SM2305,SM2305,7000.0,0.0,0.0,0.0,43,7002.0,7018.0,17,7024.0,7000.0,7000.0,7000.0,197.0,1379000.0,5190
2023-05-11 09:14:12,SM2305,SM2305,7000.0,0.0,0.0,0.0,43,7002.0,7018.0,16,7024.0,7000.0,7000.0,7000.0,197.0,1379000.0,5190
2023-05-11 09:14:14,SM2305,SM2305,7000.0,0.0,0.0,0.0,43,7002.0,7018.0,13,7024.0,7000.0,7000.0,7000.0,197.0,1379000.0,5190
2023-05-11 09:14:16,SM2305,SM2305,7000.0,0.0,0.0,0.0,43,7002.0,7018.0,14,7024.0,7000.0,7000.0,7000.0,197.0,1379000.0,5190
2023-05-11 09:14:20,SM2305,SM2305,7000.0,0.0,0.0,0.0,43,7002.0,7018.0,13,7024.0,7000.0,7000.0,7000.0,197.0,1379000.0,5190
2023-05-11 09:14:21,SM2305,SM2305,7000.0,0.0,0.0,0.0,43,7002.0,7016.0,6,7024.0,7000.0,7000.0,7000.0,197.0,1379000.0,5190
2023-05-11 09:14:22,SM2305,SM2305,7000.0,0.0,0.0,0.0,43,7002.0,7016.0,11,7024.0,7000.0,7000.0,7000.0,197.0,1379000.0,5190
2023-05-11 09:14:22,SM2305,SM2305,7000.0,0.0,0.0,0.0,43,7002.0,7014.0,3,7024.0,7000.0,7000.0,7000.0,197.0,1379000.0,5190
2023-05-11 09:14:23,SM2305,SM2305,7000.0,0.0,0.0,0.0,43,7002.0,7014.0,5,7024.0,7000.0,7000.0,7000.0,197.0,1379000.0,5190
2023-05-11 09:14:24,SM2305,SM2305,7000.0,0.0,0.0,0.0,43,7002.0,7014.0,6,7024.0,7000.0,7000.0,7000.0,197.0,1379000.0,5190
2023-05-11 09:14:25,SM2305,SM2305,7000.0,0.0,0.0,0.0,43,7002.0,7014.0,10,7024.0,7000.0,7000.0,7000.0,197.0,1379000.0,5190
2023-05-11 09:14:25,SM2305,SM2305,7000.0,0.0,0.0,0.0,43,7002.0,7014.0,11,7024.0,7000.0,7000.0,7000.0,197.0,1379000.0,5190
2023-05-11 09:14:26,SM2305,SM2305,7000.0,0.0,0.0,0.0,43,7002.0,7014.0,12,7024.0,7000.0,7000.0,7000.0,197.0,1379000.0,5190
2023-05-11 09:14:27,SM2305,SM2305,7000.0,0.0,0.0,0.0,43,7002.0,7014.0,13,7024.0,7000.0,7000.0,7000.0,197.0,1379000.0,5190
2023-05-11 09:14:27,SM2305,SM2305,7000.0,0.0,0.0,0.0,43,7002.0,7014.0,14,7024.0,7000.0,7000.0,7000.0,197.0,1379000.0,5190
2023-05-11 09:14:28,SM2305,SM2305,7000.0,0.0,0.0,0.0,43,7002.0,7012.0,1,7024.0,7000.0,7000.0,7000.0,197.0,1379000.0,5190
2023-05-11 09:14:28,SM2305,SM2305,7000.0,0.0,0.0,0.0,43,7002.0,7014.0,15,7024.0,7000.0,7000.0,7000.0,197.0,1379000.0,5190
2023-05-11 09:14:29,SM2305,SM2305,7000.0,0.0,0.0,0.0,43,7002.0,7012.0,1,7024.0,7000.0,7000.0,7000.0,197.0,1379000.0,5190
2023-05-11 09:14:29,SM2305,SM2305,7000.0,0.0,0.0,0.0,43,7002.0,7012.0,2,7024.0,7000.0,7000.0,7000.0,197.0,1379000.0,5190
2023-05-11 09:14:29,SM2305,SM2305,7000.0,0.0,0.0,0.0,43,7002.0,7012.0,1,7024.0,7000.0,7000.0,7000.0,197.0,1379000.0,5190
2023-05-11 09:14:30,SM2305,SM2305,7000.0,0.0,0.0,0.0,43,7002.0,7014.0,12,7024.0,7000.0,7000.0,7000.0,197.0,1379000.0,5190
2023-05-11 09:14:31,SM2305,SM2305,7000.0,0.0,0.0,0.0,43,7002.0,7014.0,14,7024.0,7000.0,7000.0,7000.0,197.0,1379000.0,5190
2023-05-11 09:14:32,SM2305,SM2305,7000.0,0.0,0.0,0.0,43,7002.0,7014.0,12,7024.0,7000.0,7000.0,7000.0,197.0,1379000.0,5190
2023-05-11 09:14:33,SM2305,SM2305,7000.0,0.0,0.0,0.0,43,7002.0,7014.0,11,7024.0,7000.0,7000.0,7000.0,197.0,1379000.0,5190
2023-05-11 09:14:35,SM2305,SM2305,7000.0,0.0,0.0,0.0,43,7002.0,7014.0,8,7024.0,7000.0,7000.0,7000.0,197.0,1379000.0,5190
2023-05-11 09:14:35,SM2305,SM2305,7000.0,0.0,0.0,0.0,43,7002.0,7014.0,18,7024.0,7000.0,7000.0,7000.0,197.0,1379000.0,5190
2023-05-11 09:14:37,SM2305,SM2305,7000.0,0.0,0.0,0.0,43,7002.0,7012.0,4,7024.0,7000.0,7000.0,7000.0,197.0,1379000.0,5190
2023-05-11 09:14:37,SM2305,SM2305,7000.0,0.0,0.0,0.0,43,7002.0,7012.0,6,7024.0,7000.0,7000.0,7000.0,197.0,1379000.0,5190
2023-05-11 09:14:37,SM2305,SM2305,7000.0,0.0,0.0,0.0,43,7002.0,7012.0,8,7024.0,7000.0,7000.0,7000.0,197.0,1379000.0,5190
2023-05-11 09:14:38,SM2305,SM2305,7000.0,0.0,0.0,0.0,43,7002.0,7012.0,9,7024.0,7000.0,7000.0,7000.0,197.0,1379000.0,5190
2023-05-11 09:14:39,SM2305,SM2305,7000.0,0.0,0.0,0.0,43,7002.0,7012.0,10,7024.0,7000.0,7000.0,7000.0,197.0,1379000.0,5190
2023-05-11 09:14:41,SM2305,SM2305,7000.0,0.0,0.0,0.0,43,7002.0,7012.0,11,7024.0,7000.0,7000.0,7000.0,197.0,1379000.0,5190
2023-05-11 09:14:42,SM2305,SM2305,7000.0,0.0,0.0,0.0,43,7002.0,7012.0,12,7024.0,7000.0,7000.0,7000.0,197.0,1379000.0,5190
2023-05-11 09:14:42,SM2305,SM2305,7000.0,0.0,0.0,0.0,43,7002.0,7012.0,11,7024.0,7000.0,7000.0,7000.0,197.0,1379000.0,5190
2023-05-11 09:14:43,SM2305,SM2305,7000.0,0.0,0.0,0.0,43,7002.0,7012.0,12,7024.0,7000.0,7000.0,7000.0,197.0,1379000.0,5190
2023-05-11 09:14:45,SM2305,SM2305,7000.0,0.0,0.0,0.0,43,7002.0,7012.0,11,7024.0,7000.0,7000.0,7000.0,197.0,1379000.0,5190
2023-05-11 09:14:46,SM2305,SM2305,7000.0,0.0,0.0,0.0,43,7002.0,7012.0,12,7024.0,7000.0,7000.0,7000.0,197.0,1379000.0,5190
2023-05-11 09:14:46,SM2305,SM2305,7000.0,0.0,0.0,0.0,43,7002.0,7012.0,11,7024.0,7000.0,7000.0,7000.0,197.0,1379000.0,5190
2023-05-11 09:14:47,SM2305,SM2305,7000.0,0.0,0.0,0.0,43,7002.0,7010.0,8,7024.0,7000.0,7000.0,7000.0,197.0,1379000.0,5190
2023-05-11 09:14:47,SM2305,SM2305,7000.0,0.0,0.0,0.0,43,7002.0,7010.0,11,7024.0,7000.0,7000.0,7000.0,197.0,1379000.0,5190
2023-05-11 09:14:48,SM2305,SM2305,7000.0,0.0,0.0,0.0,43,7002.0,7010.0,17,7024.0,7000.0,7000.0,7000.0,197.0,1379000.0,5190
2023-05-11 09:14:49,SM2305,SM2305,7000.0,0.0,0.0,0.0,43,7002.0,7010.0,18,7024.0,7000.0,7000.0,7000.0,197.0,1379000.0,5190
2023-05-11 09:14:49,SM2305,SM2305,7000.0,0.0,0.0,0.0,43,7002.0,7012.0,61,7024.0,7000.0,7000.0,7000.0,197.0,1379000.0,5190
2023-05-11 09:14:49,SM2305,SM2305,7000.0,0.0,0.0,0.0,43,7002.0,7012.0,62,7024.0,7000.0,7000.0,7000.0,197.0,1379000.0,5190
2023-05-11 09:14:51,SM2305,SM2305,7000.0,0.0,0.0,0.0,43,7002.0,7012.0,65,7024.0,7000.0,7000.0,7000.0,197.0,1379000.0,5190
2023-05-11 09:14:51,SM2305,SM2305,7000.0,0.0,0.0,0.0,43,7002.0,7010.0,1,7024.0,7000.0,7000.0,7000.0,197.0,1379000.0,5190
2023-05-11 09:14:52,SM2305,SM2305,7000.0,0.0,0.0,0.0,43,7002.0,7010.0,7,7024.0,7000.0,7000.0,7000.0,197.0,1379000.0,5190
2023-05-11 09:14:53,SM2305,SM2305,7000.0,0.0,0.0,0.0,43,7002.0,7010.0,10,7024.0,7000.0,7000.0,7000.0,197.0,1379000.0,5190
2023-05-11 09:14:54,SM2305,SM2305,7010.0,11.0,77416.0,0.0,43,7002.0,7010.0,2,7024.0,7000.0,7010.0,7000.0,208.0,1456416.0,5190
2023-05-11 09:14:55,SM2305,SM2305,7010.0,0.0,0.0,0.0,43,7002.0,7012.0,64,7024.0,7000.0,7010.0,7000.0,208.0,1456416.0,5190
2023-05-11 09:14:55,SM2305,SM2305,7010.0,0.0,0.0,0.0,43,7002.0,7010.0,3,7024.0,7000.0,7010.0,7000.0,208.0,1456416.0,5190
2023-05-11 09:14:56,SM2305,SM2305,7010.0,0.0,0.0,0.0,43,7002.0,7010.0,1,7024.0,7000.0,7010.0,7000.0,208.0,1456416.0,5190
2023-05-11 09:14:56,SM2305,SM2305,7010.0,0.0,0.0,0.0,43,7002.0,7010.0,2,7024.0,7000.0,7010.0,7000.0,208.0,1456416.0,5190
2023-05-11 09:14:56,SM2305,SM2305,7010.0,0.0,0.0,0.0,43,7002.0,7012.0,86,7024.0,7000.0,7010.0,7000.0,208.0,1456416.0,5190
2023-05-11 09:14:58,SM2305,SM2305,7010.0,0.0,0.0,0.0,43,7002.0,7010.0,1,7024.0,7000.0,7010.0,7000.0,208.0,1456416.0,5190
2023-05-11 09:14:58,SM2305,SM2305,7010.0,0.0,0.0,0.0,43,7002.0,7012.0,87,7024.0,7000.0,7010.0,7000.0,208.0,1456416.0,5190
2023-05-11 09:14:58,SM2305,SM2305,7010.0,0.0,0.0,0.0,43,7002.0,7012.0,86,7024.0,7000.0,7010.0,7000.0,208.0,1456416.0,5190
2023-05-11 09:14:59,SM2305,SM2305,7010.0,0.0,0.0,0.0,43,7002.0,7014.0,17,7024.0,7000.0,7010.0,7000.0,208.0,1456416.0,5190
2023-05-11 09:15:00,SM2305,SM2305,7010.0,0.0,0.0,0.0,43,7002.0,7014.0,16,7024.0,7000.0,7010.0,7000.0,208.0,1456416.0,5190
2023-05-11 09:15:00,SM2305,SM2305,7010.0,0.0,0.0,0.0,43,7002.0,7012.0,10,7024.0,7000.0,7010.0,7000.0,208.0,1456416.0,5190
2023-05-11 09:15:01,SM2305,SM2305,7010.0,0.0,0.0,0.0,43,7002.0,7010.0,40,7024.0,7000.0,7010.0,7000.0,208.0,1456416.0,5190
2023-05-11 09:15:01,SM2305,SM2305,7010.0,0.0,0.0,0.0,43,7002.0,7010.0,41,7024.0,7000.0,7010.0,7000.0,208.0,1456416.0,5190
2023-05-11 09:15:02,SM2305,SM2305,7010.0,0.0,0.0,0.0,43,7002.0,7010.0,37,7024.0,7000.0,7010.0,7000.0,208.0,1456416.0,5190
2023-05-11 09:15:03,SM2305,SM2305,7010.0,0.0,0.0,0.0,43,7002.0,7010.0,43,7024.0,7000.0,7010.0,7000.0,208.0,1456416.0,5190
2023-05-11 09:15:03,SM2305,SM2305,7010.0,0.0,0.0,0.0,43,7002.0,7008.0,12,7024.0,7000.0,7010.0,7000.0,208.0,1456416.0,5190
2023-05-11 09:15:04,SM2305,SM2305,7010.0,0.0,0.0,0.0,43,7002.0,7010.0,89,7024.0,7000.0,7010.0,7000.0,208.0,1456416.0,5190
2023-05-11 09:15:04,SM2305,SM2305,7010.0,11.0,77022.0,0.0,43,7002.0,7010.0,78,7024.0,7000.0,7010.0,7000.0,219.0,1533438.0,5190
2023-05-11 09:15:06,SM2305,SM2305,7010.0,0.0,0.0,0.0,43,7002.0,7012.0,70,7024.0,7000.0,7010.0,7000.0,219.0,1533438.0,5190
2023-05-11 09:15:06,SM2305,SM2305,7010.0,0.0,0.0,0.0,43,7002.0,7014.0,16,7024.0,7000.0,7010.0,7000.0,219.0,1533438.0,5190
2023-05-11 09:15:08,SM2305,SM2305,7010.0,0.0,0.0,0.0,43,7002.0,7014.0,5,7024.0,7000.0,7010.0,7000.0,219.0,1533438.0,5190
2023-05-11 09:15:09,SM2305,SM2305,7010.0,0.0,0.0,0.0,43,7002.0,7016.0,9,7024.0,7000.0,7010.0,7000.0,219.0,1533438.0,5190
2023-05-11 09:15:09,SM2305,SM2305,7010.0,0.0,0.0,0.0,43,7002.0,7016.0,14,7024.0,7000.0,7010.0,7000.0,219.0,1533438.0,5190
2023-05-11 09:15:10,SM2305,SM2305,7010.0,0.0,0.0,0.0,43,7002.0,7016.0,9,7024.0,7000.0,7010.0,7000.0,219.0,1533438.0,5190
2023-05-11 09:15:11,SM2305,SM2305,7010.0,0.0,0.0,0.0,43,7002.0,7016.0,8,7024.0,7000.0,7010.0,7000.0,219.0,1533438.0,5190
2023-05-11 09:15:12,SM2305,SM2305,7010.0,0.0,0.0,0.0,43,7002.0,7016.0,7,7024.0,7000.0,7010.0,7000.0,219.0,1533438.0,5190
2023-05-11 09:15:13,SM2305,SM2305,7010.0,0.0,0.0,0.0,43,7002.0,7016.0,14,7024.0,7000.0,7010.0,7000.0,219.0,1533438.0,5190
2023-05-11 09:15:14,SM2305,SM2305,7010.0,0.0,0.0,0.0,43,7002.0,7016.0,11,7024.0,7000.0,7010.0,7000.0,219.0,1533438.0,5190
2023-05-11 09:15:15,SM2305,SM2305,7010.0,0.0,0.0,0.0,43,7002.0,7016.0,8,7024.0,7000.0,7010.0,7000.0,219.0,1533438.0,5190
2023-05-11 09:15:16,SM2305,SM2305,7010.0,0.0,0.0,0.0,43,7002.0,7016.0,7,7024.0,7000.0,7010.0,7000.0,219.0,1533438.0,5190
2023-05-11 09:15:17,SM2305,SM2305,7010.0,0.0,0.0,0.0,43,7002.0,7016.0,6,7024.0,7000.0,7010.0,7000.0,219.0,1533438.0,5190
2023-05-11 09:15:17,SM2305,SM2305,7010.0,0.0,0.0,0.0,43,7002.0,7016.0,9,7024.0,7000.0,7010.0,7000.0,219.0,1533438.0,5190
2023-05-11 09:15:18,SM2305,SM2305,7010.0,0.0,0.0,0.0,43,7002.0,7016.0,11,7024.0,7000.0,7010.0,7000.0,219.0,1533438.0,5190
2023-05-11 09:15:19,SM2305,SM2305,7010.0,0.0,0.0,0.0,43,7002.0,7016.0,10,7024.0,7000.0,7010.0,7000.0,219.0,1533438.0,5190
2023-05-11 09:15:19,SM2305,SM2305,7010.0,0.0,0.0,0.0,43,7002.0,7016.0,6,7024.0,7000.0,7010.0,7000.0,219.0,1533438.0,5190
2023-05-11 09:15:20,SM2305,SM2305,7010.0,0.0,0.0,0.0,43,7002.0,7016.0,5,7024.0,7000.0,7010.0,7000.0,219.0,1533438.0,5190
2023-05-11 09:15:20,SM2305,SM2305,7010.0,0.0,0.0,0.0,43,7002.0,7016.0,6,7024.0,7000.0,7010.0,7000.0,219.0,1533438.0,5190
2023-05-11 09:15:21,SM2305,SM2305,7010.0,0.0,0.0,0.0,43,7002.0,7014.0,5,7024.0,7000.0,7010.0,7000.0,219.0,1533438.0,5190
2023-05-11 09:15:22,SM2305,SM2305,7010.0,0.0,0.0,0.0,43,7002.0,7014.0,7,7024.0,7000.0,7010.0,7000.0,219.0,1533438.0,5190
2023-05-11 09:15:23,SM2305,SM2305,7010.0,0.0,0.0,0.0,43,7002.0,7014.0,15,7024.0,7000.0,7010.0,7000.0,219.0,1533438.0,5190
2023-05-11 09:15:24,SM2305,SM2305,7010.0,0.0,0.0,0.0,43,7002.0,7014.0,13,7024.0,7000.0,7010.0,7000.0,219.0,1533438.0,5190
2023-05-11 09:15:24,SM2305,SM2305,7010.0,0.0,0.0,0.0,43,7002.0,7014.0,9,7024.0,7000.0,7010.0,7000.0,219.0,1533438.0,5190
2023-05-11 09:15:29,SM2305,SM2305,7010.0,0.0,0.0,0.0,43,7002.0,7014.0,8,7024.0,7000.0,7010.0,7000.0,219.0,1533438.0,5190
2023-05-11 09:15:32,SM2305,SM2305,7010.0,0.0,0.0,0.0,43,7002.0,7016.0,19,7024.0,7000.0,7010.0,7000.0,219.0,1533438.0,5190
2023-05-11 09:15:32,SM2305,SM2305,7010.0,0.0,0.0,0.0,43,7002.0,7016.0,20,7024.0,7000.0,7010.0,7000.0,219.0,1533438.0,5190
2023-05-11 09:15:34,SM2305,SM2305,7010.0,0.0,0.0,0.0,43,7002.0,7016.0,9,7024.0,7000.0,7010.0,7000.0,219.0,1533438.0,5190
2023-05-11 09:15:35,SM2305,SM2305,7010.0,0.0,0.0,0.0,43,7002.0,7016.0,8,7024.0,7000.0,7010.0,7000.0,219.0,1533438.0,5190
2023-05-11 09:15:36,SM2305,SM2305,7010.0,0.0,0.0,0.0,43,7002.0,7018.0,38,7024.0,7000.0,7010.0,7000.0,219.0,1533438.0,5190
2023-05-11 09:15:37,SM2305,SM2305,7010.0,0.0,0.0,0.0,43,7002.0,7018.0,39,7024.0,7000.0,7010.0,7000.0,219.0,1533438.0,5190
2023-05-11 09:15:37,SM2305,SM2305,7010.0,0.0,0.0,0.0,43,7002.0,7018.0,22,7024.0,7000.0,7010.0,7000.0,219.0,1533438.0,5190
2023-05-11 09:15:38,SM2305,SM2305,7010.0,0.0,0.0,0.0,43,7002.0,7018.0,20,7024.0,7000.0,7010.0,7000.0,219.0,1533438.0,5190
2023-05-11 09:15:38,SM2305,SM2305,7010.0,0.0,0.0,0.0,43,7002.0,7018.0,21,7024.0,7000.0,7010.0,7000.0,219.0,1533438.0,5190
2023-05-11 09:15:39,SM2305,SM2305,7010.0,0.0,0.0,0.0,43,7002.0,7020.0,31,7024.0,7000.0,7010.0,7000.0,219.0,1533438.0,5190
2023-05-11 09:15:41,SM2305,SM2305,7010.0,0.0,0.0,0.0,43,7002.0,7020.0,30,7024.0,7000.0,7010.0,7000.0,219.0,1533438.0,5190
2023-05-11 09:15:41,SM2305,SM2305,7010.0,0.0,0.0,0.0,43,7002.0,7020.0,21,7024.0,7000.0,7010.0,7000.0,219.0,1533438.0,5190
2023-05-11 09:15:46,SM2305,SM2305,7010.0,0.0,0.0,0.0,43,7002.0,7020.0,18,7024.0,7000.0,7010.0,7000.0,219.0,1533438.0,5190
2023-05-11 09:15:46,SM2305,SM2305,7010.0,0.0,0.0,0.0,43,7002.0,7020.0,2,7024.0,7000.0,7010.0,7000.0,219.0,1533438.0,5190
2023-05-11 09:15:47,SM2305,SM2305,7010.0,0.0,0.0,0.0,43,7002.0,7018.0,1,7024.0,7000.0,7010.0,7000.0,219.0,1533438.0,5190
2023-05-11 09:15:47,SM2305,SM2305,7010.0,0.0,0.0,0.0,43,7002.0,7020.0,16,7024.0,7000.0,7010.0,7000.0,219.0,1533438.0,5190
2023-05-11 09:15:47,SM2305,SM2305,7010.0,0.0,0.0,0.0,43,7002.0,7020.0,17,7024.0,7000.0,7010.0,7000.0,219.0,1533438.0,5190
2023-05-11 09:15:49,SM2305,SM2305,7010.0,0.0,0.0,0.0,43,7002.0,7018.0,1,7024.0,7000.0,7010.0,7000.0,219.0,1533438.0,5190
2023-05-11 09:15:49,SM2305,SM2305,7010.0,0.0,0.0,0.0,43,7002.0,7020.0,16,7024.0,7000.0,7010.0,7000.0,219.0,1533438.0,5190
2023-05-11 09:15:50,SM2305,SM2305,7010.0,0.0,0.0,0.0,43,7002.0,7020.0,14,7024.0,7000.0,7010.0,7000.0,219.0,1533438.0,5190
2023-05-11 09:15:50,SM2305,SM2305,7010.0,0.0,0.0,0.0,43,7002.0,7020.0,16,7024.0,7000.0,7010.0,7000.0,219.0,1533438.0,5190
2023-05-11 09:15:54,SM2305,SM2305,7010.0,0.0,0.0,0.0,43,7002.0,7020.0,15,7024.0,7000.0,7010.0,7000.0,219.0,1533438.0,5190
2023-05-11 09:15:55,SM2305,SM2305,7010.0,0.0,0.0,0.0,43,7002.0,7022.0,36,7024.0,7000.0,7010.0,7000.0,219.0,1533438.0,5190
2023-05-11 09:15:55,SM2305,SM2305,7010.0,0.0,0.0,0.0,43,7002.0,7022.0,35,7024.0,7000.0,7010.0,7000.0,219.0,1533438.0,5190
2023-05-11 09:15:56,SM2305,SM2305,7010.0,0.0,0.0,0.0,43,7002.0,7020.0,4,7024.0,7000.0,7010.0,7000.0,219.0,1533438.0,5190
2023-05-11 09:15:57,SM2305,SM2305,7010.0,0.0,0.0,0.0,43,7002.0,7020.0,5,7024.0,7000.0,7010.0,7000.0,219.0,1533438.0,5190
2023-05-11 09:15:57,SM2305,SM2305,7010.0,0.0,0.0,0.0,43,7002.0,7020.0,8,7024.0,7000.0,7010.0,7000.0,219.0,1533438.0,5190
2023-05-11 09:15:58,SM2305,SM2305,7010.0,0.0,0.0,0.0,43,7002.0,7022.0,35,7024.0,7000.0,7010.0,7000.0,219.0,1533438.0,5190
2023-05-11 09:15:58,SM2305,SM2305,7010.0,0.0,0.0,0.0,43,7002.0,7020.0,6,7024.0,7000.0,7010.0,7000.0,219.0,1533438.0,5190
2023-05-11 09:15:59,SM2305,SM2305,7010.0,0.0,0.0,0.0,43,7002.0,7020.0,17,7024.0,7000.0,7010.0,7000.0,219.0,1533438.0,5190
2023-05-11 09:15:59,SM2305,SM2305,7010.0,0.0,0.0,0.0,43,7002.0,7020.0,15,7024.0,7000.0,7010.0,7000.0,219.0,1533438.0,5190
2023-05-11 09:16:01,SM2305,SM2305,7010.0,0.0,0.0,0.0,43,7002.0,7020.0,14,7024.0,7000.0,7010.0,7000.0,219.0,1533438.0,5190
2023-05-11 09:16:01,SM2305,SM2305,7010.0,0.0,0.0,0.0,43,7002.0,7018.0,1,7024.0,7000.0,7010.0,7000.0,219.0,1533438.0,5190
2023-05-11 09:16:02,SM2305,SM2305,7010.0,0.0,0.0,0.0,43,7002.0,7020.0,13,7024.0,7000.0,7010.0,7000.0,219.0,1533438.0,5190
2023-05-11 09:16:03,SM2305,SM2305,7010.0,0.0,0.0,0.0,43,7002.0,7020.0,7,7024.0,7000.0,7010.0,7000.0,219.0,1533438.0,5190
2023-05-11 09:16:03,SM2305,SM2305,7010.0,0.0,0.0,0.0,43,7002.0,7022.0,36,7024.0,7000.0,7010.0,7000.0,219.0,1533438.0,5190
2023-05-11 09:16:04,SM2305,SM2305,7010.0,0.0,0.0,0.0,43,7002.0,7022.0,52,7024.0,7000.0,7010.0,7000.0,219.0,1533438.0,5190
2023-05-11 09:16:07,SM2305,SM2305,7010.0,0.0,0.0,0.0,43,7002.0,7022.0,50,7024.0,7000.0,7010.0,7000.0,219.0,1533438.0,5190
2023-05-11 09:16:09,SM2305,SM2305,7010.0,0.0,0.0,0.0,43,7002.0,7022.0,49,7024.0,7000.0,7010.0,7000.0,219.0,1533438.0,5190
2023-05-11 09:16:11,SM2305,SM2305,7010.0,0.0,0.0,0.0,43,7002.0,7022.0,51,7024.0,7000.0,7010.0,7000.0,219.0,1533438.0,5190
2023-05-11 09:16:11,SM2305,SM2305,7010.0,0.0,0.0,0.0,43,7002.0,7020.0,9,7024.0,7000.0,7010.0,7000.0,219.0,1533438.0,5190
2023-05-11 09:16:12,SM2305,SM2305,7010.0,0.0,0.0,0.0,43,7002.0,7020.0,10,7024.0,7000.0,7010.0,7000.0,219.0,1533438.0,5190
2023-05-11 09:16:13,SM2305,SM2305,7010.0,0.0,0.0,0.0,43,7002.0,7022.0,51,7024.0,7000.0,7010.0,7000.0,219.0,1533438.0,5190
2023-05-11 09:16:13,SM2305,SM2305,7010.0,0.0,0.0,0.0,43,7002.0,7022.0,49,7024.0,7000.0,7010.0,7000.0,219.0,1533438.0,5190
2023-05-11 09:16:15,SM2305,SM2305,7010.0,0.0,0.0,0.0,43,7002.0,7022.0,39,7024.0,7000.0,7010.0,7000.0,219.0,1533438.0,5190
2023-05-11 09:16:16,SM2305,SM2305,7010.0,0.0,0.0,0.0,43,7002.0,7022.0,25,7024.0,7000.0,7010.0,7000.0,219.0,1533438.0,5190
2023-05-11 09:16:17,SM2305,SM2305,7010.0,0.0,0.0,0.0,43,7002.0,7022.0,24,7024.0,7000.0,7010.0,7000.0,219.0,1533438.0,5190
2023-05-11 09:16:18,SM2305,SM2305,7010.0,0.0,0.0,0.0,43,7002.0,7022.0,25,7024.0,7000.0,7010.0,7000.0,219.0,1533438.0,5190
2023-05-11 09:16:18,SM2305,SM2305,7010.0,0.0,0.0,0.0,43,7002.0,7022.0,31,7024.0,7000.0,7010.0,7000.0,219.0,1533438.0,5190
2023-05-11 09:16:21,SM2305,SM2305,7010.0,0.0,0.0,0.0,43,7002.0,7022.0,32,7024.0,7000.0,7010.0,7000.0,219.0,1533438.0,5190
2023-05-11 09:16:21,SM2305,SM2305,7010.0,0.0,0.0,0.0,43,7002.0,7022.0,31,7024.0,7000.0,7010.0,7000.0,219.0,1533438.0,5190
2023-05-11 09:16:22,SM2305,SM2305,7010.0,0.0,0.0,0.0,43,7002.0,7022.0,32,7024.0,7000.0,7010.0,7000.0,219.0,1533438.0,5190
2023-05-11 09:16:24,SM2305,SM2305,7010.0,0.0,0.0,0.0,43,7002.0,7020.0,1,7024.0,7000.0,7010.0,7000.0,219.0,1533438.0,5190
2023-05-11 09:16:24,SM2305,SM2305,7010.0,0.0,0.0,0.0,43,7002.0,7020.0,2,7024.0,7000.0,7010.0,7000.0,219.0,1533438.0,5190
2023-05-11 09:16:25,SM2305,SM2305,7010.0,0.0,0.0,0.0,43,7002.0,7022.0,31,7024.0,7000.0,7010.0,7000.0,219.0,1533438.0,5190
2023-05-11 09:16:25,SM2305,SM2305,7010.0,0.0,0.0,0.0,43,7002.0,7020.0,3,7024.0,7000.0,7010.0,7000.0,219.0,1533438.0,5190
2023-05-11 09:16:26,SM2305,SM2305,7010.0,0.0,0.0,0.0,43,7002.0,7020.0,4,7024.0,7000.0,7010.0,7000.0,219.0,1533438.0,5190
2023-05-11 09:16:27,SM2305,SM2305,7010.0,0.0,0.0,0.0,43,7002.0,7020.0,8,7024.0,7000.0,7010.0,7000.0,219.0,1533438.0,5190
2023-05-11 09:16:32,SM2305,SM2305,7010.0,0.0,0.0,0.0,43,7002.0,7022.0,31,7024.0,7000.0,7010.0,7000.0,219.0,1533438.0,5190
2023-05-11 09:16:36,SM2305,SM2305,7010.0,0.0,0.0,0.0,43,7002.0,7022.0,30,7024.0,7000.0,7010.0,7000.0,219.0,1533438.0,5190
2023-05-11 09:16:40,SM2305,SM2305,7010.0,0.0,0.0,0.0,43,7002.0,7020.0,2,7024.0,7000.0,7010.0,7000.0,219.0,1533438.0,5190
2023-05-11 09:16:41,SM2305,SM2305,7010.0,0.0,0.0,0.0,43,7002.0,7020.0,3,7024.0,7000.0,7010.0,7000.0,219.0,1533438.0,5190
2023-05-11 09:16:42,SM2305,SM2305,7010.0,0.0,0.0,0.0,43,7002.0,7020.0,4,7024.0,7000.0,7010.0,7000.0,219.0,1533438.0,5190
2023-05-11 09:16:42,SM2305,SM2305,7010.0,0.0,0.0,0.0,43,7002.0,7022.0,30,7024.0,7000.0,7010.0,7000.0,219.0,1533438.0,5190
2023-05-11 09:16:45,SM2305,SM2305,7010.0,0.0,0.0,0.0,43,7002.0,7020.0,2,7024.0,7000.0,7010.0,7000.0,219.0,1533438.0,5190
2023-05-11 09:16:46,SM2305,SM2305,7010.0,0.0,0.0,0.0,43,7002.0,7022.0,29,7024.0,7000.0,7010.0,7000.0,219.0,1533438.0,5190
2023-05-11 09:16:53,SM2305,SM2305,7010.0,0.0,0.0,0.0,43,7002.0,7022.0,19,7024.0,7000.0,7010.0,7000.0,219.0,1533438.0,5190
2023-05-11 09:16:56,SM2305,SM2305,7010.0,0.0,0.0,0.0,43,7002.0,7022.0,18,7024.0,7000.0,7010.0,7000.0,219.0,1533438.0,5190
2023-05-11 09:16:56,SM2305,SM2305,7010.0,0.0,0.0,0.0,43,7002.0,7022.0,19,7024.0,7000.0,7010.0,7000.0,219.0,1533438.0,5190
2023-05-11 09:16:57,SM2305,SM2305,7010.0,0.0,0.0,0.0,43,7002.0,7022.0,18,7024.0,7000.0,7010.0,7000.0,219.0,1533438.0,5190
2023-05-11 09:16:59,SM2305,SM2305,7010.0,0.0,0.0,0.0,43,7002.0,7022.0,17,7024.0,7000.0,7010.0,7000.0,219.0,1533438.0,5190
2023-05-11 09:17:03,SM2305,SM2305,7010.0,0.0,0.0,0.0,43,7002.0,7020.0,8,7024.0,7000.0,7010.0,7000.0,219.0,1533438.0,5190
2023-05-11 09:17:04,SM2305,SM2305,7010.0,0.0,0.0,0.0,43,7002.0,7020.0,1,7024.0,7000.0,7010.0,7000.0,219.0,1533438.0,5190
2023-05-11 09:17:04,SM2305,SM2305,7010.0,0.0,0.0,0.0,43,7002.0,7022.0,17,7024.0,7000.0,7010.0,7000.0,219.0,1533438.0,5190
2023-05-11 09:17:05,SM2305,SM2305,7010.0,0.0,0.0,0.0,43,7002.0,7022.0,16,7024.0,7000.0,7010.0,7000.0,219.0,1533438.0,5190
2023-05-11 09:17:06,SM2305,SM2305,7010.0,0.0,0.0,0.0,43,7002.0,7022.0,17,7024.0,7000.0,7010.0,7000.0,219.0,1533438.0,5190
2023-05-11 09:17:08,SM2305,SM2305,7010.0,0.0,0.0,0.0,43,7002.0,7020.0,2,7024.0,7000.0,7010.0,7000.0,219.0,1533438.0,5190
2023-05-11 09:17:08,SM2305,SM2305,7010.0,0.0,0.0,0.0,43,7002.0,7020.0,11,7024.0,7000.0,7010.0,7000.0,219.0,1533438.0,5190
2023-05-11 09:17:11,SM2305,SM2305,7010.0,0.0,0.0,0.0,43,7002.0,7020.0,3,7024.0,7000.0,7010.0,7000.0,219.0,1533438.0,5190
2023-05-11 09:17:11,SM2305,SM2305,7010.0,0.0,0.0,0.0,43,7002.0,7020.0,2,7024.0,7000.0,7010.0,7000.0,219.0,1533438.0,5190
2023-05-11 09:17:13,SM2305,SM2305,7010.0,0.0,0.0,0.0,43,7002.0,7020.0,7,7024.0,7000.0,7010.0,7000.0,219.0,1533438.0,5190
2023-05-11 09:17:17,SM2305,SM2305,7010.0,0.0,0.0,0.0,43,7002.0,7020.0,9,7024.0,7000.0,7010.0,7000.0,219.0,1533438.0,5190
2023-05-11 09:17:18,SM2305,SM2305,7010.0,0.0,0.0,0.0,43,7002.0,7022.0,15,7024.0,7000.0,7010.0,7000.0,219.0,1533438.0,5190
2023-05-11 09:17:19,SM2305,SM2305,7010.0,0.0,0.0,0.0,43,7002.0,7020.0,1,7024.0,7000.0,7010.0,7000.0,219.0,1533438.0,5190
2023-05-11 09:17:19,SM2305,SM2305,7010.0,0.0,0.0,0.0,43,7002.0,7020.0,7,7024.0,7000.0,7010.0,7000.0,219.0,1533438.0,5190
2023-05-11 09:17:20,SM2305,SM2305,7010.0,0.0,0.0,0.0,43,7002.0,7020.0,8,7024.0,7000.0,7010.0,7000.0,219.0,1533438.0,5190
2023-05-11 09:17:23,SM2305,SM2305,7010.0,0.0,0.0,0.0,43,7002.0,7020.0,6,7024.0,7000.0,7010.0,7000.0,219.0,1533438.0,5190
2023-05-11 09:17:23,SM2305,SM2305,7010.0,0.0,0.0,0.0,43,7002.0,7020.0,7,7024.0,7000.0,7010.0,7000.0,219.0,1533438.0,5190
2023-05-11 09:17:27,SM2305,SM2305,7010.0,0.0,0.0,0.0,43,7002.0,7018.0,6,7024.0,7000.0,7010.0,7000.0,219.0,1533438.0,5190
2023-05-11 09:17:27,SM2305,SM2305,7010.0,0.0,0.0,0.0,43,7002.0,7018.0,7,7024.0,7000.0,7010.0,7000.0,219.0,1533438.0,5190
2023-05-11 09:17:27,SM2305,SM2305,7010.0,0.0,0.0,0.0,43,7002.0,7018.0,5,7024.0,7000.0,7010.0,7000.0,219.0,1533438.0,5190
2023-05-11 09:17:28,SM2305,SM2305,7010.0,0.0,0.0,0.0,43,7002.0,7018.0,6,7024.0,7000.0,7010.0,7000.0,219.0,1533438.0,5190
2023-05-11 09:17:28,SM2305,SM2305,7010.0,0.0,0.0,0.0,43,7002.0,7020.0,13,7024.0,7000.0,7010.0,7000.0,219.0,1533438.0,5190
2023-05-11 09:17:30,SM2305,SM2305,7010.0,0.0,0.0,0.0,43,7002.0,7020.0,18,7024.0,7000.0,7010.0,7000.0,219.0,1533438.0,5190
2023-05-11 09:17:31,SM2305,SM2305,7010.0,0.0,0.0,0.0,43,7002.0,7020.0,16,7024.0,7000.0,7010.0,7000.0,219.0,1533438.0,5190
2023-05-11 09:17:33,SM2305,SM2305,7010.0,0.0,0.0,0.0,43,7002.0,7018.0,2,7024.0,7000.0,7010.0,7000.0,219.0,1533438.0,5190
2023-05-11 09:17:33,SM2305,SM2305,7010.0,0.0,0.0,0.0,43,7002.0,7018.0,6,7024.0,7000.0,7010.0,7000.0,219.0,1533438.0,5190
2023-05-11 09:17:34,SM2305,SM2305,7010.0,0.0,0.0,0.0,43,7002.0,7018.0,5,7024.0,7000.0,7010.0,7000.0,219.0,1533438.0,5190
2023-05-11 09:17:36,SM2305,SM2305,7010.0,0.0,0.0,0.0,43,7002.0,7018.0,10,7024.0,7000.0,7010.0,7000.0,219.0,1533438.0,5190
2023-05-11 09:17:44,SM2305,SM2305,7010.0,0.0,0.0,0.0,43,7002.0,7018.0,9,7024.0,7000.0,7010.0,7000.0,219.0,1533438.0,5190
2023-05-11 09:17:45,SM2305,SM2305,7010.0,0.0,0.0,0.0,43,7002.0,7018.0,2,7024.0,7000.0,7010.0,7000.0,219.0,1533438.0,5190
2023-05-11 09:17:46,SM2305,SM2305,7010.0,0.0,0.0,0.0,43,7002.0,7020.0,11,7024.0,7000.0,7010.0,7000.0,219.0,1533438.0,5190
2023-05-11 09:17:47,SM2305,SM2305,7010.0,0.0,0.0,0.0,43,7002.0,7020.0,12,7024.0,7000.0,7010.0,7000.0,219.0,1533438.0,5190
2023-05-11 09:17:50,SM2305,SM2305,7010.0,0.0,0.0,0.0,43,7002.0,7018.0,4,7024.0,7000.0,7010.0,7000.0,219.0,1533438.0,5190
2023-05-11 09:17:50,SM2305,SM2305,7010.0,0.0,0.0,0.0,43,7002.0,7018.0,9,7024.0,7000.0,7010.0,7000.0,219.0,1533438.0,5190
2023-05-11 09:17:51,SM2305,SM2305,7010.0,0.0,0.0,0.0,43,7002.0,7018.0,15,7024.0,7000.0,7010.0,7000.0,219.0,1533438.0,5190
2023-05-11 09:17:52,SM2305,SM2305,7010.0,0.0,0.0,0.0,43,7002.0,7016.0,1,7024.0,7000.0,7010.0,7000.0,219.0,1533438.0,5190
2023-05-11 09:17:52,SM2305,SM2305,7010.0,0.0,0.0,0.0,43,7002.0,7016.0,4,7024.0,7000.0,7010.0,7000.0,219.0,1533438.0,5190
2023-05-11 09:17:53,SM2305,SM2305,7010.0,0.0,0.0,0.0,43,7002.0,7016.0,5,7024.0,7000.0,7010.0,7000.0,219.0,1533438.0,5190
2023-05-11 09:17:54,SM2305,SM2305,7010.0,0.0,0.0,0.0,43,7002.0,7016.0,2,7024.0,7000.0,7010.0,7000.0,219.0,1533438.0,5190
2023-05-11 09:17:54,SM2305,SM2305,7010.0,0.0,0.0,0.0,43,7002.0,7016.0,7,7024.0,7000.0,7010.0,7000.0,219.0,1533438.0,5190
2023-05-11 09:17:55,SM2305,SM2305,7010.0,0.0,0.0,0.0,43,7002.0,7016.0,13,7024.0,7000.0,7010.0,7000.0,219.0,1533438.0,5190
2023-05-11 09:17:55,SM2305,SM2305,7010.0,0.0,0.0,0.0,43,7002.0,7016.0,11,7024.0,7000.0,7010.0,7000.0,219.0,1533438.0,5190
2023-05-11 09:17:58,SM2305,SM2305,7010.0,0.0,0.0,0.0,43,7002.0,7014.0,2,7024.0,7000.0,7010.0,7000.0,219.0,1533438.0,5190
2023-05-11 09:17:59,SM2305,SM2305,7010.0,0.0,0.0,0.0,43,7002.0,7014.0,4,7024.0,7000.0,7010.0,7000.0,219.0,1533438.0,5190
2023-05-11 09:18:00,SM2305,SM2305,7010.0,0.0,0.0,0.0,43,7002.0,7014.0,3,7024.0,7000.0,7010.0,7000.0,219.0,1533438.0,5190
2023-05-11 09:18:01,SM2305,SM2305,7010.0,0.0,0.0,0.0,43,7002.0,7016.0,11,7024.0,7000.0,7010.0,7000.0,219.0,1533438.0,5190
2023-05-11 09:18:02,SM2305,SM2305,7010.0,0.0,0.0,0.0,43,7002.0,7014.0,4,7024.0,7000.0,7010.0,7000.0,219.0,1533438.0,5190
2023-05-11 09:18:04,SM2305,SM2305,7010.0,0.0,0.0,0.0,43,7002.0,7014.0,16,7024.0,7000.0,7010.0,7000.0,219.0,1533438.0,5190
2023-05-11 09:18:04,SM2305,SM2305,7010.0,0.0,0.0,0.0,43,7002.0,7014.0,18,7024.0,7000.0,7010.0,7000.0,219.0,1533438.0,5190
2023-05-11 09:18:07,SM2305,SM2305,7010.0,0.0,0.0,0.0,43,7002.0,7012.0,4,7024.0,7000.0,7010.0,7000.0,219.0,1533438.0,5190
2023-05-11 09:18:07,SM2305,SM2305,7010.0,0.0,0.0,0.0,43,7002.0,7012.0,2,7024.0,7000.0,7010.0,7000.0,219.0,1533438.0,5190
2023-05-11 09:18:09,SM2305,SM2305,7010.0,0.0,0.0,0.0,43,7002.0,7012.0,1,7024.0,7000.0,7010.0,7000.0,219.0,1533438.0,5190
2023-05-11 09:18:09,SM2305,SM2305,7010.0,0.0,0.0,0.0,43,7002.0,7014.0,15,7024.0,7000.0,7010.0,7000.0,219.0,1533438.0,5190
2023-05-11 09:18:10,SM2305,SM2305,7010.0,0.0,0.0,0.0,43,7002.0,7012.0,2,7024.0,7000.0,7010.0,7000.0,219.0,1533438.0,5190
2023-05-11 09:18:11,SM2305,SM2305,7010.0,0.0,0.0,0.0,43,7002.0,7012.0,4,7024.0,7000.0,7010.0,7000.0,219.0,1533438.0,5190
2023-05-11 09:18:11,SM2305,SM2305,7010.0,0.0,0.0,0.0,43,7002.0,7012.0,9,7024.0,7000.0,7010.0,7000.0,219.0,1533438.0,5190
2023-05-11 09:18:14,SM2305,SM2305,7010.0,0.0,0.0,0.0,43,7002.0,7012.0,10,7024.0,7000.0,7010.0,7000.0,219.0,1533438.0,5190
2023-05-11 09:18:21,SM2305,SM2305,7010.0,0.0,0.0,0.0,43,7002.0,7012.0,19,7024.0,7000.0,7010.0,7000.0,219.0,1533438.0,5190
2023-05-11 09:18:23,SM2305,SM2305,7010.0,0.0,0.0,0.0,43,7002.0,7014.0,6,7024.0,7000.0,7010.0,7000.0,219.0,1533438.0,5190
2023-05-11 09:18:24,SM2305,SM2305,7010.0,0.0,0.0,0.0,43,7002.0,7014.0,11,7024.0,7000.0,7010.0,7000.0,219.0,1533438.0,5190
2023-05-11 09:18:28,SM2305,SM2305,7010.0,0.0,0.0,0.0,43,7002.0,7012.0,1,7024.0,7000.0,7010.0,7000.0,219.0,1533438.0,5190
2023-05-11 09:18:29,SM2305,SM2305,7010.0,0.0,0.0,0.0,43,7002.0,7012.0,8,7024.0,7000.0,7010.0,7000.0,219.0,1533438.0,5190
2023-05-11 09:18:29,SM2305,SM2305,7010.0,0.0,0.0,0.0,43,7002.0,7012.0,6,7024.0,7000.0,7010.0,7000.0,219.0,1533438.0,5190
2023-05-11 09:18:30,SM2305,SM2305,7010.0,0.0,0.0,0.0,43,7002.0,7014.0,11,7024.0,7000.0,7010.0,7000.0,219.0,1533438.0,5190
2023-05-11 09:18:30,SM2305,SM2305,7010.0,0.0,0.0,0.0,43,7002.0,7012.0,4,7024.0,7000.0,7010.0,7000.0,219.0,1533438.0,5190
2023-05-11 09:18:31,SM2305,SM2305,7010.0,0.0,0.0,0.0,43,7002.0,7012.0,5,7024.0,7000.0,7010.0,7000.0,219.0,1533438.0,5190
2023-05-11 09:18:33,SM2305,SM2305,7010.0,0.0,0.0,0.0,43,7002.0,7012.0,6,7024.0,7000.0,7010.0,7000.0,219.0,1533438.0,5190
2023-05-11 09:18:34,SM2305,SM2305,7010.0,0.0,0.0,0.0,43,7002.0,7012.0,3,7024.0,7000.0,7010.0,7000.0,219.0,1533438.0,5190
2023-05-11 09:18:34,SM2305,SM2305,7010.0,0.0,0.0,0.0,43,7002.0,7012.0,5,7024.0,7000.0,7010.0,7000.0,219.0,1533438.0,5190
2023-05-11 09:18:37,SM2305,SM2305,7010.0,0.0,0.0,0.0,43,7002.0,7012.0,10,7024.0,7000.0,7010.0,7000.0,219.0,1533438.0,5190
2023-05-11 09:18:38,SM2305,SM2305,7010.0,0.0,0.0,0.0,43,7002.0,7012.0,12,7024.0,7000.0,7010.0,7000.0,219.0,1533438.0,5190
2023-05-11 09:18:41,SM2305,SM2305,7010.0,0.0,0.0,0.0,43,7002.0,7012.0,10,7024.0,7000.0,7010.0,7000.0,219.0,1533438.0,5190
2023-05-11 09:18:45,SM2305,SM2305,7010.0,0.0,0.0,0.0,43,7002.0,7012.0,11,7024.0,7000.0,7010.0,7000.0,219.0,1533438.0,5190
2023-05-11 09:18:50,SM2305,SM2305,7010.0,0.0,0.0,0.0,43,7002.0,7012.0,14,7024.0,7000.0,7010.0,7000.0,219.0,1533438.0,5190
2023-05-11 09:18:51,SM2305,SM2305,7010.0,0.0,0.0,0.0,43,7002.0,7012.0,12,7024.0,7000.0,7010.0,7000.0,219.0,1533438.0,5190
2023-05-11 09:18:53,SM2305,SM2305,7010.0,0.0,0.0,0.0,43,7002.0,7012.0,11,7024.0,7000.0,7010.0,7000.0,219.0,1533438.0,5190
2023-05-11 09:18:53,SM2305,SM2305,7010.0,0.0,0.0,0.0,43,7002.0,7012.0,12,7024.0,7000.0,7010.0,7000.0,219.0,1533438.0,5190
2023-05-11 09:18:57,SM2305,SM2305,7010.0,0.0,0.0,0.0,43,7002.0,7012.0,11,7024.0,7000.0,7010.0,7000.0,219.0,1533438.0,5190
2023-05-11 09:18:57,SM2305,SM2305,7010.0,0.0,0.0,0.0,43,7002.0,7012.0,5,7024.0,7000.0,7010.0,7000.0,219.0,1533438.0,5190
2023-05-11 09:18:58,SM2305,SM2305,7010.0,0.0,0.0,0.0,43,7002.0,7012.0,7,7024.0,7000.0,7010.0,7000.0,219.0,1533438.0,5190
2023-05-11 09:18:59,SM2305,SM2305,7010.0,0.0,0.0,0.0,43,7002.0,7012.0,8,7024.0,7000.0,7010.0,7000.0,219.0,1533438.0,5190
2023-05-11 09:19:02,SM2305,SM2305,7010.0,0.0,0.0,0.0,43,7002.0,7012.0,78,7024.0,7000.0,7010.0,7000.0,219.0,1533438.0,5190
2023-05-11 09:19:03,SM2305,SM2305,7010.0,0.0,0.0,0.0,43,7002.0,7008.0,9,7024.0,7000.0,7010.0,7000.0,219.0,1533438.0,5190
2023-05-11 09:19:03,SM2305,SM2305,7010.0,0.0,0.0,0.0,43,7002.0,7004.0,1,7024.0,7000.0,7010.0,7000.0,219.0,1533438.0,5190
2023-05-11 09:19:03,SM2305,SM2305,7010.0,0.0,0.0,0.0,43,7002.0,7006.0,12,7024.0,7000.0,7010.0,7000.0,219.0,1533438.0,5190
2023-05-11 09:19:04,SM2305,SM2305,7010.0,0.0,0.0,0.0,43,7002.0,7006.0,13,7024.0,7000.0,7010.0,7000.0,219.0,1533438.0,5190
2023-05-11 09:19:05,SM2305,SM2305,7010.0,0.0,0.0,0.0,43,7002.0,7012.0,78,7024.0,7000.0,7010.0,7000.0,219.0,1533438.0,5190
2023-05-11 09:19:06,SM2305,SM2305,7010.0,0.0,0.0,0.0,43,7002.0,7010.0,8,7024.0,7000.0,7010.0,7000.0,219.0,1533438.0,5190
2023-05-11 09:19:06,SM2305,SM2305,7010.0,0.0,0.0,0.0,43,7002.0,7010.0,16,7024.0,7000.0,7010.0,7000.0,219.0,1533438.0,5190
2023-05-11 09:19:07,SM2305,SM2305,7010.0,0.0,0.0,0.0,43,7002.0,7010.0,13,7024.0,7000.0,7010.0,7000.0,219.0,1533438.0,5190
2023-05-11 09:19:07,SM2305,SM2305,7010.0,0.0,0.0,0.0,43,7002.0,7010.0,14,7024.0,7000.0,7010.0,7000.0,219.0,1533438.0,5190
2023-05-11 09:19:08,SM2305,SM2305,7010.0,0.0,0.0,0.0,43,7002.0,7018.0,10,7024.0,7000.0,7010.0,7000.0,219.0,1533438.0,5190
2023-05-11 09:19:08,SM2305,SM2305,7010.0,0.0,0.0,0.0,43,7002.0,7016.0,11,7024.0,7000.0,7010.0,7000.0,219.0,1533438.0,5190
2023-05-11 09:19:09,SM2305,SM2305,7010.0,0.0,0.0,0.0,43,7002.0,7016.0,27,7024.0,7000.0,7010.0,7000.0,219.0,1533438.0,5190
2023-05-11 09:19:09,SM2305,SM2305,7010.0,0.0,0.0,0.0,43,7002.0,7014.0,11,7024.0,7000.0,7010.0,7000.0,219.0,1533438.0,5190
2023-05-11 09:19:10,SM2305,SM2305,7010.0,0.0,0.0,0.0,43,7002.0,7014.0,5,7024.0,7000.0,7010.0,7000.0,219.0,1533438.0,5190
2023-05-11 09:19:10,SM2305,SM2305,7010.0,0.0,0.0,0.0,43,7002.0,7012.0,78,7024.0,7000.0,7010.0,7000.0,219.0,1533438.0,5190
2023-05-11 09:19:11,SM2305,SM2305,7010.0,0.0,0.0,0.0,43,7002.0,7012.0,14,7024.0,7000.0,7010.0,7000.0,219.0,1533438.0,5190
2023-05-11 09:19:12,SM2305,SM2305,7010.0,0.0,0.0,0.0,43,7002.0,7014.0,5,7024.0,7000.0,7010.0,7000.0,219.0,1533438.0,5190
2023-05-11 09:19:12,SM2305,SM2305,7010.0,0.0,0.0,0.0,43,7002.0,7014.0,13,7024.0,7000.0,7010.0,7000.0,219.0,1533438.0,5190
2023-05-11 09:19:13,SM2305,SM2305,7010.0,0.0,0.0,0.0,43,7002.0,7012.0,2,7024.0,7000.0,7010.0,7000.0,219.0,1533438.0,5190
2023-05-11 09:19:13,SM2305,SM2305,7010.0,0.0,0.0,0.0,43,7002.0,7012.0,6,7024.0,7000.0,7010.0,7000.0,219.0,1533438.0,5190
2023-05-11 09:19:14,SM2305,SM2305,7010.0,0.0,0.0,0.0,43,7002.0,7012.0,5,7024.0,7000.0,7010.0,7000.0,219.0,1533438.0,5190
2023-05-11 09:19:14,SM2305,SM2305,7010.0,0.0,0.0,0.0,43,7002.0,7012.0,6,7024.0,7000.0,7010.0,7000.0,219.0,1533438.0,5190
2023-05-11 09:19:15,SM2305,SM2305,7010.0,0.0,0.0,0.0,43,7002.0,7014.0,16,7024.0,7000.0,7010.0,7000.0,219.0,1533438.0,5190
2023-05-11 09:19:16,SM2305,SM2305,7010.0,0.0,0.0,0.0,43,7002.0,7014.0,21,7024.0,7000.0,7010.0,7000.0,219.0,1533438.0,5190
2023-05-11 09:19:16,SM2305,SM2305,7010.0,0.0,0.0,0.0,43,7002.0,7012.0,1,7024.0,7000.0,7010.0,7000.0,219.0,1533438.0,5190
2023-05-11 09:19:16,SM2305,SM2305,7010.0,0.0,0.0,0.0,43,7002.0,7014.0,23,7024.0,7000.0,7010.0,7000.0,219.0,1533438.0,5190
2023-05-11 09:19:17,SM2305,SM2305,7010.0,0.0,0.0,0.0,43,7002.0,7014.0,25,7024.0,7000.0,7010.0,7000.0,219.0,1533438.0,5190
2023-05-11 09:19:18,SM2305,SM2305,7002.0,3.0,21006.0,0.0,40,7002.0,7014.0,25,7024.0,7000.0,7010.0,7000.0,222.0,1554444.0,5190
2023-05-11 09:19:18,SM2305,SM2305,7002.0,0.0,0.0,0.0,40,7002.0,7014.0,26,7024.0,7000.0,7010.0,7000.0,222.0,1554444.0,5190
2023-05-11 09:19:19,SM2305,SM2305,7002.0,0.0,0.0,0.0,40,7002.0,7012.0,3,7024.0,7000.0,7010.0,7000.0,222.0,1554444.0,5190
2023-05-11 09:19:19,SM2305,SM2305,7002.0,0.0,0.0,0.0,40,7002.0,7012.0,5,7024.0,7000.0,7010.0,7000.0,222.0,1554444.0,5190
2023-05-11 09:19:20,SM2305,SM2305,7002.0,0.0,0.0,0.0,40,7002.0,7010.0,7,7024.0,7000.0,7010.0,7000.0,222.0,1554444.0,5190
2023-05-11 09:19:20,SM2305,SM2305,7002.0,0.0,0.0,0.0,40,7002.0,7010.0,12,7024.0,7000.0,7010.0,7000.0,222.0,1554444.0,5190
2023-05-11 09:19:21,SM2305,SM2305,7002.0,0.0,0.0,0.0,40,7002.0,7008.0,4,7024.0,7000.0,7010.0,7000.0,222.0,1554444.0,5190
2023-05-11 09:19:21,SM2305,SM2305,7002.0,0.0,0.0,0.0,40,7002.0,7008.0,16,7024.0,7000.0,7010.0,7000.0,222.0,1554444.0,5190
2023-05-11 09:19:22,SM2305,SM2305,7002.0,0.0,0.0,0.0,40,7002.0,7006.0,73,7024.0,7000.0,7010.0,7000.0,222.0,1554444.0,5190
2023-05-11 09:19:22,SM2305,SM2305,7002.0,0.0,0.0,0.0,40,7002.0,7006.0,52,7024.0,7000.0,7010.0,7000.0,222.0,1554444.0,5190
2023-05-11 09:19:23,SM2305,SM2305,7002.0,0.0,0.0,0.0,40,7002.0,7006.0,43,7024.0,7000.0,7010.0,7000.0,222.0,1554444.0,5190
2023-05-11 09:19:24,SM2305,SM2305,7002.0,0.0,0.0,0.0,40,7002.0,7008.0,60,7024.0,7000.0,7010.0,7000.0,222.0,1554444.0,5190
2023-05-11 09:19:25,SM2305,SM2305,7002.0,0.0,0.0,0.0,40,7002.0,7006.0,1,7024.0,7000.0,7010.0,7000.0,222.0,1554444.0,5190
2023-05-11 09:19:25,SM2305,SM2305,7002.0,0.0,0.0,0.0,40,7002.0,7008.0,61,7024.0,7000.0,7010.0,7000.0,222.0,1554444.0,5190
2023-05-11 09:19:26,SM2305,SM2305,7002.0,0.0,0.0,0.0,40,7002.0,7008.0,67,7024.0,7000.0,7010.0,7000.0,222.0,1554444.0,5190
2023-05-11 09:19:26,SM2305,SM2305,7002.0,0.0,0.0,0.0,40,7002.0,7006.0,3,7024.0,7000.0,7010.0,7000.0,222.0,1554444.0,5190
2023-05-11 09:19:26,SM2305,SM2305,7002.0,0.0,0.0,0.0,40,7002.0,7006.0,6,7024.0,7000.0,7010.0,7000.0,222.0,1554444.0,5190
2023-05-11 09:19:27,SM2305,SM2305,7002.0,0.0,0.0,0.0,40,7002.0,7008.0,67,7024.0,7000.0,7010.0,7000.0,222.0,1554444.0,5190
2023-05-11 09:19:28,SM2305,SM2305,7002.0,0.0,0.0,0.0,40,7002.0,7008.0,6,7024.0,7000.0,7010.0,7000.0,222.0,1554444.0,5190
2023-05-11 09:19:28,SM2305,SM2305,7002.0,0.0,0.0,0.0,40,7002.0,7008.0,37,7024.0,7000.0,7010.0,7000.0,222.0,1554444.0,5190
2023-05-11 09:19:29,SM2305,SM2305,7002.0,0.0,0.0,0.0,40,7002.0,7008.0,7,7024.0,7000.0,7010.0,7000.0,222.0,1554444.0,5190
2023-05-11 09:19:29,SM2305,SM2305,7002.0,0.0,0.0,0.0,40,7002.0,7008.0,43,7024.0,7000.0,7010.0,7000.0,222.0,1554444.0,5190
2023-05-11 09:19:30,SM2305,SM2305,7002.0,0.0,0.0,0.0,40,7002.0,7008.0,78,7024.0,7000.0,7010.0,7000.0,222.0,1554444.0,5190
2023-05-11 09:19:30,SM2305,SM2305,7002.0,0.0,0.0,0.0,40,7002.0,7004.0,30,7024.0,7000.0,7010.0,7000.0,222.0,1554444.0,5190
2023-05-11 09:19:31,SM2305,SM2305,7002.0,0.0,0.0,0.0,40,7002.0,7006.0,2,7024.0,7000.0,7010.0,7000.0,222.0,1554444.0,5190
2023-05-11 09:19:31,SM2305,SM2305,7002.0,0.0,0.0,0.0,40,7002.0,7008.0,46,7024.0,7000.0,7010.0,7000.0,222.0,1554444.0,5190
2023-05-11 09:19:32,SM2305,SM2305,7002.0,0.0,0.0,0.0,40,7002.0,7006.0,1,7024.0,7000.0,7010.0,7000.0,222.0,1554444.0,5190
2023-05-11 09:19:32,SM2305,SM2305,7002.0,0.0,0.0,0.0,40,7002.0,7006.0,11,7024.0,7000.0,7010.0,7000.0,222.0,1554444.0,5190
2023-05-11 09:19:33,SM2305,SM2305,7002.0,10.0,70020.0,0.0,30,7002.0,7004.0,2,7024.0,7000.0,7010.0,7000.0,232.0,1624464.0,5190
2023-05-11 09:19:33,SM2305,SM2305,7002.0,30.0,210060.0,0.0,303,7000.0,7002.0,1,7024.0,7000.0,7010.0,7000.0,262.0,1834524.0,5190
2023-05-11 09:19:34,SM2305,SM2305,7000.0,38.0,266076.0,0.0,265,7000.0,7026.0,10,7024.0,7000.0,7010.0,7000.0,300.0,2100600.0,5190
2023-05-11 09:19:36,SM2305,SM2305,7000.0,0.0,0.0,0.0,265,7000.0,7026.0,9,7024.0,7000.0,7010.0,7000.0,300.0,2100600.0,5190
2023-05-11 09:19:36,SM2305,SM2305,7000.0,0.0,0.0,0.0,265,7000.0,7026.0,10,7024.0,7000.0,7010.0,7000.0,300.0,2100600.0,5190
2023-05-11 09:19:41,SM2305,SM2305,7000.0,0.0,0.0,0.0,265,7000.0,7026.0,2,7024.0,7000.0,7010.0,7000.0,300.0,2100600.0,5190
2023-05-11 09:19:41,SM2305,SM2305,7000.0,0.0,0.0,0.0,265,7000.0,7028.0,10,7024.0,7000.0,7010.0,7000.0,300.0,2100600.0,5190
2023-05-11 09:19:42,SM2305,SM2305,7000.0,0.0,0.0,0.0,265,7000.0,7028.0,1,7024.0,7000.0,7010.0,7000.0,300.0,2100600.0,5190
2023-05-11 09:19:42,SM2305,SM2305,7000.0,0.0,0.0,0.0,265,7000.0,7030.0,10,7024.0,7000.0,7010.0,7000.0,300.0,2100600.0,5190
2023-05-11 09:19:44,SM2305,SM2305,7000.0,0.0,0.0,0.0,50,7002.0,7032.0,10,7024.0,7000.0,7010.0,7000.0,300.0,2100600.0,5190
2023-05-11 09:19:46,SM2305,SM2305,7000.0,0.0,0.0,0.0,50,7002.0,7032.0,9,7024.0,7000.0,7010.0,7000.0,300.0,2100600.0,5190
2023-05-11 09:19:46,SM2305,SM2305,7000.0,0.0,0.0,0.0,50,7002.0,7032.0,2,7024.0,7000.0,7010.0,7000.0,300.0,2100600.0,5190
2023-05-11 09:19:47,SM2305,SM2305,7000.0,0.0,0.0,0.0,50,7002.0,7032.0,10,7024.0,7000.0,7010.0,7000.0,300.0,2100600.0,5190
2023-05-11 09:19:47,SM2305,SM2305,7000.0,0.0,0.0,0.0,50,7002.0,7032.0,8,7024.0,7000.0,7010.0,7000.0,300.0,2100600.0,5190
2023-05-11 09:19:48,SM2305,SM2305,7000.0,0.0,0.0,0.0,50,7002.0,7032.0,10,7024.0,7000.0,7010.0,7000.0,300.0,2100600.0,5190
2023-05-11 09:19:48,SM2305,SM2305,7000.0,0.0,0.0,0.0,50,7002.0,7034.0,10,7024.0,7000.0,7010.0,7000.0,300.0,2100600.0,5190
2023-05-11 09:19:48,SM2305,SM2305,7000.0,0.0,0.0,0.0,50,7002.0,7032.0,10,7024.0,7000.0,7010.0,7000.0,300.0,2100600.0,5190
2023-05-11 09:19:52,SM2305,SM2305,7000.0,0.0,0.0,0.0,50,7002.0,7030.0,10,7024.0,7000.0,7010.0,7000.0,300.0,2100600.0,5190
2023-05-11 09:19:53,SM2305,SM2305,7000.0,0.0,0.0,0.0,50,7002.0,7032.0,10,7024.0,7000.0,7010.0,7000.0,300.0,2100600.0,5190
2023-05-11 09:19:53,SM2305,SM2305,7000.0,0.0,0.0,0.0,50,7002.0,7032.0,1,7024.0,7000.0,7010.0,7000.0,300.0,2100600.0,5190
2023-05-11 09:19:53,SM2305,SM2305,7000.0,0.0,0.0,0.0,50,7002.0,7032.0,10,7024.0,7000.0,7010.0,7000.0,300.0,2100600.0,5190
2023-05-11 09:19:54,SM2305,SM2305,7000.0,0.0,0.0,0.0,50,7002.0,7034.0,10,7024.0,7000.0,7010.0,7000.0,300.0,2100600.0,5190
2023-05-11 09:19:57,SM2305,SM2305,7000.0,0.0,0.0,0.0,50,7002.0,7036.0,2,7024.0,7000.0,7010.0,7000.0,300.0,2100600.0,5190
2023-05-11 09:19:57,SM2305,SM2305,7000.0,0.0,0.0,0.0,50,7002.0,7034.0,6,7024.0,7000.0,7010.0,7000.0,300.0,2100600.0,5190
2023-05-11 09:19:57,SM2305,SM2305,7000.0,0.0,0.0,0.0,50,7002.0,7036.0,10,7024.0,7000.0,7010.0,7000.0,300.0,2100600.0,5190
2023-05-11 09:20:01,SM2305,SM2305,7000.0,0.0,0.0,0.0,50,7002.0,7014.0,4,7024.0,7000.0,7010.0,7000.0,300.0,2100600.0,5190
2023-05-11 09:20:01,SM2305,SM2305,7000.0,0.0,0.0,0.0,50,7002.0,7014.0,8,7024.0,7000.0,7010.0,7000.0,300.0,2100600.0,5190
2023-05-11 09:20:02,SM2305,SM2305,7000.0,0.0,0.0,0.0,92,7002.0,7014.0,8,7024.0,7000.0,7010.0,7000.0,300.0,2100600.0,5190
2023-05-11 09:20:03,SM2305,SM2305,7000.0,0.0,0.0,0.0,92,7002.0,7014.0,9,7024.0,7000.0,7010.0,7000.0,300.0,2100600.0,5190
2023-05-11 09:20:05,SM2305,SM2305,7000.0,0.0,0.0,0.0,92,7002.0,7014.0,10,7024.0,7000.0,7010.0,7000.0,300.0,2100600.0,5190
2023-05-11 09:20:23,SM2305,SM2305,7000.0,0.0,0.0,0.0,92,7002.0,7012.0,7,7024.0,7000.0,7010.0,7000.0,300.0,2100600.0,5190
2023-05-11 09:20:23,SM2305,SM2305,7000.0,0.0,0.0,0.0,92,7002.0,7012.0,10,7024.0,7000.0,7010.0,7000.0,300.0,2100600.0,5190
2023-05-11 09:20:36,SM2305,SM2305,7000.0,0.0,0.0,0.0,92,7002.0,7014.0,10,7024.0,7000.0,7010.0,7000.0,300.0,2100600.0,5190
2023-05-11 09:20:37,SM2305,SM2305,7000.0,0.0,0.0,0.0,92,7002.0,7012.0,8,7024.0,7000.0,7010.0,7000.0,300.0,2100600.0,5190
2023-05-11 09:20:38,SM2305,SM2305,7000.0,0.0,0.0,0.0,92,7002.0,7012.0,10,7024.0,7000.0,7010.0,7000.0,300.0,2100600.0,5190
2023-05-11 09:20:42,SM2305,SM2305,7000.0,0.0,0.0,0.0,92,7002.0,7010.0,1,7024.0,7000.0,7010.0,7000.0,300.0,2100600.0,5190
2023-05-11 09:20:42,SM2305,SM2305,7000.0,0.0,0.0,0.0,92,7002.0,7010.0,10,7024.0,7000.0,7010.0,7000.0,300.0,2100600.0,5190
2023-05-11 09:20:44,SM2305,SM2305,7000.0,0.0,0.0,0.0,92,7002.0,7008.0,6,7024.0,7000.0,7010.0,7000.0,300.0,2100600.0,5190
2023-05-11 09:20:44,SM2305,SM2305,7000.0,0.0,0.0,0.0,92,7002.0,7008.0,7,7024.0,7000.0,7010.0,7000.0,300.0,2100600.0,5190
2023-05-11 09:20:45,SM2305,SM2305,7000.0,0.0,0.0,0.0,92,7002.0,7008.0,8,7024.0,7000.0,7010.0,7000.0,300.0,2100600.0,5190
2023-05-11 09:20:45,SM2305,SM2305,7000.0,0.0,0.0,0.0,92,7002.0,7008.0,7,7024.0,7000.0,7010.0,7000.0,300.0,2100600.0,5190
2023-05-11 09:20:45,SM2305,SM2305,7000.0,0.0,0.0,0.0,92,7002.0,7008.0,8,7024.0,7000.0,7010.0,7000.0,300.0,2100600.0,5190
2023-05-11 09:20:45,SM2305,SM2305,7000.0,0.0,0.0,0.0,92,7002.0,7008.0,6,7024.0,7000.0,7010.0,7000.0,300.0,2100600.0,5190
2023-05-11 09:20:45,SM2305,SM2305,7000.0,0.0,0.0,0.0,92,7002.0,7008.0,7,7024.0,7000.0,7010.0,7000.0,300.0,2100600.0,5190
2023-05-11 09:20:46,SM2305,SM2305,7000.0,0.0,0.0,0.0,92,7002.0,7008.0,10,7024.0,7000.0,7010.0,7000.0,300.0,2100600.0,5190
2023-05-11 09:20:48,SM2305,SM2305,7000.0,0.0,0.0,0.0,92,7002.0,7008.0,9,7024.0,7000.0,7010.0,7000.0,300.0,2100600.0,5190
2023-05-11 09:20:49,SM2305,SM2305,7000.0,0.0,0.0,0.0,92,7002.0,7008.0,10,7024.0,7000.0,7010.0,7000.0,300.0,2100600.0,5190
2023-05-11 09:20:52,SM2305,SM2305,7002.0,5.0,35010.0,0.0,87,7002.0,7008.0,10,7024.0,7000.0,7010.0,7000.0,305.0,2135610.0,5190
2023-05-11 09:20:53,SM2305,SM2305,7002.0,0.0,0.0,0.0,87,7002.0,7006.0,10,7024.0,7000.0,7010.0,7000.0,305.0,2135610.0,5190
2023-05-11 09:20:53,SM2305,SM2305,7002.0,0.0,0.0,0.0,87,7002.0,7006.0,7,7024.0,7000.0,7010.0,7000.0,305.0,2135610.0,5190
2023-05-11 09:20:53,SM2305,SM2305,7002.0,0.0,0.0,0.0,87,7002.0,7006.0,10,7024.0,7000.0,7010.0,7000.0,305.0,2135610.0,5190
2023-05-11 09:20:53,SM2305,SM2305,7002.0,0.0,0.0,0.0,87,7002.0,7006.0,8,7024.0,7000.0,7010.0,7000.0,305.0,2135610.0,5190
2023-05-11 09:20:53,SM2305,SM2305,7002.0,0.0,0.0,0.0,87,7002.0,7006.0,7,7024.0,7000.0,7010.0,7000.0,305.0,2135610.0,5190
2023-05-11 09:20:55,SM2305,SM2305,7002.0,0.0,0.0,0.0,87,7002.0,7008.0,10,7024.0,7000.0,7010.0,7000.0,305.0,2135610.0,5190
2023-05-11 09:20:57,SM2305,SM2305,7002.0,0.0,0.0,0.0,87,7002.0,7006.0,10,7024.0,7000.0,7010.0,7000.0,305.0,2135610.0,5190
2023-05-11 09:21:01,SM2305,SM2305,7002.0,0.0,0.0,0.0,87,7002.0,7006.0,7,7024.0,7000.0,7010.0,7000.0,305.0,2135610.0,5190
2023-05-11 09:21:01,SM2305,SM2305,7002.0,0.0,0.0,0.0,87,7002.0,7006.0,10,7024.0,7000.0,7010.0,7000.0,305.0,2135610.0,5190
2023-05-11 09:21:02,SM2305,SM2305,7002.0,0.0,0.0,0.0,87,7002.0,7006.0,6,7024.0,7000.0,7010.0,7000.0,305.0,2135610.0,5190
2023-05-11 09:21:02,SM2305,SM2305,7002.0,0.0,0.0,0.0,87,7002.0,7006.0,9,7024.0,7000.0,7010.0,7000.0,305.0,2135610.0,5190
2023-05-11 09:21:02,SM2305,SM2305,7002.0,0.0,0.0,0.0,87,7002.0,7006.0,7,7024.0,7000.0,7010.0,7000.0,305.0,2135610.0,5190
2023-05-11 09:21:03,SM2305,SM2305,7002.0,0.0,0.0,0.0,87,7002.0,7006.0,10,7024.0,7000.0,7010.0,7000.0,305.0,2135610.0,5190
2023-05-11 09:21:06,SM2305,SM2305,7002.0,0.0,0.0,0.0,87,7002.0,7006.0,5,7024.0,7000.0,7010.0,7000.0,305.0,2135610.0,5190
2023-05-11 09:21:06,SM2305,SM2305,7002.0,0.0,0.0,0.0,87,7002.0,7006.0,4,7024.0,7000.0,7010.0,7000.0,305.0,2135610.0,5190
2023-05-11 09:21:07,SM2305,SM2305,7002.0,0.0,0.0,0.0,87,7002.0,7006.0,9,7024.0,7000.0,7010.0,7000.0,305.0,2135610.0,5190
2023-05-11 09:21:08,SM2305,SM2305,7002.0,0.0,0.0,0.0,87,7002.0,7008.0,10,7024.0,7000.0,7010.0,7000.0,305.0,2135610.0,5190
2023-05-11 09:21:09,SM2305,SM2305,7002.0,0.0,0.0,0.0,87,7002.0,7006.0,1,7024.0,7000.0,7010.0,7000.0,305.0,2135610.0,5190
2023-05-11 09:21:09,SM2305,SM2305,7002.0,0.0,0.0,0.0,87,7002.0,7006.0,7,7024.0,7000.0,7010.0,7000.0,305.0,2135610.0,5190
2023-05-11 09:21:10,SM2305,SM2305,7002.0,0.0,0.0,0.0,87,7002.0,7006.0,6,7024.0,7000.0,7010.0,7000.0,305.0,2135610.0,5190
2023-05-11 09:21:11,SM2305,SM2305,7002.0,0.0,0.0,0.0,87,7002.0,7008.0,10,7024.0,7000.0,7010.0,7000.0,305.0,2135610.0,5190
2023-05-11 09:21:16,SM2305,SM2305,7002.0,0.0,0.0,0.0,187,7002.0,7010.0,10,7024.0,7000.0,7010.0,7000.0,305.0,2135610.0,5190
2023-05-11 09:21:29,SM2305,SM2305,7002.0,0.0,0.0,0.0,187,7002.0,7008.0,10,7024.0,7000.0,7010.0,7000.0,305.0,2135610.0,5190
2023-05-11 09:21:29,SM2305,SM2305,7002.0,0.0,0.0,0.0,187,7002.0,7008.0,9,7024.0,7000.0,7010.0,7000.0,305.0,2135610.0,5190
2023-05-11 09:21:31,SM2305,SM2305,7002.0,0.0,0.0,0.0,187,7002.0,7008.0,4,7024.0,7000.0,7010.0,7000.0,305.0,2135610.0,5190
2023-05-11 09:21:31,SM2305,SM2305,7002.0,0.0,0.0,0.0,187,7002.0,7008.0,1,7024.0,7000.0,7010.0,7000.0,305.0,2135610.0,5190
2023-05-11 09:21:33,SM2305,SM2305,7002.0,0.0,0.0,0.0,187,7002.0,7010.0,10,7024.0,7000.0,7010.0,7000.0,305.0,2135610.0,5190
2023-05-11 09:21:38,SM2305,SM2305,7002.0,0.0,0.0,0.0,187,7002.0,7008.0,8,7024.0,7000.0,7010.0,7000.0,305.0,2135610.0,5190
2023-05-11 09:21:38,SM2305,SM2305,7002.0,0.0,0.0,0.0,187,7002.0,7008.0,4,7024.0,7000.0,7010.0,7000.0,305.0,2135610.0,5190
2023-05-11 09:21:38,SM2305,SM2305,7002.0,0.0,0.0,0.0,187,7002.0,7008.0,3,7024.0,7000.0,7010.0,7000.0,305.0,2135610.0,5190
2023-05-11 09:21:39,SM2305,SM2305,7002.0,0.0,0.0,0.0,187,7002.0,7008.0,1,7024.0,7000.0,7010.0,7000.0,305.0,2135610.0,5190
2023-05-11 09:21:40,SM2305,SM2305,7002.0,0.0,0.0,0.0,187,7002.0,7010.0,10,7024.0,7000.0,7010.0,7000.0,305.0,2135610.0,5190
2023-05-11 09:21:42,SM2305,SM2305,7002.0,0.0,0.0,0.0,187,7002.0,7008.0,1,7024.0,7000.0,7010.0,7000.0,305.0,2135610.0,5190
2023-05-11 09:21:44,SM2305,SM2305,7002.0,0.0,0.0,0.0,187,7002.0,7008.0,7,7024.0,7000.0,7010.0,7000.0,305.0,2135610.0,5190
2023-05-11 09:21:44,SM2305,SM2305,7002.0,0.0,0.0,0.0,187,7002.0,7008.0,8,7024.0,7000.0,7010.0,7000.0,305.0,2135610.0,5190
2023-05-11 09:21:45,SM2305,SM2305,7002.0,0.0,0.0,0.0,187,7002.0,7008.0,7,7024.0,7000.0,7010.0,7000.0,305.0,2135610.0,5190
2023-05-11 09:21:47,SM2305,SM2305,7002.0,0.0,0.0,0.0,187,7002.0,7008.0,6,7024.0,7000.0,7010.0,7000.0,305.0,2135610.0,5190
2023-05-11 09:21:50,SM2305,SM2305,7002.0,0.0,0.0,0.0,187,7002.0,7008.0,7,7024.0,7000.0,7010.0,7000.0,305.0,2135610.0,5190
2023-05-11 09:21:51,SM2305,SM2305,7002.0,0.0,0.0,0.0,187,7002.0,7008.0,6,7024.0,7000.0,7010.0,7000.0,305.0,2135610.0,5190
2023-05-11 09:21:52,SM2305,SM2305,7002.0,0.0,0.0,0.0,187,7002.0,7008.0,10,7024.0,7000.0,7010.0,7000.0,305.0,2135610.0,5190
2023-05-11 09:21:55,SM2305,SM2305,7002.0,0.0,0.0,0.0,187,7002.0,7010.0,10,7024.0,7000.0,7010.0,7000.0,305.0,2135610.0,5190
2023-05-11 09:22:04,SM2305,SM2305,7002.0,0.0,0.0,0.0,187,7002.0,7008.0,4,7024.0,7000.0,7010.0,7000.0,305.0,2135610.0,5190
2023-05-11 09:22:07,SM2305,SM2305,7002.0,0.0,0.0,0.0,187,7002.0,7010.0,10,7024.0,7000.0,7010.0,7000.0,305.0,2135610.0,5190
2023-05-11 09:22:08,SM2305,SM2305,7002.0,0.0,0.0,0.0,187,7002.0,7008.0,2,7024.0,7000.0,7010.0,7000.0,305.0,2135610.0,5190
2023-05-11 09:22:08,SM2305,SM2305,7002.0,0.0,0.0,0.0,187,7002.0,7010.0,10,7024.0,7000.0,7010.0,7000.0,305.0,2135610.0,5190
2023-05-11 09:22:15,SM2305,SM2305,7002.0,0.0,0.0,0.0,187,7002.0,7012.0,10,7024.0,7000.0,7010.0,7000.0,305.0,2135610.0,5190
2023-05-11 09:22:17,SM2305,SM2305,7002.0,0.0,0.0,0.0,187,7002.0,7012.0,8,7024.0,7000.0,7010.0,7000.0,305.0,2135610.0,5190
2023-05-11 09:22:18,SM2305,SM2305,7002.0,0.0,0.0,0.0,187,7002.0,7014.0,10,7024.0,7000.0,7010.0,7000.0,305.0,2135610.0,5190
2023-05-11 09:22:22,SM2305,SM2305,7002.0,0.0,0.0,0.0,187,7002.0,7016.0,10,7024.0,7000.0,7010.0,7000.0,305.0,2135610.0,5190
2023-05-11 09:22:39,SM2305,SM2305,7002.0,0.0,0.0,0.0,187,7002.0,7016.0,9,7024.0,7000.0,7010.0,7000.0,305.0,2135610.0,5190
2023-05-11 09:22:43,SM2305,SM2305,7002.0,0.0,0.0,0.0,187,7002.0,7018.0,10,7024.0,7000.0,7010.0,7000.0,305.0,2135610.0,5190
2023-05-11 09:22:44,SM2305,SM2305,7002.0,0.0,0.0,0.0,187,7002.0,7016.0,4,7024.0,7000.0,7010.0,7000.0,305.0,2135610.0,5190
2023-05-11 09:22:45,SM2305,SM2305,7002.0,0.0,0.0,0.0,187,7002.0,7016.0,8,7024.0,7000.0,7010.0,7000.0,305.0,2135610.0,5190
2023-05-11 09:22:47,SM2305,SM2305,7002.0,0.0,0.0,0.0,187,7002.0,7016.0,5,7024.0,7000.0,7010.0,7000.0,305.0,2135610.0,5190
2023-05-11 09:22:48,SM2305,SM2305,7002.0,0.0,0.0,0.0,187,7002.0,7016.0,7,7024.0,7000.0,7010.0,7000.0,305.0,2135610.0,5190
2023-05-11 09:22:51,SM2305,SM2305,7002.0,0.0,0.0,0.0,187,7002.0,7016.0,5,7024.0,7000.0,7010.0,7000.0,305.0,2135610.0,5190
2023-05-11 09:22:52,SM2305,SM2305,7002.0,0.0,0.0,0.0,187,7002.0,7016.0,3,7024.0,7000.0,7010.0,7000.0,305.0,2135610.0,5190
2023-05-11 09:22:55,SM2305,SM2305,7002.0,0.0,0.0,0.0,187,7002.0,7016.0,10,7024.0,7000.0,7010.0,7000.0,305.0,2135610.0,5190
2023-05-11 09:22:55,SM2305,SM2305,7002.0,0.0,0.0,0.0,187,7002.0,7014.0,1,7024.0,7000.0,7010.0,7000.0,305.0,2135610.0,5190
2023-05-11 09:22:56,SM2305,SM2305,7002.0,0.0,0.0,0.0,187,7002.0,7014.0,5,7024.0,7000.0,7010.0,7000.0,305.0,2135610.0,5190
2023-05-11 09:22:59,SM2305,SM2305,7002.0,0.0,0.0,0.0,187,7002.0,7014.0,4,7024.0,7000.0,7010.0,7000.0,305.0,2135610.0,5190
2023-05-11 09:22:59,SM2305,SM2305,7002.0,0.0,0.0,0.0,187,7002.0,7014.0,5,7024.0,7000.0,7010.0,7000.0,305.0,2135610.0,5190
2023-05-11 09:22:59,SM2305,SM2305,7002.0,0.0,0.0,0.0,187,7002.0,7016.0,10,7024.0,7000.0,7010.0,7000.0,305.0,2135610.0,5190
2023-05-11 09:23:01,SM2305,SM2305,7002.0,0.0,0.0,0.0,187,7002.0,7018.0,10,7024.0,7000.0,7010.0,7000.0,305.0,2135610.0,5190
2023-05-11 09:23:07,SM2305,SM2305,7002.0,0.0,0.0,0.0,187,7002.0,7020.0,10,7024.0,7000.0,7010.0,7000.0,305.0,2135610.0,5190
2023-05-11 09:23:12,SM2305,SM2305,7002.0,0.0,0.0,0.0,187,7002.0,7020.0,7,7024.0,7000.0,7010.0,7000.0,305.0,2135610.0,5190
2023-05-11 09:23:14,SM2305,SM2305,7002.0,0.0,0.0,0.0,187,7002.0,7022.0,10,7024.0,7000.0,7010.0,7000.0,305.0,2135610.0,5190
2023-05-11 09:23:21,SM2305,SM2305,7002.0,0.0,0.0,0.0,187,7002.0,7020.0,5,7024.0,7000.0,7010.0,7000.0,305.0,2135610.0,5190
2023-05-11 09:23:21,SM2305,SM2305,7002.0,0.0,0.0,0.0,187,7002.0,7020.0,3,7024.0,7000.0,7010.0,7000.0,305.0,2135610.0,5190
2023-05-11 09:23:22,SM2305,SM2305,7002.0,0.0,0.0,0.0,187,7002.0,7020.0,9,7024.0,7000.0,7010.0,7000.0,305.0,2135610.0,5190
2023-05-11 09:23:25,SM2305,SM2305,7002.0,0.0,0.0,0.0,187,7002.0,7020.0,10,7024.0,7000.0,7010.0,7000.0,305.0,2135610.0,5190
2023-05-11 09:23:26,SM2305,SM2305,7002.0,0.0,0.0,0.0,187,7002.0,7022.0,10,7024.0,7000.0,7010.0,7000.0,305.0,2135610.0,5190
2023-05-11 09:23:27,SM2305,SM2305,7002.0,0.0,0.0,0.0,187,7002.0,7020.0,1,7024.0,7000.0,7010.0,7000.0,305.0,2135610.0,5190
2023-05-11 09:23:29,SM2305,SM2305,7002.0,0.0,0.0,0.0,187,7002.0,7020.0,3,7024.0,7000.0,7010.0,7000.0,305.0,2135610.0,5190
2023-05-11 09:23:31,SM2305,SM2305,7002.0,0.0,0.0,0.0,187,7002.0,7020.0,1,7024.0,7000.0,7010.0,7000.0,305.0,2135610.0,5190
2023-05-11 09:23:31,SM2305,SM2305,7002.0,0.0,0.0,0.0,187,7002.0,7022.0,10,7024.0,7000.0,7010.0,7000.0,305.0,2135610.0,5190
2023-05-11 09:23:31,SM2305,SM2305,7002.0,0.0,0.0,0.0,187,7002.0,7020.0,10,7024.0,7000.0,7010.0,7000.0,305.0,2135610.0,5190
2023-05-11 09:23:50,SM2305,SM2305,7002.0,0.0,0.0,0.0,142,7002.0,7020.0,10,7024.0,7000.0,7010.0,7000.0,305.0,2135610.0,5190
2023-05-11 09:24:40,SM2305,SM2305,7002.0,0.0,0.0,0.0,142,7002.0,7020.0,7,7024.0,7000.0,7010.0,7000.0,305.0,2135610.0,5190
2023-05-11 09:24:40,SM2305,SM2305,7002.0,0.0,0.0,0.0,142,7002.0,7020.0,9,7024.0,7000.0,7010.0,7000.0,305.0,2135610.0,5190
2023-05-11 09:24:42,SM2305,SM2305,7002.0,0.0,0.0,0.0,142,7002.0,7020.0,6,7024.0,7000.0,7010.0,7000.0,305.0,2135610.0,5190
2023-05-11 09:24:42,SM2305,SM2305,7002.0,0.0,0.0,0.0,142,7002.0,7020.0,4,7024.0,7000.0,7010.0,7000.0,305.0,2135610.0,5190
2023-05-11 09:24:43,SM2305,SM2305,7002.0,0.0,0.0,0.0,142,7002.0,7022.0,10,7024.0,7000.0,7010.0,7000.0,305.0,2135610.0,5190
2023-05-11 09:24:59,SM2305,SM2305,7002.0,0.0,0.0,0.0,187,7002.0,7022.0,10,7024.0,7000.0,7010.0,7000.0,305.0,2135610.0,5190
2023-05-11 09:25:07,SM2305,SM2305,7002.0,0.0,0.0,0.0,187,7002.0,7024.0,10,7024.0,7000.0,7010.0,7000.0,305.0,2135610.0,5190
2023-05-11 09:25:15,SM2305,SM2305,7002.0,0.0,0.0,0.0,187,7002.0,7026.0,10,7024.0,7000.0,7010.0,7000.0,305.0,2135610.0,5190
2023-05-11 09:25:16,SM2305,SM2305,7002.0,0.0,0.0,0.0,187,7002.0,7024.0,2,7024.0,7000.0,7010.0,7000.0,305.0,2135610.0,5190
2023-05-11 09:25:16,SM2305,SM2305,7002.0,0.0,0.0,0.0,187,7002.0,7026.0,10,7024.0,7000.0,7010.0,7000.0,305.0,2135610.0,5190
2023-05-11 09:25:20,SM2305,SM2305,7002.0,0.0,0.0,0.0,187,7002.0,7024.0,2,7024.0,7000.0,7010.0,7000.0,305.0,2135610.0,5190
2023-05-11 09:25:20,SM2305,SM2305,7002.0,0.0,0.0,0.0,187,7002.0,7024.0,1,7024.0,7000.0,7010.0,7000.0,305.0,2135610.0,5190
2023-05-11 09:25:21,SM2305,SM2305,7002.0,0.0,0.0,0.0,187,7002.0,7024.0,3,7024.0,7000.0,7010.0,7000.0,305.0,2135610.0,5190
2023-05-11 09:25:21,SM2305,SM2305,7002.0,0.0,0.0,0.0,187,7002.0,7024.0,4,7024.0,7000.0,7010.0,7000.0,305.0,2135610.0,5190
2023-05-11 09:25:23,SM2305,SM2305,7002.0,0.0,0.0,0.0,187,7002.0,7024.0,7,7024.0,7000.0,7010.0,7000.0,305.0,2135610.0,5190
2023-05-11 09:25:25,SM2305,SM2305,7002.0,0.0,0.0,0.0,187,7002.0,7024.0,6,7024.0,7000.0,7010.0,7000.0,305.0,2135610.0,5190
2023-05-11 09:25:26,SM2305,SM2305,7002.0,0.0,0.0,0.0,187,7002.0,7024.0,9,7024.0,7000.0,7010.0,7000.0,305.0,2135610.0,5190
2023-05-11 09:25:27,SM2305,SM2305,7002.0,0.0,0.0,0.0,187,7002.0,7024.0,7,7024.0,7000.0,7010.0,7000.0,305.0,2135610.0,5190
