time,symbol_id,symbol_name,last,trade_volume,trade_amount,open_interest_change,bv1,bp1,ap1,av1,yesterday_close,today_open,today_high,today_low,volume,amount,open_interest
2023-05-10 19:12:58,MA2306,MA2306,2264.0,0.0,0.0,0.0,0,0.0,0.0,0,2264.0,2268.0,0.0,0.0,0.0,0.0,130841
2023-05-10 20:55:00,MA2306,MA2306,2264.0,0.0,0.0,0.0,0,0.0,0.0,0,2264.0,2268.0,0.0,0.0,0.0,0.0,130841
2023-05-10 20:55:03,MA2306,MA2306,2264.0,0.0,0.0,0.0,0,0.0,0.0,0,2264.0,2268.0,0.0,0.0,0.0,0.0,130841
2023-05-10 20:55:14,MA2306,MA2306,2264.0,0.0,0.0,0.0,0,0.0,0.0,0,2264.0,2268.0,0.0,0.0,0.0,0.0,130841
2023-05-10 20:55:16,MA2306,MA2306,2264.0,0.0,0.0,0.0,0,0.0,0.0,0,2264.0,2268.0,0.0,0.0,0.0,0.0,130841
2023-05-10 20:56:13,MA2306,MA2306,2264.0,0.0,0.0,0.0,0,0.0,0.0,0,2264.0,2268.0,0.0,0.0,0.0,0.0,130841
2023-05-10 20:56:50,MA2306,MA2306,2264.0,0.0,0.0,0.0,0,0.0,0.0,0,2264.0,2268.0,0.0,0.0,0.0,0.0,130841
2023-05-10 20:56:51,MA2306,MA2306,2264.0,0.0,0.0,0.0,0,0.0,0.0,0,2264.0,2268.0,0.0,0.0,0.0,0.0,130841
2023-05-10 20:56:53,MA2306,MA2306,2264.0,0.0,0.0,0.0,0,0.0,0.0,0,2264.0,2268.0,0.0,0.0,0.0,0.0,130841
2023-05-10 20:57:14,MA2306,MA2306,2264.0,0.0,0.0,0.0,0,0.0,0.0,0,2264.0,2268.0,0.0,0.0,0.0,0.0,130841
2023-05-10 20:57:30,MA2306,MA2306,2264.0,0.0,0.0,0.0,0,0.0,0.0,0,2264.0,2268.0,0.0,0.0,0.0,0.0,130841
2023-05-10 20:57:58,MA2306,MA2306,2264.0,0.0,0.0,0.0,0,0.0,0.0,0,2264.0,2268.0,0.0,0.0,0.0,0.0,130841
2023-05-10 20:57:58,MA2306,MA2306,2264.0,0.0,0.0,0.0,0,0.0,0.0,0,2264.0,2268.0,0.0,0.0,0.0,0.0,130841
2023-05-10 20:58:04,MA2306,MA2306,2264.0,0.0,0.0,0.0,0,0.0,0.0,0,2264.0,2268.0,0.0,0.0,0.0,0.0,130841
2023-05-10 20:58:07,MA2306,MA2306,2264.0,0.0,0.0,0.0,0,0.0,0.0,0,2264.0,2268.0,0.0,0.0,0.0,0.0,130841
2023-05-10 20:58:08,MA2306,MA2306,2264.0,0.0,0.0,0.0,0,0.0,0.0,0,2264.0,2268.0,0.0,0.0,0.0,0.0,130841
2023-05-10 20:58:15,MA2306,MA2306,2264.0,0.0,0.0,0.0,0,0.0,0.0,0,2264.0,2268.0,0.0,0.0,0.0,0.0,130841
2023-05-10 20:58:23,MA2306,MA2306,2264.0,0.0,0.0,0.0,0,0.0,0.0,0,2264.0,2268.0,0.0,0.0,0.0,0.0,130841
2023-05-10 20:58:23,MA2306,MA2306,2264.0,0.0,0.0,0.0,0,0.0,0.0,0,2264.0,2268.0,0.0,0.0,0.0,0.0,130841
2023-05-10 20:58:27,MA2306,MA2306,2264.0,0.0,0.0,0.0,0,0.0,0.0,0,2264.0,2268.0,0.0,0.0,0.0,0.0,130841
2023-05-10 20:58:31,MA2306,MA2306,2264.0,0.0,0.0,0.0,0,0.0,0.0,0,2264.0,2268.0,0.0,0.0,0.0,0.0,130841
2023-05-10 20:58:32,MA2306,MA2306,2264.0,0.0,0.0,0.0,0,0.0,0.0,0,2264.0,2268.0,0.0,0.0,0.0,0.0,130841
2023-05-10 20:58:37,MA2306,MA2306,2264.0,0.0,0.0,0.0,0,0.0,0.0,0,2264.0,2268.0,0.0,0.0,0.0,0.0,130841
2023-05-10 20:58:38,MA2306,MA2306,2264.0,0.0,0.0,0.0,0,0.0,0.0,0,2264.0,2268.0,0.0,0.0,0.0,0.0,130841
2023-05-10 20:58:40,MA2306,MA2306,2264.0,0.0,0.0,0.0,0,0.0,0.0,0,2264.0,2268.0,0.0,0.0,0.0,0.0,130841
2023-05-10 20:58:42,MA2306,MA2306,2264.0,0.0,0.0,0.0,0,0.0,0.0,0,2264.0,2268.0,0.0,0.0,0.0,0.0,130841
2023-05-10 20:58:42,MA2306,MA2306,2264.0,0.0,0.0,0.0,0,0.0,0.0,0,2264.0,2268.0,0.0,0.0,0.0,0.0,130841
2023-05-10 20:58:43,MA2306,MA2306,2264.0,0.0,0.0,0.0,0,0.0,0.0,0,2264.0,2268.0,0.0,0.0,0.0,0.0,130841
2023-05-10 20:58:44,MA2306,MA2306,2264.0,0.0,0.0,0.0,0,0.0,0.0,0,2264.0,2268.0,0.0,0.0,0.0,0.0,130841
2023-05-10 20:58:46,MA2306,MA2306,2264.0,0.0,0.0,0.0,0,0.0,0.0,0,2264.0,2268.0,0.0,0.0,0.0,0.0,130841
2023-05-10 20:58:47,MA2306,MA2306,2264.0,0.0,0.0,0.0,0,0.0,0.0,0,2264.0,2268.0,0.0,0.0,0.0,0.0,130841
2023-05-10 20:58:48,MA2306,MA2306,2264.0,0.0,0.0,0.0,0,0.0,0.0,0,2264.0,2268.0,0.0,0.0,0.0,0.0,130841
2023-05-10 20:58:48,MA2306,MA2306,2264.0,0.0,0.0,0.0,0,0.0,0.0,0,2264.0,2268.0,0.0,0.0,0.0,0.0,130841
2023-05-10 20:58:49,MA2306,MA2306,2264.0,0.0,0.0,0.0,0,0.0,0.0,0,2264.0,2268.0,0.0,0.0,0.0,0.0,130841
2023-05-10 20:58:49,MA2306,MA2306,2264.0,0.0,0.0,0.0,0,0.0,0.0,0,2264.0,2268.0,0.0,0.0,0.0,0.0,130841
2023-05-10 20:58:50,MA2306,MA2306,2264.0,0.0,0.0,0.0,0,0.0,0.0,0,2264.0,2268.0,0.0,0.0,0.0,0.0,130841
2023-05-10 20:58:50,MA2306,MA2306,2264.0,0.0,0.0,0.0,0,0.0,0.0,0,2264.0,2268.0,0.0,0.0,0.0,0.0,130841
2023-05-10 20:58:53,MA2306,MA2306,2264.0,0.0,0.0,0.0,0,0.0,0.0,0,2264.0,2268.0,0.0,0.0,0.0,0.0,130841
2023-05-10 20:58:53,MA2306,MA2306,2264.0,0.0,0.0,0.0,0,0.0,0.0,0,2264.0,2268.0,0.0,0.0,0.0,0.0,130841
2023-05-10 20:58:53,MA2306,MA2306,2264.0,0.0,0.0,0.0,0,0.0,0.0,0,2264.0,2268.0,0.0,0.0,0.0,0.0,130841
2023-05-10 20:58:54,MA2306,MA2306,2264.0,0.0,0.0,0.0,0,0.0,0.0,0,2264.0,2268.0,0.0,0.0,0.0,0.0,130841
2023-05-10 20:58:55,MA2306,MA2306,2264.0,0.0,0.0,0.0,0,0.0,0.0,0,2264.0,2268.0,0.0,0.0,0.0,0.0,130841
2023-05-10 20:58:56,MA2306,MA2306,2264.0,0.0,0.0,0.0,0,0.0,0.0,0,2264.0,2268.0,0.0,0.0,0.0,0.0,130841
2023-05-10 20:58:56,MA2306,MA2306,2264.0,0.0,0.0,0.0,0,0.0,0.0,0,2264.0,2268.0,0.0,0.0,0.0,0.0,130841
2023-05-10 20:58:58,MA2306,MA2306,2264.0,0.0,0.0,0.0,0,0.0,0.0,0,2264.0,2268.0,0.0,0.0,0.0,0.0,130841
2023-05-10 20:59:00,MA2306,MA2306,2268.0,7400.0,16783200.0,-7377.0,10,2262.0,2268.0,53,2264.0,2268.0,2268.0,2268.0,7400.0,16783200.0,123464
2023-05-10 21:00:00,MA2306,MA2306,2268.0,0.0,0.0,0.0,10,2262.0,2268.0,43,2264.0,2268.0,2268.0,2268.0,7400.0,16783200.0,123464
2023-05-10 21:00:00,MA2306,MA2306,2268.0,46.0,104328.0,-3.0,58,2267.0,2269.0,1,2264.0,2268.0,2268.0,2268.0,7446.0,16887528.0,123461
2023-05-10 21:00:01,MA2306,MA2306,2266.0,2.0,4536.0,-1.0,57,2266.0,2268.0,2,2264.0,2268.0,2268.0,2266.0,7448.0,16892064.0,123460
2023-05-10 21:00:01,MA2306,MA2306,2266.0,0.0,0.0,0.0,60,2266.0,2268.0,1,2264.0,2268.0,2268.0,2266.0,7448.0,16892064.0,123460
2023-05-10 21:00:02,MA2306,MA2306,2268.0,15.0,34020.0,-15.0,14,2267.0,2268.0,3,2264.0,2268.0,2268.0,2266.0,7463.0,16926084.0,123445
2023-05-10 21:00:02,MA2306,MA2306,2268.0,4.0,9072.0,-4.0,38,2267.0,2269.0,1,2264.0,2268.0,2268.0,2266.0,7467.0,16935156.0,123441
2023-05-10 21:00:03,MA2306,MA2306,2268.0,1.0,2268.0,-1.0,19,2269.0,2270.0,15,2264.0,2268.0,2268.0,2266.0,7468.0,16937424.0,123440
2023-05-10 21:00:04,MA2306,MA2306,2268.0,0.0,0.0,0.0,21,2268.0,2270.0,16,2264.0,2268.0,2268.0,2266.0,7468.0,16937424.0,123440
2023-05-10 21:00:04,MA2306,MA2306,2269.0,2.0,4536.0,-2.0,21,2268.0,2270.0,16,2264.0,2268.0,2269.0,2266.0,7470.0,16941960.0,123438
2023-05-10 21:00:05,MA2306,MA2306,2270.0,17.0,38556.0,-16.0,2,2270.0,2271.0,7,2264.0,2268.0,2270.0,2266.0,7487.0,16980516.0,123422
2023-05-10 21:00:05,MA2306,MA2306,2270.0,0.0,0.0,0.0,2,2270.0,2271.0,4,2264.0,2268.0,2270.0,2266.0,7487.0,16980516.0,123422
2023-05-10 21:00:06,MA2306,MA2306,2270.0,0.0,0.0,0.0,2,2269.0,2271.0,8,2264.0,2268.0,2270.0,2266.0,7487.0,16980516.0,123422
2023-05-10 21:00:06,MA2306,MA2306,2270.0,0.0,0.0,0.0,2,2269.0,2271.0,1,2264.0,2268.0,2270.0,2266.0,7487.0,16980516.0,123422
2023-05-10 21:00:07,MA2306,MA2306,2271.0,30.0,68040.0,-22.0,2,2270.0,2271.0,5,2264.0,2268.0,2271.0,2266.0,7517.0,17048556.0,123400
2023-05-10 21:00:07,MA2306,MA2306,2271.0,0.0,0.0,0.0,14,2270.0,2272.0,50,2264.0,2268.0,2271.0,2266.0,7517.0,17048556.0,123400
2023-05-10 21:00:08,MA2306,MA2306,2272.0,51.0,115668.0,-16.0,14,2270.0,2272.0,25,2264.0,2268.0,2272.0,2266.0,7568.0,17164224.0,123384
2023-05-10 21:00:08,MA2306,MA2306,2271.0,52.0,117936.0,-1.0,2,2270.0,2271.0,20,2264.0,2268.0,2272.0,2266.0,7620.0,17282160.0,123383
2023-05-10 21:00:09,MA2306,MA2306,2271.0,0.0,0.0,0.0,12,2269.0,2271.0,23,2264.0,2268.0,2272.0,2266.0,7620.0,17282160.0,123383
2023-05-10 21:00:10,MA2306,MA2306,2271.0,0.0,0.0,0.0,9,2269.0,2271.0,26,2264.0,2268.0,2272.0,2266.0,7620.0,17282160.0,123383
2023-05-10 21:00:11,MA2306,MA2306,2269.0,2.0,4536.0,-2.0,12,2269.0,2271.0,18,2264.0,2268.0,2272.0,2266.0,7622.0,17286696.0,123381
2023-05-10 21:00:11,MA2306,MA2306,2270.0,6.0,13608.0,-1.0,12,2269.0,2271.0,7,2264.0,2268.0,2272.0,2266.0,7628.0,17300304.0,123380
2023-05-10 21:00:12,MA2306,MA2306,2269.0,1.0,2268.0,-1.0,13,2268.0,2270.0,12,2264.0,2268.0,2272.0,2266.0,7629.0,17302572.0,123379
2023-05-10 21:00:12,MA2306,MA2306,2269.0,0.0,0.0,0.0,11,2268.0,2270.0,24,2264.0,2268.0,2272.0,2266.0,7629.0,17302572.0,123379
2023-05-10 21:00:13,MA2306,MA2306,2269.0,0.0,0.0,0.0,11,2269.0,2270.0,7,2264.0,2268.0,2272.0,2266.0,7629.0,17302572.0,123379
2023-05-10 21:00:13,MA2306,MA2306,2269.0,0.0,0.0,0.0,11,2269.0,2271.0,15,2264.0,2268.0,2272.0,2266.0,7629.0,17302572.0,123379
2023-05-10 21:00:14,MA2306,MA2306,2270.0,1.0,2268.0,0.0,10,2269.0,2271.0,13,2264.0,2268.0,2272.0,2266.0,7630.0,17304840.0,123379
2023-05-10 21:00:14,MA2306,MA2306,2270.0,0.0,0.0,0.0,11,2268.0,2270.0,15,2264.0,2268.0,2272.0,2266.0,7630.0,17304840.0,123379
2023-05-10 21:00:15,MA2306,MA2306,2270.0,0.0,0.0,0.0,11,2268.0,2270.0,17,2264.0,2268.0,2272.0,2266.0,7630.0,17304840.0,123379
2023-05-10 21:00:15,MA2306,MA2306,2268.0,1.0,2268.0,-1.0,9,2268.0,2270.0,28,2264.0,2268.0,2272.0,2266.0,7631.0,17307108.0,123378
2023-05-10 21:00:16,MA2306,MA2306,2270.0,5.0,11340.0,-1.0,8,2268.0,2270.0,18,2264.0,2268.0,2272.0,2266.0,7636.0,17318448.0,123377
2023-05-10 21:00:16,MA2306,MA2306,2268.0,2.0,4536.0,0.0,6,2268.0,2270.0,21,2264.0,2268.0,2272.0,2266.0,7638.0,17322984.0,123377
2023-05-10 21:00:17,MA2306,MA2306,2268.0,0.0,0.0,0.0,7,2268.0,2270.0,24,2264.0,2268.0,2272.0,2266.0,7638.0,17322984.0,123377
2023-05-10 21:00:17,MA2306,MA2306,2268.0,0.0,0.0,0.0,8,2268.0,2270.0,23,2264.0,2268.0,2272.0,2266.0,7638.0,17322984.0,123377
2023-05-10 21:00:19,MA2306,MA2306,2270.0,2.0,4536.0,0.0,8,2268.0,2270.0,6,2264.0,2268.0,2272.0,2266.0,7640.0,17327520.0,123377
2023-05-10 21:00:20,MA2306,MA2306,2270.0,0.0,0.0,0.0,1,2269.0,2270.0,2,2264.0,2268.0,2272.0,2266.0,7640.0,17327520.0,123377
2023-05-10 21:00:21,MA2306,MA2306,2270.0,0.0,0.0,0.0,8,2268.0,2271.0,17,2264.0,2268.0,2272.0,2266.0,7640.0,17327520.0,123377
2023-05-10 21:00:21,MA2306,MA2306,2269.0,1.0,2268.0,-1.0,5,2269.0,2270.0,3,2264.0,2268.0,2272.0,2266.0,7641.0,17329788.0,123376
2023-05-10 21:00:21,MA2306,MA2306,2269.0,0.0,0.0,0.0,7,2268.0,2270.0,8,2264.0,2268.0,2272.0,2266.0,7641.0,17329788.0,123376
2023-05-10 21:00:22,MA2306,MA2306,2269.0,0.0,0.0,0.0,7,2268.0,2270.0,12,2264.0,2268.0,2272.0,2266.0,7641.0,17329788.0,123376
2023-05-10 21:00:22,MA2306,MA2306,2269.0,0.0,0.0,0.0,7,2268.0,2270.0,14,2264.0,2268.0,2272.0,2266.0,7641.0,17329788.0,123376
2023-05-10 21:00:23,MA2306,MA2306,2269.0,0.0,0.0,0.0,7,2268.0,2270.0,12,2264.0,2268.0,2272.0,2266.0,7641.0,17329788.0,123376
2023-05-10 21:00:24,MA2306,MA2306,2269.0,0.0,0.0,0.0,7,2268.0,2270.0,4,2264.0,2268.0,2272.0,2266.0,7641.0,17329788.0,123376
2023-05-10 21:00:25,MA2306,MA2306,2269.0,0.0,0.0,0.0,5,2269.0,2271.0,14,2264.0,2268.0,2272.0,2266.0,7641.0,17329788.0,123376
2023-05-10 21:00:25,MA2306,MA2306,2269.0,0.0,0.0,0.0,5,2269.0,2271.0,20,2264.0,2268.0,2272.0,2266.0,7641.0,17329788.0,123376
2023-05-10 21:00:26,MA2306,MA2306,2269.0,0.0,0.0,0.0,7,2269.0,2271.0,20,2264.0,2268.0,2272.0,2266.0,7641.0,17329788.0,123376
2023-05-10 21:00:27,MA2306,MA2306,2269.0,0.0,0.0,0.0,6,2269.0,2271.0,20,2264.0,2268.0,2272.0,2266.0,7641.0,17329788.0,123376
2023-05-10 21:00:27,MA2306,MA2306,2270.0,2.0,4536.0,-2.0,5,2269.0,2271.0,17,2264.0,2268.0,2272.0,2266.0,7643.0,17334324.0,123374
2023-05-10 21:00:28,MA2306,MA2306,2270.0,0.0,0.0,0.0,5,2269.0,2271.0,20,2264.0,2268.0,2272.0,2266.0,7643.0,17334324.0,123374
2023-05-10 21:00:29,MA2306,MA2306,2269.0,1.0,2268.0,-1.0,1,2269.0,2270.0,7,2264.0,2268.0,2272.0,2266.0,7644.0,17336592.0,123373
2023-05-10 21:00:29,MA2306,MA2306,2269.0,0.0,0.0,0.0,1,2269.0,2270.0,18,2264.0,2268.0,2272.0,2266.0,7644.0,17336592.0,123373
2023-05-10 21:00:30,MA2306,MA2306,2269.0,1.0,2268.0,-1.0,5,2268.0,2270.0,17,2264.0,2268.0,2272.0,2266.0,7645.0,17338860.0,123372
2023-05-10 21:00:30,MA2306,MA2306,2269.0,0.0,0.0,0.0,2,2268.0,2269.0,6,2264.0,2268.0,2272.0,2266.0,7645.0,17338860.0,123372
2023-05-10 21:00:31,MA2306,MA2306,2269.0,3.0,6804.0,-3.0,20,2268.0,2269.0,3,2264.0,2268.0,2272.0,2266.0,7648.0,17345664.0,123369
2023-05-10 21:00:31,MA2306,MA2306,2269.0,0.0,0.0,0.0,22,2268.0,2270.0,18,2264.0,2268.0,2272.0,2266.0,7648.0,17345664.0,123369
2023-05-10 21:00:32,MA2306,MA2306,2269.0,0.0,0.0,0.0,20,2269.0,2270.0,3,2264.0,2268.0,2272.0,2266.0,7648.0,17345664.0,123369
2023-05-10 21:00:33,MA2306,MA2306,2269.0,0.0,0.0,0.0,1,2270.0,2271.0,18,2264.0,2268.0,2272.0,2266.0,7648.0,17345664.0,123369
2023-05-10 21:00:33,MA2306,MA2306,2270.0,2.0,4536.0,-1.0,1,2270.0,2271.0,18,2264.0,2268.0,2272.0,2266.0,7650.0,17350200.0,123368
2023-05-10 21:00:35,MA2306,MA2306,2270.0,2.0,4536.0,0.0,20,2269.0,2271.0,4,2264.0,2268.0,2272.0,2266.0,7652.0,17354736.0,123368
2023-05-10 21:00:35,MA2306,MA2306,2270.0,0.0,0.0,0.0,20,2269.0,2271.0,13,2264.0,2268.0,2272.0,2266.0,7652.0,17354736.0,123368
2023-05-10 21:00:36,MA2306,MA2306,2270.0,0.0,0.0,0.0,20,2269.0,2271.0,16,2264.0,2268.0,2272.0,2266.0,7652.0,17354736.0,123368
2023-05-10 21:00:38,MA2306,MA2306,2271.0,1.0,2268.0,-1.0,20,2269.0,2271.0,15,2264.0,2268.0,2272.0,2266.0,7653.0,17357004.0,123367
2023-05-10 21:00:39,MA2306,MA2306,2271.0,0.0,0.0,0.0,20,2269.0,2271.0,12,2264.0,2268.0,2272.0,2266.0,7653.0,17357004.0,123367
2023-05-10 21:00:39,MA2306,MA2306,2271.0,1.0,2268.0,-1.0,20,2269.0,2271.0,11,2264.0,2268.0,2272.0,2266.0,7654.0,17359272.0,123366
2023-05-10 21:00:40,MA2306,MA2306,2271.0,0.0,0.0,0.0,20,2269.0,2271.0,6,2264.0,2268.0,2272.0,2266.0,7654.0,17359272.0,123366
2023-05-10 21:00:40,MA2306,MA2306,2269.0,25.0,56700.0,-25.0,15,2269.0,2271.0,11,2264.0,2268.0,2272.0,2266.0,7679.0,17415972.0,123341
2023-05-10 21:00:41,MA2306,MA2306,2270.0,1.0,2268.0,0.0,14,2269.0,2271.0,11,2264.0,2268.0,2272.0,2266.0,7680.0,17418240.0,123341
2023-05-10 21:00:41,MA2306,MA2306,2271.0,1.0,2268.0,0.0,14,2269.0,2271.0,10,2264.0,2268.0,2272.0,2266.0,7681.0,17420508.0,123341
2023-05-10 21:00:42,MA2306,MA2306,2271.0,0.0,0.0,0.0,14,2269.0,2271.0,13,2264.0,2268.0,2272.0,2266.0,7681.0,17420508.0,123341
2023-05-10 21:00:43,MA2306,MA2306,2270.0,1.0,2268.0,-1.0,13,2269.0,2271.0,13,2264.0,2268.0,2272.0,2266.0,7682.0,17422776.0,123340
2023-05-10 21:00:46,MA2306,MA2306,2270.0,0.0,0.0,0.0,13,2269.0,2271.0,10,2264.0,2268.0,2272.0,2266.0,7682.0,17422776.0,123340
2023-05-10 21:00:47,MA2306,MA2306,2270.0,0.0,0.0,0.0,13,2269.0,2271.0,13,2264.0,2268.0,2272.0,2266.0,7682.0,17422776.0,123340
2023-05-10 21:00:51,MA2306,MA2306,2270.0,0.0,0.0,0.0,15,2269.0,2271.0,13,2264.0,2268.0,2272.0,2266.0,7682.0,17422776.0,123340
2023-05-10 21:00:54,MA2306,MA2306,2271.0,10.0,22680.0,0.0,15,2269.0,2271.0,27,2264.0,2268.0,2272.0,2266.0,7692.0,17445456.0,123340
2023-05-10 21:00:56,MA2306,MA2306,2271.0,0.0,0.0,0.0,4,2270.0,2271.0,4,2264.0,2268.0,2272.0,2266.0,7692.0,17445456.0,123340
2023-05-10 21:00:56,MA2306,MA2306,2271.0,0.0,0.0,0.0,13,2270.0,2271.0,1,2264.0,2268.0,2272.0,2266.0,7692.0,17445456.0,123340
2023-05-10 21:00:56,MA2306,MA2306,2270.0,1.0,2268.0,0.0,15,2269.0,2271.0,20,2264.0,2268.0,2272.0,2266.0,7693.0,17447724.0,123340
2023-05-10 21:00:57,MA2306,MA2306,2270.0,0.0,0.0,0.0,15,2269.0,2271.0,23,2264.0,2268.0,2272.0,2266.0,7693.0,17447724.0,123340
2023-05-10 21:00:57,MA2306,MA2306,2270.0,0.0,0.0,0.0,15,2269.0,2271.0,26,2264.0,2268.0,2272.0,2266.0,7693.0,17447724.0,123340
2023-05-10 21:01:00,MA2306,MA2306,2271.0,2.0,4536.0,0.0,15,2269.0,2271.0,24,2264.0,2268.0,2272.0,2266.0,7695.0,17452260.0,123340
2023-05-10 21:01:00,MA2306,MA2306,2271.0,0.0,0.0,0.0,15,2269.0,2271.0,34,2264.0,2268.0,2272.0,2266.0,7695.0,17452260.0,123340
2023-05-10 21:01:01,MA2306,MA2306,2270.0,1.0,2268.0,-1.0,14,2269.0,2270.0,2,2264.0,2268.0,2272.0,2266.0,7696.0,17454528.0,123339
2023-05-10 21:01:01,MA2306,MA2306,2270.0,0.0,0.0,0.0,12,2270.0,2271.0,10,2264.0,2268.0,2272.0,2266.0,7696.0,17454528.0,123339
2023-05-10 21:01:02,MA2306,MA2306,2270.0,0.0,0.0,0.0,13,2270.0,2271.0,10,2264.0,2268.0,2272.0,2266.0,7696.0,17454528.0,123339
2023-05-10 21:01:04,MA2306,MA2306,2271.0,1.0,2268.0,0.0,11,2270.0,2271.0,9,2264.0,2268.0,2272.0,2266.0,7697.0,17456796.0,123339
2023-05-10 21:01:04,MA2306,MA2306,2271.0,9.0,20412.0,0.0,2,2270.0,2272.0,28,2264.0,2268.0,2272.0,2266.0,7706.0,17477208.0,123339
2023-05-10 21:01:05,MA2306,MA2306,2272.0,2.0,4536.0,0.0,2,2270.0,2272.0,27,2264.0,2268.0,2272.0,2266.0,7708.0,17481744.0,123339
2023-05-10 21:01:06,MA2306,MA2306,2272.0,0.0,0.0,0.0,2,2269.0,2271.0,20,2264.0,2268.0,2272.0,2266.0,7708.0,17481744.0,123339
2023-05-10 21:01:06,MA2306,MA2306,2270.0,1.0,2268.0,-1.0,1,2269.0,2271.0,23,2264.0,2268.0,2272.0,2266.0,7709.0,17484012.0,123338
2023-05-10 21:01:07,MA2306,MA2306,2269.0,1.0,2268.0,-1.0,30,2269.0,2271.0,23,2264.0,2268.0,2272.0,2266.0,7710.0,17486280.0,123337
2023-05-10 21:01:07,MA2306,MA2306,2269.0,0.0,0.0,0.0,30,2269.0,2270.0,3,2264.0,2268.0,2272.0,2266.0,7710.0,17486280.0,123337
2023-05-10 21:01:08,MA2306,MA2306,2270.0,1.0,2268.0,1.0,1,2270.0,2271.0,20,2264.0,2268.0,2272.0,2266.0,7711.0,17488548.0,123338
2023-05-10 21:01:08,MA2306,MA2306,2270.0,1.0,2268.0,0.0,30,2269.0,2271.0,23,2264.0,2268.0,2272.0,2266.0,7712.0,17490816.0,123338
2023-05-10 21:01:09,MA2306,MA2306,2270.0,0.0,0.0,0.0,30,2269.0,2271.0,22,2264.0,2268.0,2272.0,2266.0,7712.0,17490816.0,123338
2023-05-10 21:01:10,MA2306,MA2306,2270.0,0.0,0.0,0.0,2,2270.0,2271.0,23,2264.0,2268.0,2272.0,2266.0,7712.0,17490816.0,123338
2023-05-10 21:01:10,MA2306,MA2306,2270.0,2.0,4536.0,-2.0,30,2269.0,2271.0,21,2264.0,2268.0,2272.0,2266.0,7714.0,17495352.0,123336
2023-05-10 21:01:11,MA2306,MA2306,2270.0,0.0,0.0,0.0,30,2269.0,2271.0,20,2264.0,2268.0,2272.0,2266.0,7714.0,17495352.0,123336
2023-05-10 21:01:13,MA2306,MA2306,2270.0,0.0,0.0,0.0,30,2269.0,2271.0,21,2264.0,2268.0,2272.0,2266.0,7714.0,17495352.0,123336
2023-05-10 21:01:14,MA2306,MA2306,2270.0,1.0,2268.0,-1.0,29,2269.0,2271.0,21,2264.0,2268.0,2272.0,2266.0,7715.0,17497620.0,123335
2023-05-10 21:01:15,MA2306,MA2306,2270.0,0.0,0.0,0.0,26,2269.0,2271.0,21,2264.0,2268.0,2272.0,2266.0,7715.0,17497620.0,123335
2023-05-10 21:01:15,MA2306,MA2306,2270.0,0.0,0.0,0.0,29,2269.0,2271.0,21,2264.0,2268.0,2272.0,2266.0,7715.0,17497620.0,123335
2023-05-10 21:01:16,MA2306,MA2306,2271.0,2.0,4536.0,-2.0,29,2269.0,2271.0,19,2264.0,2268.0,2272.0,2266.0,7717.0,17502156.0,123333
2023-05-10 21:01:23,MA2306,MA2306,2271.0,0.0,0.0,0.0,49,2269.0,2271.0,20,2264.0,2268.0,2272.0,2266.0,7717.0,17502156.0,123333
2023-05-10 21:01:25,MA2306,MA2306,2269.0,1.0,2268.0,-1.0,19,2269.0,2270.0,14,2264.0,2268.0,2272.0,2266.0,7718.0,17504424.0,123332
2023-05-10 21:01:26,MA2306,MA2306,2269.0,11.0,24948.0,-11.0,8,2269.0,2270.0,15,2264.0,2268.0,2272.0,2266.0,7729.0,17529372.0,123321
2023-05-10 21:01:26,MA2306,MA2306,2269.0,3.0,6804.0,-3.0,5,2269.0,2270.0,11,2264.0,2268.0,2272.0,2266.0,7732.0,17536176.0,123318
2023-05-10 21:01:27,MA2306,MA2306,2269.0,2.0,4536.0,-2.0,3,2269.0,2270.0,65,2264.0,2268.0,2272.0,2266.0,7734.0,17540712.0,123316
2023-05-10 21:01:27,MA2306,MA2306,2269.0,3.0,6804.0,-3.0,51,2268.0,2270.0,102,2264.0,2268.0,2272.0,2266.0,7737.0,17547516.0,123313
2023-05-10 21:01:27,MA2306,MA2306,2269.0,0.0,0.0,0.0,49,2268.0,2270.0,209,2264.0,2268.0,2272.0,2266.0,7737.0,17547516.0,123313
2023-05-10 21:01:28,MA2306,MA2306,2269.0,0.0,0.0,0.0,50,2268.0,2270.0,209,2264.0,2268.0,2272.0,2266.0,7737.0,17547516.0,123313
2023-05-10 21:01:28,MA2306,MA2306,2269.0,0.0,0.0,0.0,49,2268.0,2270.0,209,2264.0,2268.0,2272.0,2266.0,7737.0,17547516.0,123313
2023-05-10 21:01:29,MA2306,MA2306,2269.0,0.0,0.0,0.0,49,2268.0,2269.0,1,2264.0,2268.0,2272.0,2266.0,7737.0,17547516.0,123313
2023-05-10 21:01:29,MA2306,MA2306,2268.0,4.0,9072.0,-4.0,18,2268.0,2269.0,181,2264.0,2268.0,2272.0,2266.0,7741.0,17556588.0,123309
2023-05-10 21:01:30,MA2306,MA2306,2268.0,17.0,38556.0,-17.0,48,2267.0,2269.0,168,2264.0,2268.0,2272.0,2266.0,7758.0,17595144.0,123292
2023-05-10 21:01:30,MA2306,MA2306,2268.0,0.0,0.0,0.0,48,2267.0,2269.0,117,2264.0,2268.0,2272.0,2266.0,7758.0,17595144.0,123292
2023-05-10 21:01:31,MA2306,MA2306,2268.0,0.0,0.0,0.0,48,2267.0,2269.0,16,2264.0,2268.0,2272.0,2266.0,7758.0,17595144.0,123292
2023-05-10 21:01:31,MA2306,MA2306,2268.0,0.0,0.0,0.0,48,2267.0,2269.0,165,2264.0,2268.0,2272.0,2266.0,7758.0,17595144.0,123292
2023-05-10 21:01:32,MA2306,MA2306,2268.0,0.0,0.0,0.0,48,2267.0,2269.0,136,2264.0,2268.0,2272.0,2266.0,7758.0,17595144.0,123292
2023-05-10 21:01:32,MA2306,MA2306,2269.0,1.0,2268.0,0.0,28,2268.0,2269.0,5,2264.0,2268.0,2272.0,2266.0,7759.0,17597412.0,123292
2023-05-10 21:01:33,MA2306,MA2306,2270.0,20.0,45360.0,-10.0,20,2268.0,2270.0,197,2264.0,2268.0,2272.0,2266.0,7779.0,17642772.0,123282
2023-05-10 21:01:33,MA2306,MA2306,2268.0,1.0,2268.0,-1.0,38,2267.0,2268.0,1,2264.0,2268.0,2272.0,2266.0,7780.0,17645040.0,123281
2023-05-10 21:01:34,MA2306,MA2306,2268.0,2.0,4536.0,-1.0,9,2268.0,2269.0,193,2264.0,2268.0,2272.0,2266.0,7782.0,17649576.0,123280
2023-05-10 21:01:34,MA2306,MA2306,2268.0,9.0,20412.0,-2.0,38,2267.0,2269.0,184,2264.0,2268.0,2272.0,2266.0,7791.0,17669988.0,123278
2023-05-10 21:01:37,MA2306,MA2306,2268.0,0.0,0.0,0.0,20,2267.0,2268.0,5,2264.0,2268.0,2272.0,2266.0,7791.0,17669988.0,123278
2023-05-10 21:01:37,MA2306,MA2306,2268.0,1.0,2268.0,1.0,38,2267.0,2269.0,184,2264.0,2268.0,2272.0,2266.0,7792.0,17672256.0,123279
2023-05-10 21:01:39,MA2306,MA2306,2268.0,0.0,0.0,0.0,20,2267.0,2268.0,20,2264.0,2268.0,2272.0,2266.0,7792.0,17672256.0,123279
2023-05-10 21:01:40,MA2306,MA2306,2268.0,0.0,0.0,0.0,20,2267.0,2268.0,12,2264.0,2268.0,2272.0,2266.0,7792.0,17672256.0,123279
2023-05-10 21:01:40,MA2306,MA2306,2268.0,0.0,0.0,0.0,20,2267.0,2268.0,1,2264.0,2268.0,2272.0,2266.0,7792.0,17672256.0,123279
2023-05-10 21:01:41,MA2306,MA2306,2268.0,0.0,0.0,0.0,38,2267.0,2269.0,184,2264.0,2268.0,2272.0,2266.0,7792.0,17672256.0,123279
2023-05-10 21:01:42,MA2306,MA2306,2268.0,0.0,0.0,0.0,20,2267.0,2268.0,31,2264.0,2268.0,2272.0,2266.0,7792.0,17672256.0,123279
2023-05-10 21:01:42,MA2306,MA2306,2268.0,0.0,0.0,0.0,20,2267.0,2268.0,116,2264.0,2268.0,2272.0,2266.0,7792.0,17672256.0,123279
2023-05-10 21:01:43,MA2306,MA2306,2268.0,0.0,0.0,0.0,20,2267.0,2268.0,146,2264.0,2268.0,2272.0,2266.0,7792.0,17672256.0,123279
2023-05-10 21:01:43,MA2306,MA2306,2268.0,0.0,0.0,0.0,20,2267.0,2268.0,177,2264.0,2268.0,2272.0,2266.0,7792.0,17672256.0,123279
2023-05-10 21:01:44,MA2306,MA2306,2268.0,0.0,0.0,0.0,20,2267.0,2268.0,166,2264.0,2268.0,2272.0,2266.0,7792.0,17672256.0,123279
2023-05-10 21:01:44,MA2306,MA2306,2268.0,0.0,0.0,0.0,20,2267.0,2268.0,159,2264.0,2268.0,2272.0,2266.0,7792.0,17672256.0,123279
2023-05-10 21:01:44,MA2306,MA2306,2268.0,0.0,0.0,0.0,20,2267.0,2268.0,181,2264.0,2268.0,2272.0,2266.0,7792.0,17672256.0,123279
2023-05-10 21:01:45,MA2306,MA2306,2267.0,20.0,45360.0,-20.0,20,2266.0,2268.0,161,2264.0,2268.0,2272.0,2266.0,7812.0,17717616.0,123259
2023-05-10 21:01:45,MA2306,MA2306,2266.0,1.0,2268.0,0.0,18,2266.0,2268.0,162,2264.0,2268.0,2272.0,2266.0,7813.0,17719884.0,123259
2023-05-10 21:01:46,MA2306,MA2306,2266.0,0.0,0.0,0.0,18,2266.0,2268.0,4,2264.0,2268.0,2272.0,2266.0,7813.0,17719884.0,123259
2023-05-10 21:01:46,MA2306,MA2306,2266.0,0.0,0.0,0.0,19,2266.0,2268.0,3,2264.0,2268.0,2272.0,2266.0,7813.0,17719884.0,123259
2023-05-10 21:01:47,MA2306,MA2306,2266.0,0.0,0.0,0.0,1,2267.0,2268.0,2,2264.0,2268.0,2272.0,2266.0,7813.0,17719884.0,123259
2023-05-10 21:01:47,MA2306,MA2306,2266.0,0.0,0.0,0.0,18,2266.0,2268.0,2,2264.0,2268.0,2272.0,2266.0,7813.0,17719884.0,123259
2023-05-10 21:01:48,MA2306,MA2306,2267.0,2.0,4536.0,0.0,17,2267.0,2268.0,1,2264.0,2268.0,2272.0,2266.0,7815.0,17724420.0,123259
2023-05-10 21:01:49,MA2306,MA2306,2267.0,0.0,0.0,0.0,3,2267.0,2268.0,1,2264.0,2268.0,2272.0,2266.0,7815.0,17724420.0,123259
2023-05-10 21:01:50,MA2306,MA2306,2267.0,0.0,0.0,0.0,19,2266.0,2268.0,7,2264.0,2268.0,2272.0,2266.0,7815.0,17724420.0,123259
2023-05-10 21:01:50,MA2306,MA2306,2267.0,0.0,0.0,0.0,18,2266.0,2268.0,95,2264.0,2268.0,2272.0,2266.0,7815.0,17724420.0,123259
2023-05-10 21:01:50,MA2306,MA2306,2267.0,0.0,0.0,0.0,18,2266.0,2268.0,157,2264.0,2268.0,2272.0,2266.0,7815.0,17724420.0,123259
2023-05-10 21:01:51,MA2306,MA2306,2267.0,0.0,0.0,0.0,18,2266.0,2268.0,161,2264.0,2268.0,2272.0,2266.0,7815.0,17724420.0,123259
2023-05-10 21:01:52,MA2306,MA2306,2268.0,1.0,2268.0,-1.0,18,2266.0,2268.0,160,2264.0,2268.0,2272.0,2266.0,7816.0,17726688.0,123258
2023-05-10 21:01:53,MA2306,MA2306,2268.0,0.0,0.0,0.0,17,2267.0,2268.0,1,2264.0,2268.0,2272.0,2266.0,7816.0,17726688.0,123258
2023-05-10 21:01:53,MA2306,MA2306,2268.0,1.0,2268.0,0.0,17,2267.0,2269.0,158,2264.0,2268.0,2272.0,2266.0,7817.0,17728956.0,123258
2023-05-10 21:01:54,MA2306,MA2306,2268.0,0.0,0.0,0.0,17,2267.0,2269.0,161,2264.0,2268.0,2272.0,2266.0,7817.0,17728956.0,123258
2023-05-10 21:01:55,MA2306,MA2306,2268.0,0.0,0.0,0.0,18,2267.0,2269.0,161,2264.0,2268.0,2272.0,2266.0,7817.0,17728956.0,123258
2023-05-10 21:02:00,MA2306,MA2306,2268.0,0.0,0.0,0.0,18,2267.0,2269.0,164,2264.0,2268.0,2272.0,2266.0,7817.0,17728956.0,123258
2023-05-10 21:02:02,MA2306,MA2306,2268.0,0.0,0.0,0.0,37,2267.0,2269.0,157,2264.0,2268.0,2272.0,2266.0,7817.0,17728956.0,123258
2023-05-10 21:02:02,MA2306,MA2306,2268.0,0.0,0.0,0.0,17,2268.0,2269.0,3,2264.0,2268.0,2272.0,2266.0,7817.0,17728956.0,123258
2023-05-10 21:02:02,MA2306,MA2306,2268.0,0.0,0.0,0.0,18,2268.0,2269.0,1,2264.0,2268.0,2272.0,2266.0,7817.0,17728956.0,123258
2023-05-10 21:02:03,MA2306,MA2306,2269.0,1.0,2268.0,-1.0,18,2268.0,2270.0,166,2264.0,2268.0,2272.0,2266.0,7818.0,17731224.0,123257
2023-05-10 21:02:11,MA2306,MA2306,2270.0,1.0,2268.0,-1.0,18,2268.0,2270.0,165,2264.0,2268.0,2272.0,2266.0,7819.0,17733492.0,123256
2023-05-10 21:02:14,MA2306,MA2306,2270.0,0.0,0.0,0.0,18,2268.0,2270.0,162,2264.0,2268.0,2272.0,2266.0,7819.0,17733492.0,123256
2023-05-10 21:02:15,MA2306,MA2306,2268.0,1.0,2268.0,-1.0,18,2267.0,2269.0,164,2264.0,2268.0,2272.0,2266.0,7820.0,17735760.0,123255
2023-05-10 21:02:16,MA2306,MA2306,2268.0,0.0,0.0,0.0,17,2267.0,2269.0,164,2264.0,2268.0,2272.0,2266.0,7820.0,17735760.0,123255
2023-05-10 21:02:16,MA2306,MA2306,2268.0,0.0,0.0,0.0,17,2267.0,2269.0,167,2264.0,2268.0,2272.0,2266.0,7820.0,17735760.0,123255
2023-05-10 21:02:24,MA2306,MA2306,2269.0,1.0,2268.0,-1.0,17,2267.0,2269.0,166,2264.0,2268.0,2272.0,2266.0,7821.0,17738028.0,123254
2023-05-10 21:02:35,MA2306,MA2306,2269.0,0.0,0.0,0.0,17,2267.0,2268.0,1,2264.0,2268.0,2272.0,2266.0,7821.0,17738028.0,123254
2023-05-10 21:02:36,MA2306,MA2306,2268.0,1.0,2268.0,-1.0,16,2267.0,2269.0,163,2264.0,2268.0,2272.0,2266.0,7822.0,17740296.0,123253
2023-05-10 21:02:36,MA2306,MA2306,2268.0,0.0,0.0,0.0,16,2267.0,2269.0,166,2264.0,2268.0,2272.0,2266.0,7822.0,17740296.0,123253
2023-05-10 21:02:39,MA2306,MA2306,2268.0,0.0,0.0,0.0,16,2267.0,2269.0,163,2264.0,2268.0,2272.0,2266.0,7822.0,17740296.0,123253
2023-05-10 21:02:40,MA2306,MA2306,2268.0,0.0,0.0,0.0,16,2267.0,2268.0,1,2264.0,2268.0,2272.0,2266.0,7822.0,17740296.0,123253
2023-05-10 21:02:40,MA2306,MA2306,2268.0,1.0,2268.0,-1.0,15,2267.0,2269.0,167,2264.0,2268.0,2272.0,2266.0,7823.0,17742564.0,123252
2023-05-10 21:02:41,MA2306,MA2306,2269.0,1.0,2268.0,-1.0,15,2267.0,2269.0,166,2264.0,2268.0,2272.0,2266.0,7824.0,17744832.0,123251
2023-05-10 21:02:42,MA2306,MA2306,2269.0,0.0,0.0,0.0,15,2267.0,2269.0,158,2264.0,2268.0,2272.0,2266.0,7824.0,17744832.0,123251
2023-05-10 21:02:43,MA2306,MA2306,2269.0,0.0,0.0,0.0,15,2268.0,2269.0,12,2264.0,2268.0,2272.0,2266.0,7824.0,17744832.0,123251
2023-05-10 21:02:43,MA2306,MA2306,2269.0,0.0,0.0,0.0,15,2268.0,2269.0,1,2264.0,2268.0,2272.0,2266.0,7824.0,17744832.0,123251
2023-05-10 21:02:44,MA2306,MA2306,2268.0,1.0,2268.0,-1.0,14,2268.0,2269.0,1,2264.0,2268.0,2272.0,2266.0,7825.0,17747100.0,123250
2023-05-10 21:02:44,MA2306,MA2306,2269.0,1.0,2268.0,0.0,13,2268.0,2270.0,163,2264.0,2268.0,2272.0,2266.0,7826.0,17749368.0,123250
2023-05-10 21:02:45,MA2306,MA2306,2269.0,0.0,0.0,0.0,13,2268.0,2269.0,1,2264.0,2268.0,2272.0,2266.0,7826.0,17749368.0,123250
2023-05-10 21:02:45,MA2306,MA2306,2269.0,1.0,2268.0,0.0,12,2268.0,2270.0,163,2264.0,2268.0,2272.0,2266.0,7827.0,17751636.0,123250
2023-05-10 21:02:49,MA2306,MA2306,2269.0,0.0,0.0,0.0,12,2267.0,2269.0,162,2264.0,2268.0,2272.0,2266.0,7827.0,17751636.0,123250
2023-05-10 21:02:49,MA2306,MA2306,2269.0,0.0,0.0,0.0,12,2267.0,2269.0,165,2264.0,2268.0,2272.0,2266.0,7827.0,17751636.0,123250
2023-05-10 21:02:51,MA2306,MA2306,2269.0,0.0,0.0,0.0,12,2268.0,2270.0,160,2264.0,2268.0,2272.0,2266.0,7827.0,17751636.0,123250
2023-05-10 21:02:51,MA2306,MA2306,2269.0,0.0,0.0,0.0,12,2268.0,2270.0,162,2264.0,2268.0,2272.0,2266.0,7827.0,17751636.0,123250
2023-05-10 21:02:52,MA2306,MA2306,2269.0,0.0,0.0,0.0,12,2268.0,2270.0,163,2264.0,2268.0,2272.0,2266.0,7827.0,17751636.0,123250
2023-05-10 21:03:00,MA2306,MA2306,2269.0,0.0,0.0,0.0,12,2269.0,2270.0,1,2264.0,2268.0,2272.0,2266.0,7827.0,17751636.0,123250
2023-05-10 21:03:01,MA2306,MA2306,2270.0,1.0,2268.0,1.0,12,2269.0,2271.0,159,2264.0,2268.0,2272.0,2266.0,7828.0,17753904.0,123251
2023-05-10 21:03:02,MA2306,MA2306,2269.0,3.0,6804.0,-3.0,30,2268.0,2270.0,93,2264.0,2268.0,2272.0,2266.0,7831.0,17760708.0,123248
2023-05-10 21:03:02,MA2306,MA2306,2269.0,1.0,2268.0,0.0,9,2268.0,2270.0,161,2264.0,2268.0,2272.0,2266.0,7832.0,17762976.0,123248
2023-05-10 21:03:03,MA2306,MA2306,2269.0,0.0,0.0,0.0,10,2267.0,2269.0,105,2264.0,2268.0,2272.0,2266.0,7832.0,17762976.0,123248
2023-05-10 21:03:03,MA2306,MA2306,2269.0,0.0,0.0,0.0,10,2267.0,2269.0,160,2264.0,2268.0,2272.0,2266.0,7832.0,17762976.0,123248
2023-05-10 21:03:04,MA2306,MA2306,2269.0,0.0,0.0,0.0,10,2267.0,2269.0,161,2264.0,2268.0,2272.0,2266.0,7832.0,17762976.0,123248
2023-05-10 21:03:05,MA2306,MA2306,2269.0,0.0,0.0,0.0,10,2267.0,2269.0,158,2264.0,2268.0,2272.0,2266.0,7832.0,17762976.0,123248
2023-05-10 21:03:05,MA2306,MA2306,2269.0,0.0,0.0,0.0,10,2267.0,2269.0,161,2264.0,2268.0,2272.0,2266.0,7832.0,17762976.0,123248
2023-05-10 21:03:07,MA2306,MA2306,2269.0,0.0,0.0,0.0,9,2268.0,2269.0,1,2264.0,2268.0,2272.0,2266.0,7832.0,17762976.0,123248
2023-05-10 21:03:07,MA2306,MA2306,2269.0,1.0,2268.0,0.0,9,2268.0,2270.0,160,2264.0,2268.0,2272.0,2266.0,7833.0,17765244.0,123248
2023-05-10 21:03:08,MA2306,MA2306,2269.0,0.0,0.0,0.0,9,2268.0,2270.0,161,2264.0,2268.0,2272.0,2266.0,7833.0,17765244.0,123248
2023-05-10 21:03:11,MA2306,MA2306,2269.0,0.0,0.0,0.0,30,2267.0,2269.0,150,2264.0,2268.0,2272.0,2266.0,7833.0,17765244.0,123248
2023-05-10 21:03:11,MA2306,MA2306,2269.0,0.0,0.0,0.0,10,2267.0,2269.0,160,2264.0,2268.0,2272.0,2266.0,7833.0,17765244.0,123248
2023-05-10 21:03:13,MA2306,MA2306,2269.0,1.0,2268.0,-1.0,11,2267.0,2269.0,159,2264.0,2268.0,2272.0,2266.0,7834.0,17767512.0,123247
2023-05-10 21:03:17,MA2306,MA2306,2269.0,1.0,2268.0,0.0,11,2267.0,2269.0,158,2264.0,2268.0,2272.0,2266.0,7835.0,17769780.0,123247
2023-05-10 21:03:23,MA2306,MA2306,2268.0,1.0,2268.0,-1.0,11,2267.0,2269.0,158,2264.0,2268.0,2272.0,2266.0,7836.0,17772048.0,123246
2023-05-10 21:03:24,MA2306,MA2306,2268.0,0.0,0.0,0.0,11,2267.0,2268.0,7,2264.0,2268.0,2272.0,2266.0,7836.0,17772048.0,123246
2023-05-10 21:03:24,MA2306,MA2306,2268.0,0.0,0.0,0.0,11,2267.0,2269.0,156,2264.0,2268.0,2272.0,2266.0,7836.0,17772048.0,123246
2023-05-10 21:03:25,MA2306,MA2306,2268.0,0.0,0.0,0.0,11,2267.0,2269.0,159,2264.0,2268.0,2272.0,2266.0,7836.0,17772048.0,123246
2023-05-10 21:03:28,MA2306,MA2306,2268.0,0.0,0.0,0.0,11,2267.0,2269.0,156,2264.0,2268.0,2272.0,2266.0,7836.0,17772048.0,123246
2023-05-10 21:03:29,MA2306,MA2306,2267.0,2.0,4536.0,0.0,13,2266.0,2268.0,164,2264.0,2268.0,2272.0,2266.0,7838.0,17776584.0,123246
2023-05-10 21:03:29,MA2306,MA2306,2267.0,0.0,0.0,0.0,12,2266.0,2268.0,164,2264.0,2268.0,2272.0,2266.0,7838.0,17776584.0,123246
2023-05-10 21:03:33,MA2306,MA2306,2267.0,0.0,0.0,0.0,12,2266.0,2267.0,1,2264.0,2268.0,2272.0,2266.0,7838.0,17776584.0,123246
2023-05-10 21:03:34,MA2306,MA2306,2267.0,1.0,2268.0,-1.0,11,2266.0,2268.0,161,2264.0,2268.0,2272.0,2266.0,7839.0,17778852.0,123245
2023-05-10 21:03:34,MA2306,MA2306,2267.0,0.0,0.0,0.0,11,2266.0,2268.0,164,2264.0,2268.0,2272.0,2266.0,7839.0,17778852.0,123245
2023-05-10 21:03:35,MA2306,MA2306,2267.0,0.0,0.0,0.0,28,2266.0,2268.0,157,2264.0,2268.0,2272.0,2266.0,7839.0,17778852.0,123245
2023-05-10 21:03:35,MA2306,MA2306,2267.0,0.0,0.0,0.0,8,2267.0,2268.0,1,2264.0,2268.0,2272.0,2266.0,7839.0,17778852.0,123245
2023-05-10 21:03:36,MA2306,MA2306,2268.0,1.0,2268.0,-1.0,8,2267.0,2269.0,156,2264.0,2268.0,2272.0,2266.0,7840.0,17781120.0,123244
2023-05-10 21:03:36,MA2306,MA2306,2268.0,0.0,0.0,0.0,8,2267.0,2269.0,159,2264.0,2268.0,2272.0,2266.0,7840.0,17781120.0,123244
2023-05-10 21:03:40,MA2306,MA2306,2268.0,0.0,0.0,0.0,8,2267.0,2269.0,56,2264.0,2268.0,2272.0,2266.0,7840.0,17781120.0,123244
2023-05-10 21:03:40,MA2306,MA2306,2268.0,0.0,0.0,0.0,8,2267.0,2269.0,39,2264.0,2268.0,2272.0,2266.0,7840.0,17781120.0,123244
2023-05-10 21:03:41,MA2306,MA2306,2268.0,0.0,0.0,0.0,8,2267.0,2269.0,68,2264.0,2268.0,2272.0,2266.0,7840.0,17781120.0,123244
2023-05-10 21:03:41,MA2306,MA2306,2268.0,0.0,0.0,0.0,8,2267.0,2269.0,52,2264.0,2268.0,2272.0,2266.0,7840.0,17781120.0,123244
2023-05-10 21:03:42,MA2306,MA2306,2268.0,0.0,0.0,0.0,8,2267.0,2269.0,33,2264.0,2268.0,2272.0,2266.0,7840.0,17781120.0,123244
2023-05-10 21:03:42,MA2306,MA2306,2268.0,0.0,0.0,0.0,8,2267.0,2269.0,38,2264.0,2268.0,2272.0,2266.0,7840.0,17781120.0,123244
2023-05-10 21:03:43,MA2306,MA2306,2268.0,0.0,0.0,0.0,8,2267.0,2269.0,48,2264.0,2268.0,2272.0,2266.0,7840.0,17781120.0,123244
2023-05-10 21:03:43,MA2306,MA2306,2268.0,0.0,0.0,0.0,8,2267.0,2269.0,159,2264.0,2268.0,2272.0,2266.0,7840.0,17781120.0,123244
2023-05-10 21:03:46,MA2306,MA2306,2268.0,0.0,0.0,0.0,8,2267.0,2269.0,156,2264.0,2268.0,2272.0,2266.0,7840.0,17781120.0,123244
2023-05-10 21:03:47,MA2306,MA2306,2268.0,0.0,0.0,0.0,8,2267.0,2269.0,159,2264.0,2268.0,2272.0,2266.0,7840.0,17781120.0,123244
2023-05-10 21:03:47,MA2306,MA2306,2268.0,0.0,0.0,0.0,8,2267.0,2268.0,4,2264.0,2268.0,2272.0,2266.0,7840.0,17781120.0,123244
2023-05-10 21:03:48,MA2306,MA2306,2268.0,0.0,0.0,0.0,8,2267.0,2268.0,6,2264.0,2268.0,2272.0,2266.0,7840.0,17781120.0,123244
2023-05-10 21:03:48,MA2306,MA2306,2268.0,0.0,0.0,0.0,8,2267.0,2269.0,159,2264.0,2268.0,2272.0,2266.0,7840.0,17781120.0,123244
2023-05-10 21:03:49,MA2306,MA2306,2268.0,0.0,0.0,0.0,8,2267.0,2269.0,156,2264.0,2268.0,2272.0,2266.0,7840.0,17781120.0,123244
2023-05-10 21:03:50,MA2306,MA2306,2268.0,0.0,0.0,0.0,8,2267.0,2269.0,159,2264.0,2268.0,2272.0,2266.0,7840.0,17781120.0,123244
2023-05-10 21:03:51,MA2306,MA2306,2268.0,0.0,0.0,0.0,8,2267.0,2268.0,2,2264.0,2268.0,2272.0,2266.0,7840.0,17781120.0,123244
2023-05-10 21:03:51,MA2306,MA2306,2268.0,0.0,0.0,0.0,8,2267.0,2268.0,5,2264.0,2268.0,2272.0,2266.0,7840.0,17781120.0,123244
2023-05-10 21:03:52,MA2306,MA2306,2268.0,0.0,0.0,0.0,12,2266.0,2268.0,155,2264.0,2268.0,2272.0,2266.0,7840.0,17781120.0,123244
2023-05-10 21:03:52,MA2306,MA2306,2268.0,0.0,0.0,0.0,11,2266.0,2268.0,159,2264.0,2268.0,2272.0,2266.0,7840.0,17781120.0,123244
2023-05-10 21:04:04,MA2306,MA2306,2266.0,23.0,52164.0,-20.0,38,2265.0,2267.0,148,2264.0,2268.0,2272.0,2266.0,7863.0,17833284.0,123224
2023-05-10 21:04:05,MA2306,MA2306,2266.0,0.0,0.0,0.0,38,2265.0,2267.0,163,2264.0,2268.0,2272.0,2266.0,7863.0,17833284.0,123224
2023-05-10 21:04:06,MA2306,MA2306,2266.0,0.0,0.0,0.0,38,2266.0,2267.0,3,2264.0,2268.0,2272.0,2266.0,7863.0,17833284.0,123224
2023-05-10 21:04:06,MA2306,MA2306,2266.0,0.0,0.0,0.0,38,2266.0,2268.0,164,2264.0,2268.0,2272.0,2266.0,7863.0,17833284.0,123224
2023-05-10 21:04:09,MA2306,MA2306,2267.0,20.0,45360.0,-20.0,38,2266.0,2268.0,144,2264.0,2268.0,2272.0,2266.0,7883.0,17878644.0,123204
2023-05-10 21:04:11,MA2306,MA2306,2267.0,0.0,0.0,0.0,38,2267.0,2268.0,16,2264.0,2268.0,2272.0,2266.0,7883.0,17878644.0,123204
2023-05-10 21:04:11,MA2306,MA2306,2268.0,32.0,72576.0,-1.0,38,2267.0,2269.0,143,2264.0,2268.0,2272.0,2266.0,7915.0,17951220.0,123203
2023-05-10 21:04:13,MA2306,MA2306,2267.0,50.0,113400.0,-50.0,8,2267.0,2268.0,6,2264.0,2268.0,2272.0,2266.0,7965.0,18064620.0,123153
2023-05-10 21:04:13,MA2306,MA2306,2267.0,0.0,0.0,0.0,8,2267.0,2268.0,2,2264.0,2268.0,2272.0,2266.0,7965.0,18064620.0,123153
2023-05-10 21:04:14,MA2306,MA2306,2267.0,0.0,0.0,0.0,8,2267.0,2268.0,4,2264.0,2268.0,2272.0,2266.0,7965.0,18064620.0,123153
2023-05-10 21:04:16,MA2306,MA2306,2267.0,0.0,0.0,0.0,8,2267.0,2268.0,7,2264.0,2268.0,2272.0,2266.0,7965.0,18064620.0,123153
2023-05-10 21:04:16,MA2306,MA2306,2267.0,0.0,0.0,0.0,8,2267.0,2268.0,3,2264.0,2268.0,2272.0,2266.0,7965.0,18064620.0,123153
2023-05-10 21:04:17,MA2306,MA2306,2267.0,0.0,0.0,0.0,9,2266.0,2268.0,140,2264.0,2268.0,2272.0,2266.0,7965.0,18064620.0,123153
2023-05-10 21:04:18,MA2306,MA2306,2267.0,0.0,0.0,0.0,9,2266.0,2268.0,144,2264.0,2268.0,2272.0,2266.0,7965.0,18064620.0,123153
2023-05-10 21:04:25,MA2306,MA2306,2267.0,0.0,0.0,0.0,1,2266.0,2267.0,128,2264.0,2268.0,2272.0,2266.0,7965.0,18064620.0,123153
2023-05-10 21:04:25,MA2306,MA2306,2267.0,0.0,0.0,0.0,8,2265.0,2267.0,143,2264.0,2268.0,2272.0,2266.0,7965.0,18064620.0,123153
2023-05-10 21:04:29,MA2306,MA2306,2267.0,0.0,0.0,0.0,3,2265.0,2267.0,143,2264.0,2268.0,2272.0,2266.0,7965.0,18064620.0,123153
2023-05-10 21:04:29,MA2306,MA2306,2267.0,0.0,0.0,0.0,9,2264.0,2265.0,61,2264.0,2268.0,2272.0,2266.0,7965.0,18064620.0,123153
2023-05-10 21:04:29,MA2306,MA2306,2267.0,0.0,0.0,0.0,9,2264.0,2265.0,49,2264.0,2268.0,2272.0,2266.0,7965.0,18064620.0,123153
2023-05-10 21:04:30,MA2306,MA2306,2264.0,1.0,2268.0,-1.0,1,2264.0,2265.0,64,2264.0,2268.0,2272.0,2264.0,7966.0,18066888.0,123152
2023-05-10 21:04:31,MA2306,MA2306,2264.0,2.0,4536.0,-1.0,6,2263.0,2265.0,192,2264.0,2268.0,2272.0,2264.0,7968.0,18071424.0,123151
2023-05-10 21:04:31,MA2306,MA2306,2264.0,0.0,0.0,0.0,6,2263.0,2265.0,191,2264.0,2268.0,2272.0,2264.0,7968.0,18071424.0,123151
2023-05-10 21:04:31,MA2306,MA2306,2264.0,0.0,0.0,0.0,6,2264.0,2265.0,49,2264.0,2268.0,2272.0,2264.0,7968.0,18071424.0,123151
2023-05-10 21:04:32,MA2306,MA2306,2264.0,0.0,0.0,0.0,7,2264.0,2265.0,49,2264.0,2268.0,2272.0,2264.0,7968.0,18071424.0,123151
2023-05-10 21:04:33,MA2306,MA2306,2264.0,1.0,2268.0,0.0,6,2264.0,2265.0,49,2264.0,2268.0,2272.0,2264.0,7969.0,18073692.0,123151
2023-05-10 21:04:34,MA2306,MA2306,2264.0,0.0,0.0,0.0,6,2264.0,2265.0,54,2264.0,2268.0,2272.0,2264.0,7969.0,18073692.0,123151
2023-05-10 21:04:35,MA2306,MA2306,2264.0,0.0,0.0,0.0,6,2264.0,2265.0,49,2264.0,2268.0,2272.0,2264.0,7969.0,18073692.0,123151
2023-05-10 21:04:35,MA2306,MA2306,2265.0,4.0,9072.0,0.0,2,2264.0,2265.0,45,2264.0,2268.0,2272.0,2264.0,7973.0,18082764.0,123151
2023-05-10 21:04:36,MA2306,MA2306,2265.0,29.0,65772.0,1.0,88,2264.0,2265.0,16,2264.0,2268.0,2272.0,2264.0,8002.0,18148536.0,123152
2023-05-10 21:04:36,MA2306,MA2306,2265.0,2.0,4536.0,2.0,86,2264.0,2265.0,14,2264.0,2268.0,2272.0,2264.0,8004.0,18153072.0,123154
2023-05-10 21:04:37,MA2306,MA2306,2265.0,14.0,31752.0,1.0,85,2264.0,2266.0,147,2264.0,2268.0,2272.0,2264.0,8018.0,18184824.0,123155
2023-05-10 21:04:38,MA2306,MA2306,2265.0,0.0,0.0,0.0,85,2264.0,2266.0,144,2264.0,2268.0,2272.0,2264.0,8018.0,18184824.0,123155
2023-05-10 21:04:38,MA2306,MA2306,2265.0,0.0,0.0,0.0,85,2264.0,2266.0,147,2264.0,2268.0,2272.0,2264.0,8018.0,18184824.0,123155
2023-05-10 21:04:51,MA2306,MA2306,2264.0,2.0,4536.0,2.0,83,2264.0,2266.0,147,2264.0,2268.0,2272.0,2264.0,8020.0,18189360.0,123157
2023-05-10 21:04:51,MA2306,MA2306,2264.0,0.0,0.0,0.0,83,2264.0,2266.0,148,2264.0,2268.0,2272.0,2264.0,8020.0,18189360.0,123157
2023-05-10 21:04:52,MA2306,MA2306,2264.0,0.0,0.0,0.0,83,2264.0,2266.0,149,2264.0,2268.0,2272.0,2264.0,8020.0,18189360.0,123157
2023-05-10 21:04:53,MA2306,MA2306,2264.0,0.0,0.0,0.0,1,2264.0,2265.0,88,2264.0,2268.0,2272.0,2264.0,8020.0,18189360.0,123157
2023-05-10 21:04:54,MA2306,MA2306,2264.0,0.0,0.0,0.0,56,2264.0,2265.0,15,2264.0,2268.0,2272.0,2264.0,8020.0,18189360.0,123157
2023-05-10 21:04:54,MA2306,MA2306,2264.0,0.0,0.0,0.0,1,2264.0,2265.0,21,2264.0,2268.0,2272.0,2264.0,8020.0,18189360.0,123157
2023-05-10 21:04:55,MA2306,MA2306,2264.0,0.0,0.0,0.0,1,2264.0,2265.0,12,2264.0,2268.0,2272.0,2264.0,8020.0,18189360.0,123157
2023-05-10 21:04:55,MA2306,MA2306,2264.0,0.0,0.0,0.0,78,2264.0,2266.0,150,2264.0,2268.0,2272.0,2264.0,8020.0,18189360.0,123157
2023-05-10 21:04:56,MA2306,MA2306,2264.0,0.0,0.0,0.0,75,2264.0,2266.0,150,2264.0,2268.0,2272.0,2264.0,8020.0,18189360.0,123157
2023-05-10 21:04:56,MA2306,MA2306,2264.0,0.0,0.0,0.0,1,2264.0,2265.0,140,2264.0,2268.0,2272.0,2264.0,8020.0,18189360.0,123157
2023-05-10 21:04:56,MA2306,MA2306,2264.0,1.0,2268.0,-1.0,82,2263.0,2265.0,143,2264.0,2268.0,2272.0,2264.0,8021.0,18191628.0,123156
2023-05-10 21:04:58,MA2306,MA2306,2264.0,0.0,0.0,0.0,82,2263.0,2264.0,1,2264.0,2268.0,2272.0,2264.0,8021.0,18191628.0,123156
2023-05-10 21:04:59,MA2306,MA2306,2264.0,1.0,2268.0,0.0,81,2263.0,2265.0,143,2264.0,2268.0,2272.0,2264.0,8022.0,18193896.0,123156
2023-05-10 21:05:01,MA2306,MA2306,2264.0,0.0,0.0,0.0,81,2263.0,2265.0,140,2264.0,2268.0,2272.0,2264.0,8022.0,18193896.0,123156
2023-05-10 21:05:01,MA2306,MA2306,2264.0,0.0,0.0,0.0,81,2263.0,2265.0,143,2264.0,2268.0,2272.0,2264.0,8022.0,18193896.0,123156
2023-05-10 21:05:03,MA2306,MA2306,2264.0,0.0,0.0,0.0,74,2264.0,2265.0,15,2264.0,2268.0,2272.0,2264.0,8022.0,18193896.0,123156
2023-05-10 21:05:03,MA2306,MA2306,2264.0,0.0,0.0,0.0,82,2264.0,2266.0,149,2264.0,2268.0,2272.0,2264.0,8022.0,18193896.0,123156
2023-05-10 21:05:06,MA2306,MA2306,2264.0,0.0,0.0,0.0,81,2265.0,2266.0,14,2264.0,2268.0,2272.0,2264.0,8022.0,18193896.0,123156
2023-05-10 21:05:06,MA2306,MA2306,2266.0,3.0,6804.0,2.0,81,2265.0,2267.0,139,2264.0,2268.0,2272.0,2264.0,8025.0,18200700.0,123158
2023-05-10 21:05:07,MA2306,MA2306,2266.0,0.0,0.0,0.0,81,2265.0,2267.0,142,2264.0,2268.0,2272.0,2264.0,8025.0,18200700.0,123158
2023-05-10 21:05:12,MA2306,MA2306,2266.0,0.0,0.0,0.0,81,2265.0,2266.0,1,2264.0,2268.0,2272.0,2264.0,8025.0,18200700.0,123158
2023-05-10 21:05:16,MA2306,MA2306,2266.0,1.0,2268.0,0.0,81,2265.0,2267.0,139,2264.0,2268.0,2272.0,2264.0,8026.0,18202968.0,123158
2023-05-10 21:05:16,MA2306,MA2306,2266.0,0.0,0.0,0.0,81,2265.0,2267.0,142,2264.0,2268.0,2272.0,2264.0,8026.0,18202968.0,123158
2023-05-10 21:05:22,MA2306,MA2306,2266.0,0.0,0.0,0.0,82,2264.0,2266.0,140,2264.0,2268.0,2272.0,2264.0,8026.0,18202968.0,123158
2023-05-10 21:05:22,MA2306,MA2306,2266.0,0.0,0.0,0.0,82,2264.0,2266.0,143,2264.0,2268.0,2272.0,2264.0,8026.0,18202968.0,123158
2023-05-10 21:05:30,MA2306,MA2306,2266.0,0.0,0.0,0.0,82,2264.0,2266.0,142,2264.0,2268.0,2272.0,2264.0,8026.0,18202968.0,123158
2023-05-10 21:05:30,MA2306,MA2306,2266.0,0.0,0.0,0.0,82,2264.0,2266.0,143,2264.0,2268.0,2272.0,2264.0,8026.0,18202968.0,123158
2023-05-10 21:05:32,MA2306,MA2306,2266.0,0.0,0.0,0.0,83,2264.0,2266.0,142,2264.0,2268.0,2272.0,2264.0,8026.0,18202968.0,123158
2023-05-10 21:05:34,MA2306,MA2306,2266.0,0.0,0.0,0.0,81,2265.0,2266.0,12,2264.0,2268.0,2272.0,2264.0,8026.0,18202968.0,123158
2023-05-10 21:05:34,MA2306,MA2306,2266.0,0.0,0.0,0.0,81,2265.0,2267.0,142,2264.0,2268.0,2272.0,2264.0,8026.0,18202968.0,123158
2023-05-10 21:05:35,MA2306,MA2306,2266.0,0.0,0.0,0.0,81,2265.0,2267.0,139,2264.0,2268.0,2272.0,2264.0,8026.0,18202968.0,123158
2023-05-10 21:05:35,MA2306,MA2306,2266.0,0.0,0.0,0.0,81,2265.0,2267.0,142,2264.0,2268.0,2272.0,2264.0,8026.0,18202968.0,123158
2023-05-10 21:05:40,MA2306,MA2306,2266.0,0.0,0.0,0.0,81,2265.0,2266.0,3,2264.0,2268.0,2272.0,2264.0,8026.0,18202968.0,123158
2023-05-10 21:05:41,MA2306,MA2306,2266.0,0.0,0.0,0.0,81,2265.0,2267.0,142,2264.0,2268.0,2272.0,2264.0,8026.0,18202968.0,123158
2023-05-10 21:05:48,MA2306,MA2306,2265.0,15.0,34020.0,0.0,66,2265.0,2267.0,142,2264.0,2268.0,2272.0,2264.0,8041.0,18236988.0,123158
2023-05-10 21:05:53,MA2306,MA2306,2265.0,0.0,0.0,0.0,66,2265.0,2266.0,3,2264.0,2268.0,2272.0,2264.0,8041.0,18236988.0,123158
2023-05-10 21:05:53,MA2306,MA2306,2265.0,0.0,0.0,0.0,68,2264.0,2266.0,135,2264.0,2268.0,2272.0,2264.0,8041.0,18236988.0,123158
2023-05-10 21:05:54,MA2306,MA2306,2265.0,0.0,0.0,0.0,67,2264.0,2266.0,143,2264.0,2268.0,2272.0,2264.0,8041.0,18236988.0,123158
2023-05-10 21:05:54,MA2306,MA2306,2265.0,0.0,0.0,0.0,67,2264.0,2266.0,140,2264.0,2268.0,2272.0,2264.0,8041.0,18236988.0,123158
2023-05-10 21:05:55,MA2306,MA2306,2265.0,0.0,0.0,0.0,67,2264.0,2266.0,143,2264.0,2268.0,2272.0,2264.0,8041.0,18236988.0,123158
2023-05-10 21:05:55,MA2306,MA2306,2265.0,0.0,0.0,0.0,67,2264.0,2266.0,140,2264.0,2268.0,2272.0,2264.0,8041.0,18236988.0,123158
2023-05-10 21:05:56,MA2306,MA2306,2265.0,0.0,0.0,0.0,67,2264.0,2266.0,143,2264.0,2268.0,2272.0,2264.0,8041.0,18236988.0,123158
2023-05-10 21:05:58,MA2306,MA2306,2264.0,8.0,18144.0,0.0,59,2264.0,2266.0,143,2264.0,2268.0,2272.0,2264.0,8049.0,18255132.0,123158
2023-05-10 21:05:58,MA2306,MA2306,2264.0,8.0,18144.0,8.0,51,2264.0,2266.0,143,2264.0,2268.0,2272.0,2264.0,8057.0,18273276.0,123166
2023-05-10 21:06:00,MA2306,MA2306,2264.0,0.0,0.0,0.0,51,2264.0,2265.0,10,2264.0,2268.0,2272.0,2264.0,8057.0,18273276.0,123166
2023-05-10 21:06:00,MA2306,MA2306,2264.0,0.0,0.0,0.0,51,2264.0,2265.0,1,2264.0,2268.0,2272.0,2264.0,8057.0,18273276.0,123166
2023-05-10 21:06:01,MA2306,MA2306,2264.0,0.0,0.0,0.0,51,2264.0,2266.0,143,2264.0,2268.0,2272.0,2264.0,8057.0,18273276.0,123166
2023-05-10 21:06:01,MA2306,MA2306,2264.0,0.0,0.0,0.0,51,2264.0,2266.0,140,2264.0,2268.0,2272.0,2264.0,8057.0,18273276.0,123166
2023-05-10 21:06:02,MA2306,MA2306,2264.0,0.0,0.0,0.0,51,2264.0,2266.0,142,2264.0,2268.0,2272.0,2264.0,8057.0,18273276.0,123166
2023-05-10 21:06:02,MA2306,MA2306,2264.0,0.0,0.0,0.0,50,2265.0,2266.0,15,2264.0,2268.0,2272.0,2264.0,8057.0,18273276.0,123166
2023-05-10 21:06:03,MA2306,MA2306,2264.0,0.0,0.0,0.0,50,2265.0,2267.0,142,2264.0,2268.0,2272.0,2264.0,8057.0,18273276.0,123166
2023-05-10 21:06:06,MA2306,MA2306,2264.0,0.0,0.0,0.0,50,2266.0,2267.0,15,2264.0,2268.0,2272.0,2264.0,8057.0,18273276.0,123166
2023-05-10 21:06:07,MA2306,MA2306,2264.0,0.0,0.0,0.0,50,2266.0,2268.0,163,2264.0,2268.0,2272.0,2264.0,8057.0,18273276.0,123166
2023-05-10 21:06:07,MA2306,MA2306,2264.0,0.0,0.0,0.0,51,2266.0,2268.0,160,2264.0,2268.0,2272.0,2264.0,8057.0,18273276.0,123166
2023-05-10 21:06:07,MA2306,MA2306,2264.0,0.0,0.0,0.0,50,2266.0,2268.0,163,2264.0,2268.0,2272.0,2264.0,8057.0,18273276.0,123166
2023-05-10 21:06:08,MA2306,MA2306,2264.0,0.0,0.0,0.0,50,2266.0,2268.0,164,2264.0,2268.0,2272.0,2264.0,8057.0,18273276.0,123166
2023-05-10 21:06:25,MA2306,MA2306,2264.0,0.0,0.0,0.0,50,2266.0,2267.0,5,2264.0,2268.0,2272.0,2264.0,8057.0,18273276.0,123166
2023-05-10 21:06:26,MA2306,MA2306,2264.0,0.0,0.0,0.0,50,2265.0,2267.0,142,2264.0,2268.0,2272.0,2264.0,8057.0,18273276.0,123166
2023-05-10 21:06:31,MA2306,MA2306,2265.0,9.0,20412.0,0.0,42,2264.0,2266.0,140,2264.0,2268.0,2272.0,2264.0,8066.0,18293688.0,123166
2023-05-10 21:06:31,MA2306,MA2306,2265.0,0.0,0.0,0.0,42,2264.0,2266.0,143,2264.0,2268.0,2272.0,2264.0,8066.0,18293688.0,123166
2023-05-10 21:06:34,MA2306,MA2306,2266.0,5.0,11340.0,0.0,42,2264.0,2266.0,138,2264.0,2268.0,2272.0,2264.0,8071.0,18305028.0,123166
2023-05-10 21:06:43,MA2306,MA2306,2266.0,0.0,0.0,0.0,41,2265.0,2266.0,16,2264.0,2268.0,2272.0,2264.0,8071.0,18305028.0,123166
2023-05-10 21:06:43,MA2306,MA2306,2266.0,0.0,0.0,0.0,41,2265.0,2266.0,12,2264.0,2268.0,2272.0,2264.0,8071.0,18305028.0,123166
2023-05-10 21:06:44,MA2306,MA2306,2266.0,0.0,0.0,0.0,41,2265.0,2267.0,137,2264.0,2268.0,2272.0,2264.0,8071.0,18305028.0,123166
2023-05-10 21:06:49,MA2306,MA2306,2266.0,0.0,0.0,0.0,39,2266.0,2267.0,15,2264.0,2268.0,2272.0,2264.0,8071.0,18305028.0,123166
2023-05-10 21:06:49,MA2306,MA2306,2266.0,0.0,0.0,0.0,41,2266.0,2267.0,12,2264.0,2268.0,2272.0,2264.0,8071.0,18305028.0,123166
2023-05-10 21:06:51,MA2306,MA2306,2266.0,0.0,0.0,0.0,41,2266.0,2268.0,156,2264.0,2268.0,2272.0,2264.0,8071.0,18305028.0,123166
2023-05-10 21:06:51,MA2306,MA2306,2266.0,0.0,0.0,0.0,41,2266.0,2268.0,159,2264.0,2268.0,2272.0,2264.0,8071.0,18305028.0,123166
2023-05-10 21:06:54,MA2306,MA2306,2266.0,0.0,0.0,0.0,41,2266.0,2267.0,2,2264.0,2268.0,2272.0,2264.0,8071.0,18305028.0,123166
2023-05-10 21:06:55,MA2306,MA2306,2266.0,0.0,0.0,0.0,41,2266.0,2268.0,156,2264.0,2268.0,2272.0,2264.0,8071.0,18305028.0,123166
2023-05-10 21:06:55,MA2306,MA2306,2266.0,0.0,0.0,0.0,41,2266.0,2268.0,159,2264.0,2268.0,2272.0,2264.0,8071.0,18305028.0,123166
2023-05-10 21:07:01,MA2306,MA2306,2266.0,0.0,0.0,0.0,41,2266.0,2267.0,6,2264.0,2268.0,2272.0,2264.0,8071.0,18305028.0,123166
2023-05-10 21:07:01,MA2306,MA2306,2266.0,0.0,0.0,0.0,41,2266.0,2268.0,159,2264.0,2268.0,2272.0,2264.0,8071.0,18305028.0,123166
2023-05-10 21:07:15,MA2306,MA2306,2266.0,2.0,4536.0,2.0,19,2267.0,2268.0,37,2264.0,2268.0,2272.0,2264.0,8073.0,18309564.0,123168
2023-05-10 21:07:16,MA2306,MA2306,2266.0,0.0,0.0,0.0,39,2267.0,2268.0,23,2264.0,2268.0,2272.0,2264.0,8073.0,18309564.0,123168
2023-05-10 21:07:16,MA2306,MA2306,2266.0,0.0,0.0,0.0,40,2266.0,2268.0,155,2264.0,2268.0,2272.0,2264.0,8073.0,18309564.0,123168
2023-05-10 21:07:16,MA2306,MA2306,2266.0,0.0,0.0,0.0,39,2266.0,2268.0,159,2264.0,2268.0,2272.0,2264.0,8073.0,18309564.0,123168
2023-05-10 21:07:18,MA2306,MA2306,2266.0,0.0,0.0,0.0,39,2266.0,2268.0,158,2264.0,2268.0,2272.0,2264.0,8073.0,18309564.0,123168
2023-05-10 21:07:18,MA2306,MA2306,2266.0,0.0,0.0,0.0,39,2266.0,2268.0,159,2264.0,2268.0,2272.0,2264.0,8073.0,18309564.0,123168
2023-05-10 21:07:19,MA2306,MA2306,2267.0,50.0,113400.0,0.0,40,2266.0,2268.0,158,2264.0,2268.0,2272.0,2264.0,8123.0,18422964.0,123168
2023-05-10 21:07:19,MA2306,MA2306,2267.0,0.0,0.0,0.0,39,2266.0,2268.0,159,2264.0,2268.0,2272.0,2264.0,8123.0,18422964.0,123168
2023-05-10 21:07:22,MA2306,MA2306,2267.0,0.0,0.0,0.0,39,2266.0,2267.0,1,2264.0,2268.0,2272.0,2264.0,8123.0,18422964.0,123168
2023-05-10 21:07:26,MA2306,MA2306,2267.0,1.0,2268.0,1.0,39,2266.0,2268.0,159,2264.0,2268.0,2272.0,2264.0,8124.0,18425232.0,123169
2023-05-10 21:07:36,MA2306,MA2306,2267.0,1.0,2268.0,0.0,38,2266.0,2268.0,159,2264.0,2268.0,2272.0,2264.0,8125.0,18427500.0,123169
2023-05-10 21:07:43,MA2306,MA2306,2267.0,0.0,0.0,0.0,38,2266.0,2267.0,5,2264.0,2268.0,2272.0,2264.0,8125.0,18427500.0,123169
2023-05-10 21:07:43,MA2306,MA2306,2267.0,0.0,0.0,0.0,38,2266.0,2268.0,159,2264.0,2268.0,2272.0,2264.0,8125.0,18427500.0,123169
2023-05-10 21:07:45,MA2306,MA2306,2267.0,1.0,2268.0,0.0,37,2266.0,2268.0,159,2264.0,2268.0,2272.0,2264.0,8126.0,18429768.0,123169
2023-05-10 21:07:49,MA2306,MA2306,2267.0,0.0,0.0,0.0,37,2265.0,2267.0,84,2264.0,2268.0,2272.0,2264.0,8126.0,18429768.0,123169
2023-05-10 21:07:49,MA2306,MA2306,2267.0,0.0,0.0,0.0,37,2265.0,2267.0,137,2264.0,2268.0,2272.0,2264.0,8126.0,18429768.0,123169
2023-05-10 21:07:49,MA2306,MA2306,2265.0,3.0,6804.0,3.0,34,2265.0,2267.0,137,2264.0,2268.0,2272.0,2264.0,8129.0,18436572.0,123172
2023-05-10 21:08:06,MA2306,MA2306,2265.0,0.0,0.0,0.0,34,2265.0,2266.0,1,2264.0,2268.0,2272.0,2264.0,8129.0,18436572.0,123172
2023-05-10 21:08:07,MA2306,MA2306,2265.0,0.0,0.0,0.0,34,2265.0,2267.0,137,2264.0,2268.0,2272.0,2264.0,8129.0,18436572.0,123172
2023-05-10 21:08:10,MA2306,MA2306,2265.0,0.0,0.0,0.0,34,2265.0,2267.0,134,2264.0,2268.0,2272.0,2264.0,8129.0,18436572.0,123172
2023-05-10 21:08:10,MA2306,MA2306,2265.0,0.0,0.0,0.0,34,2265.0,2266.0,6,2264.0,2268.0,2272.0,2264.0,8129.0,18436572.0,123172
2023-05-10 21:08:11,MA2306,MA2306,2265.0,0.0,0.0,0.0,34,2265.0,2267.0,137,2264.0,2268.0,2272.0,2264.0,8129.0,18436572.0,123172
2023-05-10 21:08:14,MA2306,MA2306,2265.0,17.0,38556.0,0.0,17,2265.0,2267.0,137,2264.0,2268.0,2272.0,2264.0,8146.0,18475128.0,123172
2023-05-10 21:08:14,MA2306,MA2306,2265.0,0.0,0.0,0.0,18,2264.0,2265.0,12,2264.0,2268.0,2272.0,2264.0,8146.0,18475128.0,123172
2023-05-10 21:08:17,MA2306,MA2306,2265.0,0.0,0.0,0.0,17,2264.0,2265.0,12,2264.0,2268.0,2272.0,2264.0,8146.0,18475128.0,123172
2023-05-10 21:08:20,MA2306,MA2306,2265.0,0.0,0.0,0.0,18,2263.0,2265.0,137,2264.0,2268.0,2272.0,2264.0,8146.0,18475128.0,123172
2023-05-10 21:08:20,MA2306,MA2306,2265.0,0.0,0.0,0.0,18,2263.0,2264.0,12,2264.0,2268.0,2272.0,2264.0,8146.0,18475128.0,123172
2023-05-10 21:08:30,MA2306,MA2306,2265.0,0.0,0.0,0.0,18,2263.0,2264.0,4,2264.0,2268.0,2272.0,2264.0,8146.0,18475128.0,123172
2023-05-10 21:08:30,MA2306,MA2306,2265.0,0.0,0.0,0.0,18,2263.0,2264.0,3,2264.0,2268.0,2272.0,2264.0,8146.0,18475128.0,123172
2023-05-10 21:08:30,MA2306,MA2306,2265.0,0.0,0.0,0.0,18,2263.0,2264.0,2,2264.0,2268.0,2272.0,2264.0,8146.0,18475128.0,123172
2023-05-10 21:08:31,MA2306,MA2306,2265.0,0.0,0.0,0.0,18,2263.0,2265.0,137,2264.0,2268.0,2272.0,2264.0,8146.0,18475128.0,123172
2023-05-10 21:08:32,MA2306,MA2306,2265.0,0.0,0.0,0.0,18,2263.0,2264.0,1,2264.0,2268.0,2272.0,2264.0,8146.0,18475128.0,123172
2023-05-10 21:08:33,MA2306,MA2306,2265.0,0.0,0.0,0.0,18,2263.0,2265.0,134,2264.0,2268.0,2272.0,2264.0,8146.0,18475128.0,123172
2023-05-10 21:08:33,MA2306,MA2306,2265.0,0.0,0.0,0.0,18,2263.0,2265.0,137,2264.0,2268.0,2272.0,2264.0,8146.0,18475128.0,123172
2023-05-10 21:08:39,MA2306,MA2306,2265.0,0.0,0.0,0.0,17,2264.0,2265.0,15,2264.0,2268.0,2272.0,2264.0,8146.0,18475128.0,123172
2023-05-10 21:08:39,MA2306,MA2306,2265.0,0.0,0.0,0.0,17,2264.0,2265.0,12,2264.0,2268.0,2272.0,2264.0,8146.0,18475128.0,123172
2023-05-10 21:08:43,MA2306,MA2306,2265.0,12.0,27216.0,12.0,17,2264.0,2266.0,137,2264.0,2268.0,2272.0,2264.0,8158.0,18502344.0,123184
2023-05-10 21:08:45,MA2306,MA2306,2265.0,0.0,0.0,0.0,17,2264.0,2266.0,128,2264.0,2268.0,2272.0,2264.0,8158.0,18502344.0,123184
2023-05-10 21:08:45,MA2306,MA2306,2265.0,0.0,0.0,0.0,18,2264.0,2266.0,127,2264.0,2268.0,2272.0,2264.0,8158.0,18502344.0,123184
2023-05-10 21:08:54,MA2306,MA2306,2265.0,0.0,0.0,0.0,18,2264.0,2266.0,133,2264.0,2268.0,2272.0,2264.0,8158.0,18502344.0,123184
2023-05-10 21:08:58,MA2306,MA2306,2265.0,0.0,0.0,0.0,18,2264.0,2266.0,127,2264.0,2268.0,2272.0,2264.0,8158.0,18502344.0,123184
2023-05-10 21:09:00,MA2306,MA2306,2265.0,0.0,0.0,0.0,18,2264.0,2266.0,128,2264.0,2268.0,2272.0,2264.0,8158.0,18502344.0,123184
2023-05-10 21:09:00,MA2306,MA2306,2265.0,0.0,0.0,0.0,18,2264.0,2266.0,129,2264.0,2268.0,2272.0,2264.0,8158.0,18502344.0,123184
2023-05-10 21:09:00,MA2306,MA2306,2265.0,0.0,0.0,0.0,18,2264.0,2266.0,127,2264.0,2268.0,2272.0,2264.0,8158.0,18502344.0,123184
2023-05-10 21:09:13,MA2306,MA2306,2264.0,1.0,2268.0,0.0,17,2263.0,2265.0,132,2264.0,2268.0,2272.0,2264.0,8159.0,18504612.0,123184
2023-05-10 21:09:13,MA2306,MA2306,2264.0,0.0,0.0,0.0,17,2263.0,2265.0,135,2264.0,2268.0,2272.0,2264.0,8159.0,18504612.0,123184
2023-05-10 21:09:15,MA2306,MA2306,2265.0,1.0,2268.0,0.0,17,2263.0,2265.0,134,2264.0,2268.0,2272.0,2264.0,8160.0,18506880.0,123184
2023-05-10 21:09:25,MA2306,MA2306,2265.0,0.0,0.0,0.0,18,2263.0,2265.0,139,2264.0,2268.0,2272.0,2264.0,8160.0,18506880.0,123184
2023-05-10 21:09:28,MA2306,MA2306,2265.0,0.0,0.0,0.0,18,2263.0,2265.0,136,2264.0,2268.0,2272.0,2264.0,8160.0,18506880.0,123184
2023-05-10 21:09:28,MA2306,MA2306,2265.0,0.0,0.0,0.0,18,2263.0,2265.0,135,2264.0,2268.0,2272.0,2264.0,8160.0,18506880.0,123184
2023-05-10 21:09:30,MA2306,MA2306,2265.0,0.0,0.0,0.0,18,2263.0,2265.0,139,2264.0,2268.0,2272.0,2264.0,8160.0,18506880.0,123184
2023-05-10 21:09:32,MA2306,MA2306,2265.0,0.0,0.0,0.0,18,2263.0,2265.0,130,2264.0,2268.0,2272.0,2264.0,8160.0,18506880.0,123184
2023-05-10 21:09:44,MA2306,MA2306,2265.0,0.0,0.0,0.0,18,2263.0,2265.0,132,2264.0,2268.0,2272.0,2264.0,8160.0,18506880.0,123184
2023-05-10 21:09:44,MA2306,MA2306,2265.0,0.0,0.0,0.0,18,2263.0,2265.0,130,2264.0,2268.0,2272.0,2264.0,8160.0,18506880.0,123184
2023-05-10 21:09:51,MA2306,MA2306,2265.0,0.0,0.0,0.0,118,2263.0,2265.0,130,2264.0,2268.0,2272.0,2264.0,8160.0,18506880.0,123184
2023-05-10 21:09:52,MA2306,MA2306,2265.0,0.0,0.0,0.0,118,2263.0,2265.0,135,2264.0,2268.0,2272.0,2264.0,8160.0,18506880.0,123184
2023-05-10 21:09:53,MA2306,MA2306,2265.0,0.0,0.0,0.0,118,2263.0,2265.0,138,2264.0,2268.0,2272.0,2264.0,8160.0,18506880.0,123184
2023-05-10 21:09:54,MA2306,MA2306,2265.0,0.0,0.0,0.0,118,2263.0,2265.0,136,2264.0,2268.0,2272.0,2264.0,8160.0,18506880.0,123184
2023-05-10 21:09:54,MA2306,MA2306,2265.0,0.0,0.0,0.0,118,2263.0,2265.0,135,2264.0,2268.0,2272.0,2264.0,8160.0,18506880.0,123184
2023-05-10 21:09:55,MA2306,MA2306,2265.0,0.0,0.0,0.0,118,2263.0,2265.0,139,2264.0,2268.0,2272.0,2264.0,8160.0,18506880.0,123184
2023-05-10 21:09:55,MA2306,MA2306,2265.0,0.0,0.0,0.0,101,2263.0,2264.0,122,2264.0,2268.0,2272.0,2264.0,8160.0,18506880.0,123184
2023-05-10 21:09:55,MA2306,MA2306,2265.0,0.0,0.0,0.0,101,2263.0,2264.0,125,2264.0,2268.0,2272.0,2264.0,8160.0,18506880.0,123184
2023-05-10 21:09:58,MA2306,MA2306,2263.0,101.0,229068.0,-100.0,16,2262.0,2263.0,36,2264.0,2268.0,2272.0,2263.0,8261.0,18735948.0,123084
2023-05-10 21:09:59,MA2306,MA2306,2263.0,0.0,0.0,0.0,32,2262.0,2263.0,3,2264.0,2268.0,2272.0,2263.0,8261.0,18735948.0,123084
2023-05-10 21:09:59,MA2306,MA2306,2263.0,0.0,0.0,0.0,32,2262.0,2264.0,49,2264.0,2268.0,2272.0,2263.0,8261.0,18735948.0,123084
2023-05-10 21:10:00,MA2306,MA2306,2263.0,0.0,0.0,0.0,15,2262.0,2263.0,36,2264.0,2268.0,2272.0,2263.0,8261.0,18735948.0,123084
2023-05-10 21:10:01,MA2306,MA2306,2262.0,1.0,2268.0,0.0,31,2262.0,2263.0,3,2264.0,2268.0,2272.0,2262.0,8262.0,18738216.0,123084
2023-05-10 21:10:01,MA2306,MA2306,2262.0,0.0,0.0,0.0,31,2262.0,2264.0,48,2264.0,2268.0,2272.0,2262.0,8262.0,18738216.0,123084
2023-05-10 21:10:01,MA2306,MA2306,2262.0,0.0,0.0,0.0,31,2262.0,2263.0,3,2264.0,2268.0,2272.0,2262.0,8262.0,18738216.0,123084
2023-05-10 21:10:01,MA2306,MA2306,2262.0,0.0,0.0,0.0,31,2262.0,2264.0,48,2264.0,2268.0,2272.0,2262.0,8262.0,18738216.0,123084
2023-05-10 21:10:04,MA2306,MA2306,2262.0,0.0,0.0,0.0,31,2262.0,2264.0,39,2264.0,2268.0,2272.0,2262.0,8262.0,18738216.0,123084
2023-05-10 21:10:05,MA2306,MA2306,2264.0,3.0,6804.0,-3.0,17,2263.0,2265.0,50,2264.0,2268.0,2272.0,2262.0,8265.0,18745020.0,123081
2023-05-10 21:10:05,MA2306,MA2306,2264.0,0.0,0.0,0.0,17,2263.0,2265.0,44,2264.0,2268.0,2272.0,2262.0,8265.0,18745020.0,123081
2023-05-10 21:10:06,MA2306,MA2306,2264.0,0.0,0.0,0.0,17,2263.0,2265.0,45,2264.0,2268.0,2272.0,2262.0,8265.0,18745020.0,123081
2023-05-10 21:10:06,MA2306,MA2306,2264.0,0.0,0.0,0.0,17,2263.0,2265.0,44,2264.0,2268.0,2272.0,2262.0,8265.0,18745020.0,123081
2023-05-10 21:10:09,MA2306,MA2306,2264.0,0.0,0.0,0.0,17,2263.0,2264.0,1,2264.0,2268.0,2272.0,2262.0,8265.0,18745020.0,123081
2023-05-10 21:10:09,MA2306,MA2306,2264.0,1.0,2268.0,0.0,17,2263.0,2265.0,44,2264.0,2268.0,2272.0,2262.0,8266.0,18747288.0,123081
2023-05-10 21:10:17,MA2306,MA2306,2264.0,0.0,0.0,0.0,17,2263.0,2264.0,5,2264.0,2268.0,2272.0,2262.0,8266.0,18747288.0,123081
2023-05-10 21:10:18,MA2306,MA2306,2263.0,1.0,2268.0,1.0,16,2263.0,2264.0,5,2264.0,2268.0,2272.0,2262.0,8267.0,18749556.0,123082
2023-05-10 21:10:21,MA2306,MA2306,2264.0,5.0,11340.0,0.0,11,2263.0,2265.0,39,2264.0,2268.0,2272.0,2262.0,8272.0,18760896.0,123082
2023-05-10 21:10:29,MA2306,MA2306,2263.0,4.0,9072.0,0.0,7,2263.0,2265.0,39,2264.0,2268.0,2272.0,2262.0,8276.0,18769968.0,123082
2023-05-10 21:10:32,MA2306,MA2306,2265.0,3.0,6804.0,-3.0,7,2264.0,2266.0,47,2264.0,2268.0,2272.0,2262.0,8279.0,18776772.0,123079
2023-05-10 21:10:32,MA2306,MA2306,2264.0,1.0,2268.0,0.0,6,2264.0,2266.0,50,2264.0,2268.0,2272.0,2262.0,8280.0,18779040.0,123079
2023-05-10 21:10:32,MA2306,MA2306,2264.0,0.0,0.0,0.0,6,2264.0,2266.0,41,2264.0,2268.0,2272.0,2262.0,8280.0,18779040.0,123079
2023-05-10 21:10:33,MA2306,MA2306,2264.0,1.0,2268.0,1.0,5,2264.0,2266.0,41,2264.0,2268.0,2272.0,2262.0,8281.0,18781308.0,123080
2023-05-10 21:10:34,MA2306,MA2306,2264.0,0.0,0.0,0.0,5,2264.0,2266.0,38,2264.0,2268.0,2272.0,2262.0,8281.0,18781308.0,123080
2023-05-10 21:10:34,MA2306,MA2306,2264.0,10.0,22680.0,0.0,97,2264.0,2266.0,36,2264.0,2268.0,2272.0,2262.0,8291.0,18803988.0,123080
2023-05-10 21:10:35,MA2306,MA2306,2264.0,0.0,0.0,0.0,98,2264.0,2266.0,38,2264.0,2268.0,2272.0,2262.0,8291.0,18803988.0,123080
2023-05-10 21:10:35,MA2306,MA2306,2266.0,23.0,52164.0,-23.0,7,2265.0,2267.0,29,2264.0,2268.0,2272.0,2262.0,8314.0,18856152.0,123057
2023-05-10 21:10:35,MA2306,MA2306,2266.0,0.0,0.0,0.0,98,2264.0,2266.0,15,2264.0,2268.0,2272.0,2262.0,8314.0,18856152.0,123057
2023-05-10 21:10:36,MA2306,MA2306,2264.0,1.0,2268.0,1.0,97,2264.0,2266.0,15,2264.0,2268.0,2272.0,2262.0,8315.0,18858420.0,123058
2023-05-10 21:10:39,MA2306,MA2306,2264.0,1.0,2268.0,0.0,96,2264.0,2266.0,15,2264.0,2268.0,2272.0,2262.0,8316.0,18860688.0,123058
2023-05-10 21:10:42,MA2306,MA2306,2264.0,5.0,11340.0,5.0,91,2264.0,2266.0,15,2264.0,2268.0,2272.0,2262.0,8321.0,18872028.0,123063
2023-05-10 21:10:44,MA2306,MA2306,2264.0,1.0,2268.0,1.0,90,2264.0,2266.0,15,2264.0,2268.0,2272.0,2262.0,8322.0,18874296.0,123064
2023-05-10 21:10:45,MA2306,MA2306,2264.0,0.0,0.0,0.0,90,2264.0,2266.0,18,2264.0,2268.0,2272.0,2262.0,8322.0,18874296.0,123064
2023-05-10 21:10:46,MA2306,MA2306,2264.0,0.0,0.0,0.0,90,2264.0,2266.0,22,2264.0,2268.0,2272.0,2262.0,8322.0,18874296.0,123064
2023-05-10 21:10:46,MA2306,MA2306,2264.0,0.0,0.0,0.0,90,2264.0,2266.0,19,2264.0,2268.0,2272.0,2262.0,8322.0,18874296.0,123064
2023-05-10 21:10:47,MA2306,MA2306,2264.0,0.0,0.0,0.0,90,2264.0,2266.0,18,2264.0,2268.0,2272.0,2262.0,8322.0,18874296.0,123064
2023-05-10 21:10:47,MA2306,MA2306,2264.0,1.0,2268.0,1.0,88,2264.0,2266.0,19,2264.0,2268.0,2272.0,2262.0,8323.0,18876564.0,123065
2023-05-10 21:10:48,MA2306,MA2306,2264.0,0.0,0.0,0.0,89,2264.0,2266.0,18,2264.0,2268.0,2272.0,2262.0,8323.0,18876564.0,123065
2023-05-10 21:10:50,MA2306,MA2306,2264.0,7.0,15876.0,2.0,86,2264.0,2266.0,16,2264.0,2268.0,2272.0,2262.0,8330.0,18892440.0,123067
2023-05-10 21:10:50,MA2306,MA2306,2264.0,0.0,0.0,0.0,86,2264.0,2266.0,18,2264.0,2268.0,2272.0,2262.0,8330.0,18892440.0,123067
2023-05-10 21:10:51,MA2306,MA2306,2264.0,0.0,0.0,0.0,87,2264.0,2266.0,18,2264.0,2268.0,2272.0,2262.0,8330.0,18892440.0,123067
2023-05-10 21:10:54,MA2306,MA2306,2264.0,0.0,0.0,0.0,86,2263.0,2265.0,15,2264.0,2268.0,2272.0,2262.0,8330.0,18892440.0,123067
2023-05-10 21:10:55,MA2306,MA2306,2263.0,1.0,2268.0,1.0,85,2263.0,2265.0,15,2264.0,2268.0,2272.0,2262.0,8331.0,18894708.0,123068
2023-05-10 21:10:56,MA2306,MA2306,2263.0,1.0,2268.0,1.0,84,2263.0,2265.0,15,2264.0,2268.0,2272.0,2262.0,8332.0,18896976.0,123069
2023-05-10 21:10:57,MA2306,MA2306,2263.0,1.0,2268.0,1.0,83,2263.0,2265.0,15,2264.0,2268.0,2272.0,2262.0,8333.0,18899244.0,123070
2023-05-10 21:11:00,MA2306,MA2306,2263.0,0.0,0.0,0.0,83,2264.0,2266.0,25,2264.0,2268.0,2272.0,2262.0,8333.0,18899244.0,123070
2023-05-10 21:11:00,MA2306,MA2306,2263.0,0.0,0.0,0.0,84,2264.0,2266.0,27,2264.0,2268.0,2272.0,2262.0,8333.0,18899244.0,123070
2023-05-10 21:11:00,MA2306,MA2306,2263.0,0.0,0.0,0.0,84,2264.0,2266.0,24,2264.0,2268.0,2272.0,2262.0,8333.0,18899244.0,123070
2023-05-10 21:11:02,MA2306,MA2306,2263.0,0.0,0.0,0.0,84,2264.0,2266.0,18,2264.0,2268.0,2272.0,2262.0,8333.0,18899244.0,123070
2023-05-10 21:11:04,MA2306,MA2306,2263.0,0.0,0.0,0.0,83,2265.0,2267.0,26,2264.0,2268.0,2272.0,2262.0,8333.0,18899244.0,123070
2023-05-10 21:11:04,MA2306,MA2306,2263.0,0.0,0.0,0.0,83,2265.0,2267.0,20,2264.0,2268.0,2272.0,2262.0,8333.0,18899244.0,123070
2023-05-10 21:11:12,MA2306,MA2306,2263.0,0.0,0.0,0.0,83,2265.0,2267.0,23,2264.0,2268.0,2272.0,2262.0,8333.0,18899244.0,123070
2023-05-10 21:11:12,MA2306,MA2306,2263.0,0.0,0.0,0.0,84,2264.0,2266.0,15,2264.0,2268.0,2272.0,2262.0,8333.0,18899244.0,123070
2023-05-10 21:11:13,MA2306,MA2306,2263.0,0.0,0.0,0.0,83,2264.0,2266.0,15,2264.0,2268.0,2272.0,2262.0,8333.0,18899244.0,123070
2023-05-10 21:11:13,MA2306,MA2306,2263.0,0.0,0.0,0.0,83,2264.0,2266.0,18,2264.0,2268.0,2272.0,2262.0,8333.0,18899244.0,123070
2023-05-10 21:11:14,MA2306,MA2306,2264.0,1.0,2268.0,1.0,82,2264.0,2266.0,18,2264.0,2268.0,2272.0,2262.0,8334.0,18901512.0,123071
2023-05-10 21:11:17,MA2306,MA2306,2264.0,1.0,2268.0,1.0,82,2264.0,2266.0,15,2264.0,2268.0,2272.0,2262.0,8335.0,18903780.0,123072
2023-05-10 21:11:18,MA2306,MA2306,2264.0,0.0,0.0,0.0,82,2264.0,2266.0,18,2264.0,2268.0,2272.0,2262.0,8335.0,18903780.0,123072
2023-05-10 21:11:23,MA2306,MA2306,2264.0,1.0,2268.0,1.0,81,2264.0,2266.0,18,2264.0,2268.0,2272.0,2262.0,8336.0,18906048.0,123073
2023-05-10 21:11:23,MA2306,MA2306,2264.0,0.0,0.0,0.0,81,2264.0,2266.0,15,2264.0,2268.0,2272.0,2262.0,8336.0,18906048.0,123073
2023-05-10 21:11:25,MA2306,MA2306,2264.0,1.0,2268.0,1.0,80,2264.0,2266.0,15,2264.0,2268.0,2272.0,2262.0,8337.0,18908316.0,123074
2023-05-10 21:11:27,MA2306,MA2306,2264.0,0.0,0.0,0.0,80,2264.0,2266.0,18,2264.0,2268.0,2272.0,2262.0,8337.0,18908316.0,123074
2023-05-10 21:11:29,MA2306,MA2306,2264.0,1.0,2268.0,1.0,79,2264.0,2266.0,18,2264.0,2268.0,2272.0,2262.0,8338.0,18910584.0,123075
2023-05-10 21:11:34,MA2306,MA2306,2264.0,0.0,0.0,0.0,40,2265.0,2266.0,18,2264.0,2268.0,2272.0,2262.0,8338.0,18910584.0,123075
2023-05-10 21:11:37,MA2306,MA2306,2265.0,2.0,4536.0,0.0,38,2265.0,2266.0,16,2264.0,2268.0,2272.0,2262.0,8340.0,18915120.0,123075
2023-05-10 21:11:38,MA2306,MA2306,2265.0,38.0,86184.0,0.0,79,2264.0,2266.0,18,2264.0,2268.0,2272.0,2262.0,8378.0,19001304.0,123075
2023-05-10 21:11:41,MA2306,MA2306,2265.0,0.0,0.0,0.0,78,2263.0,2265.0,15,2264.0,2268.0,2272.0,2262.0,8378.0,19001304.0,123075
2023-05-10 21:11:42,MA2306,MA2306,2265.0,0.0,0.0,0.0,78,2264.0,2266.0,25,2264.0,2268.0,2272.0,2262.0,8378.0,19001304.0,123075
2023-05-10 21:11:42,MA2306,MA2306,2265.0,0.0,0.0,0.0,79,2264.0,2266.0,27,2264.0,2268.0,2272.0,2262.0,8378.0,19001304.0,123075
2023-05-10 21:11:42,MA2306,MA2306,2265.0,0.0,0.0,0.0,79,2264.0,2266.0,21,2264.0,2268.0,2272.0,2262.0,8378.0,19001304.0,123075
2023-05-10 21:11:44,MA2306,MA2306,2264.0,1.0,2268.0,1.0,78,2264.0,2266.0,22,2264.0,2268.0,2272.0,2262.0,8379.0,19003572.0,123076
2023-05-10 21:11:45,MA2306,MA2306,2264.0,0.0,0.0,0.0,78,2264.0,2266.0,20,2264.0,2268.0,2272.0,2262.0,8379.0,19003572.0,123076
2023-05-10 21:11:45,MA2306,MA2306,2264.0,0.0,0.0,0.0,78,2264.0,2266.0,21,2264.0,2268.0,2272.0,2262.0,8379.0,19003572.0,123076
2023-05-10 21:11:47,MA2306,MA2306,2264.0,0.0,0.0,0.0,78,2264.0,2266.0,18,2264.0,2268.0,2272.0,2262.0,8379.0,19003572.0,123076
2023-05-10 21:11:48,MA2306,MA2306,2264.0,1.0,2268.0,1.0,77,2264.0,2266.0,18,2264.0,2268.0,2272.0,2262.0,8380.0,19005840.0,123077
2023-05-10 21:11:51,MA2306,MA2306,2264.0,1.0,2268.0,1.0,76,2264.0,2266.0,18,2264.0,2268.0,2272.0,2262.0,8381.0,19008108.0,123078
2023-05-10 21:11:54,MA2306,MA2306,2264.0,0.0,0.0,0.0,75,2263.0,2265.0,24,2264.0,2268.0,2272.0,2262.0,8381.0,19008108.0,123078
2023-05-10 21:11:54,MA2306,MA2306,2264.0,0.0,0.0,0.0,75,2263.0,2265.0,27,2264.0,2268.0,2272.0,2262.0,8381.0,19008108.0,123078
2023-05-10 21:11:55,MA2306,MA2306,2263.0,1.0,2268.0,1.0,74,2263.0,2265.0,27,2264.0,2268.0,2272.0,2262.0,8382.0,19010376.0,123079
2023-05-10 21:12:07,MA2306,MA2306,2263.0,1.0,2268.0,1.0,73,2263.0,2265.0,27,2264.0,2268.0,2272.0,2262.0,8383.0,19012644.0,123080
2023-05-10 21:12:10,MA2306,MA2306,2263.0,0.0,0.0,0.0,73,2263.0,2265.0,18,2264.0,2268.0,2272.0,2262.0,8383.0,19012644.0,123080
2023-05-10 21:12:11,MA2306,MA2306,2265.0,9.0,20412.0,-9.0,73,2264.0,2265.0,3,2264.0,2268.0,2272.0,2262.0,8392.0,19033056.0,123071
2023-05-10 21:12:12,MA2306,MA2306,2265.0,3.0,6804.0,-3.0,73,2264.0,2266.0,18,2264.0,2268.0,2272.0,2262.0,8395.0,19039860.0,123068
2023-05-10 21:12:12,MA2306,MA2306,2265.0,0.0,0.0,0.0,76,2263.0,2265.0,6,2264.0,2268.0,2272.0,2262.0,8395.0,19039860.0,123068
2023-05-10 21:12:12,MA2306,MA2306,2265.0,0.0,0.0,0.0,76,2263.0,2265.0,9,2264.0,2268.0,2272.0,2262.0,8395.0,19039860.0,123068
2023-05-10 21:12:18,MA2306,MA2306,2263.0,1.0,2268.0,1.0,75,2263.0,2265.0,9,2264.0,2268.0,2272.0,2262.0,8396.0,19042128.0,123069
2023-05-10 21:12:19,MA2306,MA2306,2263.0,0.0,0.0,0.0,76,2263.0,2265.0,9,2264.0,2268.0,2272.0,2262.0,8396.0,19042128.0,123069
2023-05-10 21:12:23,MA2306,MA2306,2263.0,1.0,2268.0,1.0,75,2263.0,2265.0,9,2264.0,2268.0,2272.0,2262.0,8397.0,19044396.0,123070
2023-05-10 21:12:27,MA2306,MA2306,2263.0,0.0,0.0,0.0,1,2263.0,2264.0,6,2264.0,2268.0,2272.0,2262.0,8397.0,19044396.0,123070
2023-05-10 21:12:28,MA2306,MA2306,2263.0,0.0,0.0,0.0,1,2263.0,2264.0,9,2264.0,2268.0,2272.0,2262.0,8397.0,19044396.0,123070
2023-05-10 21:12:28,MA2306,MA2306,2263.0,1.0,2268.0,0.0,84,2262.0,2264.0,17,2264.0,2268.0,2272.0,2262.0,8398.0,19046664.0,123070
2023-05-10 21:12:28,MA2306,MA2306,2263.0,0.0,0.0,0.0,83,2262.0,2264.0,17,2264.0,2268.0,2272.0,2262.0,8398.0,19046664.0,123070
2023-05-10 21:12:29,MA2306,MA2306,2263.0,0.0,0.0,0.0,9,2262.0,2263.0,5,2264.0,2268.0,2272.0,2262.0,8398.0,19046664.0,123070
2023-05-10 21:12:30,MA2306,MA2306,2263.0,0.0,0.0,0.0,80,2262.0,2264.0,17,2264.0,2268.0,2272.0,2262.0,8398.0,19046664.0,123070
2023-05-10 21:12:30,MA2306,MA2306,2263.0,0.0,0.0,0.0,81,2262.0,2264.0,17,2264.0,2268.0,2272.0,2262.0,8398.0,19046664.0,123070
2023-05-10 21:12:30,MA2306,MA2306,2263.0,0.0,0.0,0.0,84,2262.0,2264.0,17,2264.0,2268.0,2272.0,2262.0,8398.0,19046664.0,123070
2023-05-10 21:12:32,MA2306,MA2306,2263.0,0.0,0.0,0.0,84,2262.0,2264.0,8,2264.0,2268.0,2272.0,2262.0,8398.0,19046664.0,123070
2023-05-10 21:12:38,MA2306,MA2306,2263.0,0.0,0.0,0.0,84,2262.0,2264.0,9,2264.0,2268.0,2272.0,2262.0,8398.0,19046664.0,123070
2023-05-10 21:12:38,MA2306,MA2306,2263.0,0.0,0.0,0.0,84,2262.0,2264.0,8,2264.0,2268.0,2272.0,2262.0,8398.0,19046664.0,123070
2023-05-10 21:12:40,MA2306,MA2306,2263.0,0.0,0.0,0.0,84,2262.0,2264.0,9,2264.0,2268.0,2272.0,2262.0,8398.0,19046664.0,123070
2023-05-10 21:12:41,MA2306,MA2306,2263.0,0.0,0.0,0.0,84,2262.0,2264.0,8,2264.0,2268.0,2272.0,2262.0,8398.0,19046664.0,123070
2023-05-10 21:12:43,MA2306,MA2306,2263.0,0.0,0.0,0.0,84,2262.0,2264.0,14,2264.0,2268.0,2272.0,2262.0,8398.0,19046664.0,123070
2023-05-10 21:12:44,MA2306,MA2306,2263.0,0.0,0.0,0.0,84,2262.0,2264.0,8,2264.0,2268.0,2272.0,2262.0,8398.0,19046664.0,123070
2023-05-10 21:12:44,MA2306,MA2306,2262.0,1.0,2268.0,0.0,83,2262.0,2264.0,8,2264.0,2268.0,2272.0,2262.0,8399.0,19048932.0,123070
2023-05-10 21:12:45,MA2306,MA2306,2262.0,0.0,0.0,0.0,79,2262.0,2264.0,12,2264.0,2268.0,2272.0,2262.0,8399.0,19048932.0,123070
2023-05-10 21:12:45,MA2306,MA2306,2262.0,0.0,0.0,0.0,79,2262.0,2264.0,17,2264.0,2268.0,2272.0,2262.0,8399.0,19048932.0,123070
2023-05-10 21:12:46,MA2306,MA2306,2262.0,0.0,0.0,0.0,79,2262.0,2264.0,11,2264.0,2268.0,2272.0,2262.0,8399.0,19048932.0,123070
2023-05-10 21:12:46,MA2306,MA2306,2262.0,0.0,0.0,0.0,79,2262.0,2264.0,17,2264.0,2268.0,2272.0,2262.0,8399.0,19048932.0,123070
2023-05-10 21:12:48,MA2306,MA2306,2262.0,1.0,2268.0,0.0,79,2262.0,2264.0,17,2264.0,2268.0,2272.0,2262.0,8400.0,19051200.0,123070
2023-05-10 21:12:49,MA2306,MA2306,2262.0,0.0,0.0,0.0,79,2262.0,2264.0,12,2264.0,2268.0,2272.0,2262.0,8400.0,19051200.0,123070
2023-05-10 21:12:49,MA2306,MA2306,2262.0,0.0,0.0,0.0,79,2262.0,2264.0,17,2264.0,2268.0,2272.0,2262.0,8400.0,19051200.0,123070
2023-05-10 21:12:51,MA2306,MA2306,2262.0,0.0,0.0,0.0,82,2262.0,2264.0,8,2264.0,2268.0,2272.0,2262.0,8400.0,19051200.0,123070
2023-05-10 21:12:52,MA2306,MA2306,2262.0,1.0,2268.0,0.0,81,2262.0,2264.0,8,2264.0,2268.0,2272.0,2262.0,8401.0,19053468.0,123070
2023-05-10 21:12:53,MA2306,MA2306,2262.0,1.0,2268.0,0.0,80,2262.0,2264.0,8,2264.0,2268.0,2272.0,2262.0,8402.0,19055736.0,123070
2023-05-10 21:12:54,MA2306,MA2306,2262.0,1.0,2268.0,0.0,79,2262.0,2264.0,8,2264.0,2268.0,2272.0,2262.0,8403.0,19058004.0,123070
2023-05-10 21:12:55,MA2306,MA2306,2262.0,1.0,2268.0,0.0,78,2262.0,2264.0,8,2264.0,2268.0,2272.0,2262.0,8404.0,19060272.0,123070
2023-05-10 21:12:55,MA2306,MA2306,2262.0,1.0,2268.0,0.0,77,2262.0,2264.0,8,2264.0,2268.0,2272.0,2262.0,8405.0,19062540.0,123070
2023-05-10 21:12:57,MA2306,MA2306,2262.0,0.0,0.0,0.0,77,2262.0,2264.0,14,2264.0,2268.0,2272.0,2262.0,8405.0,19062540.0,123070
2023-05-10 21:12:57,MA2306,MA2306,2262.0,0.0,0.0,0.0,77,2262.0,2264.0,8,2264.0,2268.0,2272.0,2262.0,8405.0,19062540.0,123070
2023-05-10 21:12:59,MA2306,MA2306,2262.0,1.0,2268.0,-1.0,76,2262.0,2264.0,10,2264.0,2268.0,2272.0,2262.0,8406.0,19064808.0,123069
2023-05-10 21:12:59,MA2306,MA2306,2262.0,0.0,0.0,0.0,76,2262.0,2264.0,8,2264.0,2268.0,2272.0,2262.0,8406.0,19064808.0,123069
2023-05-10 21:13:00,MA2306,MA2306,2262.0,0.0,0.0,0.0,5,2262.0,2263.0,5,2264.0,2268.0,2272.0,2262.0,8406.0,19064808.0,123069
2023-05-10 21:13:00,MA2306,MA2306,2262.0,0.0,0.0,0.0,1,2262.0,2263.0,5,2264.0,2268.0,2272.0,2262.0,8406.0,19064808.0,123069
2023-05-10 21:13:02,MA2306,MA2306,2263.0,5.0,11340.0,-5.0,72,2262.0,2264.0,63,2264.0,2268.0,2272.0,2262.0,8411.0,19076148.0,123064
2023-05-10 21:13:03,MA2306,MA2306,2263.0,0.0,0.0,0.0,76,2262.0,2264.0,53,2264.0,2268.0,2272.0,2262.0,8411.0,19076148.0,123064
2023-05-10 21:13:05,MA2306,MA2306,2263.0,0.0,0.0,0.0,76,2262.0,2264.0,55,2264.0,2268.0,2272.0,2262.0,8411.0,19076148.0,123064
2023-05-10 21:13:05,MA2306,MA2306,2263.0,0.0,0.0,0.0,76,2262.0,2264.0,54,2264.0,2268.0,2272.0,2262.0,8411.0,19076148.0,123064
2023-05-10 21:13:07,MA2306,MA2306,2262.0,1.0,2268.0,0.0,75,2262.0,2264.0,54,2264.0,2268.0,2272.0,2262.0,8412.0,19078416.0,123064
2023-05-10 21:13:12,MA2306,MA2306,2262.0,0.0,0.0,0.0,74,2262.0,2264.0,59,2264.0,2268.0,2272.0,2262.0,8412.0,19078416.0,123064
2023-05-10 21:13:13,MA2306,MA2306,2262.0,0.0,0.0,0.0,74,2262.0,2264.0,60,2264.0,2268.0,2272.0,2262.0,8412.0,19078416.0,123064
2023-05-10 21:13:13,MA2306,MA2306,2262.0,0.0,0.0,0.0,71,2262.0,2264.0,60,2264.0,2268.0,2272.0,2262.0,8412.0,19078416.0,123064
2023-05-10 21:13:14,MA2306,MA2306,2262.0,0.0,0.0,0.0,71,2262.0,2264.0,55,2264.0,2268.0,2272.0,2262.0,8412.0,19078416.0,123064
2023-05-10 21:13:15,MA2306,MA2306,2262.0,1.0,2268.0,1.0,70,2262.0,2264.0,56,2264.0,2268.0,2272.0,2262.0,8413.0,19080684.0,123065
2023-05-10 21:13:15,MA2306,MA2306,2262.0,0.0,0.0,0.0,73,2262.0,2264.0,55,2264.0,2268.0,2272.0,2262.0,8413.0,19080684.0,123065
2023-05-10 21:13:16,MA2306,MA2306,2262.0,0.0,0.0,0.0,70,2262.0,2264.0,55,2264.0,2268.0,2272.0,2262.0,8413.0,19080684.0,123065
2023-05-10 21:13:18,MA2306,MA2306,2262.0,0.0,0.0,0.0,73,2262.0,2264.0,55,2264.0,2268.0,2272.0,2262.0,8413.0,19080684.0,123065
2023-05-10 21:13:18,MA2306,MA2306,2262.0,1.0,2268.0,1.0,72,2262.0,2264.0,55,2264.0,2268.0,2272.0,2262.0,8414.0,19082952.0,123066
2023-05-10 21:13:19,MA2306,MA2306,2262.0,0.0,0.0,0.0,73,2262.0,2264.0,55,2264.0,2268.0,2272.0,2262.0,8414.0,19082952.0,123066
2023-05-10 21:13:19,MA2306,MA2306,2262.0,0.0,0.0,0.0,75,2261.0,2263.0,50,2264.0,2268.0,2272.0,2262.0,8414.0,19082952.0,123066
2023-05-10 21:13:21,MA2306,MA2306,2262.0,0.0,0.0,0.0,75,2261.0,2263.0,59,2264.0,2268.0,2272.0,2262.0,8414.0,19082952.0,123066
2023-05-10 21:13:21,MA2306,MA2306,2262.0,0.0,0.0,0.0,75,2261.0,2263.0,53,2264.0,2268.0,2272.0,2262.0,8414.0,19082952.0,123066
2023-05-10 21:13:28,MA2306,MA2306,2261.0,1.0,2268.0,1.0,74,2261.0,2263.0,53,2264.0,2268.0,2272.0,2261.0,8415.0,19085220.0,123067
2023-05-10 21:13:35,MA2306,MA2306,2261.0,0.0,0.0,0.0,6,2261.0,2262.0,50,2264.0,2268.0,2272.0,2261.0,8415.0,19085220.0,123067
2023-05-10 21:13:35,MA2306,MA2306,2261.0,0.0,0.0,0.0,3,2261.0,2262.0,63,2264.0,2268.0,2272.0,2261.0,8415.0,19085220.0,123067
2023-05-10 21:13:36,MA2306,MA2306,2261.0,3.0,6804.0,-2.0,69,2260.0,2262.0,51,2264.0,2268.0,2272.0,2261.0,8418.0,19092024.0,123065
2023-05-10 21:13:41,MA2306,MA2306,2261.0,0.0,0.0,0.0,69,2260.0,2262.0,57,2264.0,2268.0,2272.0,2261.0,8418.0,19092024.0,123065
2023-05-10 21:13:41,MA2306,MA2306,2261.0,0.0,0.0,0.0,69,2260.0,2262.0,52,2264.0,2268.0,2272.0,2261.0,8418.0,19092024.0,123065
2023-05-10 21:13:41,MA2306,MA2306,2261.0,0.0,0.0,0.0,69,2260.0,2262.0,51,2264.0,2268.0,2272.0,2261.0,8418.0,19092024.0,123065
2023-05-10 21:13:42,MA2306,MA2306,2261.0,0.0,0.0,0.0,70,2260.0,2262.0,50,2264.0,2268.0,2272.0,2261.0,8418.0,19092024.0,123065
2023-05-10 21:13:43,MA2306,MA2306,2261.0,0.0,0.0,0.0,69,2260.0,2262.0,50,2264.0,2268.0,2272.0,2261.0,8418.0,19092024.0,123065
2023-05-10 21:13:45,MA2306,MA2306,2260.0,1.0,2268.0,1.0,68,2260.0,2262.0,50,2264.0,2268.0,2272.0,2260.0,8419.0,19094292.0,123066
2023-05-10 21:13:46,MA2306,MA2306,2260.0,0.0,0.0,0.0,1,2260.0,2261.0,47,2264.0,2268.0,2272.0,2260.0,8419.0,19094292.0,123066
2023-05-10 21:13:47,MA2306,MA2306,2260.0,0.0,0.0,0.0,68,2260.0,2262.0,57,2264.0,2268.0,2272.0,2260.0,8419.0,19094292.0,123066
2023-05-10 21:13:47,MA2306,MA2306,2260.0,0.0,0.0,0.0,68,2260.0,2262.0,60,2264.0,2268.0,2272.0,2260.0,8419.0,19094292.0,123066
2023-05-10 21:13:48,MA2306,MA2306,2260.0,0.0,0.0,0.0,69,2260.0,2262.0,60,2264.0,2268.0,2272.0,2260.0,8419.0,19094292.0,123066
2023-05-10 21:13:48,MA2306,MA2306,2260.0,2.0,4536.0,2.0,66,2260.0,2262.0,60,2264.0,2268.0,2272.0,2260.0,8421.0,19098828.0,123068
2023-05-10 21:13:50,MA2306,MA2306,2260.0,0.0,0.0,0.0,1,2260.0,2261.0,23,2264.0,2268.0,2272.0,2260.0,8421.0,19098828.0,123068
2023-05-10 21:13:50,MA2306,MA2306,2260.0,0.0,0.0,0.0,66,2260.0,2262.0,60,2264.0,2268.0,2272.0,2260.0,8421.0,19098828.0,123068
2023-05-10 21:13:50,MA2306,MA2306,2260.0,0.0,0.0,0.0,66,2260.0,2262.0,52,2264.0,2268.0,2272.0,2260.0,8421.0,19098828.0,123068
2023-05-10 21:13:51,MA2306,MA2306,2260.0,0.0,0.0,0.0,66,2260.0,2262.0,51,2264.0,2268.0,2272.0,2260.0,8421.0,19098828.0,123068
2023-05-10 21:13:53,MA2306,MA2306,2260.0,0.0,0.0,0.0,46,2260.0,2262.0,51,2264.0,2268.0,2272.0,2260.0,8421.0,19098828.0,123068
2023-05-10 21:13:53,MA2306,MA2306,2260.0,0.0,0.0,0.0,66,2260.0,2262.0,51,2264.0,2268.0,2272.0,2260.0,8421.0,19098828.0,123068
2023-05-10 21:13:54,MA2306,MA2306,2260.0,1.0,2268.0,1.0,65,2260.0,2262.0,51,2264.0,2268.0,2272.0,2260.0,8422.0,19101096.0,123069
2023-05-10 21:13:55,MA2306,MA2306,2260.0,0.0,0.0,0.0,4,2260.0,2262.0,51,2264.0,2268.0,2272.0,2260.0,8422.0,19101096.0,123069
2023-05-10 21:13:55,MA2306,MA2306,2260.0,0.0,0.0,0.0,67,2259.0,2261.0,47,2264.0,2268.0,2272.0,2260.0,8422.0,19101096.0,123069
2023-05-10 21:13:56,MA2306,MA2306,2259.0,1.0,2268.0,1.0,66,2259.0,2261.0,47,2264.0,2268.0,2272.0,2259.0,8423.0,19103364.0,123070
2023-05-10 21:13:58,MA2306,MA2306,2259.0,0.0,0.0,0.0,66,2259.0,2261.0,50,2264.0,2268.0,2272.0,2259.0,8423.0,19103364.0,123070
2023-05-10 21:13:58,MA2306,MA2306,2259.0,1.0,2268.0,1.0,65,2259.0,2261.0,50,2264.0,2268.0,2272.0,2259.0,8424.0,19105632.0,123071
2023-05-10 21:14:00,MA2306,MA2306,2259.0,0.0,0.0,0.0,65,2259.0,2261.0,52,2264.0,2268.0,2272.0,2259.0,8424.0,19105632.0,123071
2023-05-10 21:14:00,MA2306,MA2306,2259.0,0.0,0.0,0.0,65,2259.0,2261.0,50,2264.0,2268.0,2272.0,2259.0,8424.0,19105632.0,123071
2023-05-10 21:14:01,MA2306,MA2306,2259.0,0.0,0.0,0.0,65,2259.0,2261.0,47,2264.0,2268.0,2272.0,2259.0,8424.0,19105632.0,123071
2023-05-10 21:14:02,MA2306,MA2306,2259.0,0.0,0.0,0.0,62,2260.0,2262.0,60,2264.0,2268.0,2272.0,2259.0,8424.0,19105632.0,123071
2023-05-10 21:14:03,MA2306,MA2306,2259.0,0.0,0.0,0.0,66,2260.0,2262.0,50,2264.0,2268.0,2272.0,2259.0,8424.0,19105632.0,123071
2023-05-10 21:14:05,MA2306,MA2306,2259.0,0.0,0.0,0.0,65,2260.0,2262.0,50,2264.0,2268.0,2272.0,2259.0,8424.0,19105632.0,123071
2023-05-10 21:14:06,MA2306,MA2306,2260.0,2.0,4536.0,0.0,63,2260.0,2262.0,50,2264.0,2268.0,2272.0,2259.0,8426.0,19110168.0,123071
2023-05-10 21:14:09,MA2306,MA2306,2262.0,50.0,113400.0,-50.0,60,2261.0,2262.0,4,2264.0,2268.0,2272.0,2259.0,8476.0,19223568.0,123021
2023-05-10 21:14:09,MA2306,MA2306,2262.0,1.0,2268.0,1.0,63,2261.0,2263.0,24,2264.0,2268.0,2272.0,2259.0,8477.0,19225836.0,123022
2023-05-10 21:14:14,MA2306,MA2306,2261.0,1.0,2268.0,1.0,62,2261.0,2263.0,24,2264.0,2268.0,2272.0,2259.0,8478.0,19228104.0,123023
2023-05-10 21:14:15,MA2306,MA2306,2261.0,1.0,2268.0,1.0,61,2261.0,2263.0,24,2264.0,2268.0,2272.0,2259.0,8479.0,19230372.0,123024
2023-05-10 21:14:16,MA2306,MA2306,2261.0,0.0,0.0,0.0,3,2261.0,2262.0,17,2264.0,2268.0,2272.0,2259.0,8479.0,19230372.0,123024
2023-05-10 21:14:16,MA2306,MA2306,2261.0,0.0,0.0,0.0,64,2260.0,2262.0,17,2264.0,2268.0,2272.0,2259.0,8479.0,19230372.0,123024
2023-05-10 21:14:17,MA2306,MA2306,2261.0,0.0,0.0,0.0,58,2261.0,2263.0,33,2264.0,2268.0,2272.0,2259.0,8479.0,19230372.0,123024
2023-05-10 21:14:17,MA2306,MA2306,2261.0,0.0,0.0,0.0,58,2261.0,2263.0,29,2264.0,2268.0,2272.0,2259.0,8479.0,19230372.0,123024
2023-05-10 21:14:18,MA2306,MA2306,2261.0,0.0,0.0,0.0,61,2261.0,2263.0,27,2264.0,2268.0,2272.0,2259.0,8479.0,19230372.0,123024
2023-05-10 21:14:18,MA2306,MA2306,2261.0,0.0,0.0,0.0,61,2261.0,2263.0,24,2264.0,2268.0,2272.0,2259.0,8479.0,19230372.0,123024
2023-05-10 21:14:19,MA2306,MA2306,2261.0,1.0,2268.0,1.0,60,2261.0,2263.0,24,2264.0,2268.0,2272.0,2259.0,8480.0,19232640.0,123025
2023-05-10 21:14:20,MA2306,MA2306,2261.0,0.0,0.0,0.0,60,2261.0,2263.0,29,2264.0,2268.0,2272.0,2259.0,8480.0,19232640.0,123025
2023-05-10 21:14:21,MA2306,MA2306,2261.0,0.0,0.0,0.0,63,2260.0,2262.0,17,2264.0,2268.0,2272.0,2259.0,8480.0,19232640.0,123025
2023-05-10 21:14:23,MA2306,MA2306,2261.0,0.0,0.0,0.0,63,2260.0,2262.0,20,2264.0,2268.0,2272.0,2259.0,8480.0,19232640.0,123025
2023-05-10 21:14:24,MA2306,MA2306,2261.0,0.0,0.0,0.0,64,2260.0,2262.0,21,2264.0,2268.0,2272.0,2259.0,8480.0,19232640.0,123025
2023-05-10 21:14:24,MA2306,MA2306,2261.0,0.0,0.0,0.0,64,2260.0,2262.0,20,2264.0,2268.0,2272.0,2259.0,8480.0,19232640.0,123025
2023-05-10 21:14:26,MA2306,MA2306,2260.0,1.0,2268.0,1.0,63,2260.0,2262.0,20,2264.0,2268.0,2272.0,2259.0,8481.0,19234908.0,123026
2023-05-10 21:14:26,MA2306,MA2306,2262.0,1.0,2268.0,0.0,63,2260.0,2262.0,19,2264.0,2268.0,2272.0,2259.0,8482.0,19237176.0,123026
2023-05-10 21:14:31,MA2306,MA2306,2262.0,0.0,0.0,0.0,63,2260.0,2262.0,39,2264.0,2268.0,2272.0,2259.0,8482.0,19237176.0,123026
2023-05-10 21:14:34,MA2306,MA2306,2262.0,0.0,0.0,0.0,63,2260.0,2262.0,36,2264.0,2268.0,2272.0,2259.0,8482.0,19237176.0,123026
2023-05-10 21:14:35,MA2306,MA2306,2262.0,0.0,0.0,0.0,63,2260.0,2262.0,39,2264.0,2268.0,2272.0,2259.0,8482.0,19237176.0,123026
2023-05-10 21:14:38,MA2306,MA2306,2260.0,1.0,2268.0,1.0,62,2260.0,2262.0,39,2264.0,2268.0,2272.0,2259.0,8483.0,19239444.0,123027
2023-05-10 21:14:38,MA2306,MA2306,2260.0,1.0,2268.0,1.0,61,2260.0,2262.0,39,2264.0,2268.0,2272.0,2259.0,8484.0,19241712.0,123028
2023-05-10 21:14:39,MA2306,MA2306,2260.0,0.0,0.0,0.0,60,2260.0,2262.0,39,2264.0,2268.0,2272.0,2259.0,8484.0,19241712.0,123028
2023-05-10 21:14:39,MA2306,MA2306,2260.0,2.0,4536.0,2.0,58,2260.0,2262.0,39,2264.0,2268.0,2272.0,2259.0,8486.0,19246248.0,123030
2023-05-10 21:14:40,MA2306,MA2306,2260.0,1.0,2268.0,1.0,58,2260.0,2262.0,39,2264.0,2268.0,2272.0,2259.0,8487.0,19248516.0,123031
2023-05-10 21:14:43,MA2306,MA2306,2260.0,0.0,0.0,0.0,57,2260.0,2262.0,39,2264.0,2268.0,2272.0,2259.0,8487.0,19248516.0,123031
2023-05-10 21:14:45,MA2306,MA2306,2260.0,0.0,0.0,0.0,57,2260.0,2262.0,36,2264.0,2268.0,2272.0,2259.0,8487.0,19248516.0,123031
2023-05-10 21:14:48,MA2306,MA2306,2260.0,1.0,2268.0,1.0,56,2260.0,2262.0,36,2264.0,2268.0,2272.0,2259.0,8488.0,19250784.0,123032
2023-05-10 21:14:50,MA2306,MA2306,2260.0,0.0,0.0,0.0,56,2260.0,2262.0,39,2264.0,2268.0,2272.0,2259.0,8488.0,19250784.0,123032
2023-05-10 21:14:52,MA2306,MA2306,2260.0,0.0,0.0,0.0,56,2260.0,2262.0,36,2264.0,2268.0,2272.0,2259.0,8488.0,19250784.0,123032
2023-05-10 21:14:54,MA2306,MA2306,2260.0,0.0,0.0,0.0,56,2260.0,2262.0,39,2264.0,2268.0,2272.0,2259.0,8488.0,19250784.0,123032
2023-05-10 21:14:54,MA2306,MA2306,2260.0,0.0,0.0,0.0,56,2260.0,2262.0,36,2264.0,2268.0,2272.0,2259.0,8488.0,19250784.0,123032
2023-05-10 21:14:56,MA2306,MA2306,2260.0,0.0,0.0,0.0,56,2260.0,2262.0,39,2264.0,2268.0,2272.0,2259.0,8488.0,19250784.0,123032
2023-05-10 21:14:56,MA2306,MA2306,2260.0,1.0,2268.0,1.0,55,2260.0,2262.0,40,2264.0,2268.0,2272.0,2259.0,8489.0,19253052.0,123033
2023-05-10 21:14:58,MA2306,MA2306,2260.0,0.0,0.0,0.0,55,2260.0,2262.0,39,2264.0,2268.0,2272.0,2259.0,8489.0,19253052.0,123033
2023-05-10 21:15:01,MA2306,MA2306,2260.0,0.0,0.0,0.0,55,2260.0,2261.0,1,2264.0,2268.0,2272.0,2259.0,8489.0,19253052.0,123033
2023-05-10 21:15:02,MA2306,MA2306,2261.0,1.0,2268.0,0.0,55,2260.0,2262.0,37,2264.0,2268.0,2272.0,2259.0,8490.0,19255320.0,123033
2023-05-10 21:15:02,MA2306,MA2306,2261.0,0.0,0.0,0.0,55,2260.0,2262.0,40,2264.0,2268.0,2272.0,2259.0,8490.0,19255320.0,123033
2023-05-10 21:15:03,MA2306,MA2306,2261.0,0.0,0.0,0.0,55,2260.0,2262.0,39,2264.0,2268.0,2272.0,2259.0,8490.0,19255320.0,123033
2023-05-10 21:15:05,MA2306,MA2306,2261.0,0.0,0.0,0.0,49,2261.0,2262.0,20,2264.0,2268.0,2272.0,2259.0,8490.0,19255320.0,123033
2023-05-10 21:15:05,MA2306,MA2306,2261.0,0.0,0.0,0.0,49,2261.0,2263.0,40,2264.0,2268.0,2272.0,2259.0,8490.0,19255320.0,123033
2023-05-10 21:15:05,MA2306,MA2306,2261.0,0.0,0.0,0.0,52,2261.0,2263.0,43,2264.0,2268.0,2272.0,2259.0,8490.0,19255320.0,123033
2023-05-10 21:15:08,MA2306,MA2306,2261.0,0.0,0.0,0.0,49,2261.0,2262.0,5,2264.0,2268.0,2272.0,2259.0,8490.0,19255320.0,123033
2023-05-10 21:15:08,MA2306,MA2306,2261.0,0.0,0.0,0.0,49,2261.0,2262.0,8,2264.0,2268.0,2272.0,2259.0,8490.0,19255320.0,123033
2023-05-10 21:15:09,MA2306,MA2306,2261.0,0.0,0.0,0.0,56,2260.0,2262.0,36,2264.0,2268.0,2272.0,2259.0,8490.0,19255320.0,123033
2023-05-10 21:15:09,MA2306,MA2306,2261.0,0.0,0.0,0.0,55,2260.0,2262.0,37,2264.0,2268.0,2272.0,2259.0,8490.0,19255320.0,123033
2023-05-10 21:15:10,MA2306,MA2306,2261.0,0.0,0.0,0.0,55,2260.0,2262.0,36,2264.0,2268.0,2272.0,2259.0,8490.0,19255320.0,123033
2023-05-10 21:15:11,MA2306,MA2306,2261.0,0.0,0.0,0.0,49,2261.0,2262.0,21,2264.0,2268.0,2272.0,2259.0,8490.0,19255320.0,123033
2023-05-10 21:15:15,MA2306,MA2306,2261.0,0.0,0.0,0.0,53,2260.0,2262.0,37,2264.0,2268.0,2272.0,2259.0,8490.0,19255320.0,123033
2023-05-10 21:15:15,MA2306,MA2306,2260.0,1.0,2268.0,1.0,54,2260.0,2261.0,10,2264.0,2268.0,2272.0,2259.0,8491.0,19257588.0,123034
2023-05-10 21:15:16,MA2306,MA2306,2261.0,10.0,22680.0,0.0,54,2260.0,2261.0,2,2264.0,2268.0,2272.0,2259.0,8501.0,19280268.0,123034
2023-05-10 21:15:16,MA2306,MA2306,2261.0,2.0,4536.0,0.0,54,2260.0,2262.0,29,2264.0,2268.0,2272.0,2259.0,8503.0,19284804.0,123034
2023-05-10 21:15:19,MA2306,MA2306,2261.0,0.0,0.0,0.0,54,2260.0,2262.0,25,2264.0,2268.0,2272.0,2259.0,8503.0,19284804.0,123034
2023-05-10 21:15:19,MA2306,MA2306,2261.0,2.0,4536.0,2.0,46,2261.0,2262.0,9,2264.0,2268.0,2272.0,2259.0,8505.0,19289340.0,123036
2023-05-10 21:15:22,MA2306,MA2306,2261.0,1.0,2268.0,1.0,45,2261.0,2262.0,9,2264.0,2268.0,2272.0,2259.0,8506.0,19291608.0,123037
2023-05-10 21:15:24,MA2306,MA2306,2261.0,1.0,2268.0,1.0,44,2261.0,2262.0,9,2264.0,2268.0,2272.0,2259.0,8507.0,19293876.0,123038
2023-05-10 21:15:29,MA2306,MA2306,2261.0,0.0,0.0,0.0,71,2260.0,2262.0,25,2264.0,2268.0,2272.0,2259.0,8507.0,19293876.0,123038
2023-05-10 21:15:30,MA2306,MA2306,2260.0,1.0,2268.0,1.0,59,2260.0,2262.0,28,2264.0,2268.0,2272.0,2259.0,8508.0,19296144.0,123039
2023-05-10 21:15:30,MA2306,MA2306,2260.0,0.0,0.0,0.0,59,2260.0,2262.0,29,2264.0,2268.0,2272.0,2259.0,8508.0,19296144.0,123039
2023-05-10 21:15:31,MA2306,MA2306,2260.0,0.0,0.0,0.0,59,2260.0,2262.0,28,2264.0,2268.0,2272.0,2259.0,8508.0,19296144.0,123039
2023-05-10 21:15:32,MA2306,MA2306,2260.0,0.0,0.0,0.0,62,2260.0,2262.0,25,2264.0,2268.0,2272.0,2259.0,8508.0,19296144.0,123039
2023-05-10 21:15:32,MA2306,MA2306,2260.0,0.0,0.0,0.0,43,2261.0,2262.0,9,2264.0,2268.0,2272.0,2259.0,8508.0,19296144.0,123039
2023-05-10 21:15:37,MA2306,MA2306,2260.0,0.0,0.0,0.0,43,2261.0,2262.0,10,2264.0,2268.0,2272.0,2259.0,8508.0,19296144.0,123039
2023-05-10 21:15:38,MA2306,MA2306,2261.0,1.0,2268.0,1.0,42,2261.0,2262.0,10,2264.0,2268.0,2272.0,2259.0,8509.0,19298412.0,123040
2023-05-10 21:15:44,MA2306,MA2306,2261.0,0.0,0.0,0.0,42,2261.0,2262.0,9,2264.0,2268.0,2272.0,2259.0,8509.0,19298412.0,123040
2023-05-10 21:15:45,MA2306,MA2306,2261.0,0.0,0.0,0.0,42,2261.0,2262.0,3,2264.0,2268.0,2272.0,2259.0,8509.0,19298412.0,123040
2023-05-10 21:15:46,MA2306,MA2306,2262.0,2.0,4536.0,2.0,40,2261.0,2262.0,1,2264.0,2268.0,2272.0,2259.0,8511.0,19302948.0,123042
2023-05-10 21:15:46,MA2306,MA2306,2262.0,1.0,2268.0,0.0,39,2261.0,2262.0,3,2264.0,2268.0,2272.0,2259.0,8512.0,19305216.0,123042
2023-05-10 21:15:48,MA2306,MA2306,2262.0,0.0,0.0,0.0,39,2261.0,2263.0,28,2264.0,2268.0,2272.0,2259.0,8512.0,19305216.0,123042
2023-05-10 21:15:48,MA2306,MA2306,2262.0,0.0,0.0,0.0,44,2261.0,2263.0,31,2264.0,2268.0,2272.0,2259.0,8512.0,19305216.0,123042
2023-05-10 21:15:49,MA2306,MA2306,2262.0,0.0,0.0,0.0,39,2261.0,2263.0,31,2264.0,2268.0,2272.0,2259.0,8512.0,19305216.0,123042
2023-05-10 21:15:49,MA2306,MA2306,2261.0,1.0,2268.0,1.0,38,2261.0,2263.0,31,2264.0,2268.0,2272.0,2259.0,8513.0,19307484.0,123043
2023-05-10 21:15:55,MA2306,MA2306,2261.0,0.0,0.0,0.0,39,2261.0,2263.0,31,2264.0,2268.0,2272.0,2259.0,8513.0,19307484.0,123043
2023-05-10 21:15:57,MA2306,MA2306,2261.0,1.0,2268.0,1.0,38,2261.0,2263.0,31,2264.0,2268.0,2272.0,2259.0,8514.0,19309752.0,123044
2023-05-10 21:15:58,MA2306,MA2306,2261.0,1.0,2268.0,1.0,37,2261.0,2263.0,31,2264.0,2268.0,2272.0,2259.0,8515.0,19312020.0,123045
2023-05-10 21:15:59,MA2306,MA2306,2261.0,1.0,2268.0,1.0,36,2261.0,2263.0,31,2264.0,2268.0,2272.0,2259.0,8516.0,19314288.0,123046
2023-05-10 21:16:03,MA2306,MA2306,2261.0,0.0,0.0,0.0,36,2261.0,2262.0,5,2264.0,2268.0,2272.0,2259.0,8516.0,19314288.0,123046
2023-05-10 21:16:04,MA2306,MA2306,2261.0,1.0,2268.0,-1.0,64,2260.0,2262.0,24,2264.0,2268.0,2272.0,2259.0,8517.0,19316556.0,123045
2023-05-10 21:16:04,MA2306,MA2306,2261.0,0.0,0.0,0.0,43,2260.0,2262.0,28,2264.0,2268.0,2272.0,2259.0,8517.0,19316556.0,123045
2023-05-10 21:16:05,MA2306,MA2306,2261.0,3.0,6804.0,0.0,43,2260.0,2262.0,22,2264.0,2268.0,2272.0,2259.0,8520.0,19323360.0,123045
2023-05-10 21:16:05,MA2306,MA2306,2261.0,0.0,0.0,0.0,43,2260.0,2261.0,3,2264.0,2268.0,2272.0,2259.0,8520.0,19323360.0,123045
2023-05-10 21:16:08,MA2306,MA2306,2261.0,0.0,0.0,0.0,43,2260.0,2261.0,5,2264.0,2268.0,2272.0,2259.0,8520.0,19323360.0,123045
2023-05-10 21:16:09,MA2306,MA2306,2260.0,8.0,18144.0,-5.0,35,2259.0,2260.0,1,2264.0,2268.0,2272.0,2259.0,8528.0,19341504.0,123040
2023-05-10 21:16:10,MA2306,MA2306,2260.0,10.0,22680.0,0.0,35,2259.0,2261.0,28,2264.0,2268.0,2272.0,2259.0,8538.0,19364184.0,123040
2023-05-10 21:16:12,MA2306,MA2306,2259.0,24.0,54432.0,0.0,33,2258.0,2261.0,28,2264.0,2268.0,2272.0,2259.0,8562.0,19418616.0,123040
2023-05-10 21:16:13,MA2306,MA2306,2259.0,0.0,0.0,0.0,12,2258.0,2260.0,30,2264.0,2268.0,2272.0,2259.0,8562.0,19418616.0,123040
2023-05-10 21:16:13,MA2306,MA2306,2259.0,0.0,0.0,0.0,12,2258.0,2260.0,33,2264.0,2268.0,2272.0,2259.0,8562.0,19418616.0,123040
2023-05-10 21:16:14,MA2306,MA2306,2259.0,0.0,0.0,0.0,32,2258.0,2260.0,24,2264.0,2268.0,2272.0,2259.0,8562.0,19418616.0,123040
2023-05-10 21:16:14,MA2306,MA2306,2259.0,0.0,0.0,0.0,11,2259.0,2261.0,25,2264.0,2268.0,2272.0,2259.0,8562.0,19418616.0,123040
2023-05-10 21:16:14,MA2306,MA2306,2259.0,0.0,0.0,0.0,11,2259.0,2261.0,28,2264.0,2268.0,2272.0,2259.0,8562.0,19418616.0,123040
2023-05-10 21:16:16,MA2306,MA2306,2259.0,1.0,2268.0,1.0,10,2259.0,2261.0,28,2264.0,2268.0,2272.0,2259.0,8563.0,19420884.0,123041
2023-05-10 21:16:17,MA2306,MA2306,2259.0,0.0,0.0,0.0,7,2259.0,2260.0,9,2264.0,2268.0,2272.0,2259.0,8563.0,19420884.0,123041
2023-05-10 21:16:18,MA2306,MA2306,2259.0,0.0,0.0,0.0,12,2258.0,2260.0,15,2264.0,2268.0,2272.0,2259.0,8563.0,19420884.0,123041
2023-05-10 21:16:18,MA2306,MA2306,2259.0,0.0,0.0,0.0,11,2258.0,2260.0,29,2264.0,2268.0,2272.0,2259.0,8563.0,19420884.0,123041
2023-05-10 21:16:20,MA2306,MA2306,2258.0,1.0,2268.0,0.0,10,2259.0,2260.0,13,2264.0,2268.0,2272.0,2258.0,8564.0,19423152.0,123041
2023-05-10 21:16:20,MA2306,MA2306,2258.0,0.0,0.0,0.0,11,2258.0,2260.0,15,2264.0,2268.0,2272.0,2258.0,8564.0,19423152.0,123041
2023-05-10 21:16:21,MA2306,MA2306,2258.0,0.0,0.0,0.0,10,2258.0,2260.0,29,2264.0,2268.0,2272.0,2258.0,8564.0,19423152.0,123041
2023-05-10 21:16:21,MA2306,MA2306,2259.0,2.0,4536.0,2.0,8,2258.0,2260.0,26,2264.0,2268.0,2272.0,2258.0,8566.0,19427688.0,123043
2023-05-10 21:16:21,MA2306,MA2306,2259.0,0.0,0.0,0.0,8,2258.0,2260.0,29,2264.0,2268.0,2272.0,2258.0,8566.0,19427688.0,123043
2023-05-10 21:16:25,MA2306,MA2306,2258.0,1.0,2268.0,1.0,7,2258.0,2260.0,29,2264.0,2268.0,2272.0,2258.0,8567.0,19429956.0,123044
2023-05-10 21:16:28,MA2306,MA2306,2258.0,0.0,0.0,0.0,9,2258.0,2260.0,29,2264.0,2268.0,2272.0,2258.0,8567.0,19429956.0,123044
2023-05-10 21:16:29,MA2306,MA2306,2258.0,1.0,2268.0,1.0,8,2258.0,2260.0,29,2264.0,2268.0,2272.0,2258.0,8568.0,19432224.0,123045
2023-05-10 21:16:33,MA2306,MA2306,2258.0,2.0,4536.0,2.0,4,2259.0,2260.0,13,2264.0,2268.0,2272.0,2258.0,8570.0,19436760.0,123047
2023-05-10 21:16:33,MA2306,MA2306,2259.0,1.0,2268.0,1.0,3,2259.0,2260.0,9,2264.0,2268.0,2272.0,2258.0,8571.0,19439028.0,123048
2023-05-10 21:16:34,MA2306,MA2306,2259.0,0.0,0.0,0.0,6,2258.0,2260.0,25,2264.0,2268.0,2272.0,2258.0,8571.0,19439028.0,123048
2023-05-10 21:16:35,MA2306,MA2306,2259.0,1.0,2268.0,0.0,5,2258.0,2259.0,8,2264.0,2268.0,2272.0,2258.0,8572.0,19441296.0,123048
2023-05-10 21:16:35,MA2306,MA2306,2259.0,3.0,6804.0,0.0,5,2258.0,2259.0,3,2264.0,2268.0,2272.0,2258.0,8575.0,19448100.0,123048
2023-05-10 21:16:36,MA2306,MA2306,2259.0,3.0,6804.0,0.0,5,2258.0,2260.0,24,2264.0,2268.0,2272.0,2258.0,8578.0,19454904.0,123048
2023-05-10 21:16:38,MA2306,MA2306,2259.0,0.0,0.0,0.0,5,2258.0,2259.0,1,2264.0,2268.0,2272.0,2258.0,8578.0,19454904.0,123048
2023-05-10 21:16:42,MA2306,MA2306,2259.0,0.0,0.0,0.0,5,2258.0,2259.0,3,2264.0,2268.0,2272.0,2258.0,8578.0,19454904.0,123048
2023-05-10 21:16:45,MA2306,MA2306,2259.0,1.0,2268.0,0.0,4,2258.0,2260.0,24,2264.0,2268.0,2272.0,2258.0,8579.0,19457172.0,123048
2023-05-10 21:16:46,MA2306,MA2306,2258.0,1.0,2268.0,1.0,3,2258.0,2260.0,24,2264.0,2268.0,2272.0,2258.0,8580.0,19459440.0,123049
2023-05-10 21:16:47,MA2306,MA2306,2258.0,0.0,0.0,0.0,1,2259.0,2260.0,4,2264.0,2268.0,2272.0,2258.0,8580.0,19459440.0,123049
2023-05-10 21:16:50,MA2306,MA2306,2259.0,1.0,2268.0,1.0,20,2259.0,2260.0,4,2264.0,2268.0,2272.0,2258.0,8581.0,19461708.0,123050
2023-05-10 21:16:54,MA2306,MA2306,2259.0,0.0,0.0,0.0,22,2258.0,2260.0,23,2264.0,2268.0,2272.0,2258.0,8581.0,19461708.0,123050
2023-05-10 21:16:55,MA2306,MA2306,2259.0,0.0,0.0,0.0,22,2258.0,2260.0,24,2264.0,2268.0,2272.0,2258.0,8581.0,19461708.0,123050
2023-05-10 21:16:57,MA2306,MA2306,2258.0,1.0,2268.0,0.0,21,2258.0,2260.0,24,2264.0,2268.0,2272.0,2258.0,8582.0,19463976.0,123050
2023-05-10 21:17:02,MA2306,MA2306,2258.0,0.0,0.0,0.0,21,2258.0,2259.0,2,2264.0,2268.0,2272.0,2258.0,8582.0,19463976.0,123050
2023-05-10 21:17:05,MA2306,MA2306,2258.0,2.0,4536.0,0.0,20,2257.0,2259.0,17,2264.0,2268.0,2272.0,2258.0,8584.0,19468512.0,123050
2023-05-10 21:17:06,MA2306,MA2306,2258.0,5.0,11340.0,-3.0,19,2258.0,2259.0,99,2264.0,2268.0,2272.0,2258.0,8589.0,19479852.0,123047
2023-05-10 21:17:06,MA2306,MA2306,2258.0,0.0,0.0,0.0,19,2258.0,2259.0,56,2264.0,2268.0,2272.0,2258.0,8589.0,19479852.0,123047
2023-05-10 21:17:07,MA2306,MA2306,2258.0,0.0,0.0,0.0,20,2257.0,2259.0,103,2264.0,2268.0,2272.0,2258.0,8589.0,19479852.0,123047
2023-05-10 21:17:07,MA2306,MA2306,2258.0,0.0,0.0,0.0,20,2257.0,2259.0,137,2264.0,2268.0,2272.0,2258.0,8589.0,19479852.0,123047
2023-05-10 21:17:08,MA2306,MA2306,2258.0,0.0,0.0,0.0,19,2258.0,2259.0,98,2264.0,2268.0,2272.0,2258.0,8589.0,19479852.0,123047
2023-05-10 21:17:08,MA2306,MA2306,2258.0,0.0,0.0,0.0,19,2258.0,2259.0,58,2264.0,2268.0,2272.0,2258.0,8589.0,19479852.0,123047
2023-05-10 21:17:09,MA2306,MA2306,2258.0,1.0,2268.0,0.0,18,2258.0,2259.0,58,2264.0,2268.0,2272.0,2258.0,8590.0,19482120.0,123047
2023-05-10 21:17:09,MA2306,MA2306,2258.0,0.0,0.0,0.0,19,2258.0,2259.0,58,2264.0,2268.0,2272.0,2258.0,8590.0,19482120.0,123047
2023-05-10 21:17:09,MA2306,MA2306,2258.0,0.0,0.0,0.0,19,2258.0,2259.0,56,2264.0,2268.0,2272.0,2258.0,8590.0,19482120.0,123047
2023-05-10 21:17:14,MA2306,MA2306,2258.0,0.0,0.0,0.0,19,2258.0,2259.0,38,2264.0,2268.0,2272.0,2258.0,8590.0,19482120.0,123047
2023-05-10 21:17:14,MA2306,MA2306,2258.0,0.0,0.0,0.0,19,2258.0,2259.0,18,2264.0,2268.0,2272.0,2258.0,8590.0,19482120.0,123047
2023-05-10 21:17:16,MA2306,MA2306,2258.0,1.0,2268.0,0.0,18,2258.0,2259.0,18,2264.0,2268.0,2272.0,2258.0,8591.0,19484388.0,123047
2023-05-10 21:17:20,MA2306,MA2306,2258.0,1.0,2268.0,0.0,17,2258.0,2259.0,18,2264.0,2268.0,2272.0,2258.0,8592.0,19486656.0,123047
2023-05-10 21:17:24,MA2306,MA2306,2258.0,0.0,0.0,0.0,1,2258.0,2259.0,137,2264.0,2268.0,2272.0,2258.0,8592.0,19486656.0,123047
2023-05-10 21:17:24,MA2306,MA2306,2258.0,1.0,2268.0,-1.0,17,2257.0,2259.0,157,2264.0,2268.0,2272.0,2258.0,8593.0,19488924.0,123046
2023-05-10 21:17:25,MA2306,MA2306,2258.0,0.0,0.0,0.0,17,2257.0,2259.0,162,2264.0,2268.0,2272.0,2258.0,8593.0,19488924.0,123046
2023-05-10 21:17:26,MA2306,MA2306,2257.0,1.0,2268.0,-1.0,16,2257.0,2259.0,162,2264.0,2268.0,2272.0,2257.0,8594.0,19491192.0,123045
2023-05-10 21:17:27,MA2306,MA2306,2257.0,1.0,2268.0,0.0,15,2257.0,2259.0,162,2264.0,2268.0,2272.0,2257.0,8595.0,19493460.0,123045
2023-05-10 21:17:33,MA2306,MA2306,2257.0,1.0,2268.0,0.0,14,2257.0,2259.0,162,2264.0,2268.0,2272.0,2257.0,8596.0,19495728.0,123045
2023-05-10 21:17:37,MA2306,MA2306,2257.0,0.0,0.0,0.0,14,2257.0,2258.0,15,2264.0,2268.0,2272.0,2257.0,8596.0,19495728.0,123045
2023-05-10 21:17:37,MA2306,MA2306,2257.0,0.0,0.0,0.0,14,2257.0,2258.0,10,2264.0,2268.0,2272.0,2257.0,8596.0,19495728.0,123045
2023-05-10 21:17:38,MA2306,MA2306,2257.0,0.0,0.0,0.0,14,2257.0,2258.0,1,2264.0,2268.0,2272.0,2257.0,8596.0,19495728.0,123045
2023-05-10 21:17:38,MA2306,MA2306,2257.0,0.0,0.0,0.0,14,2257.0,2258.0,15,2264.0,2268.0,2272.0,2257.0,8596.0,19495728.0,123045
2023-05-10 21:17:39,MA2306,MA2306,2257.0,0.0,0.0,0.0,14,2257.0,2258.0,18,2264.0,2268.0,2272.0,2257.0,8596.0,19495728.0,123045
2023-05-10 21:17:40,MA2306,MA2306,2257.0,0.0,0.0,0.0,14,2257.0,2259.0,162,2264.0,2268.0,2272.0,2257.0,8596.0,19495728.0,123045
2023-05-10 21:17:43,MA2306,MA2306,2257.0,0.0,0.0,0.0,14,2257.0,2258.0,23,2264.0,2268.0,2272.0,2257.0,8596.0,19495728.0,123045
2023-05-10 21:17:43,MA2306,MA2306,2257.0,0.0,0.0,0.0,14,2257.0,2258.0,51,2264.0,2268.0,2272.0,2257.0,8596.0,19495728.0,123045
2023-05-10 21:17:44,MA2306,MA2306,2257.0,0.0,0.0,0.0,14,2257.0,2258.0,72,2264.0,2268.0,2272.0,2257.0,8596.0,19495728.0,123045
2023-05-10 21:17:44,MA2306,MA2306,2257.0,0.0,0.0,0.0,14,2257.0,2258.0,78,2264.0,2268.0,2272.0,2257.0,8596.0,19495728.0,123045
2023-05-10 21:17:45,MA2306,MA2306,2257.0,1.0,2268.0,0.0,13,2257.0,2258.0,91,2264.0,2268.0,2272.0,2257.0,8597.0,19497996.0,123045
2023-05-10 21:17:45,MA2306,MA2306,2257.0,0.0,0.0,0.0,17,2256.0,2258.0,147,2264.0,2268.0,2272.0,2257.0,8597.0,19497996.0,123045
2023-05-10 21:17:45,MA2306,MA2306,2257.0,0.0,0.0,0.0,13,2257.0,2258.0,91,2264.0,2268.0,2272.0,2257.0,8597.0,19497996.0,123045
2023-05-10 21:17:46,MA2306,MA2306,2258.0,1.0,2268.0,0.0,17,2256.0,2257.0,6,2264.0,2268.0,2272.0,2257.0,8598.0,19500264.0,123045
2023-05-10 21:17:46,MA2306,MA2306,2258.0,0.0,0.0,0.0,17,2256.0,2257.0,16,2264.0,2268.0,2272.0,2257.0,8598.0,19500264.0,123045
2023-05-10 21:17:46,MA2306,MA2306,2258.0,0.0,0.0,0.0,17,2256.0,2258.0,159,2264.0,2268.0,2272.0,2257.0,8598.0,19500264.0,123045
2023-05-10 21:17:46,MA2306,MA2306,2258.0,0.0,0.0,0.0,17,2256.0,2257.0,6,2264.0,2268.0,2272.0,2257.0,8598.0,19500264.0,123045
2023-05-10 21:17:47,MA2306,MA2306,2258.0,0.0,0.0,0.0,13,2257.0,2258.0,136,2264.0,2268.0,2272.0,2257.0,8598.0,19500264.0,123045
2023-05-10 21:17:47,MA2306,MA2306,2258.0,0.0,0.0,0.0,13,2257.0,2258.0,115,2264.0,2268.0,2272.0,2257.0,8598.0,19500264.0,123045
2023-05-10 21:17:48,MA2306,MA2306,2258.0,0.0,0.0,0.0,13,2257.0,2258.0,127,2264.0,2268.0,2272.0,2257.0,8598.0,19500264.0,123045
2023-05-10 21:17:50,MA2306,MA2306,2257.0,1.0,2268.0,0.0,12,2257.0,2258.0,128,2264.0,2268.0,2272.0,2257.0,8599.0,19502532.0,123045
2023-05-10 21:17:51,MA2306,MA2306,2257.0,0.0,0.0,0.0,12,2257.0,2258.0,138,2264.0,2268.0,2272.0,2257.0,8599.0,19502532.0,123045
2023-05-10 21:17:52,MA2306,MA2306,2257.0,1.0,2268.0,0.0,11,2257.0,2258.0,138,2264.0,2268.0,2272.0,2257.0,8600.0,19504800.0,123045
2023-05-10 21:17:52,MA2306,MA2306,2257.0,0.0,0.0,0.0,16,2256.0,2258.0,157,2264.0,2268.0,2272.0,2257.0,8600.0,19504800.0,123045
2023-05-10 21:17:53,MA2306,MA2306,2257.0,0.0,0.0,0.0,15,2256.0,2258.0,159,2264.0,2268.0,2272.0,2257.0,8600.0,19504800.0,123045
2023-05-10 21:17:53,MA2306,MA2306,2257.0,0.0,0.0,0.0,15,2256.0,2257.0,3,2264.0,2268.0,2272.0,2257.0,8600.0,19504800.0,123045
2023-05-10 21:17:54,MA2306,MA2306,2257.0,0.0,0.0,0.0,15,2256.0,2257.0,13,2264.0,2268.0,2272.0,2257.0,8600.0,19504800.0,123045
2023-05-10 21:17:54,MA2306,MA2306,2257.0,0.0,0.0,0.0,15,2256.0,2257.0,14,2264.0,2268.0,2272.0,2257.0,8600.0,19504800.0,123045
2023-05-10 21:17:55,MA2306,MA2306,2257.0,0.0,0.0,0.0,15,2256.0,2257.0,13,2264.0,2268.0,2272.0,2257.0,8600.0,19504800.0,123045
2023-05-10 21:17:56,MA2306,MA2306,2258.0,15.0,34020.0,-14.0,10,2257.0,2258.0,130,2264.0,2268.0,2272.0,2256.0,8615.0,19538820.0,123031
2023-05-10 21:17:56,MA2306,MA2306,2258.0,0.0,0.0,0.0,10,2257.0,2258.0,108,2264.0,2268.0,2272.0,2256.0,8615.0,19538820.0,123031
2023-05-10 21:17:56,MA2306,MA2306,2258.0,0.0,0.0,0.0,10,2257.0,2258.0,55,2264.0,2268.0,2272.0,2256.0,8615.0,19538820.0,123031
2023-05-10 21:17:57,MA2306,MA2306,2258.0,0.0,0.0,0.0,10,2257.0,2258.0,35,2264.0,2268.0,2272.0,2256.0,8615.0,19538820.0,123031
2023-05-10 21:17:57,MA2306,MA2306,2258.0,0.0,0.0,0.0,10,2257.0,2258.0,25,2264.0,2268.0,2272.0,2256.0,8615.0,19538820.0,123031
2023-05-10 21:17:58,MA2306,MA2306,2258.0,0.0,0.0,0.0,10,2257.0,2258.0,15,2264.0,2268.0,2272.0,2256.0,8615.0,19538820.0,123031
