time,symbol_id,symbol_name,last,trade_volume,trade_amount,open_interest_change,bv1,bp1,ap1,av1,yesterday_close,today_open,today_high,today_low,volume,amount,open_interest
2023-05-09 19:10:58,SA2404,SA404,1706.0,0.0,0.0,0.0,0,0.0,0.0,0,1706.0,1705.0,0.0,0.0,0.0,0.0,15968
2023-05-09 20:55:08,SA2404,SA404,1706.0,0.0,0.0,0.0,0,0.0,0.0,0,1706.0,1705.0,0.0,0.0,0.0,0.0,15968
2023-05-09 20:58:58,SA2404,SA404,1706.0,0.0,0.0,0.0,0,0.0,0.0,0,1706.0,1705.0,0.0,0.0,0.0,0.0,15968
2023-05-09 20:59:00,SA2404,SA404,1705.0,9.0,15345.0,0.0,5,1704.0,1705.0,25,1706.0,1705.0,1705.0,1705.0,9.0,15345.0,15968
2023-05-09 21:00:01,SA2404,SA404,1705.0,1.0,1705.0,0.0,5,1704.0,1705.0,24,1706.0,1705.0,1705.0,1705.0,10.0,17050.0,15968
2023-05-09 21:00:02,SA2404,SA404,1704.0,4.0,6820.0,1.0,1,1704.0,1705.0,24,1706.0,1705.0,1705.0,1704.0,14.0,23870.0,15969
2023-05-09 21:00:02,SA2404,SA404,1704.0,3.0,5115.0,2.0,4,1703.0,1704.0,3,1706.0,1705.0,1705.0,1704.0,17.0,28985.0,15971
2023-05-09 21:00:03,SA2404,SA404,1704.0,2.0,3410.0,0.0,4,1703.0,1704.0,2,1706.0,1705.0,1705.0,1704.0,19.0,32395.0,15971
2023-05-09 21:00:03,SA2404,SA404,1703.0,4.0,6797.0,4.0,5,1702.0,1703.0,1,1706.0,1705.0,1705.0,1703.0,23.0,39192.0,15975
2023-05-09 21:00:04,SA2404,SA404,1702.0,3.0,5112.0,3.0,3,1703.0,1704.0,17,1706.0,1705.0,1705.0,1702.0,26.0,44304.0,15978
2023-05-09 21:00:04,SA2404,SA404,1703.0,3.0,5112.0,3.0,2,1702.0,1704.0,16,1706.0,1705.0,1705.0,1702.0,29.0,49416.0,15981
2023-05-09 21:00:05,SA2404,SA404,1702.0,1.0,1704.0,1.0,6,1702.0,1703.0,3,1706.0,1705.0,1705.0,1702.0,30.0,51120.0,15982
2023-05-09 21:00:05,SA2404,SA404,1702.0,0.0,0.0,0.0,6,1702.0,1703.0,4,1706.0,1705.0,1705.0,1702.0,30.0,51120.0,15982
2023-05-09 21:00:06,SA2404,SA404,1702.0,2.0,3408.0,2.0,4,1702.0,1703.0,5,1706.0,1705.0,1705.0,1702.0,32.0,54528.0,15984
2023-05-09 21:00:07,SA2404,SA404,1702.0,0.0,0.0,0.0,5,1702.0,1703.0,6,1706.0,1705.0,1705.0,1702.0,32.0,54528.0,15984
2023-05-09 21:00:07,SA2404,SA404,1702.0,0.0,0.0,0.0,5,1702.0,1703.0,5,1706.0,1705.0,1705.0,1702.0,32.0,54528.0,15984
2023-05-09 21:00:09,SA2404,SA404,1702.0,0.0,0.0,0.0,6,1702.0,1703.0,5,1706.0,1705.0,1705.0,1702.0,32.0,54528.0,15984
2023-05-09 21:00:10,SA2404,SA404,1703.0,1.0,1704.0,-1.0,5,1702.0,1703.0,5,1706.0,1705.0,1705.0,1702.0,33.0,56232.0,15983
2023-05-09 21:00:11,SA2404,SA404,1703.0,0.0,0.0,0.0,5,1702.0,1703.0,4,1706.0,1705.0,1705.0,1702.0,33.0,56232.0,15983
2023-05-09 21:00:11,SA2404,SA404,1703.0,0.0,0.0,0.0,6,1702.0,1703.0,4,1706.0,1705.0,1705.0,1702.0,33.0,56232.0,15983
2023-05-09 21:00:11,SA2404,SA404,1703.0,0.0,0.0,0.0,5,1702.0,1703.0,4,1706.0,1705.0,1705.0,1702.0,33.0,56232.0,15983
2023-05-09 21:00:13,SA2404,SA404,1703.0,0.0,0.0,0.0,6,1702.0,1703.0,4,1706.0,1705.0,1705.0,1702.0,33.0,56232.0,15983
2023-05-09 21:00:15,SA2404,SA404,1703.0,1.0,1704.0,0.0,6,1702.0,1703.0,3,1706.0,1705.0,1705.0,1702.0,34.0,57936.0,15983
2023-05-09 21:00:16,SA2404,SA404,1703.0,0.0,0.0,0.0,6,1702.0,1703.0,7,1706.0,1705.0,1705.0,1702.0,34.0,57936.0,15983
2023-05-09 21:00:16,SA2404,SA404,1703.0,0.0,0.0,0.0,5,1702.0,1703.0,7,1706.0,1705.0,1705.0,1702.0,34.0,57936.0,15983
2023-05-09 21:00:17,SA2404,SA404,1703.0,0.0,0.0,0.0,6,1702.0,1703.0,7,1706.0,1705.0,1705.0,1702.0,34.0,57936.0,15983
2023-05-09 21:00:18,SA2404,SA404,1703.0,1.0,1704.0,-1.0,6,1702.0,1703.0,6,1706.0,1705.0,1705.0,1702.0,35.0,59640.0,15982
2023-05-09 21:00:18,SA2404,SA404,1703.0,0.0,0.0,0.0,5,1702.0,1703.0,6,1706.0,1705.0,1705.0,1702.0,35.0,59640.0,15982
2023-05-09 21:00:19,SA2404,SA404,1703.0,0.0,0.0,0.0,4,1702.0,1703.0,6,1706.0,1705.0,1705.0,1702.0,35.0,59640.0,15982
2023-05-09 21:00:21,SA2404,SA404,1703.0,0.0,0.0,0.0,5,1702.0,1703.0,6,1706.0,1705.0,1705.0,1702.0,35.0,59640.0,15982
2023-05-09 21:00:23,SA2404,SA404,1703.0,0.0,0.0,0.0,6,1702.0,1703.0,6,1706.0,1705.0,1705.0,1702.0,35.0,59640.0,15982
2023-05-09 21:00:23,SA2404,SA404,1703.0,1.0,1704.0,0.0,6,1702.0,1703.0,5,1706.0,1705.0,1705.0,1702.0,36.0,61344.0,15982
2023-05-09 21:00:24,SA2404,SA404,1703.0,0.0,0.0,0.0,8,1702.0,1703.0,5,1706.0,1705.0,1705.0,1702.0,36.0,61344.0,15982
2023-05-09 21:00:25,SA2404,SA404,1703.0,3.0,5112.0,-1.0,8,1702.0,1703.0,2,1706.0,1705.0,1705.0,1702.0,39.0,66456.0,15981
2023-05-09 21:00:25,SA2404,SA404,1703.0,0.0,0.0,0.0,8,1702.0,1704.0,19,1706.0,1705.0,1705.0,1702.0,39.0,66456.0,15981
2023-05-09 21:00:26,SA2404,SA404,1703.0,0.0,0.0,0.0,8,1702.0,1704.0,18,1706.0,1705.0,1705.0,1702.0,39.0,66456.0,15981
2023-05-09 21:00:29,SA2404,SA404,1703.0,0.0,0.0,0.0,9,1702.0,1704.0,18,1706.0,1705.0,1705.0,1702.0,39.0,66456.0,15981
2023-05-09 21:00:30,SA2404,SA404,1703.0,0.0,0.0,0.0,11,1702.0,1704.0,18,1706.0,1705.0,1705.0,1702.0,39.0,66456.0,15981
2023-05-09 21:00:31,SA2404,SA404,1703.0,0.0,0.0,0.0,10,1702.0,1704.0,18,1706.0,1705.0,1705.0,1702.0,39.0,66456.0,15981
2023-05-09 21:00:33,SA2404,SA404,1703.0,0.0,0.0,0.0,11,1702.0,1703.0,33,1706.0,1705.0,1705.0,1702.0,39.0,66456.0,15981
2023-05-09 21:00:34,SA2404,SA404,1703.0,0.0,0.0,0.0,10,1702.0,1703.0,33,1706.0,1705.0,1705.0,1702.0,39.0,66456.0,15981
2023-05-09 21:00:34,SA2404,SA404,1703.0,0.0,0.0,0.0,10,1702.0,1703.0,35,1706.0,1705.0,1705.0,1702.0,39.0,66456.0,15981
2023-05-09 21:00:36,SA2404,SA404,1703.0,0.0,0.0,0.0,10,1702.0,1703.0,50,1706.0,1705.0,1705.0,1702.0,39.0,66456.0,15981
2023-05-09 21:00:37,SA2404,SA404,1703.0,0.0,0.0,0.0,12,1702.0,1703.0,50,1706.0,1705.0,1705.0,1702.0,39.0,66456.0,15981
2023-05-09 21:00:38,SA2404,SA404,1703.0,2.0,3408.0,0.0,12,1702.0,1703.0,49,1706.0,1705.0,1705.0,1702.0,41.0,69864.0,15981
2023-05-09 21:00:38,SA2404,SA404,1703.0,0.0,0.0,0.0,12,1702.0,1703.0,48,1706.0,1705.0,1705.0,1702.0,41.0,69864.0,15981
2023-05-09 21:00:39,SA2404,SA404,1703.0,0.0,0.0,0.0,13,1702.0,1703.0,48,1706.0,1705.0,1705.0,1702.0,41.0,69864.0,15981
2023-05-09 21:00:41,SA2404,SA404,1702.0,13.0,22098.0,0.0,16,1701.0,1702.0,2,1706.0,1705.0,1705.0,1702.0,54.0,91962.0,15981
2023-05-09 21:00:41,SA2404,SA404,1702.0,0.0,0.0,0.0,15,1701.0,1702.0,2,1706.0,1705.0,1705.0,1702.0,54.0,91962.0,15981
2023-05-09 21:00:41,SA2404,SA404,1702.0,0.0,0.0,0.0,15,1701.0,1702.0,4,1706.0,1705.0,1705.0,1702.0,54.0,91962.0,15981
2023-05-09 21:00:42,SA2404,SA404,1702.0,1.0,1703.0,0.0,15,1701.0,1702.0,3,1706.0,1705.0,1705.0,1702.0,55.0,93665.0,15981
2023-05-09 21:00:44,SA2404,SA404,1702.0,2.0,3406.0,1.0,15,1701.0,1702.0,1,1706.0,1705.0,1705.0,1702.0,57.0,97071.0,15982
2023-05-09 21:00:45,SA2404,SA404,1702.0,1.0,1703.0,1.0,15,1701.0,1703.0,49,1706.0,1705.0,1705.0,1702.0,58.0,98774.0,15983
2023-05-09 21:00:46,SA2404,SA404,1702.0,1.0,1703.0,1.0,16,1701.0,1703.0,49,1706.0,1705.0,1705.0,1702.0,59.0,100477.0,15984
2023-05-09 21:00:46,SA2404,SA404,1702.0,0.0,0.0,0.0,17,1701.0,1703.0,49,1706.0,1705.0,1705.0,1702.0,59.0,100477.0,15984
2023-05-09 21:00:47,SA2404,SA404,1702.0,0.0,0.0,0.0,18,1701.0,1703.0,49,1706.0,1705.0,1705.0,1702.0,59.0,100477.0,15984
2023-05-09 21:00:48,SA2404,SA404,1702.0,0.0,0.0,0.0,1,1702.0,1703.0,48,1706.0,1705.0,1705.0,1702.0,59.0,100477.0,15984
2023-05-09 21:00:48,SA2404,SA404,1702.0,1.0,1703.0,0.0,17,1701.0,1703.0,49,1706.0,1705.0,1705.0,1702.0,60.0,102180.0,15984
2023-05-09 21:00:49,SA2404,SA404,1702.0,0.0,0.0,0.0,17,1701.0,1702.0,1,1706.0,1705.0,1705.0,1702.0,60.0,102180.0,15984
2023-05-09 21:00:50,SA2404,SA404,1702.0,0.0,0.0,0.0,18,1701.0,1703.0,49,1706.0,1705.0,1705.0,1702.0,60.0,102180.0,15984
2023-05-09 21:00:52,SA2404,SA404,1702.0,0.0,0.0,0.0,18,1701.0,1702.0,1,1706.0,1705.0,1705.0,1702.0,60.0,102180.0,15984
2023-05-09 21:00:54,SA2404,SA404,1701.0,2.0,3406.0,1.0,16,1701.0,1703.0,49,1706.0,1705.0,1705.0,1701.0,62.0,105586.0,15985
2023-05-09 21:00:55,SA2404,SA404,1702.0,1.0,1703.0,1.0,16,1701.0,1702.0,2,1706.0,1705.0,1705.0,1701.0,63.0,107289.0,15986
2023-05-09 21:00:58,SA2404,SA404,1701.0,11.0,18733.0,11.0,5,1701.0,1703.0,50,1706.0,1705.0,1705.0,1701.0,74.0,126022.0,15997
2023-05-09 21:00:58,SA2404,SA404,1701.0,0.0,0.0,0.0,5,1701.0,1702.0,1,1706.0,1705.0,1705.0,1701.0,74.0,126022.0,15997
2023-05-09 21:00:58,SA2404,SA404,1701.0,5.0,8515.0,5.0,66,1700.0,1701.0,1,1706.0,1705.0,1705.0,1701.0,79.0,134537.0,16002
2023-05-09 21:01:01,SA2404,SA404,1700.0,1.0,1703.0,1.0,65,1700.0,1701.0,1,1706.0,1705.0,1705.0,1700.0,80.0,136240.0,16003
2023-05-09 21:01:02,SA2404,SA404,1700.0,23.0,39066.0,4.0,69,1700.0,1701.0,2,1706.0,1705.0,1705.0,1700.0,103.0,175306.0,16007
2023-05-09 21:01:02,SA2404,SA404,1700.0,0.0,0.0,0.0,67,1700.0,1701.0,2,1706.0,1705.0,1705.0,1700.0,103.0,175306.0,16007
2023-05-09 21:01:02,SA2404,SA404,1700.0,0.0,0.0,0.0,67,1700.0,1701.0,5,1706.0,1705.0,1705.0,1700.0,103.0,175306.0,16007
2023-05-09 21:01:02,SA2404,SA404,1700.0,0.0,0.0,0.0,67,1700.0,1701.0,2,1706.0,1705.0,1705.0,1700.0,103.0,175306.0,16007
2023-05-09 21:01:03,SA2404,SA404,1700.0,3.0,5106.0,3.0,65,1700.0,1701.0,4,1706.0,1705.0,1705.0,1700.0,106.0,180412.0,16010
2023-05-09 21:01:04,SA2404,SA404,1701.0,1.0,1702.0,1.0,65,1700.0,1701.0,3,1706.0,1705.0,1705.0,1700.0,107.0,182114.0,16011
2023-05-09 21:01:04,SA2404,SA404,1701.0,0.0,0.0,0.0,69,1700.0,1701.0,3,1706.0,1705.0,1705.0,1700.0,107.0,182114.0,16011
2023-05-09 21:01:05,SA2404,SA404,1700.0,33.0,56026.0,0.0,36,1700.0,1701.0,3,1706.0,1705.0,1705.0,1700.0,140.0,238140.0,16011
2023-05-09 21:01:07,SA2404,SA404,1700.0,8.0,13608.0,8.0,28,1700.0,1701.0,3,1706.0,1705.0,1705.0,1700.0,148.0,251748.0,16019
2023-05-09 21:01:08,SA2404,SA404,1700.0,8.0,13608.0,8.0,21,1700.0,1701.0,3,1706.0,1705.0,1705.0,1700.0,156.0,265356.0,16027
2023-05-09 21:01:08,SA2404,SA404,1700.0,3.0,5103.0,3.0,18,1700.0,1701.0,3,1706.0,1705.0,1705.0,1700.0,159.0,270459.0,16030
2023-05-09 21:01:09,SA2404,SA404,1700.0,18.0,30618.0,18.0,4,1699.0,1701.0,4,1706.0,1705.0,1705.0,1700.0,177.0,301077.0,16048
2023-05-09 21:01:09,SA2404,SA404,1699.0,4.0,6804.0,4.0,2,1698.0,1699.0,2,1706.0,1705.0,1705.0,1699.0,181.0,307881.0,16052
2023-05-09 21:01:09,SA2404,SA404,1698.0,1.0,1701.0,1.0,1,1698.0,1699.0,3,1706.0,1705.0,1705.0,1698.0,182.0,309582.0,16053
2023-05-09 21:01:10,SA2404,SA404,1699.0,2.0,3402.0,2.0,5,1698.0,1699.0,1,1706.0,1705.0,1705.0,1698.0,184.0,312984.0,16055
2023-05-09 21:01:11,SA2404,SA404,1699.0,0.0,0.0,0.0,5,1698.0,1699.0,2,1706.0,1705.0,1705.0,1698.0,184.0,312984.0,16055
2023-05-09 21:01:12,SA2404,SA404,1699.0,1.0,1701.0,-1.0,6,1698.0,1700.0,3,1706.0,1705.0,1705.0,1698.0,185.0,314685.0,16054
2023-05-09 21:01:13,SA2404,SA404,1699.0,2.0,3402.0,2.0,2,1700.0,1701.0,6,1706.0,1705.0,1705.0,1698.0,187.0,318087.0,16056
2023-05-09 21:01:13,SA2404,SA404,1700.0,2.0,3402.0,2.0,1,1699.0,1701.0,6,1706.0,1705.0,1705.0,1698.0,189.0,321489.0,16058
2023-05-09 21:01:13,SA2404,SA404,1699.0,1.0,1701.0,1.0,6,1698.0,1701.0,10,1706.0,1705.0,1705.0,1698.0,190.0,323190.0,16059
2023-05-09 21:01:15,SA2404,SA404,1699.0,0.0,0.0,0.0,6,1698.0,1700.0,1,1706.0,1705.0,1705.0,1698.0,190.0,323190.0,16059
2023-05-09 21:01:15,SA2404,SA404,1700.0,1.0,1701.0,1.0,6,1698.0,1700.0,6,1706.0,1705.0,1705.0,1698.0,191.0,324891.0,16060
2023-05-09 21:01:16,SA2404,SA404,1700.0,0.0,0.0,0.0,6,1698.0,1700.0,4,1706.0,1705.0,1705.0,1698.0,191.0,324891.0,16060
2023-05-09 21:01:16,SA2404,SA404,1700.0,0.0,0.0,0.0,6,1698.0,1700.0,1,1706.0,1705.0,1705.0,1698.0,191.0,324891.0,16060
2023-05-09 21:01:18,SA2404,SA404,1700.0,0.0,0.0,0.0,8,1698.0,1700.0,1,1706.0,1705.0,1705.0,1698.0,191.0,324891.0,16060
2023-05-09 21:01:19,SA2404,SA404,1700.0,0.0,0.0,0.0,7,1698.0,1700.0,1,1706.0,1705.0,1705.0,1698.0,191.0,324891.0,16060
2023-05-09 21:01:19,SA2404,SA404,1698.0,1.0,1701.0,0.0,7,1698.0,1699.0,1,1706.0,1705.0,1705.0,1698.0,192.0,326592.0,16060
2023-05-09 21:01:21,SA2404,SA404,1698.0,0.0,0.0,0.0,7,1698.0,1699.0,2,1706.0,1705.0,1705.0,1698.0,192.0,326592.0,16060
2023-05-09 21:01:22,SA2404,SA404,1698.0,0.0,0.0,0.0,7,1698.0,1699.0,3,1706.0,1705.0,1705.0,1698.0,192.0,326592.0,16060
2023-05-09 21:01:22,SA2404,SA404,1698.0,0.0,0.0,0.0,7,1698.0,1699.0,2,1706.0,1705.0,1705.0,1698.0,192.0,326592.0,16060
2023-05-09 21:01:24,SA2404,SA404,1699.0,2.0,3402.0,1.0,7,1698.0,1700.0,7,1706.0,1705.0,1705.0,1698.0,194.0,329994.0,16061
2023-05-09 21:01:24,SA2404,SA404,1699.0,0.0,0.0,0.0,8,1698.0,1700.0,7,1706.0,1705.0,1705.0,1698.0,194.0,329994.0,16061
2023-05-09 21:01:26,SA2404,SA404,1699.0,1.0,1701.0,1.0,9,1698.0,1700.0,6,1706.0,1705.0,1705.0,1698.0,195.0,331695.0,16062
2023-05-09 21:01:27,SA2404,SA404,1698.0,1.0,1701.0,1.0,8,1698.0,1700.0,5,1706.0,1705.0,1705.0,1698.0,196.0,333396.0,16063
2023-05-09 21:01:27,SA2404,SA404,1698.0,1.0,1701.0,1.0,8,1698.0,1699.0,1,1706.0,1705.0,1705.0,1698.0,197.0,335097.0,16064
2023-05-09 21:01:27,SA2404,SA404,1698.0,0.0,0.0,0.0,8,1698.0,1699.0,5,1706.0,1705.0,1705.0,1698.0,197.0,335097.0,16064
2023-05-09 21:01:28,SA2404,SA404,1698.0,0.0,0.0,0.0,8,1698.0,1699.0,4,1706.0,1705.0,1705.0,1698.0,197.0,335097.0,16064
2023-05-09 21:01:28,SA2404,SA404,1698.0,4.0,6804.0,0.0,1,1699.0,1700.0,1,1706.0,1705.0,1705.0,1698.0,201.0,341901.0,16064
2023-05-09 21:01:30,SA2404,SA404,1698.0,0.0,0.0,0.0,9,1698.0,1701.0,6,1706.0,1705.0,1705.0,1698.0,201.0,341901.0,16064
2023-05-09 21:01:30,SA2404,SA404,1698.0,0.0,0.0,0.0,9,1698.0,1700.0,1,1706.0,1705.0,1705.0,1698.0,201.0,341901.0,16064
2023-05-09 21:01:30,SA2404,SA404,1698.0,0.0,0.0,0.0,9,1698.0,1701.0,6,1706.0,1705.0,1705.0,1698.0,201.0,341901.0,16064
2023-05-09 21:01:31,SA2404,SA404,1698.0,0.0,0.0,0.0,1,1699.0,1701.0,6,1706.0,1705.0,1705.0,1698.0,201.0,341901.0,16064
2023-05-09 21:01:31,SA2404,SA404,1698.0,0.0,0.0,0.0,1,1699.0,1701.0,4,1706.0,1705.0,1705.0,1698.0,201.0,341901.0,16064
2023-05-09 21:01:32,SA2404,SA404,1698.0,0.0,0.0,0.0,2,1699.0,1701.0,4,1706.0,1705.0,1705.0,1698.0,201.0,341901.0,16064
2023-05-09 21:01:35,SA2404,SA404,1698.0,0.0,0.0,0.0,2,1699.0,1701.0,5,1706.0,1705.0,1705.0,1698.0,201.0,341901.0,16064
2023-05-09 21:01:36,SA2404,SA404,1698.0,0.0,0.0,0.0,2,1699.0,1700.0,4,1706.0,1705.0,1705.0,1698.0,201.0,341901.0,16064
2023-05-09 21:01:36,SA2404,SA404,1698.0,0.0,0.0,0.0,3,1699.0,1700.0,4,1706.0,1705.0,1705.0,1698.0,201.0,341901.0,16064
2023-05-09 21:01:36,SA2404,SA404,1698.0,0.0,0.0,0.0,2,1699.0,1700.0,4,1706.0,1705.0,1705.0,1698.0,201.0,341901.0,16064
2023-05-09 21:01:36,SA2404,SA404,1698.0,0.0,0.0,0.0,4,1699.0,1700.0,4,1706.0,1705.0,1705.0,1698.0,201.0,341901.0,16064
2023-05-09 21:01:36,SA2404,SA404,1698.0,0.0,0.0,0.0,3,1699.0,1700.0,4,1706.0,1705.0,1705.0,1698.0,201.0,341901.0,16064
2023-05-09 21:01:36,SA2404,SA404,1698.0,0.0,0.0,0.0,4,1699.0,1700.0,4,1706.0,1705.0,1705.0,1698.0,201.0,341901.0,16064
2023-05-09 21:01:37,SA2404,SA404,1698.0,0.0,0.0,0.0,4,1699.0,1701.0,8,1706.0,1705.0,1705.0,1698.0,201.0,341901.0,16064
2023-05-09 21:01:38,SA2404,SA404,1698.0,5.0,8505.0,-1.0,9,1698.0,1701.0,8,1706.0,1705.0,1705.0,1698.0,206.0,350406.0,16063
2023-05-09 21:01:39,SA2404,SA404,1698.0,0.0,0.0,0.0,12,1698.0,1701.0,8,1706.0,1705.0,1705.0,1698.0,206.0,350406.0,16063
2023-05-09 21:01:40,SA2404,SA404,1698.0,0.0,0.0,0.0,1,1699.0,1701.0,4,1706.0,1705.0,1705.0,1698.0,206.0,350406.0,16063
2023-05-09 21:01:40,SA2404,SA404,1698.0,0.0,0.0,0.0,3,1699.0,1701.0,4,1706.0,1705.0,1705.0,1698.0,206.0,350406.0,16063
2023-05-09 21:01:44,SA2404,SA404,1698.0,0.0,0.0,0.0,2,1699.0,1701.0,8,1706.0,1705.0,1705.0,1698.0,206.0,350406.0,16063
2023-05-09 21:01:45,SA2404,SA404,1698.0,0.0,0.0,0.0,3,1699.0,1701.0,11,1706.0,1705.0,1705.0,1698.0,206.0,350406.0,16063
2023-05-09 21:01:45,SA2404,SA404,1698.0,0.0,0.0,0.0,4,1699.0,1701.0,4,1706.0,1705.0,1705.0,1698.0,206.0,350406.0,16063
2023-05-09 21:01:46,SA2404,SA404,1698.0,0.0,0.0,0.0,6,1699.0,1701.0,4,1706.0,1705.0,1705.0,1698.0,206.0,350406.0,16063
2023-05-09 21:01:46,SA2404,SA404,1698.0,0.0,0.0,0.0,7,1699.0,1701.0,5,1706.0,1705.0,1705.0,1698.0,206.0,350406.0,16063
2023-05-09 21:01:47,SA2404,SA404,1698.0,0.0,0.0,0.0,8,1699.0,1701.0,4,1706.0,1705.0,1705.0,1698.0,206.0,350406.0,16063
2023-05-09 21:01:48,SA2404,SA404,1698.0,0.0,0.0,0.0,8,1699.0,1701.0,5,1706.0,1705.0,1705.0,1698.0,206.0,350406.0,16063
2023-05-09 21:01:49,SA2404,SA404,1698.0,0.0,0.0,0.0,8,1699.0,1701.0,4,1706.0,1705.0,1705.0,1698.0,206.0,350406.0,16063
2023-05-09 21:01:49,SA2404,SA404,1698.0,0.0,0.0,0.0,1,1700.0,1701.0,4,1706.0,1705.0,1705.0,1698.0,206.0,350406.0,16063
2023-05-09 21:01:49,SA2404,SA404,1698.0,0.0,0.0,0.0,1,1700.0,1701.0,8,1706.0,1705.0,1705.0,1698.0,206.0,350406.0,16063
2023-05-09 21:01:50,SA2404,SA404,1698.0,0.0,0.0,0.0,1,1700.0,1701.0,4,1706.0,1705.0,1705.0,1698.0,206.0,350406.0,16063
2023-05-09 21:01:51,SA2404,SA404,1698.0,0.0,0.0,0.0,1,1700.0,1701.0,8,1706.0,1705.0,1705.0,1698.0,206.0,350406.0,16063
2023-05-09 21:01:53,SA2404,SA404,1700.0,1.0,1701.0,1.0,5,1699.0,1701.0,8,1706.0,1705.0,1705.0,1698.0,207.0,352107.0,16064
2023-05-09 21:01:54,SA2404,SA404,1700.0,0.0,0.0,0.0,6,1699.0,1701.0,8,1706.0,1705.0,1705.0,1698.0,207.0,352107.0,16064
2023-05-09 21:01:56,SA2404,SA404,1700.0,0.0,0.0,0.0,7,1699.0,1701.0,4,1706.0,1705.0,1705.0,1698.0,207.0,352107.0,16064
2023-05-09 21:01:56,SA2404,SA404,1700.0,0.0,0.0,0.0,9,1699.0,1701.0,4,1706.0,1705.0,1705.0,1698.0,207.0,352107.0,16064
2023-05-09 21:01:58,SA2404,SA404,1700.0,0.0,0.0,0.0,10,1699.0,1701.0,4,1706.0,1705.0,1705.0,1698.0,207.0,352107.0,16064
2023-05-09 21:02:02,SA2404,SA404,1700.0,0.0,0.0,0.0,9,1699.0,1701.0,4,1706.0,1705.0,1705.0,1698.0,207.0,352107.0,16064
2023-05-09 21:02:02,SA2404,SA404,1700.0,0.0,0.0,0.0,8,1699.0,1701.0,4,1706.0,1705.0,1705.0,1698.0,207.0,352107.0,16064
2023-05-09 21:02:02,SA2404,SA404,1700.0,0.0,0.0,0.0,10,1699.0,1701.0,4,1706.0,1705.0,1705.0,1698.0,207.0,352107.0,16064
2023-05-09 21:02:05,SA2404,SA404,1700.0,0.0,0.0,0.0,10,1699.0,1701.0,5,1706.0,1705.0,1705.0,1698.0,207.0,352107.0,16064
2023-05-09 21:02:06,SA2404,SA404,1700.0,0.0,0.0,0.0,10,1699.0,1700.0,2,1706.0,1705.0,1705.0,1698.0,207.0,352107.0,16064
2023-05-09 21:02:06,SA2404,SA404,1700.0,0.0,0.0,0.0,11,1699.0,1700.0,2,1706.0,1705.0,1705.0,1698.0,207.0,352107.0,16064
2023-05-09 21:02:10,SA2404,SA404,1700.0,2.0,3402.0,0.0,1,1700.0,1701.0,4,1706.0,1705.0,1705.0,1698.0,209.0,355509.0,16064
2023-05-09 21:02:11,SA2404,SA404,1700.0,0.0,0.0,0.0,4,1700.0,1701.0,4,1706.0,1705.0,1705.0,1698.0,209.0,355509.0,16064
2023-05-09 21:02:11,SA2404,SA404,1700.0,0.0,0.0,0.0,2,1700.0,1701.0,4,1706.0,1705.0,1705.0,1698.0,209.0,355509.0,16064
2023-05-09 21:02:11,SA2404,SA404,1700.0,0.0,0.0,0.0,4,1700.0,1701.0,4,1706.0,1705.0,1705.0,1698.0,209.0,355509.0,16064
2023-05-09 21:02:11,SA2404,SA404,1700.0,0.0,0.0,0.0,11,1699.0,1701.0,5,1706.0,1705.0,1705.0,1698.0,209.0,355509.0,16064
2023-05-09 21:02:11,SA2404,SA404,1700.0,0.0,0.0,0.0,2,1700.0,1701.0,4,1706.0,1705.0,1705.0,1698.0,209.0,355509.0,16064
2023-05-09 21:02:12,SA2404,SA404,1699.0,5.0,8505.0,-5.0,1,1700.0,1701.0,5,1706.0,1705.0,1705.0,1698.0,214.0,364014.0,16059
2023-05-09 21:02:12,SA2404,SA404,1699.0,0.0,0.0,0.0,2,1700.0,1701.0,5,1706.0,1705.0,1705.0,1698.0,214.0,364014.0,16059
2023-05-09 21:02:12,SA2404,SA404,1699.0,0.0,0.0,0.0,1,1700.0,1701.0,5,1706.0,1705.0,1705.0,1698.0,214.0,364014.0,16059
2023-05-09 21:02:13,SA2404,SA404,1699.0,0.0,0.0,0.0,4,1700.0,1701.0,4,1706.0,1705.0,1705.0,1698.0,214.0,364014.0,16059
2023-05-09 21:02:15,SA2404,SA404,1701.0,1.0,1701.0,-1.0,3,1700.0,1701.0,3,1706.0,1705.0,1705.0,1698.0,215.0,365715.0,16058
2023-05-09 21:02:15,SA2404,SA404,1701.0,0.0,0.0,0.0,4,1700.0,1701.0,3,1706.0,1705.0,1705.0,1698.0,215.0,365715.0,16058
2023-05-09 21:02:15,SA2404,SA404,1701.0,0.0,0.0,0.0,3,1700.0,1701.0,3,1706.0,1705.0,1705.0,1698.0,215.0,365715.0,16058
2023-05-09 21:02:15,SA2404,SA404,1701.0,0.0,0.0,0.0,4,1700.0,1701.0,3,1706.0,1705.0,1705.0,1698.0,215.0,365715.0,16058
2023-05-09 21:02:19,SA2404,SA404,1701.0,0.0,0.0,0.0,5,1700.0,1701.0,3,1706.0,1705.0,1705.0,1698.0,215.0,365715.0,16058
2023-05-09 21:02:19,SA2404,SA404,1701.0,0.0,0.0,0.0,9,1700.0,1701.0,3,1706.0,1705.0,1705.0,1698.0,215.0,365715.0,16058
2023-05-09 21:02:19,SA2404,SA404,1701.0,0.0,0.0,0.0,4,1700.0,1701.0,4,1706.0,1705.0,1705.0,1698.0,215.0,365715.0,16058
2023-05-09 21:02:20,SA2404,SA404,1701.0,0.0,0.0,0.0,5,1700.0,1701.0,3,1706.0,1705.0,1705.0,1698.0,215.0,365715.0,16058
2023-05-09 21:02:20,SA2404,SA404,1701.0,0.0,0.0,0.0,10,1700.0,1701.0,3,1706.0,1705.0,1705.0,1698.0,215.0,365715.0,16058
2023-05-09 21:02:21,SA2404,SA404,1701.0,0.0,0.0,0.0,11,1700.0,1701.0,3,1706.0,1705.0,1705.0,1698.0,215.0,365715.0,16058
2023-05-09 21:02:21,SA2404,SA404,1701.0,0.0,0.0,0.0,10,1700.0,1701.0,3,1706.0,1705.0,1705.0,1698.0,215.0,365715.0,16058
2023-05-09 21:02:22,SA2404,SA404,1701.0,2.0,3402.0,0.0,5,1700.0,1701.0,2,1706.0,1705.0,1705.0,1698.0,217.0,369117.0,16058
2023-05-09 21:02:22,SA2404,SA404,1701.0,1.0,1701.0,-1.0,6,1700.0,1701.0,1,1706.0,1705.0,1705.0,1698.0,218.0,370818.0,16057
2023-05-09 21:02:23,SA2404,SA404,1701.0,1.0,1701.0,-1.0,12,1700.0,1701.0,1,1706.0,1705.0,1705.0,1698.0,219.0,372519.0,16056
2023-05-09 21:02:23,SA2404,SA404,1701.0,1.0,1701.0,-1.0,11,1700.0,1703.0,25,1706.0,1705.0,1705.0,1698.0,220.0,374220.0,16055
2023-05-09 21:02:24,SA2404,SA404,1701.0,0.0,0.0,0.0,11,1700.0,1703.0,24,1706.0,1705.0,1705.0,1698.0,220.0,374220.0,16055
2023-05-09 21:02:26,SA2404,SA404,1701.0,0.0,0.0,0.0,11,1700.0,1703.0,23,1706.0,1705.0,1705.0,1698.0,220.0,374220.0,16055
2023-05-09 21:02:26,SA2404,SA404,1701.0,0.0,0.0,0.0,4,1701.0,1703.0,23,1706.0,1705.0,1705.0,1698.0,220.0,374220.0,16055
2023-05-09 21:02:27,SA2404,SA404,1701.0,0.0,0.0,0.0,8,1702.0,1703.0,18,1706.0,1705.0,1705.0,1698.0,220.0,374220.0,16055
2023-05-09 21:02:29,SA2404,SA404,1701.0,2.0,3402.0,-2.0,6,1702.0,1703.0,18,1706.0,1705.0,1705.0,1698.0,222.0,377622.0,16053
2023-05-09 21:02:30,SA2404,SA404,1703.0,2.0,3402.0,-2.0,5,1702.0,1703.0,16,1706.0,1705.0,1705.0,1698.0,224.0,381024.0,16051
2023-05-09 21:02:33,SA2404,SA404,1703.0,0.0,0.0,0.0,4,1702.0,1703.0,16,1706.0,1705.0,1705.0,1698.0,224.0,381024.0,16051
2023-05-09 21:02:34,SA2404,SA404,1703.0,0.0,0.0,0.0,2,1702.0,1703.0,16,1706.0,1705.0,1705.0,1698.0,224.0,381024.0,16051
2023-05-09 21:02:37,SA2404,SA404,1703.0,0.0,0.0,0.0,4,1702.0,1703.0,16,1706.0,1705.0,1705.0,1698.0,224.0,381024.0,16051
2023-05-09 21:02:38,SA2404,SA404,1703.0,0.0,0.0,0.0,2,1702.0,1703.0,17,1706.0,1705.0,1705.0,1698.0,224.0,381024.0,16051
2023-05-09 21:02:39,SA2404,SA404,1703.0,0.0,0.0,0.0,7,1702.0,1703.0,17,1706.0,1705.0,1705.0,1698.0,224.0,381024.0,16051
2023-05-09 21:02:39,SA2404,SA404,1703.0,6.0,10206.0,-3.0,7,1702.0,1703.0,11,1706.0,1705.0,1705.0,1698.0,230.0,391230.0,16048
2023-05-09 21:02:43,SA2404,SA404,1702.0,2.0,3402.0,-1.0,6,1702.0,1703.0,10,1706.0,1705.0,1705.0,1698.0,232.0,394632.0,16047
2023-05-09 21:02:48,SA2404,SA404,1703.0,1.0,1701.0,-1.0,6,1702.0,1703.0,9,1706.0,1705.0,1705.0,1698.0,233.0,396333.0,16046
2023-05-09 21:02:50,SA2404,SA404,1703.0,3.0,5103.0,-3.0,7,1702.0,1703.0,6,1706.0,1705.0,1705.0,1698.0,236.0,401436.0,16043
2023-05-09 21:02:50,SA2404,SA404,1703.0,0.0,0.0,0.0,6,1702.0,1703.0,6,1706.0,1705.0,1705.0,1698.0,236.0,401436.0,16043
2023-05-09 21:02:50,SA2404,SA404,1703.0,0.0,0.0,0.0,7,1702.0,1703.0,6,1706.0,1705.0,1705.0,1698.0,236.0,401436.0,16043
2023-05-09 21:02:51,SA2404,SA404,1703.0,0.0,0.0,0.0,7,1702.0,1703.0,5,1706.0,1705.0,1705.0,1698.0,236.0,401436.0,16043
2023-05-09 21:02:51,SA2404,SA404,1703.0,5.0,8505.0,-5.0,10,1703.0,1704.0,23,1706.0,1705.0,1705.0,1698.0,241.0,409941.0,16038
2023-05-09 21:02:52,SA2404,SA404,1704.0,7.0,11907.0,-3.0,10,1703.0,1704.0,16,1706.0,1705.0,1705.0,1698.0,248.0,421848.0,16035
2023-05-09 21:02:54,SA2404,SA404,1703.0,1.0,1701.0,-1.0,9,1703.0,1704.0,15,1706.0,1705.0,1705.0,1698.0,249.0,423549.0,16034
2023-05-09 21:02:54,SA2404,SA404,1703.0,1.0,1701.0,0.0,8,1703.0,1704.0,15,1706.0,1705.0,1705.0,1698.0,250.0,425250.0,16034
2023-05-09 21:02:56,SA2404,SA404,1703.0,5.0,8505.0,0.0,8,1703.0,1704.0,15,1706.0,1705.0,1705.0,1698.0,255.0,433755.0,16034
2023-05-09 21:02:57,SA2404,SA404,1703.0,1.0,1701.0,-1.0,7,1703.0,1704.0,15,1706.0,1705.0,1705.0,1698.0,256.0,435456.0,16033
2023-05-09 21:02:58,SA2404,SA404,1704.0,1.0,1701.0,-1.0,7,1703.0,1704.0,14,1706.0,1705.0,1705.0,1698.0,257.0,437157.0,16032
2023-05-09 21:03:01,SA2404,SA404,1703.0,7.0,11907.0,-4.0,8,1702.0,1704.0,14,1706.0,1705.0,1705.0,1698.0,264.0,449064.0,16028
2023-05-09 21:03:02,SA2404,SA404,1703.0,0.0,0.0,0.0,18,1702.0,1704.0,13,1706.0,1705.0,1705.0,1698.0,264.0,449064.0,16028
2023-05-09 21:03:06,SA2404,SA404,1703.0,0.0,0.0,0.0,18,1702.0,1704.0,12,1706.0,1705.0,1705.0,1698.0,264.0,449064.0,16028
2023-05-09 21:03:08,SA2404,SA404,1703.0,0.0,0.0,0.0,20,1702.0,1704.0,12,1706.0,1705.0,1705.0,1698.0,264.0,449064.0,16028
2023-05-09 21:03:09,SA2404,SA404,1703.0,0.0,0.0,0.0,19,1702.0,1704.0,12,1706.0,1705.0,1705.0,1698.0,264.0,449064.0,16028
2023-05-09 21:03:09,SA2404,SA404,1703.0,0.0,0.0,0.0,18,1702.0,1704.0,12,1706.0,1705.0,1705.0,1698.0,264.0,449064.0,16028
2023-05-09 21:03:11,SA2404,SA404,1703.0,0.0,0.0,0.0,18,1702.0,1704.0,13,1706.0,1705.0,1705.0,1698.0,264.0,449064.0,16028
2023-05-09 21:03:11,SA2404,SA404,1703.0,0.0,0.0,0.0,18,1702.0,1703.0,1,1706.0,1705.0,1705.0,1698.0,264.0,449064.0,16028
2023-05-09 21:03:11,SA2404,SA404,1703.0,0.0,0.0,0.0,18,1702.0,1704.0,12,1706.0,1705.0,1705.0,1698.0,264.0,449064.0,16028
2023-05-09 21:03:15,SA2404,SA404,1703.0,0.0,0.0,0.0,19,1702.0,1704.0,12,1706.0,1705.0,1705.0,1698.0,264.0,449064.0,16028
2023-05-09 21:03:16,SA2404,SA404,1703.0,0.0,0.0,0.0,19,1702.0,1704.0,13,1706.0,1705.0,1705.0,1698.0,264.0,449064.0,16028
2023-05-09 21:03:17,SA2404,SA404,1703.0,0.0,0.0,0.0,19,1702.0,1703.0,5,1706.0,1705.0,1705.0,1698.0,264.0,449064.0,16028
2023-05-09 21:03:19,SA2404,SA404,1703.0,0.0,0.0,0.0,20,1702.0,1703.0,5,1706.0,1705.0,1705.0,1698.0,264.0,449064.0,16028
2023-05-09 21:03:20,SA2404,SA404,1703.0,0.0,0.0,0.0,19,1702.0,1703.0,5,1706.0,1705.0,1705.0,1698.0,264.0,449064.0,16028
2023-05-09 21:03:21,SA2404,SA404,1703.0,0.0,0.0,0.0,20,1702.0,1703.0,5,1706.0,1705.0,1705.0,1698.0,264.0,449064.0,16028
2023-05-09 21:03:22,SA2404,SA404,1703.0,5.0,8505.0,5.0,19,1702.0,1704.0,13,1706.0,1705.0,1705.0,1698.0,269.0,457569.0,16033
2023-05-09 21:03:22,SA2404,SA404,1703.0,0.0,0.0,0.0,19,1702.0,1703.0,1,1706.0,1705.0,1705.0,1698.0,269.0,457569.0,16033
2023-05-09 21:03:25,SA2404,SA404,1703.0,1.0,1701.0,0.0,19,1702.0,1704.0,13,1706.0,1705.0,1705.0,1698.0,270.0,459270.0,16033
2023-05-09 21:03:27,SA2404,SA404,1703.0,0.0,0.0,0.0,19,1702.0,1703.0,1,1706.0,1705.0,1705.0,1698.0,270.0,459270.0,16033
2023-05-09 21:03:30,SA2404,SA404,1703.0,0.0,0.0,0.0,20,1702.0,1703.0,1,1706.0,1705.0,1705.0,1698.0,270.0,459270.0,16033
2023-05-09 21:03:33,SA2404,SA404,1703.0,0.0,0.0,0.0,19,1702.0,1703.0,1,1706.0,1705.0,1705.0,1698.0,270.0,459270.0,16033
2023-05-09 21:03:34,SA2404,SA404,1703.0,0.0,0.0,0.0,20,1702.0,1703.0,1,1706.0,1705.0,1705.0,1698.0,270.0,459270.0,16033
2023-05-09 21:03:35,SA2404,SA404,1703.0,1.0,1701.0,-1.0,19,1703.0,1704.0,13,1706.0,1705.0,1705.0,1698.0,271.0,460971.0,16032
2023-05-09 21:03:36,SA2404,SA404,1703.0,1.0,1701.0,0.0,18,1703.0,1704.0,12,1706.0,1705.0,1705.0,1698.0,272.0,462672.0,16032
2023-05-09 21:03:39,SA2404,SA404,1703.0,2.0,3402.0,-1.0,16,1703.0,1704.0,11,1706.0,1705.0,1705.0,1698.0,274.0,466074.0,16031
2023-05-09 21:03:41,SA2404,SA404,1703.0,1.0,1701.0,0.0,15,1703.0,1704.0,15,1706.0,1705.0,1705.0,1698.0,275.0,467775.0,16031
2023-05-09 21:03:43,SA2404,SA404,1703.0,1.0,1701.0,0.0,14,1703.0,1704.0,14,1706.0,1705.0,1705.0,1698.0,276.0,469476.0,16031
2023-05-09 21:03:45,SA2404,SA404,1703.0,1.0,1701.0,0.0,13,1703.0,1704.0,13,1706.0,1705.0,1705.0,1698.0,277.0,471177.0,16031
2023-05-09 21:03:47,SA2404,SA404,1703.0,1.0,1701.0,0.0,12,1703.0,1704.0,12,1706.0,1705.0,1705.0,1698.0,278.0,472878.0,16031
2023-05-09 21:03:49,SA2404,SA404,1703.0,1.0,1701.0,0.0,11,1703.0,1704.0,11,1706.0,1705.0,1705.0,1698.0,279.0,474579.0,16031
2023-05-09 21:03:49,SA2404,SA404,1703.0,0.0,0.0,0.0,11,1703.0,1704.0,12,1706.0,1705.0,1705.0,1698.0,279.0,474579.0,16031
2023-05-09 21:03:51,SA2404,SA404,1703.0,1.0,1701.0,0.0,10,1703.0,1704.0,11,1706.0,1705.0,1705.0,1698.0,280.0,476280.0,16031
2023-05-09 21:03:53,SA2404,SA404,1703.0,0.0,0.0,0.0,10,1703.0,1704.0,12,1706.0,1705.0,1705.0,1698.0,280.0,476280.0,16031
2023-05-09 21:03:54,SA2404,SA404,1703.0,1.0,1701.0,0.0,9,1703.0,1704.0,12,1706.0,1705.0,1705.0,1698.0,281.0,477981.0,16031
2023-05-09 21:03:55,SA2404,SA404,1703.0,0.0,0.0,0.0,9,1703.0,1704.0,13,1706.0,1705.0,1705.0,1698.0,281.0,477981.0,16031
2023-05-09 21:03:56,SA2404,SA404,1703.0,2.0,3402.0,0.0,9,1703.0,1704.0,12,1706.0,1705.0,1705.0,1698.0,283.0,481383.0,16031
2023-05-09 21:04:02,SA2404,SA404,1703.0,0.0,0.0,0.0,9,1703.0,1704.0,13,1706.0,1705.0,1705.0,1698.0,283.0,481383.0,16031
2023-05-09 21:04:03,SA2404,SA404,1703.0,0.0,0.0,0.0,9,1703.0,1704.0,12,1706.0,1705.0,1705.0,1698.0,283.0,481383.0,16031
2023-05-09 21:04:12,SA2404,SA404,1703.0,0.0,0.0,0.0,9,1703.0,1704.0,20,1706.0,1705.0,1705.0,1698.0,283.0,481383.0,16031
2023-05-09 21:04:12,SA2404,SA404,1703.0,6.0,10206.0,-3.0,3,1703.0,1704.0,20,1706.0,1705.0,1705.0,1698.0,289.0,491589.0,16028
2023-05-09 21:04:14,SA2404,SA404,1703.0,0.0,0.0,0.0,3,1703.0,1704.0,19,1706.0,1705.0,1705.0,1698.0,289.0,491589.0,16028
2023-05-09 21:04:17,SA2404,SA404,1703.0,0.0,0.0,0.0,4,1703.0,1704.0,17,1706.0,1705.0,1705.0,1698.0,289.0,491589.0,16028
2023-05-09 21:04:20,SA2404,SA404,1703.0,0.0,0.0,0.0,4,1703.0,1704.0,18,1706.0,1705.0,1705.0,1698.0,289.0,491589.0,16028
2023-05-09 21:04:21,SA2404,SA404,1703.0,1.0,1701.0,0.0,3,1703.0,1704.0,19,1706.0,1705.0,1705.0,1698.0,290.0,493290.0,16028
2023-05-09 21:04:22,SA2404,SA404,1703.0,0.0,0.0,0.0,3,1703.0,1704.0,24,1706.0,1705.0,1705.0,1698.0,290.0,493290.0,16028
2023-05-09 21:04:24,SA2404,SA404,1703.0,0.0,0.0,0.0,5,1703.0,1704.0,24,1706.0,1705.0,1705.0,1698.0,290.0,493290.0,16028
2023-05-09 21:04:26,SA2404,SA404,1703.0,3.0,5103.0,1.0,3,1703.0,1704.0,23,1706.0,1705.0,1705.0,1698.0,293.0,498393.0,16029
2023-05-09 21:04:27,SA2404,SA404,1703.0,0.0,0.0,0.0,3,1703.0,1704.0,24,1706.0,1705.0,1705.0,1698.0,293.0,498393.0,16029
2023-05-09 21:04:28,SA2404,SA404,1703.0,0.0,0.0,0.0,3,1703.0,1704.0,25,1706.0,1705.0,1705.0,1698.0,293.0,498393.0,16029
2023-05-09 21:04:29,SA2404,SA404,1703.0,0.0,0.0,0.0,3,1703.0,1704.0,26,1706.0,1705.0,1705.0,1698.0,293.0,498393.0,16029
2023-05-09 21:04:34,SA2404,SA404,1704.0,1.0,1701.0,0.0,3,1703.0,1704.0,25,1706.0,1705.0,1705.0,1698.0,294.0,500094.0,16029
2023-05-09 21:04:36,SA2404,SA404,1703.0,1.0,1701.0,1.0,2,1703.0,1704.0,24,1706.0,1705.0,1705.0,1698.0,295.0,501795.0,16030
2023-05-09 21:04:36,SA2404,SA404,1703.0,0.0,0.0,0.0,1,1703.0,1704.0,24,1706.0,1705.0,1705.0,1698.0,295.0,501795.0,16030
2023-05-09 21:04:37,SA2404,SA404,1703.0,1.0,1701.0,1.0,19,1702.0,1704.0,23,1706.0,1705.0,1705.0,1698.0,296.0,503496.0,16031
2023-05-09 21:04:38,SA2404,SA404,1703.0,0.0,0.0,0.0,19,1702.0,1703.0,1,1706.0,1705.0,1705.0,1698.0,296.0,503496.0,16031
2023-05-09 21:04:41,SA2404,SA404,1703.0,0.0,0.0,0.0,19,1702.0,1703.0,2,1706.0,1705.0,1705.0,1698.0,296.0,503496.0,16031
2023-05-09 21:04:45,SA2404,SA404,1703.0,0.0,0.0,0.0,19,1702.0,1703.0,3,1706.0,1705.0,1705.0,1698.0,296.0,503496.0,16031
2023-05-09 21:04:48,SA2404,SA404,1703.0,0.0,0.0,0.0,19,1702.0,1703.0,2,1706.0,1705.0,1705.0,1698.0,296.0,503496.0,16031
2023-05-09 21:04:49,SA2404,SA404,1703.0,0.0,0.0,0.0,20,1702.0,1703.0,1,1706.0,1705.0,1705.0,1698.0,296.0,503496.0,16031
2023-05-09 21:04:50,SA2404,SA404,1703.0,0.0,0.0,0.0,19,1702.0,1703.0,1,1706.0,1705.0,1705.0,1698.0,296.0,503496.0,16031
2023-05-09 21:04:51,SA2404,SA404,1703.0,0.0,0.0,0.0,19,1702.0,1703.0,2,1706.0,1705.0,1705.0,1698.0,296.0,503496.0,16031
2023-05-09 21:04:52,SA2404,SA404,1703.0,0.0,0.0,0.0,19,1702.0,1703.0,3,1706.0,1705.0,1705.0,1698.0,296.0,503496.0,16031
2023-05-09 21:04:52,SA2404,SA404,1703.0,0.0,0.0,0.0,19,1702.0,1703.0,10,1706.0,1705.0,1705.0,1698.0,296.0,503496.0,16031
2023-05-09 21:04:53,SA2404,SA404,1703.0,0.0,0.0,0.0,19,1702.0,1703.0,9,1706.0,1705.0,1705.0,1698.0,296.0,503496.0,16031
2023-05-09 21:04:53,SA2404,SA404,1703.0,0.0,0.0,0.0,19,1702.0,1703.0,2,1706.0,1705.0,1705.0,1698.0,296.0,503496.0,16031
2023-05-09 21:04:54,SA2404,SA404,1703.0,0.0,0.0,0.0,19,1702.0,1703.0,3,1706.0,1705.0,1705.0,1698.0,296.0,503496.0,16031
2023-05-09 21:04:54,SA2404,SA404,1703.0,0.0,0.0,0.0,19,1702.0,1703.0,4,1706.0,1705.0,1705.0,1698.0,296.0,503496.0,16031
2023-05-09 21:04:55,SA2404,SA404,1703.0,0.0,0.0,0.0,19,1702.0,1703.0,11,1706.0,1705.0,1705.0,1698.0,296.0,503496.0,16031
2023-05-09 21:05:00,SA2404,SA404,1703.0,0.0,0.0,0.0,19,1702.0,1703.0,12,1706.0,1705.0,1705.0,1698.0,296.0,503496.0,16031
2023-05-09 21:05:00,SA2404,SA404,1703.0,0.0,0.0,0.0,19,1702.0,1703.0,8,1706.0,1705.0,1705.0,1698.0,296.0,503496.0,16031
2023-05-09 21:05:02,SA2404,SA404,1702.0,17.0,28917.0,17.0,4,1702.0,1703.0,10,1706.0,1705.0,1705.0,1698.0,313.0,532413.0,16048
2023-05-09 21:05:02,SA2404,SA404,1702.0,1.0,1701.0,1.0,3,1702.0,1703.0,14,1706.0,1705.0,1705.0,1698.0,314.0,534114.0,16049
2023-05-09 21:05:03,SA2404,SA404,1702.0,3.0,5103.0,3.0,18,1701.0,1703.0,11,1706.0,1705.0,1705.0,1698.0,317.0,539217.0,16052
2023-05-09 21:05:03,SA2404,SA404,1702.0,0.0,0.0,0.0,18,1701.0,1702.0,1,1706.0,1705.0,1705.0,1698.0,317.0,539217.0,16052
2023-05-09 21:05:03,SA2404,SA404,1702.0,0.0,0.0,0.0,18,1701.0,1702.0,4,1706.0,1705.0,1705.0,1698.0,317.0,539217.0,16052
2023-05-09 21:05:04,SA2404,SA404,1702.0,0.0,0.0,0.0,18,1701.0,1703.0,12,1706.0,1705.0,1705.0,1698.0,317.0,539217.0,16052
2023-05-09 21:05:05,SA2404,SA404,1702.0,0.0,0.0,0.0,18,1701.0,1703.0,13,1706.0,1705.0,1705.0,1698.0,317.0,539217.0,16052
2023-05-09 21:05:06,SA2404,SA404,1702.0,0.0,0.0,0.0,18,1701.0,1702.0,1,1706.0,1705.0,1705.0,1698.0,317.0,539217.0,16052
2023-05-09 21:05:06,SA2404,SA404,1702.0,0.0,0.0,0.0,18,1701.0,1702.0,5,1706.0,1705.0,1705.0,1698.0,317.0,539217.0,16052
2023-05-09 21:05:07,SA2404,SA404,1702.0,1.0,1701.0,1.0,18,1701.0,1702.0,10,1706.0,1705.0,1705.0,1698.0,318.0,540918.0,16053
2023-05-09 21:05:08,SA2404,SA404,1701.0,1.0,1701.0,1.0,17,1701.0,1702.0,20,1706.0,1705.0,1705.0,1698.0,319.0,542619.0,16054
2023-05-09 21:05:10,SA2404,SA404,1701.0,10.0,17010.0,10.0,7,1701.0,1702.0,15,1706.0,1705.0,1705.0,1698.0,329.0,559629.0,16064
2023-05-09 21:05:10,SA2404,SA404,1701.0,0.0,0.0,0.0,7,1701.0,1702.0,16,1706.0,1705.0,1705.0,1698.0,329.0,559629.0,16064
2023-05-09 21:05:11,SA2404,SA404,1701.0,1.0,1701.0,0.0,6,1701.0,1702.0,16,1706.0,1705.0,1705.0,1698.0,330.0,561330.0,16064
2023-05-09 21:05:12,SA2404,SA404,1701.0,6.0,10206.0,6.0,4,1700.0,1702.0,16,1706.0,1705.0,1705.0,1698.0,336.0,571536.0,16070
2023-05-09 21:05:13,SA2404,SA404,1701.0,0.0,0.0,0.0,1,1701.0,1702.0,16,1706.0,1705.0,1705.0,1698.0,336.0,571536.0,16070
2023-05-09 21:05:15,SA2404,SA404,1701.0,1.0,1701.0,1.0,4,1700.0,1702.0,18,1706.0,1705.0,1705.0,1698.0,337.0,573237.0,16071
2023-05-09 21:05:16,SA2404,SA404,1701.0,0.0,0.0,0.0,12,1700.0,1702.0,18,1706.0,1705.0,1705.0,1698.0,337.0,573237.0,16071
2023-05-09 21:05:18,SA2404,SA404,1701.0,0.0,0.0,0.0,10,1700.0,1702.0,18,1706.0,1705.0,1705.0,1698.0,337.0,573237.0,16071
2023-05-09 21:05:18,SA2404,SA404,1701.0,0.0,0.0,0.0,4,1700.0,1702.0,18,1706.0,1705.0,1705.0,1698.0,337.0,573237.0,16071
2023-05-09 21:05:19,SA2404,SA404,1702.0,1.0,1701.0,1.0,4,1700.0,1702.0,17,1706.0,1705.0,1705.0,1698.0,338.0,574938.0,16072
2023-05-09 21:05:20,SA2404,SA404,1700.0,2.0,3402.0,2.0,2,1700.0,1701.0,2,1706.0,1705.0,1705.0,1698.0,340.0,578340.0,16074
2023-05-09 21:05:20,SA2404,SA404,1700.0,0.0,0.0,0.0,2,1700.0,1701.0,6,1706.0,1705.0,1705.0,1698.0,340.0,578340.0,16074
2023-05-09 21:05:21,SA2404,SA404,1700.0,1.0,1701.0,1.0,1,1700.0,1701.0,6,1706.0,1705.0,1705.0,1698.0,341.0,580041.0,16075
2023-05-09 21:05:22,SA2404,SA404,1700.0,1.0,1701.0,0.0,12,1699.0,1701.0,6,1706.0,1705.0,1705.0,1698.0,342.0,581742.0,16075
2023-05-09 21:05:23,SA2404,SA404,1700.0,2.0,3402.0,0.0,1,1700.0,1701.0,6,1706.0,1705.0,1705.0,1698.0,344.0,585144.0,16075
2023-05-09 21:05:23,SA2404,SA404,1700.0,0.0,0.0,0.0,2,1700.0,1701.0,2,1706.0,1705.0,1705.0,1698.0,344.0,585144.0,16075
2023-05-09 21:05:24,SA2404,SA404,1700.0,0.0,0.0,0.0,1,1700.0,1701.0,2,1706.0,1705.0,1705.0,1698.0,344.0,585144.0,16075
2023-05-09 21:05:25,SA2404,SA404,1700.0,0.0,0.0,0.0,6,1700.0,1701.0,2,1706.0,1705.0,1705.0,1698.0,344.0,585144.0,16075
2023-05-09 21:05:25,SA2404,SA404,1700.0,0.0,0.0,0.0,6,1700.0,1701.0,6,1706.0,1705.0,1705.0,1698.0,344.0,585144.0,16075
2023-05-09 21:05:26,SA2404,SA404,1700.0,0.0,0.0,0.0,11,1699.0,1701.0,6,1706.0,1705.0,1705.0,1698.0,344.0,585144.0,16075
2023-05-09 21:05:29,SA2404,SA404,1700.0,0.0,0.0,0.0,10,1699.0,1701.0,7,1706.0,1705.0,1705.0,1698.0,344.0,585144.0,16075
2023-05-09 21:05:31,SA2404,SA404,1700.0,0.0,0.0,0.0,10,1699.0,1701.0,6,1706.0,1705.0,1705.0,1698.0,344.0,585144.0,16075
2023-05-09 21:05:32,SA2404,SA404,1700.0,0.0,0.0,0.0,4,1699.0,1701.0,7,1706.0,1705.0,1705.0,1698.0,344.0,585144.0,16075
2023-05-09 21:05:32,SA2404,SA404,1700.0,0.0,0.0,0.0,3,1699.0,1701.0,9,1706.0,1705.0,1705.0,1698.0,344.0,585144.0,16075
2023-05-09 21:05:32,SA2404,SA404,1700.0,0.0,0.0,0.0,3,1699.0,1701.0,8,1706.0,1705.0,1705.0,1698.0,344.0,585144.0,16075
2023-05-09 21:05:33,SA2404,SA404,1700.0,0.0,0.0,0.0,3,1699.0,1700.0,1,1706.0,1705.0,1705.0,1698.0,344.0,585144.0,16075
2023-05-09 21:05:34,SA2404,SA404,1699.0,4.0,6804.0,-1.0,17,1698.0,1700.0,2,1706.0,1705.0,1705.0,1698.0,348.0,591948.0,16074
2023-05-09 21:05:34,SA2404,SA404,1699.0,0.0,0.0,0.0,17,1698.0,1700.0,5,1706.0,1705.0,1705.0,1698.0,348.0,591948.0,16074
2023-05-09 21:05:34,SA2404,SA404,1699.0,0.0,0.0,0.0,17,1698.0,1700.0,2,1706.0,1705.0,1705.0,1698.0,348.0,591948.0,16074
2023-05-09 21:05:34,SA2404,SA404,1699.0,0.0,0.0,0.0,17,1698.0,1700.0,5,1706.0,1705.0,1705.0,1698.0,348.0,591948.0,16074
2023-05-09 21:05:36,SA2404,SA404,1698.0,1.0,1701.0,0.0,16,1698.0,1699.0,1,1706.0,1705.0,1705.0,1698.0,349.0,593649.0,16074
2023-05-09 21:05:37,SA2404,SA404,1700.0,2.0,3402.0,-1.0,17,1698.0,1700.0,4,1706.0,1705.0,1705.0,1698.0,351.0,597051.0,16073
2023-05-09 21:05:37,SA2404,SA404,1700.0,0.0,0.0,0.0,2,1699.0,1700.0,4,1706.0,1705.0,1705.0,1698.0,351.0,597051.0,16073
2023-05-09 21:05:40,SA2404,SA404,1700.0,0.0,0.0,0.0,1,1699.0,1700.0,5,1706.0,1705.0,1705.0,1698.0,351.0,597051.0,16073
2023-05-09 21:05:40,SA2404,SA404,1700.0,0.0,0.0,0.0,1,1699.0,1700.0,7,1706.0,1705.0,1705.0,1698.0,351.0,597051.0,16073
2023-05-09 21:05:41,SA2404,SA404,1700.0,0.0,0.0,0.0,1,1699.0,1700.0,4,1706.0,1705.0,1705.0,1698.0,351.0,597051.0,16073
2023-05-09 21:05:43,SA2404,SA404,1700.0,0.0,0.0,0.0,1,1699.0,1700.0,5,1706.0,1705.0,1705.0,1698.0,351.0,597051.0,16073
2023-05-09 21:05:44,SA2404,SA404,1699.0,1.0,1701.0,1.0,16,1698.0,1700.0,5,1706.0,1705.0,1705.0,1698.0,352.0,598752.0,16074
2023-05-09 21:05:46,SA2404,SA404,1698.0,1.0,1701.0,0.0,15,1698.0,1700.0,5,1706.0,1705.0,1705.0,1698.0,353.0,600453.0,16074
2023-05-09 21:05:47,SA2404,SA404,1698.0,1.0,1701.0,0.0,15,1698.0,1700.0,4,1706.0,1705.0,1705.0,1698.0,354.0,602154.0,16074
2023-05-09 21:05:47,SA2404,SA404,1698.0,0.0,0.0,0.0,15,1698.0,1699.0,1,1706.0,1705.0,1705.0,1698.0,354.0,602154.0,16074
2023-05-09 21:05:47,SA2404,SA404,1698.0,0.0,0.0,0.0,14,1698.0,1699.0,1,1706.0,1705.0,1705.0,1698.0,354.0,602154.0,16074
2023-05-09 21:05:48,SA2404,SA404,1699.0,1.0,1701.0,1.0,14,1698.0,1699.0,4,1706.0,1705.0,1705.0,1698.0,355.0,603855.0,16075
2023-05-09 21:05:48,SA2404,SA404,1699.0,0.0,0.0,0.0,14,1698.0,1699.0,9,1706.0,1705.0,1705.0,1698.0,355.0,603855.0,16075
2023-05-09 21:05:52,SA2404,SA404,1699.0,2.0,3402.0,2.0,14,1698.0,1699.0,7,1706.0,1705.0,1705.0,1698.0,357.0,607257.0,16077
2023-05-09 21:05:56,SA2404,SA404,1699.0,1.0,1701.0,0.0,13,1698.0,1699.0,6,1706.0,1705.0,1705.0,1698.0,358.0,608958.0,16077
2023-05-09 21:05:58,SA2404,SA404,1699.0,0.0,0.0,0.0,11,1698.0,1699.0,6,1706.0,1705.0,1705.0,1698.0,358.0,608958.0,16077
2023-05-09 21:05:59,SA2404,SA404,1699.0,1.0,1701.0,1.0,11,1698.0,1699.0,5,1706.0,1705.0,1705.0,1698.0,359.0,610659.0,16078
2023-05-09 21:06:00,SA2404,SA404,1699.0,1.0,1701.0,0.0,10,1698.0,1699.0,4,1706.0,1705.0,1705.0,1698.0,360.0,612360.0,16078
2023-05-09 21:06:00,SA2404,SA404,1699.0,0.0,0.0,0.0,14,1698.0,1699.0,4,1706.0,1705.0,1705.0,1698.0,360.0,612360.0,16078
2023-05-09 21:06:01,SA2404,SA404,1699.0,1.0,1701.0,1.0,15,1698.0,1699.0,3,1706.0,1705.0,1705.0,1698.0,361.0,614061.0,16079
2023-05-09 21:06:04,SA2404,SA404,1699.0,0.0,0.0,0.0,16,1698.0,1699.0,3,1706.0,1705.0,1705.0,1698.0,361.0,614061.0,16079
2023-05-09 21:06:04,SA2404,SA404,1699.0,1.0,1701.0,0.0,15,1698.0,1699.0,2,1706.0,1705.0,1705.0,1698.0,362.0,615762.0,16079
2023-05-09 21:06:05,SA2404,SA404,1698.0,1.0,1701.0,0.0,14,1698.0,1699.0,2,1706.0,1705.0,1705.0,1698.0,363.0,617463.0,16079
2023-05-09 21:06:06,SA2404,SA404,1698.0,2.0,3402.0,0.0,12,1698.0,1699.0,3,1706.0,1705.0,1705.0,1698.0,365.0,620865.0,16079
2023-05-09 21:06:07,SA2404,SA404,1699.0,1.0,1701.0,0.0,12,1698.0,1699.0,2,1706.0,1705.0,1705.0,1698.0,366.0,622566.0,16079
2023-05-09 21:06:10,SA2404,SA404,1699.0,2.0,3402.0,1.0,11,1698.0,1699.0,1,1706.0,1705.0,1705.0,1698.0,368.0,625968.0,16080
2023-05-09 21:06:13,SA2404,SA404,1698.0,2.0,3402.0,0.0,9,1698.0,1699.0,1,1706.0,1705.0,1705.0,1698.0,370.0,629370.0,16080
2023-05-09 21:06:13,SA2404,SA404,1698.0,0.0,0.0,0.0,10,1698.0,1700.0,2,1706.0,1705.0,1705.0,1698.0,370.0,629370.0,16080
2023-05-09 21:06:13,SA2404,SA404,1698.0,0.0,0.0,0.0,10,1698.0,1700.0,1,1706.0,1705.0,1705.0,1698.0,370.0,629370.0,16080
2023-05-09 21:06:14,SA2404,SA404,1698.0,0.0,0.0,0.0,10,1698.0,1700.0,2,1706.0,1705.0,1705.0,1698.0,370.0,629370.0,16080
2023-05-09 21:06:14,SA2404,SA404,1698.0,0.0,0.0,0.0,10,1698.0,1700.0,1,1706.0,1705.0,1705.0,1698.0,370.0,629370.0,16080
2023-05-09 21:06:15,SA2404,SA404,1698.0,0.0,0.0,0.0,10,1698.0,1701.0,10,1706.0,1705.0,1705.0,1698.0,370.0,629370.0,16080
2023-05-09 21:06:15,SA2404,SA404,1698.0,0.0,0.0,0.0,10,1698.0,1700.0,1,1706.0,1705.0,1705.0,1698.0,370.0,629370.0,16080
2023-05-09 21:06:17,SA2404,SA404,1698.0,0.0,0.0,0.0,10,1698.0,1700.0,2,1706.0,1705.0,1705.0,1698.0,370.0,629370.0,16080
2023-05-09 21:06:19,SA2404,SA404,1698.0,0.0,0.0,0.0,10,1698.0,1700.0,1,1706.0,1705.0,1705.0,1698.0,370.0,629370.0,16080
2023-05-09 21:06:20,SA2404,SA404,1698.0,0.0,0.0,0.0,11,1698.0,1700.0,1,1706.0,1705.0,1705.0,1698.0,370.0,629370.0,16080
2023-05-09 21:06:21,SA2404,SA404,1698.0,1.0,1701.0,0.0,11,1698.0,1700.0,2,1706.0,1705.0,1705.0,1698.0,371.0,631071.0,16080
2023-05-09 21:06:22,SA2404,SA404,1698.0,1.0,1701.0,1.0,10,1698.0,1700.0,1,1706.0,1705.0,1705.0,1698.0,372.0,632772.0,16081
2023-05-09 21:06:23,SA2404,SA404,1698.0,0.0,0.0,0.0,10,1698.0,1700.0,5,1706.0,1705.0,1705.0,1698.0,372.0,632772.0,16081
2023-05-09 21:06:23,SA2404,SA404,1698.0,0.0,0.0,0.0,10,1698.0,1700.0,4,1706.0,1705.0,1705.0,1698.0,372.0,632772.0,16081
2023-05-09 21:06:25,SA2404,SA404,1698.0,0.0,0.0,0.0,10,1698.0,1700.0,5,1706.0,1705.0,1705.0,1698.0,372.0,632772.0,16081
2023-05-09 21:06:29,SA2404,SA404,1698.0,1.0,1701.0,0.0,9,1698.0,1700.0,6,1706.0,1705.0,1705.0,1698.0,373.0,634473.0,16081
2023-05-09 21:06:30,SA2404,SA404,1698.0,1.0,1701.0,0.0,8,1698.0,1700.0,6,1706.0,1705.0,1705.0,1698.0,374.0,636174.0,16081
2023-05-09 21:06:32,SA2404,SA404,1698.0,0.0,0.0,0.0,8,1698.0,1699.0,4,1706.0,1705.0,1705.0,1698.0,374.0,636174.0,16081
2023-05-09 21:06:33,SA2404,SA404,1699.0,1.0,1701.0,0.0,8,1698.0,1699.0,3,1706.0,1705.0,1705.0,1698.0,375.0,637875.0,16081
2023-05-09 21:06:34,SA2404,SA404,1699.0,1.0,1701.0,0.0,8,1698.0,1699.0,2,1706.0,1705.0,1705.0,1698.0,376.0,639576.0,16081
2023-05-09 21:06:35,SA2404,SA404,1699.0,1.0,1701.0,1.0,8,1698.0,1700.0,4,1706.0,1705.0,1705.0,1698.0,377.0,641277.0,16082
2023-05-09 21:06:42,SA2404,SA404,1699.0,0.0,0.0,0.0,10,1698.0,1700.0,4,1706.0,1705.0,1705.0,1698.0,377.0,641277.0,16082
2023-05-09 21:06:42,SA2404,SA404,1699.0,0.0,0.0,0.0,11,1698.0,1700.0,4,1706.0,1705.0,1705.0,1698.0,377.0,641277.0,16082
2023-05-09 21:06:42,SA2404,SA404,1699.0,0.0,0.0,0.0,10,1698.0,1700.0,4,1706.0,1705.0,1705.0,1698.0,377.0,641277.0,16082
2023-05-09 21:06:42,SA2404,SA404,1699.0,0.0,0.0,0.0,11,1698.0,1700.0,4,1706.0,1705.0,1705.0,1698.0,377.0,641277.0,16082
2023-05-09 21:06:44,SA2404,SA404,1699.0,0.0,0.0,0.0,1,1699.0,1700.0,3,1706.0,1705.0,1705.0,1698.0,377.0,641277.0,16082
2023-05-09 21:06:44,SA2404,SA404,1700.0,5.0,8505.0,-1.0,3,1700.0,1701.0,5,1706.0,1705.0,1705.0,1698.0,382.0,649782.0,16081
2023-05-09 21:06:45,SA2404,SA404,1700.0,0.0,0.0,0.0,3,1700.0,1701.0,4,1706.0,1705.0,1705.0,1698.0,382.0,649782.0,16081
2023-05-09 21:06:48,SA2404,SA404,1700.0,0.0,0.0,0.0,3,1700.0,1701.0,3,1706.0,1705.0,1705.0,1698.0,382.0,649782.0,16081
2023-05-09 21:06:51,SA2404,SA404,1700.0,3.0,5103.0,0.0,8,1698.0,1700.0,7,1706.0,1705.0,1705.0,1698.0,385.0,654885.0,16081
2023-05-09 21:06:53,SA2404,SA404,1700.0,0.0,0.0,0.0,9,1698.0,1700.0,7,1706.0,1705.0,1705.0,1698.0,385.0,654885.0,16081
2023-05-09 21:06:53,SA2404,SA404,1700.0,0.0,0.0,0.0,7,1698.0,1700.0,7,1706.0,1705.0,1705.0,1698.0,385.0,654885.0,16081
2023-05-09 21:06:54,SA2404,SA404,1700.0,0.0,0.0,0.0,8,1698.0,1700.0,7,1706.0,1705.0,1705.0,1698.0,385.0,654885.0,16081
2023-05-09 21:06:56,SA2404,SA404,1700.0,0.0,0.0,0.0,4,1698.0,1700.0,7,1706.0,1705.0,1705.0,1698.0,385.0,654885.0,16081
2023-05-09 21:06:57,SA2404,SA404,1700.0,0.0,0.0,0.0,1,1699.0,1700.0,7,1706.0,1705.0,1705.0,1698.0,385.0,654885.0,16081
2023-05-09 21:06:58,SA2404,SA404,1700.0,0.0,0.0,0.0,1,1699.0,1700.0,8,1706.0,1705.0,1705.0,1698.0,385.0,654885.0,16081
2023-05-09 21:07:05,SA2404,SA404,1700.0,2.0,3402.0,0.0,1,1699.0,1700.0,6,1706.0,1705.0,1705.0,1698.0,387.0,658287.0,16081
2023-05-09 21:07:09,SA2404,SA404,1699.0,1.0,1701.0,1.0,9,1698.0,1699.0,9,1706.0,1705.0,1705.0,1698.0,388.0,659988.0,16082
2023-05-09 21:07:10,SA2404,SA404,1699.0,0.0,0.0,0.0,4,1698.0,1699.0,9,1706.0,1705.0,1705.0,1698.0,388.0,659988.0,16082
2023-05-09 21:07:10,SA2404,SA404,1699.0,0.0,0.0,0.0,4,1698.0,1699.0,10,1706.0,1705.0,1705.0,1698.0,388.0,659988.0,16082
2023-05-09 21:07:11,SA2404,SA404,1698.0,3.0,5103.0,3.0,1,1698.0,1699.0,12,1706.0,1705.0,1705.0,1698.0,391.0,665091.0,16085
2023-05-09 21:07:15,SA2404,SA404,1698.0,1.0,1701.0,1.0,13,1697.0,1698.0,4,1706.0,1705.0,1705.0,1698.0,392.0,666792.0,16086
2023-05-09 21:07:15,SA2404,SA404,1698.0,1.0,1701.0,1.0,13,1697.0,1698.0,3,1706.0,1705.0,1705.0,1698.0,393.0,668493.0,16087
2023-05-09 21:07:17,SA2404,SA404,1697.0,3.0,5103.0,3.0,5,1697.0,1698.0,1,1706.0,1705.0,1705.0,1697.0,396.0,673596.0,16090
2023-05-09 21:07:18,SA2404,SA404,1697.0,5.0,8505.0,4.0,14,1696.0,1698.0,1,1706.0,1705.0,1705.0,1697.0,401.0,682101.0,16094
2023-05-09 21:07:19,SA2404,SA404,1698.0,1.0,1701.0,1.0,14,1696.0,1698.0,6,1706.0,1705.0,1705.0,1697.0,402.0,683802.0,16095
2023-05-09 21:07:20,SA2404,SA404,1698.0,0.0,0.0,0.0,9,1696.0,1698.0,6,1706.0,1705.0,1705.0,1697.0,402.0,683802.0,16095
2023-05-09 21:07:21,SA2404,SA404,1698.0,0.0,0.0,0.0,9,1696.0,1697.0,6,1706.0,1705.0,1705.0,1697.0,402.0,683802.0,16095
2023-05-09 21:07:22,SA2404,SA404,1698.0,0.0,0.0,0.0,9,1696.0,1697.0,7,1706.0,1705.0,1705.0,1697.0,402.0,683802.0,16095
2023-05-09 21:07:23,SA2404,SA404,1696.0,10.0,17010.0,10.0,15,1695.0,1696.0,2,1706.0,1705.0,1705.0,1696.0,412.0,700812.0,16105
2023-05-09 21:07:23,SA2404,SA404,1696.0,1.0,1701.0,0.0,15,1695.0,1696.0,1,1706.0,1705.0,1705.0,1696.0,413.0,702513.0,16105
2023-05-09 21:07:24,SA2404,SA404,1696.0,1.0,1701.0,1.0,15,1695.0,1697.0,9,1706.0,1705.0,1705.0,1696.0,414.0,704214.0,16106
2023-05-09 21:07:26,SA2404,SA404,1696.0,0.0,0.0,0.0,10,1695.0,1696.0,1,1706.0,1705.0,1705.0,1696.0,414.0,704214.0,16106
2023-05-09 21:07:28,SA2404,SA404,1695.0,6.0,10206.0,0.0,4,1695.0,1696.0,1,1706.0,1705.0,1705.0,1695.0,420.0,714420.0,16106
2023-05-09 21:07:28,SA2404,SA404,1695.0,0.0,0.0,0.0,7,1695.0,1696.0,1,1706.0,1705.0,1705.0,1695.0,420.0,714420.0,16106
2023-05-09 21:07:30,SA2404,SA404,1695.0,2.0,3402.0,1.0,6,1695.0,1696.0,1,1706.0,1705.0,1705.0,1695.0,422.0,717822.0,16107
2023-05-09 21:07:31,SA2404,SA404,1695.0,0.0,0.0,0.0,7,1695.0,1696.0,1,1706.0,1705.0,1705.0,1695.0,422.0,717822.0,16107
2023-05-09 21:07:31,SA2404,SA404,1695.0,0.0,0.0,0.0,8,1695.0,1696.0,1,1706.0,1705.0,1705.0,1695.0,422.0,717822.0,16107
2023-05-09 21:07:32,SA2404,SA404,1695.0,1.0,1701.0,0.0,7,1695.0,1696.0,1,1706.0,1705.0,1705.0,1695.0,423.0,719523.0,16107
2023-05-09 21:07:35,SA2404,SA404,1695.0,3.0,5103.0,3.0,4,1695.0,1696.0,1,1706.0,1705.0,1705.0,1695.0,426.0,724626.0,16110
2023-05-09 21:07:35,SA2404,SA404,1696.0,1.0,1701.0,1.0,3,1695.0,1697.0,13,1706.0,1705.0,1705.0,1695.0,427.0,726327.0,16111
2023-05-09 21:07:35,SA2404,SA404,1695.0,2.0,3402.0,2.0,1,1695.0,1697.0,13,1706.0,1705.0,1705.0,1695.0,429.0,729729.0,16113
2023-05-09 21:07:36,SA2404,SA404,1695.0,1.0,1701.0,1.0,4,1694.0,1695.0,7,1706.0,1705.0,1705.0,1695.0,430.0,731430.0,16114
2023-05-09 21:07:37,SA2404,SA404,1695.0,0.0,0.0,0.0,4,1694.0,1695.0,10,1706.0,1705.0,1705.0,1695.0,430.0,731430.0,16114
2023-05-09 21:07:38,SA2404,SA404,1694.0,4.0,6804.0,4.0,11,1693.0,1695.0,12,1706.0,1705.0,1705.0,1694.0,434.0,738234.0,16118
2023-05-09 21:07:38,SA2404,SA404,1694.0,0.0,0.0,0.0,11,1693.0,1695.0,11,1706.0,1705.0,1705.0,1694.0,434.0,738234.0,16118
2023-05-09 21:07:39,SA2404,SA404,1694.0,3.0,4666.0,3.0,11,1693.0,1695.0,9,1706.0,1705.0,1705.0,1694.0,437.0,742900.0,16121
2023-05-09 21:07:40,SA2404,SA404,1693.0,2.0,3400.0,0.0,1,1694.0,1695.0,9,1706.0,1705.0,1705.0,1693.0,439.0,746300.0,16121
2023-05-09 21:07:40,SA2404,SA404,1693.0,0.0,0.0,0.0,1,1694.0,1695.0,10,1706.0,1705.0,1705.0,1693.0,439.0,746300.0,16121
2023-05-09 21:07:40,SA2404,SA404,1693.0,0.0,0.0,0.0,1,1694.0,1695.0,6,1706.0,1705.0,1705.0,1693.0,439.0,746300.0,16121
2023-05-09 21:07:41,SA2404,SA404,1693.0,0.0,0.0,0.0,1,1694.0,1695.0,5,1706.0,1705.0,1705.0,1693.0,439.0,746300.0,16121
2023-05-09 21:07:42,SA2404,SA404,1693.0,0.0,0.0,0.0,2,1694.0,1695.0,5,1706.0,1705.0,1705.0,1693.0,439.0,746300.0,16121
2023-05-09 21:07:43,SA2404,SA404,1694.0,2.0,3400.0,2.0,1,1694.0,1695.0,2,1706.0,1705.0,1705.0,1693.0,441.0,749700.0,16123
2023-05-09 21:07:46,SA2404,SA404,1694.0,0.0,0.0,0.0,1,1694.0,1695.0,3,1706.0,1705.0,1705.0,1693.0,441.0,749700.0,16123
2023-05-09 21:07:47,SA2404,SA404,1694.0,1.0,1700.0,1.0,1,1694.0,1695.0,3,1706.0,1705.0,1705.0,1693.0,442.0,751400.0,16124
2023-05-09 21:07:47,SA2404,SA404,1694.0,0.0,0.0,0.0,1,1694.0,1695.0,2,1706.0,1705.0,1705.0,1693.0,442.0,751400.0,16124
2023-05-09 21:07:49,SA2404,SA404,1694.0,0.0,0.0,0.0,1,1694.0,1695.0,3,1706.0,1705.0,1705.0,1693.0,442.0,751400.0,16124
2023-05-09 21:07:49,SA2404,SA404,1695.0,1.0,1700.0,1.0,2,1694.0,1695.0,2,1706.0,1705.0,1705.0,1693.0,443.0,753100.0,16125
2023-05-09 21:07:50,SA2404,SA404,1694.0,4.0,6800.0,-2.0,11,1693.0,1694.0,6,1706.0,1705.0,1705.0,1693.0,447.0,759900.0,16123
2023-05-09 21:07:51,SA2404,SA404,1694.0,0.0,0.0,0.0,13,1693.0,1694.0,6,1706.0,1705.0,1705.0,1693.0,447.0,759900.0,16123
2023-05-09 21:07:51,SA2404,SA404,1694.0,1.0,1700.0,0.0,13,1693.0,1694.0,5,1706.0,1705.0,1705.0,1693.0,448.0,761600.0,16123
2023-05-09 21:07:52,SA2404,SA404,1694.0,1.0,1700.0,0.0,13,1693.0,1694.0,4,1706.0,1705.0,1705.0,1693.0,449.0,763300.0,16123
2023-05-09 21:07:53,SA2404,SA404,1694.0,4.0,6800.0,-4.0,1,1694.0,1695.0,2,1706.0,1705.0,1705.0,1693.0,453.0,770100.0,16119
2023-05-09 21:07:53,SA2404,SA404,1694.0,0.0,0.0,0.0,2,1694.0,1695.0,2,1706.0,1705.0,1705.0,1693.0,453.0,770100.0,16119
2023-05-09 21:07:56,SA2404,SA404,1695.0,1.0,1700.0,-1.0,4,1694.0,1695.0,1,1706.0,1705.0,1705.0,1693.0,454.0,771800.0,16118
2023-05-09 21:07:57,SA2404,SA404,1695.0,0.0,0.0,0.0,3,1694.0,1695.0,1,1706.0,1705.0,1705.0,1693.0,454.0,771800.0,16118
2023-05-09 21:07:59,SA2404,SA404,1695.0,1.0,1700.0,-1.0,3,1694.0,1696.0,5,1706.0,1705.0,1705.0,1693.0,455.0,773500.0,16117
2023-05-09 21:08:00,SA2404,SA404,1695.0,0.0,0.0,0.0,1,1695.0,1696.0,5,1706.0,1705.0,1705.0,1693.0,455.0,773500.0,16117
2023-05-09 21:08:01,SA2404,SA404,1695.0,0.0,0.0,0.0,11,1695.0,1696.0,5,1706.0,1705.0,1705.0,1693.0,455.0,773500.0,16117
2023-05-09 21:08:03,SA2404,SA404,1695.0,0.0,0.0,0.0,12,1695.0,1696.0,5,1706.0,1705.0,1705.0,1693.0,455.0,773500.0,16117
2023-05-09 21:08:05,SA2404,SA404,1695.0,0.0,0.0,0.0,12,1695.0,1696.0,1,1706.0,1705.0,1705.0,1693.0,455.0,773500.0,16117
2023-05-09 21:08:06,SA2404,SA404,1695.0,0.0,0.0,0.0,12,1695.0,1697.0,7,1706.0,1705.0,1705.0,1693.0,455.0,773500.0,16117
2023-05-09 21:08:06,SA2404,SA404,1695.0,0.0,0.0,0.0,13,1695.0,1697.0,7,1706.0,1705.0,1705.0,1693.0,455.0,773500.0,16117
2023-05-09 21:08:07,SA2404,SA404,1695.0,0.0,0.0,0.0,14,1695.0,1697.0,7,1706.0,1705.0,1705.0,1693.0,455.0,773500.0,16117
2023-05-09 21:08:09,SA2404,SA404,1695.0,0.0,0.0,0.0,1,1696.0,1697.0,7,1706.0,1705.0,1705.0,1693.0,455.0,773500.0,16117
2023-05-09 21:08:09,SA2404,SA404,1696.0,1.0,1700.0,1.0,14,1695.0,1697.0,6,1706.0,1705.0,1705.0,1693.0,456.0,775200.0,16118
2023-05-09 21:08:10,SA2404,SA404,1696.0,0.0,0.0,0.0,14,1695.0,1697.0,4,1706.0,1705.0,1705.0,1693.0,456.0,775200.0,16118
2023-05-09 21:08:11,SA2404,SA404,1696.0,0.0,0.0,0.0,14,1695.0,1697.0,3,1706.0,1705.0,1705.0,1693.0,456.0,775200.0,16118
2023-05-09 21:08:11,SA2404,SA404,1695.0,10.0,17000.0,4.0,8,1695.0,1697.0,3,1706.0,1705.0,1705.0,1693.0,466.0,792200.0,16122
2023-05-09 21:08:12,SA2404,SA404,1695.0,0.0,0.0,0.0,9,1695.0,1697.0,3,1706.0,1705.0,1705.0,1693.0,466.0,792200.0,16122
2023-05-09 21:08:14,SA2404,SA404,1695.0,0.0,0.0,0.0,10,1695.0,1697.0,3,1706.0,1705.0,1705.0,1693.0,466.0,792200.0,16122
2023-05-09 21:08:14,SA2404,SA404,1695.0,1.0,1700.0,0.0,9,1695.0,1697.0,3,1706.0,1705.0,1705.0,1693.0,467.0,793900.0,16122
2023-05-09 21:08:15,SA2404,SA404,1695.0,0.0,0.0,0.0,8,1695.0,1697.0,3,1706.0,1705.0,1705.0,1693.0,467.0,793900.0,16122
2023-05-09 21:08:16,SA2404,SA404,1695.0,0.0,0.0,0.0,8,1695.0,1696.0,1,1706.0,1705.0,1705.0,1693.0,467.0,793900.0,16122
2023-05-09 21:08:19,SA2404,SA404,1695.0,0.0,0.0,0.0,8,1695.0,1697.0,3,1706.0,1705.0,1705.0,1693.0,467.0,793900.0,16122
2023-05-09 21:08:20,SA2404,SA404,1695.0,0.0,0.0,0.0,9,1695.0,1697.0,3,1706.0,1705.0,1705.0,1693.0,467.0,793900.0,16122
2023-05-09 21:08:21,SA2404,SA404,1695.0,0.0,0.0,0.0,11,1695.0,1697.0,3,1706.0,1705.0,1705.0,1693.0,467.0,793900.0,16122
2023-05-09 21:08:22,SA2404,SA404,1695.0,0.0,0.0,0.0,11,1695.0,1696.0,1,1706.0,1705.0,1705.0,1693.0,467.0,793900.0,16122
2023-05-09 21:08:23,SA2404,SA404,1695.0,0.0,0.0,0.0,12,1695.0,1696.0,1,1706.0,1705.0,1705.0,1693.0,467.0,793900.0,16122
2023-05-09 21:08:27,SA2404,SA404,1695.0,0.0,0.0,0.0,12,1695.0,1697.0,3,1706.0,1705.0,1705.0,1693.0,467.0,793900.0,16122
2023-05-09 21:08:27,SA2404,SA404,1695.0,0.0,0.0,0.0,16,1695.0,1697.0,3,1706.0,1705.0,1705.0,1693.0,467.0,793900.0,16122
2023-05-09 21:08:31,SA2404,SA404,1695.0,0.0,0.0,0.0,16,1695.0,1697.0,5,1706.0,1705.0,1705.0,1693.0,467.0,793900.0,16122
2023-05-09 21:08:31,SA2404,SA404,1695.0,0.0,0.0,0.0,16,1695.0,1697.0,4,1706.0,1705.0,1705.0,1693.0,467.0,793900.0,16122
2023-05-09 21:08:32,SA2404,SA404,1695.0,0.0,0.0,0.0,16,1695.0,1697.0,5,1706.0,1705.0,1705.0,1693.0,467.0,793900.0,16122
2023-05-09 21:08:34,SA2404,SA404,1695.0,0.0,0.0,0.0,16,1695.0,1697.0,4,1706.0,1705.0,1705.0,1693.0,467.0,793900.0,16122
2023-05-09 21:08:34,SA2404,SA404,1695.0,0.0,0.0,0.0,16,1695.0,1696.0,1,1706.0,1705.0,1705.0,1693.0,467.0,793900.0,16122
2023-05-09 21:08:34,SA2404,SA404,1695.0,1.0,1700.0,1.0,12,1695.0,1696.0,20,1706.0,1705.0,1705.0,1693.0,468.0,795600.0,16123
2023-05-09 21:08:35,SA2404,SA404,1695.0,0.0,0.0,0.0,13,1695.0,1696.0,20,1706.0,1705.0,1705.0,1693.0,468.0,795600.0,16123
2023-05-09 21:08:36,SA2404,SA404,1695.0,0.0,0.0,0.0,13,1695.0,1696.0,11,1706.0,1705.0,1705.0,1693.0,468.0,795600.0,16123
2023-05-09 21:08:36,SA2404,SA404,1695.0,0.0,0.0,0.0,13,1695.0,1696.0,20,1706.0,1705.0,1705.0,1693.0,468.0,795600.0,16123
2023-05-09 21:08:38,SA2404,SA404,1695.0,1.0,1700.0,1.0,12,1695.0,1696.0,6,1706.0,1705.0,1705.0,1693.0,469.0,797300.0,16124
2023-05-09 21:08:38,SA2404,SA404,1695.0,1.0,1700.0,1.0,12,1695.0,1696.0,18,1706.0,1705.0,1705.0,1693.0,470.0,799000.0,16125
2023-05-09 21:08:39,SA2404,SA404,1695.0,2.0,3400.0,2.0,10,1695.0,1696.0,16,1706.0,1705.0,1705.0,1693.0,472.0,802400.0,16127
2023-05-09 21:08:39,SA2404,SA404,1695.0,2.0,3400.0,2.0,8,1695.0,1696.0,14,1706.0,1705.0,1705.0,1693.0,474.0,805800.0,16129
2023-05-09 21:08:40,SA2404,SA404,1695.0,1.0,1700.0,1.0,7,1695.0,1696.0,14,1706.0,1705.0,1705.0,1693.0,475.0,807500.0,16130
2023-05-09 21:08:41,SA2404,SA404,1695.0,1.0,1700.0,1.0,6,1695.0,1696.0,13,1706.0,1705.0,1705.0,1693.0,476.0,809200.0,16131
2023-05-09 21:08:42,SA2404,SA404,1695.0,0.0,0.0,0.0,6,1695.0,1697.0,18,1706.0,1705.0,1705.0,1693.0,476.0,809200.0,16131
2023-05-09 21:08:42,SA2404,SA404,1695.0,0.0,0.0,0.0,6,1695.0,1696.0,1,1706.0,1705.0,1705.0,1693.0,476.0,809200.0,16131
2023-05-09 21:08:43,SA2404,SA404,1695.0,0.0,0.0,0.0,6,1695.0,1696.0,14,1706.0,1705.0,1705.0,1693.0,476.0,809200.0,16131
2023-05-09 21:08:44,SA2404,SA404,1695.0,6.0,10200.0,6.0,10,1694.0,1696.0,8,1706.0,1705.0,1705.0,1693.0,482.0,819400.0,16137
2023-05-09 21:08:45,SA2404,SA404,1695.0,0.0,0.0,0.0,2,1695.0,1696.0,8,1706.0,1705.0,1705.0,1693.0,482.0,819400.0,16137
2023-05-09 21:08:48,SA2404,SA404,1695.0,2.0,3400.0,2.0,11,1694.0,1696.0,6,1706.0,1705.0,1705.0,1693.0,484.0,822800.0,16139
2023-05-09 21:08:49,SA2404,SA404,1695.0,0.0,0.0,0.0,2,1695.0,1696.0,6,1706.0,1705.0,1705.0,1693.0,484.0,822800.0,16139
2023-05-09 21:08:50,SA2404,SA404,1695.0,1.0,1700.0,1.0,11,1694.0,1696.0,5,1706.0,1705.0,1705.0,1693.0,485.0,824500.0,16140
2023-05-09 21:08:52,SA2404,SA404,1695.0,0.0,0.0,0.0,1,1695.0,1696.0,5,1706.0,1705.0,1705.0,1693.0,485.0,824500.0,16140
2023-05-09 21:08:55,SA2404,SA404,1695.0,0.0,0.0,0.0,2,1695.0,1696.0,6,1706.0,1705.0,1705.0,1693.0,485.0,824500.0,16140
2023-05-09 21:08:57,SA2404,SA404,1695.0,1.0,1700.0,1.0,10,1694.0,1696.0,5,1706.0,1705.0,1705.0,1693.0,486.0,826200.0,16141
2023-05-09 21:08:57,SA2404,SA404,1695.0,0.0,0.0,0.0,11,1694.0,1696.0,5,1706.0,1705.0,1705.0,1693.0,486.0,826200.0,16141
2023-05-09 21:08:58,SA2404,SA404,1695.0,0.0,0.0,0.0,11,1694.0,1696.0,6,1706.0,1705.0,1705.0,1693.0,486.0,826200.0,16141
2023-05-09 21:08:58,SA2404,SA404,1695.0,0.0,0.0,0.0,1,1695.0,1696.0,6,1706.0,1705.0,1705.0,1693.0,486.0,826200.0,16141
2023-05-09 21:08:59,SA2404,SA404,1695.0,0.0,0.0,0.0,10,1694.0,1695.0,3,1706.0,1705.0,1705.0,1693.0,486.0,826200.0,16141
2023-05-09 21:09:00,SA2404,SA404,1696.0,3.0,5100.0,-3.0,1,1695.0,1696.0,3,1706.0,1705.0,1705.0,1693.0,489.0,831300.0,16138
2023-05-09 21:09:01,SA2404,SA404,1696.0,0.0,0.0,0.0,8,1694.0,1696.0,3,1706.0,1705.0,1705.0,1693.0,489.0,831300.0,16138
2023-05-09 21:09:03,SA2404,SA404,1696.0,0.0,0.0,0.0,7,1694.0,1695.0,3,1706.0,1705.0,1705.0,1693.0,489.0,831300.0,16138
2023-05-09 21:09:05,SA2404,SA404,1696.0,0.0,0.0,0.0,8,1694.0,1695.0,3,1706.0,1705.0,1705.0,1693.0,489.0,831300.0,16138
2023-05-09 21:09:06,SA2404,SA404,1695.0,1.0,1700.0,1.0,8,1694.0,1695.0,2,1706.0,1705.0,1705.0,1693.0,490.0,833000.0,16139
2023-05-09 21:09:07,SA2404,SA404,1695.0,1.0,1700.0,1.0,8,1694.0,1695.0,1,1706.0,1705.0,1705.0,1693.0,491.0,834700.0,16140
2023-05-09 21:09:10,SA2404,SA404,1694.0,2.0,3400.0,0.0,7,1694.0,1695.0,3,1706.0,1705.0,1705.0,1693.0,493.0,838100.0,16140
2023-05-09 21:09:12,SA2404,SA404,1695.0,1.0,1700.0,-1.0,6,1694.0,1695.0,2,1706.0,1705.0,1705.0,1693.0,494.0,839800.0,16139
2023-05-09 21:09:12,SA2404,SA404,1695.0,0.0,0.0,0.0,7,1694.0,1695.0,2,1706.0,1705.0,1705.0,1693.0,494.0,839800.0,16139
2023-05-09 21:09:15,SA2404,SA404,1694.0,1.0,1700.0,1.0,6,1694.0,1695.0,1,1706.0,1705.0,1705.0,1693.0,495.0,841500.0,16140
2023-05-09 21:09:18,SA2404,SA404,1695.0,1.0,1700.0,-1.0,7,1694.0,1696.0,1,1706.0,1705.0,1705.0,1693.0,496.0,843200.0,16139
2023-05-09 21:09:24,SA2404,SA404,1695.0,0.0,0.0,0.0,6,1694.0,1696.0,1,1706.0,1705.0,1705.0,1693.0,496.0,843200.0,16139
2023-05-09 21:09:24,SA2404,SA404,1695.0,0.0,0.0,0.0,7,1694.0,1695.0,1,1706.0,1705.0,1705.0,1693.0,496.0,843200.0,16139
2023-05-09 21:09:24,SA2404,SA404,1695.0,0.0,0.0,0.0,7,1694.0,1696.0,1,1706.0,1705.0,1705.0,1693.0,496.0,843200.0,16139
2023-05-09 21:09:25,SA2404,SA404,1695.0,0.0,0.0,0.0,7,1694.0,1695.0,1,1706.0,1705.0,1705.0,1693.0,496.0,843200.0,16139
2023-05-09 21:09:25,SA2404,SA404,1695.0,0.0,0.0,0.0,8,1694.0,1695.0,1,1706.0,1705.0,1705.0,1693.0,496.0,843200.0,16139
2023-05-09 21:09:26,SA2404,SA404,1695.0,0.0,0.0,0.0,7,1694.0,1695.0,1,1706.0,1705.0,1705.0,1693.0,496.0,843200.0,16139
2023-05-09 21:09:27,SA2404,SA404,1695.0,1.0,1700.0,1.0,7,1694.0,1696.0,1,1706.0,1705.0,1705.0,1693.0,497.0,844900.0,16140
2023-05-09 21:09:27,SA2404,SA404,1695.0,0.0,0.0,0.0,8,1694.0,1695.0,1,1706.0,1705.0,1705.0,1693.0,497.0,844900.0,16140
2023-05-09 21:09:28,SA2404,SA404,1694.0,8.0,13600.0,3.0,12,1693.0,1694.0,19,1706.0,1705.0,1705.0,1693.0,505.0,858500.0,16143
2023-05-09 21:09:29,SA2404,SA404,1694.0,0.0,0.0,0.0,13,1693.0,1694.0,19,1706.0,1705.0,1705.0,1693.0,505.0,858500.0,16143
2023-05-09 21:09:32,SA2404,SA404,1694.0,1.0,1700.0,1.0,13,1693.0,1694.0,18,1706.0,1705.0,1705.0,1693.0,506.0,860200.0,16144
2023-05-09 21:09:34,SA2404,SA404,1694.0,0.0,0.0,0.0,14,1693.0,1694.0,18,1706.0,1705.0,1705.0,1693.0,506.0,860200.0,16144
2023-05-09 21:09:34,SA2404,SA404,1694.0,1.0,1700.0,1.0,14,1693.0,1694.0,17,1706.0,1705.0,1705.0,1693.0,507.0,861900.0,16145
2023-05-09 21:09:35,SA2404,SA404,1694.0,0.0,0.0,0.0,15,1693.0,1694.0,17,1706.0,1705.0,1705.0,1693.0,507.0,861900.0,16145
2023-05-09 21:09:37,SA2404,SA404,1694.0,2.0,3400.0,1.0,14,1693.0,1694.0,16,1706.0,1705.0,1705.0,1693.0,509.0,865300.0,16146
2023-05-09 21:09:38,SA2404,SA404,1694.0,0.0,0.0,0.0,16,1693.0,1694.0,16,1706.0,1705.0,1705.0,1693.0,509.0,865300.0,16146
2023-05-09 21:09:43,SA2404,SA404,1694.0,0.0,0.0,0.0,17,1693.0,1695.0,19,1706.0,1705.0,1705.0,1693.0,509.0,865300.0,16146
2023-05-09 21:09:44,SA2404,SA404,1694.0,0.0,0.0,0.0,17,1693.0,1695.0,18,1706.0,1705.0,1705.0,1693.0,509.0,865300.0,16146
2023-05-09 21:09:45,SA2404,SA404,1694.0,0.0,0.0,0.0,17,1693.0,1695.0,19,1706.0,1705.0,1705.0,1693.0,509.0,865300.0,16146
2023-05-09 21:09:45,SA2404,SA404,1693.0,1.0,1700.0,0.0,16,1693.0,1695.0,19,1706.0,1705.0,1705.0,1693.0,510.0,867000.0,16146
2023-05-09 21:09:46,SA2404,SA404,1693.0,0.0,0.0,0.0,15,1693.0,1695.0,19,1706.0,1705.0,1705.0,1693.0,510.0,867000.0,16146
2023-05-09 21:09:46,SA2404,SA404,1693.0,0.0,0.0,0.0,15,1693.0,1694.0,16,1706.0,1705.0,1705.0,1693.0,510.0,867000.0,16146
2023-05-09 21:09:49,SA2404,SA404,1693.0,0.0,0.0,0.0,15,1693.0,1694.0,18,1706.0,1705.0,1705.0,1693.0,510.0,867000.0,16146
2023-05-09 21:09:54,SA2404,SA404,1693.0,0.0,0.0,0.0,15,1693.0,1694.0,16,1706.0,1705.0,1705.0,1693.0,510.0,867000.0,16146
2023-05-09 21:09:55,SA2404,SA404,1693.0,4.0,6800.0,0.0,11,1693.0,1694.0,16,1706.0,1705.0,1705.0,1693.0,514.0,873800.0,16146
2023-05-09 21:09:56,SA2404,SA404,1693.0,1.0,1700.0,0.0,10,1693.0,1694.0,16,1706.0,1705.0,1705.0,1693.0,515.0,875500.0,16146
2023-05-09 21:10:03,SA2404,SA404,1694.0,1.0,1700.0,1.0,10,1693.0,1694.0,15,1706.0,1705.0,1705.0,1693.0,516.0,877200.0,16147
2023-05-09 21:10:04,SA2404,SA404,1694.0,0.0,0.0,0.0,11,1693.0,1695.0,19,1706.0,1705.0,1705.0,1693.0,516.0,877200.0,16147
2023-05-09 21:10:05,SA2404,SA404,1694.0,0.0,0.0,0.0,1,1694.0,1695.0,19,1706.0,1705.0,1705.0,1693.0,516.0,877200.0,16147
2023-05-09 21:10:06,SA2404,SA404,1694.0,1.0,1700.0,1.0,11,1693.0,1695.0,18,1706.0,1705.0,1705.0,1693.0,517.0,878900.0,16148
2023-05-09 21:10:07,SA2404,SA404,1694.0,0.0,0.0,0.0,12,1693.0,1695.0,18,1706.0,1705.0,1705.0,1693.0,517.0,878900.0,16148
2023-05-09 21:10:09,SA2404,SA404,1694.0,0.0,0.0,0.0,13,1693.0,1695.0,17,1706.0,1705.0,1705.0,1693.0,517.0,878900.0,16148
2023-05-09 21:10:12,SA2404,SA404,1694.0,0.0,0.0,0.0,1,1694.0,1695.0,16,1706.0,1705.0,1705.0,1693.0,517.0,878900.0,16148
2023-05-09 21:10:13,SA2404,SA404,1694.0,1.0,1700.0,1.0,1,1694.0,1695.0,15,1706.0,1705.0,1705.0,1693.0,518.0,880600.0,16149
2023-05-09 21:10:14,SA2404,SA404,1694.0,0.0,0.0,0.0,1,1694.0,1695.0,10,1706.0,1705.0,1705.0,1693.0,518.0,880600.0,16149
2023-05-09 21:10:14,SA2404,SA404,1694.0,0.0,0.0,0.0,1,1694.0,1695.0,11,1706.0,1705.0,1705.0,1693.0,518.0,880600.0,16149
2023-05-09 21:10:15,SA2404,SA404,1694.0,0.0,0.0,0.0,1,1694.0,1695.0,15,1706.0,1705.0,1705.0,1693.0,518.0,880600.0,16149
2023-05-09 21:10:16,SA2404,SA404,1694.0,0.0,0.0,0.0,2,1694.0,1695.0,15,1706.0,1705.0,1705.0,1693.0,518.0,880600.0,16149
2023-05-09 21:10:17,SA2404,SA404,1694.0,0.0,0.0,0.0,3,1694.0,1695.0,2,1706.0,1705.0,1705.0,1693.0,518.0,880600.0,16149
2023-05-09 21:10:20,SA2404,SA404,1695.0,1.0,1700.0,0.0,4,1694.0,1695.0,1,1706.0,1705.0,1705.0,1693.0,519.0,882300.0,16149
2023-05-09 21:10:23,SA2404,SA404,1695.0,1.0,1700.0,0.0,5,1694.0,1696.0,16,1706.0,1705.0,1705.0,1693.0,520.0,884000.0,16149
2023-05-09 21:10:25,SA2404,SA404,1695.0,0.0,0.0,0.0,6,1694.0,1696.0,16,1706.0,1705.0,1705.0,1693.0,520.0,884000.0,16149
2023-05-09 21:10:26,SA2404,SA404,1695.0,0.0,0.0,0.0,6,1694.0,1696.0,18,1706.0,1705.0,1705.0,1693.0,520.0,884000.0,16149
2023-05-09 21:10:26,SA2404,SA404,1695.0,0.0,0.0,0.0,1,1695.0,1696.0,18,1706.0,1705.0,1705.0,1693.0,520.0,884000.0,16149
2023-05-09 21:10:27,SA2404,SA404,1695.0,0.0,0.0,0.0,2,1695.0,1696.0,18,1706.0,1705.0,1705.0,1693.0,520.0,884000.0,16149
2023-05-09 21:10:29,SA2404,SA404,1695.0,0.0,0.0,0.0,4,1695.0,1696.0,2,1706.0,1705.0,1705.0,1693.0,520.0,884000.0,16149
2023-05-09 21:10:30,SA2404,SA404,1695.0,0.0,0.0,0.0,3,1695.0,1696.0,15,1706.0,1705.0,1705.0,1693.0,520.0,884000.0,16149
2023-05-09 21:10:34,SA2404,SA404,1695.0,0.0,0.0,0.0,4,1695.0,1696.0,15,1706.0,1705.0,1705.0,1693.0,520.0,884000.0,16149
2023-05-09 21:10:34,SA2404,SA404,1695.0,0.0,0.0,0.0,5,1695.0,1696.0,15,1706.0,1705.0,1705.0,1693.0,520.0,884000.0,16149
2023-05-09 21:10:35,SA2404,SA404,1695.0,0.0,0.0,0.0,7,1695.0,1696.0,15,1706.0,1705.0,1705.0,1693.0,520.0,884000.0,16149
2023-05-09 21:10:37,SA2404,SA404,1695.0,0.0,0.0,0.0,8,1695.0,1696.0,2,1706.0,1705.0,1705.0,1693.0,520.0,884000.0,16149
2023-05-09 21:10:38,SA2404,SA404,1696.0,1.0,1700.0,0.0,8,1695.0,1696.0,1,1706.0,1705.0,1705.0,1693.0,521.0,885700.0,16149
2023-05-09 21:10:40,SA2404,SA404,1696.0,0.0,0.0,0.0,9,1695.0,1696.0,1,1706.0,1705.0,1705.0,1693.0,521.0,885700.0,16149
2023-05-09 21:10:42,SA2404,SA404,1696.0,1.0,1700.0,0.0,9,1695.0,1697.0,5,1706.0,1705.0,1705.0,1693.0,522.0,887400.0,16149
2023-05-09 21:10:42,SA2404,SA404,1696.0,0.0,0.0,0.0,1,1696.0,1697.0,5,1706.0,1705.0,1705.0,1693.0,522.0,887400.0,16149
2023-05-09 21:10:44,SA2404,SA404,1696.0,0.0,0.0,0.0,1,1696.0,1697.0,3,1706.0,1705.0,1705.0,1693.0,522.0,887400.0,16149
2023-05-09 21:10:46,SA2404,SA404,1696.0,0.0,0.0,0.0,1,1696.0,1697.0,16,1706.0,1705.0,1705.0,1693.0,522.0,887400.0,16149
2023-05-09 21:10:46,SA2404,SA404,1696.0,0.0,0.0,0.0,1,1696.0,1697.0,3,1706.0,1705.0,1705.0,1693.0,522.0,887400.0,16149
2023-05-09 21:10:49,SA2404,SA404,1697.0,2.0,3400.0,0.0,2,1696.0,1697.0,1,1706.0,1705.0,1705.0,1693.0,524.0,890800.0,16149
2023-05-09 21:10:49,SA2404,SA404,1697.0,0.0,0.0,0.0,3,1696.0,1697.0,1,1706.0,1705.0,1705.0,1693.0,524.0,890800.0,16149
2023-05-09 21:10:51,SA2404,SA404,1697.0,0.0,0.0,0.0,5,1696.0,1697.0,1,1706.0,1705.0,1705.0,1693.0,524.0,890800.0,16149
2023-05-09 21:10:51,SA2404,SA404,1697.0,0.0,0.0,0.0,5,1696.0,1697.0,21,1706.0,1705.0,1705.0,1693.0,524.0,890800.0,16149
2023-05-09 21:10:53,SA2404,SA404,1697.0,1.0,1700.0,0.0,5,1696.0,1697.0,20,1706.0,1705.0,1705.0,1693.0,525.0,892500.0,16149
2023-05-09 21:11:00,SA2404,SA404,1696.0,5.0,7970.0,5.0,8,1695.0,1697.0,17,1706.0,1705.0,1705.0,1693.0,530.0,900470.0,16154
2023-05-09 21:11:00,SA2404,SA404,1696.0,0.0,0.0,0.0,7,1695.0,1697.0,17,1706.0,1705.0,1705.0,1693.0,530.0,900470.0,16154
2023-05-09 21:11:01,SA2404,SA404,1696.0,0.0,0.0,0.0,8,1695.0,1697.0,17,1706.0,1705.0,1705.0,1693.0,530.0,900470.0,16154
2023-05-09 21:11:06,SA2404,SA404,1696.0,0.0,0.0,0.0,3,1696.0,1697.0,17,1706.0,1705.0,1705.0,1693.0,530.0,900470.0,16154
2023-05-09 21:11:08,SA2404,SA404,1696.0,1.0,1699.0,0.0,2,1696.0,1697.0,17,1706.0,1705.0,1705.0,1693.0,531.0,902169.0,16154
2023-05-09 21:11:09,SA2404,SA404,1696.0,0.0,0.0,0.0,7,1695.0,1697.0,17,1706.0,1705.0,1705.0,1693.0,531.0,902169.0,16154
2023-05-09 21:11:12,SA2404,SA404,1696.0,0.0,0.0,0.0,1,1696.0,1697.0,17,1706.0,1705.0,1705.0,1693.0,531.0,902169.0,16154
2023-05-09 21:11:13,SA2404,SA404,1696.0,1.0,1699.0,1.0,8,1695.0,1697.0,16,1706.0,1705.0,1705.0,1693.0,532.0,903868.0,16155
2023-05-09 21:11:14,SA2404,SA404,1696.0,0.0,0.0,0.0,7,1695.0,1696.0,8,1706.0,1705.0,1705.0,1693.0,532.0,903868.0,16155
2023-05-09 21:11:14,SA2404,SA404,1696.0,0.0,0.0,0.0,8,1695.0,1697.0,16,1706.0,1705.0,1705.0,1693.0,532.0,903868.0,16155
2023-05-09 21:11:17,SA2404,SA404,1696.0,0.0,0.0,0.0,7,1695.0,1697.0,16,1706.0,1705.0,1705.0,1693.0,532.0,903868.0,16155
2023-05-09 21:11:18,SA2404,SA404,1696.0,0.0,0.0,0.0,7,1695.0,1696.0,14,1706.0,1705.0,1705.0,1693.0,532.0,903868.0,16155
2023-05-09 21:11:20,SA2404,SA404,1696.0,0.0,0.0,0.0,8,1695.0,1697.0,20,1706.0,1705.0,1705.0,1693.0,532.0,903868.0,16155
2023-05-09 21:11:20,SA2404,SA404,1696.0,0.0,0.0,0.0,8,1695.0,1697.0,19,1706.0,1705.0,1705.0,1693.0,532.0,903868.0,16155
2023-05-09 21:11:22,SA2404,SA404,1696.0,0.0,0.0,0.0,7,1695.0,1696.0,14,1706.0,1705.0,1705.0,1693.0,532.0,903868.0,16155
2023-05-09 21:11:24,SA2404,SA404,1696.0,0.0,0.0,0.0,7,1695.0,1696.0,15,1706.0,1705.0,1705.0,1693.0,532.0,903868.0,16155
2023-05-09 21:11:28,SA2404,SA404,1695.0,3.0,5097.0,3.0,8,1694.0,1695.0,11,1706.0,1705.0,1705.0,1693.0,535.0,908965.0,16158
2023-05-09 21:11:29,SA2404,SA404,1695.0,0.0,0.0,0.0,9,1694.0,1695.0,11,1706.0,1705.0,1705.0,1693.0,535.0,908965.0,16158
2023-05-09 21:11:31,SA2404,SA404,1694.0,4.0,6796.0,4.0,13,1693.0,1695.0,9,1706.0,1705.0,1705.0,1693.0,539.0,915761.0,16162
2023-05-09 21:11:31,SA2404,SA404,1694.0,0.0,0.0,0.0,13,1693.0,1694.0,7,1706.0,1705.0,1705.0,1693.0,539.0,915761.0,16162
2023-05-09 21:11:33,SA2404,SA404,1694.0,0.0,0.0,0.0,13,1693.0,1695.0,10,1706.0,1705.0,1705.0,1693.0,539.0,915761.0,16162
2023-05-09 21:11:33,SA2404,SA404,1694.0,0.0,0.0,0.0,13,1693.0,1694.0,7,1706.0,1705.0,1705.0,1693.0,539.0,915761.0,16162
2023-05-09 21:11:36,SA2404,SA404,1694.0,0.0,0.0,0.0,13,1693.0,1695.0,10,1706.0,1705.0,1705.0,1693.0,539.0,915761.0,16162
2023-05-09 21:11:36,SA2404,SA404,1694.0,0.0,0.0,0.0,14,1693.0,1695.0,9,1706.0,1705.0,1705.0,1693.0,539.0,915761.0,16162
2023-05-09 21:11:37,SA2404,SA404,1694.0,0.0,0.0,0.0,13,1693.0,1694.0,7,1706.0,1705.0,1705.0,1693.0,539.0,915761.0,16162
2023-05-09 21:11:37,SA2404,SA404,1694.0,0.0,0.0,0.0,13,1693.0,1695.0,10,1706.0,1705.0,1705.0,1693.0,539.0,915761.0,16162
2023-05-09 21:11:38,SA2404,SA404,1695.0,2.0,3398.0,-2.0,2,1694.0,1695.0,7,1706.0,1705.0,1705.0,1693.0,541.0,919159.0,16160
2023-05-09 21:11:39,SA2404,SA404,1694.0,2.0,3398.0,2.0,11,1693.0,1694.0,5,1706.0,1705.0,1705.0,1693.0,543.0,922557.0,16162
2023-05-09 21:11:42,SA2404,SA404,1694.0,1.0,1699.0,1.0,11,1693.0,1694.0,4,1706.0,1705.0,1705.0,1693.0,544.0,924256.0,16163
2023-05-09 21:11:42,SA2404,SA404,1694.0,1.0,1699.0,1.0,11,1693.0,1694.0,3,1706.0,1705.0,1705.0,1693.0,545.0,925955.0,16164
2023-05-09 21:11:46,SA2404,SA404,1693.0,9.0,15291.0,9.0,3,1693.0,1694.0,4,1706.0,1705.0,1705.0,1693.0,554.0,941246.0,16173
2023-05-09 21:11:51,SA2404,SA404,1693.0,1.0,1699.0,-1.0,2,1693.0,1694.0,4,1706.0,1705.0,1705.0,1693.0,555.0,942945.0,16172
2023-05-09 21:11:53,SA2404,SA404,1693.0,0.0,0.0,0.0,3,1693.0,1695.0,11,1706.0,1705.0,1705.0,1693.0,555.0,942945.0,16172
2023-05-09 21:11:54,SA2404,SA404,1693.0,0.0,0.0,0.0,5,1693.0,1695.0,11,1706.0,1705.0,1705.0,1693.0,555.0,942945.0,16172
2023-05-09 21:11:55,SA2404,SA404,1693.0,0.0,0.0,0.0,4,1693.0,1695.0,11,1706.0,1705.0,1705.0,1693.0,555.0,942945.0,16172
2023-05-09 21:11:56,SA2404,SA404,1694.0,1.0,1699.0,1.0,4,1693.0,1695.0,10,1706.0,1705.0,1705.0,1693.0,556.0,944644.0,16173
2023-05-09 21:11:56,SA2404,SA404,1694.0,0.0,0.0,0.0,5,1693.0,1695.0,10,1706.0,1705.0,1705.0,1693.0,556.0,944644.0,16173
2023-05-09 21:11:57,SA2404,SA404,1694.0,0.0,0.0,0.0,5,1693.0,1695.0,9,1706.0,1705.0,1705.0,1693.0,556.0,944644.0,16173
2023-05-09 21:11:59,SA2404,SA404,1694.0,0.0,0.0,0.0,5,1693.0,1695.0,2,1706.0,1705.0,1705.0,1693.0,556.0,944644.0,16173
2023-05-09 21:12:00,SA2404,SA404,1694.0,0.0,0.0,0.0,5,1693.0,1695.0,5,1706.0,1705.0,1705.0,1693.0,556.0,944644.0,16173
2023-05-09 21:12:00,SA2404,SA404,1694.0,0.0,0.0,0.0,5,1693.0,1695.0,6,1706.0,1705.0,1705.0,1693.0,556.0,944644.0,16173
2023-05-09 21:12:00,SA2404,SA404,1694.0,0.0,0.0,0.0,5,1693.0,1695.0,5,1706.0,1705.0,1705.0,1693.0,556.0,944644.0,16173
2023-05-09 21:12:02,SA2404,SA404,1694.0,0.0,0.0,0.0,5,1693.0,1695.0,6,1706.0,1705.0,1705.0,1693.0,556.0,944644.0,16173
2023-05-09 21:12:08,SA2404,SA404,1694.0,0.0,0.0,0.0,4,1693.0,1694.0,3,1706.0,1705.0,1705.0,1693.0,556.0,944644.0,16173
2023-05-09 21:12:11,SA2404,SA404,1694.0,0.0,0.0,0.0,5,1693.0,1694.0,3,1706.0,1705.0,1705.0,1693.0,556.0,944644.0,16173
2023-05-09 21:12:15,SA2404,SA404,1694.0,0.0,0.0,0.0,5,1693.0,1695.0,6,1706.0,1705.0,1705.0,1693.0,556.0,944644.0,16173
2023-05-09 21:12:16,SA2404,SA404,1694.0,1.0,1699.0,1.0,5,1693.0,1694.0,1,1706.0,1705.0,1705.0,1693.0,557.0,946343.0,16174
2023-05-09 21:12:16,SA2404,SA404,1693.0,2.0,3398.0,0.0,3,1693.0,1694.0,10,1706.0,1705.0,1705.0,1693.0,559.0,949741.0,16174
2023-05-09 21:12:17,SA2404,SA404,1694.0,1.0,1699.0,1.0,3,1693.0,1694.0,9,1706.0,1705.0,1705.0,1693.0,560.0,951440.0,16175
2023-05-09 21:12:18,SA2404,SA404,1694.0,0.0,0.0,0.0,3,1693.0,1695.0,11,1706.0,1705.0,1705.0,1693.0,560.0,951440.0,16175
2023-05-09 21:12:19,SA2404,SA404,1694.0,0.0,0.0,0.0,2,1694.0,1695.0,11,1706.0,1705.0,1705.0,1693.0,560.0,951440.0,16175
2023-05-09 21:12:20,SA2404,SA404,1694.0,1.0,1699.0,1.0,5,1693.0,1695.0,10,1706.0,1705.0,1705.0,1693.0,561.0,953139.0,16176
2023-05-09 21:12:23,SA2404,SA404,1694.0,0.0,0.0,0.0,5,1693.0,1695.0,14,1706.0,1705.0,1705.0,1693.0,561.0,953139.0,16176
2023-05-09 21:12:23,SA2404,SA404,1695.0,1.0,1699.0,1.0,6,1693.0,1695.0,13,1706.0,1705.0,1705.0,1693.0,562.0,954838.0,16177
2023-05-09 21:12:28,SA2404,SA404,1695.0,0.0,0.0,0.0,6,1693.0,1695.0,12,1706.0,1705.0,1705.0,1693.0,562.0,954838.0,16177
2023-05-09 21:12:29,SA2404,SA404,1694.0,1.0,1699.0,1.0,6,1693.0,1695.0,11,1706.0,1705.0,1705.0,1693.0,563.0,956537.0,16178
2023-05-09 21:12:30,SA2404,SA404,1694.0,0.0,0.0,0.0,7,1693.0,1695.0,11,1706.0,1705.0,1705.0,1693.0,563.0,956537.0,16178
2023-05-09 21:12:32,SA2404,SA404,1694.0,0.0,0.0,0.0,7,1693.0,1695.0,10,1706.0,1705.0,1705.0,1693.0,563.0,956537.0,16178
2023-05-09 21:12:33,SA2404,SA404,1694.0,0.0,0.0,0.0,7,1693.0,1695.0,9,1706.0,1705.0,1705.0,1693.0,563.0,956537.0,16178
2023-05-09 21:12:34,SA2404,SA404,1694.0,0.0,0.0,0.0,6,1693.0,1695.0,9,1706.0,1705.0,1705.0,1693.0,563.0,956537.0,16178
2023-05-09 21:12:35,SA2404,SA404,1695.0,1.0,1699.0,-1.0,1,1694.0,1695.0,8,1706.0,1705.0,1705.0,1693.0,564.0,958236.0,16177
2023-05-09 21:12:36,SA2404,SA404,1694.0,1.0,1699.0,1.0,1,1694.0,1695.0,8,1706.0,1705.0,1705.0,1693.0,565.0,959935.0,16178
2023-05-09 21:12:39,SA2404,SA404,1694.0,0.0,0.0,0.0,1,1694.0,1695.0,2,1706.0,1705.0,1705.0,1693.0,565.0,959935.0,16178
2023-05-09 21:12:40,SA2404,SA404,1694.0,5.0,8495.0,0.0,2,1694.0,1695.0,8,1706.0,1705.0,1705.0,1693.0,570.0,968430.0,16178
2023-05-09 21:12:44,SA2404,SA404,1695.0,1.0,1699.0,-1.0,1,1694.0,1695.0,7,1706.0,1705.0,1705.0,1693.0,571.0,970129.0,16177
2023-05-09 21:12:44,SA2404,SA404,1694.0,1.0,1699.0,1.0,1,1694.0,1695.0,7,1706.0,1705.0,1705.0,1693.0,572.0,971828.0,16178
2023-05-09 21:12:45,SA2404,SA404,1694.0,0.0,0.0,0.0,6,1693.0,1695.0,7,1706.0,1705.0,1705.0,1693.0,572.0,971828.0,16178
2023-05-09 21:12:54,SA2404,SA404,1694.0,0.0,0.0,0.0,6,1693.0,1695.0,8,1706.0,1705.0,1705.0,1693.0,572.0,971828.0,16178
2023-05-09 21:12:54,SA2404,SA404,1694.0,0.0,0.0,0.0,7,1693.0,1695.0,8,1706.0,1705.0,1705.0,1693.0,572.0,971828.0,16178
2023-05-09 21:12:55,SA2404,SA404,1694.0,0.0,0.0,0.0,8,1693.0,1695.0,8,1706.0,1705.0,1705.0,1693.0,572.0,971828.0,16178
2023-05-09 21:12:57,SA2404,SA404,1694.0,0.0,0.0,0.0,8,1693.0,1695.0,7,1706.0,1705.0,1705.0,1693.0,572.0,971828.0,16178
2023-05-09 21:12:58,SA2404,SA404,1694.0,0.0,0.0,0.0,8,1693.0,1695.0,8,1706.0,1705.0,1705.0,1693.0,572.0,971828.0,16178
2023-05-09 21:12:59,SA2404,SA404,1694.0,0.0,0.0,0.0,8,1693.0,1695.0,7,1706.0,1705.0,1705.0,1693.0,572.0,971828.0,16178
2023-05-09 21:13:00,SA2404,SA404,1695.0,1.0,1699.0,1.0,8,1693.0,1695.0,6,1706.0,1705.0,1705.0,1693.0,573.0,973527.0,16179
2023-05-09 21:13:03,SA2404,SA404,1695.0,0.0,0.0,0.0,8,1693.0,1695.0,7,1706.0,1705.0,1705.0,1693.0,573.0,973527.0,16179
2023-05-09 21:13:04,SA2404,SA404,1695.0,0.0,0.0,0.0,7,1693.0,1695.0,7,1706.0,1705.0,1705.0,1693.0,573.0,973527.0,16179
2023-05-09 21:13:05,SA2404,SA404,1695.0,0.0,0.0,0.0,8,1693.0,1694.0,4,1706.0,1705.0,1705.0,1693.0,573.0,973527.0,16179
2023-05-09 21:13:05,SA2404,SA404,1695.0,0.0,0.0,0.0,8,1693.0,1695.0,7,1706.0,1705.0,1705.0,1693.0,573.0,973527.0,16179
2023-05-09 21:13:05,SA2404,SA404,1695.0,0.0,0.0,0.0,9,1693.0,1695.0,7,1706.0,1705.0,1705.0,1693.0,573.0,973527.0,16179
2023-05-09 21:13:06,SA2404,SA404,1694.0,1.0,1699.0,-1.0,8,1693.0,1695.0,7,1706.0,1705.0,1705.0,1693.0,574.0,975226.0,16178
2023-05-09 21:13:10,SA2404,SA404,1694.0,0.0,0.0,0.0,10,1693.0,1695.0,2,1706.0,1705.0,1705.0,1693.0,574.0,975226.0,16178
2023-05-09 21:13:10,SA2404,SA404,1694.0,0.0,0.0,0.0,1,1694.0,1695.0,2,1706.0,1705.0,1705.0,1693.0,574.0,975226.0,16178
2023-05-09 21:13:11,SA2404,SA404,1695.0,2.0,3398.0,-2.0,4,1694.0,1696.0,2,1706.0,1705.0,1705.0,1693.0,576.0,978624.0,16176
2023-05-09 21:13:11,SA2404,SA404,1695.0,0.0,0.0,0.0,1,1695.0,1696.0,2,1706.0,1705.0,1705.0,1693.0,576.0,978624.0,16176
2023-05-09 21:13:16,SA2404,SA404,1695.0,0.0,0.0,0.0,2,1695.0,1696.0,2,1706.0,1705.0,1705.0,1693.0,576.0,978624.0,16176
2023-05-09 21:13:17,SA2404,SA404,1695.0,0.0,0.0,0.0,3,1695.0,1696.0,2,1706.0,1705.0,1705.0,1693.0,576.0,978624.0,16176
2023-05-09 21:13:23,SA2404,SA404,1696.0,1.0,1699.0,0.0,3,1695.0,1696.0,1,1706.0,1705.0,1705.0,1693.0,577.0,980323.0,16176
2023-05-09 21:13:25,SA2404,SA404,1696.0,1.0,1699.0,-1.0,4,1695.0,1697.0,3,1706.0,1705.0,1705.0,1693.0,578.0,982022.0,16175
2023-05-09 21:13:26,SA2404,SA404,1696.0,0.0,0.0,0.0,5,1695.0,1697.0,3,1706.0,1705.0,1705.0,1693.0,578.0,982022.0,16175
2023-05-09 21:13:27,SA2404,SA404,1696.0,0.0,0.0,0.0,5,1695.0,1697.0,2,1706.0,1705.0,1705.0,1693.0,578.0,982022.0,16175
2023-05-09 21:13:28,SA2404,SA404,1696.0,0.0,0.0,0.0,6,1695.0,1697.0,2,1706.0,1705.0,1705.0,1693.0,578.0,982022.0,16175
2023-05-09 21:13:31,SA2404,SA404,1696.0,0.0,0.0,0.0,7,1695.0,1697.0,2,1706.0,1705.0,1705.0,1693.0,578.0,982022.0,16175
2023-05-09 21:13:33,SA2404,SA404,1696.0,0.0,0.0,0.0,1,1696.0,1697.0,2,1706.0,1705.0,1705.0,1693.0,578.0,982022.0,16175
2023-05-09 21:13:34,SA2404,SA404,1697.0,1.0,1699.0,-1.0,2,1696.0,1697.0,1,1706.0,1705.0,1705.0,1693.0,579.0,983721.0,16174
2023-05-09 21:13:34,SA2404,SA404,1697.0,1.0,1699.0,-1.0,4,1696.0,1698.0,6,1706.0,1705.0,1705.0,1693.0,580.0,985420.0,16173
2023-05-09 21:13:38,SA2404,SA404,1698.0,1.0,1699.0,0.0,4,1696.0,1698.0,5,1706.0,1705.0,1705.0,1693.0,581.0,987119.0,16173
2023-05-09 21:13:39,SA2404,SA404,1698.0,0.0,0.0,0.0,1,1697.0,1698.0,3,1706.0,1705.0,1705.0,1693.0,581.0,987119.0,16173
2023-05-09 21:13:40,SA2404,SA404,1698.0,1.0,1699.0,0.0,1,1697.0,1698.0,2,1706.0,1705.0,1705.0,1693.0,582.0,988818.0,16173
2023-05-09 21:13:41,SA2404,SA404,1698.0,1.0,1699.0,1.0,6,1696.0,1698.0,3,1706.0,1705.0,1705.0,1693.0,583.0,990517.0,16174
2023-05-09 21:13:41,SA2404,SA404,1698.0,0.0,0.0,0.0,1,1697.0,1698.0,3,1706.0,1705.0,1705.0,1693.0,583.0,990517.0,16174
2023-05-09 21:13:41,SA2404,SA404,1698.0,0.0,0.0,0.0,6,1696.0,1698.0,3,1706.0,1705.0,1705.0,1693.0,583.0,990517.0,16174
2023-05-09 21:13:42,SA2404,SA404,1698.0,0.0,0.0,0.0,6,1696.0,1698.0,4,1706.0,1705.0,1705.0,1693.0,583.0,990517.0,16174
2023-05-09 21:13:43,SA2404,SA404,1698.0,0.0,0.0,0.0,6,1696.0,1697.0,1,1706.0,1705.0,1705.0,1693.0,583.0,990517.0,16174
2023-05-09 21:13:45,SA2404,SA404,1697.0,1.0,1699.0,-1.0,6,1696.0,1698.0,4,1706.0,1705.0,1705.0,1693.0,584.0,992216.0,16173
2023-05-09 21:13:47,SA2404,SA404,1697.0,0.0,0.0,0.0,5,1696.0,1698.0,4,1706.0,1705.0,1705.0,1693.0,584.0,992216.0,16173
2023-05-09 21:13:47,SA2404,SA404,1697.0,0.0,0.0,0.0,5,1696.0,1698.0,8,1706.0,1705.0,1705.0,1693.0,584.0,992216.0,16173
2023-05-09 21:13:48,SA2404,SA404,1697.0,0.0,0.0,0.0,5,1696.0,1698.0,9,1706.0,1705.0,1705.0,1693.0,584.0,992216.0,16173
2023-05-09 21:13:49,SA2404,SA404,1697.0,0.0,0.0,0.0,5,1696.0,1698.0,10,1706.0,1705.0,1705.0,1693.0,584.0,992216.0,16173
2023-05-09 21:13:51,SA2404,SA404,1697.0,0.0,0.0,0.0,6,1696.0,1698.0,6,1706.0,1705.0,1705.0,1693.0,584.0,992216.0,16173
2023-05-09 21:13:52,SA2404,SA404,1697.0,0.0,0.0,0.0,7,1696.0,1698.0,6,1706.0,1705.0,1705.0,1693.0,584.0,992216.0,16173
2023-05-09 21:13:52,SA2404,SA404,1697.0,0.0,0.0,0.0,6,1696.0,1698.0,6,1706.0,1705.0,1705.0,1693.0,584.0,992216.0,16173
2023-05-09 21:13:52,SA2404,SA404,1697.0,0.0,0.0,0.0,6,1696.0,1698.0,10,1706.0,1705.0,1705.0,1693.0,584.0,992216.0,16173
2023-05-09 21:13:55,SA2404,SA404,1697.0,0.0,0.0,0.0,1,1697.0,1698.0,10,1706.0,1705.0,1705.0,1693.0,584.0,992216.0,16173
2023-05-09 21:13:56,SA2404,SA404,1697.0,1.0,1699.0,0.0,7,1696.0,1698.0,5,1706.0,1705.0,1705.0,1693.0,585.0,993915.0,16173
2023-05-09 21:13:58,SA2404,SA404,1697.0,0.0,0.0,0.0,6,1696.0,1698.0,9,1706.0,1705.0,1705.0,1693.0,585.0,993915.0,16173
2023-05-09 21:13:59,SA2404,SA404,1697.0,0.0,0.0,0.0,7,1696.0,1698.0,9,1706.0,1705.0,1705.0,1693.0,585.0,993915.0,16173
2023-05-09 21:13:59,SA2404,SA404,1697.0,0.0,0.0,0.0,7,1696.0,1698.0,6,1706.0,1705.0,1705.0,1693.0,585.0,993915.0,16173
2023-05-09 21:13:59,SA2404,SA404,1697.0,0.0,0.0,0.0,8,1696.0,1698.0,5,1706.0,1705.0,1705.0,1693.0,585.0,993915.0,16173
2023-05-09 21:14:00,SA2404,SA404,1697.0,0.0,0.0,0.0,7,1696.0,1698.0,9,1706.0,1705.0,1705.0,1693.0,585.0,993915.0,16173
2023-05-09 21:14:00,SA2404,SA404,1697.0,0.0,0.0,0.0,7,1696.0,1698.0,10,1706.0,1705.0,1705.0,1693.0,585.0,993915.0,16173
2023-05-09 21:14:01,SA2404,SA404,1697.0,0.0,0.0,0.0,6,1696.0,1697.0,1,1706.0,1705.0,1705.0,1693.0,585.0,993915.0,16173
2023-05-09 21:14:02,SA2404,SA404,1697.0,0.0,0.0,0.0,5,1696.0,1697.0,3,1706.0,1705.0,1705.0,1693.0,585.0,993915.0,16173
2023-05-09 21:14:04,SA2404,SA404,1696.0,2.0,3398.0,2.0,3,1696.0,1697.0,5,1706.0,1705.0,1705.0,1693.0,587.0,997313.0,16175
2023-05-09 21:14:05,SA2404,SA404,1696.0,3.0,5097.0,3.0,24,1695.0,1696.0,2,1706.0,1705.0,1705.0,1693.0,590.0,1002410.0,16178
2023-05-09 21:14:05,SA2404,SA404,1696.0,1.0,1699.0,1.0,23,1695.0,1696.0,1,1706.0,1705.0,1705.0,1693.0,591.0,1004109.0,16179
2023-05-09 21:14:05,SA2404,SA404,1696.0,0.0,0.0,0.0,24,1695.0,1696.0,1,1706.0,1705.0,1705.0,1693.0,591.0,1004109.0,16179
2023-05-09 21:14:08,SA2404,SA404,1696.0,0.0,0.0,0.0,23,1695.0,1696.0,1,1706.0,1705.0,1705.0,1693.0,591.0,1004109.0,16179
2023-05-09 21:14:08,SA2404,SA404,1695.0,1.0,1699.0,0.0,22,1695.0,1696.0,1,1706.0,1705.0,1705.0,1693.0,592.0,1005808.0,16179
2023-05-09 21:14:09,SA2404,SA404,1695.0,22.0,37378.0,22.0,1,1695.0,1696.0,2,1706.0,1705.0,1705.0,1693.0,614.0,1043186.0,16201
2023-05-09 21:14:11,SA2404,SA404,1696.0,1.0,1699.0,1.0,1,1695.0,1697.0,2,1706.0,1705.0,1705.0,1693.0,615.0,1044885.0,16202
2023-05-09 21:14:11,SA2404,SA404,1696.0,0.0,0.0,0.0,7,1694.0,1697.0,6,1706.0,1705.0,1705.0,1693.0,615.0,1044885.0,16202
2023-05-09 21:14:14,SA2404,SA404,1696.0,0.0,0.0,0.0,1,1695.0,1697.0,2,1706.0,1705.0,1705.0,1693.0,615.0,1044885.0,16202
2023-05-09 21:14:14,SA2404,SA404,1696.0,0.0,0.0,0.0,3,1695.0,1697.0,4,1706.0,1705.0,1705.0,1693.0,615.0,1044885.0,16202
2023-05-09 21:14:15,SA2404,SA404,1696.0,0.0,0.0,0.0,2,1695.0,1697.0,4,1706.0,1705.0,1705.0,1693.0,615.0,1044885.0,16202
2023-05-09 21:14:16,SA2404,SA404,1696.0,0.0,0.0,0.0,8,1694.0,1697.0,8,1706.0,1705.0,1705.0,1693.0,615.0,1044885.0,16202
2023-05-09 21:14:16,SA2404,SA404,1696.0,0.0,0.0,0.0,8,1694.0,1697.0,7,1706.0,1705.0,1705.0,1693.0,615.0,1044885.0,16202
2023-05-09 21:14:18,SA2404,SA404,1696.0,0.0,0.0,0.0,1,1695.0,1697.0,7,1706.0,1705.0,1705.0,1693.0,615.0,1044885.0,16202
2023-05-09 21:14:20,SA2404,SA404,1696.0,0.0,0.0,0.0,2,1695.0,1697.0,3,1706.0,1705.0,1705.0,1693.0,615.0,1044885.0,16202
2023-05-09 21:14:20,SA2404,SA404,1696.0,0.0,0.0,0.0,2,1695.0,1697.0,4,1706.0,1705.0,1705.0,1693.0,615.0,1044885.0,16202
2023-05-09 21:14:22,SA2404,SA404,1696.0,0.0,0.0,0.0,1,1695.0,1697.0,8,1706.0,1705.0,1705.0,1693.0,615.0,1044885.0,16202
2023-05-09 21:14:25,SA2404,SA404,1696.0,0.0,0.0,0.0,1,1695.0,1697.0,9,1706.0,1705.0,1705.0,1693.0,615.0,1044885.0,16202
2023-05-09 21:14:26,SA2404,SA404,1696.0,0.0,0.0,0.0,1,1695.0,1696.0,1,1706.0,1705.0,1705.0,1693.0,615.0,1044885.0,16202
2023-05-09 21:14:27,SA2404,SA404,1696.0,0.0,0.0,0.0,2,1695.0,1696.0,1,1706.0,1705.0,1705.0,1693.0,615.0,1044885.0,16202
2023-05-09 21:14:28,SA2404,SA404,1696.0,0.0,0.0,0.0,1,1696.0,1697.0,5,1706.0,1705.0,1705.0,1693.0,615.0,1044885.0,16202
2023-05-09 21:14:29,SA2404,SA404,1696.0,1.0,1699.0,1.0,2,1695.0,1697.0,4,1706.0,1705.0,1705.0,1693.0,616.0,1046584.0,16203
2023-05-09 21:14:29,SA2404,SA404,1696.0,0.0,0.0,0.0,3,1695.0,1697.0,4,1706.0,1705.0,1705.0,1693.0,616.0,1046584.0,16203
2023-05-09 21:14:30,SA2404,SA404,1696.0,0.0,0.0,0.0,2,1695.0,1697.0,4,1706.0,1705.0,1705.0,1693.0,616.0,1046584.0,16203
2023-05-09 21:14:31,SA2404,SA404,1697.0,1.0,1699.0,1.0,2,1695.0,1697.0,4,1706.0,1705.0,1705.0,1693.0,617.0,1048283.0,16204
2023-05-09 21:14:32,SA2404,SA404,1697.0,0.0,0.0,0.0,3,1695.0,1697.0,4,1706.0,1705.0,1705.0,1693.0,617.0,1048283.0,16204
2023-05-09 21:14:33,SA2404,SA404,1697.0,0.0,0.0,0.0,2,1695.0,1697.0,4,1706.0,1705.0,1705.0,1693.0,617.0,1048283.0,16204
2023-05-09 21:14:39,SA2404,SA404,1697.0,0.0,0.0,0.0,4,1695.0,1697.0,4,1706.0,1705.0,1705.0,1693.0,617.0,1048283.0,16204
2023-05-09 21:14:41,SA2404,SA404,1697.0,0.0,0.0,0.0,1,1696.0,1697.0,4,1706.0,1705.0,1705.0,1693.0,617.0,1048283.0,16204
2023-05-09 21:14:47,SA2404,SA404,1697.0,0.0,0.0,0.0,1,1696.0,1697.0,7,1706.0,1705.0,1705.0,1693.0,617.0,1048283.0,16204
2023-05-09 21:14:48,SA2404,SA404,1696.0,1.0,1699.0,1.0,5,1695.0,1697.0,7,1706.0,1705.0,1705.0,1693.0,618.0,1049982.0,16205
2023-05-09 21:14:49,SA2404,SA404,1696.0,0.0,0.0,0.0,5,1695.0,1697.0,4,1706.0,1705.0,1705.0,1693.0,618.0,1049982.0,16205
2023-05-09 21:14:49,SA2404,SA404,1696.0,0.0,0.0,0.0,6,1695.0,1697.0,4,1706.0,1705.0,1705.0,1693.0,618.0,1049982.0,16205
2023-05-09 21:14:51,SA2404,SA404,1696.0,0.0,0.0,0.0,5,1695.0,1697.0,4,1706.0,1705.0,1705.0,1693.0,618.0,1049982.0,16205
2023-05-09 21:14:52,SA2404,SA404,1696.0,0.0,0.0,0.0,6,1695.0,1697.0,4,1706.0,1705.0,1705.0,1693.0,618.0,1049982.0,16205
2023-05-09 21:14:52,SA2404,SA404,1696.0,0.0,0.0,0.0,7,1695.0,1697.0,4,1706.0,1705.0,1705.0,1693.0,618.0,1049982.0,16205
2023-05-09 21:15:00,SA2404,SA404,1696.0,0.0,0.0,0.0,7,1695.0,1696.0,5,1706.0,1705.0,1705.0,1693.0,618.0,1049982.0,16205
2023-05-09 21:15:04,SA2404,SA404,1696.0,2.0,3398.0,-2.0,6,1695.0,1696.0,3,1706.0,1705.0,1705.0,1693.0,620.0,1053380.0,16203
2023-05-09 21:15:05,SA2404,SA404,1696.0,1.0,1699.0,-1.0,6,1695.0,1696.0,2,1706.0,1705.0,1705.0,1693.0,621.0,1055079.0,16202
2023-05-09 21:15:07,SA2404,SA404,1696.0,1.0,1699.0,-1.0,6,1695.0,1696.0,1,1706.0,1705.0,1705.0,1693.0,622.0,1056778.0,16201
2023-05-09 21:15:08,SA2404,SA404,1696.0,1.0,1699.0,-1.0,6,1695.0,1697.0,5,1706.0,1705.0,1705.0,1693.0,623.0,1058477.0,16200
2023-05-09 21:15:09,SA2404,SA404,1696.0,0.0,0.0,0.0,6,1695.0,1697.0,3,1706.0,1705.0,1705.0,1693.0,623.0,1058477.0,16200
2023-05-09 21:15:09,SA2404,SA404,1696.0,0.0,0.0,0.0,1,1696.0,1697.0,3,1706.0,1705.0,1705.0,1693.0,623.0,1058477.0,16200
2023-05-09 21:15:10,SA2404,SA404,1696.0,0.0,0.0,0.0,6,1695.0,1697.0,3,1706.0,1705.0,1705.0,1693.0,623.0,1058477.0,16200
2023-05-09 21:15:11,SA2404,SA404,1697.0,1.0,1699.0,-1.0,1,1696.0,1697.0,2,1706.0,1705.0,1705.0,1693.0,624.0,1060176.0,16199
2023-05-09 21:15:12,SA2404,SA404,1697.0,0.0,0.0,0.0,2,1696.0,1697.0,2,1706.0,1705.0,1705.0,1693.0,624.0,1060176.0,16199
2023-05-09 21:15:15,SA2404,SA404,1697.0,0.0,0.0,0.0,4,1696.0,1697.0,2,1706.0,1705.0,1705.0,1693.0,624.0,1060176.0,16199
2023-05-09 21:15:19,SA2404,SA404,1697.0,0.0,0.0,0.0,4,1696.0,1697.0,1,1706.0,1705.0,1705.0,1693.0,624.0,1060176.0,16199
2023-05-09 21:15:20,SA2404,SA404,1697.0,0.0,0.0,0.0,3,1696.0,1697.0,1,1706.0,1705.0,1705.0,1693.0,624.0,1060176.0,16199
2023-05-09 21:15:23,SA2404,SA404,1698.0,4.0,6796.0,-3.0,1,1698.0,1699.0,6,1706.0,1705.0,1705.0,1693.0,628.0,1066972.0,16196
2023-05-09 21:15:25,SA2404,SA404,1699.0,5.0,8495.0,-5.0,2,1698.0,1699.0,1,1706.0,1705.0,1705.0,1693.0,633.0,1075467.0,16191
2023-05-09 21:15:26,SA2404,SA404,1699.0,0.0,0.0,0.0,2,1698.0,1700.0,38,1706.0,1705.0,1705.0,1693.0,633.0,1075467.0,16191
2023-05-09 21:15:26,SA2404,SA404,1699.0,0.0,0.0,0.0,2,1698.0,1700.0,30,1706.0,1705.0,1705.0,1693.0,633.0,1075467.0,16191
2023-05-09 21:15:27,SA2404,SA404,1699.0,0.0,0.0,0.0,2,1698.0,1699.0,1,1706.0,1705.0,1705.0,1693.0,633.0,1075467.0,16191
2023-05-09 21:15:35,SA2404,SA404,1699.0,0.0,0.0,0.0,2,1698.0,1699.0,3,1706.0,1705.0,1705.0,1693.0,633.0,1075467.0,16191
2023-05-09 21:15:36,SA2404,SA404,1699.0,0.0,0.0,0.0,2,1698.0,1699.0,1,1706.0,1705.0,1705.0,1693.0,633.0,1075467.0,16191
2023-05-09 21:15:50,SA2404,SA404,1699.0,0.0,0.0,0.0,2,1698.0,1699.0,3,1706.0,1705.0,1705.0,1693.0,633.0,1075467.0,16191
2023-05-09 21:15:51,SA2404,SA404,1699.0,1.0,1699.0,-1.0,2,1698.0,1699.0,2,1706.0,1705.0,1705.0,1693.0,634.0,1077166.0,16190
2023-05-09 21:15:52,SA2404,SA404,1699.0,0.0,0.0,0.0,3,1698.0,1699.0,2,1706.0,1705.0,1705.0,1693.0,634.0,1077166.0,16190
2023-05-09 21:15:53,SA2404,SA404,1698.0,3.0,5097.0,-1.0,3,1697.0,1698.0,7,1706.0,1705.0,1705.0,1693.0,637.0,1082263.0,16189
2023-05-09 21:15:54,SA2404,SA404,1698.0,7.0,11893.0,0.0,6,1698.0,1699.0,4,1706.0,1705.0,1705.0,1693.0,644.0,1094156.0,16189
2023-05-09 21:15:55,SA2404,SA404,1698.0,2.0,3398.0,0.0,4,1698.0,1699.0,5,1706.0,1705.0,1705.0,1693.0,646.0,1097554.0,16189
2023-05-09 21:15:55,SA2404,SA404,1698.0,4.0,6796.0,0.0,3,1697.0,1698.0,6,1706.0,1705.0,1705.0,1693.0,650.0,1104350.0,16189
2023-05-09 21:15:56,SA2404,SA404,1698.0,0.0,0.0,0.0,3,1697.0,1698.0,7,1706.0,1705.0,1705.0,1693.0,650.0,1104350.0,16189
2023-05-09 21:16:04,SA2404,SA404,1698.0,1.0,1699.0,-1.0,3,1697.0,1698.0,6,1706.0,1705.0,1705.0,1693.0,651.0,1106049.0,16188
2023-05-09 21:16:05,SA2404,SA404,1698.0,0.0,0.0,0.0,2,1697.0,1698.0,6,1706.0,1705.0,1705.0,1693.0,651.0,1106049.0,16188
2023-05-09 21:16:07,SA2404,SA404,1698.0,0.0,0.0,0.0,2,1697.0,1698.0,7,1706.0,1705.0,1705.0,1693.0,651.0,1106049.0,16188
2023-05-09 21:16:08,SA2404,SA404,1698.0,0.0,0.0,0.0,2,1697.0,1698.0,6,1706.0,1705.0,1705.0,1693.0,651.0,1106049.0,16188
2023-05-09 21:16:18,SA2404,SA404,1698.0,0.0,0.0,0.0,3,1697.0,1698.0,6,1706.0,1705.0,1705.0,1693.0,651.0,1106049.0,16188
2023-05-09 21:16:21,SA2404,SA404,1698.0,5.0,8495.0,0.0,3,1697.0,1698.0,1,1706.0,1705.0,1705.0,1693.0,656.0,1114544.0,16188
2023-05-09 21:16:26,SA2404,SA404,1698.0,0.0,0.0,0.0,4,1697.0,1698.0,1,1706.0,1705.0,1705.0,1693.0,656.0,1114544.0,16188
2023-05-09 21:16:27,SA2404,SA404,1698.0,1.0,1699.0,0.0,4,1697.0,1699.0,4,1706.0,1705.0,1705.0,1693.0,657.0,1116243.0,16188
2023-05-09 21:16:29,SA2404,SA404,1698.0,0.0,0.0,0.0,4,1697.0,1698.0,1,1706.0,1705.0,1705.0,1693.0,657.0,1116243.0,16188
2023-05-09 21:16:33,SA2404,SA404,1698.0,1.0,1699.0,0.0,1,1698.0,1699.0,4,1706.0,1705.0,1705.0,1693.0,658.0,1117942.0,16188
2023-05-09 21:16:34,SA2404,SA404,1698.0,0.0,0.0,0.0,1,1698.0,1699.0,5,1706.0,1705.0,1705.0,1693.0,658.0,1117942.0,16188
2023-05-09 21:16:39,SA2404,SA404,1698.0,0.0,0.0,0.0,1,1698.0,1699.0,4,1706.0,1705.0,1705.0,1693.0,658.0,1117942.0,16188
2023-05-09 21:16:40,SA2404,SA404,1698.0,0.0,0.0,0.0,1,1698.0,1699.0,5,1706.0,1705.0,1705.0,1693.0,658.0,1117942.0,16188
2023-05-09 21:16:44,SA2404,SA404,1698.0,1.0,1699.0,1.0,4,1697.0,1699.0,5,1706.0,1705.0,1705.0,1693.0,659.0,1119641.0,16189
2023-05-09 21:16:44,SA2404,SA404,1699.0,2.0,3398.0,2.0,1,1698.0,1699.0,4,1706.0,1705.0,1705.0,1693.0,661.0,1123039.0,16191
2023-05-09 21:16:46,SA2404,SA404,1699.0,0.0,0.0,0.0,1,1698.0,1699.0,3,1706.0,1705.0,1705.0,1693.0,661.0,1123039.0,16191
2023-05-09 21:16:49,SA2404,SA404,1698.0,1.0,1699.0,-1.0,5,1697.0,1699.0,3,1706.0,1705.0,1705.0,1693.0,662.0,1124738.0,16190
2023-05-09 21:16:54,SA2404,SA404,1698.0,0.0,0.0,0.0,1,1698.0,1699.0,3,1706.0,1705.0,1705.0,1693.0,662.0,1124738.0,16190
2023-05-09 21:16:56,SA2404,SA404,1698.0,1.0,1699.0,1.0,5,1697.0,1699.0,3,1706.0,1705.0,1705.0,1693.0,663.0,1126437.0,16191
2023-05-09 21:16:58,SA2404,SA404,1698.0,0.0,0.0,0.0,1,1698.0,1699.0,3,1706.0,1705.0,1705.0,1693.0,663.0,1126437.0,16191
2023-05-09 21:16:58,SA2404,SA404,1699.0,2.0,3398.0,0.0,3,1698.0,1699.0,1,1706.0,1705.0,1705.0,1693.0,665.0,1129835.0,16191
2023-05-09 21:17:03,SA2404,SA404,1699.0,0.0,0.0,0.0,2,1698.0,1699.0,2,1706.0,1705.0,1705.0,1693.0,665.0,1129835.0,16191
2023-05-09 21:17:04,SA2404,SA404,1699.0,0.0,0.0,0.0,2,1698.0,1699.0,3,1706.0,1705.0,1705.0,1693.0,665.0,1129835.0,16191
2023-05-09 21:17:09,SA2404,SA404,1699.0,0.0,0.0,0.0,2,1698.0,1699.0,2,1706.0,1705.0,1705.0,1693.0,665.0,1129835.0,16191
2023-05-09 21:17:11,SA2404,SA404,1699.0,0.0,0.0,0.0,2,1698.0,1699.0,1,1706.0,1705.0,1705.0,1693.0,665.0,1129835.0,16191
2023-05-09 21:17:12,SA2404,SA404,1698.0,1.0,1699.0,1.0,1,1698.0,1699.0,1,1706.0,1705.0,1705.0,1693.0,666.0,1131534.0,16192
2023-05-09 21:17:12,SA2404,SA404,1698.0,0.0,0.0,0.0,1,1698.0,1699.0,2,1706.0,1705.0,1705.0,1693.0,666.0,1131534.0,16192
2023-05-09 21:17:12,SA2404,SA404,1698.0,0.0,0.0,0.0,2,1698.0,1699.0,2,1706.0,1705.0,1705.0,1693.0,666.0,1131534.0,16192
2023-05-09 21:17:13,SA2404,SA404,1698.0,0.0,0.0,0.0,2,1698.0,1699.0,3,1706.0,1705.0,1705.0,1693.0,666.0,1131534.0,16192
2023-05-09 21:17:15,SA2404,SA404,1698.0,0.0,0.0,0.0,3,1698.0,1699.0,3,1706.0,1705.0,1705.0,1693.0,666.0,1131534.0,16192
2023-05-09 21:17:18,SA2404,SA404,1698.0,0.0,0.0,0.0,4,1698.0,1699.0,3,1706.0,1705.0,1705.0,1693.0,666.0,1131534.0,16192
2023-05-09 21:17:19,SA2404,SA404,1698.0,0.0,0.0,0.0,3,1698.0,1699.0,3,1706.0,1705.0,1705.0,1693.0,666.0,1131534.0,16192
2023-05-09 21:17:19,SA2404,SA404,1698.0,0.0,0.0,0.0,3,1698.0,1699.0,2,1706.0,1705.0,1705.0,1693.0,666.0,1131534.0,16192
2023-05-09 21:17:20,SA2404,SA404,1698.0,0.0,0.0,0.0,3,1698.0,1699.0,3,1706.0,1705.0,1705.0,1693.0,666.0,1131534.0,16192
2023-05-09 21:17:21,SA2404,SA404,1699.0,1.0,1699.0,-1.0,3,1698.0,1699.0,2,1706.0,1705.0,1705.0,1693.0,667.0,1133233.0,16191
2023-05-09 21:17:22,SA2404,SA404,1699.0,1.0,1699.0,-1.0,3,1698.0,1699.0,1,1706.0,1705.0,1705.0,1693.0,668.0,1134932.0,16190
2023-05-09 21:17:22,SA2404,SA404,1699.0,1.0,1699.0,-1.0,4,1698.0,1700.0,27,1706.0,1705.0,1705.0,1693.0,669.0,1136631.0,16189
2023-05-09 21:17:23,SA2404,SA404,1699.0,0.0,0.0,0.0,4,1698.0,1700.0,28,1706.0,1705.0,1705.0,1693.0,669.0,1136631.0,16189
2023-05-09 21:17:24,SA2404,SA404,1699.0,0.0,0.0,0.0,4,1698.0,1700.0,27,1706.0,1705.0,1705.0,1693.0,669.0,1136631.0,16189
2023-05-09 21:17:28,SA2404,SA404,1699.0,0.0,0.0,0.0,3,1698.0,1700.0,27,1706.0,1705.0,1705.0,1693.0,669.0,1136631.0,16189
2023-05-09 21:17:35,SA2404,SA404,1698.0,1.0,1699.0,1.0,2,1698.0,1699.0,2,1706.0,1705.0,1705.0,1693.0,670.0,1138330.0,16190
2023-05-09 21:17:36,SA2404,SA404,1698.0,0.0,0.0,0.0,3,1698.0,1699.0,2,1706.0,1705.0,1705.0,1693.0,670.0,1138330.0,16190
2023-05-09 21:17:37,SA2404,SA404,1699.0,2.0,3398.0,-2.0,5,1698.0,1700.0,27,1706.0,1705.0,1705.0,1693.0,672.0,1141728.0,16188
2023-05-09 21:17:38,SA2404,SA404,1699.0,0.0,0.0,0.0,6,1698.0,1700.0,27,1706.0,1705.0,1705.0,1693.0,672.0,1141728.0,16188
2023-05-09 21:17:39,SA2404,SA404,1699.0,0.0,0.0,0.0,1,1699.0,1700.0,27,1706.0,1705.0,1705.0,1693.0,672.0,1141728.0,16188
2023-05-09 21:17:42,SA2404,SA404,1699.0,1.0,1699.0,1.0,5,1698.0,1700.0,27,1706.0,1705.0,1705.0,1693.0,673.0,1143427.0,16189
2023-05-09 21:17:45,SA2404,SA404,1698.0,5.0,8495.0,3.0,4,1697.0,1699.0,2,1706.0,1705.0,1705.0,1693.0,678.0,1151922.0,16192
2023-05-09 21:17:48,SA2404,SA404,1698.0,0.0,0.0,0.0,3,1697.0,1699.0,2,1706.0,1705.0,1705.0,1693.0,678.0,1151922.0,16192
2023-05-09 21:17:48,SA2404,SA404,1698.0,0.0,0.0,0.0,3,1697.0,1698.0,5,1706.0,1705.0,1705.0,1693.0,678.0,1151922.0,16192
2023-05-09 21:17:50,SA2404,SA404,1698.0,5.0,8495.0,0.0,5,1697.0,1699.0,7,1706.0,1705.0,1705.0,1693.0,683.0,1160417.0,16192
2023-05-09 21:17:52,SA2404,SA404,1698.0,0.0,0.0,0.0,1,1698.0,1699.0,7,1706.0,1705.0,1705.0,1693.0,683.0,1160417.0,16192
2023-05-09 21:17:53,SA2404,SA404,1698.0,0.0,0.0,0.0,2,1698.0,1699.0,7,1706.0,1705.0,1705.0,1693.0,683.0,1160417.0,16192
2023-05-09 21:17:59,SA2404,SA404,1698.0,0.0,0.0,0.0,4,1697.0,1699.0,8,1706.0,1705.0,1705.0,1693.0,683.0,1160417.0,16192
2023-05-09 21:18:03,SA2404,SA404,1698.0,0.0,0.0,0.0,4,1697.0,1699.0,7,1706.0,1705.0,1705.0,1693.0,683.0,1160417.0,16192
2023-05-09 21:18:04,SA2404,SA404,1697.0,1.0,1699.0,-1.0,3,1697.0,1699.0,7,1706.0,1705.0,1705.0,1693.0,684.0,1162116.0,16191
2023-05-09 21:18:07,SA2404,SA404,1697.0,0.0,0.0,0.0,3,1697.0,1699.0,8,1706.0,1705.0,1705.0,1693.0,684.0,1162116.0,16191
2023-05-09 21:18:08,SA2404,SA404,1697.0,0.0,0.0,0.0,3,1697.0,1699.0,9,1706.0,1705.0,1705.0,1693.0,684.0,1162116.0,16191
2023-05-09 21:18:09,SA2404,SA404,1697.0,0.0,0.0,0.0,3,1697.0,1699.0,8,1706.0,1705.0,1705.0,1693.0,684.0,1162116.0,16191
2023-05-09 21:18:13,SA2404,SA404,1697.0,0.0,0.0,0.0,3,1697.0,1698.0,1,1706.0,1705.0,1705.0,1693.0,684.0,1162116.0,16191
2023-05-09 21:18:14,SA2404,SA404,1697.0,0.0,0.0,0.0,3,1697.0,1698.0,6,1706.0,1705.0,1705.0,1693.0,684.0,1162116.0,16191
2023-05-09 21:18:16,SA2404,SA404,1698.0,2.0,3398.0,1.0,3,1697.0,1698.0,4,1706.0,1705.0,1705.0,1693.0,686.0,1165514.0,16192
2023-05-09 21:18:17,SA2404,SA404,1697.0,1.0,1699.0,-1.0,3,1697.0,1698.0,4,1706.0,1705.0,1705.0,1693.0,687.0,1167213.0,16191
2023-05-09 21:18:19,SA2404,SA404,1697.0,1.0,1699.0,0.0,3,1697.0,1698.0,4,1706.0,1705.0,1705.0,1693.0,688.0,1168912.0,16191
2023-05-09 21:18:22,SA2404,SA404,1697.0,0.0,0.0,0.0,3,1697.0,1698.0,5,1706.0,1705.0,1705.0,1693.0,688.0,1168912.0,16191
2023-05-09 21:18:25,SA2404,SA404,1697.0,0.0,0.0,0.0,4,1697.0,1698.0,5,1706.0,1705.0,1705.0,1693.0,688.0,1168912.0,16191
2023-05-09 21:18:37,SA2404,SA404,1698.0,1.0,1699.0,0.0,5,1697.0,1698.0,4,1706.0,1705.0,1705.0,1693.0,689.0,1170611.0,16191
2023-05-09 21:18:49,SA2404,SA404,1697.0,1.0,1699.0,-1.0,4,1697.0,1698.0,4,1706.0,1705.0,1705.0,1693.0,690.0,1172310.0,16190
2023-05-09 21:18:58,SA2404,SA404,1697.0,0.0,0.0,0.0,3,1697.0,1698.0,4,1706.0,1705.0,1705.0,1693.0,690.0,1172310.0,16190
2023-05-09 21:19:01,SA2404,SA404,1697.0,0.0,0.0,0.0,3,1697.0,1698.0,5,1706.0,1705.0,1705.0,1693.0,690.0,1172310.0,16190
2023-05-09 21:19:03,SA2404,SA404,1697.0,0.0,0.0,0.0,3,1697.0,1698.0,4,1706.0,1705.0,1705.0,1693.0,690.0,1172310.0,16190
2023-05-09 21:19:04,SA2404,SA404,1697.0,1.0,1699.0,1.0,2,1697.0,1698.0,4,1706.0,1705.0,1705.0,1693.0,691.0,1174009.0,16191
2023-05-09 21:19:05,SA2404,SA404,1697.0,0.0,0.0,0.0,2,1697.0,1698.0,5,1706.0,1705.0,1705.0,1693.0,691.0,1174009.0,16191
2023-05-09 21:19:08,SA2404,SA404,1697.0,0.0,0.0,0.0,3,1697.0,1698.0,5,1706.0,1705.0,1705.0,1693.0,691.0,1174009.0,16191
2023-05-09 21:19:17,SA2404,SA404,1697.0,0.0,0.0,0.0,2,1697.0,1698.0,5,1706.0,1705.0,1705.0,1693.0,691.0,1174009.0,16191
2023-05-09 21:19:18,SA2404,SA404,1697.0,0.0,0.0,0.0,2,1697.0,1698.0,6,1706.0,1705.0,1705.0,1693.0,691.0,1174009.0,16191
2023-05-09 21:19:20,SA2404,SA404,1697.0,1.0,1699.0,1.0,1,1697.0,1698.0,6,1706.0,1705.0,1705.0,1693.0,692.0,1175708.0,16192
2023-05-09 21:19:20,SA2404,SA404,1697.0,1.0,1699.0,1.0,5,1696.0,1697.0,1,1706.0,1705.0,1705.0,1693.0,693.0,1177407.0,16193
2023-05-09 21:19:20,SA2404,SA404,1697.0,0.0,0.0,0.0,4,1696.0,1697.0,1,1706.0,1705.0,1705.0,1693.0,693.0,1177407.0,16193
2023-05-09 21:19:21,SA2404,SA404,1697.0,0.0,0.0,0.0,4,1696.0,1697.0,101,1706.0,1705.0,1705.0,1693.0,693.0,1177407.0,16193
2023-05-09 21:19:21,SA2404,SA404,1696.0,3.0,5097.0,0.0,1,1696.0,1697.0,103,1706.0,1705.0,1705.0,1693.0,696.0,1182504.0,16193
2023-05-09 21:19:22,SA2404,SA404,1697.0,1.0,1699.0,1.0,1,1696.0,1697.0,103,1706.0,1705.0,1705.0,1693.0,697.0,1184203.0,16194
2023-05-09 21:19:24,SA2404,SA404,1696.0,1.0,1699.0,1.0,3,1695.0,1696.0,1,1706.0,1705.0,1705.0,1693.0,698.0,1185902.0,16195
2023-05-09 21:19:25,SA2404,SA404,1696.0,0.0,0.0,0.0,3,1695.0,1697.0,104,1706.0,1705.0,1705.0,1693.0,698.0,1185902.0,16195
2023-05-09 21:19:25,SA2404,SA404,1696.0,0.0,0.0,0.0,3,1695.0,1697.0,103,1706.0,1705.0,1705.0,1693.0,698.0,1185902.0,16195
2023-05-09 21:19:27,SA2404,SA404,1696.0,0.0,0.0,0.0,3,1695.0,1696.0,1,1706.0,1705.0,1705.0,1693.0,698.0,1185902.0,16195
2023-05-09 21:19:32,SA2404,SA404,1695.0,1.0,1699.0,1.0,2,1695.0,1697.0,106,1706.0,1705.0,1705.0,1693.0,699.0,1187601.0,16196
2023-05-09 21:19:33,SA2404,SA404,1695.0,0.0,0.0,0.0,4,1695.0,1697.0,106,1706.0,1705.0,1705.0,1693.0,699.0,1187601.0,16196
2023-05-09 21:19:36,SA2404,SA404,1695.0,1.0,1699.0,-1.0,6,1695.0,1697.0,106,1706.0,1705.0,1705.0,1693.0,700.0,1189300.0,16195
2023-05-09 21:19:37,SA2404,SA404,1695.0,0.0,0.0,0.0,7,1695.0,1697.0,106,1706.0,1705.0,1705.0,1693.0,700.0,1189300.0,16195
2023-05-09 21:19:38,SA2404,SA404,1695.0,0.0,0.0,0.0,7,1695.0,1696.0,1,1706.0,1705.0,1705.0,1693.0,700.0,1189300.0,16195
