time,symbol_id,symbol_name,last,trade_volume,trade_amount,open_interest_change,bv1,bp1,ap1,av1,yesterday_close,today_open,today_high,today_low,volume,amount,open_interest
2023-05-10 20:58:57,y2312,y2312,7554.0,0.0,0.0,0.0,1,7556.0,7584.0,5,7554.0,7572.0,0.0,0.0,0.0,0.0,34435
2023-05-10 21:00:00,y2312,y2312,7554.0,0.0,0.0,0.0,1,7572.0,7584.0,10,7554.0,7572.0,0.0,0.0,0.0,0.0,34435
2023-05-10 21:00:01,y2312,y2312,7554.0,0.0,0.0,0.0,1,7572.0,7582.0,1,7554.0,7572.0,0.0,0.0,0.0,0.0,34435
2023-05-10 21:00:01,y2312,y2312,7554.0,0.0,0.0,0.0,1,7572.0,7580.0,2,7554.0,7572.0,0.0,0.0,0.0,0.0,34435
2023-05-10 21:00:02,y2312,y2312,7554.0,0.0,0.0,0.0,3,7572.0,7580.0,2,7554.0,7572.0,0.0,0.0,0.0,0.0,34435
2023-05-10 21:00:02,y2312,y2312,7554.0,0.0,0.0,0.0,1,7572.0,7578.0,6,7554.0,7572.0,0.0,0.0,0.0,0.0,34435
2023-05-10 21:00:03,y2312,y2312,7554.0,0.0,0.0,0.0,1,7572.0,7574.0,2,7554.0,7572.0,0.0,0.0,0.0,0.0,34435
2023-05-10 21:00:07,y2312,y2312,7572.0,1.0,75720.0,0.0,2,7558.0,7574.0,2,7554.0,7572.0,7572.0,7572.0,1.0,75720.0,34435
2023-05-10 21:00:07,y2312,y2312,7572.0,0.0,0.0,0.0,2,7564.0,7572.0,3,7554.0,7572.0,7572.0,7572.0,1.0,75720.0,34435
2023-05-10 21:00:08,y2312,y2312,7572.0,0.0,0.0,0.0,2,7566.0,7572.0,3,7554.0,7572.0,7572.0,7572.0,1.0,75720.0,34435
2023-05-10 21:00:08,y2312,y2312,7572.0,0.0,0.0,0.0,2,7566.0,7572.0,1,7554.0,7572.0,7572.0,7572.0,1.0,75720.0,34435
2023-05-10 21:00:09,y2312,y2312,7572.0,0.0,0.0,0.0,4,7568.0,7572.0,3,7554.0,7572.0,7572.0,7572.0,1.0,75720.0,34435
2023-05-10 21:00:10,y2312,y2312,7572.0,0.0,0.0,0.0,2,7568.0,7572.0,3,7554.0,7572.0,7572.0,7572.0,1.0,75720.0,34435
2023-05-10 21:00:13,y2312,y2312,7572.0,0.0,0.0,0.0,2,7570.0,7572.0,3,7554.0,7572.0,7572.0,7572.0,1.0,75720.0,34435
2023-05-10 21:00:13,y2312,y2312,7572.0,1.0,75720.0,0.0,2,7570.0,7572.0,2,7554.0,7572.0,7572.0,7572.0,2.0,151440.0,34435
2023-05-10 21:00:14,y2312,y2312,7572.0,2.0,151440.0,1.0,1,7572.0,7578.0,5,7554.0,7572.0,7572.0,7572.0,4.0,302880.0,34436
2023-05-10 21:00:14,y2312,y2312,7572.0,1.0,75720.0,1.0,2,7566.0,7572.0,1,7554.0,7572.0,7572.0,7572.0,5.0,378600.0,34437
2023-05-10 21:00:14,y2312,y2312,7572.0,0.0,0.0,0.0,2,7568.0,7572.0,1,7554.0,7572.0,7572.0,7572.0,5.0,378600.0,34437
2023-05-10 21:00:15,y2312,y2312,7572.0,0.0,0.0,0.0,2,7570.0,7574.0,7,7554.0,7572.0,7572.0,7572.0,5.0,378600.0,34437
2023-05-10 21:00:16,y2312,y2312,7572.0,0.0,0.0,0.0,7,7570.0,7574.0,2,7554.0,7572.0,7572.0,7572.0,5.0,378600.0,34437
2023-05-10 21:00:17,y2312,y2312,7572.0,0.0,0.0,0.0,2,7572.0,7576.0,2,7554.0,7572.0,7572.0,7572.0,5.0,378600.0,34437
2023-05-10 21:00:17,y2312,y2312,7572.0,0.0,0.0,0.0,2,7572.0,7576.0,4,7554.0,7572.0,7572.0,7572.0,5.0,378600.0,34437
2023-05-10 21:00:18,y2312,y2312,7572.0,0.0,0.0,0.0,2,7572.0,7576.0,9,7554.0,7572.0,7572.0,7572.0,5.0,378600.0,34437
2023-05-10 21:00:19,y2312,y2312,7572.0,2.0,151440.0,0.0,5,7570.0,7574.0,2,7554.0,7572.0,7572.0,7572.0,7.0,530040.0,34437
2023-05-10 21:00:20,y2312,y2312,7572.0,0.0,0.0,0.0,10,7570.0,7574.0,2,7554.0,7572.0,7572.0,7572.0,7.0,530040.0,34437
2023-05-10 21:00:20,y2312,y2312,7572.0,0.0,0.0,0.0,10,7570.0,7576.0,9,7554.0,7572.0,7572.0,7572.0,7.0,530040.0,34437
2023-05-10 21:00:22,y2312,y2312,7572.0,0.0,0.0,0.0,10,7570.0,7576.0,14,7554.0,7572.0,7572.0,7572.0,7.0,530040.0,34437
2023-05-10 21:00:24,y2312,y2312,7572.0,0.0,0.0,0.0,5,7570.0,7574.0,2,7554.0,7572.0,7572.0,7572.0,7.0,530040.0,34437
2023-05-10 21:00:24,y2312,y2312,7572.0,0.0,0.0,0.0,10,7570.0,7574.0,2,7554.0,7572.0,7572.0,7572.0,7.0,530040.0,34437
2023-05-10 21:00:25,y2312,y2312,7572.0,0.0,0.0,0.0,10,7570.0,7576.0,4,7554.0,7572.0,7572.0,7572.0,7.0,530040.0,34437
2023-05-10 21:00:26,y2312,y2312,7572.0,0.0,0.0,0.0,10,7572.0,7576.0,2,7554.0,7572.0,7572.0,7572.0,7.0,530040.0,34437
2023-05-10 21:00:26,y2312,y2312,7572.0,0.0,0.0,0.0,10,7572.0,7578.0,17,7554.0,7572.0,7572.0,7572.0,7.0,530040.0,34437
2023-05-10 21:00:27,y2312,y2312,7572.0,0.0,0.0,0.0,10,7574.0,7580.0,10,7554.0,7572.0,7572.0,7572.0,7.0,530040.0,34437
2023-05-10 21:00:27,y2312,y2312,7572.0,0.0,0.0,0.0,10,7574.0,7580.0,7,7554.0,7572.0,7572.0,7572.0,7.0,530040.0,34437
2023-05-10 21:00:28,y2312,y2312,7572.0,0.0,0.0,0.0,10,7576.0,7582.0,10,7554.0,7572.0,7572.0,7572.0,7.0,530040.0,34437
2023-05-10 21:00:28,y2312,y2312,7572.0,0.0,0.0,0.0,5,7576.0,7582.0,12,7554.0,7572.0,7572.0,7572.0,7.0,530040.0,34437
2023-05-10 21:00:29,y2312,y2312,7572.0,0.0,0.0,0.0,10,7576.0,7582.0,7,7554.0,7572.0,7572.0,7572.0,7.0,530040.0,34437
2023-05-10 21:00:29,y2312,y2312,7572.0,0.0,0.0,0.0,5,7576.0,7582.0,12,7554.0,7572.0,7572.0,7572.0,7.0,530040.0,34437
2023-05-10 21:00:30,y2312,y2312,7576.0,5.0,378800.0,0.0,11,7574.0,7578.0,2,7554.0,7572.0,7576.0,7572.0,12.0,908840.0,34437
2023-05-10 21:00:31,y2312,y2312,7576.0,0.0,0.0,0.0,10,7574.0,7578.0,2,7554.0,7572.0,7576.0,7572.0,12.0,908840.0,34437
2023-05-10 21:00:31,y2312,y2312,7574.0,10.0,757400.0,5.0,5,7572.0,7578.0,2,7554.0,7572.0,7576.0,7572.0,22.0,1666240.0,34442
2023-05-10 21:00:32,y2312,y2312,7574.0,0.0,0.0,0.0,5,7572.0,7576.0,2,7554.0,7572.0,7576.0,7572.0,22.0,1666240.0,34442
2023-05-10 21:00:32,y2312,y2312,7574.0,0.0,0.0,0.0,5,7570.0,7574.0,2,7554.0,7572.0,7576.0,7572.0,22.0,1666240.0,34442
2023-05-10 21:00:33,y2312,y2312,7574.0,0.0,0.0,0.0,10,7570.0,7574.0,2,7554.0,7572.0,7576.0,7572.0,22.0,1666240.0,34442
2023-05-10 21:00:33,y2312,y2312,7574.0,0.0,0.0,0.0,10,7570.0,7576.0,19,7554.0,7572.0,7576.0,7572.0,22.0,1666240.0,34442
2023-05-10 21:00:34,y2312,y2312,7574.0,0.0,0.0,0.0,5,7572.0,7576.0,9,7554.0,7572.0,7576.0,7572.0,22.0,1666240.0,34442
2023-05-10 21:00:34,y2312,y2312,7574.0,0.0,0.0,0.0,5,7572.0,7576.0,7,7554.0,7572.0,7576.0,7572.0,22.0,1666240.0,34442
2023-05-10 21:00:34,y2312,y2312,7574.0,0.0,0.0,0.0,10,7570.0,7576.0,7,7554.0,7572.0,7576.0,7572.0,22.0,1666240.0,34442
2023-05-10 21:00:35,y2312,y2312,7574.0,0.0,0.0,0.0,10,7570.0,7576.0,12,7554.0,7572.0,7576.0,7572.0,22.0,1666240.0,34442
2023-05-10 21:00:36,y2312,y2312,7574.0,0.0,0.0,0.0,10,7568.0,7574.0,12,7554.0,7572.0,7576.0,7572.0,22.0,1666240.0,34442
2023-05-10 21:00:37,y2312,y2312,7574.0,0.0,0.0,0.0,10,7568.0,7574.0,14,7554.0,7572.0,7576.0,7572.0,22.0,1666240.0,34442
2023-05-10 21:00:37,y2312,y2312,7574.0,0.0,0.0,0.0,5,7570.0,7576.0,12,7554.0,7572.0,7576.0,7572.0,22.0,1666240.0,34442
2023-05-10 21:00:38,y2312,y2312,7574.0,0.0,0.0,0.0,10,7568.0,7576.0,14,7554.0,7572.0,7576.0,7572.0,22.0,1666240.0,34442
2023-05-10 21:00:38,y2312,y2312,7574.0,0.0,0.0,0.0,5,7568.0,7572.0,5,7554.0,7572.0,7576.0,7572.0,22.0,1666240.0,34442
2023-05-10 21:00:39,y2312,y2312,7574.0,0.0,0.0,0.0,10,7566.0,7572.0,5,7554.0,7572.0,7576.0,7572.0,22.0,1666240.0,34442
2023-05-10 21:00:39,y2312,y2312,7574.0,0.0,0.0,0.0,10,7566.0,7572.0,10,7554.0,7572.0,7576.0,7572.0,22.0,1666240.0,34442
2023-05-10 21:00:40,y2312,y2312,7574.0,0.0,0.0,0.0,10,7564.0,7570.0,5,7554.0,7572.0,7576.0,7572.0,22.0,1666240.0,34442
2023-05-10 21:00:41,y2312,y2312,7574.0,0.0,0.0,0.0,5,7566.0,7572.0,12,7554.0,7572.0,7576.0,7572.0,22.0,1666240.0,34442
2023-05-10 21:00:41,y2312,y2312,7574.0,0.0,0.0,0.0,12,7564.0,7572.0,17,7554.0,7572.0,7576.0,7572.0,22.0,1666240.0,34442
2023-05-10 21:00:42,y2312,y2312,7574.0,0.0,0.0,0.0,17,7564.0,7570.0,10,7554.0,7572.0,7576.0,7572.0,22.0,1666240.0,34442
2023-05-10 21:00:43,y2312,y2312,7574.0,0.0,0.0,0.0,22,7564.0,7570.0,10,7554.0,7572.0,7576.0,7572.0,22.0,1666240.0,34442
2023-05-10 21:00:43,y2312,y2312,7574.0,0.0,0.0,0.0,27,7564.0,7570.0,10,7554.0,7572.0,7576.0,7572.0,22.0,1666240.0,34442
2023-05-10 21:00:46,y2312,y2312,7574.0,0.0,0.0,0.0,1,7566.0,7570.0,5,7554.0,7572.0,7576.0,7572.0,22.0,1666240.0,34442
2023-05-10 21:00:47,y2312,y2312,7574.0,0.0,0.0,0.0,1,7566.0,7570.0,10,7554.0,7572.0,7576.0,7572.0,22.0,1666240.0,34442
2023-05-10 21:00:47,y2312,y2312,7574.0,0.0,0.0,0.0,2,7566.0,7568.0,5,7554.0,7572.0,7576.0,7572.0,22.0,1666240.0,34442
2023-05-10 21:00:49,y2312,y2312,7568.0,2.0,151360.0,0.0,1,7568.0,7570.0,10,7554.0,7572.0,7576.0,7568.0,24.0,1817600.0,34442
2023-05-10 21:00:49,y2312,y2312,7568.0,1.0,75680.0,0.0,2,7566.0,7570.0,22,7554.0,7572.0,7576.0,7568.0,25.0,1893280.0,34442
2023-05-10 21:00:50,y2312,y2312,7568.0,0.0,0.0,0.0,1,7566.0,7568.0,10,7554.0,7572.0,7576.0,7568.0,25.0,1893280.0,34442
2023-05-10 21:00:51,y2312,y2312,7568.0,0.0,0.0,0.0,22,7562.0,7568.0,10,7554.0,7572.0,7576.0,7568.0,25.0,1893280.0,34442
2023-05-10 21:00:51,y2312,y2312,7568.0,0.0,0.0,0.0,10,7562.0,7566.0,7,7554.0,7572.0,7576.0,7568.0,25.0,1893280.0,34442
2023-05-10 21:00:52,y2312,y2312,7568.0,0.0,0.0,0.0,22,7560.0,7566.0,7,7554.0,7572.0,7576.0,7568.0,25.0,1893280.0,34442
2023-05-10 21:00:52,y2312,y2312,7568.0,0.0,0.0,0.0,4,7562.0,7566.0,2,7554.0,7572.0,7576.0,7568.0,25.0,1893280.0,34442
2023-05-10 21:00:53,y2312,y2312,7568.0,0.0,0.0,0.0,9,7562.0,7566.0,2,7554.0,7572.0,7576.0,7568.0,25.0,1893280.0,34442
2023-05-10 21:00:53,y2312,y2312,7566.0,2.0,151320.0,0.0,3,7566.0,7568.0,15,7554.0,7572.0,7576.0,7566.0,27.0,2044600.0,34442
2023-05-10 21:00:54,y2312,y2312,7566.0,0.0,0.0,0.0,3,7566.0,7570.0,20,7554.0,7572.0,7576.0,7566.0,27.0,2044600.0,34442
2023-05-10 21:00:55,y2312,y2312,7566.0,0.0,0.0,0.0,1,7566.0,7570.0,22,7554.0,7572.0,7576.0,7566.0,27.0,2044600.0,34442
2023-05-10 21:00:55,y2312,y2312,7566.0,0.0,0.0,0.0,3,7566.0,7568.0,5,7554.0,7572.0,7576.0,7566.0,27.0,2044600.0,34442
2023-05-10 21:00:56,y2312,y2312,7566.0,0.0,0.0,0.0,3,7566.0,7568.0,10,7554.0,7572.0,7576.0,7566.0,27.0,2044600.0,34442
2023-05-10 21:00:57,y2312,y2312,7566.0,3.0,226980.0,1.0,21,7562.0,7568.0,5,7554.0,7572.0,7576.0,7566.0,30.0,2271580.0,34443
2023-05-10 21:00:57,y2312,y2312,7566.0,0.0,0.0,0.0,11,7562.0,7568.0,17,7554.0,7572.0,7576.0,7566.0,30.0,2271580.0,34443
2023-05-10 21:00:58,y2312,y2312,7566.0,0.0,0.0,0.0,1,7562.0,7568.0,22,7554.0,7572.0,7576.0,7566.0,30.0,2271580.0,34443
2023-05-10 21:00:58,y2312,y2312,7566.0,0.0,0.0,0.0,22,7560.0,7564.0,2,7554.0,7572.0,7576.0,7566.0,30.0,2271580.0,34443
2023-05-10 21:00:59,y2312,y2312,7566.0,0.0,0.0,0.0,23,7560.0,7564.0,2,7554.0,7572.0,7576.0,7566.0,30.0,2271580.0,34443
2023-05-10 21:00:59,y2312,y2312,7566.0,0.0,0.0,0.0,23,7560.0,7566.0,22,7554.0,7572.0,7576.0,7566.0,30.0,2271580.0,34443
2023-05-10 21:01:00,y2312,y2312,7566.0,0.0,0.0,0.0,23,7560.0,7566.0,15,7554.0,7572.0,7576.0,7566.0,30.0,2271580.0,34443
2023-05-10 21:01:00,y2312,y2312,7566.0,0.0,0.0,0.0,7,7562.0,7568.0,20,7554.0,7572.0,7576.0,7566.0,30.0,2271580.0,34443
2023-05-10 21:01:01,y2312,y2312,7566.0,0.0,0.0,0.0,19,7562.0,7568.0,20,7554.0,7572.0,7576.0,7566.0,30.0,2271580.0,34443
2023-05-10 21:01:01,y2312,y2312,7566.0,0.0,0.0,0.0,1,7564.0,7568.0,20,7554.0,7572.0,7576.0,7566.0,30.0,2271580.0,34443
2023-05-10 21:01:02,y2312,y2312,7566.0,0.0,0.0,0.0,10,7562.0,7566.0,10,7554.0,7572.0,7576.0,7566.0,30.0,2271580.0,34443
2023-05-10 21:01:03,y2312,y2312,7566.0,0.0,0.0,0.0,17,7560.0,7566.0,10,7554.0,7572.0,7576.0,7566.0,30.0,2271580.0,34443
2023-05-10 21:01:03,y2312,y2312,7566.0,0.0,0.0,0.0,18,7560.0,7564.0,2,7554.0,7572.0,7576.0,7566.0,30.0,2271580.0,34443
2023-05-10 21:01:04,y2312,y2312,7566.0,0.0,0.0,0.0,5,7560.0,7562.0,2,7554.0,7572.0,7576.0,7566.0,30.0,2271580.0,34443
2023-05-10 21:01:04,y2312,y2312,7560.0,2.0,151200.0,1.0,10,7558.0,7560.0,2,7554.0,7572.0,7576.0,7560.0,32.0,2422780.0,34444
2023-05-10 21:01:05,y2312,y2312,7560.0,2.0,151200.0,2.0,10,7558.0,7564.0,10,7554.0,7572.0,7576.0,7560.0,34.0,2573980.0,34446
2023-05-10 21:01:05,y2312,y2312,7560.0,0.0,0.0,0.0,18,7558.0,7564.0,12,7554.0,7572.0,7576.0,7560.0,34.0,2573980.0,34446
2023-05-10 21:01:06,y2312,y2312,7560.0,0.0,0.0,0.0,5,7558.0,7562.0,5,7554.0,7572.0,7576.0,7560.0,34.0,2573980.0,34446
2023-05-10 21:01:06,y2312,y2312,7560.0,0.0,0.0,0.0,10,7558.0,7562.0,2,7554.0,7572.0,7576.0,7560.0,34.0,2573980.0,34446
2023-05-10 21:01:07,y2312,y2312,7560.0,0.0,0.0,0.0,16,7558.0,7564.0,7,7554.0,7572.0,7576.0,7560.0,34.0,2573980.0,34446
2023-05-10 21:01:07,y2312,y2312,7560.0,0.0,0.0,0.0,16,7558.0,7564.0,12,7554.0,7572.0,7576.0,7560.0,34.0,2573980.0,34446
2023-05-10 21:01:08,y2312,y2312,7560.0,0.0,0.0,0.0,5,7560.0,7564.0,12,7554.0,7572.0,7576.0,7560.0,34.0,2573980.0,34446
2023-05-10 21:01:08,y2312,y2312,7560.0,0.0,0.0,0.0,21,7558.0,7564.0,7,7554.0,7572.0,7576.0,7560.0,34.0,2573980.0,34446
2023-05-10 21:01:09,y2312,y2312,7560.0,0.0,0.0,0.0,5,7560.0,7564.0,2,7554.0,7572.0,7576.0,7560.0,34.0,2573980.0,34446
2023-05-10 21:01:09,y2312,y2312,7560.0,0.0,0.0,0.0,3,7560.0,7564.0,10,7554.0,7572.0,7576.0,7560.0,34.0,2573980.0,34446
2023-05-10 21:01:10,y2312,y2312,7560.0,0.0,0.0,0.0,1,7560.0,7564.0,12,7554.0,7572.0,7576.0,7560.0,34.0,2573980.0,34446
2023-05-10 21:01:10,y2312,y2312,7560.0,0.0,0.0,0.0,1,7560.0,7562.0,5,7554.0,7572.0,7576.0,7560.0,34.0,2573980.0,34446
2023-05-10 21:01:11,y2312,y2312,7560.0,0.0,0.0,0.0,3,7560.0,7564.0,22,7554.0,7572.0,7576.0,7560.0,34.0,2573980.0,34446
2023-05-10 21:01:11,y2312,y2312,7560.0,0.0,0.0,0.0,3,7560.0,7564.0,20,7554.0,7572.0,7576.0,7560.0,34.0,2573980.0,34446
2023-05-10 21:01:12,y2312,y2312,7560.0,0.0,0.0,0.0,1,7560.0,7562.0,10,7554.0,7572.0,7576.0,7560.0,34.0,2573980.0,34446
2023-05-10 21:01:13,y2312,y2312,7560.0,0.0,0.0,0.0,6,7558.0,7562.0,5,7554.0,7572.0,7576.0,7560.0,34.0,2573980.0,34446
2023-05-10 21:01:13,y2312,y2312,7560.0,0.0,0.0,0.0,6,7558.0,7564.0,27,7554.0,7572.0,7576.0,7560.0,34.0,2573980.0,34446
2023-05-10 21:01:14,y2312,y2312,7560.0,0.0,0.0,0.0,1,7562.0,7564.0,27,7554.0,7572.0,7576.0,7560.0,34.0,2573980.0,34446
2023-05-10 21:01:15,y2312,y2312,7560.0,0.0,0.0,0.0,1,7562.0,7564.0,32,7554.0,7572.0,7576.0,7560.0,34.0,2573980.0,34446
2023-05-10 21:01:16,y2312,y2312,7562.0,1.0,75620.0,1.0,20,7558.0,7564.0,27,7554.0,7572.0,7576.0,7560.0,35.0,2649600.0,34447
2023-05-10 21:01:16,y2312,y2312,7562.0,0.0,0.0,0.0,21,7558.0,7564.0,27,7554.0,7572.0,7576.0,7560.0,35.0,2649600.0,34447
2023-05-10 21:01:17,y2312,y2312,7562.0,0.0,0.0,0.0,9,7560.0,7564.0,5,7554.0,7572.0,7576.0,7560.0,35.0,2649600.0,34447
2023-05-10 21:01:17,y2312,y2312,7562.0,0.0,0.0,0.0,3,7560.0,7564.0,10,7554.0,7572.0,7576.0,7560.0,35.0,2649600.0,34447
2023-05-10 21:01:18,y2312,y2312,7562.0,0.0,0.0,0.0,20,7558.0,7564.0,12,7554.0,7572.0,7576.0,7560.0,35.0,2649600.0,34447
2023-05-10 21:01:18,y2312,y2312,7562.0,0.0,0.0,0.0,1,7560.0,7564.0,17,7554.0,7572.0,7576.0,7560.0,35.0,2649600.0,34447
2023-05-10 21:01:19,y2312,y2312,7564.0,1.0,75640.0,0.0,1,7560.0,7564.0,15,7554.0,7572.0,7576.0,7560.0,36.0,2725240.0,34447
2023-05-10 21:01:19,y2312,y2312,7564.0,3.0,226920.0,0.0,1,7560.0,7564.0,18,7554.0,7572.0,7576.0,7560.0,39.0,2952160.0,34447
2023-05-10 21:01:20,y2312,y2312,7564.0,1.0,75640.0,0.0,20,7558.0,7564.0,17,7554.0,7572.0,7576.0,7560.0,40.0,3027800.0,34447
2023-05-10 21:01:20,y2312,y2312,7564.0,0.0,0.0,0.0,1,7560.0,7564.0,17,7554.0,7572.0,7576.0,7560.0,40.0,3027800.0,34447
2023-05-10 21:01:22,y2312,y2312,7564.0,1.0,75640.0,0.0,1,7560.0,7564.0,16,7554.0,7572.0,7576.0,7560.0,41.0,3103440.0,34447
2023-05-10 21:01:22,y2312,y2312,7564.0,0.0,0.0,0.0,2,7560.0,7564.0,16,7554.0,7572.0,7576.0,7560.0,41.0,3103440.0,34447
2023-05-10 21:01:24,y2312,y2312,7564.0,10.0,756400.0,-2.0,6,7564.0,7566.0,5,7554.0,7572.0,7576.0,7560.0,51.0,3859840.0,34445
2023-05-10 21:01:25,y2312,y2312,7566.0,7.0,529620.0,-5.0,2,7564.0,7572.0,20,7554.0,7572.0,7576.0,7560.0,58.0,4389460.0,34440
2023-05-10 21:01:25,y2312,y2312,7566.0,0.0,0.0,0.0,2,7564.0,7570.0,7,7554.0,7572.0,7576.0,7560.0,58.0,4389460.0,34440
2023-05-10 21:01:26,y2312,y2312,7566.0,0.0,0.0,0.0,2,7564.0,7570.0,17,7554.0,7572.0,7576.0,7560.0,58.0,4389460.0,34440
2023-05-10 21:01:26,y2312,y2312,7566.0,0.0,0.0,0.0,7,7564.0,7570.0,27,7554.0,7572.0,7576.0,7560.0,58.0,4389460.0,34440
2023-05-10 21:01:27,y2312,y2312,7566.0,0.0,0.0,0.0,2,7564.0,7568.0,5,7554.0,7572.0,7576.0,7560.0,58.0,4389460.0,34440
2023-05-10 21:01:27,y2312,y2312,7566.0,0.0,0.0,0.0,2,7564.0,7568.0,7,7554.0,7572.0,7576.0,7560.0,58.0,4389460.0,34440
2023-05-10 21:01:28,y2312,y2312,7566.0,0.0,0.0,0.0,7,7564.0,7568.0,2,7554.0,7572.0,7576.0,7560.0,58.0,4389460.0,34440
2023-05-10 21:01:28,y2312,y2312,7566.0,0.0,0.0,0.0,7,7564.0,7568.0,5,7554.0,7572.0,7576.0,7560.0,58.0,4389460.0,34440
2023-05-10 21:01:29,y2312,y2312,7566.0,0.0,0.0,0.0,7,7564.0,7566.0,2,7554.0,7572.0,7576.0,7560.0,58.0,4389460.0,34440
2023-05-10 21:01:29,y2312,y2312,7566.0,0.0,0.0,0.0,12,7564.0,7568.0,5,7554.0,7572.0,7576.0,7560.0,58.0,4389460.0,34440
2023-05-10 21:01:30,y2312,y2312,7566.0,0.0,0.0,0.0,7,7564.0,7568.0,7,7554.0,7572.0,7576.0,7560.0,58.0,4389460.0,34440
2023-05-10 21:01:30,y2312,y2312,7566.0,0.0,0.0,0.0,2,7564.0,7568.0,14,7554.0,7572.0,7576.0,7560.0,58.0,4389460.0,34440
2023-05-10 21:01:31,y2312,y2312,7562.0,11.0,831860.0,7.0,5,7560.0,7562.0,1,7554.0,7572.0,7576.0,7560.0,69.0,5221320.0,34447
2023-05-10 21:01:31,y2312,y2312,7562.0,3.0,226860.0,2.0,10,7560.0,7562.0,2,7554.0,7572.0,7576.0,7560.0,72.0,5448180.0,34449
2023-05-10 21:01:32,y2312,y2312,7562.0,0.0,0.0,0.0,5,7558.0,7562.0,2,7554.0,7572.0,7576.0,7560.0,72.0,5448180.0,34449
2023-05-10 21:01:32,y2312,y2312,7562.0,0.0,0.0,0.0,10,7558.0,7562.0,1,7554.0,7572.0,7576.0,7560.0,72.0,5448180.0,34449
2023-05-10 21:01:33,y2312,y2312,7562.0,1.0,75620.0,0.0,5,7560.0,7564.0,15,7554.0,7572.0,7576.0,7560.0,73.0,5523800.0,34449
2023-05-10 21:01:33,y2312,y2312,7562.0,0.0,0.0,0.0,10,7560.0,7564.0,5,7554.0,7572.0,7576.0,7560.0,73.0,5523800.0,34449
2023-05-10 21:01:34,y2312,y2312,7562.0,0.0,0.0,0.0,25,7558.0,7566.0,25,7554.0,7572.0,7576.0,7560.0,73.0,5523800.0,34449
2023-05-10 21:01:34,y2312,y2312,7562.0,0.0,0.0,0.0,26,7558.0,7566.0,25,7554.0,7572.0,7576.0,7560.0,73.0,5523800.0,34449
2023-05-10 21:01:35,y2312,y2312,7562.0,0.0,0.0,0.0,21,7558.0,7566.0,25,7554.0,7572.0,7576.0,7560.0,73.0,5523800.0,34449
2023-05-10 21:01:37,y2312,y2312,7562.0,0.0,0.0,0.0,21,7558.0,7566.0,20,7554.0,7572.0,7576.0,7560.0,73.0,5523800.0,34449
2023-05-10 21:01:37,y2312,y2312,7562.0,0.0,0.0,0.0,18,7560.0,7566.0,20,7554.0,7572.0,7576.0,7560.0,73.0,5523800.0,34449
2023-05-10 21:01:38,y2312,y2312,7562.0,0.0,0.0,0.0,24,7560.0,7566.0,20,7554.0,7572.0,7576.0,7560.0,73.0,5523800.0,34449
2023-05-10 21:01:39,y2312,y2312,7562.0,0.0,0.0,0.0,23,7560.0,7566.0,20,7554.0,7572.0,7576.0,7560.0,73.0,5523800.0,34449
2023-05-10 21:01:40,y2312,y2312,7562.0,0.0,0.0,0.0,28,7560.0,7566.0,20,7554.0,7572.0,7576.0,7560.0,73.0,5523800.0,34449
2023-05-10 21:01:40,y2312,y2312,7562.0,0.0,0.0,0.0,33,7560.0,7566.0,25,7554.0,7572.0,7576.0,7560.0,73.0,5523800.0,34449
2023-05-10 21:01:41,y2312,y2312,7562.0,0.0,0.0,0.0,33,7560.0,7566.0,20,7554.0,7572.0,7576.0,7560.0,73.0,5523800.0,34449
2023-05-10 21:01:41,y2312,y2312,7562.0,0.0,0.0,0.0,34,7560.0,7566.0,20,7554.0,7572.0,7576.0,7560.0,73.0,5523800.0,34449
2023-05-10 21:01:42,y2312,y2312,7562.0,0.0,0.0,0.0,21,7560.0,7564.0,5,7554.0,7572.0,7576.0,7560.0,73.0,5523800.0,34449
2023-05-10 21:01:43,y2312,y2312,7562.0,0.0,0.0,0.0,16,7560.0,7566.0,30,7554.0,7572.0,7576.0,7560.0,73.0,5523800.0,34449
2023-05-10 21:01:43,y2312,y2312,7562.0,0.0,0.0,0.0,16,7560.0,7566.0,34,7554.0,7572.0,7576.0,7560.0,73.0,5523800.0,34449
2023-05-10 21:01:44,y2312,y2312,7562.0,0.0,0.0,0.0,21,7560.0,7566.0,34,7554.0,7572.0,7576.0,7560.0,73.0,5523800.0,34449
2023-05-10 21:01:45,y2312,y2312,7562.0,0.0,0.0,0.0,25,7558.0,7564.0,10,7554.0,7572.0,7576.0,7560.0,73.0,5523800.0,34449
2023-05-10 21:01:47,y2312,y2312,7562.0,0.0,0.0,0.0,10,7560.0,7564.0,4,7554.0,7572.0,7576.0,7560.0,73.0,5523800.0,34449
2023-05-10 21:01:47,y2312,y2312,7562.0,0.0,0.0,0.0,10,7560.0,7566.0,40,7554.0,7572.0,7576.0,7560.0,73.0,5523800.0,34449
2023-05-10 21:01:48,y2312,y2312,7562.0,0.0,0.0,0.0,10,7560.0,7566.0,44,7554.0,7572.0,7576.0,7560.0,73.0,5523800.0,34449
2023-05-10 21:01:49,y2312,y2312,7562.0,0.0,0.0,0.0,10,7560.0,7566.0,49,7554.0,7572.0,7576.0,7560.0,73.0,5523800.0,34449
2023-05-10 21:01:52,y2312,y2312,7562.0,0.0,0.0,0.0,10,7560.0,7566.0,44,7554.0,7572.0,7576.0,7560.0,73.0,5523800.0,34449
2023-05-10 21:01:52,y2312,y2312,7562.0,0.0,0.0,0.0,10,7560.0,7566.0,49,7554.0,7572.0,7576.0,7560.0,73.0,5523800.0,34449
2023-05-10 21:01:53,y2312,y2312,7562.0,0.0,0.0,0.0,5,7562.0,7566.0,30,7554.0,7572.0,7576.0,7560.0,73.0,5523800.0,34449
2023-05-10 21:01:53,y2312,y2312,7562.0,0.0,0.0,0.0,34,7560.0,7566.0,25,7554.0,7572.0,7576.0,7560.0,73.0,5523800.0,34449
2023-05-10 21:01:54,y2312,y2312,7562.0,0.0,0.0,0.0,20,7560.0,7566.0,34,7554.0,7572.0,7576.0,7560.0,73.0,5523800.0,34449
2023-05-10 21:01:55,y2312,y2312,7562.0,0.0,0.0,0.0,15,7560.0,7566.0,39,7554.0,7572.0,7576.0,7560.0,73.0,5523800.0,34449
2023-05-10 21:01:55,y2312,y2312,7562.0,0.0,0.0,0.0,20,7560.0,7566.0,44,7554.0,7572.0,7576.0,7560.0,73.0,5523800.0,34449
2023-05-10 21:01:56,y2312,y2312,7562.0,0.0,0.0,0.0,20,7560.0,7566.0,48,7554.0,7572.0,7576.0,7560.0,73.0,5523800.0,34449
2023-05-10 21:01:56,y2312,y2312,7562.0,0.0,0.0,0.0,20,7560.0,7566.0,53,7554.0,7572.0,7576.0,7560.0,73.0,5523800.0,34449
2023-05-10 21:01:57,y2312,y2312,7562.0,0.0,0.0,0.0,5,7562.0,7566.0,39,7554.0,7572.0,7576.0,7560.0,73.0,5523800.0,34449
2023-05-10 21:01:57,y2312,y2312,7562.0,0.0,0.0,0.0,30,7560.0,7566.0,30,7554.0,7572.0,7576.0,7560.0,73.0,5523800.0,34449
2023-05-10 21:01:58,y2312,y2312,7562.0,0.0,0.0,0.0,25,7560.0,7566.0,29,7554.0,7572.0,7576.0,7560.0,73.0,5523800.0,34449
2023-05-10 21:01:58,y2312,y2312,7562.0,0.0,0.0,0.0,20,7560.0,7566.0,39,7554.0,7572.0,7576.0,7560.0,73.0,5523800.0,34449
2023-05-10 21:01:59,y2312,y2312,7562.0,0.0,0.0,0.0,25,7560.0,7566.0,29,7554.0,7572.0,7576.0,7560.0,73.0,5523800.0,34449
2023-05-10 21:01:59,y2312,y2312,7562.0,0.0,0.0,0.0,25,7560.0,7566.0,34,7554.0,7572.0,7576.0,7560.0,73.0,5523800.0,34449
2023-05-10 21:02:00,y2312,y2312,7562.0,0.0,0.0,0.0,25,7560.0,7566.0,39,7554.0,7572.0,7576.0,7560.0,73.0,5523800.0,34449
2023-05-10 21:02:00,y2312,y2312,7562.0,0.0,0.0,0.0,10,7560.0,7564.0,5,7554.0,7572.0,7576.0,7560.0,73.0,5523800.0,34449
2023-05-10 21:02:01,y2312,y2312,7562.0,0.0,0.0,0.0,25,7558.0,7564.0,30,7554.0,7572.0,7576.0,7560.0,73.0,5523800.0,34449
2023-05-10 21:02:01,y2312,y2312,7562.0,0.0,0.0,0.0,20,7558.0,7564.0,44,7554.0,7572.0,7576.0,7560.0,73.0,5523800.0,34449
2023-05-10 21:02:02,y2312,y2312,7562.0,0.0,0.0,0.0,20,7558.0,7564.0,39,7554.0,7572.0,7576.0,7560.0,73.0,5523800.0,34449
2023-05-10 21:02:03,y2312,y2312,7562.0,0.0,0.0,0.0,20,7558.0,7564.0,49,7554.0,7572.0,7576.0,7560.0,73.0,5523800.0,34449
2023-05-10 21:02:05,y2312,y2312,7562.0,0.0,0.0,0.0,15,7558.0,7564.0,35,7554.0,7572.0,7576.0,7560.0,73.0,5523800.0,34449
2023-05-10 21:02:05,y2312,y2312,7562.0,0.0,0.0,0.0,15,7558.0,7564.0,44,7554.0,7572.0,7576.0,7560.0,73.0,5523800.0,34449
2023-05-10 21:02:06,y2312,y2312,7562.0,0.0,0.0,0.0,15,7558.0,7562.0,5,7554.0,7572.0,7576.0,7560.0,73.0,5523800.0,34449
2023-05-10 21:02:06,y2312,y2312,7562.0,0.0,0.0,0.0,15,7558.0,7564.0,34,7554.0,7572.0,7576.0,7560.0,73.0,5523800.0,34449
2023-05-10 21:02:07,y2312,y2312,7562.0,0.0,0.0,0.0,29,7556.0,7562.0,25,7554.0,7572.0,7576.0,7560.0,73.0,5523800.0,34449
2023-05-10 21:02:07,y2312,y2312,7562.0,0.0,0.0,0.0,34,7556.0,7560.0,5,7554.0,7572.0,7576.0,7560.0,73.0,5523800.0,34449
2023-05-10 21:02:08,y2312,y2312,7562.0,0.0,0.0,0.0,25,7556.0,7562.0,25,7554.0,7572.0,7576.0,7560.0,73.0,5523800.0,34449
2023-05-10 21:02:08,y2312,y2312,7562.0,0.0,0.0,0.0,15,7556.0,7560.0,15,7554.0,7572.0,7576.0,7560.0,73.0,5523800.0,34449
2023-05-10 21:02:09,y2312,y2312,7562.0,0.0,0.0,0.0,10,7556.0,7560.0,15,7554.0,7572.0,7576.0,7560.0,73.0,5523800.0,34449
2023-05-10 21:02:10,y2312,y2312,7562.0,0.0,0.0,0.0,5,7556.0,7562.0,39,7554.0,7572.0,7576.0,7560.0,73.0,5523800.0,34449
2023-05-10 21:02:11,y2312,y2312,7562.0,0.0,0.0,0.0,34,7554.0,7560.0,5,7554.0,7572.0,7576.0,7560.0,73.0,5523800.0,34449
2023-05-10 21:02:12,y2312,y2312,7562.0,0.0,0.0,0.0,34,7554.0,7560.0,10,7554.0,7572.0,7576.0,7560.0,73.0,5523800.0,34449
2023-05-10 21:02:13,y2312,y2312,7560.0,10.0,756000.0,-5.0,34,7554.0,7562.0,34,7554.0,7572.0,7576.0,7560.0,83.0,6279800.0,34444
2023-05-10 21:02:13,y2312,y2312,7560.0,0.0,0.0,0.0,23,7556.0,7562.0,20,7554.0,7572.0,7576.0,7560.0,83.0,6279800.0,34444
2023-05-10 21:02:14,y2312,y2312,7560.0,0.0,0.0,0.0,33,7556.0,7562.0,15,7554.0,7572.0,7576.0,7560.0,83.0,6279800.0,34444
2023-05-10 21:02:14,y2312,y2312,7560.0,2.0,151200.0,2.0,22,7556.0,7562.0,30,7554.0,7572.0,7576.0,7560.0,85.0,6431000.0,34446
2023-05-10 21:02:15,y2312,y2312,7560.0,0.0,0.0,0.0,23,7556.0,7562.0,34,7554.0,7572.0,7576.0,7560.0,85.0,6431000.0,34446
2023-05-10 21:02:16,y2312,y2312,7560.0,0.0,0.0,0.0,28,7556.0,7562.0,24,7554.0,7572.0,7576.0,7560.0,85.0,6431000.0,34446
2023-05-10 21:02:16,y2312,y2312,7560.0,0.0,0.0,0.0,37,7556.0,7562.0,15,7554.0,7572.0,7576.0,7560.0,85.0,6431000.0,34446
2023-05-10 21:02:16,y2312,y2312,7560.0,0.0,0.0,0.0,42,7556.0,7562.0,15,7554.0,7572.0,7576.0,7560.0,85.0,6431000.0,34446
2023-05-10 21:02:17,y2312,y2312,7560.0,0.0,0.0,0.0,42,7556.0,7562.0,10,7554.0,7572.0,7576.0,7560.0,85.0,6431000.0,34446
2023-05-10 21:02:18,y2312,y2312,7560.0,0.0,0.0,0.0,17,7558.0,7564.0,25,7554.0,7572.0,7576.0,7560.0,85.0,6431000.0,34446
2023-05-10 21:02:18,y2312,y2312,7560.0,0.0,0.0,0.0,12,7558.0,7562.0,5,7554.0,7572.0,7576.0,7560.0,85.0,6431000.0,34446
2023-05-10 21:02:19,y2312,y2312,7560.0,0.0,0.0,0.0,2,7558.0,7564.0,30,7554.0,7572.0,7576.0,7560.0,85.0,6431000.0,34446
2023-05-10 21:02:19,y2312,y2312,7560.0,0.0,0.0,0.0,7,7558.0,7564.0,34,7554.0,7572.0,7576.0,7560.0,85.0,6431000.0,34446
2023-05-10 21:02:20,y2312,y2312,7560.0,0.0,0.0,0.0,5,7560.0,7564.0,24,7554.0,7572.0,7576.0,7560.0,85.0,6431000.0,34446
2023-05-10 21:02:20,y2312,y2312,7560.0,0.0,0.0,0.0,22,7558.0,7564.0,25,7554.0,7572.0,7576.0,7560.0,85.0,6431000.0,34446
2023-05-10 21:02:21,y2312,y2312,7560.0,0.0,0.0,0.0,17,7558.0,7564.0,34,7554.0,7572.0,7576.0,7560.0,85.0,6431000.0,34446
2023-05-10 21:02:22,y2312,y2312,7560.0,0.0,0.0,0.0,17,7558.0,7564.0,39,7554.0,7572.0,7576.0,7560.0,85.0,6431000.0,34446
2023-05-10 21:02:23,y2312,y2312,7560.0,0.0,0.0,0.0,17,7558.0,7564.0,44,7554.0,7572.0,7576.0,7560.0,85.0,6431000.0,34446
2023-05-10 21:02:23,y2312,y2312,7560.0,0.0,0.0,0.0,5,7560.0,7564.0,25,7554.0,7572.0,7576.0,7560.0,85.0,6431000.0,34446
2023-05-10 21:02:24,y2312,y2312,7560.0,0.0,0.0,0.0,19,7558.0,7564.0,25,7554.0,7572.0,7576.0,7560.0,85.0,6431000.0,34446
2023-05-10 21:02:24,y2312,y2312,7560.0,0.0,0.0,0.0,10,7558.0,7564.0,34,7554.0,7572.0,7576.0,7560.0,85.0,6431000.0,34446
2023-05-10 21:02:25,y2312,y2312,7560.0,0.0,0.0,0.0,5,7558.0,7564.0,34,7554.0,7572.0,7576.0,7560.0,85.0,6431000.0,34446
2023-05-10 21:02:25,y2312,y2312,7560.0,0.0,0.0,0.0,10,7558.0,7564.0,25,7554.0,7572.0,7576.0,7560.0,85.0,6431000.0,34446
2023-05-10 21:02:26,y2312,y2312,7560.0,0.0,0.0,0.0,5,7558.0,7564.0,31,7554.0,7572.0,7576.0,7560.0,85.0,6431000.0,34446
2023-05-10 21:02:26,y2312,y2312,7560.0,0.0,0.0,0.0,10,7558.0,7562.0,5,7554.0,7572.0,7576.0,7560.0,85.0,6431000.0,34446
2023-05-10 21:02:27,y2312,y2312,7560.0,0.0,0.0,0.0,16,7558.0,7562.0,5,7554.0,7572.0,7576.0,7560.0,85.0,6431000.0,34446
2023-05-10 21:02:27,y2312,y2312,7560.0,0.0,0.0,0.0,11,7558.0,7562.0,5,7554.0,7572.0,7576.0,7560.0,85.0,6431000.0,34446
2023-05-10 21:02:29,y2312,y2312,7560.0,0.0,0.0,0.0,5,7558.0,7562.0,5,7554.0,7572.0,7576.0,7560.0,85.0,6431000.0,34446
2023-05-10 21:02:29,y2312,y2312,7560.0,0.0,0.0,0.0,5,7558.0,7564.0,55,7554.0,7572.0,7576.0,7560.0,85.0,6431000.0,34446
2023-05-10 21:02:30,y2312,y2312,7560.0,0.0,0.0,0.0,51,7556.0,7564.0,55,7554.0,7572.0,7576.0,7560.0,85.0,6431000.0,34446
2023-05-10 21:02:30,y2312,y2312,7560.0,0.0,0.0,0.0,7,7558.0,7562.0,5,7554.0,7572.0,7576.0,7560.0,85.0,6431000.0,34446
2023-05-10 21:02:31,y2312,y2312,7560.0,0.0,0.0,0.0,2,7558.0,7562.0,16,7554.0,7572.0,7576.0,7560.0,85.0,6431000.0,34446
2023-05-10 21:02:31,y2312,y2312,7560.0,0.0,0.0,0.0,51,7556.0,7562.0,31,7554.0,7572.0,7576.0,7560.0,85.0,6431000.0,34446
2023-05-10 21:02:32,y2312,y2312,7560.0,0.0,0.0,0.0,22,7556.0,7560.0,9,7554.0,7572.0,7576.0,7560.0,85.0,6431000.0,34446
2023-05-10 21:02:33,y2312,y2312,7560.0,0.0,0.0,0.0,12,7556.0,7560.0,15,7554.0,7572.0,7576.0,7560.0,85.0,6431000.0,34446
2023-05-10 21:02:33,y2312,y2312,7560.0,0.0,0.0,0.0,21,7554.0,7560.0,30,7554.0,7572.0,7576.0,7560.0,85.0,6431000.0,34446
2023-05-10 21:02:34,y2312,y2312,7560.0,0.0,0.0,0.0,16,7554.0,7560.0,49,7554.0,7572.0,7576.0,7560.0,85.0,6431000.0,34446
2023-05-10 21:02:34,y2312,y2312,7560.0,0.0,0.0,0.0,11,7554.0,7560.0,54,7554.0,7572.0,7576.0,7560.0,85.0,6431000.0,34446
2023-05-10 21:02:35,y2312,y2312,7560.0,0.0,0.0,0.0,30,7552.0,7558.0,20,7554.0,7572.0,7576.0,7560.0,85.0,6431000.0,34446
2023-05-10 21:02:35,y2312,y2312,7560.0,0.0,0.0,0.0,5,7554.0,7558.0,29,7554.0,7572.0,7576.0,7560.0,85.0,6431000.0,34446
2023-05-10 21:02:36,y2312,y2312,7560.0,0.0,0.0,0.0,65,7552.0,7558.0,15,7554.0,7572.0,7576.0,7560.0,85.0,6431000.0,34446
2023-05-10 21:02:36,y2312,y2312,7560.0,0.0,0.0,0.0,65,7552.0,7558.0,16,7554.0,7572.0,7576.0,7560.0,85.0,6431000.0,34446
2023-05-10 21:02:37,y2312,y2312,7560.0,0.0,0.0,0.0,60,7552.0,7558.0,16,7554.0,7572.0,7576.0,7560.0,85.0,6431000.0,34446
2023-05-10 21:02:38,y2312,y2312,7560.0,0.0,0.0,0.0,60,7552.0,7558.0,21,7554.0,7572.0,7576.0,7560.0,85.0,6431000.0,34446
2023-05-10 21:02:38,y2312,y2312,7560.0,0.0,0.0,0.0,46,7552.0,7558.0,39,7554.0,7572.0,7576.0,7560.0,85.0,6431000.0,34446
2023-05-10 21:02:39,y2312,y2312,7560.0,0.0,0.0,0.0,65,7552.0,7558.0,26,7554.0,7572.0,7576.0,7560.0,85.0,6431000.0,34446
2023-05-10 21:02:39,y2312,y2312,7560.0,0.0,0.0,0.0,23,7554.0,7558.0,10,7554.0,7572.0,7576.0,7560.0,85.0,6431000.0,34446
2023-05-10 21:02:40,y2312,y2312,7560.0,0.0,0.0,0.0,43,7554.0,7560.0,56,7554.0,7572.0,7576.0,7560.0,85.0,6431000.0,34446
2023-05-10 21:02:40,y2312,y2312,7560.0,0.0,0.0,0.0,44,7554.0,7560.0,69,7554.0,7572.0,7576.0,7560.0,85.0,6431000.0,34446
2023-05-10 21:02:41,y2312,y2312,7560.0,0.0,0.0,0.0,17,7554.0,7558.0,5,7554.0,7572.0,7576.0,7560.0,85.0,6431000.0,34446
2023-05-10 21:02:41,y2312,y2312,7560.0,0.0,0.0,0.0,7,7554.0,7558.0,5,7554.0,7572.0,7576.0,7560.0,85.0,6431000.0,34446
2023-05-10 21:02:42,y2312,y2312,7560.0,0.0,0.0,0.0,1,7554.0,7558.0,5,7554.0,7572.0,7576.0,7560.0,85.0,6431000.0,34446
2023-05-10 21:02:42,y2312,y2312,7560.0,0.0,0.0,0.0,6,7554.0,7560.0,54,7554.0,7572.0,7576.0,7560.0,85.0,6431000.0,34446
2023-05-10 21:02:43,y2312,y2312,7560.0,0.0,0.0,0.0,1,7554.0,7558.0,5,7554.0,7572.0,7576.0,7560.0,85.0,6431000.0,34446
2023-05-10 21:02:43,y2312,y2312,7560.0,0.0,0.0,0.0,1,7554.0,7558.0,11,7554.0,7572.0,7576.0,7560.0,85.0,6431000.0,34446
2023-05-10 21:02:44,y2312,y2312,7560.0,0.0,0.0,0.0,1,7554.0,7558.0,21,7554.0,7572.0,7576.0,7560.0,85.0,6431000.0,34446
2023-05-10 21:02:49,y2312,y2312,7560.0,0.0,0.0,0.0,36,7552.0,7556.0,5,7554.0,7572.0,7576.0,7560.0,85.0,6431000.0,34446
2023-05-10 21:02:49,y2312,y2312,7560.0,0.0,0.0,0.0,36,7552.0,7558.0,45,7554.0,7572.0,7576.0,7560.0,85.0,6431000.0,34446
2023-05-10 21:02:49,y2312,y2312,7560.0,0.0,0.0,0.0,36,7552.0,7558.0,55,7554.0,7572.0,7576.0,7560.0,85.0,6431000.0,34446
2023-05-10 21:02:51,y2312,y2312,7560.0,0.0,0.0,0.0,26,7552.0,7558.0,65,7554.0,7572.0,7576.0,7560.0,85.0,6431000.0,34446
2023-05-10 21:02:51,y2312,y2312,7560.0,0.0,0.0,0.0,6,7552.0,7556.0,9,7554.0,7572.0,7576.0,7560.0,85.0,6431000.0,34446
2023-05-10 21:02:52,y2312,y2312,7560.0,0.0,0.0,0.0,6,7552.0,7558.0,55,7554.0,7572.0,7576.0,7560.0,85.0,6431000.0,34446
2023-05-10 21:02:52,y2312,y2312,7560.0,0.0,0.0,0.0,34,7552.0,7558.0,50,7554.0,7572.0,7576.0,7560.0,85.0,6431000.0,34446
2023-05-10 21:02:53,y2312,y2312,7560.0,0.0,0.0,0.0,34,7552.0,7558.0,60,7554.0,7572.0,7576.0,7560.0,85.0,6431000.0,34446
2023-05-10 21:02:55,y2312,y2312,7560.0,0.0,0.0,0.0,12,7552.0,7556.0,15,7554.0,7572.0,7576.0,7560.0,85.0,6431000.0,34446
2023-05-10 21:02:55,y2312,y2312,7560.0,0.0,0.0,0.0,1,7552.0,7556.0,21,7554.0,7572.0,7576.0,7560.0,85.0,6431000.0,34446
2023-05-10 21:02:57,y2312,y2312,7560.0,0.0,0.0,0.0,16,7550.0,7554.0,16,7554.0,7572.0,7576.0,7560.0,85.0,6431000.0,34446
2023-05-10 21:02:57,y2312,y2312,7560.0,0.0,0.0,0.0,6,7550.0,7554.0,21,7554.0,7572.0,7576.0,7560.0,85.0,6431000.0,34446
2023-05-10 21:02:58,y2312,y2312,7560.0,0.0,0.0,0.0,26,7550.0,7554.0,6,7554.0,7572.0,7576.0,7560.0,85.0,6431000.0,34446
2023-05-10 21:02:58,y2312,y2312,7560.0,0.0,0.0,0.0,31,7550.0,7556.0,65,7554.0,7572.0,7576.0,7560.0,85.0,6431000.0,34446
2023-05-10 21:02:59,y2312,y2312,7560.0,0.0,0.0,0.0,31,7550.0,7556.0,55,7554.0,7572.0,7576.0,7560.0,85.0,6431000.0,34446
2023-05-10 21:02:59,y2312,y2312,7560.0,0.0,0.0,0.0,31,7550.0,7556.0,60,7554.0,7572.0,7576.0,7560.0,85.0,6431000.0,34446
2023-05-10 21:03:00,y2312,y2312,7560.0,0.0,0.0,0.0,11,7550.0,7556.0,45,7554.0,7572.0,7576.0,7560.0,85.0,6431000.0,34446
2023-05-10 21:03:00,y2312,y2312,7560.0,0.0,0.0,0.0,15,7550.0,7556.0,44,7554.0,7572.0,7576.0,7560.0,85.0,6431000.0,34446
2023-05-10 21:03:01,y2312,y2312,7560.0,0.0,0.0,0.0,1,7554.0,7556.0,46,7554.0,7572.0,7576.0,7560.0,85.0,6431000.0,34446
2023-05-10 21:03:01,y2312,y2312,7554.0,1.0,75540.0,1.0,30,7550.0,7554.0,5,7554.0,7572.0,7576.0,7554.0,86.0,6506540.0,34447
2023-05-10 21:03:02,y2312,y2312,7554.0,0.0,0.0,0.0,11,7550.0,7556.0,60,7554.0,7572.0,7576.0,7554.0,86.0,6506540.0,34447
2023-05-10 21:03:02,y2312,y2312,7554.0,0.0,0.0,0.0,5,7550.0,7556.0,70,7554.0,7572.0,7576.0,7554.0,86.0,6506540.0,34447
2023-05-10 21:03:03,y2312,y2312,7554.0,0.0,0.0,0.0,35,7548.0,7554.0,20,7554.0,7572.0,7576.0,7554.0,86.0,6506540.0,34447
2023-05-10 21:03:03,y2312,y2312,7554.0,0.0,0.0,0.0,26,7548.0,7552.0,5,7554.0,7572.0,7576.0,7554.0,86.0,6506540.0,34447
2023-05-10 21:03:04,y2312,y2312,7554.0,0.0,0.0,0.0,16,7548.0,7554.0,65,7554.0,7572.0,7576.0,7554.0,86.0,6506540.0,34447
2023-05-10 21:03:04,y2312,y2312,7554.0,0.0,0.0,0.0,20,7548.0,7554.0,45,7554.0,7572.0,7576.0,7554.0,86.0,6506540.0,34447
2023-05-10 21:03:05,y2312,y2312,7554.0,0.0,0.0,0.0,16,7548.0,7554.0,60,7554.0,7572.0,7576.0,7554.0,86.0,6506540.0,34447
2023-05-10 21:03:05,y2312,y2312,7554.0,0.0,0.0,0.0,15,7548.0,7552.0,10,7554.0,7572.0,7576.0,7554.0,86.0,6506540.0,34447
2023-05-10 21:03:06,y2312,y2312,7554.0,0.0,0.0,0.0,21,7548.0,7554.0,60,7554.0,7572.0,7576.0,7554.0,86.0,6506540.0,34447
2023-05-10 21:03:06,y2312,y2312,7554.0,0.0,0.0,0.0,5,7550.0,7554.0,36,7554.0,7572.0,7576.0,7554.0,86.0,6506540.0,34447
2023-05-10 21:03:07,y2312,y2312,7554.0,0.0,0.0,0.0,65,7548.0,7554.0,21,7554.0,7572.0,7576.0,7554.0,86.0,6506540.0,34447
2023-05-10 21:03:09,y2312,y2312,7554.0,0.0,0.0,0.0,65,7548.0,7554.0,16,7554.0,7572.0,7576.0,7554.0,86.0,6506540.0,34447
2023-05-10 21:03:09,y2312,y2312,7554.0,0.0,0.0,0.0,60,7548.0,7554.0,16,7554.0,7572.0,7576.0,7554.0,86.0,6506540.0,34447
2023-05-10 21:03:09,y2312,y2312,7554.0,0.0,0.0,0.0,65,7548.0,7554.0,16,7554.0,7572.0,7576.0,7554.0,86.0,6506540.0,34447
2023-05-10 21:03:11,y2312,y2312,7554.0,0.0,0.0,0.0,23,7550.0,7554.0,6,7554.0,7572.0,7576.0,7554.0,86.0,6506540.0,34447
2023-05-10 21:03:11,y2312,y2312,7554.0,0.0,0.0,0.0,24,7550.0,7556.0,55,7554.0,7572.0,7576.0,7554.0,86.0,6506540.0,34447
2023-05-10 21:03:12,y2312,y2312,7554.0,0.0,0.0,0.0,39,7550.0,7556.0,50,7554.0,7572.0,7576.0,7554.0,86.0,6506540.0,34447
2023-05-10 21:03:12,y2312,y2312,7554.0,0.0,0.0,0.0,39,7550.0,7556.0,55,7554.0,7572.0,7576.0,7554.0,86.0,6506540.0,34447
2023-05-10 21:03:13,y2312,y2312,7554.0,0.0,0.0,0.0,39,7550.0,7556.0,60,7554.0,7572.0,7576.0,7554.0,86.0,6506540.0,34447
2023-05-10 21:03:13,y2312,y2312,7554.0,0.0,0.0,0.0,34,7550.0,7556.0,60,7554.0,7572.0,7576.0,7554.0,86.0,6506540.0,34447
2023-05-10 21:03:15,y2312,y2312,7554.0,0.0,0.0,0.0,34,7550.0,7556.0,55,7554.0,7572.0,7576.0,7554.0,86.0,6506540.0,34447
2023-05-10 21:03:16,y2312,y2312,7554.0,0.0,0.0,0.0,34,7550.0,7556.0,60,7554.0,7572.0,7576.0,7554.0,86.0,6506540.0,34447
2023-05-10 21:03:17,y2312,y2312,7554.0,0.0,0.0,0.0,34,7550.0,7556.0,55,7554.0,7572.0,7576.0,7554.0,86.0,6506540.0,34447
2023-05-10 21:03:17,y2312,y2312,7554.0,0.0,0.0,0.0,34,7550.0,7556.0,60,7554.0,7572.0,7576.0,7554.0,86.0,6506540.0,34447
2023-05-10 21:03:17,y2312,y2312,7554.0,0.0,0.0,0.0,34,7550.0,7556.0,55,7554.0,7572.0,7576.0,7554.0,86.0,6506540.0,34447
2023-05-10 21:03:18,y2312,y2312,7554.0,0.0,0.0,0.0,2,7552.0,7556.0,46,7554.0,7572.0,7576.0,7554.0,86.0,6506540.0,34447
2023-05-10 21:03:19,y2312,y2312,7556.0,1.0,75560.0,0.0,12,7552.0,7556.0,26,7554.0,7572.0,7576.0,7554.0,87.0,6582100.0,34447
2023-05-10 21:03:19,y2312,y2312,7556.0,0.0,0.0,0.0,13,7552.0,7556.0,6,7554.0,7572.0,7576.0,7554.0,87.0,6582100.0,34447
2023-05-10 21:03:20,y2312,y2312,7556.0,0.0,0.0,0.0,13,7552.0,7558.0,59,7554.0,7572.0,7576.0,7554.0,87.0,6582100.0,34447
2023-05-10 21:03:20,y2312,y2312,7556.0,0.0,0.0,0.0,18,7552.0,7558.0,59,7554.0,7572.0,7576.0,7554.0,87.0,6582100.0,34447
2023-05-10 21:03:20,y2312,y2312,7556.0,0.0,0.0,0.0,23,7552.0,7558.0,59,7554.0,7572.0,7576.0,7554.0,87.0,6582100.0,34447
2023-05-10 21:03:21,y2312,y2312,7556.0,0.0,0.0,0.0,25,7552.0,7558.0,59,7554.0,7572.0,7576.0,7554.0,87.0,6582100.0,34447
2023-05-10 21:03:22,y2312,y2312,7556.0,0.0,0.0,0.0,25,7552.0,7558.0,64,7554.0,7572.0,7576.0,7554.0,87.0,6582100.0,34447
2023-05-10 21:03:22,y2312,y2312,7556.0,0.0,0.0,0.0,14,7552.0,7556.0,10,7554.0,7572.0,7576.0,7554.0,87.0,6582100.0,34447
2023-05-10 21:03:23,y2312,y2312,7556.0,0.0,0.0,0.0,5,7552.0,7556.0,16,7554.0,7572.0,7576.0,7554.0,87.0,6582100.0,34447
2023-05-10 21:03:23,y2312,y2312,7556.0,0.0,0.0,0.0,4,7552.0,7556.0,16,7554.0,7572.0,7576.0,7554.0,87.0,6582100.0,34447
2023-05-10 21:03:26,y2312,y2312,7556.0,0.0,0.0,0.0,20,7552.0,7556.0,6,7554.0,7572.0,7576.0,7554.0,87.0,6582100.0,34447
2023-05-10 21:03:27,y2312,y2312,7556.0,0.0,0.0,0.0,14,7552.0,7556.0,10,7554.0,7572.0,7576.0,7554.0,87.0,6582100.0,34447
2023-05-10 21:03:27,y2312,y2312,7556.0,0.0,0.0,0.0,20,7552.0,7558.0,59,7554.0,7572.0,7576.0,7554.0,87.0,6582100.0,34447
2023-05-10 21:03:28,y2312,y2312,7556.0,0.0,0.0,0.0,15,7552.0,7556.0,10,7554.0,7572.0,7576.0,7554.0,87.0,6582100.0,34447
2023-05-10 21:03:28,y2312,y2312,7556.0,0.0,0.0,0.0,15,7552.0,7558.0,64,7554.0,7572.0,7576.0,7554.0,87.0,6582100.0,34447
2023-05-10 21:03:29,y2312,y2312,7556.0,0.0,0.0,0.0,5,7554.0,7558.0,50,7554.0,7572.0,7576.0,7554.0,87.0,6582100.0,34447
2023-05-10 21:03:29,y2312,y2312,7556.0,0.0,0.0,0.0,43,7552.0,7558.0,54,7554.0,7572.0,7576.0,7554.0,87.0,6582100.0,34447
2023-05-10 21:03:30,y2312,y2312,7556.0,0.0,0.0,0.0,33,7552.0,7558.0,64,7554.0,7572.0,7576.0,7554.0,87.0,6582100.0,34447
2023-05-10 21:03:30,y2312,y2312,7556.0,0.0,0.0,0.0,34,7552.0,7558.0,64,7554.0,7572.0,7576.0,7554.0,87.0,6582100.0,34447
2023-05-10 21:03:31,y2312,y2312,7556.0,0.0,0.0,0.0,1,7554.0,7558.0,59,7554.0,7572.0,7576.0,7554.0,87.0,6582100.0,34447
2023-05-10 21:03:31,y2312,y2312,7556.0,0.0,0.0,0.0,1,7554.0,7558.0,50,7554.0,7572.0,7576.0,7554.0,87.0,6582100.0,34447
2023-05-10 21:03:33,y2312,y2312,7556.0,0.0,0.0,0.0,1,7554.0,7558.0,55,7554.0,7572.0,7576.0,7554.0,87.0,6582100.0,34447
2023-05-10 21:03:33,y2312,y2312,7556.0,0.0,0.0,0.0,1,7554.0,7556.0,16,7554.0,7572.0,7576.0,7554.0,87.0,6582100.0,34447
2023-05-10 21:03:34,y2312,y2312,7556.0,0.0,0.0,0.0,1,7554.0,7556.0,26,7554.0,7572.0,7576.0,7554.0,87.0,6582100.0,34447
2023-05-10 21:03:35,y2312,y2312,7556.0,20.0,1511200.0,9.0,5,7556.0,7558.0,49,7554.0,7572.0,7576.0,7554.0,107.0,8093300.0,34456
2023-05-10 21:03:35,y2312,y2312,7556.0,0.0,0.0,0.0,5,7556.0,7558.0,19,7554.0,7572.0,7576.0,7554.0,107.0,8093300.0,34456
2023-05-10 21:03:36,y2312,y2312,7556.0,0.0,0.0,0.0,5,7556.0,7558.0,14,7554.0,7572.0,7576.0,7554.0,107.0,8093300.0,34456
2023-05-10 21:03:36,y2312,y2312,7556.0,0.0,0.0,0.0,5,7556.0,7558.0,4,7554.0,7572.0,7576.0,7554.0,107.0,8093300.0,34456
2023-05-10 21:03:41,y2312,y2312,7556.0,0.0,0.0,0.0,5,7556.0,7560.0,55,7554.0,7572.0,7576.0,7554.0,107.0,8093300.0,34456
2023-05-10 21:03:42,y2312,y2312,7556.0,0.0,0.0,0.0,5,7556.0,7560.0,50,7554.0,7572.0,7576.0,7554.0,107.0,8093300.0,34456
2023-05-10 21:03:43,y2312,y2312,7556.0,0.0,0.0,0.0,5,7556.0,7560.0,45,7554.0,7572.0,7576.0,7554.0,107.0,8093300.0,34456
2023-05-10 21:03:43,y2312,y2312,7556.0,0.0,0.0,0.0,5,7556.0,7560.0,50,7554.0,7572.0,7576.0,7554.0,107.0,8093300.0,34456
2023-05-10 21:03:44,y2312,y2312,7556.0,0.0,0.0,0.0,35,7554.0,7558.0,5,7554.0,7572.0,7576.0,7554.0,107.0,8093300.0,34456
2023-05-10 21:03:44,y2312,y2312,7556.0,0.0,0.0,0.0,16,7554.0,7558.0,10,7554.0,7572.0,7576.0,7554.0,107.0,8093300.0,34456
2023-05-10 21:03:46,y2312,y2312,7556.0,0.0,0.0,0.0,10,7556.0,7558.0,5,7554.0,7572.0,7576.0,7554.0,107.0,8093300.0,34456
2023-05-10 21:03:46,y2312,y2312,7556.0,0.0,0.0,0.0,5,7556.0,7558.0,4,7554.0,7572.0,7576.0,7554.0,107.0,8093300.0,34456
2023-05-10 21:03:50,y2312,y2312,7558.0,2.0,151160.0,2.0,10,7556.0,7558.0,4,7554.0,7572.0,7576.0,7554.0,109.0,8244460.0,34458
2023-05-10 21:03:51,y2312,y2312,7558.0,0.0,0.0,0.0,37,7556.0,7560.0,20,7554.0,7572.0,7576.0,7554.0,109.0,8244460.0,34458
2023-05-10 21:03:51,y2312,y2312,7558.0,0.0,0.0,0.0,5,7558.0,7560.0,20,7554.0,7572.0,7576.0,7554.0,109.0,8244460.0,34458
2023-05-10 21:03:52,y2312,y2312,7558.0,0.0,0.0,0.0,5,7558.0,7560.0,10,7554.0,7572.0,7576.0,7554.0,109.0,8244460.0,34458
2023-05-10 21:03:52,y2312,y2312,7558.0,0.0,0.0,0.0,5,7558.0,7560.0,4,7554.0,7572.0,7576.0,7554.0,109.0,8244460.0,34458
2023-05-10 21:03:53,y2312,y2312,7558.0,0.0,0.0,0.0,31,7558.0,7560.0,4,7554.0,7572.0,7576.0,7554.0,109.0,8244460.0,34458
2023-05-10 21:03:54,y2312,y2312,7558.0,0.0,0.0,0.0,36,7558.0,7560.0,4,7554.0,7572.0,7576.0,7554.0,109.0,8244460.0,34458
2023-05-10 21:03:54,y2312,y2312,7558.0,0.0,0.0,0.0,11,7558.0,7560.0,9,7554.0,7572.0,7576.0,7554.0,109.0,8244460.0,34458
2023-05-10 21:03:55,y2312,y2312,7558.0,0.0,0.0,0.0,16,7558.0,7560.0,9,7554.0,7572.0,7576.0,7554.0,109.0,8244460.0,34458
2023-05-10 21:03:55,y2312,y2312,7558.0,0.0,0.0,0.0,11,7558.0,7560.0,9,7554.0,7572.0,7576.0,7554.0,109.0,8244460.0,34458
2023-05-10 21:03:57,y2312,y2312,7558.0,0.0,0.0,0.0,16,7558.0,7560.0,4,7554.0,7572.0,7576.0,7554.0,109.0,8244460.0,34458
2023-05-10 21:03:59,y2312,y2312,7558.0,0.0,0.0,0.0,11,7558.0,7560.0,4,7554.0,7572.0,7576.0,7554.0,109.0,8244460.0,34458
2023-05-10 21:04:01,y2312,y2312,7558.0,11.0,831380.0,5.0,46,7556.0,7558.0,6,7554.0,7572.0,7576.0,7554.0,120.0,9075840.0,34463
2023-05-10 21:04:01,y2312,y2312,7558.0,0.0,0.0,0.0,41,7556.0,7558.0,10,7554.0,7572.0,7576.0,7554.0,120.0,9075840.0,34463
2023-05-10 21:04:02,y2312,y2312,7556.0,39.0,2946840.0,-21.0,41,7554.0,7556.0,13,7554.0,7572.0,7576.0,7554.0,159.0,12022680.0,34442
2023-05-10 21:04:02,y2312,y2312,7556.0,0.0,0.0,0.0,27,7552.0,7556.0,11,7554.0,7572.0,7576.0,7554.0,159.0,12022680.0,34442
2023-05-10 21:04:03,y2312,y2312,7556.0,0.0,0.0,0.0,26,7552.0,7556.0,15,7554.0,7572.0,7576.0,7554.0,159.0,12022680.0,34442
2023-05-10 21:04:03,y2312,y2312,7556.0,0.0,0.0,0.0,6,7552.0,7554.0,1,7554.0,7572.0,7576.0,7554.0,159.0,12022680.0,34442
2023-05-10 21:04:04,y2312,y2312,7556.0,0.0,0.0,0.0,6,7552.0,7554.0,6,7554.0,7572.0,7576.0,7554.0,159.0,12022680.0,34442
2023-05-10 21:04:04,y2312,y2312,7554.0,1.0,75540.0,0.0,21,7552.0,7556.0,21,7554.0,7572.0,7576.0,7554.0,160.0,12098220.0,34442
2023-05-10 21:04:05,y2312,y2312,7554.0,0.0,0.0,0.0,26,7552.0,7556.0,20,7554.0,7572.0,7576.0,7554.0,160.0,12098220.0,34442
2023-05-10 21:04:05,y2312,y2312,7554.0,0.0,0.0,0.0,21,7552.0,7556.0,20,7554.0,7572.0,7576.0,7554.0,160.0,12098220.0,34442
2023-05-10 21:04:06,y2312,y2312,7554.0,0.0,0.0,0.0,16,7552.0,7556.0,25,7554.0,7572.0,7576.0,7554.0,160.0,12098220.0,34442
2023-05-10 21:04:06,y2312,y2312,7554.0,0.0,0.0,0.0,11,7552.0,7556.0,40,7554.0,7572.0,7576.0,7554.0,160.0,12098220.0,34442
2023-05-10 21:04:07,y2312,y2312,7554.0,0.0,0.0,0.0,21,7552.0,7556.0,30,7554.0,7572.0,7576.0,7554.0,160.0,12098220.0,34442
2023-05-10 21:04:07,y2312,y2312,7554.0,0.0,0.0,0.0,26,7552.0,7556.0,20,7554.0,7572.0,7576.0,7554.0,160.0,12098220.0,34442
2023-05-10 21:04:09,y2312,y2312,7554.0,0.0,0.0,0.0,11,7552.0,7556.0,30,7554.0,7572.0,7576.0,7554.0,160.0,12098220.0,34442
2023-05-10 21:04:10,y2312,y2312,7554.0,0.0,0.0,0.0,16,7552.0,7556.0,26,7554.0,7572.0,7576.0,7554.0,160.0,12098220.0,34442
2023-05-10 21:04:10,y2312,y2312,7554.0,0.0,0.0,0.0,16,7552.0,7556.0,22,7554.0,7572.0,7576.0,7554.0,160.0,12098220.0,34442
2023-05-10 21:04:11,y2312,y2312,7554.0,0.0,0.0,0.0,31,7552.0,7556.0,17,7554.0,7572.0,7576.0,7554.0,160.0,12098220.0,34442
2023-05-10 21:04:11,y2312,y2312,7554.0,0.0,0.0,0.0,10,7554.0,7556.0,12,7554.0,7572.0,7576.0,7554.0,160.0,12098220.0,34442
2023-05-10 21:04:12,y2312,y2312,7554.0,0.0,0.0,0.0,5,7554.0,7556.0,12,7554.0,7572.0,7576.0,7554.0,160.0,12098220.0,34442
2023-05-10 21:04:12,y2312,y2312,7554.0,0.0,0.0,0.0,10,7554.0,7556.0,11,7554.0,7572.0,7576.0,7554.0,160.0,12098220.0,34442
2023-05-10 21:04:13,y2312,y2312,7554.0,0.0,0.0,0.0,47,7552.0,7556.0,11,7554.0,7572.0,7576.0,7554.0,160.0,12098220.0,34442
2023-05-10 21:04:14,y2312,y2312,7554.0,0.0,0.0,0.0,21,7552.0,7554.0,4,7554.0,7572.0,7576.0,7554.0,160.0,12098220.0,34442
2023-05-10 21:04:14,y2312,y2312,7554.0,0.0,0.0,0.0,11,7552.0,7554.0,15,7554.0,7572.0,7576.0,7554.0,160.0,12098220.0,34442
2023-05-10 21:04:15,y2312,y2312,7554.0,0.0,0.0,0.0,1,7552.0,7554.0,15,7554.0,7572.0,7576.0,7554.0,160.0,12098220.0,34442
2023-05-10 21:04:16,y2312,y2312,7554.0,0.0,0.0,0.0,11,7552.0,7554.0,15,7554.0,7572.0,7576.0,7554.0,160.0,12098220.0,34442
2023-05-10 21:04:16,y2312,y2312,7554.0,0.0,0.0,0.0,1,7552.0,7554.0,15,7554.0,7572.0,7576.0,7554.0,160.0,12098220.0,34442
2023-05-10 21:04:17,y2312,y2312,7552.0,1.0,75520.0,1.0,20,7550.0,7552.0,1,7554.0,7572.0,7576.0,7552.0,161.0,12173740.0,34443
2023-05-10 21:04:18,y2312,y2312,7552.0,0.0,0.0,0.0,25,7550.0,7552.0,1,7554.0,7572.0,7576.0,7552.0,161.0,12173740.0,34443
2023-05-10 21:04:18,y2312,y2312,7552.0,0.0,0.0,0.0,20,7550.0,7552.0,1,7554.0,7572.0,7576.0,7552.0,161.0,12173740.0,34443
2023-05-10 21:04:19,y2312,y2312,7550.0,10.0,755000.0,5.0,25,7548.0,7550.0,10,7554.0,7572.0,7576.0,7550.0,171.0,12928740.0,34448
2023-05-10 21:04:20,y2312,y2312,7548.0,2.0,150960.0,1.0,21,7548.0,7550.0,5,7554.0,7572.0,7576.0,7548.0,173.0,13079700.0,34449
2023-05-10 21:04:20,y2312,y2312,7548.0,0.0,0.0,0.0,10,7548.0,7550.0,5,7554.0,7572.0,7576.0,7548.0,173.0,13079700.0,34449
2023-05-10 21:04:21,y2312,y2312,7550.0,5.0,377500.0,3.0,36,7548.0,7552.0,1,7554.0,7572.0,7576.0,7548.0,178.0,13457200.0,34452
2023-05-10 21:04:22,y2312,y2312,7550.0,0.0,0.0,0.0,25,7548.0,7554.0,64,7554.0,7572.0,7576.0,7548.0,178.0,13457200.0,34452
2023-05-10 21:04:22,y2312,y2312,7550.0,0.0,0.0,0.0,26,7548.0,7554.0,64,7554.0,7572.0,7576.0,7548.0,178.0,13457200.0,34452
2023-05-10 21:04:23,y2312,y2312,7550.0,0.0,0.0,0.0,25,7548.0,7552.0,5,7554.0,7572.0,7576.0,7548.0,178.0,13457200.0,34452
2023-05-10 21:04:23,y2312,y2312,7550.0,0.0,0.0,0.0,25,7548.0,7554.0,55,7554.0,7572.0,7576.0,7548.0,178.0,13457200.0,34452
2023-05-10 21:04:24,y2312,y2312,7550.0,0.0,0.0,0.0,26,7548.0,7554.0,64,7554.0,7572.0,7576.0,7548.0,178.0,13457200.0,34452
2023-05-10 21:04:25,y2312,y2312,7550.0,0.0,0.0,0.0,26,7548.0,7554.0,59,7554.0,7572.0,7576.0,7548.0,178.0,13457200.0,34452
2023-05-10 21:04:26,y2312,y2312,7550.0,0.0,0.0,0.0,26,7548.0,7554.0,64,7554.0,7572.0,7576.0,7548.0,178.0,13457200.0,34452
2023-05-10 21:04:27,y2312,y2312,7550.0,0.0,0.0,0.0,26,7548.0,7554.0,59,7554.0,7572.0,7576.0,7548.0,178.0,13457200.0,34452
2023-05-10 21:04:28,y2312,y2312,7550.0,0.0,0.0,0.0,26,7548.0,7554.0,64,7554.0,7572.0,7576.0,7548.0,178.0,13457200.0,34452
2023-05-10 21:04:29,y2312,y2312,7550.0,0.0,0.0,0.0,31,7548.0,7552.0,1,7554.0,7572.0,7576.0,7548.0,178.0,13457200.0,34452
2023-05-10 21:04:30,y2312,y2312,7550.0,0.0,0.0,0.0,6,7548.0,7552.0,5,7554.0,7572.0,7576.0,7548.0,178.0,13457200.0,34452
2023-05-10 21:04:30,y2312,y2312,7550.0,0.0,0.0,0.0,60,7546.0,7552.0,5,7554.0,7572.0,7576.0,7548.0,178.0,13457200.0,34452
2023-05-10 21:04:31,y2312,y2312,7550.0,0.0,0.0,0.0,65,7546.0,7552.0,11,7554.0,7572.0,7576.0,7548.0,178.0,13457200.0,34452
2023-05-10 21:04:32,y2312,y2312,7550.0,0.0,0.0,0.0,65,7546.0,7552.0,20,7554.0,7572.0,7576.0,7548.0,178.0,13457200.0,34452
2023-05-10 21:04:32,y2312,y2312,7550.0,0.0,0.0,0.0,45,7546.0,7552.0,34,7554.0,7572.0,7576.0,7548.0,178.0,13457200.0,34452
2023-05-10 21:04:33,y2312,y2312,7550.0,0.0,0.0,0.0,31,7546.0,7550.0,10,7554.0,7572.0,7576.0,7548.0,178.0,13457200.0,34452
2023-05-10 21:04:33,y2312,y2312,7550.0,0.0,0.0,0.0,16,7546.0,7550.0,6,7554.0,7572.0,7576.0,7548.0,178.0,13457200.0,34452
2023-05-10 21:04:34,y2312,y2312,7550.0,0.0,0.0,0.0,16,7546.0,7550.0,5,7554.0,7572.0,7576.0,7548.0,178.0,13457200.0,34452
2023-05-10 21:04:34,y2312,y2312,7550.0,0.0,0.0,0.0,15,7546.0,7550.0,5,7554.0,7572.0,7576.0,7548.0,178.0,13457200.0,34452
2023-05-10 21:04:34,y2312,y2312,7550.0,0.0,0.0,0.0,21,7546.0,7552.0,69,7554.0,7572.0,7576.0,7548.0,178.0,13457200.0,34452
2023-05-10 21:04:36,y2312,y2312,7550.0,0.0,0.0,0.0,21,7546.0,7550.0,5,7554.0,7572.0,7576.0,7548.0,178.0,13457200.0,34452
2023-05-10 21:04:38,y2312,y2312,7550.0,0.0,0.0,0.0,5,7548.0,7552.0,35,7554.0,7572.0,7576.0,7548.0,178.0,13457200.0,34452
2023-05-10 21:04:39,y2312,y2312,7550.0,0.0,0.0,0.0,65,7546.0,7552.0,15,7554.0,7572.0,7576.0,7548.0,178.0,13457200.0,34452
2023-05-10 21:04:39,y2312,y2312,7550.0,0.0,0.0,0.0,65,7546.0,7552.0,20,7554.0,7572.0,7576.0,7548.0,178.0,13457200.0,34452
2023-05-10 21:04:41,y2312,y2312,7550.0,0.0,0.0,0.0,60,7546.0,7552.0,16,7554.0,7572.0,7576.0,7548.0,178.0,13457200.0,34452
2023-05-10 21:04:43,y2312,y2312,7550.0,0.0,0.0,0.0,65,7546.0,7552.0,16,7554.0,7572.0,7576.0,7548.0,178.0,13457200.0,34452
2023-05-10 21:04:47,y2312,y2312,7550.0,0.0,0.0,0.0,40,7546.0,7550.0,5,7554.0,7572.0,7576.0,7548.0,178.0,13457200.0,34452
2023-05-10 21:04:47,y2312,y2312,7550.0,0.0,0.0,0.0,26,7546.0,7550.0,6,7554.0,7572.0,7576.0,7548.0,178.0,13457200.0,34452
2023-05-10 21:04:48,y2312,y2312,7550.0,0.0,0.0,0.0,21,7546.0,7552.0,69,7554.0,7572.0,7576.0,7548.0,178.0,13457200.0,34452
2023-05-10 21:04:48,y2312,y2312,7550.0,0.0,0.0,0.0,26,7546.0,7552.0,69,7554.0,7572.0,7576.0,7548.0,178.0,13457200.0,34452
2023-05-10 21:04:49,y2312,y2312,7550.0,0.0,0.0,0.0,31,7546.0,7552.0,69,7554.0,7572.0,7576.0,7548.0,178.0,13457200.0,34452
2023-05-10 21:04:49,y2312,y2312,7550.0,0.0,0.0,0.0,41,7546.0,7552.0,69,7554.0,7572.0,7576.0,7548.0,178.0,13457200.0,34452
2023-05-10 21:04:50,y2312,y2312,7550.0,0.0,0.0,0.0,46,7546.0,7552.0,64,7554.0,7572.0,7576.0,7548.0,178.0,13457200.0,34452
2023-05-10 21:04:50,y2312,y2312,7550.0,0.0,0.0,0.0,46,7546.0,7552.0,69,7554.0,7572.0,7576.0,7548.0,178.0,13457200.0,34452
2023-05-10 21:04:51,y2312,y2312,7550.0,0.0,0.0,0.0,41,7546.0,7552.0,69,7554.0,7572.0,7576.0,7548.0,178.0,13457200.0,34452
2023-05-10 21:04:51,y2312,y2312,7550.0,0.0,0.0,0.0,31,7546.0,7552.0,69,7554.0,7572.0,7576.0,7548.0,178.0,13457200.0,34452
2023-05-10 21:04:51,y2312,y2312,7550.0,0.0,0.0,0.0,26,7546.0,7552.0,69,7554.0,7572.0,7576.0,7548.0,178.0,13457200.0,34452
2023-05-10 21:04:53,y2312,y2312,7550.0,0.0,0.0,0.0,21,7546.0,7552.0,69,7554.0,7572.0,7576.0,7548.0,178.0,13457200.0,34452
2023-05-10 21:04:54,y2312,y2312,7550.0,0.0,0.0,0.0,16,7546.0,7552.0,74,7554.0,7572.0,7576.0,7548.0,178.0,13457200.0,34452
2023-05-10 21:04:56,y2312,y2312,7550.0,0.0,0.0,0.0,12,7548.0,7552.0,40,7554.0,7572.0,7576.0,7548.0,178.0,13457200.0,34452
2023-05-10 21:04:56,y2312,y2312,7550.0,0.0,0.0,0.0,50,7546.0,7552.0,55,7554.0,7572.0,7576.0,7548.0,178.0,13457200.0,34452
2023-05-10 21:04:57,y2312,y2312,7550.0,0.0,0.0,0.0,7,7548.0,7552.0,45,7554.0,7572.0,7576.0,7548.0,178.0,13457200.0,34452
2023-05-10 21:04:57,y2312,y2312,7550.0,0.0,0.0,0.0,18,7548.0,7552.0,25,7554.0,7572.0,7576.0,7548.0,178.0,13457200.0,34452
2023-05-10 21:04:58,y2312,y2312,7550.0,0.0,0.0,0.0,13,7548.0,7552.0,15,7554.0,7572.0,7576.0,7548.0,178.0,13457200.0,34452
2023-05-10 21:05:01,y2312,y2312,7550.0,0.0,0.0,0.0,6,7548.0,7552.0,40,7554.0,7572.0,7576.0,7548.0,178.0,13457200.0,34452
2023-05-10 21:05:01,y2312,y2312,7550.0,0.0,0.0,0.0,41,7546.0,7552.0,64,7554.0,7572.0,7576.0,7548.0,178.0,13457200.0,34452
2023-05-10 21:05:02,y2312,y2312,7550.0,0.0,0.0,0.0,36,7546.0,7552.0,69,7554.0,7572.0,7576.0,7548.0,178.0,13457200.0,34452
2023-05-10 21:05:02,y2312,y2312,7550.0,0.0,0.0,0.0,26,7546.0,7552.0,74,7554.0,7572.0,7576.0,7548.0,178.0,13457200.0,34452
2023-05-10 21:05:05,y2312,y2312,7550.0,0.0,0.0,0.0,17,7548.0,7552.0,25,7554.0,7572.0,7576.0,7548.0,178.0,13457200.0,34452
2023-05-10 21:05:06,y2312,y2312,7550.0,0.0,0.0,0.0,32,7548.0,7552.0,10,7554.0,7572.0,7576.0,7548.0,178.0,13457200.0,34452
2023-05-10 21:05:06,y2312,y2312,7550.0,0.0,0.0,0.0,28,7548.0,7552.0,5,7554.0,7572.0,7576.0,7548.0,178.0,13457200.0,34452
2023-05-10 21:05:07,y2312,y2312,7550.0,0.0,0.0,0.0,53,7548.0,7554.0,45,7554.0,7572.0,7576.0,7548.0,178.0,13457200.0,34452
2023-05-10 21:05:07,y2312,y2312,7550.0,0.0,0.0,0.0,2,7550.0,7554.0,40,7554.0,7572.0,7576.0,7548.0,178.0,13457200.0,34452
2023-05-10 21:05:08,y2312,y2312,7550.0,0.0,0.0,0.0,45,7548.0,7552.0,5,7554.0,7572.0,7576.0,7548.0,178.0,13457200.0,34452
2023-05-10 21:05:08,y2312,y2312,7550.0,0.0,0.0,0.0,46,7548.0,7552.0,1,7554.0,7572.0,7576.0,7548.0,178.0,13457200.0,34452
2023-05-10 21:05:09,y2312,y2312,7550.0,0.0,0.0,0.0,46,7548.0,7554.0,69,7554.0,7572.0,7576.0,7548.0,178.0,13457200.0,34452
2023-05-10 21:05:10,y2312,y2312,7550.0,0.0,0.0,0.0,50,7548.0,7554.0,60,7554.0,7572.0,7576.0,7548.0,178.0,13457200.0,34452
2023-05-10 21:05:10,y2312,y2312,7550.0,0.0,0.0,0.0,51,7548.0,7554.0,64,7554.0,7572.0,7576.0,7548.0,178.0,13457200.0,34452
2023-05-10 21:05:11,y2312,y2312,7550.0,0.0,0.0,0.0,2,7550.0,7554.0,45,7554.0,7572.0,7576.0,7548.0,178.0,13457200.0,34452
2023-05-10 21:05:12,y2312,y2312,7550.0,0.0,0.0,0.0,7,7550.0,7554.0,35,7554.0,7572.0,7576.0,7548.0,178.0,13457200.0,34452
2023-05-10 21:05:12,y2312,y2312,7550.0,0.0,0.0,0.0,2,7550.0,7554.0,30,7554.0,7572.0,7576.0,7548.0,178.0,13457200.0,34452
2023-05-10 21:05:13,y2312,y2312,7550.0,0.0,0.0,0.0,7,7550.0,7554.0,30,7554.0,7572.0,7576.0,7548.0,178.0,13457200.0,34452
2023-05-10 21:05:16,y2312,y2312,7550.0,0.0,0.0,0.0,2,7552.0,7554.0,10,7554.0,7572.0,7576.0,7548.0,178.0,13457200.0,34452
2023-05-10 21:05:16,y2312,y2312,7550.0,0.0,0.0,0.0,7,7552.0,7556.0,46,7554.0,7572.0,7576.0,7548.0,178.0,13457200.0,34452
2023-05-10 21:05:17,y2312,y2312,7550.0,0.0,0.0,0.0,7,7552.0,7556.0,50,7554.0,7572.0,7576.0,7548.0,178.0,13457200.0,34452
2023-05-10 21:05:19,y2312,y2312,7550.0,0.0,0.0,0.0,2,7554.0,7556.0,26,7554.0,7572.0,7576.0,7548.0,178.0,13457200.0,34452
2023-05-10 21:05:19,y2312,y2312,7550.0,0.0,0.0,0.0,11,7552.0,7556.0,31,7554.0,7572.0,7576.0,7548.0,178.0,13457200.0,34452
2023-05-10 21:05:21,y2312,y2312,7550.0,0.0,0.0,0.0,11,7552.0,7556.0,26,7554.0,7572.0,7576.0,7548.0,178.0,13457200.0,34452
2023-05-10 21:05:21,y2312,y2312,7550.0,0.0,0.0,0.0,5,7552.0,7556.0,31,7554.0,7572.0,7576.0,7548.0,178.0,13457200.0,34452
2023-05-10 21:05:22,y2312,y2312,7550.0,0.0,0.0,0.0,2,7552.0,7556.0,36,7554.0,7572.0,7576.0,7548.0,178.0,13457200.0,34452
2023-05-10 21:05:22,y2312,y2312,7550.0,0.0,0.0,0.0,7,7552.0,7556.0,31,7554.0,7572.0,7576.0,7548.0,178.0,13457200.0,34452
2023-05-10 21:05:24,y2312,y2312,7550.0,0.0,0.0,0.0,13,7552.0,7556.0,26,7554.0,7572.0,7576.0,7548.0,178.0,13457200.0,34452
2023-05-10 21:05:24,y2312,y2312,7550.0,0.0,0.0,0.0,8,7552.0,7556.0,36,7554.0,7572.0,7576.0,7548.0,178.0,13457200.0,34452
2023-05-10 21:05:24,y2312,y2312,7550.0,0.0,0.0,0.0,7,7552.0,7556.0,41,7554.0,7572.0,7576.0,7548.0,178.0,13457200.0,34452
2023-05-10 21:05:25,y2312,y2312,7550.0,0.0,0.0,0.0,7,7552.0,7556.0,46,7554.0,7572.0,7576.0,7548.0,178.0,13457200.0,34452
2023-05-10 21:05:26,y2312,y2312,7550.0,0.0,0.0,0.0,2,7552.0,7556.0,65,7554.0,7572.0,7576.0,7548.0,178.0,13457200.0,34452
2023-05-10 21:05:26,y2312,y2312,7550.0,0.0,0.0,0.0,2,7552.0,7556.0,55,7554.0,7572.0,7576.0,7548.0,178.0,13457200.0,34452
2023-05-10 21:05:27,y2312,y2312,7550.0,0.0,0.0,0.0,2,7552.0,7556.0,60,7554.0,7572.0,7576.0,7548.0,178.0,13457200.0,34452
2023-05-10 21:05:27,y2312,y2312,7550.0,0.0,0.0,0.0,50,7550.0,7554.0,1,7554.0,7572.0,7576.0,7548.0,178.0,13457200.0,34452
2023-05-10 21:05:28,y2312,y2312,7550.0,0.0,0.0,0.0,2,7552.0,7556.0,45,7554.0,7572.0,7576.0,7548.0,178.0,13457200.0,34452
2023-05-10 21:05:28,y2312,y2312,7550.0,0.0,0.0,0.0,7,7552.0,7556.0,45,7554.0,7572.0,7576.0,7548.0,178.0,13457200.0,34452
2023-05-10 21:05:32,y2312,y2312,7550.0,0.0,0.0,0.0,25,7550.0,7554.0,15,7554.0,7572.0,7576.0,7548.0,178.0,13457200.0,34452
2023-05-10 21:05:32,y2312,y2312,7550.0,0.0,0.0,0.0,1,7550.0,7552.0,5,7554.0,7572.0,7576.0,7548.0,178.0,13457200.0,34452
2023-05-10 21:05:33,y2312,y2312,7550.0,0.0,0.0,0.0,16,7548.0,7552.0,10,7554.0,7572.0,7576.0,7548.0,178.0,13457200.0,34452
2023-05-10 21:05:33,y2312,y2312,7550.0,0.0,0.0,0.0,1,7548.0,7552.0,50,7554.0,7572.0,7576.0,7548.0,178.0,13457200.0,34452
2023-05-10 21:05:34,y2312,y2312,7548.0,1.0,75480.0,0.0,25,7546.0,7550.0,10,7554.0,7572.0,7576.0,7548.0,179.0,13532680.0,34452
2023-05-10 21:05:34,y2312,y2312,7548.0,0.0,0.0,0.0,20,7546.0,7550.0,5,7554.0,7572.0,7576.0,7548.0,179.0,13532680.0,34452
2023-05-10 21:05:39,y2312,y2312,7548.0,0.0,0.0,0.0,20,7546.0,7550.0,9,7554.0,7572.0,7576.0,7548.0,179.0,13532680.0,34452
2023-05-10 21:05:40,y2312,y2312,7548.0,0.0,0.0,0.0,20,7546.0,7550.0,19,7554.0,7572.0,7576.0,7548.0,179.0,13532680.0,34452
2023-05-10 21:05:40,y2312,y2312,7548.0,0.0,0.0,0.0,15,7546.0,7550.0,19,7554.0,7572.0,7576.0,7548.0,179.0,13532680.0,34452
2023-05-10 21:05:41,y2312,y2312,7548.0,0.0,0.0,0.0,5,7546.0,7550.0,24,7554.0,7572.0,7576.0,7548.0,179.0,13532680.0,34452
2023-05-10 21:05:41,y2312,y2312,7548.0,0.0,0.0,0.0,30,7546.0,7550.0,10,7554.0,7572.0,7576.0,7548.0,179.0,13532680.0,34452
2023-05-10 21:05:42,y2312,y2312,7548.0,0.0,0.0,0.0,40,7546.0,7550.0,5,7554.0,7572.0,7576.0,7548.0,179.0,13532680.0,34452
2023-05-10 21:05:42,y2312,y2312,7548.0,0.0,0.0,0.0,55,7546.0,7550.0,5,7554.0,7572.0,7576.0,7548.0,179.0,13532680.0,34452
2023-05-10 21:05:46,y2312,y2312,7550.0,1.0,75500.0,-1.0,20,7548.0,7550.0,4,7554.0,7572.0,7576.0,7548.0,180.0,13608180.0,34451
2023-05-10 21:05:47,y2312,y2312,7550.0,2.0,151000.0,2.0,26,7548.0,7550.0,2,7554.0,7572.0,7576.0,7548.0,182.0,13759180.0,34453
2023-05-10 21:05:47,y2312,y2312,7550.0,0.0,0.0,0.0,31,7548.0,7550.0,2,7554.0,7572.0,7576.0,7548.0,182.0,13759180.0,34453
2023-05-10 21:05:48,y2312,y2312,7550.0,2.0,151000.0,2.0,31,7548.0,7552.0,1,7554.0,7572.0,7576.0,7548.0,184.0,13910180.0,34455
2023-05-10 21:05:48,y2312,y2312,7550.0,0.0,0.0,0.0,31,7548.0,7552.0,9,7554.0,7572.0,7576.0,7548.0,184.0,13910180.0,34455
2023-05-10 21:05:49,y2312,y2312,7550.0,0.0,0.0,0.0,36,7548.0,7552.0,9,7554.0,7572.0,7576.0,7548.0,184.0,13910180.0,34455
2023-05-10 21:05:49,y2312,y2312,7550.0,0.0,0.0,0.0,41,7548.0,7554.0,60,7554.0,7572.0,7576.0,7548.0,184.0,13910180.0,34455
2023-05-10 21:05:50,y2312,y2312,7550.0,0.0,0.0,0.0,46,7548.0,7554.0,69,7554.0,7572.0,7576.0,7548.0,184.0,13910180.0,34455
2023-05-10 21:05:53,y2312,y2312,7550.0,0.0,0.0,0.0,41,7548.0,7554.0,69,7554.0,7572.0,7576.0,7548.0,184.0,13910180.0,34455
2023-05-10 21:05:54,y2312,y2312,7550.0,0.0,0.0,0.0,11,7548.0,7552.0,40,7554.0,7572.0,7576.0,7548.0,184.0,13910180.0,34455
2023-05-10 21:05:55,y2312,y2312,7550.0,0.0,0.0,0.0,50,7546.0,7552.0,65,7554.0,7572.0,7576.0,7548.0,184.0,13910180.0,34455
2023-05-10 21:05:55,y2312,y2312,7550.0,0.0,0.0,0.0,12,7548.0,7552.0,39,7554.0,7572.0,7576.0,7548.0,184.0,13910180.0,34455
2023-05-10 21:05:56,y2312,y2312,7550.0,0.0,0.0,0.0,23,7548.0,7552.0,11,7554.0,7572.0,7576.0,7548.0,184.0,13910180.0,34455
2023-05-10 21:05:56,y2312,y2312,7550.0,0.0,0.0,0.0,23,7548.0,7554.0,65,7554.0,7572.0,7576.0,7548.0,184.0,13910180.0,34455
2023-05-10 21:05:56,y2312,y2312,7550.0,0.0,0.0,0.0,23,7548.0,7554.0,64,7554.0,7572.0,7576.0,7548.0,184.0,13910180.0,34455
2023-05-10 21:05:57,y2312,y2312,7550.0,0.0,0.0,0.0,12,7550.0,7554.0,30,7554.0,7572.0,7576.0,7548.0,184.0,13910180.0,34455
2023-05-10 21:05:58,y2312,y2312,7550.0,0.0,0.0,0.0,13,7550.0,7554.0,6,7554.0,7572.0,7576.0,7548.0,184.0,13910180.0,34455
2023-05-10 21:05:58,y2312,y2312,7550.0,0.0,0.0,0.0,2,7550.0,7556.0,69,7554.0,7572.0,7576.0,7548.0,184.0,13910180.0,34455
2023-05-10 21:05:59,y2312,y2312,7550.0,0.0,0.0,0.0,7,7550.0,7556.0,69,7554.0,7572.0,7576.0,7548.0,184.0,13910180.0,34455
2023-05-10 21:06:02,y2312,y2312,7550.0,0.0,0.0,0.0,40,7548.0,7554.0,20,7554.0,7572.0,7576.0,7548.0,184.0,13910180.0,34455
2023-05-10 21:06:02,y2312,y2312,7550.0,0.0,0.0,0.0,50,7548.0,7554.0,36,7554.0,7572.0,7576.0,7548.0,184.0,13910180.0,34455
2023-05-10 21:06:03,y2312,y2312,7550.0,0.0,0.0,0.0,2,7550.0,7554.0,30,7554.0,7572.0,7576.0,7548.0,184.0,13910180.0,34455
2023-05-10 21:06:03,y2312,y2312,7550.0,0.0,0.0,0.0,18,7550.0,7554.0,6,7554.0,7572.0,7576.0,7548.0,184.0,13910180.0,34455
2023-05-10 21:06:03,y2312,y2312,7550.0,0.0,0.0,0.0,23,7550.0,7556.0,64,7554.0,7572.0,7576.0,7548.0,184.0,13910180.0,34455
2023-05-10 21:06:05,y2312,y2312,7550.0,0.0,0.0,0.0,2,7554.0,7556.0,20,7554.0,7572.0,7576.0,7548.0,184.0,13910180.0,34455
2023-05-10 21:06:06,y2312,y2312,7556.0,31.0,2342360.0,31.0,6,7556.0,7558.0,14,7554.0,7572.0,7576.0,7548.0,215.0,16252540.0,34486
2023-05-10 21:06:06,y2312,y2312,7558.0,1.0,75580.0,0.0,11,7556.0,7558.0,4,7554.0,7572.0,7576.0,7548.0,216.0,16328120.0,34486
2023-05-10 21:06:07,y2312,y2312,7558.0,4.0,302320.0,4.0,11,7556.0,7560.0,5,7554.0,7572.0,7576.0,7548.0,220.0,16630440.0,34490
2023-05-10 21:06:07,y2312,y2312,7558.0,0.0,0.0,0.0,6,7556.0,7562.0,44,7554.0,7572.0,7576.0,7548.0,220.0,16630440.0,34490
2023-05-10 21:06:08,y2312,y2312,7558.0,0.0,0.0,0.0,6,7556.0,7562.0,54,7554.0,7572.0,7576.0,7548.0,220.0,16630440.0,34490
2023-05-10 21:06:08,y2312,y2312,7558.0,0.0,0.0,0.0,11,7556.0,7562.0,54,7554.0,7572.0,7576.0,7548.0,220.0,16630440.0,34490
2023-05-10 21:06:09,y2312,y2312,7558.0,0.0,0.0,0.0,11,7556.0,7562.0,59,7554.0,7572.0,7576.0,7548.0,220.0,16630440.0,34490
2023-05-10 21:06:09,y2312,y2312,7558.0,0.0,0.0,0.0,11,7556.0,7562.0,64,7554.0,7572.0,7576.0,7548.0,220.0,16630440.0,34490
2023-05-10 21:06:10,y2312,y2312,7558.0,0.0,0.0,0.0,11,7556.0,7562.0,69,7554.0,7572.0,7576.0,7548.0,220.0,16630440.0,34490
2023-05-10 21:06:10,y2312,y2312,7558.0,0.0,0.0,0.0,18,7558.0,7562.0,20,7554.0,7572.0,7576.0,7548.0,220.0,16630440.0,34490
2023-05-10 21:06:11,y2312,y2312,7558.0,0.0,0.0,0.0,13,7558.0,7564.0,55,7554.0,7572.0,7576.0,7548.0,220.0,16630440.0,34490
2023-05-10 21:06:11,y2312,y2312,7558.0,0.0,0.0,0.0,1,7560.0,7564.0,50,7554.0,7572.0,7576.0,7548.0,220.0,16630440.0,34490
2023-05-10 21:06:12,y2312,y2312,7558.0,0.0,0.0,0.0,1,7560.0,7564.0,59,7554.0,7572.0,7576.0,7548.0,220.0,16630440.0,34490
2023-05-10 21:06:12,y2312,y2312,7560.0,1.0,75600.0,-1.0,15,7558.0,7562.0,20,7554.0,7572.0,7576.0,7548.0,221.0,16706040.0,34489
2023-05-10 21:06:13,y2312,y2312,7560.0,0.0,0.0,0.0,40,7556.0,7560.0,5,7554.0,7572.0,7576.0,7548.0,221.0,16706040.0,34489
2023-05-10 21:06:13,y2312,y2312,7560.0,0.0,0.0,0.0,46,7556.0,7560.0,4,7554.0,7572.0,7576.0,7548.0,221.0,16706040.0,34489
2023-05-10 21:06:15,y2312,y2312,7560.0,0.0,0.0,0.0,46,7556.0,7562.0,66,7554.0,7572.0,7576.0,7548.0,221.0,16706040.0,34489
2023-05-10 21:06:15,y2312,y2312,7560.0,0.0,0.0,0.0,41,7556.0,7562.0,75,7554.0,7572.0,7576.0,7548.0,221.0,16706040.0,34489
2023-05-10 21:06:16,y2312,y2312,7560.0,0.0,0.0,0.0,41,7556.0,7562.0,70,7554.0,7572.0,7576.0,7548.0,221.0,16706040.0,34489
2023-05-10 21:06:17,y2312,y2312,7560.0,0.0,0.0,0.0,41,7556.0,7562.0,69,7554.0,7572.0,7576.0,7548.0,221.0,16706040.0,34489
2023-05-10 21:06:17,y2312,y2312,7560.0,0.0,0.0,0.0,45,7556.0,7562.0,59,7554.0,7572.0,7576.0,7548.0,221.0,16706040.0,34489
2023-05-10 21:06:18,y2312,y2312,7560.0,0.0,0.0,0.0,12,7558.0,7562.0,40,7554.0,7572.0,7576.0,7548.0,221.0,16706040.0,34489
2023-05-10 21:06:18,y2312,y2312,7560.0,0.0,0.0,0.0,13,7558.0,7562.0,30,7554.0,7572.0,7576.0,7548.0,221.0,16706040.0,34489
2023-05-10 21:06:19,y2312,y2312,7560.0,0.0,0.0,0.0,6,7558.0,7560.0,5,7554.0,7572.0,7576.0,7548.0,221.0,16706040.0,34489
2023-05-10 21:06:19,y2312,y2312,7560.0,0.0,0.0,0.0,56,7556.0,7562.0,69,7554.0,7572.0,7576.0,7548.0,221.0,16706040.0,34489
2023-05-10 21:06:20,y2312,y2312,7560.0,0.0,0.0,0.0,46,7556.0,7562.0,79,7554.0,7572.0,7576.0,7548.0,221.0,16706040.0,34489
2023-05-10 21:06:21,y2312,y2312,7560.0,0.0,0.0,0.0,51,7556.0,7562.0,74,7554.0,7572.0,7576.0,7548.0,221.0,16706040.0,34489
2023-05-10 21:06:22,y2312,y2312,7560.0,0.0,0.0,0.0,12,7558.0,7562.0,50,7554.0,7572.0,7576.0,7548.0,221.0,16706040.0,34489
2023-05-10 21:06:22,y2312,y2312,7560.0,0.0,0.0,0.0,13,7558.0,7562.0,50,7554.0,7572.0,7576.0,7548.0,221.0,16706040.0,34489
2023-05-10 21:06:24,y2312,y2312,7560.0,0.0,0.0,0.0,13,7558.0,7562.0,55,7554.0,7572.0,7576.0,7548.0,221.0,16706040.0,34489
2023-05-10 21:06:26,y2312,y2312,7560.0,0.0,0.0,0.0,5,7558.0,7560.0,5,7554.0,7572.0,7576.0,7548.0,221.0,16706040.0,34489
2023-05-10 21:06:26,y2312,y2312,7560.0,0.0,0.0,0.0,51,7556.0,7562.0,69,7554.0,7572.0,7576.0,7548.0,221.0,16706040.0,34489
2023-05-10 21:06:27,y2312,y2312,7560.0,0.0,0.0,0.0,5,7558.0,7562.0,54,7554.0,7572.0,7576.0,7548.0,221.0,16706040.0,34489
2023-05-10 21:06:27,y2312,y2312,7560.0,0.0,0.0,0.0,70,7556.0,7562.0,45,7554.0,7572.0,7576.0,7548.0,221.0,16706040.0,34489
2023-05-10 21:06:28,y2312,y2312,7560.0,0.0,0.0,0.0,70,7556.0,7562.0,50,7554.0,7572.0,7576.0,7548.0,221.0,16706040.0,34489
2023-05-10 21:06:28,y2312,y2312,7560.0,0.0,0.0,0.0,41,7556.0,7560.0,5,7554.0,7572.0,7576.0,7548.0,221.0,16706040.0,34489
2023-05-10 21:06:29,y2312,y2312,7560.0,0.0,0.0,0.0,5,7558.0,7562.0,60,7554.0,7572.0,7576.0,7548.0,221.0,16706040.0,34489
2023-05-10 21:06:29,y2312,y2312,7560.0,0.0,0.0,0.0,70,7556.0,7562.0,50,7554.0,7572.0,7576.0,7548.0,221.0,16706040.0,34489
2023-05-10 21:06:29,y2312,y2312,7560.0,0.0,0.0,0.0,70,7556.0,7562.0,55,7554.0,7572.0,7576.0,7548.0,221.0,16706040.0,34489
2023-05-10 21:06:30,y2312,y2312,7560.0,0.0,0.0,0.0,41,7556.0,7560.0,5,7554.0,7572.0,7576.0,7548.0,221.0,16706040.0,34489
2023-05-10 21:06:31,y2312,y2312,7560.0,0.0,0.0,0.0,36,7556.0,7562.0,79,7554.0,7572.0,7576.0,7548.0,221.0,16706040.0,34489
2023-05-10 21:06:31,y2312,y2312,7560.0,0.0,0.0,0.0,6,7556.0,7560.0,43,7554.0,7572.0,7576.0,7548.0,221.0,16706040.0,34489
2023-05-10 21:06:32,y2312,y2312,7560.0,0.0,0.0,0.0,5,7556.0,7558.0,10,7554.0,7572.0,7576.0,7548.0,221.0,16706040.0,34489
2023-05-10 21:06:34,y2312,y2312,7556.0,5.0,377800.0,-5.0,1,7554.0,7558.0,35,7554.0,7572.0,7576.0,7548.0,226.0,17083840.0,34484
2023-05-10 21:06:35,y2312,y2312,7556.0,0.0,0.0,0.0,60,7552.0,7558.0,45,7554.0,7572.0,7576.0,7548.0,226.0,17083840.0,34484
2023-05-10 21:06:35,y2312,y2312,7556.0,0.0,0.0,0.0,17,7554.0,7558.0,24,7554.0,7572.0,7576.0,7548.0,226.0,17083840.0,34484
2023-05-10 21:06:36,y2312,y2312,7556.0,0.0,0.0,0.0,16,7554.0,7558.0,20,7554.0,7572.0,7576.0,7548.0,226.0,17083840.0,34484
2023-05-10 21:06:36,y2312,y2312,7556.0,0.0,0.0,0.0,1,7554.0,7558.0,6,7554.0,7572.0,7576.0,7548.0,226.0,17083840.0,34484
2023-05-10 21:06:37,y2312,y2312,7556.0,0.0,0.0,0.0,1,7554.0,7558.0,5,7554.0,7572.0,7576.0,7548.0,226.0,17083840.0,34484
2023-05-10 21:06:37,y2312,y2312,7556.0,0.0,0.0,0.0,55,7552.0,7558.0,15,7554.0,7572.0,7576.0,7548.0,226.0,17083840.0,34484
2023-05-10 21:06:38,y2312,y2312,7556.0,0.0,0.0,0.0,5,7554.0,7558.0,25,7554.0,7572.0,7576.0,7548.0,226.0,17083840.0,34484
2023-05-10 21:06:38,y2312,y2312,7556.0,0.0,0.0,0.0,70,7552.0,7558.0,15,7554.0,7572.0,7576.0,7548.0,226.0,17083840.0,34484
2023-05-10 21:06:38,y2312,y2312,7556.0,0.0,0.0,0.0,65,7552.0,7558.0,15,7554.0,7572.0,7576.0,7548.0,226.0,17083840.0,34484
2023-05-10 21:06:39,y2312,y2312,7556.0,0.0,0.0,0.0,70,7552.0,7558.0,20,7554.0,7572.0,7576.0,7548.0,226.0,17083840.0,34484
2023-05-10 21:06:41,y2312,y2312,7556.0,0.0,0.0,0.0,70,7552.0,7558.0,16,7554.0,7572.0,7576.0,7548.0,226.0,17083840.0,34484
2023-05-10 21:06:42,y2312,y2312,7556.0,0.0,0.0,0.0,45,7552.0,7558.0,50,7554.0,7572.0,7576.0,7548.0,226.0,17083840.0,34484
2023-05-10 21:06:42,y2312,y2312,7556.0,0.0,0.0,0.0,31,7552.0,7558.0,79,7554.0,7572.0,7576.0,7548.0,226.0,17083840.0,34484
2023-05-10 21:06:43,y2312,y2312,7556.0,0.0,0.0,0.0,26,7552.0,7558.0,79,7554.0,7572.0,7576.0,7548.0,226.0,17083840.0,34484
2023-05-10 21:06:49,y2312,y2312,7556.0,0.0,0.0,0.0,21,7552.0,7558.0,79,7554.0,7572.0,7576.0,7548.0,226.0,17083840.0,34484
2023-05-10 21:06:50,y2312,y2312,7556.0,0.0,0.0,0.0,16,7552.0,7558.0,79,7554.0,7572.0,7576.0,7548.0,226.0,17083840.0,34484
2023-05-10 21:06:51,y2312,y2312,7556.0,0.0,0.0,0.0,15,7554.0,7558.0,35,7554.0,7572.0,7576.0,7548.0,226.0,17083840.0,34484
2023-05-10 21:06:52,y2312,y2312,7556.0,0.0,0.0,0.0,16,7554.0,7558.0,25,7554.0,7572.0,7576.0,7548.0,226.0,17083840.0,34484
2023-05-10 21:06:52,y2312,y2312,7558.0,24.0,1813920.0,-7.0,10,7558.0,7560.0,35,7554.0,7572.0,7576.0,7548.0,250.0,18897760.0,34477
2023-05-10 21:06:53,y2312,y2312,7558.0,6.0,453480.0,0.0,1,7556.0,7560.0,51,7554.0,7572.0,7576.0,7548.0,256.0,19351240.0,34477
2023-05-10 21:06:53,y2312,y2312,7558.0,0.0,0.0,0.0,45,7554.0,7560.0,69,7554.0,7572.0,7576.0,7548.0,256.0,19351240.0,34477
2023-05-10 21:06:54,y2312,y2312,7558.0,0.0,0.0,0.0,35,7554.0,7560.0,74,7554.0,7572.0,7576.0,7548.0,256.0,19351240.0,34477
2023-05-10 21:06:54,y2312,y2312,7558.0,0.0,0.0,0.0,25,7554.0,7560.0,74,7554.0,7572.0,7576.0,7548.0,256.0,19351240.0,34477
2023-05-10 21:06:58,y2312,y2312,7558.0,0.0,0.0,0.0,11,7554.0,7558.0,12,7554.0,7572.0,7576.0,7548.0,256.0,19351240.0,34477
2023-05-10 21:06:59,y2312,y2312,7558.0,0.0,0.0,0.0,5,7554.0,7558.0,19,7554.0,7572.0,7576.0,7548.0,256.0,19351240.0,34477
2023-05-10 21:06:59,y2312,y2312,7558.0,0.0,0.0,0.0,55,7552.0,7558.0,20,7554.0,7572.0,7576.0,7548.0,256.0,19351240.0,34477
2023-05-10 21:07:00,y2312,y2312,7558.0,0.0,0.0,0.0,55,7552.0,7558.0,31,7554.0,7572.0,7576.0,7548.0,256.0,19351240.0,34477
2023-05-10 21:07:00,y2312,y2312,7558.0,0.0,0.0,0.0,60,7552.0,7558.0,31,7554.0,7572.0,7576.0,7548.0,256.0,19351240.0,34477
2023-05-10 21:07:01,y2312,y2312,7558.0,0.0,0.0,0.0,30,7552.0,7556.0,7,7554.0,7572.0,7576.0,7548.0,256.0,19351240.0,34477
2023-05-10 21:07:01,y2312,y2312,7558.0,0.0,0.0,0.0,11,7552.0,7556.0,32,7554.0,7572.0,7576.0,7548.0,256.0,19351240.0,34477
2023-05-10 21:07:02,y2312,y2312,7558.0,0.0,0.0,0.0,40,7550.0,7554.0,5,7554.0,7572.0,7576.0,7548.0,256.0,19351240.0,34477
2023-05-10 21:07:02,y2312,y2312,7558.0,0.0,0.0,0.0,26,7550.0,7554.0,20,7554.0,7572.0,7576.0,7548.0,256.0,19351240.0,34477
2023-05-10 21:07:03,y2312,y2312,7558.0,0.0,0.0,0.0,11,7550.0,7554.0,31,7554.0,7572.0,7576.0,7548.0,256.0,19351240.0,34477
2023-05-10 21:07:03,y2312,y2312,7550.0,11.0,830500.0,6.0,15,7548.0,7550.0,11,7554.0,7572.0,7576.0,7548.0,267.0,20181740.0,34483
2023-05-10 21:07:04,y2312,y2312,7550.0,11.0,830500.0,-6.0,15,7548.0,7550.0,5,7554.0,7572.0,7576.0,7548.0,278.0,21012240.0,34477
2023-05-10 21:07:04,y2312,y2312,7550.0,0.0,0.0,0.0,5,7550.0,7552.0,5,7554.0,7572.0,7576.0,7548.0,278.0,21012240.0,34477
2023-05-10 21:07:05,y2312,y2312,7550.0,0.0,0.0,0.0,5,7550.0,7554.0,44,7554.0,7572.0,7576.0,7548.0,278.0,21012240.0,34477
2023-05-10 21:07:05,y2312,y2312,7550.0,0.0,0.0,0.0,5,7550.0,7554.0,45,7554.0,7572.0,7576.0,7548.0,278.0,21012240.0,34477
2023-05-10 21:07:06,y2312,y2312,7550.0,0.0,0.0,0.0,5,7550.0,7554.0,50,7554.0,7572.0,7576.0,7548.0,278.0,21012240.0,34477
2023-05-10 21:07:06,y2312,y2312,7550.0,0.0,0.0,0.0,5,7550.0,7554.0,51,7554.0,7572.0,7576.0,7548.0,278.0,21012240.0,34477
2023-05-10 21:07:07,y2312,y2312,7550.0,0.0,0.0,0.0,5,7550.0,7554.0,56,7554.0,7572.0,7576.0,7548.0,278.0,21012240.0,34477
2023-05-10 21:07:09,y2312,y2312,7550.0,0.0,0.0,0.0,5,7552.0,7554.0,25,7554.0,7572.0,7576.0,7548.0,278.0,21012240.0,34477
2023-05-10 21:07:09,y2312,y2312,7550.0,0.0,0.0,0.0,5,7552.0,7554.0,16,7554.0,7572.0,7576.0,7548.0,278.0,21012240.0,34477
2023-05-10 21:07:10,y2312,y2312,7550.0,0.0,0.0,0.0,5,7552.0,7554.0,11,7554.0,7572.0,7576.0,7548.0,278.0,21012240.0,34477
2023-05-10 21:07:10,y2312,y2312,7552.0,2.0,151040.0,2.0,13,7550.0,7554.0,25,7554.0,7572.0,7576.0,7548.0,280.0,21163280.0,34479
2023-05-10 21:07:11,y2312,y2312,7552.0,0.0,0.0,0.0,3,7550.0,7554.0,47,7554.0,7572.0,7576.0,7548.0,280.0,21163280.0,34479
2023-05-10 21:07:11,y2312,y2312,7552.0,0.0,0.0,0.0,3,7550.0,7554.0,66,7554.0,7572.0,7576.0,7548.0,280.0,21163280.0,34479
2023-05-10 21:07:13,y2312,y2312,7552.0,0.0,0.0,0.0,3,7550.0,7554.0,56,7554.0,7572.0,7576.0,7548.0,280.0,21163280.0,34479
2023-05-10 21:07:13,y2312,y2312,7552.0,0.0,0.0,0.0,3,7550.0,7554.0,51,7554.0,7572.0,7576.0,7548.0,280.0,21163280.0,34479
2023-05-10 21:07:14,y2312,y2312,7552.0,0.0,0.0,0.0,3,7550.0,7554.0,56,7554.0,7572.0,7576.0,7548.0,280.0,21163280.0,34479
2023-05-10 21:07:14,y2312,y2312,7552.0,0.0,0.0,0.0,3,7552.0,7554.0,21,7554.0,7572.0,7576.0,7548.0,280.0,21163280.0,34479
2023-05-10 21:07:15,y2312,y2312,7552.0,0.0,0.0,0.0,3,7552.0,7554.0,11,7554.0,7572.0,7576.0,7548.0,280.0,21163280.0,34479
2023-05-10 21:07:15,y2312,y2312,7554.0,11.0,830940.0,0.0,9,7554.0,7556.0,15,7554.0,7572.0,7576.0,7548.0,291.0,21994220.0,34479
2023-05-10 21:07:16,y2312,y2312,7554.0,0.0,0.0,0.0,9,7554.0,7558.0,54,7554.0,7572.0,7576.0,7548.0,291.0,21994220.0,34479
2023-05-10 21:07:16,y2312,y2312,7554.0,0.0,0.0,0.0,9,7554.0,7558.0,56,7554.0,7572.0,7576.0,7548.0,291.0,21994220.0,34479
2023-05-10 21:07:19,y2312,y2312,7554.0,0.0,0.0,0.0,9,7554.0,7558.0,60,7554.0,7572.0,7576.0,7548.0,291.0,21994220.0,34479
2023-05-10 21:07:19,y2312,y2312,7554.0,0.0,0.0,0.0,9,7554.0,7558.0,55,7554.0,7572.0,7576.0,7548.0,291.0,21994220.0,34479
2023-05-10 21:07:20,y2312,y2312,7556.0,3.0,226680.0,0.0,1,7556.0,7558.0,60,7554.0,7572.0,7576.0,7548.0,294.0,22220900.0,34479
2023-05-10 21:07:20,y2312,y2312,7556.0,1.0,75560.0,-1.0,5,7554.0,7558.0,56,7554.0,7572.0,7576.0,7548.0,295.0,22296460.0,34478
2023-05-10 21:07:22,y2312,y2312,7556.0,0.0,0.0,0.0,5,7554.0,7558.0,47,7554.0,7572.0,7576.0,7548.0,295.0,22296460.0,34478
2023-05-10 21:07:22,y2312,y2312,7556.0,0.0,0.0,0.0,15,7554.0,7558.0,36,7554.0,7572.0,7576.0,7548.0,295.0,22296460.0,34478
2023-05-10 21:07:23,y2312,y2312,7556.0,0.0,0.0,0.0,15,7554.0,7558.0,20,7554.0,7572.0,7576.0,7548.0,295.0,22296460.0,34478
2023-05-10 21:07:23,y2312,y2312,7556.0,0.0,0.0,0.0,5,7554.0,7558.0,20,7554.0,7572.0,7576.0,7548.0,295.0,22296460.0,34478
2023-05-10 21:07:27,y2312,y2312,7556.0,0.0,0.0,0.0,5,7554.0,7558.0,25,7554.0,7572.0,7576.0,7548.0,295.0,22296460.0,34478
2023-05-10 21:07:27,y2312,y2312,7556.0,0.0,0.0,0.0,5,7554.0,7558.0,40,7554.0,7572.0,7576.0,7548.0,295.0,22296460.0,34478
2023-05-10 21:07:28,y2312,y2312,7556.0,0.0,0.0,0.0,5,7554.0,7558.0,50,7554.0,7572.0,7576.0,7548.0,295.0,22296460.0,34478
2023-05-10 21:07:31,y2312,y2312,7556.0,0.0,0.0,0.0,5,7554.0,7558.0,60,7554.0,7572.0,7576.0,7548.0,295.0,22296460.0,34478
2023-05-10 21:07:32,y2312,y2312,7556.0,0.0,0.0,0.0,5,7554.0,7556.0,10,7554.0,7572.0,7576.0,7548.0,295.0,22296460.0,34478
2023-05-10 21:07:33,y2312,y2312,7556.0,0.0,0.0,0.0,5,7554.0,7556.0,5,7554.0,7572.0,7576.0,7548.0,295.0,22296460.0,34478
2023-05-10 21:07:33,y2312,y2312,7556.0,0.0,0.0,0.0,5,7554.0,7558.0,35,7554.0,7572.0,7576.0,7548.0,295.0,22296460.0,34478
2023-05-10 21:07:34,y2312,y2312,7556.0,0.0,0.0,0.0,5,7554.0,7558.0,40,7554.0,7572.0,7576.0,7548.0,295.0,22296460.0,34478
2023-05-10 21:07:34,y2312,y2312,7556.0,0.0,0.0,0.0,5,7554.0,7558.0,50,7554.0,7572.0,7576.0,7548.0,295.0,22296460.0,34478
2023-05-10 21:07:34,y2312,y2312,7556.0,0.0,0.0,0.0,5,7554.0,7558.0,45,7554.0,7572.0,7576.0,7548.0,295.0,22296460.0,34478
2023-05-10 21:07:36,y2312,y2312,7556.0,0.0,0.0,0.0,5,7554.0,7558.0,41,7554.0,7572.0,7576.0,7548.0,295.0,22296460.0,34478
2023-05-10 21:07:37,y2312,y2312,7556.0,0.0,0.0,0.0,5,7554.0,7558.0,36,7554.0,7572.0,7576.0,7548.0,295.0,22296460.0,34478
2023-05-10 21:07:37,y2312,y2312,7556.0,0.0,0.0,0.0,26,7554.0,7558.0,6,7554.0,7572.0,7576.0,7548.0,295.0,22296460.0,34478
2023-05-10 21:07:38,y2312,y2312,7556.0,0.0,0.0,0.0,1,7558.0,7560.0,74,7554.0,7572.0,7576.0,7548.0,295.0,22296460.0,34478
2023-05-10 21:07:38,y2312,y2312,7558.0,1.0,75580.0,1.0,55,7554.0,7560.0,61,7554.0,7572.0,7576.0,7548.0,296.0,22372040.0,34479
2023-05-10 21:07:39,y2312,y2312,7558.0,0.0,0.0,0.0,50,7554.0,7560.0,71,7554.0,7572.0,7576.0,7548.0,296.0,22372040.0,34479
2023-05-10 21:07:40,y2312,y2312,7558.0,0.0,0.0,0.0,55,7554.0,7560.0,61,7554.0,7572.0,7576.0,7548.0,296.0,22372040.0,34479
2023-05-10 21:07:41,y2312,y2312,7558.0,0.0,0.0,0.0,55,7554.0,7560.0,56,7554.0,7572.0,7576.0,7548.0,296.0,22372040.0,34479
2023-05-10 21:07:42,y2312,y2312,7558.0,0.0,0.0,0.0,28,7556.0,7560.0,30,7554.0,7572.0,7576.0,7548.0,296.0,22372040.0,34479
2023-05-10 21:07:43,y2312,y2312,7558.0,0.0,0.0,0.0,38,7556.0,7560.0,6,7554.0,7572.0,7576.0,7548.0,296.0,22372040.0,34479
2023-05-10 21:07:43,y2312,y2312,7558.0,0.0,0.0,0.0,42,7556.0,7562.0,69,7554.0,7572.0,7576.0,7548.0,296.0,22372040.0,34479
2023-05-10 21:07:44,y2312,y2312,7558.0,0.0,0.0,0.0,47,7556.0,7562.0,70,7554.0,7572.0,7576.0,7548.0,296.0,22372040.0,34479
2023-05-10 21:07:44,y2312,y2312,7558.0,0.0,0.0,0.0,52,7556.0,7562.0,70,7554.0,7572.0,7576.0,7548.0,296.0,22372040.0,34479
2023-05-10 21:07:45,y2312,y2312,7558.0,0.0,0.0,0.0,52,7556.0,7562.0,65,7554.0,7572.0,7576.0,7548.0,296.0,22372040.0,34479
2023-05-10 21:07:47,y2312,y2312,7558.0,0.0,0.0,0.0,52,7556.0,7562.0,70,7554.0,7572.0,7576.0,7548.0,296.0,22372040.0,34479
2023-05-10 21:07:54,y2312,y2312,7558.0,0.0,0.0,0.0,25,7556.0,7560.0,16,7554.0,7572.0,7576.0,7548.0,296.0,22372040.0,34479
2023-05-10 21:07:55,y2312,y2312,7558.0,0.0,0.0,0.0,40,7556.0,7562.0,55,7554.0,7572.0,7576.0,7548.0,296.0,22372040.0,34479
2023-05-10 21:07:55,y2312,y2312,7558.0,0.0,0.0,0.0,50,7556.0,7562.0,65,7554.0,7572.0,7576.0,7548.0,296.0,22372040.0,34479
2023-05-10 21:07:56,y2312,y2312,7558.0,0.0,0.0,0.0,25,7556.0,7560.0,15,7554.0,7572.0,7576.0,7548.0,296.0,22372040.0,34479
2023-05-10 21:07:57,y2312,y2312,7558.0,0.0,0.0,0.0,16,7556.0,7560.0,10,7554.0,7572.0,7576.0,7548.0,296.0,22372040.0,34479
2023-05-10 21:07:57,y2312,y2312,7558.0,0.0,0.0,0.0,16,7556.0,7560.0,4,7554.0,7572.0,7576.0,7548.0,296.0,22372040.0,34479
2023-05-10 21:07:58,y2312,y2312,7558.0,0.0,0.0,0.0,16,7556.0,7560.0,5,7554.0,7572.0,7576.0,7548.0,296.0,22372040.0,34479
2023-05-10 21:07:58,y2312,y2312,7558.0,0.0,0.0,0.0,21,7556.0,7560.0,5,7554.0,7572.0,7576.0,7548.0,296.0,22372040.0,34479
2023-05-10 21:08:00,y2312,y2312,7558.0,0.0,0.0,0.0,5,7558.0,7560.0,4,7554.0,7572.0,7576.0,7548.0,296.0,22372040.0,34479
2023-05-10 21:08:01,y2312,y2312,7558.0,0.0,0.0,0.0,45,7556.0,7562.0,60,7554.0,7572.0,7576.0,7548.0,296.0,22372040.0,34479
2023-05-10 21:08:01,y2312,y2312,7558.0,0.0,0.0,0.0,40,7556.0,7560.0,5,7554.0,7572.0,7576.0,7548.0,296.0,22372040.0,34479
2023-05-10 21:08:02,y2312,y2312,7558.0,0.0,0.0,0.0,26,7556.0,7560.0,21,7554.0,7572.0,7576.0,7548.0,296.0,22372040.0,34479
2023-05-10 21:08:02,y2312,y2312,7558.0,0.0,0.0,0.0,21,7556.0,7560.0,11,7554.0,7572.0,7576.0,7548.0,296.0,22372040.0,34479
2023-05-10 21:08:04,y2312,y2312,7556.0,21.0,1586760.0,11.0,15,7554.0,7556.0,11,7554.0,7572.0,7576.0,7548.0,317.0,23958800.0,34490
2023-05-10 21:08:05,y2312,y2312,7554.0,11.0,830940.0,3.0,25,7552.0,7556.0,11,7554.0,7572.0,7576.0,7548.0,328.0,24789740.0,34493
2023-05-10 21:08:05,y2312,y2312,7554.0,0.0,0.0,0.0,35,7552.0,7556.0,6,7554.0,7572.0,7576.0,7548.0,328.0,24789740.0,34493
2023-05-10 21:08:06,y2312,y2312,7554.0,0.0,0.0,0.0,40,7552.0,7556.0,6,7554.0,7572.0,7576.0,7548.0,328.0,24789740.0,34493
2023-05-10 21:08:06,y2312,y2312,7556.0,6.0,453360.0,-1.0,50,7552.0,7558.0,56,7554.0,7572.0,7576.0,7548.0,334.0,25243100.0,34492
2023-05-10 21:08:07,y2312,y2312,7556.0,0.0,0.0,0.0,27,7554.0,7558.0,30,7554.0,7572.0,7576.0,7548.0,334.0,25243100.0,34492
2023-05-10 21:08:07,y2312,y2312,7556.0,0.0,0.0,0.0,28,7554.0,7558.0,21,7554.0,7572.0,7576.0,7548.0,334.0,25243100.0,34492
2023-05-10 21:08:08,y2312,y2312,7556.0,0.0,0.0,0.0,52,7554.0,7558.0,6,7554.0,7572.0,7576.0,7548.0,334.0,25243100.0,34492
2023-05-10 21:08:08,y2312,y2312,7558.0,3.0,226740.0,0.0,2,7558.0,7560.0,30,7554.0,7572.0,7576.0,7548.0,337.0,25469840.0,34492
2023-05-10 21:08:09,y2312,y2312,7558.0,0.0,0.0,0.0,1,7558.0,7560.0,15,7554.0,7572.0,7576.0,7548.0,337.0,25469840.0,34492
2023-05-10 21:08:09,y2312,y2312,7558.0,2.0,151160.0,-2.0,10,7556.0,7560.0,25,7554.0,7572.0,7576.0,7548.0,339.0,25621000.0,34490
2023-05-10 21:08:10,y2312,y2312,7558.0,0.0,0.0,0.0,60,7554.0,7560.0,40,7554.0,7572.0,7576.0,7548.0,339.0,25621000.0,34490
2023-05-10 21:08:10,y2312,y2312,7558.0,0.0,0.0,0.0,60,7554.0,7560.0,60,7554.0,7572.0,7576.0,7548.0,339.0,25621000.0,34490
2023-05-10 21:08:11,y2312,y2312,7558.0,0.0,0.0,0.0,30,7554.0,7558.0,10,7554.0,7572.0,7576.0,7548.0,339.0,25621000.0,34490
2023-05-10 21:08:12,y2312,y2312,7558.0,0.0,0.0,0.0,16,7554.0,7558.0,25,7554.0,7572.0,7576.0,7548.0,339.0,25621000.0,34490
2023-05-10 21:08:12,y2312,y2312,7558.0,0.0,0.0,0.0,11,7554.0,7558.0,40,7554.0,7572.0,7576.0,7548.0,339.0,25621000.0,34490
2023-05-10 21:08:13,y2312,y2312,7558.0,0.0,0.0,0.0,70,7552.0,7558.0,50,7554.0,7572.0,7576.0,7548.0,339.0,25621000.0,34490
2023-05-10 21:08:13,y2312,y2312,7558.0,0.0,0.0,0.0,65,7552.0,7558.0,55,7554.0,7572.0,7576.0,7548.0,339.0,25621000.0,34490
2023-05-10 21:08:14,y2312,y2312,7558.0,0.0,0.0,0.0,70,7552.0,7558.0,55,7554.0,7572.0,7576.0,7548.0,339.0,25621000.0,34490
2023-05-10 21:08:15,y2312,y2312,7558.0,0.0,0.0,0.0,70,7552.0,7558.0,54,7554.0,7572.0,7576.0,7548.0,339.0,25621000.0,34490
2023-05-10 21:08:18,y2312,y2312,7558.0,0.0,0.0,0.0,11,7554.0,7558.0,20,7554.0,7572.0,7576.0,7548.0,339.0,25621000.0,34490
2023-05-10 21:08:18,y2312,y2312,7558.0,0.0,0.0,0.0,11,7554.0,7558.0,6,7554.0,7572.0,7576.0,7548.0,339.0,25621000.0,34490
2023-05-10 21:08:19,y2312,y2312,7558.0,0.0,0.0,0.0,11,7554.0,7560.0,69,7554.0,7572.0,7576.0,7548.0,339.0,25621000.0,34490
2023-05-10 21:08:19,y2312,y2312,7558.0,0.0,0.0,0.0,11,7554.0,7560.0,70,7554.0,7572.0,7576.0,7548.0,339.0,25621000.0,34490
2023-05-10 21:08:20,y2312,y2312,7558.0,0.0,0.0,0.0,21,7554.0,7560.0,70,7554.0,7572.0,7576.0,7548.0,339.0,25621000.0,34490
2023-05-10 21:08:20,y2312,y2312,7558.0,0.0,0.0,0.0,16,7554.0,7560.0,75,7554.0,7572.0,7576.0,7548.0,339.0,25621000.0,34490
2023-05-10 21:08:25,y2312,y2312,7558.0,0.0,0.0,0.0,15,7554.0,7560.0,65,7554.0,7572.0,7576.0,7548.0,339.0,25621000.0,34490
2023-05-10 21:08:25,y2312,y2312,7558.0,0.0,0.0,0.0,16,7554.0,7560.0,70,7554.0,7572.0,7576.0,7548.0,339.0,25621000.0,34490
2023-05-10 21:08:26,y2312,y2312,7558.0,0.0,0.0,0.0,31,7554.0,7560.0,59,7554.0,7572.0,7576.0,7548.0,339.0,25621000.0,34490
2023-05-10 21:08:27,y2312,y2312,7558.0,0.0,0.0,0.0,26,7554.0,7560.0,69,7554.0,7572.0,7576.0,7548.0,339.0,25621000.0,34490
2023-05-10 21:08:28,y2312,y2312,7558.0,0.0,0.0,0.0,26,7554.0,7560.0,74,7554.0,7572.0,7576.0,7548.0,339.0,25621000.0,34490
2023-05-10 21:08:29,y2312,y2312,7558.0,0.0,0.0,0.0,31,7554.0,7560.0,69,7554.0,7572.0,7576.0,7548.0,339.0,25621000.0,34490
2023-05-10 21:08:30,y2312,y2312,7558.0,0.0,0.0,0.0,50,7554.0,7560.0,69,7554.0,7572.0,7576.0,7548.0,339.0,25621000.0,34490
2023-05-10 21:08:30,y2312,y2312,7558.0,0.0,0.0,0.0,55,7554.0,7560.0,60,7554.0,7572.0,7576.0,7548.0,339.0,25621000.0,34490
2023-05-10 21:08:31,y2312,y2312,7558.0,0.0,0.0,0.0,55,7554.0,7560.0,69,7554.0,7572.0,7576.0,7548.0,339.0,25621000.0,34490
2023-05-10 21:08:32,y2312,y2312,7558.0,0.0,0.0,0.0,40,7554.0,7558.0,5,7554.0,7572.0,7576.0,7548.0,339.0,25621000.0,34490
2023-05-10 21:08:32,y2312,y2312,7558.0,0.0,0.0,0.0,40,7554.0,7558.0,16,7554.0,7572.0,7576.0,7548.0,339.0,25621000.0,34490
2023-05-10 21:08:33,y2312,y2312,7558.0,0.0,0.0,0.0,45,7554.0,7558.0,11,7554.0,7572.0,7576.0,7548.0,339.0,25621000.0,34490
2023-05-10 21:08:38,y2312,y2312,7558.0,0.0,0.0,0.0,45,7554.0,7560.0,66,7554.0,7572.0,7576.0,7548.0,339.0,25621000.0,34490
2023-05-10 21:08:39,y2312,y2312,7558.0,0.0,0.0,0.0,50,7554.0,7560.0,75,7554.0,7572.0,7576.0,7548.0,339.0,25621000.0,34490
2023-05-10 21:08:43,y2312,y2312,7558.0,0.0,0.0,0.0,50,7554.0,7560.0,74,7554.0,7572.0,7576.0,7548.0,339.0,25621000.0,34490
2023-05-10 21:08:43,y2312,y2312,7558.0,0.0,0.0,0.0,50,7554.0,7560.0,75,7554.0,7572.0,7576.0,7548.0,339.0,25621000.0,34490
2023-05-10 21:08:54,y2312,y2312,7554.0,3.0,226620.0,0.0,40,7554.0,7558.0,5,7554.0,7572.0,7576.0,7548.0,342.0,25847620.0,34490
2023-05-10 21:08:55,y2312,y2312,7554.0,0.0,0.0,0.0,45,7554.0,7558.0,6,7554.0,7572.0,7576.0,7548.0,342.0,25847620.0,34490
2023-05-10 21:08:55,y2312,y2312,7554.0,0.0,0.0,0.0,45,7554.0,7558.0,5,7554.0,7572.0,7576.0,7548.0,342.0,25847620.0,34490
2023-05-10 21:09:00,y2312,y2312,7554.0,0.0,0.0,0.0,50,7554.0,7558.0,5,7554.0,7572.0,7576.0,7548.0,342.0,25847620.0,34490
2023-05-10 21:09:00,y2312,y2312,7554.0,0.0,0.0,0.0,55,7554.0,7558.0,5,7554.0,7572.0,7576.0,7548.0,342.0,25847620.0,34490
2023-05-10 21:09:01,y2312,y2312,7554.0,0.0,0.0,0.0,60,7554.0,7558.0,5,7554.0,7572.0,7576.0,7548.0,342.0,25847620.0,34490
2023-05-10 21:09:02,y2312,y2312,7554.0,0.0,0.0,0.0,40,7554.0,7558.0,10,7554.0,7572.0,7576.0,7548.0,342.0,25847620.0,34490
2023-05-10 21:09:03,y2312,y2312,7554.0,0.0,0.0,0.0,40,7554.0,7558.0,16,7554.0,7572.0,7576.0,7548.0,342.0,25847620.0,34490
2023-05-10 21:09:03,y2312,y2312,7554.0,0.0,0.0,0.0,45,7554.0,7558.0,16,7554.0,7572.0,7576.0,7548.0,342.0,25847620.0,34490
2023-05-10 21:09:04,y2312,y2312,7554.0,0.0,0.0,0.0,45,7554.0,7558.0,11,7554.0,7572.0,7576.0,7548.0,342.0,25847620.0,34490
2023-05-10 21:09:05,y2312,y2312,7554.0,0.0,0.0,0.0,50,7554.0,7558.0,11,7554.0,7572.0,7576.0,7548.0,342.0,25847620.0,34490
2023-05-10 21:09:08,y2312,y2312,7554.0,0.0,0.0,0.0,25,7554.0,7556.0,5,7554.0,7572.0,7576.0,7548.0,342.0,25847620.0,34490
2023-05-10 21:09:08,y2312,y2312,7554.0,0.0,0.0,0.0,26,7554.0,7558.0,25,7554.0,7572.0,7576.0,7548.0,342.0,25847620.0,34490
2023-05-10 21:09:09,y2312,y2312,7554.0,0.0,0.0,0.0,21,7554.0,7556.0,5,7554.0,7572.0,7576.0,7548.0,342.0,25847620.0,34490
2023-05-10 21:09:09,y2312,y2312,7554.0,0.0,0.0,0.0,11,7554.0,7556.0,5,7554.0,7572.0,7576.0,7548.0,342.0,25847620.0,34490
2023-05-10 21:09:10,y2312,y2312,7554.0,0.0,0.0,0.0,70,7552.0,7556.0,5,7554.0,7572.0,7576.0,7548.0,342.0,25847620.0,34490
2023-05-10 21:09:11,y2312,y2312,7554.0,0.0,0.0,0.0,45,7552.0,7556.0,16,7554.0,7572.0,7576.0,7548.0,342.0,25847620.0,34490
2023-05-10 21:09:12,y2312,y2312,7554.0,0.0,0.0,0.0,40,7552.0,7556.0,25,7554.0,7572.0,7576.0,7548.0,342.0,25847620.0,34490
2023-05-10 21:09:14,y2312,y2312,7554.0,0.0,0.0,0.0,45,7552.0,7554.0,5,7554.0,7572.0,7576.0,7548.0,342.0,25847620.0,34490
2023-05-10 21:09:15,y2312,y2312,7554.0,0.0,0.0,0.0,26,7552.0,7554.0,5,7554.0,7572.0,7576.0,7548.0,342.0,25847620.0,34490
2023-05-10 21:09:15,y2312,y2312,7554.0,0.0,0.0,0.0,16,7552.0,7554.0,5,7554.0,7572.0,7576.0,7548.0,342.0,25847620.0,34490
2023-05-10 21:09:16,y2312,y2312,7554.0,0.0,0.0,0.0,11,7552.0,7554.0,5,7554.0,7572.0,7576.0,7548.0,342.0,25847620.0,34490
2023-05-10 21:09:17,y2312,y2312,7554.0,0.0,0.0,0.0,70,7550.0,7554.0,5,7554.0,7572.0,7576.0,7548.0,342.0,25847620.0,34490
2023-05-10 21:09:21,y2312,y2312,7554.0,0.0,0.0,0.0,65,7550.0,7554.0,5,7554.0,7572.0,7576.0,7548.0,342.0,25847620.0,34490
2023-05-10 21:09:26,y2312,y2312,7554.0,0.0,0.0,0.0,26,7550.0,7552.0,5,7554.0,7572.0,7576.0,7548.0,342.0,25847620.0,34490
2023-05-10 21:09:27,y2312,y2312,7554.0,0.0,0.0,0.0,6,7550.0,7552.0,5,7554.0,7572.0,7576.0,7548.0,342.0,25847620.0,34490
2023-05-10 21:09:27,y2312,y2312,7554.0,0.0,0.0,0.0,25,7548.0,7552.0,20,7554.0,7572.0,7576.0,7548.0,342.0,25847620.0,34490
2023-05-10 21:09:28,y2312,y2312,7554.0,0.0,0.0,0.0,40,7548.0,7552.0,11,7554.0,7572.0,7576.0,7548.0,342.0,25847620.0,34490
2023-05-10 21:09:28,y2312,y2312,7554.0,0.0,0.0,0.0,50,7548.0,7552.0,11,7554.0,7572.0,7576.0,7548.0,342.0,25847620.0,34490
2023-05-10 21:09:29,y2312,y2312,7554.0,0.0,0.0,0.0,25,7548.0,7552.0,26,7554.0,7572.0,7576.0,7548.0,342.0,25847620.0,34490
2023-05-10 21:09:29,y2312,y2312,7554.0,0.0,0.0,0.0,20,7548.0,7552.0,21,7554.0,7572.0,7576.0,7548.0,342.0,25847620.0,34490
2023-05-10 21:09:30,y2312,y2312,7554.0,0.0,0.0,0.0,21,7548.0,7552.0,21,7554.0,7572.0,7576.0,7548.0,342.0,25847620.0,34490
2023-05-10 21:09:30,y2312,y2312,7554.0,0.0,0.0,0.0,31,7548.0,7552.0,11,7554.0,7572.0,7576.0,7548.0,342.0,25847620.0,34490
2023-05-10 21:09:30,y2312,y2312,7554.0,0.0,0.0,0.0,40,7548.0,7552.0,11,7554.0,7572.0,7576.0,7548.0,342.0,25847620.0,34490
2023-05-10 21:09:31,y2312,y2312,7554.0,0.0,0.0,0.0,55,7548.0,7552.0,11,7554.0,7572.0,7576.0,7548.0,342.0,25847620.0,34490
2023-05-10 21:09:35,y2312,y2312,7554.0,0.0,0.0,0.0,60,7548.0,7552.0,11,7554.0,7572.0,7576.0,7548.0,342.0,25847620.0,34490
2023-05-10 21:09:36,y2312,y2312,7554.0,0.0,0.0,0.0,5,7550.0,7552.0,10,7554.0,7572.0,7576.0,7548.0,342.0,25847620.0,34490
2023-05-10 21:09:36,y2312,y2312,7552.0,1.0,75520.0,0.0,1,7552.0,7554.0,15,7554.0,7572.0,7576.0,7548.0,343.0,25923140.0,34490
2023-05-10 21:09:37,y2312,y2312,7552.0,0.0,0.0,0.0,11,7550.0,7554.0,15,7554.0,7572.0,7576.0,7548.0,343.0,25923140.0,34490
2023-05-10 21:09:37,y2312,y2312,7552.0,0.0,0.0,0.0,6,7550.0,7554.0,20,7554.0,7572.0,7576.0,7548.0,343.0,25923140.0,34490
2023-05-10 21:09:38,y2312,y2312,7552.0,0.0,0.0,0.0,1,7550.0,7554.0,20,7554.0,7572.0,7576.0,7548.0,343.0,25923140.0,34490
2023-05-10 21:09:38,y2312,y2312,7552.0,0.0,0.0,0.0,11,7550.0,7554.0,30,7554.0,7572.0,7576.0,7548.0,343.0,25923140.0,34490
2023-05-10 21:09:38,y2312,y2312,7552.0,0.0,0.0,0.0,16,7550.0,7554.0,30,7554.0,7572.0,7576.0,7548.0,343.0,25923140.0,34490
2023-05-10 21:09:39,y2312,y2312,7552.0,0.0,0.0,0.0,11,7550.0,7554.0,35,7554.0,7572.0,7576.0,7548.0,343.0,25923140.0,34490
2023-05-10 21:09:40,y2312,y2312,7552.0,0.0,0.0,0.0,1,7550.0,7552.0,5,7554.0,7572.0,7576.0,7548.0,343.0,25923140.0,34490
2023-05-10 21:09:40,y2312,y2312,7552.0,0.0,0.0,0.0,45,7548.0,7552.0,5,7554.0,7572.0,7576.0,7548.0,343.0,25923140.0,34490
2023-05-10 21:09:41,y2312,y2312,7552.0,0.0,0.0,0.0,35,7548.0,7552.0,5,7554.0,7572.0,7576.0,7548.0,343.0,25923140.0,34490
2023-05-10 21:09:41,y2312,y2312,7552.0,0.0,0.0,0.0,26,7548.0,7552.0,5,7554.0,7572.0,7576.0,7548.0,343.0,25923140.0,34490
2023-05-10 21:09:44,y2312,y2312,7552.0,0.0,0.0,0.0,40,7548.0,7552.0,5,7554.0,7572.0,7576.0,7548.0,343.0,25923140.0,34490
2023-05-10 21:09:44,y2312,y2312,7552.0,0.0,0.0,0.0,55,7548.0,7552.0,5,7554.0,7572.0,7576.0,7548.0,343.0,25923140.0,34490
2023-05-10 21:09:45,y2312,y2312,7552.0,0.0,0.0,0.0,6,7550.0,7554.0,40,7554.0,7572.0,7576.0,7548.0,343.0,25923140.0,34490
2023-05-10 21:09:45,y2312,y2312,7552.0,0.0,0.0,0.0,6,7550.0,7554.0,45,7554.0,7572.0,7576.0,7548.0,343.0,25923140.0,34490
2023-05-10 21:09:46,y2312,y2312,7552.0,0.0,0.0,0.0,6,7550.0,7554.0,55,7554.0,7572.0,7576.0,7548.0,343.0,25923140.0,34490
2023-05-10 21:09:47,y2312,y2312,7552.0,0.0,0.0,0.0,6,7550.0,7554.0,50,7554.0,7572.0,7576.0,7548.0,343.0,25923140.0,34490
2023-05-10 21:09:48,y2312,y2312,7552.0,0.0,0.0,0.0,6,7550.0,7554.0,55,7554.0,7572.0,7576.0,7548.0,343.0,25923140.0,34490
2023-05-10 21:09:48,y2312,y2312,7552.0,0.0,0.0,0.0,6,7550.0,7554.0,50,7554.0,7572.0,7576.0,7548.0,343.0,25923140.0,34490
2023-05-10 21:09:51,y2312,y2312,7552.0,0.0,0.0,0.0,6,7550.0,7554.0,55,7554.0,7572.0,7576.0,7548.0,343.0,25923140.0,34490
2023-05-10 21:09:56,y2312,y2312,7552.0,0.0,0.0,0.0,6,7550.0,7554.0,50,7554.0,7572.0,7576.0,7548.0,343.0,25923140.0,34490
2023-05-10 21:10:00,y2312,y2312,7552.0,0.0,0.0,0.0,6,7550.0,7554.0,55,7554.0,7572.0,7576.0,7548.0,343.0,25923140.0,34490
2023-05-10 21:10:03,y2312,y2312,7552.0,0.0,0.0,0.0,16,7550.0,7554.0,40,7554.0,7572.0,7576.0,7548.0,343.0,25923140.0,34490
2023-05-10 21:10:03,y2312,y2312,7552.0,0.0,0.0,0.0,21,7550.0,7554.0,35,7554.0,7572.0,7576.0,7548.0,343.0,25923140.0,34490
2023-05-10 21:10:04,y2312,y2312,7552.0,0.0,0.0,0.0,16,7550.0,7554.0,40,7554.0,7572.0,7576.0,7548.0,343.0,25923140.0,34490
2023-05-10 21:10:04,y2312,y2312,7552.0,0.0,0.0,0.0,16,7550.0,7554.0,35,7554.0,7572.0,7576.0,7548.0,343.0,25923140.0,34490
2023-05-10 21:10:05,y2312,y2312,7554.0,20.0,1510800.0,0.0,10,7554.0,7556.0,45,7554.0,7572.0,7576.0,7548.0,363.0,27433940.0,34490
2023-05-10 21:10:05,y2312,y2312,7558.0,23.0,1737940.0,10.0,6,7554.0,7556.0,5,7554.0,7572.0,7576.0,7548.0,386.0,29171880.0,34500
2023-05-10 21:10:06,y2312,y2312,7556.0,5.0,377800.0,5.0,6,7554.0,7558.0,22,7554.0,7572.0,7576.0,7548.0,391.0,29549680.0,34505
2023-05-10 21:10:06,y2312,y2312,7556.0,0.0,0.0,0.0,6,7554.0,7558.0,27,7554.0,7572.0,7576.0,7548.0,391.0,29549680.0,34505
2023-05-10 21:10:07,y2312,y2312,7556.0,0.0,0.0,0.0,6,7554.0,7558.0,45,7554.0,7572.0,7576.0,7548.0,391.0,29549680.0,34505
2023-05-10 21:10:08,y2312,y2312,7556.0,0.0,0.0,0.0,6,7554.0,7558.0,50,7554.0,7572.0,7576.0,7548.0,391.0,29549680.0,34505
2023-05-10 21:10:08,y2312,y2312,7556.0,0.0,0.0,0.0,6,7554.0,7558.0,55,7554.0,7572.0,7576.0,7548.0,391.0,29549680.0,34505
2023-05-10 21:10:12,y2312,y2312,7556.0,0.0,0.0,0.0,11,7554.0,7558.0,50,7554.0,7572.0,7576.0,7548.0,391.0,29549680.0,34505
2023-05-10 21:10:13,y2312,y2312,7556.0,0.0,0.0,0.0,26,7554.0,7558.0,25,7554.0,7572.0,7576.0,7548.0,391.0,29549680.0,34505
2023-05-10 21:10:14,y2312,y2312,7558.0,5.0,377900.0,0.0,5,7558.0,7560.0,50,7554.0,7572.0,7576.0,7548.0,396.0,29927580.0,34505
2023-05-10 21:10:14,y2312,y2312,7560.0,1.0,75600.0,0.0,5,7558.0,7560.0,26,7554.0,7572.0,7576.0,7548.0,397.0,30003180.0,34505
2023-05-10 21:10:15,y2312,y2312,7560.0,0.0,0.0,0.0,5,7558.0,7562.0,40,7554.0,7572.0,7576.0,7548.0,397.0,30003180.0,34505
2023-05-10 21:10:16,y2312,y2312,7558.0,5.0,377900.0,0.0,35,7556.0,7560.0,14,7554.0,7572.0,7576.0,7548.0,402.0,30381080.0,34505
2023-05-10 21:10:16,y2312,y2312,7558.0,0.0,0.0,0.0,36,7556.0,7560.0,6,7554.0,7572.0,7576.0,7548.0,402.0,30381080.0,34505
2023-05-10 21:10:17,y2312,y2312,7558.0,0.0,0.0,0.0,5,7558.0,7562.0,59,7554.0,7572.0,7576.0,7548.0,402.0,30381080.0,34505
2023-05-10 21:10:17,y2312,y2312,7558.0,0.0,0.0,0.0,5,7558.0,7562.0,54,7554.0,7572.0,7576.0,7548.0,402.0,30381080.0,34505
2023-05-10 21:10:18,y2312,y2312,7558.0,0.0,0.0,0.0,5,7558.0,7562.0,49,7554.0,7572.0,7576.0,7548.0,402.0,30381080.0,34505
2023-05-10 21:10:19,y2312,y2312,7558.0,0.0,0.0,0.0,5,7558.0,7562.0,54,7554.0,7572.0,7576.0,7548.0,402.0,30381080.0,34505
2023-05-10 21:10:21,y2312,y2312,7558.0,0.0,0.0,0.0,60,7556.0,7562.0,59,7554.0,7572.0,7576.0,7548.0,402.0,30381080.0,34505
2023-05-10 21:10:21,y2312,y2312,7558.0,0.0,0.0,0.0,65,7556.0,7562.0,64,7554.0,7572.0,7576.0,7548.0,402.0,30381080.0,34505
2023-05-10 21:10:22,y2312,y2312,7558.0,0.0,0.0,0.0,5,7558.0,7562.0,55,7554.0,7572.0,7576.0,7548.0,402.0,30381080.0,34505
2023-05-10 21:10:23,y2312,y2312,7558.0,0.0,0.0,0.0,65,7556.0,7562.0,60,7554.0,7572.0,7576.0,7548.0,402.0,30381080.0,34505
2023-05-10 21:10:23,y2312,y2312,7558.0,0.0,0.0,0.0,60,7556.0,7562.0,60,7554.0,7572.0,7576.0,7548.0,402.0,30381080.0,34505
2023-05-10 21:10:24,y2312,y2312,7558.0,0.0,0.0,0.0,5,7558.0,7562.0,55,7554.0,7572.0,7576.0,7548.0,402.0,30381080.0,34505
2023-05-10 21:10:25,y2312,y2312,7558.0,0.0,0.0,0.0,5,7558.0,7562.0,50,7554.0,7572.0,7576.0,7548.0,402.0,30381080.0,34505
2023-05-10 21:10:25,y2312,y2312,7558.0,0.0,0.0,0.0,15,7558.0,7562.0,31,7554.0,7572.0,7576.0,7548.0,402.0,30381080.0,34505
2023-05-10 21:10:26,y2312,y2312,7558.0,0.0,0.0,0.0,11,7558.0,7562.0,40,7554.0,7572.0,7576.0,7548.0,402.0,30381080.0,34505
2023-05-10 21:10:26,y2312,y2312,7558.0,0.0,0.0,0.0,6,7558.0,7562.0,55,7554.0,7572.0,7576.0,7548.0,402.0,30381080.0,34505
2023-05-10 21:10:27,y2312,y2312,7558.0,0.0,0.0,0.0,60,7556.0,7562.0,65,7554.0,7572.0,7576.0,7548.0,402.0,30381080.0,34505
2023-05-10 21:10:29,y2312,y2312,7558.0,0.0,0.0,0.0,65,7556.0,7562.0,60,7554.0,7572.0,7576.0,7548.0,402.0,30381080.0,34505
2023-05-10 21:10:29,y2312,y2312,7558.0,0.0,0.0,0.0,60,7556.0,7562.0,55,7554.0,7572.0,7576.0,7548.0,402.0,30381080.0,34505
2023-05-10 21:10:31,y2312,y2312,7558.0,0.0,0.0,0.0,7,7558.0,7562.0,50,7554.0,7572.0,7576.0,7548.0,402.0,30381080.0,34505
2023-05-10 21:10:32,y2312,y2312,7558.0,0.0,0.0,0.0,7,7558.0,7562.0,55,7554.0,7572.0,7576.0,7548.0,402.0,30381080.0,34505
2023-05-10 21:10:33,y2312,y2312,7558.0,0.0,0.0,0.0,18,7558.0,7562.0,35,7554.0,7572.0,7576.0,7548.0,402.0,30381080.0,34505
2023-05-10 21:10:33,y2312,y2312,7558.0,0.0,0.0,0.0,18,7558.0,7562.0,21,7554.0,7572.0,7576.0,7548.0,402.0,30381080.0,34505
2023-05-10 21:10:35,y2312,y2312,7558.0,0.0,0.0,0.0,17,7558.0,7562.0,15,7554.0,7572.0,7576.0,7548.0,402.0,30381080.0,34505
2023-05-10 21:10:35,y2312,y2312,7558.0,0.0,0.0,0.0,23,7558.0,7562.0,11,7554.0,7572.0,7576.0,7548.0,402.0,30381080.0,34505
2023-05-10 21:10:36,y2312,y2312,7558.0,0.0,0.0,0.0,38,7558.0,7564.0,55,7554.0,7572.0,7576.0,7548.0,402.0,30381080.0,34505
2023-05-10 21:10:36,y2312,y2312,7558.0,0.0,0.0,0.0,42,7558.0,7564.0,69,7554.0,7572.0,7576.0,7548.0,402.0,30381080.0,34505
2023-05-10 21:10:36,y2312,y2312,7558.0,0.0,0.0,0.0,47,7558.0,7564.0,69,7554.0,7572.0,7576.0,7548.0,402.0,30381080.0,34505
2023-05-10 21:10:37,y2312,y2312,7558.0,0.0,0.0,0.0,62,7558.0,7564.0,69,7554.0,7572.0,7576.0,7548.0,402.0,30381080.0,34505
2023-05-10 21:10:39,y2312,y2312,7558.0,0.0,0.0,0.0,67,7558.0,7564.0,64,7554.0,7572.0,7576.0,7548.0,402.0,30381080.0,34505
2023-05-10 21:10:41,y2312,y2312,7558.0,0.0,0.0,0.0,67,7558.0,7564.0,59,7554.0,7572.0,7576.0,7548.0,402.0,30381080.0,34505
2023-05-10 21:10:44,y2312,y2312,7558.0,0.0,0.0,0.0,62,7558.0,7564.0,69,7554.0,7572.0,7576.0,7548.0,402.0,30381080.0,34505
2023-05-10 21:10:45,y2312,y2312,7558.0,0.0,0.0,0.0,52,7558.0,7564.0,74,7554.0,7572.0,7576.0,7548.0,402.0,30381080.0,34505
2023-05-10 21:10:45,y2312,y2312,7558.0,0.0,0.0,0.0,52,7558.0,7564.0,76,7554.0,7572.0,7576.0,7548.0,402.0,30381080.0,34505
2023-05-10 21:10:47,y2312,y2312,7558.0,0.0,0.0,0.0,20,7558.0,7560.0,4,7554.0,7572.0,7576.0,7548.0,402.0,30381080.0,34505
2023-05-10 21:10:48,y2312,y2312,7558.0,0.0,0.0,0.0,50,7556.0,7560.0,4,7554.0,7572.0,7576.0,7548.0,402.0,30381080.0,34505
2023-05-10 21:10:48,y2312,y2312,7558.0,0.0,0.0,0.0,50,7556.0,7562.0,72,7554.0,7572.0,7576.0,7548.0,402.0,30381080.0,34505
2023-05-10 21:10:48,y2312,y2312,7558.0,0.0,0.0,0.0,55,7556.0,7562.0,76,7554.0,7572.0,7576.0,7548.0,402.0,30381080.0,34505
2023-05-10 21:10:50,y2312,y2312,7558.0,0.0,0.0,0.0,60,7556.0,7562.0,76,7554.0,7572.0,7576.0,7548.0,402.0,30381080.0,34505
2023-05-10 21:10:54,y2312,y2312,7558.0,0.0,0.0,0.0,25,7556.0,7560.0,25,7554.0,7572.0,7576.0,7548.0,402.0,30381080.0,34505
2023-05-10 21:10:55,y2312,y2312,7558.0,0.0,0.0,0.0,16,7556.0,7560.0,30,7554.0,7572.0,7576.0,7548.0,402.0,30381080.0,34505
2023-05-10 21:10:55,y2312,y2312,7558.0,0.0,0.0,0.0,11,7556.0,7560.0,49,7554.0,7572.0,7576.0,7548.0,402.0,30381080.0,34505
2023-05-10 21:10:56,y2312,y2312,7558.0,0.0,0.0,0.0,21,7556.0,7560.0,30,7554.0,7572.0,7576.0,7548.0,402.0,30381080.0,34505
2023-05-10 21:10:56,y2312,y2312,7558.0,0.0,0.0,0.0,16,7556.0,7560.0,21,7554.0,7572.0,7576.0,7548.0,402.0,30381080.0,34505
2023-05-10 21:10:57,y2312,y2312,7558.0,0.0,0.0,0.0,11,7556.0,7560.0,21,7554.0,7572.0,7576.0,7548.0,402.0,30381080.0,34505
2023-05-10 21:10:58,y2312,y2312,7558.0,0.0,0.0,0.0,11,7556.0,7560.0,26,7554.0,7572.0,7576.0,7548.0,402.0,30381080.0,34505
2023-05-10 21:11:00,y2312,y2312,7558.0,0.0,0.0,0.0,16,7556.0,7560.0,35,7554.0,7572.0,7576.0,7548.0,402.0,30381080.0,34505
2023-05-10 21:11:01,y2312,y2312,7558.0,0.0,0.0,0.0,16,7556.0,7560.0,45,7554.0,7572.0,7576.0,7548.0,402.0,30381080.0,34505
2023-05-10 21:11:01,y2312,y2312,7558.0,0.0,0.0,0.0,16,7556.0,7560.0,55,7554.0,7572.0,7576.0,7548.0,402.0,30381080.0,34505
2023-05-10 21:11:02,y2312,y2312,7558.0,0.0,0.0,0.0,6,7556.0,7560.0,74,7554.0,7572.0,7576.0,7548.0,402.0,30381080.0,34505
2023-05-10 21:11:02,y2312,y2312,7558.0,0.0,0.0,0.0,20,7556.0,7560.0,45,7554.0,7572.0,7576.0,7548.0,402.0,30381080.0,34505
2023-05-10 21:11:03,y2312,y2312,7558.0,0.0,0.0,0.0,16,7556.0,7560.0,40,7554.0,7572.0,7576.0,7548.0,402.0,30381080.0,34505
2023-05-10 21:11:03,y2312,y2312,7558.0,0.0,0.0,0.0,16,7556.0,7560.0,50,7554.0,7572.0,7576.0,7548.0,402.0,30381080.0,34505
2023-05-10 21:11:04,y2312,y2312,7558.0,0.0,0.0,0.0,16,7556.0,7560.0,55,7554.0,7572.0,7576.0,7548.0,402.0,30381080.0,34505
2023-05-10 21:11:06,y2312,y2312,7558.0,0.0,0.0,0.0,5,7558.0,7560.0,26,7554.0,7572.0,7576.0,7548.0,402.0,30381080.0,34505
2023-05-10 21:11:06,y2312,y2312,7558.0,0.0,0.0,0.0,11,7558.0,7560.0,11,7554.0,7572.0,7576.0,7548.0,402.0,30381080.0,34505
2023-05-10 21:11:07,y2312,y2312,7558.0,0.0,0.0,0.0,16,7558.0,7560.0,11,7554.0,7572.0,7576.0,7548.0,402.0,30381080.0,34505
2023-05-10 21:11:11,y2312,y2312,7558.0,0.0,0.0,0.0,11,7558.0,7560.0,6,7554.0,7572.0,7576.0,7548.0,402.0,30381080.0,34505
2023-05-10 21:11:12,y2312,y2312,7558.0,0.0,0.0,0.0,11,7558.0,7562.0,45,7554.0,7572.0,7576.0,7548.0,402.0,30381080.0,34505
2023-05-10 21:11:13,y2312,y2312,7558.0,0.0,0.0,0.0,45,7556.0,7562.0,69,7554.0,7572.0,7576.0,7548.0,402.0,30381080.0,34505
2023-05-10 21:11:14,y2312,y2312,7558.0,0.0,0.0,0.0,40,7556.0,7562.0,85,7554.0,7572.0,7576.0,7548.0,402.0,30381080.0,34505
2023-05-10 21:11:15,y2312,y2312,7558.0,0.0,0.0,0.0,50,7556.0,7562.0,85,7554.0,7572.0,7576.0,7548.0,402.0,30381080.0,34505
2023-05-10 21:11:15,y2312,y2312,7558.0,0.0,0.0,0.0,55,7556.0,7562.0,85,7554.0,7572.0,7576.0,7548.0,402.0,30381080.0,34505
2023-05-10 21:11:16,y2312,y2312,7558.0,0.0,0.0,0.0,20,7556.0,7560.0,36,7554.0,7572.0,7576.0,7548.0,402.0,30381080.0,34505
2023-05-10 21:11:17,y2312,y2312,7558.0,0.0,0.0,0.0,65,7554.0,7560.0,67,7554.0,7572.0,7576.0,7548.0,402.0,30381080.0,34505
