time,symbol_id,symbol_name,last,trade_volume,trade_amount,open_interest_change,bv1,bp1,ap1,av1,yesterday_close,today_open,today_high,today_low,volume,amount,open_interest
2023-05-10 20:58:57,p2312,p2312,6992.0,0.0,0.0,0.0,7,6962.0,7022.0,5,6992.0,7002.0,0.0,0.0,0.0,0.0,11487
2023-05-10 21:00:00,p2312,p2312,6992.0,0.0,0.0,0.0,4,6964.0,7020.0,4,6992.0,7002.0,0.0,0.0,0.0,0.0,11487
2023-05-10 21:00:00,p2312,p2312,6992.0,0.0,0.0,0.0,6,6984.0,7008.0,3,6992.0,7002.0,0.0,0.0,0.0,0.0,11487
2023-05-10 21:00:01,p2312,p2312,6992.0,0.0,0.0,0.0,8,6984.0,7008.0,3,6992.0,7002.0,0.0,0.0,0.0,0.0,11487
2023-05-10 21:00:01,p2312,p2312,6992.0,0.0,0.0,0.0,2,6996.0,7022.0,5,6992.0,7002.0,0.0,0.0,0.0,0.0,11487
2023-05-10 21:00:02,p2312,p2312,6992.0,0.0,0.0,0.0,2,6998.0,7006.0,3,6992.0,7002.0,0.0,0.0,0.0,0.0,11487
2023-05-10 21:00:02,p2312,p2312,6992.0,0.0,0.0,0.0,1,7000.0,7010.0,1,6992.0,7002.0,0.0,0.0,0.0,0.0,11487
2023-05-10 21:00:03,p2312,p2312,6992.0,0.0,0.0,0.0,1,7000.0,7006.0,3,6992.0,7002.0,0.0,0.0,0.0,0.0,11487
2023-05-10 21:00:03,p2312,p2312,7002.0,3.0,210060.0,0.0,1,6996.0,7002.0,1,6992.0,7002.0,7002.0,7002.0,3.0,210060.0,11487
2023-05-10 21:00:04,p2312,p2312,7002.0,2.0,140040.0,0.0,1,7004.0,7014.0,1,6992.0,7002.0,7002.0,7002.0,5.0,350100.0,11487
2023-05-10 21:00:04,p2312,p2312,7002.0,6.0,420200.0,2.0,1,7004.0,7010.0,1,6992.0,7002.0,7004.0,7002.0,11.0,770300.0,11489
2023-05-10 21:00:05,p2312,p2312,7002.0,1.0,70020.0,-1.0,1,6998.0,7008.0,1,6992.0,7002.0,7004.0,7002.0,12.0,840320.0,11488
2023-05-10 21:00:05,p2312,p2312,7002.0,0.0,0.0,0.0,3,7004.0,7008.0,1,6992.0,7002.0,7004.0,7002.0,12.0,840320.0,11488
2023-05-10 21:00:06,p2312,p2312,7002.0,0.0,0.0,0.0,3,7004.0,7012.0,6,6992.0,7002.0,7004.0,7002.0,12.0,840320.0,11488
2023-05-10 21:00:07,p2312,p2312,7002.0,0.0,0.0,0.0,3,7004.0,7012.0,4,6992.0,7002.0,7004.0,7002.0,12.0,840320.0,11488
2023-05-10 21:00:07,p2312,p2312,7004.0,3.0,210120.0,-2.0,1,7006.0,7012.0,7,6992.0,7002.0,7004.0,7002.0,15.0,1050440.0,11486
2023-05-10 21:00:08,p2312,p2312,7004.0,0.0,0.0,0.0,2,7006.0,7012.0,6,6992.0,7002.0,7004.0,7002.0,15.0,1050440.0,11486
2023-05-10 21:00:08,p2312,p2312,7006.0,2.0,140120.0,2.0,1,7000.0,7014.0,3,6992.0,7002.0,7006.0,7002.0,17.0,1190560.0,11488
2023-05-10 21:00:09,p2312,p2312,7006.0,0.0,0.0,0.0,1,7000.0,7014.0,5,6992.0,7002.0,7006.0,7002.0,17.0,1190560.0,11488
2023-05-10 21:00:09,p2312,p2312,7006.0,0.0,0.0,0.0,1,7000.0,7014.0,3,6992.0,7002.0,7006.0,7002.0,17.0,1190560.0,11488
2023-05-10 21:00:10,p2312,p2312,7006.0,0.0,0.0,0.0,1,7000.0,7014.0,5,6992.0,7002.0,7006.0,7002.0,17.0,1190560.0,11488
2023-05-10 21:00:11,p2312,p2312,7006.0,0.0,0.0,0.0,1,7000.0,7012.0,6,6992.0,7002.0,7006.0,7002.0,17.0,1190560.0,11488
2023-05-10 21:00:11,p2312,p2312,7006.0,0.0,0.0,0.0,2,7000.0,7006.0,2,6992.0,7002.0,7006.0,7002.0,17.0,1190560.0,11488
2023-05-10 21:00:12,p2312,p2312,7006.0,0.0,0.0,0.0,2,7002.0,7008.0,2,6992.0,7002.0,7006.0,7002.0,17.0,1190560.0,11488
2023-05-10 21:00:12,p2312,p2312,7006.0,0.0,0.0,0.0,2,7004.0,7010.0,4,6992.0,7002.0,7006.0,7002.0,17.0,1190560.0,11488
2023-05-10 21:00:13,p2312,p2312,7006.0,0.0,0.0,0.0,2,7004.0,7012.0,7,6992.0,7002.0,7006.0,7002.0,17.0,1190560.0,11488
2023-05-10 21:00:13,p2312,p2312,7006.0,0.0,0.0,0.0,2,7004.0,7010.0,2,6992.0,7002.0,7006.0,7002.0,17.0,1190560.0,11488
2023-05-10 21:00:14,p2312,p2312,7006.0,0.0,0.0,0.0,2,7002.0,7008.0,2,6992.0,7002.0,7006.0,7002.0,17.0,1190560.0,11488
2023-05-10 21:00:15,p2312,p2312,7006.0,0.0,0.0,0.0,3,7002.0,7006.0,1,6992.0,7002.0,7006.0,7002.0,17.0,1190560.0,11488
2023-05-10 21:00:16,p2312,p2312,7006.0,0.0,0.0,0.0,1,7002.0,7006.0,3,6992.0,7002.0,7006.0,7002.0,17.0,1190560.0,11488
2023-05-10 21:00:16,p2312,p2312,7006.0,0.0,0.0,0.0,3,7000.0,7006.0,1,6992.0,7002.0,7006.0,7002.0,17.0,1190560.0,11488
2023-05-10 21:00:17,p2312,p2312,7006.0,0.0,0.0,0.0,1,7002.0,7006.0,1,6992.0,7002.0,7006.0,7002.0,17.0,1190560.0,11488
2023-05-10 21:00:17,p2312,p2312,7006.0,0.0,0.0,0.0,3,7002.0,7006.0,1,6992.0,7002.0,7006.0,7002.0,17.0,1190560.0,11488
2023-05-10 21:00:18,p2312,p2312,7006.0,0.0,0.0,0.0,3,7000.0,7006.0,3,6992.0,7002.0,7006.0,7002.0,17.0,1190560.0,11488
2023-05-10 21:00:20,p2312,p2312,7006.0,0.0,0.0,0.0,2,7002.0,7006.0,1,6992.0,7002.0,7006.0,7002.0,17.0,1190560.0,11488
2023-05-10 21:00:21,p2312,p2312,7006.0,0.0,0.0,0.0,1,7002.0,7006.0,1,6992.0,7002.0,7006.0,7002.0,17.0,1190560.0,11488
2023-05-10 21:00:22,p2312,p2312,7006.0,0.0,0.0,0.0,3,7000.0,7006.0,3,6992.0,7002.0,7006.0,7002.0,17.0,1190560.0,11488
2023-05-10 21:00:23,p2312,p2312,7006.0,0.0,0.0,0.0,3,7000.0,7004.0,1,6992.0,7002.0,7006.0,7002.0,17.0,1190560.0,11488
2023-05-10 21:00:23,p2312,p2312,7006.0,0.0,0.0,0.0,3,6998.0,7004.0,1,6992.0,7002.0,7006.0,7002.0,17.0,1190560.0,11488
2023-05-10 21:00:24,p2312,p2312,7006.0,0.0,0.0,0.0,3,7000.0,7006.0,5,6992.0,7002.0,7006.0,7002.0,17.0,1190560.0,11488
2023-05-10 21:00:24,p2312,p2312,7006.0,0.0,0.0,0.0,3,7000.0,7006.0,6,6992.0,7002.0,7006.0,7002.0,17.0,1190560.0,11488
2023-05-10 21:00:25,p2312,p2312,7006.0,0.0,0.0,0.0,2,7000.0,7004.0,1,6992.0,7002.0,7006.0,7002.0,17.0,1190560.0,11488
2023-05-10 21:00:25,p2312,p2312,7006.0,0.0,0.0,0.0,3,7000.0,7006.0,6,6992.0,7002.0,7006.0,7002.0,17.0,1190560.0,11488
2023-05-10 21:00:26,p2312,p2312,7006.0,0.0,0.0,0.0,2,7002.0,7006.0,1,6992.0,7002.0,7006.0,7002.0,17.0,1190560.0,11488
2023-05-10 21:00:27,p2312,p2312,7006.0,0.0,0.0,0.0,1,7006.0,7008.0,3,6992.0,7002.0,7006.0,7002.0,17.0,1190560.0,11488
2023-05-10 21:00:27,p2312,p2312,7006.0,0.0,0.0,0.0,1,7006.0,7010.0,5,6992.0,7002.0,7006.0,7002.0,17.0,1190560.0,11488
2023-05-10 21:00:28,p2312,p2312,7006.0,0.0,0.0,0.0,3,7006.0,7010.0,3,6992.0,7002.0,7006.0,7002.0,17.0,1190560.0,11488
2023-05-10 21:00:28,p2312,p2312,7006.0,0.0,0.0,0.0,4,7006.0,7010.0,1,6992.0,7002.0,7006.0,7002.0,17.0,1190560.0,11488
2023-05-10 21:00:29,p2312,p2312,7006.0,0.0,0.0,0.0,2,7006.0,7010.0,1,6992.0,7002.0,7006.0,7002.0,17.0,1190560.0,11488
2023-05-10 21:00:30,p2312,p2312,7006.0,0.0,0.0,0.0,1,7006.0,7010.0,6,6992.0,7002.0,7006.0,7002.0,17.0,1190560.0,11488
2023-05-10 21:00:30,p2312,p2312,7006.0,1.0,70060.0,-1.0,3,7004.0,7010.0,6,6992.0,7002.0,7006.0,7002.0,18.0,1260620.0,11487
2023-05-10 21:00:31,p2312,p2312,7006.0,0.0,0.0,0.0,2,7004.0,7008.0,3,6992.0,7002.0,7006.0,7002.0,18.0,1260620.0,11487
2023-05-10 21:00:32,p2312,p2312,7004.0,1.0,70040.0,-1.0,3,7002.0,7006.0,3,6992.0,7002.0,7006.0,7002.0,19.0,1330660.0,11486
2023-05-10 21:00:32,p2312,p2312,7004.0,0.0,0.0,0.0,3,7000.0,7006.0,6,6992.0,7002.0,7006.0,7002.0,19.0,1330660.0,11486
2023-05-10 21:00:33,p2312,p2312,7004.0,0.0,0.0,0.0,3,7000.0,7004.0,1,6992.0,7002.0,7006.0,7002.0,19.0,1330660.0,11486
2023-05-10 21:00:33,p2312,p2312,7004.0,0.0,0.0,0.0,2,7000.0,7004.0,3,6992.0,7002.0,7006.0,7002.0,19.0,1330660.0,11486
2023-05-10 21:00:34,p2312,p2312,7004.0,0.0,0.0,0.0,3,7000.0,7004.0,3,6992.0,7002.0,7006.0,7002.0,19.0,1330660.0,11486
2023-05-10 21:00:35,p2312,p2312,7004.0,0.0,0.0,0.0,1,7000.0,7004.0,3,6992.0,7002.0,7006.0,7002.0,19.0,1330660.0,11486
2023-05-10 21:00:36,p2312,p2312,7004.0,2.0,140080.0,0.0,3,7000.0,7006.0,3,6992.0,7002.0,7006.0,7002.0,21.0,1470740.0,11486
2023-05-10 21:00:38,p2312,p2312,7004.0,0.0,0.0,0.0,2,7000.0,7004.0,1,6992.0,7002.0,7006.0,7002.0,21.0,1470740.0,11486
2023-05-10 21:00:38,p2312,p2312,7004.0,0.0,0.0,0.0,3,6998.0,7004.0,3,6992.0,7002.0,7006.0,7002.0,21.0,1470740.0,11486
2023-05-10 21:00:40,p2312,p2312,7004.0,0.0,0.0,0.0,3,6996.0,7002.0,3,6992.0,7002.0,7006.0,7002.0,21.0,1470740.0,11486
2023-05-10 21:00:41,p2312,p2312,7004.0,0.0,0.0,0.0,3,6998.0,7002.0,1,6992.0,7002.0,7006.0,7002.0,21.0,1470740.0,11486
2023-05-10 21:00:42,p2312,p2312,7004.0,0.0,0.0,0.0,3,6998.0,7004.0,3,6992.0,7002.0,7006.0,7002.0,21.0,1470740.0,11486
2023-05-10 21:00:42,p2312,p2312,7004.0,0.0,0.0,0.0,3,6998.0,7004.0,6,6992.0,7002.0,7006.0,7002.0,21.0,1470740.0,11486
2023-05-10 21:00:44,p2312,p2312,7004.0,0.0,0.0,0.0,3,6998.0,7002.0,1,6992.0,7002.0,7006.0,7002.0,21.0,1470740.0,11486
2023-05-10 21:00:45,p2312,p2312,7002.0,1.0,70020.0,0.0,3,6998.0,7004.0,5,6992.0,7002.0,7006.0,7002.0,22.0,1540760.0,11486
2023-05-10 21:00:45,p2312,p2312,7002.0,0.0,0.0,0.0,1,7000.0,7004.0,1,6992.0,7002.0,7006.0,7002.0,22.0,1540760.0,11486
2023-05-10 21:00:46,p2312,p2312,7004.0,1.0,70040.0,0.0,3,7000.0,7004.0,1,6992.0,7002.0,7006.0,7002.0,23.0,1610800.0,11486
2023-05-10 21:00:46,p2312,p2312,7004.0,0.0,0.0,0.0,1,7000.0,7004.0,1,6992.0,7002.0,7006.0,7002.0,23.0,1610800.0,11486
2023-05-10 21:00:47,p2312,p2312,7004.0,0.0,0.0,0.0,4,6998.0,7004.0,1,6992.0,7002.0,7006.0,7002.0,23.0,1610800.0,11486
2023-05-10 21:00:47,p2312,p2312,7004.0,0.0,0.0,0.0,3,6998.0,7004.0,3,6992.0,7002.0,7006.0,7002.0,23.0,1610800.0,11486
2023-05-10 21:00:48,p2312,p2312,7004.0,0.0,0.0,0.0,1,6998.0,7002.0,2,6992.0,7002.0,7006.0,7002.0,23.0,1610800.0,11486
2023-05-10 21:00:48,p2312,p2312,7004.0,0.0,0.0,0.0,3,6998.0,7004.0,4,6992.0,7002.0,7006.0,7002.0,23.0,1610800.0,11486
2023-05-10 21:00:49,p2312,p2312,7004.0,0.0,0.0,0.0,3,6998.0,7004.0,3,6992.0,7002.0,7006.0,7002.0,23.0,1610800.0,11486
2023-05-10 21:00:50,p2312,p2312,7004.0,0.0,0.0,0.0,3,6996.0,7002.0,3,6992.0,7002.0,7006.0,7002.0,23.0,1610800.0,11486
2023-05-10 21:00:51,p2312,p2312,7004.0,0.0,0.0,0.0,4,6994.0,7000.0,3,6992.0,7002.0,7006.0,7002.0,23.0,1610800.0,11486
2023-05-10 21:00:52,p2312,p2312,7004.0,0.0,0.0,0.0,3,6994.0,7000.0,3,6992.0,7002.0,7006.0,7002.0,23.0,1610800.0,11486
2023-05-10 21:00:53,p2312,p2312,7004.0,0.0,0.0,0.0,3,6994.0,7000.0,1,6992.0,7002.0,7006.0,7002.0,23.0,1610800.0,11486
2023-05-10 21:00:53,p2312,p2312,7004.0,0.0,0.0,0.0,3,6994.0,7000.0,3,6992.0,7002.0,7006.0,7002.0,23.0,1610800.0,11486
2023-05-10 21:00:54,p2312,p2312,7004.0,0.0,0.0,0.0,1,6994.0,7000.0,3,6992.0,7002.0,7006.0,7002.0,23.0,1610800.0,11486
2023-05-10 21:00:54,p2312,p2312,7004.0,0.0,0.0,0.0,3,6994.0,6998.0,1,6992.0,7002.0,7006.0,7002.0,23.0,1610800.0,11486
2023-05-10 21:00:55,p2312,p2312,7004.0,0.0,0.0,0.0,3,6992.0,6998.0,3,6992.0,7002.0,7006.0,7002.0,23.0,1610800.0,11486
2023-05-10 21:00:57,p2312,p2312,7004.0,0.0,0.0,0.0,4,6990.0,6996.0,3,6992.0,7002.0,7006.0,7002.0,23.0,1610800.0,11486
2023-05-10 21:00:57,p2312,p2312,7004.0,0.0,0.0,0.0,3,6990.0,6996.0,1,6992.0,7002.0,7006.0,7002.0,23.0,1610800.0,11486
2023-05-10 21:00:58,p2312,p2312,7004.0,0.0,0.0,0.0,1,6990.0,6996.0,3,6992.0,7002.0,7006.0,7002.0,23.0,1610800.0,11486
2023-05-10 21:00:58,p2312,p2312,7004.0,0.0,0.0,0.0,1,6990.0,6994.0,3,6992.0,7002.0,7006.0,7002.0,23.0,1610800.0,11486
2023-05-10 21:00:59,p2312,p2312,7004.0,0.0,0.0,0.0,3,6988.0,6994.0,5,6992.0,7002.0,7006.0,7002.0,23.0,1610800.0,11486
2023-05-10 21:00:59,p2312,p2312,7004.0,0.0,0.0,0.0,1,6988.0,6994.0,6,6992.0,7002.0,7006.0,7002.0,23.0,1610800.0,11486
2023-05-10 21:01:00,p2312,p2312,7004.0,0.0,0.0,0.0,4,6988.0,6994.0,4,6992.0,7002.0,7006.0,7002.0,23.0,1610800.0,11486
2023-05-10 21:01:00,p2312,p2312,6994.0,4.0,279760.0,-2.0,2,6990.0,6998.0,6,6992.0,7002.0,7006.0,6994.0,27.0,1890560.0,11484
2023-05-10 21:01:01,p2312,p2312,6994.0,0.0,0.0,0.0,2,6990.0,6998.0,1,6992.0,7002.0,7006.0,6994.0,27.0,1890560.0,11484
2023-05-10 21:01:01,p2312,p2312,6994.0,0.0,0.0,0.0,2,6992.0,7002.0,1,6992.0,7002.0,7006.0,6994.0,27.0,1890560.0,11484
2023-05-10 21:01:02,p2312,p2312,6994.0,0.0,0.0,0.0,3,6992.0,6998.0,5,6992.0,7002.0,7006.0,6994.0,27.0,1890560.0,11484
2023-05-10 21:01:02,p2312,p2312,6994.0,0.0,0.0,0.0,2,6992.0,6998.0,5,6992.0,7002.0,7006.0,6994.0,27.0,1890560.0,11484
2023-05-10 21:01:03,p2312,p2312,6994.0,0.0,0.0,0.0,2,6992.0,6996.0,2,6992.0,7002.0,7006.0,6994.0,27.0,1890560.0,11484
2023-05-10 21:01:03,p2312,p2312,6994.0,0.0,0.0,0.0,2,6988.0,6990.0,2,6992.0,7002.0,7006.0,6994.0,27.0,1890560.0,11484
2023-05-10 21:01:04,p2312,p2312,6990.0,2.0,139800.0,2.0,2,6988.0,6994.0,3,6992.0,7002.0,7006.0,6990.0,29.0,2030360.0,11486
2023-05-10 21:01:04,p2312,p2312,6990.0,0.0,0.0,0.0,1,6988.0,6992.0,3,6992.0,7002.0,7006.0,6990.0,29.0,2030360.0,11486
2023-05-10 21:01:05,p2312,p2312,6990.0,0.0,0.0,0.0,3,6986.0,6990.0,1,6992.0,7002.0,7006.0,6990.0,29.0,2030360.0,11486
2023-05-10 21:01:05,p2312,p2312,6986.0,2.0,139720.0,0.0,1,6986.0,6990.0,4,6992.0,7002.0,7006.0,6986.0,31.0,2170080.0,11486
2023-05-10 21:01:06,p2312,p2312,6990.0,3.0,209700.0,0.0,3,6988.0,6994.0,6,6992.0,7002.0,7006.0,6986.0,34.0,2379780.0,11486
2023-05-10 21:01:07,p2312,p2312,6990.0,0.0,0.0,0.0,3,6986.0,6990.0,1,6992.0,7002.0,7006.0,6986.0,34.0,2379780.0,11486
2023-05-10 21:01:07,p2312,p2312,6990.0,0.0,0.0,0.0,2,6986.0,6992.0,2,6992.0,7002.0,7006.0,6986.0,34.0,2379780.0,11486
2023-05-10 21:01:08,p2312,p2312,6990.0,0.0,0.0,0.0,1,6988.0,6992.0,2,6992.0,7002.0,7006.0,6986.0,34.0,2379780.0,11486
2023-05-10 21:01:09,p2312,p2312,6990.0,0.0,0.0,0.0,1,6988.0,6992.0,3,6992.0,7002.0,7006.0,6986.0,34.0,2379780.0,11486
2023-05-10 21:01:09,p2312,p2312,6990.0,0.0,0.0,0.0,2,6986.0,6990.0,2,6992.0,7002.0,7006.0,6986.0,34.0,2379780.0,11486
2023-05-10 21:01:10,p2312,p2312,6990.0,0.0,0.0,0.0,2,6986.0,6992.0,3,6992.0,7002.0,7006.0,6986.0,34.0,2379780.0,11486
2023-05-10 21:01:10,p2312,p2312,6990.0,0.0,0.0,0.0,4,6986.0,6992.0,3,6992.0,7002.0,7006.0,6986.0,34.0,2379780.0,11486
2023-05-10 21:01:11,p2312,p2312,6992.0,1.0,69920.0,-1.0,1,6988.0,6994.0,3,6992.0,7002.0,7006.0,6986.0,35.0,2449700.0,11485
2023-05-10 21:01:11,p2312,p2312,6992.0,0.0,0.0,0.0,1,6988.0,6992.0,4,6992.0,7002.0,7006.0,6986.0,35.0,2449700.0,11485
2023-05-10 21:01:12,p2312,p2312,6992.0,0.0,0.0,0.0,3,6986.0,6992.0,3,6992.0,7002.0,7006.0,6986.0,35.0,2449700.0,11485
2023-05-10 21:01:12,p2312,p2312,6992.0,0.0,0.0,0.0,3,6986.0,6992.0,4,6992.0,7002.0,7006.0,6986.0,35.0,2449700.0,11485
2023-05-10 21:01:13,p2312,p2312,6992.0,0.0,0.0,0.0,3,6986.0,6992.0,3,6992.0,7002.0,7006.0,6986.0,35.0,2449700.0,11485
2023-05-10 21:01:13,p2312,p2312,6992.0,0.0,0.0,0.0,1,6988.0,6992.0,4,6992.0,7002.0,7006.0,6986.0,35.0,2449700.0,11485
2023-05-10 21:01:14,p2312,p2312,6992.0,0.0,0.0,0.0,3,6988.0,6992.0,1,6992.0,7002.0,7006.0,6986.0,35.0,2449700.0,11485
2023-05-10 21:01:14,p2312,p2312,6992.0,0.0,0.0,0.0,3,6988.0,6994.0,3,6992.0,7002.0,7006.0,6986.0,35.0,2449700.0,11485
2023-05-10 21:01:15,p2312,p2312,6992.0,0.0,0.0,0.0,3,6988.0,6994.0,4,6992.0,7002.0,7006.0,6986.0,35.0,2449700.0,11485
2023-05-10 21:01:16,p2312,p2312,6992.0,0.0,0.0,0.0,1,6988.0,6992.0,3,6992.0,7002.0,7006.0,6986.0,35.0,2449700.0,11485
2023-05-10 21:01:17,p2312,p2312,6992.0,0.0,0.0,0.0,3,6988.0,6994.0,4,6992.0,7002.0,7006.0,6986.0,35.0,2449700.0,11485
2023-05-10 21:01:17,p2312,p2312,6992.0,0.0,0.0,0.0,3,6988.0,6994.0,5,6992.0,7002.0,7006.0,6986.0,35.0,2449700.0,11485
2023-05-10 21:01:18,p2312,p2312,6992.0,0.0,0.0,0.0,3,6988.0,6994.0,4,6992.0,7002.0,7006.0,6986.0,35.0,2449700.0,11485
2023-05-10 21:01:18,p2312,p2312,6992.0,0.0,0.0,0.0,3,6988.0,6994.0,3,6992.0,7002.0,7006.0,6986.0,35.0,2449700.0,11485
2023-05-10 21:01:19,p2312,p2312,6992.0,0.0,0.0,0.0,3,6988.0,6994.0,7,6992.0,7002.0,7006.0,6986.0,35.0,2449700.0,11485
2023-05-10 21:01:20,p2312,p2312,6992.0,0.0,0.0,0.0,3,6988.0,6994.0,3,6992.0,7002.0,7006.0,6986.0,35.0,2449700.0,11485
2023-05-10 21:01:20,p2312,p2312,6992.0,0.0,0.0,0.0,1,6990.0,6994.0,3,6992.0,7002.0,7006.0,6986.0,35.0,2449700.0,11485
2023-05-10 21:01:21,p2312,p2312,6992.0,0.0,0.0,0.0,3,6990.0,6994.0,1,6992.0,7002.0,7006.0,6986.0,35.0,2449700.0,11485
2023-05-10 21:01:21,p2312,p2312,6992.0,0.0,0.0,0.0,1,6990.0,6994.0,4,6992.0,7002.0,7006.0,6986.0,35.0,2449700.0,11485
2023-05-10 21:01:22,p2312,p2312,6992.0,0.0,0.0,0.0,3,6988.0,6994.0,4,6992.0,7002.0,7006.0,6986.0,35.0,2449700.0,11485
2023-05-10 21:01:22,p2312,p2312,6992.0,0.0,0.0,0.0,3,6988.0,6994.0,3,6992.0,7002.0,7006.0,6986.0,35.0,2449700.0,11485
2023-05-10 21:01:23,p2312,p2312,6992.0,0.0,0.0,0.0,3,6990.0,6996.0,4,6992.0,7002.0,7006.0,6986.0,35.0,2449700.0,11485
2023-05-10 21:01:23,p2312,p2312,6992.0,0.0,0.0,0.0,3,6990.0,6996.0,3,6992.0,7002.0,7006.0,6986.0,35.0,2449700.0,11485
2023-05-10 21:01:25,p2312,p2312,6996.0,3.0,209880.0,-3.0,3,6992.0,6998.0,2,6992.0,7002.0,7006.0,6986.0,38.0,2659580.0,11482
2023-05-10 21:01:25,p2312,p2312,6996.0,0.0,0.0,0.0,3,6992.0,6998.0,1,6992.0,7002.0,7006.0,6986.0,38.0,2659580.0,11482
2023-05-10 21:01:26,p2312,p2312,6996.0,0.0,0.0,0.0,1,6992.0,6996.0,2,6992.0,7002.0,7006.0,6986.0,38.0,2659580.0,11482
2023-05-10 21:01:27,p2312,p2312,6996.0,0.0,0.0,0.0,1,6992.0,6998.0,8,6992.0,7002.0,7006.0,6986.0,38.0,2659580.0,11482
2023-05-10 21:01:27,p2312,p2312,6996.0,0.0,0.0,0.0,3,6992.0,6996.0,2,6992.0,7002.0,7006.0,6986.0,38.0,2659580.0,11482
2023-05-10 21:01:28,p2312,p2312,6996.0,0.0,0.0,0.0,3,6992.0,6998.0,8,6992.0,7002.0,7006.0,6986.0,38.0,2659580.0,11482
2023-05-10 21:01:29,p2312,p2312,6996.0,0.0,0.0,0.0,3,6992.0,6996.0,1,6992.0,7002.0,7006.0,6986.0,38.0,2659580.0,11482
2023-05-10 21:01:29,p2312,p2312,6996.0,0.0,0.0,0.0,3,6992.0,6998.0,7,6992.0,7002.0,7006.0,6986.0,38.0,2659580.0,11482
2023-05-10 21:01:30,p2312,p2312,6996.0,0.0,0.0,0.0,1,6992.0,6996.0,4,6992.0,7002.0,7006.0,6986.0,38.0,2659580.0,11482
2023-05-10 21:01:31,p2312,p2312,6996.0,0.0,0.0,0.0,3,6990.0,6996.0,7,6992.0,7002.0,7006.0,6986.0,38.0,2659580.0,11482
2023-05-10 21:01:32,p2312,p2312,6996.0,0.0,0.0,0.0,1,6990.0,6994.0,3,6992.0,7002.0,7006.0,6986.0,38.0,2659580.0,11482
2023-05-10 21:01:32,p2312,p2312,6996.0,0.0,0.0,0.0,3,6988.0,6994.0,4,6992.0,7002.0,7006.0,6986.0,38.0,2659580.0,11482
2023-05-10 21:01:33,p2312,p2312,6996.0,0.0,0.0,0.0,3,6988.0,6994.0,6,6992.0,7002.0,7006.0,6986.0,38.0,2659580.0,11482
2023-05-10 21:01:33,p2312,p2312,6996.0,0.0,0.0,0.0,3,6990.0,6996.0,8,6992.0,7002.0,7006.0,6986.0,38.0,2659580.0,11482
2023-05-10 21:01:34,p2312,p2312,6996.0,0.0,0.0,0.0,3,6990.0,6994.0,1,6992.0,7002.0,7006.0,6986.0,38.0,2659580.0,11482
2023-05-10 21:01:36,p2312,p2312,6996.0,0.0,0.0,0.0,2,6992.0,6996.0,1,6992.0,7002.0,7006.0,6986.0,38.0,2659580.0,11482
2023-05-10 21:01:37,p2312,p2312,6996.0,0.0,0.0,0.0,3,6992.0,6996.0,1,6992.0,7002.0,7006.0,6986.0,38.0,2659580.0,11482
2023-05-10 21:01:37,p2312,p2312,6996.0,0.0,0.0,0.0,2,6992.0,6996.0,1,6992.0,7002.0,7006.0,6986.0,38.0,2659580.0,11482
2023-05-10 21:01:38,p2312,p2312,6996.0,0.0,0.0,0.0,3,6992.0,6996.0,1,6992.0,7002.0,7006.0,6986.0,38.0,2659580.0,11482
2023-05-10 21:01:39,p2312,p2312,6996.0,0.0,0.0,0.0,4,6992.0,6996.0,1,6992.0,7002.0,7006.0,6986.0,38.0,2659580.0,11482
2023-05-10 21:01:41,p2312,p2312,6996.0,0.0,0.0,0.0,4,6992.0,6998.0,8,6992.0,7002.0,7006.0,6986.0,38.0,2659580.0,11482
2023-05-10 21:01:41,p2312,p2312,6996.0,0.0,0.0,0.0,2,6994.0,6998.0,2,6992.0,7002.0,7006.0,6986.0,38.0,2659580.0,11482
2023-05-10 21:01:42,p2312,p2312,6994.0,1.0,69940.0,1.0,2,6992.0,6994.0,1,6992.0,7002.0,7006.0,6986.0,39.0,2729520.0,11483
2023-05-10 21:01:42,p2312,p2312,6994.0,0.0,0.0,0.0,4,6992.0,6994.0,1,6992.0,7002.0,7006.0,6986.0,39.0,2729520.0,11483
2023-05-10 21:01:43,p2312,p2312,6994.0,0.0,0.0,0.0,3,6992.0,6994.0,1,6992.0,7002.0,7006.0,6986.0,39.0,2729520.0,11483
2023-05-10 21:01:43,p2312,p2312,6994.0,0.0,0.0,0.0,7,6990.0,6994.0,1,6992.0,7002.0,7006.0,6986.0,39.0,2729520.0,11483
2023-05-10 21:01:45,p2312,p2312,6994.0,1.0,69940.0,0.0,3,6990.0,6994.0,3,6992.0,7002.0,7006.0,6986.0,40.0,2799460.0,11483
2023-05-10 21:01:45,p2312,p2312,6994.0,0.0,0.0,0.0,2,6990.0,6994.0,1,6992.0,7002.0,7006.0,6986.0,40.0,2799460.0,11483
2023-05-10 21:01:46,p2312,p2312,6994.0,0.0,0.0,0.0,5,6990.0,6994.0,1,6992.0,7002.0,7006.0,6986.0,40.0,2799460.0,11483
2023-05-10 21:01:46,p2312,p2312,6994.0,0.0,0.0,0.0,6,6990.0,6994.0,2,6992.0,7002.0,7006.0,6986.0,40.0,2799460.0,11483
2023-05-10 21:01:47,p2312,p2312,6994.0,0.0,0.0,0.0,7,6990.0,6996.0,5,6992.0,7002.0,7006.0,6986.0,40.0,2799460.0,11483
2023-05-10 21:01:47,p2312,p2312,6994.0,0.0,0.0,0.0,7,6990.0,6996.0,6,6992.0,7002.0,7006.0,6986.0,40.0,2799460.0,11483
2023-05-10 21:01:48,p2312,p2312,6994.0,0.0,0.0,0.0,6,6990.0,6996.0,5,6992.0,7002.0,7006.0,6986.0,40.0,2799460.0,11483
2023-05-10 21:01:49,p2312,p2312,6994.0,0.0,0.0,0.0,6,6990.0,6996.0,6,6992.0,7002.0,7006.0,6986.0,40.0,2799460.0,11483
2023-05-10 21:01:52,p2312,p2312,6994.0,0.0,0.0,0.0,2,6992.0,6996.0,3,6992.0,7002.0,7006.0,6986.0,40.0,2799460.0,11483
2023-05-10 21:01:52,p2312,p2312,6994.0,0.0,0.0,0.0,2,6992.0,6996.0,2,6992.0,7002.0,7006.0,6986.0,40.0,2799460.0,11483
2023-05-10 21:01:53,p2312,p2312,6994.0,0.0,0.0,0.0,4,6992.0,6996.0,1,6992.0,7002.0,7006.0,6986.0,40.0,2799460.0,11483
2023-05-10 21:01:57,p2312,p2312,6994.0,0.0,0.0,0.0,3,6994.0,6998.0,3,6992.0,7002.0,7006.0,6986.0,40.0,2799460.0,11483
2023-05-10 21:01:57,p2312,p2312,6994.0,0.0,0.0,0.0,4,6994.0,6998.0,1,6992.0,7002.0,7006.0,6986.0,40.0,2799460.0,11483
2023-05-10 21:01:59,p2312,p2312,6994.0,0.0,0.0,0.0,4,6994.0,7000.0,7,6992.0,7002.0,7006.0,6986.0,40.0,2799460.0,11483
2023-05-10 21:01:59,p2312,p2312,6994.0,0.0,0.0,0.0,4,6994.0,7000.0,6,6992.0,7002.0,7006.0,6986.0,40.0,2799460.0,11483
2023-05-10 21:02:00,p2312,p2312,6994.0,0.0,0.0,0.0,3,6994.0,6998.0,1,6992.0,7002.0,7006.0,6986.0,40.0,2799460.0,11483
2023-05-10 21:02:00,p2312,p2312,6994.0,0.0,0.0,0.0,1,6994.0,6998.0,4,6992.0,7002.0,7006.0,6986.0,40.0,2799460.0,11483
2023-05-10 21:02:01,p2312,p2312,6994.0,0.0,0.0,0.0,6,6992.0,6998.0,6,6992.0,7002.0,7006.0,6986.0,40.0,2799460.0,11483
2023-05-10 21:02:01,p2312,p2312,6994.0,0.0,0.0,0.0,5,6992.0,6998.0,6,6992.0,7002.0,7006.0,6986.0,40.0,2799460.0,11483
2023-05-10 21:02:02,p2312,p2312,6994.0,0.0,0.0,0.0,6,6992.0,6998.0,6,6992.0,7002.0,7006.0,6986.0,40.0,2799460.0,11483
2023-05-10 21:02:04,p2312,p2312,6994.0,0.0,0.0,0.0,5,6992.0,6998.0,7,6992.0,7002.0,7006.0,6986.0,40.0,2799460.0,11483
2023-05-10 21:02:04,p2312,p2312,6994.0,0.0,0.0,0.0,6,6992.0,6998.0,2,6992.0,7002.0,7006.0,6986.0,40.0,2799460.0,11483
2023-05-10 21:02:05,p2312,p2312,6994.0,0.0,0.0,0.0,1,6992.0,6996.0,3,6992.0,7002.0,7006.0,6986.0,40.0,2799460.0,11483
2023-05-10 21:02:05,p2312,p2312,6994.0,0.0,0.0,0.0,1,6992.0,6996.0,6,6992.0,7002.0,7006.0,6986.0,40.0,2799460.0,11483
2023-05-10 21:02:06,p2312,p2312,6994.0,0.0,0.0,0.0,6,6990.0,6996.0,6,6992.0,7002.0,7006.0,6986.0,40.0,2799460.0,11483
2023-05-10 21:02:08,p2312,p2312,6994.0,0.0,0.0,0.0,2,6990.0,6994.0,3,6992.0,7002.0,7006.0,6986.0,40.0,2799460.0,11483
2023-05-10 21:02:09,p2312,p2312,6994.0,0.0,0.0,0.0,1,6990.0,6994.0,4,6992.0,7002.0,7006.0,6986.0,40.0,2799460.0,11483
2023-05-10 21:02:13,p2312,p2312,6994.0,0.0,0.0,0.0,1,6990.0,6994.0,1,6992.0,7002.0,7006.0,6986.0,40.0,2799460.0,11483
2023-05-10 21:02:14,p2312,p2312,6994.0,0.0,0.0,0.0,2,6990.0,6996.0,7,6992.0,7002.0,7006.0,6986.0,40.0,2799460.0,11483
2023-05-10 21:02:14,p2312,p2312,6994.0,0.0,0.0,0.0,4,6990.0,6994.0,1,6992.0,7002.0,7006.0,6986.0,40.0,2799460.0,11483
2023-05-10 21:02:15,p2312,p2312,6994.0,0.0,0.0,0.0,4,6990.0,6996.0,7,6992.0,7002.0,7006.0,6986.0,40.0,2799460.0,11483
2023-05-10 21:02:15,p2312,p2312,6994.0,0.0,0.0,0.0,4,6990.0,6996.0,6,6992.0,7002.0,7006.0,6986.0,40.0,2799460.0,11483
2023-05-10 21:02:19,p2312,p2312,6994.0,0.0,0.0,0.0,2,6990.0,6994.0,4,6992.0,7002.0,7006.0,6986.0,40.0,2799460.0,11483
2023-05-10 21:02:19,p2312,p2312,6994.0,0.0,0.0,0.0,4,6990.0,6994.0,4,6992.0,7002.0,7006.0,6986.0,40.0,2799460.0,11483
2023-05-10 21:02:20,p2312,p2312,6994.0,0.0,0.0,0.0,4,6990.0,6994.0,1,6992.0,7002.0,7006.0,6986.0,40.0,2799460.0,11483
2023-05-10 21:02:21,p2312,p2312,6994.0,0.0,0.0,0.0,4,6990.0,6994.0,2,6992.0,7002.0,7006.0,6986.0,40.0,2799460.0,11483
2023-05-10 21:02:22,p2312,p2312,6994.0,0.0,0.0,0.0,4,6990.0,6994.0,1,6992.0,7002.0,7006.0,6986.0,40.0,2799460.0,11483
2023-05-10 21:02:23,p2312,p2312,6994.0,0.0,0.0,0.0,2,6994.0,6996.0,3,6992.0,7002.0,7006.0,6986.0,40.0,2799460.0,11483
2023-05-10 21:02:24,p2312,p2312,6992.0,1.0,69920.0,1.0,5,6990.0,6992.0,1,6992.0,7002.0,7006.0,6986.0,41.0,2869380.0,11484
2023-05-10 21:02:24,p2312,p2312,6992.0,0.0,0.0,0.0,4,6990.0,6992.0,1,6992.0,7002.0,7006.0,6986.0,41.0,2869380.0,11484
2023-05-10 21:02:25,p2312,p2312,6992.0,1.0,69920.0,0.0,6,6990.0,6994.0,2,6992.0,7002.0,7006.0,6986.0,42.0,2939300.0,11484
2023-05-10 21:02:25,p2312,p2312,6992.0,0.0,0.0,0.0,10,6990.0,6994.0,1,6992.0,7002.0,7006.0,6986.0,42.0,2939300.0,11484
2023-05-10 21:02:26,p2312,p2312,6992.0,0.0,0.0,0.0,11,6990.0,6996.0,8,6992.0,7002.0,7006.0,6986.0,42.0,2939300.0,11484
2023-05-10 21:02:28,p2312,p2312,6992.0,0.0,0.0,0.0,2,6992.0,6996.0,3,6992.0,7002.0,7006.0,6986.0,42.0,2939300.0,11484
2023-05-10 21:02:28,p2312,p2312,6992.0,0.0,0.0,0.0,10,6990.0,6996.0,5,6992.0,7002.0,7006.0,6986.0,42.0,2939300.0,11484
2023-05-10 21:02:29,p2312,p2312,6992.0,0.0,0.0,0.0,10,6990.0,6996.0,7,6992.0,7002.0,7006.0,6986.0,42.0,2939300.0,11484
2023-05-10 21:02:29,p2312,p2312,6992.0,0.0,0.0,0.0,9,6990.0,6996.0,7,6992.0,7002.0,7006.0,6986.0,42.0,2939300.0,11484
2023-05-10 21:02:30,p2312,p2312,6992.0,0.0,0.0,0.0,6,6990.0,6996.0,11,6992.0,7002.0,7006.0,6986.0,42.0,2939300.0,11484
2023-05-10 21:02:31,p2312,p2312,6992.0,0.0,0.0,0.0,5,6990.0,6996.0,19,6992.0,7002.0,7006.0,6986.0,42.0,2939300.0,11484
2023-05-10 21:02:31,p2312,p2312,6992.0,0.0,0.0,0.0,7,6990.0,6994.0,1,6992.0,7002.0,7006.0,6986.0,42.0,2939300.0,11484
2023-05-10 21:02:33,p2312,p2312,6992.0,0.0,0.0,0.0,5,6990.0,6994.0,3,6992.0,7002.0,7006.0,6986.0,42.0,2939300.0,11484
2023-05-10 21:02:34,p2312,p2312,6992.0,0.0,0.0,0.0,3,6990.0,6994.0,12,6992.0,7002.0,7006.0,6986.0,42.0,2939300.0,11484
2023-05-10 21:02:34,p2312,p2312,6992.0,0.0,0.0,0.0,1,6990.0,6994.0,17,6992.0,7002.0,7006.0,6986.0,42.0,2939300.0,11484
2023-05-10 21:02:35,p2312,p2312,6992.0,0.0,0.0,0.0,1,6990.0,6994.0,19,6992.0,7002.0,7006.0,6986.0,42.0,2939300.0,11484
2023-05-10 21:02:35,p2312,p2312,6992.0,0.0,0.0,0.0,1,6990.0,6992.0,2,6992.0,7002.0,7006.0,6986.0,42.0,2939300.0,11484
2023-05-10 21:02:38,p2312,p2312,6990.0,1.0,69900.0,0.0,5,6988.0,6992.0,6,6992.0,7002.0,7006.0,6986.0,43.0,3009200.0,11484
2023-05-10 21:02:38,p2312,p2312,6988.0,8.0,559040.0,3.0,4,6986.0,6988.0,2,6992.0,7002.0,7006.0,6986.0,51.0,3568240.0,11487
2023-05-10 21:02:39,p2312,p2312,6988.0,2.0,139760.0,1.0,5,6984.0,6988.0,1,6992.0,7002.0,7006.0,6986.0,53.0,3708000.0,11488
2023-05-10 21:02:39,p2312,p2312,6988.0,1.0,69880.0,1.0,4,6988.0,6990.0,1,6992.0,7002.0,7006.0,6986.0,54.0,3777880.0,11489
2023-05-10 21:02:40,p2312,p2312,6992.0,5.0,349580.0,2.0,2,6990.0,6994.0,8,6992.0,7002.0,7006.0,6986.0,59.0,4127460.0,11491
2023-05-10 21:02:40,p2312,p2312,6990.0,2.0,139800.0,-1.0,3,6988.0,6992.0,4,6992.0,7002.0,7006.0,6986.0,61.0,4267260.0,11490
2023-05-10 21:02:41,p2312,p2312,6990.0,0.0,0.0,0.0,1,6988.0,6992.0,1,6992.0,7002.0,7006.0,6986.0,61.0,4267260.0,11490
2023-05-10 21:02:41,p2312,p2312,6990.0,0.0,0.0,0.0,2,6988.0,6994.0,19,6992.0,7002.0,7006.0,6986.0,61.0,4267260.0,11490
2023-05-10 21:02:42,p2312,p2312,6990.0,0.0,0.0,0.0,2,6988.0,6992.0,8,6992.0,7002.0,7006.0,6986.0,61.0,4267260.0,11490
2023-05-10 21:02:42,p2312,p2312,6990.0,0.0,0.0,0.0,1,6988.0,6992.0,18,6992.0,7002.0,7006.0,6986.0,61.0,4267260.0,11490
2023-05-10 21:02:43,p2312,p2312,6990.0,0.0,0.0,0.0,11,6986.0,6992.0,17,6992.0,7002.0,7006.0,6986.0,61.0,4267260.0,11490
2023-05-10 21:02:43,p2312,p2312,6990.0,0.0,0.0,0.0,12,6986.0,6992.0,16,6992.0,7002.0,7006.0,6986.0,61.0,4267260.0,11490
2023-05-10 21:02:44,p2312,p2312,6990.0,0.0,0.0,0.0,11,6986.0,6992.0,17,6992.0,7002.0,7006.0,6986.0,61.0,4267260.0,11490
2023-05-10 21:02:45,p2312,p2312,6990.0,0.0,0.0,0.0,11,6986.0,6992.0,18,6992.0,7002.0,7006.0,6986.0,61.0,4267260.0,11490
2023-05-10 21:02:46,p2312,p2312,6990.0,0.0,0.0,0.0,1,6988.0,6992.0,18,6992.0,7002.0,7006.0,6986.0,61.0,4267260.0,11490
2023-05-10 21:02:47,p2312,p2312,6990.0,0.0,0.0,0.0,2,6988.0,6992.0,12,6992.0,7002.0,7006.0,6986.0,61.0,4267260.0,11490
2023-05-10 21:02:47,p2312,p2312,6990.0,0.0,0.0,0.0,9,6986.0,6992.0,18,6992.0,7002.0,7006.0,6986.0,61.0,4267260.0,11490
2023-05-10 21:02:51,p2312,p2312,6990.0,0.0,0.0,0.0,6,6986.0,6990.0,3,6992.0,7002.0,7006.0,6986.0,61.0,4267260.0,11490
2023-05-10 21:02:51,p2312,p2312,6990.0,0.0,0.0,0.0,2,6986.0,6990.0,7,6992.0,7002.0,7006.0,6986.0,61.0,4267260.0,11490
2023-05-10 21:02:52,p2312,p2312,6990.0,0.0,0.0,0.0,1,6986.0,6990.0,15,6992.0,7002.0,7006.0,6986.0,61.0,4267260.0,11490
2023-05-10 21:02:52,p2312,p2312,6990.0,0.0,0.0,0.0,6,6986.0,6990.0,5,6992.0,7002.0,7006.0,6986.0,61.0,4267260.0,11490
2023-05-10 21:02:53,p2312,p2312,6990.0,0.0,0.0,0.0,8,6986.0,6992.0,10,6992.0,7002.0,7006.0,6986.0,61.0,4267260.0,11490
2023-05-10 21:02:53,p2312,p2312,6990.0,0.0,0.0,0.0,6,6986.0,6992.0,14,6992.0,7002.0,7006.0,6986.0,61.0,4267260.0,11490
2023-05-10 21:02:54,p2312,p2312,6990.0,0.0,0.0,0.0,7,6986.0,6992.0,17,6992.0,7002.0,7006.0,6986.0,61.0,4267260.0,11490
2023-05-10 21:02:54,p2312,p2312,6990.0,0.0,0.0,0.0,7,6986.0,6990.0,1,6992.0,7002.0,7006.0,6986.0,61.0,4267260.0,11490
2023-05-10 21:02:55,p2312,p2312,6986.0,6.0,419160.0,4.0,2,6984.0,6986.0,4,6992.0,7002.0,7006.0,6986.0,67.0,4686420.0,11494
2023-05-10 21:02:55,p2312,p2312,6986.0,1.0,69860.0,0.0,1,6984.0,6986.0,3,6992.0,7002.0,7006.0,6986.0,68.0,4756280.0,11494
2023-05-10 21:02:56,p2312,p2312,6986.0,0.0,0.0,0.0,3,6982.0,6984.0,1,6992.0,7002.0,7006.0,6986.0,68.0,4756280.0,11494
2023-05-10 21:02:56,p2312,p2312,6984.0,2.0,139680.0,2.0,2,6984.0,6986.0,3,6992.0,7002.0,7006.0,6984.0,70.0,4895960.0,11496
2023-05-10 21:02:57,p2312,p2312,6984.0,0.0,0.0,0.0,2,6984.0,6986.0,1,6992.0,7002.0,7006.0,6984.0,70.0,4895960.0,11496
2023-05-10 21:03:00,p2312,p2312,6984.0,0.0,0.0,0.0,2,6984.0,6986.0,2,6992.0,7002.0,7006.0,6984.0,70.0,4895960.0,11496
2023-05-10 21:03:00,p2312,p2312,6986.0,7.0,488980.0,-2.0,2,6986.0,6988.0,4,6992.0,7002.0,7006.0,6984.0,77.0,5384940.0,11494
2023-05-10 21:03:01,p2312,p2312,6986.0,0.0,0.0,0.0,3,6986.0,6990.0,9,6992.0,7002.0,7006.0,6984.0,77.0,5384940.0,11494
2023-05-10 21:03:01,p2312,p2312,6986.0,3.0,209580.0,3.0,3,6986.0,6990.0,11,6992.0,7002.0,7006.0,6984.0,80.0,5594520.0,11497
2023-05-10 21:03:02,p2312,p2312,6986.0,0.0,0.0,0.0,2,6986.0,6990.0,7,6992.0,7002.0,7006.0,6984.0,80.0,5594520.0,11497
2023-05-10 21:03:02,p2312,p2312,6986.0,2.0,139720.0,0.0,6,6984.0,6990.0,13,6992.0,7002.0,7006.0,6984.0,82.0,5734240.0,11497
2023-05-10 21:03:03,p2312,p2312,6986.0,0.0,0.0,0.0,4,6984.0,6990.0,15,6992.0,7002.0,7006.0,6984.0,82.0,5734240.0,11497
2023-05-10 21:03:03,p2312,p2312,6986.0,0.0,0.0,0.0,2,6984.0,6990.0,15,6992.0,7002.0,7006.0,6984.0,82.0,5734240.0,11497
2023-05-10 21:03:04,p2312,p2312,6986.0,0.0,0.0,0.0,5,6984.0,6990.0,15,6992.0,7002.0,7006.0,6984.0,82.0,5734240.0,11497
2023-05-10 21:03:04,p2312,p2312,6986.0,0.0,0.0,0.0,7,6984.0,6988.0,1,6992.0,7002.0,7006.0,6984.0,82.0,5734240.0,11497
2023-05-10 21:03:05,p2312,p2312,6984.0,6.0,419040.0,4.0,6,6982.0,6984.0,4,6992.0,7002.0,7006.0,6984.0,88.0,6153280.0,11501
2023-05-10 21:03:05,p2312,p2312,6984.0,1.0,69840.0,1.0,4,6982.0,6984.0,3,6992.0,7002.0,7006.0,6984.0,89.0,6223120.0,11502
2023-05-10 21:03:06,p2312,p2312,6984.0,0.0,0.0,0.0,1,6982.0,6984.0,3,6992.0,7002.0,7006.0,6984.0,89.0,6223120.0,11502
2023-05-10 21:03:07,p2312,p2312,6984.0,3.0,209520.0,-1.0,1,6984.0,6986.0,4,6992.0,7002.0,7006.0,6984.0,92.0,6432640.0,11501
2023-05-10 21:03:07,p2312,p2312,6984.0,0.0,0.0,0.0,1,6984.0,6988.0,9,6992.0,7002.0,7006.0,6984.0,92.0,6432640.0,11501
2023-05-10 21:03:08,p2312,p2312,6984.0,0.0,0.0,0.0,1,6984.0,6988.0,8,6992.0,7002.0,7006.0,6984.0,92.0,6432640.0,11501
2023-05-10 21:03:08,p2312,p2312,6984.0,0.0,0.0,0.0,1,6984.0,6988.0,9,6992.0,7002.0,7006.0,6984.0,92.0,6432640.0,11501
2023-05-10 21:03:11,p2312,p2312,6984.0,0.0,0.0,0.0,2,6984.0,6988.0,9,6992.0,7002.0,7006.0,6984.0,92.0,6432640.0,11501
2023-05-10 21:03:12,p2312,p2312,6984.0,0.0,0.0,0.0,13,6984.0,6988.0,3,6992.0,7002.0,7006.0,6984.0,92.0,6432640.0,11501
2023-05-10 21:03:12,p2312,p2312,6984.0,0.0,0.0,0.0,19,6984.0,6990.0,11,6992.0,7002.0,7006.0,6984.0,92.0,6432640.0,11501
2023-05-10 21:03:13,p2312,p2312,6984.0,0.0,0.0,0.0,9,6984.0,6988.0,2,6992.0,7002.0,7006.0,6984.0,92.0,6432640.0,11501
2023-05-10 21:03:13,p2312,p2312,6984.0,0.0,0.0,0.0,6,6984.0,6988.0,1,6992.0,7002.0,7006.0,6984.0,92.0,6432640.0,11501
2023-05-10 21:03:14,p2312,p2312,6990.0,3.0,209700.0,0.0,2,6986.0,6990.0,3,6992.0,7002.0,7006.0,6984.0,95.0,6642340.0,11501
2023-05-10 21:03:14,p2312,p2312,6990.0,0.0,0.0,0.0,7,6984.0,6990.0,5,6992.0,7002.0,7006.0,6984.0,95.0,6642340.0,11501
2023-05-10 21:03:15,p2312,p2312,6990.0,0.0,0.0,0.0,4,6986.0,6990.0,5,6992.0,7002.0,7006.0,6984.0,95.0,6642340.0,11501
2023-05-10 21:03:15,p2312,p2312,6990.0,0.0,0.0,0.0,3,6986.0,6990.0,3,6992.0,7002.0,7006.0,6984.0,95.0,6642340.0,11501
2023-05-10 21:03:16,p2312,p2312,6990.0,0.0,0.0,0.0,4,6986.0,6990.0,2,6992.0,7002.0,7006.0,6984.0,95.0,6642340.0,11501
2023-05-10 21:03:16,p2312,p2312,6990.0,0.0,0.0,0.0,2,6986.0,6990.0,17,6992.0,7002.0,7006.0,6984.0,95.0,6642340.0,11501
2023-05-10 21:03:17,p2312,p2312,6990.0,0.0,0.0,0.0,10,6984.0,6990.0,20,6992.0,7002.0,7006.0,6984.0,95.0,6642340.0,11501
2023-05-10 21:03:17,p2312,p2312,6990.0,0.0,0.0,0.0,11,6984.0,6990.0,19,6992.0,7002.0,7006.0,6984.0,95.0,6642340.0,11501
2023-05-10 21:03:18,p2312,p2312,6990.0,0.0,0.0,0.0,3,6986.0,6990.0,15,6992.0,7002.0,7006.0,6984.0,95.0,6642340.0,11501
2023-05-10 21:03:18,p2312,p2312,6990.0,0.0,0.0,0.0,10,6984.0,6990.0,20,6992.0,7002.0,7006.0,6984.0,95.0,6642340.0,11501
2023-05-10 21:03:19,p2312,p2312,6990.0,0.0,0.0,0.0,2,6986.0,6990.0,15,6992.0,7002.0,7006.0,6984.0,95.0,6642340.0,11501
2023-05-10 21:03:19,p2312,p2312,6990.0,0.0,0.0,0.0,2,6986.0,6990.0,6,6992.0,7002.0,7006.0,6984.0,95.0,6642340.0,11501
2023-05-10 21:03:20,p2312,p2312,6990.0,0.0,0.0,0.0,12,6984.0,6990.0,3,6992.0,7002.0,7006.0,6984.0,95.0,6642340.0,11501
2023-05-10 21:03:20,p2312,p2312,6990.0,0.0,0.0,0.0,1,6986.0,6990.0,1,6992.0,7002.0,7006.0,6984.0,95.0,6642340.0,11501
2023-05-10 21:03:21,p2312,p2312,6990.0,0.0,0.0,0.0,2,6986.0,6992.0,14,6992.0,7002.0,7006.0,6984.0,95.0,6642340.0,11501
2023-05-10 21:03:21,p2312,p2312,6990.0,0.0,0.0,0.0,4,6986.0,6992.0,14,6992.0,7002.0,7006.0,6984.0,95.0,6642340.0,11501
2023-05-10 21:03:22,p2312,p2312,6990.0,0.0,0.0,0.0,6,6986.0,6992.0,14,6992.0,7002.0,7006.0,6984.0,95.0,6642340.0,11501
2023-05-10 21:03:22,p2312,p2312,6990.0,0.0,0.0,0.0,1,6986.0,6990.0,6,6992.0,7002.0,7006.0,6984.0,95.0,6642340.0,11501
2023-05-10 21:03:23,p2312,p2312,6990.0,0.0,0.0,0.0,10,6984.0,6990.0,12,6992.0,7002.0,7006.0,6984.0,95.0,6642340.0,11501
2023-05-10 21:03:23,p2312,p2312,6990.0,0.0,0.0,0.0,10,6984.0,6990.0,23,6992.0,7002.0,7006.0,6984.0,95.0,6642340.0,11501
2023-05-10 21:03:24,p2312,p2312,6990.0,0.0,0.0,0.0,11,6984.0,6988.0,1,6992.0,7002.0,7006.0,6984.0,95.0,6642340.0,11501
2023-05-10 21:03:25,p2312,p2312,6990.0,0.0,0.0,0.0,12,6984.0,6988.0,1,6992.0,7002.0,7006.0,6984.0,95.0,6642340.0,11501
2023-05-10 21:03:26,p2312,p2312,6990.0,0.0,0.0,0.0,3,6986.0,6990.0,8,6992.0,7002.0,7006.0,6984.0,95.0,6642340.0,11501
2023-05-10 21:03:26,p2312,p2312,6990.0,0.0,0.0,0.0,4,6986.0,6990.0,4,6992.0,7002.0,7006.0,6984.0,95.0,6642340.0,11501
2023-05-10 21:03:27,p2312,p2312,6990.0,0.0,0.0,0.0,6,6986.0,6990.0,1,6992.0,7002.0,7006.0,6984.0,95.0,6642340.0,11501
2023-05-10 21:03:27,p2312,p2312,6990.0,0.0,0.0,0.0,9,6986.0,6990.0,1,6992.0,7002.0,7006.0,6984.0,95.0,6642340.0,11501
2023-05-10 21:03:28,p2312,p2312,6990.0,0.0,0.0,0.0,2,6986.0,6990.0,7,6992.0,7002.0,7006.0,6984.0,95.0,6642340.0,11501
2023-05-10 21:03:28,p2312,p2312,6990.0,0.0,0.0,0.0,1,6986.0,6990.0,9,6992.0,7002.0,7006.0,6984.0,95.0,6642340.0,11501
2023-05-10 21:03:29,p2312,p2312,6990.0,0.0,0.0,0.0,1,6986.0,6990.0,19,6992.0,7002.0,7006.0,6984.0,95.0,6642340.0,11501
2023-05-10 21:03:29,p2312,p2312,6990.0,0.0,0.0,0.0,12,6984.0,6990.0,19,6992.0,7002.0,7006.0,6984.0,95.0,6642340.0,11501
2023-05-10 21:03:31,p2312,p2312,6990.0,0.0,0.0,0.0,15,6984.0,6990.0,20,6992.0,7002.0,7006.0,6984.0,95.0,6642340.0,11501
2023-05-10 21:03:31,p2312,p2312,6990.0,0.0,0.0,0.0,12,6984.0,6990.0,19,6992.0,7002.0,7006.0,6984.0,95.0,6642340.0,11501
2023-05-10 21:03:33,p2312,p2312,6990.0,0.0,0.0,0.0,5,6984.0,6988.0,7,6992.0,7002.0,7006.0,6984.0,95.0,6642340.0,11501
2023-05-10 21:03:33,p2312,p2312,6990.0,0.0,0.0,0.0,11,6982.0,6988.0,8,6992.0,7002.0,7006.0,6984.0,95.0,6642340.0,11501
2023-05-10 21:03:34,p2312,p2312,6990.0,0.0,0.0,0.0,11,6982.0,6988.0,12,6992.0,7002.0,7006.0,6984.0,95.0,6642340.0,11501
2023-05-10 21:03:34,p2312,p2312,6990.0,0.0,0.0,0.0,15,6982.0,6988.0,14,6992.0,7002.0,7006.0,6984.0,95.0,6642340.0,11501
2023-05-10 21:03:35,p2312,p2312,6990.0,0.0,0.0,0.0,4,6984.0,6988.0,10,6992.0,7002.0,7006.0,6984.0,95.0,6642340.0,11501
2023-05-10 21:03:35,p2312,p2312,6990.0,0.0,0.0,0.0,7,6984.0,6988.0,7,6992.0,7002.0,7006.0,6984.0,95.0,6642340.0,11501
2023-05-10 21:03:36,p2312,p2312,6990.0,0.0,0.0,0.0,10,6984.0,6988.0,1,6992.0,7002.0,7006.0,6984.0,95.0,6642340.0,11501
2023-05-10 21:03:36,p2312,p2312,6990.0,0.0,0.0,0.0,12,6984.0,6990.0,13,6992.0,7002.0,7006.0,6984.0,95.0,6642340.0,11501
2023-05-10 21:03:38,p2312,p2312,6990.0,0.0,0.0,0.0,11,6984.0,6990.0,13,6992.0,7002.0,7006.0,6984.0,95.0,6642340.0,11501
2023-05-10 21:03:38,p2312,p2312,6990.0,0.0,0.0,0.0,12,6984.0,6990.0,13,6992.0,7002.0,7006.0,6984.0,95.0,6642340.0,11501
2023-05-10 21:03:40,p2312,p2312,6990.0,0.0,0.0,0.0,12,6984.0,6990.0,19,6992.0,7002.0,7006.0,6984.0,95.0,6642340.0,11501
2023-05-10 21:03:41,p2312,p2312,6990.0,0.0,0.0,0.0,4,6986.0,6990.0,13,6992.0,7002.0,7006.0,6984.0,95.0,6642340.0,11501
2023-05-10 21:03:41,p2312,p2312,6990.0,0.0,0.0,0.0,4,6986.0,6990.0,14,6992.0,7002.0,7006.0,6984.0,95.0,6642340.0,11501
2023-05-10 21:03:42,p2312,p2312,6990.0,0.0,0.0,0.0,2,6986.0,6990.0,14,6992.0,7002.0,7006.0,6984.0,95.0,6642340.0,11501
2023-05-10 21:03:43,p2312,p2312,6990.0,0.0,0.0,0.0,2,6986.0,6988.0,1,6992.0,7002.0,7006.0,6984.0,95.0,6642340.0,11501
2023-05-10 21:03:44,p2312,p2312,6988.0,1.0,69880.0,-1.0,5,6984.0,6990.0,13,6992.0,7002.0,7006.0,6984.0,96.0,6712220.0,11500
2023-05-10 21:03:44,p2312,p2312,6988.0,0.0,0.0,0.0,4,6984.0,6988.0,1,6992.0,7002.0,7006.0,6984.0,96.0,6712220.0,11500
2023-05-10 21:03:45,p2312,p2312,6988.0,1.0,69880.0,-1.0,4,6984.0,6990.0,13,6992.0,7002.0,7006.0,6984.0,97.0,6782100.0,11499
2023-05-10 21:03:46,p2312,p2312,6988.0,0.0,0.0,0.0,3,6986.0,6990.0,4,6992.0,7002.0,7006.0,6984.0,97.0,6782100.0,11499
2023-05-10 21:03:46,p2312,p2312,6988.0,0.0,0.0,0.0,2,6986.0,6990.0,1,6992.0,7002.0,7006.0,6984.0,97.0,6782100.0,11499
2023-05-10 21:03:47,p2312,p2312,6988.0,0.0,0.0,0.0,4,6986.0,6990.0,8,6992.0,7002.0,7006.0,6984.0,97.0,6782100.0,11499
2023-05-10 21:03:47,p2312,p2312,6988.0,0.0,0.0,0.0,3,6986.0,6990.0,12,6992.0,7002.0,7006.0,6984.0,97.0,6782100.0,11499
2023-05-10 21:03:48,p2312,p2312,6988.0,0.0,0.0,0.0,1,6986.0,6990.0,14,6992.0,7002.0,7006.0,6984.0,97.0,6782100.0,11499
2023-05-10 21:03:48,p2312,p2312,6990.0,4.0,279600.0,4.0,9,6984.0,6990.0,12,6992.0,7002.0,7006.0,6984.0,101.0,7061700.0,11503
2023-05-10 21:03:49,p2312,p2312,6990.0,8.0,559200.0,3.0,1,6988.0,6990.0,4,6992.0,7002.0,7006.0,6984.0,109.0,7620900.0,11506
2023-05-10 21:03:49,p2312,p2312,6990.0,3.0,209700.0,0.0,1,6988.0,6992.0,6,6992.0,7002.0,7006.0,6984.0,112.0,7830600.0,11506
2023-05-10 21:03:50,p2312,p2312,6990.0,0.0,0.0,0.0,1,6988.0,6992.0,8,6992.0,7002.0,7006.0,6984.0,112.0,7830600.0,11506
2023-05-10 21:03:50,p2312,p2312,6988.0,1.0,69880.0,-1.0,1,6988.0,6992.0,9,6992.0,7002.0,7006.0,6984.0,113.0,7900480.0,11505
2023-05-10 21:03:51,p2312,p2312,6988.0,1.0,69880.0,1.0,2,6986.0,6990.0,5,6992.0,7002.0,7006.0,6984.0,114.0,7970360.0,11506
2023-05-10 21:03:51,p2312,p2312,6988.0,0.0,0.0,0.0,9,6984.0,6990.0,10,6992.0,7002.0,7006.0,6984.0,114.0,7970360.0,11506
2023-05-10 21:03:52,p2312,p2312,6988.0,0.0,0.0,0.0,8,6984.0,6990.0,12,6992.0,7002.0,7006.0,6984.0,114.0,7970360.0,11506
2023-05-10 21:03:52,p2312,p2312,6988.0,0.0,0.0,0.0,13,6984.0,6990.0,17,6992.0,7002.0,7006.0,6984.0,114.0,7970360.0,11506
2023-05-10 21:03:52,p2312,p2312,6988.0,0.0,0.0,0.0,14,6984.0,6990.0,18,6992.0,7002.0,7006.0,6984.0,114.0,7970360.0,11506
2023-05-10 21:03:53,p2312,p2312,6988.0,0.0,0.0,0.0,3,6986.0,6990.0,12,6992.0,7002.0,7006.0,6984.0,114.0,7970360.0,11506
2023-05-10 21:03:54,p2312,p2312,6988.0,0.0,0.0,0.0,3,6986.0,6990.0,11,6992.0,7002.0,7006.0,6984.0,114.0,7970360.0,11506
2023-05-10 21:03:54,p2312,p2312,6988.0,0.0,0.0,0.0,1,6986.0,6990.0,12,6992.0,7002.0,7006.0,6984.0,114.0,7970360.0,11506
2023-05-10 21:03:55,p2312,p2312,6988.0,0.0,0.0,0.0,8,6984.0,6988.0,2,6992.0,7002.0,7006.0,6984.0,114.0,7970360.0,11506
2023-05-10 21:03:55,p2312,p2312,6988.0,1.0,69880.0,1.0,2,6988.0,6990.0,14,6992.0,7002.0,7006.0,6984.0,115.0,8040240.0,11507
2023-05-10 21:03:56,p2312,p2312,6988.0,2.0,139760.0,2.0,5,6986.0,6990.0,13,6992.0,7002.0,7006.0,6984.0,117.0,8180000.0,11509
2023-05-10 21:03:56,p2312,p2312,6988.0,0.0,0.0,0.0,7,6986.0,6990.0,4,6992.0,7002.0,7006.0,6984.0,117.0,8180000.0,11509
2023-05-10 21:03:57,p2312,p2312,6988.0,0.0,0.0,0.0,2,6986.0,6990.0,8,6992.0,7002.0,7006.0,6984.0,117.0,8180000.0,11509
2023-05-10 21:03:57,p2312,p2312,6988.0,0.0,0.0,0.0,5,6986.0,6990.0,2,6992.0,7002.0,7006.0,6984.0,117.0,8180000.0,11509
2023-05-10 21:03:58,p2312,p2312,6988.0,0.0,0.0,0.0,4,6986.0,6990.0,5,6992.0,7002.0,7006.0,6984.0,117.0,8180000.0,11509
2023-05-10 21:03:58,p2312,p2312,6988.0,0.0,0.0,0.0,1,6986.0,6990.0,14,6992.0,7002.0,7006.0,6984.0,117.0,8180000.0,11509
2023-05-10 21:03:59,p2312,p2312,6988.0,0.0,0.0,0.0,1,6986.0,6990.0,19,6992.0,7002.0,7006.0,6984.0,117.0,8180000.0,11509
2023-05-10 21:03:59,p2312,p2312,6988.0,0.0,0.0,0.0,12,6984.0,6990.0,18,6992.0,7002.0,7006.0,6984.0,117.0,8180000.0,11509
2023-05-10 21:04:00,p2312,p2312,6988.0,0.0,0.0,0.0,15,6984.0,6990.0,19,6992.0,7002.0,7006.0,6984.0,117.0,8180000.0,11509
2023-05-10 21:04:01,p2312,p2312,6988.0,0.0,0.0,0.0,15,6984.0,6988.0,1,6992.0,7002.0,7006.0,6984.0,117.0,8180000.0,11509
2023-05-10 21:04:01,p2312,p2312,6988.0,0.0,0.0,0.0,6,6984.0,6988.0,8,6992.0,7002.0,7006.0,6984.0,117.0,8180000.0,11509
2023-05-10 21:04:02,p2312,p2312,6988.0,0.0,0.0,0.0,12,6982.0,6988.0,16,6992.0,7002.0,7006.0,6984.0,117.0,8180000.0,11509
2023-05-10 21:04:02,p2312,p2312,6988.0,0.0,0.0,0.0,5,6982.0,6986.0,1,6992.0,7002.0,7006.0,6984.0,117.0,8180000.0,11509
2023-05-10 21:04:03,p2312,p2312,6982.0,5.0,349100.0,-2.0,7,6980.0,6982.0,2,6992.0,7002.0,7006.0,6982.0,122.0,8529100.0,11507
2023-05-10 21:04:03,p2312,p2312,6982.0,1.0,69820.0,0.0,4,6978.0,6982.0,4,6992.0,7002.0,7006.0,6982.0,123.0,8598920.0,11507
2023-05-10 21:04:04,p2312,p2312,6982.0,0.0,0.0,0.0,4,6978.0,6982.0,5,6992.0,7002.0,7006.0,6982.0,123.0,8598920.0,11507
2023-05-10 21:04:04,p2312,p2312,6982.0,0.0,0.0,0.0,5,6978.0,6982.0,2,6992.0,7002.0,7006.0,6982.0,123.0,8598920.0,11507
2023-05-10 21:04:05,p2312,p2312,6982.0,4.0,279280.0,3.0,9,6978.0,6984.0,11,6992.0,7002.0,7006.0,6982.0,127.0,8878200.0,11510
2023-05-10 21:04:05,p2312,p2312,6982.0,0.0,0.0,0.0,4,6978.0,6984.0,18,6992.0,7002.0,7006.0,6982.0,127.0,8878200.0,11510
2023-05-10 21:04:06,p2312,p2312,6982.0,0.0,0.0,0.0,4,6978.0,6982.0,3,6992.0,7002.0,7006.0,6982.0,127.0,8878200.0,11510
2023-05-10 21:04:06,p2312,p2312,6982.0,1.0,69820.0,-1.0,2,6978.0,6982.0,13,6992.0,7002.0,7006.0,6982.0,128.0,8948020.0,11509
2023-05-10 21:04:07,p2312,p2312,6982.0,0.0,0.0,0.0,3,6978.0,6982.0,7,6992.0,7002.0,7006.0,6982.0,128.0,8948020.0,11509
2023-05-10 21:04:07,p2312,p2312,6982.0,0.0,0.0,0.0,9,6976.0,6982.0,18,6992.0,7002.0,7006.0,6982.0,128.0,8948020.0,11509
2023-05-10 21:04:08,p2312,p2312,6982.0,0.0,0.0,0.0,11,6976.0,6982.0,15,6992.0,7002.0,7006.0,6982.0,128.0,8948020.0,11509
2023-05-10 21:04:08,p2312,p2312,6982.0,0.0,0.0,0.0,11,6976.0,6982.0,22,6992.0,7002.0,7006.0,6982.0,128.0,8948020.0,11509
2023-05-10 21:04:09,p2312,p2312,6982.0,0.0,0.0,0.0,11,6976.0,6980.0,1,6992.0,7002.0,7006.0,6982.0,128.0,8948020.0,11509
2023-05-10 21:04:09,p2312,p2312,6980.0,1.0,69800.0,0.0,6,6976.0,6980.0,7,6992.0,7002.0,7006.0,6980.0,129.0,9017820.0,11509
2023-05-10 21:04:10,p2312,p2312,6980.0,3.0,209400.0,1.0,1,6980.0,6982.0,11,6992.0,7002.0,7006.0,6980.0,132.0,9227220.0,11510
2023-05-10 21:04:10,p2312,p2312,6980.0,0.0,0.0,0.0,2,6980.0,6982.0,6,6992.0,7002.0,7006.0,6980.0,132.0,9227220.0,11510
2023-05-10 21:04:11,p2312,p2312,6982.0,9.0,628380.0,4.0,4,6982.0,6984.0,2,6992.0,7002.0,7006.0,6980.0,141.0,9855600.0,11514
2023-05-10 21:04:11,p2312,p2312,6982.0,0.0,0.0,0.0,4,6982.0,6986.0,16,6992.0,7002.0,7006.0,6980.0,141.0,9855600.0,11514
2023-05-10 21:04:12,p2312,p2312,6982.0,4.0,279280.0,3.0,1,6982.0,6984.0,5,6992.0,7002.0,7006.0,6980.0,145.0,10134880.0,11517
2023-05-10 21:04:12,p2312,p2312,6982.0,0.0,0.0,0.0,1,6982.0,6984.0,1,6992.0,7002.0,7006.0,6980.0,145.0,10134880.0,11517
2023-05-10 21:04:13,p2312,p2312,6982.0,0.0,0.0,0.0,1,6982.0,6986.0,17,6992.0,7002.0,7006.0,6980.0,145.0,10134880.0,11517
2023-05-10 21:04:13,p2312,p2312,6982.0,0.0,0.0,0.0,1,6982.0,6986.0,20,6992.0,7002.0,7006.0,6980.0,145.0,10134880.0,11517
2023-05-10 21:04:14,p2312,p2312,6982.0,1.0,69820.0,1.0,5,6980.0,6984.0,7,6992.0,7002.0,7006.0,6980.0,146.0,10204700.0,11518
2023-05-10 21:04:14,p2312,p2312,6980.0,2.0,139600.0,2.0,6,6978.0,6980.0,2,6992.0,7002.0,7006.0,6980.0,148.0,10344300.0,11520
2023-05-10 21:04:15,p2312,p2312,6978.0,7.0,488460.0,5.0,3,6976.0,6978.0,2,6992.0,7002.0,7006.0,6978.0,155.0,10832760.0,11525
2023-05-10 21:04:15,p2312,p2312,6978.0,1.0,69780.0,0.0,5,6976.0,6978.0,1,6992.0,7002.0,7006.0,6978.0,156.0,10902540.0,11525
2023-05-10 21:04:16,p2312,p2312,6978.0,1.0,69780.0,-1.0,5,6976.0,6980.0,5,6992.0,7002.0,7006.0,6978.0,157.0,10972320.0,11524
2023-05-10 21:04:16,p2312,p2312,6978.0,0.0,0.0,0.0,7,6976.0,6980.0,2,6992.0,7002.0,7006.0,6978.0,157.0,10972320.0,11524
2023-05-10 21:04:17,p2312,p2312,6978.0,0.0,0.0,0.0,9,6976.0,6980.0,2,6992.0,7002.0,7006.0,6978.0,157.0,10972320.0,11524
2023-05-10 21:04:17,p2312,p2312,6978.0,0.0,0.0,0.0,7,6976.0,6980.0,7,6992.0,7002.0,7006.0,6978.0,157.0,10972320.0,11524
2023-05-10 21:04:18,p2312,p2312,6978.0,0.0,0.0,0.0,8,6976.0,6980.0,2,6992.0,7002.0,7006.0,6978.0,157.0,10972320.0,11524
2023-05-10 21:04:18,p2312,p2312,6978.0,0.0,0.0,0.0,3,6976.0,6980.0,19,6992.0,7002.0,7006.0,6978.0,157.0,10972320.0,11524
2023-05-10 21:04:19,p2312,p2312,6978.0,0.0,0.0,0.0,11,6974.0,6980.0,23,6992.0,7002.0,7006.0,6978.0,157.0,10972320.0,11524
2023-05-10 21:04:19,p2312,p2312,6978.0,0.0,0.0,0.0,12,6974.0,6980.0,22,6992.0,7002.0,7006.0,6978.0,157.0,10972320.0,11524
2023-05-10 21:04:20,p2312,p2312,6978.0,0.0,0.0,0.0,6,6974.0,6978.0,1,6992.0,7002.0,7006.0,6978.0,157.0,10972320.0,11524
2023-05-10 21:04:20,p2312,p2312,6978.0,0.0,0.0,0.0,2,6974.0,6978.0,10,6992.0,7002.0,7006.0,6978.0,157.0,10972320.0,11524
2023-05-10 21:04:21,p2312,p2312,6978.0,0.0,0.0,0.0,2,6976.0,6978.0,14,6992.0,7002.0,7006.0,6978.0,157.0,10972320.0,11524
2023-05-10 21:04:21,p2312,p2312,6978.0,1.0,69780.0,1.0,3,6976.0,6978.0,9,6992.0,7002.0,7006.0,6978.0,158.0,11042100.0,11525
2023-05-10 21:04:22,p2312,p2312,6978.0,0.0,0.0,0.0,8,6974.0,6978.0,3,6992.0,7002.0,7006.0,6978.0,158.0,11042100.0,11525
2023-05-10 21:04:22,p2312,p2312,6978.0,0.0,0.0,0.0,9,6974.0,6980.0,13,6992.0,7002.0,7006.0,6978.0,158.0,11042100.0,11525
2023-05-10 21:04:23,p2312,p2312,6978.0,0.0,0.0,0.0,4,6974.0,6978.0,2,6992.0,7002.0,7006.0,6978.0,158.0,11042100.0,11525
2023-05-10 21:04:23,p2312,p2312,6978.0,0.0,0.0,0.0,2,6974.0,6978.0,6,6992.0,7002.0,7006.0,6978.0,158.0,11042100.0,11525
2023-05-10 21:04:24,p2312,p2312,6978.0,0.0,0.0,0.0,7,6974.0,6978.0,1,6992.0,7002.0,7006.0,6978.0,158.0,11042100.0,11525
2023-05-10 21:04:24,p2312,p2312,6978.0,0.0,0.0,0.0,7,6974.0,6978.0,8,6992.0,7002.0,7006.0,6978.0,158.0,11042100.0,11525
2023-05-10 21:04:25,p2312,p2312,6978.0,0.0,0.0,0.0,1,6974.0,6978.0,20,6992.0,7002.0,7006.0,6978.0,158.0,11042100.0,11525
2023-05-10 21:04:25,p2312,p2312,6978.0,0.0,0.0,0.0,1,6974.0,6978.0,21,6992.0,7002.0,7006.0,6978.0,158.0,11042100.0,11525
2023-05-10 21:04:26,p2312,p2312,6978.0,0.0,0.0,0.0,4,6974.0,6978.0,12,6992.0,7002.0,7006.0,6978.0,158.0,11042100.0,11525
2023-05-10 21:04:26,p2312,p2312,6978.0,0.0,0.0,0.0,9,6972.0,6978.0,18,6992.0,7002.0,7006.0,6978.0,158.0,11042100.0,11525
2023-05-10 21:04:27,p2312,p2312,6978.0,0.0,0.0,0.0,11,6972.0,6978.0,16,6992.0,7002.0,7006.0,6978.0,158.0,11042100.0,11525
2023-05-10 21:04:27,p2312,p2312,6978.0,1.0,69780.0,0.0,11,6972.0,6978.0,17,6992.0,7002.0,7006.0,6978.0,159.0,11111880.0,11525
2023-05-10 21:04:28,p2312,p2312,6978.0,0.0,0.0,0.0,11,6972.0,6976.0,1,6992.0,7002.0,7006.0,6978.0,159.0,11111880.0,11525
2023-05-10 21:04:28,p2312,p2312,6978.0,0.0,0.0,0.0,5,6972.0,6976.0,8,6992.0,7002.0,7006.0,6978.0,159.0,11111880.0,11525
2023-05-10 21:04:29,p2312,p2312,6978.0,0.0,0.0,0.0,7,6972.0,6976.0,4,6992.0,7002.0,7006.0,6978.0,159.0,11111880.0,11525
2023-05-10 21:04:29,p2312,p2312,6978.0,0.0,0.0,0.0,1,6972.0,6976.0,14,6992.0,7002.0,7006.0,6978.0,159.0,11111880.0,11525
2023-05-10 21:04:30,p2312,p2312,6978.0,0.0,0.0,0.0,10,6970.0,6976.0,17,6992.0,7002.0,7006.0,6978.0,159.0,11111880.0,11525
2023-05-10 21:04:30,p2312,p2312,6978.0,0.0,0.0,0.0,11,6970.0,6974.0,1,6992.0,7002.0,7006.0,6978.0,159.0,11111880.0,11525
2023-05-10 21:04:31,p2312,p2312,6978.0,0.0,0.0,0.0,12,6970.0,6976.0,16,6992.0,7002.0,7006.0,6978.0,159.0,11111880.0,11525
2023-05-10 21:04:31,p2312,p2312,6976.0,23.0,1604480.0,13.0,2,6976.0,6978.0,2,6992.0,7002.0,7006.0,6976.0,182.0,12716360.0,11538
2023-05-10 21:04:32,p2312,p2312,6976.0,2.0,139520.0,0.0,2,6974.0,6976.0,3,6992.0,7002.0,7006.0,6976.0,184.0,12855880.0,11538
2023-05-10 21:04:32,p2312,p2312,6976.0,0.0,0.0,0.0,3,6972.0,6976.0,8,6992.0,7002.0,7006.0,6976.0,184.0,12855880.0,11538
2023-05-10 21:04:33,p2312,p2312,6976.0,0.0,0.0,0.0,12,6970.0,6976.0,14,6992.0,7002.0,7006.0,6976.0,184.0,12855880.0,11538
2023-05-10 21:04:33,p2312,p2312,6976.0,0.0,0.0,0.0,12,6970.0,6976.0,15,6992.0,7002.0,7006.0,6976.0,184.0,12855880.0,11538
2023-05-10 21:04:33,p2312,p2312,6976.0,0.0,0.0,0.0,12,6970.0,6976.0,17,6992.0,7002.0,7006.0,6976.0,184.0,12855880.0,11538
2023-05-10 21:04:34,p2312,p2312,6976.0,0.0,0.0,0.0,2,6972.0,6976.0,13,6992.0,7002.0,7006.0,6976.0,184.0,12855880.0,11538
2023-05-10 21:04:35,p2312,p2312,6976.0,0.0,0.0,0.0,3,6972.0,6976.0,11,6992.0,7002.0,7006.0,6976.0,184.0,12855880.0,11538
2023-05-10 21:04:35,p2312,p2312,6976.0,0.0,0.0,0.0,9,6970.0,6974.0,1,6992.0,7002.0,7006.0,6976.0,184.0,12855880.0,11538
2023-05-10 21:04:36,p2312,p2312,6974.0,3.0,209220.0,3.0,11,6970.0,6976.0,14,6992.0,7002.0,7006.0,6974.0,187.0,13065100.0,11541
2023-05-10 21:04:36,p2312,p2312,6974.0,12.0,837080.0,9.0,6,6970.0,6974.0,1,6992.0,7002.0,7006.0,6974.0,199.0,13902180.0,11550
2023-05-10 21:04:37,p2312,p2312,6974.0,1.0,69740.0,1.0,2,6974.0,6976.0,8,6992.0,7002.0,7006.0,6974.0,200.0,13971920.0,11551
2023-05-10 21:04:37,p2312,p2312,6974.0,6.0,418500.0,2.0,1,6972.0,6976.0,4,6992.0,7002.0,7006.0,6974.0,206.0,14390420.0,11553
2023-05-10 21:04:38,p2312,p2312,6976.0,3.0,209280.0,1.0,1,6976.0,6978.0,3,6992.0,7002.0,7006.0,6974.0,209.0,14599700.0,11554
2023-05-10 21:04:38,p2312,p2312,6974.0,3.0,209260.0,0.0,3,6974.0,6978.0,1,6992.0,7002.0,7006.0,6974.0,212.0,14808960.0,11554
2023-05-10 21:04:39,p2312,p2312,6974.0,0.0,0.0,0.0,5,6974.0,6978.0,1,6992.0,7002.0,7006.0,6974.0,212.0,14808960.0,11554
2023-05-10 21:04:39,p2312,p2312,6974.0,0.0,0.0,0.0,8,6974.0,6980.0,11,6992.0,7002.0,7006.0,6974.0,212.0,14808960.0,11554
2023-05-10 21:04:40,p2312,p2312,6974.0,0.0,0.0,0.0,9,6974.0,6978.0,1,6992.0,7002.0,7006.0,6974.0,212.0,14808960.0,11554
2023-05-10 21:04:40,p2312,p2312,6974.0,0.0,0.0,0.0,9,6974.0,6980.0,12,6992.0,7002.0,7006.0,6974.0,212.0,14808960.0,11554
2023-05-10 21:04:41,p2312,p2312,6974.0,0.0,0.0,0.0,4,6974.0,6978.0,2,6992.0,7002.0,7006.0,6974.0,212.0,14808960.0,11554
2023-05-10 21:04:42,p2312,p2312,6974.0,0.0,0.0,0.0,2,6976.0,6980.0,9,6992.0,7002.0,7006.0,6974.0,212.0,14808960.0,11554
2023-05-10 21:04:42,p2312,p2312,6974.0,0.0,0.0,0.0,9,6974.0,6980.0,9,6992.0,7002.0,7006.0,6974.0,212.0,14808960.0,11554
2023-05-10 21:04:43,p2312,p2312,6974.0,0.0,0.0,0.0,8,6974.0,6980.0,11,6992.0,7002.0,7006.0,6974.0,212.0,14808960.0,11554
2023-05-10 21:04:43,p2312,p2312,6974.0,0.0,0.0,0.0,9,6974.0,6980.0,11,6992.0,7002.0,7006.0,6974.0,212.0,14808960.0,11554
2023-05-10 21:04:43,p2312,p2312,6974.0,0.0,0.0,0.0,9,6974.0,6980.0,12,6992.0,7002.0,7006.0,6974.0,212.0,14808960.0,11554
2023-05-10 21:04:50,p2312,p2312,6974.0,0.0,0.0,0.0,10,6974.0,6980.0,12,6992.0,7002.0,7006.0,6974.0,212.0,14808960.0,11554
2023-05-10 21:04:51,p2312,p2312,6974.0,0.0,0.0,0.0,9,6974.0,6980.0,12,6992.0,7002.0,7006.0,6974.0,212.0,14808960.0,11554
2023-05-10 21:04:54,p2312,p2312,6974.0,0.0,0.0,0.0,3,6976.0,6980.0,7,6992.0,7002.0,7006.0,6974.0,212.0,14808960.0,11554
2023-05-10 21:04:54,p2312,p2312,6974.0,0.0,0.0,0.0,10,6974.0,6980.0,10,6992.0,7002.0,7006.0,6974.0,212.0,14808960.0,11554
2023-05-10 21:04:55,p2312,p2312,6974.0,0.0,0.0,0.0,10,6974.0,6980.0,12,6992.0,7002.0,7006.0,6974.0,212.0,14808960.0,11554
2023-05-10 21:04:55,p2312,p2312,6974.0,0.0,0.0,0.0,9,6974.0,6980.0,12,6992.0,7002.0,7006.0,6974.0,212.0,14808960.0,11554
2023-05-10 21:04:59,p2312,p2312,6974.0,0.0,0.0,0.0,8,6974.0,6980.0,12,6992.0,7002.0,7006.0,6974.0,212.0,14808960.0,11554
2023-05-10 21:04:59,p2312,p2312,6974.0,0.0,0.0,0.0,2,6976.0,6980.0,9,6992.0,7002.0,7006.0,6974.0,212.0,14808960.0,11554
2023-05-10 21:05:00,p2312,p2312,6974.0,0.0,0.0,0.0,10,6974.0,6980.0,8,6992.0,7002.0,7006.0,6974.0,212.0,14808960.0,11554
2023-05-10 21:05:00,p2312,p2312,6980.0,1.0,69800.0,1.0,12,6974.0,6978.0,1,6992.0,7002.0,7006.0,6974.0,213.0,14878760.0,11555
2023-05-10 21:05:01,p2312,p2312,6980.0,0.0,0.0,0.0,10,6974.0,6980.0,11,6992.0,7002.0,7006.0,6974.0,213.0,14878760.0,11555
2023-05-10 21:05:01,p2312,p2312,6980.0,0.0,0.0,0.0,1,6976.0,6980.0,11,6992.0,7002.0,7006.0,6974.0,213.0,14878760.0,11555
2023-05-10 21:05:02,p2312,p2312,6980.0,0.0,0.0,0.0,1,6976.0,6980.0,12,6992.0,7002.0,7006.0,6974.0,213.0,14878760.0,11555
2023-05-10 21:05:02,p2312,p2312,6980.0,0.0,0.0,0.0,1,6976.0,6980.0,11,6992.0,7002.0,7006.0,6974.0,213.0,14878760.0,11555
2023-05-10 21:05:02,p2312,p2312,6980.0,0.0,0.0,0.0,1,6976.0,6980.0,12,6992.0,7002.0,7006.0,6974.0,213.0,14878760.0,11555
2023-05-10 21:05:03,p2312,p2312,6980.0,0.0,0.0,0.0,13,6974.0,6980.0,12,6992.0,7002.0,7006.0,6974.0,213.0,14878760.0,11555
2023-05-10 21:05:05,p2312,p2312,6980.0,0.0,0.0,0.0,11,6974.0,6980.0,12,6992.0,7002.0,7006.0,6974.0,213.0,14878760.0,11555
2023-05-10 21:05:05,p2312,p2312,6980.0,0.0,0.0,0.0,1,6976.0,6980.0,10,6992.0,7002.0,7006.0,6974.0,213.0,14878760.0,11555
2023-05-10 21:05:06,p2312,p2312,6980.0,0.0,0.0,0.0,6,6976.0,6980.0,4,6992.0,7002.0,7006.0,6974.0,213.0,14878760.0,11555
2023-05-10 21:05:06,p2312,p2312,6980.0,0.0,0.0,0.0,9,6976.0,6980.0,3,6992.0,7002.0,7006.0,6974.0,213.0,14878760.0,11555
2023-05-10 21:05:07,p2312,p2312,6980.0,0.0,0.0,0.0,5,6976.0,6980.0,7,6992.0,7002.0,7006.0,6974.0,213.0,14878760.0,11555
2023-05-10 21:05:07,p2312,p2312,6980.0,0.0,0.0,0.0,1,6976.0,6980.0,10,6992.0,7002.0,7006.0,6974.0,213.0,14878760.0,11555
2023-05-10 21:05:08,p2312,p2312,6980.0,0.0,0.0,0.0,1,6976.0,6980.0,12,6992.0,7002.0,7006.0,6974.0,213.0,14878760.0,11555
2023-05-10 21:05:08,p2312,p2312,6980.0,0.0,0.0,0.0,13,6974.0,6980.0,12,6992.0,7002.0,7006.0,6974.0,213.0,14878760.0,11555
2023-05-10 21:05:09,p2312,p2312,6980.0,0.0,0.0,0.0,12,6974.0,6980.0,12,6992.0,7002.0,7006.0,6974.0,213.0,14878760.0,11555
2023-05-10 21:05:12,p2312,p2312,6980.0,0.0,0.0,0.0,5,6976.0,6980.0,7,6992.0,7002.0,7006.0,6974.0,213.0,14878760.0,11555
2023-05-10 21:05:13,p2312,p2312,6980.0,0.0,0.0,0.0,7,6976.0,6980.0,4,6992.0,7002.0,7006.0,6974.0,213.0,14878760.0,11555
2023-05-10 21:05:13,p2312,p2312,6980.0,0.0,0.0,0.0,8,6976.0,6980.0,2,6992.0,7002.0,7006.0,6974.0,213.0,14878760.0,11555
2023-05-10 21:05:13,p2312,p2312,6980.0,0.0,0.0,0.0,9,6976.0,6980.0,2,6992.0,7002.0,7006.0,6974.0,213.0,14878760.0,11555
2023-05-10 21:05:15,p2312,p2312,6980.0,2.0,139600.0,0.0,11,6976.0,6982.0,10,6992.0,7002.0,7006.0,6974.0,215.0,15018360.0,11555
2023-05-10 21:05:16,p2312,p2312,6980.0,0.0,0.0,0.0,5,6978.0,6982.0,4,6992.0,7002.0,7006.0,6974.0,215.0,15018360.0,11555
2023-05-10 21:05:16,p2312,p2312,6980.0,0.0,0.0,0.0,11,6978.0,6984.0,12,6992.0,7002.0,7006.0,6974.0,215.0,15018360.0,11555
2023-05-10 21:05:17,p2312,p2312,6980.0,0.0,0.0,0.0,1,6980.0,6984.0,12,6992.0,7002.0,7006.0,6974.0,215.0,15018360.0,11555
2023-05-10 21:05:17,p2312,p2312,6980.0,0.0,0.0,0.0,5,6980.0,6984.0,7,6992.0,7002.0,7006.0,6974.0,215.0,15018360.0,11555
2023-05-10 21:05:18,p2312,p2312,6980.0,0.0,0.0,0.0,3,6980.0,6984.0,8,6992.0,7002.0,7006.0,6974.0,215.0,15018360.0,11555
2023-05-10 21:05:18,p2312,p2312,6980.0,0.0,0.0,0.0,3,6980.0,6984.0,5,6992.0,7002.0,7006.0,6974.0,215.0,15018360.0,11555
2023-05-10 21:05:19,p2312,p2312,6980.0,0.0,0.0,0.0,3,6980.0,6984.0,2,6992.0,7002.0,7006.0,6974.0,215.0,15018360.0,11555
2023-05-10 21:05:19,p2312,p2312,6980.0,0.0,0.0,0.0,6,6980.0,6984.0,1,6992.0,7002.0,7006.0,6974.0,215.0,15018360.0,11555
2023-05-10 21:05:20,p2312,p2312,6980.0,0.0,0.0,0.0,10,6980.0,6984.0,1,6992.0,7002.0,7006.0,6974.0,215.0,15018360.0,11555
2023-05-10 21:05:20,p2312,p2312,6980.0,0.0,0.0,0.0,11,6980.0,6984.0,1,6992.0,7002.0,7006.0,6974.0,215.0,15018360.0,11555
2023-05-10 21:05:21,p2312,p2312,6980.0,0.0,0.0,0.0,7,6980.0,6984.0,2,6992.0,7002.0,7006.0,6974.0,215.0,15018360.0,11555
2023-05-10 21:05:25,p2312,p2312,6980.0,0.0,0.0,0.0,8,6980.0,6984.0,1,6992.0,7002.0,7006.0,6974.0,215.0,15018360.0,11555
2023-05-10 21:05:25,p2312,p2312,6980.0,0.0,0.0,0.0,12,6980.0,6986.0,13,6992.0,7002.0,7006.0,6974.0,215.0,15018360.0,11555
2023-05-10 21:05:26,p2312,p2312,6980.0,10.0,698000.0,5.0,4,6978.0,6980.0,4,6992.0,7002.0,7006.0,6974.0,225.0,15716360.0,11560
2023-05-10 21:05:26,p2312,p2312,6978.0,2.0,139560.0,-2.0,3,6976.0,6978.0,2,6992.0,7002.0,7006.0,6974.0,227.0,15855920.0,11558
2023-05-10 21:05:27,p2312,p2312,6978.0,0.0,0.0,0.0,4,6976.0,6978.0,1,6992.0,7002.0,7006.0,6974.0,227.0,15855920.0,11558
2023-05-10 21:05:28,p2312,p2312,6978.0,0.0,0.0,0.0,6,6976.0,6978.0,2,6992.0,7002.0,7006.0,6974.0,227.0,15855920.0,11558
2023-05-10 21:05:29,p2312,p2312,6978.0,0.0,0.0,0.0,2,6976.0,6978.0,2,6992.0,7002.0,7006.0,6974.0,227.0,15855920.0,11558
2023-05-10 21:05:29,p2312,p2312,6978.0,2.0,139560.0,-1.0,3,6976.0,6978.0,1,6992.0,7002.0,7006.0,6974.0,229.0,15995480.0,11557
2023-05-10 21:05:31,p2312,p2312,6978.0,0.0,0.0,0.0,2,6976.0,6978.0,1,6992.0,7002.0,7006.0,6974.0,229.0,15995480.0,11557
2023-05-10 21:05:32,p2312,p2312,6978.0,0.0,0.0,0.0,1,6976.0,6978.0,2,6992.0,7002.0,7006.0,6974.0,229.0,15995480.0,11557
2023-05-10 21:05:33,p2312,p2312,6978.0,0.0,0.0,0.0,11,6974.0,6978.0,2,6992.0,7002.0,7006.0,6974.0,229.0,15995480.0,11557
2023-05-10 21:05:34,p2312,p2312,6978.0,0.0,0.0,0.0,6,6974.0,6976.0,1,6992.0,7002.0,7006.0,6974.0,229.0,15995480.0,11557
2023-05-10 21:05:34,p2312,p2312,6976.0,1.0,69760.0,1.0,12,6972.0,6978.0,10,6992.0,7002.0,7006.0,6974.0,230.0,16065240.0,11558
2023-05-10 21:05:35,p2312,p2312,6976.0,0.0,0.0,0.0,1,6974.0,6978.0,12,6992.0,7002.0,7006.0,6974.0,230.0,16065240.0,11558
2023-05-10 21:05:35,p2312,p2312,6976.0,0.0,0.0,0.0,12,6972.0,6978.0,12,6992.0,7002.0,7006.0,6974.0,230.0,16065240.0,11558
2023-05-10 21:05:38,p2312,p2312,6976.0,0.0,0.0,0.0,2,6974.0,6978.0,9,6992.0,7002.0,7006.0,6974.0,230.0,16065240.0,11558
2023-05-10 21:05:39,p2312,p2312,6976.0,0.0,0.0,0.0,2,6974.0,6978.0,5,6992.0,7002.0,7006.0,6974.0,230.0,16065240.0,11558
2023-05-10 21:05:39,p2312,p2312,6976.0,0.0,0.0,0.0,1,6974.0,6976.0,2,6992.0,7002.0,7006.0,6974.0,230.0,16065240.0,11558
2023-05-10 21:05:40,p2312,p2312,6976.0,0.0,0.0,0.0,12,6972.0,6978.0,10,6992.0,7002.0,7006.0,6974.0,230.0,16065240.0,11558
2023-05-10 21:05:40,p2312,p2312,6976.0,0.0,0.0,0.0,12,6972.0,6978.0,12,6992.0,7002.0,7006.0,6974.0,230.0,16065240.0,11558
2023-05-10 21:05:41,p2312,p2312,6976.0,0.0,0.0,0.0,2,6974.0,6978.0,9,6992.0,7002.0,7006.0,6974.0,230.0,16065240.0,11558
2023-05-10 21:05:41,p2312,p2312,6976.0,0.0,0.0,0.0,2,6974.0,6978.0,6,6992.0,7002.0,7006.0,6974.0,230.0,16065240.0,11558
2023-05-10 21:05:42,p2312,p2312,6976.0,0.0,0.0,0.0,2,6974.0,6978.0,2,6992.0,7002.0,7006.0,6974.0,230.0,16065240.0,11558
2023-05-10 21:05:42,p2312,p2312,6976.0,0.0,0.0,0.0,2,6974.0,6978.0,1,6992.0,7002.0,7006.0,6974.0,230.0,16065240.0,11558
2023-05-10 21:05:43,p2312,p2312,6976.0,0.0,0.0,0.0,4,6974.0,6978.0,1,6992.0,7002.0,7006.0,6974.0,230.0,16065240.0,11558
2023-05-10 21:05:44,p2312,p2312,6976.0,0.0,0.0,0.0,7,6974.0,6978.0,1,6992.0,7002.0,7006.0,6974.0,230.0,16065240.0,11558
2023-05-10 21:05:44,p2312,p2312,6976.0,0.0,0.0,0.0,9,6974.0,6978.0,1,6992.0,7002.0,7006.0,6974.0,230.0,16065240.0,11558
2023-05-10 21:05:45,p2312,p2312,6976.0,0.0,0.0,0.0,11,6974.0,6978.0,1,6992.0,7002.0,7006.0,6974.0,230.0,16065240.0,11558
2023-05-10 21:05:45,p2312,p2312,6976.0,0.0,0.0,0.0,13,6974.0,6978.0,1,6992.0,7002.0,7006.0,6974.0,230.0,16065240.0,11558
2023-05-10 21:05:46,p2312,p2312,6976.0,0.0,0.0,0.0,6,6976.0,6980.0,7,6992.0,7002.0,7006.0,6974.0,230.0,16065240.0,11558
2023-05-10 21:05:47,p2312,p2312,6976.0,0.0,0.0,0.0,2,6978.0,6980.0,4,6992.0,7002.0,7006.0,6974.0,230.0,16065240.0,11558
2023-05-10 21:05:47,p2312,p2312,6976.0,0.0,0.0,0.0,18,6976.0,6980.0,2,6992.0,7002.0,7006.0,6974.0,230.0,16065240.0,11558
2023-05-10 21:05:48,p2312,p2312,6976.0,0.0,0.0,0.0,1,6978.0,6980.0,2,6992.0,7002.0,7006.0,6974.0,230.0,16065240.0,11558
2023-05-10 21:05:49,p2312,p2312,6976.0,0.0,0.0,0.0,2,6978.0,6980.0,2,6992.0,7002.0,7006.0,6974.0,230.0,16065240.0,11558
2023-05-10 21:05:50,p2312,p2312,6976.0,0.0,0.0,0.0,1,6978.0,6980.0,2,6992.0,7002.0,7006.0,6974.0,230.0,16065240.0,11558
2023-05-10 21:05:50,p2312,p2312,6976.0,0.0,0.0,0.0,18,6976.0,6980.0,2,6992.0,7002.0,7006.0,6974.0,230.0,16065240.0,11558
2023-05-10 21:05:52,p2312,p2312,6980.0,2.0,139600.0,0.0,7,6978.0,6982.0,5,6992.0,7002.0,7006.0,6974.0,232.0,16204840.0,11558
2023-05-10 21:05:52,p2312,p2312,6980.0,0.0,0.0,0.0,16,6978.0,6984.0,12,6992.0,7002.0,7006.0,6974.0,232.0,16204840.0,11558
2023-05-10 21:05:53,p2312,p2312,6980.0,0.0,0.0,0.0,1,6980.0,6984.0,12,6992.0,7002.0,7006.0,6974.0,232.0,16204840.0,11558
2023-05-10 21:05:54,p2312,p2312,6980.0,0.0,0.0,0.0,18,6978.0,6984.0,12,6992.0,7002.0,7006.0,6974.0,232.0,16204840.0,11558
2023-05-10 21:05:54,p2312,p2312,6980.0,0.0,0.0,0.0,6,6978.0,6982.0,3,6992.0,7002.0,7006.0,6974.0,232.0,16204840.0,11558
2023-05-10 21:05:55,p2312,p2312,6980.0,0.0,0.0,0.0,6,6978.0,6984.0,11,6992.0,7002.0,7006.0,6974.0,232.0,16204840.0,11558
2023-05-10 21:05:55,p2312,p2312,6980.0,0.0,0.0,0.0,8,6978.0,6982.0,1,6992.0,7002.0,7006.0,6974.0,232.0,16204840.0,11558
2023-05-10 21:05:56,p2312,p2312,6980.0,0.0,0.0,0.0,1,6982.0,6984.0,8,6992.0,7002.0,7006.0,6974.0,232.0,16204840.0,11558
2023-05-10 21:05:56,p2312,p2312,6980.0,0.0,0.0,0.0,7,6980.0,6984.0,4,6992.0,7002.0,7006.0,6974.0,232.0,16204840.0,11558
2023-05-10 21:05:57,p2312,p2312,6980.0,0.0,0.0,0.0,8,6980.0,6986.0,13,6992.0,7002.0,7006.0,6974.0,232.0,16204840.0,11558
2023-05-10 21:05:57,p2312,p2312,6980.0,0.0,0.0,0.0,11,6980.0,6986.0,13,6992.0,7002.0,7006.0,6974.0,232.0,16204840.0,11558
2023-05-10 21:05:57,p2312,p2312,6980.0,0.0,0.0,0.0,12,6980.0,6986.0,13,6992.0,7002.0,7006.0,6974.0,232.0,16204840.0,11558
2023-05-10 21:06:00,p2312,p2312,6980.0,0.0,0.0,0.0,1,6982.0,6986.0,13,6992.0,7002.0,7006.0,6974.0,232.0,16204840.0,11558
2023-05-10 21:06:00,p2312,p2312,6980.0,0.0,0.0,0.0,13,6980.0,6986.0,13,6992.0,7002.0,7006.0,6974.0,232.0,16204840.0,11558
2023-05-10 21:06:01,p2312,p2312,6980.0,0.0,0.0,0.0,1,6982.0,6986.0,11,6992.0,7002.0,7006.0,6974.0,232.0,16204840.0,11558
2023-05-10 21:06:01,p2312,p2312,6980.0,0.0,0.0,0.0,1,6982.0,6986.0,12,6992.0,7002.0,7006.0,6974.0,232.0,16204840.0,11558
2023-05-10 21:06:02,p2312,p2312,6980.0,0.0,0.0,0.0,1,6982.0,6986.0,13,6992.0,7002.0,7006.0,6974.0,232.0,16204840.0,11558
2023-05-10 21:06:02,p2312,p2312,6980.0,0.0,0.0,0.0,2,6982.0,6986.0,12,6992.0,7002.0,7006.0,6974.0,232.0,16204840.0,11558
2023-05-10 21:06:03,p2312,p2312,6980.0,0.0,0.0,0.0,1,6982.0,6986.0,12,6992.0,7002.0,7006.0,6974.0,232.0,16204840.0,11558
2023-05-10 21:06:04,p2312,p2312,6980.0,0.0,0.0,0.0,9,6982.0,6986.0,3,6992.0,7002.0,7006.0,6974.0,232.0,16204840.0,11558
2023-05-10 21:06:04,p2312,p2312,6980.0,0.0,0.0,0.0,11,6982.0,6988.0,12,6992.0,7002.0,7006.0,6974.0,232.0,16204840.0,11558
2023-05-10 21:06:05,p2312,p2312,6980.0,0.0,0.0,0.0,1,6984.0,6988.0,12,6992.0,7002.0,7006.0,6974.0,232.0,16204840.0,11558
2023-05-10 21:06:05,p2312,p2312,6980.0,0.0,0.0,0.0,7,6984.0,6988.0,5,6992.0,7002.0,7006.0,6974.0,232.0,16204840.0,11558
2023-05-10 21:06:06,p2312,p2312,6980.0,0.0,0.0,0.0,10,6984.0,6988.0,1,6992.0,7002.0,7006.0,6974.0,232.0,16204840.0,11558
2023-05-10 21:06:06,p2312,p2312,6980.0,0.0,0.0,0.0,1,6986.0,6988.0,1,6992.0,7002.0,7006.0,6974.0,232.0,16204840.0,11558
2023-05-10 21:06:07,p2312,p2312,6980.0,0.0,0.0,0.0,6,6986.0,6988.0,1,6992.0,7002.0,7006.0,6974.0,232.0,16204840.0,11558
2023-05-10 21:06:07,p2312,p2312,6988.0,1.0,69880.0,-1.0,6,6986.0,6990.0,1,6992.0,7002.0,7006.0,6974.0,233.0,16274720.0,11557
2023-05-10 21:06:08,p2312,p2312,6988.0,0.0,0.0,0.0,1,6988.0,6992.0,9,6992.0,7002.0,7006.0,6974.0,233.0,16274720.0,11557
2023-05-10 21:06:08,p2312,p2312,6988.0,1.0,69880.0,0.0,2,6988.0,6992.0,5,6992.0,7002.0,7006.0,6974.0,234.0,16344600.0,11557
2023-05-10 21:06:09,p2312,p2312,6988.0,0.0,0.0,0.0,8,6986.0,6992.0,7,6992.0,7002.0,7006.0,6974.0,234.0,16344600.0,11557
2023-05-10 21:06:09,p2312,p2312,6988.0,0.0,0.0,0.0,9,6986.0,6992.0,8,6992.0,7002.0,7006.0,6974.0,234.0,16344600.0,11557
2023-05-10 21:06:09,p2312,p2312,6988.0,0.0,0.0,0.0,9,6986.0,6992.0,9,6992.0,7002.0,7006.0,6974.0,234.0,16344600.0,11557
2023-05-10 21:06:10,p2312,p2312,6988.0,0.0,0.0,0.0,5,6988.0,6992.0,5,6992.0,7002.0,7006.0,6974.0,234.0,16344600.0,11557
2023-05-10 21:06:11,p2312,p2312,6988.0,0.0,0.0,0.0,7,6988.0,6994.0,12,6992.0,7002.0,7006.0,6974.0,234.0,16344600.0,11557
2023-05-10 21:06:11,p2312,p2312,6988.0,0.0,0.0,0.0,8,6988.0,6994.0,11,6992.0,7002.0,7006.0,6974.0,234.0,16344600.0,11557
2023-05-10 21:06:12,p2312,p2312,6988.0,0.0,0.0,0.0,9,6988.0,6994.0,11,6992.0,7002.0,7006.0,6974.0,234.0,16344600.0,11557
2023-05-10 21:06:12,p2312,p2312,6988.0,0.0,0.0,0.0,4,6988.0,6994.0,11,6992.0,7002.0,7006.0,6974.0,234.0,16344600.0,11557
2023-05-10 21:06:13,p2312,p2312,6988.0,0.0,0.0,0.0,5,6988.0,6992.0,2,6992.0,7002.0,7006.0,6974.0,234.0,16344600.0,11557
2023-05-10 21:06:13,p2312,p2312,6988.0,0.0,0.0,0.0,2,6988.0,6992.0,9,6992.0,7002.0,7006.0,6974.0,234.0,16344600.0,11557
2023-05-10 21:06:14,p2312,p2312,6988.0,0.0,0.0,0.0,1,6988.0,6992.0,11,6992.0,7002.0,7006.0,6974.0,234.0,16344600.0,11557
2023-05-10 21:06:14,p2312,p2312,6988.0,0.0,0.0,0.0,5,6988.0,6992.0,11,6992.0,7002.0,7006.0,6974.0,234.0,16344600.0,11557
2023-05-10 21:06:15,p2312,p2312,6988.0,0.0,0.0,0.0,3,6988.0,6992.0,6,6992.0,7002.0,7006.0,6974.0,234.0,16344600.0,11557
2023-05-10 21:06:15,p2312,p2312,6988.0,0.0,0.0,0.0,3,6988.0,6992.0,2,6992.0,7002.0,7006.0,6974.0,234.0,16344600.0,11557
2023-05-10 21:06:16,p2312,p2312,6988.0,0.0,0.0,0.0,5,6988.0,6994.0,12,6992.0,7002.0,7006.0,6974.0,234.0,16344600.0,11557
2023-05-10 21:06:16,p2312,p2312,6988.0,0.0,0.0,0.0,8,6988.0,6994.0,16,6992.0,7002.0,7006.0,6974.0,234.0,16344600.0,11557
2023-05-10 21:06:16,p2312,p2312,6988.0,0.0,0.0,0.0,9,6988.0,6994.0,16,6992.0,7002.0,7006.0,6974.0,234.0,16344600.0,11557
2023-05-10 21:06:18,p2312,p2312,6988.0,0.0,0.0,0.0,8,6988.0,6992.0,2,6992.0,7002.0,7006.0,6974.0,234.0,16344600.0,11557
2023-05-10 21:06:18,p2312,p2312,6988.0,0.0,0.0,0.0,9,6988.0,6992.0,2,6992.0,7002.0,7006.0,6974.0,234.0,16344600.0,11557
2023-05-10 21:06:18,p2312,p2312,6988.0,0.0,0.0,0.0,8,6988.0,6992.0,2,6992.0,7002.0,7006.0,6974.0,234.0,16344600.0,11557
2023-05-10 21:06:19,p2312,p2312,6988.0,0.0,0.0,0.0,9,6988.0,6992.0,2,6992.0,7002.0,7006.0,6974.0,234.0,16344600.0,11557
2023-05-10 21:06:20,p2312,p2312,6988.0,0.0,0.0,0.0,8,6988.0,6992.0,2,6992.0,7002.0,7006.0,6974.0,234.0,16344600.0,11557
2023-05-10 21:06:22,p2312,p2312,6988.0,0.0,0.0,0.0,9,6988.0,6992.0,2,6992.0,7002.0,7006.0,6974.0,234.0,16344600.0,11557
2023-05-10 21:06:24,p2312,p2312,6988.0,0.0,0.0,0.0,10,6988.0,6992.0,1,6992.0,7002.0,7006.0,6974.0,234.0,16344600.0,11557
2023-05-10 21:06:25,p2312,p2312,6988.0,0.0,0.0,0.0,13,6988.0,6994.0,16,6992.0,7002.0,7006.0,6974.0,234.0,16344600.0,11557
2023-05-10 21:06:25,p2312,p2312,6988.0,0.0,0.0,0.0,13,6988.0,6994.0,17,6992.0,7002.0,7006.0,6974.0,234.0,16344600.0,11557
2023-05-10 21:06:27,p2312,p2312,6988.0,0.0,0.0,0.0,6,6990.0,6994.0,11,6992.0,7002.0,7006.0,6974.0,234.0,16344600.0,11557
2023-05-10 21:06:27,p2312,p2312,6988.0,0.0,0.0,0.0,4,6990.0,6994.0,13,6992.0,7002.0,7006.0,6974.0,234.0,16344600.0,11557
2023-05-10 21:06:28,p2312,p2312,6988.0,0.0,0.0,0.0,12,6988.0,6994.0,17,6992.0,7002.0,7006.0,6974.0,234.0,16344600.0,11557
2023-05-10 21:06:28,p2312,p2312,6988.0,0.0,0.0,0.0,13,6988.0,6994.0,16,6992.0,7002.0,7006.0,6974.0,234.0,16344600.0,11557
2023-05-10 21:06:29,p2312,p2312,6988.0,0.0,0.0,0.0,4,6990.0,6994.0,12,6992.0,7002.0,7006.0,6974.0,234.0,16344600.0,11557
2023-05-10 21:06:29,p2312,p2312,6988.0,0.0,0.0,0.0,1,6990.0,6994.0,14,6992.0,7002.0,7006.0,6974.0,234.0,16344600.0,11557
2023-05-10 21:06:30,p2312,p2312,6988.0,0.0,0.0,0.0,12,6988.0,6994.0,16,6992.0,7002.0,7006.0,6974.0,234.0,16344600.0,11557
2023-05-10 21:06:30,p2312,p2312,6988.0,0.0,0.0,0.0,13,6988.0,6994.0,17,6992.0,7002.0,7006.0,6974.0,234.0,16344600.0,11557
2023-05-10 21:06:31,p2312,p2312,6988.0,10.0,698800.0,1.0,4,6986.0,6988.0,4,6992.0,7002.0,7006.0,6974.0,244.0,17043400.0,11558
2023-05-10 21:06:32,p2312,p2312,6988.0,4.0,279520.0,-1.0,7,6986.0,6988.0,1,6992.0,7002.0,7006.0,6974.0,248.0,17322920.0,11557
2023-05-10 21:06:32,p2312,p2312,6988.0,1.0,69880.0,0.0,2,6988.0,6990.0,1,6992.0,7002.0,7006.0,6974.0,249.0,17392800.0,11557
2023-05-10 21:06:33,p2312,p2312,6988.0,1.0,69880.0,0.0,11,6986.0,6990.0,1,6992.0,7002.0,7006.0,6974.0,250.0,17462680.0,11557
2023-05-10 21:06:33,p2312,p2312,6988.0,0.0,0.0,0.0,13,6986.0,6990.0,1,6992.0,7002.0,7006.0,6974.0,250.0,17462680.0,11557
2023-05-10 21:06:36,p2312,p2312,6988.0,0.0,0.0,0.0,5,6986.0,6988.0,1,6992.0,7002.0,7006.0,6974.0,250.0,17462680.0,11557
2023-05-10 21:06:36,p2312,p2312,6986.0,2.0,139720.0,-1.0,1,6986.0,6988.0,3,6992.0,7002.0,7006.0,6974.0,252.0,17602400.0,11556
2023-05-10 21:06:37,p2312,p2312,6986.0,0.0,0.0,0.0,13,6984.0,6988.0,1,6992.0,7002.0,7006.0,6974.0,252.0,17602400.0,11556
2023-05-10 21:06:41,p2312,p2312,6986.0,0.0,0.0,0.0,13,6984.0,6988.0,2,6992.0,7002.0,7006.0,6974.0,252.0,17602400.0,11556
2023-05-10 21:06:42,p2312,p2312,6986.0,0.0,0.0,0.0,8,6984.0,6986.0,1,6992.0,7002.0,7006.0,6974.0,252.0,17602400.0,11556
2023-05-10 21:06:42,p2312,p2312,6986.0,0.0,0.0,0.0,8,6984.0,6988.0,2,6992.0,7002.0,7006.0,6974.0,252.0,17602400.0,11556
2023-05-10 21:06:43,p2312,p2312,6986.0,0.0,0.0,0.0,12,6984.0,6988.0,2,6992.0,7002.0,7006.0,6974.0,252.0,17602400.0,11556
2023-05-10 21:06:43,p2312,p2312,6986.0,0.0,0.0,0.0,8,6984.0,6986.0,1,6992.0,7002.0,7006.0,6974.0,252.0,17602400.0,11556
2023-05-10 21:06:44,p2312,p2312,6986.0,0.0,0.0,0.0,5,6984.0,6986.0,1,6992.0,7002.0,7006.0,6974.0,252.0,17602400.0,11556
2023-05-10 21:06:44,p2312,p2312,6986.0,0.0,0.0,0.0,3,6984.0,6986.0,1,6992.0,7002.0,7006.0,6974.0,252.0,17602400.0,11556
2023-05-10 21:06:45,p2312,p2312,6986.0,0.0,0.0,0.0,2,6984.0,6986.0,1,6992.0,7002.0,7006.0,6974.0,252.0,17602400.0,11556
2023-05-10 21:06:46,p2312,p2312,6986.0,0.0,0.0,0.0,13,6982.0,6986.0,1,6992.0,7002.0,7006.0,6974.0,252.0,17602400.0,11556
2023-05-10 21:06:47,p2312,p2312,6984.0,1.0,69840.0,-1.0,12,6982.0,6988.0,13,6992.0,7002.0,7006.0,6974.0,253.0,17672240.0,11555
2023-05-10 21:06:48,p2312,p2312,6984.0,0.0,0.0,0.0,13,6982.0,6988.0,12,6992.0,7002.0,7006.0,6974.0,253.0,17672240.0,11555
2023-05-10 21:06:49,p2312,p2312,6984.0,0.0,0.0,0.0,13,6982.0,6988.0,13,6992.0,7002.0,7006.0,6974.0,253.0,17672240.0,11555
2023-05-10 21:06:49,p2312,p2312,6982.0,1.0,69820.0,0.0,12,6982.0,6988.0,12,6992.0,7002.0,7006.0,6974.0,254.0,17742060.0,11555
2023-05-10 21:06:50,p2312,p2312,6982.0,0.0,0.0,0.0,3,6984.0,6988.0,8,6992.0,7002.0,7006.0,6974.0,254.0,17742060.0,11555
2023-05-10 21:06:50,p2312,p2312,6982.0,0.0,0.0,0.0,4,6984.0,6988.0,5,6992.0,7002.0,7006.0,6974.0,254.0,17742060.0,11555
2023-05-10 21:06:51,p2312,p2312,6982.0,0.0,0.0,0.0,4,6984.0,6988.0,2,6992.0,7002.0,7006.0,6974.0,254.0,17742060.0,11555
2023-05-10 21:06:51,p2312,p2312,6982.0,0.0,0.0,0.0,7,6984.0,6988.0,1,6992.0,7002.0,7006.0,6974.0,254.0,17742060.0,11555
2023-05-10 21:06:52,p2312,p2312,6982.0,0.0,0.0,0.0,1,6986.0,6988.0,1,6992.0,7002.0,7006.0,6974.0,254.0,17742060.0,11555
2023-05-10 21:06:52,p2312,p2312,6988.0,1.0,69880.0,-1.0,7,6986.0,6990.0,3,6992.0,7002.0,7006.0,6974.0,255.0,17811940.0,11554
2023-05-10 21:06:53,p2312,p2312,6988.0,0.0,0.0,0.0,9,6986.0,6990.0,1,6992.0,7002.0,7006.0,6974.0,255.0,17811940.0,11554
2023-05-10 21:06:53,p2312,p2312,6988.0,0.0,0.0,0.0,1,6986.0,6990.0,10,6992.0,7002.0,7006.0,6974.0,255.0,17811940.0,11554
2023-05-10 21:06:54,p2312,p2312,6988.0,0.0,0.0,0.0,9,6984.0,6990.0,16,6992.0,7002.0,7006.0,6974.0,255.0,17811940.0,11554
2023-05-10 21:06:55,p2312,p2312,6988.0,0.0,0.0,0.0,11,6984.0,6990.0,15,6992.0,7002.0,7006.0,6974.0,255.0,17811940.0,11554
2023-05-10 21:06:56,p2312,p2312,6988.0,0.0,0.0,0.0,3,6986.0,6990.0,6,6992.0,7002.0,7006.0,6974.0,255.0,17811940.0,11554
2023-05-10 21:06:56,p2312,p2312,6988.0,0.0,0.0,0.0,9,6984.0,6990.0,8,6992.0,7002.0,7006.0,6974.0,255.0,17811940.0,11554
2023-05-10 21:06:57,p2312,p2312,6988.0,0.0,0.0,0.0,10,6984.0,6990.0,11,6992.0,7002.0,7006.0,6974.0,255.0,17811940.0,11554
2023-05-10 21:06:57,p2312,p2312,6988.0,0.0,0.0,0.0,12,6984.0,6990.0,16,6992.0,7002.0,7006.0,6974.0,255.0,17811940.0,11554
2023-05-10 21:06:58,p2312,p2312,6988.0,0.0,0.0,0.0,6,6984.0,6988.0,6,6992.0,7002.0,7006.0,6974.0,255.0,17811940.0,11554
2023-05-10 21:06:58,p2312,p2312,6988.0,0.0,0.0,0.0,1,6984.0,6988.0,13,6992.0,7002.0,7006.0,6974.0,255.0,17811940.0,11554
2023-05-10 21:06:59,p2312,p2312,6988.0,0.0,0.0,0.0,8,6982.0,6988.0,17,6992.0,7002.0,7006.0,6974.0,255.0,17811940.0,11554
2023-05-10 21:06:59,p2312,p2312,6988.0,0.0,0.0,0.0,11,6982.0,6988.0,10,6992.0,7002.0,7006.0,6974.0,255.0,17811940.0,11554
2023-05-10 21:07:00,p2312,p2312,6988.0,0.0,0.0,0.0,12,6982.0,6988.0,8,6992.0,7002.0,7006.0,6974.0,255.0,17811940.0,11554
2023-05-10 21:07:00,p2312,p2312,6988.0,0.0,0.0,0.0,12,6982.0,6988.0,10,6992.0,7002.0,7006.0,6974.0,255.0,17811940.0,11554
2023-05-10 21:07:01,p2312,p2312,6988.0,0.0,0.0,0.0,7,6982.0,6986.0,3,6992.0,7002.0,7006.0,6974.0,255.0,17811940.0,11554
2023-05-10 21:07:01,p2312,p2312,6988.0,0.0,0.0,0.0,7,6982.0,6986.0,1,6992.0,7002.0,7006.0,6974.0,255.0,17811940.0,11554
2023-05-10 21:07:02,p2312,p2312,6988.0,0.0,0.0,0.0,8,6982.0,6986.0,5,6992.0,7002.0,7006.0,6974.0,255.0,17811940.0,11554
2023-05-10 21:07:02,p2312,p2312,6988.0,0.0,0.0,0.0,4,6982.0,6986.0,14,6992.0,7002.0,7006.0,6974.0,255.0,17811940.0,11554
2023-05-10 21:07:03,p2312,p2312,6988.0,0.0,0.0,0.0,1,6982.0,6986.0,16,6992.0,7002.0,7006.0,6974.0,255.0,17811940.0,11554
2023-05-10 21:07:03,p2312,p2312,6982.0,1.0,69820.0,-1.0,6,6980.0,6984.0,3,6992.0,7002.0,7006.0,6974.0,256.0,17881760.0,11553
2023-05-10 21:07:04,p2312,p2312,6982.0,0.0,0.0,0.0,4,6980.0,6984.0,11,6992.0,7002.0,7006.0,6974.0,256.0,17881760.0,11553
2023-05-10 21:07:04,p2312,p2312,6980.0,7.0,488600.0,3.0,4,6978.0,6982.0,2,6992.0,7002.0,7006.0,6974.0,263.0,18370360.0,11556
2023-05-10 21:07:05,p2312,p2312,6980.0,0.0,0.0,0.0,2,6978.0,6982.0,1,6992.0,7002.0,7006.0,6974.0,263.0,18370360.0,11556
2023-05-10 21:07:05,p2312,p2312,6980.0,0.0,0.0,0.0,1,6978.0,6982.0,2,6992.0,7002.0,7006.0,6974.0,263.0,18370360.0,11556
2023-05-10 21:07:06,p2312,p2312,6980.0,0.0,0.0,0.0,7,6976.0,6982.0,7,6992.0,7002.0,7006.0,6974.0,263.0,18370360.0,11556
2023-05-10 21:07:06,p2312,p2312,6980.0,0.0,0.0,0.0,8,6976.0,6982.0,15,6992.0,7002.0,7006.0,6974.0,263.0,18370360.0,11556
2023-05-10 21:07:07,p2312,p2312,6980.0,0.0,0.0,0.0,12,6976.0,6982.0,13,6992.0,7002.0,7006.0,6974.0,263.0,18370360.0,11556
2023-05-10 21:07:07,p2312,p2312,6980.0,0.0,0.0,0.0,12,6976.0,6980.0,1,6992.0,7002.0,7006.0,6974.0,263.0,18370360.0,11556
2023-05-10 21:07:08,p2312,p2312,6980.0,0.0,0.0,0.0,9,6976.0,6980.0,6,6992.0,7002.0,7006.0,6974.0,263.0,18370360.0,11556
2023-05-10 21:07:08,p2312,p2312,6980.0,2.0,139600.0,-1.0,1,6980.0,6982.0,4,6992.0,7002.0,7006.0,6974.0,265.0,18509960.0,11555
2023-05-10 21:07:09,p2312,p2312,6980.0,12.0,837820.0,-1.0,1,6982.0,6984.0,1,6992.0,7002.0,7006.0,6974.0,277.0,19347780.0,11554
2023-05-10 21:07:09,p2312,p2312,6982.0,1.0,69820.0,-1.0,1,6982.0,6986.0,7,6992.0,7002.0,7006.0,6974.0,278.0,19417600.0,11553
2023-05-10 21:07:10,p2312,p2312,6982.0,0.0,0.0,0.0,1,6982.0,6986.0,10,6992.0,7002.0,7006.0,6974.0,278.0,19417600.0,11553
2023-05-10 21:07:10,p2312,p2312,6982.0,0.0,0.0,0.0,1,6982.0,6986.0,11,6992.0,7002.0,7006.0,6974.0,278.0,19417600.0,11553
2023-05-10 21:07:12,p2312,p2312,6982.0,0.0,0.0,0.0,1,6982.0,6986.0,12,6992.0,7002.0,7006.0,6974.0,278.0,19417600.0,11553
2023-05-10 21:07:15,p2312,p2312,6982.0,0.0,0.0,0.0,1,6984.0,6986.0,7,6992.0,7002.0,7006.0,6974.0,278.0,19417600.0,11553
2023-05-10 21:07:15,p2312,p2312,6982.0,0.0,0.0,0.0,1,6984.0,6986.0,1,6992.0,7002.0,7006.0,6974.0,278.0,19417600.0,11553
2023-05-10 21:07:16,p2312,p2312,6982.0,0.0,0.0,0.0,1,6986.0,6988.0,7,6992.0,7002.0,7006.0,6974.0,278.0,19417600.0,11553
2023-05-10 21:07:16,p2312,p2312,6986.0,1.0,69860.0,1.0,3,6984.0,6988.0,2,6992.0,7002.0,7006.0,6974.0,279.0,19487460.0,11554
2023-05-10 21:07:17,p2312,p2312,6986.0,0.0,0.0,0.0,4,6984.0,6988.0,1,6992.0,7002.0,7006.0,6974.0,279.0,19487460.0,11554
2023-05-10 21:07:17,p2312,p2312,6986.0,0.0,0.0,0.0,6,6984.0,6988.0,1,6992.0,7002.0,7006.0,6974.0,279.0,19487460.0,11554
2023-05-10 21:07:18,p2312,p2312,6986.0,0.0,0.0,0.0,10,6984.0,6988.0,1,6992.0,7002.0,7006.0,6974.0,279.0,19487460.0,11554
2023-05-10 21:07:18,p2312,p2312,6986.0,0.0,0.0,0.0,12,6984.0,6988.0,1,6992.0,7002.0,7006.0,6974.0,279.0,19487460.0,11554
2023-05-10 21:07:19,p2312,p2312,6986.0,0.0,0.0,0.0,6,6984.0,6988.0,4,6992.0,7002.0,7006.0,6974.0,279.0,19487460.0,11554
2023-05-10 21:07:19,p2312,p2312,6986.0,0.0,0.0,0.0,7,6984.0,6988.0,1,6992.0,7002.0,7006.0,6974.0,279.0,19487460.0,11554
2023-05-10 21:07:20,p2312,p2312,6986.0,0.0,0.0,0.0,9,6984.0,6988.0,1,6992.0,7002.0,7006.0,6974.0,279.0,19487460.0,11554
2023-05-10 21:07:21,p2312,p2312,6986.0,0.0,0.0,0.0,1,6986.0,6990.0,11,6992.0,7002.0,7006.0,6974.0,279.0,19487460.0,11554
2023-05-10 21:07:21,p2312,p2312,6986.0,0.0,0.0,0.0,6,6986.0,6990.0,4,6992.0,7002.0,7006.0,6974.0,279.0,19487460.0,11554
2023-05-10 21:07:22,p2312,p2312,6986.0,0.0,0.0,0.0,10,6986.0,6992.0,12,6992.0,7002.0,7006.0,6974.0,279.0,19487460.0,11554
2023-05-10 21:07:22,p2312,p2312,6986.0,0.0,0.0,0.0,12,6986.0,6992.0,12,6992.0,7002.0,7006.0,6974.0,279.0,19487460.0,11554
2023-05-10 21:07:27,p2312,p2312,6986.0,0.0,0.0,0.0,11,6986.0,6992.0,10,6992.0,7002.0,7006.0,6974.0,279.0,19487460.0,11554
2023-05-10 21:07:27,p2312,p2312,6986.0,0.0,0.0,0.0,12,6986.0,6992.0,12,6992.0,7002.0,7006.0,6974.0,279.0,19487460.0,11554
2023-05-10 21:07:30,p2312,p2312,6986.0,0.0,0.0,0.0,3,6988.0,6992.0,6,6992.0,7002.0,7006.0,6974.0,279.0,19487460.0,11554
2023-05-10 21:07:30,p2312,p2312,6986.0,0.0,0.0,0.0,12,6986.0,6992.0,6,6992.0,7002.0,7006.0,6974.0,279.0,19487460.0,11554
2023-05-10 21:07:31,p2312,p2312,6986.0,0.0,0.0,0.0,12,6986.0,6992.0,9,6992.0,7002.0,7006.0,6974.0,279.0,19487460.0,11554
2023-05-10 21:07:31,p2312,p2312,6986.0,0.0,0.0,0.0,1,6988.0,6992.0,10,6992.0,7002.0,7006.0,6974.0,279.0,19487460.0,11554
2023-05-10 21:07:32,p2312,p2312,6986.0,0.0,0.0,0.0,2,6988.0,6992.0,8,6992.0,7002.0,7006.0,6974.0,279.0,19487460.0,11554
2023-05-10 21:07:33,p2312,p2312,6986.0,0.0,0.0,0.0,1,6988.0,6990.0,2,6992.0,7002.0,7006.0,6974.0,279.0,19487460.0,11554
2023-05-10 21:07:33,p2312,p2312,6986.0,0.0,0.0,0.0,1,6988.0,6992.0,12,6992.0,7002.0,7006.0,6974.0,279.0,19487460.0,11554
2023-05-10 21:07:35,p2312,p2312,6986.0,0.0,0.0,0.0,1,6988.0,6992.0,11,6992.0,7002.0,7006.0,6974.0,279.0,19487460.0,11554
2023-05-10 21:07:36,p2312,p2312,6986.0,0.0,0.0,0.0,3,6988.0,6992.0,5,6992.0,7002.0,7006.0,6974.0,279.0,19487460.0,11554
2023-05-10 21:07:36,p2312,p2312,6986.0,0.0,0.0,0.0,2,6988.0,6992.0,2,6992.0,7002.0,7006.0,6974.0,279.0,19487460.0,11554
2023-05-10 21:07:37,p2312,p2312,6986.0,0.0,0.0,0.0,2,6988.0,6992.0,1,6992.0,7002.0,7006.0,6974.0,279.0,19487460.0,11554
2023-05-10 21:07:37,p2312,p2312,6986.0,0.0,0.0,0.0,3,6988.0,6992.0,1,6992.0,7002.0,7006.0,6974.0,279.0,19487460.0,11554
2023-05-10 21:07:38,p2312,p2312,6986.0,0.0,0.0,0.0,8,6988.0,6992.0,1,6992.0,7002.0,7006.0,6974.0,279.0,19487460.0,11554
2023-05-10 21:07:38,p2312,p2312,6986.0,0.0,0.0,0.0,11,6988.0,6992.0,1,6992.0,7002.0,7006.0,6974.0,279.0,19487460.0,11554
2023-05-10 21:07:39,p2312,p2312,6986.0,0.0,0.0,0.0,12,6988.0,6994.0,14,6992.0,7002.0,7006.0,6974.0,279.0,19487460.0,11554
2023-05-10 21:07:39,p2312,p2312,6986.0,0.0,0.0,0.0,12,6988.0,6994.0,18,6992.0,7002.0,7006.0,6974.0,279.0,19487460.0,11554
2023-05-10 21:07:41,p2312,p2312,6986.0,0.0,0.0,0.0,4,6990.0,6994.0,8,6992.0,7002.0,7006.0,6974.0,279.0,19487460.0,11554
2023-05-10 21:07:41,p2312,p2312,6986.0,0.0,0.0,0.0,3,6990.0,6994.0,9,6992.0,7002.0,7006.0,6974.0,279.0,19487460.0,11554
2023-05-10 21:07:42,p2312,p2312,6986.0,0.0,0.0,0.0,13,6988.0,6994.0,7,6992.0,7002.0,7006.0,6974.0,279.0,19487460.0,11554
2023-05-10 21:07:42,p2312,p2312,6986.0,0.0,0.0,0.0,13,6988.0,6994.0,10,6992.0,7002.0,7006.0,6974.0,279.0,19487460.0,11554
2023-05-10 21:07:43,p2312,p2312,6986.0,0.0,0.0,0.0,13,6988.0,6994.0,12,6992.0,7002.0,7006.0,6974.0,279.0,19487460.0,11554
2023-05-10 21:07:44,p2312,p2312,6986.0,0.0,0.0,0.0,1,6990.0,6994.0,11,6992.0,7002.0,7006.0,6974.0,279.0,19487460.0,11554
2023-05-10 21:07:44,p2312,p2312,6986.0,0.0,0.0,0.0,2,6990.0,6994.0,9,6992.0,7002.0,7006.0,6974.0,279.0,19487460.0,11554
2023-05-10 21:07:45,p2312,p2312,6990.0,1.0,69900.0,-1.0,13,6988.0,6990.0,1,6992.0,7002.0,7006.0,6974.0,280.0,19557360.0,11553
2023-05-10 21:07:45,p2312,p2312,6990.0,1.0,69900.0,-1.0,12,6988.0,6992.0,1,6992.0,7002.0,7006.0,6974.0,281.0,19627260.0,11552
2023-05-10 21:07:46,p2312,p2312,6990.0,0.0,0.0,0.0,13,6988.0,6994.0,12,6992.0,7002.0,7006.0,6974.0,281.0,19627260.0,11552
2023-05-10 21:07:48,p2312,p2312,6990.0,0.0,0.0,0.0,3,6990.0,6994.0,7,6992.0,7002.0,7006.0,6974.0,281.0,19627260.0,11552
2023-05-10 21:07:49,p2312,p2312,6990.0,0.0,0.0,0.0,4,6990.0,6994.0,5,6992.0,7002.0,7006.0,6974.0,281.0,19627260.0,11552
2023-05-10 21:07:49,p2312,p2312,6990.0,0.0,0.0,0.0,4,6990.0,6994.0,3,6992.0,7002.0,7006.0,6974.0,281.0,19627260.0,11552
2023-05-10 21:07:50,p2312,p2312,6990.0,0.0,0.0,0.0,7,6990.0,6994.0,1,6992.0,7002.0,7006.0,6974.0,281.0,19627260.0,11552
2023-05-10 21:07:50,p2312,p2312,6990.0,0.0,0.0,0.0,9,6990.0,6994.0,1,6992.0,7002.0,7006.0,6974.0,281.0,19627260.0,11552
2023-05-10 21:07:51,p2312,p2312,6990.0,0.0,0.0,0.0,10,6990.0,6996.0,14,6992.0,7002.0,7006.0,6974.0,281.0,19627260.0,11552
2023-05-10 21:07:52,p2312,p2312,6990.0,0.0,0.0,0.0,12,6990.0,6996.0,14,6992.0,7002.0,7006.0,6974.0,281.0,19627260.0,11552
2023-05-10 21:07:54,p2312,p2312,6990.0,0.0,0.0,0.0,1,6992.0,6996.0,13,6992.0,7002.0,7006.0,6974.0,281.0,19627260.0,11552
2023-05-10 21:07:55,p2312,p2312,6992.0,2.0,139840.0,1.0,3,6992.0,6996.0,8,6992.0,7002.0,7006.0,6974.0,283.0,19767100.0,11553
2023-05-10 21:07:55,p2312,p2312,6992.0,0.0,0.0,0.0,1,6992.0,6994.0,2,6992.0,7002.0,7006.0,6974.0,283.0,19767100.0,11553
2023-05-10 21:07:56,p2312,p2312,6992.0,2.0,139840.0,-1.0,10,6990.0,6994.0,1,6992.0,7002.0,7006.0,6974.0,285.0,19906940.0,11552
2023-05-10 21:07:56,p2312,p2312,6992.0,2.0,139860.0,-1.0,11,6990.0,6996.0,8,6992.0,7002.0,7006.0,6974.0,287.0,20046800.0,11551
2023-05-10 21:07:57,p2312,p2312,6992.0,0.0,0.0,0.0,6,6990.0,6996.0,12,6992.0,7002.0,7006.0,6974.0,287.0,20046800.0,11551
2023-05-10 21:07:57,p2312,p2312,6992.0,0.0,0.0,0.0,9,6990.0,6996.0,12,6992.0,7002.0,7006.0,6974.0,287.0,20046800.0,11551
2023-05-10 21:07:58,p2312,p2312,6992.0,0.0,0.0,0.0,10,6990.0,6996.0,13,6992.0,7002.0,7006.0,6974.0,287.0,20046800.0,11551
2023-05-10 21:07:59,p2312,p2312,6992.0,0.0,0.0,0.0,12,6990.0,6996.0,13,6992.0,7002.0,7006.0,6974.0,287.0,20046800.0,11551
2023-05-10 21:08:00,p2312,p2312,6992.0,0.0,0.0,0.0,1,6992.0,6996.0,10,6992.0,7002.0,7006.0,6974.0,287.0,20046800.0,11551
2023-05-10 21:08:00,p2312,p2312,6992.0,0.0,0.0,0.0,2,6992.0,6996.0,6,6992.0,7002.0,7006.0,6974.0,287.0,20046800.0,11551
2023-05-10 21:08:01,p2312,p2312,6994.0,3.0,209780.0,0.0,11,6990.0,6996.0,8,6992.0,7002.0,7006.0,6974.0,290.0,20256580.0,11551
2023-05-10 21:08:01,p2312,p2312,6994.0,0.0,0.0,0.0,10,6990.0,6996.0,10,6992.0,7002.0,7006.0,6974.0,290.0,20256580.0,11551
2023-05-10 21:08:02,p2312,p2312,6994.0,0.0,0.0,0.0,10,6990.0,6996.0,12,6992.0,7002.0,7006.0,6974.0,290.0,20256580.0,11551
2023-05-10 21:08:03,p2312,p2312,6994.0,0.0,0.0,0.0,11,6990.0,6996.0,13,6992.0,7002.0,7006.0,6974.0,290.0,20256580.0,11551
2023-05-10 21:08:03,p2312,p2312,6994.0,0.0,0.0,0.0,12,6990.0,6996.0,13,6992.0,7002.0,7006.0,6974.0,290.0,20256580.0,11551
2023-05-10 21:08:04,p2312,p2312,6990.0,6.0,419400.0,0.0,7,6988.0,6990.0,1,6992.0,7002.0,7006.0,6974.0,296.0,20675980.0,11551
2023-05-10 21:08:05,p2312,p2312,6992.0,4.0,279620.0,1.0,9,6988.0,6994.0,8,6992.0,7002.0,7006.0,6974.0,300.0,20955600.0,11552
2023-05-10 21:08:05,p2312,p2312,6992.0,0.0,0.0,0.0,10,6988.0,6994.0,9,6992.0,7002.0,7006.0,6974.0,300.0,20955600.0,11552
2023-05-10 21:08:06,p2312,p2312,6992.0,0.0,0.0,0.0,11,6988.0,6994.0,10,6992.0,7002.0,7006.0,6974.0,300.0,20955600.0,11552
2023-05-10 21:08:06,p2312,p2312,6992.0,0.0,0.0,0.0,12,6988.0,6994.0,12,6992.0,7002.0,7006.0,6974.0,300.0,20955600.0,11552
2023-05-10 21:08:07,p2312,p2312,6994.0,9.0,629460.0,-2.0,2,6994.0,6996.0,7,6992.0,7002.0,7006.0,6974.0,309.0,21585060.0,11550
2023-05-10 21:08:07,p2312,p2312,6994.0,11.0,769440.0,-5.0,11,6990.0,6996.0,7,6992.0,7002.0,7006.0,6974.0,320.0,22354500.0,11545
2023-05-10 21:08:08,p2312,p2312,6996.0,14.0,979420.0,1.0,1,6994.0,6996.0,1,6992.0,7002.0,7006.0,6974.0,334.0,23333920.0,11546
2023-05-10 21:08:08,p2312,p2312,6996.0,0.0,0.0,0.0,1,6994.0,6998.0,7,6992.0,7002.0,7006.0,6974.0,334.0,23333920.0,11546
2023-05-10 21:08:09,p2312,p2312,6996.0,0.0,0.0,0.0,1,6994.0,6998.0,14,6992.0,7002.0,7006.0,6974.0,334.0,23333920.0,11546
2023-05-10 21:08:09,p2312,p2312,6996.0,0.0,0.0,0.0,1,6994.0,6998.0,15,6992.0,7002.0,7006.0,6974.0,334.0,23333920.0,11546
2023-05-10 21:08:10,p2312,p2312,6994.0,1.0,69940.0,0.0,8,6992.0,6994.0,1,6992.0,7002.0,7006.0,6974.0,335.0,23403860.0,11546
2023-05-10 21:08:10,p2312,p2312,6994.0,0.0,0.0,0.0,1,6992.0,6994.0,1,6992.0,7002.0,7006.0,6974.0,335.0,23403860.0,11546
2023-05-10 21:08:11,p2312,p2312,6994.0,0.0,0.0,0.0,11,6990.0,6994.0,1,6992.0,7002.0,7006.0,6974.0,335.0,23403860.0,11546
2023-05-10 21:08:12,p2312,p2312,6994.0,0.0,0.0,0.0,7,6990.0,6994.0,5,6992.0,7002.0,7006.0,6974.0,335.0,23403860.0,11546
2023-05-10 21:08:12,p2312,p2312,6990.0,5.0,349500.0,3.0,8,6988.0,6990.0,1,6992.0,7002.0,7006.0,6974.0,340.0,23753360.0,11549
2023-05-10 21:08:15,p2312,p2312,6990.0,0.0,0.0,0.0,3,6988.0,6990.0,1,6992.0,7002.0,7006.0,6974.0,340.0,23753360.0,11549
2023-05-10 21:08:15,p2312,p2312,6990.0,0.0,0.0,0.0,1,6988.0,6990.0,1,6992.0,7002.0,7006.0,6974.0,340.0,23753360.0,11549
2023-05-10 21:08:19,p2312,p2312,6990.0,0.0,0.0,0.0,13,6986.0,6990.0,1,6992.0,7002.0,7006.0,6974.0,340.0,23753360.0,11549
2023-05-10 21:08:26,p2312,p2312,6988.0,2.0,139780.0,1.0,7,6988.0,6992.0,5,6992.0,7002.0,7006.0,6974.0,342.0,23893140.0,11550
2023-05-10 21:08:27,p2312,p2312,6988.0,0.0,0.0,0.0,12,6988.0,6992.0,1,6992.0,7002.0,7006.0,6974.0,342.0,23893140.0,11550
2023-05-10 21:08:27,p2312,p2312,6988.0,0.0,0.0,0.0,12,6988.0,6994.0,12,6992.0,7002.0,7006.0,6974.0,342.0,23893140.0,11550
2023-05-10 21:08:29,p2312,p2312,6988.0,0.0,0.0,0.0,13,6988.0,6994.0,8,6992.0,7002.0,7006.0,6974.0,342.0,23893140.0,11550
2023-05-10 21:08:30,p2312,p2312,6988.0,0.0,0.0,0.0,1,6990.0,6994.0,7,6992.0,7002.0,7006.0,6974.0,342.0,23893140.0,11550
2023-05-10 21:08:31,p2312,p2312,6988.0,0.0,0.0,0.0,2,6990.0,6994.0,7,6992.0,7002.0,7006.0,6974.0,342.0,23893140.0,11550
2023-05-10 21:08:32,p2312,p2312,6988.0,0.0,0.0,0.0,1,6990.0,6994.0,9,6992.0,7002.0,7006.0,6974.0,342.0,23893140.0,11550
2023-05-10 21:08:33,p2312,p2312,6988.0,0.0,0.0,0.0,9,6988.0,6994.0,10,6992.0,7002.0,7006.0,6974.0,342.0,23893140.0,11550
2023-05-10 21:08:34,p2312,p2312,6988.0,0.0,0.0,0.0,10,6988.0,6994.0,12,6992.0,7002.0,7006.0,6974.0,342.0,23893140.0,11550
2023-05-10 21:08:34,p2312,p2312,6988.0,0.0,0.0,0.0,12,6988.0,6992.0,1,6992.0,7002.0,7006.0,6974.0,342.0,23893140.0,11550
2023-05-10 21:08:35,p2312,p2312,6988.0,0.0,0.0,0.0,12,6988.0,6994.0,12,6992.0,7002.0,7006.0,6974.0,342.0,23893140.0,11550
2023-05-10 21:08:37,p2312,p2312,6988.0,0.0,0.0,0.0,11,6988.0,6994.0,12,6992.0,7002.0,7006.0,6974.0,342.0,23893140.0,11550
2023-05-10 21:08:37,p2312,p2312,6988.0,0.0,0.0,0.0,12,6988.0,6994.0,11,6992.0,7002.0,7006.0,6974.0,342.0,23893140.0,11550
2023-05-10 21:08:37,p2312,p2312,6988.0,0.0,0.0,0.0,12,6988.0,6994.0,12,6992.0,7002.0,7006.0,6974.0,342.0,23893140.0,11550
2023-05-10 21:08:42,p2312,p2312,6988.0,0.0,0.0,0.0,9,6988.0,6992.0,3,6992.0,7002.0,7006.0,6974.0,342.0,23893140.0,11550
2023-05-10 21:08:43,p2312,p2312,6988.0,0.0,0.0,0.0,6,6988.0,6992.0,2,6992.0,7002.0,7006.0,6974.0,342.0,23893140.0,11550
2023-05-10 21:08:43,p2312,p2312,6988.0,0.0,0.0,0.0,6,6988.0,6994.0,12,6992.0,7002.0,7006.0,6974.0,342.0,23893140.0,11550
2023-05-10 21:08:44,p2312,p2312,6988.0,0.0,0.0,0.0,10,6988.0,6994.0,12,6992.0,7002.0,7006.0,6974.0,342.0,23893140.0,11550
2023-05-10 21:08:44,p2312,p2312,6988.0,0.0,0.0,0.0,12,6988.0,6994.0,12,6992.0,7002.0,7006.0,6974.0,342.0,23893140.0,11550
2023-05-10 21:08:46,p2312,p2312,6988.0,0.0,0.0,0.0,11,6988.0,6992.0,1,6992.0,7002.0,7006.0,6974.0,342.0,23893140.0,11550
2023-05-10 21:08:47,p2312,p2312,6988.0,0.0,0.0,0.0,11,6988.0,6992.0,2,6992.0,7002.0,7006.0,6974.0,342.0,23893140.0,11550
2023-05-10 21:08:48,p2312,p2312,6988.0,0.0,0.0,0.0,9,6988.0,6992.0,2,6992.0,7002.0,7006.0,6974.0,342.0,23893140.0,11550
2023-05-10 21:08:51,p2312,p2312,6988.0,0.0,0.0,0.0,9,6988.0,6990.0,1,6992.0,7002.0,7006.0,6974.0,342.0,23893140.0,11550
2023-05-10 21:08:51,p2312,p2312,6988.0,0.0,0.0,0.0,8,6988.0,6990.0,1,6992.0,7002.0,7006.0,6974.0,342.0,23893140.0,11550
2023-05-10 21:08:53,p2312,p2312,6988.0,0.0,0.0,0.0,7,6988.0,6990.0,1,6992.0,7002.0,7006.0,6974.0,342.0,23893140.0,11550
2023-05-10 21:08:54,p2312,p2312,6988.0,6.0,419280.0,1.0,9,6986.0,6990.0,1,6992.0,7002.0,7006.0,6974.0,348.0,24312420.0,11551
2023-05-10 21:08:54,p2312,p2312,6988.0,0.0,0.0,0.0,8,6986.0,6990.0,1,6992.0,7002.0,7006.0,6974.0,348.0,24312420.0,11551
2023-05-10 21:08:55,p2312,p2312,6988.0,0.0,0.0,0.0,9,6986.0,6990.0,1,6992.0,7002.0,7006.0,6974.0,348.0,24312420.0,11551
2023-05-10 21:08:55,p2312,p2312,6988.0,0.0,0.0,0.0,12,6986.0,6990.0,1,6992.0,7002.0,7006.0,6974.0,348.0,24312420.0,11551
2023-05-10 21:08:55,p2312,p2312,6988.0,0.0,0.0,0.0,13,6986.0,6990.0,1,6992.0,7002.0,7006.0,6974.0,348.0,24312420.0,11551
2023-05-10 21:08:59,p2312,p2312,6990.0,1.0,69900.0,0.0,3,6988.0,6992.0,7,6992.0,7002.0,7006.0,6974.0,349.0,24382320.0,11551
2023-05-10 21:09:00,p2312,p2312,6990.0,0.0,0.0,0.0,6,6988.0,6992.0,4,6992.0,7002.0,7006.0,6974.0,349.0,24382320.0,11551
2023-05-10 21:09:00,p2312,p2312,6990.0,0.0,0.0,0.0,10,6988.0,6992.0,1,6992.0,7002.0,7006.0,6974.0,349.0,24382320.0,11551
2023-05-10 21:09:01,p2312,p2312,6990.0,0.0,0.0,0.0,12,6988.0,6994.0,12,6992.0,7002.0,7006.0,6974.0,349.0,24382320.0,11551
2023-05-10 21:09:03,p2312,p2312,6990.0,0.0,0.0,0.0,9,6988.0,6992.0,2,6992.0,7002.0,7006.0,6974.0,349.0,24382320.0,11551
2023-05-10 21:09:03,p2312,p2312,6988.0,8.0,559040.0,5.0,7,6986.0,6992.0,5,6992.0,7002.0,7006.0,6974.0,357.0,24941360.0,11556
2023-05-10 21:09:04,p2312,p2312,6988.0,0.0,0.0,0.0,7,6986.0,6992.0,4,6992.0,7002.0,7006.0,6974.0,357.0,24941360.0,11556
2023-05-10 21:09:04,p2312,p2312,6988.0,0.0,0.0,0.0,8,6986.0,6992.0,7,6992.0,7002.0,7006.0,6974.0,357.0,24941360.0,11556
2023-05-10 21:09:05,p2312,p2312,6988.0,0.0,0.0,0.0,9,6986.0,6992.0,9,6992.0,7002.0,7006.0,6974.0,357.0,24941360.0,11556
2023-05-10 21:09:10,p2312,p2312,6988.0,0.0,0.0,0.0,12,6986.0,6992.0,12,6992.0,7002.0,7006.0,6974.0,357.0,24941360.0,11556
2023-05-10 21:09:12,p2312,p2312,6988.0,0.0,0.0,0.0,6,6986.0,6990.0,4,6992.0,7002.0,7006.0,6974.0,357.0,24941360.0,11556
2023-05-10 21:09:12,p2312,p2312,6986.0,7.0,489020.0,3.0,9,6984.0,6986.0,1,6992.0,7002.0,7006.0,6974.0,364.0,25430380.0,11559
2023-05-10 21:09:13,p2312,p2312,6986.0,0.0,0.0,0.0,8,6984.0,6986.0,1,6992.0,7002.0,7006.0,6974.0,364.0,25430380.0,11559
2023-05-10 21:09:14,p2312,p2312,6986.0,0.0,0.0,0.0,5,6984.0,6986.0,1,6992.0,7002.0,7006.0,6974.0,364.0,25430380.0,11559
2023-05-10 21:09:15,p2312,p2312,6986.0,0.0,0.0,0.0,3,6984.0,6986.0,1,6992.0,7002.0,7006.0,6974.0,364.0,25430380.0,11559
2023-05-10 21:09:21,p2312,p2312,6986.0,0.0,0.0,0.0,2,6984.0,6986.0,1,6992.0,7002.0,7006.0,6974.0,364.0,25430380.0,11559
2023-05-10 21:09:22,p2312,p2312,6986.0,0.0,0.0,0.0,1,6984.0,6986.0,1,6992.0,7002.0,7006.0,6974.0,364.0,25430380.0,11559
2023-05-10 21:09:23,p2312,p2312,6986.0,0.0,0.0,0.0,13,6982.0,6986.0,1,6992.0,7002.0,7006.0,6974.0,364.0,25430380.0,11559
2023-05-10 21:09:23,p2312,p2312,6986.0,0.0,0.0,0.0,12,6982.0,6986.0,1,6992.0,7002.0,7006.0,6974.0,364.0,25430380.0,11559
2023-05-10 21:09:24,p2312,p2312,6986.0,0.0,0.0,0.0,13,6982.0,6986.0,1,6992.0,7002.0,7006.0,6974.0,364.0,25430380.0,11559
2023-05-10 21:09:26,p2312,p2312,6986.0,0.0,0.0,0.0,9,6982.0,6986.0,2,6992.0,7002.0,7006.0,6974.0,364.0,25430380.0,11559
2023-05-10 21:09:27,p2312,p2312,6986.0,0.0,0.0,0.0,8,6982.0,6986.0,3,6992.0,7002.0,7006.0,6974.0,364.0,25430380.0,11559
2023-05-10 21:09:34,p2312,p2312,6986.0,0.0,0.0,0.0,8,6982.0,6986.0,2,6992.0,7002.0,7006.0,6974.0,364.0,25430380.0,11559
2023-05-10 21:09:35,p2312,p2312,6986.0,0.0,0.0,0.0,3,6984.0,6986.0,1,6992.0,7002.0,7006.0,6974.0,364.0,25430380.0,11559
2023-05-10 21:09:36,p2312,p2312,6986.0,0.0,0.0,0.0,12,6982.0,6986.0,1,6992.0,7002.0,7006.0,6974.0,364.0,25430380.0,11559
2023-05-10 21:09:36,p2312,p2312,6986.0,1.0,69860.0,1.0,3,6984.0,6988.0,6,6992.0,7002.0,7006.0,6974.0,365.0,25500240.0,11560
2023-05-10 21:09:37,p2312,p2312,6986.0,0.0,0.0,0.0,5,6984.0,6988.0,2,6992.0,7002.0,7006.0,6974.0,365.0,25500240.0,11560
2023-05-10 21:09:37,p2312,p2312,6986.0,0.0,0.0,0.0,7,6984.0,6988.0,1,6992.0,7002.0,7006.0,6974.0,365.0,25500240.0,11560
2023-05-10 21:09:39,p2312,p2312,6986.0,0.0,0.0,0.0,6,6984.0,6988.0,2,6992.0,7002.0,7006.0,6974.0,365.0,25500240.0,11560
2023-05-10 21:09:39,p2312,p2312,6986.0,0.0,0.0,0.0,5,6984.0,6988.0,1,6992.0,7002.0,7006.0,6974.0,365.0,25500240.0,11560
2023-05-10 21:09:40,p2312,p2312,6986.0,0.0,0.0,0.0,7,6984.0,6990.0,12,6992.0,7002.0,7006.0,6974.0,365.0,25500240.0,11560
2023-05-10 21:09:41,p2312,p2312,6986.0,0.0,0.0,0.0,8,6984.0,6990.0,12,6992.0,7002.0,7006.0,6974.0,365.0,25500240.0,11560
2023-05-10 21:09:41,p2312,p2312,6986.0,0.0,0.0,0.0,9,6984.0,6990.0,11,6992.0,7002.0,7006.0,6974.0,365.0,25500240.0,11560
2023-05-10 21:09:42,p2312,p2312,6986.0,0.0,0.0,0.0,10,6984.0,6990.0,12,6992.0,7002.0,7006.0,6974.0,365.0,25500240.0,11560
2023-05-10 21:09:43,p2312,p2312,6986.0,0.0,0.0,0.0,12,6984.0,6990.0,12,6992.0,7002.0,7006.0,6974.0,365.0,25500240.0,11560
2023-05-10 21:09:46,p2312,p2312,6986.0,0.0,0.0,0.0,4,6986.0,6990.0,7,6992.0,7002.0,7006.0,6974.0,365.0,25500240.0,11560
2023-05-10 21:09:46,p2312,p2312,6986.0,4.0,279440.0,0.0,9,6984.0,6990.0,6,6992.0,7002.0,7006.0,6974.0,369.0,25779680.0,11560
2023-05-10 21:09:47,p2312,p2312,6986.0,0.0,0.0,0.0,7,6984.0,6990.0,7,6992.0,7002.0,7006.0,6974.0,369.0,25779680.0,11560
2023-05-10 21:09:47,p2312,p2312,6986.0,0.0,0.0,0.0,6,6984.0,6990.0,9,6992.0,7002.0,7006.0,6974.0,369.0,25779680.0,11560
2023-05-10 21:09:48,p2312,p2312,6986.0,0.0,0.0,0.0,8,6984.0,6990.0,9,6992.0,7002.0,7006.0,6974.0,369.0,25779680.0,11560
2023-05-10 21:09:48,p2312,p2312,6986.0,0.0,0.0,0.0,9,6984.0,6990.0,9,6992.0,7002.0,7006.0,6974.0,369.0,25779680.0,11560
2023-05-10 21:09:49,p2312,p2312,6986.0,0.0,0.0,0.0,10,6984.0,6990.0,10,6992.0,7002.0,7006.0,6974.0,369.0,25779680.0,11560
2023-05-10 21:09:50,p2312,p2312,6986.0,0.0,0.0,0.0,12,6984.0,6990.0,12,6992.0,7002.0,7006.0,6974.0,369.0,25779680.0,11560
2023-05-10 21:09:52,p2312,p2312,6986.0,0.0,0.0,0.0,13,6984.0,6990.0,13,6992.0,7002.0,7006.0,6974.0,369.0,25779680.0,11560
2023-05-10 21:10:04,p2312,p2312,6986.0,0.0,0.0,0.0,14,6984.0,6990.0,10,6992.0,7002.0,7006.0,6974.0,369.0,25779680.0,11560
2023-05-10 21:10:04,p2312,p2312,6986.0,0.0,0.0,0.0,1,6986.0,6990.0,6,6992.0,7002.0,7006.0,6974.0,369.0,25779680.0,11560
2023-05-10 21:10:05,p2312,p2312,6986.0,0.0,0.0,0.0,2,6986.0,6990.0,4,6992.0,7002.0,7006.0,6974.0,369.0,25779680.0,11560
2023-05-10 21:10:05,p2312,p2312,6990.0,3.0,209700.0,1.0,1,6990.0,6992.0,10,6992.0,7002.0,7006.0,6974.0,372.0,25989380.0,11561
2023-05-10 21:10:06,p2312,p2312,6990.0,0.0,0.0,0.0,2,6990.0,6992.0,6,6992.0,7002.0,7006.0,6974.0,372.0,25989380.0,11561
2023-05-10 21:10:06,p2312,p2312,6990.0,2.0,139800.0,1.0,4,6988.0,6992.0,5,6992.0,7002.0,7006.0,6974.0,374.0,26129180.0,11562
2023-05-10 21:10:07,p2312,p2312,6990.0,0.0,0.0,0.0,3,6988.0,6990.0,1,6992.0,7002.0,7006.0,6974.0,374.0,26129180.0,11562
2023-05-10 21:10:13,p2312,p2312,6990.0,1.0,69900.0,0.0,3,6988.0,6992.0,6,6992.0,7002.0,7006.0,6974.0,375.0,26199080.0,11562
2023-05-10 21:10:14,p2312,p2312,6990.0,0.0,0.0,0.0,3,6988.0,6992.0,2,6992.0,7002.0,7006.0,6974.0,375.0,26199080.0,11562
2023-05-10 21:10:14,p2312,p2312,6990.0,0.0,0.0,0.0,4,6988.0,6992.0,1,6992.0,7002.0,7006.0,6974.0,375.0,26199080.0,11562
2023-05-10 21:10:15,p2312,p2312,6990.0,0.0,0.0,0.0,6,6988.0,6992.0,1,6992.0,7002.0,7006.0,6974.0,375.0,26199080.0,11562
2023-05-10 21:10:15,p2312,p2312,6990.0,0.0,0.0,0.0,10,6988.0,6994.0,14,6992.0,7002.0,7006.0,6974.0,375.0,26199080.0,11562
2023-05-10 21:10:16,p2312,p2312,6990.0,0.0,0.0,0.0,13,6988.0,6994.0,13,6992.0,7002.0,7006.0,6974.0,375.0,26199080.0,11562
2023-05-10 21:10:16,p2312,p2312,6990.0,0.0,0.0,0.0,1,6990.0,6994.0,8,6992.0,7002.0,7006.0,6974.0,375.0,26199080.0,11562
2023-05-10 21:10:17,p2312,p2312,6990.0,0.0,0.0,0.0,2,6990.0,6994.0,3,6992.0,7002.0,7006.0,6974.0,375.0,26199080.0,11562
2023-05-10 21:10:17,p2312,p2312,6990.0,0.0,0.0,0.0,2,6990.0,6994.0,2,6992.0,7002.0,7006.0,6974.0,375.0,26199080.0,11562
2023-05-10 21:10:18,p2312,p2312,6990.0,0.0,0.0,0.0,4,6990.0,6996.0,13,6992.0,7002.0,7006.0,6974.0,375.0,26199080.0,11562
2023-05-10 21:10:18,p2312,p2312,6990.0,0.0,0.0,0.0,6,6990.0,6996.0,13,6992.0,7002.0,7006.0,6974.0,375.0,26199080.0,11562
2023-05-10 21:10:19,p2312,p2312,6990.0,0.0,0.0,0.0,10,6990.0,6996.0,11,6992.0,7002.0,7006.0,6974.0,375.0,26199080.0,11562
2023-05-10 21:10:19,p2312,p2312,6990.0,0.0,0.0,0.0,9,6992.0,6996.0,8,6992.0,7002.0,7006.0,6974.0,375.0,26199080.0,11562
2023-05-10 21:10:20,p2312,p2312,6990.0,0.0,0.0,0.0,12,6992.0,6996.0,3,6992.0,7002.0,7006.0,6974.0,375.0,26199080.0,11562
2023-05-10 21:10:20,p2312,p2312,6990.0,0.0,0.0,0.0,12,6992.0,6996.0,1,6992.0,7002.0,7006.0,6974.0,375.0,26199080.0,11562
2023-05-10 21:10:21,p2312,p2312,6990.0,0.0,0.0,0.0,13,6992.0,6998.0,13,6992.0,7002.0,7006.0,6974.0,375.0,26199080.0,11562
2023-05-10 21:10:22,p2312,p2312,6990.0,0.0,0.0,0.0,1,6994.0,6998.0,13,6992.0,7002.0,7006.0,6974.0,375.0,26199080.0,11562
2023-05-10 21:10:22,p2312,p2312,6990.0,0.0,0.0,0.0,13,6992.0,6998.0,13,6992.0,7002.0,7006.0,6974.0,375.0,26199080.0,11562
2023-05-10 21:10:31,p2312,p2312,6990.0,0.0,0.0,0.0,2,6994.0,6998.0,10,6992.0,7002.0,7006.0,6974.0,375.0,26199080.0,11562
2023-05-10 21:10:31,p2312,p2312,6990.0,0.0,0.0,0.0,12,6992.0,6998.0,12,6992.0,7002.0,7006.0,6974.0,375.0,26199080.0,11562
2023-05-10 21:10:31,p2312,p2312,6990.0,0.0,0.0,0.0,13,6992.0,6998.0,13,6992.0,7002.0,7006.0,6974.0,375.0,26199080.0,11562
2023-05-10 21:10:46,p2312,p2312,6990.0,0.0,0.0,0.0,6,6992.0,6996.0,4,6992.0,7002.0,7006.0,6974.0,375.0,26199080.0,11562
2023-05-10 21:10:46,p2312,p2312,6990.0,0.0,0.0,0.0,5,6992.0,6996.0,2,6992.0,7002.0,7006.0,6974.0,375.0,26199080.0,11562
2023-05-10 21:10:47,p2312,p2312,6990.0,0.0,0.0,0.0,4,6992.0,6996.0,2,6992.0,7002.0,7006.0,6974.0,375.0,26199080.0,11562
2023-05-10 21:10:50,p2312,p2312,6990.0,0.0,0.0,0.0,5,6992.0,6996.0,1,6992.0,7002.0,7006.0,6974.0,375.0,26199080.0,11562
2023-05-10 21:10:50,p2312,p2312,6990.0,0.0,0.0,0.0,10,6992.0,6998.0,13,6992.0,7002.0,7006.0,6974.0,375.0,26199080.0,11562
2023-05-10 21:10:51,p2312,p2312,6990.0,0.0,0.0,0.0,13,6992.0,6998.0,13,6992.0,7002.0,7006.0,6974.0,375.0,26199080.0,11562
2023-05-10 21:10:54,p2312,p2312,6990.0,0.0,0.0,0.0,9,6992.0,6996.0,3,6992.0,7002.0,7006.0,6974.0,375.0,26199080.0,11562
2023-05-10 21:10:54,p2312,p2312,6992.0,7.0,489440.0,4.0,7,6990.0,6992.0,3,6992.0,7002.0,7006.0,6974.0,382.0,26688520.0,11566
2023-05-10 21:10:55,p2312,p2312,6992.0,0.0,0.0,0.0,6,6990.0,6992.0,3,6992.0,7002.0,7006.0,6974.0,382.0,26688520.0,11566
2023-05-10 21:10:55,p2312,p2312,6992.0,0.0,0.0,0.0,7,6990.0,6992.0,3,6992.0,7002.0,7006.0,6974.0,382.0,26688520.0,11566
2023-05-10 21:10:56,p2312,p2312,6992.0,0.0,0.0,0.0,5,6990.0,6992.0,3,6992.0,7002.0,7006.0,6974.0,382.0,26688520.0,11566
