time,symbol_id,symbol_name,last,trade_volume,trade_amount,open_interest_change,bv1,bp1,ap1,av1,yesterday_close,today_open,today_high,today_low,volume,amount,open_interest
2023-05-10 20:58:57,p2310,p2310,7052.0,0.0,0.0,0.0,3,7022.0,7082.0,5,7052.0,7052.0,0.0,0.0,0.0,0.0,47733
2023-05-10 21:00:00,p2310,p2310,7052.0,0.0,0.0,0.0,1,7048.0,7056.0,1,7052.0,7052.0,0.0,0.0,0.0,0.0,47733
2023-05-10 21:00:00,p2310,p2310,7052.0,0.0,0.0,0.0,1,7050.0,7062.0,1,7052.0,7052.0,0.0,0.0,0.0,0.0,47733
2023-05-10 21:00:01,p2310,p2310,7052.0,0.0,0.0,0.0,4,7024.0,7060.0,1,7052.0,7052.0,0.0,0.0,0.0,0.0,47733
2023-05-10 21:00:01,p2310,p2310,7052.0,0.0,0.0,0.0,3,7050.0,7060.0,1,7052.0,7052.0,0.0,0.0,0.0,0.0,47733
2023-05-10 21:00:02,p2310,p2310,7052.0,0.0,0.0,0.0,1,7052.0,7062.0,5,7052.0,7052.0,0.0,0.0,0.0,0.0,47733
2023-05-10 21:00:02,p2310,p2310,7052.0,0.0,0.0,0.0,1,7052.0,7062.0,1,7052.0,7052.0,0.0,0.0,0.0,0.0,47733
2023-05-10 21:00:03,p2310,p2310,7050.0,5.0,352520.0,0.0,1,7052.0,7060.0,1,7052.0,7052.0,7052.0,7050.0,5.0,352520.0,47733
2023-05-10 21:00:03,p2310,p2310,7050.0,0.0,0.0,0.0,4,7056.0,7058.0,2,7052.0,7052.0,7052.0,7050.0,5.0,352520.0,47733
2023-05-10 21:00:04,p2310,p2310,7062.0,1.0,70620.0,1.0,1,7056.0,7062.0,1,7052.0,7052.0,7062.0,7050.0,6.0,423140.0,47734
2023-05-10 21:00:04,p2310,p2310,7062.0,0.0,0.0,0.0,2,7056.0,7062.0,1,7052.0,7052.0,7062.0,7050.0,6.0,423140.0,47734
2023-05-10 21:00:05,p2310,p2310,7062.0,1.0,70620.0,0.0,1,7056.0,7062.0,2,7052.0,7052.0,7062.0,7050.0,7.0,493760.0,47734
2023-05-10 21:00:05,p2310,p2310,7062.0,0.0,0.0,0.0,5,7058.0,7068.0,16,7052.0,7052.0,7062.0,7050.0,7.0,493760.0,47734
2023-05-10 21:00:06,p2310,p2310,7062.0,0.0,0.0,0.0,4,7060.0,7066.0,5,7052.0,7052.0,7062.0,7050.0,7.0,493760.0,47734
2023-05-10 21:00:06,p2310,p2310,7060.0,2.0,141200.0,2.0,5,7058.0,7066.0,7,7052.0,7052.0,7062.0,7050.0,9.0,634960.0,47736
2023-05-10 21:00:07,p2310,p2310,7060.0,0.0,0.0,0.0,2,7060.0,7064.0,4,7052.0,7052.0,7062.0,7050.0,9.0,634960.0,47736
2023-05-10 21:00:07,p2310,p2310,7064.0,3.0,211840.0,2.0,7,7058.0,7064.0,5,7052.0,7052.0,7064.0,7050.0,12.0,846800.0,47738
2023-05-10 21:00:08,p2310,p2310,7064.0,0.0,0.0,0.0,4,7060.0,7064.0,2,7052.0,7052.0,7064.0,7050.0,12.0,846800.0,47738
2023-05-10 21:00:08,p2310,p2310,7064.0,1.0,70640.0,1.0,11,7060.0,7068.0,5,7052.0,7052.0,7064.0,7050.0,13.0,917440.0,47739
2023-05-10 21:00:09,p2310,p2310,7064.0,0.0,0.0,0.0,8,7064.0,7072.0,9,7052.0,7052.0,7064.0,7050.0,13.0,917440.0,47739
2023-05-10 21:00:09,p2310,p2310,7064.0,6.0,423840.0,6.0,3,7062.0,7068.0,2,7052.0,7052.0,7064.0,7050.0,19.0,1341280.0,47745
2023-05-10 21:00:10,p2310,p2310,7062.0,3.0,211860.0,0.0,3,7062.0,7068.0,4,7052.0,7052.0,7064.0,7050.0,22.0,1553140.0,47745
2023-05-10 21:00:10,p2310,p2310,7062.0,0.0,0.0,0.0,1,7062.0,7068.0,4,7052.0,7052.0,7064.0,7050.0,22.0,1553140.0,47745
2023-05-10 21:00:11,p2310,p2310,7062.0,0.0,0.0,0.0,1,7062.0,7066.0,4,7052.0,7052.0,7064.0,7050.0,22.0,1553140.0,47745
2023-05-10 21:00:11,p2310,p2310,7062.0,1.0,70620.0,1.0,4,7058.0,7064.0,5,7052.0,7052.0,7064.0,7050.0,23.0,1623760.0,47746
2023-05-10 21:00:12,p2310,p2310,7062.0,0.0,0.0,0.0,9,7058.0,7062.0,2,7052.0,7052.0,7064.0,7050.0,23.0,1623760.0,47746
2023-05-10 21:00:12,p2310,p2310,7062.0,1.0,70620.0,-1.0,6,7060.0,7066.0,6,7052.0,7052.0,7064.0,7050.0,24.0,1694380.0,47745
2023-05-10 21:00:13,p2310,p2310,7062.0,0.0,0.0,0.0,2,7062.0,7066.0,1,7052.0,7052.0,7064.0,7050.0,24.0,1694380.0,47745
2023-05-10 21:00:13,p2310,p2310,7062.0,0.0,0.0,0.0,1,7062.0,7066.0,8,7052.0,7052.0,7064.0,7050.0,24.0,1694380.0,47745
2023-05-10 21:00:14,p2310,p2310,7062.0,1.0,70620.0,1.0,9,7058.0,7066.0,10,7052.0,7052.0,7064.0,7050.0,25.0,1765000.0,47746
2023-05-10 21:00:14,p2310,p2310,7062.0,0.0,0.0,0.0,8,7058.0,7062.0,2,7052.0,7052.0,7064.0,7050.0,25.0,1765000.0,47746
2023-05-10 21:00:15,p2310,p2310,7062.0,0.0,0.0,0.0,8,7058.0,7062.0,1,7052.0,7052.0,7064.0,7050.0,25.0,1765000.0,47746
2023-05-10 21:00:16,p2310,p2310,7062.0,0.0,0.0,0.0,2,7058.0,7062.0,1,7052.0,7052.0,7064.0,7050.0,25.0,1765000.0,47746
2023-05-10 21:00:16,p2310,p2310,7062.0,0.0,0.0,0.0,13,7056.0,7062.0,1,7052.0,7052.0,7064.0,7050.0,25.0,1765000.0,47746
2023-05-10 21:00:17,p2310,p2310,7062.0,0.0,0.0,0.0,1,7058.0,7062.0,1,7052.0,7052.0,7064.0,7050.0,25.0,1765000.0,47746
2023-05-10 21:00:17,p2310,p2310,7062.0,0.0,0.0,0.0,4,7058.0,7062.0,1,7052.0,7052.0,7064.0,7050.0,25.0,1765000.0,47746
2023-05-10 21:00:18,p2310,p2310,7062.0,0.0,0.0,0.0,1,7058.0,7062.0,1,7052.0,7052.0,7064.0,7050.0,25.0,1765000.0,47746
2023-05-10 21:00:18,p2310,p2310,7062.0,0.0,0.0,0.0,13,7056.0,7062.0,6,7052.0,7052.0,7064.0,7050.0,25.0,1765000.0,47746
2023-05-10 21:00:19,p2310,p2310,7062.0,0.0,0.0,0.0,6,7056.0,7062.0,8,7052.0,7052.0,7064.0,7050.0,25.0,1765000.0,47746
2023-05-10 21:00:19,p2310,p2310,7062.0,0.0,0.0,0.0,8,7056.0,7060.0,1,7052.0,7052.0,7064.0,7050.0,25.0,1765000.0,47746
2023-05-10 21:00:20,p2310,p2310,7062.0,0.0,0.0,0.0,1,7058.0,7062.0,3,7052.0,7052.0,7064.0,7050.0,25.0,1765000.0,47746
2023-05-10 21:00:21,p2310,p2310,7062.0,0.0,0.0,0.0,5,7056.0,7062.0,8,7052.0,7052.0,7064.0,7050.0,25.0,1765000.0,47746
2023-05-10 21:00:22,p2310,p2310,7062.0,0.0,0.0,0.0,3,7056.0,7060.0,1,7052.0,7052.0,7064.0,7050.0,25.0,1765000.0,47746
2023-05-10 21:00:22,p2310,p2310,7060.0,1.0,70600.0,-1.0,4,7056.0,7062.0,11,7052.0,7052.0,7064.0,7050.0,26.0,1835600.0,47745
2023-05-10 21:00:23,p2310,p2310,7060.0,0.0,0.0,0.0,2,7056.0,7062.0,13,7052.0,7052.0,7064.0,7050.0,26.0,1835600.0,47745
2023-05-10 21:00:23,p2310,p2310,7060.0,0.0,0.0,0.0,14,7054.0,7060.0,3,7052.0,7052.0,7064.0,7050.0,26.0,1835600.0,47745
2023-05-10 21:00:24,p2310,p2310,7060.0,0.0,0.0,0.0,2,7056.0,7060.0,2,7052.0,7052.0,7064.0,7050.0,26.0,1835600.0,47745
2023-05-10 21:00:24,p2310,p2310,7060.0,0.0,0.0,0.0,2,7056.0,7062.0,13,7052.0,7052.0,7064.0,7050.0,26.0,1835600.0,47745
2023-05-10 21:00:24,p2310,p2310,7060.0,0.0,0.0,0.0,3,7056.0,7062.0,13,7052.0,7052.0,7064.0,7050.0,26.0,1835600.0,47745
2023-05-10 21:00:25,p2310,p2310,7060.0,0.0,0.0,0.0,5,7056.0,7062.0,13,7052.0,7052.0,7064.0,7050.0,26.0,1835600.0,47745
2023-05-10 21:00:26,p2310,p2310,7060.0,0.0,0.0,0.0,1,7058.0,7062.0,13,7052.0,7052.0,7064.0,7050.0,26.0,1835600.0,47745
2023-05-10 21:00:26,p2310,p2310,7060.0,0.0,0.0,0.0,5,7058.0,7062.0,3,7052.0,7052.0,7064.0,7050.0,26.0,1835600.0,47745
2023-05-10 21:00:27,p2310,p2310,7062.0,3.0,211860.0,-1.0,4,7060.0,7066.0,10,7052.0,7052.0,7064.0,7050.0,29.0,2047460.0,47744
2023-05-10 21:00:27,p2310,p2310,7062.0,0.0,0.0,0.0,1,7064.0,7066.0,7,7052.0,7052.0,7064.0,7050.0,29.0,2047460.0,47744
2023-05-10 21:00:28,p2310,p2310,7062.0,0.0,0.0,0.0,1,7064.0,7068.0,5,7052.0,7052.0,7064.0,7050.0,29.0,2047460.0,47744
2023-05-10 21:00:28,p2310,p2310,7062.0,0.0,0.0,0.0,1,7064.0,7068.0,12,7052.0,7052.0,7064.0,7050.0,29.0,2047460.0,47744
2023-05-10 21:00:29,p2310,p2310,7062.0,0.0,0.0,0.0,2,7062.0,7068.0,13,7052.0,7052.0,7064.0,7050.0,29.0,2047460.0,47744
2023-05-10 21:00:29,p2310,p2310,7062.0,0.0,0.0,0.0,17,7060.0,7066.0,1,7052.0,7052.0,7064.0,7050.0,29.0,2047460.0,47744
2023-05-10 21:00:30,p2310,p2310,7062.0,0.0,0.0,0.0,8,7060.0,7066.0,13,7052.0,7052.0,7064.0,7050.0,29.0,2047460.0,47744
2023-05-10 21:00:30,p2310,p2310,7062.0,0.0,0.0,0.0,3,7060.0,7064.0,2,7052.0,7052.0,7064.0,7050.0,29.0,2047460.0,47744
2023-05-10 21:00:31,p2310,p2310,7062.0,0.0,0.0,0.0,1,7060.0,7064.0,2,7052.0,7052.0,7064.0,7050.0,29.0,2047460.0,47744
2023-05-10 21:00:31,p2310,p2310,7062.0,0.0,0.0,0.0,1,7060.0,7064.0,9,7052.0,7052.0,7064.0,7050.0,29.0,2047460.0,47744
2023-05-10 21:00:32,p2310,p2310,7056.0,2.0,141120.0,2.0,12,7056.0,7062.0,1,7052.0,7052.0,7064.0,7050.0,31.0,2188580.0,47746
2023-05-10 21:00:32,p2310,p2310,7056.0,0.0,0.0,0.0,7,7056.0,7060.0,2,7052.0,7052.0,7064.0,7050.0,31.0,2188580.0,47746
2023-05-10 21:00:33,p2310,p2310,7056.0,0.0,0.0,0.0,10,7054.0,7060.0,4,7052.0,7052.0,7064.0,7050.0,31.0,2188580.0,47746
2023-05-10 21:00:33,p2310,p2310,7056.0,0.0,0.0,0.0,16,7054.0,7060.0,5,7052.0,7052.0,7064.0,7050.0,31.0,2188580.0,47746
2023-05-10 21:00:34,p2310,p2310,7056.0,0.0,0.0,0.0,16,7054.0,7060.0,3,7052.0,7052.0,7064.0,7050.0,31.0,2188580.0,47746
2023-05-10 21:00:34,p2310,p2310,7056.0,0.0,0.0,0.0,18,7054.0,7060.0,10,7052.0,7052.0,7064.0,7050.0,31.0,2188580.0,47746
2023-05-10 21:00:36,p2310,p2310,7056.0,0.0,0.0,0.0,5,7056.0,7060.0,1,7052.0,7052.0,7064.0,7050.0,31.0,2188580.0,47746
2023-05-10 21:00:36,p2310,p2310,7056.0,0.0,0.0,0.0,7,7056.0,7062.0,12,7052.0,7052.0,7064.0,7050.0,31.0,2188580.0,47746
2023-05-10 21:00:37,p2310,p2310,7056.0,0.0,0.0,0.0,1,7058.0,7062.0,12,7052.0,7052.0,7064.0,7050.0,31.0,2188580.0,47746
2023-05-10 21:00:38,p2310,p2310,7056.0,0.0,0.0,0.0,9,7056.0,7062.0,15,7052.0,7052.0,7064.0,7050.0,31.0,2188580.0,47746
2023-05-10 21:00:38,p2310,p2310,7056.0,0.0,0.0,0.0,1,7056.0,7060.0,8,7052.0,7052.0,7064.0,7050.0,31.0,2188580.0,47746
2023-05-10 21:00:38,p2310,p2310,7056.0,0.0,0.0,0.0,1,7056.0,7060.0,10,7052.0,7052.0,7064.0,7050.0,31.0,2188580.0,47746
2023-05-10 21:00:40,p2310,p2310,7056.0,0.0,0.0,0.0,10,7052.0,7058.0,5,7052.0,7052.0,7064.0,7050.0,31.0,2188580.0,47746
2023-05-10 21:00:40,p2310,p2310,7056.0,0.0,0.0,0.0,13,7052.0,7058.0,7,7052.0,7052.0,7064.0,7050.0,31.0,2188580.0,47746
2023-05-10 21:00:41,p2310,p2310,7056.0,0.0,0.0,0.0,4,7054.0,7060.0,11,7052.0,7052.0,7064.0,7050.0,31.0,2188580.0,47746
2023-05-10 21:00:42,p2310,p2310,7056.0,0.0,0.0,0.0,6,7054.0,7060.0,14,7052.0,7052.0,7064.0,7050.0,31.0,2188580.0,47746
2023-05-10 21:00:42,p2310,p2310,7056.0,0.0,0.0,0.0,8,7054.0,7058.0,1,7052.0,7052.0,7064.0,7050.0,31.0,2188580.0,47746
2023-05-10 21:00:43,p2310,p2310,7056.0,0.0,0.0,0.0,1,7056.0,7060.0,9,7052.0,7052.0,7064.0,7050.0,31.0,2188580.0,47746
2023-05-10 21:00:43,p2310,p2310,7058.0,1.0,70580.0,1.0,1,7058.0,7060.0,12,7052.0,7052.0,7064.0,7050.0,32.0,2259160.0,47747
2023-05-10 21:00:44,p2310,p2310,7058.0,1.0,70580.0,1.0,2,7056.0,7058.0,1,7052.0,7052.0,7064.0,7050.0,33.0,2329740.0,47748
2023-05-10 21:00:45,p2310,p2310,7058.0,1.0,70580.0,0.0,1,7058.0,7060.0,6,7052.0,7052.0,7064.0,7050.0,34.0,2400320.0,47748
2023-05-10 21:00:45,p2310,p2310,7058.0,0.0,0.0,0.0,1,7058.0,7060.0,3,7052.0,7052.0,7064.0,7050.0,34.0,2400320.0,47748
2023-05-10 21:00:46,p2310,p2310,7058.0,0.0,0.0,0.0,2,7058.0,7060.0,1,7052.0,7052.0,7064.0,7050.0,34.0,2400320.0,47748
2023-05-10 21:00:46,p2310,p2310,7058.0,0.0,0.0,0.0,1,7058.0,7062.0,13,7052.0,7052.0,7064.0,7050.0,34.0,2400320.0,47748
2023-05-10 21:00:47,p2310,p2310,7058.0,0.0,0.0,0.0,5,7056.0,7062.0,14,7052.0,7052.0,7064.0,7050.0,34.0,2400320.0,47748
2023-05-10 21:00:47,p2310,p2310,7058.0,0.0,0.0,0.0,6,7056.0,7062.0,15,7052.0,7052.0,7064.0,7050.0,34.0,2400320.0,47748
2023-05-10 21:00:48,p2310,p2310,7058.0,0.0,0.0,0.0,14,7054.0,7060.0,10,7052.0,7052.0,7064.0,7050.0,34.0,2400320.0,47748
2023-05-10 21:00:48,p2310,p2310,7058.0,0.0,0.0,0.0,8,7056.0,7060.0,4,7052.0,7052.0,7064.0,7050.0,34.0,2400320.0,47748
2023-05-10 21:00:49,p2310,p2310,7058.0,0.0,0.0,0.0,5,7056.0,7060.0,1,7052.0,7052.0,7064.0,7050.0,34.0,2400320.0,47748
2023-05-10 21:00:50,p2310,p2310,7058.0,0.0,0.0,0.0,1,7056.0,7060.0,8,7052.0,7052.0,7064.0,7050.0,34.0,2400320.0,47748
2023-05-10 21:00:50,p2310,p2310,7058.0,0.0,0.0,0.0,1,7056.0,7058.0,1,7052.0,7052.0,7064.0,7050.0,34.0,2400320.0,47748
2023-05-10 21:00:51,p2310,p2310,7056.0,1.0,70560.0,1.0,1,7054.0,7056.0,2,7052.0,7052.0,7064.0,7050.0,35.0,2470880.0,47749
2023-05-10 21:00:51,p2310,p2310,7056.0,0.0,0.0,0.0,19,7052.0,7058.0,13,7052.0,7052.0,7064.0,7050.0,35.0,2470880.0,47749
2023-05-10 21:00:52,p2310,p2310,7056.0,0.0,0.0,0.0,19,7052.0,7058.0,11,7052.0,7052.0,7064.0,7050.0,35.0,2470880.0,47749
2023-05-10 21:00:53,p2310,p2310,7056.0,0.0,0.0,0.0,3,7054.0,7058.0,6,7052.0,7052.0,7064.0,7050.0,35.0,2470880.0,47749
2023-05-10 21:00:53,p2310,p2310,7056.0,0.0,0.0,0.0,3,7054.0,7058.0,5,7052.0,7052.0,7064.0,7050.0,35.0,2470880.0,47749
2023-05-10 21:00:54,p2310,p2310,7056.0,0.0,0.0,0.0,1,7054.0,7058.0,12,7052.0,7052.0,7064.0,7050.0,35.0,2470880.0,47749
2023-05-10 21:00:54,p2310,p2310,7056.0,0.0,0.0,0.0,10,7052.0,7058.0,17,7052.0,7052.0,7064.0,7050.0,35.0,2470880.0,47749
2023-05-10 21:00:54,p2310,p2310,7056.0,0.0,0.0,0.0,10,7052.0,7058.0,15,7052.0,7052.0,7064.0,7050.0,35.0,2470880.0,47749
2023-05-10 21:00:55,p2310,p2310,7056.0,0.0,0.0,0.0,1,7052.0,7056.0,10,7052.0,7052.0,7064.0,7050.0,35.0,2470880.0,47749
2023-05-10 21:00:56,p2310,p2310,7056.0,0.0,0.0,0.0,1,7052.0,7056.0,13,7052.0,7052.0,7064.0,7050.0,35.0,2470880.0,47749
2023-05-10 21:00:56,p2310,p2310,7056.0,0.0,0.0,0.0,7,7050.0,7056.0,8,7052.0,7052.0,7064.0,7050.0,35.0,2470880.0,47749
2023-05-10 21:00:57,p2310,p2310,7056.0,0.0,0.0,0.0,3,7050.0,7054.0,5,7052.0,7052.0,7064.0,7050.0,35.0,2470880.0,47749
2023-05-10 21:00:57,p2310,p2310,7056.0,0.0,0.0,0.0,1,7050.0,7054.0,11,7052.0,7052.0,7064.0,7050.0,35.0,2470880.0,47749
2023-05-10 21:00:58,p2310,p2310,7056.0,0.0,0.0,0.0,1,7048.0,7052.0,7,7052.0,7052.0,7064.0,7050.0,35.0,2470880.0,47749
2023-05-10 21:00:58,p2310,p2310,7056.0,0.0,0.0,0.0,5,7046.0,7052.0,11,7052.0,7052.0,7064.0,7050.0,35.0,2470880.0,47749
2023-05-10 21:00:59,p2310,p2310,7056.0,0.0,0.0,0.0,10,7046.0,7050.0,1,7052.0,7052.0,7064.0,7050.0,35.0,2470880.0,47749
2023-05-10 21:00:59,p2310,p2310,7056.0,0.0,0.0,0.0,1,7046.0,7050.0,2,7052.0,7052.0,7064.0,7050.0,35.0,2470880.0,47749
2023-05-10 21:01:00,p2310,p2310,7052.0,6.0,423080.0,-3.0,1,7048.0,7052.0,3,7052.0,7052.0,7064.0,7050.0,41.0,2893960.0,47746
2023-05-10 21:01:00,p2310,p2310,7052.0,3.0,211560.0,-3.0,1,7050.0,7054.0,8,7052.0,7052.0,7064.0,7050.0,44.0,3105520.0,47743
2023-05-10 21:01:01,p2310,p2310,7052.0,0.0,0.0,0.0,1,7052.0,7056.0,1,7052.0,7052.0,7064.0,7050.0,44.0,3105520.0,47743
2023-05-10 21:01:01,p2310,p2310,7052.0,0.0,0.0,0.0,21,7050.0,7056.0,1,7052.0,7052.0,7064.0,7050.0,44.0,3105520.0,47743
2023-05-10 21:01:02,p2310,p2310,7052.0,0.0,0.0,0.0,9,7050.0,7056.0,7,7052.0,7052.0,7064.0,7050.0,44.0,3105520.0,47743
2023-05-10 21:01:02,p2310,p2310,7052.0,0.0,0.0,0.0,9,7050.0,7054.0,1,7052.0,7052.0,7064.0,7050.0,44.0,3105520.0,47743
2023-05-10 21:01:03,p2310,p2310,7052.0,0.0,0.0,0.0,9,7050.0,7054.0,3,7052.0,7052.0,7064.0,7050.0,44.0,3105520.0,47743
2023-05-10 21:01:03,p2310,p2310,7048.0,2.0,140960.0,2.0,2,7048.0,7050.0,3,7052.0,7052.0,7064.0,7048.0,46.0,3246480.0,47745
2023-05-10 21:01:04,p2310,p2310,7050.0,3.0,211460.0,2.0,13,7046.0,7050.0,2,7052.0,7052.0,7064.0,7048.0,49.0,3457940.0,47747
2023-05-10 21:01:04,p2310,p2310,7050.0,0.0,0.0,0.0,3,7046.0,7050.0,2,7052.0,7052.0,7064.0,7048.0,49.0,3457940.0,47747
2023-05-10 21:01:05,p2310,p2310,7050.0,0.0,0.0,0.0,1,7046.0,7048.0,1,7052.0,7052.0,7064.0,7048.0,49.0,3457940.0,47747
2023-05-10 21:01:05,p2310,p2310,7046.0,4.0,281840.0,-1.0,8,7042.0,7048.0,3,7052.0,7052.0,7064.0,7046.0,53.0,3739780.0,47746
2023-05-10 21:01:06,p2310,p2310,7046.0,0.0,0.0,0.0,1,7044.0,7048.0,10,7052.0,7052.0,7064.0,7046.0,53.0,3739780.0,47746
2023-05-10 21:01:06,p2310,p2310,7048.0,6.0,422880.0,4.0,11,7046.0,7050.0,1,7052.0,7052.0,7064.0,7046.0,59.0,4162660.0,47750
2023-05-10 21:01:07,p2310,p2310,7048.0,0.0,0.0,0.0,2,7046.0,7050.0,9,7052.0,7052.0,7064.0,7046.0,59.0,4162660.0,47750
2023-05-10 21:01:07,p2310,p2310,7046.0,1.0,70460.0,-1.0,4,7044.0,7048.0,7,7052.0,7052.0,7064.0,7046.0,60.0,4233120.0,47749
2023-05-10 21:01:08,p2310,p2310,7048.0,1.0,70480.0,0.0,1,7046.0,7050.0,11,7052.0,7052.0,7064.0,7046.0,61.0,4303600.0,47749
2023-05-10 21:01:08,p2310,p2310,7048.0,0.0,0.0,0.0,1,7046.0,7050.0,9,7052.0,7052.0,7064.0,7046.0,61.0,4303600.0,47749
2023-05-10 21:01:09,p2310,p2310,7048.0,0.0,0.0,0.0,1,7046.0,7050.0,14,7052.0,7052.0,7064.0,7046.0,61.0,4303600.0,47749
2023-05-10 21:01:09,p2310,p2310,7048.0,0.0,0.0,0.0,1,7044.0,7048.0,5,7052.0,7052.0,7064.0,7046.0,61.0,4303600.0,47749
2023-05-10 21:01:10,p2310,p2310,7048.0,0.0,0.0,0.0,1,7044.0,7048.0,8,7052.0,7052.0,7064.0,7046.0,61.0,4303600.0,47749
2023-05-10 21:01:10,p2310,p2310,7048.0,0.0,0.0,0.0,1,7044.0,7048.0,1,7052.0,7052.0,7064.0,7046.0,61.0,4303600.0,47749
2023-05-10 21:01:11,p2310,p2310,7048.0,0.0,0.0,0.0,8,7042.0,7048.0,9,7052.0,7052.0,7064.0,7046.0,61.0,4303600.0,47749
2023-05-10 21:01:12,p2310,p2310,7048.0,0.0,0.0,0.0,1,7042.0,7048.0,14,7052.0,7052.0,7064.0,7046.0,61.0,4303600.0,47749
2023-05-10 21:01:13,p2310,p2310,7048.0,0.0,0.0,0.0,3,7044.0,7048.0,9,7052.0,7052.0,7064.0,7046.0,61.0,4303600.0,47749
2023-05-10 21:01:14,p2310,p2310,7048.0,0.0,0.0,0.0,5,7044.0,7048.0,1,7052.0,7052.0,7064.0,7046.0,61.0,4303600.0,47749
2023-05-10 21:01:14,p2310,p2310,7048.0,0.0,0.0,0.0,1,7046.0,7050.0,14,7052.0,7052.0,7064.0,7046.0,61.0,4303600.0,47749
2023-05-10 21:01:15,p2310,p2310,7048.0,0.0,0.0,0.0,1,7046.0,7050.0,12,7052.0,7052.0,7064.0,7046.0,61.0,4303600.0,47749
2023-05-10 21:01:16,p2310,p2310,7050.0,1.0,70500.0,1.0,1,7046.0,7050.0,13,7052.0,7052.0,7064.0,7046.0,62.0,4374100.0,47750
2023-05-10 21:01:16,p2310,p2310,7050.0,0.0,0.0,0.0,2,7044.0,7048.0,6,7052.0,7052.0,7064.0,7046.0,62.0,4374100.0,47750
2023-05-10 21:01:17,p2310,p2310,7050.0,0.0,0.0,0.0,1,7046.0,7050.0,14,7052.0,7052.0,7064.0,7046.0,62.0,4374100.0,47750
2023-05-10 21:01:17,p2310,p2310,7050.0,0.0,0.0,0.0,12,7044.0,7050.0,12,7052.0,7052.0,7064.0,7046.0,62.0,4374100.0,47750
2023-05-10 21:01:18,p2310,p2310,7050.0,0.0,0.0,0.0,7,7044.0,7050.0,14,7052.0,7052.0,7064.0,7046.0,62.0,4374100.0,47750
2023-05-10 21:01:18,p2310,p2310,7050.0,0.0,0.0,0.0,1,7046.0,7050.0,9,7052.0,7052.0,7064.0,7046.0,62.0,4374100.0,47750
2023-05-10 21:01:19,p2310,p2310,7050.0,0.0,0.0,0.0,2,7044.0,7050.0,21,7052.0,7052.0,7064.0,7046.0,62.0,4374100.0,47750
2023-05-10 21:01:19,p2310,p2310,7050.0,0.0,0.0,0.0,2,7044.0,7050.0,19,7052.0,7052.0,7064.0,7046.0,62.0,4374100.0,47750
2023-05-10 21:01:20,p2310,p2310,7050.0,0.0,0.0,0.0,1,7046.0,7050.0,12,7052.0,7052.0,7064.0,7046.0,62.0,4374100.0,47750
2023-05-10 21:01:20,p2310,p2310,7050.0,0.0,0.0,0.0,5,7046.0,7050.0,2,7052.0,7052.0,7064.0,7046.0,62.0,4374100.0,47750
2023-05-10 21:01:21,p2310,p2310,7050.0,0.0,0.0,0.0,1,7048.0,7052.0,13,7052.0,7052.0,7064.0,7046.0,62.0,4374100.0,47750
2023-05-10 21:01:21,p2310,p2310,7050.0,0.0,0.0,0.0,3,7046.0,7050.0,1,7052.0,7052.0,7064.0,7046.0,62.0,4374100.0,47750
2023-05-10 21:01:22,p2310,p2310,7050.0,0.0,0.0,0.0,5,7046.0,7050.0,1,7052.0,7052.0,7064.0,7046.0,62.0,4374100.0,47750
2023-05-10 21:01:23,p2310,p2310,7050.0,0.0,0.0,0.0,6,7048.0,7052.0,5,7052.0,7052.0,7064.0,7046.0,62.0,4374100.0,47750
2023-05-10 21:01:23,p2310,p2310,7050.0,0.0,0.0,0.0,1,7048.0,7052.0,1,7052.0,7052.0,7064.0,7046.0,62.0,4374100.0,47750
2023-05-10 21:01:24,p2310,p2310,7050.0,0.0,0.0,0.0,3,7048.0,7052.0,1,7052.0,7052.0,7064.0,7046.0,62.0,4374100.0,47750
2023-05-10 21:01:25,p2310,p2310,7052.0,1.0,70520.0,0.0,9,7050.0,7054.0,1,7052.0,7052.0,7064.0,7046.0,63.0,4444620.0,47750
2023-05-10 21:01:25,p2310,p2310,7052.0,0.0,0.0,0.0,1,7052.0,7056.0,24,7052.0,7052.0,7064.0,7046.0,63.0,4444620.0,47750
2023-05-10 21:01:26,p2310,p2310,7052.0,1.0,70520.0,0.0,5,7050.0,7054.0,2,7052.0,7052.0,7064.0,7046.0,64.0,4515140.0,47750
2023-05-10 21:01:26,p2310,p2310,7052.0,0.0,0.0,0.0,2,7050.0,7054.0,9,7052.0,7052.0,7064.0,7046.0,64.0,4515140.0,47750
2023-05-10 21:01:27,p2310,p2310,7052.0,0.0,0.0,0.0,12,7048.0,7054.0,9,7052.0,7052.0,7064.0,7046.0,64.0,4515140.0,47750
2023-05-10 21:01:27,p2310,p2310,7052.0,0.0,0.0,0.0,7,7048.0,7052.0,3,7052.0,7052.0,7064.0,7046.0,64.0,4515140.0,47750
2023-05-10 21:01:28,p2310,p2310,7052.0,0.0,0.0,0.0,12,7048.0,7052.0,1,7052.0,7052.0,7064.0,7046.0,64.0,4515140.0,47750
2023-05-10 21:01:29,p2310,p2310,7052.0,0.0,0.0,0.0,7,7048.0,7052.0,1,7052.0,7052.0,7064.0,7046.0,64.0,4515140.0,47750
2023-05-10 21:01:30,p2310,p2310,7052.0,0.0,0.0,0.0,2,7048.0,7052.0,4,7052.0,7052.0,7064.0,7046.0,64.0,4515140.0,47750
2023-05-10 21:01:31,p2310,p2310,7052.0,0.0,0.0,0.0,13,7046.0,7052.0,10,7052.0,7052.0,7064.0,7046.0,64.0,4515140.0,47750
2023-05-10 21:01:31,p2310,p2310,7052.0,0.0,0.0,0.0,8,7046.0,7052.0,10,7052.0,7052.0,7064.0,7046.0,64.0,4515140.0,47750
2023-05-10 21:01:32,p2310,p2310,7052.0,0.0,0.0,0.0,1,7046.0,7050.0,9,7052.0,7052.0,7064.0,7046.0,64.0,4515140.0,47750
2023-05-10 21:01:32,p2310,p2310,7052.0,0.0,0.0,0.0,7,7044.0,7046.0,1,7052.0,7052.0,7064.0,7046.0,64.0,4515140.0,47750
2023-05-10 21:01:33,p2310,p2310,7046.0,1.0,70460.0,0.0,7,7044.0,7048.0,1,7052.0,7052.0,7064.0,7046.0,65.0,4585600.0,47750
2023-05-10 21:01:33,p2310,p2310,7048.0,1.0,70480.0,0.0,9,7046.0,7050.0,2,7052.0,7052.0,7064.0,7046.0,66.0,4656080.0,47750
2023-05-10 21:01:34,p2310,p2310,7048.0,0.0,0.0,0.0,11,7046.0,7050.0,2,7052.0,7052.0,7064.0,7046.0,66.0,4656080.0,47750
2023-05-10 21:01:36,p2310,p2310,7048.0,0.0,0.0,0.0,19,7046.0,7052.0,3,7052.0,7052.0,7064.0,7046.0,66.0,4656080.0,47750
2023-05-10 21:01:37,p2310,p2310,7048.0,0.0,0.0,0.0,2,7048.0,7052.0,1,7052.0,7052.0,7064.0,7046.0,66.0,4656080.0,47750
2023-05-10 21:01:37,p2310,p2310,7048.0,0.0,0.0,0.0,2,7048.0,7052.0,3,7052.0,7052.0,7064.0,7046.0,66.0,4656080.0,47750
2023-05-10 21:01:41,p2310,p2310,7048.0,0.0,0.0,0.0,4,7048.0,7054.0,23,7052.0,7052.0,7064.0,7046.0,66.0,4656080.0,47750
2023-05-10 21:01:41,p2310,p2310,7048.0,0.0,0.0,0.0,2,7050.0,7054.0,22,7052.0,7052.0,7064.0,7046.0,66.0,4656080.0,47750
2023-05-10 21:01:42,p2310,p2310,7048.0,0.0,0.0,0.0,5,7048.0,7052.0,6,7052.0,7052.0,7064.0,7046.0,66.0,4656080.0,47750
2023-05-10 21:01:42,p2310,p2310,7048.0,0.0,0.0,0.0,3,7048.0,7052.0,2,7052.0,7052.0,7064.0,7046.0,66.0,4656080.0,47750
2023-05-10 21:01:43,p2310,p2310,7048.0,0.0,0.0,0.0,2,7048.0,7052.0,2,7052.0,7052.0,7064.0,7046.0,66.0,4656080.0,47750
2023-05-10 21:01:44,p2310,p2310,7048.0,0.0,0.0,0.0,2,7048.0,7052.0,7,7052.0,7052.0,7064.0,7046.0,66.0,4656080.0,47750
2023-05-10 21:01:45,p2310,p2310,7048.0,2.0,140960.0,-2.0,11,7046.0,7050.0,5,7052.0,7052.0,7064.0,7046.0,68.0,4797040.0,47748
2023-05-10 21:01:45,p2310,p2310,7048.0,0.0,0.0,0.0,1,7046.0,7050.0,1,7052.0,7052.0,7064.0,7046.0,68.0,4797040.0,47748
2023-05-10 21:01:46,p2310,p2310,7048.0,0.0,0.0,0.0,6,7046.0,7050.0,1,7052.0,7052.0,7064.0,7046.0,68.0,4797040.0,47748
2023-05-10 21:01:46,p2310,p2310,7048.0,0.0,0.0,0.0,1,7046.0,7050.0,1,7052.0,7052.0,7064.0,7046.0,68.0,4797040.0,47748
2023-05-10 21:01:47,p2310,p2310,7048.0,0.0,0.0,0.0,2,7048.0,7052.0,29,7052.0,7052.0,7064.0,7046.0,68.0,4797040.0,47748
2023-05-10 21:01:48,p2310,p2310,7048.0,0.0,0.0,0.0,3,7048.0,7052.0,13,7052.0,7052.0,7064.0,7046.0,68.0,4797040.0,47748
2023-05-10 21:01:48,p2310,p2310,7052.0,1.0,70520.0,1.0,1,7048.0,7052.0,22,7052.0,7052.0,7064.0,7046.0,69.0,4867560.0,47749
2023-05-10 21:01:49,p2310,p2310,7052.0,0.0,0.0,0.0,1,7048.0,7052.0,23,7052.0,7052.0,7064.0,7046.0,69.0,4867560.0,47749
2023-05-10 21:01:51,p2310,p2310,7052.0,0.0,0.0,0.0,1,7048.0,7052.0,18,7052.0,7052.0,7064.0,7046.0,69.0,4867560.0,47749
2023-05-10 21:01:52,p2310,p2310,7052.0,0.0,0.0,0.0,1,7048.0,7052.0,13,7052.0,7052.0,7064.0,7046.0,69.0,4867560.0,47749
2023-05-10 21:01:52,p2310,p2310,7052.0,0.0,0.0,0.0,1,7048.0,7052.0,8,7052.0,7052.0,7064.0,7046.0,69.0,4867560.0,47749
2023-05-10 21:01:54,p2310,p2310,7052.0,0.0,0.0,0.0,1,7048.0,7052.0,13,7052.0,7052.0,7064.0,7046.0,69.0,4867560.0,47749
2023-05-10 21:01:57,p2310,p2310,7052.0,2.0,141040.0,1.0,2,7048.0,7054.0,20,7052.0,7052.0,7064.0,7046.0,71.0,5008600.0,47750
2023-05-10 21:01:57,p2310,p2310,7052.0,1.0,70520.0,-1.0,2,7050.0,7052.0,1,7052.0,7052.0,7064.0,7046.0,72.0,5079120.0,47749
2023-05-10 21:01:58,p2310,p2310,7052.0,0.0,0.0,0.0,1,7050.0,7052.0,1,7052.0,7052.0,7064.0,7046.0,72.0,5079120.0,47749
2023-05-10 21:01:59,p2310,p2310,7052.0,1.0,70520.0,0.0,1,7050.0,7054.0,25,7052.0,7052.0,7064.0,7046.0,73.0,5149640.0,47749
2023-05-10 21:01:59,p2310,p2310,7052.0,0.0,0.0,0.0,1,7050.0,7054.0,17,7052.0,7052.0,7064.0,7046.0,73.0,5149640.0,47749
2023-05-10 21:02:00,p2310,p2310,7052.0,0.0,0.0,0.0,6,7048.0,7052.0,6,7052.0,7052.0,7064.0,7046.0,73.0,5149640.0,47749
2023-05-10 21:02:01,p2310,p2310,7052.0,0.0,0.0,0.0,1,7048.0,7052.0,3,7052.0,7052.0,7064.0,7046.0,73.0,5149640.0,47749
2023-05-10 21:02:02,p2310,p2310,7052.0,0.0,0.0,0.0,1,7048.0,7052.0,8,7052.0,7052.0,7064.0,7046.0,73.0,5149640.0,47749
2023-05-10 21:02:04,p2310,p2310,7052.0,0.0,0.0,0.0,1,7048.0,7052.0,13,7052.0,7052.0,7064.0,7046.0,73.0,5149640.0,47749
2023-05-10 21:02:04,p2310,p2310,7052.0,0.0,0.0,0.0,1,7048.0,7052.0,9,7052.0,7052.0,7064.0,7046.0,73.0,5149640.0,47749
2023-05-10 21:02:05,p2310,p2310,7048.0,1.0,70480.0,-1.0,6,7046.0,7050.0,18,7052.0,7052.0,7064.0,7046.0,74.0,5220120.0,47748
2023-05-10 21:02:05,p2310,p2310,7048.0,0.0,0.0,0.0,5,7044.0,7050.0,30,7052.0,7052.0,7064.0,7046.0,74.0,5220120.0,47748
2023-05-10 21:02:06,p2310,p2310,7048.0,0.0,0.0,0.0,2,7044.0,7050.0,30,7052.0,7052.0,7064.0,7046.0,74.0,5220120.0,47748
2023-05-10 21:02:06,p2310,p2310,7048.0,0.0,0.0,0.0,1,7044.0,7050.0,35,7052.0,7052.0,7064.0,7046.0,74.0,5220120.0,47748
2023-05-10 21:02:07,p2310,p2310,7048.0,0.0,0.0,0.0,1,7044.0,7050.0,40,7052.0,7052.0,7064.0,7046.0,74.0,5220120.0,47748
2023-05-10 21:02:08,p2310,p2310,7048.0,0.0,0.0,0.0,1,7044.0,7050.0,45,7052.0,7052.0,7064.0,7046.0,74.0,5220120.0,47748
2023-05-10 21:02:08,p2310,p2310,7048.0,0.0,0.0,0.0,34,7042.0,7048.0,20,7052.0,7052.0,7064.0,7046.0,74.0,5220120.0,47748
2023-05-10 21:02:09,p2310,p2310,7048.0,0.0,0.0,0.0,38,7042.0,7048.0,27,7052.0,7052.0,7064.0,7046.0,74.0,5220120.0,47748
2023-05-10 21:02:09,p2310,p2310,7048.0,0.0,0.0,0.0,36,7042.0,7048.0,32,7052.0,7052.0,7064.0,7046.0,74.0,5220120.0,47748
2023-05-10 21:02:10,p2310,p2310,7048.0,0.0,0.0,0.0,1,7044.0,7048.0,30,7052.0,7052.0,7064.0,7046.0,74.0,5220120.0,47748
2023-05-10 21:02:10,p2310,p2310,7048.0,0.0,0.0,0.0,33,7042.0,7048.0,25,7052.0,7052.0,7064.0,7046.0,74.0,5220120.0,47748
2023-05-10 21:02:11,p2310,p2310,7048.0,0.0,0.0,0.0,28,7042.0,7048.0,35,7052.0,7052.0,7064.0,7046.0,74.0,5220120.0,47748
2023-05-10 21:02:11,p2310,p2310,7048.0,0.0,0.0,0.0,18,7042.0,7048.0,45,7052.0,7052.0,7064.0,7046.0,74.0,5220120.0,47748
2023-05-10 21:02:12,p2310,p2310,7048.0,0.0,0.0,0.0,1,7042.0,7048.0,40,7052.0,7052.0,7064.0,7046.0,74.0,5220120.0,47748
2023-05-10 21:02:13,p2310,p2310,7048.0,0.0,0.0,0.0,1,7044.0,7048.0,25,7052.0,7052.0,7064.0,7046.0,74.0,5220120.0,47748
2023-05-10 21:02:14,p2310,p2310,7048.0,0.0,0.0,0.0,1,7044.0,7048.0,15,7052.0,7052.0,7064.0,7046.0,74.0,5220120.0,47748
2023-05-10 21:02:14,p2310,p2310,7048.0,0.0,0.0,0.0,1,7044.0,7048.0,20,7052.0,7052.0,7064.0,7046.0,74.0,5220120.0,47748
2023-05-10 21:02:15,p2310,p2310,7048.0,0.0,0.0,0.0,40,7042.0,7048.0,30,7052.0,7052.0,7064.0,7046.0,74.0,5220120.0,47748
2023-05-10 21:02:15,p2310,p2310,7048.0,0.0,0.0,0.0,1,7044.0,7048.0,24,7052.0,7052.0,7064.0,7046.0,74.0,5220120.0,47748
2023-05-10 21:02:16,p2310,p2310,7048.0,0.0,0.0,0.0,1,7044.0,7048.0,22,7052.0,7052.0,7064.0,7046.0,74.0,5220120.0,47748
2023-05-10 21:02:16,p2310,p2310,7048.0,0.0,0.0,0.0,1,7044.0,7048.0,17,7052.0,7052.0,7064.0,7046.0,74.0,5220120.0,47748
2023-05-10 21:02:18,p2310,p2310,7048.0,0.0,0.0,0.0,2,7044.0,7048.0,17,7052.0,7052.0,7064.0,7046.0,74.0,5220120.0,47748
2023-05-10 21:02:18,p2310,p2310,7048.0,0.0,0.0,0.0,1,7044.0,7048.0,17,7052.0,7052.0,7064.0,7046.0,74.0,5220120.0,47748
2023-05-10 21:02:19,p2310,p2310,7048.0,0.0,0.0,0.0,1,7044.0,7046.0,5,7052.0,7052.0,7064.0,7046.0,74.0,5220120.0,47748
2023-05-10 21:02:19,p2310,p2310,7046.0,5.0,352300.0,0.0,1,7044.0,7048.0,28,7052.0,7052.0,7064.0,7046.0,79.0,5572420.0,47748
2023-05-10 21:02:20,p2310,p2310,7046.0,0.0,0.0,0.0,1,7044.0,7048.0,13,7052.0,7052.0,7064.0,7046.0,79.0,5572420.0,47748
2023-05-10 21:02:20,p2310,p2310,7046.0,0.0,0.0,0.0,1,7044.0,7048.0,8,7052.0,7052.0,7064.0,7046.0,79.0,5572420.0,47748
2023-05-10 21:02:21,p2310,p2310,7046.0,0.0,0.0,0.0,1,7044.0,7048.0,18,7052.0,7052.0,7064.0,7046.0,79.0,5572420.0,47748
2023-05-10 21:02:21,p2310,p2310,7046.0,0.0,0.0,0.0,1,7044.0,7048.0,28,7052.0,7052.0,7064.0,7046.0,79.0,5572420.0,47748
2023-05-10 21:02:22,p2310,p2310,7046.0,0.0,0.0,0.0,1,7044.0,7048.0,26,7052.0,7052.0,7064.0,7046.0,79.0,5572420.0,47748
2023-05-10 21:02:23,p2310,p2310,7046.0,0.0,0.0,0.0,1,7044.0,7048.0,28,7052.0,7052.0,7064.0,7046.0,79.0,5572420.0,47748
2023-05-10 21:02:23,p2310,p2310,7048.0,6.0,422880.0,-6.0,5,7048.0,7050.0,26,7052.0,7052.0,7064.0,7046.0,85.0,5995300.0,47742
2023-05-10 21:02:24,p2310,p2310,7048.0,5.0,352400.0,5.0,6,7044.0,7048.0,5,7052.0,7052.0,7064.0,7046.0,90.0,6347700.0,47747
2023-05-10 21:02:24,p2310,p2310,7048.0,0.0,0.0,0.0,1,7044.0,7048.0,13,7052.0,7052.0,7064.0,7046.0,90.0,6347700.0,47747
2023-05-10 21:02:25,p2310,p2310,7048.0,0.0,0.0,0.0,1,7044.0,7048.0,8,7052.0,7052.0,7064.0,7046.0,90.0,6347700.0,47747
2023-05-10 21:02:25,p2310,p2310,7048.0,0.0,0.0,0.0,1,7044.0,7048.0,3,7052.0,7052.0,7064.0,7046.0,90.0,6347700.0,47747
2023-05-10 21:02:26,p2310,p2310,7048.0,0.0,0.0,0.0,1,7044.0,7048.0,1,7052.0,7052.0,7064.0,7046.0,90.0,6347700.0,47747
2023-05-10 21:02:26,p2310,p2310,7048.0,0.0,0.0,0.0,1,7044.0,7048.0,2,7052.0,7052.0,7064.0,7046.0,90.0,6347700.0,47747
2023-05-10 21:02:28,p2310,p2310,7048.0,0.0,0.0,0.0,1,7046.0,7048.0,2,7052.0,7052.0,7064.0,7046.0,90.0,6347700.0,47747
2023-05-10 21:02:28,p2310,p2310,7048.0,0.0,0.0,0.0,1,7044.0,7048.0,2,7052.0,7052.0,7064.0,7046.0,90.0,6347700.0,47747
2023-05-10 21:02:30,p2310,p2310,7048.0,0.0,0.0,0.0,1,7044.0,7048.0,17,7052.0,7052.0,7064.0,7046.0,90.0,6347700.0,47747
2023-05-10 21:02:31,p2310,p2310,7048.0,0.0,0.0,0.0,1,7044.0,7046.0,1,7052.0,7052.0,7064.0,7046.0,90.0,6347700.0,47747
2023-05-10 21:02:31,p2310,p2310,7048.0,0.0,0.0,0.0,1,7044.0,7048.0,32,7052.0,7052.0,7064.0,7046.0,90.0,6347700.0,47747
2023-05-10 21:02:32,p2310,p2310,7044.0,1.0,70440.0,0.0,6,7042.0,7046.0,1,7052.0,7052.0,7064.0,7044.0,91.0,6418140.0,47747
2023-05-10 21:02:32,p2310,p2310,7044.0,0.0,0.0,0.0,1,7042.0,7046.0,3,7052.0,7052.0,7064.0,7044.0,91.0,6418140.0,47747
2023-05-10 21:02:33,p2310,p2310,7044.0,0.0,0.0,0.0,28,7040.0,7046.0,13,7052.0,7052.0,7064.0,7044.0,91.0,6418140.0,47747
2023-05-10 21:02:34,p2310,p2310,7044.0,0.0,0.0,0.0,23,7040.0,7046.0,13,7052.0,7052.0,7064.0,7044.0,91.0,6418140.0,47747
2023-05-10 21:02:34,p2310,p2310,7044.0,0.0,0.0,0.0,8,7040.0,7046.0,13,7052.0,7052.0,7064.0,7044.0,91.0,6418140.0,47747
2023-05-10 21:02:35,p2310,p2310,7044.0,0.0,0.0,0.0,1,7040.0,7046.0,23,7052.0,7052.0,7064.0,7044.0,91.0,6418140.0,47747
2023-05-10 21:02:35,p2310,p2310,7042.0,2.0,140840.0,2.0,6,7040.0,7046.0,40,7052.0,7052.0,7064.0,7042.0,93.0,6558980.0,47749
2023-05-10 21:02:36,p2310,p2310,7042.0,0.0,0.0,0.0,1,7040.0,7044.0,2,7052.0,7052.0,7064.0,7042.0,93.0,6558980.0,47749
2023-05-10 21:02:38,p2310,p2310,7042.0,0.0,0.0,0.0,20,7038.0,7042.0,5,7052.0,7052.0,7064.0,7042.0,93.0,6558980.0,47749
2023-05-10 21:02:38,p2310,p2310,7042.0,0.0,0.0,0.0,1,7038.0,7042.0,5,7052.0,7052.0,7064.0,7042.0,93.0,6558980.0,47749
2023-05-10 21:02:39,p2310,p2310,7042.0,0.0,0.0,0.0,1,7038.0,7042.0,10,7052.0,7052.0,7064.0,7042.0,93.0,6558980.0,47749
2023-05-10 21:02:39,p2310,p2310,7042.0,2.0,140840.0,2.0,2,7042.0,7044.0,27,7052.0,7052.0,7064.0,7042.0,95.0,6699820.0,47751
2023-05-10 21:02:40,p2310,p2310,7044.0,1.0,70440.0,-1.0,1,7044.0,7046.0,10,7052.0,7052.0,7064.0,7042.0,96.0,6770260.0,47750
2023-05-10 21:02:40,p2310,p2310,7044.0,3.0,211320.0,2.0,25,7040.0,7044.0,1,7052.0,7052.0,7064.0,7042.0,99.0,6981580.0,47752
2023-05-10 21:02:41,p2310,p2310,7044.0,0.0,0.0,0.0,17,7040.0,7046.0,32,7052.0,7052.0,7064.0,7042.0,99.0,6981580.0,47752
2023-05-10 21:02:41,p2310,p2310,7044.0,0.0,0.0,0.0,17,7040.0,7044.0,1,7052.0,7052.0,7064.0,7042.0,99.0,6981580.0,47752
2023-05-10 21:02:42,p2310,p2310,7044.0,0.0,0.0,0.0,7,7040.0,7044.0,6,7052.0,7052.0,7064.0,7042.0,99.0,6981580.0,47752
2023-05-10 21:02:44,p2310,p2310,7044.0,0.0,0.0,0.0,42,7038.0,7044.0,6,7052.0,7052.0,7064.0,7042.0,99.0,6981580.0,47752
2023-05-10 21:02:45,p2310,p2310,7044.0,0.0,0.0,0.0,1,7040.0,7044.0,11,7052.0,7052.0,7064.0,7042.0,99.0,6981580.0,47752
2023-05-10 21:02:45,p2310,p2310,7044.0,0.0,0.0,0.0,39,7038.0,7044.0,3,7052.0,7052.0,7064.0,7042.0,99.0,6981580.0,47752
2023-05-10 21:02:46,p2310,p2310,7044.0,0.0,0.0,0.0,1,7040.0,7044.0,11,7052.0,7052.0,7064.0,7042.0,99.0,6981580.0,47752
2023-05-10 21:02:46,p2310,p2310,7044.0,0.0,0.0,0.0,3,7040.0,7044.0,6,7052.0,7052.0,7064.0,7042.0,99.0,6981580.0,47752
2023-05-10 21:02:47,p2310,p2310,7044.0,0.0,0.0,0.0,1,7040.0,7044.0,3,7052.0,7052.0,7064.0,7042.0,99.0,6981580.0,47752
2023-05-10 21:02:47,p2310,p2310,7044.0,0.0,0.0,0.0,1,7040.0,7044.0,8,7052.0,7052.0,7064.0,7042.0,99.0,6981580.0,47752
2023-05-10 21:02:51,p2310,p2310,7044.0,0.0,0.0,0.0,27,7038.0,7042.0,5,7052.0,7052.0,7064.0,7042.0,99.0,6981580.0,47752
2023-05-10 21:02:51,p2310,p2310,7044.0,0.0,0.0,0.0,4,7038.0,7042.0,1,7052.0,7052.0,7064.0,7042.0,99.0,6981580.0,47752
2023-05-10 21:02:52,p2310,p2310,7044.0,0.0,0.0,0.0,7,7040.0,7044.0,16,7052.0,7052.0,7064.0,7042.0,99.0,6981580.0,47752
2023-05-10 21:02:53,p2310,p2310,7044.0,0.0,0.0,0.0,1,7040.0,7044.0,1,7052.0,7052.0,7064.0,7042.0,99.0,6981580.0,47752
2023-05-10 21:02:53,p2310,p2310,7044.0,0.0,0.0,0.0,3,7040.0,7044.0,1,7052.0,7052.0,7064.0,7042.0,99.0,6981580.0,47752
2023-05-10 21:02:54,p2310,p2310,7044.0,0.0,0.0,0.0,47,7038.0,7044.0,8,7052.0,7052.0,7064.0,7042.0,99.0,6981580.0,47752
2023-05-10 21:02:55,p2310,p2310,7044.0,0.0,0.0,0.0,19,7038.0,7040.0,2,7052.0,7052.0,7064.0,7042.0,99.0,6981580.0,47752
2023-05-10 21:02:55,p2310,p2310,7038.0,1.0,70380.0,-1.0,3,7038.0,7040.0,2,7052.0,7052.0,7064.0,7038.0,100.0,7051960.0,47751
2023-05-10 21:02:56,p2310,p2310,7038.0,1.0,70380.0,0.0,2,7038.0,7040.0,2,7052.0,7052.0,7064.0,7038.0,101.0,7122340.0,47751
2023-05-10 21:02:56,p2310,p2310,7038.0,0.0,0.0,0.0,37,7036.0,7040.0,2,7052.0,7052.0,7064.0,7038.0,101.0,7122340.0,47751
2023-05-10 21:02:57,p2310,p2310,7038.0,0.0,0.0,0.0,22,7036.0,7040.0,2,7052.0,7052.0,7064.0,7038.0,101.0,7122340.0,47751
2023-05-10 21:02:57,p2310,p2310,7038.0,0.0,0.0,0.0,17,7036.0,7040.0,2,7052.0,7052.0,7064.0,7038.0,101.0,7122340.0,47751
2023-05-10 21:02:58,p2310,p2310,7038.0,0.0,0.0,0.0,18,7036.0,7040.0,2,7052.0,7052.0,7064.0,7038.0,101.0,7122340.0,47751
2023-05-10 21:03:00,p2310,p2310,7038.0,0.0,0.0,0.0,8,7036.0,7040.0,2,7052.0,7052.0,7064.0,7038.0,101.0,7122340.0,47751
2023-05-10 21:03:00,p2310,p2310,7040.0,3.0,211160.0,1.0,5,7038.0,7040.0,5,7052.0,7052.0,7064.0,7036.0,104.0,7333500.0,47752
2023-05-10 21:03:01,p2310,p2310,7042.0,6.0,422420.0,0.0,6,7040.0,7042.0,11,7052.0,7052.0,7064.0,7036.0,110.0,7755920.0,47752
2023-05-10 21:03:01,p2310,p2310,7040.0,6.0,422400.0,5.0,8,7038.0,7042.0,10,7052.0,7052.0,7064.0,7036.0,116.0,8178320.0,47757
2023-05-10 21:03:02,p2310,p2310,7040.0,0.0,0.0,0.0,8,7038.0,7042.0,1,7052.0,7052.0,7064.0,7036.0,116.0,8178320.0,47757
2023-05-10 21:03:02,p2310,p2310,7040.0,0.0,0.0,0.0,1,7038.0,7042.0,14,7052.0,7052.0,7064.0,7036.0,116.0,8178320.0,47757
2023-05-10 21:03:03,p2310,p2310,7040.0,0.0,0.0,0.0,1,7038.0,7040.0,1,7052.0,7052.0,7064.0,7036.0,116.0,8178320.0,47757
2023-05-10 21:03:03,p2310,p2310,7040.0,0.0,0.0,0.0,38,7036.0,7042.0,24,7052.0,7052.0,7064.0,7036.0,116.0,8178320.0,47757
2023-05-10 21:03:04,p2310,p2310,7040.0,0.0,0.0,0.0,1,7038.0,7042.0,11,7052.0,7052.0,7064.0,7036.0,116.0,8178320.0,47757
2023-05-10 21:03:04,p2310,p2310,7040.0,0.0,0.0,0.0,1,7038.0,7042.0,16,7052.0,7052.0,7064.0,7036.0,116.0,8178320.0,47757
2023-05-10 21:03:05,p2310,p2310,7040.0,0.0,0.0,0.0,18,7036.0,7038.0,1,7052.0,7052.0,7064.0,7036.0,116.0,8178320.0,47757
2023-05-10 21:03:05,p2310,p2310,7040.0,0.0,0.0,0.0,35,7034.0,7040.0,25,7052.0,7052.0,7064.0,7036.0,116.0,8178320.0,47757
2023-05-10 21:03:06,p2310,p2310,7040.0,0.0,0.0,0.0,44,7034.0,7040.0,12,7052.0,7052.0,7064.0,7036.0,116.0,8178320.0,47757
2023-05-10 21:03:06,p2310,p2310,7040.0,0.0,0.0,0.0,39,7034.0,7040.0,12,7052.0,7052.0,7064.0,7036.0,116.0,8178320.0,47757
2023-05-10 21:03:07,p2310,p2310,7040.0,0.0,0.0,0.0,9,7036.0,7042.0,56,7052.0,7052.0,7064.0,7036.0,116.0,8178320.0,47757
2023-05-10 21:03:07,p2310,p2310,7040.0,0.0,0.0,0.0,6,7036.0,7042.0,49,7052.0,7052.0,7064.0,7036.0,116.0,8178320.0,47757
2023-05-10 21:03:08,p2310,p2310,7040.0,0.0,0.0,0.0,9,7036.0,7042.0,44,7052.0,7052.0,7064.0,7036.0,116.0,8178320.0,47757
2023-05-10 21:03:08,p2310,p2310,7040.0,0.0,0.0,0.0,9,7036.0,7042.0,56,7052.0,7052.0,7064.0,7036.0,116.0,8178320.0,47757
2023-05-10 21:03:09,p2310,p2310,7040.0,0.0,0.0,0.0,7,7036.0,7042.0,56,7052.0,7052.0,7064.0,7036.0,116.0,8178320.0,47757
2023-05-10 21:03:09,p2310,p2310,7040.0,0.0,0.0,0.0,7,7036.0,7040.0,1,7052.0,7052.0,7064.0,7036.0,116.0,8178320.0,47757
2023-05-10 21:03:10,p2310,p2310,7040.0,0.0,0.0,0.0,9,7036.0,7042.0,51,7052.0,7052.0,7064.0,7036.0,116.0,8178320.0,47757
2023-05-10 21:03:11,p2310,p2310,7040.0,0.0,0.0,0.0,1,7038.0,7042.0,46,7052.0,7052.0,7064.0,7036.0,116.0,8178320.0,47757
2023-05-10 21:03:12,p2310,p2310,7040.0,0.0,0.0,0.0,3,7038.0,7042.0,13,7052.0,7052.0,7064.0,7036.0,116.0,8178320.0,47757
2023-05-10 21:03:12,p2310,p2310,7040.0,0.0,0.0,0.0,3,7038.0,7042.0,3,7052.0,7052.0,7064.0,7036.0,116.0,8178320.0,47757
2023-05-10 21:03:13,p2310,p2310,7040.0,0.0,0.0,0.0,3,7038.0,7042.0,21,7052.0,7052.0,7064.0,7036.0,116.0,8178320.0,47757
2023-05-10 21:03:13,p2310,p2310,7038.0,1.0,70380.0,0.0,43,7036.0,7042.0,17,7052.0,7052.0,7064.0,7036.0,117.0,8248700.0,47757
2023-05-10 21:03:14,p2310,p2310,7038.0,0.0,0.0,0.0,5,7038.0,7042.0,3,7052.0,7052.0,7064.0,7036.0,117.0,8248700.0,47757
2023-05-10 21:03:14,p2310,p2310,7038.0,0.0,0.0,0.0,43,7036.0,7042.0,7,7052.0,7052.0,7064.0,7036.0,117.0,8248700.0,47757
2023-05-10 21:03:15,p2310,p2310,7038.0,0.0,0.0,0.0,7,7038.0,7042.0,1,7052.0,7052.0,7064.0,7036.0,117.0,8248700.0,47757
2023-05-10 21:03:15,p2310,p2310,7038.0,0.0,0.0,0.0,5,7038.0,7042.0,1,7052.0,7052.0,7064.0,7036.0,117.0,8248700.0,47757
2023-05-10 21:03:16,p2310,p2310,7038.0,0.0,0.0,0.0,10,7038.0,7042.0,1,7052.0,7052.0,7064.0,7036.0,117.0,8248700.0,47757
2023-05-10 21:03:16,p2310,p2310,7038.0,1.0,70380.0,0.0,2,7038.0,7042.0,12,7052.0,7052.0,7064.0,7036.0,118.0,8319080.0,47757
2023-05-10 21:03:17,p2310,p2310,7038.0,1.0,70380.0,0.0,1,7038.0,7042.0,12,7052.0,7052.0,7064.0,7036.0,119.0,8389460.0,47757
2023-05-10 21:03:17,p2310,p2310,7038.0,1.0,70380.0,0.0,2,7038.0,7042.0,7,7052.0,7052.0,7064.0,7036.0,120.0,8459840.0,47757
2023-05-10 21:03:18,p2310,p2310,7038.0,1.0,70380.0,0.0,6,7038.0,7042.0,1,7052.0,7052.0,7064.0,7036.0,121.0,8530220.0,47757
2023-05-10 21:03:18,p2310,p2310,7042.0,3.0,211260.0,2.0,48,7036.0,7042.0,11,7052.0,7052.0,7064.0,7036.0,124.0,8741480.0,47759
2023-05-10 21:03:19,p2310,p2310,7042.0,0.0,0.0,0.0,9,7038.0,7044.0,46,7052.0,7052.0,7064.0,7036.0,124.0,8741480.0,47759
2023-05-10 21:03:19,p2310,p2310,7042.0,0.0,0.0,0.0,15,7038.0,7044.0,61,7052.0,7052.0,7064.0,7036.0,124.0,8741480.0,47759
2023-05-10 21:03:20,p2310,p2310,7042.0,0.0,0.0,0.0,10,7038.0,7044.0,48,7052.0,7052.0,7064.0,7036.0,124.0,8741480.0,47759
2023-05-10 21:03:20,p2310,p2310,7042.0,0.0,0.0,0.0,15,7038.0,7044.0,43,7052.0,7052.0,7064.0,7036.0,124.0,8741480.0,47759
2023-05-10 21:03:21,p2310,p2310,7042.0,0.0,0.0,0.0,22,7038.0,7044.0,50,7052.0,7052.0,7064.0,7036.0,124.0,8741480.0,47759
2023-05-10 21:03:21,p2310,p2310,7042.0,0.0,0.0,0.0,27,7038.0,7042.0,1,7052.0,7052.0,7064.0,7036.0,124.0,8741480.0,47759
2023-05-10 21:03:22,p2310,p2310,7042.0,0.0,0.0,0.0,27,7038.0,7044.0,50,7052.0,7052.0,7064.0,7036.0,124.0,8741480.0,47759
2023-05-10 21:03:22,p2310,p2310,7038.0,1.0,70380.0,1.0,5,7038.0,7042.0,12,7052.0,7052.0,7064.0,7036.0,125.0,8811860.0,47760
2023-05-10 21:03:23,p2310,p2310,7038.0,0.0,0.0,0.0,50,7036.0,7042.0,14,7052.0,7052.0,7064.0,7036.0,125.0,8811860.0,47760
2023-05-10 21:03:23,p2310,p2310,7038.0,0.0,0.0,0.0,55,7036.0,7042.0,14,7052.0,7052.0,7064.0,7036.0,125.0,8811860.0,47760
2023-05-10 21:03:24,p2310,p2310,7038.0,0.0,0.0,0.0,55,7036.0,7042.0,9,7052.0,7052.0,7064.0,7036.0,125.0,8811860.0,47760
2023-05-10 21:03:24,p2310,p2310,7038.0,0.0,0.0,0.0,60,7036.0,7042.0,7,7052.0,7052.0,7064.0,7036.0,125.0,8811860.0,47760
2023-05-10 21:03:25,p2310,p2310,7038.0,0.0,0.0,0.0,55,7036.0,7042.0,9,7052.0,7052.0,7064.0,7036.0,125.0,8811860.0,47760
2023-05-10 21:03:26,p2310,p2310,7038.0,0.0,0.0,0.0,9,7038.0,7042.0,2,7052.0,7052.0,7064.0,7036.0,125.0,8811860.0,47760
2023-05-10 21:03:26,p2310,p2310,7038.0,0.0,0.0,0.0,9,7038.0,7042.0,1,7052.0,7052.0,7064.0,7036.0,125.0,8811860.0,47760
2023-05-10 21:03:27,p2310,p2310,7038.0,0.0,0.0,0.0,10,7038.0,7042.0,1,7052.0,7052.0,7064.0,7036.0,125.0,8811860.0,47760
2023-05-10 21:03:28,p2310,p2310,7038.0,1.0,70380.0,1.0,50,7036.0,7042.0,7,7052.0,7052.0,7064.0,7036.0,126.0,8882240.0,47761
2023-05-10 21:03:28,p2310,p2310,7038.0,0.0,0.0,0.0,55,7036.0,7042.0,7,7052.0,7052.0,7064.0,7036.0,126.0,8882240.0,47761
2023-05-10 21:03:30,p2310,p2310,7038.0,0.0,0.0,0.0,50,7036.0,7042.0,7,7052.0,7052.0,7064.0,7036.0,126.0,8882240.0,47761
2023-05-10 21:03:31,p2310,p2310,7038.0,0.0,0.0,0.0,45,7036.0,7042.0,7,7052.0,7052.0,7064.0,7036.0,126.0,8882240.0,47761
2023-05-10 21:03:32,p2310,p2310,7038.0,0.0,0.0,0.0,50,7036.0,7042.0,7,7052.0,7052.0,7064.0,7036.0,126.0,8882240.0,47761
2023-05-10 21:03:33,p2310,p2310,7038.0,0.0,0.0,0.0,30,7036.0,7040.0,4,7052.0,7052.0,7064.0,7036.0,126.0,8882240.0,47761
2023-05-10 21:03:33,p2310,p2310,7036.0,1.0,70360.0,0.0,4,7036.0,7040.0,6,7052.0,7052.0,7064.0,7036.0,127.0,8952600.0,47761
2023-05-10 21:03:34,p2310,p2310,7036.0,1.0,70360.0,1.0,50,7034.0,7040.0,9,7052.0,7052.0,7064.0,7036.0,128.0,9022960.0,47762
2023-05-10 21:03:34,p2310,p2310,7036.0,0.0,0.0,0.0,59,7034.0,7040.0,7,7052.0,7052.0,7064.0,7036.0,128.0,9022960.0,47762
2023-05-10 21:03:35,p2310,p2310,7036.0,0.0,0.0,0.0,7,7036.0,7040.0,4,7052.0,7052.0,7064.0,7036.0,128.0,9022960.0,47762
2023-05-10 21:03:35,p2310,p2310,7036.0,0.0,0.0,0.0,26,7036.0,7042.0,27,7052.0,7052.0,7064.0,7036.0,128.0,9022960.0,47762
2023-05-10 21:03:36,p2310,p2310,7036.0,0.0,0.0,0.0,26,7036.0,7042.0,29,7052.0,7052.0,7064.0,7036.0,128.0,9022960.0,47762
2023-05-10 21:03:36,p2310,p2310,7036.0,0.0,0.0,0.0,22,7036.0,7042.0,29,7052.0,7052.0,7064.0,7036.0,128.0,9022960.0,47762
2023-05-10 21:03:37,p2310,p2310,7036.0,0.0,0.0,0.0,27,7036.0,7042.0,29,7052.0,7052.0,7064.0,7036.0,128.0,9022960.0,47762
2023-05-10 21:03:37,p2310,p2310,7036.0,0.0,0.0,0.0,27,7036.0,7040.0,2,7052.0,7052.0,7064.0,7036.0,128.0,9022960.0,47762
2023-05-10 21:03:38,p2310,p2310,7036.0,0.0,0.0,0.0,25,7036.0,7042.0,44,7052.0,7052.0,7064.0,7036.0,128.0,9022960.0,47762
2023-05-10 21:03:38,p2310,p2310,7036.0,0.0,0.0,0.0,14,7036.0,7040.0,2,7052.0,7052.0,7064.0,7036.0,128.0,9022960.0,47762
2023-05-10 21:03:39,p2310,p2310,7036.0,0.0,0.0,0.0,7,7036.0,7040.0,2,7052.0,7052.0,7064.0,7036.0,128.0,9022960.0,47762
2023-05-10 21:03:39,p2310,p2310,7036.0,0.0,0.0,0.0,9,7036.0,7042.0,42,7052.0,7052.0,7064.0,7036.0,128.0,9022960.0,47762
2023-05-10 21:03:40,p2310,p2310,7036.0,0.0,0.0,0.0,13,7036.0,7040.0,2,7052.0,7052.0,7064.0,7036.0,128.0,9022960.0,47762
2023-05-10 21:03:40,p2310,p2310,7036.0,0.0,0.0,0.0,17,7036.0,7040.0,2,7052.0,7052.0,7064.0,7036.0,128.0,9022960.0,47762
2023-05-10 21:03:41,p2310,p2310,7036.0,0.0,0.0,0.0,7,7038.0,7042.0,18,7052.0,7052.0,7064.0,7036.0,128.0,9022960.0,47762
2023-05-10 21:03:41,p2310,p2310,7036.0,0.0,0.0,0.0,2,7038.0,7042.0,3,7052.0,7052.0,7064.0,7036.0,128.0,9022960.0,47762
2023-05-10 21:03:42,p2310,p2310,7036.0,0.0,0.0,0.0,4,7038.0,7042.0,1,7052.0,7052.0,7064.0,7036.0,128.0,9022960.0,47762
2023-05-10 21:03:42,p2310,p2310,7036.0,0.0,0.0,0.0,2,7038.0,7042.0,1,7052.0,7052.0,7064.0,7036.0,128.0,9022960.0,47762
2023-05-10 21:03:43,p2310,p2310,7036.0,0.0,0.0,0.0,7,7038.0,7042.0,1,7052.0,7052.0,7064.0,7036.0,128.0,9022960.0,47762
2023-05-10 21:03:43,p2310,p2310,7036.0,0.0,0.0,0.0,7,7038.0,7042.0,3,7052.0,7052.0,7064.0,7036.0,128.0,9022960.0,47762
2023-05-10 21:03:44,p2310,p2310,7036.0,0.0,0.0,0.0,39,7036.0,7040.0,2,7052.0,7052.0,7064.0,7036.0,128.0,9022960.0,47762
2023-05-10 21:03:44,p2310,p2310,7036.0,0.0,0.0,0.0,19,7036.0,7040.0,2,7052.0,7052.0,7064.0,7036.0,128.0,9022960.0,47762
2023-05-10 21:03:45,p2310,p2310,7036.0,0.0,0.0,0.0,9,7036.0,7040.0,2,7052.0,7052.0,7064.0,7036.0,128.0,9022960.0,47762
2023-05-10 21:03:45,p2310,p2310,7036.0,0.0,0.0,0.0,9,7036.0,7042.0,32,7052.0,7052.0,7064.0,7036.0,128.0,9022960.0,47762
2023-05-10 21:03:46,p2310,p2310,7036.0,0.0,0.0,0.0,17,7036.0,7042.0,21,7052.0,7052.0,7064.0,7036.0,128.0,9022960.0,47762
2023-05-10 21:03:46,p2310,p2310,7036.0,0.0,0.0,0.0,19,7036.0,7042.0,13,7052.0,7052.0,7064.0,7036.0,128.0,9022960.0,47762
2023-05-10 21:03:47,p2310,p2310,7036.0,0.0,0.0,0.0,29,7036.0,7042.0,3,7052.0,7052.0,7064.0,7036.0,128.0,9022960.0,47762
2023-05-10 21:03:47,p2310,p2310,7036.0,0.0,0.0,0.0,44,7036.0,7042.0,3,7052.0,7052.0,7064.0,7036.0,128.0,9022960.0,47762
2023-05-10 21:03:48,p2310,p2310,7044.0,4.0,281740.0,1.0,51,7036.0,7042.0,2,7052.0,7052.0,7064.0,7036.0,132.0,9304700.0,47763
2023-05-10 21:03:49,p2310,p2310,7044.0,2.0,140880.0,0.0,2,7038.0,7044.0,48,7052.0,7052.0,7064.0,7036.0,134.0,9445580.0,47763
2023-05-10 21:03:50,p2310,p2310,7044.0,0.0,0.0,0.0,7,7038.0,7042.0,5,7052.0,7052.0,7064.0,7036.0,134.0,9445580.0,47763
2023-05-10 21:03:51,p2310,p2310,7038.0,1.0,70380.0,1.0,49,7036.0,7042.0,11,7052.0,7052.0,7064.0,7036.0,135.0,9515960.0,47764
2023-05-10 21:03:51,p2310,p2310,7038.0,0.0,0.0,0.0,51,7036.0,7042.0,13,7052.0,7052.0,7064.0,7036.0,135.0,9515960.0,47764
2023-05-10 21:03:52,p2310,p2310,7038.0,0.0,0.0,0.0,61,7036.0,7042.0,8,7052.0,7052.0,7064.0,7036.0,135.0,9515960.0,47764
2023-05-10 21:03:52,p2310,p2310,7038.0,0.0,0.0,0.0,49,7036.0,7042.0,8,7052.0,7052.0,7064.0,7036.0,135.0,9515960.0,47764
2023-05-10 21:03:53,p2310,p2310,7038.0,0.0,0.0,0.0,56,7036.0,7042.0,8,7052.0,7052.0,7064.0,7036.0,135.0,9515960.0,47764
2023-05-10 21:03:53,p2310,p2310,7038.0,0.0,0.0,0.0,5,7038.0,7042.0,2,7052.0,7052.0,7064.0,7036.0,135.0,9515960.0,47764
2023-05-10 21:03:54,p2310,p2310,7038.0,0.0,0.0,0.0,1,7038.0,7042.0,2,7052.0,7052.0,7064.0,7036.0,135.0,9515960.0,47764
2023-05-10 21:03:55,p2310,p2310,7038.0,0.0,0.0,0.0,44,7036.0,7042.0,17,7052.0,7052.0,7064.0,7036.0,135.0,9515960.0,47764
2023-05-10 21:03:55,p2310,p2310,7038.0,0.0,0.0,0.0,46,7036.0,7042.0,28,7052.0,7052.0,7064.0,7036.0,135.0,9515960.0,47764
2023-05-10 21:03:56,p2310,p2310,7038.0,0.0,0.0,0.0,46,7036.0,7040.0,1,7052.0,7052.0,7064.0,7036.0,135.0,9515960.0,47764
2023-05-10 21:03:56,p2310,p2310,7038.0,0.0,0.0,0.0,5,7038.0,7042.0,22,7052.0,7052.0,7064.0,7036.0,135.0,9515960.0,47764
2023-05-10 21:03:57,p2310,p2310,7038.0,0.0,0.0,0.0,41,7036.0,7042.0,28,7052.0,7052.0,7064.0,7036.0,135.0,9515960.0,47764
2023-05-10 21:03:57,p2310,p2310,7038.0,0.0,0.0,0.0,56,7036.0,7042.0,12,7052.0,7052.0,7064.0,7036.0,135.0,9515960.0,47764
2023-05-10 21:03:58,p2310,p2310,7038.0,0.0,0.0,0.0,39,7036.0,7042.0,18,7052.0,7052.0,7064.0,7036.0,135.0,9515960.0,47764
2023-05-10 21:03:58,p2310,p2310,7038.0,0.0,0.0,0.0,31,7036.0,7040.0,1,7052.0,7052.0,7064.0,7036.0,135.0,9515960.0,47764
2023-05-10 21:03:59,p2310,p2310,7038.0,0.0,0.0,0.0,23,7036.0,7040.0,1,7052.0,7052.0,7064.0,7036.0,135.0,9515960.0,47764
2023-05-10 21:03:59,p2310,p2310,7038.0,0.0,0.0,0.0,28,7036.0,7040.0,1,7052.0,7052.0,7064.0,7036.0,135.0,9515960.0,47764
2023-05-10 21:04:01,p2310,p2310,7038.0,0.0,0.0,0.0,28,7036.0,7040.0,2,7052.0,7052.0,7064.0,7036.0,135.0,9515960.0,47764
2023-05-10 21:04:01,p2310,p2310,7036.0,2.0,140720.0,1.0,25,7034.0,7040.0,13,7052.0,7052.0,7064.0,7036.0,137.0,9656680.0,47765
2023-05-10 21:04:02,p2310,p2310,7036.0,0.0,0.0,0.0,27,7034.0,7040.0,10,7052.0,7052.0,7064.0,7036.0,137.0,9656680.0,47765
2023-05-10 21:04:02,p2310,p2310,7034.0,3.0,211020.0,2.0,26,7032.0,7038.0,10,7052.0,7052.0,7064.0,7034.0,140.0,9867700.0,47767
2023-05-10 21:04:03,p2310,p2310,7034.0,0.0,0.0,0.0,11,7032.0,7036.0,13,7052.0,7052.0,7064.0,7034.0,140.0,9867700.0,47767
2023-05-10 21:04:03,p2310,p2310,7034.0,0.0,0.0,0.0,1,7032.0,7034.0,8,7052.0,7052.0,7064.0,7034.0,140.0,9867700.0,47767
2023-05-10 21:04:04,p2310,p2310,7032.0,3.0,210960.0,2.0,30,7030.0,7034.0,11,7052.0,7052.0,7064.0,7032.0,143.0,10078660.0,47769
2023-05-10 21:04:04,p2310,p2310,7032.0,0.0,0.0,0.0,1,7032.0,7036.0,47,7052.0,7052.0,7064.0,7032.0,143.0,10078660.0,47769
2023-05-10 21:04:05,p2310,p2310,7032.0,0.0,0.0,0.0,1,7032.0,7036.0,39,7052.0,7052.0,7064.0,7032.0,143.0,10078660.0,47769
2023-05-10 21:04:05,p2310,p2310,7032.0,0.0,0.0,0.0,31,7030.0,7034.0,11,7052.0,7052.0,7064.0,7032.0,143.0,10078660.0,47769
2023-05-10 21:04:06,p2310,p2310,7032.0,0.0,0.0,0.0,26,7030.0,7034.0,6,7052.0,7052.0,7064.0,7032.0,143.0,10078660.0,47769
2023-05-10 21:04:06,p2310,p2310,7032.0,0.0,0.0,0.0,28,7030.0,7034.0,30,7052.0,7052.0,7064.0,7032.0,143.0,10078660.0,47769
2023-05-10 21:04:07,p2310,p2310,7032.0,0.0,0.0,0.0,31,7030.0,7034.0,18,7052.0,7052.0,7064.0,7032.0,143.0,10078660.0,47769
2023-05-10 21:04:07,p2310,p2310,7032.0,0.0,0.0,0.0,28,7030.0,7034.0,10,7052.0,7052.0,7064.0,7032.0,143.0,10078660.0,47769
2023-05-10 21:04:08,p2310,p2310,7032.0,0.0,0.0,0.0,28,7030.0,7034.0,1,7052.0,7052.0,7064.0,7032.0,143.0,10078660.0,47769
2023-05-10 21:04:08,p2310,p2310,7032.0,0.0,0.0,0.0,28,7030.0,7034.0,15,7052.0,7052.0,7064.0,7032.0,143.0,10078660.0,47769
2023-05-10 21:04:09,p2310,p2310,7032.0,0.0,0.0,0.0,31,7030.0,7034.0,10,7052.0,7052.0,7064.0,7032.0,143.0,10078660.0,47769
2023-05-10 21:04:09,p2310,p2310,7030.0,31.0,2179300.0,22.0,15,7028.0,7030.0,5,7052.0,7052.0,7064.0,7030.0,174.0,12257960.0,47791
2023-05-10 21:04:10,p2310,p2310,7030.0,5.0,351500.0,-5.0,4,7030.0,7034.0,27,7052.0,7052.0,7064.0,7030.0,179.0,12609460.0,47786
2023-05-10 21:04:10,p2310,p2310,7030.0,0.0,0.0,0.0,9,7030.0,7034.0,1,7052.0,7052.0,7064.0,7030.0,179.0,12609460.0,47786
2023-05-10 21:04:11,p2310,p2310,7036.0,2.0,140700.0,-1.0,2,7032.0,7036.0,34,7052.0,7052.0,7064.0,7030.0,181.0,12750160.0,47785
2023-05-10 21:04:11,p2310,p2310,7036.0,0.0,0.0,0.0,2,7032.0,7036.0,19,7052.0,7052.0,7064.0,7030.0,181.0,12750160.0,47785
2023-05-10 21:04:12,p2310,p2310,7036.0,0.0,0.0,0.0,2,7032.0,7036.0,33,7052.0,7052.0,7064.0,7030.0,181.0,12750160.0,47785
2023-05-10 21:04:12,p2310,p2310,7036.0,0.0,0.0,0.0,2,7032.0,7036.0,19,7052.0,7052.0,7064.0,7030.0,181.0,12750160.0,47785
2023-05-10 21:04:13,p2310,p2310,7036.0,0.0,0.0,0.0,2,7032.0,7036.0,9,7052.0,7052.0,7064.0,7030.0,181.0,12750160.0,47785
2023-05-10 21:04:14,p2310,p2310,7036.0,0.0,0.0,0.0,10,7030.0,7034.0,2,7052.0,7052.0,7064.0,7030.0,181.0,12750160.0,47785
2023-05-10 21:04:14,p2310,p2310,7036.0,0.0,0.0,0.0,1,7030.0,7034.0,24,7052.0,7052.0,7064.0,7030.0,181.0,12750160.0,47785
2023-05-10 21:04:15,p2310,p2310,7030.0,1.0,70300.0,1.0,16,7028.0,7032.0,5,7052.0,7052.0,7064.0,7030.0,182.0,12820460.0,47786
2023-05-10 21:04:15,p2310,p2310,7030.0,0.0,0.0,0.0,18,7028.0,7032.0,5,7052.0,7052.0,7064.0,7030.0,182.0,12820460.0,47786
2023-05-10 21:04:16,p2310,p2310,7030.0,0.0,0.0,0.0,32,7028.0,7032.0,1,7052.0,7052.0,7064.0,7030.0,182.0,12820460.0,47786
2023-05-10 21:04:16,p2310,p2310,7030.0,0.0,0.0,0.0,18,7028.0,7032.0,1,7052.0,7052.0,7064.0,7030.0,182.0,12820460.0,47786
2023-05-10 21:04:17,p2310,p2310,7030.0,0.0,0.0,0.0,8,7028.0,7032.0,1,7052.0,7052.0,7064.0,7030.0,182.0,12820460.0,47786
2023-05-10 21:04:17,p2310,p2310,7030.0,0.0,0.0,0.0,8,7028.0,7032.0,6,7052.0,7052.0,7064.0,7030.0,182.0,12820460.0,47786
2023-05-10 21:04:18,p2310,p2310,7030.0,0.0,0.0,0.0,8,7028.0,7032.0,2,7052.0,7052.0,7064.0,7030.0,182.0,12820460.0,47786
2023-05-10 21:04:18,p2310,p2310,7030.0,0.0,0.0,0.0,35,7026.0,7032.0,33,7052.0,7052.0,7064.0,7030.0,182.0,12820460.0,47786
2023-05-10 21:04:19,p2310,p2310,7030.0,0.0,0.0,0.0,32,7026.0,7032.0,39,7052.0,7052.0,7064.0,7030.0,182.0,12820460.0,47786
2023-05-10 21:04:19,p2310,p2310,7030.0,0.0,0.0,0.0,13,7026.0,7030.0,1,7052.0,7052.0,7064.0,7030.0,182.0,12820460.0,47786
2023-05-10 21:04:20,p2310,p2310,7030.0,0.0,0.0,0.0,1,7026.0,7030.0,18,7052.0,7052.0,7064.0,7030.0,182.0,12820460.0,47786
2023-05-10 21:04:20,p2310,p2310,7030.0,0.0,0.0,0.0,39,7024.0,7030.0,23,7052.0,7052.0,7064.0,7030.0,182.0,12820460.0,47786
2023-05-10 21:04:21,p2310,p2310,7030.0,0.0,0.0,0.0,2,7028.0,7030.0,15,7052.0,7052.0,7064.0,7030.0,182.0,12820460.0,47786
2023-05-10 21:04:21,p2310,p2310,7030.0,0.0,0.0,0.0,2,7028.0,7032.0,23,7052.0,7052.0,7064.0,7030.0,182.0,12820460.0,47786
2023-05-10 21:04:22,p2310,p2310,7030.0,0.0,0.0,0.0,2,7028.0,7030.0,1,7052.0,7052.0,7064.0,7030.0,182.0,12820460.0,47786
2023-05-10 21:04:22,p2310,p2310,7030.0,0.0,0.0,0.0,8,7026.0,7030.0,1,7052.0,7052.0,7064.0,7030.0,182.0,12820460.0,47786
2023-05-10 21:04:23,p2310,p2310,7030.0,0.0,0.0,0.0,1,7026.0,7030.0,11,7052.0,7052.0,7064.0,7030.0,182.0,12820460.0,47786
2023-05-10 21:04:23,p2310,p2310,7030.0,0.0,0.0,0.0,5,7026.0,7030.0,15,7052.0,7052.0,7064.0,7030.0,182.0,12820460.0,47786
2023-05-10 21:04:24,p2310,p2310,7030.0,0.0,0.0,0.0,12,7026.0,7030.0,1,7052.0,7052.0,7064.0,7030.0,182.0,12820460.0,47786
2023-05-10 21:04:24,p2310,p2310,7030.0,0.0,0.0,0.0,8,7026.0,7030.0,1,7052.0,7052.0,7064.0,7030.0,182.0,12820460.0,47786
2023-05-10 21:04:25,p2310,p2310,7030.0,0.0,0.0,0.0,3,7026.0,7030.0,15,7052.0,7052.0,7064.0,7030.0,182.0,12820460.0,47786
2023-05-10 21:04:25,p2310,p2310,7030.0,0.0,0.0,0.0,5,7026.0,7030.0,20,7052.0,7052.0,7064.0,7030.0,182.0,12820460.0,47786
2023-05-10 21:04:26,p2310,p2310,7030.0,0.0,0.0,0.0,8,7026.0,7030.0,3,7052.0,7052.0,7064.0,7030.0,182.0,12820460.0,47786
2023-05-10 21:04:26,p2310,p2310,7030.0,0.0,0.0,0.0,3,7026.0,7030.0,18,7052.0,7052.0,7064.0,7030.0,182.0,12820460.0,47786
2023-05-10 21:04:27,p2310,p2310,7030.0,0.0,0.0,0.0,2,7026.0,7028.0,10,7052.0,7052.0,7064.0,7030.0,182.0,12820460.0,47786
2023-05-10 21:04:27,p2310,p2310,7030.0,0.0,0.0,0.0,2,7026.0,7028.0,12,7052.0,7052.0,7064.0,7030.0,182.0,12820460.0,47786
2023-05-10 21:04:28,p2310,p2310,7030.0,0.0,0.0,0.0,2,7026.0,7028.0,13,7052.0,7052.0,7064.0,7030.0,182.0,12820460.0,47786
2023-05-10 21:04:28,p2310,p2310,7026.0,2.0,140520.0,0.0,1,7024.0,7028.0,33,7052.0,7052.0,7064.0,7026.0,184.0,12960980.0,47786
2023-05-10 21:04:29,p2310,p2310,7026.0,0.0,0.0,0.0,40,7022.0,7028.0,19,7052.0,7052.0,7064.0,7026.0,184.0,12960980.0,47786
2023-05-10 21:04:29,p2310,p2310,7028.0,1.0,70280.0,1.0,21,7022.0,7028.0,62,7052.0,7052.0,7064.0,7026.0,185.0,13031260.0,47787
2023-05-10 21:04:30,p2310,p2310,7028.0,0.0,0.0,0.0,2,7022.0,7026.0,2,7052.0,7052.0,7064.0,7026.0,185.0,13031260.0,47787
2023-05-10 21:04:30,p2310,p2310,7028.0,0.0,0.0,0.0,2,7022.0,7026.0,9,7052.0,7052.0,7064.0,7026.0,185.0,13031260.0,47787
2023-05-10 21:04:31,p2310,p2310,7028.0,0.0,0.0,0.0,3,7022.0,7026.0,9,7052.0,7052.0,7064.0,7026.0,185.0,13031260.0,47787
2023-05-10 21:04:31,p2310,p2310,7028.0,2.0,140560.0,0.0,28,7022.0,7028.0,53,7052.0,7052.0,7064.0,7026.0,187.0,13171820.0,47787
2023-05-10 21:04:32,p2310,p2310,7028.0,0.0,0.0,0.0,41,7022.0,7028.0,49,7052.0,7052.0,7064.0,7026.0,187.0,13171820.0,47787
2023-05-10 21:04:32,p2310,p2310,7028.0,0.0,0.0,0.0,21,7022.0,7028.0,73,7052.0,7052.0,7064.0,7026.0,187.0,13171820.0,47787
2023-05-10 21:04:33,p2310,p2310,7028.0,0.0,0.0,0.0,16,7022.0,7028.0,78,7052.0,7052.0,7064.0,7026.0,187.0,13171820.0,47787
2023-05-10 21:04:33,p2310,p2310,7028.0,0.0,0.0,0.0,15,7022.0,7028.0,78,7052.0,7052.0,7064.0,7026.0,187.0,13171820.0,47787
2023-05-10 21:04:34,p2310,p2310,7028.0,0.0,0.0,0.0,6,7022.0,7028.0,78,7052.0,7052.0,7064.0,7026.0,187.0,13171820.0,47787
2023-05-10 21:04:34,p2310,p2310,7028.0,0.0,0.0,0.0,5,7024.0,7028.0,53,7052.0,7052.0,7064.0,7026.0,187.0,13171820.0,47787
2023-05-10 21:04:35,p2310,p2310,7028.0,0.0,0.0,0.0,3,7024.0,7028.0,44,7052.0,7052.0,7064.0,7026.0,187.0,13171820.0,47787
2023-05-10 21:04:35,p2310,p2310,7028.0,0.0,0.0,0.0,24,7022.0,7026.0,10,7052.0,7052.0,7064.0,7026.0,187.0,13171820.0,47787
2023-05-10 21:04:36,p2310,p2310,7028.0,0.0,0.0,0.0,11,7022.0,7026.0,2,7052.0,7052.0,7064.0,7026.0,187.0,13171820.0,47787
2023-05-10 21:04:36,p2310,p2310,7028.0,2.0,140560.0,2.0,20,7022.0,7026.0,2,7052.0,7052.0,7064.0,7026.0,189.0,13312380.0,47789
2023-05-10 21:04:37,p2310,p2310,7028.0,1.0,70280.0,1.0,3,7022.0,7026.0,1,7052.0,7052.0,7064.0,7026.0,190.0,13382660.0,47790
2023-05-10 21:04:37,p2310,p2310,7028.0,0.0,0.0,0.0,8,7022.0,7026.0,3,7052.0,7052.0,7064.0,7026.0,190.0,13382660.0,47790
2023-05-10 21:04:38,p2310,p2310,7028.0,0.0,0.0,0.0,15,7022.0,7026.0,1,7052.0,7052.0,7064.0,7026.0,190.0,13382660.0,47790
2023-05-10 21:04:38,p2310,p2310,7028.0,1.0,70280.0,0.0,7,7024.0,7028.0,37,7052.0,7052.0,7064.0,7026.0,191.0,13452940.0,47790
2023-05-10 21:04:39,p2310,p2310,7028.0,1.0,70280.0,1.0,31,7022.0,7028.0,40,7052.0,7052.0,7064.0,7026.0,192.0,13523220.0,47791
2023-05-10 21:04:39,p2310,p2310,7028.0,0.0,0.0,0.0,4,7024.0,7028.0,36,7052.0,7052.0,7064.0,7026.0,192.0,13523220.0,47791
2023-05-10 21:04:40,p2310,p2310,7028.0,0.0,0.0,0.0,2,7024.0,7028.0,31,7052.0,7052.0,7064.0,7026.0,192.0,13523220.0,47791
2023-05-10 21:04:40,p2310,p2310,7028.0,0.0,0.0,0.0,2,7024.0,7028.0,21,7052.0,7052.0,7064.0,7026.0,192.0,13523220.0,47791
2023-05-10 21:04:41,p2310,p2310,7028.0,0.0,0.0,0.0,2,7024.0,7028.0,16,7052.0,7052.0,7064.0,7026.0,192.0,13523220.0,47791
2023-05-10 21:04:41,p2310,p2310,7028.0,0.0,0.0,0.0,21,7022.0,7026.0,1,7052.0,7052.0,7064.0,7026.0,192.0,13523220.0,47791
2023-05-10 21:04:42,p2310,p2310,7026.0,1.0,70260.0,1.0,31,7022.0,7028.0,35,7052.0,7052.0,7064.0,7026.0,193.0,13593480.0,47792
2023-05-10 21:04:42,p2310,p2310,7026.0,0.0,0.0,0.0,2,7024.0,7028.0,30,7052.0,7052.0,7064.0,7026.0,193.0,13593480.0,47792
2023-05-10 21:04:43,p2310,p2310,7026.0,0.0,0.0,0.0,31,7022.0,7028.0,30,7052.0,7052.0,7064.0,7026.0,193.0,13593480.0,47792
2023-05-10 21:04:43,p2310,p2310,7026.0,0.0,0.0,0.0,41,7022.0,7028.0,20,7052.0,7052.0,7064.0,7026.0,193.0,13593480.0,47792
2023-05-10 21:04:44,p2310,p2310,7026.0,0.0,0.0,0.0,46,7022.0,7028.0,25,7052.0,7052.0,7064.0,7026.0,193.0,13593480.0,47792
2023-05-10 21:04:44,p2310,p2310,7026.0,0.0,0.0,0.0,2,7024.0,7028.0,20,7052.0,7052.0,7064.0,7026.0,193.0,13593480.0,47792
2023-05-10 21:04:45,p2310,p2310,7026.0,0.0,0.0,0.0,2,7024.0,7028.0,10,7052.0,7052.0,7064.0,7026.0,193.0,13593480.0,47792
2023-05-10 21:04:47,p2310,p2310,7026.0,0.0,0.0,0.0,51,7022.0,7028.0,10,7052.0,7052.0,7064.0,7026.0,193.0,13593480.0,47792
2023-05-10 21:04:47,p2310,p2310,7026.0,0.0,0.0,0.0,4,7024.0,7028.0,10,7052.0,7052.0,7064.0,7026.0,193.0,13593480.0,47792
2023-05-10 21:04:48,p2310,p2310,7024.0,1.0,70240.0,-1.0,46,7022.0,7028.0,10,7052.0,7052.0,7064.0,7024.0,194.0,13663720.0,47791
2023-05-10 21:04:48,p2310,p2310,7024.0,0.0,0.0,0.0,2,7024.0,7028.0,8,7052.0,7052.0,7064.0,7024.0,194.0,13663720.0,47791
2023-05-10 21:04:49,p2310,p2310,7024.0,0.0,0.0,0.0,2,7024.0,7028.0,10,7052.0,7052.0,7064.0,7024.0,194.0,13663720.0,47791
2023-05-10 21:04:53,p2310,p2310,7024.0,0.0,0.0,0.0,63,7022.0,7028.0,10,7052.0,7052.0,7064.0,7024.0,194.0,13663720.0,47791
2023-05-10 21:04:53,p2310,p2310,7024.0,0.0,0.0,0.0,54,7022.0,7028.0,8,7052.0,7052.0,7064.0,7024.0,194.0,13663720.0,47791
2023-05-10 21:04:54,p2310,p2310,7024.0,0.0,0.0,0.0,13,7024.0,7028.0,10,7052.0,7052.0,7064.0,7024.0,194.0,13663720.0,47791
2023-05-10 21:04:54,p2310,p2310,7024.0,0.0,0.0,0.0,58,7022.0,7028.0,15,7052.0,7052.0,7064.0,7024.0,194.0,13663720.0,47791
2023-05-10 21:04:55,p2310,p2310,7024.0,0.0,0.0,0.0,58,7022.0,7028.0,13,7052.0,7052.0,7064.0,7024.0,194.0,13663720.0,47791
2023-05-10 21:04:55,p2310,p2310,7024.0,0.0,0.0,0.0,2,7024.0,7028.0,13,7052.0,7052.0,7064.0,7024.0,194.0,13663720.0,47791
2023-05-10 21:04:56,p2310,p2310,7024.0,0.0,0.0,0.0,2,7024.0,7028.0,15,7052.0,7052.0,7064.0,7024.0,194.0,13663720.0,47791
2023-05-10 21:04:56,p2310,p2310,7024.0,0.0,0.0,0.0,1,7024.0,7028.0,15,7052.0,7052.0,7064.0,7024.0,194.0,13663720.0,47791
2023-05-10 21:04:58,p2310,p2310,7024.0,0.0,0.0,0.0,49,7022.0,7028.0,30,7052.0,7052.0,7064.0,7024.0,194.0,13663720.0,47791
2023-05-10 21:04:58,p2310,p2310,7024.0,0.0,0.0,0.0,53,7022.0,7028.0,30,7052.0,7052.0,7064.0,7024.0,194.0,13663720.0,47791
2023-05-10 21:04:59,p2310,p2310,7024.0,0.0,0.0,0.0,38,7022.0,7026.0,1,7052.0,7052.0,7064.0,7024.0,194.0,13663720.0,47791
2023-05-10 21:04:59,p2310,p2310,7024.0,0.0,0.0,0.0,7,7024.0,7028.0,43,7052.0,7052.0,7064.0,7024.0,194.0,13663720.0,47791
2023-05-10 21:05:00,p2310,p2310,7024.0,0.0,0.0,0.0,1,7024.0,7026.0,5,7052.0,7052.0,7064.0,7024.0,194.0,13663720.0,47791
2023-05-10 21:05:00,p2310,p2310,7026.0,7.0,491820.0,2.0,2,7026.0,7028.0,40,7052.0,7052.0,7064.0,7024.0,201.0,14155540.0,47793
2023-05-10 21:05:01,p2310,p2310,7024.0,5.0,351280.0,3.0,38,7022.0,7024.0,1,7052.0,7052.0,7064.0,7024.0,206.0,14506820.0,47796
2023-05-10 21:05:01,p2310,p2310,7022.0,2.0,140460.0,0.0,47,7022.0,7026.0,1,7052.0,7052.0,7064.0,7022.0,208.0,14647280.0,47796
2023-05-10 21:05:02,p2310,p2310,7026.0,1.0,70260.0,0.0,47,7022.0,7028.0,32,7052.0,7052.0,7064.0,7022.0,209.0,14717540.0,47796
2023-05-10 21:05:02,p2310,p2310,7026.0,0.0,0.0,0.0,58,7022.0,7028.0,25,7052.0,7052.0,7064.0,7022.0,209.0,14717540.0,47796
2023-05-10 21:05:03,p2310,p2310,7026.0,0.0,0.0,0.0,1,7024.0,7028.0,25,7052.0,7052.0,7064.0,7022.0,209.0,14717540.0,47796
2023-05-10 21:05:03,p2310,p2310,7026.0,0.0,0.0,0.0,46,7022.0,7028.0,30,7052.0,7052.0,7064.0,7022.0,209.0,14717540.0,47796
2023-05-10 21:05:04,p2310,p2310,7026.0,0.0,0.0,0.0,53,7022.0,7028.0,35,7052.0,7052.0,7064.0,7022.0,209.0,14717540.0,47796
2023-05-10 21:05:05,p2310,p2310,7026.0,0.0,0.0,0.0,4,7024.0,7028.0,28,7052.0,7052.0,7064.0,7022.0,209.0,14717540.0,47796
2023-05-10 21:05:06,p2310,p2310,7026.0,0.0,0.0,0.0,9,7024.0,7028.0,20,7052.0,7052.0,7064.0,7022.0,209.0,14717540.0,47796
2023-05-10 21:05:06,p2310,p2310,7026.0,0.0,0.0,0.0,10,7024.0,7028.0,25,7052.0,7052.0,7064.0,7022.0,209.0,14717540.0,47796
2023-05-10 21:05:07,p2310,p2310,7026.0,0.0,0.0,0.0,3,7024.0,7028.0,30,7052.0,7052.0,7064.0,7022.0,209.0,14717540.0,47796
2023-05-10 21:05:07,p2310,p2310,7028.0,2.0,140560.0,0.0,1,7024.0,7028.0,38,7052.0,7052.0,7064.0,7022.0,211.0,14858100.0,47796
2023-05-10 21:05:07,p2310,p2310,7028.0,0.0,0.0,0.0,1,7024.0,7028.0,33,7052.0,7052.0,7064.0,7022.0,211.0,14858100.0,47796
2023-05-10 21:05:08,p2310,p2310,7028.0,0.0,0.0,0.0,1,7024.0,7028.0,38,7052.0,7052.0,7064.0,7022.0,211.0,14858100.0,47796
2023-05-10 21:05:09,p2310,p2310,7028.0,0.0,0.0,0.0,1,7024.0,7028.0,48,7052.0,7052.0,7064.0,7022.0,211.0,14858100.0,47796
2023-05-10 21:05:11,p2310,p2310,7028.0,0.0,0.0,0.0,1,7024.0,7028.0,43,7052.0,7052.0,7064.0,7022.0,211.0,14858100.0,47796
2023-05-10 21:05:12,p2310,p2310,7028.0,0.0,0.0,0.0,11,7024.0,7028.0,23,7052.0,7052.0,7064.0,7022.0,211.0,14858100.0,47796
2023-05-10 21:05:13,p2310,p2310,7028.0,0.0,0.0,0.0,6,7024.0,7028.0,18,7052.0,7052.0,7064.0,7022.0,211.0,14858100.0,47796
2023-05-10 21:05:15,p2310,p2310,7028.0,4.0,281120.0,0.0,51,7022.0,7028.0,14,7052.0,7052.0,7064.0,7022.0,215.0,15139220.0,47796
2023-05-10 21:05:16,p2310,p2310,7030.0,22.0,1546360.0,-1.0,5,7028.0,7030.0,17,7052.0,7052.0,7064.0,7022.0,237.0,16685580.0,47795
2023-05-10 21:05:16,p2310,p2310,7030.0,17.0,1195100.0,4.0,5,7028.0,7032.0,16,7052.0,7052.0,7064.0,7022.0,254.0,17880680.0,47799
2023-05-10 21:05:17,p2310,p2310,7030.0,0.0,0.0,0.0,5,7028.0,7032.0,6,7052.0,7052.0,7064.0,7022.0,254.0,17880680.0,47799
2023-05-10 21:05:17,p2310,p2310,7030.0,0.0,0.0,0.0,15,7028.0,7032.0,1,7052.0,7052.0,7064.0,7022.0,254.0,17880680.0,47799
2023-05-10 21:05:18,p2310,p2310,7030.0,0.0,0.0,0.0,50,7030.0,7034.0,47,7052.0,7052.0,7064.0,7022.0,254.0,17880680.0,47799
2023-05-10 21:05:18,p2310,p2310,7030.0,0.0,0.0,0.0,75,7030.0,7034.0,10,7052.0,7052.0,7064.0,7022.0,254.0,17880680.0,47799
2023-05-10 21:05:19,p2310,p2310,7030.0,0.0,0.0,0.0,77,7030.0,7034.0,10,7052.0,7052.0,7064.0,7022.0,254.0,17880680.0,47799
2023-05-10 21:05:20,p2310,p2310,7030.0,0.0,0.0,0.0,87,7030.0,7034.0,5,7052.0,7052.0,7064.0,7022.0,254.0,17880680.0,47799
2023-05-10 21:05:21,p2310,p2310,7030.0,0.0,0.0,0.0,72,7030.0,7034.0,31,7052.0,7052.0,7064.0,7022.0,254.0,17880680.0,47799
2023-05-10 21:05:21,p2310,p2310,7030.0,0.0,0.0,0.0,77,7030.0,7034.0,31,7052.0,7052.0,7064.0,7022.0,254.0,17880680.0,47799
2023-05-10 21:05:22,p2310,p2310,7030.0,0.0,0.0,0.0,72,7030.0,7034.0,31,7052.0,7052.0,7064.0,7022.0,254.0,17880680.0,47799
2023-05-10 21:05:24,p2310,p2310,7030.0,0.0,0.0,0.0,77,7030.0,7034.0,26,7052.0,7052.0,7064.0,7022.0,254.0,17880680.0,47799
2023-05-10 21:05:24,p2310,p2310,7030.0,0.0,0.0,0.0,72,7030.0,7034.0,31,7052.0,7052.0,7064.0,7022.0,254.0,17880680.0,47799
2023-05-10 21:05:25,p2310,p2310,7030.0,0.0,0.0,0.0,82,7030.0,7034.0,26,7052.0,7052.0,7064.0,7022.0,254.0,17880680.0,47799
2023-05-10 21:05:25,p2310,p2310,7030.0,0.0,0.0,0.0,87,7030.0,7034.0,26,7052.0,7052.0,7064.0,7022.0,254.0,17880680.0,47799
2023-05-10 21:05:26,p2310,p2310,7026.0,104.0,7310500.0,66.0,10,7026.0,7030.0,15,7052.0,7052.0,7064.0,7022.0,358.0,25191180.0,47865
2023-05-10 21:05:26,p2310,p2310,7026.0,0.0,0.0,0.0,32,7024.0,7030.0,28,7052.0,7052.0,7064.0,7022.0,358.0,25191180.0,47865
2023-05-10 21:05:27,p2310,p2310,7026.0,0.0,0.0,0.0,27,7024.0,7028.0,5,7052.0,7052.0,7064.0,7022.0,358.0,25191180.0,47865
2023-05-10 21:05:27,p2310,p2310,7026.0,0.0,0.0,0.0,5,7026.0,7028.0,5,7052.0,7052.0,7064.0,7022.0,358.0,25191180.0,47865
2023-05-10 21:05:28,p2310,p2310,7028.0,5.0,351400.0,0.0,2,7028.0,7030.0,18,7052.0,7052.0,7064.0,7022.0,363.0,25542580.0,47865
2023-05-10 21:05:28,p2310,p2310,7030.0,2.0,140600.0,2.0,45,7024.0,7030.0,16,7052.0,7052.0,7064.0,7022.0,365.0,25683180.0,47867
2023-05-10 21:05:29,p2310,p2310,7030.0,0.0,0.0,0.0,2,7026.0,7030.0,16,7052.0,7052.0,7064.0,7022.0,365.0,25683180.0,47867
2023-05-10 21:05:30,p2310,p2310,7030.0,0.0,0.0,0.0,2,7026.0,7030.0,21,7052.0,7052.0,7064.0,7022.0,365.0,25683180.0,47867
2023-05-10 21:05:30,p2310,p2310,7030.0,0.0,0.0,0.0,2,7026.0,7030.0,26,7052.0,7052.0,7064.0,7022.0,365.0,25683180.0,47867
2023-05-10 21:05:30,p2310,p2310,7030.0,0.0,0.0,0.0,2,7026.0,7030.0,31,7052.0,7052.0,7064.0,7022.0,365.0,25683180.0,47867
2023-05-10 21:05:32,p2310,p2310,7030.0,0.0,0.0,0.0,50,7024.0,7030.0,31,7052.0,7052.0,7064.0,7022.0,365.0,25683180.0,47867
2023-05-10 21:05:32,p2310,p2310,7030.0,0.0,0.0,0.0,25,7024.0,7030.0,50,7052.0,7052.0,7064.0,7022.0,365.0,25683180.0,47867
2023-05-10 21:05:33,p2310,p2310,7030.0,0.0,0.0,0.0,5,7024.0,7030.0,69,7052.0,7052.0,7064.0,7022.0,365.0,25683180.0,47867
2023-05-10 21:05:34,p2310,p2310,7030.0,0.0,0.0,0.0,21,7022.0,7026.0,5,7052.0,7052.0,7064.0,7022.0,365.0,25683180.0,47867
2023-05-10 21:05:34,p2310,p2310,7026.0,4.0,281040.0,4.0,8,7022.0,7026.0,3,7052.0,7052.0,7064.0,7022.0,369.0,25964220.0,47871
2023-05-10 21:05:35,p2310,p2310,7026.0,0.0,0.0,0.0,8,7022.0,7026.0,5,7052.0,7052.0,7064.0,7022.0,369.0,25964220.0,47871
2023-05-10 21:05:35,p2310,p2310,7026.0,0.0,0.0,0.0,6,7022.0,7026.0,7,7052.0,7052.0,7064.0,7022.0,369.0,25964220.0,47871
2023-05-10 21:05:36,p2310,p2310,7026.0,0.0,0.0,0.0,1,7022.0,7026.0,7,7052.0,7052.0,7064.0,7022.0,369.0,25964220.0,47871
2023-05-10 21:05:37,p2310,p2310,7026.0,0.0,0.0,0.0,1,7022.0,7026.0,12,7052.0,7052.0,7064.0,7022.0,369.0,25964220.0,47871
2023-05-10 21:05:37,p2310,p2310,7026.0,0.0,0.0,0.0,1,7022.0,7026.0,17,7052.0,7052.0,7064.0,7022.0,369.0,25964220.0,47871
2023-05-10 21:05:38,p2310,p2310,7026.0,0.0,0.0,0.0,1,7022.0,7026.0,27,7052.0,7052.0,7064.0,7022.0,369.0,25964220.0,47871
2023-05-10 21:05:38,p2310,p2310,7026.0,0.0,0.0,0.0,6,7022.0,7026.0,22,7052.0,7052.0,7064.0,7022.0,369.0,25964220.0,47871
2023-05-10 21:05:39,p2310,p2310,7026.0,0.0,0.0,0.0,6,7022.0,7026.0,17,7052.0,7052.0,7064.0,7022.0,369.0,25964220.0,47871
2023-05-10 21:05:39,p2310,p2310,7026.0,0.0,0.0,0.0,1,7022.0,7026.0,22,7052.0,7052.0,7064.0,7022.0,369.0,25964220.0,47871
2023-05-10 21:05:40,p2310,p2310,7026.0,0.0,0.0,0.0,1,7022.0,7026.0,27,7052.0,7052.0,7064.0,7022.0,369.0,25964220.0,47871
2023-05-10 21:05:41,p2310,p2310,7026.0,0.0,0.0,0.0,6,7022.0,7026.0,22,7052.0,7052.0,7064.0,7022.0,369.0,25964220.0,47871
2023-05-10 21:05:41,p2310,p2310,7026.0,0.0,0.0,0.0,6,7022.0,7026.0,17,7052.0,7052.0,7064.0,7022.0,369.0,25964220.0,47871
2023-05-10 21:05:43,p2310,p2310,7026.0,0.0,0.0,0.0,11,7022.0,7026.0,7,7052.0,7052.0,7064.0,7022.0,369.0,25964220.0,47871
2023-05-10 21:05:44,p2310,p2310,7026.0,0.0,0.0,0.0,11,7022.0,7026.0,2,7052.0,7052.0,7064.0,7022.0,369.0,25964220.0,47871
2023-05-10 21:05:45,p2310,p2310,7026.0,0.0,0.0,0.0,2,7024.0,7026.0,2,7052.0,7052.0,7064.0,7022.0,369.0,25964220.0,47871
2023-05-10 21:05:46,p2310,p2310,7026.0,2.0,140520.0,0.0,2,7024.0,7028.0,48,7052.0,7052.0,7064.0,7022.0,371.0,26104740.0,47871
2023-05-10 21:05:46,p2310,p2310,7026.0,0.0,0.0,0.0,14,7024.0,7028.0,10,7052.0,7052.0,7064.0,7022.0,371.0,26104740.0,47871
2023-05-10 21:05:47,p2310,p2310,7026.0,0.0,0.0,0.0,9,7026.0,7030.0,36,7052.0,7052.0,7064.0,7022.0,371.0,26104740.0,47871
2023-05-10 21:05:47,p2310,p2310,7026.0,0.0,0.0,0.0,14,7026.0,7030.0,16,7052.0,7052.0,7064.0,7022.0,371.0,26104740.0,47871
2023-05-10 21:05:48,p2310,p2310,7026.0,0.0,0.0,0.0,15,7026.0,7030.0,4,7052.0,7052.0,7064.0,7022.0,371.0,26104740.0,47871
2023-05-10 21:05:48,p2310,p2310,7026.0,0.0,0.0,0.0,22,7026.0,7030.0,3,7052.0,7052.0,7064.0,7022.0,371.0,26104740.0,47871
2023-05-10 21:05:49,p2310,p2310,7026.0,0.0,0.0,0.0,27,7026.0,7030.0,3,7052.0,7052.0,7064.0,7022.0,371.0,26104740.0,47871
2023-05-10 21:05:49,p2310,p2310,7026.0,0.0,0.0,0.0,32,7026.0,7030.0,3,7052.0,7052.0,7064.0,7022.0,371.0,26104740.0,47871
2023-05-10 21:05:51,p2310,p2310,7026.0,0.0,0.0,0.0,27,7026.0,7030.0,3,7052.0,7052.0,7064.0,7022.0,371.0,26104740.0,47871
2023-05-10 21:05:52,p2310,p2310,7030.0,3.0,210900.0,0.0,19,7028.0,7032.0,20,7052.0,7052.0,7064.0,7022.0,374.0,26315640.0,47871
2023-05-10 21:05:52,p2310,p2310,7030.0,0.0,0.0,0.0,16,7028.0,7034.0,50,7052.0,7052.0,7064.0,7022.0,374.0,26315640.0,47871
2023-05-10 21:05:53,p2310,p2310,7030.0,0.0,0.0,0.0,16,7028.0,7034.0,52,7052.0,7052.0,7064.0,7022.0,374.0,26315640.0,47871
2023-05-10 21:05:53,p2310,p2310,7030.0,0.0,0.0,0.0,21,7028.0,7034.0,52,7052.0,7052.0,7064.0,7022.0,374.0,26315640.0,47871
2023-05-10 21:05:54,p2310,p2310,7030.0,0.0,0.0,0.0,19,7028.0,7034.0,62,7052.0,7052.0,7064.0,7022.0,374.0,26315640.0,47871
2023-05-10 21:05:54,p2310,p2310,7030.0,0.0,0.0,0.0,41,7026.0,7032.0,18,7052.0,7052.0,7064.0,7022.0,374.0,26315640.0,47871
2023-05-10 21:05:55,p2310,p2310,7030.0,0.0,0.0,0.0,43,7026.0,7032.0,30,7052.0,7052.0,7064.0,7022.0,374.0,26315640.0,47871
2023-05-10 21:05:55,p2310,p2310,7030.0,0.0,0.0,0.0,2,7028.0,7032.0,45,7052.0,7052.0,7064.0,7022.0,374.0,26315640.0,47871
2023-05-10 21:05:56,p2310,p2310,7030.0,0.0,0.0,0.0,2,7030.0,7032.0,20,7052.0,7052.0,7064.0,7022.0,374.0,26315640.0,47871
2023-05-10 21:05:56,p2310,p2310,7032.0,20.0,1406400.0,0.0,10,7032.0,7034.0,27,7052.0,7052.0,7064.0,7022.0,394.0,27722040.0,47871
2023-05-10 21:05:57,p2310,p2310,7032.0,0.0,0.0,0.0,5,7032.0,7034.0,10,7052.0,7052.0,7064.0,7022.0,394.0,27722040.0,47871
2023-05-10 21:05:58,p2310,p2310,7032.0,0.0,0.0,0.0,5,7032.0,7034.0,5,7052.0,7052.0,7064.0,7022.0,394.0,27722040.0,47871
2023-05-10 21:06:01,p2310,p2310,7032.0,5.0,351600.0,0.0,17,7030.0,7036.0,49,7052.0,7052.0,7064.0,7022.0,399.0,28073640.0,47871
2023-05-10 21:06:01,p2310,p2310,7032.0,0.0,0.0,0.0,17,7030.0,7036.0,62,7052.0,7052.0,7064.0,7022.0,399.0,28073640.0,47871
2023-05-10 21:06:02,p2310,p2310,7032.0,0.0,0.0,0.0,12,7030.0,7036.0,67,7052.0,7052.0,7064.0,7022.0,399.0,28073640.0,47871
2023-05-10 21:06:02,p2310,p2310,7032.0,0.0,0.0,0.0,12,7030.0,7036.0,58,7052.0,7052.0,7064.0,7022.0,399.0,28073640.0,47871
2023-05-10 21:06:03,p2310,p2310,7032.0,0.0,0.0,0.0,13,7030.0,7036.0,62,7052.0,7052.0,7064.0,7022.0,399.0,28073640.0,47871
2023-05-10 21:06:03,p2310,p2310,7032.0,0.0,0.0,0.0,13,7030.0,7036.0,57,7052.0,7052.0,7064.0,7022.0,399.0,28073640.0,47871
2023-05-10 21:06:04,p2310,p2310,7032.0,0.0,0.0,0.0,16,7032.0,7036.0,25,7052.0,7052.0,7064.0,7022.0,399.0,28073640.0,47871
2023-05-10 21:06:04,p2310,p2310,7032.0,0.0,0.0,0.0,9,7032.0,7036.0,5,7052.0,7052.0,7064.0,7022.0,399.0,28073640.0,47871
2023-05-10 21:06:05,p2310,p2310,7032.0,0.0,0.0,0.0,11,7032.0,7036.0,1,7052.0,7052.0,7064.0,7022.0,399.0,28073640.0,47871
2023-05-10 21:06:05,p2310,p2310,7036.0,1.0,70360.0,-1.0,5,7034.0,7038.0,20,7052.0,7052.0,7064.0,7022.0,400.0,28144000.0,47870
2023-05-10 21:06:06,p2310,p2310,7036.0,0.0,0.0,0.0,8,7034.0,7040.0,61,7052.0,7052.0,7064.0,7022.0,400.0,28144000.0,47870
2023-05-10 21:06:06,p2310,p2310,7036.0,0.0,0.0,0.0,8,7034.0,7040.0,67,7052.0,7052.0,7064.0,7022.0,400.0,28144000.0,47870
2023-05-10 21:06:07,p2310,p2310,7036.0,2.0,140720.0,2.0,31,7034.0,7036.0,8,7052.0,7052.0,7064.0,7022.0,402.0,28284720.0,47872
2023-05-10 21:06:07,p2310,p2310,7036.0,8.0,562880.0,1.0,7,7036.0,7040.0,23,7052.0,7052.0,7064.0,7022.0,410.0,28847600.0,47873
2023-05-10 21:06:08,p2310,p2310,7036.0,0.0,0.0,0.0,7,7036.0,7040.0,1,7052.0,7052.0,7064.0,7022.0,410.0,28847600.0,47873
2023-05-10 21:06:08,p2310,p2310,7036.0,0.0,0.0,0.0,17,7036.0,7040.0,1,7052.0,7052.0,7064.0,7022.0,410.0,28847600.0,47873
2023-05-10 21:06:09,p2310,p2310,7036.0,0.0,0.0,0.0,7,7036.0,7040.0,1,7052.0,7052.0,7064.0,7022.0,410.0,28847600.0,47873
2023-05-10 21:06:09,p2310,p2310,7036.0,0.0,0.0,0.0,12,7036.0,7040.0,1,7052.0,7052.0,7064.0,7022.0,410.0,28847600.0,47873
2023-05-10 21:06:10,p2310,p2310,7036.0,0.0,0.0,0.0,22,7036.0,7040.0,1,7052.0,7052.0,7064.0,7022.0,410.0,28847600.0,47873
2023-05-10 21:06:10,p2310,p2310,7036.0,0.0,0.0,0.0,5,7038.0,7042.0,38,7052.0,7052.0,7064.0,7022.0,410.0,28847600.0,47873
2023-05-10 21:06:11,p2310,p2310,7036.0,0.0,0.0,0.0,5,7038.0,7042.0,8,7052.0,7052.0,7064.0,7022.0,410.0,28847600.0,47873
2023-05-10 21:06:11,p2310,p2310,7036.0,0.0,0.0,0.0,5,7038.0,7042.0,1,7052.0,7052.0,7064.0,7022.0,410.0,28847600.0,47873
2023-05-10 21:06:12,p2310,p2310,7038.0,7.0,492660.0,0.0,47,7036.0,7040.0,2,7052.0,7052.0,7064.0,7022.0,417.0,29340260.0,47873
2023-05-10 21:06:13,p2310,p2310,7038.0,0.0,0.0,0.0,32,7036.0,7040.0,7,7052.0,7052.0,7064.0,7022.0,417.0,29340260.0,47873
2023-05-10 21:06:13,p2310,p2310,7038.0,0.0,0.0,0.0,7,7036.0,7038.0,2,7052.0,7052.0,7064.0,7022.0,417.0,29340260.0,47873
2023-05-10 21:06:14,p2310,p2310,7038.0,0.0,0.0,0.0,53,7034.0,7038.0,2,7052.0,7052.0,7064.0,7022.0,417.0,29340260.0,47873
2023-05-10 21:06:14,p2310,p2310,7038.0,0.0,0.0,0.0,10,7036.0,7040.0,34,7052.0,7052.0,7064.0,7022.0,417.0,29340260.0,47873
2023-05-10 21:06:15,p2310,p2310,7038.0,0.0,0.0,0.0,10,7036.0,7040.0,11,7052.0,7052.0,7064.0,7022.0,417.0,29340260.0,47873
2023-05-10 21:06:15,p2310,p2310,7038.0,0.0,0.0,0.0,7,7036.0,7040.0,1,7052.0,7052.0,7064.0,7022.0,417.0,29340260.0,47873
2023-05-10 21:06:16,p2310,p2310,7038.0,0.0,0.0,0.0,12,7036.0,7040.0,1,7052.0,7052.0,7064.0,7022.0,417.0,29340260.0,47873
2023-05-10 21:06:18,p2310,p2310,7038.0,0.0,0.0,0.0,17,7036.0,7040.0,1,7052.0,7052.0,7064.0,7022.0,417.0,29340260.0,47873
2023-05-10 21:06:18,p2310,p2310,7036.0,1.0,70360.0,0.0,26,7036.0,7040.0,1,7052.0,7052.0,7064.0,7022.0,418.0,29410620.0,47873
2023-05-10 21:06:19,p2310,p2310,7036.0,0.0,0.0,0.0,27,7036.0,7040.0,1,7052.0,7052.0,7064.0,7022.0,418.0,29410620.0,47873
2023-05-10 21:06:27,p2310,p2310,7036.0,0.0,0.0,0.0,5,7038.0,7040.0,1,7052.0,7052.0,7064.0,7022.0,418.0,29410620.0,47873
2023-05-10 21:06:27,p2310,p2310,7036.0,0.0,0.0,0.0,10,7038.0,7042.0,19,7052.0,7052.0,7064.0,7022.0,418.0,29410620.0,47873
2023-05-10 21:06:28,p2310,p2310,7036.0,0.0,0.0,0.0,45,7036.0,7042.0,19,7052.0,7052.0,7064.0,7022.0,418.0,29410620.0,47873
2023-05-10 21:06:28,p2310,p2310,7036.0,0.0,0.0,0.0,47,7036.0,7040.0,2,7052.0,7052.0,7064.0,7022.0,418.0,29410620.0,47873
2023-05-10 21:06:29,p2310,p2310,7036.0,0.0,0.0,0.0,10,7038.0,7042.0,22,7052.0,7052.0,7064.0,7022.0,418.0,29410620.0,47873
2023-05-10 21:06:29,p2310,p2310,7036.0,0.0,0.0,0.0,5,7038.0,7042.0,4,7052.0,7052.0,7064.0,7022.0,418.0,29410620.0,47873
2023-05-10 21:06:30,p2310,p2310,7036.0,0.0,0.0,0.0,5,7038.0,7042.0,32,7052.0,7052.0,7064.0,7022.0,418.0,29410620.0,47873
2023-05-10 21:06:30,p2310,p2310,7036.0,0.0,0.0,0.0,5,7038.0,7042.0,42,7052.0,7052.0,7064.0,7022.0,418.0,29410620.0,47873
2023-05-10 21:06:31,p2310,p2310,7038.0,5.0,351900.0,0.0,40,7036.0,7040.0,2,7052.0,7052.0,7064.0,7022.0,423.0,29762520.0,47873
2023-05-10 21:06:31,p2310,p2310,7036.0,17.0,1196120.0,12.0,26,7034.0,7036.0,5,7052.0,7052.0,7064.0,7022.0,440.0,30958640.0,47885
2023-05-10 21:06:32,p2310,p2310,7036.0,5.0,351800.0,4.0,21,7034.0,7038.0,7,7052.0,7052.0,7064.0,7022.0,445.0,31310440.0,47889
2023-05-10 21:06:32,p2310,p2310,7036.0,0.0,0.0,0.0,23,7034.0,7038.0,7,7052.0,7052.0,7064.0,7022.0,445.0,31310440.0,47889
2023-05-10 21:06:33,p2310,p2310,7036.0,0.0,0.0,0.0,38,7034.0,7038.0,7,7052.0,7052.0,7064.0,7022.0,445.0,31310440.0,47889
2023-05-10 21:06:34,p2310,p2310,7036.0,0.0,0.0,0.0,38,7034.0,7038.0,5,7052.0,7052.0,7064.0,7022.0,445.0,31310440.0,47889
2023-05-10 21:06:35,p2310,p2310,7036.0,0.0,0.0,0.0,33,7034.0,7038.0,5,7052.0,7052.0,7064.0,7022.0,445.0,31310440.0,47889
2023-05-10 21:06:35,p2310,p2310,7036.0,0.0,0.0,0.0,38,7034.0,7038.0,5,7052.0,7052.0,7064.0,7022.0,445.0,31310440.0,47889
2023-05-10 21:06:36,p2310,p2310,7036.0,0.0,0.0,0.0,1,7034.0,7036.0,2,7052.0,7052.0,7064.0,7022.0,445.0,31310440.0,47889
2023-05-10 21:06:36,p2310,p2310,7036.0,0.0,0.0,0.0,37,7032.0,7036.0,2,7052.0,7052.0,7064.0,7022.0,445.0,31310440.0,47889
2023-05-10 21:06:37,p2310,p2310,7036.0,0.0,0.0,0.0,38,7032.0,7036.0,2,7052.0,7052.0,7064.0,7022.0,445.0,31310440.0,47889
2023-05-10 21:06:37,p2310,p2310,7036.0,0.0,0.0,0.0,37,7032.0,7036.0,2,7052.0,7052.0,7064.0,7022.0,445.0,31310440.0,47889
2023-05-10 21:06:39,p2310,p2310,7036.0,0.0,0.0,0.0,32,7032.0,7036.0,2,7052.0,7052.0,7064.0,7022.0,445.0,31310440.0,47889
2023-05-10 21:06:39,p2310,p2310,7036.0,0.0,0.0,0.0,37,7032.0,7036.0,2,7052.0,7052.0,7064.0,7022.0,445.0,31310440.0,47889
2023-05-10 21:06:41,p2310,p2310,7036.0,0.0,0.0,0.0,30,7032.0,7036.0,4,7052.0,7052.0,7064.0,7022.0,445.0,31310440.0,47889
2023-05-10 21:06:42,p2310,p2310,7036.0,0.0,0.0,0.0,5,7032.0,7036.0,2,7052.0,7052.0,7064.0,7022.0,445.0,31310440.0,47889
2023-05-10 21:06:42,p2310,p2310,7036.0,0.0,0.0,0.0,17,7032.0,7036.0,2,7052.0,7052.0,7064.0,7022.0,445.0,31310440.0,47889
2023-05-10 21:06:43,p2310,p2310,7036.0,0.0,0.0,0.0,25,7032.0,7036.0,2,7052.0,7052.0,7064.0,7022.0,445.0,31310440.0,47889
2023-05-10 21:06:43,p2310,p2310,7036.0,0.0,0.0,0.0,12,7032.0,7036.0,2,7052.0,7052.0,7064.0,7022.0,445.0,31310440.0,47889
2023-05-10 21:06:44,p2310,p2310,7036.0,0.0,0.0,0.0,7,7032.0,7036.0,2,7052.0,7052.0,7064.0,7022.0,445.0,31310440.0,47889
2023-05-10 21:06:44,p2310,p2310,7036.0,0.0,0.0,0.0,12,7032.0,7036.0,2,7052.0,7052.0,7064.0,7022.0,445.0,31310440.0,47889
2023-05-10 21:06:45,p2310,p2310,7036.0,0.0,0.0,0.0,7,7032.0,7036.0,7,7052.0,7052.0,7064.0,7022.0,445.0,31310440.0,47889
2023-05-10 21:06:46,p2310,p2310,7036.0,0.0,0.0,0.0,5,7032.0,7036.0,7,7052.0,7052.0,7064.0,7022.0,445.0,31310440.0,47889
2023-05-10 21:06:46,p2310,p2310,7036.0,0.0,0.0,0.0,51,7030.0,7036.0,7,7052.0,7052.0,7064.0,7022.0,445.0,31310440.0,47889
2023-05-10 21:06:47,p2310,p2310,7036.0,0.0,0.0,0.0,53,7030.0,7036.0,134,7052.0,7052.0,7064.0,7022.0,445.0,31310440.0,47889
2023-05-10 21:06:47,p2310,p2310,7036.0,0.0,0.0,0.0,38,7030.0,7036.0,144,7052.0,7052.0,7064.0,7022.0,445.0,31310440.0,47889
2023-05-10 21:06:48,p2310,p2310,7036.0,0.0,0.0,0.0,28,7030.0,7034.0,5,7052.0,7052.0,7064.0,7022.0,445.0,31310440.0,47889
2023-05-10 21:06:50,p2310,p2310,7034.0,2.0,140680.0,1.0,5,7032.0,7034.0,3,7052.0,7052.0,7064.0,7022.0,447.0,31451120.0,47890
2023-05-10 21:06:50,p2310,p2310,7034.0,0.0,0.0,0.0,54,7030.0,7034.0,3,7052.0,7052.0,7064.0,7022.0,447.0,31451120.0,47890
2023-05-10 21:06:51,p2310,p2310,7034.0,0.0,0.0,0.0,62,7030.0,7034.0,3,7052.0,7052.0,7064.0,7022.0,447.0,31451120.0,47890
2023-05-10 21:06:51,p2310,p2310,7034.0,3.0,211020.0,0.0,2,7032.0,7036.0,137,7052.0,7052.0,7064.0,7022.0,450.0,31662140.0,47890
2023-05-10 21:06:52,p2310,p2310,7034.0,0.0,0.0,0.0,9,7032.0,7036.0,122,7052.0,7052.0,7064.0,7022.0,450.0,31662140.0,47890
2023-05-10 21:06:52,p2310,p2310,7036.0,22.0,1547920.0,0.0,19,7032.0,7036.0,95,7052.0,7052.0,7064.0,7022.0,472.0,33210060.0,47890
2023-05-10 21:06:53,p2310,p2310,7036.0,5.0,351800.0,0.0,35,7032.0,7036.0,102,7052.0,7052.0,7064.0,7022.0,477.0,33561860.0,47890
2023-05-10 21:06:53,p2310,p2310,7036.0,0.0,0.0,0.0,37,7030.0,7036.0,117,7052.0,7052.0,7064.0,7022.0,477.0,33561860.0,47890
2023-05-10 21:06:54,p2310,p2310,7036.0,0.0,0.0,0.0,38,7030.0,7036.0,127,7052.0,7052.0,7064.0,7022.0,477.0,33561860.0,47890
2023-05-10 21:06:54,p2310,p2310,7036.0,0.0,0.0,0.0,55,7030.0,7036.0,122,7052.0,7052.0,7064.0,7022.0,477.0,33561860.0,47890
2023-05-10 21:06:55,p2310,p2310,7036.0,0.0,0.0,0.0,60,7030.0,7036.0,122,7052.0,7052.0,7064.0,7022.0,477.0,33561860.0,47890
2023-05-10 21:06:55,p2310,p2310,7036.0,0.0,0.0,0.0,63,7030.0,7036.0,117,7052.0,7052.0,7064.0,7022.0,477.0,33561860.0,47890
2023-05-10 21:06:56,p2310,p2310,7036.0,0.0,0.0,0.0,26,7032.0,7036.0,102,7052.0,7052.0,7064.0,7022.0,477.0,33561860.0,47890
2023-05-10 21:06:56,p2310,p2310,7036.0,0.0,0.0,0.0,8,7032.0,7036.0,112,7052.0,7052.0,7064.0,7022.0,477.0,33561860.0,47890
2023-05-10 21:06:57,p2310,p2310,7036.0,0.0,0.0,0.0,3,7032.0,7036.0,117,7052.0,7052.0,7064.0,7022.0,477.0,33561860.0,47890
2023-05-10 21:06:58,p2310,p2310,7036.0,0.0,0.0,0.0,31,7030.0,7034.0,12,7052.0,7052.0,7064.0,7022.0,477.0,33561860.0,47890
2023-05-10 21:06:58,p2310,p2310,7036.0,0.0,0.0,0.0,6,7030.0,7034.0,10,7052.0,7052.0,7064.0,7022.0,477.0,33561860.0,47890
2023-05-10 21:06:59,p2310,p2310,7036.0,0.0,0.0,0.0,36,7028.0,7034.0,20,7052.0,7052.0,7064.0,7022.0,477.0,33561860.0,47890
2023-05-10 21:06:59,p2310,p2310,7036.0,0.0,0.0,0.0,56,7028.0,7034.0,8,7052.0,7052.0,7064.0,7022.0,477.0,33561860.0,47890
2023-05-10 21:07:00,p2310,p2310,7036.0,0.0,0.0,0.0,67,7028.0,7034.0,10,7052.0,7052.0,7064.0,7022.0,477.0,33561860.0,47890
2023-05-10 21:07:00,p2310,p2310,7036.0,0.0,0.0,0.0,69,7028.0,7034.0,10,7052.0,7052.0,7064.0,7022.0,477.0,33561860.0,47890
2023-05-10 21:07:01,p2310,p2310,7036.0,0.0,0.0,0.0,33,7028.0,7032.0,2,7052.0,7052.0,7064.0,7022.0,477.0,33561860.0,47890
2023-05-10 21:07:01,p2310,p2310,7036.0,0.0,0.0,0.0,28,7028.0,7032.0,2,7052.0,7052.0,7064.0,7022.0,477.0,33561860.0,47890
2023-05-10 21:07:02,p2310,p2310,7036.0,0.0,0.0,0.0,19,7028.0,7032.0,2,7052.0,7052.0,7064.0,7022.0,477.0,33561860.0,47890
2023-05-10 21:07:02,p2310,p2310,7036.0,0.0,0.0,0.0,7,7028.0,7032.0,7,7052.0,7052.0,7064.0,7022.0,477.0,33561860.0,47890
2023-05-10 21:07:03,p2310,p2310,7036.0,0.0,0.0,0.0,6,7028.0,7032.0,7,7052.0,7052.0,7064.0,7022.0,477.0,33561860.0,47890
2023-05-10 21:07:03,p2310,p2310,7028.0,6.0,421680.0,0.0,21,7026.0,7028.0,2,7052.0,7052.0,7064.0,7022.0,483.0,33983540.0,47890
2023-05-10 21:07:04,p2310,p2310,7028.0,3.0,210840.0,1.0,40,7024.0,7028.0,4,7052.0,7052.0,7064.0,7022.0,486.0,34194380.0,47891
2023-05-10 21:07:04,p2310,p2310,7028.0,9.0,632520.0,5.0,7,7026.0,7030.0,18,7052.0,7052.0,7064.0,7022.0,495.0,34826900.0,47896
2023-05-10 21:07:05,p2310,p2310,7028.0,0.0,0.0,0.0,7,7026.0,7030.0,1,7052.0,7052.0,7064.0,7022.0,495.0,34826900.0,47896
2023-05-10 21:07:05,p2310,p2310,7028.0,0.0,0.0,0.0,7,7026.0,7030.0,3,7052.0,7052.0,7064.0,7022.0,495.0,34826900.0,47896
2023-05-10 21:07:06,p2310,p2310,7026.0,2.0,140520.0,0.0,38,7024.0,7030.0,18,7052.0,7052.0,7064.0,7022.0,497.0,34967420.0,47896
2023-05-10 21:07:06,p2310,p2310,7026.0,0.0,0.0,0.0,38,7024.0,7028.0,5,7052.0,7052.0,7064.0,7022.0,497.0,34967420.0,47896
2023-05-10 21:07:07,p2310,p2310,7026.0,0.0,0.0,0.0,5,7026.0,7028.0,5,7052.0,7052.0,7064.0,7022.0,497.0,34967420.0,47896
2023-05-10 21:07:07,p2310,p2310,7026.0,0.0,0.0,0.0,36,7024.0,7028.0,5,7052.0,7052.0,7064.0,7022.0,497.0,34967420.0,47896
2023-05-10 21:07:08,p2310,p2310,7026.0,0.0,0.0,0.0,18,7024.0,7028.0,5,7052.0,7052.0,7064.0,7022.0,497.0,34967420.0,47896
2023-05-10 21:07:08,p2310,p2310,7028.0,5.0,351400.0,5.0,5,7026.0,7030.0,21,7052.0,7052.0,7064.0,7022.0,502.0,35318820.0,47901
2023-05-10 21:07:09,p2310,p2310,7030.0,33.0,2319900.0,1.0,2,7030.0,7032.0,9,7052.0,7052.0,7064.0,7022.0,535.0,37638720.0,47902
2023-05-10 21:07:09,p2310,p2310,7030.0,0.0,0.0,0.0,2,7030.0,7032.0,10,7052.0,7052.0,7064.0,7022.0,535.0,37638720.0,47902
2023-05-10 21:07:11,p2310,p2310,7030.0,0.0,0.0,0.0,7,7030.0,7032.0,10,7052.0,7052.0,7064.0,7022.0,535.0,37638720.0,47902
2023-05-10 21:07:12,p2310,p2310,7030.0,0.0,0.0,0.0,7,7030.0,7034.0,55,7052.0,7052.0,7064.0,7022.0,535.0,37638720.0,47902
2023-05-10 21:07:12,p2310,p2310,7030.0,0.0,0.0,0.0,7,7030.0,7034.0,50,7052.0,7052.0,7064.0,7022.0,535.0,37638720.0,47902
2023-05-10 21:07:14,p2310,p2310,7030.0,0.0,0.0,0.0,7,7030.0,7034.0,40,7052.0,7052.0,7064.0,7022.0,535.0,37638720.0,47902
2023-05-10 21:07:15,p2310,p2310,7030.0,0.0,0.0,0.0,5,7032.0,7034.0,7,7052.0,7052.0,7064.0,7022.0,535.0,37638720.0,47902
2023-05-10 21:07:15,p2310,p2310,7030.0,0.0,0.0,0.0,5,7032.0,7034.0,1,7052.0,7052.0,7064.0,7022.0,535.0,37638720.0,47902
2023-05-10 21:07:21,p2310,p2310,7036.0,3.0,211060.0,1.0,5,7034.0,7036.0,93,7052.0,7052.0,7064.0,7022.0,538.0,37849780.0,47903
2023-05-10 21:07:23,p2310,p2310,7036.0,0.0,0.0,0.0,5,7034.0,7036.0,98,7052.0,7052.0,7064.0,7022.0,538.0,37849780.0,47903
2023-05-10 21:07:24,p2310,p2310,7036.0,0.0,0.0,0.0,5,7034.0,7036.0,93,7052.0,7052.0,7064.0,7022.0,538.0,37849780.0,47903
2023-05-10 21:07:25,p2310,p2310,7036.0,0.0,0.0,0.0,5,7034.0,7036.0,88,7052.0,7052.0,7064.0,7022.0,538.0,37849780.0,47903
2023-05-10 21:07:26,p2310,p2310,7034.0,5.0,351700.0,0.0,31,7032.0,7036.0,93,7052.0,7052.0,7064.0,7022.0,543.0,38201480.0,47903
2023-05-10 21:07:27,p2310,p2310,7036.0,1.0,70360.0,0.0,1,7034.0,7036.0,89,7052.0,7052.0,7064.0,7022.0,544.0,38271840.0,47903
2023-05-10 21:07:27,p2310,p2310,7036.0,0.0,0.0,0.0,1,7034.0,7036.0,94,7052.0,7052.0,7064.0,7022.0,544.0,38271840.0,47903
2023-05-10 21:07:28,p2310,p2310,7036.0,0.0,0.0,0.0,1,7034.0,7036.0,99,7052.0,7052.0,7064.0,7022.0,544.0,38271840.0,47903
2023-05-10 21:07:29,p2310,p2310,7034.0,1.0,70340.0,-1.0,16,7032.0,7036.0,99,7052.0,7052.0,7064.0,7022.0,545.0,38342180.0,47902
2023-05-10 21:07:29,p2310,p2310,7034.0,0.0,0.0,0.0,17,7032.0,7036.0,99,7052.0,7052.0,7064.0,7022.0,545.0,38342180.0,47902
2023-05-10 21:07:30,p2310,p2310,7034.0,0.0,0.0,0.0,51,7032.0,7036.0,89,7052.0,7052.0,7064.0,7022.0,545.0,38342180.0,47902
2023-05-10 21:07:30,p2310,p2310,7034.0,0.0,0.0,0.0,58,7032.0,7036.0,89,7052.0,7052.0,7064.0,7022.0,545.0,38342180.0,47902
2023-05-10 21:07:31,p2310,p2310,7034.0,0.0,0.0,0.0,48,7032.0,7036.0,94,7052.0,7052.0,7064.0,7022.0,545.0,38342180.0,47902
2023-05-10 21:07:31,p2310,p2310,7034.0,0.0,0.0,0.0,43,7032.0,7036.0,94,7052.0,7052.0,7064.0,7022.0,545.0,38342180.0,47902
2023-05-10 21:07:32,p2310,p2310,7034.0,0.0,0.0,0.0,38,7032.0,7036.0,99,7052.0,7052.0,7064.0,7022.0,545.0,38342180.0,47902
2023-05-10 21:07:33,p2310,p2310,7034.0,0.0,0.0,0.0,12,7032.0,7034.0,2,7052.0,7052.0,7064.0,7022.0,545.0,38342180.0,47902
2023-05-10 21:07:33,p2310,p2310,7034.0,0.0,0.0,0.0,2,7032.0,7036.0,109,7052.0,7052.0,7064.0,7022.0,545.0,38342180.0,47902
2023-05-10 21:07:34,p2310,p2310,7034.0,1.0,70340.0,0.0,2,7032.0,7036.0,109,7052.0,7052.0,7064.0,7022.0,546.0,38412520.0,47902
2023-05-10 21:07:36,p2310,p2310,7034.0,0.0,0.0,0.0,20,7032.0,7036.0,94,7052.0,7052.0,7064.0,7022.0,546.0,38412520.0,47902
2023-05-10 21:07:36,p2310,p2310,7034.0,0.0,0.0,0.0,38,7032.0,7036.0,99,7052.0,7052.0,7064.0,7022.0,546.0,38412520.0,47902
2023-05-10 21:07:37,p2310,p2310,7034.0,0.0,0.0,0.0,43,7032.0,7036.0,94,7052.0,7052.0,7064.0,7022.0,546.0,38412520.0,47902
2023-05-10 21:07:38,p2310,p2310,7034.0,0.0,0.0,0.0,38,7032.0,7036.0,99,7052.0,7052.0,7064.0,7022.0,546.0,38412520.0,47902
2023-05-10 21:07:39,p2310,p2310,7034.0,0.0,0.0,0.0,43,7032.0,7036.0,94,7052.0,7052.0,7064.0,7022.0,546.0,38412520.0,47902
2023-05-10 21:07:39,p2310,p2310,7034.0,0.0,0.0,0.0,38,7032.0,7036.0,99,7052.0,7052.0,7064.0,7022.0,546.0,38412520.0,47902
2023-05-10 21:07:40,p2310,p2310,7034.0,0.0,0.0,0.0,43,7032.0,7036.0,94,7052.0,7052.0,7064.0,7022.0,546.0,38412520.0,47902
2023-05-10 21:07:41,p2310,p2310,7036.0,10.0,703600.0,5.0,15,7034.0,7036.0,77,7052.0,7052.0,7064.0,7022.0,556.0,39116120.0,47907
2023-05-10 21:07:41,p2310,p2310,7036.0,6.0,422160.0,0.0,13,7034.0,7036.0,71,7052.0,7052.0,7064.0,7022.0,562.0,39538280.0,47907
2023-05-10 21:07:42,p2310,p2310,7036.0,0.0,0.0,0.0,9,7034.0,7036.0,66,7052.0,7052.0,7064.0,7022.0,562.0,39538280.0,47907
2023-05-10 21:07:43,p2310,p2310,7036.0,0.0,0.0,0.0,4,7034.0,7036.0,71,7052.0,7052.0,7064.0,7022.0,562.0,39538280.0,47907
2023-05-10 21:07:43,p2310,p2310,7036.0,0.0,0.0,0.0,4,7034.0,7036.0,66,7052.0,7052.0,7064.0,7022.0,562.0,39538280.0,47907
2023-05-10 21:07:43,p2310,p2310,7036.0,0.0,0.0,0.0,4,7034.0,7036.0,71,7052.0,7052.0,7064.0,7022.0,562.0,39538280.0,47907
2023-05-10 21:07:44,p2310,p2310,7036.0,1.0,70360.0,1.0,4,7034.0,7036.0,67,7052.0,7052.0,7064.0,7022.0,563.0,39608640.0,47908
2023-05-10 21:07:44,p2310,p2310,7036.0,0.0,0.0,0.0,4,7034.0,7036.0,72,7052.0,7052.0,7064.0,7022.0,563.0,39608640.0,47908
2023-05-10 21:07:45,p2310,p2310,7036.0,0.0,0.0,0.0,4,7034.0,7036.0,67,7052.0,7052.0,7064.0,7022.0,563.0,39608640.0,47908
2023-05-10 21:07:45,p2310,p2310,7036.0,0.0,0.0,0.0,4,7034.0,7036.0,72,7052.0,7052.0,7064.0,7022.0,563.0,39608640.0,47908
2023-05-10 21:07:46,p2310,p2310,7036.0,0.0,0.0,0.0,4,7034.0,7036.0,67,7052.0,7052.0,7064.0,7022.0,563.0,39608640.0,47908
2023-05-10 21:07:48,p2310,p2310,7036.0,0.0,0.0,0.0,4,7034.0,7036.0,65,7052.0,7052.0,7064.0,7022.0,563.0,39608640.0,47908
2023-05-10 21:07:48,p2310,p2310,7036.0,68.0,4784480.0,47.0,8,7036.0,7038.0,31,7052.0,7052.0,7064.0,7022.0,631.0,44393120.0,47955
2023-05-10 21:07:49,p2310,p2310,7036.0,0.0,0.0,0.0,19,7036.0,7038.0,7,7052.0,7052.0,7064.0,7022.0,631.0,44393120.0,47955
2023-05-10 21:07:49,p2310,p2310,7036.0,0.0,0.0,0.0,28,7036.0,7040.0,47,7052.0,7052.0,7064.0,7022.0,631.0,44393120.0,47955
2023-05-10 21:07:50,p2310,p2310,7036.0,0.0,0.0,0.0,35,7036.0,7040.0,42,7052.0,7052.0,7064.0,7022.0,631.0,44393120.0,47955
2023-05-10 21:07:50,p2310,p2310,7036.0,0.0,0.0,0.0,33,7036.0,7040.0,37,7052.0,7052.0,7064.0,7022.0,631.0,44393120.0,47955
2023-05-10 21:07:51,p2310,p2310,7036.0,0.0,0.0,0.0,35,7036.0,7040.0,27,7052.0,7052.0,7064.0,7022.0,631.0,44393120.0,47955
2023-05-10 21:07:52,p2310,p2310,7036.0,0.0,0.0,0.0,35,7036.0,7040.0,25,7052.0,7052.0,7064.0,7022.0,631.0,44393120.0,47955
2023-05-10 21:07:53,p2310,p2310,7036.0,0.0,0.0,0.0,35,7036.0,7040.0,27,7052.0,7052.0,7064.0,7022.0,631.0,44393120.0,47955
2023-05-10 21:07:53,p2310,p2310,7036.0,0.0,0.0,0.0,35,7036.0,7040.0,25,7052.0,7052.0,7064.0,7022.0,631.0,44393120.0,47955
2023-05-10 21:07:54,p2310,p2310,7036.0,0.0,0.0,0.0,38,7036.0,7040.0,20,7052.0,7052.0,7064.0,7022.0,631.0,44393120.0,47955
2023-05-10 21:07:55,p2310,p2310,7036.0,0.0,0.0,0.0,87,7036.0,7040.0,15,7052.0,7052.0,7064.0,7022.0,631.0,44393120.0,47955
2023-05-10 21:07:55,p2310,p2310,7036.0,0.0,0.0,0.0,50,7036.0,7040.0,20,7052.0,7052.0,7064.0,7022.0,631.0,44393120.0,47955
2023-05-10 21:07:56,p2310,p2310,7036.0,0.0,0.0,0.0,50,7036.0,7040.0,10,7052.0,7052.0,7064.0,7022.0,631.0,44393120.0,47955
2023-05-10 21:07:56,p2310,p2310,7036.0,0.0,0.0,0.0,83,7036.0,7040.0,10,7052.0,7052.0,7064.0,7022.0,631.0,44393120.0,47955
2023-05-10 21:07:57,p2310,p2310,7036.0,0.0,0.0,0.0,57,7036.0,7040.0,10,7052.0,7052.0,7064.0,7022.0,631.0,44393120.0,47955
2023-05-10 21:07:57,p2310,p2310,7036.0,0.0,0.0,0.0,59,7036.0,7040.0,10,7052.0,7052.0,7064.0,7022.0,631.0,44393120.0,47955
2023-05-10 21:07:58,p2310,p2310,7036.0,0.0,0.0,0.0,54,7036.0,7040.0,15,7052.0,7052.0,7064.0,7022.0,631.0,44393120.0,47955
2023-05-10 21:07:59,p2310,p2310,7036.0,0.0,0.0,0.0,49,7036.0,7040.0,15,7052.0,7052.0,7064.0,7022.0,631.0,44393120.0,47955
2023-05-10 21:08:00,p2310,p2310,7036.0,0.0,0.0,0.0,71,7036.0,7040.0,10,7052.0,7052.0,7064.0,7022.0,631.0,44393120.0,47955
2023-05-10 21:08:00,p2310,p2310,7036.0,0.0,0.0,0.0,88,7036.0,7040.0,10,7052.0,7052.0,7064.0,7022.0,631.0,44393120.0,47955
2023-05-10 21:08:04,p2310,p2310,7036.0,0.0,0.0,0.0,39,7036.0,7040.0,23,7052.0,7052.0,7064.0,7022.0,631.0,44393120.0,47955
2023-05-10 21:08:05,p2310,p2310,7036.0,0.0,0.0,0.0,34,7036.0,7040.0,23,7052.0,7052.0,7064.0,7022.0,631.0,44393120.0,47955
2023-05-10 21:08:05,p2310,p2310,7036.0,0.0,0.0,0.0,36,7036.0,7040.0,28,7052.0,7052.0,7064.0,7022.0,631.0,44393120.0,47955
2023-05-10 21:08:06,p2310,p2310,7036.0,0.0,0.0,0.0,39,7036.0,7040.0,21,7052.0,7052.0,7064.0,7022.0,631.0,44393120.0,47955
2023-05-10 21:08:07,p2310,p2310,7036.0,0.0,0.0,0.0,79,7036.0,7040.0,10,7052.0,7052.0,7064.0,7022.0,631.0,44393120.0,47955
2023-05-10 21:08:07,p2310,p2310,7036.0,0.0,0.0,0.0,82,7036.0,7040.0,10,7052.0,7052.0,7064.0,7022.0,631.0,44393120.0,47955
2023-05-10 21:08:08,p2310,p2310,7040.0,1.0,70400.0,1.0,77,7036.0,7040.0,9,7052.0,7052.0,7064.0,7022.0,632.0,44463520.0,47956
2023-05-10 21:08:09,p2310,p2310,7040.0,0.0,0.0,0.0,82,7036.0,7040.0,9,7052.0,7052.0,7064.0,7022.0,632.0,44463520.0,47956
2023-05-10 21:08:10,p2310,p2310,7040.0,0.0,0.0,0.0,5,7038.0,7040.0,9,7052.0,7052.0,7064.0,7022.0,632.0,44463520.0,47956
2023-05-10 21:08:10,p2310,p2310,7038.0,5.0,351900.0,0.0,47,7036.0,7038.0,5,7052.0,7052.0,7064.0,7022.0,637.0,44815420.0,47956
2023-05-10 21:08:11,p2310,p2310,7038.0,0.0,0.0,0.0,31,7036.0,7038.0,1,7052.0,7052.0,7064.0,7022.0,637.0,44815420.0,47956
2023-05-10 21:08:11,p2310,p2310,7038.0,0.0,0.0,0.0,29,7036.0,7038.0,1,7052.0,7052.0,7064.0,7022.0,637.0,44815420.0,47956
2023-05-10 21:08:12,p2310,p2310,7038.0,0.0,0.0,0.0,13,7036.0,7038.0,6,7052.0,7052.0,7064.0,7022.0,637.0,44815420.0,47956
2023-05-10 21:08:12,p2310,p2310,7038.0,0.0,0.0,0.0,8,7036.0,7038.0,6,7052.0,7052.0,7064.0,7022.0,637.0,44815420.0,47956
2023-05-10 21:08:14,p2310,p2310,7036.0,8.0,562880.0,0.0,30,7034.0,7038.0,6,7052.0,7052.0,7064.0,7022.0,645.0,45378300.0,47956
2023-05-10 21:08:15,p2310,p2310,7036.0,0.0,0.0,0.0,38,7034.0,7038.0,6,7052.0,7052.0,7064.0,7022.0,645.0,45378300.0,47956
2023-05-10 21:08:15,p2310,p2310,7036.0,0.0,0.0,0.0,48,7034.0,7038.0,6,7052.0,7052.0,7064.0,7022.0,645.0,45378300.0,47956
2023-05-10 21:08:17,p2310,p2310,7038.0,12.0,844560.0,-7.0,51,7034.0,7040.0,51,7052.0,7052.0,7064.0,7022.0,657.0,46222860.0,47949
2023-05-10 21:08:18,p2310,p2310,7038.0,0.0,0.0,0.0,64,7034.0,7040.0,42,7052.0,7052.0,7064.0,7022.0,657.0,46222860.0,47949
2023-05-10 21:08:26,p2310,p2310,7038.0,0.0,0.0,0.0,10,7036.0,7040.0,15,7052.0,7052.0,7064.0,7022.0,657.0,46222860.0,47949
2023-05-10 21:08:26,p2310,p2310,7038.0,0.0,0.0,0.0,3,7036.0,7040.0,12,7052.0,7052.0,7064.0,7022.0,657.0,46222860.0,47949
2023-05-10 21:08:27,p2310,p2310,7038.0,0.0,0.0,0.0,7,7036.0,7040.0,12,7052.0,7052.0,7064.0,7022.0,657.0,46222860.0,47949
2023-05-10 21:08:27,p2310,p2310,7038.0,0.0,0.0,0.0,12,7036.0,7040.0,12,7052.0,7052.0,7064.0,7022.0,657.0,46222860.0,47949
2023-05-10 21:08:28,p2310,p2310,7038.0,0.0,0.0,0.0,12,7036.0,7040.0,10,7052.0,7052.0,7064.0,7022.0,657.0,46222860.0,47949
2023-05-10 21:08:29,p2310,p2310,7038.0,0.0,0.0,0.0,12,7036.0,7040.0,12,7052.0,7052.0,7064.0,7022.0,657.0,46222860.0,47949
2023-05-10 21:08:29,p2310,p2310,7038.0,0.0,0.0,0.0,2,7038.0,7040.0,10,7052.0,7052.0,7064.0,7022.0,657.0,46222860.0,47949
2023-05-10 21:08:30,p2310,p2310,7038.0,0.0,0.0,0.0,13,7038.0,7040.0,10,7052.0,7052.0,7064.0,7022.0,657.0,46222860.0,47949
2023-05-10 21:08:30,p2310,p2310,7038.0,0.0,0.0,0.0,13,7038.0,7040.0,9,7052.0,7052.0,7064.0,7022.0,657.0,46222860.0,47949
2023-05-10 21:08:32,p2310,p2310,7038.0,0.0,0.0,0.0,2,7038.0,7040.0,9,7052.0,7052.0,7064.0,7022.0,657.0,46222860.0,47949
2023-05-10 21:08:33,p2310,p2310,7038.0,2.0,140760.0,0.0,34,7036.0,7040.0,9,7052.0,7052.0,7064.0,7022.0,659.0,46363620.0,47949
2023-05-10 21:08:34,p2310,p2310,7038.0,0.0,0.0,0.0,39,7036.0,7040.0,9,7052.0,7052.0,7064.0,7022.0,659.0,46363620.0,47949
2023-05-10 21:08:34,p2310,p2310,7038.0,0.0,0.0,0.0,40,7036.0,7040.0,14,7052.0,7052.0,7064.0,7022.0,659.0,46363620.0,47949
2023-05-10 21:08:34,p2310,p2310,7038.0,0.0,0.0,0.0,47,7036.0,7040.0,9,7052.0,7052.0,7064.0,7022.0,659.0,46363620.0,47949
2023-05-10 21:08:36,p2310,p2310,7038.0,0.0,0.0,0.0,42,7036.0,7040.0,14,7052.0,7052.0,7064.0,7022.0,659.0,46363620.0,47949
2023-05-10 21:08:37,p2310,p2310,7038.0,0.0,0.0,0.0,31,7036.0,7040.0,9,7052.0,7052.0,7064.0,7022.0,659.0,46363620.0,47949
2023-05-10 21:08:37,p2310,p2310,7038.0,0.0,0.0,0.0,29,7036.0,7040.0,9,7052.0,7052.0,7064.0,7022.0,659.0,46363620.0,47949
2023-05-10 21:08:38,p2310,p2310,7038.0,0.0,0.0,0.0,47,7036.0,7040.0,9,7052.0,7052.0,7064.0,7022.0,659.0,46363620.0,47949
2023-05-10 21:08:38,p2310,p2310,7038.0,0.0,0.0,0.0,52,7036.0,7040.0,9,7052.0,7052.0,7064.0,7022.0,659.0,46363620.0,47949
2023-05-10 21:08:40,p2310,p2310,7038.0,0.0,0.0,0.0,50,7036.0,7040.0,9,7052.0,7052.0,7064.0,7022.0,659.0,46363620.0,47949
2023-05-10 21:08:40,p2310,p2310,7038.0,0.0,0.0,0.0,52,7036.0,7040.0,9,7052.0,7052.0,7064.0,7022.0,659.0,46363620.0,47949
2023-05-10 21:08:41,p2310,p2310,7038.0,0.0,0.0,0.0,57,7036.0,7040.0,9,7052.0,7052.0,7064.0,7022.0,659.0,46363620.0,47949
2023-05-10 21:08:42,p2310,p2310,7038.0,0.0,0.0,0.0,29,7036.0,7040.0,24,7052.0,7052.0,7064.0,7022.0,659.0,46363620.0,47949
2023-05-10 21:08:43,p2310,p2310,7038.0,0.0,0.0,0.0,10,7036.0,7040.0,20,7052.0,7052.0,7064.0,7022.0,659.0,46363620.0,47949
2023-05-10 21:08:43,p2310,p2310,7038.0,0.0,0.0,0.0,5,7036.0,7040.0,22,7052.0,7052.0,7064.0,7022.0,659.0,46363620.0,47949
2023-05-10 21:08:45,p2310,p2310,7038.0,0.0,0.0,0.0,56,7034.0,7040.0,27,7052.0,7052.0,7064.0,7022.0,659.0,46363620.0,47949
2023-05-10 21:08:46,p2310,p2310,7038.0,0.0,0.0,0.0,69,7034.0,7040.0,27,7052.0,7052.0,7064.0,7022.0,659.0,46363620.0,47949
2023-05-10 21:08:46,p2310,p2310,7040.0,1.0,70400.0,1.0,64,7034.0,7040.0,26,7052.0,7052.0,7064.0,7022.0,660.0,46434020.0,47950
2023-05-10 21:08:47,p2310,p2310,7040.0,0.0,0.0,0.0,69,7034.0,7040.0,26,7052.0,7052.0,7064.0,7022.0,660.0,46434020.0,47950
2023-05-10 21:08:55,p2310,p2310,7040.0,0.0,0.0,0.0,74,7034.0,7040.0,26,7052.0,7052.0,7064.0,7022.0,660.0,46434020.0,47950
2023-05-10 21:08:59,p2310,p2310,7040.0,0.0,0.0,0.0,14,7036.0,7040.0,19,7052.0,7052.0,7064.0,7022.0,660.0,46434020.0,47950
2023-05-10 21:09:00,p2310,p2310,7040.0,0.0,0.0,0.0,3,7036.0,7040.0,21,7052.0,7052.0,7064.0,7022.0,660.0,46434020.0,47950
2023-05-10 21:09:01,p2310,p2310,7040.0,0.0,0.0,0.0,3,7036.0,7040.0,26,7052.0,7052.0,7064.0,7022.0,660.0,46434020.0,47950
2023-05-10 21:09:02,p2310,p2310,7040.0,0.0,0.0,0.0,1,7036.0,7040.0,26,7052.0,7052.0,7064.0,7022.0,660.0,46434020.0,47950
2023-05-10 21:09:03,p2310,p2310,7040.0,0.0,0.0,0.0,51,7034.0,7038.0,5,7052.0,7052.0,7064.0,7022.0,660.0,46434020.0,47950
2023-05-10 21:09:03,p2310,p2310,7040.0,0.0,0.0,0.0,49,7034.0,7040.0,64,7052.0,7052.0,7064.0,7022.0,660.0,46434020.0,47950
2023-05-10 21:09:04,p2310,p2310,7040.0,0.0,0.0,0.0,45,7034.0,7040.0,64,7052.0,7052.0,7064.0,7022.0,660.0,46434020.0,47950
2023-05-10 21:09:04,p2310,p2310,7040.0,0.0,0.0,0.0,49,7034.0,7038.0,2,7052.0,7052.0,7064.0,7022.0,660.0,46434020.0,47950
2023-05-10 21:09:05,p2310,p2310,7040.0,0.0,0.0,0.0,54,7034.0,7040.0,66,7052.0,7052.0,7064.0,7022.0,660.0,46434020.0,47950
2023-05-10 21:09:05,p2310,p2310,7040.0,0.0,0.0,0.0,49,7034.0,7040.0,64,7052.0,7052.0,7064.0,7022.0,660.0,46434020.0,47950
2023-05-10 21:09:06,p2310,p2310,7040.0,0.0,0.0,0.0,54,7034.0,7040.0,66,7052.0,7052.0,7064.0,7022.0,660.0,46434020.0,47950
2023-05-10 21:09:06,p2310,p2310,7040.0,0.0,0.0,0.0,59,7034.0,7040.0,66,7052.0,7052.0,7064.0,7022.0,660.0,46434020.0,47950
2023-05-10 21:09:11,p2310,p2310,7040.0,0.0,0.0,0.0,56,7034.0,7038.0,2,7052.0,7052.0,7064.0,7022.0,660.0,46434020.0,47950
2023-05-10 21:09:12,p2310,p2310,7040.0,1.0,70400.0,0.0,10,7034.0,7038.0,18,7052.0,7052.0,7064.0,7022.0,661.0,46504420.0,47950
2023-05-10 21:09:12,p2310,p2310,7040.0,0.0,0.0,0.0,61,7032.0,7038.0,18,7052.0,7052.0,7064.0,7022.0,661.0,46504420.0,47950
2023-05-10 21:09:13,p2310,p2310,7040.0,0.0,0.0,0.0,73,7032.0,7038.0,18,7052.0,7052.0,7064.0,7022.0,661.0,46504420.0,47950
2023-05-10 21:09:14,p2310,p2310,7040.0,0.0,0.0,0.0,63,7032.0,7038.0,28,7052.0,7052.0,7064.0,7022.0,661.0,46504420.0,47950
2023-05-10 21:09:14,p2310,p2310,7040.0,0.0,0.0,0.0,68,7032.0,7038.0,23,7052.0,7052.0,7064.0,7022.0,661.0,46504420.0,47950
2023-05-10 21:09:15,p2310,p2310,7040.0,0.0,0.0,0.0,63,7032.0,7038.0,33,7052.0,7052.0,7064.0,7022.0,661.0,46504420.0,47950
2023-05-10 21:09:15,p2310,p2310,7040.0,0.0,0.0,0.0,68,7032.0,7038.0,38,7052.0,7052.0,7064.0,7022.0,661.0,46504420.0,47950
2023-05-10 21:09:16,p2310,p2310,7040.0,0.0,0.0,0.0,56,7032.0,7038.0,43,7052.0,7052.0,7064.0,7022.0,661.0,46504420.0,47950
2023-05-10 21:09:16,p2310,p2310,7036.0,17.0,1196360.0,-1.0,5,7034.0,7038.0,22,7052.0,7052.0,7064.0,7022.0,678.0,47700780.0,47949
2023-05-10 21:09:16,p2310,p2310,7036.0,0.0,0.0,0.0,5,7034.0,7038.0,17,7052.0,7052.0,7064.0,7022.0,678.0,47700780.0,47949
2023-05-10 21:09:20,p2310,p2310,7036.0,0.0,0.0,0.0,5,7034.0,7038.0,7,7052.0,7052.0,7064.0,7022.0,678.0,47700780.0,47949
2023-05-10 21:09:23,p2310,p2310,7034.0,5.0,351700.0,0.0,73,7032.0,7038.0,12,7052.0,7052.0,7064.0,7022.0,683.0,48052480.0,47949
2023-05-10 21:09:23,p2310,p2310,7034.0,0.0,0.0,0.0,5,7034.0,7038.0,7,7052.0,7052.0,7064.0,7022.0,683.0,48052480.0,47949
2023-05-10 21:09:25,p2310,p2310,7034.0,5.0,351700.0,1.0,66,7032.0,7036.0,10,7052.0,7052.0,7064.0,7022.0,688.0,48404180.0,47950
