time,symbol_id,symbol_name,last,trade_volume,trade_amount,open_interest_change,bv1,bp1,ap1,av1,yesterday_close,today_open,today_high,today_low,volume,amount,open_interest
2023-05-10 20:59:00,pb2312,pb2312,15305.0,0.0,0.0,0.0,4,14630.0,15975.0,4,15305.0,0.0,0.0,0.0,0.0,0.0,94
2023-05-10 21:00:01,pb2312,pb2312,15305.0,0.0,0.0,0.0,2,14635.0,15970.0,2,15305.0,0.0,0.0,0.0,0.0,0.0,94
2023-05-10 21:00:01,pb2312,pb2312,15305.0,0.0,0.0,0.0,4,14640.0,15970.0,2,15305.0,0.0,0.0,0.0,0.0,0.0,94
2023-05-10 21:00:02,pb2312,pb2312,15305.0,0.0,0.0,0.0,4,14640.0,15965.0,2,15305.0,0.0,0.0,0.0,0.0,0.0,94
2023-05-10 21:00:02,pb2312,pb2312,15305.0,0.0,0.0,0.0,5,14640.0,15965.0,3,15305.0,0.0,0.0,0.0,0.0,0.0,94
2023-05-10 21:00:03,pb2312,pb2312,15305.0,0.0,0.0,0.0,5,14640.0,15965.0,4,15305.0,0.0,0.0,0.0,0.0,0.0,94
2023-05-10 21:00:03,pb2312,pb2312,15305.0,0.0,0.0,0.0,1,14650.0,15955.0,1,15305.0,0.0,0.0,0.0,0.0,0.0,94
2023-05-10 21:00:04,pb2312,pb2312,15305.0,0.0,0.0,0.0,1,14650.0,15955.0,1,15305.0,0.0,0.0,0.0,0.0,0.0,94
2023-05-10 21:00:04,pb2312,pb2312,15305.0,0.0,0.0,0.0,2,14655.0,15955.0,1,15305.0,0.0,0.0,0.0,0.0,0.0,94
2023-05-10 21:00:05,pb2312,pb2312,15305.0,0.0,0.0,0.0,1,14665.0,15950.0,2,15305.0,0.0,0.0,0.0,0.0,0.0,94
2023-05-10 21:00:05,pb2312,pb2312,15305.0,0.0,0.0,0.0,1,14665.0,15945.0,1,15305.0,0.0,0.0,0.0,0.0,0.0,94
2023-05-10 21:00:06,pb2312,pb2312,15305.0,0.0,0.0,0.0,1,14665.0,15945.0,1,15305.0,0.0,0.0,0.0,0.0,0.0,94
2023-05-10 21:00:06,pb2312,pb2312,15305.0,0.0,0.0,0.0,4,14670.0,15935.0,1,15305.0,0.0,0.0,0.0,0.0,0.0,94
2023-05-10 21:00:07,pb2312,pb2312,15305.0,0.0,0.0,0.0,1,14680.0,15930.0,2,15305.0,0.0,0.0,0.0,0.0,0.0,94
2023-05-10 21:00:07,pb2312,pb2312,15305.0,0.0,0.0,0.0,4,14685.0,15930.0,2,15305.0,0.0,0.0,0.0,0.0,0.0,94
2023-05-10 21:00:08,pb2312,pb2312,15305.0,0.0,0.0,0.0,4,14685.0,15920.0,1,15305.0,0.0,0.0,0.0,0.0,0.0,94
2023-05-10 21:00:08,pb2312,pb2312,15305.0,0.0,0.0,0.0,4,14685.0,15915.0,3,15305.0,0.0,0.0,0.0,0.0,0.0,94
2023-05-10 21:00:09,pb2312,pb2312,15305.0,0.0,0.0,0.0,4,14685.0,15910.0,1,15305.0,0.0,0.0,0.0,0.0,0.0,94
2023-05-10 21:00:09,pb2312,pb2312,15305.0,0.0,0.0,0.0,2,14690.0,15905.0,2,15305.0,0.0,0.0,0.0,0.0,0.0,94
2023-05-10 21:00:10,pb2312,pb2312,15305.0,0.0,0.0,0.0,1,14695.0,15905.0,2,15305.0,0.0,0.0,0.0,0.0,0.0,94
2023-05-10 21:00:10,pb2312,pb2312,15305.0,0.0,0.0,0.0,2,14700.0,15905.0,2,15305.0,0.0,0.0,0.0,0.0,0.0,94
2023-05-10 21:00:11,pb2312,pb2312,15305.0,0.0,0.0,0.0,2,14705.0,15895.0,1,15305.0,0.0,0.0,0.0,0.0,0.0,94
2023-05-10 21:00:11,pb2312,pb2312,15305.0,0.0,0.0,0.0,1,14710.0,15890.0,2,15305.0,0.0,0.0,0.0,0.0,0.0,94
2023-05-10 21:00:12,pb2312,pb2312,15305.0,0.0,0.0,0.0,2,14715.0,15880.0,1,15305.0,0.0,0.0,0.0,0.0,0.0,94
2023-05-10 21:00:12,pb2312,pb2312,15305.0,0.0,0.0,0.0,1,14725.0,15875.0,2,15305.0,0.0,0.0,0.0,0.0,0.0,94
2023-05-10 21:00:13,pb2312,pb2312,15305.0,0.0,0.0,0.0,2,14730.0,15865.0,1,15305.0,0.0,0.0,0.0,0.0,0.0,94
2023-05-10 21:00:13,pb2312,pb2312,15305.0,0.0,0.0,0.0,1,14980.0,15645.0,1,15305.0,0.0,0.0,0.0,0.0,0.0,94
2023-05-10 21:00:14,pb2312,pb2312,15305.0,0.0,0.0,0.0,1,14980.0,15645.0,1,15305.0,0.0,0.0,0.0,0.0,0.0,94
2023-05-10 21:00:14,pb2312,pb2312,15305.0,0.0,0.0,0.0,1,14990.0,15635.0,1,15305.0,0.0,0.0,0.0,0.0,0.0,94
2023-05-10 21:00:15,pb2312,pb2312,15305.0,0.0,0.0,0.0,2,14995.0,15630.0,2,15305.0,0.0,0.0,0.0,0.0,0.0,94
2023-05-10 21:00:15,pb2312,pb2312,15305.0,0.0,0.0,0.0,1,15005.0,15620.0,1,15305.0,0.0,0.0,0.0,0.0,0.0,94
2023-05-10 21:00:16,pb2312,pb2312,15305.0,0.0,0.0,0.0,2,15010.0,15615.0,2,15305.0,0.0,0.0,0.0,0.0,0.0,94
2023-05-10 21:00:16,pb2312,pb2312,15305.0,0.0,0.0,0.0,1,15020.0,15605.0,1,15305.0,0.0,0.0,0.0,0.0,0.0,94
2023-05-10 21:00:17,pb2312,pb2312,15305.0,0.0,0.0,0.0,3,15025.0,15600.0,3,15305.0,0.0,0.0,0.0,0.0,0.0,94
2023-05-10 21:00:17,pb2312,pb2312,15305.0,0.0,0.0,0.0,1,15035.0,15590.0,1,15305.0,0.0,0.0,0.0,0.0,0.0,94
2023-05-10 21:00:18,pb2312,pb2312,15305.0,0.0,0.0,0.0,2,15300.0,15585.0,2,15305.0,0.0,0.0,0.0,0.0,0.0,94
2023-05-10 21:00:18,pb2312,pb2312,15305.0,0.0,0.0,0.0,2,15300.0,15575.0,1,15305.0,0.0,0.0,0.0,0.0,0.0,94
2023-05-10 21:00:19,pb2312,pb2312,15305.0,0.0,0.0,0.0,2,15300.0,15570.0,4,15305.0,0.0,0.0,0.0,0.0,0.0,94
2023-05-10 21:00:19,pb2312,pb2312,15305.0,0.0,0.0,0.0,2,15300.0,15560.0,1,15305.0,0.0,0.0,0.0,0.0,0.0,94
2023-05-10 21:00:20,pb2312,pb2312,15305.0,0.0,0.0,0.0,2,15300.0,15555.0,2,15305.0,0.0,0.0,0.0,0.0,0.0,94
2023-05-10 21:00:20,pb2312,pb2312,15305.0,0.0,0.0,0.0,2,15300.0,15545.0,1,15305.0,0.0,0.0,0.0,0.0,0.0,94
2023-05-10 21:00:21,pb2312,pb2312,15305.0,0.0,0.0,0.0,2,15300.0,15540.0,2,15305.0,0.0,0.0,0.0,0.0,0.0,94
2023-05-10 21:00:21,pb2312,pb2312,15305.0,0.0,0.0,0.0,2,15300.0,15540.0,2,15305.0,0.0,0.0,0.0,0.0,0.0,94
2023-05-10 21:00:22,pb2312,pb2312,15305.0,0.0,0.0,0.0,2,15300.0,15535.0,1,15305.0,0.0,0.0,0.0,0.0,0.0,94
2023-05-10 21:00:23,pb2312,pb2312,15305.0,0.0,0.0,0.0,2,15300.0,15530.0,2,15305.0,0.0,0.0,0.0,0.0,0.0,94
2023-05-10 21:00:23,pb2312,pb2312,15305.0,0.0,0.0,0.0,2,15300.0,15530.0,3,15305.0,0.0,0.0,0.0,0.0,0.0,94
2023-05-10 21:00:24,pb2312,pb2312,15305.0,0.0,0.0,0.0,2,15300.0,15530.0,3,15305.0,0.0,0.0,0.0,0.0,0.0,94
2023-05-10 21:00:24,pb2312,pb2312,15305.0,0.0,0.0,0.0,2,15300.0,15530.0,3,15305.0,0.0,0.0,0.0,0.0,0.0,94
2023-05-10 21:00:25,pb2312,pb2312,15305.0,0.0,0.0,0.0,2,15300.0,15530.0,3,15305.0,0.0,0.0,0.0,0.0,0.0,94
2023-05-10 21:00:25,pb2312,pb2312,15305.0,0.0,0.0,0.0,2,15300.0,15530.0,3,15305.0,0.0,0.0,0.0,0.0,0.0,94
2023-05-10 21:00:26,pb2312,pb2312,15305.0,0.0,0.0,0.0,2,15300.0,15525.0,2,15305.0,0.0,0.0,0.0,0.0,0.0,94
2023-05-10 21:00:26,pb2312,pb2312,15305.0,0.0,0.0,0.0,2,15300.0,15520.0,2,15305.0,0.0,0.0,0.0,0.0,0.0,94
2023-05-10 21:00:27,pb2312,pb2312,15305.0,0.0,0.0,0.0,2,15300.0,15520.0,2,15305.0,0.0,0.0,0.0,0.0,0.0,94
2023-05-10 21:00:27,pb2312,pb2312,15305.0,0.0,0.0,0.0,2,15300.0,15515.0,2,15305.0,0.0,0.0,0.0,0.0,0.0,94
2023-05-10 21:00:28,pb2312,pb2312,15305.0,0.0,0.0,0.0,2,15300.0,15510.0,2,15305.0,0.0,0.0,0.0,0.0,0.0,94
2023-05-10 21:00:28,pb2312,pb2312,15305.0,0.0,0.0,0.0,2,15300.0,15505.0,1,15305.0,0.0,0.0,0.0,0.0,0.0,94
2023-05-10 21:00:29,pb2312,pb2312,15305.0,0.0,0.0,0.0,2,15300.0,15500.0,2,15305.0,0.0,0.0,0.0,0.0,0.0,94
2023-05-10 21:00:30,pb2312,pb2312,15305.0,0.0,0.0,0.0,2,15300.0,15500.0,2,15305.0,0.0,0.0,0.0,0.0,0.0,94
2023-05-10 21:00:30,pb2312,pb2312,15305.0,0.0,0.0,0.0,2,15300.0,15495.0,2,15305.0,0.0,0.0,0.0,0.0,0.0,94
2023-05-10 21:00:31,pb2312,pb2312,15305.0,0.0,0.0,0.0,2,15300.0,15490.0,2,15305.0,0.0,0.0,0.0,0.0,0.0,94
2023-05-10 21:00:31,pb2312,pb2312,15305.0,0.0,0.0,0.0,2,15300.0,15490.0,2,15305.0,0.0,0.0,0.0,0.0,0.0,94
2023-05-10 21:00:34,pb2312,pb2312,15305.0,0.0,0.0,0.0,2,15300.0,15490.0,2,15305.0,0.0,0.0,0.0,0.0,0.0,94
2023-05-10 21:00:35,pb2312,pb2312,15305.0,0.0,0.0,0.0,2,15300.0,15490.0,2,15305.0,0.0,0.0,0.0,0.0,0.0,94
2023-05-10 21:00:35,pb2312,pb2312,15305.0,0.0,0.0,0.0,2,15300.0,15485.0,2,15305.0,0.0,0.0,0.0,0.0,0.0,94
2023-05-10 21:00:36,pb2312,pb2312,15305.0,0.0,0.0,0.0,2,15300.0,15480.0,5,15305.0,0.0,0.0,0.0,0.0,0.0,94
2023-05-10 21:00:36,pb2312,pb2312,15305.0,0.0,0.0,0.0,2,15300.0,15475.0,1,15305.0,0.0,0.0,0.0,0.0,0.0,94
2023-05-10 21:00:37,pb2312,pb2312,15305.0,0.0,0.0,0.0,2,15300.0,15470.0,4,15305.0,0.0,0.0,0.0,0.0,0.0,94
2023-05-10 21:00:37,pb2312,pb2312,15305.0,0.0,0.0,0.0,2,15300.0,15470.0,4,15305.0,0.0,0.0,0.0,0.0,0.0,94
2023-05-10 21:00:38,pb2312,pb2312,15305.0,0.0,0.0,0.0,2,15300.0,15470.0,4,15305.0,0.0,0.0,0.0,0.0,0.0,94
2023-05-10 21:00:38,pb2312,pb2312,15305.0,0.0,0.0,0.0,2,15300.0,15470.0,4,15305.0,0.0,0.0,0.0,0.0,0.0,94
2023-05-10 21:00:39,pb2312,pb2312,15305.0,0.0,0.0,0.0,2,15300.0,15465.0,3,15305.0,0.0,0.0,0.0,0.0,0.0,94
2023-05-10 21:00:39,pb2312,pb2312,15305.0,0.0,0.0,0.0,2,15300.0,15460.0,2,15305.0,0.0,0.0,0.0,0.0,0.0,94
2023-05-10 21:00:40,pb2312,pb2312,15305.0,0.0,0.0,0.0,2,15300.0,15460.0,2,15305.0,0.0,0.0,0.0,0.0,0.0,94
2023-05-10 21:00:43,pb2312,pb2312,15305.0,0.0,0.0,0.0,2,15300.0,15455.0,2,15305.0,0.0,0.0,0.0,0.0,0.0,94
2023-05-10 21:00:43,pb2312,pb2312,15305.0,0.0,0.0,0.0,2,15300.0,15450.0,4,15305.0,0.0,0.0,0.0,0.0,0.0,94
2023-05-10 21:00:44,pb2312,pb2312,15305.0,0.0,0.0,0.0,2,15300.0,15450.0,4,15305.0,0.0,0.0,0.0,0.0,0.0,94
2023-05-10 21:00:46,pb2312,pb2312,15305.0,0.0,0.0,0.0,2,15300.0,15450.0,4,15305.0,0.0,0.0,0.0,0.0,0.0,94
2023-05-10 21:00:47,pb2312,pb2312,15305.0,0.0,0.0,0.0,2,15300.0,15445.0,1,15305.0,0.0,0.0,0.0,0.0,0.0,94
2023-05-10 21:00:47,pb2312,pb2312,15305.0,0.0,0.0,0.0,2,15300.0,15440.0,2,15305.0,0.0,0.0,0.0,0.0,0.0,94
2023-05-10 21:00:48,pb2312,pb2312,15305.0,0.0,0.0,0.0,2,15300.0,15435.0,1,15305.0,0.0,0.0,0.0,0.0,0.0,94
2023-05-10 21:00:48,pb2312,pb2312,15305.0,0.0,0.0,0.0,2,15300.0,15430.0,2,15305.0,0.0,0.0,0.0,0.0,0.0,94
2023-05-10 21:00:49,pb2312,pb2312,15305.0,0.0,0.0,0.0,2,15300.0,15425.0,2,15305.0,0.0,0.0,0.0,0.0,0.0,94
2023-05-10 21:00:49,pb2312,pb2312,15305.0,0.0,0.0,0.0,2,15300.0,15420.0,1,15305.0,0.0,0.0,0.0,0.0,0.0,94
2023-05-10 21:00:50,pb2312,pb2312,15305.0,0.0,0.0,0.0,2,15300.0,15415.0,2,15305.0,0.0,0.0,0.0,0.0,0.0,94
2023-05-10 21:00:50,pb2312,pb2312,15305.0,0.0,0.0,0.0,2,15300.0,15410.0,1,15305.0,0.0,0.0,0.0,0.0,0.0,94
2023-05-10 21:00:51,pb2312,pb2312,15305.0,0.0,0.0,0.0,2,15300.0,15405.0,1,15305.0,0.0,0.0,0.0,0.0,0.0,94
2023-05-10 21:00:51,pb2312,pb2312,15305.0,0.0,0.0,0.0,2,15300.0,15400.0,1,15305.0,0.0,0.0,0.0,0.0,0.0,94
2023-05-10 21:00:52,pb2312,pb2312,15305.0,0.0,0.0,0.0,2,15300.0,15400.0,1,15305.0,0.0,0.0,0.0,0.0,0.0,94
2023-05-10 21:00:52,pb2312,pb2312,15305.0,0.0,0.0,0.0,2,15300.0,15395.0,1,15305.0,0.0,0.0,0.0,0.0,0.0,94
2023-05-10 21:00:53,pb2312,pb2312,15305.0,0.0,0.0,0.0,2,15300.0,15390.0,1,15305.0,0.0,0.0,0.0,0.0,0.0,94
2023-05-10 21:00:53,pb2312,pb2312,15305.0,0.0,0.0,0.0,2,15300.0,15385.0,1,15305.0,0.0,0.0,0.0,0.0,0.0,94
2023-05-10 21:00:54,pb2312,pb2312,15305.0,0.0,0.0,0.0,2,15300.0,15380.0,1,15305.0,0.0,0.0,0.0,0.0,0.0,94
2023-05-10 21:00:54,pb2312,pb2312,15305.0,0.0,0.0,0.0,2,15300.0,15375.0,1,15305.0,0.0,0.0,0.0,0.0,0.0,94
2023-05-10 21:00:55,pb2312,pb2312,15305.0,0.0,0.0,0.0,2,15300.0,15375.0,1,15305.0,0.0,0.0,0.0,0.0,0.0,94
2023-05-10 21:00:57,pb2312,pb2312,15305.0,0.0,0.0,0.0,2,15300.0,15395.0,1,15305.0,0.0,0.0,0.0,0.0,0.0,94
2023-05-10 21:00:57,pb2312,pb2312,15305.0,0.0,0.0,0.0,2,15300.0,15390.0,2,15305.0,0.0,0.0,0.0,0.0,0.0,94
2023-05-10 21:00:58,pb2312,pb2312,15305.0,0.0,0.0,0.0,2,15300.0,15390.0,2,15305.0,0.0,0.0,0.0,0.0,0.0,94
2023-05-10 21:00:59,pb2312,pb2312,15305.0,0.0,0.0,0.0,2,15300.0,15390.0,2,15305.0,0.0,0.0,0.0,0.0,0.0,94
2023-05-10 21:01:00,pb2312,pb2312,15305.0,0.0,0.0,0.0,2,15300.0,15390.0,2,15305.0,0.0,0.0,0.0,0.0,0.0,94
2023-05-10 21:01:03,pb2312,pb2312,15305.0,0.0,0.0,0.0,2,15300.0,15390.0,2,15305.0,0.0,0.0,0.0,0.0,0.0,94
2023-05-10 21:01:03,pb2312,pb2312,15305.0,0.0,0.0,0.0,2,15300.0,15390.0,2,15305.0,0.0,0.0,0.0,0.0,0.0,94
2023-05-10 21:01:05,pb2312,pb2312,15305.0,0.0,0.0,0.0,2,15300.0,15385.0,2,15305.0,0.0,0.0,0.0,0.0,0.0,94
2023-05-10 21:01:06,pb2312,pb2312,15305.0,0.0,0.0,0.0,2,15300.0,15380.0,1,15305.0,0.0,0.0,0.0,0.0,0.0,94
2023-05-10 21:01:06,pb2312,pb2312,15305.0,0.0,0.0,0.0,2,15300.0,15380.0,1,15305.0,0.0,0.0,0.0,0.0,0.0,94
2023-05-10 21:01:07,pb2312,pb2312,15305.0,0.0,0.0,0.0,2,15300.0,15380.0,1,15305.0,0.0,0.0,0.0,0.0,0.0,94
2023-05-10 21:01:08,pb2312,pb2312,15305.0,0.0,0.0,0.0,2,15300.0,15380.0,1,15305.0,0.0,0.0,0.0,0.0,0.0,94
2023-05-10 21:01:09,pb2312,pb2312,15305.0,0.0,0.0,0.0,2,15300.0,15380.0,1,15305.0,0.0,0.0,0.0,0.0,0.0,94
2023-05-10 21:01:10,pb2312,pb2312,15305.0,0.0,0.0,0.0,2,15300.0,15380.0,1,15305.0,0.0,0.0,0.0,0.0,0.0,94
2023-05-10 21:01:10,pb2312,pb2312,15305.0,0.0,0.0,0.0,2,15300.0,15380.0,1,15305.0,0.0,0.0,0.0,0.0,0.0,94
2023-05-10 21:01:13,pb2312,pb2312,15305.0,0.0,0.0,0.0,2,15300.0,15380.0,1,15305.0,0.0,0.0,0.0,0.0,0.0,94
2023-05-10 21:01:14,pb2312,pb2312,15305.0,0.0,0.0,0.0,2,15300.0,15380.0,1,15305.0,0.0,0.0,0.0,0.0,0.0,94
2023-05-10 21:01:17,pb2312,pb2312,15305.0,0.0,0.0,0.0,2,15300.0,15380.0,1,15305.0,0.0,0.0,0.0,0.0,0.0,94
2023-05-10 21:01:17,pb2312,pb2312,15305.0,0.0,0.0,0.0,2,15300.0,15380.0,1,15305.0,0.0,0.0,0.0,0.0,0.0,94
2023-05-10 21:01:18,pb2312,pb2312,15305.0,0.0,0.0,0.0,2,15300.0,15380.0,1,15305.0,0.0,0.0,0.0,0.0,0.0,94
2023-05-10 21:01:18,pb2312,pb2312,15305.0,0.0,0.0,0.0,2,15300.0,15380.0,1,15305.0,0.0,0.0,0.0,0.0,0.0,94
2023-05-10 21:01:20,pb2312,pb2312,15305.0,0.0,0.0,0.0,2,15300.0,15380.0,1,15305.0,0.0,0.0,0.0,0.0,0.0,94
2023-05-10 21:01:20,pb2312,pb2312,15305.0,0.0,0.0,0.0,2,15300.0,15380.0,1,15305.0,0.0,0.0,0.0,0.0,0.0,94
2023-05-10 21:01:44,pb2312,pb2312,15305.0,0.0,0.0,0.0,2,15300.0,15380.0,1,15305.0,0.0,0.0,0.0,0.0,0.0,94
2023-05-10 21:01:44,pb2312,pb2312,15305.0,0.0,0.0,0.0,2,15300.0,15380.0,1,15305.0,0.0,0.0,0.0,0.0,0.0,94
2023-05-10 21:01:45,pb2312,pb2312,15305.0,0.0,0.0,0.0,2,15300.0,15380.0,1,15305.0,0.0,0.0,0.0,0.0,0.0,94
2023-05-10 21:01:45,pb2312,pb2312,15305.0,0.0,0.0,0.0,2,15300.0,15380.0,1,15305.0,0.0,0.0,0.0,0.0,0.0,94
2023-05-10 21:01:46,pb2312,pb2312,15305.0,0.0,0.0,0.0,2,15300.0,15380.0,1,15305.0,0.0,0.0,0.0,0.0,0.0,94
2023-05-10 21:01:47,pb2312,pb2312,15305.0,0.0,0.0,0.0,2,15300.0,15380.0,1,15305.0,0.0,0.0,0.0,0.0,0.0,94
2023-05-10 21:01:48,pb2312,pb2312,15305.0,0.0,0.0,0.0,2,15300.0,15380.0,1,15305.0,0.0,0.0,0.0,0.0,0.0,94
2023-05-10 21:01:50,pb2312,pb2312,15305.0,0.0,0.0,0.0,2,15300.0,15375.0,2,15305.0,0.0,0.0,0.0,0.0,0.0,94
2023-05-10 21:01:51,pb2312,pb2312,15305.0,0.0,0.0,0.0,2,15300.0,15370.0,1,15305.0,0.0,0.0,0.0,0.0,0.0,94
2023-05-10 21:01:54,pb2312,pb2312,15305.0,0.0,0.0,0.0,2,15300.0,15370.0,1,15305.0,0.0,0.0,0.0,0.0,0.0,94
2023-05-10 21:02:04,pb2312,pb2312,15305.0,0.0,0.0,0.0,2,15300.0,15370.0,1,15305.0,0.0,0.0,0.0,0.0,0.0,94
2023-05-10 21:02:05,pb2312,pb2312,15305.0,0.0,0.0,0.0,2,15300.0,15370.0,1,15305.0,0.0,0.0,0.0,0.0,0.0,94
2023-05-10 21:02:18,pb2312,pb2312,15305.0,0.0,0.0,0.0,2,15300.0,15370.0,1,15305.0,0.0,0.0,0.0,0.0,0.0,94
2023-05-10 21:02:19,pb2312,pb2312,15305.0,0.0,0.0,0.0,2,15300.0,15370.0,1,15305.0,0.0,0.0,0.0,0.0,0.0,94
2023-05-10 21:02:20,pb2312,pb2312,15305.0,0.0,0.0,0.0,2,15300.0,15370.0,2,15305.0,0.0,0.0,0.0,0.0,0.0,94
2023-05-10 21:02:20,pb2312,pb2312,15305.0,0.0,0.0,0.0,2,15300.0,15370.0,2,15305.0,0.0,0.0,0.0,0.0,0.0,94
2023-05-10 21:02:26,pb2312,pb2312,15305.0,0.0,0.0,0.0,2,15300.0,15370.0,2,15305.0,0.0,0.0,0.0,0.0,0.0,94
2023-05-10 21:02:26,pb2312,pb2312,15305.0,0.0,0.0,0.0,2,15300.0,15370.0,2,15305.0,0.0,0.0,0.0,0.0,0.0,94
2023-05-10 21:02:29,pb2312,pb2312,15305.0,0.0,0.0,0.0,2,15300.0,15370.0,2,15305.0,0.0,0.0,0.0,0.0,0.0,94
2023-05-10 21:02:30,pb2312,pb2312,15305.0,0.0,0.0,0.0,2,15300.0,15370.0,2,15305.0,0.0,0.0,0.0,0.0,0.0,94
2023-05-10 21:02:30,pb2312,pb2312,15305.0,0.0,0.0,0.0,2,15300.0,15370.0,2,15305.0,0.0,0.0,0.0,0.0,0.0,94
2023-05-10 21:02:31,pb2312,pb2312,15305.0,0.0,0.0,0.0,2,15300.0,15370.0,2,15305.0,0.0,0.0,0.0,0.0,0.0,94
2023-05-10 21:02:31,pb2312,pb2312,15305.0,0.0,0.0,0.0,2,15300.0,15370.0,2,15305.0,0.0,0.0,0.0,0.0,0.0,94
2023-05-10 21:02:32,pb2312,pb2312,15305.0,0.0,0.0,0.0,2,15300.0,15370.0,2,15305.0,0.0,0.0,0.0,0.0,0.0,94
2023-05-10 21:02:33,pb2312,pb2312,15305.0,0.0,0.0,0.0,2,15300.0,15370.0,2,15305.0,0.0,0.0,0.0,0.0,0.0,94
2023-05-10 21:02:33,pb2312,pb2312,15305.0,0.0,0.0,0.0,2,15300.0,15370.0,2,15305.0,0.0,0.0,0.0,0.0,0.0,94
2023-05-10 21:02:35,pb2312,pb2312,15305.0,0.0,0.0,0.0,2,15300.0,15365.0,2,15305.0,0.0,0.0,0.0,0.0,0.0,94
2023-05-10 21:02:36,pb2312,pb2312,15305.0,0.0,0.0,0.0,2,15300.0,15365.0,2,15305.0,0.0,0.0,0.0,0.0,0.0,94
2023-05-10 21:02:38,pb2312,pb2312,15305.0,0.0,0.0,0.0,2,15300.0,15360.0,1,15305.0,0.0,0.0,0.0,0.0,0.0,94
2023-05-10 21:02:42,pb2312,pb2312,15305.0,0.0,0.0,0.0,2,15300.0,15360.0,1,15305.0,0.0,0.0,0.0,0.0,0.0,94
2023-05-10 21:02:43,pb2312,pb2312,15305.0,0.0,0.0,0.0,2,15300.0,15360.0,1,15305.0,0.0,0.0,0.0,0.0,0.0,94
2023-05-10 21:02:48,pb2312,pb2312,15305.0,0.0,0.0,0.0,2,15300.0,15365.0,2,15305.0,0.0,0.0,0.0,0.0,0.0,94
2023-05-10 21:02:49,pb2312,pb2312,15305.0,0.0,0.0,0.0,2,15300.0,15365.0,2,15305.0,0.0,0.0,0.0,0.0,0.0,94
2023-05-10 21:02:50,pb2312,pb2312,15305.0,0.0,0.0,0.0,2,15300.0,15365.0,2,15305.0,0.0,0.0,0.0,0.0,0.0,94
2023-05-10 21:02:54,pb2312,pb2312,15305.0,0.0,0.0,0.0,2,15300.0,15365.0,2,15305.0,0.0,0.0,0.0,0.0,0.0,94
2023-05-10 21:02:55,pb2312,pb2312,15305.0,0.0,0.0,0.0,2,15300.0,15365.0,2,15305.0,0.0,0.0,0.0,0.0,0.0,94
2023-05-10 21:02:56,pb2312,pb2312,15305.0,0.0,0.0,0.0,2,15300.0,15365.0,2,15305.0,0.0,0.0,0.0,0.0,0.0,94
2023-05-10 21:02:56,pb2312,pb2312,15305.0,0.0,0.0,0.0,2,15300.0,15365.0,2,15305.0,0.0,0.0,0.0,0.0,0.0,94
2023-05-10 21:03:01,pb2312,pb2312,15305.0,0.0,0.0,0.0,2,15300.0,15365.0,2,15305.0,0.0,0.0,0.0,0.0,0.0,94
2023-05-10 21:03:02,pb2312,pb2312,15305.0,0.0,0.0,0.0,2,15300.0,15365.0,2,15305.0,0.0,0.0,0.0,0.0,0.0,94
2023-05-10 21:03:06,pb2312,pb2312,15305.0,0.0,0.0,0.0,2,15300.0,15365.0,2,15305.0,0.0,0.0,0.0,0.0,0.0,94
2023-05-10 21:03:07,pb2312,pb2312,15305.0,0.0,0.0,0.0,2,15300.0,15365.0,2,15305.0,0.0,0.0,0.0,0.0,0.0,94
2023-05-10 21:03:21,pb2312,pb2312,15305.0,0.0,0.0,0.0,2,15300.0,15365.0,2,15305.0,0.0,0.0,0.0,0.0,0.0,94
2023-05-10 21:03:21,pb2312,pb2312,15305.0,0.0,0.0,0.0,2,15300.0,15365.0,2,15305.0,0.0,0.0,0.0,0.0,0.0,94
2023-05-10 21:03:22,pb2312,pb2312,15305.0,0.0,0.0,0.0,2,15300.0,15360.0,1,15305.0,0.0,0.0,0.0,0.0,0.0,94
2023-05-10 21:03:23,pb2312,pb2312,15305.0,0.0,0.0,0.0,2,15300.0,15360.0,1,15305.0,0.0,0.0,0.0,0.0,0.0,94
2023-05-10 21:03:26,pb2312,pb2312,15305.0,0.0,0.0,0.0,2,15300.0,15360.0,1,15305.0,0.0,0.0,0.0,0.0,0.0,94
2023-05-10 21:03:26,pb2312,pb2312,15305.0,0.0,0.0,0.0,2,15300.0,15360.0,1,15305.0,0.0,0.0,0.0,0.0,0.0,94
2023-05-10 21:03:29,pb2312,pb2312,15305.0,0.0,0.0,0.0,2,15300.0,15360.0,1,15305.0,0.0,0.0,0.0,0.0,0.0,94
2023-05-10 21:03:29,pb2312,pb2312,15305.0,0.0,0.0,0.0,3,15300.0,15360.0,1,15305.0,0.0,0.0,0.0,0.0,0.0,94
2023-05-10 21:03:30,pb2312,pb2312,15305.0,0.0,0.0,0.0,3,15300.0,15360.0,1,15305.0,0.0,0.0,0.0,0.0,0.0,94
2023-05-10 21:03:30,pb2312,pb2312,15305.0,0.0,0.0,0.0,3,15300.0,15360.0,1,15305.0,0.0,0.0,0.0,0.0,0.0,94
2023-05-10 21:03:32,pb2312,pb2312,15305.0,0.0,0.0,0.0,3,15300.0,15360.0,1,15305.0,0.0,0.0,0.0,0.0,0.0,94
2023-05-10 21:03:32,pb2312,pb2312,15305.0,0.0,0.0,0.0,3,15300.0,15360.0,1,15305.0,0.0,0.0,0.0,0.0,0.0,94
2023-05-10 21:03:33,pb2312,pb2312,15305.0,0.0,0.0,0.0,3,15300.0,15365.0,2,15305.0,0.0,0.0,0.0,0.0,0.0,94
2023-05-10 21:03:34,pb2312,pb2312,15305.0,0.0,0.0,0.0,3,15300.0,15365.0,2,15305.0,0.0,0.0,0.0,0.0,0.0,94
2023-05-10 21:03:35,pb2312,pb2312,15305.0,0.0,0.0,0.0,3,15300.0,15365.0,2,15305.0,0.0,0.0,0.0,0.0,0.0,94
2023-05-10 21:03:41,pb2312,pb2312,15305.0,0.0,0.0,0.0,3,15300.0,15365.0,2,15305.0,0.0,0.0,0.0,0.0,0.0,94
2023-05-10 21:03:41,pb2312,pb2312,15305.0,0.0,0.0,0.0,3,15300.0,15365.0,2,15305.0,0.0,0.0,0.0,0.0,0.0,94
2023-05-10 21:03:44,pb2312,pb2312,15305.0,0.0,0.0,0.0,3,15300.0,15365.0,2,15305.0,0.0,0.0,0.0,0.0,0.0,94
2023-05-10 21:03:45,pb2312,pb2312,15305.0,0.0,0.0,0.0,3,15300.0,15365.0,2,15305.0,0.0,0.0,0.0,0.0,0.0,94
2023-05-10 21:03:48,pb2312,pb2312,15305.0,0.0,0.0,0.0,3,15300.0,15365.0,2,15305.0,0.0,0.0,0.0,0.0,0.0,94
2023-05-10 21:03:49,pb2312,pb2312,15305.0,0.0,0.0,0.0,3,15300.0,15365.0,2,15305.0,0.0,0.0,0.0,0.0,0.0,94
2023-05-10 21:03:50,pb2312,pb2312,15305.0,0.0,0.0,0.0,3,15300.0,15365.0,2,15305.0,0.0,0.0,0.0,0.0,0.0,94
2023-05-10 21:03:50,pb2312,pb2312,15305.0,0.0,0.0,0.0,3,15300.0,15365.0,2,15305.0,0.0,0.0,0.0,0.0,0.0,94
2023-05-10 21:03:54,pb2312,pb2312,15305.0,0.0,0.0,0.0,3,15300.0,15365.0,2,15305.0,0.0,0.0,0.0,0.0,0.0,94
2023-05-10 21:03:55,pb2312,pb2312,15305.0,0.0,0.0,0.0,3,15300.0,15365.0,2,15305.0,0.0,0.0,0.0,0.0,0.0,94
2023-05-10 21:03:57,pb2312,pb2312,15305.0,0.0,0.0,0.0,3,15300.0,15365.0,2,15305.0,0.0,0.0,0.0,0.0,0.0,94
2023-05-10 21:03:58,pb2312,pb2312,15305.0,0.0,0.0,0.0,3,15300.0,15365.0,2,15305.0,0.0,0.0,0.0,0.0,0.0,94
2023-05-10 21:03:58,pb2312,pb2312,15305.0,0.0,0.0,0.0,3,15300.0,15365.0,3,15305.0,0.0,0.0,0.0,0.0,0.0,94
2023-05-10 21:03:59,pb2312,pb2312,15305.0,0.0,0.0,0.0,3,15300.0,15365.0,3,15305.0,0.0,0.0,0.0,0.0,0.0,94
2023-05-10 21:04:00,pb2312,pb2312,15305.0,0.0,0.0,0.0,3,15300.0,15365.0,3,15305.0,0.0,0.0,0.0,0.0,0.0,94
2023-05-10 21:04:12,pb2312,pb2312,15305.0,0.0,0.0,0.0,3,15300.0,15365.0,3,15305.0,0.0,0.0,0.0,0.0,0.0,94
2023-05-10 21:04:12,pb2312,pb2312,15305.0,0.0,0.0,0.0,3,15300.0,15365.0,3,15305.0,0.0,0.0,0.0,0.0,0.0,94
2023-05-10 21:04:13,pb2312,pb2312,15305.0,0.0,0.0,0.0,3,15300.0,15365.0,3,15305.0,0.0,0.0,0.0,0.0,0.0,94
2023-05-10 21:04:14,pb2312,pb2312,15305.0,0.0,0.0,0.0,3,15300.0,15365.0,3,15305.0,0.0,0.0,0.0,0.0,0.0,94
2023-05-10 21:04:22,pb2312,pb2312,15305.0,0.0,0.0,0.0,3,15300.0,15365.0,3,15305.0,0.0,0.0,0.0,0.0,0.0,94
2023-05-10 21:04:23,pb2312,pb2312,15305.0,0.0,0.0,0.0,3,15300.0,15365.0,3,15305.0,0.0,0.0,0.0,0.0,0.0,94
2023-05-10 21:04:41,pb2312,pb2312,15305.0,0.0,0.0,0.0,3,15300.0,15365.0,3,15305.0,0.0,0.0,0.0,0.0,0.0,94
2023-05-10 21:04:41,pb2312,pb2312,15305.0,0.0,0.0,0.0,3,15300.0,15365.0,3,15305.0,0.0,0.0,0.0,0.0,0.0,94
2023-05-10 21:04:44,pb2312,pb2312,15305.0,0.0,0.0,0.0,3,15300.0,15365.0,3,15305.0,0.0,0.0,0.0,0.0,0.0,94
2023-05-10 21:04:44,pb2312,pb2312,15305.0,0.0,0.0,0.0,3,15300.0,15365.0,3,15305.0,0.0,0.0,0.0,0.0,0.0,94
2023-05-10 21:04:45,pb2312,pb2312,15305.0,0.0,0.0,0.0,3,15300.0,15365.0,3,15305.0,0.0,0.0,0.0,0.0,0.0,94
2023-05-10 21:04:46,pb2312,pb2312,15305.0,0.0,0.0,0.0,3,15300.0,15365.0,3,15305.0,0.0,0.0,0.0,0.0,0.0,94
2023-05-10 21:04:56,pb2312,pb2312,15305.0,0.0,0.0,0.0,3,15300.0,15365.0,3,15305.0,0.0,0.0,0.0,0.0,0.0,94
2023-05-10 21:04:57,pb2312,pb2312,15305.0,0.0,0.0,0.0,3,15300.0,15365.0,3,15305.0,0.0,0.0,0.0,0.0,0.0,94
2023-05-10 21:04:58,pb2312,pb2312,15305.0,0.0,0.0,0.0,3,15300.0,15365.0,3,15305.0,0.0,0.0,0.0,0.0,0.0,94
2023-05-10 21:04:59,pb2312,pb2312,15305.0,0.0,0.0,0.0,3,15300.0,15365.0,3,15305.0,0.0,0.0,0.0,0.0,0.0,94
2023-05-10 21:05:02,pb2312,pb2312,15305.0,0.0,0.0,0.0,3,15300.0,15360.0,1,15305.0,0.0,0.0,0.0,0.0,0.0,94
2023-05-10 21:05:02,pb2312,pb2312,15305.0,0.0,0.0,0.0,1,15305.0,15360.0,1,15305.0,0.0,0.0,0.0,0.0,0.0,94
2023-05-10 21:05:03,pb2312,pb2312,15305.0,0.0,0.0,0.0,2,15300.0,15360.0,1,15305.0,0.0,0.0,0.0,0.0,0.0,94
2023-05-10 21:05:04,pb2312,pb2312,15305.0,0.0,0.0,0.0,2,15300.0,15360.0,1,15305.0,0.0,0.0,0.0,0.0,0.0,94
2023-05-10 21:05:05,pb2312,pb2312,15305.0,0.0,0.0,0.0,2,15300.0,15360.0,1,15305.0,0.0,0.0,0.0,0.0,0.0,94
2023-05-10 21:05:07,pb2312,pb2312,15305.0,0.0,0.0,0.0,2,15300.0,15360.0,1,15305.0,0.0,0.0,0.0,0.0,0.0,94
2023-05-10 21:05:08,pb2312,pb2312,15305.0,0.0,0.0,0.0,2,15300.0,15360.0,2,15305.0,0.0,0.0,0.0,0.0,0.0,94
2023-05-10 21:05:08,pb2312,pb2312,15305.0,0.0,0.0,0.0,2,15300.0,15360.0,2,15305.0,0.0,0.0,0.0,0.0,0.0,94
2023-05-10 21:05:09,pb2312,pb2312,15305.0,0.0,0.0,0.0,2,15300.0,15360.0,3,15305.0,0.0,0.0,0.0,0.0,0.0,94
2023-05-10 21:05:13,pb2312,pb2312,15305.0,0.0,0.0,0.0,2,15300.0,15360.0,3,15305.0,0.0,0.0,0.0,0.0,0.0,94
2023-05-10 21:05:14,pb2312,pb2312,15305.0,0.0,0.0,0.0,2,15300.0,15360.0,3,15305.0,0.0,0.0,0.0,0.0,0.0,94
2023-05-10 21:05:15,pb2312,pb2312,15305.0,0.0,0.0,0.0,2,15300.0,15360.0,3,15305.0,0.0,0.0,0.0,0.0,0.0,94
2023-05-10 21:05:16,pb2312,pb2312,15305.0,0.0,0.0,0.0,2,15300.0,15360.0,3,15305.0,0.0,0.0,0.0,0.0,0.0,94
2023-05-10 21:05:16,pb2312,pb2312,15305.0,0.0,0.0,0.0,2,15300.0,15360.0,3,15305.0,0.0,0.0,0.0,0.0,0.0,94
2023-05-10 21:05:17,pb2312,pb2312,15305.0,0.0,0.0,0.0,2,15300.0,15360.0,3,15305.0,0.0,0.0,0.0,0.0,0.0,94
2023-05-10 21:05:26,pb2312,pb2312,15305.0,0.0,0.0,0.0,2,15300.0,15360.0,2,15305.0,0.0,0.0,0.0,0.0,0.0,94
2023-05-10 21:05:27,pb2312,pb2312,15305.0,0.0,0.0,0.0,2,15300.0,15360.0,2,15305.0,0.0,0.0,0.0,0.0,0.0,94
2023-05-10 21:05:28,pb2312,pb2312,15305.0,0.0,0.0,0.0,2,15300.0,15360.0,2,15305.0,0.0,0.0,0.0,0.0,0.0,94
2023-05-10 21:05:31,pb2312,pb2312,15305.0,0.0,0.0,0.0,2,15300.0,15360.0,2,15305.0,0.0,0.0,0.0,0.0,0.0,94
2023-05-10 21:05:32,pb2312,pb2312,15305.0,0.0,0.0,0.0,2,15300.0,15360.0,2,15305.0,0.0,0.0,0.0,0.0,0.0,94
2023-05-10 21:05:33,pb2312,pb2312,15305.0,0.0,0.0,0.0,2,15300.0,15360.0,3,15305.0,0.0,0.0,0.0,0.0,0.0,94
2023-05-10 21:05:36,pb2312,pb2312,15305.0,0.0,0.0,0.0,2,15300.0,15360.0,3,15305.0,0.0,0.0,0.0,0.0,0.0,94
2023-05-10 21:05:37,pb2312,pb2312,15305.0,0.0,0.0,0.0,2,15300.0,15360.0,3,15305.0,0.0,0.0,0.0,0.0,0.0,94
2023-05-10 21:05:39,pb2312,pb2312,15305.0,0.0,0.0,0.0,2,15300.0,15360.0,3,15305.0,0.0,0.0,0.0,0.0,0.0,94
2023-05-10 21:05:48,pb2312,pb2312,15305.0,0.0,0.0,0.0,2,15300.0,15360.0,3,15305.0,0.0,0.0,0.0,0.0,0.0,94
2023-05-10 21:05:48,pb2312,pb2312,15305.0,0.0,0.0,0.0,2,15300.0,15360.0,3,15305.0,0.0,0.0,0.0,0.0,0.0,94
2023-05-10 21:05:52,pb2312,pb2312,15305.0,0.0,0.0,0.0,2,15300.0,15360.0,3,15305.0,0.0,0.0,0.0,0.0,0.0,94
2023-05-10 21:05:53,pb2312,pb2312,15305.0,0.0,0.0,0.0,2,15300.0,15360.0,3,15305.0,0.0,0.0,0.0,0.0,0.0,94
2023-05-10 21:05:58,pb2312,pb2312,15305.0,0.0,0.0,0.0,2,15300.0,15360.0,3,15305.0,0.0,0.0,0.0,0.0,0.0,94
2023-05-10 21:05:59,pb2312,pb2312,15305.0,0.0,0.0,0.0,2,15300.0,15360.0,3,15305.0,0.0,0.0,0.0,0.0,0.0,94
2023-05-10 21:06:03,pb2312,pb2312,15305.0,0.0,0.0,0.0,2,15300.0,15360.0,3,15305.0,0.0,0.0,0.0,0.0,0.0,94
2023-05-10 21:06:04,pb2312,pb2312,15305.0,0.0,0.0,0.0,2,15300.0,15360.0,3,15305.0,0.0,0.0,0.0,0.0,0.0,94
2023-05-10 21:06:06,pb2312,pb2312,15305.0,0.0,0.0,0.0,2,15300.0,15360.0,3,15305.0,0.0,0.0,0.0,0.0,0.0,94
2023-05-10 21:06:07,pb2312,pb2312,15305.0,0.0,0.0,0.0,2,15300.0,15360.0,3,15305.0,0.0,0.0,0.0,0.0,0.0,94
2023-05-10 21:06:09,pb2312,pb2312,15305.0,0.0,0.0,0.0,2,15300.0,15360.0,3,15305.0,0.0,0.0,0.0,0.0,0.0,94
2023-05-10 21:06:09,pb2312,pb2312,15305.0,0.0,0.0,0.0,2,15300.0,15360.0,3,15305.0,0.0,0.0,0.0,0.0,0.0,94
2023-05-10 21:06:11,pb2312,pb2312,15305.0,0.0,0.0,0.0,2,15300.0,15355.0,2,15305.0,0.0,0.0,0.0,0.0,0.0,94
2023-05-10 21:06:11,pb2312,pb2312,15305.0,0.0,0.0,0.0,2,15300.0,15355.0,2,15305.0,0.0,0.0,0.0,0.0,0.0,94
2023-05-10 21:06:14,pb2312,pb2312,15305.0,0.0,0.0,0.0,2,15300.0,15355.0,2,15305.0,0.0,0.0,0.0,0.0,0.0,94
2023-05-10 21:06:14,pb2312,pb2312,15305.0,0.0,0.0,0.0,2,15300.0,15355.0,2,15305.0,0.0,0.0,0.0,0.0,0.0,94
2023-05-10 21:06:15,pb2312,pb2312,15305.0,0.0,0.0,0.0,2,15300.0,15355.0,2,15305.0,0.0,0.0,0.0,0.0,0.0,94
2023-05-10 21:06:16,pb2312,pb2312,15305.0,0.0,0.0,0.0,2,15300.0,15355.0,2,15305.0,0.0,0.0,0.0,0.0,0.0,94
2023-05-10 21:06:17,pb2312,pb2312,15305.0,0.0,0.0,0.0,2,15300.0,15355.0,2,15305.0,0.0,0.0,0.0,0.0,0.0,94
2023-05-10 21:06:21,pb2312,pb2312,15305.0,0.0,0.0,0.0,2,15300.0,15355.0,2,15305.0,0.0,0.0,0.0,0.0,0.0,94
2023-05-10 21:06:22,pb2312,pb2312,15305.0,0.0,0.0,0.0,2,15300.0,15355.0,2,15305.0,0.0,0.0,0.0,0.0,0.0,94
2023-05-10 21:06:26,pb2312,pb2312,15305.0,0.0,0.0,0.0,2,15300.0,15355.0,2,15305.0,0.0,0.0,0.0,0.0,0.0,94
2023-05-10 21:06:27,pb2312,pb2312,15305.0,0.0,0.0,0.0,2,15300.0,15355.0,2,15305.0,0.0,0.0,0.0,0.0,0.0,94
2023-05-10 21:06:29,pb2312,pb2312,15305.0,0.0,0.0,0.0,2,15300.0,15355.0,2,15305.0,0.0,0.0,0.0,0.0,0.0,94
2023-05-10 21:06:30,pb2312,pb2312,15305.0,0.0,0.0,0.0,2,15300.0,15355.0,2,15305.0,0.0,0.0,0.0,0.0,0.0,94
2023-05-10 21:06:31,pb2312,pb2312,15305.0,0.0,0.0,0.0,2,15300.0,15355.0,2,15305.0,0.0,0.0,0.0,0.0,0.0,94
2023-05-10 21:06:31,pb2312,pb2312,15305.0,0.0,0.0,0.0,2,15300.0,15355.0,2,15305.0,0.0,0.0,0.0,0.0,0.0,94
2023-05-10 21:06:35,pb2312,pb2312,15305.0,0.0,0.0,0.0,2,15300.0,15355.0,2,15305.0,0.0,0.0,0.0,0.0,0.0,94
2023-05-10 21:06:36,pb2312,pb2312,15305.0,0.0,0.0,0.0,2,15300.0,15355.0,2,15305.0,0.0,0.0,0.0,0.0,0.0,94
2023-05-10 21:06:40,pb2312,pb2312,15305.0,0.0,0.0,0.0,2,15300.0,15355.0,2,15305.0,0.0,0.0,0.0,0.0,0.0,94
2023-05-10 21:06:41,pb2312,pb2312,15305.0,0.0,0.0,0.0,2,15300.0,15355.0,2,15305.0,0.0,0.0,0.0,0.0,0.0,94
2023-05-10 21:06:50,pb2312,pb2312,15305.0,0.0,0.0,0.0,2,15300.0,15355.0,2,15305.0,0.0,0.0,0.0,0.0,0.0,94
2023-05-10 21:06:50,pb2312,pb2312,15305.0,0.0,0.0,0.0,2,15300.0,15355.0,2,15305.0,0.0,0.0,0.0,0.0,0.0,94
2023-05-10 21:06:51,pb2312,pb2312,15305.0,0.0,0.0,0.0,2,15300.0,15355.0,2,15305.0,0.0,0.0,0.0,0.0,0.0,94
2023-05-10 21:06:52,pb2312,pb2312,15305.0,0.0,0.0,0.0,2,15300.0,15355.0,2,15305.0,0.0,0.0,0.0,0.0,0.0,94
2023-05-10 21:06:55,pb2312,pb2312,15305.0,0.0,0.0,0.0,1,15305.0,15355.0,2,15305.0,0.0,0.0,0.0,0.0,0.0,94
2023-05-10 21:06:56,pb2312,pb2312,15305.0,0.0,0.0,0.0,2,15300.0,15355.0,2,15305.0,0.0,0.0,0.0,0.0,0.0,94
2023-05-10 21:06:57,pb2312,pb2312,15305.0,0.0,0.0,0.0,2,15300.0,15355.0,2,15305.0,0.0,0.0,0.0,0.0,0.0,94
2023-05-10 21:06:57,pb2312,pb2312,15305.0,0.0,0.0,0.0,2,15300.0,15355.0,2,15305.0,0.0,0.0,0.0,0.0,0.0,94
2023-05-10 21:07:01,pb2312,pb2312,15305.0,0.0,0.0,0.0,2,15300.0,15355.0,2,15305.0,0.0,0.0,0.0,0.0,0.0,94
2023-05-10 21:07:02,pb2312,pb2312,15305.0,0.0,0.0,0.0,2,15300.0,15355.0,2,15305.0,0.0,0.0,0.0,0.0,0.0,94
2023-05-10 21:07:02,pb2312,pb2312,15305.0,0.0,0.0,0.0,2,15300.0,15355.0,2,15305.0,0.0,0.0,0.0,0.0,0.0,94
2023-05-10 21:07:03,pb2312,pb2312,15305.0,0.0,0.0,0.0,2,15300.0,15355.0,2,15305.0,0.0,0.0,0.0,0.0,0.0,94
2023-05-10 21:07:05,pb2312,pb2312,15305.0,0.0,0.0,0.0,2,15300.0,15355.0,2,15305.0,0.0,0.0,0.0,0.0,0.0,94
2023-05-10 21:07:05,pb2312,pb2312,15305.0,0.0,0.0,0.0,2,15300.0,15355.0,2,15305.0,0.0,0.0,0.0,0.0,0.0,94
2023-05-10 21:07:06,pb2312,pb2312,15305.0,0.0,0.0,0.0,2,15300.0,15355.0,2,15305.0,0.0,0.0,0.0,0.0,0.0,94
2023-05-10 21:07:06,pb2312,pb2312,15305.0,0.0,0.0,0.0,2,15300.0,15355.0,2,15305.0,0.0,0.0,0.0,0.0,0.0,94
2023-05-10 21:07:20,pb2312,pb2312,15305.0,0.0,0.0,0.0,2,15300.0,15355.0,2,15305.0,0.0,0.0,0.0,0.0,0.0,94
2023-05-10 21:07:20,pb2312,pb2312,15305.0,0.0,0.0,0.0,2,15300.0,15355.0,2,15305.0,0.0,0.0,0.0,0.0,0.0,94
2023-05-10 21:07:27,pb2312,pb2312,15305.0,0.0,0.0,0.0,2,15300.0,15355.0,2,15305.0,0.0,0.0,0.0,0.0,0.0,94
2023-05-10 21:07:28,pb2312,pb2312,15305.0,0.0,0.0,0.0,2,15300.0,15355.0,2,15305.0,0.0,0.0,0.0,0.0,0.0,94
2023-05-10 21:07:29,pb2312,pb2312,15305.0,0.0,0.0,0.0,2,15300.0,15355.0,2,15305.0,0.0,0.0,0.0,0.0,0.0,94
2023-05-10 21:07:29,pb2312,pb2312,15305.0,0.0,0.0,0.0,2,15300.0,15355.0,2,15305.0,0.0,0.0,0.0,0.0,0.0,94
2023-05-10 21:07:37,pb2312,pb2312,15305.0,0.0,0.0,0.0,2,15300.0,15355.0,2,15305.0,0.0,0.0,0.0,0.0,0.0,94
2023-05-10 21:07:38,pb2312,pb2312,15305.0,0.0,0.0,0.0,2,15300.0,15355.0,2,15305.0,0.0,0.0,0.0,0.0,0.0,94
2023-05-10 21:07:39,pb2312,pb2312,15305.0,0.0,0.0,0.0,2,15300.0,15355.0,2,15305.0,0.0,0.0,0.0,0.0,0.0,94
2023-05-10 21:07:40,pb2312,pb2312,15305.0,0.0,0.0,0.0,2,15300.0,15355.0,2,15305.0,0.0,0.0,0.0,0.0,0.0,94
2023-05-10 21:07:43,pb2312,pb2312,15305.0,0.0,0.0,0.0,2,15300.0,15355.0,2,15305.0,0.0,0.0,0.0,0.0,0.0,94
2023-05-10 21:07:43,pb2312,pb2312,15305.0,0.0,0.0,0.0,2,15300.0,15355.0,2,15305.0,0.0,0.0,0.0,0.0,0.0,94
2023-05-10 21:07:45,pb2312,pb2312,15305.0,0.0,0.0,0.0,2,15300.0,15355.0,2,15305.0,0.0,0.0,0.0,0.0,0.0,94
2023-05-10 21:07:46,pb2312,pb2312,15305.0,0.0,0.0,0.0,2,15300.0,15355.0,2,15305.0,0.0,0.0,0.0,0.0,0.0,94
2023-05-10 21:07:57,pb2312,pb2312,15305.0,0.0,0.0,0.0,2,15300.0,15355.0,2,15305.0,0.0,0.0,0.0,0.0,0.0,94
2023-05-10 21:07:58,pb2312,pb2312,15305.0,0.0,0.0,0.0,2,15300.0,15355.0,2,15305.0,0.0,0.0,0.0,0.0,0.0,94
2023-05-10 21:08:02,pb2312,pb2312,15305.0,0.0,0.0,0.0,2,15300.0,15355.0,2,15305.0,0.0,0.0,0.0,0.0,0.0,94
2023-05-10 21:08:02,pb2312,pb2312,15305.0,0.0,0.0,0.0,2,15300.0,15355.0,2,15305.0,0.0,0.0,0.0,0.0,0.0,94
2023-05-10 21:08:10,pb2312,pb2312,15305.0,0.0,0.0,0.0,2,15300.0,15355.0,2,15305.0,0.0,0.0,0.0,0.0,0.0,94
2023-05-10 21:08:11,pb2312,pb2312,15305.0,0.0,0.0,0.0,2,15300.0,15355.0,2,15305.0,0.0,0.0,0.0,0.0,0.0,94
2023-05-10 21:08:12,pb2312,pb2312,15305.0,0.0,0.0,0.0,2,15300.0,15355.0,2,15305.0,0.0,0.0,0.0,0.0,0.0,94
2023-05-10 21:08:13,pb2312,pb2312,15305.0,0.0,0.0,0.0,2,15300.0,15355.0,2,15305.0,0.0,0.0,0.0,0.0,0.0,94
2023-05-10 21:08:18,pb2312,pb2312,15305.0,0.0,0.0,0.0,2,15300.0,15355.0,2,15305.0,0.0,0.0,0.0,0.0,0.0,94
2023-05-10 21:08:18,pb2312,pb2312,15305.0,0.0,0.0,0.0,2,15300.0,15355.0,2,15305.0,0.0,0.0,0.0,0.0,0.0,94
2023-05-10 21:08:23,pb2312,pb2312,15305.0,0.0,0.0,0.0,2,15300.0,15355.0,2,15305.0,0.0,0.0,0.0,0.0,0.0,94
2023-05-10 21:08:24,pb2312,pb2312,15305.0,0.0,0.0,0.0,2,15300.0,15355.0,2,15305.0,0.0,0.0,0.0,0.0,0.0,94
2023-05-10 21:08:29,pb2312,pb2312,15305.0,0.0,0.0,0.0,2,15300.0,15355.0,2,15305.0,0.0,0.0,0.0,0.0,0.0,94
2023-05-10 21:08:29,pb2312,pb2312,15305.0,0.0,0.0,0.0,2,15300.0,15355.0,2,15305.0,0.0,0.0,0.0,0.0,0.0,94
2023-05-10 21:08:30,pb2312,pb2312,15305.0,0.0,0.0,0.0,2,15300.0,15355.0,2,15305.0,0.0,0.0,0.0,0.0,0.0,94
2023-05-10 21:08:31,pb2312,pb2312,15305.0,0.0,0.0,0.0,2,15300.0,15355.0,2,15305.0,0.0,0.0,0.0,0.0,0.0,94
2023-05-10 21:08:32,pb2312,pb2312,15305.0,0.0,0.0,0.0,2,15300.0,15355.0,2,15305.0,0.0,0.0,0.0,0.0,0.0,94
2023-05-10 21:08:32,pb2312,pb2312,15305.0,0.0,0.0,0.0,2,15300.0,15355.0,2,15305.0,0.0,0.0,0.0,0.0,0.0,94
2023-05-10 21:08:42,pb2312,pb2312,15305.0,0.0,0.0,0.0,2,15300.0,15355.0,2,15305.0,0.0,0.0,0.0,0.0,0.0,94
2023-05-10 21:08:43,pb2312,pb2312,15305.0,0.0,0.0,0.0,2,15300.0,15355.0,2,15305.0,0.0,0.0,0.0,0.0,0.0,94
2023-05-10 21:08:51,pb2312,pb2312,15305.0,0.0,0.0,0.0,2,15300.0,15355.0,2,15305.0,0.0,0.0,0.0,0.0,0.0,94
2023-05-10 21:08:52,pb2312,pb2312,15305.0,0.0,0.0,0.0,2,15300.0,15355.0,2,15305.0,0.0,0.0,0.0,0.0,0.0,94
2023-05-10 21:08:54,pb2312,pb2312,15305.0,0.0,0.0,0.0,2,15300.0,15355.0,2,15305.0,0.0,0.0,0.0,0.0,0.0,94
2023-05-10 21:08:54,pb2312,pb2312,15305.0,0.0,0.0,0.0,2,15300.0,15355.0,2,15305.0,0.0,0.0,0.0,0.0,0.0,94
2023-05-10 21:09:03,pb2312,pb2312,15305.0,0.0,0.0,0.0,2,15300.0,15355.0,2,15305.0,0.0,0.0,0.0,0.0,0.0,94
2023-05-10 21:09:04,pb2312,pb2312,15305.0,0.0,0.0,0.0,2,15300.0,15355.0,2,15305.0,0.0,0.0,0.0,0.0,0.0,94
2023-05-10 21:09:06,pb2312,pb2312,15305.0,0.0,0.0,0.0,2,15300.0,15355.0,2,15305.0,0.0,0.0,0.0,0.0,0.0,94
2023-05-10 21:09:07,pb2312,pb2312,15305.0,0.0,0.0,0.0,2,15300.0,15355.0,2,15305.0,0.0,0.0,0.0,0.0,0.0,94
2023-05-10 21:09:08,pb2312,pb2312,15305.0,0.0,0.0,0.0,2,15300.0,15355.0,2,15305.0,0.0,0.0,0.0,0.0,0.0,94
2023-05-10 21:09:09,pb2312,pb2312,15305.0,0.0,0.0,0.0,2,15300.0,15355.0,2,15305.0,0.0,0.0,0.0,0.0,0.0,94
2023-05-10 21:09:10,pb2312,pb2312,15305.0,0.0,0.0,0.0,2,15300.0,15355.0,2,15305.0,0.0,0.0,0.0,0.0,0.0,94
2023-05-10 21:09:11,pb2312,pb2312,15305.0,0.0,0.0,0.0,2,15300.0,15355.0,2,15305.0,0.0,0.0,0.0,0.0,0.0,94
2023-05-10 21:09:15,pb2312,pb2312,15305.0,0.0,0.0,0.0,2,15300.0,15355.0,2,15305.0,0.0,0.0,0.0,0.0,0.0,94
2023-05-10 21:09:16,pb2312,pb2312,15305.0,0.0,0.0,0.0,2,15300.0,15355.0,2,15305.0,0.0,0.0,0.0,0.0,0.0,94
2023-05-10 21:09:16,pb2312,pb2312,15305.0,0.0,0.0,0.0,2,15300.0,15355.0,2,15305.0,0.0,0.0,0.0,0.0,0.0,94
2023-05-10 21:09:17,pb2312,pb2312,15305.0,0.0,0.0,0.0,2,15300.0,15355.0,2,15305.0,0.0,0.0,0.0,0.0,0.0,94
2023-05-10 21:09:20,pb2312,pb2312,15305.0,0.0,0.0,0.0,2,15300.0,15355.0,2,15305.0,0.0,0.0,0.0,0.0,0.0,94
2023-05-10 21:09:21,pb2312,pb2312,15305.0,0.0,0.0,0.0,2,15300.0,15355.0,2,15305.0,0.0,0.0,0.0,0.0,0.0,94
2023-05-10 21:09:25,pb2312,pb2312,15305.0,0.0,0.0,0.0,2,15300.0,15355.0,2,15305.0,0.0,0.0,0.0,0.0,0.0,94
2023-05-10 21:09:26,pb2312,pb2312,15305.0,0.0,0.0,0.0,2,15300.0,15355.0,2,15305.0,0.0,0.0,0.0,0.0,0.0,94
2023-05-10 21:09:27,pb2312,pb2312,15305.0,0.0,0.0,0.0,2,15300.0,15355.0,2,15305.0,0.0,0.0,0.0,0.0,0.0,94
2023-05-10 21:09:29,pb2312,pb2312,15305.0,0.0,0.0,0.0,2,15300.0,15355.0,2,15305.0,0.0,0.0,0.0,0.0,0.0,94
2023-05-10 21:09:30,pb2312,pb2312,15305.0,0.0,0.0,0.0,2,15300.0,15355.0,2,15305.0,0.0,0.0,0.0,0.0,0.0,94
2023-05-10 21:09:31,pb2312,pb2312,15305.0,0.0,0.0,0.0,2,15300.0,15355.0,2,15305.0,0.0,0.0,0.0,0.0,0.0,94
2023-05-10 21:09:31,pb2312,pb2312,15305.0,0.0,0.0,0.0,2,15300.0,15355.0,2,15305.0,0.0,0.0,0.0,0.0,0.0,94
2023-05-10 21:09:32,pb2312,pb2312,15305.0,0.0,0.0,0.0,2,15300.0,15355.0,2,15305.0,0.0,0.0,0.0,0.0,0.0,94
2023-05-10 21:09:32,pb2312,pb2312,15305.0,0.0,0.0,0.0,2,15300.0,15355.0,2,15305.0,0.0,0.0,0.0,0.0,0.0,94
2023-05-10 21:09:36,pb2312,pb2312,15305.0,0.0,0.0,0.0,2,15300.0,15355.0,2,15305.0,0.0,0.0,0.0,0.0,0.0,94
2023-05-10 21:09:37,pb2312,pb2312,15305.0,0.0,0.0,0.0,2,15300.0,15355.0,2,15305.0,0.0,0.0,0.0,0.0,0.0,94
2023-05-10 21:09:37,pb2312,pb2312,15305.0,0.0,0.0,0.0,2,15300.0,15355.0,2,15305.0,0.0,0.0,0.0,0.0,0.0,94
2023-05-10 21:09:38,pb2312,pb2312,15305.0,0.0,0.0,0.0,2,15300.0,15355.0,2,15305.0,0.0,0.0,0.0,0.0,0.0,94
2023-05-10 21:09:39,pb2312,pb2312,15305.0,0.0,0.0,0.0,2,15300.0,15355.0,2,15305.0,0.0,0.0,0.0,0.0,0.0,94
2023-05-10 21:09:39,pb2312,pb2312,15305.0,0.0,0.0,0.0,2,15300.0,15355.0,2,15305.0,0.0,0.0,0.0,0.0,0.0,94
2023-05-10 21:09:42,pb2312,pb2312,15305.0,0.0,0.0,0.0,2,15300.0,15355.0,2,15305.0,0.0,0.0,0.0,0.0,0.0,94
2023-05-10 21:09:42,pb2312,pb2312,15305.0,0.0,0.0,0.0,2,15300.0,15355.0,2,15305.0,0.0,0.0,0.0,0.0,0.0,94
2023-05-10 21:09:51,pb2312,pb2312,15305.0,0.0,0.0,0.0,2,15300.0,15355.0,2,15305.0,0.0,0.0,0.0,0.0,0.0,94
2023-05-10 21:09:51,pb2312,pb2312,15305.0,0.0,0.0,0.0,2,15300.0,15355.0,2,15305.0,0.0,0.0,0.0,0.0,0.0,94
2023-05-10 21:09:55,pb2312,pb2312,15305.0,0.0,0.0,0.0,2,15300.0,15355.0,2,15305.0,0.0,0.0,0.0,0.0,0.0,94
2023-05-10 21:09:56,pb2312,pb2312,15305.0,0.0,0.0,0.0,2,15300.0,15355.0,2,15305.0,0.0,0.0,0.0,0.0,0.0,94
2023-05-10 21:10:01,pb2312,pb2312,15305.0,0.0,0.0,0.0,2,15300.0,15355.0,2,15305.0,0.0,0.0,0.0,0.0,0.0,94
2023-05-10 21:10:02,pb2312,pb2312,15305.0,0.0,0.0,0.0,2,15300.0,15355.0,2,15305.0,0.0,0.0,0.0,0.0,0.0,94
2023-05-10 21:10:07,pb2312,pb2312,15305.0,0.0,0.0,0.0,2,15300.0,15355.0,2,15305.0,0.0,0.0,0.0,0.0,0.0,94
2023-05-10 21:10:08,pb2312,pb2312,15305.0,0.0,0.0,0.0,2,15300.0,15355.0,2,15305.0,0.0,0.0,0.0,0.0,0.0,94
2023-05-10 21:10:09,pb2312,pb2312,15305.0,0.0,0.0,0.0,2,15300.0,15355.0,2,15305.0,0.0,0.0,0.0,0.0,0.0,94
2023-05-10 21:10:09,pb2312,pb2312,15305.0,0.0,0.0,0.0,2,15300.0,15355.0,2,15305.0,0.0,0.0,0.0,0.0,0.0,94
2023-05-10 21:10:15,pb2312,pb2312,15305.0,0.0,0.0,0.0,2,15300.0,15355.0,2,15305.0,0.0,0.0,0.0,0.0,0.0,94
2023-05-10 21:10:15,pb2312,pb2312,15305.0,0.0,0.0,0.0,2,15300.0,15355.0,2,15305.0,0.0,0.0,0.0,0.0,0.0,94
2023-05-10 21:10:17,pb2312,pb2312,15305.0,0.0,0.0,0.0,2,15300.0,15355.0,2,15305.0,0.0,0.0,0.0,0.0,0.0,94
2023-05-10 21:10:18,pb2312,pb2312,15305.0,0.0,0.0,0.0,2,15300.0,15355.0,2,15305.0,0.0,0.0,0.0,0.0,0.0,94
2023-05-10 21:10:19,pb2312,pb2312,15305.0,0.0,0.0,0.0,2,15300.0,15355.0,2,15305.0,0.0,0.0,0.0,0.0,0.0,94
2023-05-10 21:10:20,pb2312,pb2312,15305.0,0.0,0.0,0.0,2,15300.0,15355.0,2,15305.0,0.0,0.0,0.0,0.0,0.0,94
2023-05-10 21:10:22,pb2312,pb2312,15305.0,0.0,0.0,0.0,2,15300.0,15355.0,2,15305.0,0.0,0.0,0.0,0.0,0.0,94
2023-05-10 21:10:22,pb2312,pb2312,15305.0,0.0,0.0,0.0,2,15300.0,15355.0,2,15305.0,0.0,0.0,0.0,0.0,0.0,94
2023-05-10 21:10:24,pb2312,pb2312,15305.0,0.0,0.0,0.0,2,15300.0,15355.0,2,15305.0,0.0,0.0,0.0,0.0,0.0,94
2023-05-10 21:10:25,pb2312,pb2312,15305.0,0.0,0.0,0.0,2,15300.0,15355.0,2,15305.0,0.0,0.0,0.0,0.0,0.0,94
2023-05-10 21:10:29,pb2312,pb2312,15305.0,0.0,0.0,0.0,2,15300.0,15355.0,2,15305.0,0.0,0.0,0.0,0.0,0.0,94
2023-05-10 21:10:29,pb2312,pb2312,15305.0,0.0,0.0,0.0,2,15300.0,15355.0,2,15305.0,0.0,0.0,0.0,0.0,0.0,94
2023-05-10 21:10:31,pb2312,pb2312,15305.0,0.0,0.0,0.0,2,15300.0,15355.0,2,15305.0,0.0,0.0,0.0,0.0,0.0,94
2023-05-10 21:10:32,pb2312,pb2312,15305.0,0.0,0.0,0.0,2,15300.0,15355.0,2,15305.0,0.0,0.0,0.0,0.0,0.0,94
2023-05-10 21:10:35,pb2312,pb2312,15305.0,0.0,0.0,0.0,2,15300.0,15355.0,2,15305.0,0.0,0.0,0.0,0.0,0.0,94
2023-05-10 21:10:36,pb2312,pb2312,15305.0,0.0,0.0,0.0,2,15300.0,15355.0,2,15305.0,0.0,0.0,0.0,0.0,0.0,94
2023-05-10 21:10:40,pb2312,pb2312,15305.0,0.0,0.0,0.0,2,15300.0,15355.0,2,15305.0,0.0,0.0,0.0,0.0,0.0,94
2023-05-10 21:10:41,pb2312,pb2312,15305.0,0.0,0.0,0.0,2,15300.0,15355.0,2,15305.0,0.0,0.0,0.0,0.0,0.0,94
2023-05-10 21:10:54,pb2312,pb2312,15305.0,0.0,0.0,0.0,2,15300.0,15355.0,2,15305.0,0.0,0.0,0.0,0.0,0.0,94
2023-05-10 21:10:55,pb2312,pb2312,15305.0,0.0,0.0,0.0,2,15300.0,15355.0,2,15305.0,0.0,0.0,0.0,0.0,0.0,94
2023-05-10 21:10:59,pb2312,pb2312,15305.0,0.0,0.0,0.0,2,15300.0,15355.0,2,15305.0,0.0,0.0,0.0,0.0,0.0,94
2023-05-10 21:11:00,pb2312,pb2312,15305.0,0.0,0.0,0.0,2,15300.0,15355.0,2,15305.0,0.0,0.0,0.0,0.0,0.0,94
2023-05-10 21:11:00,pb2312,pb2312,15305.0,0.0,0.0,0.0,2,15300.0,15355.0,2,15305.0,0.0,0.0,0.0,0.0,0.0,94
2023-05-10 21:11:01,pb2312,pb2312,15305.0,0.0,0.0,0.0,2,15300.0,15355.0,2,15305.0,0.0,0.0,0.0,0.0,0.0,94
2023-05-10 21:11:03,pb2312,pb2312,15305.0,0.0,0.0,0.0,2,15300.0,15355.0,2,15305.0,0.0,0.0,0.0,0.0,0.0,94
2023-05-10 21:11:04,pb2312,pb2312,15305.0,0.0,0.0,0.0,2,15300.0,15355.0,2,15305.0,0.0,0.0,0.0,0.0,0.0,94
2023-05-10 21:11:05,pb2312,pb2312,15305.0,0.0,0.0,0.0,2,15300.0,15355.0,2,15305.0,0.0,0.0,0.0,0.0,0.0,94
2023-05-10 21:11:06,pb2312,pb2312,15305.0,0.0,0.0,0.0,2,15300.0,15355.0,2,15305.0,0.0,0.0,0.0,0.0,0.0,94
2023-05-10 21:11:07,pb2312,pb2312,15305.0,0.0,0.0,0.0,2,15300.0,15355.0,2,15305.0,0.0,0.0,0.0,0.0,0.0,94
2023-05-10 21:11:08,pb2312,pb2312,15305.0,0.0,0.0,0.0,2,15300.0,15355.0,2,15305.0,0.0,0.0,0.0,0.0,0.0,94
2023-05-10 21:11:13,pb2312,pb2312,15305.0,0.0,0.0,0.0,2,15300.0,15395.0,1,15305.0,0.0,0.0,0.0,0.0,0.0,94
2023-05-10 21:11:13,pb2312,pb2312,15305.0,0.0,0.0,0.0,2,15300.0,15390.0,5,15305.0,0.0,0.0,0.0,0.0,0.0,94
2023-05-10 21:11:14,pb2312,pb2312,15305.0,0.0,0.0,0.0,2,15300.0,15390.0,6,15305.0,0.0,0.0,0.0,0.0,0.0,94
2023-05-10 21:11:15,pb2312,pb2312,15305.0,0.0,0.0,0.0,2,15300.0,15390.0,7,15305.0,0.0,0.0,0.0,0.0,0.0,94
2023-05-10 21:11:15,pb2312,pb2312,15305.0,0.0,0.0,0.0,2,15300.0,15390.0,7,15305.0,0.0,0.0,0.0,0.0,0.0,94
2023-05-10 21:11:16,pb2312,pb2312,15305.0,0.0,0.0,0.0,2,15300.0,15390.0,7,15305.0,0.0,0.0,0.0,0.0,0.0,94
2023-05-10 21:11:17,pb2312,pb2312,15305.0,0.0,0.0,0.0,2,15300.0,15385.0,1,15305.0,0.0,0.0,0.0,0.0,0.0,94
2023-05-10 21:11:17,pb2312,pb2312,15305.0,0.0,0.0,0.0,2,15300.0,15380.0,2,15305.0,0.0,0.0,0.0,0.0,0.0,94
2023-05-10 21:11:19,pb2312,pb2312,15305.0,0.0,0.0,0.0,2,15300.0,15380.0,2,15305.0,0.0,0.0,0.0,0.0,0.0,94
2023-05-10 21:11:19,pb2312,pb2312,15305.0,0.0,0.0,0.0,2,15300.0,15380.0,2,15305.0,0.0,0.0,0.0,0.0,0.0,94
2023-05-10 21:11:20,pb2312,pb2312,15305.0,0.0,0.0,0.0,2,15300.0,15380.0,2,15305.0,0.0,0.0,0.0,0.0,0.0,94
2023-05-10 21:11:20,pb2312,pb2312,15305.0,0.0,0.0,0.0,2,15300.0,15380.0,2,15305.0,0.0,0.0,0.0,0.0,0.0,94
2023-05-10 21:11:21,pb2312,pb2312,15305.0,0.0,0.0,0.0,2,15300.0,15380.0,2,15305.0,0.0,0.0,0.0,0.0,0.0,94
2023-05-10 21:11:22,pb2312,pb2312,15305.0,0.0,0.0,0.0,2,15300.0,15375.0,1,15305.0,0.0,0.0,0.0,0.0,0.0,94
2023-05-10 21:11:22,pb2312,pb2312,15305.0,0.0,0.0,0.0,2,15300.0,15370.0,1,15305.0,0.0,0.0,0.0,0.0,0.0,94
2023-05-10 21:11:23,pb2312,pb2312,15305.0,0.0,0.0,0.0,2,15300.0,15370.0,1,15305.0,0.0,0.0,0.0,0.0,0.0,94
2023-05-10 21:11:23,pb2312,pb2312,15305.0,0.0,0.0,0.0,2,15300.0,15370.0,1,15305.0,0.0,0.0,0.0,0.0,0.0,94
2023-05-10 21:11:28,pb2312,pb2312,15305.0,0.0,0.0,0.0,2,15300.0,15370.0,1,15305.0,0.0,0.0,0.0,0.0,0.0,94
2023-05-10 21:11:29,pb2312,pb2312,15305.0,0.0,0.0,0.0,3,15300.0,15370.0,3,15305.0,0.0,0.0,0.0,0.0,0.0,94
2023-05-10 21:11:31,pb2312,pb2312,15305.0,0.0,0.0,0.0,3,15300.0,15370.0,3,15305.0,0.0,0.0,0.0,0.0,0.0,94
2023-05-10 21:11:31,pb2312,pb2312,15305.0,0.0,0.0,0.0,3,15300.0,15370.0,3,15305.0,0.0,0.0,0.0,0.0,0.0,94
2023-05-10 21:11:36,pb2312,pb2312,15305.0,0.0,0.0,0.0,3,15300.0,15370.0,3,15305.0,0.0,0.0,0.0,0.0,0.0,94
2023-05-10 21:11:37,pb2312,pb2312,15305.0,0.0,0.0,0.0,3,15300.0,15370.0,3,15305.0,0.0,0.0,0.0,0.0,0.0,94
2023-05-10 21:11:39,pb2312,pb2312,15305.0,0.0,0.0,0.0,3,15300.0,15370.0,3,15305.0,0.0,0.0,0.0,0.0,0.0,94
2023-05-10 21:11:40,pb2312,pb2312,15305.0,0.0,0.0,0.0,3,15300.0,15370.0,3,15305.0,0.0,0.0,0.0,0.0,0.0,94
2023-05-10 21:11:52,pb2312,pb2312,15305.0,0.0,0.0,0.0,3,15300.0,15370.0,3,15305.0,0.0,0.0,0.0,0.0,0.0,94
2023-05-10 21:11:53,pb2312,pb2312,15305.0,0.0,0.0,0.0,3,15300.0,15370.0,3,15305.0,0.0,0.0,0.0,0.0,0.0,94
2023-05-10 21:11:54,pb2312,pb2312,15305.0,0.0,0.0,0.0,3,15300.0,15365.0,2,15305.0,0.0,0.0,0.0,0.0,0.0,94
2023-05-10 21:11:55,pb2312,pb2312,15305.0,0.0,0.0,0.0,3,15300.0,15365.0,2,15305.0,0.0,0.0,0.0,0.0,0.0,94
2023-05-10 21:11:55,pb2312,pb2312,15305.0,0.0,0.0,0.0,3,15300.0,15365.0,2,15305.0,0.0,0.0,0.0,0.0,0.0,94
2023-05-10 21:11:56,pb2312,pb2312,15305.0,0.0,0.0,0.0,3,15300.0,15365.0,2,15305.0,0.0,0.0,0.0,0.0,0.0,94
2023-05-10 21:12:11,pb2312,pb2312,15305.0,0.0,0.0,0.0,3,15300.0,15365.0,2,15305.0,0.0,0.0,0.0,0.0,0.0,94
2023-05-10 21:12:11,pb2312,pb2312,15305.0,0.0,0.0,0.0,3,15300.0,15365.0,2,15305.0,0.0,0.0,0.0,0.0,0.0,94
2023-05-10 21:12:14,pb2312,pb2312,15305.0,0.0,0.0,0.0,3,15300.0,15365.0,2,15305.0,0.0,0.0,0.0,0.0,0.0,94
2023-05-10 21:12:14,pb2312,pb2312,15305.0,0.0,0.0,0.0,3,15300.0,15365.0,2,15305.0,0.0,0.0,0.0,0.0,0.0,94
2023-05-10 21:12:15,pb2312,pb2312,15305.0,0.0,0.0,0.0,3,15300.0,15365.0,2,15305.0,0.0,0.0,0.0,0.0,0.0,94
2023-05-10 21:12:15,pb2312,pb2312,15305.0,0.0,0.0,0.0,3,15300.0,15365.0,2,15305.0,0.0,0.0,0.0,0.0,0.0,94
2023-05-10 21:12:23,pb2312,pb2312,15305.0,0.0,0.0,0.0,3,15300.0,15365.0,2,15305.0,0.0,0.0,0.0,0.0,0.0,94
2023-05-10 21:12:23,pb2312,pb2312,15305.0,0.0,0.0,0.0,3,15300.0,15365.0,2,15305.0,0.0,0.0,0.0,0.0,0.0,94
2023-05-10 21:12:25,pb2312,pb2312,15305.0,0.0,0.0,0.0,3,15300.0,15365.0,2,15305.0,0.0,0.0,0.0,0.0,0.0,94
2023-05-10 21:12:26,pb2312,pb2312,15305.0,0.0,0.0,0.0,3,15300.0,15365.0,2,15305.0,0.0,0.0,0.0,0.0,0.0,94
2023-05-10 21:12:28,pb2312,pb2312,15305.0,0.0,0.0,0.0,3,15300.0,15365.0,2,15305.0,0.0,0.0,0.0,0.0,0.0,94
2023-05-10 21:12:29,pb2312,pb2312,15305.0,0.0,0.0,0.0,3,15300.0,15365.0,2,15305.0,0.0,0.0,0.0,0.0,0.0,94
2023-05-10 21:12:29,pb2312,pb2312,15305.0,0.0,0.0,0.0,3,15300.0,15365.0,2,15305.0,0.0,0.0,0.0,0.0,0.0,94
2023-05-10 21:12:30,pb2312,pb2312,15305.0,0.0,0.0,0.0,3,15300.0,15365.0,2,15305.0,0.0,0.0,0.0,0.0,0.0,94
2023-05-10 21:12:34,pb2312,pb2312,15305.0,0.0,0.0,0.0,3,15300.0,15365.0,2,15305.0,0.0,0.0,0.0,0.0,0.0,94
2023-05-10 21:12:34,pb2312,pb2312,15305.0,0.0,0.0,0.0,3,15300.0,15365.0,2,15305.0,0.0,0.0,0.0,0.0,0.0,94
2023-05-10 21:12:36,pb2312,pb2312,15305.0,0.0,0.0,0.0,3,15300.0,15365.0,2,15305.0,0.0,0.0,0.0,0.0,0.0,94
2023-05-10 21:12:36,pb2312,pb2312,15305.0,0.0,0.0,0.0,3,15300.0,15365.0,2,15305.0,0.0,0.0,0.0,0.0,0.0,94
2023-05-10 21:12:46,pb2312,pb2312,15305.0,0.0,0.0,0.0,3,15300.0,15365.0,2,15305.0,0.0,0.0,0.0,0.0,0.0,94
2023-05-10 21:12:47,pb2312,pb2312,15305.0,0.0,0.0,0.0,3,15300.0,15365.0,2,15305.0,0.0,0.0,0.0,0.0,0.0,94
2023-05-10 21:12:52,pb2312,pb2312,15305.0,0.0,0.0,0.0,3,15300.0,15360.0,1,15305.0,0.0,0.0,0.0,0.0,0.0,94
2023-05-10 21:12:54,pb2312,pb2312,15305.0,0.0,0.0,0.0,3,15300.0,15360.0,1,15305.0,0.0,0.0,0.0,0.0,0.0,94
2023-05-10 21:12:55,pb2312,pb2312,15305.0,0.0,0.0,0.0,3,15300.0,15360.0,1,15305.0,0.0,0.0,0.0,0.0,0.0,94
2023-05-10 21:12:56,pb2312,pb2312,15305.0,0.0,0.0,0.0,3,15300.0,15365.0,2,15305.0,0.0,0.0,0.0,0.0,0.0,94
2023-05-10 21:12:56,pb2312,pb2312,15305.0,0.0,0.0,0.0,3,15300.0,15365.0,2,15305.0,0.0,0.0,0.0,0.0,0.0,94
2023-05-10 21:13:10,pb2312,pb2312,15305.0,0.0,0.0,0.0,3,15300.0,15365.0,2,15305.0,0.0,0.0,0.0,0.0,0.0,94
2023-05-10 21:13:10,pb2312,pb2312,15305.0,0.0,0.0,0.0,3,15300.0,15365.0,2,15305.0,0.0,0.0,0.0,0.0,0.0,94
2023-05-10 21:13:11,pb2312,pb2312,15305.0,0.0,0.0,0.0,3,15300.0,15365.0,2,15305.0,0.0,0.0,0.0,0.0,0.0,94
2023-05-10 21:13:12,pb2312,pb2312,15305.0,0.0,0.0,0.0,3,15300.0,15365.0,2,15305.0,0.0,0.0,0.0,0.0,0.0,94
2023-05-10 21:13:15,pb2312,pb2312,15305.0,0.0,0.0,0.0,3,15300.0,15365.0,2,15305.0,0.0,0.0,0.0,0.0,0.0,94
2023-05-10 21:13:16,pb2312,pb2312,15305.0,0.0,0.0,0.0,3,15300.0,15365.0,2,15305.0,0.0,0.0,0.0,0.0,0.0,94
2023-05-10 21:13:18,pb2312,pb2312,15305.0,0.0,0.0,0.0,3,15300.0,15365.0,2,15305.0,0.0,0.0,0.0,0.0,0.0,94
2023-05-10 21:13:18,pb2312,pb2312,15305.0,0.0,0.0,0.0,3,15300.0,15365.0,2,15305.0,0.0,0.0,0.0,0.0,0.0,94
2023-05-10 21:13:19,pb2312,pb2312,15305.0,0.0,0.0,0.0,3,15300.0,15365.0,2,15305.0,0.0,0.0,0.0,0.0,0.0,94
2023-05-10 21:13:20,pb2312,pb2312,15305.0,0.0,0.0,0.0,3,15300.0,15365.0,2,15305.0,0.0,0.0,0.0,0.0,0.0,94
2023-05-10 21:13:21,pb2312,pb2312,15305.0,0.0,0.0,0.0,3,15300.0,15365.0,2,15305.0,0.0,0.0,0.0,0.0,0.0,94
2023-05-10 21:13:21,pb2312,pb2312,15305.0,0.0,0.0,0.0,3,15300.0,15365.0,2,15305.0,0.0,0.0,0.0,0.0,0.0,94
2023-05-10 21:13:23,pb2312,pb2312,15305.0,0.0,0.0,0.0,3,15300.0,15365.0,2,15305.0,0.0,0.0,0.0,0.0,0.0,94
2023-05-10 21:13:23,pb2312,pb2312,15305.0,0.0,0.0,0.0,3,15300.0,15365.0,2,15305.0,0.0,0.0,0.0,0.0,0.0,94
2023-05-10 21:13:39,pb2312,pb2312,15305.0,0.0,0.0,0.0,3,15300.0,15365.0,2,15305.0,0.0,0.0,0.0,0.0,0.0,94
2023-05-10 21:13:40,pb2312,pb2312,15305.0,0.0,0.0,0.0,3,15300.0,15365.0,2,15305.0,0.0,0.0,0.0,0.0,0.0,94
2023-05-10 21:13:41,pb2312,pb2312,15305.0,0.0,0.0,0.0,3,15300.0,15365.0,2,15305.0,0.0,0.0,0.0,0.0,0.0,94
2023-05-10 21:13:42,pb2312,pb2312,15305.0,0.0,0.0,0.0,3,15300.0,15365.0,2,15305.0,0.0,0.0,0.0,0.0,0.0,94
2023-05-10 21:13:47,pb2312,pb2312,15305.0,0.0,0.0,0.0,3,15300.0,15365.0,2,15305.0,0.0,0.0,0.0,0.0,0.0,94
2023-05-10 21:13:47,pb2312,pb2312,15305.0,0.0,0.0,0.0,3,15300.0,15365.0,2,15305.0,0.0,0.0,0.0,0.0,0.0,94
2023-05-10 21:13:49,pb2312,pb2312,15305.0,0.0,0.0,0.0,3,15300.0,15365.0,2,15305.0,0.0,0.0,0.0,0.0,0.0,94
2023-05-10 21:13:49,pb2312,pb2312,15305.0,0.0,0.0,0.0,3,15300.0,15365.0,2,15305.0,0.0,0.0,0.0,0.0,0.0,94
2023-05-10 21:13:52,pb2312,pb2312,15305.0,0.0,0.0,0.0,3,15300.0,15365.0,2,15305.0,0.0,0.0,0.0,0.0,0.0,94
2023-05-10 21:13:52,pb2312,pb2312,15305.0,0.0,0.0,0.0,3,15300.0,15365.0,2,15305.0,0.0,0.0,0.0,0.0,0.0,94
2023-05-10 21:13:56,pb2312,pb2312,15305.0,0.0,0.0,0.0,3,15300.0,15365.0,2,15305.0,0.0,0.0,0.0,0.0,0.0,94
2023-05-10 21:13:57,pb2312,pb2312,15305.0,0.0,0.0,0.0,3,15300.0,15365.0,2,15305.0,0.0,0.0,0.0,0.0,0.0,94
2023-05-10 21:13:58,pb2312,pb2312,15305.0,0.0,0.0,0.0,3,15300.0,15365.0,2,15305.0,0.0,0.0,0.0,0.0,0.0,94
2023-05-10 21:13:59,pb2312,pb2312,15305.0,0.0,0.0,0.0,3,15300.0,15365.0,2,15305.0,0.0,0.0,0.0,0.0,0.0,94
2023-05-10 21:14:02,pb2312,pb2312,15305.0,0.0,0.0,0.0,1,15305.0,15365.0,2,15305.0,0.0,0.0,0.0,0.0,0.0,94
2023-05-10 21:14:03,pb2312,pb2312,15305.0,0.0,0.0,0.0,2,15300.0,15365.0,2,15305.0,0.0,0.0,0.0,0.0,0.0,94
2023-05-10 21:14:12,pb2312,pb2312,15305.0,0.0,0.0,0.0,2,15300.0,15365.0,2,15305.0,0.0,0.0,0.0,0.0,0.0,94
2023-05-10 21:14:13,pb2312,pb2312,15305.0,0.0,0.0,0.0,3,15300.0,15365.0,2,15305.0,0.0,0.0,0.0,0.0,0.0,94
2023-05-10 21:14:13,pb2312,pb2312,15305.0,0.0,0.0,0.0,3,15300.0,15365.0,2,15305.0,0.0,0.0,0.0,0.0,0.0,94
2023-05-10 21:14:17,pb2312,pb2312,15305.0,0.0,0.0,0.0,3,15300.0,15365.0,2,15305.0,0.0,0.0,0.0,0.0,0.0,94
2023-05-10 21:14:18,pb2312,pb2312,15305.0,0.0,0.0,0.0,3,15300.0,15365.0,2,15305.0,0.0,0.0,0.0,0.0,0.0,94
2023-05-10 21:14:21,pb2312,pb2312,15305.0,0.0,0.0,0.0,3,15300.0,15365.0,2,15305.0,0.0,0.0,0.0,0.0,0.0,94
2023-05-10 21:14:22,pb2312,pb2312,15305.0,0.0,0.0,0.0,3,15300.0,15365.0,2,15305.0,0.0,0.0,0.0,0.0,0.0,94
2023-05-10 21:14:22,pb2312,pb2312,15305.0,0.0,0.0,0.0,3,15300.0,15365.0,2,15305.0,0.0,0.0,0.0,0.0,0.0,94
2023-05-10 21:14:23,pb2312,pb2312,15305.0,0.0,0.0,0.0,3,15300.0,15365.0,2,15305.0,0.0,0.0,0.0,0.0,0.0,94
2023-05-10 21:14:24,pb2312,pb2312,15305.0,0.0,0.0,0.0,3,15300.0,15365.0,2,15305.0,0.0,0.0,0.0,0.0,0.0,94
2023-05-10 21:14:25,pb2312,pb2312,15305.0,0.0,0.0,0.0,3,15300.0,15365.0,2,15305.0,0.0,0.0,0.0,0.0,0.0,94
2023-05-10 21:14:26,pb2312,pb2312,15305.0,0.0,0.0,0.0,3,15300.0,15365.0,2,15305.0,0.0,0.0,0.0,0.0,0.0,94
2023-05-10 21:14:26,pb2312,pb2312,15305.0,0.0,0.0,0.0,3,15300.0,15365.0,2,15305.0,0.0,0.0,0.0,0.0,0.0,94
2023-05-10 21:14:32,pb2312,pb2312,15305.0,0.0,0.0,0.0,3,15300.0,15365.0,2,15305.0,0.0,0.0,0.0,0.0,0.0,94
2023-05-10 21:14:33,pb2312,pb2312,15305.0,0.0,0.0,0.0,3,15300.0,15365.0,2,15305.0,0.0,0.0,0.0,0.0,0.0,94
2023-05-10 21:14:34,pb2312,pb2312,15305.0,0.0,0.0,0.0,3,15300.0,15365.0,2,15305.0,0.0,0.0,0.0,0.0,0.0,94
2023-05-10 21:14:35,pb2312,pb2312,15305.0,0.0,0.0,0.0,3,15300.0,15365.0,2,15305.0,0.0,0.0,0.0,0.0,0.0,94
2023-05-10 21:14:36,pb2312,pb2312,15305.0,0.0,0.0,0.0,3,15300.0,15365.0,2,15305.0,0.0,0.0,0.0,0.0,0.0,94
2023-05-10 21:14:36,pb2312,pb2312,15305.0,0.0,0.0,0.0,3,15300.0,15365.0,2,15305.0,0.0,0.0,0.0,0.0,0.0,94
2023-05-10 21:14:40,pb2312,pb2312,15305.0,0.0,0.0,0.0,3,15300.0,15365.0,2,15305.0,0.0,0.0,0.0,0.0,0.0,94
2023-05-10 21:14:41,pb2312,pb2312,15305.0,0.0,0.0,0.0,3,15300.0,15365.0,2,15305.0,0.0,0.0,0.0,0.0,0.0,94
2023-05-10 21:14:44,pb2312,pb2312,15305.0,0.0,0.0,0.0,3,15300.0,15365.0,2,15305.0,0.0,0.0,0.0,0.0,0.0,94
2023-05-10 21:14:44,pb2312,pb2312,15305.0,0.0,0.0,0.0,3,15300.0,15365.0,2,15305.0,0.0,0.0,0.0,0.0,0.0,94
2023-05-10 21:14:48,pb2312,pb2312,15305.0,0.0,0.0,0.0,3,15300.0,15365.0,2,15305.0,0.0,0.0,0.0,0.0,0.0,94
2023-05-10 21:14:49,pb2312,pb2312,15305.0,0.0,0.0,0.0,3,15300.0,15365.0,2,15305.0,0.0,0.0,0.0,0.0,0.0,94
2023-05-10 21:14:50,pb2312,pb2312,15305.0,0.0,0.0,0.0,3,15300.0,15365.0,2,15305.0,0.0,0.0,0.0,0.0,0.0,94
2023-05-10 21:14:50,pb2312,pb2312,15305.0,0.0,0.0,0.0,3,15300.0,15365.0,2,15305.0,0.0,0.0,0.0,0.0,0.0,94
2023-05-10 21:14:55,pb2312,pb2312,15305.0,0.0,0.0,0.0,3,15300.0,15365.0,2,15305.0,0.0,0.0,0.0,0.0,0.0,94
2023-05-10 21:14:56,pb2312,pb2312,15305.0,0.0,0.0,0.0,3,15300.0,15365.0,2,15305.0,0.0,0.0,0.0,0.0,0.0,94
2023-05-10 21:14:58,pb2312,pb2312,15305.0,0.0,0.0,0.0,3,15300.0,15365.0,2,15305.0,0.0,0.0,0.0,0.0,0.0,94
2023-05-10 21:14:58,pb2312,pb2312,15305.0,0.0,0.0,0.0,3,15300.0,15365.0,2,15305.0,0.0,0.0,0.0,0.0,0.0,94
2023-05-10 21:15:00,pb2312,pb2312,15305.0,0.0,0.0,0.0,3,15300.0,15365.0,2,15305.0,0.0,0.0,0.0,0.0,0.0,94
2023-05-10 21:15:00,pb2312,pb2312,15305.0,0.0,0.0,0.0,3,15300.0,15365.0,2,15305.0,0.0,0.0,0.0,0.0,0.0,94
2023-05-10 21:15:05,pb2312,pb2312,15305.0,0.0,0.0,0.0,3,15300.0,15365.0,2,15305.0,0.0,0.0,0.0,0.0,0.0,94
2023-05-10 21:15:05,pb2312,pb2312,15305.0,0.0,0.0,0.0,3,15300.0,15365.0,2,15305.0,0.0,0.0,0.0,0.0,0.0,94
2023-05-10 21:15:15,pb2312,pb2312,15305.0,0.0,0.0,0.0,3,15300.0,15365.0,2,15305.0,0.0,0.0,0.0,0.0,0.0,94
2023-05-10 21:15:15,pb2312,pb2312,15305.0,0.0,0.0,0.0,3,15300.0,15365.0,2,15305.0,0.0,0.0,0.0,0.0,0.0,94
2023-05-10 21:15:22,pb2312,pb2312,15305.0,0.0,0.0,0.0,3,15300.0,15365.0,2,15305.0,0.0,0.0,0.0,0.0,0.0,94
2023-05-10 21:15:22,pb2312,pb2312,15305.0,0.0,0.0,0.0,3,15300.0,15365.0,2,15305.0,0.0,0.0,0.0,0.0,0.0,94
2023-05-10 21:16:39,pb2312,pb2312,15305.0,0.0,0.0,0.0,3,15300.0,15365.0,2,15305.0,0.0,0.0,0.0,0.0,0.0,94
2023-05-10 21:16:40,pb2312,pb2312,15305.0,0.0,0.0,0.0,3,15300.0,15365.0,2,15305.0,0.0,0.0,0.0,0.0,0.0,94
2023-05-10 21:16:52,pb2312,pb2312,15305.0,0.0,0.0,0.0,3,15300.0,15390.0,1,15305.0,0.0,0.0,0.0,0.0,0.0,94
2023-05-10 21:16:53,pb2312,pb2312,15305.0,0.0,0.0,0.0,3,15300.0,15385.0,2,15305.0,0.0,0.0,0.0,0.0,0.0,94
2023-05-10 21:16:53,pb2312,pb2312,15305.0,0.0,0.0,0.0,3,15300.0,15385.0,3,15305.0,0.0,0.0,0.0,0.0,0.0,94
2023-05-10 21:16:59,pb2312,pb2312,15305.0,0.0,0.0,0.0,3,15300.0,15380.0,2,15305.0,0.0,0.0,0.0,0.0,0.0,94
2023-05-10 21:16:59,pb2312,pb2312,15305.0,0.0,0.0,0.0,3,15300.0,15375.0,1,15305.0,0.0,0.0,0.0,0.0,0.0,94
2023-05-10 21:17:00,pb2312,pb2312,15305.0,0.0,0.0,0.0,3,15300.0,15375.0,1,15305.0,0.0,0.0,0.0,0.0,0.0,94
2023-05-10 21:17:01,pb2312,pb2312,15305.0,0.0,0.0,0.0,3,15300.0,15370.0,1,15305.0,0.0,0.0,0.0,0.0,0.0,94
2023-05-10 21:17:02,pb2312,pb2312,15305.0,0.0,0.0,0.0,3,15300.0,15365.0,1,15305.0,0.0,0.0,0.0,0.0,0.0,94
2023-05-10 21:17:12,pb2312,pb2312,15305.0,0.0,0.0,0.0,1,15305.0,15365.0,1,15305.0,0.0,0.0,0.0,0.0,0.0,94
2023-05-10 21:17:13,pb2312,pb2312,15305.0,0.0,0.0,0.0,1,15305.0,15365.0,1,15305.0,0.0,0.0,0.0,0.0,0.0,94
2023-05-10 21:17:37,pb2312,pb2312,15305.0,0.0,0.0,0.0,1,15305.0,15365.0,1,15305.0,0.0,0.0,0.0,0.0,0.0,94
2023-05-10 21:17:42,pb2312,pb2312,15305.0,0.0,0.0,0.0,1,15305.0,15360.0,2,15305.0,0.0,0.0,0.0,0.0,0.0,94
2023-05-10 21:17:43,pb2312,pb2312,15305.0,0.0,0.0,0.0,1,15305.0,15360.0,2,15305.0,0.0,0.0,0.0,0.0,0.0,94
2023-05-10 21:17:43,pb2312,pb2312,15305.0,0.0,0.0,0.0,1,15305.0,15360.0,2,15305.0,0.0,0.0,0.0,0.0,0.0,94
2023-05-10 21:18:41,pb2312,pb2312,15305.0,0.0,0.0,0.0,2,15300.0,15360.0,2,15305.0,0.0,0.0,0.0,0.0,0.0,94
2023-05-10 21:18:54,pb2312,pb2312,15305.0,0.0,0.0,0.0,1,15305.0,15360.0,2,15305.0,0.0,0.0,0.0,0.0,0.0,94
2023-05-10 21:20:23,pb2312,pb2312,15305.0,0.0,0.0,0.0,2,15300.0,15360.0,2,15305.0,0.0,0.0,0.0,0.0,0.0,94
2023-05-10 21:21:25,pb2312,pb2312,15305.0,0.0,0.0,0.0,2,15300.0,15360.0,2,15305.0,0.0,0.0,0.0,0.0,0.0,94
2023-05-10 21:21:26,pb2312,pb2312,15305.0,0.0,0.0,0.0,2,15300.0,15360.0,2,15305.0,0.0,0.0,0.0,0.0,0.0,94
2023-05-10 21:22:40,pb2312,pb2312,15305.0,0.0,0.0,0.0,2,15300.0,15385.0,1,15305.0,0.0,0.0,0.0,0.0,0.0,94
2023-05-10 21:22:41,pb2312,pb2312,15305.0,0.0,0.0,0.0,2,15300.0,15380.0,2,15305.0,0.0,0.0,0.0,0.0,0.0,94
2023-05-10 21:22:44,pb2312,pb2312,15305.0,0.0,0.0,0.0,2,15300.0,15375.0,2,15305.0,0.0,0.0,0.0,0.0,0.0,94
2023-05-10 21:22:45,pb2312,pb2312,15305.0,0.0,0.0,0.0,2,15300.0,15370.0,1,15305.0,0.0,0.0,0.0,0.0,0.0,94
2023-05-10 21:22:45,pb2312,pb2312,15305.0,0.0,0.0,0.0,2,15300.0,15370.0,2,15305.0,0.0,0.0,0.0,0.0,0.0,94
2023-05-10 21:22:49,pb2312,pb2312,15305.0,0.0,0.0,0.0,2,15300.0,15370.0,2,15305.0,0.0,0.0,0.0,0.0,0.0,94
2023-05-10 21:22:49,pb2312,pb2312,15305.0,0.0,0.0,0.0,2,15300.0,15370.0,2,15305.0,0.0,0.0,0.0,0.0,0.0,94
2023-05-10 21:23:22,pb2312,pb2312,15305.0,0.0,0.0,0.0,2,15300.0,15370.0,2,15305.0,0.0,0.0,0.0,0.0,0.0,94
2023-05-10 21:23:27,pb2312,pb2312,15305.0,0.0,0.0,0.0,2,15300.0,15365.0,2,15305.0,0.0,0.0,0.0,0.0,0.0,94
2023-05-10 21:23:28,pb2312,pb2312,15305.0,0.0,0.0,0.0,2,15300.0,15365.0,2,15305.0,0.0,0.0,0.0,0.0,0.0,94
2023-05-10 21:23:41,pb2312,pb2312,15305.0,0.0,0.0,0.0,2,15300.0,15365.0,2,15305.0,0.0,0.0,0.0,0.0,0.0,94
2023-05-10 21:23:41,pb2312,pb2312,15305.0,0.0,0.0,0.0,2,15300.0,15365.0,2,15305.0,0.0,0.0,0.0,0.0,0.0,94
2023-05-10 21:24:39,pb2312,pb2312,15305.0,0.0,0.0,0.0,2,15300.0,15365.0,2,15305.0,0.0,0.0,0.0,0.0,0.0,94
2023-05-10 21:24:40,pb2312,pb2312,15305.0,0.0,0.0,0.0,2,15300.0,15365.0,2,15305.0,0.0,0.0,0.0,0.0,0.0,94
2023-05-10 21:24:59,pb2312,pb2312,15305.0,0.0,0.0,0.0,2,15300.0,15365.0,2,15305.0,0.0,0.0,0.0,0.0,0.0,94
2023-05-10 21:25:00,pb2312,pb2312,15305.0,0.0,0.0,0.0,2,15300.0,15365.0,2,15305.0,0.0,0.0,0.0,0.0,0.0,94
2023-05-10 21:26:04,pb2312,pb2312,15305.0,0.0,0.0,0.0,2,15300.0,15365.0,2,15305.0,0.0,0.0,0.0,0.0,0.0,94
2023-05-10 21:26:04,pb2312,pb2312,15305.0,0.0,0.0,0.0,2,15300.0,15365.0,2,15305.0,0.0,0.0,0.0,0.0,0.0,94
2023-05-10 21:26:05,pb2312,pb2312,15305.0,0.0,0.0,0.0,1,15305.0,15365.0,2,15305.0,0.0,0.0,0.0,0.0,0.0,94
2023-05-10 21:26:05,pb2312,pb2312,15305.0,0.0,0.0,0.0,2,15300.0,15365.0,2,15305.0,0.0,0.0,0.0,0.0,0.0,94
2023-05-10 21:27:07,pb2312,pb2312,15305.0,0.0,0.0,0.0,2,15300.0,15365.0,2,15305.0,0.0,0.0,0.0,0.0,0.0,94
2023-05-10 21:27:07,pb2312,pb2312,15305.0,0.0,0.0,0.0,2,15300.0,15365.0,2,15305.0,0.0,0.0,0.0,0.0,0.0,94
2023-05-10 21:28:08,pb2312,pb2312,15305.0,0.0,0.0,0.0,2,15300.0,15365.0,2,15305.0,0.0,0.0,0.0,0.0,0.0,94
2023-05-10 21:28:08,pb2312,pb2312,15305.0,0.0,0.0,0.0,2,15300.0,15365.0,2,15305.0,0.0,0.0,0.0,0.0,0.0,94
2023-05-10 21:28:14,pb2312,pb2312,15305.0,0.0,0.0,0.0,2,15300.0,15365.0,2,15305.0,0.0,0.0,0.0,0.0,0.0,94
2023-05-10 21:28:14,pb2312,pb2312,15305.0,0.0,0.0,0.0,2,15300.0,15365.0,2,15305.0,0.0,0.0,0.0,0.0,0.0,94
2023-05-10 21:28:26,pb2312,pb2312,15305.0,0.0,0.0,0.0,2,15300.0,15380.0,1,15305.0,0.0,0.0,0.0,0.0,0.0,94
2023-05-10 21:28:27,pb2312,pb2312,15305.0,0.0,0.0,0.0,2,15300.0,15375.0,1,15305.0,0.0,0.0,0.0,0.0,0.0,94
2023-05-10 21:28:27,pb2312,pb2312,15305.0,0.0,0.0,0.0,2,15300.0,15375.0,1,15305.0,0.0,0.0,0.0,0.0,0.0,94
2023-05-10 21:28:31,pb2312,pb2312,15305.0,0.0,0.0,0.0,2,15300.0,15370.0,2,15305.0,0.0,0.0,0.0,0.0,0.0,94
2023-05-10 21:28:32,pb2312,pb2312,15305.0,0.0,0.0,0.0,2,15300.0,15365.0,1,15305.0,0.0,0.0,0.0,0.0,0.0,94
2023-05-10 21:28:32,pb2312,pb2312,15305.0,0.0,0.0,0.0,2,15300.0,15365.0,1,15305.0,0.0,0.0,0.0,0.0,0.0,94
2023-05-10 21:28:39,pb2312,pb2312,15305.0,0.0,0.0,0.0,2,15300.0,15365.0,1,15305.0,0.0,0.0,0.0,0.0,0.0,94
2023-05-10 21:28:39,pb2312,pb2312,15305.0,0.0,0.0,0.0,2,15300.0,15365.0,1,15305.0,0.0,0.0,0.0,0.0,0.0,94
2023-05-10 21:29:03,pb2312,pb2312,15305.0,0.0,0.0,0.0,2,15300.0,15365.0,1,15305.0,0.0,0.0,0.0,0.0,0.0,94
2023-05-10 21:29:04,pb2312,pb2312,15305.0,0.0,0.0,0.0,2,15300.0,15365.0,1,15305.0,0.0,0.0,0.0,0.0,0.0,94
2023-05-10 21:29:04,pb2312,pb2312,15305.0,0.0,0.0,0.0,2,15300.0,15365.0,1,15305.0,0.0,0.0,0.0,0.0,0.0,94
2023-05-10 21:29:05,pb2312,pb2312,15305.0,0.0,0.0,0.0,2,15300.0,15365.0,1,15305.0,0.0,0.0,0.0,0.0,0.0,94
2023-05-10 21:29:10,pb2312,pb2312,15305.0,0.0,0.0,0.0,2,15300.0,15365.0,1,15305.0,0.0,0.0,0.0,0.0,0.0,94
2023-05-10 21:29:16,pb2312,pb2312,15305.0,0.0,0.0,0.0,2,15300.0,15360.0,2,15305.0,0.0,0.0,0.0,0.0,0.0,94
2023-05-10 21:29:16,pb2312,pb2312,15305.0,0.0,0.0,0.0,2,15300.0,15360.0,2,15305.0,0.0,0.0,0.0,0.0,0.0,94
2023-05-10 21:29:26,pb2312,pb2312,15305.0,0.0,0.0,0.0,2,15300.0,15360.0,2,15305.0,0.0,0.0,0.0,0.0,0.0,94
2023-05-10 21:29:27,pb2312,pb2312,15305.0,0.0,0.0,0.0,2,15300.0,15360.0,2,15305.0,0.0,0.0,0.0,0.0,0.0,94
2023-05-10 21:29:34,pb2312,pb2312,15305.0,0.0,0.0,0.0,2,15300.0,15360.0,2,15305.0,0.0,0.0,0.0,0.0,0.0,94
2023-05-10 21:29:35,pb2312,pb2312,15305.0,0.0,0.0,0.0,2,15300.0,15360.0,2,15305.0,0.0,0.0,0.0,0.0,0.0,94
2023-05-10 21:29:38,pb2312,pb2312,15305.0,0.0,0.0,0.0,2,15300.0,15360.0,2,15305.0,0.0,0.0,0.0,0.0,0.0,94
2023-05-10 21:29:39,pb2312,pb2312,15305.0,0.0,0.0,0.0,2,15300.0,15360.0,2,15305.0,0.0,0.0,0.0,0.0,0.0,94
2023-05-10 21:30:02,pb2312,pb2312,15305.0,0.0,0.0,0.0,2,15300.0,15360.0,2,15305.0,0.0,0.0,0.0,0.0,0.0,94
2023-05-10 21:30:02,pb2312,pb2312,15305.0,0.0,0.0,0.0,2,15300.0,15360.0,2,15305.0,0.0,0.0,0.0,0.0,0.0,94
2023-05-10 21:31:18,pb2312,pb2312,15305.0,0.0,0.0,0.0,2,15300.0,15360.0,2,15305.0,0.0,0.0,0.0,0.0,0.0,94
2023-05-10 21:31:27,pb2312,pb2312,15305.0,0.0,0.0,0.0,2,15300.0,15360.0,2,15305.0,0.0,0.0,0.0,0.0,0.0,94
2023-05-10 21:31:27,pb2312,pb2312,15305.0,0.0,0.0,0.0,2,15300.0,15360.0,2,15305.0,0.0,0.0,0.0,0.0,0.0,94
2023-05-10 21:31:57,pb2312,pb2312,15305.0,0.0,0.0,0.0,2,15300.0,15360.0,2,15305.0,0.0,0.0,0.0,0.0,0.0,94
2023-05-10 21:31:57,pb2312,pb2312,15305.0,0.0,0.0,0.0,2,15300.0,15360.0,2,15305.0,0.0,0.0,0.0,0.0,0.0,94
2023-05-10 21:32:39,pb2312,pb2312,15305.0,0.0,0.0,0.0,2,15300.0,15360.0,2,15305.0,0.0,0.0,0.0,0.0,0.0,94
2023-05-10 21:32:40,pb2312,pb2312,15305.0,0.0,0.0,0.0,2,15300.0,15360.0,2,15305.0,0.0,0.0,0.0,0.0,0.0,94
2023-05-10 21:32:47,pb2312,pb2312,15305.0,0.0,0.0,0.0,2,15300.0,15360.0,2,15305.0,0.0,0.0,0.0,0.0,0.0,94
2023-05-10 21:32:47,pb2312,pb2312,15305.0,0.0,0.0,0.0,2,15300.0,15360.0,2,15305.0,0.0,0.0,0.0,0.0,0.0,94
2023-05-10 21:33:56,pb2312,pb2312,15305.0,0.0,0.0,0.0,2,15300.0,15360.0,2,15305.0,0.0,0.0,0.0,0.0,0.0,94
2023-05-10 21:33:57,pb2312,pb2312,15305.0,0.0,0.0,0.0,2,15300.0,15360.0,2,15305.0,0.0,0.0,0.0,0.0,0.0,94
2023-05-10 21:34:14,pb2312,pb2312,15305.0,0.0,0.0,0.0,2,15300.0,15380.0,1,15305.0,0.0,0.0,0.0,0.0,0.0,94
2023-05-10 21:34:15,pb2312,pb2312,15305.0,0.0,0.0,0.0,2,15300.0,15375.0,1,15305.0,0.0,0.0,0.0,0.0,0.0,94
2023-05-10 21:34:19,pb2312,pb2312,15305.0,0.0,0.0,0.0,2,15300.0,15370.0,2,15305.0,0.0,0.0,0.0,0.0,0.0,94
2023-05-10 21:34:19,pb2312,pb2312,15305.0,0.0,0.0,0.0,2,15300.0,15365.0,1,15305.0,0.0,0.0,0.0,0.0,0.0,94
2023-05-10 21:34:20,pb2312,pb2312,15305.0,0.0,0.0,0.0,2,15300.0,15365.0,1,15305.0,0.0,0.0,0.0,0.0,0.0,94
2023-05-10 21:34:55,pb2312,pb2312,15305.0,0.0,0.0,0.0,2,15300.0,15365.0,1,15305.0,0.0,0.0,0.0,0.0,0.0,94
2023-05-10 21:34:55,pb2312,pb2312,15305.0,0.0,0.0,0.0,2,15300.0,15365.0,1,15305.0,0.0,0.0,0.0,0.0,0.0,94
2023-05-10 21:34:57,pb2312,pb2312,15305.0,0.0,0.0,0.0,2,15300.0,15365.0,1,15305.0,0.0,0.0,0.0,0.0,0.0,94
2023-05-10 21:35:02,pb2312,pb2312,15305.0,0.0,0.0,0.0,2,15300.0,15360.0,2,15305.0,0.0,0.0,0.0,0.0,0.0,94
2023-05-10 21:35:02,pb2312,pb2312,15305.0,0.0,0.0,0.0,2,15300.0,15360.0,2,15305.0,0.0,0.0,0.0,0.0,0.0,94
2023-05-10 21:35:18,pb2312,pb2312,15305.0,0.0,0.0,0.0,2,15300.0,15360.0,2,15305.0,0.0,0.0,0.0,0.0,0.0,94
2023-05-10 21:35:18,pb2312,pb2312,15305.0,0.0,0.0,0.0,2,15300.0,15360.0,2,15305.0,0.0,0.0,0.0,0.0,0.0,94
2023-05-10 21:37:03,pb2312,pb2312,15305.0,0.0,0.0,0.0,2,15300.0,15360.0,2,15305.0,0.0,0.0,0.0,0.0,0.0,94
2023-05-10 21:37:03,pb2312,pb2312,15305.0,0.0,0.0,0.0,2,15300.0,15360.0,2,15305.0,0.0,0.0,0.0,0.0,0.0,94
2023-05-10 21:38:08,pb2312,pb2312,15305.0,0.0,0.0,0.0,2,15300.0,15360.0,2,15305.0,0.0,0.0,0.0,0.0,0.0,94
2023-05-10 21:38:09,pb2312,pb2312,15305.0,0.0,0.0,0.0,2,15300.0,15360.0,2,15305.0,0.0,0.0,0.0,0.0,0.0,94
2023-05-10 21:38:18,pb2312,pb2312,15305.0,0.0,0.0,0.0,2,15300.0,15360.0,2,15305.0,0.0,0.0,0.0,0.0,0.0,94
2023-05-10 21:38:19,pb2312,pb2312,15305.0,0.0,0.0,0.0,2,15300.0,15360.0,2,15305.0,0.0,0.0,0.0,0.0,0.0,94
2023-05-10 21:38:32,pb2312,pb2312,15305.0,0.0,0.0,0.0,2,15300.0,15360.0,2,15305.0,0.0,0.0,0.0,0.0,0.0,94
2023-05-10 21:38:32,pb2312,pb2312,15305.0,0.0,0.0,0.0,2,15300.0,15360.0,2,15305.0,0.0,0.0,0.0,0.0,0.0,94
2023-05-10 21:38:45,pb2312,pb2312,15305.0,0.0,0.0,0.0,2,15300.0,15360.0,2,15305.0,0.0,0.0,0.0,0.0,0.0,94
2023-05-10 21:38:46,pb2312,pb2312,15305.0,0.0,0.0,0.0,2,15300.0,15360.0,2,15305.0,0.0,0.0,0.0,0.0,0.0,94
2023-05-10 21:39:09,pb2312,pb2312,15305.0,0.0,0.0,0.0,2,15300.0,15360.0,2,15305.0,0.0,0.0,0.0,0.0,0.0,94
2023-05-10 21:39:09,pb2312,pb2312,15305.0,0.0,0.0,0.0,2,15300.0,15360.0,2,15305.0,0.0,0.0,0.0,0.0,0.0,94
2023-05-10 21:39:20,pb2312,pb2312,15305.0,0.0,0.0,0.0,2,15300.0,15360.0,2,15305.0,0.0,0.0,0.0,0.0,0.0,94
2023-05-10 21:39:20,pb2312,pb2312,15305.0,0.0,0.0,0.0,3,15300.0,15360.0,2,15305.0,0.0,0.0,0.0,0.0,0.0,94
2023-05-10 21:39:27,pb2312,pb2312,15305.0,0.0,0.0,0.0,3,15300.0,15360.0,2,15305.0,0.0,0.0,0.0,0.0,0.0,94
2023-05-10 21:39:28,pb2312,pb2312,15305.0,0.0,0.0,0.0,3,15300.0,15360.0,2,15305.0,0.0,0.0,0.0,0.0,0.0,94
2023-05-10 21:39:30,pb2312,pb2312,15305.0,0.0,0.0,0.0,3,15300.0,15360.0,2,15305.0,0.0,0.0,0.0,0.0,0.0,94
2023-05-10 21:39:31,pb2312,pb2312,15305.0,0.0,0.0,0.0,3,15300.0,15360.0,2,15305.0,0.0,0.0,0.0,0.0,0.0,94
2023-05-10 21:39:32,pb2312,pb2312,15305.0,0.0,0.0,0.0,3,15300.0,15360.0,2,15305.0,0.0,0.0,0.0,0.0,0.0,94
2023-05-10 21:39:32,pb2312,pb2312,15305.0,0.0,0.0,0.0,3,15300.0,15360.0,2,15305.0,0.0,0.0,0.0,0.0,0.0,94
2023-05-10 21:40:00,pb2312,pb2312,15305.0,0.0,0.0,0.0,3,15300.0,15380.0,1,15305.0,0.0,0.0,0.0,0.0,0.0,94
2023-05-10 21:40:01,pb2312,pb2312,15305.0,0.0,0.0,0.0,3,15300.0,15375.0,2,15305.0,0.0,0.0,0.0,0.0,0.0,94
2023-05-10 21:40:01,pb2312,pb2312,15305.0,0.0,0.0,0.0,3,15300.0,15375.0,2,15305.0,0.0,0.0,0.0,0.0,0.0,94
2023-05-10 21:40:02,pb2312,pb2312,15305.0,0.0,0.0,0.0,3,15300.0,15370.0,1,15305.0,0.0,0.0,0.0,0.0,0.0,94
2023-05-10 21:40:02,pb2312,pb2312,15305.0,0.0,0.0,0.0,3,15300.0,15365.0,1,15305.0,0.0,0.0,0.0,0.0,0.0,94
2023-05-10 21:40:05,pb2312,pb2312,15305.0,0.0,0.0,0.0,3,15300.0,15365.0,3,15305.0,0.0,0.0,0.0,0.0,0.0,94
2023-05-10 21:40:10,pb2312,pb2312,15305.0,0.0,0.0,0.0,3,15300.0,15365.0,3,15305.0,0.0,0.0,0.0,0.0,0.0,94
2023-05-10 21:40:10,pb2312,pb2312,15305.0,0.0,0.0,0.0,3,15300.0,15365.0,4,15305.0,0.0,0.0,0.0,0.0,0.0,94
2023-05-10 21:40:59,pb2312,pb2312,15305.0,0.0,0.0,0.0,3,15300.0,15365.0,4,15305.0,0.0,0.0,0.0,0.0,0.0,94
2023-05-10 21:40:59,pb2312,pb2312,15305.0,0.0,0.0,0.0,3,15300.0,15365.0,4,15305.0,0.0,0.0,0.0,0.0,0.0,94
2023-05-10 21:41:26,pb2312,pb2312,15305.0,0.0,0.0,0.0,3,15300.0,15365.0,4,15305.0,0.0,0.0,0.0,0.0,0.0,94
2023-05-10 21:41:27,pb2312,pb2312,15305.0,0.0,0.0,0.0,3,15300.0,15365.0,4,15305.0,0.0,0.0,0.0,0.0,0.0,94
2023-05-10 21:41:40,pb2312,pb2312,15305.0,0.0,0.0,0.0,3,15300.0,15365.0,4,15305.0,0.0,0.0,0.0,0.0,0.0,94
2023-05-10 21:41:40,pb2312,pb2312,15305.0,0.0,0.0,0.0,3,15300.0,15365.0,4,15305.0,0.0,0.0,0.0,0.0,0.0,94
2023-05-10 21:42:25,pb2312,pb2312,15305.0,0.0,0.0,0.0,3,15300.0,15365.0,4,15305.0,0.0,0.0,0.0,0.0,0.0,94
2023-05-10 21:42:25,pb2312,pb2312,15305.0,0.0,0.0,0.0,3,15300.0,15365.0,4,15305.0,0.0,0.0,0.0,0.0,0.0,94
2023-05-10 21:42:31,pb2312,pb2312,15305.0,0.0,0.0,0.0,3,15300.0,15365.0,3,15305.0,0.0,0.0,0.0,0.0,0.0,94
2023-05-10 21:42:40,pb2312,pb2312,15305.0,0.0,0.0,0.0,3,15300.0,15365.0,3,15305.0,0.0,0.0,0.0,0.0,0.0,94
2023-05-10 21:42:40,pb2312,pb2312,15305.0,0.0,0.0,0.0,3,15300.0,15365.0,3,15305.0,0.0,0.0,0.0,0.0,0.0,94
2023-05-10 21:43:12,pb2312,pb2312,15305.0,0.0,0.0,0.0,3,15300.0,15365.0,3,15305.0,0.0,0.0,0.0,0.0,0.0,94
2023-05-10 21:43:13,pb2312,pb2312,15305.0,0.0,0.0,0.0,3,15300.0,15365.0,2,15305.0,0.0,0.0,0.0,0.0,0.0,94
2023-05-10 21:43:18,pb2312,pb2312,15305.0,0.0,0.0,0.0,3,15300.0,15365.0,2,15305.0,0.0,0.0,0.0,0.0,0.0,94
2023-05-10 21:43:18,pb2312,pb2312,15305.0,0.0,0.0,0.0,3,15300.0,15365.0,2,15305.0,0.0,0.0,0.0,0.0,0.0,94
2023-05-10 21:43:47,pb2312,pb2312,15305.0,0.0,0.0,0.0,3,15300.0,15365.0,2,15305.0,0.0,0.0,0.0,0.0,0.0,94
2023-05-10 21:43:47,pb2312,pb2312,15305.0,0.0,0.0,0.0,3,15300.0,15365.0,2,15305.0,0.0,0.0,0.0,0.0,0.0,94
2023-05-10 21:44:00,pb2312,pb2312,15305.0,0.0,0.0,0.0,3,15300.0,15365.0,2,15305.0,0.0,0.0,0.0,0.0,0.0,94
2023-05-10 21:44:00,pb2312,pb2312,15305.0,0.0,0.0,0.0,3,15300.0,15365.0,2,15305.0,0.0,0.0,0.0,0.0,0.0,94
2023-05-10 21:44:01,pb2312,pb2312,15305.0,0.0,0.0,0.0,3,15300.0,15365.0,2,15305.0,0.0,0.0,0.0,0.0,0.0,94
2023-05-10 21:44:11,pb2312,pb2312,15305.0,0.0,0.0,0.0,3,15300.0,15365.0,2,15305.0,0.0,0.0,0.0,0.0,0.0,94
2023-05-10 21:44:12,pb2312,pb2312,15305.0,0.0,0.0,0.0,3,15300.0,15365.0,2,15305.0,0.0,0.0,0.0,0.0,0.0,94
2023-05-10 21:44:39,pb2312,pb2312,15305.0,0.0,0.0,0.0,3,15300.0,15365.0,2,15305.0,0.0,0.0,0.0,0.0,0.0,94
2023-05-10 21:44:39,pb2312,pb2312,15305.0,0.0,0.0,0.0,3,15300.0,15365.0,2,15305.0,0.0,0.0,0.0,0.0,0.0,94
2023-05-10 21:45:03,pb2312,pb2312,15305.0,0.0,0.0,0.0,3,15300.0,15375.0,1,15305.0,0.0,0.0,0.0,0.0,0.0,94
2023-05-10 21:45:04,pb2312,pb2312,15305.0,0.0,0.0,0.0,3,15300.0,15370.0,1,15305.0,0.0,0.0,0.0,0.0,0.0,94
2023-05-10 21:45:06,pb2312,pb2312,15305.0,0.0,0.0,0.0,3,15300.0,15370.0,2,15305.0,0.0,0.0,0.0,0.0,0.0,94
2023-05-10 21:45:06,pb2312,pb2312,15305.0,0.0,0.0,0.0,3,15300.0,15370.0,2,15305.0,0.0,0.0,0.0,0.0,0.0,94
2023-05-10 21:45:08,pb2312,pb2312,15305.0,0.0,0.0,0.0,3,15300.0,15365.0,2,15305.0,0.0,0.0,0.0,0.0,0.0,94
2023-05-10 21:45:08,pb2312,pb2312,15305.0,0.0,0.0,0.0,3,15300.0,15365.0,3,15305.0,0.0,0.0,0.0,0.0,0.0,94
2023-05-10 21:45:48,pb2312,pb2312,15305.0,0.0,0.0,0.0,3,15300.0,15365.0,3,15305.0,0.0,0.0,0.0,0.0,0.0,94
2023-05-10 21:45:49,pb2312,pb2312,15305.0,0.0,0.0,0.0,3,15300.0,15365.0,3,15305.0,0.0,0.0,0.0,0.0,0.0,94
2023-05-10 21:46:07,pb2312,pb2312,15305.0,0.0,0.0,0.0,3,15300.0,15365.0,3,15305.0,0.0,0.0,0.0,0.0,0.0,94
2023-05-10 21:46:07,pb2312,pb2312,15305.0,0.0,0.0,0.0,3,15300.0,15365.0,3,15305.0,0.0,0.0,0.0,0.0,0.0,94
2023-05-10 21:46:16,pb2312,pb2312,15305.0,0.0,0.0,0.0,3,15300.0,15360.0,1,15305.0,0.0,0.0,0.0,0.0,0.0,94
2023-05-10 21:46:47,pb2312,pb2312,15305.0,0.0,0.0,0.0,3,15300.0,15360.0,1,15305.0,0.0,0.0,0.0,0.0,0.0,94
2023-05-10 21:46:48,pb2312,pb2312,15305.0,0.0,0.0,0.0,3,15300.0,15360.0,1,15305.0,0.0,0.0,0.0,0.0,0.0,94
2023-05-10 21:46:53,pb2312,pb2312,15305.0,0.0,0.0,0.0,3,15300.0,15360.0,1,15305.0,0.0,0.0,0.0,0.0,0.0,94
2023-05-10 21:47:04,pb2312,pb2312,15305.0,0.0,0.0,0.0,3,15300.0,15360.0,1,15305.0,0.0,0.0,0.0,0.0,0.0,94
2023-05-10 21:47:04,pb2312,pb2312,15305.0,0.0,0.0,0.0,3,15300.0,15360.0,1,15305.0,0.0,0.0,0.0,0.0,0.0,94
2023-05-10 21:47:11,pb2312,pb2312,15305.0,0.0,0.0,0.0,1,15305.0,15360.0,1,15305.0,0.0,0.0,0.0,0.0,0.0,94
2023-05-10 21:47:15,pb2312,pb2312,15305.0,0.0,0.0,0.0,1,15305.0,15355.0,2,15305.0,0.0,0.0,0.0,0.0,0.0,94
2023-05-10 21:47:16,pb2312,pb2312,15305.0,0.0,0.0,0.0,1,15305.0,15355.0,2,15305.0,0.0,0.0,0.0,0.0,0.0,94
2023-05-10 21:48:40,pb2312,pb2312,15305.0,0.0,0.0,0.0,3,15300.0,15355.0,2,15305.0,0.0,0.0,0.0,0.0,0.0,94
2023-05-10 21:48:46,pb2312,pb2312,15305.0,0.0,0.0,0.0,1,15305.0,15355.0,2,15305.0,0.0,0.0,0.0,0.0,0.0,94
2023-05-10 21:50:15,pb2312,pb2312,15305.0,0.0,0.0,0.0,3,15300.0,15355.0,2,15305.0,0.0,0.0,0.0,0.0,0.0,94
2023-05-10 21:50:15,pb2312,pb2312,15305.0,0.0,0.0,0.0,3,15300.0,15355.0,2,15305.0,0.0,0.0,0.0,0.0,0.0,94
2023-05-10 21:50:58,pb2312,pb2312,15305.0,0.0,0.0,0.0,3,15300.0,15355.0,2,15305.0,0.0,0.0,0.0,0.0,0.0,94
2023-05-10 21:50:59,pb2312,pb2312,15305.0,0.0,0.0,0.0,3,15300.0,15355.0,2,15305.0,0.0,0.0,0.0,0.0,0.0,94
2023-05-10 21:52:16,pb2312,pb2312,15305.0,0.0,0.0,0.0,3,15300.0,15365.0,1,15305.0,0.0,0.0,0.0,0.0,0.0,94
2023-05-10 21:52:16,pb2312,pb2312,15305.0,0.0,0.0,0.0,3,15300.0,15360.0,1,15305.0,0.0,0.0,0.0,0.0,0.0,94
2023-05-10 21:52:47,pb2312,pb2312,15305.0,0.0,0.0,0.0,3,15300.0,15360.0,1,15305.0,0.0,0.0,0.0,0.0,0.0,94
2023-05-10 21:52:48,pb2312,pb2312,15305.0,0.0,0.0,0.0,3,15300.0,15360.0,1,15305.0,0.0,0.0,0.0,0.0,0.0,94
2023-05-10 21:52:57,pb2312,pb2312,15305.0,0.0,0.0,0.0,3,15300.0,15355.0,2,15305.0,0.0,0.0,0.0,0.0,0.0,94
2023-05-10 21:52:58,pb2312,pb2312,15305.0,0.0,0.0,0.0,3,15300.0,15355.0,2,15305.0,0.0,0.0,0.0,0.0,0.0,94
2023-05-10 21:53:03,pb2312,pb2312,15305.0,0.0,0.0,0.0,3,15300.0,15355.0,2,15305.0,0.0,0.0,0.0,0.0,0.0,94
2023-05-10 21:53:03,pb2312,pb2312,15305.0,0.0,0.0,0.0,3,15300.0,15355.0,2,15305.0,0.0,0.0,0.0,0.0,0.0,94
2023-05-10 21:53:11,pb2312,pb2312,15305.0,0.0,0.0,0.0,3,15300.0,15355.0,2,15305.0,0.0,0.0,0.0,0.0,0.0,94
2023-05-10 21:53:11,pb2312,pb2312,15305.0,0.0,0.0,0.0,3,15300.0,15355.0,2,15305.0,0.0,0.0,0.0,0.0,0.0,94
2023-05-10 21:53:48,pb2312,pb2312,15305.0,0.0,0.0,0.0,3,15300.0,15355.0,2,15305.0,0.0,0.0,0.0,0.0,0.0,94
2023-05-10 21:53:49,pb2312,pb2312,15305.0,0.0,0.0,0.0,3,15300.0,15355.0,2,15305.0,0.0,0.0,0.0,0.0,0.0,94
2023-05-10 21:54:07,pb2312,pb2312,15305.0,0.0,0.0,0.0,3,15300.0,15355.0,2,15305.0,0.0,0.0,0.0,0.0,0.0,94
2023-05-10 21:54:07,pb2312,pb2312,15305.0,0.0,0.0,0.0,3,15300.0,15355.0,2,15305.0,0.0,0.0,0.0,0.0,0.0,94
2023-05-10 21:54:08,pb2312,pb2312,15305.0,0.0,0.0,0.0,1,15305.0,15355.0,2,15305.0,0.0,0.0,0.0,0.0,0.0,94
2023-05-10 21:54:35,pb2312,pb2312,15305.0,0.0,0.0,0.0,3,15300.0,15355.0,2,15305.0,0.0,0.0,0.0,0.0,0.0,94
2023-05-10 21:54:35,pb2312,pb2312,15305.0,0.0,0.0,0.0,2,15300.0,15355.0,2,15305.0,0.0,0.0,0.0,0.0,0.0,94
2023-05-10 21:55:35,pb2312,pb2312,15305.0,0.0,0.0,0.0,2,15300.0,15355.0,2,15305.0,0.0,0.0,0.0,0.0,0.0,94
2023-05-10 21:55:35,pb2312,pb2312,15305.0,0.0,0.0,0.0,2,15300.0,15355.0,2,15305.0,0.0,0.0,0.0,0.0,0.0,94
2023-05-10 21:56:33,pb2312,pb2312,15305.0,0.0,0.0,0.0,2,15300.0,15355.0,2,15305.0,0.0,0.0,0.0,0.0,0.0,94
2023-05-10 21:56:33,pb2312,pb2312,15305.0,0.0,0.0,0.0,2,15300.0,15355.0,2,15305.0,0.0,0.0,0.0,0.0,0.0,94
2023-05-10 21:56:47,pb2312,pb2312,15305.0,0.0,0.0,0.0,2,15300.0,15350.0,1,15305.0,0.0,0.0,0.0,0.0,0.0,94
2023-05-10 21:57:25,pb2312,pb2312,15305.0,0.0,0.0,0.0,2,15300.0,15350.0,1,15305.0,0.0,0.0,0.0,0.0,0.0,94
2023-05-10 21:57:44,pb2312,pb2312,15305.0,0.0,0.0,0.0,2,15300.0,15350.0,1,15305.0,0.0,0.0,0.0,0.0,0.0,94
2023-05-10 21:57:44,pb2312,pb2312,15305.0,0.0,0.0,0.0,2,15300.0,15350.0,1,15305.0,0.0,0.0,0.0,0.0,0.0,94
2023-05-10 21:58:06,pb2312,pb2312,15305.0,0.0,0.0,0.0,2,15300.0,15345.0,2,15305.0,0.0,0.0,0.0,0.0,0.0,94
2023-05-10 21:58:07,pb2312,pb2312,15305.0,0.0,0.0,0.0,2,15300.0,15345.0,2,15305.0,0.0,0.0,0.0,0.0,0.0,94
2023-05-10 21:58:11,pb2312,pb2312,15305.0,0.0,0.0,0.0,2,15300.0,15345.0,2,15305.0,0.0,0.0,0.0,0.0,0.0,94
2023-05-10 21:58:11,pb2312,pb2312,15305.0,0.0,0.0,0.0,2,15300.0,15345.0,2,15305.0,0.0,0.0,0.0,0.0,0.0,94
2023-05-10 21:58:27,pb2312,pb2312,15305.0,0.0,0.0,0.0,2,15300.0,15345.0,2,15305.0,0.0,0.0,0.0,0.0,0.0,94
2023-05-10 21:58:27,pb2312,pb2312,15305.0,0.0,0.0,0.0,2,15300.0,15345.0,2,15305.0,0.0,0.0,0.0,0.0,0.0,94
2023-05-10 22:00:35,pb2312,pb2312,15305.0,0.0,0.0,0.0,2,15300.0,15345.0,2,15305.0,0.0,0.0,0.0,0.0,0.0,94
2023-05-10 22:00:35,pb2312,pb2312,15305.0,0.0,0.0,0.0,2,15300.0,15345.0,2,15305.0,0.0,0.0,0.0,0.0,0.0,94
2023-05-10 22:02:18,pb2312,pb2312,15305.0,0.0,0.0,0.0,2,15300.0,15345.0,2,15305.0,0.0,0.0,0.0,0.0,0.0,94
2023-05-10 22:02:19,pb2312,pb2312,15305.0,0.0,0.0,0.0,2,15300.0,15345.0,2,15305.0,0.0,0.0,0.0,0.0,0.0,94
2023-05-10 22:02:38,pb2312,pb2312,15305.0,0.0,0.0,0.0,2,15300.0,15345.0,2,15305.0,0.0,0.0,0.0,0.0,0.0,94
2023-05-10 22:02:38,pb2312,pb2312,15305.0,0.0,0.0,0.0,2,15300.0,15345.0,2,15305.0,0.0,0.0,0.0,0.0,0.0,94
2023-05-10 22:03:05,pb2312,pb2312,15305.0,0.0,0.0,0.0,2,15300.0,15375.0,1,15305.0,0.0,0.0,0.0,0.0,0.0,94
2023-05-10 22:03:05,pb2312,pb2312,15305.0,0.0,0.0,0.0,2,15300.0,15370.0,2,15305.0,0.0,0.0,0.0,0.0,0.0,94
2023-05-10 22:03:06,pb2312,pb2312,15305.0,0.0,0.0,0.0,2,15300.0,15370.0,3,15305.0,0.0,0.0,0.0,0.0,0.0,94
2023-05-10 22:03:07,pb2312,pb2312,15305.0,0.0,0.0,0.0,2,15300.0,15365.0,1,15305.0,0.0,0.0,0.0,0.0,0.0,94
2023-05-10 22:03:07,pb2312,pb2312,15305.0,0.0,0.0,0.0,2,15300.0,15360.0,1,15305.0,0.0,0.0,0.0,0.0,0.0,94
2023-05-10 22:03:08,pb2312,pb2312,15305.0,0.0,0.0,0.0,2,15300.0,15360.0,1,15305.0,0.0,0.0,0.0,0.0,0.0,94
2023-05-10 22:03:11,pb2312,pb2312,15305.0,0.0,0.0,0.0,2,15300.0,15360.0,3,15305.0,0.0,0.0,0.0,0.0,0.0,94
2023-05-10 22:03:19,pb2312,pb2312,15305.0,0.0,0.0,0.0,2,15300.0,15360.0,3,15305.0,0.0,0.0,0.0,0.0,0.0,94
2023-05-10 22:03:19,pb2312,pb2312,15305.0,0.0,0.0,0.0,2,15300.0,15355.0,1,15305.0,0.0,0.0,0.0,0.0,0.0,94
2023-05-10 22:03:20,pb2312,pb2312,15305.0,0.0,0.0,0.0,2,15300.0,15350.0,1,15305.0,0.0,0.0,0.0,0.0,0.0,94
2023-05-10 22:03:25,pb2312,pb2312,15305.0,0.0,0.0,0.0,2,15300.0,15350.0,1,15305.0,0.0,0.0,0.0,0.0,0.0,94
2023-05-10 22:03:57,pb2312,pb2312,15305.0,0.0,0.0,0.0,2,15300.0,15350.0,1,15305.0,0.0,0.0,0.0,0.0,0.0,94
2023-05-10 22:04:06,pb2312,pb2312,15305.0,0.0,0.0,0.0,1,15305.0,15350.0,1,15305.0,0.0,0.0,0.0,0.0,0.0,94
2023-05-10 22:04:07,pb2312,pb2312,15305.0,0.0,0.0,0.0,2,15300.0,15350.0,1,15305.0,0.0,0.0,0.0,0.0,0.0,94
2023-05-10 22:04:27,pb2312,pb2312,15305.0,0.0,0.0,0.0,2,15300.0,15350.0,1,15305.0,0.0,0.0,0.0,0.0,0.0,94
2023-05-10 22:04:27,pb2312,pb2312,15305.0,0.0,0.0,0.0,2,15300.0,15350.0,1,15305.0,0.0,0.0,0.0,0.0,0.0,94
2023-05-10 22:04:37,pb2312,pb2312,15305.0,0.0,0.0,0.0,2,15300.0,15345.0,2,15305.0,0.0,0.0,0.0,0.0,0.0,94
2023-05-10 22:04:38,pb2312,pb2312,15305.0,0.0,0.0,0.0,2,15300.0,15345.0,2,15305.0,0.0,0.0,0.0,0.0,0.0,94
2023-05-10 22:05:22,pb2312,pb2312,15305.0,0.0,0.0,0.0,2,15300.0,15345.0,2,15305.0,0.0,0.0,0.0,0.0,0.0,94
2023-05-10 22:05:23,pb2312,pb2312,15305.0,0.0,0.0,0.0,2,15300.0,15345.0,2,15305.0,0.0,0.0,0.0,0.0,0.0,94
2023-05-10 22:05:26,pb2312,pb2312,15305.0,0.0,0.0,0.0,2,15300.0,15345.0,2,15305.0,0.0,0.0,0.0,0.0,0.0,94
2023-05-10 22:05:26,pb2312,pb2312,15305.0,0.0,0.0,0.0,2,15300.0,15345.0,2,15305.0,0.0,0.0,0.0,0.0,0.0,94
2023-05-10 22:05:36,pb2312,pb2312,15305.0,0.0,0.0,0.0,2,15300.0,15345.0,2,15305.0,0.0,0.0,0.0,0.0,0.0,94
2023-05-10 22:05:46,pb2312,pb2312,15305.0,0.0,0.0,0.0,2,15300.0,15345.0,2,15305.0,0.0,0.0,0.0,0.0,0.0,94
2023-05-10 22:05:47,pb2312,pb2312,15305.0,0.0,0.0,0.0,2,15300.0,15345.0,2,15305.0,0.0,0.0,0.0,0.0,0.0,94
2023-05-10 22:06:03,pb2312,pb2312,15305.0,0.0,0.0,0.0,1,15305.0,15345.0,2,15305.0,0.0,0.0,0.0,0.0,0.0,94
2023-05-10 22:06:05,pb2312,pb2312,15305.0,0.0,0.0,0.0,2,15300.0,15345.0,2,15305.0,0.0,0.0,0.0,0.0,0.0,94
2023-05-10 22:06:13,pb2312,pb2312,15305.0,0.0,0.0,0.0,2,15300.0,15345.0,2,15305.0,0.0,0.0,0.0,0.0,0.0,94
2023-05-10 22:06:13,pb2312,pb2312,15305.0,0.0,0.0,0.0,2,15300.0,15345.0,2,15305.0,0.0,0.0,0.0,0.0,0.0,94
2023-05-10 22:06:24,pb2312,pb2312,15305.0,0.0,0.0,0.0,2,15300.0,15345.0,2,15305.0,0.0,0.0,0.0,0.0,0.0,94
2023-05-10 22:06:24,pb2312,pb2312,15305.0,0.0,0.0,0.0,2,15300.0,15345.0,2,15305.0,0.0,0.0,0.0,0.0,0.0,94
2023-05-10 22:06:56,pb2312,pb2312,15305.0,0.0,0.0,0.0,2,15300.0,15345.0,2,15305.0,0.0,0.0,0.0,0.0,0.0,94
2023-05-10 22:06:57,pb2312,pb2312,15305.0,0.0,0.0,0.0,2,15300.0,15345.0,2,15305.0,0.0,0.0,0.0,0.0,0.0,94
2023-05-10 22:07:12,pb2312,pb2312,15305.0,0.0,0.0,0.0,2,15300.0,15345.0,2,15305.0,0.0,0.0,0.0,0.0,0.0,94
2023-05-10 22:07:13,pb2312,pb2312,15305.0,0.0,0.0,0.0,2,15300.0,15345.0,2,15305.0,0.0,0.0,0.0,0.0,0.0,94
2023-05-10 22:08:11,pb2312,pb2312,15305.0,0.0,0.0,0.0,2,15300.0,15345.0,2,15305.0,0.0,0.0,0.0,0.0,0.0,94
2023-05-10 22:08:11,pb2312,pb2312,15305.0,0.0,0.0,0.0,2,15300.0,15345.0,2,15305.0,0.0,0.0,0.0,0.0,0.0,94
2023-05-10 22:09:01,pb2312,pb2312,15305.0,0.0,0.0,0.0,2,15300.0,15345.0,2,15305.0,0.0,0.0,0.0,0.0,0.0,94
2023-05-10 22:09:02,pb2312,pb2312,15305.0,0.0,0.0,0.0,2,15300.0,15345.0,2,15305.0,0.0,0.0,0.0,0.0,0.0,94
2023-05-10 22:09:36,pb2312,pb2312,15305.0,0.0,0.0,0.0,2,15300.0,15370.0,1,15305.0,0.0,0.0,0.0,0.0,0.0,94
2023-05-10 22:09:37,pb2312,pb2312,15305.0,0.0,0.0,0.0,2,15300.0,15365.0,2,15305.0,0.0,0.0,0.0,0.0,0.0,94
2023-05-10 22:09:40,pb2312,pb2312,15305.0,0.0,0.0,0.0,2,15300.0,15360.0,2,15305.0,0.0,0.0,0.0,0.0,0.0,94
2023-05-10 22:09:40,pb2312,pb2312,15305.0,0.0,0.0,0.0,2,15300.0,15360.0,2,15305.0,0.0,0.0,0.0,0.0,0.0,94
2023-05-10 22:09:41,pb2312,pb2312,15305.0,0.0,0.0,0.0,2,15300.0,15360.0,2,15305.0,0.0,0.0,0.0,0.0,0.0,94
2023-05-10 22:09:49,pb2312,pb2312,15305.0,0.0,0.0,0.0,2,15300.0,15360.0,2,15305.0,0.0,0.0,0.0,0.0,0.0,94
2023-05-10 22:10:02,pb2312,pb2312,15305.0,0.0,0.0,0.0,2,15300.0,15360.0,2,15305.0,0.0,0.0,0.0,0.0,0.0,94
2023-05-10 22:10:03,pb2312,pb2312,15305.0,0.0,0.0,0.0,2,15300.0,15360.0,2,15305.0,0.0,0.0,0.0,0.0,0.0,94
2023-05-10 22:10:16,pb2312,pb2312,15305.0,0.0,0.0,0.0,2,15300.0,15360.0,2,15305.0,0.0,0.0,0.0,0.0,0.0,94
2023-05-10 22:10:16,pb2312,pb2312,15305.0,0.0,0.0,0.0,2,15300.0,15360.0,3,15305.0,0.0,0.0,0.0,0.0,0.0,94
2023-05-10 22:11:26,pb2312,pb2312,15305.0,0.0,0.0,0.0,2,15300.0,15360.0,3,15305.0,0.0,0.0,0.0,0.0,0.0,94
2023-05-10 22:12:15,pb2312,pb2312,15305.0,0.0,0.0,0.0,2,15300.0,15360.0,3,15305.0,0.0,0.0,0.0,0.0,0.0,94
2023-05-10 22:12:15,pb2312,pb2312,15305.0,0.0,0.0,0.0,1,15305.0,15360.0,3,15305.0,0.0,0.0,0.0,0.0,0.0,94
2023-05-10 22:12:52,pb2312,pb2312,15305.0,0.0,0.0,0.0,2,15300.0,15360.0,3,15305.0,0.0,0.0,0.0,0.0,0.0,94
2023-05-10 22:13:01,pb2312,pb2312,15305.0,0.0,0.0,0.0,2,15300.0,15360.0,3,15305.0,0.0,0.0,0.0,0.0,0.0,94
2023-05-10 22:13:01,pb2312,pb2312,15305.0,0.0,0.0,0.0,2,15300.0,15360.0,3,15305.0,0.0,0.0,0.0,0.0,0.0,94
2023-05-10 22:13:08,pb2312,pb2312,15305.0,0.0,0.0,0.0,2,15300.0,15360.0,3,15305.0,0.0,0.0,0.0,0.0,0.0,94
2023-05-10 22:13:08,pb2312,pb2312,15305.0,0.0,0.0,0.0,2,15300.0,15360.0,3,15305.0,0.0,0.0,0.0,0.0,0.0,94
2023-05-10 22:14:08,pb2312,pb2312,15305.0,0.0,0.0,0.0,2,15300.0,15360.0,3,15305.0,0.0,0.0,0.0,0.0,0.0,94
2023-05-10 22:14:09,pb2312,pb2312,15305.0,0.0,0.0,0.0,2,15300.0,15360.0,3,15305.0,0.0,0.0,0.0,0.0,0.0,94
2023-05-10 22:14:10,pb2312,pb2312,15305.0,0.0,0.0,0.0,2,15300.0,15360.0,3,15305.0,0.0,0.0,0.0,0.0,0.0,94
2023-05-10 22:14:11,pb2312,pb2312,15305.0,0.0,0.0,0.0,2,15300.0,15360.0,3,15305.0,0.0,0.0,0.0,0.0,0.0,94
2023-05-10 22:14:38,pb2312,pb2312,15305.0,0.0,0.0,0.0,2,15300.0,15360.0,1,15305.0,0.0,0.0,0.0,0.0,0.0,94
2023-05-10 22:14:42,pb2312,pb2312,15305.0,0.0,0.0,0.0,2,15300.0,15355.0,2,15305.0,0.0,0.0,0.0,0.0,0.0,94
2023-05-10 22:16:49,pb2312,pb2312,15305.0,0.0,0.0,0.0,2,15300.0,15355.0,2,15305.0,0.0,0.0,0.0,0.0,0.0,94
2023-05-10 22:16:50,pb2312,pb2312,15305.0,0.0,0.0,0.0,2,15300.0,15355.0,2,15305.0,0.0,0.0,0.0,0.0,0.0,94
2023-05-10 22:16:50,pb2312,pb2312,15305.0,0.0,0.0,0.0,2,15300.0,15355.0,2,15305.0,0.0,0.0,0.0,0.0,0.0,94
2023-05-10 22:18:10,pb2312,pb2312,15305.0,0.0,0.0,0.0,2,15300.0,15355.0,2,15305.0,0.0,0.0,0.0,0.0,0.0,94
2023-05-10 22:19:40,pb2312,pb2312,15305.0,0.0,0.0,0.0,2,15300.0,15370.0,1,15305.0,0.0,0.0,0.0,0.0,0.0,94
2023-05-10 22:19:41,pb2312,pb2312,15305.0,0.0,0.0,0.0,2,15300.0,15365.0,1,15305.0,0.0,0.0,0.0,0.0,0.0,94
2023-05-10 22:19:42,pb2312,pb2312,15305.0,0.0,0.0,0.0,2,15300.0,15365.0,2,15305.0,0.0,0.0,0.0,0.0,0.0,94
2023-05-10 22:19:43,pb2312,pb2312,15305.0,0.0,0.0,0.0,3,15300.0,15365.0,2,15305.0,0.0,0.0,0.0,0.0,0.0,94
2023-05-10 22:19:43,pb2312,pb2312,15305.0,0.0,0.0,0.0,3,15300.0,15365.0,3,15305.0,0.0,0.0,0.0,0.0,0.0,94
2023-05-10 22:19:44,pb2312,pb2312,15305.0,0.0,0.0,0.0,3,15300.0,15360.0,2,15305.0,0.0,0.0,0.0,0.0,0.0,94
2023-05-10 22:19:45,pb2312,pb2312,15305.0,0.0,0.0,0.0,3,15300.0,15360.0,2,15305.0,0.0,0.0,0.0,0.0,0.0,94
2023-05-10 22:22:13,pb2312,pb2312,15305.0,0.0,0.0,0.0,3,15300.0,15355.0,1,15305.0,0.0,0.0,0.0,0.0,0.0,94
2023-05-10 22:22:13,pb2312,pb2312,15305.0,0.0,0.0,0.0,3,15300.0,15355.0,1,15305.0,0.0,0.0,0.0,0.0,0.0,94
2023-05-10 22:22:50,pb2312,pb2312,15305.0,0.0,0.0,0.0,3,15300.0,15355.0,1,15305.0,0.0,0.0,0.0,0.0,0.0,94
2023-05-10 22:23:20,pb2312,pb2312,15305.0,0.0,0.0,0.0,3,15300.0,15350.0,2,15305.0,0.0,0.0,0.0,0.0,0.0,94
2023-05-10 22:23:20,pb2312,pb2312,15305.0,0.0,0.0,0.0,3,15300.0,15350.0,2,15305.0,0.0,0.0,0.0,0.0,0.0,94
2023-05-10 22:28:18,pb2312,pb2312,15305.0,0.0,0.0,0.0,3,15300.0,15365.0,1,15305.0,0.0,0.0,0.0,0.0,0.0,94
2023-05-10 22:28:18,pb2312,pb2312,15305.0,0.0,0.0,0.0,3,15300.0,15360.0,1,15305.0,0.0,0.0,0.0,0.0,0.0,94
2023-05-10 22:28:19,pb2312,pb2312,15305.0,0.0,0.0,0.0,3,15300.0,15360.0,2,15305.0,0.0,0.0,0.0,0.0,0.0,94
2023-05-10 22:28:21,pb2312,pb2312,15305.0,0.0,0.0,0.0,3,15300.0,15355.0,2,15305.0,0.0,0.0,0.0,0.0,0.0,94
2023-05-10 22:28:22,pb2312,pb2312,15305.0,0.0,0.0,0.0,3,15300.0,15355.0,2,15305.0,0.0,0.0,0.0,0.0,0.0,94
2023-05-10 22:33:19,pb2312,pb2312,15305.0,0.0,0.0,0.0,3,15300.0,15360.0,1,15305.0,0.0,0.0,0.0,0.0,0.0,94
2023-05-10 22:33:20,pb2312,pb2312,15305.0,0.0,0.0,0.0,3,15300.0,15355.0,1,15305.0,0.0,0.0,0.0,0.0,0.0,94
2023-05-10 22:33:26,pb2312,pb2312,15305.0,0.0,0.0,0.0,3,15300.0,15350.0,2,15305.0,0.0,0.0,0.0,0.0,0.0,94
2023-05-10 22:33:26,pb2312,pb2312,15305.0,0.0,0.0,0.0,3,15300.0,15350.0,2,15305.0,0.0,0.0,0.0,0.0,0.0,94
2023-05-10 22:38:24,pb2312,pb2312,15305.0,0.0,0.0,0.0,3,15300.0,15360.0,1,15305.0,0.0,0.0,0.0,0.0,0.0,94
2023-05-10 22:38:24,pb2312,pb2312,15305.0,0.0,0.0,0.0,3,15300.0,15355.0,1,15305.0,0.0,0.0,0.0,0.0,0.0,94
2023-05-10 22:38:31,pb2312,pb2312,15305.0,0.0,0.0,0.0,3,15300.0,15350.0,2,15305.0,0.0,0.0,0.0,0.0,0.0,94
2023-05-10 22:38:32,pb2312,pb2312,15305.0,0.0,0.0,0.0,3,15300.0,15350.0,2,15305.0,0.0,0.0,0.0,0.0,0.0,94
2023-05-10 22:43:28,pb2312,pb2312,15305.0,0.0,0.0,0.0,3,15300.0,15360.0,1,15305.0,0.0,0.0,0.0,0.0,0.0,94
2023-05-10 22:43:29,pb2312,pb2312,15305.0,0.0,0.0,0.0,3,15300.0,15355.0,1,15305.0,0.0,0.0,0.0,0.0,0.0,94
2023-05-10 22:43:33,pb2312,pb2312,15305.0,0.0,0.0,0.0,3,15300.0,15350.0,2,15305.0,0.0,0.0,0.0,0.0,0.0,94
2023-05-10 22:43:34,pb2312,pb2312,15305.0,0.0,0.0,0.0,3,15300.0,15350.0,2,15305.0,0.0,0.0,0.0,0.0,0.0,94
2023-05-10 22:43:47,pb2312,pb2312,15305.0,0.0,0.0,0.0,1,15305.0,15350.0,2,15305.0,0.0,0.0,0.0,0.0,0.0,94
2023-05-10 22:44:23,pb2312,pb2312,15305.0,0.0,0.0,0.0,3,15300.0,15350.0,2,15305.0,0.0,0.0,0.0,0.0,0.0,94
2023-05-10 22:47:24,pb2312,pb2312,15305.0,0.0,0.0,0.0,1,15305.0,15350.0,2,15305.0,0.0,0.0,0.0,0.0,0.0,94
2023-05-10 22:47:59,pb2312,pb2312,15305.0,0.0,0.0,0.0,3,15300.0,15350.0,2,15305.0,0.0,0.0,0.0,0.0,0.0,94
2023-05-10 22:48:32,pb2312,pb2312,15305.0,0.0,0.0,0.0,3,15300.0,15360.0,1,15305.0,0.0,0.0,0.0,0.0,0.0,94
2023-05-10 22:48:33,pb2312,pb2312,15305.0,0.0,0.0,0.0,3,15300.0,15355.0,1,15305.0,0.0,0.0,0.0,0.0,0.0,94
2023-05-10 22:48:36,pb2312,pb2312,15305.0,0.0,0.0,0.0,3,15300.0,15350.0,2,15305.0,0.0,0.0,0.0,0.0,0.0,94
2023-05-10 22:48:36,pb2312,pb2312,15305.0,0.0,0.0,0.0,3,15300.0,15350.0,2,15305.0,0.0,0.0,0.0,0.0,0.0,94
2023-05-10 22:49:09,pb2312,pb2312,15305.0,0.0,0.0,0.0,1,15305.0,15350.0,2,15305.0,0.0,0.0,0.0,0.0,0.0,94
2023-05-10 22:49:37,pb2312,pb2312,15305.0,0.0,0.0,0.0,3,15300.0,15350.0,2,15305.0,0.0,0.0,0.0,0.0,0.0,94
2023-05-10 22:53:35,pb2312,pb2312,15305.0,0.0,0.0,0.0,3,15300.0,15360.0,2,15305.0,0.0,0.0,0.0,0.0,0.0,94
2023-05-10 22:53:35,pb2312,pb2312,15305.0,0.0,0.0,0.0,3,15300.0,15355.0,1,15305.0,0.0,0.0,0.0,0.0,0.0,94
2023-05-10 22:53:39,pb2312,pb2312,15305.0,0.0,0.0,0.0,3,15300.0,15350.0,2,15305.0,0.0,0.0,0.0,0.0,0.0,94
2023-05-10 22:53:39,pb2312,pb2312,15305.0,0.0,0.0,0.0,3,15300.0,15350.0,2,15305.0,0.0,0.0,0.0,0.0,0.0,94
2023-05-10 22:58:36,pb2312,pb2312,15305.0,0.0,0.0,0.0,3,15300.0,15360.0,2,15305.0,0.0,0.0,0.0,0.0,0.0,94
2023-05-10 22:58:37,pb2312,pb2312,15305.0,0.0,0.0,0.0,3,15300.0,15355.0,1,15305.0,0.0,0.0,0.0,0.0,0.0,94
2023-05-10 22:58:40,pb2312,pb2312,15305.0,0.0,0.0,0.0,3,15300.0,15350.0,2,15305.0,0.0,0.0,0.0,0.0,0.0,94
2023-05-10 22:58:41,pb2312,pb2312,15305.0,0.0,0.0,0.0,3,15300.0,15350.0,2,15305.0,0.0,0.0,0.0,0.0,0.0,94
2023-05-10 23:03:38,pb2312,pb2312,15305.0,0.0,0.0,0.0,3,15300.0,15360.0,2,15305.0,0.0,0.0,0.0,0.0,0.0,94
2023-05-10 23:03:40,pb2312,pb2312,15305.0,0.0,0.0,0.0,3,15300.0,15360.0,1,15305.0,0.0,0.0,0.0,0.0,0.0,94
2023-05-10 23:04:09,pb2312,pb2312,15305.0,0.0,0.0,0.0,3,15300.0,15355.0,2,15305.0,0.0,0.0,0.0,0.0,0.0,94
2023-05-10 23:09:09,pb2312,pb2312,15305.0,0.0,0.0,0.0,3,15300.0,15360.0,1,15305.0,0.0,0.0,0.0,0.0,0.0,94
2023-05-10 23:09:37,pb2312,pb2312,15305.0,0.0,0.0,0.0,3,15300.0,15355.0,2,15305.0,0.0,0.0,0.0,0.0,0.0,94
2023-05-10 23:09:37,pb2312,pb2312,15305.0,0.0,0.0,0.0,2,15300.0,15355.0,2,15305.0,0.0,0.0,0.0,0.0,0.0,94
2023-05-10 23:14:37,pb2312,pb2312,15305.0,0.0,0.0,0.0,2,15300.0,15360.0,1,15305.0,0.0,0.0,0.0,0.0,0.0,94
2023-05-10 23:15:10,pb2312,pb2312,15305.0,0.0,0.0,0.0,2,15300.0,15355.0,2,15305.0,0.0,0.0,0.0,0.0,0.0,94
2023-05-10 23:20:10,pb2312,pb2312,15305.0,0.0,0.0,0.0,2,15300.0,15360.0,1,15305.0,0.0,0.0,0.0,0.0,0.0,94
2023-05-10 23:20:40,pb2312,pb2312,15305.0,0.0,0.0,0.0,2,15300.0,15355.0,2,15305.0,0.0,0.0,0.0,0.0,0.0,94
2023-05-10 23:23:13,pb2312,pb2312,15305.0,0.0,0.0,0.0,1,15255.0,15355.0,2,15305.0,0.0,0.0,0.0,0.0,0.0,94
2023-05-10 23:23:14,pb2312,pb2312,15305.0,0.0,0.0,0.0,2,15260.0,15355.0,2,15305.0,0.0,0.0,0.0,0.0,0.0,94
2023-05-10 23:23:14,pb2312,pb2312,15305.0,0.0,0.0,0.0,2,15260.0,15355.0,2,15305.0,0.0,0.0,0.0,0.0,0.0,94
2023-05-10 23:23:26,pb2312,pb2312,15305.0,0.0,0.0,0.0,2,15280.0,15355.0,2,15305.0,0.0,0.0,0.0,0.0,0.0,94
2023-05-10 23:23:26,pb2312,pb2312,15305.0,0.0,0.0,0.0,3,15280.0,15355.0,2,15305.0,0.0,0.0,0.0,0.0,0.0,94
2023-05-10 23:23:27,pb2312,pb2312,15305.0,0.0,0.0,0.0,1,15285.0,15355.0,2,15305.0,0.0,0.0,0.0,0.0,0.0,94
2023-05-10 23:25:01,pb2312,pb2312,15305.0,0.0,0.0,0.0,3,15280.0,15355.0,2,15305.0,0.0,0.0,0.0,0.0,0.0,94
2023-05-10 23:25:32,pb2312,pb2312,15305.0,0.0,0.0,0.0,1,15285.0,15355.0,2,15305.0,0.0,0.0,0.0,0.0,0.0,94
2023-05-10 23:25:40,pb2312,pb2312,15305.0,0.0,0.0,0.0,1,15285.0,15365.0,1,15305.0,0.0,0.0,0.0,0.0,0.0,94
2023-05-10 23:25:41,pb2312,pb2312,15305.0,0.0,0.0,0.0,3,15280.0,15360.0,1,15305.0,0.0,0.0,0.0,0.0,0.0,94
2023-05-10 23:26:07,pb2312,pb2312,15305.0,0.0,0.0,0.0,3,15280.0,15355.0,2,15305.0,0.0,0.0,0.0,0.0,0.0,94
2023-05-10 23:26:07,pb2312,pb2312,15305.0,0.0,0.0,0.0,3,15280.0,15355.0,3,15305.0,0.0,0.0,0.0,0.0,0.0,94
2023-05-10 23:26:08,pb2312,pb2312,15305.0,0.0,0.0,0.0,3,15280.0,15355.0,3,15305.0,0.0,0.0,0.0,0.0,0.0,94
2023-05-10 23:27:16,pb2312,pb2312,15305.0,0.0,0.0,0.0,1,15285.0,15355.0,3,15305.0,0.0,0.0,0.0,0.0,0.0,94
2023-05-10 23:27:41,pb2312,pb2312,15305.0,0.0,0.0,0.0,3,15280.0,15355.0,3,15305.0,0.0,0.0,0.0,0.0,0.0,94
2023-05-10 23:29:20,pb2312,pb2312,15305.0,0.0,0.0,0.0,2,15280.0,15355.0,3,15305.0,0.0,0.0,0.0,0.0,0.0,94
2023-05-10 23:29:21,pb2312,pb2312,15305.0,0.0,0.0,0.0,3,15280.0,15355.0,3,15305.0,0.0,0.0,0.0,0.0,0.0,94
2023-05-10 23:30:32,pb2312,pb2312,15305.0,0.0,0.0,0.0,1,15285.0,15355.0,3,15305.0,0.0,0.0,0.0,0.0,0.0,94
2023-05-10 23:30:40,pb2312,pb2312,15305.0,0.0,0.0,0.0,3,15280.0,15355.0,3,15305.0,0.0,0.0,0.0,0.0,0.0,94
2023-05-10 23:31:06,pb2312,pb2312,15305.0,0.0,0.0,0.0,3,15280.0,15355.0,1,15305.0,0.0,0.0,0.0,0.0,0.0,94
2023-05-10 23:31:09,pb2312,pb2312,15305.0,0.0,0.0,0.0,3,15280.0,15350.0,2,15305.0,0.0,0.0,0.0,0.0,0.0,94
2023-05-10 23:34:39,pb2312,pb2312,15305.0,0.0,0.0,0.0,2,15280.0,15350.0,2,15305.0,0.0,0.0,0.0,0.0,0.0,94
2023-05-10 23:34:40,pb2312,pb2312,15305.0,0.0,0.0,0.0,3,15280.0,15350.0,2,15305.0,0.0,0.0,0.0,0.0,0.0,94
2023-05-10 23:35:00,pb2312,pb2312,15305.0,0.0,0.0,0.0,1,15285.0,15350.0,2,15305.0,0.0,0.0,0.0,0.0,0.0,94
2023-05-10 23:35:02,pb2312,pb2312,15305.0,0.0,0.0,0.0,3,15280.0,15350.0,2,15305.0,0.0,0.0,0.0,0.0,0.0,94
2023-05-10 23:35:26,pb2312,pb2312,15305.0,0.0,0.0,0.0,1,15285.0,15350.0,2,15305.0,0.0,0.0,0.0,0.0,0.0,94
2023-05-10 23:36:09,pb2312,pb2312,15305.0,0.0,0.0,0.0,1,15285.0,15355.0,1,15305.0,0.0,0.0,0.0,0.0,0.0,94
2023-05-10 23:36:10,pb2312,pb2312,15305.0,0.0,0.0,0.0,3,15280.0,15355.0,1,15305.0,0.0,0.0,0.0,0.0,0.0,94
2023-05-10 23:36:44,pb2312,pb2312,15305.0,0.0,0.0,0.0,3,15280.0,15350.0,2,15305.0,0.0,0.0,0.0,0.0,0.0,94
2023-05-10 23:37:48,pb2312,pb2312,15305.0,0.0,0.0,0.0,2,15285.0,15350.0,2,15305.0,0.0,0.0,0.0,0.0,0.0,94
2023-05-10 23:37:48,pb2312,pb2312,15305.0,0.0,0.0,0.0,1,15290.0,15350.0,2,15305.0,0.0,0.0,0.0,0.0,0.0,94
2023-05-10 23:37:54,pb2312,pb2312,15305.0,0.0,0.0,0.0,1,15290.0,15350.0,2,15305.0,0.0,0.0,0.0,0.0,0.0,94
2023-05-10 23:38:03,pb2312,pb2312,15305.0,0.0,0.0,0.0,3,15280.0,15350.0,2,15305.0,0.0,0.0,0.0,0.0,0.0,94
2023-05-10 23:38:04,pb2312,pb2312,15305.0,0.0,0.0,0.0,3,15280.0,15350.0,2,15305.0,0.0,0.0,0.0,0.0,0.0,94
2023-05-10 23:39:55,pb2312,pb2312,15305.0,0.0,0.0,0.0,2,15280.0,15350.0,2,15305.0,0.0,0.0,0.0,0.0,0.0,94
2023-05-10 23:40:11,pb2312,pb2312,15305.0,0.0,0.0,0.0,3,15280.0,15350.0,2,15305.0,0.0,0.0,0.0,0.0,0.0,94
2023-05-10 23:40:11,pb2312,pb2312,15305.0,0.0,0.0,0.0,3,15280.0,15350.0,3,15305.0,0.0,0.0,0.0,0.0,0.0,94
2023-05-10 23:41:45,pb2312,pb2312,15305.0,0.0,0.0,0.0,3,15280.0,15350.0,1,15305.0,0.0,0.0,0.0,0.0,0.0,94
2023-05-10 23:41:46,pb2312,pb2312,15305.0,0.0,0.0,0.0,3,15280.0,15345.0,2,15305.0,0.0,0.0,0.0,0.0,0.0,94
2023-05-10 23:45:30,pb2312,pb2312,15305.0,0.0,0.0,0.0,2,15280.0,15345.0,2,15305.0,0.0,0.0,0.0,0.0,0.0,94
2023-05-10 23:46:07,pb2312,pb2312,15305.0,0.0,0.0,0.0,3,15280.0,15345.0,2,15305.0,0.0,0.0,0.0,0.0,0.0,94
2023-05-10 23:46:47,pb2312,pb2312,15305.0,0.0,0.0,0.0,3,15280.0,15350.0,1,15305.0,0.0,0.0,0.0,0.0,0.0,94
2023-05-10 23:47:15,pb2312,pb2312,15305.0,0.0,0.0,0.0,3,15280.0,15345.0,2,15305.0,0.0,0.0,0.0,0.0,0.0,94
2023-05-10 23:51:41,pb2312,pb2312,15305.0,0.0,0.0,0.0,2,15280.0,15345.0,2,15305.0,0.0,0.0,0.0,0.0,0.0,94
2023-05-10 23:52:16,pb2312,pb2312,15305.0,0.0,0.0,0.0,2,15280.0,15350.0,1,15305.0,0.0,0.0,0.0,0.0,0.0,94
2023-05-10 23:52:16,pb2312,pb2312,15305.0,0.0,0.0,0.0,3,15280.0,15350.0,1,15305.0,0.0,0.0,0.0,0.0,0.0,94
2023-05-10 23:52:51,pb2312,pb2312,15305.0,0.0,0.0,0.0,3,15280.0,15345.0,2,15305.0,0.0,0.0,0.0,0.0,0.0,94
2023-05-10 23:55:43,pb2312,pb2312,15305.0,0.0,0.0,0.0,3,15280.0,15345.0,2,15305.0,0.0,0.0,0.0,0.0,0.0,94
2023-05-10 23:55:43,pb2312,pb2312,15305.0,0.0,0.0,0.0,3,15280.0,15345.0,2,15305.0,0.0,0.0,0.0,0.0,0.0,94
2023-05-10 23:57:31,pb2312,pb2312,15305.0,0.0,0.0,0.0,2,15280.0,15345.0,2,15305.0,0.0,0.0,0.0,0.0,0.0,94
2023-05-10 23:57:32,pb2312,pb2312,15305.0,0.0,0.0,0.0,3,15280.0,15345.0,3,15305.0,0.0,0.0,0.0,0.0,0.0,94
2023-05-10 23:57:52,pb2312,pb2312,15305.0,0.0,0.0,0.0,3,15280.0,15345.0,1,15305.0,0.0,0.0,0.0,0.0,0.0,94
2023-05-10 23:58:18,pb2312,pb2312,15305.0,0.0,0.0,0.0,3,15280.0,15340.0,2,15305.0,0.0,0.0,0.0,0.0,0.0,94
2023-05-10 23:59:44,pb2312,pb2312,15305.0,0.0,0.0,0.0,3,15280.0,15345.0,1,15305.0,0.0,0.0,0.0,0.0,0.0,94
2023-05-11 00:00:23,pb2312,pb2312,15305.0,0.0,0.0,0.0,3,15280.0,15340.0,2,15305.0,0.0,0.0,0.0,0.0,0.0,94
2023-05-11 00:00:23,pb2312,pb2312,15305.0,0.0,0.0,0.0,2,15280.0,15340.0,2,15305.0,0.0,0.0,0.0,0.0,0.0,94
2023-05-11 00:00:29,pb2312,pb2312,15305.0,0.0,0.0,0.0,3,15280.0,15340.0,2,15305.0,0.0,0.0,0.0,0.0,0.0,94
2023-05-11 00:05:23,pb2312,pb2312,15305.0,0.0,0.0,0.0,3,15280.0,15370.0,1,15305.0,0.0,0.0,0.0,0.0,0.0,94
2023-05-11 00:05:23,pb2312,pb2312,15305.0,0.0,0.0,0.0,3,15280.0,15365.0,1,15305.0,0.0,0.0,0.0,0.0,0.0,94
2023-05-11 00:05:32,pb2312,pb2312,15305.0,0.0,0.0,0.0,3,15280.0,15360.0,1,15305.0,0.0,0.0,0.0,0.0,0.0,94
2023-05-11 00:05:32,pb2312,pb2312,15305.0,0.0,0.0,0.0,2,15280.0,15355.0,1,15305.0,0.0,0.0,0.0,0.0,0.0,94
2023-05-11 00:05:44,pb2312,pb2312,15305.0,0.0,0.0,0.0,2,15280.0,15355.0,1,15305.0,0.0,0.0,0.0,0.0,0.0,94
2023-05-11 00:05:44,pb2312,pb2312,15305.0,0.0,0.0,0.0,3,15280.0,15355.0,1,15305.0,0.0,0.0,0.0,0.0,0.0,94
2023-05-11 00:05:50,pb2312,pb2312,15305.0,0.0,0.0,0.0,3,15280.0,15350.0,2,15305.0,0.0,0.0,0.0,0.0,0.0,94
2023-05-11 00:05:50,pb2312,pb2312,15305.0,0.0,0.0,0.0,3,15280.0,15350.0,2,15305.0,0.0,0.0,0.0,0.0,0.0,94
2023-05-11 00:10:45,pb2312,pb2312,15305.0,0.0,0.0,0.0,2,15280.0,15350.0,2,15305.0,0.0,0.0,0.0,0.0,0.0,94
2023-05-11 00:10:50,pb2312,pb2312,15305.0,0.0,0.0,0.0,2,15280.0,15365.0,1,15305.0,0.0,0.0,0.0,0.0,0.0,94
2023-05-11 00:10:51,pb2312,pb2312,15305.0,0.0,0.0,0.0,3,15280.0,15360.0,1,15305.0,0.0,0.0,0.0,0.0,0.0,94
2023-05-11 00:10:52,pb2312,pb2312,15305.0,0.0,0.0,0.0,3,15280.0,15360.0,2,15305.0,0.0,0.0,0.0,0.0,0.0,94
2023-05-11 00:11:18,pb2312,pb2312,15305.0,0.0,0.0,0.0,3,15280.0,15355.0,2,15305.0,0.0,0.0,0.0,0.0,0.0,94
2023-05-11 00:11:19,pb2312,pb2312,15305.0,0.0,0.0,0.0,3,15280.0,15355.0,2,15305.0,0.0,0.0,0.0,0.0,0.0,94
2023-05-11 00:16:19,pb2312,pb2312,15305.0,0.0,0.0,0.0,3,15280.0,15360.0,1,15305.0,0.0,0.0,0.0,0.0,0.0,94
2023-05-11 00:16:19,pb2312,pb2312,15305.0,0.0,0.0,0.0,2,15280.0,15355.0,1,15305.0,0.0,0.0,0.0,0.0,0.0,94
2023-05-11 00:16:53,pb2312,pb2312,15305.0,0.0,0.0,0.0,2,15280.0,15350.0,2,15305.0,0.0,0.0,0.0,0.0,0.0,94
2023-05-11 00:16:53,pb2312,pb2312,15305.0,0.0,0.0,0.0,3,15280.0,15350.0,2,15305.0,0.0,0.0,0.0,0.0,0.0,94
2023-05-11 00:19:17,pb2312,pb2312,15305.0,0.0,0.0,0.0,1,15285.0,15350.0,2,15305.0,0.0,0.0,0.0,0.0,0.0,94
2023-05-11 00:19:44,pb2312,pb2312,15305.0,0.0,0.0,0.0,3,15280.0,15350.0,2,15305.0,0.0,0.0,0.0,0.0,0.0,94
2023-05-11 00:21:53,pb2312,pb2312,15305.0,0.0,0.0,0.0,3,15280.0,15360.0,1,15305.0,0.0,0.0,0.0,0.0,0.0,94
2023-05-11 00:21:54,pb2312,pb2312,15305.0,0.0,0.0,0.0,2,15280.0,15355.0,1,15305.0,0.0,0.0,0.0,0.0,0.0,94
2023-05-11 00:22:22,pb2312,pb2312,15305.0,0.0,0.0,0.0,2,15280.0,15350.0,2,15305.0,0.0,0.0,0.0,0.0,0.0,94
2023-05-11 00:22:22,pb2312,pb2312,15305.0,0.0,0.0,0.0,2,15280.0,15350.0,2,15305.0,0.0,0.0,0.0,0.0,0.0,94
2023-05-11 00:22:23,pb2312,pb2312,15305.0,0.0,0.0,0.0,3,15280.0,15350.0,2,15305.0,0.0,0.0,0.0,0.0,0.0,94
2023-05-11 00:27:22,pb2312,pb2312,15305.0,0.0,0.0,0.0,3,15280.0,15360.0,1,15305.0,0.0,0.0,0.0,0.0,0.0,94
2023-05-11 00:27:23,pb2312,pb2312,15305.0,0.0,0.0,0.0,3,15280.0,15355.0,1,15305.0,0.0,0.0,0.0,0.0,0.0,94
2023-05-11 00:27:25,pb2312,pb2312,15305.0,0.0,0.0,0.0,2,15280.0,15355.0,1,15305.0,0.0,0.0,0.0,0.0,0.0,94
2023-05-11 00:27:51,pb2312,pb2312,15305.0,0.0,0.0,0.0,2,15280.0,15350.0,2,15305.0,0.0,0.0,0.0,0.0,0.0,94
2023-05-11 00:27:52,pb2312,pb2312,15305.0,0.0,0.0,0.0,2,15280.0,15350.0,3,15305.0,0.0,0.0,0.0,0.0,0.0,94
2023-05-11 00:27:52,pb2312,pb2312,15305.0,0.0,0.0,0.0,3,15280.0,15350.0,3,15305.0,0.0,0.0,0.0,0.0,0.0,94
2023-05-11 00:31:08,pb2312,pb2312,15305.0,0.0,0.0,0.0,1,15285.0,15350.0,3,15305.0,0.0,0.0,0.0,0.0,0.0,94
2023-05-11 00:32:51,pb2312,pb2312,15305.0,0.0,0.0,0.0,1,15285.0,15350.0,1,15305.0,0.0,0.0,0.0,0.0,0.0,94
2023-05-11 00:32:52,pb2312,pb2312,15305.0,0.0,0.0,0.0,3,15280.0,15350.0,1,15305.0,0.0,0.0,0.0,0.0,0.0,94
2023-05-11 00:33:16,pb2312,pb2312,15305.0,0.0,0.0,0.0,2,15280.0,15350.0,1,15305.0,0.0,0.0,0.0,0.0,0.0,94
2023-05-11 00:33:20,pb2312,pb2312,15305.0,0.0,0.0,0.0,2,15280.0,15345.0,2,15305.0,0.0,0.0,0.0,0.0,0.0,94
2023-05-11 00:33:20,pb2312,pb2312,15305.0,0.0,0.0,0.0,3,15280.0,15345.0,2,15305.0,0.0,0.0,0.0,0.0,0.0,94
2023-05-11 00:38:20,pb2312,pb2312,15305.0,0.0,0.0,0.0,3,15280.0,15350.0,1,15305.0,0.0,0.0,0.0,0.0,0.0,94
2023-05-11 00:38:21,pb2312,pb2312,15305.0,0.0,0.0,0.0,2,15280.0,15350.0,1,15305.0,0.0,0.0,0.0,0.0,0.0,94
2023-05-11 00:38:41,pb2312,pb2312,15305.0,0.0,0.0,0.0,2,15280.0,15345.0,2,15305.0,0.0,0.0,0.0,0.0,0.0,94
2023-05-11 00:39:39,pb2312,pb2312,15305.0,0.0,0.0,0.0,3,15280.0,15345.0,2,15305.0,0.0,0.0,0.0,0.0,0.0,94
2023-05-11 00:43:41,pb2312,pb2312,15305.0,0.0,0.0,0.0,3,15280.0,15350.0,1,15305.0,0.0,0.0,0.0,0.0,0.0,94
2023-05-11 00:43:46,pb2312,pb2312,15305.0,0.0,0.0,0.0,3,15280.0,15345.0,2,15305.0,0.0,0.0,0.0,0.0,0.0,94
2023-05-11 00:43:47,pb2312,pb2312,15305.0,0.0,0.0,0.0,3,15280.0,15345.0,2,15305.0,0.0,0.0,0.0,0.0,0.0,94
2023-05-11 00:45:19,pb2312,pb2312,15305.0,0.0,0.0,0.0,2,15280.0,15345.0,2,15305.0,0.0,0.0,0.0,0.0,0.0,94
2023-05-11 00:45:50,pb2312,pb2312,15305.0,0.0,0.0,0.0,3,15280.0,15345.0,2,15305.0,0.0,0.0,0.0,0.0,0.0,94
2023-05-11 00:48:46,pb2312,pb2312,15305.0,0.0,0.0,0.0,3,15280.0,15360.0,1,15305.0,0.0,0.0,0.0,0.0,0.0,94
2023-05-11 00:48:47,pb2312,pb2312,15305.0,0.0,0.0,0.0,3,15280.0,15355.0,1,15305.0,0.0,0.0,0.0,0.0,0.0,94
2023-05-11 00:49:15,pb2312,pb2312,15305.0,0.0,0.0,0.0,3,15280.0,15350.0,2,15305.0,0.0,0.0,0.0,0.0,0.0,94
2023-05-11 00:49:16,pb2312,pb2312,15305.0,0.0,0.0,0.0,3,15280.0,15350.0,2,15305.0,0.0,0.0,0.0,0.0,0.0,94
2023-05-11 00:51:18,pb2312,pb2312,15305.0,0.0,0.0,0.0,2,15280.0,15350.0,2,15305.0,0.0,0.0,0.0,0.0,0.0,94
2023-05-11 00:53:33,pb2312,pb2312,15305.0,0.0,0.0,0.0,3,15280.0,15350.0,2,15305.0,0.0,0.0,0.0,0.0,0.0,94
