time,symbol_id,symbol_name,last,trade_volume,trade_amount,open_interest_change,bv1,bp1,ap1,av1,yesterday_close,today_open,today_high,today_low,volume,amount,open_interest
2023-05-10 19:12:58,PF2312,PF312,6948.0,0.0,0.0,0.0,0,0.0,0.0,0,6948.0,6956.0,0.0,0.0,0.0,0.0,180
2023-05-10 21:00:02,PF2312,PF312,6948.0,0.0,0.0,0.0,2,6942.0,7002.0,1,6948.0,6956.0,0.0,0.0,0.0,0.0,180
2023-05-10 21:00:09,PF2312,PF312,6948.0,0.0,0.0,0.0,3,6942.0,7002.0,1,6948.0,6956.0,0.0,0.0,0.0,0.0,180
2023-05-10 21:00:13,PF2312,PF312,6948.0,0.0,0.0,0.0,3,6942.0,7014.0,1,6948.0,6956.0,0.0,0.0,0.0,0.0,180
2023-05-10 21:00:14,PF2312,PF312,6948.0,0.0,0.0,0.0,3,6942.0,7014.0,2,6948.0,6956.0,0.0,0.0,0.0,0.0,180
2023-05-10 21:00:16,PF2312,PF312,6948.0,0.0,0.0,0.0,2,6942.0,7014.0,2,6948.0,6956.0,0.0,0.0,0.0,0.0,180
2023-05-10 21:00:17,PF2312,PF312,6948.0,0.0,0.0,0.0,1,6968.0,7014.0,2,6948.0,6956.0,0.0,0.0,0.0,0.0,180
2023-05-10 21:00:17,PF2312,PF312,6948.0,0.0,0.0,0.0,1,6968.0,7014.0,1,6948.0,6956.0,0.0,0.0,0.0,0.0,180
2023-05-10 21:00:19,PF2312,PF312,6948.0,0.0,0.0,0.0,1,6968.0,7012.0,1,6948.0,6956.0,0.0,0.0,0.0,0.0,180
2023-05-10 21:00:24,PF2312,PF312,6948.0,0.0,0.0,0.0,1,6968.0,7010.0,2,6948.0,6956.0,0.0,0.0,0.0,0.0,180
2023-05-10 21:00:25,PF2312,PF312,6948.0,0.0,0.0,0.0,2,6942.0,7010.0,2,6948.0,6956.0,0.0,0.0,0.0,0.0,180
2023-05-10 21:00:32,PF2312,PF312,6948.0,0.0,0.0,0.0,1,6942.0,7010.0,2,6948.0,6956.0,0.0,0.0,0.0,0.0,180
2023-05-10 21:00:33,PF2312,PF312,6948.0,0.0,0.0,0.0,1,6966.0,7010.0,2,6948.0,6956.0,0.0,0.0,0.0,0.0,180
2023-05-10 21:00:34,PF2312,PF312,6948.0,0.0,0.0,0.0,2,6966.0,7010.0,2,6948.0,6956.0,0.0,0.0,0.0,0.0,180
2023-05-10 21:00:35,PF2312,PF312,6948.0,0.0,0.0,0.0,2,6966.0,7010.0,1,6948.0,6956.0,0.0,0.0,0.0,0.0,180
2023-05-10 21:00:37,PF2312,PF312,6948.0,0.0,0.0,0.0,2,6966.0,7012.0,1,6948.0,6956.0,0.0,0.0,0.0,0.0,180
2023-05-10 21:00:56,PF2312,PF312,6948.0,0.0,0.0,0.0,2,6966.0,7010.0,1,6948.0,6956.0,0.0,0.0,0.0,0.0,180
2023-05-10 21:01:01,PF2312,PF312,6948.0,0.0,0.0,0.0,1,6976.0,7010.0,1,6948.0,6956.0,0.0,0.0,0.0,0.0,180
2023-05-10 21:01:02,PF2312,PF312,6948.0,0.0,0.0,0.0,1,6982.0,7010.0,1,6948.0,6956.0,0.0,0.0,0.0,0.0,180
2023-05-10 21:01:46,PF2312,PF312,6948.0,0.0,0.0,0.0,1,6982.0,7008.0,2,6948.0,6956.0,0.0,0.0,0.0,0.0,180
2023-05-10 21:01:50,PF2312,PF312,6948.0,0.0,0.0,0.0,1,6982.0,7010.0,1,6948.0,6956.0,0.0,0.0,0.0,0.0,180
2023-05-10 21:02:10,PF2312,PF312,6948.0,0.0,0.0,0.0,1,6982.0,7010.0,2,6948.0,6956.0,0.0,0.0,0.0,0.0,180
2023-05-10 21:02:11,PF2312,PF312,6948.0,0.0,0.0,0.0,1,6976.0,7010.0,2,6948.0,6956.0,0.0,0.0,0.0,0.0,180
2023-05-10 21:02:22,PF2312,PF312,6948.0,0.0,0.0,0.0,2,6966.0,7010.0,2,6948.0,6956.0,0.0,0.0,0.0,0.0,180
2023-05-10 21:02:28,PF2312,PF312,6948.0,0.0,0.0,0.0,1,6970.0,7010.0,2,6948.0,6956.0,0.0,0.0,0.0,0.0,180
2023-05-10 21:02:29,PF2312,PF312,6948.0,0.0,0.0,0.0,1,6976.0,7010.0,2,6948.0,6956.0,0.0,0.0,0.0,0.0,180
2023-05-10 21:03:00,PF2312,PF312,6948.0,0.0,0.0,0.0,1,6970.0,7010.0,2,6948.0,6956.0,0.0,0.0,0.0,0.0,180
2023-05-10 21:03:04,PF2312,PF312,6948.0,0.0,0.0,0.0,1,6966.0,7010.0,2,6948.0,6956.0,0.0,0.0,0.0,0.0,180
2023-05-10 21:03:04,PF2312,PF312,6948.0,0.0,0.0,0.0,1,6966.0,6988.0,1,6948.0,6956.0,0.0,0.0,0.0,0.0,180
2023-05-10 21:03:07,PF2312,PF312,6948.0,0.0,0.0,0.0,1,6966.0,7010.0,2,6948.0,6956.0,0.0,0.0,0.0,0.0,180
2023-05-10 21:03:12,PF2312,PF312,6948.0,0.0,0.0,0.0,1,6966.0,7008.0,2,6948.0,6956.0,0.0,0.0,0.0,0.0,180
2023-05-10 21:03:12,PF2312,PF312,6948.0,0.0,0.0,0.0,1,6970.0,7006.0,1,6948.0,6956.0,0.0,0.0,0.0,0.0,180
2023-05-10 21:03:42,PF2312,PF312,6948.0,0.0,0.0,0.0,1,6972.0,7006.0,1,6948.0,6956.0,0.0,0.0,0.0,0.0,180
2023-05-10 21:03:46,PF2312,PF312,6948.0,0.0,0.0,0.0,1,6972.0,7006.0,3,6948.0,6956.0,0.0,0.0,0.0,0.0,180
2023-05-10 21:03:51,PF2312,PF312,6948.0,0.0,0.0,0.0,1,6972.0,7004.0,2,6948.0,6956.0,0.0,0.0,0.0,0.0,180
2023-05-10 21:03:51,PF2312,PF312,6948.0,0.0,0.0,0.0,1,6972.0,7004.0,3,6948.0,6956.0,0.0,0.0,0.0,0.0,180
2023-05-10 21:03:54,PF2312,PF312,6948.0,0.0,0.0,0.0,1,6966.0,7004.0,3,6948.0,6956.0,0.0,0.0,0.0,0.0,180
2023-05-10 21:03:54,PF2312,PF312,6948.0,0.0,0.0,0.0,1,6974.0,7004.0,3,6948.0,6956.0,0.0,0.0,0.0,0.0,180
2023-05-10 21:03:54,PF2312,PF312,6948.0,0.0,0.0,0.0,1,6974.0,7002.0,2,6948.0,6956.0,0.0,0.0,0.0,0.0,180
2023-05-10 21:03:55,PF2312,PF312,6948.0,0.0,0.0,0.0,1,6974.0,7002.0,3,6948.0,6956.0,0.0,0.0,0.0,0.0,180
2023-05-10 21:03:56,PF2312,PF312,6948.0,0.0,0.0,0.0,1,6976.0,7002.0,3,6948.0,6956.0,0.0,0.0,0.0,0.0,180
2023-05-10 21:03:57,PF2312,PF312,6948.0,0.0,0.0,0.0,1,6976.0,7002.0,4,6948.0,6956.0,0.0,0.0,0.0,0.0,180
2023-05-10 21:03:57,PF2312,PF312,6948.0,0.0,0.0,0.0,1,6978.0,7002.0,3,6948.0,6956.0,0.0,0.0,0.0,0.0,180
2023-05-10 21:04:00,PF2312,PF312,6948.0,0.0,0.0,0.0,1,6980.0,7002.0,3,6948.0,6956.0,0.0,0.0,0.0,0.0,180
2023-05-10 21:04:06,PF2312,PF312,6948.0,0.0,0.0,0.0,1,6982.0,7002.0,3,6948.0,6956.0,0.0,0.0,0.0,0.0,180
2023-05-10 21:04:09,PF2312,PF312,6948.0,0.0,0.0,0.0,1,6984.0,7002.0,3,6948.0,6956.0,0.0,0.0,0.0,0.0,180
2023-05-10 21:04:11,PF2312,PF312,6948.0,0.0,0.0,0.0,1,6966.0,7002.0,3,6948.0,6956.0,0.0,0.0,0.0,0.0,180
2023-05-10 21:04:52,PF2312,PF312,6948.0,0.0,0.0,0.0,1,6966.0,7002.0,5,6948.0,6956.0,0.0,0.0,0.0,0.0,180
2023-05-10 21:04:53,PF2312,PF312,6948.0,0.0,0.0,0.0,1,6960.0,7002.0,3,6948.0,6956.0,0.0,0.0,0.0,0.0,180
2023-05-10 21:04:53,PF2312,PF312,6948.0,0.0,0.0,0.0,1,6956.0,7002.0,3,6948.0,6956.0,0.0,0.0,0.0,0.0,180
2023-05-10 21:04:54,PF2312,PF312,6948.0,0.0,0.0,0.0,2,6956.0,7002.0,3,6948.0,6956.0,0.0,0.0,0.0,0.0,180
2023-05-10 21:05:12,PF2312,PF312,6948.0,0.0,0.0,0.0,2,6956.0,7002.0,5,6948.0,6956.0,0.0,0.0,0.0,0.0,180
2023-05-10 21:05:13,PF2312,PF312,6948.0,0.0,0.0,0.0,2,6956.0,7000.0,1,6948.0,6956.0,0.0,0.0,0.0,0.0,180
2023-05-10 21:05:13,PF2312,PF312,6948.0,0.0,0.0,0.0,2,6956.0,6998.0,2,6948.0,6956.0,0.0,0.0,0.0,0.0,180
2023-05-10 21:05:14,PF2312,PF312,6948.0,0.0,0.0,0.0,2,6956.0,6998.0,3,6948.0,6956.0,0.0,0.0,0.0,0.0,180
2023-05-10 21:05:15,PF2312,PF312,6948.0,0.0,0.0,0.0,2,6956.0,6998.0,2,6948.0,6956.0,0.0,0.0,0.0,0.0,180
2023-05-10 21:05:19,PF2312,PF312,6948.0,0.0,0.0,0.0,1,6960.0,6998.0,2,6948.0,6956.0,0.0,0.0,0.0,0.0,180
2023-05-10 21:05:26,PF2312,PF312,6948.0,0.0,0.0,0.0,1,6960.0,6998.0,3,6948.0,6956.0,0.0,0.0,0.0,0.0,180
2023-05-10 21:05:28,PF2312,PF312,6948.0,0.0,0.0,0.0,1,6962.0,6998.0,3,6948.0,6956.0,0.0,0.0,0.0,0.0,180
2023-05-10 21:05:33,PF2312,PF312,6948.0,0.0,0.0,0.0,1,6964.0,6998.0,3,6948.0,6956.0,0.0,0.0,0.0,0.0,180
2023-05-10 21:05:35,PF2312,PF312,6948.0,0.0,0.0,0.0,1,6966.0,6998.0,3,6948.0,6956.0,0.0,0.0,0.0,0.0,180
2023-05-10 21:05:37,PF2312,PF312,6948.0,0.0,0.0,0.0,1,6966.0,6996.0,2,6948.0,6956.0,0.0,0.0,0.0,0.0,180
2023-05-10 21:05:38,PF2312,PF312,6948.0,0.0,0.0,0.0,1,6968.0,6996.0,4,6948.0,6956.0,0.0,0.0,0.0,0.0,180
2023-05-10 21:05:38,PF2312,PF312,6948.0,0.0,0.0,0.0,1,6968.0,6996.0,2,6948.0,6956.0,0.0,0.0,0.0,0.0,180
2023-05-10 21:05:39,PF2312,PF312,6948.0,0.0,0.0,0.0,1,6968.0,6996.0,4,6948.0,6956.0,0.0,0.0,0.0,0.0,180
2023-05-10 21:05:40,PF2312,PF312,6948.0,0.0,0.0,0.0,1,6970.0,6996.0,2,6948.0,6956.0,0.0,0.0,0.0,0.0,180
2023-05-10 21:05:40,PF2312,PF312,6948.0,0.0,0.0,0.0,1,6970.0,6996.0,4,6948.0,6956.0,0.0,0.0,0.0,0.0,180
2023-05-10 21:05:43,PF2312,PF312,6948.0,0.0,0.0,0.0,1,6972.0,6996.0,4,6948.0,6956.0,0.0,0.0,0.0,0.0,180
2023-05-10 21:05:43,PF2312,PF312,6948.0,0.0,0.0,0.0,1,6972.0,6996.0,2,6948.0,6956.0,0.0,0.0,0.0,0.0,180
2023-05-10 21:05:47,PF2312,PF312,6948.0,0.0,0.0,0.0,1,6956.0,6996.0,2,6948.0,6956.0,0.0,0.0,0.0,0.0,180
2023-05-10 21:05:47,PF2312,PF312,6948.0,0.0,0.0,0.0,1,6956.0,6996.0,4,6948.0,6956.0,0.0,0.0,0.0,0.0,180
2023-05-10 21:05:48,PF2312,PF312,6948.0,0.0,0.0,0.0,1,6956.0,6996.0,2,6948.0,6956.0,0.0,0.0,0.0,0.0,180
2023-05-10 21:05:49,PF2312,PF312,6948.0,0.0,0.0,0.0,1,6956.0,6996.0,4,6948.0,6956.0,0.0,0.0,0.0,0.0,180
2023-05-10 21:05:52,PF2312,PF312,6948.0,0.0,0.0,0.0,1,6956.0,6996.0,2,6948.0,6956.0,0.0,0.0,0.0,0.0,180
2023-05-10 21:06:03,PF2312,PF312,6948.0,0.0,0.0,0.0,1,6964.0,6996.0,2,6948.0,6956.0,0.0,0.0,0.0,0.0,180
2023-05-10 21:06:07,PF2312,PF312,6948.0,0.0,0.0,0.0,1,6964.0,6996.0,1,6948.0,6956.0,0.0,0.0,0.0,0.0,180
2023-05-10 21:06:15,PF2312,PF312,6948.0,0.0,0.0,0.0,1,6968.0,6996.0,1,6948.0,6956.0,0.0,0.0,0.0,0.0,180
2023-05-10 21:06:19,PF2312,PF312,6948.0,0.0,0.0,0.0,1,6970.0,6996.0,1,6948.0,6956.0,0.0,0.0,0.0,0.0,180
2023-05-10 21:06:21,PF2312,PF312,6948.0,0.0,0.0,0.0,1,6972.0,6996.0,1,6948.0,6956.0,0.0,0.0,0.0,0.0,180
2023-05-10 21:06:23,PF2312,PF312,6948.0,0.0,0.0,0.0,1,6974.0,6996.0,1,6948.0,6956.0,0.0,0.0,0.0,0.0,180
2023-05-10 21:06:24,PF2312,PF312,6948.0,0.0,0.0,0.0,1,6976.0,6996.0,1,6948.0,6956.0,0.0,0.0,0.0,0.0,180
2023-05-10 21:06:27,PF2312,PF312,6948.0,0.0,0.0,0.0,1,6978.0,6996.0,1,6948.0,6956.0,0.0,0.0,0.0,0.0,180
2023-05-10 21:06:29,PF2312,PF312,6948.0,0.0,0.0,0.0,1,6980.0,6996.0,1,6948.0,6956.0,0.0,0.0,0.0,0.0,180
2023-05-10 21:06:30,PF2312,PF312,6948.0,0.0,0.0,0.0,1,6982.0,6996.0,1,6948.0,6956.0,0.0,0.0,0.0,0.0,180
2023-05-10 21:06:33,PF2312,PF312,6948.0,0.0,0.0,0.0,1,6984.0,6996.0,1,6948.0,6956.0,0.0,0.0,0.0,0.0,180
2023-05-10 21:06:34,PF2312,PF312,6948.0,0.0,0.0,0.0,1,6956.0,6996.0,1,6948.0,6956.0,0.0,0.0,0.0,0.0,180
2023-05-10 21:06:34,PF2312,PF312,6948.0,0.0,0.0,0.0,1,6986.0,6996.0,1,6948.0,6956.0,0.0,0.0,0.0,0.0,180
2023-05-10 21:06:35,PF2312,PF312,6986.0,4.0,27888.0,2.0,1,6986.0,6996.0,1,6948.0,6956.0,6986.0,6956.0,4.0,27888.0,182
2023-05-10 21:06:35,PF2312,PF312,6986.0,2.0,13944.0,1.0,1,6956.0,6996.0,1,6948.0,6956.0,6986.0,6956.0,6.0,41832.0,183
2023-05-10 21:06:36,PF2312,PF312,6986.0,0.0,0.0,0.0,1,6958.0,6996.0,1,6948.0,6956.0,6986.0,6956.0,6.0,41832.0,183
2023-05-10 21:06:37,PF2312,PF312,6986.0,0.0,0.0,0.0,2,6958.0,6996.0,1,6948.0,6956.0,6986.0,6956.0,6.0,41832.0,183
2023-05-10 21:06:38,PF2312,PF312,6986.0,0.0,0.0,0.0,3,6958.0,6996.0,1,6948.0,6956.0,6986.0,6956.0,6.0,41832.0,183
2023-05-10 21:06:46,PF2312,PF312,6986.0,0.0,0.0,0.0,1,6962.0,6996.0,1,6948.0,6956.0,6986.0,6956.0,6.0,41832.0,183
2023-05-10 21:06:47,PF2312,PF312,6986.0,0.0,0.0,0.0,1,6962.0,6994.0,2,6948.0,6956.0,6986.0,6956.0,6.0,41832.0,183
2023-05-10 21:06:47,PF2312,PF312,6986.0,0.0,0.0,0.0,3,6962.0,6992.0,1,6948.0,6956.0,6986.0,6956.0,6.0,41832.0,183
2023-05-10 21:06:49,PF2312,PF312,6986.0,0.0,0.0,0.0,3,6962.0,6994.0,2,6948.0,6956.0,6986.0,6956.0,6.0,41832.0,183
2023-05-10 21:07:11,PF2312,PF312,6986.0,0.0,0.0,0.0,1,6974.0,6994.0,2,6948.0,6956.0,6986.0,6956.0,6.0,41832.0,183
2023-05-10 21:07:13,PF2312,PF312,6986.0,0.0,0.0,0.0,1,6976.0,6994.0,2,6948.0,6956.0,6986.0,6956.0,6.0,41832.0,183
2023-05-10 21:07:15,PF2312,PF312,6986.0,0.0,0.0,0.0,1,6978.0,6994.0,2,6948.0,6956.0,6986.0,6956.0,6.0,41832.0,183
2023-05-10 21:07:18,PF2312,PF312,6986.0,0.0,0.0,0.0,1,6980.0,6994.0,2,6948.0,6956.0,6986.0,6956.0,6.0,41832.0,183
2023-05-10 21:07:21,PF2312,PF312,6986.0,0.0,0.0,0.0,1,6982.0,6994.0,2,6948.0,6956.0,6986.0,6956.0,6.0,41832.0,183
2023-05-10 21:07:22,PF2312,PF312,6986.0,0.0,0.0,0.0,1,6982.0,6996.0,1,6948.0,6956.0,6986.0,6956.0,6.0,41832.0,183
2023-05-10 21:07:23,PF2312,PF312,6986.0,0.0,0.0,0.0,1,6984.0,6996.0,1,6948.0,6956.0,6986.0,6956.0,6.0,41832.0,183
2023-05-10 21:07:23,PF2312,PF312,6986.0,0.0,0.0,0.0,1,6984.0,6996.0,2,6948.0,6956.0,6986.0,6956.0,6.0,41832.0,183
2023-05-10 21:07:25,PF2312,PF312,6986.0,0.0,0.0,0.0,1,6986.0,6996.0,2,6948.0,6956.0,6986.0,6956.0,6.0,41832.0,183
2023-05-10 21:07:27,PF2312,PF312,6986.0,0.0,0.0,0.0,1,6988.0,6996.0,1,6948.0,6956.0,6986.0,6956.0,6.0,41832.0,183
2023-05-10 21:07:28,PF2312,PF312,6986.0,0.0,0.0,0.0,1,6956.0,6996.0,1,6948.0,6956.0,6986.0,6956.0,6.0,41832.0,183
2023-05-10 21:07:28,PF2312,PF312,6986.0,0.0,0.0,0.0,1,6958.0,7006.0,1,6948.0,6956.0,6986.0,6956.0,6.0,41832.0,183
2023-05-10 21:07:29,PF2312,PF312,6986.0,0.0,0.0,0.0,1,6958.0,7006.0,2,6948.0,6956.0,6986.0,6956.0,6.0,41832.0,183
2023-05-10 21:07:30,PF2312,PF312,6986.0,0.0,0.0,0.0,5,6958.0,6996.0,1,6948.0,6956.0,6986.0,6956.0,6.0,41832.0,183
2023-05-10 21:07:35,PF2312,PF312,6986.0,0.0,0.0,0.0,6,6958.0,6996.0,1,6948.0,6956.0,6986.0,6956.0,6.0,41832.0,183
2023-05-10 21:07:38,PF2312,PF312,6986.0,0.0,0.0,0.0,5,6958.0,6996.0,1,6948.0,6956.0,6986.0,6956.0,6.0,41832.0,183
2023-05-10 21:07:41,PF2312,PF312,6986.0,0.0,0.0,0.0,4,6958.0,6996.0,1,6948.0,6956.0,6986.0,6956.0,6.0,41832.0,183
2023-05-10 21:08:00,PF2312,PF312,6986.0,0.0,0.0,0.0,2,6958.0,6996.0,1,6948.0,6956.0,6986.0,6956.0,6.0,41832.0,183
2023-05-10 21:08:12,PF2312,PF312,6986.0,0.0,0.0,0.0,1,6962.0,6994.0,2,6948.0,6956.0,6986.0,6956.0,6.0,41832.0,183
2023-05-10 21:08:13,PF2312,PF312,6986.0,0.0,0.0,0.0,3,6962.0,6994.0,2,6948.0,6956.0,6986.0,6956.0,6.0,41832.0,183
2023-05-10 21:08:19,PF2312,PF312,6986.0,0.0,0.0,0.0,1,6974.0,6994.0,2,6948.0,6956.0,6986.0,6956.0,6.0,41832.0,183
2023-05-10 21:08:40,PF2312,PF312,6986.0,0.0,0.0,0.0,2,6974.0,6994.0,2,6948.0,6956.0,6986.0,6956.0,6.0,41832.0,183
2023-05-10 21:08:44,PF2312,PF312,6986.0,0.0,0.0,0.0,3,6974.0,6994.0,2,6948.0,6956.0,6986.0,6956.0,6.0,41832.0,183
2023-05-10 21:08:44,PF2312,PF312,6986.0,0.0,0.0,0.0,2,6974.0,6994.0,2,6948.0,6956.0,6986.0,6956.0,6.0,41832.0,183
2023-05-10 21:08:45,PF2312,PF312,6986.0,0.0,0.0,0.0,3,6974.0,6994.0,2,6948.0,6956.0,6986.0,6956.0,6.0,41832.0,183
2023-05-10 21:08:46,PF2312,PF312,6986.0,0.0,0.0,0.0,2,6974.0,6994.0,2,6948.0,6956.0,6986.0,6956.0,6.0,41832.0,183
2023-05-10 21:08:46,PF2312,PF312,6986.0,0.0,0.0,0.0,1,6974.0,6994.0,2,6948.0,6956.0,6986.0,6956.0,6.0,41832.0,183
2023-05-10 21:08:48,PF2312,PF312,6986.0,0.0,0.0,0.0,2,6974.0,6994.0,2,6948.0,6956.0,6986.0,6956.0,6.0,41832.0,183
2023-05-10 21:08:49,PF2312,PF312,6986.0,0.0,0.0,0.0,1,6974.0,6994.0,2,6948.0,6956.0,6986.0,6956.0,6.0,41832.0,183
2023-05-10 21:08:55,PF2312,PF312,6986.0,0.0,0.0,0.0,1,6974.0,6994.0,3,6948.0,6956.0,6986.0,6956.0,6.0,41832.0,183
2023-05-10 21:08:56,PF2312,PF312,6986.0,0.0,0.0,0.0,1,6974.0,6994.0,2,6948.0,6956.0,6986.0,6956.0,6.0,41832.0,183
2023-05-10 21:09:37,PF2312,PF312,6986.0,0.0,0.0,0.0,1,6974.0,6994.0,3,6948.0,6956.0,6986.0,6956.0,6.0,41832.0,183
2023-05-10 21:09:39,PF2312,PF312,6986.0,0.0,0.0,0.0,1,6974.0,6994.0,2,6948.0,6956.0,6986.0,6956.0,6.0,41832.0,183
2023-05-10 21:09:47,PF2312,PF312,6986.0,0.0,0.0,0.0,2,6974.0,6994.0,2,6948.0,6956.0,6986.0,6956.0,6.0,41832.0,183
2023-05-10 21:10:00,PF2312,PF312,6974.0,1.0,6972.0,1.0,1,6956.0,6994.0,2,6948.0,6956.0,6986.0,6956.0,7.0,48804.0,184
2023-05-10 21:10:00,PF2312,PF312,6974.0,0.0,0.0,0.0,1,6956.0,6992.0,1,6948.0,6956.0,6986.0,6956.0,7.0,48804.0,184
2023-05-10 21:10:01,PF2312,PF312,6974.0,0.0,0.0,0.0,3,6956.0,6992.0,1,6948.0,6956.0,6986.0,6956.0,7.0,48804.0,184
2023-05-10 21:10:20,PF2312,PF312,6974.0,0.0,0.0,0.0,1,6966.0,6992.0,1,6948.0,6956.0,6986.0,6956.0,7.0,48804.0,184
2023-05-10 21:10:21,PF2312,PF312,6974.0,0.0,0.0,0.0,3,6966.0,6992.0,1,6948.0,6956.0,6986.0,6956.0,7.0,48804.0,184
2023-05-10 21:11:02,PF2312,PF312,6974.0,0.0,0.0,0.0,3,6966.0,6990.0,2,6948.0,6956.0,6986.0,6956.0,7.0,48804.0,184
2023-05-10 21:11:02,PF2312,PF312,6974.0,0.0,0.0,0.0,3,6966.0,6988.0,1,6948.0,6956.0,6986.0,6956.0,7.0,48804.0,184
2023-05-10 21:11:45,PF2312,PF312,6974.0,0.0,0.0,0.0,2,6968.0,6988.0,1,6948.0,6956.0,6986.0,6956.0,7.0,48804.0,184
2023-05-10 21:11:52,PF2312,PF312,6974.0,0.0,0.0,0.0,4,6968.0,6988.0,1,6948.0,6956.0,6986.0,6956.0,7.0,48804.0,184
2023-05-10 21:12:27,PF2312,PF312,6968.0,1.0,6972.0,1.0,3,6968.0,6988.0,1,6948.0,6956.0,6986.0,6956.0,8.0,55776.0,185
2023-05-10 21:12:28,PF2312,PF312,6968.0,0.0,0.0,0.0,2,6968.0,7002.0,1,6948.0,6956.0,6986.0,6956.0,8.0,55776.0,185
2023-05-10 21:12:28,PF2312,PF312,6968.0,0.0,0.0,0.0,1,6968.0,7000.0,1,6948.0,6956.0,6986.0,6956.0,8.0,55776.0,185
2023-05-10 21:12:29,PF2312,PF312,6968.0,0.0,0.0,0.0,1,6968.0,7000.0,2,6948.0,6956.0,6986.0,6956.0,8.0,55776.0,185
2023-05-10 21:12:29,PF2312,PF312,6968.0,0.0,0.0,0.0,1,6968.0,7000.0,3,6948.0,6956.0,6986.0,6956.0,8.0,55776.0,185
2023-05-10 21:12:30,PF2312,PF312,6968.0,0.0,0.0,0.0,1,6966.0,7000.0,3,6948.0,6956.0,6986.0,6956.0,8.0,55776.0,185
2023-05-10 21:12:30,PF2312,PF312,6968.0,0.0,0.0,0.0,2,6966.0,7000.0,3,6948.0,6956.0,6986.0,6956.0,8.0,55776.0,185
2023-05-10 21:12:43,PF2312,PF312,6968.0,0.0,0.0,0.0,1,6966.0,7000.0,3,6948.0,6956.0,6986.0,6956.0,8.0,55776.0,185
2023-05-10 21:12:52,PF2312,PF312,6968.0,0.0,0.0,0.0,2,6966.0,7000.0,3,6948.0,6956.0,6986.0,6956.0,8.0,55776.0,185
2023-05-10 21:12:55,PF2312,PF312,6968.0,0.0,0.0,0.0,1,6966.0,7000.0,3,6948.0,6956.0,6986.0,6956.0,8.0,55776.0,185
2023-05-10 21:12:56,PF2312,PF312,6968.0,0.0,0.0,0.0,1,6966.0,7000.0,5,6948.0,6956.0,6986.0,6956.0,8.0,55776.0,185
2023-05-10 21:12:56,PF2312,PF312,6968.0,0.0,0.0,0.0,1,6966.0,7000.0,6,6948.0,6956.0,6986.0,6956.0,8.0,55776.0,185
2023-05-10 21:13:08,PF2312,PF312,6968.0,0.0,0.0,0.0,1,6966.0,7000.0,5,6948.0,6956.0,6986.0,6956.0,8.0,55776.0,185
2023-05-10 21:13:10,PF2312,PF312,6968.0,0.0,0.0,0.0,1,6966.0,6998.0,1,6948.0,6956.0,6986.0,6956.0,8.0,55776.0,185
2023-05-10 21:13:11,PF2312,PF312,6968.0,0.0,0.0,0.0,1,6966.0,6996.0,1,6948.0,6956.0,6986.0,6956.0,8.0,55776.0,185
2023-05-10 21:13:12,PF2312,PF312,6968.0,0.0,0.0,0.0,2,6966.0,6996.0,2,6948.0,6956.0,6986.0,6956.0,8.0,55776.0,185
2023-05-10 21:13:12,PF2312,PF312,6968.0,0.0,0.0,0.0,2,6966.0,6996.0,3,6948.0,6956.0,6986.0,6956.0,8.0,55776.0,185
2023-05-10 21:13:52,PF2312,PF312,6968.0,0.0,0.0,0.0,2,6966.0,6994.0,1,6948.0,6956.0,6986.0,6956.0,8.0,55776.0,185
2023-05-10 21:13:53,PF2312,PF312,6968.0,0.0,0.0,0.0,2,6966.0,6992.0,1,6948.0,6956.0,6986.0,6956.0,8.0,55776.0,185
2023-05-10 21:13:54,PF2312,PF312,6968.0,0.0,0.0,0.0,2,6966.0,6992.0,2,6948.0,6956.0,6986.0,6956.0,8.0,55776.0,185
2023-05-10 21:14:08,PF2312,PF312,6968.0,0.0,0.0,0.0,2,6966.0,6992.0,1,6948.0,6956.0,6986.0,6956.0,8.0,55776.0,185
2023-05-10 21:14:09,PF2312,PF312,6968.0,0.0,0.0,0.0,3,6966.0,6992.0,1,6948.0,6956.0,6986.0,6956.0,8.0,55776.0,185
2023-05-10 21:14:35,PF2312,PF312,6968.0,0.0,0.0,0.0,3,6966.0,6990.0,1,6948.0,6956.0,6986.0,6956.0,8.0,55776.0,185
2023-05-10 21:16:00,PF2312,PF312,6968.0,0.0,0.0,0.0,1,6968.0,6990.0,1,6948.0,6956.0,6986.0,6956.0,8.0,55776.0,185
2023-05-10 21:16:01,PF2312,PF312,6968.0,0.0,0.0,0.0,3,6968.0,6990.0,1,6948.0,6956.0,6986.0,6956.0,8.0,55776.0,185
2023-05-10 21:16:04,PF2312,PF312,6968.0,0.0,0.0,0.0,2,6968.0,6990.0,1,6948.0,6956.0,6986.0,6956.0,8.0,55776.0,185
2023-05-10 21:16:08,PF2312,PF312,6968.0,0.0,0.0,0.0,1,6968.0,6990.0,1,6948.0,6956.0,6986.0,6956.0,8.0,55776.0,185
2023-05-10 21:16:09,PF2312,PF312,6968.0,0.0,0.0,0.0,1,6968.0,6988.0,1,6948.0,6956.0,6986.0,6956.0,8.0,55776.0,185
2023-05-10 21:16:10,PF2312,PF312,6968.0,0.0,0.0,0.0,1,6966.0,6988.0,1,6948.0,6956.0,6986.0,6956.0,8.0,55776.0,185
2023-05-10 21:16:20,PF2312,PF312,6968.0,0.0,0.0,0.0,1,6966.0,6988.0,2,6948.0,6956.0,6986.0,6956.0,8.0,55776.0,185
2023-05-10 21:16:22,PF2312,PF312,6968.0,0.0,0.0,0.0,1,6966.0,6988.0,3,6948.0,6956.0,6986.0,6956.0,8.0,55776.0,185
2023-05-10 21:16:25,PF2312,PF312,6968.0,0.0,0.0,0.0,1,6966.0,6988.0,6,6948.0,6956.0,6986.0,6956.0,8.0,55776.0,185
2023-05-10 21:16:26,PF2312,PF312,6968.0,0.0,0.0,0.0,1,6966.0,6988.0,4,6948.0,6956.0,6986.0,6956.0,8.0,55776.0,185
2023-05-10 21:16:36,PF2312,PF312,6968.0,0.0,0.0,0.0,1,6966.0,6988.0,6,6948.0,6956.0,6986.0,6956.0,8.0,55776.0,185
2023-05-10 21:16:46,PF2312,PF312,6968.0,0.0,0.0,0.0,1,6966.0,6988.0,4,6948.0,6956.0,6986.0,6956.0,8.0,55776.0,185
2023-05-10 21:16:48,PF2312,PF312,6968.0,0.0,0.0,0.0,1,6960.0,6988.0,4,6948.0,6956.0,6986.0,6956.0,8.0,55776.0,185
2023-05-10 21:17:06,PF2312,PF312,6968.0,0.0,0.0,0.0,1,6960.0,6988.0,6,6948.0,6956.0,6986.0,6956.0,8.0,55776.0,185
2023-05-10 21:17:06,PF2312,PF312,6968.0,0.0,0.0,0.0,1,6960.0,6988.0,4,6948.0,6956.0,6986.0,6956.0,8.0,55776.0,185
2023-05-10 21:17:07,PF2312,PF312,6968.0,0.0,0.0,0.0,1,6960.0,6988.0,6,6948.0,6956.0,6986.0,6956.0,8.0,55776.0,185
2023-05-10 21:17:07,PF2312,PF312,6968.0,0.0,0.0,0.0,1,6960.0,6988.0,4,6948.0,6956.0,6986.0,6956.0,8.0,55776.0,185
2023-05-10 21:17:10,PF2312,PF312,6968.0,0.0,0.0,0.0,1,6960.0,6988.0,6,6948.0,6956.0,6986.0,6956.0,8.0,55776.0,185
2023-05-10 21:17:11,PF2312,PF312,6968.0,0.0,0.0,0.0,1,6960.0,6988.0,4,6948.0,6956.0,6986.0,6956.0,8.0,55776.0,185
2023-05-10 21:17:12,PF2312,PF312,6968.0,0.0,0.0,0.0,1,6960.0,6988.0,5,6948.0,6956.0,6986.0,6956.0,8.0,55776.0,185
2023-05-10 21:17:12,PF2312,PF312,6968.0,0.0,0.0,0.0,1,6960.0,6988.0,7,6948.0,6956.0,6986.0,6956.0,8.0,55776.0,185
2023-05-10 21:17:12,PF2312,PF312,6968.0,0.0,0.0,0.0,1,6960.0,6988.0,6,6948.0,6956.0,6986.0,6956.0,8.0,55776.0,185
2023-05-10 21:17:21,PF2312,PF312,6968.0,0.0,0.0,0.0,1,6952.0,6988.0,7,6948.0,6956.0,6986.0,6956.0,8.0,55776.0,185
2023-05-10 21:17:26,PF2312,PF312,6968.0,0.0,0.0,0.0,1,6952.0,6976.0,1,6948.0,6956.0,6986.0,6956.0,8.0,55776.0,185
2023-05-10 21:17:32,PF2312,PF312,6968.0,0.0,0.0,0.0,1,6952.0,6976.0,2,6948.0,6956.0,6986.0,6956.0,8.0,55776.0,185
2023-05-10 21:17:33,PF2312,PF312,6968.0,0.0,0.0,0.0,1,6952.0,6976.0,1,6948.0,6956.0,6986.0,6956.0,8.0,55776.0,185
2023-05-10 21:17:35,PF2312,PF312,6968.0,0.0,0.0,0.0,1,6952.0,6976.0,2,6948.0,6956.0,6986.0,6956.0,8.0,55776.0,185
2023-05-10 21:17:37,PF2312,PF312,6968.0,0.0,0.0,0.0,1,6952.0,6976.0,1,6948.0,6956.0,6986.0,6956.0,8.0,55776.0,185
2023-05-10 21:17:40,PF2312,PF312,6968.0,0.0,0.0,0.0,2,6952.0,6976.0,1,6948.0,6956.0,6986.0,6956.0,8.0,55776.0,185
2023-05-10 21:17:56,PF2312,PF312,6968.0,0.0,0.0,0.0,3,6952.0,6976.0,1,6948.0,6956.0,6986.0,6956.0,8.0,55776.0,185
2023-05-10 21:17:57,PF2312,PF312,6968.0,0.0,0.0,0.0,3,6952.0,6984.0,1,6948.0,6956.0,6986.0,6956.0,8.0,55776.0,185
2023-05-10 21:17:58,PF2312,PF312,6968.0,0.0,0.0,0.0,3,6952.0,6982.0,1,6948.0,6956.0,6986.0,6956.0,8.0,55776.0,185
2023-05-10 21:18:08,PF2312,PF312,6968.0,0.0,0.0,0.0,3,6952.0,6980.0,1,6948.0,6956.0,6986.0,6956.0,8.0,55776.0,185
2023-05-10 21:18:08,PF2312,PF312,6968.0,0.0,0.0,0.0,1,6954.0,6978.0,1,6948.0,6956.0,6986.0,6956.0,8.0,55776.0,185
2023-05-10 21:18:13,PF2312,PF312,6968.0,0.0,0.0,0.0,3,6954.0,6978.0,1,6948.0,6956.0,6986.0,6956.0,8.0,55776.0,185
2023-05-10 21:18:26,PF2312,PF312,6968.0,0.0,0.0,0.0,2,6954.0,6978.0,1,6948.0,6956.0,6986.0,6956.0,8.0,55776.0,185
2023-05-10 21:18:36,PF2312,PF312,6968.0,0.0,0.0,0.0,3,6954.0,6978.0,1,6948.0,6956.0,6986.0,6956.0,8.0,55776.0,185
2023-05-10 21:18:39,PF2312,PF312,6968.0,0.0,0.0,0.0,2,6954.0,6978.0,1,6948.0,6956.0,6986.0,6956.0,8.0,55776.0,185
2023-05-10 21:18:45,PF2312,PF312,6968.0,0.0,0.0,0.0,3,6954.0,6978.0,1,6948.0,6956.0,6986.0,6956.0,8.0,55776.0,185
2023-05-10 21:18:49,PF2312,PF312,6968.0,0.0,0.0,0.0,2,6954.0,6978.0,1,6948.0,6956.0,6986.0,6956.0,8.0,55776.0,185
2023-05-10 21:18:51,PF2312,PF312,6968.0,0.0,0.0,0.0,3,6954.0,6976.0,1,6948.0,6956.0,6986.0,6956.0,8.0,55776.0,185
2023-05-10 21:21:48,PF2312,PF312,6968.0,0.0,0.0,0.0,2,6954.0,6976.0,1,6948.0,6956.0,6986.0,6956.0,8.0,55776.0,185
2023-05-10 21:21:50,PF2312,PF312,6968.0,0.0,0.0,0.0,3,6954.0,6976.0,1,6948.0,6956.0,6986.0,6956.0,8.0,55776.0,185
2023-05-10 21:22:01,PF2312,PF312,6968.0,0.0,0.0,0.0,2,6954.0,6976.0,1,6948.0,6956.0,6986.0,6956.0,8.0,55776.0,185
2023-05-10 21:22:03,PF2312,PF312,6968.0,0.0,0.0,0.0,3,6954.0,6976.0,1,6948.0,6956.0,6986.0,6956.0,8.0,55776.0,185
2023-05-10 21:22:27,PF2312,PF312,6968.0,0.0,0.0,0.0,2,6954.0,6976.0,1,6948.0,6956.0,6986.0,6956.0,8.0,55776.0,185
2023-05-10 21:22:48,PF2312,PF312,6968.0,0.0,0.0,0.0,1,6954.0,6976.0,1,6948.0,6956.0,6986.0,6956.0,8.0,55776.0,185
2023-05-10 21:23:08,PF2312,PF312,6968.0,0.0,0.0,0.0,1,6952.0,6976.0,1,6948.0,6956.0,6986.0,6956.0,8.0,55776.0,185
2023-05-10 21:23:08,PF2312,PF312,6968.0,0.0,0.0,0.0,2,6952.0,6976.0,1,6948.0,6956.0,6986.0,6956.0,8.0,55776.0,185
2023-05-10 21:23:24,PF2312,PF312,6968.0,0.0,0.0,0.0,3,6952.0,6976.0,1,6948.0,6956.0,6986.0,6956.0,8.0,55776.0,185
2023-05-10 21:23:47,PF2312,PF312,6968.0,0.0,0.0,0.0,1,6958.0,6976.0,1,6948.0,6956.0,6986.0,6956.0,8.0,55776.0,185
2023-05-10 21:23:52,PF2312,PF312,6968.0,0.0,0.0,0.0,1,6958.0,6988.0,1,6948.0,6956.0,6986.0,6956.0,8.0,55776.0,185
2023-05-10 21:23:52,PF2312,PF312,6968.0,0.0,0.0,0.0,1,6958.0,6986.0,1,6948.0,6956.0,6986.0,6956.0,8.0,55776.0,185
2023-05-10 21:23:52,PF2312,PF312,6968.0,0.0,0.0,0.0,1,6958.0,6986.0,2,6948.0,6956.0,6986.0,6956.0,8.0,55776.0,185
2023-05-10 21:24:10,PF2312,PF312,6968.0,0.0,0.0,0.0,2,6958.0,6986.0,2,6948.0,6956.0,6986.0,6956.0,8.0,55776.0,185
2023-05-10 21:24:23,PF2312,PF312,6968.0,0.0,0.0,0.0,2,6958.0,6986.0,1,6948.0,6956.0,6986.0,6956.0,8.0,55776.0,185
2023-05-10 21:24:25,PF2312,PF312,6968.0,0.0,0.0,0.0,3,6958.0,6986.0,1,6948.0,6956.0,6986.0,6956.0,8.0,55776.0,185
2023-05-10 21:24:30,PF2312,PF312,6968.0,0.0,0.0,0.0,3,6958.0,6984.0,1,6948.0,6956.0,6986.0,6956.0,8.0,55776.0,185
2023-05-10 21:24:43,PF2312,PF312,6968.0,0.0,0.0,0.0,2,6958.0,6984.0,1,6948.0,6956.0,6986.0,6956.0,8.0,55776.0,185
2023-05-10 21:24:56,PF2312,PF312,6968.0,0.0,0.0,0.0,3,6958.0,6984.0,1,6948.0,6956.0,6986.0,6956.0,8.0,55776.0,185
2023-05-10 21:25:02,PF2312,PF312,6968.0,0.0,0.0,0.0,2,6958.0,6984.0,1,6948.0,6956.0,6986.0,6956.0,8.0,55776.0,185
2023-05-10 21:25:08,PF2312,PF312,6968.0,0.0,0.0,0.0,3,6958.0,6984.0,1,6948.0,6956.0,6986.0,6956.0,8.0,55776.0,185
2023-05-10 21:25:08,PF2312,PF312,6968.0,0.0,0.0,0.0,2,6958.0,6984.0,1,6948.0,6956.0,6986.0,6956.0,8.0,55776.0,185
2023-05-10 21:25:10,PF2312,PF312,6968.0,0.0,0.0,0.0,3,6958.0,6984.0,1,6948.0,6956.0,6986.0,6956.0,8.0,55776.0,185
2023-05-10 21:25:12,PF2312,PF312,6968.0,0.0,0.0,0.0,3,6958.0,6972.0,1,6948.0,6956.0,6986.0,6956.0,8.0,55776.0,185
2023-05-10 21:25:14,PF2312,PF312,6968.0,0.0,0.0,0.0,2,6958.0,6972.0,1,6948.0,6956.0,6986.0,6956.0,8.0,55776.0,185
2023-05-10 21:25:18,PF2312,PF312,6968.0,0.0,0.0,0.0,3,6958.0,6972.0,1,6948.0,6956.0,6986.0,6956.0,8.0,55776.0,185
2023-05-10 21:25:29,PF2312,PF312,6968.0,0.0,0.0,0.0,2,6958.0,6972.0,1,6948.0,6956.0,6986.0,6956.0,8.0,55776.0,185
2023-05-10 21:25:46,PF2312,PF312,6968.0,0.0,0.0,0.0,1,6958.0,6972.0,1,6948.0,6956.0,6986.0,6956.0,8.0,55776.0,185
2023-05-10 21:25:50,PF2312,PF312,6968.0,0.0,0.0,0.0,2,6958.0,6972.0,1,6948.0,6956.0,6986.0,6956.0,8.0,55776.0,185
2023-05-10 21:25:54,PF2312,PF312,6968.0,0.0,0.0,0.0,1,6958.0,6970.0,1,6948.0,6956.0,6986.0,6956.0,8.0,55776.0,185
2023-05-10 21:25:55,PF2312,PF312,6968.0,0.0,0.0,0.0,2,6958.0,6970.0,1,6948.0,6956.0,6986.0,6956.0,8.0,55776.0,185
2023-05-10 21:25:56,PF2312,PF312,6968.0,0.0,0.0,0.0,1,6952.0,6970.0,1,6948.0,6956.0,6986.0,6956.0,8.0,55776.0,185
2023-05-10 21:25:56,PF2312,PF312,6968.0,0.0,0.0,0.0,2,6952.0,6970.0,1,6948.0,6956.0,6986.0,6956.0,8.0,55776.0,185
2023-05-10 21:25:57,PF2312,PF312,6968.0,0.0,0.0,0.0,3,6952.0,6970.0,1,6948.0,6956.0,6986.0,6956.0,8.0,55776.0,185
2023-05-10 21:26:05,PF2312,PF312,6968.0,0.0,0.0,0.0,3,6952.0,6990.0,1,6948.0,6956.0,6986.0,6956.0,8.0,55776.0,185
2023-05-10 21:26:06,PF2312,PF312,6968.0,0.0,0.0,0.0,2,6952.0,6988.0,1,6948.0,6956.0,6986.0,6956.0,8.0,55776.0,185
2023-05-10 21:26:10,PF2312,PF312,6968.0,0.0,0.0,0.0,2,6952.0,6988.0,2,6948.0,6956.0,6986.0,6956.0,8.0,55776.0,185
2023-05-10 21:26:19,PF2312,PF312,6968.0,0.0,0.0,0.0,2,6952.0,6988.0,3,6948.0,6956.0,6986.0,6956.0,8.0,55776.0,185
2023-05-10 21:26:37,PF2312,PF312,6968.0,0.0,0.0,0.0,1,6954.0,6986.0,1,6948.0,6956.0,6986.0,6956.0,8.0,55776.0,185
2023-05-10 21:26:37,PF2312,PF312,6968.0,0.0,0.0,0.0,1,6954.0,6984.0,1,6948.0,6956.0,6986.0,6956.0,8.0,55776.0,185
2023-05-10 21:26:47,PF2312,PF312,6968.0,0.0,0.0,0.0,2,6954.0,6984.0,2,6948.0,6956.0,6986.0,6956.0,8.0,55776.0,185
2023-05-10 21:27:05,PF2312,PF312,6968.0,0.0,0.0,0.0,2,6954.0,6984.0,1,6948.0,6956.0,6986.0,6956.0,8.0,55776.0,185
2023-05-10 21:27:06,PF2312,PF312,6968.0,0.0,0.0,0.0,2,6954.0,6984.0,2,6948.0,6956.0,6986.0,6956.0,8.0,55776.0,185
2023-05-10 21:27:19,PF2312,PF312,6968.0,0.0,0.0,0.0,2,6954.0,6982.0,1,6948.0,6956.0,6986.0,6956.0,8.0,55776.0,185
2023-05-10 21:27:21,PF2312,PF312,6968.0,0.0,0.0,0.0,2,6954.0,6982.0,2,6948.0,6956.0,6986.0,6956.0,8.0,55776.0,185
2023-05-10 21:27:23,PF2312,PF312,6968.0,0.0,0.0,0.0,1,6954.0,6982.0,2,6948.0,6956.0,6986.0,6956.0,8.0,55776.0,185
2023-05-10 21:27:36,PF2312,PF312,6968.0,0.0,0.0,0.0,2,6954.0,6982.0,2,6948.0,6956.0,6986.0,6956.0,8.0,55776.0,185
2023-05-10 21:27:53,PF2312,PF312,6968.0,0.0,0.0,0.0,1,6954.0,6982.0,2,6948.0,6956.0,6986.0,6956.0,8.0,55776.0,185
2023-05-10 21:27:56,PF2312,PF312,6968.0,0.0,0.0,0.0,2,6954.0,6982.0,2,6948.0,6956.0,6986.0,6956.0,8.0,55776.0,185
2023-05-10 21:27:56,PF2312,PF312,6968.0,0.0,0.0,0.0,1,6954.0,6982.0,2,6948.0,6956.0,6986.0,6956.0,8.0,55776.0,185
2023-05-10 21:28:14,PF2312,PF312,6968.0,0.0,0.0,0.0,2,6954.0,6982.0,2,6948.0,6956.0,6986.0,6956.0,8.0,55776.0,185
2023-05-10 21:28:36,PF2312,PF312,6968.0,0.0,0.0,0.0,2,6954.0,6982.0,1,6948.0,6956.0,6986.0,6956.0,8.0,55776.0,185
2023-05-10 21:28:44,PF2312,PF312,6968.0,0.0,0.0,0.0,3,6954.0,6982.0,1,6948.0,6956.0,6986.0,6956.0,8.0,55776.0,185
2023-05-10 21:29:19,PF2312,PF312,6968.0,0.0,0.0,0.0,2,6954.0,6982.0,1,6948.0,6956.0,6986.0,6956.0,8.0,55776.0,185
2023-05-10 21:29:25,PF2312,PF312,6968.0,0.0,0.0,0.0,2,6954.0,6968.0,1,6948.0,6956.0,6986.0,6956.0,8.0,55776.0,185
2023-05-10 21:30:07,PF2312,PF312,6968.0,0.0,0.0,0.0,2,6954.0,6968.0,2,6948.0,6956.0,6986.0,6956.0,8.0,55776.0,185
2023-05-10 21:30:23,PF2312,PF312,6968.0,0.0,0.0,0.0,1,6954.0,6968.0,2,6948.0,6956.0,6986.0,6956.0,8.0,55776.0,185
2023-05-10 21:30:25,PF2312,PF312,6968.0,0.0,0.0,0.0,1,6954.0,6968.0,1,6948.0,6956.0,6986.0,6956.0,8.0,55776.0,185
2023-05-10 21:30:36,PF2312,PF312,6968.0,0.0,0.0,0.0,1,6952.0,6968.0,1,6948.0,6956.0,6986.0,6956.0,8.0,55776.0,185
2023-05-10 21:30:38,PF2312,PF312,6968.0,0.0,0.0,0.0,2,6952.0,6968.0,1,6948.0,6956.0,6986.0,6956.0,8.0,55776.0,185
2023-05-10 21:30:41,PF2312,PF312,6968.0,0.0,0.0,0.0,1,6952.0,6968.0,1,6948.0,6956.0,6986.0,6956.0,8.0,55776.0,185
2023-05-10 21:30:45,PF2312,PF312,6968.0,0.0,0.0,0.0,2,6952.0,6968.0,1,6948.0,6956.0,6986.0,6956.0,8.0,55776.0,185
2023-05-10 21:31:09,PF2312,PF312,6968.0,0.0,0.0,0.0,3,6952.0,6968.0,1,6948.0,6956.0,6986.0,6956.0,8.0,55776.0,185
2023-05-10 21:31:31,PF2312,PF312,6968.0,0.0,0.0,0.0,3,6952.0,6968.0,2,6948.0,6956.0,6986.0,6956.0,8.0,55776.0,185
2023-05-10 21:32:29,PF2312,PF312,6968.0,0.0,0.0,0.0,2,6952.0,6968.0,2,6948.0,6956.0,6986.0,6956.0,8.0,55776.0,185
2023-05-10 21:32:45,PF2312,PF312,6968.0,0.0,0.0,0.0,1,6952.0,6968.0,2,6948.0,6956.0,6986.0,6956.0,8.0,55776.0,185
2023-05-10 21:33:24,PF2312,PF312,6968.0,0.0,0.0,0.0,1,6952.0,6968.0,1,6948.0,6956.0,6986.0,6956.0,8.0,55776.0,185
2023-05-10 21:33:34,PF2312,PF312,6968.0,0.0,0.0,0.0,1,6940.0,6968.0,1,6948.0,6956.0,6986.0,6956.0,8.0,55776.0,185
2023-05-10 21:33:34,PF2312,PF312,6968.0,0.0,0.0,0.0,3,6940.0,6968.0,1,6948.0,6956.0,6986.0,6956.0,8.0,55776.0,185
2023-05-10 21:33:39,PF2312,PF312,6968.0,0.0,0.0,0.0,3,6940.0,6960.0,1,6948.0,6956.0,6986.0,6956.0,8.0,55776.0,185
2023-05-10 21:33:42,PF2312,PF312,6968.0,0.0,0.0,0.0,3,6940.0,6968.0,1,6948.0,6956.0,6986.0,6956.0,8.0,55776.0,185
2023-05-10 21:34:21,PF2312,PF312,6968.0,0.0,0.0,0.0,3,6940.0,6962.0,1,6948.0,6956.0,6986.0,6956.0,8.0,55776.0,185
2023-05-10 21:35:04,PF2312,PF312,6968.0,0.0,0.0,0.0,3,6940.0,6960.0,1,6948.0,6956.0,6986.0,6956.0,8.0,55776.0,185
2023-05-10 21:35:34,PF2312,PF312,6968.0,0.0,0.0,0.0,1,6956.0,6960.0,1,6948.0,6956.0,6986.0,6956.0,8.0,55776.0,185
2023-05-10 21:35:35,PF2312,PF312,6968.0,0.0,0.0,0.0,1,6956.0,6982.0,1,6948.0,6956.0,6986.0,6956.0,8.0,55776.0,185
2023-05-10 21:35:35,PF2312,PF312,6968.0,0.0,0.0,0.0,1,6956.0,6980.0,1,6948.0,6956.0,6986.0,6956.0,8.0,55776.0,185
2023-05-10 21:35:36,PF2312,PF312,6968.0,0.0,0.0,0.0,1,6956.0,6980.0,2,6948.0,6956.0,6986.0,6956.0,8.0,55776.0,185
2023-05-10 21:35:36,PF2312,PF312,6968.0,0.0,0.0,0.0,1,6956.0,6980.0,3,6948.0,6956.0,6986.0,6956.0,8.0,55776.0,185
2023-05-10 21:35:38,PF2312,PF312,6968.0,0.0,0.0,0.0,1,6956.0,6980.0,4,6948.0,6956.0,6986.0,6956.0,8.0,55776.0,185
2023-05-10 21:35:38,PF2312,PF312,6968.0,0.0,0.0,0.0,1,6956.0,6980.0,3,6948.0,6956.0,6986.0,6956.0,8.0,55776.0,185
2023-05-10 21:35:47,PF2312,PF312,6968.0,0.0,0.0,0.0,1,6956.0,6964.0,1,6948.0,6956.0,6986.0,6956.0,8.0,55776.0,185
2023-05-10 21:35:48,PF2312,PF312,6968.0,0.0,0.0,0.0,1,6940.0,6964.0,1,6948.0,6956.0,6986.0,6956.0,8.0,55776.0,185
2023-05-10 21:35:49,PF2312,PF312,6968.0,0.0,0.0,0.0,2,6940.0,6964.0,1,6948.0,6956.0,6986.0,6956.0,8.0,55776.0,185
2023-05-10 21:35:52,PF2312,PF312,6968.0,0.0,0.0,0.0,3,6940.0,6964.0,1,6948.0,6956.0,6986.0,6956.0,8.0,55776.0,185
2023-05-10 21:36:19,PF2312,PF312,6968.0,0.0,0.0,0.0,2,6940.0,6964.0,1,6948.0,6956.0,6986.0,6956.0,8.0,55776.0,185
2023-05-10 21:36:21,PF2312,PF312,6968.0,0.0,0.0,0.0,3,6940.0,6964.0,1,6948.0,6956.0,6986.0,6956.0,8.0,55776.0,185
2023-05-10 21:36:30,PF2312,PF312,6968.0,0.0,0.0,0.0,3,6940.0,6962.0,1,6948.0,6956.0,6986.0,6956.0,8.0,55776.0,185
2023-05-10 21:37:55,PF2312,PF312,6968.0,0.0,0.0,0.0,3,6940.0,6960.0,1,6948.0,6956.0,6986.0,6956.0,8.0,55776.0,185
2023-05-10 21:37:57,PF2312,PF312,6968.0,0.0,0.0,0.0,3,6940.0,6962.0,1,6948.0,6956.0,6986.0,6956.0,8.0,55776.0,185
2023-05-10 21:38:05,PF2312,PF312,6968.0,0.0,0.0,0.0,2,6940.0,6962.0,1,6948.0,6956.0,6986.0,6956.0,8.0,55776.0,185
2023-05-10 21:38:10,PF2312,PF312,6968.0,0.0,0.0,0.0,1,6940.0,6962.0,1,6948.0,6956.0,6986.0,6956.0,8.0,55776.0,185
2023-05-10 21:38:24,PF2312,PF312,6968.0,0.0,0.0,0.0,2,6940.0,6962.0,1,6948.0,6956.0,6986.0,6956.0,8.0,55776.0,185
2023-05-10 21:38:28,PF2312,PF312,6968.0,0.0,0.0,0.0,1,6940.0,6962.0,1,6948.0,6956.0,6986.0,6956.0,8.0,55776.0,185
2023-05-10 21:38:38,PF2312,PF312,6968.0,0.0,0.0,0.0,1,6940.0,6954.0,1,6948.0,6956.0,6986.0,6956.0,8.0,55776.0,185
2023-05-10 21:38:40,PF2312,PF312,6968.0,0.0,0.0,0.0,1,6940.0,6962.0,1,6948.0,6956.0,6986.0,6956.0,8.0,55776.0,185
2023-05-10 21:39:20,PF2312,PF312,6968.0,0.0,0.0,0.0,1,6940.0,6954.0,1,6948.0,6956.0,6986.0,6956.0,8.0,55776.0,185
2023-05-10 21:39:22,PF2312,PF312,6968.0,0.0,0.0,0.0,1,6940.0,6962.0,1,6948.0,6956.0,6986.0,6956.0,8.0,55776.0,185
2023-05-10 21:39:29,PF2312,PF312,6968.0,0.0,0.0,0.0,1,6940.0,6962.0,2,6948.0,6956.0,6986.0,6956.0,8.0,55776.0,185
2023-05-10 21:39:50,PF2312,PF312,6968.0,0.0,0.0,0.0,1,6940.0,6962.0,3,6948.0,6956.0,6986.0,6956.0,8.0,55776.0,185
2023-05-10 21:39:50,PF2312,PF312,6968.0,0.0,0.0,0.0,1,6940.0,6962.0,2,6948.0,6956.0,6986.0,6956.0,8.0,55776.0,185
2023-05-10 21:40:02,PF2312,PF312,6968.0,0.0,0.0,0.0,1,6940.0,6948.0,1,6948.0,6956.0,6986.0,6956.0,8.0,55776.0,185
2023-05-10 21:40:05,PF2312,PF312,6968.0,0.0,0.0,0.0,1,6940.0,6962.0,1,6948.0,6956.0,6986.0,6956.0,8.0,55776.0,185
2023-05-10 21:40:06,PF2312,PF312,6968.0,0.0,0.0,0.0,1,6940.0,6962.0,2,6948.0,6956.0,6986.0,6956.0,8.0,55776.0,185
2023-05-10 21:40:46,PF2312,PF312,6968.0,0.0,0.0,0.0,1,6940.0,6950.0,1,6948.0,6956.0,6986.0,6956.0,8.0,55776.0,185
2023-05-10 21:41:01,PF2312,PF312,6968.0,0.0,0.0,0.0,1,6948.0,6950.0,1,6948.0,6956.0,6986.0,6956.0,8.0,55776.0,185
2023-05-10 21:41:02,PF2312,PF312,6968.0,0.0,0.0,0.0,1,6948.0,6962.0,1,6948.0,6956.0,6986.0,6956.0,8.0,55776.0,185
2023-05-10 21:41:02,PF2312,PF312,6968.0,0.0,0.0,0.0,1,6948.0,6962.0,2,6948.0,6956.0,6986.0,6956.0,8.0,55776.0,185
2023-05-10 21:41:30,PF2312,PF312,6968.0,0.0,0.0,0.0,1,6948.0,6962.0,1,6948.0,6956.0,6986.0,6956.0,8.0,55776.0,185
2023-05-10 21:41:43,PF2312,PF312,6968.0,0.0,0.0,0.0,1,6948.0,6952.0,1,6948.0,6956.0,6986.0,6956.0,8.0,55776.0,185
2023-05-10 21:42:02,PF2312,PF312,6948.0,1.0,6936.0,1.0,1,6940.0,6952.0,1,6948.0,6956.0,6986.0,6948.0,9.0,62712.0,186
2023-05-10 21:42:05,PF2312,PF312,6948.0,0.0,0.0,0.0,1,6940.0,6968.0,2,6948.0,6956.0,6986.0,6948.0,9.0,62712.0,186
2023-05-10 21:42:05,PF2312,PF312,6948.0,0.0,0.0,0.0,1,6940.0,6966.0,1,6948.0,6956.0,6986.0,6948.0,9.0,62712.0,186
2023-05-10 21:42:06,PF2312,PF312,6948.0,0.0,0.0,0.0,1,6940.0,6966.0,2,6948.0,6956.0,6986.0,6948.0,9.0,62712.0,186
2023-05-10 21:42:07,PF2312,PF312,6948.0,0.0,0.0,0.0,1,6940.0,6966.0,3,6948.0,6956.0,6986.0,6948.0,9.0,62712.0,186
2023-05-10 21:42:10,PF2312,PF312,6948.0,0.0,0.0,0.0,1,6940.0,6948.0,1,6948.0,6956.0,6986.0,6948.0,9.0,62712.0,186
2023-05-10 21:45:04,PF2312,PF312,6948.0,0.0,0.0,0.0,1,6940.0,6970.0,1,6948.0,6956.0,6986.0,6948.0,9.0,62712.0,186
2023-05-10 21:45:04,PF2312,PF312,6948.0,0.0,0.0,0.0,1,6940.0,6968.0,1,6948.0,6956.0,6986.0,6948.0,9.0,62712.0,186
2023-05-10 21:45:05,PF2312,PF312,6948.0,0.0,0.0,0.0,1,6940.0,6968.0,2,6948.0,6956.0,6986.0,6948.0,9.0,62712.0,186
2023-05-10 21:45:06,PF2312,PF312,6948.0,0.0,0.0,0.0,1,6940.0,6968.0,3,6948.0,6956.0,6986.0,6948.0,9.0,62712.0,186
2023-05-10 21:45:06,PF2312,PF312,6948.0,0.0,0.0,0.0,1,6940.0,6968.0,4,6948.0,6956.0,6986.0,6948.0,9.0,62712.0,186
2023-05-10 21:45:15,PF2312,PF312,6948.0,0.0,0.0,0.0,1,6940.0,6968.0,3,6948.0,6956.0,6986.0,6948.0,9.0,62712.0,186
2023-05-10 21:45:42,PF2312,PF312,6948.0,0.0,0.0,0.0,1,6940.0,6954.0,1,6948.0,6956.0,6986.0,6948.0,9.0,62712.0,186
2023-05-10 21:46:24,PF2312,PF312,6948.0,0.0,0.0,0.0,1,6940.0,6952.0,1,6948.0,6956.0,6986.0,6948.0,9.0,62712.0,186
2023-05-10 21:47:40,PF2312,PF312,6948.0,0.0,0.0,0.0,1,6940.0,6952.0,2,6948.0,6956.0,6986.0,6948.0,9.0,62712.0,186
2023-05-10 21:47:41,PF2312,PF312,6948.0,0.0,0.0,0.0,1,6940.0,6952.0,1,6948.0,6956.0,6986.0,6948.0,9.0,62712.0,186
2023-05-10 21:47:43,PF2312,PF312,6948.0,0.0,0.0,0.0,1,6940.0,6952.0,2,6948.0,6956.0,6986.0,6948.0,9.0,62712.0,186
2023-05-10 21:47:44,PF2312,PF312,6948.0,0.0,0.0,0.0,1,6940.0,6952.0,1,6948.0,6956.0,6986.0,6948.0,9.0,62712.0,186
2023-05-10 21:47:47,PF2312,PF312,6948.0,0.0,0.0,0.0,1,6940.0,6948.0,1,6948.0,6956.0,6986.0,6948.0,9.0,62712.0,186
2023-05-10 21:48:21,PF2312,PF312,6948.0,0.0,0.0,0.0,1,6940.0,6948.0,2,6948.0,6956.0,6986.0,6948.0,9.0,62712.0,186
2023-05-10 21:48:22,PF2312,PF312,6948.0,0.0,0.0,0.0,1,6940.0,6948.0,1,6948.0,6956.0,6986.0,6948.0,9.0,62712.0,186
2023-05-10 21:49:04,PF2312,PF312,6948.0,0.0,0.0,0.0,1,6940.0,6964.0,1,6948.0,6956.0,6986.0,6948.0,9.0,62712.0,186
2023-05-10 21:49:05,PF2312,PF312,6948.0,0.0,0.0,0.0,1,6940.0,6962.0,1,6948.0,6956.0,6986.0,6948.0,9.0,62712.0,186
2023-05-10 21:49:05,PF2312,PF312,6948.0,0.0,0.0,0.0,1,6940.0,6962.0,3,6948.0,6956.0,6986.0,6948.0,9.0,62712.0,186
2023-05-10 21:49:06,PF2312,PF312,6948.0,0.0,0.0,0.0,1,6940.0,6962.0,4,6948.0,6956.0,6986.0,6948.0,9.0,62712.0,186
2023-05-10 21:49:10,PF2312,PF312,6948.0,0.0,0.0,0.0,1,6940.0,6960.0,1,6948.0,6956.0,6986.0,6948.0,9.0,62712.0,186
2023-05-10 21:49:12,PF2312,PF312,6948.0,0.0,0.0,0.0,1,6940.0,6960.0,3,6948.0,6956.0,6986.0,6948.0,9.0,62712.0,186
2023-05-10 21:49:20,PF2312,PF312,6948.0,0.0,0.0,0.0,1,6940.0,6960.0,2,6948.0,6956.0,6986.0,6948.0,9.0,62712.0,186
2023-05-10 21:51:15,PF2312,PF312,6948.0,0.0,0.0,0.0,1,6940.0,6948.0,1,6948.0,6956.0,6986.0,6948.0,9.0,62712.0,186
2023-05-10 21:51:32,PF2312,PF312,6948.0,0.0,0.0,0.0,1,6940.0,6960.0,1,6948.0,6956.0,6986.0,6948.0,9.0,62712.0,186
2023-05-10 21:52:40,PF2312,PF312,6948.0,0.0,0.0,0.0,1,6940.0,6950.0,1,6948.0,6956.0,6986.0,6948.0,9.0,62712.0,186
2023-05-10 21:53:36,PF2312,PF312,6948.0,0.0,0.0,0.0,1,6946.0,6950.0,1,6948.0,6956.0,6986.0,6948.0,9.0,62712.0,186
2023-05-10 21:53:37,PF2312,PF312,6948.0,0.0,0.0,0.0,1,6946.0,6958.0,2,6948.0,6956.0,6986.0,6948.0,9.0,62712.0,186
2023-05-10 21:53:37,PF2312,PF312,6948.0,0.0,0.0,0.0,1,6946.0,6958.0,3,6948.0,6956.0,6986.0,6948.0,9.0,62712.0,186
2023-05-10 21:53:40,PF2312,PF312,6948.0,0.0,0.0,0.0,1,6940.0,6958.0,3,6948.0,6956.0,6986.0,6948.0,9.0,62712.0,186
2023-05-10 21:53:40,PF2312,PF312,6948.0,0.0,0.0,0.0,1,6940.0,6958.0,2,6948.0,6956.0,6986.0,6948.0,9.0,62712.0,186
2023-05-10 21:54:00,PF2312,PF312,6948.0,0.0,0.0,0.0,1,6940.0,6956.0,2,6948.0,6956.0,6986.0,6948.0,9.0,62712.0,186
2023-05-10 21:54:03,PF2312,PF312,6948.0,0.0,0.0,0.0,1,6940.0,6956.0,3,6948.0,6956.0,6986.0,6948.0,9.0,62712.0,186
2023-05-10 21:54:04,PF2312,PF312,6948.0,0.0,0.0,0.0,1,6940.0,6954.0,1,6948.0,6956.0,6986.0,6948.0,9.0,62712.0,186
2023-05-10 21:54:04,PF2312,PF312,6948.0,0.0,0.0,0.0,1,6940.0,6954.0,2,6948.0,6956.0,6986.0,6948.0,9.0,62712.0,186
2023-05-10 21:54:05,PF2312,PF312,6948.0,0.0,0.0,0.0,1,6940.0,6954.0,3,6948.0,6956.0,6986.0,6948.0,9.0,62712.0,186
2023-05-10 21:54:05,PF2312,PF312,6948.0,0.0,0.0,0.0,1,6940.0,6954.0,4,6948.0,6956.0,6986.0,6948.0,9.0,62712.0,186
2023-05-10 21:54:26,PF2312,PF312,6948.0,0.0,0.0,0.0,1,6940.0,6952.0,1,6948.0,6956.0,6986.0,6948.0,9.0,62712.0,186
2023-05-10 21:54:27,PF2312,PF312,6948.0,0.0,0.0,0.0,1,6940.0,6952.0,2,6948.0,6956.0,6986.0,6948.0,9.0,62712.0,186
2023-05-10 21:54:27,PF2312,PF312,6948.0,0.0,0.0,0.0,1,6940.0,6952.0,3,6948.0,6956.0,6986.0,6948.0,9.0,62712.0,186
2023-05-10 21:54:46,PF2312,PF312,6948.0,0.0,0.0,0.0,1,6940.0,6952.0,1,6948.0,6956.0,6986.0,6948.0,9.0,62712.0,186
2023-05-10 21:54:48,PF2312,PF312,6948.0,0.0,0.0,0.0,1,6940.0,6952.0,2,6948.0,6956.0,6986.0,6948.0,9.0,62712.0,186
2023-05-10 21:54:49,PF2312,PF312,6948.0,0.0,0.0,0.0,1,6940.0,6952.0,3,6948.0,6956.0,6986.0,6948.0,9.0,62712.0,186
2023-05-10 21:54:55,PF2312,PF312,6948.0,0.0,0.0,0.0,1,6940.0,6952.0,1,6948.0,6956.0,6986.0,6948.0,9.0,62712.0,186
2023-05-10 21:55:01,PF2312,PF312,6948.0,0.0,0.0,0.0,1,6940.0,6952.0,2,6948.0,6956.0,6986.0,6948.0,9.0,62712.0,186
2023-05-10 21:55:08,PF2312,PF312,6948.0,0.0,0.0,0.0,1,6940.0,6952.0,1,6948.0,6956.0,6986.0,6948.0,9.0,62712.0,186
2023-05-10 21:55:10,PF2312,PF312,6948.0,0.0,0.0,0.0,2,6914.0,6952.0,1,6948.0,6956.0,6986.0,6948.0,9.0,62712.0,186
2023-05-10 21:55:10,PF2312,PF312,6948.0,0.0,0.0,0.0,1,6932.0,6956.0,2,6948.0,6956.0,6986.0,6948.0,9.0,62712.0,186
2023-05-10 21:55:15,PF2312,PF312,6948.0,0.0,0.0,0.0,1,6932.0,6956.0,3,6948.0,6956.0,6986.0,6948.0,9.0,62712.0,186
2023-05-10 21:55:28,PF2312,PF312,6948.0,0.0,0.0,0.0,1,6932.0,6954.0,1,6948.0,6956.0,6986.0,6948.0,9.0,62712.0,186
2023-05-10 21:55:30,PF2312,PF312,6948.0,0.0,0.0,0.0,1,6932.0,6954.0,2,6948.0,6956.0,6986.0,6948.0,9.0,62712.0,186
2023-05-10 21:55:34,PF2312,PF312,6948.0,0.0,0.0,0.0,1,6934.0,6954.0,2,6948.0,6956.0,6986.0,6948.0,9.0,62712.0,186
2023-05-10 21:56:09,PF2312,PF312,6948.0,0.0,0.0,0.0,1,6940.0,6954.0,2,6948.0,6956.0,6986.0,6948.0,9.0,62712.0,186
2023-05-10 21:56:11,PF2312,PF312,6948.0,0.0,0.0,0.0,1,6940.0,6944.0,1,6948.0,6956.0,6986.0,6948.0,9.0,62712.0,186
2023-05-10 21:56:13,PF2312,PF312,6948.0,0.0,0.0,0.0,1,6940.0,6954.0,1,6948.0,6956.0,6986.0,6948.0,9.0,62712.0,186
2023-05-10 21:56:13,PF2312,PF312,6948.0,0.0,0.0,0.0,1,6940.0,6954.0,2,6948.0,6956.0,6986.0,6948.0,9.0,62712.0,186
2023-05-10 21:56:17,PF2312,PF312,6948.0,0.0,0.0,0.0,1,6940.0,6954.0,1,6948.0,6956.0,6986.0,6948.0,9.0,62712.0,186
2023-05-10 21:56:20,PF2312,PF312,6948.0,0.0,0.0,0.0,1,6940.0,6954.0,2,6948.0,6956.0,6986.0,6948.0,9.0,62712.0,186
2023-05-10 21:56:23,PF2312,PF312,6948.0,0.0,0.0,0.0,1,6940.0,6954.0,1,6948.0,6956.0,6986.0,6948.0,9.0,62712.0,186
2023-05-10 21:56:53,PF2312,PF312,6948.0,0.0,0.0,0.0,1,6940.0,6944.0,1,6948.0,6956.0,6986.0,6948.0,9.0,62712.0,186
2023-05-10 21:56:55,PF2312,PF312,6948.0,0.0,0.0,0.0,1,6940.0,6954.0,1,6948.0,6956.0,6986.0,6948.0,9.0,62712.0,186
2023-05-10 21:57:36,PF2312,PF312,6948.0,0.0,0.0,0.0,1,6940.0,6948.0,1,6948.0,6956.0,6986.0,6948.0,9.0,62712.0,186
2023-05-10 21:57:38,PF2312,PF312,6948.0,0.0,0.0,0.0,1,6940.0,6954.0,1,6948.0,6956.0,6986.0,6948.0,9.0,62712.0,186
2023-05-10 21:59:06,PF2312,PF312,6948.0,0.0,0.0,0.0,1,6940.0,6954.0,4,6948.0,6956.0,6986.0,6948.0,9.0,62712.0,186
2023-05-10 21:59:15,PF2312,PF312,6948.0,0.0,0.0,0.0,1,6940.0,6952.0,2,6948.0,6956.0,6986.0,6948.0,9.0,62712.0,186
2023-05-10 21:59:16,PF2312,PF312,6948.0,0.0,0.0,0.0,1,6940.0,6952.0,3,6948.0,6956.0,6986.0,6948.0,9.0,62712.0,186
2023-05-10 21:59:50,PF2312,PF312,6948.0,0.0,0.0,0.0,1,6940.0,6952.0,1,6948.0,6956.0,6986.0,6948.0,9.0,62712.0,186
2023-05-10 22:00:01,PF2312,PF312,6948.0,0.0,0.0,0.0,1,6940.0,6952.0,3,6948.0,6956.0,6986.0,6948.0,9.0,62712.0,186
2023-05-10 22:00:01,PF2312,PF312,6948.0,0.0,0.0,0.0,1,6940.0,6952.0,1,6948.0,6956.0,6986.0,6948.0,9.0,62712.0,186
2023-05-10 22:00:01,PF2312,PF312,6948.0,0.0,0.0,0.0,1,6940.0,6952.0,2,6948.0,6956.0,6986.0,6948.0,9.0,62712.0,186
2023-05-10 22:00:03,PF2312,PF312,6948.0,0.0,0.0,0.0,1,6940.0,6952.0,1,6948.0,6956.0,6986.0,6948.0,9.0,62712.0,186
2023-05-10 22:00:03,PF2312,PF312,6948.0,0.0,0.0,0.0,1,6940.0,6956.0,2,6948.0,6956.0,6986.0,6948.0,9.0,62712.0,186
2023-05-10 22:00:05,PF2312,PF312,6948.0,0.0,0.0,0.0,1,6940.0,6956.0,3,6948.0,6956.0,6986.0,6948.0,9.0,62712.0,186
2023-05-10 22:00:19,PF2312,PF312,6948.0,0.0,0.0,0.0,1,6940.0,6956.0,1,6948.0,6956.0,6986.0,6948.0,9.0,62712.0,186
2023-05-10 22:00:21,PF2312,PF312,6948.0,0.0,0.0,0.0,1,6940.0,6954.0,1,6948.0,6956.0,6986.0,6948.0,9.0,62712.0,186
2023-05-10 22:00:26,PF2312,PF312,6948.0,0.0,0.0,0.0,1,6948.0,6954.0,1,6948.0,6956.0,6986.0,6948.0,9.0,62712.0,186
2023-05-10 22:00:27,PF2312,PF312,6948.0,0.0,0.0,0.0,1,6948.0,6960.0,2,6948.0,6956.0,6986.0,6948.0,9.0,62712.0,186
2023-05-10 22:00:32,PF2312,PF312,6948.0,0.0,0.0,0.0,1,6940.0,6960.0,2,6948.0,6956.0,6986.0,6948.0,9.0,62712.0,186
2023-05-10 22:00:36,PF2312,PF312,6948.0,0.0,0.0,0.0,1,6940.0,6960.0,1,6948.0,6956.0,6986.0,6948.0,9.0,62712.0,186
2023-05-10 22:00:48,PF2312,PF312,6948.0,0.0,0.0,0.0,1,6940.0,6960.0,3,6948.0,6956.0,6986.0,6948.0,9.0,62712.0,186
2023-05-10 22:01:03,PF2312,PF312,6948.0,0.0,0.0,0.0,1,6940.0,6958.0,3,6948.0,6956.0,6986.0,6948.0,9.0,62712.0,186
2023-05-10 22:01:04,PF2312,PF312,6948.0,0.0,0.0,0.0,1,6940.0,6958.0,4,6948.0,6956.0,6986.0,6948.0,9.0,62712.0,186
2023-05-10 22:01:05,PF2312,PF312,6948.0,0.0,0.0,0.0,1,6940.0,6958.0,2,6948.0,6956.0,6986.0,6948.0,9.0,62712.0,186
2023-05-10 22:01:37,PF2312,PF312,6948.0,0.0,0.0,0.0,1,6940.0,6958.0,4,6948.0,6956.0,6986.0,6948.0,9.0,62712.0,186
2023-05-10 22:01:37,PF2312,PF312,6948.0,0.0,0.0,0.0,1,6940.0,6958.0,2,6948.0,6956.0,6986.0,6948.0,9.0,62712.0,186
2023-05-10 22:01:46,PF2312,PF312,6948.0,0.0,0.0,0.0,1,6940.0,6946.0,1,6948.0,6956.0,6986.0,6948.0,9.0,62712.0,186
2023-05-10 22:01:48,PF2312,PF312,6948.0,0.0,0.0,0.0,1,6940.0,6958.0,1,6948.0,6956.0,6986.0,6948.0,9.0,62712.0,186
2023-05-10 22:01:50,PF2312,PF312,6948.0,0.0,0.0,0.0,1,6940.0,6958.0,2,6948.0,6956.0,6986.0,6948.0,9.0,62712.0,186
2023-05-10 22:02:25,PF2312,PF312,6948.0,0.0,0.0,0.0,1,6940.0,6958.0,1,6948.0,6956.0,6986.0,6948.0,9.0,62712.0,186
2023-05-10 22:02:29,PF2312,PF312,6948.0,0.0,0.0,0.0,1,6940.0,6952.0,1,6948.0,6956.0,6986.0,6948.0,9.0,62712.0,186
2023-05-10 22:02:29,PF2312,PF312,6948.0,0.0,0.0,0.0,1,6944.0,6952.0,1,6948.0,6956.0,6986.0,6948.0,9.0,62712.0,186
2023-05-10 22:02:32,PF2312,PF312,6948.0,0.0,0.0,0.0,1,6940.0,6958.0,1,6948.0,6956.0,6986.0,6948.0,9.0,62712.0,186
2023-05-10 22:03:08,PF2312,PF312,6948.0,0.0,0.0,0.0,1,6940.0,6958.0,2,6948.0,6956.0,6986.0,6948.0,9.0,62712.0,186
2023-05-10 22:03:09,PF2312,PF312,6948.0,0.0,0.0,0.0,1,6940.0,6958.0,1,6948.0,6956.0,6986.0,6948.0,9.0,62712.0,186
2023-05-10 22:03:54,PF2312,PF312,6948.0,0.0,0.0,0.0,1,6940.0,6950.0,1,6948.0,6956.0,6986.0,6948.0,9.0,62712.0,186
2023-05-10 22:03:54,PF2312,PF312,6948.0,0.0,0.0,0.0,1,6942.0,6950.0,1,6948.0,6956.0,6986.0,6948.0,9.0,62712.0,186
2023-05-10 22:03:56,PF2312,PF312,6948.0,0.0,0.0,0.0,1,6942.0,6958.0,1,6948.0,6956.0,6986.0,6948.0,9.0,62712.0,186
2023-05-10 22:03:58,PF2312,PF312,6948.0,0.0,0.0,0.0,1,6940.0,6958.0,1,6948.0,6956.0,6986.0,6948.0,9.0,62712.0,186
2023-05-10 22:04:36,PF2312,PF312,6948.0,0.0,0.0,0.0,1,6940.0,6950.0,1,6948.0,6956.0,6986.0,6948.0,9.0,62712.0,186
2023-05-10 22:04:37,PF2312,PF312,6948.0,0.0,0.0,0.0,1,6942.0,6950.0,1,6948.0,6956.0,6986.0,6948.0,9.0,62712.0,186
2023-05-10 22:04:38,PF2312,PF312,6948.0,0.0,0.0,0.0,1,6940.0,6950.0,1,6948.0,6956.0,6986.0,6948.0,9.0,62712.0,186
2023-05-10 22:04:59,PF2312,PF312,6948.0,0.0,0.0,0.0,1,6940.0,6958.0,1,6948.0,6956.0,6986.0,6948.0,9.0,62712.0,186
2023-05-10 22:05:19,PF2312,PF312,6948.0,0.0,0.0,0.0,1,6940.0,6948.0,1,6948.0,6956.0,6986.0,6948.0,9.0,62712.0,186
2023-05-10 22:05:21,PF2312,PF312,6948.0,0.0,0.0,0.0,1,6940.0,6958.0,1,6948.0,6956.0,6986.0,6948.0,9.0,62712.0,186
2023-05-10 22:06:03,PF2312,PF312,6948.0,0.0,0.0,0.0,1,6940.0,6962.0,2,6948.0,6956.0,6986.0,6948.0,9.0,62712.0,186
2023-05-10 22:06:22,PF2312,PF312,6948.0,0.0,0.0,0.0,1,6940.0,6964.0,2,6948.0,6956.0,6986.0,6948.0,9.0,62712.0,186
2023-05-10 22:06:26,PF2312,PF312,6948.0,0.0,0.0,0.0,1,6940.0,6964.0,3,6948.0,6956.0,6986.0,6948.0,9.0,62712.0,186
2023-05-10 22:06:42,PF2312,PF312,6948.0,0.0,0.0,0.0,1,6940.0,6962.0,2,6948.0,6956.0,6986.0,6948.0,9.0,62712.0,186
2023-05-10 22:06:43,PF2312,PF312,6948.0,0.0,0.0,0.0,1,6940.0,6948.0,1,6948.0,6956.0,6986.0,6948.0,9.0,62712.0,186
2023-05-10 22:06:46,PF2312,PF312,6948.0,0.0,0.0,0.0,1,6940.0,6960.0,1,6948.0,6956.0,6986.0,6948.0,9.0,62712.0,186
2023-05-10 22:07:22,PF2312,PF312,6948.0,0.0,0.0,0.0,2,6940.0,6960.0,1,6948.0,6956.0,6986.0,6948.0,9.0,62712.0,186
2023-05-10 22:07:23,PF2312,PF312,6948.0,0.0,0.0,0.0,1,6940.0,6960.0,1,6948.0,6956.0,6986.0,6948.0,9.0,62712.0,186
2023-05-10 22:07:26,PF2312,PF312,6948.0,0.0,0.0,0.0,1,6940.0,6954.0,1,6948.0,6956.0,6986.0,6948.0,9.0,62712.0,186
2023-05-10 22:07:27,PF2312,PF312,6948.0,0.0,0.0,0.0,1,6944.0,6954.0,1,6948.0,6956.0,6986.0,6948.0,9.0,62712.0,186
2023-05-10 22:07:29,PF2312,PF312,6948.0,0.0,0.0,0.0,1,6944.0,6960.0,1,6948.0,6956.0,6986.0,6948.0,9.0,62712.0,186
2023-05-10 22:07:45,PF2312,PF312,6948.0,0.0,0.0,0.0,1,6940.0,6960.0,1,6948.0,6956.0,6986.0,6948.0,9.0,62712.0,186
2023-05-10 22:08:02,PF2312,PF312,6948.0,0.0,0.0,0.0,2,6940.0,6960.0,1,6948.0,6956.0,6986.0,6948.0,9.0,62712.0,186
2023-05-10 22:08:09,PF2312,PF312,6948.0,0.0,0.0,0.0,1,6946.0,6960.0,1,6948.0,6956.0,6986.0,6948.0,9.0,62712.0,186
2023-05-10 22:08:11,PF2312,PF312,6948.0,0.0,0.0,0.0,1,6940.0,6960.0,1,6948.0,6956.0,6986.0,6948.0,9.0,62712.0,186
2023-05-10 22:08:13,PF2312,PF312,6948.0,0.0,0.0,0.0,2,6940.0,6960.0,1,6948.0,6956.0,6986.0,6948.0,9.0,62712.0,186
2023-05-10 22:08:24,PF2312,PF312,6948.0,0.0,0.0,0.0,1,6940.0,6960.0,1,6948.0,6956.0,6986.0,6948.0,9.0,62712.0,186
2023-05-10 22:08:51,PF2312,PF312,6948.0,0.0,0.0,0.0,1,6944.0,6960.0,1,6948.0,6956.0,6986.0,6948.0,9.0,62712.0,186
2023-05-10 22:09:33,PF2312,PF312,6948.0,0.0,0.0,0.0,1,6944.0,6954.0,1,6948.0,6956.0,6986.0,6948.0,9.0,62712.0,186
2023-05-10 22:09:35,PF2312,PF312,6948.0,0.0,0.0,0.0,1,6944.0,6960.0,1,6948.0,6956.0,6986.0,6948.0,9.0,62712.0,186
2023-05-10 22:09:49,PF2312,PF312,6948.0,0.0,0.0,0.0,1,6940.0,6960.0,1,6948.0,6956.0,6986.0,6948.0,9.0,62712.0,186
2023-05-10 22:09:59,PF2312,PF312,6948.0,0.0,0.0,0.0,1,6940.0,6960.0,3,6948.0,6956.0,6986.0,6948.0,9.0,62712.0,186
2023-05-10 22:10:01,PF2312,PF312,6948.0,0.0,0.0,0.0,1,6940.0,6960.0,4,6948.0,6956.0,6986.0,6948.0,9.0,62712.0,186
2023-05-10 22:10:01,PF2312,PF312,6948.0,0.0,0.0,0.0,1,6940.0,6956.0,2,6948.0,6956.0,6986.0,6948.0,9.0,62712.0,186
2023-05-10 22:10:03,PF2312,PF312,6948.0,0.0,0.0,0.0,1,6940.0,6956.0,3,6948.0,6956.0,6986.0,6948.0,9.0,62712.0,186
2023-05-10 22:10:06,PF2312,PF312,6948.0,0.0,0.0,0.0,1,6940.0,6954.0,1,6948.0,6956.0,6986.0,6948.0,9.0,62712.0,186
2023-05-10 22:10:07,PF2312,PF312,6948.0,0.0,0.0,0.0,1,6940.0,6954.0,2,6948.0,6956.0,6986.0,6948.0,9.0,62712.0,186
2023-05-10 22:10:08,PF2312,PF312,6948.0,0.0,0.0,0.0,1,6934.0,6950.0,2,6948.0,6956.0,6986.0,6948.0,9.0,62712.0,186
2023-05-10 22:10:10,PF2312,PF312,6948.0,0.0,0.0,0.0,1,6934.0,6950.0,3,6948.0,6956.0,6986.0,6948.0,9.0,62712.0,186
2023-05-10 22:10:25,PF2312,PF312,6948.0,0.0,0.0,0.0,1,6934.0,6952.0,2,6948.0,6956.0,6986.0,6948.0,9.0,62712.0,186
2023-05-10 22:10:26,PF2312,PF312,6948.0,0.0,0.0,0.0,1,6934.0,6952.0,3,6948.0,6956.0,6986.0,6948.0,9.0,62712.0,186
2023-05-10 22:10:29,PF2312,PF312,6948.0,0.0,0.0,0.0,1,6934.0,6952.0,1,6948.0,6956.0,6986.0,6948.0,9.0,62712.0,186
2023-05-10 22:10:30,PF2312,PF312,6948.0,0.0,0.0,0.0,1,6934.0,6952.0,3,6948.0,6956.0,6986.0,6948.0,9.0,62712.0,186
2023-05-10 22:10:59,PF2312,PF312,6948.0,0.0,0.0,0.0,1,6934.0,6950.0,1,6948.0,6956.0,6986.0,6948.0,9.0,62712.0,186
2023-05-10 22:11:42,PF2312,PF312,6948.0,0.0,0.0,0.0,1,6936.0,6950.0,1,6948.0,6956.0,6986.0,6948.0,9.0,62712.0,186
2023-05-10 22:11:44,PF2312,PF312,6948.0,0.0,0.0,0.0,1,6934.0,6950.0,1,6948.0,6956.0,6986.0,6948.0,9.0,62712.0,186
2023-05-10 22:13:05,PF2312,PF312,6948.0,0.0,0.0,0.0,1,6936.0,6950.0,1,6948.0,6956.0,6986.0,6948.0,9.0,62712.0,186
2023-05-10 22:13:07,PF2312,PF312,6948.0,0.0,0.0,0.0,1,6934.0,6950.0,1,6948.0,6956.0,6986.0,6948.0,9.0,62712.0,186
2023-05-10 22:13:25,PF2312,PF312,6950.0,1.0,6968.0,0.0,1,6934.0,6956.0,2,6948.0,6956.0,6986.0,6948.0,10.0,69680.0,186
2023-05-10 22:13:25,PF2312,PF312,6950.0,0.0,0.0,0.0,1,6934.0,6956.0,3,6948.0,6956.0,6986.0,6948.0,10.0,69680.0,186
2023-05-10 22:13:47,PF2312,PF312,6950.0,0.0,0.0,0.0,1,6934.0,6954.0,2,6948.0,6956.0,6986.0,6948.0,10.0,69680.0,186
2023-05-10 22:13:48,PF2312,PF312,6950.0,0.0,0.0,0.0,1,6936.0,6954.0,2,6948.0,6956.0,6986.0,6948.0,10.0,69680.0,186
2023-05-10 22:13:49,PF2312,PF312,6950.0,0.0,0.0,0.0,1,6934.0,6954.0,2,6948.0,6956.0,6986.0,6948.0,10.0,69680.0,186
2023-05-10 22:13:50,PF2312,PF312,6950.0,0.0,0.0,0.0,1,6934.0,6954.0,3,6948.0,6956.0,6986.0,6948.0,10.0,69680.0,186
2023-05-10 22:13:52,PF2312,PF312,6950.0,0.0,0.0,0.0,1,6934.0,6954.0,4,6948.0,6956.0,6986.0,6948.0,10.0,69680.0,186
2023-05-10 22:13:52,PF2312,PF312,6950.0,0.0,0.0,0.0,1,6934.0,6954.0,3,6948.0,6956.0,6986.0,6948.0,10.0,69680.0,186
2023-05-10 22:14:31,PF2312,PF312,6950.0,0.0,0.0,0.0,1,6934.0,6942.0,1,6948.0,6956.0,6986.0,6948.0,10.0,69680.0,186
2023-05-10 22:14:33,PF2312,PF312,6950.0,0.0,0.0,0.0,1,6934.0,6956.0,2,6948.0,6956.0,6986.0,6948.0,10.0,69680.0,186
2023-05-10 22:14:33,PF2312,PF312,6950.0,0.0,0.0,0.0,1,6934.0,6956.0,3,6948.0,6956.0,6986.0,6948.0,10.0,69680.0,186
2023-05-10 22:15:00,PF2312,PF312,6950.0,0.0,0.0,0.0,1,6934.0,6954.0,1,6948.0,6956.0,6986.0,6948.0,10.0,69680.0,186
2023-05-10 22:15:02,PF2312,PF312,6950.0,0.0,0.0,0.0,1,6934.0,6954.0,2,6948.0,6956.0,6986.0,6948.0,10.0,69680.0,186
2023-05-10 22:15:04,PF2312,PF312,6950.0,0.0,0.0,0.0,1,6934.0,6954.0,1,6948.0,6956.0,6986.0,6948.0,10.0,69680.0,186
2023-05-10 22:15:13,PF2312,PF312,6950.0,0.0,0.0,0.0,1,6934.0,6952.0,2,6948.0,6956.0,6986.0,6948.0,10.0,69680.0,186
2023-05-10 22:15:25,PF2312,PF312,6950.0,0.0,0.0,0.0,1,6934.0,6952.0,3,6948.0,6956.0,6986.0,6948.0,10.0,69680.0,186
2023-05-10 22:15:39,PF2312,PF312,6950.0,0.0,0.0,0.0,1,6934.0,6952.0,2,6948.0,6956.0,6986.0,6948.0,10.0,69680.0,186
2023-05-10 22:16:02,PF2312,PF312,6950.0,0.0,0.0,0.0,1,6934.0,6952.0,3,6948.0,6956.0,6986.0,6948.0,10.0,69680.0,186
2023-05-10 22:16:06,PF2312,PF312,6950.0,0.0,0.0,0.0,1,6934.0,6952.0,4,6948.0,6956.0,6986.0,6948.0,10.0,69680.0,186
2023-05-10 22:16:24,PF2312,PF312,6950.0,0.0,0.0,0.0,1,6934.0,6950.0,1,6948.0,6956.0,6986.0,6948.0,10.0,69680.0,186
2023-05-10 22:16:25,PF2312,PF312,6950.0,0.0,0.0,0.0,1,6934.0,6950.0,2,6948.0,6956.0,6986.0,6948.0,10.0,69680.0,186
2023-05-10 22:16:26,PF2312,PF312,6950.0,0.0,0.0,0.0,1,6934.0,6950.0,3,6948.0,6956.0,6986.0,6948.0,10.0,69680.0,186
2023-05-10 22:16:28,PF2312,PF312,6950.0,0.0,0.0,0.0,1,6934.0,6948.0,1,6948.0,6956.0,6986.0,6948.0,10.0,69680.0,186
2023-05-10 22:16:31,PF2312,PF312,6950.0,0.0,0.0,0.0,1,6934.0,6948.0,2,6948.0,6956.0,6986.0,6948.0,10.0,69680.0,186
2023-05-10 22:16:34,PF2312,PF312,6950.0,0.0,0.0,0.0,1,6934.0,6948.0,3,6948.0,6956.0,6986.0,6948.0,10.0,69680.0,186
2023-05-10 22:16:42,PF2312,PF312,6950.0,0.0,0.0,0.0,1,6934.0,6948.0,1,6948.0,6956.0,6986.0,6948.0,10.0,69680.0,186
2023-05-10 22:16:49,PF2312,PF312,6950.0,0.0,0.0,0.0,1,6934.0,6950.0,1,6948.0,6956.0,6986.0,6948.0,10.0,69680.0,186
2023-05-10 22:16:51,PF2312,PF312,6950.0,0.0,0.0,0.0,1,6934.0,6950.0,2,6948.0,6956.0,6986.0,6948.0,10.0,69680.0,186
2023-05-10 22:16:56,PF2312,PF312,6950.0,0.0,0.0,0.0,1,6934.0,6950.0,3,6948.0,6956.0,6986.0,6948.0,10.0,69680.0,186
2023-05-10 22:16:56,PF2312,PF312,6950.0,0.0,0.0,0.0,1,6934.0,6950.0,2,6948.0,6956.0,6986.0,6948.0,10.0,69680.0,186
2023-05-10 22:17:14,PF2312,PF312,6950.0,0.0,0.0,0.0,1,6934.0,6950.0,1,6948.0,6956.0,6986.0,6948.0,10.0,69680.0,186
2023-05-10 22:17:20,PF2312,PF312,6950.0,0.0,0.0,0.0,1,6934.0,6938.0,1,6948.0,6956.0,6986.0,6948.0,10.0,69680.0,186
2023-05-10 22:17:22,PF2312,PF312,6950.0,0.0,0.0,0.0,1,6934.0,6948.0,2,6948.0,6956.0,6986.0,6948.0,10.0,69680.0,186
2023-05-10 22:17:22,PF2312,PF312,6950.0,0.0,0.0,0.0,1,6934.0,6952.0,2,6948.0,6956.0,6986.0,6948.0,10.0,69680.0,186
2023-05-10 22:17:24,PF2312,PF312,6950.0,0.0,0.0,0.0,1,6934.0,6950.0,1,6948.0,6956.0,6986.0,6948.0,10.0,69680.0,186
2023-05-10 22:17:24,PF2312,PF312,6950.0,0.0,0.0,0.0,1,6934.0,6950.0,2,6948.0,6956.0,6986.0,6948.0,10.0,69680.0,186
2023-05-10 22:17:25,PF2312,PF312,6950.0,0.0,0.0,0.0,1,6934.0,6950.0,3,6948.0,6956.0,6986.0,6948.0,10.0,69680.0,186
2023-05-10 22:18:02,PF2312,PF312,6950.0,0.0,0.0,0.0,1,6934.0,6948.0,2,6948.0,6956.0,6986.0,6948.0,10.0,69680.0,186
2023-05-10 22:18:03,PF2312,PF312,6950.0,0.0,0.0,0.0,1,6934.0,6948.0,4,6948.0,6956.0,6986.0,6948.0,10.0,69680.0,186
2023-05-10 22:18:04,PF2312,PF312,6950.0,0.0,0.0,0.0,1,6934.0,6948.0,3,6948.0,6956.0,6986.0,6948.0,10.0,69680.0,186
2023-05-10 22:18:05,PF2312,PF312,6950.0,0.0,0.0,0.0,1,6934.0,6946.0,1,6948.0,6956.0,6986.0,6948.0,10.0,69680.0,186
2023-05-10 22:18:05,PF2312,PF312,6950.0,0.0,0.0,0.0,1,6934.0,6946.0,2,6948.0,6956.0,6986.0,6948.0,10.0,69680.0,186
2023-05-10 22:18:06,PF2312,PF312,6950.0,0.0,0.0,0.0,1,6934.0,6946.0,3,6948.0,6956.0,6986.0,6948.0,10.0,69680.0,186
2023-05-10 22:18:18,PF2312,PF312,6950.0,0.0,0.0,0.0,1,6918.0,6946.0,3,6948.0,6956.0,6986.0,6948.0,10.0,69680.0,186
2023-05-10 22:18:18,PF2312,PF312,6950.0,0.0,0.0,0.0,2,6918.0,6946.0,3,6948.0,6956.0,6986.0,6948.0,10.0,69680.0,186
2023-05-10 22:18:32,PF2312,PF312,6950.0,0.0,0.0,0.0,2,6918.0,6946.0,1,6948.0,6956.0,6986.0,6948.0,10.0,69680.0,186
2023-05-10 22:18:32,PF2312,PF312,6950.0,0.0,0.0,0.0,2,6918.0,6948.0,2,6948.0,6956.0,6986.0,6948.0,10.0,69680.0,186
2023-05-10 22:18:33,PF2312,PF312,6950.0,0.0,0.0,0.0,3,6918.0,6948.0,2,6948.0,6956.0,6986.0,6948.0,10.0,69680.0,186
2023-05-10 22:18:45,PF2312,PF312,6950.0,0.0,0.0,0.0,3,6918.0,6946.0,2,6948.0,6956.0,6986.0,6948.0,10.0,69680.0,186
2023-05-10 22:18:45,PF2312,PF312,6950.0,0.0,0.0,0.0,3,6918.0,6944.0,1,6948.0,6956.0,6986.0,6948.0,10.0,69680.0,186
2023-05-10 22:18:59,PF2312,PF312,6950.0,0.0,0.0,0.0,3,6918.0,6952.0,2,6948.0,6956.0,6986.0,6948.0,10.0,69680.0,186
2023-05-10 22:19:09,PF2312,PF312,6950.0,0.0,0.0,0.0,3,6918.0,6950.0,1,6948.0,6956.0,6986.0,6948.0,10.0,69680.0,186
2023-05-10 22:19:12,PF2312,PF312,6950.0,0.0,0.0,0.0,3,6918.0,6952.0,2,6948.0,6956.0,6986.0,6948.0,10.0,69680.0,186
2023-05-10 22:19:12,PF2312,PF312,6950.0,0.0,0.0,0.0,3,6918.0,6950.0,1,6948.0,6956.0,6986.0,6948.0,10.0,69680.0,186
2023-05-10 22:19:15,PF2312,PF312,6950.0,0.0,0.0,0.0,3,6918.0,6952.0,2,6948.0,6956.0,6986.0,6948.0,10.0,69680.0,186
2023-05-10 22:19:16,PF2312,PF312,6950.0,0.0,0.0,0.0,2,6918.0,6952.0,2,6948.0,6956.0,6986.0,6948.0,10.0,69680.0,186
2023-05-10 22:19:17,PF2312,PF312,6950.0,0.0,0.0,0.0,2,6918.0,6952.0,3,6948.0,6956.0,6986.0,6948.0,10.0,69680.0,186
2023-05-10 22:19:20,PF2312,PF312,6950.0,0.0,0.0,0.0,2,6918.0,6950.0,1,6948.0,6956.0,6986.0,6948.0,10.0,69680.0,186
2023-05-10 22:19:21,PF2312,PF312,6950.0,0.0,0.0,0.0,2,6918.0,6950.0,2,6948.0,6956.0,6986.0,6948.0,10.0,69680.0,186
2023-05-10 22:19:21,PF2312,PF312,6950.0,0.0,0.0,0.0,2,6918.0,6950.0,3,6948.0,6956.0,6986.0,6948.0,10.0,69680.0,186
2023-05-10 22:19:27,PF2312,PF312,6950.0,0.0,0.0,0.0,2,6918.0,6936.0,1,6948.0,6956.0,6986.0,6948.0,10.0,69680.0,186
2023-05-10 22:19:30,PF2312,PF312,6950.0,0.0,0.0,0.0,2,6918.0,6946.0,1,6948.0,6956.0,6986.0,6948.0,10.0,69680.0,186
2023-05-10 22:19:31,PF2312,PF312,6950.0,0.0,0.0,0.0,2,6918.0,6946.0,2,6948.0,6956.0,6986.0,6948.0,10.0,69680.0,186
2023-05-10 22:19:49,PF2312,PF312,6950.0,0.0,0.0,0.0,2,6918.0,6946.0,1,6948.0,6956.0,6986.0,6948.0,10.0,69680.0,186
2023-05-10 22:19:51,PF2312,PF312,6950.0,0.0,0.0,0.0,2,6918.0,6946.0,2,6948.0,6956.0,6986.0,6948.0,10.0,69680.0,186
2023-05-10 22:19:52,PF2312,PF312,6950.0,0.0,0.0,0.0,2,6918.0,6946.0,1,6948.0,6956.0,6986.0,6948.0,10.0,69680.0,186
2023-05-10 22:20:05,PF2312,PF312,6950.0,0.0,0.0,0.0,2,6918.0,6946.0,2,6948.0,6956.0,6986.0,6948.0,10.0,69680.0,186
2023-05-10 22:20:09,PF2312,PF312,6950.0,0.0,0.0,0.0,2,6918.0,6946.0,3,6948.0,6956.0,6986.0,6948.0,10.0,69680.0,186
2023-05-10 22:20:10,PF2312,PF312,6950.0,0.0,0.0,0.0,2,6918.0,6944.0,2,6948.0,6956.0,6986.0,6948.0,10.0,69680.0,186
2023-05-10 22:20:15,PF2312,PF312,6950.0,0.0,0.0,0.0,2,6918.0,6944.0,3,6948.0,6956.0,6986.0,6948.0,10.0,69680.0,186
2023-05-10 22:20:28,PF2312,PF312,6950.0,0.0,0.0,0.0,2,6918.0,6944.0,2,6948.0,6956.0,6986.0,6948.0,10.0,69680.0,186
2023-05-10 22:20:30,PF2312,PF312,6950.0,0.0,0.0,0.0,3,6918.0,6944.0,2,6948.0,6956.0,6986.0,6948.0,10.0,69680.0,186
2023-05-10 22:21:17,PF2312,PF312,6950.0,0.0,0.0,0.0,3,6918.0,6946.0,1,6948.0,6956.0,6986.0,6948.0,10.0,69680.0,186
2023-05-10 22:21:20,PF2312,PF312,6950.0,0.0,0.0,0.0,3,6918.0,6952.0,2,6948.0,6956.0,6986.0,6948.0,10.0,69680.0,186
2023-05-10 22:21:33,PF2312,PF312,6950.0,0.0,0.0,0.0,1,6928.0,6952.0,2,6948.0,6956.0,6986.0,6948.0,10.0,69680.0,186
2023-05-10 22:21:56,PF2312,PF312,6950.0,0.0,0.0,0.0,1,6928.0,6954.0,2,6948.0,6956.0,6986.0,6948.0,10.0,69680.0,186
2023-05-10 22:21:57,PF2312,PF312,6950.0,0.0,0.0,0.0,2,6928.0,6954.0,1,6948.0,6956.0,6986.0,6948.0,10.0,69680.0,186
2023-05-10 22:22:05,PF2312,PF312,6950.0,0.0,0.0,0.0,2,6928.0,6954.0,2,6948.0,6956.0,6986.0,6948.0,10.0,69680.0,186
2023-05-10 22:22:05,PF2312,PF312,6950.0,0.0,0.0,0.0,1,6928.0,6954.0,2,6948.0,6956.0,6986.0,6948.0,10.0,69680.0,186
2023-05-10 22:22:07,PF2312,PF312,6950.0,0.0,0.0,0.0,2,6928.0,6954.0,1,6948.0,6956.0,6986.0,6948.0,10.0,69680.0,186
2023-05-10 22:22:10,PF2312,PF312,6950.0,0.0,0.0,0.0,2,6928.0,6954.0,2,6948.0,6956.0,6986.0,6948.0,10.0,69680.0,186
2023-05-10 22:22:14,PF2312,PF312,6950.0,0.0,0.0,0.0,2,6928.0,6954.0,1,6948.0,6956.0,6986.0,6948.0,10.0,69680.0,186
2023-05-10 22:22:15,PF2312,PF312,6950.0,0.0,0.0,0.0,2,6928.0,6940.0,1,6948.0,6956.0,6986.0,6948.0,10.0,69680.0,186
2023-05-10 22:22:16,PF2312,PF312,6950.0,0.0,0.0,0.0,1,6928.0,6940.0,1,6948.0,6956.0,6986.0,6948.0,10.0,69680.0,186
2023-05-10 22:22:17,PF2312,PF312,6950.0,0.0,0.0,0.0,1,6928.0,6954.0,2,6948.0,6956.0,6986.0,6948.0,10.0,69680.0,186
2023-05-10 22:22:17,PF2312,PF312,6950.0,0.0,0.0,0.0,2,6928.0,6954.0,2,6948.0,6956.0,6986.0,6948.0,10.0,69680.0,186
2023-05-10 22:22:26,PF2312,PF312,6950.0,0.0,0.0,0.0,1,6928.0,6954.0,2,6948.0,6956.0,6986.0,6948.0,10.0,69680.0,186
2023-05-10 22:22:31,PF2312,PF312,6950.0,0.0,0.0,0.0,2,6928.0,6954.0,2,6948.0,6956.0,6986.0,6948.0,10.0,69680.0,186
2023-05-10 22:22:38,PF2312,PF312,6950.0,0.0,0.0,0.0,1,6930.0,6954.0,2,6948.0,6956.0,6986.0,6948.0,10.0,69680.0,186
2023-05-10 22:22:39,PF2312,PF312,6950.0,0.0,0.0,0.0,1,6930.0,6954.0,1,6948.0,6956.0,6986.0,6948.0,10.0,69680.0,186
2023-05-10 22:22:43,PF2312,PF312,6950.0,0.0,0.0,0.0,1,6928.0,6954.0,1,6948.0,6956.0,6986.0,6948.0,10.0,69680.0,186
2023-05-10 22:22:43,PF2312,PF312,6950.0,0.0,0.0,0.0,2,6928.0,6954.0,1,6948.0,6956.0,6986.0,6948.0,10.0,69680.0,186
2023-05-10 22:22:46,PF2312,PF312,6950.0,0.0,0.0,0.0,2,6928.0,6954.0,2,6948.0,6956.0,6986.0,6948.0,10.0,69680.0,186
2023-05-10 22:22:57,PF2312,PF312,6950.0,0.0,0.0,0.0,2,6928.0,6940.0,1,6948.0,6956.0,6986.0,6948.0,10.0,69680.0,186
2023-05-10 22:22:59,PF2312,PF312,6950.0,0.0,0.0,0.0,2,6928.0,6954.0,1,6948.0,6956.0,6986.0,6948.0,10.0,69680.0,186
2023-05-10 22:23:04,PF2312,PF312,6950.0,0.0,0.0,0.0,2,6928.0,6954.0,2,6948.0,6956.0,6986.0,6948.0,10.0,69680.0,186
2023-05-10 22:23:04,PF2312,PF312,6950.0,0.0,0.0,0.0,1,6928.0,6954.0,2,6948.0,6956.0,6986.0,6948.0,10.0,69680.0,186
2023-05-10 22:23:09,PF2312,PF312,6950.0,0.0,0.0,0.0,1,6928.0,6954.0,3,6948.0,6956.0,6986.0,6948.0,10.0,69680.0,186
2023-05-10 22:23:09,PF2312,PF312,6950.0,0.0,0.0,0.0,1,6918.0,6954.0,3,6948.0,6956.0,6986.0,6948.0,10.0,69680.0,186
2023-05-10 22:23:10,PF2312,PF312,6950.0,0.0,0.0,0.0,2,6918.0,6952.0,2,6948.0,6956.0,6986.0,6948.0,10.0,69680.0,186
2023-05-10 22:23:11,PF2312,PF312,6950.0,0.0,0.0,0.0,3,6918.0,6952.0,2,6948.0,6956.0,6986.0,6948.0,10.0,69680.0,186
2023-05-10 22:23:14,PF2312,PF312,6950.0,0.0,0.0,0.0,2,6918.0,6952.0,2,6948.0,6956.0,6986.0,6948.0,10.0,69680.0,186
2023-05-10 22:23:15,PF2312,PF312,6950.0,0.0,0.0,0.0,2,6918.0,6952.0,3,6948.0,6956.0,6986.0,6948.0,10.0,69680.0,186
2023-05-10 22:23:21,PF2312,PF312,6950.0,0.0,0.0,0.0,2,6918.0,6950.0,2,6948.0,6956.0,6986.0,6948.0,10.0,69680.0,186
2023-05-10 22:23:21,PF2312,PF312,6950.0,0.0,0.0,0.0,2,6918.0,6950.0,1,6948.0,6956.0,6986.0,6948.0,10.0,69680.0,186
2023-05-10 22:23:21,PF2312,PF312,6950.0,0.0,0.0,0.0,2,6918.0,6952.0,2,6948.0,6956.0,6986.0,6948.0,10.0,69680.0,186
2023-05-10 22:23:22,PF2312,PF312,6950.0,0.0,0.0,0.0,2,6918.0,6952.0,3,6948.0,6956.0,6986.0,6948.0,10.0,69680.0,186
2023-05-10 22:23:39,PF2312,PF312,6950.0,0.0,0.0,0.0,2,6920.0,6952.0,3,6948.0,6956.0,6986.0,6948.0,10.0,69680.0,186
2023-05-10 22:23:40,PF2312,PF312,6950.0,0.0,0.0,0.0,2,6920.0,6948.0,1,6948.0,6956.0,6986.0,6948.0,10.0,69680.0,186
2023-05-10 22:23:46,PF2312,PF312,6950.0,0.0,0.0,0.0,3,6920.0,6948.0,1,6948.0,6956.0,6986.0,6948.0,10.0,69680.0,186
2023-05-10 22:23:58,PF2312,PF312,6950.0,0.0,0.0,0.0,3,6920.0,6948.0,2,6948.0,6956.0,6986.0,6948.0,10.0,69680.0,186
2023-05-10 22:24:04,PF2312,PF312,6950.0,0.0,0.0,0.0,3,6920.0,6954.0,2,6948.0,6956.0,6986.0,6948.0,10.0,69680.0,186
2023-05-10 22:24:05,PF2312,PF312,6950.0,0.0,0.0,0.0,3,6920.0,6954.0,1,6948.0,6956.0,6986.0,6948.0,10.0,69680.0,186
2023-05-10 22:24:06,PF2312,PF312,6950.0,0.0,0.0,0.0,3,6920.0,6954.0,2,6948.0,6956.0,6986.0,6948.0,10.0,69680.0,186
2023-05-10 22:24:08,PF2312,PF312,6950.0,0.0,0.0,0.0,3,6920.0,6954.0,1,6948.0,6956.0,6986.0,6948.0,10.0,69680.0,186
2023-05-10 22:24:22,PF2312,PF312,6950.0,0.0,0.0,0.0,3,6920.0,6942.0,1,6948.0,6956.0,6986.0,6948.0,10.0,69680.0,186
2023-05-10 22:24:25,PF2312,PF312,6950.0,0.0,0.0,0.0,3,6920.0,6952.0,1,6948.0,6956.0,6986.0,6948.0,10.0,69680.0,186
2023-05-10 22:24:54,PF2312,PF312,6950.0,0.0,0.0,0.0,3,6920.0,6952.0,2,6948.0,6956.0,6986.0,6948.0,10.0,69680.0,186
2023-05-10 22:25:06,PF2312,PF312,6950.0,0.0,0.0,0.0,3,6920.0,6952.0,1,6948.0,6956.0,6986.0,6948.0,10.0,69680.0,186
2023-05-10 22:25:08,PF2312,PF312,6950.0,0.0,0.0,0.0,3,6920.0,6952.0,3,6948.0,6956.0,6986.0,6948.0,10.0,69680.0,186
2023-05-10 22:25:09,PF2312,PF312,6950.0,0.0,0.0,0.0,3,6920.0,6952.0,1,6948.0,6956.0,6986.0,6948.0,10.0,69680.0,186
2023-05-10 22:25:12,PF2312,PF312,6950.0,0.0,0.0,0.0,1,6930.0,6952.0,1,6948.0,6956.0,6986.0,6948.0,10.0,69680.0,186
2023-05-10 22:25:16,PF2312,PF312,6950.0,0.0,0.0,0.0,1,6918.0,6952.0,1,6948.0,6956.0,6986.0,6948.0,10.0,69680.0,186
2023-05-10 22:25:16,PF2312,PF312,6950.0,0.0,0.0,0.0,2,6918.0,6952.0,1,6948.0,6956.0,6986.0,6948.0,10.0,69680.0,186
2023-05-10 22:25:18,PF2312,PF312,6950.0,0.0,0.0,0.0,3,6918.0,6952.0,1,6948.0,6956.0,6986.0,6948.0,10.0,69680.0,186
2023-05-10 22:25:42,PF2312,PF312,6950.0,0.0,0.0,0.0,3,6918.0,6952.0,3,6948.0,6956.0,6986.0,6948.0,10.0,69680.0,186
2023-05-10 22:25:44,PF2312,PF312,6950.0,0.0,0.0,0.0,3,6918.0,6952.0,2,6948.0,6956.0,6986.0,6948.0,10.0,69680.0,186
2023-05-10 22:25:45,PF2312,PF312,6950.0,0.0,0.0,0.0,3,6918.0,6952.0,3,6948.0,6956.0,6986.0,6948.0,10.0,69680.0,186
2023-05-10 22:25:45,PF2312,PF312,6950.0,0.0,0.0,0.0,3,6918.0,6952.0,2,6948.0,6956.0,6986.0,6948.0,10.0,69680.0,186
2023-05-10 22:25:46,PF2312,PF312,6950.0,0.0,0.0,0.0,3,6918.0,6952.0,3,6948.0,6956.0,6986.0,6948.0,10.0,69680.0,186
2023-05-10 22:25:46,PF2312,PF312,6950.0,0.0,0.0,0.0,2,6920.0,6952.0,2,6948.0,6956.0,6986.0,6948.0,10.0,69680.0,186
2023-05-10 22:25:47,PF2312,PF312,6950.0,0.0,0.0,0.0,2,6920.0,6952.0,3,6948.0,6956.0,6986.0,6948.0,10.0,69680.0,186
2023-05-10 22:25:47,PF2312,PF312,6950.0,0.0,0.0,0.0,2,6920.0,6952.0,2,6948.0,6956.0,6986.0,6948.0,10.0,69680.0,186
2023-05-10 22:25:48,PF2312,PF312,6950.0,0.0,0.0,0.0,4,6920.0,6952.0,3,6948.0,6956.0,6986.0,6948.0,10.0,69680.0,186
2023-05-10 22:25:48,PF2312,PF312,6950.0,0.0,0.0,0.0,4,6920.0,6952.0,2,6948.0,6956.0,6986.0,6948.0,10.0,69680.0,186
2023-05-10 22:25:48,PF2312,PF312,6950.0,0.0,0.0,0.0,4,6920.0,6952.0,1,6948.0,6956.0,6986.0,6948.0,10.0,69680.0,186
2023-05-10 22:26:10,PF2312,PF312,6950.0,0.0,0.0,0.0,4,6920.0,6952.0,3,6948.0,6956.0,6986.0,6948.0,10.0,69680.0,186
2023-05-10 22:26:11,PF2312,PF312,6950.0,0.0,0.0,0.0,4,6920.0,6952.0,1,6948.0,6956.0,6986.0,6948.0,10.0,69680.0,186
2023-05-10 22:26:13,PF2312,PF312,6950.0,0.0,0.0,0.0,4,6920.0,6952.0,3,6948.0,6956.0,6986.0,6948.0,10.0,69680.0,186
2023-05-10 22:26:14,PF2312,PF312,6950.0,0.0,0.0,0.0,4,6920.0,6952.0,2,6948.0,6956.0,6986.0,6948.0,10.0,69680.0,186
2023-05-10 22:26:18,PF2312,PF312,6950.0,0.0,0.0,0.0,4,6920.0,6952.0,1,6948.0,6956.0,6986.0,6948.0,10.0,69680.0,186
2023-05-10 22:26:28,PF2312,PF312,6950.0,0.0,0.0,0.0,4,6920.0,6940.0,1,6948.0,6956.0,6986.0,6948.0,10.0,69680.0,186
2023-05-10 22:26:29,PF2312,PF312,6950.0,0.0,0.0,0.0,4,6920.0,6952.0,1,6948.0,6956.0,6986.0,6948.0,10.0,69680.0,186
2023-05-10 22:27:04,PF2312,PF312,6950.0,0.0,0.0,0.0,4,6920.0,6952.0,3,6948.0,6956.0,6986.0,6948.0,10.0,69680.0,186
2023-05-10 22:27:05,PF2312,PF312,6950.0,0.0,0.0,0.0,4,6920.0,6952.0,1,6948.0,6956.0,6986.0,6948.0,10.0,69680.0,186
2023-05-10 22:27:05,PF2312,PF312,6950.0,0.0,0.0,0.0,4,6920.0,6952.0,3,6948.0,6956.0,6986.0,6948.0,10.0,69680.0,186
2023-05-10 22:27:06,PF2312,PF312,6950.0,0.0,0.0,0.0,4,6920.0,6952.0,1,6948.0,6956.0,6986.0,6948.0,10.0,69680.0,186
2023-05-10 22:27:06,PF2312,PF312,6950.0,0.0,0.0,0.0,4,6920.0,6952.0,3,6948.0,6956.0,6986.0,6948.0,10.0,69680.0,186
2023-05-10 22:27:07,PF2312,PF312,6950.0,0.0,0.0,0.0,4,6920.0,6952.0,1,6948.0,6956.0,6986.0,6948.0,10.0,69680.0,186
2023-05-10 22:27:07,PF2312,PF312,6950.0,0.0,0.0,0.0,4,6920.0,6952.0,3,6948.0,6956.0,6986.0,6948.0,10.0,69680.0,186
2023-05-10 22:27:08,PF2312,PF312,6950.0,0.0,0.0,0.0,4,6920.0,6952.0,1,6948.0,6956.0,6986.0,6948.0,10.0,69680.0,186
2023-05-10 22:27:08,PF2312,PF312,6950.0,0.0,0.0,0.0,4,6920.0,6952.0,3,6948.0,6956.0,6986.0,6948.0,10.0,69680.0,186
2023-05-10 22:27:09,PF2312,PF312,6950.0,0.0,0.0,0.0,4,6920.0,6940.0,1,6948.0,6956.0,6986.0,6948.0,10.0,69680.0,186
2023-05-10 22:27:10,PF2312,PF312,6950.0,0.0,0.0,0.0,4,6920.0,6952.0,1,6948.0,6956.0,6986.0,6948.0,10.0,69680.0,186
2023-05-10 22:27:26,PF2312,PF312,6950.0,0.0,0.0,0.0,4,6920.0,6954.0,2,6948.0,6956.0,6986.0,6948.0,10.0,69680.0,186
2023-05-10 22:27:40,PF2312,PF312,6950.0,0.0,0.0,0.0,4,6920.0,6952.0,2,6948.0,6956.0,6986.0,6948.0,10.0,69680.0,186
2023-05-10 22:27:41,PF2312,PF312,6950.0,0.0,0.0,0.0,4,6920.0,6954.0,2,6948.0,6956.0,6986.0,6948.0,10.0,69680.0,186
2023-05-10 22:27:51,PF2312,PF312,6950.0,0.0,0.0,0.0,1,6932.0,6954.0,2,6948.0,6956.0,6986.0,6948.0,10.0,69680.0,186
2023-05-10 22:27:53,PF2312,PF312,6950.0,0.0,0.0,0.0,1,6918.0,6954.0,2,6948.0,6956.0,6986.0,6948.0,10.0,69680.0,186
2023-05-10 22:27:58,PF2312,PF312,6950.0,0.0,0.0,0.0,3,6918.0,6954.0,2,6948.0,6956.0,6986.0,6948.0,10.0,69680.0,186
2023-05-10 22:28:34,PF2312,PF312,6950.0,0.0,0.0,0.0,3,6920.0,6954.0,2,6948.0,6956.0,6986.0,6948.0,10.0,69680.0,186
2023-05-10 22:28:35,PF2312,PF312,6950.0,0.0,0.0,0.0,1,6932.0,6952.0,2,6948.0,6956.0,6986.0,6948.0,10.0,69680.0,186
2023-05-10 22:28:35,PF2312,PF312,6950.0,0.0,0.0,0.0,1,6932.0,6952.0,1,6948.0,6956.0,6986.0,6948.0,10.0,69680.0,186
2023-05-10 22:28:36,PF2312,PF312,6950.0,0.0,0.0,0.0,1,6932.0,6954.0,2,6948.0,6956.0,6986.0,6948.0,10.0,69680.0,186
2023-05-10 22:28:37,PF2312,PF312,6950.0,0.0,0.0,0.0,1,6918.0,6954.0,2,6948.0,6956.0,6986.0,6948.0,10.0,69680.0,186
2023-05-10 22:28:37,PF2312,PF312,6950.0,0.0,0.0,0.0,3,6918.0,6954.0,2,6948.0,6956.0,6986.0,6948.0,10.0,69680.0,186
2023-05-10 22:29:01,PF2312,PF312,6950.0,0.0,0.0,0.0,2,6918.0,6952.0,2,6948.0,6956.0,6986.0,6948.0,10.0,69680.0,186
2023-05-10 22:29:01,PF2312,PF312,6950.0,0.0,0.0,0.0,2,6918.0,6954.0,2,6948.0,6956.0,6986.0,6948.0,10.0,69680.0,186
2023-05-10 22:29:02,PF2312,PF312,6950.0,0.0,0.0,0.0,2,6918.0,6952.0,2,6948.0,6956.0,6986.0,6948.0,10.0,69680.0,186
2023-05-10 22:29:02,PF2312,PF312,6950.0,0.0,0.0,0.0,2,6918.0,6952.0,1,6948.0,6956.0,6986.0,6948.0,10.0,69680.0,186
2023-05-10 22:29:03,PF2312,PF312,6950.0,0.0,0.0,0.0,2,6918.0,6952.0,3,6948.0,6956.0,6986.0,6948.0,10.0,69680.0,186
2023-05-10 22:29:03,PF2312,PF312,6950.0,0.0,0.0,0.0,2,6918.0,6952.0,1,6948.0,6956.0,6986.0,6948.0,10.0,69680.0,186
2023-05-10 22:29:04,PF2312,PF312,6950.0,0.0,0.0,0.0,2,6918.0,6952.0,3,6948.0,6956.0,6986.0,6948.0,10.0,69680.0,186
2023-05-10 22:29:04,PF2312,PF312,6950.0,0.0,0.0,0.0,2,6918.0,6952.0,1,6948.0,6956.0,6986.0,6948.0,10.0,69680.0,186
2023-05-10 22:29:05,PF2312,PF312,6950.0,0.0,0.0,0.0,2,6918.0,6952.0,3,6948.0,6956.0,6986.0,6948.0,10.0,69680.0,186
2023-05-10 22:29:05,PF2312,PF312,6950.0,0.0,0.0,0.0,2,6918.0,6952.0,1,6948.0,6956.0,6986.0,6948.0,10.0,69680.0,186
2023-05-10 22:29:06,PF2312,PF312,6950.0,0.0,0.0,0.0,2,6918.0,6952.0,2,6948.0,6956.0,6986.0,6948.0,10.0,69680.0,186
2023-05-10 22:29:17,PF2312,PF312,6950.0,0.0,0.0,0.0,3,6918.0,6952.0,2,6948.0,6956.0,6986.0,6948.0,10.0,69680.0,186
2023-05-10 22:29:18,PF2312,PF312,6950.0,0.0,0.0,0.0,1,6930.0,6952.0,2,6948.0,6956.0,6986.0,6948.0,10.0,69680.0,186
2023-05-10 22:29:20,PF2312,PF312,6950.0,0.0,0.0,0.0,1,6918.0,6952.0,2,6948.0,6956.0,6986.0,6948.0,10.0,69680.0,186
2023-05-10 22:29:20,PF2312,PF312,6950.0,0.0,0.0,0.0,1,6918.0,6952.0,1,6948.0,6956.0,6986.0,6948.0,10.0,69680.0,186
2023-05-10 22:29:21,PF2312,PF312,6950.0,0.0,0.0,0.0,2,6918.0,6952.0,1,6948.0,6956.0,6986.0,6948.0,10.0,69680.0,186
2023-05-10 22:29:21,PF2312,PF312,6950.0,0.0,0.0,0.0,3,6918.0,6952.0,1,6948.0,6956.0,6986.0,6948.0,10.0,69680.0,186
2023-05-10 22:29:31,PF2312,PF312,6950.0,0.0,0.0,0.0,3,6918.0,6952.0,2,6948.0,6956.0,6986.0,6948.0,10.0,69680.0,186
2023-05-10 22:29:37,PF2312,PF312,6950.0,0.0,0.0,0.0,3,6918.0,6952.0,1,6948.0,6956.0,6986.0,6948.0,10.0,69680.0,186
2023-05-10 22:29:37,PF2312,PF312,6950.0,0.0,0.0,0.0,3,6918.0,6952.0,2,6948.0,6956.0,6986.0,6948.0,10.0,69680.0,186
2023-05-10 22:29:48,PF2312,PF312,6950.0,0.0,0.0,0.0,3,6918.0,6952.0,1,6948.0,6956.0,6986.0,6948.0,10.0,69680.0,186
2023-05-10 22:29:49,PF2312,PF312,6950.0,0.0,0.0,0.0,3,6918.0,6952.0,2,6948.0,6956.0,6986.0,6948.0,10.0,69680.0,186
2023-05-10 22:30:00,PF2312,PF312,6950.0,0.0,0.0,0.0,3,6918.0,6956.0,2,6948.0,6956.0,6986.0,6948.0,10.0,69680.0,186
2023-05-10 22:30:01,PF2312,PF312,6950.0,0.0,0.0,0.0,2,6918.0,6956.0,2,6948.0,6956.0,6986.0,6948.0,10.0,69680.0,186
2023-05-10 22:30:02,PF2312,PF312,6950.0,0.0,0.0,0.0,3,6918.0,6956.0,2,6948.0,6956.0,6986.0,6948.0,10.0,69680.0,186
2023-05-10 22:30:02,PF2312,PF312,6950.0,0.0,0.0,0.0,2,6920.0,6956.0,3,6948.0,6956.0,6986.0,6948.0,10.0,69680.0,186
2023-05-10 22:30:03,PF2312,PF312,6950.0,0.0,0.0,0.0,2,6920.0,6956.0,1,6948.0,6956.0,6986.0,6948.0,10.0,69680.0,186
2023-05-10 22:30:04,PF2312,PF312,6950.0,0.0,0.0,0.0,2,6920.0,6958.0,2,6948.0,6956.0,6986.0,6948.0,10.0,69680.0,186
2023-05-10 22:30:04,PF2312,PF312,6950.0,0.0,0.0,0.0,3,6920.0,6958.0,2,6948.0,6956.0,6986.0,6948.0,10.0,69680.0,186
2023-05-10 22:30:05,PF2312,PF312,6950.0,0.0,0.0,0.0,3,6920.0,6958.0,3,6948.0,6956.0,6986.0,6948.0,10.0,69680.0,186
2023-05-10 22:30:18,PF2312,PF312,6950.0,0.0,0.0,0.0,1,6922.0,6958.0,2,6948.0,6956.0,6986.0,6948.0,10.0,69680.0,186
2023-05-10 22:30:19,PF2312,PF312,6950.0,0.0,0.0,0.0,2,6920.0,6960.0,2,6948.0,6956.0,6986.0,6948.0,10.0,69680.0,186
2023-05-10 22:30:19,PF2312,PF312,6950.0,0.0,0.0,0.0,1,6924.0,6960.0,2,6948.0,6956.0,6986.0,6948.0,10.0,69680.0,186
2023-05-10 22:30:20,PF2312,PF312,6950.0,0.0,0.0,0.0,2,6924.0,6960.0,3,6948.0,6956.0,6986.0,6948.0,10.0,69680.0,186
2023-05-10 22:30:28,PF2312,PF312,6950.0,0.0,0.0,0.0,1,6924.0,6960.0,3,6948.0,6956.0,6986.0,6948.0,10.0,69680.0,186
2023-05-10 22:30:31,PF2312,PF312,6950.0,0.0,0.0,0.0,2,6924.0,6960.0,3,6948.0,6956.0,6986.0,6948.0,10.0,69680.0,186
2023-05-10 22:30:45,PF2312,PF312,6950.0,0.0,0.0,0.0,1,6938.0,6960.0,3,6948.0,6956.0,6986.0,6948.0,10.0,69680.0,186
2023-05-10 22:30:47,PF2312,PF312,6950.0,0.0,0.0,0.0,2,6920.0,6960.0,3,6948.0,6956.0,6986.0,6948.0,10.0,69680.0,186
2023-05-10 22:30:48,PF2312,PF312,6950.0,0.0,0.0,0.0,1,6922.0,6960.0,2,6948.0,6956.0,6986.0,6948.0,10.0,69680.0,186
2023-05-10 22:30:49,PF2312,PF312,6950.0,0.0,0.0,0.0,3,6922.0,6958.0,2,6948.0,6956.0,6986.0,6948.0,10.0,69680.0,186
2023-05-10 22:30:50,PF2312,PF312,6950.0,0.0,0.0,0.0,3,6922.0,6960.0,2,6948.0,6956.0,6986.0,6948.0,10.0,69680.0,186
2023-05-10 22:30:51,PF2312,PF312,6950.0,0.0,0.0,0.0,1,6924.0,6960.0,2,6948.0,6956.0,6986.0,6948.0,10.0,69680.0,186
2023-05-10 22:30:53,PF2312,PF312,6950.0,0.0,0.0,0.0,3,6924.0,6960.0,2,6948.0,6956.0,6986.0,6948.0,10.0,69680.0,186
2023-05-10 22:30:54,PF2312,PF312,6950.0,0.0,0.0,0.0,2,6924.0,6962.0,2,6948.0,6956.0,6986.0,6948.0,10.0,69680.0,186
2023-05-10 22:30:58,PF2312,PF312,6950.0,0.0,0.0,0.0,3,6924.0,6962.0,2,6948.0,6956.0,6986.0,6948.0,10.0,69680.0,186
2023-05-10 22:30:58,PF2312,PF312,6950.0,0.0,0.0,0.0,2,6924.0,6962.0,2,6948.0,6956.0,6986.0,6948.0,10.0,69680.0,186
2023-05-10 22:31:04,PF2312,PF312,6950.0,0.0,0.0,0.0,1,6924.0,6962.0,2,6948.0,6956.0,6986.0,6948.0,10.0,69680.0,186
2023-05-10 22:31:06,PF2312,PF312,6950.0,0.0,0.0,0.0,1,6924.0,6962.0,3,6948.0,6956.0,6986.0,6948.0,10.0,69680.0,186
2023-05-10 22:31:29,PF2312,PF312,6950.0,0.0,0.0,0.0,3,6926.0,6962.0,3,6948.0,6956.0,6986.0,6948.0,10.0,69680.0,186
2023-05-10 22:31:29,PF2312,PF312,6950.0,0.0,0.0,0.0,1,6934.0,6962.0,3,6948.0,6956.0,6986.0,6948.0,10.0,69680.0,186
2023-05-10 22:31:43,PF2312,PF312,6950.0,0.0,0.0,0.0,1,6934.0,6960.0,2,6948.0,6956.0,6986.0,6948.0,10.0,69680.0,186
2023-05-10 22:31:44,PF2312,PF312,6950.0,0.0,0.0,0.0,1,6934.0,6962.0,2,6948.0,6956.0,6986.0,6948.0,10.0,69680.0,186
2023-05-10 22:31:44,PF2312,PF312,6950.0,0.0,0.0,0.0,1,6934.0,6960.0,2,6948.0,6956.0,6986.0,6948.0,10.0,69680.0,186
2023-05-10 22:31:45,PF2312,PF312,6950.0,0.0,0.0,0.0,1,6934.0,6960.0,3,6948.0,6956.0,6986.0,6948.0,10.0,69680.0,186
2023-05-10 22:31:46,PF2312,PF312,6950.0,0.0,0.0,0.0,1,6934.0,6960.0,1,6948.0,6956.0,6986.0,6948.0,10.0,69680.0,186
2023-05-10 22:31:46,PF2312,PF312,6950.0,0.0,0.0,0.0,1,6934.0,6960.0,3,6948.0,6956.0,6986.0,6948.0,10.0,69680.0,186
2023-05-10 22:31:47,PF2312,PF312,6950.0,0.0,0.0,0.0,1,6934.0,6960.0,1,6948.0,6956.0,6986.0,6948.0,10.0,69680.0,186
2023-05-10 22:32:05,PF2312,PF312,6950.0,0.0,0.0,0.0,2,6934.0,6960.0,1,6948.0,6956.0,6986.0,6948.0,10.0,69680.0,186
2023-05-10 22:32:05,PF2312,PF312,6950.0,0.0,0.0,0.0,2,6934.0,6964.0,2,6948.0,6956.0,6986.0,6948.0,10.0,69680.0,186
2023-05-10 22:32:06,PF2312,PF312,6950.0,0.0,0.0,0.0,3,6934.0,6964.0,2,6948.0,6956.0,6986.0,6948.0,10.0,69680.0,186
2023-05-10 22:32:10,PF2312,PF312,6950.0,0.0,0.0,0.0,2,6934.0,6964.0,2,6948.0,6956.0,6986.0,6948.0,10.0,69680.0,186
2023-05-10 22:32:12,PF2312,PF312,6950.0,0.0,0.0,0.0,2,6936.0,6962.0,2,6948.0,6956.0,6986.0,6948.0,10.0,69680.0,186
2023-05-10 22:32:14,PF2312,PF312,6950.0,0.0,0.0,0.0,2,6936.0,6962.0,3,6948.0,6956.0,6986.0,6948.0,10.0,69680.0,186
2023-05-10 22:32:15,PF2312,PF312,6950.0,0.0,0.0,0.0,2,6936.0,6962.0,1,6948.0,6956.0,6986.0,6948.0,10.0,69680.0,186
2023-05-10 22:32:25,PF2312,PF312,6950.0,0.0,0.0,0.0,2,6936.0,6962.0,3,6948.0,6956.0,6986.0,6948.0,10.0,69680.0,186
2023-05-10 22:32:25,PF2312,PF312,6950.0,0.0,0.0,0.0,2,6936.0,6962.0,1,6948.0,6956.0,6986.0,6948.0,10.0,69680.0,186
2023-05-10 22:32:26,PF2312,PF312,6950.0,0.0,0.0,0.0,2,6936.0,6962.0,3,6948.0,6956.0,6986.0,6948.0,10.0,69680.0,186
2023-05-10 22:32:27,PF2312,PF312,6950.0,0.0,0.0,0.0,2,6936.0,6962.0,1,6948.0,6956.0,6986.0,6948.0,10.0,69680.0,186
2023-05-10 22:32:32,PF2312,PF312,6950.0,0.0,0.0,0.0,2,6936.0,6958.0,1,6948.0,6956.0,6986.0,6948.0,10.0,69680.0,186
2023-05-10 22:33:06,PF2312,PF312,6950.0,0.0,0.0,0.0,2,6936.0,6958.0,2,6948.0,6956.0,6986.0,6948.0,10.0,69680.0,186
2023-05-10 22:33:07,PF2312,PF312,6950.0,0.0,0.0,0.0,2,6936.0,6958.0,1,6948.0,6956.0,6986.0,6948.0,10.0,69680.0,186
2023-05-10 22:33:14,PF2312,PF312,6950.0,0.0,0.0,0.0,3,6936.0,6958.0,1,6948.0,6956.0,6986.0,6948.0,10.0,69680.0,186
2023-05-10 22:33:15,PF2312,PF312,6950.0,0.0,0.0,0.0,2,6936.0,6958.0,1,6948.0,6956.0,6986.0,6948.0,10.0,69680.0,186
2023-05-10 22:33:17,PF2312,PF312,6950.0,0.0,0.0,0.0,3,6936.0,6958.0,1,6948.0,6956.0,6986.0,6948.0,10.0,69680.0,186
2023-05-10 22:33:32,PF2312,PF312,6950.0,0.0,0.0,0.0,2,6936.0,6958.0,1,6948.0,6956.0,6986.0,6948.0,10.0,69680.0,186
2023-05-10 22:33:47,PF2312,PF312,6950.0,0.0,0.0,0.0,2,6936.0,6958.0,2,6948.0,6956.0,6986.0,6948.0,10.0,69680.0,186
2023-05-10 22:33:48,PF2312,PF312,6950.0,0.0,0.0,0.0,2,6936.0,6958.0,1,6948.0,6956.0,6986.0,6948.0,10.0,69680.0,186
2023-05-10 22:33:53,PF2312,PF312,6950.0,0.0,0.0,0.0,2,6936.0,6958.0,2,6948.0,6956.0,6986.0,6948.0,10.0,69680.0,186
2023-05-10 22:33:54,PF2312,PF312,6950.0,0.0,0.0,0.0,2,6936.0,6956.0,2,6948.0,6956.0,6986.0,6948.0,10.0,69680.0,186
2023-05-10 22:33:56,PF2312,PF312,6950.0,0.0,0.0,0.0,2,6936.0,6956.0,3,6948.0,6956.0,6986.0,6948.0,10.0,69680.0,186
2023-05-10 22:34:04,PF2312,PF312,6950.0,0.0,0.0,0.0,1,6918.0,6956.0,3,6948.0,6956.0,6986.0,6948.0,10.0,69680.0,186
2023-05-10 22:34:04,PF2312,PF312,6950.0,0.0,0.0,0.0,3,6918.0,6956.0,2,6948.0,6956.0,6986.0,6948.0,10.0,69680.0,186
2023-05-10 22:34:05,PF2312,PF312,6950.0,0.0,0.0,0.0,3,6918.0,6956.0,3,6948.0,6956.0,6986.0,6948.0,10.0,69680.0,186
2023-05-10 22:34:19,PF2312,PF312,6950.0,0.0,0.0,0.0,1,6932.0,6956.0,3,6948.0,6956.0,6986.0,6948.0,10.0,69680.0,186
2023-05-10 22:34:28,PF2312,PF312,6950.0,0.0,0.0,0.0,1,6932.0,6954.0,2,6948.0,6956.0,6986.0,6948.0,10.0,69680.0,186
2023-05-10 22:34:30,PF2312,PF312,6950.0,0.0,0.0,0.0,2,6918.0,6954.0,1,6948.0,6956.0,6986.0,6948.0,10.0,69680.0,186
2023-05-10 22:34:30,PF2312,PF312,6950.0,0.0,0.0,0.0,3,6918.0,6954.0,2,6948.0,6956.0,6986.0,6948.0,10.0,69680.0,186
2023-05-10 22:34:31,PF2312,PF312,6950.0,0.0,0.0,0.0,4,6918.0,6954.0,2,6948.0,6956.0,6986.0,6948.0,10.0,69680.0,186
2023-05-10 22:34:32,PF2312,PF312,6950.0,0.0,0.0,0.0,4,6918.0,6956.0,2,6948.0,6956.0,6986.0,6948.0,10.0,69680.0,186
2023-05-10 22:34:33,PF2312,PF312,6950.0,0.0,0.0,0.0,3,6918.0,6956.0,2,6948.0,6956.0,6986.0,6948.0,10.0,69680.0,186
2023-05-10 22:34:34,PF2312,PF312,6950.0,0.0,0.0,0.0,3,6918.0,6956.0,3,6948.0,6956.0,6986.0,6948.0,10.0,69680.0,186
2023-05-10 22:34:41,PF2312,PF312,6950.0,0.0,0.0,0.0,1,6920.0,6956.0,3,6948.0,6956.0,6986.0,6948.0,10.0,69680.0,186
2023-05-10 22:34:44,PF2312,PF312,6950.0,0.0,0.0,0.0,2,6920.0,6956.0,3,6948.0,6956.0,6986.0,6948.0,10.0,69680.0,186
2023-05-10 22:34:48,PF2312,PF312,6950.0,0.0,0.0,0.0,2,6920.0,6956.0,1,6948.0,6956.0,6986.0,6948.0,10.0,69680.0,186
2023-05-10 22:34:48,PF2312,PF312,6950.0,0.0,0.0,0.0,1,6920.0,6956.0,1,6948.0,6956.0,6986.0,6948.0,10.0,69680.0,186
2023-05-10 22:34:55,PF2312,PF312,6950.0,0.0,0.0,0.0,1,6920.0,6958.0,1,6948.0,6956.0,6986.0,6948.0,10.0,69680.0,186
2023-05-10 22:34:57,PF2312,PF312,6950.0,0.0,0.0,0.0,1,6920.0,6958.0,2,6948.0,6956.0,6986.0,6948.0,10.0,69680.0,186
2023-05-10 22:34:57,PF2312,PF312,6950.0,0.0,0.0,0.0,1,6920.0,6958.0,1,6948.0,6956.0,6986.0,6948.0,10.0,69680.0,186
2023-05-10 22:35:00,PF2312,PF312,6950.0,0.0,0.0,0.0,1,6920.0,6958.0,4,6948.0,6956.0,6986.0,6948.0,10.0,69680.0,186
2023-05-10 22:35:00,PF2312,PF312,6950.0,0.0,0.0,0.0,1,6920.0,6958.0,2,6948.0,6956.0,6986.0,6948.0,10.0,69680.0,186
2023-05-10 22:35:01,PF2312,PF312,6950.0,0.0,0.0,0.0,2,6922.0,6958.0,1,6948.0,6956.0,6986.0,6948.0,10.0,69680.0,186
2023-05-10 22:35:01,PF2312,PF312,6950.0,0.0,0.0,0.0,1,6936.0,6958.0,1,6948.0,6956.0,6986.0,6948.0,10.0,69680.0,186
2023-05-10 22:35:06,PF2312,PF312,6950.0,0.0,0.0,0.0,1,6936.0,6958.0,2,6948.0,6956.0,6986.0,6948.0,10.0,69680.0,186
2023-05-10 22:35:10,PF2312,PF312,6950.0,0.0,0.0,0.0,1,6936.0,6958.0,1,6948.0,6956.0,6986.0,6948.0,10.0,69680.0,186
2023-05-10 22:35:19,PF2312,PF312,6950.0,0.0,0.0,0.0,1,6936.0,6958.0,2,6948.0,6956.0,6986.0,6948.0,10.0,69680.0,186
2023-05-10 22:35:21,PF2312,PF312,6950.0,0.0,0.0,0.0,1,6936.0,6958.0,4,6948.0,6956.0,6986.0,6948.0,10.0,69680.0,186
2023-05-10 22:35:22,PF2312,PF312,6950.0,0.0,0.0,0.0,2,6922.0,6958.0,4,6948.0,6956.0,6986.0,6948.0,10.0,69680.0,186
2023-05-10 22:35:22,PF2312,PF312,6950.0,0.0,0.0,0.0,3,6922.0,6958.0,3,6948.0,6956.0,6986.0,6948.0,10.0,69680.0,186
2023-05-10 22:35:24,PF2312,PF312,6950.0,0.0,0.0,0.0,4,6922.0,6958.0,3,6948.0,6956.0,6986.0,6948.0,10.0,69680.0,186
2023-05-10 22:35:24,PF2312,PF312,6950.0,0.0,0.0,0.0,4,6922.0,6958.0,1,6948.0,6956.0,6986.0,6948.0,10.0,69680.0,186
2023-05-10 22:35:26,PF2312,PF312,6950.0,0.0,0.0,0.0,4,6922.0,6958.0,3,6948.0,6956.0,6986.0,6948.0,10.0,69680.0,186
2023-05-10 22:35:27,PF2312,PF312,6950.0,0.0,0.0,0.0,4,6922.0,6958.0,1,6948.0,6956.0,6986.0,6948.0,10.0,69680.0,186
2023-05-10 22:35:28,PF2312,PF312,6950.0,0.0,0.0,0.0,4,6922.0,6958.0,3,6948.0,6956.0,6986.0,6948.0,10.0,69680.0,186
2023-05-10 22:35:29,PF2312,PF312,6950.0,0.0,0.0,0.0,4,6922.0,6958.0,1,6948.0,6956.0,6986.0,6948.0,10.0,69680.0,186
2023-05-10 22:35:44,PF2312,PF312,6950.0,0.0,0.0,0.0,1,6936.0,6958.0,1,6948.0,6956.0,6986.0,6948.0,10.0,69680.0,186
2023-05-10 22:35:48,PF2312,PF312,6950.0,0.0,0.0,0.0,2,6936.0,6958.0,1,6948.0,6956.0,6986.0,6948.0,10.0,69680.0,186
2023-05-10 22:35:52,PF2312,PF312,6950.0,0.0,0.0,0.0,1,6936.0,6958.0,1,6948.0,6956.0,6986.0,6948.0,10.0,69680.0,186
2023-05-10 22:36:00,PF2312,PF312,6950.0,0.0,0.0,0.0,2,6936.0,6958.0,1,6948.0,6956.0,6986.0,6948.0,10.0,69680.0,186
2023-05-10 22:36:02,PF2312,PF312,6950.0,0.0,0.0,0.0,1,6936.0,6958.0,1,6948.0,6956.0,6986.0,6948.0,10.0,69680.0,186
2023-05-10 22:36:07,PF2312,PF312,6950.0,0.0,0.0,0.0,2,6936.0,6958.0,1,6948.0,6956.0,6986.0,6948.0,10.0,69680.0,186
2023-05-10 22:36:09,PF2312,PF312,6950.0,0.0,0.0,0.0,1,6936.0,6958.0,1,6948.0,6956.0,6986.0,6948.0,10.0,69680.0,186
2023-05-10 22:36:11,PF2312,PF312,6950.0,0.0,0.0,0.0,2,6936.0,6958.0,1,6948.0,6956.0,6986.0,6948.0,10.0,69680.0,186
2023-05-10 22:36:12,PF2312,PF312,6950.0,0.0,0.0,0.0,1,6936.0,6958.0,1,6948.0,6956.0,6986.0,6948.0,10.0,69680.0,186
2023-05-10 22:36:25,PF2312,PF312,6950.0,0.0,0.0,0.0,2,6936.0,6958.0,1,6948.0,6956.0,6986.0,6948.0,10.0,69680.0,186
2023-05-10 22:36:26,PF2312,PF312,6950.0,0.0,0.0,0.0,2,6938.0,6958.0,1,6948.0,6956.0,6986.0,6948.0,10.0,69680.0,186
2023-05-10 22:36:46,PF2312,PF312,6950.0,0.0,0.0,0.0,3,6938.0,6958.0,1,6948.0,6956.0,6986.0,6948.0,10.0,69680.0,186
2023-05-10 22:36:50,PF2312,PF312,6950.0,0.0,0.0,0.0,2,6938.0,6958.0,1,6948.0,6956.0,6986.0,6948.0,10.0,69680.0,186
2023-05-10 22:36:52,PF2312,PF312,6950.0,0.0,0.0,0.0,3,6938.0,6958.0,1,6948.0,6956.0,6986.0,6948.0,10.0,69680.0,186
2023-05-10 22:36:52,PF2312,PF312,6950.0,0.0,0.0,0.0,2,6938.0,6958.0,1,6948.0,6956.0,6986.0,6948.0,10.0,69680.0,186
2023-05-10 22:36:57,PF2312,PF312,6950.0,0.0,0.0,0.0,3,6938.0,6958.0,1,6948.0,6956.0,6986.0,6948.0,10.0,69680.0,186
2023-05-10 22:36:57,PF2312,PF312,6950.0,0.0,0.0,0.0,2,6938.0,6958.0,1,6948.0,6956.0,6986.0,6948.0,10.0,69680.0,186
2023-05-10 22:37:13,PF2312,PF312,6950.0,0.0,0.0,0.0,2,6918.0,6958.0,1,6948.0,6956.0,6986.0,6948.0,10.0,69680.0,186
2023-05-10 22:37:14,PF2312,PF312,6950.0,0.0,0.0,0.0,1,6920.0,6958.0,1,6948.0,6956.0,6986.0,6948.0,10.0,69680.0,186
2023-05-10 22:37:15,PF2312,PF312,6950.0,0.0,0.0,0.0,3,6920.0,6958.0,1,6948.0,6956.0,6986.0,6948.0,10.0,69680.0,186
2023-05-10 22:37:17,PF2312,PF312,6950.0,0.0,0.0,0.0,2,6920.0,6954.0,2,6948.0,6956.0,6986.0,6948.0,10.0,69680.0,186
2023-05-10 22:37:17,PF2312,PF312,6950.0,0.0,0.0,0.0,1,6920.0,6956.0,2,6948.0,6956.0,6986.0,6948.0,10.0,69680.0,186
2023-05-10 22:37:18,PF2312,PF312,6950.0,0.0,0.0,0.0,1,6920.0,6956.0,3,6948.0,6956.0,6986.0,6948.0,10.0,69680.0,186
2023-05-10 22:37:32,PF2312,PF312,6950.0,0.0,0.0,0.0,1,6922.0,6956.0,3,6948.0,6956.0,6986.0,6948.0,10.0,69680.0,186
2023-05-10 22:37:33,PF2312,PF312,6950.0,0.0,0.0,0.0,2,6922.0,6956.0,3,6948.0,6956.0,6986.0,6948.0,10.0,69680.0,186
2023-05-10 22:37:35,PF2312,PF312,6950.0,0.0,0.0,0.0,1,6922.0,6956.0,3,6948.0,6956.0,6986.0,6948.0,10.0,69680.0,186
2023-05-10 22:37:36,PF2312,PF312,6950.0,0.0,0.0,0.0,1,6922.0,6954.0,1,6948.0,6956.0,6986.0,6948.0,10.0,69680.0,186
2023-05-10 22:37:40,PF2312,PF312,6950.0,0.0,0.0,0.0,1,6922.0,6954.0,2,6948.0,6956.0,6986.0,6948.0,10.0,69680.0,186
2023-05-10 22:37:49,PF2312,PF312,6950.0,0.0,0.0,0.0,2,6924.0,6954.0,1,6948.0,6956.0,6986.0,6948.0,10.0,69680.0,186
2023-05-10 22:37:49,PF2312,PF312,6950.0,0.0,0.0,0.0,1,6932.0,6954.0,1,6948.0,6956.0,6986.0,6948.0,10.0,69680.0,186
2023-05-10 22:37:57,PF2312,PF312,6950.0,0.0,0.0,0.0,1,6932.0,6954.0,3,6948.0,6956.0,6986.0,6948.0,10.0,69680.0,186
2023-05-10 22:37:57,PF2312,PF312,6950.0,0.0,0.0,0.0,1,6932.0,6954.0,2,6948.0,6956.0,6986.0,6948.0,10.0,69680.0,186
2023-05-10 22:37:58,PF2312,PF312,6950.0,0.0,0.0,0.0,2,6924.0,6954.0,1,6948.0,6956.0,6986.0,6948.0,10.0,69680.0,186
2023-05-10 22:37:58,PF2312,PF312,6950.0,0.0,0.0,0.0,3,6924.0,6956.0,2,6948.0,6956.0,6986.0,6948.0,10.0,69680.0,186
2023-05-10 22:37:59,PF2312,PF312,6950.0,0.0,0.0,0.0,3,6924.0,6956.0,3,6948.0,6956.0,6986.0,6948.0,10.0,69680.0,186
2023-05-10 22:38:00,PF2312,PF312,6950.0,0.0,0.0,0.0,3,6924.0,6954.0,2,6948.0,6956.0,6986.0,6948.0,10.0,69680.0,186
2023-05-10 22:38:00,PF2312,PF312,6950.0,0.0,0.0,0.0,3,6924.0,6956.0,2,6948.0,6956.0,6986.0,6948.0,10.0,69680.0,186
2023-05-10 22:38:01,PF2312,PF312,6950.0,0.0,0.0,0.0,3,6924.0,6954.0,2,6948.0,6956.0,6986.0,6948.0,10.0,69680.0,186
2023-05-10 22:38:01,PF2312,PF312,6950.0,0.0,0.0,0.0,3,6924.0,6954.0,3,6948.0,6956.0,6986.0,6948.0,10.0,69680.0,186
2023-05-10 22:38:03,PF2312,PF312,6950.0,0.0,0.0,0.0,3,6924.0,6954.0,1,6948.0,6956.0,6986.0,6948.0,10.0,69680.0,186
2023-05-10 22:38:04,PF2312,PF312,6950.0,0.0,0.0,0.0,3,6924.0,6954.0,3,6948.0,6956.0,6986.0,6948.0,10.0,69680.0,186
2023-05-10 22:38:05,PF2312,PF312,6950.0,0.0,0.0,0.0,3,6924.0,6954.0,1,6948.0,6956.0,6986.0,6948.0,10.0,69680.0,186
2023-05-10 22:38:05,PF2312,PF312,6950.0,0.0,0.0,0.0,3,6924.0,6954.0,3,6948.0,6956.0,6986.0,6948.0,10.0,69680.0,186
2023-05-10 22:38:15,PF2312,PF312,6950.0,0.0,0.0,0.0,3,6924.0,6954.0,1,6948.0,6956.0,6986.0,6948.0,10.0,69680.0,186
2023-05-10 22:38:16,PF2312,PF312,6950.0,0.0,0.0,0.0,3,6924.0,6954.0,3,6948.0,6956.0,6986.0,6948.0,10.0,69680.0,186
2023-05-10 22:38:32,PF2312,PF312,6950.0,0.0,0.0,0.0,1,6930.0,6954.0,3,6948.0,6956.0,6986.0,6948.0,10.0,69680.0,186
2023-05-10 22:38:50,PF2312,PF312,6950.0,0.0,0.0,0.0,2,6918.0,6954.0,3,6948.0,6956.0,6986.0,6948.0,10.0,69680.0,186
2023-05-10 22:38:50,PF2312,PF312,6950.0,0.0,0.0,0.0,3,6918.0,6954.0,2,6948.0,6956.0,6986.0,6948.0,10.0,69680.0,186
2023-05-10 22:38:51,PF2312,PF312,6950.0,0.0,0.0,0.0,4,6918.0,6954.0,2,6948.0,6956.0,6986.0,6948.0,10.0,69680.0,186
2023-05-10 22:38:54,PF2312,PF312,6950.0,0.0,0.0,0.0,4,6918.0,6956.0,2,6948.0,6956.0,6986.0,6948.0,10.0,69680.0,186
2023-05-10 22:38:55,PF2312,PF312,6950.0,0.0,0.0,0.0,3,6918.0,6956.0,2,6948.0,6956.0,6986.0,6948.0,10.0,69680.0,186
2023-05-10 22:38:56,PF2312,PF312,6950.0,0.0,0.0,0.0,3,6918.0,6956.0,3,6948.0,6956.0,6986.0,6948.0,10.0,69680.0,186
2023-05-10 22:38:57,PF2312,PF312,6950.0,0.0,0.0,0.0,1,6922.0,6956.0,3,6948.0,6956.0,6986.0,6948.0,10.0,69680.0,186
2023-05-10 22:38:58,PF2312,PF312,6950.0,0.0,0.0,0.0,2,6922.0,6956.0,3,6948.0,6956.0,6986.0,6948.0,10.0,69680.0,186
2023-05-10 22:39:10,PF2312,PF312,6950.0,0.0,0.0,0.0,1,6922.0,6956.0,3,6948.0,6956.0,6986.0,6948.0,10.0,69680.0,186
2023-05-10 22:39:14,PF2312,PF312,6950.0,0.0,0.0,0.0,2,6924.0,6956.0,3,6948.0,6956.0,6986.0,6948.0,10.0,69680.0,186
2023-05-10 22:39:16,PF2312,PF312,6950.0,0.0,0.0,0.0,3,6924.0,6956.0,3,6948.0,6956.0,6986.0,6948.0,10.0,69680.0,186
2023-05-10 22:39:19,PF2312,PF312,6950.0,0.0,0.0,0.0,3,6924.0,6954.0,2,6948.0,6956.0,6986.0,6948.0,10.0,69680.0,186
2023-05-10 22:39:22,PF2312,PF312,6950.0,0.0,0.0,0.0,3,6924.0,6954.0,3,6948.0,6956.0,6986.0,6948.0,10.0,69680.0,186
2023-05-10 22:39:22,PF2312,PF312,6950.0,0.0,0.0,0.0,3,6924.0,6954.0,1,6948.0,6956.0,6986.0,6948.0,10.0,69680.0,186
2023-05-10 22:39:27,PF2312,PF312,6950.0,0.0,0.0,0.0,3,6924.0,6954.0,3,6948.0,6956.0,6986.0,6948.0,10.0,69680.0,186
2023-05-10 22:39:28,PF2312,PF312,6950.0,0.0,0.0,0.0,3,6924.0,6954.0,2,6948.0,6956.0,6986.0,6948.0,10.0,69680.0,186
2023-05-10 22:39:28,PF2312,PF312,6950.0,0.0,0.0,0.0,3,6924.0,6954.0,1,6948.0,6956.0,6986.0,6948.0,10.0,69680.0,186
2023-05-10 22:39:31,PF2312,PF312,6950.0,0.0,0.0,0.0,3,6924.0,6956.0,2,6948.0,6956.0,6986.0,6948.0,10.0,69680.0,186
2023-05-10 22:39:34,PF2312,PF312,6950.0,0.0,0.0,0.0,3,6924.0,6956.0,3,6948.0,6956.0,6986.0,6948.0,10.0,69680.0,186
2023-05-10 22:40:11,PF2312,PF312,6950.0,0.0,0.0,0.0,3,6924.0,6956.0,1,6948.0,6956.0,6986.0,6948.0,10.0,69680.0,186
2023-05-10 22:40:11,PF2312,PF312,6950.0,0.0,0.0,0.0,3,6924.0,6958.0,3,6948.0,6956.0,6986.0,6948.0,10.0,69680.0,186
2023-05-10 22:40:12,PF2312,PF312,6950.0,0.0,0.0,0.0,1,6926.0,6958.0,1,6948.0,6956.0,6986.0,6948.0,10.0,69680.0,186
2023-05-10 22:40:12,PF2312,PF312,6950.0,0.0,0.0,0.0,1,6926.0,6958.0,2,6948.0,6956.0,6986.0,6948.0,10.0,69680.0,186
2023-05-10 22:40:13,PF2312,PF312,6950.0,0.0,0.0,0.0,1,6926.0,6958.0,1,6948.0,6956.0,6986.0,6948.0,10.0,69680.0,186
2023-05-10 22:40:13,PF2312,PF312,6950.0,0.0,0.0,0.0,2,6926.0,6958.0,1,6948.0,6956.0,6986.0,6948.0,10.0,69680.0,186
2023-05-10 22:40:17,PF2312,PF312,6950.0,0.0,0.0,0.0,1,6928.0,6958.0,1,6948.0,6956.0,6986.0,6948.0,10.0,69680.0,186
2023-05-10 22:40:19,PF2312,PF312,6950.0,0.0,0.0,0.0,2,6928.0,6958.0,1,6948.0,6956.0,6986.0,6948.0,10.0,69680.0,186
2023-05-10 22:40:29,PF2312,PF312,6950.0,0.0,0.0,0.0,1,6928.0,6958.0,1,6948.0,6956.0,6986.0,6948.0,10.0,69680.0,186
2023-05-10 22:40:38,PF2312,PF312,6950.0,0.0,0.0,0.0,1,6938.0,6958.0,1,6948.0,6956.0,6986.0,6948.0,10.0,69680.0,186
2023-05-10 22:40:39,PF2312,PF312,6950.0,0.0,0.0,0.0,1,6926.0,6958.0,1,6948.0,6956.0,6986.0,6948.0,10.0,69680.0,186
2023-05-10 22:40:39,PF2312,PF312,6950.0,0.0,0.0,0.0,3,6926.0,6958.0,1,6948.0,6956.0,6986.0,6948.0,10.0,69680.0,186
2023-05-10 22:40:41,PF2312,PF312,6950.0,0.0,0.0,0.0,2,6926.0,6958.0,1,6948.0,6956.0,6986.0,6948.0,10.0,69680.0,186
2023-05-10 22:41:01,PF2312,PF312,6950.0,0.0,0.0,0.0,2,6926.0,6956.0,2,6948.0,6956.0,6986.0,6948.0,10.0,69680.0,186
2023-05-10 22:41:20,PF2312,PF312,6950.0,0.0,0.0,0.0,1,6934.0,6956.0,2,6948.0,6956.0,6986.0,6948.0,10.0,69680.0,186
2023-05-10 22:41:22,PF2312,PF312,6950.0,0.0,0.0,0.0,2,6928.0,6956.0,2,6948.0,6956.0,6986.0,6948.0,10.0,69680.0,186
2023-05-10 22:41:22,PF2312,PF312,6950.0,0.0,0.0,0.0,4,6928.0,6956.0,2,6948.0,6956.0,6986.0,6948.0,10.0,69680.0,186
2023-05-10 22:41:26,PF2312,PF312,6950.0,0.0,0.0,0.0,4,6928.0,6958.0,3,6948.0,6956.0,6986.0,6948.0,10.0,69680.0,186
2023-05-10 22:41:34,PF2312,PF312,6950.0,0.0,0.0,0.0,3,6928.0,6958.0,3,6948.0,6956.0,6986.0,6948.0,10.0,69680.0,186
2023-05-10 22:41:36,PF2312,PF312,6950.0,0.0,0.0,0.0,3,6928.0,6958.0,4,6948.0,6956.0,6986.0,6948.0,10.0,69680.0,186
2023-05-10 22:41:51,PF2312,PF312,6950.0,0.0,0.0,0.0,3,6928.0,6956.0,1,6948.0,6956.0,6986.0,6948.0,10.0,69680.0,186
2023-05-10 22:41:52,PF2312,PF312,6950.0,0.0,0.0,0.0,2,6928.0,6956.0,1,6948.0,6956.0,6986.0,6948.0,10.0,69680.0,186
2023-05-10 22:41:53,PF2312,PF312,6950.0,0.0,0.0,0.0,2,6928.0,6956.0,2,6948.0,6956.0,6986.0,6948.0,10.0,69680.0,186
2023-05-10 22:41:54,PF2312,PF312,6950.0,0.0,0.0,0.0,2,6928.0,6956.0,3,6948.0,6956.0,6986.0,6948.0,10.0,69680.0,186
2023-05-10 22:41:56,PF2312,PF312,6950.0,0.0,0.0,0.0,2,6928.0,6956.0,2,6948.0,6956.0,6986.0,6948.0,10.0,69680.0,186
2023-05-10 22:41:56,PF2312,PF312,6950.0,0.0,0.0,0.0,3,6928.0,6956.0,2,6948.0,6956.0,6986.0,6948.0,10.0,69680.0,186
2023-05-10 22:42:01,PF2312,PF312,6950.0,0.0,0.0,0.0,2,6928.0,6956.0,3,6948.0,6956.0,6986.0,6948.0,10.0,69680.0,186
2023-05-10 22:42:03,PF2312,PF312,6950.0,0.0,0.0,0.0,1,6932.0,6956.0,3,6948.0,6956.0,6986.0,6948.0,10.0,69680.0,186
2023-05-10 22:42:07,PF2312,PF312,6950.0,0.0,0.0,0.0,1,6932.0,6956.0,2,6948.0,6956.0,6986.0,6948.0,10.0,69680.0,186
2023-05-10 22:42:08,PF2312,PF312,6950.0,0.0,0.0,0.0,1,6932.0,6956.0,3,6948.0,6956.0,6986.0,6948.0,10.0,69680.0,186
2023-05-10 22:42:09,PF2312,PF312,6950.0,0.0,0.0,0.0,1,6932.0,6956.0,2,6948.0,6956.0,6986.0,6948.0,10.0,69680.0,186
2023-05-10 22:42:13,PF2312,PF312,6950.0,0.0,0.0,0.0,1,6932.0,6956.0,3,6948.0,6956.0,6986.0,6948.0,10.0,69680.0,186
2023-05-10 22:42:35,PF2312,PF312,6950.0,0.0,0.0,0.0,1,6932.0,6956.0,2,6948.0,6956.0,6986.0,6948.0,10.0,69680.0,186
2023-05-10 22:42:44,PF2312,PF312,6950.0,0.0,0.0,0.0,1,6932.0,6956.0,1,6948.0,6956.0,6986.0,6948.0,10.0,69680.0,186
2023-05-10 22:42:44,PF2312,PF312,6950.0,0.0,0.0,0.0,2,6934.0,6956.0,1,6948.0,6956.0,6986.0,6948.0,10.0,69680.0,186
2023-05-10 22:43:27,PF2312,PF312,6950.0,0.0,0.0,0.0,1,6936.0,6956.0,1,6948.0,6956.0,6986.0,6948.0,10.0,69680.0,186
2023-05-10 22:43:28,PF2312,PF312,6950.0,0.0,0.0,0.0,2,6934.0,6956.0,1,6948.0,6956.0,6986.0,6948.0,10.0,69680.0,186
2023-05-10 22:43:35,PF2312,PF312,6950.0,0.0,0.0,0.0,2,6934.0,6960.0,2,6948.0,6956.0,6986.0,6948.0,10.0,69680.0,186
2023-05-10 22:43:40,PF2312,PF312,6950.0,0.0,0.0,0.0,2,6934.0,6960.0,3,6948.0,6956.0,6986.0,6948.0,10.0,69680.0,186
2023-05-10 22:44:04,PF2312,PF312,6950.0,0.0,0.0,0.0,2,6934.0,6960.0,2,6948.0,6956.0,6986.0,6948.0,10.0,69680.0,186
2023-05-10 22:44:04,PF2312,PF312,6950.0,0.0,0.0,0.0,2,6934.0,6960.0,3,6948.0,6956.0,6986.0,6948.0,10.0,69680.0,186
2023-05-10 22:44:08,PF2312,PF312,6950.0,0.0,0.0,0.0,3,6934.0,6960.0,3,6948.0,6956.0,6986.0,6948.0,10.0,69680.0,186
2023-05-10 22:44:09,PF2312,PF312,6950.0,0.0,0.0,0.0,3,6934.0,6956.0,2,6948.0,6956.0,6986.0,6948.0,10.0,69680.0,186
2023-05-10 22:44:10,PF2312,PF312,6950.0,0.0,0.0,0.0,2,6934.0,6956.0,2,6948.0,6956.0,6986.0,6948.0,10.0,69680.0,186
2023-05-10 22:44:10,PF2312,PF312,6950.0,0.0,0.0,0.0,2,6934.0,6956.0,3,6948.0,6956.0,6986.0,6948.0,10.0,69680.0,186
2023-05-10 22:44:50,PF2312,PF312,6950.0,0.0,0.0,0.0,3,6934.0,6956.0,3,6948.0,6956.0,6986.0,6948.0,10.0,69680.0,186
2023-05-10 22:44:52,PF2312,PF312,6950.0,0.0,0.0,0.0,2,6934.0,6956.0,3,6948.0,6956.0,6986.0,6948.0,10.0,69680.0,186
2023-05-10 22:45:03,PF2312,PF312,6950.0,0.0,0.0,0.0,2,6934.0,6956.0,1,6948.0,6956.0,6986.0,6948.0,10.0,69680.0,186
2023-05-10 22:45:20,PF2312,PF312,6950.0,0.0,0.0,0.0,2,6934.0,6956.0,3,6948.0,6956.0,6986.0,6948.0,10.0,69680.0,186
2023-05-10 22:45:32,PF2312,PF312,6950.0,0.0,0.0,0.0,3,6934.0,6956.0,3,6948.0,6956.0,6986.0,6948.0,10.0,69680.0,186
2023-05-10 22:45:34,PF2312,PF312,6950.0,0.0,0.0,0.0,2,6934.0,6956.0,3,6948.0,6956.0,6986.0,6948.0,10.0,69680.0,186
2023-05-10 22:45:47,PF2312,PF312,6950.0,0.0,0.0,0.0,2,6934.0,6956.0,1,6948.0,6956.0,6986.0,6948.0,10.0,69680.0,186
2023-05-10 22:46:03,PF2312,PF312,6950.0,0.0,0.0,0.0,2,6934.0,6956.0,3,6948.0,6956.0,6986.0,6948.0,10.0,69680.0,186
2023-05-10 22:46:10,PF2312,PF312,6950.0,0.0,0.0,0.0,2,6934.0,6954.0,1,6948.0,6956.0,6986.0,6948.0,10.0,69680.0,186
2023-05-10 22:46:11,PF2312,PF312,6950.0,0.0,0.0,0.0,2,6934.0,6954.0,2,6948.0,6956.0,6986.0,6948.0,10.0,69680.0,186
2023-05-10 22:46:22,PF2312,PF312,6950.0,0.0,0.0,0.0,2,6934.0,6954.0,1,6948.0,6956.0,6986.0,6948.0,10.0,69680.0,186
2023-05-10 22:46:31,PF2312,PF312,6950.0,0.0,0.0,0.0,2,6934.0,6956.0,2,6948.0,6956.0,6986.0,6948.0,10.0,69680.0,186
2023-05-10 22:46:41,PF2312,PF312,6950.0,0.0,0.0,0.0,2,6934.0,6956.0,3,6948.0,6956.0,6986.0,6948.0,10.0,69680.0,186
2023-05-10 22:46:56,PF2312,PF312,6950.0,0.0,0.0,0.0,2,6934.0,6956.0,1,6948.0,6956.0,6986.0,6948.0,10.0,69680.0,186
2023-05-10 22:46:56,PF2312,PF312,6950.0,0.0,0.0,0.0,2,6934.0,6958.0,2,6948.0,6956.0,6986.0,6948.0,10.0,69680.0,186
2023-05-10 22:46:58,PF2312,PF312,6950.0,0.0,0.0,0.0,2,6934.0,6958.0,3,6948.0,6956.0,6986.0,6948.0,10.0,69680.0,186
2023-05-10 22:47:22,PF2312,PF312,6950.0,0.0,0.0,0.0,2,6934.0,6958.0,1,6948.0,6956.0,6986.0,6948.0,10.0,69680.0,186
2023-05-10 22:47:23,PF2312,PF312,6950.0,0.0,0.0,0.0,3,6934.0,6960.0,2,6948.0,6956.0,6986.0,6948.0,10.0,69680.0,186
2023-05-10 22:47:23,PF2312,PF312,6950.0,0.0,0.0,0.0,3,6934.0,6960.0,1,6948.0,6956.0,6986.0,6948.0,10.0,69680.0,186
2023-05-10 22:47:24,PF2312,PF312,6950.0,0.0,0.0,0.0,3,6934.0,6960.0,2,6948.0,6956.0,6986.0,6948.0,10.0,69680.0,186
2023-05-10 22:47:30,PF2312,PF312,6950.0,0.0,0.0,0.0,3,6934.0,6960.0,1,6948.0,6956.0,6986.0,6948.0,10.0,69680.0,186
2023-05-10 22:47:31,PF2312,PF312,6950.0,0.0,0.0,0.0,3,6934.0,6962.0,2,6948.0,6956.0,6986.0,6948.0,10.0,69680.0,186
2023-05-10 22:47:32,PF2312,PF312,6950.0,0.0,0.0,0.0,4,6934.0,6962.0,2,6948.0,6956.0,6986.0,6948.0,10.0,69680.0,186
2023-05-10 22:47:33,PF2312,PF312,6950.0,0.0,0.0,0.0,4,6934.0,6960.0,2,6948.0,6956.0,6986.0,6948.0,10.0,69680.0,186
2023-05-10 22:47:34,PF2312,PF312,6950.0,0.0,0.0,0.0,4,6934.0,6962.0,2,6948.0,6956.0,6986.0,6948.0,10.0,69680.0,186
2023-05-10 22:47:37,PF2312,PF312,6950.0,0.0,0.0,0.0,1,6938.0,6962.0,2,6948.0,6956.0,6986.0,6948.0,10.0,69680.0,186
2023-05-10 22:47:48,PF2312,PF312,6950.0,0.0,0.0,0.0,1,6938.0,6952.0,1,6948.0,6956.0,6986.0,6948.0,10.0,69680.0,186
2023-05-10 22:48:01,PF2312,PF312,6950.0,0.0,0.0,0.0,1,6932.0,6952.0,1,6948.0,6956.0,6986.0,6948.0,10.0,69680.0,186
2023-05-10 22:48:01,PF2312,PF312,6950.0,0.0,0.0,0.0,3,6932.0,6952.0,1,6948.0,6956.0,6986.0,6948.0,10.0,69680.0,186
2023-05-10 22:48:18,PF2312,PF312,6950.0,0.0,0.0,0.0,2,6934.0,6952.0,1,6948.0,6956.0,6986.0,6948.0,10.0,69680.0,186
