time,symbol_id,symbol_name,last,trade_volume,trade_amount,open_interest_change,bv1,bp1,ap1,av1,yesterday_close,today_open,today_high,today_low,volume,amount,open_interest
2023-05-10 19:12:58,PF2306,PF2306,7224.0,0.0,0.0,0.0,0,0.0,0.0,0,7224.0,7256.0,0.0,0.0,0.0,0.0,63430
2023-05-10 20:55:00,PF2306,PF2306,7224.0,0.0,0.0,0.0,0,0.0,0.0,0,7224.0,7256.0,0.0,0.0,0.0,0.0,63430
2023-05-10 20:55:10,PF2306,PF2306,7224.0,0.0,0.0,0.0,0,0.0,0.0,0,7224.0,7256.0,0.0,0.0,0.0,0.0,63430
2023-05-10 20:55:17,PF2306,PF2306,7224.0,0.0,0.0,0.0,0,0.0,0.0,0,7224.0,7256.0,0.0,0.0,0.0,0.0,63430
2023-05-10 20:55:18,PF2306,PF2306,7224.0,0.0,0.0,0.0,0,0.0,0.0,0,7224.0,7256.0,0.0,0.0,0.0,0.0,63430
2023-05-10 20:55:48,PF2306,PF2306,7224.0,0.0,0.0,0.0,0,0.0,0.0,0,7224.0,7256.0,0.0,0.0,0.0,0.0,63430
2023-05-10 20:55:56,PF2306,PF2306,7224.0,0.0,0.0,0.0,0,0.0,0.0,0,7224.0,7256.0,0.0,0.0,0.0,0.0,63430
2023-05-10 20:55:59,PF2306,PF2306,7224.0,0.0,0.0,0.0,0,0.0,0.0,0,7224.0,7256.0,0.0,0.0,0.0,0.0,63430
2023-05-10 20:56:03,PF2306,PF2306,7224.0,0.0,0.0,0.0,0,0.0,0.0,0,7224.0,7256.0,0.0,0.0,0.0,0.0,63430
2023-05-10 20:56:04,PF2306,PF2306,7224.0,0.0,0.0,0.0,0,0.0,0.0,0,7224.0,7256.0,0.0,0.0,0.0,0.0,63430
2023-05-10 20:56:04,PF2306,PF2306,7224.0,0.0,0.0,0.0,0,0.0,0.0,0,7224.0,7256.0,0.0,0.0,0.0,0.0,63430
2023-05-10 20:56:05,PF2306,PF2306,7224.0,0.0,0.0,0.0,0,0.0,0.0,0,7224.0,7256.0,0.0,0.0,0.0,0.0,63430
2023-05-10 20:56:06,PF2306,PF2306,7224.0,0.0,0.0,0.0,0,0.0,0.0,0,7224.0,7256.0,0.0,0.0,0.0,0.0,63430
2023-05-10 20:56:09,PF2306,PF2306,7224.0,0.0,0.0,0.0,0,0.0,0.0,0,7224.0,7256.0,0.0,0.0,0.0,0.0,63430
2023-05-10 20:56:21,PF2306,PF2306,7224.0,0.0,0.0,0.0,0,0.0,0.0,0,7224.0,7256.0,0.0,0.0,0.0,0.0,63430
2023-05-10 20:56:22,PF2306,PF2306,7224.0,0.0,0.0,0.0,0,0.0,0.0,0,7224.0,7256.0,0.0,0.0,0.0,0.0,63430
2023-05-10 20:56:23,PF2306,PF2306,7224.0,0.0,0.0,0.0,0,0.0,0.0,0,7224.0,7256.0,0.0,0.0,0.0,0.0,63430
2023-05-10 20:56:24,PF2306,PF2306,7224.0,0.0,0.0,0.0,0,0.0,0.0,0,7224.0,7256.0,0.0,0.0,0.0,0.0,63430
2023-05-10 20:56:24,PF2306,PF2306,7224.0,0.0,0.0,0.0,0,0.0,0.0,0,7224.0,7256.0,0.0,0.0,0.0,0.0,63430
2023-05-10 20:56:25,PF2306,PF2306,7224.0,0.0,0.0,0.0,0,0.0,0.0,0,7224.0,7256.0,0.0,0.0,0.0,0.0,63430
2023-05-10 20:56:31,PF2306,PF2306,7224.0,0.0,0.0,0.0,0,0.0,0.0,0,7224.0,7256.0,0.0,0.0,0.0,0.0,63430
2023-05-10 20:56:32,PF2306,PF2306,7224.0,0.0,0.0,0.0,0,0.0,0.0,0,7224.0,7256.0,0.0,0.0,0.0,0.0,63430
2023-05-10 20:56:49,PF2306,PF2306,7224.0,0.0,0.0,0.0,0,0.0,0.0,0,7224.0,7256.0,0.0,0.0,0.0,0.0,63430
2023-05-10 20:56:51,PF2306,PF2306,7224.0,0.0,0.0,0.0,0,0.0,0.0,0,7224.0,7256.0,0.0,0.0,0.0,0.0,63430
2023-05-10 20:57:16,PF2306,PF2306,7224.0,0.0,0.0,0.0,0,0.0,0.0,0,7224.0,7256.0,0.0,0.0,0.0,0.0,63430
2023-05-10 20:57:30,PF2306,PF2306,7224.0,0.0,0.0,0.0,0,0.0,0.0,0,7224.0,7256.0,0.0,0.0,0.0,0.0,63430
2023-05-10 20:57:44,PF2306,PF2306,7224.0,0.0,0.0,0.0,0,0.0,0.0,0,7224.0,7256.0,0.0,0.0,0.0,0.0,63430
2023-05-10 20:57:50,PF2306,PF2306,7224.0,0.0,0.0,0.0,0,0.0,0.0,0,7224.0,7256.0,0.0,0.0,0.0,0.0,63430
2023-05-10 20:58:27,PF2306,PF2306,7224.0,0.0,0.0,0.0,0,0.0,0.0,0,7224.0,7256.0,0.0,0.0,0.0,0.0,63430
2023-05-10 20:58:30,PF2306,PF2306,7224.0,0.0,0.0,0.0,0,0.0,0.0,0,7224.0,7256.0,0.0,0.0,0.0,0.0,63430
2023-05-10 20:58:33,PF2306,PF2306,7224.0,0.0,0.0,0.0,0,0.0,0.0,0,7224.0,7256.0,0.0,0.0,0.0,0.0,63430
2023-05-10 20:58:34,PF2306,PF2306,7224.0,0.0,0.0,0.0,0,0.0,0.0,0,7224.0,7256.0,0.0,0.0,0.0,0.0,63430
2023-05-10 20:58:34,PF2306,PF2306,7224.0,0.0,0.0,0.0,0,0.0,0.0,0,7224.0,7256.0,0.0,0.0,0.0,0.0,63430
2023-05-10 20:58:45,PF2306,PF2306,7224.0,0.0,0.0,0.0,0,0.0,0.0,0,7224.0,7256.0,0.0,0.0,0.0,0.0,63430
2023-05-10 20:58:47,PF2306,PF2306,7224.0,0.0,0.0,0.0,0,0.0,0.0,0,7224.0,7256.0,0.0,0.0,0.0,0.0,63430
2023-05-10 20:58:48,PF2306,PF2306,7224.0,0.0,0.0,0.0,0,0.0,0.0,0,7224.0,7256.0,0.0,0.0,0.0,0.0,63430
2023-05-10 20:58:48,PF2306,PF2306,7224.0,0.0,0.0,0.0,0,0.0,0.0,0,7224.0,7256.0,0.0,0.0,0.0,0.0,63430
2023-05-10 20:58:50,PF2306,PF2306,7224.0,0.0,0.0,0.0,0,0.0,0.0,0,7224.0,7256.0,0.0,0.0,0.0,0.0,63430
2023-05-10 20:58:50,PF2306,PF2306,7224.0,0.0,0.0,0.0,0,0.0,0.0,0,7224.0,7256.0,0.0,0.0,0.0,0.0,63430
2023-05-10 20:58:51,PF2306,PF2306,7224.0,0.0,0.0,0.0,0,0.0,0.0,0,7224.0,7256.0,0.0,0.0,0.0,0.0,63430
2023-05-10 20:58:51,PF2306,PF2306,7224.0,0.0,0.0,0.0,0,0.0,0.0,0,7224.0,7256.0,0.0,0.0,0.0,0.0,63430
2023-05-10 20:58:52,PF2306,PF2306,7224.0,0.0,0.0,0.0,0,0.0,0.0,0,7224.0,7256.0,0.0,0.0,0.0,0.0,63430
2023-05-10 20:58:52,PF2306,PF2306,7224.0,0.0,0.0,0.0,0,0.0,0.0,0,7224.0,7256.0,0.0,0.0,0.0,0.0,63430
2023-05-10 20:58:53,PF2306,PF2306,7224.0,0.0,0.0,0.0,0,0.0,0.0,0,7224.0,7256.0,0.0,0.0,0.0,0.0,63430
2023-05-10 20:58:54,PF2306,PF2306,7224.0,0.0,0.0,0.0,0,0.0,0.0,0,7224.0,7256.0,0.0,0.0,0.0,0.0,63430
2023-05-10 20:58:54,PF2306,PF2306,7224.0,0.0,0.0,0.0,0,0.0,0.0,0,7224.0,7256.0,0.0,0.0,0.0,0.0,63430
2023-05-10 20:58:55,PF2306,PF2306,7224.0,0.0,0.0,0.0,0,0.0,0.0,0,7224.0,7256.0,0.0,0.0,0.0,0.0,63430
2023-05-10 20:58:55,PF2306,PF2306,7224.0,0.0,0.0,0.0,0,0.0,0.0,0,7224.0,7256.0,0.0,0.0,0.0,0.0,63430
2023-05-10 20:58:55,PF2306,PF2306,7224.0,0.0,0.0,0.0,0,0.0,0.0,0,7224.0,7256.0,0.0,0.0,0.0,0.0,63430
2023-05-10 20:58:56,PF2306,PF2306,7224.0,0.0,0.0,0.0,0,0.0,0.0,0,7224.0,7256.0,0.0,0.0,0.0,0.0,63430
2023-05-10 20:58:57,PF2306,PF2306,7224.0,0.0,0.0,0.0,0,0.0,0.0,0,7224.0,7256.0,0.0,0.0,0.0,0.0,63430
2023-05-10 20:58:59,PF2306,PF2306,7224.0,0.0,0.0,0.0,0,0.0,0.0,0,7224.0,7256.0,0.0,0.0,0.0,0.0,63430
2023-05-10 20:59:00,PF2306,PF2306,7256.0,4345.0,31527320.0,-4059.0,10,7254.0,7256.0,21,7224.0,7256.0,7256.0,7256.0,4345.0,31527320.0,59371
2023-05-10 21:00:00,PF2306,PF2306,7254.0,6.0,43536.0,6.0,4,7254.0,7256.0,25,7224.0,7256.0,7256.0,7254.0,4351.0,31570856.0,59377
2023-05-10 21:00:00,PF2306,PF2306,7250.0,526.0,3816656.0,-128.0,15,7234.0,7250.0,1,7224.0,7256.0,7278.0,7230.0,4877.0,35387512.0,59249
2023-05-10 21:00:00,PF2306,PF2306,7252.0,34.0,246704.0,-16.0,14,7234.0,7252.0,1,7224.0,7256.0,7278.0,7230.0,4911.0,35634216.0,59233
2023-05-10 21:00:01,PF2306,PF2306,7254.0,142.0,1030352.0,-24.0,3,7240.0,7246.0,2,7224.0,7256.0,7278.0,7230.0,5053.0,36664568.0,59209
2023-05-10 21:00:02,PF2306,PF2306,7238.0,95.0,689320.0,1.0,29,7236.0,7250.0,1,7224.0,7256.0,7278.0,7230.0,5148.0,37353888.0,59210
2023-05-10 21:00:02,PF2306,PF2306,7238.0,121.0,877976.0,-26.0,8,7238.0,7248.0,1,7224.0,7256.0,7278.0,7230.0,5269.0,38231864.0,59184
2023-05-10 21:00:03,PF2306,PF2306,7244.0,62.0,449872.0,-39.0,3,7238.0,7248.0,2,7224.0,7256.0,7278.0,7230.0,5331.0,38681736.0,59145
2023-05-10 21:00:03,PF2306,PF2306,7248.0,94.0,682064.0,-17.0,6,7240.0,7250.0,8,7224.0,7256.0,7278.0,7230.0,5425.0,39363800.0,59128
2023-05-10 21:00:04,PF2306,PF2306,7248.0,27.0,195912.0,1.0,1,7244.0,7246.0,1,7224.0,7256.0,7278.0,7230.0,5452.0,39559712.0,59129
2023-05-10 21:00:04,PF2306,PF2306,7244.0,72.0,522432.0,-24.0,1,7246.0,7248.0,1,7224.0,7256.0,7278.0,7230.0,5524.0,40082144.0,59105
2023-05-10 21:00:04,PF2306,PF2306,7240.0,17.0,123352.0,-4.0,4,7240.0,7250.0,3,7224.0,7256.0,7278.0,7230.0,5541.0,40205496.0,59101
2023-05-10 21:00:05,PF2306,PF2306,7248.0,24.0,174144.0,-11.0,1,7244.0,7248.0,4,7224.0,7256.0,7278.0,7230.0,5565.0,40379640.0,59090
2023-05-10 21:00:06,PF2306,PF2306,7248.0,47.0,341032.0,-8.0,2,7246.0,7250.0,12,7224.0,7256.0,7278.0,7230.0,5612.0,40720672.0,59082
2023-05-10 21:00:06,PF2306,PF2306,7242.0,42.0,304752.0,-27.0,40,7242.0,7250.0,4,7224.0,7256.0,7278.0,7230.0,5654.0,41025424.0,59055
2023-05-10 21:00:07,PF2306,PF2306,7248.0,12.0,75740.0,3.0,1,7246.0,7252.0,7,7224.0,7256.0,7278.0,7230.0,5666.0,41101164.0,59058
2023-05-10 21:00:07,PF2306,PF2306,7244.0,4.0,29016.0,-2.0,8,7244.0,7248.0,6,7224.0,7256.0,7278.0,7230.0,5670.0,41130180.0,59056
2023-05-10 21:00:07,PF2306,PF2306,7244.0,30.0,217620.0,-23.0,30,7242.0,7246.0,2,7224.0,7256.0,7278.0,7230.0,5700.0,41347800.0,59033
2023-05-10 21:00:08,PF2306,PF2306,7246.0,25.0,181350.0,-13.0,2,7244.0,7246.0,1,7224.0,7256.0,7278.0,7230.0,5725.0,41529150.0,59020
2023-05-10 21:00:09,PF2306,PF2306,7246.0,28.0,203112.0,-18.0,17,7242.0,7246.0,3,7224.0,7256.0,7278.0,7230.0,5753.0,41732262.0,59002
2023-05-10 21:00:09,PF2306,PF2306,7244.0,18.0,130572.0,-8.0,5,7244.0,7246.0,3,7224.0,7256.0,7278.0,7230.0,5771.0,41862834.0,58994
2023-05-10 21:00:10,PF2306,PF2306,7242.0,40.0,290160.0,-29.0,1,7242.0,7248.0,4,7224.0,7256.0,7278.0,7230.0,5811.0,42152994.0,58965
2023-05-10 21:00:10,PF2306,PF2306,7250.0,29.0,210366.0,0.0,8,7244.0,7248.0,1,7224.0,7256.0,7278.0,7230.0,5840.0,42363360.0,58965
2023-05-10 21:00:11,PF2306,PF2306,7248.0,20.0,145080.0,-14.0,30,7244.0,7246.0,2,7224.0,7256.0,7278.0,7230.0,5860.0,42508440.0,58951
2023-05-10 21:00:11,PF2306,PF2306,7246.0,18.0,130572.0,-3.0,7,7246.0,7250.0,3,7224.0,7256.0,7278.0,7230.0,5878.0,42639012.0,58948
2023-05-10 21:00:11,PF2306,PF2306,7250.0,16.0,116064.0,-8.0,12,7248.0,7252.0,3,7224.0,7256.0,7278.0,7230.0,5894.0,42755076.0,58940
2023-05-10 21:00:12,PF2306,PF2306,7252.0,20.0,145080.0,-11.0,9,7248.0,7252.0,4,7224.0,7256.0,7278.0,7230.0,5914.0,42900156.0,58929
2023-05-10 21:00:12,PF2306,PF2306,7252.0,9.0,65286.0,-3.0,11,7248.0,7254.0,12,7224.0,7256.0,7278.0,7230.0,5923.0,42965442.0,58926
2023-05-10 21:00:13,PF2306,PF2306,7252.0,16.0,116064.0,-12.0,2,7250.0,7254.0,5,7224.0,7256.0,7278.0,7230.0,5939.0,43081506.0,58914
2023-05-10 21:00:14,PF2306,PF2306,7250.0,15.0,108810.0,-9.0,10,7250.0,7254.0,1,7224.0,7256.0,7278.0,7230.0,5954.0,43190316.0,58905
2023-05-10 21:00:14,PF2306,PF2306,7256.0,32.0,232128.0,-7.0,51,7254.0,7256.0,9,7224.0,7256.0,7278.0,7230.0,5986.0,43422444.0,58898
2023-05-10 21:00:15,PF2306,PF2306,7254.0,114.0,826956.0,-20.0,2,7252.0,7256.0,8,7224.0,7256.0,7278.0,7230.0,6100.0,44249400.0,58878
2023-05-10 21:00:15,PF2306,PF2306,7252.0,44.0,319176.0,-10.0,6,7252.0,7256.0,5,7224.0,7256.0,7278.0,7230.0,6144.0,44568576.0,58868
2023-05-10 21:00:15,PF2306,PF2306,7256.0,55.0,398970.0,-47.0,12,7252.0,7256.0,4,7224.0,7256.0,7278.0,7230.0,6199.0,44967546.0,58821
2023-05-10 21:00:16,PF2306,PF2306,7252.0,29.0,210366.0,-11.0,17,7252.0,7256.0,7,7224.0,7256.0,7278.0,7230.0,6228.0,45177912.0,58810
2023-05-10 21:00:16,PF2306,PF2306,7254.0,19.0,137826.0,-3.0,5,7254.0,7256.0,3,7224.0,7256.0,7278.0,7230.0,6247.0,45315738.0,58807
2023-05-10 21:00:17,PF2306,PF2306,7252.0,17.0,123318.0,-12.0,1,7252.0,7254.0,1,7224.0,7256.0,7278.0,7230.0,6264.0,45439056.0,58795
2023-05-10 21:00:17,PF2306,PF2306,7254.0,7.0,50778.0,-4.0,2,7252.0,7254.0,9,7224.0,7256.0,7278.0,7230.0,6271.0,45489834.0,58791
2023-05-10 21:00:18,PF2306,PF2306,7250.0,19.0,137826.0,-18.0,8,7250.0,7254.0,5,7224.0,7256.0,7278.0,7230.0,6290.0,45627660.0,58773
2023-05-10 21:00:19,PF2306,PF2306,7250.0,3.0,21762.0,-1.0,7,7250.0,7254.0,7,7224.0,7256.0,7278.0,7230.0,6293.0,45649422.0,58772
2023-05-10 21:00:19,PF2306,PF2306,7254.0,2.0,14508.0,0.0,6,7250.0,7254.0,7,7224.0,7256.0,7278.0,7230.0,6295.0,45663930.0,58772
2023-05-10 21:00:19,PF2306,PF2306,7250.0,28.0,203112.0,-21.0,4,7248.0,7252.0,9,7224.0,7256.0,7278.0,7230.0,6323.0,45867042.0,58751
2023-05-10 21:00:20,PF2306,PF2306,7248.0,32.0,232128.0,-8.0,7,7248.0,7252.0,1,7224.0,7256.0,7278.0,7230.0,6355.0,46099170.0,58743
2023-05-10 21:00:21,PF2306,PF2306,7248.0,4.0,29016.0,-1.0,3,7248.0,7250.0,4,7224.0,7256.0,7278.0,7230.0,6359.0,46128186.0,58742
2023-05-10 21:00:21,PF2306,PF2306,7250.0,3.0,21762.0,1.0,3,7248.0,7250.0,3,7224.0,7256.0,7278.0,7230.0,6362.0,46149948.0,58743
2023-05-10 21:00:21,PF2306,PF2306,7250.0,14.0,101556.0,-6.0,17,7246.0,7250.0,21,7224.0,7256.0,7278.0,7230.0,6376.0,46251504.0,58737
2023-05-10 21:00:22,PF2306,PF2306,7250.0,15.0,108810.0,-8.0,1,7248.0,7250.0,9,7224.0,7256.0,7278.0,7230.0,6391.0,46360314.0,58729
2023-05-10 21:00:23,PF2306,PF2306,7250.0,21.0,152334.0,-11.0,7,7246.0,7250.0,24,7224.0,7256.0,7278.0,7230.0,6412.0,46512648.0,58718
2023-05-10 21:00:23,PF2306,PF2306,7246.0,14.0,101556.0,-11.0,1,7246.0,7248.0,2,7224.0,7256.0,7278.0,7230.0,6426.0,46614204.0,58707
2023-05-10 21:00:24,PF2306,PF2306,7248.0,11.0,79794.0,-3.0,11,7246.0,7248.0,1,7224.0,7256.0,7278.0,7230.0,6437.0,46693998.0,58704
2023-05-10 21:00:24,PF2306,PF2306,7248.0,7.0,50778.0,0.0,20,7246.0,7248.0,2,7224.0,7256.0,7278.0,7230.0,6444.0,46744776.0,58704
2023-05-10 21:00:24,PF2306,PF2306,7246.0,33.0,239382.0,-10.0,8,7242.0,7246.0,1,7224.0,7256.0,7278.0,7230.0,6477.0,46984158.0,58694
2023-05-10 21:00:25,PF2306,PF2306,7246.0,9.0,65286.0,-7.0,3,7244.0,7246.0,9,7224.0,7256.0,7278.0,7230.0,6486.0,47049444.0,58687
2023-05-10 21:00:26,PF2306,PF2306,7242.0,18.0,130572.0,-10.0,17,7242.0,7246.0,35,7224.0,7256.0,7278.0,7230.0,6504.0,47180016.0,58677
2023-05-10 21:00:26,PF2306,PF2306,7246.0,17.0,123318.0,-9.0,9,7242.0,7246.0,19,7224.0,7256.0,7278.0,7230.0,6521.0,47303334.0,58668
2023-05-10 21:00:27,PF2306,PF2306,7246.0,16.0,116064.0,-16.0,1,7244.0,7246.0,26,7224.0,7256.0,7278.0,7230.0,6537.0,47419398.0,58652
2023-05-10 21:00:27,PF2306,PF2306,7242.0,16.0,116064.0,-7.0,1,7242.0,7246.0,30,7224.0,7256.0,7278.0,7230.0,6553.0,47535462.0,58645
2023-05-10 21:00:27,PF2306,PF2306,7242.0,0.0,0.0,0.0,1,7244.0,7246.0,30,7224.0,7256.0,7278.0,7230.0,6553.0,47535462.0,58645
2023-05-10 21:00:28,PF2306,PF2306,7244.0,10.0,72540.0,-8.0,3,7244.0,7246.0,20,7224.0,7256.0,7278.0,7230.0,6563.0,47608002.0,58637
2023-05-10 21:00:28,PF2306,PF2306,7244.0,12.0,87048.0,-3.0,4,7244.0,7246.0,20,7224.0,7256.0,7278.0,7230.0,6575.0,47695050.0,58634
2023-05-10 21:00:29,PF2306,PF2306,7244.0,6.0,43524.0,0.0,2,7244.0,7246.0,24,7224.0,7256.0,7278.0,7230.0,6581.0,47738574.0,58634
2023-05-10 21:00:30,PF2306,PF2306,7240.0,13.0,94302.0,-8.0,20,7240.0,7244.0,4,7224.0,7256.0,7278.0,7230.0,6594.0,47832876.0,58626
2023-05-10 21:00:30,PF2306,PF2306,7244.0,31.0,224874.0,17.0,5,7244.0,7246.0,21,7224.0,7256.0,7278.0,7230.0,6625.0,48057750.0,58643
2023-05-10 21:00:30,PF2306,PF2306,7246.0,1.0,7254.0,-1.0,7,7244.0,7246.0,20,7224.0,7256.0,7278.0,7230.0,6626.0,48065004.0,58642
2023-05-10 21:00:31,PF2306,PF2306,7244.0,15.0,108810.0,-9.0,2,7242.0,7246.0,27,7224.0,7256.0,7278.0,7230.0,6641.0,48173814.0,58633
2023-05-10 21:00:32,PF2306,PF2306,7244.0,45.0,326430.0,-19.0,4,7244.0,7246.0,27,7224.0,7256.0,7278.0,7230.0,6686.0,48500244.0,58614
2023-05-10 21:00:32,PF2306,PF2306,7242.0,17.0,123318.0,-7.0,6,7242.0,7246.0,25,7224.0,7256.0,7278.0,7230.0,6703.0,48623562.0,58607
2023-05-10 21:00:33,PF2306,PF2306,7242.0,3.0,21762.0,0.0,6,7242.0,7246.0,26,7224.0,7256.0,7278.0,7230.0,6706.0,48645324.0,58607
2023-05-10 21:00:33,PF2306,PF2306,7246.0,1.0,7254.0,-1.0,2,7244.0,7246.0,25,7224.0,7256.0,7278.0,7230.0,6707.0,48652578.0,58606
2023-05-10 21:00:34,PF2306,PF2306,7246.0,27.0,195858.0,-18.0,1,7244.0,7246.0,19,7224.0,7256.0,7278.0,7230.0,6734.0,48848436.0,58588
2023-05-10 21:00:34,PF2306,PF2306,7246.0,0.0,0.0,0.0,2,7244.0,7246.0,21,7224.0,7256.0,7278.0,7230.0,6734.0,48848436.0,58588
2023-05-10 21:00:35,PF2306,PF2306,7244.0,22.0,159588.0,-10.0,5,7244.0,7246.0,5,7224.0,7256.0,7278.0,7230.0,6756.0,49008024.0,58578
2023-05-10 21:00:35,PF2306,PF2306,7248.0,23.0,166842.0,-11.0,4,7244.0,7248.0,11,7224.0,7256.0,7278.0,7230.0,6779.0,49174866.0,58567
2023-05-10 21:00:36,PF2306,PF2306,7248.0,3.0,21762.0,-2.0,6,7244.0,7248.0,26,7224.0,7256.0,7278.0,7230.0,6782.0,49196628.0,58565
2023-05-10 21:00:36,PF2306,PF2306,7250.0,30.0,217620.0,-1.0,12,7244.0,7250.0,9,7224.0,7256.0,7278.0,7230.0,6812.0,49414248.0,58564
2023-05-10 21:00:36,PF2306,PF2306,7248.0,3.0,21762.0,-1.0,15,7246.0,7250.0,8,7224.0,7256.0,7278.0,7230.0,6815.0,49436010.0,58563
2023-05-10 21:00:37,PF2306,PF2306,7246.0,1.0,7254.0,-1.0,5,7248.0,7250.0,8,7224.0,7256.0,7278.0,7230.0,6816.0,49443264.0,58562
2023-05-10 21:00:37,PF2306,PF2306,7250.0,19.0,137826.0,-10.0,1,7248.0,7250.0,2,7224.0,7256.0,7278.0,7230.0,6835.0,49581090.0,58552
2023-05-10 21:00:38,PF2306,PF2306,7246.0,3.0,21762.0,-1.0,15,7246.0,7250.0,4,7224.0,7256.0,7278.0,7230.0,6838.0,49602852.0,58551
2023-05-10 21:00:38,PF2306,PF2306,7248.0,1.0,7254.0,0.0,14,7246.0,7248.0,35,7224.0,7256.0,7278.0,7230.0,6839.0,49610106.0,58551
2023-05-10 21:00:39,PF2306,PF2306,7246.0,3.0,21762.0,2.0,10,7244.0,7248.0,49,7224.0,7256.0,7278.0,7230.0,6842.0,49631868.0,58553
2023-05-10 21:00:39,PF2306,PF2306,7246.0,2.0,14508.0,-2.0,10,7244.0,7248.0,53,7224.0,7256.0,7278.0,7230.0,6844.0,49646376.0,58551
2023-05-10 21:00:40,PF2306,PF2306,7246.0,0.0,0.0,0.0,8,7246.0,7248.0,53,7224.0,7256.0,7278.0,7230.0,6844.0,49646376.0,58551
2023-05-10 21:00:40,PF2306,PF2306,7244.0,64.0,464256.0,-23.0,1,7246.0,7250.0,5,7224.0,7256.0,7278.0,7230.0,6908.0,50110632.0,58528
2023-05-10 21:00:41,PF2306,PF2306,7250.0,2.0,14508.0,-2.0,1,7246.0,7250.0,8,7224.0,7256.0,7278.0,7230.0,6910.0,50125140.0,58526
2023-05-10 21:00:41,PF2306,PF2306,7246.0,3.0,21762.0,0.0,1,7246.0,7248.0,3,7224.0,7256.0,7278.0,7230.0,6913.0,50146902.0,58526
2023-05-10 21:00:42,PF2306,PF2306,7248.0,13.0,94302.0,-12.0,13,7244.0,7248.0,7,7224.0,7256.0,7278.0,7230.0,6926.0,50241204.0,58514
2023-05-10 21:00:42,PF2306,PF2306,7248.0,2.0,14508.0,2.0,12,7244.0,7248.0,9,7224.0,7256.0,7278.0,7230.0,6928.0,50255712.0,58516
2023-05-10 21:00:43,PF2306,PF2306,7248.0,0.0,0.0,0.0,9,7244.0,7246.0,6,7224.0,7256.0,7278.0,7230.0,6928.0,50255712.0,58516
2023-05-10 21:00:43,PF2306,PF2306,7246.0,6.0,43524.0,-5.0,13,7244.0,7248.0,11,7224.0,7256.0,7278.0,7230.0,6934.0,50299236.0,58511
2023-05-10 21:00:44,PF2306,PF2306,7248.0,2.0,14508.0,1.0,14,7244.0,7248.0,5,7224.0,7256.0,7278.0,7230.0,6936.0,50313744.0,58512
2023-05-10 21:00:44,PF2306,PF2306,7244.0,28.0,203112.0,-13.0,9,7244.0,7250.0,1,7224.0,7256.0,7278.0,7230.0,6964.0,50516856.0,58499
2023-05-10 21:00:45,PF2306,PF2306,7244.0,0.0,0.0,0.0,1,7246.0,7248.0,10,7224.0,7256.0,7278.0,7230.0,6964.0,50516856.0,58499
2023-05-10 21:00:46,PF2306,PF2306,7248.0,16.0,116064.0,-15.0,7,7248.0,7250.0,6,7224.0,7256.0,7278.0,7230.0,6980.0,50632920.0,58484
2023-05-10 21:00:46,PF2306,PF2306,7248.0,0.0,0.0,0.0,7,7248.0,7250.0,4,7224.0,7256.0,7278.0,7230.0,6980.0,50632920.0,58484
2023-05-10 21:00:46,PF2306,PF2306,7250.0,3.0,21762.0,-1.0,2,7250.0,7252.0,36,7224.0,7256.0,7278.0,7230.0,6983.0,50654682.0,58483
2023-05-10 21:00:47,PF2306,PF2306,7248.0,4.0,29016.0,-2.0,7,7248.0,7252.0,22,7224.0,7256.0,7278.0,7230.0,6987.0,50683698.0,58481
2023-05-10 21:00:47,PF2306,PF2306,7248.0,0.0,0.0,0.0,7,7248.0,7252.0,23,7224.0,7256.0,7278.0,7230.0,6987.0,50683698.0,58481
2023-05-10 21:00:48,PF2306,PF2306,7246.0,12.0,87048.0,-7.0,9,7246.0,7252.0,14,7224.0,7256.0,7278.0,7230.0,6999.0,50770746.0,58474
2023-05-10 21:00:48,PF2306,PF2306,7248.0,3.0,21762.0,-2.0,5,7248.0,7252.0,14,7224.0,7256.0,7278.0,7230.0,7002.0,50792508.0,58472
2023-05-10 21:00:49,PF2306,PF2306,7252.0,4.0,29016.0,-4.0,6,7248.0,7252.0,10,7224.0,7256.0,7278.0,7230.0,7006.0,50821524.0,58468
2023-05-10 21:00:49,PF2306,PF2306,7248.0,12.0,87048.0,-7.0,1,7248.0,7250.0,2,7224.0,7256.0,7278.0,7230.0,7018.0,50908572.0,58461
2023-05-10 21:00:50,PF2306,PF2306,7252.0,5.0,36270.0,1.0,5,7250.0,7252.0,43,7224.0,7256.0,7278.0,7230.0,7023.0,50944842.0,58462
2023-05-10 21:00:51,PF2306,PF2306,7248.0,8.0,58032.0,-7.0,1,7250.0,7252.0,12,7224.0,7256.0,7278.0,7230.0,7031.0,51002874.0,58455
2023-05-10 21:00:51,PF2306,PF2306,7248.0,14.0,101556.0,-1.0,3,7248.0,7250.0,2,7224.0,7256.0,7278.0,7230.0,7045.0,51104430.0,58454
2023-05-10 21:00:51,PF2306,PF2306,7248.0,1.0,7254.0,0.0,2,7248.0,7250.0,3,7224.0,7256.0,7278.0,7230.0,7046.0,51111684.0,58454
2023-05-10 21:00:52,PF2306,PF2306,7250.0,1.0,7254.0,0.0,2,7248.0,7250.0,2,7224.0,7256.0,7278.0,7230.0,7047.0,51118938.0,58454
2023-05-10 21:00:52,PF2306,PF2306,7250.0,0.0,0.0,0.0,8,7248.0,7250.0,4,7224.0,7256.0,7278.0,7230.0,7047.0,51118938.0,58454
2023-05-10 21:00:53,PF2306,PF2306,7250.0,1.0,7254.0,0.0,11,7248.0,7250.0,4,7224.0,7256.0,7278.0,7230.0,7048.0,51126192.0,58454
2023-05-10 21:00:54,PF2306,PF2306,7248.0,18.0,130572.0,-7.0,2,7248.0,7252.0,54,7224.0,7256.0,7278.0,7230.0,7066.0,51256764.0,58447
2023-05-10 21:00:54,PF2306,PF2306,7250.0,3.0,21762.0,-3.0,4,7248.0,7252.0,44,7224.0,7256.0,7278.0,7230.0,7069.0,51278526.0,58444
2023-05-10 21:00:55,PF2306,PF2306,7250.0,5.0,36270.0,-3.0,4,7248.0,7252.0,51,7224.0,7256.0,7278.0,7230.0,7074.0,51314796.0,58441
2023-05-10 21:00:55,PF2306,PF2306,7246.0,14.0,101556.0,-10.0,2,7248.0,7252.0,42,7224.0,7256.0,7278.0,7230.0,7088.0,51416352.0,58431
2023-05-10 21:00:56,PF2306,PF2306,7252.0,6.0,43524.0,5.0,2,7250.0,7252.0,4,7224.0,7256.0,7278.0,7230.0,7094.0,51459876.0,58436
2023-05-10 21:00:56,PF2306,PF2306,7250.0,2.0,14508.0,-1.0,2,7250.0,7252.0,6,7224.0,7256.0,7278.0,7230.0,7096.0,51474384.0,58435
2023-05-10 21:00:56,PF2306,PF2306,7252.0,1.0,7254.0,0.0,2,7250.0,7252.0,5,7224.0,7256.0,7278.0,7230.0,7097.0,51481638.0,58435
2023-05-10 21:00:57,PF2306,PF2306,7252.0,1.0,7254.0,1.0,6,7248.0,7252.0,5,7224.0,7256.0,7278.0,7230.0,7098.0,51488892.0,58436
2023-05-10 21:00:58,PF2306,PF2306,7252.0,8.0,58032.0,-2.0,1,7250.0,7252.0,7,7224.0,7256.0,7278.0,7230.0,7106.0,51546924.0,58434
2023-05-10 21:00:58,PF2306,PF2306,7248.0,3.0,21762.0,0.0,1,7250.0,7252.0,7,7224.0,7256.0,7278.0,7230.0,7109.0,51568686.0,58434
2023-05-10 21:00:58,PF2306,PF2306,7252.0,9.0,65286.0,3.0,4,7250.0,7254.0,9,7224.0,7256.0,7278.0,7230.0,7118.0,51633972.0,58437
2023-05-10 21:00:59,PF2306,PF2306,7254.0,1.0,7254.0,-1.0,3,7252.0,7254.0,5,7224.0,7256.0,7278.0,7230.0,7119.0,51641226.0,58436
2023-05-10 21:00:59,PF2306,PF2306,7252.0,2.0,14508.0,1.0,5,7252.0,7254.0,10,7224.0,7256.0,7278.0,7230.0,7121.0,51655734.0,58437
2023-05-10 21:01:00,PF2306,PF2306,7256.0,13.0,94302.0,8.0,31,7254.0,7256.0,2,7224.0,7256.0,7278.0,7230.0,7134.0,51750036.0,58445
2023-05-10 21:01:00,PF2306,PF2306,7254.0,16.0,116064.0,-6.0,27,7254.0,7256.0,2,7224.0,7256.0,7278.0,7230.0,7150.0,51866100.0,58439
2023-05-10 21:01:01,PF2306,PF2306,7254.0,3.0,21762.0,1.0,28,7254.0,7256.0,4,7224.0,7256.0,7278.0,7230.0,7153.0,51887862.0,58440
2023-05-10 21:01:01,PF2306,PF2306,7256.0,17.0,123318.0,1.0,26,7254.0,7258.0,53,7224.0,7256.0,7278.0,7230.0,7170.0,52011180.0,58441
2023-05-10 21:01:02,PF2306,PF2306,7254.0,9.0,65286.0,5.0,4,7254.0,7258.0,51,7224.0,7256.0,7278.0,7230.0,7179.0,52076466.0,58446
2023-05-10 21:01:03,PF2306,PF2306,7256.0,34.0,246636.0,-26.0,1,7254.0,7258.0,30,7224.0,7256.0,7278.0,7230.0,7213.0,52323102.0,58420
2023-05-10 21:01:03,PF2306,PF2306,7256.0,1.0,7254.0,0.0,4,7254.0,7258.0,31,7224.0,7256.0,7278.0,7230.0,7214.0,52330356.0,58420
2023-05-10 21:01:04,PF2306,PF2306,7254.0,9.0,65286.0,-6.0,8,7252.0,7254.0,101,7224.0,7256.0,7278.0,7230.0,7223.0,52395642.0,58414
2023-05-10 21:01:04,PF2306,PF2306,7252.0,47.0,340938.0,-7.0,8,7248.0,7252.0,3,7224.0,7256.0,7278.0,7230.0,7270.0,52736580.0,58407
2023-05-10 21:01:04,PF2306,PF2306,7248.0,3.0,21762.0,0.0,11,7248.0,7250.0,1,7224.0,7256.0,7278.0,7230.0,7273.0,52758342.0,58407
2023-05-10 21:01:05,PF2306,PF2306,7248.0,4.0,29016.0,-3.0,13,7248.0,7252.0,21,7224.0,7256.0,7278.0,7230.0,7277.0,52787358.0,58404
2023-05-10 21:01:06,PF2306,PF2306,7248.0,0.0,0.0,0.0,12,7248.0,7252.0,22,7224.0,7256.0,7278.0,7230.0,7277.0,52787358.0,58404
2023-05-10 21:01:07,PF2306,PF2306,7252.0,1.0,7254.0,-1.0,18,7248.0,7252.0,15,7224.0,7256.0,7278.0,7230.0,7278.0,52794612.0,58403
2023-05-10 21:01:07,PF2306,PF2306,7252.0,0.0,0.0,0.0,22,7248.0,7252.0,27,7224.0,7256.0,7278.0,7230.0,7278.0,52794612.0,58403
2023-05-10 21:01:08,PF2306,PF2306,7250.0,19.0,137826.0,11.0,11,7246.0,7252.0,37,7224.0,7256.0,7278.0,7230.0,7297.0,52932438.0,58414
2023-05-10 21:01:08,PF2306,PF2306,7250.0,0.0,0.0,0.0,12,7246.0,7252.0,59,7224.0,7256.0,7278.0,7230.0,7297.0,52932438.0,58414
2023-05-10 21:01:08,PF2306,PF2306,7246.0,1.0,7254.0,-1.0,13,7246.0,7252.0,57,7224.0,7256.0,7278.0,7230.0,7298.0,52939692.0,58413
2023-05-10 21:01:09,PF2306,PF2306,7246.0,1.0,7254.0,-1.0,1,7248.0,7252.0,57,7224.0,7256.0,7278.0,7230.0,7299.0,52946946.0,58412
2023-05-10 21:01:10,PF2306,PF2306,7246.0,2.0,14508.0,-1.0,9,7246.0,7252.0,57,7224.0,7256.0,7278.0,7230.0,7301.0,52961454.0,58411
2023-05-10 21:01:10,PF2306,PF2306,7250.0,1.0,7254.0,-1.0,12,7246.0,7252.0,57,7224.0,7256.0,7278.0,7230.0,7302.0,52968708.0,58410
2023-05-10 21:01:10,PF2306,PF2306,7250.0,0.0,0.0,0.0,2,7248.0,7252.0,57,7224.0,7256.0,7278.0,7230.0,7302.0,52968708.0,58410
2023-05-10 21:01:11,PF2306,PF2306,7250.0,0.0,0.0,0.0,4,7248.0,7252.0,47,7224.0,7256.0,7278.0,7230.0,7302.0,52968708.0,58410
2023-05-10 21:01:12,PF2306,PF2306,7252.0,3.0,21762.0,-2.0,2,7248.0,7252.0,24,7224.0,7256.0,7278.0,7230.0,7305.0,52990470.0,58408
2023-05-10 21:01:12,PF2306,PF2306,7252.0,22.0,159588.0,-19.0,5,7248.0,7252.0,16,7224.0,7256.0,7278.0,7230.0,7327.0,53150058.0,58389
2023-05-10 21:01:12,PF2306,PF2306,7248.0,1.0,7254.0,0.0,26,7248.0,7252.0,18,7224.0,7256.0,7278.0,7230.0,7328.0,53157312.0,58389
2023-05-10 21:01:13,PF2306,PF2306,7248.0,0.0,0.0,0.0,28,7248.0,7252.0,16,7224.0,7256.0,7278.0,7230.0,7328.0,53157312.0,58389
2023-05-10 21:01:14,PF2306,PF2306,7248.0,0.0,0.0,0.0,1,7250.0,7252.0,19,7224.0,7256.0,7278.0,7230.0,7328.0,53157312.0,58389
2023-05-10 21:01:14,PF2306,PF2306,7252.0,15.0,108810.0,-7.0,3,7250.0,7252.0,2,7224.0,7256.0,7278.0,7230.0,7343.0,53266122.0,58382
2023-05-10 21:01:14,PF2306,PF2306,7252.0,3.0,21762.0,-1.0,20,7252.0,7254.0,145,7224.0,7256.0,7278.0,7230.0,7346.0,53287884.0,58381
2023-05-10 21:01:15,PF2306,PF2306,7252.0,2.0,14508.0,2.0,18,7252.0,7254.0,115,7224.0,7256.0,7278.0,7230.0,7348.0,53302392.0,58383
2023-05-10 21:01:15,PF2306,PF2306,7252.0,9.0,65286.0,7.0,10,7252.0,7254.0,113,7224.0,7256.0,7278.0,7230.0,7357.0,53367678.0,58390
2023-05-10 21:01:16,PF2306,PF2306,7254.0,33.0,239382.0,-5.0,12,7252.0,7254.0,79,7224.0,7256.0,7278.0,7230.0,7390.0,53607060.0,58385
2023-05-10 21:01:17,PF2306,PF2306,7254.0,78.0,565812.0,-6.0,4,7254.0,7256.0,10,7224.0,7256.0,7278.0,7230.0,7468.0,54172872.0,58379
2023-05-10 21:01:17,PF2306,PF2306,7256.0,6.0,43524.0,2.0,2,7254.0,7256.0,8,7224.0,7256.0,7278.0,7230.0,7474.0,54216396.0,58381
2023-05-10 21:01:18,PF2306,PF2306,7256.0,2.0,14508.0,0.0,2,7254.0,7256.0,6,7224.0,7256.0,7278.0,7230.0,7476.0,54230904.0,58381
2023-05-10 21:01:18,PF2306,PF2306,7254.0,4.0,29016.0,-1.0,29,7254.0,7256.0,6,7224.0,7256.0,7278.0,7230.0,7480.0,54259920.0,58380
2023-05-10 21:01:19,PF2306,PF2306,7254.0,2.0,14508.0,1.0,30,7254.0,7256.0,6,7224.0,7256.0,7278.0,7230.0,7482.0,54274428.0,58381
2023-05-10 21:01:19,PF2306,PF2306,7256.0,8.0,58032.0,0.0,27,7254.0,7256.0,54,7224.0,7256.0,7278.0,7230.0,7490.0,54332460.0,58381
2023-05-10 21:01:20,PF2306,PF2306,7254.0,4.0,29016.0,0.0,28,7254.0,7256.0,51,7224.0,7256.0,7278.0,7230.0,7494.0,54361476.0,58381
2023-05-10 21:01:20,PF2306,PF2306,7254.0,3.0,21762.0,0.0,29,7254.0,7256.0,51,7224.0,7256.0,7278.0,7230.0,7497.0,54383238.0,58381
2023-05-10 21:01:20,PF2306,PF2306,7254.0,7.0,50778.0,4.0,21,7254.0,7256.0,55,7224.0,7256.0,7278.0,7230.0,7504.0,54434016.0,58385
2023-05-10 21:01:21,PF2306,PF2306,7254.0,0.0,0.0,0.0,22,7254.0,7256.0,53,7224.0,7256.0,7278.0,7230.0,7504.0,54434016.0,58385
2023-05-10 21:01:21,PF2306,PF2306,7256.0,6.0,43524.0,-5.0,22,7254.0,7256.0,47,7224.0,7256.0,7278.0,7230.0,7510.0,54477540.0,58380
2023-05-10 21:01:22,PF2306,PF2306,7256.0,4.0,29016.0,-4.0,22,7254.0,7256.0,43,7224.0,7256.0,7278.0,7230.0,7514.0,54506556.0,58376
2023-05-10 21:01:23,PF2306,PF2306,7254.0,7.0,50778.0,-4.0,40,7254.0,7256.0,39,7224.0,7256.0,7278.0,7230.0,7521.0,54557334.0,58372
2023-05-10 21:01:23,PF2306,PF2306,7254.0,43.0,311922.0,-4.0,15,7252.0,7256.0,36,7224.0,7256.0,7278.0,7230.0,7564.0,54869256.0,58368
2023-05-10 21:01:24,PF2306,PF2306,7252.0,3.0,21762.0,0.0,8,7252.0,7254.0,2,7224.0,7256.0,7278.0,7230.0,7567.0,54891018.0,58368
2023-05-10 21:01:24,PF2306,PF2306,7254.0,14.0,101556.0,0.0,5,7250.0,7252.0,2,7224.0,7256.0,7278.0,7230.0,7581.0,54992574.0,58368
2023-05-10 21:01:24,PF2306,PF2306,7254.0,3.0,21762.0,1.0,6,7250.0,7254.0,9,7224.0,7256.0,7278.0,7230.0,7584.0,55014336.0,58369
2023-05-10 21:01:25,PF2306,PF2306,7254.0,0.0,0.0,0.0,6,7250.0,7252.0,1,7224.0,7256.0,7278.0,7230.0,7584.0,55014336.0,58369
2023-05-10 21:01:25,PF2306,PF2306,7252.0,1.0,7254.0,0.0,6,7250.0,7252.0,3,7224.0,7256.0,7278.0,7230.0,7585.0,55021590.0,58369
2023-05-10 21:01:26,PF2306,PF2306,7252.0,0.0,0.0,0.0,2,7250.0,7252.0,9,7224.0,7256.0,7278.0,7230.0,7585.0,55021590.0,58369
2023-05-10 21:01:26,PF2306,PF2306,7252.0,0.0,0.0,0.0,2,7250.0,7252.0,11,7224.0,7256.0,7278.0,7230.0,7585.0,55021590.0,58369
2023-05-10 21:01:27,PF2306,PF2306,7250.0,5.0,36270.0,-5.0,1,7250.0,7252.0,11,7224.0,7256.0,7278.0,7230.0,7590.0,55057860.0,58364
2023-05-10 21:01:28,PF2306,PF2306,7250.0,0.0,0.0,0.0,11,7248.0,7250.0,1,7224.0,7256.0,7278.0,7230.0,7590.0,55057860.0,58364
2023-05-10 21:01:28,PF2306,PF2306,7252.0,4.0,29016.0,2.0,2,7250.0,7252.0,5,7224.0,7256.0,7278.0,7230.0,7594.0,55086876.0,58366
2023-05-10 21:01:29,PF2306,PF2306,7252.0,3.0,21762.0,0.0,2,7250.0,7252.0,5,7224.0,7256.0,7278.0,7230.0,7597.0,55108638.0,58366
2023-05-10 21:01:29,PF2306,PF2306,7250.0,2.0,14508.0,-1.0,4,7248.0,7250.0,3,7224.0,7256.0,7278.0,7230.0,7599.0,55123146.0,58365
2023-05-10 21:01:30,PF2306,PF2306,7250.0,10.0,72540.0,-10.0,15,7246.0,7250.0,62,7224.0,7256.0,7278.0,7230.0,7609.0,55195686.0,58355
2023-05-10 21:01:31,PF2306,PF2306,7250.0,0.0,0.0,0.0,14,7246.0,7250.0,62,7224.0,7256.0,7278.0,7230.0,7609.0,55195686.0,58355
2023-05-10 21:01:31,PF2306,PF2306,7248.0,7.0,50778.0,-1.0,15,7246.0,7248.0,1,7224.0,7256.0,7278.0,7230.0,7616.0,55246464.0,58354
2023-05-10 21:01:32,PF2306,PF2306,7248.0,0.0,0.0,0.0,15,7246.0,7250.0,62,7224.0,7256.0,7278.0,7230.0,7616.0,55246464.0,58354
2023-05-10 21:01:33,PF2306,PF2306,7250.0,3.0,21762.0,0.0,17,7246.0,7250.0,62,7224.0,7256.0,7278.0,7230.0,7619.0,55268226.0,58354
2023-05-10 21:01:33,PF2306,PF2306,7250.0,0.0,0.0,0.0,1,7248.0,7250.0,62,7224.0,7256.0,7278.0,7230.0,7619.0,55268226.0,58354
2023-05-10 21:01:34,PF2306,PF2306,7250.0,6.0,43524.0,0.0,2,7248.0,7250.0,56,7224.0,7256.0,7278.0,7230.0,7625.0,55311750.0,58354
2023-05-10 21:01:34,PF2306,PF2306,7248.0,10.0,72540.0,1.0,4,7248.0,7250.0,48,7224.0,7256.0,7278.0,7230.0,7635.0,55384290.0,58355
2023-05-10 21:01:35,PF2306,PF2306,7248.0,20.0,145080.0,-4.0,30,7246.0,7250.0,31,7224.0,7256.0,7278.0,7230.0,7655.0,55529370.0,58351
2023-05-10 21:01:35,PF2306,PF2306,7248.0,0.0,0.0,0.0,1,7248.0,7250.0,33,7224.0,7256.0,7278.0,7230.0,7655.0,55529370.0,58351
2023-05-10 21:01:35,PF2306,PF2306,7248.0,0.0,0.0,0.0,1,7248.0,7250.0,32,7224.0,7256.0,7278.0,7230.0,7655.0,55529370.0,58351
2023-05-10 21:01:36,PF2306,PF2306,7246.0,24.0,174096.0,16.0,30,7246.0,7250.0,29,7224.0,7256.0,7278.0,7230.0,7679.0,55703466.0,58367
2023-05-10 21:01:37,PF2306,PF2306,7246.0,10.0,72540.0,-1.0,30,7246.0,7250.0,17,7224.0,7256.0,7278.0,7230.0,7689.0,55776006.0,58366
2023-05-10 21:01:37,PF2306,PF2306,7250.0,2.0,14508.0,-1.0,29,7246.0,7250.0,16,7224.0,7256.0,7278.0,7230.0,7691.0,55790514.0,58365
2023-05-10 21:01:37,PF2306,PF2306,7250.0,2.0,14508.0,0.0,29,7246.0,7250.0,14,7224.0,7256.0,7278.0,7230.0,7693.0,55805022.0,58365
2023-05-10 21:01:38,PF2306,PF2306,7250.0,0.0,0.0,0.0,29,7246.0,7250.0,16,7224.0,7256.0,7278.0,7230.0,7693.0,55805022.0,58365
2023-05-10 21:01:38,PF2306,PF2306,7250.0,1.0,7254.0,0.0,30,7246.0,7250.0,17,7224.0,7256.0,7278.0,7230.0,7694.0,55812276.0,58365
2023-05-10 21:01:39,PF2306,PF2306,7250.0,3.0,21762.0,3.0,30,7246.0,7250.0,17,7224.0,7256.0,7278.0,7230.0,7697.0,55834038.0,58368
2023-05-10 21:01:40,PF2306,PF2306,7250.0,0.0,0.0,0.0,30,7246.0,7250.0,15,7224.0,7256.0,7278.0,7230.0,7697.0,55834038.0,58368
2023-05-10 21:01:41,PF2306,PF2306,7250.0,0.0,0.0,0.0,6,7248.0,7250.0,15,7224.0,7256.0,7278.0,7230.0,7697.0,55834038.0,58368
2023-05-10 21:01:41,PF2306,PF2306,7250.0,2.0,14508.0,0.0,7,7248.0,7250.0,13,7224.0,7256.0,7278.0,7230.0,7699.0,55848546.0,58368
2023-05-10 21:01:41,PF2306,PF2306,7250.0,13.0,94302.0,-12.0,8,7250.0,7252.0,11,7224.0,7256.0,7278.0,7230.0,7712.0,55942848.0,58356
2023-05-10 21:01:42,PF2306,PF2306,7250.0,8.0,58032.0,-8.0,5,7248.0,7250.0,2,7224.0,7256.0,7278.0,7230.0,7720.0,56000880.0,58348
2023-05-10 21:01:43,PF2306,PF2306,7248.0,7.0,50778.0,-2.0,33,7246.0,7248.0,67,7224.0,7256.0,7278.0,7230.0,7727.0,56051658.0,58346
2023-05-10 21:01:43,PF2306,PF2306,7248.0,2.0,14508.0,0.0,29,7246.0,7248.0,67,7224.0,7256.0,7278.0,7230.0,7729.0,56066166.0,58346
2023-05-10 21:01:44,PF2306,PF2306,7248.0,21.0,152334.0,-17.0,27,7246.0,7248.0,46,7224.0,7256.0,7278.0,7230.0,7750.0,56218500.0,58329
2023-05-10 21:01:44,PF2306,PF2306,7248.0,21.0,152334.0,-6.0,25,7246.0,7248.0,25,7224.0,7256.0,7278.0,7230.0,7771.0,56370834.0,58323
2023-05-10 21:01:44,PF2306,PF2306,7248.0,2.0,14508.0,-2.0,42,7246.0,7248.0,25,7224.0,7256.0,7278.0,7230.0,7773.0,56385342.0,58321
2023-05-10 21:01:46,PF2306,PF2306,7248.0,0.0,0.0,0.0,47,7246.0,7248.0,25,7224.0,7256.0,7278.0,7230.0,7773.0,56385342.0,58321
2023-05-10 21:01:46,PF2306,PF2306,7248.0,4.0,29016.0,0.0,51,7246.0,7248.0,19,7224.0,7256.0,7278.0,7230.0,7777.0,56414358.0,58321
2023-05-10 21:01:47,PF2306,PF2306,7248.0,19.0,137826.0,-17.0,3,7248.0,7250.0,9,7224.0,7256.0,7278.0,7230.0,7796.0,56552184.0,58304
2023-05-10 21:01:48,PF2306,PF2306,7250.0,2.0,14508.0,2.0,4,7248.0,7250.0,7,7224.0,7256.0,7278.0,7230.0,7798.0,56566692.0,58306
2023-05-10 21:01:48,PF2306,PF2306,7250.0,2.0,14508.0,-1.0,45,7248.0,7250.0,1,7224.0,7256.0,7278.0,7230.0,7800.0,56581200.0,58305
2023-05-10 21:01:49,PF2306,PF2306,7250.0,1.0,7254.0,0.0,54,7248.0,7250.0,7,7224.0,7256.0,7278.0,7230.0,7801.0,56588454.0,58305
2023-05-10 21:01:49,PF2306,PF2306,7250.0,1.0,7254.0,-1.0,56,7248.0,7250.0,10,7224.0,7256.0,7278.0,7230.0,7802.0,56595708.0,58304
2023-05-10 21:01:50,PF2306,PF2306,7250.0,7.0,50778.0,-4.0,62,7248.0,7250.0,3,7224.0,7256.0,7278.0,7230.0,7809.0,56646486.0,58300
2023-05-10 21:01:50,PF2306,PF2306,7248.0,5.0,36270.0,-3.0,62,7248.0,7250.0,3,7224.0,7256.0,7278.0,7230.0,7814.0,56682756.0,58297
2023-05-10 21:01:50,PF2306,PF2306,7248.0,0.0,0.0,0.0,62,7248.0,7250.0,5,7224.0,7256.0,7278.0,7230.0,7814.0,56682756.0,58297
2023-05-10 21:01:51,PF2306,PF2306,7248.0,0.0,0.0,0.0,61,7248.0,7250.0,11,7224.0,7256.0,7278.0,7230.0,7814.0,56682756.0,58297
2023-05-10 21:01:51,PF2306,PF2306,7250.0,10.0,72540.0,0.0,61,7248.0,7252.0,13,7224.0,7256.0,7278.0,7230.0,7824.0,56755296.0,58297
2023-05-10 21:01:52,PF2306,PF2306,7252.0,6.0,43524.0,5.0,5,7250.0,7252.0,5,7224.0,7256.0,7278.0,7230.0,7830.0,56798820.0,58302
2023-05-10 21:01:52,PF2306,PF2306,7254.0,6.0,43524.0,6.0,7,7250.0,7254.0,66,7224.0,7256.0,7278.0,7230.0,7836.0,56842344.0,58308
2023-05-10 21:01:53,PF2306,PF2306,7254.0,0.0,0.0,0.0,4,7250.0,7254.0,68,7224.0,7256.0,7278.0,7230.0,7836.0,56842344.0,58308
2023-05-10 21:01:54,PF2306,PF2306,7254.0,0.0,0.0,0.0,4,7250.0,7254.0,69,7224.0,7256.0,7278.0,7230.0,7836.0,56842344.0,58308
2023-05-10 21:01:54,PF2306,PF2306,7254.0,0.0,0.0,0.0,7,7250.0,7254.0,69,7224.0,7256.0,7278.0,7230.0,7836.0,56842344.0,58308
2023-05-10 21:01:54,PF2306,PF2306,7254.0,0.0,0.0,0.0,7,7250.0,7252.0,7,7224.0,7256.0,7278.0,7230.0,7836.0,56842344.0,58308
2023-05-10 21:01:55,PF2306,PF2306,7254.0,0.0,0.0,0.0,6,7250.0,7252.0,8,7224.0,7256.0,7278.0,7230.0,7836.0,56842344.0,58308
2023-05-10 21:01:56,PF2306,PF2306,7250.0,5.0,36270.0,0.0,1,7250.0,7252.0,10,7224.0,7256.0,7278.0,7230.0,7841.0,56878614.0,58308
2023-05-10 21:01:56,PF2306,PF2306,7250.0,1.0,7254.0,0.0,65,7248.0,7252.0,15,7224.0,7256.0,7278.0,7230.0,7842.0,56885868.0,58308
2023-05-10 21:01:56,PF2306,PF2306,7248.0,1.0,7254.0,0.0,64,7248.0,7250.0,6,7224.0,7256.0,7278.0,7230.0,7843.0,56893122.0,58308
2023-05-10 21:01:57,PF2306,PF2306,7250.0,1.0,7254.0,1.0,64,7248.0,7250.0,8,7224.0,7256.0,7278.0,7230.0,7844.0,56900376.0,58309
2023-05-10 21:01:57,PF2306,PF2306,7250.0,1.0,7254.0,0.0,64,7248.0,7250.0,8,7224.0,7256.0,7278.0,7230.0,7845.0,56907630.0,58309
2023-05-10 21:01:58,PF2306,PF2306,7250.0,4.0,29016.0,0.0,64,7248.0,7250.0,4,7224.0,7256.0,7278.0,7230.0,7849.0,56936646.0,58309
2023-05-10 21:01:59,PF2306,PF2306,7250.0,1.0,7254.0,0.0,65,7248.0,7250.0,2,7224.0,7256.0,7278.0,7230.0,7850.0,56943900.0,58309
2023-05-10 21:02:00,PF2306,PF2306,7252.0,19.0,137826.0,7.0,2,7252.0,7254.0,71,7224.0,7256.0,7278.0,7230.0,7869.0,57081726.0,58316
2023-05-10 21:02:00,PF2306,PF2306,7250.0,9.0,65286.0,-5.0,66,7248.0,7252.0,6,7224.0,7256.0,7278.0,7230.0,7878.0,57147012.0,58311
2023-05-10 21:02:01,PF2306,PF2306,7250.0,0.0,0.0,0.0,66,7248.0,7252.0,8,7224.0,7256.0,7278.0,7230.0,7878.0,57147012.0,58311
2023-05-10 21:02:01,PF2306,PF2306,7248.0,5.0,36270.0,0.0,64,7248.0,7250.0,6,7224.0,7256.0,7278.0,7230.0,7883.0,57183282.0,58311
2023-05-10 21:02:03,PF2306,PF2306,7248.0,1.0,7254.0,0.0,63,7248.0,7250.0,7,7224.0,7256.0,7278.0,7230.0,7884.0,57190536.0,58311
2023-05-10 21:02:03,PF2306,PF2306,7248.0,6.0,43524.0,6.0,64,7248.0,7250.0,7,7224.0,7256.0,7278.0,7230.0,7890.0,57234060.0,58317
2023-05-10 21:02:05,PF2306,PF2306,7250.0,9.0,65286.0,1.0,63,7248.0,7250.0,1,7224.0,7256.0,7278.0,7230.0,7899.0,57299346.0,58318
2023-05-10 21:02:05,PF2306,PF2306,7252.0,11.0,79794.0,1.0,46,7248.0,7250.0,2,7224.0,7256.0,7278.0,7230.0,7910.0,57379140.0,58319
2023-05-10 21:02:06,PF2306,PF2306,7252.0,0.0,0.0,0.0,47,7248.0,7250.0,3,7224.0,7256.0,7278.0,7230.0,7910.0,57379140.0,58319
2023-05-10 21:02:06,PF2306,PF2306,7250.0,9.0,65286.0,0.0,70,7248.0,7250.0,6,7224.0,7256.0,7278.0,7230.0,7919.0,57444426.0,58319
2023-05-10 21:02:07,PF2306,PF2306,7246.0,97.0,703638.0,42.0,11,7244.0,7248.0,4,7224.0,7256.0,7278.0,7230.0,8016.0,58148064.0,58361
2023-05-10 21:02:07,PF2306,PF2306,7246.0,0.0,0.0,0.0,9,7244.0,7248.0,7,7224.0,7256.0,7278.0,7230.0,8016.0,58148064.0,58361
2023-05-10 21:02:08,PF2306,PF2306,7248.0,3.0,21762.0,0.0,8,7244.0,7248.0,4,7224.0,7256.0,7278.0,7230.0,8019.0,58169826.0,58361
2023-05-10 21:02:08,PF2306,PF2306,7248.0,0.0,0.0,0.0,9,7244.0,7248.0,4,7224.0,7256.0,7278.0,7230.0,8019.0,58169826.0,58361
2023-05-10 21:02:08,PF2306,PF2306,7248.0,0.0,0.0,0.0,8,7244.0,7248.0,5,7224.0,7256.0,7278.0,7230.0,8019.0,58169826.0,58361
2023-05-10 21:02:09,PF2306,PF2306,7248.0,0.0,0.0,0.0,9,7244.0,7248.0,5,7224.0,7256.0,7278.0,7230.0,8019.0,58169826.0,58361
2023-05-10 21:02:09,PF2306,PF2306,7248.0,1.0,7254.0,0.0,9,7244.0,7248.0,5,7224.0,7256.0,7278.0,7230.0,8020.0,58177080.0,58361
2023-05-10 21:02:10,PF2306,PF2306,7248.0,0.0,0.0,0.0,2,7246.0,7248.0,2,7224.0,7256.0,7278.0,7230.0,8020.0,58177080.0,58361
2023-05-10 21:02:11,PF2306,PF2306,7248.0,0.0,0.0,0.0,4,7246.0,7248.0,2,7224.0,7256.0,7278.0,7230.0,8020.0,58177080.0,58361
2023-05-10 21:02:12,PF2306,PF2306,7248.0,1.0,7254.0,1.0,4,7246.0,7248.0,2,7224.0,7256.0,7278.0,7230.0,8021.0,58184334.0,58362
2023-05-10 21:02:12,PF2306,PF2306,7248.0,4.0,29016.0,4.0,4,7246.0,7250.0,15,7224.0,7256.0,7278.0,7230.0,8025.0,58213350.0,58366
2023-05-10 21:02:12,PF2306,PF2306,7246.0,1.0,7254.0,0.0,1,7246.0,7248.0,2,7224.0,7256.0,7278.0,7230.0,8026.0,58220604.0,58366
2023-05-10 21:02:13,PF2306,PF2306,7246.0,0.0,0.0,0.0,1,7246.0,7248.0,4,7224.0,7256.0,7278.0,7230.0,8026.0,58220604.0,58366
2023-05-10 21:02:13,PF2306,PF2306,7246.0,1.0,7254.0,-1.0,10,7244.0,7248.0,5,7224.0,7256.0,7278.0,7230.0,8027.0,58227858.0,58365
2023-05-10 21:02:14,PF2306,PF2306,7246.0,0.0,0.0,0.0,9,7244.0,7248.0,75,7224.0,7256.0,7278.0,7230.0,8027.0,58227858.0,58365
2023-05-10 21:02:15,PF2306,PF2306,7246.0,0.0,0.0,0.0,3,7244.0,7248.0,75,7224.0,7256.0,7278.0,7230.0,8027.0,58227858.0,58365
2023-05-10 21:02:16,PF2306,PF2306,7246.0,0.0,0.0,0.0,3,7244.0,7246.0,6,7224.0,7256.0,7278.0,7230.0,8027.0,58227858.0,58365
2023-05-10 21:02:16,PF2306,PF2306,7244.0,7.0,50778.0,0.0,10,7242.0,7246.0,6,7224.0,7256.0,7278.0,7230.0,8034.0,58278636.0,58365
2023-05-10 21:02:16,PF2306,PF2306,7244.0,0.0,0.0,0.0,9,7242.0,7244.0,2,7224.0,7256.0,7278.0,7230.0,8034.0,58278636.0,58365
2023-05-10 21:02:17,PF2306,PF2306,7244.0,1.0,7254.0,-1.0,9,7242.0,7244.0,5,7224.0,7256.0,7278.0,7230.0,8035.0,58285890.0,58364
2023-05-10 21:02:17,PF2306,PF2306,7242.0,10.0,72540.0,-7.0,5,7242.0,7244.0,5,7224.0,7256.0,7278.0,7230.0,8045.0,58358430.0,58357
2023-05-10 21:02:18,PF2306,PF2306,7242.0,5.0,36270.0,-5.0,14,7240.0,7244.0,11,7224.0,7256.0,7278.0,7230.0,8050.0,58394700.0,58352
2023-05-10 21:02:18,PF2306,PF2306,7244.0,7.0,50778.0,0.0,14,7240.0,7244.0,7,7224.0,7256.0,7278.0,7230.0,8057.0,58445478.0,58352
2023-05-10 21:02:19,PF2306,PF2306,7244.0,0.0,0.0,0.0,13,7240.0,7244.0,7,7224.0,7256.0,7278.0,7230.0,8057.0,58445478.0,58352
2023-05-10 21:02:20,PF2306,PF2306,7244.0,0.0,0.0,0.0,13,7240.0,7244.0,8,7224.0,7256.0,7278.0,7230.0,8057.0,58445478.0,58352
2023-05-10 21:02:20,PF2306,PF2306,7244.0,4.0,29016.0,3.0,13,7240.0,7244.0,9,7224.0,7256.0,7278.0,7230.0,8061.0,58474494.0,58355
2023-05-10 21:02:21,PF2306,PF2306,7240.0,1.0,7254.0,0.0,13,7240.0,7244.0,9,7224.0,7256.0,7278.0,7230.0,8062.0,58481748.0,58355
2023-05-10 21:02:22,PF2306,PF2306,7240.0,1.0,7254.0,-1.0,1,7242.0,7244.0,14,7224.0,7256.0,7278.0,7230.0,8063.0,58489002.0,58354
2023-05-10 21:02:22,PF2306,PF2306,7242.0,2.0,14508.0,-2.0,14,7240.0,7244.0,14,7224.0,7256.0,7278.0,7230.0,8065.0,58503510.0,58352
2023-05-10 21:02:22,PF2306,PF2306,7242.0,1.0,7254.0,0.0,30,7240.0,7242.0,2,7224.0,7256.0,7278.0,7230.0,8066.0,58510764.0,58352
2023-05-10 21:02:23,PF2306,PF2306,7242.0,4.0,29016.0,2.0,65,7240.0,7244.0,12,7224.0,7256.0,7278.0,7230.0,8070.0,58539780.0,58354
2023-05-10 21:02:23,PF2306,PF2306,7242.0,4.0,29016.0,-1.0,1,7242.0,7244.0,10,7224.0,7256.0,7278.0,7230.0,8074.0,58568796.0,58353
2023-05-10 21:02:24,PF2306,PF2306,7244.0,6.0,43524.0,-1.0,1,7242.0,7244.0,10,7224.0,7256.0,7278.0,7230.0,8080.0,58612320.0,58352
2023-05-10 21:02:24,PF2306,PF2306,7244.0,0.0,0.0,0.0,7,7242.0,7244.0,10,7224.0,7256.0,7278.0,7230.0,8080.0,58612320.0,58352
2023-05-10 21:02:25,PF2306,PF2306,7244.0,10.0,72540.0,2.0,64,7242.0,7246.0,7,7224.0,7256.0,7278.0,7230.0,8090.0,58684860.0,58354
2023-05-10 21:02:26,PF2306,PF2306,7246.0,9.0,65286.0,-4.0,7,7244.0,7248.0,77,7224.0,7256.0,7278.0,7230.0,8099.0,58750146.0,58350
2023-05-10 21:02:26,PF2306,PF2306,7248.0,6.0,43524.0,5.0,9,7244.0,7246.0,1,7224.0,7256.0,7278.0,7230.0,8105.0,58793670.0,58355
2023-05-10 21:02:27,PF2306,PF2306,7244.0,2.0,14508.0,-2.0,58,7244.0,7246.0,4,7224.0,7256.0,7278.0,7230.0,8107.0,58808178.0,58353
2023-05-10 21:02:27,PF2306,PF2306,7246.0,4.0,29016.0,-4.0,55,7244.0,7248.0,79,7224.0,7256.0,7278.0,7230.0,8111.0,58837194.0,58349
2023-05-10 21:02:27,PF2306,PF2306,7248.0,2.0,14508.0,-1.0,56,7244.0,7248.0,78,7224.0,7256.0,7278.0,7230.0,8113.0,58851702.0,58348
2023-05-10 21:02:28,PF2306,PF2306,7244.0,2.0,14508.0,-2.0,54,7244.0,7246.0,1,7224.0,7256.0,7278.0,7230.0,8115.0,58866210.0,58346
2023-05-10 21:02:28,PF2306,PF2306,7246.0,4.0,29016.0,3.0,55,7244.0,7248.0,77,7224.0,7256.0,7278.0,7230.0,8119.0,58895226.0,58349
2023-05-10 21:02:29,PF2306,PF2306,7244.0,1.0,7254.0,1.0,58,7244.0,7248.0,78,7224.0,7256.0,7278.0,7230.0,8120.0,58902480.0,58350
2023-05-10 21:02:29,PF2306,PF2306,7246.0,1.0,7254.0,-1.0,58,7244.0,7248.0,79,7224.0,7256.0,7278.0,7230.0,8121.0,58909734.0,58349
2023-05-10 21:02:30,PF2306,PF2306,7246.0,0.0,0.0,0.0,58,7244.0,7246.0,2,7224.0,7256.0,7278.0,7230.0,8121.0,58909734.0,58349
2023-05-10 21:02:30,PF2306,PF2306,7244.0,5.0,36270.0,1.0,57,7244.0,7246.0,1,7224.0,7256.0,7278.0,7230.0,8126.0,58946004.0,58350
2023-05-10 21:02:31,PF2306,PF2306,7244.0,1.0,7254.0,0.0,56,7244.0,7246.0,2,7224.0,7256.0,7278.0,7230.0,8127.0,58953258.0,58350
2023-05-10 21:02:32,PF2306,PF2306,7246.0,1.0,7254.0,-1.0,57,7244.0,7246.0,8,7224.0,7256.0,7278.0,7230.0,8128.0,58960512.0,58349
2023-05-10 21:02:32,PF2306,PF2306,7246.0,56.0,406224.0,53.0,9,7242.0,7244.0,1,7224.0,7256.0,7278.0,7230.0,8184.0,59366736.0,58402
2023-05-10 21:02:32,PF2306,PF2306,7242.0,2.0,14508.0,-1.0,10,7242.0,7244.0,7,7224.0,7256.0,7278.0,7230.0,8186.0,59381244.0,58401
2023-05-10 21:02:33,PF2306,PF2306,7244.0,4.0,29016.0,-2.0,8,7242.0,7244.0,4,7224.0,7256.0,7278.0,7230.0,8190.0,59410260.0,58399
2023-05-10 21:02:33,PF2306,PF2306,7242.0,21.0,152334.0,-8.0,7,7242.0,7246.0,34,7224.0,7256.0,7278.0,7230.0,8211.0,59562594.0,58391
2023-05-10 21:02:35,PF2306,PF2306,7246.0,5.0,36270.0,0.0,4,7242.0,7246.0,37,7224.0,7256.0,7278.0,7230.0,8216.0,59598864.0,58391
2023-05-10 21:02:35,PF2306,PF2306,7236.0,119.0,863226.0,-22.0,2,7238.0,7240.0,1,7224.0,7256.0,7278.0,7230.0,8335.0,60462090.0,58369
2023-05-10 21:02:36,PF2306,PF2306,7240.0,33.0,239382.0,-1.0,5,7238.0,7240.0,1,7224.0,7256.0,7278.0,7230.0,8368.0,60701472.0,58368
2023-05-10 21:02:36,PF2306,PF2306,7236.0,62.0,432888.0,2.0,2,7238.0,7240.0,2,7224.0,7256.0,7278.0,7230.0,8430.0,61134360.0,58370
2023-05-10 21:02:36,PF2306,PF2306,7238.0,14.0,101528.0,-7.0,20,7236.0,7238.0,2,7224.0,7256.0,7278.0,7230.0,8444.0,61235888.0,58363
2023-05-10 21:02:37,PF2306,PF2306,7238.0,4.0,29008.0,-1.0,54,7236.0,7240.0,84,7224.0,7256.0,7278.0,7230.0,8448.0,61264896.0,58362
2023-05-10 21:02:37,PF2306,PF2306,7238.0,1.0,7252.0,-1.0,5,7238.0,7240.0,4,7224.0,7256.0,7278.0,7230.0,8449.0,61272148.0,58361
2023-05-10 21:02:38,PF2306,PF2306,7238.0,11.0,79772.0,-7.0,8,7238.0,7240.0,1,7224.0,7256.0,7278.0,7230.0,8460.0,61351920.0,58354
2023-05-10 21:02:39,PF2306,PF2306,7240.0,3.0,21756.0,0.0,11,7240.0,7242.0,94,7224.0,7256.0,7278.0,7230.0,8463.0,61373676.0,58354
2023-05-10 21:02:39,PF2306,PF2306,7242.0,3.0,21756.0,-3.0,44,7240.0,7242.0,4,7224.0,7256.0,7278.0,7230.0,8466.0,61395432.0,58351
2023-05-10 21:02:39,PF2306,PF2306,7242.0,4.0,29008.0,-2.0,43,7240.0,7242.0,3,7224.0,7256.0,7278.0,7230.0,8470.0,61424440.0,58349
2023-05-10 21:02:40,PF2306,PF2306,7242.0,4.0,29008.0,3.0,44,7240.0,7244.0,119,7224.0,7256.0,7278.0,7230.0,8474.0,61453448.0,58352
2023-05-10 21:02:40,PF2306,PF2306,7242.0,4.0,29008.0,-3.0,44,7240.0,7244.0,123,7224.0,7256.0,7278.0,7230.0,8478.0,61482456.0,58349
2023-05-10 21:02:41,PF2306,PF2306,7240.0,4.0,29008.0,0.0,41,7240.0,7242.0,12,7224.0,7256.0,7278.0,7230.0,8482.0,61511464.0,58349
2023-05-10 21:02:41,PF2306,PF2306,7240.0,2.0,14504.0,-2.0,41,7240.0,7242.0,13,7224.0,7256.0,7278.0,7230.0,8484.0,61525968.0,58347
2023-05-10 21:02:43,PF2306,PF2306,7240.0,6.0,43512.0,-2.0,39,7240.0,7242.0,12,7224.0,7256.0,7278.0,7230.0,8490.0,61569480.0,58345
2023-05-10 21:02:43,PF2306,PF2306,7240.0,0.0,0.0,0.0,39,7240.0,7242.0,11,7224.0,7256.0,7278.0,7230.0,8490.0,61569480.0,58345
2023-05-10 21:02:44,PF2306,PF2306,7240.0,33.0,239316.0,1.0,10,7240.0,7242.0,3,7224.0,7256.0,7278.0,7230.0,8523.0,61808796.0,58346
2023-05-10 21:02:45,PF2306,PF2306,7242.0,5.0,36260.0,-2.0,6,7240.0,7242.0,19,7224.0,7256.0,7278.0,7230.0,8528.0,61845056.0,58344
2023-05-10 21:02:46,PF2306,PF2306,7240.0,7.0,50764.0,-4.0,14,7238.0,7242.0,25,7224.0,7256.0,7278.0,7230.0,8535.0,61895820.0,58340
2023-05-10 21:02:46,PF2306,PF2306,7240.0,0.0,0.0,0.0,9,7240.0,7242.0,25,7224.0,7256.0,7278.0,7230.0,8535.0,61895820.0,58340
2023-05-10 21:02:46,PF2306,PF2306,7242.0,3.0,21756.0,-3.0,9,7240.0,7242.0,13,7224.0,7256.0,7278.0,7230.0,8538.0,61917576.0,58337
2023-05-10 21:02:47,PF2306,PF2306,7240.0,6.0,43512.0,-3.0,3,7240.0,7242.0,22,7224.0,7256.0,7278.0,7230.0,8544.0,61961088.0,58334
2023-05-10 21:02:47,PF2306,PF2306,7240.0,0.0,0.0,0.0,4,7240.0,7242.0,33,7224.0,7256.0,7278.0,7230.0,8544.0,61961088.0,58334
2023-05-10 21:02:48,PF2306,PF2306,7240.0,0.0,0.0,0.0,4,7240.0,7242.0,13,7224.0,7256.0,7278.0,7230.0,8544.0,61961088.0,58334
2023-05-10 21:02:48,PF2306,PF2306,7240.0,0.0,0.0,0.0,7,7240.0,7242.0,14,7224.0,7256.0,7278.0,7230.0,8544.0,61961088.0,58334
2023-05-10 21:02:49,PF2306,PF2306,7240.0,7.0,50764.0,-7.0,10,7238.0,7242.0,34,7224.0,7256.0,7278.0,7230.0,8551.0,62011852.0,58327
2023-05-10 21:02:49,PF2306,PF2306,7238.0,3.0,21756.0,-2.0,8,7238.0,7240.0,3,7224.0,7256.0,7278.0,7230.0,8554.0,62033608.0,58325
2023-05-10 21:02:50,PF2306,PF2306,7238.0,0.0,0.0,0.0,8,7238.0,7240.0,6,7224.0,7256.0,7278.0,7230.0,8554.0,62033608.0,58325
2023-05-10 21:02:50,PF2306,PF2306,7238.0,0.0,0.0,0.0,9,7238.0,7240.0,6,7224.0,7256.0,7278.0,7230.0,8554.0,62033608.0,58325
2023-05-10 21:02:52,PF2306,PF2306,7238.0,0.0,0.0,0.0,9,7238.0,7240.0,8,7224.0,7256.0,7278.0,7230.0,8554.0,62033608.0,58325
2023-05-10 21:02:52,PF2306,PF2306,7240.0,1.0,7252.0,-1.0,9,7238.0,7240.0,7,7224.0,7256.0,7278.0,7230.0,8555.0,62040860.0,58324
2023-05-10 21:02:54,PF2306,PF2306,7238.0,8.0,58016.0,-1.0,1,7238.0,7240.0,7,7224.0,7256.0,7278.0,7230.0,8563.0,62098876.0,58323
2023-05-10 21:02:54,PF2306,PF2306,7238.0,2.0,14504.0,0.0,5,7238.0,7240.0,11,7224.0,7256.0,7278.0,7230.0,8565.0,62113380.0,58323
2023-05-10 21:02:55,PF2306,PF2306,7240.0,1.0,7252.0,-1.0,6,7238.0,7240.0,11,7224.0,7256.0,7278.0,7230.0,8566.0,62120632.0,58322
2023-05-10 21:02:56,PF2306,PF2306,7240.0,5.0,36260.0,-1.0,5,7238.0,7240.0,13,7224.0,7256.0,7278.0,7230.0,8571.0,62156892.0,58321
2023-05-10 21:02:56,PF2306,PF2306,7240.0,1.0,7252.0,-1.0,4,7238.0,7240.0,16,7224.0,7256.0,7278.0,7230.0,8572.0,62164144.0,58320
2023-05-10 21:02:57,PF2306,PF2306,7240.0,4.0,29008.0,-1.0,2,7238.0,7240.0,14,7224.0,7256.0,7278.0,7230.0,8576.0,62193152.0,58319
2023-05-10 21:02:57,PF2306,PF2306,7240.0,0.0,0.0,0.0,3,7238.0,7240.0,15,7224.0,7256.0,7278.0,7230.0,8576.0,62193152.0,58319
2023-05-10 21:02:58,PF2306,PF2306,7240.0,0.0,0.0,0.0,9,7238.0,7240.0,15,7224.0,7256.0,7278.0,7230.0,8576.0,62193152.0,58319
2023-05-10 21:02:59,PF2306,PF2306,7238.0,9.0,65268.0,-3.0,22,7236.0,7240.0,41,7224.0,7256.0,7278.0,7230.0,8585.0,62258420.0,58316
2023-05-10 21:03:00,PF2306,PF2306,7236.0,1.0,7252.0,0.0,27,7236.0,7238.0,9,7224.0,7256.0,7278.0,7230.0,8586.0,62265672.0,58316
2023-05-10 21:03:00,PF2306,PF2306,7236.0,0.0,0.0,0.0,31,7236.0,7238.0,12,7224.0,7256.0,7278.0,7230.0,8586.0,62265672.0,58316
2023-05-10 21:03:01,PF2306,PF2306,7236.0,1.0,7252.0,0.0,30,7236.0,7238.0,14,7224.0,7256.0,7278.0,7230.0,8587.0,62272924.0,58316
2023-05-10 21:03:01,PF2306,PF2306,7238.0,1.0,7252.0,-1.0,35,7236.0,7238.0,13,7224.0,7256.0,7278.0,7230.0,8588.0,62280176.0,58315
2023-05-10 21:03:01,PF2306,PF2306,7238.0,0.0,0.0,0.0,35,7236.0,7238.0,20,7224.0,7256.0,7278.0,7230.0,8588.0,62280176.0,58315
2023-05-10 21:03:02,PF2306,PF2306,7238.0,0.0,0.0,0.0,37,7236.0,7238.0,20,7224.0,7256.0,7278.0,7230.0,8588.0,62280176.0,58315
2023-05-10 21:03:02,PF2306,PF2306,7238.0,0.0,0.0,0.0,40,7236.0,7238.0,20,7224.0,7256.0,7278.0,7230.0,8588.0,62280176.0,58315
2023-05-10 21:03:03,PF2306,PF2306,7236.0,40.0,290080.0,-17.0,11,7234.0,7236.0,12,7224.0,7256.0,7278.0,7230.0,8628.0,62570256.0,58298
2023-05-10 21:03:03,PF2306,PF2306,7234.0,2.0,14504.0,0.0,5,7234.0,7236.0,21,7224.0,7256.0,7278.0,7230.0,8630.0,62584760.0,58298
2023-05-10 21:03:04,PF2306,PF2306,7234.0,6.0,43512.0,4.0,37,7232.0,7234.0,1,7224.0,7256.0,7278.0,7230.0,8636.0,62628272.0,58302
2023-05-10 21:03:04,PF2306,PF2306,7234.0,0.0,0.0,0.0,40,7232.0,7234.0,15,7224.0,7256.0,7278.0,7230.0,8636.0,62628272.0,58302
2023-05-10 21:03:05,PF2306,PF2306,7234.0,1.0,7252.0,-1.0,40,7232.0,7234.0,14,7224.0,7256.0,7278.0,7230.0,8637.0,62635524.0,58301
2023-05-10 21:03:06,PF2306,PF2306,7232.0,16.0,116032.0,2.0,41,7232.0,7236.0,98,7224.0,7256.0,7278.0,7230.0,8653.0,62751556.0,58303
2023-05-10 21:03:06,PF2306,PF2306,7234.0,2.0,14504.0,-2.0,57,7232.0,7236.0,154,7224.0,7256.0,7278.0,7230.0,8655.0,62766060.0,58301
2023-05-10 21:03:06,PF2306,PF2306,7234.0,0.0,0.0,0.0,58,7232.0,7236.0,129,7224.0,7256.0,7278.0,7230.0,8655.0,62766060.0,58301
2023-05-10 21:03:07,PF2306,PF2306,7236.0,1.0,7252.0,-1.0,67,7232.0,7236.0,77,7224.0,7256.0,7278.0,7230.0,8656.0,62773312.0,58300
2023-05-10 21:03:07,PF2306,PF2306,7236.0,79.0,572908.0,-1.0,10,7236.0,7238.0,91,7224.0,7256.0,7278.0,7230.0,8735.0,63346220.0,58299
2023-05-10 21:03:08,PF2306,PF2306,7238.0,10.0,72520.0,0.0,10,7234.0,7238.0,71,7224.0,7256.0,7278.0,7230.0,8745.0,63418740.0,58299
2023-05-10 21:03:09,PF2306,PF2306,7236.0,5.0,36260.0,-5.0,1,7236.0,7238.0,66,7224.0,7256.0,7278.0,7230.0,8750.0,63455000.0,58294
2023-05-10 21:03:09,PF2306,PF2306,7236.0,0.0,0.0,0.0,1,7236.0,7238.0,149,7224.0,7256.0,7278.0,7230.0,8750.0,63455000.0,58294
2023-05-10 21:03:09,PF2306,PF2306,7236.0,14.0,101528.0,-6.0,6,7234.0,7238.0,149,7224.0,7256.0,7278.0,7230.0,8764.0,63556528.0,58288
2023-05-10 21:03:10,PF2306,PF2306,7236.0,0.0,0.0,0.0,6,7234.0,7238.0,154,7224.0,7256.0,7278.0,7230.0,8764.0,63556528.0,58288
2023-05-10 21:03:11,PF2306,PF2306,7238.0,3.0,21756.0,-3.0,6,7234.0,7238.0,158,7224.0,7256.0,7278.0,7230.0,8767.0,63578284.0,58285
2023-05-10 21:03:11,PF2306,PF2306,7236.0,1.0,7252.0,0.0,6,7234.0,7238.0,160,7224.0,7256.0,7278.0,7230.0,8768.0,63585536.0,58285
2023-05-10 21:03:12,PF2306,PF2306,7234.0,3.0,21756.0,2.0,16,7234.0,7238.0,161,7224.0,7256.0,7278.0,7230.0,8771.0,63607292.0,58287
2023-05-10 21:03:12,PF2306,PF2306,7234.0,0.0,0.0,0.0,20,7234.0,7238.0,161,7224.0,7256.0,7278.0,7230.0,8771.0,63607292.0,58287
2023-05-10 21:03:13,PF2306,PF2306,7238.0,2.0,14504.0,-1.0,1,7236.0,7238.0,160,7224.0,7256.0,7278.0,7230.0,8773.0,63621796.0,58286
2023-05-10 21:03:13,PF2306,PF2306,7236.0,8.0,58016.0,-4.0,16,7234.0,7238.0,168,7224.0,7256.0,7278.0,7230.0,8781.0,63679812.0,58282
2023-05-10 21:03:13,PF2306,PF2306,7234.0,1.0,7252.0,-1.0,15,7234.0,7238.0,168,7224.0,7256.0,7278.0,7230.0,8782.0,63687064.0,58281
2023-05-10 21:03:14,PF2306,PF2306,7234.0,0.0,0.0,0.0,29,7234.0,7236.0,3,7224.0,7256.0,7278.0,7230.0,8782.0,63687064.0,58281
2023-05-10 21:03:15,PF2306,PF2306,7234.0,0.0,0.0,0.0,32,7234.0,7236.0,2,7224.0,7256.0,7278.0,7230.0,8782.0,63687064.0,58281
2023-05-10 21:03:16,PF2306,PF2306,7234.0,0.0,0.0,0.0,31,7234.0,7236.0,2,7224.0,7256.0,7278.0,7230.0,8782.0,63687064.0,58281
2023-05-10 21:03:16,PF2306,PF2306,7236.0,4.0,29008.0,0.0,29,7234.0,7236.0,8,7224.0,7256.0,7278.0,7230.0,8786.0,63716072.0,58281
2023-05-10 21:03:16,PF2306,PF2306,7234.0,8.0,58016.0,0.0,25,7234.0,7236.0,13,7224.0,7256.0,7278.0,7230.0,8794.0,63774088.0,58281
2023-05-10 21:03:17,PF2306,PF2306,7234.0,0.0,0.0,0.0,29,7234.0,7236.0,13,7224.0,7256.0,7278.0,7230.0,8794.0,63774088.0,58281
2023-05-10 21:03:17,PF2306,PF2306,7234.0,0.0,0.0,0.0,30,7234.0,7236.0,13,7224.0,7256.0,7278.0,7230.0,8794.0,63774088.0,58281
2023-05-10 21:03:19,PF2306,PF2306,7236.0,2.0,14504.0,0.0,30,7234.0,7236.0,11,7224.0,7256.0,7278.0,7230.0,8796.0,63788592.0,58281
2023-05-10 21:03:19,PF2306,PF2306,7236.0,7.0,50764.0,0.0,38,7234.0,7236.0,5,7224.0,7256.0,7278.0,7230.0,8803.0,63839356.0,58281
2023-05-10 21:03:21,PF2306,PF2306,7234.0,2.0,14504.0,0.0,36,7234.0,7236.0,16,7224.0,7256.0,7278.0,7230.0,8805.0,63853860.0,58281
2023-05-10 21:03:21,PF2306,PF2306,7234.0,8.0,58016.0,-2.0,35,7234.0,7236.0,119,7224.0,7256.0,7278.0,7230.0,8813.0,63911876.0,58279
2023-05-10 21:03:21,PF2306,PF2306,7236.0,6.0,43512.0,3.0,44,7234.0,7236.0,114,7224.0,7256.0,7278.0,7230.0,8819.0,63955388.0,58282
2023-05-10 21:03:22,PF2306,PF2306,7236.0,0.0,0.0,0.0,50,7234.0,7236.0,118,7224.0,7256.0,7278.0,7230.0,8819.0,63955388.0,58282
2023-05-10 21:03:22,PF2306,PF2306,7232.0,40.0,290080.0,14.0,50,7232.0,7236.0,118,7224.0,7256.0,7278.0,7230.0,8859.0,64245468.0,58296
2023-05-10 21:03:23,PF2306,PF2306,7234.0,3.0,21756.0,-1.0,49,7232.0,7236.0,120,7224.0,7256.0,7278.0,7230.0,8862.0,64267224.0,58295
2023-05-10 21:03:23,PF2306,PF2306,7234.0,6.0,43512.0,-6.0,1,7234.0,7236.0,122,7224.0,7256.0,7278.0,7230.0,8868.0,64310736.0,58289
2023-05-10 21:03:24,PF2306,PF2306,7234.0,10.0,72520.0,-7.0,47,7232.0,7236.0,125,7224.0,7256.0,7278.0,7230.0,8878.0,64383256.0,58282
2023-05-10 21:03:25,PF2306,PF2306,7234.0,3.0,21756.0,0.0,56,7232.0,7236.0,122,7224.0,7256.0,7278.0,7230.0,8881.0,64405012.0,58282
2023-05-10 21:03:25,PF2306,PF2306,7234.0,0.0,0.0,0.0,54,7232.0,7234.0,4,7224.0,7256.0,7278.0,7230.0,8881.0,64405012.0,58282
2023-05-10 21:03:25,PF2306,PF2306,7234.0,0.0,0.0,0.0,54,7232.0,7234.0,6,7224.0,7256.0,7278.0,7230.0,8881.0,64405012.0,58282
2023-05-10 21:03:26,PF2306,PF2306,7234.0,0.0,0.0,0.0,55,7232.0,7234.0,6,7224.0,7256.0,7278.0,7230.0,8881.0,64405012.0,58282
2023-05-10 21:03:26,PF2306,PF2306,7234.0,8.0,58016.0,-8.0,55,7232.0,7234.0,28,7224.0,7256.0,7278.0,7230.0,8889.0,64463028.0,58274
2023-05-10 21:03:27,PF2306,PF2306,7232.0,15.0,108780.0,-4.0,40,7232.0,7234.0,28,7224.0,7256.0,7278.0,7230.0,8904.0,64571808.0,58270
2023-05-10 21:03:28,PF2306,PF2306,7232.0,0.0,0.0,0.0,39,7232.0,7234.0,32,7224.0,7256.0,7278.0,7230.0,8904.0,64571808.0,58270
2023-05-10 21:03:28,PF2306,PF2306,7234.0,5.0,36260.0,-1.0,40,7232.0,7234.0,26,7224.0,7256.0,7278.0,7230.0,8909.0,64608068.0,58269
2023-05-10 21:03:29,PF2306,PF2306,7234.0,0.0,0.0,0.0,41,7232.0,7234.0,31,7224.0,7256.0,7278.0,7230.0,8909.0,64608068.0,58269
2023-05-10 21:03:29,PF2306,PF2306,7234.0,0.0,0.0,0.0,51,7232.0,7234.0,31,7224.0,7256.0,7278.0,7230.0,8909.0,64608068.0,58269
2023-05-10 21:03:29,PF2306,PF2306,7232.0,2.0,14504.0,0.0,49,7232.0,7234.0,31,7224.0,7256.0,7278.0,7230.0,8911.0,64622572.0,58269
2023-05-10 21:03:30,PF2306,PF2306,7232.0,4.0,29008.0,0.0,45,7232.0,7234.0,31,7224.0,7256.0,7278.0,7230.0,8915.0,64651580.0,58269
2023-05-10 21:03:30,PF2306,PF2306,7232.0,0.0,0.0,0.0,46,7232.0,7234.0,30,7224.0,7256.0,7278.0,7230.0,8915.0,64651580.0,58269
2023-05-10 21:03:33,PF2306,PF2306,7232.0,1.0,7252.0,0.0,45,7232.0,7234.0,30,7224.0,7256.0,7278.0,7230.0,8916.0,64658832.0,58269
2023-05-10 21:03:33,PF2306,PF2306,7234.0,4.0,29008.0,0.0,48,7232.0,7234.0,34,7224.0,7256.0,7278.0,7230.0,8920.0,64687840.0,58269
2023-05-10 21:03:34,PF2306,PF2306,7234.0,5.0,36260.0,-5.0,48,7232.0,7234.0,28,7224.0,7256.0,7278.0,7230.0,8925.0,64724100.0,58264
2023-05-10 21:03:34,PF2306,PF2306,7232.0,2.0,14504.0,0.0,47,7232.0,7234.0,33,7224.0,7256.0,7278.0,7230.0,8927.0,64738604.0,58264
2023-05-10 21:03:35,PF2306,PF2306,7232.0,1.0,7252.0,-1.0,46,7232.0,7234.0,33,7224.0,7256.0,7278.0,7230.0,8928.0,64745856.0,58263
2023-05-10 21:03:35,PF2306,PF2306,7234.0,19.0,137788.0,-18.0,52,7232.0,7234.0,14,7224.0,7256.0,7278.0,7230.0,8947.0,64883644.0,58245
2023-05-10 21:03:36,PF2306,PF2306,7234.0,15.0,108780.0,-1.0,4,7234.0,7236.0,112,7224.0,7256.0,7278.0,7230.0,8962.0,64992424.0,58244
2023-05-10 21:03:36,PF2306,PF2306,7236.0,7.0,50764.0,0.0,17,7234.0,7236.0,115,7224.0,7256.0,7278.0,7230.0,8969.0,65043188.0,58244
2023-05-10 21:03:39,PF2306,PF2306,7236.0,2.0,14504.0,0.0,20,7234.0,7236.0,113,7224.0,7256.0,7278.0,7230.0,8971.0,65057692.0,58244
2023-05-10 21:03:39,PF2306,PF2306,7236.0,1.0,7252.0,-1.0,22,7234.0,7236.0,112,7224.0,7256.0,7278.0,7230.0,8972.0,65064944.0,58243
2023-05-10 21:03:40,PF2306,PF2306,7234.0,22.0,159544.0,-8.0,2,7234.0,7236.0,187,7224.0,7256.0,7278.0,7230.0,8994.0,65224488.0,58235
2023-05-10 21:03:40,PF2306,PF2306,7234.0,5.0,36260.0,-1.0,45,7232.0,7234.0,1,7224.0,7256.0,7278.0,7230.0,8999.0,65260748.0,58234
2023-05-10 21:03:41,PF2306,PF2306,7234.0,0.0,0.0,0.0,44,7232.0,7236.0,186,7224.0,7256.0,7278.0,7230.0,8999.0,65260748.0,58234
2023-05-10 21:03:41,PF2306,PF2306,7234.0,0.0,0.0,0.0,2,7234.0,7236.0,173,7224.0,7256.0,7278.0,7230.0,8999.0,65260748.0,58234
2023-05-10 21:03:42,PF2306,PF2306,7234.0,0.0,0.0,0.0,2,7234.0,7236.0,179,7224.0,7256.0,7278.0,7230.0,8999.0,65260748.0,58234
2023-05-10 21:03:43,PF2306,PF2306,7234.0,0.0,0.0,0.0,6,7234.0,7236.0,190,7224.0,7256.0,7278.0,7230.0,8999.0,65260748.0,58234
2023-05-10 21:03:43,PF2306,PF2306,7234.0,8.0,58016.0,-4.0,43,7232.0,7234.0,1,7224.0,7256.0,7278.0,7230.0,9007.0,65318764.0,58230
2023-05-10 21:03:43,PF2306,PF2306,7234.0,0.0,0.0,0.0,42,7232.0,7234.0,15,7224.0,7256.0,7278.0,7230.0,9007.0,65318764.0,58230
2023-05-10 21:03:44,PF2306,PF2306,7234.0,0.0,0.0,0.0,39,7232.0,7234.0,25,7224.0,7256.0,7278.0,7230.0,9007.0,65318764.0,58230
2023-05-10 21:03:45,PF2306,PF2306,7234.0,0.0,0.0,0.0,40,7232.0,7234.0,25,7224.0,7256.0,7278.0,7230.0,9007.0,65318764.0,58230
2023-05-10 21:03:46,PF2306,PF2306,7234.0,0.0,0.0,0.0,40,7232.0,7234.0,26,7224.0,7256.0,7278.0,7230.0,9007.0,65318764.0,58230
2023-05-10 21:03:46,PF2306,PF2306,7232.0,9.0,65268.0,5.0,37,7232.0,7234.0,26,7224.0,7256.0,7278.0,7230.0,9016.0,65384032.0,58235
2023-05-10 21:03:46,PF2306,PF2306,7232.0,37.0,268324.0,-24.0,88,7230.0,7234.0,73,7224.0,7256.0,7278.0,7230.0,9053.0,65652356.0,58211
2023-05-10 21:03:47,PF2306,PF2306,7232.0,6.0,43512.0,0.0,88,7230.0,7234.0,73,7224.0,7256.0,7278.0,7230.0,9059.0,65695868.0,58211
2023-05-10 21:03:47,PF2306,PF2306,7230.0,5.0,36260.0,-5.0,87,7230.0,7234.0,73,7224.0,7256.0,7278.0,7230.0,9064.0,65732128.0,58206
2023-05-10 21:03:50,PF2306,PF2306,7230.0,0.0,0.0,0.0,87,7230.0,7234.0,75,7224.0,7256.0,7278.0,7230.0,9064.0,65732128.0,58206
2023-05-10 21:03:50,PF2306,PF2306,7230.0,0.0,0.0,0.0,3,7232.0,7234.0,78,7224.0,7256.0,7278.0,7230.0,9064.0,65732128.0,58206
2023-05-10 21:03:50,PF2306,PF2306,7232.0,2.0,14504.0,0.0,87,7230.0,7234.0,79,7224.0,7256.0,7278.0,7230.0,9066.0,65746632.0,58206
2023-05-10 21:03:51,PF2306,PF2306,7232.0,0.0,0.0,0.0,87,7230.0,7234.0,81,7224.0,7256.0,7278.0,7230.0,9066.0,65746632.0,58206
2023-05-10 21:03:51,PF2306,PF2306,7232.0,1.0,7252.0,-1.0,87,7230.0,7234.0,82,7224.0,7256.0,7278.0,7230.0,9067.0,65753884.0,58205
2023-05-10 21:03:52,PF2306,PF2306,7232.0,0.0,0.0,0.0,88,7230.0,7234.0,83,7224.0,7256.0,7278.0,7230.0,9067.0,65753884.0,58205
2023-05-10 21:03:52,PF2306,PF2306,7232.0,0.0,0.0,0.0,1,7232.0,7234.0,83,7224.0,7256.0,7278.0,7230.0,9067.0,65753884.0,58205
2023-05-10 21:03:53,PF2306,PF2306,7232.0,1.0,7252.0,-1.0,88,7230.0,7234.0,145,7224.0,7256.0,7278.0,7230.0,9068.0,65761136.0,58204
2023-05-10 21:03:54,PF2306,PF2306,7230.0,2.0,14504.0,-1.0,87,7230.0,7234.0,207,7224.0,7256.0,7278.0,7230.0,9070.0,65775640.0,58203
2023-05-10 21:03:54,PF2306,PF2306,7232.0,1.0,7252.0,-1.0,90,7230.0,7234.0,207,7224.0,7256.0,7278.0,7230.0,9071.0,65782892.0,58202
2023-05-10 21:03:54,PF2306,PF2306,7232.0,0.0,0.0,0.0,90,7230.0,7232.0,1,7224.0,7256.0,7278.0,7230.0,9071.0,65782892.0,58202
2023-05-10 21:03:55,PF2306,PF2306,7232.0,0.0,0.0,0.0,90,7230.0,7232.0,2,7224.0,7256.0,7278.0,7230.0,9071.0,65782892.0,58202
2023-05-10 21:03:55,PF2306,PF2306,7232.0,1.0,7252.0,1.0,92,7230.0,7232.0,1,7224.0,7256.0,7278.0,7230.0,9072.0,65790144.0,58203
2023-05-10 21:03:56,PF2306,PF2306,7232.0,0.0,0.0,0.0,90,7230.0,7232.0,2,7224.0,7256.0,7278.0,7230.0,9072.0,65790144.0,58203
2023-05-10 21:03:56,PF2306,PF2306,7232.0,0.0,0.0,0.0,92,7230.0,7232.0,15,7224.0,7256.0,7278.0,7230.0,9072.0,65790144.0,58203
2023-05-10 21:03:57,PF2306,PF2306,7232.0,16.0,116032.0,-5.0,105,7230.0,7232.0,22,7224.0,7256.0,7278.0,7230.0,9088.0,65906176.0,58198
2023-05-10 21:03:58,PF2306,PF2306,7230.0,3.0,21756.0,-2.0,107,7230.0,7232.0,20,7224.0,7256.0,7278.0,7230.0,9091.0,65927932.0,58196
2023-05-10 21:03:58,PF2306,PF2306,7232.0,1.0,7252.0,0.0,109,7230.0,7232.0,19,7224.0,7256.0,7278.0,7230.0,9092.0,65935184.0,58196
2023-05-10 21:03:59,PF2306,PF2306,7232.0,0.0,0.0,0.0,111,7230.0,7232.0,19,7224.0,7256.0,7278.0,7230.0,9092.0,65935184.0,58196
2023-05-10 21:03:59,PF2306,PF2306,7230.0,93.0,674436.0,64.0,114,7228.0,7232.0,19,7224.0,7256.0,7278.0,7230.0,9185.0,66609620.0,58260
2023-05-10 21:04:00,PF2306,PF2306,7226.0,158.0,1145816.0,-12.0,21,7224.0,7228.0,1,7224.0,7256.0,7278.0,7226.0,9343.0,67755436.0,58248
2023-05-10 21:04:00,PF2306,PF2306,7228.0,39.0,282828.0,-21.0,4,7226.0,7228.0,16,7224.0,7256.0,7278.0,7224.0,9382.0,68038264.0,58227
2023-05-10 21:04:00,PF2306,PF2306,7226.0,35.0,234986.0,-20.0,12,7226.0,7228.0,1,7224.0,7256.0,7278.0,7224.0,9417.0,68273250.0,58207
2023-05-10 21:04:01,PF2306,PF2306,7228.0,60.0,435000.0,-60.0,12,7226.0,7228.0,119,7224.0,7256.0,7278.0,7224.0,9477.0,68708250.0,58147
2023-05-10 21:04:02,PF2306,PF2306,7226.0,126.0,913500.0,-114.0,1,7228.0,7230.0,73,7224.0,7256.0,7278.0,7224.0,9603.0,69621750.0,58033
2023-05-10 21:04:02,PF2306,PF2306,7228.0,1.0,7250.0,-1.0,14,7226.0,7230.0,39,7224.0,7256.0,7278.0,7224.0,9604.0,69629000.0,58032
2023-05-10 21:04:03,PF2306,PF2306,7226.0,1.0,7250.0,1.0,13,7226.0,7230.0,40,7224.0,7256.0,7278.0,7224.0,9605.0,69636250.0,58033
2023-05-10 21:04:03,PF2306,PF2306,7228.0,1.0,7250.0,-1.0,12,7226.0,7228.0,4,7224.0,7256.0,7278.0,7224.0,9606.0,69643500.0,58032
2023-05-10 21:04:03,PF2306,PF2306,7228.0,0.0,0.0,0.0,12,7226.0,7228.0,161,7224.0,7256.0,7278.0,7224.0,9606.0,69643500.0,58032
2023-05-10 21:04:04,PF2306,PF2306,7226.0,20.0,145000.0,-9.0,10,7226.0,7228.0,161,7224.0,7256.0,7278.0,7224.0,9626.0,69788500.0,58023
2023-05-10 21:04:05,PF2306,PF2306,7228.0,60.0,435000.0,1.0,15,7226.0,7228.0,101,7224.0,7256.0,7278.0,7224.0,9686.0,70223500.0,58024
2023-05-10 21:04:05,PF2306,PF2306,7228.0,1.0,7250.0,-1.0,17,7226.0,7228.0,157,7224.0,7256.0,7278.0,7224.0,9687.0,70230750.0,58023
2023-05-10 21:04:05,PF2306,PF2306,7228.0,8.0,58000.0,1.0,15,7226.0,7228.0,156,7224.0,7256.0,7278.0,7224.0,9695.0,70288750.0,58024
2023-05-10 21:04:06,PF2306,PF2306,7228.0,0.0,0.0,0.0,17,7226.0,7228.0,160,7224.0,7256.0,7278.0,7224.0,9695.0,70288750.0,58024
2023-05-10 21:04:06,PF2306,PF2306,7228.0,0.0,0.0,0.0,27,7226.0,7228.0,159,7224.0,7256.0,7278.0,7224.0,9695.0,70288750.0,58024
2023-05-10 21:04:07,PF2306,PF2306,7228.0,7.0,50750.0,-7.0,29,7226.0,7228.0,152,7224.0,7256.0,7278.0,7224.0,9702.0,70339500.0,58017
2023-05-10 21:04:07,PF2306,PF2306,7228.0,2.0,14500.0,-2.0,62,7226.0,7228.0,151,7224.0,7256.0,7278.0,7224.0,9704.0,70354000.0,58015
2023-05-10 21:04:08,PF2306,PF2306,7226.0,1.0,7250.0,0.0,61,7226.0,7228.0,147,7224.0,7256.0,7278.0,7224.0,9705.0,70361250.0,58015
2023-05-10 21:04:09,PF2306,PF2306,7228.0,3.0,21750.0,-2.0,66,7226.0,7228.0,147,7224.0,7256.0,7278.0,7224.0,9708.0,70383000.0,58013
2023-05-10 21:04:09,PF2306,PF2306,7228.0,1.0,7250.0,-1.0,65,7226.0,7228.0,146,7224.0,7256.0,7278.0,7224.0,9709.0,70390250.0,58012
2023-05-10 21:04:10,PF2306,PF2306,7228.0,4.0,29000.0,-4.0,61,7226.0,7228.0,145,7224.0,7256.0,7278.0,7224.0,9713.0,70419250.0,58008
2023-05-10 21:04:11,PF2306,PF2306,7228.0,12.0,87000.0,-6.0,65,7226.0,7228.0,135,7224.0,7256.0,7278.0,7224.0,9725.0,70506250.0,58002
2023-05-10 21:04:12,PF2306,PF2306,7228.0,136.0,986000.0,-14.0,6,7228.0,7230.0,54,7224.0,7256.0,7278.0,7224.0,9861.0,71492250.0,57988
2023-05-10 21:04:12,PF2306,PF2306,7230.0,12.0,87000.0,0.0,12,7228.0,7230.0,17,7224.0,7256.0,7278.0,7224.0,9873.0,71579250.0,57988
2023-05-10 21:04:13,PF2306,PF2306,7230.0,4.0,29000.0,3.0,10,7228.0,7230.0,55,7224.0,7256.0,7278.0,7224.0,9877.0,71608250.0,57991
2023-05-10 21:04:13,PF2306,PF2306,7230.0,44.0,319000.0,-42.0,10,7228.0,7230.0,14,7224.0,7256.0,7278.0,7224.0,9921.0,71927250.0,57949
2023-05-10 21:04:13,PF2306,PF2306,7230.0,0.0,0.0,0.0,8,7228.0,7230.0,26,7224.0,7256.0,7278.0,7224.0,9921.0,71927250.0,57949
2023-05-10 21:04:14,PF2306,PF2306,7230.0,0.0,0.0,0.0,8,7228.0,7230.0,37,7224.0,7256.0,7278.0,7224.0,9921.0,71927250.0,57949
2023-05-10 21:04:15,PF2306,PF2306,7228.0,9.0,65250.0,-4.0,59,7226.0,7230.0,39,7224.0,7256.0,7278.0,7224.0,9930.0,71992500.0,57945
2023-05-10 21:04:15,PF2306,PF2306,7228.0,1.0,7250.0,-1.0,9,7228.0,7230.0,40,7224.0,7256.0,7278.0,7224.0,9931.0,71999750.0,57944
2023-05-10 21:04:16,PF2306,PF2306,7230.0,11.0,79750.0,-10.0,9,7228.0,7230.0,30,7224.0,7256.0,7278.0,7224.0,9942.0,72079500.0,57934
2023-05-10 21:04:16,PF2306,PF2306,7230.0,0.0,0.0,0.0,14,7228.0,7230.0,33,7224.0,7256.0,7278.0,7224.0,9942.0,72079500.0,57934
2023-05-10 21:04:17,PF2306,PF2306,7230.0,0.0,0.0,0.0,14,7228.0,7230.0,36,7224.0,7256.0,7278.0,7224.0,9942.0,72079500.0,57934
2023-05-10 21:04:17,PF2306,PF2306,7228.0,1.0,7250.0,-1.0,15,7228.0,7230.0,36,7224.0,7256.0,7278.0,7224.0,9943.0,72086750.0,57933
2023-05-10 21:04:18,PF2306,PF2306,7230.0,4.0,29000.0,-2.0,16,7228.0,7230.0,33,7224.0,7256.0,7278.0,7224.0,9947.0,72115750.0,57931
2023-05-10 21:04:18,PF2306,PF2306,7228.0,23.0,166750.0,-10.0,24,7228.0,7230.0,77,7224.0,7256.0,7278.0,7224.0,9970.0,72282500.0,57921
2023-05-10 21:04:19,PF2306,PF2306,7228.0,29.0,210250.0,-2.0,55,7226.0,7230.0,121,7224.0,7256.0,7278.0,7224.0,9999.0,72492750.0,57919
2023-05-10 21:04:19,PF2306,PF2306,7228.0,1.0,7250.0,0.0,55,7226.0,7228.0,10,7224.0,7256.0,7278.0,7224.0,10000.0,72500000.0,57919
2023-05-10 21:04:19,PF2306,PF2306,7228.0,1.0,7250.0,1.0,51,7226.0,7228.0,112,7224.0,7256.0,7278.0,7224.0,10001.0,72507250.0,57920
2023-05-10 21:04:20,PF2306,PF2306,7228.0,0.0,0.0,0.0,55,7226.0,7228.0,113,7224.0,7256.0,7278.0,7224.0,10001.0,72507250.0,57920
2023-05-10 21:04:20,PF2306,PF2306,7228.0,10.0,72500.0,-4.0,55,7226.0,7228.0,122,7224.0,7256.0,7278.0,7224.0,10011.0,72579750.0,57916
2023-05-10 21:04:21,PF2306,PF2306,7228.0,0.0,0.0,0.0,55,7226.0,7228.0,123,7224.0,7256.0,7278.0,7224.0,10011.0,72579750.0,57916
2023-05-10 21:04:21,PF2306,PF2306,7224.0,57.0,413250.0,-1.0,17,7224.0,7226.0,13,7224.0,7256.0,7278.0,7224.0,10068.0,72993000.0,57915
2023-05-10 21:04:22,PF2306,PF2306,7224.0,8.0,58000.0,1.0,12,7224.0,7226.0,55,7224.0,7256.0,7278.0,7224.0,10076.0,73051000.0,57916
2023-05-10 21:04:22,PF2306,PF2306,7224.0,0.0,0.0,0.0,12,7224.0,7226.0,56,7224.0,7256.0,7278.0,7224.0,10076.0,73051000.0,57916
2023-05-10 21:04:23,PF2306,PF2306,7224.0,2.0,14500.0,0.0,7,7224.0,7226.0,101,7224.0,7256.0,7278.0,7224.0,10078.0,73065500.0,57916
2023-05-10 21:04:23,PF2306,PF2306,7226.0,1.0,7250.0,-1.0,8,7224.0,7226.0,105,7224.0,7256.0,7278.0,7224.0,10079.0,73072750.0,57915
2023-05-10 21:04:24,PF2306,PF2306,7224.0,8.0,58000.0,-2.0,72,7222.0,7224.0,1,7224.0,7256.0,7278.0,7224.0,10087.0,73130750.0,57913
2023-05-10 21:04:24,PF2306,PF2306,7224.0,6.0,43500.0,1.0,71,7222.0,7226.0,116,7224.0,7256.0,7278.0,7224.0,10093.0,73174250.0,57914
2023-05-10 21:04:25,PF2306,PF2306,7224.0,0.0,0.0,0.0,1,7224.0,7226.0,115,7224.0,7256.0,7278.0,7224.0,10093.0,73174250.0,57914
2023-05-10 21:04:26,PF2306,PF2306,7224.0,0.0,0.0,0.0,4,7224.0,7226.0,116,7224.0,7256.0,7278.0,7224.0,10093.0,73174250.0,57914
2023-05-10 21:04:26,PF2306,PF2306,7224.0,4.0,29000.0,-1.0,1,7224.0,7226.0,116,7224.0,7256.0,7278.0,7224.0,10097.0,73203250.0,57913
2023-05-10 21:04:27,PF2306,PF2306,7224.0,0.0,0.0,0.0,11,7224.0,7226.0,115,7224.0,7256.0,7278.0,7224.0,10097.0,73203250.0,57913
2023-05-10 21:04:27,PF2306,PF2306,7226.0,19.0,137750.0,-12.0,8,7224.0,7226.0,99,7224.0,7256.0,7278.0,7224.0,10116.0,73341000.0,57901
2023-05-10 21:04:28,PF2306,PF2306,7224.0,4.0,29000.0,-1.0,9,7224.0,7226.0,99,7224.0,7256.0,7278.0,7224.0,10120.0,73370000.0,57900
2023-05-10 21:04:28,PF2306,PF2306,7224.0,0.0,0.0,0.0,11,7224.0,7226.0,107,7224.0,7256.0,7278.0,7224.0,10120.0,73370000.0,57900
2023-05-10 21:04:28,PF2306,PF2306,7224.0,0.0,0.0,0.0,11,7224.0,7226.0,108,7224.0,7256.0,7278.0,7224.0,10120.0,73370000.0,57900
2023-05-10 21:04:29,PF2306,PF2306,7224.0,2.0,14500.0,-1.0,54,7224.0,7226.0,108,7224.0,7256.0,7278.0,7224.0,10122.0,73384500.0,57899
2023-05-10 21:04:30,PF2306,PF2306,7224.0,33.0,239250.0,-16.0,47,7224.0,7226.0,108,7224.0,7256.0,7278.0,7224.0,10155.0,73623750.0,57883
2023-05-10 21:04:30,PF2306,PF2306,7224.0,33.0,239250.0,-17.0,31,7224.0,7226.0,109,7224.0,7256.0,7278.0,7224.0,10188.0,73863000.0,57866
2023-05-10 21:04:30,PF2306,PF2306,7224.0,26.0,188500.0,-12.0,28,7224.0,7226.0,108,7224.0,7256.0,7278.0,7224.0,10214.0,74051500.0,57854
2023-05-10 21:04:31,PF2306,PF2306,7224.0,0.0,0.0,0.0,29,7224.0,7226.0,108,7224.0,7256.0,7278.0,7224.0,10214.0,74051500.0,57854
2023-05-10 21:04:31,PF2306,PF2306,7224.0,0.0,0.0,0.0,33,7224.0,7226.0,123,7224.0,7256.0,7278.0,7224.0,10214.0,74051500.0,57854
2023-05-10 21:04:32,PF2306,PF2306,7224.0,0.0,0.0,0.0,34,7224.0,7226.0,123,7224.0,7256.0,7278.0,7224.0,10214.0,74051500.0,57854
2023-05-10 21:04:33,PF2306,PF2306,7224.0,39.0,282750.0,7.0,73,7222.0,7226.0,123,7224.0,7256.0,7278.0,7224.0,10253.0,74334250.0,57861
2023-05-10 21:04:33,PF2306,PF2306,7224.0,0.0,0.0,0.0,73,7222.0,7224.0,5,7224.0,7256.0,7278.0,7224.0,10253.0,74334250.0,57861
2023-05-10 21:04:34,PF2306,PF2306,7224.0,25.0,160694.0,-19.0,72,7222.0,7226.0,107,7224.0,7256.0,7278.0,7224.0,10278.0,74494944.0,57842
2023-05-10 21:04:35,PF2306,PF2306,7224.0,0.0,0.0,0.0,1,7224.0,7226.0,107,7224.0,7256.0,7278.0,7224.0,10278.0,74494944.0,57842
2023-05-10 21:04:35,PF2306,PF2306,7224.0,0.0,0.0,0.0,50,7224.0,7226.0,109,7224.0,7256.0,7278.0,7224.0,10278.0,74494944.0,57842
2023-05-10 21:04:36,PF2306,PF2306,7226.0,110.0,797280.0,-69.0,49,7224.0,7228.0,30,7224.0,7256.0,7278.0,7224.0,10388.0,75292224.0,57773
2023-05-10 21:04:36,PF2306,PF2306,7228.0,9.0,65232.0,7.0,9,7226.0,7228.0,37,7224.0,7256.0,7278.0,7224.0,10397.0,75357456.0,57780
2023-05-10 21:04:36,PF2306,PF2306,7226.0,1.0,7248.0,0.0,3,7226.0,7228.0,36,7224.0,7256.0,7278.0,7224.0,10398.0,75364704.0,57780
2023-05-10 21:04:37,PF2306,PF2306,7226.0,0.0,0.0,0.0,3,7226.0,7228.0,39,7224.0,7256.0,7278.0,7224.0,10398.0,75364704.0,57780
2023-05-10 21:04:37,PF2306,PF2306,7226.0,1.0,7248.0,-1.0,5,7226.0,7228.0,39,7224.0,7256.0,7278.0,7224.0,10399.0,75371952.0,57779
2023-05-10 21:04:39,PF2306,PF2306,7226.0,0.0,0.0,0.0,5,7226.0,7228.0,40,7224.0,7256.0,7278.0,7224.0,10399.0,75371952.0,57779
2023-05-10 21:04:39,PF2306,PF2306,7226.0,0.0,0.0,0.0,12,7226.0,7228.0,40,7224.0,7256.0,7278.0,7224.0,10399.0,75371952.0,57779
2023-05-10 21:04:39,PF2306,PF2306,7226.0,0.0,0.0,0.0,12,7226.0,7228.0,121,7224.0,7256.0,7278.0,7224.0,10399.0,75371952.0,57779
2023-05-10 21:04:40,PF2306,PF2306,7226.0,28.0,202944.0,-6.0,244,7226.0,7228.0,123,7224.0,7256.0,7278.0,7224.0,10427.0,75574896.0,57773
2023-05-10 21:04:41,PF2306,PF2306,7226.0,247.0,1790256.0,-95.0,62,7224.0,7226.0,1,7224.0,7256.0,7278.0,7224.0,10674.0,77365152.0,57678
2023-05-10 21:04:41,PF2306,PF2306,7226.0,5.0,36240.0,-1.0,57,7224.0,7228.0,115,7224.0,7256.0,7278.0,7224.0,10679.0,77401392.0,57677
2023-05-10 21:04:42,PF2306,PF2306,7226.0,0.0,0.0,0.0,58,7224.0,7228.0,115,7224.0,7256.0,7278.0,7224.0,10679.0,77401392.0,57677
2023-05-10 21:04:42,PF2306,PF2306,7226.0,0.0,0.0,0.0,2,7226.0,7228.0,125,7224.0,7256.0,7278.0,7224.0,10679.0,77401392.0,57677
2023-05-10 21:04:43,PF2306,PF2306,7226.0,5.0,36240.0,2.0,59,7224.0,7226.0,1,7224.0,7256.0,7278.0,7224.0,10684.0,77437632.0,57679
2023-05-10 21:04:44,PF2306,PF2306,7226.0,3.0,21744.0,-3.0,63,7224.0,7226.0,32,7224.0,7256.0,7278.0,7224.0,10687.0,77459376.0,57676
2023-05-10 21:04:44,PF2306,PF2306,7226.0,47.0,340656.0,-19.0,8,7226.0,7228.0,102,7224.0,7256.0,7278.0,7224.0,10734.0,77800032.0,57657
2023-05-10 21:04:45,PF2306,PF2306,7226.0,0.0,0.0,0.0,66,7224.0,7228.0,93,7224.0,7256.0,7278.0,7224.0,10734.0,77800032.0,57657
2023-05-10 21:04:45,PF2306,PF2306,7226.0,0.0,0.0,0.0,5,7226.0,7228.0,95,7224.0,7256.0,7278.0,7224.0,10734.0,77800032.0,57657
2023-05-10 21:04:45,PF2306,PF2306,7226.0,0.0,0.0,0.0,6,7226.0,7228.0,105,7224.0,7256.0,7278.0,7224.0,10734.0,77800032.0,57657
2023-05-10 21:04:46,PF2306,PF2306,7228.0,10.0,72480.0,-10.0,6,7226.0,7228.0,95,7224.0,7256.0,7278.0,7224.0,10744.0,77872512.0,57647
2023-05-10 21:04:47,PF2306,PF2306,7226.0,3.0,21744.0,1.0,4,7226.0,7228.0,96,7224.0,7256.0,7278.0,7224.0,10747.0,77894256.0,57648
2023-05-10 21:04:47,PF2306,PF2306,7226.0,0.0,0.0,0.0,5,7226.0,7228.0,136,7224.0,7256.0,7278.0,7224.0,10747.0,77894256.0,57648
2023-05-10 21:04:47,PF2306,PF2306,7228.0,1.0,7248.0,0.0,5,7226.0,7228.0,138,7224.0,7256.0,7278.0,7224.0,10748.0,77901504.0,57648
2023-05-10 21:04:48,PF2306,PF2306,7228.0,0.0,0.0,0.0,5,7226.0,7228.0,139,7224.0,7256.0,7278.0,7224.0,10748.0,77901504.0,57648
2023-05-10 21:04:48,PF2306,PF2306,7226.0,3.0,21744.0,-1.0,1,7226.0,7228.0,139,7224.0,7256.0,7278.0,7224.0,10751.0,77923248.0,57647
2023-05-10 21:04:49,PF2306,PF2306,7226.0,1.0,7248.0,-1.0,66,7224.0,7226.0,1,7224.0,7256.0,7278.0,7224.0,10752.0,77930496.0,57646
2023-05-10 21:04:49,PF2306,PF2306,7224.0,1.0,7248.0,0.0,68,7224.0,7226.0,6,7224.0,7256.0,7278.0,7224.0,10753.0,77937744.0,57646
2023-05-10 21:04:50,PF2306,PF2306,7224.0,0.0,0.0,0.0,68,7224.0,7226.0,1,7224.0,7256.0,7278.0,7224.0,10753.0,77937744.0,57646
2023-05-10 21:04:51,PF2306,PF2306,7224.0,0.0,0.0,0.0,70,7224.0,7226.0,11,7224.0,7256.0,7278.0,7224.0,10753.0,77937744.0,57646
2023-05-10 21:04:51,PF2306,PF2306,7226.0,10.0,72480.0,-10.0,60,7224.0,7228.0,146,7224.0,7256.0,7278.0,7224.0,10763.0,78010224.0,57636
2023-05-10 21:04:52,PF2306,PF2306,7226.0,16.0,115968.0,2.0,60,7224.0,7228.0,142,7224.0,7256.0,7278.0,7224.0,10779.0,78126192.0,57638
2023-05-10 21:04:52,PF2306,PF2306,7224.0,5.0,36240.0,0.0,55,7224.0,7226.0,22,7224.0,7256.0,7278.0,7224.0,10784.0,78162432.0,57638
2023-05-10 21:04:53,PF2306,PF2306,7226.0,12.0,86976.0,-2.0,73,7224.0,7226.0,11,7224.0,7256.0,7278.0,7224.0,10796.0,78249408.0,57636
2023-05-10 21:04:53,PF2306,PF2306,7224.0,2.0,14496.0,0.0,75,7224.0,7226.0,10,7224.0,7256.0,7278.0,7224.0,10798.0,78263904.0,57636
2023-05-10 21:04:53,PF2306,PF2306,7224.0,0.0,0.0,0.0,75,7224.0,7226.0,21,7224.0,7256.0,7278.0,7224.0,10798.0,78263904.0,57636
2023-05-10 21:04:54,PF2306,PF2306,7226.0,1.0,7248.0,0.0,75,7224.0,7226.0,19,7224.0,7256.0,7278.0,7224.0,10799.0,78271152.0,57636
2023-05-10 21:04:54,PF2306,PF2306,7226.0,5.0,36240.0,0.0,77,7224.0,7226.0,19,7224.0,7256.0,7278.0,7224.0,10804.0,78307392.0,57636
2023-05-10 21:04:55,PF2306,PF2306,7226.0,18.0,130464.0,-11.0,78,7224.0,7228.0,121,7224.0,7256.0,7278.0,7224.0,10822.0,78437856.0,57625
2023-05-10 21:04:56,PF2306,PF2306,7226.0,0.0,0.0,0.0,79,7224.0,7228.0,130,7224.0,7256.0,7278.0,7224.0,10822.0,78437856.0,57625
2023-05-10 21:04:56,PF2306,PF2306,7226.0,0.0,0.0,0.0,80,7224.0,7228.0,130,7224.0,7256.0,7278.0,7224.0,10822.0,78437856.0,57625
2023-05-10 21:04:57,PF2306,PF2306,7226.0,1.0,7248.0,1.0,79,7224.0,7226.0,2,7224.0,7256.0,7278.0,7224.0,10823.0,78445104.0,57626
2023-05-10 21:04:57,PF2306,PF2306,7228.0,4.0,28992.0,0.0,1,7226.0,7228.0,131,7224.0,7256.0,7278.0,7224.0,10827.0,78474096.0,57626
2023-05-10 21:04:57,PF2306,PF2306,7226.0,1.0,7248.0,-1.0,1,7226.0,7228.0,127,7224.0,7256.0,7278.0,7224.0,10828.0,78481344.0,57625
2023-05-10 21:04:58,PF2306,PF2306,7228.0,2.0,14496.0,-1.0,1,7226.0,7228.0,126,7224.0,7256.0,7278.0,7224.0,10830.0,78495840.0,57624
2023-05-10 21:04:59,PF2306,PF2306,7228.0,0.0,0.0,0.0,5,7226.0,7228.0,126,7224.0,7256.0,7278.0,7224.0,10830.0,78495840.0,57624
2023-05-10 21:04:59,PF2306,PF2306,7228.0,0.0,0.0,0.0,7,7226.0,7228.0,127,7224.0,7256.0,7278.0,7224.0,10830.0,78495840.0,57624
2023-05-10 21:04:59,PF2306,PF2306,7226.0,8.0,57984.0,-5.0,77,7224.0,7228.0,123,7224.0,7256.0,7278.0,7224.0,10838.0,78553824.0,57619
2023-05-10 21:05:00,PF2306,PF2306,7224.0,10.0,72480.0,1.0,76,7224.0,7228.0,122,7224.0,7256.0,7278.0,7224.0,10848.0,78626304.0,57620
2023-05-10 21:05:01,PF2306,PF2306,7224.0,9.0,65232.0,2.0,74,7224.0,7228.0,126,7224.0,7256.0,7278.0,7224.0,10857.0,78691536.0,57622
2023-05-10 21:05:01,PF2306,PF2306,7226.0,6.0,43488.0,1.0,73,7224.0,7228.0,126,7224.0,7256.0,7278.0,7224.0,10863.0,78735024.0,57623
2023-05-10 21:05:01,PF2306,PF2306,7226.0,1.0,7248.0,0.0,73,7224.0,7228.0,125,7224.0,7256.0,7278.0,7224.0,10864.0,78742272.0,57623
2023-05-10 21:05:02,PF2306,PF2306,7226.0,4.0,28992.0,0.0,1,7226.0,7228.0,121,7224.0,7256.0,7278.0,7224.0,10868.0,78771264.0,57623
2023-05-10 21:05:03,PF2306,PF2306,7228.0,120.0,869760.0,-88.0,2,7226.0,7230.0,96,7224.0,7256.0,7278.0,7224.0,10988.0,79641024.0,57535
2023-05-10 21:05:03,PF2306,PF2306,7230.0,129.0,934992.0,55.0,1,7230.0,7232.0,12,7224.0,7256.0,7278.0,7224.0,11117.0,80576016.0,57590
2023-05-10 21:05:04,PF2306,PF2306,7228.0,39.0,282672.0,-34.0,17,7226.0,7228.0,10,7224.0,7256.0,7278.0,7224.0,11156.0,80858688.0,57556
2023-05-10 21:05:05,PF2306,PF2306,7228.0,136.0,985728.0,12.0,9,7226.0,7228.0,140,7224.0,7256.0,7278.0,7224.0,11292.0,81844416.0,57568
2023-05-10 21:05:05,PF2306,PF2306,7228.0,1.0,7248.0,0.0,9,7226.0,7228.0,139,7224.0,7256.0,7278.0,7224.0,11293.0,81851664.0,57568
2023-05-10 21:05:06,PF2306,PF2306,7228.0,9.0,65232.0,-1.0,14,7226.0,7228.0,135,7224.0,7256.0,7278.0,7224.0,11302.0,81916896.0,57567
2023-05-10 21:05:06,PF2306,PF2306,7228.0,3.0,21744.0,0.0,26,7226.0,7228.0,229,7224.0,7256.0,7278.0,7224.0,11305.0,81938640.0,57567
2023-05-10 21:05:06,PF2306,PF2306,7228.0,2.0,14496.0,0.0,28,7226.0,7228.0,227,7224.0,7256.0,7278.0,7224.0,11307.0,81953136.0,57567
2023-05-10 21:05:07,PF2306,PF2306,7228.0,0.0,0.0,0.0,27,7226.0,7228.0,227,7224.0,7256.0,7278.0,7224.0,11307.0,81953136.0,57567
2023-05-10 21:05:07,PF2306,PF2306,7228.0,11.0,79728.0,1.0,28,7226.0,7228.0,216,7224.0,7256.0,7278.0,7224.0,11318.0,82032864.0,57568
2023-05-10 21:05:08,PF2306,PF2306,7228.0,17.0,100546.0,11.0,27,7226.0,7228.0,207,7224.0,7256.0,7278.0,7224.0,11335.0,82133410.0,57579
2023-05-10 21:05:09,PF2306,PF2306,7228.0,0.0,0.0,0.0,29,7226.0,7228.0,208,7224.0,7256.0,7278.0,7224.0,11335.0,82133410.0,57579
2023-05-10 21:05:09,PF2306,PF2306,7228.0,0.0,0.0,0.0,27,7226.0,7228.0,209,7224.0,7256.0,7278.0,7224.0,11335.0,82133410.0,57579
2023-05-10 21:05:09,PF2306,PF2306,7228.0,0.0,0.0,0.0,27,7226.0,7228.0,217,7224.0,7256.0,7278.0,7224.0,11335.0,82133410.0,57579
2023-05-10 21:05:10,PF2306,PF2306,7228.0,0.0,0.0,0.0,30,7226.0,7228.0,217,7224.0,7256.0,7278.0,7224.0,11335.0,82133410.0,57579
2023-05-10 21:05:11,PF2306,PF2306,7228.0,25.0,181150.0,-3.0,33,7226.0,7228.0,192,7224.0,7256.0,7278.0,7224.0,11360.0,82314560.0,57576
2023-05-10 21:05:11,PF2306,PF2306,7228.0,0.0,0.0,0.0,34,7226.0,7228.0,190,7224.0,7256.0,7278.0,7224.0,11360.0,82314560.0,57576
2023-05-10 21:05:11,PF2306,PF2306,7228.0,6.0,43476.0,5.0,34,7226.0,7228.0,187,7224.0,7256.0,7278.0,7224.0,11366.0,82358036.0,57581
2023-05-10 21:05:12,PF2306,PF2306,7226.0,33.0,239118.0,-19.0,59,7224.0,7228.0,191,7224.0,7256.0,7278.0,7224.0,11399.0,82597154.0,57562
2023-05-10 21:05:13,PF2306,PF2306,7224.0,91.0,659386.0,17.0,47,7222.0,7224.0,1,7224.0,7256.0,7278.0,7222.0,11490.0,83256540.0,57579
2023-05-10 21:05:13,PF2306,PF2306,7224.0,7.0,50722.0,-5.0,48,7222.0,7224.0,23,7224.0,7256.0,7278.0,7222.0,11497.0,83307262.0,57574
2023-05-10 21:05:14,PF2306,PF2306,7222.0,55.0,398530.0,-13.0,38,7220.0,7224.0,129,7224.0,7256.0,7278.0,7222.0,11552.0,83705792.0,57561
2023-05-10 21:05:14,PF2306,PF2306,7222.0,0.0,0.0,0.0,37,7220.0,7222.0,34,7224.0,7256.0,7278.0,7222.0,11552.0,83705792.0,57561
2023-05-10 21:05:14,PF2306,PF2306,7222.0,0.0,0.0,0.0,38,7220.0,7222.0,96,7224.0,7256.0,7278.0,7222.0,11552.0,83705792.0,57561
2023-05-10 21:05:15,PF2306,PF2306,7222.0,0.0,0.0,0.0,38,7220.0,7222.0,174,7224.0,7256.0,7278.0,7222.0,11552.0,83705792.0,57561
2023-05-10 21:05:15,PF2306,PF2306,7220.0,22.0,159412.0,20.0,18,7220.0,7222.0,154,7224.0,7256.0,7278.0,7220.0,11574.0,83865204.0,57581
2023-05-10 21:05:16,PF2306,PF2306,7220.0,11.0,79706.0,-2.0,14,7220.0,7222.0,154,7224.0,7256.0,7278.0,7220.0,11585.0,83944910.0,57579
2023-05-10 21:05:16,PF2306,PF2306,7220.0,0.0,0.0,0.0,27,7220.0,7222.0,154,7224.0,7256.0,7278.0,7220.0,11585.0,83944910.0,57579
2023-05-10 21:05:17,PF2306,PF2306,7222.0,1.0,7246.0,0.0,26,7220.0,7222.0,153,7224.0,7256.0,7278.0,7220.0,11586.0,83952156.0,57579
2023-05-10 21:05:17,PF2306,PF2306,7222.0,0.0,0.0,0.0,27,7220.0,7222.0,154,7224.0,7256.0,7278.0,7220.0,11586.0,83952156.0,57579
2023-05-10 21:05:18,PF2306,PF2306,7222.0,8.0,57968.0,0.0,59,7220.0,7222.0,151,7224.0,7256.0,7278.0,7220.0,11594.0,84010124.0,57579
2023-05-10 21:05:18,PF2306,PF2306,7222.0,0.0,0.0,0.0,68,7220.0,7222.0,151,7224.0,7256.0,7278.0,7220.0,11594.0,84010124.0,57579
2023-05-10 21:05:19,PF2306,PF2306,7222.0,15.0,108690.0,-5.0,69,7220.0,7222.0,141,7224.0,7256.0,7278.0,7220.0,11609.0,84118814.0,57574
2023-05-10 21:05:20,PF2306,PF2306,7222.0,14.0,101444.0,-14.0,66,7220.0,7222.0,127,7224.0,7256.0,7278.0,7220.0,11623.0,84220258.0,57560
2023-05-10 21:05:20,PF2306,PF2306,7220.0,21.0,152166.0,-20.0,59,7220.0,7222.0,85,7224.0,7256.0,7278.0,7220.0,11644.0,84372424.0,57540
2023-05-10 21:05:20,PF2306,PF2306,7220.0,0.0,0.0,0.0,60,7220.0,7222.0,86,7224.0,7256.0,7278.0,7220.0,11644.0,84372424.0,57540
2023-05-10 21:05:21,PF2306,PF2306,7220.0,11.0,79706.0,-8.0,58,7220.0,7222.0,78,7224.0,7256.0,7278.0,7220.0,11655.0,84452130.0,57532
2023-05-10 21:05:21,PF2306,PF2306,7220.0,0.0,0.0,0.0,60,7220.0,7222.0,78,7224.0,7256.0,7278.0,7220.0,11655.0,84452130.0,57532
2023-05-10 21:05:22,PF2306,PF2306,7220.0,1.0,7246.0,0.0,58,7220.0,7222.0,78,7224.0,7256.0,7278.0,7220.0,11656.0,84459376.0,57532
2023-05-10 21:05:23,PF2306,PF2306,7220.0,0.0,0.0,0.0,59,7220.0,7222.0,78,7224.0,7256.0,7278.0,7220.0,11656.0,84459376.0,57532
2023-05-10 21:05:23,PF2306,PF2306,7222.0,1.0,7246.0,-1.0,68,7220.0,7222.0,77,7224.0,7256.0,7278.0,7220.0,11657.0,84466622.0,57531
2023-05-10 21:05:24,PF2306,PF2306,7220.0,2.0,14492.0,0.0,63,7220.0,7222.0,80,7224.0,7256.0,7278.0,7220.0,11659.0,84481114.0,57531
2023-05-10 21:05:24,PF2306,PF2306,7220.0,0.0,0.0,0.0,71,7220.0,7222.0,80,7224.0,7256.0,7278.0,7220.0,11659.0,84481114.0,57531
2023-05-10 21:05:25,PF2306,PF2306,7220.0,0.0,0.0,0.0,72,7220.0,7222.0,80,7224.0,7256.0,7278.0,7220.0,11659.0,84481114.0,57531
2023-05-10 21:05:25,PF2306,PF2306,7222.0,2.0,14492.0,-2.0,74,7220.0,7222.0,78,7224.0,7256.0,7278.0,7220.0,11661.0,84495606.0,57529
2023-05-10 21:05:26,PF2306,PF2306,7222.0,0.0,0.0,0.0,84,7220.0,7222.0,78,7224.0,7256.0,7278.0,7220.0,11661.0,84495606.0,57529
2023-05-10 21:05:26,PF2306,PF2306,7222.0,0.0,0.0,0.0,68,7220.0,7222.0,78,7224.0,7256.0,7278.0,7220.0,11661.0,84495606.0,57529
2023-05-10 21:05:27,PF2306,PF2306,7222.0,0.0,0.0,0.0,76,7220.0,7222.0,78,7224.0,7256.0,7278.0,7220.0,11661.0,84495606.0,57529
2023-05-10 21:05:27,PF2306,PF2306,7220.0,1.0,7246.0,0.0,81,7220.0,7222.0,77,7224.0,7256.0,7278.0,7220.0,11662.0,84502852.0,57529
2023-05-10 21:05:28,PF2306,PF2306,7220.0,0.0,0.0,0.0,83,7220.0,7222.0,64,7224.0,7256.0,7278.0,7220.0,11662.0,84502852.0,57529
2023-05-10 21:05:28,PF2306,PF2306,7220.0,18.0,130428.0,-13.0,75,7220.0,7222.0,51,7224.0,7256.0,7278.0,7220.0,11680.0,84633280.0,57516
2023-05-10 21:05:29,PF2306,PF2306,7220.0,11.0,79706.0,-10.0,67,7220.0,7222.0,50,7224.0,7256.0,7278.0,7220.0,11691.0,84712986.0,57506
2023-05-10 21:05:29,PF2306,PF2306,7220.0,0.0,0.0,0.0,66,7220.0,7222.0,50,7224.0,7256.0,7278.0,7220.0,11691.0,84712986.0,57506
2023-05-10 21:05:30,PF2306,PF2306,7220.0,0.0,0.0,0.0,66,7220.0,7222.0,51,7224.0,7256.0,7278.0,7220.0,11691.0,84712986.0,57506
2023-05-10 21:05:30,PF2306,PF2306,7220.0,2.0,14492.0,0.0,65,7220.0,7222.0,51,7224.0,7256.0,7278.0,7220.0,11693.0,84727478.0,57506
2023-05-10 21:05:32,PF2306,PF2306,7222.0,7.0,50722.0,-2.0,83,7220.0,7222.0,126,7224.0,7256.0,7278.0,7220.0,11700.0,84778200.0,57504
2023-05-10 21:05:32,PF2306,PF2306,7220.0,26.0,188396.0,6.0,63,7220.0,7222.0,163,7224.0,7256.0,7278.0,7220.0,11726.0,84966596.0,57510
2023-05-10 21:05:32,PF2306,PF2306,7220.0,0.0,0.0,0.0,63,7220.0,7222.0,174,7224.0,7256.0,7278.0,7220.0,11726.0,84966596.0,57510
2023-05-10 21:05:33,PF2306,PF2306,7222.0,3.0,21738.0,-1.0,63,7220.0,7222.0,171,7224.0,7256.0,7278.0,7220.0,11729.0,84988334.0,57509
2023-05-10 21:05:34,PF2306,PF2306,7222.0,0.0,0.0,0.0,65,7220.0,7222.0,183,7224.0,7256.0,7278.0,7220.0,11729.0,84988334.0,57509
2023-05-10 21:05:34,PF2306,PF2306,7222.0,0.0,0.0,0.0,67,7220.0,7222.0,183,7224.0,7256.0,7278.0,7220.0,11729.0,84988334.0,57509
2023-05-10 21:05:35,PF2306,PF2306,7220.0,50.0,362300.0,-14.0,7,7220.0,7222.0,183,7224.0,7256.0,7278.0,7220.0,11779.0,85350634.0,57495
2023-05-10 21:05:35,PF2306,PF2306,7220.0,9.0,65214.0,-8.0,76,7218.0,7222.0,184,7224.0,7256.0,7278.0,7220.0,11788.0,85415848.0,57487
2023-05-10 21:05:36,PF2306,PF2306,7220.0,0.0,0.0,0.0,81,7218.0,7220.0,1,7224.0,7256.0,7278.0,7220.0,11788.0,85415848.0,57487
2023-05-10 21:05:36,PF2306,PF2306,7220.0,3.0,21738.0,3.0,6,7220.0,7222.0,185,7224.0,7256.0,7278.0,7220.0,11791.0,85437586.0,57490
2023-05-10 21:05:36,PF2306,PF2306,7220.0,6.0,43476.0,0.0,77,7218.0,7220.0,2,7224.0,7256.0,7278.0,7220.0,11797.0,85481062.0,57490
2023-05-10 21:05:37,PF2306,PF2306,7220.0,0.0,0.0,0.0,77,7218.0,7220.0,14,7224.0,7256.0,7278.0,7220.0,11797.0,85481062.0,57490
2023-05-10 21:05:37,PF2306,PF2306,7220.0,29.0,210134.0,-9.0,75,7218.0,7220.0,10,7224.0,7256.0,7278.0,7218.0,11826.0,85691196.0,57481
2023-05-10 21:05:38,PF2306,PF2306,7220.0,1.0,7246.0,0.0,75,7218.0,7220.0,70,7224.0,7256.0,7278.0,7218.0,11827.0,85698442.0,57481
2023-05-10 21:05:39,PF2306,PF2306,7218.0,21.0,152166.0,-1.0,55,7218.0,7220.0,122,7224.0,7256.0,7278.0,7218.0,11848.0,85850608.0,57480
2023-05-10 21:05:39,PF2306,PF2306,7220.0,1.0,7246.0,-1.0,54,7218.0,7220.0,150,7224.0,7256.0,7278.0,7218.0,11849.0,85857854.0,57479
2023-05-10 21:05:40,PF2306,PF2306,7220.0,0.0,0.0,0.0,54,7218.0,7220.0,151,7224.0,7256.0,7278.0,7218.0,11849.0,85857854.0,57479
2023-05-10 21:05:40,PF2306,PF2306,7220.0,1.0,7246.0,-1.0,59,7218.0,7220.0,158,7224.0,7256.0,7278.0,7218.0,11850.0,85865100.0,57478
2023-05-10 21:05:41,PF2306,PF2306,7220.0,2.0,14492.0,-2.0,57,7218.0,7220.0,161,7224.0,7256.0,7278.0,7218.0,11852.0,85879592.0,57476
2023-05-10 21:05:41,PF2306,PF2306,7218.0,1.0,7246.0,1.0,56,7218.0,7220.0,170,7224.0,7256.0,7278.0,7218.0,11853.0,85886838.0,57477
2023-05-10 21:05:42,PF2306,PF2306,7220.0,3.0,21738.0,-3.0,53,7218.0,7220.0,167,7224.0,7256.0,7278.0,7218.0,11856.0,85908576.0,57474
2023-05-10 21:05:42,PF2306,PF2306,7218.0,5.0,36230.0,5.0,51,7218.0,7220.0,167,7224.0,7256.0,7278.0,7218.0,11861.0,85944806.0,57479
2023-05-10 21:05:42,PF2306,PF2306,7220.0,1.0,7246.0,-1.0,50,7218.0,7220.0,168,7224.0,7256.0,7278.0,7218.0,11862.0,85952052.0,57478
2023-05-10 21:05:43,PF2306,PF2306,7220.0,0.0,0.0,0.0,50,7218.0,7220.0,173,7224.0,7256.0,7278.0,7218.0,11862.0,85952052.0,57478
2023-05-10 21:05:44,PF2306,PF2306,7218.0,1.0,7246.0,1.0,51,7218.0,7220.0,184,7224.0,7256.0,7278.0,7218.0,11863.0,85959298.0,57479
2023-05-10 21:05:44,PF2306,PF2306,7218.0,2.0,14492.0,2.0,54,7218.0,7220.0,183,7224.0,7256.0,7278.0,7218.0,11865.0,85973790.0,57481
2023-05-10 21:05:44,PF2306,PF2306,7220.0,18.0,130428.0,-11.0,44,7218.0,7220.0,166,7224.0,7256.0,7278.0,7218.0,11883.0,86104218.0,57470
2023-05-10 21:05:45,PF2306,PF2306,7220.0,0.0,0.0,0.0,44,7218.0,7220.0,172,7224.0,7256.0,7278.0,7218.0,11883.0,86104218.0,57470
2023-05-10 21:05:46,PF2306,PF2306,7220.0,2.0,14492.0,0.0,45,7218.0,7220.0,170,7224.0,7256.0,7278.0,7218.0,11885.0,86118710.0,57470
2023-05-10 21:05:46,PF2306,PF2306,7220.0,0.0,0.0,0.0,47,7218.0,7220.0,170,7224.0,7256.0,7278.0,7218.0,11885.0,86118710.0,57470
2023-05-10 21:05:47,PF2306,PF2306,7220.0,3.0,21738.0,0.0,50,7218.0,7220.0,167,7224.0,7256.0,7278.0,7218.0,11888.0,86140448.0,57470
2023-05-10 21:05:48,PF2306,PF2306,7220.0,34.0,246364.0,-14.0,37,7218.0,7220.0,154,7224.0,7256.0,7278.0,7218.0,11922.0,86386812.0,57456
2023-05-10 21:05:48,PF2306,PF2306,7220.0,0.0,0.0,0.0,39,7218.0,7220.0,154,7224.0,7256.0,7278.0,7218.0,11922.0,86386812.0,57456
2023-05-10 21:05:49,PF2306,PF2306,7220.0,0.0,0.0,0.0,39,7218.0,7220.0,153,7224.0,7256.0,7278.0,7218.0,11922.0,86386812.0,57456
2023-05-10 21:05:49,PF2306,PF2306,7220.0,0.0,0.0,0.0,40,7218.0,7220.0,153,7224.0,7256.0,7278.0,7218.0,11922.0,86386812.0,57456
2023-05-10 21:05:50,PF2306,PF2306,7220.0,0.0,0.0,0.0,41,7218.0,7220.0,153,7224.0,7256.0,7278.0,7218.0,11922.0,86386812.0,57456
2023-05-10 21:05:50,PF2306,PF2306,7220.0,0.0,0.0,0.0,43,7218.0,7220.0,153,7224.0,7256.0,7278.0,7218.0,11922.0,86386812.0,57456
2023-05-10 21:05:51,PF2306,PF2306,7220.0,0.0,0.0,0.0,44,7218.0,7220.0,153,7224.0,7256.0,7278.0,7218.0,11922.0,86386812.0,57456
2023-05-10 21:05:51,PF2306,PF2306,7220.0,0.0,0.0,0.0,45,7218.0,7220.0,153,7224.0,7256.0,7278.0,7218.0,11922.0,86386812.0,57456
2023-05-10 21:05:52,PF2306,PF2306,7220.0,153.0,1108638.0,-1.0,56,7218.0,7222.0,10,7224.0,7256.0,7278.0,7218.0,12075.0,87495450.0,57455
2023-05-10 21:05:52,PF2306,PF2306,7220.0,0.0,0.0,0.0,19,7220.0,7222.0,31,7224.0,7256.0,7278.0,7218.0,12075.0,87495450.0,57455
2023-05-10 21:05:53,PF2306,PF2306,7222.0,3.0,21738.0,2.0,15,7220.0,7222.0,28,7224.0,7256.0,7278.0,7218.0,12078.0,87517188.0,57457
2023-05-10 21:05:53,PF2306,PF2306,7222.0,0.0,0.0,0.0,17,7220.0,7222.0,28,7224.0,7256.0,7278.0,7218.0,12078.0,87517188.0,57457
2023-05-10 21:05:54,PF2306,PF2306,7220.0,1.0,7246.0,0.0,20,7220.0,7222.0,28,7224.0,7256.0,7278.0,7218.0,12079.0,87524434.0,57457
2023-05-10 21:05:55,PF2306,PF2306,7222.0,6.0,43476.0,5.0,37,7220.0,7222.0,18,7224.0,7256.0,7278.0,7218.0,12085.0,87567910.0,57462
2023-05-10 21:05:56,PF2306,PF2306,7224.0,19.0,137674.0,0.0,23,7222.0,7224.0,5,7224.0,7256.0,7278.0,7218.0,12104.0,87705584.0,57462
2023-05-10 21:05:56,PF2306,PF2306,7224.0,6.0,43476.0,-1.0,25,7222.0,7224.0,7,7224.0,7256.0,7278.0,7218.0,12110.0,87749060.0,57461
2023-05-10 21:05:57,PF2306,PF2306,7224.0,0.0,0.0,0.0,24,7222.0,7224.0,7,7224.0,7256.0,7278.0,7218.0,12110.0,87749060.0,57461
2023-05-10 21:05:57,PF2306,PF2306,7224.0,0.0,0.0,0.0,29,7222.0,7224.0,7,7224.0,7256.0,7278.0,7218.0,12110.0,87749060.0,57461
2023-05-10 21:05:58,PF2306,PF2306,7224.0,3.0,21738.0,-1.0,30,7222.0,7224.0,4,7224.0,7256.0,7278.0,7218.0,12113.0,87770798.0,57460
2023-05-10 21:05:58,PF2306,PF2306,7224.0,0.0,0.0,0.0,25,7222.0,7224.0,5,7224.0,7256.0,7278.0,7218.0,12113.0,87770798.0,57460
2023-05-10 21:05:59,PF2306,PF2306,7224.0,4.0,28984.0,0.0,25,7222.0,7224.0,7,7224.0,7256.0,7278.0,7218.0,12117.0,87799782.0,57460
2023-05-10 21:05:59,PF2306,PF2306,7224.0,7.0,50722.0,0.0,1,7224.0,7226.0,24,7224.0,7256.0,7278.0,7218.0,12124.0,87850504.0,57460
2023-05-10 21:06:00,PF2306,PF2306,7224.0,0.0,0.0,0.0,18,7224.0,7226.0,57,7224.0,7256.0,7278.0,7218.0,12124.0,87850504.0,57460
2023-05-10 21:06:01,PF2306,PF2306,7226.0,10.0,72460.0,5.0,16,7224.0,7226.0,51,7224.0,7256.0,7278.0,7218.0,12134.0,87922964.0,57465
2023-05-10 21:06:01,PF2306,PF2306,7226.0,0.0,0.0,0.0,21,7224.0,7226.0,51,7224.0,7256.0,7278.0,7218.0,12134.0,87922964.0,57465
2023-05-10 21:06:02,PF2306,PF2306,7224.0,1.0,7246.0,1.0,26,7224.0,7226.0,71,7224.0,7256.0,7278.0,7218.0,12135.0,87930210.0,57466
2023-05-10 21:06:02,PF2306,PF2306,7226.0,31.0,224626.0,-6.0,20,7224.0,7226.0,36,7224.0,7256.0,7278.0,7218.0,12166.0,88154836.0,57460
2023-05-10 21:06:03,PF2306,PF2306,7226.0,36.0,260856.0,0.0,2,7226.0,7228.0,13,7224.0,7256.0,7278.0,7218.0,12202.0,88415692.0,57460
2023-05-10 21:06:03,PF2306,PF2306,7226.0,0.0,0.0,0.0,22,7226.0,7228.0,41,7224.0,7256.0,7278.0,7218.0,12202.0,88415692.0,57460
2023-05-10 21:06:03,PF2306,PF2306,7226.0,0.0,0.0,0.0,22,7226.0,7228.0,42,7224.0,7256.0,7278.0,7218.0,12202.0,88415692.0,57460
2023-05-10 21:06:04,PF2306,PF2306,7226.0,1.0,7246.0,0.0,26,7226.0,7228.0,42,7224.0,7256.0,7278.0,7218.0,12203.0,88422938.0,57460
2023-05-10 21:06:05,PF2306,PF2306,7228.0,2.0,14492.0,2.0,28,7226.0,7228.0,39,7224.0,7256.0,7278.0,7218.0,12205.0,88437430.0,57462
2023-05-10 21:06:05,PF2306,PF2306,7228.0,0.0,0.0,0.0,29,7226.0,7228.0,39,7224.0,7256.0,7278.0,7218.0,12205.0,88437430.0,57462
2023-05-10 21:06:05,PF2306,PF2306,7228.0,0.0,0.0,0.0,29,7226.0,7228.0,40,7224.0,7256.0,7278.0,7218.0,12205.0,88437430.0,57462
2023-05-10 21:06:06,PF2306,PF2306,7228.0,39.0,282594.0,-7.0,1,7228.0,7230.0,15,7224.0,7256.0,7278.0,7218.0,12244.0,88720024.0,57455
2023-05-10 21:06:07,PF2306,PF2306,7228.0,0.0,0.0,0.0,29,7228.0,7230.0,21,7224.0,7256.0,7278.0,7218.0,12244.0,88720024.0,57455
2023-05-10 21:06:07,PF2306,PF2306,7226.0,28.0,202888.0,-3.0,18,7226.0,7230.0,18,7224.0,7256.0,7278.0,7218.0,12272.0,88922912.0,57452
2023-05-10 21:06:07,PF2306,PF2306,7226.0,1.0,7246.0,-1.0,14,7226.0,7228.0,10,7224.0,7256.0,7278.0,7218.0,12273.0,88930158.0,57451
2023-05-10 21:06:08,PF2306,PF2306,7226.0,0.0,0.0,0.0,14,7226.0,7228.0,21,7224.0,7256.0,7278.0,7218.0,12273.0,88930158.0,57451
2023-05-10 21:06:08,PF2306,PF2306,7226.0,0.0,0.0,0.0,20,7226.0,7228.0,24,7224.0,7256.0,7278.0,7218.0,12273.0,88930158.0,57451
2023-05-10 21:06:10,PF2306,PF2306,7228.0,26.0,188396.0,-19.0,92,7228.0,7230.0,13,7224.0,7256.0,7278.0,7218.0,12299.0,89118554.0,57432
2023-05-10 21:06:10,PF2306,PF2306,7228.0,0.0,0.0,0.0,103,7228.0,7230.0,18,7224.0,7256.0,7278.0,7218.0,12299.0,89118554.0,57432
2023-05-10 21:06:11,PF2306,PF2306,7230.0,4.0,28984.0,0.0,103,7228.0,7230.0,14,7224.0,7256.0,7278.0,7218.0,12303.0,89147538.0,57432
2023-05-10 21:06:11,PF2306,PF2306,7230.0,1.0,7246.0,0.0,111,7228.0,7230.0,15,7224.0,7256.0,7278.0,7218.0,12304.0,89154784.0,57432
2023-05-10 21:06:12,PF2306,PF2306,7230.0,2.0,14492.0,2.0,105,7228.0,7230.0,15,7224.0,7256.0,7278.0,7218.0,12306.0,89169276.0,57434
2023-05-10 21:06:12,PF2306,PF2306,7230.0,4.0,28984.0,4.0,108,7228.0,7230.0,15,7224.0,7256.0,7278.0,7218.0,12310.0,89198260.0,57438
2023-05-10 21:06:13,PF2306,PF2306,7230.0,0.0,0.0,0.0,110,7228.0,7230.0,18,7224.0,7256.0,7278.0,7218.0,12310.0,89198260.0,57438
2023-05-10 21:06:13,PF2306,PF2306,7228.0,4.0,28984.0,0.0,104,7228.0,7230.0,20,7224.0,7256.0,7278.0,7218.0,12314.0,89227244.0,57438
2023-05-10 21:06:14,PF2306,PF2306,7228.0,0.0,0.0,0.0,104,7228.0,7230.0,29,7224.0,7256.0,7278.0,7218.0,12314.0,89227244.0,57438
2023-05-10 21:06:14,PF2306,PF2306,7228.0,2.0,14492.0,0.0,110,7228.0,7230.0,29,7224.0,7256.0,7278.0,7218.0,12316.0,89241736.0,57438
2023-05-10 21:06:15,PF2306,PF2306,7230.0,11.0,79706.0,5.0,110,7228.0,7230.0,22,7224.0,7256.0,7278.0,7218.0,12327.0,89321442.0,57443
2023-05-10 21:06:15,PF2306,PF2306,7228.0,1.0,7246.0,0.0,109,7228.0,7230.0,22,7224.0,7256.0,7278.0,7218.0,12328.0,89328688.0,57443
2023-05-10 21:06:15,PF2306,PF2306,7230.0,21.0,152166.0,-14.0,109,7228.0,7230.0,4,7224.0,7256.0,7278.0,7218.0,12349.0,89480854.0,57429
2023-05-10 21:06:16,PF2306,PF2306,7230.0,8.0,57968.0,2.0,109,7228.0,7230.0,1,7224.0,7256.0,7278.0,7218.0,12357.0,89538822.0,57431
2023-05-10 21:06:17,PF2306,PF2306,7230.0,0.0,0.0,0.0,109,7228.0,7230.0,6,7224.0,7256.0,7278.0,7218.0,12357.0,89538822.0,57431
2023-05-10 21:06:19,PF2306,PF2306,7230.0,8.0,57968.0,1.0,119,7228.0,7230.0,2,7224.0,7256.0,7278.0,7218.0,12365.0,89596790.0,57432
2023-05-10 21:06:19,PF2306,PF2306,7228.0,1.0,7246.0,-1.0,121,7228.0,7230.0,8,7224.0,7256.0,7278.0,7218.0,12366.0,89604036.0,57431
2023-05-10 21:06:20,PF2306,PF2306,7228.0,1.0,7246.0,-1.0,120,7228.0,7230.0,6,7224.0,7256.0,7278.0,7218.0,12367.0,89611282.0,57430
2023-05-10 21:06:20,PF2306,PF2306,7230.0,4.0,28984.0,0.0,114,7228.0,7230.0,3,7224.0,7256.0,7278.0,7218.0,12371.0,89640266.0,57430
2023-05-10 21:06:21,PF2306,PF2306,7230.0,0.0,0.0,0.0,114,7228.0,7230.0,15,7224.0,7256.0,7278.0,7218.0,12371.0,89640266.0,57430
2023-05-10 21:06:21,PF2306,PF2306,7228.0,114.0,801074.0,-110.0,21,7226.0,7230.0,18,7224.0,7256.0,7278.0,7218.0,12485.0,90441340.0,57320
2023-05-10 21:06:21,PF2306,PF2306,7228.0,0.0,0.0,0.0,22,7226.0,7228.0,2,7224.0,7256.0,7278.0,7218.0,12485.0,90441340.0,57320
2023-05-10 21:06:22,PF2306,PF2306,7230.0,3.0,21732.0,1.0,30,7226.0,7230.0,19,7224.0,7256.0,7278.0,7218.0,12488.0,90463072.0,57321
2023-05-10 21:06:23,PF2306,PF2306,7230.0,0.0,0.0,0.0,1,7228.0,7230.0,18,7224.0,7256.0,7278.0,7218.0,12488.0,90463072.0,57321
2023-05-10 21:06:23,PF2306,PF2306,7228.0,2.0,14488.0,-2.0,30,7226.0,7230.0,20,7224.0,7256.0,7278.0,7218.0,12490.0,90477560.0,57319
2023-05-10 21:06:24,PF2306,PF2306,7228.0,0.0,0.0,0.0,1,7228.0,7230.0,20,7224.0,7256.0,7278.0,7218.0,12490.0,90477560.0,57319
2023-05-10 21:06:25,PF2306,PF2306,7228.0,1.0,7244.0,-1.0,12,7228.0,7230.0,21,7224.0,7256.0,7278.0,7218.0,12491.0,90484804.0,57318
2023-05-10 21:06:25,PF2306,PF2306,7228.0,0.0,0.0,0.0,16,7228.0,7230.0,21,7224.0,7256.0,7278.0,7218.0,12491.0,90484804.0,57318
2023-05-10 21:06:25,PF2306,PF2306,7228.0,2.0,14488.0,1.0,14,7228.0,7230.0,21,7224.0,7256.0,7278.0,7218.0,12493.0,90499292.0,57319
2023-05-10 21:06:26,PF2306,PF2306,7230.0,134.0,970696.0,-34.0,116,7230.0,7232.0,17,7224.0,7256.0,7278.0,7218.0,12627.0,91469988.0,57285
2023-05-10 21:06:27,PF2306,PF2306,7230.0,6.0,43464.0,2.0,119,7230.0,7232.0,15,7224.0,7256.0,7278.0,7218.0,12633.0,91513452.0,57287
2023-05-10 21:06:27,PF2306,PF2306,7230.0,0.0,0.0,0.0,121,7230.0,7232.0,14,7224.0,7256.0,7278.0,7218.0,12633.0,91513452.0,57287
2023-05-10 21:06:27,PF2306,PF2306,7230.0,0.0,0.0,0.0,121,7230.0,7232.0,15,7224.0,7256.0,7278.0,7218.0,12633.0,91513452.0,57287
2023-05-10 21:06:28,PF2306,PF2306,7230.0,10.0,72440.0,0.0,111,7230.0,7232.0,16,7224.0,7256.0,7278.0,7218.0,12643.0,91585892.0,57287
2023-05-10 21:06:29,PF2306,PF2306,7232.0,4.0,28976.0,3.0,115,7230.0,7232.0,14,7224.0,7256.0,7278.0,7218.0,12647.0,91614868.0,57290
2023-05-10 21:06:29,PF2306,PF2306,7232.0,0.0,0.0,0.0,120,7230.0,7232.0,14,7224.0,7256.0,7278.0,7218.0,12647.0,91614868.0,57290
2023-05-10 21:06:29,PF2306,PF2306,7232.0,0.0,0.0,0.0,120,7230.0,7232.0,16,7224.0,7256.0,7278.0,7218.0,12647.0,91614868.0,57290
2023-05-10 21:06:31,PF2306,PF2306,7232.0,0.0,0.0,0.0,120,7230.0,7232.0,17,7224.0,7256.0,7278.0,7218.0,12647.0,91614868.0,57290
2023-05-10 21:06:32,PF2306,PF2306,7230.0,129.0,934476.0,-108.0,12,7228.0,7230.0,1,7224.0,7256.0,7278.0,7218.0,12776.0,92549344.0,57182
2023-05-10 21:06:32,PF2306,PF2306,7230.0,5.0,36220.0,5.0,17,7228.0,7232.0,18,7224.0,7256.0,7278.0,7218.0,12781.0,92585564.0,57187
2023-05-10 21:06:33,PF2306,PF2306,7230.0,0.0,0.0,0.0,16,7228.0,7232.0,19,7224.0,7256.0,7278.0,7218.0,12781.0,92585564.0,57187
2023-05-10 21:06:33,PF2306,PF2306,7232.0,6.0,43464.0,1.0,2,7230.0,7232.0,18,7224.0,7256.0,7278.0,7218.0,12787.0,92629028.0,57188
2023-05-10 21:06:34,PF2306,PF2306,7232.0,1.0,7244.0,1.0,4,7230.0,7232.0,18,7224.0,7256.0,7278.0,7218.0,12788.0,92636272.0,57189
2023-05-10 21:06:35,PF2306,PF2306,7232.0,0.0,0.0,0.0,6,7230.0,7232.0,17,7224.0,7256.0,7278.0,7218.0,12788.0,92636272.0,57189
2023-05-10 21:06:35,PF2306,PF2306,7232.0,0.0,0.0,0.0,9,7230.0,7232.0,18,7224.0,7256.0,7278.0,7218.0,12788.0,92636272.0,57189
2023-05-10 21:06:35,PF2306,PF2306,7232.0,0.0,0.0,0.0,8,7230.0,7232.0,20,7224.0,7256.0,7278.0,7218.0,12788.0,92636272.0,57189
