time,symbol_id,symbol_name,last,trade_volume,trade_amount,open_interest_change,bv1,bp1,ap1,av1,yesterday_close,today_open,today_high,today_low,volume,amount,open_interest
2023-05-11 09:29:00,HO2312-C-2300,HO2312-C-2300,372.0,0.0,0.0,0.0,1,327.2,421.6,1,372.0,369.8,0.0,0.0,0.0,0.0,169
2023-05-11 09:30:00,HO2312-C-2300,HO2312-C-2300,372.0,0.0,0.0,0.0,1,328.2,421.2,1,372.0,369.8,0.0,0.0,0.0,0.0,169
2023-05-11 09:30:01,HO2312-C-2300,HO2312-C-2300,372.0,0.0,0.0,0.0,1,338.4,413.4,1,372.0,369.8,0.0,0.0,0.0,0.0,169
2023-05-11 09:30:09,HO2312-C-2300,HO2312-C-2300,372.0,0.0,0.0,0.0,1,346.4,405.4,1,372.0,369.8,0.0,0.0,0.0,0.0,169
2023-05-11 09:30:21,HO2312-C-2300,HO2312-C-2300,372.0,0.0,0.0,0.0,6,363.0,388.0,6,372.0,369.8,0.0,0.0,0.0,0.0,169
2023-05-11 09:30:22,HO2312-C-2300,HO2312-C-2300,372.0,0.0,0.0,0.0,6,363.0,380.2,1,372.0,369.8,0.0,0.0,0.0,0.0,169
2023-05-11 09:30:26,HO2312-C-2300,HO2312-C-2300,372.0,0.0,0.0,0.0,6,368.8,379.6,6,372.0,369.8,0.0,0.0,0.0,0.0,169
2023-05-11 09:30:26,HO2312-C-2300,HO2312-C-2300,372.0,0.0,0.0,0.0,6,369.0,379.4,6,372.0,369.8,0.0,0.0,0.0,0.0,169
2023-05-11 09:30:32,HO2312-C-2300,HO2312-C-2300,372.0,0.0,0.0,0.0,6,369.0,378.4,6,372.0,369.8,0.0,0.0,0.0,0.0,169
2023-05-11 09:30:33,HO2312-C-2300,HO2312-C-2300,372.0,0.0,0.0,0.0,6,369.0,378.2,6,372.0,369.8,0.0,0.0,0.0,0.0,169
2023-05-11 09:30:41,HO2312-C-2300,HO2312-C-2300,372.0,0.0,0.0,0.0,6,369.0,377.0,6,372.0,369.8,0.0,0.0,0.0,0.0,169
2023-05-11 09:30:42,HO2312-C-2300,HO2312-C-2300,372.0,0.0,0.0,0.0,6,369.0,376.8,6,372.0,369.8,0.0,0.0,0.0,0.0,169
2023-05-11 09:30:48,HO2312-C-2300,HO2312-C-2300,372.0,0.0,0.0,0.0,6,369.0,377.8,6,372.0,369.8,0.0,0.0,0.0,0.0,169
2023-05-11 09:30:49,HO2312-C-2300,HO2312-C-2300,372.0,0.0,0.0,0.0,6,369.0,378.2,6,372.0,369.8,0.0,0.0,0.0,0.0,169
2023-05-11 09:31:21,HO2312-C-2300,HO2312-C-2300,372.0,0.0,0.0,0.0,6,369.0,377.8,1,372.0,369.8,0.0,0.0,0.0,0.0,169
2023-05-11 09:31:22,HO2312-C-2300,HO2312-C-2300,372.0,0.0,0.0,0.0,6,369.0,377.6,6,372.0,369.8,0.0,0.0,0.0,0.0,169
2023-05-11 09:31:22,HO2312-C-2300,HO2312-C-2300,372.0,0.0,0.0,0.0,6,369.0,376.8,6,372.0,369.8,0.0,0.0,0.0,0.0,169
2023-05-11 09:31:24,HO2312-C-2300,HO2312-C-2300,372.0,0.0,0.0,0.0,6,369.0,376.6,6,372.0,369.8,0.0,0.0,0.0,0.0,169
2023-05-11 09:31:47,HO2312-C-2300,HO2312-C-2300,372.0,0.0,0.0,0.0,6,369.0,377.0,12,372.0,369.8,0.0,0.0,0.0,0.0,169
2023-05-11 09:31:47,HO2312-C-2300,HO2312-C-2300,372.0,0.0,0.0,0.0,6,369.0,377.6,12,372.0,369.8,0.0,0.0,0.0,0.0,169
2023-05-11 09:31:48,HO2312-C-2300,HO2312-C-2300,372.0,0.0,0.0,0.0,6,369.0,377.8,6,372.0,369.8,0.0,0.0,0.0,0.0,169
2023-05-11 09:31:48,HO2312-C-2300,HO2312-C-2300,372.0,0.0,0.0,0.0,6,369.0,377.6,1,372.0,369.8,0.0,0.0,0.0,0.0,169
2023-05-11 09:31:49,HO2312-C-2300,HO2312-C-2300,372.0,0.0,0.0,0.0,6,369.0,377.6,7,372.0,369.8,0.0,0.0,0.0,0.0,169
2023-05-11 09:31:52,HO2312-C-2300,HO2312-C-2300,372.0,0.0,0.0,0.0,6,369.0,376.8,6,372.0,369.8,0.0,0.0,0.0,0.0,169
2023-05-11 09:31:53,HO2312-C-2300,HO2312-C-2300,372.0,0.0,0.0,0.0,6,369.0,376.6,6,372.0,369.8,0.0,0.0,0.0,0.0,169
2023-05-11 09:32:01,HO2312-C-2300,HO2312-C-2300,372.0,0.0,0.0,0.0,6,369.0,376.8,12,372.0,369.8,0.0,0.0,0.0,0.0,169
2023-05-11 09:32:01,HO2312-C-2300,HO2312-C-2300,372.0,0.0,0.0,0.0,6,369.0,377.6,19,372.0,369.8,0.0,0.0,0.0,0.0,169
2023-05-11 09:32:02,HO2312-C-2300,HO2312-C-2300,372.0,0.0,0.0,0.0,6,369.0,377.6,7,372.0,369.8,0.0,0.0,0.0,0.0,169
2023-05-11 09:32:02,HO2312-C-2300,HO2312-C-2300,372.0,0.0,0.0,0.0,6,369.0,377.4,6,372.0,369.8,0.0,0.0,0.0,0.0,169
2023-05-11 09:32:17,HO2312-C-2300,HO2312-C-2300,372.0,0.0,0.0,0.0,6,369.0,378.2,6,372.0,369.8,0.0,0.0,0.0,0.0,169
2023-05-11 09:32:46,HO2312-C-2300,HO2312-C-2300,372.0,0.0,0.0,0.0,6,369.4,378.2,6,372.0,369.8,0.0,0.0,0.0,0.0,169
2023-05-11 09:32:46,HO2312-C-2300,HO2312-C-2300,372.0,0.0,0.0,0.0,6,369.6,378.2,6,372.0,369.8,0.0,0.0,0.0,0.0,169
2023-05-11 09:32:50,HO2312-C-2300,HO2312-C-2300,372.0,0.0,0.0,0.0,6,369.6,379.0,6,372.0,369.8,0.0,0.0,0.0,0.0,169
2023-05-11 09:33:49,HO2312-C-2300,HO2312-C-2300,372.0,0.0,0.0,0.0,6,370.4,378.2,6,372.0,369.8,0.0,0.0,0.0,0.0,169
2023-05-11 09:33:50,HO2312-C-2300,HO2312-C-2300,372.0,0.0,0.0,0.0,6,370.6,378.2,12,372.0,369.8,0.0,0.0,0.0,0.0,169
2023-05-11 09:33:54,HO2312-C-2300,HO2312-C-2300,372.0,0.0,0.0,0.0,7,370.6,378.2,12,372.0,369.8,0.0,0.0,0.0,0.0,169
2023-05-11 09:33:56,HO2312-C-2300,HO2312-C-2300,372.0,0.0,0.0,0.0,6,371.4,378.2,6,372.0,369.8,0.0,0.0,0.0,0.0,169
2023-05-11 09:33:56,HO2312-C-2300,HO2312-C-2300,372.0,0.0,0.0,0.0,6,371.6,379.0,6,372.0,369.8,0.0,0.0,0.0,0.0,169
2023-05-11 09:34:05,HO2312-C-2300,HO2312-C-2300,372.0,0.0,0.0,0.0,6,371.6,378.2,6,372.0,369.8,0.0,0.0,0.0,0.0,169
2023-05-11 09:34:06,HO2312-C-2300,HO2312-C-2300,372.0,0.0,0.0,0.0,6,370.8,378.2,6,372.0,369.8,0.0,0.0,0.0,0.0,169
2023-05-11 09:34:21,HO2312-C-2300,HO2312-C-2300,372.0,0.0,0.0,0.0,6,371.6,378.6,6,372.0,369.8,0.0,0.0,0.0,0.0,169
2023-05-11 09:34:21,HO2312-C-2300,HO2312-C-2300,372.0,0.0,0.0,0.0,6,371.8,379.2,18,372.0,369.8,0.0,0.0,0.0,0.0,169
2023-05-11 09:34:22,HO2312-C-2300,HO2312-C-2300,372.0,0.0,0.0,0.0,6,371.8,379.2,12,372.0,369.8,0.0,0.0,0.0,0.0,169
2023-05-11 09:34:23,HO2312-C-2300,HO2312-C-2300,372.0,0.0,0.0,0.0,6,371.8,379.2,6,372.0,369.8,0.0,0.0,0.0,0.0,169
2023-05-11 09:34:33,HO2312-C-2300,HO2312-C-2300,372.0,0.0,0.0,0.0,6,371.8,378.0,6,372.0,369.8,0.0,0.0,0.0,0.0,169
2023-05-11 09:34:34,HO2312-C-2300,HO2312-C-2300,372.0,0.0,0.0,0.0,12,371.6,378.0,6,372.0,369.8,0.0,0.0,0.0,0.0,169
2023-05-11 09:34:34,HO2312-C-2300,HO2312-C-2300,372.0,0.0,0.0,0.0,6,371.6,378.0,6,372.0,369.8,0.0,0.0,0.0,0.0,169
2023-05-11 09:34:35,HO2312-C-2300,HO2312-C-2300,372.0,0.0,0.0,0.0,18,371.0,378.0,6,372.0,369.8,0.0,0.0,0.0,0.0,169
2023-05-11 09:34:37,HO2312-C-2300,HO2312-C-2300,372.0,0.0,0.0,0.0,12,371.0,378.0,6,372.0,369.8,0.0,0.0,0.0,0.0,169
2023-05-11 09:34:38,HO2312-C-2300,HO2312-C-2300,372.0,0.0,0.0,0.0,6,371.0,378.0,6,372.0,369.8,0.0,0.0,0.0,0.0,169
2023-05-11 09:34:38,HO2312-C-2300,HO2312-C-2300,372.0,0.0,0.0,0.0,6,371.0,377.0,6,372.0,369.8,0.0,0.0,0.0,0.0,169
2023-05-11 09:34:43,HO2312-C-2300,HO2312-C-2300,372.0,0.0,0.0,0.0,18,370.6,377.0,6,372.0,369.8,0.0,0.0,0.0,0.0,169
2023-05-11 09:34:44,HO2312-C-2300,HO2312-C-2300,372.0,0.0,0.0,0.0,12,370.6,377.0,6,372.0,369.8,0.0,0.0,0.0,0.0,169
2023-05-11 09:34:44,HO2312-C-2300,HO2312-C-2300,372.0,0.0,0.0,0.0,6,370.6,377.0,6,372.0,369.8,0.0,0.0,0.0,0.0,169
2023-05-11 09:34:45,HO2312-C-2300,HO2312-C-2300,372.0,0.0,0.0,0.0,6,370.2,377.0,6,372.0,369.8,0.0,0.0,0.0,0.0,169
2023-05-11 09:34:45,HO2312-C-2300,HO2312-C-2300,372.0,0.0,0.0,0.0,18,370.0,377.0,6,372.0,369.8,0.0,0.0,0.0,0.0,169
2023-05-11 09:34:51,HO2312-C-2300,HO2312-C-2300,372.0,0.0,0.0,0.0,6,370.6,377.2,12,372.0,369.8,0.0,0.0,0.0,0.0,169
2023-05-11 09:34:52,HO2312-C-2300,HO2312-C-2300,372.0,0.0,0.0,0.0,6,370.6,377.2,6,372.0,369.8,0.0,0.0,0.0,0.0,169
2023-05-11 09:34:52,HO2312-C-2300,HO2312-C-2300,372.0,0.0,0.0,0.0,6,370.6,378.0,12,372.0,369.8,0.0,0.0,0.0,0.0,169
2023-05-11 09:34:53,HO2312-C-2300,HO2312-C-2300,372.0,0.0,0.0,0.0,6,370.6,378.2,30,372.0,369.8,0.0,0.0,0.0,0.0,169
2023-05-11 09:34:53,HO2312-C-2300,HO2312-C-2300,372.0,0.0,0.0,0.0,6,370.6,378.2,24,372.0,369.8,0.0,0.0,0.0,0.0,169
2023-05-11 09:34:55,HO2312-C-2300,HO2312-C-2300,372.0,0.0,0.0,0.0,12,370.2,377.4,6,372.0,369.8,0.0,0.0,0.0,0.0,169
2023-05-11 09:34:55,HO2312-C-2300,HO2312-C-2300,372.0,0.0,0.0,0.0,6,370.2,377.4,6,372.0,369.8,0.0,0.0,0.0,0.0,169
2023-05-11 09:35:02,HO2312-C-2300,HO2312-C-2300,372.0,0.0,0.0,0.0,6,370.2,377.2,6,372.0,369.8,0.0,0.0,0.0,0.0,169
2023-05-11 09:35:06,HO2312-C-2300,HO2312-C-2300,372.0,0.0,0.0,0.0,6,370.2,376.4,6,372.0,369.8,0.0,0.0,0.0,0.0,169
2023-05-11 09:35:12,HO2312-C-2300,HO2312-C-2300,372.0,0.0,0.0,0.0,6,370.2,377.2,6,372.0,369.8,0.0,0.0,0.0,0.0,169
2023-05-11 09:35:19,HO2312-C-2300,HO2312-C-2300,372.0,0.0,0.0,0.0,6,370.2,377.4,6,372.0,369.8,0.0,0.0,0.0,0.0,169
2023-05-11 09:35:19,HO2312-C-2300,HO2312-C-2300,372.0,0.0,0.0,0.0,6,370.2,377.6,6,372.0,369.8,0.0,0.0,0.0,0.0,169
2023-05-11 09:35:21,HO2312-C-2300,HO2312-C-2300,372.0,0.0,0.0,0.0,6,370.2,377.4,6,372.0,369.8,0.0,0.0,0.0,0.0,169
2023-05-11 09:35:28,HO2312-C-2300,HO2312-C-2300,372.0,0.0,0.0,0.0,6,370.2,377.6,6,372.0,369.8,0.0,0.0,0.0,0.0,169
2023-05-11 09:35:30,HO2312-C-2300,HO2312-C-2300,372.0,0.0,0.0,0.0,6,370.8,378.2,18,372.0,369.8,0.0,0.0,0.0,0.0,169
2023-05-11 09:35:30,HO2312-C-2300,HO2312-C-2300,372.0,0.0,0.0,0.0,6,370.8,378.2,12,372.0,369.8,0.0,0.0,0.0,0.0,169
2023-05-11 09:35:31,HO2312-C-2300,HO2312-C-2300,372.0,0.0,0.0,0.0,6,370.8,378.4,24,372.0,369.8,0.0,0.0,0.0,0.0,169
2023-05-11 09:35:35,HO2312-C-2300,HO2312-C-2300,372.0,0.0,0.0,0.0,6,371.0,378.4,18,372.0,369.8,0.0,0.0,0.0,0.0,169
2023-05-11 09:35:36,HO2312-C-2300,HO2312-C-2300,372.0,0.0,0.0,0.0,6,371.0,378.4,12,372.0,369.8,0.0,0.0,0.0,0.0,169
2023-05-11 09:35:36,HO2312-C-2300,HO2312-C-2300,372.0,0.0,0.0,0.0,6,371.0,378.4,6,372.0,369.8,0.0,0.0,0.0,0.0,169
2023-05-11 09:35:38,HO2312-C-2300,HO2312-C-2300,372.0,0.0,0.0,0.0,18,370.8,378.2,6,372.0,369.8,0.0,0.0,0.0,0.0,169
2023-05-11 09:36:02,HO2312-C-2300,HO2312-C-2300,372.0,0.0,0.0,0.0,6,371.0,378.4,12,372.0,369.8,0.0,0.0,0.0,0.0,169
2023-05-11 09:36:02,HO2312-C-2300,HO2312-C-2300,372.0,0.0,0.0,0.0,6,371.0,378.4,6,372.0,369.8,0.0,0.0,0.0,0.0,169
2023-05-11 09:36:12,HO2312-C-2300,HO2312-C-2300,372.0,0.0,0.0,0.0,24,370.8,378.2,6,372.0,369.8,0.0,0.0,0.0,0.0,169
2023-05-11 09:36:12,HO2312-C-2300,HO2312-C-2300,372.0,0.0,0.0,0.0,18,370.8,377.4,6,372.0,369.8,0.0,0.0,0.0,0.0,169
2023-05-11 09:36:17,HO2312-C-2300,HO2312-C-2300,372.0,0.0,0.0,0.0,12,370.8,376.4,6,372.0,369.8,0.0,0.0,0.0,0.0,169
2023-05-11 09:36:18,HO2312-C-2300,HO2312-C-2300,372.0,0.0,0.0,0.0,18,370.0,376.4,6,372.0,369.8,0.0,0.0,0.0,0.0,169
2023-05-11 09:36:32,HO2312-C-2300,HO2312-C-2300,372.0,0.0,0.0,0.0,18,370.0,377.2,24,372.0,369.8,0.0,0.0,0.0,0.0,169
2023-05-11 09:36:44,HO2312-C-2300,HO2312-C-2300,372.0,0.0,0.0,0.0,6,370.2,377.2,12,372.0,369.8,0.0,0.0,0.0,0.0,169
2023-05-11 09:36:45,HO2312-C-2300,HO2312-C-2300,372.0,0.0,0.0,0.0,6,370.2,377.2,6,372.0,369.8,0.0,0.0,0.0,0.0,169
2023-05-11 09:37:00,HO2312-C-2300,HO2312-C-2300,372.0,0.0,0.0,0.0,24,370.0,377.2,12,372.0,369.8,0.0,0.0,0.0,0.0,169
2023-05-11 09:37:01,HO2312-C-2300,HO2312-C-2300,372.0,0.0,0.0,0.0,24,370.0,376.4,6,372.0,369.8,0.0,0.0,0.0,0.0,169
2023-05-11 09:37:12,HO2312-C-2300,HO2312-C-2300,372.0,0.0,0.0,0.0,12,370.0,375.2,6,372.0,369.8,0.0,0.0,0.0,0.0,169
2023-05-11 09:37:12,HO2312-C-2300,HO2312-C-2300,372.0,0.0,0.0,0.0,6,370.0,375.2,6,372.0,369.8,0.0,0.0,0.0,0.0,169
2023-05-11 09:37:21,HO2312-C-2300,HO2312-C-2300,372.0,0.0,0.0,0.0,6,370.0,376.0,6,372.0,369.8,0.0,0.0,0.0,0.0,169
2023-05-11 09:37:22,HO2312-C-2300,HO2312-C-2300,372.0,0.0,0.0,0.0,6,370.2,376.0,6,372.0,369.8,0.0,0.0,0.0,0.0,169
2023-05-11 09:37:22,HO2312-C-2300,HO2312-C-2300,372.0,0.0,0.0,0.0,6,370.2,377.0,12,372.0,369.8,0.0,0.0,0.0,0.0,169
2023-05-11 09:37:23,HO2312-C-2300,HO2312-C-2300,372.0,0.0,0.0,0.0,6,370.2,377.0,6,372.0,369.8,0.0,0.0,0.0,0.0,169
2023-05-11 09:37:29,HO2312-C-2300,HO2312-C-2300,372.0,0.0,0.0,0.0,6,370.2,376.0,6,372.0,369.8,0.0,0.0,0.0,0.0,169
2023-05-11 09:37:30,HO2312-C-2300,HO2312-C-2300,372.0,0.0,0.0,0.0,6,370.0,376.0,6,372.0,369.8,0.0,0.0,0.0,0.0,169
2023-05-11 09:37:50,HO2312-C-2300,HO2312-C-2300,372.0,0.0,0.0,0.0,6,370.2,376.0,6,372.0,369.8,0.0,0.0,0.0,0.0,169
2023-05-11 09:37:51,HO2312-C-2300,HO2312-C-2300,372.0,0.0,0.0,0.0,6,370.2,377.0,6,372.0,369.8,0.0,0.0,0.0,0.0,169
2023-05-11 09:38:14,HO2312-C-2300,HO2312-C-2300,372.0,0.0,0.0,0.0,6,370.0,375.8,6,372.0,369.8,0.0,0.0,0.0,0.0,169
2023-05-11 09:38:35,HO2312-C-2300,HO2312-C-2300,372.0,0.0,0.0,0.0,6,370.0,376.6,6,372.0,369.8,0.0,0.0,0.0,0.0,169
2023-05-11 09:38:42,HO2312-C-2300,HO2312-C-2300,372.0,0.0,0.0,0.0,6,370.2,376.6,6,372.0,369.8,0.0,0.0,0.0,0.0,169
2023-05-11 09:38:57,HO2312-C-2300,HO2312-C-2300,372.0,0.0,0.0,0.0,6,370.2,377.2,12,372.0,369.8,0.0,0.0,0.0,0.0,169
2023-05-11 09:38:58,HO2312-C-2300,HO2312-C-2300,372.0,0.0,0.0,0.0,6,370.2,377.4,30,372.0,369.8,0.0,0.0,0.0,0.0,169
2023-05-11 09:38:58,HO2312-C-2300,HO2312-C-2300,372.0,0.0,0.0,0.0,6,370.2,377.4,24,372.0,369.8,0.0,0.0,0.0,0.0,169
2023-05-11 09:39:11,HO2312-C-2300,HO2312-C-2300,372.0,0.0,0.0,0.0,6,370.2,376.2,6,372.0,369.8,0.0,0.0,0.0,0.0,169
2023-05-11 09:39:12,HO2312-C-2300,HO2312-C-2300,372.0,0.0,0.0,0.0,12,370.0,376.0,6,372.0,369.8,0.0,0.0,0.0,0.0,169
2023-05-11 09:39:12,HO2312-C-2300,HO2312-C-2300,372.0,0.0,0.0,0.0,6,370.0,376.0,6,372.0,369.8,0.0,0.0,0.0,0.0,169
2023-05-11 09:39:26,HO2312-C-2300,HO2312-C-2300,372.0,0.0,0.0,0.0,6,370.0,376.2,18,372.0,369.8,0.0,0.0,0.0,0.0,169
2023-05-11 09:39:39,HO2312-C-2300,HO2312-C-2300,372.0,0.0,0.0,0.0,6,370.0,376.2,12,372.0,369.8,0.0,0.0,0.0,0.0,169
2023-05-11 09:39:40,HO2312-C-2300,HO2312-C-2300,372.0,0.0,0.0,0.0,6,370.0,376.2,6,372.0,369.8,0.0,0.0,0.0,0.0,169
2023-05-11 09:40:06,HO2312-C-2300,HO2312-C-2300,372.0,0.0,0.0,0.0,6,370.0,376.0,6,372.0,369.8,0.0,0.0,0.0,0.0,169
2023-05-11 09:40:18,HO2312-C-2300,HO2312-C-2300,372.0,0.0,0.0,0.0,6,370.0,376.2,6,372.0,369.8,0.0,0.0,0.0,0.0,169
2023-05-11 09:40:31,HO2312-C-2300,HO2312-C-2300,372.0,0.0,0.0,0.0,6,370.0,376.0,6,372.0,369.8,0.0,0.0,0.0,0.0,169
2023-05-11 09:41:08,HO2312-C-2300,HO2312-C-2300,372.0,0.0,0.0,0.0,12,369.8,375.4,6,372.0,369.8,0.0,0.0,0.0,0.0,169
2023-05-11 09:41:08,HO2312-C-2300,HO2312-C-2300,372.0,0.0,0.0,0.0,6,369.8,375.4,6,372.0,369.8,0.0,0.0,0.0,0.0,169
2023-05-11 09:41:09,HO2312-C-2300,HO2312-C-2300,372.0,0.0,0.0,0.0,30,369.0,375.4,6,372.0,369.8,0.0,0.0,0.0,0.0,169
2023-05-11 09:41:09,HO2312-C-2300,HO2312-C-2300,372.0,0.0,0.0,0.0,12,369.0,375.4,6,372.0,369.8,0.0,0.0,0.0,0.0,169
2023-05-11 09:41:10,HO2312-C-2300,HO2312-C-2300,372.0,0.0,0.0,0.0,18,368.8,375.4,6,372.0,369.8,0.0,0.0,0.0,0.0,169
2023-05-11 09:41:31,HO2312-C-2300,HO2312-C-2300,372.0,0.0,0.0,0.0,18,368.8,376.0,18,372.0,369.8,0.0,0.0,0.0,0.0,169
2023-05-11 09:42:00,HO2312-C-2300,HO2312-C-2300,372.0,0.0,0.0,0.0,18,368.8,375.4,6,372.0,369.8,0.0,0.0,0.0,0.0,169
2023-05-11 09:42:01,HO2312-C-2300,HO2312-C-2300,372.0,0.0,0.0,0.0,12,368.8,375.2,6,372.0,369.8,0.0,0.0,0.0,0.0,169
2023-05-11 09:42:02,HO2312-C-2300,HO2312-C-2300,372.0,0.0,0.0,0.0,18,368.0,375.2,6,372.0,369.8,0.0,0.0,0.0,0.0,169
2023-05-11 09:42:13,HO2312-C-2300,HO2312-C-2300,372.0,0.0,0.0,0.0,18,368.0,374.4,6,372.0,369.8,0.0,0.0,0.0,0.0,169
2023-05-11 09:42:13,HO2312-C-2300,HO2312-C-2300,372.0,0.0,0.0,0.0,12,368.0,374.4,6,372.0,369.8,0.0,0.0,0.0,0.0,169
2023-05-11 09:42:14,HO2312-C-2300,HO2312-C-2300,372.0,0.0,0.0,0.0,18,367.2,374.2,6,372.0,369.8,0.0,0.0,0.0,0.0,169
2023-05-11 09:42:14,HO2312-C-2300,HO2312-C-2300,372.0,0.0,0.0,0.0,12,367.2,374.2,6,372.0,369.8,0.0,0.0,0.0,0.0,169
2023-05-11 09:42:15,HO2312-C-2300,HO2312-C-2300,372.0,0.0,0.0,0.0,24,367.0,374.2,6,372.0,369.8,0.0,0.0,0.0,0.0,169
2023-05-11 09:42:31,HO2312-C-2300,HO2312-C-2300,372.0,0.0,0.0,0.0,24,367.0,373.4,6,372.0,369.8,0.0,0.0,0.0,0.0,169
2023-05-11 09:42:32,HO2312-C-2300,HO2312-C-2300,372.0,0.0,0.0,0.0,18,367.0,373.2,6,372.0,369.8,0.0,0.0,0.0,0.0,169
2023-05-11 09:42:48,HO2312-C-2300,HO2312-C-2300,372.0,0.0,0.0,0.0,18,367.0,372.4,6,372.0,369.8,0.0,0.0,0.0,0.0,169
2023-05-11 09:42:48,HO2312-C-2300,HO2312-C-2300,372.0,0.0,0.0,0.0,12,367.0,372.4,6,372.0,369.8,0.0,0.0,0.0,0.0,169
2023-05-11 09:42:49,HO2312-C-2300,HO2312-C-2300,372.0,0.0,0.0,0.0,6,367.0,372.4,6,372.0,369.8,0.0,0.0,0.0,0.0,169
2023-05-11 09:43:00,HO2312-C-2300,HO2312-C-2300,372.0,0.0,0.0,0.0,24,366.0,372.4,6,372.0,369.8,0.0,0.0,0.0,0.0,169
2023-05-11 09:43:00,HO2312-C-2300,HO2312-C-2300,372.0,0.0,0.0,0.0,18,366.0,372.4,6,372.0,369.8,0.0,0.0,0.0,0.0,169
2023-05-11 09:43:14,HO2312-C-2300,HO2312-C-2300,372.0,0.0,0.0,0.0,12,366.0,372.2,6,372.0,369.8,0.0,0.0,0.0,0.0,169
2023-05-11 09:43:15,HO2312-C-2300,HO2312-C-2300,372.0,0.0,0.0,0.0,18,365.2,372.2,6,372.0,369.8,0.0,0.0,0.0,0.0,169
2023-05-11 09:44:58,HO2312-C-2300,HO2312-C-2300,372.0,0.0,0.0,0.0,6,365.8,372.2,6,372.0,369.8,0.0,0.0,0.0,0.0,169
2023-05-11 09:44:59,HO2312-C-2300,HO2312-C-2300,372.0,0.0,0.0,0.0,6,366.0,372.4,12,372.0,369.8,0.0,0.0,0.0,0.0,169
2023-05-11 09:45:00,HO2312-C-2300,HO2312-C-2300,372.0,0.0,0.0,0.0,6,366.0,373.2,24,372.0,369.8,0.0,0.0,0.0,0.0,169
2023-05-11 09:45:00,HO2312-C-2300,HO2312-C-2300,372.0,0.0,0.0,0.0,6,366.0,373.2,18,372.0,369.8,0.0,0.0,0.0,0.0,169
2023-05-11 09:45:09,HO2312-C-2300,HO2312-C-2300,372.0,0.0,0.0,0.0,6,366.6,373.2,12,372.0,369.8,0.0,0.0,0.0,0.0,169
2023-05-11 09:45:10,HO2312-C-2300,HO2312-C-2300,372.0,0.0,0.0,0.0,6,366.6,373.2,6,372.0,369.8,0.0,0.0,0.0,0.0,169
2023-05-11 09:45:10,HO2312-C-2300,HO2312-C-2300,372.0,0.0,0.0,0.0,6,366.6,373.4,6,372.0,369.8,0.0,0.0,0.0,0.0,169
2023-05-11 09:45:27,HO2312-C-2300,HO2312-C-2300,372.0,0.0,0.0,0.0,12,366.0,373.2,6,372.0,369.8,0.0,0.0,0.0,0.0,169
2023-05-11 09:45:28,HO2312-C-2300,HO2312-C-2300,372.0,0.0,0.0,0.0,6,366.0,373.0,6,372.0,369.8,0.0,0.0,0.0,0.0,169
2023-05-11 09:45:51,HO2312-C-2300,HO2312-C-2300,372.0,0.0,0.0,0.0,6,366.6,373.4,24,372.0,369.8,0.0,0.0,0.0,0.0,169
2023-05-11 09:45:52,HO2312-C-2300,HO2312-C-2300,372.0,0.0,0.0,0.0,6,366.6,373.4,12,372.0,369.8,0.0,0.0,0.0,0.0,169
2023-05-11 09:45:52,HO2312-C-2300,HO2312-C-2300,372.0,0.0,0.0,0.0,6,366.6,374.0,12,372.0,369.8,0.0,0.0,0.0,0.0,169
2023-05-11 09:45:53,HO2312-C-2300,HO2312-C-2300,372.0,0.0,0.0,0.0,6,366.8,374.2,6,372.0,369.8,0.0,0.0,0.0,0.0,169
2023-05-11 09:45:53,HO2312-C-2300,HO2312-C-2300,372.0,0.0,0.0,0.0,6,366.8,374.4,24,372.0,369.8,0.0,0.0,0.0,0.0,169
2023-05-11 09:45:54,HO2312-C-2300,HO2312-C-2300,372.0,0.0,0.0,0.0,6,366.8,374.4,18,372.0,369.8,0.0,0.0,0.0,0.0,169
2023-05-11 09:45:56,HO2312-C-2300,HO2312-C-2300,372.0,0.0,0.0,0.0,6,366.8,374.4,12,372.0,369.8,0.0,0.0,0.0,0.0,169
2023-05-11 09:45:57,HO2312-C-2300,HO2312-C-2300,372.0,0.0,0.0,0.0,6,366.8,374.4,6,372.0,369.8,0.0,0.0,0.0,0.0,169
2023-05-11 09:46:00,HO2312-C-2300,HO2312-C-2300,372.0,0.0,0.0,0.0,6,366.6,374.2,6,372.0,369.8,0.0,0.0,0.0,0.0,169
2023-05-11 09:46:04,HO2312-C-2300,HO2312-C-2300,372.0,0.0,0.0,0.0,6,366.4,373.4,6,372.0,369.8,0.0,0.0,0.0,0.0,169
2023-05-11 09:46:08,HO2312-C-2300,HO2312-C-2300,372.0,0.0,0.0,0.0,12,366.0,373.2,6,372.0,369.8,0.0,0.0,0.0,0.0,169
2023-05-11 09:46:09,HO2312-C-2300,HO2312-C-2300,372.0,0.0,0.0,0.0,6,366.0,373.2,6,372.0,369.8,0.0,0.0,0.0,0.0,169
2023-05-11 09:46:13,HO2312-C-2300,HO2312-C-2300,372.0,0.0,0.0,0.0,6,366.6,373.4,12,372.0,369.8,0.0,0.0,0.0,0.0,169
2023-05-11 09:46:13,HO2312-C-2300,HO2312-C-2300,372.0,0.0,0.0,0.0,6,366.6,373.4,6,372.0,369.8,0.0,0.0,0.0,0.0,169
2023-05-11 09:46:14,HO2312-C-2300,HO2312-C-2300,372.0,0.0,0.0,0.0,6,366.6,374.2,18,372.0,369.8,0.0,0.0,0.0,0.0,169
2023-05-11 09:46:14,HO2312-C-2300,HO2312-C-2300,372.0,0.0,0.0,0.0,6,366.8,374.2,12,372.0,369.8,0.0,0.0,0.0,0.0,169
2023-05-11 09:46:15,HO2312-C-2300,HO2312-C-2300,372.0,0.0,0.0,0.0,6,366.8,374.4,24,372.0,369.8,0.0,0.0,0.0,0.0,169
2023-05-11 09:46:15,HO2312-C-2300,HO2312-C-2300,372.0,0.0,0.0,0.0,6,366.8,374.4,18,372.0,369.8,0.0,0.0,0.0,0.0,169
2023-05-11 09:46:38,HO2312-C-2300,HO2312-C-2300,372.0,0.0,0.0,0.0,6,366.8,374.4,12,372.0,369.8,0.0,0.0,0.0,0.0,169
2023-05-11 09:46:38,HO2312-C-2300,HO2312-C-2300,372.0,0.0,0.0,0.0,6,367.6,374.6,24,372.0,369.8,0.0,0.0,0.0,0.0,169
2023-05-11 09:46:39,HO2312-C-2300,HO2312-C-2300,372.0,0.0,0.0,0.0,6,367.6,374.6,18,372.0,369.8,0.0,0.0,0.0,0.0,169
2023-05-11 09:46:41,HO2312-C-2300,HO2312-C-2300,372.0,0.0,0.0,0.0,6,367.6,374.6,24,372.0,369.8,0.0,0.0,0.0,0.0,169
2023-05-11 09:46:46,HO2312-C-2300,HO2312-C-2300,372.0,0.0,0.0,0.0,6,367.6,374.6,18,372.0,369.8,0.0,0.0,0.0,0.0,169
2023-05-11 09:46:50,HO2312-C-2300,HO2312-C-2300,372.0,0.0,0.0,0.0,6,367.6,374.6,24,372.0,369.8,0.0,0.0,0.0,0.0,169
2023-05-11 09:46:51,HO2312-C-2300,HO2312-C-2300,372.0,0.0,0.0,0.0,6,366.8,374.2,6,372.0,369.8,0.0,0.0,0.0,0.0,169
2023-05-11 09:46:52,HO2312-C-2300,HO2312-C-2300,372.0,0.0,0.0,0.0,12,366.6,374.0,6,372.0,369.8,0.0,0.0,0.0,0.0,169
2023-05-11 09:46:53,HO2312-C-2300,HO2312-C-2300,372.0,0.0,0.0,0.0,24,366.4,374.0,6,372.0,369.8,0.0,0.0,0.0,0.0,169
2023-05-11 09:47:40,HO2312-C-2300,HO2312-C-2300,372.0,0.0,0.0,0.0,6,367.4,374.0,6,372.0,369.8,0.0,0.0,0.0,0.0,169
2023-05-11 09:47:41,HO2312-C-2300,HO2312-C-2300,372.0,0.0,0.0,0.0,6,367.6,374.6,12,372.0,369.8,0.0,0.0,0.0,0.0,169
2023-05-11 09:47:42,HO2312-C-2300,HO2312-C-2300,372.0,0.0,0.0,0.0,6,367.6,374.8,18,372.0,369.8,0.0,0.0,0.0,0.0,169
2023-05-11 09:47:42,HO2312-C-2300,HO2312-C-2300,372.0,0.0,0.0,0.0,6,367.6,374.8,12,372.0,369.8,0.0,0.0,0.0,0.0,169
2023-05-11 09:47:43,HO2312-C-2300,HO2312-C-2300,372.0,0.0,0.0,0.0,6,367.6,374.8,6,372.0,369.8,0.0,0.0,0.0,0.0,169
2023-05-11 09:48:05,HO2312-C-2300,HO2312-C-2300,372.0,0.0,0.0,0.0,6,367.6,374.0,6,372.0,369.8,0.0,0.0,0.0,0.0,169
2023-05-11 09:48:13,HO2312-C-2300,HO2312-C-2300,372.0,0.0,0.0,0.0,12,367.4,373.8,6,372.0,369.8,0.0,0.0,0.0,0.0,169
2023-05-11 09:48:14,HO2312-C-2300,HO2312-C-2300,372.0,0.0,0.0,0.0,6,367.4,373.8,6,372.0,369.8,0.0,0.0,0.0,0.0,169
2023-05-11 09:48:14,HO2312-C-2300,HO2312-C-2300,372.0,0.0,0.0,0.0,18,366.6,373.8,6,372.0,369.8,0.0,0.0,0.0,0.0,169
2023-05-11 09:48:46,HO2312-C-2300,HO2312-C-2300,372.0,0.0,0.0,0.0,6,367.2,373.8,6,372.0,369.8,0.0,0.0,0.0,0.0,169
2023-05-11 09:48:55,HO2312-C-2300,HO2312-C-2300,372.0,0.0,0.0,0.0,18,366.6,373.8,6,372.0,369.8,0.0,0.0,0.0,0.0,169
2023-05-11 09:49:05,HO2312-C-2300,HO2312-C-2300,372.0,0.0,0.0,0.0,12,366.6,373.0,6,372.0,369.8,0.0,0.0,0.0,0.0,169
2023-05-11 09:49:05,HO2312-C-2300,HO2312-C-2300,372.0,0.0,0.0,0.0,18,366.2,372.8,6,372.0,369.8,0.0,0.0,0.0,0.0,169
2023-05-11 09:49:06,HO2312-C-2300,HO2312-C-2300,372.0,0.0,0.0,0.0,12,366.2,372.8,6,372.0,369.8,0.0,0.0,0.0,0.0,169
2023-05-11 09:49:06,HO2312-C-2300,HO2312-C-2300,372.0,0.0,0.0,0.0,18,366.0,372.8,6,372.0,369.8,0.0,0.0,0.0,0.0,169
2023-05-11 09:49:23,HO2312-C-2300,HO2312-C-2300,372.0,0.0,0.0,0.0,6,366.2,373.0,18,372.0,369.8,0.0,0.0,0.0,0.0,169
2023-05-11 09:49:24,HO2312-C-2300,HO2312-C-2300,372.0,0.0,0.0,0.0,12,366.2,373.0,12,372.0,369.8,0.0,0.0,0.0,0.0,169
2023-05-11 09:49:24,HO2312-C-2300,HO2312-C-2300,372.0,0.0,0.0,0.0,18,366.2,373.4,18,372.0,369.8,0.0,0.0,0.0,0.0,169
2023-05-11 09:50:03,HO2312-C-2300,HO2312-C-2300,372.0,0.0,0.0,0.0,12,366.2,373.2,6,372.0,369.8,0.0,0.0,0.0,0.0,169
2023-05-11 09:50:03,HO2312-C-2300,HO2312-C-2300,372.0,0.0,0.0,0.0,18,366.0,373.0,6,372.0,369.8,0.0,0.0,0.0,0.0,169
2023-05-11 09:50:12,HO2312-C-2300,HO2312-C-2300,372.0,0.0,0.0,0.0,6,366.4,373.2,6,372.0,369.8,0.0,0.0,0.0,0.0,169
2023-05-11 09:50:12,HO2312-C-2300,HO2312-C-2300,372.0,0.0,0.0,0.0,6,366.6,373.4,18,372.0,369.8,0.0,0.0,0.0,0.0,169
2023-05-11 09:50:13,HO2312-C-2300,HO2312-C-2300,372.0,0.0,0.0,0.0,6,366.6,373.4,12,372.0,369.8,0.0,0.0,0.0,0.0,169
2023-05-11 09:50:13,HO2312-C-2300,HO2312-C-2300,372.0,0.0,0.0,0.0,6,366.6,374.0,30,372.0,369.8,0.0,0.0,0.0,0.0,169
2023-05-11 09:50:14,HO2312-C-2300,HO2312-C-2300,372.0,0.0,0.0,0.0,6,366.6,374.0,24,372.0,369.8,0.0,0.0,0.0,0.0,169
2023-05-11 09:50:26,HO2312-C-2300,HO2312-C-2300,372.0,0.0,0.0,0.0,12,366.4,373.8,6,372.0,369.8,0.0,0.0,0.0,0.0,169
2023-05-11 09:50:27,HO2312-C-2300,HO2312-C-2300,372.0,0.0,0.0,0.0,6,366.4,373.8,6,372.0,369.8,0.0,0.0,0.0,0.0,169
2023-05-11 09:50:32,HO2312-C-2300,HO2312-C-2300,372.0,0.0,0.0,0.0,6,367.2,373.8,6,372.0,369.8,0.0,0.0,0.0,0.0,169
2023-05-11 09:50:38,HO2312-C-2300,HO2312-C-2300,372.0,0.0,0.0,0.0,6,367.4,374.2,6,372.0,369.8,0.0,0.0,0.0,0.0,169
2023-05-11 09:50:39,HO2312-C-2300,HO2312-C-2300,372.0,0.0,0.0,0.0,6,367.4,374.6,24,372.0,369.8,0.0,0.0,0.0,0.0,169
2023-05-11 09:50:39,HO2312-C-2300,HO2312-C-2300,372.0,0.0,0.0,0.0,6,367.4,374.6,18,372.0,369.8,0.0,0.0,0.0,0.0,169
2023-05-11 09:50:46,HO2312-C-2300,HO2312-C-2300,372.0,0.0,0.0,0.0,6,367.4,374.6,12,372.0,369.8,0.0,0.0,0.0,0.0,169
2023-05-11 09:50:47,HO2312-C-2300,HO2312-C-2300,372.0,0.0,0.0,0.0,6,367.4,374.6,6,372.0,369.8,0.0,0.0,0.0,0.0,169
2023-05-11 09:51:07,HO2312-C-2300,HO2312-C-2300,372.0,0.0,0.0,0.0,6,367.4,374.0,6,372.0,369.8,0.0,0.0,0.0,0.0,169
2023-05-11 09:51:08,HO2312-C-2300,HO2312-C-2300,372.0,0.0,0.0,0.0,18,366.8,373.8,6,372.0,369.8,0.0,0.0,0.0,0.0,169
2023-05-11 09:51:19,HO2312-C-2300,HO2312-C-2300,372.0,0.0,0.0,0.0,12,366.8,373.8,6,372.0,369.8,0.0,0.0,0.0,0.0,169
2023-05-11 09:51:20,HO2312-C-2300,HO2312-C-2300,372.0,0.0,0.0,0.0,18,366.6,373.8,6,372.0,369.8,0.0,0.0,0.0,0.0,169
2023-05-11 09:51:20,HO2312-C-2300,HO2312-C-2300,372.0,0.0,0.0,0.0,18,366.6,373.0,6,372.0,369.8,0.0,0.0,0.0,0.0,169
2023-05-11 09:51:25,HO2312-C-2300,HO2312-C-2300,372.0,0.0,0.0,0.0,18,366.6,373.8,6,372.0,369.8,0.0,0.0,0.0,0.0,169
2023-05-11 09:52:50,HO2312-C-2300,HO2312-C-2300,372.0,0.0,0.0,0.0,6,366.8,374.0,24,372.0,369.8,0.0,0.0,0.0,0.0,169
2023-05-11 09:52:50,HO2312-C-2300,HO2312-C-2300,372.0,0.0,0.0,0.0,12,366.8,374.0,18,372.0,369.8,0.0,0.0,0.0,0.0,169
2023-05-11 09:52:51,HO2312-C-2300,HO2312-C-2300,372.0,0.0,0.0,0.0,18,366.8,374.0,12,372.0,369.8,0.0,0.0,0.0,0.0,169
2023-05-11 09:52:52,HO2312-C-2300,HO2312-C-2300,372.0,0.0,0.0,0.0,18,366.8,374.0,6,372.0,369.8,0.0,0.0,0.0,0.0,169
2023-05-11 09:52:53,HO2312-C-2300,HO2312-C-2300,372.0,0.0,0.0,0.0,6,367.0,373.8,6,372.0,369.8,0.0,0.0,0.0,0.0,169
2023-05-11 09:53:07,HO2312-C-2300,HO2312-C-2300,372.0,0.0,0.0,0.0,6,366.8,374.0,18,372.0,369.8,0.0,0.0,0.0,0.0,169
2023-05-11 09:53:24,HO2312-C-2300,HO2312-C-2300,372.0,0.0,0.0,0.0,6,367.2,374.0,12,372.0,369.8,0.0,0.0,0.0,0.0,169
2023-05-11 09:53:24,HO2312-C-2300,HO2312-C-2300,372.0,0.0,0.0,0.0,6,367.4,374.8,24,372.0,369.8,0.0,0.0,0.0,0.0,169
2023-05-11 09:54:23,HO2312-C-2300,HO2312-C-2300,372.0,0.0,0.0,0.0,6,368.0,374.8,18,372.0,369.8,0.0,0.0,0.0,0.0,169
2023-05-11 09:54:23,HO2312-C-2300,HO2312-C-2300,372.0,0.0,0.0,0.0,6,368.2,374.8,12,372.0,369.8,0.0,0.0,0.0,0.0,169
2023-05-11 09:54:24,HO2312-C-2300,HO2312-C-2300,372.0,0.0,0.0,0.0,6,368.2,375.0,18,372.0,369.8,0.0,0.0,0.0,0.0,169
2023-05-11 09:54:34,HO2312-C-2300,HO2312-C-2300,372.0,0.0,0.0,0.0,6,368.2,374.8,6,372.0,369.8,0.0,0.0,0.0,0.0,169
2023-05-11 09:54:39,HO2312-C-2300,HO2312-C-2300,372.0,0.0,0.0,0.0,6,368.2,375.0,18,372.0,369.8,0.0,0.0,0.0,0.0,169
2023-05-11 09:55:12,HO2312-C-2300,HO2312-C-2300,372.0,0.0,0.0,0.0,6,369.0,375.0,6,372.0,369.8,0.0,0.0,0.0,0.0,169
2023-05-11 09:55:13,HO2312-C-2300,HO2312-C-2300,372.0,0.0,0.0,0.0,6,369.0,375.2,12,372.0,369.8,0.0,0.0,0.0,0.0,169
2023-05-11 09:55:13,HO2312-C-2300,HO2312-C-2300,372.0,0.0,0.0,0.0,6,369.2,375.2,6,372.0,369.8,0.0,0.0,0.0,0.0,169
2023-05-11 09:55:14,HO2312-C-2300,HO2312-C-2300,372.0,0.0,0.0,0.0,6,369.2,375.8,18,372.0,369.8,0.0,0.0,0.0,0.0,169
2023-05-11 09:55:14,HO2312-C-2300,HO2312-C-2300,372.0,0.0,0.0,0.0,6,369.2,375.8,12,372.0,369.8,0.0,0.0,0.0,0.0,169
2023-05-11 09:55:15,HO2312-C-2300,HO2312-C-2300,372.0,0.0,0.0,0.0,6,369.2,376.0,24,372.0,369.8,0.0,0.0,0.0,0.0,169
2023-05-11 09:55:15,HO2312-C-2300,HO2312-C-2300,372.0,0.0,0.0,0.0,6,369.2,376.0,12,372.0,369.8,0.0,0.0,0.0,0.0,169
2023-05-11 09:55:16,HO2312-C-2300,HO2312-C-2300,372.0,0.0,0.0,0.0,6,369.2,376.2,18,372.0,369.8,0.0,0.0,0.0,0.0,169
2023-05-11 09:55:16,HO2312-C-2300,HO2312-C-2300,372.0,0.0,0.0,0.0,6,369.2,376.2,12,372.0,369.8,0.0,0.0,0.0,0.0,169
2023-05-11 09:55:17,HO2312-C-2300,HO2312-C-2300,372.0,0.0,0.0,0.0,6,369.2,376.2,6,372.0,369.8,0.0,0.0,0.0,0.0,169
2023-05-11 09:55:17,HO2312-C-2300,HO2312-C-2300,372.0,0.0,0.0,0.0,6,369.2,376.4,30,372.0,369.8,0.0,0.0,0.0,0.0,169
2023-05-11 09:55:18,HO2312-C-2300,HO2312-C-2300,372.0,0.0,0.0,0.0,6,369.2,376.4,24,372.0,369.8,0.0,0.0,0.0,0.0,169
2023-05-11 09:55:20,HO2312-C-2300,HO2312-C-2300,372.0,0.0,0.0,0.0,6,369.2,375.8,6,372.0,369.8,0.0,0.0,0.0,0.0,169
2023-05-11 09:55:21,HO2312-C-2300,HO2312-C-2300,372.0,0.0,0.0,0.0,6,368.8,375.8,12,372.0,369.8,0.0,0.0,0.0,0.0,169
2023-05-11 09:55:52,HO2312-C-2300,HO2312-C-2300,372.0,0.0,0.0,0.0,6,368.8,375.8,6,372.0,369.8,0.0,0.0,0.0,0.0,169
2023-05-11 09:56:01,HO2312-C-2300,HO2312-C-2300,372.0,0.0,0.0,0.0,6,368.8,375.8,12,372.0,369.8,0.0,0.0,0.0,0.0,169
2023-05-11 09:56:13,HO2312-C-2300,HO2312-C-2300,372.0,0.0,0.0,0.0,6,368.8,375.8,6,372.0,369.8,0.0,0.0,0.0,0.0,169
2023-05-11 09:56:20,HO2312-C-2300,HO2312-C-2300,372.0,0.0,0.0,0.0,6,369.0,376.4,18,372.0,369.8,0.0,0.0,0.0,0.0,169
2023-05-11 09:56:21,HO2312-C-2300,HO2312-C-2300,372.0,0.0,0.0,0.0,6,369.2,376.4,18,372.0,369.8,0.0,0.0,0.0,0.0,169
2023-05-11 09:57:00,HO2312-C-2300,HO2312-C-2300,372.0,0.0,0.0,0.0,6,369.8,376.4,18,372.0,369.8,0.0,0.0,0.0,0.0,169
2023-05-11 09:57:01,HO2312-C-2300,HO2312-C-2300,372.0,0.0,0.0,0.0,6,370.0,376.4,6,372.0,369.8,0.0,0.0,0.0,0.0,169
2023-05-11 09:57:01,HO2312-C-2300,HO2312-C-2300,372.0,0.0,0.0,0.0,6,370.0,376.8,24,372.0,369.8,0.0,0.0,0.0,0.0,169
2023-05-11 09:57:02,HO2312-C-2300,HO2312-C-2300,372.0,0.0,0.0,0.0,6,370.4,376.8,6,372.0,369.8,0.0,0.0,0.0,0.0,169
2023-05-11 09:57:02,HO2312-C-2300,HO2312-C-2300,372.0,0.0,0.0,0.0,6,370.6,377.0,12,372.0,369.8,0.0,0.0,0.0,0.0,169
2023-05-11 09:57:03,HO2312-C-2300,HO2312-C-2300,372.0,0.0,0.0,0.0,6,370.6,377.0,6,372.0,369.8,0.0,0.0,0.0,0.0,169
2023-05-11 09:57:03,HO2312-C-2300,HO2312-C-2300,372.0,0.0,0.0,0.0,6,370.6,377.4,30,372.0,369.8,0.0,0.0,0.0,0.0,169
2023-05-11 09:57:04,HO2312-C-2300,HO2312-C-2300,372.0,0.0,0.0,0.0,6,370.6,377.4,18,372.0,369.8,0.0,0.0,0.0,0.0,169
2023-05-11 09:57:14,HO2312-C-2300,HO2312-C-2300,372.0,0.0,0.0,0.0,6,370.8,377.4,18,372.0,369.8,0.0,0.0,0.0,0.0,169
2023-05-11 09:57:14,HO2312-C-2300,HO2312-C-2300,372.0,0.0,0.0,0.0,6,371.0,377.4,18,372.0,369.8,0.0,0.0,0.0,0.0,169
2023-05-11 09:57:19,HO2312-C-2300,HO2312-C-2300,372.0,0.0,0.0,0.0,6,371.0,377.4,12,372.0,369.8,0.0,0.0,0.0,0.0,169
2023-05-11 09:57:19,HO2312-C-2300,HO2312-C-2300,372.0,0.0,0.0,0.0,6,371.0,377.4,6,372.0,369.8,0.0,0.0,0.0,0.0,169
2023-05-11 09:57:31,HO2312-C-2300,HO2312-C-2300,372.0,0.0,0.0,0.0,6,371.0,378.0,24,372.0,369.8,0.0,0.0,0.0,0.0,169
2023-05-11 09:57:31,HO2312-C-2300,HO2312-C-2300,372.0,0.0,0.0,0.0,6,371.0,378.0,6,372.0,369.8,0.0,0.0,0.0,0.0,169
2023-05-11 09:57:32,HO2312-C-2300,HO2312-C-2300,372.0,0.0,0.0,0.0,6,371.0,378.2,6,372.0,369.8,0.0,0.0,0.0,0.0,169
2023-05-11 09:57:32,HO2312-C-2300,HO2312-C-2300,372.0,0.0,0.0,0.0,6,371.0,378.4,24,372.0,369.8,0.0,0.0,0.0,0.0,169
2023-05-11 09:59:52,HO2312-C-2300,HO2312-C-2300,372.0,0.0,0.0,0.0,6,371.0,377.6,6,372.0,369.8,0.0,0.0,0.0,0.0,169
2023-05-11 10:00:02,HO2312-C-2300,HO2312-C-2300,372.0,0.0,0.0,0.0,6,371.0,378.4,24,372.0,369.8,0.0,0.0,0.0,0.0,169
2023-05-11 10:00:57,HO2312-C-2300,HO2312-C-2300,372.0,0.0,0.0,0.0,6,371.0,377.6,6,372.0,369.8,0.0,0.0,0.0,0.0,169
2023-05-11 10:00:58,HO2312-C-2300,HO2312-C-2300,372.0,0.0,0.0,0.0,6,371.0,377.4,6,372.0,369.8,0.0,0.0,0.0,0.0,169
2023-05-11 10:00:59,HO2312-C-2300,HO2312-C-2300,372.0,0.0,0.0,0.0,6,370.6,377.6,24,372.0,369.8,0.0,0.0,0.0,0.0,169
2023-05-11 10:01:06,HO2312-C-2300,HO2312-C-2300,372.0,0.0,0.0,0.0,6,371.0,377.6,6,372.0,369.8,0.0,0.0,0.0,0.0,169
2023-05-11 10:01:06,HO2312-C-2300,HO2312-C-2300,372.0,0.0,0.0,0.0,6,371.2,378.6,36,372.0,369.8,0.0,0.0,0.0,0.0,169
2023-05-11 10:01:07,HO2312-C-2300,HO2312-C-2300,372.0,0.0,0.0,0.0,6,371.2,378.6,24,372.0,369.8,0.0,0.0,0.0,0.0,169
2023-05-11 10:01:11,HO2312-C-2300,HO2312-C-2300,372.0,0.0,0.0,0.0,6,371.2,377.8,6,372.0,369.8,0.0,0.0,0.0,0.0,169
2023-05-11 10:01:11,HO2312-C-2300,HO2312-C-2300,372.0,0.0,0.0,0.0,6,371.2,377.6,6,372.0,369.8,0.0,0.0,0.0,0.0,169
2023-05-11 10:01:25,HO2312-C-2300,HO2312-C-2300,372.0,0.0,0.0,0.0,6,371.2,378.4,6,372.0,369.8,0.0,0.0,0.0,0.0,169
2023-05-11 10:02:42,HO2312-C-2300,HO2312-C-2300,372.0,0.0,0.0,0.0,6,371.2,377.6,6,372.0,369.8,0.0,0.0,0.0,0.0,169
2023-05-11 10:02:42,HO2312-C-2300,HO2312-C-2300,372.0,0.0,0.0,0.0,18,371.0,377.4,6,372.0,369.8,0.0,0.0,0.0,0.0,169
2023-05-11 10:02:46,HO2312-C-2300,HO2312-C-2300,372.0,0.0,0.0,0.0,12,371.0,377.4,6,372.0,369.8,0.0,0.0,0.0,0.0,169
2023-05-11 10:02:46,HO2312-C-2300,HO2312-C-2300,372.0,0.0,0.0,0.0,6,371.0,377.4,6,372.0,369.8,0.0,0.0,0.0,0.0,169
2023-05-11 10:02:47,HO2312-C-2300,HO2312-C-2300,372.0,0.0,0.0,0.0,6,370.4,377.4,6,372.0,369.8,0.0,0.0,0.0,0.0,169
2023-05-11 10:03:11,HO2312-C-2300,HO2312-C-2300,372.0,0.0,0.0,0.0,6,370.0,377.4,6,372.0,369.8,0.0,0.0,0.0,0.0,169
2023-05-11 10:04:11,HO2312-C-2300,HO2312-C-2300,372.0,0.0,0.0,0.0,6,371.0,377.4,6,372.0,369.8,0.0,0.0,0.0,0.0,169
2023-05-11 10:04:12,HO2312-C-2300,HO2312-C-2300,372.0,0.0,0.0,0.0,6,371.2,377.6,12,372.0,369.8,0.0,0.0,0.0,0.0,169
2023-05-11 10:04:12,HO2312-C-2300,HO2312-C-2300,372.0,0.0,0.0,0.0,6,371.2,377.6,6,372.0,369.8,0.0,0.0,0.0,0.0,169
2023-05-11 10:04:13,HO2312-C-2300,HO2312-C-2300,372.0,0.0,0.0,0.0,6,371.2,378.0,24,372.0,369.8,0.0,0.0,0.0,0.0,169
2023-05-11 10:04:13,HO2312-C-2300,HO2312-C-2300,372.0,0.0,0.0,0.0,6,371.2,378.0,18,372.0,369.8,0.0,0.0,0.0,0.0,169
2023-05-11 10:04:17,HO2312-C-2300,HO2312-C-2300,372.0,0.0,0.0,0.0,6,371.2,378.0,12,372.0,369.8,0.0,0.0,0.0,0.0,169
2023-05-11 10:04:17,HO2312-C-2300,HO2312-C-2300,372.0,0.0,0.0,0.0,6,371.2,378.2,18,372.0,369.8,0.0,0.0,0.0,0.0,169
2023-05-11 10:04:32,HO2312-C-2300,HO2312-C-2300,372.0,0.0,0.0,0.0,6,371.2,378.2,12,372.0,369.8,0.0,0.0,0.0,0.0,169
2023-05-11 10:04:33,HO2312-C-2300,HO2312-C-2300,372.0,0.0,0.0,0.0,6,372.0,378.4,12,372.0,369.8,0.0,0.0,0.0,0.0,169
2023-05-11 10:04:33,HO2312-C-2300,HO2312-C-2300,372.0,0.0,0.0,0.0,6,372.2,378.4,6,372.0,369.8,0.0,0.0,0.0,0.0,169
2023-05-11 10:04:34,HO2312-C-2300,HO2312-C-2300,372.0,0.0,0.0,0.0,6,372.2,378.6,12,372.0,369.8,0.0,0.0,0.0,0.0,169
2023-05-11 10:04:34,HO2312-C-2300,HO2312-C-2300,372.0,0.0,0.0,0.0,6,372.2,378.8,36,372.0,369.8,0.0,0.0,0.0,0.0,169
2023-05-11 10:04:35,HO2312-C-2300,HO2312-C-2300,372.0,0.0,0.0,0.0,6,372.2,378.8,30,372.0,369.8,0.0,0.0,0.0,0.0,169
2023-05-11 10:04:35,HO2312-C-2300,HO2312-C-2300,372.0,0.0,0.0,0.0,6,372.2,378.8,24,372.0,369.8,0.0,0.0,0.0,0.0,169
2023-05-11 10:04:37,HO2312-C-2300,HO2312-C-2300,372.0,0.0,0.0,0.0,6,372.2,378.8,30,372.0,369.8,0.0,0.0,0.0,0.0,169
2023-05-11 10:04:44,HO2312-C-2300,HO2312-C-2300,372.0,0.0,0.0,0.0,6,372.2,378.8,24,372.0,369.8,0.0,0.0,0.0,0.0,169
2023-05-11 10:05:00,HO2312-C-2300,HO2312-C-2300,372.0,0.0,0.0,0.0,6,372.2,378.6,6,372.0,369.8,0.0,0.0,0.0,0.0,169
2023-05-11 10:05:03,HO2312-C-2300,HO2312-C-2300,372.0,0.0,0.0,0.0,6,372.2,377.8,6,372.0,369.8,0.0,0.0,0.0,0.0,169
2023-05-11 10:05:04,HO2312-C-2300,HO2312-C-2300,372.0,0.0,0.0,0.0,6,371.8,377.8,6,372.0,369.8,0.0,0.0,0.0,0.0,169
2023-05-11 10:05:13,HO2312-C-2300,HO2312-C-2300,372.0,0.0,0.0,0.0,6,371.8,377.0,6,372.0,369.8,0.0,0.0,0.0,0.0,169
2023-05-11 10:05:18,HO2312-C-2300,HO2312-C-2300,372.0,0.0,0.0,0.0,6,371.8,377.8,6,372.0,369.8,0.0,0.0,0.0,0.0,169
2023-05-11 10:05:25,HO2312-C-2300,HO2312-C-2300,372.0,0.0,0.0,0.0,6,371.2,377.8,6,372.0,369.8,0.0,0.0,0.0,0.0,169
2023-05-11 10:05:52,HO2312-C-2300,HO2312-C-2300,372.0,0.0,0.0,0.0,6,370.8,377.8,12,372.0,369.8,0.0,0.0,0.0,0.0,169
2023-05-11 10:06:02,HO2312-C-2300,HO2312-C-2300,372.0,0.0,0.0,0.0,6,370.8,377.8,6,372.0,369.8,0.0,0.0,0.0,0.0,169
2023-05-11 10:06:06,HO2312-C-2300,HO2312-C-2300,372.0,0.0,0.0,0.0,6,371.0,378.2,12,372.0,369.8,0.0,0.0,0.0,0.0,169
2023-05-11 10:06:07,HO2312-C-2300,HO2312-C-2300,372.0,0.0,0.0,0.0,6,371.2,378.6,18,372.0,369.8,0.0,0.0,0.0,0.0,169
2023-05-11 10:06:09,HO2312-C-2300,HO2312-C-2300,372.0,0.0,0.0,0.0,6,371.2,378.6,12,372.0,369.8,0.0,0.0,0.0,0.0,169
2023-05-11 10:06:09,HO2312-C-2300,HO2312-C-2300,372.0,0.0,0.0,0.0,6,371.2,378.8,36,372.0,369.8,0.0,0.0,0.0,0.0,169
2023-05-11 10:06:10,HO2312-C-2300,HO2312-C-2300,372.0,0.0,0.0,0.0,6,371.2,378.8,30,372.0,369.8,0.0,0.0,0.0,0.0,169
2023-05-11 10:06:11,HO2312-C-2300,HO2312-C-2300,372.0,0.0,0.0,0.0,6,371.2,377.8,6,372.0,369.8,0.0,0.0,0.0,0.0,169
2023-05-11 10:06:20,HO2312-C-2300,HO2312-C-2300,372.0,0.0,0.0,0.0,6,371.2,378.6,12,372.0,369.8,0.0,0.0,0.0,0.0,169
2023-05-11 10:06:20,HO2312-C-2300,HO2312-C-2300,372.0,0.0,0.0,0.0,6,371.2,378.6,6,372.0,369.8,0.0,0.0,0.0,0.0,169
2023-05-11 10:08:04,HO2312-C-2300,HO2312-C-2300,372.0,0.0,0.0,0.0,6,371.2,377.8,6,372.0,369.8,0.0,0.0,0.0,0.0,169
2023-05-11 10:08:06,HO2312-C-2300,HO2312-C-2300,372.0,0.0,0.0,0.0,6,371.2,378.6,6,372.0,369.8,0.0,0.0,0.0,0.0,169
2023-05-11 10:08:20,HO2312-C-2300,HO2312-C-2300,372.0,0.0,0.0,0.0,6,371.2,378.8,36,372.0,369.8,0.0,0.0,0.0,0.0,169
2023-05-11 10:08:20,HO2312-C-2300,HO2312-C-2300,372.0,0.0,0.0,0.0,6,372.0,378.8,18,372.0,369.8,0.0,0.0,0.0,0.0,169
2023-05-11 10:08:21,HO2312-C-2300,HO2312-C-2300,372.0,0.0,0.0,0.0,6,372.2,378.8,12,372.0,369.8,0.0,0.0,0.0,0.0,169
2023-05-11 10:08:21,HO2312-C-2300,HO2312-C-2300,372.0,0.0,0.0,0.0,6,372.2,378.8,6,372.0,369.8,0.0,0.0,0.0,0.0,169
2023-05-11 10:08:23,HO2312-C-2300,HO2312-C-2300,372.0,0.0,0.0,0.0,6,372.2,378.8,18,372.0,369.8,0.0,0.0,0.0,0.0,169
2023-05-11 10:08:24,HO2312-C-2300,HO2312-C-2300,372.0,0.0,0.0,0.0,6,371.4,378.8,24,372.0,369.8,0.0,0.0,0.0,0.0,169
2023-05-11 10:08:37,HO2312-C-2300,HO2312-C-2300,372.0,0.0,0.0,0.0,6,371.4,378.8,18,372.0,369.8,0.0,0.0,0.0,0.0,169
2023-05-11 10:08:37,HO2312-C-2300,HO2312-C-2300,372.0,0.0,0.0,0.0,6,372.0,378.8,12,372.0,369.8,0.0,0.0,0.0,0.0,169
2023-05-11 10:08:38,HO2312-C-2300,HO2312-C-2300,372.0,0.0,0.0,0.0,6,372.2,378.8,12,372.0,369.8,0.0,0.0,0.0,0.0,169
2023-05-11 10:08:38,HO2312-C-2300,HO2312-C-2300,372.0,0.0,0.0,0.0,6,372.2,378.8,6,372.0,369.8,0.0,0.0,0.0,0.0,169
2023-05-11 10:08:55,HO2312-C-2300,HO2312-C-2300,372.0,0.0,0.0,0.0,6,372.2,378.8,12,372.0,369.8,0.0,0.0,0.0,0.0,169
2023-05-11 10:08:56,HO2312-C-2300,HO2312-C-2300,372.0,0.0,0.0,0.0,6,371.4,378.6,6,372.0,369.8,0.0,0.0,0.0,0.0,169
2023-05-11 10:09:04,HO2312-C-2300,HO2312-C-2300,372.0,0.0,0.0,0.0,6,371.2,378.8,24,372.0,369.8,0.0,0.0,0.0,0.0,169
2023-05-11 10:09:37,HO2312-C-2300,HO2312-C-2300,372.0,0.0,0.0,0.0,6,371.2,378.8,18,372.0,369.8,0.0,0.0,0.0,0.0,169
2023-05-11 10:09:38,HO2312-C-2300,HO2312-C-2300,372.0,0.0,0.0,0.0,6,372.0,378.8,6,372.0,369.8,0.0,0.0,0.0,0.0,169
2023-05-11 10:09:38,HO2312-C-2300,HO2312-C-2300,372.0,0.0,0.0,0.0,6,372.2,379.6,24,372.0,369.8,0.0,0.0,0.0,0.0,169
2023-05-11 10:09:56,HO2312-C-2300,HO2312-C-2300,372.0,0.0,0.0,0.0,6,372.2,378.8,6,372.0,369.8,0.0,0.0,0.0,0.0,169
2023-05-11 10:09:57,HO2312-C-2300,HO2312-C-2300,372.0,0.0,0.0,0.0,6,372.2,378.6,6,372.0,369.8,0.0,0.0,0.0,0.0,169
2023-05-11 10:10:05,HO2312-C-2300,HO2312-C-2300,372.0,0.0,0.0,0.0,6,372.2,377.8,6,372.0,369.8,0.0,0.0,0.0,0.0,169
2023-05-11 10:10:06,HO2312-C-2300,HO2312-C-2300,372.0,0.0,0.0,0.0,6,371.8,377.8,6,372.0,369.8,0.0,0.0,0.0,0.0,169
2023-05-11 10:10:15,HO2312-C-2300,HO2312-C-2300,372.0,0.0,0.0,0.0,6,371.8,378.6,18,372.0,369.8,0.0,0.0,0.0,0.0,169
2023-05-11 10:10:20,HO2312-C-2300,HO2312-C-2300,372.0,0.0,0.0,0.0,6,371.4,378.6,18,372.0,369.8,0.0,0.0,0.0,0.0,169
2023-05-11 10:10:22,HO2312-C-2300,HO2312-C-2300,372.0,0.0,0.0,0.0,6,371.4,377.8,6,372.0,369.8,0.0,0.0,0.0,0.0,169
2023-05-11 10:10:34,HO2312-C-2300,HO2312-C-2300,372.0,0.0,0.0,0.0,6,371.4,378.6,18,372.0,369.8,0.0,0.0,0.0,0.0,169
2023-05-11 10:10:36,HO2312-C-2300,HO2312-C-2300,372.0,0.0,0.0,0.0,6,371.2,378.6,12,372.0,369.8,0.0,0.0,0.0,0.0,169
2023-05-11 10:10:37,HO2312-C-2300,HO2312-C-2300,372.0,0.0,0.0,0.0,6,371.2,378.6,6,372.0,369.8,0.0,0.0,0.0,0.0,169
2023-05-11 10:11:07,HO2312-C-2300,HO2312-C-2300,372.0,0.0,0.0,0.0,6,371.2,377.8,6,372.0,369.8,0.0,0.0,0.0,0.0,169
2023-05-11 10:11:30,HO2312-C-2300,HO2312-C-2300,372.0,0.0,0.0,0.0,6,371.0,378.4,6,372.0,369.8,0.0,0.0,0.0,0.0,169
2023-05-11 10:11:30,HO2312-C-2300,HO2312-C-2300,372.0,0.0,0.0,0.0,6,371.2,378.8,24,372.0,369.8,0.0,0.0,0.0,0.0,169
2023-05-11 10:11:31,HO2312-C-2300,HO2312-C-2300,372.0,0.0,0.0,0.0,6,371.2,378.8,18,372.0,369.8,0.0,0.0,0.0,0.0,169
2023-05-11 10:12:08,HO2312-C-2300,HO2312-C-2300,372.0,0.0,0.0,0.0,6,371.2,378.6,6,372.0,369.8,0.0,0.0,0.0,0.0,169
2023-05-11 10:13:48,HO2312-C-2300,HO2312-C-2300,372.0,0.0,0.0,0.0,6,371.2,377.8,6,372.0,369.8,0.0,0.0,0.0,0.0,169
2023-05-11 10:13:58,HO2312-C-2300,HO2312-C-2300,372.0,0.0,0.0,0.0,6,371.6,378.8,18,372.0,369.8,0.0,0.0,0.0,0.0,169
2023-05-11 10:13:58,HO2312-C-2300,HO2312-C-2300,372.0,0.0,0.0,0.0,6,371.8,378.8,12,372.0,369.8,0.0,0.0,0.0,0.0,169
2023-05-11 10:13:59,HO2312-C-2300,HO2312-C-2300,372.0,0.0,0.0,0.0,6,371.8,379.0,12,372.0,369.8,0.0,0.0,0.0,0.0,169
2023-05-11 10:13:59,HO2312-C-2300,HO2312-C-2300,372.0,0.0,0.0,0.0,6,371.8,379.0,6,372.0,369.8,0.0,0.0,0.0,0.0,169
2023-05-11 10:14:00,HO2312-C-2300,HO2312-C-2300,372.0,0.0,0.0,0.0,6,371.8,379.4,30,372.0,369.8,0.0,0.0,0.0,0.0,169
2023-05-11 10:14:10,HO2312-C-2300,HO2312-C-2300,372.0,0.0,0.0,0.0,6,371.8,379.2,6,372.0,369.8,0.0,0.0,0.0,0.0,169
2023-05-11 10:14:58,HO2312-C-2300,HO2312-C-2300,372.0,0.0,0.0,0.0,6,371.8,378.4,6,372.0,369.8,0.0,0.0,0.0,0.0,169
2023-05-11 10:15:47,HO2312-C-2300,HO2312-C-2300,372.0,0.0,0.0,0.0,6,371.8,379.2,6,372.0,369.8,0.0,0.0,0.0,0.0,169
2023-05-11 10:16:11,HO2312-C-2300,HO2312-C-2300,372.0,0.0,0.0,0.0,6,371.8,378.4,6,372.0,369.8,0.0,0.0,0.0,0.0,169
2023-05-11 10:16:24,HO2312-C-2300,HO2312-C-2300,372.0,0.0,0.0,0.0,6,371.8,379.2,6,372.0,369.8,0.0,0.0,0.0,0.0,169
2023-05-11 10:16:44,HO2312-C-2300,HO2312-C-2300,372.0,0.0,0.0,0.0,6,371.8,378.4,6,372.0,369.8,0.0,0.0,0.0,0.0,169
2023-05-11 10:16:44,HO2312-C-2300,HO2312-C-2300,372.0,0.0,0.0,0.0,6,371.8,378.2,6,372.0,369.8,0.0,0.0,0.0,0.0,169
2023-05-11 10:17:06,HO2312-C-2300,HO2312-C-2300,372.0,0.0,0.0,0.0,6,371.8,378.4,6,372.0,369.8,0.0,0.0,0.0,0.0,169
2023-05-11 10:18:09,HO2312-C-2300,HO2312-C-2300,372.0,0.0,0.0,0.0,6,371.8,379.2,12,372.0,369.8,0.0,0.0,0.0,0.0,169
2023-05-11 10:18:32,HO2312-C-2300,HO2312-C-2300,372.0,0.0,0.0,0.0,6,371.8,378.4,6,372.0,369.8,0.0,0.0,0.0,0.0,169
2023-05-11 10:18:58,HO2312-C-2300,HO2312-C-2300,372.0,0.0,0.0,0.0,6,371.8,378.2,6,372.0,369.8,0.0,0.0,0.0,0.0,169
2023-05-11 10:18:59,HO2312-C-2300,HO2312-C-2300,372.0,0.0,0.0,0.0,6,371.8,377.4,6,372.0,369.8,0.0,0.0,0.0,0.0,169
2023-05-11 10:19:58,HO2312-C-2300,HO2312-C-2300,372.0,0.0,0.0,0.0,6,371.4,377.4,6,372.0,369.8,0.0,0.0,0.0,0.0,169
2023-05-11 10:20:02,HO2312-C-2300,HO2312-C-2300,372.0,0.0,0.0,0.0,6,371.4,378.4,36,372.0,369.8,0.0,0.0,0.0,0.0,169
2023-05-11 10:20:02,HO2312-C-2300,HO2312-C-2300,372.0,0.0,0.0,0.0,6,371.4,378.4,24,372.0,369.8,0.0,0.0,0.0,0.0,169
2023-05-11 10:21:39,HO2312-C-2300,HO2312-C-2300,372.0,0.0,0.0,0.0,6,371.4,377.4,6,372.0,369.8,0.0,0.0,0.0,0.0,169
2023-05-11 10:21:40,HO2312-C-2300,HO2312-C-2300,372.0,0.0,0.0,0.0,6,371.2,377.4,12,372.0,369.8,0.0,0.0,0.0,0.0,169
2023-05-11 10:21:55,HO2312-C-2300,HO2312-C-2300,372.0,0.0,0.0,0.0,6,371.0,377.4,6,372.0,369.8,0.0,0.0,0.0,0.0,169
2023-05-11 10:21:57,HO2312-C-2300,HO2312-C-2300,372.0,0.0,0.0,0.0,6,371.0,378.4,30,372.0,369.8,0.0,0.0,0.0,0.0,169
2023-05-11 10:21:57,HO2312-C-2300,HO2312-C-2300,372.0,0.0,0.0,0.0,6,371.0,378.4,24,372.0,369.8,0.0,0.0,0.0,0.0,169
2023-05-11 10:22:04,HO2312-C-2300,HO2312-C-2300,372.0,0.0,0.0,0.0,6,371.0,378.4,18,372.0,369.8,0.0,0.0,0.0,0.0,169
2023-05-11 10:23:58,HO2312-C-2300,HO2312-C-2300,372.0,0.0,0.0,0.0,6,371.0,377.2,6,372.0,369.8,0.0,0.0,0.0,0.0,169
2023-05-11 10:24:01,HO2312-C-2300,HO2312-C-2300,372.0,0.0,0.0,0.0,6,371.0,378.2,6,372.0,369.8,0.0,0.0,0.0,0.0,169
2023-05-11 10:29:56,HO2312-C-2300,HO2312-C-2300,372.0,0.0,0.0,0.0,6,370.8,378.0,6,372.0,369.8,0.0,0.0,0.0,0.0,169
2023-05-11 10:30:03,HO2312-C-2300,HO2312-C-2300,372.0,0.0,0.0,0.0,6,370.8,377.0,6,372.0,369.8,0.0,0.0,0.0,0.0,169
2023-05-11 10:30:03,HO2312-C-2300,HO2312-C-2300,372.0,0.0,0.0,0.0,6,370.8,377.0,12,372.0,369.8,0.0,0.0,0.0,0.0,169
2023-05-11 10:30:04,HO2312-C-2300,HO2312-C-2300,372.0,0.0,0.0,0.0,6,370.8,377.0,18,372.0,369.8,0.0,0.0,0.0,0.0,169
2023-05-11 10:30:05,HO2312-C-2300,HO2312-C-2300,372.0,0.0,0.0,0.0,6,370.8,377.0,24,372.0,369.8,0.0,0.0,0.0,0.0,169
2023-05-11 10:30:41,HO2312-C-2300,HO2312-C-2300,372.0,0.0,0.0,0.0,6,370.6,377.0,6,372.0,369.8,0.0,0.0,0.0,0.0,169
2023-05-11 10:30:42,HO2312-C-2300,HO2312-C-2300,372.0,0.0,0.0,0.0,6,370.6,378.0,18,372.0,369.8,0.0,0.0,0.0,0.0,169
2023-05-11 10:30:52,HO2312-C-2300,HO2312-C-2300,372.0,0.0,0.0,0.0,6,370.6,377.8,6,372.0,369.8,0.0,0.0,0.0,0.0,169
2023-05-11 10:30:53,HO2312-C-2300,HO2312-C-2300,372.0,0.0,0.0,0.0,6,370.6,377.0,6,372.0,369.8,0.0,0.0,0.0,0.0,169
2023-05-11 10:31:00,HO2312-C-2300,HO2312-C-2300,372.0,0.0,0.0,0.0,6,370.6,376.8,6,372.0,369.8,0.0,0.0,0.0,0.0,169
2023-05-11 10:31:10,HO2312-C-2300,HO2312-C-2300,372.0,0.0,0.0,0.0,6,370.6,376.2,6,372.0,369.8,0.0,0.0,0.0,0.0,169
2023-05-11 10:31:11,HO2312-C-2300,HO2312-C-2300,372.0,0.0,0.0,0.0,6,370.2,376.2,6,372.0,369.8,0.0,0.0,0.0,0.0,169
2023-05-11 10:31:27,HO2312-C-2300,HO2312-C-2300,372.0,0.0,0.0,0.0,6,370.2,376.4,6,372.0,369.8,0.0,0.0,0.0,0.0,169
2023-05-11 10:32:10,HO2312-C-2300,HO2312-C-2300,372.0,0.0,0.0,0.0,6,370.2,376.8,12,372.0,369.8,0.0,0.0,0.0,0.0,169
2023-05-11 10:32:11,HO2312-C-2300,HO2312-C-2300,372.0,0.0,0.0,0.0,6,370.2,376.8,6,372.0,369.8,0.0,0.0,0.0,0.0,169
2023-05-11 10:32:17,HO2312-C-2300,HO2312-C-2300,372.0,0.0,0.0,0.0,6,370.2,377.0,24,372.0,369.8,0.0,0.0,0.0,0.0,169
2023-05-11 10:33:14,HO2312-C-2300,HO2312-C-2300,372.0,0.0,0.0,0.0,6,370.4,377.0,18,372.0,369.8,0.0,0.0,0.0,0.0,169
2023-05-11 10:33:15,HO2312-C-2300,HO2312-C-2300,372.0,0.0,0.0,0.0,6,370.6,377.0,12,372.0,369.8,0.0,0.0,0.0,0.0,169
2023-05-11 10:33:16,HO2312-C-2300,HO2312-C-2300,372.0,0.0,0.0,0.0,6,370.6,377.0,6,372.0,369.8,0.0,0.0,0.0,0.0,169
2023-05-11 10:34:04,HO2312-C-2300,HO2312-C-2300,372.0,0.0,0.0,0.0,6,370.2,377.0,12,372.0,369.8,0.0,0.0,0.0,0.0,169
2023-05-11 10:34:10,HO2312-C-2300,HO2312-C-2300,372.0,0.0,0.0,0.0,6,370.2,377.0,6,372.0,369.8,0.0,0.0,0.0,0.0,169
2023-05-11 10:34:39,HO2312-C-2300,HO2312-C-2300,372.0,0.0,0.0,0.0,6,370.4,377.0,6,372.0,369.8,0.0,0.0,0.0,0.0,169
2023-05-11 10:34:40,HO2312-C-2300,HO2312-C-2300,372.0,0.0,0.0,0.0,6,370.6,377.0,6,372.0,369.8,0.0,0.0,0.0,0.0,169
2023-05-11 10:34:48,HO2312-C-2300,HO2312-C-2300,372.0,0.0,0.0,0.0,6,370.2,377.0,6,372.0,369.8,0.0,0.0,0.0,0.0,169
2023-05-11 10:35:18,HO2312-C-2300,HO2312-C-2300,372.0,0.0,0.0,0.0,6,370.4,377.0,6,372.0,369.8,0.0,0.0,0.0,0.0,169
2023-05-11 10:35:18,HO2312-C-2300,HO2312-C-2300,372.0,0.0,0.0,0.0,6,370.6,377.0,6,372.0,369.8,0.0,0.0,0.0,0.0,169
2023-05-11 10:35:34,HO2312-C-2300,HO2312-C-2300,372.0,0.0,0.0,0.0,6,370.6,377.0,12,372.0,369.8,0.0,0.0,0.0,0.0,169
2023-05-11 10:35:34,HO2312-C-2300,HO2312-C-2300,372.0,0.0,0.0,0.0,6,370.2,377.0,6,372.0,369.8,0.0,0.0,0.0,0.0,169
2023-05-11 10:36:50,HO2312-C-2300,HO2312-C-2300,372.0,0.0,0.0,0.0,6,370.4,377.0,6,372.0,369.8,0.0,0.0,0.0,0.0,169
2023-05-11 10:36:51,HO2312-C-2300,HO2312-C-2300,372.0,0.0,0.0,0.0,6,370.6,377.0,6,372.0,369.8,0.0,0.0,0.0,0.0,169
2023-05-11 10:38:39,HO2312-C-2300,HO2312-C-2300,372.0,0.0,0.0,0.0,6,370.6,377.0,12,372.0,369.8,0.0,0.0,0.0,0.0,169
2023-05-11 10:38:39,HO2312-C-2300,HO2312-C-2300,372.0,0.0,0.0,0.0,6,370.2,377.0,18,372.0,369.8,0.0,0.0,0.0,0.0,169
2023-05-11 10:38:46,HO2312-C-2300,HO2312-C-2300,372.0,0.0,0.0,0.0,6,370.4,377.0,6,372.0,369.8,0.0,0.0,0.0,0.0,169
2023-05-11 10:38:46,HO2312-C-2300,HO2312-C-2300,372.0,0.0,0.0,0.0,6,370.6,377.0,6,372.0,369.8,0.0,0.0,0.0,0.0,169
2023-05-11 10:41:07,HO2312-C-2300,HO2312-C-2300,372.0,0.0,0.0,0.0,6,370.2,377.0,6,372.0,369.8,0.0,0.0,0.0,0.0,169
2023-05-11 10:42:07,HO2312-C-2300,HO2312-C-2300,372.0,0.0,0.0,0.0,6,370.2,376.8,6,372.0,369.8,0.0,0.0,0.0,0.0,169
2023-05-11 10:50:09,HO2312-C-2300,HO2312-C-2300,372.0,0.0,0.0,0.0,6,370.2,376.2,6,372.0,369.8,0.0,0.0,0.0,0.0,169
2023-05-11 10:50:09,HO2312-C-2300,HO2312-C-2300,372.0,0.0,0.0,0.0,12,370.0,376.0,6,372.0,369.8,0.0,0.0,0.0,0.0,169
2023-05-11 10:50:10,HO2312-C-2300,HO2312-C-2300,372.0,0.0,0.0,0.0,6,370.0,376.0,6,372.0,369.8,0.0,0.0,0.0,0.0,169
2023-05-11 10:50:20,HO2312-C-2300,HO2312-C-2300,372.0,0.0,0.0,0.0,6,370.2,376.2,18,372.0,369.8,0.0,0.0,0.0,0.0,169
2023-05-11 10:52:12,HO2312-C-2300,HO2312-C-2300,372.0,0.0,0.0,0.0,6,370.2,376.2,12,372.0,369.8,0.0,0.0,0.0,0.0,169
2023-05-11 10:52:12,HO2312-C-2300,HO2312-C-2300,372.0,0.0,0.0,0.0,6,370.2,377.0,24,372.0,369.8,0.0,0.0,0.0,0.0,169
2023-05-11 10:55:03,HO2312-C-2300,HO2312-C-2300,372.0,0.0,0.0,0.0,6,370.2,376.2,6,372.0,369.8,0.0,0.0,0.0,0.0,169
2023-05-11 10:55:51,HO2312-C-2300,HO2312-C-2300,372.0,0.0,0.0,0.0,6,370.2,377.0,24,372.0,369.8,0.0,0.0,0.0,0.0,169
2023-05-11 11:00:06,HO2312-C-2300,HO2312-C-2300,372.0,0.0,0.0,0.0,6,370.2,376.0,6,372.0,369.8,0.0,0.0,0.0,0.0,169
2023-05-11 11:01:12,HO2312-C-2300,HO2312-C-2300,372.0,0.0,0.0,0.0,6,370.2,377.0,18,372.0,369.8,0.0,0.0,0.0,0.0,169
2023-05-11 11:02:20,HO2312-C-2300,HO2312-C-2300,372.0,0.0,0.0,0.0,6,370.2,376.2,6,372.0,369.8,0.0,0.0,0.0,0.0,169
2023-05-11 11:03:06,HO2312-C-2300,HO2312-C-2300,372.0,0.0,0.0,0.0,6,370.2,377.0,18,372.0,369.8,0.0,0.0,0.0,0.0,169
2023-05-11 11:03:07,HO2312-C-2300,HO2312-C-2300,372.0,0.0,0.0,0.0,6,370.2,377.0,12,372.0,369.8,0.0,0.0,0.0,0.0,169
2023-05-11 11:03:08,HO2312-C-2300,HO2312-C-2300,372.0,0.0,0.0,0.0,6,370.2,377.2,18,372.0,369.8,0.0,0.0,0.0,0.0,169
2023-05-11 11:03:46,HO2312-C-2300,HO2312-C-2300,372.0,0.0,0.0,0.0,6,370.2,377.0,6,372.0,369.8,0.0,0.0,0.0,0.0,169
2023-05-11 11:05:57,HO2312-C-2300,HO2312-C-2300,372.0,0.0,0.0,0.0,6,370.2,377.2,18,372.0,369.8,0.0,0.0,0.0,0.0,169
2023-05-11 11:05:58,HO2312-C-2300,HO2312-C-2300,372.0,0.0,0.0,0.0,6,370.4,377.2,12,372.0,369.8,0.0,0.0,0.0,0.0,169
2023-05-11 11:05:58,HO2312-C-2300,HO2312-C-2300,372.0,0.0,0.0,0.0,6,370.6,377.4,18,372.0,369.8,0.0,0.0,0.0,0.0,169
2023-05-11 11:06:02,HO2312-C-2300,HO2312-C-2300,372.0,0.0,0.0,0.0,6,370.6,377.4,12,372.0,369.8,0.0,0.0,0.0,0.0,169
2023-05-11 11:06:03,HO2312-C-2300,HO2312-C-2300,372.0,0.0,0.0,0.0,6,370.6,377.4,6,372.0,369.8,0.0,0.0,0.0,0.0,169
2023-05-11 11:07:33,HO2312-C-2300,HO2312-C-2300,372.0,0.0,0.0,0.0,6,371.6,377.8,12,372.0,369.8,0.0,0.0,0.0,0.0,169
2023-05-11 11:07:34,HO2312-C-2300,HO2312-C-2300,372.0,0.0,0.0,0.0,6,371.6,378.0,6,372.0,369.8,0.0,0.0,0.0,0.0,169
2023-05-11 11:07:34,HO2312-C-2300,HO2312-C-2300,372.0,0.0,0.0,0.0,6,371.8,378.2,12,372.0,369.8,0.0,0.0,0.0,0.0,169
2023-05-11 11:07:35,HO2312-C-2300,HO2312-C-2300,372.0,0.0,0.0,0.0,6,371.8,378.4,12,372.0,369.8,0.0,0.0,0.0,0.0,169
2023-05-11 11:07:35,HO2312-C-2300,HO2312-C-2300,372.0,0.0,0.0,0.0,6,371.8,378.6,24,372.0,369.8,0.0,0.0,0.0,0.0,169
2023-05-11 11:07:36,HO2312-C-2300,HO2312-C-2300,372.0,0.0,0.0,0.0,6,371.8,378.6,12,372.0,369.8,0.0,0.0,0.0,0.0,169
2023-05-11 11:07:36,HO2312-C-2300,HO2312-C-2300,372.0,0.0,0.0,0.0,6,371.8,378.8,18,372.0,369.8,0.0,0.0,0.0,0.0,169
2023-05-11 11:07:38,HO2312-C-2300,HO2312-C-2300,372.0,0.0,0.0,0.0,6,372.4,378.8,12,372.0,369.8,0.0,0.0,0.0,0.0,169
2023-05-11 11:07:38,HO2312-C-2300,HO2312-C-2300,372.0,0.0,0.0,0.0,6,372.6,378.8,6,372.0,369.8,0.0,0.0,0.0,0.0,169
2023-05-11 11:07:39,HO2312-C-2300,HO2312-C-2300,372.0,0.0,0.0,0.0,6,372.6,379.6,24,372.0,369.8,0.0,0.0,0.0,0.0,169
2023-05-11 11:07:43,HO2312-C-2300,HO2312-C-2300,372.0,0.0,0.0,0.0,6,372.6,379.6,18,372.0,369.8,0.0,0.0,0.0,0.0,169
2023-05-11 11:07:49,HO2312-C-2300,HO2312-C-2300,372.0,0.0,0.0,0.0,6,372.6,379.2,6,372.0,369.8,0.0,0.0,0.0,0.0,169
2023-05-11 11:08:10,HO2312-C-2300,HO2312-C-2300,372.0,0.0,0.0,0.0,18,372.4,379.0,6,372.0,369.8,0.0,0.0,0.0,0.0,169
2023-05-11 11:08:10,HO2312-C-2300,HO2312-C-2300,372.0,0.0,0.0,0.0,18,372.4,378.2,6,372.0,369.8,0.0,0.0,0.0,0.0,169
2023-05-11 11:08:11,HO2312-C-2300,HO2312-C-2300,372.0,0.0,0.0,0.0,12,372.4,378.2,6,372.0,369.8,0.0,0.0,0.0,0.0,169
2023-05-11 11:08:12,HO2312-C-2300,HO2312-C-2300,372.0,0.0,0.0,0.0,6,372.4,378.2,6,372.0,369.8,0.0,0.0,0.0,0.0,169
2023-05-11 11:08:12,HO2312-C-2300,HO2312-C-2300,372.0,0.0,0.0,0.0,6,372.0,378.2,6,372.0,369.8,0.0,0.0,0.0,0.0,169
2023-05-11 11:08:25,HO2312-C-2300,HO2312-C-2300,372.0,0.0,0.0,0.0,6,372.0,379.0,12,372.0,369.8,0.0,0.0,0.0,0.0,169
2023-05-11 11:08:26,HO2312-C-2300,HO2312-C-2300,372.0,0.0,0.0,0.0,6,372.0,379.2,24,372.0,369.8,0.0,0.0,0.0,0.0,169
2023-05-11 11:09:02,HO2312-C-2300,HO2312-C-2300,372.0,0.0,0.0,0.0,6,372.0,379.2,18,372.0,369.8,0.0,0.0,0.0,0.0,169
2023-05-11 11:10:09,HO2312-C-2300,HO2312-C-2300,372.0,0.0,0.0,0.0,6,372.0,378.2,6,372.0,369.8,0.0,0.0,0.0,0.0,169
2023-05-11 11:10:33,HO2312-C-2300,HO2312-C-2300,372.0,0.0,0.0,0.0,6,372.0,378.2,12,372.0,369.8,0.0,0.0,0.0,0.0,169
2023-05-11 11:10:48,HO2312-C-2300,HO2312-C-2300,372.0,0.0,0.0,0.0,6,372.0,378.2,18,372.0,369.8,0.0,0.0,0.0,0.0,169
2023-05-11 11:10:49,HO2312-C-2300,HO2312-C-2300,372.0,0.0,0.0,0.0,6,372.0,378.2,24,372.0,369.8,0.0,0.0,0.0,0.0,169
2023-05-11 11:11:02,HO2312-C-2300,HO2312-C-2300,372.0,0.0,0.0,0.0,6,371.6,378.2,18,372.0,369.8,0.0,0.0,0.0,0.0,169
2023-05-11 11:11:12,HO2312-C-2300,HO2312-C-2300,372.0,0.0,0.0,0.0,12,371.2,378.2,18,372.0,369.8,0.0,0.0,0.0,0.0,169
2023-05-11 11:11:12,HO2312-C-2300,HO2312-C-2300,372.0,0.0,0.0,0.0,6,371.2,378.0,6,372.0,369.8,0.0,0.0,0.0,0.0,169
2023-05-11 11:19:42,HO2312-C-2300,HO2312-C-2300,372.0,0.0,0.0,0.0,6,371.2,377.0,6,372.0,369.8,0.0,0.0,0.0,0.0,169
2023-05-11 11:19:43,HO2312-C-2300,HO2312-C-2300,372.0,0.0,0.0,0.0,12,371.0,377.0,6,372.0,369.8,0.0,0.0,0.0,0.0,169
2023-05-11 11:19:43,HO2312-C-2300,HO2312-C-2300,372.0,0.0,0.0,0.0,6,371.0,376.8,6,372.0,369.8,0.0,0.0,0.0,0.0,169
2023-05-11 11:19:45,HO2312-C-2300,HO2312-C-2300,372.0,0.0,0.0,0.0,6,371.2,377.0,18,372.0,369.8,0.0,0.0,0.0,0.0,169
2023-05-11 11:20:17,HO2312-C-2300,HO2312-C-2300,372.0,0.0,0.0,0.0,6,370.6,377.0,18,372.0,369.8,0.0,0.0,0.0,0.0,169
2023-05-11 11:23:36,HO2312-C-2300,HO2312-C-2300,372.0,0.0,0.0,0.0,12,370.4,376.8,6,372.0,369.8,0.0,0.0,0.0,0.0,169
2023-05-11 11:23:37,HO2312-C-2300,HO2312-C-2300,372.0,0.0,0.0,0.0,12,370.2,376.8,6,372.0,369.8,0.0,0.0,0.0,0.0,169
2023-05-11 11:23:37,HO2312-C-2300,HO2312-C-2300,372.0,0.0,0.0,0.0,30,370.0,376.8,6,372.0,369.8,0.0,0.0,0.0,0.0,169
2023-05-11 11:23:38,HO2312-C-2300,HO2312-C-2300,372.0,0.0,0.0,0.0,24,370.0,376.8,6,372.0,369.8,0.0,0.0,0.0,0.0,169
2023-05-11 11:23:59,HO2312-C-2300,HO2312-C-2300,372.0,0.0,0.0,0.0,18,370.0,376.8,6,372.0,369.8,0.0,0.0,0.0,0.0,169
2023-05-11 11:25:07,HO2312-C-2300,HO2312-C-2300,372.0,0.0,0.0,0.0,18,370.0,376.0,6,372.0,369.8,0.0,0.0,0.0,0.0,169
2023-05-11 11:25:48,HO2312-C-2300,HO2312-C-2300,372.0,0.0,0.0,0.0,12,370.0,375.8,6,372.0,369.8,0.0,0.0,0.0,0.0,169
2023-05-11 11:25:49,HO2312-C-2300,HO2312-C-2300,372.0,0.0,0.0,0.0,6,370.0,375.8,6,372.0,369.8,0.0,0.0,0.0,0.0,169
2023-05-11 11:29:15,HO2312-C-2300,HO2312-C-2300,372.0,0.0,0.0,0.0,12,369.8,375.8,6,372.0,369.8,0.0,0.0,0.0,0.0,169
2023-05-11 11:29:15,HO2312-C-2300,HO2312-C-2300,372.0,0.0,0.0,0.0,6,369.8,375.8,6,372.0,369.8,0.0,0.0,0.0,0.0,169
2023-05-11 11:29:16,HO2312-C-2300,HO2312-C-2300,372.0,0.0,0.0,0.0,18,369.6,375.8,6,372.0,369.8,0.0,0.0,0.0,0.0,169
2023-05-11 11:29:21,HO2312-C-2300,HO2312-C-2300,372.0,0.0,0.0,0.0,18,369.6,376.0,18,372.0,369.8,0.0,0.0,0.0,0.0,169
2023-05-11 11:29:21,HO2312-C-2300,HO2312-C-2300,372.0,0.0,0.0,0.0,12,369.6,376.0,18,372.0,369.8,0.0,0.0,0.0,0.0,169
2023-05-11 11:29:22,HO2312-C-2300,HO2312-C-2300,372.0,0.0,0.0,0.0,6,369.6,376.0,18,372.0,369.8,0.0,0.0,0.0,0.0,169
2023-05-11 11:29:24,HO2312-C-2300,HO2312-C-2300,372.0,0.0,0.0,0.0,6,369.6,376.0,12,372.0,369.8,0.0,0.0,0.0,0.0,169
2023-05-11 11:29:24,HO2312-C-2300,HO2312-C-2300,372.0,0.0,0.0,0.0,6,369.6,376.8,24,372.0,369.8,0.0,0.0,0.0,0.0,169
2023-05-11 11:29:25,HO2312-C-2300,HO2312-C-2300,372.0,0.0,0.0,0.0,6,369.6,376.8,12,372.0,369.8,0.0,0.0,0.0,0.0,169
2023-05-11 11:29:25,HO2312-C-2300,HO2312-C-2300,372.0,0.0,0.0,0.0,6,369.6,377.0,24,372.0,369.8,0.0,0.0,0.0,0.0,169
2023-05-11 11:29:31,HO2312-C-2300,HO2312-C-2300,372.0,0.0,0.0,0.0,6,369.6,377.0,12,372.0,369.8,0.0,0.0,0.0,0.0,169
2023-05-11 11:29:32,HO2312-C-2300,HO2312-C-2300,372.0,0.0,0.0,0.0,6,369.6,377.0,6,372.0,369.8,0.0,0.0,0.0,0.0,169
2023-05-11 11:29:32,HO2312-C-2300,HO2312-C-2300,372.0,0.0,0.0,0.0,6,369.0,377.6,6,372.0,369.8,0.0,0.0,0.0,0.0,169
2023-05-11 11:29:33,HO2312-C-2300,HO2312-C-2300,372.0,0.0,0.0,0.0,6,368.6,377.6,6,372.0,369.8,0.0,0.0,0.0,0.0,169
2023-05-11 11:29:36,HO2312-C-2300,HO2312-C-2300,372.0,0.0,0.0,0.0,6,361.2,379.4,6,372.0,369.8,0.0,0.0,0.0,0.0,169
2023-05-11 11:29:42,HO2312-C-2300,HO2312-C-2300,372.0,0.0,0.0,0.0,12,357.8,382.8,12,372.0,369.8,0.0,0.0,0.0,0.0,169
2023-05-11 11:29:42,HO2312-C-2300,HO2312-C-2300,372.0,0.0,0.0,0.0,6,357.8,382.8,6,372.0,369.8,0.0,0.0,0.0,0.0,169
2023-05-11 11:29:46,HO2312-C-2300,HO2312-C-2300,372.0,0.0,0.0,0.0,1,202.8,450.0,1,372.0,369.8,0.0,0.0,0.0,0.0,169
2023-05-11 11:29:48,HO2312-C-2300,HO2312-C-2300,372.0,0.0,0.0,0.0,1,291.2,430.0,1,372.0,369.8,0.0,0.0,0.0,0.0,169
2023-05-11 11:29:48,HO2312-C-2300,HO2312-C-2300,372.0,0.0,0.0,0.0,1,291.8,430.0,1,372.0,369.8,0.0,0.0,0.0,0.0,169
2023-05-11 11:29:50,HO2312-C-2300,HO2312-C-2300,372.0,0.0,0.0,0.0,1,311.8,430.0,1,372.0,369.8,0.0,0.0,0.0,0.0,169
2023-05-11 13:00:00,HO2312-C-2300,HO2312-C-2300,372.0,0.0,0.0,0.0,6,358.8,383.8,6,372.0,369.8,0.0,0.0,0.0,0.0,169
2023-05-11 13:00:10,HO2312-C-2300,HO2312-C-2300,372.0,0.0,0.0,0.0,6,366.8,374.4,6,372.0,369.8,0.0,0.0,0.0,0.0,169
2023-05-11 13:00:13,HO2312-C-2300,HO2312-C-2300,372.0,0.0,0.0,0.0,6,367.0,374.4,6,372.0,369.8,0.0,0.0,0.0,0.0,169
2023-05-11 13:01:13,HO2312-C-2300,HO2312-C-2300,372.0,0.0,0.0,0.0,6,367.0,373.4,6,372.0,369.8,0.0,0.0,0.0,0.0,169
2023-05-11 13:01:24,HO2312-C-2300,HO2312-C-2300,372.0,0.0,0.0,0.0,6,367.0,374.6,12,372.0,369.8,0.0,0.0,0.0,0.0,169
2023-05-11 13:02:52,HO2312-C-2300,HO2312-C-2300,372.0,0.0,0.0,0.0,6,367.0,373.6,6,372.0,369.8,0.0,0.0,0.0,0.0,169
2023-05-11 13:02:52,HO2312-C-2300,HO2312-C-2300,372.0,0.0,0.0,0.0,6,367.0,373.4,6,372.0,369.8,0.0,0.0,0.0,0.0,169
2023-05-11 13:04:28,HO2312-C-2300,HO2312-C-2300,372.0,0.0,0.0,0.0,6,367.0,372.8,6,372.0,369.8,0.0,0.0,0.0,0.0,169
2023-05-11 13:05:07,HO2312-C-2300,HO2312-C-2300,372.0,0.0,0.0,0.0,6,367.0,373.4,6,372.0,369.8,0.0,0.0,0.0,0.0,169
2023-05-11 13:06:00,HO2312-C-2300,HO2312-C-2300,372.0,0.0,0.0,0.0,6,367.0,373.6,24,372.0,369.8,0.0,0.0,0.0,0.0,169
2023-05-11 13:06:00,HO2312-C-2300,HO2312-C-2300,372.0,0.0,0.0,0.0,6,367.0,373.6,18,372.0,369.8,0.0,0.0,0.0,0.0,169
2023-05-11 13:09:59,HO2312-C-2300,HO2312-C-2300,372.0,0.0,0.0,0.0,6,367.0,372.8,6,372.0,369.8,0.0,0.0,0.0,0.0,169
2023-05-11 13:10:18,HO2312-C-2300,HO2312-C-2300,372.0,0.0,0.0,0.0,3,370.0,372.8,6,372.0,369.8,0.0,0.0,0.0,0.0,169
2023-05-11 13:10:26,HO2312-C-2300,HO2312-C-2300,372.0,0.0,0.0,0.0,3,370.0,373.6,12,372.0,369.8,0.0,0.0,0.0,0.0,169
2023-05-11 13:10:26,HO2312-C-2300,HO2312-C-2300,372.0,0.0,0.0,0.0,3,370.0,373.8,24,372.0,369.8,0.0,0.0,0.0,0.0,169
2023-05-11 13:10:27,HO2312-C-2300,HO2312-C-2300,372.0,0.0,0.0,0.0,3,370.0,373.8,18,372.0,369.8,0.0,0.0,0.0,0.0,169
2023-05-11 13:10:28,HO2312-C-2300,HO2312-C-2300,372.0,0.0,0.0,0.0,2,370.0,373.8,18,372.0,369.8,0.0,0.0,0.0,0.0,169
2023-05-11 13:10:31,HO2312-C-2300,HO2312-C-2300,372.0,0.0,0.0,0.0,1,370.0,373.8,18,372.0,369.8,0.0,0.0,0.0,0.0,169
2023-05-11 13:10:40,HO2312-C-2300,HO2312-C-2300,372.0,0.0,0.0,0.0,1,369.8,373.8,18,372.0,369.8,0.0,0.0,0.0,0.0,169
2023-05-11 13:10:57,HO2312-C-2300,HO2312-C-2300,369.8,1.0,36980.0,1.0,1,369.6,373.8,18,372.0,369.8,369.8,369.8,1.0,36980.0,170
2023-05-11 13:11:50,HO2312-C-2300,HO2312-C-2300,369.8,0.0,0.0,0.0,1,369.0,373.8,18,372.0,369.8,369.8,369.8,1.0,36980.0,170
2023-05-11 13:12:02,HO2312-C-2300,HO2312-C-2300,369.8,0.0,0.0,0.0,1,369.0,373.6,6,372.0,369.8,369.8,369.8,1.0,36980.0,170
2023-05-11 13:12:03,HO2312-C-2300,HO2312-C-2300,369.8,0.0,0.0,0.0,1,369.0,372.8,6,372.0,369.8,369.8,369.8,1.0,36980.0,170
2023-05-11 13:12:08,HO2312-C-2300,HO2312-C-2300,369.0,1.0,36900.0,1.0,1,368.8,372.8,6,372.0,369.8,369.8,369.0,2.0,73880.0,171
2023-05-11 13:12:26,HO2312-C-2300,HO2312-C-2300,368.8,1.0,36880.0,1.0,6,368.2,372.8,6,372.0,369.8,369.8,368.8,3.0,110760.0,172
2023-05-11 13:12:26,HO2312-C-2300,HO2312-C-2300,368.8,0.0,0.0,0.0,30,367.2,372.8,6,372.0,369.8,369.8,368.8,3.0,110760.0,172
2023-05-11 13:12:27,HO2312-C-2300,HO2312-C-2300,368.8,0.0,0.0,0.0,6,367.2,372.8,6,372.0,369.8,369.8,368.8,3.0,110760.0,172
2023-05-11 13:12:27,HO2312-C-2300,HO2312-C-2300,368.8,0.0,0.0,0.0,24,366.4,372.8,6,372.0,369.8,369.8,368.8,3.0,110760.0,172
2023-05-11 13:12:28,HO2312-C-2300,HO2312-C-2300,368.8,0.0,0.0,0.0,18,366.4,372.8,6,372.0,369.8,369.8,368.8,3.0,110760.0,172
2023-05-11 13:12:29,HO2312-C-2300,HO2312-C-2300,368.8,0.0,0.0,0.0,12,366.4,372.8,6,372.0,369.8,369.8,368.8,3.0,110760.0,172
2023-05-11 13:12:30,HO2312-C-2300,HO2312-C-2300,368.8,0.0,0.0,0.0,6,366.4,372.8,6,372.0,369.8,369.8,368.8,3.0,110760.0,172
2023-05-11 13:12:30,HO2312-C-2300,HO2312-C-2300,368.8,0.0,0.0,0.0,6,366.0,372.8,6,372.0,369.8,369.8,368.8,3.0,110760.0,172
2023-05-11 13:12:35,HO2312-C-2300,HO2312-C-2300,368.8,0.0,0.0,0.0,6,366.0,372.0,6,372.0,369.8,369.8,368.8,3.0,110760.0,172
2023-05-11 13:13:17,HO2312-C-2300,HO2312-C-2300,368.8,0.0,0.0,0.0,30,365.4,372.0,6,372.0,369.8,369.8,368.8,3.0,110760.0,172
2023-05-11 13:13:18,HO2312-C-2300,HO2312-C-2300,368.8,0.0,0.0,0.0,18,365.4,372.0,6,372.0,369.8,369.8,368.8,3.0,110760.0,172
2023-05-11 13:14:50,HO2312-C-2300,HO2312-C-2300,368.8,0.0,0.0,0.0,12,365.4,371.8,6,372.0,369.8,369.8,368.8,3.0,110760.0,172
2023-05-11 13:14:50,HO2312-C-2300,HO2312-C-2300,368.8,0.0,0.0,0.0,18,365.2,371.8,6,372.0,369.8,369.8,368.8,3.0,110760.0,172
2023-05-11 13:14:51,HO2312-C-2300,HO2312-C-2300,368.8,0.0,0.0,0.0,18,365.2,371.0,6,372.0,369.8,369.8,368.8,3.0,110760.0,172
2023-05-11 13:18:55,HO2312-C-2300,HO2312-C-2300,368.8,0.0,0.0,0.0,12,365.2,371.0,6,372.0,369.8,369.8,368.8,3.0,110760.0,172
2023-05-11 13:18:56,HO2312-C-2300,HO2312-C-2300,368.8,0.0,0.0,0.0,6,365.2,371.0,6,372.0,369.8,369.8,368.8,3.0,110760.0,172
2023-05-11 13:22:02,HO2312-C-2300,HO2312-C-2300,368.8,0.0,0.0,0.0,6,365.2,370.8,6,372.0,369.8,369.8,368.8,3.0,110760.0,172
2023-05-11 13:23:36,HO2312-C-2300,HO2312-C-2300,368.8,0.0,0.0,0.0,12,364.6,370.8,6,372.0,369.8,369.8,368.8,3.0,110760.0,172
2023-05-11 13:23:37,HO2312-C-2300,HO2312-C-2300,368.8,0.0,0.0,0.0,24,364.2,370.8,6,372.0,369.8,369.8,368.8,3.0,110760.0,172
2023-05-11 13:23:37,HO2312-C-2300,HO2312-C-2300,368.8,0.0,0.0,0.0,12,364.2,370.8,6,372.0,369.8,369.8,368.8,3.0,110760.0,172
2023-05-11 13:23:38,HO2312-C-2300,HO2312-C-2300,368.8,0.0,0.0,0.0,18,363.6,370.2,6,372.0,369.8,369.8,368.8,3.0,110760.0,172
2023-05-11 13:24:09,HO2312-C-2300,HO2312-C-2300,368.8,0.0,0.0,0.0,12,363.6,370.0,6,372.0,369.8,369.8,368.8,3.0,110760.0,172
2023-05-11 13:24:10,HO2312-C-2300,HO2312-C-2300,368.8,0.0,0.0,0.0,12,363.2,370.0,6,372.0,369.8,369.8,368.8,3.0,110760.0,172
2023-05-11 13:24:10,HO2312-C-2300,HO2312-C-2300,368.8,0.0,0.0,0.0,18,362.8,370.0,6,372.0,369.8,369.8,368.8,3.0,110760.0,172
2023-05-11 13:27:32,HO2312-C-2300,HO2312-C-2300,368.8,0.0,0.0,0.0,12,362.8,370.0,6,372.0,369.8,369.8,368.8,3.0,110760.0,172
2023-05-11 13:27:33,HO2312-C-2300,HO2312-C-2300,368.8,0.0,0.0,0.0,18,362.6,370.0,6,372.0,369.8,369.8,368.8,3.0,110760.0,172
2023-05-11 13:28:08,HO2312-C-2300,HO2312-C-2300,368.8,0.0,0.0,0.0,18,362.6,369.2,6,372.0,369.8,369.8,368.8,3.0,110760.0,172
2023-05-11 13:28:09,HO2312-C-2300,HO2312-C-2300,368.8,0.0,0.0,0.0,12,362.6,369.0,6,372.0,369.8,369.8,368.8,3.0,110760.0,172
2023-05-11 13:28:09,HO2312-C-2300,HO2312-C-2300,368.8,0.0,0.0,0.0,18,362.4,369.0,6,372.0,369.8,369.8,368.8,3.0,110760.0,172
2023-05-11 13:28:11,HO2312-C-2300,HO2312-C-2300,368.8,0.0,0.0,0.0,12,362.4,369.0,6,372.0,369.8,369.8,368.8,3.0,110760.0,172
2023-05-11 13:28:11,HO2312-C-2300,HO2312-C-2300,368.8,0.0,0.0,0.0,6,362.4,369.0,6,372.0,369.8,369.8,368.8,3.0,110760.0,172
2023-05-11 13:28:12,HO2312-C-2300,HO2312-C-2300,368.8,0.0,0.0,0.0,18,361.8,369.0,6,372.0,369.8,369.8,368.8,3.0,110760.0,172
2023-05-11 13:29:44,HO2312-C-2300,HO2312-C-2300,368.8,0.0,0.0,0.0,1,362.8,369.0,6,372.0,369.8,369.8,368.8,3.0,110760.0,172
2023-05-11 13:30:11,HO2312-C-2300,HO2312-C-2300,368.8,0.0,0.0,0.0,1,362.8,368.2,6,372.0,369.8,369.8,368.8,3.0,110760.0,172
2023-05-11 13:30:14,HO2312-C-2300,HO2312-C-2300,368.8,0.0,0.0,0.0,1,362.8,368.0,6,372.0,369.8,369.8,368.8,3.0,110760.0,172
2023-05-11 13:30:17,HO2312-C-2300,HO2312-C-2300,368.8,0.0,0.0,0.0,1,362.8,367.4,6,372.0,369.8,369.8,368.8,3.0,110760.0,172
2023-05-11 13:31:58,HO2312-C-2300,HO2312-C-2300,368.8,0.0,0.0,0.0,1,362.8,367.2,6,372.0,369.8,369.8,368.8,3.0,110760.0,172
2023-05-11 13:33:13,HO2312-C-2300,HO2312-C-2300,368.8,0.0,0.0,0.0,1,362.8,367.4,6,372.0,369.8,369.8,368.8,3.0,110760.0,172
2023-05-11 13:36:29,HO2312-C-2300,HO2312-C-2300,368.8,0.0,0.0,0.0,1,362.8,368.2,24,372.0,369.8,369.8,368.8,3.0,110760.0,172
2023-05-11 13:37:10,HO2312-C-2300,HO2312-C-2300,368.8,0.0,0.0,0.0,1,362.8,367.4,6,372.0,369.8,369.8,368.8,3.0,110760.0,172
2023-05-11 13:39:54,HO2312-C-2300,HO2312-C-2300,368.8,0.0,0.0,0.0,1,362.8,368.2,18,372.0,369.8,369.8,368.8,3.0,110760.0,172
2023-05-11 13:39:55,HO2312-C-2300,HO2312-C-2300,368.8,0.0,0.0,0.0,1,362.8,368.2,12,372.0,369.8,369.8,368.8,3.0,110760.0,172
2023-05-11 13:39:55,HO2312-C-2300,HO2312-C-2300,368.8,0.0,0.0,0.0,1,362.8,368.2,6,372.0,369.8,369.8,368.8,3.0,110760.0,172
2023-05-11 13:39:56,HO2312-C-2300,HO2312-C-2300,368.8,0.0,0.0,0.0,1,362.8,368.4,30,372.0,369.8,369.8,368.8,3.0,110760.0,172
2023-05-11 13:40:03,HO2312-C-2300,HO2312-C-2300,368.8,0.0,0.0,0.0,1,362.8,368.2,6,372.0,369.8,369.8,368.8,3.0,110760.0,172
2023-05-11 13:41:30,HO2312-C-2300,HO2312-C-2300,368.8,0.0,0.0,0.0,1,362.8,367.2,6,372.0,369.8,369.8,368.8,3.0,110760.0,172
2023-05-11 13:42:16,HO2312-C-2300,HO2312-C-2300,368.8,0.0,0.0,0.0,1,362.8,368.2,18,372.0,369.8,369.8,368.8,3.0,110760.0,172
2023-05-11 13:42:17,HO2312-C-2300,HO2312-C-2300,368.8,0.0,0.0,0.0,1,362.8,368.2,12,372.0,369.8,369.8,368.8,3.0,110760.0,172
2023-05-11 13:42:32,HO2312-C-2300,HO2312-C-2300,368.8,0.0,0.0,0.0,1,362.8,367.2,6,372.0,369.8,369.8,368.8,3.0,110760.0,172
2023-05-11 13:43:48,HO2312-C-2300,HO2312-C-2300,368.8,0.0,0.0,0.0,1,362.8,368.2,18,372.0,369.8,369.8,368.8,3.0,110760.0,172
2023-05-11 13:43:49,HO2312-C-2300,HO2312-C-2300,368.8,0.0,0.0,0.0,1,362.8,368.2,12,372.0,369.8,369.8,368.8,3.0,110760.0,172
2023-05-11 13:44:23,HO2312-C-2300,HO2312-C-2300,368.8,0.0,0.0,0.0,2,363.8,368.2,12,372.0,369.8,369.8,368.8,3.0,110760.0,172
2023-05-11 13:44:25,HO2312-C-2300,HO2312-C-2300,368.8,0.0,0.0,0.0,2,363.8,368.2,18,372.0,369.8,369.8,368.8,3.0,110760.0,172
2023-05-11 13:44:35,HO2312-C-2300,HO2312-C-2300,368.8,0.0,0.0,0.0,2,363.8,368.2,12,372.0,369.8,369.8,368.8,3.0,110760.0,172
2023-05-11 13:44:35,HO2312-C-2300,HO2312-C-2300,368.8,0.0,0.0,0.0,2,363.8,368.2,6,372.0,369.8,369.8,368.8,3.0,110760.0,172
2023-05-11 13:45:14,HO2312-C-2300,HO2312-C-2300,368.8,0.0,0.0,0.0,2,363.8,368.4,12,372.0,369.8,369.8,368.8,3.0,110760.0,172
2023-05-11 13:45:15,HO2312-C-2300,HO2312-C-2300,368.8,0.0,0.0,0.0,2,363.8,368.8,12,372.0,369.8,369.8,368.8,3.0,110760.0,172
2023-05-11 13:45:15,HO2312-C-2300,HO2312-C-2300,368.8,0.0,0.0,0.0,2,363.8,369.0,30,372.0,369.8,369.8,368.8,3.0,110760.0,172
2023-05-11 13:45:16,HO2312-C-2300,HO2312-C-2300,368.8,0.0,0.0,0.0,2,363.8,369.0,24,372.0,369.8,369.8,368.8,3.0,110760.0,172
2023-05-11 13:45:17,HO2312-C-2300,HO2312-C-2300,368.8,0.0,0.0,0.0,2,363.8,369.0,18,372.0,369.8,369.8,368.8,3.0,110760.0,172
2023-05-11 13:45:52,HO2312-C-2300,HO2312-C-2300,368.8,0.0,0.0,0.0,2,363.8,368.2,6,372.0,369.8,369.8,368.8,3.0,110760.0,172
2023-05-11 13:46:05,HO2312-C-2300,HO2312-C-2300,368.8,0.0,0.0,0.0,2,363.8,367.4,6,372.0,369.8,369.8,368.8,3.0,110760.0,172
2023-05-11 13:46:08,HO2312-C-2300,HO2312-C-2300,368.8,0.0,0.0,0.0,2,363.8,368.2,6,372.0,369.8,369.8,368.8,3.0,110760.0,172
2023-05-11 13:47:51,HO2312-C-2300,HO2312-C-2300,368.8,0.0,0.0,0.0,2,363.8,368.6,12,372.0,369.8,369.8,368.8,3.0,110760.0,172
2023-05-11 13:47:52,HO2312-C-2300,HO2312-C-2300,368.8,0.0,0.0,0.0,2,363.8,369.0,30,372.0,369.8,369.8,368.8,3.0,110760.0,172
2023-05-11 13:47:52,HO2312-C-2300,HO2312-C-2300,368.8,0.0,0.0,0.0,2,363.8,369.0,12,372.0,369.8,369.8,368.8,3.0,110760.0,172
2023-05-11 13:47:53,HO2312-C-2300,HO2312-C-2300,368.8,0.0,0.0,0.0,2,363.8,369.2,18,372.0,369.8,369.8,368.8,3.0,110760.0,172
2023-05-11 13:48:37,HO2312-C-2300,HO2312-C-2300,368.8,0.0,0.0,0.0,2,363.8,369.2,12,372.0,369.8,369.8,368.8,3.0,110760.0,172
2023-05-11 13:48:37,HO2312-C-2300,HO2312-C-2300,368.8,0.0,0.0,0.0,2,363.8,369.2,6,372.0,369.8,369.8,368.8,3.0,110760.0,172
2023-05-11 13:50:05,HO2312-C-2300,HO2312-C-2300,368.8,0.0,0.0,0.0,1,363.8,369.2,6,372.0,369.8,369.8,368.8,3.0,110760.0,172
2023-05-11 13:50:11,HO2312-C-2300,HO2312-C-2300,368.8,0.0,0.0,0.0,1,366.8,369.2,6,372.0,369.8,369.8,368.8,3.0,110760.0,172
2023-05-11 13:55:28,HO2312-C-2300,HO2312-C-2300,366.8,1.0,36680.0,1.0,1,365.8,369.2,6,372.0,369.8,369.8,366.8,4.0,147440.0,173
2023-05-11 13:56:15,HO2312-C-2300,HO2312-C-2300,365.8,1.0,36580.0,1.0,6,364.8,369.2,6,372.0,369.8,369.8,365.8,5.0,184020.0,174
2023-05-11 13:56:15,HO2312-C-2300,HO2312-C-2300,365.8,0.0,0.0,0.0,6,364.4,369.2,6,372.0,369.8,369.8,365.8,5.0,184020.0,174
2023-05-11 13:56:16,HO2312-C-2300,HO2312-C-2300,365.8,0.0,0.0,0.0,24,363.6,369.2,6,372.0,369.8,369.8,365.8,5.0,184020.0,174
2023-05-11 13:56:16,HO2312-C-2300,HO2312-C-2300,365.8,0.0,0.0,0.0,6,363.6,369.2,6,372.0,369.8,369.8,365.8,5.0,184020.0,174
2023-05-11 13:56:17,HO2312-C-2300,HO2312-C-2300,365.8,0.0,0.0,0.0,6,363.4,369.2,6,372.0,369.8,369.8,365.8,5.0,184020.0,174
2023-05-11 13:57:23,HO2312-C-2300,HO2312-C-2300,365.8,0.0,0.0,0.0,12,363.2,369.2,12,372.0,369.8,369.8,365.8,5.0,184020.0,174
2023-05-11 13:57:24,HO2312-C-2300,HO2312-C-2300,365.8,0.0,0.0,0.0,12,362.6,369.2,18,372.0,369.8,369.8,365.8,5.0,184020.0,174
2023-05-11 13:57:24,HO2312-C-2300,HO2312-C-2300,365.8,0.0,0.0,0.0,12,362.4,369.2,18,372.0,369.8,369.8,365.8,5.0,184020.0,174
2023-05-11 13:57:25,HO2312-C-2300,HO2312-C-2300,365.8,0.0,0.0,0.0,18,362.0,369.2,18,372.0,369.8,369.8,365.8,5.0,184020.0,174
2023-05-11 13:57:39,HO2312-C-2300,HO2312-C-2300,365.8,0.0,0.0,0.0,12,362.0,368.2,6,372.0,369.8,369.8,365.8,5.0,184020.0,174
2023-05-11 13:57:39,HO2312-C-2300,HO2312-C-2300,365.8,0.0,0.0,0.0,6,362.0,368.2,6,372.0,369.8,369.8,365.8,5.0,184020.0,174
2023-05-11 13:58:37,HO2312-C-2300,HO2312-C-2300,365.8,0.0,0.0,0.0,12,361.6,368.2,12,372.0,369.8,369.8,365.8,5.0,184020.0,174
2023-05-11 13:58:38,HO2312-C-2300,HO2312-C-2300,365.8,0.0,0.0,0.0,30,361.2,368.2,18,372.0,369.8,369.8,365.8,5.0,184020.0,174
2023-05-11 13:58:38,HO2312-C-2300,HO2312-C-2300,365.8,0.0,0.0,0.0,24,361.2,368.2,18,372.0,369.8,369.8,365.8,5.0,184020.0,174
2023-05-11 13:58:39,HO2312-C-2300,HO2312-C-2300,365.8,0.0,0.0,0.0,24,361.2,368.2,24,372.0,369.8,369.8,365.8,5.0,184020.0,174
2023-05-11 13:59:02,HO2312-C-2300,HO2312-C-2300,365.8,0.0,0.0,0.0,18,361.2,368.2,24,372.0,369.8,369.8,365.8,5.0,184020.0,174
2023-05-11 13:59:07,HO2312-C-2300,HO2312-C-2300,365.8,0.0,0.0,0.0,18,361.2,367.4,6,372.0,369.8,369.8,365.8,5.0,184020.0,174
2023-05-11 13:59:55,HO2312-C-2300,HO2312-C-2300,365.8,0.0,0.0,0.0,12,361.2,367.2,6,372.0,369.8,369.8,365.8,5.0,184020.0,174
2023-05-11 13:59:55,HO2312-C-2300,HO2312-C-2300,365.8,0.0,0.0,0.0,18,360.6,367.2,6,372.0,369.8,369.8,365.8,5.0,184020.0,174
2023-05-11 14:00:12,HO2312-C-2300,HO2312-C-2300,365.8,0.0,0.0,0.0,12,360.6,367.2,6,372.0,369.8,369.8,365.8,5.0,184020.0,174
2023-05-11 14:00:13,HO2312-C-2300,HO2312-C-2300,365.8,0.0,0.0,0.0,6,360.6,367.2,6,372.0,369.8,369.8,365.8,5.0,184020.0,174
2023-05-11 14:02:04,HO2312-C-2300,HO2312-C-2300,365.8,0.0,0.0,0.0,6,360.6,366.4,6,372.0,369.8,369.8,365.8,5.0,184020.0,174
2023-05-11 14:02:59,HO2312-C-2300,HO2312-C-2300,365.8,0.0,0.0,0.0,6,360.6,366.2,6,372.0,369.8,369.8,365.8,5.0,184020.0,174
2023-05-11 14:04:02,HO2312-C-2300,HO2312-C-2300,365.8,0.0,0.0,0.0,6,360.6,365.4,6,372.0,369.8,369.8,365.8,5.0,184020.0,174
2023-05-11 14:04:04,HO2312-C-2300,HO2312-C-2300,365.8,0.0,0.0,0.0,6,360.6,366.2,24,372.0,369.8,369.8,365.8,5.0,184020.0,174
2023-05-11 14:04:08,HO2312-C-2300,HO2312-C-2300,365.8,0.0,0.0,0.0,6,360.6,366.2,18,372.0,369.8,369.8,365.8,5.0,184020.0,174
2023-05-11 14:04:33,HO2312-C-2300,HO2312-C-2300,365.8,0.0,0.0,0.0,6,360.6,365.2,6,372.0,369.8,369.8,365.8,5.0,184020.0,174
2023-05-11 14:05:03,HO2312-C-2300,HO2312-C-2300,365.8,0.0,0.0,0.0,12,359.8,365.2,6,372.0,369.8,369.8,365.8,5.0,184020.0,174
2023-05-11 14:05:04,HO2312-C-2300,HO2312-C-2300,365.8,0.0,0.0,0.0,12,359.6,365.2,6,372.0,369.8,369.8,365.8,5.0,184020.0,174
2023-05-11 14:05:04,HO2312-C-2300,HO2312-C-2300,365.8,0.0,0.0,0.0,6,359.6,365.2,6,372.0,369.8,369.8,365.8,5.0,184020.0,174
2023-05-11 14:05:07,HO2312-C-2300,HO2312-C-2300,365.8,0.0,0.0,0.0,12,359.4,365.2,6,372.0,369.8,369.8,365.8,5.0,184020.0,174
2023-05-11 14:05:08,HO2312-C-2300,HO2312-C-2300,365.8,0.0,0.0,0.0,6,359.2,365.2,6,372.0,369.8,369.8,365.8,5.0,184020.0,174
2023-05-11 14:05:08,HO2312-C-2300,HO2312-C-2300,365.8,0.0,0.0,0.0,42,358.8,365.2,6,372.0,369.8,369.8,365.8,5.0,184020.0,174
2023-05-11 14:05:09,HO2312-C-2300,HO2312-C-2300,365.8,0.0,0.0,0.0,18,358.8,365.2,6,372.0,369.8,369.8,365.8,5.0,184020.0,174
2023-05-11 14:05:43,HO2312-C-2300,HO2312-C-2300,365.8,0.0,0.0,0.0,12,358.8,364.2,6,372.0,369.8,369.8,365.8,5.0,184020.0,174
2023-05-11 14:05:44,HO2312-C-2300,HO2312-C-2300,365.8,0.0,0.0,0.0,6,358.8,364.2,6,372.0,369.8,369.8,365.8,5.0,184020.0,174
2023-05-11 14:05:44,HO2312-C-2300,HO2312-C-2300,365.8,0.0,0.0,0.0,18,358.4,364.2,6,372.0,369.8,369.8,365.8,5.0,184020.0,174
2023-05-11 14:10:43,HO2312-C-2300,HO2312-C-2300,365.8,0.0,0.0,0.0,2,358.8,364.2,6,372.0,369.8,369.8,365.8,5.0,184020.0,174
2023-05-11 14:10:51,HO2312-C-2300,HO2312-C-2300,365.8,0.0,0.0,0.0,1,359.0,364.2,6,372.0,369.8,369.8,365.8,5.0,184020.0,174
2023-05-11 14:10:58,HO2312-C-2300,HO2312-C-2300,365.8,0.0,0.0,0.0,1,360.0,364.2,6,372.0,369.8,369.8,365.8,5.0,184020.0,174
2023-05-11 14:11:41,HO2312-C-2300,HO2312-C-2300,365.8,0.0,0.0,0.0,1,360.0,365.2,6,372.0,369.8,369.8,365.8,5.0,184020.0,174
2023-05-11 14:18:52,HO2312-C-2300,HO2312-C-2300,365.8,0.0,0.0,0.0,1,360.0,364.2,6,372.0,369.8,369.8,365.8,5.0,184020.0,174
2023-05-11 14:19:11,HO2312-C-2300,HO2312-C-2300,365.8,0.0,0.0,0.0,1,360.0,365.2,6,372.0,369.8,369.8,365.8,5.0,184020.0,174
2023-05-11 14:20:51,HO2312-C-2300,HO2312-C-2300,365.8,0.0,0.0,0.0,1,360.0,365.4,12,372.0,369.8,369.8,365.8,5.0,184020.0,174
2023-05-11 14:20:51,HO2312-C-2300,HO2312-C-2300,365.8,0.0,0.0,0.0,1,360.0,366.2,30,372.0,369.8,369.8,365.8,5.0,184020.0,174
2023-05-11 14:20:52,HO2312-C-2300,HO2312-C-2300,365.8,0.0,0.0,0.0,1,360.0,366.2,18,372.0,369.8,369.8,365.8,5.0,184020.0,174
2023-05-11 14:20:55,HO2312-C-2300,HO2312-C-2300,365.8,0.0,0.0,0.0,1,360.0,366.2,12,372.0,369.8,369.8,365.8,5.0,184020.0,174
2023-05-11 14:20:56,HO2312-C-2300,HO2312-C-2300,365.8,0.0,0.0,0.0,1,360.0,366.2,6,372.0,369.8,369.8,365.8,5.0,184020.0,174
2023-05-11 14:25:40,HO2312-C-2300,HO2312-C-2300,365.8,0.0,0.0,0.0,1,361.8,366.2,6,372.0,369.8,369.8,365.8,5.0,184020.0,174
2023-05-11 14:28:12,HO2312-C-2300,HO2312-C-2300,365.8,0.0,0.0,0.0,1,361.8,366.6,12,372.0,369.8,369.8,365.8,5.0,184020.0,174
2023-05-11 14:28:13,HO2312-C-2300,HO2312-C-2300,365.8,0.0,0.0,0.0,1,361.8,367.2,36,372.0,369.8,369.8,365.8,5.0,184020.0,174
2023-05-11 14:28:13,HO2312-C-2300,HO2312-C-2300,365.8,0.0,0.0,0.0,1,361.8,367.2,30,372.0,369.8,369.8,365.8,5.0,184020.0,174
2023-05-11 14:28:49,HO2312-C-2300,HO2312-C-2300,365.8,0.0,0.0,0.0,1,361.8,367.2,24,372.0,369.8,369.8,365.8,5.0,184020.0,174
2023-05-11 14:30:53,HO2312-C-2300,HO2312-C-2300,365.8,0.0,0.0,0.0,1,361.8,366.2,6,372.0,369.8,369.8,365.8,5.0,184020.0,174
2023-05-11 14:32:27,HO2312-C-2300,HO2312-C-2300,365.8,0.0,0.0,0.0,1,361.8,365.4,6,372.0,369.8,369.8,365.8,5.0,184020.0,174
2023-05-11 14:32:30,HO2312-C-2300,HO2312-C-2300,361.8,1.0,36180.0,1.0,6,360.4,364.4,6,372.0,369.8,369.8,361.8,6.0,220200.0,175
2023-05-11 14:32:31,HO2312-C-2300,HO2312-C-2300,361.8,0.0,0.0,0.0,13,360.0,364.4,6,372.0,369.8,369.8,361.8,6.0,220200.0,175
2023-05-11 14:32:31,HO2312-C-2300,HO2312-C-2300,361.8,0.0,0.0,0.0,1,360.0,364.4,6,372.0,369.8,369.8,361.8,6.0,220200.0,175
2023-05-11 14:32:38,HO2312-C-2300,HO2312-C-2300,361.8,0.0,0.0,0.0,1,360.0,365.4,6,372.0,369.8,369.8,361.8,6.0,220200.0,175
2023-05-11 14:40:07,HO2312-C-2300,HO2312-C-2300,361.8,0.0,0.0,0.0,1,360.0,364.6,6,372.0,369.8,369.8,361.8,6.0,220200.0,175
2023-05-11 14:40:38,HO2312-C-2300,HO2312-C-2300,361.8,0.0,0.0,0.0,1,360.0,363.6,6,372.0,369.8,369.8,361.8,6.0,220200.0,175
2023-05-11 14:41:18,HO2312-C-2300,HO2312-C-2300,361.8,0.0,0.0,0.0,1,360.0,362.0,6,372.0,369.8,369.8,361.8,6.0,220200.0,175
2023-05-11 14:41:19,HO2312-C-2300,HO2312-C-2300,360.0,1.0,36000.0,1.0,12,358.2,362.0,6,372.0,369.8,369.8,360.0,7.0,256200.0,176
2023-05-11 14:41:19,HO2312-C-2300,HO2312-C-2300,360.0,0.0,0.0,0.0,6,358.0,362.0,6,372.0,369.8,369.8,360.0,7.0,256200.0,176
2023-05-11 14:41:20,HO2312-C-2300,HO2312-C-2300,360.0,0.0,0.0,0.0,12,357.8,362.0,6,372.0,369.8,369.8,360.0,7.0,256200.0,176
2023-05-11 14:41:20,HO2312-C-2300,HO2312-C-2300,360.0,0.0,0.0,0.0,12,357.2,362.0,6,372.0,369.8,369.8,360.0,7.0,256200.0,176
2023-05-11 14:41:21,HO2312-C-2300,HO2312-C-2300,360.0,0.0,0.0,0.0,24,357.0,362.0,6,372.0,369.8,369.8,360.0,7.0,256200.0,176
2023-05-11 14:41:21,HO2312-C-2300,HO2312-C-2300,360.0,0.0,0.0,0.0,18,357.0,362.0,6,372.0,369.8,369.8,360.0,7.0,256200.0,176
2023-05-11 14:41:36,HO2312-C-2300,HO2312-C-2300,360.0,0.0,0.0,0.0,18,357.0,363.0,6,372.0,369.8,369.8,360.0,7.0,256200.0,176
2023-05-11 14:41:59,HO2312-C-2300,HO2312-C-2300,360.0,0.0,0.0,0.0,24,357.0,363.0,6,372.0,369.8,369.8,360.0,7.0,256200.0,176
2023-05-11 14:42:03,HO2312-C-2300,HO2312-C-2300,360.0,0.0,0.0,0.0,24,357.0,362.2,6,372.0,369.8,369.8,360.0,7.0,256200.0,176
2023-05-11 14:42:32,HO2312-C-2300,HO2312-C-2300,360.0,0.0,0.0,0.0,18,357.0,362.2,6,372.0,369.8,369.8,360.0,7.0,256200.0,176
2023-05-11 14:42:32,HO2312-C-2300,HO2312-C-2300,360.0,0.0,0.0,0.0,18,357.0,361.2,6,372.0,369.8,369.8,360.0,7.0,256200.0,176
2023-05-11 14:42:50,HO2312-C-2300,HO2312-C-2300,360.0,0.0,0.0,0.0,12,357.0,361.2,6,372.0,369.8,369.8,360.0,7.0,256200.0,176
2023-05-11 14:42:51,HO2312-C-2300,HO2312-C-2300,360.0,0.0,0.0,0.0,6,357.0,361.2,6,372.0,369.8,369.8,360.0,7.0,256200.0,176
2023-05-11 14:56:54,HO2312-C-2300,HO2312-C-2300,360.0,0.0,0.0,0.0,6,357.0,362.8,12,372.0,369.8,369.8,360.0,7.0,256200.0,176
2023-05-11 14:56:54,HO2312-C-2300,HO2312-C-2300,360.0,0.0,0.0,0.0,6,357.0,362.8,6,372.0,369.8,369.8,360.0,7.0,256200.0,176
2023-05-11 14:56:55,HO2312-C-2300,HO2312-C-2300,360.0,0.0,0.0,0.0,6,357.0,363.4,6,372.0,369.8,369.8,360.0,7.0,256200.0,176
2023-05-11 15:00:00,HO2312-C-2300,HO2312-C-2300,361.0,1.0,36100.0,0.0,1,350.4,366.2,1,372.0,369.8,369.8,360.0,8.0,292300.0,176
2023-05-11 15:26:00,HO2312-C-2300,HO2312-C-2300,361.0,0.0,0.0,0.0,1,350.4,366.2,1,372.0,369.8,369.8,360.0,8.0,292300.0,176
