time,symbol_id,symbol_name,last,trade_volume,trade_amount,open_interest_change,bv1,bp1,ap1,av1,yesterday_close,today_open,today_high,today_low,volume,amount,open_interest
2023-05-11 09:29:00,HO2312-P-2450,HO2312-P-2450,44.6,0.0,0.0,0.0,1,37.0,51.6,1,44.6,44.0,0.0,0.0,0.0,0.0,79
2023-05-11 09:30:00,HO2312-P-2450,HO2312-P-2450,44.6,0.0,0.0,0.0,1,37.0,50.6,1,44.6,44.0,0.0,0.0,0.0,0.0,79
2023-05-11 09:30:00,HO2312-P-2450,HO2312-P-2450,44.6,0.0,0.0,0.0,1,37.0,50.4,1,44.6,44.0,0.0,0.0,0.0,0.0,79
2023-05-11 09:30:01,HO2312-P-2450,HO2312-P-2450,44.6,0.0,0.0,0.0,1,42.0,50.4,1,44.6,44.0,0.0,0.0,0.0,0.0,79
2023-05-11 09:30:01,HO2312-P-2450,HO2312-P-2450,44.6,0.0,0.0,0.0,1,42.0,49.2,1,44.6,44.0,0.0,0.0,0.0,0.0,79
2023-05-11 09:30:05,HO2312-P-2450,HO2312-P-2450,44.6,0.0,0.0,0.0,1,42.0,45.4,1,44.6,44.0,0.0,0.0,0.0,0.0,79
2023-05-11 09:30:21,HO2312-P-2450,HO2312-P-2450,44.6,0.0,0.0,0.0,7,42.0,45.4,1,44.6,44.0,0.0,0.0,0.0,0.0,79
2023-05-11 09:30:26,HO2312-P-2450,HO2312-P-2450,44.6,0.0,0.0,0.0,13,42.0,45.4,7,44.6,44.0,0.0,0.0,0.0,0.0,79
2023-05-11 09:30:27,HO2312-P-2450,HO2312-P-2450,44.6,0.0,0.0,0.0,1,42.4,45.4,7,44.6,44.0,0.0,0.0,0.0,0.0,79
2023-05-11 09:30:31,HO2312-P-2450,HO2312-P-2450,44.6,0.0,0.0,0.0,1,42.4,45.4,6,44.6,44.0,0.0,0.0,0.0,0.0,79
2023-05-11 09:30:36,HO2312-P-2450,HO2312-P-2450,44.6,0.0,0.0,0.0,1,42.4,45.2,6,44.6,44.0,0.0,0.0,0.0,0.0,79
2023-05-11 09:31:47,HO2312-P-2450,HO2312-P-2450,44.6,0.0,0.0,0.0,1,42.4,44.8,6,44.6,44.0,0.0,0.0,0.0,0.0,79
2023-05-11 09:31:49,HO2312-P-2450,HO2312-P-2450,44.6,0.0,0.0,0.0,1,42.4,45.2,6,44.6,44.0,0.0,0.0,0.0,0.0,79
2023-05-11 09:32:01,HO2312-P-2450,HO2312-P-2450,44.6,0.0,0.0,0.0,1,42.4,45.2,12,44.6,44.0,0.0,0.0,0.0,0.0,79
2023-05-11 09:32:04,HO2312-P-2450,HO2312-P-2450,44.6,0.0,0.0,0.0,1,42.4,45.2,6,44.6,44.0,0.0,0.0,0.0,0.0,79
2023-05-11 09:32:19,HO2312-P-2450,HO2312-P-2450,44.6,0.0,0.0,0.0,1,42.4,45.0,1,44.6,44.0,0.0,0.0,0.0,0.0,79
2023-05-11 09:32:45,HO2312-P-2450,HO2312-P-2450,44.6,0.0,0.0,0.0,24,42.2,45.0,1,44.6,44.0,0.0,0.0,0.0,0.0,79
2023-05-11 09:32:45,HO2312-P-2450,HO2312-P-2450,44.6,0.0,0.0,0.0,18,42.2,45.0,1,44.6,44.0,0.0,0.0,0.0,0.0,79
2023-05-11 09:32:48,HO2312-P-2450,HO2312-P-2450,44.6,0.0,0.0,0.0,19,42.2,45.0,1,44.6,44.0,0.0,0.0,0.0,0.0,79
2023-05-11 09:32:48,HO2312-P-2450,HO2312-P-2450,44.6,0.0,0.0,0.0,22,42.2,45.0,1,44.6,44.0,0.0,0.0,0.0,0.0,79
2023-05-11 09:32:51,HO2312-P-2450,HO2312-P-2450,44.6,0.0,0.0,0.0,1,42.4,45.0,1,44.6,44.0,0.0,0.0,0.0,0.0,79
2023-05-11 09:33:05,HO2312-P-2450,HO2312-P-2450,44.6,0.0,0.0,0.0,4,42.4,45.0,1,44.6,44.0,0.0,0.0,0.0,0.0,79
2023-05-11 09:33:07,HO2312-P-2450,HO2312-P-2450,44.6,0.0,0.0,0.0,1,42.4,45.0,1,44.6,44.0,0.0,0.0,0.0,0.0,79
2023-05-11 09:33:11,HO2312-P-2450,HO2312-P-2450,44.6,0.0,0.0,0.0,4,42.4,45.0,1,44.6,44.0,0.0,0.0,0.0,0.0,79
2023-05-11 09:33:12,HO2312-P-2450,HO2312-P-2450,44.6,0.0,0.0,0.0,1,42.6,45.0,1,44.6,44.0,0.0,0.0,0.0,0.0,79
2023-05-11 09:33:16,HO2312-P-2450,HO2312-P-2450,44.6,0.0,0.0,0.0,1,42.6,44.8,2,44.6,44.0,0.0,0.0,0.0,0.0,79
2023-05-11 09:33:17,HO2312-P-2450,HO2312-P-2450,44.6,0.0,0.0,0.0,1,42.6,45.0,1,44.6,44.0,0.0,0.0,0.0,0.0,79
2023-05-11 09:33:18,HO2312-P-2450,HO2312-P-2450,44.6,0.0,0.0,0.0,1,42.6,44.8,2,44.6,44.0,0.0,0.0,0.0,0.0,79
2023-05-11 09:33:20,HO2312-P-2450,HO2312-P-2450,44.6,0.0,0.0,0.0,1,42.6,45.0,1,44.6,44.0,0.0,0.0,0.0,0.0,79
2023-05-11 09:33:20,HO2312-P-2450,HO2312-P-2450,44.6,0.0,0.0,0.0,1,42.6,45.0,3,44.6,44.0,0.0,0.0,0.0,0.0,79
2023-05-11 09:33:31,HO2312-P-2450,HO2312-P-2450,44.6,0.0,0.0,0.0,1,42.6,45.0,1,44.6,44.0,0.0,0.0,0.0,0.0,79
2023-05-11 09:33:46,HO2312-P-2450,HO2312-P-2450,44.6,0.0,0.0,0.0,1,42.6,44.8,2,44.6,44.0,0.0,0.0,0.0,0.0,79
2023-05-11 09:33:49,HO2312-P-2450,HO2312-P-2450,44.6,0.0,0.0,0.0,1,42.6,45.0,1,44.6,44.0,0.0,0.0,0.0,0.0,79
2023-05-11 09:33:50,HO2312-P-2450,HO2312-P-2450,44.6,0.0,0.0,0.0,1,42.6,45.0,3,44.6,44.0,0.0,0.0,0.0,0.0,79
2023-05-11 09:33:54,HO2312-P-2450,HO2312-P-2450,44.6,0.0,0.0,0.0,25,42.2,45.0,3,44.6,44.0,0.0,0.0,0.0,0.0,79
2023-05-11 09:33:54,HO2312-P-2450,HO2312-P-2450,44.6,0.0,0.0,0.0,22,42.2,45.0,3,44.6,44.0,0.0,0.0,0.0,0.0,79
2023-05-11 09:33:55,HO2312-P-2450,HO2312-P-2450,44.6,0.0,0.0,0.0,22,42.2,45.0,4,44.6,44.0,0.0,0.0,0.0,0.0,79
2023-05-11 09:33:57,HO2312-P-2450,HO2312-P-2450,44.6,0.0,0.0,0.0,22,42.2,45.0,3,44.6,44.0,0.0,0.0,0.0,0.0,79
2023-05-11 09:33:58,HO2312-P-2450,HO2312-P-2450,44.6,0.0,0.0,0.0,22,42.2,45.0,1,44.6,44.0,0.0,0.0,0.0,0.0,79
2023-05-11 09:34:16,HO2312-P-2450,HO2312-P-2450,44.6,0.0,0.0,0.0,1,42.4,45.0,1,44.6,44.0,0.0,0.0,0.0,0.0,79
2023-05-11 09:34:17,HO2312-P-2450,HO2312-P-2450,44.6,0.0,0.0,0.0,3,42.6,45.0,3,44.6,44.0,0.0,0.0,0.0,0.0,79
2023-05-11 09:34:18,HO2312-P-2450,HO2312-P-2450,44.6,0.0,0.0,0.0,1,42.4,45.0,3,44.6,44.0,0.0,0.0,0.0,0.0,79
2023-05-11 09:34:19,HO2312-P-2450,HO2312-P-2450,44.6,0.0,0.0,0.0,4,42.4,45.0,3,44.6,44.0,0.0,0.0,0.0,0.0,79
2023-05-11 09:34:21,HO2312-P-2450,HO2312-P-2450,44.6,0.0,0.0,0.0,1,42.4,45.0,3,44.6,44.0,0.0,0.0,0.0,0.0,79
2023-05-11 09:34:23,HO2312-P-2450,HO2312-P-2450,44.6,0.0,0.0,0.0,4,42.4,45.0,3,44.6,44.0,0.0,0.0,0.0,0.0,79
2023-05-11 09:34:24,HO2312-P-2450,HO2312-P-2450,44.6,0.0,0.0,0.0,1,42.4,45.0,3,44.6,44.0,0.0,0.0,0.0,0.0,79
2023-05-11 09:34:25,HO2312-P-2450,HO2312-P-2450,44.6,0.0,0.0,0.0,4,42.4,45.0,3,44.6,44.0,0.0,0.0,0.0,0.0,79
2023-05-11 09:34:26,HO2312-P-2450,HO2312-P-2450,44.6,0.0,0.0,0.0,1,42.4,45.0,3,44.6,44.0,0.0,0.0,0.0,0.0,79
2023-05-11 09:34:27,HO2312-P-2450,HO2312-P-2450,44.6,0.0,0.0,0.0,4,42.4,45.0,3,44.6,44.0,0.0,0.0,0.0,0.0,79
2023-05-11 09:34:33,HO2312-P-2450,HO2312-P-2450,44.6,0.0,0.0,0.0,4,42.4,45.0,1,44.6,44.0,0.0,0.0,0.0,0.0,79
2023-05-11 09:34:37,HO2312-P-2450,HO2312-P-2450,44.6,0.0,0.0,0.0,10,42.4,45.0,1,44.6,44.0,0.0,0.0,0.0,0.0,79
2023-05-11 09:34:38,HO2312-P-2450,HO2312-P-2450,44.6,0.0,0.0,0.0,1,42.6,45.0,1,44.6,44.0,0.0,0.0,0.0,0.0,79
2023-05-11 09:34:38,HO2312-P-2450,HO2312-P-2450,44.6,0.0,0.0,0.0,4,42.6,45.0,1,44.6,44.0,0.0,0.0,0.0,0.0,79
2023-05-11 09:34:47,HO2312-P-2450,HO2312-P-2450,44.6,0.0,0.0,0.0,1,42.6,45.0,1,44.6,44.0,0.0,0.0,0.0,0.0,79
2023-05-11 09:34:52,HO2312-P-2450,HO2312-P-2450,44.6,0.0,0.0,0.0,1,42.6,44.8,2,44.6,44.0,0.0,0.0,0.0,0.0,79
2023-05-11 09:34:53,HO2312-P-2450,HO2312-P-2450,44.6,0.0,0.0,0.0,1,42.6,45.0,1,44.6,44.0,0.0,0.0,0.0,0.0,79
2023-05-11 09:34:53,HO2312-P-2450,HO2312-P-2450,44.6,0.0,0.0,0.0,1,42.6,45.0,3,44.6,44.0,0.0,0.0,0.0,0.0,79
2023-05-11 09:34:55,HO2312-P-2450,HO2312-P-2450,44.6,0.0,0.0,0.0,4,42.6,45.0,3,44.6,44.0,0.0,0.0,0.0,0.0,79
2023-05-11 09:34:55,HO2312-P-2450,HO2312-P-2450,44.6,0.0,0.0,0.0,1,42.6,45.0,3,44.6,44.0,0.0,0.0,0.0,0.0,79
2023-05-11 09:34:56,HO2312-P-2450,HO2312-P-2450,44.6,0.0,0.0,0.0,4,42.6,45.0,1,44.6,44.0,0.0,0.0,0.0,0.0,79
2023-05-11 09:34:56,HO2312-P-2450,HO2312-P-2450,44.6,0.0,0.0,0.0,4,42.6,45.0,3,44.6,44.0,0.0,0.0,0.0,0.0,79
2023-05-11 09:34:57,HO2312-P-2450,HO2312-P-2450,44.6,0.0,0.0,0.0,4,42.6,45.0,1,44.6,44.0,0.0,0.0,0.0,0.0,79
2023-05-11 09:35:06,HO2312-P-2450,HO2312-P-2450,44.6,0.0,0.0,0.0,1,43.0,45.0,1,44.6,44.0,0.0,0.0,0.0,0.0,79
2023-05-11 09:35:12,HO2312-P-2450,HO2312-P-2450,44.6,0.0,0.0,0.0,1,42.6,45.0,1,44.6,44.0,0.0,0.0,0.0,0.0,79
2023-05-11 09:35:13,HO2312-P-2450,HO2312-P-2450,44.6,0.0,0.0,0.0,4,42.6,45.0,3,44.6,44.0,0.0,0.0,0.0,0.0,79
2023-05-11 09:35:13,HO2312-P-2450,HO2312-P-2450,44.6,0.0,0.0,0.0,1,43.0,45.0,1,44.6,44.0,0.0,0.0,0.0,0.0,79
2023-05-11 09:35:18,HO2312-P-2450,HO2312-P-2450,44.6,0.0,0.0,0.0,30,42.2,45.0,1,44.6,44.0,0.0,0.0,0.0,0.0,79
2023-05-11 09:35:18,HO2312-P-2450,HO2312-P-2450,44.6,0.0,0.0,0.0,33,42.2,44.8,2,44.6,44.0,0.0,0.0,0.0,0.0,79
2023-05-11 09:35:19,HO2312-P-2450,HO2312-P-2450,44.6,0.0,0.0,0.0,21,42.2,44.8,2,44.6,44.0,0.0,0.0,0.0,0.0,79
2023-05-11 09:35:20,HO2312-P-2450,HO2312-P-2450,44.6,0.0,0.0,0.0,21,42.2,45.0,19,44.6,44.0,0.0,0.0,0.0,0.0,79
2023-05-11 09:35:21,HO2312-P-2450,HO2312-P-2450,44.6,0.0,0.0,0.0,21,42.2,45.0,21,44.6,44.0,0.0,0.0,0.0,0.0,79
2023-05-11 09:35:22,HO2312-P-2450,HO2312-P-2450,44.6,0.0,0.0,0.0,21,42.2,45.0,19,44.6,44.0,0.0,0.0,0.0,0.0,79
2023-05-11 09:35:23,HO2312-P-2450,HO2312-P-2450,44.6,0.0,0.0,0.0,1,42.4,45.0,19,44.6,44.0,0.0,0.0,0.0,0.0,79
2023-05-11 09:35:24,HO2312-P-2450,HO2312-P-2450,44.6,0.0,0.0,0.0,3,42.6,45.0,19,44.6,44.0,0.0,0.0,0.0,0.0,79
2023-05-11 09:35:24,HO2312-P-2450,HO2312-P-2450,44.6,0.0,0.0,0.0,3,42.6,45.0,7,44.6,44.0,0.0,0.0,0.0,0.0,79
2023-05-11 09:35:25,HO2312-P-2450,HO2312-P-2450,44.6,0.0,0.0,0.0,3,42.6,45.0,1,44.6,44.0,0.0,0.0,0.0,0.0,79
2023-05-11 09:35:27,HO2312-P-2450,HO2312-P-2450,44.6,0.0,0.0,0.0,13,42.4,45.0,1,44.6,44.0,0.0,0.0,0.0,0.0,79
2023-05-11 09:35:28,HO2312-P-2450,HO2312-P-2450,44.6,0.0,0.0,0.0,10,42.4,45.0,3,44.6,44.0,0.0,0.0,0.0,0.0,79
2023-05-11 09:35:28,HO2312-P-2450,HO2312-P-2450,44.6,0.0,0.0,0.0,4,42.4,45.0,3,44.6,44.0,0.0,0.0,0.0,0.0,79
2023-05-11 09:35:36,HO2312-P-2450,HO2312-P-2450,44.6,0.0,0.0,0.0,1,42.4,45.0,3,44.6,44.0,0.0,0.0,0.0,0.0,79
2023-05-11 09:35:37,HO2312-P-2450,HO2312-P-2450,44.6,0.0,0.0,0.0,4,42.4,45.0,3,44.6,44.0,0.0,0.0,0.0,0.0,79
2023-05-11 09:35:49,HO2312-P-2450,HO2312-P-2450,44.6,0.0,0.0,0.0,4,42.4,45.0,1,44.6,44.0,0.0,0.0,0.0,0.0,79
2023-05-11 09:35:51,HO2312-P-2450,HO2312-P-2450,44.6,0.0,0.0,0.0,4,42.4,45.0,3,44.6,44.0,0.0,0.0,0.0,0.0,79
2023-05-11 09:35:52,HO2312-P-2450,HO2312-P-2450,44.6,0.0,0.0,0.0,4,42.4,45.0,1,44.6,44.0,0.0,0.0,0.0,0.0,79
2023-05-11 09:36:11,HO2312-P-2450,HO2312-P-2450,44.6,0.0,0.0,0.0,4,42.4,45.0,3,44.6,44.0,0.0,0.0,0.0,0.0,79
2023-05-11 09:36:12,HO2312-P-2450,HO2312-P-2450,44.6,0.0,0.0,0.0,4,42.4,45.0,1,44.6,44.0,0.0,0.0,0.0,0.0,79
2023-05-11 09:36:14,HO2312-P-2450,HO2312-P-2450,44.6,0.0,0.0,0.0,1,43.0,45.0,1,44.6,44.0,0.0,0.0,0.0,0.0,79
2023-05-11 09:36:17,HO2312-P-2450,HO2312-P-2450,44.6,0.0,0.0,0.0,1,43.0,45.2,6,44.6,44.0,0.0,0.0,0.0,0.0,79
2023-05-11 09:36:18,HO2312-P-2450,HO2312-P-2450,44.6,0.0,0.0,0.0,4,43.0,45.2,6,44.6,44.0,0.0,0.0,0.0,0.0,79
2023-05-11 09:36:18,HO2312-P-2450,HO2312-P-2450,44.6,0.0,0.0,0.0,18,42.6,45.2,8,44.6,44.0,0.0,0.0,0.0,0.0,79
2023-05-11 09:36:19,HO2312-P-2450,HO2312-P-2450,44.6,0.0,0.0,0.0,3,42.8,45.2,9,44.6,44.0,0.0,0.0,0.0,0.0,79
2023-05-11 09:36:35,HO2312-P-2450,HO2312-P-2450,44.6,0.0,0.0,0.0,24,42.6,45.2,9,44.6,44.0,0.0,0.0,0.0,0.0,79
2023-05-11 09:36:35,HO2312-P-2450,HO2312-P-2450,44.6,0.0,0.0,0.0,21,42.6,45.2,9,44.6,44.0,0.0,0.0,0.0,0.0,79
2023-05-11 09:37:02,HO2312-P-2450,HO2312-P-2450,44.6,0.0,0.0,0.0,1,42.8,45.2,9,44.6,44.0,0.0,0.0,0.0,0.0,79
2023-05-11 09:37:02,HO2312-P-2450,HO2312-P-2450,44.6,0.0,0.0,0.0,3,43.0,45.2,7,44.6,44.0,0.0,0.0,0.0,0.0,79
2023-05-11 09:37:03,HO2312-P-2450,HO2312-P-2450,44.6,0.0,0.0,0.0,3,43.0,45.2,9,44.6,44.0,0.0,0.0,0.0,0.0,79
2023-05-11 09:37:06,HO2312-P-2450,HO2312-P-2450,44.6,0.0,0.0,0.0,1,42.8,45.2,9,44.6,44.0,0.0,0.0,0.0,0.0,79
2023-05-11 09:37:06,HO2312-P-2450,HO2312-P-2450,44.6,0.0,0.0,0.0,4,42.8,45.2,9,44.6,44.0,0.0,0.0,0.0,0.0,79
2023-05-11 09:37:08,HO2312-P-2450,HO2312-P-2450,44.6,0.0,0.0,0.0,4,42.8,45.2,7,44.6,44.0,0.0,0.0,0.0,0.0,79
2023-05-11 09:37:12,HO2312-P-2450,HO2312-P-2450,44.6,0.0,0.0,0.0,10,42.8,45.2,7,44.6,44.0,0.0,0.0,0.0,0.0,79
2023-05-11 09:37:16,HO2312-P-2450,HO2312-P-2450,44.6,0.0,0.0,0.0,1,43.2,45.2,7,44.6,44.0,0.0,0.0,0.0,0.0,79
2023-05-11 09:37:17,HO2312-P-2450,HO2312-P-2450,44.6,0.0,0.0,0.0,1,43.2,45.2,9,44.6,44.0,0.0,0.0,0.0,0.0,79
2023-05-11 09:37:17,HO2312-P-2450,HO2312-P-2450,44.6,0.0,0.0,0.0,1,43.2,45.2,7,44.6,44.0,0.0,0.0,0.0,0.0,79
2023-05-11 09:37:21,HO2312-P-2450,HO2312-P-2450,44.6,0.0,0.0,0.0,1,43.2,45.0,2,44.6,44.0,0.0,0.0,0.0,0.0,79
2023-05-11 09:37:21,HO2312-P-2450,HO2312-P-2450,44.6,0.0,0.0,0.0,6,43.0,45.0,2,44.6,44.0,0.0,0.0,0.0,0.0,79
2023-05-11 09:37:23,HO2312-P-2450,HO2312-P-2450,44.6,0.0,0.0,0.0,18,42.8,45.0,2,44.6,44.0,0.0,0.0,0.0,0.0,79
2023-05-11 09:37:24,HO2312-P-2450,HO2312-P-2450,44.6,0.0,0.0,0.0,6,42.8,45.0,2,44.6,44.0,0.0,0.0,0.0,0.0,79
2023-05-11 09:37:24,HO2312-P-2450,HO2312-P-2450,44.6,0.0,0.0,0.0,30,42.6,45.0,2,44.6,44.0,0.0,0.0,0.0,0.0,79
2023-05-11 09:37:25,HO2312-P-2450,HO2312-P-2450,44.6,0.0,0.0,0.0,21,42.6,45.0,2,44.6,44.0,0.0,0.0,0.0,0.0,79
2023-05-11 09:37:28,HO2312-P-2450,HO2312-P-2450,44.6,0.0,0.0,0.0,21,42.6,45.2,19,44.6,44.0,0.0,0.0,0.0,0.0,79
2023-05-11 09:37:29,HO2312-P-2450,HO2312-P-2450,44.6,0.0,0.0,0.0,1,43.0,45.2,13,44.6,44.0,0.0,0.0,0.0,0.0,79
2023-05-11 09:37:29,HO2312-P-2450,HO2312-P-2450,44.6,0.0,0.0,0.0,1,43.0,45.2,9,44.6,44.0,0.0,0.0,0.0,0.0,79
2023-05-11 09:37:49,HO2312-P-2450,HO2312-P-2450,44.6,0.0,0.0,0.0,33,42.6,45.2,9,44.6,44.0,0.0,0.0,0.0,0.0,79
2023-05-11 09:37:50,HO2312-P-2450,HO2312-P-2450,44.6,0.0,0.0,0.0,30,42.6,45.2,9,44.6,44.0,0.0,0.0,0.0,0.0,79
2023-05-11 09:37:53,HO2312-P-2450,HO2312-P-2450,44.6,0.0,0.0,0.0,33,42.6,45.2,9,44.6,44.0,0.0,0.0,0.0,0.0,79
2023-05-11 09:37:57,HO2312-P-2450,HO2312-P-2450,44.6,0.0,0.0,0.0,30,42.6,45.2,9,44.6,44.0,0.0,0.0,0.0,0.0,79
2023-05-11 09:37:58,HO2312-P-2450,HO2312-P-2450,44.6,0.0,0.0,0.0,33,42.6,45.2,9,44.6,44.0,0.0,0.0,0.0,0.0,79
2023-05-11 09:37:58,HO2312-P-2450,HO2312-P-2450,44.6,0.0,0.0,0.0,30,42.6,45.2,9,44.6,44.0,0.0,0.0,0.0,0.0,79
2023-05-11 09:38:01,HO2312-P-2450,HO2312-P-2450,44.6,0.0,0.0,0.0,33,42.6,45.2,9,44.6,44.0,0.0,0.0,0.0,0.0,79
2023-05-11 09:38:06,HO2312-P-2450,HO2312-P-2450,44.6,0.0,0.0,0.0,30,42.6,45.2,9,44.6,44.0,0.0,0.0,0.0,0.0,79
2023-05-11 09:38:06,HO2312-P-2450,HO2312-P-2450,44.6,0.0,0.0,0.0,33,42.6,45.2,9,44.6,44.0,0.0,0.0,0.0,0.0,79
2023-05-11 09:38:14,HO2312-P-2450,HO2312-P-2450,44.6,0.0,0.0,0.0,45,42.6,45.2,1,44.6,44.0,0.0,0.0,0.0,0.0,79
2023-05-11 09:38:15,HO2312-P-2450,HO2312-P-2450,44.6,0.0,0.0,0.0,45,42.6,45.2,3,44.6,44.0,0.0,0.0,0.0,0.0,79
2023-05-11 09:38:16,HO2312-P-2450,HO2312-P-2450,44.6,0.0,0.0,0.0,45,42.6,45.2,1,44.6,44.0,0.0,0.0,0.0,0.0,79
2023-05-11 09:38:16,HO2312-P-2450,HO2312-P-2450,44.6,0.0,0.0,0.0,45,42.6,45.2,3,44.6,44.0,0.0,0.0,0.0,0.0,79
2023-05-11 09:38:17,HO2312-P-2450,HO2312-P-2450,44.6,0.0,0.0,0.0,45,42.6,45.2,1,44.6,44.0,0.0,0.0,0.0,0.0,79
2023-05-11 09:38:25,HO2312-P-2450,HO2312-P-2450,44.6,0.0,0.0,0.0,45,42.6,45.2,3,44.6,44.0,0.0,0.0,0.0,0.0,79
2023-05-11 09:38:26,HO2312-P-2450,HO2312-P-2450,44.6,0.0,0.0,0.0,45,42.6,45.2,1,44.6,44.0,0.0,0.0,0.0,0.0,79
2023-05-11 09:38:42,HO2312-P-2450,HO2312-P-2450,44.6,0.0,0.0,0.0,39,42.6,45.2,1,44.6,44.0,0.0,0.0,0.0,0.0,79
2023-05-11 09:38:43,HO2312-P-2450,HO2312-P-2450,44.6,0.0,0.0,0.0,39,42.6,45.2,3,44.6,44.0,0.0,0.0,0.0,0.0,79
2023-05-11 09:39:11,HO2312-P-2450,HO2312-P-2450,44.6,0.0,0.0,0.0,45,42.6,45.2,1,44.6,44.0,0.0,0.0,0.0,0.0,79
2023-05-11 09:39:58,HO2312-P-2450,HO2312-P-2450,44.6,0.0,0.0,0.0,45,42.6,45.2,3,44.6,44.0,0.0,0.0,0.0,0.0,79
2023-05-11 09:39:59,HO2312-P-2450,HO2312-P-2450,44.6,0.0,0.0,0.0,45,42.6,45.2,1,44.6,44.0,0.0,0.0,0.0,0.0,79
2023-05-11 09:40:36,HO2312-P-2450,HO2312-P-2450,44.6,0.0,0.0,0.0,1,42.8,45.2,1,44.6,44.0,0.0,0.0,0.0,0.0,79
2023-05-11 09:40:37,HO2312-P-2450,HO2312-P-2450,44.6,0.0,0.0,0.0,3,43.0,45.2,1,44.6,44.0,0.0,0.0,0.0,0.0,79
2023-05-11 09:40:43,HO2312-P-2450,HO2312-P-2450,44.6,0.0,0.0,0.0,1,42.8,45.2,1,44.6,44.0,0.0,0.0,0.0,0.0,79
2023-05-11 09:40:44,HO2312-P-2450,HO2312-P-2450,44.6,0.0,0.0,0.0,4,42.8,45.2,3,44.6,44.0,0.0,0.0,0.0,0.0,79
2023-05-11 09:41:07,HO2312-P-2450,HO2312-P-2450,44.6,0.0,0.0,0.0,4,42.8,45.2,1,44.6,44.0,0.0,0.0,0.0,0.0,79
2023-05-11 09:41:12,HO2312-P-2450,HO2312-P-2450,44.6,0.0,0.0,0.0,6,43.2,45.2,1,44.6,44.0,0.0,0.0,0.0,0.0,79
2023-05-11 09:41:44,HO2312-P-2450,HO2312-P-2450,44.6,0.0,0.0,0.0,6,43.2,45.2,3,44.6,44.0,0.0,0.0,0.0,0.0,79
2023-05-11 09:41:45,HO2312-P-2450,HO2312-P-2450,44.6,0.0,0.0,0.0,6,43.2,45.2,1,44.6,44.0,0.0,0.0,0.0,0.0,79
2023-05-11 09:41:45,HO2312-P-2450,HO2312-P-2450,44.6,0.0,0.0,0.0,6,43.2,45.2,3,44.6,44.0,0.0,0.0,0.0,0.0,79
2023-05-11 09:41:46,HO2312-P-2450,HO2312-P-2450,44.6,0.0,0.0,0.0,6,43.2,45.2,1,44.6,44.0,0.0,0.0,0.0,0.0,79
2023-05-11 09:42:08,HO2312-P-2450,HO2312-P-2450,44.6,0.0,0.0,0.0,7,43.2,45.2,1,44.6,44.0,0.0,0.0,0.0,0.0,79
2023-05-11 09:42:13,HO2312-P-2450,HO2312-P-2450,44.6,0.0,0.0,0.0,10,43.2,45.2,1,44.6,44.0,0.0,0.0,0.0,0.0,79
2023-05-11 09:42:15,HO2312-P-2450,HO2312-P-2450,44.6,0.0,0.0,0.0,10,43.2,45.6,36,44.6,44.0,0.0,0.0,0.0,0.0,79
2023-05-11 09:42:16,HO2312-P-2450,HO2312-P-2450,44.6,0.0,0.0,0.0,10,43.2,45.6,24,44.6,44.0,0.0,0.0,0.0,0.0,79
2023-05-11 09:42:16,HO2312-P-2450,HO2312-P-2450,44.6,0.0,0.0,0.0,16,43.2,45.6,24,44.6,44.0,0.0,0.0,0.0,0.0,79
2023-05-11 09:42:17,HO2312-P-2450,HO2312-P-2450,44.6,0.0,0.0,0.0,22,43.2,45.6,24,44.6,44.0,0.0,0.0,0.0,0.0,79
2023-05-11 09:42:17,HO2312-P-2450,HO2312-P-2450,44.6,0.0,0.0,0.0,22,43.2,45.6,26,44.6,44.0,0.0,0.0,0.0,0.0,79
2023-05-11 09:42:18,HO2312-P-2450,HO2312-P-2450,44.6,0.0,0.0,0.0,22,43.2,45.6,24,44.6,44.0,0.0,0.0,0.0,0.0,79
2023-05-11 09:42:21,HO2312-P-2450,HO2312-P-2450,44.6,0.0,0.0,0.0,19,43.2,45.6,24,44.6,44.0,0.0,0.0,0.0,0.0,79
2023-05-11 09:42:21,HO2312-P-2450,HO2312-P-2450,44.6,0.0,0.0,0.0,19,43.2,45.6,26,44.6,44.0,0.0,0.0,0.0,0.0,79
2023-05-11 09:42:22,HO2312-P-2450,HO2312-P-2450,44.6,0.0,0.0,0.0,22,43.2,45.6,24,44.6,44.0,0.0,0.0,0.0,0.0,79
2023-05-11 09:42:23,HO2312-P-2450,HO2312-P-2450,44.6,0.0,0.0,0.0,1,43.6,45.6,24,44.6,44.0,0.0,0.0,0.0,0.0,79
2023-05-11 09:42:23,HO2312-P-2450,HO2312-P-2450,44.6,0.0,0.0,0.0,1,43.6,45.6,18,44.6,44.0,0.0,0.0,0.0,0.0,79
2023-05-11 09:42:26,HO2312-P-2450,HO2312-P-2450,44.6,0.0,0.0,0.0,1,43.6,45.6,20,44.6,44.0,0.0,0.0,0.0,0.0,79
2023-05-11 09:42:32,HO2312-P-2450,HO2312-P-2450,44.6,0.0,0.0,0.0,1,43.6,45.6,18,44.6,44.0,0.0,0.0,0.0,0.0,79
2023-05-11 09:42:33,HO2312-P-2450,HO2312-P-2450,44.6,0.0,0.0,0.0,1,43.6,45.6,20,44.6,44.0,0.0,0.0,0.0,0.0,79
2023-05-11 09:42:41,HO2312-P-2450,HO2312-P-2450,44.6,0.0,0.0,0.0,1,43.6,45.6,18,44.6,44.0,0.0,0.0,0.0,0.0,79
2023-05-11 09:42:42,HO2312-P-2450,HO2312-P-2450,44.6,0.0,0.0,0.0,1,43.6,45.6,20,44.6,44.0,0.0,0.0,0.0,0.0,79
2023-05-11 09:42:43,HO2312-P-2450,HO2312-P-2450,44.6,0.0,0.0,0.0,1,43.6,45.6,18,44.6,44.0,0.0,0.0,0.0,0.0,79
2023-05-11 09:42:51,HO2312-P-2450,HO2312-P-2450,44.6,0.0,0.0,0.0,4,43.6,45.6,18,44.6,44.0,0.0,0.0,0.0,0.0,79
2023-05-11 09:42:52,HO2312-P-2450,HO2312-P-2450,44.6,0.0,0.0,0.0,1,43.6,45.6,18,44.6,44.0,0.0,0.0,0.0,0.0,79
2023-05-11 09:42:58,HO2312-P-2450,HO2312-P-2450,44.6,0.0,0.0,0.0,4,43.6,45.6,18,44.6,44.0,0.0,0.0,0.0,0.0,79
2023-05-11 09:42:58,HO2312-P-2450,HO2312-P-2450,44.6,0.0,0.0,0.0,1,44.0,45.6,18,44.6,44.0,0.0,0.0,0.0,0.0,79
2023-05-11 09:43:00,HO2312-P-2450,HO2312-P-2450,44.6,0.0,0.0,0.0,1,44.0,45.6,12,44.6,44.0,0.0,0.0,0.0,0.0,79
2023-05-11 09:43:00,HO2312-P-2450,HO2312-P-2450,44.6,0.0,0.0,0.0,1,44.0,46.0,19,44.6,44.0,0.0,0.0,0.0,0.0,79
2023-05-11 09:43:01,HO2312-P-2450,HO2312-P-2450,44.6,0.0,0.0,0.0,6,44.2,46.0,15,44.6,44.0,0.0,0.0,0.0,0.0,79
2023-05-11 09:43:01,HO2312-P-2450,HO2312-P-2450,44.6,0.0,0.0,0.0,6,44.2,46.0,9,44.6,44.0,0.0,0.0,0.0,0.0,79
2023-05-11 09:43:02,HO2312-P-2450,HO2312-P-2450,44.6,0.0,0.0,0.0,6,44.2,46.0,3,44.6,44.0,0.0,0.0,0.0,0.0,79
2023-05-11 09:43:30,HO2312-P-2450,HO2312-P-2450,44.6,0.0,0.0,0.0,6,44.2,46.0,1,44.6,44.0,0.0,0.0,0.0,0.0,79
2023-05-11 09:43:35,HO2312-P-2450,HO2312-P-2450,44.6,0.0,0.0,0.0,12,43.8,46.0,1,44.6,44.0,0.0,0.0,0.0,0.0,79
2023-05-11 09:43:35,HO2312-P-2450,HO2312-P-2450,44.6,0.0,0.0,0.0,37,43.6,46.0,3,44.6,44.0,0.0,0.0,0.0,0.0,79
2023-05-11 09:43:36,HO2312-P-2450,HO2312-P-2450,44.6,0.0,0.0,0.0,13,43.6,46.0,3,44.6,44.0,0.0,0.0,0.0,0.0,79
2023-05-11 09:43:36,HO2312-P-2450,HO2312-P-2450,44.6,0.0,0.0,0.0,10,43.6,46.0,1,44.6,44.0,0.0,0.0,0.0,0.0,79
2023-05-11 09:43:37,HO2312-P-2450,HO2312-P-2450,44.6,0.0,0.0,0.0,4,43.6,46.0,3,44.6,44.0,0.0,0.0,0.0,0.0,79
2023-05-11 09:43:38,HO2312-P-2450,HO2312-P-2450,44.6,0.0,0.0,0.0,1,43.6,46.0,3,44.6,44.0,0.0,0.0,0.0,0.0,79
2023-05-11 09:43:43,HO2312-P-2450,HO2312-P-2450,44.6,0.0,0.0,0.0,4,43.6,46.0,1,44.6,44.0,0.0,0.0,0.0,0.0,79
2023-05-11 09:44:01,HO2312-P-2450,HO2312-P-2450,44.6,0.0,0.0,0.0,1,43.6,46.0,1,44.6,44.0,0.0,0.0,0.0,0.0,79
2023-05-11 09:44:01,HO2312-P-2450,HO2312-P-2450,44.6,0.0,0.0,0.0,4,43.6,46.0,3,44.6,44.0,0.0,0.0,0.0,0.0,79
2023-05-11 09:44:07,HO2312-P-2450,HO2312-P-2450,44.6,0.0,0.0,0.0,1,43.6,46.0,3,44.6,44.0,0.0,0.0,0.0,0.0,79
2023-05-11 09:44:28,HO2312-P-2450,HO2312-P-2450,44.6,0.0,0.0,0.0,4,43.6,46.0,3,44.6,44.0,0.0,0.0,0.0,0.0,79
2023-05-11 09:44:32,HO2312-P-2450,HO2312-P-2450,44.6,0.0,0.0,0.0,4,43.6,46.0,1,44.6,44.0,0.0,0.0,0.0,0.0,79
2023-05-11 09:44:32,HO2312-P-2450,HO2312-P-2450,44.6,0.0,0.0,0.0,4,43.6,46.0,3,44.6,44.0,0.0,0.0,0.0,0.0,79
2023-05-11 09:44:34,HO2312-P-2450,HO2312-P-2450,44.6,0.0,0.0,0.0,4,43.6,46.0,1,44.6,44.0,0.0,0.0,0.0,0.0,79
2023-05-11 09:44:34,HO2312-P-2450,HO2312-P-2450,44.6,0.0,0.0,0.0,4,43.6,46.0,3,44.6,44.0,0.0,0.0,0.0,0.0,79
2023-05-11 09:44:35,HO2312-P-2450,HO2312-P-2450,44.6,0.0,0.0,0.0,1,43.6,46.0,3,44.6,44.0,0.0,0.0,0.0,0.0,79
2023-05-11 09:44:57,HO2312-P-2450,HO2312-P-2450,44.6,0.0,0.0,0.0,24,43.4,46.0,3,44.6,44.0,0.0,0.0,0.0,0.0,79
2023-05-11 09:44:57,HO2312-P-2450,HO2312-P-2450,44.6,0.0,0.0,0.0,18,43.4,46.0,3,44.6,44.0,0.0,0.0,0.0,0.0,79
2023-05-11 09:45:05,HO2312-P-2450,HO2312-P-2450,44.6,0.0,0.0,0.0,21,43.4,46.0,3,44.6,44.0,0.0,0.0,0.0,0.0,79
2023-05-11 09:45:06,HO2312-P-2450,HO2312-P-2450,44.6,0.0,0.0,0.0,18,43.4,46.0,3,44.6,44.0,0.0,0.0,0.0,0.0,79
2023-05-11 09:45:10,HO2312-P-2450,HO2312-P-2450,44.6,0.0,0.0,0.0,18,43.4,45.2,1,44.6,44.0,0.0,0.0,0.0,0.0,79
2023-05-11 09:45:10,HO2312-P-2450,HO2312-P-2450,44.6,0.0,0.0,0.0,12,43.4,45.2,1,44.6,44.0,0.0,0.0,0.0,0.0,79
2023-05-11 09:45:11,HO2312-P-2450,HO2312-P-2450,44.6,0.0,0.0,0.0,18,43.2,45.2,1,44.6,44.0,0.0,0.0,0.0,0.0,79
2023-05-11 09:45:12,HO2312-P-2450,HO2312-P-2450,44.6,0.0,0.0,0.0,21,43.2,45.2,1,44.6,44.0,0.0,0.0,0.0,0.0,79
2023-05-11 09:45:28,HO2312-P-2450,HO2312-P-2450,44.6,0.0,0.0,0.0,27,43.2,45.2,1,44.6,44.0,0.0,0.0,0.0,0.0,79
2023-05-11 09:45:32,HO2312-P-2450,HO2312-P-2450,44.6,0.0,0.0,0.0,21,43.2,45.2,1,44.6,44.0,0.0,0.0,0.0,0.0,79
2023-05-11 09:45:52,HO2312-P-2450,HO2312-P-2450,44.6,0.0,0.0,0.0,18,43.2,45.2,1,44.6,44.0,0.0,0.0,0.0,0.0,79
2023-05-11 09:45:52,HO2312-P-2450,HO2312-P-2450,44.6,0.0,0.0,0.0,18,43.2,45.2,3,44.6,44.0,0.0,0.0,0.0,0.0,79
2023-05-11 09:45:53,HO2312-P-2450,HO2312-P-2450,44.6,0.0,0.0,0.0,18,43.2,45.2,1,44.6,44.0,0.0,0.0,0.0,0.0,79
2023-05-11 09:46:00,HO2312-P-2450,HO2312-P-2450,44.6,0.0,0.0,0.0,21,43.2,45.2,1,44.6,44.0,0.0,0.0,0.0,0.0,79
2023-05-11 09:46:01,HO2312-P-2450,HO2312-P-2450,44.6,0.0,0.0,0.0,18,43.2,45.2,1,44.6,44.0,0.0,0.0,0.0,0.0,79
2023-05-11 09:46:03,HO2312-P-2450,HO2312-P-2450,44.6,0.0,0.0,0.0,21,43.2,45.2,1,44.6,44.0,0.0,0.0,0.0,0.0,79
2023-05-11 09:46:13,HO2312-P-2450,HO2312-P-2450,44.6,0.0,0.0,0.0,18,43.2,45.2,1,44.6,44.0,0.0,0.0,0.0,0.0,79
2023-05-11 09:46:38,HO2312-P-2450,HO2312-P-2450,44.6,0.0,0.0,0.0,18,43.2,45.2,3,44.6,44.0,0.0,0.0,0.0,0.0,79
2023-05-11 09:46:39,HO2312-P-2450,HO2312-P-2450,44.6,0.0,0.0,0.0,18,43.2,45.2,1,44.6,44.0,0.0,0.0,0.0,0.0,79
2023-05-11 09:46:51,HO2312-P-2450,HO2312-P-2450,44.6,0.0,0.0,0.0,21,43.2,45.2,1,44.6,44.0,0.0,0.0,0.0,0.0,79
2023-05-11 09:46:53,HO2312-P-2450,HO2312-P-2450,44.6,0.0,0.0,0.0,18,43.2,45.2,1,44.6,44.0,0.0,0.0,0.0,0.0,79
2023-05-11 09:46:54,HO2312-P-2450,HO2312-P-2450,44.6,0.0,0.0,0.0,21,43.2,45.2,1,44.6,44.0,0.0,0.0,0.0,0.0,79
2023-05-11 09:46:55,HO2312-P-2450,HO2312-P-2450,44.6,0.0,0.0,0.0,18,43.2,45.2,1,44.6,44.0,0.0,0.0,0.0,0.0,79
2023-05-11 09:47:03,HO2312-P-2450,HO2312-P-2450,44.6,0.0,0.0,0.0,21,43.2,45.2,1,44.6,44.0,0.0,0.0,0.0,0.0,79
2023-05-11 09:47:07,HO2312-P-2450,HO2312-P-2450,44.6,0.0,0.0,0.0,18,43.2,45.2,1,44.6,44.0,0.0,0.0,0.0,0.0,79
2023-05-11 09:47:08,HO2312-P-2450,HO2312-P-2450,44.6,0.0,0.0,0.0,21,43.2,45.2,1,44.6,44.0,0.0,0.0,0.0,0.0,79
2023-05-11 09:47:08,HO2312-P-2450,HO2312-P-2450,44.6,0.0,0.0,0.0,18,43.2,45.2,1,44.6,44.0,0.0,0.0,0.0,0.0,79
2023-05-11 09:47:09,HO2312-P-2450,HO2312-P-2450,44.6,0.0,0.0,0.0,21,43.2,45.2,1,44.6,44.0,0.0,0.0,0.0,0.0,79
2023-05-11 09:47:09,HO2312-P-2450,HO2312-P-2450,44.6,0.0,0.0,0.0,18,43.2,45.2,1,44.6,44.0,0.0,0.0,0.0,0.0,79
2023-05-11 09:47:15,HO2312-P-2450,HO2312-P-2450,44.6,0.0,0.0,0.0,21,43.2,45.2,1,44.6,44.0,0.0,0.0,0.0,0.0,79
2023-05-11 09:47:15,HO2312-P-2450,HO2312-P-2450,44.6,0.0,0.0,0.0,18,43.2,45.2,1,44.6,44.0,0.0,0.0,0.0,0.0,79
2023-05-11 09:47:41,HO2312-P-2450,HO2312-P-2450,44.6,0.0,0.0,0.0,12,43.2,45.2,3,44.6,44.0,0.0,0.0,0.0,0.0,79
2023-05-11 09:47:42,HO2312-P-2450,HO2312-P-2450,44.6,0.0,0.0,0.0,6,43.2,45.2,3,44.6,44.0,0.0,0.0,0.0,0.0,79
2023-05-11 09:47:43,HO2312-P-2450,HO2312-P-2450,44.6,0.0,0.0,0.0,6,43.2,45.2,1,44.6,44.0,0.0,0.0,0.0,0.0,79
2023-05-11 09:48:05,HO2312-P-2450,HO2312-P-2450,44.6,0.0,0.0,0.0,9,43.2,45.2,1,44.6,44.0,0.0,0.0,0.0,0.0,79
2023-05-11 09:48:05,HO2312-P-2450,HO2312-P-2450,44.6,0.0,0.0,0.0,6,43.2,45.2,1,44.6,44.0,0.0,0.0,0.0,0.0,79
2023-05-11 09:48:07,HO2312-P-2450,HO2312-P-2450,44.6,0.0,0.0,0.0,9,43.2,45.2,1,44.6,44.0,0.0,0.0,0.0,0.0,79
2023-05-11 09:48:08,HO2312-P-2450,HO2312-P-2450,44.6,0.0,0.0,0.0,6,43.2,45.2,1,44.6,44.0,0.0,0.0,0.0,0.0,79
2023-05-11 09:48:08,HO2312-P-2450,HO2312-P-2450,44.6,0.0,0.0,0.0,9,43.2,45.2,1,44.6,44.0,0.0,0.0,0.0,0.0,79
2023-05-11 09:48:10,HO2312-P-2450,HO2312-P-2450,44.6,0.0,0.0,0.0,6,43.2,45.2,1,44.6,44.0,0.0,0.0,0.0,0.0,79
2023-05-11 09:48:12,HO2312-P-2450,HO2312-P-2450,44.6,0.0,0.0,0.0,9,43.2,45.2,1,44.6,44.0,0.0,0.0,0.0,0.0,79
2023-05-11 09:48:13,HO2312-P-2450,HO2312-P-2450,44.6,0.0,0.0,0.0,6,43.2,45.2,1,44.6,44.0,0.0,0.0,0.0,0.0,79
2023-05-11 09:48:13,HO2312-P-2450,HO2312-P-2450,44.6,0.0,0.0,0.0,9,43.2,45.2,1,44.6,44.0,0.0,0.0,0.0,0.0,79
2023-05-11 09:48:16,HO2312-P-2450,HO2312-P-2450,44.6,0.0,0.0,0.0,6,43.2,45.2,1,44.6,44.0,0.0,0.0,0.0,0.0,79
2023-05-11 09:48:17,HO2312-P-2450,HO2312-P-2450,44.6,0.0,0.0,0.0,9,43.2,45.2,1,44.6,44.0,0.0,0.0,0.0,0.0,79
2023-05-11 09:48:25,HO2312-P-2450,HO2312-P-2450,44.6,0.0,0.0,0.0,6,43.2,45.2,1,44.6,44.0,0.0,0.0,0.0,0.0,79
2023-05-11 09:48:26,HO2312-P-2450,HO2312-P-2450,44.6,0.0,0.0,0.0,9,43.2,45.2,1,44.6,44.0,0.0,0.0,0.0,0.0,79
2023-05-11 09:48:29,HO2312-P-2450,HO2312-P-2450,44.6,0.0,0.0,0.0,6,43.2,45.2,1,44.6,44.0,0.0,0.0,0.0,0.0,79
2023-05-11 09:48:30,HO2312-P-2450,HO2312-P-2450,44.6,0.0,0.0,0.0,9,43.2,45.2,1,44.6,44.0,0.0,0.0,0.0,0.0,79
2023-05-11 09:48:30,HO2312-P-2450,HO2312-P-2450,44.6,0.0,0.0,0.0,6,43.2,45.2,1,44.6,44.0,0.0,0.0,0.0,0.0,79
2023-05-11 09:48:55,HO2312-P-2450,HO2312-P-2450,44.6,0.0,0.0,0.0,9,43.2,45.2,1,44.6,44.0,0.0,0.0,0.0,0.0,79
2023-05-11 09:48:55,HO2312-P-2450,HO2312-P-2450,44.6,0.0,0.0,0.0,6,43.2,45.2,1,44.6,44.0,0.0,0.0,0.0,0.0,79
2023-05-11 09:49:03,HO2312-P-2450,HO2312-P-2450,44.6,0.0,0.0,0.0,9,43.2,45.2,1,44.6,44.0,0.0,0.0,0.0,0.0,79
2023-05-11 09:49:23,HO2312-P-2450,HO2312-P-2450,44.6,0.0,0.0,0.0,6,43.2,45.2,1,44.6,44.0,0.0,0.0,0.0,0.0,79
2023-05-11 09:49:30,HO2312-P-2450,HO2312-P-2450,44.6,0.0,0.0,0.0,9,43.2,45.2,1,44.6,44.0,0.0,0.0,0.0,0.0,79
2023-05-11 09:49:31,HO2312-P-2450,HO2312-P-2450,44.6,0.0,0.0,0.0,6,43.2,45.2,1,44.6,44.0,0.0,0.0,0.0,0.0,79
2023-05-11 09:49:32,HO2312-P-2450,HO2312-P-2450,44.6,0.0,0.0,0.0,9,43.2,45.2,1,44.6,44.0,0.0,0.0,0.0,0.0,79
2023-05-11 09:49:38,HO2312-P-2450,HO2312-P-2450,44.6,0.0,0.0,0.0,6,43.2,45.2,1,44.6,44.0,0.0,0.0,0.0,0.0,79
2023-05-11 09:49:41,HO2312-P-2450,HO2312-P-2450,44.6,0.0,0.0,0.0,9,43.2,45.2,1,44.6,44.0,0.0,0.0,0.0,0.0,79
2023-05-11 09:49:41,HO2312-P-2450,HO2312-P-2450,44.6,0.0,0.0,0.0,6,43.2,45.2,1,44.6,44.0,0.0,0.0,0.0,0.0,79
2023-05-11 09:49:48,HO2312-P-2450,HO2312-P-2450,44.6,0.0,0.0,0.0,9,43.2,45.2,1,44.6,44.0,0.0,0.0,0.0,0.0,79
2023-05-11 09:49:49,HO2312-P-2450,HO2312-P-2450,44.6,0.0,0.0,0.0,6,43.2,45.2,1,44.6,44.0,0.0,0.0,0.0,0.0,79
2023-05-11 09:49:52,HO2312-P-2450,HO2312-P-2450,44.6,0.0,0.0,0.0,9,43.2,45.2,1,44.6,44.0,0.0,0.0,0.0,0.0,79
2023-05-11 09:49:52,HO2312-P-2450,HO2312-P-2450,44.6,0.0,0.0,0.0,6,43.2,45.2,1,44.6,44.0,0.0,0.0,0.0,0.0,79
2023-05-11 09:50:02,HO2312-P-2450,HO2312-P-2450,44.6,0.0,0.0,0.0,9,43.2,45.2,1,44.6,44.0,0.0,0.0,0.0,0.0,79
2023-05-11 09:50:12,HO2312-P-2450,HO2312-P-2450,44.6,0.0,0.0,0.0,6,43.2,45.2,1,44.6,44.0,0.0,0.0,0.0,0.0,79
2023-05-11 09:50:13,HO2312-P-2450,HO2312-P-2450,44.6,0.0,0.0,0.0,6,43.2,45.2,3,44.6,44.0,0.0,0.0,0.0,0.0,79
2023-05-11 09:50:13,HO2312-P-2450,HO2312-P-2450,44.6,0.0,0.0,0.0,9,43.2,45.2,1,44.6,44.0,0.0,0.0,0.0,0.0,79
2023-05-11 09:50:15,HO2312-P-2450,HO2312-P-2450,44.6,0.0,0.0,0.0,6,43.2,45.2,1,44.6,44.0,0.0,0.0,0.0,0.0,79
2023-05-11 09:50:16,HO2312-P-2450,HO2312-P-2450,44.6,0.0,0.0,0.0,9,43.2,45.2,1,44.6,44.0,0.0,0.0,0.0,0.0,79
2023-05-11 09:50:17,HO2312-P-2450,HO2312-P-2450,44.6,0.0,0.0,0.0,6,43.2,45.2,1,44.6,44.0,0.0,0.0,0.0,0.0,79
2023-05-11 09:50:20,HO2312-P-2450,HO2312-P-2450,44.6,0.0,0.0,0.0,9,43.2,45.2,1,44.6,44.0,0.0,0.0,0.0,0.0,79
2023-05-11 09:50:23,HO2312-P-2450,HO2312-P-2450,44.6,0.0,0.0,0.0,6,43.2,45.2,1,44.6,44.0,0.0,0.0,0.0,0.0,79
2023-05-11 09:50:23,HO2312-P-2450,HO2312-P-2450,44.6,0.0,0.0,0.0,9,43.2,45.2,1,44.6,44.0,0.0,0.0,0.0,0.0,79
2023-05-11 09:50:24,HO2312-P-2450,HO2312-P-2450,44.6,0.0,0.0,0.0,6,43.2,45.2,1,44.6,44.0,0.0,0.0,0.0,0.0,79
2023-05-11 09:50:26,HO2312-P-2450,HO2312-P-2450,44.6,0.0,0.0,0.0,9,43.2,45.2,1,44.6,44.0,0.0,0.0,0.0,0.0,79
2023-05-11 09:50:31,HO2312-P-2450,HO2312-P-2450,44.6,0.0,0.0,0.0,6,43.2,45.2,1,44.6,44.0,0.0,0.0,0.0,0.0,79
2023-05-11 09:50:32,HO2312-P-2450,HO2312-P-2450,44.6,0.0,0.0,0.0,6,43.2,45.2,3,44.6,44.0,0.0,0.0,0.0,0.0,79
2023-05-11 09:50:32,HO2312-P-2450,HO2312-P-2450,44.6,0.0,0.0,0.0,6,43.2,45.2,1,44.6,44.0,0.0,0.0,0.0,0.0,79
2023-05-11 09:50:36,HO2312-P-2450,HO2312-P-2450,44.6,0.0,0.0,0.0,9,43.2,45.2,1,44.6,44.0,0.0,0.0,0.0,0.0,79
2023-05-11 09:50:36,HO2312-P-2450,HO2312-P-2450,44.6,0.0,0.0,0.0,6,43.2,45.2,1,44.6,44.0,0.0,0.0,0.0,0.0,79
2023-05-11 09:50:43,HO2312-P-2450,HO2312-P-2450,44.6,0.0,0.0,0.0,9,43.2,45.2,1,44.6,44.0,0.0,0.0,0.0,0.0,79
2023-05-11 09:50:46,HO2312-P-2450,HO2312-P-2450,44.6,0.0,0.0,0.0,6,43.2,45.2,1,44.6,44.0,0.0,0.0,0.0,0.0,79
2023-05-11 09:50:49,HO2312-P-2450,HO2312-P-2450,44.6,0.0,0.0,0.0,9,43.2,45.2,1,44.6,44.0,0.0,0.0,0.0,0.0,79
2023-05-11 09:50:50,HO2312-P-2450,HO2312-P-2450,44.6,0.0,0.0,0.0,6,43.2,45.2,1,44.6,44.0,0.0,0.0,0.0,0.0,79
2023-05-11 09:50:57,HO2312-P-2450,HO2312-P-2450,44.6,0.0,0.0,0.0,9,43.2,45.2,1,44.6,44.0,0.0,0.0,0.0,0.0,79
2023-05-11 09:50:58,HO2312-P-2450,HO2312-P-2450,44.6,0.0,0.0,0.0,6,43.2,45.2,1,44.6,44.0,0.0,0.0,0.0,0.0,79
2023-05-11 09:50:58,HO2312-P-2450,HO2312-P-2450,44.6,0.0,0.0,0.0,9,43.2,45.2,1,44.6,44.0,0.0,0.0,0.0,0.0,79
2023-05-11 09:50:59,HO2312-P-2450,HO2312-P-2450,44.6,0.0,0.0,0.0,6,43.2,45.2,1,44.6,44.0,0.0,0.0,0.0,0.0,79
2023-05-11 09:51:03,HO2312-P-2450,HO2312-P-2450,44.6,0.0,0.0,0.0,9,43.2,45.2,1,44.6,44.0,0.0,0.0,0.0,0.0,79
2023-05-11 09:51:05,HO2312-P-2450,HO2312-P-2450,44.6,0.0,0.0,0.0,6,43.2,45.2,1,44.6,44.0,0.0,0.0,0.0,0.0,79
2023-05-11 09:51:05,HO2312-P-2450,HO2312-P-2450,44.6,0.0,0.0,0.0,9,43.2,45.2,1,44.6,44.0,0.0,0.0,0.0,0.0,79
2023-05-11 09:51:15,HO2312-P-2450,HO2312-P-2450,44.6,0.0,0.0,0.0,6,43.2,45.2,1,44.6,44.0,0.0,0.0,0.0,0.0,79
2023-05-11 09:51:16,HO2312-P-2450,HO2312-P-2450,44.6,0.0,0.0,0.0,9,43.2,45.2,1,44.6,44.0,0.0,0.0,0.0,0.0,79
2023-05-11 09:51:39,HO2312-P-2450,HO2312-P-2450,44.6,0.0,0.0,0.0,6,43.2,45.2,1,44.6,44.0,0.0,0.0,0.0,0.0,79
2023-05-11 09:51:45,HO2312-P-2450,HO2312-P-2450,44.6,0.0,0.0,0.0,9,43.2,45.2,1,44.6,44.0,0.0,0.0,0.0,0.0,79
2023-05-11 09:51:45,HO2312-P-2450,HO2312-P-2450,44.6,0.0,0.0,0.0,6,43.2,45.2,1,44.6,44.0,0.0,0.0,0.0,0.0,79
2023-05-11 09:51:53,HO2312-P-2450,HO2312-P-2450,44.6,0.0,0.0,0.0,9,43.2,45.2,1,44.6,44.0,0.0,0.0,0.0,0.0,79
2023-05-11 09:51:56,HO2312-P-2450,HO2312-P-2450,44.6,0.0,0.0,0.0,6,43.2,45.2,1,44.6,44.0,0.0,0.0,0.0,0.0,79
2023-05-11 09:51:56,HO2312-P-2450,HO2312-P-2450,44.6,0.0,0.0,0.0,9,43.2,45.2,1,44.6,44.0,0.0,0.0,0.0,0.0,79
2023-05-11 09:51:57,HO2312-P-2450,HO2312-P-2450,44.6,0.0,0.0,0.0,6,43.2,45.2,1,44.6,44.0,0.0,0.0,0.0,0.0,79
2023-05-11 09:52:03,HO2312-P-2450,HO2312-P-2450,44.6,0.0,0.0,0.0,9,43.2,45.2,1,44.6,44.0,0.0,0.0,0.0,0.0,79
2023-05-11 09:52:03,HO2312-P-2450,HO2312-P-2450,44.6,0.0,0.0,0.0,6,43.2,45.2,1,44.6,44.0,0.0,0.0,0.0,0.0,79
2023-05-11 09:52:04,HO2312-P-2450,HO2312-P-2450,44.6,0.0,0.0,0.0,9,43.2,45.2,1,44.6,44.0,0.0,0.0,0.0,0.0,79
2023-05-11 09:52:05,HO2312-P-2450,HO2312-P-2450,44.6,0.0,0.0,0.0,6,43.2,45.2,1,44.6,44.0,0.0,0.0,0.0,0.0,79
2023-05-11 09:52:17,HO2312-P-2450,HO2312-P-2450,44.6,0.0,0.0,0.0,9,43.2,45.2,1,44.6,44.0,0.0,0.0,0.0,0.0,79
2023-05-11 09:52:18,HO2312-P-2450,HO2312-P-2450,44.6,0.0,0.0,0.0,6,43.2,45.2,1,44.6,44.0,0.0,0.0,0.0,0.0,79
2023-05-11 09:52:19,HO2312-P-2450,HO2312-P-2450,44.6,0.0,0.0,0.0,9,43.2,45.2,1,44.6,44.0,0.0,0.0,0.0,0.0,79
2023-05-11 09:52:22,HO2312-P-2450,HO2312-P-2450,44.6,0.0,0.0,0.0,6,43.2,45.2,1,44.6,44.0,0.0,0.0,0.0,0.0,79
2023-05-11 09:52:39,HO2312-P-2450,HO2312-P-2450,44.6,0.0,0.0,0.0,6,43.2,45.2,3,44.6,44.0,0.0,0.0,0.0,0.0,79
2023-05-11 09:52:40,HO2312-P-2450,HO2312-P-2450,44.6,0.0,0.0,0.0,6,43.2,45.2,1,44.6,44.0,0.0,0.0,0.0,0.0,79
2023-05-11 09:52:50,HO2312-P-2450,HO2312-P-2450,44.6,0.0,0.0,0.0,6,43.2,45.2,3,44.6,44.0,0.0,0.0,0.0,0.0,79
2023-05-11 09:52:51,HO2312-P-2450,HO2312-P-2450,44.6,0.0,0.0,0.0,6,43.2,45.2,1,44.6,44.0,0.0,0.0,0.0,0.0,79
2023-05-11 09:54:19,HO2312-P-2450,HO2312-P-2450,44.6,0.0,0.0,0.0,6,43.2,45.0,2,44.6,44.0,0.0,0.0,0.0,0.0,79
2023-05-11 09:54:20,HO2312-P-2450,HO2312-P-2450,44.6,0.0,0.0,0.0,6,43.2,45.2,1,44.6,44.0,0.0,0.0,0.0,0.0,79
2023-05-11 09:54:20,HO2312-P-2450,HO2312-P-2450,44.6,0.0,0.0,0.0,6,43.2,45.2,3,44.6,44.0,0.0,0.0,0.0,0.0,79
2023-05-11 09:54:23,HO2312-P-2450,HO2312-P-2450,44.6,0.0,0.0,0.0,6,43.2,45.2,1,44.6,44.0,0.0,0.0,0.0,0.0,79
2023-05-11 09:54:39,HO2312-P-2450,HO2312-P-2450,44.6,0.0,0.0,0.0,6,43.2,45.2,3,44.6,44.0,0.0,0.0,0.0,0.0,79
2023-05-11 09:54:40,HO2312-P-2450,HO2312-P-2450,44.6,0.0,0.0,0.0,6,43.2,45.2,1,44.6,44.0,0.0,0.0,0.0,0.0,79
2023-05-11 09:56:00,HO2312-P-2450,HO2312-P-2450,44.6,0.0,0.0,0.0,9,43.2,45.2,1,44.6,44.0,0.0,0.0,0.0,0.0,79
2023-05-11 09:56:04,HO2312-P-2450,HO2312-P-2450,44.6,0.0,0.0,0.0,6,43.2,45.2,1,44.6,44.0,0.0,0.0,0.0,0.0,79
2023-05-11 09:57:11,HO2312-P-2450,HO2312-P-2450,44.6,0.0,0.0,0.0,6,43.2,45.2,3,44.6,44.0,0.0,0.0,0.0,0.0,79
2023-05-11 09:57:12,HO2312-P-2450,HO2312-P-2450,44.6,0.0,0.0,0.0,6,43.2,44.4,1,44.6,44.0,0.0,0.0,0.0,0.0,79
2023-05-11 09:57:12,HO2312-P-2450,HO2312-P-2450,44.6,0.0,0.0,0.0,18,42.8,44.4,1,44.6,44.0,0.0,0.0,0.0,0.0,79
2023-05-11 09:57:23,HO2312-P-2450,HO2312-P-2450,44.6,0.0,0.0,0.0,18,42.8,44.4,2,44.6,44.0,0.0,0.0,0.0,0.0,79
2023-05-11 09:57:29,HO2312-P-2450,HO2312-P-2450,44.6,0.0,0.0,0.0,12,42.8,44.4,2,44.6,44.0,0.0,0.0,0.0,0.0,79
2023-05-11 09:57:29,HO2312-P-2450,HO2312-P-2450,44.6,0.0,0.0,0.0,6,42.8,44.4,2,44.6,44.0,0.0,0.0,0.0,0.0,79
2023-05-11 09:57:30,HO2312-P-2450,HO2312-P-2450,44.6,0.0,0.0,0.0,18,42.6,44.4,2,44.6,44.0,0.0,0.0,0.0,0.0,79
2023-05-11 09:57:31,HO2312-P-2450,HO2312-P-2450,44.6,0.0,0.0,0.0,12,42.6,44.4,2,44.6,44.0,0.0,0.0,0.0,0.0,79
2023-05-11 09:57:31,HO2312-P-2450,HO2312-P-2450,44.6,0.0,0.0,0.0,18,42.4,44.4,2,44.6,44.0,0.0,0.0,0.0,0.0,79
2023-05-11 09:57:32,HO2312-P-2450,HO2312-P-2450,44.6,0.0,0.0,0.0,21,42.4,44.4,2,44.6,44.0,0.0,0.0,0.0,0.0,79
2023-05-11 09:57:33,HO2312-P-2450,HO2312-P-2450,44.6,0.0,0.0,0.0,21,42.4,44.2,1,44.6,44.0,0.0,0.0,0.0,0.0,79
2023-05-11 09:58:01,HO2312-P-2450,HO2312-P-2450,44.6,0.0,0.0,0.0,18,42.4,44.2,1,44.6,44.0,0.0,0.0,0.0,0.0,79
2023-05-11 09:58:04,HO2312-P-2450,HO2312-P-2450,44.6,0.0,0.0,0.0,18,42.4,44.0,1,44.6,44.0,0.0,0.0,0.0,0.0,79
2023-05-11 09:58:32,HO2312-P-2450,HO2312-P-2450,44.6,0.0,0.0,0.0,12,42.4,44.0,1,44.6,44.0,0.0,0.0,0.0,0.0,79
2023-05-11 09:58:33,HO2312-P-2450,HO2312-P-2450,44.6,0.0,0.0,0.0,6,42.4,44.0,1,44.6,44.0,0.0,0.0,0.0,0.0,79
2023-05-11 09:59:05,HO2312-P-2450,HO2312-P-2450,44.0,1.0,4400.0,0.0,6,42.4,44.4,2,44.6,44.0,44.0,44.0,1.0,4400.0,79
2023-05-11 09:59:07,HO2312-P-2450,HO2312-P-2450,44.0,0.0,0.0,0.0,6,42.4,44.4,4,44.6,44.0,44.0,44.0,1.0,4400.0,79
2023-05-11 09:59:08,HO2312-P-2450,HO2312-P-2450,44.0,0.0,0.0,0.0,6,42.4,44.4,1,44.6,44.0,44.0,44.0,1.0,4400.0,79
2023-05-11 09:59:15,HO2312-P-2450,HO2312-P-2450,44.0,0.0,0.0,0.0,6,42.4,44.2,1,44.6,44.0,44.0,44.0,1.0,4400.0,79
2023-05-11 09:59:46,HO2312-P-2450,HO2312-P-2450,44.0,0.0,0.0,0.0,7,42.4,44.2,1,44.6,44.0,44.0,44.0,1.0,4400.0,79
2023-05-11 09:59:50,HO2312-P-2450,HO2312-P-2450,44.2,1.0,4420.0,0.0,6,43.2,44.6,1,44.6,44.0,44.2,44.0,2.0,8820.0,79
2023-05-11 09:59:51,HO2312-P-2450,HO2312-P-2450,44.2,0.0,0.0,0.0,6,43.2,44.6,3,44.6,44.0,44.2,44.0,2.0,8820.0,79
2023-05-11 10:00:00,HO2312-P-2450,HO2312-P-2450,44.2,0.0,0.0,0.0,6,43.2,44.4,1,44.6,44.0,44.2,44.0,2.0,8820.0,79
2023-05-11 10:00:13,HO2312-P-2450,HO2312-P-2450,44.2,0.0,0.0,0.0,6,43.2,44.2,1,44.6,44.0,44.2,44.0,2.0,8820.0,79
2023-05-11 10:00:23,HO2312-P-2450,HO2312-P-2450,44.2,0.0,0.0,0.0,6,43.2,44.0,1,44.6,44.0,44.2,44.0,2.0,8820.0,79
2023-05-11 10:00:24,HO2312-P-2450,HO2312-P-2450,44.0,1.0,4400.0,0.0,6,43.2,44.2,1,44.6,44.0,44.2,44.0,3.0,13220.0,79
2023-05-11 10:00:48,HO2312-P-2450,HO2312-P-2450,44.0,0.0,0.0,0.0,19,42.4,44.2,1,44.6,44.0,44.2,44.0,3.0,13220.0,79
2023-05-11 10:00:48,HO2312-P-2450,HO2312-P-2450,44.0,0.0,0.0,0.0,13,42.4,44.2,1,44.6,44.0,44.2,44.0,3.0,13220.0,79
2023-05-11 10:00:49,HO2312-P-2450,HO2312-P-2450,44.0,0.0,0.0,0.0,7,42.4,44.2,1,44.6,44.0,44.2,44.0,3.0,13220.0,79
2023-05-11 10:00:50,HO2312-P-2450,HO2312-P-2450,44.0,0.0,0.0,0.0,7,42.4,44.6,1,44.6,44.0,44.2,44.0,3.0,13220.0,79
2023-05-11 10:00:50,HO2312-P-2450,HO2312-P-2450,44.0,0.0,0.0,0.0,7,42.4,44.6,3,44.6,44.0,44.2,44.0,3.0,13220.0,79
2023-05-11 10:00:56,HO2312-P-2450,HO2312-P-2450,44.0,0.0,0.0,0.0,7,42.4,44.6,1,44.6,44.0,44.2,44.0,3.0,13220.0,79
2023-05-11 10:00:57,HO2312-P-2450,HO2312-P-2450,44.0,0.0,0.0,0.0,10,42.4,44.6,1,44.6,44.0,44.2,44.0,3.0,13220.0,79
2023-05-11 10:00:57,HO2312-P-2450,HO2312-P-2450,44.0,0.0,0.0,0.0,10,42.4,44.6,3,44.6,44.0,44.2,44.0,3.0,13220.0,79
2023-05-11 10:00:58,HO2312-P-2450,HO2312-P-2450,44.0,0.0,0.0,0.0,7,42.4,44.6,3,44.6,44.0,44.2,44.0,3.0,13220.0,79
2023-05-11 10:00:58,HO2312-P-2450,HO2312-P-2450,44.0,0.0,0.0,0.0,10,42.4,44.6,1,44.6,44.0,44.2,44.0,3.0,13220.0,79
2023-05-11 10:00:59,HO2312-P-2450,HO2312-P-2450,44.0,0.0,0.0,0.0,10,42.4,44.6,3,44.6,44.0,44.2,44.0,3.0,13220.0,79
2023-05-11 10:01:03,HO2312-P-2450,HO2312-P-2450,44.0,0.0,0.0,0.0,7,42.4,44.6,3,44.6,44.0,44.2,44.0,3.0,13220.0,79
2023-05-11 10:01:11,HO2312-P-2450,HO2312-P-2450,44.0,0.0,0.0,0.0,10,42.4,44.6,1,44.6,44.0,44.2,44.0,3.0,13220.0,79
2023-05-11 10:01:12,HO2312-P-2450,HO2312-P-2450,44.0,0.0,0.0,0.0,7,42.4,44.6,1,44.6,44.0,44.2,44.0,3.0,13220.0,79
2023-05-11 10:01:13,HO2312-P-2450,HO2312-P-2450,44.0,0.0,0.0,0.0,10,42.4,44.6,3,44.6,44.0,44.2,44.0,3.0,13220.0,79
2023-05-11 10:01:13,HO2312-P-2450,HO2312-P-2450,44.0,0.0,0.0,0.0,7,42.4,44.6,3,44.6,44.0,44.2,44.0,3.0,13220.0,79
2023-05-11 10:01:15,HO2312-P-2450,HO2312-P-2450,44.0,0.0,0.0,0.0,7,42.4,44.6,1,44.6,44.0,44.2,44.0,3.0,13220.0,79
2023-05-11 10:01:19,HO2312-P-2450,HO2312-P-2450,44.0,0.0,0.0,0.0,7,42.4,44.6,3,44.6,44.0,44.2,44.0,3.0,13220.0,79
2023-05-11 10:01:20,HO2312-P-2450,HO2312-P-2450,44.0,0.0,0.0,0.0,7,42.4,44.6,1,44.6,44.0,44.2,44.0,3.0,13220.0,79
2023-05-11 10:01:34,HO2312-P-2450,HO2312-P-2450,44.0,0.0,0.0,0.0,10,42.4,44.6,1,44.6,44.0,44.2,44.0,3.0,13220.0,79
2023-05-11 10:01:39,HO2312-P-2450,HO2312-P-2450,44.0,0.0,0.0,0.0,7,42.4,44.6,1,44.6,44.0,44.2,44.0,3.0,13220.0,79
2023-05-11 10:01:40,HO2312-P-2450,HO2312-P-2450,44.0,0.0,0.0,0.0,10,42.4,44.6,1,44.6,44.0,44.2,44.0,3.0,13220.0,79
2023-05-11 10:01:42,HO2312-P-2450,HO2312-P-2450,44.0,0.0,0.0,0.0,7,42.4,44.6,1,44.6,44.0,44.2,44.0,3.0,13220.0,79
2023-05-11 10:01:42,HO2312-P-2450,HO2312-P-2450,44.0,0.0,0.0,0.0,10,42.4,44.6,1,44.6,44.0,44.2,44.0,3.0,13220.0,79
2023-05-11 10:01:48,HO2312-P-2450,HO2312-P-2450,44.0,0.0,0.0,0.0,7,42.4,44.4,1,44.6,44.0,44.2,44.0,3.0,13220.0,79
2023-05-11 10:01:49,HO2312-P-2450,HO2312-P-2450,44.0,0.0,0.0,0.0,10,42.4,44.4,1,44.6,44.0,44.2,44.0,3.0,13220.0,79
2023-05-11 10:01:49,HO2312-P-2450,HO2312-P-2450,44.0,0.0,0.0,0.0,7,42.4,44.4,1,44.6,44.0,44.2,44.0,3.0,13220.0,79
2023-05-11 10:01:58,HO2312-P-2450,HO2312-P-2450,44.0,0.0,0.0,0.0,10,42.4,44.4,1,44.6,44.0,44.2,44.0,3.0,13220.0,79
2023-05-11 10:01:59,HO2312-P-2450,HO2312-P-2450,44.0,0.0,0.0,0.0,7,42.4,44.4,1,44.6,44.0,44.2,44.0,3.0,13220.0,79
2023-05-11 10:02:00,HO2312-P-2450,HO2312-P-2450,44.0,0.0,0.0,0.0,10,42.4,44.4,1,44.6,44.0,44.2,44.0,3.0,13220.0,79
2023-05-11 10:02:03,HO2312-P-2450,HO2312-P-2450,44.0,0.0,0.0,0.0,7,42.4,44.4,1,44.6,44.0,44.2,44.0,3.0,13220.0,79
2023-05-11 10:02:04,HO2312-P-2450,HO2312-P-2450,44.0,0.0,0.0,0.0,10,42.4,44.4,1,44.6,44.0,44.2,44.0,3.0,13220.0,79
2023-05-11 10:02:04,HO2312-P-2450,HO2312-P-2450,44.0,0.0,0.0,0.0,7,42.4,44.4,1,44.6,44.0,44.2,44.0,3.0,13220.0,79
2023-05-11 10:02:21,HO2312-P-2450,HO2312-P-2450,44.0,0.0,0.0,0.0,7,42.4,44.8,19,44.6,44.0,44.2,44.0,3.0,13220.0,79
2023-05-11 10:02:21,HO2312-P-2450,HO2312-P-2450,44.0,0.0,0.0,0.0,7,42.4,44.8,9,44.6,44.0,44.2,44.0,3.0,13220.0,79
2023-05-11 10:02:22,HO2312-P-2450,HO2312-P-2450,44.0,0.0,0.0,0.0,7,42.4,44.8,3,44.6,44.0,44.2,44.0,3.0,13220.0,79
2023-05-11 10:02:30,HO2312-P-2450,HO2312-P-2450,44.0,0.0,0.0,0.0,10,42.4,44.8,3,44.6,44.0,44.2,44.0,3.0,13220.0,79
2023-05-11 10:02:31,HO2312-P-2450,HO2312-P-2450,44.0,0.0,0.0,0.0,10,42.4,44.8,1,44.6,44.0,44.2,44.0,3.0,13220.0,79
2023-05-11 10:02:32,HO2312-P-2450,HO2312-P-2450,44.0,0.0,0.0,0.0,7,42.4,44.8,1,44.6,44.0,44.2,44.0,3.0,13220.0,79
2023-05-11 10:02:33,HO2312-P-2450,HO2312-P-2450,44.0,0.0,0.0,0.0,7,42.4,44.8,3,44.6,44.0,44.2,44.0,3.0,13220.0,79
2023-05-11 10:02:36,HO2312-P-2450,HO2312-P-2450,44.0,0.0,0.0,0.0,10,42.4,44.8,1,44.6,44.0,44.2,44.0,3.0,13220.0,79
2023-05-11 10:02:36,HO2312-P-2450,HO2312-P-2450,44.0,0.0,0.0,0.0,10,42.4,44.8,3,44.6,44.0,44.2,44.0,3.0,13220.0,79
2023-05-11 10:02:37,HO2312-P-2450,HO2312-P-2450,44.0,0.0,0.0,0.0,10,42.4,44.8,1,44.6,44.0,44.2,44.0,3.0,13220.0,79
2023-05-11 10:02:37,HO2312-P-2450,HO2312-P-2450,44.0,0.0,0.0,0.0,10,42.4,44.8,3,44.6,44.0,44.2,44.0,3.0,13220.0,79
2023-05-11 10:02:39,HO2312-P-2450,HO2312-P-2450,44.0,0.0,0.0,0.0,10,42.4,44.8,1,44.6,44.0,44.2,44.0,3.0,13220.0,79
2023-05-11 10:02:39,HO2312-P-2450,HO2312-P-2450,44.0,0.0,0.0,0.0,10,42.4,44.8,3,44.6,44.0,44.2,44.0,3.0,13220.0,79
2023-05-11 10:02:40,HO2312-P-2450,HO2312-P-2450,44.0,0.0,0.0,0.0,10,42.4,44.8,1,44.6,44.0,44.2,44.0,3.0,13220.0,79
2023-05-11 10:02:40,HO2312-P-2450,HO2312-P-2450,44.0,0.0,0.0,0.0,10,42.4,44.8,3,44.6,44.0,44.2,44.0,3.0,13220.0,79
2023-05-11 10:02:41,HO2312-P-2450,HO2312-P-2450,44.0,0.0,0.0,0.0,10,42.4,44.8,1,44.6,44.0,44.2,44.0,3.0,13220.0,79
2023-05-11 10:02:41,HO2312-P-2450,HO2312-P-2450,44.0,0.0,0.0,0.0,12,42.4,44.8,1,44.6,44.0,44.2,44.0,3.0,13220.0,79
2023-05-11 10:02:42,HO2312-P-2450,HO2312-P-2450,44.0,0.0,0.0,0.0,10,42.4,44.8,1,44.6,44.0,44.2,44.0,3.0,13220.0,79
2023-05-11 10:02:42,HO2312-P-2450,HO2312-P-2450,44.0,0.0,0.0,0.0,12,42.4,44.8,1,44.6,44.0,44.2,44.0,3.0,13220.0,79
2023-05-11 10:02:44,HO2312-P-2450,HO2312-P-2450,44.0,0.0,0.0,0.0,10,42.4,44.8,1,44.6,44.0,44.2,44.0,3.0,13220.0,79
2023-05-11 10:02:46,HO2312-P-2450,HO2312-P-2450,44.0,0.0,0.0,0.0,6,43.4,44.8,1,44.6,44.0,44.2,44.0,3.0,13220.0,79
2023-05-11 10:02:56,HO2312-P-2450,HO2312-P-2450,44.0,0.0,0.0,0.0,6,43.4,44.8,3,44.6,44.0,44.2,44.0,3.0,13220.0,79
2023-05-11 10:02:57,HO2312-P-2450,HO2312-P-2450,44.0,0.0,0.0,0.0,6,43.4,44.8,1,44.6,44.0,44.2,44.0,3.0,13220.0,79
2023-05-11 10:03:09,HO2312-P-2450,HO2312-P-2450,44.0,0.0,0.0,0.0,6,43.4,45.2,1,44.6,44.0,44.2,44.0,3.0,13220.0,79
2023-05-11 10:03:10,HO2312-P-2450,HO2312-P-2450,44.0,0.0,0.0,0.0,6,43.4,45.2,3,44.6,44.0,44.2,44.0,3.0,13220.0,79
2023-05-11 10:03:19,HO2312-P-2450,HO2312-P-2450,44.0,0.0,0.0,0.0,6,43.4,45.0,1,44.6,44.0,44.2,44.0,3.0,13220.0,79
2023-05-11 10:03:40,HO2312-P-2450,HO2312-P-2450,44.0,0.0,0.0,0.0,6,43.4,45.0,3,44.6,44.0,44.2,44.0,3.0,13220.0,79
2023-05-11 10:03:41,HO2312-P-2450,HO2312-P-2450,44.0,0.0,0.0,0.0,6,43.4,45.0,1,44.6,44.0,44.2,44.0,3.0,13220.0,79
2023-05-11 10:04:35,HO2312-P-2450,HO2312-P-2450,44.0,0.0,0.0,0.0,6,43.4,45.4,20,44.6,44.0,44.2,44.0,3.0,13220.0,79
2023-05-11 10:04:36,HO2312-P-2450,HO2312-P-2450,44.0,0.0,0.0,0.0,6,43.4,45.2,2,44.6,44.0,44.2,44.0,3.0,13220.0,79
2023-05-11 10:04:36,HO2312-P-2450,HO2312-P-2450,44.0,0.0,0.0,0.0,6,43.4,45.4,14,44.6,44.0,44.2,44.0,3.0,13220.0,79
2023-05-11 10:04:37,HO2312-P-2450,HO2312-P-2450,44.0,0.0,0.0,0.0,6,43.4,45.4,10,44.6,44.0,44.2,44.0,3.0,13220.0,79
2023-05-11 10:04:37,HO2312-P-2450,HO2312-P-2450,44.0,0.0,0.0,0.0,6,43.4,45.4,4,44.6,44.0,44.2,44.0,3.0,13220.0,79
2023-05-11 10:04:46,HO2312-P-2450,HO2312-P-2450,44.0,0.0,0.0,0.0,12,43.4,45.4,4,44.6,44.0,44.2,44.0,3.0,13220.0,79
2023-05-11 10:04:48,HO2312-P-2450,HO2312-P-2450,44.0,0.0,0.0,0.0,18,43.4,45.4,4,44.6,44.0,44.2,44.0,3.0,13220.0,79
2023-05-11 10:04:49,HO2312-P-2450,HO2312-P-2450,44.0,0.0,0.0,0.0,24,43.4,45.4,4,44.6,44.0,44.2,44.0,3.0,13220.0,79
2023-05-11 10:04:51,HO2312-P-2450,HO2312-P-2450,44.0,0.0,0.0,0.0,18,43.4,45.4,4,44.6,44.0,44.2,44.0,3.0,13220.0,79
2023-05-11 10:04:53,HO2312-P-2450,HO2312-P-2450,44.0,0.0,0.0,0.0,18,43.4,45.4,3,44.6,44.0,44.2,44.0,3.0,13220.0,79
2023-05-11 10:04:56,HO2312-P-2450,HO2312-P-2450,44.0,0.0,0.0,0.0,24,43.4,45.4,3,44.6,44.0,44.2,44.0,3.0,13220.0,79
2023-05-11 10:05:01,HO2312-P-2450,HO2312-P-2450,44.0,0.0,0.0,0.0,27,43.4,45.4,3,44.6,44.0,44.2,44.0,3.0,13220.0,79
2023-05-11 10:05:01,HO2312-P-2450,HO2312-P-2450,44.0,0.0,0.0,0.0,24,43.4,45.4,3,44.6,44.0,44.2,44.0,3.0,13220.0,79
2023-05-11 10:05:03,HO2312-P-2450,HO2312-P-2450,44.0,0.0,0.0,0.0,24,43.4,45.4,1,44.6,44.0,44.2,44.0,3.0,13220.0,79
2023-05-11 10:05:03,HO2312-P-2450,HO2312-P-2450,44.0,0.0,0.0,0.0,27,43.4,45.4,1,44.6,44.0,44.2,44.0,3.0,13220.0,79
2023-05-11 10:05:11,HO2312-P-2450,HO2312-P-2450,44.0,0.0,0.0,0.0,21,43.4,45.4,1,44.6,44.0,44.2,44.0,3.0,13220.0,79
2023-05-11 10:05:12,HO2312-P-2450,HO2312-P-2450,44.0,0.0,0.0,0.0,27,43.4,45.4,1,44.6,44.0,44.2,44.0,3.0,13220.0,79
2023-05-11 10:05:16,HO2312-P-2450,HO2312-P-2450,44.0,0.0,0.0,0.0,21,43.4,45.4,1,44.6,44.0,44.2,44.0,3.0,13220.0,79
2023-05-11 10:05:16,HO2312-P-2450,HO2312-P-2450,44.0,0.0,0.0,0.0,27,43.4,45.4,1,44.6,44.0,44.2,44.0,3.0,13220.0,79
2023-05-11 10:05:17,HO2312-P-2450,HO2312-P-2450,44.0,0.0,0.0,0.0,21,43.4,45.4,1,44.6,44.0,44.2,44.0,3.0,13220.0,79
2023-05-11 10:05:23,HO2312-P-2450,HO2312-P-2450,44.0,0.0,0.0,0.0,27,43.4,45.4,1,44.6,44.0,44.2,44.0,3.0,13220.0,79
2023-05-11 10:05:23,HO2312-P-2450,HO2312-P-2450,44.0,0.0,0.0,0.0,24,43.4,45.4,3,44.6,44.0,44.2,44.0,3.0,13220.0,79
2023-05-11 10:05:24,HO2312-P-2450,HO2312-P-2450,44.0,0.0,0.0,0.0,18,43.4,45.4,3,44.6,44.0,44.2,44.0,3.0,13220.0,79
2023-05-11 10:05:26,HO2312-P-2450,HO2312-P-2450,44.0,0.0,0.0,0.0,27,43.4,45.4,1,44.6,44.0,44.2,44.0,3.0,13220.0,79
2023-05-11 10:05:27,HO2312-P-2450,HO2312-P-2450,44.0,0.0,0.0,0.0,24,43.4,45.4,1,44.6,44.0,44.2,44.0,3.0,13220.0,79
2023-05-11 10:05:28,HO2312-P-2450,HO2312-P-2450,44.0,0.0,0.0,0.0,24,43.4,45.4,3,44.6,44.0,44.2,44.0,3.0,13220.0,79
2023-05-11 10:05:28,HO2312-P-2450,HO2312-P-2450,44.0,0.0,0.0,0.0,18,43.4,45.4,3,44.6,44.0,44.2,44.0,3.0,13220.0,79
2023-05-11 10:05:32,HO2312-P-2450,HO2312-P-2450,44.0,0.0,0.0,0.0,18,43.4,45.4,1,44.6,44.0,44.2,44.0,3.0,13220.0,79
2023-05-11 10:05:33,HO2312-P-2450,HO2312-P-2450,44.0,0.0,0.0,0.0,18,43.4,45.4,3,44.6,44.0,44.2,44.0,3.0,13220.0,79
2023-05-11 10:05:33,HO2312-P-2450,HO2312-P-2450,44.0,0.0,0.0,0.0,18,43.4,45.4,1,44.6,44.0,44.2,44.0,3.0,13220.0,79
2023-05-11 10:05:35,HO2312-P-2450,HO2312-P-2450,44.0,0.0,0.0,0.0,21,43.4,45.4,1,44.6,44.0,44.2,44.0,3.0,13220.0,79
2023-05-11 10:05:35,HO2312-P-2450,HO2312-P-2450,44.0,0.0,0.0,0.0,18,43.4,45.4,1,44.6,44.0,44.2,44.0,3.0,13220.0,79
2023-05-11 10:05:36,HO2312-P-2450,HO2312-P-2450,44.0,0.0,0.0,0.0,24,43.4,45.4,1,44.6,44.0,44.2,44.0,3.0,13220.0,79
2023-05-11 10:05:36,HO2312-P-2450,HO2312-P-2450,44.0,0.0,0.0,0.0,27,43.4,45.4,1,44.6,44.0,44.2,44.0,3.0,13220.0,79
2023-05-11 10:05:37,HO2312-P-2450,HO2312-P-2450,44.0,0.0,0.0,0.0,24,43.4,45.4,1,44.6,44.0,44.2,44.0,3.0,13220.0,79
2023-05-11 10:05:49,HO2312-P-2450,HO2312-P-2450,44.0,0.0,0.0,0.0,18,43.4,45.4,1,44.6,44.0,44.2,44.0,3.0,13220.0,79
2023-05-11 10:05:51,HO2312-P-2450,HO2312-P-2450,44.0,0.0,0.0,0.0,27,43.4,45.4,1,44.6,44.0,44.2,44.0,3.0,13220.0,79
2023-05-11 10:05:52,HO2312-P-2450,HO2312-P-2450,44.0,0.0,0.0,0.0,21,43.4,45.4,1,44.6,44.0,44.2,44.0,3.0,13220.0,79
2023-05-11 10:05:55,HO2312-P-2450,HO2312-P-2450,44.0,0.0,0.0,0.0,18,43.4,45.4,1,44.6,44.0,44.2,44.0,3.0,13220.0,79
2023-05-11 10:05:56,HO2312-P-2450,HO2312-P-2450,44.0,0.0,0.0,0.0,21,43.4,45.4,1,44.6,44.0,44.2,44.0,3.0,13220.0,79
2023-05-11 10:05:57,HO2312-P-2450,HO2312-P-2450,44.0,0.0,0.0,0.0,18,43.4,45.4,1,44.6,44.0,44.2,44.0,3.0,13220.0,79
2023-05-11 10:05:58,HO2312-P-2450,HO2312-P-2450,44.0,0.0,0.0,0.0,21,43.4,45.4,1,44.6,44.0,44.2,44.0,3.0,13220.0,79
2023-05-11 10:05:59,HO2312-P-2450,HO2312-P-2450,44.0,0.0,0.0,0.0,18,43.4,45.4,1,44.6,44.0,44.2,44.0,3.0,13220.0,79
2023-05-11 10:06:05,HO2312-P-2450,HO2312-P-2450,44.0,0.0,0.0,0.0,18,43.4,45.4,3,44.6,44.0,44.2,44.0,3.0,13220.0,79
2023-05-11 10:06:08,HO2312-P-2450,HO2312-P-2450,44.0,0.0,0.0,0.0,18,43.4,45.4,1,44.6,44.0,44.2,44.0,3.0,13220.0,79
2023-05-11 10:06:09,HO2312-P-2450,HO2312-P-2450,44.0,0.0,0.0,0.0,24,43.4,45.4,1,44.6,44.0,44.2,44.0,3.0,13220.0,79
2023-05-11 10:06:15,HO2312-P-2450,HO2312-P-2450,44.0,0.0,0.0,0.0,24,43.4,45.2,3,44.6,44.0,44.2,44.0,3.0,13220.0,79
2023-05-11 10:06:15,HO2312-P-2450,HO2312-P-2450,44.0,0.0,0.0,0.0,24,43.4,45.0,1,44.6,44.0,44.2,44.0,3.0,13220.0,79
2023-05-11 10:06:16,HO2312-P-2450,HO2312-P-2450,44.0,0.0,0.0,0.0,18,43.4,45.0,4,44.6,44.0,44.2,44.0,3.0,13220.0,79
2023-05-11 10:06:17,HO2312-P-2450,HO2312-P-2450,44.0,0.0,0.0,0.0,18,43.4,44.8,2,44.6,44.0,44.2,44.0,3.0,13220.0,79
2023-05-11 10:06:19,HO2312-P-2450,HO2312-P-2450,44.0,0.0,0.0,0.0,18,43.4,44.8,4,44.6,44.0,44.2,44.0,3.0,13220.0,79
2023-05-11 10:06:21,HO2312-P-2450,HO2312-P-2450,44.0,0.0,0.0,0.0,18,43.4,44.6,1,44.6,44.0,44.2,44.0,3.0,13220.0,79
2023-05-11 10:06:23,HO2312-P-2450,HO2312-P-2450,44.0,0.0,0.0,0.0,12,43.4,44.6,1,44.6,44.0,44.2,44.0,3.0,13220.0,79
2023-05-11 10:06:24,HO2312-P-2450,HO2312-P-2450,44.0,0.0,0.0,0.0,6,43.4,44.4,1,44.6,44.0,44.2,44.0,3.0,13220.0,79
2023-05-11 10:06:24,HO2312-P-2450,HO2312-P-2450,44.4,1.0,4440.0,0.0,6,43.4,44.6,1,44.6,44.0,44.4,44.0,4.0,17660.0,79
2023-05-11 10:06:39,HO2312-P-2450,HO2312-P-2450,44.4,0.0,0.0,0.0,6,43.4,45.0,18,44.6,44.0,44.4,44.0,4.0,17660.0,79
2023-05-11 10:06:40,HO2312-P-2450,HO2312-P-2450,44.4,0.0,0.0,0.0,6,43.4,45.0,6,44.6,44.0,44.4,44.0,4.0,17660.0,79
2023-05-11 10:06:40,HO2312-P-2450,HO2312-P-2450,44.4,0.0,0.0,0.0,6,43.4,45.4,31,44.6,44.0,44.4,44.0,4.0,17660.0,79
2023-05-11 10:06:41,HO2312-P-2450,HO2312-P-2450,44.4,0.0,0.0,0.0,6,43.4,45.2,2,44.6,44.0,44.4,44.0,4.0,17660.0,79
2023-05-11 10:06:42,HO2312-P-2450,HO2312-P-2450,44.4,0.0,0.0,0.0,6,43.4,45.4,1,44.6,44.0,44.4,44.0,4.0,17660.0,79
2023-05-11 10:06:43,HO2312-P-2450,HO2312-P-2450,44.4,0.0,0.0,0.0,6,43.4,45.4,3,44.6,44.0,44.4,44.0,4.0,17660.0,79
2023-05-11 10:06:49,HO2312-P-2450,HO2312-P-2450,44.4,0.0,0.0,0.0,12,43.4,45.4,3,44.6,44.0,44.4,44.0,4.0,17660.0,79
2023-05-11 10:06:59,HO2312-P-2450,HO2312-P-2450,44.4,0.0,0.0,0.0,18,43.4,45.4,3,44.6,44.0,44.4,44.0,4.0,17660.0,79
2023-05-11 10:07:00,HO2312-P-2450,HO2312-P-2450,44.4,0.0,0.0,0.0,12,43.4,45.4,3,44.6,44.0,44.4,44.0,4.0,17660.0,79
2023-05-11 10:07:01,HO2312-P-2450,HO2312-P-2450,44.4,0.0,0.0,0.0,18,43.4,45.4,3,44.6,44.0,44.4,44.0,4.0,17660.0,79
2023-05-11 10:07:03,HO2312-P-2450,HO2312-P-2450,44.4,0.0,0.0,0.0,12,43.4,45.4,3,44.6,44.0,44.4,44.0,4.0,17660.0,79
2023-05-11 10:07:05,HO2312-P-2450,HO2312-P-2450,44.4,0.0,0.0,0.0,18,43.4,45.4,2,44.6,44.0,44.4,44.0,4.0,17660.0,79
2023-05-11 10:07:06,HO2312-P-2450,HO2312-P-2450,44.4,0.0,0.0,0.0,12,43.4,45.4,2,44.6,44.0,44.4,44.0,4.0,17660.0,79
2023-05-11 10:07:09,HO2312-P-2450,HO2312-P-2450,44.4,0.0,0.0,0.0,18,43.4,45.8,49,44.6,44.0,44.4,44.0,4.0,17660.0,79
2023-05-11 10:07:10,HO2312-P-2450,HO2312-P-2450,44.4,0.0,0.0,0.0,18,43.4,45.8,25,44.6,44.0,44.4,44.0,4.0,17660.0,79
2023-05-11 10:07:12,HO2312-P-2450,HO2312-P-2450,44.4,0.0,0.0,0.0,12,43.4,45.6,1,44.6,44.0,44.4,44.0,4.0,17660.0,79
2023-05-11 10:07:13,HO2312-P-2450,HO2312-P-2450,44.4,0.0,0.0,0.0,12,43.4,45.4,2,44.6,44.0,44.4,44.0,4.0,17660.0,79
2023-05-11 10:07:15,HO2312-P-2450,HO2312-P-2450,44.4,0.0,0.0,0.0,18,43.4,45.4,2,44.6,44.0,44.4,44.0,4.0,17660.0,79
2023-05-11 10:07:16,HO2312-P-2450,HO2312-P-2450,44.4,0.0,0.0,0.0,12,43.4,45.4,2,44.6,44.0,44.4,44.0,4.0,17660.0,79
2023-05-11 10:07:18,HO2312-P-2450,HO2312-P-2450,44.4,0.0,0.0,0.0,12,43.4,45.6,1,44.6,44.0,44.4,44.0,4.0,17660.0,79
2023-05-11 10:07:19,HO2312-P-2450,HO2312-P-2450,44.4,0.0,0.0,0.0,12,43.4,45.4,2,44.6,44.0,44.4,44.0,4.0,17660.0,79
2023-05-11 10:07:19,HO2312-P-2450,HO2312-P-2450,44.4,0.0,0.0,0.0,18,43.4,45.4,2,44.6,44.0,44.4,44.0,4.0,17660.0,79
2023-05-11 10:07:20,HO2312-P-2450,HO2312-P-2450,44.4,0.0,0.0,0.0,18,43.4,45.8,31,44.6,44.0,44.4,44.0,4.0,17660.0,79
2023-05-11 10:07:21,HO2312-P-2450,HO2312-P-2450,44.4,0.0,0.0,0.0,18,43.4,45.8,25,44.6,44.0,44.4,44.0,4.0,17660.0,79
2023-05-11 10:07:23,HO2312-P-2450,HO2312-P-2450,44.4,0.0,0.0,0.0,12,43.4,45.8,25,44.6,44.0,44.4,44.0,4.0,17660.0,79
2023-05-11 10:07:24,HO2312-P-2450,HO2312-P-2450,44.4,0.0,0.0,0.0,6,43.4,45.8,25,44.6,44.0,44.4,44.0,4.0,17660.0,79
2023-05-11 10:07:31,HO2312-P-2450,HO2312-P-2450,44.4,0.0,0.0,0.0,6,43.4,45.6,1,44.6,44.0,44.4,44.0,4.0,17660.0,79
2023-05-11 10:07:32,HO2312-P-2450,HO2312-P-2450,44.4,0.0,0.0,0.0,6,43.4,45.4,2,44.6,44.0,44.4,44.0,4.0,17660.0,79
2023-05-11 10:07:51,HO2312-P-2450,HO2312-P-2450,44.4,0.0,0.0,0.0,6,43.4,45.6,1,44.6,44.0,44.4,44.0,4.0,17660.0,79
2023-05-11 10:07:52,HO2312-P-2450,HO2312-P-2450,44.4,0.0,0.0,0.0,6,43.4,45.4,2,44.6,44.0,44.4,44.0,4.0,17660.0,79
2023-05-11 10:08:02,HO2312-P-2450,HO2312-P-2450,44.4,0.0,0.0,0.0,6,43.4,45.4,3,44.6,44.0,44.4,44.0,4.0,17660.0,79
2023-05-11 10:08:20,HO2312-P-2450,HO2312-P-2450,44.4,0.0,0.0,0.0,6,43.4,45.2,2,44.6,44.0,44.4,44.0,4.0,17660.0,79
2023-05-11 10:08:20,HO2312-P-2450,HO2312-P-2450,44.4,0.0,0.0,0.0,6,43.4,45.0,2,44.6,44.0,44.4,44.0,4.0,17660.0,79
2023-05-11 10:08:22,HO2312-P-2450,HO2312-P-2450,44.4,0.0,0.0,0.0,6,43.4,45.2,2,44.6,44.0,44.4,44.0,4.0,17660.0,79
2023-05-11 10:08:22,HO2312-P-2450,HO2312-P-2450,44.4,0.0,0.0,0.0,6,43.4,45.2,4,44.6,44.0,44.4,44.0,4.0,17660.0,79
2023-05-11 10:08:23,HO2312-P-2450,HO2312-P-2450,44.4,0.0,0.0,0.0,6,43.4,45.2,2,44.6,44.0,44.4,44.0,4.0,17660.0,79
2023-05-11 10:08:55,HO2312-P-2450,HO2312-P-2450,44.4,0.0,0.0,0.0,6,43.4,45.2,1,44.6,44.0,44.4,44.0,4.0,17660.0,79
2023-05-11 10:09:39,HO2312-P-2450,HO2312-P-2450,44.4,0.0,0.0,0.0,6,43.4,45.2,3,44.6,44.0,44.4,44.0,4.0,17660.0,79
2023-05-11 10:09:42,HO2312-P-2450,HO2312-P-2450,44.4,0.0,0.0,0.0,6,43.4,45.2,1,44.6,44.0,44.4,44.0,4.0,17660.0,79
2023-05-11 10:09:42,HO2312-P-2450,HO2312-P-2450,44.4,0.0,0.0,0.0,6,43.4,45.2,3,44.6,44.0,44.4,44.0,4.0,17660.0,79
2023-05-11 10:09:47,HO2312-P-2450,HO2312-P-2450,44.4,0.0,0.0,0.0,6,43.4,45.2,1,44.6,44.0,44.4,44.0,4.0,17660.0,79
2023-05-11 10:10:00,HO2312-P-2450,HO2312-P-2450,44.4,0.0,0.0,0.0,9,43.4,45.2,1,44.6,44.0,44.4,44.0,4.0,17660.0,79
2023-05-11 10:10:02,HO2312-P-2450,HO2312-P-2450,44.4,0.0,0.0,0.0,6,43.4,45.2,1,44.6,44.0,44.4,44.0,4.0,17660.0,79
2023-05-11 10:10:02,HO2312-P-2450,HO2312-P-2450,44.4,0.0,0.0,0.0,9,43.4,45.2,1,44.6,44.0,44.4,44.0,4.0,17660.0,79
2023-05-11 10:10:10,HO2312-P-2450,HO2312-P-2450,44.4,0.0,0.0,0.0,6,43.4,45.2,1,44.6,44.0,44.4,44.0,4.0,17660.0,79
2023-05-11 10:10:17,HO2312-P-2450,HO2312-P-2450,44.4,0.0,0.0,0.0,9,43.4,45.2,1,44.6,44.0,44.4,44.0,4.0,17660.0,79
2023-05-11 10:10:25,HO2312-P-2450,HO2312-P-2450,44.4,0.0,0.0,0.0,6,43.4,45.2,1,44.6,44.0,44.4,44.0,4.0,17660.0,79
2023-05-11 10:11:06,HO2312-P-2450,HO2312-P-2450,44.4,0.0,0.0,0.0,6,43.4,45.4,1,44.6,44.0,44.4,44.0,4.0,17660.0,79
2023-05-11 10:11:07,HO2312-P-2450,HO2312-P-2450,44.4,0.0,0.0,0.0,9,43.4,45.8,42,44.6,44.0,44.4,44.0,4.0,17660.0,79
2023-05-11 10:11:07,HO2312-P-2450,HO2312-P-2450,44.4,0.0,0.0,0.0,9,43.4,45.8,26,44.6,44.0,44.4,44.0,4.0,17660.0,79
2023-05-11 10:11:09,HO2312-P-2450,HO2312-P-2450,44.4,0.0,0.0,0.0,6,43.4,45.6,1,44.6,44.0,44.4,44.0,4.0,17660.0,79
2023-05-11 10:11:09,HO2312-P-2450,HO2312-P-2450,44.4,0.0,0.0,0.0,6,43.4,45.6,3,44.6,44.0,44.4,44.0,4.0,17660.0,79
2023-05-11 10:11:13,HO2312-P-2450,HO2312-P-2450,44.4,0.0,0.0,0.0,9,43.4,45.6,3,44.6,44.0,44.4,44.0,4.0,17660.0,79
2023-05-11 10:11:15,HO2312-P-2450,HO2312-P-2450,44.4,0.0,0.0,0.0,9,43.4,45.6,1,44.6,44.0,44.4,44.0,4.0,17660.0,79
2023-05-11 10:11:16,HO2312-P-2450,HO2312-P-2450,44.4,0.0,0.0,0.0,6,43.4,45.6,3,44.6,44.0,44.4,44.0,4.0,17660.0,79
2023-05-11 10:11:16,HO2312-P-2450,HO2312-P-2450,44.4,0.0,0.0,0.0,9,43.4,45.6,3,44.6,44.0,44.4,44.0,4.0,17660.0,79
2023-05-11 10:11:17,HO2312-P-2450,HO2312-P-2450,44.4,0.0,0.0,0.0,6,43.4,45.6,3,44.6,44.0,44.4,44.0,4.0,17660.0,79
2023-05-11 10:11:32,HO2312-P-2450,HO2312-P-2450,44.4,0.0,0.0,0.0,6,43.4,45.6,2,44.6,44.0,44.4,44.0,4.0,17660.0,79
2023-05-11 10:11:43,HO2312-P-2450,HO2312-P-2450,44.4,0.0,0.0,0.0,9,43.4,45.6,2,44.6,44.0,44.4,44.0,4.0,17660.0,79
2023-05-11 10:11:43,HO2312-P-2450,HO2312-P-2450,44.4,0.0,0.0,0.0,6,43.4,45.6,2,44.6,44.0,44.4,44.0,4.0,17660.0,79
2023-05-11 10:11:45,HO2312-P-2450,HO2312-P-2450,44.4,0.0,0.0,0.0,9,43.4,45.6,2,44.6,44.0,44.4,44.0,4.0,17660.0,79
2023-05-11 10:11:46,HO2312-P-2450,HO2312-P-2450,44.4,0.0,0.0,0.0,6,43.4,45.6,2,44.6,44.0,44.4,44.0,4.0,17660.0,79
2023-05-11 10:11:47,HO2312-P-2450,HO2312-P-2450,44.4,0.0,0.0,0.0,9,43.4,45.6,2,44.6,44.0,44.4,44.0,4.0,17660.0,79
2023-05-11 10:11:50,HO2312-P-2450,HO2312-P-2450,44.4,0.0,0.0,0.0,6,43.4,45.6,2,44.6,44.0,44.4,44.0,4.0,17660.0,79
2023-05-11 10:11:51,HO2312-P-2450,HO2312-P-2450,44.4,0.0,0.0,0.0,9,43.4,45.6,2,44.6,44.0,44.4,44.0,4.0,17660.0,79
2023-05-11 10:11:52,HO2312-P-2450,HO2312-P-2450,44.4,0.0,0.0,0.0,6,43.4,45.6,2,44.6,44.0,44.4,44.0,4.0,17660.0,79
2023-05-11 10:11:56,HO2312-P-2450,HO2312-P-2450,44.4,0.0,0.0,0.0,9,43.4,45.6,2,44.6,44.0,44.4,44.0,4.0,17660.0,79
2023-05-11 10:11:57,HO2312-P-2450,HO2312-P-2450,44.4,0.0,0.0,0.0,6,43.4,45.6,2,44.6,44.0,44.4,44.0,4.0,17660.0,79
2023-05-11 10:11:58,HO2312-P-2450,HO2312-P-2450,44.4,0.0,0.0,0.0,9,43.4,45.6,2,44.6,44.0,44.4,44.0,4.0,17660.0,79
2023-05-11 10:12:04,HO2312-P-2450,HO2312-P-2450,44.4,0.0,0.0,0.0,6,43.4,45.6,2,44.6,44.0,44.4,44.0,4.0,17660.0,79
2023-05-11 10:12:06,HO2312-P-2450,HO2312-P-2450,44.4,0.0,0.0,0.0,9,43.4,45.6,2,44.6,44.0,44.4,44.0,4.0,17660.0,79
2023-05-11 10:12:19,HO2312-P-2450,HO2312-P-2450,44.4,0.0,0.0,0.0,6,43.4,45.6,2,44.6,44.0,44.4,44.0,4.0,17660.0,79
2023-05-11 10:12:28,HO2312-P-2450,HO2312-P-2450,44.4,0.0,0.0,0.0,9,43.4,45.6,2,44.6,44.0,44.4,44.0,4.0,17660.0,79
2023-05-11 10:12:29,HO2312-P-2450,HO2312-P-2450,44.4,0.0,0.0,0.0,6,43.4,45.6,2,44.6,44.0,44.4,44.0,4.0,17660.0,79
2023-05-11 10:12:42,HO2312-P-2450,HO2312-P-2450,44.4,0.0,0.0,0.0,9,43.4,45.6,2,44.6,44.0,44.4,44.0,4.0,17660.0,79
2023-05-11 10:12:53,HO2312-P-2450,HO2312-P-2450,44.4,0.0,0.0,0.0,6,43.4,45.6,2,44.6,44.0,44.4,44.0,4.0,17660.0,79
2023-05-11 10:12:55,HO2312-P-2450,HO2312-P-2450,44.4,0.0,0.0,0.0,9,43.4,45.6,2,44.6,44.0,44.4,44.0,4.0,17660.0,79
2023-05-11 10:12:56,HO2312-P-2450,HO2312-P-2450,44.4,0.0,0.0,0.0,6,43.4,45.6,2,44.6,44.0,44.4,44.0,4.0,17660.0,79
2023-05-11 10:13:01,HO2312-P-2450,HO2312-P-2450,44.4,0.0,0.0,0.0,9,43.4,45.6,2,44.6,44.0,44.4,44.0,4.0,17660.0,79
2023-05-11 10:13:02,HO2312-P-2450,HO2312-P-2450,44.4,0.0,0.0,0.0,6,43.4,45.6,2,44.6,44.0,44.4,44.0,4.0,17660.0,79
2023-05-11 10:13:06,HO2312-P-2450,HO2312-P-2450,44.4,0.0,0.0,0.0,9,43.4,45.6,2,44.6,44.0,44.4,44.0,4.0,17660.0,79
2023-05-11 10:13:08,HO2312-P-2450,HO2312-P-2450,44.4,0.0,0.0,0.0,6,43.4,45.6,2,44.6,44.0,44.4,44.0,4.0,17660.0,79
2023-05-11 10:13:33,HO2312-P-2450,HO2312-P-2450,44.4,0.0,0.0,0.0,9,43.4,45.6,2,44.6,44.0,44.4,44.0,4.0,17660.0,79
2023-05-11 10:13:34,HO2312-P-2450,HO2312-P-2450,44.4,0.0,0.0,0.0,6,43.4,45.6,2,44.6,44.0,44.4,44.0,4.0,17660.0,79
2023-05-11 10:13:35,HO2312-P-2450,HO2312-P-2450,44.4,0.0,0.0,0.0,9,43.4,45.6,2,44.6,44.0,44.4,44.0,4.0,17660.0,79
2023-05-11 10:13:35,HO2312-P-2450,HO2312-P-2450,44.4,0.0,0.0,0.0,6,43.4,45.6,2,44.6,44.0,44.4,44.0,4.0,17660.0,79
2023-05-11 10:13:48,HO2312-P-2450,HO2312-P-2450,44.4,0.0,0.0,0.0,9,43.4,45.6,2,44.6,44.0,44.4,44.0,4.0,17660.0,79
2023-05-11 10:13:48,HO2312-P-2450,HO2312-P-2450,44.4,0.0,0.0,0.0,6,43.4,45.6,2,44.6,44.0,44.4,44.0,4.0,17660.0,79
2023-05-11 10:13:58,HO2312-P-2450,HO2312-P-2450,44.4,0.0,0.0,0.0,6,43.4,45.4,1,44.6,44.0,44.4,44.0,4.0,17660.0,79
2023-05-11 10:13:58,HO2312-P-2450,HO2312-P-2450,44.4,0.0,0.0,0.0,6,43.4,45.4,3,44.6,44.0,44.4,44.0,4.0,17660.0,79
2023-05-11 10:14:10,HO2312-P-2450,HO2312-P-2450,44.4,0.0,0.0,0.0,6,43.4,45.4,1,44.6,44.0,44.4,44.0,4.0,17660.0,79
2023-05-11 10:14:30,HO2312-P-2450,HO2312-P-2450,44.4,0.0,0.0,0.0,6,43.4,45.4,3,44.6,44.0,44.4,44.0,4.0,17660.0,79
2023-05-11 10:14:37,HO2312-P-2450,HO2312-P-2450,44.4,0.0,0.0,0.0,6,43.4,45.4,1,44.6,44.0,44.4,44.0,4.0,17660.0,79
2023-05-11 10:15:14,HO2312-P-2450,HO2312-P-2450,44.4,0.0,0.0,0.0,9,43.4,45.4,1,44.6,44.0,44.4,44.0,4.0,17660.0,79
2023-05-11 10:15:15,HO2312-P-2450,HO2312-P-2450,44.4,0.0,0.0,0.0,6,43.4,45.4,1,44.6,44.0,44.4,44.0,4.0,17660.0,79
2023-05-11 10:16:12,HO2312-P-2450,HO2312-P-2450,44.4,0.0,0.0,0.0,9,43.4,45.4,1,44.6,44.0,44.4,44.0,4.0,17660.0,79
2023-05-11 10:16:12,HO2312-P-2450,HO2312-P-2450,44.4,0.0,0.0,0.0,6,43.4,45.4,1,44.6,44.0,44.4,44.0,4.0,17660.0,79
2023-05-11 10:17:00,HO2312-P-2450,HO2312-P-2450,44.4,0.0,0.0,0.0,6,43.4,45.4,3,44.6,44.0,44.4,44.0,4.0,17660.0,79
2023-05-11 10:17:03,HO2312-P-2450,HO2312-P-2450,44.4,0.0,0.0,0.0,6,43.4,45.4,1,44.6,44.0,44.4,44.0,4.0,17660.0,79
2023-05-11 10:17:06,HO2312-P-2450,HO2312-P-2450,44.4,0.0,0.0,0.0,6,43.4,45.4,3,44.6,44.0,44.4,44.0,4.0,17660.0,79
2023-05-11 10:17:07,HO2312-P-2450,HO2312-P-2450,44.4,0.0,0.0,0.0,6,43.4,45.4,1,44.6,44.0,44.4,44.0,4.0,17660.0,79
2023-05-11 10:17:26,HO2312-P-2450,HO2312-P-2450,44.4,0.0,0.0,0.0,6,43.4,45.4,3,44.6,44.0,44.4,44.0,4.0,17660.0,79
2023-05-11 10:17:40,HO2312-P-2450,HO2312-P-2450,44.4,0.0,0.0,0.0,6,43.4,45.4,1,44.6,44.0,44.4,44.0,4.0,17660.0,79
2023-05-11 10:18:00,HO2312-P-2450,HO2312-P-2450,44.4,0.0,0.0,0.0,6,43.4,45.4,3,44.6,44.0,44.4,44.0,4.0,17660.0,79
2023-05-11 10:18:02,HO2312-P-2450,HO2312-P-2450,44.4,0.0,0.0,0.0,6,43.4,45.4,1,44.6,44.0,44.4,44.0,4.0,17660.0,79
2023-05-11 10:18:58,HO2312-P-2450,HO2312-P-2450,44.4,0.0,0.0,0.0,9,43.4,45.4,1,44.6,44.0,44.4,44.0,4.0,17660.0,79
2023-05-11 10:19:03,HO2312-P-2450,HO2312-P-2450,44.4,0.0,0.0,0.0,6,43.4,45.4,1,44.6,44.0,44.4,44.0,4.0,17660.0,79
2023-05-11 10:19:18,HO2312-P-2450,HO2312-P-2450,44.4,0.0,0.0,0.0,9,43.4,45.4,1,44.6,44.0,44.4,44.0,4.0,17660.0,79
2023-05-11 10:19:19,HO2312-P-2450,HO2312-P-2450,44.4,0.0,0.0,0.0,6,43.4,45.4,1,44.6,44.0,44.4,44.0,4.0,17660.0,79
2023-05-11 10:19:26,HO2312-P-2450,HO2312-P-2450,44.4,0.0,0.0,0.0,9,43.4,45.4,1,44.6,44.0,44.4,44.0,4.0,17660.0,79
2023-05-11 10:19:26,HO2312-P-2450,HO2312-P-2450,44.4,0.0,0.0,0.0,6,43.4,45.4,1,44.6,44.0,44.4,44.0,4.0,17660.0,79
2023-05-11 10:19:28,HO2312-P-2450,HO2312-P-2450,44.4,0.0,0.0,0.0,9,43.4,45.4,1,44.6,44.0,44.4,44.0,4.0,17660.0,79
2023-05-11 10:19:29,HO2312-P-2450,HO2312-P-2450,44.4,0.0,0.0,0.0,6,43.4,45.4,1,44.6,44.0,44.4,44.0,4.0,17660.0,79
2023-05-11 10:21:37,HO2312-P-2450,HO2312-P-2450,44.4,0.0,0.0,0.0,6,43.4,45.8,24,44.6,44.0,44.4,44.0,4.0,17660.0,79
2023-05-11 10:21:38,HO2312-P-2450,HO2312-P-2450,44.4,0.0,0.0,0.0,6,43.4,45.6,2,44.6,44.0,44.4,44.0,4.0,17660.0,79
2023-05-11 10:21:39,HO2312-P-2450,HO2312-P-2450,44.4,0.0,0.0,0.0,9,43.4,45.8,24,44.6,44.0,44.4,44.0,4.0,17660.0,79
2023-05-11 10:21:40,HO2312-P-2450,HO2312-P-2450,44.4,0.0,0.0,0.0,9,43.4,45.8,26,44.6,44.0,44.4,44.0,4.0,17660.0,79
2023-05-11 10:21:42,HO2312-P-2450,HO2312-P-2450,44.4,0.0,0.0,0.0,6,43.4,45.8,26,44.6,44.0,44.4,44.0,4.0,17660.0,79
2023-05-11 10:21:52,HO2312-P-2450,HO2312-P-2450,44.4,0.0,0.0,0.0,6,43.4,45.6,1,44.6,44.0,44.4,44.0,4.0,17660.0,79
2023-05-11 10:21:52,HO2312-P-2450,HO2312-P-2450,44.4,0.0,0.0,0.0,6,43.4,45.6,3,44.6,44.0,44.4,44.0,4.0,17660.0,79
2023-05-11 10:22:43,HO2312-P-2450,HO2312-P-2450,44.4,0.0,0.0,0.0,6,43.4,45.4,1,44.6,44.0,44.4,44.0,4.0,17660.0,79
2023-05-11 10:22:58,HO2312-P-2450,HO2312-P-2450,44.4,0.0,0.0,0.0,9,43.4,45.4,1,44.6,44.0,44.4,44.0,4.0,17660.0,79
2023-05-11 10:22:59,HO2312-P-2450,HO2312-P-2450,44.4,0.0,0.0,0.0,6,43.4,45.4,1,44.6,44.0,44.4,44.0,4.0,17660.0,79
2023-05-11 10:23:00,HO2312-P-2450,HO2312-P-2450,44.4,0.0,0.0,0.0,9,43.4,45.4,1,44.6,44.0,44.4,44.0,4.0,17660.0,79
2023-05-11 10:23:00,HO2312-P-2450,HO2312-P-2450,44.4,0.0,0.0,0.0,6,43.4,45.4,1,44.6,44.0,44.4,44.0,4.0,17660.0,79
2023-05-11 10:23:58,HO2312-P-2450,HO2312-P-2450,44.4,0.0,0.0,0.0,9,43.4,45.4,1,44.6,44.0,44.4,44.0,4.0,17660.0,79
2023-05-11 10:23:59,HO2312-P-2450,HO2312-P-2450,44.4,0.0,0.0,0.0,6,43.4,45.4,1,44.6,44.0,44.4,44.0,4.0,17660.0,79
2023-05-11 10:23:59,HO2312-P-2450,HO2312-P-2450,44.4,0.0,0.0,0.0,6,43.4,45.4,3,44.6,44.0,44.4,44.0,4.0,17660.0,79
2023-05-11 10:24:07,HO2312-P-2450,HO2312-P-2450,44.4,0.0,0.0,0.0,6,43.4,45.4,1,44.6,44.0,44.4,44.0,4.0,17660.0,79
2023-05-11 10:24:10,HO2312-P-2450,HO2312-P-2450,44.4,0.0,0.0,0.0,12,43.2,45.4,2,44.6,44.0,44.4,44.0,4.0,17660.0,79
2023-05-11 10:24:10,HO2312-P-2450,HO2312-P-2450,44.4,0.0,0.0,0.0,31,43.0,45.4,4,44.6,44.0,44.4,44.0,4.0,17660.0,79
2023-05-11 10:24:11,HO2312-P-2450,HO2312-P-2450,44.4,0.0,0.0,0.0,28,43.0,45.4,2,44.6,44.0,44.4,44.0,4.0,17660.0,79
2023-05-11 10:24:16,HO2312-P-2450,HO2312-P-2450,44.4,0.0,0.0,0.0,22,43.0,45.4,2,44.6,44.0,44.4,44.0,4.0,17660.0,79
2023-05-11 10:24:17,HO2312-P-2450,HO2312-P-2450,44.4,0.0,0.0,0.0,22,43.0,45.4,4,44.6,44.0,44.4,44.0,4.0,17660.0,79
2023-05-11 10:24:35,HO2312-P-2450,HO2312-P-2450,44.4,0.0,0.0,0.0,22,43.0,45.4,3,44.6,44.0,44.4,44.0,4.0,17660.0,79
2023-05-11 10:25:06,HO2312-P-2450,HO2312-P-2450,44.4,0.0,0.0,0.0,22,43.0,45.4,1,44.6,44.0,44.4,44.0,4.0,17660.0,79
2023-05-11 10:25:06,HO2312-P-2450,HO2312-P-2450,44.4,0.0,0.0,0.0,22,43.0,45.4,3,44.6,44.0,44.4,44.0,4.0,17660.0,79
2023-05-11 10:25:29,HO2312-P-2450,HO2312-P-2450,44.4,0.0,0.0,0.0,22,43.0,45.4,1,44.6,44.0,44.4,44.0,4.0,17660.0,79
2023-05-11 10:25:30,HO2312-P-2450,HO2312-P-2450,44.4,0.0,0.0,0.0,22,43.0,45.4,3,44.6,44.0,44.4,44.0,4.0,17660.0,79
2023-05-11 10:25:30,HO2312-P-2450,HO2312-P-2450,44.4,0.0,0.0,0.0,22,43.0,45.4,1,44.6,44.0,44.4,44.0,4.0,17660.0,79
2023-05-11 10:25:31,HO2312-P-2450,HO2312-P-2450,44.4,0.0,0.0,0.0,22,43.0,45.4,3,44.6,44.0,44.4,44.0,4.0,17660.0,79
2023-05-11 10:25:32,HO2312-P-2450,HO2312-P-2450,44.4,0.0,0.0,0.0,22,43.0,45.4,1,44.6,44.0,44.4,44.0,4.0,17660.0,79
2023-05-11 10:25:33,HO2312-P-2450,HO2312-P-2450,44.4,0.0,0.0,0.0,28,43.0,45.4,1,44.6,44.0,44.4,44.0,4.0,17660.0,79
2023-05-11 10:25:42,HO2312-P-2450,HO2312-P-2450,44.4,0.0,0.0,0.0,22,43.0,45.4,1,44.6,44.0,44.4,44.0,4.0,17660.0,79
2023-05-11 10:25:59,HO2312-P-2450,HO2312-P-2450,44.4,0.0,0.0,0.0,28,43.0,45.4,1,44.6,44.0,44.4,44.0,4.0,17660.0,79
2023-05-11 10:26:00,HO2312-P-2450,HO2312-P-2450,44.4,0.0,0.0,0.0,28,43.0,45.4,3,44.6,44.0,44.4,44.0,4.0,17660.0,79
2023-05-11 10:26:10,HO2312-P-2450,HO2312-P-2450,44.4,0.0,0.0,0.0,22,43.0,45.4,4,44.6,44.0,44.4,44.0,4.0,17660.0,79
2023-05-11 10:26:15,HO2312-P-2450,HO2312-P-2450,44.4,0.0,0.0,0.0,22,43.0,45.4,2,44.6,44.0,44.4,44.0,4.0,17660.0,79
2023-05-11 10:26:15,HO2312-P-2450,HO2312-P-2450,44.4,0.0,0.0,0.0,22,43.0,45.4,1,44.6,44.0,44.4,44.0,4.0,17660.0,79
2023-05-11 10:26:41,HO2312-P-2450,HO2312-P-2450,44.4,0.0,0.0,0.0,22,43.0,45.4,3,44.6,44.0,44.4,44.0,4.0,17660.0,79
2023-05-11 10:26:50,HO2312-P-2450,HO2312-P-2450,44.4,0.0,0.0,0.0,22,43.0,45.4,1,44.6,44.0,44.4,44.0,4.0,17660.0,79
2023-05-11 10:26:51,HO2312-P-2450,HO2312-P-2450,44.4,0.0,0.0,0.0,22,43.0,45.6,1,44.6,44.0,44.4,44.0,4.0,17660.0,79
2023-05-11 10:26:52,HO2312-P-2450,HO2312-P-2450,44.4,0.0,0.0,0.0,22,43.0,45.6,3,44.6,44.0,44.4,44.0,4.0,17660.0,79
2023-05-11 10:27:05,HO2312-P-2450,HO2312-P-2450,44.4,0.0,0.0,0.0,22,43.0,45.4,1,44.6,44.0,44.4,44.0,4.0,17660.0,79
2023-05-11 10:27:06,HO2312-P-2450,HO2312-P-2450,44.4,0.0,0.0,0.0,22,43.0,45.4,3,44.6,44.0,44.4,44.0,4.0,17660.0,79
2023-05-11 10:27:19,HO2312-P-2450,HO2312-P-2450,44.4,0.0,0.0,0.0,22,43.0,45.4,1,44.6,44.0,44.4,44.0,4.0,17660.0,79
2023-05-11 10:27:22,HO2312-P-2450,HO2312-P-2450,44.4,0.0,0.0,0.0,22,43.0,45.4,3,44.6,44.0,44.4,44.0,4.0,17660.0,79
2023-05-11 10:27:56,HO2312-P-2450,HO2312-P-2450,44.4,0.0,0.0,0.0,22,43.0,45.4,1,44.6,44.0,44.4,44.0,4.0,17660.0,79
2023-05-11 10:27:57,HO2312-P-2450,HO2312-P-2450,44.4,0.0,0.0,0.0,22,43.0,45.8,42,44.6,44.0,44.4,44.0,4.0,17660.0,79
2023-05-11 10:27:57,HO2312-P-2450,HO2312-P-2450,44.4,0.0,0.0,0.0,22,43.0,45.6,2,44.6,44.0,44.4,44.0,4.0,17660.0,79
2023-05-11 10:27:58,HO2312-P-2450,HO2312-P-2450,44.4,0.0,0.0,0.0,22,43.0,45.6,3,44.6,44.0,44.4,44.0,4.0,17660.0,79
2023-05-11 10:28:19,HO2312-P-2450,HO2312-P-2450,44.4,0.0,0.0,0.0,22,43.0,45.6,2,44.6,44.0,44.4,44.0,4.0,17660.0,79
2023-05-11 10:30:02,HO2312-P-2450,HO2312-P-2450,44.4,0.0,0.0,0.0,1,43.6,45.6,2,44.6,44.0,44.4,44.0,4.0,17660.0,79
2023-05-11 10:30:03,HO2312-P-2450,HO2312-P-2450,44.4,0.0,0.0,0.0,1,43.6,45.8,24,44.6,44.0,44.4,44.0,4.0,17660.0,79
2023-05-11 10:30:04,HO2312-P-2450,HO2312-P-2450,44.4,0.0,0.0,0.0,1,43.6,45.6,2,44.6,44.0,44.4,44.0,4.0,17660.0,79
2023-05-11 10:30:06,HO2312-P-2450,HO2312-P-2450,44.4,0.0,0.0,0.0,7,43.6,45.8,24,44.6,44.0,44.4,44.0,4.0,17660.0,79
2023-05-11 10:30:07,HO2312-P-2450,HO2312-P-2450,44.4,0.0,0.0,0.0,7,43.6,45.8,26,44.6,44.0,44.4,44.0,4.0,17660.0,79
2023-05-11 10:30:13,HO2312-P-2450,HO2312-P-2450,44.4,0.0,0.0,0.0,7,43.6,45.6,1,44.6,44.0,44.4,44.0,4.0,17660.0,79
2023-05-11 10:30:13,HO2312-P-2450,HO2312-P-2450,44.4,0.0,0.0,0.0,7,43.6,45.4,2,44.6,44.0,44.4,44.0,4.0,17660.0,79
2023-05-11 10:30:15,HO2312-P-2450,HO2312-P-2450,44.4,0.0,0.0,0.0,7,43.6,45.6,1,44.6,44.0,44.4,44.0,4.0,17660.0,79
2023-05-11 10:30:15,HO2312-P-2450,HO2312-P-2450,44.4,0.0,0.0,0.0,7,43.6,45.6,3,44.6,44.0,44.4,44.0,4.0,17660.0,79
2023-05-11 10:30:41,HO2312-P-2450,HO2312-P-2450,44.4,0.0,0.0,0.0,1,43.6,45.4,1,44.6,44.0,44.4,44.0,4.0,17660.0,79
2023-05-11 10:30:41,HO2312-P-2450,HO2312-P-2450,44.4,0.0,0.0,0.0,1,43.6,45.2,2,44.6,44.0,44.4,44.0,4.0,17660.0,79
2023-05-11 10:30:45,HO2312-P-2450,HO2312-P-2450,44.4,0.0,0.0,0.0,1,43.6,45.4,1,44.6,44.0,44.4,44.0,4.0,17660.0,79
2023-05-11 10:30:45,HO2312-P-2450,HO2312-P-2450,44.4,0.0,0.0,0.0,1,43.6,45.4,3,44.6,44.0,44.4,44.0,4.0,17660.0,79
2023-05-11 10:30:53,HO2312-P-2450,HO2312-P-2450,44.4,0.0,0.0,0.0,1,43.6,45.4,1,44.6,44.0,44.4,44.0,4.0,17660.0,79
2023-05-11 10:30:54,HO2312-P-2450,HO2312-P-2450,44.4,0.0,0.0,0.0,1,43.6,45.8,30,44.6,44.0,44.4,44.0,4.0,17660.0,79
2023-05-11 10:30:55,HO2312-P-2450,HO2312-P-2450,44.4,0.0,0.0,0.0,1,43.6,45.6,2,44.6,44.0,44.4,44.0,4.0,17660.0,79
2023-05-11 10:31:27,HO2312-P-2450,HO2312-P-2450,44.4,0.0,0.0,0.0,1,43.6,45.6,3,44.6,44.0,44.4,44.0,4.0,17660.0,79
2023-05-11 10:31:47,HO2312-P-2450,HO2312-P-2450,44.4,0.0,0.0,0.0,1,43.6,45.6,1,44.6,44.0,44.4,44.0,4.0,17660.0,79
2023-05-11 10:31:48,HO2312-P-2450,HO2312-P-2450,44.4,0.0,0.0,0.0,1,43.6,45.6,3,44.6,44.0,44.4,44.0,4.0,17660.0,79
2023-05-11 10:33:14,HO2312-P-2450,HO2312-P-2450,44.4,0.0,0.0,0.0,1,43.6,45.4,1,44.6,44.0,44.4,44.0,4.0,17660.0,79
2023-05-11 10:33:17,HO2312-P-2450,HO2312-P-2450,44.4,0.0,0.0,0.0,1,43.6,45.4,3,44.6,44.0,44.4,44.0,4.0,17660.0,79
2023-05-11 10:33:18,HO2312-P-2450,HO2312-P-2450,44.4,0.0,0.0,0.0,36,43.0,45.4,3,44.6,44.0,44.4,44.0,4.0,17660.0,79
2023-05-11 10:33:18,HO2312-P-2450,HO2312-P-2450,44.4,0.0,0.0,0.0,21,43.0,45.4,3,44.6,44.0,44.4,44.0,4.0,17660.0,79
2023-05-11 10:33:19,HO2312-P-2450,HO2312-P-2450,44.4,0.0,0.0,0.0,18,43.0,45.4,3,44.6,44.0,44.4,44.0,4.0,17660.0,79
2023-05-11 10:33:20,HO2312-P-2450,HO2312-P-2450,44.4,0.0,0.0,0.0,21,43.0,45.4,3,44.6,44.0,44.4,44.0,4.0,17660.0,79
2023-05-11 10:33:20,HO2312-P-2450,HO2312-P-2450,44.4,0.0,0.0,0.0,18,43.0,45.4,3,44.6,44.0,44.4,44.0,4.0,17660.0,79
2023-05-11 10:33:21,HO2312-P-2450,HO2312-P-2450,44.4,0.0,0.0,0.0,21,43.0,45.4,3,44.6,44.0,44.4,44.0,4.0,17660.0,79
2023-05-11 10:33:30,HO2312-P-2450,HO2312-P-2450,44.4,0.0,0.0,0.0,21,43.0,45.4,2,44.6,44.0,44.4,44.0,4.0,17660.0,79
2023-05-11 10:33:36,HO2312-P-2450,HO2312-P-2450,44.4,0.0,0.0,0.0,21,43.0,45.6,1,44.6,44.0,44.4,44.0,4.0,17660.0,79
2023-05-11 10:33:37,HO2312-P-2450,HO2312-P-2450,44.4,0.0,0.0,0.0,21,43.0,45.6,3,44.6,44.0,44.4,44.0,4.0,17660.0,79
2023-05-11 10:34:39,HO2312-P-2450,HO2312-P-2450,44.4,0.0,0.0,0.0,21,43.0,45.6,4,44.6,44.0,44.4,44.0,4.0,17660.0,79
2023-05-11 10:35:34,HO2312-P-2450,HO2312-P-2450,44.4,0.0,0.0,0.0,21,43.0,45.6,3,44.6,44.0,44.4,44.0,4.0,17660.0,79
2023-05-11 10:39:20,HO2312-P-2450,HO2312-P-2450,44.4,0.0,0.0,0.0,21,43.0,45.6,4,44.6,44.0,44.4,44.0,4.0,17660.0,79
2023-05-11 10:40:24,HO2312-P-2450,HO2312-P-2450,44.4,0.0,0.0,0.0,21,43.0,45.6,3,44.6,44.0,44.4,44.0,4.0,17660.0,79
2023-05-11 10:41:33,HO2312-P-2450,HO2312-P-2450,44.4,0.0,0.0,0.0,1,43.4,45.6,3,44.6,44.0,44.4,44.0,4.0,17660.0,79
2023-05-11 10:41:33,HO2312-P-2450,HO2312-P-2450,44.4,0.0,0.0,0.0,4,43.4,45.6,3,44.6,44.0,44.4,44.0,4.0,17660.0,79
2023-05-11 10:41:39,HO2312-P-2450,HO2312-P-2450,44.4,0.0,0.0,0.0,1,43.4,45.6,3,44.6,44.0,44.4,44.0,4.0,17660.0,79
2023-05-11 10:41:40,HO2312-P-2450,HO2312-P-2450,44.4,0.0,0.0,0.0,4,43.4,45.6,3,44.6,44.0,44.4,44.0,4.0,17660.0,79
2023-05-11 10:41:44,HO2312-P-2450,HO2312-P-2450,44.4,0.0,0.0,0.0,1,43.4,45.6,3,44.6,44.0,44.4,44.0,4.0,17660.0,79
2023-05-11 10:41:45,HO2312-P-2450,HO2312-P-2450,44.4,0.0,0.0,0.0,4,43.4,45.6,3,44.6,44.0,44.4,44.0,4.0,17660.0,79
2023-05-11 10:41:45,HO2312-P-2450,HO2312-P-2450,44.4,0.0,0.0,0.0,1,43.4,45.6,3,44.6,44.0,44.4,44.0,4.0,17660.0,79
2023-05-11 10:41:46,HO2312-P-2450,HO2312-P-2450,44.4,0.0,0.0,0.0,4,43.4,45.6,3,44.6,44.0,44.4,44.0,4.0,17660.0,79
2023-05-11 10:41:46,HO2312-P-2450,HO2312-P-2450,44.4,0.0,0.0,0.0,1,43.4,45.6,3,44.6,44.0,44.4,44.0,4.0,17660.0,79
2023-05-11 10:42:08,HO2312-P-2450,HO2312-P-2450,44.4,0.0,0.0,0.0,4,43.4,45.6,3,44.6,44.0,44.4,44.0,4.0,17660.0,79
2023-05-11 10:42:11,HO2312-P-2450,HO2312-P-2450,44.4,0.0,0.0,0.0,1,43.4,45.6,3,44.6,44.0,44.4,44.0,4.0,17660.0,79
2023-05-11 10:42:33,HO2312-P-2450,HO2312-P-2450,44.4,0.0,0.0,0.0,1,43.4,45.6,4,44.6,44.0,44.4,44.0,4.0,17660.0,79
2023-05-11 10:43:02,HO2312-P-2450,HO2312-P-2450,44.4,0.0,0.0,0.0,4,43.4,45.6,4,44.6,44.0,44.4,44.0,4.0,17660.0,79
2023-05-11 10:43:04,HO2312-P-2450,HO2312-P-2450,44.4,0.0,0.0,0.0,1,43.4,45.6,4,44.6,44.0,44.4,44.0,4.0,17660.0,79
2023-05-11 10:45:22,HO2312-P-2450,HO2312-P-2450,44.4,0.0,0.0,0.0,1,43.4,45.6,3,44.6,44.0,44.4,44.0,4.0,17660.0,79
2023-05-11 10:45:22,HO2312-P-2450,HO2312-P-2450,44.4,0.0,0.0,0.0,4,43.4,45.6,3,44.6,44.0,44.4,44.0,4.0,17660.0,79
2023-05-11 10:45:24,HO2312-P-2450,HO2312-P-2450,44.4,0.0,0.0,0.0,1,43.4,45.6,3,44.6,44.0,44.4,44.0,4.0,17660.0,79
2023-05-11 10:45:52,HO2312-P-2450,HO2312-P-2450,44.4,0.0,0.0,0.0,1,43.4,45.6,4,44.6,44.0,44.4,44.0,4.0,17660.0,79
2023-05-11 10:47:03,HO2312-P-2450,HO2312-P-2450,44.4,0.0,0.0,0.0,4,43.4,45.6,4,44.6,44.0,44.4,44.0,4.0,17660.0,79
2023-05-11 10:47:04,HO2312-P-2450,HO2312-P-2450,44.4,0.0,0.0,0.0,1,43.4,45.6,4,44.6,44.0,44.4,44.0,4.0,17660.0,79
2023-05-11 10:48:56,HO2312-P-2450,HO2312-P-2450,44.4,0.0,0.0,0.0,4,43.4,45.6,4,44.6,44.0,44.4,44.0,4.0,17660.0,79
2023-05-11 10:48:56,HO2312-P-2450,HO2312-P-2450,44.4,0.0,0.0,0.0,1,43.4,45.6,4,44.6,44.0,44.4,44.0,4.0,17660.0,79
2023-05-11 10:49:05,HO2312-P-2450,HO2312-P-2450,44.4,0.0,0.0,0.0,4,43.4,45.6,4,44.6,44.0,44.4,44.0,4.0,17660.0,79
2023-05-11 10:49:05,HO2312-P-2450,HO2312-P-2450,44.4,0.0,0.0,0.0,1,43.4,45.6,4,44.6,44.0,44.4,44.0,4.0,17660.0,79
2023-05-11 10:50:08,HO2312-P-2450,HO2312-P-2450,44.4,0.0,0.0,0.0,4,43.4,45.6,4,44.6,44.0,44.4,44.0,4.0,17660.0,79
2023-05-11 10:50:09,HO2312-P-2450,HO2312-P-2450,44.4,0.0,0.0,0.0,4,43.4,45.6,3,44.6,44.0,44.4,44.0,4.0,17660.0,79
2023-05-11 10:50:13,HO2312-P-2450,HO2312-P-2450,44.4,0.0,0.0,0.0,1,43.4,45.6,3,44.6,44.0,44.4,44.0,4.0,17660.0,79
2023-05-11 10:50:13,HO2312-P-2450,HO2312-P-2450,44.4,0.0,0.0,0.0,4,43.4,45.6,3,44.6,44.0,44.4,44.0,4.0,17660.0,79
2023-05-11 10:50:18,HO2312-P-2450,HO2312-P-2450,44.4,0.0,0.0,0.0,1,43.4,45.6,3,44.6,44.0,44.4,44.0,4.0,17660.0,79
2023-05-11 10:52:54,HO2312-P-2450,HO2312-P-2450,44.4,0.0,0.0,0.0,1,43.4,45.6,4,44.6,44.0,44.4,44.0,4.0,17660.0,79
2023-05-11 10:53:01,HO2312-P-2450,HO2312-P-2450,44.4,0.0,0.0,0.0,4,43.4,45.6,4,44.6,44.0,44.4,44.0,4.0,17660.0,79
2023-05-11 10:53:03,HO2312-P-2450,HO2312-P-2450,44.4,0.0,0.0,0.0,1,43.4,45.6,4,44.6,44.0,44.4,44.0,4.0,17660.0,79
2023-05-11 10:53:11,HO2312-P-2450,HO2312-P-2450,44.4,0.0,0.0,0.0,4,43.4,45.6,4,44.6,44.0,44.4,44.0,4.0,17660.0,79
2023-05-11 10:53:13,HO2312-P-2450,HO2312-P-2450,44.4,0.0,0.0,0.0,1,43.4,45.6,4,44.6,44.0,44.4,44.0,4.0,17660.0,79
2023-05-11 10:53:47,HO2312-P-2450,HO2312-P-2450,44.4,0.0,0.0,0.0,4,43.4,45.6,4,44.6,44.0,44.4,44.0,4.0,17660.0,79
2023-05-11 10:53:47,HO2312-P-2450,HO2312-P-2450,44.4,0.0,0.0,0.0,1,43.4,45.6,4,44.6,44.0,44.4,44.0,4.0,17660.0,79
2023-05-11 10:54:03,HO2312-P-2450,HO2312-P-2450,44.4,0.0,0.0,0.0,4,43.4,45.6,4,44.6,44.0,44.4,44.0,4.0,17660.0,79
2023-05-11 10:54:04,HO2312-P-2450,HO2312-P-2450,44.4,0.0,0.0,0.0,1,43.4,45.6,4,44.6,44.0,44.4,44.0,4.0,17660.0,79
2023-05-11 10:55:03,HO2312-P-2450,HO2312-P-2450,44.4,0.0,0.0,0.0,4,43.4,45.6,4,44.6,44.0,44.4,44.0,4.0,17660.0,79
2023-05-11 10:55:04,HO2312-P-2450,HO2312-P-2450,44.4,0.0,0.0,0.0,1,43.4,45.6,4,44.6,44.0,44.4,44.0,4.0,17660.0,79
2023-05-11 10:56:42,HO2312-P-2450,HO2312-P-2450,44.4,0.0,0.0,0.0,1,43.4,45.6,3,44.6,44.0,44.4,44.0,4.0,17660.0,79
2023-05-11 10:56:54,HO2312-P-2450,HO2312-P-2450,44.4,0.0,0.0,0.0,1,43.4,45.6,2,44.6,44.0,44.4,44.0,4.0,17660.0,79
2023-05-11 10:57:18,HO2312-P-2450,HO2312-P-2450,44.4,0.0,0.0,0.0,1,43.4,45.6,3,44.6,44.0,44.4,44.0,4.0,17660.0,79
2023-05-11 10:58:06,HO2312-P-2450,HO2312-P-2450,44.4,0.0,0.0,0.0,4,43.4,45.6,3,44.6,44.0,44.4,44.0,4.0,17660.0,79
2023-05-11 10:58:07,HO2312-P-2450,HO2312-P-2450,44.4,0.0,0.0,0.0,1,43.4,45.6,3,44.6,44.0,44.4,44.0,4.0,17660.0,79
2023-05-11 10:58:07,HO2312-P-2450,HO2312-P-2450,44.4,0.0,0.0,0.0,4,43.4,45.6,3,44.6,44.0,44.4,44.0,4.0,17660.0,79
2023-05-11 10:58:11,HO2312-P-2450,HO2312-P-2450,44.4,0.0,0.0,0.0,1,43.4,45.6,3,44.6,44.0,44.4,44.0,4.0,17660.0,79
2023-05-11 10:58:12,HO2312-P-2450,HO2312-P-2450,44.4,0.0,0.0,0.0,4,43.4,45.6,3,44.6,44.0,44.4,44.0,4.0,17660.0,79
2023-05-11 10:58:17,HO2312-P-2450,HO2312-P-2450,44.4,0.0,0.0,0.0,1,43.4,45.6,3,44.6,44.0,44.4,44.0,4.0,17660.0,79
2023-05-11 10:58:18,HO2312-P-2450,HO2312-P-2450,44.4,0.0,0.0,0.0,4,43.4,45.6,3,44.6,44.0,44.4,44.0,4.0,17660.0,79
2023-05-11 10:58:20,HO2312-P-2450,HO2312-P-2450,44.4,0.0,0.0,0.0,1,43.4,45.6,3,44.6,44.0,44.4,44.0,4.0,17660.0,79
2023-05-11 11:00:06,HO2312-P-2450,HO2312-P-2450,44.4,0.0,0.0,0.0,4,43.4,45.6,3,44.6,44.0,44.4,44.0,4.0,17660.0,79
2023-05-11 11:00:08,HO2312-P-2450,HO2312-P-2450,44.4,0.0,0.0,0.0,4,43.4,45.6,1,44.6,44.0,44.4,44.0,4.0,17660.0,79
2023-05-11 11:00:10,HO2312-P-2450,HO2312-P-2450,44.4,0.0,0.0,0.0,4,43.4,45.6,3,44.6,44.0,44.4,44.0,4.0,17660.0,79
2023-05-11 11:00:10,HO2312-P-2450,HO2312-P-2450,44.4,0.0,0.0,0.0,1,43.4,45.6,3,44.6,44.0,44.4,44.0,4.0,17660.0,79
2023-05-11 11:00:11,HO2312-P-2450,HO2312-P-2450,44.4,0.0,0.0,0.0,1,43.4,45.6,1,44.6,44.0,44.4,44.0,4.0,17660.0,79
2023-05-11 11:00:14,HO2312-P-2450,HO2312-P-2450,44.4,0.0,0.0,0.0,1,43.4,45.8,24,44.6,44.0,44.4,44.0,4.0,17660.0,79
2023-05-11 11:00:14,HO2312-P-2450,HO2312-P-2450,44.4,0.0,0.0,0.0,1,43.4,45.6,2,44.6,44.0,44.4,44.0,4.0,17660.0,79
2023-05-11 11:00:44,HO2312-P-2450,HO2312-P-2450,44.4,0.0,0.0,0.0,1,43.4,45.8,24,44.6,44.0,44.4,44.0,4.0,17660.0,79
2023-05-11 11:00:45,HO2312-P-2450,HO2312-P-2450,44.4,0.0,0.0,0.0,1,43.4,45.8,26,44.6,44.0,44.4,44.0,4.0,17660.0,79
2023-05-11 11:01:06,HO2312-P-2450,HO2312-P-2450,44.4,0.0,0.0,0.0,1,43.4,45.6,1,44.6,44.0,44.4,44.0,4.0,17660.0,79
2023-05-11 11:01:07,HO2312-P-2450,HO2312-P-2450,44.4,0.0,0.0,0.0,1,43.4,45.6,3,44.6,44.0,44.4,44.0,4.0,17660.0,79
2023-05-11 11:01:18,HO2312-P-2450,HO2312-P-2450,44.4,0.0,0.0,0.0,1,43.4,45.4,1,44.6,44.0,44.4,44.0,4.0,17660.0,79
2023-05-11 11:01:18,HO2312-P-2450,HO2312-P-2450,44.4,0.0,0.0,0.0,1,43.4,45.4,3,44.6,44.0,44.4,44.0,4.0,17660.0,79
2023-05-11 11:01:22,HO2312-P-2450,HO2312-P-2450,44.4,0.0,0.0,0.0,1,43.4,45.4,1,44.6,44.0,44.4,44.0,4.0,17660.0,79
2023-05-11 11:02:03,HO2312-P-2450,HO2312-P-2450,44.4,0.0,0.0,0.0,1,43.4,45.4,3,44.6,44.0,44.4,44.0,4.0,17660.0,79
2023-05-11 11:02:14,HO2312-P-2450,HO2312-P-2450,44.4,0.0,0.0,0.0,1,43.4,45.4,1,44.6,44.0,44.4,44.0,4.0,17660.0,79
2023-05-11 11:02:14,HO2312-P-2450,HO2312-P-2450,44.4,0.0,0.0,0.0,1,43.4,45.4,3,44.6,44.0,44.4,44.0,4.0,17660.0,79
2023-05-11 11:02:15,HO2312-P-2450,HO2312-P-2450,44.4,0.0,0.0,0.0,1,43.4,45.4,1,44.6,44.0,44.4,44.0,4.0,17660.0,79
2023-05-11 11:03:15,HO2312-P-2450,HO2312-P-2450,44.4,0.0,0.0,0.0,1,43.4,45.4,3,44.6,44.0,44.4,44.0,4.0,17660.0,79
2023-05-11 11:03:24,HO2312-P-2450,HO2312-P-2450,44.4,0.0,0.0,0.0,1,43.4,45.4,1,44.6,44.0,44.4,44.0,4.0,17660.0,79
2023-05-11 11:03:28,HO2312-P-2450,HO2312-P-2450,44.4,0.0,0.0,0.0,1,43.4,45.2,1,44.6,44.0,44.4,44.0,4.0,17660.0,79
2023-05-11 11:04:42,HO2312-P-2450,HO2312-P-2450,44.4,0.0,0.0,0.0,1,43.4,45.6,1,44.6,44.0,44.4,44.0,4.0,17660.0,79
2023-05-11 11:04:42,HO2312-P-2450,HO2312-P-2450,44.4,0.0,0.0,0.0,1,43.4,45.4,2,44.6,44.0,44.4,44.0,4.0,17660.0,79
2023-05-11 11:04:47,HO2312-P-2450,HO2312-P-2450,44.4,0.0,0.0,0.0,1,43.4,45.4,3,44.6,44.0,44.4,44.0,4.0,17660.0,79
2023-05-11 11:05:58,HO2312-P-2450,HO2312-P-2450,44.4,0.0,0.0,0.0,1,43.4,45.2,1,44.6,44.0,44.4,44.0,4.0,17660.0,79
2023-05-11 11:05:58,HO2312-P-2450,HO2312-P-2450,44.4,0.0,0.0,0.0,1,43.4,45.0,2,44.6,44.0,44.4,44.0,4.0,17660.0,79
2023-05-11 11:06:00,HO2312-P-2450,HO2312-P-2450,44.4,0.0,0.0,0.0,1,43.4,45.2,1,44.6,44.0,44.4,44.0,4.0,17660.0,79
2023-05-11 11:06:00,HO2312-P-2450,HO2312-P-2450,44.4,0.0,0.0,0.0,1,43.4,45.2,3,44.6,44.0,44.4,44.0,4.0,17660.0,79
2023-05-11 11:06:07,HO2312-P-2450,HO2312-P-2450,44.4,0.0,0.0,0.0,1,43.4,45.2,1,44.6,44.0,44.4,44.0,4.0,17660.0,79
2023-05-11 11:06:34,HO2312-P-2450,HO2312-P-2450,44.4,0.0,0.0,0.0,1,43.4,45.6,2,44.6,44.0,44.4,44.0,4.0,17660.0,79
2023-05-11 11:06:34,HO2312-P-2450,HO2312-P-2450,44.4,0.0,0.0,0.0,1,43.4,45.4,2,44.6,44.0,44.4,44.0,4.0,17660.0,79
2023-05-11 11:06:57,HO2312-P-2450,HO2312-P-2450,44.4,0.0,0.0,0.0,1,43.4,45.4,3,44.6,44.0,44.4,44.0,4.0,17660.0,79
2023-05-11 11:07:33,HO2312-P-2450,HO2312-P-2450,44.4,0.0,0.0,0.0,30,43.0,45.4,3,44.6,44.0,44.4,44.0,4.0,17660.0,79
2023-05-11 11:07:33,HO2312-P-2450,HO2312-P-2450,44.4,0.0,0.0,0.0,18,43.0,45.0,1,44.6,44.0,44.4,44.0,4.0,17660.0,79
2023-05-11 11:07:34,HO2312-P-2450,HO2312-P-2450,44.4,0.0,0.0,0.0,12,43.0,45.0,1,44.6,44.0,44.4,44.0,4.0,17660.0,79
2023-05-11 11:07:34,HO2312-P-2450,HO2312-P-2450,44.4,0.0,0.0,0.0,9,43.0,45.0,1,44.6,44.0,44.4,44.0,4.0,17660.0,79
2023-05-11 11:07:35,HO2312-P-2450,HO2312-P-2450,44.4,0.0,0.0,0.0,6,43.0,45.0,3,44.6,44.0,44.4,44.0,4.0,17660.0,79
2023-05-11 11:07:38,HO2312-P-2450,HO2312-P-2450,44.4,0.0,0.0,0.0,6,43.0,45.0,1,44.6,44.0,44.4,44.0,4.0,17660.0,79
2023-05-11 11:08:03,HO2312-P-2450,HO2312-P-2450,44.4,0.0,0.0,0.0,9,43.0,45.0,1,44.6,44.0,44.4,44.0,4.0,17660.0,79
2023-05-11 11:08:04,HO2312-P-2450,HO2312-P-2450,44.4,0.0,0.0,0.0,6,43.0,45.0,1,44.6,44.0,44.4,44.0,4.0,17660.0,79
2023-05-11 11:08:06,HO2312-P-2450,HO2312-P-2450,44.4,0.0,0.0,0.0,9,43.0,45.0,1,44.6,44.0,44.4,44.0,4.0,17660.0,79
2023-05-11 11:08:07,HO2312-P-2450,HO2312-P-2450,44.4,0.0,0.0,0.0,6,43.0,45.0,1,44.6,44.0,44.4,44.0,4.0,17660.0,79
2023-05-11 11:08:07,HO2312-P-2450,HO2312-P-2450,44.4,0.0,0.0,0.0,9,43.0,45.0,1,44.6,44.0,44.4,44.0,4.0,17660.0,79
2023-05-11 11:08:13,HO2312-P-2450,HO2312-P-2450,44.4,0.0,0.0,0.0,6,43.0,45.0,1,44.6,44.0,44.4,44.0,4.0,17660.0,79
2023-05-11 11:08:13,HO2312-P-2450,HO2312-P-2450,44.4,0.0,0.0,0.0,9,43.0,45.0,1,44.6,44.0,44.4,44.0,4.0,17660.0,79
2023-05-11 11:08:22,HO2312-P-2450,HO2312-P-2450,44.4,0.0,0.0,0.0,6,43.0,45.0,1,44.6,44.0,44.4,44.0,4.0,17660.0,79
2023-05-11 11:08:22,HO2312-P-2450,HO2312-P-2450,44.4,0.0,0.0,0.0,6,43.0,45.0,3,44.6,44.0,44.4,44.0,4.0,17660.0,79
2023-05-11 11:08:23,HO2312-P-2450,HO2312-P-2450,44.4,0.0,0.0,0.0,6,43.0,45.0,1,44.6,44.0,44.4,44.0,4.0,17660.0,79
2023-05-11 11:08:23,HO2312-P-2450,HO2312-P-2450,44.4,0.0,0.0,0.0,6,43.0,45.0,3,44.6,44.0,44.4,44.0,4.0,17660.0,79
2023-05-11 11:08:24,HO2312-P-2450,HO2312-P-2450,44.4,0.0,0.0,0.0,6,43.0,45.0,1,44.6,44.0,44.4,44.0,4.0,17660.0,79
2023-05-11 11:08:32,HO2312-P-2450,HO2312-P-2450,44.4,0.0,0.0,0.0,9,43.0,45.0,1,44.6,44.0,44.4,44.0,4.0,17660.0,79
2023-05-11 11:08:32,HO2312-P-2450,HO2312-P-2450,44.4,0.0,0.0,0.0,6,43.0,45.0,1,44.6,44.0,44.4,44.0,4.0,17660.0,79
2023-05-11 11:08:34,HO2312-P-2450,HO2312-P-2450,44.4,0.0,0.0,0.0,9,43.0,45.0,1,44.6,44.0,44.4,44.0,4.0,17660.0,79
2023-05-11 11:08:35,HO2312-P-2450,HO2312-P-2450,44.4,0.0,0.0,0.0,6,43.0,45.0,1,44.6,44.0,44.4,44.0,4.0,17660.0,79
2023-05-11 11:09:57,HO2312-P-2450,HO2312-P-2450,44.4,0.0,0.0,0.0,9,43.0,45.0,1,44.6,44.0,44.4,44.0,4.0,17660.0,79
2023-05-11 11:10:01,HO2312-P-2450,HO2312-P-2450,44.4,0.0,0.0,0.0,6,43.0,45.0,1,44.6,44.0,44.4,44.0,4.0,17660.0,79
2023-05-11 11:10:07,HO2312-P-2450,HO2312-P-2450,44.4,0.0,0.0,0.0,9,43.0,45.0,1,44.6,44.0,44.4,44.0,4.0,17660.0,79
2023-05-11 11:10:14,HO2312-P-2450,HO2312-P-2450,44.4,0.0,0.0,0.0,9,43.0,45.4,6,44.6,44.0,44.4,44.0,4.0,17660.0,79
2023-05-11 11:10:15,HO2312-P-2450,HO2312-P-2450,44.4,0.0,0.0,0.0,9,43.0,45.2,2,44.6,44.0,44.4,44.0,4.0,17660.0,79
2023-05-11 11:10:21,HO2312-P-2450,HO2312-P-2450,44.4,0.0,0.0,0.0,10,43.0,45.2,2,44.6,44.0,44.4,44.0,4.0,17660.0,79
2023-05-11 11:10:21,HO2312-P-2450,HO2312-P-2450,44.4,0.0,0.0,0.0,16,43.0,45.2,2,44.6,44.0,44.4,44.0,4.0,17660.0,79
2023-05-11 11:10:33,HO2312-P-2450,HO2312-P-2450,44.4,0.0,0.0,0.0,16,43.0,45.6,1,44.6,44.0,44.4,44.0,4.0,17660.0,79
2023-05-11 11:10:34,HO2312-P-2450,HO2312-P-2450,44.4,0.0,0.0,0.0,16,43.0,45.4,2,44.6,44.0,44.4,44.0,4.0,17660.0,79
2023-05-11 11:10:57,HO2312-P-2450,HO2312-P-2450,44.4,0.0,0.0,0.0,13,43.0,45.4,2,44.6,44.0,44.4,44.0,4.0,17660.0,79
2023-05-11 11:10:58,HO2312-P-2450,HO2312-P-2450,44.4,0.0,0.0,0.0,7,43.0,45.4,2,44.6,44.0,44.4,44.0,4.0,17660.0,79
2023-05-11 11:10:58,HO2312-P-2450,HO2312-P-2450,44.4,0.0,0.0,0.0,10,43.0,45.4,2,44.6,44.0,44.4,44.0,4.0,17660.0,79
2023-05-11 11:11:01,HO2312-P-2450,HO2312-P-2450,44.4,0.0,0.0,0.0,7,43.0,45.4,2,44.6,44.0,44.4,44.0,4.0,17660.0,79
2023-05-11 11:11:03,HO2312-P-2450,HO2312-P-2450,44.4,0.0,0.0,0.0,10,43.0,45.4,2,44.6,44.0,44.4,44.0,4.0,17660.0,79
2023-05-11 11:11:04,HO2312-P-2450,HO2312-P-2450,44.4,0.0,0.0,0.0,7,43.0,45.4,2,44.6,44.0,44.4,44.0,4.0,17660.0,79
2023-05-11 11:11:06,HO2312-P-2450,HO2312-P-2450,44.4,0.0,0.0,0.0,10,43.0,45.4,2,44.6,44.0,44.4,44.0,4.0,17660.0,79
2023-05-11 11:11:07,HO2312-P-2450,HO2312-P-2450,44.4,0.0,0.0,0.0,16,43.0,45.4,2,44.6,44.0,44.4,44.0,4.0,17660.0,79
2023-05-11 11:11:12,HO2312-P-2450,HO2312-P-2450,44.4,0.0,0.0,0.0,16,43.0,45.8,55,44.6,44.0,44.4,44.0,4.0,17660.0,79
2023-05-11 11:11:12,HO2312-P-2450,HO2312-P-2450,44.4,0.0,0.0,0.0,6,43.6,45.6,2,44.6,44.0,44.4,44.0,4.0,17660.0,79
2023-05-11 11:11:39,HO2312-P-2450,HO2312-P-2450,44.4,0.0,0.0,0.0,6,43.6,45.8,31,44.6,44.0,44.4,44.0,4.0,17660.0,79
2023-05-11 11:11:40,HO2312-P-2450,HO2312-P-2450,44.4,0.0,0.0,0.0,6,43.6,45.8,27,44.6,44.0,44.4,44.0,4.0,17660.0,79
2023-05-11 11:11:41,HO2312-P-2450,HO2312-P-2450,44.4,0.0,0.0,0.0,6,43.6,45.6,1,44.6,44.0,44.4,44.0,4.0,17660.0,79
2023-05-11 11:11:42,HO2312-P-2450,HO2312-P-2450,44.4,0.0,0.0,0.0,6,43.6,45.6,3,44.6,44.0,44.4,44.0,4.0,17660.0,79
2023-05-11 11:12:20,HO2312-P-2450,HO2312-P-2450,44.4,0.0,0.0,0.0,6,43.6,45.6,1,44.6,44.0,44.4,44.0,4.0,17660.0,79
2023-05-11 11:13:11,HO2312-P-2450,HO2312-P-2450,44.4,0.0,0.0,0.0,6,43.6,45.6,3,44.6,44.0,44.4,44.0,4.0,17660.0,79
2023-05-11 11:13:23,HO2312-P-2450,HO2312-P-2450,44.4,0.0,0.0,0.0,6,43.6,45.6,1,44.6,44.0,44.4,44.0,4.0,17660.0,79
2023-05-11 11:13:24,HO2312-P-2450,HO2312-P-2450,44.4,0.0,0.0,0.0,6,43.6,45.8,25,44.6,44.0,44.4,44.0,4.0,17660.0,79
2023-05-11 11:13:24,HO2312-P-2450,HO2312-P-2450,44.4,0.0,0.0,0.0,6,43.6,45.8,27,44.6,44.0,44.4,44.0,4.0,17660.0,79
2023-05-11 11:13:32,HO2312-P-2450,HO2312-P-2450,44.4,0.0,0.0,0.0,6,43.6,45.6,1,44.6,44.0,44.4,44.0,4.0,17660.0,79
2023-05-11 11:13:55,HO2312-P-2450,HO2312-P-2450,44.4,0.0,0.0,0.0,6,43.6,45.6,3,44.6,44.0,44.4,44.0,4.0,17660.0,79
2023-05-11 11:14:08,HO2312-P-2450,HO2312-P-2450,44.4,0.0,0.0,0.0,6,43.6,45.6,1,44.6,44.0,44.4,44.0,4.0,17660.0,79
2023-05-11 11:14:25,HO2312-P-2450,HO2312-P-2450,44.4,0.0,0.0,0.0,6,43.6,45.6,3,44.6,44.0,44.4,44.0,4.0,17660.0,79
2023-05-11 11:14:40,HO2312-P-2450,HO2312-P-2450,44.4,0.0,0.0,0.0,6,43.6,45.6,1,44.6,44.0,44.4,44.0,4.0,17660.0,79
2023-05-11 11:14:54,HO2312-P-2450,HO2312-P-2450,44.4,0.0,0.0,0.0,24,43.2,45.6,1,44.6,44.0,44.4,44.0,4.0,17660.0,79
2023-05-11 11:14:55,HO2312-P-2450,HO2312-P-2450,44.4,0.0,0.0,0.0,15,43.2,45.6,3,44.6,44.0,44.4,44.0,4.0,17660.0,79
2023-05-11 11:14:55,HO2312-P-2450,HO2312-P-2450,44.4,0.0,0.0,0.0,9,43.2,45.6,3,44.6,44.0,44.4,44.0,4.0,17660.0,79
2023-05-11 11:14:56,HO2312-P-2450,HO2312-P-2450,44.4,0.0,0.0,0.0,3,43.2,45.6,3,44.6,44.0,44.4,44.0,4.0,17660.0,79
2023-05-11 11:15:02,HO2312-P-2450,HO2312-P-2450,44.4,0.0,0.0,0.0,3,43.2,45.6,1,44.6,44.0,44.4,44.0,4.0,17660.0,79
2023-05-11 11:15:11,HO2312-P-2450,HO2312-P-2450,44.4,0.0,0.0,0.0,3,43.2,45.6,3,44.6,44.0,44.4,44.0,4.0,17660.0,79
2023-05-11 11:15:13,HO2312-P-2450,HO2312-P-2450,44.4,0.0,0.0,0.0,25,43.0,45.6,3,44.6,44.0,44.4,44.0,4.0,17660.0,79
2023-05-11 11:15:14,HO2312-P-2450,HO2312-P-2450,44.4,0.0,0.0,0.0,28,43.0,45.6,3,44.6,44.0,44.4,44.0,4.0,17660.0,79
2023-05-11 11:15:16,HO2312-P-2450,HO2312-P-2450,44.4,0.0,0.0,0.0,28,43.0,45.6,1,44.6,44.0,44.4,44.0,4.0,17660.0,79
2023-05-11 11:15:17,HO2312-P-2450,HO2312-P-2450,44.4,0.0,0.0,0.0,30,43.0,45.6,1,44.6,44.0,44.4,44.0,4.0,17660.0,79
2023-05-11 11:15:25,HO2312-P-2450,HO2312-P-2450,44.4,0.0,0.0,0.0,28,43.0,45.6,1,44.6,44.0,44.4,44.0,4.0,17660.0,79
2023-05-11 11:15:25,HO2312-P-2450,HO2312-P-2450,44.4,0.0,0.0,0.0,30,43.0,45.6,3,44.6,44.0,44.4,44.0,4.0,17660.0,79
2023-05-11 11:15:28,HO2312-P-2450,HO2312-P-2450,44.4,0.0,0.0,0.0,28,43.0,45.6,3,44.6,44.0,44.4,44.0,4.0,17660.0,79
2023-05-11 11:15:47,HO2312-P-2450,HO2312-P-2450,44.4,0.0,0.0,0.0,28,43.0,45.6,1,44.6,44.0,44.4,44.0,4.0,17660.0,79
2023-05-11 11:15:47,HO2312-P-2450,HO2312-P-2450,44.4,0.0,0.0,0.0,30,43.0,45.6,1,44.6,44.0,44.4,44.0,4.0,17660.0,79
2023-05-11 11:15:52,HO2312-P-2450,HO2312-P-2450,44.4,0.0,0.0,0.0,28,43.0,45.6,1,44.6,44.0,44.4,44.0,4.0,17660.0,79
2023-05-11 11:15:55,HO2312-P-2450,HO2312-P-2450,44.4,0.0,0.0,0.0,30,43.0,45.6,3,44.6,44.0,44.4,44.0,4.0,17660.0,79
2023-05-11 11:15:56,HO2312-P-2450,HO2312-P-2450,44.4,0.0,0.0,0.0,30,43.0,45.6,1,44.6,44.0,44.4,44.0,4.0,17660.0,79
2023-05-11 11:15:56,HO2312-P-2450,HO2312-P-2450,44.4,0.0,0.0,0.0,36,43.0,45.6,1,44.6,44.0,44.4,44.0,4.0,17660.0,79
2023-05-11 11:16:04,HO2312-P-2450,HO2312-P-2450,44.4,0.0,0.0,0.0,34,43.0,45.6,1,44.6,44.0,44.4,44.0,4.0,17660.0,79
2023-05-11 11:16:04,HO2312-P-2450,HO2312-P-2450,44.4,0.0,0.0,0.0,34,43.0,45.6,3,44.6,44.0,44.4,44.0,4.0,17660.0,79
2023-05-11 11:16:08,HO2312-P-2450,HO2312-P-2450,44.4,0.0,0.0,0.0,1,43.6,45.6,3,44.6,44.0,44.4,44.0,4.0,17660.0,79
2023-05-11 11:16:08,HO2312-P-2450,HO2312-P-2450,44.4,0.0,0.0,0.0,7,43.6,45.6,1,44.6,44.0,44.4,44.0,4.0,17660.0,79
2023-05-11 11:16:09,HO2312-P-2450,HO2312-P-2450,44.4,0.0,0.0,0.0,7,43.6,45.8,25,44.6,44.0,44.4,44.0,4.0,17660.0,79
2023-05-11 11:16:09,HO2312-P-2450,HO2312-P-2450,44.4,0.0,0.0,0.0,7,43.6,45.8,27,44.6,44.0,44.4,44.0,4.0,17660.0,79
2023-05-11 11:16:44,HO2312-P-2450,HO2312-P-2450,44.4,0.0,0.0,0.0,7,43.6,45.6,1,44.6,44.0,44.4,44.0,4.0,17660.0,79
2023-05-11 11:16:44,HO2312-P-2450,HO2312-P-2450,44.4,0.0,0.0,0.0,7,43.6,45.6,3,44.6,44.0,44.4,44.0,4.0,17660.0,79
2023-05-11 11:16:47,HO2312-P-2450,HO2312-P-2450,44.4,0.0,0.0,0.0,7,43.6,45.6,1,44.6,44.0,44.4,44.0,4.0,17660.0,79
2023-05-11 11:16:59,HO2312-P-2450,HO2312-P-2450,44.4,0.0,0.0,0.0,7,43.6,45.8,25,44.6,44.0,44.4,44.0,4.0,17660.0,79
2023-05-11 11:17:00,HO2312-P-2450,HO2312-P-2450,44.4,0.0,0.0,0.0,7,43.6,45.8,27,44.6,44.0,44.4,44.0,4.0,17660.0,79
2023-05-11 11:19:42,HO2312-P-2450,HO2312-P-2450,44.4,0.0,0.0,0.0,7,43.6,45.8,24,44.6,44.0,44.4,44.0,4.0,17660.0,79
2023-05-11 11:19:43,HO2312-P-2450,HO2312-P-2450,44.4,0.0,0.0,0.0,7,43.6,45.8,26,44.6,44.0,44.4,44.0,4.0,17660.0,79
2023-05-11 11:19:43,HO2312-P-2450,HO2312-P-2450,44.4,0.0,0.0,0.0,10,43.6,45.8,24,44.6,44.0,44.4,44.0,4.0,17660.0,79
2023-05-11 11:19:44,HO2312-P-2450,HO2312-P-2450,44.4,0.0,0.0,0.0,10,43.6,45.8,26,44.6,44.0,44.4,44.0,4.0,17660.0,79
2023-05-11 11:19:44,HO2312-P-2450,HO2312-P-2450,44.4,0.0,0.0,0.0,13,43.6,45.8,26,44.6,44.0,44.4,44.0,4.0,17660.0,79
2023-05-11 11:19:45,HO2312-P-2450,HO2312-P-2450,44.4,0.0,0.0,0.0,13,43.6,45.6,1,44.6,44.0,44.4,44.0,4.0,17660.0,79
2023-05-11 11:19:45,HO2312-P-2450,HO2312-P-2450,44.4,0.0,0.0,0.0,13,43.6,45.6,3,44.6,44.0,44.4,44.0,4.0,17660.0,79
2023-05-11 11:19:46,HO2312-P-2450,HO2312-P-2450,44.4,0.0,0.0,0.0,19,43.6,45.6,3,44.6,44.0,44.4,44.0,4.0,17660.0,79
2023-05-11 11:19:49,HO2312-P-2450,HO2312-P-2450,44.4,0.0,0.0,0.0,13,43.6,45.6,3,44.6,44.0,44.4,44.0,4.0,17660.0,79
2023-05-11 11:19:53,HO2312-P-2450,HO2312-P-2450,44.4,0.0,0.0,0.0,19,43.6,45.6,3,44.6,44.0,44.4,44.0,4.0,17660.0,79
2023-05-11 11:20:06,HO2312-P-2450,HO2312-P-2450,44.4,0.0,0.0,0.0,13,43.6,45.6,3,44.6,44.0,44.4,44.0,4.0,17660.0,79
2023-05-11 11:20:06,HO2312-P-2450,HO2312-P-2450,44.4,0.0,0.0,0.0,19,43.6,45.6,3,44.6,44.0,44.4,44.0,4.0,17660.0,79
2023-05-11 11:20:15,HO2312-P-2450,HO2312-P-2450,44.4,0.0,0.0,0.0,19,43.6,45.6,1,44.6,44.0,44.4,44.0,4.0,17660.0,79
2023-05-11 11:20:15,HO2312-P-2450,HO2312-P-2450,44.4,0.0,0.0,0.0,19,43.6,45.6,3,44.6,44.0,44.4,44.0,4.0,17660.0,79
2023-05-11 11:20:16,HO2312-P-2450,HO2312-P-2450,44.4,0.0,0.0,0.0,19,43.6,45.6,1,44.6,44.0,44.4,44.0,4.0,17660.0,79
2023-05-11 11:20:18,HO2312-P-2450,HO2312-P-2450,44.4,0.0,0.0,0.0,13,43.6,45.6,1,44.6,44.0,44.4,44.0,4.0,17660.0,79
2023-05-11 11:20:18,HO2312-P-2450,HO2312-P-2450,44.4,0.0,0.0,0.0,19,43.6,45.6,3,44.6,44.0,44.4,44.0,4.0,17660.0,79
2023-05-11 11:20:19,HO2312-P-2450,HO2312-P-2450,44.4,0.0,0.0,0.0,13,43.6,45.6,3,44.6,44.0,44.4,44.0,4.0,17660.0,79
2023-05-11 11:20:19,HO2312-P-2450,HO2312-P-2450,44.4,0.0,0.0,0.0,19,43.6,45.6,3,44.6,44.0,44.4,44.0,4.0,17660.0,79
2023-05-11 11:20:27,HO2312-P-2450,HO2312-P-2450,44.4,0.0,0.0,0.0,13,43.6,45.6,3,44.6,44.0,44.4,44.0,4.0,17660.0,79
2023-05-11 11:20:28,HO2312-P-2450,HO2312-P-2450,44.4,0.0,0.0,0.0,19,43.6,45.6,3,44.6,44.0,44.4,44.0,4.0,17660.0,79
2023-05-11 11:20:28,HO2312-P-2450,HO2312-P-2450,44.4,0.0,0.0,0.0,13,43.6,45.6,3,44.6,44.0,44.4,44.0,4.0,17660.0,79
2023-05-11 11:20:33,HO2312-P-2450,HO2312-P-2450,44.4,0.0,0.0,0.0,19,43.6,45.6,3,44.6,44.0,44.4,44.0,4.0,17660.0,79
2023-05-11 11:20:36,HO2312-P-2450,HO2312-P-2450,44.4,0.0,0.0,0.0,19,43.6,45.6,1,44.6,44.0,44.4,44.0,4.0,17660.0,79
2023-05-11 11:20:52,HO2312-P-2450,HO2312-P-2450,44.4,0.0,0.0,0.0,13,43.6,45.6,1,44.6,44.0,44.4,44.0,4.0,17660.0,79
2023-05-11 11:20:53,HO2312-P-2450,HO2312-P-2450,44.4,0.0,0.0,0.0,13,43.6,45.6,3,44.6,44.0,44.4,44.0,4.0,17660.0,79
2023-05-11 11:20:54,HO2312-P-2450,HO2312-P-2450,44.4,0.0,0.0,0.0,13,43.6,45.6,1,44.6,44.0,44.4,44.0,4.0,17660.0,79
2023-05-11 11:20:55,HO2312-P-2450,HO2312-P-2450,44.4,0.0,0.0,0.0,19,43.6,45.6,1,44.6,44.0,44.4,44.0,4.0,17660.0,79
2023-05-11 11:21:08,HO2312-P-2450,HO2312-P-2450,44.4,0.0,0.0,0.0,19,43.6,45.8,24,44.6,44.0,44.4,44.0,4.0,17660.0,79
2023-05-11 11:21:09,HO2312-P-2450,HO2312-P-2450,44.4,0.0,0.0,0.0,19,43.6,45.8,26,44.6,44.0,44.4,44.0,4.0,17660.0,79
2023-05-11 11:21:51,HO2312-P-2450,HO2312-P-2450,44.4,0.0,0.0,0.0,19,43.6,45.6,1,44.6,44.0,44.4,44.0,4.0,17660.0,79
2023-05-11 11:22:40,HO2312-P-2450,HO2312-P-2450,44.4,0.0,0.0,0.0,19,43.6,45.6,3,44.6,44.0,44.4,44.0,4.0,17660.0,79
2023-05-11 11:22:55,HO2312-P-2450,HO2312-P-2450,44.4,0.0,0.0,0.0,19,43.6,45.6,2,44.6,44.0,44.4,44.0,4.0,17660.0,79
2023-05-11 11:22:57,HO2312-P-2450,HO2312-P-2450,44.4,0.0,0.0,0.0,19,43.6,45.8,24,44.6,44.0,44.4,44.0,4.0,17660.0,79
2023-05-11 11:22:57,HO2312-P-2450,HO2312-P-2450,44.4,0.0,0.0,0.0,19,43.6,45.8,26,44.6,44.0,44.4,44.0,4.0,17660.0,79
2023-05-11 11:27:19,HO2312-P-2450,HO2312-P-2450,44.4,0.0,0.0,0.0,13,43.6,45.8,26,44.6,44.0,44.4,44.0,4.0,17660.0,79
2023-05-11 11:27:23,HO2312-P-2450,HO2312-P-2450,44.4,0.0,0.0,0.0,19,43.6,45.8,26,44.6,44.0,44.4,44.0,4.0,17660.0,79
2023-05-11 11:27:33,HO2312-P-2450,HO2312-P-2450,44.4,0.0,0.0,0.0,19,43.6,45.8,24,44.6,44.0,44.4,44.0,4.0,17660.0,79
2023-05-11 11:27:58,HO2312-P-2450,HO2312-P-2450,44.4,0.0,0.0,0.0,19,43.6,45.8,26,44.6,44.0,44.4,44.0,4.0,17660.0,79
2023-05-11 11:28:03,HO2312-P-2450,HO2312-P-2450,44.4,0.0,0.0,0.0,19,43.6,45.8,24,44.6,44.0,44.4,44.0,4.0,17660.0,79
2023-05-11 11:28:13,HO2312-P-2450,HO2312-P-2450,44.4,0.0,0.0,0.0,19,43.6,45.8,20,44.6,44.0,44.4,44.0,4.0,17660.0,79
2023-05-11 11:28:58,HO2312-P-2450,HO2312-P-2450,44.4,0.0,0.0,0.0,19,43.6,45.8,26,44.6,44.0,44.4,44.0,4.0,17660.0,79
2023-05-11 11:29:15,HO2312-P-2450,HO2312-P-2450,44.4,0.0,0.0,0.0,19,43.6,45.8,20,44.6,44.0,44.4,44.0,4.0,17660.0,79
2023-05-11 11:29:21,HO2312-P-2450,HO2312-P-2450,44.4,0.0,0.0,0.0,19,43.6,45.8,14,44.6,44.0,44.4,44.0,4.0,17660.0,79
2023-05-11 11:29:21,HO2312-P-2450,HO2312-P-2450,44.4,0.0,0.0,0.0,19,43.6,45.8,8,44.6,44.0,44.4,44.0,4.0,17660.0,79
2023-05-11 11:29:22,HO2312-P-2450,HO2312-P-2450,44.4,0.0,0.0,0.0,19,43.6,45.8,2,44.6,44.0,44.4,44.0,4.0,17660.0,79
2023-05-11 11:29:31,HO2312-P-2450,HO2312-P-2450,44.4,0.0,0.0,0.0,7,43.6,46.4,6,44.6,44.0,44.4,44.0,4.0,17660.0,79
2023-05-11 11:29:32,HO2312-P-2450,HO2312-P-2450,44.4,0.0,0.0,0.0,7,43.6,46.6,18,44.6,44.0,44.4,44.0,4.0,17660.0,79
2023-05-11 11:29:35,HO2312-P-2450,HO2312-P-2450,44.4,0.0,0.0,0.0,1,43.6,46.6,12,44.6,44.0,44.4,44.0,4.0,17660.0,79
2023-05-11 11:29:36,HO2312-P-2450,HO2312-P-2450,44.4,0.0,0.0,0.0,1,43.6,46.6,6,44.6,44.0,44.4,44.0,4.0,17660.0,79
2023-05-11 11:29:42,HO2312-P-2450,HO2312-P-2450,44.4,0.0,0.0,0.0,1,43.6,47.0,12,44.6,44.0,44.4,44.0,4.0,17660.0,79
2023-05-11 11:29:42,HO2312-P-2450,HO2312-P-2450,44.4,0.0,0.0,0.0,1,43.6,47.2,12,44.6,44.0,44.4,44.0,4.0,17660.0,79
2023-05-11 11:29:43,HO2312-P-2450,HO2312-P-2450,44.4,0.0,0.0,0.0,1,43.6,47.4,6,44.6,44.0,44.4,44.0,4.0,17660.0,79
2023-05-11 11:29:44,HO2312-P-2450,HO2312-P-2450,44.4,0.0,0.0,0.0,1,43.6,46.8,1,44.6,44.0,44.4,44.0,4.0,17660.0,79
2023-05-11 11:29:50,HO2312-P-2450,HO2312-P-2450,44.4,0.0,0.0,0.0,1,2.6,46.8,1,44.6,44.0,44.4,44.0,4.0,17660.0,79
2023-05-11 11:29:52,HO2312-P-2450,HO2312-P-2450,44.4,0.0,0.0,0.0,1,5.8,46.8,1,44.6,44.0,44.4,44.0,4.0,17660.0,79
2023-05-11 11:29:54,HO2312-P-2450,HO2312-P-2450,44.4,0.0,0.0,0.0,1,25.8,46.8,1,44.6,44.0,44.4,44.0,4.0,17660.0,79
2023-05-11 11:29:55,HO2312-P-2450,HO2312-P-2450,44.4,0.0,0.0,0.0,1,27.4,46.8,1,44.6,44.0,44.4,44.0,4.0,17660.0,79
2023-05-11 11:29:56,HO2312-P-2450,HO2312-P-2450,44.4,0.0,0.0,0.0,1,44.0,46.8,1,44.6,44.0,44.4,44.0,4.0,17660.0,79
2023-05-11 13:00:00,HO2312-P-2450,HO2312-P-2450,44.4,0.0,0.0,0.0,6,44.0,47.4,6,44.6,44.0,44.4,44.0,4.0,17660.0,79
2023-05-11 13:00:06,HO2312-P-2450,HO2312-P-2450,44.4,0.0,0.0,0.0,6,44.0,47.2,2,44.6,44.0,44.4,44.0,4.0,17660.0,79
2023-05-11 13:00:10,HO2312-P-2450,HO2312-P-2450,44.4,0.0,0.0,0.0,6,44.0,47.2,8,44.6,44.0,44.4,44.0,4.0,17660.0,79
2023-05-11 13:00:11,HO2312-P-2450,HO2312-P-2450,44.4,0.0,0.0,0.0,3,44.2,47.2,8,44.6,44.0,44.4,44.0,4.0,17660.0,79
2023-05-11 13:00:13,HO2312-P-2450,HO2312-P-2450,44.4,0.0,0.0,0.0,3,44.2,47.0,1,44.6,44.0,44.4,44.0,4.0,17660.0,79
2023-05-11 13:00:13,HO2312-P-2450,HO2312-P-2450,44.4,0.0,0.0,0.0,3,44.2,46.8,2,44.6,44.0,44.4,44.0,4.0,17660.0,79
2023-05-11 13:00:18,HO2312-P-2450,HO2312-P-2450,44.4,0.0,0.0,0.0,3,44.2,46.8,8,44.6,44.0,44.4,44.0,4.0,17660.0,79
2023-05-11 13:00:22,HO2312-P-2450,HO2312-P-2450,44.4,0.0,0.0,0.0,13,44.0,46.8,8,44.6,44.0,44.4,44.0,4.0,17660.0,79
2023-05-11 13:00:22,HO2312-P-2450,HO2312-P-2450,44.4,0.0,0.0,0.0,16,44.0,46.8,8,44.6,44.0,44.4,44.0,4.0,17660.0,79
2023-05-11 13:01:00,HO2312-P-2450,HO2312-P-2450,44.4,0.0,0.0,0.0,22,44.0,46.8,8,44.6,44.0,44.4,44.0,4.0,17660.0,79
2023-05-11 13:02:00,HO2312-P-2450,HO2312-P-2450,44.4,0.0,0.0,0.0,16,44.0,46.8,8,44.6,44.0,44.4,44.0,4.0,17660.0,79
2023-05-11 13:02:57,HO2312-P-2450,HO2312-P-2450,44.4,0.0,0.0,0.0,16,44.0,46.8,15,44.6,44.0,44.4,44.0,4.0,17660.0,79
2023-05-11 13:02:58,HO2312-P-2450,HO2312-P-2450,44.4,0.0,0.0,0.0,16,44.0,46.8,21,44.6,44.0,44.4,44.0,4.0,17660.0,79
2023-05-11 13:03:27,HO2312-P-2450,HO2312-P-2450,44.4,0.0,0.0,0.0,16,44.0,46.6,1,44.6,44.0,44.4,44.0,4.0,17660.0,79
2023-05-11 13:03:27,HO2312-P-2450,HO2312-P-2450,44.4,0.0,0.0,0.0,13,44.0,46.4,2,44.6,44.0,44.4,44.0,4.0,17660.0,79
