time,symbol_id,symbol_name,last,trade_volume,trade_amount,open_interest_change,bv1,bp1,ap1,av1,yesterday_close,today_open,today_high,today_low,volume,amount,open_interest
2023-05-11 09:29:00,HO2312-P-3200,HO2312-P-3200,548.8,0.0,0.0,0.0,1,495.0,595.0,1,548.8,546.6,0.0,0.0,0.0,0.0,90
2023-05-11 09:30:00,HO2312-P-3200,HO2312-P-3200,548.8,0.0,0.0,0.0,1,495.0,589.8,1,548.8,546.6,0.0,0.0,0.0,0.0,90
2023-05-11 09:30:00,HO2312-P-3200,HO2312-P-3200,548.8,0.0,0.0,0.0,1,495.6,588.8,1,548.8,546.6,0.0,0.0,0.0,0.0,90
2023-05-11 09:30:01,HO2312-P-3200,HO2312-P-3200,548.8,0.0,0.0,0.0,1,500.0,587.8,1,548.8,546.6,0.0,0.0,0.0,0.0,90
2023-05-11 09:30:02,HO2312-P-3200,HO2312-P-3200,548.8,0.0,0.0,0.0,1,500.6,587.8,1,548.8,546.6,0.0,0.0,0.0,0.0,90
2023-05-11 09:30:09,HO2312-P-3200,HO2312-P-3200,548.8,0.0,0.0,0.0,1,500.6,579.8,1,548.8,546.6,0.0,0.0,0.0,0.0,90
2023-05-11 09:30:10,HO2312-P-3200,HO2312-P-3200,548.8,0.0,0.0,0.0,1,508.6,579.8,1,548.8,546.6,0.0,0.0,0.0,0.0,90
2023-05-11 09:30:11,HO2312-P-3200,HO2312-P-3200,548.8,0.0,0.0,0.0,1,509.2,579.8,1,548.8,546.6,0.0,0.0,0.0,0.0,90
2023-05-11 09:30:13,HO2312-P-3200,HO2312-P-3200,548.8,0.0,0.0,0.0,1,517.2,579.8,1,548.8,546.6,0.0,0.0,0.0,0.0,90
2023-05-11 09:30:14,HO2312-P-3200,HO2312-P-3200,548.8,0.0,0.0,0.0,1,517.8,579.8,1,548.8,546.6,0.0,0.0,0.0,0.0,90
2023-05-11 09:30:15,HO2312-P-3200,HO2312-P-3200,548.8,0.0,0.0,0.0,1,525.8,579.8,1,548.8,546.6,0.0,0.0,0.0,0.0,90
2023-05-11 09:30:21,HO2312-P-3200,HO2312-P-3200,548.8,0.0,0.0,0.0,1,525.8,567.4,6,548.8,546.6,0.0,0.0,0.0,0.0,90
2023-05-11 09:30:22,HO2312-P-3200,HO2312-P-3200,548.8,0.0,0.0,0.0,7,525.8,567.4,6,548.8,546.6,0.0,0.0,0.0,0.0,90
2023-05-11 09:30:26,HO2312-P-3200,HO2312-P-3200,548.8,0.0,0.0,0.0,6,538.4,549.6,6,548.8,546.6,0.0,0.0,0.0,0.0,90
2023-05-11 09:30:26,HO2312-P-3200,HO2312-P-3200,548.8,0.0,0.0,0.0,6,538.6,549.4,6,548.8,546.6,0.0,0.0,0.0,0.0,90
2023-05-11 09:30:27,HO2312-P-3200,HO2312-P-3200,548.8,0.0,0.0,0.0,1,539.6,549.4,6,548.8,546.6,0.0,0.0,0.0,0.0,90
2023-05-11 09:30:27,HO2312-P-3200,HO2312-P-3200,548.8,0.0,0.0,0.0,9,539.8,549.4,6,548.8,546.6,0.0,0.0,0.0,0.0,90
2023-05-11 09:30:33,HO2312-P-3200,HO2312-P-3200,548.8,0.0,0.0,0.0,6,540.0,549.4,6,548.8,546.6,0.0,0.0,0.0,0.0,90
2023-05-11 09:30:33,HO2312-P-3200,HO2312-P-3200,548.8,0.0,0.0,0.0,9,540.2,550.2,6,548.8,546.6,0.0,0.0,0.0,0.0,90
2023-05-11 09:30:57,HO2312-P-3200,HO2312-P-3200,548.8,0.0,0.0,0.0,9,540.2,550.2,7,548.8,546.6,0.0,0.0,0.0,0.0,90
2023-05-11 09:31:01,HO2312-P-3200,HO2312-P-3200,548.8,0.0,0.0,0.0,9,540.2,550.2,6,548.8,546.6,0.0,0.0,0.0,0.0,90
2023-05-11 09:31:08,HO2312-P-3200,HO2312-P-3200,548.8,0.0,0.0,0.0,1,542.0,550.2,6,548.8,546.6,0.0,0.0,0.0,0.0,90
2023-05-11 09:31:08,HO2312-P-3200,HO2312-P-3200,548.8,0.0,0.0,0.0,6,542.2,550.2,6,548.8,546.6,0.0,0.0,0.0,0.0,90
2023-05-11 09:31:21,HO2312-P-3200,HO2312-P-3200,548.8,0.0,0.0,0.0,9,542.2,550.2,6,548.8,546.6,0.0,0.0,0.0,0.0,90
2023-05-11 09:31:22,HO2312-P-3200,HO2312-P-3200,548.8,0.0,0.0,0.0,6,542.2,550.2,6,548.8,546.6,0.0,0.0,0.0,0.0,90
2023-05-11 09:31:22,HO2312-P-3200,HO2312-P-3200,548.8,0.0,0.0,0.0,3,542.4,550.2,6,548.8,546.6,0.0,0.0,0.0,0.0,90
2023-05-11 09:31:23,HO2312-P-3200,HO2312-P-3200,548.8,0.0,0.0,0.0,6,542.2,550.2,6,548.8,546.6,0.0,0.0,0.0,0.0,90
2023-05-11 09:31:23,HO2312-P-3200,HO2312-P-3200,548.8,0.0,0.0,0.0,3,542.4,550.2,6,548.8,546.6,0.0,0.0,0.0,0.0,90
2023-05-11 09:31:24,HO2312-P-3200,HO2312-P-3200,548.8,0.0,0.0,0.0,6,542.2,550.2,6,548.8,546.6,0.0,0.0,0.0,0.0,90
2023-05-11 09:31:36,HO2312-P-3200,HO2312-P-3200,548.8,0.0,0.0,0.0,9,542.2,550.2,6,548.8,546.6,0.0,0.0,0.0,0.0,90
2023-05-11 09:31:39,HO2312-P-3200,HO2312-P-3200,548.8,0.0,0.0,0.0,6,542.2,550.2,6,548.8,546.6,0.0,0.0,0.0,0.0,90
2023-05-11 09:31:41,HO2312-P-3200,HO2312-P-3200,548.8,0.0,0.0,0.0,9,542.2,550.2,6,548.8,546.6,0.0,0.0,0.0,0.0,90
2023-05-11 09:31:43,HO2312-P-3200,HO2312-P-3200,548.8,0.0,0.0,0.0,6,542.2,550.2,6,548.8,546.6,0.0,0.0,0.0,0.0,90
2023-05-11 09:31:46,HO2312-P-3200,HO2312-P-3200,548.8,0.0,0.0,0.0,6,542.2,549.8,1,548.8,546.6,0.0,0.0,0.0,0.0,90
2023-05-11 09:31:47,HO2312-P-3200,HO2312-P-3200,548.8,0.0,0.0,0.0,18,541.2,549.6,6,548.8,546.6,0.0,0.0,0.0,0.0,90
2023-05-11 09:31:48,HO2312-P-3200,HO2312-P-3200,548.8,0.0,0.0,0.0,6,541.4,549.6,12,548.8,546.6,0.0,0.0,0.0,0.0,90
2023-05-11 09:31:48,HO2312-P-3200,HO2312-P-3200,548.8,0.0,0.0,0.0,1,542.8,549.6,12,548.8,546.6,0.0,0.0,0.0,0.0,90
2023-05-11 09:31:49,HO2312-P-3200,HO2312-P-3200,548.8,0.0,0.0,0.0,1,542.8,549.6,6,548.8,546.6,0.0,0.0,0.0,0.0,90
2023-05-11 09:31:49,HO2312-P-3200,HO2312-P-3200,548.8,0.0,0.0,0.0,1,542.8,549.8,6,548.8,546.6,0.0,0.0,0.0,0.0,90
2023-05-11 09:31:50,HO2312-P-3200,HO2312-P-3200,548.8,0.0,0.0,0.0,7,542.8,550.2,6,548.8,546.6,0.0,0.0,0.0,0.0,90
2023-05-11 09:31:54,HO2312-P-3200,HO2312-P-3200,548.8,0.0,0.0,0.0,10,542.8,550.2,7,548.8,546.6,0.0,0.0,0.0,0.0,90
2023-05-11 09:31:56,HO2312-P-3200,HO2312-P-3200,548.8,0.0,0.0,0.0,7,542.8,550.2,7,548.8,546.6,0.0,0.0,0.0,0.0,90
2023-05-11 09:31:56,HO2312-P-3200,HO2312-P-3200,548.8,0.0,0.0,0.0,6,542.8,550.2,7,548.8,546.6,0.0,0.0,0.0,0.0,90
2023-05-11 09:31:57,HO2312-P-3200,HO2312-P-3200,548.8,0.0,0.0,0.0,6,541.6,550.0,6,548.8,546.6,0.0,0.0,0.0,0.0,90
2023-05-11 09:31:57,HO2312-P-3200,HO2312-P-3200,548.8,0.0,0.0,0.0,3,541.8,550.0,6,548.8,546.6,0.0,0.0,0.0,0.0,90
2023-05-11 09:31:58,HO2312-P-3200,HO2312-P-3200,548.8,0.0,0.0,0.0,7,542.0,550.0,7,548.8,546.6,0.0,0.0,0.0,0.0,90
2023-05-11 09:32:03,HO2312-P-3200,HO2312-P-3200,548.8,0.0,0.0,0.0,10,542.0,550.0,7,548.8,546.6,0.0,0.0,0.0,0.0,90
2023-05-11 09:32:03,HO2312-P-3200,HO2312-P-3200,548.8,0.0,0.0,0.0,7,542.0,550.0,7,548.8,546.6,0.0,0.0,0.0,0.0,90
2023-05-11 09:32:04,HO2312-P-3200,HO2312-P-3200,548.8,0.0,0.0,0.0,10,542.0,550.0,7,548.8,546.6,0.0,0.0,0.0,0.0,90
2023-05-11 09:32:07,HO2312-P-3200,HO2312-P-3200,548.8,0.0,0.0,0.0,7,542.0,550.0,7,548.8,546.6,0.0,0.0,0.0,0.0,90
2023-05-11 09:32:08,HO2312-P-3200,HO2312-P-3200,548.8,0.0,0.0,0.0,7,542.0,549.8,1,548.8,546.6,0.0,0.0,0.0,0.0,90
2023-05-11 09:32:09,HO2312-P-3200,HO2312-P-3200,548.8,0.0,0.0,0.0,10,542.0,549.8,1,548.8,546.6,0.0,0.0,0.0,0.0,90
2023-05-11 09:32:11,HO2312-P-3200,HO2312-P-3200,548.8,0.0,0.0,0.0,7,542.0,549.8,1,548.8,546.6,0.0,0.0,0.0,0.0,90
2023-05-11 09:32:11,HO2312-P-3200,HO2312-P-3200,548.8,0.0,0.0,0.0,10,542.0,549.8,1,548.8,546.6,0.0,0.0,0.0,0.0,90
2023-05-11 09:32:13,HO2312-P-3200,HO2312-P-3200,548.8,0.0,0.0,0.0,7,542.0,549.8,1,548.8,546.6,0.0,0.0,0.0,0.0,90
2023-05-11 09:32:13,HO2312-P-3200,HO2312-P-3200,548.8,0.0,0.0,0.0,10,542.0,549.8,1,548.8,546.6,0.0,0.0,0.0,0.0,90
2023-05-11 09:32:14,HO2312-P-3200,HO2312-P-3200,548.8,0.0,0.0,0.0,7,542.0,549.8,1,548.8,546.6,0.0,0.0,0.0,0.0,90
2023-05-11 09:32:14,HO2312-P-3200,HO2312-P-3200,548.8,0.0,0.0,0.0,7,542.0,549.6,1,548.8,546.6,0.0,0.0,0.0,0.0,90
2023-05-11 09:32:15,HO2312-P-3200,HO2312-P-3200,548.8,0.0,0.0,0.0,7,542.0,549.6,2,548.8,546.6,0.0,0.0,0.0,0.0,90
2023-05-11 09:32:15,HO2312-P-3200,HO2312-P-3200,548.8,0.0,0.0,0.0,1,542.0,549.4,6,548.8,546.6,0.0,0.0,0.0,0.0,90
2023-05-11 09:32:19,HO2312-P-3200,HO2312-P-3200,548.8,0.0,0.0,0.0,6,541.6,549.4,6,548.8,546.6,0.0,0.0,0.0,0.0,90
2023-05-11 09:32:20,HO2312-P-3200,HO2312-P-3200,548.8,0.0,0.0,0.0,6,541.6,548.4,1,548.8,546.6,0.0,0.0,0.0,0.0,90
2023-05-11 09:32:22,HO2312-P-3200,HO2312-P-3200,548.8,0.0,0.0,0.0,6,541.2,548.4,1,548.8,546.6,0.0,0.0,0.0,0.0,90
2023-05-11 09:32:25,HO2312-P-3200,HO2312-P-3200,548.8,0.0,0.0,0.0,6,541.2,548.4,2,548.8,546.6,0.0,0.0,0.0,0.0,90
2023-05-11 09:32:40,HO2312-P-3200,HO2312-P-3200,548.8,0.0,0.0,0.0,6,541.2,548.2,1,548.8,546.6,0.0,0.0,0.0,0.0,90
2023-05-11 09:32:43,HO2312-P-3200,HO2312-P-3200,548.8,0.0,0.0,0.0,3,541.4,548.2,1,548.8,546.6,0.0,0.0,0.0,0.0,90
2023-05-11 09:32:43,HO2312-P-3200,HO2312-P-3200,548.8,0.0,0.0,0.0,6,541.2,548.2,1,548.8,546.6,0.0,0.0,0.0,0.0,90
2023-05-11 09:32:44,HO2312-P-3200,HO2312-P-3200,548.8,0.0,0.0,0.0,9,541.2,548.2,1,548.8,546.6,0.0,0.0,0.0,0.0,90
2023-05-11 09:32:44,HO2312-P-3200,HO2312-P-3200,548.8,0.0,0.0,0.0,6,541.2,547.4,1,548.8,546.6,0.0,0.0,0.0,0.0,90
2023-05-11 09:32:45,HO2312-P-3200,HO2312-P-3200,548.8,0.0,0.0,0.0,9,541.2,547.4,1,548.8,546.6,0.0,0.0,0.0,0.0,90
2023-05-11 09:32:46,HO2312-P-3200,HO2312-P-3200,548.8,0.0,0.0,0.0,6,541.2,547.4,1,548.8,546.6,0.0,0.0,0.0,0.0,90
2023-05-11 09:32:48,HO2312-P-3200,HO2312-P-3200,548.8,0.0,0.0,0.0,6,541.2,548.2,1,548.8,546.6,0.0,0.0,0.0,0.0,90
2023-05-11 09:32:49,HO2312-P-3200,HO2312-P-3200,548.8,0.0,0.0,0.0,3,541.4,548.2,1,548.8,546.6,0.0,0.0,0.0,0.0,90
2023-05-11 09:32:50,HO2312-P-3200,HO2312-P-3200,548.8,0.0,0.0,0.0,3,541.4,548.6,1,548.8,546.6,0.0,0.0,0.0,0.0,90
2023-05-11 09:32:51,HO2312-P-3200,HO2312-P-3200,548.8,0.0,0.0,0.0,6,541.2,548.6,1,548.8,546.6,0.0,0.0,0.0,0.0,90
2023-05-11 09:32:52,HO2312-P-3200,HO2312-P-3200,548.8,0.0,0.0,0.0,3,541.4,548.6,1,548.8,546.6,0.0,0.0,0.0,0.0,90
2023-05-11 09:32:53,HO2312-P-3200,HO2312-P-3200,548.8,0.0,0.0,0.0,6,541.2,548.6,1,548.8,546.6,0.0,0.0,0.0,0.0,90
2023-05-11 09:32:55,HO2312-P-3200,HO2312-P-3200,548.8,0.0,0.0,0.0,6,541.0,548.4,6,548.8,546.6,0.0,0.0,0.0,0.0,90
2023-05-11 09:32:57,HO2312-P-3200,HO2312-P-3200,548.8,0.0,0.0,0.0,9,541.0,548.4,6,548.8,546.6,0.0,0.0,0.0,0.0,90
2023-05-11 09:33:00,HO2312-P-3200,HO2312-P-3200,548.8,0.0,0.0,0.0,6,541.0,548.4,6,548.8,546.6,0.0,0.0,0.0,0.0,90
2023-05-11 09:33:04,HO2312-P-3200,HO2312-P-3200,548.8,0.0,0.0,0.0,3,541.2,548.4,6,548.8,546.6,0.0,0.0,0.0,0.0,90
2023-05-11 09:33:04,HO2312-P-3200,HO2312-P-3200,548.8,0.0,0.0,0.0,6,541.0,548.4,6,548.8,546.6,0.0,0.0,0.0,0.0,90
2023-05-11 09:33:05,HO2312-P-3200,HO2312-P-3200,548.8,0.0,0.0,0.0,3,541.2,548.4,7,548.8,546.6,0.0,0.0,0.0,0.0,90
2023-05-11 09:33:07,HO2312-P-3200,HO2312-P-3200,548.8,0.0,0.0,0.0,6,541.0,548.4,7,548.8,546.6,0.0,0.0,0.0,0.0,90
2023-05-11 09:33:08,HO2312-P-3200,HO2312-P-3200,548.8,0.0,0.0,0.0,9,541.0,548.4,7,548.8,546.6,0.0,0.0,0.0,0.0,90
2023-05-11 09:33:08,HO2312-P-3200,HO2312-P-3200,548.8,0.0,0.0,0.0,6,541.0,548.4,7,548.8,546.6,0.0,0.0,0.0,0.0,90
2023-05-11 09:33:09,HO2312-P-3200,HO2312-P-3200,548.8,0.0,0.0,0.0,9,541.0,548.4,7,548.8,546.6,0.0,0.0,0.0,0.0,90
2023-05-11 09:33:16,HO2312-P-3200,HO2312-P-3200,548.8,0.0,0.0,0.0,9,541.0,548.2,1,548.8,546.6,0.0,0.0,0.0,0.0,90
2023-05-11 09:33:16,HO2312-P-3200,HO2312-P-3200,548.8,0.0,0.0,0.0,6,541.0,548.2,1,548.8,546.6,0.0,0.0,0.0,0.0,90
2023-05-11 09:33:18,HO2312-P-3200,HO2312-P-3200,548.8,0.0,0.0,0.0,9,541.0,548.2,1,548.8,546.6,0.0,0.0,0.0,0.0,90
2023-05-11 09:33:18,HO2312-P-3200,HO2312-P-3200,548.8,0.0,0.0,0.0,6,541.0,548.2,1,548.8,546.6,0.0,0.0,0.0,0.0,90
2023-05-11 09:33:20,HO2312-P-3200,HO2312-P-3200,548.8,0.0,0.0,0.0,9,541.0,548.2,1,548.8,546.6,0.0,0.0,0.0,0.0,90
2023-05-11 09:33:21,HO2312-P-3200,HO2312-P-3200,548.8,0.0,0.0,0.0,6,541.0,548.2,1,548.8,546.6,0.0,0.0,0.0,0.0,90
2023-05-11 09:33:23,HO2312-P-3200,HO2312-P-3200,548.8,0.0,0.0,0.0,9,541.0,548.2,1,548.8,546.6,0.0,0.0,0.0,0.0,90
2023-05-11 09:33:24,HO2312-P-3200,HO2312-P-3200,548.8,0.0,0.0,0.0,6,541.0,548.2,1,548.8,546.6,0.0,0.0,0.0,0.0,90
2023-05-11 09:33:26,HO2312-P-3200,HO2312-P-3200,548.8,0.0,0.0,0.0,9,541.0,548.2,1,548.8,546.6,0.0,0.0,0.0,0.0,90
2023-05-11 09:33:31,HO2312-P-3200,HO2312-P-3200,548.8,0.0,0.0,0.0,9,541.0,548.4,6,548.8,546.6,0.0,0.0,0.0,0.0,90
2023-05-11 09:33:33,HO2312-P-3200,HO2312-P-3200,548.8,0.0,0.0,0.0,6,541.2,548.8,1,548.8,546.6,0.0,0.0,0.0,0.0,90
2023-05-11 09:33:34,HO2312-P-3200,HO2312-P-3200,548.8,0.0,0.0,0.0,3,541.4,548.8,1,548.8,546.6,0.0,0.0,0.0,0.0,90
2023-05-11 09:33:34,HO2312-P-3200,HO2312-P-3200,548.8,0.0,0.0,0.0,6,541.6,548.8,1,548.8,546.6,0.0,0.0,0.0,0.0,90
2023-05-11 09:33:36,HO2312-P-3200,HO2312-P-3200,548.8,0.0,0.0,0.0,6,541.6,549.0,18,548.8,546.6,0.0,0.0,0.0,0.0,90
2023-05-11 09:33:36,HO2312-P-3200,HO2312-P-3200,548.8,0.0,0.0,0.0,6,541.6,549.0,12,548.8,546.6,0.0,0.0,0.0,0.0,90
2023-05-11 09:33:37,HO2312-P-3200,HO2312-P-3200,548.8,0.0,0.0,0.0,3,541.6,549.2,19,548.8,546.6,0.0,0.0,0.0,0.0,90
2023-05-11 09:33:37,HO2312-P-3200,HO2312-P-3200,548.8,0.0,0.0,0.0,6,541.8,549.2,13,548.8,546.6,0.0,0.0,0.0,0.0,90
2023-05-11 09:33:38,HO2312-P-3200,HO2312-P-3200,548.8,0.0,0.0,0.0,6,540.8,549.2,7,548.8,546.6,0.0,0.0,0.0,0.0,90
2023-05-11 09:33:38,HO2312-P-3200,HO2312-P-3200,548.8,0.0,0.0,0.0,3,541.0,549.2,1,548.8,546.6,0.0,0.0,0.0,0.0,90
2023-05-11 09:33:39,HO2312-P-3200,HO2312-P-3200,548.8,0.0,0.0,0.0,6,541.2,549.2,1,548.8,546.6,0.0,0.0,0.0,0.0,90
2023-05-11 09:33:39,HO2312-P-3200,HO2312-P-3200,548.8,0.0,0.0,0.0,3,541.4,549.2,1,548.8,546.6,0.0,0.0,0.0,0.0,90
2023-05-11 09:33:40,HO2312-P-3200,HO2312-P-3200,548.8,0.0,0.0,0.0,6,541.6,549.2,1,548.8,546.6,0.0,0.0,0.0,0.0,90
2023-05-11 09:33:45,HO2312-P-3200,HO2312-P-3200,548.8,0.0,0.0,0.0,6,541.6,548.4,1,548.8,546.6,0.0,0.0,0.0,0.0,90
2023-05-11 09:33:45,HO2312-P-3200,HO2312-P-3200,548.8,0.0,0.0,0.0,6,540.8,548.4,1,548.8,546.6,0.0,0.0,0.0,0.0,90
2023-05-11 09:33:49,HO2312-P-3200,HO2312-P-3200,548.8,0.0,0.0,0.0,3,541.0,548.4,1,548.8,546.6,0.0,0.0,0.0,0.0,90
2023-05-11 09:33:54,HO2312-P-3200,HO2312-P-3200,548.8,0.0,0.0,0.0,6,540.8,548.4,1,548.8,546.6,0.0,0.0,0.0,0.0,90
2023-05-11 09:33:56,HO2312-P-3200,HO2312-P-3200,548.8,0.0,0.0,0.0,3,541.0,548.4,2,548.8,546.6,0.0,0.0,0.0,0.0,90
2023-05-11 09:33:57,HO2312-P-3200,HO2312-P-3200,548.8,0.0,0.0,0.0,3,541.0,547.2,1,548.8,546.6,0.0,0.0,0.0,0.0,90
2023-05-11 09:34:01,HO2312-P-3200,HO2312-P-3200,548.8,0.0,0.0,0.0,6,540.8,547.2,1,548.8,546.6,0.0,0.0,0.0,0.0,90
2023-05-11 09:34:01,HO2312-P-3200,HO2312-P-3200,548.8,0.0,0.0,0.0,3,541.0,547.2,1,548.8,546.6,0.0,0.0,0.0,0.0,90
2023-05-11 09:34:02,HO2312-P-3200,HO2312-P-3200,548.8,0.0,0.0,0.0,3,541.0,547.2,2,548.8,546.6,0.0,0.0,0.0,0.0,90
2023-05-11 09:34:09,HO2312-P-3200,HO2312-P-3200,548.8,0.0,0.0,0.0,3,541.0,547.2,1,548.8,546.6,0.0,0.0,0.0,0.0,90
2023-05-11 09:34:15,HO2312-P-3200,HO2312-P-3200,548.8,0.0,0.0,0.0,3,541.0,548.0,1,548.8,546.6,0.0,0.0,0.0,0.0,90
2023-05-11 09:34:19,HO2312-P-3200,HO2312-P-3200,548.8,0.0,0.0,0.0,3,541.0,547.8,1,548.8,546.6,0.0,0.0,0.0,0.0,90
2023-05-11 09:34:20,HO2312-P-3200,HO2312-P-3200,548.8,0.0,0.0,0.0,3,541.0,547.4,1,548.8,546.6,0.0,0.0,0.0,0.0,90
2023-05-11 09:34:21,HO2312-P-3200,HO2312-P-3200,548.8,0.0,0.0,0.0,18,540.6,547.2,6,548.8,546.6,0.0,0.0,0.0,0.0,90
2023-05-11 09:34:21,HO2312-P-3200,HO2312-P-3200,548.8,0.0,0.0,0.0,6,540.6,547.2,6,548.8,546.6,0.0,0.0,0.0,0.0,90
2023-05-11 09:34:22,HO2312-P-3200,HO2312-P-3200,548.8,0.0,0.0,0.0,7,540.4,547.2,6,548.8,546.6,0.0,0.0,0.0,0.0,90
2023-05-11 09:34:22,HO2312-P-3200,HO2312-P-3200,548.8,0.0,0.0,0.0,10,540.4,547.2,6,548.8,546.6,0.0,0.0,0.0,0.0,90
2023-05-11 09:34:23,HO2312-P-3200,HO2312-P-3200,548.8,0.0,0.0,0.0,7,540.4,547.2,6,548.8,546.6,0.0,0.0,0.0,0.0,90
2023-05-11 09:34:23,HO2312-P-3200,HO2312-P-3200,548.8,0.0,0.0,0.0,3,540.6,547.2,6,548.8,546.6,0.0,0.0,0.0,0.0,90
2023-05-11 09:34:24,HO2312-P-3200,HO2312-P-3200,548.8,0.0,0.0,0.0,7,540.4,547.2,6,548.8,546.6,0.0,0.0,0.0,0.0,90
2023-05-11 09:34:24,HO2312-P-3200,HO2312-P-3200,548.8,0.0,0.0,0.0,10,540.4,547.2,6,548.8,546.6,0.0,0.0,0.0,0.0,90
2023-05-11 09:34:29,HO2312-P-3200,HO2312-P-3200,548.8,0.0,0.0,0.0,10,540.4,547.2,7,548.8,546.6,0.0,0.0,0.0,0.0,90
2023-05-11 09:34:33,HO2312-P-3200,HO2312-P-3200,548.8,0.0,0.0,0.0,6,540.6,547.2,7,548.8,546.6,0.0,0.0,0.0,0.0,90
2023-05-11 09:34:34,HO2312-P-3200,HO2312-P-3200,548.8,0.0,0.0,0.0,9,540.8,547.2,1,548.8,546.6,0.0,0.0,0.0,0.0,90
2023-05-11 09:34:34,HO2312-P-3200,HO2312-P-3200,548.8,0.0,0.0,0.0,9,540.8,547.6,18,548.8,546.6,0.0,0.0,0.0,0.0,90
2023-05-11 09:34:35,HO2312-P-3200,HO2312-P-3200,548.8,0.0,0.0,0.0,9,540.8,547.6,12,548.8,546.6,0.0,0.0,0.0,0.0,90
2023-05-11 09:34:35,HO2312-P-3200,HO2312-P-3200,548.8,0.0,0.0,0.0,9,540.8,547.8,12,548.8,546.6,0.0,0.0,0.0,0.0,90
2023-05-11 09:34:36,HO2312-P-3200,HO2312-P-3200,548.8,0.0,0.0,0.0,9,540.8,547.8,6,548.8,546.6,0.0,0.0,0.0,0.0,90
2023-05-11 09:34:37,HO2312-P-3200,HO2312-P-3200,548.8,0.0,0.0,0.0,9,540.8,548.0,12,548.8,546.6,0.0,0.0,0.0,0.0,90
2023-05-11 09:34:37,HO2312-P-3200,HO2312-P-3200,548.8,0.0,0.0,0.0,9,540.8,548.0,6,548.8,546.6,0.0,0.0,0.0,0.0,90
2023-05-11 09:34:38,HO2312-P-3200,HO2312-P-3200,548.8,0.0,0.0,0.0,9,540.8,548.2,18,548.8,546.6,0.0,0.0,0.0,0.0,90
2023-05-11 09:34:38,HO2312-P-3200,HO2312-P-3200,548.8,0.0,0.0,0.0,9,540.8,548.2,6,548.8,546.6,0.0,0.0,0.0,0.0,90
2023-05-11 09:34:39,HO2312-P-3200,HO2312-P-3200,548.8,0.0,0.0,0.0,6,541.8,548.6,18,548.8,546.6,0.0,0.0,0.0,0.0,90
2023-05-11 09:34:39,HO2312-P-3200,HO2312-P-3200,548.8,0.0,0.0,0.0,9,542.0,548.6,6,548.8,546.6,0.0,0.0,0.0,0.0,90
2023-05-11 09:34:40,HO2312-P-3200,HO2312-P-3200,548.8,0.0,0.0,0.0,9,542.0,548.8,6,548.8,546.6,0.0,0.0,0.0,0.0,90
2023-05-11 09:34:48,HO2312-P-3200,HO2312-P-3200,548.8,0.0,0.0,0.0,6,542.0,548.8,6,548.8,546.6,0.0,0.0,0.0,0.0,90
2023-05-11 09:34:49,HO2312-P-3200,HO2312-P-3200,548.8,0.0,0.0,0.0,9,542.0,548.8,6,548.8,546.6,0.0,0.0,0.0,0.0,90
2023-05-11 09:34:50,HO2312-P-3200,HO2312-P-3200,548.8,0.0,0.0,0.0,9,542.0,548.4,1,548.8,546.6,0.0,0.0,0.0,0.0,90
2023-05-11 09:34:51,HO2312-P-3200,HO2312-P-3200,548.8,0.0,0.0,0.0,6,542.0,548.4,1,548.8,546.6,0.0,0.0,0.0,0.0,90
2023-05-11 09:34:52,HO2312-P-3200,HO2312-P-3200,548.8,0.0,0.0,0.0,6,541.2,548.4,7,548.8,546.6,0.0,0.0,0.0,0.0,90
2023-05-11 09:34:52,HO2312-P-3200,HO2312-P-3200,548.8,0.0,0.0,0.0,9,541.2,548.4,7,548.8,546.6,0.0,0.0,0.0,0.0,90
2023-05-11 09:35:01,HO2312-P-3200,HO2312-P-3200,548.8,0.0,0.0,0.0,9,541.2,548.4,6,548.8,546.6,0.0,0.0,0.0,0.0,90
2023-05-11 09:35:04,HO2312-P-3200,HO2312-P-3200,548.8,0.0,0.0,0.0,6,542.0,548.8,12,548.8,546.6,0.0,0.0,0.0,0.0,90
2023-05-11 09:35:04,HO2312-P-3200,HO2312-P-3200,548.8,0.0,0.0,0.0,3,542.2,548.8,6,548.8,546.6,0.0,0.0,0.0,0.0,90
2023-05-11 09:35:05,HO2312-P-3200,HO2312-P-3200,548.8,0.0,0.0,0.0,6,542.4,548.8,6,548.8,546.6,0.0,0.0,0.0,0.0,90
2023-05-11 09:35:05,HO2312-P-3200,HO2312-P-3200,548.8,0.0,0.0,0.0,3,542.6,548.8,6,548.8,546.6,0.0,0.0,0.0,0.0,90
2023-05-11 09:35:11,HO2312-P-3200,HO2312-P-3200,548.8,0.0,0.0,0.0,6,542.4,548.8,6,548.8,546.6,0.0,0.0,0.0,0.0,90
2023-05-11 09:35:11,HO2312-P-3200,HO2312-P-3200,548.8,0.0,0.0,0.0,3,542.6,548.8,6,548.8,546.6,0.0,0.0,0.0,0.0,90
2023-05-11 09:35:12,HO2312-P-3200,HO2312-P-3200,548.8,0.0,0.0,0.0,6,542.4,548.8,6,548.8,546.6,0.0,0.0,0.0,0.0,90
2023-05-11 09:35:12,HO2312-P-3200,HO2312-P-3200,548.8,0.0,0.0,0.0,12,542.2,548.8,6,548.8,546.6,0.0,0.0,0.0,0.0,90
2023-05-11 09:35:13,HO2312-P-3200,HO2312-P-3200,548.8,0.0,0.0,0.0,3,542.4,548.8,6,548.8,546.6,0.0,0.0,0.0,0.0,90
2023-05-11 09:35:18,HO2312-P-3200,HO2312-P-3200,548.8,0.0,0.0,0.0,18,542.0,548.8,6,548.8,546.6,0.0,0.0,0.0,0.0,90
2023-05-11 09:35:19,HO2312-P-3200,HO2312-P-3200,548.8,0.0,0.0,0.0,6,541.8,548.6,6,548.8,546.6,0.0,0.0,0.0,0.0,90
2023-05-11 09:35:19,HO2312-P-3200,HO2312-P-3200,548.8,0.0,0.0,0.0,6,541.6,548.6,6,548.8,546.6,0.0,0.0,0.0,0.0,90
2023-05-11 09:35:20,HO2312-P-3200,HO2312-P-3200,548.8,0.0,0.0,0.0,3,541.6,548.6,6,548.8,546.6,0.0,0.0,0.0,0.0,90
2023-05-11 09:35:21,HO2312-P-3200,HO2312-P-3200,548.8,0.0,0.0,0.0,6,541.8,548.8,13,548.8,546.6,0.0,0.0,0.0,0.0,90
2023-05-11 09:35:21,HO2312-P-3200,HO2312-P-3200,548.8,0.0,0.0,0.0,9,541.8,547.2,1,548.8,546.6,0.0,0.0,0.0,0.0,90
2023-05-11 09:35:25,HO2312-P-3200,HO2312-P-3200,548.8,0.0,0.0,0.0,9,541.8,548.4,1,548.8,546.6,0.0,0.0,0.0,0.0,90
2023-05-11 09:35:26,HO2312-P-3200,HO2312-P-3200,548.8,0.0,0.0,0.0,6,541.8,548.4,1,548.8,546.6,0.0,0.0,0.0,0.0,90
2023-05-11 09:35:27,HO2312-P-3200,HO2312-P-3200,548.8,0.0,0.0,0.0,3,541.8,548.4,1,548.8,546.6,0.0,0.0,0.0,0.0,90
2023-05-11 09:35:27,HO2312-P-3200,HO2312-P-3200,548.8,0.0,0.0,0.0,6,541.4,548.4,1,548.8,546.6,0.0,0.0,0.0,0.0,90
2023-05-11 09:35:28,HO2312-P-3200,HO2312-P-3200,548.8,0.0,0.0,0.0,3,541.6,548.4,1,548.8,546.6,0.0,0.0,0.0,0.0,90
2023-05-11 09:35:28,HO2312-P-3200,HO2312-P-3200,548.8,0.0,0.0,0.0,6,541.4,548.4,1,548.8,546.6,0.0,0.0,0.0,0.0,90
2023-05-11 09:35:29,HO2312-P-3200,HO2312-P-3200,548.8,0.0,0.0,0.0,3,541.6,548.4,1,548.8,546.6,0.0,0.0,0.0,0.0,90
2023-05-11 09:35:29,HO2312-P-3200,HO2312-P-3200,548.8,0.0,0.0,0.0,6,541.4,548.4,1,548.8,546.6,0.0,0.0,0.0,0.0,90
2023-05-11 09:35:30,HO2312-P-3200,HO2312-P-3200,548.8,0.0,0.0,0.0,9,541.4,548.4,1,548.8,546.6,0.0,0.0,0.0,0.0,90
2023-05-11 09:35:33,HO2312-P-3200,HO2312-P-3200,548.8,0.0,0.0,0.0,6,541.4,548.4,1,548.8,546.6,0.0,0.0,0.0,0.0,90
2023-05-11 09:35:35,HO2312-P-3200,HO2312-P-3200,548.8,0.0,0.0,0.0,6,541.4,548.0,6,548.8,546.6,0.0,0.0,0.0,0.0,90
2023-05-11 09:35:36,HO2312-P-3200,HO2312-P-3200,548.8,0.0,0.0,0.0,18,541.2,547.2,1,548.8,546.6,0.0,0.0,0.0,0.0,90
2023-05-11 09:35:36,HO2312-P-3200,HO2312-P-3200,548.8,0.0,0.0,0.0,12,541.2,547.2,1,548.8,546.6,0.0,0.0,0.0,0.0,90
2023-05-11 09:35:37,HO2312-P-3200,HO2312-P-3200,548.8,0.0,0.0,0.0,6,541.2,547.2,1,548.8,546.6,0.0,0.0,0.0,0.0,90
2023-05-11 09:35:37,HO2312-P-3200,HO2312-P-3200,548.8,0.0,0.0,0.0,6,541.2,547.8,6,548.8,546.6,0.0,0.0,0.0,0.0,90
2023-05-11 09:35:38,HO2312-P-3200,HO2312-P-3200,548.8,0.0,0.0,0.0,9,541.2,547.8,6,548.8,546.6,0.0,0.0,0.0,0.0,90
2023-05-11 09:35:38,HO2312-P-3200,HO2312-P-3200,548.8,0.0,0.0,0.0,6,541.4,548.0,25,548.8,546.6,0.0,0.0,0.0,0.0,90
2023-05-11 09:35:39,HO2312-P-3200,HO2312-P-3200,548.8,0.0,0.0,0.0,9,541.4,548.0,19,548.8,546.6,0.0,0.0,0.0,0.0,90
2023-05-11 09:35:39,HO2312-P-3200,HO2312-P-3200,548.8,0.0,0.0,0.0,6,541.4,548.0,19,548.8,546.6,0.0,0.0,0.0,0.0,90
2023-05-11 09:35:46,HO2312-P-3200,HO2312-P-3200,548.8,0.0,0.0,0.0,6,541.4,547.8,1,548.8,546.6,0.0,0.0,0.0,0.0,90
2023-05-11 09:35:47,HO2312-P-3200,HO2312-P-3200,548.8,0.0,0.0,0.0,6,541.2,547.2,1,548.8,546.6,0.0,0.0,0.0,0.0,90
2023-05-11 09:35:49,HO2312-P-3200,HO2312-P-3200,548.8,0.0,0.0,0.0,9,541.2,547.2,1,548.8,546.6,0.0,0.0,0.0,0.0,90
2023-05-11 09:35:52,HO2312-P-3200,HO2312-P-3200,548.8,0.0,0.0,0.0,9,541.2,547.8,6,548.8,546.6,0.0,0.0,0.0,0.0,90
2023-05-11 09:36:02,HO2312-P-3200,HO2312-P-3200,548.8,0.0,0.0,0.0,6,541.2,547.8,6,548.8,546.6,0.0,0.0,0.0,0.0,90
2023-05-11 09:36:05,HO2312-P-3200,HO2312-P-3200,548.8,0.0,0.0,0.0,6,541.2,547.2,1,548.8,546.6,0.0,0.0,0.0,0.0,90
2023-05-11 09:36:11,HO2312-P-3200,HO2312-P-3200,548.8,0.0,0.0,0.0,3,541.4,547.2,1,548.8,546.6,0.0,0.0,0.0,0.0,90
2023-05-11 09:36:12,HO2312-P-3200,HO2312-P-3200,548.8,0.0,0.0,0.0,6,541.6,548.0,18,548.8,546.6,0.0,0.0,0.0,0.0,90
2023-05-11 09:36:12,HO2312-P-3200,HO2312-P-3200,548.8,0.0,0.0,0.0,6,541.6,548.0,12,548.8,546.6,0.0,0.0,0.0,0.0,90
2023-05-11 09:36:13,HO2312-P-3200,HO2312-P-3200,548.8,0.0,0.0,0.0,3,541.8,548.2,12,548.8,546.6,0.0,0.0,0.0,0.0,90
2023-05-11 09:36:13,HO2312-P-3200,HO2312-P-3200,548.8,0.0,0.0,0.0,3,541.8,548.2,6,548.8,546.6,0.0,0.0,0.0,0.0,90
2023-05-11 09:36:14,HO2312-P-3200,HO2312-P-3200,548.8,0.0,0.0,0.0,3,541.8,548.6,24,548.8,546.6,0.0,0.0,0.0,0.0,90
2023-05-11 09:36:17,HO2312-P-3200,HO2312-P-3200,548.8,0.0,0.0,0.0,3,541.8,548.6,18,548.8,546.6,0.0,0.0,0.0,0.0,90
2023-05-11 09:36:17,HO2312-P-3200,HO2312-P-3200,548.8,0.0,0.0,0.0,6,542.0,548.6,12,548.8,546.6,0.0,0.0,0.0,0.0,90
2023-05-11 09:36:18,HO2312-P-3200,HO2312-P-3200,548.8,0.0,0.0,0.0,3,542.2,548.8,18,548.8,546.6,0.0,0.0,0.0,0.0,90
2023-05-11 09:36:32,HO2312-P-3200,HO2312-P-3200,548.8,0.0,0.0,0.0,24,542.0,548.8,18,548.8,546.6,0.0,0.0,0.0,0.0,90
2023-05-11 09:36:33,HO2312-P-3200,HO2312-P-3200,548.8,0.0,0.0,0.0,27,542.0,548.8,18,548.8,546.6,0.0,0.0,0.0,0.0,90
2023-05-11 09:36:34,HO2312-P-3200,HO2312-P-3200,548.8,0.0,0.0,0.0,21,542.0,548.8,18,548.8,546.6,0.0,0.0,0.0,0.0,90
2023-05-11 09:36:35,HO2312-P-3200,HO2312-P-3200,548.8,0.0,0.0,0.0,18,542.0,548.8,18,548.8,546.6,0.0,0.0,0.0,0.0,90
2023-05-11 09:36:36,HO2312-P-3200,HO2312-P-3200,548.8,0.0,0.0,0.0,15,542.0,548.8,18,548.8,546.6,0.0,0.0,0.0,0.0,90
2023-05-11 09:36:36,HO2312-P-3200,HO2312-P-3200,548.8,0.0,0.0,0.0,12,542.0,548.8,18,548.8,546.6,0.0,0.0,0.0,0.0,90
2023-05-11 09:36:37,HO2312-P-3200,HO2312-P-3200,548.8,0.0,0.0,0.0,6,542.0,548.8,18,548.8,546.6,0.0,0.0,0.0,0.0,90
2023-05-11 09:36:38,HO2312-P-3200,HO2312-P-3200,548.8,0.0,0.0,0.0,9,542.0,548.8,18,548.8,546.6,0.0,0.0,0.0,0.0,90
2023-05-11 09:36:39,HO2312-P-3200,HO2312-P-3200,548.8,0.0,0.0,0.0,6,542.0,548.8,18,548.8,546.6,0.0,0.0,0.0,0.0,90
2023-05-11 09:36:40,HO2312-P-3200,HO2312-P-3200,548.8,0.0,0.0,0.0,9,542.0,548.8,18,548.8,546.6,0.0,0.0,0.0,0.0,90
2023-05-11 09:36:41,HO2312-P-3200,HO2312-P-3200,548.8,0.0,0.0,0.0,6,542.0,548.8,18,548.8,546.6,0.0,0.0,0.0,0.0,90
2023-05-11 09:36:42,HO2312-P-3200,HO2312-P-3200,548.8,0.0,0.0,0.0,9,542.0,548.8,18,548.8,546.6,0.0,0.0,0.0,0.0,90
2023-05-11 09:36:42,HO2312-P-3200,HO2312-P-3200,548.8,0.0,0.0,0.0,6,542.0,547.8,1,548.8,546.6,0.0,0.0,0.0,0.0,90
2023-05-11 09:36:46,HO2312-P-3200,HO2312-P-3200,548.8,0.0,0.0,0.0,9,542.0,547.8,1,548.8,546.6,0.0,0.0,0.0,0.0,90
2023-05-11 09:36:47,HO2312-P-3200,HO2312-P-3200,548.8,0.0,0.0,0.0,6,542.0,547.8,1,548.8,546.6,0.0,0.0,0.0,0.0,90
2023-05-11 09:36:48,HO2312-P-3200,HO2312-P-3200,548.8,0.0,0.0,0.0,9,542.0,547.8,1,548.8,546.6,0.0,0.0,0.0,0.0,90
2023-05-11 09:36:48,HO2312-P-3200,HO2312-P-3200,548.8,0.0,0.0,0.0,6,542.0,547.8,1,548.8,546.6,0.0,0.0,0.0,0.0,90
2023-05-11 09:36:50,HO2312-P-3200,HO2312-P-3200,548.8,0.0,0.0,0.0,9,542.0,547.8,1,548.8,546.6,0.0,0.0,0.0,0.0,90
2023-05-11 09:36:52,HO2312-P-3200,HO2312-P-3200,548.8,0.0,0.0,0.0,6,542.0,547.8,1,548.8,546.6,0.0,0.0,0.0,0.0,90
2023-05-11 09:36:56,HO2312-P-3200,HO2312-P-3200,548.8,0.0,0.0,0.0,3,542.2,547.8,1,548.8,546.6,0.0,0.0,0.0,0.0,90
2023-05-11 09:36:56,HO2312-P-3200,HO2312-P-3200,548.8,0.0,0.0,0.0,6,542.0,547.8,1,548.8,546.6,0.0,0.0,0.0,0.0,90
2023-05-11 09:36:57,HO2312-P-3200,HO2312-P-3200,548.8,0.0,0.0,0.0,9,542.0,547.8,1,548.8,546.6,0.0,0.0,0.0,0.0,90
2023-05-11 09:36:57,HO2312-P-3200,HO2312-P-3200,548.8,0.0,0.0,0.0,9,542.0,548.8,24,548.8,546.6,0.0,0.0,0.0,0.0,90
2023-05-11 09:36:58,HO2312-P-3200,HO2312-P-3200,548.8,0.0,0.0,0.0,9,542.0,548.8,18,548.8,546.6,0.0,0.0,0.0,0.0,90
2023-05-11 09:37:02,HO2312-P-3200,HO2312-P-3200,548.8,0.0,0.0,0.0,6,542.2,548.8,18,548.8,546.6,0.0,0.0,0.0,0.0,90
2023-05-11 09:37:03,HO2312-P-3200,HO2312-P-3200,548.8,0.0,0.0,0.0,3,542.4,548.8,12,548.8,546.6,0.0,0.0,0.0,0.0,90
2023-05-11 09:37:04,HO2312-P-3200,HO2312-P-3200,548.8,0.0,0.0,0.0,3,542.4,548.8,6,548.8,546.6,0.0,0.0,0.0,0.0,90
2023-05-11 09:37:08,HO2312-P-3200,HO2312-P-3200,548.8,0.0,0.0,0.0,6,542.6,548.8,6,548.8,546.6,0.0,0.0,0.0,0.0,90
2023-05-11 09:37:09,HO2312-P-3200,HO2312-P-3200,548.8,0.0,0.0,0.0,3,542.8,548.8,6,548.8,546.6,0.0,0.0,0.0,0.0,90
2023-05-11 09:37:17,HO2312-P-3200,HO2312-P-3200,548.8,0.0,0.0,0.0,3,542.8,549.2,12,548.8,546.6,0.0,0.0,0.0,0.0,90
2023-05-11 09:37:18,HO2312-P-3200,HO2312-P-3200,548.8,0.0,0.0,0.0,6,543.2,549.2,6,548.8,546.6,0.0,0.0,0.0,0.0,90
2023-05-11 09:37:18,HO2312-P-3200,HO2312-P-3200,548.8,0.0,0.0,0.0,3,543.4,549.8,24,548.8,546.6,0.0,0.0,0.0,0.0,90
2023-05-11 09:37:19,HO2312-P-3200,HO2312-P-3200,548.8,0.0,0.0,0.0,3,543.4,549.8,12,548.8,546.6,0.0,0.0,0.0,0.0,90
2023-05-11 09:37:19,HO2312-P-3200,HO2312-P-3200,548.8,0.0,0.0,0.0,3,543.4,549.8,6,548.8,546.6,0.0,0.0,0.0,0.0,90
2023-05-11 09:37:21,HO2312-P-3200,HO2312-P-3200,548.8,0.0,0.0,0.0,12,542.6,549.8,6,548.8,546.6,0.0,0.0,0.0,0.0,90
2023-05-11 09:37:21,HO2312-P-3200,HO2312-P-3200,548.8,0.0,0.0,0.0,3,542.8,549.8,6,548.8,546.6,0.0,0.0,0.0,0.0,90
2023-05-11 09:37:22,HO2312-P-3200,HO2312-P-3200,548.8,0.0,0.0,0.0,3,542.8,549.6,1,548.8,546.6,0.0,0.0,0.0,0.0,90
2023-05-11 09:37:22,HO2312-P-3200,HO2312-P-3200,548.8,0.0,0.0,0.0,13,542.4,549.4,6,548.8,546.6,0.0,0.0,0.0,0.0,90
2023-05-11 09:37:23,HO2312-P-3200,HO2312-P-3200,548.8,0.0,0.0,0.0,3,542.4,549.4,6,548.8,546.6,0.0,0.0,0.0,0.0,90
2023-05-11 09:37:23,HO2312-P-3200,HO2312-P-3200,548.8,0.0,0.0,0.0,24,542.2,549.2,6,548.8,546.6,0.0,0.0,0.0,0.0,90
2023-05-11 09:37:24,HO2312-P-3200,HO2312-P-3200,548.8,0.0,0.0,0.0,15,542.2,549.2,6,548.8,546.6,0.0,0.0,0.0,0.0,90
2023-05-11 09:37:24,HO2312-P-3200,HO2312-P-3200,548.8,0.0,0.0,0.0,9,542.2,549.2,6,548.8,546.6,0.0,0.0,0.0,0.0,90
2023-05-11 09:37:25,HO2312-P-3200,HO2312-P-3200,548.8,0.0,0.0,0.0,9,542.2,548.6,1,548.8,546.6,0.0,0.0,0.0,0.0,90
2023-05-11 09:37:25,HO2312-P-3200,HO2312-P-3200,548.8,0.0,0.0,0.0,3,542.2,548.6,1,548.8,546.6,0.0,0.0,0.0,0.0,90
2023-05-11 09:37:28,HO2312-P-3200,HO2312-P-3200,548.8,0.0,0.0,0.0,4,542.2,549.2,6,548.8,546.6,0.0,0.0,0.0,0.0,90
2023-05-11 09:37:29,HO2312-P-3200,HO2312-P-3200,548.8,0.0,0.0,0.0,10,542.2,549.4,12,548.8,546.6,0.0,0.0,0.0,0.0,90
2023-05-11 09:37:29,HO2312-P-3200,HO2312-P-3200,548.8,0.0,0.0,0.0,16,542.2,549.4,6,548.8,546.6,0.0,0.0,0.0,0.0,90
2023-05-11 09:37:31,HO2312-P-3200,HO2312-P-3200,548.8,0.0,0.0,0.0,6,542.4,549.6,13,548.8,546.6,0.0,0.0,0.0,0.0,90
2023-05-11 09:37:32,HO2312-P-3200,HO2312-P-3200,548.8,0.0,0.0,0.0,3,542.6,549.4,1,548.8,546.6,0.0,0.0,0.0,0.0,90
2023-05-11 09:37:33,HO2312-P-3200,HO2312-P-3200,548.8,0.0,0.0,0.0,6,542.8,549.4,1,548.8,546.6,0.0,0.0,0.0,0.0,90
2023-05-11 09:37:34,HO2312-P-3200,HO2312-P-3200,548.8,0.0,0.0,0.0,3,543.0,549.4,1,548.8,546.6,0.0,0.0,0.0,0.0,90
2023-05-11 09:37:43,HO2312-P-3200,HO2312-P-3200,548.8,0.0,0.0,0.0,3,543.0,549.2,1,548.8,546.6,0.0,0.0,0.0,0.0,90
2023-05-11 09:37:46,HO2312-P-3200,HO2312-P-3200,548.8,0.0,0.0,0.0,3,543.0,549.8,18,548.8,546.6,0.0,0.0,0.0,0.0,90
2023-05-11 09:37:47,HO2312-P-3200,HO2312-P-3200,548.8,0.0,0.0,0.0,3,543.0,549.6,1,548.8,546.6,0.0,0.0,0.0,0.0,90
2023-05-11 09:37:49,HO2312-P-3200,HO2312-P-3200,548.8,0.0,0.0,0.0,3,543.0,549.8,18,548.8,546.6,0.0,0.0,0.0,0.0,90
2023-05-11 09:37:50,HO2312-P-3200,HO2312-P-3200,548.8,0.0,0.0,0.0,3,543.0,549.6,1,548.8,546.6,0.0,0.0,0.0,0.0,90
2023-05-11 09:37:50,HO2312-P-3200,HO2312-P-3200,548.8,0.0,0.0,0.0,6,542.6,549.4,6,548.8,546.6,0.0,0.0,0.0,0.0,90
2023-05-11 09:37:51,HO2312-P-3200,HO2312-P-3200,548.8,0.0,0.0,0.0,25,542.2,549.4,6,548.8,546.6,0.0,0.0,0.0,0.0,90
2023-05-11 09:37:51,HO2312-P-3200,HO2312-P-3200,548.8,0.0,0.0,0.0,3,542.8,549.4,6,548.8,546.6,0.0,0.0,0.0,0.0,90
2023-05-11 09:37:59,HO2312-P-3200,HO2312-P-3200,548.8,0.0,0.0,0.0,13,542.2,549.4,6,548.8,546.6,0.0,0.0,0.0,0.0,90
2023-05-11 09:38:00,HO2312-P-3200,HO2312-P-3200,548.8,0.0,0.0,0.0,3,542.4,549.4,6,548.8,546.6,0.0,0.0,0.0,0.0,90
2023-05-11 09:38:04,HO2312-P-3200,HO2312-P-3200,548.8,0.0,0.0,0.0,6,542.6,549.6,1,548.8,546.6,0.0,0.0,0.0,0.0,90
2023-05-11 09:38:04,HO2312-P-3200,HO2312-P-3200,548.8,0.0,0.0,0.0,3,542.8,549.4,1,548.8,546.6,0.0,0.0,0.0,0.0,90
2023-05-11 09:38:06,HO2312-P-3200,HO2312-P-3200,548.8,0.0,0.0,0.0,6,542.6,549.4,1,548.8,546.6,0.0,0.0,0.0,0.0,90
2023-05-11 09:38:06,HO2312-P-3200,HO2312-P-3200,548.8,0.0,0.0,0.0,3,542.8,549.4,1,548.8,546.6,0.0,0.0,0.0,0.0,90
2023-05-11 09:38:08,HO2312-P-3200,HO2312-P-3200,548.8,0.0,0.0,0.0,3,542.8,548.6,1,548.8,546.6,0.0,0.0,0.0,0.0,90
2023-05-11 09:38:11,HO2312-P-3200,HO2312-P-3200,548.8,0.0,0.0,0.0,6,542.6,548.6,1,548.8,546.6,0.0,0.0,0.0,0.0,90
2023-05-11 09:38:12,HO2312-P-3200,HO2312-P-3200,548.8,0.0,0.0,0.0,9,542.6,548.6,1,548.8,546.6,0.0,0.0,0.0,0.0,90
2023-05-11 09:38:14,HO2312-P-3200,HO2312-P-3200,548.8,0.0,0.0,0.0,9,542.6,549.8,24,548.8,546.6,0.0,0.0,0.0,0.0,90
2023-05-11 09:38:15,HO2312-P-3200,HO2312-P-3200,548.8,0.0,0.0,0.0,9,542.6,549.8,12,548.8,546.6,0.0,0.0,0.0,0.0,90
2023-05-11 09:38:15,HO2312-P-3200,HO2312-P-3200,548.8,0.0,0.0,0.0,9,542.6,549.8,1,548.8,546.6,0.0,0.0,0.0,0.0,90
2023-05-11 09:38:26,HO2312-P-3200,HO2312-P-3200,548.8,0.0,0.0,0.0,9,542.6,550.0,19,548.8,546.6,0.0,0.0,0.0,0.0,90
2023-05-11 09:38:28,HO2312-P-3200,HO2312-P-3200,548.8,0.0,0.0,0.0,9,542.6,550.0,13,548.8,546.6,0.0,0.0,0.0,0.0,90
2023-05-11 09:38:29,HO2312-P-3200,HO2312-P-3200,548.8,0.0,0.0,0.0,9,542.6,549.8,1,548.8,546.6,0.0,0.0,0.0,0.0,90
2023-05-11 09:38:39,HO2312-P-3200,HO2312-P-3200,548.8,0.0,0.0,0.0,9,542.6,549.6,1,548.8,546.6,0.0,0.0,0.0,0.0,90
2023-05-11 09:38:39,HO2312-P-3200,HO2312-P-3200,548.8,0.0,0.0,0.0,9,542.6,549.4,1,548.8,546.6,0.0,0.0,0.0,0.0,90
2023-05-11 09:38:57,HO2312-P-3200,HO2312-P-3200,548.8,0.0,0.0,0.0,6,542.6,549.4,1,548.8,546.6,0.0,0.0,0.0,0.0,90
2023-05-11 09:38:58,HO2312-P-3200,HO2312-P-3200,548.8,0.0,0.0,0.0,9,542.6,549.4,1,548.8,546.6,0.0,0.0,0.0,0.0,90
2023-05-11 09:38:59,HO2312-P-3200,HO2312-P-3200,548.8,0.0,0.0,0.0,9,542.6,549.4,2,548.8,546.6,0.0,0.0,0.0,0.0,90
2023-05-11 09:38:59,HO2312-P-3200,HO2312-P-3200,548.8,0.0,0.0,0.0,6,542.6,549.4,2,548.8,546.6,0.0,0.0,0.0,0.0,90
2023-05-11 09:39:00,HO2312-P-3200,HO2312-P-3200,548.8,0.0,0.0,0.0,9,542.6,549.4,2,548.8,546.6,0.0,0.0,0.0,0.0,90
2023-05-11 09:39:00,HO2312-P-3200,HO2312-P-3200,548.8,0.0,0.0,0.0,6,542.6,549.4,2,548.8,546.6,0.0,0.0,0.0,0.0,90
2023-05-11 09:39:01,HO2312-P-3200,HO2312-P-3200,548.8,0.0,0.0,0.0,9,542.6,548.2,1,548.8,546.6,0.0,0.0,0.0,0.0,90
2023-05-11 09:39:10,HO2312-P-3200,HO2312-P-3200,548.8,0.0,0.0,0.0,9,542.6,549.4,2,548.8,546.6,0.0,0.0,0.0,0.0,90
2023-05-11 09:39:11,HO2312-P-3200,HO2312-P-3200,548.8,0.0,0.0,0.0,9,542.6,549.4,1,548.8,546.6,0.0,0.0,0.0,0.0,90
2023-05-11 09:39:12,HO2312-P-3200,HO2312-P-3200,548.8,0.0,0.0,0.0,9,542.6,550.0,12,548.8,546.6,0.0,0.0,0.0,0.0,90
2023-05-11 09:39:12,HO2312-P-3200,HO2312-P-3200,548.8,0.0,0.0,0.0,9,542.6,550.0,6,548.8,546.6,0.0,0.0,0.0,0.0,90
2023-05-11 09:39:18,HO2312-P-3200,HO2312-P-3200,548.8,0.0,0.0,0.0,6,543.2,550.0,6,548.8,546.6,0.0,0.0,0.0,0.0,90
2023-05-11 09:39:18,HO2312-P-3200,HO2312-P-3200,548.8,0.0,0.0,0.0,3,543.4,550.0,6,548.8,546.6,0.0,0.0,0.0,0.0,90
2023-05-11 09:39:19,HO2312-P-3200,HO2312-P-3200,548.8,0.0,0.0,0.0,3,543.4,550.0,7,548.8,546.6,0.0,0.0,0.0,0.0,90
2023-05-11 09:39:27,HO2312-P-3200,HO2312-P-3200,548.8,0.0,0.0,0.0,6,543.2,550.0,7,548.8,546.6,0.0,0.0,0.0,0.0,90
2023-05-11 09:39:27,HO2312-P-3200,HO2312-P-3200,548.8,0.0,0.0,0.0,3,543.4,550.0,7,548.8,546.6,0.0,0.0,0.0,0.0,90
2023-05-11 09:39:35,HO2312-P-3200,HO2312-P-3200,548.8,0.0,0.0,0.0,12,542.6,549.8,1,548.8,546.6,0.0,0.0,0.0,0.0,90
2023-05-11 09:39:36,HO2312-P-3200,HO2312-P-3200,548.8,0.0,0.0,0.0,3,542.8,549.8,1,548.8,546.6,0.0,0.0,0.0,0.0,90
2023-05-11 09:39:45,HO2312-P-3200,HO2312-P-3200,548.8,0.0,0.0,0.0,3,542.8,549.6,1,548.8,546.6,0.0,0.0,0.0,0.0,90
2023-05-11 09:39:56,HO2312-P-3200,HO2312-P-3200,548.8,0.0,0.0,0.0,3,542.8,549.4,1,548.8,546.6,0.0,0.0,0.0,0.0,90
2023-05-11 09:40:04,HO2312-P-3200,HO2312-P-3200,548.8,0.0,0.0,0.0,3,542.8,550.0,7,548.8,546.6,0.0,0.0,0.0,0.0,90
2023-05-11 09:40:10,HO2312-P-3200,HO2312-P-3200,548.8,0.0,0.0,0.0,6,543.0,550.0,1,548.8,546.6,0.0,0.0,0.0,0.0,90
2023-05-11 09:40:11,HO2312-P-3200,HO2312-P-3200,548.8,0.0,0.0,0.0,3,543.2,550.0,1,548.8,546.6,0.0,0.0,0.0,0.0,90
2023-05-11 09:40:16,HO2312-P-3200,HO2312-P-3200,548.8,0.0,0.0,0.0,3,543.2,549.8,1,548.8,546.6,0.0,0.0,0.0,0.0,90
2023-05-11 09:40:18,HO2312-P-3200,HO2312-P-3200,548.8,0.0,0.0,0.0,6,543.0,549.8,1,548.8,546.6,0.0,0.0,0.0,0.0,90
2023-05-11 09:40:18,HO2312-P-3200,HO2312-P-3200,548.8,0.0,0.0,0.0,3,543.0,549.8,7,548.8,546.6,0.0,0.0,0.0,0.0,90
2023-05-11 09:40:25,HO2312-P-3200,HO2312-P-3200,548.8,0.0,0.0,0.0,6,543.2,549.8,1,548.8,546.6,0.0,0.0,0.0,0.0,90
2023-05-11 09:40:26,HO2312-P-3200,HO2312-P-3200,548.8,0.0,0.0,0.0,3,543.4,549.8,1,548.8,546.6,0.0,0.0,0.0,0.0,90
2023-05-11 09:40:31,HO2312-P-3200,HO2312-P-3200,548.8,0.0,0.0,0.0,3,543.4,550.2,18,548.8,546.6,0.0,0.0,0.0,0.0,90
2023-05-11 09:40:31,HO2312-P-3200,HO2312-P-3200,548.8,0.0,0.0,0.0,3,543.4,550.2,12,548.8,546.6,0.0,0.0,0.0,0.0,90
2023-05-11 09:40:32,HO2312-P-3200,HO2312-P-3200,548.8,0.0,0.0,0.0,3,543.4,550.2,6,548.8,546.6,0.0,0.0,0.0,0.0,90
2023-05-11 09:40:42,HO2312-P-3200,HO2312-P-3200,548.8,0.0,0.0,0.0,3,543.4,550.2,7,548.8,546.6,0.0,0.0,0.0,0.0,90
2023-05-11 09:40:52,HO2312-P-3200,HO2312-P-3200,548.8,0.0,0.0,0.0,3,543.4,550.0,1,548.8,546.6,0.0,0.0,0.0,0.0,90
2023-05-11 09:41:05,HO2312-P-3200,HO2312-P-3200,548.8,0.0,0.0,0.0,3,543.4,549.8,1,548.8,546.6,0.0,0.0,0.0,0.0,90
2023-05-11 09:41:07,HO2312-P-3200,HO2312-P-3200,548.8,0.0,0.0,0.0,3,543.4,550.2,6,548.8,546.6,0.0,0.0,0.0,0.0,90
2023-05-11 09:41:21,HO2312-P-3200,HO2312-P-3200,548.8,0.0,0.0,0.0,6,543.6,550.2,6,548.8,546.6,0.0,0.0,0.0,0.0,90
2023-05-11 09:41:22,HO2312-P-3200,HO2312-P-3200,548.8,0.0,0.0,0.0,3,543.8,550.2,6,548.8,546.6,0.0,0.0,0.0,0.0,90
2023-05-11 09:41:27,HO2312-P-3200,HO2312-P-3200,548.8,0.0,0.0,0.0,3,543.8,550.2,7,548.8,546.6,0.0,0.0,0.0,0.0,90
2023-05-11 09:41:28,HO2312-P-3200,HO2312-P-3200,548.8,0.0,0.0,0.0,6,543.6,550.2,7,548.8,546.6,0.0,0.0,0.0,0.0,90
2023-05-11 09:41:29,HO2312-P-3200,HO2312-P-3200,548.8,0.0,0.0,0.0,9,543.6,550.2,7,548.8,546.6,0.0,0.0,0.0,0.0,90
2023-05-11 09:41:31,HO2312-P-3200,HO2312-P-3200,548.8,0.0,0.0,0.0,6,543.6,550.2,7,548.8,546.6,0.0,0.0,0.0,0.0,90
2023-05-11 09:41:31,HO2312-P-3200,HO2312-P-3200,548.8,0.0,0.0,0.0,9,543.6,550.2,7,548.8,546.6,0.0,0.0,0.0,0.0,90
2023-05-11 09:41:35,HO2312-P-3200,HO2312-P-3200,548.8,0.0,0.0,0.0,9,543.6,550.2,6,548.8,546.6,0.0,0.0,0.0,0.0,90
2023-05-11 09:41:48,HO2312-P-3200,HO2312-P-3200,548.8,0.0,0.0,0.0,6,543.6,550.2,6,548.8,546.6,0.0,0.0,0.0,0.0,90
2023-05-11 09:41:49,HO2312-P-3200,HO2312-P-3200,548.8,0.0,0.0,0.0,3,543.8,550.2,6,548.8,546.6,0.0,0.0,0.0,0.0,90
2023-05-11 09:41:50,HO2312-P-3200,HO2312-P-3200,548.8,0.0,0.0,0.0,6,543.6,550.2,6,548.8,546.6,0.0,0.0,0.0,0.0,90
2023-05-11 09:41:50,HO2312-P-3200,HO2312-P-3200,548.8,0.0,0.0,0.0,9,543.6,550.2,6,548.8,546.6,0.0,0.0,0.0,0.0,90
2023-05-11 09:42:07,HO2312-P-3200,HO2312-P-3200,548.8,0.0,0.0,0.0,9,543.6,550.2,7,548.8,546.6,0.0,0.0,0.0,0.0,90
2023-05-11 09:42:08,HO2312-P-3200,HO2312-P-3200,548.8,0.0,0.0,0.0,9,543.6,550.2,6,548.8,546.6,0.0,0.0,0.0,0.0,90
2023-05-11 09:42:10,HO2312-P-3200,HO2312-P-3200,548.8,0.0,0.0,0.0,9,543.6,550.6,12,548.8,546.6,0.0,0.0,0.0,0.0,90
2023-05-11 09:42:10,HO2312-P-3200,HO2312-P-3200,548.8,0.0,0.0,0.0,9,543.6,550.8,13,548.8,546.6,0.0,0.0,0.0,0.0,90
2023-05-11 09:42:11,HO2312-P-3200,HO2312-P-3200,548.8,0.0,0.0,0.0,9,543.6,550.8,7,548.8,546.6,0.0,0.0,0.0,0.0,90
2023-05-11 09:42:11,HO2312-P-3200,HO2312-P-3200,548.8,0.0,0.0,0.0,9,543.6,550.8,1,548.8,546.6,0.0,0.0,0.0,0.0,90
2023-05-11 09:42:12,HO2312-P-3200,HO2312-P-3200,548.8,0.0,0.0,0.0,9,543.6,551.0,12,548.8,546.6,0.0,0.0,0.0,0.0,90
2023-05-11 09:42:13,HO2312-P-3200,HO2312-P-3200,548.8,0.0,0.0,0.0,6,544.4,551.2,18,548.8,546.6,0.0,0.0,0.0,0.0,90
2023-05-11 09:42:13,HO2312-P-3200,HO2312-P-3200,548.8,0.0,0.0,0.0,9,544.6,551.2,6,548.8,546.6,0.0,0.0,0.0,0.0,90
2023-05-11 09:42:14,HO2312-P-3200,HO2312-P-3200,548.8,0.0,0.0,0.0,9,544.6,551.6,12,548.8,546.6,0.0,0.0,0.0,0.0,90
2023-05-11 09:42:14,HO2312-P-3200,HO2312-P-3200,548.8,0.0,0.0,0.0,9,544.6,551.6,7,548.8,546.6,0.0,0.0,0.0,0.0,90
2023-05-11 09:42:15,HO2312-P-3200,HO2312-P-3200,548.8,0.0,0.0,0.0,9,544.6,551.6,1,548.8,546.6,0.0,0.0,0.0,0.0,90
2023-05-11 09:42:15,HO2312-P-3200,HO2312-P-3200,548.8,0.0,0.0,0.0,1,545.2,551.6,1,548.8,546.6,0.0,0.0,0.0,0.0,90
2023-05-11 09:42:16,HO2312-P-3200,HO2312-P-3200,548.8,0.0,0.0,0.0,3,545.4,551.6,1,548.8,546.6,0.0,0.0,0.0,0.0,90
2023-05-11 09:42:18,HO2312-P-3200,HO2312-P-3200,548.8,0.0,0.0,0.0,3,545.4,551.8,18,548.8,546.6,0.0,0.0,0.0,0.0,90
2023-05-11 09:42:20,HO2312-P-3200,HO2312-P-3200,548.8,0.0,0.0,0.0,6,545.6,551.8,18,548.8,546.6,0.0,0.0,0.0,0.0,90
2023-05-11 09:42:20,HO2312-P-3200,HO2312-P-3200,548.8,0.0,0.0,0.0,9,545.6,551.8,18,548.8,546.6,0.0,0.0,0.0,0.0,90
2023-05-11 09:42:21,HO2312-P-3200,HO2312-P-3200,548.8,0.0,0.0,0.0,6,545.6,551.8,18,548.8,546.6,0.0,0.0,0.0,0.0,90
2023-05-11 09:42:22,HO2312-P-3200,HO2312-P-3200,548.8,0.0,0.0,0.0,9,545.6,551.8,18,548.8,546.6,0.0,0.0,0.0,0.0,90
2023-05-11 09:42:23,HO2312-P-3200,HO2312-P-3200,548.8,0.0,0.0,0.0,9,545.6,551.8,12,548.8,546.6,0.0,0.0,0.0,0.0,90
2023-05-11 09:42:23,HO2312-P-3200,HO2312-P-3200,548.8,0.0,0.0,0.0,9,545.6,552.6,36,548.8,546.6,0.0,0.0,0.0,0.0,90
2023-05-11 09:42:24,HO2312-P-3200,HO2312-P-3200,548.8,0.0,0.0,0.0,9,545.6,552.6,24,548.8,546.6,0.0,0.0,0.0,0.0,90
2023-05-11 09:42:32,HO2312-P-3200,HO2312-P-3200,548.8,0.0,0.0,0.0,15,545.6,552.6,18,548.8,546.6,0.0,0.0,0.0,0.0,90
2023-05-11 09:42:33,HO2312-P-3200,HO2312-P-3200,548.8,0.0,0.0,0.0,27,545.6,552.6,18,548.8,546.6,0.0,0.0,0.0,0.0,90
2023-05-11 09:42:48,HO2312-P-3200,HO2312-P-3200,548.8,0.0,0.0,0.0,27,545.6,552.6,12,548.8,546.6,0.0,0.0,0.0,0.0,90
2023-05-11 09:42:49,HO2312-P-3200,HO2312-P-3200,548.8,0.0,0.0,0.0,27,545.6,552.6,6,548.8,546.6,0.0,0.0,0.0,0.0,90
2023-05-11 09:43:00,HO2312-P-3200,HO2312-P-3200,548.8,0.0,0.0,0.0,6,546.6,552.8,12,548.8,546.6,0.0,0.0,0.0,0.0,90
2023-05-11 09:43:00,HO2312-P-3200,HO2312-P-3200,548.8,0.0,0.0,0.0,9,546.8,552.8,6,548.8,546.6,0.0,0.0,0.0,0.0,90
2023-05-11 09:43:01,HO2312-P-3200,HO2312-P-3200,548.8,0.0,0.0,0.0,9,546.8,553.0,18,548.8,546.6,0.0,0.0,0.0,0.0,90
2023-05-11 09:43:01,HO2312-P-3200,HO2312-P-3200,548.8,0.0,0.0,0.0,9,546.8,553.0,12,548.8,546.6,0.0,0.0,0.0,0.0,90
2023-05-11 09:43:02,HO2312-P-3200,HO2312-P-3200,548.8,0.0,0.0,0.0,9,546.8,553.4,30,548.8,546.6,0.0,0.0,0.0,0.0,90
2023-05-11 09:43:02,HO2312-P-3200,HO2312-P-3200,548.8,0.0,0.0,0.0,9,546.8,553.4,18,548.8,546.6,0.0,0.0,0.0,0.0,90
2023-05-11 09:43:04,HO2312-P-3200,HO2312-P-3200,548.8,0.0,0.0,0.0,9,546.8,553.4,12,548.8,546.6,0.0,0.0,0.0,0.0,90
2023-05-11 09:43:04,HO2312-P-3200,HO2312-P-3200,548.8,0.0,0.0,0.0,9,546.8,553.6,19,548.8,546.6,0.0,0.0,0.0,0.0,90
2023-05-11 09:43:05,HO2312-P-3200,HO2312-P-3200,548.8,0.0,0.0,0.0,6,546.8,553.6,19,548.8,546.6,0.0,0.0,0.0,0.0,90
2023-05-11 09:43:06,HO2312-P-3200,HO2312-P-3200,548.8,0.0,0.0,0.0,9,546.8,553.6,19,548.8,546.6,0.0,0.0,0.0,0.0,90
2023-05-11 09:43:07,HO2312-P-3200,HO2312-P-3200,548.8,0.0,0.0,0.0,6,546.8,553.6,19,548.8,546.6,0.0,0.0,0.0,0.0,90
2023-05-11 09:43:07,HO2312-P-3200,HO2312-P-3200,548.8,0.0,0.0,0.0,9,546.8,553.6,18,548.8,546.6,0.0,0.0,0.0,0.0,90
2023-05-11 09:43:08,HO2312-P-3200,HO2312-P-3200,548.8,0.0,0.0,0.0,6,546.8,553.6,18,548.8,546.6,0.0,0.0,0.0,0.0,90
2023-05-11 09:43:08,HO2312-P-3200,HO2312-P-3200,548.8,0.0,0.0,0.0,9,546.8,553.6,18,548.8,546.6,0.0,0.0,0.0,0.0,90
2023-05-11 09:43:09,HO2312-P-3200,HO2312-P-3200,548.8,0.0,0.0,0.0,6,546.8,553.6,18,548.8,546.6,0.0,0.0,0.0,0.0,90
2023-05-11 09:43:12,HO2312-P-3200,HO2312-P-3200,548.8,0.0,0.0,0.0,9,546.8,553.6,18,548.8,546.6,0.0,0.0,0.0,0.0,90
2023-05-11 09:43:12,HO2312-P-3200,HO2312-P-3200,548.8,0.0,0.0,0.0,6,546.8,553.6,18,548.8,546.6,0.0,0.0,0.0,0.0,90
2023-05-11 09:43:13,HO2312-P-3200,HO2312-P-3200,548.8,0.0,0.0,0.0,9,546.8,553.6,18,548.8,546.6,0.0,0.0,0.0,0.0,90
2023-05-11 09:43:17,HO2312-P-3200,HO2312-P-3200,548.8,0.0,0.0,0.0,9,546.8,553.6,19,548.8,546.6,0.0,0.0,0.0,0.0,90
2023-05-11 09:43:18,HO2312-P-3200,HO2312-P-3200,548.8,0.0,0.0,0.0,6,546.8,553.6,19,548.8,546.6,0.0,0.0,0.0,0.0,90
2023-05-11 09:43:19,HO2312-P-3200,HO2312-P-3200,548.8,0.0,0.0,0.0,9,546.8,553.6,19,548.8,546.6,0.0,0.0,0.0,0.0,90
2023-05-11 09:43:19,HO2312-P-3200,HO2312-P-3200,548.8,0.0,0.0,0.0,6,546.8,553.6,19,548.8,546.6,0.0,0.0,0.0,0.0,90
2023-05-11 09:43:23,HO2312-P-3200,HO2312-P-3200,548.8,0.0,0.0,0.0,9,546.8,553.6,19,548.8,546.6,0.0,0.0,0.0,0.0,90
2023-05-11 09:43:24,HO2312-P-3200,HO2312-P-3200,548.8,0.0,0.0,0.0,6,546.8,553.6,19,548.8,546.6,0.0,0.0,0.0,0.0,90
2023-05-11 09:43:25,HO2312-P-3200,HO2312-P-3200,548.8,0.0,0.0,0.0,9,546.8,553.6,19,548.8,546.6,0.0,0.0,0.0,0.0,90
2023-05-11 09:43:37,HO2312-P-3200,HO2312-P-3200,548.8,0.0,0.0,0.0,9,546.8,553.6,18,548.8,546.6,0.0,0.0,0.0,0.0,90
2023-05-11 09:43:54,HO2312-P-3200,HO2312-P-3200,548.8,0.0,0.0,0.0,15,546.8,553.6,18,548.8,546.6,0.0,0.0,0.0,0.0,90
2023-05-11 09:43:55,HO2312-P-3200,HO2312-P-3200,548.8,0.0,0.0,0.0,21,546.8,553.6,18,548.8,546.6,0.0,0.0,0.0,0.0,90
2023-05-11 09:43:55,HO2312-P-3200,HO2312-P-3200,548.8,0.0,0.0,0.0,21,546.8,553.6,12,548.8,546.6,0.0,0.0,0.0,0.0,90
2023-05-11 09:43:56,HO2312-P-3200,HO2312-P-3200,548.8,0.0,0.0,0.0,21,546.8,553.6,6,548.8,546.6,0.0,0.0,0.0,0.0,90
2023-05-11 09:43:57,HO2312-P-3200,HO2312-P-3200,548.8,0.0,0.0,0.0,6,547.0,554.2,19,548.8,546.6,0.0,0.0,0.0,0.0,90
2023-05-11 09:43:57,HO2312-P-3200,HO2312-P-3200,548.8,0.0,0.0,0.0,3,547.2,554.2,19,548.8,546.6,0.0,0.0,0.0,0.0,90
2023-05-11 09:44:24,HO2312-P-3200,HO2312-P-3200,548.8,0.0,0.0,0.0,6,547.0,554.0,1,548.8,546.6,0.0,0.0,0.0,0.0,90
2023-05-11 09:44:25,HO2312-P-3200,HO2312-P-3200,548.8,0.0,0.0,0.0,9,547.0,554.0,1,548.8,546.6,0.0,0.0,0.0,0.0,90
2023-05-11 09:44:28,HO2312-P-3200,HO2312-P-3200,548.8,0.0,0.0,0.0,9,547.0,554.2,18,548.8,546.6,0.0,0.0,0.0,0.0,90
2023-05-11 09:44:32,HO2312-P-3200,HO2312-P-3200,548.8,0.0,0.0,0.0,9,547.0,554.2,12,548.8,546.6,0.0,0.0,0.0,0.0,90
2023-05-11 09:44:32,HO2312-P-3200,HO2312-P-3200,548.8,0.0,0.0,0.0,9,547.0,554.6,31,548.8,546.6,0.0,0.0,0.0,0.0,90
2023-05-11 09:44:33,HO2312-P-3200,HO2312-P-3200,548.8,0.0,0.0,0.0,9,547.0,554.6,19,548.8,546.6,0.0,0.0,0.0,0.0,90
2023-05-11 09:44:38,HO2312-P-3200,HO2312-P-3200,548.8,0.0,0.0,0.0,9,547.0,554.4,1,548.8,546.6,0.0,0.0,0.0,0.0,90
2023-05-11 09:44:39,HO2312-P-3200,HO2312-P-3200,548.8,0.0,0.0,0.0,6,547.0,554.4,1,548.8,546.6,0.0,0.0,0.0,0.0,90
2023-05-11 09:44:40,HO2312-P-3200,HO2312-P-3200,548.8,0.0,0.0,0.0,3,547.2,554.4,1,548.8,546.6,0.0,0.0,0.0,0.0,90
2023-05-11 09:44:41,HO2312-P-3200,HO2312-P-3200,548.8,0.0,0.0,0.0,6,547.0,554.4,1,548.8,546.6,0.0,0.0,0.0,0.0,90
2023-05-11 09:44:41,HO2312-P-3200,HO2312-P-3200,548.8,0.0,0.0,0.0,3,547.2,554.4,1,548.8,546.6,0.0,0.0,0.0,0.0,90
2023-05-11 09:44:47,HO2312-P-3200,HO2312-P-3200,548.8,0.0,0.0,0.0,6,547.0,554.4,1,548.8,546.6,0.0,0.0,0.0,0.0,90
2023-05-11 09:44:48,HO2312-P-3200,HO2312-P-3200,548.8,0.0,0.0,0.0,9,547.0,554.2,1,548.8,546.6,0.0,0.0,0.0,0.0,90
2023-05-11 09:44:55,HO2312-P-3200,HO2312-P-3200,548.8,0.0,0.0,0.0,6,547.0,554.2,1,548.8,546.6,0.0,0.0,0.0,0.0,90
2023-05-11 09:44:55,HO2312-P-3200,HO2312-P-3200,548.8,0.0,0.0,0.0,9,547.0,554.2,1,548.8,546.6,0.0,0.0,0.0,0.0,90
2023-05-11 09:44:56,HO2312-P-3200,HO2312-P-3200,548.8,0.0,0.0,0.0,6,547.0,554.2,1,548.8,546.6,0.0,0.0,0.0,0.0,90
2023-05-11 09:44:57,HO2312-P-3200,HO2312-P-3200,548.8,0.0,0.0,0.0,6,547.0,553.8,6,548.8,546.6,0.0,0.0,0.0,0.0,90
2023-05-11 09:44:58,HO2312-P-3200,HO2312-P-3200,548.8,0.0,0.0,0.0,30,546.6,553.6,6,548.8,546.6,0.0,0.0,0.0,0.0,90
2023-05-11 09:44:58,HO2312-P-3200,HO2312-P-3200,548.8,0.0,0.0,0.0,12,546.6,553.6,6,548.8,546.6,0.0,0.0,0.0,0.0,90
2023-05-11 09:44:59,HO2312-P-3200,HO2312-P-3200,548.8,0.0,0.0,0.0,24,546.2,553.6,6,548.8,546.6,0.0,0.0,0.0,0.0,90
2023-05-11 09:44:59,HO2312-P-3200,HO2312-P-3200,548.8,0.0,0.0,0.0,21,546.2,553.6,6,548.8,546.6,0.0,0.0,0.0,0.0,90
2023-05-11 09:45:00,HO2312-P-3200,HO2312-P-3200,548.8,0.0,0.0,0.0,18,546.2,553.6,6,548.8,546.6,0.0,0.0,0.0,0.0,90
2023-05-11 09:45:00,HO2312-P-3200,HO2312-P-3200,548.8,0.0,0.0,0.0,21,546.2,553.6,6,548.8,546.6,0.0,0.0,0.0,0.0,90
2023-05-11 09:45:02,HO2312-P-3200,HO2312-P-3200,548.8,0.0,0.0,0.0,18,546.2,553.6,6,548.8,546.6,0.0,0.0,0.0,0.0,90
2023-05-11 09:45:03,HO2312-P-3200,HO2312-P-3200,548.8,0.0,0.0,0.0,12,546.2,553.6,7,548.8,546.6,0.0,0.0,0.0,0.0,90
2023-05-11 09:45:03,HO2312-P-3200,HO2312-P-3200,548.8,0.0,0.0,0.0,6,546.2,553.6,7,548.8,546.6,0.0,0.0,0.0,0.0,90
2023-05-11 09:45:04,HO2312-P-3200,HO2312-P-3200,548.8,0.0,0.0,0.0,9,546.2,553.6,7,548.8,546.6,0.0,0.0,0.0,0.0,90
2023-05-11 09:45:06,HO2312-P-3200,HO2312-P-3200,548.8,0.0,0.0,0.0,6,546.2,553.6,7,548.8,546.6,0.0,0.0,0.0,0.0,90
2023-05-11 09:45:09,HO2312-P-3200,HO2312-P-3200,548.8,0.0,0.0,0.0,18,546.0,552.6,6,548.8,546.6,0.0,0.0,0.0,0.0,90
2023-05-11 09:45:10,HO2312-P-3200,HO2312-P-3200,548.8,0.0,0.0,0.0,6,546.0,552.6,6,548.8,546.6,0.0,0.0,0.0,0.0,90
2023-05-11 09:45:10,HO2312-P-3200,HO2312-P-3200,548.8,0.0,0.0,0.0,6,545.2,552.6,6,548.8,546.6,0.0,0.0,0.0,0.0,90
2023-05-11 09:45:11,HO2312-P-3200,HO2312-P-3200,548.8,0.0,0.0,0.0,3,545.4,552.6,6,548.8,546.6,0.0,0.0,0.0,0.0,90
2023-05-11 09:45:11,HO2312-P-3200,HO2312-P-3200,548.8,0.0,0.0,0.0,6,545.2,552.6,6,548.8,546.6,0.0,0.0,0.0,0.0,90
2023-05-11 09:45:12,HO2312-P-3200,HO2312-P-3200,548.8,0.0,0.0,0.0,3,545.4,552.6,6,548.8,546.6,0.0,0.0,0.0,0.0,90
2023-05-11 09:45:15,HO2312-P-3200,HO2312-P-3200,548.8,0.0,0.0,0.0,6,545.2,552.6,6,548.8,546.6,0.0,0.0,0.0,0.0,90
2023-05-11 09:45:16,HO2312-P-3200,HO2312-P-3200,548.8,0.0,0.0,0.0,3,545.4,552.6,6,548.8,546.6,0.0,0.0,0.0,0.0,90
2023-05-11 09:45:23,HO2312-P-3200,HO2312-P-3200,548.8,0.0,0.0,0.0,3,545.4,552.6,7,548.8,546.6,0.0,0.0,0.0,0.0,90
2023-05-11 09:45:28,HO2312-P-3200,HO2312-P-3200,548.8,0.0,0.0,0.0,6,545.6,552.6,1,548.8,546.6,0.0,0.0,0.0,0.0,90
2023-05-11 09:45:28,HO2312-P-3200,HO2312-P-3200,548.8,0.0,0.0,0.0,3,545.8,553.2,18,548.8,546.6,0.0,0.0,0.0,0.0,90
2023-05-11 09:45:29,HO2312-P-3200,HO2312-P-3200,548.8,0.0,0.0,0.0,3,545.8,553.2,19,548.8,546.6,0.0,0.0,0.0,0.0,90
2023-05-11 09:45:39,HO2312-P-3200,HO2312-P-3200,548.8,0.0,0.0,0.0,6,545.6,553.0,1,548.8,546.6,0.0,0.0,0.0,0.0,90
2023-05-11 09:45:39,HO2312-P-3200,HO2312-P-3200,548.8,0.0,0.0,0.0,9,545.6,553.0,1,548.8,546.6,0.0,0.0,0.0,0.0,90
2023-05-11 09:45:49,HO2312-P-3200,HO2312-P-3200,548.8,0.0,0.0,0.0,9,545.6,552.8,1,548.8,546.6,0.0,0.0,0.0,0.0,90
2023-05-11 09:45:51,HO2312-P-3200,HO2312-P-3200,548.8,0.0,0.0,0.0,6,545.6,552.4,6,548.8,546.6,0.0,0.0,0.0,0.0,90
2023-05-11 09:45:52,HO2312-P-3200,HO2312-P-3200,548.8,0.0,0.0,0.0,18,545.0,552.4,6,548.8,546.6,0.0,0.0,0.0,0.0,90
2023-05-11 09:45:53,HO2312-P-3200,HO2312-P-3200,548.8,0.0,0.0,0.0,6,545.0,552.2,6,548.8,546.6,0.0,0.0,0.0,0.0,90
2023-05-11 09:45:53,HO2312-P-3200,HO2312-P-3200,548.8,0.0,0.0,0.0,6,544.8,552.2,6,548.8,546.6,0.0,0.0,0.0,0.0,90
2023-05-11 09:45:54,HO2312-P-3200,HO2312-P-3200,548.8,0.0,0.0,0.0,9,544.8,552.2,6,548.8,546.6,0.0,0.0,0.0,0.0,90
2023-05-11 09:45:55,HO2312-P-3200,HO2312-P-3200,548.8,0.0,0.0,0.0,6,544.8,552.2,6,548.8,546.6,0.0,0.0,0.0,0.0,90
2023-05-11 09:45:55,HO2312-P-3200,HO2312-P-3200,548.8,0.0,0.0,0.0,9,544.8,552.2,6,548.8,546.6,0.0,0.0,0.0,0.0,90
2023-05-11 09:45:56,HO2312-P-3200,HO2312-P-3200,548.8,0.0,0.0,0.0,6,544.8,552.2,6,548.8,546.6,0.0,0.0,0.0,0.0,90
2023-05-11 09:45:57,HO2312-P-3200,HO2312-P-3200,548.8,0.0,0.0,0.0,9,544.8,552.2,6,548.8,546.6,0.0,0.0,0.0,0.0,90
2023-05-11 09:45:58,HO2312-P-3200,HO2312-P-3200,548.8,0.0,0.0,0.0,6,544.8,552.2,6,548.8,546.6,0.0,0.0,0.0,0.0,90
2023-05-11 09:45:59,HO2312-P-3200,HO2312-P-3200,548.8,0.0,0.0,0.0,6,544.8,552.2,7,548.8,546.6,0.0,0.0,0.0,0.0,90
2023-05-11 09:45:59,HO2312-P-3200,HO2312-P-3200,548.8,0.0,0.0,0.0,9,544.8,552.2,7,548.8,546.6,0.0,0.0,0.0,0.0,90
2023-05-11 09:46:03,HO2312-P-3200,HO2312-P-3200,548.8,0.0,0.0,0.0,9,544.8,552.2,6,548.8,546.6,0.0,0.0,0.0,0.0,90
2023-05-11 09:46:04,HO2312-P-3200,HO2312-P-3200,548.8,0.0,0.0,0.0,6,545.0,552.4,12,548.8,546.6,0.0,0.0,0.0,0.0,90
2023-05-11 09:46:04,HO2312-P-3200,HO2312-P-3200,548.8,0.0,0.0,0.0,3,545.2,552.4,6,548.8,546.6,0.0,0.0,0.0,0.0,90
2023-05-11 09:46:06,HO2312-P-3200,HO2312-P-3200,548.8,0.0,0.0,0.0,6,545.4,552.4,6,548.8,546.6,0.0,0.0,0.0,0.0,90
2023-05-11 09:46:06,HO2312-P-3200,HO2312-P-3200,548.8,0.0,0.0,0.0,3,545.6,552.4,6,548.8,546.6,0.0,0.0,0.0,0.0,90
2023-05-11 09:46:08,HO2312-P-3200,HO2312-P-3200,548.8,0.0,0.0,0.0,3,545.6,552.6,19,548.8,546.6,0.0,0.0,0.0,0.0,90
2023-05-11 09:46:09,HO2312-P-3200,HO2312-P-3200,548.8,0.0,0.0,0.0,3,545.6,552.6,13,548.8,546.6,0.0,0.0,0.0,0.0,90
2023-05-11 09:46:10,HO2312-P-3200,HO2312-P-3200,548.8,0.0,0.0,0.0,3,545.6,552.6,7,548.8,546.6,0.0,0.0,0.0,0.0,90
2023-05-11 09:46:10,HO2312-P-3200,HO2312-P-3200,548.8,0.0,0.0,0.0,3,545.6,552.6,1,548.8,546.6,0.0,0.0,0.0,0.0,90
2023-05-11 09:46:13,HO2312-P-3200,HO2312-P-3200,548.8,0.0,0.0,0.0,12,545.4,552.6,7,548.8,546.6,0.0,0.0,0.0,0.0,90
2023-05-11 09:46:13,HO2312-P-3200,HO2312-P-3200,548.8,0.0,0.0,0.0,6,545.4,552.6,7,548.8,546.6,0.0,0.0,0.0,0.0,90
2023-05-11 09:46:14,HO2312-P-3200,HO2312-P-3200,548.8,0.0,0.0,0.0,3,545.6,552.6,7,548.8,546.6,0.0,0.0,0.0,0.0,90
2023-05-11 09:46:14,HO2312-P-3200,HO2312-P-3200,548.8,0.0,0.0,0.0,6,544.8,552.6,7,548.8,546.6,0.0,0.0,0.0,0.0,90
2023-05-11 09:46:15,HO2312-P-3200,HO2312-P-3200,548.8,0.0,0.0,0.0,6,544.8,552.4,1,548.8,546.6,0.0,0.0,0.0,0.0,90
2023-05-11 09:46:15,HO2312-P-3200,HO2312-P-3200,548.8,0.0,0.0,0.0,3,545.0,552.4,1,548.8,546.6,0.0,0.0,0.0,0.0,90
2023-05-11 09:46:18,HO2312-P-3200,HO2312-P-3200,548.8,0.0,0.0,0.0,6,544.8,552.4,1,548.8,546.6,0.0,0.0,0.0,0.0,90
2023-05-11 09:46:19,HO2312-P-3200,HO2312-P-3200,548.8,0.0,0.0,0.0,9,544.8,552.4,1,548.8,546.6,0.0,0.0,0.0,0.0,90
2023-05-11 09:46:22,HO2312-P-3200,HO2312-P-3200,548.8,0.0,0.0,0.0,6,544.8,552.4,1,548.8,546.6,0.0,0.0,0.0,0.0,90
2023-05-11 09:46:22,HO2312-P-3200,HO2312-P-3200,548.8,0.0,0.0,0.0,9,544.8,552.4,1,548.8,546.6,0.0,0.0,0.0,0.0,90
2023-05-11 09:46:25,HO2312-P-3200,HO2312-P-3200,548.8,0.0,0.0,0.0,6,544.8,552.2,1,548.8,546.6,0.0,0.0,0.0,0.0,90
2023-05-11 09:46:29,HO2312-P-3200,HO2312-P-3200,548.8,0.0,0.0,0.0,9,544.8,552.2,1,548.8,546.6,0.0,0.0,0.0,0.0,90
2023-05-11 09:46:29,HO2312-P-3200,HO2312-P-3200,548.8,0.0,0.0,0.0,6,544.8,552.2,1,548.8,546.6,0.0,0.0,0.0,0.0,90
2023-05-11 09:46:30,HO2312-P-3200,HO2312-P-3200,548.8,0.0,0.0,0.0,9,544.8,552.2,1,548.8,546.6,0.0,0.0,0.0,0.0,90
2023-05-11 09:46:33,HO2312-P-3200,HO2312-P-3200,548.8,0.0,0.0,0.0,6,544.8,552.2,1,548.8,546.6,0.0,0.0,0.0,0.0,90
2023-05-11 09:46:34,HO2312-P-3200,HO2312-P-3200,548.8,0.0,0.0,0.0,9,544.8,552.2,1,548.8,546.6,0.0,0.0,0.0,0.0,90
2023-05-11 09:46:35,HO2312-P-3200,HO2312-P-3200,548.8,0.0,0.0,0.0,6,544.8,552.0,1,548.8,546.6,0.0,0.0,0.0,0.0,90
2023-05-11 09:46:35,HO2312-P-3200,HO2312-P-3200,548.8,0.0,0.0,0.0,9,544.8,552.0,1,548.8,546.6,0.0,0.0,0.0,0.0,90
2023-05-11 09:46:37,HO2312-P-3200,HO2312-P-3200,548.8,0.0,0.0,0.0,6,544.8,552.0,1,548.8,546.6,0.0,0.0,0.0,0.0,90
2023-05-11 09:46:39,HO2312-P-3200,HO2312-P-3200,548.8,0.0,0.0,0.0,6,544.8,551.4,6,548.8,546.6,0.0,0.0,0.0,0.0,90
2023-05-11 09:46:41,HO2312-P-3200,HO2312-P-3200,548.8,0.0,0.0,0.0,9,544.8,551.4,6,548.8,546.6,0.0,0.0,0.0,0.0,90
2023-05-11 09:46:47,HO2312-P-3200,HO2312-P-3200,548.8,0.0,0.0,0.0,6,544.8,551.4,6,548.8,546.6,0.0,0.0,0.0,0.0,90
2023-05-11 09:46:49,HO2312-P-3200,HO2312-P-3200,548.8,0.0,0.0,0.0,9,544.8,551.4,6,548.8,546.6,0.0,0.0,0.0,0.0,90
2023-05-11 09:46:51,HO2312-P-3200,HO2312-P-3200,548.8,0.0,0.0,0.0,9,544.8,552.8,42,548.8,546.6,0.0,0.0,0.0,0.0,90
2023-05-11 09:46:52,HO2312-P-3200,HO2312-P-3200,548.8,0.0,0.0,0.0,9,544.8,552.8,24,548.8,546.6,0.0,0.0,0.0,0.0,90
2023-05-11 09:46:53,HO2312-P-3200,HO2312-P-3200,548.8,0.0,0.0,0.0,9,544.8,552.8,25,548.8,546.6,0.0,0.0,0.0,0.0,90
2023-05-11 09:47:03,HO2312-P-3200,HO2312-P-3200,548.8,0.0,0.0,0.0,9,544.8,552.6,1,548.8,546.6,0.0,0.0,0.0,0.0,90
2023-05-11 09:47:13,HO2312-P-3200,HO2312-P-3200,548.8,0.0,0.0,0.0,9,544.8,552.4,1,548.8,546.6,0.0,0.0,0.0,0.0,90
2023-05-11 09:47:23,HO2312-P-3200,HO2312-P-3200,548.8,0.0,0.0,0.0,9,544.8,552.2,1,548.8,546.6,0.0,0.0,0.0,0.0,90
2023-05-11 09:47:33,HO2312-P-3200,HO2312-P-3200,548.8,0.0,0.0,0.0,9,544.8,552.0,1,548.8,546.6,0.0,0.0,0.0,0.0,90
2023-05-11 09:47:41,HO2312-P-3200,HO2312-P-3200,548.8,0.0,0.0,0.0,6,544.8,551.6,6,548.8,546.6,0.0,0.0,0.0,0.0,90
2023-05-11 09:47:43,HO2312-P-3200,HO2312-P-3200,548.8,0.0,0.0,0.0,6,544.4,551.6,6,548.8,546.6,0.0,0.0,0.0,0.0,90
2023-05-11 09:47:44,HO2312-P-3200,HO2312-P-3200,548.8,0.0,0.0,0.0,9,544.4,551.6,6,548.8,546.6,0.0,0.0,0.0,0.0,90
2023-05-11 09:47:48,HO2312-P-3200,HO2312-P-3200,548.8,0.0,0.0,0.0,9,544.4,551.6,7,548.8,546.6,0.0,0.0,0.0,0.0,90
2023-05-11 09:47:58,HO2312-P-3200,HO2312-P-3200,548.8,0.0,0.0,0.0,9,544.4,551.4,1,548.8,546.6,0.0,0.0,0.0,0.0,90
2023-05-11 09:48:02,HO2312-P-3200,HO2312-P-3200,548.8,0.0,0.0,0.0,15,544.4,551.4,1,548.8,546.6,0.0,0.0,0.0,0.0,90
2023-05-11 09:48:03,HO2312-P-3200,HO2312-P-3200,548.8,0.0,0.0,0.0,21,544.4,551.4,1,548.8,546.6,0.0,0.0,0.0,0.0,90
2023-05-11 09:48:12,HO2312-P-3200,HO2312-P-3200,548.8,0.0,0.0,0.0,21,544.4,551.2,1,548.8,546.6,0.0,0.0,0.0,0.0,90
2023-05-11 09:48:18,HO2312-P-3200,HO2312-P-3200,548.8,0.0,0.0,0.0,21,544.4,551.8,1,548.8,546.6,0.0,0.0,0.0,0.0,90
2023-05-11 09:48:27,HO2312-P-3200,HO2312-P-3200,548.8,0.0,0.0,0.0,21,544.4,552.0,6,548.8,546.6,0.0,0.0,0.0,0.0,90
2023-05-11 09:49:03,HO2312-P-3200,HO2312-P-3200,548.8,0.0,0.0,0.0,6,544.6,552.2,12,548.8,546.6,0.0,0.0,0.0,0.0,90
2023-05-11 09:49:04,HO2312-P-3200,HO2312-P-3200,548.8,0.0,0.0,0.0,3,544.8,552.4,12,548.8,546.6,0.0,0.0,0.0,0.0,90
2023-05-11 09:49:04,HO2312-P-3200,HO2312-P-3200,548.8,0.0,0.0,0.0,6,545.0,552.6,12,548.8,546.6,0.0,0.0,0.0,0.0,90
2023-05-11 09:49:05,HO2312-P-3200,HO2312-P-3200,548.8,0.0,0.0,0.0,6,545.6,552.8,18,548.8,546.6,0.0,0.0,0.0,0.0,90
2023-05-11 09:49:05,HO2312-P-3200,HO2312-P-3200,548.8,0.0,0.0,0.0,3,545.8,552.8,18,548.8,546.6,0.0,0.0,0.0,0.0,90
2023-05-11 09:49:06,HO2312-P-3200,HO2312-P-3200,548.8,0.0,0.0,0.0,9,545.8,552.8,12,548.8,546.6,0.0,0.0,0.0,0.0,90
2023-05-11 09:49:06,HO2312-P-3200,HO2312-P-3200,548.8,0.0,0.0,0.0,9,545.8,552.8,6,548.8,546.6,0.0,0.0,0.0,0.0,90
2023-05-11 09:50:12,HO2312-P-3200,HO2312-P-3200,548.8,0.0,0.0,0.0,3,545.8,552.8,12,548.8,546.6,0.0,0.0,0.0,0.0,90
2023-05-11 09:50:12,HO2312-P-3200,HO2312-P-3200,548.8,0.0,0.0,0.0,12,545.6,552.8,12,548.8,546.6,0.0,0.0,0.0,0.0,90
2023-05-11 09:50:13,HO2312-P-3200,HO2312-P-3200,548.8,0.0,0.0,0.0,9,545.6,552.8,18,548.8,546.6,0.0,0.0,0.0,0.0,90
2023-05-11 09:50:15,HO2312-P-3200,HO2312-P-3200,548.8,0.0,0.0,0.0,6,545.6,552.8,18,548.8,546.6,0.0,0.0,0.0,0.0,90
2023-05-11 09:50:16,HO2312-P-3200,HO2312-P-3200,548.8,0.0,0.0,0.0,9,545.6,552.8,18,548.8,546.6,0.0,0.0,0.0,0.0,90
2023-05-11 09:50:17,HO2312-P-3200,HO2312-P-3200,548.8,0.0,0.0,0.0,6,545.6,552.8,18,548.8,546.6,0.0,0.0,0.0,0.0,90
2023-05-11 09:50:21,HO2312-P-3200,HO2312-P-3200,548.8,0.0,0.0,0.0,9,545.6,552.8,18,548.8,546.6,0.0,0.0,0.0,0.0,90
2023-05-11 09:50:22,HO2312-P-3200,HO2312-P-3200,548.8,0.0,0.0,0.0,6,545.6,552.8,18,548.8,546.6,0.0,0.0,0.0,0.0,90
2023-05-11 09:50:24,HO2312-P-3200,HO2312-P-3200,548.8,0.0,0.0,0.0,9,545.6,552.8,18,548.8,546.6,0.0,0.0,0.0,0.0,90
2023-05-11 09:50:24,HO2312-P-3200,HO2312-P-3200,548.8,0.0,0.0,0.0,6,545.6,552.8,18,548.8,546.6,0.0,0.0,0.0,0.0,90
2023-05-11 09:50:26,HO2312-P-3200,HO2312-P-3200,548.8,0.0,0.0,0.0,3,545.8,552.8,18,548.8,546.6,0.0,0.0,0.0,0.0,90
2023-05-11 09:50:27,HO2312-P-3200,HO2312-P-3200,548.8,0.0,0.0,0.0,6,546.0,552.8,12,548.8,546.6,0.0,0.0,0.0,0.0,90
2023-05-11 09:50:27,HO2312-P-3200,HO2312-P-3200,548.8,0.0,0.0,0.0,3,546.2,552.8,12,548.8,546.6,0.0,0.0,0.0,0.0,90
2023-05-11 09:50:28,HO2312-P-3200,HO2312-P-3200,548.8,0.0,0.0,0.0,6,546.0,552.8,12,548.8,546.6,0.0,0.0,0.0,0.0,90
2023-05-11 09:50:28,HO2312-P-3200,HO2312-P-3200,548.8,0.0,0.0,0.0,3,546.0,552.8,12,548.8,546.6,0.0,0.0,0.0,0.0,90
2023-05-11 09:50:29,HO2312-P-3200,HO2312-P-3200,548.8,0.0,0.0,0.0,6,545.6,552.8,12,548.8,546.6,0.0,0.0,0.0,0.0,90
2023-05-11 09:50:30,HO2312-P-3200,HO2312-P-3200,548.8,0.0,0.0,0.0,3,545.8,552.8,12,548.8,546.6,0.0,0.0,0.0,0.0,90
2023-05-11 09:50:30,HO2312-P-3200,HO2312-P-3200,548.8,0.0,0.0,0.0,6,545.6,552.8,12,548.8,546.6,0.0,0.0,0.0,0.0,90
2023-05-11 09:50:31,HO2312-P-3200,HO2312-P-3200,548.8,0.0,0.0,0.0,9,545.6,552.8,12,548.8,546.6,0.0,0.0,0.0,0.0,90
2023-05-11 09:50:31,HO2312-P-3200,HO2312-P-3200,548.8,0.0,0.0,0.0,6,545.6,552.8,12,548.8,546.6,0.0,0.0,0.0,0.0,90
2023-05-11 09:50:32,HO2312-P-3200,HO2312-P-3200,548.8,0.0,0.0,0.0,12,545.4,552.6,6,548.8,546.6,0.0,0.0,0.0,0.0,90
2023-05-11 09:50:32,HO2312-P-3200,HO2312-P-3200,548.8,0.0,0.0,0.0,12,545.2,552.6,12,548.8,546.6,0.0,0.0,0.0,0.0,90
2023-05-11 09:50:33,HO2312-P-3200,HO2312-P-3200,548.8,0.0,0.0,0.0,3,545.4,552.6,18,548.8,546.6,0.0,0.0,0.0,0.0,90
2023-05-11 09:50:33,HO2312-P-3200,HO2312-P-3200,548.8,0.0,0.0,0.0,6,545.2,552.6,18,548.8,546.6,0.0,0.0,0.0,0.0,90
2023-05-11 09:50:34,HO2312-P-3200,HO2312-P-3200,548.8,0.0,0.0,0.0,6,545.2,552.6,24,548.8,546.6,0.0,0.0,0.0,0.0,90
2023-05-11 09:50:34,HO2312-P-3200,HO2312-P-3200,548.8,0.0,0.0,0.0,3,545.4,552.6,24,548.8,546.6,0.0,0.0,0.0,0.0,90
2023-05-11 09:50:35,HO2312-P-3200,HO2312-P-3200,548.8,0.0,0.0,0.0,6,545.2,552.6,24,548.8,546.6,0.0,0.0,0.0,0.0,90
2023-05-11 09:50:35,HO2312-P-3200,HO2312-P-3200,548.8,0.0,0.0,0.0,9,545.2,552.6,24,548.8,546.6,0.0,0.0,0.0,0.0,90
2023-05-11 09:50:36,HO2312-P-3200,HO2312-P-3200,548.8,0.0,0.0,0.0,6,545.2,552.6,24,548.8,546.6,0.0,0.0,0.0,0.0,90
2023-05-11 09:50:43,HO2312-P-3200,HO2312-P-3200,548.8,0.0,0.0,0.0,9,545.2,552.6,24,548.8,546.6,0.0,0.0,0.0,0.0,90
2023-05-11 09:50:45,HO2312-P-3200,HO2312-P-3200,548.8,0.0,0.0,0.0,6,545.2,552.6,24,548.8,546.6,0.0,0.0,0.0,0.0,90
2023-05-11 09:50:49,HO2312-P-3200,HO2312-P-3200,548.8,0.0,0.0,0.0,3,545.4,552.6,24,548.8,546.6,0.0,0.0,0.0,0.0,90
2023-05-11 09:50:49,HO2312-P-3200,HO2312-P-3200,548.8,0.0,0.0,0.0,3,545.4,552.6,25,548.8,546.6,0.0,0.0,0.0,0.0,90
2023-05-11 09:50:50,HO2312-P-3200,HO2312-P-3200,548.8,0.0,0.0,0.0,6,545.2,552.6,25,548.8,546.6,0.0,0.0,0.0,0.0,90
2023-05-11 09:50:51,HO2312-P-3200,HO2312-P-3200,548.8,0.0,0.0,0.0,9,545.2,552.6,25,548.8,546.6,0.0,0.0,0.0,0.0,90
2023-05-11 09:50:52,HO2312-P-3200,HO2312-P-3200,548.8,0.0,0.0,0.0,6,545.2,552.6,25,548.8,546.6,0.0,0.0,0.0,0.0,90
2023-05-11 09:50:53,HO2312-P-3200,HO2312-P-3200,548.8,0.0,0.0,0.0,9,545.2,552.6,25,548.8,546.6,0.0,0.0,0.0,0.0,90
2023-05-11 09:50:53,HO2312-P-3200,HO2312-P-3200,548.8,0.0,0.0,0.0,6,545.2,552.6,25,548.8,546.6,0.0,0.0,0.0,0.0,90
2023-05-11 09:50:54,HO2312-P-3200,HO2312-P-3200,548.8,0.0,0.0,0.0,9,545.2,552.6,25,548.8,546.6,0.0,0.0,0.0,0.0,90
2023-05-11 09:50:55,HO2312-P-3200,HO2312-P-3200,548.8,0.0,0.0,0.0,6,545.2,552.6,25,548.8,546.6,0.0,0.0,0.0,0.0,90
2023-05-11 09:50:55,HO2312-P-3200,HO2312-P-3200,548.8,0.0,0.0,0.0,9,545.2,552.6,25,548.8,546.6,0.0,0.0,0.0,0.0,90
2023-05-11 09:50:58,HO2312-P-3200,HO2312-P-3200,548.8,0.0,0.0,0.0,6,545.2,552.6,25,548.8,546.6,0.0,0.0,0.0,0.0,90
2023-05-11 09:50:58,HO2312-P-3200,HO2312-P-3200,548.8,0.0,0.0,0.0,3,545.4,552.6,25,548.8,546.6,0.0,0.0,0.0,0.0,90
2023-05-11 09:50:59,HO2312-P-3200,HO2312-P-3200,548.8,0.0,0.0,0.0,6,545.2,552.6,25,548.8,546.6,0.0,0.0,0.0,0.0,90
2023-05-11 09:50:59,HO2312-P-3200,HO2312-P-3200,548.8,0.0,0.0,0.0,9,545.2,552.4,1,548.8,546.6,0.0,0.0,0.0,0.0,90
2023-05-11 09:51:00,HO2312-P-3200,HO2312-P-3200,548.8,0.0,0.0,0.0,6,545.2,552.4,1,548.8,546.6,0.0,0.0,0.0,0.0,90
2023-05-11 09:51:02,HO2312-P-3200,HO2312-P-3200,548.8,0.0,0.0,0.0,9,545.2,552.4,1,548.8,546.6,0.0,0.0,0.0,0.0,90
2023-05-11 09:51:09,HO2312-P-3200,HO2312-P-3200,548.8,0.0,0.0,0.0,9,545.2,552.2,1,548.8,546.6,0.0,0.0,0.0,0.0,90
2023-05-11 09:51:15,HO2312-P-3200,HO2312-P-3200,548.8,0.0,0.0,0.0,6,545.2,552.2,1,548.8,546.6,0.0,0.0,0.0,0.0,90
2023-05-11 09:51:15,HO2312-P-3200,HO2312-P-3200,548.8,0.0,0.0,0.0,9,545.2,552.2,1,548.8,546.6,0.0,0.0,0.0,0.0,90
2023-05-11 09:51:20,HO2312-P-3200,HO2312-P-3200,548.8,0.0,0.0,0.0,9,545.2,552.6,18,548.8,546.6,0.0,0.0,0.0,0.0,90
2023-05-11 09:51:25,HO2312-P-3200,HO2312-P-3200,548.8,0.0,0.0,0.0,9,545.2,552.6,19,548.8,546.6,0.0,0.0,0.0,0.0,90
2023-05-11 09:51:35,HO2312-P-3200,HO2312-P-3200,548.8,0.0,0.0,0.0,9,545.2,552.4,1,548.8,546.6,0.0,0.0,0.0,0.0,90
2023-05-11 09:51:45,HO2312-P-3200,HO2312-P-3200,548.8,0.0,0.0,0.0,9,545.2,552.2,1,548.8,546.6,0.0,0.0,0.0,0.0,90
2023-05-11 09:51:55,HO2312-P-3200,HO2312-P-3200,548.8,0.0,0.0,0.0,9,545.2,552.0,1,548.8,546.6,0.0,0.0,0.0,0.0,90
2023-05-11 09:52:05,HO2312-P-3200,HO2312-P-3200,548.8,0.0,0.0,0.0,9,545.2,551.8,1,548.8,546.6,0.0,0.0,0.0,0.0,90
2023-05-11 09:52:17,HO2312-P-3200,HO2312-P-3200,548.8,0.0,0.0,0.0,9,545.2,551.6,1,548.8,546.6,0.0,0.0,0.0,0.0,90
2023-05-11 09:52:20,HO2312-P-3200,HO2312-P-3200,548.8,0.0,0.0,0.0,9,545.2,552.4,1,548.8,546.6,0.0,0.0,0.0,0.0,90
2023-05-11 09:52:30,HO2312-P-3200,HO2312-P-3200,548.8,0.0,0.0,0.0,9,545.2,552.2,1,548.8,546.6,0.0,0.0,0.0,0.0,90
2023-05-11 09:52:38,HO2312-P-3200,HO2312-P-3200,548.8,0.0,0.0,0.0,6,545.2,552.2,1,548.8,546.6,0.0,0.0,0.0,0.0,90
2023-05-11 09:52:39,HO2312-P-3200,HO2312-P-3200,548.8,0.0,0.0,0.0,6,544.8,552.2,7,548.8,546.6,0.0,0.0,0.0,0.0,90
2023-05-11 09:52:39,HO2312-P-3200,HO2312-P-3200,548.8,0.0,0.0,0.0,9,544.8,552.2,7,548.8,546.6,0.0,0.0,0.0,0.0,90
2023-05-11 09:52:40,HO2312-P-3200,HO2312-P-3200,548.8,0.0,0.0,0.0,9,544.8,552.0,1,548.8,546.6,0.0,0.0,0.0,0.0,90
2023-05-11 09:52:49,HO2312-P-3200,HO2312-P-3200,548.8,0.0,0.0,0.0,6,544.8,552.0,1,548.8,546.6,0.0,0.0,0.0,0.0,90
2023-05-11 09:52:50,HO2312-P-3200,HO2312-P-3200,548.8,0.0,0.0,0.0,6,544.8,551.8,7,548.8,546.6,0.0,0.0,0.0,0.0,90
2023-05-11 09:52:51,HO2312-P-3200,HO2312-P-3200,548.8,0.0,0.0,0.0,6,544.6,551.6,6,548.8,546.6,0.0,0.0,0.0,0.0,90
2023-05-11 09:52:51,HO2312-P-3200,HO2312-P-3200,548.8,0.0,0.0,0.0,9,544.6,551.6,6,548.8,546.6,0.0,0.0,0.0,0.0,90
2023-05-11 09:53:00,HO2312-P-3200,HO2312-P-3200,548.8,0.0,0.0,0.0,9,544.6,551.6,7,548.8,546.6,0.0,0.0,0.0,0.0,90
2023-05-11 09:53:10,HO2312-P-3200,HO2312-P-3200,548.8,0.0,0.0,0.0,9,544.6,551.4,1,548.8,546.6,0.0,0.0,0.0,0.0,90
2023-05-11 09:53:20,HO2312-P-3200,HO2312-P-3200,548.8,0.0,0.0,0.0,9,544.6,551.2,1,548.8,546.6,0.0,0.0,0.0,0.0,90
2023-05-11 09:53:30,HO2312-P-3200,HO2312-P-3200,548.8,0.0,0.0,0.0,9,544.6,551.0,1,548.8,546.6,0.0,0.0,0.0,0.0,90
2023-05-11 09:53:40,HO2312-P-3200,HO2312-P-3200,548.8,0.0,0.0,0.0,9,544.6,550.8,1,548.8,546.6,0.0,0.0,0.0,0.0,90
2023-05-11 09:53:45,HO2312-P-3200,HO2312-P-3200,548.8,0.0,0.0,0.0,6,544.4,550.6,6,548.8,546.6,0.0,0.0,0.0,0.0,90
2023-05-11 09:53:45,HO2312-P-3200,HO2312-P-3200,548.8,0.0,0.0,0.0,3,544.6,550.6,6,548.8,546.6,0.0,0.0,0.0,0.0,90
2023-05-11 09:53:55,HO2312-P-3200,HO2312-P-3200,548.8,0.0,0.0,0.0,3,544.6,550.6,7,548.8,546.6,0.0,0.0,0.0,0.0,90
2023-05-11 09:54:01,HO2312-P-3200,HO2312-P-3200,548.8,0.0,0.0,0.0,6,544.4,550.6,7,548.8,546.6,0.0,0.0,0.0,0.0,90
2023-05-11 09:54:02,HO2312-P-3200,HO2312-P-3200,548.8,0.0,0.0,0.0,3,544.6,550.6,7,548.8,546.6,0.0,0.0,0.0,0.0,90
2023-05-11 09:54:05,HO2312-P-3200,HO2312-P-3200,548.8,0.0,0.0,0.0,3,544.6,550.4,1,548.8,546.6,0.0,0.0,0.0,0.0,90
2023-05-11 09:54:07,HO2312-P-3200,HO2312-P-3200,548.8,0.0,0.0,0.0,6,544.8,551.8,42,548.8,546.6,0.0,0.0,0.0,0.0,90
2023-05-11 09:54:07,HO2312-P-3200,HO2312-P-3200,548.8,0.0,0.0,0.0,3,545.0,551.8,30,548.8,546.6,0.0,0.0,0.0,0.0,90
2023-05-11 09:54:09,HO2312-P-3200,HO2312-P-3200,548.8,0.0,0.0,0.0,3,545.0,551.8,31,548.8,546.6,0.0,0.0,0.0,0.0,90
2023-05-11 09:54:09,HO2312-P-3200,HO2312-P-3200,548.8,0.0,0.0,0.0,6,544.8,551.8,31,548.8,546.6,0.0,0.0,0.0,0.0,90
2023-05-11 09:54:10,HO2312-P-3200,HO2312-P-3200,548.8,0.0,0.0,0.0,9,544.8,551.8,31,548.8,546.6,0.0,0.0,0.0,0.0,90
2023-05-11 09:54:10,HO2312-P-3200,HO2312-P-3200,548.8,0.0,0.0,0.0,9,544.8,551.8,25,548.8,546.6,0.0,0.0,0.0,0.0,90
2023-05-11 09:54:14,HO2312-P-3200,HO2312-P-3200,548.8,0.0,0.0,0.0,6,544.8,551.8,25,548.8,546.6,0.0,0.0,0.0,0.0,90
2023-05-11 09:54:14,HO2312-P-3200,HO2312-P-3200,548.8,0.0,0.0,0.0,6,544.4,551.6,6,548.8,546.6,0.0,0.0,0.0,0.0,90
2023-05-11 09:54:15,HO2312-P-3200,HO2312-P-3200,548.8,0.0,0.0,0.0,3,544.6,551.6,7,548.8,546.6,0.0,0.0,0.0,0.0,90
2023-05-11 09:54:19,HO2312-P-3200,HO2312-P-3200,548.8,0.0,0.0,0.0,6,544.4,551.6,7,548.8,546.6,0.0,0.0,0.0,0.0,90
2023-05-11 09:54:25,HO2312-P-3200,HO2312-P-3200,548.8,0.0,0.0,0.0,6,544.4,551.4,1,548.8,546.6,0.0,0.0,0.0,0.0,90
2023-05-11 09:54:25,HO2312-P-3200,HO2312-P-3200,548.8,0.0,0.0,0.0,6,544.4,551.2,6,548.8,546.6,0.0,0.0,0.0,0.0,90
2023-05-11 09:54:34,HO2312-P-3200,HO2312-P-3200,548.8,0.0,0.0,0.0,9,544.4,551.2,6,548.8,546.6,0.0,0.0,0.0,0.0,90
2023-05-11 09:54:35,HO2312-P-3200,HO2312-P-3200,548.8,0.0,0.0,0.0,9,544.4,551.2,7,548.8,546.6,0.0,0.0,0.0,0.0,90
2023-05-11 09:54:36,HO2312-P-3200,HO2312-P-3200,548.8,0.0,0.0,0.0,6,544.4,551.2,7,548.8,546.6,0.0,0.0,0.0,0.0,90
2023-05-11 09:54:45,HO2312-P-3200,HO2312-P-3200,548.8,0.0,0.0,0.0,6,544.4,551.0,1,548.8,546.6,0.0,0.0,0.0,0.0,90
2023-05-11 09:54:55,HO2312-P-3200,HO2312-P-3200,548.8,0.0,0.0,0.0,6,544.4,550.8,1,548.8,546.6,0.0,0.0,0.0,0.0,90
2023-05-11 09:54:57,HO2312-P-3200,HO2312-P-3200,548.8,0.0,0.0,0.0,9,544.4,550.8,1,548.8,546.6,0.0,0.0,0.0,0.0,90
2023-05-11 09:55:01,HO2312-P-3200,HO2312-P-3200,548.8,0.0,0.0,0.0,6,544.4,550.8,1,548.8,546.6,0.0,0.0,0.0,0.0,90
2023-05-11 09:55:04,HO2312-P-3200,HO2312-P-3200,548.8,0.0,0.0,0.0,9,544.4,550.8,1,548.8,546.6,0.0,0.0,0.0,0.0,90
2023-05-11 09:55:06,HO2312-P-3200,HO2312-P-3200,548.8,0.0,0.0,0.0,6,544.4,550.6,1,548.8,546.6,0.0,0.0,0.0,0.0,90
2023-05-11 09:55:08,HO2312-P-3200,HO2312-P-3200,548.8,0.0,0.0,0.0,9,544.4,550.6,1,548.8,546.6,0.0,0.0,0.0,0.0,90
2023-05-11 09:55:09,HO2312-P-3200,HO2312-P-3200,548.8,0.0,0.0,0.0,6,544.4,550.6,1,548.8,546.6,0.0,0.0,0.0,0.0,90
2023-05-11 09:55:11,HO2312-P-3200,HO2312-P-3200,548.8,0.0,0.0,0.0,12,544.2,550.4,6,548.8,546.6,0.0,0.0,0.0,0.0,90
2023-05-11 09:55:11,HO2312-P-3200,HO2312-P-3200,548.8,0.0,0.0,0.0,24,544.0,550.4,6,548.8,546.6,0.0,0.0,0.0,0.0,90
2023-05-11 09:55:12,HO2312-P-3200,HO2312-P-3200,548.8,0.0,0.0,0.0,12,544.0,550.2,6,548.8,546.6,0.0,0.0,0.0,0.0,90
2023-05-11 09:55:12,HO2312-P-3200,HO2312-P-3200,548.8,0.0,0.0,0.0,18,543.6,550.0,6,548.8,546.6,0.0,0.0,0.0,0.0,90
2023-05-11 09:55:13,HO2312-P-3200,HO2312-P-3200,548.8,0.0,0.0,0.0,6,543.6,550.0,6,548.8,546.6,0.0,0.0,0.0,0.0,90
2023-05-11 09:55:13,HO2312-P-3200,HO2312-P-3200,548.8,0.0,0.0,0.0,24,543.2,550.0,6,548.8,546.6,0.0,0.0,0.0,0.0,90
2023-05-11 09:55:14,HO2312-P-3200,HO2312-P-3200,548.8,0.0,0.0,0.0,12,543.2,550.0,6,548.8,546.6,0.0,0.0,0.0,0.0,90
2023-05-11 09:55:14,HO2312-P-3200,HO2312-P-3200,548.8,0.0,0.0,0.0,6,543.2,550.0,6,548.8,546.6,0.0,0.0,0.0,0.0,90
2023-05-11 09:55:15,HO2312-P-3200,HO2312-P-3200,548.8,0.0,0.0,0.0,9,543.2,550.0,6,548.8,546.6,0.0,0.0,0.0,0.0,90
2023-05-11 09:55:15,HO2312-P-3200,HO2312-P-3200,548.8,0.0,0.0,0.0,6,543.2,550.0,6,548.8,546.6,0.0,0.0,0.0,0.0,90
2023-05-11 09:55:19,HO2312-P-3200,HO2312-P-3200,548.8,0.0,0.0,0.0,9,543.2,550.0,6,548.8,546.6,0.0,0.0,0.0,0.0,90
2023-05-11 09:55:21,HO2312-P-3200,HO2312-P-3200,548.8,0.0,0.0,0.0,9,543.2,550.0,7,548.8,546.6,0.0,0.0,0.0,0.0,90
2023-05-11 09:55:31,HO2312-P-3200,HO2312-P-3200,548.8,0.0,0.0,0.0,9,543.2,549.8,1,548.8,546.6,0.0,0.0,0.0,0.0,90
2023-05-11 09:55:34,HO2312-P-3200,HO2312-P-3200,548.8,0.0,0.0,0.0,6,543.2,549.8,1,548.8,546.6,0.0,0.0,0.0,0.0,90
2023-05-11 09:55:35,HO2312-P-3200,HO2312-P-3200,548.8,0.0,0.0,0.0,9,543.2,549.8,1,548.8,546.6,0.0,0.0,0.0,0.0,90
2023-05-11 09:55:35,HO2312-P-3200,HO2312-P-3200,548.8,0.0,0.0,0.0,6,543.2,549.8,1,548.8,546.6,0.0,0.0,0.0,0.0,90
2023-05-11 09:55:40,HO2312-P-3200,HO2312-P-3200,548.8,0.0,0.0,0.0,3,543.4,549.8,1,548.8,546.6,0.0,0.0,0.0,0.0,90
2023-05-11 09:55:40,HO2312-P-3200,HO2312-P-3200,548.8,0.0,0.0,0.0,6,543.2,549.8,1,548.8,546.6,0.0,0.0,0.0,0.0,90
2023-05-11 09:55:41,HO2312-P-3200,HO2312-P-3200,548.8,0.0,0.0,0.0,9,543.2,549.6,1,548.8,546.6,0.0,0.0,0.0,0.0,90
2023-05-11 09:55:43,HO2312-P-3200,HO2312-P-3200,548.8,0.0,0.0,0.0,6,543.2,549.6,1,548.8,546.6,0.0,0.0,0.0,0.0,90
2023-05-11 09:55:44,HO2312-P-3200,HO2312-P-3200,548.8,0.0,0.0,0.0,9,543.2,549.6,1,548.8,546.6,0.0,0.0,0.0,0.0,90
2023-05-11 09:55:51,HO2312-P-3200,HO2312-P-3200,548.8,0.0,0.0,0.0,9,543.2,549.4,1,548.8,546.6,0.0,0.0,0.0,0.0,90
2023-05-11 09:55:52,HO2312-P-3200,HO2312-P-3200,548.8,0.0,0.0,0.0,18,542.8,549.2,6,548.8,546.6,0.0,0.0,0.0,0.0,90
2023-05-11 09:55:52,HO2312-P-3200,HO2312-P-3200,548.8,0.0,0.0,0.0,21,542.8,549.2,6,548.8,546.6,0.0,0.0,0.0,0.0,90
2023-05-11 09:56:11,HO2312-P-3200,HO2312-P-3200,548.8,0.0,0.0,0.0,21,542.8,549.2,7,548.8,546.6,0.0,0.0,0.0,0.0,90
2023-05-11 09:56:19,HO2312-P-3200,HO2312-P-3200,548.8,0.0,0.0,0.0,18,542.8,549.2,7,548.8,546.6,0.0,0.0,0.0,0.0,90
2023-05-11 09:56:19,HO2312-P-3200,HO2312-P-3200,548.8,0.0,0.0,0.0,21,542.8,549.2,7,548.8,546.6,0.0,0.0,0.0,0.0,90
2023-05-11 09:56:20,HO2312-P-3200,HO2312-P-3200,548.8,0.0,0.0,0.0,18,542.8,549.2,7,548.8,546.6,0.0,0.0,0.0,0.0,90
2023-05-11 09:56:21,HO2312-P-3200,HO2312-P-3200,548.8,0.0,0.0,0.0,18,542.8,549.0,1,548.8,546.6,0.0,0.0,0.0,0.0,90
2023-05-11 09:56:21,HO2312-P-3200,HO2312-P-3200,548.8,0.0,0.0,0.0,12,542.8,549.0,1,548.8,546.6,0.0,0.0,0.0,0.0,90
2023-05-11 09:56:22,HO2312-P-3200,HO2312-P-3200,548.8,0.0,0.0,0.0,6,542.8,549.0,1,548.8,546.6,0.0,0.0,0.0,0.0,90
2023-05-11 09:56:26,HO2312-P-3200,HO2312-P-3200,548.8,0.0,0.0,0.0,9,542.8,549.0,1,548.8,546.6,0.0,0.0,0.0,0.0,90
2023-05-11 09:56:31,HO2312-P-3200,HO2312-P-3200,548.8,0.0,0.0,0.0,6,542.8,548.8,1,548.8,546.6,0.0,0.0,0.0,0.0,90
2023-05-11 09:56:31,HO2312-P-3200,HO2312-P-3200,548.8,0.0,0.0,0.0,6,542.6,548.6,6,548.8,546.6,0.0,0.0,0.0,0.0,90
2023-05-11 09:56:32,HO2312-P-3200,HO2312-P-3200,548.8,0.0,0.0,0.0,3,542.6,548.6,6,548.8,546.6,0.0,0.0,0.0,0.0,90
2023-05-11 09:56:32,HO2312-P-3200,HO2312-P-3200,548.8,0.0,0.0,0.0,18,542.2,548.6,6,548.8,546.6,0.0,0.0,0.0,0.0,90
2023-05-11 09:56:33,HO2312-P-3200,HO2312-P-3200,548.8,0.0,0.0,0.0,3,542.4,548.6,6,548.8,546.6,0.0,0.0,0.0,0.0,90
2023-05-11 09:56:36,HO2312-P-3200,HO2312-P-3200,548.8,0.0,0.0,0.0,3,542.4,548.6,7,548.8,546.6,0.0,0.0,0.0,0.0,90
2023-05-11 09:56:45,HO2312-P-3200,HO2312-P-3200,548.8,0.0,0.0,0.0,6,542.2,548.6,7,548.8,546.6,0.0,0.0,0.0,0.0,90
2023-05-11 09:56:46,HO2312-P-3200,HO2312-P-3200,548.8,0.0,0.0,0.0,9,542.2,548.4,1,548.8,546.6,0.0,0.0,0.0,0.0,90
2023-05-11 09:56:55,HO2312-P-3200,HO2312-P-3200,548.8,0.0,0.0,0.0,3,542.2,548.4,1,548.8,546.6,0.0,0.0,0.0,0.0,90
2023-05-11 09:56:56,HO2312-P-3200,HO2312-P-3200,548.8,0.0,0.0,0.0,3,542.2,548.2,1,548.8,546.6,0.0,0.0,0.0,0.0,90
2023-05-11 09:56:56,HO2312-P-3200,HO2312-P-3200,548.8,0.0,0.0,0.0,18,542.0,548.2,1,548.8,546.6,0.0,0.0,0.0,0.0,90
2023-05-11 09:56:57,HO2312-P-3200,HO2312-P-3200,548.8,0.0,0.0,0.0,3,542.2,548.2,1,548.8,546.6,0.0,0.0,0.0,0.0,90
2023-05-11 09:56:57,HO2312-P-3200,HO2312-P-3200,548.8,0.0,0.0,0.0,6,542.0,548.2,1,548.8,546.6,0.0,0.0,0.0,0.0,90
2023-05-11 09:56:58,HO2312-P-3200,HO2312-P-3200,548.8,0.0,0.0,0.0,9,542.0,548.2,1,548.8,546.6,0.0,0.0,0.0,0.0,90
2023-05-11 09:57:00,HO2312-P-3200,HO2312-P-3200,548.8,0.0,0.0,0.0,6,542.0,548.2,1,548.8,546.6,0.0,0.0,0.0,0.0,90
2023-05-11 09:57:01,HO2312-P-3200,HO2312-P-3200,548.8,0.0,0.0,0.0,12,541.6,548.0,6,548.8,546.6,0.0,0.0,0.0,0.0,90
2023-05-11 09:57:01,HO2312-P-3200,HO2312-P-3200,548.8,0.0,0.0,0.0,12,541.4,548.0,6,548.8,546.6,0.0,0.0,0.0,0.0,90
2023-05-11 09:57:02,HO2312-P-3200,HO2312-P-3200,548.8,0.0,0.0,0.0,6,541.4,548.0,6,548.8,546.6,0.0,0.0,0.0,0.0,90
2023-05-11 09:57:02,HO2312-P-3200,HO2312-P-3200,548.8,0.0,0.0,0.0,9,541.4,548.0,6,548.8,546.6,0.0,0.0,0.0,0.0,90
2023-05-11 09:57:06,HO2312-P-3200,HO2312-P-3200,548.8,0.0,0.0,0.0,9,541.4,548.0,7,548.8,546.6,0.0,0.0,0.0,0.0,90
2023-05-11 09:57:11,HO2312-P-3200,HO2312-P-3200,548.8,0.0,0.0,0.0,6,541.4,548.0,7,548.8,546.6,0.0,0.0,0.0,0.0,90
2023-05-11 09:57:12,HO2312-P-3200,HO2312-P-3200,548.8,0.0,0.0,0.0,3,541.6,548.0,7,548.8,546.6,0.0,0.0,0.0,0.0,90
2023-05-11 09:57:12,HO2312-P-3200,HO2312-P-3200,548.8,0.0,0.0,0.0,6,541.4,548.0,7,548.8,546.6,0.0,0.0,0.0,0.0,90
2023-05-11 09:57:13,HO2312-P-3200,HO2312-P-3200,548.8,0.0,0.0,0.0,9,541.4,548.0,7,548.8,546.6,0.0,0.0,0.0,0.0,90
2023-05-11 09:57:13,HO2312-P-3200,HO2312-P-3200,548.8,0.0,0.0,0.0,6,541.4,548.0,7,548.8,546.6,0.0,0.0,0.0,0.0,90
2023-05-11 09:57:14,HO2312-P-3200,HO2312-P-3200,548.8,0.0,0.0,0.0,6,541.4,548.0,13,548.8,546.6,0.0,0.0,0.0,0.0,90
2023-05-11 09:57:16,HO2312-P-3200,HO2312-P-3200,548.8,0.0,0.0,0.0,6,541.4,547.8,1,548.8,546.6,0.0,0.0,0.0,0.0,90
2023-05-11 09:57:26,HO2312-P-3200,HO2312-P-3200,548.8,0.0,0.0,0.0,6,541.4,547.6,1,548.8,546.6,0.0,0.0,0.0,0.0,90
2023-05-11 09:57:30,HO2312-P-3200,HO2312-P-3200,548.8,0.0,0.0,0.0,12,541.2,547.4,6,548.8,546.6,0.0,0.0,0.0,0.0,90
2023-05-11 09:57:31,HO2312-P-3200,HO2312-P-3200,548.8,0.0,0.0,0.0,6,540.8,547.2,6,548.8,546.6,0.0,0.0,0.0,0.0,90
2023-05-11 09:57:31,HO2312-P-3200,HO2312-P-3200,548.8,0.0,0.0,0.0,18,540.6,547.2,6,548.8,546.6,0.0,0.0,0.0,0.0,90
2023-05-11 09:57:32,HO2312-P-3200,HO2312-P-3200,548.8,0.0,0.0,0.0,15,540.6,547.4,18,548.8,546.6,0.0,0.0,0.0,0.0,90
2023-05-11 09:57:32,HO2312-P-3200,HO2312-P-3200,548.8,0.0,0.0,0.0,9,540.6,547.4,18,548.8,546.6,0.0,0.0,0.0,0.0,90
2023-05-11 09:57:41,HO2312-P-3200,HO2312-P-3200,548.8,0.0,0.0,0.0,9,540.6,547.4,19,548.8,546.6,0.0,0.0,0.0,0.0,90
2023-05-11 09:57:45,HO2312-P-3200,HO2312-P-3200,548.8,0.0,0.0,0.0,9,540.6,547.4,13,548.8,546.6,0.0,0.0,0.0,0.0,90
2023-05-11 09:57:51,HO2312-P-3200,HO2312-P-3200,548.8,0.0,0.0,0.0,9,540.6,547.2,1,548.8,546.6,0.0,0.0,0.0,0.0,90
2023-05-11 09:58:01,HO2312-P-3200,HO2312-P-3200,548.8,0.0,0.0,0.0,9,540.6,547.0,1,548.8,546.6,0.0,0.0,0.0,0.0,90
2023-05-11 09:58:02,HO2312-P-3200,HO2312-P-3200,548.8,0.0,0.0,0.0,6,540.6,547.0,1,548.8,546.6,0.0,0.0,0.0,0.0,90
2023-05-11 09:58:02,HO2312-P-3200,HO2312-P-3200,548.8,0.0,0.0,0.0,3,540.6,546.8,6,548.8,546.6,0.0,0.0,0.0,0.0,90
2023-05-11 09:58:03,HO2312-P-3200,HO2312-P-3200,548.8,0.0,0.0,0.0,6,540.2,546.8,6,548.8,546.6,0.0,0.0,0.0,0.0,90
2023-05-11 09:58:04,HO2312-P-3200,HO2312-P-3200,548.8,0.0,0.0,0.0,9,540.2,546.8,6,548.8,546.6,0.0,0.0,0.0,0.0,90
2023-05-11 09:58:21,HO2312-P-3200,HO2312-P-3200,548.8,0.0,0.0,0.0,9,540.2,546.8,7,548.8,546.6,0.0,0.0,0.0,0.0,90
2023-05-11 09:58:23,HO2312-P-3200,HO2312-P-3200,548.8,0.0,0.0,0.0,6,540.2,546.8,7,548.8,546.6,0.0,0.0,0.0,0.0,90
2023-05-11 09:58:23,HO2312-P-3200,HO2312-P-3200,548.8,0.0,0.0,0.0,9,540.2,546.8,7,548.8,546.6,0.0,0.0,0.0,0.0,90
2023-05-11 09:58:31,HO2312-P-3200,HO2312-P-3200,548.8,0.0,0.0,0.0,9,540.2,546.6,1,548.8,546.6,0.0,0.0,0.0,0.0,90
2023-05-11 09:58:41,HO2312-P-3200,HO2312-P-3200,548.8,0.0,0.0,0.0,9,540.2,546.4,1,548.8,546.6,0.0,0.0,0.0,0.0,90
2023-05-11 09:58:51,HO2312-P-3200,HO2312-P-3200,548.8,0.0,0.0,0.0,9,540.2,546.2,1,548.8,546.6,0.0,0.0,0.0,0.0,90
2023-05-11 09:59:01,HO2312-P-3200,HO2312-P-3200,548.8,0.0,0.0,0.0,9,540.2,546.0,1,548.8,546.6,0.0,0.0,0.0,0.0,90
2023-05-11 09:59:15,HO2312-P-3200,HO2312-P-3200,548.8,0.0,0.0,0.0,9,540.2,545.8,1,548.8,546.6,0.0,0.0,0.0,0.0,90
2023-05-11 09:59:27,HO2312-P-3200,HO2312-P-3200,548.8,0.0,0.0,0.0,9,540.2,546.4,1,548.8,546.6,0.0,0.0,0.0,0.0,90
2023-05-11 09:59:37,HO2312-P-3200,HO2312-P-3200,548.8,0.0,0.0,0.0,9,540.2,546.2,1,548.8,546.6,0.0,0.0,0.0,0.0,90
2023-05-11 09:59:47,HO2312-P-3200,HO2312-P-3200,548.8,0.0,0.0,0.0,9,540.2,546.0,1,548.8,546.6,0.0,0.0,0.0,0.0,90
2023-05-11 09:59:57,HO2312-P-3200,HO2312-P-3200,548.8,0.0,0.0,0.0,9,540.2,545.8,1,548.8,546.6,0.0,0.0,0.0,0.0,90
2023-05-11 10:00:07,HO2312-P-3200,HO2312-P-3200,548.8,0.0,0.0,0.0,9,540.2,545.6,1,548.8,546.6,0.0,0.0,0.0,0.0,90
2023-05-11 10:00:09,HO2312-P-3200,HO2312-P-3200,548.8,0.0,0.0,0.0,6,540.4,546.4,1,548.8,546.6,0.0,0.0,0.0,0.0,90
2023-05-11 10:00:10,HO2312-P-3200,HO2312-P-3200,548.8,0.0,0.0,0.0,3,540.6,546.4,1,548.8,546.6,0.0,0.0,0.0,0.0,90
2023-05-11 10:00:10,HO2312-P-3200,HO2312-P-3200,548.8,0.0,0.0,0.0,6,540.8,546.4,1,548.8,546.6,0.0,0.0,0.0,0.0,90
2023-05-11 10:00:11,HO2312-P-3200,HO2312-P-3200,548.8,0.0,0.0,0.0,9,540.8,546.4,1,548.8,546.6,0.0,0.0,0.0,0.0,90
2023-05-11 10:00:13,HO2312-P-3200,HO2312-P-3200,548.8,0.0,0.0,0.0,6,540.8,546.4,1,548.8,546.6,0.0,0.0,0.0,0.0,90
2023-05-11 10:00:14,HO2312-P-3200,HO2312-P-3200,548.8,0.0,0.0,0.0,6,540.4,546.4,1,548.8,546.6,0.0,0.0,0.0,0.0,90
2023-05-11 10:00:14,HO2312-P-3200,HO2312-P-3200,548.8,0.0,0.0,0.0,3,540.6,546.4,1,548.8,546.6,0.0,0.0,0.0,0.0,90
2023-05-11 10:00:15,HO2312-P-3200,HO2312-P-3200,548.8,0.0,0.0,0.0,6,540.4,546.4,1,548.8,546.6,0.0,0.0,0.0,0.0,90
2023-05-11 10:00:16,HO2312-P-3200,HO2312-P-3200,548.8,0.0,0.0,0.0,9,540.4,546.4,1,548.8,546.6,0.0,0.0,0.0,0.0,90
2023-05-11 10:00:19,HO2312-P-3200,HO2312-P-3200,548.8,0.0,0.0,0.0,9,540.4,546.2,1,548.8,546.6,0.0,0.0,0.0,0.0,90
2023-05-11 10:00:29,HO2312-P-3200,HO2312-P-3200,548.8,0.0,0.0,0.0,9,540.4,546.0,1,548.8,546.6,0.0,0.0,0.0,0.0,90
2023-05-11 10:00:48,HO2312-P-3200,HO2312-P-3200,548.8,0.0,0.0,0.0,9,540.4,545.8,1,548.8,546.6,0.0,0.0,0.0,0.0,90
2023-05-11 10:00:50,HO2312-P-3200,HO2312-P-3200,548.8,0.0,0.0,0.0,9,540.4,546.6,1,548.8,546.6,0.0,0.0,0.0,0.0,90
2023-05-11 10:00:57,HO2312-P-3200,HO2312-P-3200,548.8,0.0,0.0,0.0,6,540.6,546.6,1,548.8,546.6,0.0,0.0,0.0,0.0,90
2023-05-11 10:00:57,HO2312-P-3200,HO2312-P-3200,548.8,0.0,0.0,0.0,3,540.8,546.6,1,548.8,546.6,0.0,0.0,0.0,0.0,90
2023-05-11 10:00:58,HO2312-P-3200,HO2312-P-3200,548.8,0.0,0.0,0.0,6,541.0,546.6,1,548.8,546.6,0.0,0.0,0.0,0.0,90
2023-05-11 10:00:59,HO2312-P-3200,HO2312-P-3200,548.8,0.0,0.0,0.0,3,541.2,546.6,1,548.8,546.6,0.0,0.0,0.0,0.0,90
2023-05-11 10:01:00,HO2312-P-3200,HO2312-P-3200,548.8,0.0,0.0,0.0,3,541.2,547.2,7,548.8,546.6,0.0,0.0,0.0,0.0,90
2023-05-11 10:01:03,HO2312-P-3200,HO2312-P-3200,548.8,0.0,0.0,0.0,6,541.0,547.2,7,548.8,546.6,0.0,0.0,0.0,0.0,90
2023-05-11 10:01:03,HO2312-P-3200,HO2312-P-3200,548.8,0.0,0.0,0.0,3,541.0,547.2,13,548.8,546.6,0.0,0.0,0.0,0.0,90
2023-05-11 10:01:04,HO2312-P-3200,HO2312-P-3200,548.8,0.0,0.0,0.0,6,540.4,547.2,7,548.8,546.6,0.0,0.0,0.0,0.0,90
2023-05-11 10:01:04,HO2312-P-3200,HO2312-P-3200,548.8,0.0,0.0,0.0,3,540.6,547.2,7,548.8,546.6,0.0,0.0,0.0,0.0,90
2023-05-11 10:01:06,HO2312-P-3200,HO2312-P-3200,548.8,0.0,0.0,0.0,6,540.4,547.2,7,548.8,546.6,0.0,0.0,0.0,0.0,90
2023-05-11 10:01:09,HO2312-P-3200,HO2312-P-3200,548.8,0.0,0.0,0.0,9,540.4,547.2,7,548.8,546.6,0.0,0.0,0.0,0.0,90
2023-05-11 10:01:10,HO2312-P-3200,HO2312-P-3200,548.8,0.0,0.0,0.0,9,540.4,547.0,1,548.8,546.6,0.0,0.0,0.0,0.0,90
2023-05-11 10:01:20,HO2312-P-3200,HO2312-P-3200,548.8,0.0,0.0,0.0,9,540.4,546.8,1,548.8,546.6,0.0,0.0,0.0,0.0,90
2023-05-11 10:01:28,HO2312-P-3200,HO2312-P-3200,548.8,0.0,0.0,0.0,6,540.4,546.8,1,548.8,546.6,0.0,0.0,0.0,0.0,90
2023-05-11 10:01:29,HO2312-P-3200,HO2312-P-3200,548.8,0.0,0.0,0.0,9,540.4,546.8,1,548.8,546.6,0.0,0.0,0.0,0.0,90
2023-05-11 10:01:29,HO2312-P-3200,HO2312-P-3200,548.8,0.0,0.0,0.0,6,540.4,546.8,1,548.8,546.6,0.0,0.0,0.0,0.0,90
2023-05-11 10:01:30,HO2312-P-3200,HO2312-P-3200,548.8,0.0,0.0,0.0,9,540.4,546.6,1,548.8,546.6,0.0,0.0,0.0,0.0,90
2023-05-11 10:01:31,HO2312-P-3200,HO2312-P-3200,548.8,0.0,0.0,0.0,6,540.4,546.6,1,548.8,546.6,0.0,0.0,0.0,0.0,90
2023-05-11 10:01:31,HO2312-P-3200,HO2312-P-3200,548.8,0.0,0.0,0.0,9,540.4,546.6,1,548.8,546.6,0.0,0.0,0.0,0.0,90
2023-05-11 10:01:40,HO2312-P-3200,HO2312-P-3200,548.8,0.0,0.0,0.0,9,540.4,546.4,1,548.8,546.6,0.0,0.0,0.0,0.0,90
2023-05-11 10:01:59,HO2312-P-3200,HO2312-P-3200,548.8,0.0,0.0,0.0,9,540.4,546.2,1,548.8,546.6,0.0,0.0,0.0,0.0,90
2023-05-11 10:02:15,HO2312-P-3200,HO2312-P-3200,548.8,0.0,0.0,0.0,9,540.4,546.0,1,548.8,546.6,0.0,0.0,0.0,0.0,90
2023-05-11 10:02:30,HO2312-P-3200,HO2312-P-3200,548.8,0.0,0.0,0.0,9,540.4,546.6,1,548.8,546.6,0.0,0.0,0.0,0.0,90
2023-05-11 10:02:40,HO2312-P-3200,HO2312-P-3200,548.8,0.0,0.0,0.0,9,540.4,546.4,1,548.8,546.6,0.0,0.0,0.0,0.0,90
2023-05-11 10:02:41,HO2312-P-3200,HO2312-P-3200,548.8,0.0,0.0,0.0,6,540.6,547.0,1,548.8,546.6,0.0,0.0,0.0,0.0,90
2023-05-11 10:02:42,HO2312-P-3200,HO2312-P-3200,548.8,0.0,0.0,0.0,3,540.8,547.0,1,548.8,546.6,0.0,0.0,0.0,0.0,90
2023-05-11 10:02:42,HO2312-P-3200,HO2312-P-3200,548.8,0.0,0.0,0.0,6,541.0,547.0,1,548.8,546.6,0.0,0.0,0.0,0.0,90
2023-05-11 10:02:43,HO2312-P-3200,HO2312-P-3200,548.8,0.0,0.0,0.0,3,541.2,547.0,1,548.8,546.6,0.0,0.0,0.0,0.0,90
2023-05-11 10:02:43,HO2312-P-3200,HO2312-P-3200,548.8,0.0,0.0,0.0,6,541.4,547.0,1,548.8,546.6,0.0,0.0,0.0,0.0,90
2023-05-11 10:02:44,HO2312-P-3200,HO2312-P-3200,548.8,0.0,0.0,0.0,9,541.4,547.0,1,548.8,546.6,0.0,0.0,0.0,0.0,90
2023-05-11 10:02:46,HO2312-P-3200,HO2312-P-3200,548.8,0.0,0.0,0.0,9,541.4,547.4,18,548.8,546.6,0.0,0.0,0.0,0.0,90
2023-05-11 10:02:47,HO2312-P-3200,HO2312-P-3200,548.8,0.0,0.0,0.0,9,541.4,547.4,6,548.8,546.6,0.0,0.0,0.0,0.0,90
2023-05-11 10:02:47,HO2312-P-3200,HO2312-P-3200,548.8,0.0,0.0,0.0,9,541.4,547.6,13,548.8,546.6,0.0,0.0,0.0,0.0,90
2023-05-11 10:02:48,HO2312-P-3200,HO2312-P-3200,548.8,0.0,0.0,0.0,9,541.4,547.6,7,548.8,546.6,0.0,0.0,0.0,0.0,90
2023-05-11 10:02:49,HO2312-P-3200,HO2312-P-3200,548.8,0.0,0.0,0.0,9,541.4,547.6,1,548.8,546.6,0.0,0.0,0.0,0.0,90
2023-05-11 10:02:56,HO2312-P-3200,HO2312-P-3200,548.8,0.0,0.0,0.0,9,541.4,547.4,1,548.8,546.6,0.0,0.0,0.0,0.0,90
2023-05-11 10:03:04,HO2312-P-3200,HO2312-P-3200,548.8,0.0,0.0,0.0,6,541.6,548.0,13,548.8,546.6,0.0,0.0,0.0,0.0,90
2023-05-11 10:03:04,HO2312-P-3200,HO2312-P-3200,548.8,0.0,0.0,0.0,3,541.8,548.0,7,548.8,546.6,0.0,0.0,0.0,0.0,90
2023-05-11 10:03:05,HO2312-P-3200,HO2312-P-3200,548.8,0.0,0.0,0.0,6,542.0,548.0,1,548.8,546.6,0.0,0.0,0.0,0.0,90
2023-05-11 10:03:05,HO2312-P-3200,HO2312-P-3200,548.8,0.0,0.0,0.0,3,542.2,548.0,1,548.8,546.6,0.0,0.0,0.0,0.0,90
2023-05-11 10:03:07,HO2312-P-3200,HO2312-P-3200,548.8,0.0,0.0,0.0,6,542.4,548.0,1,548.8,546.6,0.0,0.0,0.0,0.0,90
2023-05-11 10:03:07,HO2312-P-3200,HO2312-P-3200,548.8,0.0,0.0,0.0,3,542.6,548.0,1,548.8,546.6,0.0,0.0,0.0,0.0,90
2023-05-11 10:03:10,HO2312-P-3200,HO2312-P-3200,548.8,0.0,0.0,0.0,3,542.6,548.6,1,548.8,546.6,0.0,0.0,0.0,0.0,90
2023-05-11 10:03:12,HO2312-P-3200,HO2312-P-3200,548.8,0.0,0.0,0.0,18,542.2,548.4,6,548.8,546.6,0.0,0.0,0.0,0.0,90
2023-05-11 10:03:13,HO2312-P-3200,HO2312-P-3200,548.8,0.0,0.0,0.0,12,542.2,548.4,6,548.8,546.6,0.0,0.0,0.0,0.0,90
2023-05-11 10:03:13,HO2312-P-3200,HO2312-P-3200,548.8,0.0,0.0,0.0,6,542.2,548.4,6,548.8,546.6,0.0,0.0,0.0,0.0,90
2023-05-11 10:03:14,HO2312-P-3200,HO2312-P-3200,548.8,0.0,0.0,0.0,30,542.0,548.4,6,548.8,546.6,0.0,0.0,0.0,0.0,90
2023-05-11 10:03:14,HO2312-P-3200,HO2312-P-3200,548.8,0.0,0.0,0.0,21,542.0,548.4,6,548.8,546.6,0.0,0.0,0.0,0.0,90
2023-05-11 10:03:15,HO2312-P-3200,HO2312-P-3200,548.8,0.0,0.0,0.0,21,542.0,548.4,7,548.8,546.6,0.0,0.0,0.0,0.0,90
2023-05-11 10:03:24,HO2312-P-3200,HO2312-P-3200,548.8,0.0,0.0,0.0,18,542.0,548.4,7,548.8,546.6,0.0,0.0,0.0,0.0,90
2023-05-11 10:03:24,HO2312-P-3200,HO2312-P-3200,548.8,0.0,0.0,0.0,21,542.0,548.4,7,548.8,546.6,0.0,0.0,0.0,0.0,90
2023-05-11 10:03:25,HO2312-P-3200,HO2312-P-3200,548.8,0.0,0.0,0.0,21,542.0,548.2,1,548.8,546.6,0.0,0.0,0.0,0.0,90
2023-05-11 10:03:25,HO2312-P-3200,HO2312-P-3200,548.8,0.0,0.0,0.0,18,542.0,548.2,1,548.8,546.6,0.0,0.0,0.0,0.0,90
2023-05-11 10:03:26,HO2312-P-3200,HO2312-P-3200,548.8,0.0,0.0,0.0,21,542.0,548.2,1,548.8,546.6,0.0,0.0,0.0,0.0,90
2023-05-11 10:03:32,HO2312-P-3200,HO2312-P-3200,548.8,0.0,0.0,0.0,18,542.0,548.2,1,548.8,546.6,0.0,0.0,0.0,0.0,90
2023-05-11 10:03:34,HO2312-P-3200,HO2312-P-3200,548.8,0.0,0.0,0.0,21,542.0,548.2,1,548.8,546.6,0.0,0.0,0.0,0.0,90
2023-05-11 10:03:35,HO2312-P-3200,HO2312-P-3200,548.8,0.0,0.0,0.0,21,542.0,548.0,1,548.8,546.6,0.0,0.0,0.0,0.0,90
2023-05-11 10:03:35,HO2312-P-3200,HO2312-P-3200,548.8,0.0,0.0,0.0,18,542.0,548.0,1,548.8,546.6,0.0,0.0,0.0,0.0,90
2023-05-11 10:03:36,HO2312-P-3200,HO2312-P-3200,548.8,0.0,0.0,0.0,12,542.0,547.8,6,548.8,546.6,0.0,0.0,0.0,0.0,90
2023-05-11 10:03:37,HO2312-P-3200,HO2312-P-3200,548.8,0.0,0.0,0.0,6,542.0,547.8,6,548.8,546.6,0.0,0.0,0.0,0.0,90
2023-05-11 10:03:37,HO2312-P-3200,HO2312-P-3200,548.8,0.0,0.0,0.0,18,541.6,547.8,6,548.8,546.6,0.0,0.0,0.0,0.0,90
2023-05-11 10:03:45,HO2312-P-3200,HO2312-P-3200,548.8,0.0,0.0,0.0,18,541.6,547.8,7,548.8,546.6,0.0,0.0,0.0,0.0,90
2023-05-11 10:03:48,HO2312-P-3200,HO2312-P-3200,548.8,0.0,0.0,0.0,21,541.6,547.8,7,548.8,546.6,0.0,0.0,0.0,0.0,90
2023-05-11 10:03:50,HO2312-P-3200,HO2312-P-3200,548.8,0.0,0.0,0.0,18,541.6,547.8,7,548.8,546.6,0.0,0.0,0.0,0.0,90
2023-05-11 10:03:52,HO2312-P-3200,HO2312-P-3200,548.8,0.0,0.0,0.0,21,541.6,547.8,7,548.8,546.6,0.0,0.0,0.0,0.0,90
2023-05-11 10:03:55,HO2312-P-3200,HO2312-P-3200,548.8,0.0,0.0,0.0,21,541.6,547.6,1,548.8,546.6,0.0,0.0,0.0,0.0,90
2023-05-11 10:04:03,HO2312-P-3200,HO2312-P-3200,548.8,0.0,0.0,0.0,18,541.6,547.6,1,548.8,546.6,0.0,0.0,0.0,0.0,90
2023-05-11 10:04:04,HO2312-P-3200,HO2312-P-3200,548.8,0.0,0.0,0.0,21,541.6,547.6,1,548.8,546.6,0.0,0.0,0.0,0.0,90
2023-05-11 10:04:04,HO2312-P-3200,HO2312-P-3200,548.8,0.0,0.0,0.0,18,541.6,547.6,1,548.8,546.6,0.0,0.0,0.0,0.0,90
2023-05-11 10:04:05,HO2312-P-3200,HO2312-P-3200,548.8,0.0,0.0,0.0,18,541.6,547.4,1,548.8,546.6,0.0,0.0,0.0,0.0,90
2023-05-11 10:04:11,HO2312-P-3200,HO2312-P-3200,548.8,0.0,0.0,0.0,12,541.6,547.4,1,548.8,546.6,0.0,0.0,0.0,0.0,90
2023-05-11 10:04:12,HO2312-P-3200,HO2312-P-3200,548.8,0.0,0.0,0.0,18,541.4,547.4,1,548.8,546.6,0.0,0.0,0.0,0.0,90
2023-05-11 10:04:15,HO2312-P-3200,HO2312-P-3200,548.8,0.0,0.0,0.0,18,541.4,547.2,1,548.8,546.6,0.0,0.0,0.0,0.0,90
2023-05-11 10:04:17,HO2312-P-3200,HO2312-P-3200,548.8,0.0,0.0,0.0,12,541.4,547.0,6,548.8,546.6,0.0,0.0,0.0,0.0,90
2023-05-11 10:04:18,HO2312-P-3200,HO2312-P-3200,548.8,0.0,0.0,0.0,18,541.2,547.0,6,548.8,546.6,0.0,0.0,0.0,0.0,90
2023-05-11 10:04:18,HO2312-P-3200,HO2312-P-3200,548.8,0.0,0.0,0.0,12,541.2,547.0,6,548.8,546.6,0.0,0.0,0.0,0.0,90
2023-05-11 10:04:19,HO2312-P-3200,HO2312-P-3200,548.8,0.0,0.0,0.0,6,541.2,547.0,6,548.8,546.6,0.0,0.0,0.0,0.0,90
2023-05-11 10:04:19,HO2312-P-3200,HO2312-P-3200,548.8,0.0,0.0,0.0,24,540.8,547.0,6,548.8,546.6,0.0,0.0,0.0,0.0,90
2023-05-11 10:04:20,HO2312-P-3200,HO2312-P-3200,548.8,0.0,0.0,0.0,18,540.8,547.0,6,548.8,546.6,0.0,0.0,0.0,0.0,90
2023-05-11 10:04:20,HO2312-P-3200,HO2312-P-3200,548.8,0.0,0.0,0.0,21,540.8,547.0,6,548.8,546.6,0.0,0.0,0.0,0.0,90
2023-05-11 10:04:22,HO2312-P-3200,HO2312-P-3200,548.8,0.0,0.0,0.0,18,540.8,547.0,6,548.8,546.6,0.0,0.0,0.0,0.0,90
2023-05-11 10:04:23,HO2312-P-3200,HO2312-P-3200,548.8,0.0,0.0,0.0,3,541.0,547.0,6,548.8,546.6,0.0,0.0,0.0,0.0,90
2023-05-11 10:04:26,HO2312-P-3200,HO2312-P-3200,548.8,0.0,0.0,0.0,18,540.8,547.0,6,548.8,546.6,0.0,0.0,0.0,0.0,90
2023-05-11 10:04:26,HO2312-P-3200,HO2312-P-3200,548.8,0.0,0.0,0.0,21,540.8,547.0,6,548.8,546.6,0.0,0.0,0.0,0.0,90
2023-05-11 10:04:30,HO2312-P-3200,HO2312-P-3200,548.8,0.0,0.0,0.0,21,540.8,547.0,7,548.8,546.6,0.0,0.0,0.0,0.0,90
2023-05-11 10:04:32,HO2312-P-3200,HO2312-P-3200,548.8,0.0,0.0,0.0,18,540.8,547.0,7,548.8,546.6,0.0,0.0,0.0,0.0,90
2023-05-11 10:04:35,HO2312-P-3200,HO2312-P-3200,548.8,0.0,0.0,0.0,21,540.8,547.0,7,548.8,546.6,0.0,0.0,0.0,0.0,90
2023-05-11 10:04:36,HO2312-P-3200,HO2312-P-3200,548.8,0.0,0.0,0.0,18,540.8,547.0,7,548.8,546.6,0.0,0.0,0.0,0.0,90
2023-05-11 10:04:36,HO2312-P-3200,HO2312-P-3200,548.8,0.0,0.0,0.0,3,541.0,547.0,7,548.8,546.6,0.0,0.0,0.0,0.0,90
2023-05-11 10:04:39,HO2312-P-3200,HO2312-P-3200,548.8,0.0,0.0,0.0,18,540.8,547.0,7,548.8,546.6,0.0,0.0,0.0,0.0,90
2023-05-11 10:04:39,HO2312-P-3200,HO2312-P-3200,548.8,0.0,0.0,0.0,3,541.0,547.0,7,548.8,546.6,0.0,0.0,0.0,0.0,90
2023-05-11 10:04:40,HO2312-P-3200,HO2312-P-3200,548.8,0.0,0.0,0.0,3,541.0,546.8,1,548.8,546.6,0.0,0.0,0.0,0.0,90
2023-05-11 10:04:40,HO2312-P-3200,HO2312-P-3200,548.8,0.0,0.0,0.0,18,540.8,546.8,1,548.8,546.6,0.0,0.0,0.0,0.0,90
2023-05-11 10:04:41,HO2312-P-3200,HO2312-P-3200,548.8,0.0,0.0,0.0,3,541.0,546.8,1,548.8,546.6,0.0,0.0,0.0,0.0,90
2023-05-11 10:04:42,HO2312-P-3200,HO2312-P-3200,548.8,0.0,0.0,0.0,18,540.8,546.8,1,548.8,546.6,0.0,0.0,0.0,0.0,90
2023-05-11 10:04:46,HO2312-P-3200,HO2312-P-3200,548.8,0.0,0.0,0.0,3,541.0,546.8,1,548.8,546.6,0.0,0.0,0.0,0.0,90
2023-05-11 10:04:47,HO2312-P-3200,HO2312-P-3200,548.8,0.0,0.0,0.0,18,540.8,546.8,1,548.8,546.6,0.0,0.0,0.0,0.0,90
2023-05-11 10:04:47,HO2312-P-3200,HO2312-P-3200,548.8,0.0,0.0,0.0,3,541.0,546.8,1,548.8,546.6,0.0,0.0,0.0,0.0,90
2023-05-11 10:04:48,HO2312-P-3200,HO2312-P-3200,548.8,0.0,0.0,0.0,18,540.8,546.8,1,548.8,546.6,0.0,0.0,0.0,0.0,90
2023-05-11 10:04:48,HO2312-P-3200,HO2312-P-3200,548.8,0.0,0.0,0.0,21,540.8,546.8,1,548.8,546.6,0.0,0.0,0.0,0.0,90
2023-05-11 10:04:50,HO2312-P-3200,HO2312-P-3200,548.8,0.0,0.0,0.0,21,540.8,546.6,1,548.8,546.6,0.0,0.0,0.0,0.0,90
2023-05-11 10:04:50,HO2312-P-3200,HO2312-P-3200,548.8,0.0,0.0,0.0,18,540.8,546.6,1,548.8,546.6,0.0,0.0,0.0,0.0,90
2023-05-11 10:04:53,HO2312-P-3200,HO2312-P-3200,548.8,0.0,0.0,0.0,21,540.8,546.6,1,548.8,546.6,0.0,0.0,0.0,0.0,90
2023-05-11 10:05:00,HO2312-P-3200,HO2312-P-3200,548.8,0.0,0.0,0.0,21,540.8,546.4,1,548.8,546.6,0.0,0.0,0.0,0.0,90
2023-05-11 10:05:03,HO2312-P-3200,HO2312-P-3200,548.8,0.0,0.0,0.0,12,541.0,546.4,1,548.8,546.6,0.0,0.0,0.0,0.0,90
2023-05-11 10:05:04,HO2312-P-3200,HO2312-P-3200,548.8,0.0,0.0,0.0,3,541.2,546.4,1,548.8,546.6,0.0,0.0,0.0,0.0,90
2023-05-11 10:05:07,HO2312-P-3200,HO2312-P-3200,548.8,0.0,0.0,0.0,6,541.4,546.4,1,548.8,546.6,0.0,0.0,0.0,0.0,90
2023-05-11 10:05:08,HO2312-P-3200,HO2312-P-3200,548.8,0.0,0.0,0.0,3,541.6,546.4,1,548.8,546.6,0.0,0.0,0.0,0.0,90
2023-05-11 10:05:11,HO2312-P-3200,HO2312-P-3200,548.8,0.0,0.0,0.0,3,541.6,547.0,1,548.8,546.6,0.0,0.0,0.0,0.0,90
2023-05-11 10:05:13,HO2312-P-3200,HO2312-P-3200,548.8,0.0,0.0,0.0,6,541.8,547.0,1,548.8,546.6,0.0,0.0,0.0,0.0,90
2023-05-11 10:05:13,HO2312-P-3200,HO2312-P-3200,548.8,0.0,0.0,0.0,3,542.0,547.0,1,548.8,546.6,0.0,0.0,0.0,0.0,90
2023-05-11 10:05:19,HO2312-P-3200,HO2312-P-3200,548.8,0.0,0.0,0.0,6,541.4,547.0,1,548.8,546.6,0.0,0.0,0.0,0.0,90
2023-05-11 10:05:20,HO2312-P-3200,HO2312-P-3200,548.8,0.0,0.0,0.0,3,541.6,547.0,1,548.8,546.6,0.0,0.0,0.0,0.0,90
2023-05-11 10:05:21,HO2312-P-3200,HO2312-P-3200,548.8,0.0,0.0,0.0,3,541.6,546.8,1,548.8,546.6,0.0,0.0,0.0,0.0,90
2023-05-11 10:05:24,HO2312-P-3200,HO2312-P-3200,548.8,0.0,0.0,0.0,6,541.4,546.8,1,548.8,546.6,0.0,0.0,0.0,0.0,90
2023-05-11 10:05:25,HO2312-P-3200,HO2312-P-3200,548.8,0.0,0.0,0.0,3,541.6,546.8,1,548.8,546.6,0.0,0.0,0.0,0.0,90
2023-05-11 10:05:28,HO2312-P-3200,HO2312-P-3200,548.8,0.0,0.0,0.0,6,541.4,546.8,1,548.8,546.6,0.0,0.0,0.0,0.0,90
2023-05-11 10:05:28,HO2312-P-3200,HO2312-P-3200,548.8,0.0,0.0,0.0,9,541.4,546.8,1,548.8,546.6,0.0,0.0,0.0,0.0,90
2023-05-11 10:05:31,HO2312-P-3200,HO2312-P-3200,548.8,0.0,0.0,0.0,9,541.4,546.6,1,548.8,546.6,0.0,0.0,0.0,0.0,90
2023-05-11 10:05:43,HO2312-P-3200,HO2312-P-3200,548.8,0.0,0.0,0.0,9,541.4,546.4,1,548.8,546.6,0.0,0.0,0.0,0.0,90
2023-05-11 10:05:45,HO2312-P-3200,HO2312-P-3200,548.8,0.0,0.0,0.0,9,541.4,547.0,1,548.8,546.6,0.0,0.0,0.0,0.0,90
2023-05-11 10:05:52,HO2312-P-3200,HO2312-P-3200,548.8,0.0,0.0,0.0,9,541.4,547.4,6,548.8,546.6,0.0,0.0,0.0,0.0,90
2023-05-11 10:05:52,HO2312-P-3200,HO2312-P-3200,548.8,0.0,0.0,0.0,6,541.6,547.8,7,548.8,546.6,0.0,0.0,0.0,0.0,90
2023-05-11 10:05:53,HO2312-P-3200,HO2312-P-3200,548.8,0.0,0.0,0.0,3,541.8,547.8,1,548.8,546.6,0.0,0.0,0.0,0.0,90
2023-05-11 10:06:02,HO2312-P-3200,HO2312-P-3200,548.8,0.0,0.0,0.0,6,541.6,547.6,1,548.8,546.6,0.0,0.0,0.0,0.0,90
2023-05-11 10:06:02,HO2312-P-3200,HO2312-P-3200,548.8,0.0,0.0,0.0,3,541.6,547.4,6,548.8,546.6,0.0,0.0,0.0,0.0,90
2023-05-11 10:06:04,HO2312-P-3200,HO2312-P-3200,548.8,0.0,0.0,0.0,6,541.4,547.4,6,548.8,546.6,0.0,0.0,0.0,0.0,90
2023-05-11 10:06:05,HO2312-P-3200,HO2312-P-3200,548.8,0.0,0.0,0.0,9,541.4,547.4,6,548.8,546.6,0.0,0.0,0.0,0.0,90
2023-05-11 10:06:06,HO2312-P-3200,HO2312-P-3200,548.8,0.0,0.0,0.0,6,541.4,547.4,6,548.8,546.6,0.0,0.0,0.0,0.0,90
2023-05-11 10:06:09,HO2312-P-3200,HO2312-P-3200,548.8,0.0,0.0,0.0,9,541.4,547.4,6,548.8,546.6,0.0,0.0,0.0,0.0,90
2023-05-11 10:06:11,HO2312-P-3200,HO2312-P-3200,548.8,0.0,0.0,0.0,6,541.6,547.6,1,548.8,546.6,0.0,0.0,0.0,0.0,90
2023-05-11 10:06:12,HO2312-P-3200,HO2312-P-3200,548.8,0.0,0.0,0.0,3,541.8,548.0,12,548.8,546.6,0.0,0.0,0.0,0.0,90
2023-05-11 10:06:12,HO2312-P-3200,HO2312-P-3200,548.8,0.0,0.0,0.0,3,541.8,548.0,6,548.8,546.6,0.0,0.0,0.0,0.0,90
2023-05-11 10:06:13,HO2312-P-3200,HO2312-P-3200,548.8,0.0,0.0,0.0,6,541.6,548.0,6,548.8,546.6,0.0,0.0,0.0,0.0,90
2023-05-11 10:06:14,HO2312-P-3200,HO2312-P-3200,548.8,0.0,0.0,0.0,9,541.6,548.0,6,548.8,546.6,0.0,0.0,0.0,0.0,90
2023-05-11 10:06:15,HO2312-P-3200,HO2312-P-3200,548.8,0.0,0.0,0.0,6,541.6,548.0,6,548.8,546.6,0.0,0.0,0.0,0.0,90
2023-05-11 10:06:16,HO2312-P-3200,HO2312-P-3200,548.8,0.0,0.0,0.0,9,541.6,548.0,6,548.8,546.6,0.0,0.0,0.0,0.0,90
2023-05-11 10:06:18,HO2312-P-3200,HO2312-P-3200,548.8,0.0,0.0,0.0,6,541.6,548.0,6,548.8,546.6,0.0,0.0,0.0,0.0,90
2023-05-11 10:06:23,HO2312-P-3200,HO2312-P-3200,548.8,0.0,0.0,0.0,12,541.4,547.8,6,548.8,546.6,0.0,0.0,0.0,0.0,90
2023-05-11 10:06:23,HO2312-P-3200,HO2312-P-3200,548.8,0.0,0.0,0.0,18,541.2,547.8,6,548.8,546.6,0.0,0.0,0.0,0.0,90
2023-05-11 10:06:32,HO2312-P-3200,HO2312-P-3200,548.8,0.0,0.0,0.0,18,541.2,547.8,7,548.8,546.6,0.0,0.0,0.0,0.0,90
2023-05-11 10:06:32,HO2312-P-3200,HO2312-P-3200,548.8,0.0,0.0,0.0,21,541.2,547.8,7,548.8,546.6,0.0,0.0,0.0,0.0,90
2023-05-11 10:06:37,HO2312-P-3200,HO2312-P-3200,548.8,0.0,0.0,0.0,18,541.2,547.8,7,548.8,546.6,0.0,0.0,0.0,0.0,90
2023-05-11 10:06:38,HO2312-P-3200,HO2312-P-3200,548.8,0.0,0.0,0.0,21,541.2,547.8,7,548.8,546.6,0.0,0.0,0.0,0.0,90
2023-05-11 10:06:42,HO2312-P-3200,HO2312-P-3200,548.8,0.0,0.0,0.0,21,541.2,547.6,1,548.8,546.6,0.0,0.0,0.0,0.0,90
2023-05-11 10:06:52,HO2312-P-3200,HO2312-P-3200,548.8,0.0,0.0,0.0,21,541.2,547.4,1,548.8,546.6,0.0,0.0,0.0,0.0,90
2023-05-11 10:06:54,HO2312-P-3200,HO2312-P-3200,548.8,0.0,0.0,0.0,18,541.2,547.4,1,548.8,546.6,0.0,0.0,0.0,0.0,90
2023-05-11 10:06:56,HO2312-P-3200,HO2312-P-3200,548.8,0.0,0.0,0.0,21,541.2,547.4,1,548.8,546.6,0.0,0.0,0.0,0.0,90
2023-05-11 10:06:59,HO2312-P-3200,HO2312-P-3200,548.8,0.0,0.0,0.0,18,541.2,547.4,1,548.8,546.6,0.0,0.0,0.0,0.0,90
2023-05-11 10:07:01,HO2312-P-3200,HO2312-P-3200,548.8,0.0,0.0,0.0,3,541.4,547.4,1,548.8,546.6,0.0,0.0,0.0,0.0,90
2023-05-11 10:07:02,HO2312-P-3200,HO2312-P-3200,548.8,0.0,0.0,0.0,18,541.2,547.2,1,548.8,546.6,0.0,0.0,0.0,0.0,90
2023-05-11 10:07:03,HO2312-P-3200,HO2312-P-3200,548.8,0.0,0.0,0.0,21,541.2,547.2,1,548.8,546.6,0.0,0.0,0.0,0.0,90
2023-05-11 10:07:04,HO2312-P-3200,HO2312-P-3200,548.8,0.0,0.0,0.0,18,541.2,547.2,1,548.8,546.6,0.0,0.0,0.0,0.0,90
2023-05-11 10:07:05,HO2312-P-3200,HO2312-P-3200,548.8,0.0,0.0,0.0,21,541.2,547.2,1,548.8,546.6,0.0,0.0,0.0,0.0,90
2023-05-11 10:07:09,HO2312-P-3200,HO2312-P-3200,548.8,0.0,0.0,0.0,18,541.2,547.2,1,548.8,546.6,0.0,0.0,0.0,0.0,90
2023-05-11 10:07:10,HO2312-P-3200,HO2312-P-3200,548.8,0.0,0.0,0.0,3,541.4,547.2,1,548.8,546.6,0.0,0.0,0.0,0.0,90
2023-05-11 10:07:10,HO2312-P-3200,HO2312-P-3200,548.8,0.0,0.0,0.0,18,541.2,547.2,1,548.8,546.6,0.0,0.0,0.0,0.0,90
2023-05-11 10:07:11,HO2312-P-3200,HO2312-P-3200,548.8,0.0,0.0,0.0,21,541.2,547.2,1,548.8,546.6,0.0,0.0,0.0,0.0,90
2023-05-11 10:07:12,HO2312-P-3200,HO2312-P-3200,548.8,0.0,0.0,0.0,18,541.2,547.0,1,548.8,546.6,0.0,0.0,0.0,0.0,90
2023-05-11 10:07:14,HO2312-P-3200,HO2312-P-3200,548.8,0.0,0.0,0.0,21,541.2,547.0,1,548.8,546.6,0.0,0.0,0.0,0.0,90
2023-05-11 10:07:16,HO2312-P-3200,HO2312-P-3200,548.8,0.0,0.0,0.0,18,541.2,547.0,1,548.8,546.6,0.0,0.0,0.0,0.0,90
2023-05-11 10:07:16,HO2312-P-3200,HO2312-P-3200,548.8,0.0,0.0,0.0,3,541.4,547.0,1,548.8,546.6,0.0,0.0,0.0,0.0,90
2023-05-11 10:07:17,HO2312-P-3200,HO2312-P-3200,548.8,0.0,0.0,0.0,18,541.2,547.0,1,548.8,546.6,0.0,0.0,0.0,0.0,90
2023-05-11 10:07:18,HO2312-P-3200,HO2312-P-3200,548.8,0.0,0.0,0.0,21,541.2,547.0,1,548.8,546.6,0.0,0.0,0.0,0.0,90
2023-05-11 10:07:23,HO2312-P-3200,HO2312-P-3200,548.8,0.0,0.0,0.0,21,541.2,546.8,1,548.8,546.6,0.0,0.0,0.0,0.0,90
2023-05-11 10:07:24,HO2312-P-3200,HO2312-P-3200,548.8,0.0,0.0,0.0,18,541.2,546.8,1,548.8,546.6,0.0,0.0,0.0,0.0,90
2023-05-11 10:07:24,HO2312-P-3200,HO2312-P-3200,548.8,0.0,0.0,0.0,12,541.2,546.8,7,548.8,546.6,0.0,0.0,0.0,0.0,90
2023-05-11 10:07:25,HO2312-P-3200,HO2312-P-3200,548.8,0.0,0.0,0.0,6,541.2,546.8,7,548.8,546.6,0.0,0.0,0.0,0.0,90
2023-05-11 10:07:25,HO2312-P-3200,HO2312-P-3200,548.8,0.0,0.0,0.0,18,541.0,546.8,7,548.8,546.6,0.0,0.0,0.0,0.0,90
2023-05-11 10:07:26,HO2312-P-3200,HO2312-P-3200,548.8,0.0,0.0,0.0,15,541.0,546.8,7,548.8,546.6,0.0,0.0,0.0,0.0,90
2023-05-11 10:07:26,HO2312-P-3200,HO2312-P-3200,548.8,0.0,0.0,0.0,9,541.0,546.8,7,548.8,546.6,0.0,0.0,0.0,0.0,90
2023-05-11 10:07:27,HO2312-P-3200,HO2312-P-3200,548.8,0.0,0.0,0.0,6,541.2,546.8,1,548.8,546.6,0.0,0.0,0.0,0.0,90
2023-05-11 10:07:27,HO2312-P-3200,HO2312-P-3200,548.8,0.0,0.0,0.0,3,541.4,546.8,1,548.8,546.6,0.0,0.0,0.0,0.0,90
2023-05-11 10:07:30,HO2312-P-3200,HO2312-P-3200,548.8,0.0,0.0,0.0,6,541.2,546.8,1,548.8,546.6,0.0,0.0,0.0,0.0,90
2023-05-11 10:07:30,HO2312-P-3200,HO2312-P-3200,548.8,0.0,0.0,0.0,9,541.2,546.8,1,548.8,546.6,0.0,0.0,0.0,0.0,90
2023-05-11 10:07:32,HO2312-P-3200,HO2312-P-3200,548.8,0.0,0.0,0.0,6,541.2,546.8,1,548.8,546.6,0.0,0.0,0.0,0.0,90
2023-05-11 10:07:33,HO2312-P-3200,HO2312-P-3200,548.8,0.0,0.0,0.0,6,541.2,546.6,1,548.8,546.6,0.0,0.0,0.0,0.0,90
2023-05-11 10:07:36,HO2312-P-3200,HO2312-P-3200,548.8,0.0,0.0,0.0,24,540.8,546.6,1,548.8,546.6,0.0,0.0,0.0,0.0,90
2023-05-11 10:07:36,HO2312-P-3200,HO2312-P-3200,548.8,0.0,0.0,0.0,18,540.8,546.6,1,548.8,546.6,0.0,0.0,0.0,0.0,90
2023-05-11 10:07:38,HO2312-P-3200,HO2312-P-3200,548.8,0.0,0.0,0.0,21,540.8,546.6,1,548.8,546.6,0.0,0.0,0.0,0.0,90
2023-05-11 10:07:39,HO2312-P-3200,HO2312-P-3200,548.8,0.0,0.0,0.0,18,540.8,546.6,1,548.8,546.6,0.0,0.0,0.0,0.0,90
2023-05-11 10:07:42,HO2312-P-3200,HO2312-P-3200,548.8,0.0,0.0,0.0,21,540.8,546.6,1,548.8,546.6,0.0,0.0,0.0,0.0,90
2023-05-11 10:07:45,HO2312-P-3200,HO2312-P-3200,548.8,0.0,0.0,0.0,21,540.8,546.4,1,548.8,546.6,0.0,0.0,0.0,0.0,90
2023-05-11 10:08:04,HO2312-P-3200,HO2312-P-3200,548.8,0.0,0.0,0.0,21,540.8,546.8,6,548.8,546.6,0.0,0.0,0.0,0.0,90
2023-05-11 10:08:04,HO2312-P-3200,HO2312-P-3200,548.8,0.0,0.0,0.0,6,541.0,547.0,7,548.8,546.6,0.0,0.0,0.0,0.0,90
2023-05-11 10:08:05,HO2312-P-3200,HO2312-P-3200,548.8,0.0,0.0,0.0,3,541.2,547.0,1,548.8,546.6,0.0,0.0,0.0,0.0,90
2023-05-11 10:08:06,HO2312-P-3200,HO2312-P-3200,548.8,0.0,0.0,0.0,30,540.8,546.8,6,548.8,546.6,0.0,0.0,0.0,0.0,90
2023-05-11 10:08:07,HO2312-P-3200,HO2312-P-3200,548.8,0.0,0.0,0.0,3,541.0,546.8,6,548.8,546.6,0.0,0.0,0.0,0.0,90
