time,symbol_id,symbol_name,last,trade_volume,trade_amount,open_interest_change,bv1,bp1,ap1,av1,yesterday_close,today_open,today_high,today_low,volume,amount,open_interest
2023-05-11 09:29:00,HO2312-P-2600,HO2312-P-2600,91.6,0.0,0.0,0.0,1,81.0,110.8,1,91.6,95.4,0.0,0.0,0.0,0.0,137
2023-05-11 09:30:00,HO2312-P-2600,HO2312-P-2600,91.6,0.0,0.0,0.0,1,81.0,110.2,1,91.6,95.4,0.0,0.0,0.0,0.0,137
2023-05-11 09:30:00,HO2312-P-2600,HO2312-P-2600,91.6,0.0,0.0,0.0,1,81.0,110.0,1,91.6,95.4,0.0,0.0,0.0,0.0,137
2023-05-11 09:30:01,HO2312-P-2600,HO2312-P-2600,91.6,0.0,0.0,0.0,1,83.2,107.2,1,91.6,95.4,0.0,0.0,0.0,0.0,137
2023-05-11 09:30:10,HO2312-P-2600,HO2312-P-2600,91.6,0.0,0.0,0.0,1,91.2,99.2,1,91.6,95.4,0.0,0.0,0.0,0.0,137
2023-05-11 09:30:11,HO2312-P-2600,HO2312-P-2600,91.6,0.0,0.0,0.0,1,91.2,99.0,2,91.6,95.4,0.0,0.0,0.0,0.0,137
2023-05-11 09:30:11,HO2312-P-2600,HO2312-P-2600,91.6,0.0,0.0,0.0,1,91.2,95.4,1,91.6,95.4,0.0,0.0,0.0,0.0,137
2023-05-11 09:30:15,HO2312-P-2600,HO2312-P-2600,91.6,0.0,0.0,0.0,1,91.2,107.2,1,91.6,95.4,0.0,0.0,0.0,0.0,137
2023-05-11 09:30:15,HO2312-P-2600,HO2312-P-2600,91.6,0.0,0.0,0.0,1,91.2,107.0,2,91.6,95.4,0.0,0.0,0.0,0.0,137
2023-05-11 09:30:16,HO2312-P-2600,HO2312-P-2600,91.6,0.0,0.0,0.0,1,91.2,99.0,1,91.6,95.4,0.0,0.0,0.0,0.0,137
2023-05-11 09:30:16,HO2312-P-2600,HO2312-P-2600,91.6,0.0,0.0,0.0,1,91.2,98.8,2,91.6,95.4,0.0,0.0,0.0,0.0,137
2023-05-11 09:30:17,HO2312-P-2600,HO2312-P-2600,91.6,0.0,0.0,0.0,1,91.2,96.2,1,91.6,95.4,0.0,0.0,0.0,0.0,137
2023-05-11 09:30:20,HO2312-P-2600,HO2312-P-2600,91.6,0.0,0.0,0.0,1,91.2,99.2,1,91.6,95.4,0.0,0.0,0.0,0.0,137
2023-05-11 09:30:20,HO2312-P-2600,HO2312-P-2600,91.6,0.0,0.0,0.0,1,91.2,99.0,2,91.6,95.4,0.0,0.0,0.0,0.0,137
2023-05-11 09:30:21,HO2312-P-2600,HO2312-P-2600,91.6,0.0,0.0,0.0,1,91.2,96.6,1,91.6,95.4,0.0,0.0,0.0,0.0,137
2023-05-11 09:30:21,HO2312-P-2600,HO2312-P-2600,91.6,0.0,0.0,0.0,6,91.4,96.6,1,91.6,95.4,0.0,0.0,0.0,0.0,137
2023-05-11 09:30:22,HO2312-P-2600,HO2312-P-2600,91.6,0.0,0.0,0.0,1,93.6,97.6,6,91.6,95.4,0.0,0.0,0.0,0.0,137
2023-05-11 09:30:23,HO2312-P-2600,HO2312-P-2600,91.6,0.0,0.0,0.0,7,93.6,97.6,6,91.6,95.4,0.0,0.0,0.0,0.0,137
2023-05-11 09:30:23,HO2312-P-2600,HO2312-P-2600,91.6,0.0,0.0,0.0,7,93.6,99.8,6,91.6,95.4,0.0,0.0,0.0,0.0,137
2023-05-11 09:30:24,HO2312-P-2600,HO2312-P-2600,91.6,0.0,0.0,0.0,7,93.6,99.8,8,91.6,95.4,0.0,0.0,0.0,0.0,137
2023-05-11 09:30:25,HO2312-P-2600,HO2312-P-2600,91.6,0.0,0.0,0.0,7,93.6,99.8,6,91.6,95.4,0.0,0.0,0.0,0.0,137
2023-05-11 09:30:26,HO2312-P-2600,HO2312-P-2600,91.6,0.0,0.0,0.0,7,93.6,99.2,6,91.6,95.4,0.0,0.0,0.0,0.0,137
2023-05-11 09:30:26,HO2312-P-2600,HO2312-P-2600,91.6,0.0,0.0,0.0,7,93.6,99.2,12,91.6,95.4,0.0,0.0,0.0,0.0,137
2023-05-11 09:30:27,HO2312-P-2600,HO2312-P-2600,91.6,0.0,0.0,0.0,7,93.6,99.2,18,91.6,95.4,0.0,0.0,0.0,0.0,137
2023-05-11 09:30:27,HO2312-P-2600,HO2312-P-2600,91.6,0.0,0.0,0.0,7,93.6,96.6,1,91.6,95.4,0.0,0.0,0.0,0.0,137
2023-05-11 09:30:28,HO2312-P-2600,HO2312-P-2600,91.6,0.0,0.0,0.0,7,93.6,98.0,6,91.6,95.4,0.0,0.0,0.0,0.0,137
2023-05-11 09:30:28,HO2312-P-2600,HO2312-P-2600,91.6,0.0,0.0,0.0,7,93.6,97.2,1,91.6,95.4,0.0,0.0,0.0,0.0,137
2023-05-11 09:30:31,HO2312-P-2600,HO2312-P-2600,91.6,0.0,0.0,0.0,10,93.6,98.0,1,91.6,95.4,0.0,0.0,0.0,0.0,137
2023-05-11 09:30:35,HO2312-P-2600,HO2312-P-2600,91.6,0.0,0.0,0.0,7,93.6,98.0,1,91.6,95.4,0.0,0.0,0.0,0.0,137
2023-05-11 09:30:36,HO2312-P-2600,HO2312-P-2600,91.6,0.0,0.0,0.0,13,93.6,98.0,1,91.6,95.4,0.0,0.0,0.0,0.0,137
2023-05-11 09:30:37,HO2312-P-2600,HO2312-P-2600,91.6,0.0,0.0,0.0,16,93.6,98.0,1,91.6,95.4,0.0,0.0,0.0,0.0,137
2023-05-11 09:30:41,HO2312-P-2600,HO2312-P-2600,91.6,0.0,0.0,0.0,22,93.6,98.0,1,91.6,95.4,0.0,0.0,0.0,0.0,137
2023-05-11 09:30:42,HO2312-P-2600,HO2312-P-2600,91.6,0.0,0.0,0.0,28,93.6,98.0,1,91.6,95.4,0.0,0.0,0.0,0.0,137
2023-05-11 09:30:47,HO2312-P-2600,HO2312-P-2600,91.6,0.0,0.0,0.0,24,93.6,98.0,1,91.6,95.4,0.0,0.0,0.0,0.0,137
2023-05-11 09:30:53,HO2312-P-2600,HO2312-P-2600,91.6,0.0,0.0,0.0,27,93.6,98.0,1,91.6,95.4,0.0,0.0,0.0,0.0,137
2023-05-11 09:30:54,HO2312-P-2600,HO2312-P-2600,91.6,0.0,0.0,0.0,24,93.6,98.0,1,91.6,95.4,0.0,0.0,0.0,0.0,137
2023-05-11 09:30:58,HO2312-P-2600,HO2312-P-2600,91.6,0.0,0.0,0.0,18,93.6,98.0,1,91.6,95.4,0.0,0.0,0.0,0.0,137
2023-05-11 09:31:01,HO2312-P-2600,HO2312-P-2600,91.6,0.0,0.0,0.0,21,93.6,98.0,1,91.6,95.4,0.0,0.0,0.0,0.0,137
2023-05-11 09:31:18,HO2312-P-2600,HO2312-P-2600,91.6,0.0,0.0,0.0,18,93.6,98.0,1,91.6,95.4,0.0,0.0,0.0,0.0,137
2023-05-11 09:31:18,HO2312-P-2600,HO2312-P-2600,91.6,0.0,0.0,0.0,21,93.6,98.0,1,91.6,95.4,0.0,0.0,0.0,0.0,137
2023-05-11 09:31:19,HO2312-P-2600,HO2312-P-2600,91.6,0.0,0.0,0.0,18,93.6,98.0,1,91.6,95.4,0.0,0.0,0.0,0.0,137
2023-05-11 09:31:19,HO2312-P-2600,HO2312-P-2600,91.6,0.0,0.0,0.0,21,93.6,98.0,1,91.6,95.4,0.0,0.0,0.0,0.0,137
2023-05-11 09:31:21,HO2312-P-2600,HO2312-P-2600,91.6,0.0,0.0,0.0,27,93.6,98.0,1,91.6,95.4,0.0,0.0,0.0,0.0,137
2023-05-11 09:31:22,HO2312-P-2600,HO2312-P-2600,91.6,0.0,0.0,0.0,1,94.0,98.0,1,91.6,95.4,0.0,0.0,0.0,0.0,137
2023-05-11 09:31:34,HO2312-P-2600,HO2312-P-2600,91.6,0.0,0.0,0.0,30,93.6,98.0,1,91.6,95.4,0.0,0.0,0.0,0.0,137
2023-05-11 09:31:36,HO2312-P-2600,HO2312-P-2600,91.6,0.0,0.0,0.0,33,93.6,98.0,1,91.6,95.4,0.0,0.0,0.0,0.0,137
2023-05-11 09:31:37,HO2312-P-2600,HO2312-P-2600,91.6,0.0,0.0,0.0,1,93.8,98.0,1,91.6,95.4,0.0,0.0,0.0,0.0,137
2023-05-11 09:31:46,HO2312-P-2600,HO2312-P-2600,91.6,0.0,0.0,0.0,30,93.6,98.0,1,91.6,95.4,0.0,0.0,0.0,0.0,137
2023-05-11 09:31:47,HO2312-P-2600,HO2312-P-2600,91.6,0.0,0.0,0.0,24,93.6,98.0,1,91.6,95.4,0.0,0.0,0.0,0.0,137
2023-05-11 09:31:47,HO2312-P-2600,HO2312-P-2600,91.6,0.0,0.0,0.0,18,93.6,98.0,1,91.6,95.4,0.0,0.0,0.0,0.0,137
2023-05-11 09:31:48,HO2312-P-2600,HO2312-P-2600,91.6,0.0,0.0,0.0,18,93.6,97.8,6,91.6,95.4,0.0,0.0,0.0,0.0,137
2023-05-11 09:31:49,HO2312-P-2600,HO2312-P-2600,91.6,0.0,0.0,0.0,1,94.4,97.8,6,91.6,95.4,0.0,0.0,0.0,0.0,137
2023-05-11 09:31:50,HO2312-P-2600,HO2312-P-2600,91.6,0.0,0.0,0.0,1,94.4,97.8,1,91.6,95.4,0.0,0.0,0.0,0.0,137
2023-05-11 09:31:53,HO2312-P-2600,HO2312-P-2600,91.6,0.0,0.0,0.0,30,93.6,97.8,1,91.6,95.4,0.0,0.0,0.0,0.0,137
2023-05-11 09:31:53,HO2312-P-2600,HO2312-P-2600,91.6,0.0,0.0,0.0,27,93.6,97.8,1,91.6,95.4,0.0,0.0,0.0,0.0,137
2023-05-11 09:31:57,HO2312-P-2600,HO2312-P-2600,91.6,0.0,0.0,0.0,24,93.6,97.8,1,91.6,95.4,0.0,0.0,0.0,0.0,137
2023-05-11 09:31:58,HO2312-P-2600,HO2312-P-2600,91.6,0.0,0.0,0.0,28,93.6,97.8,1,91.6,95.4,0.0,0.0,0.0,0.0,137
2023-05-11 09:31:58,HO2312-P-2600,HO2312-P-2600,91.6,0.0,0.0,0.0,25,93.6,97.8,1,91.6,95.4,0.0,0.0,0.0,0.0,137
2023-05-11 09:32:04,HO2312-P-2600,HO2312-P-2600,91.6,0.0,0.0,0.0,28,93.6,97.8,1,91.6,95.4,0.0,0.0,0.0,0.0,137
2023-05-11 09:32:07,HO2312-P-2600,HO2312-P-2600,91.6,0.0,0.0,0.0,25,93.6,97.8,1,91.6,95.4,0.0,0.0,0.0,0.0,137
2023-05-11 09:32:10,HO2312-P-2600,HO2312-P-2600,91.6,0.0,0.0,0.0,1,93.8,97.8,1,91.6,95.4,0.0,0.0,0.0,0.0,137
2023-05-11 09:32:15,HO2312-P-2600,HO2312-P-2600,91.6,0.0,0.0,0.0,24,93.6,97.8,1,91.6,95.4,0.0,0.0,0.0,0.0,137
2023-05-11 09:32:20,HO2312-P-2600,HO2312-P-2600,91.6,0.0,0.0,0.0,12,93.6,97.6,6,91.6,95.4,0.0,0.0,0.0,0.0,137
2023-05-11 09:32:21,HO2312-P-2600,HO2312-P-2600,91.6,0.0,0.0,0.0,6,93.6,95.6,1,91.6,95.4,0.0,0.0,0.0,0.0,137
2023-05-11 09:32:25,HO2312-P-2600,HO2312-P-2600,91.6,0.0,0.0,0.0,12,93.4,95.6,1,91.6,95.4,0.0,0.0,0.0,0.0,137
2023-05-11 09:32:26,HO2312-P-2600,HO2312-P-2600,91.6,0.0,0.0,0.0,18,93.2,95.6,1,91.6,95.4,0.0,0.0,0.0,0.0,137
2023-05-11 09:32:26,HO2312-P-2600,HO2312-P-2600,91.6,0.0,0.0,0.0,12,93.2,95.6,1,91.6,95.4,0.0,0.0,0.0,0.0,137
2023-05-11 09:32:27,HO2312-P-2600,HO2312-P-2600,91.6,0.0,0.0,0.0,31,93.0,95.6,1,91.6,95.4,0.0,0.0,0.0,0.0,137
2023-05-11 09:32:27,HO2312-P-2600,HO2312-P-2600,91.6,0.0,0.0,0.0,25,93.0,95.6,1,91.6,95.4,0.0,0.0,0.0,0.0,137
2023-05-11 09:32:43,HO2312-P-2600,HO2312-P-2600,91.6,0.0,0.0,0.0,3,93.2,95.6,1,91.6,95.4,0.0,0.0,0.0,0.0,137
2023-05-11 09:32:46,HO2312-P-2600,HO2312-P-2600,91.6,0.0,0.0,0.0,18,93.0,95.6,1,91.6,95.4,0.0,0.0,0.0,0.0,137
2023-05-11 09:32:46,HO2312-P-2600,HO2312-P-2600,91.6,0.0,0.0,0.0,21,93.0,95.6,1,91.6,95.4,0.0,0.0,0.0,0.0,137
2023-05-11 09:32:51,HO2312-P-2600,HO2312-P-2600,91.6,0.0,0.0,0.0,22,93.0,95.6,1,91.6,95.4,0.0,0.0,0.0,0.0,137
2023-05-11 09:32:59,HO2312-P-2600,HO2312-P-2600,91.6,0.0,0.0,0.0,23,93.0,95.6,1,91.6,95.4,0.0,0.0,0.0,0.0,137
2023-05-11 09:33:04,HO2312-P-2600,HO2312-P-2600,91.6,0.0,0.0,0.0,23,93.0,96.0,1,91.6,95.4,0.0,0.0,0.0,0.0,137
2023-05-11 09:33:11,HO2312-P-2600,HO2312-P-2600,91.6,0.0,0.0,0.0,1,93.2,96.0,1,91.6,95.4,0.0,0.0,0.0,0.0,137
2023-05-11 09:33:12,HO2312-P-2600,HO2312-P-2600,91.6,0.0,0.0,0.0,3,93.4,96.0,1,91.6,95.4,0.0,0.0,0.0,0.0,137
2023-05-11 09:33:12,HO2312-P-2600,HO2312-P-2600,91.6,0.0,0.0,0.0,9,93.4,96.0,1,91.6,95.4,0.0,0.0,0.0,0.0,137
2023-05-11 09:33:16,HO2312-P-2600,HO2312-P-2600,91.6,0.0,0.0,0.0,3,93.4,96.0,1,91.6,95.4,0.0,0.0,0.0,0.0,137
2023-05-11 09:33:17,HO2312-P-2600,HO2312-P-2600,91.6,0.0,0.0,0.0,6,93.2,96.0,1,91.6,95.4,0.0,0.0,0.0,0.0,137
2023-05-11 09:33:18,HO2312-P-2600,HO2312-P-2600,91.6,0.0,0.0,0.0,9,93.2,96.0,1,91.6,95.4,0.0,0.0,0.0,0.0,137
2023-05-11 09:33:18,HO2312-P-2600,HO2312-P-2600,91.6,0.0,0.0,0.0,3,93.2,96.0,1,91.6,95.4,0.0,0.0,0.0,0.0,137
2023-05-11 09:33:30,HO2312-P-2600,HO2312-P-2600,91.6,0.0,0.0,0.0,3,93.2,97.2,24,91.6,95.4,0.0,0.0,0.0,0.0,137
2023-05-11 09:33:31,HO2312-P-2600,HO2312-P-2600,91.6,0.0,0.0,0.0,1,93.6,96.4,1,91.6,95.4,0.0,0.0,0.0,0.0,137
2023-05-11 09:33:31,HO2312-P-2600,HO2312-P-2600,91.6,0.0,0.0,0.0,4,93.6,96.4,1,91.6,95.4,0.0,0.0,0.0,0.0,137
2023-05-11 09:33:36,HO2312-P-2600,HO2312-P-2600,91.6,0.0,0.0,0.0,1,93.6,96.4,1,91.6,95.4,0.0,0.0,0.0,0.0,137
2023-05-11 09:33:37,HO2312-P-2600,HO2312-P-2600,91.6,0.0,0.0,0.0,4,93.6,96.4,1,91.6,95.4,0.0,0.0,0.0,0.0,137
2023-05-11 09:33:37,HO2312-P-2600,HO2312-P-2600,91.6,0.0,0.0,0.0,1,93.6,96.4,1,91.6,95.4,0.0,0.0,0.0,0.0,137
2023-05-11 09:33:39,HO2312-P-2600,HO2312-P-2600,91.6,0.0,0.0,0.0,4,93.6,96.4,1,91.6,95.4,0.0,0.0,0.0,0.0,137
2023-05-11 09:33:42,HO2312-P-2600,HO2312-P-2600,91.6,0.0,0.0,0.0,1,93.6,96.4,1,91.6,95.4,0.0,0.0,0.0,0.0,137
2023-05-11 09:33:43,HO2312-P-2600,HO2312-P-2600,91.6,0.0,0.0,0.0,4,93.6,96.4,1,91.6,95.4,0.0,0.0,0.0,0.0,137
2023-05-11 09:33:43,HO2312-P-2600,HO2312-P-2600,91.6,0.0,0.0,0.0,1,93.6,96.4,1,91.6,95.4,0.0,0.0,0.0,0.0,137
2023-05-11 09:33:44,HO2312-P-2600,HO2312-P-2600,91.6,0.0,0.0,0.0,4,93.6,96.4,1,91.6,95.4,0.0,0.0,0.0,0.0,137
2023-05-11 09:33:44,HO2312-P-2600,HO2312-P-2600,91.6,0.0,0.0,0.0,1,93.6,96.4,1,91.6,95.4,0.0,0.0,0.0,0.0,137
2023-05-11 09:33:45,HO2312-P-2600,HO2312-P-2600,91.6,0.0,0.0,0.0,24,93.0,96.4,1,91.6,95.4,0.0,0.0,0.0,0.0,137
2023-05-11 09:33:45,HO2312-P-2600,HO2312-P-2600,91.6,0.0,0.0,0.0,3,93.2,96.4,1,91.6,95.4,0.0,0.0,0.0,0.0,137
2023-05-11 09:33:46,HO2312-P-2600,HO2312-P-2600,91.6,0.0,0.0,0.0,24,93.0,96.4,1,91.6,95.4,0.0,0.0,0.0,0.0,137
2023-05-11 09:33:46,HO2312-P-2600,HO2312-P-2600,91.6,0.0,0.0,0.0,21,93.0,96.4,1,91.6,95.4,0.0,0.0,0.0,0.0,137
2023-05-11 09:34:09,HO2312-P-2600,HO2312-P-2600,91.6,0.0,0.0,0.0,6,93.4,96.4,1,91.6,95.4,0.0,0.0,0.0,0.0,137
2023-05-11 09:34:09,HO2312-P-2600,HO2312-P-2600,91.6,0.0,0.0,0.0,3,93.6,96.4,1,91.6,95.4,0.0,0.0,0.0,0.0,137
2023-05-11 09:34:21,HO2312-P-2600,HO2312-P-2600,91.6,0.0,0.0,0.0,18,93.0,96.4,1,91.6,95.4,0.0,0.0,0.0,0.0,137
2023-05-11 09:34:21,HO2312-P-2600,HO2312-P-2600,91.6,0.0,0.0,0.0,3,93.2,96.4,1,91.6,95.4,0.0,0.0,0.0,0.0,137
2023-05-11 09:34:34,HO2312-P-2600,HO2312-P-2600,91.6,0.0,0.0,0.0,6,93.4,96.4,1,91.6,95.4,0.0,0.0,0.0,0.0,137
2023-05-11 09:34:35,HO2312-P-2600,HO2312-P-2600,91.6,0.0,0.0,0.0,3,93.6,96.4,1,91.6,95.4,0.0,0.0,0.0,0.0,137
2023-05-11 09:34:39,HO2312-P-2600,HO2312-P-2600,91.6,0.0,0.0,0.0,11,93.6,96.4,1,91.6,95.4,0.0,0.0,0.0,0.0,137
2023-05-11 09:34:39,HO2312-P-2600,HO2312-P-2600,91.6,0.0,0.0,0.0,9,93.6,96.4,1,91.6,95.4,0.0,0.0,0.0,0.0,137
2023-05-11 09:34:40,HO2312-P-2600,HO2312-P-2600,91.6,0.0,0.0,0.0,5,93.6,96.4,1,91.6,95.4,0.0,0.0,0.0,0.0,137
2023-05-11 09:34:40,HO2312-P-2600,HO2312-P-2600,91.6,0.0,0.0,0.0,3,93.6,96.4,1,91.6,95.4,0.0,0.0,0.0,0.0,137
2023-05-11 09:34:43,HO2312-P-2600,HO2312-P-2600,91.6,0.0,0.0,0.0,9,93.6,96.4,1,91.6,95.4,0.0,0.0,0.0,0.0,137
2023-05-11 09:34:48,HO2312-P-2600,HO2312-P-2600,91.6,0.0,0.0,0.0,3,93.6,96.4,1,91.6,95.4,0.0,0.0,0.0,0.0,137
2023-05-11 09:34:51,HO2312-P-2600,HO2312-P-2600,91.6,0.0,0.0,0.0,24,93.4,96.4,1,91.6,95.4,0.0,0.0,0.0,0.0,137
2023-05-11 09:34:52,HO2312-P-2600,HO2312-P-2600,91.6,0.0,0.0,0.0,21,93.4,96.4,1,91.6,95.4,0.0,0.0,0.0,0.0,137
2023-05-11 09:35:02,HO2312-P-2600,HO2312-P-2600,91.6,0.0,0.0,0.0,23,93.4,96.4,1,91.6,95.4,0.0,0.0,0.0,0.0,137
2023-05-11 09:35:03,HO2312-P-2600,HO2312-P-2600,91.6,0.0,0.0,0.0,1,93.6,96.4,1,91.6,95.4,0.0,0.0,0.0,0.0,137
2023-05-11 09:35:03,HO2312-P-2600,HO2312-P-2600,91.6,0.0,0.0,0.0,3,93.8,96.4,1,91.6,95.4,0.0,0.0,0.0,0.0,137
2023-05-11 09:35:06,HO2312-P-2600,HO2312-P-2600,91.6,0.0,0.0,0.0,9,93.8,96.4,1,91.6,95.4,0.0,0.0,0.0,0.0,137
2023-05-11 09:35:07,HO2312-P-2600,HO2312-P-2600,91.6,0.0,0.0,0.0,11,93.8,96.4,1,91.6,95.4,0.0,0.0,0.0,0.0,137
2023-05-11 09:35:07,HO2312-P-2600,HO2312-P-2600,91.6,0.0,0.0,0.0,6,94.2,97.0,1,91.6,95.4,0.0,0.0,0.0,0.0,137
2023-05-11 09:35:08,HO2312-P-2600,HO2312-P-2600,91.6,0.0,0.0,0.0,3,94.4,97.0,1,91.6,95.4,0.0,0.0,0.0,0.0,137
2023-05-11 09:35:11,HO2312-P-2600,HO2312-P-2600,91.6,0.0,0.0,0.0,6,94.2,97.0,1,91.6,95.4,0.0,0.0,0.0,0.0,137
2023-05-11 09:35:11,HO2312-P-2600,HO2312-P-2600,91.6,0.0,0.0,0.0,9,94.2,97.0,1,91.6,95.4,0.0,0.0,0.0,0.0,137
2023-05-11 09:35:12,HO2312-P-2600,HO2312-P-2600,91.6,0.0,0.0,0.0,31,93.6,97.0,1,91.6,95.4,0.0,0.0,0.0,0.0,137
2023-05-11 09:35:13,HO2312-P-2600,HO2312-P-2600,91.6,0.0,0.0,0.0,3,93.8,97.0,1,91.6,95.4,0.0,0.0,0.0,0.0,137
2023-05-11 09:35:16,HO2312-P-2600,HO2312-P-2600,91.6,0.0,0.0,0.0,4,93.8,97.0,1,91.6,95.4,0.0,0.0,0.0,0.0,137
2023-05-11 09:35:18,HO2312-P-2600,HO2312-P-2600,91.6,0.0,0.0,0.0,3,93.8,97.0,1,91.6,95.4,0.0,0.0,0.0,0.0,137
2023-05-11 09:35:19,HO2312-P-2600,HO2312-P-2600,91.6,0.0,0.0,0.0,6,93.6,97.0,1,91.6,95.4,0.0,0.0,0.0,0.0,137
2023-05-11 09:35:19,HO2312-P-2600,HO2312-P-2600,91.6,0.0,0.0,0.0,9,93.6,97.0,1,91.6,95.4,0.0,0.0,0.0,0.0,137
2023-05-11 09:35:36,HO2312-P-2600,HO2312-P-2600,91.6,0.0,0.0,0.0,6,93.6,97.0,1,91.6,95.4,0.0,0.0,0.0,0.0,137
2023-05-11 09:35:37,HO2312-P-2600,HO2312-P-2600,91.6,0.0,0.0,0.0,9,93.6,97.0,1,91.6,95.4,0.0,0.0,0.0,0.0,137
2023-05-11 09:36:13,HO2312-P-2600,HO2312-P-2600,91.6,0.0,0.0,0.0,11,93.6,97.0,1,91.6,95.4,0.0,0.0,0.0,0.0,137
2023-05-11 09:36:14,HO2312-P-2600,HO2312-P-2600,91.6,0.0,0.0,0.0,1,93.8,97.0,1,91.6,95.4,0.0,0.0,0.0,0.0,137
2023-05-11 09:36:14,HO2312-P-2600,HO2312-P-2600,91.6,0.0,0.0,0.0,3,94.0,97.0,1,91.6,95.4,0.0,0.0,0.0,0.0,137
2023-05-11 09:36:17,HO2312-P-2600,HO2312-P-2600,91.6,0.0,0.0,0.0,6,94.2,97.0,1,91.6,95.4,0.0,0.0,0.0,0.0,137
2023-05-11 09:36:18,HO2312-P-2600,HO2312-P-2600,91.6,0.0,0.0,0.0,3,94.4,97.0,1,91.6,95.4,0.0,0.0,0.0,0.0,137
2023-05-11 09:36:35,HO2312-P-2600,HO2312-P-2600,91.6,0.0,0.0,0.0,6,94.2,97.0,1,91.6,95.4,0.0,0.0,0.0,0.0,137
2023-05-11 09:36:35,HO2312-P-2600,HO2312-P-2600,91.6,0.0,0.0,0.0,9,94.2,97.0,1,91.6,95.4,0.0,0.0,0.0,0.0,137
2023-05-11 09:37:12,HO2312-P-2600,HO2312-P-2600,91.6,0.0,0.0,0.0,15,94.2,97.0,1,91.6,95.4,0.0,0.0,0.0,0.0,137
2023-05-11 09:37:15,HO2312-P-2600,HO2312-P-2600,91.6,0.0,0.0,0.0,9,94.2,97.0,1,91.6,95.4,0.0,0.0,0.0,0.0,137
2023-05-11 09:37:23,HO2312-P-2600,HO2312-P-2600,91.6,0.0,0.0,0.0,18,94.0,97.0,1,91.6,95.4,0.0,0.0,0.0,0.0,137
2023-05-11 09:37:24,HO2312-P-2600,HO2312-P-2600,91.6,0.0,0.0,0.0,15,94.0,97.0,1,91.6,95.4,0.0,0.0,0.0,0.0,137
2023-05-11 09:37:24,HO2312-P-2600,HO2312-P-2600,91.6,0.0,0.0,0.0,9,94.0,97.0,1,91.6,95.4,0.0,0.0,0.0,0.0,137
2023-05-11 09:37:25,HO2312-P-2600,HO2312-P-2600,91.6,0.0,0.0,0.0,3,94.0,97.0,1,91.6,95.4,0.0,0.0,0.0,0.0,137
2023-05-11 09:37:29,HO2312-P-2600,HO2312-P-2600,91.6,0.0,0.0,0.0,4,94.0,97.0,1,91.6,95.4,0.0,0.0,0.0,0.0,137
2023-05-11 09:37:29,HO2312-P-2600,HO2312-P-2600,91.6,0.0,0.0,0.0,6,94.2,97.0,1,91.6,95.4,0.0,0.0,0.0,0.0,137
2023-05-11 09:37:30,HO2312-P-2600,HO2312-P-2600,91.6,0.0,0.0,0.0,3,94.4,97.0,1,91.6,95.4,0.0,0.0,0.0,0.0,137
2023-05-11 09:37:50,HO2312-P-2600,HO2312-P-2600,91.6,0.0,0.0,0.0,6,94.2,97.0,1,91.6,95.4,0.0,0.0,0.0,0.0,137
2023-05-11 09:37:50,HO2312-P-2600,HO2312-P-2600,91.6,0.0,0.0,0.0,18,93.8,97.0,1,91.6,95.4,0.0,0.0,0.0,0.0,137
2023-05-11 09:37:51,HO2312-P-2600,HO2312-P-2600,91.6,0.0,0.0,0.0,15,93.8,97.0,1,91.6,95.4,0.0,0.0,0.0,0.0,137
2023-05-11 09:37:51,HO2312-P-2600,HO2312-P-2600,91.6,0.0,0.0,0.0,9,93.8,97.0,1,91.6,95.4,0.0,0.0,0.0,0.0,137
2023-05-11 09:37:52,HO2312-P-2600,HO2312-P-2600,91.6,0.0,0.0,0.0,3,93.8,97.0,1,91.6,95.4,0.0,0.0,0.0,0.0,137
2023-05-11 09:38:13,HO2312-P-2600,HO2312-P-2600,91.6,0.0,0.0,0.0,4,93.8,97.0,1,91.6,95.4,0.0,0.0,0.0,0.0,137
2023-05-11 09:38:14,HO2312-P-2600,HO2312-P-2600,91.6,0.0,0.0,0.0,6,94.2,97.0,1,91.6,95.4,0.0,0.0,0.0,0.0,137
2023-05-11 09:38:15,HO2312-P-2600,HO2312-P-2600,91.6,0.0,0.0,0.0,3,94.4,97.0,1,91.6,95.4,0.0,0.0,0.0,0.0,137
2023-05-11 09:38:35,HO2312-P-2600,HO2312-P-2600,91.6,0.0,0.0,0.0,6,94.2,97.0,1,91.6,95.4,0.0,0.0,0.0,0.0,137
2023-05-11 09:38:36,HO2312-P-2600,HO2312-P-2600,91.6,0.0,0.0,0.0,9,94.2,97.0,1,91.6,95.4,0.0,0.0,0.0,0.0,137
2023-05-11 09:38:41,HO2312-P-2600,HO2312-P-2600,91.6,0.0,0.0,0.0,6,94.2,97.0,1,91.6,95.4,0.0,0.0,0.0,0.0,137
2023-05-11 09:38:41,HO2312-P-2600,HO2312-P-2600,91.6,0.0,0.0,0.0,9,94.2,97.0,1,91.6,95.4,0.0,0.0,0.0,0.0,137
2023-05-11 09:38:42,HO2312-P-2600,HO2312-P-2600,91.6,0.0,0.0,0.0,13,94.0,97.0,1,91.6,95.4,0.0,0.0,0.0,0.0,137
2023-05-11 09:38:42,HO2312-P-2600,HO2312-P-2600,91.6,0.0,0.0,0.0,4,94.0,97.0,1,91.6,95.4,0.0,0.0,0.0,0.0,137
2023-05-11 09:38:57,HO2312-P-2600,HO2312-P-2600,91.6,0.0,0.0,0.0,36,93.6,97.0,1,91.6,95.4,0.0,0.0,0.0,0.0,137
2023-05-11 09:38:57,HO2312-P-2600,HO2312-P-2600,91.6,0.0,0.0,0.0,3,93.8,97.0,1,91.6,95.4,0.0,0.0,0.0,0.0,137
2023-05-11 09:39:04,HO2312-P-2600,HO2312-P-2600,91.6,0.0,0.0,0.0,4,93.8,97.0,1,91.6,95.4,0.0,0.0,0.0,0.0,137
2023-05-11 09:39:12,HO2312-P-2600,HO2312-P-2600,91.6,0.0,0.0,0.0,2,94.0,97.0,1,91.6,95.4,0.0,0.0,0.0,0.0,137
2023-05-11 09:39:13,HO2312-P-2600,HO2312-P-2600,91.6,0.0,0.0,0.0,3,94.2,97.0,1,91.6,95.4,0.0,0.0,0.0,0.0,137
2023-05-11 09:39:13,HO2312-P-2600,HO2312-P-2600,91.6,0.0,0.0,0.0,5,94.2,97.0,1,91.6,95.4,0.0,0.0,0.0,0.0,137
2023-05-11 09:39:15,HO2312-P-2600,HO2312-P-2600,91.6,0.0,0.0,0.0,3,94.2,97.0,1,91.6,95.4,0.0,0.0,0.0,0.0,137
2023-05-11 09:39:15,HO2312-P-2600,HO2312-P-2600,91.6,0.0,0.0,0.0,5,94.2,97.0,1,91.6,95.4,0.0,0.0,0.0,0.0,137
2023-05-11 09:39:16,HO2312-P-2600,HO2312-P-2600,91.6,0.0,0.0,0.0,11,94.2,97.0,1,91.6,95.4,0.0,0.0,0.0,0.0,137
2023-05-11 09:39:17,HO2312-P-2600,HO2312-P-2600,91.6,0.0,0.0,0.0,17,94.2,97.0,1,91.6,95.4,0.0,0.0,0.0,0.0,137
2023-05-11 09:39:17,HO2312-P-2600,HO2312-P-2600,91.6,0.0,0.0,0.0,23,94.2,97.0,1,91.6,95.4,0.0,0.0,0.0,0.0,137
2023-05-11 09:39:19,HO2312-P-2600,HO2312-P-2600,91.6,0.0,0.0,0.0,21,94.2,97.0,1,91.6,95.4,0.0,0.0,0.0,0.0,137
2023-05-11 09:39:24,HO2312-P-2600,HO2312-P-2600,91.6,0.0,0.0,0.0,22,94.2,97.0,1,91.6,95.4,0.0,0.0,0.0,0.0,137
2023-05-11 09:39:25,HO2312-P-2600,HO2312-P-2600,91.6,0.0,0.0,0.0,24,94.2,97.0,1,91.6,95.4,0.0,0.0,0.0,0.0,137
2023-05-11 09:39:26,HO2312-P-2600,HO2312-P-2600,91.6,0.0,0.0,0.0,22,94.2,97.0,1,91.6,95.4,0.0,0.0,0.0,0.0,137
2023-05-11 09:40:27,HO2312-P-2600,HO2312-P-2600,91.6,0.0,0.0,0.0,1,94.4,97.0,1,91.6,95.4,0.0,0.0,0.0,0.0,137
2023-05-11 09:40:27,HO2312-P-2600,HO2312-P-2600,91.6,0.0,0.0,0.0,4,94.4,97.0,1,91.6,95.4,0.0,0.0,0.0,0.0,137
2023-05-11 09:40:28,HO2312-P-2600,HO2312-P-2600,91.6,0.0,0.0,0.0,10,94.4,97.0,1,91.6,95.4,0.0,0.0,0.0,0.0,137
2023-05-11 09:41:11,HO2312-P-2600,HO2312-P-2600,91.6,0.0,0.0,0.0,1,94.6,97.0,1,91.6,95.4,0.0,0.0,0.0,0.0,137
2023-05-11 09:41:12,HO2312-P-2600,HO2312-P-2600,91.6,0.0,0.0,0.0,3,94.8,97.0,1,91.6,95.4,0.0,0.0,0.0,0.0,137
2023-05-11 09:41:15,HO2312-P-2600,HO2312-P-2600,91.6,0.0,0.0,0.0,1,94.6,97.0,1,91.6,95.4,0.0,0.0,0.0,0.0,137
2023-05-11 09:41:15,HO2312-P-2600,HO2312-P-2600,91.6,0.0,0.0,0.0,4,94.6,97.0,1,91.6,95.4,0.0,0.0,0.0,0.0,137
2023-05-11 09:41:27,HO2312-P-2600,HO2312-P-2600,91.6,0.0,0.0,0.0,1,94.6,97.0,1,91.6,95.4,0.0,0.0,0.0,0.0,137
2023-05-11 09:41:28,HO2312-P-2600,HO2312-P-2600,91.6,0.0,0.0,0.0,4,94.6,97.0,1,91.6,95.4,0.0,0.0,0.0,0.0,137
2023-05-11 09:41:28,HO2312-P-2600,HO2312-P-2600,91.6,0.0,0.0,0.0,1,94.6,97.0,1,91.6,95.4,0.0,0.0,0.0,0.0,137
2023-05-11 09:41:29,HO2312-P-2600,HO2312-P-2600,91.6,0.0,0.0,0.0,4,94.6,97.0,1,91.6,95.4,0.0,0.0,0.0,0.0,137
2023-05-11 09:41:30,HO2312-P-2600,HO2312-P-2600,91.6,0.0,0.0,0.0,1,94.6,97.0,1,91.6,95.4,0.0,0.0,0.0,0.0,137
2023-05-11 09:41:32,HO2312-P-2600,HO2312-P-2600,91.6,0.0,0.0,0.0,4,94.6,97.0,1,91.6,95.4,0.0,0.0,0.0,0.0,137
2023-05-11 09:41:33,HO2312-P-2600,HO2312-P-2600,91.6,0.0,0.0,0.0,1,94.6,97.0,1,91.6,95.4,0.0,0.0,0.0,0.0,137
2023-05-11 09:41:35,HO2312-P-2600,HO2312-P-2600,91.6,0.0,0.0,0.0,4,94.6,97.0,1,91.6,95.4,0.0,0.0,0.0,0.0,137
2023-05-11 09:41:40,HO2312-P-2600,HO2312-P-2600,91.6,0.0,0.0,0.0,1,94.6,97.0,1,91.6,95.4,0.0,0.0,0.0,0.0,137
2023-05-11 09:41:40,HO2312-P-2600,HO2312-P-2600,91.6,0.0,0.0,0.0,4,94.6,97.0,1,91.6,95.4,0.0,0.0,0.0,0.0,137
2023-05-11 09:41:41,HO2312-P-2600,HO2312-P-2600,91.6,0.0,0.0,0.0,1,94.6,97.0,1,91.6,95.4,0.0,0.0,0.0,0.0,137
2023-05-11 09:41:42,HO2312-P-2600,HO2312-P-2600,91.6,0.0,0.0,0.0,4,94.6,97.0,1,91.6,95.4,0.0,0.0,0.0,0.0,137
2023-05-11 09:41:44,HO2312-P-2600,HO2312-P-2600,91.6,0.0,0.0,0.0,1,94.6,97.0,1,91.6,95.4,0.0,0.0,0.0,0.0,137
2023-05-11 09:41:45,HO2312-P-2600,HO2312-P-2600,91.6,0.0,0.0,0.0,4,94.6,97.0,1,91.6,95.4,0.0,0.0,0.0,0.0,137
2023-05-11 09:41:45,HO2312-P-2600,HO2312-P-2600,91.6,0.0,0.0,0.0,1,94.6,97.0,1,91.6,95.4,0.0,0.0,0.0,0.0,137
2023-05-11 09:41:49,HO2312-P-2600,HO2312-P-2600,91.6,0.0,0.0,0.0,4,94.6,97.0,1,91.6,95.4,0.0,0.0,0.0,0.0,137
2023-05-11 09:41:50,HO2312-P-2600,HO2312-P-2600,91.6,0.0,0.0,0.0,1,94.6,97.0,1,91.6,95.4,0.0,0.0,0.0,0.0,137
2023-05-11 09:41:55,HO2312-P-2600,HO2312-P-2600,91.6,0.0,0.0,0.0,4,94.6,97.0,1,91.6,95.4,0.0,0.0,0.0,0.0,137
2023-05-11 09:42:08,HO2312-P-2600,HO2312-P-2600,91.6,0.0,0.0,0.0,1,94.8,97.0,1,91.6,95.4,0.0,0.0,0.0,0.0,137
2023-05-11 09:42:08,HO2312-P-2600,HO2312-P-2600,91.6,0.0,0.0,0.0,4,94.8,97.0,1,91.6,95.4,0.0,0.0,0.0,0.0,137
2023-05-11 09:42:09,HO2312-P-2600,HO2312-P-2600,91.6,0.0,0.0,0.0,6,94.8,97.0,1,91.6,95.4,0.0,0.0,0.0,0.0,137
2023-05-11 09:42:09,HO2312-P-2600,HO2312-P-2600,91.6,0.0,0.0,0.0,6,94.8,97.8,6,91.6,95.4,0.0,0.0,0.0,0.0,137
2023-05-11 09:42:10,HO2312-P-2600,HO2312-P-2600,91.6,0.0,0.0,0.0,6,94.8,98.0,19,91.6,95.4,0.0,0.0,0.0,0.0,137
2023-05-11 09:42:10,HO2312-P-2600,HO2312-P-2600,91.6,0.0,0.0,0.0,4,94.8,98.0,13,91.6,95.4,0.0,0.0,0.0,0.0,137
2023-05-11 09:42:11,HO2312-P-2600,HO2312-P-2600,91.6,0.0,0.0,0.0,6,94.8,98.0,7,91.6,95.4,0.0,0.0,0.0,0.0,137
2023-05-11 09:42:11,HO2312-P-2600,HO2312-P-2600,91.6,0.0,0.0,0.0,6,94.8,98.0,1,91.6,95.4,0.0,0.0,0.0,0.0,137
2023-05-11 09:42:14,HO2312-P-2600,HO2312-P-2600,91.6,0.0,0.0,0.0,12,94.8,98.0,1,91.6,95.4,0.0,0.0,0.0,0.0,137
2023-05-11 09:42:14,HO2312-P-2600,HO2312-P-2600,91.6,0.0,0.0,0.0,18,94.8,98.0,1,91.6,95.4,0.0,0.0,0.0,0.0,137
2023-05-11 09:42:15,HO2312-P-2600,HO2312-P-2600,91.6,0.0,0.0,0.0,24,94.8,98.0,1,91.6,95.4,0.0,0.0,0.0,0.0,137
2023-05-11 09:42:15,HO2312-P-2600,HO2312-P-2600,91.6,0.0,0.0,0.0,25,94.8,98.0,1,91.6,95.4,0.0,0.0,0.0,0.0,137
2023-05-11 09:42:18,HO2312-P-2600,HO2312-P-2600,91.6,0.0,0.0,0.0,1,95.0,98.0,1,91.6,95.4,0.0,0.0,0.0,0.0,137
2023-05-11 09:42:18,HO2312-P-2600,HO2312-P-2600,91.6,0.0,0.0,0.0,3,95.2,98.0,1,91.6,95.4,0.0,0.0,0.0,0.0,137
2023-05-11 09:42:21,HO2312-P-2600,HO2312-P-2600,91.6,0.0,0.0,0.0,1,95.0,98.0,1,91.6,95.4,0.0,0.0,0.0,0.0,137
2023-05-11 09:42:21,HO2312-P-2600,HO2312-P-2600,91.6,0.0,0.0,0.0,6,95.0,98.0,1,91.6,95.4,0.0,0.0,0.0,0.0,137
2023-05-11 09:42:25,HO2312-P-2600,HO2312-P-2600,91.6,0.0,0.0,0.0,4,95.0,98.0,1,91.6,95.4,0.0,0.0,0.0,0.0,137
2023-05-11 09:42:43,HO2312-P-2600,HO2312-P-2600,91.6,0.0,0.0,0.0,1,95.6,98.6,30,91.6,95.4,0.0,0.0,0.0,0.0,137
2023-05-11 09:42:43,HO2312-P-2600,HO2312-P-2600,91.6,0.0,0.0,0.0,7,95.6,98.6,12,91.6,95.4,0.0,0.0,0.0,0.0,137
2023-05-11 09:42:44,HO2312-P-2600,HO2312-P-2600,91.6,0.0,0.0,0.0,7,95.6,98.6,6,91.6,95.4,0.0,0.0,0.0,0.0,137
2023-05-11 09:42:48,HO2312-P-2600,HO2312-P-2600,91.6,0.0,0.0,0.0,3,95.8,98.6,6,91.6,95.4,0.0,0.0,0.0,0.0,137
2023-05-11 09:42:50,HO2312-P-2600,HO2312-P-2600,91.6,0.0,0.0,0.0,19,95.6,98.6,6,91.6,95.4,0.0,0.0,0.0,0.0,137
2023-05-11 09:42:50,HO2312-P-2600,HO2312-P-2600,91.6,0.0,0.0,0.0,22,95.6,98.6,6,91.6,95.4,0.0,0.0,0.0,0.0,137
2023-05-11 09:43:00,HO2312-P-2600,HO2312-P-2600,91.6,0.0,0.0,0.0,30,95.6,98.6,6,91.6,95.4,0.0,0.0,0.0,0.0,137
2023-05-11 09:43:02,HO2312-P-2600,HO2312-P-2600,91.6,0.0,0.0,0.0,28,95.6,98.6,6,91.6,95.4,0.0,0.0,0.0,0.0,137
2023-05-11 09:43:25,HO2312-P-2600,HO2312-P-2600,91.6,0.0,0.0,0.0,29,95.6,98.6,6,91.6,95.4,0.0,0.0,0.0,0.0,137
2023-05-11 09:43:34,HO2312-P-2600,HO2312-P-2600,91.6,0.0,0.0,0.0,28,95.6,98.6,6,91.6,95.4,0.0,0.0,0.0,0.0,137
2023-05-11 09:43:34,HO2312-P-2600,HO2312-P-2600,91.6,0.0,0.0,0.0,28,95.6,98.4,1,91.6,95.4,0.0,0.0,0.0,0.0,137
2023-05-11 09:43:43,HO2312-P-2600,HO2312-P-2600,91.6,0.0,0.0,0.0,30,95.6,98.4,1,91.6,95.4,0.0,0.0,0.0,0.0,137
2023-05-11 09:43:45,HO2312-P-2600,HO2312-P-2600,91.6,0.0,0.0,0.0,1,95.8,98.4,1,91.6,95.4,0.0,0.0,0.0,0.0,137
2023-05-11 09:43:45,HO2312-P-2600,HO2312-P-2600,91.6,0.0,0.0,0.0,3,96.0,98.4,1,91.6,95.4,0.0,0.0,0.0,0.0,137
2023-05-11 09:43:46,HO2312-P-2600,HO2312-P-2600,91.6,0.0,0.0,0.0,1,95.8,98.4,1,91.6,95.4,0.0,0.0,0.0,0.0,137
2023-05-11 09:43:47,HO2312-P-2600,HO2312-P-2600,91.6,0.0,0.0,0.0,4,95.8,98.4,1,91.6,95.4,0.0,0.0,0.0,0.0,137
2023-05-11 09:44:23,HO2312-P-2600,HO2312-P-2600,91.6,0.0,0.0,0.0,1,95.8,98.4,1,91.6,95.4,0.0,0.0,0.0,0.0,137
2023-05-11 09:44:24,HO2312-P-2600,HO2312-P-2600,91.6,0.0,0.0,0.0,24,95.6,98.4,1,91.6,95.4,0.0,0.0,0.0,0.0,137
2023-05-11 09:44:25,HO2312-P-2600,HO2312-P-2600,91.6,0.0,0.0,0.0,27,95.6,98.4,1,91.6,95.4,0.0,0.0,0.0,0.0,137
2023-05-11 09:44:31,HO2312-P-2600,HO2312-P-2600,91.6,0.0,0.0,0.0,29,95.6,98.4,1,91.6,95.4,0.0,0.0,0.0,0.0,137
2023-05-11 09:44:35,HO2312-P-2600,HO2312-P-2600,91.6,0.0,0.0,0.0,27,95.6,98.4,1,91.6,95.4,0.0,0.0,0.0,0.0,137
2023-05-11 09:44:44,HO2312-P-2600,HO2312-P-2600,91.6,0.0,0.0,0.0,28,95.6,98.4,1,91.6,95.4,0.0,0.0,0.0,0.0,137
2023-05-11 09:44:50,HO2312-P-2600,HO2312-P-2600,91.6,0.0,0.0,0.0,30,95.6,98.4,1,91.6,95.4,0.0,0.0,0.0,0.0,137
2023-05-11 09:44:51,HO2312-P-2600,HO2312-P-2600,91.6,0.0,0.0,0.0,28,95.6,98.4,1,91.6,95.4,0.0,0.0,0.0,0.0,137
2023-05-11 09:44:57,HO2312-P-2600,HO2312-P-2600,91.6,0.0,0.0,0.0,19,95.6,98.4,1,91.6,95.4,0.0,0.0,0.0,0.0,137
2023-05-11 09:44:57,HO2312-P-2600,HO2312-P-2600,91.6,0.0,0.0,0.0,18,95.6,98.4,1,91.6,95.4,0.0,0.0,0.0,0.0,137
2023-05-11 09:45:02,HO2312-P-2600,HO2312-P-2600,91.6,0.0,0.0,0.0,12,95.6,98.4,1,91.6,95.4,0.0,0.0,0.0,0.0,137
2023-05-11 09:45:02,HO2312-P-2600,HO2312-P-2600,91.6,0.0,0.0,0.0,18,95.2,98.4,1,91.6,95.4,0.0,0.0,0.0,0.0,137
2023-05-11 09:45:03,HO2312-P-2600,HO2312-P-2600,91.6,0.0,0.0,0.0,15,95.2,98.4,1,91.6,95.4,0.0,0.0,0.0,0.0,137
2023-05-11 09:45:03,HO2312-P-2600,HO2312-P-2600,91.6,0.0,0.0,0.0,9,95.2,98.4,1,91.6,95.4,0.0,0.0,0.0,0.0,137
2023-05-11 09:45:04,HO2312-P-2600,HO2312-P-2600,91.6,0.0,0.0,0.0,3,95.2,98.4,1,91.6,95.4,0.0,0.0,0.0,0.0,137
2023-05-11 09:45:09,HO2312-P-2600,HO2312-P-2600,91.6,0.0,0.0,0.0,30,95.0,98.4,1,91.6,95.4,0.0,0.0,0.0,0.0,137
2023-05-11 09:45:09,HO2312-P-2600,HO2312-P-2600,91.6,0.0,0.0,0.0,27,95.0,98.4,1,91.6,95.4,0.0,0.0,0.0,0.0,137
2023-05-11 09:45:10,HO2312-P-2600,HO2312-P-2600,91.6,0.0,0.0,0.0,21,95.0,98.4,1,91.6,95.4,0.0,0.0,0.0,0.0,137
2023-05-11 09:45:27,HO2312-P-2600,HO2312-P-2600,91.6,0.0,0.0,0.0,1,95.2,98.4,1,91.6,95.4,0.0,0.0,0.0,0.0,137
2023-05-11 09:45:28,HO2312-P-2600,HO2312-P-2600,91.6,0.0,0.0,0.0,3,95.4,98.4,1,91.6,95.4,0.0,0.0,0.0,0.0,137
2023-05-11 09:45:33,HO2312-P-2600,HO2312-P-2600,95.4,1.0,9540.0,0.0,2,95.4,98.4,1,91.6,95.4,95.4,95.4,1.0,9540.0,137
2023-05-11 09:45:35,HO2312-P-2600,HO2312-P-2600,95.4,0.0,0.0,0.0,1,95.2,98.4,1,91.6,95.4,95.4,95.4,1.0,9540.0,137
2023-05-11 09:45:42,HO2312-P-2600,HO2312-P-2600,95.4,0.0,0.0,0.0,3,95.4,98.4,1,91.6,95.4,95.4,95.4,1.0,9540.0,137
2023-05-11 09:45:42,HO2312-P-2600,HO2312-P-2600,95.4,0.0,0.0,0.0,1,95.2,98.4,1,91.6,95.4,95.4,95.4,1.0,9540.0,137
2023-05-11 09:45:43,HO2312-P-2600,HO2312-P-2600,95.4,0.0,0.0,0.0,4,95.2,98.4,1,91.6,95.4,95.4,95.4,1.0,9540.0,137
2023-05-11 09:45:44,HO2312-P-2600,HO2312-P-2600,95.4,0.0,0.0,0.0,3,95.2,98.4,1,91.6,95.4,95.4,95.4,1.0,9540.0,137
2023-05-11 09:45:51,HO2312-P-2600,HO2312-P-2600,95.4,0.0,0.0,0.0,18,95.0,98.4,7,91.6,95.4,95.4,95.4,1.0,9540.0,137
2023-05-11 09:45:52,HO2312-P-2600,HO2312-P-2600,95.4,0.0,0.0,0.0,18,95.0,97.0,1,91.6,95.4,95.4,95.4,1.0,9540.0,137
2023-05-11 09:45:52,HO2312-P-2600,HO2312-P-2600,95.4,0.0,0.0,0.0,12,95.0,97.0,1,91.6,95.4,95.4,95.4,1.0,9540.0,137
2023-05-11 09:45:53,HO2312-P-2600,HO2312-P-2600,95.4,0.0,0.0,0.0,12,94.8,97.0,1,91.6,95.4,95.4,95.4,1.0,9540.0,137
2023-05-11 09:45:53,HO2312-P-2600,HO2312-P-2600,95.4,0.0,0.0,0.0,3,94.8,97.0,1,91.6,95.4,95.4,95.4,1.0,9540.0,137
2023-05-11 09:45:56,HO2312-P-2600,HO2312-P-2600,95.4,0.0,0.0,0.0,18,94.6,97.0,1,91.6,95.4,95.4,95.4,1.0,9540.0,137
2023-05-11 09:45:57,HO2312-P-2600,HO2312-P-2600,95.4,0.0,0.0,0.0,15,94.6,97.0,1,91.6,95.4,95.4,95.4,1.0,9540.0,137
2023-05-11 09:45:57,HO2312-P-2600,HO2312-P-2600,95.4,0.0,0.0,0.0,9,94.6,97.0,1,91.6,95.4,95.4,95.4,1.0,9540.0,137
2023-05-11 09:45:58,HO2312-P-2600,HO2312-P-2600,95.4,0.0,0.0,0.0,3,94.6,97.0,1,91.6,95.4,95.4,95.4,1.0,9540.0,137
2023-05-11 09:46:00,HO2312-P-2600,HO2312-P-2600,95.4,0.0,0.0,0.0,4,94.6,97.0,1,91.6,95.4,95.4,95.4,1.0,9540.0,137
2023-05-11 09:46:04,HO2312-P-2600,HO2312-P-2600,95.4,0.0,0.0,0.0,2,94.8,97.0,1,91.6,95.4,95.4,95.4,1.0,9540.0,137
2023-05-11 09:46:04,HO2312-P-2600,HO2312-P-2600,95.4,0.0,0.0,0.0,3,95.0,97.0,1,91.6,95.4,95.4,95.4,1.0,9540.0,137
2023-05-11 09:46:13,HO2312-P-2600,HO2312-P-2600,95.4,0.0,0.0,0.0,6,94.8,97.0,1,91.6,95.4,95.4,95.4,1.0,9540.0,137
2023-05-11 09:46:13,HO2312-P-2600,HO2312-P-2600,95.4,0.0,0.0,0.0,9,94.8,97.0,1,91.6,95.4,95.4,95.4,1.0,9540.0,137
2023-05-11 09:46:15,HO2312-P-2600,HO2312-P-2600,95.4,0.0,0.0,0.0,48,94.4,97.0,1,91.6,95.4,95.4,95.4,1.0,9540.0,137
2023-05-11 09:46:15,HO2312-P-2600,HO2312-P-2600,95.4,0.0,0.0,0.0,3,94.6,97.0,1,91.6,95.4,95.4,95.4,1.0,9540.0,137
2023-05-11 09:46:16,HO2312-P-2600,HO2312-P-2600,95.4,0.0,0.0,0.0,5,94.6,97.0,1,91.6,95.4,95.4,95.4,1.0,9540.0,137
2023-05-11 09:46:17,HO2312-P-2600,HO2312-P-2600,95.4,0.0,0.0,0.0,3,94.6,97.0,1,91.6,95.4,95.4,95.4,1.0,9540.0,137
2023-05-11 09:46:35,HO2312-P-2600,HO2312-P-2600,95.4,0.0,0.0,0.0,4,94.6,97.0,1,91.6,95.4,95.4,95.4,1.0,9540.0,137
2023-05-11 09:46:35,HO2312-P-2600,HO2312-P-2600,95.4,0.0,0.0,0.0,6,94.6,97.0,1,91.6,95.4,95.4,95.4,1.0,9540.0,137
2023-05-11 09:46:36,HO2312-P-2600,HO2312-P-2600,95.4,0.0,0.0,0.0,4,94.6,97.0,1,91.6,95.4,95.4,95.4,1.0,9540.0,137
2023-05-11 09:46:36,HO2312-P-2600,HO2312-P-2600,95.4,0.0,0.0,0.0,6,94.6,97.0,1,91.6,95.4,95.4,95.4,1.0,9540.0,137
2023-05-11 09:46:37,HO2312-P-2600,HO2312-P-2600,95.4,0.0,0.0,0.0,4,94.6,97.0,1,91.6,95.4,95.4,95.4,1.0,9540.0,137
2023-05-11 09:46:39,HO2312-P-2600,HO2312-P-2600,95.4,0.0,0.0,0.0,1,94.6,97.0,1,91.6,95.4,95.4,95.4,1.0,9540.0,137
2023-05-11 09:46:39,HO2312-P-2600,HO2312-P-2600,95.4,0.0,0.0,0.0,4,94.6,97.0,1,91.6,95.4,95.4,95.4,1.0,9540.0,137
2023-05-11 09:46:51,HO2312-P-2600,HO2312-P-2600,95.4,0.0,0.0,0.0,1,94.8,97.0,1,91.6,95.4,95.4,95.4,1.0,9540.0,137
2023-05-11 09:46:52,HO2312-P-2600,HO2312-P-2600,95.4,0.0,0.0,0.0,5,95.0,97.0,1,91.6,95.4,95.4,95.4,1.0,9540.0,137
2023-05-11 09:46:53,HO2312-P-2600,HO2312-P-2600,95.4,0.0,0.0,0.0,3,95.0,97.0,1,91.6,95.4,95.4,95.4,1.0,9540.0,137
2023-05-11 09:46:54,HO2312-P-2600,HO2312-P-2600,95.4,0.0,0.0,0.0,5,95.0,97.0,1,91.6,95.4,95.4,95.4,1.0,9540.0,137
2023-05-11 09:46:54,HO2312-P-2600,HO2312-P-2600,95.4,0.0,0.0,0.0,3,95.0,97.0,1,91.6,95.4,95.4,95.4,1.0,9540.0,137
2023-05-11 09:46:55,HO2312-P-2600,HO2312-P-2600,95.4,0.0,0.0,0.0,5,95.0,97.0,1,91.6,95.4,95.4,95.4,1.0,9540.0,137
2023-05-11 09:46:55,HO2312-P-2600,HO2312-P-2600,95.4,0.0,0.0,0.0,3,95.0,97.0,1,91.6,95.4,95.4,95.4,1.0,9540.0,137
2023-05-11 09:46:57,HO2312-P-2600,HO2312-P-2600,95.4,0.0,0.0,0.0,1,94.8,97.0,1,91.6,95.4,95.4,95.4,1.0,9540.0,137
2023-05-11 09:46:58,HO2312-P-2600,HO2312-P-2600,95.4,0.0,0.0,0.0,6,94.8,97.0,1,91.6,95.4,95.4,95.4,1.0,9540.0,137
2023-05-11 09:47:03,HO2312-P-2600,HO2312-P-2600,95.4,0.0,0.0,0.0,1,95.0,97.0,1,91.6,95.4,95.4,95.4,1.0,9540.0,137
2023-05-11 09:47:04,HO2312-P-2600,HO2312-P-2600,95.4,0.0,0.0,0.0,5,95.2,97.0,1,91.6,95.4,95.4,95.4,1.0,9540.0,137
2023-05-11 09:47:06,HO2312-P-2600,HO2312-P-2600,95.4,0.0,0.0,0.0,2,95.2,97.0,1,91.6,95.4,95.4,95.4,1.0,9540.0,137
2023-05-11 09:47:06,HO2312-P-2600,HO2312-P-2600,95.4,0.0,0.0,0.0,3,95.2,97.0,1,91.6,95.4,95.4,95.4,1.0,9540.0,137
2023-05-11 09:47:07,HO2312-P-2600,HO2312-P-2600,95.4,0.0,0.0,0.0,1,95.0,97.0,1,91.6,95.4,95.4,95.4,1.0,9540.0,137
2023-05-11 09:47:08,HO2312-P-2600,HO2312-P-2600,95.4,0.0,0.0,0.0,6,95.0,97.0,1,91.6,95.4,95.4,95.4,1.0,9540.0,137
2023-05-11 09:47:08,HO2312-P-2600,HO2312-P-2600,95.4,0.0,0.0,0.0,5,95.0,97.0,1,91.6,95.4,95.4,95.4,1.0,9540.0,137
2023-05-11 09:47:09,HO2312-P-2600,HO2312-P-2600,95.4,0.0,0.0,0.0,3,95.0,97.0,1,91.6,95.4,95.4,95.4,1.0,9540.0,137
2023-05-11 09:47:10,HO2312-P-2600,HO2312-P-2600,95.4,0.0,0.0,0.0,7,94.6,97.0,1,91.6,95.4,95.4,95.4,1.0,9540.0,137
2023-05-11 09:47:11,HO2312-P-2600,HO2312-P-2600,95.4,0.0,0.0,0.0,5,94.8,97.0,1,91.6,95.4,95.4,95.4,1.0,9540.0,137
2023-05-11 09:47:13,HO2312-P-2600,HO2312-P-2600,95.4,0.0,0.0,0.0,3,94.8,97.0,1,91.6,95.4,95.4,95.4,1.0,9540.0,137
2023-05-11 09:47:14,HO2312-P-2600,HO2312-P-2600,95.4,0.0,0.0,0.0,5,94.8,97.0,1,91.6,95.4,95.4,95.4,1.0,9540.0,137
2023-05-11 09:47:33,HO2312-P-2600,HO2312-P-2600,95.4,0.0,0.0,0.0,3,94.8,97.0,1,91.6,95.4,95.4,95.4,1.0,9540.0,137
2023-05-11 09:47:38,HO2312-P-2600,HO2312-P-2600,95.4,0.0,0.0,0.0,7,94.6,97.0,1,91.6,95.4,95.4,95.4,1.0,9540.0,137
2023-05-11 09:47:39,HO2312-P-2600,HO2312-P-2600,95.4,0.0,0.0,0.0,12,94.6,97.0,1,91.6,95.4,95.4,95.4,1.0,9540.0,137
2023-05-11 09:47:39,HO2312-P-2600,HO2312-P-2600,95.4,0.0,0.0,0.0,10,94.6,97.0,1,91.6,95.4,95.4,95.4,1.0,9540.0,137
2023-05-11 09:47:40,HO2312-P-2600,HO2312-P-2600,95.4,0.0,0.0,0.0,12,94.6,97.0,1,91.6,95.4,95.4,95.4,1.0,9540.0,137
2023-05-11 09:47:40,HO2312-P-2600,HO2312-P-2600,95.4,0.0,0.0,0.0,10,94.6,97.0,1,91.6,95.4,95.4,95.4,1.0,9540.0,137
2023-05-11 09:47:41,HO2312-P-2600,HO2312-P-2600,95.4,0.0,0.0,0.0,36,94.4,97.0,1,91.6,95.4,95.4,95.4,1.0,9540.0,137
2023-05-11 09:47:42,HO2312-P-2600,HO2312-P-2600,95.4,0.0,0.0,0.0,35,94.4,97.0,1,91.6,95.4,95.4,95.4,1.0,9540.0,137
2023-05-11 09:47:42,HO2312-P-2600,HO2312-P-2600,95.4,0.0,0.0,0.0,29,94.4,97.0,1,91.6,95.4,95.4,95.4,1.0,9540.0,137
2023-05-11 09:48:08,HO2312-P-2600,HO2312-P-2600,95.4,0.0,0.0,0.0,30,94.4,97.0,1,91.6,95.4,95.4,95.4,1.0,9540.0,137
2023-05-11 09:48:13,HO2312-P-2600,HO2312-P-2600,95.4,0.0,0.0,0.0,6,94.6,97.0,1,91.6,95.4,95.4,95.4,1.0,9540.0,137
2023-05-11 09:48:14,HO2312-P-2600,HO2312-P-2600,95.4,0.0,0.0,0.0,5,94.8,97.0,1,91.6,95.4,95.4,95.4,1.0,9540.0,137
2023-05-11 09:48:31,HO2312-P-2600,HO2312-P-2600,95.4,0.0,0.0,0.0,3,94.8,97.0,1,91.6,95.4,95.4,95.4,1.0,9540.0,137
2023-05-11 09:48:32,HO2312-P-2600,HO2312-P-2600,95.4,0.0,0.0,0.0,5,94.8,97.0,1,91.6,95.4,95.4,95.4,1.0,9540.0,137
2023-05-11 09:48:32,HO2312-P-2600,HO2312-P-2600,95.4,0.0,0.0,0.0,3,94.8,97.0,1,91.6,95.4,95.4,95.4,1.0,9540.0,137
2023-05-11 09:48:33,HO2312-P-2600,HO2312-P-2600,95.4,0.0,0.0,0.0,5,94.8,97.0,1,91.6,95.4,95.4,95.4,1.0,9540.0,137
2023-05-11 09:48:36,HO2312-P-2600,HO2312-P-2600,95.4,0.0,0.0,0.0,3,94.8,97.0,1,91.6,95.4,95.4,95.4,1.0,9540.0,137
2023-05-11 09:48:38,HO2312-P-2600,HO2312-P-2600,95.4,0.0,0.0,0.0,4,94.8,97.0,1,91.6,95.4,95.4,95.4,1.0,9540.0,137
2023-05-11 09:48:38,HO2312-P-2600,HO2312-P-2600,95.4,0.0,0.0,0.0,1,94.8,97.0,1,91.6,95.4,95.4,95.4,1.0,9540.0,137
2023-05-11 09:48:39,HO2312-P-2600,HO2312-P-2600,95.4,0.0,0.0,0.0,4,94.8,97.0,1,91.6,95.4,95.4,95.4,1.0,9540.0,137
2023-05-11 09:48:45,HO2312-P-2600,HO2312-P-2600,95.4,0.0,0.0,0.0,1,94.8,97.0,1,91.6,95.4,95.4,95.4,1.0,9540.0,137
2023-05-11 09:48:49,HO2312-P-2600,HO2312-P-2600,95.4,0.0,0.0,0.0,4,94.8,97.0,1,91.6,95.4,95.4,95.4,1.0,9540.0,137
2023-05-11 09:49:01,HO2312-P-2600,HO2312-P-2600,95.4,0.0,0.0,0.0,1,94.8,97.0,1,91.6,95.4,95.4,95.4,1.0,9540.0,137
2023-05-11 09:49:02,HO2312-P-2600,HO2312-P-2600,95.4,0.0,0.0,0.0,4,94.8,97.0,1,91.6,95.4,95.4,95.4,1.0,9540.0,137
2023-05-11 09:49:02,HO2312-P-2600,HO2312-P-2600,95.4,0.0,0.0,0.0,6,94.8,97.0,1,91.6,95.4,95.4,95.4,1.0,9540.0,137
2023-05-11 09:49:03,HO2312-P-2600,HO2312-P-2600,95.4,0.0,0.0,0.0,1,95.0,97.0,1,91.6,95.4,95.4,95.4,1.0,9540.0,137
2023-05-11 09:49:04,HO2312-P-2600,HO2312-P-2600,95.4,0.0,0.0,0.0,5,95.2,97.0,1,91.6,95.4,95.4,95.4,1.0,9540.0,137
2023-05-11 09:49:05,HO2312-P-2600,HO2312-P-2600,95.4,0.0,0.0,0.0,11,95.2,97.0,1,91.6,95.4,95.4,95.4,1.0,9540.0,137
2023-05-11 09:49:05,HO2312-P-2600,HO2312-P-2600,95.4,0.0,0.0,0.0,17,95.2,97.0,1,91.6,95.4,95.4,95.4,1.0,9540.0,137
2023-05-11 09:49:06,HO2312-P-2600,HO2312-P-2600,95.4,0.0,0.0,0.0,23,95.2,97.0,1,91.6,95.4,95.4,95.4,1.0,9540.0,137
2023-05-11 09:49:09,HO2312-P-2600,HO2312-P-2600,95.4,0.0,0.0,0.0,24,95.2,97.0,1,91.6,95.4,95.4,95.4,1.0,9540.0,137
2023-05-11 09:49:20,HO2312-P-2600,HO2312-P-2600,95.4,0.0,0.0,0.0,22,95.2,97.0,1,91.6,95.4,95.4,95.4,1.0,9540.0,137
2023-05-11 09:49:21,HO2312-P-2600,HO2312-P-2600,95.4,0.0,0.0,0.0,24,95.2,97.0,1,91.6,95.4,95.4,95.4,1.0,9540.0,137
2023-05-11 09:49:22,HO2312-P-2600,HO2312-P-2600,95.4,0.0,0.0,0.0,22,95.2,97.0,1,91.6,95.4,95.4,95.4,1.0,9540.0,137
2023-05-11 09:49:23,HO2312-P-2600,HO2312-P-2600,95.4,0.0,0.0,0.0,16,95.2,97.0,1,91.6,95.4,95.4,95.4,1.0,9540.0,137
2023-05-11 09:49:24,HO2312-P-2600,HO2312-P-2600,95.4,0.0,0.0,0.0,12,95.2,97.0,1,91.6,95.4,95.4,95.4,1.0,9540.0,137
2023-05-11 09:49:24,HO2312-P-2600,HO2312-P-2600,95.4,0.0,0.0,0.0,1,94.8,97.0,1,91.6,95.4,95.4,95.4,1.0,9540.0,137
2023-05-11 09:49:25,HO2312-P-2600,HO2312-P-2600,95.4,0.0,0.0,0.0,5,95.0,97.0,1,91.6,95.4,95.4,95.4,1.0,9540.0,137
2023-05-11 09:49:26,HO2312-P-2600,HO2312-P-2600,95.4,0.0,0.0,0.0,3,95.0,97.0,1,91.6,95.4,95.4,95.4,1.0,9540.0,137
2023-05-11 09:49:27,HO2312-P-2600,HO2312-P-2600,95.4,0.0,0.0,0.0,5,95.0,97.0,1,91.6,95.4,95.4,95.4,1.0,9540.0,137
2023-05-11 09:49:27,HO2312-P-2600,HO2312-P-2600,95.4,0.0,0.0,0.0,3,95.0,97.0,1,91.6,95.4,95.4,95.4,1.0,9540.0,137
2023-05-11 09:49:28,HO2312-P-2600,HO2312-P-2600,95.4,0.0,0.0,0.0,5,95.0,97.0,1,91.6,95.4,95.4,95.4,1.0,9540.0,137
2023-05-11 09:49:29,HO2312-P-2600,HO2312-P-2600,95.4,0.0,0.0,0.0,3,95.0,97.0,1,91.6,95.4,95.4,95.4,1.0,9540.0,137
2023-05-11 09:49:29,HO2312-P-2600,HO2312-P-2600,95.4,0.0,0.0,0.0,5,95.0,97.0,1,91.6,95.4,95.4,95.4,1.0,9540.0,137
2023-05-11 09:49:31,HO2312-P-2600,HO2312-P-2600,95.4,0.0,0.0,0.0,3,95.0,97.0,1,91.6,95.4,95.4,95.4,1.0,9540.0,137
2023-05-11 09:49:33,HO2312-P-2600,HO2312-P-2600,95.4,0.0,0.0,0.0,5,95.0,97.0,1,91.6,95.4,95.4,95.4,1.0,9540.0,137
2023-05-11 09:49:34,HO2312-P-2600,HO2312-P-2600,95.4,0.0,0.0,0.0,6,95.0,97.0,1,91.6,95.4,95.4,95.4,1.0,9540.0,137
2023-05-11 09:49:37,HO2312-P-2600,HO2312-P-2600,95.4,0.0,0.0,0.0,4,95.0,97.0,1,91.6,95.4,95.4,95.4,1.0,9540.0,137
2023-05-11 09:49:57,HO2312-P-2600,HO2312-P-2600,95.4,0.0,0.0,0.0,1,95.0,97.0,1,91.6,95.4,95.4,95.4,1.0,9540.0,137
2023-05-11 09:49:58,HO2312-P-2600,HO2312-P-2600,95.4,0.0,0.0,0.0,4,95.0,97.0,1,91.6,95.4,95.4,95.4,1.0,9540.0,137
2023-05-11 09:49:59,HO2312-P-2600,HO2312-P-2600,95.4,0.0,0.0,0.0,1,95.0,97.0,1,91.6,95.4,95.4,95.4,1.0,9540.0,137
2023-05-11 09:50:01,HO2312-P-2600,HO2312-P-2600,95.4,0.0,0.0,0.0,4,95.0,97.0,1,91.6,95.4,95.4,95.4,1.0,9540.0,137
2023-05-11 09:50:01,HO2312-P-2600,HO2312-P-2600,95.4,0.0,0.0,0.0,6,95.0,97.0,1,91.6,95.4,95.4,95.4,1.0,9540.0,137
2023-05-11 09:50:03,HO2312-P-2600,HO2312-P-2600,95.4,0.0,0.0,0.0,1,95.2,97.0,1,91.6,95.4,95.4,95.4,1.0,9540.0,137
2023-05-11 09:50:04,HO2312-P-2600,HO2312-P-2600,95.4,0.0,0.0,0.0,5,95.4,97.0,1,91.6,95.4,95.4,95.4,1.0,9540.0,137
2023-05-11 09:50:04,HO2312-P-2600,HO2312-P-2600,95.4,0.0,0.0,0.0,9,95.4,97.0,1,91.6,95.4,95.4,95.4,1.0,9540.0,137
2023-05-11 09:50:05,HO2312-P-2600,HO2312-P-2600,97.0,1.0,9700.0,0.0,9,95.4,98.4,18,91.6,95.4,97.0,95.4,2.0,19240.0,137
2023-05-11 09:50:06,HO2312-P-2600,HO2312-P-2600,97.0,0.0,0.0,0.0,9,95.4,98.4,12,91.6,95.4,97.0,95.4,2.0,19240.0,137
2023-05-11 09:50:06,HO2312-P-2600,HO2312-P-2600,97.0,0.0,0.0,0.0,9,95.4,98.6,24,91.6,95.4,97.0,95.4,2.0,19240.0,137
2023-05-11 09:50:07,HO2312-P-2600,HO2312-P-2600,97.0,0.0,0.0,0.0,9,95.4,98.6,12,91.6,95.4,97.0,95.4,2.0,19240.0,137
2023-05-11 09:50:07,HO2312-P-2600,HO2312-P-2600,97.0,0.0,0.0,0.0,9,95.4,98.8,18,91.6,95.4,97.0,95.4,2.0,19240.0,137
2023-05-11 09:50:08,HO2312-P-2600,HO2312-P-2600,97.0,0.0,0.0,0.0,9,95.4,98.8,20,91.6,95.4,97.0,95.4,2.0,19240.0,137
2023-05-11 09:50:08,HO2312-P-2600,HO2312-P-2600,97.0,0.0,0.0,0.0,6,95.4,98.8,20,91.6,95.4,97.0,95.4,2.0,19240.0,137
2023-05-11 09:50:09,HO2312-P-2600,HO2312-P-2600,97.0,0.0,0.0,0.0,9,95.4,98.8,20,91.6,95.4,97.0,95.4,2.0,19240.0,137
2023-05-11 09:50:11,HO2312-P-2600,HO2312-P-2600,97.0,0.0,0.0,0.0,6,95.4,98.8,20,91.6,95.4,97.0,95.4,2.0,19240.0,137
2023-05-11 09:50:23,HO2312-P-2600,HO2312-P-2600,97.0,0.0,0.0,0.0,12,95.2,98.8,20,91.6,95.4,97.0,95.4,2.0,19240.0,137
2023-05-11 09:50:23,HO2312-P-2600,HO2312-P-2600,97.0,0.0,0.0,0.0,48,94.6,98.8,20,91.6,95.4,97.0,95.4,2.0,19240.0,137
2023-05-11 09:50:24,HO2312-P-2600,HO2312-P-2600,97.0,0.0,0.0,0.0,5,94.8,98.8,20,91.6,95.4,97.0,95.4,2.0,19240.0,137
2023-05-11 09:50:24,HO2312-P-2600,HO2312-P-2600,97.0,0.0,0.0,0.0,3,94.8,98.8,20,91.6,95.4,97.0,95.4,2.0,19240.0,137
2023-05-11 09:50:26,HO2312-P-2600,HO2312-P-2600,97.0,0.0,0.0,0.0,4,94.8,98.8,20,91.6,95.4,97.0,95.4,2.0,19240.0,137
2023-05-11 09:50:28,HO2312-P-2600,HO2312-P-2600,97.0,0.0,0.0,0.0,6,94.8,98.8,20,91.6,95.4,97.0,95.4,2.0,19240.0,137
2023-05-11 09:50:29,HO2312-P-2600,HO2312-P-2600,97.0,0.0,0.0,0.0,4,94.8,98.8,20,91.6,95.4,97.0,95.4,2.0,19240.0,137
2023-05-11 09:50:30,HO2312-P-2600,HO2312-P-2600,97.0,0.0,0.0,0.0,6,94.8,98.8,20,91.6,95.4,97.0,95.4,2.0,19240.0,137
2023-05-11 09:50:30,HO2312-P-2600,HO2312-P-2600,97.0,0.0,0.0,0.0,4,94.8,98.8,20,91.6,95.4,97.0,95.4,2.0,19240.0,137
2023-05-11 09:50:32,HO2312-P-2600,HO2312-P-2600,97.0,0.0,0.0,0.0,36,94.6,98.8,20,91.6,95.4,97.0,95.4,2.0,19240.0,137
2023-05-11 09:50:32,HO2312-P-2600,HO2312-P-2600,97.0,0.0,0.0,0.0,33,94.6,98.8,20,91.6,95.4,97.0,95.4,2.0,19240.0,137
2023-05-11 09:50:37,HO2312-P-2600,HO2312-P-2600,97.0,0.0,0.0,0.0,33,94.6,97.8,1,91.6,95.4,97.0,95.4,2.0,19240.0,137
2023-05-11 09:50:37,HO2312-P-2600,HO2312-P-2600,97.0,0.0,0.0,0.0,35,94.6,97.8,1,91.6,95.4,97.0,95.4,2.0,19240.0,137
2023-05-11 09:50:38,HO2312-P-2600,HO2312-P-2600,97.0,0.0,0.0,0.0,33,94.6,97.8,1,91.6,95.4,97.0,95.4,2.0,19240.0,137
2023-05-11 09:50:49,HO2312-P-2600,HO2312-P-2600,97.0,0.0,0.0,0.0,1,94.8,97.8,1,91.6,95.4,97.0,95.4,2.0,19240.0,137
2023-05-11 09:50:50,HO2312-P-2600,HO2312-P-2600,97.0,0.0,0.0,0.0,3,95.0,97.8,1,91.6,95.4,97.0,95.4,2.0,19240.0,137
2023-05-11 09:50:50,HO2312-P-2600,HO2312-P-2600,95.0,2.0,19000.0,0.0,1,95.0,97.8,1,91.6,95.4,97.0,95.0,4.0,38240.0,137
2023-05-11 09:50:52,HO2312-P-2600,HO2312-P-2600,95.0,0.0,0.0,0.0,1,94.8,97.8,1,91.6,95.4,97.0,95.0,4.0,38240.0,137
2023-05-11 09:50:53,HO2312-P-2600,HO2312-P-2600,95.0,0.0,0.0,0.0,3,95.0,97.8,1,91.6,95.4,97.0,95.0,4.0,38240.0,137
2023-05-11 09:50:55,HO2312-P-2600,HO2312-P-2600,95.0,1.0,9500.0,0.0,1,94.8,97.8,1,91.6,95.4,97.0,95.0,5.0,47740.0,137
2023-05-11 09:50:58,HO2312-P-2600,HO2312-P-2600,95.0,0.0,0.0,0.0,30,94.6,97.8,1,91.6,95.4,97.0,95.0,5.0,47740.0,137
2023-05-11 09:50:58,HO2312-P-2600,HO2312-P-2600,95.0,0.0,0.0,0.0,32,94.6,97.8,1,91.6,95.4,97.0,95.0,5.0,47740.0,137
2023-05-11 09:51:00,HO2312-P-2600,HO2312-P-2600,95.0,0.0,0.0,0.0,30,94.6,97.8,1,91.6,95.4,97.0,95.0,5.0,47740.0,137
2023-05-11 09:51:03,HO2312-P-2600,HO2312-P-2600,95.0,0.0,0.0,0.0,32,94.6,97.8,1,91.6,95.4,97.0,95.0,5.0,47740.0,137
2023-05-11 09:51:08,HO2312-P-2600,HO2312-P-2600,95.0,0.0,0.0,0.0,1,94.8,97.8,1,91.6,95.4,97.0,95.0,5.0,47740.0,137
2023-05-11 09:51:09,HO2312-P-2600,HO2312-P-2600,95.0,0.0,0.0,0.0,3,94.8,97.8,1,91.6,95.4,97.0,95.0,5.0,47740.0,137
2023-05-11 09:51:10,HO2312-P-2600,HO2312-P-2600,95.0,0.0,0.0,0.0,1,94.8,97.8,1,91.6,95.4,97.0,95.0,5.0,47740.0,137
2023-05-11 09:51:15,HO2312-P-2600,HO2312-P-2600,95.0,0.0,0.0,0.0,30,94.6,97.8,1,91.6,95.4,97.0,95.0,5.0,47740.0,137
2023-05-11 09:51:15,HO2312-P-2600,HO2312-P-2600,95.0,0.0,0.0,0.0,32,94.6,97.8,1,91.6,95.4,97.0,95.0,5.0,47740.0,137
2023-05-11 09:51:18,HO2312-P-2600,HO2312-P-2600,95.0,0.0,0.0,0.0,1,94.8,97.8,1,91.6,95.4,97.0,95.0,5.0,47740.0,137
2023-05-11 09:51:19,HO2312-P-2600,HO2312-P-2600,95.0,0.0,0.0,0.0,2,95.0,97.8,1,91.6,95.4,97.0,95.0,5.0,47740.0,137
2023-05-11 09:51:21,HO2312-P-2600,HO2312-P-2600,95.0,0.0,0.0,0.0,1,94.8,97.8,1,91.6,95.4,97.0,95.0,5.0,47740.0,137
2023-05-11 09:51:31,HO2312-P-2600,HO2312-P-2600,95.0,0.0,0.0,0.0,3,94.8,97.8,1,91.6,95.4,97.0,95.0,5.0,47740.0,137
2023-05-11 09:51:39,HO2312-P-2600,HO2312-P-2600,95.0,0.0,0.0,0.0,1,94.8,97.8,1,91.6,95.4,97.0,95.0,5.0,47740.0,137
2023-05-11 09:51:59,HO2312-P-2600,HO2312-P-2600,95.0,0.0,0.0,0.0,30,94.6,97.8,1,91.6,95.4,97.0,95.0,5.0,47740.0,137
2023-05-11 09:52:00,HO2312-P-2600,HO2312-P-2600,95.0,0.0,0.0,0.0,32,94.6,97.8,1,91.6,95.4,97.0,95.0,5.0,47740.0,137
2023-05-11 09:52:20,HO2312-P-2600,HO2312-P-2600,95.0,0.0,0.0,0.0,1,94.8,97.8,1,91.6,95.4,97.0,95.0,5.0,47740.0,137
2023-05-11 09:52:20,HO2312-P-2600,HO2312-P-2600,95.0,0.0,0.0,0.0,2,95.0,97.8,1,91.6,95.4,97.0,95.0,5.0,47740.0,137
2023-05-11 09:52:21,HO2312-P-2600,HO2312-P-2600,95.0,0.0,0.0,0.0,1,94.8,97.8,1,91.6,95.4,97.0,95.0,5.0,47740.0,137
2023-05-11 09:52:21,HO2312-P-2600,HO2312-P-2600,95.0,0.0,0.0,0.0,3,94.8,97.8,1,91.6,95.4,97.0,95.0,5.0,47740.0,137
2023-05-11 09:52:22,HO2312-P-2600,HO2312-P-2600,95.0,0.0,0.0,0.0,1,94.8,97.8,1,91.6,95.4,97.0,95.0,5.0,47740.0,137
2023-05-11 09:52:31,HO2312-P-2600,HO2312-P-2600,95.0,0.0,0.0,0.0,3,95.0,97.8,1,91.6,95.4,97.0,95.0,5.0,47740.0,137
2023-05-11 09:52:38,HO2312-P-2600,HO2312-P-2600,95.0,0.0,0.0,0.0,1,94.8,97.8,1,91.6,95.4,97.0,95.0,5.0,47740.0,137
2023-05-11 09:52:39,HO2312-P-2600,HO2312-P-2600,95.0,0.0,0.0,0.0,4,94.8,97.8,1,91.6,95.4,97.0,95.0,5.0,47740.0,137
2023-05-11 09:52:47,HO2312-P-2600,HO2312-P-2600,94.8,1.0,9480.0,0.0,3,94.8,97.8,1,91.6,95.4,97.0,94.8,6.0,57220.0,137
2023-05-11 09:52:49,HO2312-P-2600,HO2312-P-2600,94.8,1.0,9480.0,0.0,2,94.8,97.8,1,91.6,95.4,97.0,94.8,7.0,66700.0,137
2023-05-11 09:52:50,HO2312-P-2600,HO2312-P-2600,94.8,2.0,18960.0,0.0,30,94.6,97.8,1,91.6,95.4,97.0,94.8,9.0,85660.0,137
2023-05-11 09:53:12,HO2312-P-2600,HO2312-P-2600,94.8,0.0,0.0,0.0,1,94.8,97.8,1,91.6,95.4,97.0,94.8,9.0,85660.0,137
2023-05-11 09:53:12,HO2312-P-2600,HO2312-P-2600,94.8,0.0,0.0,0.0,3,94.8,97.8,1,91.6,95.4,97.0,94.8,9.0,85660.0,137
2023-05-11 09:53:13,HO2312-P-2600,HO2312-P-2600,94.8,0.0,0.0,0.0,1,94.8,97.8,1,91.6,95.4,97.0,94.8,9.0,85660.0,137
2023-05-11 09:53:13,HO2312-P-2600,HO2312-P-2600,94.8,0.0,0.0,0.0,3,94.8,97.8,1,91.6,95.4,97.0,94.8,9.0,85660.0,137
2023-05-11 09:53:14,HO2312-P-2600,HO2312-P-2600,94.8,0.0,0.0,0.0,1,94.8,97.8,1,91.6,95.4,97.0,94.8,9.0,85660.0,137
2023-05-11 09:53:43,HO2312-P-2600,HO2312-P-2600,94.8,0.0,0.0,0.0,3,94.8,97.8,1,91.6,95.4,97.0,94.8,9.0,85660.0,137
2023-05-11 09:53:44,HO2312-P-2600,HO2312-P-2600,94.8,0.0,0.0,0.0,30,94.6,97.8,1,91.6,95.4,97.0,94.8,9.0,85660.0,137
2023-05-11 09:53:45,HO2312-P-2600,HO2312-P-2600,94.8,0.0,0.0,0.0,26,94.6,97.8,1,91.6,95.4,97.0,94.8,9.0,85660.0,137
2023-05-11 09:53:51,HO2312-P-2600,HO2312-P-2600,94.8,0.0,0.0,0.0,3,94.8,97.8,1,91.6,95.4,97.0,94.8,9.0,85660.0,137
2023-05-11 09:54:01,HO2312-P-2600,HO2312-P-2600,94.8,0.0,0.0,0.0,24,94.6,97.8,1,91.6,95.4,97.0,94.8,9.0,85660.0,137
2023-05-11 09:54:02,HO2312-P-2600,HO2312-P-2600,94.8,0.0,0.0,0.0,27,94.6,97.8,1,91.6,95.4,97.0,94.8,9.0,85660.0,137
2023-05-11 09:54:05,HO2312-P-2600,HO2312-P-2600,94.8,0.0,0.0,0.0,1,94.8,97.8,1,91.6,95.4,97.0,94.8,9.0,85660.0,137
2023-05-11 09:54:06,HO2312-P-2600,HO2312-P-2600,94.8,0.0,0.0,0.0,3,95.0,97.8,1,91.6,95.4,97.0,94.8,9.0,85660.0,137
2023-05-11 09:54:06,HO2312-P-2600,HO2312-P-2600,94.8,0.0,0.0,0.0,5,95.0,97.8,1,91.6,95.4,97.0,94.8,9.0,85660.0,137
2023-05-11 09:54:07,HO2312-P-2600,HO2312-P-2600,94.8,0.0,0.0,0.0,3,95.0,97.8,1,91.6,95.4,97.0,94.8,9.0,85660.0,137
2023-05-11 09:54:09,HO2312-P-2600,HO2312-P-2600,94.8,0.0,0.0,0.0,1,94.8,97.8,1,91.6,95.4,97.0,94.8,9.0,85660.0,137
2023-05-11 09:54:10,HO2312-P-2600,HO2312-P-2600,94.8,0.0,0.0,0.0,4,94.8,97.8,1,91.6,95.4,97.0,94.8,9.0,85660.0,137
2023-05-11 09:54:10,HO2312-P-2600,HO2312-P-2600,94.8,0.0,0.0,0.0,6,94.8,97.8,1,91.6,95.4,97.0,94.8,9.0,85660.0,137
2023-05-11 09:54:13,HO2312-P-2600,HO2312-P-2600,94.8,0.0,0.0,0.0,4,94.8,97.8,1,91.6,95.4,97.0,94.8,9.0,85660.0,137
2023-05-11 09:54:15,HO2312-P-2600,HO2312-P-2600,94.8,0.0,0.0,0.0,1,95.0,97.8,1,91.6,95.4,97.0,94.8,9.0,85660.0,137
2023-05-11 09:54:19,HO2312-P-2600,HO2312-P-2600,94.8,0.0,0.0,0.0,24,94.6,97.8,1,91.6,95.4,97.0,94.8,9.0,85660.0,137
2023-05-11 09:54:19,HO2312-P-2600,HO2312-P-2600,94.8,0.0,0.0,0.0,24,94.6,97.8,3,91.6,95.4,97.0,94.8,9.0,85660.0,137
2023-05-11 09:54:20,HO2312-P-2600,HO2312-P-2600,94.8,0.0,0.0,0.0,24,94.6,97.8,1,91.6,95.4,97.0,94.8,9.0,85660.0,137
2023-05-11 09:54:22,HO2312-P-2600,HO2312-P-2600,94.8,0.0,0.0,0.0,27,94.6,97.8,1,91.6,95.4,97.0,94.8,9.0,85660.0,137
2023-05-11 09:54:23,HO2312-P-2600,HO2312-P-2600,94.8,0.0,0.0,0.0,24,94.6,97.8,1,91.6,95.4,97.0,94.8,9.0,85660.0,137
2023-05-11 09:54:24,HO2312-P-2600,HO2312-P-2600,94.8,0.0,0.0,0.0,27,94.6,97.8,1,91.6,95.4,97.0,94.8,9.0,85660.0,137
2023-05-11 09:54:27,HO2312-P-2600,HO2312-P-2600,94.8,0.0,0.0,0.0,24,94.6,97.8,1,91.6,95.4,97.0,94.8,9.0,85660.0,137
2023-05-11 09:54:27,HO2312-P-2600,HO2312-P-2600,94.8,0.0,0.0,0.0,27,94.6,97.8,1,91.6,95.4,97.0,94.8,9.0,85660.0,137
2023-05-11 09:54:29,HO2312-P-2600,HO2312-P-2600,94.8,0.0,0.0,0.0,24,94.6,97.8,1,91.6,95.4,97.0,94.8,9.0,85660.0,137
2023-05-11 09:54:29,HO2312-P-2600,HO2312-P-2600,94.8,0.0,0.0,0.0,27,94.6,97.8,1,91.6,95.4,97.0,94.8,9.0,85660.0,137
2023-05-11 09:54:32,HO2312-P-2600,HO2312-P-2600,94.8,0.0,0.0,0.0,1,94.8,97.8,1,91.6,95.4,97.0,94.8,9.0,85660.0,137
2023-05-11 09:54:39,HO2312-P-2600,HO2312-P-2600,94.8,0.0,0.0,0.0,24,94.6,97.8,1,91.6,95.4,97.0,94.8,9.0,85660.0,137
2023-05-11 09:54:41,HO2312-P-2600,HO2312-P-2600,94.8,0.0,0.0,0.0,27,94.6,97.8,1,91.6,95.4,97.0,94.8,9.0,85660.0,137
2023-05-11 09:54:41,HO2312-P-2600,HO2312-P-2600,94.8,0.0,0.0,0.0,24,94.6,97.8,1,91.6,95.4,97.0,94.8,9.0,85660.0,137
2023-05-11 09:54:44,HO2312-P-2600,HO2312-P-2600,94.8,0.0,0.0,0.0,27,94.6,97.8,1,91.6,95.4,97.0,94.8,9.0,85660.0,137
2023-05-11 09:54:45,HO2312-P-2600,HO2312-P-2600,94.8,0.0,0.0,0.0,29,94.6,97.8,1,91.6,95.4,97.0,94.8,9.0,85660.0,137
2023-05-11 09:54:45,HO2312-P-2600,HO2312-P-2600,94.8,0.0,0.0,0.0,27,94.6,97.8,1,91.6,95.4,97.0,94.8,9.0,85660.0,137
2023-05-11 09:54:47,HO2312-P-2600,HO2312-P-2600,94.8,0.0,0.0,0.0,24,94.6,97.8,1,91.6,95.4,97.0,94.8,9.0,85660.0,137
2023-05-11 09:54:50,HO2312-P-2600,HO2312-P-2600,94.8,0.0,0.0,0.0,27,94.6,97.8,1,91.6,95.4,97.0,94.8,9.0,85660.0,137
2023-05-11 09:54:51,HO2312-P-2600,HO2312-P-2600,94.8,0.0,0.0,0.0,24,94.6,97.8,1,91.6,95.4,97.0,94.8,9.0,85660.0,137
2023-05-11 09:54:51,HO2312-P-2600,HO2312-P-2600,94.8,0.0,0.0,0.0,27,94.6,97.8,1,91.6,95.4,97.0,94.8,9.0,85660.0,137
2023-05-11 09:54:52,HO2312-P-2600,HO2312-P-2600,94.8,0.0,0.0,0.0,29,94.6,97.8,1,91.6,95.4,97.0,94.8,9.0,85660.0,137
2023-05-11 09:54:53,HO2312-P-2600,HO2312-P-2600,94.8,0.0,0.0,0.0,27,94.6,97.8,1,91.6,95.4,97.0,94.8,9.0,85660.0,137
2023-05-11 09:54:57,HO2312-P-2600,HO2312-P-2600,94.8,0.0,0.0,0.0,1,94.8,97.8,1,91.6,95.4,97.0,94.8,9.0,85660.0,137
2023-05-11 09:54:57,HO2312-P-2600,HO2312-P-2600,94.8,0.0,0.0,0.0,4,94.8,97.8,1,91.6,95.4,97.0,94.8,9.0,85660.0,137
2023-05-11 09:55:01,HO2312-P-2600,HO2312-P-2600,94.8,0.0,0.0,0.0,1,94.8,97.8,1,91.6,95.4,97.0,94.8,9.0,85660.0,137
2023-05-11 09:55:04,HO2312-P-2600,HO2312-P-2600,94.8,0.0,0.0,0.0,4,94.8,97.8,1,91.6,95.4,97.0,94.8,9.0,85660.0,137
2023-05-11 09:55:06,HO2312-P-2600,HO2312-P-2600,94.8,0.0,0.0,0.0,1,94.8,97.8,1,91.6,95.4,97.0,94.8,9.0,85660.0,137
2023-05-11 09:55:09,HO2312-P-2600,HO2312-P-2600,94.8,0.0,0.0,0.0,24,94.6,97.8,1,91.6,95.4,97.0,94.8,9.0,85660.0,137
2023-05-11 09:55:09,HO2312-P-2600,HO2312-P-2600,94.8,0.0,0.0,0.0,27,94.6,97.8,1,91.6,95.4,97.0,94.8,9.0,85660.0,137
2023-05-11 09:55:11,HO2312-P-2600,HO2312-P-2600,94.8,0.0,0.0,0.0,24,94.6,97.8,1,91.6,95.4,97.0,94.8,9.0,85660.0,137
2023-05-11 09:55:12,HO2312-P-2600,HO2312-P-2600,94.8,0.0,0.0,0.0,18,94.6,97.8,1,91.6,95.4,97.0,94.8,9.0,85660.0,137
2023-05-11 09:55:13,HO2312-P-2600,HO2312-P-2600,94.8,0.0,0.0,0.0,18,94.6,97.8,3,91.6,95.4,97.0,94.8,9.0,85660.0,137
2023-05-11 09:55:14,HO2312-P-2600,HO2312-P-2600,94.8,0.0,0.0,0.0,18,94.6,97.8,1,91.6,95.4,97.0,94.8,9.0,85660.0,137
2023-05-11 09:55:16,HO2312-P-2600,HO2312-P-2600,94.6,1.0,9460.0,0.0,12,94.6,97.8,1,91.6,95.4,97.0,94.6,10.0,95120.0,137
2023-05-11 09:55:16,HO2312-P-2600,HO2312-P-2600,94.6,0.0,0.0,0.0,18,94.4,97.8,1,91.6,95.4,97.0,94.6,10.0,95120.0,137
2023-05-11 09:55:17,HO2312-P-2600,HO2312-P-2600,94.6,0.0,0.0,0.0,18,94.4,97.8,3,91.6,95.4,97.0,94.6,10.0,95120.0,137
2023-05-11 09:55:19,HO2312-P-2600,HO2312-P-2600,94.6,0.0,0.0,0.0,18,94.4,97.8,1,91.6,95.4,97.0,94.6,10.0,95120.0,137
2023-05-11 09:55:19,HO2312-P-2600,HO2312-P-2600,94.6,0.0,0.0,0.0,23,94.4,97.8,1,91.6,95.4,97.0,94.6,10.0,95120.0,137
2023-05-11 09:55:34,HO2312-P-2600,HO2312-P-2600,94.6,0.0,0.0,0.0,21,94.4,97.8,1,91.6,95.4,97.0,94.6,10.0,95120.0,137
2023-05-11 09:55:42,HO2312-P-2600,HO2312-P-2600,94.6,0.0,0.0,0.0,23,94.4,97.8,1,91.6,95.4,97.0,94.6,10.0,95120.0,137
2023-05-11 09:55:43,HO2312-P-2600,HO2312-P-2600,94.6,0.0,0.0,0.0,21,94.4,97.8,1,91.6,95.4,97.0,94.6,10.0,95120.0,137
2023-05-11 09:55:46,HO2312-P-2600,HO2312-P-2600,94.6,0.0,0.0,0.0,23,94.4,97.8,1,91.6,95.4,97.0,94.6,10.0,95120.0,137
2023-05-11 09:55:51,HO2312-P-2600,HO2312-P-2600,94.6,0.0,0.0,0.0,21,94.4,97.8,1,91.6,95.4,97.0,94.6,10.0,95120.0,137
2023-05-11 09:56:01,HO2312-P-2600,HO2312-P-2600,94.6,0.0,0.0,0.0,2,94.6,97.8,1,91.6,95.4,97.0,94.6,10.0,95120.0,137
2023-05-11 09:56:02,HO2312-P-2600,HO2312-P-2600,94.6,0.0,0.0,0.0,3,94.8,97.8,1,91.6,95.4,97.0,94.6,10.0,95120.0,137
2023-05-11 09:56:04,HO2312-P-2600,HO2312-P-2600,94.6,0.0,0.0,0.0,18,94.4,97.8,1,91.6,95.4,97.0,94.6,10.0,95120.0,137
2023-05-11 09:56:05,HO2312-P-2600,HO2312-P-2600,94.6,0.0,0.0,0.0,3,94.6,97.8,1,91.6,95.4,97.0,94.6,10.0,95120.0,137
2023-05-11 09:56:13,HO2312-P-2600,HO2312-P-2600,94.6,0.0,0.0,0.0,3,94.6,97.6,2,91.6,95.4,97.0,94.6,10.0,95120.0,137
2023-05-11 09:56:14,HO2312-P-2600,HO2312-P-2600,94.6,0.0,0.0,0.0,18,94.4,97.6,2,91.6,95.4,97.0,94.6,10.0,95120.0,137
2023-05-11 09:56:14,HO2312-P-2600,HO2312-P-2600,94.6,0.0,0.0,0.0,21,94.4,97.8,1,91.6,95.4,97.0,94.6,10.0,95120.0,137
2023-05-11 09:56:15,HO2312-P-2600,HO2312-P-2600,94.6,0.0,0.0,0.0,21,94.4,97.8,3,91.6,95.4,97.0,94.6,10.0,95120.0,137
2023-05-11 09:56:17,HO2312-P-2600,HO2312-P-2600,94.6,0.0,0.0,0.0,21,94.4,97.8,1,91.6,95.4,97.0,94.6,10.0,95120.0,137
2023-05-11 09:56:18,HO2312-P-2600,HO2312-P-2600,94.6,0.0,0.0,0.0,21,94.4,97.8,3,91.6,95.4,97.0,94.6,10.0,95120.0,137
2023-05-11 09:56:21,HO2312-P-2600,HO2312-P-2600,94.6,0.0,0.0,0.0,18,94.4,97.8,3,91.6,95.4,97.0,94.6,10.0,95120.0,137
2023-05-11 09:56:24,HO2312-P-2600,HO2312-P-2600,94.6,0.0,0.0,0.0,21,94.4,97.8,1,91.6,95.4,97.0,94.6,10.0,95120.0,137
2023-05-11 09:56:25,HO2312-P-2600,HO2312-P-2600,94.6,0.0,0.0,0.0,23,94.4,97.8,1,91.6,95.4,97.0,94.6,10.0,95120.0,137
2023-05-11 09:56:30,HO2312-P-2600,HO2312-P-2600,94.6,0.0,0.0,0.0,21,94.4,97.8,1,91.6,95.4,97.0,94.6,10.0,95120.0,137
2023-05-11 09:56:31,HO2312-P-2600,HO2312-P-2600,94.6,0.0,0.0,0.0,21,94.4,97.8,3,91.6,95.4,97.0,94.6,10.0,95120.0,137
2023-05-11 09:56:31,HO2312-P-2600,HO2312-P-2600,94.6,0.0,0.0,0.0,18,94.4,97.8,3,91.6,95.4,97.0,94.6,10.0,95120.0,137
2023-05-11 09:56:32,HO2312-P-2600,HO2312-P-2600,94.6,0.0,0.0,0.0,21,94.4,97.8,3,91.6,95.4,97.0,94.6,10.0,95120.0,137
2023-05-11 09:56:32,HO2312-P-2600,HO2312-P-2600,94.6,0.0,0.0,0.0,18,94.4,97.8,3,91.6,95.4,97.0,94.6,10.0,95120.0,137
2023-05-11 09:56:36,HO2312-P-2600,HO2312-P-2600,94.6,0.0,0.0,0.0,21,94.4,97.8,3,91.6,95.4,97.0,94.6,10.0,95120.0,137
2023-05-11 09:56:37,HO2312-P-2600,HO2312-P-2600,94.6,0.0,0.0,0.0,23,94.4,97.8,1,91.6,95.4,97.0,94.6,10.0,95120.0,137
2023-05-11 09:56:40,HO2312-P-2600,HO2312-P-2600,94.6,0.0,0.0,0.0,18,94.4,97.8,1,91.6,95.4,97.0,94.6,10.0,95120.0,137
2023-05-11 09:56:41,HO2312-P-2600,HO2312-P-2600,94.6,0.0,0.0,0.0,18,94.4,97.8,3,91.6,95.4,97.0,94.6,10.0,95120.0,137
2023-05-11 09:56:42,HO2312-P-2600,HO2312-P-2600,94.6,0.0,0.0,0.0,21,94.4,97.8,1,91.6,95.4,97.0,94.6,10.0,95120.0,137
2023-05-11 09:56:43,HO2312-P-2600,HO2312-P-2600,94.6,0.0,0.0,0.0,18,94.4,97.8,3,91.6,95.4,97.0,94.6,10.0,95120.0,137
2023-05-11 09:56:44,HO2312-P-2600,HO2312-P-2600,94.6,0.0,0.0,0.0,21,94.4,97.8,3,91.6,95.4,97.0,94.6,10.0,95120.0,137
2023-05-11 09:56:44,HO2312-P-2600,HO2312-P-2600,94.6,0.0,0.0,0.0,18,94.4,97.8,3,91.6,95.4,97.0,94.6,10.0,95120.0,137
2023-05-11 09:56:47,HO2312-P-2600,HO2312-P-2600,94.6,0.0,0.0,0.0,21,94.4,97.8,3,91.6,95.4,97.0,94.6,10.0,95120.0,137
2023-05-11 09:56:51,HO2312-P-2600,HO2312-P-2600,94.4,1.0,9440.0,0.0,17,94.4,97.8,3,91.6,95.4,97.0,94.4,11.0,104560.0,137
2023-05-11 09:56:52,HO2312-P-2600,HO2312-P-2600,94.4,0.0,0.0,0.0,18,94.4,97.8,3,91.6,95.4,97.0,94.4,11.0,104560.0,137
2023-05-11 09:56:54,HO2312-P-2600,HO2312-P-2600,94.4,2.0,18880.0,0.0,16,94.4,97.8,3,91.6,95.4,97.0,94.4,13.0,123440.0,137
2023-05-11 09:56:54,HO2312-P-2600,HO2312-P-2600,94.4,0.0,0.0,0.0,21,94.4,97.8,3,91.6,95.4,97.0,94.4,13.0,123440.0,137
2023-05-11 09:56:55,HO2312-P-2600,HO2312-P-2600,94.4,0.0,0.0,0.0,18,94.4,97.8,9,91.6,95.4,97.0,94.4,13.0,123440.0,137
2023-05-11 09:56:56,HO2312-P-2600,HO2312-P-2600,94.4,0.0,0.0,0.0,12,94.4,97.8,9,91.6,95.4,97.0,94.4,13.0,123440.0,137
2023-05-11 09:56:57,HO2312-P-2600,HO2312-P-2600,94.4,0.0,0.0,0.0,3,94.4,97.8,9,91.6,95.4,97.0,94.4,13.0,123440.0,137
2023-05-11 09:56:57,HO2312-P-2600,HO2312-P-2600,94.4,0.0,0.0,0.0,18,94.2,97.8,9,91.6,95.4,97.0,94.4,13.0,123440.0,137
2023-05-11 09:56:58,HO2312-P-2600,HO2312-P-2600,94.4,0.0,0.0,0.0,21,94.2,97.8,9,91.6,95.4,97.0,94.4,13.0,123440.0,137
2023-05-11 09:56:58,HO2312-P-2600,HO2312-P-2600,94.4,0.0,0.0,0.0,23,94.2,97.8,9,91.6,95.4,97.0,94.4,13.0,123440.0,137
2023-05-11 09:56:59,HO2312-P-2600,HO2312-P-2600,94.4,0.0,0.0,0.0,21,94.2,97.8,9,91.6,95.4,97.0,94.4,13.0,123440.0,137
2023-05-11 09:57:00,HO2312-P-2600,HO2312-P-2600,94.2,2.0,18840.0,0.0,16,94.2,97.8,9,91.6,95.4,97.0,94.2,15.0,142280.0,137
2023-05-11 09:57:01,HO2312-P-2600,HO2312-P-2600,94.2,0.0,0.0,0.0,12,94.2,97.8,15,91.6,95.4,97.0,94.2,15.0,142280.0,137
2023-05-11 09:57:02,HO2312-P-2600,HO2312-P-2600,94.2,0.0,0.0,0.0,24,94.0,97.8,27,91.6,95.4,97.0,94.2,15.0,142280.0,137
2023-05-11 09:57:02,HO2312-P-2600,HO2312-P-2600,94.2,0.0,0.0,0.0,21,94.0,97.8,27,91.6,95.4,97.0,94.2,15.0,142280.0,137
2023-05-11 09:57:03,HO2312-P-2600,HO2312-P-2600,94.2,0.0,0.0,0.0,18,94.0,97.8,27,91.6,95.4,97.0,94.2,15.0,142280.0,137
2023-05-11 09:57:03,HO2312-P-2600,HO2312-P-2600,94.2,0.0,0.0,0.0,21,94.0,97.8,27,91.6,95.4,97.0,94.2,15.0,142280.0,137
2023-05-11 09:57:05,HO2312-P-2600,HO2312-P-2600,94.2,0.0,0.0,0.0,23,94.0,97.8,27,91.6,95.4,97.0,94.2,15.0,142280.0,137
2023-05-11 09:57:05,HO2312-P-2600,HO2312-P-2600,94.2,0.0,0.0,0.0,21,94.0,97.8,27,91.6,95.4,97.0,94.2,15.0,142280.0,137
2023-05-11 09:57:10,HO2312-P-2600,HO2312-P-2600,94.2,0.0,0.0,0.0,18,94.0,97.8,27,91.6,95.4,97.0,94.2,15.0,142280.0,137
2023-05-11 09:57:12,HO2312-P-2600,HO2312-P-2600,94.2,0.0,0.0,0.0,21,94.0,97.8,27,91.6,95.4,97.0,94.2,15.0,142280.0,137
2023-05-11 09:57:12,HO2312-P-2600,HO2312-P-2600,94.2,0.0,0.0,0.0,18,94.0,97.8,27,91.6,95.4,97.0,94.2,15.0,142280.0,137
2023-05-11 09:57:23,HO2312-P-2600,HO2312-P-2600,94.0,9.0,84600.0,8.0,18,93.6,97.8,16,91.6,95.4,97.0,94.0,24.0,226880.0,145
2023-05-11 09:57:23,HO2312-P-2600,HO2312-P-2600,94.0,0.0,0.0,0.0,5,93.8,97.8,22,91.6,95.4,97.0,94.0,24.0,226880.0,145
2023-05-11 09:57:24,HO2312-P-2600,HO2312-P-2600,94.0,0.0,0.0,0.0,3,93.8,97.8,22,91.6,95.4,97.0,94.0,24.0,226880.0,145
2023-05-11 09:57:28,HO2312-P-2600,HO2312-P-2600,94.0,0.0,0.0,0.0,3,93.8,97.8,28,91.6,95.4,97.0,94.0,24.0,226880.0,145
2023-05-11 09:57:30,HO2312-P-2600,HO2312-P-2600,94.0,0.0,0.0,0.0,12,93.6,97.8,28,91.6,95.4,97.0,94.0,24.0,226880.0,145
2023-05-11 09:57:31,HO2312-P-2600,HO2312-P-2600,94.0,0.0,0.0,0.0,9,93.6,97.8,28,91.6,95.4,97.0,94.0,24.0,226880.0,145
2023-05-11 09:57:33,HO2312-P-2600,HO2312-P-2600,94.0,0.0,0.0,0.0,9,93.6,97.6,1,91.6,95.4,97.0,94.0,24.0,226880.0,145
2023-05-11 09:57:33,HO2312-P-2600,HO2312-P-2600,94.0,0.0,0.0,0.0,9,93.6,97.4,2,91.6,95.4,97.0,94.0,24.0,226880.0,145
2023-05-11 09:57:38,HO2312-P-2600,HO2312-P-2600,94.0,0.0,0.0,0.0,9,93.6,97.4,3,91.6,95.4,97.0,94.0,24.0,226880.0,145
2023-05-11 09:57:48,HO2312-P-2600,HO2312-P-2600,94.0,0.0,0.0,0.0,9,93.6,97.2,1,91.6,95.4,97.0,94.0,24.0,226880.0,145
2023-05-11 09:57:49,HO2312-P-2600,HO2312-P-2600,94.0,0.0,0.0,0.0,9,93.6,97.0,2,91.6,95.4,97.0,94.0,24.0,226880.0,145
2023-05-11 09:57:53,HO2312-P-2600,HO2312-P-2600,94.0,0.0,0.0,0.0,11,93.6,97.2,1,91.6,95.4,97.0,94.0,24.0,226880.0,145
2023-05-11 09:57:53,HO2312-P-2600,HO2312-P-2600,94.0,0.0,0.0,0.0,15,93.6,97.0,2,91.6,95.4,97.0,94.0,24.0,226880.0,145
2023-05-11 09:57:54,HO2312-P-2600,HO2312-P-2600,94.0,0.0,0.0,0.0,9,93.6,97.0,2,91.6,95.4,97.0,94.0,24.0,226880.0,145
2023-05-11 09:57:54,HO2312-P-2600,HO2312-P-2600,94.0,0.0,0.0,0.0,11,93.6,97.2,1,91.6,95.4,97.0,94.0,24.0,226880.0,145
2023-05-11 09:57:55,HO2312-P-2600,HO2312-P-2600,94.0,0.0,0.0,0.0,17,93.6,97.2,3,91.6,95.4,97.0,94.0,24.0,226880.0,145
2023-05-11 09:57:56,HO2312-P-2600,HO2312-P-2600,94.0,0.0,0.0,0.0,15,93.6,97.2,3,91.6,95.4,97.0,94.0,24.0,226880.0,145
2023-05-11 09:57:56,HO2312-P-2600,HO2312-P-2600,94.0,0.0,0.0,0.0,9,93.6,97.2,3,91.6,95.4,97.0,94.0,24.0,226880.0,145
2023-05-11 09:57:58,HO2312-P-2600,HO2312-P-2600,94.0,0.0,0.0,0.0,9,93.6,97.0,1,91.6,95.4,97.0,94.0,24.0,226880.0,145
2023-05-11 09:57:59,HO2312-P-2600,HO2312-P-2600,94.0,0.0,0.0,0.0,11,93.6,97.0,1,91.6,95.4,97.0,94.0,24.0,226880.0,145
2023-05-11 09:57:59,HO2312-P-2600,HO2312-P-2600,94.0,0.0,0.0,0.0,17,93.6,97.0,1,91.6,95.4,97.0,94.0,24.0,226880.0,145
2023-05-11 09:58:00,HO2312-P-2600,HO2312-P-2600,94.0,0.0,0.0,0.0,15,93.6,97.0,1,91.6,95.4,97.0,94.0,24.0,226880.0,145
2023-05-11 09:58:01,HO2312-P-2600,HO2312-P-2600,94.0,0.0,0.0,0.0,9,93.6,97.0,3,91.6,95.4,97.0,94.0,24.0,226880.0,145
2023-05-11 09:58:02,HO2312-P-2600,HO2312-P-2600,94.0,0.0,0.0,0.0,3,93.6,97.0,3,91.6,95.4,97.0,94.0,24.0,226880.0,145
2023-05-11 09:58:04,HO2312-P-2600,HO2312-P-2600,94.0,0.0,0.0,0.0,18,93.2,97.0,3,91.6,95.4,97.0,94.0,24.0,226880.0,145
2023-05-11 09:58:04,HO2312-P-2600,HO2312-P-2600,94.0,0.0,0.0,0.0,3,93.4,97.0,3,91.6,95.4,97.0,94.0,24.0,226880.0,145
2023-05-11 09:58:08,HO2312-P-2600,HO2312-P-2600,94.0,0.0,0.0,0.0,3,93.4,96.8,1,91.6,95.4,97.0,94.0,24.0,226880.0,145
2023-05-11 09:58:09,HO2312-P-2600,HO2312-P-2600,94.0,0.0,0.0,0.0,3,93.4,96.6,2,91.6,95.4,97.0,94.0,24.0,226880.0,145
2023-05-11 09:58:10,HO2312-P-2600,HO2312-P-2600,94.0,0.0,0.0,0.0,3,93.4,96.8,1,91.6,95.4,97.0,94.0,24.0,226880.0,145
2023-05-11 09:58:11,HO2312-P-2600,HO2312-P-2600,94.0,0.0,0.0,0.0,3,93.4,96.8,3,91.6,95.4,97.0,94.0,24.0,226880.0,145
2023-05-11 09:58:18,HO2312-P-2600,HO2312-P-2600,94.0,0.0,0.0,0.0,3,93.4,96.6,1,91.6,95.4,97.0,94.0,24.0,226880.0,145
2023-05-11 09:58:20,HO2312-P-2600,HO2312-P-2600,94.0,0.0,0.0,0.0,6,93.2,96.4,2,91.6,95.4,97.0,94.0,24.0,226880.0,145
2023-05-11 09:58:20,HO2312-P-2600,HO2312-P-2600,94.0,0.0,0.0,0.0,9,93.2,96.4,2,91.6,95.4,97.0,94.0,24.0,226880.0,145
2023-05-11 09:58:23,HO2312-P-2600,HO2312-P-2600,94.0,0.0,0.0,0.0,9,93.2,96.6,1,91.6,95.4,97.0,94.0,24.0,226880.0,145
2023-05-11 09:58:23,HO2312-P-2600,HO2312-P-2600,94.0,0.0,0.0,0.0,9,93.2,96.6,3,91.6,95.4,97.0,94.0,24.0,226880.0,145
2023-05-11 09:58:24,HO2312-P-2600,HO2312-P-2600,94.0,0.0,0.0,0.0,9,93.2,96.6,1,91.6,95.4,97.0,94.0,24.0,226880.0,145
2023-05-11 09:58:25,HO2312-P-2600,HO2312-P-2600,94.0,0.0,0.0,0.0,9,93.2,96.6,3,91.6,95.4,97.0,94.0,24.0,226880.0,145
2023-05-11 09:58:27,HO2312-P-2600,HO2312-P-2600,94.0,0.0,0.0,0.0,9,93.2,96.6,1,91.6,95.4,97.0,94.0,24.0,226880.0,145
2023-05-11 09:58:27,HO2312-P-2600,HO2312-P-2600,94.0,0.0,0.0,0.0,11,93.2,96.6,1,91.6,95.4,97.0,94.0,24.0,226880.0,145
2023-05-11 09:58:29,HO2312-P-2600,HO2312-P-2600,94.0,0.0,0.0,0.0,9,93.2,96.4,1,91.6,95.4,97.0,94.0,24.0,226880.0,145
2023-05-11 09:58:39,HO2312-P-2600,HO2312-P-2600,94.0,0.0,0.0,0.0,9,93.2,96.8,1,91.6,95.4,97.0,94.0,24.0,226880.0,145
2023-05-11 09:58:39,HO2312-P-2600,HO2312-P-2600,94.0,0.0,0.0,0.0,11,93.2,96.6,2,91.6,95.4,97.0,94.0,24.0,226880.0,145
2023-05-11 09:58:40,HO2312-P-2600,HO2312-P-2600,94.0,0.0,0.0,0.0,9,93.2,96.6,2,91.6,95.4,97.0,94.0,24.0,226880.0,145
2023-05-11 09:58:40,HO2312-P-2600,HO2312-P-2600,94.0,0.0,0.0,0.0,11,93.2,96.8,1,91.6,95.4,97.0,94.0,24.0,226880.0,145
2023-05-11 09:58:41,HO2312-P-2600,HO2312-P-2600,94.0,0.0,0.0,0.0,11,93.2,96.6,2,91.6,95.4,97.0,94.0,24.0,226880.0,145
2023-05-11 09:58:41,HO2312-P-2600,HO2312-P-2600,94.0,0.0,0.0,0.0,9,93.2,96.6,2,91.6,95.4,97.0,94.0,24.0,226880.0,145
2023-05-11 09:58:42,HO2312-P-2600,HO2312-P-2600,94.0,0.0,0.0,0.0,11,93.2,96.8,1,91.6,95.4,97.0,94.0,24.0,226880.0,145
2023-05-11 09:58:42,HO2312-P-2600,HO2312-P-2600,94.0,0.0,0.0,0.0,11,93.2,96.8,3,91.6,95.4,97.0,94.0,24.0,226880.0,145
2023-05-11 09:58:43,HO2312-P-2600,HO2312-P-2600,94.0,0.0,0.0,0.0,9,93.2,96.8,3,91.6,95.4,97.0,94.0,24.0,226880.0,145
2023-05-11 09:58:52,HO2312-P-2600,HO2312-P-2600,94.0,0.0,0.0,0.0,9,93.2,96.6,1,91.6,95.4,97.0,94.0,24.0,226880.0,145
2023-05-11 09:58:52,HO2312-P-2600,HO2312-P-2600,94.0,0.0,0.0,0.0,11,93.2,96.6,1,91.6,95.4,97.0,94.0,24.0,226880.0,145
2023-05-11 09:58:55,HO2312-P-2600,HO2312-P-2600,94.0,0.0,0.0,0.0,9,93.2,96.6,1,91.6,95.4,97.0,94.0,24.0,226880.0,145
2023-05-11 09:59:05,HO2312-P-2600,HO2312-P-2600,94.0,0.0,0.0,0.0,11,93.2,96.6,1,91.6,95.4,97.0,94.0,24.0,226880.0,145
2023-05-11 09:59:05,HO2312-P-2600,HO2312-P-2600,94.0,0.0,0.0,0.0,11,93.2,97.0,30,91.6,95.4,97.0,94.0,24.0,226880.0,145
2023-05-11 09:59:06,HO2312-P-2600,HO2312-P-2600,94.0,0.0,0.0,0.0,11,93.2,97.0,24,91.6,95.4,97.0,94.0,24.0,226880.0,145
2023-05-11 09:59:12,HO2312-P-2600,HO2312-P-2600,94.0,0.0,0.0,0.0,11,93.2,96.8,1,91.6,95.4,97.0,94.0,24.0,226880.0,145
2023-05-11 09:59:12,HO2312-P-2600,HO2312-P-2600,94.0,0.0,0.0,0.0,11,93.2,96.8,3,91.6,95.4,97.0,94.0,24.0,226880.0,145
2023-05-11 09:59:16,HO2312-P-2600,HO2312-P-2600,94.0,0.0,0.0,0.0,9,93.2,96.8,3,91.6,95.4,97.0,94.0,24.0,226880.0,145
2023-05-11 09:59:17,HO2312-P-2600,HO2312-P-2600,94.0,0.0,0.0,0.0,11,93.2,96.8,3,91.6,95.4,97.0,94.0,24.0,226880.0,145
2023-05-11 09:59:26,HO2312-P-2600,HO2312-P-2600,94.0,0.0,0.0,0.0,11,93.2,96.8,1,91.6,95.4,97.0,94.0,24.0,226880.0,145
2023-05-11 09:59:35,HO2312-P-2600,HO2312-P-2600,94.0,0.0,0.0,0.0,9,93.2,96.8,1,91.6,95.4,97.0,94.0,24.0,226880.0,145
2023-05-11 09:59:35,HO2312-P-2600,HO2312-P-2600,94.0,0.0,0.0,0.0,9,93.2,96.6,2,91.6,95.4,97.0,94.0,24.0,226880.0,145
2023-05-11 09:59:37,HO2312-P-2600,HO2312-P-2600,94.0,0.0,0.0,0.0,9,93.2,96.8,1,91.6,95.4,97.0,94.0,24.0,226880.0,145
2023-05-11 09:59:38,HO2312-P-2600,HO2312-P-2600,94.0,0.0,0.0,0.0,11,93.2,96.8,3,91.6,95.4,97.0,94.0,24.0,226880.0,145
2023-05-11 09:59:38,HO2312-P-2600,HO2312-P-2600,94.0,0.0,0.0,0.0,11,93.2,96.8,1,91.6,95.4,97.0,94.0,24.0,226880.0,145
2023-05-11 09:59:49,HO2312-P-2600,HO2312-P-2600,94.0,0.0,0.0,0.0,11,93.2,96.8,3,91.6,95.4,97.0,94.0,24.0,226880.0,145
2023-05-11 09:59:50,HO2312-P-2600,HO2312-P-2600,94.0,0.0,0.0,0.0,11,93.2,96.8,1,91.6,95.4,97.0,94.0,24.0,226880.0,145
2023-05-11 09:59:50,HO2312-P-2600,HO2312-P-2600,94.0,0.0,0.0,0.0,11,93.2,97.0,18,91.6,95.4,97.0,94.0,24.0,226880.0,145
2023-05-11 09:59:51,HO2312-P-2600,HO2312-P-2600,94.0,0.0,0.0,0.0,17,93.2,97.0,20,91.6,95.4,97.0,94.0,24.0,226880.0,145
2023-05-11 10:00:02,HO2312-P-2600,HO2312-P-2600,94.0,0.0,0.0,0.0,17,93.2,96.8,1,91.6,95.4,97.0,94.0,24.0,226880.0,145
2023-05-11 10:00:02,HO2312-P-2600,HO2312-P-2600,94.0,0.0,0.0,0.0,15,93.2,96.6,2,91.6,95.4,97.0,94.0,24.0,226880.0,145
2023-05-11 10:00:03,HO2312-P-2600,HO2312-P-2600,94.0,0.0,0.0,0.0,9,93.2,96.6,2,91.6,95.4,97.0,94.0,24.0,226880.0,145
2023-05-11 10:00:06,HO2312-P-2600,HO2312-P-2600,94.0,0.0,0.0,0.0,9,93.2,96.8,1,91.6,95.4,97.0,94.0,24.0,226880.0,145
2023-05-11 10:00:07,HO2312-P-2600,HO2312-P-2600,94.0,0.0,0.0,0.0,11,93.2,96.8,3,91.6,95.4,97.0,94.0,24.0,226880.0,145
2023-05-11 10:00:09,HO2312-P-2600,HO2312-P-2600,94.0,0.0,0.0,0.0,11,93.2,97.0,18,91.6,95.4,97.0,94.0,24.0,226880.0,145
2023-05-11 10:00:10,HO2312-P-2600,HO2312-P-2600,94.0,0.0,0.0,0.0,11,93.2,96.8,2,91.6,95.4,97.0,94.0,24.0,226880.0,145
2023-05-11 10:00:13,HO2312-P-2600,HO2312-P-2600,94.0,0.0,0.0,0.0,11,93.2,96.8,3,91.6,95.4,97.0,94.0,24.0,226880.0,145
2023-05-11 10:00:14,HO2312-P-2600,HO2312-P-2600,94.0,0.0,0.0,0.0,9,93.2,96.8,3,91.6,95.4,97.0,94.0,24.0,226880.0,145
2023-05-11 10:00:14,HO2312-P-2600,HO2312-P-2600,94.0,0.0,0.0,0.0,11,93.2,96.8,3,91.6,95.4,97.0,94.0,24.0,226880.0,145
2023-05-11 10:00:15,HO2312-P-2600,HO2312-P-2600,94.0,0.0,0.0,0.0,9,93.2,96.8,3,91.6,95.4,97.0,94.0,24.0,226880.0,145
2023-05-11 10:00:23,HO2312-P-2600,HO2312-P-2600,94.0,0.0,0.0,0.0,9,93.2,96.6,1,91.6,95.4,97.0,94.0,24.0,226880.0,145
2023-05-11 10:00:24,HO2312-P-2600,HO2312-P-2600,94.0,0.0,0.0,0.0,11,93.2,96.6,1,91.6,95.4,97.0,94.0,24.0,226880.0,145
2023-05-11 10:00:26,HO2312-P-2600,HO2312-P-2600,94.0,0.0,0.0,0.0,9,93.2,96.6,3,91.6,95.4,97.0,94.0,24.0,226880.0,145
2023-05-11 10:00:29,HO2312-P-2600,HO2312-P-2600,94.0,0.0,0.0,0.0,9,93.2,96.6,1,91.6,95.4,97.0,94.0,24.0,226880.0,145
2023-05-11 10:00:30,HO2312-P-2600,HO2312-P-2600,94.0,0.0,0.0,0.0,11,93.2,96.6,1,91.6,95.4,97.0,94.0,24.0,226880.0,145
2023-05-11 10:00:34,HO2312-P-2600,HO2312-P-2600,94.0,0.0,0.0,0.0,9,93.2,96.6,1,91.6,95.4,97.0,94.0,24.0,226880.0,145
2023-05-11 10:00:35,HO2312-P-2600,HO2312-P-2600,94.0,0.0,0.0,0.0,9,93.2,96.6,3,91.6,95.4,97.0,94.0,24.0,226880.0,145
2023-05-11 10:00:43,HO2312-P-2600,HO2312-P-2600,94.0,0.0,0.0,0.0,9,93.2,96.6,1,91.6,95.4,97.0,94.0,24.0,226880.0,145
2023-05-11 10:00:44,HO2312-P-2600,HO2312-P-2600,94.0,0.0,0.0,0.0,11,93.2,96.6,1,91.6,95.4,97.0,94.0,24.0,226880.0,145
2023-05-11 10:00:45,HO2312-P-2600,HO2312-P-2600,94.0,0.0,0.0,0.0,9,93.2,96.6,1,91.6,95.4,97.0,94.0,24.0,226880.0,145
2023-05-11 10:00:46,HO2312-P-2600,HO2312-P-2600,94.0,0.0,0.0,0.0,11,93.2,96.6,1,91.6,95.4,97.0,94.0,24.0,226880.0,145
2023-05-11 10:00:47,HO2312-P-2600,HO2312-P-2600,94.0,0.0,0.0,0.0,9,93.2,96.6,1,91.6,95.4,97.0,94.0,24.0,226880.0,145
2023-05-11 10:00:47,HO2312-P-2600,HO2312-P-2600,94.0,0.0,0.0,0.0,9,93.2,96.6,3,91.6,95.4,97.0,94.0,24.0,226880.0,145
2023-05-11 10:00:49,HO2312-P-2600,HO2312-P-2600,94.0,0.0,0.0,0.0,9,93.2,96.6,1,91.6,95.4,97.0,94.0,24.0,226880.0,145
2023-05-11 10:00:49,HO2312-P-2600,HO2312-P-2600,94.0,0.0,0.0,0.0,11,93.2,96.6,1,91.6,95.4,97.0,94.0,24.0,226880.0,145
2023-05-11 10:00:50,HO2312-P-2600,HO2312-P-2600,94.0,0.0,0.0,0.0,9,93.2,97.0,18,91.6,95.4,97.0,94.0,24.0,226880.0,145
2023-05-11 10:00:50,HO2312-P-2600,HO2312-P-2600,94.0,0.0,0.0,0.0,11,93.2,96.8,2,91.6,95.4,97.0,94.0,24.0,226880.0,145
2023-05-11 10:00:53,HO2312-P-2600,HO2312-P-2600,94.0,0.0,0.0,0.0,9,93.2,96.8,2,91.6,95.4,97.0,94.0,24.0,226880.0,145
2023-05-11 10:00:53,HO2312-P-2600,HO2312-P-2600,94.0,0.0,0.0,0.0,11,93.2,96.8,2,91.6,95.4,97.0,94.0,24.0,226880.0,145
2023-05-11 10:00:54,HO2312-P-2600,HO2312-P-2600,94.0,0.0,0.0,0.0,9,93.2,96.8,2,91.6,95.4,97.0,94.0,24.0,226880.0,145
2023-05-11 10:00:56,HO2312-P-2600,HO2312-P-2600,94.0,0.0,0.0,0.0,2,93.4,97.0,18,91.6,95.4,97.0,94.0,24.0,226880.0,145
2023-05-11 10:00:57,HO2312-P-2600,HO2312-P-2600,94.0,0.0,0.0,0.0,3,93.6,97.0,20,91.6,95.4,97.0,94.0,24.0,226880.0,145
2023-05-11 10:00:57,HO2312-P-2600,HO2312-P-2600,94.0,0.0,0.0,0.0,3,93.6,97.0,14,91.6,95.4,97.0,94.0,24.0,226880.0,145
2023-05-11 10:00:58,HO2312-P-2600,HO2312-P-2600,94.0,0.0,0.0,0.0,3,93.6,97.0,8,91.6,95.4,97.0,94.0,24.0,226880.0,145
2023-05-11 10:00:58,HO2312-P-2600,HO2312-P-2600,94.0,0.0,0.0,0.0,3,93.6,97.0,2,91.6,95.4,97.0,94.0,24.0,226880.0,145
2023-05-11 10:01:04,HO2312-P-2600,HO2312-P-2600,94.0,0.0,0.0,0.0,6,93.2,97.0,2,91.6,95.4,97.0,94.0,24.0,226880.0,145
2023-05-11 10:01:04,HO2312-P-2600,HO2312-P-2600,94.0,0.0,0.0,0.0,3,93.4,97.0,2,91.6,95.4,97.0,94.0,24.0,226880.0,145
2023-05-11 10:01:06,HO2312-P-2600,HO2312-P-2600,94.0,0.0,0.0,0.0,6,93.2,97.0,2,91.6,95.4,97.0,94.0,24.0,226880.0,145
2023-05-11 10:01:06,HO2312-P-2600,HO2312-P-2600,94.0,0.0,0.0,0.0,9,93.2,97.0,2,91.6,95.4,97.0,94.0,24.0,226880.0,145
2023-05-11 10:01:10,HO2312-P-2600,HO2312-P-2600,94.0,0.0,0.0,0.0,11,93.2,97.0,2,91.6,95.4,97.0,94.0,24.0,226880.0,145
2023-05-11 10:01:11,HO2312-P-2600,HO2312-P-2600,94.0,0.0,0.0,0.0,11,93.2,97.2,24,91.6,95.4,97.0,94.0,24.0,226880.0,145
2023-05-11 10:01:12,HO2312-P-2600,HO2312-P-2600,94.0,0.0,0.0,0.0,11,93.2,97.0,2,91.6,95.4,97.0,94.0,24.0,226880.0,145
2023-05-11 10:01:36,HO2312-P-2600,HO2312-P-2600,94.0,0.0,0.0,0.0,11,93.2,97.2,18,91.6,95.4,97.0,94.0,24.0,226880.0,145
2023-05-11 10:01:36,HO2312-P-2600,HO2312-P-2600,94.0,0.0,0.0,0.0,11,93.2,97.2,20,91.6,95.4,97.0,94.0,24.0,226880.0,145
2023-05-11 10:01:56,HO2312-P-2600,HO2312-P-2600,94.0,0.0,0.0,0.0,17,93.2,97.2,20,91.6,95.4,97.0,94.0,24.0,226880.0,145
2023-05-11 10:01:57,HO2312-P-2600,HO2312-P-2600,94.0,0.0,0.0,0.0,17,93.2,97.2,21,91.6,95.4,97.0,94.0,24.0,226880.0,145
2023-05-11 10:02:30,HO2312-P-2600,HO2312-P-2600,94.0,0.0,0.0,0.0,17,93.2,97.2,19,91.6,95.4,97.0,94.0,24.0,226880.0,145
2023-05-11 10:02:36,HO2312-P-2600,HO2312-P-2600,94.0,0.0,0.0,0.0,17,93.2,97.2,18,91.6,95.4,97.0,94.0,24.0,226880.0,145
2023-05-11 10:02:36,HO2312-P-2600,HO2312-P-2600,94.0,0.0,0.0,0.0,17,93.2,97.2,20,91.6,95.4,97.0,94.0,24.0,226880.0,145
2023-05-11 10:02:37,HO2312-P-2600,HO2312-P-2600,94.0,0.0,0.0,0.0,17,93.2,97.2,18,91.6,95.4,97.0,94.0,24.0,226880.0,145
2023-05-11 10:03:03,HO2312-P-2600,HO2312-P-2600,94.0,0.0,0.0,0.0,17,93.2,97.2,12,91.6,95.4,97.0,94.0,24.0,226880.0,145
2023-05-11 10:03:03,HO2312-P-2600,HO2312-P-2600,94.0,0.0,0.0,0.0,17,93.2,97.2,6,91.6,95.4,97.0,94.0,24.0,226880.0,145
2023-05-11 10:03:04,HO2312-P-2600,HO2312-P-2600,94.0,0.0,0.0,0.0,6,93.4,97.4,6,91.6,95.4,97.0,94.0,24.0,226880.0,145
2023-05-11 10:03:04,HO2312-P-2600,HO2312-P-2600,94.0,0.0,0.0,0.0,5,93.6,97.8,49,91.6,95.4,97.0,94.0,24.0,226880.0,145
2023-05-11 10:03:05,HO2312-P-2600,HO2312-P-2600,94.0,0.0,0.0,0.0,5,93.6,97.8,27,91.6,95.4,97.0,94.0,24.0,226880.0,145
2023-05-11 10:03:06,HO2312-P-2600,HO2312-P-2600,94.0,0.0,0.0,0.0,5,93.6,97.8,25,91.6,95.4,97.0,94.0,24.0,226880.0,145
2023-05-11 10:03:08,HO2312-P-2600,HO2312-P-2600,94.0,0.0,0.0,0.0,5,93.6,97.8,27,91.6,95.4,97.0,94.0,24.0,226880.0,145
2023-05-11 10:03:09,HO2312-P-2600,HO2312-P-2600,94.0,0.0,0.0,0.0,5,93.6,97.8,25,91.6,95.4,97.0,94.0,24.0,226880.0,145
2023-05-11 10:03:12,HO2312-P-2600,HO2312-P-2600,94.0,0.0,0.0,0.0,5,93.6,97.6,1,91.6,95.4,97.0,94.0,24.0,226880.0,145
2023-05-11 10:03:13,HO2312-P-2600,HO2312-P-2600,94.0,0.0,0.0,0.0,5,93.6,97.4,2,91.6,95.4,97.0,94.0,24.0,226880.0,145
2023-05-11 10:03:14,HO2312-P-2600,HO2312-P-2600,94.0,0.0,0.0,0.0,5,93.6,97.6,1,91.6,95.4,97.0,94.0,24.0,226880.0,145
2023-05-11 10:03:33,HO2312-P-2600,HO2312-P-2600,94.0,0.0,0.0,0.0,5,93.6,97.8,25,91.6,95.4,97.0,94.0,24.0,226880.0,145
2023-05-11 10:03:33,HO2312-P-2600,HO2312-P-2600,94.0,0.0,0.0,0.0,5,93.6,97.6,2,91.6,95.4,97.0,94.0,24.0,226880.0,145
2023-05-11 10:03:34,HO2312-P-2600,HO2312-P-2600,94.0,0.0,0.0,0.0,5,93.6,97.8,25,91.6,95.4,97.0,94.0,24.0,226880.0,145
2023-05-11 10:03:34,HO2312-P-2600,HO2312-P-2600,94.0,0.0,0.0,0.0,5,93.6,97.8,27,91.6,95.4,97.0,94.0,24.0,226880.0,145
2023-05-11 10:03:44,HO2312-P-2600,HO2312-P-2600,94.0,0.0,0.0,0.0,5,93.6,97.6,1,91.6,95.4,97.0,94.0,24.0,226880.0,145
2023-05-11 10:03:45,HO2312-P-2600,HO2312-P-2600,94.0,0.0,0.0,0.0,5,93.6,97.6,3,91.6,95.4,97.0,94.0,24.0,226880.0,145
2023-05-11 10:03:48,HO2312-P-2600,HO2312-P-2600,94.0,0.0,0.0,0.0,5,93.6,97.6,1,91.6,95.4,97.0,94.0,24.0,226880.0,145
2023-05-11 10:04:08,HO2312-P-2600,HO2312-P-2600,94.0,0.0,0.0,0.0,5,93.6,97.6,3,91.6,95.4,97.0,94.0,24.0,226880.0,145
2023-05-11 10:04:17,HO2312-P-2600,HO2312-P-2600,94.0,0.0,0.0,0.0,3,93.6,97.6,3,91.6,95.4,97.0,94.0,24.0,226880.0,145
2023-05-11 10:04:17,HO2312-P-2600,HO2312-P-2600,94.0,0.0,0.0,0.0,3,93.6,97.4,1,91.6,95.4,97.0,94.0,24.0,226880.0,145
2023-05-11 10:04:18,HO2312-P-2600,HO2312-P-2600,94.0,0.0,0.0,0.0,5,93.6,97.2,2,91.6,95.4,97.0,94.0,24.0,226880.0,145
2023-05-11 10:04:20,HO2312-P-2600,HO2312-P-2600,94.0,0.0,0.0,0.0,5,93.6,97.4,1,91.6,95.4,97.0,94.0,24.0,226880.0,145
2023-05-11 10:04:21,HO2312-P-2600,HO2312-P-2600,94.0,0.0,0.0,0.0,5,93.6,97.4,3,91.6,95.4,97.0,94.0,24.0,226880.0,145
2023-05-11 10:04:24,HO2312-P-2600,HO2312-P-2600,94.0,0.0,0.0,0.0,5,93.6,97.4,1,91.6,95.4,97.0,94.0,24.0,226880.0,145
2023-05-11 10:04:24,HO2312-P-2600,HO2312-P-2600,94.0,0.0,0.0,0.0,6,93.8,97.4,1,91.6,95.4,97.0,94.0,24.0,226880.0,145
2023-05-11 10:04:25,HO2312-P-2600,HO2312-P-2600,94.0,0.0,0.0,0.0,3,94.0,97.4,3,91.6,95.4,97.0,94.0,24.0,226880.0,145
2023-05-11 10:04:25,HO2312-P-2600,HO2312-P-2600,94.0,0.0,0.0,0.0,6,94.0,97.4,3,91.6,95.4,97.0,94.0,24.0,226880.0,145
2023-05-11 10:04:29,HO2312-P-2600,HO2312-P-2600,94.0,0.0,0.0,0.0,9,94.0,97.4,3,91.6,95.4,97.0,94.0,24.0,226880.0,145
2023-05-11 10:04:29,HO2312-P-2600,HO2312-P-2600,94.0,0.0,0.0,0.0,11,94.0,97.4,1,91.6,95.4,97.0,94.0,24.0,226880.0,145
2023-05-11 10:04:30,HO2312-P-2600,HO2312-P-2600,94.0,0.0,0.0,0.0,11,94.0,97.4,3,91.6,95.4,97.0,94.0,24.0,226880.0,145
2023-05-11 10:04:30,HO2312-P-2600,HO2312-P-2600,94.0,0.0,0.0,0.0,9,94.0,97.4,3,91.6,95.4,97.0,94.0,24.0,226880.0,145
2023-05-11 10:04:32,HO2312-P-2600,HO2312-P-2600,94.0,0.0,0.0,0.0,6,94.0,97.4,3,91.6,95.4,97.0,94.0,24.0,226880.0,145
2023-05-11 10:04:33,HO2312-P-2600,HO2312-P-2600,94.0,0.0,0.0,0.0,6,94.0,97.2,1,91.6,95.4,97.0,94.0,24.0,226880.0,145
2023-05-11 10:04:34,HO2312-P-2600,HO2312-P-2600,94.0,0.0,0.0,0.0,6,94.0,97.2,3,91.6,95.4,97.0,94.0,24.0,226880.0,145
2023-05-11 10:04:35,HO2312-P-2600,HO2312-P-2600,94.0,0.0,0.0,0.0,6,94.0,97.2,1,91.6,95.4,97.0,94.0,24.0,226880.0,145
2023-05-11 10:04:35,HO2312-P-2600,HO2312-P-2600,94.0,0.0,0.0,0.0,9,94.0,97.8,19,91.6,95.4,97.0,94.0,24.0,226880.0,145
2023-05-11 10:04:36,HO2312-P-2600,HO2312-P-2600,94.0,0.0,0.0,0.0,6,94.0,97.6,2,91.6,95.4,97.0,94.0,24.0,226880.0,145
2023-05-11 10:04:36,HO2312-P-2600,HO2312-P-2600,94.0,0.0,0.0,0.0,11,94.0,97.6,2,91.6,95.4,97.0,94.0,24.0,226880.0,145
2023-05-11 10:04:40,HO2312-P-2600,HO2312-P-2600,94.0,0.0,0.0,0.0,9,94.0,97.6,2,91.6,95.4,97.0,94.0,24.0,226880.0,145
2023-05-11 10:05:00,HO2312-P-2600,HO2312-P-2600,94.0,0.0,0.0,0.0,15,94.0,97.6,2,91.6,95.4,97.0,94.0,24.0,226880.0,145
2023-05-11 10:05:01,HO2312-P-2600,HO2312-P-2600,94.0,0.0,0.0,0.0,2,94.2,97.8,19,91.6,95.4,97.0,94.0,24.0,226880.0,145
2023-05-11 10:05:01,HO2312-P-2600,HO2312-P-2600,94.0,0.0,0.0,0.0,3,94.4,97.8,21,91.6,95.4,97.0,94.0,24.0,226880.0,145
2023-05-11 10:05:02,HO2312-P-2600,HO2312-P-2600,94.0,0.0,0.0,0.0,3,94.4,97.8,15,91.6,95.4,97.0,94.0,24.0,226880.0,145
2023-05-11 10:05:02,HO2312-P-2600,HO2312-P-2600,94.0,0.0,0.0,0.0,3,94.4,97.8,9,91.6,95.4,97.0,94.0,24.0,226880.0,145
2023-05-11 10:05:03,HO2312-P-2600,HO2312-P-2600,94.0,0.0,0.0,0.0,5,94.4,97.8,1,91.6,95.4,97.0,94.0,24.0,226880.0,145
2023-05-11 10:05:03,HO2312-P-2600,HO2312-P-2600,94.0,0.0,0.0,0.0,6,94.6,97.8,1,91.6,95.4,97.0,94.0,24.0,226880.0,145
2023-05-11 10:05:04,HO2312-P-2600,HO2312-P-2600,94.0,0.0,0.0,0.0,3,94.8,97.8,1,91.6,95.4,97.0,94.0,24.0,226880.0,145
2023-05-11 10:05:11,HO2312-P-2600,HO2312-P-2600,94.0,0.0,0.0,0.0,5,94.8,97.8,1,91.6,95.4,97.0,94.0,24.0,226880.0,145
2023-05-11 10:05:16,HO2312-P-2600,HO2312-P-2600,94.0,0.0,0.0,0.0,3,94.8,97.8,1,91.6,95.4,97.0,94.0,24.0,226880.0,145
2023-05-11 10:05:24,HO2312-P-2600,HO2312-P-2600,94.0,0.0,0.0,0.0,6,94.6,97.8,1,91.6,95.4,97.0,94.0,24.0,226880.0,145
2023-05-11 10:05:24,HO2312-P-2600,HO2312-P-2600,94.0,0.0,0.0,0.0,9,94.6,97.8,1,91.6,95.4,97.0,94.0,24.0,226880.0,145
2023-05-11 10:05:26,HO2312-P-2600,HO2312-P-2600,94.0,0.0,0.0,0.0,11,94.6,97.8,1,91.6,95.4,97.0,94.0,24.0,226880.0,145
2023-05-11 10:05:27,HO2312-P-2600,HO2312-P-2600,94.0,0.0,0.0,0.0,9,94.6,97.8,1,91.6,95.4,97.0,94.0,24.0,226880.0,145
2023-05-11 10:05:49,HO2312-P-2600,HO2312-P-2600,94.0,0.0,0.0,0.0,11,94.6,97.8,1,91.6,95.4,97.0,94.0,24.0,226880.0,145
2023-05-11 10:05:51,HO2312-P-2600,HO2312-P-2600,94.0,0.0,0.0,0.0,17,94.6,97.8,1,91.6,95.4,97.0,94.0,24.0,226880.0,145
2023-05-11 10:05:52,HO2312-P-2600,HO2312-P-2600,94.0,0.0,0.0,0.0,23,94.6,97.8,1,91.6,95.4,97.0,94.0,24.0,226880.0,145
2023-05-11 10:06:02,HO2312-P-2600,HO2312-P-2600,94.0,0.0,0.0,0.0,21,94.6,97.8,1,91.6,95.4,97.0,94.0,24.0,226880.0,145
2023-05-11 10:06:03,HO2312-P-2600,HO2312-P-2600,94.0,0.0,0.0,0.0,20,94.6,97.8,1,91.6,95.4,97.0,94.0,24.0,226880.0,145
2023-05-11 10:06:04,HO2312-P-2600,HO2312-P-2600,94.0,0.0,0.0,0.0,18,94.6,97.8,1,91.6,95.4,97.0,94.0,24.0,226880.0,145
2023-05-11 10:06:10,HO2312-P-2600,HO2312-P-2600,94.0,0.0,0.0,0.0,21,94.6,97.8,1,91.6,95.4,97.0,94.0,24.0,226880.0,145
2023-05-11 10:06:10,HO2312-P-2600,HO2312-P-2600,94.0,0.0,0.0,0.0,2,94.8,97.8,1,91.6,95.4,97.0,94.0,24.0,226880.0,145
2023-05-11 10:06:13,HO2312-P-2600,HO2312-P-2600,94.0,0.0,0.0,0.0,21,94.6,97.8,1,91.6,95.4,97.0,94.0,24.0,226880.0,145
2023-05-11 10:06:14,HO2312-P-2600,HO2312-P-2600,94.0,0.0,0.0,0.0,23,94.6,97.8,1,91.6,95.4,97.0,94.0,24.0,226880.0,145
2023-05-11 10:06:15,HO2312-P-2600,HO2312-P-2600,94.0,0.0,0.0,0.0,23,94.6,97.6,4,91.6,95.4,97.0,94.0,24.0,226880.0,145
2023-05-11 10:06:15,HO2312-P-2600,HO2312-P-2600,94.0,0.0,0.0,0.0,23,94.6,97.4,3,91.6,95.4,97.0,94.0,24.0,226880.0,145
2023-05-11 10:06:16,HO2312-P-2600,HO2312-P-2600,94.0,0.0,0.0,0.0,23,94.6,97.2,3,91.6,95.4,97.0,94.0,24.0,226880.0,145
2023-05-11 10:06:17,HO2312-P-2600,HO2312-P-2600,94.0,0.0,0.0,0.0,23,94.6,97.0,3,91.6,95.4,97.0,94.0,24.0,226880.0,145
2023-05-11 10:06:18,HO2312-P-2600,HO2312-P-2600,94.0,0.0,0.0,0.0,20,94.6,96.8,2,91.6,95.4,97.0,94.0,24.0,226880.0,145
2023-05-11 10:06:18,HO2312-P-2600,HO2312-P-2600,94.0,0.0,0.0,0.0,18,94.6,96.6,2,91.6,95.4,97.0,94.0,24.0,226880.0,145
2023-05-11 10:06:19,HO2312-P-2600,HO2312-P-2600,94.0,0.0,0.0,0.0,18,94.6,96.4,6,91.6,95.4,97.0,94.0,24.0,226880.0,145
2023-05-11 10:06:19,HO2312-P-2600,HO2312-P-2600,94.0,0.0,0.0,0.0,18,94.6,96.2,3,91.6,95.4,97.0,94.0,24.0,226880.0,145
2023-05-11 10:06:20,HO2312-P-2600,HO2312-P-2600,94.0,0.0,0.0,0.0,12,94.6,96.0,3,91.6,95.4,97.0,94.0,24.0,226880.0,145
2023-05-11 10:06:20,HO2312-P-2600,HO2312-P-2600,94.0,0.0,0.0,0.0,30,94.0,96.0,4,91.6,95.4,97.0,94.0,24.0,226880.0,145
2023-05-11 10:06:21,HO2312-P-2600,HO2312-P-2600,94.0,0.0,0.0,0.0,2,94.2,95.8,1,91.6,95.4,97.0,94.0,24.0,226880.0,145
2023-05-11 10:06:22,HO2312-P-2600,HO2312-P-2600,94.0,0.0,0.0,0.0,2,94.2,95.8,2,91.6,95.4,97.0,94.0,24.0,226880.0,145
2023-05-11 10:06:23,HO2312-P-2600,HO2312-P-2600,94.0,0.0,0.0,0.0,24,94.0,95.8,2,91.6,95.4,97.0,94.0,24.0,226880.0,145
2023-05-11 10:06:24,HO2312-P-2600,HO2312-P-2600,94.0,0.0,0.0,0.0,26,94.0,95.6,2,91.6,95.4,97.0,94.0,24.0,226880.0,145
2023-05-11 10:06:26,HO2312-P-2600,HO2312-P-2600,94.0,0.0,0.0,0.0,26,94.0,95.6,3,91.6,95.4,97.0,94.0,24.0,226880.0,145
2023-05-11 10:06:31,HO2312-P-2600,HO2312-P-2600,94.0,0.0,0.0,0.0,20,94.0,95.6,3,91.6,95.4,97.0,94.0,24.0,226880.0,145
2023-05-11 10:06:32,HO2312-P-2600,HO2312-P-2600,94.0,0.0,0.0,0.0,26,94.0,95.6,3,91.6,95.4,97.0,94.0,24.0,226880.0,145
2023-05-11 10:06:32,HO2312-P-2600,HO2312-P-2600,95.6,3.0,28680.0,3.0,26,94.0,95.8,2,91.6,95.4,97.0,94.0,27.0,255560.0,148
2023-05-11 10:06:39,HO2312-P-2600,HO2312-P-2600,95.6,0.0,0.0,0.0,26,94.0,96.2,18,91.6,95.4,97.0,94.0,27.0,255560.0,148
2023-05-11 10:06:39,HO2312-P-2600,HO2312-P-2600,95.6,0.0,0.0,0.0,26,94.0,96.2,12,91.6,95.4,97.0,94.0,27.0,255560.0,148
2023-05-11 10:06:40,HO2312-P-2600,HO2312-P-2600,95.6,0.0,0.0,0.0,26,94.0,96.6,18,91.6,95.4,97.0,94.0,27.0,255560.0,148
2023-05-11 10:06:40,HO2312-P-2600,HO2312-P-2600,95.6,0.0,0.0,0.0,26,94.0,96.6,6,91.6,95.4,97.0,94.0,27.0,255560.0,148
2023-05-11 10:06:41,HO2312-P-2600,HO2312-P-2600,95.6,0.0,0.0,0.0,26,94.0,97.4,18,91.6,95.4,97.0,94.0,27.0,255560.0,148
2023-05-11 10:06:41,HO2312-P-2600,HO2312-P-2600,95.6,0.0,0.0,0.0,26,94.0,97.4,6,91.6,95.4,97.0,94.0,27.0,255560.0,148
2023-05-11 10:06:42,HO2312-P-2600,HO2312-P-2600,95.6,0.0,0.0,0.0,26,94.0,97.6,24,91.6,95.4,97.0,94.0,27.0,255560.0,148
2023-05-11 10:06:42,HO2312-P-2600,HO2312-P-2600,95.6,0.0,0.0,0.0,29,94.0,97.6,18,91.6,95.4,97.0,94.0,27.0,255560.0,148
2023-05-11 10:06:47,HO2312-P-2600,HO2312-P-2600,95.6,0.0,0.0,0.0,29,94.0,97.6,20,91.6,95.4,97.0,94.0,27.0,255560.0,148
2023-05-11 10:06:48,HO2312-P-2600,HO2312-P-2600,95.6,0.0,0.0,0.0,29,94.0,97.6,18,91.6,95.4,97.0,94.0,27.0,255560.0,148
2023-05-11 10:06:54,HO2312-P-2600,HO2312-P-2600,95.6,0.0,0.0,0.0,26,94.0,97.6,18,91.6,95.4,97.0,94.0,27.0,255560.0,148
2023-05-11 10:06:54,HO2312-P-2600,HO2312-P-2600,95.6,0.0,0.0,0.0,27,94.0,97.4,2,91.6,95.4,97.0,94.0,27.0,255560.0,148
2023-05-11 10:06:55,HO2312-P-2600,HO2312-P-2600,95.6,0.0,0.0,0.0,24,94.0,97.4,2,91.6,95.4,97.0,94.0,27.0,255560.0,148
2023-05-11 10:06:55,HO2312-P-2600,HO2312-P-2600,95.6,0.0,0.0,0.0,27,94.0,97.4,2,91.6,95.4,97.0,94.0,27.0,255560.0,148
2023-05-11 10:06:56,HO2312-P-2600,HO2312-P-2600,95.6,0.0,0.0,0.0,29,94.0,97.6,18,91.6,95.4,97.0,94.0,27.0,255560.0,148
2023-05-11 10:06:59,HO2312-P-2600,HO2312-P-2600,95.6,0.0,0.0,0.0,24,94.0,97.6,18,91.6,95.4,97.0,94.0,27.0,255560.0,148
2023-05-11 10:07:00,HO2312-P-2600,HO2312-P-2600,95.6,0.0,0.0,0.0,24,94.0,97.4,2,91.6,95.4,97.0,94.0,27.0,255560.0,148
2023-05-11 10:07:00,HO2312-P-2600,HO2312-P-2600,95.6,0.0,0.0,0.0,26,94.0,97.4,2,91.6,95.4,97.0,94.0,27.0,255560.0,148
2023-05-11 10:07:01,HO2312-P-2600,HO2312-P-2600,95.6,0.0,0.0,0.0,29,94.0,97.6,18,91.6,95.4,97.0,94.0,27.0,255560.0,148
2023-05-11 10:07:12,HO2312-P-2600,HO2312-P-2600,95.6,0.0,0.0,0.0,27,94.0,97.6,18,91.6,95.4,97.0,94.0,27.0,255560.0,148
2023-05-11 10:07:13,HO2312-P-2600,HO2312-P-2600,95.6,0.0,0.0,0.0,21,94.0,97.4,2,91.6,95.4,97.0,94.0,27.0,255560.0,148
2023-05-11 10:07:13,HO2312-P-2600,HO2312-P-2600,95.6,0.0,0.0,0.0,23,94.0,97.6,18,91.6,95.4,97.0,94.0,27.0,255560.0,148
2023-05-11 10:07:24,HO2312-P-2600,HO2312-P-2600,95.6,0.0,0.0,0.0,21,94.0,97.6,18,91.6,95.4,97.0,94.0,27.0,255560.0,148
2023-05-11 10:07:24,HO2312-P-2600,HO2312-P-2600,95.6,0.0,0.0,0.0,21,94.0,97.4,2,91.6,95.4,97.0,94.0,27.0,255560.0,148
2023-05-11 10:07:25,HO2312-P-2600,HO2312-P-2600,95.6,0.0,0.0,0.0,23,94.0,97.6,18,91.6,95.4,97.0,94.0,27.0,255560.0,148
2023-05-11 10:07:25,HO2312-P-2600,HO2312-P-2600,95.6,0.0,0.0,0.0,23,94.0,97.6,20,91.6,95.4,97.0,94.0,27.0,255560.0,148
2023-05-11 10:07:27,HO2312-P-2600,HO2312-P-2600,95.6,0.0,0.0,0.0,23,94.0,97.6,18,91.6,95.4,97.0,94.0,27.0,255560.0,148
2023-05-11 10:07:28,HO2312-P-2600,HO2312-P-2600,95.6,0.0,0.0,0.0,23,94.0,97.6,20,91.6,95.4,97.0,94.0,27.0,255560.0,148
2023-05-11 10:07:32,HO2312-P-2600,HO2312-P-2600,95.6,0.0,0.0,0.0,21,94.0,97.6,20,91.6,95.4,97.0,94.0,27.0,255560.0,148
2023-05-11 10:07:51,HO2312-P-2600,HO2312-P-2600,95.6,0.0,0.0,0.0,21,94.0,97.6,18,91.6,95.4,97.0,94.0,27.0,255560.0,148
2023-05-11 10:07:51,HO2312-P-2600,HO2312-P-2600,95.6,0.0,0.0,0.0,2,94.2,97.6,18,91.6,95.4,97.0,94.0,27.0,255560.0,148
2023-05-11 10:07:52,HO2312-P-2600,HO2312-P-2600,95.6,0.0,0.0,0.0,3,94.4,97.6,20,91.6,95.4,97.0,94.0,27.0,255560.0,148
2023-05-11 10:07:54,HO2312-P-2600,HO2312-P-2600,95.6,0.0,0.0,0.0,18,94.0,97.6,20,91.6,95.4,97.0,94.0,27.0,255560.0,148
2023-05-11 10:07:55,HO2312-P-2600,HO2312-P-2600,95.6,0.0,0.0,0.0,3,94.2,97.6,20,91.6,95.4,97.0,94.0,27.0,255560.0,148
2023-05-11 10:08:04,HO2312-P-2600,HO2312-P-2600,95.6,0.0,0.0,0.0,3,94.2,97.6,18,91.6,95.4,97.0,94.0,27.0,255560.0,148
2023-05-11 10:08:04,HO2312-P-2600,HO2312-P-2600,95.6,0.0,0.0,0.0,5,94.2,97.6,18,91.6,95.4,97.0,94.0,27.0,255560.0,148
2023-05-11 10:08:06,HO2312-P-2600,HO2312-P-2600,95.6,0.0,0.0,0.0,3,94.2,97.6,18,91.6,95.4,97.0,94.0,27.0,255560.0,148
2023-05-11 10:08:06,HO2312-P-2600,HO2312-P-2600,95.6,0.0,0.0,0.0,3,94.2,97.4,2,91.6,95.4,97.0,94.0,27.0,255560.0,148
2023-05-11 10:08:07,HO2312-P-2600,HO2312-P-2600,95.6,0.0,0.0,0.0,3,94.2,97.6,18,91.6,95.4,97.0,94.0,27.0,255560.0,148
2023-05-11 10:08:07,HO2312-P-2600,HO2312-P-2600,95.6,0.0,0.0,0.0,3,94.2,97.6,20,91.6,95.4,97.0,94.0,27.0,255560.0,148
2023-05-11 10:08:08,HO2312-P-2600,HO2312-P-2600,95.6,0.0,0.0,0.0,3,94.2,97.6,18,91.6,95.4,97.0,94.0,27.0,255560.0,148
2023-05-11 10:08:09,HO2312-P-2600,HO2312-P-2600,95.6,0.0,0.0,0.0,3,94.2,97.6,20,91.6,95.4,97.0,94.0,27.0,255560.0,148
2023-05-11 10:08:10,HO2312-P-2600,HO2312-P-2600,95.6,0.0,0.0,0.0,3,94.2,97.6,18,91.6,95.4,97.0,94.0,27.0,255560.0,148
2023-05-11 10:08:11,HO2312-P-2600,HO2312-P-2600,95.6,0.0,0.0,0.0,5,94.2,97.6,18,91.6,95.4,97.0,94.0,27.0,255560.0,148
2023-05-11 10:08:11,HO2312-P-2600,HO2312-P-2600,95.6,0.0,0.0,0.0,3,94.2,97.6,18,91.6,95.4,97.0,94.0,27.0,255560.0,148
2023-05-11 10:08:12,HO2312-P-2600,HO2312-P-2600,95.6,0.0,0.0,0.0,5,94.2,97.6,18,91.6,95.4,97.0,94.0,27.0,255560.0,148
2023-05-11 10:08:12,HO2312-P-2600,HO2312-P-2600,95.6,0.0,0.0,0.0,3,94.2,97.6,20,91.6,95.4,97.0,94.0,27.0,255560.0,148
2023-05-11 10:08:15,HO2312-P-2600,HO2312-P-2600,95.6,0.0,0.0,0.0,24,94.0,97.6,20,91.6,95.4,97.0,94.0,27.0,255560.0,148
2023-05-11 10:08:16,HO2312-P-2600,HO2312-P-2600,95.6,0.0,0.0,0.0,27,94.0,97.6,20,91.6,95.4,97.0,94.0,27.0,255560.0,148
2023-05-11 10:08:16,HO2312-P-2600,HO2312-P-2600,95.6,0.0,0.0,0.0,29,94.0,97.6,20,91.6,95.4,97.0,94.0,27.0,255560.0,148
2023-05-11 10:08:17,HO2312-P-2600,HO2312-P-2600,95.6,0.0,0.0,0.0,27,94.0,97.6,20,91.6,95.4,97.0,94.0,27.0,255560.0,148
2023-05-11 10:08:17,HO2312-P-2600,HO2312-P-2600,95.6,0.0,0.0,0.0,29,94.0,97.6,20,91.6,95.4,97.0,94.0,27.0,255560.0,148
2023-05-11 10:08:19,HO2312-P-2600,HO2312-P-2600,95.6,0.0,0.0,0.0,27,94.0,97.6,20,91.6,95.4,97.0,94.0,27.0,255560.0,148
2023-05-11 10:08:19,HO2312-P-2600,HO2312-P-2600,95.6,0.0,0.0,0.0,18,94.0,97.6,20,91.6,95.4,97.0,94.0,27.0,255560.0,148
2023-05-11 10:08:22,HO2312-P-2600,HO2312-P-2600,95.6,0.0,0.0,0.0,21,94.0,97.6,20,91.6,95.4,97.0,94.0,27.0,255560.0,148
2023-05-11 10:08:37,HO2312-P-2600,HO2312-P-2600,95.6,0.0,0.0,0.0,18,94.0,97.6,20,91.6,95.4,97.0,94.0,27.0,255560.0,148
2023-05-11 10:08:38,HO2312-P-2600,HO2312-P-2600,95.6,0.0,0.0,0.0,21,94.0,97.6,20,91.6,95.4,97.0,94.0,27.0,255560.0,148
2023-05-11 10:08:55,HO2312-P-2600,HO2312-P-2600,95.6,0.0,0.0,0.0,21,94.0,97.6,18,91.6,95.4,97.0,94.0,27.0,255560.0,148
2023-05-11 10:08:56,HO2312-P-2600,HO2312-P-2600,95.6,0.0,0.0,0.0,23,94.0,97.6,20,91.6,95.4,97.0,94.0,27.0,255560.0,148
2023-05-11 10:09:03,HO2312-P-2600,HO2312-P-2600,95.6,0.0,0.0,0.0,21,94.0,97.6,20,91.6,95.4,97.0,94.0,27.0,255560.0,148
2023-05-11 10:09:13,HO2312-P-2600,HO2312-P-2600,95.6,0.0,0.0,0.0,21,94.0,97.6,18,91.6,95.4,97.0,94.0,27.0,255560.0,148
2023-05-11 10:09:13,HO2312-P-2600,HO2312-P-2600,95.6,0.0,0.0,0.0,23,94.0,97.6,20,91.6,95.4,97.0,94.0,27.0,255560.0,148
2023-05-11 10:09:17,HO2312-P-2600,HO2312-P-2600,95.6,0.0,0.0,0.0,21,94.0,97.6,20,91.6,95.4,97.0,94.0,27.0,255560.0,148
2023-05-11 10:09:40,HO2312-P-2600,HO2312-P-2600,95.6,0.0,0.0,0.0,18,94.0,97.6,20,91.6,95.4,97.0,94.0,27.0,255560.0,148
2023-05-11 10:09:40,HO2312-P-2600,HO2312-P-2600,95.6,0.0,0.0,0.0,21,94.0,97.6,20,91.6,95.4,97.0,94.0,27.0,255560.0,148
2023-05-11 10:09:57,HO2312-P-2600,HO2312-P-2600,95.6,0.0,0.0,0.0,2,94.2,97.6,18,91.6,95.4,97.0,94.0,27.0,255560.0,148
2023-05-11 10:09:58,HO2312-P-2600,HO2312-P-2600,95.6,0.0,0.0,0.0,3,94.4,97.6,12,91.6,95.4,97.0,94.0,27.0,255560.0,148
2023-05-11 10:09:58,HO2312-P-2600,HO2312-P-2600,95.6,0.0,0.0,0.0,3,94.4,97.8,19,91.6,95.4,97.0,94.0,27.0,255560.0,148
2023-05-11 10:09:59,HO2312-P-2600,HO2312-P-2600,95.6,0.0,0.0,0.0,3,94.4,97.8,15,91.6,95.4,97.0,94.0,27.0,255560.0,148
2023-05-11 10:09:59,HO2312-P-2600,HO2312-P-2600,95.6,0.0,0.0,0.0,3,94.4,97.8,9,91.6,95.4,97.0,94.0,27.0,255560.0,148
2023-05-11 10:10:00,HO2312-P-2600,HO2312-P-2600,95.6,0.0,0.0,0.0,5,94.4,97.8,3,91.6,95.4,97.0,94.0,27.0,255560.0,148
2023-05-11 10:10:00,HO2312-P-2600,HO2312-P-2600,95.6,0.0,0.0,0.0,3,94.4,97.8,3,91.6,95.4,97.0,94.0,27.0,255560.0,148
2023-05-11 10:10:01,HO2312-P-2600,HO2312-P-2600,95.6,0.0,0.0,0.0,5,94.4,97.8,1,91.6,95.4,97.0,94.0,27.0,255560.0,148
2023-05-11 10:10:01,HO2312-P-2600,HO2312-P-2600,95.6,0.0,0.0,0.0,3,94.4,97.8,3,91.6,95.4,97.0,94.0,27.0,255560.0,148
2023-05-11 10:10:03,HO2312-P-2600,HO2312-P-2600,95.6,0.0,0.0,0.0,3,94.4,97.8,1,91.6,95.4,97.0,94.0,27.0,255560.0,148
2023-05-11 10:10:03,HO2312-P-2600,HO2312-P-2600,95.6,0.0,0.0,0.0,5,94.4,97.8,1,91.6,95.4,97.0,94.0,27.0,255560.0,148
2023-05-11 10:10:04,HO2312-P-2600,HO2312-P-2600,95.6,0.0,0.0,0.0,3,94.4,97.8,3,91.6,95.4,97.0,94.0,27.0,255560.0,148
2023-05-11 10:10:05,HO2312-P-2600,HO2312-P-2600,95.6,0.0,0.0,0.0,3,94.4,97.8,1,91.6,95.4,97.0,94.0,27.0,255560.0,148
2023-05-11 10:10:05,HO2312-P-2600,HO2312-P-2600,95.6,0.0,0.0,0.0,2,94.6,97.8,1,91.6,95.4,97.0,94.0,27.0,255560.0,148
2023-05-11 10:10:06,HO2312-P-2600,HO2312-P-2600,95.6,0.0,0.0,0.0,3,94.8,97.8,1,91.6,95.4,97.0,94.0,27.0,255560.0,148
2023-05-11 10:10:09,HO2312-P-2600,HO2312-P-2600,95.6,0.0,0.0,0.0,24,94.0,97.8,3,91.6,95.4,97.0,94.0,27.0,255560.0,148
2023-05-11 10:10:09,HO2312-P-2600,HO2312-P-2600,95.6,0.0,0.0,0.0,3,94.2,97.8,3,91.6,95.4,97.0,94.0,27.0,255560.0,148
2023-05-11 10:10:10,HO2312-P-2600,HO2312-P-2600,95.6,0.0,0.0,0.0,5,94.2,97.8,3,91.6,95.4,97.0,94.0,27.0,255560.0,148
2023-05-11 10:10:16,HO2312-P-2600,HO2312-P-2600,95.6,0.0,0.0,0.0,5,94.2,97.8,1,91.6,95.4,97.0,94.0,27.0,255560.0,148
2023-05-11 10:10:30,HO2312-P-2600,HO2312-P-2600,95.6,0.0,0.0,0.0,3,94.2,97.8,1,91.6,95.4,97.0,94.0,27.0,255560.0,148
2023-05-11 10:10:40,HO2312-P-2600,HO2312-P-2600,95.6,0.0,0.0,0.0,3,94.2,97.6,2,91.6,95.4,97.0,94.0,27.0,255560.0,148
2023-05-11 10:10:58,HO2312-P-2600,HO2312-P-2600,95.6,0.0,0.0,0.0,3,94.2,97.8,1,91.6,95.4,97.0,94.0,27.0,255560.0,148
2023-05-11 10:10:58,HO2312-P-2600,HO2312-P-2600,95.6,0.0,0.0,0.0,5,94.2,97.8,3,91.6,95.4,97.0,94.0,27.0,255560.0,148
2023-05-11 10:11:00,HO2312-P-2600,HO2312-P-2600,95.6,0.0,0.0,0.0,3,94.2,97.8,3,91.6,95.4,97.0,94.0,27.0,255560.0,148
2023-05-11 10:11:03,HO2312-P-2600,HO2312-P-2600,95.6,0.0,0.0,0.0,5,94.2,97.8,3,91.6,95.4,97.0,94.0,27.0,255560.0,148
2023-05-11 10:11:04,HO2312-P-2600,HO2312-P-2600,95.6,0.0,0.0,0.0,5,94.2,97.8,1,91.6,95.4,97.0,94.0,27.0,255560.0,148
2023-05-11 10:11:05,HO2312-P-2600,HO2312-P-2600,95.6,0.0,0.0,0.0,5,94.2,97.8,3,91.6,95.4,97.0,94.0,27.0,255560.0,148
2023-05-11 10:11:06,HO2312-P-2600,HO2312-P-2600,95.6,0.0,0.0,0.0,5,94.2,97.8,1,91.6,95.4,97.0,94.0,27.0,255560.0,148
2023-05-11 10:11:30,HO2312-P-2600,HO2312-P-2600,95.6,0.0,0.0,0.0,3,94.2,97.8,1,91.6,95.4,97.0,94.0,27.0,255560.0,148
2023-05-11 10:11:30,HO2312-P-2600,HO2312-P-2600,95.6,0.0,0.0,0.0,5,94.2,97.8,3,91.6,95.4,97.0,94.0,27.0,255560.0,148
2023-05-11 10:11:31,HO2312-P-2600,HO2312-P-2600,95.6,0.0,0.0,0.0,5,94.2,97.8,1,91.6,95.4,97.0,94.0,27.0,255560.0,148
2023-05-11 10:11:32,HO2312-P-2600,HO2312-P-2600,95.6,0.0,0.0,0.0,5,94.2,97.8,3,91.6,95.4,97.0,94.0,27.0,255560.0,148
2023-05-11 10:11:38,HO2312-P-2600,HO2312-P-2600,95.6,0.0,0.0,0.0,3,94.2,97.8,3,91.6,95.4,97.0,94.0,27.0,255560.0,148
2023-05-11 10:11:41,HO2312-P-2600,HO2312-P-2600,95.6,0.0,0.0,0.0,3,94.2,97.8,1,91.6,95.4,97.0,94.0,27.0,255560.0,148
2023-05-11 10:11:42,HO2312-P-2600,HO2312-P-2600,95.6,0.0,0.0,0.0,2,94.4,97.8,1,91.6,95.4,97.0,94.0,27.0,255560.0,148
2023-05-11 10:11:42,HO2312-P-2600,HO2312-P-2600,95.6,0.0,0.0,0.0,3,94.6,97.8,1,91.6,95.4,97.0,94.0,27.0,255560.0,148
2023-05-11 10:12:05,HO2312-P-2600,HO2312-P-2600,95.6,0.0,0.0,0.0,3,94.6,97.6,2,91.6,95.4,97.0,94.0,27.0,255560.0,148
2023-05-11 10:12:06,HO2312-P-2600,HO2312-P-2600,95.6,0.0,0.0,0.0,3,94.6,97.8,1,91.6,95.4,97.0,94.0,27.0,255560.0,148
2023-05-11 10:12:32,HO2312-P-2600,HO2312-P-2600,95.6,0.0,0.0,0.0,6,94.4,97.8,1,91.6,95.4,97.0,94.0,27.0,255560.0,148
2023-05-11 10:12:33,HO2312-P-2600,HO2312-P-2600,95.6,0.0,0.0,0.0,9,94.4,97.6,2,91.6,95.4,97.0,94.0,27.0,255560.0,148
2023-05-11 10:12:35,HO2312-P-2600,HO2312-P-2600,95.6,0.0,0.0,0.0,9,94.4,97.8,1,91.6,95.4,97.0,94.0,27.0,255560.0,148
2023-05-11 10:12:42,HO2312-P-2600,HO2312-P-2600,95.6,0.0,0.0,0.0,6,94.6,97.8,1,91.6,95.4,97.0,94.0,27.0,255560.0,148
2023-05-11 10:12:43,HO2312-P-2600,HO2312-P-2600,95.6,0.0,0.0,0.0,3,94.8,97.8,3,91.6,95.4,97.0,94.0,27.0,255560.0,148
2023-05-11 10:12:43,HO2312-P-2600,HO2312-P-2600,95.6,0.0,0.0,0.0,3,94.8,97.8,1,91.6,95.4,97.0,94.0,27.0,255560.0,148
2023-05-11 10:12:44,HO2312-P-2600,HO2312-P-2600,95.6,0.0,0.0,0.0,3,94.8,97.8,3,91.6,95.4,97.0,94.0,27.0,255560.0,148
2023-05-11 10:12:44,HO2312-P-2600,HO2312-P-2600,95.6,0.0,0.0,0.0,3,94.8,97.8,1,91.6,95.4,97.0,94.0,27.0,255560.0,148
2023-05-11 10:12:53,HO2312-P-2600,HO2312-P-2600,95.6,0.0,0.0,0.0,6,94.6,97.8,1,91.6,95.4,97.0,94.0,27.0,255560.0,148
2023-05-11 10:12:53,HO2312-P-2600,HO2312-P-2600,95.6,0.0,0.0,0.0,9,94.6,97.8,1,91.6,95.4,97.0,94.0,27.0,255560.0,148
2023-05-11 10:13:13,HO2312-P-2600,HO2312-P-2600,95.6,0.0,0.0,0.0,9,94.6,97.8,3,91.6,95.4,97.0,94.0,27.0,255560.0,148
2023-05-11 10:13:17,HO2312-P-2600,HO2312-P-2600,95.6,0.0,0.0,0.0,9,94.6,97.8,1,91.6,95.4,97.0,94.0,27.0,255560.0,148
2023-05-11 10:13:17,HO2312-P-2600,HO2312-P-2600,95.6,0.0,0.0,0.0,9,94.6,97.8,3,91.6,95.4,97.0,94.0,27.0,255560.0,148
2023-05-11 10:13:18,HO2312-P-2600,HO2312-P-2600,95.6,0.0,0.0,0.0,9,94.6,97.8,1,91.6,95.4,97.0,94.0,27.0,255560.0,148
2023-05-11 10:13:18,HO2312-P-2600,HO2312-P-2600,95.6,0.0,0.0,0.0,9,94.6,97.8,3,91.6,95.4,97.0,94.0,27.0,255560.0,148
2023-05-11 10:13:19,HO2312-P-2600,HO2312-P-2600,95.6,0.0,0.0,0.0,9,94.6,97.8,1,91.6,95.4,97.0,94.0,27.0,255560.0,148
2023-05-11 10:13:19,HO2312-P-2600,HO2312-P-2600,95.6,0.0,0.0,0.0,9,94.6,97.8,3,91.6,95.4,97.0,94.0,27.0,255560.0,148
2023-05-11 10:13:20,HO2312-P-2600,HO2312-P-2600,95.6,0.0,0.0,0.0,9,94.6,97.8,1,91.6,95.4,97.0,94.0,27.0,255560.0,148
2023-05-11 10:13:58,HO2312-P-2600,HO2312-P-2600,95.6,0.0,0.0,0.0,18,94.0,97.8,1,91.6,95.4,97.0,94.0,27.0,255560.0,148
2023-05-11 10:13:58,HO2312-P-2600,HO2312-P-2600,95.6,0.0,0.0,0.0,3,94.2,97.6,2,91.6,95.4,97.0,94.0,27.0,255560.0,148
2023-05-11 10:13:59,HO2312-P-2600,HO2312-P-2600,95.6,0.0,0.0,0.0,5,94.2,97.6,2,91.6,95.4,97.0,94.0,27.0,255560.0,148
2023-05-11 10:13:59,HO2312-P-2600,HO2312-P-2600,95.6,0.0,0.0,0.0,5,94.2,97.8,1,91.6,95.4,97.0,94.0,27.0,255560.0,148
2023-05-11 10:14:00,HO2312-P-2600,HO2312-P-2600,95.6,0.0,0.0,0.0,5,94.2,97.8,3,91.6,95.4,97.0,94.0,27.0,255560.0,148
2023-05-11 10:14:04,HO2312-P-2600,HO2312-P-2600,95.6,0.0,0.0,0.0,3,94.2,97.8,3,91.6,95.4,97.0,94.0,27.0,255560.0,148
2023-05-11 10:14:05,HO2312-P-2600,HO2312-P-2600,95.6,0.0,0.0,0.0,5,94.2,97.8,3,91.6,95.4,97.0,94.0,27.0,255560.0,148
2023-05-11 10:14:23,HO2312-P-2600,HO2312-P-2600,95.6,0.0,0.0,0.0,3,94.2,97.8,3,91.6,95.4,97.0,94.0,27.0,255560.0,148
2023-05-11 10:14:23,HO2312-P-2600,HO2312-P-2600,95.6,0.0,0.0,0.0,5,94.2,97.8,3,91.6,95.4,97.0,94.0,27.0,255560.0,148
2023-05-11 10:14:30,HO2312-P-2600,HO2312-P-2600,95.6,0.0,0.0,0.0,3,94.2,97.8,3,91.6,95.4,97.0,94.0,27.0,255560.0,148
2023-05-11 10:14:42,HO2312-P-2600,HO2312-P-2600,95.6,0.0,0.0,0.0,30,93.8,97.8,3,91.6,95.4,97.0,94.0,27.0,255560.0,148
2023-05-11 10:14:42,HO2312-P-2600,HO2312-P-2600,95.6,0.0,0.0,0.0,5,94.0,97.8,3,91.6,95.4,97.0,94.0,27.0,255560.0,148
2023-05-11 10:14:43,HO2312-P-2600,HO2312-P-2600,95.6,0.0,0.0,0.0,3,94.0,97.8,3,91.6,95.4,97.0,94.0,27.0,255560.0,148
2023-05-11 10:14:52,HO2312-P-2600,HO2312-P-2600,95.6,0.0,0.0,0.0,3,94.0,97.8,1,91.6,95.4,97.0,94.0,27.0,255560.0,148
2023-05-11 10:14:52,HO2312-P-2600,HO2312-P-2600,95.6,0.0,0.0,0.0,2,94.2,97.8,1,91.6,95.4,97.0,94.0,27.0,255560.0,148
2023-05-11 10:14:53,HO2312-P-2600,HO2312-P-2600,95.6,0.0,0.0,0.0,3,94.4,97.8,1,91.6,95.4,97.0,94.0,27.0,255560.0,148
2023-05-11 10:14:53,HO2312-P-2600,HO2312-P-2600,95.6,0.0,0.0,0.0,5,94.4,97.8,1,91.6,95.4,97.0,94.0,27.0,255560.0,148
2023-05-11 10:14:56,HO2312-P-2600,HO2312-P-2600,95.6,0.0,0.0,0.0,3,94.4,97.8,1,91.6,95.4,97.0,94.0,27.0,255560.0,148
