time,symbol_id,symbol_name,last,trade_volume,trade_amount,open_interest_change,bv1,bp1,ap1,av1,yesterday_close,today_open,today_high,today_low,volume,amount,open_interest
2023-05-11 09:29:00,HO2403-C-2450,HO2403-C-2450,305.6,0.0,0.0,0.0,1,250.0,337.2,1,305.6,292.8,0.0,0.0,0.0,0.0,111
2023-05-11 09:30:00,HO2403-C-2450,HO2403-C-2450,305.6,0.0,0.0,0.0,1,263.2,323.2,1,305.6,292.8,0.0,0.0,0.0,0.0,111
2023-05-11 09:30:00,HO2403-C-2450,HO2403-C-2450,305.6,0.0,0.0,0.0,1,263.4,323.2,3,305.6,292.8,0.0,0.0,0.0,0.0,111
2023-05-11 09:30:01,HO2403-C-2450,HO2403-C-2450,305.6,0.0,0.0,0.0,1,266.4,323.2,3,305.6,292.8,0.0,0.0,0.0,0.0,111
2023-05-11 09:30:02,HO2403-C-2450,HO2403-C-2450,305.6,0.0,0.0,0.0,1,266.4,323.2,2,305.6,292.8,0.0,0.0,0.0,0.0,111
2023-05-11 09:30:06,HO2403-C-2450,HO2403-C-2450,305.6,0.0,0.0,0.0,1,274.4,323.2,2,305.6,292.8,0.0,0.0,0.0,0.0,111
2023-05-11 09:30:15,HO2403-C-2450,HO2403-C-2450,305.6,0.0,0.0,0.0,1,274.4,315.2,1,305.6,292.8,0.0,0.0,0.0,0.0,111
2023-05-11 09:30:21,HO2403-C-2450,HO2403-C-2450,305.6,0.0,0.0,0.0,6,282.0,307.0,6,305.6,292.8,0.0,0.0,0.0,0.0,111
2023-05-11 09:30:24,HO2403-C-2450,HO2403-C-2450,305.6,0.0,0.0,0.0,1,286.8,307.0,6,305.6,292.8,0.0,0.0,0.0,0.0,111
2023-05-11 09:30:25,HO2403-C-2450,HO2403-C-2450,305.6,0.0,0.0,0.0,7,286.8,307.0,6,305.6,292.8,0.0,0.0,0.0,0.0,111
2023-05-11 09:30:26,HO2403-C-2450,HO2403-C-2450,305.6,0.0,0.0,0.0,7,286.8,297.4,6,305.6,292.8,0.0,0.0,0.0,0.0,111
2023-05-11 09:30:26,HO2403-C-2450,HO2403-C-2450,305.6,0.0,0.0,0.0,6,287.0,296.2,1,305.6,292.8,0.0,0.0,0.0,0.0,111
2023-05-11 09:30:36,HO2403-C-2450,HO2403-C-2450,305.6,0.0,0.0,0.0,6,287.0,296.0,6,305.6,292.8,0.0,0.0,0.0,0.0,111
2023-05-11 09:30:41,HO2403-C-2450,HO2403-C-2450,305.6,0.0,0.0,0.0,6,287.0,295.2,1,305.6,292.8,0.0,0.0,0.0,0.0,111
2023-05-11 09:30:42,HO2403-C-2450,HO2403-C-2450,305.6,0.0,0.0,0.0,6,287.0,295.0,6,305.6,292.8,0.0,0.0,0.0,0.0,111
2023-05-11 09:30:47,HO2403-C-2450,HO2403-C-2450,305.6,0.0,0.0,0.0,6,287.0,296.2,6,305.6,292.8,0.0,0.0,0.0,0.0,111
2023-05-11 09:30:47,HO2403-C-2450,HO2403-C-2450,305.6,0.0,0.0,0.0,6,287.0,296.8,6,305.6,292.8,0.0,0.0,0.0,0.0,111
2023-05-11 09:30:49,HO2403-C-2450,HO2403-C-2450,305.6,0.0,0.0,0.0,1,288.0,296.8,6,305.6,292.8,0.0,0.0,0.0,0.0,111
2023-05-11 09:30:50,HO2403-C-2450,HO2403-C-2450,305.6,0.0,0.0,0.0,6,288.2,296.2,1,305.6,292.8,0.0,0.0,0.0,0.0,111
2023-05-11 09:30:50,HO2403-C-2450,HO2403-C-2450,305.6,0.0,0.0,0.0,6,288.2,296.0,6,305.6,292.8,0.0,0.0,0.0,0.0,111
2023-05-11 09:30:56,HO2403-C-2450,HO2403-C-2450,305.6,0.0,0.0,0.0,6,288.2,296.8,6,305.6,292.8,0.0,0.0,0.0,0.0,111
2023-05-11 09:31:01,HO2403-C-2450,HO2403-C-2450,305.6,0.0,0.0,0.0,6,288.2,296.6,1,305.6,292.8,0.0,0.0,0.0,0.0,111
2023-05-11 09:31:02,HO2403-C-2450,HO2403-C-2450,305.6,0.0,0.0,0.0,6,288.2,296.4,6,305.6,292.8,0.0,0.0,0.0,0.0,111
2023-05-11 09:31:07,HO2403-C-2450,HO2403-C-2450,305.6,0.0,0.0,0.0,6,288.2,295.8,1,305.6,292.8,0.0,0.0,0.0,0.0,111
2023-05-11 09:31:08,HO2403-C-2450,HO2403-C-2450,305.6,0.0,0.0,0.0,6,288.2,295.6,6,305.6,292.8,0.0,0.0,0.0,0.0,111
2023-05-11 09:31:17,HO2403-C-2450,HO2403-C-2450,305.6,0.0,0.0,0.0,6,288.2,296.8,6,305.6,292.8,0.0,0.0,0.0,0.0,111
2023-05-11 09:31:17,HO2403-C-2450,HO2403-C-2450,305.6,0.0,0.0,0.0,6,288.2,296.6,1,305.6,292.8,0.0,0.0,0.0,0.0,111
2023-05-11 09:31:18,HO2403-C-2450,HO2403-C-2450,305.6,0.0,0.0,0.0,6,288.2,296.4,6,305.6,292.8,0.0,0.0,0.0,0.0,111
2023-05-11 09:31:20,HO2403-C-2450,HO2403-C-2450,305.6,0.0,0.0,0.0,6,288.2,295.8,1,305.6,292.8,0.0,0.0,0.0,0.0,111
2023-05-11 09:31:21,HO2403-C-2450,HO2403-C-2450,305.6,0.0,0.0,0.0,6,288.2,295.6,6,305.6,292.8,0.0,0.0,0.0,0.0,111
2023-05-11 09:31:22,HO2403-C-2450,HO2403-C-2450,305.6,0.0,0.0,0.0,6,288.2,295.0,1,305.6,292.8,0.0,0.0,0.0,0.0,111
2023-05-11 09:31:25,HO2403-C-2450,HO2403-C-2450,305.6,0.0,0.0,0.0,6,288.2,295.6,6,305.6,292.8,0.0,0.0,0.0,0.0,111
2023-05-11 09:31:32,HO2403-C-2450,HO2403-C-2450,305.6,0.0,0.0,0.0,6,288.2,296.8,6,305.6,292.8,0.0,0.0,0.0,0.0,111
2023-05-11 09:31:33,HO2403-C-2450,HO2403-C-2450,305.6,0.0,0.0,0.0,6,288.2,296.4,1,305.6,292.8,0.0,0.0,0.0,0.0,111
2023-05-11 09:31:33,HO2403-C-2450,HO2403-C-2450,305.6,0.0,0.0,0.0,6,288.2,296.2,6,305.6,292.8,0.0,0.0,0.0,0.0,111
2023-05-11 09:31:37,HO2403-C-2450,HO2403-C-2450,305.6,0.0,0.0,0.0,6,288.2,295.6,1,305.6,292.8,0.0,0.0,0.0,0.0,111
2023-05-11 09:31:37,HO2403-C-2450,HO2403-C-2450,305.6,0.0,0.0,0.0,6,288.2,295.4,6,305.6,292.8,0.0,0.0,0.0,0.0,111
2023-05-11 09:31:47,HO2403-C-2450,HO2403-C-2450,305.6,0.0,0.0,0.0,6,288.2,295.8,12,305.6,292.8,0.0,0.0,0.0,0.0,111
2023-05-11 09:31:48,HO2403-C-2450,HO2403-C-2450,305.6,0.0,0.0,0.0,6,288.2,296.4,1,305.6,292.8,0.0,0.0,0.0,0.0,111
2023-05-11 09:31:49,HO2403-C-2450,HO2403-C-2450,305.6,0.0,0.0,0.0,6,288.2,296.2,6,305.6,292.8,0.0,0.0,0.0,0.0,111
2023-05-11 09:31:49,HO2403-C-2450,HO2403-C-2450,305.6,0.0,0.0,0.0,6,288.2,295.6,1,305.6,292.8,0.0,0.0,0.0,0.0,111
2023-05-11 09:31:51,HO2403-C-2450,HO2403-C-2450,305.6,0.0,0.0,0.0,6,288.2,295.4,6,305.6,292.8,0.0,0.0,0.0,0.0,111
2023-05-11 09:31:52,HO2403-C-2450,HO2403-C-2450,305.6,0.0,0.0,0.0,6,288.2,294.8,1,305.6,292.8,0.0,0.0,0.0,0.0,111
2023-05-11 09:31:53,HO2403-C-2450,HO2403-C-2450,305.6,0.0,0.0,0.0,6,288.2,295.4,6,305.6,292.8,0.0,0.0,0.0,0.0,111
2023-05-11 09:31:58,HO2403-C-2450,HO2403-C-2450,305.6,0.0,0.0,0.0,6,288.2,295.4,7,305.6,292.8,0.0,0.0,0.0,0.0,111
2023-05-11 09:32:08,HO2403-C-2450,HO2403-C-2450,305.6,0.0,0.0,0.0,6,288.2,295.2,1,305.6,292.8,0.0,0.0,0.0,0.0,111
2023-05-11 09:32:15,HO2403-C-2450,HO2403-C-2450,305.6,0.0,0.0,0.0,1,290.0,295.2,1,305.6,292.8,0.0,0.0,0.0,0.0,111
2023-05-11 09:32:19,HO2403-C-2450,HO2403-C-2450,305.6,0.0,0.0,0.0,1,290.0,295.8,1,305.6,292.8,0.0,0.0,0.0,0.0,111
2023-05-11 09:32:27,HO2403-C-2450,HO2403-C-2450,305.6,0.0,0.0,0.0,1,290.0,296.0,18,305.6,292.8,0.0,0.0,0.0,0.0,111
2023-05-11 09:32:27,HO2403-C-2450,HO2403-C-2450,305.6,0.0,0.0,0.0,1,290.0,296.0,6,305.6,292.8,0.0,0.0,0.0,0.0,111
2023-05-11 09:32:28,HO2403-C-2450,HO2403-C-2450,305.6,0.0,0.0,0.0,1,290.0,296.2,6,305.6,292.8,0.0,0.0,0.0,0.0,111
2023-05-11 09:32:42,HO2403-C-2450,HO2403-C-2450,305.6,0.0,0.0,0.0,1,290.0,296.2,7,305.6,292.8,0.0,0.0,0.0,0.0,111
2023-05-11 09:32:45,HO2403-C-2450,HO2403-C-2450,305.6,0.0,0.0,0.0,1,290.0,296.2,6,305.6,292.8,0.0,0.0,0.0,0.0,111
2023-05-11 09:33:31,HO2403-C-2450,HO2403-C-2450,305.6,0.0,0.0,0.0,1,290.0,296.2,7,305.6,292.8,0.0,0.0,0.0,0.0,111
2023-05-11 09:33:37,HO2403-C-2450,HO2403-C-2450,305.6,0.0,0.0,0.0,1,290.0,296.2,6,305.6,292.8,0.0,0.0,0.0,0.0,111
2023-05-11 09:33:46,HO2403-C-2450,HO2403-C-2450,305.6,0.0,0.0,0.0,6,290.2,296.4,12,305.6,292.8,0.0,0.0,0.0,0.0,111
2023-05-11 09:33:46,HO2403-C-2450,HO2403-C-2450,305.6,0.0,0.0,0.0,6,290.2,296.6,12,305.6,292.8,0.0,0.0,0.0,0.0,111
2023-05-11 09:33:47,HO2403-C-2450,HO2403-C-2450,305.6,0.0,0.0,0.0,6,290.2,296.8,12,305.6,292.8,0.0,0.0,0.0,0.0,111
2023-05-11 09:33:47,HO2403-C-2450,HO2403-C-2450,305.6,0.0,0.0,0.0,6,290.2,297.2,30,305.6,292.8,0.0,0.0,0.0,0.0,111
2023-05-11 09:33:48,HO2403-C-2450,HO2403-C-2450,305.6,0.0,0.0,0.0,6,290.2,297.2,18,305.6,292.8,0.0,0.0,0.0,0.0,111
2023-05-11 09:33:50,HO2403-C-2450,HO2403-C-2450,305.6,0.0,0.0,0.0,6,290.2,297.2,24,305.6,292.8,0.0,0.0,0.0,0.0,111
2023-05-11 09:33:51,HO2403-C-2450,HO2403-C-2450,305.6,0.0,0.0,0.0,6,290.2,297.2,18,305.6,292.8,0.0,0.0,0.0,0.0,111
2023-05-11 09:33:52,HO2403-C-2450,HO2403-C-2450,305.6,0.0,0.0,0.0,7,290.2,297.2,18,305.6,292.8,0.0,0.0,0.0,0.0,111
2023-05-11 09:33:55,HO2403-C-2450,HO2403-C-2450,305.6,0.0,0.0,0.0,1,292.2,297.2,18,305.6,292.8,0.0,0.0,0.0,0.0,111
2023-05-11 09:34:15,HO2403-C-2450,HO2403-C-2450,305.6,0.0,0.0,0.0,1,292.2,297.0,1,305.6,292.8,0.0,0.0,0.0,0.0,111
2023-05-11 09:34:15,HO2403-C-2450,HO2403-C-2450,305.6,0.0,0.0,0.0,6,290.2,297.0,1,305.6,292.8,0.0,0.0,0.0,0.0,111
2023-05-11 09:34:20,HO2403-C-2450,HO2403-C-2450,305.6,0.0,0.0,0.0,6,290.2,297.2,18,305.6,292.8,0.0,0.0,0.0,0.0,111
2023-05-11 09:34:21,HO2403-C-2450,HO2403-C-2450,305.6,0.0,0.0,0.0,6,290.4,297.2,12,305.6,292.8,0.0,0.0,0.0,0.0,111
2023-05-11 09:34:22,HO2403-C-2450,HO2403-C-2450,305.6,0.0,0.0,0.0,6,290.6,297.4,12,305.6,292.8,0.0,0.0,0.0,0.0,111
2023-05-11 09:34:22,HO2403-C-2450,HO2403-C-2450,305.6,0.0,0.0,0.0,6,290.6,297.6,12,305.6,292.8,0.0,0.0,0.0,0.0,111
2023-05-11 09:34:23,HO2403-C-2450,HO2403-C-2450,305.6,0.0,0.0,0.0,6,290.6,297.8,18,305.6,292.8,0.0,0.0,0.0,0.0,111
2023-05-11 09:34:23,HO2403-C-2450,HO2403-C-2450,305.6,0.0,0.0,0.0,6,290.6,297.8,12,305.6,292.8,0.0,0.0,0.0,0.0,111
2023-05-11 09:34:24,HO2403-C-2450,HO2403-C-2450,305.6,0.0,0.0,0.0,6,290.6,298.0,25,305.6,292.8,0.0,0.0,0.0,0.0,111
2023-05-11 09:34:24,HO2403-C-2450,HO2403-C-2450,305.6,0.0,0.0,0.0,6,290.6,298.0,19,305.6,292.8,0.0,0.0,0.0,0.0,111
2023-05-11 09:34:26,HO2403-C-2450,HO2403-C-2450,305.6,0.0,0.0,0.0,6,290.6,298.0,13,305.6,292.8,0.0,0.0,0.0,0.0,111
2023-05-11 09:34:32,HO2403-C-2450,HO2403-C-2450,305.6,0.0,0.0,0.0,6,290.6,297.2,1,305.6,292.8,0.0,0.0,0.0,0.0,111
2023-05-11 09:34:33,HO2403-C-2450,HO2403-C-2450,305.6,0.0,0.0,0.0,24,290.4,297.0,6,305.6,292.8,0.0,0.0,0.0,0.0,111
2023-05-11 09:34:33,HO2403-C-2450,HO2403-C-2450,305.6,0.0,0.0,0.0,18,290.4,296.4,1,305.6,292.8,0.0,0.0,0.0,0.0,111
2023-05-11 09:34:35,HO2403-C-2450,HO2403-C-2450,305.6,0.0,0.0,0.0,12,290.4,296.4,1,305.6,292.8,0.0,0.0,0.0,0.0,111
2023-05-11 09:34:36,HO2403-C-2450,HO2403-C-2450,305.6,0.0,0.0,0.0,6,290.4,296.4,1,305.6,292.8,0.0,0.0,0.0,0.0,111
2023-05-11 09:34:38,HO2403-C-2450,HO2403-C-2450,305.6,0.0,0.0,0.0,13,290.0,296.2,6,305.6,292.8,0.0,0.0,0.0,0.0,111
2023-05-11 09:34:39,HO2403-C-2450,HO2403-C-2450,305.6,0.0,0.0,0.0,7,290.0,296.0,6,305.6,292.8,0.0,0.0,0.0,0.0,111
2023-05-11 09:34:39,HO2403-C-2450,HO2403-C-2450,305.6,0.0,0.0,0.0,1,290.0,296.0,7,305.6,292.8,0.0,0.0,0.0,0.0,111
2023-05-11 09:34:40,HO2403-C-2450,HO2403-C-2450,305.6,0.0,0.0,0.0,1,290.0,295.4,1,305.6,292.8,0.0,0.0,0.0,0.0,111
2023-05-11 09:34:44,HO2403-C-2450,HO2403-C-2450,305.6,0.0,0.0,0.0,1,290.0,295.4,2,305.6,292.8,0.0,0.0,0.0,0.0,111
2023-05-11 09:34:46,HO2403-C-2450,HO2403-C-2450,305.6,0.0,0.0,0.0,1,290.0,295.4,1,305.6,292.8,0.0,0.0,0.0,0.0,111
2023-05-11 09:34:51,HO2403-C-2450,HO2403-C-2450,305.6,0.0,0.0,0.0,1,290.0,296.2,6,305.6,292.8,0.0,0.0,0.0,0.0,111
2023-05-11 09:34:55,HO2403-C-2450,HO2403-C-2450,305.6,0.0,0.0,0.0,1,290.0,296.0,6,305.6,292.8,0.0,0.0,0.0,0.0,111
2023-05-11 09:35:01,HO2403-C-2450,HO2403-C-2450,305.6,0.0,0.0,0.0,1,290.0,296.0,7,305.6,292.8,0.0,0.0,0.0,0.0,111
2023-05-11 09:35:02,HO2403-C-2450,HO2403-C-2450,305.6,0.0,0.0,0.0,1,290.0,296.0,8,305.6,292.8,0.0,0.0,0.0,0.0,111
2023-05-11 09:35:06,HO2403-C-2450,HO2403-C-2450,305.6,0.0,0.0,0.0,1,290.0,295.2,1,305.6,292.8,0.0,0.0,0.0,0.0,111
2023-05-11 09:35:06,HO2403-C-2450,HO2403-C-2450,305.6,0.0,0.0,0.0,1,290.0,295.0,6,305.6,292.8,0.0,0.0,0.0,0.0,111
2023-05-11 09:35:07,HO2403-C-2450,HO2403-C-2450,305.6,0.0,0.0,0.0,18,289.4,295.0,12,305.6,292.8,0.0,0.0,0.0,0.0,111
2023-05-11 09:35:07,HO2403-C-2450,HO2403-C-2450,305.6,0.0,0.0,0.0,12,289.4,295.0,12,305.6,292.8,0.0,0.0,0.0,0.0,111
2023-05-11 09:35:08,HO2403-C-2450,HO2403-C-2450,305.6,0.0,0.0,0.0,6,289.4,295.0,12,305.6,292.8,0.0,0.0,0.0,0.0,111
2023-05-11 09:35:12,HO2403-C-2450,HO2403-C-2450,305.6,0.0,0.0,0.0,6,289.6,295.2,6,305.6,292.8,0.0,0.0,0.0,0.0,111
2023-05-11 09:35:13,HO2403-C-2450,HO2403-C-2450,305.6,0.0,0.0,0.0,6,289.6,295.4,24,305.6,292.8,0.0,0.0,0.0,0.0,111
2023-05-11 09:35:13,HO2403-C-2450,HO2403-C-2450,305.6,0.0,0.0,0.0,6,289.6,295.4,12,305.6,292.8,0.0,0.0,0.0,0.0,111
2023-05-11 09:35:14,HO2403-C-2450,HO2403-C-2450,305.6,0.0,0.0,0.0,6,289.6,295.8,8,305.6,292.8,0.0,0.0,0.0,0.0,111
2023-05-11 09:35:14,HO2403-C-2450,HO2403-C-2450,305.6,0.0,0.0,0.0,6,289.6,295.8,2,305.6,292.8,0.0,0.0,0.0,0.0,111
2023-05-11 09:35:17,HO2403-C-2450,HO2403-C-2450,305.6,0.0,0.0,0.0,6,289.6,295.8,1,305.6,292.8,0.0,0.0,0.0,0.0,111
2023-05-11 09:35:19,HO2403-C-2450,HO2403-C-2450,305.6,0.0,0.0,0.0,6,289.6,296.0,24,305.6,292.8,0.0,0.0,0.0,0.0,111
2023-05-11 09:35:19,HO2403-C-2450,HO2403-C-2450,305.6,0.0,0.0,0.0,6,289.6,296.0,18,305.6,292.8,0.0,0.0,0.0,0.0,111
2023-05-11 09:35:24,HO2403-C-2450,HO2403-C-2450,305.6,0.0,0.0,0.0,12,289.4,295.8,6,305.6,292.8,0.0,0.0,0.0,0.0,111
2023-05-11 09:35:24,HO2403-C-2450,HO2403-C-2450,305.6,0.0,0.0,0.0,6,289.4,295.8,6,305.6,292.8,0.0,0.0,0.0,0.0,111
2023-05-11 09:35:28,HO2403-C-2450,HO2403-C-2450,305.6,0.0,0.0,0.0,6,289.6,296.0,18,305.6,292.8,0.0,0.0,0.0,0.0,111
2023-05-11 09:35:29,HO2403-C-2450,HO2403-C-2450,305.6,0.0,0.0,0.0,6,289.6,296.0,12,305.6,292.8,0.0,0.0,0.0,0.0,111
2023-05-11 09:35:29,HO2403-C-2450,HO2403-C-2450,305.6,0.0,0.0,0.0,6,289.6,296.0,6,305.6,292.8,0.0,0.0,0.0,0.0,111
2023-05-11 09:35:35,HO2403-C-2450,HO2403-C-2450,305.6,0.0,0.0,0.0,6,289.6,296.2,1,305.6,292.8,0.0,0.0,0.0,0.0,111
2023-05-11 09:35:36,HO2403-C-2450,HO2403-C-2450,305.6,0.0,0.0,0.0,6,289.6,296.4,18,305.6,292.8,0.0,0.0,0.0,0.0,111
2023-05-11 09:35:38,HO2403-C-2450,HO2403-C-2450,305.6,0.0,0.0,0.0,6,289.6,296.4,12,305.6,292.8,0.0,0.0,0.0,0.0,111
2023-05-11 09:35:38,HO2403-C-2450,HO2403-C-2450,305.6,0.0,0.0,0.0,6,289.6,296.4,6,305.6,292.8,0.0,0.0,0.0,0.0,111
2023-05-11 09:35:39,HO2403-C-2450,HO2403-C-2450,305.6,0.0,0.0,0.0,1,291.2,296.4,6,305.6,292.8,0.0,0.0,0.0,0.0,111
2023-05-11 09:36:03,HO2403-C-2450,HO2403-C-2450,305.6,0.0,0.0,0.0,1,291.2,296.8,12,305.6,292.8,0.0,0.0,0.0,0.0,111
2023-05-11 09:36:03,HO2403-C-2450,HO2403-C-2450,305.6,0.0,0.0,0.0,1,291.2,297.0,12,305.6,292.8,0.0,0.0,0.0,0.0,111
2023-05-11 09:36:04,HO2403-C-2450,HO2403-C-2450,305.6,0.0,0.0,0.0,1,291.2,297.2,25,305.6,292.8,0.0,0.0,0.0,0.0,111
2023-05-11 09:36:04,HO2403-C-2450,HO2403-C-2450,305.6,0.0,0.0,0.0,1,291.2,297.2,19,305.6,292.8,0.0,0.0,0.0,0.0,111
2023-05-11 09:36:06,HO2403-C-2450,HO2403-C-2450,305.6,0.0,0.0,0.0,1,291.2,297.2,13,305.6,292.8,0.0,0.0,0.0,0.0,111
2023-05-11 09:36:12,HO2403-C-2450,HO2403-C-2450,305.6,0.0,0.0,0.0,1,291.2,297.0,13,305.6,292.8,0.0,0.0,0.0,0.0,111
2023-05-11 09:36:12,HO2403-C-2450,HO2403-C-2450,305.6,0.0,0.0,0.0,1,291.2,297.0,19,305.6,292.8,0.0,0.0,0.0,0.0,111
2023-05-11 09:36:13,HO2403-C-2450,HO2403-C-2450,305.6,0.0,0.0,0.0,1,291.2,296.8,6,305.6,292.8,0.0,0.0,0.0,0.0,111
2023-05-11 09:36:17,HO2403-C-2450,HO2403-C-2450,305.6,0.0,0.0,0.0,6,290.6,296.8,6,305.6,292.8,0.0,0.0,0.0,0.0,111
2023-05-11 09:36:18,HO2403-C-2450,HO2403-C-2450,305.6,0.0,0.0,0.0,12,290.4,296.8,6,305.6,292.8,0.0,0.0,0.0,0.0,111
2023-05-11 09:36:18,HO2403-C-2450,HO2403-C-2450,305.6,0.0,0.0,0.0,18,290.2,296.8,6,305.6,292.8,0.0,0.0,0.0,0.0,111
2023-05-11 09:36:19,HO2403-C-2450,HO2403-C-2450,305.6,0.0,0.0,0.0,6,290.2,296.8,6,305.6,292.8,0.0,0.0,0.0,0.0,111
2023-05-11 09:36:19,HO2403-C-2450,HO2403-C-2450,305.6,0.0,0.0,0.0,31,289.6,296.8,6,305.6,292.8,0.0,0.0,0.0,0.0,111
2023-05-11 09:36:20,HO2403-C-2450,HO2403-C-2450,305.6,0.0,0.0,0.0,13,289.6,296.8,6,305.6,292.8,0.0,0.0,0.0,0.0,111
2023-05-11 09:36:20,HO2403-C-2450,HO2403-C-2450,305.6,0.0,0.0,0.0,7,289.6,296.8,6,305.6,292.8,0.0,0.0,0.0,0.0,111
2023-05-11 09:36:21,HO2403-C-2450,HO2403-C-2450,305.6,0.0,0.0,0.0,1,289.6,296.8,6,305.6,292.8,0.0,0.0,0.0,0.0,111
2023-05-11 09:36:24,HO2403-C-2450,HO2403-C-2450,305.6,0.0,0.0,0.0,1,289.6,296.0,6,305.6,292.8,0.0,0.0,0.0,0.0,111
2023-05-11 09:36:25,HO2403-C-2450,HO2403-C-2450,305.6,0.0,0.0,0.0,1,289.6,295.8,6,305.6,292.8,0.0,0.0,0.0,0.0,111
2023-05-11 09:36:27,HO2403-C-2450,HO2403-C-2450,305.6,0.0,0.0,0.0,1,289.6,295.8,7,305.6,292.8,0.0,0.0,0.0,0.0,111
2023-05-11 09:36:38,HO2403-C-2450,HO2403-C-2450,305.6,0.0,0.0,0.0,1,289.6,295.6,1,305.6,292.8,0.0,0.0,0.0,0.0,111
2023-05-11 09:36:50,HO2403-C-2450,HO2403-C-2450,305.6,0.0,0.0,0.0,1,289.6,295.4,1,305.6,292.8,0.0,0.0,0.0,0.0,111
2023-05-11 09:36:53,HO2403-C-2450,HO2403-C-2450,305.6,0.0,0.0,0.0,1,289.6,295.8,6,305.6,292.8,0.0,0.0,0.0,0.0,111
2023-05-11 09:37:11,HO2403-C-2450,HO2403-C-2450,305.6,0.0,0.0,0.0,1,289.6,295.6,1,305.6,292.8,0.0,0.0,0.0,0.0,111
2023-05-11 09:37:12,HO2403-C-2450,HO2403-C-2450,305.6,0.0,0.0,0.0,1,289.6,294.8,6,305.6,292.8,0.0,0.0,0.0,0.0,111
2023-05-11 09:37:16,HO2403-C-2450,HO2403-C-2450,305.6,0.0,0.0,0.0,1,289.6,294.8,7,305.6,292.8,0.0,0.0,0.0,0.0,111
2023-05-11 09:37:16,HO2403-C-2450,HO2403-C-2450,305.6,0.0,0.0,0.0,12,289.4,294.8,7,305.6,292.8,0.0,0.0,0.0,0.0,111
2023-05-11 09:37:17,HO2403-C-2450,HO2403-C-2450,305.6,0.0,0.0,0.0,6,289.4,294.8,7,305.6,292.8,0.0,0.0,0.0,0.0,111
2023-05-11 09:37:18,HO2403-C-2450,HO2403-C-2450,305.6,0.0,0.0,0.0,6,289.4,294.6,6,305.6,292.8,0.0,0.0,0.0,0.0,111
2023-05-11 09:37:22,HO2403-C-2450,HO2403-C-2450,305.6,0.0,0.0,0.0,12,289.4,294.8,6,305.6,292.8,0.0,0.0,0.0,0.0,111
2023-05-11 09:37:22,HO2403-C-2450,HO2403-C-2450,305.6,0.0,0.0,0.0,12,289.4,295.0,18,305.6,292.8,0.0,0.0,0.0,0.0,111
2023-05-11 09:37:23,HO2403-C-2450,HO2403-C-2450,305.6,0.0,0.0,0.0,18,289.4,295.0,6,305.6,292.8,0.0,0.0,0.0,0.0,111
2023-05-11 09:37:23,HO2403-C-2450,HO2403-C-2450,305.6,0.0,0.0,0.0,18,289.4,295.8,24,305.6,292.8,0.0,0.0,0.0,0.0,111
2023-05-11 09:37:24,HO2403-C-2450,HO2403-C-2450,305.6,0.0,0.0,0.0,18,289.4,295.8,18,305.6,292.8,0.0,0.0,0.0,0.0,111
2023-05-11 09:37:28,HO2403-C-2450,HO2403-C-2450,305.6,0.0,0.0,0.0,18,289.4,295.2,1,305.6,292.8,0.0,0.0,0.0,0.0,111
2023-05-11 09:37:28,HO2403-C-2450,HO2403-C-2450,305.6,0.0,0.0,0.0,12,289.4,295.0,6,305.6,292.8,0.0,0.0,0.0,0.0,111
2023-05-11 09:37:29,HO2403-C-2450,HO2403-C-2450,305.6,0.0,0.0,0.0,6,289.4,295.0,6,305.6,292.8,0.0,0.0,0.0,0.0,111
2023-05-11 09:37:32,HO2403-C-2450,HO2403-C-2450,305.6,0.0,0.0,0.0,6,289.4,294.4,1,305.6,292.8,0.0,0.0,0.0,0.0,111
2023-05-11 09:37:51,HO2403-C-2450,HO2403-C-2450,305.6,0.0,0.0,0.0,6,289.6,294.4,1,305.6,292.8,0.0,0.0,0.0,0.0,111
2023-05-11 09:37:53,HO2403-C-2450,HO2403-C-2450,305.6,0.0,0.0,0.0,6,289.4,294.4,1,305.6,292.8,0.0,0.0,0.0,0.0,111
2023-05-11 09:37:58,HO2403-C-2450,HO2403-C-2450,305.6,0.0,0.0,0.0,6,289.4,294.8,6,305.6,292.8,0.0,0.0,0.0,0.0,111
2023-05-11 09:38:13,HO2403-C-2450,HO2403-C-2450,305.6,0.0,0.0,0.0,6,289.4,294.8,7,305.6,292.8,0.0,0.0,0.0,0.0,111
2023-05-11 09:38:14,HO2403-C-2450,HO2403-C-2450,305.6,0.0,0.0,0.0,6,289.4,294.6,6,305.6,292.8,0.0,0.0,0.0,0.0,111
2023-05-11 09:38:17,HO2403-C-2450,HO2403-C-2450,305.6,0.0,0.0,0.0,6,289.4,294.6,7,305.6,292.8,0.0,0.0,0.0,0.0,111
2023-05-11 09:38:18,HO2403-C-2450,HO2403-C-2450,305.6,0.0,0.0,0.0,6,289.4,294.6,8,305.6,292.8,0.0,0.0,0.0,0.0,111
2023-05-11 09:38:19,HO2403-C-2450,HO2403-C-2450,305.6,0.0,0.0,0.0,6,289.4,294.6,7,305.6,292.8,0.0,0.0,0.0,0.0,111
2023-05-11 09:38:28,HO2403-C-2450,HO2403-C-2450,305.6,0.0,0.0,0.0,6,289.4,294.4,1,305.6,292.8,0.0,0.0,0.0,0.0,111
2023-05-11 09:38:39,HO2403-C-2450,HO2403-C-2450,305.6,0.0,0.0,0.0,6,289.4,294.6,6,305.6,292.8,0.0,0.0,0.0,0.0,111
2023-05-11 09:38:41,HO2403-C-2450,HO2403-C-2450,305.6,0.0,0.0,0.0,6,289.4,294.8,6,305.6,292.8,0.0,0.0,0.0,0.0,111
2023-05-11 09:38:49,HO2403-C-2450,HO2403-C-2450,305.6,0.0,0.0,0.0,6,289.4,294.8,7,305.6,292.8,0.0,0.0,0.0,0.0,111
2023-05-11 09:38:57,HO2403-C-2450,HO2403-C-2450,305.6,0.0,0.0,0.0,6,289.4,294.8,6,305.6,292.8,0.0,0.0,0.0,0.0,111
2023-05-11 09:39:12,HO2403-C-2450,HO2403-C-2450,305.6,0.0,0.0,0.0,6,289.4,294.6,6,305.6,292.8,0.0,0.0,0.0,0.0,111
2023-05-11 09:39:32,HO2403-C-2450,HO2403-C-2450,305.6,0.0,0.0,0.0,6,289.4,294.6,7,305.6,292.8,0.0,0.0,0.0,0.0,111
2023-05-11 09:39:35,HO2403-C-2450,HO2403-C-2450,305.6,0.0,0.0,0.0,6,289.4,294.6,6,305.6,292.8,0.0,0.0,0.0,0.0,111
2023-05-11 09:40:10,HO2403-C-2450,HO2403-C-2450,305.6,0.0,0.0,0.0,6,289.4,294.6,7,305.6,292.8,0.0,0.0,0.0,0.0,111
2023-05-11 09:40:22,HO2403-C-2450,HO2403-C-2450,305.6,0.0,0.0,0.0,6,289.4,294.4,1,305.6,292.8,0.0,0.0,0.0,0.0,111
2023-05-11 09:40:32,HO2403-C-2450,HO2403-C-2450,305.6,0.0,0.0,0.0,6,289.4,294.2,1,305.6,292.8,0.0,0.0,0.0,0.0,111
2023-05-11 09:41:07,HO2403-C-2450,HO2403-C-2450,305.6,0.0,0.0,0.0,6,289.4,294.0,1,305.6,292.8,0.0,0.0,0.0,0.0,111
2023-05-11 09:41:20,HO2403-C-2450,HO2403-C-2450,305.6,0.0,0.0,0.0,6,289.4,293.8,1,305.6,292.8,0.0,0.0,0.0,0.0,111
2023-05-11 09:41:48,HO2403-C-2450,HO2403-C-2450,305.6,0.0,0.0,0.0,6,289.4,294.4,1,305.6,292.8,0.0,0.0,0.0,0.0,111
2023-05-11 09:41:58,HO2403-C-2450,HO2403-C-2450,305.6,0.0,0.0,0.0,6,289.4,294.2,1,305.6,292.8,0.0,0.0,0.0,0.0,111
2023-05-11 09:42:00,HO2403-C-2450,HO2403-C-2450,305.6,0.0,0.0,0.0,6,289.4,294.0,6,305.6,292.8,0.0,0.0,0.0,0.0,111
2023-05-11 09:42:03,HO2403-C-2450,HO2403-C-2450,305.6,0.0,0.0,0.0,6,289.4,294.0,7,305.6,292.8,0.0,0.0,0.0,0.0,111
2023-05-11 09:42:09,HO2403-C-2450,HO2403-C-2450,305.6,0.0,0.0,0.0,6,289.4,293.8,6,305.6,292.8,0.0,0.0,0.0,0.0,111
2023-05-11 09:42:12,HO2403-C-2450,HO2403-C-2450,305.6,0.0,0.0,0.0,6,288.8,293.8,6,305.6,292.8,0.0,0.0,0.0,0.0,111
2023-05-11 09:42:13,HO2403-C-2450,HO2403-C-2450,305.6,0.0,0.0,0.0,36,288.4,293.8,6,305.6,292.8,0.0,0.0,0.0,0.0,111
2023-05-11 09:42:13,HO2403-C-2450,HO2403-C-2450,305.6,0.0,0.0,0.0,6,288.4,293.8,7,305.6,292.8,0.0,0.0,0.0,0.0,111
2023-05-11 09:42:14,HO2403-C-2450,HO2403-C-2450,305.6,0.0,0.0,0.0,24,287.8,293.0,6,305.6,292.8,0.0,0.0,0.0,0.0,111
2023-05-11 09:42:14,HO2403-C-2450,HO2403-C-2450,305.6,0.0,0.0,0.0,6,287.8,293.0,6,305.6,292.8,0.0,0.0,0.0,0.0,111
2023-05-11 09:42:15,HO2403-C-2450,HO2403-C-2450,305.6,0.0,0.0,0.0,12,287.4,293.0,6,305.6,292.8,0.0,0.0,0.0,0.0,111
2023-05-11 09:42:15,HO2403-C-2450,HO2403-C-2450,305.6,0.0,0.0,0.0,30,287.2,293.0,6,305.6,292.8,0.0,0.0,0.0,0.0,111
2023-05-11 09:42:16,HO2403-C-2450,HO2403-C-2450,305.6,0.0,0.0,0.0,18,287.2,293.0,6,305.6,292.8,0.0,0.0,0.0,0.0,111
2023-05-11 09:42:17,HO2403-C-2450,HO2403-C-2450,305.6,0.0,0.0,0.0,12,287.2,293.0,6,305.6,292.8,0.0,0.0,0.0,0.0,111
2023-05-11 09:42:17,HO2403-C-2450,HO2403-C-2450,305.6,0.0,0.0,0.0,6,287.2,293.0,6,305.6,292.8,0.0,0.0,0.0,0.0,111
2023-05-11 09:42:28,HO2403-C-2450,HO2403-C-2450,305.6,0.0,0.0,0.0,6,287.2,293.0,7,305.6,292.8,0.0,0.0,0.0,0.0,111
2023-05-11 09:42:32,HO2403-C-2450,HO2403-C-2450,305.6,0.0,0.0,0.0,12,286.8,292.8,6,305.6,292.8,0.0,0.0,0.0,0.0,111
2023-05-11 09:42:33,HO2403-C-2450,HO2403-C-2450,305.6,0.0,0.0,0.0,42,286.2,292.8,6,305.6,292.8,0.0,0.0,0.0,0.0,111
2023-05-11 09:42:33,HO2403-C-2450,HO2403-C-2450,305.6,0.0,0.0,0.0,24,286.2,292.8,6,305.6,292.8,0.0,0.0,0.0,0.0,111
2023-05-11 09:42:48,HO2403-C-2450,HO2403-C-2450,305.6,0.0,0.0,0.0,24,286.2,292.8,7,305.6,292.8,0.0,0.0,0.0,0.0,111
2023-05-11 09:42:50,HO2403-C-2450,HO2403-C-2450,305.6,0.0,0.0,0.0,18,286.2,292.8,7,305.6,292.8,0.0,0.0,0.0,0.0,111
2023-05-11 09:42:58,HO2403-C-2450,HO2403-C-2450,305.6,0.0,0.0,0.0,18,286.2,292.6,1,305.6,292.8,0.0,0.0,0.0,0.0,111
2023-05-11 09:43:00,HO2403-C-2450,HO2403-C-2450,305.6,0.0,0.0,0.0,18,286.2,292.0,6,305.6,292.8,0.0,0.0,0.0,0.0,111
2023-05-11 09:43:03,HO2403-C-2450,HO2403-C-2450,305.6,0.0,0.0,0.0,18,286.2,292.0,7,305.6,292.8,0.0,0.0,0.0,0.0,111
2023-05-11 09:43:05,HO2403-C-2450,HO2403-C-2450,305.6,0.0,0.0,0.0,18,286.2,292.0,1,305.6,292.8,0.0,0.0,0.0,0.0,111
2023-05-11 09:43:13,HO2403-C-2450,HO2403-C-2450,305.6,0.0,0.0,0.0,18,286.2,291.8,1,305.6,292.8,0.0,0.0,0.0,0.0,111
2023-05-11 09:43:25,HO2403-C-2450,HO2403-C-2450,305.6,0.0,0.0,0.0,18,286.2,291.6,1,305.6,292.8,0.0,0.0,0.0,0.0,111
2023-05-11 09:43:54,HO2403-C-2450,HO2403-C-2450,305.6,0.0,0.0,0.0,18,286.2,291.4,1,305.6,292.8,0.0,0.0,0.0,0.0,111
2023-05-11 09:44:24,HO2403-C-2450,HO2403-C-2450,305.6,0.0,0.0,0.0,18,286.2,292.0,7,305.6,292.8,0.0,0.0,0.0,0.0,111
2023-05-11 09:44:34,HO2403-C-2450,HO2403-C-2450,305.6,0.0,0.0,0.0,18,286.2,291.8,1,305.6,292.8,0.0,0.0,0.0,0.0,111
2023-05-11 09:44:50,HO2403-C-2450,HO2403-C-2450,305.6,0.0,0.0,0.0,18,286.2,291.6,1,305.6,292.8,0.0,0.0,0.0,0.0,111
2023-05-11 09:44:57,HO2403-C-2450,HO2403-C-2450,305.6,0.0,0.0,0.0,18,286.2,292.0,6,305.6,292.8,0.0,0.0,0.0,0.0,111
2023-05-11 09:44:58,HO2403-C-2450,HO2403-C-2450,305.6,0.0,0.0,0.0,18,286.2,292.8,6,305.6,292.8,0.0,0.0,0.0,0.0,111
2023-05-11 09:45:09,HO2403-C-2450,HO2403-C-2450,305.6,0.0,0.0,0.0,24,286.2,292.8,6,305.6,292.8,0.0,0.0,0.0,0.0,111
2023-05-11 09:45:52,HO2403-C-2450,HO2403-C-2450,292.8,3.0,87840.0,3.0,6,286.6,292.8,3,305.6,292.8,292.8,292.8,3.0,87840.0,114
2023-05-11 09:45:52,HO2403-C-2450,HO2403-C-2450,292.8,0.0,0.0,0.0,6,286.6,293.4,12,305.6,292.8,292.8,292.8,3.0,87840.0,114
2023-05-11 09:45:53,HO2403-C-2450,HO2403-C-2450,292.8,0.0,0.0,0.0,6,286.8,293.8,6,305.6,292.8,292.8,292.8,3.0,87840.0,114
2023-05-11 09:45:53,HO2403-C-2450,HO2403-C-2450,292.8,0.0,0.0,0.0,6,286.8,294.0,18,305.6,292.8,292.8,292.8,3.0,87840.0,114
2023-05-11 09:45:54,HO2403-C-2450,HO2403-C-2450,292.8,0.0,0.0,0.0,6,286.8,294.0,12,305.6,292.8,292.8,292.8,3.0,87840.0,114
2023-05-11 09:45:54,HO2403-C-2450,HO2403-C-2450,292.8,0.0,0.0,0.0,6,286.8,294.2,18,305.6,292.8,292.8,292.8,3.0,87840.0,114
2023-05-11 09:45:55,HO2403-C-2450,HO2403-C-2450,292.8,0.0,0.0,0.0,6,286.8,294.2,12,305.6,292.8,292.8,292.8,3.0,87840.0,114
2023-05-11 09:45:55,HO2403-C-2450,HO2403-C-2450,292.8,0.0,0.0,0.0,6,286.8,294.2,6,305.6,292.8,292.8,292.8,3.0,87840.0,114
2023-05-11 09:46:00,HO2403-C-2450,HO2403-C-2450,292.8,0.0,0.0,0.0,6,286.8,294.0,6,305.6,292.8,292.8,292.8,3.0,87840.0,114
2023-05-11 09:46:02,HO2403-C-2450,HO2403-C-2450,292.8,0.0,0.0,0.0,6,286.8,294.0,7,305.6,292.8,292.8,292.8,3.0,87840.0,114
2023-05-11 09:46:13,HO2403-C-2450,HO2403-C-2450,292.8,0.0,0.0,0.0,6,286.8,294.0,6,305.6,292.8,292.8,292.8,3.0,87840.0,114
2023-05-11 09:46:51,HO2403-C-2450,HO2403-C-2450,292.8,0.0,0.0,0.0,6,286.8,294.0,7,305.6,292.8,292.8,292.8,3.0,87840.0,114
2023-05-11 09:47:01,HO2403-C-2450,HO2403-C-2450,292.8,0.0,0.0,0.0,6,286.8,294.0,6,305.6,292.8,292.8,292.8,3.0,87840.0,114
2023-05-11 09:47:51,HO2403-C-2450,HO2403-C-2450,292.8,0.0,0.0,0.0,7,286.8,294.0,6,305.6,292.8,292.8,292.8,3.0,87840.0,114
2023-05-11 09:48:02,HO2403-C-2450,HO2403-C-2450,292.8,0.0,0.0,0.0,6,286.8,294.0,6,305.6,292.8,292.8,292.8,3.0,87840.0,114
2023-05-11 09:48:28,HO2403-C-2450,HO2403-C-2450,292.8,0.0,0.0,0.0,6,286.8,294.0,7,305.6,292.8,292.8,292.8,3.0,87840.0,114
2023-05-11 09:48:47,HO2403-C-2450,HO2403-C-2450,292.8,0.0,0.0,0.0,6,286.8,294.0,6,305.6,292.8,292.8,292.8,3.0,87840.0,114
2023-05-11 09:49:05,HO2403-C-2450,HO2403-C-2450,292.8,0.0,0.0,0.0,6,286.6,293.2,6,305.6,292.8,292.8,292.8,3.0,87840.0,114
2023-05-11 09:49:05,HO2403-C-2450,HO2403-C-2450,292.8,0.0,0.0,0.0,30,286.2,293.2,6,305.6,292.8,292.8,292.8,3.0,87840.0,114
2023-05-11 09:49:06,HO2403-C-2450,HO2403-C-2450,292.8,0.0,0.0,0.0,12,286.2,293.0,6,305.6,292.8,292.8,292.8,3.0,87840.0,114
2023-05-11 09:49:06,HO2403-C-2450,HO2403-C-2450,292.8,0.0,0.0,0.0,6,286.2,293.0,6,305.6,292.8,292.8,292.8,3.0,87840.0,114
2023-05-11 09:49:20,HO2403-C-2450,HO2403-C-2450,292.8,0.0,0.0,0.0,6,286.4,293.2,25,305.6,292.8,292.8,292.8,3.0,87840.0,114
2023-05-11 09:49:24,HO2403-C-2450,HO2403-C-2450,292.8,0.0,0.0,0.0,6,286.4,293.2,24,305.6,292.8,292.8,292.8,3.0,87840.0,114
2023-05-11 09:49:25,HO2403-C-2450,HO2403-C-2450,292.8,0.0,0.0,0.0,6,286.4,293.2,18,305.6,292.8,292.8,292.8,3.0,87840.0,114
2023-05-11 09:50:01,HO2403-C-2450,HO2403-C-2450,292.8,0.0,0.0,0.0,6,286.4,293.2,19,305.6,292.8,292.8,292.8,3.0,87840.0,114
2023-05-11 09:50:12,HO2403-C-2450,HO2403-C-2450,292.8,0.0,0.0,0.0,6,286.4,293.2,18,305.6,292.8,292.8,292.8,3.0,87840.0,114
2023-05-11 09:50:12,HO2403-C-2450,HO2403-C-2450,292.8,0.0,0.0,0.0,6,286.6,293.2,6,305.6,292.8,292.8,292.8,3.0,87840.0,114
2023-05-11 09:50:13,HO2403-C-2450,HO2403-C-2450,292.8,0.0,0.0,0.0,6,286.8,293.8,7,305.6,292.8,292.8,292.8,3.0,87840.0,114
2023-05-11 09:50:13,HO2403-C-2450,HO2403-C-2450,292.8,0.0,0.0,0.0,6,286.8,293.8,1,305.6,292.8,292.8,292.8,3.0,87840.0,114
2023-05-11 09:50:26,HO2403-C-2450,HO2403-C-2450,292.8,0.0,0.0,0.0,6,286.8,293.6,1,305.6,292.8,292.8,292.8,3.0,87840.0,114
2023-05-11 09:50:27,HO2403-C-2450,HO2403-C-2450,292.8,0.0,0.0,0.0,24,286.6,293.4,6,305.6,292.8,292.8,292.8,3.0,87840.0,114
2023-05-11 09:50:32,HO2403-C-2450,HO2403-C-2450,292.8,0.0,0.0,0.0,6,286.8,293.8,6,305.6,292.8,292.8,292.8,3.0,87840.0,114
2023-05-11 09:50:32,HO2403-C-2450,HO2403-C-2450,292.8,0.0,0.0,0.0,6,286.8,294.2,18,305.6,292.8,292.8,292.8,3.0,87840.0,114
2023-05-11 09:50:33,HO2403-C-2450,HO2403-C-2450,292.8,0.0,0.0,0.0,6,286.8,294.2,12,305.6,292.8,292.8,292.8,3.0,87840.0,114
2023-05-11 09:50:33,HO2403-C-2450,HO2403-C-2450,292.8,0.0,0.0,0.0,6,286.8,294.2,6,305.6,292.8,292.8,292.8,3.0,87840.0,114
2023-05-11 09:51:07,HO2403-C-2450,HO2403-C-2450,292.8,0.0,0.0,0.0,6,286.8,294.2,7,305.6,292.8,292.8,292.8,3.0,87840.0,114
2023-05-11 09:51:08,HO2403-C-2450,HO2403-C-2450,292.8,0.0,0.0,0.0,6,286.8,294.0,6,305.6,292.8,292.8,292.8,3.0,87840.0,114
2023-05-11 09:51:20,HO2403-C-2450,HO2403-C-2450,292.8,0.0,0.0,0.0,6,286.8,294.0,7,305.6,292.8,292.8,292.8,3.0,87840.0,114
2023-05-11 09:51:21,HO2403-C-2450,HO2403-C-2450,292.8,0.0,0.0,0.0,6,286.8,294.0,6,305.6,292.8,292.8,292.8,3.0,87840.0,114
2023-05-11 09:52:20,HO2403-C-2450,HO2403-C-2450,292.8,0.0,0.0,0.0,6,286.8,294.0,7,305.6,292.8,292.8,292.8,3.0,87840.0,114
2023-05-11 09:52:24,HO2403-C-2450,HO2403-C-2450,292.8,0.0,0.0,0.0,6,286.8,294.0,6,305.6,292.8,292.8,292.8,3.0,87840.0,114
2023-05-11 09:53:14,HO2403-C-2450,HO2403-C-2450,292.8,0.0,0.0,0.0,7,286.8,294.0,6,305.6,292.8,292.8,292.8,3.0,87840.0,114
2023-05-11 09:53:24,HO2403-C-2450,HO2403-C-2450,292.8,0.0,0.0,0.0,1,287.0,294.0,6,305.6,292.8,292.8,292.8,3.0,87840.0,114
2023-05-11 09:53:28,HO2403-C-2450,HO2403-C-2450,292.8,0.0,0.0,0.0,6,287.2,294.2,6,305.6,292.8,292.8,292.8,3.0,87840.0,114
2023-05-11 09:53:38,HO2403-C-2450,HO2403-C-2450,292.8,0.0,0.0,0.0,6,286.8,294.2,12,305.6,292.8,292.8,292.8,3.0,87840.0,114
2023-05-11 09:53:43,HO2403-C-2450,HO2403-C-2450,292.8,0.0,0.0,0.0,7,286.8,294.2,12,305.6,292.8,292.8,292.8,3.0,87840.0,114
2023-05-11 09:53:53,HO2403-C-2450,HO2403-C-2450,292.8,0.0,0.0,0.0,1,287.0,294.2,12,305.6,292.8,292.8,292.8,3.0,87840.0,114
2023-05-11 09:53:54,HO2403-C-2450,HO2403-C-2450,292.8,0.0,0.0,0.0,6,287.2,294.2,6,305.6,292.8,292.8,292.8,3.0,87840.0,114
2023-05-11 09:54:07,HO2403-C-2450,HO2403-C-2450,292.8,0.0,0.0,0.0,6,286.8,294.0,6,305.6,292.8,292.8,292.8,3.0,87840.0,114
2023-05-11 09:54:08,HO2403-C-2450,HO2403-C-2450,292.8,0.0,0.0,0.0,6,286.8,294.0,7,305.6,292.8,292.8,292.8,3.0,87840.0,114
2023-05-11 09:54:19,HO2403-C-2450,HO2403-C-2450,292.8,0.0,0.0,0.0,6,287.6,294.4,12,305.6,292.8,292.8,292.8,3.0,87840.0,114
2023-05-11 09:54:19,HO2403-C-2450,HO2403-C-2450,292.8,0.0,0.0,0.0,6,287.8,294.6,24,305.6,292.8,292.8,292.8,3.0,87840.0,114
2023-05-11 09:54:20,HO2403-C-2450,HO2403-C-2450,292.8,0.0,0.0,0.0,6,287.8,294.6,6,305.6,292.8,292.8,292.8,3.0,87840.0,114
2023-05-11 09:54:20,HO2403-C-2450,HO2403-C-2450,292.8,0.0,0.0,0.0,6,287.8,295.2,31,305.6,292.8,292.8,292.8,3.0,87840.0,114
2023-05-11 09:54:21,HO2403-C-2450,HO2403-C-2450,292.8,0.0,0.0,0.0,6,287.8,295.2,19,305.6,292.8,292.8,292.8,3.0,87840.0,114
2023-05-11 09:54:29,HO2403-C-2450,HO2403-C-2450,292.8,0.0,0.0,0.0,6,287.8,295.0,1,305.6,292.8,292.8,292.8,3.0,87840.0,114
2023-05-11 09:54:32,HO2403-C-2450,HO2403-C-2450,292.8,0.0,0.0,0.0,24,287.6,294.8,6,305.6,292.8,292.8,292.8,3.0,87840.0,114
2023-05-11 09:54:34,HO2403-C-2450,HO2403-C-2450,292.8,0.0,0.0,0.0,24,287.6,294.8,7,305.6,292.8,292.8,292.8,3.0,87840.0,114
2023-05-11 09:54:44,HO2403-C-2450,HO2403-C-2450,292.8,0.0,0.0,0.0,24,287.6,294.6,1,305.6,292.8,292.8,292.8,3.0,87840.0,114
2023-05-11 09:55:11,HO2403-C-2450,HO2403-C-2450,292.8,0.0,0.0,0.0,24,287.6,294.8,6,305.6,292.8,292.8,292.8,3.0,87840.0,114
2023-05-11 09:55:16,HO2403-C-2450,HO2403-C-2450,292.8,0.0,0.0,0.0,6,287.8,295.2,12,305.6,292.8,292.8,292.8,3.0,87840.0,114
2023-05-11 09:55:16,HO2403-C-2450,HO2403-C-2450,292.8,0.0,0.0,0.0,6,287.8,295.2,6,305.6,292.8,292.8,292.8,3.0,87840.0,114
2023-05-11 09:55:17,HO2403-C-2450,HO2403-C-2450,292.8,0.0,0.0,0.0,6,288.6,295.4,12,305.6,292.8,292.8,292.8,3.0,87840.0,114
2023-05-11 09:55:18,HO2403-C-2450,HO2403-C-2450,292.8,0.0,0.0,0.0,6,288.8,295.6,12,305.6,292.8,292.8,292.8,3.0,87840.0,114
2023-05-11 09:55:18,HO2403-C-2450,HO2403-C-2450,292.8,0.0,0.0,0.0,6,288.8,295.8,12,305.6,292.8,292.8,292.8,3.0,87840.0,114
2023-05-11 09:55:19,HO2403-C-2450,HO2403-C-2450,292.8,0.0,0.0,0.0,6,288.8,296.2,24,305.6,292.8,292.8,292.8,3.0,87840.0,114
2023-05-11 09:55:20,HO2403-C-2450,HO2403-C-2450,292.8,0.0,0.0,0.0,6,288.8,295.4,6,305.6,292.8,292.8,292.8,3.0,87840.0,114
2023-05-11 09:55:27,HO2403-C-2450,HO2403-C-2450,292.8,0.0,0.0,0.0,12,288.6,295.2,6,305.6,292.8,292.8,292.8,3.0,87840.0,114
2023-05-11 09:55:27,HO2403-C-2450,HO2403-C-2450,292.8,0.0,0.0,0.0,18,288.4,295.2,6,305.6,292.8,292.8,292.8,3.0,87840.0,114
2023-05-11 09:55:29,HO2403-C-2450,HO2403-C-2450,292.8,0.0,0.0,0.0,12,288.4,295.2,6,305.6,292.8,292.8,292.8,3.0,87840.0,114
2023-05-11 09:55:29,HO2403-C-2450,HO2403-C-2450,292.8,0.0,0.0,0.0,6,288.4,295.2,6,305.6,292.8,292.8,292.8,3.0,87840.0,114
2023-05-11 09:55:30,HO2403-C-2450,HO2403-C-2450,292.8,0.0,0.0,0.0,6,288.0,295.2,6,305.6,292.8,292.8,292.8,3.0,87840.0,114
2023-05-11 09:55:37,HO2403-C-2450,HO2403-C-2450,292.8,0.0,0.0,0.0,6,288.6,295.2,6,305.6,292.8,292.8,292.8,3.0,87840.0,114
2023-05-11 09:55:37,HO2403-C-2450,HO2403-C-2450,292.8,0.0,0.0,0.0,6,288.8,295.4,12,305.6,292.8,292.8,292.8,3.0,87840.0,114
2023-05-11 09:55:38,HO2403-C-2450,HO2403-C-2450,292.8,0.0,0.0,0.0,6,288.8,295.4,6,305.6,292.8,292.8,292.8,3.0,87840.0,114
2023-05-11 09:55:38,HO2403-C-2450,HO2403-C-2450,292.8,0.0,0.0,0.0,6,288.8,296.0,25,305.6,292.8,292.8,292.8,3.0,87840.0,114
2023-05-11 09:55:39,HO2403-C-2450,HO2403-C-2450,292.8,0.0,0.0,0.0,6,288.8,296.0,19,305.6,292.8,292.8,292.8,3.0,87840.0,114
2023-05-11 09:56:01,HO2403-C-2450,HO2403-C-2450,292.8,0.0,0.0,0.0,6,288.8,295.8,1,305.6,292.8,292.8,292.8,3.0,87840.0,114
2023-05-11 09:56:08,HO2403-C-2450,HO2403-C-2450,292.8,0.0,0.0,0.0,6,288.8,296.0,18,305.6,292.8,292.8,292.8,3.0,87840.0,114
2023-05-11 09:56:36,HO2403-C-2450,HO2403-C-2450,292.8,0.0,0.0,0.0,6,288.8,296.0,12,305.6,292.8,292.8,292.8,3.0,87840.0,114
2023-05-11 09:56:37,HO2403-C-2450,HO2403-C-2450,292.8,0.0,0.0,0.0,6,288.8,296.0,6,305.6,292.8,292.8,292.8,3.0,87840.0,114
2023-05-11 09:57:01,HO2403-C-2450,HO2403-C-2450,292.8,0.0,0.0,0.0,6,289.6,296.4,30,305.6,292.8,292.8,292.8,3.0,87840.0,114
2023-05-11 09:57:02,HO2403-C-2450,HO2403-C-2450,292.8,0.0,0.0,0.0,6,289.8,296.4,6,305.6,292.8,292.8,292.8,3.0,87840.0,114
2023-05-11 09:57:02,HO2403-C-2450,HO2403-C-2450,292.8,0.0,0.0,0.0,6,289.8,296.8,24,305.6,292.8,292.8,292.8,3.0,87840.0,114
2023-05-11 09:57:03,HO2403-C-2450,HO2403-C-2450,292.8,0.0,0.0,0.0,6,289.8,296.8,12,305.6,292.8,292.8,292.8,3.0,87840.0,114
2023-05-11 09:57:03,HO2403-C-2450,HO2403-C-2450,292.8,0.0,0.0,0.0,6,289.8,297.2,30,305.6,292.8,292.8,292.8,3.0,87840.0,114
2023-05-11 09:57:04,HO2403-C-2450,HO2403-C-2450,292.8,0.0,0.0,0.0,6,289.8,297.2,24,305.6,292.8,292.8,292.8,3.0,87840.0,114
2023-05-11 09:57:13,HO2403-C-2450,HO2403-C-2450,292.8,0.0,0.0,0.0,6,289.8,297.2,25,305.6,292.8,292.8,292.8,3.0,87840.0,114
2023-05-11 09:57:23,HO2403-C-2450,HO2403-C-2450,292.8,0.0,0.0,0.0,6,289.8,297.2,24,305.6,292.8,292.8,292.8,3.0,87840.0,114
2023-05-11 09:57:23,HO2403-C-2450,HO2403-C-2450,292.8,0.0,0.0,0.0,6,289.8,297.2,25,305.6,292.8,292.8,292.8,3.0,87840.0,114
2023-05-11 09:57:24,HO2403-C-2450,HO2403-C-2450,292.8,0.0,0.0,0.0,6,289.8,297.2,19,305.6,292.8,292.8,292.8,3.0,87840.0,114
2023-05-11 09:57:30,HO2403-C-2450,HO2403-C-2450,292.8,0.0,0.0,0.0,6,289.8,297.2,18,305.6,292.8,292.8,292.8,3.0,87840.0,114
2023-05-11 09:57:31,HO2403-C-2450,HO2403-C-2450,292.8,0.0,0.0,0.0,6,289.8,297.2,12,305.6,292.8,292.8,292.8,3.0,87840.0,114
2023-05-11 09:57:45,HO2403-C-2450,HO2403-C-2450,292.8,0.0,0.0,0.0,7,289.8,297.2,12,305.6,292.8,292.8,292.8,3.0,87840.0,114
2023-05-11 09:57:55,HO2403-C-2450,HO2403-C-2450,292.8,0.0,0.0,0.0,1,290.0,297.2,12,305.6,292.8,292.8,292.8,3.0,87840.0,114
2023-05-11 09:58:01,HO2403-C-2450,HO2403-C-2450,292.8,0.0,0.0,0.0,6,290.2,297.2,6,305.6,292.8,292.8,292.8,3.0,87840.0,114
2023-05-11 09:58:15,HO2403-C-2450,HO2403-C-2450,292.8,0.0,0.0,0.0,7,290.2,297.2,6,305.6,292.8,292.8,292.8,3.0,87840.0,114
2023-05-11 09:58:25,HO2403-C-2450,HO2403-C-2450,292.8,0.0,0.0,0.0,1,290.4,297.2,6,305.6,292.8,292.8,292.8,3.0,87840.0,114
2023-05-11 09:58:36,HO2403-C-2450,HO2403-C-2450,292.8,0.0,0.0,0.0,1,290.6,297.2,6,305.6,292.8,292.8,292.8,3.0,87840.0,114
2023-05-11 09:58:39,HO2403-C-2450,HO2403-C-2450,292.8,0.0,0.0,0.0,6,290.2,297.2,6,305.6,292.8,292.8,292.8,3.0,87840.0,114
2023-05-11 09:58:50,HO2403-C-2450,HO2403-C-2450,292.8,0.0,0.0,0.0,6,289.8,297.2,6,305.6,292.8,292.8,292.8,3.0,87840.0,114
2023-05-11 09:58:58,HO2403-C-2450,HO2403-C-2450,292.8,0.0,0.0,0.0,7,289.8,297.2,6,305.6,292.8,292.8,292.8,3.0,87840.0,114
2023-05-11 09:59:05,HO2403-C-2450,HO2403-C-2450,292.8,0.0,0.0,0.0,6,289.8,297.2,6,305.6,292.8,292.8,292.8,3.0,87840.0,114
2023-05-11 09:59:47,HO2403-C-2450,HO2403-C-2450,292.8,0.0,0.0,0.0,24,289.6,297.0,6,305.6,292.8,292.8,292.8,3.0,87840.0,114
2023-05-11 09:59:54,HO2403-C-2450,HO2403-C-2450,292.8,0.0,0.0,0.0,18,289.6,297.0,6,305.6,292.8,292.8,292.8,3.0,87840.0,114
2023-05-11 10:00:09,HO2403-C-2450,HO2403-C-2450,292.8,0.0,0.0,0.0,12,289.6,297.0,6,305.6,292.8,292.8,292.8,3.0,87840.0,114
2023-05-11 10:00:10,HO2403-C-2450,HO2403-C-2450,292.8,0.0,0.0,0.0,6,289.6,297.0,6,305.6,292.8,292.8,292.8,3.0,87840.0,114
2023-05-11 10:00:10,HO2403-C-2450,HO2403-C-2450,292.8,0.0,0.0,0.0,6,289.6,297.0,7,305.6,292.8,292.8,292.8,3.0,87840.0,114
2023-05-11 10:00:14,HO2403-C-2450,HO2403-C-2450,292.8,0.0,0.0,0.0,12,289.6,296.8,6,305.6,292.8,292.8,292.8,3.0,87840.0,114
2023-05-11 10:00:24,HO2403-C-2450,HO2403-C-2450,292.8,0.0,0.0,0.0,12,289.6,296.8,7,305.6,292.8,292.8,292.8,3.0,87840.0,114
2023-05-11 10:00:44,HO2403-C-2450,HO2403-C-2450,292.8,0.0,0.0,0.0,12,289.6,296.6,1,305.6,292.8,292.8,292.8,3.0,87840.0,114
2023-05-11 10:00:49,HO2403-C-2450,HO2403-C-2450,292.8,0.0,0.0,0.0,6,289.6,296.4,6,305.6,292.8,292.8,292.8,3.0,87840.0,114
2023-05-11 10:00:50,HO2403-C-2450,HO2403-C-2450,292.8,0.0,0.0,0.0,30,288.8,296.2,6,305.6,292.8,292.8,292.8,3.0,87840.0,114
2023-05-11 10:00:51,HO2403-C-2450,HO2403-C-2450,292.8,0.0,0.0,0.0,18,288.8,296.2,6,305.6,292.8,292.8,292.8,3.0,87840.0,114
2023-05-11 10:00:55,HO2403-C-2450,HO2403-C-2450,292.8,0.0,0.0,0.0,12,288.8,296.0,6,305.6,292.8,292.8,292.8,3.0,87840.0,114
2023-05-11 10:00:56,HO2403-C-2450,HO2403-C-2450,292.8,0.0,0.0,0.0,24,288.6,296.0,6,305.6,292.8,292.8,292.8,3.0,87840.0,114
2023-05-11 10:01:10,HO2403-C-2450,HO2403-C-2450,292.8,0.0,0.0,0.0,24,288.6,296.0,7,305.6,292.8,292.8,292.8,3.0,87840.0,114
2023-05-11 10:01:22,HO2403-C-2450,HO2403-C-2450,292.8,0.0,0.0,0.0,6,288.8,296.0,7,305.6,292.8,292.8,292.8,3.0,87840.0,114
2023-05-11 10:01:23,HO2403-C-2450,HO2403-C-2450,292.8,0.0,0.0,0.0,6,288.8,296.0,6,305.6,292.8,292.8,292.8,3.0,87840.0,114
2023-05-11 10:01:29,HO2403-C-2450,HO2403-C-2450,292.8,0.0,0.0,0.0,6,288.8,296.2,12,305.6,292.8,292.8,292.8,3.0,87840.0,114
2023-05-11 10:01:30,HO2403-C-2450,HO2403-C-2450,292.8,0.0,0.0,0.0,6,288.8,296.2,6,305.6,292.8,292.8,292.8,3.0,87840.0,114
2023-05-11 10:01:33,HO2403-C-2450,HO2403-C-2450,292.8,0.0,0.0,0.0,7,288.8,296.2,6,305.6,292.8,292.8,292.8,3.0,87840.0,114
2023-05-11 10:01:43,HO2403-C-2450,HO2403-C-2450,292.8,0.0,0.0,0.0,1,289.0,296.2,6,305.6,292.8,292.8,292.8,3.0,87840.0,114
2023-05-11 10:01:44,HO2403-C-2450,HO2403-C-2450,292.8,0.0,0.0,0.0,6,289.2,296.2,6,305.6,292.8,292.8,292.8,3.0,87840.0,114
2023-05-11 10:01:48,HO2403-C-2450,HO2403-C-2450,292.8,0.0,0.0,0.0,6,289.6,296.6,18,305.6,292.8,292.8,292.8,3.0,87840.0,114
2023-05-11 10:01:49,HO2403-C-2450,HO2403-C-2450,292.8,0.0,0.0,0.0,6,289.8,296.6,12,305.6,292.8,292.8,292.8,3.0,87840.0,114
2023-05-11 10:01:49,HO2403-C-2450,HO2403-C-2450,292.8,0.0,0.0,0.0,6,289.8,297.0,12,305.6,292.8,292.8,292.8,3.0,87840.0,114
2023-05-11 10:01:50,HO2403-C-2450,HO2403-C-2450,292.8,0.0,0.0,0.0,6,289.8,297.2,18,305.6,292.8,292.8,292.8,3.0,87840.0,114
2023-05-11 10:01:50,HO2403-C-2450,HO2403-C-2450,292.8,0.0,0.0,0.0,6,289.8,297.2,12,305.6,292.8,292.8,292.8,3.0,87840.0,114
2023-05-11 10:01:51,HO2403-C-2450,HO2403-C-2450,292.8,0.0,0.0,0.0,6,289.8,297.4,24,305.6,292.8,292.8,292.8,3.0,87840.0,114
2023-05-11 10:01:58,HO2403-C-2450,HO2403-C-2450,292.8,0.0,0.0,0.0,7,289.8,297.4,24,305.6,292.8,292.8,292.8,3.0,87840.0,114
2023-05-11 10:02:03,HO2403-C-2450,HO2403-C-2450,292.8,0.0,0.0,0.0,6,290.0,297.4,24,305.6,292.8,292.8,292.8,3.0,87840.0,114
2023-05-11 10:02:05,HO2403-C-2450,HO2403-C-2450,292.8,0.0,0.0,0.0,6,290.6,297.4,18,305.6,292.8,292.8,292.8,3.0,87840.0,114
2023-05-11 10:02:05,HO2403-C-2450,HO2403-C-2450,292.8,0.0,0.0,0.0,6,290.8,297.4,18,305.6,292.8,292.8,292.8,3.0,87840.0,114
2023-05-11 10:02:13,HO2403-C-2450,HO2403-C-2450,292.8,0.0,0.0,0.0,6,290.8,297.4,12,305.6,292.8,292.8,292.8,3.0,87840.0,114
2023-05-11 10:02:14,HO2403-C-2450,HO2403-C-2450,292.8,0.0,0.0,0.0,6,290.8,297.4,6,305.6,292.8,292.8,292.8,3.0,87840.0,114
2023-05-11 10:02:29,HO2403-C-2450,HO2403-C-2450,292.8,0.0,0.0,0.0,18,290.6,297.2,6,305.6,292.8,292.8,292.8,3.0,87840.0,114
2023-05-11 10:02:41,HO2403-C-2450,HO2403-C-2450,292.8,0.0,0.0,0.0,12,290.6,297.2,12,305.6,292.8,292.8,292.8,3.0,87840.0,114
2023-05-11 10:02:42,HO2403-C-2450,HO2403-C-2450,292.8,0.0,0.0,0.0,18,290.4,297.2,18,305.6,292.8,292.8,292.8,3.0,87840.0,114
2023-05-11 10:02:43,HO2403-C-2450,HO2403-C-2450,292.8,0.0,0.0,0.0,12,290.4,297.2,18,305.6,292.8,292.8,292.8,3.0,87840.0,114
2023-05-11 10:02:43,HO2403-C-2450,HO2403-C-2450,292.8,0.0,0.0,0.0,6,290.4,297.2,18,305.6,292.8,292.8,292.8,3.0,87840.0,114
2023-05-11 10:02:44,HO2403-C-2450,HO2403-C-2450,292.8,0.0,0.0,0.0,24,289.8,297.0,6,305.6,292.8,292.8,292.8,3.0,87840.0,114
2023-05-11 10:02:44,HO2403-C-2450,HO2403-C-2450,292.8,0.0,0.0,0.0,18,289.8,297.0,6,305.6,292.8,292.8,292.8,3.0,87840.0,114
2023-05-11 10:02:45,HO2403-C-2450,HO2403-C-2450,292.8,0.0,0.0,0.0,12,289.8,297.0,6,305.6,292.8,292.8,292.8,3.0,87840.0,114
2023-05-11 10:02:45,HO2403-C-2450,HO2403-C-2450,292.8,0.0,0.0,0.0,6,289.8,297.0,6,305.6,292.8,292.8,292.8,3.0,87840.0,114
2023-05-11 10:02:54,HO2403-C-2450,HO2403-C-2450,292.8,0.0,0.0,0.0,18,289.6,297.0,6,305.6,292.8,292.8,292.8,3.0,87840.0,114
2023-05-11 10:02:55,HO2403-C-2450,HO2403-C-2450,292.8,0.0,0.0,0.0,12,289.6,297.0,6,305.6,292.8,292.8,292.8,3.0,87840.0,114
2023-05-11 10:02:55,HO2403-C-2450,HO2403-C-2450,292.8,0.0,0.0,0.0,6,289.6,297.0,6,305.6,292.8,292.8,292.8,3.0,87840.0,114
2023-05-11 10:03:03,HO2403-C-2450,HO2403-C-2450,292.8,0.0,0.0,0.0,12,289.4,296.4,6,305.6,292.8,292.8,292.8,3.0,87840.0,114
2023-05-11 10:03:03,HO2403-C-2450,HO2403-C-2450,292.8,0.0,0.0,0.0,24,289.2,296.2,6,305.6,292.8,292.8,292.8,3.0,87840.0,114
2023-05-11 10:03:04,HO2403-C-2450,HO2403-C-2450,292.8,0.0,0.0,0.0,12,289.2,296.2,6,305.6,292.8,292.8,292.8,3.0,87840.0,114
2023-05-11 10:03:04,HO2403-C-2450,HO2403-C-2450,292.8,0.0,0.0,0.0,6,289.2,296.2,6,305.6,292.8,292.8,292.8,3.0,87840.0,114
2023-05-11 10:03:05,HO2403-C-2450,HO2403-C-2450,292.8,0.0,0.0,0.0,6,289.2,296.2,7,305.6,292.8,292.8,292.8,3.0,87840.0,114
2023-05-11 10:03:10,HO2403-C-2450,HO2403-C-2450,292.8,0.0,0.0,0.0,18,289.0,296.2,7,305.6,292.8,292.8,292.8,3.0,87840.0,114
2023-05-11 10:03:10,HO2403-C-2450,HO2403-C-2450,292.8,0.0,0.0,0.0,6,289.0,296.2,7,305.6,292.8,292.8,292.8,3.0,87840.0,114
2023-05-11 10:03:11,HO2403-C-2450,HO2403-C-2450,292.8,0.0,0.0,0.0,30,288.6,296.2,7,305.6,292.8,292.8,292.8,3.0,87840.0,114
2023-05-11 10:03:11,HO2403-C-2450,HO2403-C-2450,292.8,0.0,0.0,0.0,24,288.6,296.2,7,305.6,292.8,292.8,292.8,3.0,87840.0,114
2023-05-11 10:03:12,HO2403-C-2450,HO2403-C-2450,292.8,0.0,0.0,0.0,18,288.6,296.2,7,305.6,292.8,292.8,292.8,3.0,87840.0,114
2023-05-11 10:03:12,HO2403-C-2450,HO2403-C-2450,292.8,0.0,0.0,0.0,19,288.6,296.2,6,305.6,292.8,292.8,292.8,3.0,87840.0,114
2023-05-11 10:03:22,HO2403-C-2450,HO2403-C-2450,292.8,0.0,0.0,0.0,1,288.8,296.2,6,305.6,292.8,292.8,292.8,3.0,87840.0,114
2023-05-11 10:03:32,HO2403-C-2450,HO2403-C-2450,292.8,0.0,0.0,0.0,7,289.0,296.4,18,305.6,292.8,292.8,292.8,3.0,87840.0,114
2023-05-11 10:03:56,HO2403-C-2450,HO2403-C-2450,292.8,0.0,0.0,0.0,7,289.0,296.4,12,305.6,292.8,292.8,292.8,3.0,87840.0,114
2023-05-11 10:03:56,HO2403-C-2450,HO2403-C-2450,292.8,0.0,0.0,0.0,7,289.0,296.4,6,305.6,292.8,292.8,292.8,3.0,87840.0,114
2023-05-11 10:04:06,HO2403-C-2450,HO2403-C-2450,292.8,0.0,0.0,0.0,1,289.2,296.4,6,305.6,292.8,292.8,292.8,3.0,87840.0,114
2023-05-11 10:04:13,HO2403-C-2450,HO2403-C-2450,292.8,0.0,0.0,0.0,6,289.6,296.6,12,305.6,292.8,292.8,292.8,3.0,87840.0,114
2023-05-11 10:04:13,HO2403-C-2450,HO2403-C-2450,292.8,0.0,0.0,0.0,6,289.6,296.6,6,305.6,292.8,292.8,292.8,3.0,87840.0,114
2023-05-11 10:04:17,HO2403-C-2450,HO2403-C-2450,292.8,0.0,0.0,0.0,6,289.8,296.8,18,305.6,292.8,292.8,292.8,3.0,87840.0,114
2023-05-11 10:04:18,HO2403-C-2450,HO2403-C-2450,292.8,0.0,0.0,0.0,6,289.8,296.8,6,305.6,292.8,292.8,292.8,3.0,87840.0,114
2023-05-11 10:04:18,HO2403-C-2450,HO2403-C-2450,292.8,0.0,0.0,0.0,6,289.8,297.2,24,305.6,292.8,292.8,292.8,3.0,87840.0,114
2023-05-11 10:04:19,HO2403-C-2450,HO2403-C-2450,292.8,0.0,0.0,0.0,6,289.8,297.2,18,305.6,292.8,292.8,292.8,3.0,87840.0,114
2023-05-11 10:04:33,HO2403-C-2450,HO2403-C-2450,292.8,0.0,0.0,0.0,7,289.8,297.2,18,305.6,292.8,292.8,292.8,3.0,87840.0,114
2023-05-11 10:04:35,HO2403-C-2450,HO2403-C-2450,292.8,0.0,0.0,0.0,6,289.8,297.2,19,305.6,292.8,292.8,292.8,3.0,87840.0,114
2023-05-11 10:04:54,HO2403-C-2450,HO2403-C-2450,292.8,0.0,0.0,0.0,6,289.8,297.0,1,305.6,292.8,292.8,292.8,3.0,87840.0,114
2023-05-11 10:05:03,HO2403-C-2450,HO2403-C-2450,292.8,0.0,0.0,0.0,6,289.6,296.2,6,305.6,292.8,292.8,292.8,3.0,87840.0,114
2023-05-11 10:05:04,HO2403-C-2450,HO2403-C-2450,292.8,0.0,0.0,0.0,18,289.4,296.2,6,305.6,292.8,292.8,292.8,3.0,87840.0,114
2023-05-11 10:05:04,HO2403-C-2450,HO2403-C-2450,292.8,0.0,0.0,0.0,12,289.4,296.2,6,305.6,292.8,292.8,292.8,3.0,87840.0,114
2023-05-11 10:05:05,HO2403-C-2450,HO2403-C-2450,292.8,0.0,0.0,0.0,30,289.0,296.2,6,305.6,292.8,292.8,292.8,3.0,87840.0,114
2023-05-11 10:05:05,HO2403-C-2450,HO2403-C-2450,292.8,0.0,0.0,0.0,18,289.0,296.2,6,305.6,292.8,292.8,292.8,3.0,87840.0,114
2023-05-11 10:05:11,HO2403-C-2450,HO2403-C-2450,292.8,0.0,0.0,0.0,12,289.0,296.0,6,305.6,292.8,292.8,292.8,3.0,87840.0,114
2023-05-11 10:05:11,HO2403-C-2450,HO2403-C-2450,292.8,0.0,0.0,0.0,24,288.8,296.0,6,305.6,292.8,292.8,292.8,3.0,87840.0,114
2023-05-11 10:05:12,HO2403-C-2450,HO2403-C-2450,292.8,0.0,0.0,0.0,18,288.8,296.0,6,305.6,292.8,292.8,292.8,3.0,87840.0,114
2023-05-11 10:05:30,HO2403-C-2450,HO2403-C-2450,292.8,0.0,0.0,0.0,24,288.8,296.0,6,305.6,292.8,292.8,292.8,3.0,87840.0,114
2023-05-11 10:05:31,HO2403-C-2450,HO2403-C-2450,292.8,0.0,0.0,0.0,25,288.8,296.0,6,305.6,292.8,292.8,292.8,3.0,87840.0,114
2023-05-11 10:05:36,HO2403-C-2450,HO2403-C-2450,292.8,0.0,0.0,0.0,24,288.8,296.0,6,305.6,292.8,292.8,292.8,3.0,87840.0,114
2023-05-11 10:05:43,HO2403-C-2450,HO2403-C-2450,292.8,0.0,0.0,0.0,6,289.2,296.0,6,305.6,292.8,292.8,292.8,3.0,87840.0,114
2023-05-11 10:05:43,HO2403-C-2450,HO2403-C-2450,292.8,0.0,0.0,0.0,6,289.4,296.4,13,305.6,292.8,292.8,292.8,3.0,87840.0,114
2023-05-11 10:05:44,HO2403-C-2450,HO2403-C-2450,292.8,0.0,0.0,0.0,6,289.4,296.4,1,305.6,292.8,292.8,292.8,3.0,87840.0,114
2023-05-11 10:05:47,HO2403-C-2450,HO2403-C-2450,292.8,0.0,0.0,0.0,6,289.4,296.2,1,305.6,292.8,292.8,292.8,3.0,87840.0,114
2023-05-11 10:05:57,HO2403-C-2450,HO2403-C-2450,292.8,0.0,0.0,0.0,6,289.4,296.0,1,305.6,292.8,292.8,292.8,3.0,87840.0,114
2023-05-11 10:06:07,HO2403-C-2450,HO2403-C-2450,292.8,0.0,0.0,0.0,6,289.4,296.6,1,305.6,292.8,292.8,292.8,3.0,87840.0,114
2023-05-11 10:06:23,HO2403-C-2450,HO2403-C-2450,292.8,0.0,0.0,0.0,6,290.2,296.6,1,305.6,292.8,292.8,292.8,3.0,87840.0,114
2023-05-11 10:06:24,HO2403-C-2450,HO2403-C-2450,292.8,0.0,0.0,0.0,6,290.4,296.8,12,305.6,292.8,292.8,292.8,3.0,87840.0,114
2023-05-11 10:06:24,HO2403-C-2450,HO2403-C-2450,292.8,0.0,0.0,0.0,6,290.4,297.0,12,305.6,292.8,292.8,292.8,3.0,87840.0,114
2023-05-11 10:06:25,HO2403-C-2450,HO2403-C-2450,292.8,0.0,0.0,0.0,6,290.4,297.2,25,305.6,292.8,292.8,292.8,3.0,87840.0,114
2023-05-11 10:06:26,HO2403-C-2450,HO2403-C-2450,292.8,0.0,0.0,0.0,6,290.4,297.2,19,305.6,292.8,292.8,292.8,3.0,87840.0,114
2023-05-11 10:06:33,HO2403-C-2450,HO2403-C-2450,292.8,0.0,0.0,0.0,6,290.4,296.8,6,305.6,292.8,292.8,292.8,3.0,87840.0,114
2023-05-11 10:06:34,HO2403-C-2450,HO2403-C-2450,292.8,0.0,0.0,0.0,6,290.4,296.8,7,305.6,292.8,292.8,292.8,3.0,87840.0,114
2023-05-11 10:06:44,HO2403-C-2450,HO2403-C-2450,292.8,0.0,0.0,0.0,6,290.4,296.6,1,305.6,292.8,292.8,292.8,3.0,87840.0,114
2023-05-11 10:06:54,HO2403-C-2450,HO2403-C-2450,292.8,0.0,0.0,0.0,6,290.4,297.2,19,305.6,292.8,292.8,292.8,3.0,87840.0,114
2023-05-11 10:07:05,HO2403-C-2450,HO2403-C-2450,292.8,0.0,0.0,0.0,6,290.4,297.0,1,305.6,292.8,292.8,292.8,3.0,87840.0,114
2023-05-11 10:07:12,HO2403-C-2450,HO2403-C-2450,292.8,0.0,0.0,0.0,6,290.4,297.2,18,305.6,292.8,292.8,292.8,3.0,87840.0,114
2023-05-11 10:07:13,HO2403-C-2450,HO2403-C-2450,292.8,0.0,0.0,0.0,6,290.4,297.2,12,305.6,292.8,292.8,292.8,3.0,87840.0,114
2023-05-11 10:07:13,HO2403-C-2450,HO2403-C-2450,292.8,0.0,0.0,0.0,6,290.4,297.2,6,305.6,292.8,292.8,292.8,3.0,87840.0,114
2023-05-11 10:07:39,HO2403-C-2450,HO2403-C-2450,292.8,0.0,0.0,0.0,6,290.4,297.2,7,305.6,292.8,292.8,292.8,3.0,87840.0,114
2023-05-11 10:08:04,HO2403-C-2450,HO2403-C-2450,292.8,0.0,0.0,0.0,6,290.4,297.0,1,305.6,292.8,292.8,292.8,3.0,87840.0,114
2023-05-11 10:08:06,HO2403-C-2450,HO2403-C-2450,292.8,0.0,0.0,0.0,6,290.4,297.2,6,305.6,292.8,292.8,292.8,3.0,87840.0,114
2023-05-11 10:08:20,HO2403-C-2450,HO2403-C-2450,292.8,0.0,0.0,0.0,6,290.4,297.4,18,305.6,292.8,292.8,292.8,3.0,87840.0,114
2023-05-11 10:09:41,HO2403-C-2450,HO2403-C-2450,292.8,0.0,0.0,0.0,6,290.4,297.4,12,305.6,292.8,292.8,292.8,3.0,87840.0,114
2023-05-11 10:09:41,HO2403-C-2450,HO2403-C-2450,292.8,0.0,0.0,0.0,6,290.4,297.4,6,305.6,292.8,292.8,292.8,3.0,87840.0,114
2023-05-11 10:10:58,HO2403-C-2450,HO2403-C-2450,292.8,0.0,0.0,0.0,6,290.4,297.4,7,305.6,292.8,292.8,292.8,3.0,87840.0,114
2023-05-11 10:11:08,HO2403-C-2450,HO2403-C-2450,292.8,0.0,0.0,0.0,6,290.4,297.2,1,305.6,292.8,292.8,292.8,3.0,87840.0,114
2023-05-11 10:11:39,HO2403-C-2450,HO2403-C-2450,292.8,0.0,0.0,0.0,6,290.4,297.4,6,305.6,292.8,292.8,292.8,3.0,87840.0,114
2023-05-11 10:11:44,HO2403-C-2450,HO2403-C-2450,292.8,0.0,0.0,0.0,6,290.4,297.4,7,305.6,292.8,292.8,292.8,3.0,87840.0,114
2023-05-11 10:11:58,HO2403-C-2450,HO2403-C-2450,292.8,0.0,0.0,0.0,6,290.4,297.2,1,305.6,292.8,292.8,292.8,3.0,87840.0,114
2023-05-11 10:12:07,HO2403-C-2450,HO2403-C-2450,292.8,0.0,0.0,0.0,2,290.6,297.2,1,305.6,292.8,292.8,292.8,3.0,87840.0,114
2023-05-11 10:12:07,HO2403-C-2450,HO2403-C-2450,292.8,0.0,0.0,0.0,6,290.4,297.2,1,305.6,292.8,292.8,292.8,3.0,87840.0,114
2023-05-11 10:12:08,HO2403-C-2450,HO2403-C-2450,292.8,0.0,0.0,0.0,8,290.4,297.2,1,305.6,292.8,292.8,292.8,3.0,87840.0,114
2023-05-11 10:12:08,HO2403-C-2450,HO2403-C-2450,292.8,0.0,0.0,0.0,6,290.4,297.0,1,305.6,292.8,292.8,292.8,3.0,87840.0,114
2023-05-11 10:12:09,HO2403-C-2450,HO2403-C-2450,292.8,0.0,0.0,0.0,8,290.4,297.0,1,305.6,292.8,292.8,292.8,3.0,87840.0,114
2023-05-11 10:12:18,HO2403-C-2450,HO2403-C-2450,292.8,0.0,0.0,0.0,8,290.4,296.8,1,305.6,292.8,292.8,292.8,3.0,87840.0,114
2023-05-11 10:12:42,HO2403-C-2450,HO2403-C-2450,292.8,0.0,0.0,0.0,8,290.4,296.6,1,305.6,292.8,292.8,292.8,3.0,87840.0,114
2023-05-11 10:12:52,HO2403-C-2450,HO2403-C-2450,292.8,0.0,0.0,0.0,8,290.4,296.4,1,305.6,292.8,292.8,292.8,3.0,87840.0,114
2023-05-11 10:13:07,HO2403-C-2450,HO2403-C-2450,292.8,0.0,0.0,0.0,8,290.4,296.2,1,305.6,292.8,292.8,292.8,3.0,87840.0,114
2023-05-11 10:13:09,HO2403-C-2450,HO2403-C-2450,292.8,0.0,0.0,0.0,8,290.4,296.8,1,305.6,292.8,292.8,292.8,3.0,87840.0,114
2023-05-11 10:13:19,HO2403-C-2450,HO2403-C-2450,292.8,0.0,0.0,0.0,8,290.4,296.6,1,305.6,292.8,292.8,292.8,3.0,87840.0,114
2023-05-11 10:13:29,HO2403-C-2450,HO2403-C-2450,292.8,0.0,0.0,0.0,8,290.4,296.4,1,305.6,292.8,292.8,292.8,3.0,87840.0,114
2023-05-11 10:13:46,HO2403-C-2450,HO2403-C-2450,292.8,0.0,0.0,0.0,8,290.4,297.4,6,305.6,292.8,292.8,292.8,3.0,87840.0,114
2023-05-11 10:13:46,HO2403-C-2450,HO2403-C-2450,292.8,0.0,0.0,0.0,8,290.4,297.4,7,305.6,292.8,292.8,292.8,3.0,87840.0,114
2023-05-11 10:13:58,HO2403-C-2450,HO2403-C-2450,292.8,0.0,0.0,0.0,9,290.4,297.4,6,305.6,292.8,292.8,292.8,3.0,87840.0,114
2023-05-11 10:13:58,HO2403-C-2450,HO2403-C-2450,292.8,0.0,0.0,0.0,6,290.6,297.8,18,305.6,292.8,292.8,292.8,3.0,87840.0,114
2023-05-11 10:13:59,HO2403-C-2450,HO2403-C-2450,292.8,0.0,0.0,0.0,6,290.6,297.8,12,305.6,292.8,292.8,292.8,3.0,87840.0,114
2023-05-11 10:13:59,HO2403-C-2450,HO2403-C-2450,292.8,0.0,0.0,0.0,2,291.0,297.8,7,305.6,292.8,292.8,292.8,3.0,87840.0,114
2023-05-11 10:14:09,HO2403-C-2450,HO2403-C-2450,292.8,0.0,0.0,0.0,2,291.0,297.6,1,305.6,292.8,292.8,292.8,3.0,87840.0,114
2023-05-11 10:14:19,HO2403-C-2450,HO2403-C-2450,292.8,0.0,0.0,0.0,2,291.0,297.4,1,305.6,292.8,292.8,292.8,3.0,87840.0,114
2023-05-11 10:14:29,HO2403-C-2450,HO2403-C-2450,292.8,0.0,0.0,0.0,2,291.0,297.2,1,305.6,292.8,292.8,292.8,3.0,87840.0,114
2023-05-11 10:14:46,HO2403-C-2450,HO2403-C-2450,292.8,0.0,0.0,0.0,2,291.0,297.0,1,305.6,292.8,292.8,292.8,3.0,87840.0,114
2023-05-11 10:14:55,HO2403-C-2450,HO2403-C-2450,292.8,0.0,0.0,0.0,6,290.6,297.0,1,305.6,292.8,292.8,292.8,3.0,87840.0,114
2023-05-11 10:14:56,HO2403-C-2450,HO2403-C-2450,292.8,0.0,0.0,0.0,2,290.8,297.0,1,305.6,292.8,292.8,292.8,3.0,87840.0,114
2023-05-11 10:14:56,HO2403-C-2450,HO2403-C-2450,292.8,0.0,0.0,0.0,2,290.8,296.8,1,305.6,292.8,292.8,292.8,3.0,87840.0,114
2023-05-11 10:14:59,HO2403-C-2450,HO2403-C-2450,292.8,0.0,0.0,0.0,6,290.6,296.8,1,305.6,292.8,292.8,292.8,3.0,87840.0,114
2023-05-11 10:14:59,HO2403-C-2450,HO2403-C-2450,292.8,0.0,0.0,0.0,2,290.8,296.8,1,305.6,292.8,292.8,292.8,3.0,87840.0,114
2023-05-11 10:15:12,HO2403-C-2450,HO2403-C-2450,292.8,0.0,0.0,0.0,2,290.8,296.6,1,305.6,292.8,292.8,292.8,3.0,87840.0,114
2023-05-11 10:15:14,HO2403-C-2450,HO2403-C-2450,292.8,0.0,0.0,0.0,30,290.2,296.6,1,305.6,292.8,292.8,292.8,3.0,87840.0,114
2023-05-11 10:15:14,HO2403-C-2450,HO2403-C-2450,292.8,0.0,0.0,0.0,2,290.6,296.6,1,305.6,292.8,292.8,292.8,3.0,87840.0,114
2023-05-11 10:15:18,HO2403-C-2450,HO2403-C-2450,292.8,0.0,0.0,0.0,2,290.6,297.2,7,305.6,292.8,292.8,292.8,3.0,87840.0,114
2023-05-11 10:15:29,HO2403-C-2450,HO2403-C-2450,292.8,0.0,0.0,0.0,2,290.6,297.0,1,305.6,292.8,292.8,292.8,3.0,87840.0,114
2023-05-11 10:15:40,HO2403-C-2450,HO2403-C-2450,292.8,0.0,0.0,0.0,2,290.6,296.8,1,305.6,292.8,292.8,292.8,3.0,87840.0,114
2023-05-11 10:15:46,HO2403-C-2450,HO2403-C-2450,292.8,0.0,0.0,0.0,2,290.6,297.2,6,305.6,292.8,292.8,292.8,3.0,87840.0,114
2023-05-11 10:16:16,HO2403-C-2450,HO2403-C-2450,292.8,0.0,0.0,0.0,2,290.6,297.2,7,305.6,292.8,292.8,292.8,3.0,87840.0,114
2023-05-11 10:16:26,HO2403-C-2450,HO2403-C-2450,292.8,0.0,0.0,0.0,2,290.6,297.0,1,305.6,292.8,292.8,292.8,3.0,87840.0,114
2023-05-11 10:16:36,HO2403-C-2450,HO2403-C-2450,292.8,0.0,0.0,0.0,2,290.6,296.8,1,305.6,292.8,292.8,292.8,3.0,87840.0,114
2023-05-11 10:16:46,HO2403-C-2450,HO2403-C-2450,292.8,0.0,0.0,0.0,2,290.6,296.6,1,305.6,292.8,292.8,292.8,3.0,87840.0,114
2023-05-11 10:16:55,HO2403-C-2450,HO2403-C-2450,292.8,0.0,0.0,0.0,2,290.6,297.2,7,305.6,292.8,292.8,292.8,3.0,87840.0,114
2023-05-11 10:17:05,HO2403-C-2450,HO2403-C-2450,292.8,0.0,0.0,0.0,2,290.6,297.0,1,305.6,292.8,292.8,292.8,3.0,87840.0,114
2023-05-11 10:17:15,HO2403-C-2450,HO2403-C-2450,292.8,0.0,0.0,0.0,2,290.6,296.8,1,305.6,292.8,292.8,292.8,3.0,87840.0,114
2023-05-11 10:17:25,HO2403-C-2450,HO2403-C-2450,292.8,0.0,0.0,0.0,2,290.6,296.6,1,305.6,292.8,292.8,292.8,3.0,87840.0,114
2023-05-11 10:17:37,HO2403-C-2450,HO2403-C-2450,292.8,0.0,0.0,0.0,2,290.6,297.2,7,305.6,292.8,292.8,292.8,3.0,87840.0,114
2023-05-11 10:17:47,HO2403-C-2450,HO2403-C-2450,292.8,0.0,0.0,0.0,2,290.6,297.0,1,305.6,292.8,292.8,292.8,3.0,87840.0,114
2023-05-11 10:17:57,HO2403-C-2450,HO2403-C-2450,292.8,0.0,0.0,0.0,2,290.6,296.8,1,305.6,292.8,292.8,292.8,3.0,87840.0,114
2023-05-11 10:18:09,HO2403-C-2450,HO2403-C-2450,292.8,0.0,0.0,0.0,2,290.6,297.2,6,305.6,292.8,292.8,292.8,3.0,87840.0,114
2023-05-11 10:18:15,HO2403-C-2450,HO2403-C-2450,292.8,0.0,0.0,0.0,2,290.6,297.2,7,305.6,292.8,292.8,292.8,3.0,87840.0,114
2023-05-11 10:18:28,HO2403-C-2450,HO2403-C-2450,292.8,0.0,0.0,0.0,2,290.6,297.0,1,305.6,292.8,292.8,292.8,3.0,87840.0,114
2023-05-11 10:18:40,HO2403-C-2450,HO2403-C-2450,292.8,0.0,0.0,0.0,2,290.6,296.8,1,305.6,292.8,292.8,292.8,3.0,87840.0,114
2023-05-11 10:18:58,HO2403-C-2450,HO2403-C-2450,292.8,0.0,0.0,0.0,2,290.6,296.6,1,305.6,292.8,292.8,292.8,3.0,87840.0,114
2023-05-11 10:18:58,HO2403-C-2450,HO2403-C-2450,292.8,0.0,0.0,0.0,24,290.2,296.6,1,305.6,292.8,292.8,292.8,3.0,87840.0,114
2023-05-11 10:18:59,HO2403-C-2450,HO2403-C-2450,292.8,0.0,0.0,0.0,14,290.2,296.6,7,305.6,292.8,292.8,292.8,3.0,87840.0,114
2023-05-11 10:19:12,HO2403-C-2450,HO2403-C-2450,292.8,0.0,0.0,0.0,14,290.2,296.4,1,305.6,292.8,292.8,292.8,3.0,87840.0,114
2023-05-11 10:19:18,HO2403-C-2450,HO2403-C-2450,292.8,0.0,0.0,0.0,12,290.2,296.4,1,305.6,292.8,292.8,292.8,3.0,87840.0,114
2023-05-11 10:19:18,HO2403-C-2450,HO2403-C-2450,292.8,0.0,0.0,0.0,6,290.2,296.4,1,305.6,292.8,292.8,292.8,3.0,87840.0,114
2023-05-11 10:19:19,HO2403-C-2450,HO2403-C-2450,292.8,0.0,0.0,0.0,8,290.2,296.4,1,305.6,292.8,292.8,292.8,3.0,87840.0,114
2023-05-11 10:19:26,HO2403-C-2450,HO2403-C-2450,292.8,0.0,0.0,0.0,6,290.2,296.4,1,305.6,292.8,292.8,292.8,3.0,87840.0,114
2023-05-11 10:19:26,HO2403-C-2450,HO2403-C-2450,292.8,0.0,0.0,0.0,8,290.2,296.4,1,305.6,292.8,292.8,292.8,3.0,87840.0,114
2023-05-11 10:19:27,HO2403-C-2450,HO2403-C-2450,292.8,0.0,0.0,0.0,6,290.2,296.4,1,305.6,292.8,292.8,292.8,3.0,87840.0,114
2023-05-11 10:19:28,HO2403-C-2450,HO2403-C-2450,292.8,0.0,0.0,0.0,6,290.2,296.2,1,305.6,292.8,292.8,292.8,3.0,87840.0,114
2023-05-11 10:19:29,HO2403-C-2450,HO2403-C-2450,292.8,0.0,0.0,0.0,12,290.0,296.2,7,305.6,292.8,292.8,292.8,3.0,87840.0,114
2023-05-11 10:19:29,HO2403-C-2450,HO2403-C-2450,292.8,0.0,0.0,0.0,2,290.0,296.2,7,305.6,292.8,292.8,292.8,3.0,87840.0,114
2023-05-11 10:19:31,HO2403-C-2450,HO2403-C-2450,292.8,0.0,0.0,0.0,2,290.0,296.2,6,305.6,292.8,292.8,292.8,3.0,87840.0,114
2023-05-11 10:19:54,HO2403-C-2450,HO2403-C-2450,292.8,0.0,0.0,0.0,12,289.8,296.2,6,305.6,292.8,292.8,292.8,3.0,87840.0,114
2023-05-11 10:19:55,HO2403-C-2450,HO2403-C-2450,292.8,0.0,0.0,0.0,2,290.0,296.2,6,305.6,292.8,292.8,292.8,3.0,87840.0,114
2023-05-11 10:20:02,HO2403-C-2450,HO2403-C-2450,292.8,0.0,0.0,0.0,6,290.2,296.4,1,305.6,292.8,292.8,292.8,3.0,87840.0,114
2023-05-11 10:20:03,HO2403-C-2450,HO2403-C-2450,292.8,0.0,0.0,0.0,6,289.8,296.4,1,305.6,292.8,292.8,292.8,3.0,87840.0,114
2023-05-11 10:20:03,HO2403-C-2450,HO2403-C-2450,292.8,0.0,0.0,0.0,2,290.2,296.4,1,305.6,292.8,292.8,292.8,3.0,87840.0,114
2023-05-11 10:20:07,HO2403-C-2450,HO2403-C-2450,292.8,0.0,0.0,0.0,2,290.2,296.2,1,305.6,292.8,292.8,292.8,3.0,87840.0,114
2023-05-11 10:20:12,HO2403-C-2450,HO2403-C-2450,292.8,0.0,0.0,0.0,6,289.8,296.2,1,305.6,292.8,292.8,292.8,3.0,87840.0,114
2023-05-11 10:20:13,HO2403-C-2450,HO2403-C-2450,292.8,0.0,0.0,0.0,2,290.2,296.2,1,305.6,292.8,292.8,292.8,3.0,87840.0,114
2023-05-11 10:20:16,HO2403-C-2450,HO2403-C-2450,292.8,0.0,0.0,0.0,6,289.8,296.2,1,305.6,292.8,292.8,292.8,3.0,87840.0,114
2023-05-11 10:20:16,HO2403-C-2450,HO2403-C-2450,292.8,0.0,0.0,0.0,2,290.2,296.2,1,305.6,292.8,292.8,292.8,3.0,87840.0,114
2023-05-11 10:20:17,HO2403-C-2450,HO2403-C-2450,292.8,0.0,0.0,0.0,2,290.2,296.0,1,305.6,292.8,292.8,292.8,3.0,87840.0,114
2023-05-11 10:20:18,HO2403-C-2450,HO2403-C-2450,292.8,0.0,0.0,0.0,6,289.8,296.0,1,305.6,292.8,292.8,292.8,3.0,87840.0,114
2023-05-11 10:20:18,HO2403-C-2450,HO2403-C-2450,292.8,0.0,0.0,0.0,2,290.0,296.0,1,305.6,292.8,292.8,292.8,3.0,87840.0,114
2023-05-11 10:20:31,HO2403-C-2450,HO2403-C-2450,292.8,0.0,0.0,0.0,2,290.0,295.8,1,305.6,292.8,292.8,292.8,3.0,87840.0,114
2023-05-11 10:20:34,HO2403-C-2450,HO2403-C-2450,292.8,0.0,0.0,0.0,2,290.0,296.6,19,305.6,292.8,292.8,292.8,3.0,87840.0,114
2023-05-11 10:20:44,HO2403-C-2450,HO2403-C-2450,292.8,0.0,0.0,0.0,2,290.0,296.4,1,305.6,292.8,292.8,292.8,3.0,87840.0,114
2023-05-11 10:20:54,HO2403-C-2450,HO2403-C-2450,292.8,0.0,0.0,0.0,2,290.0,296.2,1,305.6,292.8,292.8,292.8,3.0,87840.0,114
2023-05-11 10:21:05,HO2403-C-2450,HO2403-C-2450,292.8,0.0,0.0,0.0,2,290.0,296.0,1,305.6,292.8,292.8,292.8,3.0,87840.0,114
2023-05-11 10:21:26,HO2403-C-2450,HO2403-C-2450,292.8,0.0,0.0,0.0,2,290.0,295.8,1,305.6,292.8,292.8,292.8,3.0,87840.0,114
2023-05-11 10:21:39,HO2403-C-2450,HO2403-C-2450,292.8,0.0,0.0,0.0,2,290.0,295.6,1,305.6,292.8,292.8,292.8,3.0,87840.0,114
2023-05-11 10:21:39,HO2403-C-2450,HO2403-C-2450,292.8,0.0,0.0,0.0,6,289.8,295.6,1,305.6,292.8,292.8,292.8,3.0,87840.0,114
2023-05-11 10:21:40,HO2403-C-2450,HO2403-C-2450,292.8,0.0,0.0,0.0,2,289.8,295.6,1,305.6,292.8,292.8,292.8,3.0,87840.0,114
2023-05-11 10:21:41,HO2403-C-2450,HO2403-C-2450,292.8,0.0,0.0,0.0,24,289.6,295.6,1,305.6,292.8,292.8,292.8,3.0,87840.0,114
2023-05-11 10:21:41,HO2403-C-2450,HO2403-C-2450,292.8,0.0,0.0,0.0,12,289.6,295.6,1,305.6,292.8,292.8,292.8,3.0,87840.0,114
2023-05-11 10:21:42,HO2403-C-2450,HO2403-C-2450,292.8,0.0,0.0,0.0,2,289.8,295.6,1,305.6,292.8,292.8,292.8,3.0,87840.0,114
2023-05-11 10:21:48,HO2403-C-2450,HO2403-C-2450,292.8,0.0,0.0,0.0,6,289.6,295.6,1,305.6,292.8,292.8,292.8,3.0,87840.0,114
2023-05-11 10:21:49,HO2403-C-2450,HO2403-C-2450,292.8,0.0,0.0,0.0,2,290.0,295.4,1,305.6,292.8,292.8,292.8,3.0,87840.0,114
2023-05-11 10:21:49,HO2403-C-2450,HO2403-C-2450,292.8,0.0,0.0,0.0,6,289.6,295.4,1,305.6,292.8,292.8,292.8,3.0,87840.0,114
2023-05-11 10:21:50,HO2403-C-2450,HO2403-C-2450,292.8,0.0,0.0,0.0,2,289.8,295.4,1,305.6,292.8,292.8,292.8,3.0,87840.0,114
2023-05-11 10:21:51,HO2403-C-2450,HO2403-C-2450,292.8,0.0,0.0,0.0,6,289.6,295.4,1,305.6,292.8,292.8,292.8,3.0,87840.0,114
2023-05-11 10:21:52,HO2403-C-2450,HO2403-C-2450,292.8,0.0,0.0,0.0,2,289.8,295.4,1,305.6,292.8,292.8,292.8,3.0,87840.0,114
2023-05-11 10:21:57,HO2403-C-2450,HO2403-C-2450,292.8,0.0,0.0,0.0,6,290.0,295.4,1,305.6,292.8,292.8,292.8,3.0,87840.0,114
2023-05-11 10:21:58,HO2403-C-2450,HO2403-C-2450,292.8,0.0,0.0,0.0,2,290.4,295.4,1,305.6,292.8,292.8,292.8,3.0,87840.0,114
2023-05-11 10:21:59,HO2403-C-2450,HO2403-C-2450,292.8,0.0,0.0,0.0,2,290.4,295.2,1,305.6,292.8,292.8,292.8,3.0,87840.0,114
2023-05-11 10:22:04,HO2403-C-2450,HO2403-C-2450,292.8,0.0,0.0,0.0,2,290.4,296.0,1,305.6,292.8,292.8,292.8,3.0,87840.0,114
2023-05-11 10:22:12,HO2403-C-2450,HO2403-C-2450,292.8,0.0,0.0,0.0,6,290.0,296.0,1,305.6,292.8,292.8,292.8,3.0,87840.0,114
2023-05-11 10:22:13,HO2403-C-2450,HO2403-C-2450,292.8,0.0,0.0,0.0,2,290.4,296.0,1,305.6,292.8,292.8,292.8,3.0,87840.0,114
2023-05-11 10:22:14,HO2403-C-2450,HO2403-C-2450,292.8,0.0,0.0,0.0,6,290.0,295.8,1,305.6,292.8,292.8,292.8,3.0,87840.0,114
2023-05-11 10:22:14,HO2403-C-2450,HO2403-C-2450,292.8,0.0,0.0,0.0,2,290.4,295.8,1,305.6,292.8,292.8,292.8,3.0,87840.0,114
2023-05-11 10:22:19,HO2403-C-2450,HO2403-C-2450,292.8,0.0,0.0,0.0,6,290.0,295.8,1,305.6,292.8,292.8,292.8,3.0,87840.0,114
2023-05-11 10:22:20,HO2403-C-2450,HO2403-C-2450,292.8,0.0,0.0,0.0,8,290.0,295.8,1,305.6,292.8,292.8,292.8,3.0,87840.0,114
2023-05-11 10:22:24,HO2403-C-2450,HO2403-C-2450,292.8,0.0,0.0,0.0,8,290.0,295.6,1,305.6,292.8,292.8,292.8,3.0,87840.0,114
2023-05-11 10:22:34,HO2403-C-2450,HO2403-C-2450,292.8,0.0,0.0,0.0,8,290.0,295.4,1,305.6,292.8,292.8,292.8,3.0,87840.0,114
2023-05-11 10:22:44,HO2403-C-2450,HO2403-C-2450,292.8,0.0,0.0,0.0,8,290.0,295.2,1,305.6,292.8,292.8,292.8,3.0,87840.0,114
2023-05-11 10:22:56,HO2403-C-2450,HO2403-C-2450,292.8,0.0,0.0,0.0,8,290.0,296.0,1,305.6,292.8,292.8,292.8,3.0,87840.0,114
2023-05-11 10:22:58,HO2403-C-2450,HO2403-C-2450,292.8,0.0,0.0,0.0,12,289.6,296.0,7,305.6,292.8,292.8,292.8,3.0,87840.0,114
2023-05-11 10:22:59,HO2403-C-2450,HO2403-C-2450,292.8,0.0,0.0,0.0,2,289.8,296.0,7,305.6,292.8,292.8,292.8,3.0,87840.0,114
2023-05-11 10:22:59,HO2403-C-2450,HO2403-C-2450,292.8,0.0,0.0,0.0,6,289.6,296.0,7,305.6,292.8,292.8,292.8,3.0,87840.0,114
2023-05-11 10:23:00,HO2403-C-2450,HO2403-C-2450,292.8,0.0,0.0,0.0,8,289.6,296.0,7,305.6,292.8,292.8,292.8,3.0,87840.0,114
2023-05-11 10:23:06,HO2403-C-2450,HO2403-C-2450,292.8,0.0,0.0,0.0,8,289.6,295.8,1,305.6,292.8,292.8,292.8,3.0,87840.0,114
2023-05-11 10:23:18,HO2403-C-2450,HO2403-C-2450,292.8,0.0,0.0,0.0,8,289.6,295.6,1,305.6,292.8,292.8,292.8,3.0,87840.0,114
2023-05-11 10:23:44,HO2403-C-2450,HO2403-C-2450,292.8,0.0,0.0,0.0,8,289.6,295.4,1,305.6,292.8,292.8,292.8,3.0,87840.0,114
2023-05-11 10:23:58,HO2403-C-2450,HO2403-C-2450,292.8,0.0,0.0,0.0,6,289.6,295.2,1,305.6,292.8,292.8,292.8,3.0,87840.0,114
2023-05-11 10:23:59,HO2403-C-2450,HO2403-C-2450,292.8,0.0,0.0,0.0,2,289.8,295.2,1,305.6,292.8,292.8,292.8,3.0,87840.0,114
2023-05-11 10:24:01,HO2403-C-2450,HO2403-C-2450,292.8,0.0,0.0,0.0,2,289.8,295.8,1,305.6,292.8,292.8,292.8,3.0,87840.0,114
2023-05-11 10:24:07,HO2403-C-2450,HO2403-C-2450,292.8,0.0,0.0,0.0,6,289.6,295.8,1,305.6,292.8,292.8,292.8,3.0,87840.0,114
2023-05-11 10:24:07,HO2403-C-2450,HO2403-C-2450,292.8,0.0,0.0,0.0,8,289.6,295.8,1,305.6,292.8,292.8,292.8,3.0,87840.0,114
2023-05-11 10:24:08,HO2403-C-2450,HO2403-C-2450,292.8,0.0,0.0,0.0,6,289.6,295.8,1,305.6,292.8,292.8,292.8,3.0,87840.0,114
2023-05-11 10:24:11,HO2403-C-2450,HO2403-C-2450,292.8,0.0,0.0,0.0,6,289.6,295.6,1,305.6,292.8,292.8,292.8,3.0,87840.0,114
2023-05-11 10:24:12,HO2403-C-2450,HO2403-C-2450,292.8,0.0,0.0,0.0,2,289.8,295.6,1,305.6,292.8,292.8,292.8,3.0,87840.0,114
2023-05-11 10:24:12,HO2403-C-2450,HO2403-C-2450,292.8,0.0,0.0,0.0,6,289.6,295.6,1,305.6,292.8,292.8,292.8,3.0,87840.0,114
2023-05-11 10:24:13,HO2403-C-2450,HO2403-C-2450,292.8,0.0,0.0,0.0,8,289.6,295.6,1,305.6,292.8,292.8,292.8,3.0,87840.0,114
2023-05-11 10:24:39,HO2403-C-2450,HO2403-C-2450,292.8,0.0,0.0,0.0,8,289.6,295.4,1,305.6,292.8,292.8,292.8,3.0,87840.0,114
2023-05-11 10:24:44,HO2403-C-2450,HO2403-C-2450,292.8,0.0,0.0,0.0,6,289.6,295.4,1,305.6,292.8,292.8,292.8,3.0,87840.0,114
2023-05-11 10:24:47,HO2403-C-2450,HO2403-C-2450,292.8,0.0,0.0,0.0,6,289.6,296.0,7,305.6,292.8,292.8,292.8,3.0,87840.0,114
2023-05-11 10:24:51,HO2403-C-2450,HO2403-C-2450,292.8,0.0,0.0,0.0,2,289.8,296.0,7,305.6,292.8,292.8,292.8,3.0,87840.0,114
2023-05-11 10:24:54,HO2403-C-2450,HO2403-C-2450,292.8,0.0,0.0,0.0,6,289.6,296.0,7,305.6,292.8,292.8,292.8,3.0,87840.0,114
2023-05-11 10:24:54,HO2403-C-2450,HO2403-C-2450,292.8,0.0,0.0,0.0,2,289.8,296.0,7,305.6,292.8,292.8,292.8,3.0,87840.0,114
2023-05-11 10:24:55,HO2403-C-2450,HO2403-C-2450,292.8,0.0,0.0,0.0,6,289.6,296.0,7,305.6,292.8,292.8,292.8,3.0,87840.0,114
2023-05-11 10:24:55,HO2403-C-2450,HO2403-C-2450,292.8,0.0,0.0,0.0,8,289.6,296.0,7,305.6,292.8,292.8,292.8,3.0,87840.0,114
2023-05-11 10:24:57,HO2403-C-2450,HO2403-C-2450,292.8,0.0,0.0,0.0,8,289.6,295.8,1,305.6,292.8,292.8,292.8,3.0,87840.0,114
2023-05-11 10:25:05,HO2403-C-2450,HO2403-C-2450,292.8,0.0,0.0,0.0,6,289.6,295.8,1,305.6,292.8,292.8,292.8,3.0,87840.0,114
2023-05-11 10:25:12,HO2403-C-2450,HO2403-C-2450,292.8,0.0,0.0,0.0,2,290.0,296.0,6,305.6,292.8,292.8,292.8,3.0,87840.0,114
2023-05-11 10:25:13,HO2403-C-2450,HO2403-C-2450,292.8,0.0,0.0,0.0,8,290.0,296.4,13,305.6,292.8,292.8,292.8,3.0,87840.0,114
2023-05-11 10:25:14,HO2403-C-2450,HO2403-C-2450,292.8,0.0,0.0,0.0,8,290.0,296.4,1,305.6,292.8,292.8,292.8,3.0,87840.0,114
2023-05-11 10:25:22,HO2403-C-2450,HO2403-C-2450,292.8,0.0,0.0,0.0,8,290.0,296.2,1,305.6,292.8,292.8,292.8,3.0,87840.0,114
2023-05-11 10:25:29,HO2403-C-2450,HO2403-C-2450,292.8,0.0,0.0,0.0,12,289.6,296.0,6,305.6,292.8,292.8,292.8,3.0,87840.0,114
2023-05-11 10:25:30,HO2403-C-2450,HO2403-C-2450,292.8,0.0,0.0,0.0,2,290.0,296.0,6,305.6,292.8,292.8,292.8,3.0,87840.0,114
2023-05-11 10:25:32,HO2403-C-2450,HO2403-C-2450,292.8,0.0,0.0,0.0,6,289.6,296.0,6,305.6,292.8,292.8,292.8,3.0,87840.0,114
2023-05-11 10:25:32,HO2403-C-2450,HO2403-C-2450,292.8,0.0,0.0,0.0,8,289.6,296.0,7,305.6,292.8,292.8,292.8,3.0,87840.0,114
2023-05-11 10:25:33,HO2403-C-2450,HO2403-C-2450,292.8,0.0,0.0,0.0,6,289.6,296.0,7,305.6,292.8,292.8,292.8,3.0,87840.0,114
2023-05-11 10:25:37,HO2403-C-2450,HO2403-C-2450,292.8,0.0,0.0,0.0,2,289.8,296.0,7,305.6,292.8,292.8,292.8,3.0,87840.0,114
2023-05-11 10:25:44,HO2403-C-2450,HO2403-C-2450,292.8,0.0,0.0,0.0,2,289.8,295.8,1,305.6,292.8,292.8,292.8,3.0,87840.0,114
2023-05-11 10:25:52,HO2403-C-2450,HO2403-C-2450,292.8,0.0,0.0,0.0,6,289.6,295.8,1,305.6,292.8,292.8,292.8,3.0,87840.0,114
2023-05-11 10:25:52,HO2403-C-2450,HO2403-C-2450,292.8,0.0,0.0,0.0,8,289.6,295.8,1,305.6,292.8,292.8,292.8,3.0,87840.0,114
2023-05-11 10:25:54,HO2403-C-2450,HO2403-C-2450,292.8,0.0,0.0,0.0,8,289.6,295.6,1,305.6,292.8,292.8,292.8,3.0,87840.0,114
2023-05-11 10:25:59,HO2403-C-2450,HO2403-C-2450,292.8,0.0,0.0,0.0,6,289.6,295.6,1,305.6,292.8,292.8,292.8,3.0,87840.0,114
2023-05-11 10:26:07,HO2403-C-2450,HO2403-C-2450,292.8,0.0,0.0,0.0,2,290.0,295.6,1,305.6,292.8,292.8,292.8,3.0,87840.0,114
2023-05-11 10:26:08,HO2403-C-2450,HO2403-C-2450,292.8,0.0,0.0,0.0,6,289.6,295.6,1,305.6,292.8,292.8,292.8,3.0,87840.0,114
2023-05-11 10:26:10,HO2403-C-2450,HO2403-C-2450,292.8,0.0,0.0,0.0,2,290.0,295.6,1,305.6,292.8,292.8,292.8,3.0,87840.0,114
2023-05-11 10:26:15,HO2403-C-2450,HO2403-C-2450,292.8,0.0,0.0,0.0,6,289.6,295.4,1,305.6,292.8,292.8,292.8,3.0,87840.0,114
2023-05-11 10:26:15,HO2403-C-2450,HO2403-C-2450,292.8,0.0,0.0,0.0,8,289.6,295.4,1,305.6,292.8,292.8,292.8,3.0,87840.0,114
2023-05-11 10:26:31,HO2403-C-2450,HO2403-C-2450,292.8,0.0,0.0,0.0,8,289.6,296.0,7,305.6,292.8,292.8,292.8,3.0,87840.0,114
2023-05-11 10:26:51,HO2403-C-2450,HO2403-C-2450,292.8,0.0,0.0,0.0,8,289.6,295.8,1,305.6,292.8,292.8,292.8,3.0,87840.0,114
2023-05-11 10:27:01,HO2403-C-2450,HO2403-C-2450,292.8,0.0,0.0,0.0,8,289.6,295.6,1,305.6,292.8,292.8,292.8,3.0,87840.0,114
2023-05-11 10:27:05,HO2403-C-2450,HO2403-C-2450,292.8,0.0,0.0,0.0,8,289.6,296.0,6,305.6,292.8,292.8,292.8,3.0,87840.0,114
2023-05-11 10:27:20,HO2403-C-2450,HO2403-C-2450,292.8,0.0,0.0,0.0,8,289.6,296.0,7,305.6,292.8,292.8,292.8,3.0,87840.0,114
2023-05-11 10:27:33,HO2403-C-2450,HO2403-C-2450,292.8,0.0,0.0,0.0,8,289.6,295.8,1,305.6,292.8,292.8,292.8,3.0,87840.0,114
2023-05-11 10:27:57,HO2403-C-2450,HO2403-C-2450,292.8,0.0,0.0,0.0,8,289.6,295.6,1,305.6,292.8,292.8,292.8,3.0,87840.0,114
2023-05-11 10:27:59,HO2403-C-2450,HO2403-C-2450,292.8,0.0,0.0,0.0,8,289.6,296.0,6,305.6,292.8,292.8,292.8,3.0,87840.0,114
2023-05-11 10:28:19,HO2403-C-2450,HO2403-C-2450,292.8,0.0,0.0,0.0,8,289.6,296.0,7,305.6,292.8,292.8,292.8,3.0,87840.0,114
2023-05-11 10:28:19,HO2403-C-2450,HO2403-C-2450,292.8,0.0,0.0,0.0,6,289.6,296.0,7,305.6,292.8,292.8,292.8,3.0,87840.0,114
2023-05-11 10:28:20,HO2403-C-2450,HO2403-C-2450,292.8,0.0,0.0,0.0,8,289.6,296.0,7,305.6,292.8,292.8,292.8,3.0,87840.0,114
2023-05-11 10:28:29,HO2403-C-2450,HO2403-C-2450,292.8,0.0,0.0,0.0,8,289.6,295.8,1,305.6,292.8,292.8,292.8,3.0,87840.0,114
2023-05-11 10:28:39,HO2403-C-2450,HO2403-C-2450,292.8,0.0,0.0,0.0,8,289.6,295.6,1,305.6,292.8,292.8,292.8,3.0,87840.0,114
2023-05-11 10:28:49,HO2403-C-2450,HO2403-C-2450,292.8,0.0,0.0,0.0,8,289.6,295.4,1,305.6,292.8,292.8,292.8,3.0,87840.0,114
2023-05-11 10:28:59,HO2403-C-2450,HO2403-C-2450,292.8,0.0,0.0,0.0,8,289.6,295.2,1,305.6,292.8,292.8,292.8,3.0,87840.0,114
2023-05-11 10:29:41,HO2403-C-2450,HO2403-C-2450,292.8,0.0,0.0,0.0,8,289.6,295.0,1,305.6,292.8,292.8,292.8,3.0,87840.0,114
2023-05-11 10:29:54,HO2403-C-2450,HO2403-C-2450,292.8,0.0,0.0,0.0,8,289.6,294.8,1,305.6,292.8,292.8,292.8,3.0,87840.0,114
2023-05-11 10:30:02,HO2403-C-2450,HO2403-C-2450,292.8,0.0,0.0,0.0,6,289.6,294.8,1,305.6,292.8,292.8,292.8,3.0,87840.0,114
2023-05-11 10:30:04,HO2403-C-2450,HO2403-C-2450,292.8,0.0,0.0,0.0,6,289.6,294.6,1,305.6,292.8,292.8,292.8,3.0,87840.0,114
2023-05-11 10:30:05,HO2403-C-2450,HO2403-C-2450,292.8,0.0,0.0,0.0,12,289.4,294.6,1,305.6,292.8,292.8,292.8,3.0,87840.0,114
2023-05-11 10:30:05,HO2403-C-2450,HO2403-C-2450,292.8,0.0,0.0,0.0,30,289.0,294.6,1,305.6,292.8,292.8,292.8,3.0,87840.0,114
2023-05-11 10:30:06,HO2403-C-2450,HO2403-C-2450,292.8,0.0,0.0,0.0,12,289.0,294.6,1,305.6,292.8,292.8,292.8,3.0,87840.0,114
2023-05-11 10:30:06,HO2403-C-2450,HO2403-C-2450,292.8,0.0,0.0,0.0,8,289.0,294.6,1,305.6,292.8,292.8,292.8,3.0,87840.0,114
2023-05-11 10:30:07,HO2403-C-2450,HO2403-C-2450,292.8,0.0,0.0,0.0,6,289.0,294.6,1,305.6,292.8,292.8,292.8,3.0,87840.0,114
2023-05-11 10:30:11,HO2403-C-2450,HO2403-C-2450,292.8,0.0,0.0,0.0,8,289.0,294.6,1,305.6,292.8,292.8,292.8,3.0,87840.0,114
2023-05-11 10:30:14,HO2403-C-2450,HO2403-C-2450,292.8,0.0,0.0,0.0,8,289.0,294.4,1,305.6,292.8,292.8,292.8,3.0,87840.0,114
2023-05-11 10:30:26,HO2403-C-2450,HO2403-C-2450,292.8,0.0,0.0,0.0,8,289.0,295.0,1,305.6,292.8,292.8,292.8,3.0,87840.0,114
2023-05-11 10:30:36,HO2403-C-2450,HO2403-C-2450,292.8,0.0,0.0,0.0,8,289.0,294.8,1,305.6,292.8,292.8,292.8,3.0,87840.0,114
2023-05-11 10:30:40,HO2403-C-2450,HO2403-C-2450,292.8,0.0,0.0,0.0,14,289.0,294.8,1,305.6,292.8,292.8,292.8,3.0,87840.0,114
2023-05-11 10:30:40,HO2403-C-2450,HO2403-C-2450,292.8,0.0,0.0,0.0,14,289.0,295.6,1,305.6,292.8,292.8,292.8,3.0,87840.0,114
2023-05-11 10:30:41,HO2403-C-2450,HO2403-C-2450,292.8,0.0,0.0,0.0,20,289.0,295.6,1,305.6,292.8,292.8,292.8,3.0,87840.0,114
2023-05-11 10:30:41,HO2403-C-2450,HO2403-C-2450,292.8,0.0,0.0,0.0,6,289.2,295.6,1,305.6,292.8,292.8,292.8,3.0,87840.0,114
2023-05-11 10:30:43,HO2403-C-2450,HO2403-C-2450,292.8,0.0,0.0,0.0,2,289.6,295.6,1,305.6,292.8,292.8,292.8,3.0,87840.0,114
2023-05-11 10:30:52,HO2403-C-2450,HO2403-C-2450,292.8,0.0,0.0,0.0,2,289.6,295.4,1,305.6,292.8,292.8,292.8,3.0,87840.0,114
2023-05-11 10:31:02,HO2403-C-2450,HO2403-C-2450,292.8,0.0,0.0,0.0,2,289.6,295.2,1,305.6,292.8,292.8,292.8,3.0,87840.0,114
2023-05-11 10:31:03,HO2403-C-2450,HO2403-C-2450,292.8,0.0,0.0,0.0,6,289.2,295.2,1,305.6,292.8,292.8,292.8,3.0,87840.0,114
2023-05-11 10:31:03,HO2403-C-2450,HO2403-C-2450,292.8,0.0,0.0,0.0,2,289.4,295.2,1,305.6,292.8,292.8,292.8,3.0,87840.0,114
2023-05-11 10:31:10,HO2403-C-2450,HO2403-C-2450,292.8,0.0,0.0,0.0,6,289.2,295.2,1,305.6,292.8,292.8,292.8,3.0,87840.0,114
2023-05-11 10:31:10,HO2403-C-2450,HO2403-C-2450,292.8,0.0,0.0,0.0,8,289.2,295.2,1,305.6,292.8,292.8,292.8,3.0,87840.0,114
2023-05-11 10:31:12,HO2403-C-2450,HO2403-C-2450,292.8,0.0,0.0,0.0,6,289.2,295.0,1,305.6,292.8,292.8,292.8,3.0,87840.0,114
2023-05-11 10:31:12,HO2403-C-2450,HO2403-C-2450,292.8,0.0,0.0,0.0,8,289.2,295.0,1,305.6,292.8,292.8,292.8,3.0,87840.0,114
2023-05-11 10:31:30,HO2403-C-2450,HO2403-C-2450,292.8,0.0,0.0,0.0,8,289.2,295.8,6,305.6,292.8,292.8,292.8,3.0,87840.0,114
2023-05-11 10:31:30,HO2403-C-2450,HO2403-C-2450,292.8,0.0,0.0,0.0,8,289.2,296.0,18,305.6,292.8,292.8,292.8,3.0,87840.0,114
2023-05-11 10:31:31,HO2403-C-2450,HO2403-C-2450,292.8,0.0,0.0,0.0,8,289.2,296.0,12,305.6,292.8,292.8,292.8,3.0,87840.0,114
2023-05-11 10:31:31,HO2403-C-2450,HO2403-C-2450,292.8,0.0,0.0,0.0,8,289.2,296.2,7,305.6,292.8,292.8,292.8,3.0,87840.0,114
2023-05-11 10:31:32,HO2403-C-2450,HO2403-C-2450,292.8,0.0,0.0,0.0,8,289.2,296.2,1,305.6,292.8,292.8,292.8,3.0,87840.0,114
2023-05-11 10:31:40,HO2403-C-2450,HO2403-C-2450,292.8,0.0,0.0,0.0,8,289.2,296.0,1,305.6,292.8,292.8,292.8,3.0,87840.0,114
2023-05-11 10:31:47,HO2403-C-2450,HO2403-C-2450,292.8,0.0,0.0,0.0,2,289.2,295.8,6,305.6,292.8,292.8,292.8,3.0,87840.0,114
2023-05-11 10:31:48,HO2403-C-2450,HO2403-C-2450,292.8,0.0,0.0,0.0,2,289.2,295.8,7,305.6,292.8,292.8,292.8,3.0,87840.0,114
2023-05-11 10:32:00,HO2403-C-2450,HO2403-C-2450,292.8,0.0,0.0,0.0,2,289.2,295.6,1,305.6,292.8,292.8,292.8,3.0,87840.0,114
2023-05-11 10:32:09,HO2403-C-2450,HO2403-C-2450,292.8,0.0,0.0,0.0,6,289.4,295.6,1,305.6,292.8,292.8,292.8,3.0,87840.0,114
2023-05-11 10:32:10,HO2403-C-2450,HO2403-C-2450,292.8,0.0,0.0,0.0,2,289.8,295.6,1,305.6,292.8,292.8,292.8,3.0,87840.0,114
2023-05-11 10:32:11,HO2403-C-2450,HO2403-C-2450,292.8,0.0,0.0,0.0,2,289.8,296.2,1,305.6,292.8,292.8,292.8,3.0,87840.0,114
2023-05-11 10:32:21,HO2403-C-2450,HO2403-C-2450,292.8,0.0,0.0,0.0,2,289.8,296.0,1,305.6,292.8,292.8,292.8,3.0,87840.0,114
2023-05-11 10:32:31,HO2403-C-2450,HO2403-C-2450,292.8,0.0,0.0,0.0,2,289.8,295.8,1,305.6,292.8,292.8,292.8,3.0,87840.0,114
2023-05-11 10:32:48,HO2403-C-2450,HO2403-C-2450,292.8,0.0,0.0,0.0,6,289.4,295.6,1,305.6,292.8,292.8,292.8,3.0,87840.0,114
2023-05-11 10:32:51,HO2403-C-2450,HO2403-C-2450,292.8,0.0,0.0,0.0,2,289.6,295.6,1,305.6,292.8,292.8,292.8,3.0,87840.0,114
2023-05-11 10:32:53,HO2403-C-2450,HO2403-C-2450,292.8,0.0,0.0,0.0,6,289.4,295.6,1,305.6,292.8,292.8,292.8,3.0,87840.0,114
2023-05-11 10:32:53,HO2403-C-2450,HO2403-C-2450,292.8,0.0,0.0,0.0,2,289.6,295.6,1,305.6,292.8,292.8,292.8,3.0,87840.0,114
2023-05-11 10:32:58,HO2403-C-2450,HO2403-C-2450,292.8,0.0,0.0,0.0,2,289.6,296.2,1,305.6,292.8,292.8,292.8,3.0,87840.0,114
2023-05-11 10:33:08,HO2403-C-2450,HO2403-C-2450,292.8,0.0,0.0,0.0,2,289.6,296.0,1,305.6,292.8,292.8,292.8,3.0,87840.0,114
2023-05-11 10:33:14,HO2403-C-2450,HO2403-C-2450,292.8,0.0,0.0,0.0,2,289.6,296.6,24,305.6,292.8,292.8,292.8,3.0,87840.0,114
2023-05-11 10:33:15,HO2403-C-2450,HO2403-C-2450,292.8,0.0,0.0,0.0,6,289.8,296.6,18,305.6,292.8,292.8,292.8,3.0,87840.0,114
2023-05-11 10:33:16,HO2403-C-2450,HO2403-C-2450,292.8,0.0,0.0,0.0,2,290.2,296.6,18,305.6,292.8,292.8,292.8,3.0,87840.0,114
2023-05-11 10:33:17,HO2403-C-2450,HO2403-C-2450,292.8,0.0,0.0,0.0,6,290.4,296.6,18,305.6,292.8,292.8,292.8,3.0,87840.0,114
2023-05-11 10:33:18,HO2403-C-2450,HO2403-C-2450,292.8,0.0,0.0,0.0,6,289.2,296.6,18,305.6,292.8,292.8,292.8,3.0,87840.0,114
2023-05-11 10:33:18,HO2403-C-2450,HO2403-C-2450,292.8,0.0,0.0,0.0,2,289.6,296.6,18,305.6,292.8,292.8,292.8,3.0,87840.0,114
2023-05-11 10:33:19,HO2403-C-2450,HO2403-C-2450,292.8,0.0,0.0,0.0,6,289.8,296.6,18,305.6,292.8,292.8,292.8,3.0,87840.0,114
2023-05-11 10:33:20,HO2403-C-2450,HO2403-C-2450,292.8,0.0,0.0,0.0,2,290.2,296.6,18,305.6,292.8,292.8,292.8,3.0,87840.0,114
2023-05-11 10:33:20,HO2403-C-2450,HO2403-C-2450,292.8,0.0,0.0,0.0,6,290.4,296.6,18,305.6,292.8,292.8,292.8,3.0,87840.0,114
2023-05-11 10:33:21,HO2403-C-2450,HO2403-C-2450,292.8,0.0,0.0,0.0,2,290.8,296.6,18,305.6,292.8,292.8,292.8,3.0,87840.0,114
2023-05-11 10:33:35,HO2403-C-2450,HO2403-C-2450,292.8,0.0,0.0,0.0,6,290.2,296.6,18,305.6,292.8,292.8,292.8,3.0,87840.0,114
2023-05-11 10:33:36,HO2403-C-2450,HO2403-C-2450,292.8,0.0,0.0,0.0,6,289.2,296.6,18,305.6,292.8,292.8,292.8,3.0,87840.0,114
2023-05-11 10:33:36,HO2403-C-2450,HO2403-C-2450,292.8,0.0,0.0,0.0,2,289.6,296.6,18,305.6,292.8,292.8,292.8,3.0,87840.0,114
2023-05-11 10:33:52,HO2403-C-2450,HO2403-C-2450,292.8,0.0,0.0,0.0,2,289.6,296.4,1,305.6,292.8,292.8,292.8,3.0,87840.0,114
2023-05-11 10:34:03,HO2403-C-2450,HO2403-C-2450,292.8,0.0,0.0,0.0,2,289.6,296.2,1,305.6,292.8,292.8,292.8,3.0,87840.0,114
2023-05-11 10:34:03,HO2403-C-2450,HO2403-C-2450,292.8,0.0,0.0,0.0,6,289.2,296.2,1,305.6,292.8,292.8,292.8,3.0,87840.0,114
2023-05-11 10:34:04,HO2403-C-2450,HO2403-C-2450,292.8,0.0,0.0,0.0,8,289.2,296.2,1,305.6,292.8,292.8,292.8,3.0,87840.0,114
2023-05-11 10:34:20,HO2403-C-2450,HO2403-C-2450,292.8,0.0,0.0,0.0,8,289.2,296.0,1,305.6,292.8,292.8,292.8,3.0,87840.0,114
2023-05-11 10:34:39,HO2403-C-2450,HO2403-C-2450,292.8,0.0,0.0,0.0,8,289.2,296.6,12,305.6,292.8,292.8,292.8,3.0,87840.0,114
2023-05-11 10:34:40,HO2403-C-2450,HO2403-C-2450,292.8,0.0,0.0,0.0,8,289.2,296.6,6,305.6,292.8,292.8,292.8,3.0,87840.0,114
2023-05-11 10:34:49,HO2403-C-2450,HO2403-C-2450,292.8,0.0,0.0,0.0,8,289.2,296.6,7,305.6,292.8,292.8,292.8,3.0,87840.0,114
2023-05-11 10:34:59,HO2403-C-2450,HO2403-C-2450,292.8,0.0,0.0,0.0,8,289.2,296.4,1,305.6,292.8,292.8,292.8,3.0,87840.0,114
2023-05-11 10:35:09,HO2403-C-2450,HO2403-C-2450,292.8,0.0,0.0,0.0,8,289.2,296.2,1,305.6,292.8,292.8,292.8,3.0,87840.0,114
2023-05-11 10:35:32,HO2403-C-2450,HO2403-C-2450,292.8,0.0,0.0,0.0,8,289.2,296.0,1,305.6,292.8,292.8,292.8,3.0,87840.0,114
2023-05-11 10:35:57,HO2403-C-2450,HO2403-C-2450,292.8,0.0,0.0,0.0,8,289.2,296.6,7,305.6,292.8,292.8,292.8,3.0,87840.0,114
2023-05-11 10:36:07,HO2403-C-2450,HO2403-C-2450,292.8,0.0,0.0,0.0,8,289.2,296.4,1,305.6,292.8,292.8,292.8,3.0,87840.0,114
2023-05-11 10:36:34,HO2403-C-2450,HO2403-C-2450,292.8,0.0,0.0,0.0,8,289.2,296.2,1,305.6,292.8,292.8,292.8,3.0,87840.0,114
2023-05-11 10:36:50,HO2403-C-2450,HO2403-C-2450,292.8,0.0,0.0,0.0,8,289.2,296.6,6,305.6,292.8,292.8,292.8,3.0,87840.0,114
2023-05-11 10:37:05,HO2403-C-2450,HO2403-C-2450,292.8,0.0,0.0,0.0,8,289.2,296.6,7,305.6,292.8,292.8,292.8,3.0,87840.0,114
2023-05-11 10:37:21,HO2403-C-2450,HO2403-C-2450,292.8,0.0,0.0,0.0,8,289.2,296.4,1,305.6,292.8,292.8,292.8,3.0,87840.0,114
2023-05-11 10:37:53,HO2403-C-2450,HO2403-C-2450,292.8,0.0,0.0,0.0,8,289.2,296.6,6,305.6,292.8,292.8,292.8,3.0,87840.0,114
2023-05-11 10:38:13,HO2403-C-2450,HO2403-C-2450,292.8,0.0,0.0,0.0,8,289.2,296.6,7,305.6,292.8,292.8,292.8,3.0,87840.0,114
2023-05-11 10:38:26,HO2403-C-2450,HO2403-C-2450,292.8,0.0,0.0,0.0,8,289.2,296.4,1,305.6,292.8,292.8,292.8,3.0,87840.0,114
2023-05-11 10:38:38,HO2403-C-2450,HO2403-C-2450,292.8,0.0,0.0,0.0,8,289.2,296.2,1,305.6,292.8,292.8,292.8,3.0,87840.0,114
2023-05-11 10:38:46,HO2403-C-2450,HO2403-C-2450,292.8,0.0,0.0,0.0,8,289.2,296.6,6,305.6,292.8,292.8,292.8,3.0,87840.0,114
2023-05-11 10:38:51,HO2403-C-2450,HO2403-C-2450,292.8,0.0,0.0,0.0,8,289.2,296.6,7,305.6,292.8,292.8,292.8,3.0,87840.0,114
2023-05-11 10:39:01,HO2403-C-2450,HO2403-C-2450,292.8,0.0,0.0,0.0,8,289.2,296.4,1,305.6,292.8,292.8,292.8,3.0,87840.0,114
2023-05-11 10:39:24,HO2403-C-2450,HO2403-C-2450,292.8,0.0,0.0,0.0,8,289.2,296.2,1,305.6,292.8,292.8,292.8,3.0,87840.0,114
2023-05-11 10:39:27,HO2403-C-2450,HO2403-C-2450,292.8,0.0,0.0,0.0,8,289.2,296.6,6,305.6,292.8,292.8,292.8,3.0,87840.0,114
2023-05-11 10:39:39,HO2403-C-2450,HO2403-C-2450,292.8,0.0,0.0,0.0,8,289.2,296.6,7,305.6,292.8,292.8,292.8,3.0,87840.0,114
2023-05-11 10:40:10,HO2403-C-2450,HO2403-C-2450,292.8,0.0,0.0,0.0,8,289.2,296.4,1,305.6,292.8,292.8,292.8,3.0,87840.0,114
2023-05-11 10:41:06,HO2403-C-2450,HO2403-C-2450,292.8,0.0,0.0,0.0,8,289.2,296.2,1,305.6,292.8,292.8,292.8,3.0,87840.0,114
2023-05-11 10:41:13,HO2403-C-2450,HO2403-C-2450,292.8,0.0,0.0,0.0,6,289.2,296.2,1,305.6,292.8,292.8,292.8,3.0,87840.0,114
2023-05-11 10:41:18,HO2403-C-2450,HO2403-C-2450,292.8,0.0,0.0,0.0,6,289.2,296.0,1,305.6,292.8,292.8,292.8,3.0,87840.0,114
2023-05-11 10:41:19,HO2403-C-2450,HO2403-C-2450,292.8,0.0,0.0,0.0,8,289.2,296.0,1,305.6,292.8,292.8,292.8,3.0,87840.0,114
2023-05-11 10:41:27,HO2403-C-2450,HO2403-C-2450,292.8,0.0,0.0,0.0,8,289.2,296.6,7,305.6,292.8,292.8,292.8,3.0,87840.0,114
2023-05-11 10:41:37,HO2403-C-2450,HO2403-C-2450,292.8,0.0,0.0,0.0,8,289.2,296.4,1,305.6,292.8,292.8,292.8,3.0,87840.0,114
2023-05-11 10:41:47,HO2403-C-2450,HO2403-C-2450,292.8,0.0,0.0,0.0,8,289.2,296.2,1,305.6,292.8,292.8,292.8,3.0,87840.0,114
2023-05-11 10:41:57,HO2403-C-2450,HO2403-C-2450,292.8,0.0,0.0,0.0,8,289.2,296.0,1,305.6,292.8,292.8,292.8,3.0,87840.0,114
2023-05-11 10:42:07,HO2403-C-2450,HO2403-C-2450,292.8,0.0,0.0,0.0,8,289.2,295.8,1,305.6,292.8,292.8,292.8,3.0,87840.0,114
2023-05-11 10:42:21,HO2403-C-2450,HO2403-C-2450,292.8,0.0,0.0,0.0,8,289.2,295.6,1,305.6,292.8,292.8,292.8,3.0,87840.0,114
2023-05-11 10:43:00,HO2403-C-2450,HO2403-C-2450,292.8,0.0,0.0,0.0,8,289.2,295.4,1,305.6,292.8,292.8,292.8,3.0,87840.0,114
2023-05-11 10:43:30,HO2403-C-2450,HO2403-C-2450,292.8,0.0,0.0,0.0,8,289.2,295.2,1,305.6,292.8,292.8,292.8,3.0,87840.0,114
2023-05-11 10:43:44,HO2403-C-2450,HO2403-C-2450,292.8,0.0,0.0,0.0,8,289.2,295.8,1,305.6,292.8,292.8,292.8,3.0,87840.0,114
2023-05-11 10:43:54,HO2403-C-2450,HO2403-C-2450,292.8,0.0,0.0,0.0,8,289.2,295.6,1,305.6,292.8,292.8,292.8,3.0,87840.0,114
2023-05-11 10:44:08,HO2403-C-2450,HO2403-C-2450,292.8,0.0,0.0,0.0,8,289.2,295.4,1,305.6,292.8,292.8,292.8,3.0,87840.0,114
2023-05-11 10:44:23,HO2403-C-2450,HO2403-C-2450,292.8,0.0,0.0,0.0,8,289.2,295.2,1,305.6,292.8,292.8,292.8,3.0,87840.0,114
2023-05-11 10:44:57,HO2403-C-2450,HO2403-C-2450,292.8,0.0,0.0,0.0,8,289.2,295.8,1,305.6,292.8,292.8,292.8,3.0,87840.0,114
2023-05-11 10:45:07,HO2403-C-2450,HO2403-C-2450,292.8,0.0,0.0,0.0,8,289.2,295.6,1,305.6,292.8,292.8,292.8,3.0,87840.0,114
2023-05-11 10:45:17,HO2403-C-2450,HO2403-C-2450,292.8,0.0,0.0,0.0,8,289.2,295.4,1,305.6,292.8,292.8,292.8,3.0,87840.0,114
2023-05-11 10:45:22,HO2403-C-2450,HO2403-C-2450,292.8,0.0,0.0,0.0,6,289.2,295.4,1,305.6,292.8,292.8,292.8,3.0,87840.0,114
2023-05-11 10:45:23,HO2403-C-2450,HO2403-C-2450,292.8,0.0,0.0,0.0,8,289.2,295.4,1,305.6,292.8,292.8,292.8,3.0,87840.0,114
2023-05-11 10:45:27,HO2403-C-2450,HO2403-C-2450,292.8,0.0,0.0,0.0,8,289.2,295.2,1,305.6,292.8,292.8,292.8,3.0,87840.0,114
2023-05-11 10:45:52,HO2403-C-2450,HO2403-C-2450,292.8,0.0,0.0,0.0,8,289.2,296.0,1,305.6,292.8,292.8,292.8,3.0,87840.0,114
2023-05-11 10:46:03,HO2403-C-2450,HO2403-C-2450,292.8,0.0,0.0,0.0,8,289.2,295.8,1,305.6,292.8,292.8,292.8,3.0,87840.0,114
2023-05-11 10:46:13,HO2403-C-2450,HO2403-C-2450,292.8,0.0,0.0,0.0,8,289.2,295.6,1,305.6,292.8,292.8,292.8,3.0,87840.0,114
2023-05-11 10:47:12,HO2403-C-2450,HO2403-C-2450,292.8,0.0,0.0,0.0,8,289.2,296.4,1,305.6,292.8,292.8,292.8,3.0,87840.0,114
2023-05-11 10:47:22,HO2403-C-2450,HO2403-C-2450,292.8,0.0,0.0,0.0,8,289.2,296.2,1,305.6,292.8,292.8,292.8,3.0,87840.0,114
2023-05-11 10:47:32,HO2403-C-2450,HO2403-C-2450,292.8,0.0,0.0,0.0,8,289.2,296.0,1,305.6,292.8,292.8,292.8,3.0,87840.0,114
2023-05-11 10:47:43,HO2403-C-2450,HO2403-C-2450,292.8,0.0,0.0,0.0,8,289.2,295.8,1,305.6,292.8,292.8,292.8,3.0,87840.0,114
2023-05-11 10:47:53,HO2403-C-2450,HO2403-C-2450,292.8,0.0,0.0,0.0,8,289.2,295.6,1,305.6,292.8,292.8,292.8,3.0,87840.0,114
2023-05-11 10:48:03,HO2403-C-2450,HO2403-C-2450,292.8,0.0,0.0,0.0,8,289.2,295.4,1,305.6,292.8,292.8,292.8,3.0,87840.0,114
2023-05-11 10:48:15,HO2403-C-2450,HO2403-C-2450,292.8,0.0,0.0,0.0,8,289.2,295.2,1,305.6,292.8,292.8,292.8,3.0,87840.0,114
2023-05-11 10:48:56,HO2403-C-2450,HO2403-C-2450,292.8,0.0,0.0,0.0,8,289.2,295.0,1,305.6,292.8,292.8,292.8,3.0,87840.0,114
2023-05-11 10:49:39,HO2403-C-2450,HO2403-C-2450,292.8,0.0,0.0,0.0,8,289.2,295.6,1,305.6,292.8,292.8,292.8,3.0,87840.0,114
2023-05-11 10:49:50,HO2403-C-2450,HO2403-C-2450,292.8,0.0,0.0,0.0,8,289.2,295.4,1,305.6,292.8,292.8,292.8,3.0,87840.0,114
2023-05-11 10:50:01,HO2403-C-2450,HO2403-C-2450,292.8,0.0,0.0,0.0,8,289.2,295.2,1,305.6,292.8,292.8,292.8,3.0,87840.0,114
2023-05-11 10:50:09,HO2403-C-2450,HO2403-C-2450,292.8,0.0,0.0,0.0,2,289.2,295.2,1,305.6,292.8,292.8,292.8,3.0,87840.0,114
2023-05-11 10:50:09,HO2403-C-2450,HO2403-C-2450,292.8,0.0,0.0,0.0,42,288.8,295.2,1,305.6,292.8,292.8,292.8,3.0,87840.0,114
2023-05-11 10:50:10,HO2403-C-2450,HO2403-C-2450,292.8,0.0,0.0,0.0,12,288.8,295.2,1,305.6,292.8,292.8,292.8,3.0,87840.0,114
2023-05-11 10:50:10,HO2403-C-2450,HO2403-C-2450,292.8,0.0,0.0,0.0,2,289.2,295.2,1,305.6,292.8,292.8,292.8,3.0,87840.0,114
2023-05-11 10:50:11,HO2403-C-2450,HO2403-C-2450,292.8,0.0,0.0,0.0,2,289.2,295.0,1,305.6,292.8,292.8,292.8,3.0,87840.0,114
2023-05-11 10:50:55,HO2403-C-2450,HO2403-C-2450,292.8,0.0,0.0,0.0,2,289.2,295.6,7,305.6,292.8,292.8,292.8,3.0,87840.0,114
2023-05-11 10:52:26,HO2403-C-2450,HO2403-C-2450,292.8,0.0,0.0,0.0,2,289.2,295.8,18,305.6,292.8,292.8,292.8,3.0,87840.0,114
2023-05-11 10:52:27,HO2403-C-2450,HO2403-C-2450,292.8,0.0,0.0,0.0,2,289.2,295.8,12,305.6,292.8,292.8,292.8,3.0,87840.0,114
2023-05-11 10:52:27,HO2403-C-2450,HO2403-C-2450,292.8,0.0,0.0,0.0,2,289.2,295.8,6,305.6,292.8,292.8,292.8,3.0,87840.0,114
2023-05-11 10:53:00,HO2403-C-2450,HO2403-C-2450,292.8,0.0,0.0,0.0,2,289.2,295.8,7,305.6,292.8,292.8,292.8,3.0,87840.0,114
2023-05-11 10:53:11,HO2403-C-2450,HO2403-C-2450,292.8,0.0,0.0,0.0,2,289.2,295.6,1,305.6,292.8,292.8,292.8,3.0,87840.0,114
2023-05-11 10:53:19,HO2403-C-2450,HO2403-C-2450,292.8,0.0,0.0,0.0,2,289.2,295.8,6,305.6,292.8,292.8,292.8,3.0,87840.0,114
2023-05-11 10:53:40,HO2403-C-2450,HO2403-C-2450,292.8,0.0,0.0,0.0,2,289.2,295.8,7,305.6,292.8,292.8,292.8,3.0,87840.0,114
2023-05-11 10:54:03,HO2403-C-2450,HO2403-C-2450,292.8,0.0,0.0,0.0,2,289.2,295.6,1,305.6,292.8,292.8,292.8,3.0,87840.0,114
2023-05-11 10:54:12,HO2403-C-2450,HO2403-C-2450,292.8,0.0,0.0,0.0,2,289.2,295.8,6,305.6,292.8,292.8,292.8,3.0,87840.0,114
2023-05-11 10:54:21,HO2403-C-2450,HO2403-C-2450,292.8,0.0,0.0,0.0,2,289.2,295.8,7,305.6,292.8,292.8,292.8,3.0,87840.0,114
2023-05-11 10:54:31,HO2403-C-2450,HO2403-C-2450,292.8,0.0,0.0,0.0,2,289.2,295.6,1,305.6,292.8,292.8,292.8,3.0,87840.0,114
2023-05-11 10:54:41,HO2403-C-2450,HO2403-C-2450,292.8,0.0,0.0,0.0,2,289.2,295.4,1,305.6,292.8,292.8,292.8,3.0,87840.0,114
2023-05-11 10:54:57,HO2403-C-2450,HO2403-C-2450,292.8,0.0,0.0,0.0,2,289.2,295.2,1,305.6,292.8,292.8,292.8,3.0,87840.0,114
2023-05-11 10:55:03,HO2403-C-2450,HO2403-C-2450,292.8,0.0,0.0,0.0,18,288.8,295.2,1,305.6,292.8,292.8,292.8,3.0,87840.0,114
2023-05-11 10:55:03,HO2403-C-2450,HO2403-C-2450,292.8,0.0,0.0,0.0,2,289.2,295.2,1,305.6,292.8,292.8,292.8,3.0,87840.0,114
2023-05-11 10:55:38,HO2403-C-2450,HO2403-C-2450,292.8,0.0,0.0,0.0,2,289.2,295.0,1,305.6,292.8,292.8,292.8,3.0,87840.0,114
2023-05-11 10:55:52,HO2403-C-2450,HO2403-C-2450,292.8,0.0,0.0,0.0,2,289.2,295.6,7,305.6,292.8,292.8,292.8,3.0,87840.0,114
2023-05-11 10:56:02,HO2403-C-2450,HO2403-C-2450,292.8,0.0,0.0,0.0,2,289.2,295.4,1,305.6,292.8,292.8,292.8,3.0,87840.0,114
2023-05-11 10:56:12,HO2403-C-2450,HO2403-C-2450,292.8,0.0,0.0,0.0,2,289.2,295.2,1,305.6,292.8,292.8,292.8,3.0,87840.0,114
2023-05-11 10:56:22,HO2403-C-2450,HO2403-C-2450,292.8,0.0,0.0,0.0,2,289.2,295.0,1,305.6,292.8,292.8,292.8,3.0,87840.0,114
2023-05-11 10:57:10,HO2403-C-2450,HO2403-C-2450,292.8,0.0,0.0,0.0,2,289.2,295.6,7,305.6,292.8,292.8,292.8,3.0,87840.0,114
2023-05-11 10:57:18,HO2403-C-2450,HO2403-C-2450,292.8,0.0,0.0,0.0,2,289.2,295.8,18,305.6,292.8,292.8,292.8,3.0,87840.0,114
2023-05-11 10:57:18,HO2403-C-2450,HO2403-C-2450,292.8,0.0,0.0,0.0,2,289.2,295.8,6,305.6,292.8,292.8,292.8,3.0,87840.0,114
2023-05-11 10:57:19,HO2403-C-2450,HO2403-C-2450,292.8,0.0,0.0,0.0,2,289.2,295.8,7,305.6,292.8,292.8,292.8,3.0,87840.0,114
2023-05-11 10:57:30,HO2403-C-2450,HO2403-C-2450,292.8,0.0,0.0,0.0,2,289.2,295.6,1,305.6,292.8,292.8,292.8,3.0,87840.0,114
2023-05-11 10:58:06,HO2403-C-2450,HO2403-C-2450,292.8,0.0,0.0,0.0,2,289.2,295.4,1,305.6,292.8,292.8,292.8,3.0,87840.0,114
2023-05-11 10:58:16,HO2403-C-2450,HO2403-C-2450,292.8,0.0,0.0,0.0,2,289.2,295.2,1,305.6,292.8,292.8,292.8,3.0,87840.0,114
2023-05-11 10:58:25,HO2403-C-2450,HO2403-C-2450,292.8,0.0,0.0,0.0,2,289.2,295.0,1,305.6,292.8,292.8,292.8,3.0,87840.0,114
2023-05-11 10:58:26,HO2403-C-2450,HO2403-C-2450,292.8,0.0,0.0,0.0,2,289.2,294.8,1,305.6,292.8,292.8,292.8,3.0,87840.0,114
2023-05-11 10:58:27,HO2403-C-2450,HO2403-C-2450,292.8,0.0,0.0,0.0,2,289.2,294.6,1,305.6,292.8,292.8,292.8,3.0,87840.0,114
2023-05-11 10:58:28,HO2403-C-2450,HO2403-C-2450,292.8,0.0,0.0,0.0,2,289.2,294.4,1,305.6,292.8,292.8,292.8,3.0,87840.0,114
2023-05-11 10:58:29,HO2403-C-2450,HO2403-C-2450,292.8,0.0,0.0,0.0,2,289.2,294.2,1,305.6,292.8,292.8,292.8,3.0,87840.0,114
2023-05-11 10:58:30,HO2403-C-2450,HO2403-C-2450,292.8,0.0,0.0,0.0,2,289.2,294.0,1,305.6,292.8,292.8,292.8,3.0,87840.0,114
2023-05-11 10:58:32,HO2403-C-2450,HO2403-C-2450,292.8,0.0,0.0,0.0,2,289.2,293.8,1,305.6,292.8,292.8,292.8,3.0,87840.0,114
2023-05-11 10:58:34,HO2403-C-2450,HO2403-C-2450,292.8,0.0,0.0,0.0,2,289.2,293.6,1,305.6,292.8,292.8,292.8,3.0,87840.0,114
2023-05-11 10:58:35,HO2403-C-2450,HO2403-C-2450,292.8,0.0,0.0,0.0,2,289.2,293.4,1,305.6,292.8,292.8,292.8,3.0,87840.0,114
2023-05-11 10:58:36,HO2403-C-2450,HO2403-C-2450,292.8,0.0,0.0,0.0,2,289.2,293.2,1,305.6,292.8,292.8,292.8,3.0,87840.0,114
2023-05-11 10:58:39,HO2403-C-2450,HO2403-C-2450,292.8,0.0,0.0,0.0,2,289.2,293.0,1,305.6,292.8,292.8,292.8,3.0,87840.0,114
2023-05-11 10:58:41,HO2403-C-2450,HO2403-C-2450,292.8,0.0,0.0,0.0,2,289.2,292.8,1,305.6,292.8,292.8,292.8,3.0,87840.0,114
2023-05-11 10:58:42,HO2403-C-2450,HO2403-C-2450,292.8,0.0,0.0,0.0,2,289.2,292.6,1,305.6,292.8,292.8,292.8,3.0,87840.0,114
2023-05-11 10:58:43,HO2403-C-2450,HO2403-C-2450,292.8,0.0,0.0,0.0,2,289.2,292.4,1,305.6,292.8,292.8,292.8,3.0,87840.0,114
2023-05-11 10:58:45,HO2403-C-2450,HO2403-C-2450,292.8,0.0,0.0,0.0,2,289.2,292.2,1,305.6,292.8,292.8,292.8,3.0,87840.0,114
2023-05-11 10:58:47,HO2403-C-2450,HO2403-C-2450,292.8,0.0,0.0,0.0,2,289.2,292.0,1,305.6,292.8,292.8,292.8,3.0,87840.0,114
2023-05-11 10:58:49,HO2403-C-2450,HO2403-C-2450,292.8,0.0,0.0,0.0,2,289.2,291.8,1,305.6,292.8,292.8,292.8,3.0,87840.0,114
2023-05-11 10:58:51,HO2403-C-2450,HO2403-C-2450,292.8,0.0,0.0,0.0,2,289.2,291.6,1,305.6,292.8,292.8,292.8,3.0,87840.0,114
2023-05-11 10:58:53,HO2403-C-2450,HO2403-C-2450,292.8,0.0,0.0,0.0,2,289.2,291.4,1,305.6,292.8,292.8,292.8,3.0,87840.0,114
2023-05-11 10:58:55,HO2403-C-2450,HO2403-C-2450,292.8,0.0,0.0,0.0,2,289.2,291.2,1,305.6,292.8,292.8,292.8,3.0,87840.0,114
2023-05-11 10:58:57,HO2403-C-2450,HO2403-C-2450,292.8,0.0,0.0,0.0,2,289.2,291.0,1,305.6,292.8,292.8,292.8,3.0,87840.0,114
2023-05-11 10:58:59,HO2403-C-2450,HO2403-C-2450,292.8,0.0,0.0,0.0,2,289.2,290.8,1,305.6,292.8,292.8,292.8,3.0,87840.0,114
2023-05-11 10:58:59,HO2403-C-2450,HO2403-C-2450,290.8,1.0,29080.0,1.0,2,289.2,291.0,1,305.6,292.8,292.8,290.8,4.0,116920.0,115
2023-05-11 10:59:05,HO2403-C-2450,HO2403-C-2450,290.8,0.0,0.0,0.0,2,289.2,291.2,1,305.6,292.8,292.8,290.8,4.0,116920.0,115
2023-05-11 10:59:06,HO2403-C-2450,HO2403-C-2450,290.8,0.0,0.0,0.0,2,289.2,291.2,3,305.6,292.8,292.8,290.8,4.0,116920.0,115
2023-05-11 10:59:07,HO2403-C-2450,HO2403-C-2450,290.8,0.0,0.0,0.0,2,289.2,291.2,5,305.6,292.8,292.8,290.8,4.0,116920.0,115
2023-05-11 10:59:07,HO2403-C-2450,HO2403-C-2450,290.8,0.0,0.0,0.0,2,289.2,291.2,7,305.6,292.8,292.8,290.8,4.0,116920.0,115
2023-05-11 10:59:08,HO2403-C-2450,HO2403-C-2450,290.8,0.0,0.0,0.0,2,289.2,291.2,9,305.6,292.8,292.8,290.8,4.0,116920.0,115
2023-05-11 10:59:08,HO2403-C-2450,HO2403-C-2450,290.8,0.0,0.0,0.0,2,289.2,291.2,11,305.6,292.8,292.8,290.8,4.0,116920.0,115
2023-05-11 10:59:10,HO2403-C-2450,HO2403-C-2450,290.8,0.0,0.0,0.0,2,289.2,291.0,1,305.6,292.8,292.8,290.8,4.0,116920.0,115
2023-05-11 10:59:12,HO2403-C-2450,HO2403-C-2450,290.8,0.0,0.0,0.0,2,289.2,290.8,1,305.6,292.8,292.8,290.8,4.0,116920.0,115
2023-05-11 10:59:23,HO2403-C-2450,HO2403-C-2450,290.8,0.0,0.0,0.0,2,289.2,291.0,1,305.6,292.8,292.8,290.8,4.0,116920.0,115
2023-05-11 10:59:24,HO2403-C-2450,HO2403-C-2450,290.8,0.0,0.0,0.0,2,289.2,291.2,11,305.6,292.8,292.8,290.8,4.0,116920.0,115
2023-05-11 10:59:24,HO2403-C-2450,HO2403-C-2450,290.8,0.0,0.0,0.0,2,289.2,291.2,9,305.6,292.8,292.8,290.8,4.0,116920.0,115
2023-05-11 10:59:25,HO2403-C-2450,HO2403-C-2450,290.8,0.0,0.0,0.0,2,289.2,291.2,7,305.6,292.8,292.8,290.8,4.0,116920.0,115
2023-05-11 10:59:25,HO2403-C-2450,HO2403-C-2450,290.8,0.0,0.0,0.0,2,289.2,291.2,5,305.6,292.8,292.8,290.8,4.0,116920.0,115
2023-05-11 10:59:26,HO2403-C-2450,HO2403-C-2450,290.8,0.0,0.0,0.0,18,288.6,291.2,5,305.6,292.8,292.8,290.8,4.0,116920.0,115
2023-05-11 10:59:26,HO2403-C-2450,HO2403-C-2450,290.8,0.0,0.0,0.0,18,288.6,291.2,3,305.6,292.8,292.8,290.8,4.0,116920.0,115
2023-05-11 10:59:27,HO2403-C-2450,HO2403-C-2450,290.8,0.0,0.0,0.0,18,288.6,291.2,1,305.6,292.8,292.8,290.8,4.0,116920.0,115
2023-05-11 10:59:28,HO2403-C-2450,HO2403-C-2450,290.8,0.0,0.0,0.0,2,289.0,291.0,1,305.6,292.8,292.8,290.8,4.0,116920.0,115
2023-05-11 10:59:30,HO2403-C-2450,HO2403-C-2450,290.8,0.0,0.0,0.0,18,288.6,290.8,1,305.6,292.8,292.8,290.8,4.0,116920.0,115
2023-05-11 10:59:30,HO2403-C-2450,HO2403-C-2450,290.8,0.0,0.0,0.0,2,289.0,290.8,1,305.6,292.8,292.8,290.8,4.0,116920.0,115
2023-05-11 10:59:33,HO2403-C-2450,HO2403-C-2450,290.8,0.0,0.0,0.0,2,289.0,290.6,1,305.6,292.8,292.8,290.8,4.0,116920.0,115
2023-05-11 10:59:36,HO2403-C-2450,HO2403-C-2450,290.6,1.0,29060.0,1.0,2,289.0,290.8,7,305.6,292.8,292.8,290.6,5.0,145980.0,116
2023-05-11 10:59:38,HO2403-C-2450,HO2403-C-2450,290.6,0.0,0.0,0.0,2,289.0,290.8,9,305.6,292.8,292.8,290.6,5.0,145980.0,116
2023-05-11 10:59:39,HO2403-C-2450,HO2403-C-2450,290.6,0.0,0.0,0.0,2,289.0,290.8,11,305.6,292.8,292.8,290.6,5.0,145980.0,116
2023-05-11 10:59:42,HO2403-C-2450,HO2403-C-2450,290.6,0.0,0.0,0.0,2,289.0,290.6,1,305.6,292.8,292.8,290.6,5.0,145980.0,116
2023-05-11 10:59:44,HO2403-C-2450,HO2403-C-2450,290.6,0.0,0.0,0.0,2,289.0,290.8,11,305.6,292.8,292.8,290.6,5.0,145980.0,116
2023-05-11 10:59:48,HO2403-C-2450,HO2403-C-2450,291.6,16.0,466440.0,10.0,6,291.0,291.6,12,305.6,292.8,292.8,290.6,21.0,612420.0,126
2023-05-11 10:59:48,HO2403-C-2450,HO2403-C-2450,291.6,0.0,0.0,0.0,6,291.0,292.4,6,305.6,292.8,292.8,290.6,21.0,612420.0,126
2023-05-11 10:59:49,HO2403-C-2450,HO2403-C-2450,291.6,0.0,0.0,0.0,6,291.0,294.4,24,305.6,292.8,292.8,290.6,21.0,612420.0,126
2023-05-11 10:59:50,HO2403-C-2450,HO2403-C-2450,291.6,0.0,0.0,0.0,6,291.0,294.6,6,305.6,292.8,292.8,290.6,21.0,612420.0,126
2023-05-11 10:59:52,HO2403-C-2450,HO2403-C-2450,291.6,0.0,0.0,0.0,6,291.0,294.8,13,305.6,292.8,292.8,290.6,21.0,612420.0,126
2023-05-11 10:59:52,HO2403-C-2450,HO2403-C-2450,291.6,0.0,0.0,0.0,6,291.0,294.8,1,305.6,292.8,292.8,290.6,21.0,612420.0,126
2023-05-11 10:59:53,HO2403-C-2450,HO2403-C-2450,291.6,0.0,0.0,0.0,1,291.2,294.8,1,305.6,292.8,292.8,290.6,21.0,612420.0,126
2023-05-11 10:59:54,HO2403-C-2450,HO2403-C-2450,291.6,0.0,0.0,0.0,1,291.4,294.8,1,305.6,292.8,292.8,290.6,21.0,612420.0,126
2023-05-11 10:59:55,HO2403-C-2450,HO2403-C-2450,291.6,0.0,0.0,0.0,1,291.4,295.0,12,305.6,292.8,292.8,290.6,21.0,612420.0,126
2023-05-11 10:59:55,HO2403-C-2450,HO2403-C-2450,291.6,0.0,0.0,0.0,1,291.6,295.0,12,305.6,292.8,292.8,290.6,21.0,612420.0,126
2023-05-11 10:59:56,HO2403-C-2450,HO2403-C-2450,291.6,0.0,0.0,0.0,1,291.8,295.0,12,305.6,292.8,292.8,290.6,21.0,612420.0,126
2023-05-11 10:59:57,HO2403-C-2450,HO2403-C-2450,291.6,0.0,0.0,0.0,1,291.8,295.0,6,305.6,292.8,292.8,290.6,21.0,612420.0,126
2023-05-11 10:59:57,HO2403-C-2450,HO2403-C-2450,291.6,0.0,0.0,0.0,1,292.0,295.0,6,305.6,292.8,292.8,290.6,21.0,612420.0,126
2023-05-11 10:59:58,HO2403-C-2450,HO2403-C-2450,291.6,0.0,0.0,0.0,1,292.2,295.0,6,305.6,292.8,292.8,290.6,21.0,612420.0,126
2023-05-11 10:59:59,HO2403-C-2450,HO2403-C-2450,291.6,0.0,0.0,0.0,1,292.4,295.0,6,305.6,292.8,292.8,290.6,21.0,612420.0,126
2023-05-11 10:59:59,HO2403-C-2450,HO2403-C-2450,291.6,0.0,0.0,0.0,1,292.4,295.4,1,305.6,292.8,292.8,290.6,21.0,612420.0,126
2023-05-11 11:00:00,HO2403-C-2450,HO2403-C-2450,291.6,0.0,0.0,0.0,1,292.6,295.4,1,305.6,292.8,292.8,290.6,21.0,612420.0,126
2023-05-11 11:00:01,HO2403-C-2450,HO2403-C-2450,291.6,0.0,0.0,0.0,1,292.8,295.4,1,305.6,292.8,292.8,290.6,21.0,612420.0,126
2023-05-11 11:00:01,HO2403-C-2450,HO2403-C-2450,292.8,1.0,29280.0,0.0,1,292.6,295.4,1,305.6,292.8,292.8,290.6,22.0,641700.0,126
2023-05-11 11:00:03,HO2403-C-2450,HO2403-C-2450,292.8,0.0,0.0,0.0,2,292.8,295.6,6,305.6,292.8,292.8,290.6,22.0,641700.0,126
2023-05-11 11:00:05,HO2403-C-2450,HO2403-C-2450,292.8,1.0,29280.0,-1.0,1,292.8,295.6,6,305.6,292.8,292.8,290.6,23.0,670980.0,125
2023-05-11 11:00:06,HO2403-C-2450,HO2403-C-2450,292.8,0.0,0.0,0.0,1,292.6,295.6,6,305.6,292.8,292.8,290.6,23.0,670980.0,125
2023-05-11 11:00:07,HO2403-C-2450,HO2403-C-2450,292.8,0.0,0.0,0.0,6,291.6,295.6,6,305.6,292.8,292.8,290.6,23.0,670980.0,125
2023-05-11 11:00:07,HO2403-C-2450,HO2403-C-2450,292.8,0.0,0.0,0.0,6,291.0,295.6,6,305.6,292.8,292.8,290.6,23.0,670980.0,125
2023-05-11 11:00:16,HO2403-C-2450,HO2403-C-2450,292.8,0.0,0.0,0.0,1,291.2,295.6,6,305.6,292.8,292.8,290.6,23.0,670980.0,125
2023-05-11 11:00:17,HO2403-C-2450,HO2403-C-2450,292.8,0.0,0.0,0.0,1,291.4,295.6,6,305.6,292.8,292.8,290.6,23.0,670980.0,125
2023-05-11 11:00:30,HO2403-C-2450,HO2403-C-2450,292.8,0.0,0.0,0.0,1,291.4,295.8,1,305.6,292.8,292.8,290.6,23.0,670980.0,125
2023-05-11 11:00:33,HO2403-C-2450,HO2403-C-2450,292.8,0.0,0.0,0.0,1,291.4,295.6,1,305.6,292.8,292.8,290.6,23.0,670980.0,125
2023-05-11 11:00:51,HO2403-C-2450,HO2403-C-2450,292.8,0.0,0.0,0.0,1,291.4,296.0,24,305.6,292.8,292.8,290.6,23.0,670980.0,125
2023-05-11 11:00:51,HO2403-C-2450,HO2403-C-2450,292.8,0.0,0.0,0.0,1,291.4,296.0,18,305.6,292.8,292.8,290.6,23.0,670980.0,125
2023-05-11 11:00:55,HO2403-C-2450,HO2403-C-2450,292.8,0.0,0.0,0.0,1,291.6,296.0,18,305.6,292.8,292.8,290.6,23.0,670980.0,125
2023-05-11 11:00:56,HO2403-C-2450,HO2403-C-2450,292.8,0.0,0.0,0.0,1,291.8,296.0,19,305.6,292.8,292.8,290.6,23.0,670980.0,125
2023-05-11 11:00:57,HO2403-C-2450,HO2403-C-2450,292.8,0.0,0.0,0.0,1,292.0,296.0,19,305.6,292.8,292.8,290.6,23.0,670980.0,125
2023-05-11 11:01:04,HO2403-C-2450,HO2403-C-2450,292.8,0.0,0.0,0.0,1,291.8,296.0,19,305.6,292.8,292.8,290.6,23.0,670980.0,125
2023-05-11 11:01:06,HO2403-C-2450,HO2403-C-2450,292.8,0.0,0.0,0.0,7,291.6,296.0,19,305.6,292.8,292.8,290.6,23.0,670980.0,125
