time,symbol_id,symbol_name,last,trade_volume,trade_amount,open_interest_change,bv1,bp1,ap1,av1,yesterday_close,today_open,today_high,today_low,volume,amount,open_interest
2023-05-11 09:29:00,HO2403-P-2800,HO2403-P-2800,190.0,0.0,0.0,0.0,1,179.8,236.2,1,190.0,0.0,0.0,0.0,0.0,0.0,40
2023-05-11 09:30:00,HO2403-P-2800,HO2403-P-2800,190.0,0.0,0.0,0.0,1,179.8,236.2,2,190.0,0.0,0.0,0.0,0.0,0.0,40
2023-05-11 09:30:01,HO2403-P-2800,HO2403-P-2800,190.0,0.0,0.0,0.0,1,184.2,229.2,1,190.0,0.0,0.0,0.0,0.0,0.0,40
2023-05-11 09:30:07,HO2403-P-2800,HO2403-P-2800,190.0,0.0,0.0,0.0,1,192.2,221.2,1,190.0,0.0,0.0,0.0,0.0,0.0,40
2023-05-11 09:30:21,HO2403-P-2800,HO2403-P-2800,190.0,0.0,0.0,0.0,6,199.8,214.8,6,190.0,0.0,0.0,0.0,0.0,0.0,40
2023-05-11 09:30:22,HO2403-P-2800,HO2403-P-2800,190.0,0.0,0.0,0.0,1,206.6,214.8,6,190.0,0.0,0.0,0.0,0.0,0.0,40
2023-05-11 09:30:23,HO2403-P-2800,HO2403-P-2800,190.0,0.0,0.0,0.0,1,206.6,210.8,1,190.0,0.0,0.0,0.0,0.0,0.0,40
2023-05-11 09:30:31,HO2403-P-2800,HO2403-P-2800,190.0,0.0,0.0,0.0,1,206.6,211.2,6,190.0,0.0,0.0,0.0,0.0,0.0,40
2023-05-11 09:30:36,HO2403-P-2800,HO2403-P-2800,190.0,0.0,0.0,0.0,1,206.6,211.2,12,190.0,0.0,0.0,0.0,0.0,0.0,40
2023-05-11 09:30:48,HO2403-P-2800,HO2403-P-2800,190.0,0.0,0.0,0.0,6,205.4,211.2,12,190.0,0.0,0.0,0.0,0.0,0.0,40
2023-05-11 09:30:50,HO2403-P-2800,HO2403-P-2800,190.0,0.0,0.0,0.0,1,206.8,211.2,12,190.0,0.0,0.0,0.0,0.0,0.0,40
2023-05-11 09:30:50,HO2403-P-2800,HO2403-P-2800,190.0,0.0,0.0,0.0,1,206.8,211.0,1,190.0,0.0,0.0,0.0,0.0,0.0,40
2023-05-11 09:30:55,HO2403-P-2800,HO2403-P-2800,190.0,0.0,0.0,0.0,6,205.4,211.0,1,190.0,0.0,0.0,0.0,0.0,0.0,40
2023-05-11 09:30:57,HO2403-P-2800,HO2403-P-2800,190.0,0.0,0.0,0.0,1,205.8,211.0,1,190.0,0.0,0.0,0.0,0.0,0.0,40
2023-05-11 09:31:07,HO2403-P-2800,HO2403-P-2800,190.0,0.0,0.0,0.0,1,205.8,211.2,18,190.0,0.0,0.0,0.0,0.0,0.0,40
2023-05-11 09:31:09,HO2403-P-2800,HO2403-P-2800,190.0,0.0,0.0,0.0,1,205.8,211.2,19,190.0,0.0,0.0,0.0,0.0,0.0,40
2023-05-11 09:31:10,HO2403-P-2800,HO2403-P-2800,190.0,0.0,0.0,0.0,1,205.8,210.8,1,190.0,0.0,0.0,0.0,0.0,0.0,40
2023-05-11 09:31:21,HO2403-P-2800,HO2403-P-2800,190.0,0.0,0.0,0.0,1,205.8,211.2,18,190.0,0.0,0.0,0.0,0.0,0.0,40
2023-05-11 09:31:25,HO2403-P-2800,HO2403-P-2800,190.0,0.0,0.0,0.0,1,205.8,211.0,1,190.0,0.0,0.0,0.0,0.0,0.0,40
2023-05-11 09:31:47,HO2403-P-2800,HO2403-P-2800,190.0,0.0,0.0,0.0,1,205.8,210.8,6,190.0,0.0,0.0,0.0,0.0,0.0,40
2023-05-11 09:31:48,HO2403-P-2800,HO2403-P-2800,190.0,0.0,0.0,0.0,1,205.8,210.4,1,190.0,0.0,0.0,0.0,0.0,0.0,40
2023-05-11 09:31:49,HO2403-P-2800,HO2403-P-2800,190.0,0.0,0.0,0.0,1,205.8,210.8,6,190.0,0.0,0.0,0.0,0.0,0.0,40
2023-05-11 09:31:50,HO2403-P-2800,HO2403-P-2800,190.0,0.0,0.0,0.0,1,205.8,211.2,24,190.0,0.0,0.0,0.0,0.0,0.0,40
2023-05-11 09:31:54,HO2403-P-2800,HO2403-P-2800,190.0,0.0,0.0,0.0,1,205.8,210.8,1,190.0,0.0,0.0,0.0,0.0,0.0,40
2023-05-11 09:32:20,HO2403-P-2800,HO2403-P-2800,190.0,0.0,0.0,0.0,1,205.8,210.8,2,190.0,0.0,0.0,0.0,0.0,0.0,40
2023-05-11 09:32:21,HO2403-P-2800,HO2403-P-2800,190.0,0.0,0.0,0.0,1,205.8,209.0,1,190.0,0.0,0.0,0.0,0.0,0.0,40
2023-05-11 09:32:26,HO2403-P-2800,HO2403-P-2800,190.0,0.0,0.0,0.0,6,205.4,209.0,1,190.0,0.0,0.0,0.0,0.0,0.0,40
2023-05-11 09:32:29,HO2403-P-2800,HO2403-P-2800,190.0,0.0,0.0,0.0,18,205.2,209.0,1,190.0,0.0,0.0,0.0,0.0,0.0,40
2023-05-11 09:32:29,HO2403-P-2800,HO2403-P-2800,190.0,0.0,0.0,0.0,6,205.2,209.0,1,190.0,0.0,0.0,0.0,0.0,0.0,40
2023-05-11 09:32:30,HO2403-P-2800,HO2403-P-2800,190.0,0.0,0.0,0.0,1,205.0,209.0,1,190.0,0.0,0.0,0.0,0.0,0.0,40
2023-05-11 09:33:04,HO2403-P-2800,HO2403-P-2800,190.0,0.0,0.0,0.0,1,205.0,209.4,6,190.0,0.0,0.0,0.0,0.0,0.0,40
2023-05-11 09:33:05,HO2403-P-2800,HO2403-P-2800,190.0,0.0,0.0,0.0,1,205.0,209.2,1,190.0,0.0,0.0,0.0,0.0,0.0,40
2023-05-11 09:33:06,HO2403-P-2800,HO2403-P-2800,190.0,0.0,0.0,0.0,1,205.0,209.4,6,190.0,0.0,0.0,0.0,0.0,0.0,40
2023-05-11 09:33:06,HO2403-P-2800,HO2403-P-2800,190.0,0.0,0.0,0.0,1,205.0,209.4,7,190.0,0.0,0.0,0.0,0.0,0.0,40
2023-05-11 09:33:12,HO2403-P-2800,HO2403-P-2800,190.0,0.0,0.0,0.0,1,205.0,209.4,6,190.0,0.0,0.0,0.0,0.0,0.0,40
2023-05-11 09:33:14,HO2403-P-2800,HO2403-P-2800,190.0,0.0,0.0,0.0,1,205.0,209.2,1,190.0,0.0,0.0,0.0,0.0,0.0,40
2023-05-11 09:33:30,HO2403-P-2800,HO2403-P-2800,190.0,0.0,0.0,0.0,1,205.0,209.4,7,190.0,0.0,0.0,0.0,0.0,0.0,40
2023-05-11 09:33:37,HO2403-P-2800,HO2403-P-2800,190.0,0.0,0.0,0.0,1,205.0,209.2,1,190.0,0.0,0.0,0.0,0.0,0.0,40
2023-05-11 09:33:44,HO2403-P-2800,HO2403-P-2800,190.0,0.0,0.0,0.0,1,205.0,209.0,1,190.0,0.0,0.0,0.0,0.0,0.0,40
2023-05-11 09:33:47,HO2403-P-2800,HO2403-P-2800,190.0,0.0,0.0,0.0,1,205.0,209.0,2,190.0,0.0,0.0,0.0,0.0,0.0,40
2023-05-11 09:33:48,HO2403-P-2800,HO2403-P-2800,190.0,0.0,0.0,0.0,1,205.0,208.6,1,190.0,0.0,0.0,0.0,0.0,0.0,40
2023-05-11 09:34:13,HO2403-P-2800,HO2403-P-2800,190.0,0.0,0.0,0.0,1,205.0,208.8,1,190.0,0.0,0.0,0.0,0.0,0.0,40
2023-05-11 09:34:14,HO2403-P-2800,HO2403-P-2800,190.0,0.0,0.0,0.0,1,205.0,208.6,1,190.0,0.0,0.0,0.0,0.0,0.0,40
2023-05-11 09:34:21,HO2403-P-2800,HO2403-P-2800,190.0,0.0,0.0,0.0,1,205.0,208.4,1,190.0,0.0,0.0,0.0,0.0,0.0,40
2023-05-11 09:34:23,HO2403-P-2800,HO2403-P-2800,190.0,0.0,0.0,0.0,1,205.0,208.6,1,190.0,0.0,0.0,0.0,0.0,0.0,40
2023-05-11 09:34:24,HO2403-P-2800,HO2403-P-2800,190.0,0.0,0.0,0.0,1,205.0,208.4,1,190.0,0.0,0.0,0.0,0.0,0.0,40
2023-05-11 09:34:33,HO2403-P-2800,HO2403-P-2800,190.0,0.0,0.0,0.0,1,205.0,208.8,24,190.0,0.0,0.0,0.0,0.0,0.0,40
2023-05-11 09:34:34,HO2403-P-2800,HO2403-P-2800,190.0,0.0,0.0,0.0,1,205.0,208.8,12,190.0,0.0,0.0,0.0,0.0,0.0,40
2023-05-11 09:34:34,HO2403-P-2800,HO2403-P-2800,190.0,0.0,0.0,0.0,1,205.0,209.2,7,190.0,0.0,0.0,0.0,0.0,0.0,40
2023-05-11 09:34:35,HO2403-P-2800,HO2403-P-2800,190.0,0.0,0.0,0.0,1,205.0,209.4,24,190.0,0.0,0.0,0.0,0.0,0.0,40
2023-05-11 09:34:35,HO2403-P-2800,HO2403-P-2800,190.0,0.0,0.0,0.0,1,205.0,209.4,6,190.0,0.0,0.0,0.0,0.0,0.0,40
2023-05-11 09:34:36,HO2403-P-2800,HO2403-P-2800,190.0,0.0,0.0,0.0,1,205.0,209.8,55,190.0,0.0,0.0,0.0,0.0,0.0,40
2023-05-11 09:34:36,HO2403-P-2800,HO2403-P-2800,190.0,0.0,0.0,0.0,1,205.0,209.8,31,190.0,0.0,0.0,0.0,0.0,0.0,40
2023-05-11 09:34:37,HO2403-P-2800,HO2403-P-2800,190.0,0.0,0.0,0.0,1,205.0,209.8,25,190.0,0.0,0.0,0.0,0.0,0.0,40
2023-05-11 09:34:37,HO2403-P-2800,HO2403-P-2800,190.0,0.0,0.0,0.0,1,205.0,209.8,19,190.0,0.0,0.0,0.0,0.0,0.0,40
2023-05-11 09:34:38,HO2403-P-2800,HO2403-P-2800,190.0,0.0,0.0,0.0,1,205.0,209.8,18,190.0,0.0,0.0,0.0,0.0,0.0,40
2023-05-11 09:34:39,HO2403-P-2800,HO2403-P-2800,190.0,0.0,0.0,0.0,4,205.0,209.8,18,190.0,0.0,0.0,0.0,0.0,0.0,40
2023-05-11 09:34:39,HO2403-P-2800,HO2403-P-2800,190.0,0.0,0.0,0.0,1,207.2,209.8,18,190.0,0.0,0.0,0.0,0.0,0.0,40
2023-05-11 09:34:49,HO2403-P-2800,HO2403-P-2800,190.0,0.0,0.0,0.0,1,207.2,209.6,1,190.0,0.0,0.0,0.0,0.0,0.0,40
2023-05-11 09:34:50,HO2403-P-2800,HO2403-P-2800,190.0,0.0,0.0,0.0,1,206.2,209.6,1,190.0,0.0,0.0,0.0,0.0,0.0,40
2023-05-11 09:34:51,HO2403-P-2800,HO2403-P-2800,190.0,0.0,0.0,0.0,1,206.2,209.6,2,190.0,0.0,0.0,0.0,0.0,0.0,40
2023-05-11 09:34:55,HO2403-P-2800,HO2403-P-2800,190.0,0.0,0.0,0.0,1,206.2,209.6,1,190.0,0.0,0.0,0.0,0.0,0.0,40
2023-05-11 09:35:01,HO2403-P-2800,HO2403-P-2800,190.0,0.0,0.0,0.0,1,206.2,209.8,18,190.0,0.0,0.0,0.0,0.0,0.0,40
2023-05-11 09:35:02,HO2403-P-2800,HO2403-P-2800,190.0,0.0,0.0,0.0,1,206.2,209.8,12,190.0,0.0,0.0,0.0,0.0,0.0,40
2023-05-11 09:35:02,HO2403-P-2800,HO2403-P-2800,190.0,0.0,0.0,0.0,1,206.2,209.8,6,190.0,0.0,0.0,0.0,0.0,0.0,40
2023-05-11 09:35:07,HO2403-P-2800,HO2403-P-2800,190.0,0.0,0.0,0.0,1,206.2,210.2,12,190.0,0.0,0.0,0.0,0.0,0.0,40
2023-05-11 09:35:08,HO2403-P-2800,HO2403-P-2800,190.0,0.0,0.0,0.0,1,206.2,210.4,24,190.0,0.0,0.0,0.0,0.0,0.0,40
2023-05-11 09:35:08,HO2403-P-2800,HO2403-P-2800,190.0,0.0,0.0,0.0,1,206.2,210.4,12,190.0,0.0,0.0,0.0,0.0,0.0,40
2023-05-11 09:35:09,HO2403-P-2800,HO2403-P-2800,190.0,0.0,0.0,0.0,1,206.2,210.6,25,190.0,0.0,0.0,0.0,0.0,0.0,40
2023-05-11 09:35:09,HO2403-P-2800,HO2403-P-2800,190.0,0.0,0.0,0.0,1,206.2,210.6,19,190.0,0.0,0.0,0.0,0.0,0.0,40
2023-05-11 09:35:10,HO2403-P-2800,HO2403-P-2800,190.0,0.0,0.0,0.0,1,206.2,210.6,20,190.0,0.0,0.0,0.0,0.0,0.0,40
2023-05-11 09:35:12,HO2403-P-2800,HO2403-P-2800,190.0,0.0,0.0,0.0,1,206.2,210.2,1,190.0,0.0,0.0,0.0,0.0,0.0,40
2023-05-11 09:35:12,HO2403-P-2800,HO2403-P-2800,190.0,0.0,0.0,0.0,1,206.2,210.0,6,190.0,0.0,0.0,0.0,0.0,0.0,40
2023-05-11 09:35:17,HO2403-P-2800,HO2403-P-2800,190.0,0.0,0.0,0.0,1,206.2,209.8,1,190.0,0.0,0.0,0.0,0.0,0.0,40
2023-05-11 09:35:18,HO2403-P-2800,HO2403-P-2800,190.0,0.0,0.0,0.0,30,204.8,209.8,1,190.0,0.0,0.0,0.0,0.0,0.0,40
2023-05-11 09:35:19,HO2403-P-2800,HO2403-P-2800,190.0,0.0,0.0,0.0,1,205.4,209.8,1,190.0,0.0,0.0,0.0,0.0,0.0,40
2023-05-11 09:35:28,HO2403-P-2800,HO2403-P-2800,190.0,0.0,0.0,0.0,1,205.4,209.6,6,190.0,0.0,0.0,0.0,0.0,0.0,40
2023-05-11 09:35:29,HO2403-P-2800,HO2403-P-2800,190.0,0.0,0.0,0.0,1,205.4,208.8,1,190.0,0.0,0.0,0.0,0.0,0.0,40
2023-05-11 09:35:35,HO2403-P-2800,HO2403-P-2800,190.0,0.0,0.0,0.0,18,204.6,208.8,1,190.0,0.0,0.0,0.0,0.0,0.0,40
2023-05-11 09:35:36,HO2403-P-2800,HO2403-P-2800,190.0,0.0,0.0,0.0,13,204.6,208.8,1,190.0,0.0,0.0,0.0,0.0,0.0,40
2023-05-11 09:35:36,HO2403-P-2800,HO2403-P-2800,190.0,0.0,0.0,0.0,7,204.6,208.8,1,190.0,0.0,0.0,0.0,0.0,0.0,40
2023-05-11 09:35:37,HO2403-P-2800,HO2403-P-2800,190.0,0.0,0.0,0.0,1,204.6,208.8,1,190.0,0.0,0.0,0.0,0.0,0.0,40
2023-05-11 09:35:38,HO2403-P-2800,HO2403-P-2800,190.0,0.0,0.0,0.0,4,204.6,208.8,1,190.0,0.0,0.0,0.0,0.0,0.0,40
2023-05-11 09:35:39,HO2403-P-2800,HO2403-P-2800,190.0,0.0,0.0,0.0,1,204.6,208.8,1,190.0,0.0,0.0,0.0,0.0,0.0,40
2023-05-11 09:36:12,HO2403-P-2800,HO2403-P-2800,190.0,0.0,0.0,0.0,4,204.6,209.6,12,190.0,0.0,0.0,0.0,0.0,0.0,40
2023-05-11 09:36:13,HO2403-P-2800,HO2403-P-2800,190.0,0.0,0.0,0.0,1,206.0,209.4,1,190.0,0.0,0.0,0.0,0.0,0.0,40
2023-05-11 09:36:17,HO2403-P-2800,HO2403-P-2800,190.0,0.0,0.0,0.0,1,206.0,209.6,6,190.0,0.0,0.0,0.0,0.0,0.0,40
2023-05-11 09:36:17,HO2403-P-2800,HO2403-P-2800,190.0,0.0,0.0,0.0,1,206.0,209.8,18,190.0,0.0,0.0,0.0,0.0,0.0,40
2023-05-11 09:36:18,HO2403-P-2800,HO2403-P-2800,190.0,0.0,0.0,0.0,1,206.0,209.8,12,190.0,0.0,0.0,0.0,0.0,0.0,40
2023-05-11 09:36:18,HO2403-P-2800,HO2403-P-2800,190.0,0.0,0.0,0.0,1,206.0,210.0,13,190.0,0.0,0.0,0.0,0.0,0.0,40
2023-05-11 09:36:19,HO2403-P-2800,HO2403-P-2800,190.0,0.0,0.0,0.0,1,206.0,209.4,1,190.0,0.0,0.0,0.0,0.0,0.0,40
2023-05-11 09:36:44,HO2403-P-2800,HO2403-P-2800,190.0,0.0,0.0,0.0,6,204.8,209.4,1,190.0,0.0,0.0,0.0,0.0,0.0,40
2023-05-11 09:36:44,HO2403-P-2800,HO2403-P-2800,190.0,0.0,0.0,0.0,1,205.2,209.4,1,190.0,0.0,0.0,0.0,0.0,0.0,40
2023-05-11 09:36:59,HO2403-P-2800,HO2403-P-2800,190.0,0.0,0.0,0.0,4,205.2,209.4,1,190.0,0.0,0.0,0.0,0.0,0.0,40
2023-05-11 09:37:00,HO2403-P-2800,HO2403-P-2800,190.0,0.0,0.0,0.0,1,206.2,209.4,1,190.0,0.0,0.0,0.0,0.0,0.0,40
2023-05-11 09:37:01,HO2403-P-2800,HO2403-P-2800,190.0,0.0,0.0,0.0,1,206.2,210.0,1,190.0,0.0,0.0,0.0,0.0,0.0,40
2023-05-11 09:37:11,HO2403-P-2800,HO2403-P-2800,190.0,0.0,0.0,0.0,1,206.2,210.2,18,190.0,0.0,0.0,0.0,0.0,0.0,40
2023-05-11 09:37:11,HO2403-P-2800,HO2403-P-2800,190.0,0.0,0.0,0.0,1,206.2,210.2,12,190.0,0.0,0.0,0.0,0.0,0.0,40
2023-05-11 09:37:12,HO2403-P-2800,HO2403-P-2800,190.0,0.0,0.0,0.0,1,206.2,210.4,24,190.0,0.0,0.0,0.0,0.0,0.0,40
2023-05-11 09:37:12,HO2403-P-2800,HO2403-P-2800,190.0,0.0,0.0,0.0,1,206.2,210.4,12,190.0,0.0,0.0,0.0,0.0,0.0,40
2023-05-11 09:37:13,HO2403-P-2800,HO2403-P-2800,190.0,0.0,0.0,0.0,1,206.2,210.4,6,190.0,0.0,0.0,0.0,0.0,0.0,40
2023-05-11 09:37:21,HO2403-P-2800,HO2403-P-2800,190.0,0.0,0.0,0.0,1,206.2,210.2,1,190.0,0.0,0.0,0.0,0.0,0.0,40
2023-05-11 09:37:28,HO2403-P-2800,HO2403-P-2800,190.0,0.0,0.0,0.0,1,206.2,210.4,6,190.0,0.0,0.0,0.0,0.0,0.0,40
2023-05-11 09:37:33,HO2403-P-2800,HO2403-P-2800,190.0,0.0,0.0,0.0,1,206.2,210.6,12,190.0,0.0,0.0,0.0,0.0,0.0,40
2023-05-11 09:37:33,HO2403-P-2800,HO2403-P-2800,190.0,0.0,0.0,0.0,4,206.2,210.8,12,190.0,0.0,0.0,0.0,0.0,0.0,40
2023-05-11 09:37:34,HO2403-P-2800,HO2403-P-2800,190.0,0.0,0.0,0.0,1,208.2,211.0,12,190.0,0.0,0.0,0.0,0.0,0.0,40
2023-05-11 09:37:34,HO2403-P-2800,HO2403-P-2800,190.0,0.0,0.0,0.0,1,208.2,211.2,30,190.0,0.0,0.0,0.0,0.0,0.0,40
2023-05-11 09:37:35,HO2403-P-2800,HO2403-P-2800,190.0,0.0,0.0,0.0,1,208.2,211.2,24,190.0,0.0,0.0,0.0,0.0,0.0,40
2023-05-11 09:37:49,HO2403-P-2800,HO2403-P-2800,190.0,0.0,0.0,0.0,1,208.2,211.0,1,190.0,0.0,0.0,0.0,0.0,0.0,40
2023-05-11 09:37:49,HO2403-P-2800,HO2403-P-2800,190.0,0.0,0.0,0.0,24,206.0,211.0,1,190.0,0.0,0.0,0.0,0.0,0.0,40
2023-05-11 09:37:50,HO2403-P-2800,HO2403-P-2800,190.0,0.0,0.0,0.0,15,206.0,211.0,1,190.0,0.0,0.0,0.0,0.0,0.0,40
2023-05-11 09:37:50,HO2403-P-2800,HO2403-P-2800,190.0,0.0,0.0,0.0,1,207.0,211.0,1,190.0,0.0,0.0,0.0,0.0,0.0,40
2023-05-11 09:37:51,HO2403-P-2800,HO2403-P-2800,190.0,0.0,0.0,0.0,1,207.0,210.8,6,190.0,0.0,0.0,0.0,0.0,0.0,40
2023-05-11 09:37:51,HO2403-P-2800,HO2403-P-2800,190.0,0.0,0.0,0.0,1,207.0,210.2,1,190.0,0.0,0.0,0.0,0.0,0.0,40
2023-05-11 09:37:58,HO2403-P-2800,HO2403-P-2800,190.0,0.0,0.0,0.0,1,206.0,210.2,1,190.0,0.0,0.0,0.0,0.0,0.0,40
2023-05-11 09:38:05,HO2403-P-2800,HO2403-P-2800,190.0,0.0,0.0,0.0,4,206.0,210.2,1,190.0,0.0,0.0,0.0,0.0,0.0,40
2023-05-11 09:38:05,HO2403-P-2800,HO2403-P-2800,190.0,0.0,0.0,0.0,1,206.0,210.2,1,190.0,0.0,0.0,0.0,0.0,0.0,40
2023-05-11 09:38:14,HO2403-P-2800,HO2403-P-2800,190.0,0.0,0.0,0.0,3,206.2,210.2,1,190.0,0.0,0.0,0.0,0.0,0.0,40
2023-05-11 09:38:15,HO2403-P-2800,HO2403-P-2800,190.0,0.0,0.0,0.0,13,206.0,210.2,1,190.0,0.0,0.0,0.0,0.0,0.0,40
2023-05-11 09:38:16,HO2403-P-2800,HO2403-P-2800,190.0,0.0,0.0,0.0,16,206.0,210.2,1,190.0,0.0,0.0,0.0,0.0,0.0,40
2023-05-11 09:38:35,HO2403-P-2800,HO2403-P-2800,190.0,0.0,0.0,0.0,13,206.0,210.2,1,190.0,0.0,0.0,0.0,0.0,0.0,40
2023-05-11 09:38:39,HO2403-P-2800,HO2403-P-2800,190.0,0.0,0.0,0.0,7,206.0,210.2,1,190.0,0.0,0.0,0.0,0.0,0.0,40
2023-05-11 09:38:40,HO2403-P-2800,HO2403-P-2800,190.0,0.0,0.0,0.0,1,206.0,210.2,1,190.0,0.0,0.0,0.0,0.0,0.0,40
2023-05-11 09:38:56,HO2403-P-2800,HO2403-P-2800,190.0,0.0,0.0,0.0,18,205.4,210.2,1,190.0,0.0,0.0,0.0,0.0,0.0,40
2023-05-11 09:38:57,HO2403-P-2800,HO2403-P-2800,190.0,0.0,0.0,0.0,12,205.4,210.2,1,190.0,0.0,0.0,0.0,0.0,0.0,40
2023-05-11 09:38:57,HO2403-P-2800,HO2403-P-2800,190.0,0.0,0.0,0.0,18,205.2,210.2,1,190.0,0.0,0.0,0.0,0.0,0.0,40
2023-05-11 09:38:58,HO2403-P-2800,HO2403-P-2800,190.0,0.0,0.0,0.0,15,205.2,210.2,1,190.0,0.0,0.0,0.0,0.0,0.0,40
2023-05-11 09:38:58,HO2403-P-2800,HO2403-P-2800,190.0,0.0,0.0,0.0,9,205.2,210.2,1,190.0,0.0,0.0,0.0,0.0,0.0,40
2023-05-11 09:38:59,HO2403-P-2800,HO2403-P-2800,190.0,0.0,0.0,0.0,3,205.2,210.2,1,190.0,0.0,0.0,0.0,0.0,0.0,40
2023-05-11 09:39:11,HO2403-P-2800,HO2403-P-2800,190.0,0.0,0.0,0.0,1,205.8,210.2,1,190.0,0.0,0.0,0.0,0.0,0.0,40
2023-05-11 09:39:12,HO2403-P-2800,HO2403-P-2800,190.0,0.0,0.0,0.0,9,206.0,210.2,1,190.0,0.0,0.0,0.0,0.0,0.0,40
2023-05-11 09:39:15,HO2403-P-2800,HO2403-P-2800,190.0,0.0,0.0,0.0,6,206.0,210.2,1,190.0,0.0,0.0,0.0,0.0,0.0,40
2023-05-11 09:39:15,HO2403-P-2800,HO2403-P-2800,190.0,0.0,0.0,0.0,9,206.0,210.2,1,190.0,0.0,0.0,0.0,0.0,0.0,40
2023-05-11 09:39:19,HO2403-P-2800,HO2403-P-2800,190.0,0.0,0.0,0.0,6,206.0,210.2,1,190.0,0.0,0.0,0.0,0.0,0.0,40
2023-05-11 09:39:20,HO2403-P-2800,HO2403-P-2800,190.0,0.0,0.0,0.0,9,206.0,210.2,1,190.0,0.0,0.0,0.0,0.0,0.0,40
2023-05-11 09:39:20,HO2403-P-2800,HO2403-P-2800,190.0,0.0,0.0,0.0,6,206.0,210.2,1,190.0,0.0,0.0,0.0,0.0,0.0,40
2023-05-11 09:39:22,HO2403-P-2800,HO2403-P-2800,190.0,0.0,0.0,0.0,9,206.0,210.2,1,190.0,0.0,0.0,0.0,0.0,0.0,40
2023-05-11 09:39:23,HO2403-P-2800,HO2403-P-2800,190.0,0.0,0.0,0.0,6,206.0,210.2,1,190.0,0.0,0.0,0.0,0.0,0.0,40
2023-05-11 09:39:23,HO2403-P-2800,HO2403-P-2800,190.0,0.0,0.0,0.0,9,206.0,210.2,1,190.0,0.0,0.0,0.0,0.0,0.0,40
2023-05-11 09:39:26,HO2403-P-2800,HO2403-P-2800,190.0,0.0,0.0,0.0,6,206.0,210.2,1,190.0,0.0,0.0,0.0,0.0,0.0,40
2023-05-11 09:39:26,HO2403-P-2800,HO2403-P-2800,190.0,0.0,0.0,0.0,13,205.8,210.2,1,190.0,0.0,0.0,0.0,0.0,0.0,40
2023-05-11 09:39:27,HO2403-P-2800,HO2403-P-2800,190.0,0.0,0.0,0.0,7,205.8,210.2,1,190.0,0.0,0.0,0.0,0.0,0.0,40
2023-05-11 09:39:27,HO2403-P-2800,HO2403-P-2800,190.0,0.0,0.0,0.0,4,205.8,210.2,1,190.0,0.0,0.0,0.0,0.0,0.0,40
2023-05-11 09:39:29,HO2403-P-2800,HO2403-P-2800,190.0,0.0,0.0,0.0,1,206.6,210.2,1,190.0,0.0,0.0,0.0,0.0,0.0,40
2023-05-11 09:40:38,HO2403-P-2800,HO2403-P-2800,190.0,0.0,0.0,0.0,1,206.6,210.8,6,190.0,0.0,0.0,0.0,0.0,0.0,40
2023-05-11 09:41:08,HO2403-P-2800,HO2403-P-2800,190.0,0.0,0.0,0.0,1,206.6,211.0,18,190.0,0.0,0.0,0.0,0.0,0.0,40
2023-05-11 09:41:08,HO2403-P-2800,HO2403-P-2800,190.0,0.0,0.0,0.0,1,206.6,211.0,6,190.0,0.0,0.0,0.0,0.0,0.0,40
2023-05-11 09:41:09,HO2403-P-2800,HO2403-P-2800,190.0,0.0,0.0,0.0,1,206.6,211.2,18,190.0,0.0,0.0,0.0,0.0,0.0,40
2023-05-11 09:42:09,HO2403-P-2800,HO2403-P-2800,190.0,0.0,0.0,0.0,4,206.6,211.2,18,190.0,0.0,0.0,0.0,0.0,0.0,40
2023-05-11 09:42:10,HO2403-P-2800,HO2403-P-2800,190.0,0.0,0.0,0.0,4,206.6,211.2,12,190.0,0.0,0.0,0.0,0.0,0.0,40
2023-05-11 09:42:10,HO2403-P-2800,HO2403-P-2800,190.0,0.0,0.0,0.0,1,206.6,211.4,19,190.0,0.0,0.0,0.0,0.0,0.0,40
2023-05-11 09:42:11,HO2403-P-2800,HO2403-P-2800,190.0,0.0,0.0,0.0,4,206.6,211.4,13,190.0,0.0,0.0,0.0,0.0,0.0,40
2023-05-11 09:42:11,HO2403-P-2800,HO2403-P-2800,190.0,0.0,0.0,0.0,4,206.6,211.4,7,190.0,0.0,0.0,0.0,0.0,0.0,40
2023-05-11 09:42:12,HO2403-P-2800,HO2403-P-2800,190.0,0.0,0.0,0.0,4,206.6,211.4,1,190.0,0.0,0.0,0.0,0.0,0.0,40
2023-05-11 09:42:13,HO2403-P-2800,HO2403-P-2800,190.0,0.0,0.0,0.0,1,207.8,211.8,24,190.0,0.0,0.0,0.0,0.0,0.0,40
2023-05-11 09:42:14,HO2403-P-2800,HO2403-P-2800,190.0,0.0,0.0,0.0,1,207.8,211.8,18,190.0,0.0,0.0,0.0,0.0,0.0,40
2023-05-11 09:42:17,HO2403-P-2800,HO2403-P-2800,190.0,0.0,0.0,0.0,1,207.8,211.8,12,190.0,0.0,0.0,0.0,0.0,0.0,40
2023-05-11 09:42:17,HO2403-P-2800,HO2403-P-2800,190.0,0.0,0.0,0.0,1,207.8,211.8,6,190.0,0.0,0.0,0.0,0.0,0.0,40
2023-05-11 09:42:32,HO2403-P-2800,HO2403-P-2800,190.0,0.0,0.0,0.0,1,207.8,212.2,24,190.0,0.0,0.0,0.0,0.0,0.0,40
2023-05-11 09:42:33,HO2403-P-2800,HO2403-P-2800,190.0,0.0,0.0,0.0,1,207.8,212.2,18,190.0,0.0,0.0,0.0,0.0,0.0,40
2023-05-11 09:42:44,HO2403-P-2800,HO2403-P-2800,190.0,0.0,0.0,0.0,1,207.8,212.2,12,190.0,0.0,0.0,0.0,0.0,0.0,40
2023-05-11 09:42:44,HO2403-P-2800,HO2403-P-2800,190.0,0.0,0.0,0.0,1,207.8,212.4,18,190.0,0.0,0.0,0.0,0.0,0.0,40
2023-05-11 09:42:45,HO2403-P-2800,HO2403-P-2800,190.0,0.0,0.0,0.0,1,207.8,212.4,6,190.0,0.0,0.0,0.0,0.0,0.0,40
2023-05-11 09:42:45,HO2403-P-2800,HO2403-P-2800,190.0,0.0,0.0,0.0,1,207.8,212.6,18,190.0,0.0,0.0,0.0,0.0,0.0,40
2023-05-11 09:42:46,HO2403-P-2800,HO2403-P-2800,190.0,0.0,0.0,0.0,1,207.8,212.6,12,190.0,0.0,0.0,0.0,0.0,0.0,40
2023-05-11 09:42:46,HO2403-P-2800,HO2403-P-2800,190.0,0.0,0.0,0.0,1,207.8,212.6,6,190.0,0.0,0.0,0.0,0.0,0.0,40
2023-05-11 09:43:32,HO2403-P-2800,HO2403-P-2800,190.0,0.0,0.0,0.0,4,207.8,212.6,6,190.0,0.0,0.0,0.0,0.0,0.0,40
2023-05-11 09:43:33,HO2403-P-2800,HO2403-P-2800,190.0,0.0,0.0,0.0,1,207.8,212.6,6,190.0,0.0,0.0,0.0,0.0,0.0,40
2023-05-11 09:43:43,HO2403-P-2800,HO2403-P-2800,190.0,0.0,0.0,0.0,4,207.8,212.6,6,190.0,0.0,0.0,0.0,0.0,0.0,40
2023-05-11 09:43:46,HO2403-P-2800,HO2403-P-2800,190.0,0.0,0.0,0.0,1,207.8,212.6,6,190.0,0.0,0.0,0.0,0.0,0.0,40
2023-05-11 09:43:47,HO2403-P-2800,HO2403-P-2800,190.0,0.0,0.0,0.0,4,207.8,212.6,6,190.0,0.0,0.0,0.0,0.0,0.0,40
2023-05-11 09:43:48,HO2403-P-2800,HO2403-P-2800,190.0,0.0,0.0,0.0,1,207.8,212.6,6,190.0,0.0,0.0,0.0,0.0,0.0,40
2023-05-11 09:43:54,HO2403-P-2800,HO2403-P-2800,190.0,0.0,0.0,0.0,3,208.0,212.6,6,190.0,0.0,0.0,0.0,0.0,0.0,40
2023-05-11 09:43:55,HO2403-P-2800,HO2403-P-2800,190.0,0.0,0.0,0.0,1,207.8,212.6,6,190.0,0.0,0.0,0.0,0.0,0.0,40
2023-05-11 09:43:56,HO2403-P-2800,HO2403-P-2800,190.0,0.0,0.0,0.0,4,207.8,212.6,6,190.0,0.0,0.0,0.0,0.0,0.0,40
2023-05-11 09:44:01,HO2403-P-2800,HO2403-P-2800,190.0,0.0,0.0,0.0,1,207.8,212.6,6,190.0,0.0,0.0,0.0,0.0,0.0,40
2023-05-11 09:44:01,HO2403-P-2800,HO2403-P-2800,190.0,0.0,0.0,0.0,4,207.8,212.6,6,190.0,0.0,0.0,0.0,0.0,0.0,40
2023-05-11 09:44:19,HO2403-P-2800,HO2403-P-2800,190.0,0.0,0.0,0.0,1,207.8,212.6,6,190.0,0.0,0.0,0.0,0.0,0.0,40
2023-05-11 09:44:19,HO2403-P-2800,HO2403-P-2800,190.0,0.0,0.0,0.0,4,207.8,212.6,6,190.0,0.0,0.0,0.0,0.0,0.0,40
2023-05-11 09:44:23,HO2403-P-2800,HO2403-P-2800,190.0,0.0,0.0,0.0,1,207.8,212.6,6,190.0,0.0,0.0,0.0,0.0,0.0,40
2023-05-11 09:44:28,HO2403-P-2800,HO2403-P-2800,190.0,0.0,0.0,0.0,4,207.8,212.6,6,190.0,0.0,0.0,0.0,0.0,0.0,40
2023-05-11 09:44:35,HO2403-P-2800,HO2403-P-2800,190.0,0.0,0.0,0.0,1,207.8,212.6,6,190.0,0.0,0.0,0.0,0.0,0.0,40
2023-05-11 09:44:39,HO2403-P-2800,HO2403-P-2800,190.0,0.0,0.0,0.0,4,207.8,212.6,6,190.0,0.0,0.0,0.0,0.0,0.0,40
2023-05-11 09:44:39,HO2403-P-2800,HO2403-P-2800,190.0,0.0,0.0,0.0,1,207.8,212.6,6,190.0,0.0,0.0,0.0,0.0,0.0,40
2023-05-11 09:44:44,HO2403-P-2800,HO2403-P-2800,190.0,0.0,0.0,0.0,4,207.8,212.6,6,190.0,0.0,0.0,0.0,0.0,0.0,40
2023-05-11 09:44:44,HO2403-P-2800,HO2403-P-2800,190.0,0.0,0.0,0.0,1,207.8,212.6,6,190.0,0.0,0.0,0.0,0.0,0.0,40
2023-05-11 09:44:49,HO2403-P-2800,HO2403-P-2800,190.0,0.0,0.0,0.0,4,207.8,212.6,6,190.0,0.0,0.0,0.0,0.0,0.0,40
2023-05-11 09:44:52,HO2403-P-2800,HO2403-P-2800,190.0,0.0,0.0,0.0,1,207.8,212.6,6,190.0,0.0,0.0,0.0,0.0,0.0,40
2023-05-11 09:45:01,HO2403-P-2800,HO2403-P-2800,190.0,0.0,0.0,0.0,6,206.8,212.6,6,190.0,0.0,0.0,0.0,0.0,0.0,40
2023-05-11 09:45:02,HO2403-P-2800,HO2403-P-2800,190.0,0.0,0.0,0.0,3,207.0,212.6,6,190.0,0.0,0.0,0.0,0.0,0.0,40
2023-05-11 09:45:03,HO2403-P-2800,HO2403-P-2800,190.0,0.0,0.0,0.0,6,206.8,212.6,6,190.0,0.0,0.0,0.0,0.0,0.0,40
2023-05-11 09:45:03,HO2403-P-2800,HO2403-P-2800,190.0,0.0,0.0,0.0,9,206.8,212.6,6,190.0,0.0,0.0,0.0,0.0,0.0,40
2023-05-11 09:45:09,HO2403-P-2800,HO2403-P-2800,190.0,0.0,0.0,0.0,6,206.8,212.6,6,190.0,0.0,0.0,0.0,0.0,0.0,40
2023-05-11 09:45:10,HO2403-P-2800,HO2403-P-2800,190.0,0.0,0.0,0.0,6,206.8,212.4,6,190.0,0.0,0.0,0.0,0.0,0.0,40
2023-05-11 09:45:13,HO2403-P-2800,HO2403-P-2800,190.0,0.0,0.0,0.0,9,206.8,212.4,6,190.0,0.0,0.0,0.0,0.0,0.0,40
2023-05-11 09:45:14,HO2403-P-2800,HO2403-P-2800,190.0,0.0,0.0,0.0,6,206.8,212.4,6,190.0,0.0,0.0,0.0,0.0,0.0,40
2023-05-11 09:45:14,HO2403-P-2800,HO2403-P-2800,190.0,0.0,0.0,0.0,9,206.8,212.4,6,190.0,0.0,0.0,0.0,0.0,0.0,40
2023-05-11 09:45:15,HO2403-P-2800,HO2403-P-2800,190.0,0.0,0.0,0.0,6,206.8,212.4,6,190.0,0.0,0.0,0.0,0.0,0.0,40
2023-05-11 09:45:17,HO2403-P-2800,HO2403-P-2800,190.0,0.0,0.0,0.0,6,206.8,212.4,7,190.0,0.0,0.0,0.0,0.0,0.0,40
2023-05-11 09:45:24,HO2403-P-2800,HO2403-P-2800,190.0,0.0,0.0,0.0,9,206.8,212.4,7,190.0,0.0,0.0,0.0,0.0,0.0,40
2023-05-11 09:45:25,HO2403-P-2800,HO2403-P-2800,190.0,0.0,0.0,0.0,6,206.8,212.4,7,190.0,0.0,0.0,0.0,0.0,0.0,40
2023-05-11 09:45:26,HO2403-P-2800,HO2403-P-2800,190.0,0.0,0.0,0.0,9,206.8,212.4,7,190.0,0.0,0.0,0.0,0.0,0.0,40
2023-05-11 09:45:30,HO2403-P-2800,HO2403-P-2800,190.0,0.0,0.0,0.0,9,206.8,212.2,1,190.0,0.0,0.0,0.0,0.0,0.0,40
2023-05-11 09:45:31,HO2403-P-2800,HO2403-P-2800,190.0,0.0,0.0,0.0,6,206.8,212.2,1,190.0,0.0,0.0,0.0,0.0,0.0,40
2023-05-11 09:45:33,HO2403-P-2800,HO2403-P-2800,190.0,0.0,0.0,0.0,9,206.8,212.2,1,190.0,0.0,0.0,0.0,0.0,0.0,40
2023-05-11 09:45:33,HO2403-P-2800,HO2403-P-2800,190.0,0.0,0.0,0.0,6,206.8,212.2,1,190.0,0.0,0.0,0.0,0.0,0.0,40
2023-05-11 09:45:42,HO2403-P-2800,HO2403-P-2800,190.0,0.0,0.0,0.0,9,206.8,212.2,1,190.0,0.0,0.0,0.0,0.0,0.0,40
2023-05-11 09:45:42,HO2403-P-2800,HO2403-P-2800,190.0,0.0,0.0,0.0,6,206.8,212.2,1,190.0,0.0,0.0,0.0,0.0,0.0,40
2023-05-11 09:45:45,HO2403-P-2800,HO2403-P-2800,190.0,0.0,0.0,0.0,9,206.8,212.2,1,190.0,0.0,0.0,0.0,0.0,0.0,40
2023-05-11 09:45:45,HO2403-P-2800,HO2403-P-2800,190.0,0.0,0.0,0.0,6,206.8,212.2,1,190.0,0.0,0.0,0.0,0.0,0.0,40
2023-05-11 09:45:47,HO2403-P-2800,HO2403-P-2800,190.0,0.0,0.0,0.0,6,206.8,212.0,1,190.0,0.0,0.0,0.0,0.0,0.0,40
2023-05-11 09:45:52,HO2403-P-2800,HO2403-P-2800,190.0,0.0,0.0,0.0,12,206.6,211.8,6,190.0,0.0,0.0,0.0,0.0,0.0,40
2023-05-11 09:45:52,HO2403-P-2800,HO2403-P-2800,190.0,0.0,0.0,0.0,18,206.4,211.8,7,190.0,0.0,0.0,0.0,0.0,0.0,40
2023-05-11 09:45:53,HO2403-P-2800,HO2403-P-2800,190.0,0.0,0.0,0.0,6,206.4,211.8,7,190.0,0.0,0.0,0.0,0.0,0.0,40
2023-05-11 09:45:53,HO2403-P-2800,HO2403-P-2800,190.0,0.0,0.0,0.0,24,206.2,211.8,7,190.0,0.0,0.0,0.0,0.0,0.0,40
2023-05-11 09:45:55,HO2403-P-2800,HO2403-P-2800,190.0,0.0,0.0,0.0,18,206.2,211.8,7,190.0,0.0,0.0,0.0,0.0,0.0,40
2023-05-11 09:45:55,HO2403-P-2800,HO2403-P-2800,190.0,0.0,0.0,0.0,21,206.2,211.8,7,190.0,0.0,0.0,0.0,0.0,0.0,40
2023-05-11 09:45:56,HO2403-P-2800,HO2403-P-2800,190.0,0.0,0.0,0.0,18,206.2,211.8,7,190.0,0.0,0.0,0.0,0.0,0.0,40
2023-05-11 09:45:57,HO2403-P-2800,HO2403-P-2800,190.0,0.0,0.0,0.0,21,206.2,211.8,7,190.0,0.0,0.0,0.0,0.0,0.0,40
2023-05-11 09:45:58,HO2403-P-2800,HO2403-P-2800,190.0,0.0,0.0,0.0,18,206.2,211.8,7,190.0,0.0,0.0,0.0,0.0,0.0,40
2023-05-11 09:45:59,HO2403-P-2800,HO2403-P-2800,190.0,0.0,0.0,0.0,21,206.2,211.8,7,190.0,0.0,0.0,0.0,0.0,0.0,40
2023-05-11 09:46:03,HO2403-P-2800,HO2403-P-2800,190.0,0.0,0.0,0.0,6,206.4,211.8,1,190.0,0.0,0.0,0.0,0.0,0.0,40
2023-05-11 09:46:04,HO2403-P-2800,HO2403-P-2800,190.0,0.0,0.0,0.0,3,206.6,211.8,1,190.0,0.0,0.0,0.0,0.0,0.0,40
2023-05-11 09:46:11,HO2403-P-2800,HO2403-P-2800,190.0,0.0,0.0,0.0,6,206.4,211.8,1,190.0,0.0,0.0,0.0,0.0,0.0,40
2023-05-11 09:46:12,HO2403-P-2800,HO2403-P-2800,190.0,0.0,0.0,0.0,9,206.4,211.8,1,190.0,0.0,0.0,0.0,0.0,0.0,40
2023-05-11 09:46:12,HO2403-P-2800,HO2403-P-2800,190.0,0.0,0.0,0.0,9,206.4,211.6,1,190.0,0.0,0.0,0.0,0.0,0.0,40
2023-05-11 09:46:13,HO2403-P-2800,HO2403-P-2800,190.0,0.0,0.0,0.0,19,206.2,211.6,1,190.0,0.0,0.0,0.0,0.0,0.0,40
2023-05-11 09:46:13,HO2403-P-2800,HO2403-P-2800,190.0,0.0,0.0,0.0,22,206.2,211.6,1,190.0,0.0,0.0,0.0,0.0,0.0,40
2023-05-11 09:46:15,HO2403-P-2800,HO2403-P-2800,190.0,0.0,0.0,0.0,19,206.2,211.6,1,190.0,0.0,0.0,0.0,0.0,0.0,40
2023-05-11 09:46:15,HO2403-P-2800,HO2403-P-2800,190.0,0.0,0.0,0.0,22,206.2,211.6,1,190.0,0.0,0.0,0.0,0.0,0.0,40
2023-05-11 09:46:18,HO2403-P-2800,HO2403-P-2800,190.0,0.0,0.0,0.0,19,206.2,211.6,1,190.0,0.0,0.0,0.0,0.0,0.0,40
2023-05-11 09:46:21,HO2403-P-2800,HO2403-P-2800,190.0,0.0,0.0,0.0,22,206.2,211.6,1,190.0,0.0,0.0,0.0,0.0,0.0,40
2023-05-11 09:46:21,HO2403-P-2800,HO2403-P-2800,190.0,0.0,0.0,0.0,19,206.2,211.6,1,190.0,0.0,0.0,0.0,0.0,0.0,40
2023-05-11 09:46:22,HO2403-P-2800,HO2403-P-2800,190.0,0.0,0.0,0.0,19,206.2,211.4,1,190.0,0.0,0.0,0.0,0.0,0.0,40
2023-05-11 09:46:23,HO2403-P-2800,HO2403-P-2800,190.0,0.0,0.0,0.0,18,206.2,211.4,1,190.0,0.0,0.0,0.0,0.0,0.0,40
2023-05-11 09:46:23,HO2403-P-2800,HO2403-P-2800,190.0,0.0,0.0,0.0,21,206.2,211.4,1,190.0,0.0,0.0,0.0,0.0,0.0,40
2023-05-11 09:46:24,HO2403-P-2800,HO2403-P-2800,190.0,0.0,0.0,0.0,18,206.2,211.4,1,190.0,0.0,0.0,0.0,0.0,0.0,40
2023-05-11 09:46:29,HO2403-P-2800,HO2403-P-2800,190.0,0.0,0.0,0.0,21,206.2,211.4,1,190.0,0.0,0.0,0.0,0.0,0.0,40
2023-05-11 09:46:29,HO2403-P-2800,HO2403-P-2800,190.0,0.0,0.0,0.0,18,206.2,211.4,1,190.0,0.0,0.0,0.0,0.0,0.0,40
2023-05-11 09:46:30,HO2403-P-2800,HO2403-P-2800,190.0,0.0,0.0,0.0,21,206.2,211.4,1,190.0,0.0,0.0,0.0,0.0,0.0,40
2023-05-11 09:46:31,HO2403-P-2800,HO2403-P-2800,190.0,0.0,0.0,0.0,18,206.2,211.4,1,190.0,0.0,0.0,0.0,0.0,0.0,40
2023-05-11 09:46:31,HO2403-P-2800,HO2403-P-2800,190.0,0.0,0.0,0.0,21,206.2,211.4,1,190.0,0.0,0.0,0.0,0.0,0.0,40
2023-05-11 09:46:32,HO2403-P-2800,HO2403-P-2800,190.0,0.0,0.0,0.0,18,206.2,211.4,1,190.0,0.0,0.0,0.0,0.0,0.0,40
2023-05-11 09:46:33,HO2403-P-2800,HO2403-P-2800,190.0,0.0,0.0,0.0,18,206.2,211.2,1,190.0,0.0,0.0,0.0,0.0,0.0,40
2023-05-11 09:46:34,HO2403-P-2800,HO2403-P-2800,190.0,0.0,0.0,0.0,6,206.2,211.2,7,190.0,0.0,0.0,0.0,0.0,0.0,40
2023-05-11 09:46:34,HO2403-P-2800,HO2403-P-2800,190.0,0.0,0.0,0.0,6,206.0,211.2,7,190.0,0.0,0.0,0.0,0.0,0.0,40
2023-05-11 09:46:35,HO2403-P-2800,HO2403-P-2800,190.0,0.0,0.0,0.0,9,206.0,211.2,7,190.0,0.0,0.0,0.0,0.0,0.0,40
2023-05-11 09:46:38,HO2403-P-2800,HO2403-P-2800,190.0,0.0,0.0,0.0,6,206.0,211.2,7,190.0,0.0,0.0,0.0,0.0,0.0,40
2023-05-11 09:46:40,HO2403-P-2800,HO2403-P-2800,190.0,0.0,0.0,0.0,9,206.0,211.2,7,190.0,0.0,0.0,0.0,0.0,0.0,40
2023-05-11 09:46:40,HO2403-P-2800,HO2403-P-2800,190.0,0.0,0.0,0.0,6,206.0,211.2,7,190.0,0.0,0.0,0.0,0.0,0.0,40
2023-05-11 09:46:41,HO2403-P-2800,HO2403-P-2800,190.0,0.0,0.0,0.0,9,206.0,211.2,7,190.0,0.0,0.0,0.0,0.0,0.0,40
2023-05-11 09:46:49,HO2403-P-2800,HO2403-P-2800,190.0,0.0,0.0,0.0,6,206.0,211.2,7,190.0,0.0,0.0,0.0,0.0,0.0,40
2023-05-11 09:46:49,HO2403-P-2800,HO2403-P-2800,190.0,0.0,0.0,0.0,9,206.0,211.2,7,190.0,0.0,0.0,0.0,0.0,0.0,40
2023-05-11 09:46:51,HO2403-P-2800,HO2403-P-2800,190.0,0.0,0.0,0.0,9,206.0,211.2,6,190.0,0.0,0.0,0.0,0.0,0.0,40
2023-05-11 09:47:41,HO2403-P-2800,HO2403-P-2800,190.0,0.0,0.0,0.0,6,206.0,211.2,7,190.0,0.0,0.0,0.0,0.0,0.0,40
2023-05-11 09:47:42,HO2403-P-2800,HO2403-P-2800,190.0,0.0,0.0,0.0,9,206.0,211.2,7,190.0,0.0,0.0,0.0,0.0,0.0,40
2023-05-11 09:47:42,HO2403-P-2800,HO2403-P-2800,190.0,0.0,0.0,0.0,6,206.0,211.2,7,190.0,0.0,0.0,0.0,0.0,0.0,40
2023-05-11 09:47:43,HO2403-P-2800,HO2403-P-2800,190.0,0.0,0.0,0.0,9,206.0,211.2,7,190.0,0.0,0.0,0.0,0.0,0.0,40
2023-05-11 09:47:47,HO2403-P-2800,HO2403-P-2800,190.0,0.0,0.0,0.0,9,206.0,211.2,6,190.0,0.0,0.0,0.0,0.0,0.0,40
2023-05-11 09:48:47,HO2403-P-2800,HO2403-P-2800,190.0,0.0,0.0,0.0,6,206.0,211.2,6,190.0,0.0,0.0,0.0,0.0,0.0,40
2023-05-11 09:48:47,HO2403-P-2800,HO2403-P-2800,190.0,0.0,0.0,0.0,9,206.0,211.2,6,190.0,0.0,0.0,0.0,0.0,0.0,40
2023-05-11 09:49:05,HO2403-P-2800,HO2403-P-2800,190.0,0.0,0.0,0.0,6,206.2,211.8,6,190.0,0.0,0.0,0.0,0.0,0.0,40
2023-05-11 09:49:05,HO2403-P-2800,HO2403-P-2800,190.0,0.0,0.0,0.0,3,206.4,212.0,12,190.0,0.0,0.0,0.0,0.0,0.0,40
2023-05-11 09:49:06,HO2403-P-2800,HO2403-P-2800,190.0,0.0,0.0,0.0,3,206.4,212.2,24,190.0,0.0,0.0,0.0,0.0,0.0,40
2023-05-11 09:49:06,HO2403-P-2800,HO2403-P-2800,190.0,0.0,0.0,0.0,3,206.4,212.2,18,190.0,0.0,0.0,0.0,0.0,0.0,40
2023-05-11 09:49:39,HO2403-P-2800,HO2403-P-2800,190.0,0.0,0.0,0.0,1,206.6,212.2,18,190.0,0.0,0.0,0.0,0.0,0.0,40
2023-05-11 09:49:40,HO2403-P-2800,HO2403-P-2800,190.0,0.0,0.0,0.0,3,206.8,212.2,18,190.0,0.0,0.0,0.0,0.0,0.0,40
2023-05-11 09:49:54,HO2403-P-2800,HO2403-P-2800,190.0,0.0,0.0,0.0,1,206.6,212.2,18,190.0,0.0,0.0,0.0,0.0,0.0,40
2023-05-11 09:49:55,HO2403-P-2800,HO2403-P-2800,190.0,0.0,0.0,0.0,4,206.6,212.2,18,190.0,0.0,0.0,0.0,0.0,0.0,40
2023-05-11 09:50:12,HO2403-P-2800,HO2403-P-2800,190.0,0.0,0.0,0.0,1,206.6,212.2,24,190.0,0.0,0.0,0.0,0.0,0.0,40
2023-05-11 09:50:17,HO2403-P-2800,HO2403-P-2800,190.0,0.0,0.0,0.0,6,206.2,212.2,24,190.0,0.0,0.0,0.0,0.0,0.0,40
2023-05-11 09:50:18,HO2403-P-2800,HO2403-P-2800,190.0,0.0,0.0,0.0,9,206.2,212.2,24,190.0,0.0,0.0,0.0,0.0,0.0,40
2023-05-11 09:50:18,HO2403-P-2800,HO2403-P-2800,190.0,0.0,0.0,0.0,6,206.2,212.2,24,190.0,0.0,0.0,0.0,0.0,0.0,40
2023-05-11 09:50:19,HO2403-P-2800,HO2403-P-2800,190.0,0.0,0.0,0.0,9,206.2,212.2,24,190.0,0.0,0.0,0.0,0.0,0.0,40
2023-05-11 09:50:23,HO2403-P-2800,HO2403-P-2800,190.0,0.0,0.0,0.0,6,206.2,212.2,24,190.0,0.0,0.0,0.0,0.0,0.0,40
2023-05-11 09:50:23,HO2403-P-2800,HO2403-P-2800,190.0,0.0,0.0,0.0,9,206.2,212.2,24,190.0,0.0,0.0,0.0,0.0,0.0,40
2023-05-11 09:50:25,HO2403-P-2800,HO2403-P-2800,190.0,0.0,0.0,0.0,6,206.2,212.2,24,190.0,0.0,0.0,0.0,0.0,0.0,40
2023-05-11 09:50:26,HO2403-P-2800,HO2403-P-2800,190.0,0.0,0.0,0.0,9,206.2,212.2,24,190.0,0.0,0.0,0.0,0.0,0.0,40
2023-05-11 09:50:31,HO2403-P-2800,HO2403-P-2800,190.0,0.0,0.0,0.0,6,206.2,212.2,24,190.0,0.0,0.0,0.0,0.0,0.0,40
2023-05-11 09:50:32,HO2403-P-2800,HO2403-P-2800,190.0,0.0,0.0,0.0,24,206.0,212.0,6,190.0,0.0,0.0,0.0,0.0,0.0,40
2023-05-11 09:50:32,HO2403-P-2800,HO2403-P-2800,190.0,0.0,0.0,0.0,12,206.0,212.0,6,190.0,0.0,0.0,0.0,0.0,0.0,40
2023-05-11 09:50:33,HO2403-P-2800,HO2403-P-2800,190.0,0.0,0.0,0.0,3,206.0,212.0,6,190.0,0.0,0.0,0.0,0.0,0.0,40
2023-05-11 09:50:33,HO2403-P-2800,HO2403-P-2800,190.0,0.0,0.0,0.0,18,205.8,212.0,6,190.0,0.0,0.0,0.0,0.0,0.0,40
2023-05-11 09:50:34,HO2403-P-2800,HO2403-P-2800,190.0,0.0,0.0,0.0,15,205.8,212.0,6,190.0,0.0,0.0,0.0,0.0,0.0,40
2023-05-11 09:50:34,HO2403-P-2800,HO2403-P-2800,190.0,0.0,0.0,0.0,9,205.8,212.0,6,190.0,0.0,0.0,0.0,0.0,0.0,40
2023-05-11 09:50:35,HO2403-P-2800,HO2403-P-2800,190.0,0.0,0.0,0.0,3,205.8,212.0,6,190.0,0.0,0.0,0.0,0.0,0.0,40
2023-05-11 09:50:48,HO2403-P-2800,HO2403-P-2800,190.0,0.0,0.0,0.0,3,205.8,212.0,7,190.0,0.0,0.0,0.0,0.0,0.0,40
2023-05-11 09:50:58,HO2403-P-2800,HO2403-P-2800,190.0,0.0,0.0,0.0,3,205.8,211.8,1,190.0,0.0,0.0,0.0,0.0,0.0,40
2023-05-11 09:51:08,HO2403-P-2800,HO2403-P-2800,190.0,0.0,0.0,0.0,3,205.8,212.0,6,190.0,0.0,0.0,0.0,0.0,0.0,40
2023-05-11 09:51:20,HO2403-P-2800,HO2403-P-2800,190.0,0.0,0.0,0.0,6,206.0,212.2,37,190.0,0.0,0.0,0.0,0.0,0.0,40
2023-05-11 09:51:20,HO2403-P-2800,HO2403-P-2800,190.0,0.0,0.0,0.0,3,206.2,212.2,25,190.0,0.0,0.0,0.0,0.0,0.0,40
2023-05-11 09:51:25,HO2403-P-2800,HO2403-P-2800,190.0,0.0,0.0,0.0,6,206.0,212.2,25,190.0,0.0,0.0,0.0,0.0,0.0,40
2023-05-11 09:51:25,HO2403-P-2800,HO2403-P-2800,190.0,0.0,0.0,0.0,9,206.0,212.2,25,190.0,0.0,0.0,0.0,0.0,0.0,40
2023-05-11 09:51:28,HO2403-P-2800,HO2403-P-2800,190.0,0.0,0.0,0.0,9,206.0,212.0,1,190.0,0.0,0.0,0.0,0.0,0.0,40
2023-05-11 09:51:38,HO2403-P-2800,HO2403-P-2800,190.0,0.0,0.0,0.0,9,206.0,211.8,1,190.0,0.0,0.0,0.0,0.0,0.0,40
2023-05-11 09:51:57,HO2403-P-2800,HO2403-P-2800,190.0,0.0,0.0,0.0,9,206.0,211.6,1,190.0,0.0,0.0,0.0,0.0,0.0,40
2023-05-11 09:52:01,HO2403-P-2800,HO2403-P-2800,190.0,0.0,0.0,0.0,6,206.0,211.6,1,190.0,0.0,0.0,0.0,0.0,0.0,40
2023-05-11 09:52:02,HO2403-P-2800,HO2403-P-2800,190.0,0.0,0.0,0.0,9,206.0,211.6,1,190.0,0.0,0.0,0.0,0.0,0.0,40
2023-05-11 09:52:06,HO2403-P-2800,HO2403-P-2800,190.0,0.0,0.0,0.0,6,206.0,211.6,1,190.0,0.0,0.0,0.0,0.0,0.0,40
2023-05-11 09:52:06,HO2403-P-2800,HO2403-P-2800,190.0,0.0,0.0,0.0,9,206.0,211.6,1,190.0,0.0,0.0,0.0,0.0,0.0,40
2023-05-11 09:52:08,HO2403-P-2800,HO2403-P-2800,190.0,0.0,0.0,0.0,9,206.0,211.4,1,190.0,0.0,0.0,0.0,0.0,0.0,40
2023-05-11 09:52:09,HO2403-P-2800,HO2403-P-2800,190.0,0.0,0.0,0.0,6,206.0,211.4,1,190.0,0.0,0.0,0.0,0.0,0.0,40
2023-05-11 09:52:10,HO2403-P-2800,HO2403-P-2800,190.0,0.0,0.0,0.0,9,206.0,211.4,1,190.0,0.0,0.0,0.0,0.0,0.0,40
2023-05-11 09:52:20,HO2403-P-2800,HO2403-P-2800,190.0,0.0,0.0,0.0,9,206.0,212.0,1,190.0,0.0,0.0,0.0,0.0,0.0,40
2023-05-11 09:52:37,HO2403-P-2800,HO2403-P-2800,190.0,0.0,0.0,0.0,9,206.0,211.8,1,190.0,0.0,0.0,0.0,0.0,0.0,40
2023-05-11 09:52:38,HO2403-P-2800,HO2403-P-2800,190.0,0.0,0.0,0.0,6,205.8,211.8,7,190.0,0.0,0.0,0.0,0.0,0.0,40
2023-05-11 09:52:39,HO2403-P-2800,HO2403-P-2800,190.0,0.0,0.0,0.0,9,205.8,211.8,7,190.0,0.0,0.0,0.0,0.0,0.0,40
2023-05-11 09:52:47,HO2403-P-2800,HO2403-P-2800,190.0,0.0,0.0,0.0,9,205.8,211.6,1,190.0,0.0,0.0,0.0,0.0,0.0,40
2023-05-11 09:52:57,HO2403-P-2800,HO2403-P-2800,190.0,0.0,0.0,0.0,9,205.8,211.4,1,190.0,0.0,0.0,0.0,0.0,0.0,40
2023-05-11 09:53:07,HO2403-P-2800,HO2403-P-2800,190.0,0.0,0.0,0.0,9,205.8,211.2,1,190.0,0.0,0.0,0.0,0.0,0.0,40
2023-05-11 09:53:18,HO2403-P-2800,HO2403-P-2800,190.0,0.0,0.0,0.0,9,205.8,211.0,1,190.0,0.0,0.0,0.0,0.0,0.0,40
2023-05-11 09:53:19,HO2403-P-2800,HO2403-P-2800,190.0,0.0,0.0,0.0,9,205.8,211.0,7,190.0,0.0,0.0,0.0,0.0,0.0,40
2023-05-11 09:53:30,HO2403-P-2800,HO2403-P-2800,190.0,0.0,0.0,0.0,9,205.8,210.8,1,190.0,0.0,0.0,0.0,0.0,0.0,40
2023-05-11 09:53:45,HO2403-P-2800,HO2403-P-2800,190.0,0.0,0.0,0.0,12,205.6,210.6,1,190.0,0.0,0.0,0.0,0.0,0.0,40
2023-05-11 09:53:45,HO2403-P-2800,HO2403-P-2800,190.0,0.0,0.0,0.0,3,205.8,210.6,1,190.0,0.0,0.0,0.0,0.0,0.0,40
2023-05-11 09:53:51,HO2403-P-2800,HO2403-P-2800,190.0,0.0,0.0,0.0,3,205.8,211.0,18,190.0,0.0,0.0,0.0,0.0,0.0,40
2023-05-11 09:54:01,HO2403-P-2800,HO2403-P-2800,190.0,0.0,0.0,0.0,36,205.0,211.0,18,190.0,0.0,0.0,0.0,0.0,0.0,40
2023-05-11 09:54:02,HO2403-P-2800,HO2403-P-2800,190.0,0.0,0.0,0.0,4,205.2,211.0,18,190.0,0.0,0.0,0.0,0.0,0.0,40
2023-05-11 09:54:07,HO2403-P-2800,HO2403-P-2800,190.0,0.0,0.0,0.0,4,205.2,211.0,12,190.0,0.0,0.0,0.0,0.0,0.0,40
2023-05-11 09:54:34,HO2403-P-2800,HO2403-P-2800,190.0,0.0,0.0,0.0,6,205.4,211.0,6,190.0,0.0,0.0,0.0,0.0,0.0,40
2023-05-11 09:54:35,HO2403-P-2800,HO2403-P-2800,190.0,0.0,0.0,0.0,3,205.6,211.0,6,190.0,0.0,0.0,0.0,0.0,0.0,40
2023-05-11 09:54:37,HO2403-P-2800,HO2403-P-2800,190.0,0.0,0.0,0.0,6,205.4,211.0,6,190.0,0.0,0.0,0.0,0.0,0.0,40
2023-05-11 09:54:37,HO2403-P-2800,HO2403-P-2800,190.0,0.0,0.0,0.0,9,205.4,211.0,6,190.0,0.0,0.0,0.0,0.0,0.0,40
2023-05-11 09:54:39,HO2403-P-2800,HO2403-P-2800,190.0,0.0,0.0,0.0,6,205.4,211.0,6,190.0,0.0,0.0,0.0,0.0,0.0,40
2023-05-11 09:54:39,HO2403-P-2800,HO2403-P-2800,190.0,0.0,0.0,0.0,9,205.4,211.0,6,190.0,0.0,0.0,0.0,0.0,0.0,40
2023-05-11 09:54:40,HO2403-P-2800,HO2403-P-2800,190.0,0.0,0.0,0.0,6,205.4,211.0,6,190.0,0.0,0.0,0.0,0.0,0.0,40
2023-05-11 09:54:40,HO2403-P-2800,HO2403-P-2800,190.0,0.0,0.0,0.0,9,205.4,211.0,6,190.0,0.0,0.0,0.0,0.0,0.0,40
2023-05-11 09:55:11,HO2403-P-2800,HO2403-P-2800,190.0,0.0,0.0,0.0,12,205.2,211.0,6,190.0,0.0,0.0,0.0,0.0,0.0,40
2023-05-11 09:55:11,HO2403-P-2800,HO2403-P-2800,190.0,0.0,0.0,0.0,9,205.2,211.0,6,190.0,0.0,0.0,0.0,0.0,0.0,40
2023-05-11 09:55:12,HO2403-P-2800,HO2403-P-2800,190.0,0.0,0.0,0.0,6,205.2,211.0,6,190.0,0.0,0.0,0.0,0.0,0.0,40
2023-05-11 09:55:15,HO2403-P-2800,HO2403-P-2800,190.0,0.0,0.0,0.0,9,205.2,211.0,6,190.0,0.0,0.0,0.0,0.0,0.0,40
2023-05-11 09:55:15,HO2403-P-2800,HO2403-P-2800,190.0,0.0,0.0,0.0,6,205.2,211.0,6,190.0,0.0,0.0,0.0,0.0,0.0,40
2023-05-11 09:55:16,HO2403-P-2800,HO2403-P-2800,190.0,0.0,0.0,0.0,6,205.2,211.0,7,190.0,0.0,0.0,0.0,0.0,0.0,40
2023-05-11 09:55:17,HO2403-P-2800,HO2403-P-2800,190.0,0.0,0.0,0.0,9,205.2,211.0,7,190.0,0.0,0.0,0.0,0.0,0.0,40
2023-05-11 09:55:17,HO2403-P-2800,HO2403-P-2800,190.0,0.0,0.0,0.0,6,205.2,211.0,7,190.0,0.0,0.0,0.0,0.0,0.0,40
2023-05-11 09:55:19,HO2403-P-2800,HO2403-P-2800,190.0,0.0,0.0,0.0,9,205.2,211.0,7,190.0,0.0,0.0,0.0,0.0,0.0,40
2023-05-11 09:55:25,HO2403-P-2800,HO2403-P-2800,190.0,0.0,0.0,0.0,9,205.2,211.0,6,190.0,0.0,0.0,0.0,0.0,0.0,40
2023-05-11 09:56:20,HO2403-P-2800,HO2403-P-2800,190.0,0.0,0.0,0.0,9,205.2,211.0,7,190.0,0.0,0.0,0.0,0.0,0.0,40
2023-05-11 09:56:21,HO2403-P-2800,HO2403-P-2800,190.0,0.0,0.0,0.0,6,205.2,211.0,7,190.0,0.0,0.0,0.0,0.0,0.0,40
2023-05-11 09:56:23,HO2403-P-2800,HO2403-P-2800,190.0,0.0,0.0,0.0,9,205.2,211.0,7,190.0,0.0,0.0,0.0,0.0,0.0,40
2023-05-11 09:56:31,HO2403-P-2800,HO2403-P-2800,190.0,0.0,0.0,0.0,6,205.2,210.8,1,190.0,0.0,0.0,0.0,0.0,0.0,40
2023-05-11 09:56:34,HO2403-P-2800,HO2403-P-2800,190.0,0.0,0.0,0.0,9,205.2,210.8,1,190.0,0.0,0.0,0.0,0.0,0.0,40
2023-05-11 09:56:36,HO2403-P-2800,HO2403-P-2800,190.0,0.0,0.0,0.0,9,205.2,211.0,6,190.0,0.0,0.0,0.0,0.0,0.0,40
2023-05-11 09:56:40,HO2403-P-2800,HO2403-P-2800,190.0,0.0,0.0,0.0,6,205.2,211.0,6,190.0,0.0,0.0,0.0,0.0,0.0,40
2023-05-11 09:56:41,HO2403-P-2800,HO2403-P-2800,190.0,0.0,0.0,0.0,9,205.2,211.0,6,190.0,0.0,0.0,0.0,0.0,0.0,40
2023-05-11 09:56:45,HO2403-P-2800,HO2403-P-2800,190.0,0.0,0.0,0.0,6,205.2,211.0,6,190.0,0.0,0.0,0.0,0.0,0.0,40
2023-05-11 09:56:47,HO2403-P-2800,HO2403-P-2800,190.0,0.0,0.0,0.0,9,205.2,211.0,6,190.0,0.0,0.0,0.0,0.0,0.0,40
2023-05-11 09:56:52,HO2403-P-2800,HO2403-P-2800,190.0,0.0,0.0,0.0,6,205.2,211.0,6,190.0,0.0,0.0,0.0,0.0,0.0,40
2023-05-11 09:56:53,HO2403-P-2800,HO2403-P-2800,190.0,0.0,0.0,0.0,9,205.2,211.0,6,190.0,0.0,0.0,0.0,0.0,0.0,40
2023-05-11 09:57:00,HO2403-P-2800,HO2403-P-2800,190.0,0.0,0.0,0.0,9,205.2,211.0,7,190.0,0.0,0.0,0.0,0.0,0.0,40
2023-05-11 09:57:01,HO2403-P-2800,HO2403-P-2800,190.0,0.0,0.0,0.0,6,205.2,211.0,7,190.0,0.0,0.0,0.0,0.0,0.0,40
2023-05-11 09:57:06,HO2403-P-2800,HO2403-P-2800,190.0,0.0,0.0,0.0,9,205.2,211.0,7,190.0,0.0,0.0,0.0,0.0,0.0,40
2023-05-11 09:57:07,HO2403-P-2800,HO2403-P-2800,190.0,0.0,0.0,0.0,6,205.2,211.0,7,190.0,0.0,0.0,0.0,0.0,0.0,40
2023-05-11 09:57:23,HO2403-P-2800,HO2403-P-2800,190.0,0.0,0.0,0.0,6,205.2,210.8,1,190.0,0.0,0.0,0.0,0.0,0.0,40
2023-05-11 09:57:23,HO2403-P-2800,HO2403-P-2800,190.0,0.0,0.0,0.0,6,205.2,211.0,6,190.0,0.0,0.0,0.0,0.0,0.0,40
2023-05-11 09:57:30,HO2403-P-2800,HO2403-P-2800,190.0,0.0,0.0,0.0,18,205.0,210.8,6,190.0,0.0,0.0,0.0,0.0,0.0,40
2023-05-11 09:57:31,HO2403-P-2800,HO2403-P-2800,190.0,0.0,0.0,0.0,12,205.0,210.8,6,190.0,0.0,0.0,0.0,0.0,0.0,40
2023-05-11 09:57:31,HO2403-P-2800,HO2403-P-2800,190.0,0.0,0.0,0.0,12,204.8,210.8,6,190.0,0.0,0.0,0.0,0.0,0.0,40
2023-05-11 09:57:32,HO2403-P-2800,HO2403-P-2800,190.0,0.0,0.0,0.0,3,204.8,210.8,6,190.0,0.0,0.0,0.0,0.0,0.0,40
2023-05-11 09:58:27,HO2403-P-2800,HO2403-P-2800,190.0,0.0,0.0,0.0,6,205.0,211.0,12,190.0,0.0,0.0,0.0,0.0,0.0,40
2023-05-11 09:58:27,HO2403-P-2800,HO2403-P-2800,190.0,0.0,0.0,0.0,3,205.2,211.0,6,190.0,0.0,0.0,0.0,0.0,0.0,40
2023-05-11 09:59:50,HO2403-P-2800,HO2403-P-2800,190.0,0.0,0.0,0.0,6,205.4,211.0,6,190.0,0.0,0.0,0.0,0.0,0.0,40
2023-05-11 09:59:51,HO2403-P-2800,HO2403-P-2800,190.0,0.0,0.0,0.0,3,205.6,211.0,6,190.0,0.0,0.0,0.0,0.0,0.0,40
2023-05-11 10:00:09,HO2403-P-2800,HO2403-P-2800,190.0,0.0,0.0,0.0,6,205.8,211.0,6,190.0,0.0,0.0,0.0,0.0,0.0,40
2023-05-11 10:00:10,HO2403-P-2800,HO2403-P-2800,190.0,0.0,0.0,0.0,3,206.0,211.0,6,190.0,0.0,0.0,0.0,0.0,0.0,40
2023-05-11 10:00:14,HO2403-P-2800,HO2403-P-2800,190.0,0.0,0.0,0.0,6,205.8,211.0,6,190.0,0.0,0.0,0.0,0.0,0.0,40
2023-05-11 10:00:14,HO2403-P-2800,HO2403-P-2800,190.0,0.0,0.0,0.0,3,205.8,211.0,6,190.0,0.0,0.0,0.0,0.0,0.0,40
2023-05-11 10:00:18,HO2403-P-2800,HO2403-P-2800,190.0,0.0,0.0,0.0,6,205.0,211.0,6,190.0,0.0,0.0,0.0,0.0,0.0,40
2023-05-11 10:00:18,HO2403-P-2800,HO2403-P-2800,190.0,0.0,0.0,0.0,3,205.2,211.0,6,190.0,0.0,0.0,0.0,0.0,0.0,40
2023-05-11 10:00:26,HO2403-P-2800,HO2403-P-2800,190.0,0.0,0.0,0.0,3,205.2,211.0,12,190.0,0.0,0.0,0.0,0.0,0.0,40
2023-05-11 10:00:50,HO2403-P-2800,HO2403-P-2800,190.0,0.0,0.0,0.0,6,205.4,211.0,6,190.0,0.0,0.0,0.0,0.0,0.0,40
2023-05-11 10:00:51,HO2403-P-2800,HO2403-P-2800,190.0,0.0,0.0,0.0,3,205.6,211.0,6,190.0,0.0,0.0,0.0,0.0,0.0,40
2023-05-11 10:01:04,HO2403-P-2800,HO2403-P-2800,190.0,0.0,0.0,0.0,6,205.4,211.0,6,190.0,0.0,0.0,0.0,0.0,0.0,40
2023-05-11 10:01:04,HO2403-P-2800,HO2403-P-2800,190.0,0.0,0.0,0.0,3,205.4,211.0,6,190.0,0.0,0.0,0.0,0.0,0.0,40
2023-05-11 10:01:06,HO2403-P-2800,HO2403-P-2800,190.0,0.0,0.0,0.0,6,204.8,211.0,6,190.0,0.0,0.0,0.0,0.0,0.0,40
2023-05-11 10:01:06,HO2403-P-2800,HO2403-P-2800,190.0,0.0,0.0,0.0,3,205.0,211.0,6,190.0,0.0,0.0,0.0,0.0,0.0,40
2023-05-11 10:01:10,HO2403-P-2800,HO2403-P-2800,190.0,0.0,0.0,0.0,6,205.2,211.0,6,190.0,0.0,0.0,0.0,0.0,0.0,40
2023-05-11 10:01:10,HO2403-P-2800,HO2403-P-2800,190.0,0.0,0.0,0.0,3,205.4,211.0,6,190.0,0.0,0.0,0.0,0.0,0.0,40
2023-05-11 10:01:25,HO2403-P-2800,HO2403-P-2800,190.0,0.0,0.0,0.0,6,205.2,211.0,6,190.0,0.0,0.0,0.0,0.0,0.0,40
2023-05-11 10:01:26,HO2403-P-2800,HO2403-P-2800,190.0,0.0,0.0,0.0,3,205.2,211.0,12,190.0,0.0,0.0,0.0,0.0,0.0,40
2023-05-11 10:01:28,HO2403-P-2800,HO2403-P-2800,190.0,0.0,0.0,0.0,6,204.8,211.0,12,190.0,0.0,0.0,0.0,0.0,0.0,40
2023-05-11 10:01:29,HO2403-P-2800,HO2403-P-2800,190.0,0.0,0.0,0.0,3,205.0,211.0,12,190.0,0.0,0.0,0.0,0.0,0.0,40
2023-05-11 10:01:38,HO2403-P-2800,HO2403-P-2800,190.0,0.0,0.0,0.0,3,205.0,211.0,13,190.0,0.0,0.0,0.0,0.0,0.0,40
2023-05-11 10:01:48,HO2403-P-2800,HO2403-P-2800,190.0,0.0,0.0,0.0,6,204.8,210.8,1,190.0,0.0,0.0,0.0,0.0,0.0,40
2023-05-11 10:01:49,HO2403-P-2800,HO2403-P-2800,190.0,0.0,0.0,0.0,9,204.8,210.8,1,190.0,0.0,0.0,0.0,0.0,0.0,40
2023-05-11 10:01:56,HO2403-P-2800,HO2403-P-2800,190.0,0.0,0.0,0.0,6,204.8,210.8,1,190.0,0.0,0.0,0.0,0.0,0.0,40
2023-05-11 10:01:58,HO2403-P-2800,HO2403-P-2800,190.0,0.0,0.0,0.0,9,204.8,210.6,1,190.0,0.0,0.0,0.0,0.0,0.0,40
2023-05-11 10:01:59,HO2403-P-2800,HO2403-P-2800,190.0,0.0,0.0,0.0,6,204.8,210.6,1,190.0,0.0,0.0,0.0,0.0,0.0,40
2023-05-11 10:02:00,HO2403-P-2800,HO2403-P-2800,190.0,0.0,0.0,0.0,24,204.6,210.4,6,190.0,0.0,0.0,0.0,0.0,0.0,40
2023-05-11 10:02:00,HO2403-P-2800,HO2403-P-2800,190.0,0.0,0.0,0.0,21,204.6,210.4,6,190.0,0.0,0.0,0.0,0.0,0.0,40
2023-05-11 10:02:04,HO2403-P-2800,HO2403-P-2800,190.0,0.0,0.0,0.0,12,204.6,210.2,6,190.0,0.0,0.0,0.0,0.0,0.0,40
2023-05-11 10:02:05,HO2403-P-2800,HO2403-P-2800,190.0,0.0,0.0,0.0,30,204.2,210.0,6,190.0,0.0,0.0,0.0,0.0,0.0,40
2023-05-11 10:02:05,HO2403-P-2800,HO2403-P-2800,190.0,0.0,0.0,0.0,3,204.4,210.0,6,190.0,0.0,0.0,0.0,0.0,0.0,40
2023-05-11 10:02:06,HO2403-P-2800,HO2403-P-2800,190.0,0.0,0.0,0.0,30,204.2,210.0,6,190.0,0.0,0.0,0.0,0.0,0.0,40
2023-05-11 10:02:06,HO2403-P-2800,HO2403-P-2800,190.0,0.0,0.0,0.0,33,204.2,210.0,6,190.0,0.0,0.0,0.0,0.0,0.0,40
2023-05-11 10:02:16,HO2403-P-2800,HO2403-P-2800,190.0,0.0,0.0,0.0,33,204.2,210.2,13,190.0,0.0,0.0,0.0,0.0,0.0,40
2023-05-11 10:02:21,HO2403-P-2800,HO2403-P-2800,190.0,0.0,0.0,0.0,33,204.2,210.2,12,190.0,0.0,0.0,0.0,0.0,0.0,40
2023-05-11 10:02:42,HO2403-P-2800,HO2403-P-2800,190.0,0.0,0.0,0.0,6,204.4,210.2,6,190.0,0.0,0.0,0.0,0.0,0.0,40
2023-05-11 10:02:42,HO2403-P-2800,HO2403-P-2800,190.0,0.0,0.0,0.0,3,204.6,210.2,6,190.0,0.0,0.0,0.0,0.0,0.0,40
2023-05-11 10:02:46,HO2403-P-2800,HO2403-P-2800,190.0,0.0,0.0,0.0,3,204.6,210.6,18,190.0,0.0,0.0,0.0,0.0,0.0,40
2023-05-11 10:02:47,HO2403-P-2800,HO2403-P-2800,190.0,0.0,0.0,0.0,3,204.6,210.6,6,190.0,0.0,0.0,0.0,0.0,0.0,40
2023-05-11 10:02:47,HO2403-P-2800,HO2403-P-2800,190.0,0.0,0.0,0.0,3,204.6,210.8,6,190.0,0.0,0.0,0.0,0.0,0.0,40
2023-05-11 10:02:48,HO2403-P-2800,HO2403-P-2800,190.0,0.0,0.0,0.0,3,204.6,211.0,30,190.0,0.0,0.0,0.0,0.0,0.0,40
2023-05-11 10:02:48,HO2403-P-2800,HO2403-P-2800,190.0,0.0,0.0,0.0,3,204.6,211.0,18,190.0,0.0,0.0,0.0,0.0,0.0,40
2023-05-11 10:02:56,HO2403-P-2800,HO2403-P-2800,190.0,0.0,0.0,0.0,6,204.8,211.0,12,190.0,0.0,0.0,0.0,0.0,0.0,40
2023-05-11 10:02:56,HO2403-P-2800,HO2403-P-2800,190.0,0.0,0.0,0.0,3,205.0,211.0,6,190.0,0.0,0.0,0.0,0.0,0.0,40
2023-05-11 10:02:59,HO2403-P-2800,HO2403-P-2800,190.0,0.0,0.0,0.0,6,204.8,211.0,6,190.0,0.0,0.0,0.0,0.0,0.0,40
2023-05-11 10:03:00,HO2403-P-2800,HO2403-P-2800,190.0,0.0,0.0,0.0,9,204.8,211.0,6,190.0,0.0,0.0,0.0,0.0,0.0,40
2023-05-11 10:03:09,HO2403-P-2800,HO2403-P-2800,190.0,0.0,0.0,0.0,10,204.8,211.0,6,190.0,0.0,0.0,0.0,0.0,0.0,40
2023-05-11 10:03:12,HO2403-P-2800,HO2403-P-2800,190.0,0.0,0.0,0.0,15,204.8,211.0,7,190.0,0.0,0.0,0.0,0.0,0.0,40
2023-05-11 10:03:13,HO2403-P-2800,HO2403-P-2800,190.0,0.0,0.0,0.0,21,204.8,211.0,7,190.0,0.0,0.0,0.0,0.0,0.0,40
2023-05-11 10:03:24,HO2403-P-2800,HO2403-P-2800,190.0,0.0,0.0,0.0,21,204.8,210.8,1,190.0,0.0,0.0,0.0,0.0,0.0,40
2023-05-11 10:03:36,HO2403-P-2800,HO2403-P-2800,190.0,0.0,0.0,0.0,21,204.8,210.8,7,190.0,0.0,0.0,0.0,0.0,0.0,40
2023-05-11 10:03:47,HO2403-P-2800,HO2403-P-2800,190.0,0.0,0.0,0.0,21,204.8,210.6,1,190.0,0.0,0.0,0.0,0.0,0.0,40
2023-05-11 10:03:56,HO2403-P-2800,HO2403-P-2800,190.0,0.0,0.0,0.0,15,204.8,210.6,1,190.0,0.0,0.0,0.0,0.0,0.0,40
2023-05-11 10:04:11,HO2403-P-2800,HO2403-P-2800,190.0,0.0,0.0,0.0,12,204.8,210.6,1,190.0,0.0,0.0,0.0,0.0,0.0,40
2023-05-11 10:04:12,HO2403-P-2800,HO2403-P-2800,190.0,0.0,0.0,0.0,9,204.8,210.6,1,190.0,0.0,0.0,0.0,0.0,0.0,40
2023-05-11 10:04:12,HO2403-P-2800,HO2403-P-2800,190.0,0.0,0.0,0.0,6,204.8,210.6,1,190.0,0.0,0.0,0.0,0.0,0.0,40
2023-05-11 10:04:17,HO2403-P-2800,HO2403-P-2800,190.0,0.0,0.0,0.0,6,204.8,210.4,1,190.0,0.0,0.0,0.0,0.0,0.0,40
2023-05-11 10:04:20,HO2403-P-2800,HO2403-P-2800,190.0,0.0,0.0,0.0,9,204.8,210.4,1,190.0,0.0,0.0,0.0,0.0,0.0,40
2023-05-11 10:04:21,HO2403-P-2800,HO2403-P-2800,190.0,0.0,0.0,0.0,6,204.8,210.4,1,190.0,0.0,0.0,0.0,0.0,0.0,40
2023-05-11 10:04:23,HO2403-P-2800,HO2403-P-2800,190.0,0.0,0.0,0.0,9,204.8,210.4,1,190.0,0.0,0.0,0.0,0.0,0.0,40
2023-05-11 10:04:25,HO2403-P-2800,HO2403-P-2800,190.0,0.0,0.0,0.0,6,204.8,210.4,1,190.0,0.0,0.0,0.0,0.0,0.0,40
2023-05-11 10:04:29,HO2403-P-2800,HO2403-P-2800,190.0,0.0,0.0,0.0,9,204.8,210.4,1,190.0,0.0,0.0,0.0,0.0,0.0,40
2023-05-11 10:04:31,HO2403-P-2800,HO2403-P-2800,190.0,0.0,0.0,0.0,6,204.8,210.4,1,190.0,0.0,0.0,0.0,0.0,0.0,40
2023-05-11 10:04:33,HO2403-P-2800,HO2403-P-2800,190.0,0.0,0.0,0.0,6,204.8,210.0,6,190.0,0.0,0.0,0.0,0.0,0.0,40
2023-05-11 10:04:35,HO2403-P-2800,HO2403-P-2800,190.0,0.0,0.0,0.0,9,204.8,210.0,6,190.0,0.0,0.0,0.0,0.0,0.0,40
2023-05-11 10:04:36,HO2403-P-2800,HO2403-P-2800,190.0,0.0,0.0,0.0,6,204.8,210.0,6,190.0,0.0,0.0,0.0,0.0,0.0,40
2023-05-11 10:04:36,HO2403-P-2800,HO2403-P-2800,190.0,0.0,0.0,0.0,9,204.8,210.0,6,190.0,0.0,0.0,0.0,0.0,0.0,40
2023-05-11 10:04:42,HO2403-P-2800,HO2403-P-2800,190.0,0.0,0.0,0.0,6,204.8,210.0,6,190.0,0.0,0.0,0.0,0.0,0.0,40
2023-05-11 10:04:46,HO2403-P-2800,HO2403-P-2800,190.0,0.0,0.0,0.0,9,204.8,210.0,6,190.0,0.0,0.0,0.0,0.0,0.0,40
2023-05-11 10:04:47,HO2403-P-2800,HO2403-P-2800,190.0,0.0,0.0,0.0,6,204.8,210.0,6,190.0,0.0,0.0,0.0,0.0,0.0,40
2023-05-11 10:04:47,HO2403-P-2800,HO2403-P-2800,190.0,0.0,0.0,0.0,9,204.8,210.0,6,190.0,0.0,0.0,0.0,0.0,0.0,40
2023-05-11 10:04:50,HO2403-P-2800,HO2403-P-2800,190.0,0.0,0.0,0.0,6,204.8,210.0,6,190.0,0.0,0.0,0.0,0.0,0.0,40
2023-05-11 10:04:53,HO2403-P-2800,HO2403-P-2800,190.0,0.0,0.0,0.0,9,204.8,210.0,6,190.0,0.0,0.0,0.0,0.0,0.0,40
2023-05-11 10:05:01,HO2403-P-2800,HO2403-P-2800,190.0,0.0,0.0,0.0,9,204.8,210.8,6,190.0,0.0,0.0,0.0,0.0,0.0,40
2023-05-11 10:05:29,HO2403-P-2800,HO2403-P-2800,190.0,0.0,0.0,0.0,6,204.8,210.8,6,190.0,0.0,0.0,0.0,0.0,0.0,40
2023-05-11 10:05:30,HO2403-P-2800,HO2403-P-2800,190.0,0.0,0.0,0.0,3,205.0,210.8,6,190.0,0.0,0.0,0.0,0.0,0.0,40
2023-05-11 10:07:00,HO2403-P-2800,HO2403-P-2800,190.0,0.0,0.0,0.0,6,204.8,210.8,6,190.0,0.0,0.0,0.0,0.0,0.0,40
2023-05-11 10:07:00,HO2403-P-2800,HO2403-P-2800,190.0,0.0,0.0,0.0,9,204.8,210.8,6,190.0,0.0,0.0,0.0,0.0,0.0,40
2023-05-11 10:07:24,HO2403-P-2800,HO2403-P-2800,190.0,0.0,0.0,0.0,6,204.8,210.8,6,190.0,0.0,0.0,0.0,0.0,0.0,40
2023-05-11 10:07:25,HO2403-P-2800,HO2403-P-2800,190.0,0.0,0.0,0.0,9,204.8,210.8,6,190.0,0.0,0.0,0.0,0.0,0.0,40
2023-05-11 10:07:36,HO2403-P-2800,HO2403-P-2800,190.0,0.0,0.0,0.0,9,204.8,210.8,7,190.0,0.0,0.0,0.0,0.0,0.0,40
2023-05-11 10:08:04,HO2403-P-2800,HO2403-P-2800,190.0,0.0,0.0,0.0,9,204.8,210.8,6,190.0,0.0,0.0,0.0,0.0,0.0,40
2023-05-11 10:08:20,HO2403-P-2800,HO2403-P-2800,190.0,0.0,0.0,0.0,6,204.8,210.8,6,190.0,0.0,0.0,0.0,0.0,0.0,40
2023-05-11 10:08:21,HO2403-P-2800,HO2403-P-2800,190.0,0.0,0.0,0.0,6,204.8,210.8,7,190.0,0.0,0.0,0.0,0.0,0.0,40
2023-05-11 10:08:21,HO2403-P-2800,HO2403-P-2800,190.0,0.0,0.0,0.0,9,204.8,210.8,7,190.0,0.0,0.0,0.0,0.0,0.0,40
2023-05-11 10:08:29,HO2403-P-2800,HO2403-P-2800,190.0,0.0,0.0,0.0,9,204.8,210.8,6,190.0,0.0,0.0,0.0,0.0,0.0,40
2023-05-11 10:10:05,HO2403-P-2800,HO2403-P-2800,190.0,0.0,0.0,0.0,6,205.0,211.0,12,190.0,0.0,0.0,0.0,0.0,0.0,40
2023-05-11 10:10:06,HO2403-P-2800,HO2403-P-2800,190.0,0.0,0.0,0.0,3,205.2,211.0,6,190.0,0.0,0.0,0.0,0.0,0.0,40
2023-05-11 10:12:49,HO2403-P-2800,HO2403-P-2800,190.0,0.0,0.0,0.0,4,205.2,211.0,6,190.0,0.0,0.0,0.0,0.0,0.0,40
2023-05-11 10:13:08,HO2403-P-2800,HO2403-P-2800,190.0,0.0,0.0,0.0,3,205.2,211.0,6,190.0,0.0,0.0,0.0,0.0,0.0,40
2023-05-11 10:13:58,HO2403-P-2800,HO2403-P-2800,190.0,0.0,0.0,0.0,3,205.2,210.8,6,190.0,0.0,0.0,0.0,0.0,0.0,40
2023-05-11 10:14:42,HO2403-P-2800,HO2403-P-2800,190.0,0.0,0.0,0.0,30,204.6,210.8,6,190.0,0.0,0.0,0.0,0.0,0.0,40
2023-05-11 10:14:42,HO2403-P-2800,HO2403-P-2800,190.0,0.0,0.0,0.0,3,204.8,210.8,6,190.0,0.0,0.0,0.0,0.0,0.0,40
2023-05-11 10:18:59,HO2403-P-2800,HO2403-P-2800,190.0,0.0,0.0,0.0,6,205.4,211.0,12,190.0,0.0,0.0,0.0,0.0,0.0,40
2023-05-11 10:18:59,HO2403-P-2800,HO2403-P-2800,190.0,0.0,0.0,0.0,3,205.6,211.0,6,190.0,0.0,0.0,0.0,0.0,0.0,40
2023-05-11 10:28:45,HO2403-P-2800,HO2403-P-2800,190.0,0.0,0.0,0.0,4,205.6,211.0,6,190.0,0.0,0.0,0.0,0.0,0.0,40
2023-05-11 10:29:18,HO2403-P-2800,HO2403-P-2800,190.0,0.0,0.0,0.0,3,205.6,211.0,6,190.0,0.0,0.0,0.0,0.0,0.0,40
2023-05-11 10:29:58,HO2403-P-2800,HO2403-P-2800,190.0,0.0,0.0,0.0,4,205.6,211.0,6,190.0,0.0,0.0,0.0,0.0,0.0,40
2023-05-11 10:30:03,HO2403-P-2800,HO2403-P-2800,190.0,0.0,0.0,0.0,6,205.8,211.0,6,190.0,0.0,0.0,0.0,0.0,0.0,40
2023-05-11 10:30:04,HO2403-P-2800,HO2403-P-2800,190.0,0.0,0.0,0.0,3,206.0,211.0,6,190.0,0.0,0.0,0.0,0.0,0.0,40
2023-05-11 10:30:08,HO2403-P-2800,HO2403-P-2800,190.0,0.0,0.0,0.0,6,206.4,211.0,6,190.0,0.0,0.0,0.0,0.0,0.0,40
2023-05-11 10:30:08,HO2403-P-2800,HO2403-P-2800,190.0,0.0,0.0,0.0,3,206.6,211.0,6,190.0,0.0,0.0,0.0,0.0,0.0,40
2023-05-11 10:30:14,HO2403-P-2800,HO2403-P-2800,190.0,0.0,0.0,0.0,6,206.4,211.0,6,190.0,0.0,0.0,0.0,0.0,0.0,40
2023-05-11 10:30:14,HO2403-P-2800,HO2403-P-2800,190.0,0.0,0.0,0.0,9,206.4,211.0,6,190.0,0.0,0.0,0.0,0.0,0.0,40
2023-05-11 10:30:22,HO2403-P-2800,HO2403-P-2800,190.0,0.0,0.0,0.0,30,205.8,211.0,6,190.0,0.0,0.0,0.0,0.0,0.0,40
2023-05-11 10:30:23,HO2403-P-2800,HO2403-P-2800,190.0,0.0,0.0,0.0,3,206.0,211.0,6,190.0,0.0,0.0,0.0,0.0,0.0,40
2023-05-11 10:30:40,HO2403-P-2800,HO2403-P-2800,190.0,0.0,0.0,0.0,18,205.8,211.0,6,190.0,0.0,0.0,0.0,0.0,0.0,40
2023-05-11 10:30:41,HO2403-P-2800,HO2403-P-2800,190.0,0.0,0.0,0.0,12,205.8,211.0,6,190.0,0.0,0.0,0.0,0.0,0.0,40
2023-05-11 10:30:41,HO2403-P-2800,HO2403-P-2800,190.0,0.0,0.0,0.0,18,205.4,210.8,6,190.0,0.0,0.0,0.0,0.0,0.0,40
2023-05-11 10:30:42,HO2403-P-2800,HO2403-P-2800,190.0,0.0,0.0,0.0,3,205.6,210.8,6,190.0,0.0,0.0,0.0,0.0,0.0,40
2023-05-11 10:31:01,HO2403-P-2800,HO2403-P-2800,190.0,0.0,0.0,0.0,9,205.6,211.0,6,190.0,0.0,0.0,0.0,0.0,0.0,40
2023-05-11 10:32:09,HO2403-P-2800,HO2403-P-2800,190.0,0.0,0.0,0.0,9,205.6,211.0,7,190.0,0.0,0.0,0.0,0.0,0.0,40
2023-05-11 10:32:11,HO2403-P-2800,HO2403-P-2800,190.0,0.0,0.0,0.0,3,205.6,211.0,13,190.0,0.0,0.0,0.0,0.0,0.0,40
2023-05-11 10:32:21,HO2403-P-2800,HO2403-P-2800,190.0,0.0,0.0,0.0,3,205.6,211.0,12,190.0,0.0,0.0,0.0,0.0,0.0,40
2023-05-11 10:33:14,HO2403-P-2800,HO2403-P-2800,190.0,0.0,0.0,0.0,12,205.4,211.0,13,190.0,0.0,0.0,0.0,0.0,0.0,40
2023-05-11 10:33:15,HO2403-P-2800,HO2403-P-2800,190.0,0.0,0.0,0.0,9,205.4,211.0,13,190.0,0.0,0.0,0.0,0.0,0.0,40
2023-05-11 10:33:17,HO2403-P-2800,HO2403-P-2800,190.0,0.0,0.0,0.0,12,205.2,211.0,13,190.0,0.0,0.0,0.0,0.0,0.0,40
2023-05-11 10:33:17,HO2403-P-2800,HO2403-P-2800,190.0,0.0,0.0,0.0,3,205.2,211.0,19,190.0,0.0,0.0,0.0,0.0,0.0,40
2023-05-11 10:33:24,HO2403-P-2800,HO2403-P-2800,190.0,0.0,0.0,0.0,3,205.2,210.8,1,190.0,0.0,0.0,0.0,0.0,0.0,40
2023-05-11 10:33:53,HO2403-P-2800,HO2403-P-2800,190.0,0.0,0.0,0.0,3,205.2,211.0,18,190.0,0.0,0.0,0.0,0.0,0.0,40
2023-05-11 10:34:04,HO2403-P-2800,HO2403-P-2800,190.0,0.0,0.0,0.0,6,205.4,211.0,12,190.0,0.0,0.0,0.0,0.0,0.0,40
2023-05-11 10:34:04,HO2403-P-2800,HO2403-P-2800,190.0,0.0,0.0,0.0,3,205.6,211.0,12,190.0,0.0,0.0,0.0,0.0,0.0,40
2023-05-11 10:36:50,HO2403-P-2800,HO2403-P-2800,190.0,0.0,0.0,0.0,6,205.4,211.0,12,190.0,0.0,0.0,0.0,0.0,0.0,40
2023-05-11 10:36:50,HO2403-P-2800,HO2403-P-2800,190.0,0.0,0.0,0.0,9,205.4,211.0,12,190.0,0.0,0.0,0.0,0.0,0.0,40
2023-05-11 10:37:53,HO2403-P-2800,HO2403-P-2800,190.0,0.0,0.0,0.0,3,205.4,211.0,12,190.0,0.0,0.0,0.0,0.0,0.0,40
2023-05-11 10:37:54,HO2403-P-2800,HO2403-P-2800,190.0,0.0,0.0,0.0,30,205.0,211.0,12,190.0,0.0,0.0,0.0,0.0,0.0,40
2023-05-11 10:37:54,HO2403-P-2800,HO2403-P-2800,190.0,0.0,0.0,0.0,3,205.2,211.0,18,190.0,0.0,0.0,0.0,0.0,0.0,40
2023-05-11 10:41:13,HO2403-P-2800,HO2403-P-2800,190.0,0.0,0.0,0.0,3,205.2,211.0,12,190.0,0.0,0.0,0.0,0.0,0.0,40
2023-05-11 10:41:13,HO2403-P-2800,HO2403-P-2800,190.0,0.0,0.0,0.0,6,205.4,211.0,12,190.0,0.0,0.0,0.0,0.0,0.0,40
2023-05-11 10:41:14,HO2403-P-2800,HO2403-P-2800,190.0,0.0,0.0,0.0,3,205.6,211.0,12,190.0,0.0,0.0,0.0,0.0,0.0,40
2023-05-11 10:41:59,HO2403-P-2800,HO2403-P-2800,190.0,0.0,0.0,0.0,6,205.4,211.0,12,190.0,0.0,0.0,0.0,0.0,0.0,40
2023-05-11 10:41:59,HO2403-P-2800,HO2403-P-2800,190.0,0.0,0.0,0.0,9,205.4,211.0,12,190.0,0.0,0.0,0.0,0.0,0.0,40
2023-05-11 10:50:09,HO2403-P-2800,HO2403-P-2800,190.0,0.0,0.0,0.0,6,205.6,211.0,6,190.0,0.0,0.0,0.0,0.0,0.0,40
2023-05-11 10:50:09,HO2403-P-2800,HO2403-P-2800,190.0,0.0,0.0,0.0,3,205.8,211.0,6,190.0,0.0,0.0,0.0,0.0,0.0,40
2023-05-11 10:58:45,HO2403-P-2800,HO2403-P-2800,190.0,0.0,0.0,0.0,6,206.0,211.0,6,190.0,0.0,0.0,0.0,0.0,0.0,40
2023-05-11 10:58:45,HO2403-P-2800,HO2403-P-2800,190.0,0.0,0.0,0.0,3,206.2,211.0,6,190.0,0.0,0.0,0.0,0.0,0.0,40
2023-05-11 10:59:26,HO2403-P-2800,HO2403-P-2800,190.0,0.0,0.0,0.0,6,206.4,211.0,6,190.0,0.0,0.0,0.0,0.0,0.0,40
2023-05-11 10:59:26,HO2403-P-2800,HO2403-P-2800,190.0,0.0,0.0,0.0,3,206.6,211.0,6,190.0,0.0,0.0,0.0,0.0,0.0,40
2023-05-11 10:59:36,HO2403-P-2800,HO2403-P-2800,190.0,0.0,0.0,0.0,6,206.4,211.0,6,190.0,0.0,0.0,0.0,0.0,0.0,40
2023-05-11 10:59:37,HO2403-P-2800,HO2403-P-2800,190.0,0.0,0.0,0.0,9,206.4,211.0,6,190.0,0.0,0.0,0.0,0.0,0.0,40
2023-05-11 10:59:55,HO2403-P-2800,HO2403-P-2800,190.0,0.0,0.0,0.0,3,206.4,211.0,6,190.0,0.0,0.0,0.0,0.0,0.0,40
2023-05-11 11:00:10,HO2403-P-2800,HO2403-P-2800,190.0,0.0,0.0,0.0,24,206.2,211.0,6,190.0,0.0,0.0,0.0,0.0,0.0,40
2023-05-11 11:00:11,HO2403-P-2800,HO2403-P-2800,190.0,0.0,0.0,0.0,15,206.2,211.0,6,190.0,0.0,0.0,0.0,0.0,0.0,40
2023-05-11 11:00:11,HO2403-P-2800,HO2403-P-2800,190.0,0.0,0.0,0.0,9,206.2,211.0,6,190.0,0.0,0.0,0.0,0.0,0.0,40
2023-05-11 11:00:12,HO2403-P-2800,HO2403-P-2800,190.0,0.0,0.0,0.0,3,206.2,211.0,6,190.0,0.0,0.0,0.0,0.0,0.0,40
2023-05-11 11:00:16,HO2403-P-2800,HO2403-P-2800,190.0,0.0,0.0,0.0,36,205.4,211.0,6,190.0,0.0,0.0,0.0,0.0,0.0,40
2023-05-11 11:00:17,HO2403-P-2800,HO2403-P-2800,190.0,0.0,0.0,0.0,3,205.6,211.0,6,190.0,0.0,0.0,0.0,0.0,0.0,40
2023-05-11 11:01:15,HO2403-P-2800,HO2403-P-2800,190.0,0.0,0.0,0.0,18,205.4,211.0,6,190.0,0.0,0.0,0.0,0.0,0.0,40
2023-05-11 11:01:16,HO2403-P-2800,HO2403-P-2800,190.0,0.0,0.0,0.0,21,205.4,211.0,6,190.0,0.0,0.0,0.0,0.0,0.0,40
2023-05-11 11:01:32,HO2403-P-2800,HO2403-P-2800,190.0,0.0,0.0,0.0,21,205.4,211.0,7,190.0,0.0,0.0,0.0,0.0,0.0,40
2023-05-11 11:01:36,HO2403-P-2800,HO2403-P-2800,190.0,0.0,0.0,0.0,21,205.4,210.8,6,190.0,0.0,0.0,0.0,0.0,0.0,40
2023-05-11 11:01:37,HO2403-P-2800,HO2403-P-2800,190.0,0.0,0.0,0.0,21,205.4,210.8,7,190.0,0.0,0.0,0.0,0.0,0.0,40
2023-05-11 11:01:47,HO2403-P-2800,HO2403-P-2800,190.0,0.0,0.0,0.0,21,205.4,210.6,1,190.0,0.0,0.0,0.0,0.0,0.0,40
2023-05-11 11:01:50,HO2403-P-2800,HO2403-P-2800,190.0,0.0,0.0,0.0,21,205.4,210.8,6,190.0,0.0,0.0,0.0,0.0,0.0,40
2023-05-11 11:02:03,HO2403-P-2800,HO2403-P-2800,190.0,0.0,0.0,0.0,15,205.4,210.8,6,190.0,0.0,0.0,0.0,0.0,0.0,40
2023-05-11 11:02:04,HO2403-P-2800,HO2403-P-2800,190.0,0.0,0.0,0.0,9,205.4,210.8,6,190.0,0.0,0.0,0.0,0.0,0.0,40
2023-05-11 11:02:04,HO2403-P-2800,HO2403-P-2800,190.0,0.0,0.0,0.0,30,204.8,210.8,6,190.0,0.0,0.0,0.0,0.0,0.0,40
2023-05-11 11:02:05,HO2403-P-2800,HO2403-P-2800,190.0,0.0,0.0,0.0,3,205.0,210.8,6,190.0,0.0,0.0,0.0,0.0,0.0,40
2023-05-11 11:02:09,HO2403-P-2800,HO2403-P-2800,190.0,0.0,0.0,0.0,3,205.0,210.8,7,190.0,0.0,0.0,0.0,0.0,0.0,40
2023-05-11 11:02:16,HO2403-P-2800,HO2403-P-2800,190.0,0.0,0.0,0.0,3,205.0,210.8,6,190.0,0.0,0.0,0.0,0.0,0.0,40
2023-05-11 11:03:20,HO2403-P-2800,HO2403-P-2800,190.0,0.0,0.0,0.0,3,205.0,210.8,7,190.0,0.0,0.0,0.0,0.0,0.0,40
2023-05-11 11:03:30,HO2403-P-2800,HO2403-P-2800,190.0,0.0,0.0,0.0,3,205.0,210.6,1,190.0,0.0,0.0,0.0,0.0,0.0,40
2023-05-11 11:03:40,HO2403-P-2800,HO2403-P-2800,190.0,0.0,0.0,0.0,3,205.0,210.4,1,190.0,0.0,0.0,0.0,0.0,0.0,40
2023-05-11 11:04:01,HO2403-P-2800,HO2403-P-2800,190.0,0.0,0.0,0.0,3,205.0,210.8,6,190.0,0.0,0.0,0.0,0.0,0.0,40
2023-05-11 11:04:21,HO2403-P-2800,HO2403-P-2800,190.0,0.0,0.0,0.0,3,205.0,210.8,7,190.0,0.0,0.0,0.0,0.0,0.0,40
2023-05-11 11:04:23,HO2403-P-2800,HO2403-P-2800,190.0,0.0,0.0,0.0,18,204.6,210.8,7,190.0,0.0,0.0,0.0,0.0,0.0,40
2023-05-11 11:04:23,HO2403-P-2800,HO2403-P-2800,190.0,0.0,0.0,0.0,3,204.8,210.8,7,190.0,0.0,0.0,0.0,0.0,0.0,40
2023-05-11 11:04:31,HO2403-P-2800,HO2403-P-2800,190.0,0.0,0.0,0.0,3,204.8,210.6,1,190.0,0.0,0.0,0.0,0.0,0.0,40
2023-05-11 11:05:41,HO2403-P-2800,HO2403-P-2800,190.0,0.0,0.0,0.0,3,204.8,210.8,6,190.0,0.0,0.0,0.0,0.0,0.0,40
2023-05-11 11:07:33,HO2403-P-2800,HO2403-P-2800,190.0,0.0,0.0,0.0,3,204.8,210.8,7,190.0,0.0,0.0,0.0,0.0,0.0,40
2023-05-11 11:07:34,HO2403-P-2800,HO2403-P-2800,190.0,0.0,0.0,0.0,24,204.4,210.8,7,190.0,0.0,0.0,0.0,0.0,0.0,40
2023-05-11 11:07:34,HO2403-P-2800,HO2403-P-2800,190.0,0.0,0.0,0.0,3,204.6,210.8,7,190.0,0.0,0.0,0.0,0.0,0.0,40
2023-05-11 11:07:36,HO2403-P-2800,HO2403-P-2800,190.0,0.0,0.0,0.0,6,204.4,210.2,6,190.0,0.0,0.0,0.0,0.0,0.0,40
2023-05-11 11:07:36,HO2403-P-2800,HO2403-P-2800,190.0,0.0,0.0,0.0,3,204.4,210.0,6,190.0,0.0,0.0,0.0,0.0,0.0,40
2023-05-11 11:07:38,HO2403-P-2800,HO2403-P-2800,190.0,0.0,0.0,0.0,24,204.2,210.0,6,190.0,0.0,0.0,0.0,0.0,0.0,40
2023-05-11 11:07:38,HO2403-P-2800,HO2403-P-2800,190.0,0.0,0.0,0.0,3,204.4,210.0,6,190.0,0.0,0.0,0.0,0.0,0.0,40
2023-05-11 11:07:39,HO2403-P-2800,HO2403-P-2800,190.0,0.0,0.0,0.0,18,204.2,210.0,6,190.0,0.0,0.0,0.0,0.0,0.0,40
2023-05-11 11:07:39,HO2403-P-2800,HO2403-P-2800,190.0,0.0,0.0,0.0,21,204.2,210.0,6,190.0,0.0,0.0,0.0,0.0,0.0,40
2023-05-11 11:07:43,HO2403-P-2800,HO2403-P-2800,190.0,0.0,0.0,0.0,21,204.2,210.0,7,190.0,0.0,0.0,0.0,0.0,0.0,40
2023-05-11 11:07:49,HO2403-P-2800,HO2403-P-2800,190.0,0.0,0.0,0.0,21,204.2,210.0,6,190.0,0.0,0.0,0.0,0.0,0.0,40
2023-05-11 11:08:55,HO2403-P-2800,HO2403-P-2800,190.0,0.0,0.0,0.0,22,204.2,210.0,6,190.0,0.0,0.0,0.0,0.0,0.0,40
2023-05-11 11:09:00,HO2403-P-2800,HO2403-P-2800,190.0,0.0,0.0,0.0,22,204.2,210.0,7,190.0,0.0,0.0,0.0,0.0,0.0,40
2023-05-11 11:09:02,HO2403-P-2800,HO2403-P-2800,190.0,0.0,0.0,0.0,19,204.2,210.0,7,190.0,0.0,0.0,0.0,0.0,0.0,40
2023-05-11 11:09:04,HO2403-P-2800,HO2403-P-2800,190.0,0.0,0.0,0.0,22,204.2,210.0,7,190.0,0.0,0.0,0.0,0.0,0.0,40
2023-05-11 11:09:05,HO2403-P-2800,HO2403-P-2800,190.0,0.0,0.0,0.0,21,204.2,210.0,7,190.0,0.0,0.0,0.0,0.0,0.0,40
2023-05-11 11:09:56,HO2403-P-2800,HO2403-P-2800,190.0,0.0,0.0,0.0,21,204.2,210.0,6,190.0,0.0,0.0,0.0,0.0,0.0,40
2023-05-11 11:10:23,HO2403-P-2800,HO2403-P-2800,190.0,0.0,0.0,0.0,6,204.4,210.0,6,190.0,0.0,0.0,0.0,0.0,0.0,40
2023-05-11 11:10:23,HO2403-P-2800,HO2403-P-2800,190.0,0.0,0.0,0.0,3,204.6,210.0,6,190.0,0.0,0.0,0.0,0.0,0.0,40
2023-05-11 11:10:35,HO2403-P-2800,HO2403-P-2800,190.0,0.0,0.0,0.0,3,204.6,210.8,6,190.0,0.0,0.0,0.0,0.0,0.0,40
2023-05-11 11:10:50,HO2403-P-2800,HO2403-P-2800,190.0,0.0,0.0,0.0,1,204.8,210.8,6,190.0,0.0,0.0,0.0,0.0,0.0,40
2023-05-11 11:10:50,HO2403-P-2800,HO2403-P-2800,190.0,0.0,0.0,0.0,3,205.0,210.8,6,190.0,0.0,0.0,0.0,0.0,0.0,40
2023-05-11 11:11:42,HO2403-P-2800,HO2403-P-2800,190.0,0.0,0.0,0.0,6,204.4,210.8,6,190.0,0.0,0.0,0.0,0.0,0.0,40
2023-05-11 11:11:43,HO2403-P-2800,HO2403-P-2800,190.0,0.0,0.0,0.0,3,204.6,210.8,6,190.0,0.0,0.0,0.0,0.0,0.0,40
2023-05-11 11:12:10,HO2403-P-2800,HO2403-P-2800,190.0,0.0,0.0,0.0,3,204.6,210.8,7,190.0,0.0,0.0,0.0,0.0,0.0,40
2023-05-11 11:13:02,HO2403-P-2800,HO2403-P-2800,190.0,0.0,0.0,0.0,3,204.6,210.6,1,190.0,0.0,0.0,0.0,0.0,0.0,40
2023-05-11 11:13:02,HO2403-P-2800,HO2403-P-2800,190.0,0.0,0.0,0.0,3,204.6,210.4,6,190.0,0.0,0.0,0.0,0.0,0.0,40
2023-05-11 11:13:08,HO2403-P-2800,HO2403-P-2800,190.0,0.0,0.0,0.0,3,204.6,210.4,7,190.0,0.0,0.0,0.0,0.0,0.0,40
2023-05-11 11:13:23,HO2403-P-2800,HO2403-P-2800,190.0,0.0,0.0,0.0,3,204.6,210.4,6,190.0,0.0,0.0,0.0,0.0,0.0,40
2023-05-11 11:13:24,HO2403-P-2800,HO2403-P-2800,190.0,0.0,0.0,0.0,3,204.6,210.8,6,190.0,0.0,0.0,0.0,0.0,0.0,40
2023-05-11 11:13:36,HO2403-P-2800,HO2403-P-2800,190.0,0.0,0.0,0.0,3,204.6,210.8,7,190.0,0.0,0.0,0.0,0.0,0.0,40
2023-05-11 11:13:47,HO2403-P-2800,HO2403-P-2800,190.0,0.0,0.0,0.0,3,204.6,210.6,1,190.0,0.0,0.0,0.0,0.0,0.0,40
2023-05-11 11:13:47,HO2403-P-2800,HO2403-P-2800,190.0,0.0,0.0,0.0,3,204.6,210.4,6,190.0,0.0,0.0,0.0,0.0,0.0,40
2023-05-11 11:14:54,HO2403-P-2800,HO2403-P-2800,190.0,0.0,0.0,0.0,3,204.6,210.4,7,190.0,0.0,0.0,0.0,0.0,0.0,40
2023-05-11 11:15:02,HO2403-P-2800,HO2403-P-2800,190.0,0.0,0.0,0.0,3,204.6,210.4,6,190.0,0.0,0.0,0.0,0.0,0.0,40
2023-05-11 11:15:02,HO2403-P-2800,HO2403-P-2800,190.0,0.0,0.0,0.0,3,204.6,210.8,6,190.0,0.0,0.0,0.0,0.0,0.0,40
2023-05-11 11:15:32,HO2403-P-2800,HO2403-P-2800,190.0,0.0,0.0,0.0,3,204.6,210.8,7,190.0,0.0,0.0,0.0,0.0,0.0,40
2023-05-11 11:15:47,HO2403-P-2800,HO2403-P-2800,190.0,0.0,0.0,0.0,3,204.6,210.8,6,190.0,0.0,0.0,0.0,0.0,0.0,40
2023-05-11 11:15:53,HO2403-P-2800,HO2403-P-2800,190.0,0.0,0.0,0.0,3,204.6,210.8,7,190.0,0.0,0.0,0.0,0.0,0.0,40
2023-05-11 11:16:09,HO2403-P-2800,HO2403-P-2800,190.0,0.0,0.0,0.0,3,204.6,210.8,6,190.0,0.0,0.0,0.0,0.0,0.0,40
2023-05-11 11:16:44,HO2403-P-2800,HO2403-P-2800,190.0,0.0,0.0,0.0,3,204.6,210.8,7,190.0,0.0,0.0,0.0,0.0,0.0,40
2023-05-11 11:17:54,HO2403-P-2800,HO2403-P-2800,190.0,0.0,0.0,0.0,3,204.6,210.8,6,190.0,0.0,0.0,0.0,0.0,0.0,40
2023-05-11 11:18:36,HO2403-P-2800,HO2403-P-2800,190.0,0.0,0.0,0.0,3,204.6,210.8,7,190.0,0.0,0.0,0.0,0.0,0.0,40
2023-05-11 11:19:42,HO2403-P-2800,HO2403-P-2800,190.0,0.0,0.0,0.0,3,204.6,210.8,6,190.0,0.0,0.0,0.0,0.0,0.0,40
2023-05-11 11:19:45,HO2403-P-2800,HO2403-P-2800,190.0,0.0,0.0,0.0,3,204.6,210.8,7,190.0,0.0,0.0,0.0,0.0,0.0,40
2023-05-11 11:19:53,HO2403-P-2800,HO2403-P-2800,190.0,0.0,0.0,0.0,3,204.6,210.8,6,190.0,0.0,0.0,0.0,0.0,0.0,40
2023-05-11 11:20:41,HO2403-P-2800,HO2403-P-2800,190.0,0.0,0.0,0.0,4,204.6,210.8,6,190.0,0.0,0.0,0.0,0.0,0.0,40
2023-05-11 11:22:47,HO2403-P-2800,HO2403-P-2800,190.0,0.0,0.0,0.0,3,204.6,210.8,6,190.0,0.0,0.0,0.0,0.0,0.0,40
2023-05-11 11:23:12,HO2403-P-2800,HO2403-P-2800,190.0,0.0,0.0,0.0,4,204.6,210.8,6,190.0,0.0,0.0,0.0,0.0,0.0,40
2023-05-11 11:24:04,HO2403-P-2800,HO2403-P-2800,190.0,0.0,0.0,0.0,3,204.6,210.8,6,190.0,0.0,0.0,0.0,0.0,0.0,40
2023-05-11 11:24:22,HO2403-P-2800,HO2403-P-2800,190.0,0.0,0.0,0.0,4,204.6,210.8,6,190.0,0.0,0.0,0.0,0.0,0.0,40
2023-05-11 11:25:12,HO2403-P-2800,HO2403-P-2800,190.0,0.0,0.0,0.0,3,204.6,210.8,6,190.0,0.0,0.0,0.0,0.0,0.0,40
2023-05-11 11:25:17,HO2403-P-2800,HO2403-P-2800,190.0,0.0,0.0,0.0,4,204.6,210.8,6,190.0,0.0,0.0,0.0,0.0,0.0,40
2023-05-11 11:26:03,HO2403-P-2800,HO2403-P-2800,190.0,0.0,0.0,0.0,3,204.6,210.8,6,190.0,0.0,0.0,0.0,0.0,0.0,40
2023-05-11 11:29:24,HO2403-P-2800,HO2403-P-2800,190.0,0.0,0.0,0.0,6,204.4,210.8,6,190.0,0.0,0.0,0.0,0.0,0.0,40
2023-05-11 11:29:32,HO2403-P-2800,HO2403-P-2800,190.0,0.0,0.0,0.0,6,204.0,211.0,12,190.0,0.0,0.0,0.0,0.0,0.0,40
2023-05-11 11:29:32,HO2403-P-2800,HO2403-P-2800,190.0,0.0,0.0,0.0,12,203.8,211.0,6,190.0,0.0,0.0,0.0,0.0,0.0,40
2023-05-11 11:29:33,HO2403-P-2800,HO2403-P-2800,190.0,0.0,0.0,0.0,6,203.8,211.0,6,190.0,0.0,0.0,0.0,0.0,0.0,40
2023-05-11 11:29:36,HO2403-P-2800,HO2403-P-2800,190.0,0.0,0.0,0.0,12,203.6,211.6,12,190.0,0.0,0.0,0.0,0.0,0.0,40
2023-05-11 11:29:37,HO2403-P-2800,HO2403-P-2800,190.0,0.0,0.0,0.0,6,203.6,211.6,6,190.0,0.0,0.0,0.0,0.0,0.0,40
2023-05-11 11:29:37,HO2403-P-2800,HO2403-P-2800,190.0,0.0,0.0,0.0,1,203.4,213.0,6,190.0,0.0,0.0,0.0,0.0,0.0,40
2023-05-11 11:29:42,HO2403-P-2800,HO2403-P-2800,190.0,0.0,0.0,0.0,1,203.4,213.2,1,190.0,0.0,0.0,0.0,0.0,0.0,40
2023-05-11 11:29:50,HO2403-P-2800,HO2403-P-2800,190.0,0.0,0.0,0.0,1,73.6,213.2,1,190.0,0.0,0.0,0.0,0.0,0.0,40
2023-05-11 11:29:51,HO2403-P-2800,HO2403-P-2800,190.0,0.0,0.0,0.0,1,76.8,213.2,1,190.0,0.0,0.0,0.0,0.0,0.0,40
2023-05-11 11:29:51,HO2403-P-2800,HO2403-P-2800,190.0,0.0,0.0,0.0,1,77.4,213.2,1,190.0,0.0,0.0,0.0,0.0,0.0,40
2023-05-11 11:29:52,HO2403-P-2800,HO2403-P-2800,190.0,0.0,0.0,0.0,1,80.6,213.2,1,190.0,0.0,0.0,0.0,0.0,0.0,40
2023-05-11 11:29:53,HO2403-P-2800,HO2403-P-2800,190.0,0.0,0.0,0.0,1,81.2,213.2,1,190.0,0.0,0.0,0.0,0.0,0.0,40
2023-05-11 11:29:56,HO2403-P-2800,HO2403-P-2800,190.0,0.0,0.0,0.0,1,81.4,213.2,1,190.0,0.0,0.0,0.0,0.0,0.0,40
2023-05-11 11:29:56,HO2403-P-2800,HO2403-P-2800,190.0,0.0,0.0,0.0,1,82.0,213.2,1,190.0,0.0,0.0,0.0,0.0,0.0,40
2023-05-11 13:00:00,HO2403-P-2800,HO2403-P-2800,190.0,0.0,0.0,0.0,1,82.0,0.0,0,190.0,0.0,0.0,0.0,0.0,0.0,40
2023-05-11 13:00:01,HO2403-P-2800,HO2403-P-2800,190.0,0.0,0.0,0.0,1,133.4,288.4,1,190.0,0.0,0.0,0.0,0.0,0.0,40
2023-05-11 13:00:01,HO2403-P-2800,HO2403-P-2800,190.0,0.0,0.0,0.0,6,199.6,214.6,6,190.0,0.0,0.0,0.0,0.0,0.0,40
2023-05-11 13:00:02,HO2403-P-2800,HO2403-P-2800,190.0,0.0,0.0,0.0,1,201.8,214.6,6,190.0,0.0,0.0,0.0,0.0,0.0,40
2023-05-11 13:00:02,HO2403-P-2800,HO2403-P-2800,190.0,0.0,0.0,0.0,7,201.8,214.6,6,190.0,0.0,0.0,0.0,0.0,0.0,40
2023-05-11 13:00:10,HO2403-P-2800,HO2403-P-2800,190.0,0.0,0.0,0.0,6,204.8,211.4,6,190.0,0.0,0.0,0.0,0.0,0.0,40
2023-05-11 13:00:11,HO2403-P-2800,HO2403-P-2800,190.0,0.0,0.0,0.0,3,205.0,211.4,6,190.0,0.0,0.0,0.0,0.0,0.0,40
2023-05-11 13:00:11,HO2403-P-2800,HO2403-P-2800,190.0,0.0,0.0,0.0,12,204.0,211.4,6,190.0,0.0,0.0,0.0,0.0,0.0,40
2023-05-11 13:00:12,HO2403-P-2800,HO2403-P-2800,190.0,0.0,0.0,0.0,6,204.6,211.2,6,190.0,0.0,0.0,0.0,0.0,0.0,40
2023-05-11 13:00:12,HO2403-P-2800,HO2403-P-2800,190.0,0.0,0.0,0.0,18,204.0,211.2,6,190.0,0.0,0.0,0.0,0.0,0.0,40
2023-05-11 13:00:13,HO2403-P-2800,HO2403-P-2800,190.0,0.0,0.0,0.0,6,204.4,211.0,6,190.0,0.0,0.0,0.0,0.0,0.0,40
2023-05-11 13:00:13,HO2403-P-2800,HO2403-P-2800,190.0,0.0,0.0,0.0,3,204.6,211.0,12,190.0,0.0,0.0,0.0,0.0,0.0,40
2023-05-11 13:00:18,HO2403-P-2800,HO2403-P-2800,190.0,0.0,0.0,0.0,9,204.6,210.8,6,190.0,0.0,0.0,0.0,0.0,0.0,40
2023-05-11 13:01:02,HO2403-P-2800,HO2403-P-2800,190.0,0.0,0.0,0.0,10,204.6,210.8,6,190.0,0.0,0.0,0.0,0.0,0.0,40
2023-05-11 13:01:03,HO2403-P-2800,HO2403-P-2800,190.0,0.0,0.0,0.0,16,204.6,210.8,6,190.0,0.0,0.0,0.0,0.0,0.0,40
2023-05-11 13:01:03,HO2403-P-2800,HO2403-P-2800,190.0,0.0,0.0,0.0,22,204.6,210.8,6,190.0,0.0,0.0,0.0,0.0,0.0,40
2023-05-11 13:01:13,HO2403-P-2800,HO2403-P-2800,190.0,0.0,0.0,0.0,1,204.8,210.8,6,190.0,0.0,0.0,0.0,0.0,0.0,40
2023-05-11 13:01:13,HO2403-P-2800,HO2403-P-2800,190.0,0.0,0.0,0.0,6,205.2,210.8,6,190.0,0.0,0.0,0.0,0.0,0.0,40
2023-05-11 13:01:14,HO2403-P-2800,HO2403-P-2800,190.0,0.0,0.0,0.0,3,205.4,210.8,6,190.0,0.0,0.0,0.0,0.0,0.0,40
2023-05-11 13:12:02,HO2403-P-2800,HO2403-P-2800,190.0,0.0,0.0,0.0,4,205.4,210.8,6,190.0,0.0,0.0,0.0,0.0,0.0,40
2023-05-11 13:12:13,HO2403-P-2800,HO2403-P-2800,190.0,0.0,0.0,0.0,1,205.6,210.8,6,190.0,0.0,0.0,0.0,0.0,0.0,40
2023-05-11 13:12:13,HO2403-P-2800,HO2403-P-2800,190.0,0.0,0.0,0.0,3,205.8,210.8,6,190.0,0.0,0.0,0.0,0.0,0.0,40
2023-05-11 13:12:32,HO2403-P-2800,HO2403-P-2800,190.0,0.0,0.0,0.0,3,205.8,211.0,12,190.0,0.0,0.0,0.0,0.0,0.0,40
2023-05-11 13:12:32,HO2403-P-2800,HO2403-P-2800,190.0,0.0,0.0,0.0,3,205.8,211.0,6,190.0,0.0,0.0,0.0,0.0,0.0,40
2023-05-11 13:12:33,HO2403-P-2800,HO2403-P-2800,190.0,0.0,0.0,0.0,4,205.8,211.0,6,190.0,0.0,0.0,0.0,0.0,0.0,40
2023-05-11 13:12:43,HO2403-P-2800,HO2403-P-2800,190.0,0.0,0.0,0.0,1,206.0,211.0,6,190.0,0.0,0.0,0.0,0.0,0.0,40
2023-05-11 13:12:43,HO2403-P-2800,HO2403-P-2800,190.0,0.0,0.0,0.0,4,206.0,211.0,6,190.0,0.0,0.0,0.0,0.0,0.0,40
2023-05-11 13:12:53,HO2403-P-2800,HO2403-P-2800,190.0,0.0,0.0,0.0,1,206.2,211.0,6,190.0,0.0,0.0,0.0,0.0,0.0,40
2023-05-11 13:13:03,HO2403-P-2800,HO2403-P-2800,190.0,0.0,0.0,0.0,1,206.4,211.0,6,190.0,0.0,0.0,0.0,0.0,0.0,40
2023-05-11 13:13:13,HO2403-P-2800,HO2403-P-2800,190.0,0.0,0.0,0.0,4,206.6,211.0,6,190.0,0.0,0.0,0.0,0.0,0.0,40
2023-05-11 13:13:16,HO2403-P-2800,HO2403-P-2800,190.0,0.0,0.0,0.0,4,206.6,211.2,12,190.0,0.0,0.0,0.0,0.0,0.0,40
2023-05-11 13:13:17,HO2403-P-2800,HO2403-P-2800,190.0,0.0,0.0,0.0,4,206.6,211.2,6,190.0,0.0,0.0,0.0,0.0,0.0,40
2023-05-11 13:13:23,HO2403-P-2800,HO2403-P-2800,190.0,0.0,0.0,0.0,1,206.8,211.2,6,190.0,0.0,0.0,0.0,0.0,0.0,40
2023-05-11 13:13:34,HO2403-P-2800,HO2403-P-2800,190.0,0.0,0.0,0.0,1,207.0,211.2,6,190.0,0.0,0.0,0.0,0.0,0.0,40
2023-05-11 13:13:48,HO2403-P-2800,HO2403-P-2800,190.0,0.0,0.0,0.0,1,207.0,211.4,18,190.0,0.0,0.0,0.0,0.0,0.0,40
2023-05-11 13:13:48,HO2403-P-2800,HO2403-P-2800,190.0,0.0,0.0,0.0,1,207.0,211.4,6,190.0,0.0,0.0,0.0,0.0,0.0,40
2023-05-11 13:13:49,HO2403-P-2800,HO2403-P-2800,190.0,0.0,0.0,0.0,1,207.0,211.6,6,190.0,0.0,0.0,0.0,0.0,0.0,40
2023-05-11 13:13:50,HO2403-P-2800,HO2403-P-2800,190.0,0.0,0.0,0.0,1,207.0,211.8,24,190.0,0.0,0.0,0.0,0.0,0.0,40
2023-05-11 13:13:50,HO2403-P-2800,HO2403-P-2800,190.0,0.0,0.0,0.0,1,207.0,211.8,18,190.0,0.0,0.0,0.0,0.0,0.0,40
2023-05-11 13:14:21,HO2403-P-2800,HO2403-P-2800,190.0,0.0,0.0,0.0,4,207.0,211.8,18,190.0,0.0,0.0,0.0,0.0,0.0,40
2023-05-11 13:14:27,HO2403-P-2800,HO2403-P-2800,190.0,0.0,0.0,0.0,12,206.6,211.8,18,190.0,0.0,0.0,0.0,0.0,0.0,40
2023-05-11 13:14:27,HO2403-P-2800,HO2403-P-2800,190.0,0.0,0.0,0.0,3,206.8,211.8,18,190.0,0.0,0.0,0.0,0.0,0.0,40
2023-05-11 13:14:35,HO2403-P-2800,HO2403-P-2800,190.0,0.0,0.0,0.0,6,206.6,211.8,18,190.0,0.0,0.0,0.0,0.0,0.0,40
2023-05-11 13:14:36,HO2403-P-2800,HO2403-P-2800,190.0,0.0,0.0,0.0,9,206.6,211.8,18,190.0,0.0,0.0,0.0,0.0,0.0,40
2023-05-11 13:14:36,HO2403-P-2800,HO2403-P-2800,190.0,0.0,0.0,0.0,10,206.6,211.8,18,190.0,0.0,0.0,0.0,0.0,0.0,40
2023-05-11 13:14:49,HO2403-P-2800,HO2403-P-2800,190.0,0.0,0.0,0.0,16,206.6,211.8,18,190.0,0.0,0.0,0.0,0.0,0.0,40
2023-05-11 13:14:49,HO2403-P-2800,HO2403-P-2800,190.0,0.0,0.0,0.0,1,206.8,211.8,18,190.0,0.0,0.0,0.0,0.0,0.0,40
2023-05-11 13:14:50,HO2403-P-2800,HO2403-P-2800,190.0,0.0,0.0,0.0,3,207.0,211.8,12,190.0,0.0,0.0,0.0,0.0,0.0,40
2023-05-11 13:14:50,HO2403-P-2800,HO2403-P-2800,190.0,0.0,0.0,0.0,3,207.0,212.0,18,190.0,0.0,0.0,0.0,0.0,0.0,40
2023-05-11 13:14:58,HO2403-P-2800,HO2403-P-2800,190.0,0.0,0.0,0.0,1,206.8,212.0,18,190.0,0.0,0.0,0.0,0.0,0.0,40
2023-05-11 13:14:58,HO2403-P-2800,HO2403-P-2800,190.0,0.0,0.0,0.0,4,206.8,212.0,18,190.0,0.0,0.0,0.0,0.0,0.0,40
2023-05-11 13:15:27,HO2403-P-2800,HO2403-P-2800,190.0,0.0,0.0,0.0,3,206.8,212.0,18,190.0,0.0,0.0,0.0,0.0,0.0,40
2023-05-11 13:16:40,HO2403-P-2800,HO2403-P-2800,190.0,0.0,0.0,0.0,4,206.8,212.0,18,190.0,0.0,0.0,0.0,0.0,0.0,40
2023-05-11 13:18:32,HO2403-P-2800,HO2403-P-2800,190.0,0.0,0.0,0.0,3,206.8,212.0,18,190.0,0.0,0.0,0.0,0.0,0.0,40
2023-05-11 13:18:42,HO2403-P-2800,HO2403-P-2800,190.0,0.0,0.0,0.0,7,206.6,212.0,18,190.0,0.0,0.0,0.0,0.0,0.0,40
2023-05-11 13:18:43,HO2403-P-2800,HO2403-P-2800,190.0,0.0,0.0,0.0,10,206.6,212.0,18,190.0,0.0,0.0,0.0,0.0,0.0,40
2023-05-11 13:18:53,HO2403-P-2800,HO2403-P-2800,190.0,0.0,0.0,0.0,16,206.6,212.0,18,190.0,0.0,0.0,0.0,0.0,0.0,40
2023-05-11 13:19:11,HO2403-P-2800,HO2403-P-2800,190.0,0.0,0.0,0.0,10,206.6,212.0,18,190.0,0.0,0.0,0.0,0.0,0.0,40
2023-05-11 13:19:13,HO2403-P-2800,HO2403-P-2800,190.0,0.0,0.0,0.0,16,206.6,212.0,18,190.0,0.0,0.0,0.0,0.0,0.0,40
2023-05-11 13:19:25,HO2403-P-2800,HO2403-P-2800,190.0,0.0,0.0,0.0,16,206.6,212.0,12,190.0,0.0,0.0,0.0,0.0,0.0,40
2023-05-11 13:19:25,HO2403-P-2800,HO2403-P-2800,190.0,0.0,0.0,0.0,16,206.6,212.0,6,190.0,0.0,0.0,0.0,0.0,0.0,40
2023-05-11 13:20:05,HO2403-P-2800,HO2403-P-2800,190.0,0.0,0.0,0.0,15,206.6,212.0,6,190.0,0.0,0.0,0.0,0.0,0.0,40
2023-05-11 13:20:05,HO2403-P-2800,HO2403-P-2800,190.0,0.0,0.0,0.0,9,206.6,212.0,6,190.0,0.0,0.0,0.0,0.0,0.0,40
2023-05-11 13:21:51,HO2403-P-2800,HO2403-P-2800,190.0,0.0,0.0,0.0,1,206.8,212.0,6,190.0,0.0,0.0,0.0,0.0,0.0,40
2023-05-11 13:21:52,HO2403-P-2800,HO2403-P-2800,190.0,0.0,0.0,0.0,3,207.0,212.0,6,190.0,0.0,0.0,0.0,0.0,0.0,40
2023-05-11 13:22:19,HO2403-P-2800,HO2403-P-2800,190.0,0.0,0.0,0.0,1,206.8,212.0,6,190.0,0.0,0.0,0.0,0.0,0.0,40
2023-05-11 13:22:19,HO2403-P-2800,HO2403-P-2800,190.0,0.0,0.0,0.0,4,206.8,212.0,6,190.0,0.0,0.0,0.0,0.0,0.0,40
2023-05-11 13:23:40,HO2403-P-2800,HO2403-P-2800,190.0,0.0,0.0,0.0,6,207.0,212.4,18,190.0,0.0,0.0,0.0,0.0,0.0,40
2023-05-11 13:23:40,HO2403-P-2800,HO2403-P-2800,190.0,0.0,0.0,0.0,3,207.2,212.4,12,190.0,0.0,0.0,0.0,0.0,0.0,40
2023-05-11 13:23:41,HO2403-P-2800,HO2403-P-2800,190.0,0.0,0.0,0.0,3,207.2,212.6,18,190.0,0.0,0.0,0.0,0.0,0.0,40
2023-05-11 13:24:02,HO2403-P-2800,HO2403-P-2800,190.0,0.0,0.0,0.0,6,207.0,212.6,18,190.0,0.0,0.0,0.0,0.0,0.0,40
2023-05-11 13:24:02,HO2403-P-2800,HO2403-P-2800,190.0,0.0,0.0,0.0,9,207.0,212.6,18,190.0,0.0,0.0,0.0,0.0,0.0,40
2023-05-11 13:25:31,HO2403-P-2800,HO2403-P-2800,190.0,0.0,0.0,0.0,10,207.0,212.6,18,190.0,0.0,0.0,0.0,0.0,0.0,40
2023-05-11 13:26:13,HO2403-P-2800,HO2403-P-2800,190.0,0.0,0.0,0.0,9,207.0,212.6,18,190.0,0.0,0.0,0.0,0.0,0.0,40
2023-05-11 13:27:23,HO2403-P-2800,HO2403-P-2800,190.0,0.0,0.0,0.0,9,207.0,212.6,12,190.0,0.0,0.0,0.0,0.0,0.0,40
2023-05-11 13:27:23,HO2403-P-2800,HO2403-P-2800,190.0,0.0,0.0,0.0,9,207.0,212.6,6,190.0,0.0,0.0,0.0,0.0,0.0,40
2023-05-11 13:27:47,HO2403-P-2800,HO2403-P-2800,190.0,0.0,0.0,0.0,15,207.0,212.6,6,190.0,0.0,0.0,0.0,0.0,0.0,40
2023-05-11 13:28:43,HO2403-P-2800,HO2403-P-2800,190.0,0.0,0.0,0.0,16,207.0,212.6,6,190.0,0.0,0.0,0.0,0.0,0.0,40
2023-05-11 13:29:13,HO2403-P-2800,HO2403-P-2800,190.0,0.0,0.0,0.0,1,207.2,212.6,6,190.0,0.0,0.0,0.0,0.0,0.0,40
2023-05-11 13:29:13,HO2403-P-2800,HO2403-P-2800,190.0,0.0,0.0,0.0,3,207.4,212.6,6,190.0,0.0,0.0,0.0,0.0,0.0,40
2023-05-11 13:30:14,HO2403-P-2800,HO2403-P-2800,190.0,0.0,0.0,0.0,4,207.4,212.6,6,190.0,0.0,0.0,0.0,0.0,0.0,40
2023-05-11 13:30:16,HO2403-P-2800,HO2403-P-2800,190.0,0.0,0.0,0.0,6,207.6,213.0,12,190.0,0.0,0.0,0.0,0.0,0.0,40
2023-05-11 13:30:16,HO2403-P-2800,HO2403-P-2800,190.0,0.0,0.0,0.0,3,207.8,213.2,18,190.0,0.0,0.0,0.0,0.0,0.0,40
2023-05-11 13:30:17,HO2403-P-2800,HO2403-P-2800,190.0,0.0,0.0,0.0,3,207.8,213.2,12,190.0,0.0,0.0,0.0,0.0,0.0,40
2023-05-11 13:30:17,HO2403-P-2800,HO2403-P-2800,190.0,0.0,0.0,0.0,3,207.8,213.4,36,190.0,0.0,0.0,0.0,0.0,0.0,40
2023-05-11 13:30:18,HO2403-P-2800,HO2403-P-2800,190.0,0.0,0.0,0.0,3,207.8,213.4,12,190.0,0.0,0.0,0.0,0.0,0.0,40
2023-05-11 13:30:18,HO2403-P-2800,HO2403-P-2800,190.0,0.0,0.0,0.0,3,207.8,213.6,18,190.0,0.0,0.0,0.0,0.0,0.0,40
2023-05-11 13:30:19,HO2403-P-2800,HO2403-P-2800,190.0,0.0,0.0,0.0,4,207.8,213.6,18,190.0,0.0,0.0,0.0,0.0,0.0,40
2023-05-11 13:30:32,HO2403-P-2800,HO2403-P-2800,190.0,0.0,0.0,0.0,1,208.0,213.6,18,190.0,0.0,0.0,0.0,0.0,0.0,40
2023-05-11 13:30:42,HO2403-P-2800,HO2403-P-2800,190.0,0.0,0.0,0.0,1,208.2,213.6,18,190.0,0.0,0.0,0.0,0.0,0.0,40
2023-05-11 13:30:43,HO2403-P-2800,HO2403-P-2800,190.0,0.0,0.0,0.0,3,208.4,213.6,18,190.0,0.0,0.0,0.0,0.0,0.0,40
2023-05-11 13:30:52,HO2403-P-2800,HO2403-P-2800,190.0,0.0,0.0,0.0,4,208.4,213.6,18,190.0,0.0,0.0,0.0,0.0,0.0,40
2023-05-11 13:31:02,HO2403-P-2800,HO2403-P-2800,190.0,0.0,0.0,0.0,1,208.6,213.6,18,190.0,0.0,0.0,0.0,0.0,0.0,40
2023-05-11 13:31:06,HO2403-P-2800,HO2403-P-2800,190.0,0.0,0.0,0.0,3,208.8,213.6,18,190.0,0.0,0.0,0.0,0.0,0.0,40
2023-05-11 13:31:12,HO2403-P-2800,HO2403-P-2800,190.0,0.0,0.0,0.0,1,208.6,213.6,18,190.0,0.0,0.0,0.0,0.0,0.0,40
2023-05-11 13:31:13,HO2403-P-2800,HO2403-P-2800,190.0,0.0,0.0,0.0,1,208.8,213.6,18,190.0,0.0,0.0,0.0,0.0,0.0,40
2023-05-11 13:31:28,HO2403-P-2800,HO2403-P-2800,190.0,0.0,0.0,0.0,1,209.0,213.6,18,190.0,0.0,0.0,0.0,0.0,0.0,40
2023-05-11 13:31:31,HO2403-P-2800,HO2403-P-2800,190.0,0.0,0.0,0.0,1,209.0,213.6,12,190.0,0.0,0.0,0.0,0.0,0.0,40
2023-05-11 13:31:32,HO2403-P-2800,HO2403-P-2800,190.0,0.0,0.0,0.0,1,209.0,213.6,6,190.0,0.0,0.0,0.0,0.0,0.0,40
2023-05-11 13:31:33,HO2403-P-2800,HO2403-P-2800,190.0,0.0,0.0,0.0,1,209.0,213.8,12,190.0,0.0,0.0,0.0,0.0,0.0,40
2023-05-11 13:31:33,HO2403-P-2800,HO2403-P-2800,190.0,0.0,0.0,0.0,4,209.0,214.2,30,190.0,0.0,0.0,0.0,0.0,0.0,40
2023-05-11 13:31:39,HO2403-P-2800,HO2403-P-2800,190.0,0.0,0.0,0.0,1,209.0,214.2,30,190.0,0.0,0.0,0.0,0.0,0.0,40
2023-05-11 13:31:40,HO2403-P-2800,HO2403-P-2800,190.0,0.0,0.0,0.0,4,209.0,214.2,30,190.0,0.0,0.0,0.0,0.0,0.0,40
2023-05-11 13:31:40,HO2403-P-2800,HO2403-P-2800,190.0,0.0,0.0,0.0,1,209.0,214.2,30,190.0,0.0,0.0,0.0,0.0,0.0,40
2023-05-11 13:31:41,HO2403-P-2800,HO2403-P-2800,190.0,0.0,0.0,0.0,4,209.0,214.2,30,190.0,0.0,0.0,0.0,0.0,0.0,40
2023-05-11 13:31:47,HO2403-P-2800,HO2403-P-2800,190.0,0.0,0.0,0.0,1,209.0,214.2,30,190.0,0.0,0.0,0.0,0.0,0.0,40
2023-05-11 13:31:48,HO2403-P-2800,HO2403-P-2800,190.0,0.0,0.0,0.0,4,209.0,214.2,30,190.0,0.0,0.0,0.0,0.0,0.0,40
2023-05-11 13:31:49,HO2403-P-2800,HO2403-P-2800,190.0,0.0,0.0,0.0,1,209.0,214.2,30,190.0,0.0,0.0,0.0,0.0,0.0,40
2023-05-11 13:31:49,HO2403-P-2800,HO2403-P-2800,190.0,0.0,0.0,0.0,4,209.0,214.2,30,190.0,0.0,0.0,0.0,0.0,0.0,40
2023-05-11 13:31:50,HO2403-P-2800,HO2403-P-2800,190.0,0.0,0.0,0.0,1,209.0,214.2,30,190.0,0.0,0.0,0.0,0.0,0.0,40
2023-05-11 13:31:52,HO2403-P-2800,HO2403-P-2800,190.0,0.0,0.0,0.0,4,209.0,214.2,30,190.0,0.0,0.0,0.0,0.0,0.0,40
2023-05-11 13:31:58,HO2403-P-2800,HO2403-P-2800,190.0,0.0,0.0,0.0,1,209.2,214.2,30,190.0,0.0,0.0,0.0,0.0,0.0,40
2023-05-11 13:31:59,HO2403-P-2800,HO2403-P-2800,190.0,0.0,0.0,0.0,4,209.2,214.2,30,190.0,0.0,0.0,0.0,0.0,0.0,40
2023-05-11 13:31:59,HO2403-P-2800,HO2403-P-2800,190.0,0.0,0.0,0.0,1,209.2,214.2,30,190.0,0.0,0.0,0.0,0.0,0.0,40
2023-05-11 13:32:03,HO2403-P-2800,HO2403-P-2800,190.0,0.0,0.0,0.0,19,208.6,214.2,30,190.0,0.0,0.0,0.0,0.0,0.0,40
2023-05-11 13:32:04,HO2403-P-2800,HO2403-P-2800,190.0,0.0,0.0,0.0,3,208.8,214.2,30,190.0,0.0,0.0,0.0,0.0,0.0,40
2023-05-11 13:32:20,HO2403-P-2800,HO2403-P-2800,190.0,0.0,0.0,0.0,4,208.8,214.2,30,190.0,0.0,0.0,0.0,0.0,0.0,40
2023-05-11 13:32:33,HO2403-P-2800,HO2403-P-2800,190.0,0.0,0.0,0.0,1,209.0,214.2,30,190.0,0.0,0.0,0.0,0.0,0.0,40
2023-05-11 13:32:33,HO2403-P-2800,HO2403-P-2800,190.0,0.0,0.0,0.0,4,209.0,214.2,30,190.0,0.0,0.0,0.0,0.0,0.0,40
2023-05-11 13:32:42,HO2403-P-2800,HO2403-P-2800,190.0,0.0,0.0,0.0,4,209.0,214.2,24,190.0,0.0,0.0,0.0,0.0,0.0,40
2023-05-11 13:32:47,HO2403-P-2800,HO2403-P-2800,190.0,0.0,0.0,0.0,1,209.2,214.2,24,190.0,0.0,0.0,0.0,0.0,0.0,40
2023-05-11 13:32:48,HO2403-P-2800,HO2403-P-2800,190.0,0.0,0.0,0.0,4,209.2,214.2,24,190.0,0.0,0.0,0.0,0.0,0.0,40
2023-05-11 13:33:13,HO2403-P-2800,HO2403-P-2800,190.0,0.0,0.0,0.0,3,209.2,214.2,24,190.0,0.0,0.0,0.0,0.0,0.0,40
2023-05-11 13:33:13,HO2403-P-2800,HO2403-P-2800,190.0,0.0,0.0,0.0,13,208.6,214.2,24,190.0,0.0,0.0,0.0,0.0,0.0,40
2023-05-11 13:33:14,HO2403-P-2800,HO2403-P-2800,190.0,0.0,0.0,0.0,3,208.8,214.2,24,190.0,0.0,0.0,0.0,0.0,0.0,40
2023-05-11 13:34:18,HO2403-P-2800,HO2403-P-2800,190.0,0.0,0.0,0.0,3,208.8,214.2,18,190.0,0.0,0.0,0.0,0.0,0.0,40
2023-05-11 13:36:29,HO2403-P-2800,HO2403-P-2800,190.0,0.0,0.0,0.0,18,208.6,214.2,18,190.0,0.0,0.0,0.0,0.0,0.0,40
2023-05-11 13:36:30,HO2403-P-2800,HO2403-P-2800,190.0,0.0,0.0,0.0,21,208.6,214.2,24,190.0,0.0,0.0,0.0,0.0,0.0,40
2023-05-11 13:36:30,HO2403-P-2800,HO2403-P-2800,190.0,0.0,0.0,0.0,15,208.6,214.2,24,190.0,0.0,0.0,0.0,0.0,0.0,40
2023-05-11 13:36:38,HO2403-P-2800,HO2403-P-2800,190.0,0.0,0.0,0.0,21,208.6,214.2,24,190.0,0.0,0.0,0.0,0.0,0.0,40
2023-05-11 13:36:40,HO2403-P-2800,HO2403-P-2800,190.0,0.0,0.0,0.0,15,208.6,214.2,24,190.0,0.0,0.0,0.0,0.0,0.0,40
2023-05-11 13:36:41,HO2403-P-2800,HO2403-P-2800,190.0,0.0,0.0,0.0,21,208.6,214.2,24,190.0,0.0,0.0,0.0,0.0,0.0,40
2023-05-11 13:36:42,HO2403-P-2800,HO2403-P-2800,190.0,0.0,0.0,0.0,15,208.6,214.2,24,190.0,0.0,0.0,0.0,0.0,0.0,40
2023-05-11 13:37:18,HO2403-P-2800,HO2403-P-2800,190.0,0.0,0.0,0.0,21,208.6,214.2,24,190.0,0.0,0.0,0.0,0.0,0.0,40
2023-05-11 13:37:43,HO2403-P-2800,HO2403-P-2800,190.0,0.0,0.0,0.0,15,208.6,214.2,24,190.0,0.0,0.0,0.0,0.0,0.0,40
2023-05-11 13:37:58,HO2403-P-2800,HO2403-P-2800,190.0,0.0,0.0,0.0,21,208.6,214.2,24,190.0,0.0,0.0,0.0,0.0,0.0,40
2023-05-11 13:38:35,HO2403-P-2800,HO2403-P-2800,190.0,0.0,0.0,0.0,21,208.6,214.2,18,190.0,0.0,0.0,0.0,0.0,0.0,40
2023-05-11 13:38:44,HO2403-P-2800,HO2403-P-2800,190.0,0.0,0.0,0.0,21,208.6,214.2,24,190.0,0.0,0.0,0.0,0.0,0.0,40
2023-05-11 13:39:21,HO2403-P-2800,HO2403-P-2800,190.0,0.0,0.0,0.0,15,208.6,214.2,24,190.0,0.0,0.0,0.0,0.0,0.0,40
2023-05-11 13:39:26,HO2403-P-2800,HO2403-P-2800,190.0,0.0,0.0,0.0,21,208.6,214.2,24,190.0,0.0,0.0,0.0,0.0,0.0,40
2023-05-11 13:39:36,HO2403-P-2800,HO2403-P-2800,190.0,0.0,0.0,0.0,15,208.6,214.2,24,190.0,0.0,0.0,0.0,0.0,0.0,40
2023-05-11 13:39:51,HO2403-P-2800,HO2403-P-2800,190.0,0.0,0.0,0.0,21,208.6,214.2,24,190.0,0.0,0.0,0.0,0.0,0.0,40
2023-05-11 13:39:55,HO2403-P-2800,HO2403-P-2800,190.0,0.0,0.0,0.0,12,208.6,214.2,24,190.0,0.0,0.0,0.0,0.0,0.0,40
2023-05-11 13:39:55,HO2403-P-2800,HO2403-P-2800,190.0,0.0,0.0,0.0,6,208.6,214.2,24,190.0,0.0,0.0,0.0,0.0,0.0,40
2023-05-11 13:39:56,HO2403-P-2800,HO2403-P-2800,190.0,0.0,0.0,0.0,9,208.6,214.2,24,190.0,0.0,0.0,0.0,0.0,0.0,40
2023-05-11 13:41:27,HO2403-P-2800,HO2403-P-2800,190.0,0.0,0.0,0.0,9,208.6,214.2,18,190.0,0.0,0.0,0.0,0.0,0.0,40
2023-05-11 13:43:02,HO2403-P-2800,HO2403-P-2800,190.0,0.0,0.0,0.0,10,208.6,214.2,18,190.0,0.0,0.0,0.0,0.0,0.0,40
2023-05-11 13:43:48,HO2403-P-2800,HO2403-P-2800,190.0,0.0,0.0,0.0,9,208.6,214.2,18,190.0,0.0,0.0,0.0,0.0,0.0,40
2023-05-11 13:43:51,HO2403-P-2800,HO2403-P-2800,190.0,0.0,0.0,0.0,6,208.6,214.2,18,190.0,0.0,0.0,0.0,0.0,0.0,40
2023-05-11 13:43:52,HO2403-P-2800,HO2403-P-2800,190.0,0.0,0.0,0.0,9,208.6,214.2,18,190.0,0.0,0.0,0.0,0.0,0.0,40
2023-05-11 13:44:18,HO2403-P-2800,HO2403-P-2800,190.0,0.0,0.0,0.0,6,208.6,214.2,18,190.0,0.0,0.0,0.0,0.0,0.0,40
2023-05-11 13:44:19,HO2403-P-2800,HO2403-P-2800,190.0,0.0,0.0,0.0,3,208.8,214.2,18,190.0,0.0,0.0,0.0,0.0,0.0,40
2023-05-11 13:44:23,HO2403-P-2800,HO2403-P-2800,190.0,0.0,0.0,0.0,6,208.6,214.2,18,190.0,0.0,0.0,0.0,0.0,0.0,40
2023-05-11 13:44:24,HO2403-P-2800,HO2403-P-2800,190.0,0.0,0.0,0.0,9,208.6,214.2,18,190.0,0.0,0.0,0.0,0.0,0.0,40
2023-05-11 13:45:06,HO2403-P-2800,HO2403-P-2800,190.0,0.0,0.0,0.0,6,208.6,214.2,18,190.0,0.0,0.0,0.0,0.0,0.0,40
2023-05-11 13:45:06,HO2403-P-2800,HO2403-P-2800,190.0,0.0,0.0,0.0,3,208.8,214.2,18,190.0,0.0,0.0,0.0,0.0,0.0,40
2023-05-11 13:45:07,HO2403-P-2800,HO2403-P-2800,190.0,0.0,0.0,0.0,6,208.6,214.2,18,190.0,0.0,0.0,0.0,0.0,0.0,40
2023-05-11 13:45:07,HO2403-P-2800,HO2403-P-2800,190.0,0.0,0.0,0.0,9,208.6,214.2,18,190.0,0.0,0.0,0.0,0.0,0.0,40
2023-05-11 13:45:08,HO2403-P-2800,HO2403-P-2800,190.0,0.0,0.0,0.0,9,208.6,214.2,24,190.0,0.0,0.0,0.0,0.0,0.0,40
2023-05-11 13:45:12,HO2403-P-2800,HO2403-P-2800,190.0,0.0,0.0,0.0,6,208.6,214.2,24,190.0,0.0,0.0,0.0,0.0,0.0,40
2023-05-11 13:45:13,HO2403-P-2800,HO2403-P-2800,190.0,0.0,0.0,0.0,9,208.6,214.2,24,190.0,0.0,0.0,0.0,0.0,0.0,40
2023-05-11 13:45:14,HO2403-P-2800,HO2403-P-2800,190.0,0.0,0.0,0.0,6,208.6,214.2,24,190.0,0.0,0.0,0.0,0.0,0.0,40
2023-05-11 13:45:15,HO2403-P-2800,HO2403-P-2800,190.0,0.0,0.0,0.0,9,208.6,214.2,24,190.0,0.0,0.0,0.0,0.0,0.0,40
2023-05-11 13:46:06,HO2403-P-2800,HO2403-P-2800,190.0,0.0,0.0,0.0,9,208.6,214.2,18,190.0,0.0,0.0,0.0,0.0,0.0,40
2023-05-11 13:47:52,HO2403-P-2800,HO2403-P-2800,190.0,0.0,0.0,0.0,6,208.6,214.2,18,190.0,0.0,0.0,0.0,0.0,0.0,40
2023-05-11 13:47:53,HO2403-P-2800,HO2403-P-2800,190.0,0.0,0.0,0.0,3,208.8,214.2,18,190.0,0.0,0.0,0.0,0.0,0.0,40
2023-05-11 13:48:12,HO2403-P-2800,HO2403-P-2800,190.0,0.0,0.0,0.0,6,208.6,214.2,18,190.0,0.0,0.0,0.0,0.0,0.0,40
2023-05-11 13:48:12,HO2403-P-2800,HO2403-P-2800,190.0,0.0,0.0,0.0,3,208.8,214.2,18,190.0,0.0,0.0,0.0,0.0,0.0,40
2023-05-11 13:48:30,HO2403-P-2800,HO2403-P-2800,190.0,0.0,0.0,0.0,6,208.6,214.2,18,190.0,0.0,0.0,0.0,0.0,0.0,40
2023-05-11 13:48:31,HO2403-P-2800,HO2403-P-2800,190.0,0.0,0.0,0.0,9,208.6,214.2,18,190.0,0.0,0.0,0.0,0.0,0.0,40
2023-05-11 13:48:41,HO2403-P-2800,HO2403-P-2800,190.0,0.0,0.0,0.0,18,208.2,214.0,6,190.0,0.0,0.0,0.0,0.0,0.0,40
2023-05-11 13:48:42,HO2403-P-2800,HO2403-P-2800,190.0,0.0,0.0,0.0,9,208.2,214.0,6,190.0,0.0,0.0,0.0,0.0,0.0,40
2023-05-11 13:48:42,HO2403-P-2800,HO2403-P-2800,190.0,0.0,0.0,0.0,3,208.2,214.0,6,190.0,0.0,0.0,0.0,0.0,0.0,40
2023-05-11 13:49:35,HO2403-P-2800,HO2403-P-2800,190.0,0.0,0.0,0.0,4,208.2,214.0,6,190.0,0.0,0.0,0.0,0.0,0.0,40
2023-05-11 13:50:10,HO2403-P-2800,HO2403-P-2800,190.0,0.0,0.0,0.0,3,208.2,214.0,6,190.0,0.0,0.0,0.0,0.0,0.0,40
2023-05-11 13:50:27,HO2403-P-2800,HO2403-P-2800,190.0,0.0,0.0,0.0,4,208.2,214.0,6,190.0,0.0,0.0,0.0,0.0,0.0,40
2023-05-11 13:50:37,HO2403-P-2800,HO2403-P-2800,190.0,0.0,0.0,0.0,1,208.4,214.0,6,190.0,0.0,0.0,0.0,0.0,0.0,40
2023-05-11 13:50:37,HO2403-P-2800,HO2403-P-2800,190.0,0.0,0.0,0.0,3,208.6,214.0,6,190.0,0.0,0.0,0.0,0.0,0.0,40
2023-05-11 13:51:10,HO2403-P-2800,HO2403-P-2800,190.0,0.0,0.0,0.0,4,208.6,214.0,6,190.0,0.0,0.0,0.0,0.0,0.0,40
2023-05-11 13:51:25,HO2403-P-2800,HO2403-P-2800,190.0,0.0,0.0,0.0,1,208.8,214.2,18,190.0,0.0,0.0,0.0,0.0,0.0,40
2023-05-11 13:51:26,HO2403-P-2800,HO2403-P-2800,190.0,0.0,0.0,0.0,3,209.0,214.2,18,190.0,0.0,0.0,0.0,0.0,0.0,40
2023-05-11 13:53:18,HO2403-P-2800,HO2403-P-2800,190.0,0.0,0.0,0.0,24,208.6,214.2,18,190.0,0.0,0.0,0.0,0.0,0.0,40
2023-05-11 13:53:19,HO2403-P-2800,HO2403-P-2800,190.0,0.0,0.0,0.0,3,208.8,214.2,18,190.0,0.0,0.0,0.0,0.0,0.0,40
2023-05-11 13:56:12,HO2403-P-2800,HO2403-P-2800,190.0,0.0,0.0,0.0,4,208.8,214.2,18,190.0,0.0,0.0,0.0,0.0,0.0,40
2023-05-11 13:56:16,HO2403-P-2800,HO2403-P-2800,190.0,0.0,0.0,0.0,4,208.8,214.2,12,190.0,0.0,0.0,0.0,0.0,0.0,40
2023-05-11 13:56:16,HO2403-P-2800,HO2403-P-2800,190.0,0.0,0.0,0.0,4,208.8,214.2,6,190.0,0.0,0.0,0.0,0.0,0.0,40
2023-05-11 13:56:45,HO2403-P-2800,HO2403-P-2800,190.0,0.0,0.0,0.0,1,209.0,214.2,6,190.0,0.0,0.0,0.0,0.0,0.0,40
2023-05-11 13:56:55,HO2403-P-2800,HO2403-P-2800,190.0,0.0,0.0,0.0,1,209.2,214.2,6,190.0,0.0,0.0,0.0,0.0,0.0,40
2023-05-11 13:57:05,HO2403-P-2800,HO2403-P-2800,190.0,0.0,0.0,0.0,1,209.4,214.2,6,190.0,0.0,0.0,0.0,0.0,0.0,40
2023-05-11 13:57:11,HO2403-P-2800,HO2403-P-2800,190.0,0.0,0.0,0.0,4,208.8,214.2,6,190.0,0.0,0.0,0.0,0.0,0.0,40
2023-05-11 13:57:21,HO2403-P-2800,HO2403-P-2800,190.0,0.0,0.0,0.0,1,209.0,214.2,6,190.0,0.0,0.0,0.0,0.0,0.0,40
2023-05-11 13:57:22,HO2403-P-2800,HO2403-P-2800,190.0,0.0,0.0,0.0,3,209.2,214.2,6,190.0,0.0,0.0,0.0,0.0,0.0,40
2023-05-11 13:57:41,HO2403-P-2800,HO2403-P-2800,190.0,0.0,0.0,0.0,4,209.2,214.2,6,190.0,0.0,0.0,0.0,0.0,0.0,40
2023-05-11 13:57:51,HO2403-P-2800,HO2403-P-2800,190.0,0.0,0.0,0.0,1,209.4,214.2,6,190.0,0.0,0.0,0.0,0.0,0.0,40
2023-05-11 13:57:52,HO2403-P-2800,HO2403-P-2800,190.0,0.0,0.0,0.0,4,209.4,214.2,6,190.0,0.0,0.0,0.0,0.0,0.0,40
2023-05-11 13:58:10,HO2403-P-2800,HO2403-P-2800,190.0,0.0,0.0,0.0,1,209.6,214.2,6,190.0,0.0,0.0,0.0,0.0,0.0,40
2023-05-11 13:58:10,HO2403-P-2800,HO2403-P-2800,190.0,0.0,0.0,0.0,3,209.8,214.2,6,190.0,0.0,0.0,0.0,0.0,0.0,40
2023-05-11 13:58:17,HO2403-P-2800,HO2403-P-2800,190.0,0.0,0.0,0.0,1,209.6,214.2,6,190.0,0.0,0.0,0.0,0.0,0.0,40
2023-05-11 13:58:18,HO2403-P-2800,HO2403-P-2800,190.0,0.0,0.0,0.0,4,209.6,214.2,6,190.0,0.0,0.0,0.0,0.0,0.0,40
2023-05-11 13:58:49,HO2403-P-2800,HO2403-P-2800,190.0,0.0,0.0,0.0,3,209.6,214.2,6,190.0,0.0,0.0,0.0,0.0,0.0,40
2023-05-11 13:58:50,HO2403-P-2800,HO2403-P-2800,190.0,0.0,0.0,0.0,1,209.0,214.2,6,190.0,0.0,0.0,0.0,0.0,0.0,40
2023-05-11 13:58:51,HO2403-P-2800,HO2403-P-2800,190.0,0.0,0.0,0.0,3,209.2,214.2,6,190.0,0.0,0.0,0.0,0.0,0.0,40
2023-05-11 13:58:54,HO2403-P-2800,HO2403-P-2800,190.0,0.0,0.0,0.0,4,209.2,214.2,6,190.0,0.0,0.0,0.0,0.0,0.0,40
2023-05-11 13:59:04,HO2403-P-2800,HO2403-P-2800,190.0,0.0,0.0,0.0,1,209.4,214.2,6,190.0,0.0,0.0,0.0,0.0,0.0,40
2023-05-11 13:59:05,HO2403-P-2800,HO2403-P-2800,190.0,0.0,0.0,0.0,3,209.6,214.2,6,190.0,0.0,0.0,0.0,0.0,0.0,40
2023-05-11 13:59:07,HO2403-P-2800,HO2403-P-2800,190.0,0.0,0.0,0.0,9,209.6,214.2,6,190.0,0.0,0.0,0.0,0.0,0.0,40
2023-05-11 13:59:22,HO2403-P-2800,HO2403-P-2800,190.0,0.0,0.0,0.0,10,209.6,214.2,6,190.0,0.0,0.0,0.0,0.0,0.0,40
2023-05-11 13:59:53,HO2403-P-2800,HO2403-P-2800,190.0,0.0,0.0,0.0,1,209.8,214.2,6,190.0,0.0,0.0,0.0,0.0,0.0,40
2023-05-11 13:59:54,HO2403-P-2800,HO2403-P-2800,190.0,0.0,0.0,0.0,3,210.0,214.2,6,190.0,0.0,0.0,0.0,0.0,0.0,40
2023-05-11 14:00:19,HO2403-P-2800,HO2403-P-2800,190.0,0.0,0.0,0.0,1,209.8,214.2,6,190.0,0.0,0.0,0.0,0.0,0.0,40
2023-05-11 14:00:20,HO2403-P-2800,HO2403-P-2800,190.0,0.0,0.0,0.0,4,209.8,214.2,6,190.0,0.0,0.0,0.0,0.0,0.0,40
2023-05-11 14:01:05,HO2403-P-2800,HO2403-P-2800,190.0,0.0,0.0,0.0,3,209.8,214.2,6,190.0,0.0,0.0,0.0,0.0,0.0,40
2023-05-11 14:01:06,HO2403-P-2800,HO2403-P-2800,190.0,0.0,0.0,0.0,18,209.6,214.2,6,190.0,0.0,0.0,0.0,0.0,0.0,40
2023-05-11 14:01:06,HO2403-P-2800,HO2403-P-2800,190.0,0.0,0.0,0.0,21,209.6,214.2,6,190.0,0.0,0.0,0.0,0.0,0.0,40
2023-05-11 14:01:07,HO2403-P-2800,HO2403-P-2800,190.0,0.0,0.0,0.0,15,209.6,214.2,6,190.0,0.0,0.0,0.0,0.0,0.0,40
2023-05-11 14:01:20,HO2403-P-2800,HO2403-P-2800,190.0,0.0,0.0,0.0,16,209.6,214.2,6,190.0,0.0,0.0,0.0,0.0,0.0,40
2023-05-11 14:01:41,HO2403-P-2800,HO2403-P-2800,190.0,0.0,0.0,0.0,1,209.8,214.2,6,190.0,0.0,0.0,0.0,0.0,0.0,40
2023-05-11 14:01:42,HO2403-P-2800,HO2403-P-2800,190.0,0.0,0.0,0.0,3,210.0,214.2,6,190.0,0.0,0.0,0.0,0.0,0.0,40
2023-05-11 14:01:44,HO2403-P-2800,HO2403-P-2800,190.0,0.0,0.0,0.0,1,209.8,214.2,6,190.0,0.0,0.0,0.0,0.0,0.0,40
2023-05-11 14:01:44,HO2403-P-2800,HO2403-P-2800,190.0,0.0,0.0,0.0,4,209.8,214.2,6,190.0,0.0,0.0,0.0,0.0,0.0,40
2023-05-11 14:02:20,HO2403-P-2800,HO2403-P-2800,190.0,0.0,0.0,0.0,4,209.8,215.0,12,190.0,0.0,0.0,0.0,0.0,0.0,40
2023-05-11 14:02:21,HO2403-P-2800,HO2403-P-2800,190.0,0.0,0.0,0.0,4,209.8,215.2,42,190.0,0.0,0.0,0.0,0.0,0.0,40
2023-05-11 14:02:21,HO2403-P-2800,HO2403-P-2800,190.0,0.0,0.0,0.0,4,209.8,215.2,30,190.0,0.0,0.0,0.0,0.0,0.0,40
2023-05-11 14:02:47,HO2403-P-2800,HO2403-P-2800,190.0,0.0,0.0,0.0,4,209.8,215.2,24,190.0,0.0,0.0,0.0,0.0,0.0,40
2023-05-11 14:03:55,HO2403-P-2800,HO2403-P-2800,190.0,0.0,0.0,0.0,1,210.0,215.2,24,190.0,0.0,0.0,0.0,0.0,0.0,40
2023-05-11 14:03:55,HO2403-P-2800,HO2403-P-2800,190.0,0.0,0.0,0.0,3,210.2,215.2,24,190.0,0.0,0.0,0.0,0.0,0.0,40
2023-05-11 14:03:57,HO2403-P-2800,HO2403-P-2800,190.0,0.0,0.0,0.0,3,210.2,215.2,18,190.0,0.0,0.0,0.0,0.0,0.0,40
2023-05-11 14:04:30,HO2403-P-2800,HO2403-P-2800,190.0,0.0,0.0,0.0,4,210.2,215.2,18,190.0,0.0,0.0,0.0,0.0,0.0,40
2023-05-11 14:04:32,HO2403-P-2800,HO2403-P-2800,190.0,0.0,0.0,0.0,6,210.4,215.2,12,190.0,0.0,0.0,0.0,0.0,0.0,40
2023-05-11 14:04:33,HO2403-P-2800,HO2403-P-2800,190.0,0.0,0.0,0.0,3,210.6,215.2,12,190.0,0.0,0.0,0.0,0.0,0.0,40
2023-05-11 14:04:33,HO2403-P-2800,HO2403-P-2800,190.0,0.0,0.0,0.0,3,210.6,215.2,6,190.0,0.0,0.0,0.0,0.0,0.0,40
2023-05-11 14:05:01,HO2403-P-2800,HO2403-P-2800,190.0,0.0,0.0,0.0,4,210.6,215.2,6,190.0,0.0,0.0,0.0,0.0,0.0,40
2023-05-11 14:05:05,HO2403-P-2800,HO2403-P-2800,190.0,0.0,0.0,0.0,4,210.6,215.6,12,190.0,0.0,0.0,0.0,0.0,0.0,40
2023-05-11 14:05:05,HO2403-P-2800,HO2403-P-2800,190.0,0.0,0.0,0.0,4,210.6,215.8,30,190.0,0.0,0.0,0.0,0.0,0.0,40
2023-05-11 14:05:08,HO2403-P-2800,HO2403-P-2800,190.0,0.0,0.0,0.0,4,210.6,215.8,24,190.0,0.0,0.0,0.0,0.0,0.0,40
2023-05-11 14:05:11,HO2403-P-2800,HO2403-P-2800,190.0,0.0,0.0,0.0,1,210.8,215.8,24,190.0,0.0,0.0,0.0,0.0,0.0,40
2023-05-11 14:05:11,HO2403-P-2800,HO2403-P-2800,190.0,0.0,0.0,0.0,3,211.0,215.8,24,190.0,0.0,0.0,0.0,0.0,0.0,40
2023-05-11 14:05:21,HO2403-P-2800,HO2403-P-2800,190.0,0.0,0.0,0.0,18,210.4,215.8,24,190.0,0.0,0.0,0.0,0.0,0.0,40
2023-05-11 14:05:22,HO2403-P-2800,HO2403-P-2800,190.0,0.0,0.0,0.0,3,210.6,215.8,24,190.0,0.0,0.0,0.0,0.0,0.0,40
2023-05-11 14:05:41,HO2403-P-2800,HO2403-P-2800,190.0,0.0,0.0,0.0,4,210.6,215.8,24,190.0,0.0,0.0,0.0,0.0,0.0,40
2023-05-11 14:05:52,HO2403-P-2800,HO2403-P-2800,190.0,0.0,0.0,0.0,3,210.6,215.8,24,190.0,0.0,0.0,0.0,0.0,0.0,40
2023-05-11 14:13:03,HO2403-P-2800,HO2403-P-2800,190.0,0.0,0.0,0.0,3,210.6,215.6,6,190.0,0.0,0.0,0.0,0.0,0.0,40
2023-05-11 14:13:21,HO2403-P-2800,HO2403-P-2800,190.0,0.0,0.0,0.0,9,210.6,215.8,30,190.0,0.0,0.0,0.0,0.0,0.0,40
2023-05-11 14:14:00,HO2403-P-2800,HO2403-P-2800,190.0,0.0,0.0,0.0,9,210.6,215.8,24,190.0,0.0,0.0,0.0,0.0,0.0,40
2023-05-11 14:14:46,HO2403-P-2800,HO2403-P-2800,190.0,0.0,0.0,0.0,10,210.6,215.8,24,190.0,0.0,0.0,0.0,0.0,0.0,40
2023-05-11 14:14:47,HO2403-P-2800,HO2403-P-2800,190.0,0.0,0.0,0.0,11,210.6,215.8,24,190.0,0.0,0.0,0.0,0.0,0.0,40
2023-05-11 14:14:57,HO2403-P-2800,HO2403-P-2800,190.0,0.0,0.0,0.0,1,210.8,215.8,24,190.0,0.0,0.0,0.0,0.0,0.0,40
2023-05-11 14:14:58,HO2403-P-2800,HO2403-P-2800,190.0,0.0,0.0,0.0,3,211.0,215.8,24,190.0,0.0,0.0,0.0,0.0,0.0,40
2023-05-11 14:15:01,HO2403-P-2800,HO2403-P-2800,190.0,0.0,0.0,0.0,6,211.2,215.8,24,190.0,0.0,0.0,0.0,0.0,0.0,40
2023-05-11 14:15:01,HO2403-P-2800,HO2403-P-2800,190.0,0.0,0.0,0.0,3,211.4,215.8,24,190.0,0.0,0.0,0.0,0.0,0.0,40
2023-05-11 14:15:18,HO2403-P-2800,HO2403-P-2800,190.0,0.0,0.0,0.0,3,211.4,215.8,18,190.0,0.0,0.0,0.0,0.0,0.0,40
2023-05-11 14:15:30,HO2403-P-2800,HO2403-P-2800,190.0,0.0,0.0,0.0,4,211.4,215.8,18,190.0,0.0,0.0,0.0,0.0,0.0,40
2023-05-11 14:15:44,HO2403-P-2800,HO2403-P-2800,190.0,0.0,0.0,0.0,3,211.4,215.8,18,190.0,0.0,0.0,0.0,0.0,0.0,40
2023-05-11 14:15:49,HO2403-P-2800,HO2403-P-2800,190.0,0.0,0.0,0.0,3,211.4,215.8,12,190.0,0.0,0.0,0.0,0.0,0.0,40
2023-05-11 14:15:49,HO2403-P-2800,HO2403-P-2800,190.0,0.0,0.0,0.0,3,211.4,215.8,6,190.0,0.0,0.0,0.0,0.0,0.0,40
2023-05-11 14:16:12,HO2403-P-2800,HO2403-P-2800,190.0,0.0,0.0,0.0,6,211.2,215.8,6,190.0,0.0,0.0,0.0,0.0,0.0,40
2023-05-11 14:16:12,HO2403-P-2800,HO2403-P-2800,190.0,0.0,0.0,0.0,9,211.2,215.8,6,190.0,0.0,0.0,0.0,0.0,0.0,40
2023-05-11 14:16:23,HO2403-P-2800,HO2403-P-2800,190.0,0.0,0.0,0.0,10,211.2,215.8,6,190.0,0.0,0.0,0.0,0.0,0.0,40
2023-05-11 14:17:55,HO2403-P-2800,HO2403-P-2800,190.0,0.0,0.0,0.0,1,211.4,215.8,6,190.0,0.0,0.0,0.0,0.0,0.0,40
2023-05-11 14:17:56,HO2403-P-2800,HO2403-P-2800,190.0,0.0,0.0,0.0,3,211.6,215.8,6,190.0,0.0,0.0,0.0,0.0,0.0,40
2023-05-11 14:18:07,HO2403-P-2800,HO2403-P-2800,190.0,0.0,0.0,0.0,1,211.4,215.8,6,190.0,0.0,0.0,0.0,0.0,0.0,40
2023-05-11 14:18:07,HO2403-P-2800,HO2403-P-2800,190.0,0.0,0.0,0.0,4,211.4,215.8,6,190.0,0.0,0.0,0.0,0.0,0.0,40
2023-05-11 14:18:51,HO2403-P-2800,HO2403-P-2800,190.0,0.0,0.0,0.0,1,211.6,215.8,6,190.0,0.0,0.0,0.0,0.0,0.0,40
2023-05-11 14:18:52,HO2403-P-2800,HO2403-P-2800,190.0,0.0,0.0,0.0,3,211.8,215.8,6,190.0,0.0,0.0,0.0,0.0,0.0,40
2023-05-11 14:19:01,HO2403-P-2800,HO2403-P-2800,190.0,0.0,0.0,0.0,4,211.8,215.8,6,190.0,0.0,0.0,0.0,0.0,0.0,40
2023-05-11 14:19:08,HO2403-P-2800,HO2403-P-2800,190.0,0.0,0.0,0.0,1,211.8,215.8,6,190.0,0.0,0.0,0.0,0.0,0.0,40
2023-05-11 14:19:09,HO2403-P-2800,HO2403-P-2800,190.0,0.0,0.0,0.0,4,211.8,215.8,6,190.0,0.0,0.0,0.0,0.0,0.0,40
2023-05-11 14:19:10,HO2403-P-2800,HO2403-P-2800,190.0,0.0,0.0,0.0,1,211.8,215.8,6,190.0,0.0,0.0,0.0,0.0,0.0,40
2023-05-11 14:19:11,HO2403-P-2800,HO2403-P-2800,190.0,0.0,0.0,0.0,7,211.2,215.8,6,190.0,0.0,0.0,0.0,0.0,0.0,40
2023-05-11 14:19:11,HO2403-P-2800,HO2403-P-2800,190.0,0.0,0.0,0.0,3,211.4,215.8,6,190.0,0.0,0.0,0.0,0.0,0.0,40
2023-05-11 14:19:12,HO2403-P-2800,HO2403-P-2800,190.0,0.0,0.0,0.0,7,211.2,215.8,6,190.0,0.0,0.0,0.0,0.0,0.0,40
2023-05-11 14:19:13,HO2403-P-2800,HO2403-P-2800,190.0,0.0,0.0,0.0,10,211.2,215.8,6,190.0,0.0,0.0,0.0,0.0,0.0,40
2023-05-11 14:19:33,HO2403-P-2800,HO2403-P-2800,190.0,0.0,0.0,0.0,1,211.4,215.8,6,190.0,0.0,0.0,0.0,0.0,0.0,40
2023-05-11 14:19:33,HO2403-P-2800,HO2403-P-2800,190.0,0.0,0.0,0.0,3,211.6,215.8,6,190.0,0.0,0.0,0.0,0.0,0.0,40
2023-05-11 14:19:49,HO2403-P-2800,HO2403-P-2800,190.0,0.0,0.0,0.0,1,211.4,215.8,6,190.0,0.0,0.0,0.0,0.0,0.0,40
2023-05-11 14:19:50,HO2403-P-2800,HO2403-P-2800,190.0,0.0,0.0,0.0,4,211.4,215.8,6,190.0,0.0,0.0,0.0,0.0,0.0,40
2023-05-11 14:20:01,HO2403-P-2800,HO2403-P-2800,190.0,0.0,0.0,0.0,3,211.4,215.8,6,190.0,0.0,0.0,0.0,0.0,0.0,40
2023-05-11 14:20:49,HO2403-P-2800,HO2403-P-2800,190.0,0.0,0.0,0.0,7,211.2,215.8,6,190.0,0.0,0.0,0.0,0.0,0.0,40
2023-05-11 14:20:50,HO2403-P-2800,HO2403-P-2800,190.0,0.0,0.0,0.0,10,211.2,215.8,6,190.0,0.0,0.0,0.0,0.0,0.0,40
2023-05-11 14:21:05,HO2403-P-2800,HO2403-P-2800,190.0,0.0,0.0,0.0,1,211.4,215.8,6,190.0,0.0,0.0,0.0,0.0,0.0,40
2023-05-11 14:21:05,HO2403-P-2800,HO2403-P-2800,190.0,0.0,0.0,0.0,3,211.6,215.8,6,190.0,0.0,0.0,0.0,0.0,0.0,40
2023-05-11 14:21:10,HO2403-P-2800,HO2403-P-2800,190.0,0.0,0.0,0.0,1,211.4,215.8,6,190.0,0.0,0.0,0.0,0.0,0.0,40
2023-05-11 14:21:11,HO2403-P-2800,HO2403-P-2800,190.0,0.0,0.0,0.0,4,211.4,215.8,6,190.0,0.0,0.0,0.0,0.0,0.0,40
2023-05-11 14:21:17,HO2403-P-2800,HO2403-P-2800,190.0,0.0,0.0,0.0,3,211.4,215.8,6,190.0,0.0,0.0,0.0,0.0,0.0,40
2023-05-11 14:21:19,HO2403-P-2800,HO2403-P-2800,190.0,0.0,0.0,0.0,6,211.2,215.8,6,190.0,0.0,0.0,0.0,0.0,0.0,40
2023-05-11 14:21:20,HO2403-P-2800,HO2403-P-2800,190.0,0.0,0.0,0.0,9,211.2,215.8,6,190.0,0.0,0.0,0.0,0.0,0.0,40
2023-05-11 14:21:32,HO2403-P-2800,HO2403-P-2800,190.0,0.0,0.0,0.0,10,211.2,215.8,6,190.0,0.0,0.0,0.0,0.0,0.0,40
2023-05-11 14:21:42,HO2403-P-2800,HO2403-P-2800,190.0,0.0,0.0,0.0,1,211.4,215.8,6,190.0,0.0,0.0,0.0,0.0,0.0,40
2023-05-11 14:21:42,HO2403-P-2800,HO2403-P-2800,190.0,0.0,0.0,0.0,4,211.4,215.8,6,190.0,0.0,0.0,0.0,0.0,0.0,40
2023-05-11 14:21:52,HO2403-P-2800,HO2403-P-2800,190.0,0.0,0.0,0.0,1,211.6,215.8,6,190.0,0.0,0.0,0.0,0.0,0.0,40
2023-05-11 14:21:52,HO2403-P-2800,HO2403-P-2800,190.0,0.0,0.0,0.0,4,211.6,215.8,6,190.0,0.0,0.0,0.0,0.0,0.0,40
2023-05-11 14:22:02,HO2403-P-2800,HO2403-P-2800,190.0,0.0,0.0,0.0,1,211.8,215.8,6,190.0,0.0,0.0,0.0,0.0,0.0,40
2023-05-11 14:22:02,HO2403-P-2800,HO2403-P-2800,190.0,0.0,0.0,0.0,4,211.8,215.8,6,190.0,0.0,0.0,0.0,0.0,0.0,40
2023-05-11 14:22:21,HO2403-P-2800,HO2403-P-2800,190.0,0.0,0.0,0.0,1,211.8,215.8,6,190.0,0.0,0.0,0.0,0.0,0.0,40
2023-05-11 14:22:23,HO2403-P-2800,HO2403-P-2800,190.0,0.0,0.0,0.0,4,211.8,215.8,6,190.0,0.0,0.0,0.0,0.0,0.0,40
