time,symbol_id,symbol_name,last,trade_volume,trade_amount,open_interest_change,bv1,bp1,ap1,av1,yesterday_close,today_open,today_high,today_low,volume,amount,open_interest
2023-05-11 09:29:00,HO2403-C-2400,HO2403-C-2400,339.2,0.0,0.0,0.0,1,282.8,377.2,1,339.2,330.0,0.0,0.0,0.0,0.0,72
2023-05-11 09:30:01,HO2403-C-2400,HO2403-C-2400,339.2,0.0,0.0,0.0,1,293.0,368.0,1,339.2,330.0,0.0,0.0,0.0,0.0,72
2023-05-11 09:30:06,HO2403-C-2400,HO2403-C-2400,339.2,0.0,0.0,0.0,1,301.0,360.0,1,339.2,330.0,0.0,0.0,0.0,0.0,72
2023-05-11 09:30:21,HO2403-C-2400,HO2403-C-2400,339.2,0.0,0.0,0.0,6,318.4,343.4,6,339.2,330.0,0.0,0.0,0.0,0.0,72
2023-05-11 09:30:24,HO2403-C-2400,HO2403-C-2400,339.2,0.0,0.0,0.0,1,322.6,343.4,6,339.2,330.0,0.0,0.0,0.0,0.0,72
2023-05-11 09:30:25,HO2403-C-2400,HO2403-C-2400,339.2,0.0,0.0,0.0,7,322.6,343.4,6,339.2,330.0,0.0,0.0,0.0,0.0,72
2023-05-11 09:30:26,HO2403-C-2400,HO2403-C-2400,339.2,0.0,0.0,0.0,13,322.6,334.0,6,339.2,330.0,0.0,0.0,0.0,0.0,72
2023-05-11 09:30:26,HO2403-C-2400,HO2403-C-2400,339.2,0.0,0.0,0.0,6,322.8,332.6,1,339.2,330.0,0.0,0.0,0.0,0.0,72
2023-05-11 09:30:30,HO2403-C-2400,HO2403-C-2400,339.2,0.0,0.0,0.0,12,322.8,332.6,1,339.2,330.0,0.0,0.0,0.0,0.0,72
2023-05-11 09:30:30,HO2403-C-2400,HO2403-C-2400,339.2,0.0,0.0,0.0,6,322.8,332.6,1,339.2,330.0,0.0,0.0,0.0,0.0,72
2023-05-11 09:30:36,HO2403-C-2400,HO2403-C-2400,339.2,0.0,0.0,0.0,6,322.8,332.6,7,339.2,330.0,0.0,0.0,0.0,0.0,72
2023-05-11 09:30:41,HO2403-C-2400,HO2403-C-2400,339.2,0.0,0.0,0.0,6,322.8,331.6,1,339.2,330.0,0.0,0.0,0.0,0.0,72
2023-05-11 09:30:42,HO2403-C-2400,HO2403-C-2400,339.2,0.0,0.0,0.0,6,322.8,331.6,7,339.2,330.0,0.0,0.0,0.0,0.0,72
2023-05-11 09:30:47,HO2403-C-2400,HO2403-C-2400,339.2,0.0,0.0,0.0,6,322.8,331.6,6,339.2,330.0,0.0,0.0,0.0,0.0,72
2023-05-11 09:30:47,HO2403-C-2400,HO2403-C-2400,339.2,0.0,0.0,0.0,6,322.8,333.4,6,339.2,330.0,0.0,0.0,0.0,0.0,72
2023-05-11 09:30:49,HO2403-C-2400,HO2403-C-2400,339.2,0.0,0.0,0.0,1,323.8,333.4,6,339.2,330.0,0.0,0.0,0.0,0.0,72
2023-05-11 09:30:50,HO2403-C-2400,HO2403-C-2400,339.2,0.0,0.0,0.0,6,324.0,332.6,1,339.2,330.0,0.0,0.0,0.0,0.0,72
2023-05-11 09:30:52,HO2403-C-2400,HO2403-C-2400,339.2,0.0,0.0,0.0,6,324.0,332.4,6,339.2,330.0,0.0,0.0,0.0,0.0,72
2023-05-11 09:30:56,HO2403-C-2400,HO2403-C-2400,339.2,0.0,0.0,0.0,6,324.0,333.4,6,339.2,330.0,0.0,0.0,0.0,0.0,72
2023-05-11 09:31:02,HO2403-C-2400,HO2403-C-2400,339.2,0.0,0.0,0.0,6,324.0,332.8,1,339.2,330.0,0.0,0.0,0.0,0.0,72
2023-05-11 09:31:02,HO2403-C-2400,HO2403-C-2400,339.2,0.0,0.0,0.0,6,324.0,332.6,6,339.2,330.0,0.0,0.0,0.0,0.0,72
2023-05-11 09:31:04,HO2403-C-2400,HO2403-C-2400,339.2,0.0,0.0,0.0,6,324.0,333.2,1,339.2,330.0,0.0,0.0,0.0,0.0,72
2023-05-11 09:31:06,HO2403-C-2400,HO2403-C-2400,339.2,0.0,0.0,0.0,6,324.0,333.0,6,339.2,330.0,0.0,0.0,0.0,0.0,72
2023-05-11 09:31:07,HO2403-C-2400,HO2403-C-2400,339.2,0.0,0.0,0.0,6,324.0,332.4,1,339.2,330.0,0.0,0.0,0.0,0.0,72
2023-05-11 09:31:17,HO2403-C-2400,HO2403-C-2400,339.2,0.0,0.0,0.0,6,324.0,333.0,6,339.2,330.0,0.0,0.0,0.0,0.0,72
2023-05-11 09:31:17,HO2403-C-2400,HO2403-C-2400,339.2,0.0,0.0,0.0,6,324.0,333.2,1,339.2,330.0,0.0,0.0,0.0,0.0,72
2023-05-11 09:31:21,HO2403-C-2400,HO2403-C-2400,339.2,0.0,0.0,0.0,6,324.0,333.0,6,339.2,330.0,0.0,0.0,0.0,0.0,72
2023-05-11 09:31:21,HO2403-C-2400,HO2403-C-2400,339.2,0.0,0.0,0.0,6,324.0,331.8,1,339.2,330.0,0.0,0.0,0.0,0.0,72
2023-05-11 09:31:22,HO2403-C-2400,HO2403-C-2400,339.2,0.0,0.0,0.0,6,324.0,331.8,7,339.2,330.0,0.0,0.0,0.0,0.0,72
2023-05-11 09:31:26,HO2403-C-2400,HO2403-C-2400,339.2,0.0,0.0,0.0,6,324.0,331.8,6,339.2,330.0,0.0,0.0,0.0,0.0,72
2023-05-11 09:31:26,HO2403-C-2400,HO2403-C-2400,339.2,0.0,0.0,0.0,6,324.0,332.4,1,339.2,330.0,0.0,0.0,0.0,0.0,72
2023-05-11 09:31:34,HO2403-C-2400,HO2403-C-2400,339.2,0.0,0.0,0.0,6,324.0,332.2,6,339.2,330.0,0.0,0.0,0.0,0.0,72
2023-05-11 09:31:35,HO2403-C-2400,HO2403-C-2400,339.2,0.0,0.0,0.0,6,324.0,333.2,6,339.2,330.0,0.0,0.0,0.0,0.0,72
2023-05-11 09:31:35,HO2403-C-2400,HO2403-C-2400,339.2,0.0,0.0,0.0,6,324.0,332.6,1,339.2,330.0,0.0,0.0,0.0,0.0,72
2023-05-11 09:31:36,HO2403-C-2400,HO2403-C-2400,339.2,0.0,0.0,0.0,6,324.0,332.4,6,339.2,330.0,0.0,0.0,0.0,0.0,72
2023-05-11 09:31:37,HO2403-C-2400,HO2403-C-2400,339.2,0.0,0.0,0.0,6,324.0,331.8,1,339.2,330.0,0.0,0.0,0.0,0.0,72
2023-05-11 09:31:40,HO2403-C-2400,HO2403-C-2400,339.2,0.0,0.0,0.0,6,324.0,332.4,6,339.2,330.0,0.0,0.0,0.0,0.0,72
2023-05-11 09:31:47,HO2403-C-2400,HO2403-C-2400,339.2,0.0,0.0,0.0,6,324.0,333.4,6,339.2,330.0,0.0,0.0,0.0,0.0,72
2023-05-11 09:31:47,HO2403-C-2400,HO2403-C-2400,339.2,0.0,0.0,0.0,6,324.6,333.4,6,339.2,330.0,0.0,0.0,0.0,0.0,72
2023-05-11 09:31:48,HO2403-C-2400,HO2403-C-2400,339.2,0.0,0.0,0.0,6,324.8,333.0,1,339.2,330.0,0.0,0.0,0.0,0.0,72
2023-05-11 09:31:49,HO2403-C-2400,HO2403-C-2400,339.2,0.0,0.0,0.0,6,324.8,332.8,6,339.2,330.0,0.0,0.0,0.0,0.0,72
2023-05-11 09:31:50,HO2403-C-2400,HO2403-C-2400,339.2,0.0,0.0,0.0,6,324.0,332.8,6,339.2,330.0,0.0,0.0,0.0,0.0,72
2023-05-11 09:31:51,HO2403-C-2400,HO2403-C-2400,339.2,0.0,0.0,0.0,6,324.0,331.6,1,339.2,330.0,0.0,0.0,0.0,0.0,72
2023-05-11 09:31:53,HO2403-C-2400,HO2403-C-2400,339.2,0.0,0.0,0.0,6,324.0,332.8,6,339.2,330.0,0.0,0.0,0.0,0.0,72
2023-05-11 09:31:53,HO2403-C-2400,HO2403-C-2400,339.2,0.0,0.0,0.0,6,324.0,332.4,1,339.2,330.0,0.0,0.0,0.0,0.0,72
2023-05-11 09:31:54,HO2403-C-2400,HO2403-C-2400,339.2,0.0,0.0,0.0,6,324.0,332.2,6,339.2,330.0,0.0,0.0,0.0,0.0,72
2023-05-11 09:31:58,HO2403-C-2400,HO2403-C-2400,339.2,0.0,0.0,0.0,6,324.0,332.2,7,339.2,330.0,0.0,0.0,0.0,0.0,72
2023-05-11 09:32:08,HO2403-C-2400,HO2403-C-2400,339.2,0.0,0.0,0.0,6,324.0,332.0,1,339.2,330.0,0.0,0.0,0.0,0.0,72
2023-05-11 09:32:15,HO2403-C-2400,HO2403-C-2400,339.2,0.0,0.0,0.0,1,326.0,332.0,1,339.2,330.0,0.0,0.0,0.0,0.0,72
2023-05-11 09:32:16,HO2403-C-2400,HO2403-C-2400,339.2,0.0,0.0,0.0,6,326.2,332.0,1,339.2,330.0,0.0,0.0,0.0,0.0,72
2023-05-11 09:32:19,HO2403-C-2400,HO2403-C-2400,339.2,0.0,0.0,0.0,6,326.2,332.6,1,339.2,330.0,0.0,0.0,0.0,0.0,72
2023-05-11 09:32:26,HO2403-C-2400,HO2403-C-2400,339.2,0.0,0.0,0.0,6,326.2,333.2,7,339.2,330.0,0.0,0.0,0.0,0.0,72
2023-05-11 09:32:45,HO2403-C-2400,HO2403-C-2400,339.2,0.0,0.0,0.0,6,326.2,333.2,6,339.2,330.0,0.0,0.0,0.0,0.0,72
2023-05-11 09:32:49,HO2403-C-2400,HO2403-C-2400,339.2,0.0,0.0,0.0,6,326.2,333.6,6,339.2,330.0,0.0,0.0,0.0,0.0,72
2023-05-11 09:32:50,HO2403-C-2400,HO2403-C-2400,339.2,0.0,0.0,0.0,6,326.2,333.6,7,339.2,330.0,0.0,0.0,0.0,0.0,72
2023-05-11 09:33:00,HO2403-C-2400,HO2403-C-2400,339.2,0.0,0.0,0.0,6,326.2,333.4,1,339.2,330.0,0.0,0.0,0.0,0.0,72
2023-05-11 09:33:01,HO2403-C-2400,HO2403-C-2400,339.2,0.0,0.0,0.0,6,326.2,333.6,6,339.2,330.0,0.0,0.0,0.0,0.0,72
2023-05-11 09:33:11,HO2403-C-2400,HO2403-C-2400,339.2,0.0,0.0,0.0,6,326.2,333.4,1,339.2,330.0,0.0,0.0,0.0,0.0,72
2023-05-11 09:33:11,HO2403-C-2400,HO2403-C-2400,339.2,0.0,0.0,0.0,6,326.2,333.4,2,339.2,330.0,0.0,0.0,0.0,0.0,72
2023-05-11 09:33:16,HO2403-C-2400,HO2403-C-2400,339.2,0.0,0.0,0.0,6,326.2,333.4,1,339.2,330.0,0.0,0.0,0.0,0.0,72
2023-05-11 09:33:30,HO2403-C-2400,HO2403-C-2400,339.2,0.0,0.0,0.0,6,326.2,333.2,1,339.2,330.0,0.0,0.0,0.0,0.0,72
2023-05-11 09:33:31,HO2403-C-2400,HO2403-C-2400,339.2,0.0,0.0,0.0,6,326.2,333.2,2,339.2,330.0,0.0,0.0,0.0,0.0,72
2023-05-11 09:33:37,HO2403-C-2400,HO2403-C-2400,339.2,0.0,0.0,0.0,6,326.2,333.2,1,339.2,330.0,0.0,0.0,0.0,0.0,72
2023-05-11 09:33:44,HO2403-C-2400,HO2403-C-2400,339.2,0.0,0.0,0.0,6,326.2,333.6,12,339.2,330.0,0.0,0.0,0.0,0.0,72
2023-05-11 09:33:45,HO2403-C-2400,HO2403-C-2400,339.2,0.0,0.0,0.0,6,326.2,333.6,6,339.2,330.0,0.0,0.0,0.0,0.0,72
2023-05-11 09:33:50,HO2403-C-2400,HO2403-C-2400,339.2,0.0,0.0,0.0,6,326.4,333.6,6,339.2,330.0,0.0,0.0,0.0,0.0,72
2023-05-11 09:33:50,HO2403-C-2400,HO2403-C-2400,339.2,0.0,0.0,0.0,6,326.6,333.8,12,339.2,330.0,0.0,0.0,0.0,0.0,72
2023-05-11 09:33:51,HO2403-C-2400,HO2403-C-2400,339.2,0.0,0.0,0.0,6,326.6,334.0,18,339.2,330.0,0.0,0.0,0.0,0.0,72
2023-05-11 09:33:51,HO2403-C-2400,HO2403-C-2400,339.2,0.0,0.0,0.0,6,326.6,334.0,12,339.2,330.0,0.0,0.0,0.0,0.0,72
2023-05-11 09:33:52,HO2403-C-2400,HO2403-C-2400,339.2,0.0,0.0,0.0,6,326.6,334.0,6,339.2,330.0,0.0,0.0,0.0,0.0,72
2023-05-11 09:33:55,HO2403-C-2400,HO2403-C-2400,339.2,0.0,0.0,0.0,1,328.2,334.0,6,339.2,330.0,0.0,0.0,0.0,0.0,72
2023-05-11 09:33:55,HO2403-C-2400,HO2403-C-2400,339.2,0.0,0.0,0.0,1,328.2,334.2,24,339.2,330.0,0.0,0.0,0.0,0.0,72
2023-05-11 09:33:56,HO2403-C-2400,HO2403-C-2400,339.2,0.0,0.0,0.0,1,328.2,334.2,18,339.2,330.0,0.0,0.0,0.0,0.0,72
2023-05-11 09:34:13,HO2403-C-2400,HO2403-C-2400,339.2,0.0,0.0,0.0,1,328.2,333.6,1,339.2,330.0,0.0,0.0,0.0,0.0,72
2023-05-11 09:34:20,HO2403-C-2400,HO2403-C-2400,339.2,0.0,0.0,0.0,1,328.2,334.2,18,339.2,330.0,0.0,0.0,0.0,0.0,72
2023-05-11 09:34:21,HO2403-C-2400,HO2403-C-2400,339.2,0.0,0.0,0.0,1,328.2,334.2,12,339.2,330.0,0.0,0.0,0.0,0.0,72
2023-05-11 09:34:21,HO2403-C-2400,HO2403-C-2400,339.2,0.0,0.0,0.0,1,328.2,334.2,6,339.2,330.0,0.0,0.0,0.0,0.0,72
2023-05-11 09:34:22,HO2403-C-2400,HO2403-C-2400,339.2,0.0,0.0,0.0,6,328.4,334.4,12,339.2,330.0,0.0,0.0,0.0,0.0,72
2023-05-11 09:34:22,HO2403-C-2400,HO2403-C-2400,339.2,0.0,0.0,0.0,6,328.4,334.8,6,339.2,330.0,0.0,0.0,0.0,0.0,72
2023-05-11 09:34:23,HO2403-C-2400,HO2403-C-2400,339.2,0.0,0.0,0.0,6,328.4,335.0,24,339.2,330.0,0.0,0.0,0.0,0.0,72
2023-05-11 09:34:23,HO2403-C-2400,HO2403-C-2400,339.2,0.0,0.0,0.0,6,328.4,334.6,1,339.2,330.0,0.0,0.0,0.0,0.0,72
2023-05-11 09:34:28,HO2403-C-2400,HO2403-C-2400,339.2,0.0,0.0,0.0,1,328.2,334.4,6,339.2,330.0,0.0,0.0,0.0,0.0,72
2023-05-11 09:34:32,HO2403-C-2400,HO2403-C-2400,339.2,0.0,0.0,0.0,1,328.2,333.8,1,339.2,330.0,0.0,0.0,0.0,0.0,72
2023-05-11 09:34:33,HO2403-C-2400,HO2403-C-2400,339.2,0.0,0.0,0.0,18,327.6,333.8,1,339.2,330.0,0.0,0.0,0.0,0.0,72
2023-05-11 09:34:33,HO2403-C-2400,HO2403-C-2400,339.2,0.0,0.0,0.0,6,327.6,333.8,7,339.2,330.0,0.0,0.0,0.0,0.0,72
2023-05-11 09:34:34,HO2403-C-2400,HO2403-C-2400,339.2,0.0,0.0,0.0,18,327.4,333.8,7,339.2,330.0,0.0,0.0,0.0,0.0,72
2023-05-11 09:34:35,HO2403-C-2400,HO2403-C-2400,339.2,0.0,0.0,0.0,18,327.4,333.0,1,339.2,330.0,0.0,0.0,0.0,0.0,72
2023-05-11 09:34:35,HO2403-C-2400,HO2403-C-2400,339.2,0.0,0.0,0.0,12,327.4,333.0,1,339.2,330.0,0.0,0.0,0.0,0.0,72
2023-05-11 09:34:36,HO2403-C-2400,HO2403-C-2400,339.2,0.0,0.0,0.0,6,327.4,333.0,1,339.2,330.0,0.0,0.0,0.0,0.0,72
2023-05-11 09:34:36,HO2403-C-2400,HO2403-C-2400,339.2,0.0,0.0,0.0,6,326.6,333.0,1,339.2,330.0,0.0,0.0,0.0,0.0,72
2023-05-11 09:34:38,HO2403-C-2400,HO2403-C-2400,339.2,0.0,0.0,0.0,6,326.6,333.0,2,339.2,330.0,0.0,0.0,0.0,0.0,72
2023-05-11 09:34:39,HO2403-C-2400,HO2403-C-2400,339.2,0.0,0.0,0.0,6,326.6,332.8,6,339.2,330.0,0.0,0.0,0.0,0.0,72
2023-05-11 09:34:40,HO2403-C-2400,HO2403-C-2400,339.2,0.0,0.0,0.0,6,326.6,331.8,1,339.2,330.0,0.0,0.0,0.0,0.0,72
2023-05-11 09:34:46,HO2403-C-2400,HO2403-C-2400,339.2,0.0,0.0,0.0,6,326.6,332.8,7,339.2,330.0,0.0,0.0,0.0,0.0,72
2023-05-11 09:34:47,HO2403-C-2400,HO2403-C-2400,339.2,0.0,0.0,0.0,6,326.6,332.8,8,339.2,330.0,0.0,0.0,0.0,0.0,72
2023-05-11 09:34:51,HO2403-C-2400,HO2403-C-2400,339.2,0.0,0.0,0.0,6,326.6,332.8,7,339.2,330.0,0.0,0.0,0.0,0.0,72
2023-05-11 09:34:51,HO2403-C-2400,HO2403-C-2400,339.2,0.0,0.0,0.0,6,326.6,333.0,12,339.2,330.0,0.0,0.0,0.0,0.0,72
2023-05-11 09:34:52,HO2403-C-2400,HO2403-C-2400,339.2,0.0,0.0,0.0,6,326.6,333.4,12,339.2,330.0,0.0,0.0,0.0,0.0,72
2023-05-11 09:34:52,HO2403-C-2400,HO2403-C-2400,339.2,0.0,0.0,0.0,6,326.6,333.4,6,339.2,330.0,0.0,0.0,0.0,0.0,72
2023-05-11 09:34:55,HO2403-C-2400,HO2403-C-2400,339.2,0.0,0.0,0.0,6,326.6,333.0,6,339.2,330.0,0.0,0.0,0.0,0.0,72
2023-05-11 09:35:01,HO2403-C-2400,HO2403-C-2400,339.2,0.0,0.0,0.0,6,326.6,332.6,1,339.2,330.0,0.0,0.0,0.0,0.0,72
2023-05-11 09:35:02,HO2403-C-2400,HO2403-C-2400,339.2,0.0,0.0,0.0,6,326.6,332.6,2,339.2,330.0,0.0,0.0,0.0,0.0,72
2023-05-11 09:35:02,HO2403-C-2400,HO2403-C-2400,339.2,0.0,0.0,0.0,18,326.4,332.4,6,339.2,330.0,0.0,0.0,0.0,0.0,72
2023-05-11 09:35:03,HO2403-C-2400,HO2403-C-2400,339.2,0.0,0.0,0.0,12,326.4,332.4,6,339.2,330.0,0.0,0.0,0.0,0.0,72
2023-05-11 09:35:03,HO2403-C-2400,HO2403-C-2400,339.2,0.0,0.0,0.0,6,326.4,332.4,6,339.2,330.0,0.0,0.0,0.0,0.0,72
2023-05-11 09:35:06,HO2403-C-2400,HO2403-C-2400,339.2,0.0,0.0,0.0,6,326.4,331.6,1,339.2,330.0,0.0,0.0,0.0,0.0,72
2023-05-11 09:35:11,HO2403-C-2400,HO2403-C-2400,339.2,0.0,0.0,0.0,6,326.4,332.0,6,339.2,330.0,0.0,0.0,0.0,0.0,72
2023-05-11 09:35:12,HO2403-C-2400,HO2403-C-2400,339.2,0.0,0.0,0.0,6,326.6,332.4,6,339.2,330.0,0.0,0.0,0.0,0.0,72
2023-05-11 09:35:13,HO2403-C-2400,HO2403-C-2400,339.2,0.0,0.0,0.0,6,326.6,332.6,13,339.2,330.0,0.0,0.0,0.0,0.0,72
2023-05-11 09:35:13,HO2403-C-2400,HO2403-C-2400,339.2,0.0,0.0,0.0,6,326.6,332.6,7,339.2,330.0,0.0,0.0,0.0,0.0,72
2023-05-11 09:35:14,HO2403-C-2400,HO2403-C-2400,339.2,0.0,0.0,0.0,6,326.6,332.6,1,339.2,330.0,0.0,0.0,0.0,0.0,72
2023-05-11 09:35:18,HO2403-C-2400,HO2403-C-2400,339.2,0.0,0.0,0.0,6,326.6,332.8,18,339.2,330.0,0.0,0.0,0.0,0.0,72
2023-05-11 09:35:18,HO2403-C-2400,HO2403-C-2400,339.2,0.0,0.0,0.0,6,326.6,332.8,6,339.2,330.0,0.0,0.0,0.0,0.0,72
2023-05-11 09:35:19,HO2403-C-2400,HO2403-C-2400,339.2,0.0,0.0,0.0,6,326.6,333.0,31,339.2,330.0,0.0,0.0,0.0,0.0,72
2023-05-11 09:35:19,HO2403-C-2400,HO2403-C-2400,339.2,0.0,0.0,0.0,6,326.6,333.0,19,339.2,330.0,0.0,0.0,0.0,0.0,72
2023-05-11 09:35:23,HO2403-C-2400,HO2403-C-2400,339.2,0.0,0.0,0.0,6,326.6,332.8,1,339.2,330.0,0.0,0.0,0.0,0.0,72
2023-05-11 09:35:25,HO2403-C-2400,HO2403-C-2400,339.2,0.0,0.0,0.0,12,326.4,332.6,6,339.2,330.0,0.0,0.0,0.0,0.0,72
2023-05-11 09:35:25,HO2403-C-2400,HO2403-C-2400,339.2,0.0,0.0,0.0,6,326.4,332.6,6,339.2,330.0,0.0,0.0,0.0,0.0,72
2023-05-11 09:35:28,HO2403-C-2400,HO2403-C-2400,339.2,0.0,0.0,0.0,6,326.6,332.8,1,339.2,330.0,0.0,0.0,0.0,0.0,72
2023-05-11 09:35:35,HO2403-C-2400,HO2403-C-2400,339.2,0.0,0.0,0.0,6,326.6,333.0,6,339.2,330.0,0.0,0.0,0.0,0.0,72
2023-05-11 09:35:36,HO2403-C-2400,HO2403-C-2400,339.2,0.0,0.0,0.0,6,326.6,333.4,13,339.2,330.0,0.0,0.0,0.0,0.0,72
2023-05-11 09:35:36,HO2403-C-2400,HO2403-C-2400,339.2,0.0,0.0,0.0,6,326.6,333.4,7,339.2,330.0,0.0,0.0,0.0,0.0,72
2023-05-11 09:35:37,HO2403-C-2400,HO2403-C-2400,339.2,0.0,0.0,0.0,6,326.6,333.4,1,339.2,330.0,0.0,0.0,0.0,0.0,72
2023-05-11 09:35:49,HO2403-C-2400,HO2403-C-2400,339.2,0.0,0.0,0.0,6,326.6,333.2,1,339.2,330.0,0.0,0.0,0.0,0.0,72
2023-05-11 09:36:02,HO2403-C-2400,HO2403-C-2400,339.2,0.0,0.0,0.0,6,326.6,333.6,12,339.2,330.0,0.0,0.0,0.0,0.0,72
2023-05-11 09:36:02,HO2403-C-2400,HO2403-C-2400,339.2,0.0,0.0,0.0,6,326.6,333.6,7,339.2,330.0,0.0,0.0,0.0,0.0,72
2023-05-11 09:36:03,HO2403-C-2400,HO2403-C-2400,339.2,0.0,0.0,0.0,6,327.2,333.6,6,339.2,330.0,0.0,0.0,0.0,0.0,72
2023-05-11 09:36:05,HO2403-C-2400,HO2403-C-2400,339.2,0.0,0.0,0.0,6,327.4,333.8,18,339.2,330.0,0.0,0.0,0.0,0.0,72
2023-05-11 09:36:06,HO2403-C-2400,HO2403-C-2400,339.2,0.0,0.0,0.0,6,327.4,333.8,6,339.2,330.0,0.0,0.0,0.0,0.0,72
2023-05-11 09:36:06,HO2403-C-2400,HO2403-C-2400,339.2,0.0,0.0,0.0,6,327.4,334.0,6,339.2,330.0,0.0,0.0,0.0,0.0,72
2023-05-11 09:36:07,HO2403-C-2400,HO2403-C-2400,339.2,0.0,0.0,0.0,6,327.4,334.2,24,339.2,330.0,0.0,0.0,0.0,0.0,72
2023-05-11 09:36:07,HO2403-C-2400,HO2403-C-2400,339.2,0.0,0.0,0.0,6,327.4,334.2,12,339.2,330.0,0.0,0.0,0.0,0.0,72
2023-05-11 09:36:08,HO2403-C-2400,HO2403-C-2400,339.2,0.0,0.0,0.0,6,327.4,334.4,25,339.2,330.0,0.0,0.0,0.0,0.0,72
2023-05-11 09:36:11,HO2403-C-2400,HO2403-C-2400,339.2,0.0,0.0,0.0,6,327.4,334.0,6,339.2,330.0,0.0,0.0,0.0,0.0,72
2023-05-11 09:36:12,HO2403-C-2400,HO2403-C-2400,339.2,0.0,0.0,0.0,12,327.2,333.8,6,339.2,330.0,0.0,0.0,0.0,0.0,72
2023-05-11 09:36:12,HO2403-C-2400,HO2403-C-2400,339.2,0.0,0.0,0.0,18,326.6,333.8,6,339.2,330.0,0.0,0.0,0.0,0.0,72
2023-05-11 09:36:17,HO2403-C-2400,HO2403-C-2400,339.2,0.0,0.0,0.0,18,326.6,333.0,6,339.2,330.0,0.0,0.0,0.0,0.0,72
2023-05-11 09:36:18,HO2403-C-2400,HO2403-C-2400,339.2,0.0,0.0,0.0,12,326.6,332.8,6,339.2,330.0,0.0,0.0,0.0,0.0,72
2023-05-11 09:36:18,HO2403-C-2400,HO2403-C-2400,339.2,0.0,0.0,0.0,24,326.4,332.8,6,339.2,330.0,0.0,0.0,0.0,0.0,72
2023-05-11 09:36:19,HO2403-C-2400,HO2403-C-2400,339.2,0.0,0.0,0.0,18,326.4,332.8,6,339.2,330.0,0.0,0.0,0.0,0.0,72
2023-05-11 09:36:23,HO2403-C-2400,HO2403-C-2400,339.2,0.0,0.0,0.0,18,326.4,332.8,7,339.2,330.0,0.0,0.0,0.0,0.0,72
2023-05-11 09:36:32,HO2403-C-2400,HO2403-C-2400,339.2,0.0,0.0,0.0,6,326.6,332.8,1,339.2,330.0,0.0,0.0,0.0,0.0,72
2023-05-11 09:36:33,HO2403-C-2400,HO2403-C-2400,339.2,0.0,0.0,0.0,6,326.6,332.6,1,339.2,330.0,0.0,0.0,0.0,0.0,72
2023-05-11 09:36:46,HO2403-C-2400,HO2403-C-2400,339.2,0.0,0.0,0.0,6,326.6,332.4,1,339.2,330.0,0.0,0.0,0.0,0.0,72
2023-05-11 09:36:56,HO2403-C-2400,HO2403-C-2400,339.2,0.0,0.0,0.0,6,326.6,332.2,1,339.2,330.0,0.0,0.0,0.0,0.0,72
2023-05-11 09:37:00,HO2403-C-2400,HO2403-C-2400,339.2,0.0,0.0,0.0,18,326.4,332.2,7,339.2,330.0,0.0,0.0,0.0,0.0,72
2023-05-11 09:37:00,HO2403-C-2400,HO2403-C-2400,339.2,0.0,0.0,0.0,12,326.4,332.2,7,339.2,330.0,0.0,0.0,0.0,0.0,72
2023-05-11 09:37:01,HO2403-C-2400,HO2403-C-2400,339.2,0.0,0.0,0.0,6,326.4,332.2,7,339.2,330.0,0.0,0.0,0.0,0.0,72
2023-05-11 09:37:08,HO2403-C-2400,HO2403-C-2400,339.2,0.0,0.0,0.0,6,326.4,332.0,1,339.2,330.0,0.0,0.0,0.0,0.0,72
2023-05-11 09:37:12,HO2403-C-2400,HO2403-C-2400,339.2,0.0,0.0,0.0,6,326.4,331.2,1,339.2,330.0,0.0,0.0,0.0,0.0,72
2023-05-11 09:37:17,HO2403-C-2400,HO2403-C-2400,339.2,0.0,0.0,0.0,6,326.4,331.2,2,339.2,330.0,0.0,0.0,0.0,0.0,72
2023-05-11 09:37:17,HO2403-C-2400,HO2403-C-2400,339.2,0.0,0.0,0.0,12,326.0,331.2,2,339.2,330.0,0.0,0.0,0.0,0.0,72
2023-05-11 09:37:18,HO2403-C-2400,HO2403-C-2400,339.2,0.0,0.0,0.0,12,325.8,331.2,2,339.2,330.0,0.0,0.0,0.0,0.0,72
2023-05-11 09:37:18,HO2403-C-2400,HO2403-C-2400,339.2,0.0,0.0,0.0,12,325.6,331.2,2,339.2,330.0,0.0,0.0,0.0,0.0,72
2023-05-11 09:37:19,HO2403-C-2400,HO2403-C-2400,339.2,0.0,0.0,0.0,6,325.6,331.2,2,339.2,330.0,0.0,0.0,0.0,0.0,72
2023-05-11 09:37:20,HO2403-C-2400,HO2403-C-2400,339.2,0.0,0.0,0.0,6,325.6,331.2,1,339.2,330.0,0.0,0.0,0.0,0.0,72
2023-05-11 09:37:22,HO2403-C-2400,HO2403-C-2400,339.2,0.0,0.0,0.0,6,325.6,332.0,18,339.2,330.0,0.0,0.0,0.0,0.0,72
2023-05-11 09:37:23,HO2403-C-2400,HO2403-C-2400,339.2,0.0,0.0,0.0,6,325.6,332.2,6,339.2,330.0,0.0,0.0,0.0,0.0,72
2023-05-11 09:37:23,HO2403-C-2400,HO2403-C-2400,339.2,0.0,0.0,0.0,6,325.6,332.8,1,339.2,330.0,0.0,0.0,0.0,0.0,72
2023-05-11 09:37:28,HO2403-C-2400,HO2403-C-2400,339.2,0.0,0.0,0.0,6,325.4,331.6,1,339.2,330.0,0.0,0.0,0.0,0.0,72
2023-05-11 09:37:33,HO2403-C-2400,HO2403-C-2400,339.2,0.0,0.0,0.0,18,325.2,331.6,8,339.2,330.0,0.0,0.0,0.0,0.0,72
2023-05-11 09:37:33,HO2403-C-2400,HO2403-C-2400,339.2,0.0,0.0,0.0,12,325.2,330.2,1,339.2,330.0,0.0,0.0,0.0,0.0,72
2023-05-11 09:37:34,HO2403-C-2400,HO2403-C-2400,339.2,0.0,0.0,0.0,30,325.0,330.2,1,339.2,330.0,0.0,0.0,0.0,0.0,72
2023-05-11 09:37:34,HO2403-C-2400,HO2403-C-2400,339.2,0.0,0.0,0.0,18,325.0,330.2,1,339.2,330.0,0.0,0.0,0.0,0.0,72
2023-05-11 09:37:49,HO2403-C-2400,HO2403-C-2400,339.2,0.0,0.0,0.0,18,325.0,331.0,7,339.2,330.0,0.0,0.0,0.0,0.0,72
2023-05-11 09:37:50,HO2403-C-2400,HO2403-C-2400,339.2,0.0,0.0,0.0,18,325.0,331.0,1,339.2,330.0,0.0,0.0,0.0,0.0,72
2023-05-11 09:37:50,HO2403-C-2400,HO2403-C-2400,339.2,0.0,0.0,0.0,12,325.0,331.0,1,339.2,330.0,0.0,0.0,0.0,0.0,72
2023-05-11 09:37:51,HO2403-C-2400,HO2403-C-2400,339.2,0.0,0.0,0.0,6,325.2,331.2,12,339.2,330.0,0.0,0.0,0.0,0.0,72
2023-05-11 09:37:51,HO2403-C-2400,HO2403-C-2400,339.2,0.0,0.0,0.0,6,324.6,331.4,1,339.2,330.0,0.0,0.0,0.0,0.0,72
2023-05-11 09:38:05,HO2403-C-2400,HO2403-C-2400,339.2,0.0,0.0,0.0,6,324.6,331.6,1,339.2,330.0,0.0,0.0,0.0,0.0,72
2023-05-11 09:38:11,HO2403-C-2400,HO2403-C-2400,339.2,0.0,0.0,0.0,6,324.6,332.0,24,339.2,330.0,0.0,0.0,0.0,0.0,72
2023-05-11 09:38:14,HO2403-C-2400,HO2403-C-2400,339.2,0.0,0.0,0.0,6,324.6,331.0,6,339.2,330.0,0.0,0.0,0.0,0.0,72
2023-05-11 09:38:26,HO2403-C-2400,HO2403-C-2400,339.2,0.0,0.0,0.0,6,324.6,331.0,7,339.2,330.0,0.0,0.0,0.0,0.0,72
2023-05-11 09:38:35,HO2403-C-2400,HO2403-C-2400,339.2,0.0,0.0,0.0,6,324.6,331.2,1,339.2,330.0,0.0,0.0,0.0,0.0,72
2023-05-11 09:38:36,HO2403-C-2400,HO2403-C-2400,339.2,0.0,0.0,0.0,6,324.6,331.6,1,339.2,330.0,0.0,0.0,0.0,0.0,72
2023-05-11 09:38:49,HO2403-C-2400,HO2403-C-2400,339.2,0.0,0.0,0.0,6,324.6,331.4,1,339.2,330.0,0.0,0.0,0.0,0.0,72
2023-05-11 09:38:57,HO2403-C-2400,HO2403-C-2400,339.2,0.0,0.0,0.0,6,324.6,332.0,24,339.2,330.0,0.0,0.0,0.0,0.0,72
2023-05-11 09:38:57,HO2403-C-2400,HO2403-C-2400,339.2,0.0,0.0,0.0,6,324.6,332.0,18,339.2,330.0,0.0,0.0,0.0,0.0,72
2023-05-11 09:39:12,HO2403-C-2400,HO2403-C-2400,339.2,0.0,0.0,0.0,6,324.6,331.4,1,339.2,330.0,0.0,0.0,0.0,0.0,72
2023-05-11 09:39:35,HO2403-C-2400,HO2403-C-2400,339.2,0.0,0.0,0.0,6,324.6,331.4,2,339.2,330.0,0.0,0.0,0.0,0.0,72
2023-05-11 09:39:35,HO2403-C-2400,HO2403-C-2400,339.2,0.0,0.0,0.0,6,324.6,331.4,1,339.2,330.0,0.0,0.0,0.0,0.0,72
2023-05-11 09:39:42,HO2403-C-2400,HO2403-C-2400,339.2,0.0,0.0,0.0,6,324.6,331.4,2,339.2,330.0,0.0,0.0,0.0,0.0,72
2023-05-11 09:40:04,HO2403-C-2400,HO2403-C-2400,339.2,0.0,0.0,0.0,6,324.6,331.2,1,339.2,330.0,0.0,0.0,0.0,0.0,72
2023-05-11 09:40:14,HO2403-C-2400,HO2403-C-2400,339.2,0.0,0.0,0.0,6,324.6,331.0,1,339.2,330.0,0.0,0.0,0.0,0.0,72
2023-05-11 09:40:16,HO2403-C-2400,HO2403-C-2400,339.2,0.0,0.0,0.0,6,324.6,331.4,1,339.2,330.0,0.0,0.0,0.0,0.0,72
2023-05-11 09:40:26,HO2403-C-2400,HO2403-C-2400,339.2,0.0,0.0,0.0,6,324.6,331.4,2,339.2,330.0,0.0,0.0,0.0,0.0,72
2023-05-11 09:40:31,HO2403-C-2400,HO2403-C-2400,339.2,0.0,0.0,0.0,6,324.6,330.0,1,339.2,330.0,0.0,0.0,0.0,0.0,72
2023-05-11 09:42:09,HO2403-C-2400,HO2403-C-2400,339.2,0.0,0.0,0.0,18,324.2,330.0,1,339.2,330.0,0.0,0.0,0.0,0.0,72
2023-05-11 09:42:09,HO2403-C-2400,HO2403-C-2400,339.2,0.0,0.0,0.0,12,324.2,330.0,1,339.2,330.0,0.0,0.0,0.0,0.0,72
2023-05-11 09:42:10,HO2403-C-2400,HO2403-C-2400,339.2,0.0,0.0,0.0,6,324.2,330.0,1,339.2,330.0,0.0,0.0,0.0,0.0,72
2023-05-11 09:42:24,HO2403-C-2400,HO2403-C-2400,339.2,0.0,0.0,0.0,6,324.2,330.0,2,339.2,330.0,0.0,0.0,0.0,0.0,72
2023-05-11 09:42:31,HO2403-C-2400,HO2403-C-2400,339.2,0.0,0.0,0.0,18,324.0,329.8,6,339.2,330.0,0.0,0.0,0.0,0.0,72
2023-05-11 09:42:31,HO2403-C-2400,HO2403-C-2400,339.2,0.0,0.0,0.0,12,324.0,329.8,6,339.2,330.0,0.0,0.0,0.0,0.0,72
2023-05-11 09:42:32,HO2403-C-2400,HO2403-C-2400,339.2,0.0,0.0,0.0,6,324.0,329.8,6,339.2,330.0,0.0,0.0,0.0,0.0,72
2023-05-11 09:42:44,HO2403-C-2400,HO2403-C-2400,339.2,0.0,0.0,0.0,6,324.0,329.8,7,339.2,330.0,0.0,0.0,0.0,0.0,72
2023-05-11 09:42:44,HO2403-C-2400,HO2403-C-2400,339.2,0.0,0.0,0.0,6,324.0,329.2,6,339.2,330.0,0.0,0.0,0.0,0.0,72
2023-05-11 09:42:48,HO2403-C-2400,HO2403-C-2400,339.2,0.0,0.0,0.0,24,323.4,329.2,6,339.2,330.0,0.0,0.0,0.0,0.0,72
2023-05-11 09:42:48,HO2403-C-2400,HO2403-C-2400,339.2,0.0,0.0,0.0,6,323.4,329.2,6,339.2,330.0,0.0,0.0,0.0,0.0,72
2023-05-11 09:42:49,HO2403-C-2400,HO2403-C-2400,339.2,0.0,0.0,0.0,6,323.2,329.2,7,339.2,330.0,0.0,0.0,0.0,0.0,72
2023-05-11 09:42:59,HO2403-C-2400,HO2403-C-2400,339.2,0.0,0.0,0.0,6,323.2,329.0,1,339.2,330.0,0.0,0.0,0.0,0.0,72
2023-05-11 09:43:09,HO2403-C-2400,HO2403-C-2400,339.2,0.0,0.0,0.0,6,323.2,328.8,1,339.2,330.0,0.0,0.0,0.0,0.0,72
2023-05-11 09:43:19,HO2403-C-2400,HO2403-C-2400,339.2,0.0,0.0,0.0,6,323.2,328.6,1,339.2,330.0,0.0,0.0,0.0,0.0,72
2023-05-11 09:43:29,HO2403-C-2400,HO2403-C-2400,339.2,0.0,0.0,0.0,6,323.2,328.4,1,339.2,330.0,0.0,0.0,0.0,0.0,72
2023-05-11 09:43:43,HO2403-C-2400,HO2403-C-2400,339.2,0.0,0.0,0.0,6,323.2,328.2,1,339.2,330.0,0.0,0.0,0.0,0.0,72
2023-05-11 09:43:54,HO2403-C-2400,HO2403-C-2400,339.2,0.0,0.0,0.0,18,323.0,328.2,1,339.2,330.0,0.0,0.0,0.0,0.0,72
2023-05-11 09:43:55,HO2403-C-2400,HO2403-C-2400,339.2,0.0,0.0,0.0,6,323.0,328.2,1,339.2,330.0,0.0,0.0,0.0,0.0,72
2023-05-11 09:43:55,HO2403-C-2400,HO2403-C-2400,339.2,0.0,0.0,0.0,6,322.6,328.2,1,339.2,330.0,0.0,0.0,0.0,0.0,72
2023-05-11 09:43:56,HO2403-C-2400,HO2403-C-2400,339.2,0.0,0.0,0.0,12,322.4,328.2,1,339.2,330.0,0.0,0.0,0.0,0.0,72
2023-05-11 09:43:56,HO2403-C-2400,HO2403-C-2400,339.2,0.0,0.0,0.0,18,322.2,328.2,1,339.2,330.0,0.0,0.0,0.0,0.0,72
2023-05-11 09:43:58,HO2403-C-2400,HO2403-C-2400,339.2,0.0,0.0,0.0,12,322.2,328.2,1,339.2,330.0,0.0,0.0,0.0,0.0,72
2023-05-11 09:43:58,HO2403-C-2400,HO2403-C-2400,339.2,0.0,0.0,0.0,6,322.2,328.2,1,339.2,330.0,0.0,0.0,0.0,0.0,72
2023-05-11 09:44:32,HO2403-C-2400,HO2403-C-2400,339.2,0.0,0.0,0.0,6,322.2,328.0,1,339.2,330.0,0.0,0.0,0.0,0.0,72
2023-05-11 09:44:35,HO2403-C-2400,HO2403-C-2400,339.2,0.0,0.0,0.0,6,322.2,328.6,7,339.2,330.0,0.0,0.0,0.0,0.0,72
2023-05-11 09:44:36,HO2403-C-2400,HO2403-C-2400,339.2,0.0,0.0,0.0,6,322.2,328.6,1,339.2,330.0,0.0,0.0,0.0,0.0,72
2023-05-11 09:44:49,HO2403-C-2400,HO2403-C-2400,339.2,0.0,0.0,0.0,6,322.2,328.4,1,339.2,330.0,0.0,0.0,0.0,0.0,72
2023-05-11 09:44:57,HO2403-C-2400,HO2403-C-2400,339.2,0.0,0.0,0.0,6,322.2,328.8,6,339.2,330.0,0.0,0.0,0.0,0.0,72
2023-05-11 09:44:57,HO2403-C-2400,HO2403-C-2400,339.2,0.0,0.0,0.0,6,322.2,329.2,18,339.2,330.0,0.0,0.0,0.0,0.0,72
2023-05-11 09:44:58,HO2403-C-2400,HO2403-C-2400,339.2,0.0,0.0,0.0,6,322.2,329.2,12,339.2,330.0,0.0,0.0,0.0,0.0,72
2023-05-11 09:44:58,HO2403-C-2400,HO2403-C-2400,339.2,0.0,0.0,0.0,6,322.2,329.2,6,339.2,330.0,0.0,0.0,0.0,0.0,72
2023-05-11 09:45:02,HO2403-C-2400,HO2403-C-2400,339.2,0.0,0.0,0.0,6,322.4,329.4,12,339.2,330.0,0.0,0.0,0.0,0.0,72
2023-05-11 09:45:03,HO2403-C-2400,HO2403-C-2400,339.2,0.0,0.0,0.0,6,322.6,329.6,18,339.2,330.0,0.0,0.0,0.0,0.0,72
2023-05-11 09:45:03,HO2403-C-2400,HO2403-C-2400,339.2,0.0,0.0,0.0,6,322.6,329.6,12,339.2,330.0,0.0,0.0,0.0,0.0,72
2023-05-11 09:45:04,HO2403-C-2400,HO2403-C-2400,339.2,0.0,0.0,0.0,6,322.6,330.0,13,339.2,330.0,0.0,0.0,0.0,0.0,72
2023-05-11 09:45:04,HO2403-C-2400,HO2403-C-2400,339.2,0.0,0.0,0.0,6,322.6,330.0,7,339.2,330.0,0.0,0.0,0.0,0.0,72
2023-05-11 09:45:05,HO2403-C-2400,HO2403-C-2400,339.2,0.0,0.0,0.0,6,322.6,330.0,1,339.2,330.0,0.0,0.0,0.0,0.0,72
2023-05-11 09:45:13,HO2403-C-2400,HO2403-C-2400,339.2,0.0,0.0,0.0,7,322.6,330.0,1,339.2,330.0,0.0,0.0,0.0,0.0,72
2023-05-11 09:45:27,HO2403-C-2400,HO2403-C-2400,339.2,0.0,0.0,0.0,6,322.6,330.0,2,339.2,330.0,0.0,0.0,0.0,0.0,72
2023-05-11 09:45:41,HO2403-C-2400,HO2403-C-2400,339.2,0.0,0.0,0.0,6,322.6,329.8,1,339.2,330.0,0.0,0.0,0.0,0.0,72
2023-05-11 09:45:51,HO2403-C-2400,HO2403-C-2400,339.2,0.0,0.0,0.0,6,322.6,330.0,1,339.2,330.0,0.0,0.0,0.0,0.0,72
2023-05-11 09:45:52,HO2403-C-2400,HO2403-C-2400,339.2,0.0,0.0,0.0,6,323.4,330.0,1,339.2,330.0,0.0,0.0,0.0,0.0,72
2023-05-11 09:45:53,HO2403-C-2400,HO2403-C-2400,339.2,0.0,0.0,0.0,6,323.6,330.0,1,339.2,330.0,0.0,0.0,0.0,0.0,72
2023-05-11 09:46:03,HO2403-C-2400,HO2403-C-2400,339.2,0.0,0.0,0.0,18,323.4,330.0,7,339.2,330.0,0.0,0.0,0.0,0.0,72
2023-05-11 09:46:03,HO2403-C-2400,HO2403-C-2400,339.2,0.0,0.0,0.0,12,323.4,330.0,7,339.2,330.0,0.0,0.0,0.0,0.0,72
2023-05-11 09:46:04,HO2403-C-2400,HO2403-C-2400,339.2,0.0,0.0,0.0,6,323.4,330.0,7,339.2,330.0,0.0,0.0,0.0,0.0,72
2023-05-11 09:46:04,HO2403-C-2400,HO2403-C-2400,339.2,0.0,0.0,0.0,6,323.0,329.8,6,339.2,330.0,0.0,0.0,0.0,0.0,72
2023-05-11 09:46:13,HO2403-C-2400,HO2403-C-2400,339.2,0.0,0.0,0.0,6,323.4,329.8,6,339.2,330.0,0.0,0.0,0.0,0.0,72
2023-05-11 09:46:13,HO2403-C-2400,HO2403-C-2400,339.2,0.0,0.0,0.0,6,323.6,330.0,1,339.2,330.0,0.0,0.0,0.0,0.0,72
2023-05-11 09:47:53,HO2403-C-2400,HO2403-C-2400,339.2,0.0,0.0,0.0,7,323.6,330.0,1,339.2,330.0,0.0,0.0,0.0,0.0,72
2023-05-11 09:48:02,HO2403-C-2400,HO2403-C-2400,339.2,0.0,0.0,0.0,6,323.6,330.0,1,339.2,330.0,0.0,0.0,0.0,0.0,72
2023-05-11 09:49:05,HO2403-C-2400,HO2403-C-2400,339.2,0.0,0.0,0.0,12,323.4,329.8,6,339.2,330.0,0.0,0.0,0.0,0.0,72
2023-05-11 09:49:05,HO2403-C-2400,HO2403-C-2400,339.2,0.0,0.0,0.0,18,323.2,329.8,6,339.2,330.0,0.0,0.0,0.0,0.0,72
2023-05-11 09:49:06,HO2403-C-2400,HO2403-C-2400,339.2,0.0,0.0,0.0,12,323.2,329.8,6,339.2,330.0,0.0,0.0,0.0,0.0,72
2023-05-11 09:49:06,HO2403-C-2400,HO2403-C-2400,339.2,0.0,0.0,0.0,30,322.6,329.8,6,339.2,330.0,0.0,0.0,0.0,0.0,72
2023-05-11 09:49:07,HO2403-C-2400,HO2403-C-2400,339.2,0.0,0.0,0.0,24,322.6,329.8,6,339.2,330.0,0.0,0.0,0.0,0.0,72
2023-05-11 09:50:01,HO2403-C-2400,HO2403-C-2400,339.2,0.0,0.0,0.0,24,322.6,329.8,7,339.2,330.0,0.0,0.0,0.0,0.0,72
2023-05-11 09:50:12,HO2403-C-2400,HO2403-C-2400,339.2,0.0,0.0,0.0,6,322.8,330.0,1,339.2,330.0,0.0,0.0,0.0,0.0,72
2023-05-11 09:50:12,HO2403-C-2400,HO2403-C-2400,339.2,0.0,0.0,0.0,6,323.4,330.0,1,339.2,330.0,0.0,0.0,0.0,0.0,72
2023-05-11 09:50:13,HO2403-C-2400,HO2403-C-2400,339.2,0.0,0.0,0.0,6,323.6,330.0,1,339.2,330.0,0.0,0.0,0.0,0.0,72
2023-05-11 09:51:20,HO2403-C-2400,HO2403-C-2400,339.2,0.0,0.0,0.0,18,323.4,329.8,6,339.2,330.0,0.0,0.0,0.0,0.0,72
2023-05-11 09:51:20,HO2403-C-2400,HO2403-C-2400,339.2,0.0,0.0,0.0,12,323.4,329.8,6,339.2,330.0,0.0,0.0,0.0,0.0,72
2023-05-11 09:51:21,HO2403-C-2400,HO2403-C-2400,339.2,0.0,0.0,0.0,12,323.2,329.8,6,339.2,330.0,0.0,0.0,0.0,0.0,72
2023-05-11 09:51:21,HO2403-C-2400,HO2403-C-2400,339.2,0.0,0.0,0.0,31,323.0,329.8,6,339.2,330.0,0.0,0.0,0.0,0.0,72
2023-05-11 09:51:22,HO2403-C-2400,HO2403-C-2400,339.2,0.0,0.0,0.0,19,323.0,329.8,6,339.2,330.0,0.0,0.0,0.0,0.0,72
2023-05-11 09:51:26,HO2403-C-2400,HO2403-C-2400,339.2,0.0,0.0,0.0,6,323.4,329.8,6,339.2,330.0,0.0,0.0,0.0,0.0,72
2023-05-11 09:51:39,HO2403-C-2400,HO2403-C-2400,339.2,0.0,0.0,0.0,6,323.6,330.0,1,339.2,330.0,0.0,0.0,0.0,0.0,72
2023-05-11 09:53:06,HO2403-C-2400,HO2403-C-2400,339.2,0.0,0.0,0.0,7,323.6,330.0,1,339.2,330.0,0.0,0.0,0.0,0.0,72
2023-05-11 09:53:16,HO2403-C-2400,HO2403-C-2400,339.2,0.0,0.0,0.0,1,323.8,330.0,1,339.2,330.0,0.0,0.0,0.0,0.0,72
2023-05-11 09:53:18,HO2403-C-2400,HO2403-C-2400,339.2,0.0,0.0,0.0,6,324.0,330.0,1,339.2,330.0,0.0,0.0,0.0,0.0,72
2023-05-11 09:53:24,HO2403-C-2400,HO2403-C-2400,339.2,0.0,0.0,0.0,7,324.0,330.0,1,339.2,330.0,0.0,0.0,0.0,0.0,72
2023-05-11 09:53:37,HO2403-C-2400,HO2403-C-2400,339.2,0.0,0.0,0.0,6,324.0,330.0,1,339.2,330.0,0.0,0.0,0.0,0.0,72
2023-05-11 09:53:38,HO2403-C-2400,HO2403-C-2400,339.2,0.0,0.0,0.0,6,323.6,330.0,1,339.2,330.0,0.0,0.0,0.0,0.0,72
2023-05-11 09:53:47,HO2403-C-2400,HO2403-C-2400,339.2,0.0,0.0,0.0,7,323.6,330.0,1,339.2,330.0,0.0,0.0,0.0,0.0,72
2023-05-11 09:53:57,HO2403-C-2400,HO2403-C-2400,339.2,0.0,0.0,0.0,1,323.8,330.0,1,339.2,330.0,0.0,0.0,0.0,0.0,72
2023-05-11 09:53:58,HO2403-C-2400,HO2403-C-2400,339.2,0.0,0.0,0.0,6,324.0,330.0,1,339.2,330.0,0.0,0.0,0.0,0.0,72
2023-05-11 09:54:07,HO2403-C-2400,HO2403-C-2400,339.2,0.0,0.0,0.0,6,323.6,330.0,1,339.2,330.0,0.0,0.0,0.0,0.0,72
2023-05-11 09:54:19,HO2403-C-2400,HO2403-C-2400,339.2,0.0,0.0,0.0,6,324.4,330.0,1,339.2,330.0,0.0,0.0,0.0,0.0,72
2023-05-11 09:54:19,HO2403-C-2400,HO2403-C-2400,339.2,0.0,0.0,0.0,6,324.6,330.0,1,339.2,330.0,0.0,0.0,0.0,0.0,72
2023-05-11 09:54:34,HO2403-C-2400,HO2403-C-2400,339.2,0.0,0.0,0.0,6,324.4,330.0,1,339.2,330.0,0.0,0.0,0.0,0.0,72
2023-05-11 09:54:39,HO2403-C-2400,HO2403-C-2400,339.2,0.0,0.0,0.0,6,324.6,330.0,1,339.2,330.0,0.0,0.0,0.0,0.0,72
2023-05-11 09:55:11,HO2403-C-2400,HO2403-C-2400,330.0,1.0,33000.0,0.0,6,324.6,331.4,18,339.2,330.0,330.0,330.0,1.0,33000.0,72
2023-05-11 09:55:12,HO2403-C-2400,HO2403-C-2400,330.0,0.0,0.0,0.0,6,324.6,331.4,6,339.2,330.0,330.0,330.0,1.0,33000.0,72
2023-05-11 09:55:12,HO2403-C-2400,HO2403-C-2400,330.0,0.0,0.0,0.0,6,324.6,331.8,18,339.2,330.0,330.0,330.0,1.0,33000.0,72
2023-05-11 09:55:13,HO2403-C-2400,HO2403-C-2400,330.0,0.0,0.0,0.0,6,324.6,331.8,12,339.2,330.0,330.0,330.0,1.0,33000.0,72
2023-05-11 09:55:13,HO2403-C-2400,HO2403-C-2400,330.0,0.0,0.0,0.0,6,324.6,331.8,6,339.2,330.0,330.0,330.0,1.0,33000.0,72
2023-05-11 09:55:16,HO2403-C-2400,HO2403-C-2400,330.0,0.0,0.0,0.0,7,324.6,332.2,24,339.2,330.0,330.0,330.0,1.0,33000.0,72
2023-05-11 09:55:16,HO2403-C-2400,HO2403-C-2400,330.0,0.0,0.0,0.0,7,324.6,332.2,18,339.2,330.0,330.0,330.0,1.0,33000.0,72
2023-05-11 09:55:17,HO2403-C-2400,HO2403-C-2400,330.0,0.0,0.0,0.0,7,324.6,332.2,12,339.2,330.0,330.0,330.0,1.0,33000.0,72
2023-05-11 09:55:17,HO2403-C-2400,HO2403-C-2400,330.0,0.0,0.0,0.0,6,325.4,332.6,6,339.2,330.0,330.0,330.0,1.0,33000.0,72
2023-05-11 09:55:18,HO2403-C-2400,HO2403-C-2400,330.0,0.0,0.0,0.0,6,325.6,332.8,18,339.2,330.0,330.0,330.0,1.0,33000.0,72
2023-05-11 09:55:18,HO2403-C-2400,HO2403-C-2400,330.0,0.0,0.0,0.0,6,325.6,332.8,6,339.2,330.0,330.0,330.0,1.0,33000.0,72
2023-05-11 09:55:19,HO2403-C-2400,HO2403-C-2400,330.0,0.0,0.0,0.0,6,325.6,333.2,43,339.2,330.0,330.0,330.0,1.0,33000.0,72
2023-05-11 09:55:19,HO2403-C-2400,HO2403-C-2400,330.0,0.0,0.0,0.0,6,325.6,333.2,31,339.2,330.0,330.0,330.0,1.0,33000.0,72
2023-05-11 09:55:20,HO2403-C-2400,HO2403-C-2400,330.0,0.0,0.0,0.0,6,325.6,332.2,6,339.2,330.0,330.0,330.0,1.0,33000.0,72
2023-05-11 09:55:27,HO2403-C-2400,HO2403-C-2400,330.0,0.0,0.0,0.0,18,325.4,332.0,6,339.2,330.0,330.0,330.0,1.0,33000.0,72
2023-05-11 09:55:29,HO2403-C-2400,HO2403-C-2400,330.0,0.0,0.0,0.0,12,325.4,332.0,6,339.2,330.0,330.0,330.0,1.0,33000.0,72
2023-05-11 09:55:29,HO2403-C-2400,HO2403-C-2400,330.0,0.0,0.0,0.0,6,325.4,332.0,6,339.2,330.0,330.0,330.0,1.0,33000.0,72
2023-05-11 09:55:30,HO2403-C-2400,HO2403-C-2400,330.0,0.0,0.0,0.0,6,324.8,332.2,6,339.2,330.0,330.0,330.0,1.0,33000.0,72
2023-05-11 09:55:38,HO2403-C-2400,HO2403-C-2400,330.0,0.0,0.0,0.0,7,324.8,332.2,6,339.2,330.0,330.0,330.0,1.0,33000.0,72
2023-05-11 09:55:52,HO2403-C-2400,HO2403-C-2400,330.0,0.0,0.0,0.0,1,325.0,332.2,6,339.2,330.0,330.0,330.0,1.0,33000.0,72
2023-05-11 09:55:52,HO2403-C-2400,HO2403-C-2400,330.0,0.0,0.0,0.0,6,325.2,332.2,6,339.2,330.0,330.0,330.0,1.0,33000.0,72
2023-05-11 09:55:59,HO2403-C-2400,HO2403-C-2400,330.0,0.0,0.0,0.0,6,324.8,332.2,12,339.2,330.0,330.0,330.0,1.0,33000.0,72
2023-05-11 09:56:14,HO2403-C-2400,HO2403-C-2400,330.0,0.0,0.0,0.0,7,324.8,332.2,12,339.2,330.0,330.0,330.0,1.0,33000.0,72
2023-05-11 09:56:21,HO2403-C-2400,HO2403-C-2400,330.0,0.0,0.0,0.0,6,325.4,332.8,18,339.2,330.0,330.0,330.0,1.0,33000.0,72
2023-05-11 09:56:22,HO2403-C-2400,HO2403-C-2400,330.0,0.0,0.0,0.0,6,325.6,332.8,12,339.2,330.0,330.0,330.0,1.0,33000.0,72
2023-05-11 09:56:22,HO2403-C-2400,HO2403-C-2400,330.0,0.0,0.0,0.0,6,325.6,333.2,18,339.2,330.0,330.0,330.0,1.0,33000.0,72
2023-05-11 09:56:27,HO2403-C-2400,HO2403-C-2400,330.0,0.0,0.0,0.0,6,325.6,333.2,19,339.2,330.0,330.0,330.0,1.0,33000.0,72
2023-05-11 09:56:31,HO2403-C-2400,HO2403-C-2400,330.0,0.0,0.0,0.0,6,325.6,333.2,18,339.2,330.0,330.0,330.0,1.0,33000.0,72
2023-05-11 09:56:44,HO2403-C-2400,HO2403-C-2400,330.0,0.0,0.0,0.0,6,325.6,333.2,19,339.2,330.0,330.0,330.0,1.0,33000.0,72
2023-05-11 09:57:00,HO2403-C-2400,HO2403-C-2400,330.0,0.0,0.0,0.0,6,325.6,333.2,6,339.2,330.0,330.0,330.0,1.0,33000.0,72
2023-05-11 09:57:01,HO2403-C-2400,HO2403-C-2400,330.0,0.0,0.0,0.0,6,326.4,333.4,12,339.2,330.0,330.0,330.0,1.0,33000.0,72
2023-05-11 09:57:02,HO2403-C-2400,HO2403-C-2400,330.0,0.0,0.0,0.0,6,326.6,333.6,12,339.2,330.0,330.0,330.0,1.0,33000.0,72
2023-05-11 09:57:02,HO2403-C-2400,HO2403-C-2400,330.0,0.0,0.0,0.0,6,326.6,333.8,12,339.2,330.0,330.0,330.0,1.0,33000.0,72
2023-05-11 09:57:03,HO2403-C-2400,HO2403-C-2400,330.0,0.0,0.0,0.0,6,326.6,334.0,24,339.2,330.0,330.0,330.0,1.0,33000.0,72
2023-05-11 09:57:03,HO2403-C-2400,HO2403-C-2400,330.0,0.0,0.0,0.0,6,326.6,334.0,12,339.2,330.0,330.0,330.0,1.0,33000.0,72
2023-05-11 09:57:04,HO2403-C-2400,HO2403-C-2400,330.0,0.0,0.0,0.0,6,326.6,334.2,25,339.2,330.0,330.0,330.0,1.0,33000.0,72
2023-05-11 09:57:13,HO2403-C-2400,HO2403-C-2400,330.0,0.0,0.0,0.0,6,326.6,334.0,1,339.2,330.0,330.0,330.0,1.0,33000.0,72
2023-05-11 09:57:23,HO2403-C-2400,HO2403-C-2400,330.0,0.0,0.0,0.0,6,326.6,334.2,18,339.2,330.0,330.0,330.0,1.0,33000.0,72
2023-05-11 09:57:23,HO2403-C-2400,HO2403-C-2400,330.0,0.0,0.0,0.0,6,326.6,334.0,1,339.2,330.0,330.0,330.0,1.0,33000.0,72
2023-05-11 09:57:30,HO2403-C-2400,HO2403-C-2400,330.0,0.0,0.0,0.0,6,326.6,334.2,18,339.2,330.0,330.0,330.0,1.0,33000.0,72
2023-05-11 09:57:31,HO2403-C-2400,HO2403-C-2400,330.0,0.0,0.0,0.0,6,326.6,334.2,12,339.2,330.0,330.0,330.0,1.0,33000.0,72
2023-05-11 09:57:50,HO2403-C-2400,HO2403-C-2400,330.0,0.0,0.0,0.0,7,326.6,334.2,12,339.2,330.0,330.0,330.0,1.0,33000.0,72
2023-05-11 09:58:00,HO2403-C-2400,HO2403-C-2400,330.0,0.0,0.0,0.0,1,326.8,334.2,12,339.2,330.0,330.0,330.0,1.0,33000.0,72
2023-05-11 09:58:00,HO2403-C-2400,HO2403-C-2400,330.0,0.0,0.0,0.0,6,327.0,334.2,6,339.2,330.0,330.0,330.0,1.0,33000.0,72
2023-05-11 09:58:05,HO2403-C-2400,HO2403-C-2400,330.0,0.0,0.0,0.0,7,327.0,334.2,6,339.2,330.0,330.0,330.0,1.0,33000.0,72
2023-05-11 09:58:15,HO2403-C-2400,HO2403-C-2400,330.0,0.0,0.0,0.0,1,327.2,334.2,6,339.2,330.0,330.0,330.0,1.0,33000.0,72
2023-05-11 09:58:17,HO2403-C-2400,HO2403-C-2400,330.0,0.0,0.0,0.0,6,327.4,334.2,6,339.2,330.0,330.0,330.0,1.0,33000.0,72
2023-05-11 09:58:32,HO2403-C-2400,HO2403-C-2400,330.0,0.0,0.0,0.0,7,327.4,334.2,6,339.2,330.0,330.0,330.0,1.0,33000.0,72
2023-05-11 09:58:39,HO2403-C-2400,HO2403-C-2400,330.0,0.0,0.0,0.0,6,327.4,334.2,6,339.2,330.0,330.0,330.0,1.0,33000.0,72
2023-05-11 09:58:39,HO2403-C-2400,HO2403-C-2400,330.0,0.0,0.0,0.0,6,326.6,334.2,12,339.2,330.0,330.0,330.0,1.0,33000.0,72
2023-05-11 09:58:40,HO2403-C-2400,HO2403-C-2400,330.0,0.0,0.0,0.0,7,326.6,334.2,12,339.2,330.0,330.0,330.0,1.0,33000.0,72
2023-05-11 09:58:48,HO2403-C-2400,HO2403-C-2400,330.0,0.0,0.0,0.0,6,326.6,334.2,12,339.2,330.0,330.0,330.0,1.0,33000.0,72
2023-05-11 09:59:09,HO2403-C-2400,HO2403-C-2400,330.0,0.0,0.0,0.0,6,326.6,334.2,13,339.2,330.0,330.0,330.0,1.0,33000.0,72
2023-05-11 09:59:27,HO2403-C-2400,HO2403-C-2400,330.0,0.0,0.0,0.0,6,326.6,334.0,1,339.2,330.0,330.0,330.0,1.0,33000.0,72
2023-05-11 09:59:50,HO2403-C-2400,HO2403-C-2400,330.0,0.0,0.0,0.0,6,326.6,333.8,1,339.2,330.0,330.0,330.0,1.0,33000.0,72
2023-05-11 09:59:59,HO2403-C-2400,HO2403-C-2400,330.0,0.0,0.0,0.0,18,326.4,333.6,6,339.2,330.0,330.0,330.0,1.0,33000.0,72
2023-05-11 10:00:00,HO2403-C-2400,HO2403-C-2400,330.0,0.0,0.0,0.0,18,326.4,333.6,7,339.2,330.0,330.0,330.0,1.0,33000.0,72
2023-05-11 10:00:09,HO2403-C-2400,HO2403-C-2400,330.0,0.0,0.0,0.0,12,326.4,333.2,6,339.2,330.0,330.0,330.0,1.0,33000.0,72
2023-05-11 10:00:10,HO2403-C-2400,HO2403-C-2400,330.0,0.0,0.0,0.0,12,326.2,333.0,6,339.2,330.0,330.0,330.0,1.0,33000.0,72
2023-05-11 10:00:10,HO2403-C-2400,HO2403-C-2400,330.0,0.0,0.0,0.0,18,326.0,333.0,7,339.2,330.0,330.0,330.0,1.0,33000.0,72
2023-05-11 10:00:11,HO2403-C-2400,HO2403-C-2400,330.0,0.0,0.0,0.0,12,326.0,333.0,7,339.2,330.0,330.0,330.0,1.0,33000.0,72
2023-05-11 10:00:11,HO2403-C-2400,HO2403-C-2400,330.0,0.0,0.0,0.0,30,325.6,333.0,7,339.2,330.0,330.0,330.0,1.0,33000.0,72
2023-05-11 10:00:12,HO2403-C-2400,HO2403-C-2400,330.0,0.0,0.0,0.0,18,325.6,333.0,7,339.2,330.0,330.0,330.0,1.0,33000.0,72
2023-05-11 10:00:13,HO2403-C-2400,HO2403-C-2400,330.0,0.0,0.0,0.0,18,325.6,333.0,6,339.2,330.0,330.0,330.0,1.0,33000.0,72
2023-05-11 10:00:57,HO2403-C-2400,HO2403-C-2400,330.0,0.0,0.0,0.0,12,325.6,333.0,6,339.2,330.0,330.0,330.0,1.0,33000.0,72
2023-05-11 10:00:57,HO2403-C-2400,HO2403-C-2400,330.0,0.0,0.0,0.0,24,325.4,333.0,6,339.2,330.0,330.0,330.0,1.0,33000.0,72
2023-05-11 10:01:01,HO2403-C-2400,HO2403-C-2400,330.0,0.0,0.0,0.0,24,325.4,333.0,7,339.2,330.0,330.0,330.0,1.0,33000.0,72
2023-05-11 10:01:04,HO2403-C-2400,HO2403-C-2400,330.0,0.0,0.0,0.0,6,325.6,332.8,6,339.2,330.0,330.0,330.0,1.0,33000.0,72
2023-05-11 10:01:11,HO2403-C-2400,HO2403-C-2400,330.0,0.0,0.0,0.0,18,325.4,332.2,6,339.2,330.0,330.0,330.0,1.0,33000.0,72
2023-05-11 10:01:14,HO2403-C-2400,HO2403-C-2400,330.0,0.0,0.0,0.0,12,325.4,332.2,6,339.2,330.0,330.0,330.0,1.0,33000.0,72
2023-05-11 10:01:15,HO2403-C-2400,HO2403-C-2400,330.0,0.0,0.0,0.0,6,325.4,332.2,6,339.2,330.0,330.0,330.0,1.0,33000.0,72
2023-05-11 10:01:18,HO2403-C-2400,HO2403-C-2400,330.0,0.0,0.0,0.0,6,325.6,332.2,6,339.2,330.0,330.0,330.0,1.0,33000.0,72
2023-05-11 10:01:24,HO2403-C-2400,HO2403-C-2400,330.0,0.0,0.0,0.0,6,325.6,332.6,18,339.2,330.0,330.0,330.0,1.0,33000.0,72
2023-05-11 10:01:28,HO2403-C-2400,HO2403-C-2400,330.0,0.0,0.0,0.0,6,325.6,332.6,12,339.2,330.0,330.0,330.0,1.0,33000.0,72
2023-05-11 10:01:28,HO2403-C-2400,HO2403-C-2400,330.0,0.0,0.0,0.0,6,325.6,332.8,24,339.2,330.0,330.0,330.0,1.0,33000.0,72
2023-05-11 10:01:29,HO2403-C-2400,HO2403-C-2400,330.0,0.0,0.0,0.0,6,325.6,332.8,12,339.2,330.0,330.0,330.0,1.0,33000.0,72
2023-05-11 10:01:29,HO2403-C-2400,HO2403-C-2400,330.0,0.0,0.0,0.0,6,325.6,333.2,18,339.2,330.0,330.0,330.0,1.0,33000.0,72
2023-05-11 10:01:43,HO2403-C-2400,HO2403-C-2400,330.0,0.0,0.0,0.0,7,325.6,333.2,18,339.2,330.0,330.0,330.0,1.0,33000.0,72
2023-05-11 10:01:44,HO2403-C-2400,HO2403-C-2400,330.0,0.0,0.0,0.0,6,325.8,333.2,18,339.2,330.0,330.0,330.0,1.0,33000.0,72
2023-05-11 10:01:48,HO2403-C-2400,HO2403-C-2400,330.0,0.0,0.0,0.0,6,326.4,333.2,12,339.2,330.0,330.0,330.0,1.0,33000.0,72
2023-05-11 10:01:49,HO2403-C-2400,HO2403-C-2400,330.0,0.0,0.0,0.0,6,326.6,333.6,18,339.2,330.0,330.0,330.0,1.0,33000.0,72
2023-05-11 10:01:53,HO2403-C-2400,HO2403-C-2400,330.0,0.0,0.0,0.0,6,326.6,333.6,12,339.2,330.0,330.0,330.0,1.0,33000.0,72
2023-05-11 10:01:54,HO2403-C-2400,HO2403-C-2400,330.0,0.0,0.0,0.0,6,326.6,333.6,6,339.2,330.0,330.0,330.0,1.0,33000.0,72
2023-05-11 10:01:58,HO2403-C-2400,HO2403-C-2400,330.0,0.0,0.0,0.0,7,326.6,333.6,6,339.2,330.0,330.0,330.0,1.0,33000.0,72
2023-05-11 10:02:03,HO2403-C-2400,HO2403-C-2400,330.0,0.0,0.0,0.0,6,326.8,333.6,6,339.2,330.0,330.0,330.0,1.0,33000.0,72
2023-05-11 10:02:07,HO2403-C-2400,HO2403-C-2400,330.0,0.0,0.0,0.0,6,327.4,333.6,6,339.2,330.0,330.0,330.0,1.0,33000.0,72
2023-05-11 10:02:08,HO2403-C-2400,HO2403-C-2400,330.0,0.0,0.0,0.0,6,327.6,333.6,6,339.2,330.0,330.0,330.0,1.0,33000.0,72
2023-05-11 10:02:13,HO2403-C-2400,HO2403-C-2400,330.0,0.0,0.0,0.0,7,327.6,333.6,6,339.2,330.0,330.0,330.0,1.0,33000.0,72
2023-05-11 10:02:14,HO2403-C-2400,HO2403-C-2400,330.0,0.0,0.0,0.0,6,327.8,333.6,6,339.2,330.0,330.0,330.0,1.0,33000.0,72
2023-05-11 10:02:29,HO2403-C-2400,HO2403-C-2400,330.0,0.0,0.0,0.0,18,327.4,333.6,6,339.2,330.0,330.0,330.0,1.0,33000.0,72
2023-05-11 10:02:41,HO2403-C-2400,HO2403-C-2400,330.0,0.0,0.0,0.0,12,327.4,333.6,6,339.2,330.0,330.0,330.0,1.0,33000.0,72
2023-05-11 10:02:41,HO2403-C-2400,HO2403-C-2400,330.0,0.0,0.0,0.0,6,327.4,333.6,6,339.2,330.0,330.0,330.0,1.0,33000.0,72
2023-05-11 10:02:42,HO2403-C-2400,HO2403-C-2400,330.0,0.0,0.0,0.0,6,327.0,333.4,6,339.2,330.0,330.0,330.0,1.0,33000.0,72
2023-05-11 10:02:42,HO2403-C-2400,HO2403-C-2400,330.0,0.0,0.0,0.0,6,326.6,333.4,6,339.2,330.0,330.0,330.0,1.0,33000.0,72
2023-05-11 10:02:43,HO2403-C-2400,HO2403-C-2400,330.0,0.0,0.0,0.0,36,326.4,333.4,6,339.2,330.0,330.0,330.0,1.0,33000.0,72
2023-05-11 10:02:43,HO2403-C-2400,HO2403-C-2400,330.0,0.0,0.0,0.0,18,326.4,333.4,6,339.2,330.0,330.0,330.0,1.0,33000.0,72
2023-05-11 10:02:58,HO2403-C-2400,HO2403-C-2400,330.0,0.0,0.0,0.0,12,326.4,333.4,6,339.2,330.0,330.0,330.0,1.0,33000.0,72
2023-05-11 10:02:59,HO2403-C-2400,HO2403-C-2400,330.0,0.0,0.0,0.0,6,326.4,333.4,6,339.2,330.0,330.0,330.0,1.0,33000.0,72
2023-05-11 10:03:03,HO2403-C-2400,HO2403-C-2400,330.0,0.0,0.0,0.0,36,325.4,333.2,6,339.2,330.0,330.0,330.0,1.0,33000.0,72
2023-05-11 10:03:03,HO2403-C-2400,HO2403-C-2400,330.0,0.0,0.0,0.0,24,325.4,333.0,6,339.2,330.0,330.0,330.0,1.0,33000.0,72
2023-05-11 10:03:05,HO2403-C-2400,HO2403-C-2400,330.0,0.0,0.0,0.0,18,325.4,333.0,6,339.2,330.0,330.0,330.0,1.0,33000.0,72
2023-05-11 10:03:11,HO2403-C-2400,HO2403-C-2400,330.0,0.0,0.0,0.0,18,325.4,333.0,7,339.2,330.0,330.0,330.0,1.0,33000.0,72
2023-05-11 10:03:12,HO2403-C-2400,HO2403-C-2400,330.0,0.0,0.0,0.0,6,325.6,333.2,24,339.2,330.0,330.0,330.0,1.0,33000.0,72
2023-05-11 10:03:19,HO2403-C-2400,HO2403-C-2400,330.0,0.0,0.0,0.0,7,325.6,333.2,24,339.2,330.0,330.0,330.0,1.0,33000.0,72
2023-05-11 10:03:29,HO2403-C-2400,HO2403-C-2400,330.0,0.0,0.0,0.0,1,325.8,333.2,24,339.2,330.0,330.0,330.0,1.0,33000.0,72
2023-05-11 10:03:34,HO2403-C-2400,HO2403-C-2400,330.0,0.0,0.0,0.0,6,325.6,333.2,24,339.2,330.0,330.0,330.0,1.0,33000.0,72
2023-05-11 10:03:37,HO2403-C-2400,HO2403-C-2400,330.0,0.0,0.0,0.0,6,325.6,333.2,18,339.2,330.0,330.0,330.0,1.0,33000.0,72
2023-05-11 10:03:44,HO2403-C-2400,HO2403-C-2400,330.0,0.0,0.0,0.0,7,325.6,333.2,18,339.2,330.0,330.0,330.0,1.0,33000.0,72
2023-05-11 10:04:03,HO2403-C-2400,HO2403-C-2400,330.0,0.0,0.0,0.0,1,325.8,333.2,18,339.2,330.0,330.0,330.0,1.0,33000.0,72
2023-05-11 10:04:11,HO2403-C-2400,HO2403-C-2400,330.0,0.0,0.0,0.0,6,326.0,333.2,12,339.2,330.0,330.0,330.0,1.0,33000.0,72
2023-05-11 10:04:12,HO2403-C-2400,HO2403-C-2400,330.0,0.0,0.0,0.0,6,326.0,333.2,6,339.2,330.0,330.0,330.0,1.0,33000.0,72
2023-05-11 10:04:13,HO2403-C-2400,HO2403-C-2400,330.0,0.0,0.0,0.0,6,326.4,333.6,18,339.2,330.0,330.0,330.0,1.0,33000.0,72
2023-05-11 10:04:14,HO2403-C-2400,HO2403-C-2400,330.0,0.0,0.0,0.0,6,326.4,333.6,12,339.2,330.0,330.0,330.0,1.0,33000.0,72
2023-05-11 10:04:15,HO2403-C-2400,HO2403-C-2400,330.0,0.0,0.0,0.0,6,326.4,333.6,6,339.2,330.0,330.0,330.0,1.0,33000.0,72
2023-05-11 10:04:17,HO2403-C-2400,HO2403-C-2400,330.0,0.0,0.0,0.0,6,326.6,333.6,6,339.2,330.0,330.0,330.0,1.0,33000.0,72
2023-05-11 10:05:01,HO2403-C-2400,HO2403-C-2400,330.0,0.0,0.0,0.0,6,326.6,333.6,7,339.2,330.0,330.0,330.0,1.0,33000.0,72
2023-05-11 10:05:03,HO2403-C-2400,HO2403-C-2400,330.0,0.0,0.0,0.0,12,326.2,333.0,6,339.2,330.0,330.0,330.0,1.0,33000.0,72
2023-05-11 10:05:04,HO2403-C-2400,HO2403-C-2400,330.0,0.0,0.0,0.0,12,326.0,333.0,6,339.2,330.0,330.0,330.0,1.0,33000.0,72
2023-05-11 10:05:04,HO2403-C-2400,HO2403-C-2400,330.0,0.0,0.0,0.0,30,325.8,333.0,6,339.2,330.0,330.0,330.0,1.0,33000.0,72
2023-05-11 10:05:05,HO2403-C-2400,HO2403-C-2400,330.0,0.0,0.0,0.0,18,325.8,333.0,6,339.2,330.0,330.0,330.0,1.0,33000.0,72
2023-05-11 10:05:11,HO2403-C-2400,HO2403-C-2400,330.0,0.0,0.0,0.0,18,325.8,333.0,7,339.2,330.0,330.0,330.0,1.0,33000.0,72
2023-05-11 10:05:12,HO2403-C-2400,HO2403-C-2400,330.0,0.0,0.0,0.0,12,325.8,333.0,7,339.2,330.0,330.0,330.0,1.0,33000.0,72
2023-05-11 10:05:12,HO2403-C-2400,HO2403-C-2400,330.0,0.0,0.0,0.0,6,325.8,333.0,7,339.2,330.0,330.0,330.0,1.0,33000.0,72
2023-05-11 10:05:19,HO2403-C-2400,HO2403-C-2400,330.0,0.0,0.0,0.0,6,325.8,333.0,6,339.2,330.0,330.0,330.0,1.0,33000.0,72
2023-05-11 10:05:29,HO2403-C-2400,HO2403-C-2400,330.0,0.0,0.0,0.0,6,325.8,333.4,18,339.2,330.0,330.0,330.0,1.0,33000.0,72
2023-05-11 10:05:34,HO2403-C-2400,HO2403-C-2400,330.0,0.0,0.0,0.0,6,325.8,333.4,19,339.2,330.0,330.0,330.0,1.0,33000.0,72
2023-05-11 10:05:43,HO2403-C-2400,HO2403-C-2400,330.0,0.0,0.0,0.0,6,326.0,333.4,19,339.2,330.0,330.0,330.0,1.0,33000.0,72
2023-05-11 10:05:45,HO2403-C-2400,HO2403-C-2400,330.0,0.0,0.0,0.0,6,326.0,333.2,1,339.2,330.0,330.0,330.0,1.0,33000.0,72
2023-05-11 10:05:55,HO2403-C-2400,HO2403-C-2400,330.0,0.0,0.0,0.0,6,326.0,333.0,1,339.2,330.0,330.0,330.0,1.0,33000.0,72
2023-05-11 10:06:02,HO2403-C-2400,HO2403-C-2400,330.0,0.0,0.0,0.0,6,326.2,333.0,1,339.2,330.0,330.0,330.0,1.0,33000.0,72
2023-05-11 10:06:10,HO2403-C-2400,HO2403-C-2400,330.0,0.0,0.0,0.0,6,326.2,332.8,1,339.2,330.0,330.0,330.0,1.0,33000.0,72
2023-05-11 10:06:15,HO2403-C-2400,HO2403-C-2400,330.0,0.0,0.0,0.0,6,326.2,333.4,1,339.2,330.0,330.0,330.0,1.0,33000.0,72
2023-05-11 10:06:23,HO2403-C-2400,HO2403-C-2400,330.0,0.0,0.0,0.0,6,327.0,333.4,1,339.2,330.0,330.0,330.0,1.0,33000.0,72
2023-05-11 10:06:24,HO2403-C-2400,HO2403-C-2400,330.0,0.0,0.0,0.0,6,327.2,333.4,1,339.2,330.0,330.0,330.0,1.0,33000.0,72
2023-05-11 10:06:25,HO2403-C-2400,HO2403-C-2400,330.0,0.0,0.0,0.0,6,327.2,333.2,1,339.2,330.0,330.0,330.0,1.0,33000.0,72
2023-05-11 10:06:33,HO2403-C-2400,HO2403-C-2400,330.0,0.0,0.0,0.0,6,326.2,333.2,1,339.2,330.0,330.0,330.0,1.0,33000.0,72
2023-05-11 10:06:40,HO2403-C-2400,HO2403-C-2400,330.0,0.0,0.0,0.0,6,326.2,333.0,1,339.2,330.0,330.0,330.0,1.0,33000.0,72
2023-05-11 10:06:47,HO2403-C-2400,HO2403-C-2400,330.0,0.0,0.0,0.0,6,326.2,333.6,19,339.2,330.0,330.0,330.0,1.0,33000.0,72
2023-05-11 10:06:54,HO2403-C-2400,HO2403-C-2400,330.0,0.0,0.0,0.0,6,327.0,333.6,19,339.2,330.0,330.0,330.0,1.0,33000.0,72
2023-05-11 10:06:54,HO2403-C-2400,HO2403-C-2400,330.0,0.0,0.0,0.0,6,327.2,333.6,19,339.2,330.0,330.0,330.0,1.0,33000.0,72
2023-05-11 10:06:55,HO2403-C-2400,HO2403-C-2400,330.0,0.0,0.0,0.0,6,327.2,333.6,13,339.2,330.0,330.0,330.0,1.0,33000.0,72
2023-05-11 10:06:57,HO2403-C-2400,HO2403-C-2400,330.0,0.0,0.0,0.0,6,327.2,333.4,1,339.2,330.0,330.0,330.0,1.0,33000.0,72
2023-05-11 10:07:00,HO2403-C-2400,HO2403-C-2400,330.0,0.0,0.0,0.0,6,327.2,333.6,12,339.2,330.0,330.0,330.0,1.0,33000.0,72
2023-05-11 10:07:00,HO2403-C-2400,HO2403-C-2400,330.0,0.0,0.0,0.0,6,327.2,333.6,6,339.2,330.0,330.0,330.0,1.0,33000.0,72
2023-05-11 10:08:04,HO2403-C-2400,HO2403-C-2400,330.0,0.0,0.0,0.0,6,327.2,333.6,7,339.2,330.0,330.0,330.0,1.0,33000.0,72
2023-05-11 10:08:06,HO2403-C-2400,HO2403-C-2400,330.0,0.0,0.0,0.0,6,327.2,333.6,6,339.2,330.0,330.0,330.0,1.0,33000.0,72
2023-05-11 10:08:20,HO2403-C-2400,HO2403-C-2400,330.0,0.0,0.0,0.0,6,327.2,333.8,12,339.2,330.0,330.0,330.0,1.0,33000.0,72
2023-05-11 10:08:21,HO2403-C-2400,HO2403-C-2400,330.0,0.0,0.0,0.0,6,327.2,334.2,24,339.2,330.0,330.0,330.0,1.0,33000.0,72
2023-05-11 10:08:21,HO2403-C-2400,HO2403-C-2400,330.0,0.0,0.0,0.0,6,327.2,334.2,6,339.2,330.0,330.0,330.0,1.0,33000.0,72
2023-05-11 10:08:22,HO2403-C-2400,HO2403-C-2400,330.0,0.0,0.0,0.0,6,327.2,334.6,18,339.2,330.0,330.0,330.0,1.0,33000.0,72
2023-05-11 10:08:26,HO2403-C-2400,HO2403-C-2400,330.0,0.0,0.0,0.0,6,327.2,334.6,19,339.2,330.0,330.0,330.0,1.0,33000.0,72
2023-05-11 10:08:46,HO2403-C-2400,HO2403-C-2400,330.0,0.0,0.0,0.0,6,327.2,334.4,1,339.2,330.0,330.0,330.0,1.0,33000.0,72
2023-05-11 10:08:56,HO2403-C-2400,HO2403-C-2400,330.0,0.0,0.0,0.0,6,327.2,334.2,1,339.2,330.0,330.0,330.0,1.0,33000.0,72
2023-05-11 10:08:57,HO2403-C-2400,HO2403-C-2400,330.0,0.0,0.0,0.0,6,327.2,334.6,18,339.2,330.0,330.0,330.0,1.0,33000.0,72
2023-05-11 10:09:07,HO2403-C-2400,HO2403-C-2400,330.0,0.0,0.0,0.0,6,327.2,334.6,19,339.2,330.0,330.0,330.0,1.0,33000.0,72
2023-05-11 10:09:39,HO2403-C-2400,HO2403-C-2400,330.0,0.0,0.0,0.0,6,327.2,334.6,18,339.2,330.0,330.0,330.0,1.0,33000.0,72
2023-05-11 10:10:06,HO2403-C-2400,HO2403-C-2400,330.0,0.0,0.0,0.0,6,327.2,334.6,19,339.2,330.0,330.0,330.0,1.0,33000.0,72
2023-05-11 10:10:16,HO2403-C-2400,HO2403-C-2400,330.0,0.0,0.0,0.0,6,327.2,334.4,1,339.2,330.0,330.0,330.0,1.0,33000.0,72
2023-05-11 10:10:26,HO2403-C-2400,HO2403-C-2400,330.0,0.0,0.0,0.0,6,327.2,334.2,1,339.2,330.0,330.0,330.0,1.0,33000.0,72
2023-05-11 10:10:57,HO2403-C-2400,HO2403-C-2400,330.0,0.0,0.0,0.0,6,327.2,334.0,1,339.2,330.0,330.0,330.0,1.0,33000.0,72
2023-05-11 10:11:07,HO2403-C-2400,HO2403-C-2400,330.0,0.0,0.0,0.0,18,327.0,333.8,7,339.2,330.0,330.0,330.0,1.0,33000.0,72
2023-05-11 10:11:07,HO2403-C-2400,HO2403-C-2400,330.0,0.0,0.0,0.0,12,327.0,333.8,7,339.2,330.0,330.0,330.0,1.0,33000.0,72
2023-05-11 10:11:08,HO2403-C-2400,HO2403-C-2400,330.0,0.0,0.0,0.0,6,327.0,333.8,7,339.2,330.0,330.0,330.0,1.0,33000.0,72
2023-05-11 10:11:17,HO2403-C-2400,HO2403-C-2400,330.0,0.0,0.0,0.0,6,327.0,333.6,1,339.2,330.0,330.0,330.0,1.0,33000.0,72
2023-05-11 10:11:24,HO2403-C-2400,HO2403-C-2400,330.0,0.0,0.0,0.0,6,327.2,333.6,1,339.2,330.0,330.0,330.0,1.0,33000.0,72
2023-05-11 10:11:30,HO2403-C-2400,HO2403-C-2400,330.0,0.0,0.0,0.0,6,327.2,334.2,1,339.2,330.0,330.0,330.0,1.0,33000.0,72
2023-05-11 10:11:41,HO2403-C-2400,HO2403-C-2400,330.0,0.0,0.0,0.0,6,327.2,334.0,1,339.2,330.0,330.0,330.0,1.0,33000.0,72
2023-05-11 10:11:51,HO2403-C-2400,HO2403-C-2400,330.0,0.0,0.0,0.0,6,327.2,333.8,1,339.2,330.0,330.0,330.0,1.0,33000.0,72
2023-05-11 10:12:01,HO2403-C-2400,HO2403-C-2400,330.0,0.0,0.0,0.0,6,327.2,333.6,1,339.2,330.0,330.0,330.0,1.0,33000.0,72
2023-05-11 10:12:05,HO2403-C-2400,HO2403-C-2400,330.0,0.0,0.0,0.0,2,327.4,333.6,1,339.2,330.0,330.0,330.0,1.0,33000.0,72
2023-05-11 10:12:06,HO2403-C-2400,HO2403-C-2400,330.0,0.0,0.0,0.0,6,327.2,333.6,1,339.2,330.0,330.0,330.0,1.0,33000.0,72
2023-05-11 10:12:11,HO2403-C-2400,HO2403-C-2400,330.0,0.0,0.0,0.0,6,327.2,333.4,1,339.2,330.0,330.0,330.0,1.0,33000.0,72
2023-05-11 10:12:21,HO2403-C-2400,HO2403-C-2400,330.0,0.0,0.0,0.0,6,327.2,333.2,1,339.2,330.0,330.0,330.0,1.0,33000.0,72
2023-05-11 10:12:32,HO2403-C-2400,HO2403-C-2400,330.0,0.0,0.0,0.0,6,327.2,333.8,1,339.2,330.0,330.0,330.0,1.0,33000.0,72
2023-05-11 10:12:33,HO2403-C-2400,HO2403-C-2400,330.0,0.0,0.0,0.0,2,327.6,333.8,1,339.2,330.0,330.0,330.0,1.0,33000.0,72
2023-05-11 10:12:42,HO2403-C-2400,HO2403-C-2400,330.0,0.0,0.0,0.0,6,327.2,333.8,1,339.2,330.0,330.0,330.0,1.0,33000.0,72
2023-05-11 10:12:42,HO2403-C-2400,HO2403-C-2400,330.0,0.0,0.0,0.0,8,327.2,333.6,1,339.2,330.0,330.0,330.0,1.0,33000.0,72
2023-05-11 10:12:52,HO2403-C-2400,HO2403-C-2400,330.0,0.0,0.0,0.0,8,327.2,333.4,1,339.2,330.0,330.0,330.0,1.0,33000.0,72
2023-05-11 10:13:02,HO2403-C-2400,HO2403-C-2400,330.0,0.0,0.0,0.0,8,327.2,333.2,1,339.2,330.0,330.0,330.0,1.0,33000.0,72
2023-05-11 10:13:16,HO2403-C-2400,HO2403-C-2400,330.0,0.0,0.0,0.0,8,327.2,333.0,1,339.2,330.0,330.0,330.0,1.0,33000.0,72
2023-05-11 10:13:27,HO2403-C-2400,HO2403-C-2400,330.0,0.0,0.0,0.0,8,327.2,332.8,1,339.2,330.0,330.0,330.0,1.0,33000.0,72
2023-05-11 10:13:46,HO2403-C-2400,HO2403-C-2400,330.0,0.0,0.0,0.0,8,327.2,334.6,18,339.2,330.0,330.0,330.0,1.0,33000.0,72
2023-05-11 10:13:46,HO2403-C-2400,HO2403-C-2400,330.0,0.0,0.0,0.0,8,327.2,334.6,19,339.2,330.0,330.0,330.0,1.0,33000.0,72
2023-05-11 10:13:56,HO2403-C-2400,HO2403-C-2400,330.0,0.0,0.0,0.0,8,327.2,334.4,1,339.2,330.0,330.0,330.0,1.0,33000.0,72
2023-05-11 10:13:58,HO2403-C-2400,HO2403-C-2400,330.0,0.0,0.0,0.0,9,327.2,334.6,18,339.2,330.0,330.0,330.0,1.0,33000.0,72
2023-05-11 10:13:58,HO2403-C-2400,HO2403-C-2400,330.0,0.0,0.0,0.0,9,327.2,334.6,12,339.2,330.0,330.0,330.0,1.0,33000.0,72
2023-05-11 10:13:59,HO2403-C-2400,HO2403-C-2400,330.0,0.0,0.0,0.0,9,327.2,334.6,6,339.2,330.0,330.0,330.0,1.0,33000.0,72
2023-05-11 10:13:59,HO2403-C-2400,HO2403-C-2400,330.0,0.0,0.0,0.0,8,327.2,334.6,7,339.2,330.0,330.0,330.0,1.0,33000.0,72
2023-05-11 10:14:09,HO2403-C-2400,HO2403-C-2400,330.0,0.0,0.0,0.0,8,327.2,334.4,1,339.2,330.0,330.0,330.0,1.0,33000.0,72
2023-05-11 10:14:19,HO2403-C-2400,HO2403-C-2400,330.0,0.0,0.0,0.0,8,327.2,334.2,1,339.2,330.0,330.0,330.0,1.0,33000.0,72
2023-05-11 10:14:29,HO2403-C-2400,HO2403-C-2400,330.0,0.0,0.0,0.0,8,327.2,334.0,1,339.2,330.0,330.0,330.0,1.0,33000.0,72
2023-05-11 10:14:46,HO2403-C-2400,HO2403-C-2400,330.0,0.0,0.0,0.0,8,327.2,333.8,1,339.2,330.0,330.0,330.0,1.0,33000.0,72
2023-05-11 10:14:56,HO2403-C-2400,HO2403-C-2400,330.0,0.0,0.0,0.0,8,327.2,333.6,1,339.2,330.0,330.0,330.0,1.0,33000.0,72
2023-05-11 10:15:12,HO2403-C-2400,HO2403-C-2400,330.0,0.0,0.0,0.0,8,327.2,333.4,1,339.2,330.0,330.0,330.0,1.0,33000.0,72
2023-05-11 10:15:18,HO2403-C-2400,HO2403-C-2400,330.0,0.0,0.0,0.0,8,327.2,334.0,1,339.2,330.0,330.0,330.0,1.0,33000.0,72
2023-05-11 10:15:29,HO2403-C-2400,HO2403-C-2400,330.0,0.0,0.0,0.0,8,327.2,333.8,1,339.2,330.0,330.0,330.0,1.0,33000.0,72
2023-05-11 10:15:40,HO2403-C-2400,HO2403-C-2400,330.0,0.0,0.0,0.0,8,327.2,333.6,1,339.2,330.0,330.0,330.0,1.0,33000.0,72
2023-05-11 10:15:46,HO2403-C-2400,HO2403-C-2400,330.0,0.0,0.0,0.0,8,327.2,334.4,1,339.2,330.0,330.0,330.0,1.0,33000.0,72
2023-05-11 10:15:57,HO2403-C-2400,HO2403-C-2400,330.0,0.0,0.0,0.0,8,327.2,334.2,1,339.2,330.0,330.0,330.0,1.0,33000.0,72
2023-05-11 10:16:07,HO2403-C-2400,HO2403-C-2400,330.0,0.0,0.0,0.0,8,327.2,334.0,1,339.2,330.0,330.0,330.0,1.0,33000.0,72
2023-05-11 10:16:12,HO2403-C-2400,HO2403-C-2400,330.0,0.0,0.0,0.0,6,327.2,334.0,1,339.2,330.0,330.0,330.0,1.0,33000.0,72
2023-05-11 10:16:12,HO2403-C-2400,HO2403-C-2400,330.0,0.0,0.0,0.0,8,327.2,334.0,1,339.2,330.0,330.0,330.0,1.0,33000.0,72
2023-05-11 10:16:17,HO2403-C-2400,HO2403-C-2400,330.0,0.0,0.0,0.0,8,327.2,333.8,1,339.2,330.0,330.0,330.0,1.0,33000.0,72
2023-05-11 10:16:27,HO2403-C-2400,HO2403-C-2400,330.0,0.0,0.0,0.0,8,327.2,333.6,1,339.2,330.0,330.0,330.0,1.0,33000.0,72
2023-05-11 10:16:44,HO2403-C-2400,HO2403-C-2400,330.0,0.0,0.0,0.0,8,327.2,333.4,1,339.2,330.0,330.0,330.0,1.0,33000.0,72
2023-05-11 10:16:50,HO2403-C-2400,HO2403-C-2400,330.0,0.0,0.0,0.0,8,327.2,334.0,1,339.2,330.0,330.0,330.0,1.0,33000.0,72
2023-05-11 10:17:00,HO2403-C-2400,HO2403-C-2400,330.0,0.0,0.0,0.0,8,327.2,333.8,1,339.2,330.0,330.0,330.0,1.0,33000.0,72
2023-05-11 10:17:10,HO2403-C-2400,HO2403-C-2400,330.0,0.0,0.0,0.0,8,327.2,333.6,1,339.2,330.0,330.0,330.0,1.0,33000.0,72
2023-05-11 10:17:25,HO2403-C-2400,HO2403-C-2400,330.0,0.0,0.0,0.0,8,327.2,333.4,1,339.2,330.0,330.0,330.0,1.0,33000.0,72
2023-05-11 10:17:37,HO2403-C-2400,HO2403-C-2400,330.0,0.0,0.0,0.0,8,327.2,334.0,1,339.2,330.0,330.0,330.0,1.0,33000.0,72
2023-05-11 10:17:47,HO2403-C-2400,HO2403-C-2400,330.0,0.0,0.0,0.0,8,327.2,333.8,1,339.2,330.0,330.0,330.0,1.0,33000.0,72
2023-05-11 10:17:57,HO2403-C-2400,HO2403-C-2400,330.0,0.0,0.0,0.0,8,327.2,333.6,1,339.2,330.0,330.0,330.0,1.0,33000.0,72
2023-05-11 10:18:09,HO2403-C-2400,HO2403-C-2400,330.0,0.0,0.0,0.0,8,327.2,334.2,1,339.2,330.0,330.0,330.0,1.0,33000.0,72
2023-05-11 10:18:19,HO2403-C-2400,HO2403-C-2400,330.0,0.0,0.0,0.0,8,327.2,334.0,1,339.2,330.0,330.0,330.0,1.0,33000.0,72
2023-05-11 10:18:29,HO2403-C-2400,HO2403-C-2400,330.0,0.0,0.0,0.0,8,327.2,333.8,1,339.2,330.0,330.0,330.0,1.0,33000.0,72
2023-05-11 10:18:40,HO2403-C-2400,HO2403-C-2400,330.0,0.0,0.0,0.0,8,327.2,333.6,1,339.2,330.0,330.0,330.0,1.0,33000.0,72
2023-05-11 10:18:58,HO2403-C-2400,HO2403-C-2400,330.0,0.0,0.0,0.0,8,327.2,333.4,1,339.2,330.0,330.0,330.0,1.0,33000.0,72
2023-05-11 10:18:58,HO2403-C-2400,HO2403-C-2400,330.0,0.0,0.0,0.0,6,327.2,333.4,1,339.2,330.0,330.0,330.0,1.0,33000.0,72
2023-05-11 10:18:59,HO2403-C-2400,HO2403-C-2400,330.0,0.0,0.0,0.0,6,327.0,333.2,6,339.2,330.0,330.0,330.0,1.0,33000.0,72
2023-05-11 10:18:59,HO2403-C-2400,HO2403-C-2400,330.0,0.0,0.0,0.0,24,326.6,333.2,6,339.2,330.0,330.0,330.0,1.0,33000.0,72
2023-05-11 10:19:00,HO2403-C-2400,HO2403-C-2400,330.0,0.0,0.0,0.0,14,326.6,333.2,6,339.2,330.0,330.0,330.0,1.0,33000.0,72
2023-05-11 10:19:00,HO2403-C-2400,HO2403-C-2400,330.0,0.0,0.0,0.0,8,326.6,333.2,6,339.2,330.0,330.0,330.0,1.0,33000.0,72
2023-05-11 10:19:01,HO2403-C-2400,HO2403-C-2400,330.0,0.0,0.0,0.0,2,326.6,333.2,6,339.2,330.0,330.0,330.0,1.0,33000.0,72
2023-05-11 10:19:03,HO2403-C-2400,HO2403-C-2400,330.0,0.0,0.0,0.0,2,326.6,333.2,7,339.2,330.0,330.0,330.0,1.0,33000.0,72
2023-05-11 10:19:18,HO2403-C-2400,HO2403-C-2400,330.0,0.0,0.0,0.0,2,326.6,333.0,1,339.2,330.0,330.0,330.0,1.0,33000.0,72
2023-05-11 10:19:18,HO2403-C-2400,HO2403-C-2400,330.0,0.0,0.0,0.0,36,326.4,333.0,1,339.2,330.0,330.0,330.0,1.0,33000.0,72
2023-05-11 10:19:19,HO2403-C-2400,HO2403-C-2400,330.0,0.0,0.0,0.0,18,326.4,333.0,1,339.2,330.0,330.0,330.0,1.0,33000.0,72
2023-05-11 10:19:19,HO2403-C-2400,HO2403-C-2400,330.0,0.0,0.0,0.0,2,326.6,333.0,1,339.2,330.0,330.0,330.0,1.0,33000.0,72
2023-05-11 10:19:26,HO2403-C-2400,HO2403-C-2400,330.0,0.0,0.0,0.0,18,326.4,333.0,1,339.2,330.0,330.0,330.0,1.0,33000.0,72
2023-05-11 10:19:26,HO2403-C-2400,HO2403-C-2400,330.0,0.0,0.0,0.0,2,326.6,333.0,1,339.2,330.0,330.0,330.0,1.0,33000.0,72
2023-05-11 10:19:28,HO2403-C-2400,HO2403-C-2400,330.0,0.0,0.0,0.0,18,326.4,333.0,1,339.2,330.0,330.0,330.0,1.0,33000.0,72
2023-05-11 10:19:28,HO2403-C-2400,HO2403-C-2400,330.0,0.0,0.0,0.0,18,326.4,332.8,1,339.2,330.0,330.0,330.0,1.0,33000.0,72
2023-05-11 10:19:29,HO2403-C-2400,HO2403-C-2400,330.0,0.0,0.0,0.0,20,326.4,332.8,1,339.2,330.0,330.0,330.0,1.0,33000.0,72
2023-05-11 10:19:31,HO2403-C-2400,HO2403-C-2400,330.0,0.0,0.0,0.0,20,326.4,333.2,6,339.2,330.0,330.0,330.0,1.0,33000.0,72
2023-05-11 10:19:41,HO2403-C-2400,HO2403-C-2400,330.0,0.0,0.0,0.0,20,326.4,333.2,7,339.2,330.0,330.0,330.0,1.0,33000.0,72
2023-05-11 10:19:54,HO2403-C-2400,HO2403-C-2400,330.0,0.0,0.0,0.0,20,326.4,333.0,1,339.2,330.0,330.0,330.0,1.0,33000.0,72
2023-05-11 10:20:12,HO2403-C-2400,HO2403-C-2400,330.0,0.0,0.0,0.0,20,326.4,332.8,1,339.2,330.0,330.0,330.0,1.0,33000.0,72
2023-05-11 10:20:31,HO2403-C-2400,HO2403-C-2400,330.0,0.0,0.0,0.0,20,326.4,332.6,1,339.2,330.0,330.0,330.0,1.0,33000.0,72
2023-05-11 10:20:34,HO2403-C-2400,HO2403-C-2400,330.0,0.0,0.0,0.0,20,326.4,333.2,7,339.2,330.0,330.0,330.0,1.0,33000.0,72
2023-05-11 10:20:44,HO2403-C-2400,HO2403-C-2400,330.0,0.0,0.0,0.0,20,326.4,333.0,1,339.2,330.0,330.0,330.0,1.0,33000.0,72
2023-05-11 10:20:54,HO2403-C-2400,HO2403-C-2400,330.0,0.0,0.0,0.0,20,326.4,332.8,1,339.2,330.0,330.0,330.0,1.0,33000.0,72
2023-05-11 10:21:05,HO2403-C-2400,HO2403-C-2400,330.0,0.0,0.0,0.0,20,326.4,332.6,1,339.2,330.0,330.0,330.0,1.0,33000.0,72
2023-05-11 10:21:09,HO2403-C-2400,HO2403-C-2400,330.0,0.0,0.0,0.0,20,326.4,333.2,7,339.2,330.0,330.0,330.0,1.0,33000.0,72
2023-05-11 10:21:19,HO2403-C-2400,HO2403-C-2400,330.0,0.0,0.0,0.0,20,326.4,333.0,1,339.2,330.0,330.0,330.0,1.0,33000.0,72
2023-05-11 10:21:29,HO2403-C-2400,HO2403-C-2400,330.0,0.0,0.0,0.0,20,326.4,332.8,1,339.2,330.0,330.0,330.0,1.0,33000.0,72
2023-05-11 10:21:39,HO2403-C-2400,HO2403-C-2400,330.0,0.0,0.0,0.0,20,326.4,332.6,1,339.2,330.0,330.0,330.0,1.0,33000.0,72
2023-05-11 10:21:40,HO2403-C-2400,HO2403-C-2400,330.0,0.0,0.0,0.0,18,326.4,332.6,1,339.2,330.0,330.0,330.0,1.0,33000.0,72
2023-05-11 10:21:44,HO2403-C-2400,HO2403-C-2400,330.0,0.0,0.0,0.0,20,326.4,332.6,1,339.2,330.0,330.0,330.0,1.0,33000.0,72
2023-05-11 10:21:46,HO2403-C-2400,HO2403-C-2400,330.0,0.0,0.0,0.0,18,326.4,332.6,1,339.2,330.0,330.0,330.0,1.0,33000.0,72
2023-05-11 10:21:47,HO2403-C-2400,HO2403-C-2400,330.0,0.0,0.0,0.0,20,326.4,332.6,1,339.2,330.0,330.0,330.0,1.0,33000.0,72
2023-05-11 10:21:47,HO2403-C-2400,HO2403-C-2400,330.0,0.0,0.0,0.0,18,326.4,332.6,1,339.2,330.0,330.0,330.0,1.0,33000.0,72
2023-05-11 10:21:48,HO2403-C-2400,HO2403-C-2400,330.0,0.0,0.0,0.0,20,326.4,332.6,1,339.2,330.0,330.0,330.0,1.0,33000.0,72
2023-05-11 10:21:48,HO2403-C-2400,HO2403-C-2400,330.0,0.0,0.0,0.0,18,326.4,332.6,1,339.2,330.0,330.0,330.0,1.0,33000.0,72
2023-05-11 10:21:49,HO2403-C-2400,HO2403-C-2400,330.0,0.0,0.0,0.0,20,326.4,332.4,1,339.2,330.0,330.0,330.0,1.0,33000.0,72
2023-05-11 10:21:49,HO2403-C-2400,HO2403-C-2400,330.0,0.0,0.0,0.0,18,326.4,332.4,1,339.2,330.0,330.0,330.0,1.0,33000.0,72
2023-05-11 10:21:59,HO2403-C-2400,HO2403-C-2400,330.0,0.0,0.0,0.0,2,326.8,332.2,1,339.2,330.0,330.0,330.0,1.0,33000.0,72
2023-05-11 10:22:09,HO2403-C-2400,HO2403-C-2400,330.0,0.0,0.0,0.0,2,326.8,332.0,1,339.2,330.0,330.0,330.0,1.0,33000.0,72
2023-05-11 10:22:19,HO2403-C-2400,HO2403-C-2400,330.0,0.0,0.0,0.0,18,326.4,331.8,1,339.2,330.0,330.0,330.0,1.0,33000.0,72
2023-05-11 10:22:20,HO2403-C-2400,HO2403-C-2400,330.0,0.0,0.0,0.0,20,326.4,331.8,1,339.2,330.0,330.0,330.0,1.0,33000.0,72
2023-05-11 10:22:31,HO2403-C-2400,HO2403-C-2400,330.0,0.0,0.0,0.0,20,326.4,332.6,1,339.2,330.0,330.0,330.0,1.0,33000.0,72
2023-05-11 10:22:41,HO2403-C-2400,HO2403-C-2400,330.0,0.0,0.0,0.0,20,326.4,332.4,1,339.2,330.0,330.0,330.0,1.0,33000.0,72
2023-05-11 10:22:51,HO2403-C-2400,HO2403-C-2400,330.0,0.0,0.0,0.0,20,326.4,332.2,1,339.2,330.0,330.0,330.0,1.0,33000.0,72
2023-05-11 10:22:58,HO2403-C-2400,HO2403-C-2400,330.0,0.0,0.0,0.0,18,326.4,332.2,1,339.2,330.0,330.0,330.0,1.0,33000.0,72
2023-05-11 10:22:59,HO2403-C-2400,HO2403-C-2400,330.0,0.0,0.0,0.0,20,326.4,332.2,1,339.2,330.0,330.0,330.0,1.0,33000.0,72
2023-05-11 10:22:59,HO2403-C-2400,HO2403-C-2400,330.0,0.0,0.0,0.0,18,326.4,332.2,1,339.2,330.0,330.0,330.0,1.0,33000.0,72
2023-05-11 10:23:01,HO2403-C-2400,HO2403-C-2400,330.0,0.0,0.0,0.0,18,326.4,332.0,1,339.2,330.0,330.0,330.0,1.0,33000.0,72
2023-05-11 10:23:01,HO2403-C-2400,HO2403-C-2400,330.0,0.0,0.0,0.0,20,326.4,332.0,1,339.2,330.0,330.0,330.0,1.0,33000.0,72
2023-05-11 10:23:19,HO2403-C-2400,HO2403-C-2400,330.0,0.0,0.0,0.0,20,326.4,331.8,1,339.2,330.0,330.0,330.0,1.0,33000.0,72
2023-05-11 10:23:25,HO2403-C-2400,HO2403-C-2400,330.0,0.0,0.0,0.0,18,326.4,331.8,1,339.2,330.0,330.0,330.0,1.0,33000.0,72
2023-05-11 10:23:28,HO2403-C-2400,HO2403-C-2400,330.0,0.0,0.0,0.0,18,326.4,332.4,1,339.2,330.0,330.0,330.0,1.0,33000.0,72
2023-05-11 10:23:38,HO2403-C-2400,HO2403-C-2400,330.0,0.0,0.0,0.0,18,326.4,332.2,1,339.2,330.0,330.0,330.0,1.0,33000.0,72
2023-05-11 10:23:50,HO2403-C-2400,HO2403-C-2400,330.0,0.0,0.0,0.0,18,326.4,332.0,1,339.2,330.0,330.0,330.0,1.0,33000.0,72
2023-05-11 10:23:51,HO2403-C-2400,HO2403-C-2400,330.0,0.0,0.0,0.0,20,326.4,332.0,1,339.2,330.0,330.0,330.0,1.0,33000.0,72
2023-05-11 10:23:57,HO2403-C-2400,HO2403-C-2400,330.0,0.0,0.0,0.0,18,326.4,332.0,1,339.2,330.0,330.0,330.0,1.0,33000.0,72
2023-05-11 10:23:58,HO2403-C-2400,HO2403-C-2400,330.0,0.0,0.0,0.0,12,326.4,332.0,1,339.2,330.0,330.0,330.0,1.0,33000.0,72
2023-05-11 10:23:59,HO2403-C-2400,HO2403-C-2400,330.0,0.0,0.0,0.0,18,326.2,332.0,1,339.2,330.0,330.0,330.0,1.0,33000.0,72
2023-05-11 10:24:00,HO2403-C-2400,HO2403-C-2400,330.0,0.0,0.0,0.0,2,326.4,332.0,1,339.2,330.0,330.0,330.0,1.0,33000.0,72
2023-05-11 10:24:02,HO2403-C-2400,HO2403-C-2400,330.0,0.0,0.0,0.0,8,326.4,332.0,1,339.2,330.0,330.0,330.0,1.0,33000.0,72
2023-05-11 10:24:05,HO2403-C-2400,HO2403-C-2400,330.0,0.0,0.0,0.0,6,326.4,332.0,1,339.2,330.0,330.0,330.0,1.0,33000.0,72
2023-05-11 10:24:07,HO2403-C-2400,HO2403-C-2400,330.0,0.0,0.0,0.0,6,326.4,331.8,1,339.2,330.0,330.0,330.0,1.0,33000.0,72
2023-05-11 10:24:10,HO2403-C-2400,HO2403-C-2400,330.0,0.0,0.0,0.0,6,326.4,332.6,18,339.2,330.0,330.0,330.0,1.0,33000.0,72
2023-05-11 10:24:10,HO2403-C-2400,HO2403-C-2400,330.0,0.0,0.0,0.0,2,326.6,332.6,13,339.2,330.0,330.0,330.0,1.0,33000.0,72
2023-05-11 10:24:11,HO2403-C-2400,HO2403-C-2400,330.0,0.0,0.0,0.0,6,326.4,332.6,7,339.2,330.0,330.0,330.0,1.0,33000.0,72
2023-05-11 10:24:11,HO2403-C-2400,HO2403-C-2400,330.0,0.0,0.0,0.0,6,326.4,332.6,1,339.2,330.0,330.0,330.0,1.0,33000.0,72
2023-05-11 10:24:20,HO2403-C-2400,HO2403-C-2400,330.0,0.0,0.0,0.0,6,326.4,332.4,1,339.2,330.0,330.0,330.0,1.0,33000.0,72
2023-05-11 10:24:21,HO2403-C-2400,HO2403-C-2400,330.0,0.0,0.0,0.0,2,326.6,332.4,1,339.2,330.0,330.0,330.0,1.0,33000.0,72
2023-05-11 10:24:26,HO2403-C-2400,HO2403-C-2400,330.0,0.0,0.0,0.0,6,326.4,332.4,1,339.2,330.0,330.0,330.0,1.0,33000.0,72
2023-05-11 10:24:26,HO2403-C-2400,HO2403-C-2400,330.0,0.0,0.0,0.0,2,326.6,332.4,1,339.2,330.0,330.0,330.0,1.0,33000.0,72
2023-05-11 10:24:27,HO2403-C-2400,HO2403-C-2400,330.0,0.0,0.0,0.0,6,326.4,332.4,1,339.2,330.0,330.0,330.0,1.0,33000.0,72
2023-05-11 10:24:27,HO2403-C-2400,HO2403-C-2400,330.0,0.0,0.0,0.0,8,326.4,332.4,1,339.2,330.0,330.0,330.0,1.0,33000.0,72
2023-05-11 10:24:29,HO2403-C-2400,HO2403-C-2400,330.0,0.0,0.0,0.0,6,326.4,332.4,1,339.2,330.0,330.0,330.0,1.0,33000.0,72
2023-05-11 10:24:31,HO2403-C-2400,HO2403-C-2400,330.0,0.0,0.0,0.0,6,326.4,332.2,1,339.2,330.0,330.0,330.0,1.0,33000.0,72
2023-05-11 10:24:32,HO2403-C-2400,HO2403-C-2400,330.0,0.0,0.0,0.0,2,326.8,332.2,1,339.2,330.0,330.0,330.0,1.0,33000.0,72
2023-05-11 10:24:33,HO2403-C-2400,HO2403-C-2400,330.0,0.0,0.0,0.0,6,326.4,332.2,1,339.2,330.0,330.0,330.0,1.0,33000.0,72
2023-05-11 10:24:33,HO2403-C-2400,HO2403-C-2400,330.0,0.0,0.0,0.0,2,326.6,332.2,1,339.2,330.0,330.0,330.0,1.0,33000.0,72
2023-05-11 10:24:35,HO2403-C-2400,HO2403-C-2400,330.0,0.0,0.0,0.0,6,326.4,332.2,1,339.2,330.0,330.0,330.0,1.0,33000.0,72
2023-05-11 10:24:35,HO2403-C-2400,HO2403-C-2400,330.0,0.0,0.0,0.0,8,326.4,332.2,1,339.2,330.0,330.0,330.0,1.0,33000.0,72
2023-05-11 10:24:39,HO2403-C-2400,HO2403-C-2400,330.0,0.0,0.0,0.0,6,326.4,332.2,1,339.2,330.0,330.0,330.0,1.0,33000.0,72
2023-05-11 10:24:54,HO2403-C-2400,HO2403-C-2400,330.0,0.0,0.0,0.0,6,326.4,332.0,1,339.2,330.0,330.0,330.0,1.0,33000.0,72
2023-05-11 10:24:54,HO2403-C-2400,HO2403-C-2400,330.0,0.0,0.0,0.0,8,326.4,332.6,1,339.2,330.0,330.0,330.0,1.0,33000.0,72
2023-05-11 10:24:55,HO2403-C-2400,HO2403-C-2400,330.0,0.0,0.0,0.0,6,326.4,332.6,1,339.2,330.0,330.0,330.0,1.0,33000.0,72
2023-05-11 10:25:04,HO2403-C-2400,HO2403-C-2400,330.0,0.0,0.0,0.0,6,326.4,332.4,1,339.2,330.0,330.0,330.0,1.0,33000.0,72
2023-05-11 10:25:12,HO2403-C-2400,HO2403-C-2400,330.0,0.0,0.0,0.0,2,326.8,332.4,1,339.2,330.0,330.0,330.0,1.0,33000.0,72
2023-05-11 10:25:12,HO2403-C-2400,HO2403-C-2400,330.0,0.0,0.0,0.0,2,326.8,333.0,1,339.2,330.0,330.0,330.0,1.0,33000.0,72
2023-05-11 10:25:22,HO2403-C-2400,HO2403-C-2400,330.0,0.0,0.0,0.0,2,326.8,332.8,1,339.2,330.0,330.0,330.0,1.0,33000.0,72
2023-05-11 10:25:29,HO2403-C-2400,HO2403-C-2400,330.0,0.0,0.0,0.0,6,326.4,332.8,1,339.2,330.0,330.0,330.0,1.0,33000.0,72
2023-05-11 10:25:30,HO2403-C-2400,HO2403-C-2400,330.0,0.0,0.0,0.0,8,326.4,332.8,1,339.2,330.0,330.0,330.0,1.0,33000.0,72
2023-05-11 10:25:32,HO2403-C-2400,HO2403-C-2400,330.0,0.0,0.0,0.0,6,326.4,332.8,1,339.2,330.0,330.0,330.0,1.0,33000.0,72
2023-05-11 10:25:32,HO2403-C-2400,HO2403-C-2400,330.0,0.0,0.0,0.0,6,326.4,332.6,1,339.2,330.0,330.0,330.0,1.0,33000.0,72
2023-05-11 10:25:33,HO2403-C-2400,HO2403-C-2400,330.0,0.0,0.0,0.0,18,326.2,332.6,7,339.2,330.0,330.0,330.0,1.0,33000.0,72
2023-05-11 10:25:34,HO2403-C-2400,HO2403-C-2400,330.0,0.0,0.0,0.0,20,326.2,332.6,7,339.2,330.0,330.0,330.0,1.0,33000.0,72
2023-05-11 10:25:35,HO2403-C-2400,HO2403-C-2400,330.0,0.0,0.0,0.0,6,326.4,332.6,1,339.2,330.0,330.0,330.0,1.0,33000.0,72
2023-05-11 10:25:36,HO2403-C-2400,HO2403-C-2400,330.0,0.0,0.0,0.0,2,326.6,332.6,1,339.2,330.0,330.0,330.0,1.0,33000.0,72
2023-05-11 10:25:37,HO2403-C-2400,HO2403-C-2400,330.0,0.0,0.0,0.0,6,326.4,332.6,1,339.2,330.0,330.0,330.0,1.0,33000.0,72
2023-05-11 10:25:44,HO2403-C-2400,HO2403-C-2400,330.0,0.0,0.0,0.0,6,326.4,332.4,1,339.2,330.0,330.0,330.0,1.0,33000.0,72
2023-05-11 10:25:44,HO2403-C-2400,HO2403-C-2400,330.0,0.0,0.0,0.0,2,326.8,332.4,1,339.2,330.0,330.0,330.0,1.0,33000.0,72
2023-05-11 10:25:49,HO2403-C-2400,HO2403-C-2400,330.0,0.0,0.0,0.0,6,326.4,332.4,1,339.2,330.0,330.0,330.0,1.0,33000.0,72
2023-05-11 10:25:54,HO2403-C-2400,HO2403-C-2400,330.0,0.0,0.0,0.0,6,326.4,332.2,1,339.2,330.0,330.0,330.0,1.0,33000.0,72
2023-05-11 10:26:00,HO2403-C-2400,HO2403-C-2400,330.0,0.0,0.0,0.0,8,326.4,332.2,1,339.2,330.0,330.0,330.0,1.0,33000.0,72
2023-05-11 10:26:08,HO2403-C-2400,HO2403-C-2400,330.0,0.0,0.0,0.0,8,326.4,332.0,1,339.2,330.0,330.0,330.0,1.0,33000.0,72
2023-05-11 10:26:10,HO2403-C-2400,HO2403-C-2400,330.0,0.0,0.0,0.0,8,326.4,332.6,1,339.2,330.0,330.0,330.0,1.0,33000.0,72
2023-05-11 10:26:15,HO2403-C-2400,HO2403-C-2400,330.0,0.0,0.0,0.0,6,326.4,332.6,1,339.2,330.0,330.0,330.0,1.0,33000.0,72
2023-05-11 10:26:20,HO2403-C-2400,HO2403-C-2400,330.0,0.0,0.0,0.0,6,326.4,332.4,1,339.2,330.0,330.0,330.0,1.0,33000.0,72
2023-05-11 10:26:30,HO2403-C-2400,HO2403-C-2400,330.0,0.0,0.0,0.0,6,326.4,332.2,1,339.2,330.0,330.0,330.0,1.0,33000.0,72
2023-05-11 10:26:31,HO2403-C-2400,HO2403-C-2400,330.0,0.0,0.0,0.0,8,326.4,332.2,1,339.2,330.0,330.0,330.0,1.0,33000.0,72
2023-05-11 10:26:56,HO2403-C-2400,HO2403-C-2400,330.0,0.0,0.0,0.0,6,326.4,332.2,1,339.2,330.0,330.0,330.0,1.0,33000.0,72
2023-05-11 10:27:01,HO2403-C-2400,HO2403-C-2400,330.0,0.0,0.0,0.0,6,326.4,332.0,1,339.2,330.0,330.0,330.0,1.0,33000.0,72
2023-05-11 10:27:04,HO2403-C-2400,HO2403-C-2400,330.0,0.0,0.0,0.0,2,326.6,332.0,1,339.2,330.0,330.0,330.0,1.0,33000.0,72
2023-05-11 10:27:05,HO2403-C-2400,HO2403-C-2400,330.0,0.0,0.0,0.0,2,326.6,332.8,1,339.2,330.0,330.0,330.0,1.0,33000.0,72
2023-05-11 10:27:15,HO2403-C-2400,HO2403-C-2400,330.0,0.0,0.0,0.0,2,326.6,332.6,1,339.2,330.0,330.0,330.0,1.0,33000.0,72
2023-05-11 10:27:19,HO2403-C-2400,HO2403-C-2400,330.0,0.0,0.0,0.0,6,326.4,332.6,1,339.2,330.0,330.0,330.0,1.0,33000.0,72
2023-05-11 10:27:25,HO2403-C-2400,HO2403-C-2400,330.0,0.0,0.0,0.0,6,326.4,332.4,1,339.2,330.0,330.0,330.0,1.0,33000.0,72
2023-05-11 10:27:26,HO2403-C-2400,HO2403-C-2400,330.0,0.0,0.0,0.0,2,326.6,332.4,1,339.2,330.0,330.0,330.0,1.0,33000.0,72
2023-05-11 10:27:33,HO2403-C-2400,HO2403-C-2400,330.0,0.0,0.0,0.0,6,326.4,332.4,1,339.2,330.0,330.0,330.0,1.0,33000.0,72
2023-05-11 10:27:34,HO2403-C-2400,HO2403-C-2400,330.0,0.0,0.0,0.0,8,326.4,332.4,1,339.2,330.0,330.0,330.0,1.0,33000.0,72
2023-05-11 10:27:40,HO2403-C-2400,HO2403-C-2400,330.0,0.0,0.0,0.0,8,326.4,332.2,1,339.2,330.0,330.0,330.0,1.0,33000.0,72
2023-05-11 10:27:57,HO2403-C-2400,HO2403-C-2400,330.0,0.0,0.0,0.0,6,326.4,332.0,1,339.2,330.0,330.0,330.0,1.0,33000.0,72
2023-05-11 10:27:59,HO2403-C-2400,HO2403-C-2400,330.0,0.0,0.0,0.0,6,326.4,332.6,1,339.2,330.0,330.0,330.0,1.0,33000.0,72
2023-05-11 10:27:59,HO2403-C-2400,HO2403-C-2400,330.0,0.0,0.0,0.0,8,326.4,332.6,1,339.2,330.0,330.0,330.0,1.0,33000.0,72
2023-05-11 10:28:07,HO2403-C-2400,HO2403-C-2400,330.0,0.0,0.0,0.0,6,326.4,332.6,1,339.2,330.0,330.0,330.0,1.0,33000.0,72
2023-05-11 10:28:08,HO2403-C-2400,HO2403-C-2400,330.0,0.0,0.0,0.0,8,326.4,332.6,1,339.2,330.0,330.0,330.0,1.0,33000.0,72
2023-05-11 10:28:08,HO2403-C-2400,HO2403-C-2400,330.0,0.0,0.0,0.0,6,326.4,332.6,1,339.2,330.0,330.0,330.0,1.0,33000.0,72
2023-05-11 10:28:09,HO2403-C-2400,HO2403-C-2400,330.0,0.0,0.0,0.0,6,326.4,332.4,1,339.2,330.0,330.0,330.0,1.0,33000.0,72
2023-05-11 10:28:19,HO2403-C-2400,HO2403-C-2400,330.0,0.0,0.0,0.0,6,326.4,332.2,1,339.2,330.0,330.0,330.0,1.0,33000.0,72
2023-05-11 10:28:27,HO2403-C-2400,HO2403-C-2400,330.0,0.0,0.0,0.0,2,326.6,332.2,1,339.2,330.0,330.0,330.0,1.0,33000.0,72
2023-05-11 10:28:28,HO2403-C-2400,HO2403-C-2400,330.0,0.0,0.0,0.0,6,326.4,332.2,1,339.2,330.0,330.0,330.0,1.0,33000.0,72
2023-05-11 10:28:29,HO2403-C-2400,HO2403-C-2400,330.0,0.0,0.0,0.0,2,326.6,332.0,1,339.2,330.0,330.0,330.0,1.0,33000.0,72
2023-05-11 10:28:29,HO2403-C-2400,HO2403-C-2400,330.0,0.0,0.0,0.0,6,326.4,332.0,1,339.2,330.0,330.0,330.0,1.0,33000.0,72
2023-05-11 10:28:30,HO2403-C-2400,HO2403-C-2400,330.0,0.0,0.0,0.0,2,326.6,332.0,1,339.2,330.0,330.0,330.0,1.0,33000.0,72
2023-05-11 10:28:31,HO2403-C-2400,HO2403-C-2400,330.0,0.0,0.0,0.0,6,326.4,332.0,1,339.2,330.0,330.0,330.0,1.0,33000.0,72
2023-05-11 10:28:31,HO2403-C-2400,HO2403-C-2400,330.0,0.0,0.0,0.0,8,326.4,332.0,1,339.2,330.0,330.0,330.0,1.0,33000.0,72
2023-05-11 10:28:32,HO2403-C-2400,HO2403-C-2400,330.0,0.0,0.0,0.0,6,326.4,332.0,1,339.2,330.0,330.0,330.0,1.0,33000.0,72
2023-05-11 10:28:33,HO2403-C-2400,HO2403-C-2400,330.0,0.0,0.0,0.0,8,326.4,332.0,1,339.2,330.0,330.0,330.0,1.0,33000.0,72
2023-05-11 10:28:39,HO2403-C-2400,HO2403-C-2400,330.0,0.0,0.0,0.0,8,326.4,331.8,1,339.2,330.0,330.0,330.0,1.0,33000.0,72
2023-05-11 10:28:45,HO2403-C-2400,HO2403-C-2400,330.0,0.0,0.0,0.0,6,326.4,331.8,1,339.2,330.0,330.0,330.0,1.0,33000.0,72
2023-05-11 10:28:49,HO2403-C-2400,HO2403-C-2400,330.0,0.0,0.0,0.0,6,326.4,331.6,1,339.2,330.0,330.0,330.0,1.0,33000.0,72
2023-05-11 10:29:01,HO2403-C-2400,HO2403-C-2400,330.0,0.0,0.0,0.0,8,326.4,331.6,1,339.2,330.0,330.0,330.0,1.0,33000.0,72
2023-05-11 10:29:08,HO2403-C-2400,HO2403-C-2400,330.0,0.0,0.0,0.0,8,326.4,331.4,1,339.2,330.0,330.0,330.0,1.0,33000.0,72
2023-05-11 10:29:18,HO2403-C-2400,HO2403-C-2400,330.0,0.0,0.0,0.0,8,326.4,332.0,1,339.2,330.0,330.0,330.0,1.0,33000.0,72
2023-05-11 10:29:28,HO2403-C-2400,HO2403-C-2400,330.0,0.0,0.0,0.0,8,326.4,331.8,1,339.2,330.0,330.0,330.0,1.0,33000.0,72
2023-05-11 10:29:38,HO2403-C-2400,HO2403-C-2400,330.0,0.0,0.0,0.0,8,326.4,331.6,1,339.2,330.0,330.0,330.0,1.0,33000.0,72
2023-05-11 10:29:48,HO2403-C-2400,HO2403-C-2400,330.0,0.0,0.0,0.0,8,326.4,331.4,1,339.2,330.0,330.0,330.0,1.0,33000.0,72
2023-05-11 10:29:54,HO2403-C-2400,HO2403-C-2400,330.0,0.0,0.0,0.0,6,326.4,331.4,1,339.2,330.0,330.0,330.0,1.0,33000.0,72
2023-05-11 10:29:58,HO2403-C-2400,HO2403-C-2400,330.0,0.0,0.0,0.0,6,326.4,331.2,1,339.2,330.0,330.0,330.0,1.0,33000.0,72
2023-05-11 10:30:03,HO2403-C-2400,HO2403-C-2400,330.0,0.0,0.0,0.0,12,326.2,331.2,1,339.2,330.0,330.0,330.0,1.0,33000.0,72
2023-05-11 10:30:03,HO2403-C-2400,HO2403-C-2400,330.0,0.0,0.0,0.0,12,325.8,331.2,1,339.2,330.0,330.0,330.0,1.0,33000.0,72
2023-05-11 10:30:04,HO2403-C-2400,HO2403-C-2400,330.0,0.0,0.0,0.0,18,325.6,331.2,1,339.2,330.0,330.0,330.0,1.0,33000.0,72
2023-05-11 10:30:04,HO2403-C-2400,HO2403-C-2400,330.0,0.0,0.0,0.0,12,325.6,331.2,1,339.2,330.0,330.0,330.0,1.0,33000.0,72
2023-05-11 10:30:05,HO2403-C-2400,HO2403-C-2400,330.0,0.0,0.0,0.0,24,325.4,331.2,1,339.2,330.0,330.0,330.0,1.0,33000.0,72
2023-05-11 10:30:05,HO2403-C-2400,HO2403-C-2400,330.0,0.0,0.0,0.0,26,325.4,331.2,1,339.2,330.0,330.0,330.0,1.0,33000.0,72
2023-05-11 10:30:07,HO2403-C-2400,HO2403-C-2400,330.0,0.0,0.0,0.0,18,325.4,331.2,1,339.2,330.0,330.0,330.0,1.0,33000.0,72
2023-05-11 10:30:07,HO2403-C-2400,HO2403-C-2400,330.0,0.0,0.0,0.0,12,325.4,331.2,1,339.2,330.0,330.0,330.0,1.0,33000.0,72
2023-05-11 10:30:08,HO2403-C-2400,HO2403-C-2400,330.0,0.0,0.0,0.0,6,325.4,331.0,1,339.2,330.0,330.0,330.0,1.0,33000.0,72
2023-05-11 10:30:15,HO2403-C-2400,HO2403-C-2400,330.0,0.0,0.0,0.0,2,325.8,331.0,1,339.2,330.0,330.0,330.0,1.0,33000.0,72
2023-05-11 10:30:15,HO2403-C-2400,HO2403-C-2400,330.0,0.0,0.0,0.0,6,325.4,331.0,1,339.2,330.0,330.0,330.0,1.0,33000.0,72
2023-05-11 10:30:16,HO2403-C-2400,HO2403-C-2400,330.0,0.0,0.0,0.0,2,325.6,331.0,1,339.2,330.0,330.0,330.0,1.0,33000.0,72
2023-05-11 10:30:18,HO2403-C-2400,HO2403-C-2400,330.0,0.0,0.0,0.0,2,325.6,330.8,1,339.2,330.0,330.0,330.0,1.0,33000.0,72
2023-05-11 10:30:22,HO2403-C-2400,HO2403-C-2400,330.0,0.0,0.0,0.0,2,325.6,331.6,1,339.2,330.0,330.0,330.0,1.0,33000.0,72
2023-05-11 10:30:24,HO2403-C-2400,HO2403-C-2400,330.0,0.0,0.0,0.0,6,325.8,331.6,1,339.2,330.0,330.0,330.0,1.0,33000.0,72
2023-05-11 10:30:25,HO2403-C-2400,HO2403-C-2400,330.0,0.0,0.0,0.0,2,326.2,331.6,1,339.2,330.0,330.0,330.0,1.0,33000.0,72
2023-05-11 10:30:26,HO2403-C-2400,HO2403-C-2400,330.0,0.0,0.0,0.0,6,326.4,331.6,1,339.2,330.0,330.0,330.0,1.0,33000.0,72
2023-05-11 10:30:27,HO2403-C-2400,HO2403-C-2400,330.0,0.0,0.0,0.0,2,326.4,331.6,1,339.2,330.0,330.0,330.0,1.0,33000.0,72
2023-05-11 10:30:28,HO2403-C-2400,HO2403-C-2400,330.0,0.0,0.0,0.0,6,325.2,331.6,1,339.2,330.0,330.0,330.0,1.0,33000.0,72
2023-05-11 10:30:28,HO2403-C-2400,HO2403-C-2400,330.0,0.0,0.0,0.0,2,325.6,331.6,1,339.2,330.0,330.0,330.0,1.0,33000.0,72
2023-05-11 10:30:36,HO2403-C-2400,HO2403-C-2400,330.0,0.0,0.0,0.0,2,325.6,331.4,1,339.2,330.0,330.0,330.0,1.0,33000.0,72
2023-05-11 10:30:39,HO2403-C-2400,HO2403-C-2400,330.0,0.0,0.0,0.0,6,325.8,331.4,1,339.2,330.0,330.0,330.0,1.0,33000.0,72
2023-05-11 10:30:40,HO2403-C-2400,HO2403-C-2400,330.0,0.0,0.0,0.0,12,325.8,332.2,1,339.2,330.0,330.0,330.0,1.0,33000.0,72
2023-05-11 10:30:40,HO2403-C-2400,HO2403-C-2400,330.0,0.0,0.0,0.0,2,326.2,332.2,1,339.2,330.0,330.0,330.0,1.0,33000.0,72
2023-05-11 10:30:41,HO2403-C-2400,HO2403-C-2400,330.0,0.0,0.0,0.0,6,326.4,332.6,12,339.2,330.0,330.0,330.0,1.0,33000.0,72
2023-05-11 10:30:41,HO2403-C-2400,HO2403-C-2400,330.0,0.0,0.0,0.0,6,326.4,332.8,7,339.2,330.0,330.0,330.0,1.0,33000.0,72
2023-05-11 10:30:42,HO2403-C-2400,HO2403-C-2400,330.0,0.0,0.0,0.0,6,326.0,332.8,1,339.2,330.0,330.0,330.0,1.0,33000.0,72
2023-05-11 10:30:42,HO2403-C-2400,HO2403-C-2400,330.0,0.0,0.0,0.0,2,326.4,332.8,1,339.2,330.0,330.0,330.0,1.0,33000.0,72
2023-05-11 10:30:51,HO2403-C-2400,HO2403-C-2400,330.0,0.0,0.0,0.0,2,326.4,332.6,1,339.2,330.0,330.0,330.0,1.0,33000.0,72
2023-05-11 10:31:01,HO2403-C-2400,HO2403-C-2400,330.0,0.0,0.0,0.0,6,326.0,332.4,1,339.2,330.0,330.0,330.0,1.0,33000.0,72
2023-05-11 10:31:01,HO2403-C-2400,HO2403-C-2400,330.0,0.0,0.0,0.0,2,326.2,332.4,1,339.2,330.0,330.0,330.0,1.0,33000.0,72
2023-05-11 10:31:02,HO2403-C-2400,HO2403-C-2400,330.0,0.0,0.0,0.0,6,326.0,332.4,1,339.2,330.0,330.0,330.0,1.0,33000.0,72
2023-05-11 10:31:03,HO2403-C-2400,HO2403-C-2400,330.0,0.0,0.0,0.0,8,326.0,332.4,1,339.2,330.0,330.0,330.0,1.0,33000.0,72
2023-05-11 10:31:04,HO2403-C-2400,HO2403-C-2400,330.0,0.0,0.0,0.0,6,326.0,332.4,1,339.2,330.0,330.0,330.0,1.0,33000.0,72
2023-05-11 10:31:11,HO2403-C-2400,HO2403-C-2400,330.0,0.0,0.0,0.0,6,326.0,332.2,1,339.2,330.0,330.0,330.0,1.0,33000.0,72
2023-05-11 10:31:21,HO2403-C-2400,HO2403-C-2400,330.0,0.0,0.0,0.0,6,326.0,332.0,1,339.2,330.0,330.0,330.0,1.0,33000.0,72
2023-05-11 10:31:21,HO2403-C-2400,HO2403-C-2400,330.0,0.0,0.0,0.0,8,326.0,332.0,1,339.2,330.0,330.0,330.0,1.0,33000.0,72
2023-05-11 10:31:30,HO2403-C-2400,HO2403-C-2400,330.0,0.0,0.0,0.0,8,326.0,333.2,24,339.2,330.0,330.0,330.0,1.0,33000.0,72
2023-05-11 10:31:30,HO2403-C-2400,HO2403-C-2400,330.0,0.0,0.0,0.0,8,326.0,333.2,13,339.2,330.0,330.0,330.0,1.0,33000.0,72
2023-05-11 10:31:31,HO2403-C-2400,HO2403-C-2400,330.0,0.0,0.0,0.0,8,326.0,333.2,7,339.2,330.0,330.0,330.0,1.0,33000.0,72
2023-05-11 10:31:31,HO2403-C-2400,HO2403-C-2400,330.0,0.0,0.0,0.0,8,326.0,333.2,1,339.2,330.0,330.0,330.0,1.0,33000.0,72
2023-05-11 10:31:40,HO2403-C-2400,HO2403-C-2400,330.0,0.0,0.0,0.0,8,326.0,333.0,1,339.2,330.0,330.0,330.0,1.0,33000.0,72
2023-05-11 10:31:47,HO2403-C-2400,HO2403-C-2400,330.0,0.0,0.0,0.0,6,326.0,333.0,1,339.2,330.0,330.0,330.0,1.0,33000.0,72
2023-05-11 10:31:50,HO2403-C-2400,HO2403-C-2400,330.0,0.0,0.0,0.0,6,326.0,332.8,1,339.2,330.0,330.0,330.0,1.0,33000.0,72
2023-05-11 10:32:00,HO2403-C-2400,HO2403-C-2400,330.0,0.0,0.0,0.0,6,326.0,332.6,1,339.2,330.0,330.0,330.0,1.0,33000.0,72
2023-05-11 10:32:01,HO2403-C-2400,HO2403-C-2400,330.0,0.0,0.0,0.0,8,326.0,332.6,1,339.2,330.0,330.0,330.0,1.0,33000.0,72
2023-05-11 10:32:21,HO2403-C-2400,HO2403-C-2400,330.0,0.0,0.0,0.0,8,326.0,332.4,1,339.2,330.0,330.0,330.0,1.0,33000.0,72
2023-05-11 10:32:34,HO2403-C-2400,HO2403-C-2400,330.0,0.0,0.0,0.0,8,326.0,332.2,1,339.2,330.0,330.0,330.0,1.0,33000.0,72
2023-05-11 10:32:41,HO2403-C-2400,HO2403-C-2400,330.0,0.0,0.0,0.0,8,326.0,332.8,1,339.2,330.0,330.0,330.0,1.0,33000.0,72
2023-05-11 10:32:51,HO2403-C-2400,HO2403-C-2400,330.0,0.0,0.0,0.0,8,326.0,332.6,1,339.2,330.0,330.0,330.0,1.0,33000.0,72
2023-05-11 10:33:05,HO2403-C-2400,HO2403-C-2400,330.0,0.0,0.0,0.0,8,326.0,332.4,1,339.2,330.0,330.0,330.0,1.0,33000.0,72
2023-05-11 10:33:14,HO2403-C-2400,HO2403-C-2400,330.0,0.0,0.0,0.0,8,326.0,333.6,24,339.2,330.0,330.0,330.0,1.0,33000.0,72
2023-05-11 10:33:15,HO2403-C-2400,HO2403-C-2400,330.0,0.0,0.0,0.0,8,326.0,333.6,18,339.2,330.0,330.0,330.0,1.0,33000.0,72
2023-05-11 10:33:17,HO2403-C-2400,HO2403-C-2400,330.0,0.0,0.0,0.0,8,326.0,333.6,12,339.2,330.0,330.0,330.0,1.0,33000.0,72
2023-05-11 10:33:17,HO2403-C-2400,HO2403-C-2400,330.0,0.0,0.0,0.0,8,326.0,333.6,6,339.2,330.0,330.0,330.0,1.0,33000.0,72
2023-05-11 10:33:22,HO2403-C-2400,HO2403-C-2400,330.0,0.0,0.0,0.0,8,326.0,333.6,7,339.2,330.0,330.0,330.0,1.0,33000.0,72
2023-05-11 10:33:32,HO2403-C-2400,HO2403-C-2400,330.0,0.0,0.0,0.0,8,326.0,333.4,1,339.2,330.0,330.0,330.0,1.0,33000.0,72
2023-05-11 10:33:44,HO2403-C-2400,HO2403-C-2400,330.0,0.0,0.0,0.0,8,326.0,333.2,1,339.2,330.0,330.0,330.0,1.0,33000.0,72
2023-05-11 10:34:03,HO2403-C-2400,HO2403-C-2400,330.0,0.0,0.0,0.0,8,326.0,333.0,1,339.2,330.0,330.0,330.0,1.0,33000.0,72
2023-05-11 10:34:04,HO2403-C-2400,HO2403-C-2400,330.0,0.0,0.0,0.0,6,326.0,333.0,1,339.2,330.0,330.0,330.0,1.0,33000.0,72
2023-05-11 10:34:04,HO2403-C-2400,HO2403-C-2400,330.0,0.0,0.0,0.0,8,326.0,333.0,1,339.2,330.0,330.0,330.0,1.0,33000.0,72
2023-05-11 10:34:16,HO2403-C-2400,HO2403-C-2400,330.0,0.0,0.0,0.0,8,326.0,332.8,1,339.2,330.0,330.0,330.0,1.0,33000.0,72
2023-05-11 10:34:27,HO2403-C-2400,HO2403-C-2400,330.0,0.0,0.0,0.0,8,326.0,332.6,1,339.2,330.0,330.0,330.0,1.0,33000.0,72
2023-05-11 10:34:39,HO2403-C-2400,HO2403-C-2400,330.0,0.0,0.0,0.0,8,326.0,333.4,1,339.2,330.0,330.0,330.0,1.0,33000.0,72
2023-05-11 10:34:49,HO2403-C-2400,HO2403-C-2400,330.0,0.0,0.0,0.0,8,326.0,333.2,1,339.2,330.0,330.0,330.0,1.0,33000.0,72
2023-05-11 10:34:59,HO2403-C-2400,HO2403-C-2400,330.0,0.0,0.0,0.0,8,326.0,333.0,1,339.2,330.0,330.0,330.0,1.0,33000.0,72
2023-05-11 10:35:07,HO2403-C-2400,HO2403-C-2400,330.0,0.0,0.0,0.0,6,326.0,333.0,1,339.2,330.0,330.0,330.0,1.0,33000.0,72
2023-05-11 10:35:09,HO2403-C-2400,HO2403-C-2400,330.0,0.0,0.0,0.0,6,326.0,332.8,1,339.2,330.0,330.0,330.0,1.0,33000.0,72
2023-05-11 10:35:10,HO2403-C-2400,HO2403-C-2400,330.0,0.0,0.0,0.0,2,326.2,332.8,1,339.2,330.0,330.0,330.0,1.0,33000.0,72
2023-05-11 10:35:27,HO2403-C-2400,HO2403-C-2400,330.0,0.0,0.0,0.0,2,326.2,332.6,1,339.2,330.0,330.0,330.0,1.0,33000.0,72
2023-05-11 10:35:33,HO2403-C-2400,HO2403-C-2400,330.0,0.0,0.0,0.0,6,326.0,332.6,1,339.2,330.0,330.0,330.0,1.0,33000.0,72
2023-05-11 10:35:33,HO2403-C-2400,HO2403-C-2400,330.0,0.0,0.0,0.0,8,326.0,332.6,1,339.2,330.0,330.0,330.0,1.0,33000.0,72
2023-05-11 10:35:34,HO2403-C-2400,HO2403-C-2400,330.0,0.0,0.0,0.0,6,326.0,332.6,1,339.2,330.0,330.0,330.0,1.0,33000.0,72
2023-05-11 10:35:34,HO2403-C-2400,HO2403-C-2400,330.0,0.0,0.0,0.0,8,326.0,332.6,1,339.2,330.0,330.0,330.0,1.0,33000.0,72
2023-05-11 10:35:43,HO2403-C-2400,HO2403-C-2400,330.0,0.0,0.0,0.0,8,326.0,332.4,1,339.2,330.0,330.0,330.0,1.0,33000.0,72
2023-05-11 10:35:57,HO2403-C-2400,HO2403-C-2400,330.0,0.0,0.0,0.0,8,326.0,333.0,1,339.2,330.0,330.0,330.0,1.0,33000.0,72
2023-05-11 10:36:07,HO2403-C-2400,HO2403-C-2400,330.0,0.0,0.0,0.0,8,326.0,332.8,1,339.2,330.0,330.0,330.0,1.0,33000.0,72
2023-05-11 10:36:50,HO2403-C-2400,HO2403-C-2400,330.0,0.0,0.0,0.0,8,326.0,333.4,1,339.2,330.0,330.0,330.0,1.0,33000.0,72
2023-05-11 10:37:00,HO2403-C-2400,HO2403-C-2400,330.0,0.0,0.0,0.0,8,326.0,333.2,1,339.2,330.0,330.0,330.0,1.0,33000.0,72
2023-05-11 10:37:10,HO2403-C-2400,HO2403-C-2400,330.0,0.0,0.0,0.0,8,326.0,333.0,1,339.2,330.0,330.0,330.0,1.0,33000.0,72
2023-05-11 10:37:21,HO2403-C-2400,HO2403-C-2400,330.0,0.0,0.0,0.0,8,326.0,332.8,1,339.2,330.0,330.0,330.0,1.0,33000.0,72
2023-05-11 10:37:52,HO2403-C-2400,HO2403-C-2400,330.0,0.0,0.0,0.0,8,326.0,333.4,1,339.2,330.0,330.0,330.0,1.0,33000.0,72
2023-05-11 10:38:02,HO2403-C-2400,HO2403-C-2400,330.0,0.0,0.0,0.0,8,326.0,333.2,1,339.2,330.0,330.0,330.0,1.0,33000.0,72
2023-05-11 10:38:12,HO2403-C-2400,HO2403-C-2400,330.0,0.0,0.0,0.0,8,326.0,333.0,1,339.2,330.0,330.0,330.0,1.0,33000.0,72
2023-05-11 10:38:26,HO2403-C-2400,HO2403-C-2400,330.0,0.0,0.0,0.0,8,326.0,332.8,1,339.2,330.0,330.0,330.0,1.0,33000.0,72
2023-05-11 10:38:34,HO2403-C-2400,HO2403-C-2400,330.0,0.0,0.0,0.0,6,326.0,332.8,1,339.2,330.0,330.0,330.0,1.0,33000.0,72
2023-05-11 10:38:34,HO2403-C-2400,HO2403-C-2400,330.0,0.0,0.0,0.0,2,326.4,332.8,1,339.2,330.0,330.0,330.0,1.0,33000.0,72
2023-05-11 10:38:38,HO2403-C-2400,HO2403-C-2400,330.0,0.0,0.0,0.0,6,326.0,332.8,1,339.2,330.0,330.0,330.0,1.0,33000.0,72
2023-05-11 10:38:39,HO2403-C-2400,HO2403-C-2400,330.0,0.0,0.0,0.0,6,326.0,332.6,1,339.2,330.0,330.0,330.0,1.0,33000.0,72
2023-05-11 10:38:40,HO2403-C-2400,HO2403-C-2400,330.0,0.0,0.0,0.0,8,326.0,332.6,1,339.2,330.0,330.0,330.0,1.0,33000.0,72
2023-05-11 10:38:46,HO2403-C-2400,HO2403-C-2400,330.0,0.0,0.0,0.0,8,326.0,333.4,1,339.2,330.0,330.0,330.0,1.0,33000.0,72
2023-05-11 10:38:56,HO2403-C-2400,HO2403-C-2400,330.0,0.0,0.0,0.0,8,326.0,333.2,1,339.2,330.0,330.0,330.0,1.0,33000.0,72
2023-05-11 10:39:06,HO2403-C-2400,HO2403-C-2400,330.0,0.0,0.0,0.0,8,326.0,333.0,1,339.2,330.0,330.0,330.0,1.0,33000.0,72
2023-05-11 10:39:24,HO2403-C-2400,HO2403-C-2400,330.0,0.0,0.0,0.0,8,326.0,332.8,1,339.2,330.0,330.0,330.0,1.0,33000.0,72
2023-05-11 10:39:27,HO2403-C-2400,HO2403-C-2400,330.0,0.0,0.0,0.0,8,326.0,333.4,1,339.2,330.0,330.0,330.0,1.0,33000.0,72
2023-05-11 10:39:38,HO2403-C-2400,HO2403-C-2400,330.0,0.0,0.0,0.0,8,326.0,333.2,1,339.2,330.0,330.0,330.0,1.0,33000.0,72
2023-05-11 10:39:48,HO2403-C-2400,HO2403-C-2400,330.0,0.0,0.0,0.0,8,326.0,333.0,1,339.2,330.0,330.0,330.0,1.0,33000.0,72
2023-05-11 10:40:10,HO2403-C-2400,HO2403-C-2400,330.0,0.0,0.0,0.0,8,326.0,332.8,1,339.2,330.0,330.0,330.0,1.0,33000.0,72
2023-05-11 10:40:18,HO2403-C-2400,HO2403-C-2400,330.0,0.0,0.0,0.0,8,326.0,333.4,1,339.2,330.0,330.0,330.0,1.0,33000.0,72
2023-05-11 10:40:28,HO2403-C-2400,HO2403-C-2400,330.0,0.0,0.0,0.0,8,326.0,333.2,1,339.2,330.0,330.0,330.0,1.0,33000.0,72
2023-05-11 10:40:43,HO2403-C-2400,HO2403-C-2400,330.0,0.0,0.0,0.0,8,326.0,333.0,1,339.2,330.0,330.0,330.0,1.0,33000.0,72
2023-05-11 10:41:06,HO2403-C-2400,HO2403-C-2400,330.0,0.0,0.0,0.0,6,326.0,332.8,1,339.2,330.0,330.0,330.0,1.0,33000.0,72
2023-05-11 10:41:10,HO2403-C-2400,HO2403-C-2400,330.0,0.0,0.0,0.0,8,326.0,332.8,1,339.2,330.0,330.0,330.0,1.0,33000.0,72
2023-05-11 10:41:13,HO2403-C-2400,HO2403-C-2400,330.0,0.0,0.0,0.0,6,326.0,332.8,1,339.2,330.0,330.0,330.0,1.0,33000.0,72
2023-05-11 10:41:18,HO2403-C-2400,HO2403-C-2400,330.0,0.0,0.0,0.0,6,326.0,332.6,1,339.2,330.0,330.0,330.0,1.0,33000.0,72
2023-05-11 10:41:25,HO2403-C-2400,HO2403-C-2400,330.0,0.0,0.0,0.0,6,326.0,333.2,1,339.2,330.0,330.0,330.0,1.0,33000.0,72
2023-05-11 10:41:34,HO2403-C-2400,HO2403-C-2400,330.0,0.0,0.0,0.0,2,326.2,333.2,1,339.2,330.0,330.0,330.0,1.0,33000.0,72
2023-05-11 10:41:35,HO2403-C-2400,HO2403-C-2400,330.0,0.0,0.0,0.0,2,326.2,333.0,1,339.2,330.0,330.0,330.0,1.0,33000.0,72
2023-05-11 10:41:41,HO2403-C-2400,HO2403-C-2400,330.0,0.0,0.0,0.0,6,326.0,333.0,1,339.2,330.0,330.0,330.0,1.0,33000.0,72
2023-05-11 10:41:44,HO2403-C-2400,HO2403-C-2400,330.0,0.0,0.0,0.0,2,326.2,333.0,1,339.2,330.0,330.0,330.0,1.0,33000.0,72
2023-05-11 10:41:45,HO2403-C-2400,HO2403-C-2400,330.0,0.0,0.0,0.0,2,326.2,332.8,1,339.2,330.0,330.0,330.0,1.0,33000.0,72
2023-05-11 10:41:55,HO2403-C-2400,HO2403-C-2400,330.0,0.0,0.0,0.0,2,326.2,332.6,1,339.2,330.0,330.0,330.0,1.0,33000.0,72
2023-05-11 10:41:59,HO2403-C-2400,HO2403-C-2400,330.0,0.0,0.0,0.0,6,326.4,332.6,1,339.2,330.0,330.0,330.0,1.0,33000.0,72
2023-05-11 10:42:00,HO2403-C-2400,HO2403-C-2400,330.0,0.0,0.0,0.0,2,326.8,332.6,1,339.2,330.0,330.0,330.0,1.0,33000.0,72
2023-05-11 10:42:03,HO2403-C-2400,HO2403-C-2400,330.0,0.0,0.0,0.0,6,326.0,332.6,1,339.2,330.0,330.0,330.0,1.0,33000.0,72
2023-05-11 10:42:04,HO2403-C-2400,HO2403-C-2400,330.0,0.0,0.0,0.0,2,326.4,332.6,1,339.2,330.0,330.0,330.0,1.0,33000.0,72
2023-05-11 10:42:05,HO2403-C-2400,HO2403-C-2400,330.0,0.0,0.0,0.0,6,326.0,332.6,1,339.2,330.0,330.0,330.0,1.0,33000.0,72
2023-05-11 10:42:05,HO2403-C-2400,HO2403-C-2400,330.0,0.0,0.0,0.0,2,326.2,332.4,1,339.2,330.0,330.0,330.0,1.0,33000.0,72
2023-05-11 10:42:08,HO2403-C-2400,HO2403-C-2400,330.0,0.0,0.0,0.0,6,326.0,332.4,1,339.2,330.0,330.0,330.0,1.0,33000.0,72
2023-05-11 10:42:08,HO2403-C-2400,HO2403-C-2400,330.0,0.0,0.0,0.0,18,325.8,332.4,1,339.2,330.0,330.0,330.0,1.0,33000.0,72
2023-05-11 10:42:09,HO2403-C-2400,HO2403-C-2400,330.0,0.0,0.0,0.0,2,326.0,332.4,1,339.2,330.0,330.0,330.0,1.0,33000.0,72
2023-05-11 10:42:28,HO2403-C-2400,HO2403-C-2400,330.0,0.0,0.0,0.0,2,326.0,332.2,1,339.2,330.0,330.0,330.0,1.0,33000.0,72
2023-05-11 10:42:33,HO2403-C-2400,HO2403-C-2400,330.0,0.0,0.0,0.0,6,326.2,332.2,1,339.2,330.0,330.0,330.0,1.0,33000.0,72
2023-05-11 10:42:34,HO2403-C-2400,HO2403-C-2400,330.0,0.0,0.0,0.0,6,326.2,332.8,1,339.2,330.0,330.0,330.0,1.0,33000.0,72
2023-05-11 10:42:34,HO2403-C-2400,HO2403-C-2400,330.0,0.0,0.0,0.0,2,326.6,332.8,1,339.2,330.0,330.0,330.0,1.0,33000.0,72
2023-05-11 10:42:37,HO2403-C-2400,HO2403-C-2400,330.0,0.0,0.0,0.0,6,326.2,332.8,1,339.2,330.0,330.0,330.0,1.0,33000.0,72
2023-05-11 10:42:37,HO2403-C-2400,HO2403-C-2400,330.0,0.0,0.0,0.0,2,326.6,332.8,1,339.2,330.0,330.0,330.0,1.0,33000.0,72
2023-05-11 10:42:39,HO2403-C-2400,HO2403-C-2400,330.0,0.0,0.0,0.0,6,326.2,332.8,1,339.2,330.0,330.0,330.0,1.0,33000.0,72
2023-05-11 10:42:44,HO2403-C-2400,HO2403-C-2400,330.0,0.0,0.0,0.0,6,326.2,332.6,1,339.2,330.0,330.0,330.0,1.0,33000.0,72
2023-05-11 10:42:44,HO2403-C-2400,HO2403-C-2400,330.0,0.0,0.0,0.0,2,326.4,332.6,1,339.2,330.0,330.0,330.0,1.0,33000.0,72
2023-05-11 10:42:54,HO2403-C-2400,HO2403-C-2400,330.0,0.0,0.0,0.0,2,326.4,332.4,1,339.2,330.0,330.0,330.0,1.0,33000.0,72
2023-05-11 10:42:55,HO2403-C-2400,HO2403-C-2400,330.0,0.0,0.0,0.0,6,326.2,332.4,1,339.2,330.0,330.0,330.0,1.0,33000.0,72
2023-05-11 10:42:55,HO2403-C-2400,HO2403-C-2400,330.0,0.0,0.0,0.0,2,326.4,332.4,1,339.2,330.0,330.0,330.0,1.0,33000.0,72
2023-05-11 10:42:59,HO2403-C-2400,HO2403-C-2400,330.0,0.0,0.0,0.0,6,326.2,332.4,1,339.2,330.0,330.0,330.0,1.0,33000.0,72
2023-05-11 10:43:00,HO2403-C-2400,HO2403-C-2400,330.0,0.0,0.0,0.0,8,326.2,332.4,1,339.2,330.0,330.0,330.0,1.0,33000.0,72
2023-05-11 10:43:00,HO2403-C-2400,HO2403-C-2400,330.0,0.0,0.0,0.0,6,326.2,332.4,1,339.2,330.0,330.0,330.0,1.0,33000.0,72
2023-05-11 10:43:04,HO2403-C-2400,HO2403-C-2400,330.0,0.0,0.0,0.0,6,326.2,332.2,1,339.2,330.0,330.0,330.0,1.0,33000.0,72
2023-05-11 10:43:14,HO2403-C-2400,HO2403-C-2400,330.0,0.0,0.0,0.0,6,326.2,332.0,1,339.2,330.0,330.0,330.0,1.0,33000.0,72
2023-05-11 10:43:30,HO2403-C-2400,HO2403-C-2400,330.0,0.0,0.0,0.0,6,326.2,331.8,1,339.2,330.0,330.0,330.0,1.0,33000.0,72
2023-05-11 10:43:31,HO2403-C-2400,HO2403-C-2400,330.0,0.0,0.0,0.0,2,326.4,331.8,1,339.2,330.0,330.0,330.0,1.0,33000.0,72
2023-05-11 10:43:44,HO2403-C-2400,HO2403-C-2400,330.0,0.0,0.0,0.0,2,326.4,332.4,1,339.2,330.0,330.0,330.0,1.0,33000.0,72
2023-05-11 10:43:54,HO2403-C-2400,HO2403-C-2400,330.0,0.0,0.0,0.0,2,326.4,332.2,1,339.2,330.0,330.0,330.0,1.0,33000.0,72
2023-05-11 10:44:08,HO2403-C-2400,HO2403-C-2400,330.0,0.0,0.0,0.0,2,326.4,332.0,1,339.2,330.0,330.0,330.0,1.0,33000.0,72
2023-05-11 10:44:23,HO2403-C-2400,HO2403-C-2400,330.0,0.0,0.0,0.0,6,326.2,332.0,1,339.2,330.0,330.0,330.0,1.0,33000.0,72
2023-05-11 10:44:23,HO2403-C-2400,HO2403-C-2400,330.0,0.0,0.0,0.0,6,326.2,331.8,1,339.2,330.0,330.0,330.0,1.0,33000.0,72
2023-05-11 10:44:57,HO2403-C-2400,HO2403-C-2400,330.0,0.0,0.0,0.0,6,326.2,332.4,1,339.2,330.0,330.0,330.0,1.0,33000.0,72
2023-05-11 10:44:57,HO2403-C-2400,HO2403-C-2400,330.0,0.0,0.0,0.0,2,326.6,332.4,1,339.2,330.0,330.0,330.0,1.0,33000.0,72
2023-05-11 10:45:02,HO2403-C-2400,HO2403-C-2400,330.0,0.0,0.0,0.0,6,326.2,332.4,1,339.2,330.0,330.0,330.0,1.0,33000.0,72
2023-05-11 10:45:03,HO2403-C-2400,HO2403-C-2400,330.0,0.0,0.0,0.0,8,326.2,332.4,1,339.2,330.0,330.0,330.0,1.0,33000.0,72
2023-05-11 10:45:07,HO2403-C-2400,HO2403-C-2400,330.0,0.0,0.0,0.0,8,326.2,332.2,1,339.2,330.0,330.0,330.0,1.0,33000.0,72
2023-05-11 10:45:21,HO2403-C-2400,HO2403-C-2400,330.0,0.0,0.0,0.0,8,326.2,332.0,1,339.2,330.0,330.0,330.0,1.0,33000.0,72
2023-05-11 10:45:22,HO2403-C-2400,HO2403-C-2400,330.0,0.0,0.0,0.0,6,326.2,332.0,1,339.2,330.0,330.0,330.0,1.0,33000.0,72
2023-05-11 10:45:31,HO2403-C-2400,HO2403-C-2400,330.0,0.0,0.0,0.0,6,326.2,331.8,1,339.2,330.0,330.0,330.0,1.0,33000.0,72
2023-05-11 10:45:32,HO2403-C-2400,HO2403-C-2400,330.0,0.0,0.0,0.0,2,326.6,331.8,1,339.2,330.0,330.0,330.0,1.0,33000.0,72
2023-05-11 10:45:45,HO2403-C-2400,HO2403-C-2400,330.0,0.0,0.0,0.0,6,326.2,331.8,1,339.2,330.0,330.0,330.0,1.0,33000.0,72
2023-05-11 10:45:46,HO2403-C-2400,HO2403-C-2400,330.0,0.0,0.0,0.0,2,326.4,331.8,1,339.2,330.0,330.0,330.0,1.0,33000.0,72
2023-05-11 10:45:52,HO2403-C-2400,HO2403-C-2400,330.0,0.0,0.0,0.0,2,326.4,332.6,1,339.2,330.0,330.0,330.0,1.0,33000.0,72
2023-05-11 10:46:03,HO2403-C-2400,HO2403-C-2400,330.0,0.0,0.0,0.0,2,326.4,332.4,1,339.2,330.0,330.0,330.0,1.0,33000.0,72
2023-05-11 10:46:13,HO2403-C-2400,HO2403-C-2400,330.0,0.0,0.0,0.0,6,326.2,332.2,1,339.2,330.0,330.0,330.0,1.0,33000.0,72
2023-05-11 10:46:13,HO2403-C-2400,HO2403-C-2400,330.0,0.0,0.0,0.0,8,326.2,332.2,1,339.2,330.0,330.0,330.0,1.0,33000.0,72
2023-05-11 10:47:01,HO2403-C-2400,HO2403-C-2400,330.0,0.0,0.0,0.0,6,326.2,332.2,1,339.2,330.0,330.0,330.0,1.0,33000.0,72
2023-05-11 10:47:12,HO2403-C-2400,HO2403-C-2400,330.0,0.0,0.0,0.0,6,326.2,333.0,1,339.2,330.0,330.0,330.0,1.0,33000.0,72
2023-05-11 10:47:13,HO2403-C-2400,HO2403-C-2400,330.0,0.0,0.0,0.0,2,326.4,333.0,1,339.2,330.0,330.0,330.0,1.0,33000.0,72
2023-05-11 10:47:15,HO2403-C-2400,HO2403-C-2400,330.0,0.0,0.0,0.0,6,326.2,333.0,1,339.2,330.0,330.0,330.0,1.0,33000.0,72
2023-05-11 10:47:16,HO2403-C-2400,HO2403-C-2400,330.0,0.0,0.0,0.0,2,326.4,333.0,1,339.2,330.0,330.0,330.0,1.0,33000.0,72
2023-05-11 10:47:22,HO2403-C-2400,HO2403-C-2400,330.0,0.0,0.0,0.0,2,326.4,332.8,1,339.2,330.0,330.0,330.0,1.0,33000.0,72
2023-05-11 10:47:24,HO2403-C-2400,HO2403-C-2400,330.0,0.0,0.0,0.0,6,326.2,332.8,1,339.2,330.0,330.0,330.0,1.0,33000.0,72
2023-05-11 10:47:32,HO2403-C-2400,HO2403-C-2400,330.0,0.0,0.0,0.0,6,326.2,332.6,1,339.2,330.0,330.0,330.0,1.0,33000.0,72
2023-05-11 10:47:33,HO2403-C-2400,HO2403-C-2400,330.0,0.0,0.0,0.0,2,326.6,332.6,1,339.2,330.0,330.0,330.0,1.0,33000.0,72
2023-05-11 10:47:34,HO2403-C-2400,HO2403-C-2400,330.0,0.0,0.0,0.0,6,326.2,332.6,1,339.2,330.0,330.0,330.0,1.0,33000.0,72
2023-05-11 10:47:34,HO2403-C-2400,HO2403-C-2400,330.0,0.0,0.0,0.0,2,326.4,332.6,1,339.2,330.0,330.0,330.0,1.0,33000.0,72
2023-05-11 10:47:35,HO2403-C-2400,HO2403-C-2400,330.0,0.0,0.0,0.0,6,326.2,332.6,1,339.2,330.0,330.0,330.0,1.0,33000.0,72
2023-05-11 10:47:43,HO2403-C-2400,HO2403-C-2400,330.0,0.0,0.0,0.0,6,326.2,332.4,1,339.2,330.0,330.0,330.0,1.0,33000.0,72
2023-05-11 10:47:53,HO2403-C-2400,HO2403-C-2400,330.0,0.0,0.0,0.0,6,326.2,332.2,1,339.2,330.0,330.0,330.0,1.0,33000.0,72
2023-05-11 10:48:03,HO2403-C-2400,HO2403-C-2400,330.0,0.0,0.0,0.0,2,326.6,332.2,1,339.2,330.0,330.0,330.0,1.0,33000.0,72
2023-05-11 10:48:03,HO2403-C-2400,HO2403-C-2400,330.0,0.0,0.0,0.0,2,326.6,332.0,1,339.2,330.0,330.0,330.0,1.0,33000.0,72
2023-05-11 10:48:22,HO2403-C-2400,HO2403-C-2400,330.0,0.0,0.0,0.0,6,326.2,332.0,1,339.2,330.0,330.0,330.0,1.0,33000.0,72
2023-05-11 10:48:28,HO2403-C-2400,HO2403-C-2400,330.0,0.0,0.0,0.0,6,326.2,331.8,1,339.2,330.0,330.0,330.0,1.0,33000.0,72
2023-05-11 10:48:56,HO2403-C-2400,HO2403-C-2400,330.0,0.0,0.0,0.0,6,326.2,331.6,1,339.2,330.0,330.0,330.0,1.0,33000.0,72
2023-05-11 10:48:56,HO2403-C-2400,HO2403-C-2400,330.0,0.0,0.0,0.0,2,326.4,332.2,1,339.2,330.0,330.0,330.0,1.0,33000.0,72
2023-05-11 10:49:03,HO2403-C-2400,HO2403-C-2400,330.0,0.0,0.0,0.0,6,326.2,332.2,1,339.2,330.0,330.0,330.0,1.0,33000.0,72
2023-05-11 10:49:06,HO2403-C-2400,HO2403-C-2400,330.0,0.0,0.0,0.0,6,326.2,332.0,1,339.2,330.0,330.0,330.0,1.0,33000.0,72
2023-05-11 10:49:07,HO2403-C-2400,HO2403-C-2400,330.0,0.0,0.0,0.0,8,326.2,332.0,1,339.2,330.0,330.0,330.0,1.0,33000.0,72
2023-05-11 10:49:08,HO2403-C-2400,HO2403-C-2400,330.0,0.0,0.0,0.0,6,326.2,332.0,1,339.2,330.0,330.0,330.0,1.0,33000.0,72
2023-05-11 10:49:17,HO2403-C-2400,HO2403-C-2400,330.0,0.0,0.0,0.0,6,326.2,331.8,1,339.2,330.0,330.0,330.0,1.0,33000.0,72
2023-05-11 10:49:17,HO2403-C-2400,HO2403-C-2400,330.0,0.0,0.0,0.0,2,326.4,331.8,1,339.2,330.0,330.0,330.0,1.0,33000.0,72
2023-05-11 10:49:46,HO2403-C-2400,HO2403-C-2400,330.0,0.0,0.0,0.0,2,326.4,332.4,1,339.2,330.0,330.0,330.0,1.0,33000.0,72
2023-05-11 10:49:56,HO2403-C-2400,HO2403-C-2400,330.0,0.0,0.0,0.0,2,326.4,332.2,1,339.2,330.0,330.0,330.0,1.0,33000.0,72
2023-05-11 10:50:01,HO2403-C-2400,HO2403-C-2400,330.0,0.0,0.0,0.0,6,326.2,332.2,1,339.2,330.0,330.0,330.0,1.0,33000.0,72
2023-05-11 10:50:02,HO2403-C-2400,HO2403-C-2400,330.0,0.0,0.0,0.0,8,326.2,332.2,1,339.2,330.0,330.0,330.0,1.0,33000.0,72
2023-05-11 10:50:06,HO2403-C-2400,HO2403-C-2400,330.0,0.0,0.0,0.0,8,326.2,332.0,1,339.2,330.0,330.0,330.0,1.0,33000.0,72
2023-05-11 10:50:08,HO2403-C-2400,HO2403-C-2400,330.0,0.0,0.0,0.0,6,326.2,332.0,1,339.2,330.0,330.0,330.0,1.0,33000.0,72
2023-05-11 10:50:09,HO2403-C-2400,HO2403-C-2400,330.0,0.0,0.0,0.0,6,325.8,332.0,1,339.2,330.0,330.0,330.0,1.0,33000.0,72
2023-05-11 10:50:09,HO2403-C-2400,HO2403-C-2400,330.0,0.0,0.0,0.0,24,325.6,332.0,1,339.2,330.0,330.0,330.0,1.0,33000.0,72
2023-05-11 10:50:10,HO2403-C-2400,HO2403-C-2400,330.0,0.0,0.0,0.0,14,325.6,332.0,1,339.2,330.0,330.0,330.0,1.0,33000.0,72
2023-05-11 10:50:16,HO2403-C-2400,HO2403-C-2400,330.0,0.0,0.0,0.0,14,325.6,331.8,1,339.2,330.0,330.0,330.0,1.0,33000.0,72
2023-05-11 10:50:26,HO2403-C-2400,HO2403-C-2400,330.0,0.0,0.0,0.0,14,325.6,331.6,1,339.2,330.0,330.0,330.0,1.0,33000.0,72
2023-05-11 10:50:55,HO2403-C-2400,HO2403-C-2400,330.0,0.0,0.0,0.0,14,325.6,332.2,1,339.2,330.0,330.0,330.0,1.0,33000.0,72
2023-05-11 10:51:38,HO2403-C-2400,HO2403-C-2400,330.0,0.0,0.0,0.0,14,325.6,332.0,1,339.2,330.0,330.0,330.0,1.0,33000.0,72
2023-05-11 10:52:12,HO2403-C-2400,HO2403-C-2400,330.0,0.0,0.0,0.0,14,325.6,332.6,25,339.2,330.0,330.0,330.0,1.0,33000.0,72
2023-05-11 10:52:12,HO2403-C-2400,HO2403-C-2400,330.0,0.0,0.0,0.0,20,325.6,332.6,25,339.2,330.0,330.0,330.0,1.0,33000.0,72
2023-05-11 10:52:22,HO2403-C-2400,HO2403-C-2400,330.0,0.0,0.0,0.0,20,325.6,332.4,1,339.2,330.0,330.0,330.0,1.0,33000.0,72
2023-05-11 10:52:26,HO2403-C-2400,HO2403-C-2400,330.0,0.0,0.0,0.0,6,325.8,332.4,1,339.2,330.0,330.0,330.0,1.0,33000.0,72
2023-05-11 10:52:28,HO2403-C-2400,HO2403-C-2400,330.0,0.0,0.0,0.0,2,326.2,332.4,1,339.2,330.0,330.0,330.0,1.0,33000.0,72
2023-05-11 10:52:44,HO2403-C-2400,HO2403-C-2400,330.0,0.0,0.0,0.0,2,326.2,332.6,18,339.2,330.0,330.0,330.0,1.0,33000.0,72
2023-05-11 10:52:45,HO2403-C-2400,HO2403-C-2400,330.0,0.0,0.0,0.0,2,326.2,332.6,12,339.2,330.0,330.0,330.0,1.0,33000.0,72
2023-05-11 10:52:45,HO2403-C-2400,HO2403-C-2400,330.0,0.0,0.0,0.0,2,326.2,332.6,6,339.2,330.0,330.0,330.0,1.0,33000.0,72
