time,symbol_id,symbol_name,last,trade_volume,trade_amount,open_interest_change,bv1,bp1,ap1,av1,yesterday_close,today_open,today_high,today_low,volume,amount,open_interest
2023-05-11 09:29:00,HO2403-C-3100,HO2403-C-3100,40.2,0.0,0.0,0.0,1,33.6,48.2,1,40.2,41.4,0.0,0.0,0.0,0.0,150
2023-05-11 09:30:00,HO2403-C-3100,HO2403-C-3100,40.2,0.0,0.0,0.0,1,34.6,47.8,1,40.2,41.4,0.0,0.0,0.0,0.0,150
2023-05-11 09:30:01,HO2403-C-3100,HO2403-C-3100,40.2,0.0,0.0,0.0,1,34.6,45.4,1,40.2,41.4,0.0,0.0,0.0,0.0,150
2023-05-11 09:30:05,HO2403-C-3100,HO2403-C-3100,40.2,0.0,0.0,0.0,1,34.6,43.0,1,40.2,41.4,0.0,0.0,0.0,0.0,150
2023-05-11 09:30:06,HO2403-C-3100,HO2403-C-3100,40.2,0.0,0.0,0.0,1,34.8,43.0,1,40.2,41.4,0.0,0.0,0.0,0.0,150
2023-05-11 09:30:06,HO2403-C-3100,HO2403-C-3100,40.2,0.0,0.0,0.0,1,39.4,43.0,1,40.2,41.4,0.0,0.0,0.0,0.0,150
2023-05-11 09:30:22,HO2403-C-3100,HO2403-C-3100,40.2,0.0,0.0,0.0,7,39.4,43.0,1,40.2,41.4,0.0,0.0,0.0,0.0,150
2023-05-11 09:30:25,HO2403-C-3100,HO2403-C-3100,40.2,0.0,0.0,0.0,7,39.4,43.0,2,40.2,41.4,0.0,0.0,0.0,0.0,150
2023-05-11 09:30:25,HO2403-C-3100,HO2403-C-3100,40.2,0.0,0.0,0.0,6,39.4,43.0,2,40.2,41.4,0.0,0.0,0.0,0.0,150
2023-05-11 09:30:26,HO2403-C-3100,HO2403-C-3100,40.2,0.0,0.0,0.0,6,39.4,41.6,6,40.2,41.4,0.0,0.0,0.0,0.0,150
2023-05-11 09:30:26,HO2403-C-3100,HO2403-C-3100,40.2,0.0,0.0,0.0,6,39.4,42.6,6,40.2,41.4,0.0,0.0,0.0,0.0,150
2023-05-11 09:30:28,HO2403-C-3100,HO2403-C-3100,40.2,0.0,0.0,0.0,6,39.4,41.6,6,40.2,41.4,0.0,0.0,0.0,0.0,150
2023-05-11 09:30:29,HO2403-C-3100,HO2403-C-3100,40.2,0.0,0.0,0.0,6,39.4,42.6,6,40.2,41.4,0.0,0.0,0.0,0.0,150
2023-05-11 09:30:30,HO2403-C-3100,HO2403-C-3100,40.2,0.0,0.0,0.0,6,39.4,41.8,6,40.2,41.4,0.0,0.0,0.0,0.0,150
2023-05-11 09:30:30,HO2403-C-3100,HO2403-C-3100,40.2,0.0,0.0,0.0,6,39.4,42.6,6,40.2,41.4,0.0,0.0,0.0,0.0,150
2023-05-11 09:30:31,HO2403-C-3100,HO2403-C-3100,40.2,0.0,0.0,0.0,6,39.4,41.6,6,40.2,41.4,0.0,0.0,0.0,0.0,150
2023-05-11 09:30:32,HO2403-C-3100,HO2403-C-3100,40.2,0.0,0.0,0.0,6,39.4,42.6,12,40.2,41.4,0.0,0.0,0.0,0.0,150
2023-05-11 09:30:32,HO2403-C-3100,HO2403-C-3100,40.2,0.0,0.0,0.0,6,39.4,41.6,6,40.2,41.4,0.0,0.0,0.0,0.0,150
2023-05-11 09:30:33,HO2403-C-3100,HO2403-C-3100,40.2,0.0,0.0,0.0,6,39.4,42.6,12,40.2,41.4,0.0,0.0,0.0,0.0,150
2023-05-11 09:30:33,HO2403-C-3100,HO2403-C-3100,40.2,0.0,0.0,0.0,6,39.4,41.6,6,40.2,41.4,0.0,0.0,0.0,0.0,150
2023-05-11 09:30:36,HO2403-C-3100,HO2403-C-3100,40.2,0.0,0.0,0.0,6,39.4,41.4,6,40.2,41.4,0.0,0.0,0.0,0.0,150
2023-05-11 09:31:47,HO2403-C-3100,HO2403-C-3100,40.2,0.0,0.0,0.0,7,39.4,41.4,6,40.2,41.4,0.0,0.0,0.0,0.0,150
2023-05-11 09:31:49,HO2403-C-3100,HO2403-C-3100,40.2,0.0,0.0,0.0,6,39.4,41.4,6,40.2,41.4,0.0,0.0,0.0,0.0,150
2023-05-11 09:32:01,HO2403-C-3100,HO2403-C-3100,40.2,0.0,0.0,0.0,7,39.4,41.4,6,40.2,41.4,0.0,0.0,0.0,0.0,150
2023-05-11 09:32:19,HO2403-C-3100,HO2403-C-3100,40.2,0.0,0.0,0.0,1,39.6,41.4,6,40.2,41.4,0.0,0.0,0.0,0.0,150
2023-05-11 09:32:49,HO2403-C-3100,HO2403-C-3100,40.2,0.0,0.0,0.0,1,39.6,41.4,7,40.2,41.4,0.0,0.0,0.0,0.0,150
2023-05-11 09:32:56,HO2403-C-3100,HO2403-C-3100,40.2,0.0,0.0,0.0,1,39.6,41.4,6,40.2,41.4,0.0,0.0,0.0,0.0,150
2023-05-11 09:34:06,HO2403-C-3100,HO2403-C-3100,40.2,0.0,0.0,0.0,1,39.6,41.4,7,40.2,41.4,0.0,0.0,0.0,0.0,150
2023-05-11 09:34:33,HO2403-C-3100,HO2403-C-3100,40.2,0.0,0.0,0.0,1,39.6,41.4,13,40.2,41.4,0.0,0.0,0.0,0.0,150
2023-05-11 09:34:35,HO2403-C-3100,HO2403-C-3100,40.2,0.0,0.0,0.0,1,39.6,41.2,1,40.2,41.4,0.0,0.0,0.0,0.0,150
2023-05-11 09:34:38,HO2403-C-3100,HO2403-C-3100,40.2,0.0,0.0,0.0,6,39.4,41.2,1,40.2,41.4,0.0,0.0,0.0,0.0,150
2023-05-11 09:34:44,HO2403-C-3100,HO2403-C-3100,40.2,0.0,0.0,0.0,6,39.4,41.4,18,40.2,41.4,0.0,0.0,0.0,0.0,150
2023-05-11 09:34:48,HO2403-C-3100,HO2403-C-3100,41.4,1.0,4140.0,-1.0,6,39.4,41.4,17,40.2,41.4,41.4,41.4,1.0,4140.0,149
2023-05-11 09:34:49,HO2403-C-3100,HO2403-C-3100,41.4,0.0,0.0,0.0,7,39.4,41.4,17,40.2,41.4,41.4,41.4,1.0,4140.0,149
2023-05-11 09:35:07,HO2403-C-3100,HO2403-C-3100,41.4,0.0,0.0,0.0,6,39.4,41.4,17,40.2,41.4,41.4,41.4,1.0,4140.0,149
2023-05-11 09:35:12,HO2403-C-3100,HO2403-C-3100,41.4,0.0,0.0,0.0,6,39.4,41.4,11,40.2,41.4,41.4,41.4,1.0,4140.0,149
2023-05-11 09:35:18,HO2403-C-3100,HO2403-C-3100,41.4,0.0,0.0,0.0,1,39.8,41.4,11,40.2,41.4,41.4,41.4,1.0,4140.0,149
2023-05-11 09:35:22,HO2403-C-3100,HO2403-C-3100,41.4,0.0,0.0,0.0,1,39.8,41.4,17,40.2,41.4,41.4,41.4,1.0,4140.0,149
2023-05-11 09:35:27,HO2403-C-3100,HO2403-C-3100,41.4,0.0,0.0,0.0,1,39.8,41.4,11,40.2,41.4,41.4,41.4,1.0,4140.0,149
2023-05-11 09:35:28,HO2403-C-3100,HO2403-C-3100,41.4,0.0,0.0,0.0,1,39.8,41.4,5,40.2,41.4,41.4,41.4,1.0,4140.0,149
2023-05-11 09:35:45,HO2403-C-3100,HO2403-C-3100,41.4,0.0,0.0,0.0,1,39.8,41.4,6,40.2,41.4,41.4,41.4,1.0,4140.0,149
2023-05-11 09:35:55,HO2403-C-3100,HO2403-C-3100,41.4,0.0,0.0,0.0,1,39.8,41.2,1,40.2,41.4,41.4,41.4,1.0,4140.0,149
2023-05-11 09:36:12,HO2403-C-3100,HO2403-C-3100,41.4,0.0,0.0,0.0,1,39.8,41.0,1,40.2,41.4,41.4,41.4,1.0,4140.0,149
2023-05-11 09:36:16,HO2403-C-3100,HO2403-C-3100,41.4,0.0,0.0,0.0,1,39.8,41.4,6,40.2,41.4,41.4,41.4,1.0,4140.0,149
2023-05-11 09:36:17,HO2403-C-3100,HO2403-C-3100,41.4,0.0,0.0,0.0,6,39.4,41.4,12,40.2,41.4,41.4,41.4,1.0,4140.0,149
2023-05-11 09:36:17,HO2403-C-3100,HO2403-C-3100,41.4,0.0,0.0,0.0,6,39.4,41.4,18,40.2,41.4,41.4,41.4,1.0,4140.0,149
2023-05-11 09:36:18,HO2403-C-3100,HO2403-C-3100,41.4,0.0,0.0,0.0,7,39.4,41.4,18,40.2,41.4,41.4,41.4,1.0,4140.0,149
2023-05-11 09:36:28,HO2403-C-3100,HO2403-C-3100,41.4,0.0,0.0,0.0,7,39.4,41.4,12,40.2,41.4,41.4,41.4,1.0,4140.0,149
2023-05-11 09:36:32,HO2403-C-3100,HO2403-C-3100,41.4,0.0,0.0,0.0,7,39.4,41.4,18,40.2,41.4,41.4,41.4,1.0,4140.0,149
2023-05-11 09:36:35,HO2403-C-3100,HO2403-C-3100,41.4,0.0,0.0,0.0,7,39.4,41.4,12,40.2,41.4,41.4,41.4,1.0,4140.0,149
2023-05-11 09:36:38,HO2403-C-3100,HO2403-C-3100,41.4,0.0,0.0,0.0,7,39.4,41.4,18,40.2,41.4,41.4,41.4,1.0,4140.0,149
2023-05-11 09:36:39,HO2403-C-3100,HO2403-C-3100,41.4,0.0,0.0,0.0,7,39.4,41.4,12,40.2,41.4,41.4,41.4,1.0,4140.0,149
2023-05-11 09:36:42,HO2403-C-3100,HO2403-C-3100,41.4,0.0,0.0,0.0,1,39.8,41.4,12,40.2,41.4,41.4,41.4,1.0,4140.0,149
2023-05-11 09:36:50,HO2403-C-3100,HO2403-C-3100,41.4,0.0,0.0,0.0,1,39.8,41.4,18,40.2,41.4,41.4,41.4,1.0,4140.0,149
2023-05-11 09:36:58,HO2403-C-3100,HO2403-C-3100,41.4,0.0,0.0,0.0,1,39.8,41.4,12,40.2,41.4,41.4,41.4,1.0,4140.0,149
2023-05-11 09:36:59,HO2403-C-3100,HO2403-C-3100,41.4,0.0,0.0,0.0,1,39.8,41.4,18,40.2,41.4,41.4,41.4,1.0,4140.0,149
2023-05-11 09:37:01,HO2403-C-3100,HO2403-C-3100,41.4,0.0,0.0,0.0,7,39.4,41.4,18,40.2,41.4,41.4,41.4,1.0,4140.0,149
2023-05-11 09:37:02,HO2403-C-3100,HO2403-C-3100,41.4,0.0,0.0,0.0,7,39.4,41.4,12,40.2,41.4,41.4,41.4,1.0,4140.0,149
2023-05-11 09:37:03,HO2403-C-3100,HO2403-C-3100,41.4,0.0,0.0,0.0,7,39.4,41.4,18,40.2,41.4,41.4,41.4,1.0,4140.0,149
2023-05-11 09:37:05,HO2403-C-3100,HO2403-C-3100,41.4,0.0,0.0,0.0,7,39.4,41.4,12,40.2,41.4,41.4,41.4,1.0,4140.0,149
2023-05-11 09:37:05,HO2403-C-3100,HO2403-C-3100,41.4,0.0,0.0,0.0,7,39.4,41.4,18,40.2,41.4,41.4,41.4,1.0,4140.0,149
2023-05-11 09:37:12,HO2403-C-3100,HO2403-C-3100,41.4,0.0,0.0,0.0,6,39.4,41.4,18,40.2,41.4,41.4,41.4,1.0,4140.0,149
2023-05-11 09:37:13,HO2403-C-3100,HO2403-C-3100,41.4,0.0,0.0,0.0,6,39.4,41.4,17,40.2,41.4,41.4,41.4,1.0,4140.0,149
2023-05-11 09:37:18,HO2403-C-3100,HO2403-C-3100,41.4,0.0,0.0,0.0,12,39.2,41.4,17,40.2,41.4,41.4,41.4,1.0,4140.0,149
2023-05-11 09:37:18,HO2403-C-3100,HO2403-C-3100,41.4,0.0,0.0,0.0,13,39.0,41.4,17,40.2,41.4,41.4,41.4,1.0,4140.0,149
2023-05-11 09:37:19,HO2403-C-3100,HO2403-C-3100,41.4,0.0,0.0,0.0,7,39.0,41.4,17,40.2,41.4,41.4,41.4,1.0,4140.0,149
2023-05-11 09:37:19,HO2403-C-3100,HO2403-C-3100,41.4,0.0,0.0,0.0,1,39.0,41.4,17,40.2,41.4,41.4,41.4,1.0,4140.0,149
2023-05-11 09:37:22,HO2403-C-3100,HO2403-C-3100,41.4,0.0,0.0,0.0,1,39.0,41.4,11,40.2,41.4,41.4,41.4,1.0,4140.0,149
2023-05-11 09:37:26,HO2403-C-3100,HO2403-C-3100,41.4,0.0,0.0,0.0,1,39.0,41.4,17,40.2,41.4,41.4,41.4,1.0,4140.0,149
2023-05-11 09:37:36,HO2403-C-3100,HO2403-C-3100,41.4,0.0,0.0,0.0,1,39.0,41.4,11,40.2,41.4,41.4,41.4,1.0,4140.0,149
2023-05-11 09:37:36,HO2403-C-3100,HO2403-C-3100,41.4,0.0,0.0,0.0,1,39.0,41.4,17,40.2,41.4,41.4,41.4,1.0,4140.0,149
2023-05-11 09:37:46,HO2403-C-3100,HO2403-C-3100,41.4,0.0,0.0,0.0,1,39.0,41.0,6,40.2,41.4,41.4,41.4,1.0,4140.0,149
2023-05-11 09:37:50,HO2403-C-3100,HO2403-C-3100,41.4,0.0,0.0,0.0,1,39.0,41.4,17,40.2,41.4,41.4,41.4,1.0,4140.0,149
2023-05-11 09:37:53,HO2403-C-3100,HO2403-C-3100,41.4,0.0,0.0,0.0,1,39.0,41.4,11,40.2,41.4,41.4,41.4,1.0,4140.0,149
2023-05-11 09:37:53,HO2403-C-3100,HO2403-C-3100,41.4,0.0,0.0,0.0,18,38.8,41.2,1,40.2,41.4,41.4,41.4,1.0,4140.0,149
2023-05-11 09:37:54,HO2403-C-3100,HO2403-C-3100,41.4,0.0,0.0,0.0,12,38.8,41.2,1,40.2,41.4,41.4,41.4,1.0,4140.0,149
2023-05-11 09:37:54,HO2403-C-3100,HO2403-C-3100,41.4,0.0,0.0,0.0,6,38.8,41.2,1,40.2,41.4,41.4,41.4,1.0,4140.0,149
2023-05-11 09:38:56,HO2403-C-3100,HO2403-C-3100,41.4,0.0,0.0,0.0,1,39.0,41.2,1,40.2,41.4,41.4,41.4,1.0,4140.0,149
2023-05-11 09:39:12,HO2403-C-3100,HO2403-C-3100,41.4,0.0,0.0,0.0,1,39.0,41.0,6,40.2,41.4,41.4,41.4,1.0,4140.0,149
2023-05-11 09:39:16,HO2403-C-3100,HO2403-C-3100,41.4,0.0,0.0,0.0,6,38.8,41.0,6,40.2,41.4,41.4,41.4,1.0,4140.0,149
2023-05-11 09:39:27,HO2403-C-3100,HO2403-C-3100,41.4,0.0,0.0,0.0,6,38.8,41.2,1,40.2,41.4,41.4,41.4,1.0,4140.0,149
2023-05-11 09:42:02,HO2403-C-3100,HO2403-C-3100,41.4,0.0,0.0,0.0,6,38.8,41.0,6,40.2,41.4,41.4,41.4,1.0,4140.0,149
2023-05-11 09:42:08,HO2403-C-3100,HO2403-C-3100,41.4,0.0,0.0,0.0,6,38.8,40.8,6,40.2,41.4,41.4,41.4,1.0,4140.0,149
2023-05-11 09:42:12,HO2403-C-3100,HO2403-C-3100,41.4,0.0,0.0,0.0,6,38.8,40.8,12,40.2,41.4,41.4,41.4,1.0,4140.0,149
2023-05-11 09:42:43,HO2403-C-3100,HO2403-C-3100,41.4,0.0,0.0,0.0,6,38.8,40.4,1,40.2,41.4,41.4,41.4,1.0,4140.0,149
2023-05-11 09:42:43,HO2403-C-3100,HO2403-C-3100,41.4,0.0,0.0,0.0,24,38.4,40.4,1,40.2,41.4,41.4,41.4,1.0,4140.0,149
2023-05-11 09:42:44,HO2403-C-3100,HO2403-C-3100,41.4,0.0,0.0,0.0,6,38.4,40.4,1,40.2,41.4,41.4,41.4,1.0,4140.0,149
2023-05-11 09:43:54,HO2403-C-3100,HO2403-C-3100,41.4,0.0,0.0,0.0,6,38.4,40.4,7,40.2,41.4,41.4,41.4,1.0,4140.0,149
2023-05-11 09:43:56,HO2403-C-3100,HO2403-C-3100,41.4,0.0,0.0,0.0,6,38.4,40.4,13,40.2,41.4,41.4,41.4,1.0,4140.0,149
2023-05-11 09:43:57,HO2403-C-3100,HO2403-C-3100,41.4,0.0,0.0,0.0,6,38.4,40.4,19,40.2,41.4,41.4,41.4,1.0,4140.0,149
2023-05-11 09:43:58,HO2403-C-3100,HO2403-C-3100,41.4,0.0,0.0,0.0,6,38.4,40.4,25,40.2,41.4,41.4,41.4,1.0,4140.0,149
2023-05-11 09:44:29,HO2403-C-3100,HO2403-C-3100,41.4,0.0,0.0,0.0,6,38.4,40.2,6,40.2,41.4,41.4,41.4,1.0,4140.0,149
2023-05-11 09:44:57,HO2403-C-3100,HO2403-C-3100,41.4,0.0,0.0,0.0,6,38.4,40.4,25,40.2,41.4,41.4,41.4,1.0,4140.0,149
2023-05-11 09:44:58,HO2403-C-3100,HO2403-C-3100,41.4,0.0,0.0,0.0,6,38.4,40.4,19,40.2,41.4,41.4,41.4,1.0,4140.0,149
2023-05-11 09:44:59,HO2403-C-3100,HO2403-C-3100,41.4,0.0,0.0,0.0,6,38.4,40.4,25,40.2,41.4,41.4,41.4,1.0,4140.0,149
2023-05-11 09:45:01,HO2403-C-3100,HO2403-C-3100,41.4,0.0,0.0,0.0,7,38.4,40.4,25,40.2,41.4,41.4,41.4,1.0,4140.0,149
2023-05-11 09:45:02,HO2403-C-3100,HO2403-C-3100,41.4,0.0,0.0,0.0,7,38.4,40.4,19,40.2,41.4,41.4,41.4,1.0,4140.0,149
2023-05-11 09:45:02,HO2403-C-3100,HO2403-C-3100,41.4,0.0,0.0,0.0,7,38.4,40.4,18,40.2,41.4,41.4,41.4,1.0,4140.0,149
2023-05-11 09:45:06,HO2403-C-3100,HO2403-C-3100,41.4,0.0,0.0,0.0,7,38.4,40.4,24,40.2,41.4,41.4,41.4,1.0,4140.0,149
2023-05-11 09:45:07,HO2403-C-3100,HO2403-C-3100,41.4,0.0,0.0,0.0,7,38.4,40.4,18,40.2,41.4,41.4,41.4,1.0,4140.0,149
2023-05-11 09:45:09,HO2403-C-3100,HO2403-C-3100,41.4,0.0,0.0,0.0,1,38.8,40.4,18,40.2,41.4,41.4,41.4,1.0,4140.0,149
2023-05-11 09:45:15,HO2403-C-3100,HO2403-C-3100,41.4,0.0,0.0,0.0,1,38.8,40.4,24,40.2,41.4,41.4,41.4,1.0,4140.0,149
2023-05-11 09:45:18,HO2403-C-3100,HO2403-C-3100,41.4,0.0,0.0,0.0,1,38.8,40.4,18,40.2,41.4,41.4,41.4,1.0,4140.0,149
2023-05-11 09:45:22,HO2403-C-3100,HO2403-C-3100,41.4,0.0,0.0,0.0,1,38.8,40.4,24,40.2,41.4,41.4,41.4,1.0,4140.0,149
2023-05-11 09:45:28,HO2403-C-3100,HO2403-C-3100,41.4,0.0,0.0,0.0,1,38.8,40.4,25,40.2,41.4,41.4,41.4,1.0,4140.0,149
2023-05-11 09:45:28,HO2403-C-3100,HO2403-C-3100,41.4,0.0,0.0,0.0,1,38.8,40.4,24,40.2,41.4,41.4,41.4,1.0,4140.0,149
2023-05-11 09:45:52,HO2403-C-3100,HO2403-C-3100,41.4,0.0,0.0,0.0,1,38.8,40.4,18,40.2,41.4,41.4,41.4,1.0,4140.0,149
2023-05-11 09:45:53,HO2403-C-3100,HO2403-C-3100,41.4,0.0,0.0,0.0,1,38.8,40.4,12,40.2,41.4,41.4,41.4,1.0,4140.0,149
2023-05-11 09:45:53,HO2403-C-3100,HO2403-C-3100,41.4,0.0,0.0,0.0,1,38.8,40.4,6,40.2,41.4,41.4,41.4,1.0,4140.0,149
2023-05-11 09:45:54,HO2403-C-3100,HO2403-C-3100,41.4,0.0,0.0,0.0,1,38.8,40.8,24,40.2,41.4,41.4,41.4,1.0,4140.0,149
2023-05-11 09:46:02,HO2403-C-3100,HO2403-C-3100,41.4,0.0,0.0,0.0,1,38.8,40.8,25,40.2,41.4,41.4,41.4,1.0,4140.0,149
2023-05-11 09:46:03,HO2403-C-3100,HO2403-C-3100,41.4,0.0,0.0,0.0,1,38.8,40.6,1,40.2,41.4,41.4,41.4,1.0,4140.0,149
2023-05-11 09:46:06,HO2403-C-3100,HO2403-C-3100,41.4,0.0,0.0,0.0,1,38.8,40.8,25,40.2,41.4,41.4,41.4,1.0,4140.0,149
2023-05-11 09:46:07,HO2403-C-3100,HO2403-C-3100,41.4,0.0,0.0,0.0,1,38.8,40.6,1,40.2,41.4,41.4,41.4,1.0,4140.0,149
2023-05-11 09:46:08,HO2403-C-3100,HO2403-C-3100,41.4,0.0,0.0,0.0,1,38.8,40.8,25,40.2,41.4,41.4,41.4,1.0,4140.0,149
2023-05-11 09:46:09,HO2403-C-3100,HO2403-C-3100,41.4,0.0,0.0,0.0,1,38.8,40.8,26,40.2,41.4,41.4,41.4,1.0,4140.0,149
2023-05-11 09:46:14,HO2403-C-3100,HO2403-C-3100,41.4,0.0,0.0,0.0,1,38.8,40.8,25,40.2,41.4,41.4,41.4,1.0,4140.0,149
2023-05-11 09:46:16,HO2403-C-3100,HO2403-C-3100,41.4,0.0,0.0,0.0,1,38.8,40.6,1,40.2,41.4,41.4,41.4,1.0,4140.0,149
2023-05-11 09:46:22,HO2403-C-3100,HO2403-C-3100,41.4,0.0,0.0,0.0,1,38.8,40.8,24,40.2,41.4,41.4,41.4,1.0,4140.0,149
2023-05-11 09:46:37,HO2403-C-3100,HO2403-C-3100,41.4,0.0,0.0,0.0,1,38.8,40.8,25,40.2,41.4,41.4,41.4,1.0,4140.0,149
2023-05-11 09:46:37,HO2403-C-3100,HO2403-C-3100,41.4,0.0,0.0,0.0,1,38.8,40.8,26,40.2,41.4,41.4,41.4,1.0,4140.0,149
2023-05-11 09:46:38,HO2403-C-3100,HO2403-C-3100,41.4,0.0,0.0,0.0,1,38.8,40.8,20,40.2,41.4,41.4,41.4,1.0,4140.0,149
2023-05-11 09:46:47,HO2403-C-3100,HO2403-C-3100,41.4,0.0,0.0,0.0,1,38.8,40.6,1,40.2,41.4,41.4,41.4,1.0,4140.0,149
2023-05-11 09:46:58,HO2403-C-3100,HO2403-C-3100,41.4,0.0,0.0,0.0,1,38.8,40.6,2,40.2,41.4,41.4,41.4,1.0,4140.0,149
2023-05-11 09:47:00,HO2403-C-3100,HO2403-C-3100,41.4,0.0,0.0,0.0,1,38.8,40.6,1,40.2,41.4,41.4,41.4,1.0,4140.0,149
2023-05-11 09:47:01,HO2403-C-3100,HO2403-C-3100,41.4,0.0,0.0,0.0,1,38.8,40.8,18,40.2,41.4,41.4,41.4,1.0,4140.0,149
2023-05-11 09:47:02,HO2403-C-3100,HO2403-C-3100,41.4,0.0,0.0,0.0,1,38.8,40.8,19,40.2,41.4,41.4,41.4,1.0,4140.0,149
2023-05-11 09:47:12,HO2403-C-3100,HO2403-C-3100,41.4,0.0,0.0,0.0,1,38.8,40.8,18,40.2,41.4,41.4,41.4,1.0,4140.0,149
2023-05-11 09:47:21,HO2403-C-3100,HO2403-C-3100,41.4,0.0,0.0,0.0,1,38.8,40.8,19,40.2,41.4,41.4,41.4,1.0,4140.0,149
2023-05-11 09:47:22,HO2403-C-3100,HO2403-C-3100,41.4,0.0,0.0,0.0,1,38.8,40.8,20,40.2,41.4,41.4,41.4,1.0,4140.0,149
2023-05-11 09:47:32,HO2403-C-3100,HO2403-C-3100,41.4,0.0,0.0,0.0,1,38.8,40.8,19,40.2,41.4,41.4,41.4,1.0,4140.0,149
2023-05-11 09:47:48,HO2403-C-3100,HO2403-C-3100,41.4,0.0,0.0,0.0,1,38.8,40.6,1,40.2,41.4,41.4,41.4,1.0,4140.0,149
2023-05-11 09:47:53,HO2403-C-3100,HO2403-C-3100,41.4,0.0,0.0,0.0,1,38.8,40.8,18,40.2,41.4,41.4,41.4,1.0,4140.0,149
2023-05-11 09:47:53,HO2403-C-3100,HO2403-C-3100,41.4,0.0,0.0,0.0,1,38.8,40.8,19,40.2,41.4,41.4,41.4,1.0,4140.0,149
2023-05-11 09:48:01,HO2403-C-3100,HO2403-C-3100,41.4,0.0,0.0,0.0,1,38.8,40.8,20,40.2,41.4,41.4,41.4,1.0,4140.0,149
2023-05-11 09:48:25,HO2403-C-3100,HO2403-C-3100,41.4,0.0,0.0,0.0,1,38.8,40.8,19,40.2,41.4,41.4,41.4,1.0,4140.0,149
2023-05-11 09:48:36,HO2403-C-3100,HO2403-C-3100,41.4,0.0,0.0,0.0,1,38.8,40.8,20,40.2,41.4,41.4,41.4,1.0,4140.0,149
2023-05-11 09:48:36,HO2403-C-3100,HO2403-C-3100,41.4,0.0,0.0,0.0,1,38.8,40.8,19,40.2,41.4,41.4,41.4,1.0,4140.0,149
2023-05-11 09:48:37,HO2403-C-3100,HO2403-C-3100,41.4,0.0,0.0,0.0,1,38.8,40.8,20,40.2,41.4,41.4,41.4,1.0,4140.0,149
2023-05-11 09:48:38,HO2403-C-3100,HO2403-C-3100,41.4,0.0,0.0,0.0,1,38.8,40.8,19,40.2,41.4,41.4,41.4,1.0,4140.0,149
2023-05-11 09:48:39,HO2403-C-3100,HO2403-C-3100,41.4,0.0,0.0,0.0,1,38.8,40.8,20,40.2,41.4,41.4,41.4,1.0,4140.0,149
2023-05-11 09:48:45,HO2403-C-3100,HO2403-C-3100,41.4,0.0,0.0,0.0,1,38.8,40.8,19,40.2,41.4,41.4,41.4,1.0,4140.0,149
2023-05-11 09:48:49,HO2403-C-3100,HO2403-C-3100,41.4,0.0,0.0,0.0,1,38.8,40.6,1,40.2,41.4,41.4,41.4,1.0,4140.0,149
2023-05-11 09:48:56,HO2403-C-3100,HO2403-C-3100,41.4,0.0,0.0,0.0,1,38.8,40.8,18,40.2,41.4,41.4,41.4,1.0,4140.0,149
2023-05-11 09:48:56,HO2403-C-3100,HO2403-C-3100,41.4,0.0,0.0,0.0,1,38.8,40.8,19,40.2,41.4,41.4,41.4,1.0,4140.0,149
2023-05-11 09:49:05,HO2403-C-3100,HO2403-C-3100,41.4,0.0,0.0,0.0,1,38.8,40.4,6,40.2,41.4,41.4,41.4,1.0,4140.0,149
2023-05-11 09:49:06,HO2403-C-3100,HO2403-C-3100,41.4,0.0,0.0,0.0,1,38.8,40.4,7,40.2,41.4,41.4,41.4,1.0,4140.0,149
2023-05-11 09:49:08,HO2403-C-3100,HO2403-C-3100,41.4,0.0,0.0,0.0,1,38.8,40.4,6,40.2,41.4,41.4,41.4,1.0,4140.0,149
2023-05-11 09:49:20,HO2403-C-3100,HO2403-C-3100,41.4,0.0,0.0,0.0,1,38.8,40.6,1,40.2,41.4,41.4,41.4,1.0,4140.0,149
2023-05-11 09:49:23,HO2403-C-3100,HO2403-C-3100,41.4,0.0,0.0,0.0,1,38.8,40.8,24,40.2,41.4,41.4,41.4,1.0,4140.0,149
2023-05-11 09:49:24,HO2403-C-3100,HO2403-C-3100,41.4,0.0,0.0,0.0,1,38.8,40.8,19,40.2,41.4,41.4,41.4,1.0,4140.0,149
2023-05-11 09:49:38,HO2403-C-3100,HO2403-C-3100,41.4,0.0,0.0,0.0,1,38.8,40.8,20,40.2,41.4,41.4,41.4,1.0,4140.0,149
2023-05-11 09:49:56,HO2403-C-3100,HO2403-C-3100,41.4,0.0,0.0,0.0,1,38.8,40.8,19,40.2,41.4,41.4,41.4,1.0,4140.0,149
2023-05-11 09:50:03,HO2403-C-3100,HO2403-C-3100,41.4,0.0,0.0,0.0,1,38.8,40.6,1,40.2,41.4,41.4,41.4,1.0,4140.0,149
2023-05-11 09:50:04,HO2403-C-3100,HO2403-C-3100,41.4,0.0,0.0,0.0,1,38.8,40.6,2,40.2,41.4,41.4,41.4,1.0,4140.0,149
2023-05-11 09:50:08,HO2403-C-3100,HO2403-C-3100,41.4,0.0,0.0,0.0,1,38.8,40.6,1,40.2,41.4,41.4,41.4,1.0,4140.0,149
2023-05-11 09:50:08,HO2403-C-3100,HO2403-C-3100,41.4,0.0,0.0,0.0,1,38.8,40.8,18,40.2,41.4,41.4,41.4,1.0,4140.0,149
2023-05-11 09:50:09,HO2403-C-3100,HO2403-C-3100,41.4,0.0,0.0,0.0,1,38.8,40.8,19,40.2,41.4,41.4,41.4,1.0,4140.0,149
2023-05-11 09:50:12,HO2403-C-3100,HO2403-C-3100,41.4,0.0,0.0,0.0,1,38.8,40.8,18,40.2,41.4,41.4,41.4,1.0,4140.0,149
2023-05-11 09:50:28,HO2403-C-3100,HO2403-C-3100,41.4,0.0,0.0,0.0,1,38.8,40.8,19,40.2,41.4,41.4,41.4,1.0,4140.0,149
2023-05-11 09:50:29,HO2403-C-3100,HO2403-C-3100,41.4,0.0,0.0,0.0,1,38.8,40.8,20,40.2,41.4,41.4,41.4,1.0,4140.0,149
2023-05-11 09:50:31,HO2403-C-3100,HO2403-C-3100,41.4,0.0,0.0,0.0,1,38.8,40.8,19,40.2,41.4,41.4,41.4,1.0,4140.0,149
2023-05-11 09:50:36,HO2403-C-3100,HO2403-C-3100,41.4,0.0,0.0,0.0,1,38.8,40.8,20,40.2,41.4,41.4,41.4,1.0,4140.0,149
2023-05-11 09:50:38,HO2403-C-3100,HO2403-C-3100,41.4,0.0,0.0,0.0,1,38.8,40.6,1,40.2,41.4,41.4,41.4,1.0,4140.0,149
2023-05-11 09:50:48,HO2403-C-3100,HO2403-C-3100,41.4,0.0,0.0,0.0,1,38.8,40.4,1,40.2,41.4,41.4,41.4,1.0,4140.0,149
2023-05-11 09:51:10,HO2403-C-3100,HO2403-C-3100,41.4,0.0,0.0,0.0,1,38.8,40.8,19,40.2,41.4,41.4,41.4,1.0,4140.0,149
2023-05-11 09:51:10,HO2403-C-3100,HO2403-C-3100,41.4,0.0,0.0,0.0,1,38.8,40.8,20,40.2,41.4,41.4,41.4,1.0,4140.0,149
2023-05-11 09:51:20,HO2403-C-3100,HO2403-C-3100,41.4,0.0,0.0,0.0,1,38.8,40.6,1,40.2,41.4,41.4,41.4,1.0,4140.0,149
2023-05-11 09:51:20,HO2403-C-3100,HO2403-C-3100,41.4,0.0,0.0,0.0,1,38.8,40.6,2,40.2,41.4,41.4,41.4,1.0,4140.0,149
2023-05-11 09:51:21,HO2403-C-3100,HO2403-C-3100,41.4,0.0,0.0,0.0,1,38.8,40.6,1,40.2,41.4,41.4,41.4,1.0,4140.0,149
2023-05-11 09:51:39,HO2403-C-3100,HO2403-C-3100,41.4,0.0,0.0,0.0,1,38.8,40.8,18,40.2,41.4,41.4,41.4,1.0,4140.0,149
2023-05-11 09:51:41,HO2403-C-3100,HO2403-C-3100,41.4,0.0,0.0,0.0,1,38.8,40.8,12,40.2,41.4,41.4,41.4,1.0,4140.0,149
2023-05-11 09:51:41,HO2403-C-3100,HO2403-C-3100,41.4,0.0,0.0,0.0,1,38.8,40.8,6,40.2,41.4,41.4,41.4,1.0,4140.0,149
2023-05-11 09:51:42,HO2403-C-3100,HO2403-C-3100,41.4,0.0,0.0,0.0,1,38.8,40.8,7,40.2,41.4,41.4,41.4,1.0,4140.0,149
2023-05-11 09:51:44,HO2403-C-3100,HO2403-C-3100,41.4,0.0,0.0,0.0,1,38.8,40.8,8,40.2,41.4,41.4,41.4,1.0,4140.0,149
2023-05-11 09:51:54,HO2403-C-3100,HO2403-C-3100,41.4,0.0,0.0,0.0,1,38.8,40.6,1,40.2,41.4,41.4,41.4,1.0,4140.0,149
2023-05-11 09:52:06,HO2403-C-3100,HO2403-C-3100,41.4,0.0,0.0,0.0,1,38.8,40.8,6,40.2,41.4,41.4,41.4,1.0,4140.0,149
2023-05-11 09:52:06,HO2403-C-3100,HO2403-C-3100,41.4,0.0,0.0,0.0,1,38.8,40.8,7,40.2,41.4,41.4,41.4,1.0,4140.0,149
2023-05-11 09:52:09,HO2403-C-3100,HO2403-C-3100,41.4,0.0,0.0,0.0,1,38.8,40.8,6,40.2,41.4,41.4,41.4,1.0,4140.0,149
2023-05-11 09:52:16,HO2403-C-3100,HO2403-C-3100,41.4,0.0,0.0,0.0,1,38.8,40.8,7,40.2,41.4,41.4,41.4,1.0,4140.0,149
2023-05-11 09:52:16,HO2403-C-3100,HO2403-C-3100,41.4,0.0,0.0,0.0,1,38.8,40.8,8,40.2,41.4,41.4,41.4,1.0,4140.0,149
2023-05-11 09:52:26,HO2403-C-3100,HO2403-C-3100,41.4,0.0,0.0,0.0,1,38.8,40.6,1,40.2,41.4,41.4,41.4,1.0,4140.0,149
2023-05-11 09:52:39,HO2403-C-3100,HO2403-C-3100,41.4,0.0,0.0,0.0,1,38.8,40.8,6,40.2,41.4,41.4,41.4,1.0,4140.0,149
2023-05-11 09:52:48,HO2403-C-3100,HO2403-C-3100,41.4,0.0,0.0,0.0,1,38.8,40.8,7,40.2,41.4,41.4,41.4,1.0,4140.0,149
2023-05-11 09:52:49,HO2403-C-3100,HO2403-C-3100,41.4,0.0,0.0,0.0,1,38.8,40.8,6,40.2,41.4,41.4,41.4,1.0,4140.0,149
2023-05-11 09:52:54,HO2403-C-3100,HO2403-C-3100,41.4,0.0,0.0,0.0,1,38.8,40.8,7,40.2,41.4,41.4,41.4,1.0,4140.0,149
2023-05-11 09:52:54,HO2403-C-3100,HO2403-C-3100,41.4,0.0,0.0,0.0,1,38.8,40.8,8,40.2,41.4,41.4,41.4,1.0,4140.0,149
2023-05-11 09:53:12,HO2403-C-3100,HO2403-C-3100,41.4,0.0,0.0,0.0,1,38.8,40.6,1,40.2,41.4,41.4,41.4,1.0,4140.0,149
2023-05-11 09:53:18,HO2403-C-3100,HO2403-C-3100,41.4,0.0,0.0,0.0,1,38.8,40.8,6,40.2,41.4,41.4,41.4,1.0,4140.0,149
2023-05-11 09:53:19,HO2403-C-3100,HO2403-C-3100,41.4,0.0,0.0,0.0,1,38.8,40.8,7,40.2,41.4,41.4,41.4,1.0,4140.0,149
2023-05-11 09:53:30,HO2403-C-3100,HO2403-C-3100,41.4,0.0,0.0,0.0,1,38.8,40.8,6,40.2,41.4,41.4,41.4,1.0,4140.0,149
2023-05-11 09:53:30,HO2403-C-3100,HO2403-C-3100,41.4,0.0,0.0,0.0,1,38.8,40.8,7,40.2,41.4,41.4,41.4,1.0,4140.0,149
2023-05-11 09:53:38,HO2403-C-3100,HO2403-C-3100,41.4,0.0,0.0,0.0,1,38.8,40.8,8,40.2,41.4,41.4,41.4,1.0,4140.0,149
2023-05-11 09:53:44,HO2403-C-3100,HO2403-C-3100,41.4,0.0,0.0,0.0,1,38.8,40.8,7,40.2,41.4,41.4,41.4,1.0,4140.0,149
2023-05-11 09:53:45,HO2403-C-3100,HO2403-C-3100,41.4,0.0,0.0,0.0,1,38.8,40.8,8,40.2,41.4,41.4,41.4,1.0,4140.0,149
2023-05-11 09:53:55,HO2403-C-3100,HO2403-C-3100,41.4,0.0,0.0,0.0,1,38.8,40.6,1,40.2,41.4,41.4,41.4,1.0,4140.0,149
2023-05-11 09:54:01,HO2403-C-3100,HO2403-C-3100,41.4,0.0,0.0,0.0,1,38.8,40.8,6,40.2,41.4,41.4,41.4,1.0,4140.0,149
2023-05-11 09:54:02,HO2403-C-3100,HO2403-C-3100,41.4,0.0,0.0,0.0,1,38.8,40.8,7,40.2,41.4,41.4,41.4,1.0,4140.0,149
2023-05-11 09:54:06,HO2403-C-3100,HO2403-C-3100,41.4,0.0,0.0,0.0,1,38.8,40.8,8,40.2,41.4,41.4,41.4,1.0,4140.0,149
2023-05-11 09:54:09,HO2403-C-3100,HO2403-C-3100,41.4,0.0,0.0,0.0,1,38.8,40.8,7,40.2,41.4,41.4,41.4,1.0,4140.0,149
2023-05-11 09:54:10,HO2403-C-3100,HO2403-C-3100,41.4,0.0,0.0,0.0,1,38.8,40.8,8,40.2,41.4,41.4,41.4,1.0,4140.0,149
2023-05-11 09:54:13,HO2403-C-3100,HO2403-C-3100,41.4,0.0,0.0,0.0,1,38.8,40.8,7,40.2,41.4,41.4,41.4,1.0,4140.0,149
2023-05-11 09:54:16,HO2403-C-3100,HO2403-C-3100,41.4,0.0,0.0,0.0,1,38.8,40.6,1,40.2,41.4,41.4,41.4,1.0,4140.0,149
2023-05-11 09:54:34,HO2403-C-3100,HO2403-C-3100,41.4,0.0,0.0,0.0,1,38.8,40.4,1,40.2,41.4,41.4,41.4,1.0,4140.0,149
2023-05-11 09:54:47,HO2403-C-3100,HO2403-C-3100,41.4,0.0,0.0,0.0,1,38.8,40.8,7,40.2,41.4,41.4,41.4,1.0,4140.0,149
2023-05-11 09:54:48,HO2403-C-3100,HO2403-C-3100,41.4,0.0,0.0,0.0,1,38.8,40.8,8,40.2,41.4,41.4,41.4,1.0,4140.0,149
2023-05-11 09:55:01,HO2403-C-3100,HO2403-C-3100,41.4,0.0,0.0,0.0,1,38.8,40.8,7,40.2,41.4,41.4,41.4,1.0,4140.0,149
2023-05-11 09:55:07,HO2403-C-3100,HO2403-C-3100,41.4,0.0,0.0,0.0,1,38.8,40.8,8,40.2,41.4,41.4,41.4,1.0,4140.0,149
2023-05-11 09:55:10,HO2403-C-3100,HO2403-C-3100,41.4,0.0,0.0,0.0,1,38.8,40.8,7,40.2,41.4,41.4,41.4,1.0,4140.0,149
2023-05-11 09:55:12,HO2403-C-3100,HO2403-C-3100,41.4,0.0,0.0,0.0,1,38.8,40.8,6,40.2,41.4,41.4,41.4,1.0,4140.0,149
2023-05-11 09:55:14,HO2403-C-3100,HO2403-C-3100,41.4,0.0,0.0,0.0,1,38.8,41.0,19,40.2,41.4,41.4,41.4,1.0,4140.0,149
2023-05-11 09:55:15,HO2403-C-3100,HO2403-C-3100,41.4,0.0,0.0,0.0,1,38.8,41.0,8,40.2,41.4,41.4,41.4,1.0,4140.0,149
2023-05-11 09:55:15,HO2403-C-3100,HO2403-C-3100,41.4,0.0,0.0,0.0,1,38.8,41.0,1,40.2,41.4,41.4,41.4,1.0,4140.0,149
2023-05-11 09:55:17,HO2403-C-3100,HO2403-C-3100,41.4,0.0,0.0,0.0,4,38.8,41.0,1,40.2,41.4,41.4,41.4,1.0,4140.0,149
2023-05-11 09:55:18,HO2403-C-3100,HO2403-C-3100,41.4,0.0,0.0,0.0,1,40.0,41.0,1,40.2,41.4,41.4,41.4,1.0,4140.0,149
2023-05-11 09:55:19,HO2403-C-3100,HO2403-C-3100,41.4,0.0,0.0,0.0,1,40.0,41.0,2,40.2,41.4,41.4,41.4,1.0,4140.0,149
2023-05-11 09:55:31,HO2403-C-3100,HO2403-C-3100,41.4,0.0,0.0,0.0,1,40.0,41.0,1,40.2,41.4,41.4,41.4,1.0,4140.0,149
2023-05-11 09:55:32,HO2403-C-3100,HO2403-C-3100,41.4,0.0,0.0,0.0,1,40.0,41.0,2,40.2,41.4,41.4,41.4,1.0,4140.0,149
2023-05-11 09:55:33,HO2403-C-3100,HO2403-C-3100,41.4,0.0,0.0,0.0,1,40.0,41.0,1,40.2,41.4,41.4,41.4,1.0,4140.0,149
2023-05-11 09:55:37,HO2403-C-3100,HO2403-C-3100,41.4,0.0,0.0,0.0,1,40.0,41.4,25,40.2,41.4,41.4,41.4,1.0,4140.0,149
2023-05-11 09:55:37,HO2403-C-3100,HO2403-C-3100,41.4,0.0,0.0,0.0,1,40.0,41.2,1,40.2,41.4,41.4,41.4,1.0,4140.0,149
2023-05-11 09:56:24,HO2403-C-3100,HO2403-C-3100,41.4,0.0,0.0,0.0,1,40.0,41.4,18,40.2,41.4,41.4,41.4,1.0,4140.0,149
2023-05-11 09:56:24,HO2403-C-3100,HO2403-C-3100,41.4,0.0,0.0,0.0,1,40.0,41.2,1,40.2,41.4,41.4,41.4,1.0,4140.0,149
2023-05-11 09:56:30,HO2403-C-3100,HO2403-C-3100,41.4,0.0,0.0,0.0,1,40.0,41.4,12,40.2,41.4,41.4,41.4,1.0,4140.0,149
2023-05-11 09:56:31,HO2403-C-3100,HO2403-C-3100,41.4,0.0,0.0,0.0,1,40.0,41.4,7,40.2,41.4,41.4,41.4,1.0,4140.0,149
2023-05-11 09:56:53,HO2403-C-3100,HO2403-C-3100,41.4,0.0,0.0,0.0,1,40.0,41.4,8,40.2,41.4,41.4,41.4,1.0,4140.0,149
2023-05-11 09:57:00,HO2403-C-3100,HO2403-C-3100,41.4,0.0,0.0,0.0,1,40.0,41.4,7,40.2,41.4,41.4,41.4,1.0,4140.0,149
2023-05-11 09:57:06,HO2403-C-3100,HO2403-C-3100,41.4,0.0,0.0,0.0,1,40.0,41.2,1,40.2,41.4,41.4,41.4,1.0,4140.0,149
2023-05-11 09:57:23,HO2403-C-3100,HO2403-C-3100,41.4,0.0,0.0,0.0,1,40.0,41.8,25,40.2,41.4,41.4,41.4,1.0,4140.0,149
2023-05-11 09:57:23,HO2403-C-3100,HO2403-C-3100,41.4,0.0,0.0,0.0,1,40.0,41.6,1,40.2,41.4,41.4,41.4,1.0,4140.0,149
2023-05-11 09:57:31,HO2403-C-3100,HO2403-C-3100,41.4,0.0,0.0,0.0,1,40.0,41.8,19,40.2,41.4,41.4,41.4,1.0,4140.0,149
2023-05-11 09:57:32,HO2403-C-3100,HO2403-C-3100,41.4,0.0,0.0,0.0,1,40.0,41.6,1,40.2,41.4,41.4,41.4,1.0,4140.0,149
2023-05-11 09:57:45,HO2403-C-3100,HO2403-C-3100,41.4,0.0,0.0,0.0,1,40.0,41.8,19,40.2,41.4,41.4,41.4,1.0,4140.0,149
2023-05-11 09:57:46,HO2403-C-3100,HO2403-C-3100,41.4,0.0,0.0,0.0,1,40.0,41.8,20,40.2,41.4,41.4,41.4,1.0,4140.0,149
2023-05-11 09:57:56,HO2403-C-3100,HO2403-C-3100,41.4,0.0,0.0,0.0,1,40.0,41.8,19,40.2,41.4,41.4,41.4,1.0,4140.0,149
2023-05-11 09:57:57,HO2403-C-3100,HO2403-C-3100,41.4,0.0,0.0,0.0,1,40.0,41.8,20,40.2,41.4,41.4,41.4,1.0,4140.0,149
2023-05-11 09:58:00,HO2403-C-3100,HO2403-C-3100,41.4,0.0,0.0,0.0,1,40.0,41.8,19,40.2,41.4,41.4,41.4,1.0,4140.0,149
2023-05-11 09:58:06,HO2403-C-3100,HO2403-C-3100,41.4,0.0,0.0,0.0,1,40.0,41.6,1,40.2,41.4,41.4,41.4,1.0,4140.0,149
2023-05-11 09:58:17,HO2403-C-3100,HO2403-C-3100,41.4,0.0,0.0,0.0,1,40.0,41.8,18,40.2,41.4,41.4,41.4,1.0,4140.0,149
2023-05-11 09:58:19,HO2403-C-3100,HO2403-C-3100,41.4,0.0,0.0,0.0,1,40.0,41.8,19,40.2,41.4,41.4,41.4,1.0,4140.0,149
2023-05-11 09:58:24,HO2403-C-3100,HO2403-C-3100,41.4,0.0,0.0,0.0,1,40.0,41.8,20,40.2,41.4,41.4,41.4,1.0,4140.0,149
2023-05-11 09:58:29,HO2403-C-3100,HO2403-C-3100,41.4,0.0,0.0,0.0,1,40.0,41.6,1,40.2,41.4,41.4,41.4,1.0,4140.0,149
2023-05-11 09:58:52,HO2403-C-3100,HO2403-C-3100,41.4,0.0,0.0,0.0,1,40.0,41.8,18,40.2,41.4,41.4,41.4,1.0,4140.0,149
2023-05-11 09:58:52,HO2403-C-3100,HO2403-C-3100,41.4,0.0,0.0,0.0,1,40.0,41.8,19,40.2,41.4,41.4,41.4,1.0,4140.0,149
2023-05-11 09:58:57,HO2403-C-3100,HO2403-C-3100,41.4,0.0,0.0,0.0,1,40.0,41.8,18,40.2,41.4,41.4,41.4,1.0,4140.0,149
2023-05-11 09:58:57,HO2403-C-3100,HO2403-C-3100,41.4,0.0,0.0,0.0,1,40.0,41.8,19,40.2,41.4,41.4,41.4,1.0,4140.0,149
2023-05-11 09:58:58,HO2403-C-3100,HO2403-C-3100,41.4,0.0,0.0,0.0,1,40.0,41.8,18,40.2,41.4,41.4,41.4,1.0,4140.0,149
2023-05-11 09:58:59,HO2403-C-3100,HO2403-C-3100,41.4,0.0,0.0,0.0,1,40.0,41.8,19,40.2,41.4,41.4,41.4,1.0,4140.0,149
2023-05-11 09:59:07,HO2403-C-3100,HO2403-C-3100,41.4,0.0,0.0,0.0,1,40.0,41.8,20,40.2,41.4,41.4,41.4,1.0,4140.0,149
2023-05-11 09:59:09,HO2403-C-3100,HO2403-C-3100,41.4,0.0,0.0,0.0,1,40.0,41.6,1,40.2,41.4,41.4,41.4,1.0,4140.0,149
2023-05-11 09:59:30,HO2403-C-3100,HO2403-C-3100,41.4,0.0,0.0,0.0,1,40.0,41.8,18,40.2,41.4,41.4,41.4,1.0,4140.0,149
2023-05-11 09:59:33,HO2403-C-3100,HO2403-C-3100,41.4,0.0,0.0,0.0,1,40.0,41.8,19,40.2,41.4,41.4,41.4,1.0,4140.0,149
2023-05-11 09:59:36,HO2403-C-3100,HO2403-C-3100,41.4,0.0,0.0,0.0,1,40.0,41.8,13,40.2,41.4,41.4,41.4,1.0,4140.0,149
2023-05-11 09:59:38,HO2403-C-3100,HO2403-C-3100,41.4,0.0,0.0,0.0,1,40.0,41.8,14,40.2,41.4,41.4,41.4,1.0,4140.0,149
2023-05-11 09:59:50,HO2403-C-3100,HO2403-C-3100,41.4,0.0,0.0,0.0,1,40.0,41.6,1,40.2,41.4,41.4,41.4,1.0,4140.0,149
2023-05-11 10:00:03,HO2403-C-3100,HO2403-C-3100,41.4,0.0,0.0,0.0,1,40.0,41.8,18,40.2,41.4,41.4,41.4,1.0,4140.0,149
2023-05-11 10:00:03,HO2403-C-3100,HO2403-C-3100,41.4,0.0,0.0,0.0,1,40.0,41.8,19,40.2,41.4,41.4,41.4,1.0,4140.0,149
2023-05-11 10:00:04,HO2403-C-3100,HO2403-C-3100,41.4,0.0,0.0,0.0,1,40.0,41.8,20,40.2,41.4,41.4,41.4,1.0,4140.0,149
2023-05-11 10:00:24,HO2403-C-3100,HO2403-C-3100,41.4,0.0,0.0,0.0,1,40.0,41.6,1,40.2,41.4,41.4,41.4,1.0,4140.0,149
2023-05-11 10:00:31,HO2403-C-3100,HO2403-C-3100,41.4,0.0,0.0,0.0,1,40.0,41.8,18,40.2,41.4,41.4,41.4,1.0,4140.0,149
2023-05-11 10:00:40,HO2403-C-3100,HO2403-C-3100,41.4,0.0,0.0,0.0,1,40.0,41.8,19,40.2,41.4,41.4,41.4,1.0,4140.0,149
2023-05-11 10:00:40,HO2403-C-3100,HO2403-C-3100,41.4,0.0,0.0,0.0,1,40.0,41.8,13,40.2,41.4,41.4,41.4,1.0,4140.0,149
2023-05-11 10:00:50,HO2403-C-3100,HO2403-C-3100,41.4,0.0,0.0,0.0,1,40.0,41.6,1,40.2,41.4,41.4,41.4,1.0,4140.0,149
2023-05-11 10:00:56,HO2403-C-3100,HO2403-C-3100,41.4,0.0,0.0,0.0,1,40.0,41.4,6,40.2,41.4,41.4,41.4,1.0,4140.0,149
2023-05-11 10:01:54,HO2403-C-3100,HO2403-C-3100,41.4,0.0,0.0,0.0,1,40.0,41.4,7,40.2,41.4,41.4,41.4,1.0,4140.0,149
2023-05-11 10:02:04,HO2403-C-3100,HO2403-C-3100,41.4,0.0,0.0,0.0,1,40.0,41.2,1,40.2,41.4,41.4,41.4,1.0,4140.0,149
2023-05-11 10:02:14,HO2403-C-3100,HO2403-C-3100,41.4,0.0,0.0,0.0,1,40.0,41.0,1,40.2,41.4,41.4,41.4,1.0,4140.0,149
2023-05-11 10:02:41,HO2403-C-3100,HO2403-C-3100,41.4,0.0,0.0,0.0,1,39.2,41.0,1,40.2,41.4,41.4,41.4,1.0,4140.0,149
2023-05-11 10:02:43,HO2403-C-3100,HO2403-C-3100,41.4,0.0,0.0,0.0,1,39.2,41.4,7,40.2,41.4,41.4,41.4,1.0,4140.0,149
2023-05-11 10:03:03,HO2403-C-3100,HO2403-C-3100,41.4,0.0,0.0,0.0,1,39.2,41.2,6,40.2,41.4,41.4,41.4,1.0,4140.0,149
2023-05-11 10:03:29,HO2403-C-3100,HO2403-C-3100,41.4,0.0,0.0,0.0,1,39.2,41.2,7,40.2,41.4,41.4,41.4,1.0,4140.0,149
2023-05-11 10:03:39,HO2403-C-3100,HO2403-C-3100,41.4,0.0,0.0,0.0,1,39.2,41.0,1,40.2,41.4,41.4,41.4,1.0,4140.0,149
2023-05-11 10:03:58,HO2403-C-3100,HO2403-C-3100,41.4,0.0,0.0,0.0,1,39.2,41.2,6,40.2,41.4,41.4,41.4,1.0,4140.0,149
2023-05-11 10:04:24,HO2403-C-3100,HO2403-C-3100,41.4,0.0,0.0,0.0,1,39.2,41.2,12,40.2,41.4,41.4,41.4,1.0,4140.0,149
2023-05-11 10:04:37,HO2403-C-3100,HO2403-C-3100,41.4,0.0,0.0,0.0,1,39.2,41.2,18,40.2,41.4,41.4,41.4,1.0,4140.0,149
2023-05-11 10:04:38,HO2403-C-3100,HO2403-C-3100,41.4,0.0,0.0,0.0,1,39.2,41.2,25,40.2,41.4,41.4,41.4,1.0,4140.0,149
2023-05-11 10:04:38,HO2403-C-3100,HO2403-C-3100,41.4,0.0,0.0,0.0,1,39.2,41.2,24,40.2,41.4,41.4,41.4,1.0,4140.0,149
2023-05-11 10:04:43,HO2403-C-3100,HO2403-C-3100,41.4,0.0,0.0,0.0,1,39.2,41.2,18,40.2,41.4,41.4,41.4,1.0,4140.0,149
2023-05-11 10:05:00,HO2403-C-3100,HO2403-C-3100,41.4,0.0,0.0,0.0,1,39.2,41.2,24,40.2,41.4,41.4,41.4,1.0,4140.0,149
2023-05-11 10:05:13,HO2403-C-3100,HO2403-C-3100,41.4,0.0,0.0,0.0,1,39.2,41.0,6,40.2,41.4,41.4,41.4,1.0,4140.0,149
2023-05-11 10:05:16,HO2403-C-3100,HO2403-C-3100,41.0,6.0,24600.0,6.0,4,41.0,41.2,24,40.2,41.4,41.4,41.0,7.0,28740.0,155
2023-05-11 10:05:17,HO2403-C-3100,HO2403-C-3100,41.0,4.0,16400.0,4.0,13,39.2,41.2,18,40.2,41.4,41.4,41.0,11.0,45140.0,159
2023-05-11 10:05:17,HO2403-C-3100,HO2403-C-3100,41.0,0.0,0.0,0.0,1,39.2,41.2,12,40.2,41.4,41.4,41.0,11.0,45140.0,159
2023-05-11 10:05:18,HO2403-C-3100,HO2403-C-3100,41.0,0.0,0.0,0.0,1,39.2,41.2,6,40.2,41.4,41.4,41.0,11.0,45140.0,159
2023-05-11 10:05:29,HO2403-C-3100,HO2403-C-3100,41.2,6.0,24720.0,0.0,4,41.2,41.4,18,40.2,41.4,41.4,41.0,17.0,69860.0,159
2023-05-11 10:05:29,HO2403-C-3100,HO2403-C-3100,41.2,4.0,16480.0,4.0,12,39.4,41.4,18,40.2,41.4,41.4,41.0,21.0,86340.0,163
2023-05-11 10:05:30,HO2403-C-3100,HO2403-C-3100,41.2,0.0,0.0,0.0,1,39.2,41.4,18,40.2,41.4,41.4,41.0,21.0,86340.0,163
2023-05-11 10:05:38,HO2403-C-3100,HO2403-C-3100,41.2,0.0,0.0,0.0,1,39.2,41.4,19,40.2,41.4,41.4,41.0,21.0,86340.0,163
2023-05-11 10:05:48,HO2403-C-3100,HO2403-C-3100,41.2,0.0,0.0,0.0,1,39.2,41.2,1,40.2,41.4,41.4,41.0,21.0,86340.0,163
2023-05-11 10:05:51,HO2403-C-3100,HO2403-C-3100,41.2,0.0,0.0,0.0,1,39.2,41.0,6,40.2,41.4,41.4,41.0,21.0,86340.0,163
2023-05-11 10:06:02,HO2403-C-3100,HO2403-C-3100,41.2,0.0,0.0,0.0,4,39.2,41.0,6,40.2,41.4,41.4,41.0,21.0,86340.0,163
2023-05-11 10:06:10,HO2403-C-3100,HO2403-C-3100,41.2,0.0,0.0,0.0,1,39.2,41.0,6,40.2,41.4,41.4,41.0,21.0,86340.0,163
2023-05-11 10:06:14,HO2403-C-3100,HO2403-C-3100,41.2,0.0,0.0,0.0,4,39.2,41.0,6,40.2,41.4,41.4,41.0,21.0,86340.0,163
2023-05-11 10:06:25,HO2403-C-3100,HO2403-C-3100,41.2,0.0,0.0,0.0,1,39.2,41.0,6,40.2,41.4,41.4,41.0,21.0,86340.0,163
2023-05-11 10:06:26,HO2403-C-3100,HO2403-C-3100,41.2,0.0,0.0,0.0,4,39.2,41.0,6,40.2,41.4,41.4,41.0,21.0,86340.0,163
2023-05-11 10:06:26,HO2403-C-3100,HO2403-C-3100,41.2,0.0,0.0,0.0,1,39.2,41.0,6,40.2,41.4,41.4,41.0,21.0,86340.0,163
2023-05-11 10:06:27,HO2403-C-3100,HO2403-C-3100,41.2,0.0,0.0,0.0,4,39.2,41.0,6,40.2,41.4,41.4,41.0,21.0,86340.0,163
2023-05-11 10:06:27,HO2403-C-3100,HO2403-C-3100,41.2,0.0,0.0,0.0,1,39.2,41.0,6,40.2,41.4,41.4,41.0,21.0,86340.0,163
2023-05-11 10:06:28,HO2403-C-3100,HO2403-C-3100,41.2,0.0,0.0,0.0,4,39.2,41.0,6,40.2,41.4,41.4,41.0,21.0,86340.0,163
2023-05-11 10:06:32,HO2403-C-3100,HO2403-C-3100,41.2,0.0,0.0,0.0,1,39.2,41.0,6,40.2,41.4,41.4,41.0,21.0,86340.0,163
2023-05-11 10:06:54,HO2403-C-3100,HO2403-C-3100,41.2,0.0,0.0,0.0,4,39.2,41.0,6,40.2,41.4,41.4,41.0,21.0,86340.0,163
2023-05-11 10:06:56,HO2403-C-3100,HO2403-C-3100,41.2,0.0,0.0,0.0,1,39.2,41.0,6,40.2,41.4,41.4,41.0,21.0,86340.0,163
2023-05-11 10:06:59,HO2403-C-3100,HO2403-C-3100,41.2,0.0,0.0,0.0,4,39.2,41.0,6,40.2,41.4,41.4,41.0,21.0,86340.0,163
2023-05-11 10:07:00,HO2403-C-3100,HO2403-C-3100,41.2,0.0,0.0,0.0,4,39.2,41.2,1,40.2,41.4,41.4,41.0,21.0,86340.0,163
2023-05-11 10:07:01,HO2403-C-3100,HO2403-C-3100,41.2,0.0,0.0,0.0,1,39.2,41.2,1,40.2,41.4,41.4,41.0,21.0,86340.0,163
2023-05-11 10:07:02,HO2403-C-3100,HO2403-C-3100,41.2,0.0,0.0,0.0,4,39.2,41.2,1,40.2,41.4,41.4,41.0,21.0,86340.0,163
2023-05-11 10:07:03,HO2403-C-3100,HO2403-C-3100,41.2,0.0,0.0,0.0,1,39.2,41.2,1,40.2,41.4,41.4,41.0,21.0,86340.0,163
2023-05-11 10:07:04,HO2403-C-3100,HO2403-C-3100,41.2,0.0,0.0,0.0,4,39.2,41.2,1,40.2,41.4,41.4,41.0,21.0,86340.0,163
2023-05-11 10:07:05,HO2403-C-3100,HO2403-C-3100,41.2,0.0,0.0,0.0,1,39.2,41.2,1,40.2,41.4,41.4,41.0,21.0,86340.0,163
2023-05-11 10:07:07,HO2403-C-3100,HO2403-C-3100,41.2,0.0,0.0,0.0,4,39.2,41.2,1,40.2,41.4,41.4,41.0,21.0,86340.0,163
2023-05-11 10:07:08,HO2403-C-3100,HO2403-C-3100,41.2,0.0,0.0,0.0,4,39.2,41.4,6,40.2,41.4,41.4,41.0,21.0,86340.0,163
2023-05-11 10:07:09,HO2403-C-3100,HO2403-C-3100,41.2,0.0,0.0,0.0,4,39.2,41.6,19,40.2,41.4,41.4,41.0,21.0,86340.0,163
2023-05-11 10:07:09,HO2403-C-3100,HO2403-C-3100,41.2,0.0,0.0,0.0,4,39.2,41.6,13,40.2,41.4,41.4,41.0,21.0,86340.0,163
2023-05-11 10:07:10,HO2403-C-3100,HO2403-C-3100,41.2,0.0,0.0,0.0,1,39.2,41.6,7,40.2,41.4,41.4,41.0,21.0,86340.0,163
2023-05-11 10:07:10,HO2403-C-3100,HO2403-C-3100,41.2,0.0,0.0,0.0,4,39.2,41.6,1,40.2,41.4,41.4,41.0,21.0,86340.0,163
2023-05-11 10:07:22,HO2403-C-3100,HO2403-C-3100,41.2,0.0,0.0,0.0,4,39.2,41.8,31,40.2,41.4,41.4,41.0,21.0,86340.0,163
2023-05-11 10:07:23,HO2403-C-3100,HO2403-C-3100,41.2,0.0,0.0,0.0,4,39.2,41.8,32,40.2,41.4,41.4,41.0,21.0,86340.0,163
2023-05-11 10:07:24,HO2403-C-3100,HO2403-C-3100,41.2,0.0,0.0,0.0,4,39.2,41.8,25,40.2,41.4,41.4,41.0,21.0,86340.0,163
2023-05-11 10:07:25,HO2403-C-3100,HO2403-C-3100,41.2,0.0,0.0,0.0,4,39.2,41.8,26,40.2,41.4,41.4,41.0,21.0,86340.0,163
2023-05-11 10:07:28,HO2403-C-3100,HO2403-C-3100,41.2,0.0,0.0,0.0,4,39.2,41.6,1,40.2,41.4,41.4,41.0,21.0,86340.0,163
2023-05-11 10:07:33,HO2403-C-3100,HO2403-C-3100,41.2,0.0,0.0,0.0,4,39.2,41.8,25,40.2,41.4,41.4,41.0,21.0,86340.0,163
2023-05-11 10:07:33,HO2403-C-3100,HO2403-C-3100,41.2,0.0,0.0,0.0,4,39.2,41.8,26,40.2,41.4,41.4,41.0,21.0,86340.0,163
2023-05-11 10:07:41,HO2403-C-3100,HO2403-C-3100,41.2,0.0,0.0,0.0,4,39.2,41.6,1,40.2,41.4,41.4,41.0,21.0,86340.0,163
2023-05-11 10:07:47,HO2403-C-3100,HO2403-C-3100,41.2,0.0,0.0,0.0,4,39.2,41.8,25,40.2,41.4,41.4,41.0,21.0,86340.0,163
2023-05-11 10:07:47,HO2403-C-3100,HO2403-C-3100,41.2,0.0,0.0,0.0,4,39.2,41.8,26,40.2,41.4,41.4,41.0,21.0,86340.0,163
2023-05-11 10:07:58,HO2403-C-3100,HO2403-C-3100,41.2,0.0,0.0,0.0,4,39.2,41.6,1,40.2,41.4,41.4,41.0,21.0,86340.0,163
2023-05-11 10:07:58,HO2403-C-3100,HO2403-C-3100,41.2,0.0,0.0,0.0,4,39.2,41.6,2,40.2,41.4,41.4,41.0,21.0,86340.0,163
2023-05-11 10:07:59,HO2403-C-3100,HO2403-C-3100,41.2,0.0,0.0,0.0,4,39.2,41.6,1,40.2,41.4,41.4,41.0,21.0,86340.0,163
2023-05-11 10:08:06,HO2403-C-3100,HO2403-C-3100,41.2,0.0,0.0,0.0,4,39.2,41.8,25,40.2,41.4,41.4,41.0,21.0,86340.0,163
2023-05-11 10:08:06,HO2403-C-3100,HO2403-C-3100,41.2,0.0,0.0,0.0,4,39.2,41.8,26,40.2,41.4,41.4,41.0,21.0,86340.0,163
2023-05-11 10:08:16,HO2403-C-3100,HO2403-C-3100,41.2,0.0,0.0,0.0,4,39.2,41.6,1,40.2,41.4,41.4,41.0,21.0,86340.0,163
2023-05-11 10:08:20,HO2403-C-3100,HO2403-C-3100,41.2,0.0,0.0,0.0,4,39.2,41.8,25,40.2,41.4,41.4,41.0,21.0,86340.0,163
2023-05-11 10:08:23,HO2403-C-3100,HO2403-C-3100,41.2,0.0,0.0,0.0,4,39.2,41.8,26,40.2,41.4,41.4,41.0,21.0,86340.0,163
2023-05-11 10:08:35,HO2403-C-3100,HO2403-C-3100,41.2,0.0,0.0,0.0,4,39.2,41.6,1,40.2,41.4,41.4,41.0,21.0,86340.0,163
2023-05-11 10:08:39,HO2403-C-3100,HO2403-C-3100,41.2,0.0,0.0,0.0,4,39.2,41.8,25,40.2,41.4,41.4,41.0,21.0,86340.0,163
2023-05-11 10:08:46,HO2403-C-3100,HO2403-C-3100,41.2,0.0,0.0,0.0,4,39.2,41.6,1,40.2,41.4,41.4,41.0,21.0,86340.0,163
2023-05-11 10:08:50,HO2403-C-3100,HO2403-C-3100,41.2,0.0,0.0,0.0,4,39.2,41.8,25,40.2,41.4,41.4,41.0,21.0,86340.0,163
2023-05-11 10:08:51,HO2403-C-3100,HO2403-C-3100,41.2,0.0,0.0,0.0,4,39.2,41.8,26,40.2,41.4,41.4,41.0,21.0,86340.0,163
2023-05-11 10:08:56,HO2403-C-3100,HO2403-C-3100,41.2,0.0,0.0,0.0,4,39.2,41.6,1,40.2,41.4,41.4,41.0,21.0,86340.0,163
2023-05-11 10:08:56,HO2403-C-3100,HO2403-C-3100,41.2,0.0,0.0,0.0,4,39.2,41.6,2,40.2,41.4,41.4,41.0,21.0,86340.0,163
2023-05-11 10:09:01,HO2403-C-3100,HO2403-C-3100,41.2,0.0,0.0,0.0,4,39.2,41.6,1,40.2,41.4,41.4,41.0,21.0,86340.0,163
2023-05-11 10:09:17,HO2403-C-3100,HO2403-C-3100,41.2,0.0,0.0,0.0,4,39.2,41.8,25,40.2,41.4,41.4,41.0,21.0,86340.0,163
2023-05-11 10:09:17,HO2403-C-3100,HO2403-C-3100,41.2,0.0,0.0,0.0,4,39.2,41.8,26,40.2,41.4,41.4,41.0,21.0,86340.0,163
2023-05-11 10:09:41,HO2403-C-3100,HO2403-C-3100,41.2,0.0,0.0,0.0,4,39.2,41.6,1,40.2,41.4,41.4,41.0,21.0,86340.0,163
2023-05-11 10:09:46,HO2403-C-3100,HO2403-C-3100,41.2,0.0,0.0,0.0,4,39.2,41.8,25,40.2,41.4,41.4,41.0,21.0,86340.0,163
2023-05-11 10:09:46,HO2403-C-3100,HO2403-C-3100,41.2,0.0,0.0,0.0,4,39.2,41.8,26,40.2,41.4,41.4,41.0,21.0,86340.0,163
2023-05-11 10:09:56,HO2403-C-3100,HO2403-C-3100,41.2,0.0,0.0,0.0,4,39.2,41.6,1,40.2,41.4,41.4,41.0,21.0,86340.0,163
2023-05-11 10:09:57,HO2403-C-3100,HO2403-C-3100,41.2,0.0,0.0,0.0,1,39.2,41.6,2,40.2,41.4,41.4,41.0,21.0,86340.0,163
2023-05-11 10:09:59,HO2403-C-3100,HO2403-C-3100,41.2,0.0,0.0,0.0,4,39.2,41.6,2,40.2,41.4,41.4,41.0,21.0,86340.0,163
2023-05-11 10:10:01,HO2403-C-3100,HO2403-C-3100,41.2,0.0,0.0,0.0,1,39.2,41.6,2,40.2,41.4,41.4,41.0,21.0,86340.0,163
2023-05-11 10:10:01,HO2403-C-3100,HO2403-C-3100,41.2,0.0,0.0,0.0,4,39.2,41.6,1,40.2,41.4,41.4,41.0,21.0,86340.0,163
2023-05-11 10:10:05,HO2403-C-3100,HO2403-C-3100,41.2,0.0,0.0,0.0,1,39.2,41.6,1,40.2,41.4,41.4,41.0,21.0,86340.0,163
2023-05-11 10:10:07,HO2403-C-3100,HO2403-C-3100,41.2,0.0,0.0,0.0,4,39.2,41.8,31,40.2,41.4,41.4,41.0,21.0,86340.0,163
2023-05-11 10:10:07,HO2403-C-3100,HO2403-C-3100,41.2,0.0,0.0,0.0,4,39.2,41.8,32,40.2,41.4,41.4,41.0,21.0,86340.0,163
2023-05-11 10:10:17,HO2403-C-3100,HO2403-C-3100,41.2,0.0,0.0,0.0,1,39.2,41.8,32,40.2,41.4,41.4,41.0,21.0,86340.0,163
2023-05-11 10:10:18,HO2403-C-3100,HO2403-C-3100,41.2,0.0,0.0,0.0,4,39.2,41.8,32,40.2,41.4,41.4,41.0,21.0,86340.0,163
2023-05-11 10:10:20,HO2403-C-3100,HO2403-C-3100,41.2,0.0,0.0,0.0,1,39.2,41.8,32,40.2,41.4,41.4,41.0,21.0,86340.0,163
2023-05-11 10:10:24,HO2403-C-3100,HO2403-C-3100,41.2,0.0,0.0,0.0,4,39.2,41.8,32,40.2,41.4,41.4,41.0,21.0,86340.0,163
2023-05-11 10:10:24,HO2403-C-3100,HO2403-C-3100,41.2,0.0,0.0,0.0,1,39.2,41.8,32,40.2,41.4,41.4,41.0,21.0,86340.0,163
2023-05-11 10:10:25,HO2403-C-3100,HO2403-C-3100,41.2,0.0,0.0,0.0,4,39.2,41.8,32,40.2,41.4,41.4,41.0,21.0,86340.0,163
2023-05-11 10:10:25,HO2403-C-3100,HO2403-C-3100,41.2,0.0,0.0,0.0,4,39.2,41.8,31,40.2,41.4,41.4,41.0,21.0,86340.0,163
2023-05-11 10:10:26,HO2403-C-3100,HO2403-C-3100,41.2,0.0,0.0,0.0,4,39.2,41.8,32,40.2,41.4,41.4,41.0,21.0,86340.0,163
2023-05-11 10:10:36,HO2403-C-3100,HO2403-C-3100,41.2,0.0,0.0,0.0,4,39.2,41.8,31,40.2,41.4,41.4,41.0,21.0,86340.0,163
2023-05-11 10:10:55,HO2403-C-3100,HO2403-C-3100,41.2,0.0,0.0,0.0,4,39.2,41.8,32,40.2,41.4,41.4,41.0,21.0,86340.0,163
2023-05-11 10:11:07,HO2403-C-3100,HO2403-C-3100,41.2,0.0,0.0,0.0,1,39.2,41.8,32,40.2,41.4,41.4,41.0,21.0,86340.0,163
2023-05-11 10:11:09,HO2403-C-3100,HO2403-C-3100,41.2,0.0,0.0,0.0,4,39.2,41.8,32,40.2,41.4,41.4,41.0,21.0,86340.0,163
2023-05-11 10:11:15,HO2403-C-3100,HO2403-C-3100,41.2,0.0,0.0,0.0,1,39.2,41.8,32,40.2,41.4,41.4,41.0,21.0,86340.0,163
2023-05-11 10:11:16,HO2403-C-3100,HO2403-C-3100,41.2,0.0,0.0,0.0,4,39.2,41.8,32,40.2,41.4,41.4,41.0,21.0,86340.0,163
2023-05-11 10:11:23,HO2403-C-3100,HO2403-C-3100,41.2,0.0,0.0,0.0,4,39.2,41.8,31,40.2,41.4,41.4,41.0,21.0,86340.0,163
2023-05-11 10:11:54,HO2403-C-3100,HO2403-C-3100,41.2,0.0,0.0,0.0,4,39.2,41.8,32,40.2,41.4,41.4,41.0,21.0,86340.0,163
2023-05-11 10:11:58,HO2403-C-3100,HO2403-C-3100,41.2,0.0,0.0,0.0,4,39.2,41.6,1,40.2,41.4,41.4,41.0,21.0,86340.0,163
2023-05-11 10:11:59,HO2403-C-3100,HO2403-C-3100,41.2,0.0,0.0,0.0,1,39.2,41.2,1,40.2,41.4,41.4,41.0,21.0,86340.0,163
2023-05-11 10:11:59,HO2403-C-3100,HO2403-C-3100,41.2,0.0,0.0,0.0,3,39.2,41.2,1,40.2,41.4,41.4,41.0,21.0,86340.0,163
2023-05-11 10:12:00,HO2403-C-3100,HO2403-C-3100,41.2,0.0,0.0,0.0,6,39.0,41.2,1,40.2,41.4,41.4,41.0,21.0,86340.0,163
2023-05-11 10:12:01,HO2403-C-3100,HO2403-C-3100,41.2,0.0,0.0,0.0,9,39.0,41.2,1,40.2,41.4,41.4,41.0,21.0,86340.0,163
2023-05-11 10:13:58,HO2403-C-3100,HO2403-C-3100,41.2,0.0,0.0,0.0,16,39.0,41.2,1,40.2,41.4,41.4,41.0,21.0,86340.0,163
2023-05-11 10:13:58,HO2403-C-3100,HO2403-C-3100,41.2,0.0,0.0,0.0,28,39.0,41.2,1,40.2,41.4,41.4,41.0,21.0,86340.0,163
2023-05-11 10:13:59,HO2403-C-3100,HO2403-C-3100,41.2,0.0,0.0,0.0,27,39.0,41.2,1,40.2,41.4,41.4,41.0,21.0,86340.0,163
2023-05-11 10:14:59,HO2403-C-3100,HO2403-C-3100,41.2,0.0,0.0,0.0,21,39.0,41.2,1,40.2,41.4,41.4,41.0,21.0,86340.0,163
2023-05-11 10:15:14,HO2403-C-3100,HO2403-C-3100,41.2,0.0,0.0,0.0,15,39.0,41.2,1,40.2,41.4,41.4,41.0,21.0,86340.0,163
2023-05-11 10:18:09,HO2403-C-3100,HO2403-C-3100,41.2,0.0,0.0,0.0,21,39.0,41.2,1,40.2,41.4,41.4,41.0,21.0,86340.0,163
2023-05-11 10:18:32,HO2403-C-3100,HO2403-C-3100,41.2,0.0,0.0,0.0,15,39.0,41.2,1,40.2,41.4,41.4,41.0,21.0,86340.0,163
2023-05-11 10:20:27,HO2403-C-3100,HO2403-C-3100,41.2,0.0,0.0,0.0,16,39.0,41.2,1,40.2,41.4,41.4,41.0,21.0,86340.0,163
2023-05-11 10:20:28,HO2403-C-3100,HO2403-C-3100,41.2,0.0,0.0,0.0,15,39.0,41.2,1,40.2,41.4,41.4,41.0,21.0,86340.0,163
2023-05-11 10:21:03,HO2403-C-3100,HO2403-C-3100,41.2,0.0,0.0,0.0,16,39.0,41.2,1,40.2,41.4,41.4,41.0,21.0,86340.0,163
2023-05-11 10:21:41,HO2403-C-3100,HO2403-C-3100,41.2,0.0,0.0,0.0,10,39.0,41.2,1,40.2,41.4,41.4,41.0,21.0,86340.0,163
2023-05-11 10:22:30,HO2403-C-3100,HO2403-C-3100,41.2,0.0,0.0,0.0,10,39.0,40.8,2,40.2,41.4,41.4,41.0,21.0,86340.0,163
2023-05-11 10:22:38,HO2403-C-3100,HO2403-C-3100,41.2,0.0,0.0,0.0,9,39.0,40.8,2,40.2,41.4,41.4,41.0,21.0,86340.0,163
2023-05-11 10:22:51,HO2403-C-3100,HO2403-C-3100,41.2,0.0,0.0,0.0,6,39.0,40.8,2,40.2,41.4,41.4,41.0,21.0,86340.0,163
2023-05-11 10:30:03,HO2403-C-3100,HO2403-C-3100,41.2,0.0,0.0,0.0,6,39.0,40.8,8,40.2,41.4,41.4,41.0,21.0,86340.0,163
2023-05-11 10:30:05,HO2403-C-3100,HO2403-C-3100,41.2,0.0,0.0,0.0,6,39.0,40.6,1,40.2,41.4,41.4,41.0,21.0,86340.0,163
2023-05-11 10:30:06,HO2403-C-3100,HO2403-C-3100,41.2,0.0,0.0,0.0,6,39.0,40.2,2,40.2,41.4,41.4,41.0,21.0,86340.0,163
2023-05-11 10:30:07,HO2403-C-3100,HO2403-C-3100,41.2,0.0,0.0,0.0,6,38.6,40.2,2,40.2,41.4,41.4,41.0,21.0,86340.0,163
2023-05-11 10:30:07,HO2403-C-3100,HO2403-C-3100,41.2,0.0,0.0,0.0,9,38.6,40.2,2,40.2,41.4,41.4,41.0,21.0,86340.0,163
2023-05-11 10:30:08,HO2403-C-3100,HO2403-C-3100,41.2,0.0,0.0,0.0,6,38.6,40.2,2,40.2,41.4,41.4,41.0,21.0,86340.0,163
2023-05-11 10:30:09,HO2403-C-3100,HO2403-C-3100,41.2,0.0,0.0,0.0,9,38.6,40.2,2,40.2,41.4,41.4,41.0,21.0,86340.0,163
2023-05-11 10:30:10,HO2403-C-3100,HO2403-C-3100,41.2,0.0,0.0,0.0,6,38.6,40.2,2,40.2,41.4,41.4,41.0,21.0,86340.0,163
2023-05-11 10:30:11,HO2403-C-3100,HO2403-C-3100,41.2,0.0,0.0,0.0,9,38.6,40.2,2,40.2,41.4,41.4,41.0,21.0,86340.0,163
2023-05-11 10:30:16,HO2403-C-3100,HO2403-C-3100,41.2,0.0,0.0,0.0,6,38.6,40.2,2,40.2,41.4,41.4,41.0,21.0,86340.0,163
2023-05-11 10:30:17,HO2403-C-3100,HO2403-C-3100,41.2,0.0,0.0,0.0,9,38.6,40.2,2,40.2,41.4,41.4,41.0,21.0,86340.0,163
2023-05-11 10:30:22,HO2403-C-3100,HO2403-C-3100,41.2,0.0,0.0,0.0,9,38.6,40.6,1,40.2,41.4,41.4,41.0,21.0,86340.0,163
2023-05-11 10:30:22,HO2403-C-3100,HO2403-C-3100,41.2,0.0,0.0,0.0,9,38.6,40.4,2,40.2,41.4,41.4,41.0,21.0,86340.0,163
2023-05-11 10:30:41,HO2403-C-3100,HO2403-C-3100,41.2,0.0,0.0,0.0,9,38.6,40.6,1,40.2,41.4,41.4,41.0,21.0,86340.0,163
2023-05-11 10:31:00,HO2403-C-3100,HO2403-C-3100,41.2,0.0,0.0,0.0,9,38.6,40.2,2,40.2,41.4,41.4,41.0,21.0,86340.0,163
2023-05-11 10:31:47,HO2403-C-3100,HO2403-C-3100,41.2,0.0,0.0,0.0,6,38.6,40.2,2,40.2,41.4,41.4,41.0,21.0,86340.0,163
2023-05-11 10:31:49,HO2403-C-3100,HO2403-C-3100,41.2,0.0,0.0,0.0,9,38.6,40.2,2,40.2,41.4,41.4,41.0,21.0,86340.0,163
2023-05-11 10:31:50,HO2403-C-3100,HO2403-C-3100,41.2,0.0,0.0,0.0,6,38.6,40.2,2,40.2,41.4,41.4,41.0,21.0,86340.0,163
2023-05-11 10:31:50,HO2403-C-3100,HO2403-C-3100,41.2,0.0,0.0,0.0,9,38.6,40.2,2,40.2,41.4,41.4,41.0,21.0,86340.0,163
2023-05-11 10:32:17,HO2403-C-3100,HO2403-C-3100,41.2,0.0,0.0,0.0,9,38.6,40.6,1,40.2,41.4,41.4,41.0,21.0,86340.0,163
2023-05-11 10:32:18,HO2403-C-3100,HO2403-C-3100,41.2,0.0,0.0,0.0,9,38.6,40.4,2,40.2,41.4,41.4,41.0,21.0,86340.0,163
2023-05-11 10:33:16,HO2403-C-3100,HO2403-C-3100,41.2,0.0,0.0,0.0,1,38.8,40.4,2,40.2,41.4,41.4,41.0,21.0,86340.0,163
2023-05-11 10:33:17,HO2403-C-3100,HO2403-C-3100,41.2,0.0,0.0,0.0,4,38.8,40.4,2,40.2,41.4,41.4,41.0,21.0,86340.0,163
2023-05-11 10:33:21,HO2403-C-3100,HO2403-C-3100,41.2,0.0,0.0,0.0,1,38.8,40.4,2,40.2,41.4,41.4,41.0,21.0,86340.0,163
2023-05-11 11:03:07,HO2403-C-3100,HO2403-C-3100,41.2,0.0,0.0,0.0,4,38.8,40.4,2,40.2,41.4,41.4,41.0,21.0,86340.0,163
2023-05-11 11:03:08,HO2403-C-3100,HO2403-C-3100,41.2,0.0,0.0,0.0,1,38.8,40.4,2,40.2,41.4,41.4,41.0,21.0,86340.0,163
2023-05-11 11:03:08,HO2403-C-3100,HO2403-C-3100,41.2,0.0,0.0,0.0,4,38.8,40.4,2,40.2,41.4,41.4,41.0,21.0,86340.0,163
2023-05-11 11:03:09,HO2403-C-3100,HO2403-C-3100,41.2,0.0,0.0,0.0,1,38.8,40.4,2,40.2,41.4,41.4,41.0,21.0,86340.0,163
2023-05-11 11:07:36,HO2403-C-3100,HO2403-C-3100,41.2,0.0,0.0,0.0,4,38.8,40.4,2,40.2,41.4,41.4,41.0,21.0,86340.0,163
2023-05-11 11:07:36,HO2403-C-3100,HO2403-C-3100,41.2,0.0,0.0,0.0,1,39.4,40.4,2,40.2,41.4,41.4,41.0,21.0,86340.0,163
2023-05-11 11:10:11,HO2403-C-3100,HO2403-C-3100,41.2,0.0,0.0,0.0,1,39.4,40.4,8,40.2,41.4,41.4,41.0,21.0,86340.0,163
2023-05-11 11:10:23,HO2403-C-3100,HO2403-C-3100,41.2,0.0,0.0,0.0,1,38.6,40.4,8,40.2,41.4,41.4,41.0,21.0,86340.0,163
2023-05-11 11:10:23,HO2403-C-3100,HO2403-C-3100,41.2,0.0,0.0,0.0,4,38.6,40.4,8,40.2,41.4,41.4,41.0,21.0,86340.0,163
2023-05-11 11:10:27,HO2403-C-3100,HO2403-C-3100,41.2,0.0,0.0,0.0,1,38.6,40.4,8,40.2,41.4,41.4,41.0,21.0,86340.0,163
2023-05-11 11:12:15,HO2403-C-3100,HO2403-C-3100,41.2,0.0,0.0,0.0,1,38.6,40.4,9,40.2,41.4,41.4,41.0,21.0,86340.0,163
2023-05-11 11:12:25,HO2403-C-3100,HO2403-C-3100,41.2,0.0,0.0,0.0,1,38.6,40.4,8,40.2,41.4,41.4,41.0,21.0,86340.0,163
2023-05-11 11:13:03,HO2403-C-3100,HO2403-C-3100,41.2,0.0,0.0,0.0,1,38.6,40.4,2,40.2,41.4,41.4,41.0,21.0,86340.0,163
2023-05-11 11:19:42,HO2403-C-3100,HO2403-C-3100,41.2,0.0,0.0,0.0,24,38.0,40.2,1,40.2,41.4,41.4,41.0,21.0,86340.0,163
2023-05-11 11:19:43,HO2403-C-3100,HO2403-C-3100,41.2,0.0,0.0,0.0,3,38.2,40.2,1,40.2,41.4,41.4,41.0,21.0,86340.0,163
2023-05-11 11:19:43,HO2403-C-3100,HO2403-C-3100,41.2,0.0,0.0,0.0,18,38.0,39.8,2,40.2,41.4,41.4,41.0,21.0,86340.0,163
2023-05-11 11:19:44,HO2403-C-3100,HO2403-C-3100,41.2,0.0,0.0,0.0,15,38.0,39.8,2,40.2,41.4,41.4,41.0,21.0,86340.0,163
2023-05-11 11:19:44,HO2403-C-3100,HO2403-C-3100,41.2,0.0,0.0,0.0,9,38.0,39.8,2,40.2,41.4,41.4,41.0,21.0,86340.0,163
2023-05-11 11:19:45,HO2403-C-3100,HO2403-C-3100,41.2,0.0,0.0,0.0,3,38.0,39.8,2,40.2,41.4,41.4,41.0,21.0,86340.0,163
2023-05-11 11:20:01,HO2403-C-3100,HO2403-C-3100,41.2,0.0,0.0,0.0,19,37.8,39.8,2,40.2,41.4,41.4,41.0,21.0,86340.0,163
2023-05-11 11:20:02,HO2403-C-3100,HO2403-C-3100,41.2,0.0,0.0,0.0,16,37.8,39.8,2,40.2,41.4,41.4,41.0,21.0,86340.0,163
2023-05-11 11:20:16,HO2403-C-3100,HO2403-C-3100,41.2,0.0,0.0,0.0,16,37.8,39.8,3,40.2,41.4,41.4,41.0,21.0,86340.0,163
2023-05-11 11:21:19,HO2403-C-3100,HO2403-C-3100,41.2,0.0,0.0,0.0,17,37.8,39.8,3,40.2,41.4,41.4,41.0,21.0,86340.0,163
2023-05-11 11:22:03,HO2403-C-3100,HO2403-C-3100,41.2,0.0,0.0,0.0,16,37.8,39.8,3,40.2,41.4,41.4,41.0,21.0,86340.0,163
2023-05-11 11:23:33,HO2403-C-3100,HO2403-C-3100,41.2,0.0,0.0,0.0,13,37.8,39.8,3,40.2,41.4,41.4,41.0,21.0,86340.0,163
2023-05-11 11:23:46,HO2403-C-3100,HO2403-C-3100,41.2,0.0,0.0,0.0,16,37.8,39.8,3,40.2,41.4,41.4,41.0,21.0,86340.0,163
2023-05-11 11:23:50,HO2403-C-3100,HO2403-C-3100,41.2,0.0,0.0,0.0,13,37.8,39.8,3,40.2,41.4,41.4,41.0,21.0,86340.0,163
2023-05-11 11:24:06,HO2403-C-3100,HO2403-C-3100,41.2,0.0,0.0,0.0,16,37.8,39.8,3,40.2,41.4,41.4,41.0,21.0,86340.0,163
2023-05-11 11:24:31,HO2403-C-3100,HO2403-C-3100,41.2,0.0,0.0,0.0,13,37.8,39.8,3,40.2,41.4,41.4,41.0,21.0,86340.0,163
2023-05-11 11:25:00,HO2403-C-3100,HO2403-C-3100,41.2,0.0,0.0,0.0,16,37.8,39.8,3,40.2,41.4,41.4,41.0,21.0,86340.0,163
2023-05-11 11:25:04,HO2403-C-3100,HO2403-C-3100,41.2,0.0,0.0,0.0,13,37.8,39.8,3,40.2,41.4,41.4,41.0,21.0,86340.0,163
2023-05-11 11:25:04,HO2403-C-3100,HO2403-C-3100,41.2,0.0,0.0,0.0,16,37.8,39.8,3,40.2,41.4,41.4,41.0,21.0,86340.0,163
2023-05-11 11:25:05,HO2403-C-3100,HO2403-C-3100,41.2,0.0,0.0,0.0,13,37.8,39.8,3,40.2,41.4,41.4,41.0,21.0,86340.0,163
2023-05-11 11:25:10,HO2403-C-3100,HO2403-C-3100,41.2,0.0,0.0,0.0,16,37.8,39.8,3,40.2,41.4,41.4,41.0,21.0,86340.0,163
2023-05-11 11:25:22,HO2403-C-3100,HO2403-C-3100,41.2,0.0,0.0,0.0,13,37.8,39.8,3,40.2,41.4,41.4,41.0,21.0,86340.0,163
2023-05-11 11:25:22,HO2403-C-3100,HO2403-C-3100,41.2,0.0,0.0,0.0,16,37.8,39.8,3,40.2,41.4,41.4,41.0,21.0,86340.0,163
2023-05-11 11:25:30,HO2403-C-3100,HO2403-C-3100,41.2,0.0,0.0,0.0,13,37.8,39.8,3,40.2,41.4,41.4,41.0,21.0,86340.0,163
2023-05-11 11:25:30,HO2403-C-3100,HO2403-C-3100,41.2,0.0,0.0,0.0,16,37.8,39.8,3,40.2,41.4,41.4,41.0,21.0,86340.0,163
2023-05-11 11:25:31,HO2403-C-3100,HO2403-C-3100,41.2,0.0,0.0,0.0,13,37.8,39.8,3,40.2,41.4,41.4,41.0,21.0,86340.0,163
2023-05-11 11:25:33,HO2403-C-3100,HO2403-C-3100,41.2,0.0,0.0,0.0,16,37.8,39.8,3,40.2,41.4,41.4,41.0,21.0,86340.0,163
2023-05-11 11:25:35,HO2403-C-3100,HO2403-C-3100,41.2,0.0,0.0,0.0,13,37.8,39.8,3,40.2,41.4,41.4,41.0,21.0,86340.0,163
2023-05-11 11:25:37,HO2403-C-3100,HO2403-C-3100,41.2,0.0,0.0,0.0,16,37.8,39.8,3,40.2,41.4,41.4,41.0,21.0,86340.0,163
2023-05-11 11:25:37,HO2403-C-3100,HO2403-C-3100,41.2,0.0,0.0,0.0,13,37.8,39.8,3,40.2,41.4,41.4,41.0,21.0,86340.0,163
2023-05-11 11:25:39,HO2403-C-3100,HO2403-C-3100,41.2,0.0,0.0,0.0,16,37.8,39.8,3,40.2,41.4,41.4,41.0,21.0,86340.0,163
2023-05-11 11:25:47,HO2403-C-3100,HO2403-C-3100,41.2,0.0,0.0,0.0,13,37.8,39.8,3,40.2,41.4,41.4,41.0,21.0,86340.0,163
2023-05-11 11:25:47,HO2403-C-3100,HO2403-C-3100,41.2,0.0,0.0,0.0,16,37.8,39.8,3,40.2,41.4,41.4,41.0,21.0,86340.0,163
2023-05-11 11:25:48,HO2403-C-3100,HO2403-C-3100,41.2,0.0,0.0,0.0,13,37.8,39.8,3,40.2,41.4,41.4,41.0,21.0,86340.0,163
2023-05-11 11:25:51,HO2403-C-3100,HO2403-C-3100,41.2,0.0,0.0,0.0,16,37.8,39.8,3,40.2,41.4,41.4,41.0,21.0,86340.0,163
2023-05-11 11:25:52,HO2403-C-3100,HO2403-C-3100,41.2,0.0,0.0,0.0,13,37.8,39.8,3,40.2,41.4,41.4,41.0,21.0,86340.0,163
2023-05-11 11:25:55,HO2403-C-3100,HO2403-C-3100,41.2,0.0,0.0,0.0,16,37.8,39.8,3,40.2,41.4,41.4,41.0,21.0,86340.0,163
2023-05-11 11:25:55,HO2403-C-3100,HO2403-C-3100,41.2,0.0,0.0,0.0,13,37.8,39.8,3,40.2,41.4,41.4,41.0,21.0,86340.0,163
2023-05-11 11:25:58,HO2403-C-3100,HO2403-C-3100,41.2,0.0,0.0,0.0,16,37.8,39.8,3,40.2,41.4,41.4,41.0,21.0,86340.0,163
2023-05-11 11:25:59,HO2403-C-3100,HO2403-C-3100,41.2,0.0,0.0,0.0,13,37.8,39.8,3,40.2,41.4,41.4,41.0,21.0,86340.0,163
2023-05-11 11:26:02,HO2403-C-3100,HO2403-C-3100,41.2,0.0,0.0,0.0,16,37.8,39.8,3,40.2,41.4,41.4,41.0,21.0,86340.0,163
2023-05-11 11:26:04,HO2403-C-3100,HO2403-C-3100,41.2,0.0,0.0,0.0,13,37.8,39.8,3,40.2,41.4,41.4,41.0,21.0,86340.0,163
2023-05-11 11:26:07,HO2403-C-3100,HO2403-C-3100,41.2,0.0,0.0,0.0,16,37.8,39.8,3,40.2,41.4,41.4,41.0,21.0,86340.0,163
2023-05-11 11:26:08,HO2403-C-3100,HO2403-C-3100,41.2,0.0,0.0,0.0,13,37.8,39.8,3,40.2,41.4,41.4,41.0,21.0,86340.0,163
2023-05-11 11:26:10,HO2403-C-3100,HO2403-C-3100,41.2,0.0,0.0,0.0,16,37.8,39.8,3,40.2,41.4,41.4,41.0,21.0,86340.0,163
2023-05-11 11:26:11,HO2403-C-3100,HO2403-C-3100,41.2,0.0,0.0,0.0,13,37.8,39.8,3,40.2,41.4,41.4,41.0,21.0,86340.0,163
2023-05-11 11:26:12,HO2403-C-3100,HO2403-C-3100,41.2,0.0,0.0,0.0,16,37.8,39.8,3,40.2,41.4,41.4,41.0,21.0,86340.0,163
2023-05-11 11:26:13,HO2403-C-3100,HO2403-C-3100,41.2,0.0,0.0,0.0,13,37.8,39.8,3,40.2,41.4,41.4,41.0,21.0,86340.0,163
2023-05-11 11:26:13,HO2403-C-3100,HO2403-C-3100,41.2,0.0,0.0,0.0,16,37.8,39.8,3,40.2,41.4,41.4,41.0,21.0,86340.0,163
2023-05-11 11:26:15,HO2403-C-3100,HO2403-C-3100,41.2,0.0,0.0,0.0,13,37.8,39.8,3,40.2,41.4,41.4,41.0,21.0,86340.0,163
2023-05-11 11:26:15,HO2403-C-3100,HO2403-C-3100,41.2,0.0,0.0,0.0,16,37.8,39.8,3,40.2,41.4,41.4,41.0,21.0,86340.0,163
2023-05-11 11:26:17,HO2403-C-3100,HO2403-C-3100,41.2,0.0,0.0,0.0,13,37.8,39.8,3,40.2,41.4,41.4,41.0,21.0,86340.0,163
2023-05-11 11:26:18,HO2403-C-3100,HO2403-C-3100,41.2,0.0,0.0,0.0,16,37.8,39.8,3,40.2,41.4,41.4,41.0,21.0,86340.0,163
2023-05-11 11:26:19,HO2403-C-3100,HO2403-C-3100,41.2,0.0,0.0,0.0,13,37.8,39.8,3,40.2,41.4,41.4,41.0,21.0,86340.0,163
2023-05-11 11:26:20,HO2403-C-3100,HO2403-C-3100,41.2,0.0,0.0,0.0,16,37.8,39.8,3,40.2,41.4,41.4,41.0,21.0,86340.0,163
2023-05-11 11:26:21,HO2403-C-3100,HO2403-C-3100,41.2,0.0,0.0,0.0,13,37.8,39.8,3,40.2,41.4,41.4,41.0,21.0,86340.0,163
2023-05-11 11:26:21,HO2403-C-3100,HO2403-C-3100,41.2,0.0,0.0,0.0,16,37.8,39.8,3,40.2,41.4,41.4,41.0,21.0,86340.0,163
2023-05-11 11:26:22,HO2403-C-3100,HO2403-C-3100,41.2,0.0,0.0,0.0,13,37.8,39.8,3,40.2,41.4,41.4,41.0,21.0,86340.0,163
2023-05-11 11:26:32,HO2403-C-3100,HO2403-C-3100,41.2,0.0,0.0,0.0,16,37.8,39.8,3,40.2,41.4,41.4,41.0,21.0,86340.0,163
2023-05-11 11:26:33,HO2403-C-3100,HO2403-C-3100,41.2,0.0,0.0,0.0,13,37.8,39.8,3,40.2,41.4,41.4,41.0,21.0,86340.0,163
2023-05-11 11:26:34,HO2403-C-3100,HO2403-C-3100,41.2,0.0,0.0,0.0,16,37.8,39.8,3,40.2,41.4,41.4,41.0,21.0,86340.0,163
2023-05-11 11:26:34,HO2403-C-3100,HO2403-C-3100,41.2,0.0,0.0,0.0,13,37.8,39.8,3,40.2,41.4,41.4,41.0,21.0,86340.0,163
2023-05-11 11:26:45,HO2403-C-3100,HO2403-C-3100,41.2,0.0,0.0,0.0,16,37.8,39.8,3,40.2,41.4,41.4,41.0,21.0,86340.0,163
2023-05-11 11:26:52,HO2403-C-3100,HO2403-C-3100,41.2,0.0,0.0,0.0,13,37.8,39.8,3,40.2,41.4,41.4,41.0,21.0,86340.0,163
2023-05-11 11:26:52,HO2403-C-3100,HO2403-C-3100,41.2,0.0,0.0,0.0,16,37.8,39.8,3,40.2,41.4,41.4,41.0,21.0,86340.0,163
2023-05-11 11:26:53,HO2403-C-3100,HO2403-C-3100,41.2,0.0,0.0,0.0,13,37.8,39.8,3,40.2,41.4,41.4,41.0,21.0,86340.0,163
2023-05-11 11:27:02,HO2403-C-3100,HO2403-C-3100,41.2,0.0,0.0,0.0,16,37.8,39.8,3,40.2,41.4,41.4,41.0,21.0,86340.0,163
2023-05-11 11:27:04,HO2403-C-3100,HO2403-C-3100,41.2,0.0,0.0,0.0,13,37.8,39.8,3,40.2,41.4,41.4,41.0,21.0,86340.0,163
2023-05-11 11:27:11,HO2403-C-3100,HO2403-C-3100,41.2,0.0,0.0,0.0,16,37.8,39.8,3,40.2,41.4,41.4,41.0,21.0,86340.0,163
2023-05-11 11:27:26,HO2403-C-3100,HO2403-C-3100,41.2,0.0,0.0,0.0,13,37.8,39.8,3,40.2,41.4,41.4,41.0,21.0,86340.0,163
2023-05-11 11:27:43,HO2403-C-3100,HO2403-C-3100,41.2,0.0,0.0,0.0,16,37.8,39.8,3,40.2,41.4,41.4,41.0,21.0,86340.0,163
2023-05-11 11:27:44,HO2403-C-3100,HO2403-C-3100,41.2,0.0,0.0,0.0,13,37.8,39.8,3,40.2,41.4,41.4,41.0,21.0,86340.0,163
2023-05-11 11:27:45,HO2403-C-3100,HO2403-C-3100,41.2,0.0,0.0,0.0,16,37.8,39.8,3,40.2,41.4,41.4,41.0,21.0,86340.0,163
2023-05-11 11:27:48,HO2403-C-3100,HO2403-C-3100,41.2,0.0,0.0,0.0,13,37.8,39.8,3,40.2,41.4,41.4,41.0,21.0,86340.0,163
2023-05-11 11:27:49,HO2403-C-3100,HO2403-C-3100,41.2,0.0,0.0,0.0,16,37.8,39.8,3,40.2,41.4,41.4,41.0,21.0,86340.0,163
2023-05-11 11:27:51,HO2403-C-3100,HO2403-C-3100,41.2,0.0,0.0,0.0,13,37.8,39.8,3,40.2,41.4,41.4,41.0,21.0,86340.0,163
2023-05-11 11:27:52,HO2403-C-3100,HO2403-C-3100,41.2,0.0,0.0,0.0,16,37.8,39.8,3,40.2,41.4,41.4,41.0,21.0,86340.0,163
2023-05-11 11:27:54,HO2403-C-3100,HO2403-C-3100,41.2,0.0,0.0,0.0,13,37.8,39.8,3,40.2,41.4,41.4,41.0,21.0,86340.0,163
2023-05-11 11:28:01,HO2403-C-3100,HO2403-C-3100,41.2,0.0,0.0,0.0,16,37.8,39.8,3,40.2,41.4,41.4,41.0,21.0,86340.0,163
2023-05-11 11:28:02,HO2403-C-3100,HO2403-C-3100,41.2,0.0,0.0,0.0,13,37.8,39.8,3,40.2,41.4,41.4,41.0,21.0,86340.0,163
2023-05-11 11:28:02,HO2403-C-3100,HO2403-C-3100,41.2,0.0,0.0,0.0,16,37.8,39.8,3,40.2,41.4,41.4,41.0,21.0,86340.0,163
2023-05-11 11:28:03,HO2403-C-3100,HO2403-C-3100,41.2,0.0,0.0,0.0,13,37.8,39.8,3,40.2,41.4,41.4,41.0,21.0,86340.0,163
2023-05-11 11:28:04,HO2403-C-3100,HO2403-C-3100,41.2,0.0,0.0,0.0,16,37.8,39.8,3,40.2,41.4,41.4,41.0,21.0,86340.0,163
2023-05-11 11:28:04,HO2403-C-3100,HO2403-C-3100,41.2,0.0,0.0,0.0,13,37.8,39.8,3,40.2,41.4,41.4,41.0,21.0,86340.0,163
2023-05-11 11:28:06,HO2403-C-3100,HO2403-C-3100,41.2,0.0,0.0,0.0,16,37.8,39.8,3,40.2,41.4,41.4,41.0,21.0,86340.0,163
2023-05-11 11:28:06,HO2403-C-3100,HO2403-C-3100,41.2,0.0,0.0,0.0,13,37.8,39.8,3,40.2,41.4,41.4,41.0,21.0,86340.0,163
2023-05-11 11:28:12,HO2403-C-3100,HO2403-C-3100,41.2,0.0,0.0,0.0,16,37.8,39.8,3,40.2,41.4,41.4,41.0,21.0,86340.0,163
2023-05-11 11:28:13,HO2403-C-3100,HO2403-C-3100,41.2,0.0,0.0,0.0,13,37.8,39.8,3,40.2,41.4,41.4,41.0,21.0,86340.0,163
2023-05-11 11:28:14,HO2403-C-3100,HO2403-C-3100,41.2,0.0,0.0,0.0,16,37.8,39.8,3,40.2,41.4,41.4,41.0,21.0,86340.0,163
2023-05-11 11:28:14,HO2403-C-3100,HO2403-C-3100,41.2,0.0,0.0,0.0,13,37.8,39.8,3,40.2,41.4,41.4,41.0,21.0,86340.0,163
2023-05-11 11:28:15,HO2403-C-3100,HO2403-C-3100,41.2,0.0,0.0,0.0,16,37.8,39.8,3,40.2,41.4,41.4,41.0,21.0,86340.0,163
2023-05-11 11:28:16,HO2403-C-3100,HO2403-C-3100,41.2,0.0,0.0,0.0,13,37.8,39.8,3,40.2,41.4,41.4,41.0,21.0,86340.0,163
2023-05-11 11:28:16,HO2403-C-3100,HO2403-C-3100,41.2,0.0,0.0,0.0,16,37.8,39.8,3,40.2,41.4,41.4,41.0,21.0,86340.0,163
2023-05-11 11:28:18,HO2403-C-3100,HO2403-C-3100,41.2,0.0,0.0,0.0,13,37.8,39.8,3,40.2,41.4,41.4,41.0,21.0,86340.0,163
2023-05-11 11:28:21,HO2403-C-3100,HO2403-C-3100,41.2,0.0,0.0,0.0,16,37.8,39.8,3,40.2,41.4,41.4,41.0,21.0,86340.0,163
2023-05-11 11:28:22,HO2403-C-3100,HO2403-C-3100,41.2,0.0,0.0,0.0,13,37.8,39.8,3,40.2,41.4,41.4,41.0,21.0,86340.0,163
2023-05-11 11:28:25,HO2403-C-3100,HO2403-C-3100,41.2,0.0,0.0,0.0,16,37.8,39.8,3,40.2,41.4,41.4,41.0,21.0,86340.0,163
2023-05-11 11:28:25,HO2403-C-3100,HO2403-C-3100,41.2,0.0,0.0,0.0,13,37.8,39.8,3,40.2,41.4,41.4,41.0,21.0,86340.0,163
2023-05-11 11:28:27,HO2403-C-3100,HO2403-C-3100,41.2,0.0,0.0,0.0,16,37.8,39.8,3,40.2,41.4,41.4,41.0,21.0,86340.0,163
2023-05-11 11:28:46,HO2403-C-3100,HO2403-C-3100,41.2,0.0,0.0,0.0,13,37.8,39.8,3,40.2,41.4,41.4,41.0,21.0,86340.0,163
2023-05-11 11:28:47,HO2403-C-3100,HO2403-C-3100,41.2,0.0,0.0,0.0,16,37.8,39.8,3,40.2,41.4,41.4,41.0,21.0,86340.0,163
2023-05-11 11:29:01,HO2403-C-3100,HO2403-C-3100,41.2,0.0,0.0,0.0,13,37.8,39.8,3,40.2,41.4,41.4,41.0,21.0,86340.0,163
2023-05-11 11:29:01,HO2403-C-3100,HO2403-C-3100,41.2,0.0,0.0,0.0,16,37.8,39.8,3,40.2,41.4,41.4,41.0,21.0,86340.0,163
2023-05-11 11:29:02,HO2403-C-3100,HO2403-C-3100,41.2,0.0,0.0,0.0,13,37.8,39.8,3,40.2,41.4,41.4,41.0,21.0,86340.0,163
2023-05-11 11:29:08,HO2403-C-3100,HO2403-C-3100,41.2,0.0,0.0,0.0,16,37.8,39.8,3,40.2,41.4,41.4,41.0,21.0,86340.0,163
2023-05-11 11:29:09,HO2403-C-3100,HO2403-C-3100,41.2,0.0,0.0,0.0,13,37.8,39.8,3,40.2,41.4,41.4,41.0,21.0,86340.0,163
2023-05-11 11:29:20,HO2403-C-3100,HO2403-C-3100,41.2,0.0,0.0,0.0,16,37.8,39.8,3,40.2,41.4,41.4,41.0,21.0,86340.0,163
2023-05-11 11:29:21,HO2403-C-3100,HO2403-C-3100,41.2,0.0,0.0,0.0,10,37.8,39.8,3,40.2,41.4,41.4,41.0,21.0,86340.0,163
2023-05-11 11:29:21,HO2403-C-3100,HO2403-C-3100,41.2,0.0,0.0,0.0,4,37.8,39.8,3,40.2,41.4,41.4,41.0,21.0,86340.0,163
2023-05-11 11:29:24,HO2403-C-3100,HO2403-C-3100,41.2,0.0,0.0,0.0,1,37.8,39.8,3,40.2,41.4,41.4,41.0,21.0,86340.0,163
2023-05-11 11:29:31,HO2403-C-3100,HO2403-C-3100,41.2,0.0,0.0,0.0,1,37.8,39.8,1,40.2,41.4,41.4,41.0,21.0,86340.0,163
2023-05-11 11:29:50,HO2403-C-3100,HO2403-C-3100,41.2,0.0,0.0,0.0,2,2.6,39.8,1,40.2,41.4,41.4,41.0,21.0,86340.0,163
2023-05-11 11:29:50,HO2403-C-3100,HO2403-C-3100,41.2,0.0,0.0,0.0,1,2.8,39.8,1,40.2,41.4,41.4,41.0,21.0,86340.0,163
2023-05-11 11:29:52,HO2403-C-3100,HO2403-C-3100,41.2,0.0,0.0,0.0,1,22.8,39.8,1,40.2,41.4,41.4,41.0,21.0,86340.0,163
2023-05-11 13:00:00,HO2403-C-3100,HO2403-C-3100,41.2,0.0,0.0,0.0,5,23.6,41.8,1,40.2,41.4,41.4,41.0,21.0,86340.0,163
2023-05-11 13:00:01,HO2403-C-3100,HO2403-C-3100,41.2,0.0,0.0,0.0,1,35.4,41.8,1,40.2,41.4,41.4,41.0,21.0,86340.0,163
2023-05-11 13:00:01,HO2403-C-3100,HO2403-C-3100,41.2,0.0,0.0,0.0,6,36.4,40.4,6,40.2,41.4,41.4,41.0,21.0,86340.0,163
2023-05-11 13:00:06,HO2403-C-3100,HO2403-C-3100,41.2,0.0,0.0,0.0,6,36.4,40.2,1,40.2,41.4,41.4,41.0,21.0,86340.0,163
2023-05-11 13:00:10,HO2403-C-3100,HO2403-C-3100,41.2,0.0,0.0,0.0,6,36.8,39.8,6,40.2,41.4,41.4,41.0,21.0,86340.0,163
2023-05-11 13:00:10,HO2403-C-3100,HO2403-C-3100,41.2,0.0,0.0,0.0,6,36.8,39.6,1,40.2,41.4,41.4,41.0,21.0,86340.0,163
2023-05-11 13:00:11,HO2403-C-3100,HO2403-C-3100,41.2,0.0,0.0,0.0,3,37.0,39.6,1,40.2,41.4,41.4,41.0,21.0,86340.0,163
2023-05-11 13:00:11,HO2403-C-3100,HO2403-C-3100,41.2,0.0,0.0,0.0,18,36.4,39.6,1,40.2,41.4,41.4,41.0,21.0,86340.0,163
2023-05-11 13:00:12,HO2403-C-3100,HO2403-C-3100,41.2,0.0,0.0,0.0,6,36.8,39.6,1,40.2,41.4,41.4,41.0,21.0,86340.0,163
2023-05-11 13:00:12,HO2403-C-3100,HO2403-C-3100,41.2,0.0,0.0,0.0,18,36.4,39.6,1,40.2,41.4,41.4,41.0,21.0,86340.0,163
2023-05-11 13:00:13,HO2403-C-3100,HO2403-C-3100,41.2,0.0,0.0,0.0,6,36.8,39.6,1,40.2,41.4,41.4,41.0,21.0,86340.0,163
2023-05-11 13:00:13,HO2403-C-3100,HO2403-C-3100,41.2,0.0,0.0,0.0,3,37.0,39.6,1,40.2,41.4,41.4,41.0,21.0,86340.0,163
2023-05-11 13:00:14,HO2403-C-3100,HO2403-C-3100,41.2,0.0,0.0,0.0,4,37.0,39.4,1,40.2,41.4,41.4,41.0,21.0,86340.0,163
2023-05-11 13:00:18,HO2403-C-3100,HO2403-C-3100,41.2,0.0,0.0,0.0,10,37.0,39.4,1,40.2,41.4,41.4,41.0,21.0,86340.0,163
2023-05-11 13:00:52,HO2403-C-3100,HO2403-C-3100,41.2,0.0,0.0,0.0,11,37.0,39.4,1,40.2,41.4,41.4,41.0,21.0,86340.0,163
2023-05-11 13:01:03,HO2403-C-3100,HO2403-C-3100,41.2,0.0,0.0,0.0,1,37.2,39.4,1,40.2,41.4,41.4,41.0,21.0,86340.0,163
2023-05-11 13:01:09,HO2403-C-3100,HO2403-C-3100,41.2,0.0,0.0,0.0,10,37.0,39.4,1,40.2,41.4,41.4,41.0,21.0,86340.0,163
2023-05-11 13:01:14,HO2403-C-3100,HO2403-C-3100,41.2,0.0,0.0,0.0,10,37.0,39.4,2,40.2,41.4,41.4,41.0,21.0,86340.0,163
2023-05-11 13:01:14,HO2403-C-3100,HO2403-C-3100,41.2,0.0,0.0,0.0,10,37.0,39.4,1,40.2,41.4,41.4,41.0,21.0,86340.0,163
2023-05-11 13:01:31,HO2403-C-3100,HO2403-C-3100,41.2,0.0,0.0,0.0,10,37.0,39.4,2,40.2,41.4,41.4,41.0,21.0,86340.0,163
2023-05-11 13:05:47,HO2403-C-3100,HO2403-C-3100,41.2,0.0,0.0,0.0,10,37.0,39.4,1,40.2,41.4,41.4,41.0,21.0,86340.0,163
2023-05-11 13:05:48,HO2403-C-3100,HO2403-C-3100,41.2,0.0,0.0,0.0,10,37.0,39.4,2,40.2,41.4,41.4,41.0,21.0,86340.0,163
2023-05-11 13:06:00,HO2403-C-3100,HO2403-C-3100,41.2,0.0,0.0,0.0,16,37.0,39.4,2,40.2,41.4,41.4,41.0,21.0,86340.0,163
2023-05-11 13:06:00,HO2403-C-3100,HO2403-C-3100,41.2,0.0,0.0,0.0,22,37.0,39.4,2,40.2,41.4,41.4,41.0,21.0,86340.0,163
2023-05-11 13:06:01,HO2403-C-3100,HO2403-C-3100,41.2,0.0,0.0,0.0,22,37.0,39.4,1,40.2,41.4,41.4,41.0,21.0,86340.0,163
2023-05-11 13:06:36,HO2403-C-3100,HO2403-C-3100,41.2,0.0,0.0,0.0,16,37.0,39.4,2,40.2,41.4,41.4,41.0,21.0,86340.0,163
2023-05-11 13:06:58,HO2403-C-3100,HO2403-C-3100,41.2,0.0,0.0,0.0,16,37.0,39.4,1,40.2,41.4,41.4,41.0,21.0,86340.0,163
2023-05-11 13:07:00,HO2403-C-3100,HO2403-C-3100,41.2,0.0,0.0,0.0,16,37.0,39.4,2,40.2,41.4,41.4,41.0,21.0,86340.0,163
2023-05-11 13:07:45,HO2403-C-3100,HO2403-C-3100,41.2,0.0,0.0,0.0,16,37.0,39.4,1,40.2,41.4,41.4,41.0,21.0,86340.0,163
2023-05-11 13:08:02,HO2403-C-3100,HO2403-C-3100,41.2,0.0,0.0,0.0,16,37.0,39.2,1,40.2,41.4,41.4,41.0,21.0,86340.0,163
2023-05-11 13:08:07,HO2403-C-3100,HO2403-C-3100,41.2,0.0,0.0,0.0,16,37.0,39.4,1,40.2,41.4,41.4,41.0,21.0,86340.0,163
2023-05-11 13:08:15,HO2403-C-3100,HO2403-C-3100,41.2,0.0,0.0,0.0,16,37.0,39.4,2,40.2,41.4,41.4,41.0,21.0,86340.0,163
2023-05-11 13:09:35,HO2403-C-3100,HO2403-C-3100,41.2,0.0,0.0,0.0,16,37.0,39.4,1,40.2,41.4,41.4,41.0,21.0,86340.0,163
2023-05-11 13:09:59,HO2403-C-3100,HO2403-C-3100,41.2,0.0,0.0,0.0,16,37.0,39.4,2,40.2,41.4,41.4,41.0,21.0,86340.0,163
2023-05-11 13:10:23,HO2403-C-3100,HO2403-C-3100,41.2,0.0,0.0,0.0,16,37.0,39.4,1,40.2,41.4,41.4,41.0,21.0,86340.0,163
2023-05-11 13:10:32,HO2403-C-3100,HO2403-C-3100,41.2,0.0,0.0,0.0,16,37.0,39.4,2,40.2,41.4,41.4,41.0,21.0,86340.0,163
2023-05-11 13:11:22,HO2403-C-3100,HO2403-C-3100,37.0,6.0,22200.0,2.0,13,37.0,39.4,1,40.2,41.4,41.4,37.0,27.0,108540.0,165
2023-05-11 13:12:02,HO2403-C-3100,HO2403-C-3100,37.0,0.0,0.0,0.0,10,37.0,39.4,1,40.2,41.4,41.4,37.0,27.0,108540.0,165
2023-05-11 13:12:03,HO2403-C-3100,HO2403-C-3100,37.0,0.0,0.0,0.0,4,37.0,39.4,1,40.2,41.4,41.4,37.0,27.0,108540.0,165
2023-05-11 13:12:06,HO2403-C-3100,HO2403-C-3100,37.0,0.0,0.0,0.0,4,37.0,39.6,12,40.2,41.4,41.4,37.0,27.0,108540.0,165
2023-05-11 13:12:07,HO2403-C-3100,HO2403-C-3100,37.0,0.0,0.0,0.0,4,37.0,38.6,1,40.2,41.4,41.4,37.0,27.0,108540.0,165
2023-05-11 13:12:28,HO2403-C-3100,HO2403-C-3100,37.0,0.0,0.0,0.0,19,36.6,38.6,1,40.2,41.4,41.4,37.0,27.0,108540.0,165
2023-05-11 13:12:29,HO2403-C-3100,HO2403-C-3100,37.0,0.0,0.0,0.0,17,36.6,38.6,1,40.2,41.4,41.4,37.0,27.0,108540.0,165
2023-05-11 13:12:30,HO2403-C-3100,HO2403-C-3100,37.0,0.0,0.0,0.0,16,36.6,38.6,1,40.2,41.4,41.4,37.0,27.0,108540.0,165
2023-05-11 13:12:36,HO2403-C-3100,HO2403-C-3100,37.0,0.0,0.0,0.0,13,36.6,38.6,1,40.2,41.4,41.4,37.0,27.0,108540.0,165
2023-05-11 13:12:37,HO2403-C-3100,HO2403-C-3100,37.0,0.0,0.0,0.0,16,36.6,38.6,1,40.2,41.4,41.4,37.0,27.0,108540.0,165
2023-05-11 13:12:37,HO2403-C-3100,HO2403-C-3100,37.0,0.0,0.0,0.0,13,36.6,38.6,1,40.2,41.4,41.4,37.0,27.0,108540.0,165
2023-05-11 13:12:52,HO2403-C-3100,HO2403-C-3100,37.0,0.0,0.0,0.0,12,36.6,38.6,1,40.2,41.4,41.4,37.0,27.0,108540.0,165
2023-05-11 13:12:52,HO2403-C-3100,HO2403-C-3100,37.0,0.0,0.0,0.0,6,36.6,38.6,1,40.2,41.4,41.4,37.0,27.0,108540.0,165
2023-05-11 13:13:35,HO2403-C-3100,HO2403-C-3100,37.0,0.0,0.0,0.0,7,36.6,38.6,1,40.2,41.4,41.4,37.0,27.0,108540.0,165
2023-05-11 13:14:10,HO2403-C-3100,HO2403-C-3100,37.0,0.0,0.0,0.0,1,36.8,38.6,1,40.2,41.4,41.4,37.0,27.0,108540.0,165
2023-05-11 13:14:33,HO2403-C-3100,HO2403-C-3100,37.0,0.0,0.0,0.0,6,36.6,38.6,1,40.2,41.4,41.4,37.0,27.0,108540.0,165
2023-05-11 13:14:56,HO2403-C-3100,HO2403-C-3100,37.0,0.0,0.0,0.0,7,36.6,38.6,1,40.2,41.4,41.4,37.0,27.0,108540.0,165
2023-05-11 13:15:35,HO2403-C-3100,HO2403-C-3100,37.0,0.0,0.0,0.0,1,36.8,38.6,1,40.2,41.4,41.4,37.0,27.0,108540.0,165
2023-05-11 13:15:46,HO2403-C-3100,HO2403-C-3100,37.0,0.0,0.0,0.0,6,36.6,38.6,1,40.2,41.4,41.4,37.0,27.0,108540.0,165
2023-05-11 13:16:01,HO2403-C-3100,HO2403-C-3100,37.0,0.0,0.0,0.0,7,36.6,38.6,1,40.2,41.4,41.4,37.0,27.0,108540.0,165
2023-05-11 13:16:11,HO2403-C-3100,HO2403-C-3100,37.0,0.0,0.0,0.0,1,36.8,38.6,1,40.2,41.4,41.4,37.0,27.0,108540.0,165
2023-05-11 13:16:45,HO2403-C-3100,HO2403-C-3100,37.0,0.0,0.0,0.0,6,36.6,38.6,1,40.2,41.4,41.4,37.0,27.0,108540.0,165
2023-05-11 13:17:05,HO2403-C-3100,HO2403-C-3100,37.0,0.0,0.0,0.0,7,36.6,38.6,1,40.2,41.4,41.4,37.0,27.0,108540.0,165
2023-05-11 13:17:15,HO2403-C-3100,HO2403-C-3100,37.0,0.0,0.0,0.0,1,36.8,38.6,1,40.2,41.4,41.4,37.0,27.0,108540.0,165
2023-05-11 13:17:36,HO2403-C-3100,HO2403-C-3100,37.0,0.0,0.0,0.0,6,36.6,38.6,1,40.2,41.4,41.4,37.0,27.0,108540.0,165
2023-05-11 13:17:41,HO2403-C-3100,HO2403-C-3100,37.0,0.0,0.0,0.0,7,36.6,38.6,1,40.2,41.4,41.4,37.0,27.0,108540.0,165
2023-05-11 13:17:52,HO2403-C-3100,HO2403-C-3100,37.0,0.0,0.0,0.0,1,36.8,38.6,1,40.2,41.4,41.4,37.0,27.0,108540.0,165
2023-05-11 13:18:06,HO2403-C-3100,HO2403-C-3100,37.0,0.0,0.0,0.0,6,36.6,38.6,1,40.2,41.4,41.4,37.0,27.0,108540.0,165
2023-05-11 13:18:16,HO2403-C-3100,HO2403-C-3100,37.0,0.0,0.0,0.0,7,36.6,38.6,1,40.2,41.4,41.4,37.0,27.0,108540.0,165
2023-05-11 13:18:26,HO2403-C-3100,HO2403-C-3100,37.0,0.0,0.0,0.0,1,36.8,38.6,1,40.2,41.4,41.4,37.0,27.0,108540.0,165
2023-05-11 13:18:44,HO2403-C-3100,HO2403-C-3100,37.0,0.0,0.0,0.0,6,36.6,38.6,1,40.2,41.4,41.4,37.0,27.0,108540.0,165
2023-05-11 13:19:00,HO2403-C-3100,HO2403-C-3100,37.0,0.0,0.0,0.0,7,36.6,38.6,1,40.2,41.4,41.4,37.0,27.0,108540.0,165
2023-05-11 13:19:10,HO2403-C-3100,HO2403-C-3100,37.0,0.0,0.0,0.0,1,36.8,38.6,1,40.2,41.4,41.4,37.0,27.0,108540.0,165
2023-05-11 13:19:26,HO2403-C-3100,HO2403-C-3100,37.0,0.0,0.0,0.0,6,36.6,38.6,1,40.2,41.4,41.4,37.0,27.0,108540.0,165
2023-05-11 13:19:46,HO2403-C-3100,HO2403-C-3100,37.0,0.0,0.0,0.0,7,36.6,38.6,1,40.2,41.4,41.4,37.0,27.0,108540.0,165
2023-05-11 13:19:56,HO2403-C-3100,HO2403-C-3100,37.0,0.0,0.0,0.0,1,36.8,38.6,1,40.2,41.4,41.4,37.0,27.0,108540.0,165
2023-05-11 13:20:15,HO2403-C-3100,HO2403-C-3100,37.0,0.0,0.0,0.0,6,36.6,38.6,1,40.2,41.4,41.4,37.0,27.0,108540.0,165
2023-05-11 13:20:20,HO2403-C-3100,HO2403-C-3100,37.0,0.0,0.0,0.0,7,36.6,38.6,1,40.2,41.4,41.4,37.0,27.0,108540.0,165
2023-05-11 13:20:30,HO2403-C-3100,HO2403-C-3100,37.0,0.0,0.0,0.0,1,36.8,38.6,1,40.2,41.4,41.4,37.0,27.0,108540.0,165
2023-05-11 13:20:50,HO2403-C-3100,HO2403-C-3100,37.0,0.0,0.0,0.0,6,36.6,38.6,1,40.2,41.4,41.4,37.0,27.0,108540.0,165
2023-05-11 13:21:00,HO2403-C-3100,HO2403-C-3100,37.0,0.0,0.0,0.0,7,36.6,38.6,1,40.2,41.4,41.4,37.0,27.0,108540.0,165
2023-05-11 13:21:46,HO2403-C-3100,HO2403-C-3100,37.0,0.0,0.0,0.0,1,36.8,38.6,1,40.2,41.4,41.4,37.0,27.0,108540.0,165
2023-05-11 13:21:56,HO2403-C-3100,HO2403-C-3100,37.0,0.0,0.0,0.0,6,36.6,38.6,1,40.2,41.4,41.4,37.0,27.0,108540.0,165
2023-05-11 13:22:11,HO2403-C-3100,HO2403-C-3100,37.0,0.0,0.0,0.0,7,36.6,38.6,1,40.2,41.4,41.4,37.0,27.0,108540.0,165
2023-05-11 13:22:21,HO2403-C-3100,HO2403-C-3100,37.0,0.0,0.0,0.0,1,36.8,38.6,1,40.2,41.4,41.4,37.0,27.0,108540.0,165
2023-05-11 13:22:33,HO2403-C-3100,HO2403-C-3100,37.0,0.0,0.0,0.0,6,36.6,38.6,1,40.2,41.4,41.4,37.0,27.0,108540.0,165
2023-05-11 13:22:53,HO2403-C-3100,HO2403-C-3100,37.0,0.0,0.0,0.0,7,36.6,38.6,1,40.2,41.4,41.4,37.0,27.0,108540.0,165
2023-05-11 13:23:43,HO2403-C-3100,HO2403-C-3100,37.0,0.0,0.0,0.0,1,36.8,38.6,1,40.2,41.4,41.4,37.0,27.0,108540.0,165
2023-05-11 13:23:57,HO2403-C-3100,HO2403-C-3100,37.0,0.0,0.0,0.0,6,36.6,38.6,1,40.2,41.4,41.4,37.0,27.0,108540.0,165
2023-05-11 13:24:02,HO2403-C-3100,HO2403-C-3100,37.0,0.0,0.0,0.0,7,36.6,38.6,1,40.2,41.4,41.4,37.0,27.0,108540.0,165
2023-05-11 13:25:20,HO2403-C-3100,HO2403-C-3100,37.0,0.0,0.0,0.0,1,36.8,38.6,1,40.2,41.4,41.4,37.0,27.0,108540.0,165
2023-05-11 13:26:44,HO2403-C-3100,HO2403-C-3100,37.0,0.0,0.0,0.0,1,36.8,39.0,6,40.2,41.4,41.4,37.0,27.0,108540.0,165
2023-05-11 13:29:58,HO2403-C-3100,HO2403-C-3100,37.0,0.0,0.0,0.0,1,36.8,39.2,18,40.2,41.4,41.4,37.0,27.0,108540.0,165
2023-05-11 13:29:58,HO2403-C-3100,HO2403-C-3100,37.0,0.0,0.0,0.0,1,36.8,39.2,12,40.2,41.4,41.4,37.0,27.0,108540.0,165
2023-05-11 13:29:59,HO2403-C-3100,HO2403-C-3100,37.0,0.0,0.0,0.0,1,36.8,39.2,1,40.2,41.4,41.4,37.0,27.0,108540.0,165
2023-05-11 13:30:14,HO2403-C-3100,HO2403-C-3100,37.0,0.0,0.0,0.0,7,36.6,39.2,1,40.2,41.4,41.4,37.0,27.0,108540.0,165
2023-05-11 13:30:15,HO2403-C-3100,HO2403-C-3100,37.0,0.0,0.0,0.0,10,36.6,39.2,1,40.2,41.4,41.4,37.0,27.0,108540.0,165
2023-05-11 13:30:15,HO2403-C-3100,HO2403-C-3100,37.0,0.0,0.0,0.0,7,36.6,39.2,1,40.2,41.4,41.4,37.0,27.0,108540.0,165
2023-05-11 13:30:16,HO2403-C-3100,HO2403-C-3100,37.0,0.0,0.0,0.0,7,36.6,38.2,1,40.2,41.4,41.4,37.0,27.0,108540.0,165
2023-05-11 13:31:09,HO2403-C-3100,HO2403-C-3100,37.0,0.0,0.0,0.0,1,36.8,38.2,1,40.2,41.4,41.4,37.0,27.0,108540.0,165
2023-05-11 13:31:19,HO2403-C-3100,HO2403-C-3100,37.0,0.0,0.0,0.0,6,36.6,38.2,1,40.2,41.4,41.4,37.0,27.0,108540.0,165
2023-05-11 13:31:29,HO2403-C-3100,HO2403-C-3100,37.0,0.0,0.0,0.0,7,36.6,38.2,1,40.2,41.4,41.4,37.0,27.0,108540.0,165
2023-05-11 13:31:40,HO2403-C-3100,HO2403-C-3100,37.0,0.0,0.0,0.0,1,36.8,38.2,1,40.2,41.4,41.4,37.0,27.0,108540.0,165
2023-05-11 13:31:54,HO2403-C-3100,HO2403-C-3100,37.0,0.0,0.0,0.0,6,36.6,38.2,1,40.2,41.4,41.4,37.0,27.0,108540.0,165
2023-05-11 13:32:24,HO2403-C-3100,HO2403-C-3100,37.0,0.0,0.0,0.0,7,36.6,38.2,1,40.2,41.4,41.4,37.0,27.0,108540.0,165
2023-05-11 13:33:00,HO2403-C-3100,HO2403-C-3100,37.0,0.0,0.0,0.0,1,36.8,38.2,1,40.2,41.4,41.4,37.0,27.0,108540.0,165
2023-05-11 13:33:24,HO2403-C-3100,HO2403-C-3100,37.0,0.0,0.0,0.0,6,36.6,38.2,1,40.2,41.4,41.4,37.0,27.0,108540.0,165
2023-05-11 13:33:44,HO2403-C-3100,HO2403-C-3100,37.0,0.0,0.0,0.0,7,36.6,38.2,1,40.2,41.4,41.4,37.0,27.0,108540.0,165
2023-05-11 13:36:29,HO2403-C-3100,HO2403-C-3100,37.0,0.0,0.0,0.0,1,36.8,38.2,1,40.2,41.4,41.4,37.0,27.0,108540.0,165
2023-05-11 13:36:37,HO2403-C-3100,HO2403-C-3100,37.0,0.0,0.0,0.0,6,36.6,38.2,1,40.2,41.4,41.4,37.0,27.0,108540.0,165
2023-05-11 13:36:45,HO2403-C-3100,HO2403-C-3100,37.0,0.0,0.0,0.0,7,36.6,38.2,1,40.2,41.4,41.4,37.0,27.0,108540.0,165
2023-05-11 13:38:05,HO2403-C-3100,HO2403-C-3100,37.0,0.0,0.0,0.0,6,36.6,38.2,1,40.2,41.4,41.4,37.0,27.0,108540.0,165
2023-05-11 13:39:20,HO2403-C-3100,HO2403-C-3100,37.0,0.0,0.0,0.0,6,36.6,39.0,6,40.2,41.4,41.4,37.0,27.0,108540.0,165
2023-05-11 13:39:54,HO2403-C-3100,HO2403-C-3100,37.0,0.0,0.0,0.0,7,36.6,39.0,6,40.2,41.4,41.4,37.0,27.0,108540.0,165
2023-05-11 13:39:54,HO2403-C-3100,HO2403-C-3100,37.0,0.0,0.0,0.0,10,36.6,39.0,6,40.2,41.4,41.4,37.0,27.0,108540.0,165
2023-05-11 13:39:56,HO2403-C-3100,HO2403-C-3100,37.0,0.0,0.0,0.0,7,36.6,39.0,6,40.2,41.4,41.4,37.0,27.0,108540.0,165
2023-05-11 13:40:01,HO2403-C-3100,HO2403-C-3100,37.0,0.0,0.0,0.0,10,36.6,39.0,6,40.2,41.4,41.4,37.0,27.0,108540.0,165
2023-05-11 13:40:02,HO2403-C-3100,HO2403-C-3100,37.0,0.0,0.0,0.0,7,36.6,39.0,6,40.2,41.4,41.4,37.0,27.0,108540.0,165
2023-05-11 13:40:02,HO2403-C-3100,HO2403-C-3100,37.0,0.0,0.0,0.0,7,36.6,39.0,7,40.2,41.4,41.4,37.0,27.0,108540.0,165
2023-05-11 13:40:09,HO2403-C-3100,HO2403-C-3100,37.0,0.0,0.0,0.0,7,36.6,39.0,6,40.2,41.4,41.4,37.0,27.0,108540.0,165
2023-05-11 13:41:30,HO2403-C-3100,HO2403-C-3100,37.0,0.0,0.0,0.0,6,36.6,39.0,6,40.2,41.4,41.4,37.0,27.0,108540.0,165
2023-05-11 13:41:30,HO2403-C-3100,HO2403-C-3100,37.0,0.0,0.0,0.0,6,36.6,39.0,7,40.2,41.4,41.4,37.0,27.0,108540.0,165
2023-05-11 13:41:34,HO2403-C-3100,HO2403-C-3100,37.0,0.0,0.0,0.0,6,36.6,39.0,6,40.2,41.4,41.4,37.0,27.0,108540.0,165
2023-05-11 13:42:23,HO2403-C-3100,HO2403-C-3100,37.0,0.0,0.0,0.0,6,36.6,39.0,7,40.2,41.4,41.4,37.0,27.0,108540.0,165
2023-05-11 13:42:46,HO2403-C-3100,HO2403-C-3100,37.0,0.0,0.0,0.0,6,36.6,39.0,6,40.2,41.4,41.4,37.0,27.0,108540.0,165
2023-05-11 13:42:47,HO2403-C-3100,HO2403-C-3100,37.0,0.0,0.0,0.0,6,36.6,39.0,7,40.2,41.4,41.4,37.0,27.0,108540.0,165
2023-05-11 13:42:47,HO2403-C-3100,HO2403-C-3100,37.0,0.0,0.0,0.0,6,36.6,39.0,6,40.2,41.4,41.4,37.0,27.0,108540.0,165
2023-05-11 13:42:48,HO2403-C-3100,HO2403-C-3100,37.0,0.0,0.0,0.0,6,36.6,39.0,7,40.2,41.4,41.4,37.0,27.0,108540.0,165
2023-05-11 13:42:48,HO2403-C-3100,HO2403-C-3100,37.0,0.0,0.0,0.0,6,36.6,39.0,6,40.2,41.4,41.4,37.0,27.0,108540.0,165
2023-05-11 13:42:49,HO2403-C-3100,HO2403-C-3100,37.0,0.0,0.0,0.0,6,36.6,39.0,7,40.2,41.4,41.4,37.0,27.0,108540.0,165
2023-05-11 13:42:59,HO2403-C-3100,HO2403-C-3100,37.0,0.0,0.0,0.0,6,36.6,39.0,6,40.2,41.4,41.4,37.0,27.0,108540.0,165
2023-05-11 13:43:51,HO2403-C-3100,HO2403-C-3100,37.0,0.0,0.0,0.0,9,36.6,39.0,6,40.2,41.4,41.4,37.0,27.0,108540.0,165
2023-05-11 13:43:54,HO2403-C-3100,HO2403-C-3100,37.0,0.0,0.0,0.0,6,36.6,39.0,6,40.2,41.4,41.4,37.0,27.0,108540.0,165
2023-05-11 13:43:55,HO2403-C-3100,HO2403-C-3100,37.0,0.0,0.0,0.0,9,36.6,39.0,6,40.2,41.4,41.4,37.0,27.0,108540.0,165
2023-05-11 13:43:55,HO2403-C-3100,HO2403-C-3100,37.0,0.0,0.0,0.0,6,36.6,39.0,6,40.2,41.4,41.4,37.0,27.0,108540.0,165
2023-05-11 13:44:18,HO2403-C-3100,HO2403-C-3100,37.0,0.0,0.0,0.0,9,36.6,39.0,6,40.2,41.4,41.4,37.0,27.0,108540.0,165
2023-05-11 13:44:19,HO2403-C-3100,HO2403-C-3100,37.0,0.0,0.0,0.0,6,36.6,39.0,6,40.2,41.4,41.4,37.0,27.0,108540.0,165
2023-05-11 13:44:24,HO2403-C-3100,HO2403-C-3100,37.0,0.0,0.0,0.0,6,36.6,39.0,7,40.2,41.4,41.4,37.0,27.0,108540.0,165
2023-05-11 13:44:25,HO2403-C-3100,HO2403-C-3100,37.0,0.0,0.0,0.0,6,36.6,39.0,6,40.2,41.4,41.4,37.0,27.0,108540.0,165
2023-05-11 13:44:47,HO2403-C-3100,HO2403-C-3100,37.0,0.0,0.0,0.0,7,36.6,39.0,6,40.2,41.4,41.4,37.0,27.0,108540.0,165
2023-05-11 13:45:06,HO2403-C-3100,HO2403-C-3100,37.0,0.0,0.0,0.0,10,36.6,39.0,6,40.2,41.4,41.4,37.0,27.0,108540.0,165
2023-05-11 13:45:06,HO2403-C-3100,HO2403-C-3100,37.0,0.0,0.0,0.0,7,36.6,39.0,6,40.2,41.4,41.4,37.0,27.0,108540.0,165
2023-05-11 13:45:07,HO2403-C-3100,HO2403-C-3100,37.0,0.0,0.0,0.0,10,36.6,39.0,6,40.2,41.4,41.4,37.0,27.0,108540.0,165
2023-05-11 13:45:18,HO2403-C-3100,HO2403-C-3100,37.0,0.0,0.0,0.0,7,36.6,39.0,6,40.2,41.4,41.4,37.0,27.0,108540.0,165
2023-05-11 13:45:19,HO2403-C-3100,HO2403-C-3100,37.0,0.0,0.0,0.0,6,36.6,39.0,6,40.2,41.4,41.4,37.0,27.0,108540.0,165
2023-05-11 13:45:24,HO2403-C-3100,HO2403-C-3100,37.0,0.0,0.0,0.0,6,36.6,39.0,7,40.2,41.4,41.4,37.0,27.0,108540.0,165
2023-05-11 13:45:27,HO2403-C-3100,HO2403-C-3100,37.0,0.0,0.0,0.0,6,36.6,39.0,6,40.2,41.4,41.4,37.0,27.0,108540.0,165
2023-05-11 13:45:33,HO2403-C-3100,HO2403-C-3100,37.0,0.0,0.0,0.0,9,36.6,39.0,6,40.2,41.4,41.4,37.0,27.0,108540.0,165
2023-05-11 13:45:34,HO2403-C-3100,HO2403-C-3100,37.0,0.0,0.0,0.0,6,36.6,39.0,6,40.2,41.4,41.4,37.0,27.0,108540.0,165
2023-05-11 13:45:36,HO2403-C-3100,HO2403-C-3100,37.0,0.0,0.0,0.0,9,36.6,39.0,6,40.2,41.4,41.4,37.0,27.0,108540.0,165
2023-05-11 13:45:38,HO2403-C-3100,HO2403-C-3100,37.0,0.0,0.0,0.0,6,36.6,39.0,6,40.2,41.4,41.4,37.0,27.0,108540.0,165
2023-05-11 13:45:44,HO2403-C-3100,HO2403-C-3100,37.0,0.0,0.0,0.0,9,36.6,39.0,6,40.2,41.4,41.4,37.0,27.0,108540.0,165
2023-05-11 13:45:45,HO2403-C-3100,HO2403-C-3100,37.0,0.0,0.0,0.0,6,36.6,39.0,6,40.2,41.4,41.4,37.0,27.0,108540.0,165
2023-05-11 13:45:46,HO2403-C-3100,HO2403-C-3100,37.0,0.0,0.0,0.0,6,36.6,39.0,7,40.2,41.4,41.4,37.0,27.0,108540.0,165
2023-05-11 13:45:50,HO2403-C-3100,HO2403-C-3100,37.0,0.0,0.0,0.0,9,36.6,39.0,7,40.2,41.4,41.4,37.0,27.0,108540.0,165
2023-05-11 13:45:52,HO2403-C-3100,HO2403-C-3100,37.0,0.0,0.0,0.0,6,36.6,39.0,7,40.2,41.4,41.4,37.0,27.0,108540.0,165
2023-05-11 13:45:58,HO2403-C-3100,HO2403-C-3100,37.0,0.0,0.0,0.0,9,36.6,39.0,7,40.2,41.4,41.4,37.0,27.0,108540.0,165
2023-05-11 13:45:58,HO2403-C-3100,HO2403-C-3100,37.0,0.0,0.0,0.0,6,36.6,39.0,7,40.2,41.4,41.4,37.0,27.0,108540.0,165
2023-05-11 13:45:59,HO2403-C-3100,HO2403-C-3100,37.0,0.0,0.0,0.0,9,36.6,39.0,7,40.2,41.4,41.4,37.0,27.0,108540.0,165
2023-05-11 13:46:00,HO2403-C-3100,HO2403-C-3100,37.0,0.0,0.0,0.0,6,36.6,39.0,7,40.2,41.4,41.4,37.0,27.0,108540.0,165
2023-05-11 13:46:09,HO2403-C-3100,HO2403-C-3100,37.0,0.0,0.0,0.0,9,36.6,39.0,6,40.2,41.4,41.4,37.0,27.0,108540.0,165
2023-05-11 13:46:17,HO2403-C-3100,HO2403-C-3100,37.0,0.0,0.0,0.0,6,36.6,39.0,6,40.2,41.4,41.4,37.0,27.0,108540.0,165
2023-05-11 13:46:19,HO2403-C-3100,HO2403-C-3100,37.0,0.0,0.0,0.0,9,36.6,39.0,6,40.2,41.4,41.4,37.0,27.0,108540.0,165
2023-05-11 13:46:19,HO2403-C-3100,HO2403-C-3100,37.0,0.0,0.0,0.0,6,36.6,39.0,6,40.2,41.4,41.4,37.0,27.0,108540.0,165
2023-05-11 13:46:59,HO2403-C-3100,HO2403-C-3100,37.0,0.0,0.0,0.0,6,36.6,39.0,7,40.2,41.4,41.4,37.0,27.0,108540.0,165
2023-05-11 13:47:00,HO2403-C-3100,HO2403-C-3100,37.0,0.0,0.0,0.0,6,36.6,39.0,6,40.2,41.4,41.4,37.0,27.0,108540.0,165
2023-05-11 13:47:08,HO2403-C-3100,HO2403-C-3100,37.0,0.0,0.0,0.0,6,36.6,39.0,7,40.2,41.4,41.4,37.0,27.0,108540.0,165
2023-05-11 13:47:26,HO2403-C-3100,HO2403-C-3100,37.0,0.0,0.0,0.0,9,36.6,39.0,7,40.2,41.4,41.4,37.0,27.0,108540.0,165
2023-05-11 13:47:29,HO2403-C-3100,HO2403-C-3100,37.0,0.0,0.0,0.0,10,36.6,39.0,7,40.2,41.4,41.4,37.0,27.0,108540.0,165
2023-05-11 13:47:29,HO2403-C-3100,HO2403-C-3100,37.0,0.0,0.0,0.0,10,36.6,39.0,6,40.2,41.4,41.4,37.0,27.0,108540.0,165
2023-05-11 13:47:37,HO2403-C-3100,HO2403-C-3100,37.0,0.0,0.0,0.0,7,36.6,39.0,6,40.2,41.4,41.4,37.0,27.0,108540.0,165
2023-05-11 13:47:38,HO2403-C-3100,HO2403-C-3100,37.0,0.0,0.0,0.0,7,36.6,39.0,7,40.2,41.4,41.4,37.0,27.0,108540.0,165
2023-05-11 13:47:39,HO2403-C-3100,HO2403-C-3100,37.0,0.0,0.0,0.0,1,36.8,39.0,7,40.2,41.4,41.4,37.0,27.0,108540.0,165
2023-05-11 13:47:46,HO2403-C-3100,HO2403-C-3100,37.0,0.0,0.0,0.0,6,36.6,39.0,7,40.2,41.4,41.4,37.0,27.0,108540.0,165
2023-05-11 13:47:47,HO2403-C-3100,HO2403-C-3100,37.0,0.0,0.0,0.0,9,36.6,39.0,7,40.2,41.4,41.4,37.0,27.0,108540.0,165
2023-05-11 13:47:48,HO2403-C-3100,HO2403-C-3100,37.0,0.0,0.0,0.0,6,36.6,39.0,7,40.2,41.4,41.4,37.0,27.0,108540.0,165
2023-05-11 13:47:49,HO2403-C-3100,HO2403-C-3100,37.0,0.0,0.0,0.0,9,36.6,39.0,7,40.2,41.4,41.4,37.0,27.0,108540.0,165
2023-05-11 13:47:50,HO2403-C-3100,HO2403-C-3100,37.0,0.0,0.0,0.0,6,36.6,39.0,7,40.2,41.4,41.4,37.0,27.0,108540.0,165
2023-05-11 13:47:51,HO2403-C-3100,HO2403-C-3100,37.0,0.0,0.0,0.0,9,36.6,39.0,6,40.2,41.4,41.4,37.0,27.0,108540.0,165
2023-05-11 13:47:51,HO2403-C-3100,HO2403-C-3100,37.0,0.0,0.0,0.0,9,36.6,39.4,42,40.2,41.4,41.4,37.0,27.0,108540.0,165
2023-05-11 13:47:52,HO2403-C-3100,HO2403-C-3100,37.0,0.0,0.0,0.0,9,36.6,39.2,1,40.2,41.4,41.4,37.0,27.0,108540.0,165
2023-05-11 13:47:59,HO2403-C-3100,HO2403-C-3100,37.0,0.0,0.0,0.0,6,36.6,39.2,1,40.2,41.4,41.4,37.0,27.0,108540.0,165
2023-05-11 13:48:00,HO2403-C-3100,HO2403-C-3100,37.0,0.0,0.0,0.0,9,36.6,39.2,1,40.2,41.4,41.4,37.0,27.0,108540.0,165
2023-05-11 13:48:01,HO2403-C-3100,HO2403-C-3100,37.0,0.0,0.0,0.0,6,36.6,39.2,1,40.2,41.4,41.4,37.0,27.0,108540.0,165
2023-05-11 13:48:02,HO2403-C-3100,HO2403-C-3100,37.0,0.0,0.0,0.0,10,36.6,39.2,1,40.2,41.4,41.4,37.0,27.0,108540.0,165
2023-05-11 13:48:12,HO2403-C-3100,HO2403-C-3100,37.0,0.0,0.0,0.0,1,36.8,39.2,1,40.2,41.4,41.4,37.0,27.0,108540.0,165
2023-05-11 13:48:19,HO2403-C-3100,HO2403-C-3100,37.0,0.0,0.0,0.0,9,36.6,39.2,1,40.2,41.4,41.4,37.0,27.0,108540.0,165
2023-05-11 13:48:29,HO2403-C-3100,HO2403-C-3100,37.0,0.0,0.0,0.0,10,36.6,39.2,1,40.2,41.4,41.4,37.0,27.0,108540.0,165
2023-05-11 13:48:41,HO2403-C-3100,HO2403-C-3100,37.0,0.0,0.0,0.0,1,36.8,39.4,30,40.2,41.4,41.4,37.0,27.0,108540.0,165
2023-05-11 13:48:42,HO2403-C-3100,HO2403-C-3100,37.0,0.0,0.0,0.0,4,36.8,39.2,1,40.2,41.4,41.4,37.0,27.0,108540.0,165
2023-05-11 13:48:52,HO2403-C-3100,HO2403-C-3100,37.0,0.0,0.0,0.0,1,36.8,39.2,1,40.2,41.4,41.4,37.0,27.0,108540.0,165
2023-05-11 13:48:53,HO2403-C-3100,HO2403-C-3100,37.0,0.0,0.0,0.0,4,36.8,39.2,1,40.2,41.4,41.4,37.0,27.0,108540.0,165
2023-05-11 13:48:54,HO2403-C-3100,HO2403-C-3100,37.0,0.0,0.0,0.0,1,36.8,39.2,1,40.2,41.4,41.4,37.0,27.0,108540.0,165
2023-05-11 13:48:55,HO2403-C-3100,HO2403-C-3100,37.0,0.0,0.0,0.0,4,36.8,39.2,1,40.2,41.4,41.4,37.0,27.0,108540.0,165
2023-05-11 13:49:10,HO2403-C-3100,HO2403-C-3100,37.0,0.0,0.0,0.0,1,36.8,39.2,1,40.2,41.4,41.4,37.0,27.0,108540.0,165
2023-05-11 13:49:13,HO2403-C-3100,HO2403-C-3100,37.0,0.0,0.0,0.0,4,36.8,39.2,1,40.2,41.4,41.4,37.0,27.0,108540.0,165
2023-05-11 13:49:14,HO2403-C-3100,HO2403-C-3100,37.0,0.0,0.0,0.0,1,36.8,39.2,1,40.2,41.4,41.4,37.0,27.0,108540.0,165
2023-05-11 13:49:18,HO2403-C-3100,HO2403-C-3100,37.0,0.0,0.0,0.0,4,36.8,39.2,1,40.2,41.4,41.4,37.0,27.0,108540.0,165
2023-05-11 13:49:19,HO2403-C-3100,HO2403-C-3100,37.0,0.0,0.0,0.0,1,36.8,39.2,1,40.2,41.4,41.4,37.0,27.0,108540.0,165
2023-05-11 13:49:22,HO2403-C-3100,HO2403-C-3100,37.0,0.0,0.0,0.0,4,36.8,39.2,1,40.2,41.4,41.4,37.0,27.0,108540.0,165
2023-05-11 13:49:23,HO2403-C-3100,HO2403-C-3100,37.0,0.0,0.0,0.0,1,36.8,39.2,1,40.2,41.4,41.4,37.0,27.0,108540.0,165
2023-05-11 13:49:23,HO2403-C-3100,HO2403-C-3100,37.0,0.0,0.0,0.0,4,36.8,39.2,1,40.2,41.4,41.4,37.0,27.0,108540.0,165
2023-05-11 13:49:24,HO2403-C-3100,HO2403-C-3100,37.0,0.0,0.0,0.0,1,36.8,39.2,1,40.2,41.4,41.4,37.0,27.0,108540.0,165
2023-05-11 13:49:24,HO2403-C-3100,HO2403-C-3100,37.0,0.0,0.0,0.0,4,36.8,39.2,1,40.2,41.4,41.4,37.0,27.0,108540.0,165
2023-05-11 13:49:32,HO2403-C-3100,HO2403-C-3100,37.0,0.0,0.0,0.0,1,37.0,39.2,1,40.2,41.4,41.4,37.0,27.0,108540.0,165
2023-05-11 13:49:40,HO2403-C-3100,HO2403-C-3100,37.0,0.0,0.0,0.0,3,36.8,39.2,1,40.2,41.4,41.4,37.0,27.0,108540.0,165
2023-05-11 13:49:49,HO2403-C-3100,HO2403-C-3100,37.0,0.0,0.0,0.0,19,36.6,39.2,1,40.2,41.4,41.4,37.0,27.0,108540.0,165
2023-05-11 13:49:50,HO2403-C-3100,HO2403-C-3100,37.0,0.0,0.0,0.0,1,36.8,39.2,1,40.2,41.4,41.4,37.0,27.0,108540.0,165
2023-05-11 13:50:09,HO2403-C-3100,HO2403-C-3100,37.0,0.0,0.0,0.0,1,37.0,39.2,1,40.2,41.4,41.4,37.0,27.0,108540.0,165
2023-05-11 13:50:27,HO2403-C-3100,HO2403-C-3100,37.0,0.0,0.0,0.0,16,36.6,39.2,1,40.2,41.4,41.4,37.0,27.0,108540.0,165
2023-05-11 13:50:28,HO2403-C-3100,HO2403-C-3100,37.0,0.0,0.0,0.0,10,36.6,39.2,1,40.2,41.4,41.4,37.0,27.0,108540.0,165
2023-05-11 13:50:37,HO2403-C-3100,HO2403-C-3100,37.0,0.0,0.0,0.0,1,36.8,39.2,1,40.2,41.4,41.4,37.0,27.0,108540.0,165
2023-05-11 13:50:37,HO2403-C-3100,HO2403-C-3100,37.0,0.0,0.0,0.0,4,36.8,39.2,1,40.2,41.4,41.4,37.0,27.0,108540.0,165
2023-05-11 13:50:47,HO2403-C-3100,HO2403-C-3100,37.0,0.0,0.0,0.0,1,37.0,39.2,1,40.2,41.4,41.4,37.0,27.0,108540.0,165
2023-05-11 13:50:56,HO2403-C-3100,HO2403-C-3100,37.0,0.0,0.0,0.0,1,37.0,39.4,24,40.2,41.4,41.4,37.0,27.0,108540.0,165
2023-05-11 13:50:57,HO2403-C-3100,HO2403-C-3100,37.0,0.0,0.0,0.0,1,37.0,39.4,25,40.2,41.4,41.4,37.0,27.0,108540.0,165
2023-05-11 13:51:02,HO2403-C-3100,HO2403-C-3100,37.0,0.0,0.0,0.0,3,36.8,39.4,25,40.2,41.4,41.4,37.0,27.0,108540.0,165
2023-05-11 13:51:23,HO2403-C-3100,HO2403-C-3100,37.0,0.0,0.0,0.0,19,36.6,39.4,25,40.2,41.4,41.4,37.0,27.0,108540.0,165
2023-05-11 13:51:23,HO2403-C-3100,HO2403-C-3100,37.0,0.0,0.0,0.0,16,36.6,39.4,25,40.2,41.4,41.4,37.0,27.0,108540.0,165
2023-05-11 13:51:31,HO2403-C-3100,HO2403-C-3100,37.0,0.0,0.0,0.0,1,36.8,39.4,25,40.2,41.4,41.4,37.0,27.0,108540.0,165
2023-05-11 13:51:31,HO2403-C-3100,HO2403-C-3100,37.0,0.0,0.0,0.0,4,36.8,39.4,25,40.2,41.4,41.4,37.0,27.0,108540.0,165
2023-05-11 13:51:45,HO2403-C-3100,HO2403-C-3100,37.0,0.0,0.0,0.0,1,36.8,39.4,25,40.2,41.4,41.4,37.0,27.0,108540.0,165
2023-05-11 13:51:46,HO2403-C-3100,HO2403-C-3100,37.0,0.0,0.0,0.0,4,36.8,39.4,25,40.2,41.4,41.4,37.0,27.0,108540.0,165
2023-05-11 13:51:48,HO2403-C-3100,HO2403-C-3100,37.0,0.0,0.0,0.0,6,36.6,39.4,25,40.2,41.4,41.4,37.0,27.0,108540.0,165
2023-05-11 13:51:49,HO2403-C-3100,HO2403-C-3100,37.0,0.0,0.0,0.0,9,36.6,39.4,25,40.2,41.4,41.4,37.0,27.0,108540.0,165
2023-05-11 13:52:05,HO2403-C-3100,HO2403-C-3100,37.0,0.0,0.0,0.0,10,36.6,39.4,25,40.2,41.4,41.4,37.0,27.0,108540.0,165
2023-05-11 13:52:17,HO2403-C-3100,HO2403-C-3100,37.0,0.0,0.0,0.0,1,36.8,39.4,25,40.2,41.4,41.4,37.0,27.0,108540.0,165
2023-05-11 13:52:24,HO2403-C-3100,HO2403-C-3100,37.0,0.0,0.0,0.0,9,36.6,39.4,25,40.2,41.4,41.4,37.0,27.0,108540.0,165
2023-05-11 13:52:38,HO2403-C-3100,HO2403-C-3100,37.0,0.0,0.0,0.0,10,36.6,39.4,25,40.2,41.4,41.4,37.0,27.0,108540.0,165
2023-05-11 13:52:38,HO2403-C-3100,HO2403-C-3100,37.0,0.0,0.0,0.0,17,36.6,39.4,25,40.2,41.4,41.4,37.0,27.0,108540.0,165
2023-05-11 13:52:40,HO2403-C-3100,HO2403-C-3100,37.0,0.0,0.0,0.0,16,36.6,39.4,25,40.2,41.4,41.4,37.0,27.0,108540.0,165
2023-05-11 13:52:41,HO2403-C-3100,HO2403-C-3100,37.0,0.0,0.0,0.0,17,36.6,39.4,25,40.2,41.4,41.4,37.0,27.0,108540.0,165
2023-05-11 13:52:42,HO2403-C-3100,HO2403-C-3100,37.0,0.0,0.0,0.0,16,36.6,39.4,25,40.2,41.4,41.4,37.0,27.0,108540.0,165
2023-05-11 13:52:48,HO2403-C-3100,HO2403-C-3100,37.0,0.0,0.0,0.0,1,36.8,39.4,25,40.2,41.4,41.4,37.0,27.0,108540.0,165
2023-05-11 13:53:03,HO2403-C-3100,HO2403-C-3100,37.0,0.0,0.0,0.0,15,36.6,39.4,25,40.2,41.4,41.4,37.0,27.0,108540.0,165
2023-05-11 13:53:04,HO2403-C-3100,HO2403-C-3100,37.0,0.0,0.0,0.0,9,36.6,39.4,25,40.2,41.4,41.4,37.0,27.0,108540.0,165
2023-05-11 13:53:17,HO2403-C-3100,HO2403-C-3100,37.0,0.0,0.0,0.0,10,36.6,39.4,25,40.2,41.4,41.4,37.0,27.0,108540.0,165
2023-05-11 13:54:04,HO2403-C-3100,HO2403-C-3100,37.0,0.0,0.0,0.0,16,36.6,39.4,25,40.2,41.4,41.4,37.0,27.0,108540.0,165
2023-05-11 13:55:02,HO2403-C-3100,HO2403-C-3100,37.0,0.0,0.0,0.0,1,36.8,39.4,25,40.2,41.4,41.4,37.0,27.0,108540.0,165
2023-05-11 13:55:03,HO2403-C-3100,HO2403-C-3100,37.0,0.0,0.0,0.0,4,36.8,39.4,25,40.2,41.4,41.4,37.0,27.0,108540.0,165
2023-05-11 13:55:08,HO2403-C-3100,HO2403-C-3100,37.0,0.0,0.0,0.0,3,36.8,39.4,25,40.2,41.4,41.4,37.0,27.0,108540.0,165
2023-05-11 13:55:09,HO2403-C-3100,HO2403-C-3100,37.0,0.0,0.0,0.0,6,36.6,39.4,25,40.2,41.4,41.4,37.0,27.0,108540.0,165
2023-05-11 13:55:09,HO2403-C-3100,HO2403-C-3100,37.0,0.0,0.0,0.0,9,36.6,39.4,25,40.2,41.4,41.4,37.0,27.0,108540.0,165
2023-05-11 13:55:18,HO2403-C-3100,HO2403-C-3100,37.0,0.0,0.0,0.0,9,36.6,39.4,26,40.2,41.4,41.4,37.0,27.0,108540.0,165
2023-05-11 13:55:23,HO2403-C-3100,HO2403-C-3100,37.0,0.0,0.0,0.0,10,36.6,39.4,26,40.2,41.4,41.4,37.0,27.0,108540.0,165
2023-05-11 13:55:33,HO2403-C-3100,HO2403-C-3100,37.0,0.0,0.0,0.0,1,36.8,39.4,26,40.2,41.4,41.4,37.0,27.0,108540.0,165
2023-05-11 13:56:01,HO2403-C-3100,HO2403-C-3100,37.0,0.0,0.0,0.0,6,36.6,39.4,26,40.2,41.4,41.4,37.0,27.0,108540.0,165
2023-05-11 13:56:01,HO2403-C-3100,HO2403-C-3100,37.0,0.0,0.0,0.0,9,36.6,39.4,26,40.2,41.4,41.4,37.0,27.0,108540.0,165
2023-05-11 13:56:14,HO2403-C-3100,HO2403-C-3100,37.0,0.0,0.0,0.0,10,36.6,39.4,26,40.2,41.4,41.4,37.0,27.0,108540.0,165
2023-05-11 13:56:45,HO2403-C-3100,HO2403-C-3100,37.0,0.0,0.0,0.0,9,36.6,39.4,26,40.2,41.4,41.4,37.0,27.0,108540.0,165
2023-05-11 13:57:07,HO2403-C-3100,HO2403-C-3100,37.0,0.0,0.0,0.0,10,36.6,39.4,26,40.2,41.4,41.4,37.0,27.0,108540.0,165
2023-05-11 13:57:15,HO2403-C-3100,HO2403-C-3100,37.0,0.0,0.0,0.0,10,36.6,39.4,25,40.2,41.4,41.4,37.0,27.0,108540.0,165
2023-05-11 13:57:32,HO2403-C-3100,HO2403-C-3100,37.0,0.0,0.0,0.0,1,36.8,39.4,25,40.2,41.4,41.4,37.0,27.0,108540.0,165
2023-05-11 13:57:43,HO2403-C-3100,HO2403-C-3100,37.0,0.0,0.0,0.0,9,36.6,39.4,25,40.2,41.4,41.4,37.0,27.0,108540.0,165
2023-05-11 13:57:50,HO2403-C-3100,HO2403-C-3100,37.0,0.0,0.0,0.0,10,36.6,39.4,25,40.2,41.4,41.4,37.0,27.0,108540.0,165
2023-05-11 13:58:01,HO2403-C-3100,HO2403-C-3100,37.0,0.0,0.0,0.0,1,36.8,39.4,25,40.2,41.4,41.4,37.0,27.0,108540.0,165
2023-05-11 13:58:26,HO2403-C-3100,HO2403-C-3100,37.0,0.0,0.0,0.0,1,37.0,39.4,25,40.2,41.4,41.4,37.0,27.0,108540.0,165
2023-05-11 13:58:49,HO2403-C-3100,HO2403-C-3100,37.0,0.0,0.0,0.0,1,37.2,39.4,25,40.2,41.4,41.4,37.0,27.0,108540.0,165
2023-05-11 13:58:59,HO2403-C-3100,HO2403-C-3100,37.0,0.0,0.0,0.0,1,36.8,39.4,25,40.2,41.4,41.4,37.0,27.0,108540.0,165
2023-05-11 13:59:00,HO2403-C-3100,HO2403-C-3100,37.0,0.0,0.0,0.0,4,36.8,39.4,25,40.2,41.4,41.4,37.0,27.0,108540.0,165
2023-05-11 13:59:07,HO2403-C-3100,HO2403-C-3100,37.0,0.0,0.0,0.0,1,36.8,39.4,25,40.2,41.4,41.4,37.0,27.0,108540.0,165
2023-05-11 13:59:13,HO2403-C-3100,HO2403-C-3100,37.0,0.0,0.0,0.0,4,36.8,39.4,25,40.2,41.4,41.4,37.0,27.0,108540.0,165
2023-05-11 13:59:14,HO2403-C-3100,HO2403-C-3100,37.0,0.0,0.0,0.0,1,36.8,39.4,25,40.2,41.4,41.4,37.0,27.0,108540.0,165
2023-05-11 13:59:18,HO2403-C-3100,HO2403-C-3100,37.0,0.0,0.0,0.0,4,36.8,39.4,25,40.2,41.4,41.4,37.0,27.0,108540.0,165
2023-05-11 13:59:20,HO2403-C-3100,HO2403-C-3100,37.0,0.0,0.0,0.0,3,36.8,39.4,25,40.2,41.4,41.4,37.0,27.0,108540.0,165
2023-05-11 13:59:22,HO2403-C-3100,HO2403-C-3100,37.0,0.0,0.0,0.0,6,36.6,39.4,25,40.2,41.4,41.4,37.0,27.0,108540.0,165
2023-05-11 13:59:22,HO2403-C-3100,HO2403-C-3100,37.0,0.0,0.0,0.0,9,36.6,39.4,25,40.2,41.4,41.4,37.0,27.0,108540.0,165
2023-05-11 13:59:37,HO2403-C-3100,HO2403-C-3100,37.0,0.0,0.0,0.0,10,36.6,39.4,25,40.2,41.4,41.4,37.0,27.0,108540.0,165
2023-05-11 13:59:37,HO2403-C-3100,HO2403-C-3100,37.0,0.0,0.0,0.0,11,36.6,39.4,25,40.2,41.4,41.4,37.0,27.0,108540.0,165
2023-05-11 13:59:38,HO2403-C-3100,HO2403-C-3100,37.0,0.0,0.0,0.0,10,36.6,39.4,25,40.2,41.4,41.4,37.0,27.0,108540.0,165
2023-05-11 14:00:01,HO2403-C-3100,HO2403-C-3100,37.0,0.0,0.0,0.0,7,36.6,39.4,25,40.2,41.4,41.4,37.0,27.0,108540.0,165
2023-05-11 14:00:02,HO2403-C-3100,HO2403-C-3100,37.0,0.0,0.0,0.0,10,36.6,39.4,25,40.2,41.4,41.4,37.0,27.0,108540.0,165
2023-05-11 14:00:09,HO2403-C-3100,HO2403-C-3100,37.0,0.0,0.0,0.0,7,36.6,39.4,25,40.2,41.4,41.4,37.0,27.0,108540.0,165
2023-05-11 14:00:10,HO2403-C-3100,HO2403-C-3100,37.0,0.0,0.0,0.0,10,36.6,39.4,25,40.2,41.4,41.4,37.0,27.0,108540.0,165
2023-05-11 14:00:12,HO2403-C-3100,HO2403-C-3100,37.0,0.0,0.0,0.0,10,36.6,39.4,19,40.2,41.4,41.4,37.0,27.0,108540.0,165
2023-05-11 14:00:20,HO2403-C-3100,HO2403-C-3100,37.0,0.0,0.0,0.0,10,36.6,39.4,18,40.2,41.4,41.4,37.0,27.0,108540.0,165
2023-05-11 14:00:20,HO2403-C-3100,HO2403-C-3100,37.0,0.0,0.0,0.0,11,36.6,39.4,19,40.2,41.4,41.4,37.0,27.0,108540.0,165
2023-05-11 14:00:21,HO2403-C-3100,HO2403-C-3100,37.0,0.0,0.0,0.0,11,36.6,39.4,18,40.2,41.4,41.4,37.0,27.0,108540.0,165
2023-05-11 14:00:23,HO2403-C-3100,HO2403-C-3100,37.0,0.0,0.0,0.0,11,36.6,39.4,24,40.2,41.4,41.4,37.0,27.0,108540.0,165
2023-05-11 14:00:24,HO2403-C-3100,HO2403-C-3100,37.0,0.0,0.0,0.0,10,36.6,39.4,25,40.2,41.4,41.4,37.0,27.0,108540.0,165
2023-05-11 14:01:05,HO2403-C-3100,HO2403-C-3100,37.0,0.0,0.0,0.0,10,36.6,39.4,24,40.2,41.4,41.4,37.0,27.0,108540.0,165
2023-05-11 14:01:06,HO2403-C-3100,HO2403-C-3100,37.0,0.0,0.0,0.0,17,36.6,39.4,24,40.2,41.4,41.4,37.0,27.0,108540.0,165
2023-05-11 14:01:06,HO2403-C-3100,HO2403-C-3100,37.0,0.0,0.0,0.0,17,36.6,39.4,25,40.2,41.4,41.4,37.0,27.0,108540.0,165
2023-05-11 14:01:07,HO2403-C-3100,HO2403-C-3100,37.0,0.0,0.0,0.0,17,36.6,39.4,24,40.2,41.4,41.4,37.0,27.0,108540.0,165
2023-05-11 14:01:07,HO2403-C-3100,HO2403-C-3100,37.0,0.0,0.0,0.0,17,36.6,39.4,25,40.2,41.4,41.4,37.0,27.0,108540.0,165
2023-05-11 14:01:08,HO2403-C-3100,HO2403-C-3100,37.0,0.0,0.0,0.0,16,36.6,39.4,25,40.2,41.4,41.4,37.0,27.0,108540.0,165
2023-05-11 14:01:09,HO2403-C-3100,HO2403-C-3100,37.0,0.0,0.0,0.0,17,36.6,39.4,25,40.2,41.4,41.4,37.0,27.0,108540.0,165
2023-05-11 14:01:10,HO2403-C-3100,HO2403-C-3100,37.0,0.0,0.0,0.0,16,36.6,39.4,25,40.2,41.4,41.4,37.0,27.0,108540.0,165
2023-05-11 14:01:53,HO2403-C-3100,HO2403-C-3100,37.0,0.0,0.0,0.0,10,36.6,39.4,25,40.2,41.4,41.4,37.0,27.0,108540.0,165
2023-05-11 14:02:04,HO2403-C-3100,HO2403-C-3100,37.0,0.0,0.0,0.0,10,36.6,39.0,6,40.2,41.4,41.4,37.0,27.0,108540.0,165
2023-05-11 14:02:41,HO2403-C-3100,HO2403-C-3100,37.0,0.0,0.0,0.0,1,36.8,39.0,6,40.2,41.4,41.4,37.0,27.0,108540.0,165
2023-05-11 14:02:41,HO2403-C-3100,HO2403-C-3100,37.0,0.0,0.0,0.0,4,36.8,39.0,6,40.2,41.4,41.4,37.0,27.0,108540.0,165
2023-05-11 14:02:47,HO2403-C-3100,HO2403-C-3100,37.0,0.0,0.0,0.0,1,36.8,39.0,6,40.2,41.4,41.4,37.0,27.0,108540.0,165
2023-05-11 14:02:48,HO2403-C-3100,HO2403-C-3100,37.0,0.0,0.0,0.0,4,36.8,39.0,6,40.2,41.4,41.4,37.0,27.0,108540.0,165
2023-05-11 14:02:51,HO2403-C-3100,HO2403-C-3100,37.0,0.0,0.0,0.0,1,36.8,39.0,6,40.2,41.4,41.4,37.0,27.0,108540.0,165
2023-05-11 14:02:57,HO2403-C-3100,HO2403-C-3100,37.0,0.0,0.0,0.0,6,36.6,39.0,6,40.2,41.4,41.4,37.0,27.0,108540.0,165
2023-05-11 14:02:57,HO2403-C-3100,HO2403-C-3100,37.0,0.0,0.0,0.0,9,36.6,39.0,7,40.2,41.4,41.4,37.0,27.0,108540.0,165
2023-05-11 14:02:59,HO2403-C-3100,HO2403-C-3100,37.0,0.0,0.0,0.0,10,36.6,39.0,7,40.2,41.4,41.4,37.0,27.0,108540.0,165
2023-05-11 14:03:05,HO2403-C-3100,HO2403-C-3100,37.0,0.0,0.0,0.0,10,36.6,39.0,6,40.2,41.4,41.4,37.0,27.0,108540.0,165
2023-05-11 14:03:09,HO2403-C-3100,HO2403-C-3100,37.0,0.0,0.0,0.0,1,36.8,39.0,6,40.2,41.4,41.4,37.0,27.0,108540.0,165
2023-05-11 14:04:00,HO2403-C-3100,HO2403-C-3100,37.0,0.0,0.0,0.0,9,36.6,39.0,6,40.2,41.4,41.4,37.0,27.0,108540.0,165
2023-05-11 14:04:00,HO2403-C-3100,HO2403-C-3100,37.0,0.0,0.0,0.0,9,36.6,39.0,7,40.2,41.4,41.4,37.0,27.0,108540.0,165
2023-05-11 14:04:03,HO2403-C-3100,HO2403-C-3100,37.0,0.0,0.0,0.0,10,36.6,39.0,7,40.2,41.4,41.4,37.0,27.0,108540.0,165
2023-05-11 14:04:03,HO2403-C-3100,HO2403-C-3100,37.0,0.0,0.0,0.0,10,36.6,39.0,6,40.2,41.4,41.4,37.0,27.0,108540.0,165
2023-05-11 14:04:13,HO2403-C-3100,HO2403-C-3100,37.0,0.0,0.0,0.0,1,36.8,39.0,6,40.2,41.4,41.4,37.0,27.0,108540.0,165
2023-05-11 14:04:13,HO2403-C-3100,HO2403-C-3100,37.0,0.0,0.0,0.0,4,36.8,39.0,6,40.2,41.4,41.4,37.0,27.0,108540.0,165
2023-05-11 14:04:30,HO2403-C-3100,HO2403-C-3100,37.0,0.0,0.0,0.0,1,36.8,39.0,6,40.2,41.4,41.4,37.0,27.0,108540.0,165
2023-05-11 14:04:30,HO2403-C-3100,HO2403-C-3100,37.0,0.0,0.0,0.0,1,36.8,39.0,7,40.2,41.4,41.4,37.0,27.0,108540.0,165
2023-05-11 14:04:37,HO2403-C-3100,HO2403-C-3100,37.0,0.0,0.0,0.0,4,36.8,39.0,7,40.2,41.4,41.4,37.0,27.0,108540.0,165
2023-05-11 14:04:47,HO2403-C-3100,HO2403-C-3100,37.0,0.0,0.0,0.0,4,36.8,39.0,6,40.2,41.4,41.4,37.0,27.0,108540.0,165
2023-05-11 14:04:58,HO2403-C-3100,HO2403-C-3100,37.0,0.0,0.0,0.0,4,36.8,39.0,7,40.2,41.4,41.4,37.0,27.0,108540.0,165
2023-05-11 14:05:01,HO2403-C-3100,HO2403-C-3100,37.0,0.0,0.0,0.0,1,36.8,39.0,7,40.2,41.4,41.4,37.0,27.0,108540.0,165
2023-05-11 14:05:03,HO2403-C-3100,HO2403-C-3100,37.0,0.0,0.0,0.0,4,36.8,39.0,7,40.2,41.4,41.4,37.0,27.0,108540.0,165
2023-05-11 14:05:03,HO2403-C-3100,HO2403-C-3100,37.0,0.0,0.0,0.0,1,36.8,39.0,7,40.2,41.4,41.4,37.0,27.0,108540.0,165
2023-05-11 14:05:04,HO2403-C-3100,HO2403-C-3100,37.0,0.0,0.0,0.0,4,36.8,39.0,7,40.2,41.4,41.4,37.0,27.0,108540.0,165
2023-05-11 14:05:04,HO2403-C-3100,HO2403-C-3100,37.0,0.0,0.0,0.0,1,36.8,39.0,7,40.2,41.4,41.4,37.0,27.0,108540.0,165
2023-05-11 14:05:14,HO2403-C-3100,HO2403-C-3100,37.0,0.0,0.0,0.0,1,36.8,39.0,6,40.2,41.4,41.4,37.0,27.0,108540.0,165
2023-05-11 14:05:14,HO2403-C-3100,HO2403-C-3100,37.0,0.0,0.0,0.0,1,36.8,39.0,7,40.2,41.4,41.4,37.0,27.0,108540.0,165
2023-05-11 14:05:15,HO2403-C-3100,HO2403-C-3100,37.0,0.0,0.0,0.0,1,36.8,39.0,6,40.2,41.4,41.4,37.0,27.0,108540.0,165
2023-05-11 14:05:16,HO2403-C-3100,HO2403-C-3100,37.0,0.0,0.0,0.0,4,36.8,39.0,6,40.2,41.4,41.4,37.0,27.0,108540.0,165
2023-05-11 14:05:41,HO2403-C-3100,HO2403-C-3100,37.0,0.0,0.0,0.0,3,36.8,39.0,6,40.2,41.4,41.4,37.0,27.0,108540.0,165
2023-05-11 14:05:46,HO2403-C-3100,HO2403-C-3100,37.0,0.0,0.0,0.0,3,36.8,39.0,7,40.2,41.4,41.4,37.0,27.0,108540.0,165
2023-05-11 14:05:52,HO2403-C-3100,HO2403-C-3100,37.0,0.0,0.0,0.0,4,36.8,39.0,7,40.2,41.4,41.4,37.0,27.0,108540.0,165
2023-05-11 14:06:02,HO2403-C-3100,HO2403-C-3100,37.0,0.0,0.0,0.0,1,37.0,39.0,7,40.2,41.4,41.4,37.0,27.0,108540.0,165
