time,symbol_id,symbol_name,last,trade_volume,trade_amount,open_interest_change,bv1,bp1,ap1,av1,yesterday_close,today_open,today_high,today_low,volume,amount,open_interest
2023-05-10 20:56:14,i2312-P-650,i2312-P-650,42.4,0.0,0.0,0.0,1,0.1,0.0,0,42.4,0.0,0.0,0.0,0.0,0.0,3
2023-05-10 21:00:05,i2312-P-650,i2312-P-650,42.4,0.0,0.0,0.0,10,0.2,0.0,0,42.4,0.0,0.0,0.0,0.0,0.0,3
2023-05-10 21:01:03,i2312-P-650,i2312-P-650,42.4,0.0,0.0,0.0,1,10.5,0.0,0,42.4,0.0,0.0,0.0,0.0,0.0,3
2023-05-10 21:01:03,i2312-P-650,i2312-P-650,42.4,0.0,0.0,0.0,10,10.6,0.0,0,42.4,0.0,0.0,0.0,0.0,0.0,3
2023-05-10 21:01:22,i2312-P-650,i2312-P-650,42.4,0.0,0.0,0.0,1,10.7,0.0,0,42.4,0.0,0.0,0.0,0.0,0.0,3
2023-05-10 21:01:22,i2312-P-650,i2312-P-650,42.4,0.0,0.0,0.0,10,10.8,0.0,0,42.4,0.0,0.0,0.0,0.0,0.0,3
2023-05-10 21:03:08,i2312-P-650,i2312-P-650,42.4,0.0,0.0,0.0,2,10.9,0.0,0,42.4,0.0,0.0,0.0,0.0,0.0,3
2023-05-10 21:03:08,i2312-P-650,i2312-P-650,42.4,0.0,0.0,0.0,10,11.0,0.0,0,42.4,0.0,0.0,0.0,0.0,0.0,3
2023-05-10 21:10:44,i2312-P-650,i2312-P-650,42.4,0.0,0.0,0.0,2,11.1,0.0,0,42.4,0.0,0.0,0.0,0.0,0.0,3
2023-05-10 21:10:44,i2312-P-650,i2312-P-650,42.4,0.0,0.0,0.0,10,11.2,0.0,0,42.4,0.0,0.0,0.0,0.0,0.0,3
2023-05-10 21:12:22,i2312-P-650,i2312-P-650,42.4,0.0,0.0,0.0,2,11.3,0.0,0,42.4,0.0,0.0,0.0,0.0,0.0,3
2023-05-10 21:12:22,i2312-P-650,i2312-P-650,42.4,0.0,0.0,0.0,10,11.4,0.0,0,42.4,0.0,0.0,0.0,0.0,0.0,3
2023-05-10 21:14:03,i2312-P-650,i2312-P-650,42.4,0.0,0.0,0.0,2,11.5,0.0,0,42.4,0.0,0.0,0.0,0.0,0.0,3
2023-05-10 21:14:03,i2312-P-650,i2312-P-650,42.4,0.0,0.0,0.0,10,11.6,0.0,0,42.4,0.0,0.0,0.0,0.0,0.0,3
2023-05-10 21:14:10,i2312-P-650,i2312-P-650,42.4,0.0,0.0,0.0,2,11.7,0.0,0,42.4,0.0,0.0,0.0,0.0,0.0,3
2023-05-10 21:14:10,i2312-P-650,i2312-P-650,42.4,0.0,0.0,0.0,10,11.8,0.0,0,42.4,0.0,0.0,0.0,0.0,0.0,3
2023-05-10 21:14:52,i2312-P-650,i2312-P-650,42.4,0.0,0.0,0.0,2,11.9,0.0,0,42.4,0.0,0.0,0.0,0.0,0.0,3
2023-05-10 21:14:52,i2312-P-650,i2312-P-650,42.4,0.0,0.0,0.0,10,12.0,0.0,0,42.4,0.0,0.0,0.0,0.0,0.0,3
2023-05-10 21:14:55,i2312-P-650,i2312-P-650,42.4,0.0,0.0,0.0,2,12.1,0.0,0,42.4,0.0,0.0,0.0,0.0,0.0,3
2023-05-10 21:14:55,i2312-P-650,i2312-P-650,42.4,0.0,0.0,0.0,10,12.2,0.0,0,42.4,0.0,0.0,0.0,0.0,0.0,3
2023-05-10 21:14:56,i2312-P-650,i2312-P-650,42.4,0.0,0.0,0.0,2,12.3,0.0,0,42.4,0.0,0.0,0.0,0.0,0.0,3
2023-05-10 21:14:56,i2312-P-650,i2312-P-650,42.4,0.0,0.0,0.0,10,12.4,0.0,0,42.4,0.0,0.0,0.0,0.0,0.0,3
2023-05-10 21:14:59,i2312-P-650,i2312-P-650,42.4,0.0,0.0,0.0,2,12.5,0.0,0,42.4,0.0,0.0,0.0,0.0,0.0,3
2023-05-10 21:14:59,i2312-P-650,i2312-P-650,42.4,0.0,0.0,0.0,10,12.6,0.0,0,42.4,0.0,0.0,0.0,0.0,0.0,3
2023-05-10 21:15:02,i2312-P-650,i2312-P-650,42.4,0.0,0.0,0.0,2,12.7,0.0,0,42.4,0.0,0.0,0.0,0.0,0.0,3
2023-05-10 21:15:02,i2312-P-650,i2312-P-650,42.4,0.0,0.0,0.0,10,12.8,0.0,0,42.4,0.0,0.0,0.0,0.0,0.0,3
2023-05-10 21:15:05,i2312-P-650,i2312-P-650,42.4,0.0,0.0,0.0,2,12.9,0.0,0,42.4,0.0,0.0,0.0,0.0,0.0,3
2023-05-10 21:15:05,i2312-P-650,i2312-P-650,42.4,0.0,0.0,0.0,10,13.0,0.0,0,42.4,0.0,0.0,0.0,0.0,0.0,3
2023-05-10 21:15:08,i2312-P-650,i2312-P-650,42.4,0.0,0.0,0.0,2,13.1,0.0,0,42.4,0.0,0.0,0.0,0.0,0.0,3
2023-05-10 21:15:08,i2312-P-650,i2312-P-650,42.4,0.0,0.0,0.0,10,13.2,0.0,0,42.4,0.0,0.0,0.0,0.0,0.0,3
2023-05-10 21:15:11,i2312-P-650,i2312-P-650,42.4,0.0,0.0,0.0,2,13.3,0.0,0,42.4,0.0,0.0,0.0,0.0,0.0,3
2023-05-10 21:15:11,i2312-P-650,i2312-P-650,42.4,0.0,0.0,0.0,10,13.4,0.0,0,42.4,0.0,0.0,0.0,0.0,0.0,3
2023-05-10 21:15:14,i2312-P-650,i2312-P-650,42.4,0.0,0.0,0.0,2,13.5,0.0,0,42.4,0.0,0.0,0.0,0.0,0.0,3
2023-05-10 21:15:14,i2312-P-650,i2312-P-650,42.4,0.0,0.0,0.0,10,13.6,0.0,0,42.4,0.0,0.0,0.0,0.0,0.0,3
2023-05-10 21:15:17,i2312-P-650,i2312-P-650,42.4,0.0,0.0,0.0,2,13.7,0.0,0,42.4,0.0,0.0,0.0,0.0,0.0,3
2023-05-10 21:15:17,i2312-P-650,i2312-P-650,42.4,0.0,0.0,0.0,10,13.8,0.0,0,42.4,0.0,0.0,0.0,0.0,0.0,3
2023-05-10 21:15:20,i2312-P-650,i2312-P-650,42.4,0.0,0.0,0.0,2,13.9,0.0,0,42.4,0.0,0.0,0.0,0.0,0.0,3
2023-05-10 21:15:20,i2312-P-650,i2312-P-650,42.4,0.0,0.0,0.0,10,14.0,0.0,0,42.4,0.0,0.0,0.0,0.0,0.0,3
2023-05-10 21:15:25,i2312-P-650,i2312-P-650,42.4,0.0,0.0,0.0,2,14.1,0.0,0,42.4,0.0,0.0,0.0,0.0,0.0,3
2023-05-10 21:15:25,i2312-P-650,i2312-P-650,42.4,0.0,0.0,0.0,10,14.2,0.0,0,42.4,0.0,0.0,0.0,0.0,0.0,3
2023-05-10 21:15:28,i2312-P-650,i2312-P-650,42.4,0.0,0.0,0.0,2,14.3,0.0,0,42.4,0.0,0.0,0.0,0.0,0.0,3
2023-05-10 21:15:28,i2312-P-650,i2312-P-650,42.4,0.0,0.0,0.0,10,14.4,0.0,0,42.4,0.0,0.0,0.0,0.0,0.0,3
2023-05-10 21:15:30,i2312-P-650,i2312-P-650,42.4,0.0,0.0,0.0,2,14.5,0.0,0,42.4,0.0,0.0,0.0,0.0,0.0,3
2023-05-10 21:15:30,i2312-P-650,i2312-P-650,42.4,0.0,0.0,0.0,10,14.6,0.0,0,42.4,0.0,0.0,0.0,0.0,0.0,3
2023-05-10 21:15:33,i2312-P-650,i2312-P-650,42.4,0.0,0.0,0.0,2,14.7,0.0,0,42.4,0.0,0.0,0.0,0.0,0.0,3
2023-05-10 21:15:33,i2312-P-650,i2312-P-650,42.4,0.0,0.0,0.0,10,14.8,0.0,0,42.4,0.0,0.0,0.0,0.0,0.0,3
2023-05-10 21:15:36,i2312-P-650,i2312-P-650,42.4,0.0,0.0,0.0,2,14.9,0.0,0,42.4,0.0,0.0,0.0,0.0,0.0,3
2023-05-10 21:15:36,i2312-P-650,i2312-P-650,42.4,0.0,0.0,0.0,10,15.0,0.0,0,42.4,0.0,0.0,0.0,0.0,0.0,3
2023-05-10 21:15:38,i2312-P-650,i2312-P-650,42.4,0.0,0.0,0.0,2,15.1,0.0,0,42.4,0.0,0.0,0.0,0.0,0.0,3
2023-05-10 21:15:38,i2312-P-650,i2312-P-650,42.4,0.0,0.0,0.0,10,15.2,0.0,0,42.4,0.0,0.0,0.0,0.0,0.0,3
2023-05-10 21:15:41,i2312-P-650,i2312-P-650,42.4,0.0,0.0,0.0,2,15.3,0.0,0,42.4,0.0,0.0,0.0,0.0,0.0,3
2023-05-10 21:15:41,i2312-P-650,i2312-P-650,42.4,0.0,0.0,0.0,10,15.4,0.0,0,42.4,0.0,0.0,0.0,0.0,0.0,3
2023-05-10 21:15:43,i2312-P-650,i2312-P-650,42.4,0.0,0.0,0.0,2,15.5,0.0,0,42.4,0.0,0.0,0.0,0.0,0.0,3
2023-05-10 21:15:43,i2312-P-650,i2312-P-650,42.4,0.0,0.0,0.0,10,15.6,0.0,0,42.4,0.0,0.0,0.0,0.0,0.0,3
2023-05-10 21:15:46,i2312-P-650,i2312-P-650,42.4,0.0,0.0,0.0,2,15.7,0.0,0,42.4,0.0,0.0,0.0,0.0,0.0,3
2023-05-10 21:15:46,i2312-P-650,i2312-P-650,42.4,0.0,0.0,0.0,10,15.8,0.0,0,42.4,0.0,0.0,0.0,0.0,0.0,3
2023-05-10 21:15:55,i2312-P-650,i2312-P-650,42.4,0.0,0.0,0.0,2,15.9,0.0,0,42.4,0.0,0.0,0.0,0.0,0.0,3
2023-05-10 21:15:55,i2312-P-650,i2312-P-650,42.4,0.0,0.0,0.0,10,16.0,0.0,0,42.4,0.0,0.0,0.0,0.0,0.0,3
2023-05-10 21:15:57,i2312-P-650,i2312-P-650,42.4,0.0,0.0,0.0,2,16.1,0.0,0,42.4,0.0,0.0,0.0,0.0,0.0,3
2023-05-10 21:15:57,i2312-P-650,i2312-P-650,42.4,0.0,0.0,0.0,10,16.2,0.0,0,42.4,0.0,0.0,0.0,0.0,0.0,3
2023-05-10 21:16:01,i2312-P-650,i2312-P-650,42.4,0.0,0.0,0.0,2,16.3,0.0,0,42.4,0.0,0.0,0.0,0.0,0.0,3
2023-05-10 21:16:01,i2312-P-650,i2312-P-650,42.4,0.0,0.0,0.0,10,16.4,0.0,0,42.4,0.0,0.0,0.0,0.0,0.0,3
2023-05-10 21:16:05,i2312-P-650,i2312-P-650,42.4,0.0,0.0,0.0,2,16.5,0.0,0,42.4,0.0,0.0,0.0,0.0,0.0,3
2023-05-10 21:16:05,i2312-P-650,i2312-P-650,42.4,0.0,0.0,0.0,10,16.6,0.0,0,42.4,0.0,0.0,0.0,0.0,0.0,3
2023-05-10 21:16:08,i2312-P-650,i2312-P-650,42.4,0.0,0.0,0.0,2,16.7,0.0,0,42.4,0.0,0.0,0.0,0.0,0.0,3
2023-05-10 21:16:08,i2312-P-650,i2312-P-650,42.4,0.0,0.0,0.0,10,16.8,0.0,0,42.4,0.0,0.0,0.0,0.0,0.0,3
2023-05-10 21:16:11,i2312-P-650,i2312-P-650,42.4,0.0,0.0,0.0,2,16.9,0.0,0,42.4,0.0,0.0,0.0,0.0,0.0,3
2023-05-10 21:16:11,i2312-P-650,i2312-P-650,42.4,0.0,0.0,0.0,10,17.0,0.0,0,42.4,0.0,0.0,0.0,0.0,0.0,3
2023-05-10 21:16:40,i2312-P-650,i2312-P-650,42.4,0.0,0.0,0.0,2,17.1,0.0,0,42.4,0.0,0.0,0.0,0.0,0.0,3
2023-05-10 21:16:40,i2312-P-650,i2312-P-650,42.4,0.0,0.0,0.0,10,17.2,0.0,0,42.4,0.0,0.0,0.0,0.0,0.0,3
2023-05-10 21:16:44,i2312-P-650,i2312-P-650,42.4,0.0,0.0,0.0,2,17.3,0.0,0,42.4,0.0,0.0,0.0,0.0,0.0,3
2023-05-10 21:16:44,i2312-P-650,i2312-P-650,42.4,0.0,0.0,0.0,10,17.4,0.0,0,42.4,0.0,0.0,0.0,0.0,0.0,3
2023-05-10 21:16:48,i2312-P-650,i2312-P-650,42.4,0.0,0.0,0.0,2,17.5,0.0,0,42.4,0.0,0.0,0.0,0.0,0.0,3
2023-05-10 21:16:48,i2312-P-650,i2312-P-650,42.4,0.0,0.0,0.0,10,17.6,0.0,0,42.4,0.0,0.0,0.0,0.0,0.0,3
2023-05-10 21:16:50,i2312-P-650,i2312-P-650,42.4,0.0,0.0,0.0,2,17.7,0.0,0,42.4,0.0,0.0,0.0,0.0,0.0,3
2023-05-10 21:16:50,i2312-P-650,i2312-P-650,42.4,0.0,0.0,0.0,10,17.8,0.0,0,42.4,0.0,0.0,0.0,0.0,0.0,3
2023-05-10 21:16:55,i2312-P-650,i2312-P-650,42.4,0.0,0.0,0.0,2,17.9,0.0,0,42.4,0.0,0.0,0.0,0.0,0.0,3
2023-05-10 21:16:55,i2312-P-650,i2312-P-650,42.4,0.0,0.0,0.0,10,18.0,0.0,0,42.4,0.0,0.0,0.0,0.0,0.0,3
2023-05-10 21:17:51,i2312-P-650,i2312-P-650,42.4,0.0,0.0,0.0,2,18.1,0.0,0,42.4,0.0,0.0,0.0,0.0,0.0,3
2023-05-10 21:17:51,i2312-P-650,i2312-P-650,42.4,0.0,0.0,0.0,10,18.2,0.0,0,42.4,0.0,0.0,0.0,0.0,0.0,3
2023-05-10 21:18:13,i2312-P-650,i2312-P-650,42.4,0.0,0.0,0.0,2,18.3,0.0,0,42.4,0.0,0.0,0.0,0.0,0.0,3
2023-05-10 21:18:13,i2312-P-650,i2312-P-650,42.4,0.0,0.0,0.0,10,18.4,0.0,0,42.4,0.0,0.0,0.0,0.0,0.0,3
2023-05-10 21:18:47,i2312-P-650,i2312-P-650,42.4,0.0,0.0,0.0,2,18.5,0.0,0,42.4,0.0,0.0,0.0,0.0,0.0,3
2023-05-10 21:18:47,i2312-P-650,i2312-P-650,42.4,0.0,0.0,0.0,10,18.6,0.0,0,42.4,0.0,0.0,0.0,0.0,0.0,3
2023-05-10 21:18:59,i2312-P-650,i2312-P-650,42.4,0.0,0.0,0.0,2,18.7,0.0,0,42.4,0.0,0.0,0.0,0.0,0.0,3
2023-05-10 21:18:59,i2312-P-650,i2312-P-650,42.4,0.0,0.0,0.0,10,18.8,0.0,0,42.4,0.0,0.0,0.0,0.0,0.0,3
2023-05-10 21:19:02,i2312-P-650,i2312-P-650,42.4,0.0,0.0,0.0,2,18.9,0.0,0,42.4,0.0,0.0,0.0,0.0,0.0,3
2023-05-10 21:19:02,i2312-P-650,i2312-P-650,42.4,0.0,0.0,0.0,10,19.0,0.0,0,42.4,0.0,0.0,0.0,0.0,0.0,3
2023-05-10 21:19:05,i2312-P-650,i2312-P-650,42.4,0.0,0.0,0.0,2,19.1,0.0,0,42.4,0.0,0.0,0.0,0.0,0.0,3
2023-05-10 21:19:05,i2312-P-650,i2312-P-650,42.4,0.0,0.0,0.0,10,19.2,0.0,0,42.4,0.0,0.0,0.0,0.0,0.0,3
2023-05-10 21:19:07,i2312-P-650,i2312-P-650,42.4,0.0,0.0,0.0,2,19.3,0.0,0,42.4,0.0,0.0,0.0,0.0,0.0,3
2023-05-10 21:19:07,i2312-P-650,i2312-P-650,42.4,0.0,0.0,0.0,10,19.4,0.0,0,42.4,0.0,0.0,0.0,0.0,0.0,3
2023-05-10 21:19:10,i2312-P-650,i2312-P-650,42.4,0.0,0.0,0.0,2,19.5,0.0,0,42.4,0.0,0.0,0.0,0.0,0.0,3
2023-05-10 21:19:10,i2312-P-650,i2312-P-650,42.4,0.0,0.0,0.0,10,19.6,0.0,0,42.4,0.0,0.0,0.0,0.0,0.0,3
2023-05-10 21:19:11,i2312-P-650,i2312-P-650,42.4,0.0,0.0,0.0,2,19.7,0.0,0,42.4,0.0,0.0,0.0,0.0,0.0,3
2023-05-10 21:19:11,i2312-P-650,i2312-P-650,42.4,0.0,0.0,0.0,10,19.8,0.0,0,42.4,0.0,0.0,0.0,0.0,0.0,3
2023-05-10 21:19:14,i2312-P-650,i2312-P-650,42.4,0.0,0.0,0.0,2,19.9,0.0,0,42.4,0.0,0.0,0.0,0.0,0.0,3
2023-05-10 21:19:14,i2312-P-650,i2312-P-650,42.4,0.0,0.0,0.0,10,20.0,0.0,0,42.4,0.0,0.0,0.0,0.0,0.0,3
2023-05-10 21:19:17,i2312-P-650,i2312-P-650,42.4,0.0,0.0,0.0,2,20.1,0.0,0,42.4,0.0,0.0,0.0,0.0,0.0,3
2023-05-10 21:19:17,i2312-P-650,i2312-P-650,42.4,0.0,0.0,0.0,10,20.2,0.0,0,42.4,0.0,0.0,0.0,0.0,0.0,3
2023-05-10 21:19:20,i2312-P-650,i2312-P-650,42.4,0.0,0.0,0.0,2,20.3,0.0,0,42.4,0.0,0.0,0.0,0.0,0.0,3
2023-05-10 21:19:20,i2312-P-650,i2312-P-650,42.4,0.0,0.0,0.0,10,20.4,0.0,0,42.4,0.0,0.0,0.0,0.0,0.0,3
2023-05-10 21:19:24,i2312-P-650,i2312-P-650,42.4,0.0,0.0,0.0,2,20.5,0.0,0,42.4,0.0,0.0,0.0,0.0,0.0,3
2023-05-10 21:19:24,i2312-P-650,i2312-P-650,42.4,0.0,0.0,0.0,10,20.6,0.0,0,42.4,0.0,0.0,0.0,0.0,0.0,3
2023-05-10 21:19:28,i2312-P-650,i2312-P-650,42.4,0.0,0.0,0.0,2,20.7,0.0,0,42.4,0.0,0.0,0.0,0.0,0.0,3
2023-05-10 21:19:28,i2312-P-650,i2312-P-650,42.4,0.0,0.0,0.0,10,20.8,0.0,0,42.4,0.0,0.0,0.0,0.0,0.0,3
2023-05-10 21:19:31,i2312-P-650,i2312-P-650,42.4,0.0,0.0,0.0,2,20.9,0.0,0,42.4,0.0,0.0,0.0,0.0,0.0,3
2023-05-10 21:19:31,i2312-P-650,i2312-P-650,42.4,0.0,0.0,0.0,10,21.0,0.0,0,42.4,0.0,0.0,0.0,0.0,0.0,3
2023-05-10 21:19:33,i2312-P-650,i2312-P-650,42.4,0.0,0.0,0.0,2,21.1,0.0,0,42.4,0.0,0.0,0.0,0.0,0.0,3
2023-05-10 21:19:33,i2312-P-650,i2312-P-650,42.4,0.0,0.0,0.0,10,21.2,0.0,0,42.4,0.0,0.0,0.0,0.0,0.0,3
2023-05-10 21:31:22,i2312-P-650,i2312-P-650,42.4,0.0,0.0,0.0,1,21.3,0.0,0,42.4,0.0,0.0,0.0,0.0,0.0,3
2023-05-10 21:31:22,i2312-P-650,i2312-P-650,42.4,0.0,0.0,0.0,10,21.4,0.0,0,42.4,0.0,0.0,0.0,0.0,0.0,3
2023-05-10 22:01:22,i2312-P-650,i2312-P-650,42.4,0.0,0.0,0.0,1,21.5,0.0,0,42.4,0.0,0.0,0.0,0.0,0.0,3
2023-05-10 22:01:22,i2312-P-650,i2312-P-650,42.4,0.0,0.0,0.0,10,21.6,0.0,0,42.4,0.0,0.0,0.0,0.0,0.0,3
2023-05-10 22:45:13,i2312-P-650,i2312-P-650,42.4,0.0,0.0,0.0,1,21.7,0.0,0,42.4,0.0,0.0,0.0,0.0,0.0,3
2023-05-10 22:45:13,i2312-P-650,i2312-P-650,42.4,0.0,0.0,0.0,10,21.8,0.0,0,42.4,0.0,0.0,0.0,0.0,0.0,3
2023-05-10 22:57:32,i2312-P-650,i2312-P-650,42.4,0.0,0.0,0.0,1,21.7,0.0,0,42.4,0.0,0.0,0.0,0.0,0.0,3
2023-05-10 22:58:54,i2312-P-650,i2312-P-650,42.4,0.0,0.0,0.0,10,21.8,0.0,0,42.4,0.0,0.0,0.0,0.0,0.0,3
2023-05-10 22:59:55,i2312-P-650,i2312-P-650,42.4,0.0,0.0,0.0,1,21.7,0.0,0,42.4,0.0,0.0,0.0,0.0,0.0,3
2023-05-11 09:00:04,i2312-P-650,i2312-P-650,42.4,0.0,0.0,0.0,10,0.6,0.0,0,42.4,0.0,0.0,0.0,0.0,0.0,3
2023-05-11 09:01:08,i2312-P-650,i2312-P-650,42.4,0.0,0.0,0.0,1,13.2,0.0,0,42.4,0.0,0.0,0.0,0.0,0.0,3
2023-05-11 09:01:08,i2312-P-650,i2312-P-650,42.4,0.0,0.0,0.0,10,13.3,0.0,0,42.4,0.0,0.0,0.0,0.0,0.0,3
2023-05-11 09:01:18,i2312-P-650,i2312-P-650,42.4,0.0,0.0,0.0,2,14.9,0.0,0,42.4,0.0,0.0,0.0,0.0,0.0,3
2023-05-11 09:01:18,i2312-P-650,i2312-P-650,42.4,0.0,0.0,0.0,10,15.0,0.0,0,42.4,0.0,0.0,0.0,0.0,0.0,3
2023-05-11 09:01:24,i2312-P-650,i2312-P-650,42.4,0.0,0.0,0.0,2,15.1,0.0,0,42.4,0.0,0.0,0.0,0.0,0.0,3
2023-05-11 09:01:24,i2312-P-650,i2312-P-650,42.4,0.0,0.0,0.0,10,15.2,0.0,0,42.4,0.0,0.0,0.0,0.0,0.0,3
2023-05-11 09:01:29,i2312-P-650,i2312-P-650,42.4,0.0,0.0,0.0,2,15.3,0.0,0,42.4,0.0,0.0,0.0,0.0,0.0,3
2023-05-11 09:01:29,i2312-P-650,i2312-P-650,42.4,0.0,0.0,0.0,10,15.4,0.0,0,42.4,0.0,0.0,0.0,0.0,0.0,3
2023-05-11 09:01:31,i2312-P-650,i2312-P-650,42.4,0.0,0.0,0.0,2,15.5,0.0,0,42.4,0.0,0.0,0.0,0.0,0.0,3
2023-05-11 09:01:31,i2312-P-650,i2312-P-650,42.4,0.0,0.0,0.0,10,15.6,0.0,0,42.4,0.0,0.0,0.0,0.0,0.0,3
2023-05-11 09:01:32,i2312-P-650,i2312-P-650,42.4,0.0,0.0,0.0,2,15.7,0.0,0,42.4,0.0,0.0,0.0,0.0,0.0,3
2023-05-11 09:01:32,i2312-P-650,i2312-P-650,42.4,0.0,0.0,0.0,10,15.8,0.0,0,42.4,0.0,0.0,0.0,0.0,0.0,3
2023-05-11 09:01:34,i2312-P-650,i2312-P-650,42.4,0.0,0.0,0.0,2,15.9,0.0,0,42.4,0.0,0.0,0.0,0.0,0.0,3
2023-05-11 09:01:34,i2312-P-650,i2312-P-650,42.4,0.0,0.0,0.0,10,16.0,0.0,0,42.4,0.0,0.0,0.0,0.0,0.0,3
2023-05-11 09:01:35,i2312-P-650,i2312-P-650,42.4,0.0,0.0,0.0,2,16.1,0.0,0,42.4,0.0,0.0,0.0,0.0,0.0,3
2023-05-11 09:01:35,i2312-P-650,i2312-P-650,42.4,0.0,0.0,0.0,10,16.2,0.0,0,42.4,0.0,0.0,0.0,0.0,0.0,3
2023-05-11 09:01:37,i2312-P-650,i2312-P-650,42.4,0.0,0.0,0.0,2,16.3,0.0,0,42.4,0.0,0.0,0.0,0.0,0.0,3
2023-05-11 09:01:37,i2312-P-650,i2312-P-650,42.4,0.0,0.0,0.0,10,16.4,0.0,0,42.4,0.0,0.0,0.0,0.0,0.0,3
2023-05-11 09:01:38,i2312-P-650,i2312-P-650,42.4,0.0,0.0,0.0,2,16.5,0.0,0,42.4,0.0,0.0,0.0,0.0,0.0,3
2023-05-11 09:01:38,i2312-P-650,i2312-P-650,42.4,0.0,0.0,0.0,10,16.6,0.0,0,42.4,0.0,0.0,0.0,0.0,0.0,3
2023-05-11 09:01:40,i2312-P-650,i2312-P-650,42.4,0.0,0.0,0.0,2,16.7,0.0,0,42.4,0.0,0.0,0.0,0.0,0.0,3
2023-05-11 09:01:40,i2312-P-650,i2312-P-650,42.4,0.0,0.0,0.0,10,16.8,0.0,0,42.4,0.0,0.0,0.0,0.0,0.0,3
2023-05-11 09:01:42,i2312-P-650,i2312-P-650,42.4,0.0,0.0,0.0,2,16.9,0.0,0,42.4,0.0,0.0,0.0,0.0,0.0,3
2023-05-11 09:01:42,i2312-P-650,i2312-P-650,42.4,0.0,0.0,0.0,10,17.0,0.0,0,42.4,0.0,0.0,0.0,0.0,0.0,3
2023-05-11 09:01:44,i2312-P-650,i2312-P-650,42.4,0.0,0.0,0.0,2,17.1,0.0,0,42.4,0.0,0.0,0.0,0.0,0.0,3
2023-05-11 09:01:44,i2312-P-650,i2312-P-650,42.4,0.0,0.0,0.0,10,17.2,0.0,0,42.4,0.0,0.0,0.0,0.0,0.0,3
2023-05-11 09:01:45,i2312-P-650,i2312-P-650,42.4,0.0,0.0,0.0,2,17.3,0.0,0,42.4,0.0,0.0,0.0,0.0,0.0,3
2023-05-11 09:01:45,i2312-P-650,i2312-P-650,42.4,0.0,0.0,0.0,10,17.4,0.0,0,42.4,0.0,0.0,0.0,0.0,0.0,3
2023-05-11 09:01:46,i2312-P-650,i2312-P-650,42.4,0.0,0.0,0.0,2,19.0,0.0,0,42.4,0.0,0.0,0.0,0.0,0.0,3
2023-05-11 09:01:46,i2312-P-650,i2312-P-650,42.4,0.0,0.0,0.0,10,19.1,0.0,0,42.4,0.0,0.0,0.0,0.0,0.0,3
2023-05-11 09:01:47,i2312-P-650,i2312-P-650,42.4,0.0,0.0,0.0,2,19.2,0.0,0,42.4,0.0,0.0,0.0,0.0,0.0,3
2023-05-11 09:01:47,i2312-P-650,i2312-P-650,42.4,0.0,0.0,0.0,10,19.3,0.0,0,42.4,0.0,0.0,0.0,0.0,0.0,3
2023-05-11 09:01:49,i2312-P-650,i2312-P-650,42.4,0.0,0.0,0.0,10,19.5,0.0,0,42.4,0.0,0.0,0.0,0.0,0.0,3
2023-05-11 09:01:50,i2312-P-650,i2312-P-650,42.4,0.0,0.0,0.0,10,19.7,0.0,0,42.4,0.0,0.0,0.0,0.0,0.0,3
2023-05-11 09:01:50,i2312-P-650,i2312-P-650,42.4,0.0,0.0,0.0,2,19.8,0.0,0,42.4,0.0,0.0,0.0,0.0,0.0,3
2023-05-11 09:01:50,i2312-P-650,i2312-P-650,42.4,0.0,0.0,0.0,10,19.9,0.0,0,42.4,0.0,0.0,0.0,0.0,0.0,3
2023-05-11 09:01:52,i2312-P-650,i2312-P-650,42.4,0.0,0.0,0.0,2,20.0,0.0,0,42.4,0.0,0.0,0.0,0.0,0.0,3
2023-05-11 09:01:52,i2312-P-650,i2312-P-650,42.4,0.0,0.0,0.0,10,20.1,0.0,0,42.4,0.0,0.0,0.0,0.0,0.0,3
2023-05-11 09:01:53,i2312-P-650,i2312-P-650,42.4,0.0,0.0,0.0,2,20.2,0.0,0,42.4,0.0,0.0,0.0,0.0,0.0,3
2023-05-11 09:01:53,i2312-P-650,i2312-P-650,42.4,0.0,0.0,0.0,10,20.3,0.0,0,42.4,0.0,0.0,0.0,0.0,0.0,3
2023-05-11 09:01:54,i2312-P-650,i2312-P-650,42.4,0.0,0.0,0.0,2,20.4,0.0,0,42.4,0.0,0.0,0.0,0.0,0.0,3
2023-05-11 09:01:54,i2312-P-650,i2312-P-650,42.4,0.0,0.0,0.0,10,20.5,0.0,0,42.4,0.0,0.0,0.0,0.0,0.0,3
2023-05-11 09:01:56,i2312-P-650,i2312-P-650,42.4,0.0,0.0,0.0,2,20.6,0.0,0,42.4,0.0,0.0,0.0,0.0,0.0,3
2023-05-11 09:01:56,i2312-P-650,i2312-P-650,42.4,0.0,0.0,0.0,10,20.7,0.0,0,42.4,0.0,0.0,0.0,0.0,0.0,3
2023-05-11 09:01:57,i2312-P-650,i2312-P-650,42.4,0.0,0.0,0.0,2,20.8,0.0,0,42.4,0.0,0.0,0.0,0.0,0.0,3
2023-05-11 09:01:57,i2312-P-650,i2312-P-650,42.4,0.0,0.0,0.0,10,20.9,0.0,0,42.4,0.0,0.0,0.0,0.0,0.0,3
2023-05-11 09:01:59,i2312-P-650,i2312-P-650,42.4,0.0,0.0,0.0,2,21.0,0.0,0,42.4,0.0,0.0,0.0,0.0,0.0,3
2023-05-11 09:01:59,i2312-P-650,i2312-P-650,42.4,0.0,0.0,0.0,10,21.1,0.0,0,42.4,0.0,0.0,0.0,0.0,0.0,3
2023-05-11 09:02:00,i2312-P-650,i2312-P-650,42.4,0.0,0.0,0.0,2,21.2,0.0,0,42.4,0.0,0.0,0.0,0.0,0.0,3
2023-05-11 09:02:00,i2312-P-650,i2312-P-650,42.4,0.0,0.0,0.0,10,21.3,0.0,0,42.4,0.0,0.0,0.0,0.0,0.0,3
2023-05-11 09:02:01,i2312-P-650,i2312-P-650,42.4,0.0,0.0,0.0,2,21.4,0.0,0,42.4,0.0,0.0,0.0,0.0,0.0,3
2023-05-11 09:02:01,i2312-P-650,i2312-P-650,42.4,0.0,0.0,0.0,10,21.5,0.0,0,42.4,0.0,0.0,0.0,0.0,0.0,3
2023-05-11 09:02:02,i2312-P-650,i2312-P-650,42.4,0.0,0.0,0.0,2,21.6,0.0,0,42.4,0.0,0.0,0.0,0.0,0.0,3
2023-05-11 09:02:02,i2312-P-650,i2312-P-650,42.4,0.0,0.0,0.0,10,21.7,0.0,0,42.4,0.0,0.0,0.0,0.0,0.0,3
2023-05-11 09:02:03,i2312-P-650,i2312-P-650,42.4,0.0,0.0,0.0,2,21.8,0.0,0,42.4,0.0,0.0,0.0,0.0,0.0,3
2023-05-11 09:02:03,i2312-P-650,i2312-P-650,42.4,0.0,0.0,0.0,10,21.9,0.0,0,42.4,0.0,0.0,0.0,0.0,0.0,3
2023-05-11 09:02:04,i2312-P-650,i2312-P-650,42.4,0.0,0.0,0.0,2,22.0,0.0,0,42.4,0.0,0.0,0.0,0.0,0.0,3
2023-05-11 09:02:04,i2312-P-650,i2312-P-650,42.4,0.0,0.0,0.0,10,22.1,0.0,0,42.4,0.0,0.0,0.0,0.0,0.0,3
2023-05-11 09:02:06,i2312-P-650,i2312-P-650,42.4,0.0,0.0,0.0,2,22.2,0.0,0,42.4,0.0,0.0,0.0,0.0,0.0,3
2023-05-11 09:02:06,i2312-P-650,i2312-P-650,42.4,0.0,0.0,0.0,10,22.3,0.0,0,42.4,0.0,0.0,0.0,0.0,0.0,3
2023-05-11 09:02:07,i2312-P-650,i2312-P-650,42.4,0.0,0.0,0.0,2,22.4,0.0,0,42.4,0.0,0.0,0.0,0.0,0.0,3
2023-05-11 09:02:07,i2312-P-650,i2312-P-650,42.4,0.0,0.0,0.0,10,22.5,0.0,0,42.4,0.0,0.0,0.0,0.0,0.0,3
2023-05-11 09:46:26,i2312-P-650,i2312-P-650,42.4,0.0,0.0,0.0,1,22.6,0.0,0,42.4,0.0,0.0,0.0,0.0,0.0,3
2023-05-11 09:46:26,i2312-P-650,i2312-P-650,42.4,0.0,0.0,0.0,10,22.7,0.0,0,42.4,0.0,0.0,0.0,0.0,0.0,3
2023-05-11 10:14:32,i2312-P-650,i2312-P-650,42.4,0.0,0.0,0.0,1,22.6,0.0,0,42.4,0.0,0.0,0.0,0.0,0.0,3
2023-05-11 10:30:06,i2312-P-650,i2312-P-650,42.4,0.0,0.0,0.0,10,22.7,0.0,0,42.4,0.0,0.0,0.0,0.0,0.0,3
2023-05-11 10:47:08,i2312-P-650,i2312-P-650,42.4,0.0,0.0,0.0,1,22.8,0.0,0,42.4,0.0,0.0,0.0,0.0,0.0,3
2023-05-11 10:47:08,i2312-P-650,i2312-P-650,42.4,0.0,0.0,0.0,10,22.9,0.0,0,42.4,0.0,0.0,0.0,0.0,0.0,3
2023-05-11 11:05:23,i2312-P-650,i2312-P-650,42.4,0.0,0.0,0.0,1,22.8,0.0,0,42.4,0.0,0.0,0.0,0.0,0.0,3
2023-05-11 11:07:18,i2312-P-650,i2312-P-650,42.4,0.0,0.0,0.0,10,22.9,0.0,0,42.4,0.0,0.0,0.0,0.0,0.0,3
2023-05-11 11:10:17,i2312-P-650,i2312-P-650,42.4,0.0,0.0,0.0,1,22.8,0.0,0,42.4,0.0,0.0,0.0,0.0,0.0,3
2023-05-11 11:11:32,i2312-P-650,i2312-P-650,42.4,0.0,0.0,0.0,10,22.9,0.0,0,42.4,0.0,0.0,0.0,0.0,0.0,3
2023-05-11 11:20:01,i2312-P-650,i2312-P-650,42.4,0.0,0.0,0.0,1,23.0,0.0,0,42.4,0.0,0.0,0.0,0.0,0.0,3
2023-05-11 11:20:01,i2312-P-650,i2312-P-650,42.4,0.0,0.0,0.0,10,23.1,0.0,0,42.4,0.0,0.0,0.0,0.0,0.0,3
2023-05-11 11:29:32,i2312-P-650,i2312-P-650,42.4,0.0,0.0,0.0,1,13.2,0.0,0,42.4,0.0,0.0,0.0,0.0,0.0,3
2023-05-11 13:30:14,i2312-P-650,i2312-P-650,42.4,0.0,0.0,0.0,10,13.3,0.0,0,42.4,0.0,0.0,0.0,0.0,0.0,3
2023-05-11 13:30:55,i2312-P-650,i2312-P-650,42.4,0.0,0.0,0.0,1,13.4,0.0,0,42.4,0.0,0.0,0.0,0.0,0.0,3
2023-05-11 13:30:55,i2312-P-650,i2312-P-650,42.4,0.0,0.0,0.0,10,13.5,0.0,0,42.4,0.0,0.0,0.0,0.0,0.0,3
2023-05-11 13:31:39,i2312-P-650,i2312-P-650,42.4,0.0,0.0,0.0,2,13.6,0.0,0,42.4,0.0,0.0,0.0,0.0,0.0,3
2023-05-11 13:31:39,i2312-P-650,i2312-P-650,42.4,0.0,0.0,0.0,10,13.7,0.0,0,42.4,0.0,0.0,0.0,0.0,0.0,3
2023-05-11 13:32:23,i2312-P-650,i2312-P-650,42.4,0.0,0.0,0.0,2,13.8,0.0,0,42.4,0.0,0.0,0.0,0.0,0.0,3
2023-05-11 13:32:23,i2312-P-650,i2312-P-650,42.4,0.0,0.0,0.0,10,13.9,0.0,0,42.4,0.0,0.0,0.0,0.0,0.0,3
2023-05-11 13:35:23,i2312-P-650,i2312-P-650,42.4,0.0,0.0,0.0,2,14.0,0.0,0,42.4,0.0,0.0,0.0,0.0,0.0,3
2023-05-11 13:35:23,i2312-P-650,i2312-P-650,42.4,0.0,0.0,0.0,10,14.1,0.0,0,42.4,0.0,0.0,0.0,0.0,0.0,3
2023-05-11 13:36:18,i2312-P-650,i2312-P-650,42.4,0.0,0.0,0.0,2,14.2,0.0,0,42.4,0.0,0.0,0.0,0.0,0.0,3
2023-05-11 13:36:18,i2312-P-650,i2312-P-650,42.4,0.0,0.0,0.0,10,14.3,0.0,0,42.4,0.0,0.0,0.0,0.0,0.0,3
2023-05-11 13:36:23,i2312-P-650,i2312-P-650,42.4,0.0,0.0,0.0,2,14.4,0.0,0,42.4,0.0,0.0,0.0,0.0,0.0,3
2023-05-11 13:36:23,i2312-P-650,i2312-P-650,42.4,0.0,0.0,0.0,10,14.5,0.0,0,42.4,0.0,0.0,0.0,0.0,0.0,3
2023-05-11 13:36:25,i2312-P-650,i2312-P-650,42.4,0.0,0.0,0.0,2,14.6,0.0,0,42.4,0.0,0.0,0.0,0.0,0.0,3
2023-05-11 13:36:25,i2312-P-650,i2312-P-650,42.4,0.0,0.0,0.0,10,14.7,0.0,0,42.4,0.0,0.0,0.0,0.0,0.0,3
2023-05-11 13:36:28,i2312-P-650,i2312-P-650,42.4,0.0,0.0,0.0,2,14.8,0.0,0,42.4,0.0,0.0,0.0,0.0,0.0,3
2023-05-11 13:36:28,i2312-P-650,i2312-P-650,42.4,0.0,0.0,0.0,10,14.9,0.0,0,42.4,0.0,0.0,0.0,0.0,0.0,3
2023-05-11 13:36:30,i2312-P-650,i2312-P-650,42.4,0.0,0.0,0.0,2,15.0,0.0,0,42.4,0.0,0.0,0.0,0.0,0.0,3
2023-05-11 13:36:30,i2312-P-650,i2312-P-650,42.4,0.0,0.0,0.0,10,15.1,0.0,0,42.4,0.0,0.0,0.0,0.0,0.0,3
2023-05-11 13:36:32,i2312-P-650,i2312-P-650,42.4,0.0,0.0,0.0,2,15.2,0.0,0,42.4,0.0,0.0,0.0,0.0,0.0,3
2023-05-11 13:36:32,i2312-P-650,i2312-P-650,42.4,0.0,0.0,0.0,10,15.3,0.0,0,42.4,0.0,0.0,0.0,0.0,0.0,3
2023-05-11 13:36:35,i2312-P-650,i2312-P-650,42.4,0.0,0.0,0.0,2,15.4,0.0,0,42.4,0.0,0.0,0.0,0.0,0.0,3
2023-05-11 13:36:35,i2312-P-650,i2312-P-650,42.4,0.0,0.0,0.0,10,15.5,0.0,0,42.4,0.0,0.0,0.0,0.0,0.0,3
2023-05-11 13:36:36,i2312-P-650,i2312-P-650,42.4,0.0,0.0,0.0,2,15.6,0.0,0,42.4,0.0,0.0,0.0,0.0,0.0,3
2023-05-11 13:36:36,i2312-P-650,i2312-P-650,42.4,0.0,0.0,0.0,10,15.7,0.0,0,42.4,0.0,0.0,0.0,0.0,0.0,3
2023-05-11 13:36:38,i2312-P-650,i2312-P-650,42.4,0.0,0.0,0.0,2,15.8,0.0,0,42.4,0.0,0.0,0.0,0.0,0.0,3
2023-05-11 13:36:38,i2312-P-650,i2312-P-650,42.4,0.0,0.0,0.0,10,15.9,0.0,0,42.4,0.0,0.0,0.0,0.0,0.0,3
2023-05-11 13:36:40,i2312-P-650,i2312-P-650,42.4,0.0,0.0,0.0,2,16.0,0.0,0,42.4,0.0,0.0,0.0,0.0,0.0,3
2023-05-11 13:36:40,i2312-P-650,i2312-P-650,42.4,0.0,0.0,0.0,10,16.1,0.0,0,42.4,0.0,0.0,0.0,0.0,0.0,3
2023-05-11 13:36:42,i2312-P-650,i2312-P-650,42.4,0.0,0.0,0.0,2,16.2,0.0,0,42.4,0.0,0.0,0.0,0.0,0.0,3
2023-05-11 13:36:42,i2312-P-650,i2312-P-650,42.4,0.0,0.0,0.0,10,16.3,0.0,0,42.4,0.0,0.0,0.0,0.0,0.0,3
2023-05-11 13:36:45,i2312-P-650,i2312-P-650,42.4,0.0,0.0,0.0,2,16.4,0.0,0,42.4,0.0,0.0,0.0,0.0,0.0,3
2023-05-11 13:36:45,i2312-P-650,i2312-P-650,42.4,0.0,0.0,0.0,10,16.5,0.0,0,42.4,0.0,0.0,0.0,0.0,0.0,3
2023-05-11 13:36:56,i2312-P-650,i2312-P-650,42.4,0.0,0.0,0.0,2,16.6,0.0,0,42.4,0.0,0.0,0.0,0.0,0.0,3
2023-05-11 13:36:56,i2312-P-650,i2312-P-650,42.4,0.0,0.0,0.0,10,16.7,0.0,0,42.4,0.0,0.0,0.0,0.0,0.0,3
2023-05-11 13:36:58,i2312-P-650,i2312-P-650,42.4,0.0,0.0,0.0,2,16.8,0.0,0,42.4,0.0,0.0,0.0,0.0,0.0,3
2023-05-11 13:36:58,i2312-P-650,i2312-P-650,42.4,0.0,0.0,0.0,10,16.9,0.0,0,42.4,0.0,0.0,0.0,0.0,0.0,3
2023-05-11 13:37:02,i2312-P-650,i2312-P-650,42.4,0.0,0.0,0.0,2,17.0,0.0,0,42.4,0.0,0.0,0.0,0.0,0.0,3
2023-05-11 13:37:02,i2312-P-650,i2312-P-650,42.4,0.0,0.0,0.0,10,17.1,0.0,0,42.4,0.0,0.0,0.0,0.0,0.0,3
2023-05-11 13:37:11,i2312-P-650,i2312-P-650,42.4,0.0,0.0,0.0,2,17.2,0.0,0,42.4,0.0,0.0,0.0,0.0,0.0,3
2023-05-11 13:37:11,i2312-P-650,i2312-P-650,42.4,0.0,0.0,0.0,10,17.3,0.0,0,42.4,0.0,0.0,0.0,0.0,0.0,3
2023-05-11 13:37:14,i2312-P-650,i2312-P-650,42.4,0.0,0.0,0.0,2,17.4,0.0,0,42.4,0.0,0.0,0.0,0.0,0.0,3
2023-05-11 13:37:14,i2312-P-650,i2312-P-650,42.4,0.0,0.0,0.0,10,17.5,0.0,0,42.4,0.0,0.0,0.0,0.0,0.0,3
2023-05-11 13:37:16,i2312-P-650,i2312-P-650,42.4,0.0,0.0,0.0,2,17.6,0.0,0,42.4,0.0,0.0,0.0,0.0,0.0,3
2023-05-11 13:37:16,i2312-P-650,i2312-P-650,42.4,0.0,0.0,0.0,10,17.7,0.0,0,42.4,0.0,0.0,0.0,0.0,0.0,3
2023-05-11 13:37:19,i2312-P-650,i2312-P-650,42.4,0.0,0.0,0.0,2,17.8,0.0,0,42.4,0.0,0.0,0.0,0.0,0.0,3
2023-05-11 13:37:19,i2312-P-650,i2312-P-650,42.4,0.0,0.0,0.0,10,17.9,0.0,0,42.4,0.0,0.0,0.0,0.0,0.0,3
2023-05-11 13:37:25,i2312-P-650,i2312-P-650,42.4,0.0,0.0,0.0,2,18.0,0.0,0,42.4,0.0,0.0,0.0,0.0,0.0,3
2023-05-11 13:37:25,i2312-P-650,i2312-P-650,42.4,0.0,0.0,0.0,10,18.1,0.0,0,42.4,0.0,0.0,0.0,0.0,0.0,3
2023-05-11 13:37:29,i2312-P-650,i2312-P-650,42.4,0.0,0.0,0.0,2,18.2,0.0,0,42.4,0.0,0.0,0.0,0.0,0.0,3
2023-05-11 13:37:29,i2312-P-650,i2312-P-650,42.4,0.0,0.0,0.0,10,18.3,0.0,0,42.4,0.0,0.0,0.0,0.0,0.0,3
2023-05-11 13:37:32,i2312-P-650,i2312-P-650,42.4,0.0,0.0,0.0,2,18.4,0.0,0,42.4,0.0,0.0,0.0,0.0,0.0,3
2023-05-11 13:37:32,i2312-P-650,i2312-P-650,42.4,0.0,0.0,0.0,10,18.5,0.0,0,42.4,0.0,0.0,0.0,0.0,0.0,3
2023-05-11 13:37:34,i2312-P-650,i2312-P-650,42.4,0.0,0.0,0.0,2,18.6,0.0,0,42.4,0.0,0.0,0.0,0.0,0.0,3
2023-05-11 13:37:34,i2312-P-650,i2312-P-650,42.4,0.0,0.0,0.0,10,18.7,0.0,0,42.4,0.0,0.0,0.0,0.0,0.0,3
2023-05-11 13:37:39,i2312-P-650,i2312-P-650,42.4,0.0,0.0,0.0,2,18.8,0.0,0,42.4,0.0,0.0,0.0,0.0,0.0,3
2023-05-11 13:37:39,i2312-P-650,i2312-P-650,42.4,0.0,0.0,0.0,10,18.9,0.0,0,42.4,0.0,0.0,0.0,0.0,0.0,3
2023-05-11 13:38:40,i2312-P-650,i2312-P-650,42.4,0.0,0.0,0.0,2,19.0,0.0,0,42.4,0.0,0.0,0.0,0.0,0.0,3
2023-05-11 13:38:40,i2312-P-650,i2312-P-650,42.4,0.0,0.0,0.0,10,19.1,0.0,0,42.4,0.0,0.0,0.0,0.0,0.0,3
2023-05-11 13:38:42,i2312-P-650,i2312-P-650,42.4,0.0,0.0,0.0,2,19.2,0.0,0,42.4,0.0,0.0,0.0,0.0,0.0,3
2023-05-11 13:38:42,i2312-P-650,i2312-P-650,42.4,0.0,0.0,0.0,10,19.3,0.0,0,42.4,0.0,0.0,0.0,0.0,0.0,3
2023-05-11 13:38:51,i2312-P-650,i2312-P-650,42.4,0.0,0.0,0.0,2,19.4,0.0,0,42.4,0.0,0.0,0.0,0.0,0.0,3
2023-05-11 13:38:51,i2312-P-650,i2312-P-650,42.4,0.0,0.0,0.0,10,19.5,0.0,0,42.4,0.0,0.0,0.0,0.0,0.0,3
2023-05-11 13:38:53,i2312-P-650,i2312-P-650,42.4,0.0,0.0,0.0,2,19.6,0.0,0,42.4,0.0,0.0,0.0,0.0,0.0,3
2023-05-11 13:38:53,i2312-P-650,i2312-P-650,42.4,0.0,0.0,0.0,10,19.7,0.0,0,42.4,0.0,0.0,0.0,0.0,0.0,3
2023-05-11 13:41:02,i2312-P-650,i2312-P-650,42.4,0.0,0.0,0.0,1,43.4,48.6,1,42.4,0.0,0.0,0.0,0.0,0.0,3
2023-05-11 13:41:08,i2312-P-650,i2312-P-650,42.4,0.0,0.0,0.0,1,43.4,45.9,1,42.4,0.0,0.0,0.0,0.0,0.0,3
2023-05-11 13:41:14,i2312-P-650,i2312-P-650,42.4,0.0,0.0,0.0,1,42.3,45.9,1,42.4,0.0,0.0,0.0,0.0,0.0,3
2023-05-11 13:41:19,i2312-P-650,i2312-P-650,42.4,0.0,0.0,0.0,1,42.3,46.4,1,42.4,0.0,0.0,0.0,0.0,0.0,3
2023-05-11 13:41:19,i2312-P-650,i2312-P-650,42.4,0.0,0.0,0.0,1,41.6,46.4,1,42.4,0.0,0.0,0.0,0.0,0.0,3
2023-05-11 13:41:20,i2312-P-650,i2312-P-650,42.4,0.0,0.0,0.0,1,41.6,45.5,1,42.4,0.0,0.0,0.0,0.0,0.0,3
2023-05-11 13:41:26,i2312-P-650,i2312-P-650,42.4,0.0,0.0,0.0,1,40.7,45.5,1,42.4,0.0,0.0,0.0,0.0,0.0,3
2023-05-11 13:41:32,i2312-P-650,i2312-P-650,42.4,0.0,0.0,0.0,10,13.5,0.0,0,42.4,0.0,0.0,0.0,0.0,0.0,3
2023-05-11 13:41:33,i2312-P-650,i2312-P-650,42.4,0.0,0.0,0.0,2,13.6,0.0,0,42.4,0.0,0.0,0.0,0.0,0.0,3
2023-05-11 13:41:33,i2312-P-650,i2312-P-650,42.4,0.0,0.0,0.0,10,13.7,0.0,0,42.4,0.0,0.0,0.0,0.0,0.0,3
2023-05-11 13:42:24,i2312-P-650,i2312-P-650,42.4,0.0,0.0,0.0,2,15.3,0.0,0,42.4,0.0,0.0,0.0,0.0,0.0,3
2023-05-11 13:42:24,i2312-P-650,i2312-P-650,42.4,0.0,0.0,0.0,10,15.4,0.0,0,42.4,0.0,0.0,0.0,0.0,0.0,3
2023-05-11 13:42:28,i2312-P-650,i2312-P-650,42.4,0.0,0.0,0.0,2,15.5,0.0,0,42.4,0.0,0.0,0.0,0.0,0.0,3
2023-05-11 13:42:28,i2312-P-650,i2312-P-650,42.4,0.0,0.0,0.0,10,15.6,0.0,0,42.4,0.0,0.0,0.0,0.0,0.0,3
2023-05-11 13:42:30,i2312-P-650,i2312-P-650,42.4,0.0,0.0,0.0,2,15.7,0.0,0,42.4,0.0,0.0,0.0,0.0,0.0,3
2023-05-11 13:42:30,i2312-P-650,i2312-P-650,42.4,0.0,0.0,0.0,10,15.8,0.0,0,42.4,0.0,0.0,0.0,0.0,0.0,3
2023-05-11 13:42:32,i2312-P-650,i2312-P-650,42.4,0.0,0.0,0.0,2,15.9,0.0,0,42.4,0.0,0.0,0.0,0.0,0.0,3
2023-05-11 13:42:32,i2312-P-650,i2312-P-650,42.4,0.0,0.0,0.0,10,16.0,0.0,0,42.4,0.0,0.0,0.0,0.0,0.0,3
2023-05-11 13:42:34,i2312-P-650,i2312-P-650,42.4,0.0,0.0,0.0,2,16.1,0.0,0,42.4,0.0,0.0,0.0,0.0,0.0,3
2023-05-11 13:42:34,i2312-P-650,i2312-P-650,42.4,0.0,0.0,0.0,10,16.2,0.0,0,42.4,0.0,0.0,0.0,0.0,0.0,3
2023-05-11 13:42:35,i2312-P-650,i2312-P-650,42.4,0.0,0.0,0.0,2,16.3,0.0,0,42.4,0.0,0.0,0.0,0.0,0.0,3
2023-05-11 13:42:35,i2312-P-650,i2312-P-650,42.4,0.0,0.0,0.0,10,16.4,0.0,0,42.4,0.0,0.0,0.0,0.0,0.0,3
2023-05-11 13:42:37,i2312-P-650,i2312-P-650,42.4,0.0,0.0,0.0,2,16.5,0.0,0,42.4,0.0,0.0,0.0,0.0,0.0,3
2023-05-11 13:42:37,i2312-P-650,i2312-P-650,42.4,0.0,0.0,0.0,10,16.6,0.0,0,42.4,0.0,0.0,0.0,0.0,0.0,3
2023-05-11 13:42:38,i2312-P-650,i2312-P-650,42.4,0.0,0.0,0.0,2,16.7,0.0,0,42.4,0.0,0.0,0.0,0.0,0.0,3
2023-05-11 13:42:38,i2312-P-650,i2312-P-650,42.4,0.0,0.0,0.0,10,16.8,0.0,0,42.4,0.0,0.0,0.0,0.0,0.0,3
2023-05-11 13:42:42,i2312-P-650,i2312-P-650,42.4,0.0,0.0,0.0,2,16.9,0.0,0,42.4,0.0,0.0,0.0,0.0,0.0,3
2023-05-11 13:42:42,i2312-P-650,i2312-P-650,42.4,0.0,0.0,0.0,10,17.0,0.0,0,42.4,0.0,0.0,0.0,0.0,0.0,3
2023-05-11 13:42:46,i2312-P-650,i2312-P-650,42.4,0.0,0.0,0.0,2,17.1,0.0,0,42.4,0.0,0.0,0.0,0.0,0.0,3
2023-05-11 13:42:46,i2312-P-650,i2312-P-650,42.4,0.0,0.0,0.0,10,17.2,0.0,0,42.4,0.0,0.0,0.0,0.0,0.0,3
2023-05-11 13:42:48,i2312-P-650,i2312-P-650,42.4,0.0,0.0,0.0,2,18.0,0.0,0,42.4,0.0,0.0,0.0,0.0,0.0,3
2023-05-11 13:42:48,i2312-P-650,i2312-P-650,42.4,0.0,0.0,0.0,10,18.1,0.0,0,42.4,0.0,0.0,0.0,0.0,0.0,3
2023-05-11 13:42:51,i2312-P-650,i2312-P-650,42.4,0.0,0.0,0.0,2,18.2,0.0,0,42.4,0.0,0.0,0.0,0.0,0.0,3
2023-05-11 13:42:51,i2312-P-650,i2312-P-650,42.4,0.0,0.0,0.0,10,18.3,0.0,0,42.4,0.0,0.0,0.0,0.0,0.0,3
2023-05-11 13:42:56,i2312-P-650,i2312-P-650,42.4,0.0,0.0,0.0,2,18.4,0.0,0,42.4,0.0,0.0,0.0,0.0,0.0,3
2023-05-11 13:42:56,i2312-P-650,i2312-P-650,42.4,0.0,0.0,0.0,10,18.5,0.0,0,42.4,0.0,0.0,0.0,0.0,0.0,3
2023-05-11 13:43:18,i2312-P-650,i2312-P-650,42.4,0.0,0.0,0.0,2,18.6,0.0,0,42.4,0.0,0.0,0.0,0.0,0.0,3
2023-05-11 13:43:18,i2312-P-650,i2312-P-650,42.4,0.0,0.0,0.0,10,18.7,0.0,0,42.4,0.0,0.0,0.0,0.0,0.0,3
2023-05-11 13:43:56,i2312-P-650,i2312-P-650,42.4,0.0,0.0,0.0,2,18.8,0.0,0,42.4,0.0,0.0,0.0,0.0,0.0,3
2023-05-11 13:43:56,i2312-P-650,i2312-P-650,42.4,0.0,0.0,0.0,10,18.9,0.0,0,42.4,0.0,0.0,0.0,0.0,0.0,3
2023-05-11 13:43:58,i2312-P-650,i2312-P-650,42.4,0.0,0.0,0.0,2,19.0,0.0,0,42.4,0.0,0.0,0.0,0.0,0.0,3
2023-05-11 13:43:58,i2312-P-650,i2312-P-650,42.4,0.0,0.0,0.0,10,19.1,0.0,0,42.4,0.0,0.0,0.0,0.0,0.0,3
2023-05-11 13:43:59,i2312-P-650,i2312-P-650,42.4,0.0,0.0,0.0,2,19.2,0.0,0,42.4,0.0,0.0,0.0,0.0,0.0,3
2023-05-11 13:43:59,i2312-P-650,i2312-P-650,42.4,0.0,0.0,0.0,10,19.3,0.0,0,42.4,0.0,0.0,0.0,0.0,0.0,3
2023-05-11 13:44:01,i2312-P-650,i2312-P-650,42.4,0.0,0.0,0.0,2,19.4,0.0,0,42.4,0.0,0.0,0.0,0.0,0.0,3
2023-05-11 13:44:01,i2312-P-650,i2312-P-650,42.4,0.0,0.0,0.0,10,19.5,0.0,0,42.4,0.0,0.0,0.0,0.0,0.0,3
2023-05-11 13:44:04,i2312-P-650,i2312-P-650,42.4,0.0,0.0,0.0,2,19.6,0.0,0,42.4,0.0,0.0,0.0,0.0,0.0,3
2023-05-11 13:44:04,i2312-P-650,i2312-P-650,42.4,0.0,0.0,0.0,10,19.7,0.0,0,42.4,0.0,0.0,0.0,0.0,0.0,3
2023-05-11 13:44:05,i2312-P-650,i2312-P-650,42.4,0.0,0.0,0.0,2,19.8,0.0,0,42.4,0.0,0.0,0.0,0.0,0.0,3
2023-05-11 13:44:05,i2312-P-650,i2312-P-650,42.4,0.0,0.0,0.0,10,19.9,0.0,0,42.4,0.0,0.0,0.0,0.0,0.0,3
2023-05-11 13:44:06,i2312-P-650,i2312-P-650,42.4,0.0,0.0,0.0,2,20.0,0.0,0,42.4,0.0,0.0,0.0,0.0,0.0,3
2023-05-11 13:44:06,i2312-P-650,i2312-P-650,42.4,0.0,0.0,0.0,10,20.1,0.0,0,42.4,0.0,0.0,0.0,0.0,0.0,3
2023-05-11 13:44:07,i2312-P-650,i2312-P-650,42.4,0.0,0.0,0.0,2,20.2,0.0,0,42.4,0.0,0.0,0.0,0.0,0.0,3
2023-05-11 13:44:07,i2312-P-650,i2312-P-650,42.4,0.0,0.0,0.0,10,20.3,0.0,0,42.4,0.0,0.0,0.0,0.0,0.0,3
2023-05-11 13:44:08,i2312-P-650,i2312-P-650,42.4,0.0,0.0,0.0,2,20.4,0.0,0,42.4,0.0,0.0,0.0,0.0,0.0,3
2023-05-11 13:44:08,i2312-P-650,i2312-P-650,42.4,0.0,0.0,0.0,10,20.5,0.0,0,42.4,0.0,0.0,0.0,0.0,0.0,3
2023-05-11 13:44:10,i2312-P-650,i2312-P-650,42.4,0.0,0.0,0.0,2,20.6,0.0,0,42.4,0.0,0.0,0.0,0.0,0.0,3
2023-05-11 13:44:10,i2312-P-650,i2312-P-650,42.4,0.0,0.0,0.0,10,20.7,0.0,0,42.4,0.0,0.0,0.0,0.0,0.0,3
2023-05-11 13:44:11,i2312-P-650,i2312-P-650,42.4,0.0,0.0,0.0,2,20.8,0.0,0,42.4,0.0,0.0,0.0,0.0,0.0,3
2023-05-11 13:44:11,i2312-P-650,i2312-P-650,42.4,0.0,0.0,0.0,10,20.9,0.0,0,42.4,0.0,0.0,0.0,0.0,0.0,3
2023-05-11 13:44:13,i2312-P-650,i2312-P-650,42.4,0.0,0.0,0.0,2,21.0,0.0,0,42.4,0.0,0.0,0.0,0.0,0.0,3
2023-05-11 13:44:13,i2312-P-650,i2312-P-650,42.4,0.0,0.0,0.0,10,21.1,0.0,0,42.4,0.0,0.0,0.0,0.0,0.0,3
2023-05-11 13:44:15,i2312-P-650,i2312-P-650,42.4,0.0,0.0,0.0,2,21.2,0.0,0,42.4,0.0,0.0,0.0,0.0,0.0,3
2023-05-11 13:44:15,i2312-P-650,i2312-P-650,42.4,0.0,0.0,0.0,10,21.3,0.0,0,42.4,0.0,0.0,0.0,0.0,0.0,3
2023-05-11 13:44:17,i2312-P-650,i2312-P-650,42.4,0.0,0.0,0.0,2,21.4,0.0,0,42.4,0.0,0.0,0.0,0.0,0.0,3
2023-05-11 13:44:17,i2312-P-650,i2312-P-650,42.4,0.0,0.0,0.0,10,21.5,0.0,0,42.4,0.0,0.0,0.0,0.0,0.0,3
2023-05-11 13:44:19,i2312-P-650,i2312-P-650,42.4,0.0,0.0,0.0,2,21.6,0.0,0,42.4,0.0,0.0,0.0,0.0,0.0,3
2023-05-11 13:44:19,i2312-P-650,i2312-P-650,42.4,0.0,0.0,0.0,10,21.7,0.0,0,42.4,0.0,0.0,0.0,0.0,0.0,3
2023-05-11 13:44:20,i2312-P-650,i2312-P-650,42.4,0.0,0.0,0.0,2,21.8,0.0,0,42.4,0.0,0.0,0.0,0.0,0.0,3
2023-05-11 13:44:20,i2312-P-650,i2312-P-650,42.4,0.0,0.0,0.0,10,21.9,0.0,0,42.4,0.0,0.0,0.0,0.0,0.0,3
2023-05-11 13:44:25,i2312-P-650,i2312-P-650,42.4,0.0,0.0,0.0,2,22.0,0.0,0,42.4,0.0,0.0,0.0,0.0,0.0,3
2023-05-11 13:44:25,i2312-P-650,i2312-P-650,42.4,0.0,0.0,0.0,10,22.1,0.0,0,42.4,0.0,0.0,0.0,0.0,0.0,3
2023-05-11 13:44:26,i2312-P-650,i2312-P-650,42.4,0.0,0.0,0.0,2,22.2,0.0,0,42.4,0.0,0.0,0.0,0.0,0.0,3
2023-05-11 13:44:26,i2312-P-650,i2312-P-650,42.4,0.0,0.0,0.0,10,22.3,0.0,0,42.4,0.0,0.0,0.0,0.0,0.0,3
2023-05-11 13:44:28,i2312-P-650,i2312-P-650,42.4,0.0,0.0,0.0,2,22.4,0.0,0,42.4,0.0,0.0,0.0,0.0,0.0,3
2023-05-11 13:44:28,i2312-P-650,i2312-P-650,42.4,0.0,0.0,0.0,10,22.5,0.0,0,42.4,0.0,0.0,0.0,0.0,0.0,3
2023-05-11 14:08:24,i2312-P-650,i2312-P-650,42.4,0.0,0.0,0.0,1,22.6,0.0,0,42.4,0.0,0.0,0.0,0.0,0.0,3
2023-05-11 14:08:24,i2312-P-650,i2312-P-650,42.4,0.0,0.0,0.0,10,22.7,0.0,0,42.4,0.0,0.0,0.0,0.0,0.0,3
2023-05-11 14:23:11,i2312-P-650,i2312-P-650,42.4,0.0,0.0,0.0,1,22.6,0.0,0,42.4,0.0,0.0,0.0,0.0,0.0,3
2023-05-11 14:23:51,i2312-P-650,i2312-P-650,42.4,0.0,0.0,0.0,10,22.7,0.0,0,42.4,0.0,0.0,0.0,0.0,0.0,3
2023-05-11 14:39:15,i2312-P-650,i2312-P-650,42.4,0.0,0.0,0.0,1,22.6,0.0,0,42.4,0.0,0.0,0.0,0.0,0.0,3
2023-05-11 14:46:52,i2312-P-650,i2312-P-650,42.4,0.0,0.0,0.0,10,22.7,0.0,0,42.4,0.0,0.0,0.0,0.0,0.0,3
2023-05-11 14:54:06,i2312-P-650,i2312-P-650,42.4,0.0,0.0,0.0,1,22.8,0.0,0,42.4,0.0,0.0,0.0,0.0,0.0,3
2023-05-11 14:54:06,i2312-P-650,i2312-P-650,42.4,0.0,0.0,0.0,10,22.9,0.0,0,42.4,0.0,0.0,0.0,0.0,0.0,3
2023-05-11 14:58:49,i2312-P-650,i2312-P-650,42.4,0.0,0.0,0.0,1,22.8,0.0,0,42.4,0.0,0.0,0.0,0.0,0.0,3
2023-05-11 14:59:02,i2312-P-650,i2312-P-650,42.4,0.0,0.0,0.0,10,22.9,0.0,0,42.4,0.0,0.0,0.0,0.0,0.0,3
2023-05-11 14:59:54,i2312-P-650,i2312-P-650,42.4,0.0,0.0,0.0,1,22.8,0.0,0,42.4,0.0,0.0,0.0,0.0,0.0,3
2023-05-11 15:01:10,i2312-P-650,i2312-P-650,42.4,0.0,0.0,0.0,1,22.8,0.0,0,42.4,0.0,0.0,0.0,0.0,0.0,3
