time,symbol_id,symbol_name,last,trade_volume,trade_amount,open_interest_change,bv1,bp1,ap1,av1,yesterday_close,today_open,today_high,today_low,volume,amount,open_interest
2023-05-10 21:01:02,i2311-P-760,i2311-P-760,101.9,0.0,0.0,0.0,1,40.0,0.0,0,101.9,0.0,0.0,0.0,0.0,0.0,0
2023-05-10 21:01:02,i2311-P-760,i2311-P-760,101.9,0.0,0.0,0.0,10,40.1,0.0,0,101.9,0.0,0.0,0.0,0.0,0.0,0
2023-05-10 21:01:19,i2311-P-760,i2311-P-760,101.9,0.0,0.0,0.0,1,40.2,0.0,0,101.9,0.0,0.0,0.0,0.0,0.0,0
2023-05-10 21:01:19,i2311-P-760,i2311-P-760,101.9,0.0,0.0,0.0,10,40.3,0.0,0,101.9,0.0,0.0,0.0,0.0,0.0,0
2023-05-10 21:01:24,i2311-P-760,i2311-P-760,101.9,0.0,0.0,0.0,1,48.9,0.0,0,101.9,0.0,0.0,0.0,0.0,0.0,0
2023-05-10 21:01:24,i2311-P-760,i2311-P-760,101.9,0.0,0.0,0.0,10,49.0,0.0,0,101.9,0.0,0.0,0.0,0.0,0.0,0
2023-05-10 21:31:19,i2311-P-760,i2311-P-760,101.9,0.0,0.0,0.0,1,49.1,0.0,0,101.9,0.0,0.0,0.0,0.0,0.0,0
2023-05-10 21:31:19,i2311-P-760,i2311-P-760,101.9,0.0,0.0,0.0,10,49.2,0.0,0,101.9,0.0,0.0,0.0,0.0,0.0,0
2023-05-10 22:01:19,i2311-P-760,i2311-P-760,101.9,0.0,0.0,0.0,1,49.3,0.0,0,101.9,0.0,0.0,0.0,0.0,0.0,0
2023-05-10 22:01:19,i2311-P-760,i2311-P-760,101.9,0.0,0.0,0.0,10,49.4,0.0,0,101.9,0.0,0.0,0.0,0.0,0.0,0
2023-05-10 22:45:12,i2311-P-760,i2311-P-760,101.9,0.0,0.0,0.0,1,49.5,0.0,0,101.9,0.0,0.0,0.0,0.0,0.0,0
2023-05-10 22:45:12,i2311-P-760,i2311-P-760,101.9,0.0,0.0,0.0,10,49.6,0.0,0,101.9,0.0,0.0,0.0,0.0,0.0,0
2023-05-10 22:57:32,i2311-P-760,i2311-P-760,101.9,0.0,0.0,0.0,1,49.5,0.0,0,101.9,0.0,0.0,0.0,0.0,0.0,0
2023-05-10 22:58:55,i2311-P-760,i2311-P-760,101.9,0.0,0.0,0.0,10,49.6,0.0,0,101.9,0.0,0.0,0.0,0.0,0.0,0
2023-05-10 22:59:55,i2311-P-760,i2311-P-760,101.9,0.0,0.0,0.0,1,49.5,0.0,0,101.9,0.0,0.0,0.0,0.0,0.0,0
2023-05-11 09:00:16,i2311-P-760,i2311-P-760,101.9,0.0,0.0,0.0,10,49.6,0.0,0,101.9,0.0,0.0,0.0,0.0,0.0,0
2023-05-11 09:01:01,i2311-P-760,i2311-P-760,101.9,0.0,0.0,0.0,1,49.7,0.0,0,101.9,0.0,0.0,0.0,0.0,0.0,0
2023-05-11 09:01:01,i2311-P-760,i2311-P-760,101.9,0.0,0.0,0.0,10,49.8,0.0,0,101.9,0.0,0.0,0.0,0.0,0.0,0
2023-05-11 09:46:23,i2311-P-760,i2311-P-760,101.9,0.0,0.0,0.0,1,49.9,0.0,0,101.9,0.0,0.0,0.0,0.0,0.0,0
2023-05-11 09:46:23,i2311-P-760,i2311-P-760,101.9,0.0,0.0,0.0,10,50.0,0.0,0,101.9,0.0,0.0,0.0,0.0,0.0,0
2023-05-11 10:14:32,i2311-P-760,i2311-P-760,101.9,0.0,0.0,0.0,1,49.9,0.0,0,101.9,0.0,0.0,0.0,0.0,0.0,0
2023-05-11 10:30:06,i2311-P-760,i2311-P-760,101.9,0.0,0.0,0.0,10,50.0,0.0,0,101.9,0.0,0.0,0.0,0.0,0.0,0
2023-05-11 10:47:07,i2311-P-760,i2311-P-760,101.9,0.0,0.0,0.0,1,50.1,0.0,0,101.9,0.0,0.0,0.0,0.0,0.0,0
2023-05-11 10:47:07,i2311-P-760,i2311-P-760,101.9,0.0,0.0,0.0,10,50.2,0.0,0,101.9,0.0,0.0,0.0,0.0,0.0,0
2023-05-11 11:05:23,i2311-P-760,i2311-P-760,101.9,0.0,0.0,0.0,1,50.1,0.0,0,101.9,0.0,0.0,0.0,0.0,0.0,0
2023-05-11 11:07:18,i2311-P-760,i2311-P-760,101.9,0.0,0.0,0.0,10,50.2,0.0,0,101.9,0.0,0.0,0.0,0.0,0.0,0
2023-05-11 11:10:17,i2311-P-760,i2311-P-760,101.9,0.0,0.0,0.0,1,50.1,0.0,0,101.9,0.0,0.0,0.0,0.0,0.0,0
2023-05-11 11:11:32,i2311-P-760,i2311-P-760,101.9,0.0,0.0,0.0,10,50.2,0.0,0,101.9,0.0,0.0,0.0,0.0,0.0,0
2023-05-11 11:20:00,i2311-P-760,i2311-P-760,101.9,0.0,0.0,0.0,1,50.3,0.0,0,101.9,0.0,0.0,0.0,0.0,0.0,0
2023-05-11 11:20:00,i2311-P-760,i2311-P-760,101.9,0.0,0.0,0.0,10,50.4,0.0,0,101.9,0.0,0.0,0.0,0.0,0.0,0
2023-05-11 11:29:32,i2311-P-760,i2311-P-760,101.9,0.0,0.0,0.0,1,50.3,0.0,0,101.9,0.0,0.0,0.0,0.0,0.0,0
2023-05-11 13:30:14,i2311-P-760,i2311-P-760,101.9,0.0,0.0,0.0,10,50.4,0.0,0,101.9,0.0,0.0,0.0,0.0,0.0,0
2023-05-11 13:30:54,i2311-P-760,i2311-P-760,101.9,0.0,0.0,0.0,1,50.5,0.0,0,101.9,0.0,0.0,0.0,0.0,0.0,0
2023-05-11 13:30:54,i2311-P-760,i2311-P-760,101.9,0.0,0.0,0.0,10,50.6,0.0,0,101.9,0.0,0.0,0.0,0.0,0.0,0
2023-05-11 13:38:17,i2311-P-760,i2311-P-760,101.9,0.0,0.0,0.0,1,98.3,106.1,1,101.9,0.0,0.0,0.0,0.0,0.0,0
2023-05-11 13:38:18,i2311-P-760,i2311-P-760,101.9,0.0,0.0,0.0,2,98.3,106.1,2,101.9,0.0,0.0,0.0,0.0,0.0,0
2023-05-11 13:38:22,i2311-P-760,i2311-P-760,101.9,0.0,0.0,0.0,1,99.0,106.1,2,101.9,0.0,0.0,0.0,0.0,0.0,0
2023-05-11 13:38:26,i2311-P-760,i2311-P-760,101.9,0.0,0.0,0.0,1,99.0,105.9,1,101.9,0.0,0.0,0.0,0.0,0.0,0
2023-05-11 13:38:33,i2311-P-760,i2311-P-760,101.9,0.0,0.0,0.0,1,98.9,105.9,1,101.9,0.0,0.0,0.0,0.0,0.0,0
2023-05-11 13:38:35,i2311-P-760,i2311-P-760,101.9,0.0,0.0,0.0,1,98.9,104.6,1,101.9,0.0,0.0,0.0,0.0,0.0,0
2023-05-11 13:38:37,i2311-P-760,i2311-P-760,101.9,0.0,0.0,0.0,1,96.9,104.6,1,101.9,0.0,0.0,0.0,0.0,0.0,0
2023-05-11 13:38:47,i2311-P-760,i2311-P-760,101.9,0.0,0.0,0.0,10,50.6,0.0,0,101.9,0.0,0.0,0.0,0.0,0.0,0
2023-05-11 14:06:13,i2311-P-760,i2311-P-760,101.9,0.0,0.0,0.0,1,50.7,0.0,0,101.9,0.0,0.0,0.0,0.0,0.0,0
2023-05-11 14:06:13,i2311-P-760,i2311-P-760,101.9,0.0,0.0,0.0,10,50.8,0.0,0,101.9,0.0,0.0,0.0,0.0,0.0,0
2023-05-11 14:23:11,i2311-P-760,i2311-P-760,101.9,0.0,0.0,0.0,1,50.7,0.0,0,101.9,0.0,0.0,0.0,0.0,0.0,0
2023-05-11 14:23:51,i2311-P-760,i2311-P-760,101.9,0.0,0.0,0.0,10,50.8,0.0,0,101.9,0.0,0.0,0.0,0.0,0.0,0
2023-05-11 14:39:15,i2311-P-760,i2311-P-760,101.9,0.0,0.0,0.0,1,50.7,0.0,0,101.9,0.0,0.0,0.0,0.0,0.0,0
2023-05-11 14:46:52,i2311-P-760,i2311-P-760,101.9,0.0,0.0,0.0,10,50.8,0.0,0,101.9,0.0,0.0,0.0,0.0,0.0,0
2023-05-11 14:53:16,i2311-P-760,i2311-P-760,101.9,0.0,0.0,0.0,1,50.9,0.0,0,101.9,0.0,0.0,0.0,0.0,0.0,0
2023-05-11 14:53:16,i2311-P-760,i2311-P-760,101.9,0.0,0.0,0.0,10,51.0,0.0,0,101.9,0.0,0.0,0.0,0.0,0.0,0
2023-05-11 14:58:49,i2311-P-760,i2311-P-760,101.9,0.0,0.0,0.0,1,50.9,0.0,0,101.9,0.0,0.0,0.0,0.0,0.0,0
2023-05-11 14:59:02,i2311-P-760,i2311-P-760,101.9,0.0,0.0,0.0,10,51.0,0.0,0,101.9,0.0,0.0,0.0,0.0,0.0,0
2023-05-11 14:59:54,i2311-P-760,i2311-P-760,101.9,0.0,0.0,0.0,1,50.9,0.0,0,101.9,0.0,0.0,0.0,0.0,0.0,0
2023-05-11 15:01:10,i2311-P-760,i2311-P-760,101.9,0.0,0.0,0.0,1,50.9,0.0,0,101.9,0.0,0.0,0.0,0.0,0.0,0
