time,symbol_id,symbol_name,last,trade_volume,trade_amount,open_interest_change,bv1,bp1,ap1,av1,yesterday_close,today_open,today_high,today_low,volume,amount,open_interest
2023-05-10 20:55:35,i2311-C-840,i2311-C-840,17.3,0.0,0.0,0.0,1,0.1,0.0,0,17.3,0.0,0.0,0.0,0.0,0.0,2
2023-05-10 21:00:05,i2311-C-840,i2311-C-840,17.3,0.0,0.0,0.0,10,0.2,0.0,0,17.3,0.0,0.0,0.0,0.0,0.0,2
2023-05-10 21:04:53,i2311-C-840,i2311-C-840,17.3,0.0,0.0,0.0,1,0.3,0.0,0,17.3,0.0,0.0,0.0,0.0,0.0,2
2023-05-10 21:04:53,i2311-C-840,i2311-C-840,17.3,0.0,0.0,0.0,10,0.4,0.0,0,17.3,0.0,0.0,0.0,0.0,0.0,2
2023-05-10 21:10:23,i2311-C-840,i2311-C-840,17.3,0.0,0.0,0.0,1,0.5,0.0,0,17.3,0.0,0.0,0.0,0.0,0.0,2
2023-05-10 21:10:23,i2311-C-840,i2311-C-840,17.3,0.0,0.0,0.0,10,0.6,0.0,0,17.3,0.0,0.0,0.0,0.0,0.0,2
2023-05-10 21:16:47,i2311-C-840,i2311-C-840,17.3,0.0,0.0,0.0,1,1.1,0.0,0,17.3,0.0,0.0,0.0,0.0,0.0,2
2023-05-10 21:16:47,i2311-C-840,i2311-C-840,17.3,0.0,0.0,0.0,10,1.2,0.0,0,17.3,0.0,0.0,0.0,0.0,0.0,2
2023-05-10 21:58:03,i2311-C-840,i2311-C-840,17.3,0.0,0.0,0.0,10,1.2,93.2,1,17.3,0.0,0.0,0.0,0.0,0.0,2
2023-05-10 21:58:03,i2311-C-840,i2311-C-840,17.3,0.0,0.0,0.0,10,1.2,93.1,10,17.3,0.0,0.0,0.0,0.0,0.0,2
2023-05-10 21:58:05,i2311-C-840,i2311-C-840,17.3,0.0,0.0,0.0,10,1.2,93.0,1,17.3,0.0,0.0,0.0,0.0,0.0,2
2023-05-10 21:58:05,i2311-C-840,i2311-C-840,17.3,0.0,0.0,0.0,10,1.2,92.9,10,17.3,0.0,0.0,0.0,0.0,0.0,2
2023-05-10 21:58:06,i2311-C-840,i2311-C-840,17.3,0.0,0.0,0.0,10,1.2,92.8,1,17.3,0.0,0.0,0.0,0.0,0.0,2
2023-05-10 21:58:06,i2311-C-840,i2311-C-840,17.3,0.0,0.0,0.0,10,1.2,92.7,10,17.3,0.0,0.0,0.0,0.0,0.0,2
2023-05-10 21:58:07,i2311-C-840,i2311-C-840,17.3,0.0,0.0,0.0,10,1.2,92.6,1,17.3,0.0,0.0,0.0,0.0,0.0,2
2023-05-10 21:58:07,i2311-C-840,i2311-C-840,17.3,0.0,0.0,0.0,10,1.2,92.5,10,17.3,0.0,0.0,0.0,0.0,0.0,2
2023-05-10 21:58:09,i2311-C-840,i2311-C-840,17.3,0.0,0.0,0.0,10,1.2,92.4,1,17.3,0.0,0.0,0.0,0.0,0.0,2
2023-05-10 21:58:09,i2311-C-840,i2311-C-840,17.3,0.0,0.0,0.0,10,1.2,92.3,10,17.3,0.0,0.0,0.0,0.0,0.0,2
2023-05-10 21:58:10,i2311-C-840,i2311-C-840,17.3,0.0,0.0,0.0,10,1.2,92.2,1,17.3,0.0,0.0,0.0,0.0,0.0,2
2023-05-10 21:58:10,i2311-C-840,i2311-C-840,17.3,0.0,0.0,0.0,10,1.2,92.1,10,17.3,0.0,0.0,0.0,0.0,0.0,2
2023-05-10 21:58:11,i2311-C-840,i2311-C-840,17.3,0.0,0.0,0.0,10,1.2,92.0,1,17.3,0.0,0.0,0.0,0.0,0.0,2
2023-05-10 21:58:11,i2311-C-840,i2311-C-840,17.3,0.0,0.0,0.0,10,1.2,91.9,10,17.3,0.0,0.0,0.0,0.0,0.0,2
2023-05-10 21:58:13,i2311-C-840,i2311-C-840,17.3,0.0,0.0,0.0,10,1.2,91.8,1,17.3,0.0,0.0,0.0,0.0,0.0,2
2023-05-10 21:58:13,i2311-C-840,i2311-C-840,17.3,0.0,0.0,0.0,10,1.2,91.7,10,17.3,0.0,0.0,0.0,0.0,0.0,2
2023-05-10 21:58:14,i2311-C-840,i2311-C-840,17.3,0.0,0.0,0.0,10,1.2,91.6,1,17.3,0.0,0.0,0.0,0.0,0.0,2
2023-05-10 21:58:14,i2311-C-840,i2311-C-840,17.3,0.0,0.0,0.0,10,1.2,91.5,10,17.3,0.0,0.0,0.0,0.0,0.0,2
2023-05-10 21:58:15,i2311-C-840,i2311-C-840,17.3,0.0,0.0,0.0,10,1.2,91.4,1,17.3,0.0,0.0,0.0,0.0,0.0,2
2023-05-10 21:58:16,i2311-C-840,i2311-C-840,17.3,0.0,0.0,0.0,10,1.2,91.3,10,17.3,0.0,0.0,0.0,0.0,0.0,2
2023-05-10 21:58:17,i2311-C-840,i2311-C-840,17.3,0.0,0.0,0.0,10,1.2,91.2,1,17.3,0.0,0.0,0.0,0.0,0.0,2
2023-05-10 21:58:17,i2311-C-840,i2311-C-840,17.3,0.0,0.0,0.0,10,1.2,91.1,10,17.3,0.0,0.0,0.0,0.0,0.0,2
2023-05-10 21:58:18,i2311-C-840,i2311-C-840,17.3,0.0,0.0,0.0,10,1.2,91.0,1,17.3,0.0,0.0,0.0,0.0,0.0,2
2023-05-10 21:58:18,i2311-C-840,i2311-C-840,17.3,0.0,0.0,0.0,10,1.2,90.9,10,17.3,0.0,0.0,0.0,0.0,0.0,2
2023-05-10 21:58:19,i2311-C-840,i2311-C-840,17.3,0.0,0.0,0.0,10,1.2,90.8,1,17.3,0.0,0.0,0.0,0.0,0.0,2
2023-05-10 21:58:20,i2311-C-840,i2311-C-840,17.3,0.0,0.0,0.0,10,1.2,90.7,10,17.3,0.0,0.0,0.0,0.0,0.0,2
2023-05-10 21:58:21,i2311-C-840,i2311-C-840,17.3,0.0,0.0,0.0,10,1.2,90.6,1,17.3,0.0,0.0,0.0,0.0,0.0,2
2023-05-10 21:58:21,i2311-C-840,i2311-C-840,17.3,0.0,0.0,0.0,10,1.2,90.5,10,17.3,0.0,0.0,0.0,0.0,0.0,2
2023-05-10 21:58:22,i2311-C-840,i2311-C-840,17.3,0.0,0.0,0.0,10,1.2,90.4,1,17.3,0.0,0.0,0.0,0.0,0.0,2
2023-05-10 21:58:22,i2311-C-840,i2311-C-840,17.3,0.0,0.0,0.0,10,1.2,90.3,10,17.3,0.0,0.0,0.0,0.0,0.0,2
2023-05-10 21:58:23,i2311-C-840,i2311-C-840,17.3,0.0,0.0,0.0,10,1.2,90.2,1,17.3,0.0,0.0,0.0,0.0,0.0,2
2023-05-10 21:58:24,i2311-C-840,i2311-C-840,17.3,0.0,0.0,0.0,10,1.2,90.1,10,17.3,0.0,0.0,0.0,0.0,0.0,2
2023-05-10 21:58:25,i2311-C-840,i2311-C-840,17.3,0.0,0.0,0.0,10,1.2,90.0,1,17.3,0.0,0.0,0.0,0.0,0.0,2
2023-05-10 21:58:25,i2311-C-840,i2311-C-840,17.3,0.0,0.0,0.0,10,1.2,89.9,10,17.3,0.0,0.0,0.0,0.0,0.0,2
2023-05-10 21:58:26,i2311-C-840,i2311-C-840,17.3,0.0,0.0,0.0,10,1.2,89.8,1,17.3,0.0,0.0,0.0,0.0,0.0,2
2023-05-10 21:58:26,i2311-C-840,i2311-C-840,17.3,0.0,0.0,0.0,10,1.2,89.7,10,17.3,0.0,0.0,0.0,0.0,0.0,2
2023-05-10 21:58:27,i2311-C-840,i2311-C-840,17.3,0.0,0.0,0.0,10,1.2,89.6,1,17.3,0.0,0.0,0.0,0.0,0.0,2
2023-05-10 21:58:27,i2311-C-840,i2311-C-840,17.3,0.0,0.0,0.0,10,1.2,89.5,10,17.3,0.0,0.0,0.0,0.0,0.0,2
2023-05-10 21:58:29,i2311-C-840,i2311-C-840,17.3,0.0,0.0,0.0,10,1.2,89.4,1,17.3,0.0,0.0,0.0,0.0,0.0,2
2023-05-10 21:58:29,i2311-C-840,i2311-C-840,17.3,0.0,0.0,0.0,10,1.2,89.3,10,17.3,0.0,0.0,0.0,0.0,0.0,2
2023-05-10 21:58:30,i2311-C-840,i2311-C-840,17.3,0.0,0.0,0.0,10,1.2,89.2,1,17.3,0.0,0.0,0.0,0.0,0.0,2
2023-05-10 21:58:30,i2311-C-840,i2311-C-840,17.3,0.0,0.0,0.0,10,1.2,89.1,10,17.3,0.0,0.0,0.0,0.0,0.0,2
2023-05-10 21:58:31,i2311-C-840,i2311-C-840,17.3,0.0,0.0,0.0,10,1.2,89.0,1,17.3,0.0,0.0,0.0,0.0,0.0,2
2023-05-10 21:58:31,i2311-C-840,i2311-C-840,17.3,0.0,0.0,0.0,10,1.2,88.9,10,17.3,0.0,0.0,0.0,0.0,0.0,2
2023-05-10 21:58:33,i2311-C-840,i2311-C-840,17.3,0.0,0.0,0.0,10,1.2,88.8,1,17.3,0.0,0.0,0.0,0.0,0.0,2
2023-05-10 21:58:33,i2311-C-840,i2311-C-840,17.3,0.0,0.0,0.0,10,1.2,88.7,10,17.3,0.0,0.0,0.0,0.0,0.0,2
2023-05-10 21:58:34,i2311-C-840,i2311-C-840,17.3,0.0,0.0,0.0,10,1.2,88.6,1,17.3,0.0,0.0,0.0,0.0,0.0,2
2023-05-10 21:58:34,i2311-C-840,i2311-C-840,17.3,0.0,0.0,0.0,10,1.2,88.5,10,17.3,0.0,0.0,0.0,0.0,0.0,2
2023-05-10 21:58:35,i2311-C-840,i2311-C-840,17.3,0.0,0.0,0.0,10,1.2,88.4,1,17.3,0.0,0.0,0.0,0.0,0.0,2
2023-05-10 21:58:35,i2311-C-840,i2311-C-840,17.3,0.0,0.0,0.0,10,1.2,88.3,10,17.3,0.0,0.0,0.0,0.0,0.0,2
2023-05-10 21:58:37,i2311-C-840,i2311-C-840,17.3,0.0,0.0,0.0,10,1.2,88.2,1,17.3,0.0,0.0,0.0,0.0,0.0,2
2023-05-10 21:58:37,i2311-C-840,i2311-C-840,17.3,0.0,0.0,0.0,10,1.2,88.1,10,17.3,0.0,0.0,0.0,0.0,0.0,2
2023-05-10 21:58:38,i2311-C-840,i2311-C-840,17.3,0.0,0.0,0.0,10,1.2,88.0,1,17.3,0.0,0.0,0.0,0.0,0.0,2
2023-05-10 21:58:38,i2311-C-840,i2311-C-840,17.3,0.0,0.0,0.0,10,1.2,87.9,10,17.3,0.0,0.0,0.0,0.0,0.0,2
2023-05-10 21:58:39,i2311-C-840,i2311-C-840,17.3,0.0,0.0,0.0,10,1.2,87.8,1,17.3,0.0,0.0,0.0,0.0,0.0,2
2023-05-10 21:58:39,i2311-C-840,i2311-C-840,17.3,0.0,0.0,0.0,10,1.2,87.7,10,17.3,0.0,0.0,0.0,0.0,0.0,2
2023-05-10 21:58:40,i2311-C-840,i2311-C-840,17.3,0.0,0.0,0.0,10,1.2,87.6,1,17.3,0.0,0.0,0.0,0.0,0.0,2
2023-05-10 21:58:41,i2311-C-840,i2311-C-840,17.3,0.0,0.0,0.0,10,1.2,87.5,10,17.3,0.0,0.0,0.0,0.0,0.0,2
2023-05-10 21:58:42,i2311-C-840,i2311-C-840,17.3,0.0,0.0,0.0,10,1.2,87.3,10,17.3,0.0,0.0,0.0,0.0,0.0,2
2023-05-10 21:58:43,i2311-C-840,i2311-C-840,17.3,0.0,0.0,0.0,10,1.2,87.2,1,17.3,0.0,0.0,0.0,0.0,0.0,2
2023-05-10 21:58:43,i2311-C-840,i2311-C-840,17.3,0.0,0.0,0.0,10,1.2,87.1,10,17.3,0.0,0.0,0.0,0.0,0.0,2
2023-05-10 21:58:44,i2311-C-840,i2311-C-840,17.3,0.0,0.0,0.0,10,1.2,87.0,1,17.3,0.0,0.0,0.0,0.0,0.0,2
2023-05-10 21:58:44,i2311-C-840,i2311-C-840,17.3,0.0,0.0,0.0,10,1.2,86.9,10,17.3,0.0,0.0,0.0,0.0,0.0,2
2023-05-10 21:58:45,i2311-C-840,i2311-C-840,17.3,0.0,0.0,0.0,10,1.2,86.8,1,17.3,0.0,0.0,0.0,0.0,0.0,2
2023-05-10 21:58:46,i2311-C-840,i2311-C-840,17.3,0.0,0.0,0.0,10,1.2,86.7,10,17.3,0.0,0.0,0.0,0.0,0.0,2
2023-05-10 21:58:47,i2311-C-840,i2311-C-840,17.3,0.0,0.0,0.0,10,1.2,86.6,1,17.3,0.0,0.0,0.0,0.0,0.0,2
2023-05-10 21:58:47,i2311-C-840,i2311-C-840,17.3,0.0,0.0,0.0,10,1.2,86.5,10,17.3,0.0,0.0,0.0,0.0,0.0,2
2023-05-10 21:58:48,i2311-C-840,i2311-C-840,17.3,0.0,0.0,0.0,10,1.2,86.4,1,17.3,0.0,0.0,0.0,0.0,0.0,2
2023-05-10 21:58:48,i2311-C-840,i2311-C-840,17.3,0.0,0.0,0.0,10,1.2,86.3,10,17.3,0.0,0.0,0.0,0.0,0.0,2
2023-05-10 21:58:49,i2311-C-840,i2311-C-840,17.3,0.0,0.0,0.0,10,1.2,86.2,1,17.3,0.0,0.0,0.0,0.0,0.0,2
2023-05-10 21:58:49,i2311-C-840,i2311-C-840,17.3,0.0,0.0,0.0,10,1.2,86.1,10,17.3,0.0,0.0,0.0,0.0,0.0,2
2023-05-10 21:58:50,i2311-C-840,i2311-C-840,17.3,0.0,0.0,0.0,10,1.2,86.0,1,17.3,0.0,0.0,0.0,0.0,0.0,2
2023-05-10 21:58:50,i2311-C-840,i2311-C-840,17.3,0.0,0.0,0.0,10,1.2,85.9,10,17.3,0.0,0.0,0.0,0.0,0.0,2
2023-05-10 21:58:52,i2311-C-840,i2311-C-840,17.3,0.0,0.0,0.0,10,1.2,85.8,1,17.3,0.0,0.0,0.0,0.0,0.0,2
2023-05-10 21:58:52,i2311-C-840,i2311-C-840,17.3,0.0,0.0,0.0,10,1.2,85.7,10,17.3,0.0,0.0,0.0,0.0,0.0,2
2023-05-10 21:58:53,i2311-C-840,i2311-C-840,17.3,0.0,0.0,0.0,10,1.2,85.6,1,17.3,0.0,0.0,0.0,0.0,0.0,2
2023-05-10 21:58:53,i2311-C-840,i2311-C-840,17.3,0.0,0.0,0.0,10,1.2,85.5,10,17.3,0.0,0.0,0.0,0.0,0.0,2
2023-05-10 21:58:54,i2311-C-840,i2311-C-840,17.3,0.0,0.0,0.0,10,1.2,85.4,1,17.3,0.0,0.0,0.0,0.0,0.0,2
2023-05-10 21:58:54,i2311-C-840,i2311-C-840,17.3,0.0,0.0,0.0,10,1.2,85.3,10,17.3,0.0,0.0,0.0,0.0,0.0,2
2023-05-10 21:58:56,i2311-C-840,i2311-C-840,17.3,0.0,0.0,0.0,10,1.2,85.2,1,17.3,0.0,0.0,0.0,0.0,0.0,2
2023-05-10 21:58:56,i2311-C-840,i2311-C-840,17.3,0.0,0.0,0.0,10,1.2,85.1,10,17.3,0.0,0.0,0.0,0.0,0.0,2
2023-05-10 21:58:57,i2311-C-840,i2311-C-840,17.3,0.0,0.0,0.0,10,1.2,85.0,1,17.3,0.0,0.0,0.0,0.0,0.0,2
2023-05-10 21:58:57,i2311-C-840,i2311-C-840,17.3,0.0,0.0,0.0,10,1.2,84.9,10,17.3,0.0,0.0,0.0,0.0,0.0,2
2023-05-10 21:58:58,i2311-C-840,i2311-C-840,17.3,0.0,0.0,0.0,10,1.2,84.8,1,17.3,0.0,0.0,0.0,0.0,0.0,2
2023-05-10 21:58:58,i2311-C-840,i2311-C-840,17.3,0.0,0.0,0.0,10,1.2,84.7,10,17.3,0.0,0.0,0.0,0.0,0.0,2
2023-05-10 21:59:00,i2311-C-840,i2311-C-840,17.3,0.0,0.0,0.0,10,1.2,84.6,1,17.3,0.0,0.0,0.0,0.0,0.0,2
2023-05-10 21:59:00,i2311-C-840,i2311-C-840,17.3,0.0,0.0,0.0,10,1.2,84.5,10,17.3,0.0,0.0,0.0,0.0,0.0,2
2023-05-10 21:59:01,i2311-C-840,i2311-C-840,17.3,0.0,0.0,0.0,10,1.2,84.4,1,17.3,0.0,0.0,0.0,0.0,0.0,2
2023-05-10 21:59:01,i2311-C-840,i2311-C-840,17.3,0.0,0.0,0.0,10,1.2,84.3,10,17.3,0.0,0.0,0.0,0.0,0.0,2
2023-05-10 21:59:02,i2311-C-840,i2311-C-840,17.3,0.0,0.0,0.0,10,1.2,84.2,1,17.3,0.0,0.0,0.0,0.0,0.0,2
2023-05-10 21:59:02,i2311-C-840,i2311-C-840,17.3,0.0,0.0,0.0,10,1.2,84.1,10,17.3,0.0,0.0,0.0,0.0,0.0,2
2023-05-10 21:59:04,i2311-C-840,i2311-C-840,17.3,0.0,0.0,0.0,10,1.2,84.0,1,17.3,0.0,0.0,0.0,0.0,0.0,2
2023-05-10 21:59:04,i2311-C-840,i2311-C-840,17.3,0.0,0.0,0.0,10,1.2,83.9,10,17.3,0.0,0.0,0.0,0.0,0.0,2
2023-05-10 21:59:05,i2311-C-840,i2311-C-840,17.3,0.0,0.0,0.0,10,1.2,83.8,1,17.3,0.0,0.0,0.0,0.0,0.0,2
2023-05-10 21:59:05,i2311-C-840,i2311-C-840,17.3,0.0,0.0,0.0,10,1.2,83.7,10,17.3,0.0,0.0,0.0,0.0,0.0,2
2023-05-10 21:59:06,i2311-C-840,i2311-C-840,17.3,0.0,0.0,0.0,10,1.2,83.6,1,17.3,0.0,0.0,0.0,0.0,0.0,2
2023-05-10 21:59:06,i2311-C-840,i2311-C-840,17.3,0.0,0.0,0.0,10,1.2,83.5,10,17.3,0.0,0.0,0.0,0.0,0.0,2
2023-05-10 22:57:32,i2311-C-840,i2311-C-840,17.3,0.0,0.0,0.0,1,0.5,0.0,0,17.3,0.0,0.0,0.0,0.0,0.0,2
2023-05-10 22:59:13,i2311-C-840,i2311-C-840,17.3,0.0,0.0,0.0,10,0.6,0.0,0,17.3,0.0,0.0,0.0,0.0,0.0,2
2023-05-10 22:59:55,i2311-C-840,i2311-C-840,17.3,0.0,0.0,0.0,1,0.5,0.0,0,17.3,0.0,0.0,0.0,0.0,0.0,2
2023-05-11 09:00:16,i2311-C-840,i2311-C-840,17.3,0.0,0.0,0.0,10,0.6,0.0,0,17.3,0.0,0.0,0.0,0.0,0.0,2
2023-05-11 09:32:48,i2311-C-840,i2311-C-840,17.3,0.0,0.0,0.0,1,1.1,0.0,0,17.3,0.0,0.0,0.0,0.0,0.0,2
2023-05-11 09:32:48,i2311-C-840,i2311-C-840,17.3,0.0,0.0,0.0,10,1.2,0.0,0,17.3,0.0,0.0,0.0,0.0,0.0,2
2023-05-11 09:36:32,i2311-C-840,i2311-C-840,17.3,0.0,0.0,0.0,1,1.3,0.0,0,17.3,0.0,0.0,0.0,0.0,0.0,2
2023-05-11 09:36:32,i2311-C-840,i2311-C-840,17.3,0.0,0.0,0.0,10,1.4,0.0,0,17.3,0.0,0.0,0.0,0.0,0.0,2
2023-05-11 09:50:21,i2311-C-840,i2311-C-840,17.3,0.0,0.0,0.0,10,1.4,93.2,1,17.3,0.0,0.0,0.0,0.0,0.0,2
2023-05-11 09:50:21,i2311-C-840,i2311-C-840,17.3,0.0,0.0,0.0,10,1.4,93.1,10,17.3,0.0,0.0,0.0,0.0,0.0,2
2023-05-11 09:50:22,i2311-C-840,i2311-C-840,17.3,0.0,0.0,0.0,10,1.4,93.0,1,17.3,0.0,0.0,0.0,0.0,0.0,2
2023-05-11 09:50:22,i2311-C-840,i2311-C-840,17.3,0.0,0.0,0.0,10,1.4,92.9,10,17.3,0.0,0.0,0.0,0.0,0.0,2
2023-05-11 09:50:23,i2311-C-840,i2311-C-840,17.3,0.0,0.0,0.0,10,1.4,92.8,1,17.3,0.0,0.0,0.0,0.0,0.0,2
2023-05-11 09:50:24,i2311-C-840,i2311-C-840,17.3,0.0,0.0,0.0,10,1.4,92.7,10,17.3,0.0,0.0,0.0,0.0,0.0,2
2023-05-11 09:50:25,i2311-C-840,i2311-C-840,17.3,0.0,0.0,0.0,10,1.4,92.5,10,17.3,0.0,0.0,0.0,0.0,0.0,2
2023-05-11 09:50:26,i2311-C-840,i2311-C-840,17.3,0.0,0.0,0.0,10,1.4,92.4,1,17.3,0.0,0.0,0.0,0.0,0.0,2
2023-05-11 09:50:26,i2311-C-840,i2311-C-840,17.3,0.0,0.0,0.0,10,1.4,92.3,10,17.3,0.0,0.0,0.0,0.0,0.0,2
2023-05-11 09:50:27,i2311-C-840,i2311-C-840,17.3,0.0,0.0,0.0,10,1.4,92.2,1,17.3,0.0,0.0,0.0,0.0,0.0,2
2023-05-11 09:50:27,i2311-C-840,i2311-C-840,17.3,0.0,0.0,0.0,10,1.4,92.1,10,17.3,0.0,0.0,0.0,0.0,0.0,2
2023-05-11 09:50:28,i2311-C-840,i2311-C-840,17.3,0.0,0.0,0.0,10,1.4,92.0,1,17.3,0.0,0.0,0.0,0.0,0.0,2
2023-05-11 09:50:29,i2311-C-840,i2311-C-840,17.3,0.0,0.0,0.0,10,1.4,91.9,10,17.3,0.0,0.0,0.0,0.0,0.0,2
2023-05-11 09:50:30,i2311-C-840,i2311-C-840,17.3,0.0,0.0,0.0,10,1.4,91.8,1,17.3,0.0,0.0,0.0,0.0,0.0,2
2023-05-11 09:50:30,i2311-C-840,i2311-C-840,17.3,0.0,0.0,0.0,10,1.4,91.7,10,17.3,0.0,0.0,0.0,0.0,0.0,2
2023-05-11 09:50:31,i2311-C-840,i2311-C-840,17.3,0.0,0.0,0.0,10,1.4,91.6,1,17.3,0.0,0.0,0.0,0.0,0.0,2
2023-05-11 09:50:31,i2311-C-840,i2311-C-840,17.3,0.0,0.0,0.0,10,1.4,91.5,10,17.3,0.0,0.0,0.0,0.0,0.0,2
2023-05-11 09:50:32,i2311-C-840,i2311-C-840,17.3,0.0,0.0,0.0,10,1.4,91.4,1,17.3,0.0,0.0,0.0,0.0,0.0,2
2023-05-11 09:50:33,i2311-C-840,i2311-C-840,17.3,0.0,0.0,0.0,10,1.4,91.3,10,17.3,0.0,0.0,0.0,0.0,0.0,2
2023-05-11 09:50:34,i2311-C-840,i2311-C-840,17.3,0.0,0.0,0.0,10,1.4,91.2,1,17.3,0.0,0.0,0.0,0.0,0.0,2
2023-05-11 09:50:34,i2311-C-840,i2311-C-840,17.3,0.0,0.0,0.0,10,1.4,91.1,10,17.3,0.0,0.0,0.0,0.0,0.0,2
2023-05-11 09:50:35,i2311-C-840,i2311-C-840,17.3,0.0,0.0,0.0,10,1.4,91.0,1,17.3,0.0,0.0,0.0,0.0,0.0,2
2023-05-11 09:50:35,i2311-C-840,i2311-C-840,17.3,0.0,0.0,0.0,10,1.4,90.9,10,17.3,0.0,0.0,0.0,0.0,0.0,2
2023-05-11 09:50:36,i2311-C-840,i2311-C-840,17.3,0.0,0.0,0.0,10,1.4,90.8,1,17.3,0.0,0.0,0.0,0.0,0.0,2
2023-05-11 09:50:37,i2311-C-840,i2311-C-840,17.3,0.0,0.0,0.0,10,1.4,90.7,10,17.3,0.0,0.0,0.0,0.0,0.0,2
2023-05-11 09:50:38,i2311-C-840,i2311-C-840,17.3,0.0,0.0,0.0,10,1.4,90.6,1,17.3,0.0,0.0,0.0,0.0,0.0,2
2023-05-11 09:50:38,i2311-C-840,i2311-C-840,17.3,0.0,0.0,0.0,10,1.4,90.5,10,17.3,0.0,0.0,0.0,0.0,0.0,2
2023-05-11 09:50:39,i2311-C-840,i2311-C-840,17.3,0.0,0.0,0.0,10,1.4,90.4,1,17.3,0.0,0.0,0.0,0.0,0.0,2
2023-05-11 09:50:39,i2311-C-840,i2311-C-840,17.3,0.0,0.0,0.0,10,1.4,90.3,10,17.3,0.0,0.0,0.0,0.0,0.0,2
2023-05-11 09:50:41,i2311-C-840,i2311-C-840,17.3,0.0,0.0,0.0,10,1.4,90.2,1,17.3,0.0,0.0,0.0,0.0,0.0,2
2023-05-11 09:50:41,i2311-C-840,i2311-C-840,17.3,0.0,0.0,0.0,10,1.4,90.1,10,17.3,0.0,0.0,0.0,0.0,0.0,2
2023-05-11 09:50:42,i2311-C-840,i2311-C-840,17.3,0.0,0.0,0.0,10,1.4,90.0,1,17.3,0.0,0.0,0.0,0.0,0.0,2
2023-05-11 09:50:42,i2311-C-840,i2311-C-840,17.3,0.0,0.0,0.0,10,1.4,89.9,10,17.3,0.0,0.0,0.0,0.0,0.0,2
2023-05-11 09:50:44,i2311-C-840,i2311-C-840,17.3,0.0,0.0,0.0,10,1.4,89.8,1,17.3,0.0,0.0,0.0,0.0,0.0,2
2023-05-11 09:50:44,i2311-C-840,i2311-C-840,17.3,0.0,0.0,0.0,10,1.4,89.7,10,17.3,0.0,0.0,0.0,0.0,0.0,2
2023-05-11 09:50:45,i2311-C-840,i2311-C-840,17.3,0.0,0.0,0.0,10,1.4,89.6,1,17.3,0.0,0.0,0.0,0.0,0.0,2
2023-05-11 09:50:45,i2311-C-840,i2311-C-840,17.3,0.0,0.0,0.0,10,1.4,89.5,10,17.3,0.0,0.0,0.0,0.0,0.0,2
2023-05-11 09:50:47,i2311-C-840,i2311-C-840,17.3,0.0,0.0,0.0,10,1.4,89.4,1,17.3,0.0,0.0,0.0,0.0,0.0,2
2023-05-11 09:50:47,i2311-C-840,i2311-C-840,17.3,0.0,0.0,0.0,10,1.4,89.3,10,17.3,0.0,0.0,0.0,0.0,0.0,2
2023-05-11 09:50:48,i2311-C-840,i2311-C-840,17.3,0.0,0.0,0.0,10,1.4,89.2,1,17.3,0.0,0.0,0.0,0.0,0.0,2
2023-05-11 09:50:48,i2311-C-840,i2311-C-840,17.3,0.0,0.0,0.0,10,1.4,89.1,10,17.3,0.0,0.0,0.0,0.0,0.0,2
2023-05-11 09:50:49,i2311-C-840,i2311-C-840,17.3,0.0,0.0,0.0,10,1.4,89.0,1,17.3,0.0,0.0,0.0,0.0,0.0,2
2023-05-11 09:50:49,i2311-C-840,i2311-C-840,17.3,0.0,0.0,0.0,10,1.4,88.9,10,17.3,0.0,0.0,0.0,0.0,0.0,2
2023-05-11 09:50:51,i2311-C-840,i2311-C-840,17.3,0.0,0.0,0.0,10,1.4,88.8,1,17.3,0.0,0.0,0.0,0.0,0.0,2
2023-05-11 09:50:51,i2311-C-840,i2311-C-840,17.3,0.0,0.0,0.0,10,1.4,88.7,10,17.3,0.0,0.0,0.0,0.0,0.0,2
2023-05-11 09:50:52,i2311-C-840,i2311-C-840,17.3,0.0,0.0,0.0,10,1.4,88.6,1,17.3,0.0,0.0,0.0,0.0,0.0,2
2023-05-11 09:50:52,i2311-C-840,i2311-C-840,17.3,0.0,0.0,0.0,10,1.4,88.5,10,17.3,0.0,0.0,0.0,0.0,0.0,2
2023-05-11 09:50:53,i2311-C-840,i2311-C-840,17.3,0.0,0.0,0.0,10,1.4,88.4,1,17.3,0.0,0.0,0.0,0.0,0.0,2
2023-05-11 09:50:53,i2311-C-840,i2311-C-840,17.3,0.0,0.0,0.0,10,1.4,88.3,10,17.3,0.0,0.0,0.0,0.0,0.0,2
2023-05-11 09:50:54,i2311-C-840,i2311-C-840,17.3,0.0,0.0,0.0,10,1.4,88.2,1,17.3,0.0,0.0,0.0,0.0,0.0,2
2023-05-11 09:50:55,i2311-C-840,i2311-C-840,17.3,0.0,0.0,0.0,10,1.4,88.1,10,17.3,0.0,0.0,0.0,0.0,0.0,2
2023-05-11 09:50:56,i2311-C-840,i2311-C-840,17.3,0.0,0.0,0.0,10,1.4,88.0,1,17.3,0.0,0.0,0.0,0.0,0.0,2
2023-05-11 09:50:56,i2311-C-840,i2311-C-840,17.3,0.0,0.0,0.0,10,1.4,87.9,10,17.3,0.0,0.0,0.0,0.0,0.0,2
2023-05-11 09:50:57,i2311-C-840,i2311-C-840,17.3,0.0,0.0,0.0,10,1.4,87.8,1,17.3,0.0,0.0,0.0,0.0,0.0,2
2023-05-11 09:50:57,i2311-C-840,i2311-C-840,17.3,0.0,0.0,0.0,10,1.4,87.7,10,17.3,0.0,0.0,0.0,0.0,0.0,2
2023-05-11 09:50:58,i2311-C-840,i2311-C-840,17.3,0.0,0.0,0.0,10,1.4,87.6,1,17.3,0.0,0.0,0.0,0.0,0.0,2
2023-05-11 09:50:59,i2311-C-840,i2311-C-840,17.3,0.0,0.0,0.0,10,1.4,87.5,10,17.3,0.0,0.0,0.0,0.0,0.0,2
2023-05-11 09:51:00,i2311-C-840,i2311-C-840,17.3,0.0,0.0,0.0,10,1.4,87.4,1,17.3,0.0,0.0,0.0,0.0,0.0,2
2023-05-11 09:51:00,i2311-C-840,i2311-C-840,17.3,0.0,0.0,0.0,10,1.4,87.3,10,17.3,0.0,0.0,0.0,0.0,0.0,2
2023-05-11 09:51:01,i2311-C-840,i2311-C-840,17.3,0.0,0.0,0.0,10,1.4,87.2,1,17.3,0.0,0.0,0.0,0.0,0.0,2
2023-05-11 09:51:01,i2311-C-840,i2311-C-840,17.3,0.0,0.0,0.0,10,1.4,87.1,10,17.3,0.0,0.0,0.0,0.0,0.0,2
2023-05-11 09:51:02,i2311-C-840,i2311-C-840,17.3,0.0,0.0,0.0,10,1.4,87.0,1,17.3,0.0,0.0,0.0,0.0,0.0,2
2023-05-11 09:51:02,i2311-C-840,i2311-C-840,17.3,0.0,0.0,0.0,10,1.4,86.9,10,17.3,0.0,0.0,0.0,0.0,0.0,2
2023-05-11 09:51:04,i2311-C-840,i2311-C-840,17.3,0.0,0.0,0.0,10,1.4,86.8,1,17.3,0.0,0.0,0.0,0.0,0.0,2
2023-05-11 09:51:04,i2311-C-840,i2311-C-840,17.3,0.0,0.0,0.0,10,1.4,86.7,10,17.3,0.0,0.0,0.0,0.0,0.0,2
2023-05-11 09:51:05,i2311-C-840,i2311-C-840,17.3,0.0,0.0,0.0,10,1.4,86.6,1,17.3,0.0,0.0,0.0,0.0,0.0,2
2023-05-11 09:51:05,i2311-C-840,i2311-C-840,17.3,0.0,0.0,0.0,10,1.4,86.5,10,17.3,0.0,0.0,0.0,0.0,0.0,2
2023-05-11 09:51:07,i2311-C-840,i2311-C-840,17.3,0.0,0.0,0.0,10,1.4,86.4,1,17.3,0.0,0.0,0.0,0.0,0.0,2
2023-05-11 09:51:07,i2311-C-840,i2311-C-840,17.3,0.0,0.0,0.0,10,1.4,86.3,10,17.3,0.0,0.0,0.0,0.0,0.0,2
2023-05-11 09:51:08,i2311-C-840,i2311-C-840,17.3,0.0,0.0,0.0,10,1.4,86.2,1,17.3,0.0,0.0,0.0,0.0,0.0,2
2023-05-11 09:51:08,i2311-C-840,i2311-C-840,17.3,0.0,0.0,0.0,10,1.4,86.1,10,17.3,0.0,0.0,0.0,0.0,0.0,2
2023-05-11 09:51:09,i2311-C-840,i2311-C-840,17.3,0.0,0.0,0.0,10,1.4,86.0,1,17.3,0.0,0.0,0.0,0.0,0.0,2
2023-05-11 09:51:09,i2311-C-840,i2311-C-840,17.3,0.0,0.0,0.0,10,1.4,85.9,10,17.3,0.0,0.0,0.0,0.0,0.0,2
2023-05-11 09:51:11,i2311-C-840,i2311-C-840,17.3,0.0,0.0,0.0,10,1.4,85.8,1,17.3,0.0,0.0,0.0,0.0,0.0,2
2023-05-11 09:51:11,i2311-C-840,i2311-C-840,17.3,0.0,0.0,0.0,10,1.4,85.7,10,17.3,0.0,0.0,0.0,0.0,0.0,2
2023-05-11 09:51:12,i2311-C-840,i2311-C-840,17.3,0.0,0.0,0.0,10,1.4,85.6,1,17.3,0.0,0.0,0.0,0.0,0.0,2
2023-05-11 09:51:12,i2311-C-840,i2311-C-840,17.3,0.0,0.0,0.0,10,1.4,85.5,10,17.3,0.0,0.0,0.0,0.0,0.0,2
2023-05-11 09:51:13,i2311-C-840,i2311-C-840,17.3,0.0,0.0,0.0,10,1.4,85.4,1,17.3,0.0,0.0,0.0,0.0,0.0,2
2023-05-11 09:51:13,i2311-C-840,i2311-C-840,17.3,0.0,0.0,0.0,10,1.4,85.3,10,17.3,0.0,0.0,0.0,0.0,0.0,2
2023-05-11 09:51:14,i2311-C-840,i2311-C-840,17.3,0.0,0.0,0.0,10,1.4,85.2,1,17.3,0.0,0.0,0.0,0.0,0.0,2
2023-05-11 09:51:15,i2311-C-840,i2311-C-840,17.3,0.0,0.0,0.0,10,1.4,85.1,10,17.3,0.0,0.0,0.0,0.0,0.0,2
2023-05-11 09:51:16,i2311-C-840,i2311-C-840,17.3,0.0,0.0,0.0,10,1.4,85.0,1,17.3,0.0,0.0,0.0,0.0,0.0,2
2023-05-11 09:51:16,i2311-C-840,i2311-C-840,17.3,0.0,0.0,0.0,10,1.4,84.9,10,17.3,0.0,0.0,0.0,0.0,0.0,2
2023-05-11 09:51:17,i2311-C-840,i2311-C-840,17.3,0.0,0.0,0.0,10,1.4,84.8,1,17.3,0.0,0.0,0.0,0.0,0.0,2
2023-05-11 09:51:17,i2311-C-840,i2311-C-840,17.3,0.0,0.0,0.0,10,1.4,84.7,10,17.3,0.0,0.0,0.0,0.0,0.0,2
2023-05-11 09:51:18,i2311-C-840,i2311-C-840,17.3,0.0,0.0,0.0,10,1.4,84.6,1,17.3,0.0,0.0,0.0,0.0,0.0,2
2023-05-11 09:51:19,i2311-C-840,i2311-C-840,17.3,0.0,0.0,0.0,10,1.4,84.5,10,17.3,0.0,0.0,0.0,0.0,0.0,2
2023-05-11 09:51:20,i2311-C-840,i2311-C-840,17.3,0.0,0.0,0.0,10,1.4,84.4,1,17.3,0.0,0.0,0.0,0.0,0.0,2
2023-05-11 09:51:20,i2311-C-840,i2311-C-840,17.3,0.0,0.0,0.0,10,1.4,84.3,10,17.3,0.0,0.0,0.0,0.0,0.0,2
2023-05-11 09:51:21,i2311-C-840,i2311-C-840,17.3,0.0,0.0,0.0,10,1.4,84.2,1,17.3,0.0,0.0,0.0,0.0,0.0,2
2023-05-11 09:51:21,i2311-C-840,i2311-C-840,17.3,0.0,0.0,0.0,10,1.4,84.1,10,17.3,0.0,0.0,0.0,0.0,0.0,2
2023-05-11 09:51:22,i2311-C-840,i2311-C-840,17.3,0.0,0.0,0.0,10,1.4,84.0,1,17.3,0.0,0.0,0.0,0.0,0.0,2
2023-05-11 09:51:23,i2311-C-840,i2311-C-840,17.3,0.0,0.0,0.0,10,1.4,83.9,10,17.3,0.0,0.0,0.0,0.0,0.0,2
2023-05-11 09:51:24,i2311-C-840,i2311-C-840,17.3,0.0,0.0,0.0,10,1.4,83.8,1,17.3,0.0,0.0,0.0,0.0,0.0,2
2023-05-11 09:51:24,i2311-C-840,i2311-C-840,17.3,0.0,0.0,0.0,10,1.4,83.7,10,17.3,0.0,0.0,0.0,0.0,0.0,2
2023-05-11 09:51:25,i2311-C-840,i2311-C-840,17.3,0.0,0.0,0.0,10,1.4,83.5,10,17.3,0.0,0.0,0.0,0.0,0.0,2
2023-05-11 10:14:32,i2311-C-840,i2311-C-840,17.3,0.0,0.0,0.0,1,1.3,0.0,0,17.3,0.0,0.0,0.0,0.0,0.0,2
2023-05-11 10:30:06,i2311-C-840,i2311-C-840,17.3,0.0,0.0,0.0,10,1.4,0.0,0,17.3,0.0,0.0,0.0,0.0,0.0,2
2023-05-11 11:05:23,i2311-C-840,i2311-C-840,17.3,0.0,0.0,0.0,1,1.3,0.0,0,17.3,0.0,0.0,0.0,0.0,0.0,2
2023-05-11 11:07:18,i2311-C-840,i2311-C-840,17.3,0.0,0.0,0.0,10,1.4,0.0,0,17.3,0.0,0.0,0.0,0.0,0.0,2
2023-05-11 11:10:17,i2311-C-840,i2311-C-840,17.3,0.0,0.0,0.0,1,1.3,0.0,0,17.3,0.0,0.0,0.0,0.0,0.0,2
2023-05-11 11:11:32,i2311-C-840,i2311-C-840,17.3,0.0,0.0,0.0,10,1.4,0.0,0,17.3,0.0,0.0,0.0,0.0,0.0,2
2023-05-11 11:20:41,i2311-C-840,i2311-C-840,17.3,0.0,0.0,0.0,10,1.4,93.1,10,17.3,0.0,0.0,0.0,0.0,0.0,2
2023-05-11 11:20:42,i2311-C-840,i2311-C-840,17.3,0.0,0.0,0.0,10,1.4,93.0,1,17.3,0.0,0.0,0.0,0.0,0.0,2
2023-05-11 11:20:42,i2311-C-840,i2311-C-840,17.3,0.0,0.0,0.0,10,1.4,92.9,10,17.3,0.0,0.0,0.0,0.0,0.0,2
2023-05-11 11:20:44,i2311-C-840,i2311-C-840,17.3,0.0,0.0,0.0,10,1.4,92.8,1,17.3,0.0,0.0,0.0,0.0,0.0,2
2023-05-11 11:20:44,i2311-C-840,i2311-C-840,17.3,0.0,0.0,0.0,10,1.4,92.7,10,17.3,0.0,0.0,0.0,0.0,0.0,2
2023-05-11 11:20:45,i2311-C-840,i2311-C-840,17.3,0.0,0.0,0.0,10,1.4,92.6,1,17.3,0.0,0.0,0.0,0.0,0.0,2
2023-05-11 11:20:45,i2311-C-840,i2311-C-840,17.3,0.0,0.0,0.0,10,1.4,92.5,10,17.3,0.0,0.0,0.0,0.0,0.0,2
2023-05-11 11:20:46,i2311-C-840,i2311-C-840,17.3,0.0,0.0,0.0,10,1.4,92.4,1,17.3,0.0,0.0,0.0,0.0,0.0,2
2023-05-11 11:20:46,i2311-C-840,i2311-C-840,17.3,0.0,0.0,0.0,10,1.4,92.3,10,17.3,0.0,0.0,0.0,0.0,0.0,2
2023-05-11 11:20:47,i2311-C-840,i2311-C-840,17.3,0.0,0.0,0.0,10,1.4,92.2,1,17.3,0.0,0.0,0.0,0.0,0.0,2
2023-05-11 11:20:48,i2311-C-840,i2311-C-840,17.3,0.0,0.0,0.0,10,1.4,92.1,10,17.3,0.0,0.0,0.0,0.0,0.0,2
2023-05-11 11:20:49,i2311-C-840,i2311-C-840,17.3,0.0,0.0,0.0,10,1.4,92.0,1,17.3,0.0,0.0,0.0,0.0,0.0,2
2023-05-11 11:20:49,i2311-C-840,i2311-C-840,17.3,0.0,0.0,0.0,10,1.4,91.9,10,17.3,0.0,0.0,0.0,0.0,0.0,2
2023-05-11 11:20:50,i2311-C-840,i2311-C-840,17.3,0.0,0.0,0.0,10,1.4,91.8,1,17.3,0.0,0.0,0.0,0.0,0.0,2
2023-05-11 11:20:50,i2311-C-840,i2311-C-840,17.3,0.0,0.0,0.0,10,1.4,91.7,10,17.3,0.0,0.0,0.0,0.0,0.0,2
2023-05-11 11:20:52,i2311-C-840,i2311-C-840,17.3,0.0,0.0,0.0,10,1.4,91.6,1,17.3,0.0,0.0,0.0,0.0,0.0,2
2023-05-11 11:20:52,i2311-C-840,i2311-C-840,17.3,0.0,0.0,0.0,10,1.4,91.5,10,17.3,0.0,0.0,0.0,0.0,0.0,2
2023-05-11 11:20:53,i2311-C-840,i2311-C-840,17.3,0.0,0.0,0.0,10,1.4,91.4,1,17.3,0.0,0.0,0.0,0.0,0.0,2
2023-05-11 11:20:53,i2311-C-840,i2311-C-840,17.3,0.0,0.0,0.0,10,1.4,91.3,10,17.3,0.0,0.0,0.0,0.0,0.0,2
2023-05-11 11:20:55,i2311-C-840,i2311-C-840,17.3,0.0,0.0,0.0,10,1.4,91.2,1,17.3,0.0,0.0,0.0,0.0,0.0,2
2023-05-11 11:20:56,i2311-C-840,i2311-C-840,17.3,0.0,0.0,0.0,10,1.4,91.1,10,17.3,0.0,0.0,0.0,0.0,0.0,2
2023-05-11 11:20:58,i2311-C-840,i2311-C-840,17.3,0.0,0.0,0.0,10,1.4,91.0,1,17.3,0.0,0.0,0.0,0.0,0.0,2
2023-05-11 11:20:58,i2311-C-840,i2311-C-840,17.3,0.0,0.0,0.0,10,1.4,90.9,10,17.3,0.0,0.0,0.0,0.0,0.0,2
2023-05-11 11:20:59,i2311-C-840,i2311-C-840,17.3,0.0,0.0,0.0,10,1.4,90.8,1,17.3,0.0,0.0,0.0,0.0,0.0,2
2023-05-11 11:20:59,i2311-C-840,i2311-C-840,17.3,0.0,0.0,0.0,10,1.4,90.7,10,17.3,0.0,0.0,0.0,0.0,0.0,2
2023-05-11 11:21:00,i2311-C-840,i2311-C-840,17.3,0.0,0.0,0.0,10,1.4,90.6,1,17.3,0.0,0.0,0.0,0.0,0.0,2
2023-05-11 11:21:00,i2311-C-840,i2311-C-840,17.3,0.0,0.0,0.0,10,1.4,90.5,10,17.3,0.0,0.0,0.0,0.0,0.0,2
2023-05-11 11:21:02,i2311-C-840,i2311-C-840,17.3,0.0,0.0,0.0,10,1.4,90.4,1,17.3,0.0,0.0,0.0,0.0,0.0,2
2023-05-11 11:21:03,i2311-C-840,i2311-C-840,17.3,0.0,0.0,0.0,10,1.4,90.3,10,17.3,0.0,0.0,0.0,0.0,0.0,2
2023-05-11 11:21:04,i2311-C-840,i2311-C-840,17.3,0.0,0.0,0.0,10,1.4,90.2,1,17.3,0.0,0.0,0.0,0.0,0.0,2
2023-05-11 11:21:04,i2311-C-840,i2311-C-840,17.3,0.0,0.0,0.0,10,1.4,90.1,10,17.3,0.0,0.0,0.0,0.0,0.0,2
2023-05-11 11:21:05,i2311-C-840,i2311-C-840,17.3,0.0,0.0,0.0,10,1.4,90.0,1,17.3,0.0,0.0,0.0,0.0,0.0,2
2023-05-11 11:21:05,i2311-C-840,i2311-C-840,17.3,0.0,0.0,0.0,10,1.4,89.9,10,17.3,0.0,0.0,0.0,0.0,0.0,2
2023-05-11 11:21:06,i2311-C-840,i2311-C-840,17.3,0.0,0.0,0.0,10,1.4,89.8,1,17.3,0.0,0.0,0.0,0.0,0.0,2
2023-05-11 11:21:06,i2311-C-840,i2311-C-840,17.3,0.0,0.0,0.0,10,1.4,89.7,10,17.3,0.0,0.0,0.0,0.0,0.0,2
2023-05-11 11:21:08,i2311-C-840,i2311-C-840,17.3,0.0,0.0,0.0,10,1.4,89.6,1,17.3,0.0,0.0,0.0,0.0,0.0,2
2023-05-11 11:21:08,i2311-C-840,i2311-C-840,17.3,0.0,0.0,0.0,10,1.4,89.5,10,17.3,0.0,0.0,0.0,0.0,0.0,2
2023-05-11 11:21:11,i2311-C-840,i2311-C-840,17.3,0.0,0.0,0.0,10,1.4,89.4,1,17.3,0.0,0.0,0.0,0.0,0.0,2
2023-05-11 11:21:11,i2311-C-840,i2311-C-840,17.3,0.0,0.0,0.0,10,1.4,89.3,10,17.3,0.0,0.0,0.0,0.0,0.0,2
2023-05-11 11:21:13,i2311-C-840,i2311-C-840,17.3,0.0,0.0,0.0,10,1.4,89.2,1,17.3,0.0,0.0,0.0,0.0,0.0,2
2023-05-11 11:21:13,i2311-C-840,i2311-C-840,17.3,0.0,0.0,0.0,10,1.4,89.1,10,17.3,0.0,0.0,0.0,0.0,0.0,2
2023-05-11 11:21:14,i2311-C-840,i2311-C-840,17.3,0.0,0.0,0.0,10,1.4,89.0,1,17.3,0.0,0.0,0.0,0.0,0.0,2
2023-05-11 11:21:14,i2311-C-840,i2311-C-840,17.3,0.0,0.0,0.0,10,1.4,88.9,10,17.3,0.0,0.0,0.0,0.0,0.0,2
2023-05-11 11:21:15,i2311-C-840,i2311-C-840,17.3,0.0,0.0,0.0,10,1.4,88.8,1,17.3,0.0,0.0,0.0,0.0,0.0,2
2023-05-11 11:21:16,i2311-C-840,i2311-C-840,17.3,0.0,0.0,0.0,10,1.4,88.7,10,17.3,0.0,0.0,0.0,0.0,0.0,2
2023-05-11 11:21:17,i2311-C-840,i2311-C-840,17.3,0.0,0.0,0.0,10,1.4,88.6,1,17.3,0.0,0.0,0.0,0.0,0.0,2
2023-05-11 11:21:17,i2311-C-840,i2311-C-840,17.3,0.0,0.0,0.0,10,1.4,88.5,10,17.3,0.0,0.0,0.0,0.0,0.0,2
2023-05-11 11:21:18,i2311-C-840,i2311-C-840,17.3,0.0,0.0,0.0,10,1.4,88.4,1,17.3,0.0,0.0,0.0,0.0,0.0,2
2023-05-11 11:21:18,i2311-C-840,i2311-C-840,17.3,0.0,0.0,0.0,10,1.4,88.3,10,17.3,0.0,0.0,0.0,0.0,0.0,2
2023-05-11 11:21:19,i2311-C-840,i2311-C-840,17.3,0.0,0.0,0.0,10,1.4,88.2,1,17.3,0.0,0.0,0.0,0.0,0.0,2
2023-05-11 11:21:20,i2311-C-840,i2311-C-840,17.3,0.0,0.0,0.0,10,1.4,88.1,10,17.3,0.0,0.0,0.0,0.0,0.0,2
2023-05-11 11:21:21,i2311-C-840,i2311-C-840,17.3,0.0,0.0,0.0,10,1.4,88.0,1,17.3,0.0,0.0,0.0,0.0,0.0,2
2023-05-11 11:21:21,i2311-C-840,i2311-C-840,17.3,0.0,0.0,0.0,10,1.4,87.9,10,17.3,0.0,0.0,0.0,0.0,0.0,2
2023-05-11 11:21:22,i2311-C-840,i2311-C-840,17.3,0.0,0.0,0.0,10,1.4,87.8,1,17.3,0.0,0.0,0.0,0.0,0.0,2
2023-05-11 11:21:22,i2311-C-840,i2311-C-840,17.3,0.0,0.0,0.0,10,1.4,87.7,10,17.3,0.0,0.0,0.0,0.0,0.0,2
2023-05-11 11:21:23,i2311-C-840,i2311-C-840,17.3,0.0,0.0,0.0,10,1.4,87.6,1,17.3,0.0,0.0,0.0,0.0,0.0,2
2023-05-11 11:21:24,i2311-C-840,i2311-C-840,17.3,0.0,0.0,0.0,10,1.4,87.5,10,17.3,0.0,0.0,0.0,0.0,0.0,2
2023-05-11 11:21:25,i2311-C-840,i2311-C-840,17.3,0.0,0.0,0.0,10,1.4,87.4,1,17.3,0.0,0.0,0.0,0.0,0.0,2
2023-05-11 11:21:25,i2311-C-840,i2311-C-840,17.3,0.0,0.0,0.0,10,1.4,87.3,10,17.3,0.0,0.0,0.0,0.0,0.0,2
2023-05-11 11:21:26,i2311-C-840,i2311-C-840,17.3,0.0,0.0,0.0,10,1.4,87.2,1,17.3,0.0,0.0,0.0,0.0,0.0,2
2023-05-11 11:21:26,i2311-C-840,i2311-C-840,17.3,0.0,0.0,0.0,10,1.4,87.1,10,17.3,0.0,0.0,0.0,0.0,0.0,2
2023-05-11 11:21:27,i2311-C-840,i2311-C-840,17.3,0.0,0.0,0.0,10,1.4,87.0,1,17.3,0.0,0.0,0.0,0.0,0.0,2
2023-05-11 11:21:28,i2311-C-840,i2311-C-840,17.3,0.0,0.0,0.0,10,1.4,86.9,10,17.3,0.0,0.0,0.0,0.0,0.0,2
2023-05-11 11:21:29,i2311-C-840,i2311-C-840,17.3,0.0,0.0,0.0,10,1.4,86.8,1,17.3,0.0,0.0,0.0,0.0,0.0,2
2023-05-11 11:21:29,i2311-C-840,i2311-C-840,17.3,0.0,0.0,0.0,10,1.4,86.7,10,17.3,0.0,0.0,0.0,0.0,0.0,2
2023-05-11 11:21:30,i2311-C-840,i2311-C-840,17.3,0.0,0.0,0.0,10,1.4,86.6,1,17.3,0.0,0.0,0.0,0.0,0.0,2
2023-05-11 11:21:30,i2311-C-840,i2311-C-840,17.3,0.0,0.0,0.0,10,1.4,86.5,10,17.3,0.0,0.0,0.0,0.0,0.0,2
2023-05-11 11:21:32,i2311-C-840,i2311-C-840,17.3,0.0,0.0,0.0,10,1.4,86.4,1,17.3,0.0,0.0,0.0,0.0,0.0,2
2023-05-11 11:21:32,i2311-C-840,i2311-C-840,17.3,0.0,0.0,0.0,10,1.4,86.3,10,17.3,0.0,0.0,0.0,0.0,0.0,2
2023-05-11 11:21:33,i2311-C-840,i2311-C-840,17.3,0.0,0.0,0.0,10,1.4,86.2,1,17.3,0.0,0.0,0.0,0.0,0.0,2
2023-05-11 11:21:33,i2311-C-840,i2311-C-840,17.3,0.0,0.0,0.0,10,1.4,86.1,10,17.3,0.0,0.0,0.0,0.0,0.0,2
2023-05-11 11:21:34,i2311-C-840,i2311-C-840,17.3,0.0,0.0,0.0,10,1.4,86.0,1,17.3,0.0,0.0,0.0,0.0,0.0,2
2023-05-11 11:21:34,i2311-C-840,i2311-C-840,17.3,0.0,0.0,0.0,10,1.4,85.9,10,17.3,0.0,0.0,0.0,0.0,0.0,2
2023-05-11 11:21:36,i2311-C-840,i2311-C-840,17.3,0.0,0.0,0.0,10,1.4,85.8,1,17.3,0.0,0.0,0.0,0.0,0.0,2
2023-05-11 11:21:36,i2311-C-840,i2311-C-840,17.3,0.0,0.0,0.0,10,1.4,85.7,10,17.3,0.0,0.0,0.0,0.0,0.0,2
2023-05-11 11:21:37,i2311-C-840,i2311-C-840,17.3,0.0,0.0,0.0,10,1.4,85.6,1,17.3,0.0,0.0,0.0,0.0,0.0,2
2023-05-11 11:21:37,i2311-C-840,i2311-C-840,17.3,0.0,0.0,0.0,10,1.4,85.5,10,17.3,0.0,0.0,0.0,0.0,0.0,2
2023-05-11 11:21:38,i2311-C-840,i2311-C-840,17.3,0.0,0.0,0.0,10,1.4,85.4,1,17.3,0.0,0.0,0.0,0.0,0.0,2
2023-05-11 11:21:38,i2311-C-840,i2311-C-840,17.3,0.0,0.0,0.0,10,1.4,85.3,10,17.3,0.0,0.0,0.0,0.0,0.0,2
2023-05-11 11:21:40,i2311-C-840,i2311-C-840,17.3,0.0,0.0,0.0,10,1.4,85.2,1,17.3,0.0,0.0,0.0,0.0,0.0,2
2023-05-11 11:21:40,i2311-C-840,i2311-C-840,17.3,0.0,0.0,0.0,10,1.4,85.1,10,17.3,0.0,0.0,0.0,0.0,0.0,2
2023-05-11 11:21:41,i2311-C-840,i2311-C-840,17.3,0.0,0.0,0.0,10,1.4,85.0,1,17.3,0.0,0.0,0.0,0.0,0.0,2
2023-05-11 11:21:41,i2311-C-840,i2311-C-840,17.3,0.0,0.0,0.0,10,1.4,84.9,10,17.3,0.0,0.0,0.0,0.0,0.0,2
2023-05-11 11:21:42,i2311-C-840,i2311-C-840,17.3,0.0,0.0,0.0,10,1.4,84.8,1,17.3,0.0,0.0,0.0,0.0,0.0,2
2023-05-11 11:21:42,i2311-C-840,i2311-C-840,17.3,0.0,0.0,0.0,10,1.4,84.7,10,17.3,0.0,0.0,0.0,0.0,0.0,2
2023-05-11 11:21:44,i2311-C-840,i2311-C-840,17.3,0.0,0.0,0.0,10,1.4,84.6,1,17.3,0.0,0.0,0.0,0.0,0.0,2
2023-05-11 11:21:44,i2311-C-840,i2311-C-840,17.3,0.0,0.0,0.0,10,1.4,84.5,10,17.3,0.0,0.0,0.0,0.0,0.0,2
2023-05-11 11:21:45,i2311-C-840,i2311-C-840,17.3,0.0,0.0,0.0,10,1.4,84.4,1,17.3,0.0,0.0,0.0,0.0,0.0,2
2023-05-11 11:21:45,i2311-C-840,i2311-C-840,17.3,0.0,0.0,0.0,10,1.4,84.3,10,17.3,0.0,0.0,0.0,0.0,0.0,2
2023-05-11 11:21:46,i2311-C-840,i2311-C-840,17.3,0.0,0.0,0.0,10,1.4,84.2,1,17.3,0.0,0.0,0.0,0.0,0.0,2
2023-05-11 11:21:47,i2311-C-840,i2311-C-840,17.3,0.0,0.0,0.0,10,1.4,84.1,10,17.3,0.0,0.0,0.0,0.0,0.0,2
2023-05-11 11:21:48,i2311-C-840,i2311-C-840,17.3,0.0,0.0,0.0,10,1.4,84.0,1,17.3,0.0,0.0,0.0,0.0,0.0,2
2023-05-11 11:21:48,i2311-C-840,i2311-C-840,17.3,0.0,0.0,0.0,10,1.4,83.9,10,17.3,0.0,0.0,0.0,0.0,0.0,2
2023-05-11 11:21:49,i2311-C-840,i2311-C-840,17.3,0.0,0.0,0.0,10,1.4,83.8,1,17.3,0.0,0.0,0.0,0.0,0.0,2
2023-05-11 11:21:49,i2311-C-840,i2311-C-840,17.3,0.0,0.0,0.0,10,1.4,83.7,10,17.3,0.0,0.0,0.0,0.0,0.0,2
2023-05-11 11:21:50,i2311-C-840,i2311-C-840,17.3,0.0,0.0,0.0,10,1.4,83.6,1,17.3,0.0,0.0,0.0,0.0,0.0,2
2023-05-11 11:21:51,i2311-C-840,i2311-C-840,17.3,0.0,0.0,0.0,10,1.4,83.5,10,17.3,0.0,0.0,0.0,0.0,0.0,2
2023-05-11 11:29:32,i2311-C-840,i2311-C-840,17.3,0.0,0.0,0.0,1,1.3,0.0,0,17.3,0.0,0.0,0.0,0.0,0.0,2
2023-05-11 13:30:14,i2311-C-840,i2311-C-840,17.3,0.0,0.0,0.0,10,1.4,0.0,0,17.3,0.0,0.0,0.0,0.0,0.0,2
2023-05-11 13:38:17,i2311-C-840,i2311-C-840,17.3,0.0,0.0,0.0,1,7.2,11.2,1,17.3,0.0,0.0,0.0,0.0,0.0,2
2023-05-11 13:38:18,i2311-C-840,i2311-C-840,17.3,0.0,0.0,0.0,2,7.2,11.2,2,17.3,0.0,0.0,0.0,0.0,0.0,2
2023-05-11 13:38:22,i2311-C-840,i2311-C-840,17.3,0.0,0.0,0.0,2,7.2,10.9,1,17.3,0.0,0.0,0.0,0.0,0.0,2
2023-05-11 13:38:23,i2311-C-840,i2311-C-840,17.3,0.0,0.0,0.0,1,7.7,9.5,1,17.3,0.0,0.0,0.0,0.0,0.0,2
2023-05-11 13:38:34,i2311-C-840,i2311-C-840,17.3,0.0,0.0,0.0,1,7.6,10.5,1,17.3,0.0,0.0,0.0,0.0,0.0,2
2023-05-11 13:38:35,i2311-C-840,i2311-C-840,17.3,0.0,0.0,0.0,1,7.6,9.9,1,17.3,0.0,0.0,0.0,0.0,0.0,2
2023-05-11 13:38:37,i2311-C-840,i2311-C-840,17.3,0.0,0.0,0.0,1,5.9,9.9,1,17.3,0.0,0.0,0.0,0.0,0.0,2
2023-05-11 13:38:38,i2311-C-840,i2311-C-840,17.3,0.0,0.0,0.0,2,6.0,9.9,1,17.3,0.0,0.0,0.0,0.0,0.0,2
2023-05-11 13:38:43,i2311-C-840,i2311-C-840,17.3,0.0,0.0,0.0,1,5.9,9.9,1,17.3,0.0,0.0,0.0,0.0,0.0,2
2023-05-11 13:38:47,i2311-C-840,i2311-C-840,17.3,0.0,0.0,0.0,10,1.4,0.0,0,17.3,0.0,0.0,0.0,0.0,0.0,2
2023-05-11 14:23:11,i2311-C-840,i2311-C-840,17.3,0.0,0.0,0.0,1,1.3,0.0,0,17.3,0.0,0.0,0.0,0.0,0.0,2
2023-05-11 14:23:51,i2311-C-840,i2311-C-840,17.3,0.0,0.0,0.0,10,1.4,0.0,0,17.3,0.0,0.0,0.0,0.0,0.0,2
2023-05-11 14:39:15,i2311-C-840,i2311-C-840,17.3,0.0,0.0,0.0,1,1.3,0.0,0,17.3,0.0,0.0,0.0,0.0,0.0,2
2023-05-11 14:46:52,i2311-C-840,i2311-C-840,17.3,0.0,0.0,0.0,10,1.4,0.0,0,17.3,0.0,0.0,0.0,0.0,0.0,2
2023-05-11 14:58:49,i2311-C-840,i2311-C-840,17.3,0.0,0.0,0.0,1,1.3,0.0,0,17.3,0.0,0.0,0.0,0.0,0.0,2
2023-05-11 14:59:02,i2311-C-840,i2311-C-840,17.3,0.0,0.0,0.0,10,1.4,0.0,0,17.3,0.0,0.0,0.0,0.0,0.0,2
2023-05-11 14:59:54,i2311-C-840,i2311-C-840,17.3,0.0,0.0,0.0,1,1.3,0.0,0,17.3,0.0,0.0,0.0,0.0,0.0,2
2023-05-11 15:01:10,i2311-C-840,i2311-C-840,17.3,0.0,0.0,0.0,1,1.3,0.0,0,17.3,0.0,0.0,0.0,0.0,0.0,2
