time,symbol_id,symbol_name,last,trade_volume,trade_amount,open_interest_change,bv1,bp1,ap1,av1,yesterday_close,today_open,today_high,today_low,volume,amount,open_interest
2023-05-10 20:55:35,i2311-C-960,i2311-C-960,5.3,0.0,0.0,0.0,1,0.1,0.0,0,5.3,2.7,0.0,0.0,0.0,0.0,4
2023-05-10 21:00:05,i2311-C-960,i2311-C-960,5.3,0.0,0.0,0.0,10,0.2,0.0,0,5.3,2.7,0.0,0.0,0.0,0.0,4
2023-05-10 21:04:54,i2311-C-960,i2311-C-960,5.3,0.0,0.0,0.0,1,0.3,0.0,0,5.3,2.7,0.0,0.0,0.0,0.0,4
2023-05-10 21:04:54,i2311-C-960,i2311-C-960,5.3,0.0,0.0,0.0,10,0.4,0.0,0,5.3,2.7,0.0,0.0,0.0,0.0,4
2023-05-10 21:18:26,i2311-C-960,i2311-C-960,5.3,0.0,0.0,0.0,10,0.4,81.1,10,5.3,2.7,0.0,0.0,0.0,0.0,4
2023-05-10 21:18:36,i2311-C-960,i2311-C-960,5.3,0.0,0.0,0.0,10,0.4,81.0,1,5.3,2.7,0.0,0.0,0.0,0.0,4
2023-05-10 21:18:37,i2311-C-960,i2311-C-960,5.3,0.0,0.0,0.0,10,0.4,80.9,10,5.3,2.7,0.0,0.0,0.0,0.0,4
2023-05-10 21:18:59,i2311-C-960,i2311-C-960,5.3,0.0,0.0,0.0,10,0.4,80.8,1,5.3,2.7,0.0,0.0,0.0,0.0,4
2023-05-10 21:18:59,i2311-C-960,i2311-C-960,5.3,0.0,0.0,0.0,10,0.4,80.7,10,5.3,2.7,0.0,0.0,0.0,0.0,4
2023-05-10 21:19:10,i2311-C-960,i2311-C-960,5.3,0.0,0.0,0.0,10,0.4,80.6,1,5.3,2.7,0.0,0.0,0.0,0.0,4
2023-05-10 21:19:11,i2311-C-960,i2311-C-960,5.3,0.0,0.0,0.0,10,0.4,80.5,10,5.3,2.7,0.0,0.0,0.0,0.0,4
2023-05-10 21:19:17,i2311-C-960,i2311-C-960,5.3,0.0,0.0,0.0,10,0.4,80.4,1,5.3,2.7,0.0,0.0,0.0,0.0,4
2023-05-10 21:19:17,i2311-C-960,i2311-C-960,5.3,0.0,0.0,0.0,10,0.4,80.3,10,5.3,2.7,0.0,0.0,0.0,0.0,4
2023-05-10 21:19:26,i2311-C-960,i2311-C-960,5.3,0.0,0.0,0.0,10,0.4,80.2,1,5.3,2.7,0.0,0.0,0.0,0.0,4
2023-05-10 21:19:26,i2311-C-960,i2311-C-960,5.3,0.0,0.0,0.0,10,0.4,80.1,10,5.3,2.7,0.0,0.0,0.0,0.0,4
2023-05-10 21:19:32,i2311-C-960,i2311-C-960,5.3,0.0,0.0,0.0,10,0.4,80.0,1,5.3,2.7,0.0,0.0,0.0,0.0,4
2023-05-10 21:19:32,i2311-C-960,i2311-C-960,5.3,0.0,0.0,0.0,10,0.4,79.9,10,5.3,2.7,0.0,0.0,0.0,0.0,4
2023-05-10 21:19:42,i2311-C-960,i2311-C-960,5.3,0.0,0.0,0.0,10,0.4,79.8,1,5.3,2.7,0.0,0.0,0.0,0.0,4
2023-05-10 21:19:42,i2311-C-960,i2311-C-960,5.3,0.0,0.0,0.0,10,0.4,79.7,10,5.3,2.7,0.0,0.0,0.0,0.0,4
2023-05-10 21:19:45,i2311-C-960,i2311-C-960,5.3,0.0,0.0,0.0,10,0.4,79.6,1,5.3,2.7,0.0,0.0,0.0,0.0,4
2023-05-10 21:19:45,i2311-C-960,i2311-C-960,5.3,0.0,0.0,0.0,10,0.4,79.5,10,5.3,2.7,0.0,0.0,0.0,0.0,4
2023-05-10 21:19:50,i2311-C-960,i2311-C-960,5.3,0.0,0.0,0.0,10,0.4,79.4,1,5.3,2.7,0.0,0.0,0.0,0.0,4
2023-05-10 21:19:50,i2311-C-960,i2311-C-960,5.3,0.0,0.0,0.0,10,0.4,79.3,10,5.3,2.7,0.0,0.0,0.0,0.0,4
2023-05-10 21:19:56,i2311-C-960,i2311-C-960,5.3,0.0,0.0,0.0,10,0.4,79.2,1,5.3,2.7,0.0,0.0,0.0,0.0,4
2023-05-10 21:19:56,i2311-C-960,i2311-C-960,5.3,0.0,0.0,0.0,10,0.4,79.1,10,5.3,2.7,0.0,0.0,0.0,0.0,4
2023-05-10 21:20:05,i2311-C-960,i2311-C-960,5.3,0.0,0.0,0.0,10,0.4,79.0,1,5.3,2.7,0.0,0.0,0.0,0.0,4
2023-05-10 21:20:05,i2311-C-960,i2311-C-960,5.3,0.0,0.0,0.0,10,0.4,78.9,10,5.3,2.7,0.0,0.0,0.0,0.0,4
2023-05-10 21:20:18,i2311-C-960,i2311-C-960,5.3,0.0,0.0,0.0,10,0.4,78.8,1,5.3,2.7,0.0,0.0,0.0,0.0,4
2023-05-10 21:20:19,i2311-C-960,i2311-C-960,5.3,0.0,0.0,0.0,10,0.4,78.7,10,5.3,2.7,0.0,0.0,0.0,0.0,4
2023-05-10 21:20:21,i2311-C-960,i2311-C-960,5.3,0.0,0.0,0.0,10,0.4,78.6,1,5.3,2.7,0.0,0.0,0.0,0.0,4
2023-05-10 21:20:22,i2311-C-960,i2311-C-960,5.3,0.0,0.0,0.0,10,0.4,78.5,10,5.3,2.7,0.0,0.0,0.0,0.0,4
2023-05-10 21:20:29,i2311-C-960,i2311-C-960,5.3,0.0,0.0,0.0,10,0.4,78.4,1,5.3,2.7,0.0,0.0,0.0,0.0,4
2023-05-10 21:20:29,i2311-C-960,i2311-C-960,5.3,0.0,0.0,0.0,10,0.4,78.3,10,5.3,2.7,0.0,0.0,0.0,0.0,4
2023-05-10 21:21:04,i2311-C-960,i2311-C-960,5.3,0.0,0.0,0.0,10,0.4,78.2,1,5.3,2.7,0.0,0.0,0.0,0.0,4
2023-05-10 21:21:04,i2311-C-960,i2311-C-960,5.3,0.0,0.0,0.0,10,0.4,78.1,10,5.3,2.7,0.0,0.0,0.0,0.0,4
2023-05-10 21:21:07,i2311-C-960,i2311-C-960,5.3,0.0,0.0,0.0,10,0.4,78.0,1,5.3,2.7,0.0,0.0,0.0,0.0,4
2023-05-10 21:21:08,i2311-C-960,i2311-C-960,5.3,0.0,0.0,0.0,10,0.4,77.9,10,5.3,2.7,0.0,0.0,0.0,0.0,4
2023-05-10 21:21:13,i2311-C-960,i2311-C-960,5.3,0.0,0.0,0.0,10,0.4,77.8,1,5.3,2.7,0.0,0.0,0.0,0.0,4
2023-05-10 21:21:13,i2311-C-960,i2311-C-960,5.3,0.0,0.0,0.0,10,0.4,77.7,10,5.3,2.7,0.0,0.0,0.0,0.0,4
2023-05-10 21:22:34,i2311-C-960,i2311-C-960,5.3,0.0,0.0,0.0,10,0.4,77.6,1,5.3,2.7,0.0,0.0,0.0,0.0,4
2023-05-10 21:22:34,i2311-C-960,i2311-C-960,5.3,0.0,0.0,0.0,10,0.4,77.5,10,5.3,2.7,0.0,0.0,0.0,0.0,4
2023-05-10 21:22:48,i2311-C-960,i2311-C-960,5.3,0.0,0.0,0.0,10,0.4,77.4,1,5.3,2.7,0.0,0.0,0.0,0.0,4
2023-05-10 21:22:48,i2311-C-960,i2311-C-960,5.3,0.0,0.0,0.0,10,0.4,77.3,10,5.3,2.7,0.0,0.0,0.0,0.0,4
2023-05-10 21:22:55,i2311-C-960,i2311-C-960,5.3,0.0,0.0,0.0,10,0.4,77.2,1,5.3,2.7,0.0,0.0,0.0,0.0,4
2023-05-10 21:22:55,i2311-C-960,i2311-C-960,5.3,0.0,0.0,0.0,10,0.4,77.1,10,5.3,2.7,0.0,0.0,0.0,0.0,4
2023-05-10 21:23:02,i2311-C-960,i2311-C-960,5.3,0.0,0.0,0.0,10,0.4,77.0,1,5.3,2.7,0.0,0.0,0.0,0.0,4
2023-05-10 21:23:02,i2311-C-960,i2311-C-960,5.3,0.0,0.0,0.0,10,0.4,76.9,10,5.3,2.7,0.0,0.0,0.0,0.0,4
2023-05-10 21:23:05,i2311-C-960,i2311-C-960,5.3,0.0,0.0,0.0,10,0.4,76.8,1,5.3,2.7,0.0,0.0,0.0,0.0,4
2023-05-10 21:23:06,i2311-C-960,i2311-C-960,5.3,0.0,0.0,0.0,10,0.4,76.7,10,5.3,2.7,0.0,0.0,0.0,0.0,4
2023-05-10 21:23:13,i2311-C-960,i2311-C-960,5.3,0.0,0.0,0.0,10,0.4,76.6,1,5.3,2.7,0.0,0.0,0.0,0.0,4
2023-05-10 21:23:13,i2311-C-960,i2311-C-960,5.3,0.0,0.0,0.0,10,0.4,76.5,10,5.3,2.7,0.0,0.0,0.0,0.0,4
2023-05-10 21:23:24,i2311-C-960,i2311-C-960,5.3,0.0,0.0,0.0,10,0.4,76.4,1,5.3,2.7,0.0,0.0,0.0,0.0,4
2023-05-10 21:23:24,i2311-C-960,i2311-C-960,5.3,0.0,0.0,0.0,10,0.4,76.3,10,5.3,2.7,0.0,0.0,0.0,0.0,4
2023-05-10 21:24:08,i2311-C-960,i2311-C-960,5.3,0.0,0.0,0.0,10,0.4,76.2,1,5.3,2.7,0.0,0.0,0.0,0.0,4
2023-05-10 21:24:08,i2311-C-960,i2311-C-960,5.3,0.0,0.0,0.0,10,0.4,76.1,10,5.3,2.7,0.0,0.0,0.0,0.0,4
2023-05-10 21:24:14,i2311-C-960,i2311-C-960,5.3,0.0,0.0,0.0,10,0.4,76.0,1,5.3,2.7,0.0,0.0,0.0,0.0,4
2023-05-10 21:24:14,i2311-C-960,i2311-C-960,5.3,0.0,0.0,0.0,10,0.4,75.9,10,5.3,2.7,0.0,0.0,0.0,0.0,4
2023-05-10 21:24:19,i2311-C-960,i2311-C-960,5.3,0.0,0.0,0.0,10,0.4,75.8,1,5.3,2.7,0.0,0.0,0.0,0.0,4
2023-05-10 21:24:19,i2311-C-960,i2311-C-960,5.3,0.0,0.0,0.0,10,0.4,75.7,10,5.3,2.7,0.0,0.0,0.0,0.0,4
2023-05-10 21:24:24,i2311-C-960,i2311-C-960,5.3,0.0,0.0,0.0,10,0.4,75.5,10,5.3,2.7,0.0,0.0,0.0,0.0,4
2023-05-10 21:24:42,i2311-C-960,i2311-C-960,5.3,0.0,0.0,0.0,10,0.4,75.4,1,5.3,2.7,0.0,0.0,0.0,0.0,4
2023-05-10 21:24:42,i2311-C-960,i2311-C-960,5.3,0.0,0.0,0.0,10,0.4,75.3,10,5.3,2.7,0.0,0.0,0.0,0.0,4
2023-05-10 21:24:55,i2311-C-960,i2311-C-960,5.3,0.0,0.0,0.0,10,0.4,75.2,1,5.3,2.7,0.0,0.0,0.0,0.0,4
2023-05-10 21:24:56,i2311-C-960,i2311-C-960,5.3,0.0,0.0,0.0,10,0.4,75.1,10,5.3,2.7,0.0,0.0,0.0,0.0,4
2023-05-10 21:25:10,i2311-C-960,i2311-C-960,5.3,0.0,0.0,0.0,10,0.4,75.0,1,5.3,2.7,0.0,0.0,0.0,0.0,4
2023-05-10 21:25:10,i2311-C-960,i2311-C-960,5.3,0.0,0.0,0.0,10,0.4,74.9,10,5.3,2.7,0.0,0.0,0.0,0.0,4
2023-05-10 21:25:18,i2311-C-960,i2311-C-960,5.3,0.0,0.0,0.0,10,0.4,74.8,1,5.3,2.7,0.0,0.0,0.0,0.0,4
2023-05-10 21:25:18,i2311-C-960,i2311-C-960,5.3,0.0,0.0,0.0,10,0.4,74.7,10,5.3,2.7,0.0,0.0,0.0,0.0,4
2023-05-10 21:25:35,i2311-C-960,i2311-C-960,5.3,0.0,0.0,0.0,10,0.4,74.6,1,5.3,2.7,0.0,0.0,0.0,0.0,4
2023-05-10 21:25:35,i2311-C-960,i2311-C-960,5.3,0.0,0.0,0.0,10,0.4,74.5,10,5.3,2.7,0.0,0.0,0.0,0.0,4
2023-05-10 21:25:56,i2311-C-960,i2311-C-960,5.3,0.0,0.0,0.0,10,0.4,74.4,1,5.3,2.7,0.0,0.0,0.0,0.0,4
2023-05-10 21:25:56,i2311-C-960,i2311-C-960,5.3,0.0,0.0,0.0,10,0.4,74.3,10,5.3,2.7,0.0,0.0,0.0,0.0,4
2023-05-10 21:26:14,i2311-C-960,i2311-C-960,5.3,0.0,0.0,0.0,10,0.4,74.2,1,5.3,2.7,0.0,0.0,0.0,0.0,4
2023-05-10 21:26:14,i2311-C-960,i2311-C-960,5.3,0.0,0.0,0.0,10,0.4,74.1,10,5.3,2.7,0.0,0.0,0.0,0.0,4
2023-05-10 21:26:18,i2311-C-960,i2311-C-960,5.3,0.0,0.0,0.0,10,0.4,74.0,1,5.3,2.7,0.0,0.0,0.0,0.0,4
2023-05-10 21:26:19,i2311-C-960,i2311-C-960,5.3,0.0,0.0,0.0,10,0.4,73.9,10,5.3,2.7,0.0,0.0,0.0,0.0,4
2023-05-10 21:26:27,i2311-C-960,i2311-C-960,5.3,0.0,0.0,0.0,10,0.4,73.8,1,5.3,2.7,0.0,0.0,0.0,0.0,4
2023-05-10 21:26:28,i2311-C-960,i2311-C-960,5.3,0.0,0.0,0.0,10,0.4,73.7,10,5.3,2.7,0.0,0.0,0.0,0.0,4
2023-05-10 21:26:33,i2311-C-960,i2311-C-960,5.3,0.0,0.0,0.0,10,0.4,73.6,1,5.3,2.7,0.0,0.0,0.0,0.0,4
2023-05-10 21:26:33,i2311-C-960,i2311-C-960,5.3,0.0,0.0,0.0,10,0.4,73.5,10,5.3,2.7,0.0,0.0,0.0,0.0,4
2023-05-10 21:26:45,i2311-C-960,i2311-C-960,5.3,0.0,0.0,0.0,10,0.4,73.4,1,5.3,2.7,0.0,0.0,0.0,0.0,4
2023-05-10 21:26:45,i2311-C-960,i2311-C-960,5.3,0.0,0.0,0.0,10,0.4,73.3,10,5.3,2.7,0.0,0.0,0.0,0.0,4
2023-05-10 21:26:56,i2311-C-960,i2311-C-960,5.3,0.0,0.0,0.0,10,0.4,73.2,1,5.3,2.7,0.0,0.0,0.0,0.0,4
2023-05-10 21:26:56,i2311-C-960,i2311-C-960,5.3,0.0,0.0,0.0,10,0.4,73.1,10,5.3,2.7,0.0,0.0,0.0,0.0,4
2023-05-10 21:27:09,i2311-C-960,i2311-C-960,5.3,0.0,0.0,0.0,10,0.4,73.0,1,5.3,2.7,0.0,0.0,0.0,0.0,4
2023-05-10 21:27:09,i2311-C-960,i2311-C-960,5.3,0.0,0.0,0.0,10,0.4,72.9,10,5.3,2.7,0.0,0.0,0.0,0.0,4
2023-05-10 21:27:14,i2311-C-960,i2311-C-960,5.3,0.0,0.0,0.0,10,0.4,72.8,1,5.3,2.7,0.0,0.0,0.0,0.0,4
2023-05-10 21:27:14,i2311-C-960,i2311-C-960,5.3,0.0,0.0,0.0,10,0.4,72.7,10,5.3,2.7,0.0,0.0,0.0,0.0,4
2023-05-10 21:27:18,i2311-C-960,i2311-C-960,5.3,0.0,0.0,0.0,10,0.4,72.6,1,5.3,2.7,0.0,0.0,0.0,0.0,4
2023-05-10 21:27:19,i2311-C-960,i2311-C-960,5.3,0.0,0.0,0.0,10,0.4,72.5,10,5.3,2.7,0.0,0.0,0.0,0.0,4
2023-05-10 21:27:22,i2311-C-960,i2311-C-960,5.3,0.0,0.0,0.0,10,0.4,72.4,1,5.3,2.7,0.0,0.0,0.0,0.0,4
2023-05-10 21:27:22,i2311-C-960,i2311-C-960,5.3,0.0,0.0,0.0,10,0.4,72.3,10,5.3,2.7,0.0,0.0,0.0,0.0,4
2023-05-10 21:27:29,i2311-C-960,i2311-C-960,5.3,0.0,0.0,0.0,10,0.4,72.2,1,5.3,2.7,0.0,0.0,0.0,0.0,4
2023-05-10 21:27:30,i2311-C-960,i2311-C-960,5.3,0.0,0.0,0.0,10,0.4,72.1,10,5.3,2.7,0.0,0.0,0.0,0.0,4
2023-05-10 21:27:36,i2311-C-960,i2311-C-960,5.3,0.0,0.0,0.0,10,0.4,72.0,1,5.3,2.7,0.0,0.0,0.0,0.0,4
2023-05-10 21:27:37,i2311-C-960,i2311-C-960,5.3,0.0,0.0,0.0,10,0.4,71.9,10,5.3,2.7,0.0,0.0,0.0,0.0,4
2023-05-10 21:27:49,i2311-C-960,i2311-C-960,5.3,0.0,0.0,0.0,10,0.4,71.8,1,5.3,2.7,0.0,0.0,0.0,0.0,4
2023-05-10 21:27:49,i2311-C-960,i2311-C-960,5.3,0.0,0.0,0.0,10,0.4,71.7,10,5.3,2.7,0.0,0.0,0.0,0.0,4
2023-05-10 21:27:52,i2311-C-960,i2311-C-960,5.3,0.0,0.0,0.0,10,0.4,71.6,1,5.3,2.7,0.0,0.0,0.0,0.0,4
2023-05-10 21:27:52,i2311-C-960,i2311-C-960,5.3,0.0,0.0,0.0,10,0.4,71.5,10,5.3,2.7,0.0,0.0,0.0,0.0,4
2023-05-10 21:48:49,i2311-C-960,i2311-C-960,5.3,0.0,0.0,0.0,1,0.3,71.5,10,5.3,2.7,0.0,0.0,0.0,0.0,4
2023-05-10 21:48:49,i2311-C-960,i2311-C-960,5.3,0.0,0.0,0.0,11,0.3,71.5,10,5.3,2.7,0.0,0.0,0.0,0.0,4
2023-05-10 22:23:03,i2311-C-960,i2311-C-960,5.3,0.0,0.0,0.0,1,0.3,71.5,10,5.3,2.7,0.0,0.0,0.0,0.0,4
2023-05-10 22:24:19,i2311-C-960,i2311-C-960,5.3,0.0,0.0,0.0,11,0.3,71.5,10,5.3,2.7,0.0,0.0,0.0,0.0,4
2023-05-10 22:26:27,i2311-C-960,i2311-C-960,5.3,0.0,0.0,0.0,1,0.3,71.5,10,5.3,2.7,0.0,0.0,0.0,0.0,4
2023-05-10 22:26:33,i2311-C-960,i2311-C-960,5.3,0.0,0.0,0.0,11,0.3,71.5,10,5.3,2.7,0.0,0.0,0.0,0.0,4
2023-05-10 22:26:34,i2311-C-960,i2311-C-960,5.3,0.0,0.0,0.0,1,0.3,71.5,10,5.3,2.7,0.0,0.0,0.0,0.0,4
2023-05-10 22:26:35,i2311-C-960,i2311-C-960,5.3,0.0,0.0,0.0,11,0.3,71.5,10,5.3,2.7,0.0,0.0,0.0,0.0,4
2023-05-10 22:26:47,i2311-C-960,i2311-C-960,5.3,0.0,0.0,0.0,1,0.3,71.5,10,5.3,2.7,0.0,0.0,0.0,0.0,4
2023-05-10 22:28:29,i2311-C-960,i2311-C-960,5.3,0.0,0.0,0.0,11,0.3,71.5,10,5.3,2.7,0.0,0.0,0.0,0.0,4
2023-05-10 22:28:48,i2311-C-960,i2311-C-960,5.3,0.0,0.0,0.0,1,0.3,71.5,10,5.3,2.7,0.0,0.0,0.0,0.0,4
2023-05-10 22:30:55,i2311-C-960,i2311-C-960,5.3,0.0,0.0,0.0,11,0.3,71.5,10,5.3,2.7,0.0,0.0,0.0,0.0,4
2023-05-10 22:31:38,i2311-C-960,i2311-C-960,5.3,0.0,0.0,0.0,1,0.3,71.5,10,5.3,2.7,0.0,0.0,0.0,0.0,4
2023-05-10 22:34:13,i2311-C-960,i2311-C-960,5.3,0.0,0.0,0.0,11,0.3,71.5,10,5.3,2.7,0.0,0.0,0.0,0.0,4
2023-05-10 22:34:17,i2311-C-960,i2311-C-960,5.3,0.0,0.0,0.0,1,0.3,71.5,10,5.3,2.7,0.0,0.0,0.0,0.0,4
2023-05-10 22:35:45,i2311-C-960,i2311-C-960,5.3,0.0,0.0,0.0,11,0.3,71.5,10,5.3,2.7,0.0,0.0,0.0,0.0,4
2023-05-10 22:35:53,i2311-C-960,i2311-C-960,5.3,0.0,0.0,0.0,1,0.3,71.5,10,5.3,2.7,0.0,0.0,0.0,0.0,4
2023-05-10 22:42:15,i2311-C-960,i2311-C-960,5.3,0.0,0.0,0.0,10,0.4,71.5,10,5.3,2.7,0.0,0.0,0.0,0.0,4
2023-05-10 22:57:32,i2311-C-960,i2311-C-960,5.3,0.0,0.0,0.0,1,0.3,0.0,0,5.3,2.7,0.0,0.0,0.0,0.0,4
2023-05-10 22:59:13,i2311-C-960,i2311-C-960,5.3,0.0,0.0,0.0,10,0.4,0.0,0,5.3,2.7,0.0,0.0,0.0,0.0,4
2023-05-10 22:59:55,i2311-C-960,i2311-C-960,5.3,0.0,0.0,0.0,1,0.3,0.0,0,5.3,2.7,0.0,0.0,0.0,0.0,4
2023-05-11 09:00:16,i2311-C-960,i2311-C-960,5.3,0.0,0.0,0.0,10,0.4,0.0,0,5.3,2.7,0.0,0.0,0.0,0.0,4
2023-05-11 09:16:13,i2311-C-960,i2311-C-960,5.3,0.0,0.0,0.0,10,0.4,81.2,1,5.3,2.7,0.0,0.0,0.0,0.0,4
2023-05-11 09:16:13,i2311-C-960,i2311-C-960,5.3,0.0,0.0,0.0,10,0.4,81.1,10,5.3,2.7,0.0,0.0,0.0,0.0,4
2023-05-11 09:16:22,i2311-C-960,i2311-C-960,5.3,0.0,0.0,0.0,10,0.4,81.0,1,5.3,2.7,0.0,0.0,0.0,0.0,4
2023-05-11 09:16:22,i2311-C-960,i2311-C-960,5.3,0.0,0.0,0.0,10,0.4,80.9,10,5.3,2.7,0.0,0.0,0.0,0.0,4
2023-05-11 09:16:32,i2311-C-960,i2311-C-960,5.3,0.0,0.0,0.0,10,0.4,80.8,1,5.3,2.7,0.0,0.0,0.0,0.0,4
2023-05-11 09:16:33,i2311-C-960,i2311-C-960,5.3,0.0,0.0,0.0,10,0.4,80.7,10,5.3,2.7,0.0,0.0,0.0,0.0,4
2023-05-11 09:17:15,i2311-C-960,i2311-C-960,5.3,0.0,0.0,0.0,10,0.4,80.6,1,5.3,2.7,0.0,0.0,0.0,0.0,4
2023-05-11 09:17:15,i2311-C-960,i2311-C-960,5.3,0.0,0.0,0.0,10,0.4,80.5,10,5.3,2.7,0.0,0.0,0.0,0.0,4
2023-05-11 09:17:22,i2311-C-960,i2311-C-960,5.3,0.0,0.0,0.0,10,0.4,80.4,1,5.3,2.7,0.0,0.0,0.0,0.0,4
2023-05-11 09:17:22,i2311-C-960,i2311-C-960,5.3,0.0,0.0,0.0,10,0.4,80.3,10,5.3,2.7,0.0,0.0,0.0,0.0,4
2023-05-11 09:17:28,i2311-C-960,i2311-C-960,5.3,0.0,0.0,0.0,10,0.4,80.2,1,5.3,2.7,0.0,0.0,0.0,0.0,4
2023-05-11 09:17:29,i2311-C-960,i2311-C-960,5.3,0.0,0.0,0.0,10,0.4,80.1,10,5.3,2.7,0.0,0.0,0.0,0.0,4
2023-05-11 09:17:34,i2311-C-960,i2311-C-960,5.3,0.0,0.0,0.0,10,0.4,80.0,1,5.3,2.7,0.0,0.0,0.0,0.0,4
2023-05-11 09:17:34,i2311-C-960,i2311-C-960,5.3,0.0,0.0,0.0,10,0.4,79.9,10,5.3,2.7,0.0,0.0,0.0,0.0,4
2023-05-11 09:17:41,i2311-C-960,i2311-C-960,5.3,0.0,0.0,0.0,10,0.4,79.8,1,5.3,2.7,0.0,0.0,0.0,0.0,4
2023-05-11 09:17:42,i2311-C-960,i2311-C-960,5.3,0.0,0.0,0.0,10,0.4,79.7,10,5.3,2.7,0.0,0.0,0.0,0.0,4
2023-05-11 09:17:50,i2311-C-960,i2311-C-960,5.3,0.0,0.0,0.0,10,0.4,79.6,1,5.3,2.7,0.0,0.0,0.0,0.0,4
2023-05-11 09:17:51,i2311-C-960,i2311-C-960,5.3,0.0,0.0,0.0,10,0.4,79.5,10,5.3,2.7,0.0,0.0,0.0,0.0,4
2023-05-11 09:17:56,i2311-C-960,i2311-C-960,5.3,0.0,0.0,0.0,10,0.4,79.4,1,5.3,2.7,0.0,0.0,0.0,0.0,4
2023-05-11 09:17:56,i2311-C-960,i2311-C-960,5.3,0.0,0.0,0.0,10,0.4,79.3,10,5.3,2.7,0.0,0.0,0.0,0.0,4
2023-05-11 09:18:00,i2311-C-960,i2311-C-960,5.3,0.0,0.0,0.0,10,0.4,79.2,1,5.3,2.7,0.0,0.0,0.0,0.0,4
2023-05-11 09:18:00,i2311-C-960,i2311-C-960,5.3,0.0,0.0,0.0,10,0.4,79.1,10,5.3,2.7,0.0,0.0,0.0,0.0,4
2023-05-11 09:18:06,i2311-C-960,i2311-C-960,5.3,0.0,0.0,0.0,10,0.4,79.0,1,5.3,2.7,0.0,0.0,0.0,0.0,4
2023-05-11 09:18:06,i2311-C-960,i2311-C-960,5.3,0.0,0.0,0.0,10,0.4,78.9,10,5.3,2.7,0.0,0.0,0.0,0.0,4
2023-05-11 09:18:28,i2311-C-960,i2311-C-960,5.3,0.0,0.0,0.0,10,0.4,78.8,1,5.3,2.7,0.0,0.0,0.0,0.0,4
2023-05-11 09:18:28,i2311-C-960,i2311-C-960,5.3,0.0,0.0,0.0,10,0.4,78.7,10,5.3,2.7,0.0,0.0,0.0,0.0,4
2023-05-11 09:18:33,i2311-C-960,i2311-C-960,5.3,0.0,0.0,0.0,10,0.4,78.6,1,5.3,2.7,0.0,0.0,0.0,0.0,4
2023-05-11 09:18:34,i2311-C-960,i2311-C-960,5.3,0.0,0.0,0.0,10,0.4,78.5,10,5.3,2.7,0.0,0.0,0.0,0.0,4
2023-05-11 09:18:38,i2311-C-960,i2311-C-960,5.3,0.0,0.0,0.0,10,0.4,78.4,1,5.3,2.7,0.0,0.0,0.0,0.0,4
2023-05-11 09:18:39,i2311-C-960,i2311-C-960,5.3,0.0,0.0,0.0,10,0.4,78.3,10,5.3,2.7,0.0,0.0,0.0,0.0,4
2023-05-11 09:18:43,i2311-C-960,i2311-C-960,5.3,0.0,0.0,0.0,10,0.4,78.2,1,5.3,2.7,0.0,0.0,0.0,0.0,4
2023-05-11 09:18:43,i2311-C-960,i2311-C-960,5.3,0.0,0.0,0.0,10,0.4,78.1,10,5.3,2.7,0.0,0.0,0.0,0.0,4
2023-05-11 09:18:49,i2311-C-960,i2311-C-960,5.3,0.0,0.0,0.0,10,0.4,78.0,1,5.3,2.7,0.0,0.0,0.0,0.0,4
2023-05-11 09:18:49,i2311-C-960,i2311-C-960,5.3,0.0,0.0,0.0,10,0.4,77.9,10,5.3,2.7,0.0,0.0,0.0,0.0,4
2023-05-11 09:18:52,i2311-C-960,i2311-C-960,5.3,0.0,0.0,0.0,10,0.4,77.8,1,5.3,2.7,0.0,0.0,0.0,0.0,4
2023-05-11 09:18:52,i2311-C-960,i2311-C-960,5.3,0.0,0.0,0.0,10,0.4,77.7,10,5.3,2.7,0.0,0.0,0.0,0.0,4
2023-05-11 09:18:57,i2311-C-960,i2311-C-960,5.3,0.0,0.0,0.0,10,0.4,77.6,1,5.3,2.7,0.0,0.0,0.0,0.0,4
2023-05-11 09:18:57,i2311-C-960,i2311-C-960,5.3,0.0,0.0,0.0,10,0.4,77.5,10,5.3,2.7,0.0,0.0,0.0,0.0,4
2023-05-11 09:19:04,i2311-C-960,i2311-C-960,5.3,0.0,0.0,0.0,10,0.4,77.4,1,5.3,2.7,0.0,0.0,0.0,0.0,4
2023-05-11 09:19:04,i2311-C-960,i2311-C-960,5.3,0.0,0.0,0.0,10,0.4,77.3,10,5.3,2.7,0.0,0.0,0.0,0.0,4
2023-05-11 09:19:10,i2311-C-960,i2311-C-960,5.3,0.0,0.0,0.0,10,0.4,77.2,1,5.3,2.7,0.0,0.0,0.0,0.0,4
2023-05-11 09:19:10,i2311-C-960,i2311-C-960,5.3,0.0,0.0,0.0,10,0.4,77.1,10,5.3,2.7,0.0,0.0,0.0,0.0,4
2023-05-11 09:19:14,i2311-C-960,i2311-C-960,5.3,0.0,0.0,0.0,10,0.4,77.0,1,5.3,2.7,0.0,0.0,0.0,0.0,4
2023-05-11 09:19:14,i2311-C-960,i2311-C-960,5.3,0.0,0.0,0.0,10,0.4,76.9,10,5.3,2.7,0.0,0.0,0.0,0.0,4
2023-05-11 09:19:20,i2311-C-960,i2311-C-960,5.3,0.0,0.0,0.0,10,0.4,76.8,1,5.3,2.7,0.0,0.0,0.0,0.0,4
2023-05-11 09:19:20,i2311-C-960,i2311-C-960,5.3,0.0,0.0,0.0,10,0.4,76.7,10,5.3,2.7,0.0,0.0,0.0,0.0,4
2023-05-11 09:19:25,i2311-C-960,i2311-C-960,5.3,0.0,0.0,0.0,10,0.4,76.6,1,5.3,2.7,0.0,0.0,0.0,0.0,4
2023-05-11 09:19:25,i2311-C-960,i2311-C-960,5.3,0.0,0.0,0.0,10,0.4,76.5,10,5.3,2.7,0.0,0.0,0.0,0.0,4
2023-05-11 09:19:28,i2311-C-960,i2311-C-960,5.3,0.0,0.0,0.0,10,0.4,76.4,1,5.3,2.7,0.0,0.0,0.0,0.0,4
2023-05-11 09:19:29,i2311-C-960,i2311-C-960,5.3,0.0,0.0,0.0,10,0.4,76.3,10,5.3,2.7,0.0,0.0,0.0,0.0,4
2023-05-11 09:19:34,i2311-C-960,i2311-C-960,5.3,0.0,0.0,0.0,10,0.4,76.2,1,5.3,2.7,0.0,0.0,0.0,0.0,4
2023-05-11 09:19:34,i2311-C-960,i2311-C-960,5.3,0.0,0.0,0.0,10,0.4,76.1,10,5.3,2.7,0.0,0.0,0.0,0.0,4
2023-05-11 09:19:37,i2311-C-960,i2311-C-960,5.3,0.0,0.0,0.0,10,0.4,76.0,1,5.3,2.7,0.0,0.0,0.0,0.0,4
2023-05-11 09:19:37,i2311-C-960,i2311-C-960,5.3,0.0,0.0,0.0,10,0.4,75.9,10,5.3,2.7,0.0,0.0,0.0,0.0,4
2023-05-11 09:19:41,i2311-C-960,i2311-C-960,5.3,0.0,0.0,0.0,10,0.4,75.8,1,5.3,2.7,0.0,0.0,0.0,0.0,4
2023-05-11 09:19:42,i2311-C-960,i2311-C-960,5.3,0.0,0.0,0.0,10,0.4,75.7,10,5.3,2.7,0.0,0.0,0.0,0.0,4
2023-05-11 09:19:48,i2311-C-960,i2311-C-960,5.3,0.0,0.0,0.0,10,0.4,75.6,1,5.3,2.7,0.0,0.0,0.0,0.0,4
2023-05-11 09:19:49,i2311-C-960,i2311-C-960,5.3,0.0,0.0,0.0,10,0.4,75.5,10,5.3,2.7,0.0,0.0,0.0,0.0,4
2023-05-11 09:19:53,i2311-C-960,i2311-C-960,5.3,0.0,0.0,0.0,10,0.4,75.3,10,5.3,2.7,0.0,0.0,0.0,0.0,4
2023-05-11 09:19:56,i2311-C-960,i2311-C-960,5.3,0.0,0.0,0.0,10,0.4,75.2,1,5.3,2.7,0.0,0.0,0.0,0.0,4
2023-05-11 09:19:56,i2311-C-960,i2311-C-960,5.3,0.0,0.0,0.0,10,0.4,75.1,10,5.3,2.7,0.0,0.0,0.0,0.0,4
2023-05-11 09:20:04,i2311-C-960,i2311-C-960,5.3,0.0,0.0,0.0,10,0.4,75.0,1,5.3,2.7,0.0,0.0,0.0,0.0,4
2023-05-11 09:20:05,i2311-C-960,i2311-C-960,5.3,0.0,0.0,0.0,10,0.4,74.9,10,5.3,2.7,0.0,0.0,0.0,0.0,4
2023-05-11 09:20:12,i2311-C-960,i2311-C-960,5.3,0.0,0.0,0.0,10,0.4,74.8,1,5.3,2.7,0.0,0.0,0.0,0.0,4
2023-05-11 09:20:12,i2311-C-960,i2311-C-960,5.3,0.0,0.0,0.0,10,0.4,74.7,10,5.3,2.7,0.0,0.0,0.0,0.0,4
2023-05-11 09:20:18,i2311-C-960,i2311-C-960,5.3,0.0,0.0,0.0,10,0.4,74.6,1,5.3,2.7,0.0,0.0,0.0,0.0,4
2023-05-11 09:20:18,i2311-C-960,i2311-C-960,5.3,0.0,0.0,0.0,10,0.4,74.5,10,5.3,2.7,0.0,0.0,0.0,0.0,4
2023-05-11 09:20:36,i2311-C-960,i2311-C-960,5.3,0.0,0.0,0.0,10,0.4,74.4,1,5.3,2.7,0.0,0.0,0.0,0.0,4
2023-05-11 09:20:37,i2311-C-960,i2311-C-960,5.3,0.0,0.0,0.0,10,0.4,74.3,10,5.3,2.7,0.0,0.0,0.0,0.0,4
2023-05-11 09:20:50,i2311-C-960,i2311-C-960,5.3,0.0,0.0,0.0,10,0.4,74.2,1,5.3,2.7,0.0,0.0,0.0,0.0,4
2023-05-11 09:20:50,i2311-C-960,i2311-C-960,5.3,0.0,0.0,0.0,10,0.4,74.1,10,5.3,2.7,0.0,0.0,0.0,0.0,4
2023-05-11 09:22:17,i2311-C-960,i2311-C-960,5.3,0.0,0.0,0.0,10,0.4,74.0,1,5.3,2.7,0.0,0.0,0.0,0.0,4
2023-05-11 09:22:17,i2311-C-960,i2311-C-960,5.3,0.0,0.0,0.0,10,0.4,73.9,10,5.3,2.7,0.0,0.0,0.0,0.0,4
2023-05-11 09:22:35,i2311-C-960,i2311-C-960,5.3,0.0,0.0,0.0,10,0.4,73.8,1,5.3,2.7,0.0,0.0,0.0,0.0,4
2023-05-11 09:22:35,i2311-C-960,i2311-C-960,5.3,0.0,0.0,0.0,10,0.4,73.7,10,5.3,2.7,0.0,0.0,0.0,0.0,4
2023-05-11 09:22:39,i2311-C-960,i2311-C-960,5.3,0.0,0.0,0.0,10,0.4,73.6,1,5.3,2.7,0.0,0.0,0.0,0.0,4
2023-05-11 09:22:39,i2311-C-960,i2311-C-960,5.3,0.0,0.0,0.0,10,0.4,73.5,10,5.3,2.7,0.0,0.0,0.0,0.0,4
2023-05-11 09:22:55,i2311-C-960,i2311-C-960,5.3,0.0,0.0,0.0,10,0.4,73.4,1,5.3,2.7,0.0,0.0,0.0,0.0,4
2023-05-11 09:22:56,i2311-C-960,i2311-C-960,5.3,0.0,0.0,0.0,10,0.4,73.3,10,5.3,2.7,0.0,0.0,0.0,0.0,4
2023-05-11 09:23:04,i2311-C-960,i2311-C-960,5.3,0.0,0.0,0.0,10,0.4,73.2,1,5.3,2.7,0.0,0.0,0.0,0.0,4
2023-05-11 09:23:04,i2311-C-960,i2311-C-960,5.3,0.0,0.0,0.0,10,0.4,73.1,10,5.3,2.7,0.0,0.0,0.0,0.0,4
2023-05-11 09:23:11,i2311-C-960,i2311-C-960,5.3,0.0,0.0,0.0,10,0.4,73.0,1,5.3,2.7,0.0,0.0,0.0,0.0,4
2023-05-11 09:23:11,i2311-C-960,i2311-C-960,5.3,0.0,0.0,0.0,10,0.4,72.9,10,5.3,2.7,0.0,0.0,0.0,0.0,4
2023-05-11 09:23:15,i2311-C-960,i2311-C-960,5.3,0.0,0.0,0.0,10,0.4,72.8,1,5.3,2.7,0.0,0.0,0.0,0.0,4
2023-05-11 09:23:15,i2311-C-960,i2311-C-960,5.3,0.0,0.0,0.0,10,0.4,72.7,10,5.3,2.7,0.0,0.0,0.0,0.0,4
2023-05-11 09:23:19,i2311-C-960,i2311-C-960,5.3,0.0,0.0,0.0,10,0.4,72.6,1,5.3,2.7,0.0,0.0,0.0,0.0,4
2023-05-11 09:23:19,i2311-C-960,i2311-C-960,5.3,0.0,0.0,0.0,10,0.4,72.5,10,5.3,2.7,0.0,0.0,0.0,0.0,4
2023-05-11 09:23:32,i2311-C-960,i2311-C-960,5.3,0.0,0.0,0.0,10,0.4,72.4,1,5.3,2.7,0.0,0.0,0.0,0.0,4
2023-05-11 09:23:32,i2311-C-960,i2311-C-960,5.3,0.0,0.0,0.0,10,0.4,72.3,10,5.3,2.7,0.0,0.0,0.0,0.0,4
2023-05-11 09:23:40,i2311-C-960,i2311-C-960,5.3,0.0,0.0,0.0,10,0.4,72.2,1,5.3,2.7,0.0,0.0,0.0,0.0,4
2023-05-11 09:23:40,i2311-C-960,i2311-C-960,5.3,0.0,0.0,0.0,10,0.4,72.1,10,5.3,2.7,0.0,0.0,0.0,0.0,4
2023-05-11 09:23:56,i2311-C-960,i2311-C-960,5.3,0.0,0.0,0.0,10,0.4,72.0,1,5.3,2.7,0.0,0.0,0.0,0.0,4
2023-05-11 09:23:56,i2311-C-960,i2311-C-960,5.3,0.0,0.0,0.0,10,0.4,71.9,10,5.3,2.7,0.0,0.0,0.0,0.0,4
2023-05-11 09:24:05,i2311-C-960,i2311-C-960,5.3,0.0,0.0,0.0,10,0.4,71.8,1,5.3,2.7,0.0,0.0,0.0,0.0,4
2023-05-11 09:24:05,i2311-C-960,i2311-C-960,5.3,0.0,0.0,0.0,10,0.4,71.7,10,5.3,2.7,0.0,0.0,0.0,0.0,4
2023-05-11 09:24:11,i2311-C-960,i2311-C-960,5.3,0.0,0.0,0.0,10,0.4,71.6,1,5.3,2.7,0.0,0.0,0.0,0.0,4
2023-05-11 09:24:11,i2311-C-960,i2311-C-960,5.3,0.0,0.0,0.0,10,0.4,71.5,10,5.3,2.7,0.0,0.0,0.0,0.0,4
2023-05-11 10:14:32,i2311-C-960,i2311-C-960,5.3,0.0,0.0,0.0,1,0.3,0.0,0,5.3,2.7,0.0,0.0,0.0,0.0,4
2023-05-11 10:30:06,i2311-C-960,i2311-C-960,5.3,0.0,0.0,0.0,10,0.4,0.0,0,5.3,2.7,0.0,0.0,0.0,0.0,4
2023-05-11 10:43:59,i2311-C-960,i2311-C-960,5.3,0.0,0.0,0.0,10,0.4,81.2,1,5.3,2.7,0.0,0.0,0.0,0.0,4
2023-05-11 10:43:59,i2311-C-960,i2311-C-960,5.3,0.0,0.0,0.0,10,0.4,81.1,10,5.3,2.7,0.0,0.0,0.0,0.0,4
2023-05-11 10:44:08,i2311-C-960,i2311-C-960,5.3,0.0,0.0,0.0,10,0.4,81.0,1,5.3,2.7,0.0,0.0,0.0,0.0,4
2023-05-11 10:44:09,i2311-C-960,i2311-C-960,5.3,0.0,0.0,0.0,10,0.4,80.9,10,5.3,2.7,0.0,0.0,0.0,0.0,4
2023-05-11 10:44:13,i2311-C-960,i2311-C-960,5.3,0.0,0.0,0.0,10,0.4,80.8,1,5.3,2.7,0.0,0.0,0.0,0.0,4
2023-05-11 10:44:14,i2311-C-960,i2311-C-960,5.3,0.0,0.0,0.0,10,0.4,80.7,10,5.3,2.7,0.0,0.0,0.0,0.0,4
2023-05-11 10:44:20,i2311-C-960,i2311-C-960,5.3,0.0,0.0,0.0,10,0.4,80.6,1,5.3,2.7,0.0,0.0,0.0,0.0,4
2023-05-11 10:44:20,i2311-C-960,i2311-C-960,5.3,0.0,0.0,0.0,10,0.4,80.5,10,5.3,2.7,0.0,0.0,0.0,0.0,4
2023-05-11 10:44:34,i2311-C-960,i2311-C-960,5.3,0.0,0.0,0.0,10,0.4,80.4,1,5.3,2.7,0.0,0.0,0.0,0.0,4
2023-05-11 10:44:34,i2311-C-960,i2311-C-960,5.3,0.0,0.0,0.0,10,0.4,80.3,10,5.3,2.7,0.0,0.0,0.0,0.0,4
2023-05-11 10:44:39,i2311-C-960,i2311-C-960,5.3,0.0,0.0,0.0,10,0.4,80.2,1,5.3,2.7,0.0,0.0,0.0,0.0,4
2023-05-11 10:44:39,i2311-C-960,i2311-C-960,5.3,0.0,0.0,0.0,10,0.4,80.1,10,5.3,2.7,0.0,0.0,0.0,0.0,4
2023-05-11 10:44:44,i2311-C-960,i2311-C-960,5.3,0.0,0.0,0.0,10,0.4,80.0,1,5.3,2.7,0.0,0.0,0.0,0.0,4
2023-05-11 10:44:44,i2311-C-960,i2311-C-960,5.3,0.0,0.0,0.0,10,0.4,79.9,10,5.3,2.7,0.0,0.0,0.0,0.0,4
2023-05-11 10:44:51,i2311-C-960,i2311-C-960,5.3,0.0,0.0,0.0,10,0.4,79.8,1,5.3,2.7,0.0,0.0,0.0,0.0,4
2023-05-11 10:44:51,i2311-C-960,i2311-C-960,5.3,0.0,0.0,0.0,10,0.4,79.7,10,5.3,2.7,0.0,0.0,0.0,0.0,4
2023-05-11 10:44:58,i2311-C-960,i2311-C-960,5.3,0.0,0.0,0.0,10,0.4,79.6,1,5.3,2.7,0.0,0.0,0.0,0.0,4
2023-05-11 10:44:59,i2311-C-960,i2311-C-960,5.3,0.0,0.0,0.0,10,0.4,79.5,10,5.3,2.7,0.0,0.0,0.0,0.0,4
2023-05-11 10:45:20,i2311-C-960,i2311-C-960,5.3,0.0,0.0,0.0,10,0.4,79.4,1,5.3,2.7,0.0,0.0,0.0,0.0,4
2023-05-11 10:45:20,i2311-C-960,i2311-C-960,5.3,0.0,0.0,0.0,10,0.4,79.3,10,5.3,2.7,0.0,0.0,0.0,0.0,4
2023-05-11 10:46:08,i2311-C-960,i2311-C-960,5.3,0.0,0.0,0.0,10,0.4,79.2,1,5.3,2.7,0.0,0.0,0.0,0.0,4
2023-05-11 10:46:09,i2311-C-960,i2311-C-960,5.3,0.0,0.0,0.0,10,0.4,79.1,10,5.3,2.7,0.0,0.0,0.0,0.0,4
2023-05-11 10:46:15,i2311-C-960,i2311-C-960,5.3,0.0,0.0,0.0,10,0.4,79.0,1,5.3,2.7,0.0,0.0,0.0,0.0,4
2023-05-11 10:46:15,i2311-C-960,i2311-C-960,5.3,0.0,0.0,0.0,10,0.4,78.9,10,5.3,2.7,0.0,0.0,0.0,0.0,4
2023-05-11 10:46:39,i2311-C-960,i2311-C-960,5.3,0.0,0.0,0.0,10,0.4,78.8,1,5.3,2.7,0.0,0.0,0.0,0.0,4
2023-05-11 10:46:40,i2311-C-960,i2311-C-960,5.3,0.0,0.0,0.0,10,0.4,78.7,10,5.3,2.7,0.0,0.0,0.0,0.0,4
2023-05-11 10:46:49,i2311-C-960,i2311-C-960,5.3,0.0,0.0,0.0,10,0.4,78.6,1,5.3,2.7,0.0,0.0,0.0,0.0,4
2023-05-11 10:46:50,i2311-C-960,i2311-C-960,5.3,0.0,0.0,0.0,10,0.4,78.5,10,5.3,2.7,0.0,0.0,0.0,0.0,4
2023-05-11 10:46:56,i2311-C-960,i2311-C-960,5.3,0.0,0.0,0.0,10,0.4,78.4,1,5.3,2.7,0.0,0.0,0.0,0.0,4
2023-05-11 10:46:57,i2311-C-960,i2311-C-960,5.3,0.0,0.0,0.0,10,0.4,78.3,10,5.3,2.7,0.0,0.0,0.0,0.0,4
2023-05-11 10:46:59,i2311-C-960,i2311-C-960,5.3,0.0,0.0,0.0,10,0.4,78.2,1,5.3,2.7,0.0,0.0,0.0,0.0,4
2023-05-11 10:47:00,i2311-C-960,i2311-C-960,5.3,0.0,0.0,0.0,10,0.4,78.1,10,5.3,2.7,0.0,0.0,0.0,0.0,4
2023-05-11 10:47:02,i2311-C-960,i2311-C-960,5.3,0.0,0.0,0.0,10,0.4,78.0,1,5.3,2.7,0.0,0.0,0.0,0.0,4
2023-05-11 10:47:03,i2311-C-960,i2311-C-960,5.3,0.0,0.0,0.0,10,0.4,77.9,10,5.3,2.7,0.0,0.0,0.0,0.0,4
2023-05-11 10:47:06,i2311-C-960,i2311-C-960,5.3,0.0,0.0,0.0,10,0.4,77.8,1,5.3,2.7,0.0,0.0,0.0,0.0,4
2023-05-11 10:47:07,i2311-C-960,i2311-C-960,5.3,0.0,0.0,0.0,10,0.4,77.7,10,5.3,2.7,0.0,0.0,0.0,0.0,4
2023-05-11 10:47:09,i2311-C-960,i2311-C-960,5.3,0.0,0.0,0.0,10,0.4,77.6,1,5.3,2.7,0.0,0.0,0.0,0.0,4
2023-05-11 10:47:09,i2311-C-960,i2311-C-960,5.3,0.0,0.0,0.0,10,0.4,77.5,10,5.3,2.7,0.0,0.0,0.0,0.0,4
2023-05-11 10:47:13,i2311-C-960,i2311-C-960,5.3,0.0,0.0,0.0,10,0.4,77.4,1,5.3,2.7,0.0,0.0,0.0,0.0,4
2023-05-11 10:47:14,i2311-C-960,i2311-C-960,5.3,0.0,0.0,0.0,10,0.4,77.3,10,5.3,2.7,0.0,0.0,0.0,0.0,4
2023-05-11 10:47:28,i2311-C-960,i2311-C-960,5.3,0.0,0.0,0.0,10,0.4,77.2,1,5.3,2.7,0.0,0.0,0.0,0.0,4
2023-05-11 10:47:29,i2311-C-960,i2311-C-960,5.3,0.0,0.0,0.0,10,0.4,77.1,10,5.3,2.7,0.0,0.0,0.0,0.0,4
2023-05-11 10:48:02,i2311-C-960,i2311-C-960,5.3,0.0,0.0,0.0,10,0.4,77.0,1,5.3,2.7,0.0,0.0,0.0,0.0,4
2023-05-11 10:48:03,i2311-C-960,i2311-C-960,5.3,0.0,0.0,0.0,10,0.4,76.9,10,5.3,2.7,0.0,0.0,0.0,0.0,4
2023-05-11 10:48:37,i2311-C-960,i2311-C-960,5.3,0.0,0.0,0.0,10,0.4,76.8,1,5.3,2.7,0.0,0.0,0.0,0.0,4
2023-05-11 10:48:38,i2311-C-960,i2311-C-960,5.3,0.0,0.0,0.0,10,0.4,76.7,10,5.3,2.7,0.0,0.0,0.0,0.0,4
2023-05-11 10:49:21,i2311-C-960,i2311-C-960,5.3,0.0,0.0,0.0,10,0.4,76.6,1,5.3,2.7,0.0,0.0,0.0,0.0,4
2023-05-11 10:49:21,i2311-C-960,i2311-C-960,5.3,0.0,0.0,0.0,10,0.4,76.5,10,5.3,2.7,0.0,0.0,0.0,0.0,4
2023-05-11 10:50:04,i2311-C-960,i2311-C-960,5.3,0.0,0.0,0.0,10,0.4,76.4,1,5.3,2.7,0.0,0.0,0.0,0.0,4
2023-05-11 10:50:04,i2311-C-960,i2311-C-960,5.3,0.0,0.0,0.0,10,0.4,76.3,10,5.3,2.7,0.0,0.0,0.0,0.0,4
2023-05-11 10:50:07,i2311-C-960,i2311-C-960,5.3,0.0,0.0,0.0,10,0.4,76.2,1,5.3,2.7,0.0,0.0,0.0,0.0,4
2023-05-11 10:50:08,i2311-C-960,i2311-C-960,5.3,0.0,0.0,0.0,10,0.4,76.1,10,5.3,2.7,0.0,0.0,0.0,0.0,4
2023-05-11 10:50:43,i2311-C-960,i2311-C-960,5.3,0.0,0.0,0.0,10,0.4,76.0,1,5.3,2.7,0.0,0.0,0.0,0.0,4
2023-05-11 10:50:44,i2311-C-960,i2311-C-960,5.3,0.0,0.0,0.0,10,0.4,75.9,10,5.3,2.7,0.0,0.0,0.0,0.0,4
2023-05-11 10:51:07,i2311-C-960,i2311-C-960,5.3,0.0,0.0,0.0,10,0.4,75.8,1,5.3,2.7,0.0,0.0,0.0,0.0,4
2023-05-11 10:51:07,i2311-C-960,i2311-C-960,5.3,0.0,0.0,0.0,10,0.4,75.7,10,5.3,2.7,0.0,0.0,0.0,0.0,4
2023-05-11 10:51:12,i2311-C-960,i2311-C-960,5.3,0.0,0.0,0.0,10,0.4,75.6,1,5.3,2.7,0.0,0.0,0.0,0.0,4
2023-05-11 10:51:12,i2311-C-960,i2311-C-960,5.3,0.0,0.0,0.0,10,0.4,75.5,10,5.3,2.7,0.0,0.0,0.0,0.0,4
2023-05-11 10:51:50,i2311-C-960,i2311-C-960,5.3,0.0,0.0,0.0,10,0.4,75.4,1,5.3,2.7,0.0,0.0,0.0,0.0,4
2023-05-11 10:51:51,i2311-C-960,i2311-C-960,5.3,0.0,0.0,0.0,10,0.4,75.3,10,5.3,2.7,0.0,0.0,0.0,0.0,4
2023-05-11 10:51:57,i2311-C-960,i2311-C-960,5.3,0.0,0.0,0.0,10,0.4,75.2,1,5.3,2.7,0.0,0.0,0.0,0.0,4
2023-05-11 10:51:58,i2311-C-960,i2311-C-960,5.3,0.0,0.0,0.0,10,0.4,75.1,10,5.3,2.7,0.0,0.0,0.0,0.0,4
2023-05-11 10:52:01,i2311-C-960,i2311-C-960,5.3,0.0,0.0,0.0,10,0.4,75.0,1,5.3,2.7,0.0,0.0,0.0,0.0,4
2023-05-11 10:52:01,i2311-C-960,i2311-C-960,5.3,0.0,0.0,0.0,10,0.4,74.9,10,5.3,2.7,0.0,0.0,0.0,0.0,4
2023-05-11 10:52:03,i2311-C-960,i2311-C-960,5.3,0.0,0.0,0.0,10,0.4,74.8,1,5.3,2.7,0.0,0.0,0.0,0.0,4
2023-05-11 10:52:04,i2311-C-960,i2311-C-960,5.3,0.0,0.0,0.0,10,0.4,74.7,10,5.3,2.7,0.0,0.0,0.0,0.0,4
2023-05-11 10:52:09,i2311-C-960,i2311-C-960,5.3,0.0,0.0,0.0,10,0.4,74.6,1,5.3,2.7,0.0,0.0,0.0,0.0,4
2023-05-11 10:52:10,i2311-C-960,i2311-C-960,5.3,0.0,0.0,0.0,10,0.4,74.5,10,5.3,2.7,0.0,0.0,0.0,0.0,4
2023-05-11 10:52:17,i2311-C-960,i2311-C-960,5.3,0.0,0.0,0.0,10,0.4,74.4,1,5.3,2.7,0.0,0.0,0.0,0.0,4
2023-05-11 10:52:17,i2311-C-960,i2311-C-960,5.3,0.0,0.0,0.0,10,0.4,74.3,10,5.3,2.7,0.0,0.0,0.0,0.0,4
2023-05-11 10:52:23,i2311-C-960,i2311-C-960,5.3,0.0,0.0,0.0,10,0.4,74.2,1,5.3,2.7,0.0,0.0,0.0,0.0,4
2023-05-11 10:52:23,i2311-C-960,i2311-C-960,5.3,0.0,0.0,0.0,10,0.4,74.1,10,5.3,2.7,0.0,0.0,0.0,0.0,4
2023-05-11 10:52:28,i2311-C-960,i2311-C-960,5.3,0.0,0.0,0.0,10,0.4,74.0,1,5.3,2.7,0.0,0.0,0.0,0.0,4
2023-05-11 10:52:28,i2311-C-960,i2311-C-960,5.3,0.0,0.0,0.0,10,0.4,73.9,10,5.3,2.7,0.0,0.0,0.0,0.0,4
2023-05-11 10:52:38,i2311-C-960,i2311-C-960,5.3,0.0,0.0,0.0,10,0.4,73.8,1,5.3,2.7,0.0,0.0,0.0,0.0,4
2023-05-11 10:52:38,i2311-C-960,i2311-C-960,5.3,0.0,0.0,0.0,10,0.4,73.7,10,5.3,2.7,0.0,0.0,0.0,0.0,4
2023-05-11 10:52:51,i2311-C-960,i2311-C-960,5.3,0.0,0.0,0.0,10,0.4,73.6,1,5.3,2.7,0.0,0.0,0.0,0.0,4
2023-05-11 10:52:51,i2311-C-960,i2311-C-960,5.3,0.0,0.0,0.0,10,0.4,73.5,10,5.3,2.7,0.0,0.0,0.0,0.0,4
2023-05-11 10:52:55,i2311-C-960,i2311-C-960,5.3,0.0,0.0,0.0,10,0.4,73.4,1,5.3,2.7,0.0,0.0,0.0,0.0,4
2023-05-11 10:52:55,i2311-C-960,i2311-C-960,5.3,0.0,0.0,0.0,10,0.4,73.3,10,5.3,2.7,0.0,0.0,0.0,0.0,4
2023-05-11 10:53:00,i2311-C-960,i2311-C-960,5.3,0.0,0.0,0.0,10,0.4,73.2,1,5.3,2.7,0.0,0.0,0.0,0.0,4
2023-05-11 10:53:00,i2311-C-960,i2311-C-960,5.3,0.0,0.0,0.0,10,0.4,73.1,10,5.3,2.7,0.0,0.0,0.0,0.0,4
2023-05-11 10:53:05,i2311-C-960,i2311-C-960,5.3,0.0,0.0,0.0,10,0.4,73.0,1,5.3,2.7,0.0,0.0,0.0,0.0,4
2023-05-11 10:53:05,i2311-C-960,i2311-C-960,5.3,0.0,0.0,0.0,10,0.4,72.9,10,5.3,2.7,0.0,0.0,0.0,0.0,4
2023-05-11 10:53:09,i2311-C-960,i2311-C-960,5.3,0.0,0.0,0.0,10,0.4,72.8,1,5.3,2.7,0.0,0.0,0.0,0.0,4
2023-05-11 10:53:09,i2311-C-960,i2311-C-960,5.3,0.0,0.0,0.0,10,0.4,72.7,10,5.3,2.7,0.0,0.0,0.0,0.0,4
2023-05-11 10:53:12,i2311-C-960,i2311-C-960,5.3,0.0,0.0,0.0,10,0.4,72.6,1,5.3,2.7,0.0,0.0,0.0,0.0,4
2023-05-11 10:53:13,i2311-C-960,i2311-C-960,5.3,0.0,0.0,0.0,10,0.4,72.5,10,5.3,2.7,0.0,0.0,0.0,0.0,4
2023-05-11 10:53:17,i2311-C-960,i2311-C-960,5.3,0.0,0.0,0.0,10,0.4,72.4,1,5.3,2.7,0.0,0.0,0.0,0.0,4
2023-05-11 10:53:18,i2311-C-960,i2311-C-960,5.3,0.0,0.0,0.0,10,0.4,72.3,10,5.3,2.7,0.0,0.0,0.0,0.0,4
2023-05-11 10:53:29,i2311-C-960,i2311-C-960,5.3,0.0,0.0,0.0,10,0.4,72.2,1,5.3,2.7,0.0,0.0,0.0,0.0,4
2023-05-11 10:53:29,i2311-C-960,i2311-C-960,5.3,0.0,0.0,0.0,10,0.4,72.1,10,5.3,2.7,0.0,0.0,0.0,0.0,4
2023-05-11 10:53:34,i2311-C-960,i2311-C-960,5.3,0.0,0.0,0.0,10,0.4,72.0,1,5.3,2.7,0.0,0.0,0.0,0.0,4
2023-05-11 10:53:34,i2311-C-960,i2311-C-960,5.3,0.0,0.0,0.0,10,0.4,71.9,10,5.3,2.7,0.0,0.0,0.0,0.0,4
2023-05-11 10:53:38,i2311-C-960,i2311-C-960,5.3,0.0,0.0,0.0,10,0.4,71.8,1,5.3,2.7,0.0,0.0,0.0,0.0,4
2023-05-11 10:53:38,i2311-C-960,i2311-C-960,5.3,0.0,0.0,0.0,10,0.4,71.7,10,5.3,2.7,0.0,0.0,0.0,0.0,4
2023-05-11 10:53:46,i2311-C-960,i2311-C-960,5.3,0.0,0.0,0.0,10,0.4,71.6,1,5.3,2.7,0.0,0.0,0.0,0.0,4
2023-05-11 10:53:46,i2311-C-960,i2311-C-960,5.3,0.0,0.0,0.0,10,0.4,71.5,10,5.3,2.7,0.0,0.0,0.0,0.0,4
2023-05-11 11:05:23,i2311-C-960,i2311-C-960,5.3,0.0,0.0,0.0,1,0.3,0.0,0,5.3,2.7,0.0,0.0,0.0,0.0,4
2023-05-11 11:07:18,i2311-C-960,i2311-C-960,5.3,0.0,0.0,0.0,10,0.4,0.0,0,5.3,2.7,0.0,0.0,0.0,0.0,4
2023-05-11 11:10:17,i2311-C-960,i2311-C-960,5.3,0.0,0.0,0.0,1,0.3,0.0,0,5.3,2.7,0.0,0.0,0.0,0.0,4
2023-05-11 11:11:32,i2311-C-960,i2311-C-960,5.3,0.0,0.0,0.0,10,0.4,0.0,0,5.3,2.7,0.0,0.0,0.0,0.0,4
2023-05-11 11:29:32,i2311-C-960,i2311-C-960,5.3,0.0,0.0,0.0,1,0.3,0.0,0,5.3,2.7,0.0,0.0,0.0,0.0,4
2023-05-11 13:30:14,i2311-C-960,i2311-C-960,5.3,0.0,0.0,0.0,10,0.4,0.0,0,5.3,2.7,0.0,0.0,0.0,0.0,4
2023-05-11 13:38:17,i2311-C-960,i2311-C-960,2.7,1.0,270.0,0.0,1,0.7,4.7,1,5.3,2.7,2.7,2.7,1.0,270.0,4
2023-05-11 13:38:17,i2311-C-960,i2311-C-960,2.7,0.0,0.0,0.0,1,0.7,4.6,10,5.3,2.7,2.7,2.7,1.0,270.0,4
2023-05-11 13:38:18,i2311-C-960,i2311-C-960,2.7,0.0,0.0,0.0,2,0.7,4.6,11,5.3,2.7,2.7,2.7,1.0,270.0,4
2023-05-11 13:38:20,i2311-C-960,i2311-C-960,2.7,0.0,0.0,0.0,2,0.8,4.6,11,5.3,2.7,2.7,2.7,1.0,270.0,4
2023-05-11 13:38:22,i2311-C-960,i2311-C-960,2.7,0.0,0.0,0.0,2,0.8,4.2,1,5.3,2.7,2.7,2.7,1.0,270.0,4
2023-05-11 13:38:26,i2311-C-960,i2311-C-960,2.7,0.0,0.0,0.0,3,0.8,4.2,1,5.3,2.7,2.7,2.7,1.0,270.0,4
2023-05-11 13:38:31,i2311-C-960,i2311-C-960,2.7,0.0,0.0,0.0,1,1.5,2.8,1,5.3,2.7,2.7,2.7,1.0,270.0,4
2023-05-11 13:38:31,i2311-C-960,i2311-C-960,2.8,1.0,280.0,1.0,1,1.5,4.2,1,5.3,2.7,2.8,2.7,2.0,550.0,5
2023-05-11 13:38:33,i2311-C-960,i2311-C-960,2.8,0.0,0.0,0.0,1,1.5,4.4,10,5.3,2.7,2.8,2.7,2.0,550.0,5
2023-05-11 13:38:42,i2311-C-960,i2311-C-960,2.8,0.0,0.0,0.0,1,1.0,4.4,10,5.3,2.7,2.8,2.7,2.0,550.0,5
2023-05-11 13:38:47,i2311-C-960,i2311-C-960,2.8,0.0,0.0,0.0,10,0.4,4.4,10,5.3,2.7,2.8,2.7,2.0,550.0,5
2023-05-11 14:23:11,i2311-C-960,i2311-C-960,2.8,0.0,0.0,0.0,1,0.3,0.0,0,5.3,2.7,2.8,2.7,2.0,550.0,5
2023-05-11 14:23:51,i2311-C-960,i2311-C-960,2.8,0.0,0.0,0.0,10,0.4,0.0,0,5.3,2.7,2.8,2.7,2.0,550.0,5
2023-05-11 14:39:15,i2311-C-960,i2311-C-960,2.8,0.0,0.0,0.0,1,0.3,0.0,0,5.3,2.7,2.8,2.7,2.0,550.0,5
2023-05-11 14:46:52,i2311-C-960,i2311-C-960,2.8,0.0,0.0,0.0,10,0.4,0.0,0,5.3,2.7,2.8,2.7,2.0,550.0,5
2023-05-11 14:53:52,i2311-C-960,i2311-C-960,2.8,0.0,0.0,0.0,11,0.3,0.0,0,5.3,2.7,2.8,2.7,2.0,550.0,5
2023-05-11 14:58:49,i2311-C-960,i2311-C-960,2.8,0.0,0.0,0.0,1,0.3,0.0,0,5.3,2.7,2.8,2.7,2.0,550.0,5
2023-05-11 14:59:02,i2311-C-960,i2311-C-960,2.8,0.0,0.0,0.0,10,0.4,0.0,0,5.3,2.7,2.8,2.7,2.0,550.0,5
2023-05-11 14:59:54,i2311-C-960,i2311-C-960,2.8,0.0,0.0,0.0,1,0.3,0.0,0,5.3,2.7,2.8,2.7,2.0,550.0,5
2023-05-11 15:01:10,i2311-C-960,i2311-C-960,2.8,0.0,0.0,0.0,1,0.3,0.0,0,5.3,2.7,2.8,2.7,2.0,550.0,5
