time,symbol_id,symbol_name,last,trade_volume,trade_amount,open_interest_change,bv1,bp1,ap1,av1,yesterday_close,today_open,today_high,today_low,volume,amount,open_interest
2023-05-10 20:55:42,i2312-C-940,i2312-C-940,5.5,0.0,0.0,0.0,1,0.1,0.0,0,5.5,0.0,0.0,0.0,0.0,0.0,13
2023-05-10 21:00:05,i2312-C-940,i2312-C-940,5.5,0.0,0.0,0.0,10,0.2,0.0,0,5.5,0.0,0.0,0.0,0.0,0.0,13
2023-05-10 21:05:00,i2312-C-940,i2312-C-940,5.5,0.0,0.0,0.0,1,0.3,0.0,0,5.5,0.0,0.0,0.0,0.0,0.0,13
2023-05-10 21:05:00,i2312-C-940,i2312-C-940,5.5,0.0,0.0,0.0,10,0.4,0.0,0,5.5,0.0,0.0,0.0,0.0,0.0,13
2023-05-10 21:28:22,i2312-C-940,i2312-C-940,5.5,0.0,0.0,0.0,10,0.4,79.3,10,5.5,0.0,0.0,0.0,0.0,0.0,13
2023-05-10 21:28:25,i2312-C-940,i2312-C-940,5.5,0.0,0.0,0.0,10,0.4,78.2,1,5.5,0.0,0.0,0.0,0.0,0.0,13
2023-05-10 21:28:25,i2312-C-940,i2312-C-940,5.5,0.0,0.0,0.0,10,0.4,78.1,10,5.5,0.0,0.0,0.0,0.0,0.0,13
2023-05-10 21:28:28,i2312-C-940,i2312-C-940,5.5,0.0,0.0,0.0,10,0.4,77.0,1,5.5,0.0,0.0,0.0,0.0,0.0,13
2023-05-10 21:28:28,i2312-C-940,i2312-C-940,5.5,0.0,0.0,0.0,10,0.4,76.9,10,5.5,0.0,0.0,0.0,0.0,0.0,13
2023-05-10 21:28:34,i2312-C-940,i2312-C-940,5.5,0.0,0.0,0.0,10,0.4,75.8,1,5.5,0.0,0.0,0.0,0.0,0.0,13
2023-05-10 21:28:34,i2312-C-940,i2312-C-940,5.5,0.0,0.0,0.0,10,0.4,75.7,10,5.5,0.0,0.0,0.0,0.0,0.0,13
2023-05-10 21:28:40,i2312-C-940,i2312-C-940,5.5,0.0,0.0,0.0,10,0.4,74.6,1,5.5,0.0,0.0,0.0,0.0,0.0,13
2023-05-10 21:28:40,i2312-C-940,i2312-C-940,5.5,0.0,0.0,0.0,10,0.4,74.5,10,5.5,0.0,0.0,0.0,0.0,0.0,13
2023-05-10 21:28:55,i2312-C-940,i2312-C-940,5.5,0.0,0.0,0.0,10,0.4,73.4,1,5.5,0.0,0.0,0.0,0.0,0.0,13
2023-05-10 21:28:56,i2312-C-940,i2312-C-940,5.5,0.0,0.0,0.0,10,0.4,73.3,10,5.5,0.0,0.0,0.0,0.0,0.0,13
2023-05-10 21:29:01,i2312-C-940,i2312-C-940,5.5,0.0,0.0,0.0,10,0.4,72.2,1,5.5,0.0,0.0,0.0,0.0,0.0,13
2023-05-10 21:29:02,i2312-C-940,i2312-C-940,5.5,0.0,0.0,0.0,10,0.4,72.1,10,5.5,0.0,0.0,0.0,0.0,0.0,13
2023-05-10 21:29:15,i2312-C-940,i2312-C-940,5.5,0.0,0.0,0.0,10,0.4,71.0,1,5.5,0.0,0.0,0.0,0.0,0.0,13
2023-05-10 21:29:16,i2312-C-940,i2312-C-940,5.5,0.0,0.0,0.0,10,0.4,70.9,10,5.5,0.0,0.0,0.0,0.0,0.0,13
2023-05-10 21:29:46,i2312-C-940,i2312-C-940,5.5,0.0,0.0,0.0,10,0.4,69.8,1,5.5,0.0,0.0,0.0,0.0,0.0,13
2023-05-10 21:29:46,i2312-C-940,i2312-C-940,5.5,0.0,0.0,0.0,10,0.4,69.7,10,5.5,0.0,0.0,0.0,0.0,0.0,13
2023-05-10 21:29:56,i2312-C-940,i2312-C-940,5.5,0.0,0.0,0.0,10,0.4,68.6,1,5.5,0.0,0.0,0.0,0.0,0.0,13
2023-05-10 21:29:56,i2312-C-940,i2312-C-940,5.5,0.0,0.0,0.0,10,0.4,68.5,10,5.5,0.0,0.0,0.0,0.0,0.0,13
2023-05-10 21:30:00,i2312-C-940,i2312-C-940,5.5,0.0,0.0,0.0,10,0.4,67.4,1,5.5,0.0,0.0,0.0,0.0,0.0,13
2023-05-10 21:30:00,i2312-C-940,i2312-C-940,5.5,0.0,0.0,0.0,10,0.4,67.3,10,5.5,0.0,0.0,0.0,0.0,0.0,13
2023-05-10 21:30:07,i2312-C-940,i2312-C-940,5.5,0.0,0.0,0.0,10,0.4,66.2,1,5.5,0.0,0.0,0.0,0.0,0.0,13
2023-05-10 21:30:07,i2312-C-940,i2312-C-940,5.5,0.0,0.0,0.0,10,0.4,66.1,10,5.5,0.0,0.0,0.0,0.0,0.0,13
2023-05-10 21:30:12,i2312-C-940,i2312-C-940,5.5,0.0,0.0,0.0,10,0.4,65.0,1,5.5,0.0,0.0,0.0,0.0,0.0,13
2023-05-10 21:30:13,i2312-C-940,i2312-C-940,5.5,0.0,0.0,0.0,10,0.4,64.9,10,5.5,0.0,0.0,0.0,0.0,0.0,13
2023-05-10 21:30:15,i2312-C-940,i2312-C-940,5.5,0.0,0.0,0.0,10,0.4,63.8,1,5.5,0.0,0.0,0.0,0.0,0.0,13
2023-05-10 21:30:15,i2312-C-940,i2312-C-940,5.5,0.0,0.0,0.0,10,0.4,63.7,10,5.5,0.0,0.0,0.0,0.0,0.0,13
2023-05-10 21:30:20,i2312-C-940,i2312-C-940,5.5,0.0,0.0,0.0,10,0.4,62.6,1,5.5,0.0,0.0,0.0,0.0,0.0,13
2023-05-10 21:30:20,i2312-C-940,i2312-C-940,5.5,0.0,0.0,0.0,10,0.4,62.5,10,5.5,0.0,0.0,0.0,0.0,0.0,13
2023-05-10 21:30:31,i2312-C-940,i2312-C-940,5.5,0.0,0.0,0.0,10,0.4,61.4,1,5.5,0.0,0.0,0.0,0.0,0.0,13
2023-05-10 21:30:31,i2312-C-940,i2312-C-940,5.5,0.0,0.0,0.0,10,0.4,61.3,10,5.5,0.0,0.0,0.0,0.0,0.0,13
2023-05-10 21:30:35,i2312-C-940,i2312-C-940,5.5,0.0,0.0,0.0,10,0.4,60.2,1,5.5,0.0,0.0,0.0,0.0,0.0,13
2023-05-10 21:30:35,i2312-C-940,i2312-C-940,5.5,0.0,0.0,0.0,10,0.4,60.1,10,5.5,0.0,0.0,0.0,0.0,0.0,13
2023-05-10 21:30:42,i2312-C-940,i2312-C-940,5.5,0.0,0.0,0.0,10,0.4,59.0,1,5.5,0.0,0.0,0.0,0.0,0.0,13
2023-05-10 21:30:42,i2312-C-940,i2312-C-940,5.5,0.0,0.0,0.0,10,0.4,58.9,10,5.5,0.0,0.0,0.0,0.0,0.0,13
2023-05-10 21:30:47,i2312-C-940,i2312-C-940,5.5,0.0,0.0,0.0,10,0.4,57.8,1,5.5,0.0,0.0,0.0,0.0,0.0,13
2023-05-10 21:30:47,i2312-C-940,i2312-C-940,5.5,0.0,0.0,0.0,10,0.4,57.7,10,5.5,0.0,0.0,0.0,0.0,0.0,13
2023-05-10 21:30:50,i2312-C-940,i2312-C-940,5.5,0.0,0.0,0.0,10,0.4,56.6,1,5.5,0.0,0.0,0.0,0.0,0.0,13
2023-05-10 21:30:50,i2312-C-940,i2312-C-940,5.5,0.0,0.0,0.0,10,0.4,56.5,10,5.5,0.0,0.0,0.0,0.0,0.0,13
2023-05-10 21:30:53,i2312-C-940,i2312-C-940,5.5,0.0,0.0,0.0,10,0.4,55.4,1,5.5,0.0,0.0,0.0,0.0,0.0,13
2023-05-10 21:30:53,i2312-C-940,i2312-C-940,5.5,0.0,0.0,0.0,10,0.4,55.3,10,5.5,0.0,0.0,0.0,0.0,0.0,13
2023-05-10 21:30:58,i2312-C-940,i2312-C-940,5.5,0.0,0.0,0.0,10,0.4,54.2,1,5.5,0.0,0.0,0.0,0.0,0.0,13
2023-05-10 21:30:58,i2312-C-940,i2312-C-940,5.5,0.0,0.0,0.0,10,0.4,54.1,10,5.5,0.0,0.0,0.0,0.0,0.0,13
2023-05-10 21:31:02,i2312-C-940,i2312-C-940,5.5,0.0,0.0,0.0,10,0.4,53.0,1,5.5,0.0,0.0,0.0,0.0,0.0,13
2023-05-10 21:31:02,i2312-C-940,i2312-C-940,5.5,0.0,0.0,0.0,10,0.4,52.9,10,5.5,0.0,0.0,0.0,0.0,0.0,13
2023-05-10 21:31:05,i2312-C-940,i2312-C-940,5.5,0.0,0.0,0.0,10,0.4,51.8,1,5.5,0.0,0.0,0.0,0.0,0.0,13
2023-05-10 21:31:05,i2312-C-940,i2312-C-940,5.5,0.0,0.0,0.0,10,0.4,51.7,10,5.5,0.0,0.0,0.0,0.0,0.0,13
2023-05-10 21:31:14,i2312-C-940,i2312-C-940,5.5,0.0,0.0,0.0,10,0.4,50.6,1,5.5,0.0,0.0,0.0,0.0,0.0,13
2023-05-10 21:31:14,i2312-C-940,i2312-C-940,5.5,0.0,0.0,0.0,10,0.4,50.5,10,5.5,0.0,0.0,0.0,0.0,0.0,13
2023-05-10 21:31:17,i2312-C-940,i2312-C-940,5.5,0.0,0.0,0.0,10,0.4,49.4,1,5.5,0.0,0.0,0.0,0.0,0.0,13
2023-05-10 21:31:17,i2312-C-940,i2312-C-940,5.5,0.0,0.0,0.0,10,0.4,49.3,10,5.5,0.0,0.0,0.0,0.0,0.0,13
2023-05-10 21:31:22,i2312-C-940,i2312-C-940,5.5,0.0,0.0,0.0,10,0.4,48.2,1,5.5,0.0,0.0,0.0,0.0,0.0,13
2023-05-10 21:31:22,i2312-C-940,i2312-C-940,5.5,0.0,0.0,0.0,10,0.4,48.1,10,5.5,0.0,0.0,0.0,0.0,0.0,13
2023-05-10 21:31:27,i2312-C-940,i2312-C-940,5.5,0.0,0.0,0.0,10,0.4,47.0,1,5.5,0.0,0.0,0.0,0.0,0.0,13
2023-05-10 21:31:27,i2312-C-940,i2312-C-940,5.5,0.0,0.0,0.0,10,0.4,46.9,10,5.5,0.0,0.0,0.0,0.0,0.0,13
2023-05-10 21:31:30,i2312-C-940,i2312-C-940,5.5,0.0,0.0,0.0,10,0.4,45.8,1,5.5,0.0,0.0,0.0,0.0,0.0,13
2023-05-10 21:31:30,i2312-C-940,i2312-C-940,5.5,0.0,0.0,0.0,10,0.4,45.7,10,5.5,0.0,0.0,0.0,0.0,0.0,13
2023-05-10 21:31:33,i2312-C-940,i2312-C-940,5.5,0.0,0.0,0.0,10,0.4,44.6,1,5.5,0.0,0.0,0.0,0.0,0.0,13
2023-05-10 21:31:33,i2312-C-940,i2312-C-940,5.5,0.0,0.0,0.0,10,0.4,44.5,10,5.5,0.0,0.0,0.0,0.0,0.0,13
2023-05-10 21:31:39,i2312-C-940,i2312-C-940,5.5,0.0,0.0,0.0,10,0.4,43.4,1,5.5,0.0,0.0,0.0,0.0,0.0,13
2023-05-10 21:31:39,i2312-C-940,i2312-C-940,5.5,0.0,0.0,0.0,10,0.4,43.3,10,5.5,0.0,0.0,0.0,0.0,0.0,13
2023-05-10 21:31:44,i2312-C-940,i2312-C-940,5.5,0.0,0.0,0.0,10,0.4,42.2,1,5.5,0.0,0.0,0.0,0.0,0.0,13
2023-05-10 21:31:44,i2312-C-940,i2312-C-940,5.5,0.0,0.0,0.0,10,0.4,42.1,10,5.5,0.0,0.0,0.0,0.0,0.0,13
2023-05-10 21:31:48,i2312-C-940,i2312-C-940,5.5,0.0,0.0,0.0,10,0.4,41.0,1,5.5,0.0,0.0,0.0,0.0,0.0,13
2023-05-10 21:31:48,i2312-C-940,i2312-C-940,5.5,0.0,0.0,0.0,10,0.4,40.9,10,5.5,0.0,0.0,0.0,0.0,0.0,13
2023-05-10 21:31:52,i2312-C-940,i2312-C-940,5.5,0.0,0.0,0.0,10,0.4,39.8,1,5.5,0.0,0.0,0.0,0.0,0.0,13
2023-05-10 21:31:52,i2312-C-940,i2312-C-940,5.5,0.0,0.0,0.0,10,0.4,39.7,10,5.5,0.0,0.0,0.0,0.0,0.0,13
2023-05-10 21:31:58,i2312-C-940,i2312-C-940,5.5,0.0,0.0,0.0,10,0.4,38.6,1,5.5,0.0,0.0,0.0,0.0,0.0,13
2023-05-10 21:31:58,i2312-C-940,i2312-C-940,5.5,0.0,0.0,0.0,10,0.4,38.5,10,5.5,0.0,0.0,0.0,0.0,0.0,13
2023-05-10 21:32:01,i2312-C-940,i2312-C-940,5.5,0.0,0.0,0.0,10,0.4,37.4,1,5.5,0.0,0.0,0.0,0.0,0.0,13
2023-05-10 21:32:02,i2312-C-940,i2312-C-940,5.5,0.0,0.0,0.0,10,0.4,37.3,10,5.5,0.0,0.0,0.0,0.0,0.0,13
2023-05-10 21:32:06,i2312-C-940,i2312-C-940,5.5,0.0,0.0,0.0,10,0.4,36.2,1,5.5,0.0,0.0,0.0,0.0,0.0,13
2023-05-10 21:32:06,i2312-C-940,i2312-C-940,5.5,0.0,0.0,0.0,10,0.4,36.1,10,5.5,0.0,0.0,0.0,0.0,0.0,13
2023-05-10 21:32:10,i2312-C-940,i2312-C-940,5.5,0.0,0.0,0.0,10,0.4,35.0,1,5.5,0.0,0.0,0.0,0.0,0.0,13
2023-05-10 21:32:10,i2312-C-940,i2312-C-940,5.5,0.0,0.0,0.0,10,0.4,34.9,10,5.5,0.0,0.0,0.0,0.0,0.0,13
2023-05-10 21:32:12,i2312-C-940,i2312-C-940,5.5,0.0,0.0,0.0,10,0.4,33.8,1,5.5,0.0,0.0,0.0,0.0,0.0,13
2023-05-10 21:32:13,i2312-C-940,i2312-C-940,5.5,0.0,0.0,0.0,10,0.4,33.7,10,5.5,0.0,0.0,0.0,0.0,0.0,13
2023-05-10 21:32:17,i2312-C-940,i2312-C-940,5.5,0.0,0.0,0.0,10,0.4,32.6,1,5.5,0.0,0.0,0.0,0.0,0.0,13
2023-05-10 21:32:18,i2312-C-940,i2312-C-940,5.5,0.0,0.0,0.0,10,0.4,32.5,10,5.5,0.0,0.0,0.0,0.0,0.0,13
2023-05-10 21:32:24,i2312-C-940,i2312-C-940,5.5,0.0,0.0,0.0,10,0.4,31.4,1,5.5,0.0,0.0,0.0,0.0,0.0,13
2023-05-10 21:32:25,i2312-C-940,i2312-C-940,5.5,0.0,0.0,0.0,10,0.4,31.3,10,5.5,0.0,0.0,0.0,0.0,0.0,13
2023-05-10 21:32:28,i2312-C-940,i2312-C-940,5.5,0.0,0.0,0.0,10,0.4,30.2,1,5.5,0.0,0.0,0.0,0.0,0.0,13
2023-05-10 21:32:28,i2312-C-940,i2312-C-940,5.5,0.0,0.0,0.0,10,0.4,30.1,10,5.5,0.0,0.0,0.0,0.0,0.0,13
2023-05-10 21:32:35,i2312-C-940,i2312-C-940,5.5,0.0,0.0,0.0,10,0.4,29.0,1,5.5,0.0,0.0,0.0,0.0,0.0,13
2023-05-10 21:32:35,i2312-C-940,i2312-C-940,5.5,0.0,0.0,0.0,10,0.4,28.9,10,5.5,0.0,0.0,0.0,0.0,0.0,13
2023-05-10 21:32:40,i2312-C-940,i2312-C-940,5.5,0.0,0.0,0.0,10,0.4,27.8,1,5.5,0.0,0.0,0.0,0.0,0.0,13
2023-05-10 21:32:40,i2312-C-940,i2312-C-940,5.5,0.0,0.0,0.0,10,0.4,27.7,10,5.5,0.0,0.0,0.0,0.0,0.0,13
2023-05-10 21:32:44,i2312-C-940,i2312-C-940,5.5,0.0,0.0,0.0,10,0.4,26.6,1,5.5,0.0,0.0,0.0,0.0,0.0,13
2023-05-10 21:32:44,i2312-C-940,i2312-C-940,5.5,0.0,0.0,0.0,10,0.4,26.5,10,5.5,0.0,0.0,0.0,0.0,0.0,13
2023-05-10 21:32:47,i2312-C-940,i2312-C-940,5.5,0.0,0.0,0.0,10,0.4,25.4,1,5.5,0.0,0.0,0.0,0.0,0.0,13
2023-05-10 21:32:47,i2312-C-940,i2312-C-940,5.5,0.0,0.0,0.0,10,0.4,25.3,10,5.5,0.0,0.0,0.0,0.0,0.0,13
2023-05-10 21:32:50,i2312-C-940,i2312-C-940,5.5,0.0,0.0,0.0,10,0.4,24.2,1,5.5,0.0,0.0,0.0,0.0,0.0,13
2023-05-10 21:32:51,i2312-C-940,i2312-C-940,5.5,0.0,0.0,0.0,10,0.4,24.1,10,5.5,0.0,0.0,0.0,0.0,0.0,13
2023-05-10 21:32:57,i2312-C-940,i2312-C-940,5.5,0.0,0.0,0.0,10,0.4,23.0,1,5.5,0.0,0.0,0.0,0.0,0.0,13
2023-05-10 21:32:57,i2312-C-940,i2312-C-940,5.5,0.0,0.0,0.0,10,0.4,22.9,10,5.5,0.0,0.0,0.0,0.0,0.0,13
2023-05-10 21:33:03,i2312-C-940,i2312-C-940,5.5,0.0,0.0,0.0,10,0.4,21.8,1,5.5,0.0,0.0,0.0,0.0,0.0,13
2023-05-10 21:33:03,i2312-C-940,i2312-C-940,5.5,0.0,0.0,0.0,10,0.4,21.7,10,5.5,0.0,0.0,0.0,0.0,0.0,13
2023-05-10 22:57:32,i2312-C-940,i2312-C-940,5.5,0.0,0.0,0.0,1,0.3,0.0,0,5.5,0.0,0.0,0.0,0.0,0.0,13
2023-05-10 22:59:13,i2312-C-940,i2312-C-940,5.5,0.0,0.0,0.0,10,0.4,0.0,0,5.5,0.0,0.0,0.0,0.0,0.0,13
2023-05-10 22:59:55,i2312-C-940,i2312-C-940,5.5,0.0,0.0,0.0,1,0.3,0.0,0,5.5,0.0,0.0,0.0,0.0,0.0,13
2023-05-11 09:00:16,i2312-C-940,i2312-C-940,5.5,0.0,0.0,0.0,10,0.4,0.0,0,5.5,0.0,0.0,0.0,0.0,0.0,13
2023-05-11 09:20:00,i2312-C-940,i2312-C-940,5.5,0.0,0.0,0.0,10,0.4,80.4,1,5.5,0.0,0.0,0.0,0.0,0.0,13
2023-05-11 09:20:00,i2312-C-940,i2312-C-940,5.5,0.0,0.0,0.0,10,0.4,80.3,10,5.5,0.0,0.0,0.0,0.0,0.0,13
2023-05-11 09:20:07,i2312-C-940,i2312-C-940,5.5,0.0,0.0,0.0,10,0.4,80.2,1,5.5,0.0,0.0,0.0,0.0,0.0,13
2023-05-11 09:20:07,i2312-C-940,i2312-C-940,5.5,0.0,0.0,0.0,10,0.4,80.1,10,5.5,0.0,0.0,0.0,0.0,0.0,13
2023-05-11 09:20:10,i2312-C-940,i2312-C-940,5.5,0.0,0.0,0.0,10,0.4,80.0,1,5.5,0.0,0.0,0.0,0.0,0.0,13
2023-05-11 09:20:11,i2312-C-940,i2312-C-940,5.5,0.0,0.0,0.0,10,0.4,79.9,10,5.5,0.0,0.0,0.0,0.0,0.0,13
2023-05-11 09:20:15,i2312-C-940,i2312-C-940,5.5,0.0,0.0,0.0,10,0.4,79.8,1,5.5,0.0,0.0,0.0,0.0,0.0,13
2023-05-11 09:20:15,i2312-C-940,i2312-C-940,5.5,0.0,0.0,0.0,10,0.4,79.7,10,5.5,0.0,0.0,0.0,0.0,0.0,13
2023-05-11 09:20:19,i2312-C-940,i2312-C-940,5.5,0.0,0.0,0.0,10,0.4,79.5,10,5.5,0.0,0.0,0.0,0.0,0.0,13
2023-05-11 09:20:24,i2312-C-940,i2312-C-940,5.5,0.0,0.0,0.0,10,0.4,79.4,1,5.5,0.0,0.0,0.0,0.0,0.0,13
2023-05-11 09:20:24,i2312-C-940,i2312-C-940,5.5,0.0,0.0,0.0,10,0.4,79.3,10,5.5,0.0,0.0,0.0,0.0,0.0,13
2023-05-11 09:20:34,i2312-C-940,i2312-C-940,5.5,0.0,0.0,0.0,10,0.4,79.2,1,5.5,0.0,0.0,0.0,0.0,0.0,13
2023-05-11 09:20:34,i2312-C-940,i2312-C-940,5.5,0.0,0.0,0.0,10,0.4,79.1,10,5.5,0.0,0.0,0.0,0.0,0.0,13
2023-05-11 09:20:39,i2312-C-940,i2312-C-940,5.5,0.0,0.0,0.0,10,0.4,79.0,1,5.5,0.0,0.0,0.0,0.0,0.0,13
2023-05-11 09:20:40,i2312-C-940,i2312-C-940,5.5,0.0,0.0,0.0,10,0.4,78.9,10,5.5,0.0,0.0,0.0,0.0,0.0,13
2023-05-11 09:20:54,i2312-C-940,i2312-C-940,5.5,0.0,0.0,0.0,10,0.4,78.8,1,5.5,0.0,0.0,0.0,0.0,0.0,13
2023-05-11 09:20:54,i2312-C-940,i2312-C-940,5.5,0.0,0.0,0.0,10,0.4,78.7,10,5.5,0.0,0.0,0.0,0.0,0.0,13
2023-05-11 09:21:19,i2312-C-940,i2312-C-940,5.5,0.0,0.0,0.0,10,0.4,78.6,1,5.5,0.0,0.0,0.0,0.0,0.0,13
2023-05-11 09:21:19,i2312-C-940,i2312-C-940,5.5,0.0,0.0,0.0,10,0.4,78.5,10,5.5,0.0,0.0,0.0,0.0,0.0,13
2023-05-11 09:21:51,i2312-C-940,i2312-C-940,5.5,0.0,0.0,0.0,10,0.4,78.4,1,5.5,0.0,0.0,0.0,0.0,0.0,13
2023-05-11 09:21:51,i2312-C-940,i2312-C-940,5.5,0.0,0.0,0.0,10,0.4,78.3,10,5.5,0.0,0.0,0.0,0.0,0.0,13
2023-05-11 09:21:54,i2312-C-940,i2312-C-940,5.5,0.0,0.0,0.0,10,0.4,78.2,1,5.5,0.0,0.0,0.0,0.0,0.0,13
2023-05-11 09:21:55,i2312-C-940,i2312-C-940,5.5,0.0,0.0,0.0,10,0.4,78.1,10,5.5,0.0,0.0,0.0,0.0,0.0,13
2023-05-11 09:22:05,i2312-C-940,i2312-C-940,5.5,0.0,0.0,0.0,10,0.4,78.0,1,5.5,0.0,0.0,0.0,0.0,0.0,13
2023-05-11 09:22:06,i2312-C-940,i2312-C-940,5.5,0.0,0.0,0.0,10,0.4,77.9,10,5.5,0.0,0.0,0.0,0.0,0.0,13
2023-05-11 09:22:10,i2312-C-940,i2312-C-940,5.5,0.0,0.0,0.0,10,0.4,77.8,1,5.5,0.0,0.0,0.0,0.0,0.0,13
2023-05-11 09:22:10,i2312-C-940,i2312-C-940,5.5,0.0,0.0,0.0,10,0.4,77.7,10,5.5,0.0,0.0,0.0,0.0,0.0,13
2023-05-11 09:22:13,i2312-C-940,i2312-C-940,5.5,0.0,0.0,0.0,10,0.4,77.6,1,5.5,0.0,0.0,0.0,0.0,0.0,13
2023-05-11 09:22:13,i2312-C-940,i2312-C-940,5.5,0.0,0.0,0.0,10,0.4,77.5,10,5.5,0.0,0.0,0.0,0.0,0.0,13
2023-05-11 09:22:18,i2312-C-940,i2312-C-940,5.5,0.0,0.0,0.0,10,0.4,77.4,1,5.5,0.0,0.0,0.0,0.0,0.0,13
2023-05-11 09:22:18,i2312-C-940,i2312-C-940,5.5,0.0,0.0,0.0,10,0.4,77.3,10,5.5,0.0,0.0,0.0,0.0,0.0,13
2023-05-11 09:22:23,i2312-C-940,i2312-C-940,5.5,0.0,0.0,0.0,10,0.4,77.2,1,5.5,0.0,0.0,0.0,0.0,0.0,13
2023-05-11 09:22:23,i2312-C-940,i2312-C-940,5.5,0.0,0.0,0.0,10,0.4,77.1,10,5.5,0.0,0.0,0.0,0.0,0.0,13
2023-05-11 09:22:26,i2312-C-940,i2312-C-940,5.5,0.0,0.0,0.0,10,0.4,77.0,1,5.5,0.0,0.0,0.0,0.0,0.0,13
2023-05-11 09:22:26,i2312-C-940,i2312-C-940,5.5,0.0,0.0,0.0,10,0.4,76.9,10,5.5,0.0,0.0,0.0,0.0,0.0,13
2023-05-11 09:22:29,i2312-C-940,i2312-C-940,5.5,0.0,0.0,0.0,10,0.4,76.8,1,5.5,0.0,0.0,0.0,0.0,0.0,13
2023-05-11 09:22:30,i2312-C-940,i2312-C-940,5.5,0.0,0.0,0.0,10,0.4,76.7,10,5.5,0.0,0.0,0.0,0.0,0.0,13
2023-05-11 09:22:31,i2312-C-940,i2312-C-940,5.5,0.0,0.0,0.0,10,0.4,76.6,1,5.5,0.0,0.0,0.0,0.0,0.0,13
2023-05-11 09:22:31,i2312-C-940,i2312-C-940,5.5,0.0,0.0,0.0,10,0.4,76.5,10,5.5,0.0,0.0,0.0,0.0,0.0,13
2023-05-11 09:22:37,i2312-C-940,i2312-C-940,5.5,0.0,0.0,0.0,10,0.4,76.4,1,5.5,0.0,0.0,0.0,0.0,0.0,13
2023-05-11 09:22:37,i2312-C-940,i2312-C-940,5.5,0.0,0.0,0.0,10,0.4,76.3,10,5.5,0.0,0.0,0.0,0.0,0.0,13
2023-05-11 09:22:41,i2312-C-940,i2312-C-940,5.5,0.0,0.0,0.0,10,0.4,76.2,1,5.5,0.0,0.0,0.0,0.0,0.0,13
2023-05-11 09:22:41,i2312-C-940,i2312-C-940,5.5,0.0,0.0,0.0,10,0.4,76.1,10,5.5,0.0,0.0,0.0,0.0,0.0,13
2023-05-11 09:22:46,i2312-C-940,i2312-C-940,5.5,0.0,0.0,0.0,10,0.4,76.0,1,5.5,0.0,0.0,0.0,0.0,0.0,13
2023-05-11 09:22:46,i2312-C-940,i2312-C-940,5.5,0.0,0.0,0.0,10,0.4,75.9,10,5.5,0.0,0.0,0.0,0.0,0.0,13
2023-05-11 09:22:51,i2312-C-940,i2312-C-940,5.5,0.0,0.0,0.0,10,0.4,75.8,1,5.5,0.0,0.0,0.0,0.0,0.0,13
2023-05-11 09:22:51,i2312-C-940,i2312-C-940,5.5,0.0,0.0,0.0,10,0.4,75.7,10,5.5,0.0,0.0,0.0,0.0,0.0,13
2023-05-11 09:23:36,i2312-C-940,i2312-C-940,5.5,0.0,0.0,0.0,10,0.4,75.6,1,5.5,0.0,0.0,0.0,0.0,0.0,13
2023-05-11 09:23:36,i2312-C-940,i2312-C-940,5.5,0.0,0.0,0.0,10,0.4,75.5,10,5.5,0.0,0.0,0.0,0.0,0.0,13
2023-05-11 09:23:44,i2312-C-940,i2312-C-940,5.5,0.0,0.0,0.0,10,0.4,75.4,1,5.5,0.0,0.0,0.0,0.0,0.0,13
2023-05-11 09:23:44,i2312-C-940,i2312-C-940,5.5,0.0,0.0,0.0,10,0.4,75.3,10,5.5,0.0,0.0,0.0,0.0,0.0,13
2023-05-11 09:23:56,i2312-C-940,i2312-C-940,5.5,0.0,0.0,0.0,10,0.4,75.2,1,5.5,0.0,0.0,0.0,0.0,0.0,13
2023-05-11 09:23:56,i2312-C-940,i2312-C-940,5.5,0.0,0.0,0.0,10,0.4,75.1,10,5.5,0.0,0.0,0.0,0.0,0.0,13
2023-05-11 09:24:07,i2312-C-940,i2312-C-940,5.5,0.0,0.0,0.0,10,0.4,75.0,1,5.5,0.0,0.0,0.0,0.0,0.0,13
2023-05-11 09:24:07,i2312-C-940,i2312-C-940,5.5,0.0,0.0,0.0,10,0.4,74.9,10,5.5,0.0,0.0,0.0,0.0,0.0,13
2023-05-11 09:24:21,i2312-C-940,i2312-C-940,5.5,0.0,0.0,0.0,10,0.4,74.8,1,5.5,0.0,0.0,0.0,0.0,0.0,13
2023-05-11 09:24:21,i2312-C-940,i2312-C-940,5.5,0.0,0.0,0.0,10,0.4,74.7,10,5.5,0.0,0.0,0.0,0.0,0.0,13
2023-05-11 09:24:24,i2312-C-940,i2312-C-940,5.5,0.0,0.0,0.0,10,0.4,74.6,1,5.5,0.0,0.0,0.0,0.0,0.0,13
2023-05-11 09:24:24,i2312-C-940,i2312-C-940,5.5,0.0,0.0,0.0,10,0.4,74.5,10,5.5,0.0,0.0,0.0,0.0,0.0,13
2023-05-11 09:24:31,i2312-C-940,i2312-C-940,5.5,0.0,0.0,0.0,10,0.4,74.4,1,5.5,0.0,0.0,0.0,0.0,0.0,13
2023-05-11 09:24:31,i2312-C-940,i2312-C-940,5.5,0.0,0.0,0.0,10,0.4,74.3,10,5.5,0.0,0.0,0.0,0.0,0.0,13
2023-05-11 09:24:41,i2312-C-940,i2312-C-940,5.5,0.0,0.0,0.0,10,0.4,74.2,1,5.5,0.0,0.0,0.0,0.0,0.0,13
2023-05-11 09:24:41,i2312-C-940,i2312-C-940,5.5,0.0,0.0,0.0,10,0.4,74.1,10,5.5,0.0,0.0,0.0,0.0,0.0,13
2023-05-11 09:24:45,i2312-C-940,i2312-C-940,5.5,0.0,0.0,0.0,10,0.4,74.0,1,5.5,0.0,0.0,0.0,0.0,0.0,13
2023-05-11 09:24:45,i2312-C-940,i2312-C-940,5.5,0.0,0.0,0.0,10,0.4,73.9,10,5.5,0.0,0.0,0.0,0.0,0.0,13
2023-05-11 09:24:49,i2312-C-940,i2312-C-940,5.5,0.0,0.0,0.0,10,0.4,73.8,1,5.5,0.0,0.0,0.0,0.0,0.0,13
2023-05-11 09:24:49,i2312-C-940,i2312-C-940,5.5,0.0,0.0,0.0,10,0.4,73.7,10,5.5,0.0,0.0,0.0,0.0,0.0,13
2023-05-11 09:24:54,i2312-C-940,i2312-C-940,5.5,0.0,0.0,0.0,10,0.4,73.6,1,5.5,0.0,0.0,0.0,0.0,0.0,13
2023-05-11 09:24:54,i2312-C-940,i2312-C-940,5.5,0.0,0.0,0.0,10,0.4,73.5,10,5.5,0.0,0.0,0.0,0.0,0.0,13
2023-05-11 09:25:00,i2312-C-940,i2312-C-940,5.5,0.0,0.0,0.0,10,0.4,73.4,1,5.5,0.0,0.0,0.0,0.0,0.0,13
2023-05-11 09:25:00,i2312-C-940,i2312-C-940,5.5,0.0,0.0,0.0,10,0.4,73.3,10,5.5,0.0,0.0,0.0,0.0,0.0,13
2023-05-11 09:25:06,i2312-C-940,i2312-C-940,5.5,0.0,0.0,0.0,10,0.4,73.2,1,5.5,0.0,0.0,0.0,0.0,0.0,13
2023-05-11 09:25:07,i2312-C-940,i2312-C-940,5.5,0.0,0.0,0.0,10,0.4,73.1,10,5.5,0.0,0.0,0.0,0.0,0.0,13
2023-05-11 09:25:12,i2312-C-940,i2312-C-940,5.5,0.0,0.0,0.0,10,0.4,73.0,1,5.5,0.0,0.0,0.0,0.0,0.0,13
2023-05-11 09:25:12,i2312-C-940,i2312-C-940,5.5,0.0,0.0,0.0,10,0.4,72.9,10,5.5,0.0,0.0,0.0,0.0,0.0,13
2023-05-11 09:25:20,i2312-C-940,i2312-C-940,5.5,0.0,0.0,0.0,10,0.4,72.8,1,5.5,0.0,0.0,0.0,0.0,0.0,13
2023-05-11 09:25:20,i2312-C-940,i2312-C-940,5.5,0.0,0.0,0.0,10,0.4,72.7,10,5.5,0.0,0.0,0.0,0.0,0.0,13
2023-05-11 09:25:24,i2312-C-940,i2312-C-940,5.5,0.0,0.0,0.0,10,0.4,72.6,1,5.5,0.0,0.0,0.0,0.0,0.0,13
2023-05-11 09:25:24,i2312-C-940,i2312-C-940,5.5,0.0,0.0,0.0,10,0.4,72.5,10,5.5,0.0,0.0,0.0,0.0,0.0,13
2023-05-11 09:25:27,i2312-C-940,i2312-C-940,5.5,0.0,0.0,0.0,10,0.4,72.4,1,5.5,0.0,0.0,0.0,0.0,0.0,13
2023-05-11 09:25:27,i2312-C-940,i2312-C-940,5.5,0.0,0.0,0.0,10,0.4,72.3,10,5.5,0.0,0.0,0.0,0.0,0.0,13
2023-05-11 09:25:33,i2312-C-940,i2312-C-940,5.5,0.0,0.0,0.0,10,0.4,72.2,1,5.5,0.0,0.0,0.0,0.0,0.0,13
2023-05-11 09:25:33,i2312-C-940,i2312-C-940,5.5,0.0,0.0,0.0,10,0.4,72.1,10,5.5,0.0,0.0,0.0,0.0,0.0,13
2023-05-11 09:25:35,i2312-C-940,i2312-C-940,5.5,0.0,0.0,0.0,10,0.4,72.0,1,5.5,0.0,0.0,0.0,0.0,0.0,13
2023-05-11 09:25:36,i2312-C-940,i2312-C-940,5.5,0.0,0.0,0.0,10,0.4,71.9,10,5.5,0.0,0.0,0.0,0.0,0.0,13
2023-05-11 09:25:43,i2312-C-940,i2312-C-940,5.5,0.0,0.0,0.0,10,0.4,71.8,1,5.5,0.0,0.0,0.0,0.0,0.0,13
2023-05-11 09:25:43,i2312-C-940,i2312-C-940,5.5,0.0,0.0,0.0,10,0.4,71.7,10,5.5,0.0,0.0,0.0,0.0,0.0,13
2023-05-11 09:25:52,i2312-C-940,i2312-C-940,5.5,0.0,0.0,0.0,10,0.4,71.6,1,5.5,0.0,0.0,0.0,0.0,0.0,13
2023-05-11 09:25:52,i2312-C-940,i2312-C-940,5.5,0.0,0.0,0.0,10,0.4,71.5,10,5.5,0.0,0.0,0.0,0.0,0.0,13
2023-05-11 09:25:58,i2312-C-940,i2312-C-940,5.5,0.0,0.0,0.0,10,0.4,71.4,1,5.5,0.0,0.0,0.0,0.0,0.0,13
2023-05-11 09:25:59,i2312-C-940,i2312-C-940,5.5,0.0,0.0,0.0,10,0.4,71.3,10,5.5,0.0,0.0,0.0,0.0,0.0,13
2023-05-11 09:26:06,i2312-C-940,i2312-C-940,5.5,0.0,0.0,0.0,10,0.4,71.2,1,5.5,0.0,0.0,0.0,0.0,0.0,13
2023-05-11 09:26:06,i2312-C-940,i2312-C-940,5.5,0.0,0.0,0.0,10,0.4,71.1,10,5.5,0.0,0.0,0.0,0.0,0.0,13
2023-05-11 09:26:12,i2312-C-940,i2312-C-940,5.5,0.0,0.0,0.0,10,0.4,71.0,1,5.5,0.0,0.0,0.0,0.0,0.0,13
2023-05-11 09:26:12,i2312-C-940,i2312-C-940,5.5,0.0,0.0,0.0,10,0.4,70.9,10,5.5,0.0,0.0,0.0,0.0,0.0,13
2023-05-11 09:26:18,i2312-C-940,i2312-C-940,5.5,0.0,0.0,0.0,10,0.4,70.8,1,5.5,0.0,0.0,0.0,0.0,0.0,13
2023-05-11 09:26:18,i2312-C-940,i2312-C-940,5.5,0.0,0.0,0.0,10,0.4,70.7,10,5.5,0.0,0.0,0.0,0.0,0.0,13
2023-05-11 10:14:32,i2312-C-940,i2312-C-940,5.5,0.0,0.0,0.0,1,0.3,0.0,0,5.5,0.0,0.0,0.0,0.0,0.0,13
2023-05-11 10:30:06,i2312-C-940,i2312-C-940,5.5,0.0,0.0,0.0,10,0.4,0.0,0,5.5,0.0,0.0,0.0,0.0,0.0,13
2023-05-11 10:53:21,i2312-C-940,i2312-C-940,5.5,0.0,0.0,0.0,10,0.4,80.4,1,5.5,0.0,0.0,0.0,0.0,0.0,13
2023-05-11 10:53:21,i2312-C-940,i2312-C-940,5.5,0.0,0.0,0.0,10,0.4,80.3,10,5.5,0.0,0.0,0.0,0.0,0.0,13
2023-05-11 10:53:25,i2312-C-940,i2312-C-940,5.5,0.0,0.0,0.0,10,0.4,80.2,1,5.5,0.0,0.0,0.0,0.0,0.0,13
2023-05-11 10:53:25,i2312-C-940,i2312-C-940,5.5,0.0,0.0,0.0,10,0.4,80.1,10,5.5,0.0,0.0,0.0,0.0,0.0,13
2023-05-11 10:53:29,i2312-C-940,i2312-C-940,5.5,0.0,0.0,0.0,10,0.4,80.0,1,5.5,0.0,0.0,0.0,0.0,0.0,13
2023-05-11 10:53:30,i2312-C-940,i2312-C-940,5.5,0.0,0.0,0.0,10,0.4,79.9,10,5.5,0.0,0.0,0.0,0.0,0.0,13
2023-05-11 10:53:33,i2312-C-940,i2312-C-940,5.5,0.0,0.0,0.0,10,0.4,79.8,1,5.5,0.0,0.0,0.0,0.0,0.0,13
2023-05-11 10:53:33,i2312-C-940,i2312-C-940,5.5,0.0,0.0,0.0,10,0.4,79.7,10,5.5,0.0,0.0,0.0,0.0,0.0,13
2023-05-11 10:53:36,i2312-C-940,i2312-C-940,5.5,0.0,0.0,0.0,10,0.4,79.6,1,5.5,0.0,0.0,0.0,0.0,0.0,13
2023-05-11 10:53:37,i2312-C-940,i2312-C-940,5.5,0.0,0.0,0.0,10,0.4,79.5,10,5.5,0.0,0.0,0.0,0.0,0.0,13
2023-05-11 10:53:39,i2312-C-940,i2312-C-940,5.5,0.0,0.0,0.0,10,0.4,79.4,1,5.5,0.0,0.0,0.0,0.0,0.0,13
2023-05-11 10:53:39,i2312-C-940,i2312-C-940,5.5,0.0,0.0,0.0,10,0.4,79.3,10,5.5,0.0,0.0,0.0,0.0,0.0,13
2023-05-11 10:53:44,i2312-C-940,i2312-C-940,5.5,0.0,0.0,0.0,10,0.4,79.2,1,5.5,0.0,0.0,0.0,0.0,0.0,13
2023-05-11 10:53:44,i2312-C-940,i2312-C-940,5.5,0.0,0.0,0.0,10,0.4,79.1,10,5.5,0.0,0.0,0.0,0.0,0.0,13
2023-05-11 10:53:48,i2312-C-940,i2312-C-940,5.5,0.0,0.0,0.0,10,0.4,79.0,1,5.5,0.0,0.0,0.0,0.0,0.0,13
2023-05-11 10:53:48,i2312-C-940,i2312-C-940,5.5,0.0,0.0,0.0,10,0.4,78.9,10,5.5,0.0,0.0,0.0,0.0,0.0,13
2023-05-11 10:53:52,i2312-C-940,i2312-C-940,5.5,0.0,0.0,0.0,10,0.4,78.8,1,5.5,0.0,0.0,0.0,0.0,0.0,13
2023-05-11 10:53:52,i2312-C-940,i2312-C-940,5.5,0.0,0.0,0.0,10,0.4,78.7,10,5.5,0.0,0.0,0.0,0.0,0.0,13
2023-05-11 10:53:57,i2312-C-940,i2312-C-940,5.5,0.0,0.0,0.0,10,0.4,78.6,1,5.5,0.0,0.0,0.0,0.0,0.0,13
2023-05-11 10:53:57,i2312-C-940,i2312-C-940,5.5,0.0,0.0,0.0,10,0.4,78.5,10,5.5,0.0,0.0,0.0,0.0,0.0,13
2023-05-11 10:54:01,i2312-C-940,i2312-C-940,5.5,0.0,0.0,0.0,10,0.4,78.4,1,5.5,0.0,0.0,0.0,0.0,0.0,13
2023-05-11 10:54:01,i2312-C-940,i2312-C-940,5.5,0.0,0.0,0.0,10,0.4,78.3,10,5.5,0.0,0.0,0.0,0.0,0.0,13
2023-05-11 10:54:06,i2312-C-940,i2312-C-940,5.5,0.0,0.0,0.0,10,0.4,78.1,10,5.5,0.0,0.0,0.0,0.0,0.0,13
2023-05-11 10:54:10,i2312-C-940,i2312-C-940,5.5,0.0,0.0,0.0,10,0.4,78.0,1,5.5,0.0,0.0,0.0,0.0,0.0,13
2023-05-11 10:54:10,i2312-C-940,i2312-C-940,5.5,0.0,0.0,0.0,10,0.4,77.9,10,5.5,0.0,0.0,0.0,0.0,0.0,13
2023-05-11 10:54:13,i2312-C-940,i2312-C-940,5.5,0.0,0.0,0.0,10,0.4,77.8,1,5.5,0.0,0.0,0.0,0.0,0.0,13
2023-05-11 10:54:13,i2312-C-940,i2312-C-940,5.5,0.0,0.0,0.0,10,0.4,77.7,10,5.5,0.0,0.0,0.0,0.0,0.0,13
2023-05-11 10:54:16,i2312-C-940,i2312-C-940,5.5,0.0,0.0,0.0,10,0.4,77.6,1,5.5,0.0,0.0,0.0,0.0,0.0,13
2023-05-11 10:54:16,i2312-C-940,i2312-C-940,5.5,0.0,0.0,0.0,10,0.4,77.5,10,5.5,0.0,0.0,0.0,0.0,0.0,13
2023-05-11 10:54:20,i2312-C-940,i2312-C-940,5.5,0.0,0.0,0.0,10,0.4,77.4,1,5.5,0.0,0.0,0.0,0.0,0.0,13
2023-05-11 10:54:20,i2312-C-940,i2312-C-940,5.5,0.0,0.0,0.0,10,0.4,77.3,10,5.5,0.0,0.0,0.0,0.0,0.0,13
2023-05-11 10:54:26,i2312-C-940,i2312-C-940,5.5,0.0,0.0,0.0,10,0.4,77.2,1,5.5,0.0,0.0,0.0,0.0,0.0,13
2023-05-11 10:54:26,i2312-C-940,i2312-C-940,5.5,0.0,0.0,0.0,10,0.4,77.1,10,5.5,0.0,0.0,0.0,0.0,0.0,13
2023-05-11 10:54:36,i2312-C-940,i2312-C-940,5.5,0.0,0.0,0.0,10,0.4,77.0,1,5.5,0.0,0.0,0.0,0.0,0.0,13
2023-05-11 10:54:36,i2312-C-940,i2312-C-940,5.5,0.0,0.0,0.0,10,0.4,76.9,10,5.5,0.0,0.0,0.0,0.0,0.0,13
2023-05-11 10:54:40,i2312-C-940,i2312-C-940,5.5,0.0,0.0,0.0,10,0.4,76.8,1,5.5,0.0,0.0,0.0,0.0,0.0,13
2023-05-11 10:54:40,i2312-C-940,i2312-C-940,5.5,0.0,0.0,0.0,10,0.4,76.7,10,5.5,0.0,0.0,0.0,0.0,0.0,13
2023-05-11 10:54:44,i2312-C-940,i2312-C-940,5.5,0.0,0.0,0.0,10,0.4,76.6,1,5.5,0.0,0.0,0.0,0.0,0.0,13
2023-05-11 10:54:44,i2312-C-940,i2312-C-940,5.5,0.0,0.0,0.0,10,0.4,76.5,10,5.5,0.0,0.0,0.0,0.0,0.0,13
2023-05-11 10:54:50,i2312-C-940,i2312-C-940,5.5,0.0,0.0,0.0,10,0.4,76.4,1,5.5,0.0,0.0,0.0,0.0,0.0,13
2023-05-11 10:54:51,i2312-C-940,i2312-C-940,5.5,0.0,0.0,0.0,10,0.4,76.3,10,5.5,0.0,0.0,0.0,0.0,0.0,13
2023-05-11 10:54:56,i2312-C-940,i2312-C-940,5.5,0.0,0.0,0.0,10,0.4,76.2,1,5.5,0.0,0.0,0.0,0.0,0.0,13
2023-05-11 10:54:56,i2312-C-940,i2312-C-940,5.5,0.0,0.0,0.0,10,0.4,76.1,10,5.5,0.0,0.0,0.0,0.0,0.0,13
2023-05-11 10:54:59,i2312-C-940,i2312-C-940,5.5,0.0,0.0,0.0,10,0.4,76.0,1,5.5,0.0,0.0,0.0,0.0,0.0,13
2023-05-11 10:54:59,i2312-C-940,i2312-C-940,5.5,0.0,0.0,0.0,10,0.4,75.9,10,5.5,0.0,0.0,0.0,0.0,0.0,13
2023-05-11 10:55:02,i2312-C-940,i2312-C-940,5.5,0.0,0.0,0.0,10,0.4,75.8,1,5.5,0.0,0.0,0.0,0.0,0.0,13
2023-05-11 10:55:03,i2312-C-940,i2312-C-940,5.5,0.0,0.0,0.0,10,0.4,75.7,10,5.5,0.0,0.0,0.0,0.0,0.0,13
2023-05-11 10:55:06,i2312-C-940,i2312-C-940,5.5,0.0,0.0,0.0,10,0.4,75.6,1,5.5,0.0,0.0,0.0,0.0,0.0,13
2023-05-11 10:55:06,i2312-C-940,i2312-C-940,5.5,0.0,0.0,0.0,10,0.4,75.5,10,5.5,0.0,0.0,0.0,0.0,0.0,13
2023-05-11 10:55:09,i2312-C-940,i2312-C-940,5.5,0.0,0.0,0.0,10,0.4,75.4,1,5.5,0.0,0.0,0.0,0.0,0.0,13
2023-05-11 10:55:09,i2312-C-940,i2312-C-940,5.5,0.0,0.0,0.0,10,0.4,75.3,10,5.5,0.0,0.0,0.0,0.0,0.0,13
2023-05-11 10:55:13,i2312-C-940,i2312-C-940,5.5,0.0,0.0,0.0,10,0.4,75.2,1,5.5,0.0,0.0,0.0,0.0,0.0,13
2023-05-11 10:55:13,i2312-C-940,i2312-C-940,5.5,0.0,0.0,0.0,10,0.4,75.1,10,5.5,0.0,0.0,0.0,0.0,0.0,13
2023-05-11 10:55:16,i2312-C-940,i2312-C-940,5.5,0.0,0.0,0.0,10,0.4,75.0,1,5.5,0.0,0.0,0.0,0.0,0.0,13
2023-05-11 10:55:17,i2312-C-940,i2312-C-940,5.5,0.0,0.0,0.0,10,0.4,74.9,10,5.5,0.0,0.0,0.0,0.0,0.0,13
2023-05-11 10:55:19,i2312-C-940,i2312-C-940,5.5,0.0,0.0,0.0,10,0.4,74.8,1,5.5,0.0,0.0,0.0,0.0,0.0,13
2023-05-11 10:55:19,i2312-C-940,i2312-C-940,5.5,0.0,0.0,0.0,10,0.4,74.7,10,5.5,0.0,0.0,0.0,0.0,0.0,13
2023-05-11 10:55:21,i2312-C-940,i2312-C-940,5.5,0.0,0.0,0.0,10,0.4,74.6,1,5.5,0.0,0.0,0.0,0.0,0.0,13
2023-05-11 10:55:22,i2312-C-940,i2312-C-940,5.5,0.0,0.0,0.0,10,0.4,74.5,10,5.5,0.0,0.0,0.0,0.0,0.0,13
2023-05-11 10:55:24,i2312-C-940,i2312-C-940,5.5,0.0,0.0,0.0,10,0.4,74.4,1,5.5,0.0,0.0,0.0,0.0,0.0,13
2023-05-11 10:55:24,i2312-C-940,i2312-C-940,5.5,0.0,0.0,0.0,10,0.4,74.3,10,5.5,0.0,0.0,0.0,0.0,0.0,13
2023-05-11 10:55:27,i2312-C-940,i2312-C-940,5.5,0.0,0.0,0.0,10,0.4,74.2,1,5.5,0.0,0.0,0.0,0.0,0.0,13
2023-05-11 10:55:27,i2312-C-940,i2312-C-940,5.5,0.0,0.0,0.0,10,0.4,74.1,10,5.5,0.0,0.0,0.0,0.0,0.0,13
2023-05-11 10:55:30,i2312-C-940,i2312-C-940,5.5,0.0,0.0,0.0,10,0.4,74.0,1,5.5,0.0,0.0,0.0,0.0,0.0,13
2023-05-11 10:55:30,i2312-C-940,i2312-C-940,5.5,0.0,0.0,0.0,10,0.4,73.9,10,5.5,0.0,0.0,0.0,0.0,0.0,13
2023-05-11 10:55:33,i2312-C-940,i2312-C-940,5.5,0.0,0.0,0.0,10,0.4,73.8,1,5.5,0.0,0.0,0.0,0.0,0.0,13
2023-05-11 10:55:33,i2312-C-940,i2312-C-940,5.5,0.0,0.0,0.0,10,0.4,73.7,10,5.5,0.0,0.0,0.0,0.0,0.0,13
2023-05-11 10:55:36,i2312-C-940,i2312-C-940,5.5,0.0,0.0,0.0,10,0.4,73.6,1,5.5,0.0,0.0,0.0,0.0,0.0,13
2023-05-11 10:55:36,i2312-C-940,i2312-C-940,5.5,0.0,0.0,0.0,10,0.4,73.5,10,5.5,0.0,0.0,0.0,0.0,0.0,13
2023-05-11 10:55:40,i2312-C-940,i2312-C-940,5.5,0.0,0.0,0.0,10,0.4,73.4,1,5.5,0.0,0.0,0.0,0.0,0.0,13
2023-05-11 10:55:40,i2312-C-940,i2312-C-940,5.5,0.0,0.0,0.0,10,0.4,73.3,10,5.5,0.0,0.0,0.0,0.0,0.0,13
2023-05-11 10:55:43,i2312-C-940,i2312-C-940,5.5,0.0,0.0,0.0,10,0.4,73.2,1,5.5,0.0,0.0,0.0,0.0,0.0,13
2023-05-11 10:55:43,i2312-C-940,i2312-C-940,5.5,0.0,0.0,0.0,10,0.4,73.1,10,5.5,0.0,0.0,0.0,0.0,0.0,13
2023-05-11 10:55:46,i2312-C-940,i2312-C-940,5.5,0.0,0.0,0.0,10,0.4,73.0,1,5.5,0.0,0.0,0.0,0.0,0.0,13
2023-05-11 10:55:46,i2312-C-940,i2312-C-940,5.5,0.0,0.0,0.0,10,0.4,72.9,10,5.5,0.0,0.0,0.0,0.0,0.0,13
2023-05-11 10:55:50,i2312-C-940,i2312-C-940,5.5,0.0,0.0,0.0,10,0.4,72.8,1,5.5,0.0,0.0,0.0,0.0,0.0,13
2023-05-11 10:55:50,i2312-C-940,i2312-C-940,5.5,0.0,0.0,0.0,10,0.4,72.7,10,5.5,0.0,0.0,0.0,0.0,0.0,13
2023-05-11 10:55:54,i2312-C-940,i2312-C-940,5.5,0.0,0.0,0.0,10,0.4,72.6,1,5.5,0.0,0.0,0.0,0.0,0.0,13
2023-05-11 10:55:54,i2312-C-940,i2312-C-940,5.5,0.0,0.0,0.0,10,0.4,72.5,10,5.5,0.0,0.0,0.0,0.0,0.0,13
2023-05-11 10:55:57,i2312-C-940,i2312-C-940,5.5,0.0,0.0,0.0,10,0.4,72.4,1,5.5,0.0,0.0,0.0,0.0,0.0,13
2023-05-11 10:55:57,i2312-C-940,i2312-C-940,5.5,0.0,0.0,0.0,10,0.4,72.3,10,5.5,0.0,0.0,0.0,0.0,0.0,13
2023-05-11 10:56:00,i2312-C-940,i2312-C-940,5.5,0.0,0.0,0.0,10,0.4,72.2,1,5.5,0.0,0.0,0.0,0.0,0.0,13
2023-05-11 10:56:01,i2312-C-940,i2312-C-940,5.5,0.0,0.0,0.0,10,0.4,72.1,10,5.5,0.0,0.0,0.0,0.0,0.0,13
2023-05-11 10:56:04,i2312-C-940,i2312-C-940,5.5,0.0,0.0,0.0,10,0.4,72.0,1,5.5,0.0,0.0,0.0,0.0,0.0,13
2023-05-11 10:56:04,i2312-C-940,i2312-C-940,5.5,0.0,0.0,0.0,10,0.4,71.9,10,5.5,0.0,0.0,0.0,0.0,0.0,13
2023-05-11 10:56:07,i2312-C-940,i2312-C-940,5.5,0.0,0.0,0.0,10,0.4,71.8,1,5.5,0.0,0.0,0.0,0.0,0.0,13
2023-05-11 10:56:07,i2312-C-940,i2312-C-940,5.5,0.0,0.0,0.0,10,0.4,71.7,10,5.5,0.0,0.0,0.0,0.0,0.0,13
2023-05-11 10:56:11,i2312-C-940,i2312-C-940,5.5,0.0,0.0,0.0,10,0.4,71.6,1,5.5,0.0,0.0,0.0,0.0,0.0,13
2023-05-11 10:56:11,i2312-C-940,i2312-C-940,5.5,0.0,0.0,0.0,10,0.4,71.5,10,5.5,0.0,0.0,0.0,0.0,0.0,13
2023-05-11 10:56:14,i2312-C-940,i2312-C-940,5.5,0.0,0.0,0.0,10,0.4,71.4,1,5.5,0.0,0.0,0.0,0.0,0.0,13
2023-05-11 10:56:14,i2312-C-940,i2312-C-940,5.5,0.0,0.0,0.0,10,0.4,71.3,10,5.5,0.0,0.0,0.0,0.0,0.0,13
2023-05-11 10:56:16,i2312-C-940,i2312-C-940,5.5,0.0,0.0,0.0,10,0.4,71.2,1,5.5,0.0,0.0,0.0,0.0,0.0,13
2023-05-11 10:56:16,i2312-C-940,i2312-C-940,5.5,0.0,0.0,0.0,10,0.4,71.1,10,5.5,0.0,0.0,0.0,0.0,0.0,13
2023-05-11 10:56:18,i2312-C-940,i2312-C-940,5.5,0.0,0.0,0.0,10,0.4,71.0,1,5.5,0.0,0.0,0.0,0.0,0.0,13
2023-05-11 10:56:19,i2312-C-940,i2312-C-940,5.5,0.0,0.0,0.0,10,0.4,70.9,10,5.5,0.0,0.0,0.0,0.0,0.0,13
2023-05-11 10:56:22,i2312-C-940,i2312-C-940,5.5,0.0,0.0,0.0,10,0.4,70.8,1,5.5,0.0,0.0,0.0,0.0,0.0,13
2023-05-11 10:56:22,i2312-C-940,i2312-C-940,5.5,0.0,0.0,0.0,10,0.4,70.7,10,5.5,0.0,0.0,0.0,0.0,0.0,13
2023-05-11 11:05:23,i2312-C-940,i2312-C-940,5.5,0.0,0.0,0.0,1,0.3,0.0,0,5.5,0.0,0.0,0.0,0.0,0.0,13
2023-05-11 11:07:18,i2312-C-940,i2312-C-940,5.5,0.0,0.0,0.0,10,0.4,0.0,0,5.5,0.0,0.0,0.0,0.0,0.0,13
2023-05-11 11:10:17,i2312-C-940,i2312-C-940,5.5,0.0,0.0,0.0,1,0.3,0.0,0,5.5,0.0,0.0,0.0,0.0,0.0,13
2023-05-11 11:11:32,i2312-C-940,i2312-C-940,5.5,0.0,0.0,0.0,10,0.4,0.0,0,5.5,0.0,0.0,0.0,0.0,0.0,13
2023-05-11 11:29:32,i2312-C-940,i2312-C-940,5.5,0.0,0.0,0.0,1,0.3,0.0,0,5.5,0.0,0.0,0.0,0.0,0.0,13
2023-05-11 13:30:14,i2312-C-940,i2312-C-940,5.5,0.0,0.0,0.0,10,0.4,0.0,0,5.5,0.0,0.0,0.0,0.0,0.0,13
2023-05-11 13:48:27,i2312-C-940,i2312-C-940,5.5,0.0,0.0,0.0,10,0.4,79.4,1,5.5,0.0,0.0,0.0,0.0,0.0,13
2023-05-11 13:48:27,i2312-C-940,i2312-C-940,5.5,0.0,0.0,0.0,10,0.4,79.3,10,5.5,0.0,0.0,0.0,0.0,0.0,13
2023-05-11 13:48:42,i2312-C-940,i2312-C-940,5.5,0.0,0.0,0.0,10,0.4,78.2,1,5.5,0.0,0.0,0.0,0.0,0.0,13
2023-05-11 13:48:43,i2312-C-940,i2312-C-940,5.5,0.0,0.0,0.0,10,0.4,78.1,10,5.5,0.0,0.0,0.0,0.0,0.0,13
2023-05-11 13:49:01,i2312-C-940,i2312-C-940,5.5,0.0,0.0,0.0,10,0.4,77.0,1,5.5,0.0,0.0,0.0,0.0,0.0,13
2023-05-11 13:49:01,i2312-C-940,i2312-C-940,5.5,0.0,0.0,0.0,10,0.4,76.9,10,5.5,0.0,0.0,0.0,0.0,0.0,13
2023-05-11 13:49:17,i2312-C-940,i2312-C-940,5.5,0.0,0.0,0.0,10,0.4,75.8,1,5.5,0.0,0.0,0.0,0.0,0.0,13
2023-05-11 13:49:18,i2312-C-940,i2312-C-940,5.5,0.0,0.0,0.0,10,0.4,75.7,10,5.5,0.0,0.0,0.0,0.0,0.0,13
2023-05-11 13:49:22,i2312-C-940,i2312-C-940,5.5,0.0,0.0,0.0,10,0.4,74.6,1,5.5,0.0,0.0,0.0,0.0,0.0,13
2023-05-11 13:49:23,i2312-C-940,i2312-C-940,5.5,0.0,0.0,0.0,10,0.4,74.5,10,5.5,0.0,0.0,0.0,0.0,0.0,13
2023-05-11 13:49:28,i2312-C-940,i2312-C-940,5.5,0.0,0.0,0.0,10,0.4,73.4,1,5.5,0.0,0.0,0.0,0.0,0.0,13
2023-05-11 13:49:28,i2312-C-940,i2312-C-940,5.5,0.0,0.0,0.0,10,0.4,73.3,10,5.5,0.0,0.0,0.0,0.0,0.0,13
2023-05-11 13:49:33,i2312-C-940,i2312-C-940,5.5,0.0,0.0,0.0,10,0.4,72.2,1,5.5,0.0,0.0,0.0,0.0,0.0,13
2023-05-11 13:49:34,i2312-C-940,i2312-C-940,5.5,0.0,0.0,0.0,10,0.4,72.1,10,5.5,0.0,0.0,0.0,0.0,0.0,13
2023-05-11 13:50:18,i2312-C-940,i2312-C-940,5.5,0.0,0.0,0.0,10,0.4,71.0,1,5.5,0.0,0.0,0.0,0.0,0.0,13
2023-05-11 13:50:19,i2312-C-940,i2312-C-940,5.5,0.0,0.0,0.0,10,0.4,70.9,10,5.5,0.0,0.0,0.0,0.0,0.0,13
2023-05-11 13:50:44,i2312-C-940,i2312-C-940,5.5,0.0,0.0,0.0,10,0.4,69.8,1,5.5,0.0,0.0,0.0,0.0,0.0,13
2023-05-11 13:50:44,i2312-C-940,i2312-C-940,5.5,0.0,0.0,0.0,10,0.4,69.7,10,5.5,0.0,0.0,0.0,0.0,0.0,13
2023-05-11 13:51:03,i2312-C-940,i2312-C-940,5.5,0.0,0.0,0.0,10,0.4,68.6,1,5.5,0.0,0.0,0.0,0.0,0.0,13
2023-05-11 13:51:04,i2312-C-940,i2312-C-940,5.5,0.0,0.0,0.0,10,0.4,68.5,10,5.5,0.0,0.0,0.0,0.0,0.0,13
2023-05-11 13:51:10,i2312-C-940,i2312-C-940,5.5,0.0,0.0,0.0,10,0.4,67.4,1,5.5,0.0,0.0,0.0,0.0,0.0,13
2023-05-11 13:51:11,i2312-C-940,i2312-C-940,5.5,0.0,0.0,0.0,10,0.4,67.3,10,5.5,0.0,0.0,0.0,0.0,0.0,13
2023-05-11 13:51:21,i2312-C-940,i2312-C-940,5.5,0.0,0.0,0.0,10,0.4,66.2,1,5.5,0.0,0.0,0.0,0.0,0.0,13
2023-05-11 13:51:21,i2312-C-940,i2312-C-940,5.5,0.0,0.0,0.0,10,0.4,66.1,10,5.5,0.0,0.0,0.0,0.0,0.0,13
2023-05-11 13:51:31,i2312-C-940,i2312-C-940,5.5,0.0,0.0,0.0,10,0.4,65.0,1,5.5,0.0,0.0,0.0,0.0,0.0,13
2023-05-11 13:51:32,i2312-C-940,i2312-C-940,5.5,0.0,0.0,0.0,10,0.4,64.9,10,5.5,0.0,0.0,0.0,0.0,0.0,13
2023-05-11 13:51:37,i2312-C-940,i2312-C-940,5.5,0.0,0.0,0.0,10,0.4,63.8,1,5.5,0.0,0.0,0.0,0.0,0.0,13
2023-05-11 13:51:37,i2312-C-940,i2312-C-940,5.5,0.0,0.0,0.0,10,0.4,63.7,10,5.5,0.0,0.0,0.0,0.0,0.0,13
2023-05-11 13:52:00,i2312-C-940,i2312-C-940,5.5,0.0,0.0,0.0,10,0.4,62.6,1,5.5,0.0,0.0,0.0,0.0,0.0,13
2023-05-11 13:52:00,i2312-C-940,i2312-C-940,5.5,0.0,0.0,0.0,10,0.4,62.5,10,5.5,0.0,0.0,0.0,0.0,0.0,13
2023-05-11 13:52:05,i2312-C-940,i2312-C-940,5.5,0.0,0.0,0.0,10,0.4,61.4,1,5.5,0.0,0.0,0.0,0.0,0.0,13
2023-05-11 13:52:05,i2312-C-940,i2312-C-940,5.5,0.0,0.0,0.0,10,0.4,61.3,10,5.5,0.0,0.0,0.0,0.0,0.0,13
2023-05-11 13:52:11,i2312-C-940,i2312-C-940,5.5,0.0,0.0,0.0,10,0.4,60.2,1,5.5,0.0,0.0,0.0,0.0,0.0,13
2023-05-11 13:52:11,i2312-C-940,i2312-C-940,5.5,0.0,0.0,0.0,10,0.4,60.1,10,5.5,0.0,0.0,0.0,0.0,0.0,13
2023-05-11 13:52:16,i2312-C-940,i2312-C-940,5.5,0.0,0.0,0.0,10,0.4,59.0,1,5.5,0.0,0.0,0.0,0.0,0.0,13
2023-05-11 13:52:16,i2312-C-940,i2312-C-940,5.5,0.0,0.0,0.0,10,0.4,58.9,10,5.5,0.0,0.0,0.0,0.0,0.0,13
2023-05-11 13:52:25,i2312-C-940,i2312-C-940,5.5,0.0,0.0,0.0,10,0.4,57.8,1,5.5,0.0,0.0,0.0,0.0,0.0,13
2023-05-11 13:52:25,i2312-C-940,i2312-C-940,5.5,0.0,0.0,0.0,10,0.4,57.7,10,5.5,0.0,0.0,0.0,0.0,0.0,13
2023-05-11 13:52:36,i2312-C-940,i2312-C-940,5.5,0.0,0.0,0.0,10,0.4,56.6,1,5.5,0.0,0.0,0.0,0.0,0.0,13
2023-05-11 13:52:36,i2312-C-940,i2312-C-940,5.5,0.0,0.0,0.0,10,0.4,56.5,10,5.5,0.0,0.0,0.0,0.0,0.0,13
2023-05-11 13:52:40,i2312-C-940,i2312-C-940,5.5,0.0,0.0,0.0,10,0.4,55.4,1,5.5,0.0,0.0,0.0,0.0,0.0,13
2023-05-11 13:52:40,i2312-C-940,i2312-C-940,5.5,0.0,0.0,0.0,10,0.4,55.3,10,5.5,0.0,0.0,0.0,0.0,0.0,13
2023-05-11 13:52:46,i2312-C-940,i2312-C-940,5.5,0.0,0.0,0.0,10,0.4,54.2,1,5.5,0.0,0.0,0.0,0.0,0.0,13
2023-05-11 13:52:46,i2312-C-940,i2312-C-940,5.5,0.0,0.0,0.0,10,0.4,54.1,10,5.5,0.0,0.0,0.0,0.0,0.0,13
2023-05-11 13:52:51,i2312-C-940,i2312-C-940,5.5,0.0,0.0,0.0,10,0.4,53.0,1,5.5,0.0,0.0,0.0,0.0,0.0,13
2023-05-11 13:52:51,i2312-C-940,i2312-C-940,5.5,0.0,0.0,0.0,10,0.4,52.9,10,5.5,0.0,0.0,0.0,0.0,0.0,13
2023-05-11 13:52:56,i2312-C-940,i2312-C-940,5.5,0.0,0.0,0.0,10,0.4,51.8,1,5.5,0.0,0.0,0.0,0.0,0.0,13
2023-05-11 13:52:56,i2312-C-940,i2312-C-940,5.5,0.0,0.0,0.0,10,0.4,51.7,10,5.5,0.0,0.0,0.0,0.0,0.0,13
2023-05-11 13:52:59,i2312-C-940,i2312-C-940,5.5,0.0,0.0,0.0,10,0.4,50.6,1,5.5,0.0,0.0,0.0,0.0,0.0,13
2023-05-11 13:52:59,i2312-C-940,i2312-C-940,5.5,0.0,0.0,0.0,10,0.4,50.5,10,5.5,0.0,0.0,0.0,0.0,0.0,13
2023-05-11 13:53:02,i2312-C-940,i2312-C-940,5.5,0.0,0.0,0.0,10,0.4,49.4,1,5.5,0.0,0.0,0.0,0.0,0.0,13
2023-05-11 13:53:02,i2312-C-940,i2312-C-940,5.5,0.0,0.0,0.0,10,0.4,49.3,10,5.5,0.0,0.0,0.0,0.0,0.0,13
2023-05-11 13:53:06,i2312-C-940,i2312-C-940,5.5,0.0,0.0,0.0,10,0.4,48.2,1,5.5,0.0,0.0,0.0,0.0,0.0,13
2023-05-11 13:53:06,i2312-C-940,i2312-C-940,5.5,0.0,0.0,0.0,10,0.4,48.1,10,5.5,0.0,0.0,0.0,0.0,0.0,13
2023-05-11 13:53:11,i2312-C-940,i2312-C-940,5.5,0.0,0.0,0.0,10,0.4,47.0,1,5.5,0.0,0.0,0.0,0.0,0.0,13
2023-05-11 13:53:11,i2312-C-940,i2312-C-940,5.5,0.0,0.0,0.0,10,0.4,46.9,10,5.5,0.0,0.0,0.0,0.0,0.0,13
2023-05-11 13:53:16,i2312-C-940,i2312-C-940,5.5,0.0,0.0,0.0,10,0.4,45.8,1,5.5,0.0,0.0,0.0,0.0,0.0,13
2023-05-11 13:53:16,i2312-C-940,i2312-C-940,5.5,0.0,0.0,0.0,10,0.4,45.7,10,5.5,0.0,0.0,0.0,0.0,0.0,13
2023-05-11 13:53:20,i2312-C-940,i2312-C-940,5.5,0.0,0.0,0.0,10,0.4,44.6,1,5.5,0.0,0.0,0.0,0.0,0.0,13
2023-05-11 13:53:20,i2312-C-940,i2312-C-940,5.5,0.0,0.0,0.0,10,0.4,44.5,10,5.5,0.0,0.0,0.0,0.0,0.0,13
2023-05-11 13:53:25,i2312-C-940,i2312-C-940,5.5,0.0,0.0,0.0,10,0.4,43.4,1,5.5,0.0,0.0,0.0,0.0,0.0,13
2023-05-11 13:53:25,i2312-C-940,i2312-C-940,5.5,0.0,0.0,0.0,10,0.4,43.3,10,5.5,0.0,0.0,0.0,0.0,0.0,13
2023-05-11 13:53:28,i2312-C-940,i2312-C-940,5.5,0.0,0.0,0.0,10,0.4,42.2,1,5.5,0.0,0.0,0.0,0.0,0.0,13
2023-05-11 13:53:28,i2312-C-940,i2312-C-940,5.5,0.0,0.0,0.0,10,0.4,42.1,10,5.5,0.0,0.0,0.0,0.0,0.0,13
2023-05-11 13:53:33,i2312-C-940,i2312-C-940,5.5,0.0,0.0,0.0,10,0.4,41.0,1,5.5,0.0,0.0,0.0,0.0,0.0,13
2023-05-11 13:53:33,i2312-C-940,i2312-C-940,5.5,0.0,0.0,0.0,10,0.4,40.9,10,5.5,0.0,0.0,0.0,0.0,0.0,13
2023-05-11 13:53:36,i2312-C-940,i2312-C-940,5.5,0.0,0.0,0.0,10,0.4,39.8,1,5.5,0.0,0.0,0.0,0.0,0.0,13
2023-05-11 13:53:36,i2312-C-940,i2312-C-940,5.5,0.0,0.0,0.0,10,0.4,39.7,10,5.5,0.0,0.0,0.0,0.0,0.0,13
2023-05-11 13:53:42,i2312-C-940,i2312-C-940,5.5,0.0,0.0,0.0,10,0.4,38.6,1,5.5,0.0,0.0,0.0,0.0,0.0,13
2023-05-11 13:53:42,i2312-C-940,i2312-C-940,5.5,0.0,0.0,0.0,10,0.4,38.5,10,5.5,0.0,0.0,0.0,0.0,0.0,13
2023-05-11 13:53:47,i2312-C-940,i2312-C-940,5.5,0.0,0.0,0.0,10,0.4,37.4,1,5.5,0.0,0.0,0.0,0.0,0.0,13
2023-05-11 13:53:47,i2312-C-940,i2312-C-940,5.5,0.0,0.0,0.0,10,0.4,37.3,10,5.5,0.0,0.0,0.0,0.0,0.0,13
2023-05-11 13:53:51,i2312-C-940,i2312-C-940,5.5,0.0,0.0,0.0,10,0.4,36.2,1,5.5,0.0,0.0,0.0,0.0,0.0,13
2023-05-11 13:53:51,i2312-C-940,i2312-C-940,5.5,0.0,0.0,0.0,10,0.4,36.1,10,5.5,0.0,0.0,0.0,0.0,0.0,13
2023-05-11 13:53:58,i2312-C-940,i2312-C-940,5.5,0.0,0.0,0.0,10,0.4,35.0,1,5.5,0.0,0.0,0.0,0.0,0.0,13
2023-05-11 13:53:58,i2312-C-940,i2312-C-940,5.5,0.0,0.0,0.0,10,0.4,34.9,10,5.5,0.0,0.0,0.0,0.0,0.0,13
2023-05-11 13:54:10,i2312-C-940,i2312-C-940,5.5,0.0,0.0,0.0,10,0.4,33.8,1,5.5,0.0,0.0,0.0,0.0,0.0,13
2023-05-11 13:54:10,i2312-C-940,i2312-C-940,5.5,0.0,0.0,0.0,10,0.4,33.7,10,5.5,0.0,0.0,0.0,0.0,0.0,13
2023-05-11 13:54:16,i2312-C-940,i2312-C-940,5.5,0.0,0.0,0.0,10,0.4,32.6,1,5.5,0.0,0.0,0.0,0.0,0.0,13
2023-05-11 13:54:17,i2312-C-940,i2312-C-940,5.5,0.0,0.0,0.0,10,0.4,32.5,10,5.5,0.0,0.0,0.0,0.0,0.0,13
2023-05-11 13:54:21,i2312-C-940,i2312-C-940,5.5,0.0,0.0,0.0,10,0.4,31.4,1,5.5,0.0,0.0,0.0,0.0,0.0,13
2023-05-11 13:54:21,i2312-C-940,i2312-C-940,5.5,0.0,0.0,0.0,10,0.4,31.3,10,5.5,0.0,0.0,0.0,0.0,0.0,13
2023-05-11 13:54:26,i2312-C-940,i2312-C-940,5.5,0.0,0.0,0.0,10,0.4,30.2,1,5.5,0.0,0.0,0.0,0.0,0.0,13
2023-05-11 13:54:26,i2312-C-940,i2312-C-940,5.5,0.0,0.0,0.0,10,0.4,30.1,10,5.5,0.0,0.0,0.0,0.0,0.0,13
2023-05-11 13:54:39,i2312-C-940,i2312-C-940,5.5,0.0,0.0,0.0,10,0.4,29.0,1,5.5,0.0,0.0,0.0,0.0,0.0,13
2023-05-11 13:54:40,i2312-C-940,i2312-C-940,5.5,0.0,0.0,0.0,10,0.4,28.9,10,5.5,0.0,0.0,0.0,0.0,0.0,13
2023-05-11 13:54:43,i2312-C-940,i2312-C-940,5.5,0.0,0.0,0.0,10,0.4,27.8,1,5.5,0.0,0.0,0.0,0.0,0.0,13
2023-05-11 13:54:43,i2312-C-940,i2312-C-940,5.5,0.0,0.0,0.0,10,0.4,27.7,10,5.5,0.0,0.0,0.0,0.0,0.0,13
2023-05-11 13:54:48,i2312-C-940,i2312-C-940,5.5,0.0,0.0,0.0,10,0.4,26.6,1,5.5,0.0,0.0,0.0,0.0,0.0,13
2023-05-11 13:54:48,i2312-C-940,i2312-C-940,5.5,0.0,0.0,0.0,10,0.4,26.5,10,5.5,0.0,0.0,0.0,0.0,0.0,13
2023-05-11 13:54:58,i2312-C-940,i2312-C-940,5.5,0.0,0.0,0.0,10,0.4,25.4,1,5.5,0.0,0.0,0.0,0.0,0.0,13
2023-05-11 13:54:58,i2312-C-940,i2312-C-940,5.5,0.0,0.0,0.0,10,0.4,25.3,10,5.5,0.0,0.0,0.0,0.0,0.0,13
2023-05-11 13:55:03,i2312-C-940,i2312-C-940,5.5,0.0,0.0,0.0,10,0.4,24.2,1,5.5,0.0,0.0,0.0,0.0,0.0,13
2023-05-11 13:55:03,i2312-C-940,i2312-C-940,5.5,0.0,0.0,0.0,10,0.4,24.1,10,5.5,0.0,0.0,0.0,0.0,0.0,13
2023-05-11 13:55:12,i2312-C-940,i2312-C-940,5.5,0.0,0.0,0.0,10,0.4,23.0,1,5.5,0.0,0.0,0.0,0.0,0.0,13
2023-05-11 13:55:13,i2312-C-940,i2312-C-940,5.5,0.0,0.0,0.0,10,0.4,22.9,10,5.5,0.0,0.0,0.0,0.0,0.0,13
2023-05-11 13:55:21,i2312-C-940,i2312-C-940,5.5,0.0,0.0,0.0,10,0.4,21.8,1,5.5,0.0,0.0,0.0,0.0,0.0,13
2023-05-11 13:55:22,i2312-C-940,i2312-C-940,5.5,0.0,0.0,0.0,10,0.4,21.7,10,5.5,0.0,0.0,0.0,0.0,0.0,13
2023-05-11 14:23:11,i2312-C-940,i2312-C-940,5.5,0.0,0.0,0.0,1,0.3,0.0,0,5.5,0.0,0.0,0.0,0.0,0.0,13
2023-05-11 14:23:51,i2312-C-940,i2312-C-940,5.5,0.0,0.0,0.0,10,0.4,0.0,0,5.5,0.0,0.0,0.0,0.0,0.0,13
2023-05-11 14:39:15,i2312-C-940,i2312-C-940,5.5,0.0,0.0,0.0,1,0.3,0.0,0,5.5,0.0,0.0,0.0,0.0,0.0,13
2023-05-11 14:46:52,i2312-C-940,i2312-C-940,5.5,0.0,0.0,0.0,10,0.4,0.0,0,5.5,0.0,0.0,0.0,0.0,0.0,13
2023-05-11 14:58:49,i2312-C-940,i2312-C-940,5.5,0.0,0.0,0.0,1,0.3,0.0,0,5.5,0.0,0.0,0.0,0.0,0.0,13
2023-05-11 14:59:02,i2312-C-940,i2312-C-940,5.5,0.0,0.0,0.0,10,0.4,0.0,0,5.5,0.0,0.0,0.0,0.0,0.0,13
2023-05-11 14:59:54,i2312-C-940,i2312-C-940,5.5,0.0,0.0,0.0,1,0.3,0.0,0,5.5,0.0,0.0,0.0,0.0,0.0,13
2023-05-11 15:01:10,i2312-C-940,i2312-C-940,5.5,0.0,0.0,0.0,1,0.3,0.0,0,5.5,0.0,0.0,0.0,0.0,0.0,13
