time,symbol_id,symbol_name,last,trade_volume,trade_amount,open_interest_change,bv1,bp1,ap1,av1,yesterday_close,today_open,today_high,today_low,volume,amount,open_interest
2023-05-10 20:56:08,i2311-P-620,i2311-P-620,27.8,0.0,0.0,0.0,1,0.1,0.0,0,27.8,0.0,0.0,0.0,0.0,0.0,9
2023-05-10 21:00:05,i2311-P-620,i2311-P-620,27.8,0.0,0.0,0.0,10,0.2,0.0,0,27.8,0.0,0.0,0.0,0.0,0.0,9
2023-05-10 21:01:02,i2311-P-620,i2311-P-620,27.8,0.0,0.0,0.0,1,1.4,0.0,0,27.8,0.0,0.0,0.0,0.0,0.0,9
2023-05-10 21:01:02,i2311-P-620,i2311-P-620,27.8,0.0,0.0,0.0,10,1.5,0.0,0,27.8,0.0,0.0,0.0,0.0,0.0,9
2023-05-10 21:01:18,i2311-P-620,i2311-P-620,27.8,0.0,0.0,0.0,1,1.6,0.0,0,27.8,0.0,0.0,0.0,0.0,0.0,9
2023-05-10 21:01:18,i2311-P-620,i2311-P-620,27.8,0.0,0.0,0.0,10,1.7,0.0,0,27.8,0.0,0.0,0.0,0.0,0.0,9
2023-05-10 21:03:07,i2311-P-620,i2311-P-620,27.8,0.0,0.0,0.0,2,1.8,0.0,0,27.8,0.0,0.0,0.0,0.0,0.0,9
2023-05-10 21:03:07,i2311-P-620,i2311-P-620,27.8,0.0,0.0,0.0,10,1.9,0.0,0,27.8,0.0,0.0,0.0,0.0,0.0,9
2023-05-10 21:03:29,i2311-P-620,i2311-P-620,27.8,0.0,0.0,0.0,2,2.0,0.0,0,27.8,0.0,0.0,0.0,0.0,0.0,9
2023-05-10 21:03:29,i2311-P-620,i2311-P-620,27.8,0.0,0.0,0.0,10,2.1,0.0,0,27.8,0.0,0.0,0.0,0.0,0.0,9
2023-05-10 21:05:52,i2311-P-620,i2311-P-620,27.8,0.0,0.0,0.0,2,2.2,0.0,0,27.8,0.0,0.0,0.0,0.0,0.0,9
2023-05-10 21:05:52,i2311-P-620,i2311-P-620,27.8,0.0,0.0,0.0,10,2.3,0.0,0,27.8,0.0,0.0,0.0,0.0,0.0,9
2023-05-10 21:05:54,i2311-P-620,i2311-P-620,27.8,0.0,0.0,0.0,2,2.4,0.0,0,27.8,0.0,0.0,0.0,0.0,0.0,9
2023-05-10 21:05:54,i2311-P-620,i2311-P-620,27.8,0.0,0.0,0.0,10,2.5,0.0,0,27.8,0.0,0.0,0.0,0.0,0.0,9
2023-05-10 21:05:55,i2311-P-620,i2311-P-620,27.8,0.0,0.0,0.0,2,2.6,0.0,0,27.8,0.0,0.0,0.0,0.0,0.0,9
2023-05-10 21:05:55,i2311-P-620,i2311-P-620,27.8,0.0,0.0,0.0,10,2.7,0.0,0,27.8,0.0,0.0,0.0,0.0,0.0,9
2023-05-10 21:05:57,i2311-P-620,i2311-P-620,27.8,0.0,0.0,0.0,2,2.8,0.0,0,27.8,0.0,0.0,0.0,0.0,0.0,9
2023-05-10 21:05:57,i2311-P-620,i2311-P-620,27.8,0.0,0.0,0.0,10,2.9,0.0,0,27.8,0.0,0.0,0.0,0.0,0.0,9
2023-05-10 21:05:59,i2311-P-620,i2311-P-620,27.8,0.0,0.0,0.0,2,3.0,0.0,0,27.8,0.0,0.0,0.0,0.0,0.0,9
2023-05-10 21:05:59,i2311-P-620,i2311-P-620,27.8,0.0,0.0,0.0,10,3.1,0.0,0,27.8,0.0,0.0,0.0,0.0,0.0,9
2023-05-10 21:06:01,i2311-P-620,i2311-P-620,27.8,0.0,0.0,0.0,2,3.2,0.0,0,27.8,0.0,0.0,0.0,0.0,0.0,9
2023-05-10 21:06:01,i2311-P-620,i2311-P-620,27.8,0.0,0.0,0.0,10,3.3,0.0,0,27.8,0.0,0.0,0.0,0.0,0.0,9
2023-05-10 21:06:05,i2311-P-620,i2311-P-620,27.8,0.0,0.0,0.0,2,3.4,0.0,0,27.8,0.0,0.0,0.0,0.0,0.0,9
2023-05-10 21:06:05,i2311-P-620,i2311-P-620,27.8,0.0,0.0,0.0,10,3.5,0.0,0,27.8,0.0,0.0,0.0,0.0,0.0,9
2023-05-10 21:06:09,i2311-P-620,i2311-P-620,27.8,0.0,0.0,0.0,2,3.6,0.0,0,27.8,0.0,0.0,0.0,0.0,0.0,9
2023-05-10 21:06:09,i2311-P-620,i2311-P-620,27.8,0.0,0.0,0.0,10,3.7,0.0,0,27.8,0.0,0.0,0.0,0.0,0.0,9
2023-05-10 21:06:12,i2311-P-620,i2311-P-620,27.8,0.0,0.0,0.0,2,3.8,0.0,0,27.8,0.0,0.0,0.0,0.0,0.0,9
2023-05-10 21:06:12,i2311-P-620,i2311-P-620,27.8,0.0,0.0,0.0,10,3.9,0.0,0,27.8,0.0,0.0,0.0,0.0,0.0,9
2023-05-10 21:06:15,i2311-P-620,i2311-P-620,27.8,0.0,0.0,0.0,2,4.0,0.0,0,27.8,0.0,0.0,0.0,0.0,0.0,9
2023-05-10 21:06:15,i2311-P-620,i2311-P-620,27.8,0.0,0.0,0.0,10,4.1,0.0,0,27.8,0.0,0.0,0.0,0.0,0.0,9
2023-05-10 21:06:17,i2311-P-620,i2311-P-620,27.8,0.0,0.0,0.0,2,4.2,0.0,0,27.8,0.0,0.0,0.0,0.0,0.0,9
2023-05-10 21:06:17,i2311-P-620,i2311-P-620,27.8,0.0,0.0,0.0,10,4.3,0.0,0,27.8,0.0,0.0,0.0,0.0,0.0,9
2023-05-10 21:06:19,i2311-P-620,i2311-P-620,27.8,0.0,0.0,0.0,2,4.4,0.0,0,27.8,0.0,0.0,0.0,0.0,0.0,9
2023-05-10 21:06:19,i2311-P-620,i2311-P-620,27.8,0.0,0.0,0.0,10,4.5,0.0,0,27.8,0.0,0.0,0.0,0.0,0.0,9
2023-05-10 21:06:20,i2311-P-620,i2311-P-620,27.8,0.0,0.0,0.0,2,4.6,0.0,0,27.8,0.0,0.0,0.0,0.0,0.0,9
2023-05-10 21:06:20,i2311-P-620,i2311-P-620,27.8,0.0,0.0,0.0,10,4.7,0.0,0,27.8,0.0,0.0,0.0,0.0,0.0,9
2023-05-10 21:06:23,i2311-P-620,i2311-P-620,27.8,0.0,0.0,0.0,2,4.8,0.0,0,27.8,0.0,0.0,0.0,0.0,0.0,9
2023-05-10 21:06:23,i2311-P-620,i2311-P-620,27.8,0.0,0.0,0.0,10,4.9,0.0,0,27.8,0.0,0.0,0.0,0.0,0.0,9
2023-05-10 21:06:25,i2311-P-620,i2311-P-620,27.8,0.0,0.0,0.0,2,5.0,0.0,0,27.8,0.0,0.0,0.0,0.0,0.0,9
2023-05-10 21:06:25,i2311-P-620,i2311-P-620,27.8,0.0,0.0,0.0,10,5.1,0.0,0,27.8,0.0,0.0,0.0,0.0,0.0,9
2023-05-10 21:06:26,i2311-P-620,i2311-P-620,27.8,0.0,0.0,0.0,2,5.2,0.0,0,27.8,0.0,0.0,0.0,0.0,0.0,9
2023-05-10 21:06:26,i2311-P-620,i2311-P-620,27.8,0.0,0.0,0.0,10,5.3,0.0,0,27.8,0.0,0.0,0.0,0.0,0.0,9
2023-05-10 21:06:28,i2311-P-620,i2311-P-620,27.8,0.0,0.0,0.0,2,5.4,0.0,0,27.8,0.0,0.0,0.0,0.0,0.0,9
2023-05-10 21:06:28,i2311-P-620,i2311-P-620,27.8,0.0,0.0,0.0,10,5.5,0.0,0,27.8,0.0,0.0,0.0,0.0,0.0,9
2023-05-10 21:06:29,i2311-P-620,i2311-P-620,27.8,0.0,0.0,0.0,2,5.6,0.0,0,27.8,0.0,0.0,0.0,0.0,0.0,9
2023-05-10 21:06:29,i2311-P-620,i2311-P-620,27.8,0.0,0.0,0.0,10,5.7,0.0,0,27.8,0.0,0.0,0.0,0.0,0.0,9
2023-05-10 21:06:31,i2311-P-620,i2311-P-620,27.8,0.0,0.0,0.0,2,5.8,0.0,0,27.8,0.0,0.0,0.0,0.0,0.0,9
2023-05-10 21:06:31,i2311-P-620,i2311-P-620,27.8,0.0,0.0,0.0,10,5.9,0.0,0,27.8,0.0,0.0,0.0,0.0,0.0,9
2023-05-10 21:06:33,i2311-P-620,i2311-P-620,27.8,0.0,0.0,0.0,2,6.0,0.0,0,27.8,0.0,0.0,0.0,0.0,0.0,9
2023-05-10 21:06:33,i2311-P-620,i2311-P-620,27.8,0.0,0.0,0.0,10,6.1,0.0,0,27.8,0.0,0.0,0.0,0.0,0.0,9
2023-05-10 21:06:34,i2311-P-620,i2311-P-620,27.8,0.0,0.0,0.0,2,6.2,0.0,0,27.8,0.0,0.0,0.0,0.0,0.0,9
2023-05-10 21:06:34,i2311-P-620,i2311-P-620,27.8,0.0,0.0,0.0,10,6.3,0.0,0,27.8,0.0,0.0,0.0,0.0,0.0,9
2023-05-10 21:06:36,i2311-P-620,i2311-P-620,27.8,0.0,0.0,0.0,2,6.4,0.0,0,27.8,0.0,0.0,0.0,0.0,0.0,9
2023-05-10 21:06:36,i2311-P-620,i2311-P-620,27.8,0.0,0.0,0.0,10,6.5,0.0,0,27.8,0.0,0.0,0.0,0.0,0.0,9
2023-05-10 21:06:37,i2311-P-620,i2311-P-620,27.8,0.0,0.0,0.0,2,6.6,0.0,0,27.8,0.0,0.0,0.0,0.0,0.0,9
2023-05-10 21:06:37,i2311-P-620,i2311-P-620,27.8,0.0,0.0,0.0,10,6.7,0.0,0,27.8,0.0,0.0,0.0,0.0,0.0,9
2023-05-10 21:06:39,i2311-P-620,i2311-P-620,27.8,0.0,0.0,0.0,2,6.8,0.0,0,27.8,0.0,0.0,0.0,0.0,0.0,9
2023-05-10 21:06:39,i2311-P-620,i2311-P-620,27.8,0.0,0.0,0.0,10,6.9,0.0,0,27.8,0.0,0.0,0.0,0.0,0.0,9
2023-05-10 21:06:41,i2311-P-620,i2311-P-620,27.8,0.0,0.0,0.0,2,7.0,0.0,0,27.8,0.0,0.0,0.0,0.0,0.0,9
2023-05-10 21:06:41,i2311-P-620,i2311-P-620,27.8,0.0,0.0,0.0,10,7.1,0.0,0,27.8,0.0,0.0,0.0,0.0,0.0,9
2023-05-10 21:06:43,i2311-P-620,i2311-P-620,27.8,0.0,0.0,0.0,2,7.2,0.0,0,27.8,0.0,0.0,0.0,0.0,0.0,9
2023-05-10 21:06:43,i2311-P-620,i2311-P-620,27.8,0.0,0.0,0.0,10,7.3,0.0,0,27.8,0.0,0.0,0.0,0.0,0.0,9
2023-05-10 21:06:44,i2311-P-620,i2311-P-620,27.8,0.0,0.0,0.0,2,7.4,0.0,0,27.8,0.0,0.0,0.0,0.0,0.0,9
2023-05-10 21:06:44,i2311-P-620,i2311-P-620,27.8,0.0,0.0,0.0,10,7.5,0.0,0,27.8,0.0,0.0,0.0,0.0,0.0,9
2023-05-10 21:06:46,i2311-P-620,i2311-P-620,27.8,0.0,0.0,0.0,2,7.6,0.0,0,27.8,0.0,0.0,0.0,0.0,0.0,9
2023-05-10 21:06:46,i2311-P-620,i2311-P-620,27.8,0.0,0.0,0.0,10,7.7,0.0,0,27.8,0.0,0.0,0.0,0.0,0.0,9
2023-05-10 21:06:47,i2311-P-620,i2311-P-620,27.8,0.0,0.0,0.0,2,7.8,0.0,0,27.8,0.0,0.0,0.0,0.0,0.0,9
2023-05-10 21:06:47,i2311-P-620,i2311-P-620,27.8,0.0,0.0,0.0,10,7.9,0.0,0,27.8,0.0,0.0,0.0,0.0,0.0,9
2023-05-10 21:06:48,i2311-P-620,i2311-P-620,27.8,0.0,0.0,0.0,2,8.0,0.0,0,27.8,0.0,0.0,0.0,0.0,0.0,9
2023-05-10 21:06:48,i2311-P-620,i2311-P-620,27.8,0.0,0.0,0.0,10,8.1,0.0,0,27.8,0.0,0.0,0.0,0.0,0.0,9
2023-05-10 21:06:49,i2311-P-620,i2311-P-620,27.8,0.0,0.0,0.0,2,8.2,0.0,0,27.8,0.0,0.0,0.0,0.0,0.0,9
2023-05-10 21:06:49,i2311-P-620,i2311-P-620,27.8,0.0,0.0,0.0,10,8.3,0.0,0,27.8,0.0,0.0,0.0,0.0,0.0,9
2023-05-10 21:06:50,i2311-P-620,i2311-P-620,27.8,0.0,0.0,0.0,2,8.4,0.0,0,27.8,0.0,0.0,0.0,0.0,0.0,9
2023-05-10 21:06:50,i2311-P-620,i2311-P-620,27.8,0.0,0.0,0.0,10,8.5,0.0,0,27.8,0.0,0.0,0.0,0.0,0.0,9
2023-05-10 21:06:51,i2311-P-620,i2311-P-620,27.8,0.0,0.0,0.0,2,8.6,0.0,0,27.8,0.0,0.0,0.0,0.0,0.0,9
2023-05-10 21:06:51,i2311-P-620,i2311-P-620,27.8,0.0,0.0,0.0,10,8.7,0.0,0,27.8,0.0,0.0,0.0,0.0,0.0,9
2023-05-10 21:06:52,i2311-P-620,i2311-P-620,27.8,0.0,0.0,0.0,2,8.8,0.0,0,27.8,0.0,0.0,0.0,0.0,0.0,9
2023-05-10 21:06:52,i2311-P-620,i2311-P-620,27.8,0.0,0.0,0.0,10,8.9,0.0,0,27.8,0.0,0.0,0.0,0.0,0.0,9
2023-05-10 21:06:53,i2311-P-620,i2311-P-620,27.8,0.0,0.0,0.0,2,9.0,0.0,0,27.8,0.0,0.0,0.0,0.0,0.0,9
2023-05-10 21:06:53,i2311-P-620,i2311-P-620,27.8,0.0,0.0,0.0,10,9.1,0.0,0,27.8,0.0,0.0,0.0,0.0,0.0,9
2023-05-10 21:06:54,i2311-P-620,i2311-P-620,27.8,0.0,0.0,0.0,2,9.2,0.0,0,27.8,0.0,0.0,0.0,0.0,0.0,9
2023-05-10 21:06:54,i2311-P-620,i2311-P-620,27.8,0.0,0.0,0.0,10,9.3,0.0,0,27.8,0.0,0.0,0.0,0.0,0.0,9
2023-05-10 21:06:56,i2311-P-620,i2311-P-620,27.8,0.0,0.0,0.0,2,9.4,0.0,0,27.8,0.0,0.0,0.0,0.0,0.0,9
2023-05-10 21:06:56,i2311-P-620,i2311-P-620,27.8,0.0,0.0,0.0,10,9.5,0.0,0,27.8,0.0,0.0,0.0,0.0,0.0,9
2023-05-10 21:06:57,i2311-P-620,i2311-P-620,27.8,0.0,0.0,0.0,2,9.6,0.0,0,27.8,0.0,0.0,0.0,0.0,0.0,9
2023-05-10 21:06:57,i2311-P-620,i2311-P-620,27.8,0.0,0.0,0.0,10,9.7,0.0,0,27.8,0.0,0.0,0.0,0.0,0.0,9
2023-05-10 21:06:58,i2311-P-620,i2311-P-620,27.8,0.0,0.0,0.0,2,9.8,0.0,0,27.8,0.0,0.0,0.0,0.0,0.0,9
2023-05-10 21:06:58,i2311-P-620,i2311-P-620,27.8,0.0,0.0,0.0,10,9.9,0.0,0,27.8,0.0,0.0,0.0,0.0,0.0,9
2023-05-10 21:06:59,i2311-P-620,i2311-P-620,27.8,0.0,0.0,0.0,2,10.0,0.0,0,27.8,0.0,0.0,0.0,0.0,0.0,9
2023-05-10 21:06:59,i2311-P-620,i2311-P-620,27.8,0.0,0.0,0.0,10,10.1,0.0,0,27.8,0.0,0.0,0.0,0.0,0.0,9
2023-05-10 21:07:00,i2311-P-620,i2311-P-620,27.8,0.0,0.0,0.0,2,10.2,0.0,0,27.8,0.0,0.0,0.0,0.0,0.0,9
2023-05-10 21:07:00,i2311-P-620,i2311-P-620,27.8,0.0,0.0,0.0,10,10.3,0.0,0,27.8,0.0,0.0,0.0,0.0,0.0,9
2023-05-10 21:07:01,i2311-P-620,i2311-P-620,27.8,0.0,0.0,0.0,2,10.4,0.0,0,27.8,0.0,0.0,0.0,0.0,0.0,9
2023-05-10 21:07:01,i2311-P-620,i2311-P-620,27.8,0.0,0.0,0.0,10,10.5,0.0,0,27.8,0.0,0.0,0.0,0.0,0.0,9
2023-05-10 21:07:03,i2311-P-620,i2311-P-620,27.8,0.0,0.0,0.0,2,10.6,0.0,0,27.8,0.0,0.0,0.0,0.0,0.0,9
2023-05-10 21:07:03,i2311-P-620,i2311-P-620,27.8,0.0,0.0,0.0,10,10.7,0.0,0,27.8,0.0,0.0,0.0,0.0,0.0,9
2023-05-10 21:07:04,i2311-P-620,i2311-P-620,27.8,0.0,0.0,0.0,2,10.8,0.0,0,27.8,0.0,0.0,0.0,0.0,0.0,9
2023-05-10 21:07:04,i2311-P-620,i2311-P-620,27.8,0.0,0.0,0.0,10,10.9,0.0,0,27.8,0.0,0.0,0.0,0.0,0.0,9
2023-05-10 21:07:05,i2311-P-620,i2311-P-620,27.8,0.0,0.0,0.0,2,11.0,0.0,0,27.8,0.0,0.0,0.0,0.0,0.0,9
2023-05-10 21:07:05,i2311-P-620,i2311-P-620,27.8,0.0,0.0,0.0,10,11.1,0.0,0,27.8,0.0,0.0,0.0,0.0,0.0,9
2023-05-10 21:07:06,i2311-P-620,i2311-P-620,27.8,0.0,0.0,0.0,2,11.2,0.0,0,27.8,0.0,0.0,0.0,0.0,0.0,9
2023-05-10 21:07:06,i2311-P-620,i2311-P-620,27.8,0.0,0.0,0.0,10,11.3,0.0,0,27.8,0.0,0.0,0.0,0.0,0.0,9
2023-05-10 21:07:07,i2311-P-620,i2311-P-620,27.8,0.0,0.0,0.0,2,11.4,0.0,0,27.8,0.0,0.0,0.0,0.0,0.0,9
2023-05-10 21:07:07,i2311-P-620,i2311-P-620,27.8,0.0,0.0,0.0,10,11.5,0.0,0,27.8,0.0,0.0,0.0,0.0,0.0,9
2023-05-10 21:07:08,i2311-P-620,i2311-P-620,27.8,0.0,0.0,0.0,2,11.6,0.0,0,27.8,0.0,0.0,0.0,0.0,0.0,9
2023-05-10 21:07:08,i2311-P-620,i2311-P-620,27.8,0.0,0.0,0.0,10,11.7,0.0,0,27.8,0.0,0.0,0.0,0.0,0.0,9
2023-05-10 21:07:09,i2311-P-620,i2311-P-620,27.8,0.0,0.0,0.0,2,11.8,0.0,0,27.8,0.0,0.0,0.0,0.0,0.0,9
2023-05-10 21:07:09,i2311-P-620,i2311-P-620,27.8,0.0,0.0,0.0,10,11.9,0.0,0,27.8,0.0,0.0,0.0,0.0,0.0,9
2023-05-10 21:07:10,i2311-P-620,i2311-P-620,27.8,0.0,0.0,0.0,2,12.0,0.0,0,27.8,0.0,0.0,0.0,0.0,0.0,9
2023-05-10 21:07:11,i2311-P-620,i2311-P-620,27.8,0.0,0.0,0.0,10,12.1,0.0,0,27.8,0.0,0.0,0.0,0.0,0.0,9
2023-05-10 22:18:22,i2311-P-620,i2311-P-620,27.8,0.0,0.0,0.0,1,12.2,0.0,0,27.8,0.0,0.0,0.0,0.0,0.0,9
2023-05-10 22:18:22,i2311-P-620,i2311-P-620,27.8,0.0,0.0,0.0,10,12.3,0.0,0,27.8,0.0,0.0,0.0,0.0,0.0,9
2023-05-10 22:49:52,i2311-P-620,i2311-P-620,27.8,0.0,0.0,0.0,1,12.4,0.0,0,27.8,0.0,0.0,0.0,0.0,0.0,9
2023-05-10 22:49:52,i2311-P-620,i2311-P-620,27.8,0.0,0.0,0.0,10,12.5,0.0,0,27.8,0.0,0.0,0.0,0.0,0.0,9
2023-05-10 22:57:32,i2311-P-620,i2311-P-620,27.8,0.0,0.0,0.0,1,12.4,0.0,0,27.8,0.0,0.0,0.0,0.0,0.0,9
2023-05-10 22:58:55,i2311-P-620,i2311-P-620,27.8,0.0,0.0,0.0,10,12.5,0.0,0,27.8,0.0,0.0,0.0,0.0,0.0,9
2023-05-10 22:59:55,i2311-P-620,i2311-P-620,27.8,0.0,0.0,0.0,1,12.4,0.0,0,27.8,0.0,0.0,0.0,0.0,0.0,9
2023-05-11 09:00:01,i2311-P-620,i2311-P-620,27.8,0.0,0.0,0.0,1,0.5,0.0,0,27.8,0.0,0.0,0.0,0.0,0.0,9
2023-05-11 09:00:01,i2311-P-620,i2311-P-620,27.8,0.0,0.0,0.0,10,0.6,0.0,0,27.8,0.0,0.0,0.0,0.0,0.0,9
2023-05-11 09:01:01,i2311-P-620,i2311-P-620,27.8,0.0,0.0,0.0,1,0.7,0.0,0,27.8,0.0,0.0,0.0,0.0,0.0,9
2023-05-11 09:01:01,i2311-P-620,i2311-P-620,27.8,0.0,0.0,0.0,10,0.8,0.0,0,27.8,0.0,0.0,0.0,0.0,0.0,9
2023-05-11 09:01:03,i2311-P-620,i2311-P-620,27.8,0.0,0.0,0.0,1,0.9,0.0,0,27.8,0.0,0.0,0.0,0.0,0.0,9
2023-05-11 09:01:03,i2311-P-620,i2311-P-620,27.8,0.0,0.0,0.0,10,1.0,0.0,0,27.8,0.0,0.0,0.0,0.0,0.0,9
2023-05-11 09:01:07,i2311-P-620,i2311-P-620,27.8,0.0,0.0,0.0,1,3.7,0.0,0,27.8,0.0,0.0,0.0,0.0,0.0,9
2023-05-11 09:01:08,i2311-P-620,i2311-P-620,27.8,0.0,0.0,0.0,11,3.8,0.0,0,27.8,0.0,0.0,0.0,0.0,0.0,9
2023-05-11 09:01:29,i2311-P-620,i2311-P-620,27.8,0.0,0.0,0.0,2,3.9,0.0,0,27.8,0.0,0.0,0.0,0.0,0.0,9
2023-05-11 09:01:29,i2311-P-620,i2311-P-620,27.8,0.0,0.0,0.0,10,4.0,0.0,0,27.8,0.0,0.0,0.0,0.0,0.0,9
2023-05-11 09:02:11,i2311-P-620,i2311-P-620,27.8,0.0,0.0,0.0,2,4.1,0.0,0,27.8,0.0,0.0,0.0,0.0,0.0,9
2023-05-11 09:02:11,i2311-P-620,i2311-P-620,27.8,0.0,0.0,0.0,10,4.2,0.0,0,27.8,0.0,0.0,0.0,0.0,0.0,9
2023-05-11 09:02:14,i2311-P-620,i2311-P-620,27.8,0.0,0.0,0.0,2,4.3,0.0,0,27.8,0.0,0.0,0.0,0.0,0.0,9
2023-05-11 09:02:14,i2311-P-620,i2311-P-620,27.8,0.0,0.0,0.0,10,4.4,0.0,0,27.8,0.0,0.0,0.0,0.0,0.0,9
2023-05-11 09:02:18,i2311-P-620,i2311-P-620,27.8,0.0,0.0,0.0,2,4.5,0.0,0,27.8,0.0,0.0,0.0,0.0,0.0,9
2023-05-11 09:02:18,i2311-P-620,i2311-P-620,27.8,0.0,0.0,0.0,10,4.6,0.0,0,27.8,0.0,0.0,0.0,0.0,0.0,9
2023-05-11 09:02:19,i2311-P-620,i2311-P-620,27.8,0.0,0.0,0.0,2,4.7,0.0,0,27.8,0.0,0.0,0.0,0.0,0.0,9
2023-05-11 09:02:19,i2311-P-620,i2311-P-620,27.8,0.0,0.0,0.0,10,4.8,0.0,0,27.8,0.0,0.0,0.0,0.0,0.0,9
2023-05-11 09:02:40,i2311-P-620,i2311-P-620,27.8,0.0,0.0,0.0,2,4.9,0.0,0,27.8,0.0,0.0,0.0,0.0,0.0,9
2023-05-11 09:02:40,i2311-P-620,i2311-P-620,27.8,0.0,0.0,0.0,10,5.0,0.0,0,27.8,0.0,0.0,0.0,0.0,0.0,9
2023-05-11 09:02:49,i2311-P-620,i2311-P-620,27.8,0.0,0.0,0.0,2,5.1,0.0,0,27.8,0.0,0.0,0.0,0.0,0.0,9
2023-05-11 09:02:49,i2311-P-620,i2311-P-620,27.8,0.0,0.0,0.0,10,5.2,0.0,0,27.8,0.0,0.0,0.0,0.0,0.0,9
2023-05-11 09:02:51,i2311-P-620,i2311-P-620,27.8,0.0,0.0,0.0,2,5.3,0.0,0,27.8,0.0,0.0,0.0,0.0,0.0,9
2023-05-11 09:02:51,i2311-P-620,i2311-P-620,27.8,0.0,0.0,0.0,10,5.4,0.0,0,27.8,0.0,0.0,0.0,0.0,0.0,9
2023-05-11 09:02:53,i2311-P-620,i2311-P-620,27.8,0.0,0.0,0.0,2,5.5,0.0,0,27.8,0.0,0.0,0.0,0.0,0.0,9
2023-05-11 09:02:53,i2311-P-620,i2311-P-620,27.8,0.0,0.0,0.0,10,5.6,0.0,0,27.8,0.0,0.0,0.0,0.0,0.0,9
2023-05-11 09:02:55,i2311-P-620,i2311-P-620,27.8,0.0,0.0,0.0,2,5.7,0.0,0,27.8,0.0,0.0,0.0,0.0,0.0,9
2023-05-11 09:02:55,i2311-P-620,i2311-P-620,27.8,0.0,0.0,0.0,10,5.8,0.0,0,27.8,0.0,0.0,0.0,0.0,0.0,9
2023-05-11 09:02:57,i2311-P-620,i2311-P-620,27.8,0.0,0.0,0.0,2,5.9,0.0,0,27.8,0.0,0.0,0.0,0.0,0.0,9
2023-05-11 09:02:57,i2311-P-620,i2311-P-620,27.8,0.0,0.0,0.0,10,6.0,0.0,0,27.8,0.0,0.0,0.0,0.0,0.0,9
2023-05-11 09:02:58,i2311-P-620,i2311-P-620,27.8,0.0,0.0,0.0,2,6.1,0.0,0,27.8,0.0,0.0,0.0,0.0,0.0,9
2023-05-11 09:02:58,i2311-P-620,i2311-P-620,27.8,0.0,0.0,0.0,10,6.2,0.0,0,27.8,0.0,0.0,0.0,0.0,0.0,9
2023-05-11 09:03:00,i2311-P-620,i2311-P-620,27.8,0.0,0.0,0.0,2,6.3,0.0,0,27.8,0.0,0.0,0.0,0.0,0.0,9
2023-05-11 09:03:00,i2311-P-620,i2311-P-620,27.8,0.0,0.0,0.0,10,6.4,0.0,0,27.8,0.0,0.0,0.0,0.0,0.0,9
2023-05-11 09:03:01,i2311-P-620,i2311-P-620,27.8,0.0,0.0,0.0,2,6.5,0.0,0,27.8,0.0,0.0,0.0,0.0,0.0,9
2023-05-11 09:03:01,i2311-P-620,i2311-P-620,27.8,0.0,0.0,0.0,10,6.6,0.0,0,27.8,0.0,0.0,0.0,0.0,0.0,9
2023-05-11 09:03:02,i2311-P-620,i2311-P-620,27.8,0.0,0.0,0.0,2,6.7,0.0,0,27.8,0.0,0.0,0.0,0.0,0.0,9
2023-05-11 09:03:02,i2311-P-620,i2311-P-620,27.8,0.0,0.0,0.0,10,6.8,0.0,0,27.8,0.0,0.0,0.0,0.0,0.0,9
2023-05-11 09:03:04,i2311-P-620,i2311-P-620,27.8,0.0,0.0,0.0,2,6.9,0.0,0,27.8,0.0,0.0,0.0,0.0,0.0,9
2023-05-11 09:03:04,i2311-P-620,i2311-P-620,27.8,0.0,0.0,0.0,10,7.0,0.0,0,27.8,0.0,0.0,0.0,0.0,0.0,9
2023-05-11 09:03:05,i2311-P-620,i2311-P-620,27.8,0.0,0.0,0.0,2,7.1,0.0,0,27.8,0.0,0.0,0.0,0.0,0.0,9
2023-05-11 09:03:05,i2311-P-620,i2311-P-620,27.8,0.0,0.0,0.0,10,7.2,0.0,0,27.8,0.0,0.0,0.0,0.0,0.0,9
2023-05-11 09:03:07,i2311-P-620,i2311-P-620,27.8,0.0,0.0,0.0,2,7.3,0.0,0,27.8,0.0,0.0,0.0,0.0,0.0,9
2023-05-11 09:03:07,i2311-P-620,i2311-P-620,27.8,0.0,0.0,0.0,10,7.4,0.0,0,27.8,0.0,0.0,0.0,0.0,0.0,9
2023-05-11 09:03:08,i2311-P-620,i2311-P-620,27.8,0.0,0.0,0.0,2,7.5,0.0,0,27.8,0.0,0.0,0.0,0.0,0.0,9
2023-05-11 09:03:08,i2311-P-620,i2311-P-620,27.8,0.0,0.0,0.0,10,7.6,0.0,0,27.8,0.0,0.0,0.0,0.0,0.0,9
2023-05-11 09:03:10,i2311-P-620,i2311-P-620,27.8,0.0,0.0,0.0,2,7.7,0.0,0,27.8,0.0,0.0,0.0,0.0,0.0,9
2023-05-11 09:03:10,i2311-P-620,i2311-P-620,27.8,0.0,0.0,0.0,10,7.8,0.0,0,27.8,0.0,0.0,0.0,0.0,0.0,9
2023-05-11 09:03:11,i2311-P-620,i2311-P-620,27.8,0.0,0.0,0.0,2,7.9,0.0,0,27.8,0.0,0.0,0.0,0.0,0.0,9
2023-05-11 09:03:11,i2311-P-620,i2311-P-620,27.8,0.0,0.0,0.0,10,8.0,0.0,0,27.8,0.0,0.0,0.0,0.0,0.0,9
2023-05-11 09:03:13,i2311-P-620,i2311-P-620,27.8,0.0,0.0,0.0,2,8.1,0.0,0,27.8,0.0,0.0,0.0,0.0,0.0,9
2023-05-11 09:03:13,i2311-P-620,i2311-P-620,27.8,0.0,0.0,0.0,10,8.2,0.0,0,27.8,0.0,0.0,0.0,0.0,0.0,9
2023-05-11 09:03:16,i2311-P-620,i2311-P-620,27.8,0.0,0.0,0.0,2,8.3,0.0,0,27.8,0.0,0.0,0.0,0.0,0.0,9
2023-05-11 09:03:16,i2311-P-620,i2311-P-620,27.8,0.0,0.0,0.0,10,8.4,0.0,0,27.8,0.0,0.0,0.0,0.0,0.0,9
2023-05-11 09:03:18,i2311-P-620,i2311-P-620,27.8,0.0,0.0,0.0,2,8.5,0.0,0,27.8,0.0,0.0,0.0,0.0,0.0,9
2023-05-11 09:03:18,i2311-P-620,i2311-P-620,27.8,0.0,0.0,0.0,10,8.6,0.0,0,27.8,0.0,0.0,0.0,0.0,0.0,9
2023-05-11 09:03:20,i2311-P-620,i2311-P-620,27.8,0.0,0.0,0.0,2,8.7,0.0,0,27.8,0.0,0.0,0.0,0.0,0.0,9
2023-05-11 09:03:20,i2311-P-620,i2311-P-620,27.8,0.0,0.0,0.0,10,8.8,0.0,0,27.8,0.0,0.0,0.0,0.0,0.0,9
2023-05-11 09:03:22,i2311-P-620,i2311-P-620,27.8,0.0,0.0,0.0,2,8.9,0.0,0,27.8,0.0,0.0,0.0,0.0,0.0,9
2023-05-11 09:03:22,i2311-P-620,i2311-P-620,27.8,0.0,0.0,0.0,10,9.0,0.0,0,27.8,0.0,0.0,0.0,0.0,0.0,9
2023-05-11 09:03:23,i2311-P-620,i2311-P-620,27.8,0.0,0.0,0.0,2,9.1,0.0,0,27.8,0.0,0.0,0.0,0.0,0.0,9
2023-05-11 09:03:23,i2311-P-620,i2311-P-620,27.8,0.0,0.0,0.0,10,9.2,0.0,0,27.8,0.0,0.0,0.0,0.0,0.0,9
2023-05-11 09:03:24,i2311-P-620,i2311-P-620,27.8,0.0,0.0,0.0,2,9.3,0.0,0,27.8,0.0,0.0,0.0,0.0,0.0,9
2023-05-11 09:03:24,i2311-P-620,i2311-P-620,27.8,0.0,0.0,0.0,10,9.4,0.0,0,27.8,0.0,0.0,0.0,0.0,0.0,9
2023-05-11 09:03:26,i2311-P-620,i2311-P-620,27.8,0.0,0.0,0.0,2,9.5,0.0,0,27.8,0.0,0.0,0.0,0.0,0.0,9
2023-05-11 09:03:26,i2311-P-620,i2311-P-620,27.8,0.0,0.0,0.0,10,9.6,0.0,0,27.8,0.0,0.0,0.0,0.0,0.0,9
2023-05-11 09:03:28,i2311-P-620,i2311-P-620,27.8,0.0,0.0,0.0,2,9.7,0.0,0,27.8,0.0,0.0,0.0,0.0,0.0,9
2023-05-11 09:03:28,i2311-P-620,i2311-P-620,27.8,0.0,0.0,0.0,10,9.8,0.0,0,27.8,0.0,0.0,0.0,0.0,0.0,9
2023-05-11 09:03:29,i2311-P-620,i2311-P-620,27.8,0.0,0.0,0.0,2,9.9,0.0,0,27.8,0.0,0.0,0.0,0.0,0.0,9
2023-05-11 09:03:29,i2311-P-620,i2311-P-620,27.8,0.0,0.0,0.0,10,10.0,0.0,0,27.8,0.0,0.0,0.0,0.0,0.0,9
2023-05-11 09:03:31,i2311-P-620,i2311-P-620,27.8,0.0,0.0,0.0,2,10.1,0.0,0,27.8,0.0,0.0,0.0,0.0,0.0,9
2023-05-11 09:03:31,i2311-P-620,i2311-P-620,27.8,0.0,0.0,0.0,10,10.2,0.0,0,27.8,0.0,0.0,0.0,0.0,0.0,9
2023-05-11 09:03:32,i2311-P-620,i2311-P-620,27.8,0.0,0.0,0.0,2,10.3,0.0,0,27.8,0.0,0.0,0.0,0.0,0.0,9
2023-05-11 09:03:32,i2311-P-620,i2311-P-620,27.8,0.0,0.0,0.0,10,10.4,0.0,0,27.8,0.0,0.0,0.0,0.0,0.0,9
2023-05-11 09:03:34,i2311-P-620,i2311-P-620,27.8,0.0,0.0,0.0,2,10.5,0.0,0,27.8,0.0,0.0,0.0,0.0,0.0,9
2023-05-11 09:03:34,i2311-P-620,i2311-P-620,27.8,0.0,0.0,0.0,10,10.6,0.0,0,27.8,0.0,0.0,0.0,0.0,0.0,9
2023-05-11 09:03:35,i2311-P-620,i2311-P-620,27.8,0.0,0.0,0.0,2,10.7,0.0,0,27.8,0.0,0.0,0.0,0.0,0.0,9
2023-05-11 09:03:35,i2311-P-620,i2311-P-620,27.8,0.0,0.0,0.0,10,10.8,0.0,0,27.8,0.0,0.0,0.0,0.0,0.0,9
2023-05-11 09:03:36,i2311-P-620,i2311-P-620,27.8,0.0,0.0,0.0,2,10.9,0.0,0,27.8,0.0,0.0,0.0,0.0,0.0,9
2023-05-11 09:03:36,i2311-P-620,i2311-P-620,27.8,0.0,0.0,0.0,10,11.0,0.0,0,27.8,0.0,0.0,0.0,0.0,0.0,9
2023-05-11 09:03:38,i2311-P-620,i2311-P-620,27.8,0.0,0.0,0.0,2,11.1,0.0,0,27.8,0.0,0.0,0.0,0.0,0.0,9
2023-05-11 09:03:38,i2311-P-620,i2311-P-620,27.8,0.0,0.0,0.0,10,11.2,0.0,0,27.8,0.0,0.0,0.0,0.0,0.0,9
2023-05-11 09:03:39,i2311-P-620,i2311-P-620,27.8,0.0,0.0,0.0,2,11.3,0.0,0,27.8,0.0,0.0,0.0,0.0,0.0,9
2023-05-11 09:03:39,i2311-P-620,i2311-P-620,27.8,0.0,0.0,0.0,10,11.4,0.0,0,27.8,0.0,0.0,0.0,0.0,0.0,9
2023-05-11 09:03:40,i2311-P-620,i2311-P-620,27.8,0.0,0.0,0.0,2,11.5,0.0,0,27.8,0.0,0.0,0.0,0.0,0.0,9
2023-05-11 09:03:40,i2311-P-620,i2311-P-620,27.8,0.0,0.0,0.0,10,11.6,0.0,0,27.8,0.0,0.0,0.0,0.0,0.0,9
2023-05-11 09:03:41,i2311-P-620,i2311-P-620,27.8,0.0,0.0,0.0,2,11.7,0.0,0,27.8,0.0,0.0,0.0,0.0,0.0,9
2023-05-11 09:03:41,i2311-P-620,i2311-P-620,27.8,0.0,0.0,0.0,10,11.8,0.0,0,27.8,0.0,0.0,0.0,0.0,0.0,9
2023-05-11 09:03:43,i2311-P-620,i2311-P-620,27.8,0.0,0.0,0.0,2,11.9,0.0,0,27.8,0.0,0.0,0.0,0.0,0.0,9
2023-05-11 09:03:43,i2311-P-620,i2311-P-620,27.8,0.0,0.0,0.0,10,12.0,0.0,0,27.8,0.0,0.0,0.0,0.0,0.0,9
2023-05-11 09:03:44,i2311-P-620,i2311-P-620,27.8,0.0,0.0,0.0,2,12.1,0.0,0,27.8,0.0,0.0,0.0,0.0,0.0,9
2023-05-11 09:03:44,i2311-P-620,i2311-P-620,27.8,0.0,0.0,0.0,10,12.2,0.0,0,27.8,0.0,0.0,0.0,0.0,0.0,9
2023-05-11 09:03:45,i2311-P-620,i2311-P-620,27.8,0.0,0.0,0.0,2,12.3,0.0,0,27.8,0.0,0.0,0.0,0.0,0.0,9
2023-05-11 09:03:45,i2311-P-620,i2311-P-620,27.8,0.0,0.0,0.0,10,12.4,0.0,0,27.8,0.0,0.0,0.0,0.0,0.0,9
2023-05-11 09:03:46,i2311-P-620,i2311-P-620,27.8,0.0,0.0,0.0,2,12.5,0.0,0,27.8,0.0,0.0,0.0,0.0,0.0,9
2023-05-11 09:03:46,i2311-P-620,i2311-P-620,27.8,0.0,0.0,0.0,10,12.6,0.0,0,27.8,0.0,0.0,0.0,0.0,0.0,9
2023-05-11 09:03:47,i2311-P-620,i2311-P-620,27.8,0.0,0.0,0.0,2,12.7,0.0,0,27.8,0.0,0.0,0.0,0.0,0.0,9
2023-05-11 09:03:47,i2311-P-620,i2311-P-620,27.8,0.0,0.0,0.0,10,12.8,0.0,0,27.8,0.0,0.0,0.0,0.0,0.0,9
2023-05-11 09:46:23,i2311-P-620,i2311-P-620,27.8,0.0,0.0,0.0,1,12.9,0.0,0,27.8,0.0,0.0,0.0,0.0,0.0,9
2023-05-11 09:46:23,i2311-P-620,i2311-P-620,27.8,0.0,0.0,0.0,10,13.0,0.0,0,27.8,0.0,0.0,0.0,0.0,0.0,9
2023-05-11 10:14:32,i2311-P-620,i2311-P-620,27.8,0.0,0.0,0.0,1,12.9,0.0,0,27.8,0.0,0.0,0.0,0.0,0.0,9
2023-05-11 10:30:06,i2311-P-620,i2311-P-620,27.8,0.0,0.0,0.0,10,13.0,0.0,0,27.8,0.0,0.0,0.0,0.0,0.0,9
2023-05-11 10:35:53,i2311-P-620,i2311-P-620,27.8,0.0,0.0,0.0,1,13.1,0.0,0,27.8,0.0,0.0,0.0,0.0,0.0,9
2023-05-11 10:35:53,i2311-P-620,i2311-P-620,27.8,0.0,0.0,0.0,10,13.2,0.0,0,27.8,0.0,0.0,0.0,0.0,0.0,9
2023-05-11 11:05:23,i2311-P-620,i2311-P-620,27.8,0.0,0.0,0.0,1,13.1,0.0,0,27.8,0.0,0.0,0.0,0.0,0.0,9
2023-05-11 11:07:18,i2311-P-620,i2311-P-620,27.8,0.0,0.0,0.0,10,13.2,0.0,0,27.8,0.0,0.0,0.0,0.0,0.0,9
2023-05-11 11:08:46,i2311-P-620,i2311-P-620,27.8,0.0,0.0,0.0,1,13.3,0.0,0,27.8,0.0,0.0,0.0,0.0,0.0,9
2023-05-11 11:08:46,i2311-P-620,i2311-P-620,27.8,0.0,0.0,0.0,10,13.4,0.0,0,27.8,0.0,0.0,0.0,0.0,0.0,9
2023-05-11 11:10:17,i2311-P-620,i2311-P-620,27.8,0.0,0.0,0.0,1,13.3,0.0,0,27.8,0.0,0.0,0.0,0.0,0.0,9
2023-05-11 11:11:32,i2311-P-620,i2311-P-620,27.8,0.0,0.0,0.0,10,13.4,0.0,0,27.8,0.0,0.0,0.0,0.0,0.0,9
2023-05-11 11:29:32,i2311-P-620,i2311-P-620,27.8,0.0,0.0,0.0,1,3.7,0.0,0,27.8,0.0,0.0,0.0,0.0,0.0,9
2023-05-11 13:30:14,i2311-P-620,i2311-P-620,27.8,0.0,0.0,0.0,10,3.8,0.0,0,27.8,0.0,0.0,0.0,0.0,0.0,9
2023-05-11 13:30:50,i2311-P-620,i2311-P-620,27.8,0.0,0.0,0.0,1,3.9,0.0,0,27.8,0.0,0.0,0.0,0.0,0.0,9
2023-05-11 13:30:50,i2311-P-620,i2311-P-620,27.8,0.0,0.0,0.0,10,4.0,0.0,0,27.8,0.0,0.0,0.0,0.0,0.0,9
2023-05-11 13:31:32,i2311-P-620,i2311-P-620,27.8,0.0,0.0,0.0,2,4.1,0.0,0,27.8,0.0,0.0,0.0,0.0,0.0,9
2023-05-11 13:31:32,i2311-P-620,i2311-P-620,27.8,0.0,0.0,0.0,10,4.2,0.0,0,27.8,0.0,0.0,0.0,0.0,0.0,9
2023-05-11 13:32:24,i2311-P-620,i2311-P-620,27.8,0.0,0.0,0.0,2,4.3,0.0,0,27.8,0.0,0.0,0.0,0.0,0.0,9
2023-05-11 13:32:24,i2311-P-620,i2311-P-620,27.8,0.0,0.0,0.0,10,4.4,0.0,0,27.8,0.0,0.0,0.0,0.0,0.0,9
2023-05-11 13:32:29,i2311-P-620,i2311-P-620,27.8,0.0,0.0,0.0,2,4.5,0.0,0,27.8,0.0,0.0,0.0,0.0,0.0,9
2023-05-11 13:32:29,i2311-P-620,i2311-P-620,27.8,0.0,0.0,0.0,10,4.6,0.0,0,27.8,0.0,0.0,0.0,0.0,0.0,9
2023-05-11 13:32:34,i2311-P-620,i2311-P-620,27.8,0.0,0.0,0.0,2,4.7,0.0,0,27.8,0.0,0.0,0.0,0.0,0.0,9
2023-05-11 13:32:34,i2311-P-620,i2311-P-620,27.8,0.0,0.0,0.0,10,4.8,0.0,0,27.8,0.0,0.0,0.0,0.0,0.0,9
2023-05-11 13:33:12,i2311-P-620,i2311-P-620,27.8,0.0,0.0,0.0,2,4.9,0.0,0,27.8,0.0,0.0,0.0,0.0,0.0,9
2023-05-11 13:33:12,i2311-P-620,i2311-P-620,27.8,0.0,0.0,0.0,10,5.0,0.0,0,27.8,0.0,0.0,0.0,0.0,0.0,9
2023-05-11 13:33:23,i2311-P-620,i2311-P-620,27.8,0.0,0.0,0.0,2,5.1,0.0,0,27.8,0.0,0.0,0.0,0.0,0.0,9
2023-05-11 13:33:23,i2311-P-620,i2311-P-620,27.8,0.0,0.0,0.0,10,5.2,0.0,0,27.8,0.0,0.0,0.0,0.0,0.0,9
2023-05-11 13:33:27,i2311-P-620,i2311-P-620,27.8,0.0,0.0,0.0,2,5.3,0.0,0,27.8,0.0,0.0,0.0,0.0,0.0,9
2023-05-11 13:33:27,i2311-P-620,i2311-P-620,27.8,0.0,0.0,0.0,10,5.4,0.0,0,27.8,0.0,0.0,0.0,0.0,0.0,9
2023-05-11 13:33:30,i2311-P-620,i2311-P-620,27.8,0.0,0.0,0.0,2,5.5,0.0,0,27.8,0.0,0.0,0.0,0.0,0.0,9
2023-05-11 13:33:30,i2311-P-620,i2311-P-620,27.8,0.0,0.0,0.0,10,5.6,0.0,0,27.8,0.0,0.0,0.0,0.0,0.0,9
2023-05-11 13:33:34,i2311-P-620,i2311-P-620,27.8,0.0,0.0,0.0,2,5.7,0.0,0,27.8,0.0,0.0,0.0,0.0,0.0,9
2023-05-11 13:33:34,i2311-P-620,i2311-P-620,27.8,0.0,0.0,0.0,10,5.8,0.0,0,27.8,0.0,0.0,0.0,0.0,0.0,9
2023-05-11 13:33:39,i2311-P-620,i2311-P-620,27.8,0.0,0.0,0.0,2,5.9,0.0,0,27.8,0.0,0.0,0.0,0.0,0.0,9
2023-05-11 13:33:39,i2311-P-620,i2311-P-620,27.8,0.0,0.0,0.0,10,6.0,0.0,0,27.8,0.0,0.0,0.0,0.0,0.0,9
2023-05-11 13:38:17,i2311-P-620,i2311-P-620,27.8,0.0,0.0,0.0,1,26.4,30.4,1,27.8,0.0,0.0,0.0,0.0,0.0,9
2023-05-11 13:38:18,i2311-P-620,i2311-P-620,27.8,0.0,0.0,0.0,2,26.4,30.4,2,27.8,0.0,0.0,0.0,0.0,0.0,9
2023-05-11 13:38:22,i2311-P-620,i2311-P-620,27.8,0.0,0.0,0.0,2,26.4,30.2,1,27.8,0.0,0.0,0.0,0.0,0.0,9
2023-05-11 13:38:25,i2311-P-620,i2311-P-620,27.8,0.0,0.0,0.0,1,27.3,30.2,1,27.8,0.0,0.0,0.0,0.0,0.0,9
2023-05-11 13:38:33,i2311-P-620,i2311-P-620,27.8,0.0,0.0,0.0,1,27.3,30.4,1,27.8,0.0,0.0,0.0,0.0,0.0,9
2023-05-11 13:38:35,i2311-P-620,i2311-P-620,27.8,0.0,0.0,0.0,1,27.3,30.0,1,27.8,0.0,0.0,0.0,0.0,0.0,9
2023-05-11 13:38:36,i2311-P-620,i2311-P-620,27.8,0.0,0.0,0.0,1,27.2,30.0,1,27.8,0.0,0.0,0.0,0.0,0.0,9
2023-05-11 13:38:37,i2311-P-620,i2311-P-620,27.8,0.0,0.0,0.0,1,26.0,30.0,1,27.8,0.0,0.0,0.0,0.0,0.0,9
2023-05-11 13:38:47,i2311-P-620,i2311-P-620,27.8,0.0,0.0,0.0,10,4.0,0.0,0,27.8,0.0,0.0,0.0,0.0,0.0,9
2023-05-11 13:38:52,i2311-P-620,i2311-P-620,27.8,0.0,0.0,0.0,2,4.1,0.0,0,27.8,0.0,0.0,0.0,0.0,0.0,9
2023-05-11 13:38:52,i2311-P-620,i2311-P-620,27.8,0.0,0.0,0.0,10,4.2,0.0,0,27.8,0.0,0.0,0.0,0.0,0.0,9
2023-05-11 13:40:35,i2311-P-620,i2311-P-620,27.8,0.0,0.0,0.0,2,4.3,0.0,0,27.8,0.0,0.0,0.0,0.0,0.0,9
2023-05-11 13:40:35,i2311-P-620,i2311-P-620,27.8,0.0,0.0,0.0,10,4.4,0.0,0,27.8,0.0,0.0,0.0,0.0,0.0,9
2023-05-11 13:41:12,i2311-P-620,i2311-P-620,27.8,0.0,0.0,0.0,2,4.5,0.0,0,27.8,0.0,0.0,0.0,0.0,0.0,9
2023-05-11 13:41:12,i2311-P-620,i2311-P-620,27.8,0.0,0.0,0.0,10,4.6,0.0,0,27.8,0.0,0.0,0.0,0.0,0.0,9
2023-05-11 13:41:20,i2311-P-620,i2311-P-620,27.8,0.0,0.0,0.0,2,4.7,0.0,0,27.8,0.0,0.0,0.0,0.0,0.0,9
2023-05-11 13:41:20,i2311-P-620,i2311-P-620,27.8,0.0,0.0,0.0,10,4.8,0.0,0,27.8,0.0,0.0,0.0,0.0,0.0,9
2023-05-11 13:42:20,i2311-P-620,i2311-P-620,27.8,0.0,0.0,0.0,2,4.9,0.0,0,27.8,0.0,0.0,0.0,0.0,0.0,9
2023-05-11 13:42:20,i2311-P-620,i2311-P-620,27.8,0.0,0.0,0.0,10,5.0,0.0,0,27.8,0.0,0.0,0.0,0.0,0.0,9
2023-05-11 13:42:58,i2311-P-620,i2311-P-620,27.8,0.0,0.0,0.0,2,5.1,0.0,0,27.8,0.0,0.0,0.0,0.0,0.0,9
2023-05-11 13:42:58,i2311-P-620,i2311-P-620,27.8,0.0,0.0,0.0,10,5.2,0.0,0,27.8,0.0,0.0,0.0,0.0,0.0,9
2023-05-11 13:43:00,i2311-P-620,i2311-P-620,27.8,0.0,0.0,0.0,2,5.3,0.0,0,27.8,0.0,0.0,0.0,0.0,0.0,9
2023-05-11 13:43:00,i2311-P-620,i2311-P-620,27.8,0.0,0.0,0.0,10,5.4,0.0,0,27.8,0.0,0.0,0.0,0.0,0.0,9
2023-05-11 13:43:02,i2311-P-620,i2311-P-620,27.8,0.0,0.0,0.0,2,5.5,0.0,0,27.8,0.0,0.0,0.0,0.0,0.0,9
2023-05-11 13:43:02,i2311-P-620,i2311-P-620,27.8,0.0,0.0,0.0,10,5.6,0.0,0,27.8,0.0,0.0,0.0,0.0,0.0,9
2023-05-11 13:43:03,i2311-P-620,i2311-P-620,27.8,0.0,0.0,0.0,2,5.7,0.0,0,27.8,0.0,0.0,0.0,0.0,0.0,9
2023-05-11 13:43:03,i2311-P-620,i2311-P-620,27.8,0.0,0.0,0.0,10,5.8,0.0,0,27.8,0.0,0.0,0.0,0.0,0.0,9
2023-05-11 13:43:05,i2311-P-620,i2311-P-620,27.8,0.0,0.0,0.0,2,5.9,0.0,0,27.8,0.0,0.0,0.0,0.0,0.0,9
2023-05-11 13:43:05,i2311-P-620,i2311-P-620,27.8,0.0,0.0,0.0,10,6.0,0.0,0,27.8,0.0,0.0,0.0,0.0,0.0,9
2023-05-11 13:43:06,i2311-P-620,i2311-P-620,27.8,0.0,0.0,0.0,2,6.1,0.0,0,27.8,0.0,0.0,0.0,0.0,0.0,9
2023-05-11 13:43:06,i2311-P-620,i2311-P-620,27.8,0.0,0.0,0.0,10,6.2,0.0,0,27.8,0.0,0.0,0.0,0.0,0.0,9
2023-05-11 13:43:08,i2311-P-620,i2311-P-620,27.8,0.0,0.0,0.0,2,6.3,0.0,0,27.8,0.0,0.0,0.0,0.0,0.0,9
2023-05-11 13:43:08,i2311-P-620,i2311-P-620,27.8,0.0,0.0,0.0,10,6.4,0.0,0,27.8,0.0,0.0,0.0,0.0,0.0,9
2023-05-11 13:43:11,i2311-P-620,i2311-P-620,27.8,0.0,0.0,0.0,2,6.5,0.0,0,27.8,0.0,0.0,0.0,0.0,0.0,9
2023-05-11 13:43:11,i2311-P-620,i2311-P-620,27.8,0.0,0.0,0.0,10,6.6,0.0,0,27.8,0.0,0.0,0.0,0.0,0.0,9
2023-05-11 13:43:16,i2311-P-620,i2311-P-620,27.8,0.0,0.0,0.0,10,6.8,0.0,0,27.8,0.0,0.0,0.0,0.0,0.0,9
2023-05-11 13:43:18,i2311-P-620,i2311-P-620,27.8,0.0,0.0,0.0,2,6.9,0.0,0,27.8,0.0,0.0,0.0,0.0,0.0,9
2023-05-11 13:43:18,i2311-P-620,i2311-P-620,27.8,0.0,0.0,0.0,10,7.0,0.0,0,27.8,0.0,0.0,0.0,0.0,0.0,9
2023-05-11 13:43:19,i2311-P-620,i2311-P-620,27.8,0.0,0.0,0.0,2,7.1,0.0,0,27.8,0.0,0.0,0.0,0.0,0.0,9
2023-05-11 13:43:19,i2311-P-620,i2311-P-620,27.8,0.0,0.0,0.0,10,7.2,0.0,0,27.8,0.0,0.0,0.0,0.0,0.0,9
2023-05-11 13:43:22,i2311-P-620,i2311-P-620,27.8,0.0,0.0,0.0,2,7.3,0.0,0,27.8,0.0,0.0,0.0,0.0,0.0,9
2023-05-11 13:43:22,i2311-P-620,i2311-P-620,27.8,0.0,0.0,0.0,10,7.4,0.0,0,27.8,0.0,0.0,0.0,0.0,0.0,9
2023-05-11 13:43:24,i2311-P-620,i2311-P-620,27.8,0.0,0.0,0.0,2,7.5,0.0,0,27.8,0.0,0.0,0.0,0.0,0.0,9
2023-05-11 13:43:24,i2311-P-620,i2311-P-620,27.8,0.0,0.0,0.0,10,7.6,0.0,0,27.8,0.0,0.0,0.0,0.0,0.0,9
2023-05-11 13:43:26,i2311-P-620,i2311-P-620,27.8,0.0,0.0,0.0,2,7.7,0.0,0,27.8,0.0,0.0,0.0,0.0,0.0,9
2023-05-11 13:43:26,i2311-P-620,i2311-P-620,27.8,0.0,0.0,0.0,10,7.8,0.0,0,27.8,0.0,0.0,0.0,0.0,0.0,9
2023-05-11 13:43:28,i2311-P-620,i2311-P-620,27.8,0.0,0.0,0.0,2,7.9,0.0,0,27.8,0.0,0.0,0.0,0.0,0.0,9
2023-05-11 13:43:28,i2311-P-620,i2311-P-620,27.8,0.0,0.0,0.0,10,8.0,0.0,0,27.8,0.0,0.0,0.0,0.0,0.0,9
2023-05-11 13:43:29,i2311-P-620,i2311-P-620,27.8,0.0,0.0,0.0,2,8.1,0.0,0,27.8,0.0,0.0,0.0,0.0,0.0,9
2023-05-11 13:43:29,i2311-P-620,i2311-P-620,27.8,0.0,0.0,0.0,10,8.2,0.0,0,27.8,0.0,0.0,0.0,0.0,0.0,9
2023-05-11 13:43:30,i2311-P-620,i2311-P-620,27.8,0.0,0.0,0.0,2,8.3,0.0,0,27.8,0.0,0.0,0.0,0.0,0.0,9
2023-05-11 13:43:30,i2311-P-620,i2311-P-620,27.8,0.0,0.0,0.0,10,8.4,0.0,0,27.8,0.0,0.0,0.0,0.0,0.0,9
2023-05-11 13:43:32,i2311-P-620,i2311-P-620,27.8,0.0,0.0,0.0,2,8.5,0.0,0,27.8,0.0,0.0,0.0,0.0,0.0,9
2023-05-11 13:43:32,i2311-P-620,i2311-P-620,27.8,0.0,0.0,0.0,10,8.6,0.0,0,27.8,0.0,0.0,0.0,0.0,0.0,9
2023-05-11 13:43:33,i2311-P-620,i2311-P-620,27.8,0.0,0.0,0.0,2,8.7,0.0,0,27.8,0.0,0.0,0.0,0.0,0.0,9
2023-05-11 13:43:33,i2311-P-620,i2311-P-620,27.8,0.0,0.0,0.0,10,8.8,0.0,0,27.8,0.0,0.0,0.0,0.0,0.0,9
2023-05-11 13:43:34,i2311-P-620,i2311-P-620,27.8,0.0,0.0,0.0,2,8.9,0.0,0,27.8,0.0,0.0,0.0,0.0,0.0,9
2023-05-11 13:43:34,i2311-P-620,i2311-P-620,27.8,0.0,0.0,0.0,10,9.0,0.0,0,27.8,0.0,0.0,0.0,0.0,0.0,9
2023-05-11 13:43:35,i2311-P-620,i2311-P-620,27.8,0.0,0.0,0.0,2,9.1,0.0,0,27.8,0.0,0.0,0.0,0.0,0.0,9
2023-05-11 13:43:35,i2311-P-620,i2311-P-620,27.8,0.0,0.0,0.0,10,9.2,0.0,0,27.8,0.0,0.0,0.0,0.0,0.0,9
2023-05-11 13:43:36,i2311-P-620,i2311-P-620,27.8,0.0,0.0,0.0,2,9.3,0.0,0,27.8,0.0,0.0,0.0,0.0,0.0,9
2023-05-11 13:43:36,i2311-P-620,i2311-P-620,27.8,0.0,0.0,0.0,10,9.4,0.0,0,27.8,0.0,0.0,0.0,0.0,0.0,9
2023-05-11 13:43:37,i2311-P-620,i2311-P-620,27.8,0.0,0.0,0.0,2,9.5,0.0,0,27.8,0.0,0.0,0.0,0.0,0.0,9
2023-05-11 13:43:37,i2311-P-620,i2311-P-620,27.8,0.0,0.0,0.0,10,9.6,0.0,0,27.8,0.0,0.0,0.0,0.0,0.0,9
2023-05-11 13:43:38,i2311-P-620,i2311-P-620,27.8,0.0,0.0,0.0,2,9.7,0.0,0,27.8,0.0,0.0,0.0,0.0,0.0,9
2023-05-11 13:43:38,i2311-P-620,i2311-P-620,27.8,0.0,0.0,0.0,10,9.8,0.0,0,27.8,0.0,0.0,0.0,0.0,0.0,9
2023-05-11 13:43:39,i2311-P-620,i2311-P-620,27.8,0.0,0.0,0.0,2,9.9,0.0,0,27.8,0.0,0.0,0.0,0.0,0.0,9
2023-05-11 13:43:39,i2311-P-620,i2311-P-620,27.8,0.0,0.0,0.0,10,10.0,0.0,0,27.8,0.0,0.0,0.0,0.0,0.0,9
2023-05-11 13:43:40,i2311-P-620,i2311-P-620,27.8,0.0,0.0,0.0,2,10.1,0.0,0,27.8,0.0,0.0,0.0,0.0,0.0,9
2023-05-11 13:43:40,i2311-P-620,i2311-P-620,27.8,0.0,0.0,0.0,10,10.2,0.0,0,27.8,0.0,0.0,0.0,0.0,0.0,9
2023-05-11 13:43:41,i2311-P-620,i2311-P-620,27.8,0.0,0.0,0.0,2,10.3,0.0,0,27.8,0.0,0.0,0.0,0.0,0.0,9
2023-05-11 13:43:41,i2311-P-620,i2311-P-620,27.8,0.0,0.0,0.0,10,10.4,0.0,0,27.8,0.0,0.0,0.0,0.0,0.0,9
2023-05-11 13:43:42,i2311-P-620,i2311-P-620,27.8,0.0,0.0,0.0,2,10.5,0.0,0,27.8,0.0,0.0,0.0,0.0,0.0,9
2023-05-11 13:43:42,i2311-P-620,i2311-P-620,27.8,0.0,0.0,0.0,10,10.6,0.0,0,27.8,0.0,0.0,0.0,0.0,0.0,9
2023-05-11 13:43:44,i2311-P-620,i2311-P-620,27.8,0.0,0.0,0.0,2,10.7,0.0,0,27.8,0.0,0.0,0.0,0.0,0.0,9
2023-05-11 13:43:44,i2311-P-620,i2311-P-620,27.8,0.0,0.0,0.0,10,10.8,0.0,0,27.8,0.0,0.0,0.0,0.0,0.0,9
2023-05-11 13:43:45,i2311-P-620,i2311-P-620,27.8,0.0,0.0,0.0,2,10.9,0.0,0,27.8,0.0,0.0,0.0,0.0,0.0,9
2023-05-11 13:43:45,i2311-P-620,i2311-P-620,27.8,0.0,0.0,0.0,10,11.0,0.0,0,27.8,0.0,0.0,0.0,0.0,0.0,9
2023-05-11 13:43:46,i2311-P-620,i2311-P-620,27.8,0.0,0.0,0.0,2,11.1,0.0,0,27.8,0.0,0.0,0.0,0.0,0.0,9
2023-05-11 13:43:46,i2311-P-620,i2311-P-620,27.8,0.0,0.0,0.0,10,11.2,0.0,0,27.8,0.0,0.0,0.0,0.0,0.0,9
2023-05-11 13:43:47,i2311-P-620,i2311-P-620,27.8,0.0,0.0,0.0,2,11.3,0.0,0,27.8,0.0,0.0,0.0,0.0,0.0,9
2023-05-11 13:43:48,i2311-P-620,i2311-P-620,27.8,0.0,0.0,0.0,10,11.4,0.0,0,27.8,0.0,0.0,0.0,0.0,0.0,9
2023-05-11 13:43:48,i2311-P-620,i2311-P-620,27.8,0.0,0.0,0.0,2,11.5,0.0,0,27.8,0.0,0.0,0.0,0.0,0.0,9
2023-05-11 13:43:48,i2311-P-620,i2311-P-620,27.8,0.0,0.0,0.0,10,11.6,0.0,0,27.8,0.0,0.0,0.0,0.0,0.0,9
2023-05-11 13:43:50,i2311-P-620,i2311-P-620,27.8,0.0,0.0,0.0,2,11.7,0.0,0,27.8,0.0,0.0,0.0,0.0,0.0,9
2023-05-11 13:43:50,i2311-P-620,i2311-P-620,27.8,0.0,0.0,0.0,10,11.8,0.0,0,27.8,0.0,0.0,0.0,0.0,0.0,9
2023-05-11 13:43:51,i2311-P-620,i2311-P-620,27.8,0.0,0.0,0.0,2,11.9,0.0,0,27.8,0.0,0.0,0.0,0.0,0.0,9
2023-05-11 13:43:51,i2311-P-620,i2311-P-620,27.8,0.0,0.0,0.0,10,12.0,0.0,0,27.8,0.0,0.0,0.0,0.0,0.0,9
2023-05-11 13:43:52,i2311-P-620,i2311-P-620,27.8,0.0,0.0,0.0,2,12.1,0.0,0,27.8,0.0,0.0,0.0,0.0,0.0,9
2023-05-11 13:43:52,i2311-P-620,i2311-P-620,27.8,0.0,0.0,0.0,10,12.2,0.0,0,27.8,0.0,0.0,0.0,0.0,0.0,9
2023-05-11 13:43:53,i2311-P-620,i2311-P-620,27.8,0.0,0.0,0.0,2,12.3,0.0,0,27.8,0.0,0.0,0.0,0.0,0.0,9
2023-05-11 13:43:53,i2311-P-620,i2311-P-620,27.8,0.0,0.0,0.0,10,12.4,0.0,0,27.8,0.0,0.0,0.0,0.0,0.0,9
2023-05-11 13:43:54,i2311-P-620,i2311-P-620,27.8,0.0,0.0,0.0,2,12.5,0.0,0,27.8,0.0,0.0,0.0,0.0,0.0,9
2023-05-11 13:43:54,i2311-P-620,i2311-P-620,27.8,0.0,0.0,0.0,10,12.6,0.0,0,27.8,0.0,0.0,0.0,0.0,0.0,9
2023-05-11 13:43:55,i2311-P-620,i2311-P-620,27.8,0.0,0.0,0.0,2,12.7,0.0,0,27.8,0.0,0.0,0.0,0.0,0.0,9
2023-05-11 13:43:55,i2311-P-620,i2311-P-620,27.8,0.0,0.0,0.0,10,12.8,0.0,0,27.8,0.0,0.0,0.0,0.0,0.0,9
2023-05-11 14:06:12,i2311-P-620,i2311-P-620,27.8,0.0,0.0,0.0,1,12.9,0.0,0,27.8,0.0,0.0,0.0,0.0,0.0,9
2023-05-11 14:06:12,i2311-P-620,i2311-P-620,27.8,0.0,0.0,0.0,10,13.0,0.0,0,27.8,0.0,0.0,0.0,0.0,0.0,9
2023-05-11 14:23:11,i2311-P-620,i2311-P-620,27.8,0.0,0.0,0.0,1,12.9,0.0,0,27.8,0.0,0.0,0.0,0.0,0.0,9
2023-05-11 14:23:51,i2311-P-620,i2311-P-620,27.8,0.0,0.0,0.0,10,13.0,0.0,0,27.8,0.0,0.0,0.0,0.0,0.0,9
2023-05-11 14:39:15,i2311-P-620,i2311-P-620,27.8,0.0,0.0,0.0,1,12.9,0.0,0,27.8,0.0,0.0,0.0,0.0,0.0,9
2023-05-11 14:46:52,i2311-P-620,i2311-P-620,27.8,0.0,0.0,0.0,10,13.0,0.0,0,27.8,0.0,0.0,0.0,0.0,0.0,9
2023-05-11 14:53:16,i2311-P-620,i2311-P-620,27.8,0.0,0.0,0.0,1,13.1,0.0,0,27.8,0.0,0.0,0.0,0.0,0.0,9
2023-05-11 14:53:16,i2311-P-620,i2311-P-620,27.8,0.0,0.0,0.0,10,13.2,0.0,0,27.8,0.0,0.0,0.0,0.0,0.0,9
2023-05-11 14:58:49,i2311-P-620,i2311-P-620,27.8,0.0,0.0,0.0,1,13.1,0.0,0,27.8,0.0,0.0,0.0,0.0,0.0,9
2023-05-11 14:59:02,i2311-P-620,i2311-P-620,27.8,0.0,0.0,0.0,10,13.2,0.0,0,27.8,0.0,0.0,0.0,0.0,0.0,9
2023-05-11 14:59:54,i2311-P-620,i2311-P-620,27.8,0.0,0.0,0.0,1,13.1,0.0,0,27.8,0.0,0.0,0.0,0.0,0.0,9
2023-05-11 15:01:10,i2311-P-620,i2311-P-620,27.8,0.0,0.0,0.0,1,13.1,0.0,0,27.8,0.0,0.0,0.0,0.0,0.0,9
