time,symbol_id,symbol_name,last,trade_volume,trade_amount,open_interest_change,bv1,bp1,ap1,av1,yesterday_close,today_open,today_high,today_low,volume,amount,open_interest
2023-05-10 20:55:35,i2311-C-890,i2311-C-890,10.7,0.0,0.0,0.0,1,0.1,0.0,0,10.7,0.0,0.0,0.0,0.0,0.0,4
2023-05-10 21:00:05,i2311-C-890,i2311-C-890,10.7,0.0,0.0,0.0,10,0.2,0.0,0,10.7,0.0,0.0,0.0,0.0,0.0,4
2023-05-10 21:04:53,i2311-C-890,i2311-C-890,10.7,0.0,0.0,0.0,1,0.3,0.0,0,10.7,0.0,0.0,0.0,0.0,0.0,4
2023-05-10 21:04:53,i2311-C-890,i2311-C-890,10.7,0.0,0.0,0.0,10,0.4,0.0,0,10.7,0.0,0.0,0.0,0.0,0.0,4
2023-05-10 21:10:24,i2311-C-890,i2311-C-890,10.7,0.0,0.0,0.0,1,0.5,0.0,0,10.7,0.0,0.0,0.0,0.0,0.0,4
2023-05-10 21:10:24,i2311-C-890,i2311-C-890,10.7,0.0,0.0,0.0,10,0.6,0.0,0,10.7,0.0,0.0,0.0,0.0,0.0,4
2023-05-10 21:16:47,i2311-C-890,i2311-C-890,10.7,0.0,0.0,0.0,11,0.6,0.0,0,10.7,0.0,0.0,0.0,0.0,0.0,4
2023-05-10 21:48:23,i2311-C-890,i2311-C-890,10.7,0.0,0.0,0.0,11,0.6,86.5,10,10.7,0.0,0.0,0.0,0.0,0.0,4
2023-05-10 21:48:24,i2311-C-890,i2311-C-890,10.7,0.0,0.0,0.0,11,0.6,86.4,1,10.7,0.0,0.0,0.0,0.0,0.0,4
2023-05-10 21:48:24,i2311-C-890,i2311-C-890,10.7,0.0,0.0,0.0,11,0.6,86.3,10,10.7,0.0,0.0,0.0,0.0,0.0,4
2023-05-10 21:48:25,i2311-C-890,i2311-C-890,10.7,0.0,0.0,0.0,11,0.6,86.2,1,10.7,0.0,0.0,0.0,0.0,0.0,4
2023-05-10 21:48:25,i2311-C-890,i2311-C-890,10.7,0.0,0.0,0.0,11,0.6,86.1,10,10.7,0.0,0.0,0.0,0.0,0.0,4
2023-05-10 21:48:27,i2311-C-890,i2311-C-890,10.7,0.0,0.0,0.0,11,0.6,86.0,1,10.7,0.0,0.0,0.0,0.0,0.0,4
2023-05-10 21:48:27,i2311-C-890,i2311-C-890,10.7,0.0,0.0,0.0,11,0.6,85.9,10,10.7,0.0,0.0,0.0,0.0,0.0,4
2023-05-10 21:48:28,i2311-C-890,i2311-C-890,10.7,0.0,0.0,0.0,11,0.6,85.8,1,10.7,0.0,0.0,0.0,0.0,0.0,4
2023-05-10 21:48:28,i2311-C-890,i2311-C-890,10.7,0.0,0.0,0.0,11,0.6,85.7,10,10.7,0.0,0.0,0.0,0.0,0.0,4
2023-05-10 21:48:29,i2311-C-890,i2311-C-890,10.7,0.0,0.0,0.0,11,0.6,85.6,1,10.7,0.0,0.0,0.0,0.0,0.0,4
2023-05-10 21:48:29,i2311-C-890,i2311-C-890,10.7,0.0,0.0,0.0,11,0.6,85.5,10,10.7,0.0,0.0,0.0,0.0,0.0,4
2023-05-10 21:48:31,i2311-C-890,i2311-C-890,10.7,0.0,0.0,0.0,11,0.6,85.4,1,10.7,0.0,0.0,0.0,0.0,0.0,4
2023-05-10 21:48:31,i2311-C-890,i2311-C-890,10.7,0.0,0.0,0.0,11,0.6,85.3,10,10.7,0.0,0.0,0.0,0.0,0.0,4
2023-05-10 21:48:32,i2311-C-890,i2311-C-890,10.7,0.0,0.0,0.0,11,0.6,85.2,1,10.7,0.0,0.0,0.0,0.0,0.0,4
2023-05-10 21:48:32,i2311-C-890,i2311-C-890,10.7,0.0,0.0,0.0,11,0.6,85.1,10,10.7,0.0,0.0,0.0,0.0,0.0,4
2023-05-10 21:48:33,i2311-C-890,i2311-C-890,10.7,0.0,0.0,0.0,11,0.6,85.0,1,10.7,0.0,0.0,0.0,0.0,0.0,4
2023-05-10 21:48:33,i2311-C-890,i2311-C-890,10.7,0.0,0.0,0.0,11,0.6,84.9,10,10.7,0.0,0.0,0.0,0.0,0.0,4
2023-05-10 21:48:35,i2311-C-890,i2311-C-890,10.7,0.0,0.0,0.0,11,0.6,84.8,1,10.7,0.0,0.0,0.0,0.0,0.0,4
2023-05-10 21:48:35,i2311-C-890,i2311-C-890,10.7,0.0,0.0,0.0,11,0.6,84.7,10,10.7,0.0,0.0,0.0,0.0,0.0,4
2023-05-10 21:48:36,i2311-C-890,i2311-C-890,10.7,0.0,0.0,0.0,11,0.6,84.6,1,10.7,0.0,0.0,0.0,0.0,0.0,4
2023-05-10 21:48:36,i2311-C-890,i2311-C-890,10.7,0.0,0.0,0.0,11,0.6,84.5,10,10.7,0.0,0.0,0.0,0.0,0.0,4
2023-05-10 21:48:38,i2311-C-890,i2311-C-890,10.7,0.0,0.0,0.0,11,0.6,84.4,1,10.7,0.0,0.0,0.0,0.0,0.0,4
2023-05-10 21:48:38,i2311-C-890,i2311-C-890,10.7,0.0,0.0,0.0,11,0.6,84.3,10,10.7,0.0,0.0,0.0,0.0,0.0,4
2023-05-10 21:48:39,i2311-C-890,i2311-C-890,10.7,0.0,0.0,0.0,11,0.6,84.2,1,10.7,0.0,0.0,0.0,0.0,0.0,4
2023-05-10 21:48:39,i2311-C-890,i2311-C-890,10.7,0.0,0.0,0.0,11,0.6,84.1,10,10.7,0.0,0.0,0.0,0.0,0.0,4
2023-05-10 21:48:40,i2311-C-890,i2311-C-890,10.7,0.0,0.0,0.0,11,0.6,84.0,1,10.7,0.0,0.0,0.0,0.0,0.0,4
2023-05-10 21:48:41,i2311-C-890,i2311-C-890,10.7,0.0,0.0,0.0,11,0.6,83.9,10,10.7,0.0,0.0,0.0,0.0,0.0,4
2023-05-10 21:48:42,i2311-C-890,i2311-C-890,10.7,0.0,0.0,0.0,11,0.6,83.8,1,10.7,0.0,0.0,0.0,0.0,0.0,4
2023-05-10 21:48:42,i2311-C-890,i2311-C-890,10.7,0.0,0.0,0.0,11,0.6,83.7,10,10.7,0.0,0.0,0.0,0.0,0.0,4
2023-05-10 21:48:43,i2311-C-890,i2311-C-890,10.7,0.0,0.0,0.0,11,0.6,83.6,1,10.7,0.0,0.0,0.0,0.0,0.0,4
2023-05-10 21:48:44,i2311-C-890,i2311-C-890,10.7,0.0,0.0,0.0,11,0.6,83.5,10,10.7,0.0,0.0,0.0,0.0,0.0,4
2023-05-10 21:48:44,i2311-C-890,i2311-C-890,10.7,0.0,0.0,0.0,11,0.6,83.4,1,10.7,0.0,0.0,0.0,0.0,0.0,4
2023-05-10 21:48:45,i2311-C-890,i2311-C-890,10.7,0.0,0.0,0.0,11,0.6,83.3,10,10.7,0.0,0.0,0.0,0.0,0.0,4
2023-05-10 21:48:46,i2311-C-890,i2311-C-890,10.7,0.0,0.0,0.0,11,0.6,83.2,1,10.7,0.0,0.0,0.0,0.0,0.0,4
2023-05-10 21:48:46,i2311-C-890,i2311-C-890,10.7,0.0,0.0,0.0,11,0.6,83.1,10,10.7,0.0,0.0,0.0,0.0,0.0,4
2023-05-10 21:48:47,i2311-C-890,i2311-C-890,10.7,0.0,0.0,0.0,11,0.6,83.0,1,10.7,0.0,0.0,0.0,0.0,0.0,4
2023-05-10 21:48:47,i2311-C-890,i2311-C-890,10.7,0.0,0.0,0.0,11,0.6,82.9,10,10.7,0.0,0.0,0.0,0.0,0.0,4
2023-05-10 21:48:48,i2311-C-890,i2311-C-890,10.7,0.0,0.0,0.0,11,0.6,82.8,1,10.7,0.0,0.0,0.0,0.0,0.0,4
2023-05-10 21:48:49,i2311-C-890,i2311-C-890,10.7,0.0,0.0,0.0,11,0.6,82.7,10,10.7,0.0,0.0,0.0,0.0,0.0,4
2023-05-10 21:48:50,i2311-C-890,i2311-C-890,10.7,0.0,0.0,0.0,11,0.6,82.6,1,10.7,0.0,0.0,0.0,0.0,0.0,4
2023-05-10 21:48:50,i2311-C-890,i2311-C-890,10.7,0.0,0.0,0.0,11,0.6,82.5,10,10.7,0.0,0.0,0.0,0.0,0.0,4
2023-05-10 21:48:51,i2311-C-890,i2311-C-890,10.7,0.0,0.0,0.0,11,0.6,82.4,1,10.7,0.0,0.0,0.0,0.0,0.0,4
2023-05-10 21:48:51,i2311-C-890,i2311-C-890,10.7,0.0,0.0,0.0,11,0.6,82.3,10,10.7,0.0,0.0,0.0,0.0,0.0,4
2023-05-10 21:48:53,i2311-C-890,i2311-C-890,10.7,0.0,0.0,0.0,11,0.6,82.2,1,10.7,0.0,0.0,0.0,0.0,0.0,4
2023-05-10 21:48:53,i2311-C-890,i2311-C-890,10.7,0.0,0.0,0.0,11,0.6,82.1,10,10.7,0.0,0.0,0.0,0.0,0.0,4
2023-05-10 21:48:54,i2311-C-890,i2311-C-890,10.7,0.0,0.0,0.0,11,0.6,82.0,1,10.7,0.0,0.0,0.0,0.0,0.0,4
2023-05-10 21:48:54,i2311-C-890,i2311-C-890,10.7,0.0,0.0,0.0,11,0.6,81.9,10,10.7,0.0,0.0,0.0,0.0,0.0,4
2023-05-10 21:48:55,i2311-C-890,i2311-C-890,10.7,0.0,0.0,0.0,11,0.6,81.8,1,10.7,0.0,0.0,0.0,0.0,0.0,4
2023-05-10 21:48:55,i2311-C-890,i2311-C-890,10.7,0.0,0.0,0.0,11,0.6,81.7,10,10.7,0.0,0.0,0.0,0.0,0.0,4
2023-05-10 21:48:57,i2311-C-890,i2311-C-890,10.7,0.0,0.0,0.0,11,0.6,81.6,1,10.7,0.0,0.0,0.0,0.0,0.0,4
2023-05-10 21:48:57,i2311-C-890,i2311-C-890,10.7,0.0,0.0,0.0,11,0.6,81.5,10,10.7,0.0,0.0,0.0,0.0,0.0,4
2023-05-10 21:48:58,i2311-C-890,i2311-C-890,10.7,0.0,0.0,0.0,11,0.6,81.4,1,10.7,0.0,0.0,0.0,0.0,0.0,4
2023-05-10 21:48:58,i2311-C-890,i2311-C-890,10.7,0.0,0.0,0.0,11,0.6,81.3,10,10.7,0.0,0.0,0.0,0.0,0.0,4
2023-05-10 21:48:59,i2311-C-890,i2311-C-890,10.7,0.0,0.0,0.0,11,0.6,81.2,1,10.7,0.0,0.0,0.0,0.0,0.0,4
2023-05-10 21:48:59,i2311-C-890,i2311-C-890,10.7,0.0,0.0,0.0,11,0.6,81.1,10,10.7,0.0,0.0,0.0,0.0,0.0,4
2023-05-10 21:49:01,i2311-C-890,i2311-C-890,10.7,0.0,0.0,0.0,11,0.6,81.0,1,10.7,0.0,0.0,0.0,0.0,0.0,4
2023-05-10 21:49:01,i2311-C-890,i2311-C-890,10.7,0.0,0.0,0.0,11,0.6,80.9,10,10.7,0.0,0.0,0.0,0.0,0.0,4
2023-05-10 21:49:02,i2311-C-890,i2311-C-890,10.7,0.0,0.0,0.0,11,0.6,80.8,1,10.7,0.0,0.0,0.0,0.0,0.0,4
2023-05-10 21:49:02,i2311-C-890,i2311-C-890,10.7,0.0,0.0,0.0,11,0.6,80.7,10,10.7,0.0,0.0,0.0,0.0,0.0,4
2023-05-10 21:49:03,i2311-C-890,i2311-C-890,10.7,0.0,0.0,0.0,11,0.6,80.6,1,10.7,0.0,0.0,0.0,0.0,0.0,4
2023-05-10 21:49:03,i2311-C-890,i2311-C-890,10.7,0.0,0.0,0.0,11,0.6,80.5,10,10.7,0.0,0.0,0.0,0.0,0.0,4
2023-05-10 21:49:04,i2311-C-890,i2311-C-890,10.7,0.0,0.0,0.0,11,0.6,80.4,1,10.7,0.0,0.0,0.0,0.0,0.0,4
2023-05-10 21:49:05,i2311-C-890,i2311-C-890,10.7,0.0,0.0,0.0,11,0.6,80.3,10,10.7,0.0,0.0,0.0,0.0,0.0,4
2023-05-10 21:49:06,i2311-C-890,i2311-C-890,10.7,0.0,0.0,0.0,11,0.6,80.2,1,10.7,0.0,0.0,0.0,0.0,0.0,4
2023-05-10 21:49:06,i2311-C-890,i2311-C-890,10.7,0.0,0.0,0.0,11,0.6,80.1,10,10.7,0.0,0.0,0.0,0.0,0.0,4
2023-05-10 21:49:07,i2311-C-890,i2311-C-890,10.7,0.0,0.0,0.0,11,0.6,80.0,1,10.7,0.0,0.0,0.0,0.0,0.0,4
2023-05-10 21:49:07,i2311-C-890,i2311-C-890,10.7,0.0,0.0,0.0,11,0.6,79.9,10,10.7,0.0,0.0,0.0,0.0,0.0,4
2023-05-10 21:49:08,i2311-C-890,i2311-C-890,10.7,0.0,0.0,0.0,11,0.6,79.8,1,10.7,0.0,0.0,0.0,0.0,0.0,4
2023-05-10 21:49:09,i2311-C-890,i2311-C-890,10.7,0.0,0.0,0.0,11,0.6,79.7,10,10.7,0.0,0.0,0.0,0.0,0.0,4
2023-05-10 21:49:10,i2311-C-890,i2311-C-890,10.7,0.0,0.0,0.0,11,0.6,79.6,1,10.7,0.0,0.0,0.0,0.0,0.0,4
2023-05-10 21:49:10,i2311-C-890,i2311-C-890,10.7,0.0,0.0,0.0,11,0.6,79.5,10,10.7,0.0,0.0,0.0,0.0,0.0,4
2023-05-10 21:49:11,i2311-C-890,i2311-C-890,10.7,0.0,0.0,0.0,11,0.6,79.4,1,10.7,0.0,0.0,0.0,0.0,0.0,4
2023-05-10 21:49:11,i2311-C-890,i2311-C-890,10.7,0.0,0.0,0.0,11,0.6,79.3,10,10.7,0.0,0.0,0.0,0.0,0.0,4
2023-05-10 21:49:12,i2311-C-890,i2311-C-890,10.7,0.0,0.0,0.0,11,0.6,79.2,1,10.7,0.0,0.0,0.0,0.0,0.0,4
2023-05-10 21:49:13,i2311-C-890,i2311-C-890,10.7,0.0,0.0,0.0,11,0.6,79.1,10,10.7,0.0,0.0,0.0,0.0,0.0,4
2023-05-10 21:49:14,i2311-C-890,i2311-C-890,10.7,0.0,0.0,0.0,11,0.6,79.0,1,10.7,0.0,0.0,0.0,0.0,0.0,4
2023-05-10 21:49:14,i2311-C-890,i2311-C-890,10.7,0.0,0.0,0.0,11,0.6,78.9,10,10.7,0.0,0.0,0.0,0.0,0.0,4
2023-05-10 21:49:15,i2311-C-890,i2311-C-890,10.7,0.0,0.0,0.0,11,0.6,78.8,1,10.7,0.0,0.0,0.0,0.0,0.0,4
2023-05-10 21:49:15,i2311-C-890,i2311-C-890,10.7,0.0,0.0,0.0,11,0.6,78.7,10,10.7,0.0,0.0,0.0,0.0,0.0,4
2023-05-10 21:49:16,i2311-C-890,i2311-C-890,10.7,0.0,0.0,0.0,11,0.6,78.6,1,10.7,0.0,0.0,0.0,0.0,0.0,4
2023-05-10 21:49:17,i2311-C-890,i2311-C-890,10.7,0.0,0.0,0.0,11,0.6,78.5,10,10.7,0.0,0.0,0.0,0.0,0.0,4
2023-05-10 21:49:18,i2311-C-890,i2311-C-890,10.7,0.0,0.0,0.0,11,0.6,78.4,1,10.7,0.0,0.0,0.0,0.0,0.0,4
2023-05-10 21:49:18,i2311-C-890,i2311-C-890,10.7,0.0,0.0,0.0,11,0.6,78.3,10,10.7,0.0,0.0,0.0,0.0,0.0,4
2023-05-10 21:49:19,i2311-C-890,i2311-C-890,10.7,0.0,0.0,0.0,11,0.6,78.2,1,10.7,0.0,0.0,0.0,0.0,0.0,4
2023-05-10 21:49:19,i2311-C-890,i2311-C-890,10.7,0.0,0.0,0.0,11,0.6,78.1,10,10.7,0.0,0.0,0.0,0.0,0.0,4
2023-05-10 21:49:20,i2311-C-890,i2311-C-890,10.7,0.0,0.0,0.0,11,0.6,78.0,1,10.7,0.0,0.0,0.0,0.0,0.0,4
2023-05-10 21:49:20,i2311-C-890,i2311-C-890,10.7,0.0,0.0,0.0,11,0.6,77.9,10,10.7,0.0,0.0,0.0,0.0,0.0,4
2023-05-10 21:49:22,i2311-C-890,i2311-C-890,10.7,0.0,0.0,0.0,11,0.6,77.8,1,10.7,0.0,0.0,0.0,0.0,0.0,4
2023-05-10 21:49:22,i2311-C-890,i2311-C-890,10.7,0.0,0.0,0.0,11,0.6,77.7,10,10.7,0.0,0.0,0.0,0.0,0.0,4
2023-05-10 21:49:23,i2311-C-890,i2311-C-890,10.7,0.0,0.0,0.0,11,0.6,77.6,1,10.7,0.0,0.0,0.0,0.0,0.0,4
2023-05-10 21:49:23,i2311-C-890,i2311-C-890,10.7,0.0,0.0,0.0,11,0.6,77.5,10,10.7,0.0,0.0,0.0,0.0,0.0,4
2023-05-10 21:49:24,i2311-C-890,i2311-C-890,10.7,0.0,0.0,0.0,11,0.6,77.4,1,10.7,0.0,0.0,0.0,0.0,0.0,4
2023-05-10 21:49:24,i2311-C-890,i2311-C-890,10.7,0.0,0.0,0.0,11,0.6,77.3,10,10.7,0.0,0.0,0.0,0.0,0.0,4
2023-05-10 21:49:26,i2311-C-890,i2311-C-890,10.7,0.0,0.0,0.0,11,0.6,77.2,1,10.7,0.0,0.0,0.0,0.0,0.0,4
2023-05-10 21:49:26,i2311-C-890,i2311-C-890,10.7,0.0,0.0,0.0,11,0.6,77.1,10,10.7,0.0,0.0,0.0,0.0,0.0,4
2023-05-10 21:49:27,i2311-C-890,i2311-C-890,10.7,0.0,0.0,0.0,11,0.6,77.0,1,10.7,0.0,0.0,0.0,0.0,0.0,4
2023-05-10 21:49:27,i2311-C-890,i2311-C-890,10.7,0.0,0.0,0.0,11,0.6,76.9,10,10.7,0.0,0.0,0.0,0.0,0.0,4
2023-05-10 22:50:12,i2311-C-890,i2311-C-890,10.7,0.0,0.0,0.0,10,0.6,76.9,10,10.7,0.0,0.0,0.0,0.0,0.0,4
2023-05-10 22:57:32,i2311-C-890,i2311-C-890,10.7,0.0,0.0,0.0,1,0.5,0.0,0,10.7,0.0,0.0,0.0,0.0,0.0,4
2023-05-10 22:59:13,i2311-C-890,i2311-C-890,10.7,0.0,0.0,0.0,10,0.6,0.0,0,10.7,0.0,0.0,0.0,0.0,0.0,4
2023-05-10 22:59:55,i2311-C-890,i2311-C-890,10.7,0.0,0.0,0.0,1,0.5,0.0,0,10.7,0.0,0.0,0.0,0.0,0.0,4
2023-05-11 09:00:16,i2311-C-890,i2311-C-890,10.7,0.0,0.0,0.0,10,0.6,0.0,0,10.7,0.0,0.0,0.0,0.0,0.0,4
2023-05-11 09:32:48,i2311-C-890,i2311-C-890,10.7,0.0,0.0,0.0,11,0.6,0.0,0,10.7,0.0,0.0,0.0,0.0,0.0,4
2023-05-11 09:36:32,i2311-C-890,i2311-C-890,10.7,0.0,0.0,0.0,1,0.8,0.0,0,10.7,0.0,0.0,0.0,0.0,0.0,4
2023-05-11 09:36:32,i2311-C-890,i2311-C-890,10.7,0.0,0.0,0.0,10,0.9,0.0,0,10.7,0.0,0.0,0.0,0.0,0.0,4
2023-05-11 09:41:00,i2311-C-890,i2311-C-890,10.7,0.0,0.0,0.0,10,0.9,86.5,10,10.7,0.0,0.0,0.0,0.0,0.0,4
2023-05-11 09:41:01,i2311-C-890,i2311-C-890,10.7,0.0,0.0,0.0,10,0.9,86.4,1,10.7,0.0,0.0,0.0,0.0,0.0,4
2023-05-11 09:41:02,i2311-C-890,i2311-C-890,10.7,0.0,0.0,0.0,10,0.9,86.3,10,10.7,0.0,0.0,0.0,0.0,0.0,4
2023-05-11 09:41:03,i2311-C-890,i2311-C-890,10.7,0.0,0.0,0.0,10,0.9,86.2,1,10.7,0.0,0.0,0.0,0.0,0.0,4
2023-05-11 09:41:03,i2311-C-890,i2311-C-890,10.7,0.0,0.0,0.0,10,0.9,86.1,10,10.7,0.0,0.0,0.0,0.0,0.0,4
2023-05-11 09:41:04,i2311-C-890,i2311-C-890,10.7,0.0,0.0,0.0,10,0.9,86.0,1,10.7,0.0,0.0,0.0,0.0,0.0,4
2023-05-11 09:41:05,i2311-C-890,i2311-C-890,10.7,0.0,0.0,0.0,10,0.9,85.9,10,10.7,0.0,0.0,0.0,0.0,0.0,4
2023-05-11 09:41:06,i2311-C-890,i2311-C-890,10.7,0.0,0.0,0.0,10,0.9,85.8,1,10.7,0.0,0.0,0.0,0.0,0.0,4
2023-05-11 09:41:06,i2311-C-890,i2311-C-890,10.7,0.0,0.0,0.0,10,0.9,85.7,10,10.7,0.0,0.0,0.0,0.0,0.0,4
2023-05-11 09:41:08,i2311-C-890,i2311-C-890,10.7,0.0,0.0,0.0,10,0.9,85.6,1,10.7,0.0,0.0,0.0,0.0,0.0,4
2023-05-11 09:41:08,i2311-C-890,i2311-C-890,10.7,0.0,0.0,0.0,10,0.9,85.5,10,10.7,0.0,0.0,0.0,0.0,0.0,4
2023-05-11 09:41:09,i2311-C-890,i2311-C-890,10.7,0.0,0.0,0.0,10,0.9,85.4,1,10.7,0.0,0.0,0.0,0.0,0.0,4
2023-05-11 09:41:10,i2311-C-890,i2311-C-890,10.7,0.0,0.0,0.0,10,0.9,85.3,10,10.7,0.0,0.0,0.0,0.0,0.0,4
2023-05-11 09:41:11,i2311-C-890,i2311-C-890,10.7,0.0,0.0,0.0,10,0.9,85.2,1,10.7,0.0,0.0,0.0,0.0,0.0,4
2023-05-11 09:41:11,i2311-C-890,i2311-C-890,10.7,0.0,0.0,0.0,10,0.9,85.1,10,10.7,0.0,0.0,0.0,0.0,0.0,4
2023-05-11 09:41:12,i2311-C-890,i2311-C-890,10.7,0.0,0.0,0.0,10,0.9,85.0,1,10.7,0.0,0.0,0.0,0.0,0.0,4
2023-05-11 09:41:12,i2311-C-890,i2311-C-890,10.7,0.0,0.0,0.0,10,0.9,84.9,10,10.7,0.0,0.0,0.0,0.0,0.0,4
2023-05-11 09:41:13,i2311-C-890,i2311-C-890,10.7,0.0,0.0,0.0,10,0.9,84.8,1,10.7,0.0,0.0,0.0,0.0,0.0,4
2023-05-11 09:41:13,i2311-C-890,i2311-C-890,10.7,0.0,0.0,0.0,10,0.9,84.7,10,10.7,0.0,0.0,0.0,0.0,0.0,4
2023-05-11 09:41:15,i2311-C-890,i2311-C-890,10.7,0.0,0.0,0.0,10,0.9,84.6,1,10.7,0.0,0.0,0.0,0.0,0.0,4
2023-05-11 09:41:15,i2311-C-890,i2311-C-890,10.7,0.0,0.0,0.0,10,0.9,84.5,10,10.7,0.0,0.0,0.0,0.0,0.0,4
2023-05-11 09:41:16,i2311-C-890,i2311-C-890,10.7,0.0,0.0,0.0,10,0.9,84.4,1,10.7,0.0,0.0,0.0,0.0,0.0,4
2023-05-11 09:41:16,i2311-C-890,i2311-C-890,10.7,0.0,0.0,0.0,10,0.9,84.3,10,10.7,0.0,0.0,0.0,0.0,0.0,4
2023-05-11 09:41:18,i2311-C-890,i2311-C-890,10.7,0.0,0.0,0.0,10,0.9,84.2,1,10.7,0.0,0.0,0.0,0.0,0.0,4
2023-05-11 09:41:18,i2311-C-890,i2311-C-890,10.7,0.0,0.0,0.0,10,0.9,84.1,10,10.7,0.0,0.0,0.0,0.0,0.0,4
2023-05-11 09:41:19,i2311-C-890,i2311-C-890,10.7,0.0,0.0,0.0,10,0.9,84.0,1,10.7,0.0,0.0,0.0,0.0,0.0,4
2023-05-11 09:41:20,i2311-C-890,i2311-C-890,10.7,0.0,0.0,0.0,10,0.9,83.9,10,10.7,0.0,0.0,0.0,0.0,0.0,4
2023-05-11 09:41:21,i2311-C-890,i2311-C-890,10.7,0.0,0.0,0.0,10,0.9,83.8,1,10.7,0.0,0.0,0.0,0.0,0.0,4
2023-05-11 09:41:21,i2311-C-890,i2311-C-890,10.7,0.0,0.0,0.0,10,0.9,83.7,10,10.7,0.0,0.0,0.0,0.0,0.0,4
2023-05-11 09:41:22,i2311-C-890,i2311-C-890,10.7,0.0,0.0,0.0,10,0.9,83.6,1,10.7,0.0,0.0,0.0,0.0,0.0,4
2023-05-11 09:41:22,i2311-C-890,i2311-C-890,10.7,0.0,0.0,0.0,10,0.9,83.5,10,10.7,0.0,0.0,0.0,0.0,0.0,4
2023-05-11 09:41:23,i2311-C-890,i2311-C-890,10.7,0.0,0.0,0.0,10,0.9,83.4,1,10.7,0.0,0.0,0.0,0.0,0.0,4
2023-05-11 09:41:23,i2311-C-890,i2311-C-890,10.7,0.0,0.0,0.0,10,0.9,83.3,10,10.7,0.0,0.0,0.0,0.0,0.0,4
2023-05-11 09:41:25,i2311-C-890,i2311-C-890,10.7,0.0,0.0,0.0,10,0.9,83.2,1,10.7,0.0,0.0,0.0,0.0,0.0,4
2023-05-11 09:41:25,i2311-C-890,i2311-C-890,10.7,0.0,0.0,0.0,10,0.9,83.1,10,10.7,0.0,0.0,0.0,0.0,0.0,4
2023-05-11 09:41:26,i2311-C-890,i2311-C-890,10.7,0.0,0.0,0.0,10,0.9,83.0,1,10.7,0.0,0.0,0.0,0.0,0.0,4
2023-05-11 09:41:26,i2311-C-890,i2311-C-890,10.7,0.0,0.0,0.0,10,0.9,82.9,10,10.7,0.0,0.0,0.0,0.0,0.0,4
2023-05-11 09:41:28,i2311-C-890,i2311-C-890,10.7,0.0,0.0,0.0,10,0.9,82.8,1,10.7,0.0,0.0,0.0,0.0,0.0,4
2023-05-11 09:41:28,i2311-C-890,i2311-C-890,10.7,0.0,0.0,0.0,10,0.9,82.7,10,10.7,0.0,0.0,0.0,0.0,0.0,4
2023-05-11 09:41:29,i2311-C-890,i2311-C-890,10.7,0.0,0.0,0.0,10,0.9,82.6,1,10.7,0.0,0.0,0.0,0.0,0.0,4
2023-05-11 09:41:29,i2311-C-890,i2311-C-890,10.7,0.0,0.0,0.0,10,0.9,82.5,10,10.7,0.0,0.0,0.0,0.0,0.0,4
2023-05-11 09:41:31,i2311-C-890,i2311-C-890,10.7,0.0,0.0,0.0,10,0.9,82.4,1,10.7,0.0,0.0,0.0,0.0,0.0,4
2023-05-11 09:41:31,i2311-C-890,i2311-C-890,10.7,0.0,0.0,0.0,10,0.9,82.3,10,10.7,0.0,0.0,0.0,0.0,0.0,4
2023-05-11 09:41:32,i2311-C-890,i2311-C-890,10.7,0.0,0.0,0.0,10,0.9,82.2,1,10.7,0.0,0.0,0.0,0.0,0.0,4
2023-05-11 09:41:32,i2311-C-890,i2311-C-890,10.7,0.0,0.0,0.0,10,0.9,82.1,10,10.7,0.0,0.0,0.0,0.0,0.0,4
2023-05-11 09:41:34,i2311-C-890,i2311-C-890,10.7,0.0,0.0,0.0,10,0.9,82.0,1,10.7,0.0,0.0,0.0,0.0,0.0,4
2023-05-11 09:41:34,i2311-C-890,i2311-C-890,10.7,0.0,0.0,0.0,10,0.9,81.9,10,10.7,0.0,0.0,0.0,0.0,0.0,4
2023-05-11 09:41:35,i2311-C-890,i2311-C-890,10.7,0.0,0.0,0.0,10,0.9,81.8,1,10.7,0.0,0.0,0.0,0.0,0.0,4
2023-05-11 09:41:36,i2311-C-890,i2311-C-890,10.7,0.0,0.0,0.0,10,0.9,81.7,10,10.7,0.0,0.0,0.0,0.0,0.0,4
2023-05-11 09:41:37,i2311-C-890,i2311-C-890,10.7,0.0,0.0,0.0,10,0.9,81.6,1,10.7,0.0,0.0,0.0,0.0,0.0,4
2023-05-11 09:41:37,i2311-C-890,i2311-C-890,10.7,0.0,0.0,0.0,10,0.9,81.5,10,10.7,0.0,0.0,0.0,0.0,0.0,4
2023-05-11 09:41:38,i2311-C-890,i2311-C-890,10.7,0.0,0.0,0.0,10,0.9,81.4,1,10.7,0.0,0.0,0.0,0.0,0.0,4
2023-05-11 09:41:38,i2311-C-890,i2311-C-890,10.7,0.0,0.0,0.0,10,0.9,81.3,10,10.7,0.0,0.0,0.0,0.0,0.0,4
2023-05-11 09:41:39,i2311-C-890,i2311-C-890,10.7,0.0,0.0,0.0,10,0.9,81.2,1,10.7,0.0,0.0,0.0,0.0,0.0,4
2023-05-11 09:41:40,i2311-C-890,i2311-C-890,10.7,0.0,0.0,0.0,10,0.9,81.1,10,10.7,0.0,0.0,0.0,0.0,0.0,4
2023-05-11 09:41:41,i2311-C-890,i2311-C-890,10.7,0.0,0.0,0.0,10,0.9,81.0,1,10.7,0.0,0.0,0.0,0.0,0.0,4
2023-05-11 09:41:41,i2311-C-890,i2311-C-890,10.7,0.0,0.0,0.0,10,0.9,80.9,10,10.7,0.0,0.0,0.0,0.0,0.0,4
2023-05-11 09:41:42,i2311-C-890,i2311-C-890,10.7,0.0,0.0,0.0,10,0.9,80.8,1,10.7,0.0,0.0,0.0,0.0,0.0,4
2023-05-11 09:41:42,i2311-C-890,i2311-C-890,10.7,0.0,0.0,0.0,10,0.9,80.7,10,10.7,0.0,0.0,0.0,0.0,0.0,4
2023-05-11 09:41:43,i2311-C-890,i2311-C-890,10.7,0.0,0.0,0.0,10,0.9,80.6,1,10.7,0.0,0.0,0.0,0.0,0.0,4
2023-05-11 09:41:44,i2311-C-890,i2311-C-890,10.7,0.0,0.0,0.0,10,0.9,80.5,10,10.7,0.0,0.0,0.0,0.0,0.0,4
2023-05-11 09:41:45,i2311-C-890,i2311-C-890,10.7,0.0,0.0,0.0,10,0.9,80.4,1,10.7,0.0,0.0,0.0,0.0,0.0,4
2023-05-11 09:41:45,i2311-C-890,i2311-C-890,10.7,0.0,0.0,0.0,10,0.9,80.3,10,10.7,0.0,0.0,0.0,0.0,0.0,4
2023-05-11 09:41:46,i2311-C-890,i2311-C-890,10.7,0.0,0.0,0.0,10,0.9,80.2,1,10.7,0.0,0.0,0.0,0.0,0.0,4
2023-05-11 09:41:46,i2311-C-890,i2311-C-890,10.7,0.0,0.0,0.0,10,0.9,80.1,10,10.7,0.0,0.0,0.0,0.0,0.0,4
2023-05-11 09:41:47,i2311-C-890,i2311-C-890,10.7,0.0,0.0,0.0,10,0.9,80.0,1,10.7,0.0,0.0,0.0,0.0,0.0,4
2023-05-11 09:41:48,i2311-C-890,i2311-C-890,10.7,0.0,0.0,0.0,10,0.9,79.9,10,10.7,0.0,0.0,0.0,0.0,0.0,4
2023-05-11 09:41:49,i2311-C-890,i2311-C-890,10.7,0.0,0.0,0.0,10,0.9,79.8,1,10.7,0.0,0.0,0.0,0.0,0.0,4
2023-05-11 09:41:49,i2311-C-890,i2311-C-890,10.7,0.0,0.0,0.0,10,0.9,79.7,10,10.7,0.0,0.0,0.0,0.0,0.0,4
2023-05-11 09:41:50,i2311-C-890,i2311-C-890,10.7,0.0,0.0,0.0,10,0.9,79.6,1,10.7,0.0,0.0,0.0,0.0,0.0,4
2023-05-11 09:41:50,i2311-C-890,i2311-C-890,10.7,0.0,0.0,0.0,10,0.9,79.5,10,10.7,0.0,0.0,0.0,0.0,0.0,4
2023-05-11 09:41:51,i2311-C-890,i2311-C-890,10.7,0.0,0.0,0.0,10,0.9,79.4,1,10.7,0.0,0.0,0.0,0.0,0.0,4
2023-05-11 09:41:51,i2311-C-890,i2311-C-890,10.7,0.0,0.0,0.0,10,0.9,79.3,10,10.7,0.0,0.0,0.0,0.0,0.0,4
2023-05-11 09:41:53,i2311-C-890,i2311-C-890,10.7,0.0,0.0,0.0,10,0.9,79.2,1,10.7,0.0,0.0,0.0,0.0,0.0,4
2023-05-11 09:41:53,i2311-C-890,i2311-C-890,10.7,0.0,0.0,0.0,10,0.9,79.1,10,10.7,0.0,0.0,0.0,0.0,0.0,4
2023-05-11 09:41:54,i2311-C-890,i2311-C-890,10.7,0.0,0.0,0.0,10,0.9,79.0,1,10.7,0.0,0.0,0.0,0.0,0.0,4
2023-05-11 09:41:54,i2311-C-890,i2311-C-890,10.7,0.0,0.0,0.0,10,0.9,78.9,10,10.7,0.0,0.0,0.0,0.0,0.0,4
2023-05-11 09:41:56,i2311-C-890,i2311-C-890,10.7,0.0,0.0,0.0,10,0.9,78.8,1,10.7,0.0,0.0,0.0,0.0,0.0,4
2023-05-11 09:41:56,i2311-C-890,i2311-C-890,10.7,0.0,0.0,0.0,10,0.9,78.7,10,10.7,0.0,0.0,0.0,0.0,0.0,4
2023-05-11 09:41:57,i2311-C-890,i2311-C-890,10.7,0.0,0.0,0.0,10,0.9,78.6,1,10.7,0.0,0.0,0.0,0.0,0.0,4
2023-05-11 09:41:57,i2311-C-890,i2311-C-890,10.7,0.0,0.0,0.0,10,0.9,78.5,10,10.7,0.0,0.0,0.0,0.0,0.0,4
2023-05-11 09:41:58,i2311-C-890,i2311-C-890,10.7,0.0,0.0,0.0,10,0.9,78.4,1,10.7,0.0,0.0,0.0,0.0,0.0,4
2023-05-11 09:41:58,i2311-C-890,i2311-C-890,10.7,0.0,0.0,0.0,10,0.9,78.3,10,10.7,0.0,0.0,0.0,0.0,0.0,4
2023-05-11 09:42:00,i2311-C-890,i2311-C-890,10.7,0.0,0.0,0.0,10,0.9,78.2,1,10.7,0.0,0.0,0.0,0.0,0.0,4
2023-05-11 09:42:00,i2311-C-890,i2311-C-890,10.7,0.0,0.0,0.0,10,0.9,78.1,10,10.7,0.0,0.0,0.0,0.0,0.0,4
2023-05-11 09:42:01,i2311-C-890,i2311-C-890,10.7,0.0,0.0,0.0,10,0.9,78.0,1,10.7,0.0,0.0,0.0,0.0,0.0,4
2023-05-11 09:42:01,i2311-C-890,i2311-C-890,10.7,0.0,0.0,0.0,10,0.9,77.9,10,10.7,0.0,0.0,0.0,0.0,0.0,4
2023-05-11 09:42:02,i2311-C-890,i2311-C-890,10.7,0.0,0.0,0.0,10,0.9,77.8,1,10.7,0.0,0.0,0.0,0.0,0.0,4
2023-05-11 09:42:02,i2311-C-890,i2311-C-890,10.7,0.0,0.0,0.0,10,0.9,77.7,10,10.7,0.0,0.0,0.0,0.0,0.0,4
2023-05-11 09:42:04,i2311-C-890,i2311-C-890,10.7,0.0,0.0,0.0,10,0.9,77.6,1,10.7,0.0,0.0,0.0,0.0,0.0,4
2023-05-11 09:42:04,i2311-C-890,i2311-C-890,10.7,0.0,0.0,0.0,10,0.9,77.5,10,10.7,0.0,0.0,0.0,0.0,0.0,4
2023-05-11 09:42:05,i2311-C-890,i2311-C-890,10.7,0.0,0.0,0.0,10,0.9,77.4,1,10.7,0.0,0.0,0.0,0.0,0.0,4
2023-05-11 09:42:05,i2311-C-890,i2311-C-890,10.7,0.0,0.0,0.0,10,0.9,77.3,10,10.7,0.0,0.0,0.0,0.0,0.0,4
2023-05-11 09:42:07,i2311-C-890,i2311-C-890,10.7,0.0,0.0,0.0,10,0.9,77.2,1,10.7,0.0,0.0,0.0,0.0,0.0,4
2023-05-11 09:42:07,i2311-C-890,i2311-C-890,10.7,0.0,0.0,0.0,10,0.9,77.1,10,10.7,0.0,0.0,0.0,0.0,0.0,4
2023-05-11 09:42:08,i2311-C-890,i2311-C-890,10.7,0.0,0.0,0.0,10,0.9,77.0,1,10.7,0.0,0.0,0.0,0.0,0.0,4
2023-05-11 09:42:08,i2311-C-890,i2311-C-890,10.7,0.0,0.0,0.0,10,0.9,76.9,10,10.7,0.0,0.0,0.0,0.0,0.0,4
2023-05-11 10:14:32,i2311-C-890,i2311-C-890,10.7,0.0,0.0,0.0,1,0.8,0.0,0,10.7,0.0,0.0,0.0,0.0,0.0,4
2023-05-11 10:30:06,i2311-C-890,i2311-C-890,10.7,0.0,0.0,0.0,10,0.9,0.0,0,10.7,0.0,0.0,0.0,0.0,0.0,4
2023-05-11 11:05:23,i2311-C-890,i2311-C-890,10.7,0.0,0.0,0.0,1,0.8,0.0,0,10.7,0.0,0.0,0.0,0.0,0.0,4
2023-05-11 11:07:18,i2311-C-890,i2311-C-890,10.7,0.0,0.0,0.0,10,0.9,0.0,0,10.7,0.0,0.0,0.0,0.0,0.0,4
2023-05-11 11:09:20,i2311-C-890,i2311-C-890,10.7,0.0,0.0,0.0,10,0.9,86.6,1,10.7,0.0,0.0,0.0,0.0,0.0,4
2023-05-11 11:09:20,i2311-C-890,i2311-C-890,10.7,0.0,0.0,0.0,10,0.9,86.5,10,10.7,0.0,0.0,0.0,0.0,0.0,4
2023-05-11 11:09:22,i2311-C-890,i2311-C-890,10.7,0.0,0.0,0.0,10,0.9,86.4,1,10.7,0.0,0.0,0.0,0.0,0.0,4
2023-05-11 11:09:22,i2311-C-890,i2311-C-890,10.7,0.0,0.0,0.0,10,0.9,86.3,10,10.7,0.0,0.0,0.0,0.0,0.0,4
2023-05-11 11:09:23,i2311-C-890,i2311-C-890,10.7,0.0,0.0,0.0,10,0.9,86.2,1,10.7,0.0,0.0,0.0,0.0,0.0,4
2023-05-11 11:09:23,i2311-C-890,i2311-C-890,10.7,0.0,0.0,0.0,10,0.9,86.1,10,10.7,0.0,0.0,0.0,0.0,0.0,4
2023-05-11 11:09:24,i2311-C-890,i2311-C-890,10.7,0.0,0.0,0.0,10,0.9,86.0,1,10.7,0.0,0.0,0.0,0.0,0.0,4
2023-05-11 11:09:25,i2311-C-890,i2311-C-890,10.7,0.0,0.0,0.0,10,0.9,85.9,10,10.7,0.0,0.0,0.0,0.0,0.0,4
2023-05-11 11:09:26,i2311-C-890,i2311-C-890,10.7,0.0,0.0,0.0,10,0.9,85.8,1,10.7,0.0,0.0,0.0,0.0,0.0,4
2023-05-11 11:09:26,i2311-C-890,i2311-C-890,10.7,0.0,0.0,0.0,10,0.9,85.7,10,10.7,0.0,0.0,0.0,0.0,0.0,4
2023-05-11 11:09:27,i2311-C-890,i2311-C-890,10.7,0.0,0.0,0.0,10,0.9,85.6,1,10.7,0.0,0.0,0.0,0.0,0.0,4
2023-05-11 11:09:27,i2311-C-890,i2311-C-890,10.7,0.0,0.0,0.0,10,0.9,85.5,10,10.7,0.0,0.0,0.0,0.0,0.0,4
2023-05-11 11:09:29,i2311-C-890,i2311-C-890,10.7,0.0,0.0,0.0,10,0.9,85.4,1,10.7,0.0,0.0,0.0,0.0,0.0,4
2023-05-11 11:09:29,i2311-C-890,i2311-C-890,10.7,0.0,0.0,0.0,10,0.9,85.3,10,10.7,0.0,0.0,0.0,0.0,0.0,4
2023-05-11 11:09:30,i2311-C-890,i2311-C-890,10.7,0.0,0.0,0.0,10,0.9,85.2,1,10.7,0.0,0.0,0.0,0.0,0.0,4
2023-05-11 11:09:30,i2311-C-890,i2311-C-890,10.7,0.0,0.0,0.0,10,0.9,85.1,10,10.7,0.0,0.0,0.0,0.0,0.0,4
2023-05-11 11:09:31,i2311-C-890,i2311-C-890,10.7,0.0,0.0,0.0,10,0.9,85.0,1,10.7,0.0,0.0,0.0,0.0,0.0,4
2023-05-11 11:09:32,i2311-C-890,i2311-C-890,10.7,0.0,0.0,0.0,10,0.9,84.9,10,10.7,0.0,0.0,0.0,0.0,0.0,4
2023-05-11 11:09:33,i2311-C-890,i2311-C-890,10.7,0.0,0.0,0.0,10,0.9,84.8,1,10.7,0.0,0.0,0.0,0.0,0.0,4
2023-05-11 11:09:33,i2311-C-890,i2311-C-890,10.7,0.0,0.0,0.0,10,0.9,84.7,10,10.7,0.0,0.0,0.0,0.0,0.0,4
2023-05-11 11:09:34,i2311-C-890,i2311-C-890,10.7,0.0,0.0,0.0,10,0.9,84.6,1,10.7,0.0,0.0,0.0,0.0,0.0,4
2023-05-11 11:09:34,i2311-C-890,i2311-C-890,10.7,0.0,0.0,0.0,10,0.9,84.5,10,10.7,0.0,0.0,0.0,0.0,0.0,4
2023-05-11 11:09:36,i2311-C-890,i2311-C-890,10.7,0.0,0.0,0.0,10,0.9,84.4,1,10.7,0.0,0.0,0.0,0.0,0.0,4
2023-05-11 11:09:36,i2311-C-890,i2311-C-890,10.7,0.0,0.0,0.0,10,0.9,84.3,10,10.7,0.0,0.0,0.0,0.0,0.0,4
2023-05-11 11:09:37,i2311-C-890,i2311-C-890,10.7,0.0,0.0,0.0,10,0.9,84.2,1,10.7,0.0,0.0,0.0,0.0,0.0,4
2023-05-11 11:09:37,i2311-C-890,i2311-C-890,10.7,0.0,0.0,0.0,10,0.9,84.1,10,10.7,0.0,0.0,0.0,0.0,0.0,4
2023-05-11 11:09:39,i2311-C-890,i2311-C-890,10.7,0.0,0.0,0.0,10,0.9,84.0,1,10.7,0.0,0.0,0.0,0.0,0.0,4
2023-05-11 11:09:39,i2311-C-890,i2311-C-890,10.7,0.0,0.0,0.0,10,0.9,83.9,10,10.7,0.0,0.0,0.0,0.0,0.0,4
2023-05-11 11:09:40,i2311-C-890,i2311-C-890,10.7,0.0,0.0,0.0,10,0.9,83.8,1,10.7,0.0,0.0,0.0,0.0,0.0,4
2023-05-11 11:09:40,i2311-C-890,i2311-C-890,10.7,0.0,0.0,0.0,10,0.9,83.7,10,10.7,0.0,0.0,0.0,0.0,0.0,4
2023-05-11 11:09:41,i2311-C-890,i2311-C-890,10.7,0.0,0.0,0.0,10,0.9,83.6,1,10.7,0.0,0.0,0.0,0.0,0.0,4
2023-05-11 11:09:41,i2311-C-890,i2311-C-890,10.7,0.0,0.0,0.0,10,0.9,83.5,10,10.7,0.0,0.0,0.0,0.0,0.0,4
2023-05-11 11:09:43,i2311-C-890,i2311-C-890,10.7,0.0,0.0,0.0,10,0.9,83.4,1,10.7,0.0,0.0,0.0,0.0,0.0,4
2023-05-11 11:09:43,i2311-C-890,i2311-C-890,10.7,0.0,0.0,0.0,10,0.9,83.3,10,10.7,0.0,0.0,0.0,0.0,0.0,4
2023-05-11 11:09:44,i2311-C-890,i2311-C-890,10.7,0.0,0.0,0.0,10,0.9,83.2,1,10.7,0.0,0.0,0.0,0.0,0.0,4
2023-05-11 11:09:44,i2311-C-890,i2311-C-890,10.7,0.0,0.0,0.0,10,0.9,83.1,10,10.7,0.0,0.0,0.0,0.0,0.0,4
2023-05-11 11:09:45,i2311-C-890,i2311-C-890,10.7,0.0,0.0,0.0,10,0.9,83.0,1,10.7,0.0,0.0,0.0,0.0,0.0,4
2023-05-11 11:09:45,i2311-C-890,i2311-C-890,10.7,0.0,0.0,0.0,10,0.9,82.9,10,10.7,0.0,0.0,0.0,0.0,0.0,4
2023-05-11 11:09:46,i2311-C-890,i2311-C-890,10.7,0.0,0.0,0.0,10,0.9,82.8,1,10.7,0.0,0.0,0.0,0.0,0.0,4
2023-05-11 11:09:47,i2311-C-890,i2311-C-890,10.7,0.0,0.0,0.0,10,0.9,82.7,10,10.7,0.0,0.0,0.0,0.0,0.0,4
2023-05-11 11:09:47,i2311-C-890,i2311-C-890,10.7,0.0,0.0,0.0,10,0.9,82.6,1,10.7,0.0,0.0,0.0,0.0,0.0,4
2023-05-11 11:09:48,i2311-C-890,i2311-C-890,10.7,0.0,0.0,0.0,10,0.9,82.5,10,10.7,0.0,0.0,0.0,0.0,0.0,4
2023-05-11 11:09:49,i2311-C-890,i2311-C-890,10.7,0.0,0.0,0.0,10,0.9,82.4,1,10.7,0.0,0.0,0.0,0.0,0.0,4
2023-05-11 11:09:49,i2311-C-890,i2311-C-890,10.7,0.0,0.0,0.0,10,0.9,82.3,10,10.7,0.0,0.0,0.0,0.0,0.0,4
2023-05-11 11:09:50,i2311-C-890,i2311-C-890,10.7,0.0,0.0,0.0,10,0.9,82.2,1,10.7,0.0,0.0,0.0,0.0,0.0,4
2023-05-11 11:09:51,i2311-C-890,i2311-C-890,10.7,0.0,0.0,0.0,10,0.9,82.1,10,10.7,0.0,0.0,0.0,0.0,0.0,4
2023-05-11 11:09:51,i2311-C-890,i2311-C-890,10.7,0.0,0.0,0.0,10,0.9,82.0,1,10.7,0.0,0.0,0.0,0.0,0.0,4
2023-05-11 11:09:52,i2311-C-890,i2311-C-890,10.7,0.0,0.0,0.0,10,0.9,81.9,10,10.7,0.0,0.0,0.0,0.0,0.0,4
2023-05-11 11:09:53,i2311-C-890,i2311-C-890,10.7,0.0,0.0,0.0,10,0.9,81.8,1,10.7,0.0,0.0,0.0,0.0,0.0,4
2023-05-11 11:09:53,i2311-C-890,i2311-C-890,10.7,0.0,0.0,0.0,10,0.9,81.7,10,10.7,0.0,0.0,0.0,0.0,0.0,4
2023-05-11 11:09:54,i2311-C-890,i2311-C-890,10.7,0.0,0.0,0.0,10,0.9,81.6,1,10.7,0.0,0.0,0.0,0.0,0.0,4
2023-05-11 11:09:54,i2311-C-890,i2311-C-890,10.7,0.0,0.0,0.0,10,0.9,81.5,10,10.7,0.0,0.0,0.0,0.0,0.0,4
2023-05-11 11:09:55,i2311-C-890,i2311-C-890,10.7,0.0,0.0,0.0,10,0.9,81.4,1,10.7,0.0,0.0,0.0,0.0,0.0,4
2023-05-11 11:09:56,i2311-C-890,i2311-C-890,10.7,0.0,0.0,0.0,10,0.9,81.3,10,10.7,0.0,0.0,0.0,0.0,0.0,4
2023-05-11 11:09:57,i2311-C-890,i2311-C-890,10.7,0.0,0.0,0.0,10,0.9,81.2,1,10.7,0.0,0.0,0.0,0.0,0.0,4
2023-05-11 11:09:57,i2311-C-890,i2311-C-890,10.7,0.0,0.0,0.0,10,0.9,81.1,10,10.7,0.0,0.0,0.0,0.0,0.0,4
2023-05-11 11:09:58,i2311-C-890,i2311-C-890,10.7,0.0,0.0,0.0,10,0.9,81.0,1,10.7,0.0,0.0,0.0,0.0,0.0,4
2023-05-11 11:09:59,i2311-C-890,i2311-C-890,10.7,0.0,0.0,0.0,10,0.9,80.9,10,10.7,0.0,0.0,0.0,0.0,0.0,4
2023-05-11 11:10:00,i2311-C-890,i2311-C-890,10.7,0.0,0.0,0.0,10,0.9,80.8,1,10.7,0.0,0.0,0.0,0.0,0.0,4
2023-05-11 11:10:00,i2311-C-890,i2311-C-890,10.7,0.0,0.0,0.0,10,0.9,80.7,10,10.7,0.0,0.0,0.0,0.0,0.0,4
2023-05-11 11:10:01,i2311-C-890,i2311-C-890,10.7,0.0,0.0,0.0,10,0.9,80.6,1,10.7,0.0,0.0,0.0,0.0,0.0,4
2023-05-11 11:10:01,i2311-C-890,i2311-C-890,10.7,0.0,0.0,0.0,10,0.9,80.5,10,10.7,0.0,0.0,0.0,0.0,0.0,4
2023-05-11 11:10:02,i2311-C-890,i2311-C-890,10.7,0.0,0.0,0.0,10,0.9,80.4,1,10.7,0.0,0.0,0.0,0.0,0.0,4
2023-05-11 11:10:03,i2311-C-890,i2311-C-890,10.7,0.0,0.0,0.0,10,0.9,80.3,10,10.7,0.0,0.0,0.0,0.0,0.0,4
2023-05-11 11:10:04,i2311-C-890,i2311-C-890,10.7,0.0,0.0,0.0,10,0.9,80.2,1,10.7,0.0,0.0,0.0,0.0,0.0,4
2023-05-11 11:10:04,i2311-C-890,i2311-C-890,10.7,0.0,0.0,0.0,10,0.9,80.1,10,10.7,0.0,0.0,0.0,0.0,0.0,4
2023-05-11 11:10:05,i2311-C-890,i2311-C-890,10.7,0.0,0.0,0.0,10,0.9,80.0,1,10.7,0.0,0.0,0.0,0.0,0.0,4
2023-05-11 11:10:05,i2311-C-890,i2311-C-890,10.7,0.0,0.0,0.0,10,0.9,79.9,10,10.7,0.0,0.0,0.0,0.0,0.0,4
2023-05-11 11:10:07,i2311-C-890,i2311-C-890,10.7,0.0,0.0,0.0,10,0.9,79.8,1,10.7,0.0,0.0,0.0,0.0,0.0,4
2023-05-11 11:10:07,i2311-C-890,i2311-C-890,10.7,0.0,0.0,0.0,10,0.9,79.7,10,10.7,0.0,0.0,0.0,0.0,0.0,4
2023-05-11 11:10:09,i2311-C-890,i2311-C-890,10.7,0.0,0.0,0.0,10,0.9,79.6,1,10.7,0.0,0.0,0.0,0.0,0.0,4
2023-05-11 11:10:09,i2311-C-890,i2311-C-890,10.7,0.0,0.0,0.0,10,0.9,79.5,10,10.7,0.0,0.0,0.0,0.0,0.0,4
2023-05-11 11:10:10,i2311-C-890,i2311-C-890,10.7,0.0,0.0,0.0,10,0.9,79.4,1,10.7,0.0,0.0,0.0,0.0,0.0,4
2023-05-11 11:10:11,i2311-C-890,i2311-C-890,10.7,0.0,0.0,0.0,10,0.9,79.3,10,10.7,0.0,0.0,0.0,0.0,0.0,4
2023-05-11 11:10:12,i2311-C-890,i2311-C-890,10.7,0.0,0.0,0.0,10,0.9,79.2,1,10.7,0.0,0.0,0.0,0.0,0.0,4
2023-05-11 11:10:12,i2311-C-890,i2311-C-890,10.7,0.0,0.0,0.0,10,0.9,79.1,10,10.7,0.0,0.0,0.0,0.0,0.0,4
2023-05-11 11:10:13,i2311-C-890,i2311-C-890,10.7,0.0,0.0,0.0,10,0.9,79.0,1,10.7,0.0,0.0,0.0,0.0,0.0,4
2023-05-11 11:10:13,i2311-C-890,i2311-C-890,10.7,0.0,0.0,0.0,10,0.9,78.9,10,10.7,0.0,0.0,0.0,0.0,0.0,4
2023-05-11 11:10:14,i2311-C-890,i2311-C-890,10.7,0.0,0.0,0.0,10,0.9,78.8,1,10.7,0.0,0.0,0.0,0.0,0.0,4
2023-05-11 11:10:15,i2311-C-890,i2311-C-890,10.7,0.0,0.0,0.0,10,0.9,78.7,10,10.7,0.0,0.0,0.0,0.0,0.0,4
2023-05-11 11:10:16,i2311-C-890,i2311-C-890,10.7,0.0,0.0,0.0,10,0.9,78.6,1,10.7,0.0,0.0,0.0,0.0,0.0,4
2023-05-11 11:10:16,i2311-C-890,i2311-C-890,10.7,0.0,0.0,0.0,10,0.9,78.5,10,10.7,0.0,0.0,0.0,0.0,0.0,4
2023-05-11 11:10:17,i2311-C-890,i2311-C-890,10.7,0.0,0.0,0.0,1,0.8,0.0,0,10.7,0.0,0.0,0.0,0.0,0.0,4
2023-05-11 11:10:17,i2311-C-890,i2311-C-890,10.7,0.0,0.0,0.0,1,0.8,78.4,1,10.7,0.0,0.0,0.0,0.0,0.0,4
2023-05-11 11:11:32,i2311-C-890,i2311-C-890,10.7,0.0,0.0,0.0,10,0.9,78.3,10,10.7,0.0,0.0,0.0,0.0,0.0,4
2023-05-11 11:11:33,i2311-C-890,i2311-C-890,10.7,0.0,0.0,0.0,10,0.9,78.2,1,10.7,0.0,0.0,0.0,0.0,0.0,4
2023-05-11 11:11:33,i2311-C-890,i2311-C-890,10.7,0.0,0.0,0.0,10,0.9,78.1,10,10.7,0.0,0.0,0.0,0.0,0.0,4
2023-05-11 11:11:35,i2311-C-890,i2311-C-890,10.7,0.0,0.0,0.0,10,0.9,78.0,1,10.7,0.0,0.0,0.0,0.0,0.0,4
2023-05-11 11:11:35,i2311-C-890,i2311-C-890,10.7,0.0,0.0,0.0,10,0.9,77.9,10,10.7,0.0,0.0,0.0,0.0,0.0,4
2023-05-11 11:11:36,i2311-C-890,i2311-C-890,10.7,0.0,0.0,0.0,10,0.9,77.8,1,10.7,0.0,0.0,0.0,0.0,0.0,4
2023-05-11 11:11:36,i2311-C-890,i2311-C-890,10.7,0.0,0.0,0.0,10,0.9,77.7,10,10.7,0.0,0.0,0.0,0.0,0.0,4
2023-05-11 11:11:37,i2311-C-890,i2311-C-890,10.7,0.0,0.0,0.0,10,0.9,77.6,1,10.7,0.0,0.0,0.0,0.0,0.0,4
2023-05-11 11:11:37,i2311-C-890,i2311-C-890,10.7,0.0,0.0,0.0,10,0.9,77.5,10,10.7,0.0,0.0,0.0,0.0,0.0,4
2023-05-11 11:11:39,i2311-C-890,i2311-C-890,10.7,0.0,0.0,0.0,10,0.9,77.4,1,10.7,0.0,0.0,0.0,0.0,0.0,4
2023-05-11 11:11:39,i2311-C-890,i2311-C-890,10.7,0.0,0.0,0.0,10,0.9,77.3,10,10.7,0.0,0.0,0.0,0.0,0.0,4
2023-05-11 11:11:40,i2311-C-890,i2311-C-890,10.7,0.0,0.0,0.0,10,0.9,77.2,1,10.7,0.0,0.0,0.0,0.0,0.0,4
2023-05-11 11:11:40,i2311-C-890,i2311-C-890,10.7,0.0,0.0,0.0,10,0.9,77.1,10,10.7,0.0,0.0,0.0,0.0,0.0,4
2023-05-11 11:11:41,i2311-C-890,i2311-C-890,10.7,0.0,0.0,0.0,10,0.9,77.0,1,10.7,0.0,0.0,0.0,0.0,0.0,4
2023-05-11 11:11:42,i2311-C-890,i2311-C-890,10.7,0.0,0.0,0.0,10,0.9,76.9,10,10.7,0.0,0.0,0.0,0.0,0.0,4
2023-05-11 11:29:32,i2311-C-890,i2311-C-890,10.7,0.0,0.0,0.0,1,0.8,0.0,0,10.7,0.0,0.0,0.0,0.0,0.0,4
2023-05-11 13:30:14,i2311-C-890,i2311-C-890,10.7,0.0,0.0,0.0,10,0.9,0.0,0,10.7,0.0,0.0,0.0,0.0,0.0,4
2023-05-11 13:38:17,i2311-C-890,i2311-C-890,10.7,0.0,0.0,0.0,1,1.6,5.6,1,10.7,0.0,0.0,0.0,0.0,0.0,4
2023-05-11 13:38:17,i2311-C-890,i2311-C-890,10.7,0.0,0.0,0.0,10,1.7,5.6,1,10.7,0.0,0.0,0.0,0.0,0.0,4
2023-05-11 13:38:18,i2311-C-890,i2311-C-890,10.7,0.0,0.0,0.0,11,1.7,5.6,2,10.7,0.0,0.0,0.0,0.0,0.0,4
2023-05-11 13:38:19,i2311-C-890,i2311-C-890,10.7,0.0,0.0,0.0,2,1.8,5.6,2,10.7,0.0,0.0,0.0,0.0,0.0,4
2023-05-11 13:38:19,i2311-C-890,i2311-C-890,10.7,0.0,0.0,0.0,12,1.8,5.6,2,10.7,0.0,0.0,0.0,0.0,0.0,4
2023-05-11 13:38:21,i2311-C-890,i2311-C-890,10.7,0.0,0.0,0.0,1,3.8,5.6,3,10.7,0.0,0.0,0.0,0.0,0.0,4
2023-05-11 13:38:29,i2311-C-890,i2311-C-890,10.7,0.0,0.0,0.0,1,3.8,5.6,2,10.7,0.0,0.0,0.0,0.0,0.0,4
2023-05-11 13:38:30,i2311-C-890,i2311-C-890,10.7,0.0,0.0,0.0,1,3.8,5.6,1,10.7,0.0,0.0,0.0,0.0,0.0,4
2023-05-11 13:38:32,i2311-C-890,i2311-C-890,10.7,0.0,0.0,0.0,1,3.7,6.6,1,10.7,0.0,0.0,0.0,0.0,0.0,4
2023-05-11 13:38:35,i2311-C-890,i2311-C-890,10.7,0.0,0.0,0.0,1,3.7,6.0,1,10.7,0.0,0.0,0.0,0.0,0.0,4
2023-05-11 13:38:37,i2311-C-890,i2311-C-890,10.7,0.0,0.0,0.0,1,2.0,6.0,1,10.7,0.0,0.0,0.0,0.0,0.0,4
2023-05-11 13:38:38,i2311-C-890,i2311-C-890,10.7,0.0,0.0,0.0,2,2.1,6.0,1,10.7,0.0,0.0,0.0,0.0,0.0,4
2023-05-11 13:38:43,i2311-C-890,i2311-C-890,10.7,0.0,0.0,0.0,1,2.0,6.0,1,10.7,0.0,0.0,0.0,0.0,0.0,4
2023-05-11 13:38:47,i2311-C-890,i2311-C-890,10.7,0.0,0.0,0.0,10,0.9,0.0,0,10.7,0.0,0.0,0.0,0.0,0.0,4
2023-05-11 13:38:50,i2311-C-890,i2311-C-890,10.7,0.0,0.0,0.0,2,1.0,0.0,0,10.7,0.0,0.0,0.0,0.0,0.0,4
2023-05-11 13:38:50,i2311-C-890,i2311-C-890,10.7,0.0,0.0,0.0,10,1.1,0.0,0,10.7,0.0,0.0,0.0,0.0,0.0,4
2023-05-11 13:39:23,i2311-C-890,i2311-C-890,10.7,0.0,0.0,0.0,2,1.2,0.0,0,10.7,0.0,0.0,0.0,0.0,0.0,4
2023-05-11 13:39:23,i2311-C-890,i2311-C-890,10.7,0.0,0.0,0.0,10,1.3,0.0,0,10.7,0.0,0.0,0.0,0.0,0.0,4
2023-05-11 14:23:11,i2311-C-890,i2311-C-890,10.7,0.0,0.0,0.0,1,0.8,0.0,0,10.7,0.0,0.0,0.0,0.0,0.0,4
2023-05-11 14:23:51,i2311-C-890,i2311-C-890,10.7,0.0,0.0,0.0,10,0.9,0.0,0,10.7,0.0,0.0,0.0,0.0,0.0,4
2023-05-11 14:39:15,i2311-C-890,i2311-C-890,10.7,0.0,0.0,0.0,1,0.8,0.0,0,10.7,0.0,0.0,0.0,0.0,0.0,4
2023-05-11 14:46:52,i2311-C-890,i2311-C-890,10.7,0.0,0.0,0.0,10,0.9,0.0,0,10.7,0.0,0.0,0.0,0.0,0.0,4
2023-05-11 14:58:49,i2311-C-890,i2311-C-890,10.7,0.0,0.0,0.0,1,0.8,0.0,0,10.7,0.0,0.0,0.0,0.0,0.0,4
2023-05-11 14:59:02,i2311-C-890,i2311-C-890,10.7,0.0,0.0,0.0,10,0.9,0.0,0,10.7,0.0,0.0,0.0,0.0,0.0,4
2023-05-11 14:59:54,i2311-C-890,i2311-C-890,10.7,0.0,0.0,0.0,1,0.8,0.0,0,10.7,0.0,0.0,0.0,0.0,0.0,4
2023-05-11 15:01:10,i2311-C-890,i2311-C-890,10.7,0.0,0.0,0.0,1,0.8,0.0,0,10.7,0.0,0.0,0.0,0.0,0.0,4
