time,symbol_id,symbol_name,last,trade_volume,trade_amount,open_interest_change,bv1,bp1,ap1,av1,yesterday_close,today_open,today_high,today_low,volume,amount,open_interest
2023-05-10 21:02:02,i2401-P-800,i2401-P-800,144.6,0.0,0.0,0.0,1,70.9,218.3,1,144.6,0.0,0.0,0.0,0.0,0.0,42
2023-05-10 21:02:03,i2401-P-800,i2401-P-800,144.6,0.0,0.0,0.0,21,71.0,218.2,20,144.6,0.0,0.0,0.0,0.0,0.0,42
2023-05-10 21:02:03,i2401-P-800,i2401-P-800,144.6,0.0,0.0,0.0,1,71.3,217.9,1,144.6,0.0,0.0,0.0,0.0,0.0,42
2023-05-10 21:02:03,i2401-P-800,i2401-P-800,144.6,0.0,0.0,0.0,20,71.4,217.8,20,144.6,0.0,0.0,0.0,0.0,0.0,42
2023-05-10 21:02:04,i2401-P-800,i2401-P-800,144.6,0.0,0.0,0.0,1,71.7,217.5,1,144.6,0.0,0.0,0.0,0.0,0.0,42
2023-05-10 21:02:05,i2401-P-800,i2401-P-800,144.6,0.0,0.0,0.0,20,71.8,217.4,20,144.6,0.0,0.0,0.0,0.0,0.0,42
2023-05-10 21:02:05,i2401-P-800,i2401-P-800,144.6,0.0,0.0,0.0,1,72.1,217.1,1,144.6,0.0,0.0,0.0,0.0,0.0,42
2023-05-10 21:02:06,i2401-P-800,i2401-P-800,144.6,0.0,0.0,0.0,20,72.2,217.0,20,144.6,0.0,0.0,0.0,0.0,0.0,42
2023-05-10 21:02:06,i2401-P-800,i2401-P-800,144.6,0.0,0.0,0.0,1,72.5,216.7,1,144.6,0.0,0.0,0.0,0.0,0.0,42
2023-05-10 21:02:07,i2401-P-800,i2401-P-800,144.6,0.0,0.0,0.0,20,72.6,216.6,20,144.6,0.0,0.0,0.0,0.0,0.0,42
2023-05-10 21:02:08,i2401-P-800,i2401-P-800,144.6,0.0,0.0,0.0,1,72.9,216.3,1,144.6,0.0,0.0,0.0,0.0,0.0,42
2023-05-10 21:02:09,i2401-P-800,i2401-P-800,144.6,0.0,0.0,0.0,20,73.0,216.2,20,144.6,0.0,0.0,0.0,0.0,0.0,42
2023-05-10 21:02:10,i2401-P-800,i2401-P-800,144.6,0.0,0.0,0.0,1,73.3,215.9,1,144.6,0.0,0.0,0.0,0.0,0.0,42
2023-05-10 21:02:11,i2401-P-800,i2401-P-800,144.6,0.0,0.0,0.0,20,73.4,215.8,20,144.6,0.0,0.0,0.0,0.0,0.0,42
2023-05-10 21:02:11,i2401-P-800,i2401-P-800,144.6,0.0,0.0,0.0,1,73.7,215.5,1,144.6,0.0,0.0,0.0,0.0,0.0,42
2023-05-10 21:02:12,i2401-P-800,i2401-P-800,144.6,0.0,0.0,0.0,20,73.8,215.4,20,144.6,0.0,0.0,0.0,0.0,0.0,42
2023-05-10 21:02:12,i2401-P-800,i2401-P-800,144.6,0.0,0.0,0.0,1,74.1,215.1,1,144.6,0.0,0.0,0.0,0.0,0.0,42
2023-05-10 21:02:13,i2401-P-800,i2401-P-800,144.6,0.0,0.0,0.0,20,74.2,215.0,20,144.6,0.0,0.0,0.0,0.0,0.0,42
2023-05-10 21:02:13,i2401-P-800,i2401-P-800,144.6,0.0,0.0,0.0,1,74.5,214.7,1,144.6,0.0,0.0,0.0,0.0,0.0,42
2023-05-10 21:02:14,i2401-P-800,i2401-P-800,144.6,0.0,0.0,0.0,20,74.6,214.6,20,144.6,0.0,0.0,0.0,0.0,0.0,42
2023-05-10 21:02:15,i2401-P-800,i2401-P-800,144.6,0.0,0.0,0.0,1,74.9,214.3,1,144.6,0.0,0.0,0.0,0.0,0.0,42
2023-05-10 21:02:16,i2401-P-800,i2401-P-800,144.6,0.0,0.0,0.0,20,75.0,214.2,20,144.6,0.0,0.0,0.0,0.0,0.0,42
2023-05-10 21:02:16,i2401-P-800,i2401-P-800,144.6,0.0,0.0,0.0,1,75.3,213.9,1,144.6,0.0,0.0,0.0,0.0,0.0,42
2023-05-10 21:02:17,i2401-P-800,i2401-P-800,144.6,0.0,0.0,0.0,20,75.4,213.8,20,144.6,0.0,0.0,0.0,0.0,0.0,42
2023-05-10 21:02:18,i2401-P-800,i2401-P-800,144.6,0.0,0.0,0.0,1,75.7,213.5,1,144.6,0.0,0.0,0.0,0.0,0.0,42
2023-05-10 21:02:18,i2401-P-800,i2401-P-800,144.6,0.0,0.0,0.0,20,75.8,213.4,20,144.6,0.0,0.0,0.0,0.0,0.0,42
2023-05-10 21:02:19,i2401-P-800,i2401-P-800,144.6,0.0,0.0,0.0,1,76.1,213.1,1,144.6,0.0,0.0,0.0,0.0,0.0,42
2023-05-10 21:02:19,i2401-P-800,i2401-P-800,144.6,0.0,0.0,0.0,20,76.2,213.0,20,144.6,0.0,0.0,0.0,0.0,0.0,42
2023-05-10 21:02:20,i2401-P-800,i2401-P-800,144.6,0.0,0.0,0.0,1,76.5,212.7,1,144.6,0.0,0.0,0.0,0.0,0.0,42
2023-05-10 21:02:20,i2401-P-800,i2401-P-800,144.6,0.0,0.0,0.0,20,76.6,212.6,20,144.6,0.0,0.0,0.0,0.0,0.0,42
2023-05-10 21:02:22,i2401-P-800,i2401-P-800,144.6,0.0,0.0,0.0,1,76.9,212.3,1,144.6,0.0,0.0,0.0,0.0,0.0,42
2023-05-10 21:02:22,i2401-P-800,i2401-P-800,144.6,0.0,0.0,0.0,20,77.0,212.2,20,144.6,0.0,0.0,0.0,0.0,0.0,42
2023-05-10 21:02:23,i2401-P-800,i2401-P-800,144.6,0.0,0.0,0.0,1,77.3,211.9,1,144.6,0.0,0.0,0.0,0.0,0.0,42
2023-05-10 21:02:23,i2401-P-800,i2401-P-800,144.6,0.0,0.0,0.0,20,77.4,211.8,20,144.6,0.0,0.0,0.0,0.0,0.0,42
2023-05-10 21:02:24,i2401-P-800,i2401-P-800,144.6,0.0,0.0,0.0,1,77.7,211.5,1,144.6,0.0,0.0,0.0,0.0,0.0,42
2023-05-10 21:02:24,i2401-P-800,i2401-P-800,144.6,0.0,0.0,0.0,20,77.8,211.4,20,144.6,0.0,0.0,0.0,0.0,0.0,42
2023-05-10 21:02:25,i2401-P-800,i2401-P-800,144.6,0.0,0.0,0.0,1,78.1,211.1,1,144.6,0.0,0.0,0.0,0.0,0.0,42
2023-05-10 21:02:25,i2401-P-800,i2401-P-800,144.6,0.0,0.0,0.0,20,78.2,211.0,20,144.6,0.0,0.0,0.0,0.0,0.0,42
2023-05-10 21:02:26,i2401-P-800,i2401-P-800,144.6,0.0,0.0,0.0,1,78.5,210.7,1,144.6,0.0,0.0,0.0,0.0,0.0,42
2023-05-10 21:02:26,i2401-P-800,i2401-P-800,144.6,0.0,0.0,0.0,20,78.6,210.6,20,144.6,0.0,0.0,0.0,0.0,0.0,42
2023-05-10 21:02:27,i2401-P-800,i2401-P-800,144.6,0.0,0.0,0.0,1,78.9,210.3,1,144.6,0.0,0.0,0.0,0.0,0.0,42
2023-05-10 21:02:27,i2401-P-800,i2401-P-800,144.6,0.0,0.0,0.0,20,79.0,210.2,20,144.6,0.0,0.0,0.0,0.0,0.0,42
2023-05-10 21:02:28,i2401-P-800,i2401-P-800,144.6,0.0,0.0,0.0,1,79.3,209.9,1,144.6,0.0,0.0,0.0,0.0,0.0,42
2023-05-10 21:02:28,i2401-P-800,i2401-P-800,144.6,0.0,0.0,0.0,20,79.4,209.8,20,144.6,0.0,0.0,0.0,0.0,0.0,42
2023-05-10 21:02:29,i2401-P-800,i2401-P-800,144.6,0.0,0.0,0.0,1,79.7,209.5,1,144.6,0.0,0.0,0.0,0.0,0.0,42
2023-05-10 21:02:29,i2401-P-800,i2401-P-800,144.6,0.0,0.0,0.0,20,79.8,209.4,20,144.6,0.0,0.0,0.0,0.0,0.0,42
2023-05-10 21:02:30,i2401-P-800,i2401-P-800,144.6,0.0,0.0,0.0,1,80.1,209.1,1,144.6,0.0,0.0,0.0,0.0,0.0,42
2023-05-10 21:02:30,i2401-P-800,i2401-P-800,144.6,0.0,0.0,0.0,20,80.2,209.0,20,144.6,0.0,0.0,0.0,0.0,0.0,42
2023-05-10 21:02:31,i2401-P-800,i2401-P-800,144.6,0.0,0.0,0.0,1,80.5,208.7,1,144.6,0.0,0.0,0.0,0.0,0.0,42
2023-05-10 21:02:31,i2401-P-800,i2401-P-800,144.6,0.0,0.0,0.0,20,80.6,208.6,20,144.6,0.0,0.0,0.0,0.0,0.0,42
2023-05-10 21:02:32,i2401-P-800,i2401-P-800,144.6,0.0,0.0,0.0,1,80.9,208.3,1,144.6,0.0,0.0,0.0,0.0,0.0,42
2023-05-10 21:02:32,i2401-P-800,i2401-P-800,144.6,0.0,0.0,0.0,20,81.0,208.2,20,144.6,0.0,0.0,0.0,0.0,0.0,42
2023-05-10 21:02:33,i2401-P-800,i2401-P-800,144.6,0.0,0.0,0.0,1,81.3,207.9,1,144.6,0.0,0.0,0.0,0.0,0.0,42
2023-05-10 21:02:33,i2401-P-800,i2401-P-800,144.6,0.0,0.0,0.0,20,81.4,207.8,20,144.6,0.0,0.0,0.0,0.0,0.0,42
2023-05-10 21:02:35,i2401-P-800,i2401-P-800,144.6,0.0,0.0,0.0,1,81.7,207.5,1,144.6,0.0,0.0,0.0,0.0,0.0,42
2023-05-10 21:02:35,i2401-P-800,i2401-P-800,144.6,0.0,0.0,0.0,20,81.8,207.4,20,144.6,0.0,0.0,0.0,0.0,0.0,42
2023-05-10 21:02:36,i2401-P-800,i2401-P-800,144.6,0.0,0.0,0.0,1,82.1,207.1,1,144.6,0.0,0.0,0.0,0.0,0.0,42
2023-05-10 21:02:36,i2401-P-800,i2401-P-800,144.6,0.0,0.0,0.0,20,82.2,207.0,20,144.6,0.0,0.0,0.0,0.0,0.0,42
2023-05-10 21:02:37,i2401-P-800,i2401-P-800,144.6,0.0,0.0,0.0,1,82.5,206.7,1,144.6,0.0,0.0,0.0,0.0,0.0,42
2023-05-10 21:02:37,i2401-P-800,i2401-P-800,144.6,0.0,0.0,0.0,20,82.6,206.6,20,144.6,0.0,0.0,0.0,0.0,0.0,42
2023-05-10 21:02:38,i2401-P-800,i2401-P-800,144.6,0.0,0.0,0.0,1,82.9,206.3,1,144.6,0.0,0.0,0.0,0.0,0.0,42
2023-05-10 21:02:38,i2401-P-800,i2401-P-800,144.6,0.0,0.0,0.0,20,83.0,206.2,20,144.6,0.0,0.0,0.0,0.0,0.0,42
2023-05-10 21:02:39,i2401-P-800,i2401-P-800,144.6,0.0,0.0,0.0,1,83.3,205.9,1,144.6,0.0,0.0,0.0,0.0,0.0,42
2023-05-10 21:02:39,i2401-P-800,i2401-P-800,144.6,0.0,0.0,0.0,20,83.4,205.8,20,144.6,0.0,0.0,0.0,0.0,0.0,42
2023-05-10 21:02:40,i2401-P-800,i2401-P-800,144.6,0.0,0.0,0.0,1,83.7,205.5,1,144.6,0.0,0.0,0.0,0.0,0.0,42
2023-05-10 21:02:40,i2401-P-800,i2401-P-800,144.6,0.0,0.0,0.0,20,83.8,205.4,20,144.6,0.0,0.0,0.0,0.0,0.0,42
2023-05-10 21:02:41,i2401-P-800,i2401-P-800,144.6,0.0,0.0,0.0,1,84.1,205.1,1,144.6,0.0,0.0,0.0,0.0,0.0,42
2023-05-10 21:02:41,i2401-P-800,i2401-P-800,144.6,0.0,0.0,0.0,20,84.2,205.0,20,144.6,0.0,0.0,0.0,0.0,0.0,42
2023-05-10 21:02:42,i2401-P-800,i2401-P-800,144.6,0.0,0.0,0.0,1,84.5,204.7,1,144.6,0.0,0.0,0.0,0.0,0.0,42
2023-05-10 21:02:42,i2401-P-800,i2401-P-800,144.6,0.0,0.0,0.0,20,84.6,204.6,20,144.6,0.0,0.0,0.0,0.0,0.0,42
2023-05-10 21:02:43,i2401-P-800,i2401-P-800,144.6,0.0,0.0,0.0,1,84.9,204.3,1,144.6,0.0,0.0,0.0,0.0,0.0,42
2023-05-10 21:02:43,i2401-P-800,i2401-P-800,144.6,0.0,0.0,0.0,20,85.0,204.2,20,144.6,0.0,0.0,0.0,0.0,0.0,42
2023-05-10 21:02:44,i2401-P-800,i2401-P-800,144.6,0.0,0.0,0.0,1,85.3,203.9,1,144.6,0.0,0.0,0.0,0.0,0.0,42
2023-05-10 21:02:44,i2401-P-800,i2401-P-800,144.6,0.0,0.0,0.0,20,85.4,203.8,20,144.6,0.0,0.0,0.0,0.0,0.0,42
2023-05-10 21:02:45,i2401-P-800,i2401-P-800,144.6,0.0,0.0,0.0,1,85.7,203.5,1,144.6,0.0,0.0,0.0,0.0,0.0,42
2023-05-10 21:02:45,i2401-P-800,i2401-P-800,144.6,0.0,0.0,0.0,20,85.8,203.4,20,144.6,0.0,0.0,0.0,0.0,0.0,42
2023-05-10 21:02:46,i2401-P-800,i2401-P-800,144.6,0.0,0.0,0.0,1,86.1,203.1,1,144.6,0.0,0.0,0.0,0.0,0.0,42
2023-05-10 21:02:46,i2401-P-800,i2401-P-800,144.6,0.0,0.0,0.0,20,86.2,203.0,20,144.6,0.0,0.0,0.0,0.0,0.0,42
2023-05-10 21:02:47,i2401-P-800,i2401-P-800,144.6,0.0,0.0,0.0,1,86.5,202.7,1,144.6,0.0,0.0,0.0,0.0,0.0,42
2023-05-10 21:02:47,i2401-P-800,i2401-P-800,144.6,0.0,0.0,0.0,20,86.6,202.6,20,144.6,0.0,0.0,0.0,0.0,0.0,42
2023-05-10 21:02:48,i2401-P-800,i2401-P-800,144.6,0.0,0.0,0.0,1,86.9,202.3,1,144.6,0.0,0.0,0.0,0.0,0.0,42
2023-05-10 21:02:48,i2401-P-800,i2401-P-800,144.6,0.0,0.0,0.0,20,87.0,202.2,20,144.6,0.0,0.0,0.0,0.0,0.0,42
2023-05-10 21:02:49,i2401-P-800,i2401-P-800,144.6,0.0,0.0,0.0,1,87.3,201.9,1,144.6,0.0,0.0,0.0,0.0,0.0,42
2023-05-10 21:02:49,i2401-P-800,i2401-P-800,144.6,0.0,0.0,0.0,20,87.4,201.8,20,144.6,0.0,0.0,0.0,0.0,0.0,42
2023-05-10 21:02:50,i2401-P-800,i2401-P-800,144.6,0.0,0.0,0.0,1,87.7,201.5,1,144.6,0.0,0.0,0.0,0.0,0.0,42
2023-05-10 21:02:50,i2401-P-800,i2401-P-800,144.6,0.0,0.0,0.0,20,87.8,201.4,20,144.6,0.0,0.0,0.0,0.0,0.0,42
2023-05-10 21:02:51,i2401-P-800,i2401-P-800,144.6,0.0,0.0,0.0,1,88.1,201.1,1,144.6,0.0,0.0,0.0,0.0,0.0,42
2023-05-10 21:02:51,i2401-P-800,i2401-P-800,144.6,0.0,0.0,0.0,20,88.2,201.0,20,144.6,0.0,0.0,0.0,0.0,0.0,42
2023-05-10 21:02:52,i2401-P-800,i2401-P-800,144.6,0.0,0.0,0.0,1,88.5,200.7,1,144.6,0.0,0.0,0.0,0.0,0.0,42
2023-05-10 21:02:52,i2401-P-800,i2401-P-800,144.6,0.0,0.0,0.0,20,88.6,200.6,20,144.6,0.0,0.0,0.0,0.0,0.0,42
2023-05-10 21:02:53,i2401-P-800,i2401-P-800,144.6,0.0,0.0,0.0,1,88.9,200.3,1,144.6,0.0,0.0,0.0,0.0,0.0,42
2023-05-10 21:02:53,i2401-P-800,i2401-P-800,144.6,0.0,0.0,0.0,20,89.0,200.2,20,144.6,0.0,0.0,0.0,0.0,0.0,42
2023-05-10 21:02:54,i2401-P-800,i2401-P-800,144.6,0.0,0.0,0.0,1,89.3,199.9,1,144.6,0.0,0.0,0.0,0.0,0.0,42
2023-05-10 21:02:54,i2401-P-800,i2401-P-800,144.6,0.0,0.0,0.0,20,89.4,199.8,20,144.6,0.0,0.0,0.0,0.0,0.0,42
2023-05-10 21:02:55,i2401-P-800,i2401-P-800,144.6,0.0,0.0,0.0,1,89.7,199.5,1,144.6,0.0,0.0,0.0,0.0,0.0,42
2023-05-10 21:02:55,i2401-P-800,i2401-P-800,144.6,0.0,0.0,0.0,20,89.8,199.4,20,144.6,0.0,0.0,0.0,0.0,0.0,42
2023-05-10 21:02:56,i2401-P-800,i2401-P-800,144.6,0.0,0.0,0.0,1,90.1,199.1,1,144.6,0.0,0.0,0.0,0.0,0.0,42
2023-05-10 21:02:56,i2401-P-800,i2401-P-800,144.6,0.0,0.0,0.0,20,90.2,199.0,20,144.6,0.0,0.0,0.0,0.0,0.0,42
2023-05-10 21:02:57,i2401-P-800,i2401-P-800,144.6,0.0,0.0,0.0,1,90.5,198.7,1,144.6,0.0,0.0,0.0,0.0,0.0,42
2023-05-10 21:02:57,i2401-P-800,i2401-P-800,144.6,0.0,0.0,0.0,20,90.6,198.6,20,144.6,0.0,0.0,0.0,0.0,0.0,42
2023-05-10 21:02:58,i2401-P-800,i2401-P-800,144.6,0.0,0.0,0.0,1,90.9,198.3,1,144.6,0.0,0.0,0.0,0.0,0.0,42
2023-05-10 21:02:58,i2401-P-800,i2401-P-800,144.6,0.0,0.0,0.0,20,91.0,198.2,20,144.6,0.0,0.0,0.0,0.0,0.0,42
2023-05-10 21:02:59,i2401-P-800,i2401-P-800,144.6,0.0,0.0,0.0,1,91.3,197.9,1,144.6,0.0,0.0,0.0,0.0,0.0,42
2023-05-10 21:02:59,i2401-P-800,i2401-P-800,144.6,0.0,0.0,0.0,20,91.4,197.8,20,144.6,0.0,0.0,0.0,0.0,0.0,42
2023-05-10 21:03:00,i2401-P-800,i2401-P-800,144.6,0.0,0.0,0.0,1,91.7,197.5,1,144.6,0.0,0.0,0.0,0.0,0.0,42
2023-05-10 21:03:00,i2401-P-800,i2401-P-800,144.6,0.0,0.0,0.0,20,91.8,197.4,20,144.6,0.0,0.0,0.0,0.0,0.0,42
2023-05-10 21:03:01,i2401-P-800,i2401-P-800,144.6,0.0,0.0,0.0,1,92.1,197.1,1,144.6,0.0,0.0,0.0,0.0,0.0,42
2023-05-10 21:03:01,i2401-P-800,i2401-P-800,144.6,0.0,0.0,0.0,20,92.2,197.0,20,144.6,0.0,0.0,0.0,0.0,0.0,42
2023-05-10 21:03:02,i2401-P-800,i2401-P-800,144.6,0.0,0.0,0.0,1,92.5,196.7,1,144.6,0.0,0.0,0.0,0.0,0.0,42
2023-05-10 21:03:02,i2401-P-800,i2401-P-800,144.6,0.0,0.0,0.0,20,92.6,196.6,20,144.6,0.0,0.0,0.0,0.0,0.0,42
2023-05-10 21:03:03,i2401-P-800,i2401-P-800,144.6,0.0,0.0,0.0,1,92.9,196.3,1,144.6,0.0,0.0,0.0,0.0,0.0,42
2023-05-10 21:03:03,i2401-P-800,i2401-P-800,144.6,0.0,0.0,0.0,20,93.0,196.2,20,144.6,0.0,0.0,0.0,0.0,0.0,42
2023-05-10 21:03:04,i2401-P-800,i2401-P-800,144.6,0.0,0.0,0.0,1,93.3,195.9,1,144.6,0.0,0.0,0.0,0.0,0.0,42
2023-05-10 21:03:04,i2401-P-800,i2401-P-800,144.6,0.0,0.0,0.0,20,93.4,195.8,20,144.6,0.0,0.0,0.0,0.0,0.0,42
2023-05-10 21:03:05,i2401-P-800,i2401-P-800,144.6,0.0,0.0,0.0,1,93.7,195.5,1,144.6,0.0,0.0,0.0,0.0,0.0,42
2023-05-10 21:03:05,i2401-P-800,i2401-P-800,144.6,0.0,0.0,0.0,20,93.8,195.4,20,144.6,0.0,0.0,0.0,0.0,0.0,42
2023-05-10 21:03:06,i2401-P-800,i2401-P-800,144.6,0.0,0.0,0.0,1,94.1,195.1,1,144.6,0.0,0.0,0.0,0.0,0.0,42
2023-05-10 21:03:06,i2401-P-800,i2401-P-800,144.6,0.0,0.0,0.0,20,94.2,195.0,20,144.6,0.0,0.0,0.0,0.0,0.0,42
2023-05-10 21:03:07,i2401-P-800,i2401-P-800,144.6,0.0,0.0,0.0,1,94.5,194.7,1,144.6,0.0,0.0,0.0,0.0,0.0,42
2023-05-10 21:03:07,i2401-P-800,i2401-P-800,144.6,0.0,0.0,0.0,20,94.6,194.6,20,144.6,0.0,0.0,0.0,0.0,0.0,42
2023-05-10 21:03:08,i2401-P-800,i2401-P-800,144.6,0.0,0.0,0.0,1,94.9,194.3,1,144.6,0.0,0.0,0.0,0.0,0.0,42
2023-05-10 21:03:08,i2401-P-800,i2401-P-800,144.6,0.0,0.0,0.0,20,95.0,194.2,20,144.6,0.0,0.0,0.0,0.0,0.0,42
2023-05-10 21:03:09,i2401-P-800,i2401-P-800,144.6,0.0,0.0,0.0,1,95.3,193.9,1,144.6,0.0,0.0,0.0,0.0,0.0,42
2023-05-10 21:03:09,i2401-P-800,i2401-P-800,144.6,0.0,0.0,0.0,20,95.4,193.8,20,144.6,0.0,0.0,0.0,0.0,0.0,42
2023-05-10 21:03:10,i2401-P-800,i2401-P-800,144.6,0.0,0.0,0.0,1,95.7,193.5,1,144.6,0.0,0.0,0.0,0.0,0.0,42
2023-05-10 21:03:10,i2401-P-800,i2401-P-800,144.6,0.0,0.0,0.0,20,95.8,193.4,20,144.6,0.0,0.0,0.0,0.0,0.0,42
2023-05-10 21:03:11,i2401-P-800,i2401-P-800,144.6,0.0,0.0,0.0,1,96.1,193.1,1,144.6,0.0,0.0,0.0,0.0,0.0,42
2023-05-10 21:03:11,i2401-P-800,i2401-P-800,144.6,0.0,0.0,0.0,20,96.2,193.0,20,144.6,0.0,0.0,0.0,0.0,0.0,42
2023-05-10 21:03:12,i2401-P-800,i2401-P-800,144.6,0.0,0.0,0.0,1,96.5,192.7,1,144.6,0.0,0.0,0.0,0.0,0.0,42
2023-05-10 21:03:12,i2401-P-800,i2401-P-800,144.6,0.0,0.0,0.0,20,96.6,192.6,20,144.6,0.0,0.0,0.0,0.0,0.0,42
2023-05-10 21:03:13,i2401-P-800,i2401-P-800,144.6,0.0,0.0,0.0,1,96.9,192.3,1,144.6,0.0,0.0,0.0,0.0,0.0,42
2023-05-10 21:03:13,i2401-P-800,i2401-P-800,144.6,0.0,0.0,0.0,20,97.0,192.2,20,144.6,0.0,0.0,0.0,0.0,0.0,42
2023-05-10 21:03:14,i2401-P-800,i2401-P-800,144.6,0.0,0.0,0.0,1,97.3,191.9,1,144.6,0.0,0.0,0.0,0.0,0.0,42
2023-05-10 21:03:14,i2401-P-800,i2401-P-800,144.6,0.0,0.0,0.0,20,97.4,191.8,20,144.6,0.0,0.0,0.0,0.0,0.0,42
2023-05-10 21:03:15,i2401-P-800,i2401-P-800,144.6,0.0,0.0,0.0,1,97.7,191.5,1,144.6,0.0,0.0,0.0,0.0,0.0,42
2023-05-10 21:03:15,i2401-P-800,i2401-P-800,144.6,0.0,0.0,0.0,20,97.8,191.4,20,144.6,0.0,0.0,0.0,0.0,0.0,42
2023-05-10 21:03:16,i2401-P-800,i2401-P-800,144.6,0.0,0.0,0.0,1,98.1,191.1,1,144.6,0.0,0.0,0.0,0.0,0.0,42
2023-05-10 21:03:16,i2401-P-800,i2401-P-800,144.6,0.0,0.0,0.0,20,98.2,191.0,20,144.6,0.0,0.0,0.0,0.0,0.0,42
2023-05-10 21:03:17,i2401-P-800,i2401-P-800,144.6,0.0,0.0,0.0,1,98.5,190.7,1,144.6,0.0,0.0,0.0,0.0,0.0,42
2023-05-10 21:03:17,i2401-P-800,i2401-P-800,144.6,0.0,0.0,0.0,20,98.6,190.6,20,144.6,0.0,0.0,0.0,0.0,0.0,42
2023-05-10 21:03:18,i2401-P-800,i2401-P-800,144.6,0.0,0.0,0.0,1,98.9,190.3,1,144.6,0.0,0.0,0.0,0.0,0.0,42
2023-05-10 21:03:18,i2401-P-800,i2401-P-800,144.6,0.0,0.0,0.0,20,99.0,190.2,20,144.6,0.0,0.0,0.0,0.0,0.0,42
2023-05-10 21:03:19,i2401-P-800,i2401-P-800,144.6,0.0,0.0,0.0,1,99.3,189.9,1,144.6,0.0,0.0,0.0,0.0,0.0,42
2023-05-10 21:03:19,i2401-P-800,i2401-P-800,144.6,0.0,0.0,0.0,20,99.4,189.8,20,144.6,0.0,0.0,0.0,0.0,0.0,42
2023-05-10 21:03:20,i2401-P-800,i2401-P-800,144.6,0.0,0.0,0.0,1,99.7,189.5,1,144.6,0.0,0.0,0.0,0.0,0.0,42
2023-05-10 21:03:20,i2401-P-800,i2401-P-800,144.6,0.0,0.0,0.0,20,99.8,189.4,20,144.6,0.0,0.0,0.0,0.0,0.0,42
2023-05-10 21:03:21,i2401-P-800,i2401-P-800,144.6,0.0,0.0,0.0,1,100.1,189.1,1,144.6,0.0,0.0,0.0,0.0,0.0,42
2023-05-10 21:03:21,i2401-P-800,i2401-P-800,144.6,0.0,0.0,0.0,20,100.2,189.0,20,144.6,0.0,0.0,0.0,0.0,0.0,42
2023-05-10 21:03:22,i2401-P-800,i2401-P-800,144.6,0.0,0.0,0.0,1,100.5,188.7,1,144.6,0.0,0.0,0.0,0.0,0.0,42
2023-05-10 21:03:22,i2401-P-800,i2401-P-800,144.6,0.0,0.0,0.0,20,100.6,188.6,20,144.6,0.0,0.0,0.0,0.0,0.0,42
2023-05-10 21:03:23,i2401-P-800,i2401-P-800,144.6,0.0,0.0,0.0,1,100.9,188.3,1,144.6,0.0,0.0,0.0,0.0,0.0,42
2023-05-10 21:03:23,i2401-P-800,i2401-P-800,144.6,0.0,0.0,0.0,20,101.0,188.2,20,144.6,0.0,0.0,0.0,0.0,0.0,42
2023-05-10 21:03:24,i2401-P-800,i2401-P-800,144.6,0.0,0.0,0.0,1,101.3,187.9,1,144.6,0.0,0.0,0.0,0.0,0.0,42
2023-05-10 21:03:24,i2401-P-800,i2401-P-800,144.6,0.0,0.0,0.0,20,101.4,187.8,20,144.6,0.0,0.0,0.0,0.0,0.0,42
2023-05-10 21:03:25,i2401-P-800,i2401-P-800,144.6,0.0,0.0,0.0,1,101.7,187.5,1,144.6,0.0,0.0,0.0,0.0,0.0,42
2023-05-10 21:03:25,i2401-P-800,i2401-P-800,144.6,0.0,0.0,0.0,20,101.8,187.4,20,144.6,0.0,0.0,0.0,0.0,0.0,42
2023-05-10 21:03:26,i2401-P-800,i2401-P-800,144.6,0.0,0.0,0.0,1,102.1,187.1,1,144.6,0.0,0.0,0.0,0.0,0.0,42
2023-05-10 21:03:26,i2401-P-800,i2401-P-800,144.6,0.0,0.0,0.0,20,102.2,187.0,20,144.6,0.0,0.0,0.0,0.0,0.0,42
2023-05-10 21:03:27,i2401-P-800,i2401-P-800,144.6,0.0,0.0,0.0,1,102.5,186.7,1,144.6,0.0,0.0,0.0,0.0,0.0,42
2023-05-10 21:03:27,i2401-P-800,i2401-P-800,144.6,0.0,0.0,0.0,20,102.6,186.6,20,144.6,0.0,0.0,0.0,0.0,0.0,42
2023-05-10 21:03:28,i2401-P-800,i2401-P-800,144.6,0.0,0.0,0.0,1,102.9,186.3,1,144.6,0.0,0.0,0.0,0.0,0.0,42
2023-05-10 21:03:28,i2401-P-800,i2401-P-800,144.6,0.0,0.0,0.0,20,103.0,186.2,20,144.6,0.0,0.0,0.0,0.0,0.0,42
2023-05-10 21:03:29,i2401-P-800,i2401-P-800,144.6,0.0,0.0,0.0,1,103.3,185.9,1,144.6,0.0,0.0,0.0,0.0,0.0,42
2023-05-10 21:03:29,i2401-P-800,i2401-P-800,144.6,0.0,0.0,0.0,20,103.4,185.8,20,144.6,0.0,0.0,0.0,0.0,0.0,42
2023-05-10 21:03:30,i2401-P-800,i2401-P-800,144.6,0.0,0.0,0.0,1,103.7,185.5,1,144.6,0.0,0.0,0.0,0.0,0.0,42
2023-05-10 21:03:30,i2401-P-800,i2401-P-800,144.6,0.0,0.0,0.0,20,103.8,185.4,20,144.6,0.0,0.0,0.0,0.0,0.0,42
2023-05-10 21:03:31,i2401-P-800,i2401-P-800,144.6,0.0,0.0,0.0,1,104.1,185.1,1,144.6,0.0,0.0,0.0,0.0,0.0,42
2023-05-10 21:03:31,i2401-P-800,i2401-P-800,144.6,0.0,0.0,0.0,20,104.2,185.0,20,144.6,0.0,0.0,0.0,0.0,0.0,42
2023-05-10 21:03:32,i2401-P-800,i2401-P-800,144.6,0.0,0.0,0.0,1,104.5,184.7,1,144.6,0.0,0.0,0.0,0.0,0.0,42
2023-05-10 21:03:32,i2401-P-800,i2401-P-800,144.6,0.0,0.0,0.0,20,104.6,184.6,20,144.6,0.0,0.0,0.0,0.0,0.0,42
2023-05-10 21:03:33,i2401-P-800,i2401-P-800,144.6,0.0,0.0,0.0,1,104.9,184.3,1,144.6,0.0,0.0,0.0,0.0,0.0,42
2023-05-10 21:03:33,i2401-P-800,i2401-P-800,144.6,0.0,0.0,0.0,20,105.0,184.2,20,144.6,0.0,0.0,0.0,0.0,0.0,42
2023-05-10 21:03:34,i2401-P-800,i2401-P-800,144.6,0.0,0.0,0.0,1,105.3,183.9,1,144.6,0.0,0.0,0.0,0.0,0.0,42
2023-05-10 21:03:34,i2401-P-800,i2401-P-800,144.6,0.0,0.0,0.0,20,105.4,183.8,20,144.6,0.0,0.0,0.0,0.0,0.0,42
2023-05-10 21:03:35,i2401-P-800,i2401-P-800,144.6,0.0,0.0,0.0,1,105.7,183.5,1,144.6,0.0,0.0,0.0,0.0,0.0,42
2023-05-10 21:03:35,i2401-P-800,i2401-P-800,144.6,0.0,0.0,0.0,20,105.8,183.4,20,144.6,0.0,0.0,0.0,0.0,0.0,42
2023-05-10 21:03:36,i2401-P-800,i2401-P-800,144.6,0.0,0.0,0.0,1,106.1,183.1,1,144.6,0.0,0.0,0.0,0.0,0.0,42
2023-05-10 21:03:36,i2401-P-800,i2401-P-800,144.6,0.0,0.0,0.0,20,106.2,183.0,20,144.6,0.0,0.0,0.0,0.0,0.0,42
2023-05-10 21:03:37,i2401-P-800,i2401-P-800,144.6,0.0,0.0,0.0,1,106.5,182.7,1,144.6,0.0,0.0,0.0,0.0,0.0,42
2023-05-10 21:03:37,i2401-P-800,i2401-P-800,144.6,0.0,0.0,0.0,20,106.6,182.6,20,144.6,0.0,0.0,0.0,0.0,0.0,42
2023-05-10 21:03:38,i2401-P-800,i2401-P-800,144.6,0.0,0.0,0.0,1,106.9,182.3,1,144.6,0.0,0.0,0.0,0.0,0.0,42
2023-05-10 21:03:38,i2401-P-800,i2401-P-800,144.6,0.0,0.0,0.0,20,107.0,182.2,20,144.6,0.0,0.0,0.0,0.0,0.0,42
2023-05-10 21:03:39,i2401-P-800,i2401-P-800,144.6,0.0,0.0,0.0,1,107.3,181.9,1,144.6,0.0,0.0,0.0,0.0,0.0,42
2023-05-10 21:03:39,i2401-P-800,i2401-P-800,144.6,0.0,0.0,0.0,20,107.4,181.8,20,144.6,0.0,0.0,0.0,0.0,0.0,42
2023-05-10 21:14:12,i2401-P-800,i2401-P-800,144.6,0.0,0.0,0.0,1,107.7,181.5,1,144.6,0.0,0.0,0.0,0.0,0.0,42
2023-05-10 21:14:12,i2401-P-800,i2401-P-800,144.6,0.0,0.0,0.0,20,107.8,181.4,20,144.6,0.0,0.0,0.0,0.0,0.0,42
2023-05-10 21:14:13,i2401-P-800,i2401-P-800,144.6,0.0,0.0,0.0,1,108.1,181.1,1,144.6,0.0,0.0,0.0,0.0,0.0,42
2023-05-10 21:14:13,i2401-P-800,i2401-P-800,144.6,0.0,0.0,0.0,20,108.2,181.0,20,144.6,0.0,0.0,0.0,0.0,0.0,42
2023-05-10 21:14:14,i2401-P-800,i2401-P-800,144.6,0.0,0.0,0.0,1,108.5,180.7,1,144.6,0.0,0.0,0.0,0.0,0.0,42
2023-05-10 21:14:14,i2401-P-800,i2401-P-800,144.6,0.0,0.0,0.0,20,108.6,180.6,20,144.6,0.0,0.0,0.0,0.0,0.0,42
2023-05-10 21:14:15,i2401-P-800,i2401-P-800,144.6,0.0,0.0,0.0,1,108.9,180.3,1,144.6,0.0,0.0,0.0,0.0,0.0,42
2023-05-10 21:14:15,i2401-P-800,i2401-P-800,144.6,0.0,0.0,0.0,20,109.0,180.2,20,144.6,0.0,0.0,0.0,0.0,0.0,42
2023-05-10 21:14:16,i2401-P-800,i2401-P-800,144.6,0.0,0.0,0.0,1,109.3,179.9,1,144.6,0.0,0.0,0.0,0.0,0.0,42
2023-05-10 21:14:16,i2401-P-800,i2401-P-800,144.6,0.0,0.0,0.0,20,109.4,179.8,20,144.6,0.0,0.0,0.0,0.0,0.0,42
2023-05-10 21:32:03,i2401-P-800,i2401-P-800,144.6,0.0,0.0,0.0,1,109.5,179.8,20,144.6,0.0,0.0,0.0,0.0,0.0,42
2023-05-10 21:32:03,i2401-P-800,i2401-P-800,144.6,0.0,0.0,0.0,1,109.8,179.5,1,144.6,0.0,0.0,0.0,0.0,0.0,42
2023-05-10 21:32:03,i2401-P-800,i2401-P-800,144.6,0.0,0.0,0.0,20,109.9,179.4,20,144.6,0.0,0.0,0.0,0.0,0.0,42
2023-05-10 21:32:04,i2401-P-800,i2401-P-800,144.6,0.0,0.0,0.0,1,110.2,179.1,1,144.6,0.0,0.0,0.0,0.0,0.0,42
2023-05-10 21:32:04,i2401-P-800,i2401-P-800,144.6,0.0,0.0,0.0,20,110.3,179.0,20,144.6,0.0,0.0,0.0,0.0,0.0,42
2023-05-10 21:32:05,i2401-P-800,i2401-P-800,144.6,0.0,0.0,0.0,1,110.6,178.7,1,144.6,0.0,0.0,0.0,0.0,0.0,42
2023-05-10 21:32:05,i2401-P-800,i2401-P-800,144.6,0.0,0.0,0.0,20,110.7,178.6,20,144.6,0.0,0.0,0.0,0.0,0.0,42
2023-05-10 21:32:06,i2401-P-800,i2401-P-800,144.6,0.0,0.0,0.0,1,111.0,178.3,1,144.6,0.0,0.0,0.0,0.0,0.0,42
2023-05-10 21:32:06,i2401-P-800,i2401-P-800,144.6,0.0,0.0,0.0,20,111.1,178.2,20,144.6,0.0,0.0,0.0,0.0,0.0,42
2023-05-10 21:32:07,i2401-P-800,i2401-P-800,144.6,0.0,0.0,0.0,1,111.4,177.9,1,144.6,0.0,0.0,0.0,0.0,0.0,42
2023-05-10 21:32:07,i2401-P-800,i2401-P-800,144.6,0.0,0.0,0.0,20,111.5,177.8,20,144.6,0.0,0.0,0.0,0.0,0.0,42
2023-05-10 21:44:12,i2401-P-800,i2401-P-800,144.6,0.0,0.0,0.0,1,111.8,177.5,1,144.6,0.0,0.0,0.0,0.0,0.0,42
2023-05-10 21:44:12,i2401-P-800,i2401-P-800,144.6,0.0,0.0,0.0,20,111.9,177.4,20,144.6,0.0,0.0,0.0,0.0,0.0,42
2023-05-10 21:44:13,i2401-P-800,i2401-P-800,144.6,0.0,0.0,0.0,1,112.2,177.1,1,144.6,0.0,0.0,0.0,0.0,0.0,42
2023-05-10 21:44:13,i2401-P-800,i2401-P-800,144.6,0.0,0.0,0.0,20,112.3,177.0,20,144.6,0.0,0.0,0.0,0.0,0.0,42
2023-05-10 21:44:14,i2401-P-800,i2401-P-800,144.6,0.0,0.0,0.0,1,112.6,176.7,1,144.6,0.0,0.0,0.0,0.0,0.0,42
2023-05-10 21:44:14,i2401-P-800,i2401-P-800,144.6,0.0,0.0,0.0,20,112.7,176.6,20,144.6,0.0,0.0,0.0,0.0,0.0,42
2023-05-10 21:44:15,i2401-P-800,i2401-P-800,144.6,0.0,0.0,0.0,1,113.0,176.3,1,144.6,0.0,0.0,0.0,0.0,0.0,42
2023-05-10 21:44:15,i2401-P-800,i2401-P-800,144.6,0.0,0.0,0.0,20,113.1,176.2,20,144.6,0.0,0.0,0.0,0.0,0.0,42
2023-05-10 21:44:16,i2401-P-800,i2401-P-800,144.6,0.0,0.0,0.0,1,113.4,175.9,1,144.6,0.0,0.0,0.0,0.0,0.0,42
2023-05-10 21:44:16,i2401-P-800,i2401-P-800,144.6,0.0,0.0,0.0,20,113.5,175.8,20,144.6,0.0,0.0,0.0,0.0,0.0,42
2023-05-10 22:02:03,i2401-P-800,i2401-P-800,144.6,0.0,0.0,0.0,1,113.6,175.8,20,144.6,0.0,0.0,0.0,0.0,0.0,42
2023-05-10 22:02:03,i2401-P-800,i2401-P-800,144.6,0.0,0.0,0.0,1,113.9,175.5,1,144.6,0.0,0.0,0.0,0.0,0.0,42
2023-05-10 22:02:03,i2401-P-800,i2401-P-800,144.6,0.0,0.0,0.0,20,114.0,175.4,20,144.6,0.0,0.0,0.0,0.0,0.0,42
2023-05-10 22:02:04,i2401-P-800,i2401-P-800,144.6,0.0,0.0,0.0,1,114.3,175.1,1,144.6,0.0,0.0,0.0,0.0,0.0,42
2023-05-10 22:02:04,i2401-P-800,i2401-P-800,144.6,0.0,0.0,0.0,20,114.4,175.0,20,144.6,0.0,0.0,0.0,0.0,0.0,42
2023-05-10 22:02:05,i2401-P-800,i2401-P-800,144.6,0.0,0.0,0.0,1,114.7,174.7,1,144.6,0.0,0.0,0.0,0.0,0.0,42
2023-05-10 22:02:05,i2401-P-800,i2401-P-800,144.6,0.0,0.0,0.0,20,114.8,174.6,20,144.6,0.0,0.0,0.0,0.0,0.0,42
2023-05-10 22:02:06,i2401-P-800,i2401-P-800,144.6,0.0,0.0,0.0,1,115.1,174.3,1,144.6,0.0,0.0,0.0,0.0,0.0,42
2023-05-10 22:02:06,i2401-P-800,i2401-P-800,144.6,0.0,0.0,0.0,20,115.2,174.2,20,144.6,0.0,0.0,0.0,0.0,0.0,42
2023-05-10 22:02:07,i2401-P-800,i2401-P-800,144.6,0.0,0.0,0.0,1,115.5,173.9,1,144.6,0.0,0.0,0.0,0.0,0.0,42
2023-05-10 22:02:07,i2401-P-800,i2401-P-800,144.6,0.0,0.0,0.0,20,115.6,173.8,20,144.6,0.0,0.0,0.0,0.0,0.0,42
2023-05-10 22:45:14,i2401-P-800,i2401-P-800,144.6,0.0,0.0,0.0,1,115.7,173.8,20,144.6,0.0,0.0,0.0,0.0,0.0,42
2023-05-10 22:45:14,i2401-P-800,i2401-P-800,144.6,0.0,0.0,0.0,20,115.8,173.8,20,144.6,0.0,0.0,0.0,0.0,0.0,42
2023-05-10 22:57:32,i2401-P-800,i2401-P-800,144.6,0.0,0.0,0.0,1,115.7,0.0,0,144.6,0.0,0.0,0.0,0.0,0.0,42
2023-05-11 09:02:02,i2401-P-800,i2401-P-800,144.6,0.0,0.0,0.0,1,116.0,218.2,20,144.6,0.0,0.0,0.0,0.0,0.0,42
2023-05-11 09:02:04,i2401-P-800,i2401-P-800,144.6,0.0,0.0,0.0,1,116.0,217.9,1,144.6,0.0,0.0,0.0,0.0,0.0,42
2023-05-11 09:02:04,i2401-P-800,i2401-P-800,144.6,0.0,0.0,0.0,1,116.0,217.8,20,144.6,0.0,0.0,0.0,0.0,0.0,42
2023-05-11 09:02:05,i2401-P-800,i2401-P-800,144.6,0.0,0.0,0.0,1,116.0,217.5,1,144.6,0.0,0.0,0.0,0.0,0.0,42
2023-05-11 09:02:05,i2401-P-800,i2401-P-800,144.6,0.0,0.0,0.0,1,116.0,217.4,20,144.6,0.0,0.0,0.0,0.0,0.0,42
2023-05-11 09:02:06,i2401-P-800,i2401-P-800,144.6,0.0,0.0,0.0,1,116.0,217.1,1,144.6,0.0,0.0,0.0,0.0,0.0,42
2023-05-11 09:02:06,i2401-P-800,i2401-P-800,144.6,0.0,0.0,0.0,1,116.0,217.0,20,144.6,0.0,0.0,0.0,0.0,0.0,42
2023-05-11 09:02:07,i2401-P-800,i2401-P-800,144.6,0.0,0.0,0.0,1,116.0,216.7,1,144.6,0.0,0.0,0.0,0.0,0.0,42
2023-05-11 09:02:07,i2401-P-800,i2401-P-800,144.6,0.0,0.0,0.0,1,116.0,216.6,20,144.6,0.0,0.0,0.0,0.0,0.0,42
2023-05-11 09:02:08,i2401-P-800,i2401-P-800,144.6,0.0,0.0,0.0,1,116.0,216.3,1,144.6,0.0,0.0,0.0,0.0,0.0,42
2023-05-11 09:02:08,i2401-P-800,i2401-P-800,144.6,0.0,0.0,0.0,1,116.0,216.2,20,144.6,0.0,0.0,0.0,0.0,0.0,42
2023-05-11 09:02:09,i2401-P-800,i2401-P-800,144.6,0.0,0.0,0.0,1,116.0,215.9,1,144.6,0.0,0.0,0.0,0.0,0.0,42
2023-05-11 09:02:09,i2401-P-800,i2401-P-800,144.6,0.0,0.0,0.0,1,116.0,215.8,20,144.6,0.0,0.0,0.0,0.0,0.0,42
2023-05-11 09:02:11,i2401-P-800,i2401-P-800,144.6,0.0,0.0,0.0,1,116.0,215.5,1,144.6,0.0,0.0,0.0,0.0,0.0,42
2023-05-11 09:02:11,i2401-P-800,i2401-P-800,144.6,0.0,0.0,0.0,1,116.0,215.4,20,144.6,0.0,0.0,0.0,0.0,0.0,42
2023-05-11 09:02:12,i2401-P-800,i2401-P-800,144.6,0.0,0.0,0.0,1,116.1,215.1,1,144.6,0.0,0.0,0.0,0.0,0.0,42
2023-05-11 09:02:12,i2401-P-800,i2401-P-800,144.6,0.0,0.0,0.0,1,116.4,215.0,20,144.6,0.0,0.0,0.0,0.0,0.0,42
2023-05-11 09:02:13,i2401-P-800,i2401-P-800,144.6,0.0,0.0,0.0,1,116.4,214.7,1,144.6,0.0,0.0,0.0,0.0,0.0,42
2023-05-11 09:02:13,i2401-P-800,i2401-P-800,144.6,0.0,0.0,0.0,1,116.4,214.6,20,144.6,0.0,0.0,0.0,0.0,0.0,42
2023-05-11 09:02:14,i2401-P-800,i2401-P-800,144.6,0.0,0.0,0.0,1,116.4,214.3,1,144.6,0.0,0.0,0.0,0.0,0.0,42
2023-05-11 09:02:14,i2401-P-800,i2401-P-800,144.6,0.0,0.0,0.0,1,116.4,214.2,20,144.6,0.0,0.0,0.0,0.0,0.0,42
2023-05-11 09:02:15,i2401-P-800,i2401-P-800,144.6,0.0,0.0,0.0,1,116.4,213.9,1,144.6,0.0,0.0,0.0,0.0,0.0,42
2023-05-11 09:02:15,i2401-P-800,i2401-P-800,144.6,0.0,0.0,0.0,1,116.4,213.8,20,144.6,0.0,0.0,0.0,0.0,0.0,42
2023-05-11 09:02:16,i2401-P-800,i2401-P-800,144.6,0.0,0.0,0.0,1,116.4,213.5,1,144.6,0.0,0.0,0.0,0.0,0.0,42
2023-05-11 09:02:16,i2401-P-800,i2401-P-800,144.6,0.0,0.0,0.0,1,116.4,213.4,20,144.6,0.0,0.0,0.0,0.0,0.0,42
2023-05-11 09:02:17,i2401-P-800,i2401-P-800,144.6,0.0,0.0,0.0,1,116.4,213.1,1,144.6,0.0,0.0,0.0,0.0,0.0,42
2023-05-11 09:02:17,i2401-P-800,i2401-P-800,144.6,0.0,0.0,0.0,1,116.4,213.0,20,144.6,0.0,0.0,0.0,0.0,0.0,42
2023-05-11 09:02:18,i2401-P-800,i2401-P-800,144.6,0.0,0.0,0.0,1,116.4,212.7,1,144.6,0.0,0.0,0.0,0.0,0.0,42
2023-05-11 09:02:18,i2401-P-800,i2401-P-800,144.6,0.0,0.0,0.0,1,116.4,212.6,20,144.6,0.0,0.0,0.0,0.0,0.0,42
2023-05-11 09:02:19,i2401-P-800,i2401-P-800,144.6,0.0,0.0,0.0,1,116.4,212.3,1,144.6,0.0,0.0,0.0,0.0,0.0,42
2023-05-11 09:02:19,i2401-P-800,i2401-P-800,144.6,0.0,0.0,0.0,1,116.4,212.2,20,144.6,0.0,0.0,0.0,0.0,0.0,42
2023-05-11 09:02:20,i2401-P-800,i2401-P-800,144.6,0.0,0.0,0.0,1,116.4,211.9,1,144.6,0.0,0.0,0.0,0.0,0.0,42
2023-05-11 09:02:20,i2401-P-800,i2401-P-800,144.6,0.0,0.0,0.0,1,116.4,211.8,20,144.6,0.0,0.0,0.0,0.0,0.0,42
2023-05-11 09:02:21,i2401-P-800,i2401-P-800,144.6,0.0,0.0,0.0,1,116.4,211.5,1,144.6,0.0,0.0,0.0,0.0,0.0,42
2023-05-11 09:02:21,i2401-P-800,i2401-P-800,144.6,0.0,0.0,0.0,1,116.4,211.4,20,144.6,0.0,0.0,0.0,0.0,0.0,42
2023-05-11 09:02:22,i2401-P-800,i2401-P-800,144.6,0.0,0.0,0.0,1,116.4,211.1,1,144.6,0.0,0.0,0.0,0.0,0.0,42
2023-05-11 09:02:22,i2401-P-800,i2401-P-800,144.6,0.0,0.0,0.0,1,116.4,211.0,20,144.6,0.0,0.0,0.0,0.0,0.0,42
2023-05-11 09:02:23,i2401-P-800,i2401-P-800,144.6,0.0,0.0,0.0,1,116.4,210.7,1,144.6,0.0,0.0,0.0,0.0,0.0,42
2023-05-11 09:02:23,i2401-P-800,i2401-P-800,144.6,0.0,0.0,0.0,1,116.4,210.6,20,144.6,0.0,0.0,0.0,0.0,0.0,42
2023-05-11 09:02:24,i2401-P-800,i2401-P-800,144.6,0.0,0.0,0.0,1,116.4,210.3,1,144.6,0.0,0.0,0.0,0.0,0.0,42
2023-05-11 09:02:24,i2401-P-800,i2401-P-800,144.6,0.0,0.0,0.0,1,116.4,210.2,20,144.6,0.0,0.0,0.0,0.0,0.0,42
2023-05-11 09:02:25,i2401-P-800,i2401-P-800,144.6,0.0,0.0,0.0,1,116.4,209.9,1,144.6,0.0,0.0,0.0,0.0,0.0,42
2023-05-11 09:02:25,i2401-P-800,i2401-P-800,144.6,0.0,0.0,0.0,1,116.4,209.8,20,144.6,0.0,0.0,0.0,0.0,0.0,42
2023-05-11 09:02:26,i2401-P-800,i2401-P-800,144.6,0.0,0.0,0.0,20,116.5,209.5,1,144.6,0.0,0.0,0.0,0.0,0.0,42
2023-05-11 09:02:26,i2401-P-800,i2401-P-800,144.6,0.0,0.0,0.0,1,116.8,209.4,20,144.6,0.0,0.0,0.0,0.0,0.0,42
2023-05-11 09:02:27,i2401-P-800,i2401-P-800,144.6,0.0,0.0,0.0,20,116.9,209.1,1,144.6,0.0,0.0,0.0,0.0,0.0,42
2023-05-11 09:02:27,i2401-P-800,i2401-P-800,144.6,0.0,0.0,0.0,20,116.9,209.0,20,144.6,0.0,0.0,0.0,0.0,0.0,42
2023-05-11 09:02:28,i2401-P-800,i2401-P-800,144.6,0.0,0.0,0.0,1,117.2,208.7,1,144.6,0.0,0.0,0.0,0.0,0.0,42
2023-05-11 09:02:28,i2401-P-800,i2401-P-800,144.6,0.0,0.0,0.0,20,117.3,208.6,20,144.6,0.0,0.0,0.0,0.0,0.0,42
2023-05-11 09:02:29,i2401-P-800,i2401-P-800,144.6,0.0,0.0,0.0,1,117.6,208.3,1,144.6,0.0,0.0,0.0,0.0,0.0,42
2023-05-11 09:02:29,i2401-P-800,i2401-P-800,144.6,0.0,0.0,0.0,20,117.7,208.2,20,144.6,0.0,0.0,0.0,0.0,0.0,42
2023-05-11 09:02:30,i2401-P-800,i2401-P-800,144.6,0.0,0.0,0.0,1,118.0,207.9,1,144.6,0.0,0.0,0.0,0.0,0.0,42
2023-05-11 09:02:30,i2401-P-800,i2401-P-800,144.6,0.0,0.0,0.0,20,118.1,207.8,20,144.6,0.0,0.0,0.0,0.0,0.0,42
2023-05-11 09:02:31,i2401-P-800,i2401-P-800,144.6,0.0,0.0,0.0,1,118.4,207.5,1,144.6,0.0,0.0,0.0,0.0,0.0,42
2023-05-11 09:02:31,i2401-P-800,i2401-P-800,144.6,0.0,0.0,0.0,20,118.5,207.4,20,144.6,0.0,0.0,0.0,0.0,0.0,42
2023-05-11 09:02:32,i2401-P-800,i2401-P-800,144.6,0.0,0.0,0.0,1,118.8,207.1,1,144.6,0.0,0.0,0.0,0.0,0.0,42
2023-05-11 09:02:32,i2401-P-800,i2401-P-800,144.6,0.0,0.0,0.0,20,118.9,207.0,20,144.6,0.0,0.0,0.0,0.0,0.0,42
2023-05-11 09:02:33,i2401-P-800,i2401-P-800,144.6,0.0,0.0,0.0,1,119.2,206.7,1,144.6,0.0,0.0,0.0,0.0,0.0,42
2023-05-11 09:02:33,i2401-P-800,i2401-P-800,144.6,0.0,0.0,0.0,20,119.3,206.6,20,144.6,0.0,0.0,0.0,0.0,0.0,42
2023-05-11 09:02:34,i2401-P-800,i2401-P-800,144.6,0.0,0.0,0.0,1,119.6,206.3,1,144.6,0.0,0.0,0.0,0.0,0.0,42
2023-05-11 09:02:34,i2401-P-800,i2401-P-800,144.6,0.0,0.0,0.0,20,119.7,206.2,20,144.6,0.0,0.0,0.0,0.0,0.0,42
2023-05-11 09:02:35,i2401-P-800,i2401-P-800,144.6,0.0,0.0,0.0,1,120.0,205.9,1,144.6,0.0,0.0,0.0,0.0,0.0,42
2023-05-11 09:02:35,i2401-P-800,i2401-P-800,144.6,0.0,0.0,0.0,20,120.1,205.8,20,144.6,0.0,0.0,0.0,0.0,0.0,42
2023-05-11 09:02:36,i2401-P-800,i2401-P-800,144.6,0.0,0.0,0.0,1,120.4,205.5,1,144.6,0.0,0.0,0.0,0.0,0.0,42
2023-05-11 09:02:36,i2401-P-800,i2401-P-800,144.6,0.0,0.0,0.0,20,120.5,205.4,20,144.6,0.0,0.0,0.0,0.0,0.0,42
2023-05-11 09:02:37,i2401-P-800,i2401-P-800,144.6,0.0,0.0,0.0,1,120.8,205.1,1,144.6,0.0,0.0,0.0,0.0,0.0,42
2023-05-11 09:02:37,i2401-P-800,i2401-P-800,144.6,0.0,0.0,0.0,20,120.9,205.0,20,144.6,0.0,0.0,0.0,0.0,0.0,42
2023-05-11 09:02:38,i2401-P-800,i2401-P-800,144.6,0.0,0.0,0.0,1,121.2,204.7,1,144.6,0.0,0.0,0.0,0.0,0.0,42
2023-05-11 09:02:38,i2401-P-800,i2401-P-800,144.6,0.0,0.0,0.0,20,121.3,204.6,20,144.6,0.0,0.0,0.0,0.0,0.0,42
2023-05-11 09:02:39,i2401-P-800,i2401-P-800,144.6,0.0,0.0,0.0,1,121.6,204.3,1,144.6,0.0,0.0,0.0,0.0,0.0,42
2023-05-11 09:02:39,i2401-P-800,i2401-P-800,144.6,0.0,0.0,0.0,20,121.7,204.2,20,144.6,0.0,0.0,0.0,0.0,0.0,42
2023-05-11 09:02:40,i2401-P-800,i2401-P-800,144.6,0.0,0.0,0.0,1,122.0,203.9,1,144.6,0.0,0.0,0.0,0.0,0.0,42
2023-05-11 09:02:40,i2401-P-800,i2401-P-800,144.6,0.0,0.0,0.0,20,122.1,203.8,20,144.6,0.0,0.0,0.0,0.0,0.0,42
2023-05-11 09:02:41,i2401-P-800,i2401-P-800,144.6,0.0,0.0,0.0,1,122.4,203.5,1,144.6,0.0,0.0,0.0,0.0,0.0,42
2023-05-11 09:02:41,i2401-P-800,i2401-P-800,144.6,0.0,0.0,0.0,20,122.5,203.4,20,144.6,0.0,0.0,0.0,0.0,0.0,42
2023-05-11 09:02:42,i2401-P-800,i2401-P-800,144.6,0.0,0.0,0.0,1,122.8,203.1,1,144.6,0.0,0.0,0.0,0.0,0.0,42
2023-05-11 09:02:42,i2401-P-800,i2401-P-800,144.6,0.0,0.0,0.0,20,122.9,203.0,20,144.6,0.0,0.0,0.0,0.0,0.0,42
2023-05-11 09:02:43,i2401-P-800,i2401-P-800,144.6,0.0,0.0,0.0,1,123.2,202.7,1,144.6,0.0,0.0,0.0,0.0,0.0,42
2023-05-11 09:02:43,i2401-P-800,i2401-P-800,144.6,0.0,0.0,0.0,20,123.3,202.6,20,144.6,0.0,0.0,0.0,0.0,0.0,42
2023-05-11 09:02:44,i2401-P-800,i2401-P-800,144.6,0.0,0.0,0.0,1,123.6,202.3,1,144.6,0.0,0.0,0.0,0.0,0.0,42
2023-05-11 09:02:44,i2401-P-800,i2401-P-800,144.6,0.0,0.0,0.0,20,123.7,202.2,20,144.6,0.0,0.0,0.0,0.0,0.0,42
2023-05-11 09:02:45,i2401-P-800,i2401-P-800,144.6,0.0,0.0,0.0,1,124.0,201.9,1,144.6,0.0,0.0,0.0,0.0,0.0,42
2023-05-11 09:02:45,i2401-P-800,i2401-P-800,144.6,0.0,0.0,0.0,20,124.1,201.8,20,144.6,0.0,0.0,0.0,0.0,0.0,42
2023-05-11 09:02:46,i2401-P-800,i2401-P-800,144.6,0.0,0.0,0.0,1,124.4,201.5,1,144.6,0.0,0.0,0.0,0.0,0.0,42
2023-05-11 09:02:46,i2401-P-800,i2401-P-800,144.6,0.0,0.0,0.0,20,124.5,201.4,20,144.6,0.0,0.0,0.0,0.0,0.0,42
2023-05-11 09:02:47,i2401-P-800,i2401-P-800,144.6,0.0,0.0,0.0,1,124.8,201.1,1,144.6,0.0,0.0,0.0,0.0,0.0,42
2023-05-11 09:02:47,i2401-P-800,i2401-P-800,144.6,0.0,0.0,0.0,20,124.9,201.0,20,144.6,0.0,0.0,0.0,0.0,0.0,42
2023-05-11 09:02:48,i2401-P-800,i2401-P-800,144.6,0.0,0.0,0.0,1,125.2,200.7,1,144.6,0.0,0.0,0.0,0.0,0.0,42
2023-05-11 09:02:48,i2401-P-800,i2401-P-800,144.6,0.0,0.0,0.0,20,125.3,200.6,20,144.6,0.0,0.0,0.0,0.0,0.0,42
2023-05-11 09:02:49,i2401-P-800,i2401-P-800,144.6,0.0,0.0,0.0,1,125.6,200.3,1,144.6,0.0,0.0,0.0,0.0,0.0,42
2023-05-11 09:02:49,i2401-P-800,i2401-P-800,144.6,0.0,0.0,0.0,20,125.7,200.2,20,144.6,0.0,0.0,0.0,0.0,0.0,42
2023-05-11 09:02:50,i2401-P-800,i2401-P-800,144.6,0.0,0.0,0.0,1,126.0,199.9,1,144.6,0.0,0.0,0.0,0.0,0.0,42
2023-05-11 09:02:50,i2401-P-800,i2401-P-800,144.6,0.0,0.0,0.0,20,126.1,199.8,20,144.6,0.0,0.0,0.0,0.0,0.0,42
2023-05-11 09:02:51,i2401-P-800,i2401-P-800,144.6,0.0,0.0,0.0,1,126.4,199.5,1,144.6,0.0,0.0,0.0,0.0,0.0,42
2023-05-11 09:02:51,i2401-P-800,i2401-P-800,144.6,0.0,0.0,0.0,20,126.5,199.4,20,144.6,0.0,0.0,0.0,0.0,0.0,42
2023-05-11 09:02:52,i2401-P-800,i2401-P-800,144.6,0.0,0.0,0.0,1,126.8,199.1,1,144.6,0.0,0.0,0.0,0.0,0.0,42
2023-05-11 09:02:52,i2401-P-800,i2401-P-800,144.6,0.0,0.0,0.0,20,126.9,199.0,20,144.6,0.0,0.0,0.0,0.0,0.0,42
2023-05-11 09:02:53,i2401-P-800,i2401-P-800,144.6,0.0,0.0,0.0,1,127.2,198.7,1,144.6,0.0,0.0,0.0,0.0,0.0,42
2023-05-11 09:02:53,i2401-P-800,i2401-P-800,144.6,0.0,0.0,0.0,20,127.3,198.6,20,144.6,0.0,0.0,0.0,0.0,0.0,42
2023-05-11 09:02:54,i2401-P-800,i2401-P-800,144.6,0.0,0.0,0.0,1,127.6,198.6,20,144.6,0.0,0.0,0.0,0.0,0.0,42
2023-05-11 09:02:54,i2401-P-800,i2401-P-800,144.6,0.0,0.0,0.0,20,127.7,198.3,1,144.6,0.0,0.0,0.0,0.0,0.0,42
2023-05-11 09:02:55,i2401-P-800,i2401-P-800,144.6,0.0,0.0,0.0,1,128.0,198.2,20,144.6,0.0,0.0,0.0,0.0,0.0,42
2023-05-11 09:02:55,i2401-P-800,i2401-P-800,144.6,0.0,0.0,0.0,20,128.1,197.9,1,144.6,0.0,0.0,0.0,0.0,0.0,42
2023-05-11 09:02:56,i2401-P-800,i2401-P-800,144.6,0.0,0.0,0.0,1,128.4,197.8,20,144.6,0.0,0.0,0.0,0.0,0.0,42
2023-05-11 09:02:56,i2401-P-800,i2401-P-800,144.6,0.0,0.0,0.0,20,128.5,197.5,1,144.6,0.0,0.0,0.0,0.0,0.0,42
2023-05-11 09:02:57,i2401-P-800,i2401-P-800,144.6,0.0,0.0,0.0,1,128.8,197.4,20,144.6,0.0,0.0,0.0,0.0,0.0,42
2023-05-11 09:02:57,i2401-P-800,i2401-P-800,144.6,0.0,0.0,0.0,20,128.9,197.1,1,144.6,0.0,0.0,0.0,0.0,0.0,42
2023-05-11 09:02:58,i2401-P-800,i2401-P-800,144.6,0.0,0.0,0.0,1,129.2,197.0,20,144.6,0.0,0.0,0.0,0.0,0.0,42
2023-05-11 09:02:58,i2401-P-800,i2401-P-800,144.6,0.0,0.0,0.0,20,129.3,196.7,1,144.6,0.0,0.0,0.0,0.0,0.0,42
2023-05-11 09:02:59,i2401-P-800,i2401-P-800,144.6,0.0,0.0,0.0,1,129.6,196.6,20,144.6,0.0,0.0,0.0,0.0,0.0,42
2023-05-11 09:02:59,i2401-P-800,i2401-P-800,144.6,0.0,0.0,0.0,20,129.7,196.3,1,144.6,0.0,0.0,0.0,0.0,0.0,42
2023-05-11 09:03:00,i2401-P-800,i2401-P-800,144.6,0.0,0.0,0.0,1,130.0,196.2,20,144.6,0.0,0.0,0.0,0.0,0.0,42
2023-05-11 09:03:00,i2401-P-800,i2401-P-800,144.6,0.0,0.0,0.0,20,130.1,195.9,1,144.6,0.0,0.0,0.0,0.0,0.0,42
2023-05-11 09:03:01,i2401-P-800,i2401-P-800,144.6,0.0,0.0,0.0,1,130.4,195.8,20,144.6,0.0,0.0,0.0,0.0,0.0,42
2023-05-11 09:03:01,i2401-P-800,i2401-P-800,144.6,0.0,0.0,0.0,20,130.5,195.5,1,144.6,0.0,0.0,0.0,0.0,0.0,42
2023-05-11 09:03:02,i2401-P-800,i2401-P-800,144.6,0.0,0.0,0.0,1,130.8,195.4,20,144.6,0.0,0.0,0.0,0.0,0.0,42
2023-05-11 09:03:02,i2401-P-800,i2401-P-800,144.6,0.0,0.0,0.0,20,130.9,195.1,1,144.6,0.0,0.0,0.0,0.0,0.0,42
2023-05-11 09:03:03,i2401-P-800,i2401-P-800,144.6,0.0,0.0,0.0,1,131.2,195.0,20,144.6,0.0,0.0,0.0,0.0,0.0,42
2023-05-11 09:03:03,i2401-P-800,i2401-P-800,144.6,0.0,0.0,0.0,20,131.3,194.7,1,144.6,0.0,0.0,0.0,0.0,0.0,42
2023-05-11 09:03:04,i2401-P-800,i2401-P-800,144.6,0.0,0.0,0.0,1,131.6,194.6,20,144.6,0.0,0.0,0.0,0.0,0.0,42
2023-05-11 09:03:04,i2401-P-800,i2401-P-800,144.6,0.0,0.0,0.0,20,131.7,194.3,1,144.6,0.0,0.0,0.0,0.0,0.0,42
2023-05-11 09:03:05,i2401-P-800,i2401-P-800,144.6,0.0,0.0,0.0,1,132.0,194.2,20,144.6,0.0,0.0,0.0,0.0,0.0,42
2023-05-11 09:03:05,i2401-P-800,i2401-P-800,144.6,0.0,0.0,0.0,20,132.1,193.9,1,144.6,0.0,0.0,0.0,0.0,0.0,42
2023-05-11 09:03:06,i2401-P-800,i2401-P-800,144.6,0.0,0.0,0.0,1,132.4,193.8,20,144.6,0.0,0.0,0.0,0.0,0.0,42
2023-05-11 09:03:06,i2401-P-800,i2401-P-800,144.6,0.0,0.0,0.0,20,132.5,193.5,1,144.6,0.0,0.0,0.0,0.0,0.0,42
2023-05-11 09:03:07,i2401-P-800,i2401-P-800,144.6,0.0,0.0,0.0,1,132.8,193.4,20,144.6,0.0,0.0,0.0,0.0,0.0,42
2023-05-11 09:03:07,i2401-P-800,i2401-P-800,144.6,0.0,0.0,0.0,20,132.9,193.1,1,144.6,0.0,0.0,0.0,0.0,0.0,42
2023-05-11 09:03:08,i2401-P-800,i2401-P-800,144.6,0.0,0.0,0.0,1,133.2,193.0,20,144.6,0.0,0.0,0.0,0.0,0.0,42
2023-05-11 09:03:08,i2401-P-800,i2401-P-800,144.6,0.0,0.0,0.0,20,133.3,192.7,1,144.6,0.0,0.0,0.0,0.0,0.0,42
2023-05-11 09:03:09,i2401-P-800,i2401-P-800,144.6,0.0,0.0,0.0,1,133.6,192.6,20,144.6,0.0,0.0,0.0,0.0,0.0,42
2023-05-11 09:03:09,i2401-P-800,i2401-P-800,144.6,0.0,0.0,0.0,20,133.7,192.3,1,144.6,0.0,0.0,0.0,0.0,0.0,42
2023-05-11 09:03:10,i2401-P-800,i2401-P-800,144.6,0.0,0.0,0.0,20,133.7,192.2,20,144.6,0.0,0.0,0.0,0.0,0.0,42
2023-05-11 09:03:10,i2401-P-800,i2401-P-800,144.6,0.0,0.0,0.0,20,133.7,191.9,1,144.6,0.0,0.0,0.0,0.0,0.0,42
2023-05-11 09:03:10,i2401-P-800,i2401-P-800,144.6,0.0,0.0,0.0,20,133.7,191.8,20,144.6,0.0,0.0,0.0,0.0,0.0,42
2023-05-11 09:03:11,i2401-P-800,i2401-P-800,144.6,0.0,0.0,0.0,20,133.7,191.5,1,144.6,0.0,0.0,0.0,0.0,0.0,42
2023-05-11 09:03:11,i2401-P-800,i2401-P-800,144.6,0.0,0.0,0.0,20,133.7,191.4,20,144.6,0.0,0.0,0.0,0.0,0.0,42
2023-05-11 09:03:12,i2401-P-800,i2401-P-800,144.6,0.0,0.0,0.0,20,133.7,191.1,1,144.6,0.0,0.0,0.0,0.0,0.0,42
2023-05-11 09:03:12,i2401-P-800,i2401-P-800,144.6,0.0,0.0,0.0,20,133.7,191.0,20,144.6,0.0,0.0,0.0,0.0,0.0,42
2023-05-11 09:03:13,i2401-P-800,i2401-P-800,144.6,0.0,0.0,0.0,20,133.7,190.7,1,144.6,0.0,0.0,0.0,0.0,0.0,42
2023-05-11 09:03:14,i2401-P-800,i2401-P-800,144.6,0.0,0.0,0.0,20,133.7,190.6,20,144.6,0.0,0.0,0.0,0.0,0.0,42
2023-05-11 09:03:14,i2401-P-800,i2401-P-800,144.6,0.0,0.0,0.0,20,133.7,190.3,1,144.6,0.0,0.0,0.0,0.0,0.0,42
2023-05-11 09:03:14,i2401-P-800,i2401-P-800,144.6,0.0,0.0,0.0,20,133.7,190.2,20,144.6,0.0,0.0,0.0,0.0,0.0,42
2023-05-11 09:03:15,i2401-P-800,i2401-P-800,144.6,0.0,0.0,0.0,20,133.7,189.9,1,144.6,0.0,0.0,0.0,0.0,0.0,42
2023-05-11 09:03:15,i2401-P-800,i2401-P-800,144.6,0.0,0.0,0.0,20,133.7,189.8,20,144.6,0.0,0.0,0.0,0.0,0.0,42
2023-05-11 09:03:16,i2401-P-800,i2401-P-800,144.6,0.0,0.0,0.0,20,133.7,189.5,1,144.6,0.0,0.0,0.0,0.0,0.0,42
2023-05-11 09:03:16,i2401-P-800,i2401-P-800,144.6,0.0,0.0,0.0,20,133.7,189.4,20,144.6,0.0,0.0,0.0,0.0,0.0,42
2023-05-11 09:03:17,i2401-P-800,i2401-P-800,144.6,0.0,0.0,0.0,20,133.7,189.1,1,144.6,0.0,0.0,0.0,0.0,0.0,42
2023-05-11 09:03:17,i2401-P-800,i2401-P-800,144.6,0.0,0.0,0.0,20,133.7,189.0,20,144.6,0.0,0.0,0.0,0.0,0.0,42
2023-05-11 09:03:18,i2401-P-800,i2401-P-800,144.6,0.0,0.0,0.0,20,133.7,188.7,1,144.6,0.0,0.0,0.0,0.0,0.0,42
2023-05-11 09:03:18,i2401-P-800,i2401-P-800,144.6,0.0,0.0,0.0,20,133.7,188.6,20,144.6,0.0,0.0,0.0,0.0,0.0,42
2023-05-11 09:03:19,i2401-P-800,i2401-P-800,144.6,0.0,0.0,0.0,20,133.7,188.3,1,144.6,0.0,0.0,0.0,0.0,0.0,42
2023-05-11 09:03:19,i2401-P-800,i2401-P-800,144.6,0.0,0.0,0.0,20,133.7,188.2,20,144.6,0.0,0.0,0.0,0.0,0.0,42
2023-05-11 09:03:20,i2401-P-800,i2401-P-800,144.6,0.0,0.0,0.0,20,133.7,187.9,1,144.6,0.0,0.0,0.0,0.0,0.0,42
2023-05-11 09:03:20,i2401-P-800,i2401-P-800,144.6,0.0,0.0,0.0,20,133.7,187.8,20,144.6,0.0,0.0,0.0,0.0,0.0,42
2023-05-11 09:03:21,i2401-P-800,i2401-P-800,144.6,0.0,0.0,0.0,20,133.7,187.5,1,144.6,0.0,0.0,0.0,0.0,0.0,42
2023-05-11 09:03:22,i2401-P-800,i2401-P-800,144.6,0.0,0.0,0.0,20,133.7,187.4,20,144.6,0.0,0.0,0.0,0.0,0.0,42
2023-05-11 09:03:22,i2401-P-800,i2401-P-800,144.6,0.0,0.0,0.0,20,133.7,187.1,1,144.6,0.0,0.0,0.0,0.0,0.0,42
2023-05-11 09:03:22,i2401-P-800,i2401-P-800,144.6,0.0,0.0,0.0,20,133.7,187.0,20,144.6,0.0,0.0,0.0,0.0,0.0,42
2023-05-11 09:03:23,i2401-P-800,i2401-P-800,144.6,0.0,0.0,0.0,20,133.7,186.7,1,144.6,0.0,0.0,0.0,0.0,0.0,42
2023-05-11 09:03:23,i2401-P-800,i2401-P-800,144.6,0.0,0.0,0.0,20,133.7,186.6,20,144.6,0.0,0.0,0.0,0.0,0.0,42
2023-05-11 09:03:24,i2401-P-800,i2401-P-800,144.6,0.0,0.0,0.0,20,133.7,186.3,1,144.6,0.0,0.0,0.0,0.0,0.0,42
2023-05-11 09:03:24,i2401-P-800,i2401-P-800,144.6,0.0,0.0,0.0,20,133.7,186.2,20,144.6,0.0,0.0,0.0,0.0,0.0,42
2023-05-11 09:03:25,i2401-P-800,i2401-P-800,144.6,0.0,0.0,0.0,20,133.7,185.9,1,144.6,0.0,0.0,0.0,0.0,0.0,42
2023-05-11 09:03:25,i2401-P-800,i2401-P-800,144.6,0.0,0.0,0.0,20,133.7,185.8,20,144.6,0.0,0.0,0.0,0.0,0.0,42
2023-05-11 09:03:26,i2401-P-800,i2401-P-800,144.6,0.0,0.0,0.0,20,133.7,185.5,1,144.6,0.0,0.0,0.0,0.0,0.0,42
2023-05-11 09:03:26,i2401-P-800,i2401-P-800,144.6,0.0,0.0,0.0,20,133.7,185.4,20,144.6,0.0,0.0,0.0,0.0,0.0,42
2023-05-11 09:03:27,i2401-P-800,i2401-P-800,144.6,0.0,0.0,0.0,20,133.7,185.1,1,144.6,0.0,0.0,0.0,0.0,0.0,42
2023-05-11 09:03:27,i2401-P-800,i2401-P-800,144.6,0.0,0.0,0.0,20,133.7,185.0,20,144.6,0.0,0.0,0.0,0.0,0.0,42
2023-05-11 09:03:28,i2401-P-800,i2401-P-800,144.6,0.0,0.0,0.0,20,133.7,184.7,1,144.6,0.0,0.0,0.0,0.0,0.0,42
2023-05-11 09:03:28,i2401-P-800,i2401-P-800,144.6,0.0,0.0,0.0,20,133.7,184.6,20,144.6,0.0,0.0,0.0,0.0,0.0,42
2023-05-11 09:03:29,i2401-P-800,i2401-P-800,144.6,0.0,0.0,0.0,20,133.7,184.3,1,144.6,0.0,0.0,0.0,0.0,0.0,42
2023-05-11 09:03:29,i2401-P-800,i2401-P-800,144.6,0.0,0.0,0.0,20,133.7,184.2,20,144.6,0.0,0.0,0.0,0.0,0.0,42
2023-05-11 09:03:30,i2401-P-800,i2401-P-800,144.6,0.0,0.0,0.0,20,133.7,183.9,1,144.6,0.0,0.0,0.0,0.0,0.0,42
2023-05-11 09:03:30,i2401-P-800,i2401-P-800,144.6,0.0,0.0,0.0,20,133.7,183.8,20,144.6,0.0,0.0,0.0,0.0,0.0,42
2023-05-11 09:03:31,i2401-P-800,i2401-P-800,144.6,0.0,0.0,0.0,20,133.7,183.5,1,144.6,0.0,0.0,0.0,0.0,0.0,42
2023-05-11 09:03:31,i2401-P-800,i2401-P-800,144.6,0.0,0.0,0.0,20,133.7,183.4,20,144.6,0.0,0.0,0.0,0.0,0.0,42
2023-05-11 09:03:32,i2401-P-800,i2401-P-800,144.6,0.0,0.0,0.0,20,133.7,183.1,1,144.6,0.0,0.0,0.0,0.0,0.0,42
2023-05-11 09:03:32,i2401-P-800,i2401-P-800,144.6,0.0,0.0,0.0,20,133.7,183.0,20,144.6,0.0,0.0,0.0,0.0,0.0,42
2023-05-11 09:03:33,i2401-P-800,i2401-P-800,144.6,0.0,0.0,0.0,20,133.7,182.7,1,144.6,0.0,0.0,0.0,0.0,0.0,42
2023-05-11 09:03:33,i2401-P-800,i2401-P-800,144.6,0.0,0.0,0.0,20,133.7,182.6,20,144.6,0.0,0.0,0.0,0.0,0.0,42
2023-05-11 09:03:34,i2401-P-800,i2401-P-800,144.6,0.0,0.0,0.0,20,133.7,182.3,1,144.6,0.0,0.0,0.0,0.0,0.0,42
2023-05-11 09:03:34,i2401-P-800,i2401-P-800,144.6,0.0,0.0,0.0,20,133.7,182.2,20,144.6,0.0,0.0,0.0,0.0,0.0,42
2023-05-11 09:03:35,i2401-P-800,i2401-P-800,144.6,0.0,0.0,0.0,20,133.7,181.9,1,144.6,0.0,0.0,0.0,0.0,0.0,42
2023-05-11 09:03:35,i2401-P-800,i2401-P-800,144.6,0.0,0.0,0.0,20,133.7,181.8,20,144.6,0.0,0.0,0.0,0.0,0.0,42
2023-05-11 09:03:36,i2401-P-800,i2401-P-800,144.6,0.0,0.0,0.0,20,133.7,181.5,1,144.6,0.0,0.0,0.0,0.0,0.0,42
2023-05-11 09:03:36,i2401-P-800,i2401-P-800,144.6,0.0,0.0,0.0,20,133.7,181.4,20,144.6,0.0,0.0,0.0,0.0,0.0,42
2023-05-11 09:03:37,i2401-P-800,i2401-P-800,144.6,0.0,0.0,0.0,20,133.7,181.1,1,144.6,0.0,0.0,0.0,0.0,0.0,42
2023-05-11 09:03:37,i2401-P-800,i2401-P-800,144.6,0.0,0.0,0.0,20,133.7,181.0,20,144.6,0.0,0.0,0.0,0.0,0.0,42
2023-05-11 09:03:38,i2401-P-800,i2401-P-800,144.6,0.0,0.0,0.0,20,133.7,180.7,1,144.6,0.0,0.0,0.0,0.0,0.0,42
2023-05-11 09:03:38,i2401-P-800,i2401-P-800,144.6,0.0,0.0,0.0,20,133.7,180.6,20,144.6,0.0,0.0,0.0,0.0,0.0,42
2023-05-11 09:03:39,i2401-P-800,i2401-P-800,144.6,0.0,0.0,0.0,20,133.7,180.3,1,144.6,0.0,0.0,0.0,0.0,0.0,42
2023-05-11 09:03:39,i2401-P-800,i2401-P-800,144.6,0.0,0.0,0.0,20,133.7,180.2,20,144.6,0.0,0.0,0.0,0.0,0.0,42
2023-05-11 09:03:40,i2401-P-800,i2401-P-800,144.6,0.0,0.0,0.0,20,133.7,179.9,1,144.6,0.0,0.0,0.0,0.0,0.0,42
2023-05-11 09:03:40,i2401-P-800,i2401-P-800,144.6,0.0,0.0,0.0,20,133.7,179.8,20,144.6,0.0,0.0,0.0,0.0,0.0,42
2023-05-11 09:03:41,i2401-P-800,i2401-P-800,144.6,0.0,0.0,0.0,20,133.7,179.5,1,144.6,0.0,0.0,0.0,0.0,0.0,42
2023-05-11 09:03:42,i2401-P-800,i2401-P-800,144.6,0.0,0.0,0.0,1,134.0,179.4,20,144.6,0.0,0.0,0.0,0.0,0.0,42
2023-05-11 09:03:42,i2401-P-800,i2401-P-800,144.6,0.0,0.0,0.0,20,134.1,179.1,1,144.6,0.0,0.0,0.0,0.0,0.0,42
2023-05-11 09:03:43,i2401-P-800,i2401-P-800,144.6,0.0,0.0,0.0,20,134.1,179.0,20,144.6,0.0,0.0,0.0,0.0,0.0,42
2023-05-11 09:03:43,i2401-P-800,i2401-P-800,144.6,0.0,0.0,0.0,20,134.1,178.7,1,144.6,0.0,0.0,0.0,0.0,0.0,42
2023-05-11 09:03:43,i2401-P-800,i2401-P-800,144.6,0.0,0.0,0.0,20,134.1,178.6,20,144.6,0.0,0.0,0.0,0.0,0.0,42
2023-05-11 09:03:44,i2401-P-800,i2401-P-800,144.6,0.0,0.0,0.0,20,134.1,178.3,1,144.6,0.0,0.0,0.0,0.0,0.0,42
2023-05-11 09:03:44,i2401-P-800,i2401-P-800,144.6,0.0,0.0,0.0,20,134.1,178.2,20,144.6,0.0,0.0,0.0,0.0,0.0,42
2023-05-11 09:03:45,i2401-P-800,i2401-P-800,144.6,0.0,0.0,0.0,20,134.1,177.9,1,144.6,0.0,0.0,0.0,0.0,0.0,42
2023-05-11 09:03:46,i2401-P-800,i2401-P-800,144.6,0.0,0.0,0.0,20,134.1,177.8,20,144.6,0.0,0.0,0.0,0.0,0.0,42
2023-05-11 09:03:46,i2401-P-800,i2401-P-800,144.6,0.0,0.0,0.0,20,134.1,177.5,1,144.6,0.0,0.0,0.0,0.0,0.0,42
2023-05-11 09:03:46,i2401-P-800,i2401-P-800,144.6,0.0,0.0,0.0,20,134.1,177.4,20,144.6,0.0,0.0,0.0,0.0,0.0,42
2023-05-11 09:03:47,i2401-P-800,i2401-P-800,144.6,0.0,0.0,0.0,20,134.1,177.1,1,144.6,0.0,0.0,0.0,0.0,0.0,42
2023-05-11 09:03:47,i2401-P-800,i2401-P-800,144.6,0.0,0.0,0.0,20,134.1,177.0,20,144.6,0.0,0.0,0.0,0.0,0.0,42
2023-05-11 09:03:48,i2401-P-800,i2401-P-800,144.6,0.0,0.0,0.0,20,134.1,176.7,1,144.6,0.0,0.0,0.0,0.0,0.0,42
2023-05-11 09:03:48,i2401-P-800,i2401-P-800,144.6,0.0,0.0,0.0,20,134.1,176.6,20,144.6,0.0,0.0,0.0,0.0,0.0,42
2023-05-11 09:03:49,i2401-P-800,i2401-P-800,144.6,0.0,0.0,0.0,20,134.1,176.3,1,144.6,0.0,0.0,0.0,0.0,0.0,42
2023-05-11 09:03:49,i2401-P-800,i2401-P-800,144.6,0.0,0.0,0.0,20,134.1,176.2,20,144.6,0.0,0.0,0.0,0.0,0.0,42
2023-05-11 09:03:50,i2401-P-800,i2401-P-800,144.6,0.0,0.0,0.0,20,134.1,175.9,1,144.6,0.0,0.0,0.0,0.0,0.0,42
2023-05-11 09:03:50,i2401-P-800,i2401-P-800,144.6,0.0,0.0,0.0,20,134.1,175.8,20,144.6,0.0,0.0,0.0,0.0,0.0,42
2023-05-11 09:03:51,i2401-P-800,i2401-P-800,144.6,0.0,0.0,0.0,20,134.1,175.5,1,144.6,0.0,0.0,0.0,0.0,0.0,42
2023-05-11 09:03:51,i2401-P-800,i2401-P-800,144.6,0.0,0.0,0.0,20,134.1,175.4,20,144.6,0.0,0.0,0.0,0.0,0.0,42
2023-05-11 09:03:52,i2401-P-800,i2401-P-800,144.6,0.0,0.0,0.0,20,134.1,175.1,1,144.6,0.0,0.0,0.0,0.0,0.0,42
2023-05-11 09:03:52,i2401-P-800,i2401-P-800,144.6,0.0,0.0,0.0,20,134.1,175.0,20,144.6,0.0,0.0,0.0,0.0,0.0,42
2023-05-11 09:03:53,i2401-P-800,i2401-P-800,144.6,0.0,0.0,0.0,20,134.1,174.7,1,144.6,0.0,0.0,0.0,0.0,0.0,42
2023-05-11 09:03:53,i2401-P-800,i2401-P-800,144.6,0.0,0.0,0.0,20,134.1,174.6,20,144.6,0.0,0.0,0.0,0.0,0.0,42
2023-05-11 09:03:54,i2401-P-800,i2401-P-800,144.6,0.0,0.0,0.0,20,134.1,174.3,1,144.6,0.0,0.0,0.0,0.0,0.0,42
2023-05-11 09:03:54,i2401-P-800,i2401-P-800,144.6,0.0,0.0,0.0,20,134.1,174.2,20,144.6,0.0,0.0,0.0,0.0,0.0,42
2023-05-11 09:03:55,i2401-P-800,i2401-P-800,144.6,0.0,0.0,0.0,20,134.1,173.9,1,144.6,0.0,0.0,0.0,0.0,0.0,42
2023-05-11 09:03:55,i2401-P-800,i2401-P-800,144.6,0.0,0.0,0.0,20,134.1,173.8,20,144.6,0.0,0.0,0.0,0.0,0.0,42
2023-05-11 09:03:56,i2401-P-800,i2401-P-800,144.6,0.0,0.0,0.0,20,134.1,173.5,1,144.6,0.0,0.0,0.0,0.0,0.0,42
2023-05-11 09:03:56,i2401-P-800,i2401-P-800,144.6,0.0,0.0,0.0,20,134.1,173.4,20,144.6,0.0,0.0,0.0,0.0,0.0,42
2023-05-11 09:03:57,i2401-P-800,i2401-P-800,144.6,0.0,0.0,0.0,20,134.1,173.1,1,144.6,0.0,0.0,0.0,0.0,0.0,42
2023-05-11 09:03:57,i2401-P-800,i2401-P-800,144.6,0.0,0.0,0.0,20,134.1,173.0,20,144.6,0.0,0.0,0.0,0.0,0.0,42
2023-05-11 09:03:58,i2401-P-800,i2401-P-800,144.6,0.0,0.0,0.0,20,134.1,172.7,1,144.6,0.0,0.0,0.0,0.0,0.0,42
2023-05-11 09:03:58,i2401-P-800,i2401-P-800,144.6,0.0,0.0,0.0,20,134.1,172.6,20,144.6,0.0,0.0,0.0,0.0,0.0,42
2023-05-11 09:03:59,i2401-P-800,i2401-P-800,144.6,0.0,0.0,0.0,20,134.1,172.3,1,144.6,0.0,0.0,0.0,0.0,0.0,42
2023-05-11 09:03:59,i2401-P-800,i2401-P-800,144.6,0.0,0.0,0.0,20,134.1,172.2,20,144.6,0.0,0.0,0.0,0.0,0.0,42
2023-05-11 09:04:00,i2401-P-800,i2401-P-800,144.6,0.0,0.0,0.0,20,134.1,171.9,1,144.6,0.0,0.0,0.0,0.0,0.0,42
2023-05-11 09:04:00,i2401-P-800,i2401-P-800,144.6,0.0,0.0,0.0,20,134.1,171.8,20,144.6,0.0,0.0,0.0,0.0,0.0,42
2023-05-11 09:04:01,i2401-P-800,i2401-P-800,144.6,0.0,0.0,0.0,20,134.1,171.5,1,144.6,0.0,0.0,0.0,0.0,0.0,42
2023-05-11 09:04:01,i2401-P-800,i2401-P-800,144.6,0.0,0.0,0.0,20,134.1,171.4,20,144.6,0.0,0.0,0.0,0.0,0.0,42
2023-05-11 09:04:11,i2401-P-800,i2401-P-800,144.6,0.0,0.0,0.0,20,134.1,171.1,1,144.6,0.0,0.0,0.0,0.0,0.0,42
2023-05-11 09:04:11,i2401-P-800,i2401-P-800,144.6,0.0,0.0,0.0,20,134.1,171.0,20,144.6,0.0,0.0,0.0,0.0,0.0,42
2023-05-11 09:04:12,i2401-P-800,i2401-P-800,144.6,0.0,0.0,0.0,20,134.1,170.7,1,144.6,0.0,0.0,0.0,0.0,0.0,42
2023-05-11 09:04:12,i2401-P-800,i2401-P-800,144.6,0.0,0.0,0.0,20,134.1,170.6,20,144.6,0.0,0.0,0.0,0.0,0.0,42
2023-05-11 09:10:19,i2401-P-800,i2401-P-800,144.6,0.0,0.0,0.0,1,139.0,170.6,20,144.6,0.0,0.0,0.0,0.0,0.0,42
2023-05-11 09:10:20,i2401-P-800,i2401-P-800,144.6,0.0,0.0,0.0,20,139.1,170.6,20,144.6,0.0,0.0,0.0,0.0,0.0,42
2023-05-11 09:24:11,i2401-P-800,i2401-P-800,144.6,0.0,0.0,0.0,20,139.1,170.3,1,144.6,0.0,0.0,0.0,0.0,0.0,42
2023-05-11 09:24:11,i2401-P-800,i2401-P-800,144.6,0.0,0.0,0.0,20,139.1,170.2,20,144.6,0.0,0.0,0.0,0.0,0.0,42
2023-05-11 09:24:12,i2401-P-800,i2401-P-800,144.6,0.0,0.0,0.0,20,139.1,169.9,1,144.6,0.0,0.0,0.0,0.0,0.0,42
2023-05-11 09:24:12,i2401-P-800,i2401-P-800,144.6,0.0,0.0,0.0,20,139.1,169.8,20,144.6,0.0,0.0,0.0,0.0,0.0,42
2023-05-11 10:14:32,i2401-P-800,i2401-P-800,144.6,0.0,0.0,0.0,1,139.0,0.0,0,144.6,0.0,0.0,0.0,0.0,0.0,42
2023-05-11 10:30:06,i2401-P-800,i2401-P-800,144.6,0.0,0.0,0.0,20,139.1,0.0,0,144.6,0.0,0.0,0.0,0.0,0.0,42
2023-05-11 10:32:01,i2401-P-800,i2401-P-800,144.6,0.0,0.0,0.0,20,139.1,218.3,1,144.6,0.0,0.0,0.0,0.0,0.0,42
2023-05-11 10:32:01,i2401-P-800,i2401-P-800,144.6,0.0,0.0,0.0,20,139.1,218.2,20,144.6,0.0,0.0,0.0,0.0,0.0,42
2023-05-11 10:32:03,i2401-P-800,i2401-P-800,144.6,0.0,0.0,0.0,20,139.1,217.9,1,144.6,0.0,0.0,0.0,0.0,0.0,42
2023-05-11 10:32:03,i2401-P-800,i2401-P-800,144.6,0.0,0.0,0.0,20,139.1,217.8,20,144.6,0.0,0.0,0.0,0.0,0.0,42
2023-05-11 10:32:05,i2401-P-800,i2401-P-800,144.6,0.0,0.0,0.0,20,139.1,217.5,1,144.6,0.0,0.0,0.0,0.0,0.0,42
2023-05-11 10:32:05,i2401-P-800,i2401-P-800,144.6,0.0,0.0,0.0,20,139.1,217.4,20,144.6,0.0,0.0,0.0,0.0,0.0,42
2023-05-11 10:32:06,i2401-P-800,i2401-P-800,144.6,0.0,0.0,0.0,20,139.1,217.1,1,144.6,0.0,0.0,0.0,0.0,0.0,42
2023-05-11 10:32:06,i2401-P-800,i2401-P-800,144.6,0.0,0.0,0.0,20,139.1,217.0,20,144.6,0.0,0.0,0.0,0.0,0.0,42
2023-05-11 10:32:07,i2401-P-800,i2401-P-800,144.6,0.0,0.0,0.0,20,139.1,216.7,1,144.6,0.0,0.0,0.0,0.0,0.0,42
2023-05-11 10:32:07,i2401-P-800,i2401-P-800,144.6,0.0,0.0,0.0,20,139.1,216.6,20,144.6,0.0,0.0,0.0,0.0,0.0,42
2023-05-11 10:32:08,i2401-P-800,i2401-P-800,144.6,0.0,0.0,0.0,20,139.1,216.3,1,144.6,0.0,0.0,0.0,0.0,0.0,42
2023-05-11 10:32:08,i2401-P-800,i2401-P-800,144.6,0.0,0.0,0.0,20,139.1,216.2,20,144.6,0.0,0.0,0.0,0.0,0.0,42
2023-05-11 10:32:09,i2401-P-800,i2401-P-800,144.6,0.0,0.0,0.0,20,139.1,215.9,1,144.6,0.0,0.0,0.0,0.0,0.0,42
2023-05-11 10:32:09,i2401-P-800,i2401-P-800,144.6,0.0,0.0,0.0,20,139.1,215.8,20,144.6,0.0,0.0,0.0,0.0,0.0,42
2023-05-11 10:32:10,i2401-P-800,i2401-P-800,144.6,0.0,0.0,0.0,20,139.1,215.5,1,144.6,0.0,0.0,0.0,0.0,0.0,42
2023-05-11 10:32:10,i2401-P-800,i2401-P-800,144.6,0.0,0.0,0.0,20,139.1,215.4,20,144.6,0.0,0.0,0.0,0.0,0.0,42
2023-05-11 10:32:11,i2401-P-800,i2401-P-800,144.6,0.0,0.0,0.0,20,139.1,215.1,1,144.6,0.0,0.0,0.0,0.0,0.0,42
2023-05-11 10:32:11,i2401-P-800,i2401-P-800,144.6,0.0,0.0,0.0,20,139.1,215.0,20,144.6,0.0,0.0,0.0,0.0,0.0,42
2023-05-11 10:32:12,i2401-P-800,i2401-P-800,144.6,0.0,0.0,0.0,20,139.1,214.7,1,144.6,0.0,0.0,0.0,0.0,0.0,42
2023-05-11 10:32:12,i2401-P-800,i2401-P-800,144.6,0.0,0.0,0.0,20,139.1,214.6,20,144.6,0.0,0.0,0.0,0.0,0.0,42
2023-05-11 10:44:11,i2401-P-800,i2401-P-800,144.6,0.0,0.0,0.0,20,139.1,214.3,1,144.6,0.0,0.0,0.0,0.0,0.0,42
2023-05-11 10:44:11,i2401-P-800,i2401-P-800,144.6,0.0,0.0,0.0,20,139.1,214.2,20,144.6,0.0,0.0,0.0,0.0,0.0,42
2023-05-11 10:44:12,i2401-P-800,i2401-P-800,144.6,0.0,0.0,0.0,20,139.1,213.9,1,144.6,0.0,0.0,0.0,0.0,0.0,42
2023-05-11 10:44:12,i2401-P-800,i2401-P-800,144.6,0.0,0.0,0.0,20,139.1,213.8,20,144.6,0.0,0.0,0.0,0.0,0.0,42
2023-05-11 10:44:13,i2401-P-800,i2401-P-800,144.6,0.0,0.0,0.0,20,139.1,213.5,1,144.6,0.0,0.0,0.0,0.0,0.0,42
2023-05-11 10:44:13,i2401-P-800,i2401-P-800,144.6,0.0,0.0,0.0,20,139.1,213.4,20,144.6,0.0,0.0,0.0,0.0,0.0,42
2023-05-11 10:44:14,i2401-P-800,i2401-P-800,144.6,0.0,0.0,0.0,20,139.1,213.1,1,144.6,0.0,0.0,0.0,0.0,0.0,42
2023-05-11 10:44:14,i2401-P-800,i2401-P-800,144.6,0.0,0.0,0.0,20,139.1,213.0,20,144.6,0.0,0.0,0.0,0.0,0.0,42
2023-05-11 10:44:15,i2401-P-800,i2401-P-800,144.6,0.0,0.0,0.0,20,139.1,212.7,1,144.6,0.0,0.0,0.0,0.0,0.0,42
2023-05-11 10:44:15,i2401-P-800,i2401-P-800,144.6,0.0,0.0,0.0,20,139.1,212.6,20,144.6,0.0,0.0,0.0,0.0,0.0,42
2023-05-11 10:44:16,i2401-P-800,i2401-P-800,144.6,0.0,0.0,0.0,20,139.1,212.2,20,144.6,0.0,0.0,0.0,0.0,0.0,42
2023-05-11 10:44:16,i2401-P-800,i2401-P-800,144.6,0.0,0.0,0.0,20,139.1,211.9,1,144.6,0.0,0.0,0.0,0.0,0.0,42
2023-05-11 10:44:16,i2401-P-800,i2401-P-800,144.6,0.0,0.0,0.0,20,139.1,211.8,20,144.6,0.0,0.0,0.0,0.0,0.0,42
2023-05-11 10:44:19,i2401-P-800,i2401-P-800,144.6,0.0,0.0,0.0,20,139.1,211.5,1,144.6,0.0,0.0,0.0,0.0,0.0,42
2023-05-11 10:44:19,i2401-P-800,i2401-P-800,144.6,0.0,0.0,0.0,20,139.1,211.4,20,144.6,0.0,0.0,0.0,0.0,0.0,42
2023-05-11 10:44:20,i2401-P-800,i2401-P-800,144.6,0.0,0.0,0.0,20,139.1,211.1,1,144.6,0.0,0.0,0.0,0.0,0.0,42
2023-05-11 10:44:20,i2401-P-800,i2401-P-800,144.6,0.0,0.0,0.0,20,139.1,211.0,20,144.6,0.0,0.0,0.0,0.0,0.0,42
2023-05-11 10:44:21,i2401-P-800,i2401-P-800,144.6,0.0,0.0,0.0,20,139.1,210.7,1,144.6,0.0,0.0,0.0,0.0,0.0,42
2023-05-11 10:44:21,i2401-P-800,i2401-P-800,144.6,0.0,0.0,0.0,20,139.1,210.6,20,144.6,0.0,0.0,0.0,0.0,0.0,42
2023-05-11 11:04:11,i2401-P-800,i2401-P-800,144.6,0.0,0.0,0.0,20,139.1,210.3,1,144.6,0.0,0.0,0.0,0.0,0.0,42
2023-05-11 11:04:11,i2401-P-800,i2401-P-800,144.6,0.0,0.0,0.0,20,139.1,210.2,20,144.6,0.0,0.0,0.0,0.0,0.0,42
2023-05-11 11:04:12,i2401-P-800,i2401-P-800,144.6,0.0,0.0,0.0,20,139.1,209.9,1,144.6,0.0,0.0,0.0,0.0,0.0,42
2023-05-11 11:04:12,i2401-P-800,i2401-P-800,144.6,0.0,0.0,0.0,20,139.1,209.8,20,144.6,0.0,0.0,0.0,0.0,0.0,42
2023-05-11 11:04:13,i2401-P-800,i2401-P-800,144.6,0.0,0.0,0.0,20,139.1,209.5,1,144.6,0.0,0.0,0.0,0.0,0.0,42
2023-05-11 11:04:13,i2401-P-800,i2401-P-800,144.6,0.0,0.0,0.0,20,139.1,209.4,20,144.6,0.0,0.0,0.0,0.0,0.0,42
2023-05-11 11:04:14,i2401-P-800,i2401-P-800,144.6,0.0,0.0,0.0,20,139.1,209.1,1,144.6,0.0,0.0,0.0,0.0,0.0,42
2023-05-11 11:04:14,i2401-P-800,i2401-P-800,144.6,0.0,0.0,0.0,20,139.1,209.0,20,144.6,0.0,0.0,0.0,0.0,0.0,42
2023-05-11 11:04:15,i2401-P-800,i2401-P-800,144.6,0.0,0.0,0.0,20,139.1,208.7,1,144.6,0.0,0.0,0.0,0.0,0.0,42
2023-05-11 11:04:15,i2401-P-800,i2401-P-800,144.6,0.0,0.0,0.0,20,139.1,208.6,20,144.6,0.0,0.0,0.0,0.0,0.0,42
2023-05-11 11:04:16,i2401-P-800,i2401-P-800,144.6,0.0,0.0,0.0,20,139.1,208.3,1,144.6,0.0,0.0,0.0,0.0,0.0,42
2023-05-11 11:04:16,i2401-P-800,i2401-P-800,144.6,0.0,0.0,0.0,20,139.1,208.2,20,144.6,0.0,0.0,0.0,0.0,0.0,42
2023-05-11 11:04:17,i2401-P-800,i2401-P-800,144.6,0.0,0.0,0.0,20,139.1,207.9,1,144.6,0.0,0.0,0.0,0.0,0.0,42
2023-05-11 11:04:17,i2401-P-800,i2401-P-800,144.6,0.0,0.0,0.0,20,139.1,207.8,20,144.6,0.0,0.0,0.0,0.0,0.0,42
2023-05-11 11:04:18,i2401-P-800,i2401-P-800,144.6,0.0,0.0,0.0,20,139.1,207.5,1,144.6,0.0,0.0,0.0,0.0,0.0,42
2023-05-11 11:04:18,i2401-P-800,i2401-P-800,144.6,0.0,0.0,0.0,20,139.1,207.4,20,144.6,0.0,0.0,0.0,0.0,0.0,42
2023-05-11 11:04:19,i2401-P-800,i2401-P-800,144.6,0.0,0.0,0.0,20,139.1,207.1,1,144.6,0.0,0.0,0.0,0.0,0.0,42
2023-05-11 11:04:19,i2401-P-800,i2401-P-800,144.6,0.0,0.0,0.0,20,139.1,207.0,20,144.6,0.0,0.0,0.0,0.0,0.0,42
2023-05-11 11:04:20,i2401-P-800,i2401-P-800,144.6,0.0,0.0,0.0,20,139.1,206.7,1,144.6,0.0,0.0,0.0,0.0,0.0,42
2023-05-11 11:04:20,i2401-P-800,i2401-P-800,144.6,0.0,0.0,0.0,20,139.1,206.6,20,144.6,0.0,0.0,0.0,0.0,0.0,42
2023-05-11 11:05:23,i2401-P-800,i2401-P-800,144.6,0.0,0.0,0.0,1,139.0,0.0,0,144.6,0.0,0.0,0.0,0.0,0.0,42
2023-05-11 11:07:18,i2401-P-800,i2401-P-800,144.6,0.0,0.0,0.0,20,139.1,0.0,0,144.6,0.0,0.0,0.0,0.0,0.0,42
2023-05-11 11:10:17,i2401-P-800,i2401-P-800,144.6,0.0,0.0,0.0,1,139.0,0.0,0,144.6,0.0,0.0,0.0,0.0,0.0,42
2023-05-11 11:11:32,i2401-P-800,i2401-P-800,144.6,0.0,0.0,0.0,20,139.1,0.0,0,144.6,0.0,0.0,0.0,0.0,0.0,42
2023-05-11 11:24:11,i2401-P-800,i2401-P-800,144.6,0.0,0.0,0.0,20,139.1,218.3,1,144.6,0.0,0.0,0.0,0.0,0.0,42
2023-05-11 11:24:11,i2401-P-800,i2401-P-800,144.6,0.0,0.0,0.0,20,139.1,218.2,20,144.6,0.0,0.0,0.0,0.0,0.0,42
2023-05-11 11:24:12,i2401-P-800,i2401-P-800,144.6,0.0,0.0,0.0,20,139.1,217.9,1,144.6,0.0,0.0,0.0,0.0,0.0,42
2023-05-11 11:24:12,i2401-P-800,i2401-P-800,144.6,0.0,0.0,0.0,20,139.1,217.8,20,144.6,0.0,0.0,0.0,0.0,0.0,42
2023-05-11 11:24:13,i2401-P-800,i2401-P-800,144.6,0.0,0.0,0.0,20,139.1,217.5,1,144.6,0.0,0.0,0.0,0.0,0.0,42
2023-05-11 11:24:13,i2401-P-800,i2401-P-800,144.6,0.0,0.0,0.0,20,139.1,217.4,20,144.6,0.0,0.0,0.0,0.0,0.0,42
2023-05-11 11:24:14,i2401-P-800,i2401-P-800,144.6,0.0,0.0,0.0,20,139.1,217.0,20,144.6,0.0,0.0,0.0,0.0,0.0,42
2023-05-11 11:24:14,i2401-P-800,i2401-P-800,144.6,0.0,0.0,0.0,20,139.1,216.7,1,144.6,0.0,0.0,0.0,0.0,0.0,42
2023-05-11 11:24:14,i2401-P-800,i2401-P-800,144.6,0.0,0.0,0.0,20,139.1,216.6,20,144.6,0.0,0.0,0.0,0.0,0.0,42
2023-05-11 11:24:15,i2401-P-800,i2401-P-800,144.6,0.0,0.0,0.0,20,139.1,216.3,1,144.6,0.0,0.0,0.0,0.0,0.0,42
2023-05-11 11:24:15,i2401-P-800,i2401-P-800,144.6,0.0,0.0,0.0,20,139.1,216.2,20,144.6,0.0,0.0,0.0,0.0,0.0,42
2023-05-11 11:24:18,i2401-P-800,i2401-P-800,144.6,0.0,0.0,0.0,20,139.1,215.9,1,144.6,0.0,0.0,0.0,0.0,0.0,42
2023-05-11 11:24:18,i2401-P-800,i2401-P-800,144.6,0.0,0.0,0.0,20,139.1,215.8,20,144.6,0.0,0.0,0.0,0.0,0.0,42
2023-05-11 11:24:19,i2401-P-800,i2401-P-800,144.6,0.0,0.0,0.0,20,139.1,215.5,1,144.6,0.0,0.0,0.0,0.0,0.0,42
2023-05-11 11:24:19,i2401-P-800,i2401-P-800,144.6,0.0,0.0,0.0,20,139.1,215.4,20,144.6,0.0,0.0,0.0,0.0,0.0,42
2023-05-11 11:24:20,i2401-P-800,i2401-P-800,144.6,0.0,0.0,0.0,20,139.1,215.1,1,144.6,0.0,0.0,0.0,0.0,0.0,42
2023-05-11 11:24:20,i2401-P-800,i2401-P-800,144.6,0.0,0.0,0.0,20,139.1,215.0,20,144.6,0.0,0.0,0.0,0.0,0.0,42
2023-05-11 11:24:21,i2401-P-800,i2401-P-800,144.6,0.0,0.0,0.0,20,139.1,214.7,1,144.6,0.0,0.0,0.0,0.0,0.0,42
2023-05-11 11:24:21,i2401-P-800,i2401-P-800,144.6,0.0,0.0,0.0,20,139.1,214.6,20,144.6,0.0,0.0,0.0,0.0,0.0,42
2023-05-11 11:29:32,i2401-P-800,i2401-P-800,144.6,0.0,0.0,0.0,1,139.0,0.0,0,144.6,0.0,0.0,0.0,0.0,0.0,42
2023-05-11 13:32:01,i2401-P-800,i2401-P-800,144.6,0.0,0.0,0.0,20,139.1,218.2,20,144.6,0.0,0.0,0.0,0.0,0.0,42
2023-05-11 13:32:02,i2401-P-800,i2401-P-800,144.6,0.0,0.0,0.0,20,139.1,217.9,1,144.6,0.0,0.0,0.0,0.0,0.0,42
2023-05-11 13:32:02,i2401-P-800,i2401-P-800,144.6,0.0,0.0,0.0,20,139.1,217.8,20,144.6,0.0,0.0,0.0,0.0,0.0,42
2023-05-11 13:32:03,i2401-P-800,i2401-P-800,144.6,0.0,0.0,0.0,20,139.1,217.5,1,144.6,0.0,0.0,0.0,0.0,0.0,42
2023-05-11 13:32:03,i2401-P-800,i2401-P-800,144.6,0.0,0.0,0.0,20,139.1,217.4,20,144.6,0.0,0.0,0.0,0.0,0.0,42
2023-05-11 13:32:04,i2401-P-800,i2401-P-800,144.6,0.0,0.0,0.0,20,139.1,217.1,1,144.6,0.0,0.0,0.0,0.0,0.0,42
2023-05-11 13:32:04,i2401-P-800,i2401-P-800,144.6,0.0,0.0,0.0,20,139.1,217.0,20,144.6,0.0,0.0,0.0,0.0,0.0,42
2023-05-11 13:32:05,i2401-P-800,i2401-P-800,144.6,0.0,0.0,0.0,20,139.1,216.7,1,144.6,0.0,0.0,0.0,0.0,0.0,42
2023-05-11 13:32:05,i2401-P-800,i2401-P-800,144.6,0.0,0.0,0.0,20,139.1,216.6,20,144.6,0.0,0.0,0.0,0.0,0.0,42
2023-05-11 13:32:06,i2401-P-800,i2401-P-800,144.6,0.0,0.0,0.0,20,139.1,216.3,1,144.6,0.0,0.0,0.0,0.0,0.0,42
2023-05-11 13:32:06,i2401-P-800,i2401-P-800,144.6,0.0,0.0,0.0,20,139.1,216.2,20,144.6,0.0,0.0,0.0,0.0,0.0,42
2023-05-11 13:32:08,i2401-P-800,i2401-P-800,144.6,0.0,0.0,0.0,20,139.1,215.9,1,144.6,0.0,0.0,0.0,0.0,0.0,42
2023-05-11 13:32:08,i2401-P-800,i2401-P-800,144.6,0.0,0.0,0.0,20,139.1,215.8,20,144.6,0.0,0.0,0.0,0.0,0.0,42
2023-05-11 13:32:09,i2401-P-800,i2401-P-800,144.6,0.0,0.0,0.0,20,139.1,215.5,1,144.6,0.0,0.0,0.0,0.0,0.0,42
2023-05-11 13:32:10,i2401-P-800,i2401-P-800,144.6,0.0,0.0,0.0,20,139.1,215.4,20,144.6,0.0,0.0,0.0,0.0,0.0,42
2023-05-11 13:32:10,i2401-P-800,i2401-P-800,144.6,0.0,0.0,0.0,20,139.1,215.1,1,144.6,0.0,0.0,0.0,0.0,0.0,42
2023-05-11 13:32:10,i2401-P-800,i2401-P-800,144.6,0.0,0.0,0.0,20,139.1,215.0,20,144.6,0.0,0.0,0.0,0.0,0.0,42
2023-05-11 13:32:11,i2401-P-800,i2401-P-800,144.6,0.0,0.0,0.0,20,139.1,214.7,1,144.6,0.0,0.0,0.0,0.0,0.0,42
2023-05-11 13:32:11,i2401-P-800,i2401-P-800,144.6,0.0,0.0,0.0,20,139.1,214.6,20,144.6,0.0,0.0,0.0,0.0,0.0,42
2023-05-11 14:23:11,i2401-P-800,i2401-P-800,144.6,0.0,0.0,0.0,1,139.0,0.0,0,144.6,0.0,0.0,0.0,0.0,0.0,42
2023-05-11 14:23:51,i2401-P-800,i2401-P-800,144.6,0.0,0.0,0.0,20,139.1,0.0,0,144.6,0.0,0.0,0.0,0.0,0.0,42
2023-05-11 14:39:15,i2401-P-800,i2401-P-800,144.6,0.0,0.0,0.0,1,139.0,0.0,0,144.6,0.0,0.0,0.0,0.0,0.0,42
2023-05-11 14:46:52,i2401-P-800,i2401-P-800,144.6,0.0,0.0,0.0,20,139.1,0.0,0,144.6,0.0,0.0,0.0,0.0,0.0,42
2023-05-11 14:54:06,i2401-P-800,i2401-P-800,144.6,0.0,0.0,0.0,1,139.2,0.0,0,144.6,0.0,0.0,0.0,0.0,0.0,42
2023-05-11 14:54:06,i2401-P-800,i2401-P-800,144.6,0.0,0.0,0.0,20,139.3,0.0,0,144.6,0.0,0.0,0.0,0.0,0.0,42
2023-05-11 14:58:49,i2401-P-800,i2401-P-800,144.6,0.0,0.0,0.0,1,139.2,0.0,0,144.6,0.0,0.0,0.0,0.0,0.0,42
2023-05-11 15:01:09,i2401-P-800,i2401-P-800,144.6,0.0,0.0,0.0,1,139.2,0.0,0,144.6,0.0,0.0,0.0,0.0,0.0,42
