time,symbol_id,symbol_name,last,trade_volume,trade_amount,open_interest_change,bv1,bp1,ap1,av1,yesterday_close,today_open,today_high,today_low,volume,amount,open_interest
2023-05-10 20:56:28,i2401-C-780,i2401-C-780,22.9,0.0,0.0,0.0,24,6.0,0.0,0,22.9,19.7,0.0,0.0,0.0,0.0,128
2023-05-10 21:00:04,i2401-C-780,i2401-C-780,22.9,0.0,0.0,0.0,1,9.8,36.3,1,22.9,19.7,0.0,0.0,0.0,0.0,128
2023-05-10 21:00:06,i2401-C-780,i2401-C-780,22.9,0.0,0.0,0.0,21,9.9,36.2,20,22.9,19.7,0.0,0.0,0.0,0.0,128
2023-05-10 21:00:06,i2401-C-780,i2401-C-780,22.9,0.0,0.0,0.0,1,13.7,32.4,1,22.9,19.7,0.0,0.0,0.0,0.0,128
2023-05-10 21:00:07,i2401-C-780,i2401-C-780,22.9,0.0,0.0,0.0,20,13.8,32.3,20,22.9,19.7,0.0,0.0,0.0,0.0,128
2023-05-10 21:00:07,i2401-C-780,i2401-C-780,22.9,0.0,0.0,0.0,1,17.6,28.5,1,22.9,19.7,0.0,0.0,0.0,0.0,128
2023-05-10 21:00:08,i2401-C-780,i2401-C-780,22.9,0.0,0.0,0.0,20,17.7,28.4,20,22.9,19.7,0.0,0.0,0.0,0.0,128
2023-05-10 21:00:09,i2401-C-780,i2401-C-780,22.9,0.0,0.0,0.0,1,21.5,24.6,1,22.9,19.7,0.0,0.0,0.0,0.0,128
2023-05-10 21:00:15,i2401-C-780,i2401-C-780,22.9,0.0,0.0,0.0,20,9.9,24.6,1,22.9,19.7,0.0,0.0,0.0,0.0,128
2023-05-10 21:00:15,i2401-C-780,i2401-C-780,22.9,0.0,0.0,0.0,1,13.7,24.6,1,22.9,19.7,0.0,0.0,0.0,0.0,128
2023-05-10 21:00:16,i2401-C-780,i2401-C-780,22.9,0.0,0.0,0.0,1,17.6,24.6,1,22.9,19.7,0.0,0.0,0.0,0.0,128
2023-05-10 21:00:16,i2401-C-780,i2401-C-780,22.9,0.0,0.0,0.0,20,17.7,24.6,1,22.9,19.7,0.0,0.0,0.0,0.0,128
2023-05-10 21:00:17,i2401-C-780,i2401-C-780,22.9,0.0,0.0,0.0,1,21.5,24.6,1,22.9,19.7,0.0,0.0,0.0,0.0,128
2023-05-10 21:00:23,i2401-C-780,i2401-C-780,22.9,0.0,0.0,0.0,20,9.9,24.6,1,22.9,19.7,0.0,0.0,0.0,0.0,128
2023-05-10 21:00:24,i2401-C-780,i2401-C-780,22.9,0.0,0.0,0.0,1,13.7,24.6,1,22.9,19.7,0.0,0.0,0.0,0.0,128
2023-05-10 21:00:25,i2401-C-780,i2401-C-780,22.9,0.0,0.0,0.0,1,17.6,24.6,1,22.9,19.7,0.0,0.0,0.0,0.0,128
2023-05-10 21:00:25,i2401-C-780,i2401-C-780,22.9,0.0,0.0,0.0,20,17.7,24.6,1,22.9,19.7,0.0,0.0,0.0,0.0,128
2023-05-10 21:00:26,i2401-C-780,i2401-C-780,22.9,0.0,0.0,0.0,1,21.5,24.6,1,22.9,19.7,0.0,0.0,0.0,0.0,128
2023-05-10 21:00:32,i2401-C-780,i2401-C-780,22.9,0.0,0.0,0.0,24,6.0,24.6,1,22.9,19.7,0.0,0.0,0.0,0.0,128
2023-05-10 21:00:32,i2401-C-780,i2401-C-780,22.9,0.0,0.0,0.0,20,6.1,24.6,1,22.9,19.7,0.0,0.0,0.0,0.0,128
2023-05-10 21:00:33,i2401-C-780,i2401-C-780,22.9,0.0,0.0,0.0,1,9.9,24.6,1,22.9,19.7,0.0,0.0,0.0,0.0,128
2023-05-10 21:00:33,i2401-C-780,i2401-C-780,22.9,0.0,0.0,0.0,20,10.0,24.6,1,22.9,19.7,0.0,0.0,0.0,0.0,128
2023-05-10 21:00:34,i2401-C-780,i2401-C-780,22.9,0.0,0.0,0.0,1,13.8,24.6,1,22.9,19.7,0.0,0.0,0.0,0.0,128
2023-05-10 21:00:34,i2401-C-780,i2401-C-780,22.9,0.0,0.0,0.0,20,13.9,24.6,1,22.9,19.7,0.0,0.0,0.0,0.0,128
2023-05-10 21:00:35,i2401-C-780,i2401-C-780,22.9,0.0,0.0,0.0,1,17.7,24.6,1,22.9,19.7,0.0,0.0,0.0,0.0,128
2023-05-10 21:00:36,i2401-C-780,i2401-C-780,22.9,0.0,0.0,0.0,1,21.6,24.6,1,22.9,19.7,0.0,0.0,0.0,0.0,128
2023-05-10 21:00:45,i2401-C-780,i2401-C-780,22.9,0.0,0.0,0.0,20,17.8,24.6,1,22.9,19.7,0.0,0.0,0.0,0.0,128
2023-05-10 21:00:46,i2401-C-780,i2401-C-780,22.9,0.0,0.0,0.0,1,21.6,24.6,1,22.9,19.7,0.0,0.0,0.0,0.0,128
2023-05-10 21:00:52,i2401-C-780,i2401-C-780,22.9,0.0,0.0,0.0,1,17.7,24.6,1,22.9,19.7,0.0,0.0,0.0,0.0,128
2023-05-10 21:00:52,i2401-C-780,i2401-C-780,22.9,0.0,0.0,0.0,10,22.5,23.6,10,22.9,19.7,0.0,0.0,0.0,0.0,128
2023-05-10 21:01:00,i2401-C-780,i2401-C-780,22.9,0.0,0.0,0.0,10,22.4,23.4,10,22.9,19.7,0.0,0.0,0.0,0.0,128
2023-05-10 21:01:37,i2401-C-780,i2401-C-780,22.9,0.0,0.0,0.0,10,22.6,23.6,10,22.9,19.7,0.0,0.0,0.0,0.0,128
2023-05-10 21:01:51,i2401-C-780,i2401-C-780,22.9,0.0,0.0,0.0,10,22.4,23.5,10,22.9,19.7,0.0,0.0,0.0,0.0,128
2023-05-10 21:02:16,i2401-C-780,i2401-C-780,22.9,0.0,0.0,0.0,10,22.6,23.6,10,22.9,19.7,0.0,0.0,0.0,0.0,128
2023-05-10 21:02:34,i2401-C-780,i2401-C-780,22.9,0.0,0.0,0.0,20,22.6,23.6,20,22.9,19.7,0.0,0.0,0.0,0.0,128
2023-05-10 21:03:30,i2401-C-780,i2401-C-780,22.9,0.0,0.0,0.0,35,22.6,23.6,20,22.9,19.7,0.0,0.0,0.0,0.0,128
2023-05-10 21:03:34,i2401-C-780,i2401-C-780,22.9,0.0,0.0,0.0,20,22.6,23.6,20,22.9,19.7,0.0,0.0,0.0,0.0,128
2023-05-10 21:04:32,i2401-C-780,i2401-C-780,22.9,0.0,0.0,0.0,20,22.8,23.5,20,22.9,19.7,0.0,0.0,0.0,0.0,128
2023-05-10 21:04:33,i2401-C-780,i2401-C-780,22.9,0.0,0.0,0.0,10,22.8,23.5,20,22.9,19.7,0.0,0.0,0.0,0.0,128
2023-05-10 21:04:37,i2401-C-780,i2401-C-780,22.9,0.0,0.0,0.0,10,22.8,23.5,10,22.9,19.7,0.0,0.0,0.0,0.0,128
2023-05-10 21:04:37,i2401-C-780,i2401-C-780,22.9,0.0,0.0,0.0,20,22.8,23.5,20,22.9,19.7,0.0,0.0,0.0,0.0,128
2023-05-10 21:04:57,i2401-C-780,i2401-C-780,22.9,0.0,0.0,0.0,30,22.8,23.5,20,22.9,19.7,0.0,0.0,0.0,0.0,128
2023-05-10 21:05:00,i2401-C-780,i2401-C-780,22.9,0.0,0.0,0.0,10,22.9,23.5,10,22.9,19.7,0.0,0.0,0.0,0.0,128
2023-05-10 21:05:02,i2401-C-780,i2401-C-780,22.9,0.0,0.0,0.0,20,22.9,23.5,10,22.9,19.7,0.0,0.0,0.0,0.0,128
2023-05-10 21:05:05,i2401-C-780,i2401-C-780,22.9,0.0,0.0,0.0,30,22.9,23.6,40,22.9,19.7,0.0,0.0,0.0,0.0,128
2023-05-10 21:05:38,i2401-C-780,i2401-C-780,22.9,0.0,0.0,0.0,30,22.9,23.6,30,22.9,19.7,0.0,0.0,0.0,0.0,128
2023-05-10 21:05:42,i2401-C-780,i2401-C-780,22.9,0.0,0.0,0.0,10,23.0,23.6,20,22.9,19.7,0.0,0.0,0.0,0.0,128
2023-05-10 21:05:42,i2401-C-780,i2401-C-780,22.9,0.0,0.0,0.0,20,23.0,23.6,10,22.9,19.7,0.0,0.0,0.0,0.0,128
2023-05-10 21:05:43,i2401-C-780,i2401-C-780,22.9,0.0,0.0,0.0,30,23.0,23.6,20,22.9,19.7,0.0,0.0,0.0,0.0,128
2023-05-10 21:05:49,i2401-C-780,i2401-C-780,22.9,0.0,0.0,0.0,30,23.0,23.6,10,22.9,19.7,0.0,0.0,0.0,0.0,128
2023-05-10 21:05:49,i2401-C-780,i2401-C-780,22.9,0.0,0.0,0.0,20,23.0,23.6,10,22.9,19.7,0.0,0.0,0.0,0.0,128
2023-05-10 21:05:51,i2401-C-780,i2401-C-780,22.9,0.0,0.0,0.0,30,23.0,23.6,10,22.9,19.7,0.0,0.0,0.0,0.0,128
2023-05-10 21:05:55,i2401-C-780,i2401-C-780,22.9,0.0,0.0,0.0,30,23.0,23.6,20,22.9,19.7,0.0,0.0,0.0,0.0,128
2023-05-10 21:05:57,i2401-C-780,i2401-C-780,22.9,0.0,0.0,0.0,30,23.0,23.6,10,22.9,19.7,0.0,0.0,0.0,0.0,128
2023-05-10 21:05:58,i2401-C-780,i2401-C-780,22.9,0.0,0.0,0.0,30,23.0,23.6,20,22.9,19.7,0.0,0.0,0.0,0.0,128
2023-05-10 21:06:02,i2401-C-780,i2401-C-780,22.9,0.0,0.0,0.0,30,23.0,23.6,10,22.9,19.7,0.0,0.0,0.0,0.0,128
2023-05-10 21:06:04,i2401-C-780,i2401-C-780,22.9,0.0,0.0,0.0,30,23.0,23.6,20,22.9,19.7,0.0,0.0,0.0,0.0,128
2023-05-10 21:06:18,i2401-C-780,i2401-C-780,22.9,0.0,0.0,0.0,20,23.0,23.6,20,22.9,19.7,0.0,0.0,0.0,0.0,128
2023-05-10 21:06:21,i2401-C-780,i2401-C-780,22.9,0.0,0.0,0.0,20,23.0,23.6,10,22.9,19.7,0.0,0.0,0.0,0.0,128
2023-05-10 21:06:22,i2401-C-780,i2401-C-780,22.9,0.0,0.0,0.0,10,23.1,23.6,10,22.9,19.7,0.0,0.0,0.0,0.0,128
2023-05-10 21:06:25,i2401-C-780,i2401-C-780,22.9,0.0,0.0,0.0,20,23.1,23.6,20,22.9,19.7,0.0,0.0,0.0,0.0,128
2023-05-10 21:06:26,i2401-C-780,i2401-C-780,22.9,0.0,0.0,0.0,20,22.9,23.6,20,22.9,19.7,0.0,0.0,0.0,0.0,128
2023-05-10 21:06:26,i2401-C-780,i2401-C-780,22.9,0.0,0.0,0.0,20,22.9,23.6,30,22.9,19.7,0.0,0.0,0.0,0.0,128
2023-05-10 21:06:28,i2401-C-780,i2401-C-780,22.9,0.0,0.0,0.0,30,22.9,23.6,40,22.9,19.7,0.0,0.0,0.0,0.0,128
2023-05-10 21:06:31,i2401-C-780,i2401-C-780,22.9,0.0,0.0,0.0,30,22.9,23.4,10,22.9,19.7,0.0,0.0,0.0,0.0,128
2023-05-10 21:06:32,i2401-C-780,i2401-C-780,22.9,0.0,0.0,0.0,10,22.9,23.4,10,22.9,19.7,0.0,0.0,0.0,0.0,128
2023-05-10 21:06:32,i2401-C-780,i2401-C-780,22.9,0.0,0.0,0.0,20,22.8,23.4,10,22.9,19.7,0.0,0.0,0.0,0.0,128
2023-05-10 21:06:34,i2401-C-780,i2401-C-780,22.9,0.0,0.0,0.0,30,22.8,23.4,20,22.9,19.7,0.0,0.0,0.0,0.0,128
2023-05-10 21:06:39,i2401-C-780,i2401-C-780,22.9,0.0,0.0,0.0,20,22.8,23.4,10,22.9,19.7,0.0,0.0,0.0,0.0,128
2023-05-10 21:06:39,i2401-C-780,i2401-C-780,22.9,0.0,0.0,0.0,30,22.8,23.4,10,22.9,19.7,0.0,0.0,0.0,0.0,128
2023-05-10 21:06:42,i2401-C-780,i2401-C-780,22.9,0.0,0.0,0.0,30,22.8,23.4,20,22.9,19.7,0.0,0.0,0.0,0.0,128
2023-05-10 21:06:44,i2401-C-780,i2401-C-780,22.9,0.0,0.0,0.0,30,22.8,23.4,10,22.9,19.7,0.0,0.0,0.0,0.0,128
2023-05-10 21:06:48,i2401-C-780,i2401-C-780,22.9,0.0,0.0,0.0,20,22.8,23.4,10,22.9,19.7,0.0,0.0,0.0,0.0,128
2023-05-10 21:06:49,i2401-C-780,i2401-C-780,22.9,0.0,0.0,0.0,10,22.9,23.4,10,22.9,19.7,0.0,0.0,0.0,0.0,128
2023-05-10 21:06:50,i2401-C-780,i2401-C-780,22.9,0.0,0.0,0.0,20,22.9,23.4,10,22.9,19.7,0.0,0.0,0.0,0.0,128
2023-05-10 21:06:54,i2401-C-780,i2401-C-780,22.9,0.0,0.0,0.0,10,22.9,23.4,10,22.9,19.7,0.0,0.0,0.0,0.0,128
2023-05-10 21:06:54,i2401-C-780,i2401-C-780,22.9,0.0,0.0,0.0,20,22.9,23.4,10,22.9,19.7,0.0,0.0,0.0,0.0,128
2023-05-10 21:07:02,i2401-C-780,i2401-C-780,22.9,0.0,0.0,0.0,35,22.9,23.4,10,22.9,19.7,0.0,0.0,0.0,0.0,128
2023-05-10 21:07:09,i2401-C-780,i2401-C-780,22.9,0.0,0.0,0.0,35,22.9,23.5,10,22.9,19.7,0.0,0.0,0.0,0.0,128
2023-05-10 21:07:09,i2401-C-780,i2401-C-780,22.9,0.0,0.0,0.0,10,22.9,23.6,10,22.9,19.7,0.0,0.0,0.0,0.0,128
2023-05-10 21:07:11,i2401-C-780,i2401-C-780,22.9,0.0,0.0,0.0,20,22.9,23.6,20,22.9,19.7,0.0,0.0,0.0,0.0,128
2023-05-10 21:07:52,i2401-C-780,i2401-C-780,22.9,0.0,0.0,0.0,10,23.1,23.6,10,22.9,19.7,0.0,0.0,0.0,0.0,128
2023-05-10 21:07:52,i2401-C-780,i2401-C-780,22.9,0.0,0.0,0.0,10,23.0,23.7,20,22.9,19.7,0.0,0.0,0.0,0.0,128
2023-05-10 21:07:54,i2401-C-780,i2401-C-780,22.9,0.0,0.0,0.0,20,23.0,23.7,30,22.9,19.7,0.0,0.0,0.0,0.0,128
2023-05-10 21:07:58,i2401-C-780,i2401-C-780,22.9,0.0,0.0,0.0,10,23.0,23.7,20,22.9,19.7,0.0,0.0,0.0,0.0,128
2023-05-10 21:07:59,i2401-C-780,i2401-C-780,22.9,0.0,0.0,0.0,20,23.0,23.7,30,22.9,19.7,0.0,0.0,0.0,0.0,128
2023-05-10 21:08:10,i2401-C-780,i2401-C-780,22.9,0.0,0.0,0.0,10,22.8,23.5,10,22.9,19.7,0.0,0.0,0.0,0.0,128
2023-05-10 21:08:11,i2401-C-780,i2401-C-780,22.9,0.0,0.0,0.0,10,22.8,23.5,20,22.9,19.7,0.0,0.0,0.0,0.0,128
2023-05-10 21:08:14,i2401-C-780,i2401-C-780,22.9,0.0,0.0,0.0,20,22.7,23.4,20,22.9,19.7,0.0,0.0,0.0,0.0,128
2023-05-10 21:08:14,i2401-C-780,i2401-C-780,22.9,0.0,0.0,0.0,10,22.7,23.4,20,22.9,19.7,0.0,0.0,0.0,0.0,128
2023-05-10 21:08:16,i2401-C-780,i2401-C-780,22.9,0.0,0.0,0.0,20,22.7,23.4,30,22.9,19.7,0.0,0.0,0.0,0.0,128
2023-05-10 21:08:24,i2401-C-780,i2401-C-780,22.9,0.0,0.0,0.0,10,22.7,23.4,30,22.9,19.7,0.0,0.0,0.0,0.0,128
2023-05-10 21:08:25,i2401-C-780,i2401-C-780,22.9,0.0,0.0,0.0,20,22.7,23.4,30,22.9,19.7,0.0,0.0,0.0,0.0,128
2023-05-10 21:08:35,i2401-C-780,i2401-C-780,22.9,0.0,0.0,0.0,10,22.7,23.4,30,22.9,19.7,0.0,0.0,0.0,0.0,128
2023-05-10 21:08:35,i2401-C-780,i2401-C-780,22.9,0.0,0.0,0.0,10,22.7,23.4,40,22.9,19.7,0.0,0.0,0.0,0.0,128
2023-05-10 21:08:36,i2401-C-780,i2401-C-780,22.9,0.0,0.0,0.0,10,22.7,23.4,30,22.9,19.7,0.0,0.0,0.0,0.0,128
2023-05-10 21:08:37,i2401-C-780,i2401-C-780,22.9,0.0,0.0,0.0,20,22.7,23.4,40,22.9,19.7,0.0,0.0,0.0,0.0,128
2023-05-10 21:08:41,i2401-C-780,i2401-C-780,22.9,0.0,0.0,0.0,10,22.7,23.4,40,22.9,19.7,0.0,0.0,0.0,0.0,128
2023-05-10 21:08:42,i2401-C-780,i2401-C-780,22.9,0.0,0.0,0.0,20,22.7,23.4,40,22.9,19.7,0.0,0.0,0.0,0.0,128
2023-05-10 21:08:46,i2401-C-780,i2401-C-780,22.9,0.0,0.0,0.0,10,22.7,23.4,40,22.9,19.7,0.0,0.0,0.0,0.0,128
2023-05-10 21:08:47,i2401-C-780,i2401-C-780,22.9,0.0,0.0,0.0,10,22.7,23.4,30,22.9,19.7,0.0,0.0,0.0,0.0,128
2023-05-10 21:08:49,i2401-C-780,i2401-C-780,22.9,0.0,0.0,0.0,20,22.7,23.4,40,22.9,19.7,0.0,0.0,0.0,0.0,128
2023-05-10 21:09:08,i2401-C-780,i2401-C-780,22.9,0.0,0.0,0.0,10,22.7,23.4,40,22.9,19.7,0.0,0.0,0.0,0.0,128
2023-05-10 21:09:12,i2401-C-780,i2401-C-780,22.9,0.0,0.0,0.0,10,22.6,23.3,10,22.9,19.7,0.0,0.0,0.0,0.0,128
2023-05-10 21:09:12,i2401-C-780,i2401-C-780,22.9,0.0,0.0,0.0,10,22.6,23.2,10,22.9,19.7,0.0,0.0,0.0,0.0,128
2023-05-10 21:09:13,i2401-C-780,i2401-C-780,22.9,0.0,0.0,0.0,10,22.5,23.2,20,22.9,19.7,0.0,0.0,0.0,0.0,128
2023-05-10 21:09:13,i2401-C-780,i2401-C-780,22.9,0.0,0.0,0.0,10,22.5,23.2,30,22.9,19.7,0.0,0.0,0.0,0.0,128
2023-05-10 21:09:15,i2401-C-780,i2401-C-780,22.9,0.0,0.0,0.0,20,22.5,23.2,40,22.9,19.7,0.0,0.0,0.0,0.0,128
2023-05-10 21:09:43,i2401-C-780,i2401-C-780,22.9,0.0,0.0,0.0,20,22.4,23.1,20,22.9,19.7,0.0,0.0,0.0,0.0,128
2023-05-10 21:10:02,i2401-C-780,i2401-C-780,22.9,0.0,0.0,0.0,10,22.3,23.0,10,22.9,19.7,0.0,0.0,0.0,0.0,128
2023-05-10 21:10:06,i2401-C-780,i2401-C-780,22.9,0.0,0.0,0.0,20,22.3,23.0,20,22.9,19.7,0.0,0.0,0.0,0.0,128
2023-05-10 21:10:11,i2401-C-780,i2401-C-780,22.9,0.0,0.0,0.0,20,22.3,22.9,10,22.9,19.7,0.0,0.0,0.0,0.0,128
2023-05-10 21:10:11,i2401-C-780,i2401-C-780,22.9,0.0,0.0,0.0,10,22.3,22.9,10,22.9,19.7,0.0,0.0,0.0,0.0,128
2023-05-10 21:10:13,i2401-C-780,i2401-C-780,22.9,0.0,0.0,0.0,10,22.3,22.9,20,22.9,19.7,0.0,0.0,0.0,0.0,128
2023-05-10 21:10:16,i2401-C-780,i2401-C-780,22.9,0.0,0.0,0.0,10,22.3,22.9,30,22.9,19.7,0.0,0.0,0.0,0.0,128
2023-05-10 21:10:17,i2401-C-780,i2401-C-780,22.9,0.0,0.0,0.0,21,22.2,22.9,40,22.9,19.7,0.0,0.0,0.0,0.0,128
2023-05-10 21:10:22,i2401-C-780,i2401-C-780,22.9,0.0,0.0,0.0,11,22.2,22.9,40,22.9,19.7,0.0,0.0,0.0,0.0,128
2023-05-10 21:10:22,i2401-C-780,i2401-C-780,22.9,0.0,0.0,0.0,11,22.2,22.9,30,22.9,19.7,0.0,0.0,0.0,0.0,128
2023-05-10 21:10:23,i2401-C-780,i2401-C-780,22.9,0.0,0.0,0.0,1,22.2,22.8,20,22.9,19.7,0.0,0.0,0.0,0.0,128
2023-05-10 21:10:23,i2401-C-780,i2401-C-780,22.9,0.0,0.0,0.0,1,22.2,22.8,10,22.9,19.7,0.0,0.0,0.0,0.0,128
2023-05-10 21:10:25,i2401-C-780,i2401-C-780,22.9,0.0,0.0,0.0,1,22.2,22.8,20,22.9,19.7,0.0,0.0,0.0,0.0,128
2023-05-10 21:10:46,i2401-C-780,i2401-C-780,22.9,0.0,0.0,0.0,10,22.3,22.9,10,22.9,19.7,0.0,0.0,0.0,0.0,128
2023-05-10 21:10:48,i2401-C-780,i2401-C-780,22.9,0.0,0.0,0.0,20,22.3,22.9,20,22.9,19.7,0.0,0.0,0.0,0.0,128
2023-05-10 21:10:50,i2401-C-780,i2401-C-780,22.9,0.0,0.0,0.0,21,22.2,22.9,30,22.9,19.7,0.0,0.0,0.0,0.0,128
2023-05-10 21:10:54,i2401-C-780,i2401-C-780,22.9,0.0,0.0,0.0,21,22.2,22.9,40,22.9,19.7,0.0,0.0,0.0,0.0,128
2023-05-10 21:10:58,i2401-C-780,i2401-C-780,22.9,0.0,0.0,0.0,11,22.2,22.8,10,22.9,19.7,0.0,0.0,0.0,0.0,128
2023-05-10 21:10:58,i2401-C-780,i2401-C-780,22.9,0.0,0.0,0.0,1,22.2,22.8,30,22.9,19.7,0.0,0.0,0.0,0.0,128
2023-05-10 21:10:59,i2401-C-780,i2401-C-780,22.9,0.0,0.0,0.0,1,22.2,22.7,10,22.9,19.7,0.0,0.0,0.0,0.0,128
2023-05-10 21:10:59,i2401-C-780,i2401-C-780,22.9,0.0,0.0,0.0,10,22.1,22.7,10,22.9,19.7,0.0,0.0,0.0,0.0,128
2023-05-10 21:10:59,i2401-C-780,i2401-C-780,22.9,0.0,0.0,0.0,20,21.9,22.6,10,22.9,19.7,0.0,0.0,0.0,0.0,128
2023-05-10 21:11:02,i2401-C-780,i2401-C-780,22.9,0.0,0.0,0.0,30,21.9,22.6,20,22.9,19.7,0.0,0.0,0.0,0.0,128
2023-05-10 21:11:03,i2401-C-780,i2401-C-780,22.9,0.0,0.0,0.0,20,21.9,22.6,20,22.9,19.7,0.0,0.0,0.0,0.0,128
2023-05-10 21:11:06,i2401-C-780,i2401-C-780,22.9,0.0,0.0,0.0,10,22.1,22.6,10,22.9,19.7,0.0,0.0,0.0,0.0,128
2023-05-10 21:11:07,i2401-C-780,i2401-C-780,22.9,0.0,0.0,0.0,20,21.9,22.7,20,22.9,19.7,0.0,0.0,0.0,0.0,128
2023-05-10 21:11:11,i2401-C-780,i2401-C-780,22.9,0.0,0.0,0.0,20,21.9,22.7,30,22.9,19.7,0.0,0.0,0.0,0.0,128
2023-05-10 21:11:12,i2401-C-780,i2401-C-780,22.9,0.0,0.0,0.0,10,21.9,22.6,10,22.9,19.7,0.0,0.0,0.0,0.0,128
2023-05-10 21:11:13,i2401-C-780,i2401-C-780,22.9,0.0,0.0,0.0,10,21.9,22.6,20,22.9,19.7,0.0,0.0,0.0,0.0,128
2023-05-10 21:11:14,i2401-C-780,i2401-C-780,22.9,0.0,0.0,0.0,10,21.9,22.5,10,22.9,19.7,0.0,0.0,0.0,0.0,128
2023-05-10 21:11:15,i2401-C-780,i2401-C-780,22.9,0.0,0.0,0.0,20,21.9,22.5,20,22.9,19.7,0.0,0.0,0.0,0.0,128
2023-05-10 21:11:16,i2401-C-780,i2401-C-780,22.9,0.0,0.0,0.0,10,21.9,22.4,10,22.9,19.7,0.0,0.0,0.0,0.0,128
2023-05-10 21:11:16,i2401-C-780,i2401-C-780,22.9,0.0,0.0,0.0,10,21.8,22.4,10,22.9,19.7,0.0,0.0,0.0,0.0,128
2023-05-10 21:11:18,i2401-C-780,i2401-C-780,22.9,0.0,0.0,0.0,20,21.8,22.4,20,22.9,19.7,0.0,0.0,0.0,0.0,128
2023-05-10 21:11:21,i2401-C-780,i2401-C-780,22.9,0.0,0.0,0.0,10,21.8,22.5,20,22.9,19.7,0.0,0.0,0.0,0.0,128
2023-05-10 21:11:22,i2401-C-780,i2401-C-780,22.9,0.0,0.0,0.0,10,21.8,22.5,10,22.9,19.7,0.0,0.0,0.0,0.0,128
2023-05-10 21:11:22,i2401-C-780,i2401-C-780,22.9,0.0,0.0,0.0,10,21.8,22.5,20,22.9,19.7,0.0,0.0,0.0,0.0,128
2023-05-10 21:11:23,i2401-C-780,i2401-C-780,22.9,0.0,0.0,0.0,30,21.7,22.4,10,22.9,19.7,0.0,0.0,0.0,0.0,128
2023-05-10 21:11:23,i2401-C-780,i2401-C-780,22.9,0.0,0.0,0.0,10,21.8,22.6,20,22.9,19.7,0.0,0.0,0.0,0.0,128
2023-05-10 21:11:25,i2401-C-780,i2401-C-780,22.9,0.0,0.0,0.0,40,21.7,22.4,20,22.9,19.7,0.0,0.0,0.0,0.0,128
2023-05-10 21:11:26,i2401-C-780,i2401-C-780,22.9,0.0,0.0,0.0,30,21.7,22.4,20,22.9,19.7,0.0,0.0,0.0,0.0,128
2023-05-10 21:11:27,i2401-C-780,i2401-C-780,22.9,0.0,0.0,0.0,10,21.9,22.5,10,22.9,19.7,0.0,0.0,0.0,0.0,128
2023-05-10 21:11:28,i2401-C-780,i2401-C-780,22.9,0.0,0.0,0.0,20,21.9,22.5,20,22.9,19.7,0.0,0.0,0.0,0.0,128
2023-05-10 21:11:28,i2401-C-780,i2401-C-780,22.9,0.0,0.0,0.0,20,21.9,22.5,10,22.9,19.7,0.0,0.0,0.0,0.0,128
2023-05-10 21:11:29,i2401-C-780,i2401-C-780,22.9,0.0,0.0,0.0,20,21.9,22.5,20,22.9,19.7,0.0,0.0,0.0,0.0,128
2023-05-10 21:11:31,i2401-C-780,i2401-C-780,22.9,0.0,0.0,0.0,20,21.9,22.5,10,22.9,19.7,0.0,0.0,0.0,0.0,128
2023-05-10 21:11:32,i2401-C-780,i2401-C-780,22.9,0.0,0.0,0.0,30,21.9,22.5,10,22.9,19.7,0.0,0.0,0.0,0.0,128
2023-05-10 21:11:34,i2401-C-780,i2401-C-780,22.9,0.0,0.0,0.0,20,21.9,22.6,30,22.9,19.7,0.0,0.0,0.0,0.0,128
2023-05-10 21:11:36,i2401-C-780,i2401-C-780,22.9,0.0,0.0,0.0,30,21.9,22.6,40,22.9,19.7,0.0,0.0,0.0,0.0,128
2023-05-10 21:11:37,i2401-C-780,i2401-C-780,22.9,0.0,0.0,0.0,20,21.9,22.6,30,22.9,19.7,0.0,0.0,0.0,0.0,128
2023-05-10 21:11:38,i2401-C-780,i2401-C-780,22.9,0.0,0.0,0.0,30,21.9,22.6,40,22.9,19.7,0.0,0.0,0.0,0.0,128
2023-05-10 21:11:40,i2401-C-780,i2401-C-780,22.9,0.0,0.0,0.0,30,21.9,22.6,30,22.9,19.7,0.0,0.0,0.0,0.0,128
2023-05-10 21:11:52,i2401-C-780,i2401-C-780,22.9,0.0,0.0,0.0,20,21.9,22.6,30,22.9,19.7,0.0,0.0,0.0,0.0,128
2023-05-10 21:11:53,i2401-C-780,i2401-C-780,22.9,0.0,0.0,0.0,20,21.9,22.6,40,22.9,19.7,0.0,0.0,0.0,0.0,128
2023-05-10 21:12:01,i2401-C-780,i2401-C-780,22.9,0.0,0.0,0.0,20,21.9,22.5,30,22.9,19.7,0.0,0.0,0.0,0.0,128
2023-05-10 21:12:04,i2401-C-780,i2401-C-780,22.9,0.0,0.0,0.0,10,21.9,22.5,30,22.9,19.7,0.0,0.0,0.0,0.0,128
2023-05-10 21:12:05,i2401-C-780,i2401-C-780,22.9,0.0,0.0,0.0,20,21.9,22.5,30,22.9,19.7,0.0,0.0,0.0,0.0,128
2023-05-10 21:12:07,i2401-C-780,i2401-C-780,22.9,0.0,0.0,0.0,10,21.9,22.5,30,22.9,19.7,0.0,0.0,0.0,0.0,128
2023-05-10 21:12:08,i2401-C-780,i2401-C-780,22.9,0.0,0.0,0.0,20,21.9,22.5,30,22.9,19.7,0.0,0.0,0.0,0.0,128
2023-05-10 21:12:09,i2401-C-780,i2401-C-780,22.9,0.0,0.0,0.0,20,21.9,22.5,20,22.9,19.7,0.0,0.0,0.0,0.0,128
2023-05-10 21:12:10,i2401-C-780,i2401-C-780,22.9,0.0,0.0,0.0,20,21.9,22.5,30,22.9,19.7,0.0,0.0,0.0,0.0,128
2023-05-10 21:12:11,i2401-C-780,i2401-C-780,22.9,0.0,0.0,0.0,30,21.9,22.5,10,22.9,19.7,0.0,0.0,0.0,0.0,128
2023-05-10 21:12:11,i2401-C-780,i2401-C-780,22.9,0.0,0.0,0.0,30,21.9,22.6,30,22.9,19.7,0.0,0.0,0.0,0.0,128
2023-05-10 21:12:12,i2401-C-780,i2401-C-780,22.9,0.0,0.0,0.0,30,21.9,22.6,20,22.9,19.7,0.0,0.0,0.0,0.0,128
2023-05-10 21:12:13,i2401-C-780,i2401-C-780,22.9,0.0,0.0,0.0,10,22.0,22.6,20,22.9,19.7,0.0,0.0,0.0,0.0,128
2023-05-10 21:12:13,i2401-C-780,i2401-C-780,22.9,0.0,0.0,0.0,20,22.0,22.6,30,22.9,19.7,0.0,0.0,0.0,0.0,128
2023-05-10 21:12:14,i2401-C-780,i2401-C-780,22.9,0.0,0.0,0.0,20,22.0,22.6,20,22.9,19.7,0.0,0.0,0.0,0.0,128
2023-05-10 21:12:16,i2401-C-780,i2401-C-780,22.9,0.0,0.0,0.0,30,22.0,22.6,10,22.9,19.7,0.0,0.0,0.0,0.0,128
2023-05-10 21:12:17,i2401-C-780,i2401-C-780,22.9,0.0,0.0,0.0,10,22.1,22.7,20,22.9,19.7,0.0,0.0,0.0,0.0,128
2023-05-10 21:12:18,i2401-C-780,i2401-C-780,22.9,0.0,0.0,0.0,30,22.0,22.7,10,22.9,19.7,0.0,0.0,0.0,0.0,128
2023-05-10 21:12:18,i2401-C-780,i2401-C-780,22.9,0.0,0.0,0.0,10,22.1,22.7,10,22.9,19.7,0.0,0.0,0.0,0.0,128
2023-05-10 21:12:19,i2401-C-780,i2401-C-780,22.9,0.0,0.0,0.0,10,22.1,22.7,20,22.9,19.7,0.0,0.0,0.0,0.0,128
2023-05-10 21:12:28,i2401-C-780,i2401-C-780,22.9,0.0,0.0,0.0,30,21.9,22.7,30,22.9,19.7,0.0,0.0,0.0,0.0,128
2023-05-10 21:12:28,i2401-C-780,i2401-C-780,22.9,0.0,0.0,0.0,30,21.9,22.6,10,22.9,19.7,0.0,0.0,0.0,0.0,128
2023-05-10 21:12:29,i2401-C-780,i2401-C-780,22.9,0.0,0.0,0.0,20,21.9,22.6,20,22.9,19.7,0.0,0.0,0.0,0.0,128
2023-05-10 21:12:30,i2401-C-780,i2401-C-780,22.9,0.0,0.0,0.0,30,21.9,22.6,30,22.9,19.7,0.0,0.0,0.0,0.0,128
2023-05-10 21:12:32,i2401-C-780,i2401-C-780,22.9,0.0,0.0,0.0,40,21.9,22.6,30,22.9,19.7,0.0,0.0,0.0,0.0,128
2023-05-10 21:12:34,i2401-C-780,i2401-C-780,22.9,0.0,0.0,0.0,30,21.9,22.6,20,22.9,19.7,0.0,0.0,0.0,0.0,128
2023-05-10 21:12:36,i2401-C-780,i2401-C-780,22.9,0.0,0.0,0.0,40,21.9,22.6,30,22.9,19.7,0.0,0.0,0.0,0.0,128
2023-05-10 21:12:39,i2401-C-780,i2401-C-780,22.9,0.0,0.0,0.0,40,21.9,22.6,20,22.9,19.7,0.0,0.0,0.0,0.0,128
2023-05-10 21:12:41,i2401-C-780,i2401-C-780,22.9,0.0,0.0,0.0,20,22.0,22.6,20,22.9,19.7,0.0,0.0,0.0,0.0,128
2023-05-10 21:12:47,i2401-C-780,i2401-C-780,22.9,0.0,0.0,0.0,10,22.0,22.6,20,22.9,19.7,0.0,0.0,0.0,0.0,128
2023-05-10 21:12:47,i2401-C-780,i2401-C-780,22.9,0.0,0.0,0.0,10,22.0,22.6,10,22.9,19.7,0.0,0.0,0.0,0.0,128
2023-05-10 21:12:48,i2401-C-780,i2401-C-780,22.9,0.0,0.0,0.0,30,21.9,22.6,20,22.9,19.7,0.0,0.0,0.0,0.0,128
2023-05-10 21:12:49,i2401-C-780,i2401-C-780,22.9,0.0,0.0,0.0,40,21.9,22.6,30,22.9,19.7,0.0,0.0,0.0,0.0,128
2023-05-10 21:12:51,i2401-C-780,i2401-C-780,22.9,0.0,0.0,0.0,20,21.9,22.6,30,22.9,19.7,0.0,0.0,0.0,0.0,128
2023-05-10 21:12:52,i2401-C-780,i2401-C-780,22.9,0.0,0.0,0.0,10,22.0,22.6,20,22.9,19.7,0.0,0.0,0.0,0.0,128
2023-05-10 21:12:56,i2401-C-780,i2401-C-780,22.9,0.0,0.0,0.0,20,21.9,22.6,20,22.9,19.7,0.0,0.0,0.0,0.0,128
2023-05-10 21:12:57,i2401-C-780,i2401-C-780,22.9,0.0,0.0,0.0,20,21.9,22.6,30,22.9,19.7,0.0,0.0,0.0,0.0,128
2023-05-10 21:12:58,i2401-C-780,i2401-C-780,22.9,0.0,0.0,0.0,10,21.9,22.6,30,22.9,19.7,0.0,0.0,0.0,0.0,128
2023-05-10 21:13:01,i2401-C-780,i2401-C-780,22.9,0.0,0.0,0.0,10,21.9,22.5,20,22.9,19.7,0.0,0.0,0.0,0.0,128
2023-05-10 21:13:15,i2401-C-780,i2401-C-780,22.9,0.0,0.0,0.0,10,21.9,22.5,10,22.9,19.7,0.0,0.0,0.0,0.0,128
2023-05-10 21:13:17,i2401-C-780,i2401-C-780,22.9,0.0,0.0,0.0,10,21.9,22.5,20,22.9,19.7,0.0,0.0,0.0,0.0,128
2023-05-10 21:13:18,i2401-C-780,i2401-C-780,22.9,0.0,0.0,0.0,10,21.9,22.5,30,22.9,19.7,0.0,0.0,0.0,0.0,128
2023-05-10 21:13:21,i2401-C-780,i2401-C-780,22.9,0.0,0.0,0.0,20,21.9,22.5,30,22.9,19.7,0.0,0.0,0.0,0.0,128
2023-05-10 21:13:30,i2401-C-780,i2401-C-780,22.9,0.0,0.0,0.0,10,21.9,22.5,30,22.9,19.7,0.0,0.0,0.0,0.0,128
2023-05-10 21:13:30,i2401-C-780,i2401-C-780,22.9,0.0,0.0,0.0,10,21.9,22.5,20,22.9,19.7,0.0,0.0,0.0,0.0,128
2023-05-10 21:13:32,i2401-C-780,i2401-C-780,22.9,0.0,0.0,0.0,20,21.9,22.5,30,22.9,19.7,0.0,0.0,0.0,0.0,128
2023-05-10 21:13:41,i2401-C-780,i2401-C-780,22.9,0.0,0.0,0.0,20,21.9,22.4,10,22.9,19.7,0.0,0.0,0.0,0.0,128
2023-05-10 21:13:42,i2401-C-780,i2401-C-780,22.9,0.0,0.0,0.0,20,21.9,22.4,30,22.9,19.7,0.0,0.0,0.0,0.0,128
2023-05-10 21:13:42,i2401-C-780,i2401-C-780,22.9,0.0,0.0,0.0,20,21.9,22.4,10,22.9,19.7,0.0,0.0,0.0,0.0,128
2023-05-10 21:13:44,i2401-C-780,i2401-C-780,22.9,0.0,0.0,0.0,20,21.9,22.4,20,22.9,19.7,0.0,0.0,0.0,0.0,128
2023-05-10 21:13:44,i2401-C-780,i2401-C-780,22.9,0.0,0.0,0.0,20,21.9,22.4,10,22.9,19.7,0.0,0.0,0.0,0.0,128
2023-05-10 21:13:45,i2401-C-780,i2401-C-780,22.9,0.0,0.0,0.0,20,21.9,22.4,20,22.9,19.7,0.0,0.0,0.0,0.0,128
2023-05-10 21:13:55,i2401-C-780,i2401-C-780,22.9,0.0,0.0,0.0,10,21.9,22.4,20,22.9,19.7,0.0,0.0,0.0,0.0,128
2023-05-10 21:13:58,i2401-C-780,i2401-C-780,22.9,0.0,0.0,0.0,20,21.9,22.4,20,22.9,19.7,0.0,0.0,0.0,0.0,128
2023-05-10 21:13:59,i2401-C-780,i2401-C-780,22.9,0.0,0.0,0.0,20,21.9,22.4,30,22.9,19.7,0.0,0.0,0.0,0.0,128
2023-05-10 21:14:03,i2401-C-780,i2401-C-780,22.9,0.0,0.0,0.0,20,21.9,22.4,20,22.9,19.7,0.0,0.0,0.0,0.0,128
2023-05-10 21:14:09,i2401-C-780,i2401-C-780,22.9,0.0,0.0,0.0,10,21.9,22.5,20,22.9,19.7,0.0,0.0,0.0,0.0,128
2023-05-10 21:14:09,i2401-C-780,i2401-C-780,22.9,0.0,0.0,0.0,10,21.9,22.5,10,22.9,19.7,0.0,0.0,0.0,0.0,128
2023-05-10 21:14:10,i2401-C-780,i2401-C-780,22.9,0.0,0.0,0.0,30,21.9,22.6,40,22.9,19.7,0.0,0.0,0.0,0.0,128
2023-05-10 21:14:28,i2401-C-780,i2401-C-780,22.9,0.0,0.0,0.0,45,21.9,22.6,40,22.9,19.7,0.0,0.0,0.0,0.0,128
2023-05-10 21:14:29,i2401-C-780,i2401-C-780,22.9,0.0,0.0,0.0,30,21.9,22.6,40,22.9,19.7,0.0,0.0,0.0,0.0,128
2023-05-10 21:14:32,i2401-C-780,i2401-C-780,22.9,0.0,0.0,0.0,45,21.9,22.6,40,22.9,19.7,0.0,0.0,0.0,0.0,128
2023-05-10 21:14:32,i2401-C-780,i2401-C-780,22.9,0.0,0.0,0.0,35,21.9,22.6,40,22.9,19.7,0.0,0.0,0.0,0.0,128
2023-05-10 21:14:33,i2401-C-780,i2401-C-780,22.9,0.0,0.0,0.0,45,21.9,22.6,40,22.9,19.7,0.0,0.0,0.0,0.0,128
2023-05-10 21:14:33,i2401-C-780,i2401-C-780,22.9,0.0,0.0,0.0,35,21.9,22.6,40,22.9,19.7,0.0,0.0,0.0,0.0,128
2023-05-10 21:14:34,i2401-C-780,i2401-C-780,22.9,0.0,0.0,0.0,20,21.9,22.6,40,22.9,19.7,0.0,0.0,0.0,0.0,128
2023-05-10 21:14:38,i2401-C-780,i2401-C-780,22.9,0.0,0.0,0.0,30,21.9,22.6,40,22.9,19.7,0.0,0.0,0.0,0.0,128
2023-05-10 21:14:38,i2401-C-780,i2401-C-780,22.9,0.0,0.0,0.0,20,21.9,22.6,40,22.9,19.7,0.0,0.0,0.0,0.0,128
2023-05-10 21:14:41,i2401-C-780,i2401-C-780,22.9,0.0,0.0,0.0,30,21.9,22.6,40,22.9,19.7,0.0,0.0,0.0,0.0,128
2023-05-10 21:14:41,i2401-C-780,i2401-C-780,22.9,0.0,0.0,0.0,20,21.9,22.6,40,22.9,19.7,0.0,0.0,0.0,0.0,128
2023-05-10 21:14:43,i2401-C-780,i2401-C-780,22.9,0.0,0.0,0.0,20,21.9,22.5,10,22.9,19.7,0.0,0.0,0.0,0.0,128
2023-05-10 21:14:44,i2401-C-780,i2401-C-780,22.9,0.0,0.0,0.0,10,21.9,22.5,30,22.9,19.7,0.0,0.0,0.0,0.0,128
2023-05-10 21:14:47,i2401-C-780,i2401-C-780,22.9,0.0,0.0,0.0,45,21.9,22.6,40,22.9,19.7,0.0,0.0,0.0,0.0,128
2023-05-10 21:14:47,i2401-C-780,i2401-C-780,22.9,0.0,0.0,0.0,10,22.0,22.6,20,22.9,19.7,0.0,0.0,0.0,0.0,128
2023-05-10 21:14:49,i2401-C-780,i2401-C-780,22.9,0.0,0.0,0.0,20,22.0,22.6,30,22.9,19.7,0.0,0.0,0.0,0.0,128
2023-05-10 21:14:50,i2401-C-780,i2401-C-780,22.9,0.0,0.0,0.0,30,22.0,22.6,20,22.9,19.7,0.0,0.0,0.0,0.0,128
2023-05-10 21:15:01,i2401-C-780,i2401-C-780,22.9,0.0,0.0,0.0,40,22.0,22.6,20,22.9,19.7,0.0,0.0,0.0,0.0,128
2023-05-10 21:15:01,i2401-C-780,i2401-C-780,22.9,0.0,0.0,0.0,30,22.0,22.7,10,22.9,19.7,0.0,0.0,0.0,0.0,128
2023-05-10 21:15:01,i2401-C-780,i2401-C-780,22.9,0.0,0.0,0.0,30,22.0,22.6,10,22.9,19.7,0.0,0.0,0.0,0.0,128
2023-05-10 21:15:04,i2401-C-780,i2401-C-780,22.9,0.0,0.0,0.0,40,22.0,22.6,20,22.9,19.7,0.0,0.0,0.0,0.0,128
2023-05-10 21:15:04,i2401-C-780,i2401-C-780,22.9,0.0,0.0,0.0,55,22.0,22.6,20,22.9,19.7,0.0,0.0,0.0,0.0,128
2023-05-10 21:15:05,i2401-C-780,i2401-C-780,22.9,0.0,0.0,0.0,20,22.1,22.6,20,22.9,19.7,0.0,0.0,0.0,0.0,128
2023-05-10 21:15:05,i2401-C-780,i2401-C-780,22.9,0.0,0.0,0.0,10,22.1,22.7,10,22.9,19.7,0.0,0.0,0.0,0.0,128
2023-05-10 21:15:06,i2401-C-780,i2401-C-780,22.9,0.0,0.0,0.0,45,22.0,22.7,10,22.9,19.7,0.0,0.0,0.0,0.0,128
2023-05-10 21:15:07,i2401-C-780,i2401-C-780,22.9,0.0,0.0,0.0,10,22.1,22.7,20,22.9,19.7,0.0,0.0,0.0,0.0,128
2023-05-10 21:15:10,i2401-C-780,i2401-C-780,22.9,0.0,0.0,0.0,10,22.1,22.7,35,22.9,19.7,0.0,0.0,0.0,0.0,128
2023-05-10 21:15:13,i2401-C-780,i2401-C-780,22.9,0.0,0.0,0.0,20,22.1,22.7,35,22.9,19.7,0.0,0.0,0.0,0.0,128
2023-05-10 21:15:15,i2401-C-780,i2401-C-780,22.9,0.0,0.0,0.0,10,22.1,22.7,45,22.9,19.7,0.0,0.0,0.0,0.0,128
2023-05-10 21:15:15,i2401-C-780,i2401-C-780,22.9,0.0,0.0,0.0,10,22.1,22.7,35,22.9,19.7,0.0,0.0,0.0,0.0,128
2023-05-10 21:15:17,i2401-C-780,i2401-C-780,22.9,0.0,0.0,0.0,20,22.1,22.7,35,22.9,19.7,0.0,0.0,0.0,0.0,128
2023-05-10 21:15:19,i2401-C-780,i2401-C-780,22.9,0.0,0.0,0.0,10,22.1,22.7,35,22.9,19.7,0.0,0.0,0.0,0.0,128
2023-05-10 21:15:25,i2401-C-780,i2401-C-780,22.9,0.0,0.0,0.0,20,22.1,22.7,35,22.9,19.7,0.0,0.0,0.0,0.0,128
2023-05-10 21:15:29,i2401-C-780,i2401-C-780,22.9,0.0,0.0,0.0,10,22.1,22.7,35,22.9,19.7,0.0,0.0,0.0,0.0,128
2023-05-10 21:15:34,i2401-C-780,i2401-C-780,22.9,0.0,0.0,0.0,20,22.1,22.7,35,22.9,19.7,0.0,0.0,0.0,0.0,128
2023-05-10 21:15:38,i2401-C-780,i2401-C-780,22.9,0.0,0.0,0.0,10,22.1,22.7,35,22.9,19.7,0.0,0.0,0.0,0.0,128
2023-05-10 21:15:38,i2401-C-780,i2401-C-780,22.9,0.0,0.0,0.0,20,22.1,22.7,35,22.9,19.7,0.0,0.0,0.0,0.0,128
2023-05-10 21:16:03,i2401-C-780,i2401-C-780,22.9,0.0,0.0,0.0,10,22.1,22.7,35,22.9,19.7,0.0,0.0,0.0,0.0,128
2023-05-10 21:16:03,i2401-C-780,i2401-C-780,22.9,0.0,0.0,0.0,30,22.0,22.7,35,22.9,19.7,0.0,0.0,0.0,0.0,128
2023-05-10 21:16:04,i2401-C-780,i2401-C-780,22.9,0.0,0.0,0.0,20,22.0,22.7,35,22.9,19.7,0.0,0.0,0.0,0.0,128
2023-05-10 21:16:05,i2401-C-780,i2401-C-780,22.9,0.0,0.0,0.0,20,22.0,22.6,30,22.9,19.7,0.0,0.0,0.0,0.0,128
2023-05-10 21:16:07,i2401-C-780,i2401-C-780,22.9,0.0,0.0,0.0,20,22.0,22.6,20,22.9,19.7,0.0,0.0,0.0,0.0,128
2023-05-10 21:16:07,i2401-C-780,i2401-C-780,22.9,0.0,0.0,0.0,30,22.0,22.6,30,22.9,19.7,0.0,0.0,0.0,0.0,128
2023-05-10 21:16:10,i2401-C-780,i2401-C-780,22.9,0.0,0.0,0.0,20,22.0,22.6,20,22.9,19.7,0.0,0.0,0.0,0.0,128
2023-05-10 21:16:10,i2401-C-780,i2401-C-780,22.9,0.0,0.0,0.0,25,21.8,22.4,10,22.9,19.7,0.0,0.0,0.0,0.0,128
2023-05-10 21:16:11,i2401-C-780,i2401-C-780,22.9,0.0,0.0,0.0,10,21.8,22.4,35,22.9,19.7,0.0,0.0,0.0,0.0,128
2023-05-10 21:16:12,i2401-C-780,i2401-C-780,22.9,0.0,0.0,0.0,45,21.7,22.4,45,22.9,19.7,0.0,0.0,0.0,0.0,128
2023-05-10 21:16:12,i2401-C-780,i2401-C-780,22.9,0.0,0.0,0.0,35,21.7,22.3,20,22.9,19.7,0.0,0.0,0.0,0.0,128
2023-05-10 21:16:14,i2401-C-780,i2401-C-780,22.9,0.0,0.0,0.0,45,21.7,22.3,30,22.9,19.7,0.0,0.0,0.0,0.0,128
2023-05-10 21:16:18,i2401-C-780,i2401-C-780,22.9,0.0,0.0,0.0,35,21.7,22.3,30,22.9,19.7,0.0,0.0,0.0,0.0,128
2023-05-10 21:16:30,i2401-C-780,i2401-C-780,22.9,0.0,0.0,0.0,35,21.7,22.2,30,22.9,19.7,0.0,0.0,0.0,0.0,128
2023-05-10 21:16:31,i2401-C-780,i2401-C-780,22.9,0.0,0.0,0.0,35,21.7,22.2,20,22.9,19.7,0.0,0.0,0.0,0.0,128
2023-05-10 21:16:32,i2401-C-780,i2401-C-780,22.9,0.0,0.0,0.0,35,21.7,22.2,30,22.9,19.7,0.0,0.0,0.0,0.0,128
2023-05-10 21:16:34,i2401-C-780,i2401-C-780,22.9,0.0,0.0,0.0,35,21.7,22.2,20,22.9,19.7,0.0,0.0,0.0,0.0,128
2023-05-10 21:16:35,i2401-C-780,i2401-C-780,22.9,0.0,0.0,0.0,35,21.7,22.3,30,22.9,19.7,0.0,0.0,0.0,0.0,128
2023-05-10 21:16:36,i2401-C-780,i2401-C-780,22.9,0.0,0.0,0.0,45,21.7,22.3,20,22.9,19.7,0.0,0.0,0.0,0.0,128
2023-05-10 21:16:36,i2401-C-780,i2401-C-780,22.9,0.0,0.0,0.0,35,21.7,22.4,30,22.9,19.7,0.0,0.0,0.0,0.0,128
2023-05-10 21:16:37,i2401-C-780,i2401-C-780,22.9,0.0,0.0,0.0,45,21.7,22.4,30,22.9,19.7,0.0,0.0,0.0,0.0,128
2023-05-10 21:16:38,i2401-C-780,i2401-C-780,22.9,0.0,0.0,0.0,55,21.7,22.4,40,22.9,19.7,0.0,0.0,0.0,0.0,128
2023-05-10 21:16:39,i2401-C-780,i2401-C-780,22.9,0.0,0.0,0.0,50,21.7,22.4,30,22.9,19.7,0.0,0.0,0.0,0.0,128
2023-05-10 21:16:40,i2401-C-780,i2401-C-780,22.9,0.0,0.0,0.0,10,21.8,22.4,20,22.9,19.7,0.0,0.0,0.0,0.0,128
2023-05-10 21:16:40,i2401-C-780,i2401-C-780,22.9,0.0,0.0,0.0,30,21.8,22.5,30,22.9,19.7,0.0,0.0,0.0,0.0,128
2023-05-10 21:16:48,i2401-C-780,i2401-C-780,22.9,0.0,0.0,0.0,10,22.0,22.5,10,22.9,19.7,0.0,0.0,0.0,0.0,128
2023-05-10 21:16:48,i2401-C-780,i2401-C-780,22.9,0.0,0.0,0.0,10,22.0,22.6,20,22.9,19.7,0.0,0.0,0.0,0.0,128
2023-05-10 21:16:50,i2401-C-780,i2401-C-780,22.9,0.0,0.0,0.0,20,22.0,22.6,20,22.9,19.7,0.0,0.0,0.0,0.0,128
2023-05-10 21:16:55,i2401-C-780,i2401-C-780,22.9,0.0,0.0,0.0,30,22.0,22.6,20,22.9,19.7,0.0,0.0,0.0,0.0,128
2023-05-10 21:16:56,i2401-C-780,i2401-C-780,22.9,0.0,0.0,0.0,10,22.1,22.6,20,22.9,19.7,0.0,0.0,0.0,0.0,128
2023-05-10 21:16:59,i2401-C-780,i2401-C-780,22.9,0.0,0.0,0.0,30,22.0,22.6,20,22.9,19.7,0.0,0.0,0.0,0.0,128
2023-05-10 21:17:00,i2401-C-780,i2401-C-780,22.9,0.0,0.0,0.0,20,22.0,22.6,20,22.9,19.7,0.0,0.0,0.0,0.0,128
2023-05-10 21:17:00,i2401-C-780,i2401-C-780,22.9,0.0,0.0,0.0,10,22.0,22.6,20,22.9,19.7,0.0,0.0,0.0,0.0,128
2023-05-10 21:17:01,i2401-C-780,i2401-C-780,22.9,0.0,0.0,0.0,20,22.0,22.6,20,22.9,19.7,0.0,0.0,0.0,0.0,128
2023-05-10 21:17:03,i2401-C-780,i2401-C-780,22.9,0.0,0.0,0.0,10,22.0,22.6,20,22.9,19.7,0.0,0.0,0.0,0.0,128
2023-05-10 21:17:04,i2401-C-780,i2401-C-780,22.9,0.0,0.0,0.0,20,21.9,22.6,40,22.9,19.7,0.0,0.0,0.0,0.0,128
2023-05-10 21:17:04,i2401-C-780,i2401-C-780,22.9,0.0,0.0,0.0,20,21.9,22.6,30,22.9,19.7,0.0,0.0,0.0,0.0,128
2023-05-10 21:17:05,i2401-C-780,i2401-C-780,22.9,0.0,0.0,0.0,10,21.9,22.5,10,22.9,19.7,0.0,0.0,0.0,0.0,128
2023-05-10 21:17:06,i2401-C-780,i2401-C-780,22.9,0.0,0.0,0.0,10,21.9,22.5,30,22.9,19.7,0.0,0.0,0.0,0.0,128
2023-05-10 21:17:07,i2401-C-780,i2401-C-780,22.9,0.0,0.0,0.0,20,21.9,22.5,20,22.9,19.7,0.0,0.0,0.0,0.0,128
2023-05-10 21:17:07,i2401-C-780,i2401-C-780,22.9,0.0,0.0,0.0,30,21.9,22.5,20,22.9,19.7,0.0,0.0,0.0,0.0,128
2023-05-10 21:17:09,i2401-C-780,i2401-C-780,22.9,0.0,0.0,0.0,10,21.9,22.5,20,22.9,19.7,0.0,0.0,0.0,0.0,128
2023-05-10 21:17:12,i2401-C-780,i2401-C-780,22.9,0.0,0.0,0.0,10,21.9,22.5,30,22.9,19.7,0.0,0.0,0.0,0.0,128
2023-05-10 21:17:19,i2401-C-780,i2401-C-780,22.9,0.0,0.0,0.0,20,21.9,22.5,30,22.9,19.7,0.0,0.0,0.0,0.0,128
2023-05-10 21:17:24,i2401-C-780,i2401-C-780,22.9,0.0,0.0,0.0,10,21.9,22.5,30,22.9,19.7,0.0,0.0,0.0,0.0,128
2023-05-10 21:17:50,i2401-C-780,i2401-C-780,22.9,0.0,0.0,0.0,10,21.9,22.4,10,22.9,19.7,0.0,0.0,0.0,0.0,128
2023-05-10 21:17:50,i2401-C-780,i2401-C-780,22.9,0.0,0.0,0.0,10,21.9,22.4,20,22.9,19.7,0.0,0.0,0.0,0.0,128
2023-05-10 21:17:51,i2401-C-780,i2401-C-780,22.9,0.0,0.0,0.0,10,21.8,22.3,10,22.9,19.7,0.0,0.0,0.0,0.0,128
2023-05-10 21:17:53,i2401-C-780,i2401-C-780,22.9,0.0,0.0,0.0,20,21.8,22.3,20,22.9,19.7,0.0,0.0,0.0,0.0,128
2023-05-10 21:17:56,i2401-C-780,i2401-C-780,22.9,0.0,0.0,0.0,20,21.8,22.4,30,22.9,19.7,0.0,0.0,0.0,0.0,128
2023-05-10 21:17:57,i2401-C-780,i2401-C-780,22.9,0.0,0.0,0.0,30,21.8,22.4,20,22.9,19.7,0.0,0.0,0.0,0.0,128
2023-05-10 21:17:58,i2401-C-780,i2401-C-780,22.9,0.0,0.0,0.0,20,21.8,22.4,20,22.9,19.7,0.0,0.0,0.0,0.0,128
2023-05-10 21:17:59,i2401-C-780,i2401-C-780,22.9,0.0,0.0,0.0,20,21.8,22.4,30,22.9,19.7,0.0,0.0,0.0,0.0,128
2023-05-10 21:18:00,i2401-C-780,i2401-C-780,22.9,0.0,0.0,0.0,20,21.8,22.4,20,22.9,19.7,0.0,0.0,0.0,0.0,128
2023-05-10 21:18:01,i2401-C-780,i2401-C-780,22.9,0.0,0.0,0.0,20,21.8,22.4,30,22.9,19.7,0.0,0.0,0.0,0.0,128
2023-05-10 21:18:09,i2401-C-780,i2401-C-780,22.9,0.0,0.0,0.0,30,21.8,22.4,20,22.9,19.7,0.0,0.0,0.0,0.0,128
2023-05-10 21:18:11,i2401-C-780,i2401-C-780,22.9,0.0,0.0,0.0,10,21.9,22.4,20,22.9,19.7,0.0,0.0,0.0,0.0,128
2023-05-10 21:18:11,i2401-C-780,i2401-C-780,22.9,0.0,0.0,0.0,20,21.9,22.5,10,22.9,19.7,0.0,0.0,0.0,0.0,128
2023-05-10 21:18:13,i2401-C-780,i2401-C-780,22.9,0.0,0.0,0.0,30,21.9,22.5,20,22.9,19.7,0.0,0.0,0.0,0.0,128
2023-05-10 21:18:14,i2401-C-780,i2401-C-780,22.9,0.0,0.0,0.0,20,21.9,22.5,20,22.9,19.7,0.0,0.0,0.0,0.0,128
2023-05-10 21:18:15,i2401-C-780,i2401-C-780,22.9,0.0,0.0,0.0,30,21.9,22.5,20,22.9,19.7,0.0,0.0,0.0,0.0,128
2023-05-10 21:18:18,i2401-C-780,i2401-C-780,22.9,0.0,0.0,0.0,20,21.9,22.5,20,22.9,19.7,0.0,0.0,0.0,0.0,128
2023-05-10 21:18:19,i2401-C-780,i2401-C-780,22.9,0.0,0.0,0.0,30,21.9,22.5,20,22.9,19.7,0.0,0.0,0.0,0.0,128
2023-05-10 21:18:20,i2401-C-780,i2401-C-780,22.9,0.0,0.0,0.0,20,21.9,22.5,20,22.9,19.7,0.0,0.0,0.0,0.0,128
2023-05-10 21:18:22,i2401-C-780,i2401-C-780,22.9,0.0,0.0,0.0,20,21.9,22.5,30,22.9,19.7,0.0,0.0,0.0,0.0,128
2023-05-10 21:18:49,i2401-C-780,i2401-C-780,22.9,0.0,0.0,0.0,40,21.9,22.5,10,22.9,19.7,0.0,0.0,0.0,0.0,128
2023-05-10 21:18:50,i2401-C-780,i2401-C-780,22.9,0.0,0.0,0.0,30,21.9,22.6,20,22.9,19.7,0.0,0.0,0.0,0.0,128
2023-05-10 21:18:50,i2401-C-780,i2401-C-780,22.9,0.0,0.0,0.0,10,22.0,22.6,20,22.9,19.7,0.0,0.0,0.0,0.0,128
2023-05-10 21:18:51,i2401-C-780,i2401-C-780,22.9,0.0,0.0,0.0,20,22.0,22.6,30,22.9,19.7,0.0,0.0,0.0,0.0,128
2023-05-10 21:18:57,i2401-C-780,i2401-C-780,22.9,0.0,0.0,0.0,10,22.0,22.6,30,22.9,19.7,0.0,0.0,0.0,0.0,128
2023-05-10 21:19:01,i2401-C-780,i2401-C-780,22.9,0.0,0.0,0.0,10,22.0,22.6,40,22.9,19.7,0.0,0.0,0.0,0.0,128
2023-05-10 21:19:05,i2401-C-780,i2401-C-780,22.9,0.0,0.0,0.0,30,22.0,22.6,20,22.9,19.7,0.0,0.0,0.0,0.0,128
2023-05-10 21:19:06,i2401-C-780,i2401-C-780,22.9,0.0,0.0,0.0,20,22.0,22.6,20,22.9,19.7,0.0,0.0,0.0,0.0,128
2023-05-10 21:19:17,i2401-C-780,i2401-C-780,22.9,0.0,0.0,0.0,30,22.0,22.6,20,22.9,19.7,0.0,0.0,0.0,0.0,128
2023-05-10 21:19:19,i2401-C-780,i2401-C-780,22.9,0.0,0.0,0.0,20,22.0,22.6,20,22.9,19.7,0.0,0.0,0.0,0.0,128
2023-05-10 21:19:28,i2401-C-780,i2401-C-780,22.9,0.0,0.0,0.0,30,22.0,22.6,20,22.9,19.7,0.0,0.0,0.0,0.0,128
2023-05-10 21:20:09,i2401-C-780,i2401-C-780,22.9,0.0,0.0,0.0,10,22.1,22.6,20,22.9,19.7,0.0,0.0,0.0,0.0,128
2023-05-10 21:20:10,i2401-C-780,i2401-C-780,22.9,0.0,0.0,0.0,30,22.0,22.6,30,22.9,19.7,0.0,0.0,0.0,0.0,128
2023-05-10 21:20:13,i2401-C-780,i2401-C-780,22.9,0.0,0.0,0.0,30,22.1,22.6,20,22.9,19.7,0.0,0.0,0.0,0.0,128
2023-05-10 21:20:13,i2401-C-780,i2401-C-780,22.9,0.0,0.0,0.0,10,22.1,22.6,10,22.9,19.7,0.0,0.0,0.0,0.0,128
2023-05-10 21:20:15,i2401-C-780,i2401-C-780,22.9,0.0,0.0,0.0,10,22.1,22.6,20,22.9,19.7,0.0,0.0,0.0,0.0,128
2023-05-10 21:20:16,i2401-C-780,i2401-C-780,22.9,0.0,0.0,0.0,10,22.1,22.6,10,22.9,19.7,0.0,0.0,0.0,0.0,128
2023-05-10 21:20:17,i2401-C-780,i2401-C-780,22.9,0.0,0.0,0.0,20,22.1,22.6,10,22.9,19.7,0.0,0.0,0.0,0.0,128
2023-05-10 21:20:18,i2401-C-780,i2401-C-780,22.9,0.0,0.0,0.0,30,22.1,22.6,20,22.9,19.7,0.0,0.0,0.0,0.0,128
2023-05-10 21:20:20,i2401-C-780,i2401-C-780,22.9,0.0,0.0,0.0,20,22.1,22.6,20,22.9,19.7,0.0,0.0,0.0,0.0,128
2023-05-10 21:20:25,i2401-C-780,i2401-C-780,22.9,0.0,0.0,0.0,10,22.1,22.6,20,22.9,19.7,0.0,0.0,0.0,0.0,128
2023-05-10 21:20:28,i2401-C-780,i2401-C-780,22.9,0.0,0.0,0.0,20,22.1,22.6,20,22.9,19.7,0.0,0.0,0.0,0.0,128
2023-05-10 21:20:37,i2401-C-780,i2401-C-780,22.9,0.0,0.0,0.0,10,22.1,22.6,20,22.9,19.7,0.0,0.0,0.0,0.0,128
2023-05-10 21:20:49,i2401-C-780,i2401-C-780,22.9,0.0,0.0,0.0,10,22.1,22.6,10,22.9,19.7,0.0,0.0,0.0,0.0,128
2023-05-10 21:20:49,i2401-C-780,i2401-C-780,22.9,0.0,0.0,0.0,10,22.0,22.6,30,22.9,19.7,0.0,0.0,0.0,0.0,128
2023-05-10 21:20:50,i2401-C-780,i2401-C-780,22.9,0.0,0.0,0.0,10,22.0,22.6,20,22.9,19.7,0.0,0.0,0.0,0.0,128
2023-05-10 21:20:51,i2401-C-780,i2401-C-780,22.9,0.0,0.0,0.0,20,22.0,22.6,30,22.9,19.7,0.0,0.0,0.0,0.0,128
2023-05-10 21:21:07,i2401-C-780,i2401-C-780,22.9,0.0,0.0,0.0,30,22.0,22.6,30,22.9,19.7,0.0,0.0,0.0,0.0,128
2023-05-10 21:21:08,i2401-C-780,i2401-C-780,22.9,0.0,0.0,0.0,20,22.0,22.6,30,22.9,19.7,0.0,0.0,0.0,0.0,128
2023-05-10 21:21:09,i2401-C-780,i2401-C-780,22.9,0.0,0.0,0.0,30,22.0,22.6,30,22.9,19.7,0.0,0.0,0.0,0.0,128
2023-05-10 21:21:16,i2401-C-780,i2401-C-780,22.9,0.0,0.0,0.0,20,22.0,22.6,30,22.9,19.7,0.0,0.0,0.0,0.0,128
2023-05-10 21:21:27,i2401-C-780,i2401-C-780,22.9,0.0,0.0,0.0,20,22.0,22.6,40,22.9,19.7,0.0,0.0,0.0,0.0,128
2023-05-10 21:21:32,i2401-C-780,i2401-C-780,22.9,0.0,0.0,0.0,10,22.0,22.6,40,22.9,19.7,0.0,0.0,0.0,0.0,128
2023-05-10 21:21:33,i2401-C-780,i2401-C-780,22.9,0.0,0.0,0.0,10,22.0,22.6,30,22.9,19.7,0.0,0.0,0.0,0.0,128
2023-05-10 21:21:34,i2401-C-780,i2401-C-780,22.9,0.0,0.0,0.0,20,22.0,22.6,40,22.9,19.7,0.0,0.0,0.0,0.0,128
2023-05-10 21:21:35,i2401-C-780,i2401-C-780,22.9,0.0,0.0,0.0,10,22.0,22.6,40,22.9,19.7,0.0,0.0,0.0,0.0,128
2023-05-10 21:21:39,i2401-C-780,i2401-C-780,22.9,0.0,0.0,0.0,10,22.0,22.5,30,22.9,19.7,0.0,0.0,0.0,0.0,128
2023-05-10 21:21:53,i2401-C-780,i2401-C-780,22.9,0.0,0.0,0.0,10,22.0,22.5,20,22.9,19.7,0.0,0.0,0.0,0.0,128
2023-05-10 21:21:56,i2401-C-780,i2401-C-780,22.9,0.0,0.0,0.0,10,22.0,22.5,30,22.9,19.7,0.0,0.0,0.0,0.0,128
2023-05-10 21:21:57,i2401-C-780,i2401-C-780,22.9,0.0,0.0,0.0,10,22.0,22.5,20,22.9,19.7,0.0,0.0,0.0,0.0,128
2023-05-10 21:21:57,i2401-C-780,i2401-C-780,22.9,0.0,0.0,0.0,10,22.0,22.5,30,22.9,19.7,0.0,0.0,0.0,0.0,128
2023-05-10 21:21:58,i2401-C-780,i2401-C-780,22.9,0.0,0.0,0.0,10,22.0,22.5,20,22.9,19.7,0.0,0.0,0.0,0.0,128
2023-05-10 21:21:58,i2401-C-780,i2401-C-780,22.9,0.0,0.0,0.0,10,22.0,22.5,30,22.9,19.7,0.0,0.0,0.0,0.0,128
2023-05-10 21:22:03,i2401-C-780,i2401-C-780,22.9,0.0,0.0,0.0,20,21.9,22.4,10,22.9,19.7,0.0,0.0,0.0,0.0,128
2023-05-10 21:22:04,i2401-C-780,i2401-C-780,22.9,0.0,0.0,0.0,10,21.9,22.4,20,22.9,19.7,0.0,0.0,0.0,0.0,128
2023-05-10 21:22:04,i2401-C-780,i2401-C-780,22.9,0.0,0.0,0.0,20,21.8,22.3,10,22.9,19.7,0.0,0.0,0.0,0.0,128
2023-05-10 21:22:05,i2401-C-780,i2401-C-780,22.9,0.0,0.0,0.0,20,21.8,22.3,30,22.9,19.7,0.0,0.0,0.0,0.0,128
2023-05-10 21:22:08,i2401-C-780,i2401-C-780,22.9,0.0,0.0,0.0,20,21.8,22.3,20,22.9,19.7,0.0,0.0,0.0,0.0,128
2023-05-10 21:22:14,i2401-C-780,i2401-C-780,22.9,0.0,0.0,0.0,20,21.8,22.3,30,22.9,19.7,0.0,0.0,0.0,0.0,128
2023-05-10 21:22:18,i2401-C-780,i2401-C-780,22.9,0.0,0.0,0.0,30,21.8,22.3,10,22.9,19.7,0.0,0.0,0.0,0.0,128
2023-05-10 21:22:18,i2401-C-780,i2401-C-780,22.9,0.0,0.0,0.0,20,21.8,22.4,30,22.9,19.7,0.0,0.0,0.0,0.0,128
2023-05-10 21:22:19,i2401-C-780,i2401-C-780,22.9,0.0,0.0,0.0,30,21.8,22.4,20,22.9,19.7,0.0,0.0,0.0,0.0,128
2023-05-10 21:22:20,i2401-C-780,i2401-C-780,22.9,0.0,0.0,0.0,30,21.8,22.4,30,22.9,19.7,0.0,0.0,0.0,0.0,128
2023-05-10 21:22:40,i2401-C-780,i2401-C-780,22.9,0.0,0.0,0.0,20,21.8,22.4,40,22.9,19.7,0.0,0.0,0.0,0.0,128
2023-05-10 21:22:55,i2401-C-780,i2401-C-780,22.9,0.0,0.0,0.0,20,21.8,22.4,30,22.9,19.7,0.0,0.0,0.0,0.0,128
2023-05-10 21:23:05,i2401-C-780,i2401-C-780,22.9,0.0,0.0,0.0,20,21.8,22.4,40,22.9,19.7,0.0,0.0,0.0,0.0,128
2023-05-10 21:23:46,i2401-C-780,i2401-C-780,22.9,0.0,0.0,0.0,20,21.8,22.3,10,22.9,19.7,0.0,0.0,0.0,0.0,128
2023-05-10 21:23:48,i2401-C-780,i2401-C-780,22.9,0.0,0.0,0.0,20,21.8,22.3,20,22.9,19.7,0.0,0.0,0.0,0.0,128
2023-05-10 21:23:48,i2401-C-780,i2401-C-780,22.9,0.0,0.0,0.0,20,21.8,22.3,10,22.9,19.7,0.0,0.0,0.0,0.0,128
2023-05-10 21:23:49,i2401-C-780,i2401-C-780,22.9,0.0,0.0,0.0,10,21.8,22.3,30,22.9,19.7,0.0,0.0,0.0,0.0,128
2023-05-10 21:23:54,i2401-C-780,i2401-C-780,22.9,0.0,0.0,0.0,10,21.8,22.3,20,22.9,19.7,0.0,0.0,0.0,0.0,128
2023-05-10 21:24:23,i2401-C-780,i2401-C-780,22.9,0.0,0.0,0.0,20,21.8,22.4,20,22.9,19.7,0.0,0.0,0.0,0.0,128
2023-05-10 21:24:24,i2401-C-780,i2401-C-780,22.9,0.0,0.0,0.0,20,21.8,22.4,30,22.9,19.7,0.0,0.0,0.0,0.0,128
2023-05-10 21:24:25,i2401-C-780,i2401-C-780,22.9,0.0,0.0,0.0,10,21.8,22.4,30,22.9,19.7,0.0,0.0,0.0,0.0,128
2023-05-10 21:24:26,i2401-C-780,i2401-C-780,22.9,0.0,0.0,0.0,20,21.8,22.4,30,22.9,19.7,0.0,0.0,0.0,0.0,128
2023-05-10 21:24:27,i2401-C-780,i2401-C-780,22.9,0.0,0.0,0.0,30,21.8,22.4,30,22.9,19.7,0.0,0.0,0.0,0.0,128
2023-05-10 21:24:28,i2401-C-780,i2401-C-780,22.9,0.0,0.0,0.0,20,21.8,22.4,30,22.9,19.7,0.0,0.0,0.0,0.0,128
2023-05-10 21:24:28,i2401-C-780,i2401-C-780,22.9,0.0,0.0,0.0,30,21.8,22.4,30,22.9,19.7,0.0,0.0,0.0,0.0,128
2023-05-10 21:24:29,i2401-C-780,i2401-C-780,22.9,0.0,0.0,0.0,20,21.8,22.4,30,22.9,19.7,0.0,0.0,0.0,0.0,128
2023-05-10 21:24:32,i2401-C-780,i2401-C-780,22.9,0.0,0.0,0.0,20,21.8,22.4,40,22.9,19.7,0.0,0.0,0.0,0.0,128
2023-05-10 21:24:33,i2401-C-780,i2401-C-780,22.9,0.0,0.0,0.0,10,21.8,22.4,40,22.9,19.7,0.0,0.0,0.0,0.0,128
2023-05-10 21:24:34,i2401-C-780,i2401-C-780,22.9,0.0,0.0,0.0,10,21.8,22.4,30,22.9,19.7,0.0,0.0,0.0,0.0,128
2023-05-10 21:24:36,i2401-C-780,i2401-C-780,22.9,0.0,0.0,0.0,10,21.8,22.4,40,22.9,19.7,0.0,0.0,0.0,0.0,128
2023-05-10 21:24:42,i2401-C-780,i2401-C-780,22.9,0.0,0.0,0.0,10,21.8,22.3,30,22.9,19.7,0.0,0.0,0.0,0.0,128
2023-05-10 21:24:43,i2401-C-780,i2401-C-780,22.9,0.0,0.0,0.0,10,21.8,22.3,20,22.9,19.7,0.0,0.0,0.0,0.0,128
2023-05-10 21:24:43,i2401-C-780,i2401-C-780,22.9,0.0,0.0,0.0,20,21.7,22.3,40,22.9,19.7,0.0,0.0,0.0,0.0,128
2023-05-10 21:24:44,i2401-C-780,i2401-C-780,22.9,0.0,0.0,0.0,10,21.8,22.3,20,22.9,19.7,0.0,0.0,0.0,0.0,128
2023-05-10 21:24:45,i2401-C-780,i2401-C-780,22.9,0.0,0.0,0.0,10,21.8,22.3,30,22.9,19.7,0.0,0.0,0.0,0.0,128
2023-05-10 21:24:45,i2401-C-780,i2401-C-780,22.9,0.0,0.0,0.0,10,21.8,22.3,10,22.9,19.7,0.0,0.0,0.0,0.0,128
2023-05-10 21:24:48,i2401-C-780,i2401-C-780,22.9,0.0,0.0,0.0,10,21.8,22.3,20,22.9,19.7,0.0,0.0,0.0,0.0,128
2023-05-10 21:25:14,i2401-C-780,i2401-C-780,22.9,0.0,0.0,0.0,10,21.9,22.3,20,22.9,19.7,0.0,0.0,0.0,0.0,128
2023-05-10 21:25:14,i2401-C-780,i2401-C-780,22.9,0.0,0.0,0.0,10,21.9,22.4,10,22.9,19.7,0.0,0.0,0.0,0.0,128
2023-05-10 21:25:15,i2401-C-780,i2401-C-780,22.9,0.0,0.0,0.0,10,21.8,22.4,20,22.9,19.7,0.0,0.0,0.0,0.0,128
2023-05-10 21:25:15,i2401-C-780,i2401-C-780,22.9,0.0,0.0,0.0,10,21.8,22.4,30,22.9,19.7,0.0,0.0,0.0,0.0,128
2023-05-10 21:25:15,i2401-C-780,i2401-C-780,22.9,0.0,0.0,0.0,10,21.8,22.4,20,22.9,19.7,0.0,0.0,0.0,0.0,128
2023-05-10 21:25:16,i2401-C-780,i2401-C-780,22.9,0.0,0.0,0.0,10,21.8,22.4,40,22.9,19.7,0.0,0.0,0.0,0.0,128
2023-05-10 21:25:17,i2401-C-780,i2401-C-780,22.9,0.0,0.0,0.0,10,21.8,22.4,30,22.9,19.7,0.0,0.0,0.0,0.0,128
2023-05-10 21:25:18,i2401-C-780,i2401-C-780,22.9,0.0,0.0,0.0,10,21.8,22.4,40,22.9,19.7,0.0,0.0,0.0,0.0,128
2023-05-10 21:25:20,i2401-C-780,i2401-C-780,22.9,0.0,0.0,0.0,20,21.8,22.4,40,22.9,19.7,0.0,0.0,0.0,0.0,128
2023-05-10 21:25:21,i2401-C-780,i2401-C-780,22.9,0.0,0.0,0.0,20,21.8,22.4,30,22.9,19.7,0.0,0.0,0.0,0.0,128
2023-05-10 21:25:24,i2401-C-780,i2401-C-780,22.9,0.0,0.0,0.0,10,21.8,22.4,20,22.9,19.7,0.0,0.0,0.0,0.0,128
2023-05-10 21:25:24,i2401-C-780,i2401-C-780,22.9,0.0,0.0,0.0,10,21.8,22.4,30,22.9,19.7,0.0,0.0,0.0,0.0,128
2023-05-10 21:25:25,i2401-C-780,i2401-C-780,22.9,0.0,0.0,0.0,20,21.8,22.4,30,22.9,19.7,0.0,0.0,0.0,0.0,128
2023-05-10 21:25:31,i2401-C-780,i2401-C-780,22.9,0.0,0.0,0.0,10,21.8,22.4,30,22.9,19.7,0.0,0.0,0.0,0.0,128
2023-05-10 21:25:34,i2401-C-780,i2401-C-780,22.9,0.0,0.0,0.0,20,21.8,22.4,30,22.9,19.7,0.0,0.0,0.0,0.0,128
2023-05-10 21:25:37,i2401-C-780,i2401-C-780,22.9,0.0,0.0,0.0,30,21.8,22.4,30,22.9,19.7,0.0,0.0,0.0,0.0,128
2023-05-10 21:25:48,i2401-C-780,i2401-C-780,22.9,0.0,0.0,0.0,20,21.8,22.4,30,22.9,19.7,0.0,0.0,0.0,0.0,128
2023-05-10 21:25:49,i2401-C-780,i2401-C-780,22.9,0.0,0.0,0.0,10,21.8,22.4,30,22.9,19.7,0.0,0.0,0.0,0.0,128
2023-05-10 21:25:50,i2401-C-780,i2401-C-780,22.9,0.0,0.0,0.0,10,21.8,22.4,40,22.9,19.7,0.0,0.0,0.0,0.0,128
2023-05-10 21:26:00,i2401-C-780,i2401-C-780,22.9,0.0,0.0,0.0,10,21.8,22.4,30,22.9,19.7,0.0,0.0,0.0,0.0,128
2023-05-10 21:26:05,i2401-C-780,i2401-C-780,22.9,0.0,0.0,0.0,20,21.8,22.4,20,22.9,19.7,0.0,0.0,0.0,0.0,128
2023-05-10 21:26:07,i2401-C-780,i2401-C-780,22.9,0.0,0.0,0.0,30,21.8,22.4,30,22.9,19.7,0.0,0.0,0.0,0.0,128
2023-05-10 21:27:04,i2401-C-780,i2401-C-780,22.9,0.0,0.0,0.0,10,22.0,22.4,10,22.9,19.7,0.0,0.0,0.0,0.0,128
2023-05-10 21:27:04,i2401-C-780,i2401-C-780,22.9,0.0,0.0,0.0,20,22.0,22.5,10,22.9,19.7,0.0,0.0,0.0,0.0,128
2023-05-10 21:27:05,i2401-C-780,i2401-C-780,22.9,0.0,0.0,0.0,20,22.1,22.6,10,22.9,19.7,0.0,0.0,0.0,0.0,128
2023-05-10 21:27:06,i2401-C-780,i2401-C-780,22.9,0.0,0.0,0.0,10,22.1,22.6,20,22.9,19.7,0.0,0.0,0.0,0.0,128
2023-05-10 21:27:07,i2401-C-780,i2401-C-780,22.9,0.0,0.0,0.0,20,22.1,22.6,20,22.9,19.7,0.0,0.0,0.0,0.0,128
2023-05-10 21:27:08,i2401-C-780,i2401-C-780,22.9,0.0,0.0,0.0,10,22.1,22.6,20,22.9,19.7,0.0,0.0,0.0,0.0,128
2023-05-10 21:27:10,i2401-C-780,i2401-C-780,22.9,0.0,0.0,0.0,20,22.1,22.6,20,22.9,19.7,0.0,0.0,0.0,0.0,128
2023-05-10 21:27:12,i2401-C-780,i2401-C-780,22.9,0.0,0.0,0.0,10,22.1,22.6,20,22.9,19.7,0.0,0.0,0.0,0.0,128
2023-05-10 21:27:13,i2401-C-780,i2401-C-780,22.9,0.0,0.0,0.0,20,22.1,22.6,20,22.9,19.7,0.0,0.0,0.0,0.0,128
2023-05-10 21:27:18,i2401-C-780,i2401-C-780,22.9,0.0,0.0,0.0,10,22.1,22.6,20,22.9,19.7,0.0,0.0,0.0,0.0,128
2023-05-10 21:27:25,i2401-C-780,i2401-C-780,22.9,0.0,0.0,0.0,30,22.0,22.6,30,22.9,19.7,0.0,0.0,0.0,0.0,128
2023-05-10 21:27:59,i2401-C-780,i2401-C-780,22.9,0.0,0.0,0.0,20,22.0,22.6,30,22.9,19.7,0.0,0.0,0.0,0.0,128
2023-05-10 21:28:00,i2401-C-780,i2401-C-780,22.9,0.0,0.0,0.0,30,22.0,22.6,30,22.9,19.7,0.0,0.0,0.0,0.0,128
2023-05-10 21:28:29,i2401-C-780,i2401-C-780,22.9,0.0,0.0,0.0,20,22.0,22.6,30,22.9,19.7,0.0,0.0,0.0,0.0,128
2023-05-10 21:28:49,i2401-C-780,i2401-C-780,22.9,0.0,0.0,0.0,20,22.0,22.6,40,22.9,19.7,0.0,0.0,0.0,0.0,128
2023-05-10 21:28:50,i2401-C-780,i2401-C-780,22.9,0.0,0.0,0.0,10,22.1,22.5,10,22.9,19.7,0.0,0.0,0.0,0.0,128
2023-05-10 21:28:52,i2401-C-780,i2401-C-780,22.9,0.0,0.0,0.0,10,22.1,22.5,20,22.9,19.7,0.0,0.0,0.0,0.0,128
2023-05-10 21:28:56,i2401-C-780,i2401-C-780,22.9,0.0,0.0,0.0,10,22.0,22.5,20,22.9,19.7,0.0,0.0,0.0,0.0,128
2023-05-10 21:29:01,i2401-C-780,i2401-C-780,22.9,0.0,0.0,0.0,20,21.9,22.5,10,22.9,19.7,0.0,0.0,0.0,0.0,128
2023-05-10 21:29:02,i2401-C-780,i2401-C-780,22.9,0.0,0.0,0.0,10,21.9,22.6,20,22.9,19.7,0.0,0.0,0.0,0.0,128
2023-05-10 21:29:02,i2401-C-780,i2401-C-780,22.9,0.0,0.0,0.0,10,21.9,22.5,10,22.9,19.7,0.0,0.0,0.0,0.0,128
2023-05-10 21:29:02,i2401-C-780,i2401-C-780,22.9,0.0,0.0,0.0,20,21.9,22.5,20,22.9,19.7,0.0,0.0,0.0,0.0,128
2023-05-10 21:29:03,i2401-C-780,i2401-C-780,22.9,0.0,0.0,0.0,20,21.9,22.5,30,22.9,19.7,0.0,0.0,0.0,0.0,128
2023-05-10 21:29:04,i2401-C-780,i2401-C-780,22.9,0.0,0.0,0.0,10,21.9,22.5,30,22.9,19.7,0.0,0.0,0.0,0.0,128
2023-05-10 21:29:09,i2401-C-780,i2401-C-780,22.9,0.0,0.0,0.0,10,21.9,22.4,10,22.9,19.7,0.0,0.0,0.0,0.0,128
2023-05-10 21:29:09,i2401-C-780,i2401-C-780,22.9,0.0,0.0,0.0,10,21.9,22.4,20,22.9,19.7,0.0,0.0,0.0,0.0,128
2023-05-10 21:29:11,i2401-C-780,i2401-C-780,22.9,0.0,0.0,0.0,10,21.9,22.4,30,22.9,19.7,0.0,0.0,0.0,0.0,128
2023-05-10 21:29:17,i2401-C-780,i2401-C-780,22.9,0.0,0.0,0.0,10,21.9,22.4,40,22.9,19.7,0.0,0.0,0.0,0.0,128
2023-05-10 21:29:28,i2401-C-780,i2401-C-780,22.9,0.0,0.0,0.0,10,21.9,22.4,30,22.9,19.7,0.0,0.0,0.0,0.0,128
2023-05-10 21:29:35,i2401-C-780,i2401-C-780,22.9,0.0,0.0,0.0,10,21.9,22.4,40,22.9,19.7,0.0,0.0,0.0,0.0,128
2023-05-10 21:29:37,i2401-C-780,i2401-C-780,22.9,0.0,0.0,0.0,20,21.8,22.4,50,22.9,19.7,0.0,0.0,0.0,0.0,128
2023-05-10 21:29:38,i2401-C-780,i2401-C-780,22.9,0.0,0.0,0.0,20,21.8,22.3,30,22.9,19.7,0.0,0.0,0.0,0.0,128
2023-05-10 21:29:38,i2401-C-780,i2401-C-780,22.9,0.0,0.0,0.0,20,21.8,22.3,20,22.9,19.7,0.0,0.0,0.0,0.0,128
2023-05-10 21:29:52,i2401-C-780,i2401-C-780,22.9,0.0,0.0,0.0,20,21.8,22.3,30,22.9,19.7,0.0,0.0,0.0,0.0,128
2023-05-10 21:29:54,i2401-C-780,i2401-C-780,22.9,0.0,0.0,0.0,10,21.8,22.3,30,22.9,19.7,0.0,0.0,0.0,0.0,128
2023-05-10 21:29:56,i2401-C-780,i2401-C-780,22.9,0.0,0.0,0.0,10,21.8,22.3,20,22.9,19.7,0.0,0.0,0.0,0.0,128
2023-05-10 21:30:29,i2401-C-780,i2401-C-780,22.9,0.0,0.0,0.0,10,21.8,22.3,30,22.9,19.7,0.0,0.0,0.0,0.0,128
2023-05-10 21:30:33,i2401-C-780,i2401-C-780,22.9,0.0,0.0,0.0,10,21.8,22.3,20,22.9,19.7,0.0,0.0,0.0,0.0,128
2023-05-10 21:30:34,i2401-C-780,i2401-C-780,22.9,0.0,0.0,0.0,10,21.8,22.3,30,22.9,19.7,0.0,0.0,0.0,0.0,128
2023-05-10 21:30:35,i2401-C-780,i2401-C-780,22.9,0.0,0.0,0.0,10,21.7,22.3,40,22.9,19.7,0.0,0.0,0.0,0.0,128
2023-05-10 21:30:35,i2401-C-780,i2401-C-780,22.9,0.0,0.0,0.0,10,21.7,22.2,10,22.9,19.7,0.0,0.0,0.0,0.0,128
2023-05-10 21:30:44,i2401-C-780,i2401-C-780,22.9,0.0,0.0,0.0,10,21.7,22.2,20,22.9,19.7,0.0,0.0,0.0,0.0,128
2023-05-10 21:30:45,i2401-C-780,i2401-C-780,22.9,0.0,0.0,0.0,10,21.7,22.2,30,22.9,19.7,0.0,0.0,0.0,0.0,128
2023-05-10 21:30:46,i2401-C-780,i2401-C-780,22.9,0.0,0.0,0.0,10,21.7,22.2,20,22.9,19.7,0.0,0.0,0.0,0.0,128
2023-05-10 21:30:49,i2401-C-780,i2401-C-780,22.9,0.0,0.0,0.0,10,21.7,22.2,30,22.9,19.7,0.0,0.0,0.0,0.0,128
2023-05-10 21:30:55,i2401-C-780,i2401-C-780,22.9,0.0,0.0,0.0,10,21.7,22.2,20,22.9,19.7,0.0,0.0,0.0,0.0,128
2023-05-10 21:30:56,i2401-C-780,i2401-C-780,22.9,0.0,0.0,0.0,20,21.7,22.3,30,22.9,19.7,0.0,0.0,0.0,0.0,128
2023-05-10 21:30:56,i2401-C-780,i2401-C-780,22.9,0.0,0.0,0.0,20,21.7,22.3,20,22.9,19.7,0.0,0.0,0.0,0.0,128
2023-05-10 21:30:57,i2401-C-780,i2401-C-780,22.9,0.0,0.0,0.0,10,21.7,22.3,40,22.9,19.7,0.0,0.0,0.0,0.0,128
2023-05-10 21:31:08,i2401-C-780,i2401-C-780,22.9,0.0,0.0,0.0,20,21.7,22.3,50,22.9,19.7,0.0,0.0,0.0,0.0,128
2023-05-10 21:31:09,i2401-C-780,i2401-C-780,22.9,0.0,0.0,0.0,20,21.7,22.2,30,22.9,19.7,0.0,0.0,0.0,0.0,128
2023-05-10 21:31:10,i2401-C-780,i2401-C-780,22.9,0.0,0.0,0.0,20,21.7,22.2,20,22.9,19.7,0.0,0.0,0.0,0.0,128
2023-05-10 21:31:10,i2401-C-780,i2401-C-780,22.9,0.0,0.0,0.0,20,21.7,22.2,30,22.9,19.7,0.0,0.0,0.0,0.0,128
2023-05-10 21:31:11,i2401-C-780,i2401-C-780,22.9,0.0,0.0,0.0,10,21.7,22.2,20,22.9,19.7,0.0,0.0,0.0,0.0,128
2023-05-10 21:31:13,i2401-C-780,i2401-C-780,22.9,0.0,0.0,0.0,10,21.7,22.2,30,22.9,19.7,0.0,0.0,0.0,0.0,128
2023-05-10 21:31:16,i2401-C-780,i2401-C-780,22.9,0.0,0.0,0.0,10,21.7,22.2,20,22.9,19.7,0.0,0.0,0.0,0.0,128
2023-05-10 21:31:20,i2401-C-780,i2401-C-780,22.9,0.0,0.0,0.0,10,21.7,22.2,30,22.9,19.7,0.0,0.0,0.0,0.0,128
2023-05-10 21:31:24,i2401-C-780,i2401-C-780,22.9,0.0,0.0,0.0,10,21.7,22.2,20,22.9,19.7,0.0,0.0,0.0,0.0,128
2023-05-10 21:31:31,i2401-C-780,i2401-C-780,22.9,0.0,0.0,0.0,20,21.7,22.2,20,22.9,19.7,0.0,0.0,0.0,0.0,128
2023-05-10 21:31:40,i2401-C-780,i2401-C-780,22.9,0.0,0.0,0.0,30,21.6,22.2,40,22.9,19.7,0.0,0.0,0.0,0.0,128
2023-05-10 21:31:45,i2401-C-780,i2401-C-780,22.9,0.0,0.0,0.0,30,21.6,22.2,30,22.9,19.7,0.0,0.0,0.0,0.0,128
2023-05-10 21:31:48,i2401-C-780,i2401-C-780,22.9,0.0,0.0,0.0,30,21.6,22.2,40,22.9,19.7,0.0,0.0,0.0,0.0,128
2023-05-10 21:32:13,i2401-C-780,i2401-C-780,22.9,0.0,0.0,0.0,30,21.6,22.2,30,22.9,19.7,0.0,0.0,0.0,0.0,128
2023-05-10 21:32:13,i2401-C-780,i2401-C-780,22.9,0.0,0.0,0.0,30,21.6,22.2,40,22.9,19.7,0.0,0.0,0.0,0.0,128
2023-05-10 21:32:15,i2401-C-780,i2401-C-780,22.9,0.0,0.0,0.0,30,21.6,22.2,30,22.9,19.7,0.0,0.0,0.0,0.0,128
2023-05-10 21:32:17,i2401-C-780,i2401-C-780,22.9,0.0,0.0,0.0,30,21.6,22.2,40,22.9,19.7,0.0,0.0,0.0,0.0,128
2023-05-10 21:32:17,i2401-C-780,i2401-C-780,22.9,0.0,0.0,0.0,30,21.6,22.2,30,22.9,19.7,0.0,0.0,0.0,0.0,128
2023-05-10 21:32:18,i2401-C-780,i2401-C-780,22.9,0.0,0.0,0.0,30,21.6,22.2,40,22.9,19.7,0.0,0.0,0.0,0.0,128
2023-05-10 21:32:19,i2401-C-780,i2401-C-780,22.9,0.0,0.0,0.0,30,21.6,22.2,30,22.9,19.7,0.0,0.0,0.0,0.0,128
2023-05-10 21:32:51,i2401-C-780,i2401-C-780,22.9,0.0,0.0,0.0,30,21.6,22.2,40,22.9,19.7,0.0,0.0,0.0,0.0,128
2023-05-10 21:32:52,i2401-C-780,i2401-C-780,22.9,0.0,0.0,0.0,30,21.6,22.1,10,22.9,19.7,0.0,0.0,0.0,0.0,128
2023-05-10 21:32:52,i2401-C-780,i2401-C-780,22.9,0.0,0.0,0.0,30,21.6,22.1,30,22.9,19.7,0.0,0.0,0.0,0.0,128
2023-05-10 21:32:53,i2401-C-780,i2401-C-780,22.9,0.0,0.0,0.0,30,21.6,22.1,40,22.9,19.7,0.0,0.0,0.0,0.0,128
2023-05-10 21:32:57,i2401-C-780,i2401-C-780,22.9,0.0,0.0,0.0,30,21.6,22.1,30,22.9,19.7,0.0,0.0,0.0,0.0,128
2023-05-10 21:33:00,i2401-C-780,i2401-C-780,22.9,0.0,0.0,0.0,20,21.6,22.1,30,22.9,19.7,0.0,0.0,0.0,0.0,128
2023-05-10 21:33:01,i2401-C-780,i2401-C-780,22.9,0.0,0.0,0.0,20,21.6,22.1,40,22.9,19.7,0.0,0.0,0.0,0.0,128
2023-05-10 21:33:04,i2401-C-780,i2401-C-780,22.9,0.0,0.0,0.0,10,21.6,22.1,40,22.9,19.7,0.0,0.0,0.0,0.0,128
2023-05-10 21:33:08,i2401-C-780,i2401-C-780,22.9,0.0,0.0,0.0,20,21.6,22.1,40,22.9,19.7,0.0,0.0,0.0,0.0,128
2023-05-10 21:33:09,i2401-C-780,i2401-C-780,22.9,0.0,0.0,0.0,20,21.6,22.1,30,22.9,19.7,0.0,0.0,0.0,0.0,128
2023-05-10 21:33:10,i2401-C-780,i2401-C-780,22.9,0.0,0.0,0.0,10,21.6,22.1,30,22.9,19.7,0.0,0.0,0.0,0.0,128
2023-05-10 21:33:11,i2401-C-780,i2401-C-780,22.9,0.0,0.0,0.0,11,21.5,22.1,40,22.9,19.7,0.0,0.0,0.0,0.0,128
2023-05-10 21:33:11,i2401-C-780,i2401-C-780,22.9,0.0,0.0,0.0,11,21.5,22.1,50,22.9,19.7,0.0,0.0,0.0,0.0,128
2023-05-10 21:33:12,i2401-C-780,i2401-C-780,22.9,0.0,0.0,0.0,21,21.5,22.1,40,22.9,19.7,0.0,0.0,0.0,0.0,128
2023-05-10 21:33:14,i2401-C-780,i2401-C-780,22.9,0.0,0.0,0.0,11,21.5,22.1,50,22.9,19.7,0.0,0.0,0.0,0.0,128
2023-05-10 21:33:15,i2401-C-780,i2401-C-780,22.9,0.0,0.0,0.0,21,21.5,22.1,40,22.9,19.7,0.0,0.0,0.0,0.0,128
2023-05-10 21:33:18,i2401-C-780,i2401-C-780,22.9,0.0,0.0,0.0,11,21.5,22.1,50,22.9,19.7,0.0,0.0,0.0,0.0,128
2023-05-10 21:33:19,i2401-C-780,i2401-C-780,22.9,0.0,0.0,0.0,21,21.5,22.1,40,22.9,19.7,0.0,0.0,0.0,0.0,128
2023-05-10 21:33:20,i2401-C-780,i2401-C-780,22.9,0.0,0.0,0.0,11,21.5,22.1,40,22.9,19.7,0.0,0.0,0.0,0.0,128
2023-05-10 21:33:21,i2401-C-780,i2401-C-780,22.9,0.0,0.0,0.0,21,21.5,22.1,40,22.9,19.7,0.0,0.0,0.0,0.0,128
2023-05-10 21:33:22,i2401-C-780,i2401-C-780,22.9,0.0,0.0,0.0,11,21.5,22.1,50,22.9,19.7,0.0,0.0,0.0,0.0,128
2023-05-10 21:33:22,i2401-C-780,i2401-C-780,22.9,0.0,0.0,0.0,21,21.5,22.1,50,22.9,19.7,0.0,0.0,0.0,0.0,128
2023-05-10 21:33:23,i2401-C-780,i2401-C-780,22.9,0.0,0.0,0.0,21,21.5,22.1,40,22.9,19.7,0.0,0.0,0.0,0.0,128
2023-05-10 21:33:28,i2401-C-780,i2401-C-780,22.9,0.0,0.0,0.0,10,21.6,22.1,10,22.9,19.7,0.0,0.0,0.0,0.0,128
2023-05-10 21:33:28,i2401-C-780,i2401-C-780,22.9,0.0,0.0,0.0,10,21.6,22.2,20,22.9,19.7,0.0,0.0,0.0,0.0,128
2023-05-10 21:33:29,i2401-C-780,i2401-C-780,22.9,0.0,0.0,0.0,10,21.6,22.2,10,22.9,19.7,0.0,0.0,0.0,0.0,128
2023-05-10 21:33:31,i2401-C-780,i2401-C-780,22.9,0.0,0.0,0.0,10,21.6,22.2,20,22.9,19.7,0.0,0.0,0.0,0.0,128
2023-05-10 21:33:33,i2401-C-780,i2401-C-780,22.9,0.0,0.0,0.0,20,21.6,22.2,20,22.9,19.7,0.0,0.0,0.0,0.0,128
2023-05-10 21:33:34,i2401-C-780,i2401-C-780,22.9,0.0,0.0,0.0,10,21.6,22.2,20,22.9,19.7,0.0,0.0,0.0,0.0,128
2023-05-10 21:33:41,i2401-C-780,i2401-C-780,22.9,0.0,0.0,0.0,20,21.6,22.2,30,22.9,19.7,0.0,0.0,0.0,0.0,128
2023-05-10 21:33:46,i2401-C-780,i2401-C-780,22.9,0.0,0.0,0.0,20,21.6,22.2,20,22.9,19.7,0.0,0.0,0.0,0.0,128
2023-05-10 21:33:46,i2401-C-780,i2401-C-780,22.9,0.0,0.0,0.0,20,21.6,22.2,30,22.9,19.7,0.0,0.0,0.0,0.0,128
2023-05-10 21:33:47,i2401-C-780,i2401-C-780,22.9,0.0,0.0,0.0,41,21.5,22.2,30,22.9,19.7,0.0,0.0,0.0,0.0,128
2023-05-10 21:33:48,i2401-C-780,i2401-C-780,22.9,0.0,0.0,0.0,10,21.6,22.2,20,22.9,19.7,0.0,0.0,0.0,0.0,128
2023-05-10 21:33:48,i2401-C-780,i2401-C-780,22.9,0.0,0.0,0.0,10,21.6,22.2,30,22.9,19.7,0.0,0.0,0.0,0.0,128
2023-05-10 21:33:50,i2401-C-780,i2401-C-780,22.9,0.0,0.0,0.0,20,21.6,22.2,30,22.9,19.7,0.0,0.0,0.0,0.0,128
2023-05-10 21:33:55,i2401-C-780,i2401-C-780,22.9,0.0,0.0,0.0,10,21.6,22.2,30,22.9,19.7,0.0,0.0,0.0,0.0,128
2023-05-10 21:34:01,i2401-C-780,i2401-C-780,22.9,0.0,0.0,0.0,41,21.5,22.2,30,22.9,19.7,0.0,0.0,0.0,0.0,128
2023-05-10 21:34:04,i2401-C-780,i2401-C-780,22.9,0.0,0.0,0.0,10,21.6,22.2,30,22.9,19.7,0.0,0.0,0.0,0.0,128
2023-05-10 21:34:30,i2401-C-780,i2401-C-780,22.9,0.0,0.0,0.0,41,21.5,22.2,30,22.9,19.7,0.0,0.0,0.0,0.0,128
2023-05-10 21:34:33,i2401-C-780,i2401-C-780,22.9,0.0,0.0,0.0,10,21.6,22.2,30,22.9,19.7,0.0,0.0,0.0,0.0,128
2023-05-10 21:34:33,i2401-C-780,i2401-C-780,22.9,0.0,0.0,0.0,41,21.5,22.2,30,22.9,19.7,0.0,0.0,0.0,0.0,128
2023-05-10 21:34:34,i2401-C-780,i2401-C-780,22.9,0.0,0.0,0.0,10,21.6,22.2,30,22.9,19.7,0.0,0.0,0.0,0.0,128
2023-05-10 21:34:34,i2401-C-780,i2401-C-780,22.9,0.0,0.0,0.0,41,21.5,22.2,30,22.9,19.7,0.0,0.0,0.0,0.0,128
2023-05-10 21:34:35,i2401-C-780,i2401-C-780,22.9,0.0,0.0,0.0,10,21.6,22.2,30,22.9,19.7,0.0,0.0,0.0,0.0,128
2023-05-10 21:34:36,i2401-C-780,i2401-C-780,22.9,0.0,0.0,0.0,41,21.5,22.2,30,22.9,19.7,0.0,0.0,0.0,0.0,128
2023-05-10 21:34:37,i2401-C-780,i2401-C-780,22.9,0.0,0.0,0.0,10,21.6,22.2,30,22.9,19.7,0.0,0.0,0.0,0.0,128
2023-05-10 21:34:54,i2401-C-780,i2401-C-780,22.9,0.0,0.0,0.0,41,21.5,22.2,30,22.9,19.7,0.0,0.0,0.0,0.0,128
2023-05-10 21:34:56,i2401-C-780,i2401-C-780,22.9,0.0,0.0,0.0,10,21.6,22.2,30,22.9,19.7,0.0,0.0,0.0,0.0,128
2023-05-10 21:34:58,i2401-C-780,i2401-C-780,22.9,0.0,0.0,0.0,41,21.5,22.2,30,22.9,19.7,0.0,0.0,0.0,0.0,128
2023-05-10 21:35:00,i2401-C-780,i2401-C-780,22.9,0.0,0.0,0.0,10,21.6,22.2,30,22.9,19.7,0.0,0.0,0.0,0.0,128
2023-05-10 21:35:01,i2401-C-780,i2401-C-780,22.9,0.0,0.0,0.0,41,21.5,22.2,30,22.9,19.7,0.0,0.0,0.0,0.0,128
2023-05-10 21:35:05,i2401-C-780,i2401-C-780,22.9,0.0,0.0,0.0,10,21.6,22.2,30,22.9,19.7,0.0,0.0,0.0,0.0,128
2023-05-10 21:35:05,i2401-C-780,i2401-C-780,22.9,0.0,0.0,0.0,41,21.5,22.2,30,22.9,19.7,0.0,0.0,0.0,0.0,128
2023-05-10 21:35:06,i2401-C-780,i2401-C-780,22.9,0.0,0.0,0.0,10,21.6,22.2,30,22.9,19.7,0.0,0.0,0.0,0.0,128
2023-05-10 21:35:14,i2401-C-780,i2401-C-780,22.9,0.0,0.0,0.0,41,21.5,22.2,30,22.9,19.7,0.0,0.0,0.0,0.0,128
2023-05-10 21:35:18,i2401-C-780,i2401-C-780,22.9,0.0,0.0,0.0,10,21.6,22.2,30,22.9,19.7,0.0,0.0,0.0,0.0,128
2023-05-10 21:35:20,i2401-C-780,i2401-C-780,22.9,0.0,0.0,0.0,41,21.5,22.2,30,22.9,19.7,0.0,0.0,0.0,0.0,128
2023-05-10 21:35:21,i2401-C-780,i2401-C-780,22.9,0.0,0.0,0.0,10,21.6,22.2,30,22.9,19.7,0.0,0.0,0.0,0.0,128
2023-05-10 21:35:23,i2401-C-780,i2401-C-780,22.9,0.0,0.0,0.0,41,21.5,22.2,30,22.9,19.7,0.0,0.0,0.0,0.0,128
2023-05-10 21:35:24,i2401-C-780,i2401-C-780,22.9,0.0,0.0,0.0,10,21.6,22.2,30,22.9,19.7,0.0,0.0,0.0,0.0,128
2023-05-10 21:36:09,i2401-C-780,i2401-C-780,22.9,0.0,0.0,0.0,41,21.5,22.2,30,22.9,19.7,0.0,0.0,0.0,0.0,128
2023-05-10 21:36:11,i2401-C-780,i2401-C-780,22.9,0.0,0.0,0.0,41,21.5,22.2,40,22.9,19.7,0.0,0.0,0.0,0.0,128
2023-05-10 21:36:12,i2401-C-780,i2401-C-780,22.9,0.0,0.0,0.0,31,21.5,22.2,40,22.9,19.7,0.0,0.0,0.0,0.0,128
2023-05-10 21:36:19,i2401-C-780,i2401-C-780,22.9,0.0,0.0,0.0,21,21.5,22.2,40,22.9,19.7,0.0,0.0,0.0,0.0,128
2023-05-10 21:36:23,i2401-C-780,i2401-C-780,22.9,0.0,0.0,0.0,21,21.5,22.1,30,22.9,19.7,0.0,0.0,0.0,0.0,128
2023-05-10 21:36:24,i2401-C-780,i2401-C-780,22.9,0.0,0.0,0.0,11,21.5,22.1,40,22.9,19.7,0.0,0.0,0.0,0.0,128
2023-05-10 21:36:25,i2401-C-780,i2401-C-780,22.9,0.0,0.0,0.0,11,21.5,22.1,30,22.9,19.7,0.0,0.0,0.0,0.0,128
2023-05-10 21:36:26,i2401-C-780,i2401-C-780,22.9,0.0,0.0,0.0,11,21.5,22.1,40,22.9,19.7,0.0,0.0,0.0,0.0,128
2023-05-10 21:36:26,i2401-C-780,i2401-C-780,22.9,0.0,0.0,0.0,11,21.5,22.1,30,22.9,19.7,0.0,0.0,0.0,0.0,128
2023-05-10 21:36:27,i2401-C-780,i2401-C-780,22.9,0.0,0.0,0.0,11,21.5,22.1,40,22.9,19.7,0.0,0.0,0.0,0.0,128
2023-05-10 21:36:28,i2401-C-780,i2401-C-780,22.9,0.0,0.0,0.0,11,21.5,22.1,30,22.9,19.7,0.0,0.0,0.0,0.0,128
2023-05-10 21:36:43,i2401-C-780,i2401-C-780,22.9,0.0,0.0,0.0,11,21.5,22.1,40,22.9,19.7,0.0,0.0,0.0,0.0,128
2023-05-10 21:36:45,i2401-C-780,i2401-C-780,22.9,0.0,0.0,0.0,11,21.5,22.1,30,22.9,19.7,0.0,0.0,0.0,0.0,128
2023-05-10 21:36:46,i2401-C-780,i2401-C-780,22.9,0.0,0.0,0.0,21,21.5,22.1,20,22.9,19.7,0.0,0.0,0.0,0.0,128
2023-05-10 21:36:47,i2401-C-780,i2401-C-780,22.9,0.0,0.0,0.0,21,21.5,22.1,10,22.9,19.7,0.0,0.0,0.0,0.0,128
2023-05-10 21:36:47,i2401-C-780,i2401-C-780,22.9,0.0,0.0,0.0,31,21.5,22.1,10,22.9,19.7,0.0,0.0,0.0,0.0,128
2023-05-10 21:36:48,i2401-C-780,i2401-C-780,22.9,0.0,0.0,0.0,20,21.6,22.1,20,22.9,19.7,0.0,0.0,0.0,0.0,128
2023-05-10 21:36:53,i2401-C-780,i2401-C-780,22.9,0.0,0.0,0.0,10,21.7,22.1,20,22.9,19.7,0.0,0.0,0.0,0.0,128
2023-05-10 21:36:53,i2401-C-780,i2401-C-780,22.9,0.0,0.0,0.0,30,21.6,22.1,20,22.9,19.7,0.0,0.0,0.0,0.0,128
2023-05-10 21:36:57,i2401-C-780,i2401-C-780,22.9,0.0,0.0,0.0,20,21.6,22.1,20,22.9,19.7,0.0,0.0,0.0,0.0,128
2023-05-10 21:36:58,i2401-C-780,i2401-C-780,22.9,0.0,0.0,0.0,30,21.6,22.1,20,22.9,19.7,0.0,0.0,0.0,0.0,128
2023-05-10 21:36:59,i2401-C-780,i2401-C-780,22.9,0.0,0.0,0.0,20,21.6,22.1,20,22.9,19.7,0.0,0.0,0.0,0.0,128
2023-05-10 21:37:00,i2401-C-780,i2401-C-780,22.9,0.0,0.0,0.0,30,21.6,22.1,20,22.9,19.7,0.0,0.0,0.0,0.0,128
2023-05-10 21:37:01,i2401-C-780,i2401-C-780,22.9,0.0,0.0,0.0,30,21.6,22.1,10,22.9,19.7,0.0,0.0,0.0,0.0,128
2023-05-10 21:37:01,i2401-C-780,i2401-C-780,22.9,0.0,0.0,0.0,40,21.6,22.2,20,22.9,19.7,0.0,0.0,0.0,0.0,128
2023-05-10 21:37:02,i2401-C-780,i2401-C-780,22.9,0.0,0.0,0.0,10,21.7,22.2,20,22.9,19.7,0.0,0.0,0.0,0.0,128
2023-05-10 21:37:03,i2401-C-780,i2401-C-780,22.9,0.0,0.0,0.0,10,21.8,22.3,20,22.9,19.7,0.0,0.0,0.0,0.0,128
2023-05-10 21:37:04,i2401-C-780,i2401-C-780,22.9,0.0,0.0,0.0,20,21.7,22.3,20,22.9,19.7,0.0,0.0,0.0,0.0,128
2023-05-10 21:37:05,i2401-C-780,i2401-C-780,22.9,0.0,0.0,0.0,10,21.8,22.3,30,22.9,19.7,0.0,0.0,0.0,0.0,128
2023-05-10 21:37:05,i2401-C-780,i2401-C-780,22.9,0.0,0.0,0.0,30,21.7,22.3,30,22.9,19.7,0.0,0.0,0.0,0.0,128
2023-05-10 21:37:12,i2401-C-780,i2401-C-780,22.9,0.0,0.0,0.0,10,21.8,22.3,20,22.9,19.7,0.0,0.0,0.0,0.0,128
2023-05-10 21:37:12,i2401-C-780,i2401-C-780,22.9,0.0,0.0,0.0,20,21.8,22.4,20,22.9,19.7,0.0,0.0,0.0,0.0,128
2023-05-10 21:37:14,i2401-C-780,i2401-C-780,22.9,0.0,0.0,0.0,10,21.8,22.4,20,22.9,19.7,0.0,0.0,0.0,0.0,128
2023-05-10 21:37:14,i2401-C-780,i2401-C-780,22.9,0.0,0.0,0.0,20,21.8,22.4,30,22.9,19.7,0.0,0.0,0.0,0.0,128
2023-05-10 21:37:17,i2401-C-780,i2401-C-780,22.9,0.0,0.0,0.0,30,21.8,22.4,30,22.9,19.7,0.0,0.0,0.0,0.0,128
2023-05-10 21:37:19,i2401-C-780,i2401-C-780,22.9,0.0,0.0,0.0,20,21.8,22.4,30,22.9,19.7,0.0,0.0,0.0,0.0,128
2023-05-10 21:37:20,i2401-C-780,i2401-C-780,22.9,0.0,0.0,0.0,30,21.8,22.4,30,22.9,19.7,0.0,0.0,0.0,0.0,128
2023-05-10 21:37:23,i2401-C-780,i2401-C-780,22.9,0.0,0.0,0.0,10,21.9,22.4,30,22.9,19.7,0.0,0.0,0.0,0.0,128
2023-05-10 21:37:26,i2401-C-780,i2401-C-780,22.9,0.0,0.0,0.0,20,21.9,22.4,30,22.9,19.7,0.0,0.0,0.0,0.0,128
2023-05-10 21:37:27,i2401-C-780,i2401-C-780,22.9,0.0,0.0,0.0,10,21.9,22.4,30,22.9,19.7,0.0,0.0,0.0,0.0,128
2023-05-10 21:37:29,i2401-C-780,i2401-C-780,22.9,0.0,0.0,0.0,20,21.9,22.4,30,22.9,19.7,0.0,0.0,0.0,0.0,128
2023-05-10 21:37:29,i2401-C-780,i2401-C-780,22.9,0.0,0.0,0.0,10,21.9,22.4,30,22.9,19.7,0.0,0.0,0.0,0.0,128
2023-05-10 21:37:30,i2401-C-780,i2401-C-780,22.9,0.0,0.0,0.0,20,21.9,22.4,30,22.9,19.7,0.0,0.0,0.0,0.0,128
2023-05-10 21:37:33,i2401-C-780,i2401-C-780,22.9,0.0,0.0,0.0,10,21.9,22.4,30,22.9,19.7,0.0,0.0,0.0,0.0,128
2023-05-10 21:37:37,i2401-C-780,i2401-C-780,22.9,0.0,0.0,0.0,20,21.8,22.4,30,22.9,19.7,0.0,0.0,0.0,0.0,128
2023-05-10 21:37:39,i2401-C-780,i2401-C-780,22.9,0.0,0.0,0.0,30,21.8,22.4,30,22.9,19.7,0.0,0.0,0.0,0.0,128
2023-05-10 21:37:40,i2401-C-780,i2401-C-780,22.9,0.0,0.0,0.0,20,21.8,22.4,30,22.9,19.7,0.0,0.0,0.0,0.0,128
2023-05-10 21:37:43,i2401-C-780,i2401-C-780,22.9,0.0,0.0,0.0,40,21.7,22.4,40,22.9,19.7,0.0,0.0,0.0,0.0,128
2023-05-10 21:37:43,i2401-C-780,i2401-C-780,22.9,0.0,0.0,0.0,40,21.7,22.4,50,22.9,19.7,0.0,0.0,0.0,0.0,128
2023-05-10 21:37:44,i2401-C-780,i2401-C-780,22.9,0.0,0.0,0.0,30,21.7,22.4,50,22.9,19.7,0.0,0.0,0.0,0.0,128
2023-05-10 21:37:47,i2401-C-780,i2401-C-780,22.9,0.0,0.0,0.0,30,21.7,22.4,40,22.9,19.7,0.0,0.0,0.0,0.0,128
2023-05-10 21:37:49,i2401-C-780,i2401-C-780,22.9,0.0,0.0,0.0,40,21.7,22.4,40,22.9,19.7,0.0,0.0,0.0,0.0,128
2023-05-10 21:37:54,i2401-C-780,i2401-C-780,22.9,0.0,0.0,0.0,10,21.8,22.4,40,22.9,19.7,0.0,0.0,0.0,0.0,128
2023-05-10 21:37:56,i2401-C-780,i2401-C-780,22.9,0.0,0.0,0.0,40,21.7,22.4,40,22.9,19.7,0.0,0.0,0.0,0.0,128
2023-05-10 21:37:58,i2401-C-780,i2401-C-780,22.9,0.0,0.0,0.0,10,21.8,22.4,40,22.9,19.7,0.0,0.0,0.0,0.0,128
2023-05-10 21:38:00,i2401-C-780,i2401-C-780,22.9,0.0,0.0,0.0,30,21.7,22.4,50,22.9,19.7,0.0,0.0,0.0,0.0,128
2023-05-10 21:38:01,i2401-C-780,i2401-C-780,22.9,0.0,0.0,0.0,20,21.7,22.3,10,22.9,19.7,0.0,0.0,0.0,0.0,128
2023-05-10 21:38:01,i2401-C-780,i2401-C-780,22.9,0.0,0.0,0.0,30,21.6,22.3,20,22.9,19.7,0.0,0.0,0.0,0.0,128
2023-05-10 21:38:02,i2401-C-780,i2401-C-780,22.9,0.0,0.0,0.0,30,21.6,22.3,30,22.9,19.7,0.0,0.0,0.0,0.0,128
2023-05-10 21:38:03,i2401-C-780,i2401-C-780,22.9,0.0,0.0,0.0,40,21.6,22.3,30,22.9,19.7,0.0,0.0,0.0,0.0,128
2023-05-10 21:38:04,i2401-C-780,i2401-C-780,22.9,0.0,0.0,0.0,40,21.6,22.3,40,22.9,19.7,0.0,0.0,0.0,0.0,128
2023-05-10 21:38:06,i2401-C-780,i2401-C-780,22.9,0.0,0.0,0.0,40,21.6,22.3,60,22.9,19.7,0.0,0.0,0.0,0.0,128
2023-05-10 21:38:13,i2401-C-780,i2401-C-780,22.9,0.0,0.0,0.0,10,21.6,22.2,20,22.9,19.7,0.0,0.0,0.0,0.0,128
2023-05-10 21:38:14,i2401-C-780,i2401-C-780,22.9,0.0,0.0,0.0,10,21.6,22.2,30,22.9,19.7,0.0,0.0,0.0,0.0,128
2023-05-10 21:38:14,i2401-C-780,i2401-C-780,22.9,0.0,0.0,0.0,21,21.5,22.2,30,22.9,19.7,0.0,0.0,0.0,0.0,128
2023-05-10 21:38:16,i2401-C-780,i2401-C-780,22.9,0.0,0.0,0.0,11,21.5,22.2,30,22.9,19.7,0.0,0.0,0.0,0.0,128
2023-05-10 21:38:20,i2401-C-780,i2401-C-780,22.9,0.0,0.0,0.0,10,21.5,22.2,30,22.9,19.7,0.0,0.0,0.0,0.0,128
2023-05-10 21:38:21,i2401-C-780,i2401-C-780,22.9,0.0,0.0,0.0,20,21.5,22.2,30,22.9,19.7,0.0,0.0,0.0,0.0,128
2023-05-10 21:38:22,i2401-C-780,i2401-C-780,22.9,0.0,0.0,0.0,10,21.5,22.2,30,22.9,19.7,0.0,0.0,0.0,0.0,128
2023-05-10 21:38:23,i2401-C-780,i2401-C-780,22.9,0.0,0.0,0.0,10,21.5,22.1,30,22.9,19.7,0.0,0.0,0.0,0.0,128
2023-05-10 21:38:23,i2401-C-780,i2401-C-780,22.9,0.0,0.0,0.0,10,21.5,22.1,40,22.9,19.7,0.0,0.0,0.0,0.0,128
2023-05-10 21:38:24,i2401-C-780,i2401-C-780,22.9,0.0,0.0,0.0,20,21.5,22.1,30,22.9,19.7,0.0,0.0,0.0,0.0,128
2023-05-10 21:38:24,i2401-C-780,i2401-C-780,22.9,0.0,0.0,0.0,10,21.6,22.1,20,22.9,19.7,0.0,0.0,0.0,0.0,128
2023-05-10 21:38:25,i2401-C-780,i2401-C-780,22.9,0.0,0.0,0.0,20,21.5,22.1,20,22.9,19.7,0.0,0.0,0.0,0.0,128
2023-05-10 21:38:26,i2401-C-780,i2401-C-780,22.9,0.0,0.0,0.0,30,21.5,22.1,30,22.9,19.7,0.0,0.0,0.0,0.0,128
2023-05-10 21:38:26,i2401-C-780,i2401-C-780,22.9,0.0,0.0,0.0,30,21.5,22.1,20,22.9,19.7,0.0,0.0,0.0,0.0,128
2023-05-10 21:38:29,i2401-C-780,i2401-C-780,22.9,0.0,0.0,0.0,30,21.5,22.1,30,22.9,19.7,0.0,0.0,0.0,0.0,128
2023-05-10 21:38:31,i2401-C-780,i2401-C-780,22.9,0.0,0.0,0.0,20,21.5,22.1,30,22.9,19.7,0.0,0.0,0.0,0.0,128
2023-05-10 21:38:32,i2401-C-780,i2401-C-780,22.9,0.0,0.0,0.0,20,21.5,22.1,40,22.9,19.7,0.0,0.0,0.0,0.0,128
2023-05-10 21:38:32,i2401-C-780,i2401-C-780,22.9,0.0,0.0,0.0,20,21.5,22.1,30,22.9,19.7,0.0,0.0,0.0,0.0,128
2023-05-10 21:38:33,i2401-C-780,i2401-C-780,22.9,0.0,0.0,0.0,20,21.5,22.1,40,22.9,19.7,0.0,0.0,0.0,0.0,128
2023-05-10 21:38:46,i2401-C-780,i2401-C-780,22.9,0.0,0.0,0.0,20,21.5,22.1,30,22.9,19.7,0.0,0.0,0.0,0.0,128
2023-05-10 21:38:46,i2401-C-780,i2401-C-780,22.9,0.0,0.0,0.0,30,21.5,22.1,30,22.9,19.7,0.0,0.0,0.0,0.0,128
2023-05-10 21:38:50,i2401-C-780,i2401-C-780,22.9,0.0,0.0,0.0,20,21.5,22.1,30,22.9,19.7,0.0,0.0,0.0,0.0,128
2023-05-10 21:38:54,i2401-C-780,i2401-C-780,22.9,0.0,0.0,0.0,20,21.5,21.9,10,22.9,19.7,0.0,0.0,0.0,0.0,128
2023-05-10 21:38:54,i2401-C-780,i2401-C-780,22.9,0.0,0.0,0.0,30,21.4,21.9,10,22.9,19.7,0.0,0.0,0.0,0.0,128
2023-05-10 21:38:55,i2401-C-780,i2401-C-780,22.9,0.0,0.0,0.0,30,21.4,22.1,40,22.9,19.7,0.0,0.0,0.0,0.0,128
2023-05-10 21:38:55,i2401-C-780,i2401-C-780,22.9,0.0,0.0,0.0,10,21.5,22.1,40,22.9,19.7,0.0,0.0,0.0,0.0,128
2023-05-10 21:38:55,i2401-C-780,i2401-C-780,22.9,0.0,0.0,0.0,30,21.5,22.1,40,22.9,19.7,0.0,0.0,0.0,0.0,128
2023-05-10 21:38:59,i2401-C-780,i2401-C-780,22.9,0.0,0.0,0.0,20,21.5,22.1,40,22.9,19.7,0.0,0.0,0.0,0.0,128
2023-05-10 21:39:01,i2401-C-780,i2401-C-780,22.9,0.0,0.0,0.0,20,21.5,22.1,50,22.9,19.7,0.0,0.0,0.0,0.0,128
2023-05-10 21:39:01,i2401-C-780,i2401-C-780,22.9,0.0,0.0,0.0,10,21.5,22.1,50,22.9,19.7,0.0,0.0,0.0,0.0,128
2023-05-10 21:39:02,i2401-C-780,i2401-C-780,22.9,0.0,0.0,0.0,10,21.5,22.1,60,22.9,19.7,0.0,0.0,0.0,0.0,128
2023-05-10 21:39:03,i2401-C-780,i2401-C-780,22.9,0.0,0.0,0.0,10,21.5,22.0,10,22.9,19.7,0.0,0.0,0.0,0.0,128
2023-05-10 21:39:03,i2401-C-780,i2401-C-780,22.9,0.0,0.0,0.0,10,21.4,22.0,20,22.9,19.7,0.0,0.0,0.0,0.0,128
2023-05-10 21:39:05,i2401-C-780,i2401-C-780,22.9,0.0,0.0,0.0,20,21.4,22.0,30,22.9,19.7,0.0,0.0,0.0,0.0,128
2023-05-10 21:39:13,i2401-C-780,i2401-C-780,22.9,0.0,0.0,0.0,20,21.4,21.9,10,22.9,19.7,0.0,0.0,0.0,0.0,128
2023-05-10 21:39:14,i2401-C-780,i2401-C-780,22.9,0.0,0.0,0.0,20,21.4,21.9,30,22.9,19.7,0.0,0.0,0.0,0.0,128
2023-05-10 21:39:20,i2401-C-780,i2401-C-780,22.9,0.0,0.0,0.0,20,21.4,21.9,20,22.9,19.7,0.0,0.0,0.0,0.0,128
2023-05-10 21:39:23,i2401-C-780,i2401-C-780,22.9,0.0,0.0,0.0,20,21.4,21.9,30,22.9,19.7,0.0,0.0,0.0,0.0,128
2023-05-10 21:39:24,i2401-C-780,i2401-C-780,22.9,0.0,0.0,0.0,20,21.4,21.9,20,22.9,19.7,0.0,0.0,0.0,0.0,128
2023-05-10 21:39:30,i2401-C-780,i2401-C-780,22.9,0.0,0.0,0.0,20,21.4,21.9,30,22.9,19.7,0.0,0.0,0.0,0.0,128
2023-05-10 21:39:30,i2401-C-780,i2401-C-780,22.9,0.0,0.0,0.0,20,21.4,21.9,20,22.9,19.7,0.0,0.0,0.0,0.0,128
2023-05-10 21:39:31,i2401-C-780,i2401-C-780,22.9,0.0,0.0,0.0,10,21.4,21.9,40,22.9,19.7,0.0,0.0,0.0,0.0,128
2023-05-10 21:39:31,i2401-C-780,i2401-C-780,22.9,0.0,0.0,0.0,20,21.3,21.9,40,22.9,19.7,0.0,0.0,0.0,0.0,128
2023-05-10 21:39:38,i2401-C-780,i2401-C-780,22.9,0.0,0.0,0.0,30,21.3,21.9,40,22.9,19.7,0.0,0.0,0.0,0.0,128
2023-05-10 21:39:42,i2401-C-780,i2401-C-780,22.9,0.0,0.0,0.0,10,21.3,21.8,20,22.9,19.7,0.0,0.0,0.0,0.0,128
2023-05-10 21:39:42,i2401-C-780,i2401-C-780,22.9,0.0,0.0,0.0,10,21.3,21.8,10,22.9,19.7,0.0,0.0,0.0,0.0,128
2023-05-10 21:39:44,i2401-C-780,i2401-C-780,22.9,0.0,0.0,0.0,20,21.3,21.8,20,22.9,19.7,0.0,0.0,0.0,0.0,128
2023-05-10 21:39:51,i2401-C-780,i2401-C-780,22.9,0.0,0.0,0.0,20,21.3,21.8,30,22.9,19.7,0.0,0.0,0.0,0.0,128
2023-05-10 21:40:02,i2401-C-780,i2401-C-780,22.9,0.0,0.0,0.0,10,21.3,21.8,30,22.9,19.7,0.0,0.0,0.0,0.0,128
2023-05-10 21:40:04,i2401-C-780,i2401-C-780,22.9,0.0,0.0,0.0,20,21.3,21.8,30,22.9,19.7,0.0,0.0,0.0,0.0,128
2023-05-10 21:40:04,i2401-C-780,i2401-C-780,22.9,0.0,0.0,0.0,20,21.3,21.8,20,22.9,19.7,0.0,0.0,0.0,0.0,128
2023-05-10 21:40:06,i2401-C-780,i2401-C-780,22.9,0.0,0.0,0.0,20,21.3,21.9,30,22.9,19.7,0.0,0.0,0.0,0.0,128
2023-05-10 21:40:06,i2401-C-780,i2401-C-780,22.9,0.0,0.0,0.0,10,21.4,21.9,30,22.9,19.7,0.0,0.0,0.0,0.0,128
2023-05-10 21:40:07,i2401-C-780,i2401-C-780,22.9,0.0,0.0,0.0,30,21.3,21.9,30,22.9,19.7,0.0,0.0,0.0,0.0,128
2023-05-10 21:40:15,i2401-C-780,i2401-C-780,22.9,0.0,0.0,0.0,20,21.3,21.9,20,22.9,19.7,0.0,0.0,0.0,0.0,128
2023-05-10 21:40:17,i2401-C-780,i2401-C-780,22.9,0.0,0.0,0.0,30,21.3,21.9,30,22.9,19.7,0.0,0.0,0.0,0.0,128
2023-05-10 21:40:19,i2401-C-780,i2401-C-780,22.9,0.0,0.0,0.0,40,21.3,21.9,20,22.9,19.7,0.0,0.0,0.0,0.0,128
2023-05-10 21:40:27,i2401-C-780,i2401-C-780,22.9,0.0,0.0,0.0,30,21.3,21.9,20,22.9,19.7,0.0,0.0,0.0,0.0,128
2023-05-10 21:40:28,i2401-C-780,i2401-C-780,22.9,0.0,0.0,0.0,20,21.3,21.9,30,22.9,19.7,0.0,0.0,0.0,0.0,128
2023-05-10 21:40:29,i2401-C-780,i2401-C-780,22.9,0.0,0.0,0.0,20,21.2,21.8,10,22.9,19.7,0.0,0.0,0.0,0.0,128
2023-05-10 21:40:29,i2401-C-780,i2401-C-780,22.9,0.0,0.0,0.0,10,21.2,21.8,20,22.9,19.7,0.0,0.0,0.0,0.0,128
2023-05-10 21:40:31,i2401-C-780,i2401-C-780,22.9,0.0,0.0,0.0,10,21.2,21.8,30,22.9,19.7,0.0,0.0,0.0,0.0,128
2023-05-10 21:40:34,i2401-C-780,i2401-C-780,22.9,0.0,0.0,0.0,10,21.2,21.8,40,22.9,19.7,0.0,0.0,0.0,0.0,128
2023-05-10 21:40:35,i2401-C-780,i2401-C-780,22.9,0.0,0.0,0.0,20,21.2,21.8,40,22.9,19.7,0.0,0.0,0.0,0.0,128
2023-05-10 21:40:36,i2401-C-780,i2401-C-780,22.9,0.0,0.0,0.0,20,21.2,21.8,30,22.9,19.7,0.0,0.0,0.0,0.0,128
2023-05-10 21:40:43,i2401-C-780,i2401-C-780,22.9,0.0,0.0,0.0,20,21.2,21.8,40,22.9,19.7,0.0,0.0,0.0,0.0,128
2023-05-10 21:40:44,i2401-C-780,i2401-C-780,22.9,0.0,0.0,0.0,20,21.2,21.8,30,22.9,19.7,0.0,0.0,0.0,0.0,128
2023-05-10 21:40:45,i2401-C-780,i2401-C-780,22.9,0.0,0.0,0.0,20,21.2,21.8,40,22.9,19.7,0.0,0.0,0.0,0.0,128
2023-05-10 21:40:55,i2401-C-780,i2401-C-780,22.9,0.0,0.0,0.0,20,21.2,21.8,30,22.9,19.7,0.0,0.0,0.0,0.0,128
2023-05-10 21:40:58,i2401-C-780,i2401-C-780,22.9,0.0,0.0,0.0,20,21.2,21.8,40,22.9,19.7,0.0,0.0,0.0,0.0,128
2023-05-10 21:41:10,i2401-C-780,i2401-C-780,22.9,0.0,0.0,0.0,20,21.2,21.8,30,22.9,19.7,0.0,0.0,0.0,0.0,128
2023-05-10 21:41:11,i2401-C-780,i2401-C-780,22.9,0.0,0.0,0.0,20,21.2,21.8,40,22.9,19.7,0.0,0.0,0.0,0.0,128
2023-05-10 21:41:12,i2401-C-780,i2401-C-780,22.9,0.0,0.0,0.0,10,21.2,21.8,40,22.9,19.7,0.0,0.0,0.0,0.0,128
2023-05-10 21:41:14,i2401-C-780,i2401-C-780,22.9,0.0,0.0,0.0,10,21.2,21.8,30,22.9,19.7,0.0,0.0,0.0,0.0,128
2023-05-10 21:41:15,i2401-C-780,i2401-C-780,22.9,0.0,0.0,0.0,10,21.2,21.8,40,22.9,19.7,0.0,0.0,0.0,0.0,128
2023-05-10 21:41:33,i2401-C-780,i2401-C-780,22.9,0.0,0.0,0.0,10,21.2,21.7,30,22.9,19.7,0.0,0.0,0.0,0.0,128
2023-05-10 21:41:34,i2401-C-780,i2401-C-780,22.9,0.0,0.0,0.0,30,21.1,21.7,30,22.9,19.7,0.0,0.0,0.0,0.0,128
2023-05-10 21:41:46,i2401-C-780,i2401-C-780,22.9,0.0,0.0,0.0,30,21.1,21.7,20,22.9,19.7,0.0,0.0,0.0,0.0,128
2023-05-10 21:41:47,i2401-C-780,i2401-C-780,22.9,0.0,0.0,0.0,40,21.1,21.7,20,22.9,19.7,0.0,0.0,0.0,0.0,128
2023-05-10 21:41:48,i2401-C-780,i2401-C-780,22.9,0.0,0.0,0.0,30,21.1,21.7,20,22.9,19.7,0.0,0.0,0.0,0.0,128
2023-05-10 21:41:53,i2401-C-780,i2401-C-780,22.9,0.0,0.0,0.0,30,21.1,21.7,30,22.9,19.7,0.0,0.0,0.0,0.0,128
2023-05-10 21:41:55,i2401-C-780,i2401-C-780,22.9,0.0,0.0,0.0,20,21.1,21.7,30,22.9,19.7,0.0,0.0,0.0,0.0,128
2023-05-10 21:41:56,i2401-C-780,i2401-C-780,22.9,0.0,0.0,0.0,10,21.1,21.6,10,22.9,19.7,0.0,0.0,0.0,0.0,128
2023-05-10 21:41:56,i2401-C-780,i2401-C-780,22.9,0.0,0.0,0.0,10,21.0,21.6,20,22.9,19.7,0.0,0.0,0.0,0.0,128
2023-05-10 21:41:57,i2401-C-780,i2401-C-780,22.9,0.0,0.0,0.0,10,21.0,21.6,30,22.9,19.7,0.0,0.0,0.0,0.0,128
2023-05-10 21:41:58,i2401-C-780,i2401-C-780,22.9,0.0,0.0,0.0,10,21.0,21.6,40,22.9,19.7,0.0,0.0,0.0,0.0,128
2023-05-10 21:41:58,i2401-C-780,i2401-C-780,22.9,0.0,0.0,0.0,10,21.0,21.6,30,22.9,19.7,0.0,0.0,0.0,0.0,128
2023-05-10 21:42:00,i2401-C-780,i2401-C-780,22.9,0.0,0.0,0.0,20,21.0,21.6,30,22.9,19.7,0.0,0.0,0.0,0.0,128
2023-05-10 21:42:00,i2401-C-780,i2401-C-780,22.9,0.0,0.0,0.0,10,21.0,21.6,40,22.9,19.7,0.0,0.0,0.0,0.0,128
2023-05-10 21:42:01,i2401-C-780,i2401-C-780,22.9,0.0,0.0,0.0,10,20.9,21.5,30,22.9,19.7,0.0,0.0,0.0,0.0,128
2023-05-10 21:42:03,i2401-C-780,i2401-C-780,22.9,0.0,0.0,0.0,20,20.9,21.5,40,22.9,19.7,0.0,0.0,0.0,0.0,128
2023-05-10 21:42:06,i2401-C-780,i2401-C-780,22.9,0.0,0.0,0.0,30,20.9,21.5,30,22.9,19.7,0.0,0.0,0.0,0.0,128
2023-05-10 21:42:07,i2401-C-780,i2401-C-780,22.9,0.0,0.0,0.0,20,20.9,21.5,30,22.9,19.7,0.0,0.0,0.0,0.0,128
2023-05-10 21:42:08,i2401-C-780,i2401-C-780,22.9,0.0,0.0,0.0,20,20.9,21.5,40,22.9,19.7,0.0,0.0,0.0,0.0,128
2023-05-10 21:42:12,i2401-C-780,i2401-C-780,22.9,0.0,0.0,0.0,10,20.9,21.5,30,22.9,19.7,0.0,0.0,0.0,0.0,128
2023-05-10 21:42:13,i2401-C-780,i2401-C-780,22.9,0.0,0.0,0.0,10,20.9,21.4,40,22.9,19.7,0.0,0.0,0.0,0.0,128
2023-05-10 21:42:13,i2401-C-780,i2401-C-780,22.9,0.0,0.0,0.0,10,20.9,21.4,20,22.9,19.7,0.0,0.0,0.0,0.0,128
2023-05-10 21:42:13,i2401-C-780,i2401-C-780,22.9,0.0,0.0,0.0,31,20.8,21.4,20,22.9,19.7,0.0,0.0,0.0,0.0,128
2023-05-10 21:42:15,i2401-C-780,i2401-C-780,22.9,0.0,0.0,0.0,21,20.8,21.4,20,22.9,19.7,0.0,0.0,0.0,0.0,128
2023-05-10 21:42:15,i2401-C-780,i2401-C-780,22.9,0.0,0.0,0.0,21,20.8,21.4,40,22.9,19.7,0.0,0.0,0.0,0.0,128
2023-05-10 21:42:17,i2401-C-780,i2401-C-780,22.9,0.0,0.0,0.0,21,20.8,21.4,30,22.9,19.7,0.0,0.0,0.0,0.0,128
2023-05-10 21:42:18,i2401-C-780,i2401-C-780,22.9,0.0,0.0,0.0,21,20.8,21.4,40,22.9,19.7,0.0,0.0,0.0,0.0,128
2023-05-10 21:42:19,i2401-C-780,i2401-C-780,22.9,0.0,0.0,0.0,21,20.8,21.4,30,22.9,19.7,0.0,0.0,0.0,0.0,128
2023-05-10 21:42:22,i2401-C-780,i2401-C-780,22.9,0.0,0.0,0.0,21,20.8,21.4,40,22.9,19.7,0.0,0.0,0.0,0.0,128
2023-05-10 21:42:25,i2401-C-780,i2401-C-780,22.9,0.0,0.0,0.0,11,20.8,21.4,40,22.9,19.7,0.0,0.0,0.0,0.0,128
2023-05-10 21:42:27,i2401-C-780,i2401-C-780,22.9,0.0,0.0,0.0,20,20.7,21.3,20,22.9,19.7,0.0,0.0,0.0,0.0,128
2023-05-10 21:42:29,i2401-C-780,i2401-C-780,22.9,0.0,0.0,0.0,20,20.7,21.3,30,22.9,19.7,0.0,0.0,0.0,0.0,128
2023-05-10 21:42:33,i2401-C-780,i2401-C-780,22.9,0.0,0.0,0.0,30,20.7,21.3,10,22.9,19.7,0.0,0.0,0.0,0.0,128
2023-05-10 21:42:33,i2401-C-780,i2401-C-780,22.9,0.0,0.0,0.0,30,20.7,21.4,40,22.9,19.7,0.0,0.0,0.0,0.0,128
2023-05-10 21:42:35,i2401-C-780,i2401-C-780,22.9,0.0,0.0,0.0,20,20.7,21.4,40,22.9,19.7,0.0,0.0,0.0,0.0,128
2023-05-10 21:42:36,i2401-C-780,i2401-C-780,22.9,0.0,0.0,0.0,20,20.7,21.3,10,22.9,19.7,0.0,0.0,0.0,0.0,128
2023-05-10 21:42:36,i2401-C-780,i2401-C-780,22.9,0.0,0.0,0.0,20,20.7,21.3,30,22.9,19.7,0.0,0.0,0.0,0.0,128
2023-05-10 21:42:37,i2401-C-780,i2401-C-780,22.9,0.0,0.0,0.0,30,20.7,21.3,10,22.9,19.7,0.0,0.0,0.0,0.0,128
2023-05-10 21:42:39,i2401-C-780,i2401-C-780,22.9,0.0,0.0,0.0,20,20.7,21.3,10,22.9,19.7,0.0,0.0,0.0,0.0,128
2023-05-10 21:42:48,i2401-C-780,i2401-C-780,22.9,0.0,0.0,0.0,20,20.7,21.3,20,22.9,19.7,0.0,0.0,0.0,0.0,128
2023-05-10 21:42:49,i2401-C-780,i2401-C-780,22.9,0.0,0.0,0.0,20,20.7,21.3,30,22.9,19.7,0.0,0.0,0.0,0.0,128
2023-05-10 21:42:59,i2401-C-780,i2401-C-780,22.9,0.0,0.0,0.0,20,20.7,21.3,20,22.9,19.7,0.0,0.0,0.0,0.0,128
2023-05-10 21:43:11,i2401-C-780,i2401-C-780,22.9,0.0,0.0,0.0,20,20.7,21.3,10,22.9,19.7,0.0,0.0,0.0,0.0,128
2023-05-10 21:43:15,i2401-C-780,i2401-C-780,22.9,0.0,0.0,0.0,30,20.7,21.4,50,22.9,19.7,0.0,0.0,0.0,0.0,128
2023-05-10 21:43:15,i2401-C-780,i2401-C-780,22.9,0.0,0.0,0.0,40,20.7,21.4,50,22.9,19.7,0.0,0.0,0.0,0.0,128
2023-05-10 21:43:18,i2401-C-780,i2401-C-780,22.9,0.0,0.0,0.0,50,20.7,21.4,50,22.9,19.7,0.0,0.0,0.0,0.0,128
2023-05-10 21:43:20,i2401-C-780,i2401-C-780,22.9,0.0,0.0,0.0,50,20.7,21.4,40,22.9,19.7,0.0,0.0,0.0,0.0,128
2023-05-10 21:43:20,i2401-C-780,i2401-C-780,22.9,0.0,0.0,0.0,30,20.8,21.4,20,22.9,19.7,0.0,0.0,0.0,0.0,128
2023-05-10 21:43:25,i2401-C-780,i2401-C-780,22.9,0.0,0.0,0.0,20,20.8,21.4,20,22.9,19.7,0.0,0.0,0.0,0.0,128
2023-05-10 21:43:28,i2401-C-780,i2401-C-780,22.9,0.0,0.0,0.0,10,20.8,21.4,30,22.9,19.7,0.0,0.0,0.0,0.0,128
2023-05-10 21:43:29,i2401-C-780,i2401-C-780,22.9,0.0,0.0,0.0,10,20.8,21.4,40,22.9,19.7,0.0,0.0,0.0,0.0,128
2023-05-10 21:43:37,i2401-C-780,i2401-C-780,22.9,0.0,0.0,0.0,40,20.7,21.4,20,22.9,19.7,0.0,0.0,0.0,0.0,128
2023-05-10 21:43:37,i2401-C-780,i2401-C-780,22.9,0.0,0.0,0.0,10,20.8,21.4,20,22.9,19.7,0.0,0.0,0.0,0.0,128
2023-05-10 21:43:38,i2401-C-780,i2401-C-780,22.9,0.0,0.0,0.0,10,20.8,21.4,30,22.9,19.7,0.0,0.0,0.0,0.0,128
2023-05-10 21:43:38,i2401-C-780,i2401-C-780,22.9,0.0,0.0,0.0,40,20.7,21.4,30,22.9,19.7,0.0,0.0,0.0,0.0,128
2023-05-10 21:43:39,i2401-C-780,i2401-C-780,22.9,0.0,0.0,0.0,40,20.7,21.4,40,22.9,19.7,0.0,0.0,0.0,0.0,128
2023-05-10 21:43:40,i2401-C-780,i2401-C-780,22.9,0.0,0.0,0.0,40,20.7,21.4,50,22.9,19.7,0.0,0.0,0.0,0.0,128
2023-05-10 21:43:40,i2401-C-780,i2401-C-780,22.9,0.0,0.0,0.0,10,20.8,21.4,30,22.9,19.7,0.0,0.0,0.0,0.0,128
2023-05-10 21:43:41,i2401-C-780,i2401-C-780,22.9,0.0,0.0,0.0,40,20.7,21.4,50,22.9,19.7,0.0,0.0,0.0,0.0,128
2023-05-10 21:43:48,i2401-C-780,i2401-C-780,22.9,0.0,0.0,0.0,30,20.7,21.4,50,22.9,19.7,0.0,0.0,0.0,0.0,128
2023-05-10 21:43:50,i2401-C-780,i2401-C-780,22.9,0.0,0.0,0.0,40,20.7,21.4,50,22.9,19.7,0.0,0.0,0.0,0.0,128
2023-05-10 21:43:52,i2401-C-780,i2401-C-780,22.9,0.0,0.0,0.0,30,20.7,21.4,50,22.9,19.7,0.0,0.0,0.0,0.0,128
2023-05-10 21:44:05,i2401-C-780,i2401-C-780,22.9,0.0,0.0,0.0,50,20.7,21.4,40,22.9,19.7,0.0,0.0,0.0,0.0,128
2023-05-10 21:44:06,i2401-C-780,i2401-C-780,22.9,0.0,0.0,0.0,10,20.9,21.4,20,22.9,19.7,0.0,0.0,0.0,0.0,128
2023-05-10 21:44:06,i2401-C-780,i2401-C-780,22.9,0.0,0.0,0.0,30,20.8,21.4,20,22.9,19.7,0.0,0.0,0.0,0.0,128
2023-05-10 21:44:07,i2401-C-780,i2401-C-780,22.9,0.0,0.0,0.0,20,20.8,21.4,20,22.9,19.7,0.0,0.0,0.0,0.0,128
2023-05-10 21:44:09,i2401-C-780,i2401-C-780,22.9,0.0,0.0,0.0,50,20.7,21.4,40,22.9,19.7,0.0,0.0,0.0,0.0,128
2023-05-10 21:44:09,i2401-C-780,i2401-C-780,22.9,0.0,0.0,0.0,50,20.7,21.4,30,22.9,19.7,0.0,0.0,0.0,0.0,128
2023-05-10 21:44:10,i2401-C-780,i2401-C-780,22.9,0.0,0.0,0.0,10,20.9,21.4,20,22.9,19.7,0.0,0.0,0.0,0.0,128
2023-05-10 21:44:11,i2401-C-780,i2401-C-780,22.9,0.0,0.0,0.0,10,20.8,21.4,30,22.9,19.7,0.0,0.0,0.0,0.0,128
2023-05-10 21:44:18,i2401-C-780,i2401-C-780,22.9,0.0,0.0,0.0,50,20.7,21.4,50,22.9,19.7,0.0,0.0,0.0,0.0,128
2023-05-10 21:44:18,i2401-C-780,i2401-C-780,22.9,0.0,0.0,0.0,40,20.7,21.4,50,22.9,19.7,0.0,0.0,0.0,0.0,128
2023-05-10 21:44:19,i2401-C-780,i2401-C-780,22.9,0.0,0.0,0.0,50,20.7,21.4,50,22.9,19.7,0.0,0.0,0.0,0.0,128
2023-05-10 21:44:20,i2401-C-780,i2401-C-780,22.9,0.0,0.0,0.0,40,20.7,21.4,50,22.9,19.7,0.0,0.0,0.0,0.0,128
2023-05-10 21:44:21,i2401-C-780,i2401-C-780,22.9,0.0,0.0,0.0,50,20.7,21.4,50,22.9,19.7,0.0,0.0,0.0,0.0,128
2023-05-10 21:44:22,i2401-C-780,i2401-C-780,22.9,0.0,0.0,0.0,40,20.7,21.4,50,22.9,19.7,0.0,0.0,0.0,0.0,128
2023-05-10 21:44:25,i2401-C-780,i2401-C-780,22.9,0.0,0.0,0.0,50,20.7,21.4,50,22.9,19.7,0.0,0.0,0.0,0.0,128
2023-05-10 21:44:31,i2401-C-780,i2401-C-780,22.9,0.0,0.0,0.0,10,20.8,21.4,30,22.9,19.7,0.0,0.0,0.0,0.0,128
2023-05-10 21:44:35,i2401-C-780,i2401-C-780,22.9,0.0,0.0,0.0,10,20.8,21.4,40,22.9,19.7,0.0,0.0,0.0,0.0,128
2023-05-10 21:44:36,i2401-C-780,i2401-C-780,22.9,0.0,0.0,0.0,10,20.8,21.4,30,22.9,19.7,0.0,0.0,0.0,0.0,128
2023-05-10 21:44:37,i2401-C-780,i2401-C-780,22.9,0.0,0.0,0.0,10,20.8,21.4,40,22.9,19.7,0.0,0.0,0.0,0.0,128
2023-05-10 21:44:42,i2401-C-780,i2401-C-780,22.9,0.0,0.0,0.0,10,20.8,21.4,30,22.9,19.7,0.0,0.0,0.0,0.0,128
2023-05-10 21:44:49,i2401-C-780,i2401-C-780,22.9,0.0,0.0,0.0,10,20.8,21.4,40,22.9,19.7,0.0,0.0,0.0,0.0,128
2023-05-10 21:44:50,i2401-C-780,i2401-C-780,22.9,0.0,0.0,0.0,10,20.8,21.4,30,22.9,19.7,0.0,0.0,0.0,0.0,128
2023-05-10 21:44:58,i2401-C-780,i2401-C-780,22.9,0.0,0.0,0.0,10,20.8,21.4,40,22.9,19.7,0.0,0.0,0.0,0.0,128
2023-05-10 21:44:58,i2401-C-780,i2401-C-780,22.9,0.0,0.0,0.0,10,20.8,21.4,30,22.9,19.7,0.0,0.0,0.0,0.0,128
2023-05-10 21:45:11,i2401-C-780,i2401-C-780,22.9,0.0,0.0,0.0,30,20.8,21.4,20,22.9,19.7,0.0,0.0,0.0,0.0,128
2023-05-10 21:45:12,i2401-C-780,i2401-C-780,22.9,0.0,0.0,0.0,40,20.8,21.4,20,22.9,19.7,0.0,0.0,0.0,0.0,128
2023-05-10 21:45:13,i2401-C-780,i2401-C-780,22.9,0.0,0.0,0.0,10,20.9,21.4,10,22.9,19.7,0.0,0.0,0.0,0.0,128
2023-05-10 21:45:13,i2401-C-780,i2401-C-780,22.9,0.0,0.0,0.0,10,21.0,21.4,10,22.9,19.7,0.0,0.0,0.0,0.0,128
2023-05-10 21:45:14,i2401-C-780,i2401-C-780,22.9,0.0,0.0,0.0,10,21.0,21.5,10,22.9,19.7,0.0,0.0,0.0,0.0,128
2023-05-10 21:45:16,i2401-C-780,i2401-C-780,22.9,0.0,0.0,0.0,20,21.0,21.5,10,22.9,19.7,0.0,0.0,0.0,0.0,128
2023-05-10 21:45:18,i2401-C-780,i2401-C-780,22.9,0.0,0.0,0.0,10,21.0,21.5,10,22.9,19.7,0.0,0.0,0.0,0.0,128
2023-05-10 21:45:20,i2401-C-780,i2401-C-780,22.9,0.0,0.0,0.0,10,21.1,21.6,10,22.9,19.7,0.0,0.0,0.0,0.0,128
2023-05-10 21:45:20,i2401-C-780,i2401-C-780,22.9,0.0,0.0,0.0,10,21.1,21.7,10,22.9,19.7,0.0,0.0,0.0,0.0,128
2023-05-10 21:45:22,i2401-C-780,i2401-C-780,22.9,0.0,0.0,0.0,20,21.1,21.7,10,22.9,19.7,0.0,0.0,0.0,0.0,128
2023-05-10 21:45:27,i2401-C-780,i2401-C-780,22.9,0.0,0.0,0.0,30,21.1,21.7,10,22.9,19.7,0.0,0.0,0.0,0.0,128
2023-05-10 21:45:28,i2401-C-780,i2401-C-780,22.9,0.0,0.0,0.0,20,21.1,21.7,10,22.9,19.7,0.0,0.0,0.0,0.0,128
2023-05-10 21:45:29,i2401-C-780,i2401-C-780,22.9,0.0,0.0,0.0,30,21.1,21.7,20,22.9,19.7,0.0,0.0,0.0,0.0,128
2023-05-10 21:45:35,i2401-C-780,i2401-C-780,22.9,0.0,0.0,0.0,10,21.2,21.7,20,22.9,19.7,0.0,0.0,0.0,0.0,128
2023-05-10 21:45:36,i2401-C-780,i2401-C-780,22.9,0.0,0.0,0.0,30,21.1,21.7,20,22.9,19.7,0.0,0.0,0.0,0.0,128
2023-05-10 21:45:43,i2401-C-780,i2401-C-780,22.9,0.0,0.0,0.0,10,21.2,21.7,20,22.9,19.7,0.0,0.0,0.0,0.0,128
2023-05-10 21:45:44,i2401-C-780,i2401-C-780,22.9,0.0,0.0,0.0,30,21.1,21.7,20,22.9,19.7,0.0,0.0,0.0,0.0,128
2023-05-10 21:45:51,i2401-C-780,i2401-C-780,22.9,0.0,0.0,0.0,10,21.2,21.7,20,22.9,19.7,0.0,0.0,0.0,0.0,128
2023-05-10 21:45:52,i2401-C-780,i2401-C-780,22.9,0.0,0.0,0.0,30,21.1,21.7,20,22.9,19.7,0.0,0.0,0.0,0.0,128
2023-05-10 21:46:00,i2401-C-780,i2401-C-780,22.9,0.0,0.0,0.0,20,21.1,21.7,30,22.9,19.7,0.0,0.0,0.0,0.0,128
2023-05-10 21:46:06,i2401-C-780,i2401-C-780,22.9,0.0,0.0,0.0,10,21.1,21.7,40,22.9,19.7,0.0,0.0,0.0,0.0,128
2023-05-10 21:47:05,i2401-C-780,i2401-C-780,22.9,0.0,0.0,0.0,10,21.1,21.7,50,22.9,19.7,0.0,0.0,0.0,0.0,128
2023-05-10 21:47:10,i2401-C-780,i2401-C-780,22.9,0.0,0.0,0.0,20,21.1,21.7,50,22.9,19.7,0.0,0.0,0.0,0.0,128
2023-05-10 21:47:11,i2401-C-780,i2401-C-780,22.9,0.0,0.0,0.0,20,21.1,21.7,40,22.9,19.7,0.0,0.0,0.0,0.0,128
2023-05-10 21:47:17,i2401-C-780,i2401-C-780,22.9,0.0,0.0,0.0,30,21.1,21.7,40,22.9,19.7,0.0,0.0,0.0,0.0,128
2023-05-10 21:47:19,i2401-C-780,i2401-C-780,22.9,0.0,0.0,0.0,20,21.1,21.7,30,22.9,19.7,0.0,0.0,0.0,0.0,128
2023-05-10 21:47:19,i2401-C-780,i2401-C-780,22.9,0.0,0.0,0.0,10,21.2,21.7,10,22.9,19.7,0.0,0.0,0.0,0.0,128
2023-05-10 21:47:20,i2401-C-780,i2401-C-780,22.9,0.0,0.0,0.0,10,21.2,21.7,30,22.9,19.7,0.0,0.0,0.0,0.0,128
2023-05-10 21:47:21,i2401-C-780,i2401-C-780,22.9,0.0,0.0,0.0,10,21.2,21.7,40,22.9,19.7,0.0,0.0,0.0,0.0,128
2023-05-10 21:47:21,i2401-C-780,i2401-C-780,22.9,0.0,0.0,0.0,30,21.1,21.7,40,22.9,19.7,0.0,0.0,0.0,0.0,128
2023-05-10 21:47:30,i2401-C-780,i2401-C-780,22.9,0.0,0.0,0.0,40,21.1,21.7,40,22.9,19.7,0.0,0.0,0.0,0.0,128
2023-05-10 21:47:37,i2401-C-780,i2401-C-780,22.9,0.0,0.0,0.0,40,21.1,21.7,30,22.9,19.7,0.0,0.0,0.0,0.0,128
2023-05-10 21:47:46,i2401-C-780,i2401-C-780,22.9,0.0,0.0,0.0,40,21.1,21.7,40,22.9,19.7,0.0,0.0,0.0,0.0,128
2023-05-10 21:48:02,i2401-C-780,i2401-C-780,22.9,0.0,0.0,0.0,30,21.1,21.7,40,22.9,19.7,0.0,0.0,0.0,0.0,128
2023-05-10 21:48:04,i2401-C-780,i2401-C-780,22.9,0.0,0.0,0.0,20,21.1,21.6,20,22.9,19.7,0.0,0.0,0.0,0.0,128
2023-05-10 21:48:04,i2401-C-780,i2401-C-780,22.9,0.0,0.0,0.0,10,21.1,21.6,30,22.9,19.7,0.0,0.0,0.0,0.0,128
2023-05-10 21:48:06,i2401-C-780,i2401-C-780,22.9,0.0,0.0,0.0,10,21.1,21.5,10,22.9,19.7,0.0,0.0,0.0,0.0,128
2023-05-10 21:48:06,i2401-C-780,i2401-C-780,22.9,0.0,0.0,0.0,10,21.1,21.6,30,22.9,19.7,0.0,0.0,0.0,0.0,128
2023-05-10 21:48:08,i2401-C-780,i2401-C-780,22.9,0.0,0.0,0.0,10,21.1,21.5,10,22.9,19.7,0.0,0.0,0.0,0.0,128
2023-05-10 21:48:08,i2401-C-780,i2401-C-780,22.9,0.0,0.0,0.0,10,21.1,21.5,30,22.9,19.7,0.0,0.0,0.0,0.0,128
2023-05-10 21:48:09,i2401-C-780,i2401-C-780,22.9,0.0,0.0,0.0,10,21.0,21.5,40,22.9,19.7,0.0,0.0,0.0,0.0,128
2023-05-10 21:48:10,i2401-C-780,i2401-C-780,22.9,0.0,0.0,0.0,10,21.0,21.5,30,22.9,19.7,0.0,0.0,0.0,0.0,128
2023-05-10 21:48:11,i2401-C-780,i2401-C-780,22.9,0.0,0.0,0.0,20,21.0,21.5,30,22.9,19.7,0.0,0.0,0.0,0.0,128
2023-05-10 21:48:14,i2401-C-780,i2401-C-780,22.9,0.0,0.0,0.0,10,21.0,21.5,30,22.9,19.7,0.0,0.0,0.0,0.0,128
2023-05-10 21:48:16,i2401-C-780,i2401-C-780,22.9,0.0,0.0,0.0,20,21.0,21.5,30,22.9,19.7,0.0,0.0,0.0,0.0,128
2023-05-10 21:48:22,i2401-C-780,i2401-C-780,22.9,0.0,0.0,0.0,10,21.0,21.5,20,22.9,19.7,0.0,0.0,0.0,0.0,128
2023-05-10 21:48:26,i2401-C-780,i2401-C-780,22.9,0.0,0.0,0.0,10,21.0,21.5,30,22.9,19.7,0.0,0.0,0.0,0.0,128
2023-05-10 21:48:27,i2401-C-780,i2401-C-780,22.9,0.0,0.0,0.0,20,21.0,21.5,30,22.9,19.7,0.0,0.0,0.0,0.0,128
2023-05-10 21:48:29,i2401-C-780,i2401-C-780,22.9,0.0,0.0,0.0,20,21.0,21.5,40,22.9,19.7,0.0,0.0,0.0,0.0,128
2023-05-10 21:48:30,i2401-C-780,i2401-C-780,22.9,0.0,0.0,0.0,20,20.9,21.5,30,22.9,19.7,0.0,0.0,0.0,0.0,128
2023-05-10 21:48:30,i2401-C-780,i2401-C-780,22.9,0.0,0.0,0.0,10,21.0,21.5,40,22.9,19.7,0.0,0.0,0.0,0.0,128
2023-05-10 21:48:33,i2401-C-780,i2401-C-780,22.9,0.0,0.0,0.0,20,21.0,21.5,40,22.9,19.7,0.0,0.0,0.0,0.0,128
2023-05-10 21:48:34,i2401-C-780,i2401-C-780,22.9,0.0,0.0,0.0,30,20.9,21.5,40,22.9,19.7,0.0,0.0,0.0,0.0,128
2023-05-10 21:48:42,i2401-C-780,i2401-C-780,22.9,0.0,0.0,0.0,20,20.8,21.4,30,22.9,19.7,0.0,0.0,0.0,0.0,128
2023-05-10 21:48:42,i2401-C-780,i2401-C-780,22.9,0.0,0.0,0.0,10,20.8,21.4,40,22.9,19.7,0.0,0.0,0.0,0.0,128
2023-05-10 21:48:43,i2401-C-780,i2401-C-780,22.9,0.0,0.0,0.0,10,20.8,21.3,10,22.9,19.7,0.0,0.0,0.0,0.0,128
2023-05-10 21:48:45,i2401-C-780,i2401-C-780,22.9,0.0,0.0,0.0,20,20.8,21.3,20,22.9,19.7,0.0,0.0,0.0,0.0,128
2023-05-10 21:48:46,i2401-C-780,i2401-C-780,22.9,0.0,0.0,0.0,20,20.8,21.3,30,22.9,19.7,0.0,0.0,0.0,0.0,128
2023-05-10 21:48:49,i2401-C-780,i2401-C-780,22.9,0.0,0.0,0.0,1,20.7,21.2,20,22.9,19.7,0.0,0.0,0.0,0.0,128
2023-05-10 21:48:50,i2401-C-780,i2401-C-780,22.9,0.0,0.0,0.0,10,20.8,21.2,20,22.9,19.7,0.0,0.0,0.0,0.0,128
2023-05-10 21:48:50,i2401-C-780,i2401-C-780,22.9,0.0,0.0,0.0,20,20.7,21.2,20,22.9,19.7,0.0,0.0,0.0,0.0,128
2023-05-10 21:48:51,i2401-C-780,i2401-C-780,22.9,0.0,0.0,0.0,20,20.7,21.2,30,22.9,19.7,0.0,0.0,0.0,0.0,128
2023-05-10 21:48:51,i2401-C-780,i2401-C-780,22.9,0.0,0.0,0.0,20,20.7,21.2,20,22.9,19.7,0.0,0.0,0.0,0.0,128
2023-05-10 21:48:52,i2401-C-780,i2401-C-780,22.9,0.0,0.0,0.0,10,20.7,21.2,20,22.9,19.7,0.0,0.0,0.0,0.0,128
2023-05-10 21:48:52,i2401-C-780,i2401-C-780,22.9,0.0,0.0,0.0,20,20.7,21.2,20,22.9,19.7,0.0,0.0,0.0,0.0,128
2023-05-10 21:48:53,i2401-C-780,i2401-C-780,22.9,0.0,0.0,0.0,20,20.7,21.2,30,22.9,19.7,0.0,0.0,0.0,0.0,128
2023-05-10 21:48:54,i2401-C-780,i2401-C-780,22.9,0.0,0.0,0.0,20,20.7,21.2,40,22.9,19.7,0.0,0.0,0.0,0.0,128
2023-05-10 21:48:55,i2401-C-780,i2401-C-780,22.9,0.0,0.0,0.0,10,20.7,21.2,30,22.9,19.7,0.0,0.0,0.0,0.0,128
2023-05-10 21:48:56,i2401-C-780,i2401-C-780,22.9,0.0,0.0,0.0,30,20.6,21.2,40,22.9,19.7,0.0,0.0,0.0,0.0,128
2023-05-10 21:48:59,i2401-C-780,i2401-C-780,22.9,0.0,0.0,0.0,20,20.6,21.1,20,22.9,19.7,0.0,0.0,0.0,0.0,128
2023-05-10 21:49:01,i2401-C-780,i2401-C-780,22.9,0.0,0.0,0.0,20,20.6,21.1,30,22.9,19.7,0.0,0.0,0.0,0.0,128
2023-05-10 21:49:02,i2401-C-780,i2401-C-780,22.9,0.0,0.0,0.0,10,20.5,21.0,10,22.9,19.7,0.0,0.0,0.0,0.0,128
2023-05-10 21:49:02,i2401-C-780,i2401-C-780,22.9,0.0,0.0,0.0,10,20.5,21.1,30,22.9,19.7,0.0,0.0,0.0,0.0,128
2023-05-10 21:49:04,i2401-C-780,i2401-C-780,22.9,0.0,0.0,0.0,10,20.5,21.0,10,22.9,19.7,0.0,0.0,0.0,0.0,128
2023-05-10 21:49:05,i2401-C-780,i2401-C-780,22.9,0.0,0.0,0.0,10,20.5,21.1,30,22.9,19.7,0.0,0.0,0.0,0.0,128
2023-05-10 21:49:05,i2401-C-780,i2401-C-780,22.9,0.0,0.0,0.0,10,20.6,21.1,10,22.9,19.7,0.0,0.0,0.0,0.0,128
2023-05-10 21:49:06,i2401-C-780,i2401-C-780,22.9,0.0,0.0,0.0,20,20.6,21.1,20,22.9,19.7,0.0,0.0,0.0,0.0,128
2023-05-10 21:49:18,i2401-C-780,i2401-C-780,22.9,0.0,0.0,0.0,10,20.6,21.1,10,22.9,19.7,0.0,0.0,0.0,0.0,128
2023-05-10 21:49:19,i2401-C-780,i2401-C-780,22.9,0.0,0.0,0.0,10,20.6,21.1,20,22.9,19.7,0.0,0.0,0.0,0.0,128
2023-05-10 21:49:19,i2401-C-780,i2401-C-780,22.9,0.0,0.0,0.0,10,20.6,21.0,10,22.9,19.7,0.0,0.0,0.0,0.0,128
2023-05-10 21:49:20,i2401-C-780,i2401-C-780,22.9,0.0,0.0,0.0,30,20.4,21.0,10,22.9,19.7,0.0,0.0,0.0,0.0,128
2023-05-10 21:49:20,i2401-C-780,i2401-C-780,22.9,0.0,0.0,0.0,10,20.6,21.1,30,22.9,19.7,0.0,0.0,0.0,0.0,128
2023-05-10 21:49:20,i2401-C-780,i2401-C-780,22.9,0.0,0.0,0.0,20,20.5,21.1,20,22.9,19.7,0.0,0.0,0.0,0.0,128
2023-05-10 21:49:23,i2401-C-780,i2401-C-780,22.9,0.0,0.0,0.0,30,20.5,21.1,20,22.9,19.7,0.0,0.0,0.0,0.0,128
2023-05-10 21:49:24,i2401-C-780,i2401-C-780,22.9,0.0,0.0,0.0,40,20.5,21.1,10,22.9,19.7,0.0,0.0,0.0,0.0,128
2023-05-10 21:49:24,i2401-C-780,i2401-C-780,22.9,0.0,0.0,0.0,40,20.5,21.1,20,22.9,19.7,0.0,0.0,0.0,0.0,128
2023-05-10 21:49:25,i2401-C-780,i2401-C-780,22.9,0.0,0.0,0.0,40,20.5,21.1,10,22.9,19.7,0.0,0.0,0.0,0.0,128
2023-05-10 21:49:25,i2401-C-780,i2401-C-780,22.9,0.0,0.0,0.0,40,20.5,21.1,20,22.9,19.7,0.0,0.0,0.0,0.0,128
2023-05-10 21:49:28,i2401-C-780,i2401-C-780,22.9,0.0,0.0,0.0,30,20.5,21.1,20,22.9,19.7,0.0,0.0,0.0,0.0,128
2023-05-10 21:49:29,i2401-C-780,i2401-C-780,22.9,0.0,0.0,0.0,40,20.5,21.1,20,22.9,19.7,0.0,0.0,0.0,0.0,128
2023-05-10 21:49:30,i2401-C-780,i2401-C-780,22.9,0.0,0.0,0.0,40,20.5,21.1,10,22.9,19.7,0.0,0.0,0.0,0.0,128
2023-05-10 21:49:42,i2401-C-780,i2401-C-780,22.9,0.0,0.0,0.0,40,20.5,21.1,20,22.9,19.7,0.0,0.0,0.0,0.0,128
2023-05-10 21:49:42,i2401-C-780,i2401-C-780,22.9,0.0,0.0,0.0,40,20.5,21.1,10,22.9,19.7,0.0,0.0,0.0,0.0,128
2023-05-10 21:49:49,i2401-C-780,i2401-C-780,22.9,0.0,0.0,0.0,10,20.7,21.2,40,22.9,19.7,0.0,0.0,0.0,0.0,128
2023-05-10 21:49:55,i2401-C-780,i2401-C-780,22.9,0.0,0.0,0.0,20,20.6,21.2,40,22.9,19.7,0.0,0.0,0.0,0.0,128
2023-05-10 21:49:55,i2401-C-780,i2401-C-780,22.9,0.0,0.0,0.0,10,20.7,21.2,40,22.9,19.7,0.0,0.0,0.0,0.0,128
2023-05-10 21:49:55,i2401-C-780,i2401-C-780,22.9,0.0,0.0,0.0,20,20.6,21.2,50,22.9,19.7,0.0,0.0,0.0,0.0,128
2023-05-10 21:49:59,i2401-C-780,i2401-C-780,22.9,0.0,0.0,0.0,10,20.7,21.2,30,22.9,19.7,0.0,0.0,0.0,0.0,128
2023-05-10 21:49:59,i2401-C-780,i2401-C-780,22.9,0.0,0.0,0.0,30,20.6,21.2,30,22.9,19.7,0.0,0.0,0.0,0.0,128
2023-05-10 21:50:00,i2401-C-780,i2401-C-780,22.9,0.0,0.0,0.0,20,20.6,21.2,30,22.9,19.7,0.0,0.0,0.0,0.0,128
2023-05-10 21:50:01,i2401-C-780,i2401-C-780,22.9,0.0,0.0,0.0,20,20.6,21.2,40,22.9,19.7,0.0,0.0,0.0,0.0,128
2023-05-10 21:50:07,i2401-C-780,i2401-C-780,22.9,0.0,0.0,0.0,30,20.6,21.2,30,22.9,19.7,0.0,0.0,0.0,0.0,128
2023-05-10 21:50:08,i2401-C-780,i2401-C-780,22.9,0.0,0.0,0.0,40,20.6,21.2,20,22.9,19.7,0.0,0.0,0.0,0.0,128
2023-05-10 21:50:18,i2401-C-780,i2401-C-780,22.9,0.0,0.0,0.0,10,20.7,21.2,20,22.9,19.7,0.0,0.0,0.0,0.0,128
2023-05-10 21:50:19,i2401-C-780,i2401-C-780,22.9,0.0,0.0,0.0,30,20.7,21.2,10,22.9,19.7,0.0,0.0,0.0,0.0,128
2023-05-10 21:50:19,i2401-C-780,i2401-C-780,22.9,0.0,0.0,0.0,10,20.8,21.2,10,22.9,19.7,0.0,0.0,0.0,0.0,128
2023-05-10 21:50:20,i2401-C-780,i2401-C-780,22.9,0.0,0.0,0.0,20,20.8,21.2,10,22.9,19.7,0.0,0.0,0.0,0.0,128
2023-05-10 21:50:20,i2401-C-780,i2401-C-780,22.9,0.0,0.0,0.0,30,20.8,21.2,10,22.9,19.7,0.0,0.0,0.0,0.0,128
2023-05-10 21:50:22,i2401-C-780,i2401-C-780,22.9,0.0,0.0,0.0,20,20.8,21.3,20,22.9,19.7,0.0,0.0,0.0,0.0,128
2023-05-10 21:50:25,i2401-C-780,i2401-C-780,22.9,0.0,0.0,0.0,20,20.8,21.3,10,22.9,19.7,0.0,0.0,0.0,0.0,128
2023-05-10 21:50:34,i2401-C-780,i2401-C-780,22.9,0.0,0.0,0.0,20,20.8,21.3,20,22.9,19.7,0.0,0.0,0.0,0.0,128
2023-05-10 21:50:36,i2401-C-780,i2401-C-780,22.9,0.0,0.0,0.0,10,20.8,21.3,10,22.9,19.7,0.0,0.0,0.0,0.0,128
2023-05-10 21:50:38,i2401-C-780,i2401-C-780,22.9,0.0,0.0,0.0,20,20.8,21.3,20,22.9,19.7,0.0,0.0,0.0,0.0,128
2023-05-10 21:50:38,i2401-C-780,i2401-C-780,22.9,0.0,0.0,0.0,20,20.8,21.3,10,22.9,19.7,0.0,0.0,0.0,0.0,128
2023-05-10 21:51:00,i2401-C-780,i2401-C-780,22.9,0.0,0.0,0.0,20,20.8,21.3,20,22.9,19.7,0.0,0.0,0.0,0.0,128
2023-05-10 21:51:06,i2401-C-780,i2401-C-780,22.9,0.0,0.0,0.0,20,20.8,21.3,30,22.9,19.7,0.0,0.0,0.0,0.0,128
2023-05-10 21:51:08,i2401-C-780,i2401-C-780,22.9,0.0,0.0,0.0,10,20.8,21.2,10,22.9,19.7,0.0,0.0,0.0,0.0,128
2023-05-10 21:51:08,i2401-C-780,i2401-C-780,22.9,0.0,0.0,0.0,10,20.7,21.2,10,22.9,19.7,0.0,0.0,0.0,0.0,128
2023-05-10 21:51:09,i2401-C-780,i2401-C-780,22.9,0.0,0.0,0.0,20,20.7,21.3,30,22.9,19.7,0.0,0.0,0.0,0.0,128
2023-05-10 21:51:09,i2401-C-780,i2401-C-780,22.9,0.0,0.0,0.0,20,20.8,21.3,20,22.9,19.7,0.0,0.0,0.0,0.0,128
2023-05-10 21:51:11,i2401-C-780,i2401-C-780,22.9,0.0,0.0,0.0,20,20.8,21.3,30,22.9,19.7,0.0,0.0,0.0,0.0,128
2023-05-10 21:51:17,i2401-C-780,i2401-C-780,22.9,0.0,0.0,0.0,10,20.8,21.3,20,22.9,19.7,0.0,0.0,0.0,0.0,128
2023-05-10 21:51:19,i2401-C-780,i2401-C-780,22.9,0.0,0.0,0.0,20,20.8,21.3,30,22.9,19.7,0.0,0.0,0.0,0.0,128
2023-05-10 21:51:23,i2401-C-780,i2401-C-780,22.9,0.0,0.0,0.0,30,20.8,21.3,30,22.9,19.7,0.0,0.0,0.0,0.0,128
2023-05-10 21:51:27,i2401-C-780,i2401-C-780,22.9,0.0,0.0,0.0,30,20.8,21.3,20,22.9,19.7,0.0,0.0,0.0,0.0,128
2023-05-10 21:51:29,i2401-C-780,i2401-C-780,22.9,0.0,0.0,0.0,30,20.8,21.3,10,22.9,19.7,0.0,0.0,0.0,0.0,128
2023-05-10 21:51:29,i2401-C-780,i2401-C-780,22.9,0.0,0.0,0.0,20,20.9,21.3,10,22.9,19.7,0.0,0.0,0.0,0.0,128
2023-05-10 21:51:30,i2401-C-780,i2401-C-780,22.9,0.0,0.0,0.0,30,20.9,21.3,10,22.9,19.7,0.0,0.0,0.0,0.0,128
2023-05-10 21:51:30,i2401-C-780,i2401-C-780,22.9,0.0,0.0,0.0,20,20.9,21.3,20,22.9,19.7,0.0,0.0,0.0,0.0,128
2023-05-10 21:51:33,i2401-C-780,i2401-C-780,22.9,0.0,0.0,0.0,10,20.9,21.3,20,22.9,19.7,0.0,0.0,0.0,0.0,128
2023-05-10 21:51:34,i2401-C-780,i2401-C-780,22.9,0.0,0.0,0.0,20,20.7,21.3,10,22.9,19.7,0.0,0.0,0.0,0.0,128
2023-05-10 21:51:34,i2401-C-780,i2401-C-780,22.9,0.0,0.0,0.0,20,20.7,21.3,20,22.9,19.7,0.0,0.0,0.0,0.0,128
2023-05-10 21:51:35,i2401-C-780,i2401-C-780,22.9,0.0,0.0,0.0,20,20.7,21.3,30,22.9,19.7,0.0,0.0,0.0,0.0,128
2023-05-10 21:51:35,i2401-C-780,i2401-C-780,22.9,0.0,0.0,0.0,10,20.7,21.3,20,22.9,19.7,0.0,0.0,0.0,0.0,128
2023-05-10 21:51:35,i2401-C-780,i2401-C-780,22.9,0.0,0.0,0.0,20,20.7,21.3,30,22.9,19.7,0.0,0.0,0.0,0.0,128
2023-05-10 21:51:36,i2401-C-780,i2401-C-780,22.9,0.0,0.0,0.0,30,20.7,21.3,20,22.9,19.7,0.0,0.0,0.0,0.0,128
2023-05-10 21:51:41,i2401-C-780,i2401-C-780,22.9,0.0,0.0,0.0,20,20.7,21.3,30,22.9,19.7,0.0,0.0,0.0,0.0,128
2023-05-10 21:51:42,i2401-C-780,i2401-C-780,22.9,0.0,0.0,0.0,30,20.7,21.3,30,22.9,19.7,0.0,0.0,0.0,0.0,128
2023-05-10 21:51:42,i2401-C-780,i2401-C-780,22.9,0.0,0.0,0.0,20,20.7,21.3,30,22.9,19.7,0.0,0.0,0.0,0.0,128
2023-05-10 21:51:43,i2401-C-780,i2401-C-780,22.9,0.0,0.0,0.0,30,20.7,21.3,30,22.9,19.7,0.0,0.0,0.0,0.0,128
2023-05-10 21:51:43,i2401-C-780,i2401-C-780,22.9,0.0,0.0,0.0,20,20.7,21.3,30,22.9,19.7,0.0,0.0,0.0,0.0,128
2023-05-10 21:51:45,i2401-C-780,i2401-C-780,22.9,0.0,0.0,0.0,10,20.7,21.3,20,22.9,19.7,0.0,0.0,0.0,0.0,128
2023-05-10 21:51:45,i2401-C-780,i2401-C-780,22.9,0.0,0.0,0.0,10,20.7,21.2,10,22.9,19.7,0.0,0.0,0.0,0.0,128
2023-05-10 21:51:46,i2401-C-780,i2401-C-780,22.9,0.0,0.0,0.0,10,20.7,21.2,30,22.9,19.7,0.0,0.0,0.0,0.0,128
2023-05-10 21:51:47,i2401-C-780,i2401-C-780,22.9,0.0,0.0,0.0,10,20.7,21.2,40,22.9,19.7,0.0,0.0,0.0,0.0,128
2023-05-10 21:51:48,i2401-C-780,i2401-C-780,22.9,0.0,0.0,0.0,10,20.7,21.2,30,22.9,19.7,0.0,0.0,0.0,0.0,128
2023-05-10 21:51:49,i2401-C-780,i2401-C-780,22.9,0.0,0.0,0.0,20,20.7,21.1,20,22.9,19.7,0.0,0.0,0.0,0.0,128
2023-05-10 21:51:49,i2401-C-780,i2401-C-780,22.9,0.0,0.0,0.0,20,20.7,21.1,30,22.9,19.7,0.0,0.0,0.0,0.0,128
2023-05-10 21:51:50,i2401-C-780,i2401-C-780,22.9,0.0,0.0,0.0,10,20.7,21.1,30,22.9,19.7,0.0,0.0,0.0,0.0,128
2023-05-10 21:51:50,i2401-C-780,i2401-C-780,22.9,0.0,0.0,0.0,20,20.7,21.1,20,22.9,19.7,0.0,0.0,0.0,0.0,128
2023-05-10 21:51:51,i2401-C-780,i2401-C-780,22.9,0.0,0.0,0.0,20,20.7,21.1,30,22.9,19.7,0.0,0.0,0.0,0.0,128
2023-05-10 21:51:51,i2401-C-780,i2401-C-780,22.9,0.0,0.0,0.0,10,20.7,21.1,30,22.9,19.7,0.0,0.0,0.0,0.0,128
2023-05-10 21:51:52,i2401-C-780,i2401-C-780,22.9,0.0,0.0,0.0,30,20.6,21.0,10,22.9,19.7,0.0,0.0,0.0,0.0,128
2023-05-10 21:51:53,i2401-C-780,i2401-C-780,22.9,0.0,0.0,0.0,20,20.6,21.0,20,22.9,19.7,0.0,0.0,0.0,0.0,128
2023-05-10 21:51:54,i2401-C-780,i2401-C-780,22.9,0.0,0.0,0.0,30,20.6,21.0,30,22.9,19.7,0.0,0.0,0.0,0.0,128
2023-05-10 21:52:00,i2401-C-780,i2401-C-780,22.9,0.0,0.0,0.0,20,20.6,21.0,40,22.9,19.7,0.0,0.0,0.0,0.0,128
2023-05-10 21:52:00,i2401-C-780,i2401-C-780,22.9,0.0,0.0,0.0,10,20.6,21.0,40,22.9,19.7,0.0,0.0,0.0,0.0,128
