time,symbol_id,symbol_name,last,trade_volume,trade_amount,open_interest_change,bv1,bp1,ap1,av1,yesterday_close,today_open,today_high,today_low,volume,amount,open_interest
2023-05-10 20:58:35,i2401-P-610,i2401-P-610,30.5,0.0,0.0,0.0,1,25.5,0.0,0,30.5,29.4,0.0,0.0,0.0,0.0,517
2023-05-10 21:00:00,i2401-P-610,i2401-P-610,30.5,0.0,0.0,0.0,1,25.5,37.0,1,30.5,29.4,0.0,0.0,0.0,0.0,517
2023-05-10 21:00:01,i2401-P-610,i2401-P-610,30.5,0.0,0.0,0.0,4,29.0,33.2,4,30.5,29.4,0.0,0.0,0.0,0.0,517
2023-05-10 21:00:05,i2401-P-610,i2401-P-610,30.5,0.0,0.0,0.0,4,29.0,33.1,20,30.5,29.4,0.0,0.0,0.0,0.0,517
2023-05-10 21:00:06,i2401-P-610,i2401-P-610,30.5,0.0,0.0,0.0,4,29.0,30.8,4,30.5,29.4,0.0,0.0,0.0,0.0,517
2023-05-10 21:00:18,i2401-P-610,i2401-P-610,30.5,0.0,0.0,0.0,4,29.0,33.2,4,30.5,29.4,0.0,0.0,0.0,0.0,517
2023-05-10 21:00:18,i2401-P-610,i2401-P-610,30.5,0.0,0.0,0.0,4,29.0,33.1,20,30.5,29.4,0.0,0.0,0.0,0.0,517
2023-05-10 21:00:19,i2401-P-610,i2401-P-610,30.5,0.0,0.0,0.0,4,29.0,30.9,4,30.5,29.4,0.0,0.0,0.0,0.0,517
2023-05-10 21:00:25,i2401-P-610,i2401-P-610,30.5,0.0,0.0,0.0,4,29.0,37.0,1,30.5,29.4,0.0,0.0,0.0,0.0,517
2023-05-10 21:00:25,i2401-P-610,i2401-P-610,30.5,0.0,0.0,0.0,4,29.0,33.2,4,30.5,29.4,0.0,0.0,0.0,0.0,517
2023-05-10 21:00:26,i2401-P-610,i2401-P-610,30.5,0.0,0.0,0.0,4,29.0,30.8,4,30.5,29.4,0.0,0.0,0.0,0.0,517
2023-05-10 21:00:32,i2401-P-610,i2401-P-610,30.5,0.0,0.0,0.0,4,29.0,37.0,1,30.5,29.4,0.0,0.0,0.0,0.0,517
2023-05-10 21:00:32,i2401-P-610,i2401-P-610,30.5,0.0,0.0,0.0,4,29.0,33.2,4,30.5,29.4,0.0,0.0,0.0,0.0,517
2023-05-10 21:00:33,i2401-P-610,i2401-P-610,30.5,0.0,0.0,0.0,4,29.0,33.1,20,30.5,29.4,0.0,0.0,0.0,0.0,517
2023-05-10 21:00:33,i2401-P-610,i2401-P-610,30.5,0.0,0.0,0.0,4,29.0,30.7,4,30.5,29.4,0.0,0.0,0.0,0.0,517
2023-05-10 21:00:40,i2401-P-610,i2401-P-610,30.5,0.0,0.0,0.0,4,29.0,33.1,20,30.5,29.4,0.0,0.0,0.0,0.0,517
2023-05-10 21:00:40,i2401-P-610,i2401-P-610,30.5,0.0,0.0,0.0,4,29.0,30.7,4,30.5,29.4,0.0,0.0,0.0,0.0,517
2023-05-10 21:00:46,i2401-P-610,i2401-P-610,30.5,0.0,0.0,0.0,4,29.0,33.2,4,30.5,29.4,0.0,0.0,0.0,0.0,517
2023-05-10 21:00:46,i2401-P-610,i2401-P-610,30.5,0.0,0.0,0.0,4,29.0,30.6,4,30.5,29.4,0.0,0.0,0.0,0.0,517
2023-05-10 21:00:52,i2401-P-610,i2401-P-610,30.5,0.0,0.0,0.0,4,29.0,33.2,4,30.5,29.4,0.0,0.0,0.0,0.0,517
2023-05-10 21:00:52,i2401-P-610,i2401-P-610,30.5,0.0,0.0,0.0,10,29.4,30.3,10,30.5,29.4,0.0,0.0,0.0,0.0,517
2023-05-10 21:01:00,i2401-P-610,i2401-P-610,30.5,0.0,0.0,0.0,10,29.5,30.4,10,30.5,29.4,0.0,0.0,0.0,0.0,517
2023-05-10 21:01:00,i2401-P-610,i2401-P-610,30.5,0.0,0.0,0.0,10,29.7,30.5,10,30.5,29.4,0.0,0.0,0.0,0.0,517
2023-05-10 21:01:06,i2401-P-610,i2401-P-610,30.5,0.0,0.0,0.0,10,29.5,30.4,10,30.5,29.4,0.0,0.0,0.0,0.0,517
2023-05-10 21:01:39,i2401-P-610,i2401-P-610,30.5,0.0,0.0,0.0,10,29.3,30.2,10,30.5,29.4,0.0,0.0,0.0,0.0,517
2023-05-10 21:01:50,i2401-P-610,i2401-P-610,30.5,0.0,0.0,0.0,10,29.5,30.3,10,30.5,29.4,0.0,0.0,0.0,0.0,517
2023-05-10 21:01:51,i2401-P-610,i2401-P-610,30.5,0.0,0.0,0.0,10,29.3,30.3,10,30.5,29.4,0.0,0.0,0.0,0.0,517
2023-05-10 21:01:54,i2401-P-610,i2401-P-610,30.5,0.0,0.0,0.0,10,29.4,30.4,10,30.5,29.4,0.0,0.0,0.0,0.0,517
2023-05-10 21:02:03,i2401-P-610,i2401-P-610,30.5,0.0,0.0,0.0,10,29.4,30.2,10,30.5,29.4,0.0,0.0,0.0,0.0,517
2023-05-10 21:02:07,i2401-P-610,i2401-P-610,30.5,0.0,0.0,0.0,10,29.4,30.4,10,30.5,29.4,0.0,0.0,0.0,0.0,517
2023-05-10 21:02:16,i2401-P-610,i2401-P-610,30.5,0.0,0.0,0.0,10,29.3,30.2,10,30.5,29.4,0.0,0.0,0.0,0.0,517
2023-05-10 21:02:20,i2401-P-610,i2401-P-610,30.5,0.0,0.0,0.0,10,29.5,30.4,10,30.5,29.4,0.0,0.0,0.0,0.0,517
2023-05-10 21:02:34,i2401-P-610,i2401-P-610,30.5,0.0,0.0,0.0,20,29.5,30.4,20,30.5,29.4,0.0,0.0,0.0,0.0,517
2023-05-10 21:03:00,i2401-P-610,i2401-P-610,30.5,0.0,0.0,0.0,20,29.3,30.2,20,30.5,29.4,0.0,0.0,0.0,0.0,517
2023-05-10 21:03:00,i2401-P-610,i2401-P-610,30.5,0.0,0.0,0.0,20,29.3,30.2,24,30.5,29.4,0.0,0.0,0.0,0.0,517
2023-05-10 21:03:17,i2401-P-610,i2401-P-610,30.5,0.0,0.0,0.0,10,29.4,30.2,14,30.5,29.4,0.0,0.0,0.0,0.0,517
2023-05-10 21:03:30,i2401-P-610,i2401-P-610,30.5,0.0,0.0,0.0,25,29.4,30.2,14,30.5,29.4,0.0,0.0,0.0,0.0,517
2023-05-10 21:03:30,i2401-P-610,i2401-P-610,30.5,0.0,0.0,0.0,35,29.4,30.2,14,30.5,29.4,0.0,0.0,0.0,0.0,517
2023-05-10 21:03:38,i2401-P-610,i2401-P-610,29.4,1.0,2940.0,1.0,10,29.5,30.0,4,30.5,29.4,29.4,29.4,1.0,2940.0,518
2023-05-10 21:03:38,i2401-P-610,i2401-P-610,29.4,0.0,0.0,0.0,20,29.5,30.0,4,30.5,29.4,29.4,29.4,1.0,2940.0,518
2023-05-10 21:03:54,i2401-P-610,i2401-P-610,29.4,0.0,0.0,0.0,10,29.6,30.0,4,30.5,29.4,29.4,29.4,1.0,2940.0,518
2023-05-10 21:03:54,i2401-P-610,i2401-P-610,29.4,0.0,0.0,0.0,10,29.5,30.0,4,30.5,29.4,29.4,29.4,1.0,2940.0,518
2023-05-10 21:04:03,i2401-P-610,i2401-P-610,29.4,0.0,0.0,0.0,25,29.5,30.0,4,30.5,29.4,29.4,29.4,1.0,2940.0,518
2023-05-10 21:04:12,i2401-P-610,i2401-P-610,29.4,0.0,0.0,0.0,35,29.5,30.0,4,30.5,29.4,29.4,29.4,1.0,2940.0,518
2023-05-10 21:04:32,i2401-P-610,i2401-P-610,29.4,0.0,0.0,0.0,20,29.6,30.0,4,30.5,29.4,29.4,29.4,1.0,2940.0,518
2023-05-10 21:04:36,i2401-P-610,i2401-P-610,30.0,4.0,12000.0,-4.0,1,30.0,30.2,4,30.5,29.4,30.0,29.4,5.0,14940.0,514
2023-05-10 21:04:36,i2401-P-610,i2401-P-610,30.0,1.0,3000.0,-1.0,4,29.7,30.2,8,30.5,29.4,30.0,29.4,6.0,17940.0,513
2023-05-10 21:04:57,i2401-P-610,i2401-P-610,30.0,0.0,0.0,0.0,4,29.7,30.2,28,30.5,29.4,30.0,29.4,6.0,17940.0,513
2023-05-10 21:05:00,i2401-P-610,i2401-P-610,30.0,0.0,0.0,0.0,4,29.7,30.2,38,30.5,29.4,30.0,29.4,6.0,17940.0,513
2023-05-10 21:05:25,i2401-P-610,i2401-P-610,30.0,0.0,0.0,0.0,14,29.6,30.2,38,30.5,29.4,30.0,29.4,6.0,17940.0,513
2023-05-10 21:05:38,i2401-P-610,i2401-P-610,30.0,0.0,0.0,0.0,30,29.5,30.2,38,30.5,29.4,30.0,29.4,6.0,17940.0,513
2023-05-10 21:05:39,i2401-P-610,i2401-P-610,30.0,0.0,0.0,0.0,30,29.5,30.2,28,30.5,29.4,30.0,29.4,6.0,17940.0,513
2023-05-10 21:05:41,i2401-P-610,i2401-P-610,30.0,0.0,0.0,0.0,40,29.5,30.2,38,30.5,29.4,30.0,29.4,6.0,17940.0,513
2023-05-10 21:05:42,i2401-P-610,i2401-P-610,30.0,0.0,0.0,0.0,10,29.5,30.1,10,30.5,29.4,30.0,29.4,6.0,17940.0,513
2023-05-10 21:05:42,i2401-P-610,i2401-P-610,30.0,0.0,0.0,0.0,35,29.4,30.1,20,30.5,29.4,30.0,29.4,6.0,17940.0,513
2023-05-10 21:05:43,i2401-P-610,i2401-P-610,30.0,0.0,0.0,0.0,45,29.4,30.1,30,30.5,29.4,30.0,29.4,6.0,17940.0,513
2023-05-10 21:06:18,i2401-P-610,i2401-P-610,30.0,0.0,0.0,0.0,35,29.4,30.0,10,30.5,29.4,30.0,29.4,6.0,17940.0,513
2023-05-10 21:06:20,i2401-P-610,i2401-P-610,30.0,0.0,0.0,0.0,45,29.4,30.0,20,30.5,29.4,30.0,29.4,6.0,17940.0,513
2023-05-10 21:06:26,i2401-P-610,i2401-P-610,30.0,0.0,0.0,0.0,25,29.5,30.1,20,30.5,29.4,30.0,29.4,6.0,17940.0,513
2023-05-10 21:06:27,i2401-P-610,i2401-P-610,30.0,0.0,0.0,0.0,15,29.5,30.1,20,30.5,29.4,30.0,29.4,6.0,17940.0,513
2023-05-10 21:06:31,i2401-P-610,i2401-P-610,30.0,0.0,0.0,0.0,25,29.5,30.1,20,30.5,29.4,30.0,29.4,6.0,17940.0,513
2023-05-10 21:06:32,i2401-P-610,i2401-P-610,30.0,0.0,0.0,0.0,20,29.6,30.2,14,30.5,29.4,30.0,29.4,6.0,17940.0,513
2023-05-10 21:06:34,i2401-P-610,i2401-P-610,30.0,0.0,0.0,0.0,30,29.6,30.2,24,30.5,29.4,30.0,29.4,6.0,17940.0,513
2023-05-10 21:06:40,i2401-P-610,i2401-P-610,30.0,0.0,0.0,0.0,20,29.6,30.2,24,30.5,29.4,30.0,29.4,6.0,17940.0,513
2023-05-10 21:06:42,i2401-P-610,i2401-P-610,30.0,0.0,0.0,0.0,30,29.6,30.2,24,30.5,29.4,30.0,29.4,6.0,17940.0,513
2023-05-10 21:06:44,i2401-P-610,i2401-P-610,30.0,0.0,0.0,0.0,20,29.6,30.2,24,30.5,29.4,30.0,29.4,6.0,17940.0,513
2023-05-10 21:06:48,i2401-P-610,i2401-P-610,30.0,0.0,0.0,0.0,10,29.6,30.2,24,30.5,29.4,30.0,29.4,6.0,17940.0,513
2023-05-10 21:06:49,i2401-P-610,i2401-P-610,30.0,0.0,0.0,0.0,10,29.5,30.1,10,30.5,29.4,30.0,29.4,6.0,17940.0,513
2023-05-10 21:06:49,i2401-P-610,i2401-P-610,30.0,0.0,0.0,0.0,55,29.4,30.1,10,30.5,29.4,30.0,29.4,6.0,17940.0,513
2023-05-10 21:06:52,i2401-P-610,i2401-P-610,30.0,0.0,0.0,0.0,65,29.4,30.1,20,30.5,29.4,30.0,29.4,6.0,17940.0,513
2023-05-10 21:06:55,i2401-P-610,i2401-P-610,30.0,0.0,0.0,0.0,55,29.4,30.1,20,30.5,29.4,30.0,29.4,6.0,17940.0,513
2023-05-10 21:07:21,i2401-P-610,i2401-P-610,30.0,0.0,0.0,0.0,45,29.4,30.1,30,30.5,29.4,30.0,29.4,6.0,17940.0,513
2023-05-10 21:07:52,i2401-P-610,i2401-P-610,30.0,0.0,0.0,0.0,25,29.4,30.0,10,30.5,29.4,30.0,29.4,6.0,17940.0,513
2023-05-10 21:07:52,i2401-P-610,i2401-P-610,30.0,0.0,0.0,0.0,20,29.3,30.0,10,30.5,29.4,30.0,29.4,6.0,17940.0,513
2023-05-10 21:07:53,i2401-P-610,i2401-P-610,30.0,0.0,0.0,0.0,10,29.3,30.0,10,30.5,29.4,30.0,29.4,6.0,17940.0,513
2023-05-10 21:07:54,i2401-P-610,i2401-P-610,30.0,0.0,0.0,0.0,20,29.3,30.0,20,30.5,29.4,30.0,29.4,6.0,17940.0,513
2023-05-10 21:07:59,i2401-P-610,i2401-P-610,30.0,0.0,0.0,0.0,30,29.3,30.0,20,30.5,29.4,30.0,29.4,6.0,17940.0,513
2023-05-10 21:08:03,i2401-P-610,i2401-P-610,30.0,0.0,0.0,0.0,40,29.3,30.0,20,30.5,29.4,30.0,29.4,6.0,17940.0,513
2023-05-10 21:08:10,i2401-P-610,i2401-P-610,30.0,0.0,0.0,0.0,10,29.6,30.2,19,30.5,29.4,30.0,29.4,6.0,17940.0,513
2023-05-10 21:08:11,i2401-P-610,i2401-P-610,30.0,0.0,0.0,0.0,15,29.6,30.2,14,30.5,29.4,30.0,29.4,6.0,17940.0,513
2023-05-10 21:08:12,i2401-P-610,i2401-P-610,30.0,0.0,0.0,0.0,15,29.6,30.2,24,30.5,29.4,30.0,29.4,6.0,17940.0,513
2023-05-10 21:08:12,i2401-P-610,i2401-P-610,30.0,0.0,0.0,0.0,15,29.6,30.2,14,30.5,29.4,30.0,29.4,6.0,17940.0,513
2023-05-10 21:08:14,i2401-P-610,i2401-P-610,30.0,0.0,0.0,0.0,35,29.6,30.2,4,30.5,29.4,30.0,29.4,6.0,17940.0,513
2023-05-10 21:08:14,i2401-P-610,i2401-P-610,30.0,0.0,0.0,0.0,45,29.6,30.2,4,30.5,29.4,30.0,29.4,6.0,17940.0,513
2023-05-10 21:08:30,i2401-P-610,i2401-P-610,30.0,0.0,0.0,0.0,10,29.8,30.5,45,30.5,29.4,30.0,29.4,6.0,17940.0,513
2023-05-10 21:08:32,i2401-P-610,i2401-P-610,30.0,0.0,0.0,0.0,10,29.8,30.5,55,30.5,29.4,30.0,29.4,6.0,17940.0,513
2023-05-10 21:08:35,i2401-P-610,i2401-P-610,30.0,0.0,0.0,0.0,25,29.8,30.5,30,30.5,29.4,30.0,29.4,6.0,17940.0,513
2023-05-10 21:08:36,i2401-P-610,i2401-P-610,30.0,0.0,0.0,0.0,25,29.8,30.5,20,30.5,29.4,30.0,29.4,6.0,17940.0,513
2023-05-10 21:08:40,i2401-P-610,i2401-P-610,30.0,0.0,0.0,0.0,10,29.8,30.4,10,30.5,29.4,30.0,29.4,6.0,17940.0,513
2023-05-10 21:08:40,i2401-P-610,i2401-P-610,30.0,0.0,0.0,0.0,10,29.8,30.4,20,30.5,29.4,30.0,29.4,6.0,17940.0,513
2023-05-10 21:08:42,i2401-P-610,i2401-P-610,30.0,0.0,0.0,0.0,30,29.7,30.4,30,30.5,29.4,30.0,29.4,6.0,17940.0,513
2023-05-10 21:08:47,i2401-P-610,i2401-P-610,30.0,0.0,0.0,0.0,20,29.7,30.4,30,30.5,29.4,30.0,29.4,6.0,17940.0,513
2023-05-10 21:09:11,i2401-P-610,i2401-P-610,30.0,0.0,0.0,0.0,45,29.7,30.4,20,30.5,29.4,30.0,29.4,6.0,17940.0,513
2023-05-10 21:09:12,i2401-P-610,i2401-P-610,30.0,0.0,0.0,0.0,10,29.8,30.4,10,30.5,29.4,30.0,29.4,6.0,17940.0,513
2023-05-10 21:09:13,i2401-P-610,i2401-P-610,30.0,0.0,0.0,0.0,10,29.8,30.6,20,30.5,29.4,30.0,29.4,6.0,17940.0,513
2023-05-10 21:09:13,i2401-P-610,i2401-P-610,30.0,0.0,0.0,0.0,10,29.9,30.6,10,30.5,29.4,30.0,29.4,6.0,17940.0,513
2023-05-10 21:09:14,i2401-P-610,i2401-P-610,30.0,0.0,0.0,0.0,10,30.0,30.7,34,30.5,29.4,30.0,29.4,6.0,17940.0,513
2023-05-10 21:09:15,i2401-P-610,i2401-P-610,30.0,0.0,0.0,0.0,10,30.0,30.7,49,30.5,29.4,30.0,29.4,6.0,17940.0,513
2023-05-10 21:09:16,i2401-P-610,i2401-P-610,30.0,0.0,0.0,0.0,10,30.0,30.7,34,30.5,29.4,30.0,29.4,6.0,17940.0,513
2023-05-10 21:09:19,i2401-P-610,i2401-P-610,30.0,0.0,0.0,0.0,10,30.0,30.7,49,30.5,29.4,30.0,29.4,6.0,17940.0,513
2023-05-10 21:09:20,i2401-P-610,i2401-P-610,30.0,0.0,0.0,0.0,20,30.0,30.7,34,30.5,29.4,30.0,29.4,6.0,17940.0,513
2023-05-10 21:09:43,i2401-P-610,i2401-P-610,30.0,0.0,0.0,0.0,20,30.0,30.7,24,30.5,29.4,30.0,29.4,6.0,17940.0,513
2023-05-10 21:09:49,i2401-P-610,i2401-P-610,30.0,0.0,0.0,0.0,10,30.0,30.6,10,30.5,29.4,30.0,29.4,6.0,17940.0,513
2023-05-10 21:09:49,i2401-P-610,i2401-P-610,30.0,0.0,0.0,0.0,45,29.9,30.6,10,30.5,29.4,30.0,29.4,6.0,17940.0,513
2023-05-10 21:09:50,i2401-P-610,i2401-P-610,30.0,0.0,0.0,0.0,20,30.0,30.7,4,30.5,29.4,30.0,29.4,6.0,17940.0,513
2023-05-10 21:10:06,i2401-P-610,i2401-P-610,30.0,0.0,0.0,0.0,30,30.0,30.7,4,30.5,29.4,30.0,29.4,6.0,17940.0,513
2023-05-10 21:10:11,i2401-P-610,i2401-P-610,30.0,0.0,0.0,0.0,10,30.2,30.7,4,30.5,29.4,30.0,29.4,6.0,17940.0,513
2023-05-10 21:10:12,i2401-P-610,i2401-P-610,30.0,0.0,0.0,0.0,10,30.2,31.0,45,30.5,29.4,30.0,29.4,6.0,17940.0,513
2023-05-10 21:10:13,i2401-P-610,i2401-P-610,30.0,0.0,0.0,0.0,20,30.2,31.0,55,30.5,29.4,30.0,29.4,6.0,17940.0,513
2023-05-10 21:10:16,i2401-P-610,i2401-P-610,30.0,0.0,0.0,0.0,30,30.2,31.0,45,30.5,29.4,30.0,29.4,6.0,17940.0,513
2023-05-10 21:10:19,i2401-P-610,i2401-P-610,30.0,0.0,0.0,0.0,10,30.4,31.0,35,30.5,29.4,30.0,29.4,6.0,17940.0,513
2023-05-10 21:10:19,i2401-P-610,i2401-P-610,30.0,0.0,0.0,0.0,30,30.3,31.0,35,30.5,29.4,30.0,29.4,6.0,17940.0,513
2023-05-10 21:10:22,i2401-P-610,i2401-P-610,30.0,0.0,0.0,0.0,45,30.3,31.0,20,30.5,29.4,30.0,29.4,6.0,17940.0,513
2023-05-10 21:10:22,i2401-P-610,i2401-P-610,30.0,0.0,0.0,0.0,10,30.4,31.0,20,30.5,29.4,30.0,29.4,6.0,17940.0,513
2023-05-10 21:10:23,i2401-P-610,i2401-P-610,30.0,0.0,0.0,0.0,20,30.4,31.0,20,30.5,29.4,30.0,29.4,6.0,17940.0,513
2023-05-10 21:10:24,i2401-P-610,i2401-P-610,30.0,0.0,0.0,0.0,10,30.4,31.1,30,30.5,29.4,30.0,29.4,6.0,17940.0,513
2023-05-10 21:10:28,i2401-P-610,i2401-P-610,30.0,0.0,0.0,0.0,45,30.3,31.0,10,30.5,29.4,30.0,29.4,6.0,17940.0,513
2023-05-10 21:10:28,i2401-P-610,i2401-P-610,30.0,0.0,0.0,0.0,35,30.3,31.0,10,30.5,29.4,30.0,29.4,6.0,17940.0,513
2023-05-10 21:10:29,i2401-P-610,i2401-P-610,30.0,0.0,0.0,0.0,20,30.3,31.0,25,30.5,29.4,30.0,29.4,6.0,17940.0,513
2023-05-10 21:10:31,i2401-P-610,i2401-P-610,30.0,0.0,0.0,0.0,20,30.3,31.0,35,30.5,29.4,30.0,29.4,6.0,17940.0,513
2023-05-10 21:10:46,i2401-P-610,i2401-P-610,30.0,0.0,0.0,0.0,20,30.2,30.9,10,30.5,29.4,30.0,29.4,6.0,17940.0,513
2023-05-10 21:10:49,i2401-P-610,i2401-P-610,30.0,0.0,0.0,0.0,20,30.2,30.9,20,30.5,29.4,30.0,29.4,6.0,17940.0,513
2023-05-10 21:10:50,i2401-P-610,i2401-P-610,30.0,0.0,0.0,0.0,30,30.2,30.9,20,30.5,29.4,30.0,29.4,6.0,17940.0,513
2023-05-10 21:10:50,i2401-P-610,i2401-P-610,30.0,0.0,0.0,0.0,10,30.3,30.9,10,30.5,29.4,30.0,29.4,6.0,17940.0,513
2023-05-10 21:10:53,i2401-P-610,i2401-P-610,30.0,0.0,0.0,0.0,10,30.3,31.0,45,30.5,29.4,30.0,29.4,6.0,17940.0,513
2023-05-10 21:10:53,i2401-P-610,i2401-P-610,30.0,0.0,0.0,0.0,20,30.3,31.0,45,30.5,29.4,30.0,29.4,6.0,17940.0,513
2023-05-10 21:10:54,i2401-P-610,i2401-P-610,30.0,0.0,0.0,0.0,20,30.3,31.0,35,30.5,29.4,30.0,29.4,6.0,17940.0,513
2023-05-10 21:10:56,i2401-P-610,i2401-P-610,30.0,0.0,0.0,0.0,45,30.3,31.0,20,30.5,29.4,30.0,29.4,6.0,17940.0,513
2023-05-10 21:10:57,i2401-P-610,i2401-P-610,30.0,0.0,0.0,0.0,10,30.4,31.0,10,30.5,29.4,30.0,29.4,6.0,17940.0,513
2023-05-10 21:10:58,i2401-P-610,i2401-P-610,30.0,0.0,0.0,0.0,20,30.4,31.2,65,30.5,29.4,30.0,29.4,6.0,17940.0,513
2023-05-10 21:10:59,i2401-P-610,i2401-P-610,30.0,0.0,0.0,0.0,10,30.5,31.2,55,30.5,29.4,30.0,29.4,6.0,17940.0,513
2023-05-10 21:11:00,i2401-P-610,i2401-P-610,30.0,0.0,0.0,0.0,10,30.6,31.2,10,30.5,29.4,30.0,29.4,6.0,17940.0,513
2023-05-10 21:11:02,i2401-P-610,i2401-P-610,30.0,0.0,0.0,0.0,20,30.6,31.2,20,30.5,29.4,30.0,29.4,6.0,17940.0,513
2023-05-10 21:11:03,i2401-P-610,i2401-P-610,30.0,0.0,0.0,0.0,30,30.6,31.3,4,30.5,29.4,30.0,29.4,6.0,17940.0,513
2023-05-10 21:11:06,i2401-P-610,i2401-P-610,30.0,0.0,0.0,0.0,10,30.6,31.3,24,30.5,29.4,30.0,29.4,6.0,17940.0,513
2023-05-10 21:11:06,i2401-P-610,i2401-P-610,30.0,0.0,0.0,0.0,10,30.5,31.2,10,30.5,29.4,30.0,29.4,6.0,17940.0,513
2023-05-10 21:11:07,i2401-P-610,i2401-P-610,30.0,0.0,0.0,0.0,10,30.5,31.2,25,30.5,29.4,30.0,29.4,6.0,17940.0,513
2023-05-10 21:11:08,i2401-P-610,i2401-P-610,30.0,0.0,0.0,0.0,10,30.5,31.2,15,30.5,29.4,30.0,29.4,6.0,17940.0,513
2023-05-10 21:11:09,i2401-P-610,i2401-P-610,30.0,0.0,0.0,0.0,20,30.5,31.2,25,30.5,29.4,30.0,29.4,6.0,17940.0,513
2023-05-10 21:11:11,i2401-P-610,i2401-P-610,30.0,0.0,0.0,0.0,30,30.5,31.2,10,30.5,29.4,30.0,29.4,6.0,17940.0,513
2023-05-10 21:11:11,i2401-P-610,i2401-P-610,30.0,0.0,0.0,0.0,40,30.5,31.2,10,30.5,29.4,30.0,29.4,6.0,17940.0,513
2023-05-10 21:11:14,i2401-P-610,i2401-P-610,30.0,0.0,0.0,0.0,10,30.7,31.3,24,30.5,29.4,30.0,29.4,6.0,17940.0,513
2023-05-10 21:11:14,i2401-P-610,i2401-P-610,30.0,0.0,0.0,0.0,10,30.8,31.3,4,30.5,29.4,30.0,29.4,6.0,17940.0,513
2023-05-10 21:11:16,i2401-P-610,i2401-P-610,30.0,0.0,0.0,0.0,20,30.8,31.3,4,30.5,29.4,30.0,29.4,6.0,17940.0,513
2023-05-10 21:11:21,i2401-P-610,i2401-P-610,30.0,0.0,0.0,0.0,10,30.8,31.3,4,30.5,29.4,30.0,29.4,6.0,17940.0,513
2023-05-10 21:11:23,i2401-P-610,i2401-P-610,30.0,0.0,0.0,0.0,20,30.7,31.3,4,30.5,29.4,30.0,29.4,6.0,17940.0,513
2023-05-10 21:11:25,i2401-P-610,i2401-P-610,30.0,0.0,0.0,0.0,10,30.8,31.3,4,30.5,29.4,30.0,29.4,6.0,17940.0,513
2023-05-10 21:11:26,i2401-P-610,i2401-P-610,30.0,0.0,0.0,0.0,20,30.8,31.3,4,30.5,29.4,30.0,29.4,6.0,17940.0,513
2023-05-10 21:11:27,i2401-P-610,i2401-P-610,30.0,0.0,0.0,0.0,10,30.8,31.3,14,30.5,29.4,30.0,29.4,6.0,17940.0,513
2023-05-10 21:11:27,i2401-P-610,i2401-P-610,30.0,0.0,0.0,0.0,20,30.7,31.3,14,30.5,29.4,30.0,29.4,6.0,17940.0,513
2023-05-10 21:11:31,i2401-P-610,i2401-P-610,30.0,0.0,0.0,0.0,20,30.7,31.3,24,30.5,29.4,30.0,29.4,6.0,17940.0,513
2023-05-10 21:11:32,i2401-P-610,i2401-P-610,30.0,0.0,0.0,0.0,10,30.7,31.3,54,30.5,29.4,30.0,29.4,6.0,17940.0,513
2023-05-10 21:11:32,i2401-P-610,i2401-P-610,30.0,0.0,0.0,0.0,20,30.6,31.3,54,30.5,29.4,30.0,29.4,6.0,17940.0,513
2023-05-10 21:11:52,i2401-P-610,i2401-P-610,30.0,0.0,0.0,0.0,30,30.6,31.3,44,30.5,29.4,30.0,29.4,6.0,17940.0,513
2023-05-10 21:12:00,i2401-P-610,i2401-P-610,30.0,0.0,0.0,0.0,40,30.6,31.3,34,30.5,29.4,30.0,29.4,6.0,17940.0,513
2023-05-10 21:12:01,i2401-P-610,i2401-P-610,30.0,0.0,0.0,0.0,10,30.7,31.3,34,30.5,29.4,30.0,29.4,6.0,17940.0,513
2023-05-10 21:12:02,i2401-P-610,i2401-P-610,30.0,0.0,0.0,0.0,10,30.7,31.3,24,30.5,29.4,30.0,29.4,6.0,17940.0,513
2023-05-10 21:12:03,i2401-P-610,i2401-P-610,30.0,0.0,0.0,0.0,20,30.7,31.3,34,30.5,29.4,30.0,29.4,6.0,17940.0,513
2023-05-10 21:12:06,i2401-P-610,i2401-P-610,30.0,0.0,0.0,0.0,10,30.7,31.3,34,30.5,29.4,30.0,29.4,6.0,17940.0,513
2023-05-10 21:12:08,i2401-P-610,i2401-P-610,30.0,0.0,0.0,0.0,10,30.7,31.3,44,30.5,29.4,30.0,29.4,6.0,17940.0,513
2023-05-10 21:12:11,i2401-P-610,i2401-P-610,30.0,0.0,0.0,0.0,20,30.6,31.2,10,30.5,29.4,30.0,29.4,6.0,17940.0,513
2023-05-10 21:12:11,i2401-P-610,i2401-P-610,30.0,0.0,0.0,0.0,20,30.6,31.2,35,30.5,29.4,30.0,29.4,6.0,17940.0,513
2023-05-10 21:12:12,i2401-P-610,i2401-P-610,30.0,0.0,0.0,0.0,20,30.6,31.2,45,30.5,29.4,30.0,29.4,6.0,17940.0,513
2023-05-10 21:12:13,i2401-P-610,i2401-P-610,30.0,0.0,0.0,0.0,20,30.6,31.1,10,30.5,29.4,30.0,29.4,6.0,17940.0,513
2023-05-10 21:12:14,i2401-P-610,i2401-P-610,30.0,0.0,0.0,0.0,10,30.6,31.1,10,30.5,29.4,30.0,29.4,6.0,17940.0,513
2023-05-10 21:12:15,i2401-P-610,i2401-P-610,30.0,0.0,0.0,0.0,20,30.5,31.1,10,30.5,29.4,30.0,29.4,6.0,17940.0,513
2023-05-10 21:12:17,i2401-P-610,i2401-P-610,30.0,0.0,0.0,0.0,20,30.4,31.1,40,30.5,29.4,30.0,29.4,6.0,17940.0,513
2023-05-10 21:12:19,i2401-P-610,i2401-P-610,30.0,0.0,0.0,0.0,30,30.4,31.1,50,30.5,29.4,30.0,29.4,6.0,17940.0,513
2023-05-10 21:12:24,i2401-P-610,i2401-P-610,30.0,0.0,0.0,0.0,30,30.4,31.0,20,30.5,29.4,30.0,29.4,6.0,17940.0,513
2023-05-10 21:12:28,i2401-P-610,i2401-P-610,30.0,0.0,0.0,0.0,40,30.4,31.0,10,30.5,29.4,30.0,29.4,6.0,17940.0,513
2023-05-10 21:12:28,i2401-P-610,i2401-P-610,30.0,0.0,0.0,0.0,30,30.4,31.1,20,30.5,29.4,30.0,29.4,6.0,17940.0,513
2023-05-10 21:12:29,i2401-P-610,i2401-P-610,30.0,0.0,0.0,0.0,10,30.5,31.1,10,30.5,29.4,30.0,29.4,6.0,17940.0,513
2023-05-10 21:12:29,i2401-P-610,i2401-P-610,30.0,0.0,0.0,0.0,20,30.5,31.1,20,30.5,29.4,30.0,29.4,6.0,17940.0,513
2023-05-10 21:12:32,i2401-P-610,i2401-P-610,30.0,0.0,0.0,0.0,10,30.5,31.1,20,30.5,29.4,30.0,29.4,6.0,17940.0,513
2023-05-10 21:12:33,i2401-P-610,i2401-P-610,30.0,0.0,0.0,0.0,20,30.5,31.1,20,30.5,29.4,30.0,29.4,6.0,17940.0,513
2023-05-10 21:12:40,i2401-P-610,i2401-P-610,30.0,0.0,0.0,0.0,10,30.5,31.1,20,30.5,29.4,30.0,29.4,6.0,17940.0,513
2023-05-10 21:12:41,i2401-P-610,i2401-P-610,30.0,0.0,0.0,0.0,40,30.4,31.1,30,30.5,29.4,30.0,29.4,6.0,17940.0,513
2023-05-10 21:12:41,i2401-P-610,i2401-P-610,30.0,0.0,0.0,0.0,40,30.4,31.1,40,30.5,29.4,30.0,29.4,6.0,17940.0,513
2023-05-10 21:12:42,i2401-P-610,i2401-P-610,30.0,0.0,0.0,0.0,50,30.4,31.1,40,30.5,29.4,30.0,29.4,6.0,17940.0,513
2023-05-10 21:12:47,i2401-P-610,i2401-P-610,30.0,0.0,0.0,0.0,50,30.4,31.1,30,30.5,29.4,30.0,29.4,6.0,17940.0,513
2023-05-10 21:12:47,i2401-P-610,i2401-P-610,30.0,0.0,0.0,0.0,40,30.4,31.1,10,30.5,29.4,30.0,29.4,6.0,17940.0,513
2023-05-10 21:12:48,i2401-P-610,i2401-P-610,30.0,0.0,0.0,0.0,10,30.5,31.1,10,30.5,29.4,30.0,29.4,6.0,17940.0,513
2023-05-10 21:12:48,i2401-P-610,i2401-P-610,30.0,0.0,0.0,0.0,20,30.5,31.1,20,30.5,29.4,30.0,29.4,6.0,17940.0,513
2023-05-10 21:12:51,i2401-P-610,i2401-P-610,30.0,0.0,0.0,0.0,10,30.5,31.1,20,30.5,29.4,30.0,29.4,6.0,17940.0,513
2023-05-10 21:12:52,i2401-P-610,i2401-P-610,30.0,0.0,0.0,0.0,40,30.4,31.1,40,30.5,29.4,30.0,29.4,6.0,17940.0,513
2023-05-10 21:12:54,i2401-P-610,i2401-P-610,30.0,0.0,0.0,0.0,30,30.4,31.1,40,30.5,29.4,30.0,29.4,6.0,17940.0,513
2023-05-10 21:12:55,i2401-P-610,i2401-P-610,30.0,0.0,0.0,0.0,30,30.4,31.0,10,30.5,29.4,30.0,29.4,6.0,17940.0,513
2023-05-10 21:12:56,i2401-P-610,i2401-P-610,30.0,0.0,0.0,0.0,30,30.4,31.1,40,30.5,29.4,30.0,29.4,6.0,17940.0,513
2023-05-10 21:12:57,i2401-P-610,i2401-P-610,30.0,0.0,0.0,0.0,30,30.4,31.0,10,30.5,29.4,30.0,29.4,6.0,17940.0,513
2023-05-10 21:12:59,i2401-P-610,i2401-P-610,30.0,0.0,0.0,0.0,30,30.4,31.1,40,30.5,29.4,30.0,29.4,6.0,17940.0,513
2023-05-10 21:13:00,i2401-P-610,i2401-P-610,30.0,0.0,0.0,0.0,30,30.4,31.0,10,30.5,29.4,30.0,29.4,6.0,17940.0,513
2023-05-10 21:13:08,i2401-P-610,i2401-P-610,30.0,0.0,0.0,0.0,20,30.4,31.0,10,30.5,29.4,30.0,29.4,6.0,17940.0,513
2023-05-10 21:13:19,i2401-P-610,i2401-P-610,30.0,0.0,0.0,0.0,30,30.4,31.0,20,30.5,29.4,30.0,29.4,6.0,17940.0,513
2023-05-10 21:13:21,i2401-P-610,i2401-P-610,30.0,0.0,0.0,0.0,45,30.4,31.0,20,30.5,29.4,30.0,29.4,6.0,17940.0,513
2023-05-10 21:13:25,i2401-P-610,i2401-P-610,30.0,0.0,0.0,0.0,55,30.4,31.0,20,30.5,29.4,30.0,29.4,6.0,17940.0,513
2023-05-10 21:13:42,i2401-P-610,i2401-P-610,30.0,0.0,0.0,0.0,45,30.4,31.0,20,30.5,29.4,30.0,29.4,6.0,17940.0,513
2023-05-10 21:13:44,i2401-P-610,i2401-P-610,30.0,0.0,0.0,0.0,55,30.4,31.0,20,30.5,29.4,30.0,29.4,6.0,17940.0,513
2023-05-10 21:13:44,i2401-P-610,i2401-P-610,30.0,0.0,0.0,0.0,45,30.4,31.0,20,30.5,29.4,30.0,29.4,6.0,17940.0,513
2023-05-10 21:13:45,i2401-P-610,i2401-P-610,30.0,0.0,0.0,0.0,30,30.4,31.0,20,30.5,29.4,30.0,29.4,6.0,17940.0,513
2023-05-10 21:13:47,i2401-P-610,i2401-P-610,30.0,0.0,0.0,0.0,40,30.4,31.0,20,30.5,29.4,30.0,29.4,6.0,17940.0,513
2023-05-10 21:13:59,i2401-P-610,i2401-P-610,30.0,0.0,0.0,0.0,30,30.4,31.1,40,30.5,29.4,30.0,29.4,6.0,17940.0,513
2023-05-10 21:14:05,i2401-P-610,i2401-P-610,30.0,0.0,0.0,0.0,30,30.4,31.0,10,30.5,29.4,30.0,29.4,6.0,17940.0,513
2023-05-10 21:14:08,i2401-P-610,i2401-P-610,30.0,0.0,0.0,0.0,20,30.4,31.0,10,30.5,29.4,30.0,29.4,6.0,17940.0,513
2023-05-10 21:14:09,i2401-P-610,i2401-P-610,30.0,0.0,0.0,0.0,45,30.3,31.0,20,30.5,29.4,30.0,29.4,6.0,17940.0,513
2023-05-10 21:14:09,i2401-P-610,i2401-P-610,30.0,0.0,0.0,0.0,35,30.3,30.9,10,30.5,29.4,30.0,29.4,6.0,17940.0,513
2023-05-10 21:14:09,i2401-P-610,i2401-P-610,30.0,0.0,0.0,0.0,35,30.3,30.9,20,30.5,29.4,30.0,29.4,6.0,17940.0,513
2023-05-10 21:14:21,i2401-P-610,i2401-P-610,30.0,0.0,0.0,0.0,35,30.3,30.9,30,30.5,29.4,30.0,29.4,6.0,17940.0,513
2023-05-10 21:14:46,i2401-P-610,i2401-P-610,30.0,0.0,0.0,0.0,10,30.3,30.9,40,30.5,29.4,30.0,29.4,6.0,17940.0,513
2023-05-10 21:14:47,i2401-P-610,i2401-P-610,30.0,0.0,0.0,0.0,20,30.2,30.8,14,30.5,29.4,30.0,29.4,6.0,17940.0,513
2023-05-10 21:14:48,i2401-P-610,i2401-P-610,30.0,0.0,0.0,0.0,20,30.2,30.7,10,30.5,29.4,30.0,29.4,6.0,17940.0,513
2023-05-10 21:14:49,i2401-P-610,i2401-P-610,30.0,0.0,0.0,0.0,20,30.2,30.7,30,30.5,29.4,30.0,29.4,6.0,17940.0,513
2023-05-10 21:14:51,i2401-P-610,i2401-P-610,30.0,0.0,0.0,0.0,20,30.2,30.7,20,30.5,29.4,30.0,29.4,6.0,17940.0,513
2023-05-10 21:14:53,i2401-P-610,i2401-P-610,30.0,0.0,0.0,0.0,20,30.2,30.7,30,30.5,29.4,30.0,29.4,6.0,17940.0,513
2023-05-10 21:14:53,i2401-P-610,i2401-P-610,30.0,0.0,0.0,0.0,20,30.2,30.7,20,30.5,29.4,30.0,29.4,6.0,17940.0,513
2023-05-10 21:14:53,i2401-P-610,i2401-P-610,30.0,0.0,0.0,0.0,20,30.2,30.7,30,30.5,29.4,30.0,29.4,6.0,17940.0,513
2023-05-10 21:14:54,i2401-P-610,i2401-P-610,30.0,0.0,0.0,0.0,20,30.2,30.7,20,30.5,29.4,30.0,29.4,6.0,17940.0,513
2023-05-10 21:15:00,i2401-P-610,i2401-P-610,30.0,0.0,0.0,0.0,10,30.2,30.7,30,30.5,29.4,30.0,29.4,6.0,17940.0,513
2023-05-10 21:15:01,i2401-P-610,i2401-P-610,30.0,0.0,0.0,0.0,34,30.1,30.7,55,30.5,29.4,30.0,29.4,6.0,17940.0,513
2023-05-10 21:15:02,i2401-P-610,i2401-P-610,30.0,0.0,0.0,0.0,49,30.1,30.7,30,30.5,29.4,30.0,29.4,6.0,17940.0,513
2023-05-10 21:15:05,i2401-P-610,i2401-P-610,30.0,0.0,0.0,0.0,20,30.1,30.7,45,30.5,29.4,30.0,29.4,6.0,17940.0,513
2023-05-10 21:15:06,i2401-P-610,i2401-P-610,30.0,0.0,0.0,0.0,35,30.1,30.7,30,30.5,29.4,30.0,29.4,6.0,17940.0,513
2023-05-10 21:15:16,i2401-P-610,i2401-P-610,30.0,0.0,0.0,0.0,35,30.1,30.7,20,30.5,29.4,30.0,29.4,6.0,17940.0,513
2023-05-10 21:15:17,i2401-P-610,i2401-P-610,30.0,0.0,0.0,0.0,35,30.1,30.7,30,30.5,29.4,30.0,29.4,6.0,17940.0,513
2023-05-10 21:15:19,i2401-P-610,i2401-P-610,30.0,0.0,0.0,0.0,20,30.1,30.7,55,30.5,29.4,30.0,29.4,6.0,17940.0,513
2023-05-10 21:15:29,i2401-P-610,i2401-P-610,30.0,0.0,0.0,0.0,35,30.1,30.7,40,30.5,29.4,30.0,29.4,6.0,17940.0,513
2023-05-10 21:15:30,i2401-P-610,i2401-P-610,30.0,0.0,0.0,0.0,35,30.1,30.7,30,30.5,29.4,30.0,29.4,6.0,17940.0,513
2023-05-10 21:15:34,i2401-P-610,i2401-P-610,30.0,0.0,0.0,0.0,35,30.1,30.7,40,30.5,29.4,30.0,29.4,6.0,17940.0,513
2023-05-10 21:16:03,i2401-P-610,i2401-P-610,30.0,0.0,0.0,0.0,35,30.1,30.7,30,30.5,29.4,30.0,29.4,6.0,17940.0,513
2023-05-10 21:16:03,i2401-P-610,i2401-P-610,30.0,0.0,0.0,0.0,35,30.1,30.8,24,30.5,29.4,30.0,29.4,6.0,17940.0,513
2023-05-10 21:16:03,i2401-P-610,i2401-P-610,30.0,0.0,0.0,0.0,45,30.1,30.8,24,30.5,29.4,30.0,29.4,6.0,17940.0,513
2023-05-10 21:16:04,i2401-P-610,i2401-P-610,30.0,0.0,0.0,0.0,55,30.1,30.8,24,30.5,29.4,30.0,29.4,6.0,17940.0,513
2023-05-10 21:16:05,i2401-P-610,i2401-P-610,30.0,0.0,0.0,0.0,55,30.1,30.8,14,30.5,29.4,30.0,29.4,6.0,17940.0,513
2023-05-10 21:16:05,i2401-P-610,i2401-P-610,30.0,0.0,0.0,0.0,65,30.1,30.8,24,30.5,29.4,30.0,29.4,6.0,17940.0,513
2023-05-10 21:16:09,i2401-P-610,i2401-P-610,30.0,0.0,0.0,0.0,65,30.1,30.8,34,30.5,29.4,30.0,29.4,6.0,17940.0,513
2023-05-10 21:16:09,i2401-P-610,i2401-P-610,30.0,0.0,0.0,0.0,65,30.1,30.8,24,30.5,29.4,30.0,29.4,6.0,17940.0,513
2023-05-10 21:16:10,i2401-P-610,i2401-P-610,30.0,0.0,0.0,0.0,20,30.3,30.8,4,30.5,29.4,30.0,29.4,6.0,17940.0,513
2023-05-10 21:16:11,i2401-P-610,i2401-P-610,30.0,0.0,0.0,0.0,10,30.4,30.8,4,30.5,29.4,30.0,29.4,6.0,17940.0,513
2023-05-10 21:16:11,i2401-P-610,i2401-P-610,30.0,0.0,0.0,0.0,45,30.3,30.8,4,30.5,29.4,30.0,29.4,6.0,17940.0,513
2023-05-10 21:16:12,i2401-P-610,i2401-P-610,30.0,0.0,0.0,0.0,20,30.4,30.8,4,30.5,29.4,30.0,29.4,6.0,17940.0,513
2023-05-10 21:16:12,i2401-P-610,i2401-P-610,30.0,0.0,0.0,0.0,45,30.4,30.8,4,30.5,29.4,30.0,29.4,6.0,17940.0,513
2023-05-10 21:16:14,i2401-P-610,i2401-P-610,30.0,0.0,0.0,0.0,55,30.4,31.1,30,30.5,29.4,30.0,29.4,6.0,17940.0,513
2023-05-10 21:16:15,i2401-P-610,i2401-P-610,30.0,0.0,0.0,0.0,55,30.4,31.1,40,30.5,29.4,30.0,29.4,6.0,17940.0,513
2023-05-10 21:16:19,i2401-P-610,i2401-P-610,30.0,0.0,0.0,0.0,45,30.4,31.1,40,30.5,29.4,30.0,29.4,6.0,17940.0,513
2023-05-10 21:16:30,i2401-P-610,i2401-P-610,30.0,0.0,0.0,0.0,45,30.4,31.0,20,30.5,29.4,30.0,29.4,6.0,17940.0,513
2023-05-10 21:16:35,i2401-P-610,i2401-P-610,30.0,0.0,0.0,0.0,35,30.4,31.0,20,30.5,29.4,30.0,29.4,6.0,17940.0,513
2023-05-10 21:16:36,i2401-P-610,i2401-P-610,30.0,0.0,0.0,0.0,15,30.4,30.9,10,30.5,29.4,30.0,29.4,6.0,17940.0,513
2023-05-10 21:16:37,i2401-P-610,i2401-P-610,30.0,0.0,0.0,0.0,15,30.4,30.9,20,30.5,29.4,30.0,29.4,6.0,17940.0,513
2023-05-10 21:16:39,i2401-P-610,i2401-P-610,30.0,0.0,0.0,0.0,15,30.4,30.9,30,30.5,29.4,30.0,29.4,6.0,17940.0,513
2023-05-10 21:16:40,i2401-P-610,i2401-P-610,30.0,0.0,0.0,0.0,15,30.4,30.8,10,30.5,29.4,30.0,29.4,6.0,17940.0,513
2023-05-10 21:16:40,i2401-P-610,i2401-P-610,30.0,0.0,0.0,0.0,15,30.4,30.8,30,30.5,29.4,30.0,29.4,6.0,17940.0,513
2023-05-10 21:16:48,i2401-P-610,i2401-P-610,30.0,0.0,0.0,0.0,15,30.2,30.7,10,30.5,29.4,30.0,29.4,6.0,17940.0,513
2023-05-10 21:16:50,i2401-P-610,i2401-P-610,30.0,0.0,0.0,0.0,15,30.2,30.7,20,30.5,29.4,30.0,29.4,6.0,17940.0,513
2023-05-10 21:16:56,i2401-P-610,i2401-P-610,30.0,0.0,0.0,0.0,15,30.2,30.7,30,30.5,29.4,30.0,29.4,6.0,17940.0,513
2023-05-10 21:16:56,i2401-P-610,i2401-P-610,30.0,0.0,0.0,0.0,15,30.2,30.7,20,30.5,29.4,30.0,29.4,6.0,17940.0,513
2023-05-10 21:16:59,i2401-P-610,i2401-P-610,30.0,0.0,0.0,0.0,15,30.2,30.7,10,30.5,29.4,30.0,29.4,6.0,17940.0,513
2023-05-10 21:17:04,i2401-P-610,i2401-P-610,30.0,0.0,0.0,0.0,35,30.2,30.8,10,30.5,29.4,30.0,29.4,6.0,17940.0,513
2023-05-10 21:17:04,i2401-P-610,i2401-P-610,30.0,0.0,0.0,0.0,45,30.2,30.9,49,30.5,29.4,30.0,29.4,6.0,17940.0,513
2023-05-10 21:17:05,i2401-P-610,i2401-P-610,30.0,0.0,0.0,0.0,45,30.2,30.9,59,30.5,29.4,30.0,29.4,6.0,17940.0,513
2023-05-10 21:17:05,i2401-P-610,i2401-P-610,30.0,0.0,0.0,0.0,45,30.2,30.9,49,30.5,29.4,30.0,29.4,6.0,17940.0,513
2023-05-10 21:17:07,i2401-P-610,i2401-P-610,30.0,0.0,0.0,0.0,45,30.2,30.9,59,30.5,29.4,30.0,29.4,6.0,17940.0,513
2023-05-10 21:17:12,i2401-P-610,i2401-P-610,30.0,0.0,0.0,0.0,45,30.2,30.9,34,30.5,29.4,30.0,29.4,6.0,17940.0,513
2023-05-10 21:17:14,i2401-P-610,i2401-P-610,30.0,0.0,0.0,0.0,55,30.2,30.9,34,30.5,29.4,30.0,29.4,6.0,17940.0,513
2023-05-10 21:17:15,i2401-P-610,i2401-P-610,30.0,0.0,0.0,0.0,45,30.2,30.9,34,30.5,29.4,30.0,29.4,6.0,17940.0,513
2023-05-10 21:17:20,i2401-P-610,i2401-P-610,30.0,0.0,0.0,0.0,45,30.2,30.8,20,30.5,29.4,30.0,29.4,6.0,17940.0,513
2023-05-10 21:17:39,i2401-P-610,i2401-P-610,30.0,0.0,0.0,0.0,45,30.2,30.8,10,30.5,29.4,30.0,29.4,6.0,17940.0,513
2023-05-10 21:17:40,i2401-P-610,i2401-P-610,30.0,0.0,0.0,0.0,35,30.2,30.9,34,30.5,29.4,30.0,29.4,6.0,17940.0,513
2023-05-10 21:17:41,i2401-P-610,i2401-P-610,30.0,0.0,0.0,0.0,35,30.2,30.8,20,30.5,29.4,30.0,29.4,6.0,17940.0,513
2023-05-10 21:17:42,i2401-P-610,i2401-P-610,30.0,0.0,0.0,0.0,45,30.2,30.8,20,30.5,29.4,30.0,29.4,6.0,17940.0,513
2023-05-10 21:17:50,i2401-P-610,i2401-P-610,30.0,0.0,0.0,0.0,45,30.2,30.8,10,30.5,29.4,30.0,29.4,6.0,17940.0,513
2023-05-10 21:17:50,i2401-P-610,i2401-P-610,30.0,0.0,0.0,0.0,35,30.2,30.9,24,30.5,29.4,30.0,29.4,6.0,17940.0,513
2023-05-10 21:17:51,i2401-P-610,i2401-P-610,30.0,0.0,0.0,0.0,45,30.2,30.9,14,30.5,29.4,30.0,29.4,6.0,17940.0,513
2023-05-10 21:17:51,i2401-P-610,i2401-P-610,30.0,0.0,0.0,0.0,45,30.2,30.9,24,30.5,29.4,30.0,29.4,6.0,17940.0,513
2023-05-10 21:17:52,i2401-P-610,i2401-P-610,30.0,0.0,0.0,0.0,55,30.2,30.9,34,30.5,29.4,30.0,29.4,6.0,17940.0,513
2023-05-10 21:17:53,i2401-P-610,i2401-P-610,30.0,0.0,0.0,0.0,45,30.2,30.9,34,30.5,29.4,30.0,29.4,6.0,17940.0,513
2023-05-10 21:17:53,i2401-P-610,i2401-P-610,30.0,0.0,0.0,0.0,55,30.2,30.9,34,30.5,29.4,30.0,29.4,6.0,17940.0,513
2023-05-10 21:17:57,i2401-P-610,i2401-P-610,30.0,0.0,0.0,0.0,45,30.2,30.9,34,30.5,29.4,30.0,29.4,6.0,17940.0,513
2023-05-10 21:17:57,i2401-P-610,i2401-P-610,30.0,0.0,0.0,0.0,35,30.2,30.8,10,30.5,29.4,30.0,29.4,6.0,17940.0,513
2023-05-10 21:17:58,i2401-P-610,i2401-P-610,30.0,0.0,0.0,0.0,45,30.2,30.8,10,30.5,29.4,30.0,29.4,6.0,17940.0,513
2023-05-10 21:17:58,i2401-P-610,i2401-P-610,30.0,0.0,0.0,0.0,45,30.2,30.8,20,30.5,29.4,30.0,29.4,6.0,17940.0,513
2023-05-10 21:17:59,i2401-P-610,i2401-P-610,30.0,0.0,0.0,0.0,35,30.2,30.9,34,30.5,29.4,30.0,29.4,6.0,17940.0,513
2023-05-10 21:18:00,i2401-P-610,i2401-P-610,30.0,0.0,0.0,0.0,35,30.2,30.8,20,30.5,29.4,30.0,29.4,6.0,17940.0,513
2023-05-10 21:18:01,i2401-P-610,i2401-P-610,30.0,0.0,0.0,0.0,35,30.2,30.8,10,30.5,29.4,30.0,29.4,6.0,17940.0,513
2023-05-10 21:18:01,i2401-P-610,i2401-P-610,30.0,0.0,0.0,0.0,35,30.2,30.9,24,30.5,29.4,30.0,29.4,6.0,17940.0,513
2023-05-10 21:18:02,i2401-P-610,i2401-P-610,30.0,0.0,0.0,0.0,45,30.2,30.9,24,30.5,29.4,30.0,29.4,6.0,17940.0,513
2023-05-10 21:18:04,i2401-P-610,i2401-P-610,30.0,0.0,0.0,0.0,55,30.2,30.9,34,30.5,29.4,30.0,29.4,6.0,17940.0,513
2023-05-10 21:18:07,i2401-P-610,i2401-P-610,30.0,0.0,0.0,0.0,45,30.2,30.9,34,30.5,29.4,30.0,29.4,6.0,17940.0,513
2023-05-10 21:18:08,i2401-P-610,i2401-P-610,30.0,0.0,0.0,0.0,35,30.2,30.9,34,30.5,29.4,30.0,29.4,6.0,17940.0,513
2023-05-10 21:18:09,i2401-P-610,i2401-P-610,30.0,0.0,0.0,0.0,35,30.2,30.8,10,30.5,29.4,30.0,29.4,6.0,17940.0,513
2023-05-10 21:18:11,i2401-P-610,i2401-P-610,30.0,0.0,0.0,0.0,15,30.2,30.7,10,30.5,29.4,30.0,29.4,6.0,17940.0,513
2023-05-10 21:18:13,i2401-P-610,i2401-P-610,30.0,0.0,0.0,0.0,15,30.2,30.8,20,30.5,29.4,30.0,29.4,6.0,17940.0,513
2023-05-10 21:18:13,i2401-P-610,i2401-P-610,30.0,0.0,0.0,0.0,15,30.2,30.8,30,30.5,29.4,30.0,29.4,6.0,17940.0,513
2023-05-10 21:18:22,i2401-P-610,i2401-P-610,30.0,0.0,0.0,0.0,15,30.2,30.8,20,30.5,29.4,30.0,29.4,6.0,17940.0,513
2023-05-10 21:18:22,i2401-P-610,i2401-P-610,30.0,0.0,0.0,0.0,15,30.2,30.8,10,30.5,29.4,30.0,29.4,6.0,17940.0,513
2023-05-10 21:18:23,i2401-P-610,i2401-P-610,30.0,0.0,0.0,0.0,15,30.2,30.8,20,30.5,29.4,30.0,29.4,6.0,17940.0,513
2023-05-10 21:18:24,i2401-P-610,i2401-P-610,30.0,0.0,0.0,0.0,15,30.2,30.8,10,30.5,29.4,30.0,29.4,6.0,17940.0,513
2023-05-10 21:18:24,i2401-P-610,i2401-P-610,30.0,0.0,0.0,0.0,15,30.2,30.8,20,30.5,29.4,30.0,29.4,6.0,17940.0,513
2023-05-10 21:18:28,i2401-P-610,i2401-P-610,30.0,0.0,0.0,0.0,60,30.1,30.8,30,30.5,29.4,30.0,29.4,6.0,17940.0,513
2023-05-10 21:18:29,i2401-P-610,i2401-P-610,30.0,0.0,0.0,0.0,60,30.1,30.8,20,30.5,29.4,30.0,29.4,6.0,17940.0,513
2023-05-10 21:18:31,i2401-P-610,i2401-P-610,30.0,0.0,0.0,0.0,60,30.1,30.8,30,30.5,29.4,30.0,29.4,6.0,17940.0,513
2023-05-10 21:18:31,i2401-P-610,i2401-P-610,30.0,0.0,0.0,0.0,50,30.1,30.8,10,30.5,29.4,30.0,29.4,6.0,17940.0,513
2023-05-10 21:18:32,i2401-P-610,i2401-P-610,30.0,0.0,0.0,0.0,40,30.1,30.8,10,30.5,29.4,30.0,29.4,6.0,17940.0,513
2023-05-10 21:18:33,i2401-P-610,i2401-P-610,30.0,0.0,0.0,0.0,50,30.1,30.8,20,30.5,29.4,30.0,29.4,6.0,17940.0,513
2023-05-10 21:18:36,i2401-P-610,i2401-P-610,30.0,0.0,0.0,0.0,50,30.1,30.8,30,30.5,29.4,30.0,29.4,6.0,17940.0,513
2023-05-10 21:18:49,i2401-P-610,i2401-P-610,30.0,0.0,0.0,0.0,20,30.1,30.8,40,30.5,29.4,30.0,29.4,6.0,17940.0,513
2023-05-10 21:18:50,i2401-P-610,i2401-P-610,30.0,0.0,0.0,0.0,10,30.1,30.7,10,30.5,29.4,30.0,29.4,6.0,17940.0,513
2023-05-10 21:18:50,i2401-P-610,i2401-P-610,30.0,0.0,0.0,0.0,20,30.1,30.7,20,30.5,29.4,30.0,29.4,6.0,17940.0,513
2023-05-10 21:19:02,i2401-P-610,i2401-P-610,30.0,0.0,0.0,0.0,10,30.1,30.8,30,30.5,29.4,30.0,29.4,6.0,17940.0,513
2023-05-10 21:19:02,i2401-P-610,i2401-P-610,30.0,0.0,0.0,0.0,10,30.1,30.7,20,30.5,29.4,30.0,29.4,6.0,17940.0,513
2023-05-10 21:19:05,i2401-P-610,i2401-P-610,30.0,0.0,0.0,0.0,54,30.0,30.7,30,30.5,29.4,30.0,29.4,6.0,17940.0,513
2023-05-10 21:19:06,i2401-P-610,i2401-P-610,30.0,0.0,0.0,0.0,44,30.0,30.7,40,30.5,29.4,30.0,29.4,6.0,17940.0,513
2023-05-10 21:19:17,i2401-P-610,i2401-P-610,30.0,0.0,0.0,0.0,54,30.0,30.7,40,30.5,29.4,30.0,29.4,6.0,17940.0,513
2023-05-10 21:20:09,i2401-P-610,i2401-P-610,30.0,0.0,0.0,0.0,34,30.0,30.6,10,30.5,29.4,30.0,29.4,6.0,17940.0,513
2023-05-10 21:20:09,i2401-P-610,i2401-P-610,30.0,0.0,0.0,0.0,14,30.0,30.6,10,30.5,29.4,30.0,29.4,6.0,17940.0,513
2023-05-10 21:20:10,i2401-P-610,i2401-P-610,30.0,0.0,0.0,0.0,10,30.1,30.7,60,30.5,29.4,30.0,29.4,6.0,17940.0,513
2023-05-10 21:20:13,i2401-P-610,i2401-P-610,30.0,0.0,0.0,0.0,24,30.0,30.6,20,30.5,29.4,30.0,29.4,6.0,17940.0,513
2023-05-10 21:20:13,i2401-P-610,i2401-P-610,30.0,0.0,0.0,0.0,24,30.0,30.6,10,30.5,29.4,30.0,29.4,6.0,17940.0,513
2023-05-10 21:20:15,i2401-P-610,i2401-P-610,30.0,0.0,0.0,0.0,24,30.0,30.6,20,30.5,29.4,30.0,29.4,6.0,17940.0,513
2023-05-10 21:20:15,i2401-P-610,i2401-P-610,30.0,0.0,0.0,0.0,24,30.0,30.6,30,30.5,29.4,30.0,29.4,6.0,17940.0,513
2023-05-10 21:20:17,i2401-P-610,i2401-P-610,30.0,0.0,0.0,0.0,10,30.0,30.6,40,30.5,29.4,30.0,29.4,6.0,17940.0,513
2023-05-10 21:20:17,i2401-P-610,i2401-P-610,30.0,0.0,0.0,0.0,10,30.0,30.6,44,30.5,29.4,30.0,29.4,6.0,17940.0,513
2023-05-10 21:20:46,i2401-P-610,i2401-P-610,30.0,0.0,0.0,0.0,10,30.0,30.6,34,30.5,29.4,30.0,29.4,6.0,17940.0,513
2023-05-10 21:20:46,i2401-P-610,i2401-P-610,30.0,0.0,0.0,0.0,10,30.0,30.6,44,30.5,29.4,30.0,29.4,6.0,17940.0,513
2023-05-10 21:20:49,i2401-P-610,i2401-P-610,30.0,0.0,0.0,0.0,30,30.0,30.6,34,30.5,29.4,30.0,29.4,6.0,17940.0,513
2023-05-10 21:20:52,i2401-P-610,i2401-P-610,30.0,0.0,0.0,0.0,20,30.0,30.6,34,30.5,29.4,30.0,29.4,6.0,17940.0,513
2023-05-10 21:21:06,i2401-P-610,i2401-P-610,30.0,0.0,0.0,0.0,20,30.0,30.6,44,30.5,29.4,30.0,29.4,6.0,17940.0,513
2023-05-10 21:21:08,i2401-P-610,i2401-P-610,30.0,0.0,0.0,0.0,10,30.0,30.6,34,30.5,29.4,30.0,29.4,6.0,17940.0,513
2023-05-10 21:21:10,i2401-P-610,i2401-P-610,30.0,0.0,0.0,0.0,10,30.0,30.6,44,30.5,29.4,30.0,29.4,6.0,17940.0,513
2023-05-10 21:21:33,i2401-P-610,i2401-P-610,30.0,0.0,0.0,0.0,10,30.0,30.6,34,30.5,29.4,30.0,29.4,6.0,17940.0,513
2023-05-10 21:21:33,i2401-P-610,i2401-P-610,30.0,0.0,0.0,0.0,10,30.0,30.6,24,30.5,29.4,30.0,29.4,6.0,17940.0,513
2023-05-10 21:21:34,i2401-P-610,i2401-P-610,30.0,0.0,0.0,0.0,20,30.0,30.6,44,30.5,29.4,30.0,29.4,6.0,17940.0,513
2023-05-10 21:21:36,i2401-P-610,i2401-P-610,30.0,0.0,0.0,0.0,20,30.0,30.6,34,30.5,29.4,30.0,29.4,6.0,17940.0,513
2023-05-10 21:21:39,i2401-P-610,i2401-P-610,30.0,0.0,0.0,0.0,30,30.0,30.6,34,30.5,29.4,30.0,29.4,6.0,17940.0,513
2023-05-10 21:21:39,i2401-P-610,i2401-P-610,30.0,0.0,0.0,0.0,40,30.0,30.6,34,30.5,29.4,30.0,29.4,6.0,17940.0,513
2023-05-10 21:21:40,i2401-P-610,i2401-P-610,30.0,0.0,0.0,0.0,30,30.0,30.6,34,30.5,29.4,30.0,29.4,6.0,17940.0,513
2023-05-10 21:21:53,i2401-P-610,i2401-P-610,30.0,0.0,0.0,0.0,20,30.0,30.6,34,30.5,29.4,30.0,29.4,6.0,17940.0,513
2023-05-10 21:22:03,i2401-P-610,i2401-P-610,30.0,0.0,0.0,0.0,10,30.2,30.6,10,30.5,29.4,30.0,29.4,6.0,17940.0,513
2023-05-10 21:22:04,i2401-P-610,i2401-P-610,30.0,0.0,0.0,0.0,10,30.2,30.7,10,30.5,29.4,30.0,29.4,6.0,17940.0,513
2023-05-10 21:22:04,i2401-P-610,i2401-P-610,30.0,0.0,0.0,0.0,20,30.2,30.7,10,30.5,29.4,30.0,29.4,6.0,17940.0,513
2023-05-10 21:22:05,i2401-P-610,i2401-P-610,30.0,0.0,0.0,0.0,10,30.2,30.7,10,30.5,29.4,30.0,29.4,6.0,17940.0,513
2023-05-10 21:22:05,i2401-P-610,i2401-P-610,30.0,0.0,0.0,0.0,10,30.3,30.7,10,30.5,29.4,30.0,29.4,6.0,17940.0,513
2023-05-10 21:22:06,i2401-P-610,i2401-P-610,30.0,0.0,0.0,0.0,10,30.3,30.7,20,30.5,29.4,30.0,29.4,6.0,17940.0,513
2023-05-10 21:22:08,i2401-P-610,i2401-P-610,30.0,0.0,0.0,0.0,10,30.3,30.8,20,30.5,29.4,30.0,29.4,6.0,17940.0,513
2023-05-10 21:22:19,i2401-P-610,i2401-P-610,30.0,0.0,0.0,0.0,20,30.2,30.8,40,30.5,29.4,30.0,29.4,6.0,17940.0,513
2023-05-10 21:22:20,i2401-P-610,i2401-P-610,30.0,0.0,0.0,0.0,20,30.2,30.7,10,30.5,29.4,30.0,29.4,6.0,17940.0,513
2023-05-10 21:22:22,i2401-P-610,i2401-P-610,30.0,0.0,0.0,0.0,20,30.2,30.7,30,30.5,29.4,30.0,29.4,6.0,17940.0,513
2023-05-10 21:22:23,i2401-P-610,i2401-P-610,30.0,0.0,0.0,0.0,20,30.2,30.7,20,30.5,29.4,30.0,29.4,6.0,17940.0,513
2023-05-10 21:22:39,i2401-P-610,i2401-P-610,30.0,0.0,0.0,0.0,20,30.2,30.8,44,30.5,29.4,30.0,29.4,6.0,17940.0,513
2023-05-10 21:22:40,i2401-P-610,i2401-P-610,30.0,0.0,0.0,0.0,20,30.2,30.8,34,30.5,29.4,30.0,29.4,6.0,17940.0,513
2023-05-10 21:22:43,i2401-P-610,i2401-P-610,30.0,0.0,0.0,0.0,40,30.2,30.8,34,30.5,29.4,30.0,29.4,6.0,17940.0,513
2023-05-10 21:22:55,i2401-P-610,i2401-P-610,30.0,0.0,0.0,0.0,30,30.2,30.8,34,30.5,29.4,30.0,29.4,6.0,17940.0,513
2023-05-10 21:22:55,i2401-P-610,i2401-P-610,30.0,0.0,0.0,0.0,20,30.2,30.8,34,30.5,29.4,30.0,29.4,6.0,17940.0,513
2023-05-10 21:23:13,i2401-P-610,i2401-P-610,30.0,0.0,0.0,0.0,30,30.2,30.8,34,30.5,29.4,30.0,29.4,6.0,17940.0,513
2023-05-10 21:23:13,i2401-P-610,i2401-P-610,30.0,0.0,0.0,0.0,20,30.2,30.8,34,30.5,29.4,30.0,29.4,6.0,17940.0,513
2023-05-10 21:23:19,i2401-P-610,i2401-P-610,30.0,0.0,0.0,0.0,30,30.2,30.8,34,30.5,29.4,30.0,29.4,6.0,17940.0,513
2023-05-10 21:23:20,i2401-P-610,i2401-P-610,30.0,0.0,0.0,0.0,20,30.2,30.8,34,30.5,29.4,30.0,29.4,6.0,17940.0,513
2023-05-10 21:23:21,i2401-P-610,i2401-P-610,30.0,0.0,0.0,0.0,30,30.2,30.8,34,30.5,29.4,30.0,29.4,6.0,17940.0,513
2023-05-10 21:23:26,i2401-P-610,i2401-P-610,30.0,0.0,0.0,0.0,20,30.2,30.8,34,30.5,29.4,30.0,29.4,6.0,17940.0,513
2023-05-10 21:23:32,i2401-P-610,i2401-P-610,30.0,0.0,0.0,0.0,30,30.2,30.8,34,30.5,29.4,30.0,29.4,6.0,17940.0,513
2023-05-10 21:23:34,i2401-P-610,i2401-P-610,30.0,0.0,0.0,0.0,20,30.2,30.8,24,30.5,29.4,30.0,29.4,6.0,17940.0,513
2023-05-10 21:23:34,i2401-P-610,i2401-P-610,30.0,0.0,0.0,0.0,20,30.2,30.8,34,30.5,29.4,30.0,29.4,6.0,17940.0,513
2023-05-10 21:23:39,i2401-P-610,i2401-P-610,30.0,0.0,0.0,0.0,35,30.2,30.8,34,30.5,29.4,30.0,29.4,6.0,17940.0,513
2023-05-10 21:23:42,i2401-P-610,i2401-P-610,30.0,0.0,0.0,0.0,45,30.2,30.8,34,30.5,29.4,30.0,29.4,6.0,17940.0,513
2023-05-10 21:23:43,i2401-P-610,i2401-P-610,30.0,0.0,0.0,0.0,45,30.2,30.8,24,30.5,29.4,30.0,29.4,6.0,17940.0,513
2023-05-10 21:23:45,i2401-P-610,i2401-P-610,30.0,0.0,0.0,0.0,45,30.2,30.8,34,30.5,29.4,30.0,29.4,6.0,17940.0,513
2023-05-10 21:23:46,i2401-P-610,i2401-P-610,30.0,0.0,0.0,0.0,10,30.3,30.8,14,30.5,29.4,30.0,29.4,6.0,17940.0,513
2023-05-10 21:23:46,i2401-P-610,i2401-P-610,30.0,0.0,0.0,0.0,45,30.2,30.8,24,30.5,29.4,30.0,29.4,6.0,17940.0,513
2023-05-10 21:23:49,i2401-P-610,i2401-P-610,30.0,0.0,0.0,0.0,45,30.2,30.8,34,30.5,29.4,30.0,29.4,6.0,17940.0,513
2023-05-10 21:23:51,i2401-P-610,i2401-P-610,30.0,0.0,0.0,0.0,30,30.2,30.8,34,30.5,29.4,30.0,29.4,6.0,17940.0,513
2023-05-10 21:24:02,i2401-P-610,i2401-P-610,30.0,0.0,0.0,0.0,30,30.2,30.8,24,30.5,29.4,30.0,29.4,6.0,17940.0,513
2023-05-10 21:24:04,i2401-P-610,i2401-P-610,30.0,0.0,0.0,0.0,10,30.3,30.8,24,30.5,29.4,30.0,29.4,6.0,17940.0,513
2023-05-10 21:24:20,i2401-P-610,i2401-P-610,30.0,0.0,0.0,0.0,20,30.3,30.8,24,30.5,29.4,30.0,29.4,6.0,17940.0,513
2023-05-10 21:24:21,i2401-P-610,i2401-P-610,30.0,0.0,0.0,0.0,30,30.3,30.8,14,30.5,29.4,30.0,29.4,6.0,17940.0,513
2023-05-10 21:24:21,i2401-P-610,i2401-P-610,30.0,0.0,0.0,0.0,20,30.3,30.8,14,30.5,29.4,30.0,29.4,6.0,17940.0,513
2023-05-10 21:24:23,i2401-P-610,i2401-P-610,30.0,0.0,0.0,0.0,10,30.2,30.8,24,30.5,29.4,30.0,29.4,6.0,17940.0,513
2023-05-10 21:24:23,i2401-P-610,i2401-P-610,30.0,0.0,0.0,0.0,10,30.2,30.8,34,30.5,29.4,30.0,29.4,6.0,17940.0,513
2023-05-10 21:24:24,i2401-P-610,i2401-P-610,30.0,0.0,0.0,0.0,10,30.2,30.8,44,30.5,29.4,30.0,29.4,6.0,17940.0,513
2023-05-10 21:24:25,i2401-P-610,i2401-P-610,30.0,0.0,0.0,0.0,10,30.2,30.8,34,30.5,29.4,30.0,29.4,6.0,17940.0,513
2023-05-10 21:24:26,i2401-P-610,i2401-P-610,30.0,0.0,0.0,0.0,20,30.2,30.8,34,30.5,29.4,30.0,29.4,6.0,17940.0,513
2023-05-10 21:24:27,i2401-P-610,i2401-P-610,30.0,0.0,0.0,0.0,10,30.2,30.8,34,30.5,29.4,30.0,29.4,6.0,17940.0,513
2023-05-10 21:24:28,i2401-P-610,i2401-P-610,30.0,0.0,0.0,0.0,20,30.2,30.8,34,30.5,29.4,30.0,29.4,6.0,17940.0,513
2023-05-10 21:24:28,i2401-P-610,i2401-P-610,30.0,0.0,0.0,0.0,10,30.2,30.8,34,30.5,29.4,30.0,29.4,6.0,17940.0,513
2023-05-10 21:24:29,i2401-P-610,i2401-P-610,30.0,0.0,0.0,0.0,20,30.2,30.8,34,30.5,29.4,30.0,29.4,6.0,17940.0,513
2023-05-10 21:24:30,i2401-P-610,i2401-P-610,30.0,0.0,0.0,0.0,10,30.2,30.8,34,30.5,29.4,30.0,29.4,6.0,17940.0,513
2023-05-10 21:24:36,i2401-P-610,i2401-P-610,30.0,0.0,0.0,0.0,20,30.2,30.8,34,30.5,29.4,30.0,29.4,6.0,17940.0,513
2023-05-10 21:24:37,i2401-P-610,i2401-P-610,30.0,0.0,0.0,0.0,20,30.2,30.8,24,30.5,29.4,30.0,29.4,6.0,17940.0,513
2023-05-10 21:24:39,i2401-P-610,i2401-P-610,30.0,0.0,0.0,0.0,20,30.2,30.8,34,30.5,29.4,30.0,29.4,6.0,17940.0,513
2023-05-10 21:24:41,i2401-P-610,i2401-P-610,30.0,0.0,0.0,0.0,40,30.2,30.8,14,30.5,29.4,30.0,29.4,6.0,17940.0,513
2023-05-10 21:24:42,i2401-P-610,i2401-P-610,30.0,0.0,0.0,0.0,20,30.3,30.8,24,30.5,29.4,30.0,29.4,6.0,17940.0,513
2023-05-10 21:24:42,i2401-P-610,i2401-P-610,30.0,0.0,0.0,0.0,30,30.3,30.8,24,30.5,29.4,30.0,29.4,6.0,17940.0,513
2023-05-10 21:24:43,i2401-P-610,i2401-P-610,30.0,0.0,0.0,0.0,20,30.3,30.8,14,30.5,29.4,30.0,29.4,6.0,17940.0,513
2023-05-10 21:24:44,i2401-P-610,i2401-P-610,30.0,0.0,0.0,0.0,10,30.3,30.8,14,30.5,29.4,30.0,29.4,6.0,17940.0,513
2023-05-10 21:24:45,i2401-P-610,i2401-P-610,30.0,0.0,0.0,0.0,10,30.3,30.8,24,30.5,29.4,30.0,29.4,6.0,17940.0,513
2023-05-10 21:25:13,i2401-P-610,i2401-P-610,30.0,0.0,0.0,0.0,30,30.2,30.8,24,30.5,29.4,30.0,29.4,6.0,17940.0,513
2023-05-10 21:25:13,i2401-P-610,i2401-P-610,30.0,0.0,0.0,0.0,20,30.2,30.8,34,30.5,29.4,30.0,29.4,6.0,17940.0,513
2023-05-10 21:25:15,i2401-P-610,i2401-P-610,30.0,0.0,0.0,0.0,20,30.2,30.8,24,30.5,29.4,30.0,29.4,6.0,17940.0,513
2023-05-10 21:25:15,i2401-P-610,i2401-P-610,30.0,0.0,0.0,0.0,20,30.2,30.8,34,30.5,29.4,30.0,29.4,6.0,17940.0,513
2023-05-10 21:25:16,i2401-P-610,i2401-P-610,30.0,0.0,0.0,0.0,20,30.2,30.8,24,30.5,29.4,30.0,29.4,6.0,17940.0,513
2023-05-10 21:25:17,i2401-P-610,i2401-P-610,30.0,0.0,0.0,0.0,20,30.2,30.8,34,30.5,29.4,30.0,29.4,6.0,17940.0,513
2023-05-10 21:25:17,i2401-P-610,i2401-P-610,30.0,0.0,0.0,0.0,20,30.2,30.8,44,30.5,29.4,30.0,29.4,6.0,17940.0,513
2023-05-10 21:25:18,i2401-P-610,i2401-P-610,30.0,0.0,0.0,0.0,20,30.2,30.8,34,30.5,29.4,30.0,29.4,6.0,17940.0,513
2023-05-10 21:25:21,i2401-P-610,i2401-P-610,30.0,0.0,0.0,0.0,20,30.2,30.8,44,30.5,29.4,30.0,29.4,6.0,17940.0,513
2023-05-10 21:25:23,i2401-P-610,i2401-P-610,30.0,0.0,0.0,0.0,20,30.2,30.8,34,30.5,29.4,30.0,29.4,6.0,17940.0,513
2023-05-10 21:25:23,i2401-P-610,i2401-P-610,30.0,0.0,0.0,0.0,20,30.2,30.8,44,30.5,29.4,30.0,29.4,6.0,17940.0,513
2023-05-10 21:25:50,i2401-P-610,i2401-P-610,30.0,0.0,0.0,0.0,30,30.2,30.8,34,30.5,29.4,30.0,29.4,6.0,17940.0,513
2023-05-10 21:25:51,i2401-P-610,i2401-P-610,30.0,0.0,0.0,0.0,20,30.2,30.8,34,30.5,29.4,30.0,29.4,6.0,17940.0,513
2023-05-10 21:25:51,i2401-P-610,i2401-P-610,30.0,0.0,0.0,0.0,20,30.2,30.8,24,30.5,29.4,30.0,29.4,6.0,17940.0,513
2023-05-10 21:25:52,i2401-P-610,i2401-P-610,30.0,0.0,0.0,0.0,30,30.2,30.8,24,30.5,29.4,30.0,29.4,6.0,17940.0,513
2023-05-10 21:25:53,i2401-P-610,i2401-P-610,30.0,0.0,0.0,0.0,20,30.2,30.8,34,30.5,29.4,30.0,29.4,6.0,17940.0,513
2023-05-10 21:25:55,i2401-P-610,i2401-P-610,30.0,0.0,0.0,0.0,30,30.2,30.8,34,30.5,29.4,30.0,29.4,6.0,17940.0,513
2023-05-10 21:25:59,i2401-P-610,i2401-P-610,30.0,0.0,0.0,0.0,20,30.2,30.8,34,30.5,29.4,30.0,29.4,6.0,17940.0,513
2023-05-10 21:26:05,i2401-P-610,i2401-P-610,30.0,0.0,0.0,0.0,20,30.2,30.8,44,30.5,29.4,30.0,29.4,6.0,17940.0,513
2023-05-10 21:26:33,i2401-P-610,i2401-P-610,30.0,0.0,0.0,0.0,20,30.2,30.8,34,30.5,29.4,30.0,29.4,6.0,17940.0,513
2023-05-10 21:26:34,i2401-P-610,i2401-P-610,30.0,0.0,0.0,0.0,20,30.2,30.8,44,30.5,29.4,30.0,29.4,6.0,17940.0,513
2023-05-10 21:26:34,i2401-P-610,i2401-P-610,30.0,0.0,0.0,0.0,20,30.2,30.8,34,30.5,29.4,30.0,29.4,6.0,17940.0,513
2023-05-10 21:26:39,i2401-P-610,i2401-P-610,30.0,0.0,0.0,0.0,20,30.2,30.8,44,30.5,29.4,30.0,29.4,6.0,17940.0,513
2023-05-10 21:26:40,i2401-P-610,i2401-P-610,30.0,0.0,0.0,0.0,20,30.2,30.8,34,30.5,29.4,30.0,29.4,6.0,17940.0,513
2023-05-10 21:26:40,i2401-P-610,i2401-P-610,30.0,0.0,0.0,0.0,20,30.2,30.8,44,30.5,29.4,30.0,29.4,6.0,17940.0,513
2023-05-10 21:27:04,i2401-P-610,i2401-P-610,30.0,0.0,0.0,0.0,20,30.1,30.7,10,30.5,29.4,30.0,29.4,6.0,17940.0,513
2023-05-10 21:27:04,i2401-P-610,i2401-P-610,30.0,0.0,0.0,0.0,10,30.1,30.6,10,30.5,29.4,30.0,29.4,6.0,17940.0,513
2023-05-10 21:27:05,i2401-P-610,i2401-P-610,30.0,0.0,0.0,0.0,44,30.0,30.5,10,30.5,29.4,30.0,29.4,6.0,17940.0,513
2023-05-10 21:27:05,i2401-P-610,i2401-P-610,30.0,0.0,0.0,0.0,44,30.0,30.6,30,30.5,29.4,30.0,29.4,6.0,17940.0,513
2023-05-10 21:27:08,i2401-P-610,i2401-P-610,30.0,0.0,0.0,0.0,44,30.0,30.6,40,30.5,29.4,30.0,29.4,6.0,17940.0,513
2023-05-10 21:27:14,i2401-P-610,i2401-P-610,30.0,0.0,0.0,0.0,34,30.0,30.5,20,30.5,29.4,30.0,29.4,6.0,17940.0,513
2023-05-10 21:27:15,i2401-P-610,i2401-P-610,30.0,0.0,0.0,0.0,24,30.0,30.5,20,30.5,29.4,30.0,29.4,6.0,17940.0,513
2023-05-10 21:27:22,i2401-P-610,i2401-P-610,30.0,0.0,0.0,0.0,24,30.0,30.5,30,30.5,29.4,30.0,29.4,6.0,17940.0,513
2023-05-10 21:27:24,i2401-P-610,i2401-P-610,30.0,0.0,0.0,0.0,24,30.0,30.5,20,30.5,29.4,30.0,29.4,6.0,17940.0,513
2023-05-10 21:27:25,i2401-P-610,i2401-P-610,30.0,0.0,0.0,0.0,10,30.1,30.5,10,30.5,29.4,30.0,29.4,6.0,17940.0,513
2023-05-10 21:27:25,i2401-P-610,i2401-P-610,30.0,0.0,0.0,0.0,34,30.0,30.6,40,30.5,29.4,30.0,29.4,6.0,17940.0,513
2023-05-10 21:28:35,i2401-P-610,i2401-P-610,30.0,0.0,0.0,0.0,24,30.0,30.6,40,30.5,29.4,30.0,29.4,6.0,17940.0,513
2023-05-10 21:28:44,i2401-P-610,i2401-P-610,30.0,0.0,0.0,0.0,34,30.0,30.6,40,30.5,29.4,30.0,29.4,6.0,17940.0,513
2023-05-10 21:28:50,i2401-P-610,i2401-P-610,30.0,0.0,0.0,0.0,24,30.0,30.5,10,30.5,29.4,30.0,29.4,6.0,17940.0,513
2023-05-10 21:28:50,i2401-P-610,i2401-P-610,30.0,0.0,0.0,0.0,24,30.0,30.5,20,30.5,29.4,30.0,29.4,6.0,17940.0,513
2023-05-10 21:28:56,i2401-P-610,i2401-P-610,30.0,0.0,0.0,0.0,34,30.0,30.5,10,30.5,29.4,30.0,29.4,6.0,17940.0,513
2023-05-10 21:28:57,i2401-P-610,i2401-P-610,30.0,0.0,0.0,0.0,34,30.0,30.6,30,30.5,29.4,30.0,29.4,6.0,17940.0,513
2023-05-10 21:28:59,i2401-P-610,i2401-P-610,30.0,0.0,0.0,0.0,34,30.0,30.6,40,30.5,29.4,30.0,29.4,6.0,17940.0,513
2023-05-10 21:29:01,i2401-P-610,i2401-P-610,30.0,0.0,0.0,0.0,34,30.0,30.6,20,30.5,29.4,30.0,29.4,6.0,17940.0,513
2023-05-10 21:29:02,i2401-P-610,i2401-P-610,30.0,0.0,0.0,0.0,54,30.0,30.6,20,30.5,29.4,30.0,29.4,6.0,17940.0,513
2023-05-10 21:29:03,i2401-P-610,i2401-P-610,30.0,0.0,0.0,0.0,64,30.0,30.6,20,30.5,29.4,30.0,29.4,6.0,17940.0,513
2023-05-10 21:29:09,i2401-P-610,i2401-P-610,30.0,0.0,0.0,0.0,10,30.2,30.7,10,30.5,29.4,30.0,29.4,6.0,17940.0,513
2023-05-10 21:29:10,i2401-P-610,i2401-P-610,30.0,0.0,0.0,0.0,10,30.2,30.7,20,30.5,29.4,30.0,29.4,6.0,17940.0,513
2023-05-10 21:29:10,i2401-P-610,i2401-P-610,30.0,0.0,0.0,0.0,20,30.2,30.7,20,30.5,29.4,30.0,29.4,6.0,17940.0,513
2023-05-10 21:29:13,i2401-P-610,i2401-P-610,30.0,0.0,0.0,0.0,10,30.2,30.7,20,30.5,29.4,30.0,29.4,6.0,17940.0,513
2023-05-10 21:29:14,i2401-P-610,i2401-P-610,30.0,0.0,0.0,0.0,20,30.2,30.7,20,30.5,29.4,30.0,29.4,6.0,17940.0,513
2023-05-10 21:29:18,i2401-P-610,i2401-P-610,30.0,0.0,0.0,0.0,10,30.3,30.7,10,30.5,29.4,30.0,29.4,6.0,17940.0,513
2023-05-10 21:29:19,i2401-P-610,i2401-P-610,30.0,0.0,0.0,0.0,20,30.3,30.7,10,30.5,29.4,30.0,29.4,6.0,17940.0,513
2023-05-10 21:29:22,i2401-P-610,i2401-P-610,30.0,0.0,0.0,0.0,20,30.3,30.8,24,30.5,29.4,30.0,29.4,6.0,17940.0,513
2023-05-10 21:29:28,i2401-P-610,i2401-P-610,30.0,0.0,0.0,0.0,20,30.3,30.8,4,30.5,29.4,30.0,29.4,6.0,17940.0,513
2023-05-10 21:29:30,i2401-P-610,i2401-P-610,30.0,0.0,0.0,0.0,20,30.3,30.8,14,30.5,29.4,30.0,29.4,6.0,17940.0,513
2023-05-10 21:29:36,i2401-P-610,i2401-P-610,30.0,0.0,0.0,0.0,20,30.3,30.8,24,30.5,29.4,30.0,29.4,6.0,17940.0,513
2023-05-10 21:29:38,i2401-P-610,i2401-P-610,30.0,0.0,0.0,0.0,10,30.3,30.8,24,30.5,29.4,30.0,29.4,6.0,17940.0,513
2023-05-10 21:29:38,i2401-P-610,i2401-P-610,30.0,0.0,0.0,0.0,10,30.3,30.8,4,30.5,29.4,30.0,29.4,6.0,17940.0,513
2023-05-10 21:29:39,i2401-P-610,i2401-P-610,30.0,0.0,0.0,0.0,10,30.3,30.8,24,30.5,29.4,30.0,29.4,6.0,17940.0,513
2023-05-10 21:29:53,i2401-P-610,i2401-P-610,30.0,0.0,0.0,0.0,10,30.3,30.8,4,30.5,29.4,30.0,29.4,6.0,17940.0,513
2023-05-10 21:30:04,i2401-P-610,i2401-P-610,30.0,0.0,0.0,0.0,10,30.3,30.8,24,30.5,29.4,30.0,29.4,6.0,17940.0,513
2023-05-10 21:30:04,i2401-P-610,i2401-P-610,30.0,0.0,0.0,0.0,10,30.3,30.8,34,30.5,29.4,30.0,29.4,6.0,17940.0,513
2023-05-10 21:30:05,i2401-P-610,i2401-P-610,30.0,0.0,0.0,0.0,10,30.3,30.8,44,30.5,29.4,30.0,29.4,6.0,17940.0,513
2023-05-10 21:30:05,i2401-P-610,i2401-P-610,30.0,0.0,0.0,0.0,10,30.3,30.8,34,30.5,29.4,30.0,29.4,6.0,17940.0,513
2023-05-10 21:30:14,i2401-P-610,i2401-P-610,30.0,0.0,0.0,0.0,10,30.3,30.8,24,30.5,29.4,30.0,29.4,6.0,17940.0,513
2023-05-10 21:30:29,i2401-P-610,i2401-P-610,30.0,0.0,0.0,0.0,20,30.3,30.8,24,30.5,29.4,30.0,29.4,6.0,17940.0,513
2023-05-10 21:30:33,i2401-P-610,i2401-P-610,30.0,0.0,0.0,0.0,10,30.3,30.8,14,30.5,29.4,30.0,29.4,6.0,17940.0,513
2023-05-10 21:30:35,i2401-P-610,i2401-P-610,30.0,0.0,0.0,0.0,10,30.4,30.8,4,30.5,29.4,30.0,29.4,6.0,17940.0,513
2023-05-10 21:30:36,i2401-P-610,i2401-P-610,30.0,0.0,0.0,0.0,10,30.4,30.9,10,30.5,29.4,30.0,29.4,6.0,17940.0,513
2023-05-10 21:30:44,i2401-P-610,i2401-P-610,30.0,0.0,0.0,0.0,20,30.4,31.0,40,30.5,29.4,30.0,29.4,6.0,17940.0,513
2023-05-10 21:30:45,i2401-P-610,i2401-P-610,30.0,0.0,0.0,0.0,30,30.4,31.0,40,30.5,29.4,30.0,29.4,6.0,17940.0,513
2023-05-10 21:30:45,i2401-P-610,i2401-P-610,30.0,0.0,0.0,0.0,30,30.4,31.0,50,30.5,29.4,30.0,29.4,6.0,17940.0,513
2023-05-10 21:30:46,i2401-P-610,i2401-P-610,30.0,0.0,0.0,0.0,30,30.4,30.9,10,30.5,29.4,30.0,29.4,6.0,17940.0,513
2023-05-10 21:30:46,i2401-P-610,i2401-P-610,30.0,0.0,0.0,0.0,30,30.4,30.9,20,30.5,29.4,30.0,29.4,6.0,17940.0,513
2023-05-10 21:30:47,i2401-P-610,i2401-P-610,30.0,0.0,0.0,0.0,30,30.4,31.0,50,30.5,29.4,30.0,29.4,6.0,17940.0,513
2023-05-10 21:30:56,i2401-P-610,i2401-P-610,30.0,0.0,0.0,0.0,20,30.3,30.9,30,30.5,29.4,30.0,29.4,6.0,17940.0,513
2023-05-10 21:31:08,i2401-P-610,i2401-P-610,30.0,0.0,0.0,0.0,20,30.3,30.9,40,30.5,29.4,30.0,29.4,6.0,17940.0,513
2023-05-10 21:31:08,i2401-P-610,i2401-P-610,30.0,0.0,0.0,0.0,20,30.3,30.9,30,30.5,29.4,30.0,29.4,6.0,17940.0,513
2023-05-10 21:31:09,i2401-P-610,i2401-P-610,30.0,0.0,0.0,0.0,20,30.3,30.9,10,30.5,29.4,30.0,29.4,6.0,17940.0,513
2023-05-10 21:31:11,i2401-P-610,i2401-P-610,30.0,0.0,0.0,0.0,30,30.3,30.9,20,30.5,29.4,30.0,29.4,6.0,17940.0,513
2023-05-10 21:31:12,i2401-P-610,i2401-P-610,30.0,0.0,0.0,0.0,30,30.3,30.9,10,30.5,29.4,30.0,29.4,6.0,17940.0,513
2023-05-10 21:31:13,i2401-P-610,i2401-P-610,30.0,0.0,0.0,0.0,40,30.3,30.9,20,30.5,29.4,30.0,29.4,6.0,17940.0,513
2023-05-10 21:31:16,i2401-P-610,i2401-P-610,30.0,0.0,0.0,0.0,30,30.3,30.9,20,30.5,29.4,30.0,29.4,6.0,17940.0,513
2023-05-10 21:31:17,i2401-P-610,i2401-P-610,30.0,0.0,0.0,0.0,40,30.3,30.9,20,30.5,29.4,30.0,29.4,6.0,17940.0,513
2023-05-10 21:31:18,i2401-P-610,i2401-P-610,30.0,0.0,0.0,0.0,30,30.3,30.9,20,30.5,29.4,30.0,29.4,6.0,17940.0,513
2023-05-10 21:31:23,i2401-P-610,i2401-P-610,30.0,0.0,0.0,0.0,40,30.3,30.9,20,30.5,29.4,30.0,29.4,6.0,17940.0,513
2023-05-10 21:31:24,i2401-P-610,i2401-P-610,30.0,0.0,0.0,0.0,30,30.3,30.9,20,30.5,29.4,30.0,29.4,6.0,17940.0,513
2023-05-10 21:31:25,i2401-P-610,i2401-P-610,30.0,0.0,0.0,0.0,30,30.3,30.9,30,30.5,29.4,30.0,29.4,6.0,17940.0,513
2023-05-10 21:31:31,i2401-P-610,i2401-P-610,30.0,0.0,0.0,0.0,20,30.3,30.9,30,30.5,29.4,30.0,29.4,6.0,17940.0,513
2023-05-10 21:31:41,i2401-P-610,i2401-P-610,30.0,0.0,0.0,0.0,30,30.3,30.9,20,30.5,29.4,30.0,29.4,6.0,17940.0,513
2023-05-10 21:31:43,i2401-P-610,i2401-P-610,30.0,0.0,0.0,0.0,30,30.3,30.9,40,30.5,29.4,30.0,29.4,6.0,17940.0,513
2023-05-10 21:31:47,i2401-P-610,i2401-P-610,30.9,5.0,15450.0,0.0,4,30.4,30.9,39,30.5,29.4,30.9,29.4,11.0,33390.0,513
2023-05-10 21:31:47,i2401-P-610,i2401-P-610,30.9,0.0,0.0,0.0,4,30.4,30.9,56,30.5,29.4,30.9,29.4,11.0,33390.0,513
2023-05-10 21:31:48,i2401-P-610,i2401-P-610,30.9,0.0,0.0,0.0,4,30.4,30.9,46,30.5,29.4,30.9,29.4,11.0,33390.0,513
2023-05-10 21:32:51,i2401-P-610,i2401-P-610,30.9,0.0,0.0,0.0,10,30.5,30.9,26,30.5,29.4,30.9,29.4,11.0,33390.0,513
2023-05-10 21:32:52,i2401-P-610,i2401-P-610,30.9,0.0,0.0,0.0,20,30.5,30.9,9,30.5,29.4,30.9,29.4,11.0,33390.0,513
2023-05-10 21:32:52,i2401-P-610,i2401-P-610,30.9,0.0,0.0,0.0,20,30.5,30.9,4,30.5,29.4,30.9,29.4,11.0,33390.0,513
2023-05-10 21:33:07,i2401-P-610,i2401-P-610,30.9,0.0,0.0,0.0,20,30.5,31.1,40,30.5,29.4,30.9,29.4,11.0,33390.0,513
2023-05-10 21:33:09,i2401-P-610,i2401-P-610,30.9,0.0,0.0,0.0,30,30.5,31.1,40,30.5,29.4,30.9,29.4,11.0,33390.0,513
2023-05-10 21:33:14,i2401-P-610,i2401-P-610,30.9,0.0,0.0,0.0,10,30.6,31.1,30,30.5,29.4,30.9,29.4,11.0,33390.0,513
2023-05-10 21:33:18,i2401-P-610,i2401-P-610,30.9,0.0,0.0,0.0,10,30.6,31.1,20,30.5,29.4,30.9,29.4,11.0,33390.0,513
2023-05-10 21:33:19,i2401-P-610,i2401-P-610,30.9,0.0,0.0,0.0,10,30.6,31.1,30,30.5,29.4,30.9,29.4,11.0,33390.0,513
2023-05-10 21:33:21,i2401-P-610,i2401-P-610,30.9,0.0,0.0,0.0,40,30.5,31.1,30,30.5,29.4,30.9,29.4,11.0,33390.0,513
2023-05-10 21:33:28,i2401-P-610,i2401-P-610,30.9,0.0,0.0,0.0,30,30.5,31.1,20,30.5,29.4,30.9,29.4,11.0,33390.0,513
2023-05-10 21:33:28,i2401-P-610,i2401-P-610,30.9,0.0,0.0,0.0,20,30.5,31.1,20,30.5,29.4,30.9,29.4,11.0,33390.0,513
2023-05-10 21:33:29,i2401-P-610,i2401-P-610,30.9,0.0,0.0,0.0,20,30.5,31.0,20,30.5,29.4,30.9,29.4,11.0,33390.0,513
2023-05-10 21:33:34,i2401-P-610,i2401-P-610,30.9,0.0,0.0,0.0,20,30.5,31.0,10,30.5,29.4,30.9,29.4,11.0,33390.0,513
2023-05-10 21:33:34,i2401-P-610,i2401-P-610,30.9,0.0,0.0,0.0,20,30.5,31.1,30,30.5,29.4,30.9,29.4,11.0,33390.0,513
2023-05-10 21:33:39,i2401-P-610,i2401-P-610,30.9,0.0,0.0,0.0,30,30.5,31.1,20,30.5,29.4,30.9,29.4,11.0,33390.0,513
2023-05-10 21:33:45,i2401-P-610,i2401-P-610,30.9,0.0,0.0,0.0,20,30.5,31.1,40,30.5,29.4,30.9,29.4,11.0,33390.0,513
2023-05-10 21:33:51,i2401-P-610,i2401-P-610,30.9,0.0,0.0,0.0,20,30.5,31.0,20,30.5,29.4,30.9,29.4,11.0,33390.0,513
2023-05-10 21:33:52,i2401-P-610,i2401-P-610,30.9,0.0,0.0,0.0,20,30.5,31.0,10,30.5,29.4,30.9,29.4,11.0,33390.0,513
2023-05-10 21:33:52,i2401-P-610,i2401-P-610,30.9,0.0,0.0,0.0,20,30.5,31.1,40,30.5,29.4,30.9,29.4,11.0,33390.0,513
2023-05-10 21:33:58,i2401-P-610,i2401-P-610,30.9,0.0,0.0,0.0,10,30.5,31.1,40,30.5,29.4,30.9,29.4,11.0,33390.0,513
2023-05-10 21:34:30,i2401-P-610,i2401-P-610,30.9,0.0,0.0,0.0,10,30.5,31.1,30,30.5,29.4,30.9,29.4,11.0,33390.0,513
2023-05-10 21:34:31,i2401-P-610,i2401-P-610,30.9,0.0,0.0,0.0,10,30.5,31.1,40,30.5,29.4,30.9,29.4,11.0,33390.0,513
2023-05-10 21:35:24,i2401-P-610,i2401-P-610,30.9,0.0,0.0,0.0,10,30.5,31.1,30,30.5,29.4,30.9,29.4,11.0,33390.0,513
2023-05-10 21:35:34,i2401-P-610,i2401-P-610,30.9,0.0,0.0,0.0,10,30.5,31.1,40,30.5,29.4,30.9,29.4,11.0,33390.0,513
2023-05-10 21:35:56,i2401-P-610,i2401-P-610,30.9,0.0,0.0,0.0,10,30.5,31.1,30,30.5,29.4,30.9,29.4,11.0,33390.0,513
2023-05-10 21:35:57,i2401-P-610,i2401-P-610,30.9,0.0,0.0,0.0,10,30.5,31.1,40,30.5,29.4,30.9,29.4,11.0,33390.0,513
2023-05-10 21:35:59,i2401-P-610,i2401-P-610,30.9,0.0,0.0,0.0,10,30.5,31.1,30,30.5,29.4,30.9,29.4,11.0,33390.0,513
2023-05-10 21:35:59,i2401-P-610,i2401-P-610,30.9,0.0,0.0,0.0,10,30.5,31.1,40,30.5,29.4,30.9,29.4,11.0,33390.0,513
2023-05-10 21:36:01,i2401-P-610,i2401-P-610,30.9,0.0,0.0,0.0,10,30.5,31.1,30,30.5,29.4,30.9,29.4,11.0,33390.0,513
2023-05-10 21:36:03,i2401-P-610,i2401-P-610,30.9,0.0,0.0,0.0,10,30.5,31.1,40,30.5,29.4,30.9,29.4,11.0,33390.0,513
2023-05-10 21:36:04,i2401-P-610,i2401-P-610,30.9,0.0,0.0,0.0,20,30.5,31.1,30,30.5,29.4,30.9,29.4,11.0,33390.0,513
2023-05-10 21:36:09,i2401-P-610,i2401-P-610,30.9,0.0,0.0,0.0,20,30.5,31.1,40,30.5,29.4,30.9,29.4,11.0,33390.0,513
2023-05-10 21:36:09,i2401-P-610,i2401-P-610,30.9,0.0,0.0,0.0,20,30.5,31.1,30,30.5,29.4,30.9,29.4,11.0,33390.0,513
2023-05-10 21:36:11,i2401-P-610,i2401-P-610,30.9,0.0,0.0,0.0,30,30.5,31.1,30,30.5,29.4,30.9,29.4,11.0,33390.0,513
2023-05-10 21:36:11,i2401-P-610,i2401-P-610,30.9,0.0,0.0,0.0,30,30.5,31.1,20,30.5,29.4,30.9,29.4,11.0,33390.0,513
2023-05-10 21:36:19,i2401-P-610,i2401-P-610,30.9,0.0,0.0,0.0,30,30.5,31.1,10,30.5,29.4,30.9,29.4,11.0,33390.0,513
2023-05-10 21:36:28,i2401-P-610,i2401-P-610,30.9,0.0,0.0,0.0,30,30.5,31.1,20,30.5,29.4,30.9,29.4,11.0,33390.0,513
2023-05-10 21:36:46,i2401-P-610,i2401-P-610,30.9,0.0,0.0,0.0,20,30.5,31.1,30,30.5,29.4,30.9,29.4,11.0,33390.0,513
2023-05-10 21:36:47,i2401-P-610,i2401-P-610,30.9,0.0,0.0,0.0,40,30.4,31.1,40,30.5,29.4,30.9,29.4,11.0,33390.0,513
2023-05-10 21:36:47,i2401-P-610,i2401-P-610,30.9,0.0,0.0,0.0,30,30.4,31.1,40,30.5,29.4,30.9,29.4,11.0,33390.0,513
2023-05-10 21:36:48,i2401-P-610,i2401-P-610,30.9,0.0,0.0,0.0,30,30.4,31.0,30,30.5,29.4,30.9,29.4,11.0,33390.0,513
2023-05-10 21:36:53,i2401-P-610,i2401-P-610,30.9,0.0,0.0,0.0,20,30.4,31.0,40,30.5,29.4,30.9,29.4,11.0,33390.0,513
2023-05-10 21:37:01,i2401-P-610,i2401-P-610,30.9,0.0,0.0,0.0,44,30.3,31.0,50,30.5,29.4,30.9,29.4,11.0,33390.0,513
2023-05-10 21:37:02,i2401-P-610,i2401-P-610,30.9,0.0,0.0,0.0,24,30.3,30.9,10,30.5,29.4,30.9,29.4,11.0,33390.0,513
2023-05-10 21:37:03,i2401-P-610,i2401-P-610,30.9,0.0,0.0,0.0,10,30.3,30.8,10,30.5,29.4,30.9,29.4,11.0,33390.0,513
2023-05-10 21:37:05,i2401-P-610,i2401-P-610,30.9,0.0,0.0,0.0,40,30.2,30.8,20,30.5,29.4,30.9,29.4,11.0,33390.0,513
2023-05-10 21:37:08,i2401-P-610,i2401-P-610,30.9,0.0,0.0,0.0,40,30.2,30.9,44,30.5,29.4,30.9,29.4,11.0,33390.0,513
2023-05-10 21:37:12,i2401-P-610,i2401-P-610,30.9,0.0,0.0,0.0,30,30.2,30.8,10,30.5,29.4,30.9,29.4,11.0,33390.0,513
2023-05-10 21:37:12,i2401-P-610,i2401-P-610,30.9,0.0,0.0,0.0,20,30.2,30.8,20,30.5,29.4,30.9,29.4,11.0,33390.0,513
2023-05-10 21:37:14,i2401-P-610,i2401-P-610,30.9,0.0,0.0,0.0,20,30.2,30.8,10,30.5,29.4,30.9,29.4,11.0,33390.0,513
2023-05-10 21:37:15,i2401-P-610,i2401-P-610,30.9,0.0,0.0,0.0,30,30.2,30.8,20,30.5,29.4,30.9,29.4,11.0,33390.0,513
2023-05-10 21:37:17,i2401-P-610,i2401-P-610,30.9,0.0,0.0,0.0,40,30.2,30.8,20,30.5,29.4,30.9,29.4,11.0,33390.0,513
2023-05-10 21:37:17,i2401-P-610,i2401-P-610,30.9,0.0,0.0,0.0,30,30.2,30.8,20,30.5,29.4,30.9,29.4,11.0,33390.0,513
2023-05-10 21:37:19,i2401-P-610,i2401-P-610,30.9,0.0,0.0,0.0,40,30.2,30.8,20,30.5,29.4,30.9,29.4,11.0,33390.0,513
2023-05-10 21:37:20,i2401-P-610,i2401-P-610,30.9,0.0,0.0,0.0,30,30.2,30.8,20,30.5,29.4,30.9,29.4,11.0,33390.0,513
2023-05-10 21:37:21,i2401-P-610,i2401-P-610,30.9,0.0,0.0,0.0,20,30.2,30.8,20,30.5,29.4,30.9,29.4,11.0,33390.0,513
2023-05-10 21:37:23,i2401-P-610,i2401-P-610,30.9,0.0,0.0,0.0,20,30.2,30.8,30,30.5,29.4,30.9,29.4,11.0,33390.0,513
2023-05-10 21:37:32,i2401-P-610,i2401-P-610,30.9,0.0,0.0,0.0,10,30.2,30.8,40,30.5,29.4,30.9,29.4,11.0,33390.0,513
2023-05-10 21:37:32,i2401-P-610,i2401-P-610,30.9,0.0,0.0,0.0,60,30.1,30.8,40,30.5,29.4,30.9,29.4,11.0,33390.0,513
2023-05-10 21:37:33,i2401-P-610,i2401-P-610,30.9,0.0,0.0,0.0,60,30.1,30.7,10,30.5,29.4,30.9,29.4,11.0,33390.0,513
2023-05-10 21:37:38,i2401-P-610,i2401-P-610,30.9,0.0,0.0,0.0,60,30.1,30.8,40,30.5,29.4,30.9,29.4,11.0,33390.0,513
2023-05-10 21:37:40,i2401-P-610,i2401-P-610,30.9,0.0,0.0,0.0,60,30.1,30.7,20,30.5,29.4,30.9,29.4,11.0,33390.0,513
2023-05-10 21:37:41,i2401-P-610,i2401-P-610,30.9,0.0,0.0,0.0,60,30.1,30.7,10,30.5,29.4,30.9,29.4,11.0,33390.0,513
2023-05-10 21:37:42,i2401-P-610,i2401-P-610,30.9,0.0,0.0,0.0,50,30.1,30.7,10,30.5,29.4,30.9,29.4,11.0,33390.0,513
2023-05-10 21:37:42,i2401-P-610,i2401-P-610,30.9,0.0,0.0,0.0,40,30.1,30.8,40,30.5,29.4,30.9,29.4,11.0,33390.0,513
2023-05-10 21:37:43,i2401-P-610,i2401-P-610,30.9,0.0,0.0,0.0,50,30.1,30.8,30,30.5,29.4,30.9,29.4,11.0,33390.0,513
2023-05-10 21:37:43,i2401-P-610,i2401-P-610,30.9,0.0,0.0,0.0,50,30.1,30.8,20,30.5,29.4,30.9,29.4,11.0,33390.0,513
2023-05-10 21:37:45,i2401-P-610,i2401-P-610,30.9,0.0,0.0,0.0,60,30.1,30.8,30,30.5,29.4,30.9,29.4,11.0,33390.0,513
2023-05-10 21:37:58,i2401-P-610,i2401-P-610,30.9,0.0,0.0,0.0,70,30.1,30.8,30,30.5,29.4,30.9,29.4,11.0,33390.0,513
2023-05-10 21:37:58,i2401-P-610,i2401-P-610,30.9,0.0,0.0,0.0,60,30.1,30.8,30,30.5,29.4,30.9,29.4,11.0,33390.0,513
2023-05-10 21:38:00,i2401-P-610,i2401-P-610,30.9,0.0,0.0,0.0,20,30.2,30.8,20,30.5,29.4,30.9,29.4,11.0,33390.0,513
2023-05-10 21:38:01,i2401-P-610,i2401-P-610,30.9,0.0,0.0,0.0,10,30.3,30.8,10,30.5,29.4,30.9,29.4,11.0,33390.0,513
2023-05-10 21:38:01,i2401-P-610,i2401-P-610,30.9,0.0,0.0,0.0,30,30.3,30.9,4,30.5,29.4,30.9,29.4,11.0,33390.0,513
2023-05-10 21:38:03,i2401-P-610,i2401-P-610,30.9,0.0,0.0,0.0,40,30.3,30.9,4,30.5,29.4,30.9,29.4,11.0,33390.0,513
2023-05-10 21:38:04,i2401-P-610,i2401-P-610,30.9,0.0,0.0,0.0,30,30.3,30.9,4,30.5,29.4,30.9,29.4,11.0,33390.0,513
2023-05-10 21:38:05,i2401-P-610,i2401-P-610,30.9,0.0,0.0,0.0,40,30.3,30.9,4,30.5,29.4,30.9,29.4,11.0,33390.0,513
2023-05-10 21:38:07,i2401-P-610,i2401-P-610,30.9,0.0,0.0,0.0,10,30.4,30.9,4,30.5,29.4,30.9,29.4,11.0,33390.0,513
2023-05-10 21:38:10,i2401-P-610,i2401-P-610,30.9,0.0,0.0,0.0,20,30.4,30.9,4,30.5,29.4,30.9,29.4,11.0,33390.0,513
2023-05-10 21:38:13,i2401-P-610,i2401-P-610,30.9,0.0,0.0,0.0,10,30.5,30.9,4,30.5,29.4,30.9,29.4,11.0,33390.0,513
2023-05-10 21:38:20,i2401-P-610,i2401-P-610,30.9,0.0,0.0,0.0,20,30.5,31.1,30,30.5,29.4,30.9,29.4,11.0,33390.0,513
2023-05-10 21:38:23,i2401-P-610,i2401-P-610,30.9,0.0,0.0,0.0,20,30.5,31.1,40,30.5,29.4,30.9,29.4,11.0,33390.0,513
2023-05-10 21:38:24,i2401-P-610,i2401-P-610,30.9,0.0,0.0,0.0,20,30.5,31.0,10,30.5,29.4,30.9,29.4,11.0,33390.0,513
2023-05-10 21:38:26,i2401-P-610,i2401-P-610,30.9,0.0,0.0,0.0,20,30.5,31.0,20,30.5,29.4,30.9,29.4,11.0,33390.0,513
2023-05-10 21:38:29,i2401-P-610,i2401-P-610,30.9,0.0,0.0,0.0,20,30.5,31.0,10,30.5,29.4,30.9,29.4,11.0,33390.0,513
2023-05-10 21:38:32,i2401-P-610,i2401-P-610,30.9,0.0,0.0,0.0,20,30.5,31.1,30,30.5,29.4,30.9,29.4,11.0,33390.0,513
2023-05-10 21:38:32,i2401-P-610,i2401-P-610,30.9,0.0,0.0,0.0,20,30.5,31.1,40,30.5,29.4,30.9,29.4,11.0,33390.0,513
2023-05-10 21:38:33,i2401-P-610,i2401-P-610,30.9,0.0,0.0,0.0,20,30.5,31.0,20,30.5,29.4,30.9,29.4,11.0,33390.0,513
2023-05-10 21:38:33,i2401-P-610,i2401-P-610,30.9,0.0,0.0,0.0,20,30.5,31.1,40,30.5,29.4,30.9,29.4,11.0,33390.0,513
2023-05-10 21:38:46,i2401-P-610,i2401-P-610,30.9,0.0,0.0,0.0,20,30.5,31.0,10,30.5,29.4,30.9,29.4,11.0,33390.0,513
2023-05-10 21:38:48,i2401-P-610,i2401-P-610,30.9,0.0,0.0,0.0,20,30.5,31.0,20,30.5,29.4,30.9,29.4,11.0,33390.0,513
2023-05-10 21:38:54,i2401-P-610,i2401-P-610,30.5,20.0,61000.0,-10.0,30,30.4,30.9,14,30.5,29.4,30.9,29.4,31.0,94390.0,503
2023-05-10 21:38:54,i2401-P-610,i2401-P-610,30.5,0.0,0.0,0.0,50,30.3,30.9,14,30.5,29.4,30.9,29.4,31.0,94390.0,503
2023-05-10 21:38:55,i2401-P-610,i2401-P-610,30.5,0.0,0.0,0.0,40,30.3,30.9,14,30.5,29.4,30.9,29.4,31.0,94390.0,503
2023-05-10 21:38:55,i2401-P-610,i2401-P-610,30.5,0.0,0.0,0.0,30,30.3,30.9,18,30.5,29.4,30.9,29.4,31.0,94390.0,503
2023-05-10 21:38:55,i2401-P-610,i2401-P-610,30.5,0.0,0.0,0.0,30,30.3,30.9,28,30.5,29.4,30.9,29.4,31.0,94390.0,503
2023-05-10 21:38:56,i2401-P-610,i2401-P-610,30.5,0.0,0.0,0.0,30,30.3,30.9,38,30.5,29.4,30.9,29.4,31.0,94390.0,503
2023-05-10 21:39:02,i2401-P-610,i2401-P-610,30.5,0.0,0.0,0.0,40,30.3,30.9,38,30.5,29.4,30.9,29.4,31.0,94390.0,503
2023-05-10 21:39:03,i2401-P-610,i2401-P-610,30.5,0.0,0.0,0.0,50,30.3,30.9,18,30.5,29.4,30.9,29.4,31.0,94390.0,503
2023-05-10 21:39:03,i2401-P-610,i2401-P-610,30.5,0.0,0.0,0.0,30,30.3,30.9,8,30.5,29.4,30.9,29.4,31.0,94390.0,503
2023-05-10 21:39:05,i2401-P-610,i2401-P-610,30.5,0.0,0.0,0.0,20,30.3,30.9,8,30.5,29.4,30.9,29.4,31.0,94390.0,503
2023-05-10 21:39:06,i2401-P-610,i2401-P-610,30.5,0.0,0.0,0.0,10,30.4,30.9,8,30.5,29.4,30.9,29.4,31.0,94390.0,503
2023-05-10 21:39:32,i2401-P-610,i2401-P-610,30.5,0.0,0.0,0.0,20,30.4,30.9,8,30.5,29.4,30.9,29.4,31.0,94390.0,503
2023-05-10 21:39:43,i2401-P-610,i2401-P-610,30.5,0.0,0.0,0.0,20,30.4,30.9,4,30.5,29.4,30.9,29.4,31.0,94390.0,503
2023-05-10 21:40:00,i2401-P-610,i2401-P-610,30.5,0.0,0.0,0.0,30,30.4,30.9,4,30.5,29.4,30.9,29.4,31.0,94390.0,503
2023-05-10 21:40:02,i2401-P-610,i2401-P-610,30.5,0.0,0.0,0.0,10,30.6,30.9,4,30.5,29.4,30.9,29.4,31.0,94390.0,503
2023-05-10 21:40:05,i2401-P-610,i2401-P-610,30.5,0.0,0.0,0.0,10,30.5,30.9,4,30.5,29.4,30.9,29.4,31.0,94390.0,503
2023-05-10 21:40:06,i2401-P-610,i2401-P-610,30.5,0.0,0.0,0.0,10,30.5,30.9,14,30.5,29.4,30.9,29.4,31.0,94390.0,503
2023-05-10 21:40:07,i2401-P-610,i2401-P-610,30.5,0.0,0.0,0.0,20,30.4,30.9,14,30.5,29.4,30.9,29.4,31.0,94390.0,503
2023-05-10 21:40:07,i2401-P-610,i2401-P-610,30.5,0.0,0.0,0.0,20,30.4,30.9,4,30.5,29.4,30.9,29.4,31.0,94390.0,503
2023-05-10 21:40:17,i2401-P-610,i2401-P-610,30.5,0.0,0.0,0.0,20,30.4,30.9,24,30.5,29.4,30.9,29.4,31.0,94390.0,503
2023-05-10 21:40:19,i2401-P-610,i2401-P-610,30.5,0.0,0.0,0.0,44,30.3,30.9,24,30.5,29.4,30.9,29.4,31.0,94390.0,503
2023-05-10 21:40:27,i2401-P-610,i2401-P-610,30.5,0.0,0.0,0.0,34,30.3,30.9,24,30.5,29.4,30.9,29.4,31.0,94390.0,503
2023-05-10 21:40:28,i2401-P-610,i2401-P-610,30.5,0.0,0.0,0.0,44,30.3,30.9,24,30.5,29.4,30.9,29.4,31.0,94390.0,503
2023-05-10 21:40:29,i2401-P-610,i2401-P-610,30.5,0.0,0.0,0.0,10,30.4,30.9,14,30.5,29.4,30.9,29.4,31.0,94390.0,503
2023-05-10 21:40:29,i2401-P-610,i2401-P-610,30.5,0.0,0.0,0.0,10,30.5,30.9,4,30.5,29.4,30.9,29.4,31.0,94390.0,503
2023-05-10 21:41:32,i2401-P-610,i2401-P-610,30.5,0.0,0.0,0.0,10,30.5,31.0,24,30.5,29.4,30.9,29.4,31.0,94390.0,503
2023-05-10 21:41:33,i2401-P-610,i2401-P-610,30.5,0.0,0.0,0.0,10,30.6,31.0,24,30.5,29.4,30.9,29.4,31.0,94390.0,503
2023-05-10 21:41:33,i2401-P-610,i2401-P-610,30.5,0.0,0.0,0.0,10,30.6,31.0,14,30.5,29.4,30.9,29.4,31.0,94390.0,503
2023-05-10 21:41:34,i2401-P-610,i2401-P-610,30.5,0.0,0.0,0.0,10,30.6,31.0,4,30.5,29.4,30.9,29.4,31.0,94390.0,503
2023-05-10 21:41:34,i2401-P-610,i2401-P-610,30.5,0.0,0.0,0.0,10,30.6,31.1,20,30.5,29.4,30.9,29.4,31.0,94390.0,503
2023-05-10 21:41:47,i2401-P-610,i2401-P-610,30.5,0.0,0.0,0.0,20,30.6,31.1,20,30.5,29.4,30.9,29.4,31.0,94390.0,503
2023-05-10 21:41:51,i2401-P-610,i2401-P-610,30.5,0.0,0.0,0.0,20,30.6,31.1,10,30.5,29.4,30.9,29.4,31.0,94390.0,503
2023-05-10 21:41:51,i2401-P-610,i2401-P-610,30.5,0.0,0.0,0.0,20,30.6,31.2,30,30.5,29.4,30.9,29.4,31.0,94390.0,503
2023-05-10 21:41:54,i2401-P-610,i2401-P-610,30.5,0.0,0.0,0.0,20,30.6,31.2,40,30.5,29.4,30.9,29.4,31.0,94390.0,503
2023-05-10 21:41:56,i2401-P-610,i2401-P-610,30.5,0.0,0.0,0.0,40,30.6,31.2,10,30.5,29.4,30.9,29.4,31.0,94390.0,503
2023-05-10 21:41:56,i2401-P-610,i2401-P-610,30.5,0.0,0.0,0.0,50,30.6,31.3,20,30.5,29.4,30.9,29.4,31.0,94390.0,503
2023-05-10 21:41:58,i2401-P-610,i2401-P-610,30.5,0.0,0.0,0.0,50,30.6,31.3,30,30.5,29.4,30.9,29.4,31.0,94390.0,503
2023-05-10 21:41:58,i2401-P-610,i2401-P-610,30.5,0.0,0.0,0.0,50,30.6,31.3,20,30.5,29.4,30.9,29.4,31.0,94390.0,503
2023-05-10 21:41:59,i2401-P-610,i2401-P-610,30.5,0.0,0.0,0.0,40,30.6,31.3,20,30.5,29.4,30.9,29.4,31.0,94390.0,503
2023-05-10 21:42:00,i2401-P-610,i2401-P-610,30.5,0.0,0.0,0.0,40,30.6,31.2,10,30.5,29.4,30.9,29.4,31.0,94390.0,503
2023-05-10 21:42:00,i2401-P-610,i2401-P-610,30.5,0.0,0.0,0.0,40,30.6,31.3,20,30.5,29.4,30.9,29.4,31.0,94390.0,503
2023-05-10 21:42:01,i2401-P-610,i2401-P-610,30.5,0.0,0.0,0.0,20,30.7,31.4,44,30.5,29.4,30.9,29.4,31.0,94390.0,503
2023-05-10 21:42:02,i2401-P-610,i2401-P-610,30.5,0.0,0.0,0.0,20,30.7,31.3,20,30.5,29.4,30.9,29.4,31.0,94390.0,503
2023-05-10 21:42:02,i2401-P-610,i2401-P-610,30.5,0.0,0.0,0.0,20,30.7,31.3,10,30.5,29.4,30.9,29.4,31.0,94390.0,503
2023-05-10 21:42:06,i2401-P-610,i2401-P-610,30.5,0.0,0.0,0.0,10,30.8,31.3,20,30.5,29.4,30.9,29.4,31.0,94390.0,503
2023-05-10 21:42:08,i2401-P-610,i2401-P-610,30.5,0.0,0.0,0.0,10,30.8,31.3,10,30.5,29.4,30.9,29.4,31.0,94390.0,503
2023-05-10 21:42:12,i2401-P-610,i2401-P-610,30.5,0.0,0.0,0.0,30,30.8,31.4,24,30.5,29.4,30.9,29.4,31.0,94390.0,503
2023-05-10 21:42:13,i2401-P-610,i2401-P-610,30.5,0.0,0.0,0.0,30,30.8,31.4,34,30.5,29.4,30.9,29.4,31.0,94390.0,503
2023-05-10 21:42:15,i2401-P-610,i2401-P-610,30.5,0.0,0.0,0.0,30,30.8,31.4,14,30.5,29.4,30.9,29.4,31.0,94390.0,503
2023-05-10 21:42:17,i2401-P-610,i2401-P-610,30.5,0.0,0.0,0.0,30,30.8,31.4,24,30.5,29.4,30.9,29.4,31.0,94390.0,503
2023-05-10 21:42:25,i2401-P-610,i2401-P-610,30.5,0.0,0.0,0.0,40,30.8,31.4,24,30.5,29.4,30.9,29.4,31.0,94390.0,503
2023-05-10 21:42:27,i2401-P-610,i2401-P-610,30.5,0.0,0.0,0.0,10,31.0,31.4,4,30.5,29.4,30.9,29.4,31.0,94390.0,503
2023-05-10 21:42:28,i2401-P-610,i2401-P-610,30.5,0.0,0.0,0.0,20,31.0,31.4,4,30.5,29.4,30.9,29.4,31.0,94390.0,503
2023-05-10 21:42:33,i2401-P-610,i2401-P-610,30.5,0.0,0.0,0.0,30,30.9,31.4,4,30.5,29.4,30.9,29.4,31.0,94390.0,503
2023-05-10 21:42:34,i2401-P-610,i2401-P-610,30.5,0.0,0.0,0.0,40,30.9,31.4,4,30.5,29.4,30.9,29.4,31.0,94390.0,503
2023-05-10 21:42:34,i2401-P-610,i2401-P-610,30.5,0.0,0.0,0.0,50,30.9,31.4,4,30.5,29.4,30.9,29.4,31.0,94390.0,503
2023-05-10 21:42:36,i2401-P-610,i2401-P-610,30.5,0.0,0.0,0.0,60,30.9,31.4,4,30.5,29.4,30.9,29.4,31.0,94390.0,503
2023-05-10 21:42:36,i2401-P-610,i2401-P-610,30.5,0.0,0.0,0.0,50,30.9,31.4,4,30.5,29.4,30.9,29.4,31.0,94390.0,503
2023-05-10 21:42:37,i2401-P-610,i2401-P-610,30.5,0.0,0.0,0.0,40,30.9,31.4,4,30.5,29.4,30.9,29.4,31.0,94390.0,503
2023-05-10 21:42:54,i2401-P-610,i2401-P-610,30.5,0.0,0.0,0.0,50,30.9,31.4,4,30.5,29.4,30.9,29.4,31.0,94390.0,503
2023-05-10 21:43:12,i2401-P-610,i2401-P-610,30.5,0.0,0.0,0.0,40,30.9,31.4,4,30.5,29.4,30.9,29.4,31.0,94390.0,503
2023-05-10 21:43:17,i2401-P-610,i2401-P-610,30.5,0.0,0.0,0.0,30,30.9,31.4,4,30.5,29.4,30.9,29.4,31.0,94390.0,503
2023-05-10 21:43:20,i2401-P-610,i2401-P-610,30.5,0.0,0.0,0.0,10,30.9,31.4,14,30.5,29.4,30.9,29.4,31.0,94390.0,503
2023-05-10 21:43:22,i2401-P-610,i2401-P-610,30.5,0.0,0.0,0.0,10,30.9,31.4,24,30.5,29.4,30.9,29.4,31.0,94390.0,503
2023-05-10 21:43:24,i2401-P-610,i2401-P-610,30.5,0.0,0.0,0.0,10,30.9,31.4,14,30.5,29.4,30.9,29.4,31.0,94390.0,503
2023-05-10 21:43:29,i2401-P-610,i2401-P-610,30.5,0.0,0.0,0.0,10,30.9,31.4,4,30.5,29.4,30.9,29.4,31.0,94390.0,503
2023-05-10 21:43:32,i2401-P-610,i2401-P-610,30.5,0.0,0.0,0.0,20,30.9,31.4,4,30.5,29.4,30.9,29.4,31.0,94390.0,503
2023-05-10 21:43:36,i2401-P-610,i2401-P-610,30.5,0.0,0.0,0.0,30,30.9,31.4,4,30.5,29.4,30.9,29.4,31.0,94390.0,503
2023-05-10 21:43:36,i2401-P-610,i2401-P-610,30.5,0.0,0.0,0.0,20,30.9,31.4,4,30.5,29.4,30.9,29.4,31.0,94390.0,503
2023-05-10 21:43:37,i2401-P-610,i2401-P-610,30.5,0.0,0.0,0.0,10,30.9,31.4,4,30.5,29.4,30.9,29.4,31.0,94390.0,503
2023-05-10 21:43:38,i2401-P-610,i2401-P-610,30.5,0.0,0.0,0.0,20,30.9,31.4,4,30.5,29.4,30.9,29.4,31.0,94390.0,503
2023-05-10 21:43:40,i2401-P-610,i2401-P-610,30.5,0.0,0.0,0.0,10,30.9,31.4,4,30.5,29.4,30.9,29.4,31.0,94390.0,503
2023-05-10 21:43:41,i2401-P-610,i2401-P-610,30.5,0.0,0.0,0.0,20,30.9,31.4,4,30.5,29.4,30.9,29.4,31.0,94390.0,503
2023-05-10 21:43:44,i2401-P-610,i2401-P-610,30.5,0.0,0.0,0.0,10,30.9,31.4,4,30.5,29.4,30.9,29.4,31.0,94390.0,503
2023-05-10 21:43:44,i2401-P-610,i2401-P-610,30.5,0.0,0.0,0.0,20,30.9,31.4,4,30.5,29.4,30.9,29.4,31.0,94390.0,503
2023-05-10 21:43:45,i2401-P-610,i2401-P-610,30.5,0.0,0.0,0.0,10,30.9,31.4,4,30.5,29.4,30.9,29.4,31.0,94390.0,503
2023-05-10 21:43:45,i2401-P-610,i2401-P-610,30.5,0.0,0.0,0.0,20,30.9,31.4,4,30.5,29.4,30.9,29.4,31.0,94390.0,503
2023-05-10 21:44:05,i2401-P-610,i2401-P-610,30.5,0.0,0.0,0.0,10,30.9,31.4,4,30.5,29.4,30.9,29.4,31.0,94390.0,503
2023-05-10 21:44:06,i2401-P-610,i2401-P-610,30.5,0.0,0.0,0.0,10,30.9,31.4,14,30.5,29.4,30.9,29.4,31.0,94390.0,503
2023-05-10 21:44:08,i2401-P-610,i2401-P-610,30.5,0.0,0.0,0.0,10,30.9,31.4,24,30.5,29.4,30.9,29.4,31.0,94390.0,503
2023-05-10 21:44:09,i2401-P-610,i2401-P-610,30.5,0.0,0.0,0.0,10,30.9,31.4,14,30.5,29.4,30.9,29.4,31.0,94390.0,503
2023-05-10 21:44:09,i2401-P-610,i2401-P-610,30.5,0.0,0.0,0.0,10,30.9,31.4,24,30.5,29.4,30.9,29.4,31.0,94390.0,503
2023-05-10 21:44:11,i2401-P-610,i2401-P-610,30.5,0.0,0.0,0.0,10,30.9,31.4,14,30.5,29.4,30.9,29.4,31.0,94390.0,503
2023-05-10 21:44:12,i2401-P-610,i2401-P-610,30.5,0.0,0.0,0.0,10,30.9,31.4,24,30.5,29.4,30.9,29.4,31.0,94390.0,503
2023-05-10 21:44:14,i2401-P-610,i2401-P-610,30.5,0.0,0.0,0.0,10,30.9,31.4,14,30.5,29.4,30.9,29.4,31.0,94390.0,503
2023-05-10 21:44:16,i2401-P-610,i2401-P-610,30.5,0.0,0.0,0.0,10,30.9,31.4,24,30.5,29.4,30.9,29.4,31.0,94390.0,503
2023-05-10 21:44:18,i2401-P-610,i2401-P-610,30.5,0.0,0.0,0.0,10,30.9,31.4,14,30.5,29.4,30.9,29.4,31.0,94390.0,503
2023-05-10 21:44:31,i2401-P-610,i2401-P-610,30.5,0.0,0.0,0.0,10,30.9,31.4,24,30.5,29.4,30.9,29.4,31.0,94390.0,503
2023-05-10 21:44:32,i2401-P-610,i2401-P-610,30.5,0.0,0.0,0.0,10,30.9,31.4,14,30.5,29.4,30.9,29.4,31.0,94390.0,503
2023-05-10 21:44:46,i2401-P-610,i2401-P-610,30.5,0.0,0.0,0.0,50,30.8,31.4,14,30.5,29.4,30.9,29.4,31.0,94390.0,503
2023-05-10 21:44:47,i2401-P-610,i2401-P-610,30.5,0.0,0.0,0.0,40,30.8,31.4,14,30.5,29.4,30.9,29.4,31.0,94390.0,503
2023-05-10 21:44:47,i2401-P-610,i2401-P-610,30.5,0.0,0.0,0.0,50,30.8,31.4,14,30.5,29.4,30.9,29.4,31.0,94390.0,503
2023-05-10 21:44:50,i2401-P-610,i2401-P-610,30.5,0.0,0.0,0.0,40,30.8,31.4,14,30.5,29.4,30.9,29.4,31.0,94390.0,503
2023-05-10 21:44:57,i2401-P-610,i2401-P-610,30.5,0.0,0.0,0.0,50,30.8,31.4,14,30.5,29.4,30.9,29.4,31.0,94390.0,503
2023-05-10 21:45:05,i2401-P-610,i2401-P-610,30.5,0.0,0.0,0.0,40,30.8,31.4,14,30.5,29.4,30.9,29.4,31.0,94390.0,503
2023-05-10 21:45:05,i2401-P-610,i2401-P-610,30.5,0.0,0.0,0.0,30,30.8,31.4,14,30.5,29.4,30.9,29.4,31.0,94390.0,503
2023-05-10 21:45:06,i2401-P-610,i2401-P-610,30.5,0.0,0.0,0.0,40,30.8,31.4,14,30.5,29.4,30.9,29.4,31.0,94390.0,503
2023-05-10 21:45:09,i2401-P-610,i2401-P-610,30.5,0.0,0.0,0.0,30,30.8,31.4,14,30.5,29.4,30.9,29.4,31.0,94390.0,503
2023-05-10 21:45:10,i2401-P-610,i2401-P-610,30.5,0.0,0.0,0.0,40,30.8,31.4,14,30.5,29.4,30.9,29.4,31.0,94390.0,503
2023-05-10 21:45:11,i2401-P-610,i2401-P-610,30.5,0.0,0.0,0.0,20,30.8,31.4,24,30.5,29.4,30.9,29.4,31.0,94390.0,503
2023-05-10 21:45:12,i2401-P-610,i2401-P-610,30.5,0.0,0.0,0.0,20,30.8,31.4,34,30.5,29.4,30.9,29.4,31.0,94390.0,503
2023-05-10 21:45:13,i2401-P-610,i2401-P-610,30.5,0.0,0.0,0.0,30,30.8,31.4,24,30.5,29.4,30.9,29.4,31.0,94390.0,503
2023-05-10 21:45:13,i2401-P-610,i2401-P-610,30.5,0.0,0.0,0.0,20,30.8,31.3,10,30.5,29.4,30.9,29.4,31.0,94390.0,503
2023-05-10 21:45:14,i2401-P-610,i2401-P-610,30.5,0.0,0.0,0.0,10,30.8,31.3,10,30.5,29.4,30.9,29.4,31.0,94390.0,503
2023-05-10 21:45:18,i2401-P-610,i2401-P-610,30.5,0.0,0.0,0.0,10,30.8,31.4,34,30.5,29.4,30.9,29.4,31.0,94390.0,503
2023-05-10 21:45:19,i2401-P-610,i2401-P-610,30.5,0.0,0.0,0.0,20,30.7,31.4,34,30.5,29.4,30.9,29.4,31.0,94390.0,503
2023-05-10 21:45:20,i2401-P-610,i2401-P-610,30.5,0.0,0.0,0.0,20,30.7,31.4,24,30.5,29.4,30.9,29.4,31.0,94390.0,503
2023-05-10 21:45:27,i2401-P-610,i2401-P-610,30.5,0.0,0.0,0.0,20,30.7,31.3,10,30.5,29.4,30.9,29.4,31.0,94390.0,503
2023-05-10 21:45:27,i2401-P-610,i2401-P-610,30.5,0.0,0.0,0.0,10,30.7,31.4,34,30.5,29.4,30.9,29.4,31.0,94390.0,503
2023-05-10 21:45:27,i2401-P-610,i2401-P-610,30.5,0.0,0.0,0.0,30,30.7,31.4,24,30.5,29.4,30.9,29.4,31.0,94390.0,503
2023-05-10 21:45:29,i2401-P-610,i2401-P-610,30.5,0.0,0.0,0.0,30,30.7,31.4,34,30.5,29.4,30.9,29.4,31.0,94390.0,503
2023-05-10 21:45:35,i2401-P-610,i2401-P-610,30.5,0.0,0.0,0.0,40,30.7,31.4,34,30.5,29.4,30.9,29.4,31.0,94390.0,503
2023-05-10 21:45:36,i2401-P-610,i2401-P-610,30.5,0.0,0.0,0.0,40,30.7,31.4,24,30.5,29.4,30.9,29.4,31.0,94390.0,503
2023-05-10 21:45:36,i2401-P-610,i2401-P-610,30.5,0.0,0.0,0.0,40,30.7,31.4,34,30.5,29.4,30.9,29.4,31.0,94390.0,503
2023-05-10 21:45:58,i2401-P-610,i2401-P-610,30.5,0.0,0.0,0.0,40,30.7,31.4,24,30.5,29.4,30.9,29.4,31.0,94390.0,503
2023-05-10 21:45:59,i2401-P-610,i2401-P-610,30.5,0.0,0.0,0.0,10,30.9,31.4,24,30.5,29.4,30.9,29.4,31.0,94390.0,503
2023-05-10 21:46:01,i2401-P-610,i2401-P-610,30.5,0.0,0.0,0.0,10,30.9,31.4,34,30.5,29.4,30.9,29.4,31.0,94390.0,503
2023-05-10 21:46:03,i2401-P-610,i2401-P-610,30.5,0.0,0.0,0.0,10,30.9,31.4,24,30.5,29.4,30.9,29.4,31.0,94390.0,503
2023-05-10 21:46:06,i2401-P-610,i2401-P-610,30.5,0.0,0.0,0.0,20,30.9,31.4,14,30.5,29.4,30.9,29.4,31.0,94390.0,503
2023-05-10 21:46:22,i2401-P-610,i2401-P-610,30.5,0.0,0.0,0.0,20,30.9,31.4,10,30.5,29.4,30.9,29.4,31.0,94390.0,503
2023-05-10 21:47:14,i2401-P-610,i2401-P-610,30.5,0.0,0.0,0.0,20,30.9,31.5,40,30.5,29.4,30.9,29.4,31.0,94390.0,503
2023-05-10 21:47:19,i2401-P-610,i2401-P-610,30.5,0.0,0.0,0.0,20,30.9,31.5,30,30.5,29.4,30.9,29.4,31.0,94390.0,503
2023-05-10 21:47:21,i2401-P-610,i2401-P-610,30.5,0.0,0.0,0.0,20,30.9,31.5,40,30.5,29.4,30.9,29.4,31.0,94390.0,503
2023-05-10 21:47:21,i2401-P-610,i2401-P-610,30.5,0.0,0.0,0.0,30,30.9,31.5,30,30.5,29.4,30.9,29.4,31.0,94390.0,503
2023-05-10 21:47:22,i2401-P-610,i2401-P-610,30.5,0.0,0.0,0.0,20,30.9,31.5,40,30.5,29.4,30.9,29.4,31.0,94390.0,503
2023-05-10 21:47:47,i2401-P-610,i2401-P-610,30.5,0.0,0.0,0.0,30,30.9,31.5,40,30.5,29.4,30.9,29.4,31.0,94390.0,503
2023-05-10 21:48:03,i2401-P-610,i2401-P-610,30.5,0.0,0.0,0.0,30,30.9,31.5,30,30.5,29.4,30.9,29.4,31.0,94390.0,503
2023-05-10 21:48:03,i2401-P-610,i2401-P-610,30.5,0.0,0.0,0.0,40,30.9,31.5,30,30.5,29.4,30.9,29.4,31.0,94390.0,503
2023-05-10 21:48:04,i2401-P-610,i2401-P-610,30.5,0.0,0.0,0.0,10,31.1,31.5,10,30.5,29.4,30.9,29.4,31.0,94390.0,503
2023-05-10 21:48:09,i2401-P-610,i2401-P-610,30.5,0.0,0.0,0.0,20,31.1,31.7,30,30.5,29.4,30.9,29.4,31.0,94390.0,503
2023-05-10 21:48:14,i2401-P-610,i2401-P-610,30.5,0.0,0.0,0.0,30,31.1,31.7,30,30.5,29.4,30.9,29.4,31.0,94390.0,503
2023-05-10 21:48:14,i2401-P-610,i2401-P-610,30.5,0.0,0.0,0.0,30,31.1,31.7,20,30.5,29.4,30.9,29.4,31.0,94390.0,503
2023-05-10 21:48:15,i2401-P-610,i2401-P-610,30.5,0.0,0.0,0.0,40,31.1,31.7,20,30.5,29.4,30.9,29.4,31.0,94390.0,503
2023-05-10 21:48:17,i2401-P-610,i2401-P-610,30.5,0.0,0.0,0.0,30,31.1,31.7,30,30.5,29.4,30.9,29.4,31.0,94390.0,503
2023-05-10 21:48:22,i2401-P-610,i2401-P-610,30.5,0.0,0.0,0.0,30,31.1,31.7,20,30.5,29.4,30.9,29.4,31.0,94390.0,503
2023-05-10 21:48:22,i2401-P-610,i2401-P-610,30.5,0.0,0.0,0.0,30,31.1,31.7,30,30.5,29.4,30.9,29.4,31.0,94390.0,503
2023-05-10 21:48:23,i2401-P-610,i2401-P-610,30.5,0.0,0.0,0.0,30,31.1,31.7,20,30.5,29.4,30.9,29.4,31.0,94390.0,503
2023-05-10 21:48:24,i2401-P-610,i2401-P-610,30.5,0.0,0.0,0.0,40,31.1,31.7,20,30.5,29.4,30.9,29.4,31.0,94390.0,503
2023-05-10 21:48:28,i2401-P-610,i2401-P-610,30.5,0.0,0.0,0.0,10,31.2,31.7,20,30.5,29.4,30.9,29.4,31.0,94390.0,503
2023-05-10 21:48:30,i2401-P-610,i2401-P-610,30.5,0.0,0.0,0.0,10,31.2,31.7,10,30.5,29.4,30.9,29.4,31.0,94390.0,503
2023-05-10 21:48:30,i2401-P-610,i2401-P-610,30.5,0.0,0.0,0.0,20,31.2,31.7,20,30.5,29.4,30.9,29.4,31.0,94390.0,503
2023-05-10 21:48:33,i2401-P-610,i2401-P-610,30.5,0.0,0.0,0.0,10,31.2,31.7,20,30.5,29.4,30.9,29.4,31.0,94390.0,503
2023-05-10 21:48:33,i2401-P-610,i2401-P-610,30.5,0.0,0.0,0.0,20,31.2,31.7,20,30.5,29.4,30.9,29.4,31.0,94390.0,503
2023-05-10 21:48:36,i2401-P-610,i2401-P-610,30.5,0.0,0.0,0.0,30,31.2,31.7,20,30.5,29.4,30.9,29.4,31.0,94390.0,503
2023-05-10 21:48:41,i2401-P-610,i2401-P-610,30.5,0.0,0.0,0.0,10,31.3,31.7,20,30.5,29.4,30.9,29.4,31.0,94390.0,503
2023-05-10 21:48:42,i2401-P-610,i2401-P-610,30.5,0.0,0.0,0.0,20,31.3,31.9,20,30.5,29.4,30.9,29.4,31.0,94390.0,503
2023-05-10 21:48:42,i2401-P-610,i2401-P-610,30.5,0.0,0.0,0.0,10,31.3,31.9,30,30.5,29.4,30.9,29.4,31.0,94390.0,503
2023-05-10 21:48:43,i2401-P-610,i2401-P-610,30.5,0.0,0.0,0.0,20,31.3,31.9,10,30.5,29.4,30.9,29.4,31.0,94390.0,503
2023-05-10 21:48:45,i2401-P-610,i2401-P-610,30.5,0.0,0.0,0.0,10,31.4,32.0,4,30.5,29.4,30.9,29.4,31.0,94390.0,503
2023-05-10 21:48:46,i2401-P-610,i2401-P-610,30.5,0.0,0.0,0.0,30,31.4,32.0,4,30.5,29.4,30.9,29.4,31.0,94390.0,503
2023-05-10 21:48:46,i2401-P-610,i2401-P-610,30.5,0.0,0.0,0.0,20,31.4,32.0,4,30.5,29.4,30.9,29.4,31.0,94390.0,503
2023-05-10 21:48:46,i2401-P-610,i2401-P-610,30.5,0.0,0.0,0.0,30,31.4,32.0,4,30.5,29.4,30.9,29.4,31.0,94390.0,503
2023-05-10 21:48:47,i2401-P-610,i2401-P-610,30.5,0.0,0.0,0.0,40,31.4,32.0,4,30.5,29.4,30.9,29.4,31.0,94390.0,503
2023-05-10 21:48:49,i2401-P-610,i2401-P-610,30.5,0.0,0.0,0.0,10,31.5,32.0,4,30.5,29.4,30.9,29.4,31.0,94390.0,503
2023-05-10 21:48:50,i2401-P-610,i2401-P-610,30.5,0.0,0.0,0.0,30,31.4,32.0,14,30.5,29.4,30.9,29.4,31.0,94390.0,503
2023-05-10 21:48:51,i2401-P-610,i2401-P-610,30.5,0.0,0.0,0.0,40,31.4,32.0,14,30.5,29.4,30.9,29.4,31.0,94390.0,503
2023-05-10 21:48:51,i2401-P-610,i2401-P-610,30.5,0.0,0.0,0.0,40,31.4,32.0,4,30.5,29.4,30.9,29.4,31.0,94390.0,503
2023-05-10 21:48:53,i2401-P-610,i2401-P-610,30.5,0.0,0.0,0.0,50,31.4,32.0,4,30.5,29.4,30.9,29.4,31.0,94390.0,503
2023-05-10 21:48:59,i2401-P-610,i2401-P-610,30.5,0.0,0.0,0.0,10,31.5,32.0,4,30.5,29.4,30.9,29.4,31.0,94390.0,503
2023-05-10 21:49:00,i2401-P-610,i2401-P-610,30.5,0.0,0.0,0.0,20,31.5,32.0,4,30.5,29.4,30.9,29.4,31.0,94390.0,503
2023-05-10 21:49:01,i2401-P-610,i2401-P-610,30.5,0.0,0.0,0.0,30,31.5,32.0,4,30.5,29.4,30.9,29.4,31.0,94390.0,503
2023-05-10 21:49:01,i2401-P-610,i2401-P-610,30.5,0.0,0.0,0.0,30,31.5,32.1,20,30.5,29.4,30.9,29.4,31.0,94390.0,503
2023-05-10 21:49:02,i2401-P-610,i2401-P-610,30.5,0.0,0.0,0.0,20,31.6,32.3,30,30.5,29.4,30.9,29.4,31.0,94390.0,503
2023-05-10 21:49:02,i2401-P-610,i2401-P-610,30.5,0.0,0.0,0.0,20,31.6,32.2,10,30.5,29.4,30.9,29.4,31.0,94390.0,503
2023-05-10 21:49:03,i2401-P-610,i2401-P-610,30.5,0.0,0.0,0.0,30,31.6,32.2,10,30.5,29.4,30.9,29.4,31.0,94390.0,503
2023-05-10 21:49:03,i2401-P-610,i2401-P-610,30.5,0.0,0.0,0.0,40,31.6,32.3,30,30.5,29.4,30.9,29.4,31.0,94390.0,503
2023-05-10 21:49:04,i2401-P-610,i2401-P-610,30.5,0.0,0.0,0.0,20,31.6,32.2,20,30.5,29.4,30.9,29.4,31.0,94390.0,503
2023-05-10 21:49:05,i2401-P-610,i2401-P-610,30.5,0.0,0.0,0.0,10,31.6,32.1,10,30.5,29.4,30.9,29.4,31.0,94390.0,503
2023-05-10 21:49:06,i2401-P-610,i2401-P-610,30.5,0.0,0.0,0.0,30,31.5,32.1,10,30.5,29.4,30.9,29.4,31.0,94390.0,503
2023-05-10 21:49:06,i2401-P-610,i2401-P-610,30.5,0.0,0.0,0.0,20,31.5,32.1,10,30.5,29.4,30.9,29.4,31.0,94390.0,503
2023-05-10 21:49:07,i2401-P-610,i2401-P-610,30.5,0.0,0.0,0.0,30,31.5,32.1,20,30.5,29.4,30.9,29.4,31.0,94390.0,503
2023-05-10 21:49:12,i2401-P-610,i2401-P-610,30.5,0.0,0.0,0.0,20,31.6,32.1,20,30.5,29.4,30.9,29.4,31.0,94390.0,503
2023-05-10 21:49:18,i2401-P-610,i2401-P-610,30.5,0.0,0.0,0.0,10,31.6,32.1,10,30.5,29.4,30.9,29.4,31.0,94390.0,503
2023-05-10 21:49:19,i2401-P-610,i2401-P-610,30.5,0.0,0.0,0.0,20,31.6,32.2,30,30.5,29.4,30.9,29.4,31.0,94390.0,503
2023-05-10 21:49:20,i2401-P-610,i2401-P-610,30.5,0.0,0.0,0.0,30,31.6,32.2,20,30.5,29.4,30.9,29.4,31.0,94390.0,503
2023-05-10 21:49:20,i2401-P-610,i2401-P-610,30.5,0.0,0.0,0.0,10,31.6,32.2,30,30.5,29.4,30.9,29.4,31.0,94390.0,503
2023-05-10 21:49:20,i2401-P-610,i2401-P-610,30.5,0.0,0.0,0.0,20,31.6,32.2,20,30.5,29.4,30.9,29.4,31.0,94390.0,503
2023-05-10 21:49:50,i2401-P-610,i2401-P-610,30.5,0.0,0.0,0.0,30,31.6,32.2,20,30.5,29.4,30.9,29.4,31.0,94390.0,503
2023-05-10 21:49:55,i2401-P-610,i2401-P-610,30.5,0.0,0.0,0.0,10,31.6,32.1,10,30.5,29.4,30.9,29.4,31.0,94390.0,503
2023-05-10 21:49:56,i2401-P-610,i2401-P-610,30.5,0.0,0.0,0.0,20,31.6,32.2,10,30.5,29.4,30.9,29.4,31.0,94390.0,503
2023-05-10 21:49:59,i2401-P-610,i2401-P-610,30.5,0.0,0.0,0.0,10,31.6,32.2,30,30.5,29.4,30.9,29.4,31.0,94390.0,503
2023-05-10 21:49:59,i2401-P-610,i2401-P-610,30.5,0.0,0.0,0.0,10,31.6,32.2,20,30.5,29.4,30.9,29.4,31.0,94390.0,503
2023-05-10 21:50:01,i2401-P-610,i2401-P-610,30.5,0.0,0.0,0.0,20,31.6,32.2,30,30.5,29.4,30.9,29.4,31.0,94390.0,503
2023-05-10 21:50:07,i2401-P-610,i2401-P-610,30.5,0.0,0.0,0.0,10,31.6,32.2,30,30.5,29.4,30.9,29.4,31.0,94390.0,503
2023-05-10 21:50:08,i2401-P-610,i2401-P-610,30.5,0.0,0.0,0.0,10,31.6,32.1,10,30.5,29.4,30.9,29.4,31.0,94390.0,503
2023-05-10 21:50:09,i2401-P-610,i2401-P-610,30.5,0.0,0.0,0.0,30,31.5,32.1,10,30.5,29.4,30.9,29.4,31.0,94390.0,503
2023-05-10 21:50:10,i2401-P-610,i2401-P-610,30.5,0.0,0.0,0.0,30,31.5,32.1,20,30.5,29.4,30.9,29.4,31.0,94390.0,503
2023-05-10 21:50:11,i2401-P-610,i2401-P-610,30.5,0.0,0.0,0.0,30,31.5,32.1,10,30.5,29.4,30.9,29.4,31.0,94390.0,503
2023-05-10 21:50:11,i2401-P-610,i2401-P-610,30.5,0.0,0.0,0.0,40,31.5,32.1,20,30.5,29.4,30.9,29.4,31.0,94390.0,503
2023-05-10 21:50:17,i2401-P-610,i2401-P-610,30.5,0.0,0.0,0.0,30,31.5,32.1,14,30.5,29.4,30.9,29.4,31.0,94390.0,503
2023-05-10 21:50:17,i2401-P-610,i2401-P-610,30.5,0.0,0.0,0.0,20,31.5,32.1,24,30.5,29.4,30.9,29.4,31.0,94390.0,503
2023-05-10 21:50:18,i2401-P-610,i2401-P-610,30.5,0.0,0.0,0.0,40,31.4,32.1,34,30.5,29.4,30.9,29.4,31.0,94390.0,503
2023-05-10 21:50:18,i2401-P-610,i2401-P-610,30.5,0.0,0.0,0.0,40,31.4,32.0,10,30.5,29.4,30.9,29.4,31.0,94390.0,503
2023-05-10 21:50:18,i2401-P-610,i2401-P-610,30.5,0.0,0.0,0.0,40,31.4,32.0,20,30.5,29.4,30.9,29.4,31.0,94390.0,503
2023-05-10 21:50:19,i2401-P-610,i2401-P-610,30.5,0.0,0.0,0.0,40,31.4,31.9,10,30.5,29.4,30.9,29.4,31.0,94390.0,503
2023-05-10 21:50:20,i2401-P-610,i2401-P-610,30.5,0.0,0.0,0.0,20,31.4,31.9,30,30.5,29.4,30.9,29.4,31.0,94390.0,503
2023-05-10 21:50:21,i2401-P-610,i2401-P-610,30.5,0.0,0.0,0.0,30,31.4,31.9,30,30.5,29.4,30.9,29.4,31.0,94390.0,503
2023-05-10 21:50:22,i2401-P-610,i2401-P-610,30.5,0.0,0.0,0.0,20,31.4,31.9,30,30.5,29.4,30.9,29.4,31.0,94390.0,503
2023-05-10 21:50:26,i2401-P-610,i2401-P-610,30.5,0.0,0.0,0.0,20,31.3,31.9,30,30.5,29.4,30.9,29.4,31.0,94390.0,503
2023-05-10 21:50:27,i2401-P-610,i2401-P-610,30.5,0.0,0.0,0.0,54,31.2,31.8,30,30.5,29.4,30.9,29.4,31.0,94390.0,503
2023-05-10 21:50:27,i2401-P-610,i2401-P-610,30.5,0.0,0.0,0.0,44,31.2,31.8,30,30.5,29.4,30.9,29.4,31.0,94390.0,503
2023-05-10 21:50:31,i2401-P-610,i2401-P-610,30.5,0.0,0.0,0.0,54,31.2,31.8,20,30.5,29.4,30.9,29.4,31.0,94390.0,503
2023-05-10 21:50:31,i2401-P-610,i2401-P-610,30.5,0.0,0.0,0.0,44,31.2,31.8,30,30.5,29.4,30.9,29.4,31.0,94390.0,503
2023-05-10 21:50:34,i2401-P-610,i2401-P-610,30.5,0.0,0.0,0.0,54,31.2,31.8,20,30.5,29.4,30.9,29.4,31.0,94390.0,503
2023-05-10 21:50:36,i2401-P-610,i2401-P-610,30.5,0.0,0.0,0.0,44,31.2,31.8,10,30.5,29.4,30.9,29.4,31.0,94390.0,503
2023-05-10 21:50:38,i2401-P-610,i2401-P-610,30.5,0.0,0.0,0.0,54,31.2,31.8,20,30.5,29.4,30.9,29.4,31.0,94390.0,503
2023-05-10 21:50:39,i2401-P-610,i2401-P-610,30.5,0.0,0.0,0.0,44,31.2,31.8,20,30.5,29.4,30.9,29.4,31.0,94390.0,503
2023-05-10 21:50:40,i2401-P-610,i2401-P-610,30.5,0.0,0.0,0.0,44,31.2,31.8,30,30.5,29.4,30.9,29.4,31.0,94390.0,503
2023-05-10 21:50:45,i2401-P-610,i2401-P-610,30.5,0.0,0.0,0.0,44,31.2,31.8,20,30.5,29.4,30.9,29.4,31.0,94390.0,503
2023-05-10 21:50:46,i2401-P-610,i2401-P-610,30.5,0.0,0.0,0.0,44,31.2,31.8,30,30.5,29.4,30.9,29.4,31.0,94390.0,503
2023-05-10 21:50:49,i2401-P-610,i2401-P-610,30.5,0.0,0.0,0.0,44,31.2,31.8,20,30.5,29.4,30.9,29.4,31.0,94390.0,503
2023-05-10 21:50:50,i2401-P-610,i2401-P-610,30.5,0.0,0.0,0.0,54,31.2,31.8,20,30.5,29.4,30.9,29.4,31.0,94390.0,503
2023-05-10 21:51:05,i2401-P-610,i2401-P-610,30.5,0.0,0.0,0.0,54,31.2,31.8,10,30.5,29.4,30.9,29.4,31.0,94390.0,503
2023-05-10 21:51:05,i2401-P-610,i2401-P-610,30.5,0.0,0.0,0.0,10,31.4,31.8,10,30.5,29.4,30.9,29.4,31.0,94390.0,503
2023-05-10 21:51:08,i2401-P-610,i2401-P-610,30.5,0.0,0.0,0.0,40,31.4,31.9,10,30.5,29.4,30.9,29.4,31.0,94390.0,503
2023-05-10 21:51:08,i2401-P-610,i2401-P-610,30.5,0.0,0.0,0.0,30,31.4,32.0,10,30.5,29.4,30.9,29.4,31.0,94390.0,503
2023-05-10 21:51:09,i2401-P-610,i2401-P-610,30.5,0.0,0.0,0.0,20,31.4,32.0,10,30.5,29.4,30.9,29.4,31.0,94390.0,503
2023-05-10 21:51:09,i2401-P-610,i2401-P-610,30.5,0.0,0.0,0.0,20,31.4,32.0,20,30.5,29.4,30.9,29.4,31.0,94390.0,503
2023-05-10 21:51:10,i2401-P-610,i2401-P-610,30.5,0.0,0.0,0.0,20,31.4,32.0,30,30.5,29.4,30.9,29.4,31.0,94390.0,503
2023-05-10 21:51:11,i2401-P-610,i2401-P-610,30.5,0.0,0.0,0.0,30,31.4,32.0,30,30.5,29.4,30.9,29.4,31.0,94390.0,503
2023-05-10 21:51:17,i2401-P-610,i2401-P-610,30.5,0.0,0.0,0.0,40,31.4,32.0,30,30.5,29.4,30.9,29.4,31.0,94390.0,503
2023-05-10 21:51:19,i2401-P-610,i2401-P-610,30.5,0.0,0.0,0.0,30,31.4,32.0,30,30.5,29.4,30.9,29.4,31.0,94390.0,503
2023-05-10 21:51:21,i2401-P-610,i2401-P-610,30.5,0.0,0.0,0.0,30,31.4,32.0,20,30.5,29.4,30.9,29.4,31.0,94390.0,503
2023-05-10 21:51:23,i2401-P-610,i2401-P-610,30.5,0.0,0.0,0.0,30,31.4,32.0,30,30.5,29.4,30.9,29.4,31.0,94390.0,503
2023-05-10 21:51:29,i2401-P-610,i2401-P-610,30.5,0.0,0.0,0.0,20,31.4,31.9,10,30.5,29.4,30.9,29.4,31.0,94390.0,503
2023-05-10 21:51:29,i2401-P-610,i2401-P-610,30.5,0.0,0.0,0.0,20,31.4,31.9,30,30.5,29.4,30.9,29.4,31.0,94390.0,503
2023-05-10 21:51:30,i2401-P-610,i2401-P-610,30.5,0.0,0.0,0.0,10,31.4,31.9,30,30.5,29.4,30.9,29.4,31.0,94390.0,503
2023-05-10 21:51:33,i2401-P-610,i2401-P-610,30.5,0.0,0.0,0.0,10,31.4,31.9,40,30.5,29.4,30.9,29.4,31.0,94390.0,503
2023-05-10 21:51:34,i2401-P-610,i2401-P-610,30.5,0.0,0.0,0.0,10,31.4,31.9,20,30.5,29.4,30.9,29.4,31.0,94390.0,503
2023-05-10 21:51:36,i2401-P-610,i2401-P-610,30.5,0.0,0.0,0.0,10,31.4,31.9,30,30.5,29.4,30.9,29.4,31.0,94390.0,503
2023-05-10 21:51:37,i2401-P-610,i2401-P-610,30.5,0.0,0.0,0.0,10,31.4,31.9,20,30.5,29.4,30.9,29.4,31.0,94390.0,503
2023-05-10 21:51:38,i2401-P-610,i2401-P-610,30.5,0.0,0.0,0.0,10,31.4,31.9,30,30.5,29.4,30.9,29.4,31.0,94390.0,503
2023-05-10 21:51:40,i2401-P-610,i2401-P-610,30.5,0.0,0.0,0.0,10,31.4,31.9,40,30.5,29.4,30.9,29.4,31.0,94390.0,503
2023-05-10 21:51:41,i2401-P-610,i2401-P-610,30.5,0.0,0.0,0.0,10,31.4,31.9,30,30.5,29.4,30.9,29.4,31.0,94390.0,503
2023-05-10 21:51:42,i2401-P-610,i2401-P-610,30.5,0.0,0.0,0.0,30,31.4,31.9,30,30.5,29.4,30.9,29.4,31.0,94390.0,503
2023-05-10 21:51:42,i2401-P-610,i2401-P-610,30.5,0.0,0.0,0.0,20,31.4,31.9,30,30.5,29.4,30.9,29.4,31.0,94390.0,503
2023-05-10 21:51:43,i2401-P-610,i2401-P-610,30.5,0.0,0.0,0.0,10,31.4,31.9,30,30.5,29.4,30.9,29.4,31.0,94390.0,503
2023-05-10 21:51:43,i2401-P-610,i2401-P-610,30.5,0.0,0.0,0.0,20,31.4,31.9,30,30.5,29.4,30.9,29.4,31.0,94390.0,503
2023-05-10 21:51:44,i2401-P-610,i2401-P-610,30.5,0.0,0.0,0.0,30,31.4,31.9,30,30.5,29.4,30.9,29.4,31.0,94390.0,503
2023-05-10 21:51:44,i2401-P-610,i2401-P-610,30.5,0.0,0.0,0.0,20,31.4,31.9,30,30.5,29.4,30.9,29.4,31.0,94390.0,503
2023-05-10 21:51:45,i2401-P-610,i2401-P-610,30.5,0.0,0.0,0.0,20,31.4,31.9,20,30.5,29.4,30.9,29.4,31.0,94390.0,503
2023-05-10 21:51:45,i2401-P-610,i2401-P-610,30.5,0.0,0.0,0.0,40,31.4,31.9,20,30.5,29.4,30.9,29.4,31.0,94390.0,503
2023-05-10 21:51:47,i2401-P-610,i2401-P-610,30.5,0.0,0.0,0.0,10,31.5,31.9,10,30.5,29.4,30.9,29.4,31.0,94390.0,503
2023-05-10 21:51:47,i2401-P-610,i2401-P-610,30.5,0.0,0.0,0.0,20,31.5,31.9,10,30.5,29.4,30.9,29.4,31.0,94390.0,503
2023-05-10 21:51:48,i2401-P-610,i2401-P-610,30.5,0.0,0.0,0.0,10,31.5,31.9,10,30.5,29.4,30.9,29.4,31.0,94390.0,503
2023-05-10 21:51:50,i2401-P-610,i2401-P-610,30.5,0.0,0.0,0.0,20,31.5,31.9,10,30.5,29.4,30.9,29.4,31.0,94390.0,503
2023-05-10 21:51:50,i2401-P-610,i2401-P-610,30.5,0.0,0.0,0.0,20,31.5,32.0,20,30.5,29.4,30.9,29.4,31.0,94390.0,503
2023-05-10 21:51:51,i2401-P-610,i2401-P-610,30.5,0.0,0.0,0.0,20,31.5,32.0,10,30.5,29.4,30.9,29.4,31.0,94390.0,503
2023-05-10 21:51:52,i2401-P-610,i2401-P-610,30.5,0.0,0.0,0.0,30,31.5,32.0,10,30.5,29.4,30.9,29.4,31.0,94390.0,503
2023-05-10 21:51:52,i2401-P-610,i2401-P-610,30.5,0.0,0.0,0.0,10,31.6,32.0,10,30.5,29.4,30.9,29.4,31.0,94390.0,503
2023-05-10 21:51:53,i2401-P-610,i2401-P-610,30.5,0.0,0.0,0.0,10,31.6,32.1,24,30.5,29.4,30.9,29.4,31.0,94390.0,503
2023-05-10 21:51:54,i2401-P-610,i2401-P-610,30.5,0.0,0.0,0.0,20,31.6,32.1,24,30.5,29.4,30.9,29.4,31.0,94390.0,503
2023-05-10 21:51:54,i2401-P-610,i2401-P-610,30.5,0.0,0.0,0.0,30,31.6,32.1,34,30.5,29.4,30.9,29.4,31.0,94390.0,503
2023-05-10 21:51:59,i2401-P-610,i2401-P-610,30.5,0.0,0.0,0.0,10,31.7,32.1,34,30.5,29.4,30.9,29.4,31.0,94390.0,503
2023-05-10 21:52:00,i2401-P-610,i2401-P-610,30.5,0.0,0.0,0.0,10,31.8,32.1,10,30.5,29.4,30.9,29.4,31.0,94390.0,503
2023-05-10 21:52:00,i2401-P-610,i2401-P-610,30.5,0.0,0.0,0.0,20,31.8,32.1,10,30.5,29.4,30.9,29.4,31.0,94390.0,503
2023-05-10 21:52:01,i2401-P-610,i2401-P-610,30.5,0.0,0.0,0.0,30,31.8,32.3,10,30.5,29.4,30.9,29.4,31.0,94390.0,503
2023-05-10 21:52:01,i2401-P-610,i2401-P-610,30.5,0.0,0.0,0.0,20,31.8,32.3,10,30.5,29.4,30.9,29.4,31.0,94390.0,503
2023-05-10 21:52:02,i2401-P-610,i2401-P-610,30.5,0.0,0.0,0.0,30,31.8,32.5,50,30.5,29.4,30.9,29.4,31.0,94390.0,503
2023-05-10 21:52:03,i2401-P-610,i2401-P-610,30.5,0.0,0.0,0.0,10,31.9,32.4,10,30.5,29.4,30.9,29.4,31.0,94390.0,503
2023-05-10 21:52:04,i2401-P-610,i2401-P-610,30.5,0.0,0.0,0.0,20,31.9,32.5,50,30.5,29.4,30.9,29.4,31.0,94390.0,503
2023-05-10 21:52:05,i2401-P-610,i2401-P-610,30.5,0.0,0.0,0.0,10,31.9,32.5,50,30.5,29.4,30.9,29.4,31.0,94390.0,503
2023-05-10 21:52:05,i2401-P-610,i2401-P-610,30.5,0.0,0.0,0.0,10,31.9,32.4,10,30.5,29.4,30.9,29.4,31.0,94390.0,503
2023-05-10 21:52:05,i2401-P-610,i2401-P-610,30.5,0.0,0.0,0.0,10,31.9,32.4,20,30.5,29.4,30.9,29.4,31.0,94390.0,503
2023-05-10 21:52:10,i2401-P-610,i2401-P-610,30.5,0.0,0.0,0.0,20,31.9,32.4,20,30.5,29.4,30.9,29.4,31.0,94390.0,503
2023-05-10 21:52:11,i2401-P-610,i2401-P-610,30.5,0.0,0.0,0.0,10,31.9,32.4,20,30.5,29.4,30.9,29.4,31.0,94390.0,503
2023-05-10 21:52:11,i2401-P-610,i2401-P-610,30.5,0.0,0.0,0.0,10,31.9,32.4,10,30.5,29.4,30.9,29.4,31.0,94390.0,503
2023-05-10 21:52:12,i2401-P-610,i2401-P-610,30.5,0.0,0.0,0.0,20,31.9,32.4,10,30.5,29.4,30.9,29.4,31.0,94390.0,503
2023-05-10 21:52:13,i2401-P-610,i2401-P-610,30.5,0.0,0.0,0.0,10,31.9,32.4,10,30.5,29.4,30.9,29.4,31.0,94390.0,503
2023-05-10 21:52:13,i2401-P-610,i2401-P-610,30.5,0.0,0.0,0.0,10,31.9,32.4,20,30.5,29.4,30.9,29.4,31.0,94390.0,503
2023-05-10 21:52:16,i2401-P-610,i2401-P-610,30.5,0.0,0.0,0.0,20,31.9,32.4,20,30.5,29.4,30.9,29.4,31.0,94390.0,503
2023-05-10 21:52:17,i2401-P-610,i2401-P-610,30.5,0.0,0.0,0.0,10,31.9,32.4,20,30.5,29.4,30.9,29.4,31.0,94390.0,503
2023-05-10 21:52:23,i2401-P-610,i2401-P-610,30.5,0.0,0.0,0.0,10,31.8,32.4,20,30.5,29.4,30.9,29.4,31.0,94390.0,503
2023-05-10 21:52:23,i2401-P-610,i2401-P-610,30.5,0.0,0.0,0.0,10,31.8,32.2,10,30.5,29.4,30.9,29.4,31.0,94390.0,503
2023-05-10 21:52:24,i2401-P-610,i2401-P-610,30.5,0.0,0.0,0.0,10,31.8,32.3,20,30.5,29.4,30.9,29.4,31.0,94390.0,503
2023-05-10 21:52:33,i2401-P-610,i2401-P-610,30.5,0.0,0.0,0.0,20,31.6,32.3,30,30.5,29.4,30.9,29.4,31.0,94390.0,503
2023-05-10 21:52:33,i2401-P-610,i2401-P-610,30.5,0.0,0.0,0.0,10,31.6,32.2,10,30.5,29.4,30.9,29.4,31.0,94390.0,503
2023-05-10 21:52:35,i2401-P-610,i2401-P-610,30.5,0.0,0.0,0.0,10,31.6,32.1,20,30.5,29.4,30.9,29.4,31.0,94390.0,503
2023-05-10 21:52:37,i2401-P-610,i2401-P-610,30.5,0.0,0.0,0.0,10,31.6,32.2,20,30.5,29.4,30.9,29.4,31.0,94390.0,503
2023-05-10 21:52:38,i2401-P-610,i2401-P-610,30.5,0.0,0.0,0.0,20,31.6,32.2,20,30.5,29.4,30.9,29.4,31.0,94390.0,503
2023-05-10 21:52:43,i2401-P-610,i2401-P-610,30.5,0.0,0.0,0.0,30,31.6,32.2,10,30.5,29.4,30.9,29.4,31.0,94390.0,503
2023-05-10 21:52:43,i2401-P-610,i2401-P-610,30.5,0.0,0.0,0.0,40,31.6,32.2,10,30.5,29.4,30.9,29.4,31.0,94390.0,503
2023-05-10 21:52:45,i2401-P-610,i2401-P-610,30.5,0.0,0.0,0.0,10,31.7,32.2,10,30.5,29.4,30.9,29.4,31.0,94390.0,503
2023-05-10 21:52:45,i2401-P-610,i2401-P-610,30.5,0.0,0.0,0.0,20,31.7,32.2,10,30.5,29.4,30.9,29.4,31.0,94390.0,503
2023-05-10 21:52:47,i2401-P-610,i2401-P-610,30.5,0.0,0.0,0.0,10,31.7,32.2,10,30.5,29.4,30.9,29.4,31.0,94390.0,503
2023-05-10 21:52:52,i2401-P-610,i2401-P-610,30.5,0.0,0.0,0.0,20,31.7,32.3,34,30.5,29.4,30.9,29.4,31.0,94390.0,503
2023-05-10 21:52:54,i2401-P-610,i2401-P-610,30.5,0.0,0.0,0.0,10,31.7,32.2,10,30.5,29.4,30.9,29.4,31.0,94390.0,503
2023-05-10 21:52:54,i2401-P-610,i2401-P-610,30.5,0.0,0.0,0.0,10,31.7,32.3,24,30.5,29.4,30.9,29.4,31.0,94390.0,503
2023-05-10 21:52:55,i2401-P-610,i2401-P-610,30.5,0.0,0.0,0.0,10,31.7,32.2,20,30.5,29.4,30.9,29.4,31.0,94390.0,503
2023-05-10 21:52:55,i2401-P-610,i2401-P-610,30.5,0.0,0.0,0.0,10,31.7,32.2,10,30.5,29.4,30.9,29.4,31.0,94390.0,503
2023-05-10 21:52:56,i2401-P-610,i2401-P-610,30.5,0.0,0.0,0.0,10,31.7,32.3,34,30.5,29.4,30.9,29.4,31.0,94390.0,503
2023-05-10 21:52:56,i2401-P-610,i2401-P-610,30.5,0.0,0.0,0.0,20,31.6,32.3,44,30.5,29.4,30.9,29.4,31.0,94390.0,503
2023-05-10 21:52:57,i2401-P-610,i2401-P-610,30.5,0.0,0.0,0.0,20,31.6,32.2,10,30.5,29.4,30.9,29.4,31.0,94390.0,503
2023-05-10 21:52:58,i2401-P-610,i2401-P-610,30.5,0.0,0.0,0.0,20,31.6,32.1,10,30.5,29.4,30.9,29.4,31.0,94390.0,503
2023-05-10 21:52:59,i2401-P-610,i2401-P-610,30.5,0.0,0.0,0.0,10,31.6,32.1,20,30.5,29.4,30.9,29.4,31.0,94390.0,503
2023-05-10 21:53:00,i2401-P-610,i2401-P-610,30.5,0.0,0.0,0.0,74,31.5,32.1,20,30.5,29.4,30.9,29.4,31.0,94390.0,503
2023-05-10 21:53:00,i2401-P-610,i2401-P-610,30.5,0.0,0.0,0.0,64,31.5,32.1,20,30.5,29.4,30.9,29.4,31.0,94390.0,503
2023-05-10 21:53:04,i2401-P-610,i2401-P-610,30.5,0.0,0.0,0.0,64,31.5,32.1,10,30.5,29.4,30.9,29.4,31.0,94390.0,503
2023-05-10 21:53:05,i2401-P-610,i2401-P-610,30.5,0.0,0.0,0.0,64,31.5,32.1,20,30.5,29.4,30.9,29.4,31.0,94390.0,503
2023-05-10 21:53:09,i2401-P-610,i2401-P-610,30.5,0.0,0.0,0.0,14,31.5,32.1,10,30.5,29.4,30.9,29.4,31.0,94390.0,503
2023-05-10 21:53:10,i2401-P-610,i2401-P-610,30.5,0.0,0.0,0.0,30,31.4,32.1,30,30.5,29.4,30.9,29.4,31.0,94390.0,503
2023-05-10 21:53:11,i2401-P-610,i2401-P-610,30.5,0.0,0.0,0.0,20,31.4,32.0,20,30.5,29.4,30.9,29.4,31.0,94390.0,503
2023-05-10 21:53:16,i2401-P-610,i2401-P-610,30.5,0.0,0.0,0.0,30,31.4,32.0,10,30.5,29.4,30.9,29.4,31.0,94390.0,503
2023-05-10 21:53:16,i2401-P-610,i2401-P-610,30.5,0.0,0.0,0.0,20,31.4,32.0,20,30.5,29.4,30.9,29.4,31.0,94390.0,503
2023-05-10 21:53:17,i2401-P-610,i2401-P-610,30.5,0.0,0.0,0.0,20,31.4,32.0,10,30.5,29.4,30.9,29.4,31.0,94390.0,503
