time,symbol_id,symbol_name,last,trade_volume,trade_amount,open_interest_change,bv1,bp1,ap1,av1,yesterday_close,today_open,today_high,today_low,volume,amount,open_interest
2023-05-10 20:56:29,i2404-P-560,i2404-P-560,25.4,0.0,0.0,0.0,3,3.0,0.0,0,25.4,0.0,0.0,0.0,0.0,0.0,55
2023-05-10 21:01:05,i2404-P-560,i2404-P-560,25.4,0.0,0.0,0.0,1,4.0,0.0,0,25.4,0.0,0.0,0.0,0.0,0.0,55
2023-05-10 21:01:31,i2404-P-560,i2404-P-560,25.4,0.0,0.0,0.0,1,4.1,0.0,0,25.4,0.0,0.0,0.0,0.0,0.0,55
2023-05-10 21:04:03,i2404-P-560,i2404-P-560,25.4,0.0,0.0,0.0,1,4.2,0.0,0,25.4,0.0,0.0,0.0,0.0,0.0,55
2023-05-10 21:31:31,i2404-P-560,i2404-P-560,25.4,0.0,0.0,0.0,1,4.3,0.0,0,25.4,0.0,0.0,0.0,0.0,0.0,55
2023-05-10 21:31:35,i2404-P-560,i2404-P-560,25.4,0.0,0.0,0.0,1,4.4,0.0,0,25.4,0.0,0.0,0.0,0.0,0.0,55
2023-05-10 21:47:17,i2404-P-560,i2404-P-560,25.4,0.0,0.0,0.0,1,25.6,29.6,1,25.4,0.0,0.0,0.0,0.0,0.0,55
2023-05-10 21:47:18,i2404-P-560,i2404-P-560,25.4,0.0,0.0,0.0,2,25.6,29.6,2,25.4,0.0,0.0,0.0,0.0,0.0,55
2023-05-10 21:47:22,i2404-P-560,i2404-P-560,25.4,0.0,0.0,0.0,2,25.6,28.6,1,25.4,0.0,0.0,0.0,0.0,0.0,55
2023-05-10 21:47:29,i2404-P-560,i2404-P-560,25.4,0.0,0.0,0.0,1,25.6,28.6,1,25.4,0.0,0.0,0.0,0.0,0.0,55
2023-05-10 21:47:30,i2404-P-560,i2404-P-560,25.4,0.0,0.0,0.0,1,25.2,28.6,1,25.4,0.0,0.0,0.0,0.0,0.0,55
2023-05-10 21:47:33,i2404-P-560,i2404-P-560,25.4,0.0,0.0,0.0,1,25.2,29.0,1,25.4,0.0,0.0,0.0,0.0,0.0,55
2023-05-10 21:47:34,i2404-P-560,i2404-P-560,25.4,0.0,0.0,0.0,1,4.3,0.0,0,25.4,0.0,0.0,0.0,0.0,0.0,55
2023-05-10 21:47:34,i2404-P-560,i2404-P-560,25.4,0.0,0.0,0.0,1,4.4,0.0,0,25.4,0.0,0.0,0.0,0.0,0.0,55
2023-05-10 21:47:35,i2404-P-560,i2404-P-560,25.4,0.0,0.0,0.0,1,24.3,28.3,1,25.4,0.0,0.0,0.0,0.0,0.0,55
2023-05-10 21:47:47,i2404-P-560,i2404-P-560,25.4,0.0,0.0,0.0,1,4.3,0.0,0,25.4,0.0,0.0,0.0,0.0,0.0,55
2023-05-10 21:47:48,i2404-P-560,i2404-P-560,25.4,0.0,0.0,0.0,1,4.4,0.0,0,25.4,0.0,0.0,0.0,0.0,0.0,55
2023-05-10 22:01:31,i2404-P-560,i2404-P-560,25.4,0.0,0.0,0.0,1,4.5,0.0,0,25.4,0.0,0.0,0.0,0.0,0.0,55
2023-05-10 22:01:33,i2404-P-560,i2404-P-560,25.4,0.0,0.0,0.0,1,4.6,0.0,0,25.4,0.0,0.0,0.0,0.0,0.0,55
2023-05-10 22:49:52,i2404-P-560,i2404-P-560,25.4,0.0,0.0,0.0,1,4.7,0.0,0,25.4,0.0,0.0,0.0,0.0,0.0,55
2023-05-10 22:49:55,i2404-P-560,i2404-P-560,25.4,0.0,0.0,0.0,1,4.8,0.0,0,25.4,0.0,0.0,0.0,0.0,0.0,55
2023-05-10 22:57:34,i2404-P-560,i2404-P-560,25.4,0.0,0.0,0.0,1,4.7,0.0,0,25.4,0.0,0.0,0.0,0.0,0.0,55
2023-05-11 09:00:00,i2404-P-560,i2404-P-560,25.4,0.0,0.0,0.0,1,4.7,30.0,1,25.4,0.0,0.0,0.0,0.0,0.0,55
2023-05-11 09:00:04,i2404-P-560,i2404-P-560,25.4,0.0,0.0,0.0,3,3.0,30.0,1,25.4,0.0,0.0,0.0,0.0,0.0,55
2023-05-11 09:01:10,i2404-P-560,i2404-P-560,25.4,0.0,0.0,0.0,1,5.6,30.0,1,25.4,0.0,0.0,0.0,0.0,0.0,55
2023-05-11 09:01:55,i2404-P-560,i2404-P-560,25.4,0.0,0.0,0.0,1,5.7,30.0,1,25.4,0.0,0.0,0.0,0.0,0.0,55
2023-05-11 09:02:07,i2404-P-560,i2404-P-560,25.4,0.0,0.0,0.0,1,5.8,30.0,1,25.4,0.0,0.0,0.0,0.0,0.0,55
2023-05-11 09:52:47,i2404-P-560,i2404-P-560,25.4,0.0,0.0,0.0,1,5.9,30.0,1,25.4,0.0,0.0,0.0,0.0,0.0,55
2023-05-11 09:52:50,i2404-P-560,i2404-P-560,25.4,0.0,0.0,0.0,1,6.0,30.0,1,25.4,0.0,0.0,0.0,0.0,0.0,55
2023-05-11 10:12:34,i2404-P-560,i2404-P-560,25.4,0.0,0.0,0.0,1,5.9,30.0,1,25.4,0.0,0.0,0.0,0.0,0.0,55
2023-05-11 10:30:51,i2404-P-560,i2404-P-560,25.4,0.0,0.0,0.0,1,6.0,30.0,1,25.4,0.0,0.0,0.0,0.0,0.0,55
2023-05-11 10:56:02,i2404-P-560,i2404-P-560,25.4,0.0,0.0,0.0,1,6.1,30.0,1,25.4,0.0,0.0,0.0,0.0,0.0,55
2023-05-11 10:56:07,i2404-P-560,i2404-P-560,25.4,0.0,0.0,0.0,1,6.2,30.0,1,25.4,0.0,0.0,0.0,0.0,0.0,55
2023-05-11 11:26:21,i2404-P-560,i2404-P-560,25.4,0.0,0.0,0.0,1,6.3,30.0,1,25.4,0.0,0.0,0.0,0.0,0.0,55
2023-05-11 11:26:25,i2404-P-560,i2404-P-560,25.4,0.0,0.0,0.0,1,6.4,30.0,1,25.4,0.0,0.0,0.0,0.0,0.0,55
2023-05-11 11:27:29,i2404-P-560,i2404-P-560,25.4,0.0,0.0,0.0,1,6.3,30.0,1,25.4,0.0,0.0,0.0,0.0,0.0,55
2023-05-11 11:29:29,i2404-P-560,i2404-P-560,25.4,0.0,0.0,0.0,1,5.6,30.0,1,25.4,0.0,0.0,0.0,0.0,0.0,55
2023-05-11 13:31:01,i2404-P-560,i2404-P-560,25.4,0.0,0.0,0.0,1,5.7,30.0,1,25.4,0.0,0.0,0.0,0.0,0.0,55
2023-05-11 13:31:32,i2404-P-560,i2404-P-560,25.4,0.0,0.0,0.0,1,5.8,30.0,1,25.4,0.0,0.0,0.0,0.0,0.0,55
2023-05-11 14:12:53,i2404-P-560,i2404-P-560,25.4,0.0,0.0,0.0,1,5.9,30.0,1,25.4,0.0,0.0,0.0,0.0,0.0,55
2023-05-11 14:12:56,i2404-P-560,i2404-P-560,25.4,0.0,0.0,0.0,1,6.0,30.0,1,25.4,0.0,0.0,0.0,0.0,0.0,55
2023-05-11 14:33:16,i2404-P-560,i2404-P-560,25.4,0.0,0.0,0.0,1,6.0,29.0,1,25.4,0.0,0.0,0.0,0.0,0.0,55
2023-05-11 14:42:23,i2404-P-560,i2404-P-560,25.4,0.0,0.0,0.0,4,26.0,29.0,1,25.4,0.0,0.0,0.0,0.0,0.0,55
2023-05-11 14:56:54,i2404-P-560,i2404-P-560,25.4,0.0,0.0,0.0,4,26.0,30.0,1,25.4,0.0,0.0,0.0,0.0,0.0,55
2023-05-11 15:01:10,i2404-P-560,i2404-P-560,25.4,0.0,0.0,0.0,4,26.0,30.0,1,25.4,0.0,0.0,0.0,0.0,0.0,55
