time,symbol_id,symbol_name,last,trade_volume,trade_amount,open_interest_change,bv1,bp1,ap1,av1,yesterday_close,today_open,today_high,today_low,volume,amount,open_interest
2023-05-10 20:56:00,i2404-C-820,i2404-C-820,22.4,0.0,0.0,0.0,1,0.1,0.0,0,22.4,0.0,0.0,0.0,0.0,0.0,37
2023-05-10 21:00:05,i2404-C-820,i2404-C-820,22.4,0.0,0.0,0.0,10,0.2,0.0,0,22.4,0.0,0.0,0.0,0.0,0.0,37
2023-05-10 21:00:12,i2404-C-820,i2404-C-820,22.4,0.0,0.0,0.0,1,1.2,0.0,0,22.4,0.0,0.0,0.0,0.0,0.0,37
2023-05-10 21:00:12,i2404-C-820,i2404-C-820,22.4,0.0,0.0,0.0,10,1.3,0.0,0,22.4,0.0,0.0,0.0,0.0,0.0,37
2023-05-10 21:04:01,i2404-C-820,i2404-C-820,22.4,0.0,0.0,0.0,1,1.4,0.0,0,22.4,0.0,0.0,0.0,0.0,0.0,37
2023-05-10 21:04:01,i2404-C-820,i2404-C-820,22.4,0.0,0.0,0.0,10,1.5,0.0,0,22.4,0.0,0.0,0.0,0.0,0.0,37
2023-05-10 21:04:39,i2404-C-820,i2404-C-820,22.4,0.0,0.0,0.0,1,1.6,0.0,0,22.4,0.0,0.0,0.0,0.0,0.0,37
2023-05-10 21:04:39,i2404-C-820,i2404-C-820,22.4,0.0,0.0,0.0,10,1.7,0.0,0,22.4,0.0,0.0,0.0,0.0,0.0,37
2023-05-10 21:04:43,i2404-C-820,i2404-C-820,22.4,0.0,0.0,0.0,1,1.8,0.0,0,22.4,0.0,0.0,0.0,0.0,0.0,37
2023-05-10 21:04:43,i2404-C-820,i2404-C-820,22.4,0.0,0.0,0.0,10,1.9,0.0,0,22.4,0.0,0.0,0.0,0.0,0.0,37
2023-05-10 21:05:10,i2404-C-820,i2404-C-820,22.4,0.0,0.0,0.0,1,2.0,0.0,0,22.4,0.0,0.0,0.0,0.0,0.0,37
2023-05-10 21:05:10,i2404-C-820,i2404-C-820,22.4,0.0,0.0,0.0,10,2.1,0.0,0,22.4,0.0,0.0,0.0,0.0,0.0,37
2023-05-10 21:06:00,i2404-C-820,i2404-C-820,22.4,0.0,0.0,0.0,1,2.2,0.0,0,22.4,0.0,0.0,0.0,0.0,0.0,37
2023-05-10 21:06:00,i2404-C-820,i2404-C-820,22.4,0.0,0.0,0.0,10,2.3,0.0,0,22.4,0.0,0.0,0.0,0.0,0.0,37
2023-05-10 21:06:03,i2404-C-820,i2404-C-820,22.4,0.0,0.0,0.0,1,2.4,0.0,0,22.4,0.0,0.0,0.0,0.0,0.0,37
2023-05-10 21:06:03,i2404-C-820,i2404-C-820,22.4,0.0,0.0,0.0,10,2.5,0.0,0,22.4,0.0,0.0,0.0,0.0,0.0,37
2023-05-10 21:06:05,i2404-C-820,i2404-C-820,22.4,0.0,0.0,0.0,1,2.6,0.0,0,22.4,0.0,0.0,0.0,0.0,0.0,37
2023-05-10 21:06:05,i2404-C-820,i2404-C-820,22.4,0.0,0.0,0.0,10,2.7,0.0,0,22.4,0.0,0.0,0.0,0.0,0.0,37
2023-05-10 21:06:06,i2404-C-820,i2404-C-820,22.4,0.0,0.0,0.0,1,2.8,0.0,0,22.4,0.0,0.0,0.0,0.0,0.0,37
2023-05-10 21:06:06,i2404-C-820,i2404-C-820,22.4,0.0,0.0,0.0,10,2.9,0.0,0,22.4,0.0,0.0,0.0,0.0,0.0,37
2023-05-10 21:06:08,i2404-C-820,i2404-C-820,22.4,0.0,0.0,0.0,1,3.0,0.0,0,22.4,0.0,0.0,0.0,0.0,0.0,37
2023-05-10 21:06:08,i2404-C-820,i2404-C-820,22.4,0.0,0.0,0.0,10,3.1,0.0,0,22.4,0.0,0.0,0.0,0.0,0.0,37
2023-05-10 21:06:10,i2404-C-820,i2404-C-820,22.4,0.0,0.0,0.0,1,3.2,0.0,0,22.4,0.0,0.0,0.0,0.0,0.0,37
2023-05-10 21:06:10,i2404-C-820,i2404-C-820,22.4,0.0,0.0,0.0,10,3.3,0.0,0,22.4,0.0,0.0,0.0,0.0,0.0,37
2023-05-10 21:06:11,i2404-C-820,i2404-C-820,22.4,0.0,0.0,0.0,1,3.4,0.0,0,22.4,0.0,0.0,0.0,0.0,0.0,37
2023-05-10 21:06:11,i2404-C-820,i2404-C-820,22.4,0.0,0.0,0.0,10,3.5,0.0,0,22.4,0.0,0.0,0.0,0.0,0.0,37
2023-05-10 21:06:13,i2404-C-820,i2404-C-820,22.4,0.0,0.0,0.0,1,3.6,0.0,0,22.4,0.0,0.0,0.0,0.0,0.0,37
2023-05-10 21:06:13,i2404-C-820,i2404-C-820,22.4,0.0,0.0,0.0,10,3.7,0.0,0,22.4,0.0,0.0,0.0,0.0,0.0,37
2023-05-10 21:06:14,i2404-C-820,i2404-C-820,22.4,0.0,0.0,0.0,1,3.8,0.0,0,22.4,0.0,0.0,0.0,0.0,0.0,37
2023-05-10 21:06:14,i2404-C-820,i2404-C-820,22.4,0.0,0.0,0.0,10,3.9,0.0,0,22.4,0.0,0.0,0.0,0.0,0.0,37
2023-05-10 21:06:15,i2404-C-820,i2404-C-820,22.4,0.0,0.0,0.0,1,4.0,0.0,0,22.4,0.0,0.0,0.0,0.0,0.0,37
2023-05-10 21:06:15,i2404-C-820,i2404-C-820,22.4,0.0,0.0,0.0,10,4.1,0.0,0,22.4,0.0,0.0,0.0,0.0,0.0,37
2023-05-10 21:06:17,i2404-C-820,i2404-C-820,22.4,0.0,0.0,0.0,1,4.2,0.0,0,22.4,0.0,0.0,0.0,0.0,0.0,37
2023-05-10 21:06:17,i2404-C-820,i2404-C-820,22.4,0.0,0.0,0.0,10,4.3,0.0,0,22.4,0.0,0.0,0.0,0.0,0.0,37
2023-05-10 21:06:18,i2404-C-820,i2404-C-820,22.4,0.0,0.0,0.0,1,4.4,0.0,0,22.4,0.0,0.0,0.0,0.0,0.0,37
2023-05-10 21:06:18,i2404-C-820,i2404-C-820,22.4,0.0,0.0,0.0,10,4.5,0.0,0,22.4,0.0,0.0,0.0,0.0,0.0,37
2023-05-10 21:06:19,i2404-C-820,i2404-C-820,22.4,0.0,0.0,0.0,1,4.6,0.0,0,22.4,0.0,0.0,0.0,0.0,0.0,37
2023-05-10 21:06:19,i2404-C-820,i2404-C-820,22.4,0.0,0.0,0.0,10,4.7,0.0,0,22.4,0.0,0.0,0.0,0.0,0.0,37
2023-05-10 21:06:21,i2404-C-820,i2404-C-820,22.4,0.0,0.0,0.0,1,4.8,0.0,0,22.4,0.0,0.0,0.0,0.0,0.0,37
2023-05-10 21:06:21,i2404-C-820,i2404-C-820,22.4,0.0,0.0,0.0,10,4.9,0.0,0,22.4,0.0,0.0,0.0,0.0,0.0,37
2023-05-10 21:06:22,i2404-C-820,i2404-C-820,22.4,0.0,0.0,0.0,1,5.0,0.0,0,22.4,0.0,0.0,0.0,0.0,0.0,37
2023-05-10 21:06:22,i2404-C-820,i2404-C-820,22.4,0.0,0.0,0.0,10,5.1,0.0,0,22.4,0.0,0.0,0.0,0.0,0.0,37
2023-05-10 21:06:23,i2404-C-820,i2404-C-820,22.4,0.0,0.0,0.0,1,5.2,0.0,0,22.4,0.0,0.0,0.0,0.0,0.0,37
2023-05-10 21:06:23,i2404-C-820,i2404-C-820,22.4,0.0,0.0,0.0,10,5.3,0.0,0,22.4,0.0,0.0,0.0,0.0,0.0,37
2023-05-10 21:06:25,i2404-C-820,i2404-C-820,22.4,0.0,0.0,0.0,1,5.4,0.0,0,22.4,0.0,0.0,0.0,0.0,0.0,37
2023-05-10 21:06:25,i2404-C-820,i2404-C-820,22.4,0.0,0.0,0.0,10,5.5,0.0,0,22.4,0.0,0.0,0.0,0.0,0.0,37
2023-05-10 21:06:26,i2404-C-820,i2404-C-820,22.4,0.0,0.0,0.0,1,5.6,0.0,0,22.4,0.0,0.0,0.0,0.0,0.0,37
2023-05-10 21:06:26,i2404-C-820,i2404-C-820,22.4,0.0,0.0,0.0,10,5.7,0.0,0,22.4,0.0,0.0,0.0,0.0,0.0,37
2023-05-10 21:06:27,i2404-C-820,i2404-C-820,22.4,0.0,0.0,0.0,1,5.8,0.0,0,22.4,0.0,0.0,0.0,0.0,0.0,37
2023-05-10 21:06:27,i2404-C-820,i2404-C-820,22.4,0.0,0.0,0.0,10,5.9,0.0,0,22.4,0.0,0.0,0.0,0.0,0.0,37
2023-05-10 21:06:28,i2404-C-820,i2404-C-820,22.4,0.0,0.0,0.0,1,6.0,0.0,0,22.4,0.0,0.0,0.0,0.0,0.0,37
2023-05-10 21:06:28,i2404-C-820,i2404-C-820,22.4,0.0,0.0,0.0,10,6.1,0.0,0,22.4,0.0,0.0,0.0,0.0,0.0,37
2023-05-10 21:06:30,i2404-C-820,i2404-C-820,22.4,0.0,0.0,0.0,1,6.2,0.0,0,22.4,0.0,0.0,0.0,0.0,0.0,37
2023-05-10 21:06:30,i2404-C-820,i2404-C-820,22.4,0.0,0.0,0.0,10,6.3,0.0,0,22.4,0.0,0.0,0.0,0.0,0.0,37
2023-05-10 21:06:31,i2404-C-820,i2404-C-820,22.4,0.0,0.0,0.0,1,6.4,0.0,0,22.4,0.0,0.0,0.0,0.0,0.0,37
2023-05-10 21:06:31,i2404-C-820,i2404-C-820,22.4,0.0,0.0,0.0,10,6.5,0.0,0,22.4,0.0,0.0,0.0,0.0,0.0,37
2023-05-10 21:06:33,i2404-C-820,i2404-C-820,22.4,0.0,0.0,0.0,1,6.6,0.0,0,22.4,0.0,0.0,0.0,0.0,0.0,37
2023-05-10 21:06:33,i2404-C-820,i2404-C-820,22.4,0.0,0.0,0.0,10,6.7,0.0,0,22.4,0.0,0.0,0.0,0.0,0.0,37
2023-05-10 21:06:34,i2404-C-820,i2404-C-820,22.4,0.0,0.0,0.0,1,6.8,0.0,0,22.4,0.0,0.0,0.0,0.0,0.0,37
2023-05-10 21:06:34,i2404-C-820,i2404-C-820,22.4,0.0,0.0,0.0,10,6.9,0.0,0,22.4,0.0,0.0,0.0,0.0,0.0,37
2023-05-10 21:06:35,i2404-C-820,i2404-C-820,22.4,0.0,0.0,0.0,1,7.0,0.0,0,22.4,0.0,0.0,0.0,0.0,0.0,37
2023-05-10 21:06:35,i2404-C-820,i2404-C-820,22.4,0.0,0.0,0.0,10,7.1,0.0,0,22.4,0.0,0.0,0.0,0.0,0.0,37
2023-05-10 21:06:37,i2404-C-820,i2404-C-820,22.4,0.0,0.0,0.0,1,7.2,0.0,0,22.4,0.0,0.0,0.0,0.0,0.0,37
2023-05-10 21:06:37,i2404-C-820,i2404-C-820,22.4,0.0,0.0,0.0,10,7.3,0.0,0,22.4,0.0,0.0,0.0,0.0,0.0,37
2023-05-10 21:06:38,i2404-C-820,i2404-C-820,22.4,0.0,0.0,0.0,1,7.4,0.0,0,22.4,0.0,0.0,0.0,0.0,0.0,37
2023-05-10 21:06:38,i2404-C-820,i2404-C-820,22.4,0.0,0.0,0.0,10,7.5,0.0,0,22.4,0.0,0.0,0.0,0.0,0.0,37
2023-05-10 21:06:39,i2404-C-820,i2404-C-820,22.4,0.0,0.0,0.0,1,7.6,0.0,0,22.4,0.0,0.0,0.0,0.0,0.0,37
2023-05-10 21:06:39,i2404-C-820,i2404-C-820,22.4,0.0,0.0,0.0,10,7.7,0.0,0,22.4,0.0,0.0,0.0,0.0,0.0,37
2023-05-10 21:06:41,i2404-C-820,i2404-C-820,22.4,0.0,0.0,0.0,1,7.8,0.0,0,22.4,0.0,0.0,0.0,0.0,0.0,37
2023-05-10 21:06:41,i2404-C-820,i2404-C-820,22.4,0.0,0.0,0.0,10,7.9,0.0,0,22.4,0.0,0.0,0.0,0.0,0.0,37
2023-05-10 21:06:42,i2404-C-820,i2404-C-820,22.4,0.0,0.0,0.0,1,8.0,0.0,0,22.4,0.0,0.0,0.0,0.0,0.0,37
2023-05-10 21:06:42,i2404-C-820,i2404-C-820,22.4,0.0,0.0,0.0,10,8.1,0.0,0,22.4,0.0,0.0,0.0,0.0,0.0,37
2023-05-10 21:06:43,i2404-C-820,i2404-C-820,22.4,0.0,0.0,0.0,1,8.2,0.0,0,22.4,0.0,0.0,0.0,0.0,0.0,37
2023-05-10 21:06:43,i2404-C-820,i2404-C-820,22.4,0.0,0.0,0.0,10,8.3,0.0,0,22.4,0.0,0.0,0.0,0.0,0.0,37
2023-05-10 22:57:32,i2404-C-820,i2404-C-820,22.4,0.0,0.0,0.0,2,1.2,0.0,0,22.4,0.0,0.0,0.0,0.0,0.0,37
2023-05-10 22:58:58,i2404-C-820,i2404-C-820,22.4,0.0,0.0,0.0,1,1.2,0.0,0,22.4,0.0,0.0,0.0,0.0,0.0,37
2023-05-10 22:58:58,i2404-C-820,i2404-C-820,22.4,0.0,0.0,0.0,10,1.3,0.0,0,22.4,0.0,0.0,0.0,0.0,0.0,37
2023-05-10 22:59:55,i2404-C-820,i2404-C-820,22.4,0.0,0.0,0.0,1,1.2,0.0,0,22.4,0.0,0.0,0.0,0.0,0.0,37
2023-05-10 22:59:59,i2404-C-820,i2404-C-820,22.4,0.0,0.0,0.0,1,0.5,0.0,0,22.4,0.0,0.0,0.0,0.0,0.0,37
2023-05-11 09:00:13,i2404-C-820,i2404-C-820,22.4,0.0,0.0,0.0,10,0.6,0.0,0,22.4,0.0,0.0,0.0,0.0,0.0,37
2023-05-11 09:02:06,i2404-C-820,i2404-C-820,22.4,0.0,0.0,0.0,1,0.7,0.0,0,22.4,0.0,0.0,0.0,0.0,0.0,37
2023-05-11 09:02:06,i2404-C-820,i2404-C-820,22.4,0.0,0.0,0.0,10,0.8,0.0,0,22.4,0.0,0.0,0.0,0.0,0.0,37
2023-05-11 09:02:54,i2404-C-820,i2404-C-820,22.4,0.0,0.0,0.0,1,0.9,0.0,0,22.4,0.0,0.0,0.0,0.0,0.0,37
2023-05-11 09:02:54,i2404-C-820,i2404-C-820,22.4,0.0,0.0,0.0,10,1.0,0.0,0,22.4,0.0,0.0,0.0,0.0,0.0,37
2023-05-11 09:33:12,i2404-C-820,i2404-C-820,22.4,0.0,0.0,0.0,1,1.2,0.0,0,22.4,0.0,0.0,0.0,0.0,0.0,37
2023-05-11 09:33:12,i2404-C-820,i2404-C-820,22.4,0.0,0.0,0.0,10,1.3,0.0,0,22.4,0.0,0.0,0.0,0.0,0.0,37
2023-05-11 09:36:54,i2404-C-820,i2404-C-820,22.4,0.0,0.0,0.0,1,1.4,0.0,0,22.4,0.0,0.0,0.0,0.0,0.0,37
2023-05-11 09:36:54,i2404-C-820,i2404-C-820,22.4,0.0,0.0,0.0,10,1.5,0.0,0,22.4,0.0,0.0,0.0,0.0,0.0,37
2023-05-11 09:42:06,i2404-C-820,i2404-C-820,22.4,0.0,0.0,0.0,10,1.6,0.0,0,22.4,0.0,0.0,0.0,0.0,0.0,37
2023-05-11 09:42:06,i2404-C-820,i2404-C-820,22.4,0.0,0.0,0.0,10,1.7,0.0,0,22.4,0.0,0.0,0.0,0.0,0.0,37
2023-05-11 09:46:22,i2404-C-820,i2404-C-820,22.4,0.0,0.0,0.0,1,1.8,0.0,0,22.4,0.0,0.0,0.0,0.0,0.0,37
2023-05-11 09:46:22,i2404-C-820,i2404-C-820,22.4,0.0,0.0,0.0,10,1.9,0.0,0,22.4,0.0,0.0,0.0,0.0,0.0,37
2023-05-11 09:46:23,i2404-C-820,i2404-C-820,22.4,0.0,0.0,0.0,1,2.0,0.0,0,22.4,0.0,0.0,0.0,0.0,0.0,37
2023-05-11 09:46:23,i2404-C-820,i2404-C-820,22.4,0.0,0.0,0.0,10,2.1,0.0,0,22.4,0.0,0.0,0.0,0.0,0.0,37
2023-05-11 09:46:24,i2404-C-820,i2404-C-820,22.4,0.0,0.0,0.0,1,2.2,0.0,0,22.4,0.0,0.0,0.0,0.0,0.0,37
2023-05-11 09:46:24,i2404-C-820,i2404-C-820,22.4,0.0,0.0,0.0,10,2.3,0.0,0,22.4,0.0,0.0,0.0,0.0,0.0,37
2023-05-11 09:46:25,i2404-C-820,i2404-C-820,22.4,0.0,0.0,0.0,1,2.4,0.0,0,22.4,0.0,0.0,0.0,0.0,0.0,37
2023-05-11 09:46:25,i2404-C-820,i2404-C-820,22.4,0.0,0.0,0.0,10,2.5,0.0,0,22.4,0.0,0.0,0.0,0.0,0.0,37
2023-05-11 09:46:26,i2404-C-820,i2404-C-820,22.4,0.0,0.0,0.0,1,2.6,0.0,0,22.4,0.0,0.0,0.0,0.0,0.0,37
2023-05-11 09:46:26,i2404-C-820,i2404-C-820,22.4,0.0,0.0,0.0,10,2.7,0.0,0,22.4,0.0,0.0,0.0,0.0,0.0,37
2023-05-11 09:46:27,i2404-C-820,i2404-C-820,22.4,0.0,0.0,0.0,1,2.8,0.0,0,22.4,0.0,0.0,0.0,0.0,0.0,37
2023-05-11 09:46:27,i2404-C-820,i2404-C-820,22.4,0.0,0.0,0.0,10,2.9,0.0,0,22.4,0.0,0.0,0.0,0.0,0.0,37
2023-05-11 09:46:28,i2404-C-820,i2404-C-820,22.4,0.0,0.0,0.0,1,3.0,0.0,0,22.4,0.0,0.0,0.0,0.0,0.0,37
2023-05-11 09:46:28,i2404-C-820,i2404-C-820,22.4,0.0,0.0,0.0,10,3.1,0.0,0,22.4,0.0,0.0,0.0,0.0,0.0,37
2023-05-11 09:46:29,i2404-C-820,i2404-C-820,22.4,0.0,0.0,0.0,1,3.2,0.0,0,22.4,0.0,0.0,0.0,0.0,0.0,37
2023-05-11 09:46:29,i2404-C-820,i2404-C-820,22.4,0.0,0.0,0.0,10,3.3,0.0,0,22.4,0.0,0.0,0.0,0.0,0.0,37
2023-05-11 09:46:30,i2404-C-820,i2404-C-820,22.4,0.0,0.0,0.0,1,3.4,0.0,0,22.4,0.0,0.0,0.0,0.0,0.0,37
2023-05-11 09:46:30,i2404-C-820,i2404-C-820,22.4,0.0,0.0,0.0,10,3.5,0.0,0,22.4,0.0,0.0,0.0,0.0,0.0,37
2023-05-11 09:46:31,i2404-C-820,i2404-C-820,22.4,0.0,0.0,0.0,1,3.6,0.0,0,22.4,0.0,0.0,0.0,0.0,0.0,37
2023-05-11 09:46:31,i2404-C-820,i2404-C-820,22.4,0.0,0.0,0.0,10,3.7,0.0,0,22.4,0.0,0.0,0.0,0.0,0.0,37
2023-05-11 09:46:32,i2404-C-820,i2404-C-820,22.4,0.0,0.0,0.0,1,3.8,0.0,0,22.4,0.0,0.0,0.0,0.0,0.0,37
2023-05-11 09:46:32,i2404-C-820,i2404-C-820,22.4,0.0,0.0,0.0,10,3.9,0.0,0,22.4,0.0,0.0,0.0,0.0,0.0,37
2023-05-11 09:46:33,i2404-C-820,i2404-C-820,22.4,0.0,0.0,0.0,1,4.0,0.0,0,22.4,0.0,0.0,0.0,0.0,0.0,37
2023-05-11 09:46:33,i2404-C-820,i2404-C-820,22.4,0.0,0.0,0.0,10,4.1,0.0,0,22.4,0.0,0.0,0.0,0.0,0.0,37
2023-05-11 09:46:34,i2404-C-820,i2404-C-820,22.4,0.0,0.0,0.0,1,4.2,0.0,0,22.4,0.0,0.0,0.0,0.0,0.0,37
2023-05-11 09:46:34,i2404-C-820,i2404-C-820,22.4,0.0,0.0,0.0,10,4.3,0.0,0,22.4,0.0,0.0,0.0,0.0,0.0,37
2023-05-11 09:46:35,i2404-C-820,i2404-C-820,22.4,0.0,0.0,0.0,1,4.4,0.0,0,22.4,0.0,0.0,0.0,0.0,0.0,37
2023-05-11 09:46:35,i2404-C-820,i2404-C-820,22.4,0.0,0.0,0.0,10,4.5,0.0,0,22.4,0.0,0.0,0.0,0.0,0.0,37
2023-05-11 09:46:36,i2404-C-820,i2404-C-820,22.4,0.0,0.0,0.0,1,4.6,0.0,0,22.4,0.0,0.0,0.0,0.0,0.0,37
2023-05-11 09:46:36,i2404-C-820,i2404-C-820,22.4,0.0,0.0,0.0,10,4.7,0.0,0,22.4,0.0,0.0,0.0,0.0,0.0,37
2023-05-11 09:46:37,i2404-C-820,i2404-C-820,22.4,0.0,0.0,0.0,1,4.8,0.0,0,22.4,0.0,0.0,0.0,0.0,0.0,37
2023-05-11 09:46:37,i2404-C-820,i2404-C-820,22.4,0.0,0.0,0.0,10,4.9,0.0,0,22.4,0.0,0.0,0.0,0.0,0.0,37
2023-05-11 09:46:38,i2404-C-820,i2404-C-820,22.4,0.0,0.0,0.0,1,5.0,0.0,0,22.4,0.0,0.0,0.0,0.0,0.0,37
2023-05-11 09:46:38,i2404-C-820,i2404-C-820,22.4,0.0,0.0,0.0,10,5.1,0.0,0,22.4,0.0,0.0,0.0,0.0,0.0,37
2023-05-11 09:46:39,i2404-C-820,i2404-C-820,22.4,0.0,0.0,0.0,1,5.2,0.0,0,22.4,0.0,0.0,0.0,0.0,0.0,37
2023-05-11 09:46:39,i2404-C-820,i2404-C-820,22.4,0.0,0.0,0.0,10,5.3,0.0,0,22.4,0.0,0.0,0.0,0.0,0.0,37
2023-05-11 09:46:40,i2404-C-820,i2404-C-820,22.4,0.0,0.0,0.0,1,5.4,0.0,0,22.4,0.0,0.0,0.0,0.0,0.0,37
2023-05-11 09:46:40,i2404-C-820,i2404-C-820,22.4,0.0,0.0,0.0,10,5.5,0.0,0,22.4,0.0,0.0,0.0,0.0,0.0,37
2023-05-11 09:46:41,i2404-C-820,i2404-C-820,22.4,0.0,0.0,0.0,1,5.6,0.0,0,22.4,0.0,0.0,0.0,0.0,0.0,37
2023-05-11 09:46:41,i2404-C-820,i2404-C-820,22.4,0.0,0.0,0.0,10,5.7,0.0,0,22.4,0.0,0.0,0.0,0.0,0.0,37
2023-05-11 09:46:42,i2404-C-820,i2404-C-820,22.4,0.0,0.0,0.0,1,5.8,0.0,0,22.4,0.0,0.0,0.0,0.0,0.0,37
2023-05-11 09:46:42,i2404-C-820,i2404-C-820,22.4,0.0,0.0,0.0,10,5.9,0.0,0,22.4,0.0,0.0,0.0,0.0,0.0,37
2023-05-11 09:46:43,i2404-C-820,i2404-C-820,22.4,0.0,0.0,0.0,1,6.0,0.0,0,22.4,0.0,0.0,0.0,0.0,0.0,37
2023-05-11 09:46:43,i2404-C-820,i2404-C-820,22.4,0.0,0.0,0.0,10,6.1,0.0,0,22.4,0.0,0.0,0.0,0.0,0.0,37
2023-05-11 09:46:44,i2404-C-820,i2404-C-820,22.4,0.0,0.0,0.0,1,6.2,0.0,0,22.4,0.0,0.0,0.0,0.0,0.0,37
2023-05-11 09:46:44,i2404-C-820,i2404-C-820,22.4,0.0,0.0,0.0,10,6.3,0.0,0,22.4,0.0,0.0,0.0,0.0,0.0,37
2023-05-11 09:46:45,i2404-C-820,i2404-C-820,22.4,0.0,0.0,0.0,1,6.4,0.0,0,22.4,0.0,0.0,0.0,0.0,0.0,37
2023-05-11 09:46:45,i2404-C-820,i2404-C-820,22.4,0.0,0.0,0.0,10,6.5,0.0,0,22.4,0.0,0.0,0.0,0.0,0.0,37
2023-05-11 09:46:46,i2404-C-820,i2404-C-820,22.4,0.0,0.0,0.0,1,6.6,0.0,0,22.4,0.0,0.0,0.0,0.0,0.0,37
2023-05-11 09:46:46,i2404-C-820,i2404-C-820,22.4,0.0,0.0,0.0,10,6.7,0.0,0,22.4,0.0,0.0,0.0,0.0,0.0,37
2023-05-11 09:46:47,i2404-C-820,i2404-C-820,22.4,0.0,0.0,0.0,1,6.8,0.0,0,22.4,0.0,0.0,0.0,0.0,0.0,37
2023-05-11 09:46:47,i2404-C-820,i2404-C-820,22.4,0.0,0.0,0.0,10,6.9,0.0,0,22.4,0.0,0.0,0.0,0.0,0.0,37
2023-05-11 09:46:48,i2404-C-820,i2404-C-820,22.4,0.0,0.0,0.0,1,7.0,0.0,0,22.4,0.0,0.0,0.0,0.0,0.0,37
2023-05-11 09:46:48,i2404-C-820,i2404-C-820,22.4,0.0,0.0,0.0,10,7.1,0.0,0,22.4,0.0,0.0,0.0,0.0,0.0,37
2023-05-11 09:46:49,i2404-C-820,i2404-C-820,22.4,0.0,0.0,0.0,1,7.2,0.0,0,22.4,0.0,0.0,0.0,0.0,0.0,37
2023-05-11 09:46:49,i2404-C-820,i2404-C-820,22.4,0.0,0.0,0.0,10,7.3,0.0,0,22.4,0.0,0.0,0.0,0.0,0.0,37
2023-05-11 09:46:50,i2404-C-820,i2404-C-820,22.4,0.0,0.0,0.0,1,7.4,0.0,0,22.4,0.0,0.0,0.0,0.0,0.0,37
2023-05-11 09:46:50,i2404-C-820,i2404-C-820,22.4,0.0,0.0,0.0,10,7.5,0.0,0,22.4,0.0,0.0,0.0,0.0,0.0,37
2023-05-11 09:46:51,i2404-C-820,i2404-C-820,22.4,0.0,0.0,0.0,1,7.6,0.0,0,22.4,0.0,0.0,0.0,0.0,0.0,37
2023-05-11 09:46:51,i2404-C-820,i2404-C-820,22.4,0.0,0.0,0.0,10,7.7,0.0,0,22.4,0.0,0.0,0.0,0.0,0.0,37
2023-05-11 09:46:52,i2404-C-820,i2404-C-820,22.4,0.0,0.0,0.0,1,7.8,0.0,0,22.4,0.0,0.0,0.0,0.0,0.0,37
2023-05-11 09:46:52,i2404-C-820,i2404-C-820,22.4,0.0,0.0,0.0,10,7.9,0.0,0,22.4,0.0,0.0,0.0,0.0,0.0,37
2023-05-11 09:46:53,i2404-C-820,i2404-C-820,22.4,0.0,0.0,0.0,1,8.0,0.0,0,22.4,0.0,0.0,0.0,0.0,0.0,37
2023-05-11 09:46:53,i2404-C-820,i2404-C-820,22.4,0.0,0.0,0.0,10,8.1,0.0,0,22.4,0.0,0.0,0.0,0.0,0.0,37
2023-05-11 10:14:32,i2404-C-820,i2404-C-820,22.4,0.0,0.0,0.0,10,1.6,0.0,0,22.4,0.0,0.0,0.0,0.0,0.0,37
2023-05-11 10:30:06,i2404-C-820,i2404-C-820,22.4,0.0,0.0,0.0,10,1.7,0.0,0,22.4,0.0,0.0,0.0,0.0,0.0,37
2023-05-11 10:30:50,i2404-C-820,i2404-C-820,22.4,0.0,0.0,0.0,1,1.8,0.0,0,22.4,0.0,0.0,0.0,0.0,0.0,37
2023-05-11 10:30:50,i2404-C-820,i2404-C-820,22.4,0.0,0.0,0.0,10,1.9,0.0,0,22.4,0.0,0.0,0.0,0.0,0.0,37
2023-05-11 10:31:30,i2404-C-820,i2404-C-820,22.4,0.0,0.0,0.0,1,2.0,0.0,0,22.4,0.0,0.0,0.0,0.0,0.0,37
2023-05-11 10:31:30,i2404-C-820,i2404-C-820,22.4,0.0,0.0,0.0,10,2.1,0.0,0,22.4,0.0,0.0,0.0,0.0,0.0,37
2023-05-11 10:31:37,i2404-C-820,i2404-C-820,22.4,0.0,0.0,0.0,1,2.2,0.0,0,22.4,0.0,0.0,0.0,0.0,0.0,37
2023-05-11 10:31:37,i2404-C-820,i2404-C-820,22.4,0.0,0.0,0.0,10,2.3,0.0,0,22.4,0.0,0.0,0.0,0.0,0.0,37
2023-05-11 10:31:45,i2404-C-820,i2404-C-820,22.4,0.0,0.0,0.0,1,2.4,0.0,0,22.4,0.0,0.0,0.0,0.0,0.0,37
2023-05-11 10:31:45,i2404-C-820,i2404-C-820,22.4,0.0,0.0,0.0,10,2.5,0.0,0,22.4,0.0,0.0,0.0,0.0,0.0,37
2023-05-11 10:31:59,i2404-C-820,i2404-C-820,22.4,0.0,0.0,0.0,1,2.6,0.0,0,22.4,0.0,0.0,0.0,0.0,0.0,37
2023-05-11 10:31:59,i2404-C-820,i2404-C-820,22.4,0.0,0.0,0.0,10,2.7,0.0,0,22.4,0.0,0.0,0.0,0.0,0.0,37
2023-05-11 10:32:07,i2404-C-820,i2404-C-820,22.4,0.0,0.0,0.0,1,2.8,0.0,0,22.4,0.0,0.0,0.0,0.0,0.0,37
2023-05-11 10:32:07,i2404-C-820,i2404-C-820,22.4,0.0,0.0,0.0,10,2.9,0.0,0,22.4,0.0,0.0,0.0,0.0,0.0,37
2023-05-11 10:32:12,i2404-C-820,i2404-C-820,22.4,0.0,0.0,0.0,1,3.0,0.0,0,22.4,0.0,0.0,0.0,0.0,0.0,37
2023-05-11 10:32:12,i2404-C-820,i2404-C-820,22.4,0.0,0.0,0.0,10,3.1,0.0,0,22.4,0.0,0.0,0.0,0.0,0.0,37
2023-05-11 10:32:18,i2404-C-820,i2404-C-820,22.4,0.0,0.0,0.0,1,3.2,0.0,0,22.4,0.0,0.0,0.0,0.0,0.0,37
2023-05-11 10:32:18,i2404-C-820,i2404-C-820,22.4,0.0,0.0,0.0,10,3.3,0.0,0,22.4,0.0,0.0,0.0,0.0,0.0,37
2023-05-11 10:32:28,i2404-C-820,i2404-C-820,22.4,0.0,0.0,0.0,1,3.4,0.0,0,22.4,0.0,0.0,0.0,0.0,0.0,37
2023-05-11 10:32:28,i2404-C-820,i2404-C-820,22.4,0.0,0.0,0.0,10,3.5,0.0,0,22.4,0.0,0.0,0.0,0.0,0.0,37
2023-05-11 10:32:35,i2404-C-820,i2404-C-820,22.4,0.0,0.0,0.0,1,3.6,0.0,0,22.4,0.0,0.0,0.0,0.0,0.0,37
2023-05-11 10:32:35,i2404-C-820,i2404-C-820,22.4,0.0,0.0,0.0,10,3.7,0.0,0,22.4,0.0,0.0,0.0,0.0,0.0,37
2023-05-11 10:32:50,i2404-C-820,i2404-C-820,22.4,0.0,0.0,0.0,1,3.8,0.0,0,22.4,0.0,0.0,0.0,0.0,0.0,37
2023-05-11 10:32:50,i2404-C-820,i2404-C-820,22.4,0.0,0.0,0.0,10,3.9,0.0,0,22.4,0.0,0.0,0.0,0.0,0.0,37
2023-05-11 10:32:51,i2404-C-820,i2404-C-820,22.4,0.0,0.0,0.0,1,4.0,0.0,0,22.4,0.0,0.0,0.0,0.0,0.0,37
2023-05-11 10:32:51,i2404-C-820,i2404-C-820,22.4,0.0,0.0,0.0,10,4.1,0.0,0,22.4,0.0,0.0,0.0,0.0,0.0,37
2023-05-11 10:32:53,i2404-C-820,i2404-C-820,22.4,0.0,0.0,0.0,1,4.2,0.0,0,22.4,0.0,0.0,0.0,0.0,0.0,37
2023-05-11 10:32:53,i2404-C-820,i2404-C-820,22.4,0.0,0.0,0.0,10,4.3,0.0,0,22.4,0.0,0.0,0.0,0.0,0.0,37
2023-05-11 10:32:54,i2404-C-820,i2404-C-820,22.4,0.0,0.0,0.0,1,4.4,0.0,0,22.4,0.0,0.0,0.0,0.0,0.0,37
2023-05-11 10:32:54,i2404-C-820,i2404-C-820,22.4,0.0,0.0,0.0,10,4.5,0.0,0,22.4,0.0,0.0,0.0,0.0,0.0,37
2023-05-11 10:32:56,i2404-C-820,i2404-C-820,22.4,0.0,0.0,0.0,1,4.6,0.0,0,22.4,0.0,0.0,0.0,0.0,0.0,37
2023-05-11 10:32:56,i2404-C-820,i2404-C-820,22.4,0.0,0.0,0.0,10,4.7,0.0,0,22.4,0.0,0.0,0.0,0.0,0.0,37
2023-05-11 10:32:57,i2404-C-820,i2404-C-820,22.4,0.0,0.0,0.0,1,4.8,0.0,0,22.4,0.0,0.0,0.0,0.0,0.0,37
2023-05-11 10:32:57,i2404-C-820,i2404-C-820,22.4,0.0,0.0,0.0,10,4.9,0.0,0,22.4,0.0,0.0,0.0,0.0,0.0,37
2023-05-11 10:32:58,i2404-C-820,i2404-C-820,22.4,0.0,0.0,0.0,1,5.0,0.0,0,22.4,0.0,0.0,0.0,0.0,0.0,37
2023-05-11 10:32:58,i2404-C-820,i2404-C-820,22.4,0.0,0.0,0.0,10,5.1,0.0,0,22.4,0.0,0.0,0.0,0.0,0.0,37
2023-05-11 10:32:59,i2404-C-820,i2404-C-820,22.4,0.0,0.0,0.0,1,5.2,0.0,0,22.4,0.0,0.0,0.0,0.0,0.0,37
2023-05-11 10:32:59,i2404-C-820,i2404-C-820,22.4,0.0,0.0,0.0,10,5.3,0.0,0,22.4,0.0,0.0,0.0,0.0,0.0,37
2023-05-11 10:33:00,i2404-C-820,i2404-C-820,22.4,0.0,0.0,0.0,1,5.4,0.0,0,22.4,0.0,0.0,0.0,0.0,0.0,37
2023-05-11 10:33:00,i2404-C-820,i2404-C-820,22.4,0.0,0.0,0.0,10,5.5,0.0,0,22.4,0.0,0.0,0.0,0.0,0.0,37
2023-05-11 10:33:01,i2404-C-820,i2404-C-820,22.4,0.0,0.0,0.0,1,5.6,0.0,0,22.4,0.0,0.0,0.0,0.0,0.0,37
2023-05-11 10:33:01,i2404-C-820,i2404-C-820,22.4,0.0,0.0,0.0,10,5.7,0.0,0,22.4,0.0,0.0,0.0,0.0,0.0,37
2023-05-11 10:33:02,i2404-C-820,i2404-C-820,22.4,0.0,0.0,0.0,1,5.8,0.0,0,22.4,0.0,0.0,0.0,0.0,0.0,37
2023-05-11 10:33:02,i2404-C-820,i2404-C-820,22.4,0.0,0.0,0.0,10,5.9,0.0,0,22.4,0.0,0.0,0.0,0.0,0.0,37
2023-05-11 10:33:03,i2404-C-820,i2404-C-820,22.4,0.0,0.0,0.0,1,6.0,0.0,0,22.4,0.0,0.0,0.0,0.0,0.0,37
2023-05-11 10:33:03,i2404-C-820,i2404-C-820,22.4,0.0,0.0,0.0,10,6.1,0.0,0,22.4,0.0,0.0,0.0,0.0,0.0,37
2023-05-11 10:33:04,i2404-C-820,i2404-C-820,22.4,0.0,0.0,0.0,1,6.2,0.0,0,22.4,0.0,0.0,0.0,0.0,0.0,37
2023-05-11 10:33:04,i2404-C-820,i2404-C-820,22.4,0.0,0.0,0.0,10,6.3,0.0,0,22.4,0.0,0.0,0.0,0.0,0.0,37
2023-05-11 10:33:05,i2404-C-820,i2404-C-820,22.4,0.0,0.0,0.0,1,6.4,0.0,0,22.4,0.0,0.0,0.0,0.0,0.0,37
2023-05-11 10:33:05,i2404-C-820,i2404-C-820,22.4,0.0,0.0,0.0,10,6.5,0.0,0,22.4,0.0,0.0,0.0,0.0,0.0,37
2023-05-11 10:33:06,i2404-C-820,i2404-C-820,22.4,0.0,0.0,0.0,1,6.6,0.0,0,22.4,0.0,0.0,0.0,0.0,0.0,37
2023-05-11 10:33:07,i2404-C-820,i2404-C-820,22.4,0.0,0.0,0.0,10,6.7,0.0,0,22.4,0.0,0.0,0.0,0.0,0.0,37
2023-05-11 10:33:07,i2404-C-820,i2404-C-820,22.4,0.0,0.0,0.0,1,6.8,0.0,0,22.4,0.0,0.0,0.0,0.0,0.0,37
2023-05-11 10:33:07,i2404-C-820,i2404-C-820,22.4,0.0,0.0,0.0,10,6.9,0.0,0,22.4,0.0,0.0,0.0,0.0,0.0,37
2023-05-11 10:33:08,i2404-C-820,i2404-C-820,22.4,0.0,0.0,0.0,1,7.0,0.0,0,22.4,0.0,0.0,0.0,0.0,0.0,37
2023-05-11 10:33:08,i2404-C-820,i2404-C-820,22.4,0.0,0.0,0.0,10,7.1,0.0,0,22.4,0.0,0.0,0.0,0.0,0.0,37
2023-05-11 10:33:09,i2404-C-820,i2404-C-820,22.4,0.0,0.0,0.0,1,7.2,0.0,0,22.4,0.0,0.0,0.0,0.0,0.0,37
2023-05-11 10:33:09,i2404-C-820,i2404-C-820,22.4,0.0,0.0,0.0,10,7.3,0.0,0,22.4,0.0,0.0,0.0,0.0,0.0,37
2023-05-11 10:33:10,i2404-C-820,i2404-C-820,22.4,0.0,0.0,0.0,1,7.4,0.0,0,22.4,0.0,0.0,0.0,0.0,0.0,37
2023-05-11 10:33:10,i2404-C-820,i2404-C-820,22.4,0.0,0.0,0.0,10,7.5,0.0,0,22.4,0.0,0.0,0.0,0.0,0.0,37
2023-05-11 10:33:11,i2404-C-820,i2404-C-820,22.4,0.0,0.0,0.0,1,7.6,0.0,0,22.4,0.0,0.0,0.0,0.0,0.0,37
2023-05-11 10:33:11,i2404-C-820,i2404-C-820,22.4,0.0,0.0,0.0,10,7.7,0.0,0,22.4,0.0,0.0,0.0,0.0,0.0,37
2023-05-11 10:33:12,i2404-C-820,i2404-C-820,22.4,0.0,0.0,0.0,1,7.8,0.0,0,22.4,0.0,0.0,0.0,0.0,0.0,37
2023-05-11 10:33:12,i2404-C-820,i2404-C-820,22.4,0.0,0.0,0.0,10,7.9,0.0,0,22.4,0.0,0.0,0.0,0.0,0.0,37
2023-05-11 10:33:13,i2404-C-820,i2404-C-820,22.4,0.0,0.0,0.0,1,8.0,0.0,0,22.4,0.0,0.0,0.0,0.0,0.0,37
2023-05-11 10:33:14,i2404-C-820,i2404-C-820,22.4,0.0,0.0,0.0,10,8.1,0.0,0,22.4,0.0,0.0,0.0,0.0,0.0,37
2023-05-11 11:05:23,i2404-C-820,i2404-C-820,22.4,0.0,0.0,0.0,10,1.6,0.0,0,22.4,0.0,0.0,0.0,0.0,0.0,37
2023-05-11 11:05:24,i2404-C-820,i2404-C-820,22.4,0.0,0.0,0.0,1,1.7,0.0,0,22.4,0.0,0.0,0.0,0.0,0.0,37
2023-05-11 11:07:18,i2404-C-820,i2404-C-820,22.4,0.0,0.0,0.0,10,1.8,0.0,0,22.4,0.0,0.0,0.0,0.0,0.0,37
2023-05-11 11:07:19,i2404-C-820,i2404-C-820,22.4,0.0,0.0,0.0,1,1.9,0.0,0,22.4,0.0,0.0,0.0,0.0,0.0,37
2023-05-11 11:07:19,i2404-C-820,i2404-C-820,22.4,0.0,0.0,0.0,10,2.0,0.0,0,22.4,0.0,0.0,0.0,0.0,0.0,37
2023-05-11 11:07:20,i2404-C-820,i2404-C-820,22.4,0.0,0.0,0.0,1,2.1,0.0,0,22.4,0.0,0.0,0.0,0.0,0.0,37
2023-05-11 11:07:20,i2404-C-820,i2404-C-820,22.4,0.0,0.0,0.0,10,2.2,0.0,0,22.4,0.0,0.0,0.0,0.0,0.0,37
2023-05-11 11:07:21,i2404-C-820,i2404-C-820,22.4,0.0,0.0,0.0,1,2.3,0.0,0,22.4,0.0,0.0,0.0,0.0,0.0,37
2023-05-11 11:07:21,i2404-C-820,i2404-C-820,22.4,0.0,0.0,0.0,10,2.4,0.0,0,22.4,0.0,0.0,0.0,0.0,0.0,37
2023-05-11 11:07:23,i2404-C-820,i2404-C-820,22.4,0.0,0.0,0.0,1,2.5,0.0,0,22.4,0.0,0.0,0.0,0.0,0.0,37
2023-05-11 11:07:23,i2404-C-820,i2404-C-820,22.4,0.0,0.0,0.0,10,2.6,0.0,0,22.4,0.0,0.0,0.0,0.0,0.0,37
2023-05-11 11:07:24,i2404-C-820,i2404-C-820,22.4,0.0,0.0,0.0,1,2.7,0.0,0,22.4,0.0,0.0,0.0,0.0,0.0,37
2023-05-11 11:07:24,i2404-C-820,i2404-C-820,22.4,0.0,0.0,0.0,10,2.8,0.0,0,22.4,0.0,0.0,0.0,0.0,0.0,37
2023-05-11 11:07:26,i2404-C-820,i2404-C-820,22.4,0.0,0.0,0.0,1,2.9,0.0,0,22.4,0.0,0.0,0.0,0.0,0.0,37
2023-05-11 11:07:26,i2404-C-820,i2404-C-820,22.4,0.0,0.0,0.0,10,3.0,0.0,0,22.4,0.0,0.0,0.0,0.0,0.0,37
2023-05-11 11:07:27,i2404-C-820,i2404-C-820,22.4,0.0,0.0,0.0,1,3.1,0.0,0,22.4,0.0,0.0,0.0,0.0,0.0,37
2023-05-11 11:07:27,i2404-C-820,i2404-C-820,22.4,0.0,0.0,0.0,10,3.2,0.0,0,22.4,0.0,0.0,0.0,0.0,0.0,37
2023-05-11 11:07:28,i2404-C-820,i2404-C-820,22.4,0.0,0.0,0.0,1,3.3,0.0,0,22.4,0.0,0.0,0.0,0.0,0.0,37
2023-05-11 11:07:28,i2404-C-820,i2404-C-820,22.4,0.0,0.0,0.0,10,3.4,0.0,0,22.4,0.0,0.0,0.0,0.0,0.0,37
2023-05-11 11:07:29,i2404-C-820,i2404-C-820,22.4,0.0,0.0,0.0,1,3.5,0.0,0,22.4,0.0,0.0,0.0,0.0,0.0,37
2023-05-11 11:07:29,i2404-C-820,i2404-C-820,22.4,0.0,0.0,0.0,10,3.6,0.0,0,22.4,0.0,0.0,0.0,0.0,0.0,37
2023-05-11 11:07:30,i2404-C-820,i2404-C-820,22.4,0.0,0.0,0.0,1,3.7,0.0,0,22.4,0.0,0.0,0.0,0.0,0.0,37
2023-05-11 11:07:30,i2404-C-820,i2404-C-820,22.4,0.0,0.0,0.0,10,3.8,0.0,0,22.4,0.0,0.0,0.0,0.0,0.0,37
2023-05-11 11:07:31,i2404-C-820,i2404-C-820,22.4,0.0,0.0,0.0,1,3.9,0.0,0,22.4,0.0,0.0,0.0,0.0,0.0,37
2023-05-11 11:07:31,i2404-C-820,i2404-C-820,22.4,0.0,0.0,0.0,10,4.0,0.0,0,22.4,0.0,0.0,0.0,0.0,0.0,37
2023-05-11 11:07:32,i2404-C-820,i2404-C-820,22.4,0.0,0.0,0.0,1,4.1,0.0,0,22.4,0.0,0.0,0.0,0.0,0.0,37
2023-05-11 11:07:32,i2404-C-820,i2404-C-820,22.4,0.0,0.0,0.0,10,4.2,0.0,0,22.4,0.0,0.0,0.0,0.0,0.0,37
2023-05-11 11:07:33,i2404-C-820,i2404-C-820,22.4,0.0,0.0,0.0,1,4.3,0.0,0,22.4,0.0,0.0,0.0,0.0,0.0,37
2023-05-11 11:07:34,i2404-C-820,i2404-C-820,22.4,0.0,0.0,0.0,10,4.4,0.0,0,22.4,0.0,0.0,0.0,0.0,0.0,37
2023-05-11 11:07:34,i2404-C-820,i2404-C-820,22.4,0.0,0.0,0.0,1,4.5,0.0,0,22.4,0.0,0.0,0.0,0.0,0.0,37
2023-05-11 11:07:34,i2404-C-820,i2404-C-820,22.4,0.0,0.0,0.0,10,4.6,0.0,0,22.4,0.0,0.0,0.0,0.0,0.0,37
2023-05-11 11:07:36,i2404-C-820,i2404-C-820,22.4,0.0,0.0,0.0,1,4.7,0.0,0,22.4,0.0,0.0,0.0,0.0,0.0,37
2023-05-11 11:07:36,i2404-C-820,i2404-C-820,22.4,0.0,0.0,0.0,10,4.8,0.0,0,22.4,0.0,0.0,0.0,0.0,0.0,37
2023-05-11 11:07:37,i2404-C-820,i2404-C-820,22.4,0.0,0.0,0.0,1,4.9,0.0,0,22.4,0.0,0.0,0.0,0.0,0.0,37
2023-05-11 11:07:37,i2404-C-820,i2404-C-820,22.4,0.0,0.0,0.0,10,5.0,0.0,0,22.4,0.0,0.0,0.0,0.0,0.0,37
2023-05-11 11:07:38,i2404-C-820,i2404-C-820,22.4,0.0,0.0,0.0,1,5.1,0.0,0,22.4,0.0,0.0,0.0,0.0,0.0,37
2023-05-11 11:07:38,i2404-C-820,i2404-C-820,22.4,0.0,0.0,0.0,10,5.2,0.0,0,22.4,0.0,0.0,0.0,0.0,0.0,37
2023-05-11 11:07:39,i2404-C-820,i2404-C-820,22.4,0.0,0.0,0.0,1,5.3,0.0,0,22.4,0.0,0.0,0.0,0.0,0.0,37
2023-05-11 11:07:39,i2404-C-820,i2404-C-820,22.4,0.0,0.0,0.0,10,5.4,0.0,0,22.4,0.0,0.0,0.0,0.0,0.0,37
2023-05-11 11:07:40,i2404-C-820,i2404-C-820,22.4,0.0,0.0,0.0,1,5.5,0.0,0,22.4,0.0,0.0,0.0,0.0,0.0,37
2023-05-11 11:07:40,i2404-C-820,i2404-C-820,22.4,0.0,0.0,0.0,10,5.6,0.0,0,22.4,0.0,0.0,0.0,0.0,0.0,37
2023-05-11 11:07:41,i2404-C-820,i2404-C-820,22.4,0.0,0.0,0.0,1,5.7,0.0,0,22.4,0.0,0.0,0.0,0.0,0.0,37
2023-05-11 11:07:41,i2404-C-820,i2404-C-820,22.4,0.0,0.0,0.0,10,5.8,0.0,0,22.4,0.0,0.0,0.0,0.0,0.0,37
2023-05-11 11:07:42,i2404-C-820,i2404-C-820,22.4,0.0,0.0,0.0,1,5.9,0.0,0,22.4,0.0,0.0,0.0,0.0,0.0,37
2023-05-11 11:07:42,i2404-C-820,i2404-C-820,22.4,0.0,0.0,0.0,10,6.0,0.0,0,22.4,0.0,0.0,0.0,0.0,0.0,37
2023-05-11 11:07:43,i2404-C-820,i2404-C-820,22.4,0.0,0.0,0.0,1,6.1,0.0,0,22.4,0.0,0.0,0.0,0.0,0.0,37
2023-05-11 11:07:43,i2404-C-820,i2404-C-820,22.4,0.0,0.0,0.0,10,6.2,0.0,0,22.4,0.0,0.0,0.0,0.0,0.0,37
2023-05-11 11:07:44,i2404-C-820,i2404-C-820,22.4,0.0,0.0,0.0,1,6.3,0.0,0,22.4,0.0,0.0,0.0,0.0,0.0,37
2023-05-11 11:07:44,i2404-C-820,i2404-C-820,22.4,0.0,0.0,0.0,10,6.4,0.0,0,22.4,0.0,0.0,0.0,0.0,0.0,37
2023-05-11 11:07:45,i2404-C-820,i2404-C-820,22.4,0.0,0.0,0.0,1,6.5,0.0,0,22.4,0.0,0.0,0.0,0.0,0.0,37
2023-05-11 11:07:45,i2404-C-820,i2404-C-820,22.4,0.0,0.0,0.0,10,6.6,0.0,0,22.4,0.0,0.0,0.0,0.0,0.0,37
2023-05-11 11:07:46,i2404-C-820,i2404-C-820,22.4,0.0,0.0,0.0,1,6.7,0.0,0,22.4,0.0,0.0,0.0,0.0,0.0,37
2023-05-11 11:07:46,i2404-C-820,i2404-C-820,22.4,0.0,0.0,0.0,10,6.8,0.0,0,22.4,0.0,0.0,0.0,0.0,0.0,37
2023-05-11 11:07:47,i2404-C-820,i2404-C-820,22.4,0.0,0.0,0.0,1,6.9,0.0,0,22.4,0.0,0.0,0.0,0.0,0.0,37
2023-05-11 11:07:47,i2404-C-820,i2404-C-820,22.4,0.0,0.0,0.0,10,7.0,0.0,0,22.4,0.0,0.0,0.0,0.0,0.0,37
2023-05-11 11:07:48,i2404-C-820,i2404-C-820,22.4,0.0,0.0,0.0,1,7.1,0.0,0,22.4,0.0,0.0,0.0,0.0,0.0,37
2023-05-11 11:07:48,i2404-C-820,i2404-C-820,22.4,0.0,0.0,0.0,10,7.2,0.0,0,22.4,0.0,0.0,0.0,0.0,0.0,37
2023-05-11 11:07:49,i2404-C-820,i2404-C-820,22.4,0.0,0.0,0.0,1,7.3,0.0,0,22.4,0.0,0.0,0.0,0.0,0.0,37
2023-05-11 11:07:49,i2404-C-820,i2404-C-820,22.4,0.0,0.0,0.0,10,7.4,0.0,0,22.4,0.0,0.0,0.0,0.0,0.0,37
2023-05-11 11:07:50,i2404-C-820,i2404-C-820,22.4,0.0,0.0,0.0,1,7.5,0.0,0,22.4,0.0,0.0,0.0,0.0,0.0,37
2023-05-11 11:07:50,i2404-C-820,i2404-C-820,22.4,0.0,0.0,0.0,10,7.6,0.0,0,22.4,0.0,0.0,0.0,0.0,0.0,37
2023-05-11 11:07:51,i2404-C-820,i2404-C-820,22.4,0.0,0.0,0.0,1,7.7,0.0,0,22.4,0.0,0.0,0.0,0.0,0.0,37
2023-05-11 11:07:51,i2404-C-820,i2404-C-820,22.4,0.0,0.0,0.0,10,7.8,0.0,0,22.4,0.0,0.0,0.0,0.0,0.0,37
2023-05-11 11:07:52,i2404-C-820,i2404-C-820,22.4,0.0,0.0,0.0,1,7.9,0.0,0,22.4,0.0,0.0,0.0,0.0,0.0,37
2023-05-11 11:07:52,i2404-C-820,i2404-C-820,22.4,0.0,0.0,0.0,10,8.0,0.0,0,22.4,0.0,0.0,0.0,0.0,0.0,37
2023-05-11 11:07:53,i2404-C-820,i2404-C-820,22.4,0.0,0.0,0.0,1,8.1,0.0,0,22.4,0.0,0.0,0.0,0.0,0.0,37
2023-05-11 11:07:53,i2404-C-820,i2404-C-820,22.4,0.0,0.0,0.0,10,8.2,0.0,0,22.4,0.0,0.0,0.0,0.0,0.0,37
2023-05-11 11:10:17,i2404-C-820,i2404-C-820,22.4,0.0,0.0,0.0,10,1.6,0.0,0,22.4,0.0,0.0,0.0,0.0,0.0,37
2023-05-11 11:10:18,i2404-C-820,i2404-C-820,22.4,0.0,0.0,0.0,1,1.7,0.0,0,22.4,0.0,0.0,0.0,0.0,0.0,37
2023-05-11 11:11:32,i2404-C-820,i2404-C-820,22.4,0.0,0.0,0.0,10,1.8,0.0,0,22.4,0.0,0.0,0.0,0.0,0.0,37
2023-05-11 11:11:34,i2404-C-820,i2404-C-820,22.4,0.0,0.0,0.0,1,1.9,0.0,0,22.4,0.0,0.0,0.0,0.0,0.0,37
2023-05-11 11:11:34,i2404-C-820,i2404-C-820,22.4,0.0,0.0,0.0,10,2.0,0.0,0,22.4,0.0,0.0,0.0,0.0,0.0,37
2023-05-11 11:11:35,i2404-C-820,i2404-C-820,22.4,0.0,0.0,0.0,1,2.1,0.0,0,22.4,0.0,0.0,0.0,0.0,0.0,37
2023-05-11 11:11:35,i2404-C-820,i2404-C-820,22.4,0.0,0.0,0.0,10,2.2,0.0,0,22.4,0.0,0.0,0.0,0.0,0.0,37
2023-05-11 11:11:36,i2404-C-820,i2404-C-820,22.4,0.0,0.0,0.0,1,2.3,0.0,0,22.4,0.0,0.0,0.0,0.0,0.0,37
2023-05-11 11:11:36,i2404-C-820,i2404-C-820,22.4,0.0,0.0,0.0,10,2.4,0.0,0,22.4,0.0,0.0,0.0,0.0,0.0,37
2023-05-11 11:11:37,i2404-C-820,i2404-C-820,22.4,0.0,0.0,0.0,1,2.5,0.0,0,22.4,0.0,0.0,0.0,0.0,0.0,37
2023-05-11 11:11:37,i2404-C-820,i2404-C-820,22.4,0.0,0.0,0.0,10,2.6,0.0,0,22.4,0.0,0.0,0.0,0.0,0.0,37
2023-05-11 11:11:38,i2404-C-820,i2404-C-820,22.4,0.0,0.0,0.0,1,2.7,0.0,0,22.4,0.0,0.0,0.0,0.0,0.0,37
2023-05-11 11:11:38,i2404-C-820,i2404-C-820,22.4,0.0,0.0,0.0,10,2.8,0.0,0,22.4,0.0,0.0,0.0,0.0,0.0,37
2023-05-11 11:11:39,i2404-C-820,i2404-C-820,22.4,0.0,0.0,0.0,1,2.9,0.0,0,22.4,0.0,0.0,0.0,0.0,0.0,37
2023-05-11 11:11:39,i2404-C-820,i2404-C-820,22.4,0.0,0.0,0.0,10,3.0,0.0,0,22.4,0.0,0.0,0.0,0.0,0.0,37
2023-05-11 11:11:40,i2404-C-820,i2404-C-820,22.4,0.0,0.0,0.0,1,3.1,0.0,0,22.4,0.0,0.0,0.0,0.0,0.0,37
2023-05-11 11:11:40,i2404-C-820,i2404-C-820,22.4,0.0,0.0,0.0,10,3.2,0.0,0,22.4,0.0,0.0,0.0,0.0,0.0,37
2023-05-11 11:11:41,i2404-C-820,i2404-C-820,22.4,0.0,0.0,0.0,1,3.3,0.0,0,22.4,0.0,0.0,0.0,0.0,0.0,37
2023-05-11 11:11:41,i2404-C-820,i2404-C-820,22.4,0.0,0.0,0.0,10,3.4,0.0,0,22.4,0.0,0.0,0.0,0.0,0.0,37
2023-05-11 11:11:43,i2404-C-820,i2404-C-820,22.4,0.0,0.0,0.0,1,3.5,0.0,0,22.4,0.0,0.0,0.0,0.0,0.0,37
2023-05-11 11:11:43,i2404-C-820,i2404-C-820,22.4,0.0,0.0,0.0,10,3.6,0.0,0,22.4,0.0,0.0,0.0,0.0,0.0,37
2023-05-11 11:11:45,i2404-C-820,i2404-C-820,22.4,0.0,0.0,0.0,1,3.7,0.0,0,22.4,0.0,0.0,0.0,0.0,0.0,37
2023-05-11 11:11:45,i2404-C-820,i2404-C-820,22.4,0.0,0.0,0.0,10,3.8,0.0,0,22.4,0.0,0.0,0.0,0.0,0.0,37
2023-05-11 11:11:46,i2404-C-820,i2404-C-820,22.4,0.0,0.0,0.0,1,3.9,0.0,0,22.4,0.0,0.0,0.0,0.0,0.0,37
2023-05-11 11:11:46,i2404-C-820,i2404-C-820,22.4,0.0,0.0,0.0,10,4.0,0.0,0,22.4,0.0,0.0,0.0,0.0,0.0,37
2023-05-11 11:11:47,i2404-C-820,i2404-C-820,22.4,0.0,0.0,0.0,1,4.1,0.0,0,22.4,0.0,0.0,0.0,0.0,0.0,37
2023-05-11 11:11:47,i2404-C-820,i2404-C-820,22.4,0.0,0.0,0.0,10,4.2,0.0,0,22.4,0.0,0.0,0.0,0.0,0.0,37
2023-05-11 11:11:48,i2404-C-820,i2404-C-820,22.4,0.0,0.0,0.0,1,4.3,0.0,0,22.4,0.0,0.0,0.0,0.0,0.0,37
2023-05-11 11:11:48,i2404-C-820,i2404-C-820,22.4,0.0,0.0,0.0,10,4.4,0.0,0,22.4,0.0,0.0,0.0,0.0,0.0,37
2023-05-11 11:11:49,i2404-C-820,i2404-C-820,22.4,0.0,0.0,0.0,1,4.5,0.0,0,22.4,0.0,0.0,0.0,0.0,0.0,37
2023-05-11 11:11:49,i2404-C-820,i2404-C-820,22.4,0.0,0.0,0.0,10,4.6,0.0,0,22.4,0.0,0.0,0.0,0.0,0.0,37
2023-05-11 11:11:50,i2404-C-820,i2404-C-820,22.4,0.0,0.0,0.0,1,4.7,0.0,0,22.4,0.0,0.0,0.0,0.0,0.0,37
2023-05-11 11:11:50,i2404-C-820,i2404-C-820,22.4,0.0,0.0,0.0,10,4.8,0.0,0,22.4,0.0,0.0,0.0,0.0,0.0,37
2023-05-11 11:11:51,i2404-C-820,i2404-C-820,22.4,0.0,0.0,0.0,1,4.9,0.0,0,22.4,0.0,0.0,0.0,0.0,0.0,37
2023-05-11 11:11:51,i2404-C-820,i2404-C-820,22.4,0.0,0.0,0.0,10,5.0,0.0,0,22.4,0.0,0.0,0.0,0.0,0.0,37
2023-05-11 11:11:52,i2404-C-820,i2404-C-820,22.4,0.0,0.0,0.0,1,5.1,0.0,0,22.4,0.0,0.0,0.0,0.0,0.0,37
2023-05-11 11:11:52,i2404-C-820,i2404-C-820,22.4,0.0,0.0,0.0,10,5.2,0.0,0,22.4,0.0,0.0,0.0,0.0,0.0,37
2023-05-11 11:11:53,i2404-C-820,i2404-C-820,22.4,0.0,0.0,0.0,1,5.3,0.0,0,22.4,0.0,0.0,0.0,0.0,0.0,37
2023-05-11 11:11:53,i2404-C-820,i2404-C-820,22.4,0.0,0.0,0.0,10,5.4,0.0,0,22.4,0.0,0.0,0.0,0.0,0.0,37
2023-05-11 11:11:54,i2404-C-820,i2404-C-820,22.4,0.0,0.0,0.0,1,5.5,0.0,0,22.4,0.0,0.0,0.0,0.0,0.0,37
2023-05-11 11:11:54,i2404-C-820,i2404-C-820,22.4,0.0,0.0,0.0,10,5.6,0.0,0,22.4,0.0,0.0,0.0,0.0,0.0,37
2023-05-11 11:11:55,i2404-C-820,i2404-C-820,22.4,0.0,0.0,0.0,1,5.7,0.0,0,22.4,0.0,0.0,0.0,0.0,0.0,37
2023-05-11 11:11:55,i2404-C-820,i2404-C-820,22.4,0.0,0.0,0.0,10,5.8,0.0,0,22.4,0.0,0.0,0.0,0.0,0.0,37
2023-05-11 11:11:56,i2404-C-820,i2404-C-820,22.4,0.0,0.0,0.0,1,5.9,0.0,0,22.4,0.0,0.0,0.0,0.0,0.0,37
2023-05-11 11:11:56,i2404-C-820,i2404-C-820,22.4,0.0,0.0,0.0,10,6.0,0.0,0,22.4,0.0,0.0,0.0,0.0,0.0,37
2023-05-11 11:11:58,i2404-C-820,i2404-C-820,22.4,0.0,0.0,0.0,1,6.1,0.0,0,22.4,0.0,0.0,0.0,0.0,0.0,37
2023-05-11 11:11:58,i2404-C-820,i2404-C-820,22.4,0.0,0.0,0.0,10,6.2,0.0,0,22.4,0.0,0.0,0.0,0.0,0.0,37
2023-05-11 11:11:59,i2404-C-820,i2404-C-820,22.4,0.0,0.0,0.0,1,6.3,0.0,0,22.4,0.0,0.0,0.0,0.0,0.0,37
2023-05-11 11:11:59,i2404-C-820,i2404-C-820,22.4,0.0,0.0,0.0,10,6.4,0.0,0,22.4,0.0,0.0,0.0,0.0,0.0,37
2023-05-11 11:12:00,i2404-C-820,i2404-C-820,22.4,0.0,0.0,0.0,1,6.5,0.0,0,22.4,0.0,0.0,0.0,0.0,0.0,37
2023-05-11 11:12:00,i2404-C-820,i2404-C-820,22.4,0.0,0.0,0.0,10,6.6,0.0,0,22.4,0.0,0.0,0.0,0.0,0.0,37
2023-05-11 11:12:01,i2404-C-820,i2404-C-820,22.4,0.0,0.0,0.0,1,6.7,0.0,0,22.4,0.0,0.0,0.0,0.0,0.0,37
2023-05-11 11:12:01,i2404-C-820,i2404-C-820,22.4,0.0,0.0,0.0,10,6.8,0.0,0,22.4,0.0,0.0,0.0,0.0,0.0,37
2023-05-11 11:12:02,i2404-C-820,i2404-C-820,22.4,0.0,0.0,0.0,1,6.9,0.0,0,22.4,0.0,0.0,0.0,0.0,0.0,37
2023-05-11 11:12:02,i2404-C-820,i2404-C-820,22.4,0.0,0.0,0.0,10,7.0,0.0,0,22.4,0.0,0.0,0.0,0.0,0.0,37
2023-05-11 11:12:03,i2404-C-820,i2404-C-820,22.4,0.0,0.0,0.0,1,7.1,0.0,0,22.4,0.0,0.0,0.0,0.0,0.0,37
2023-05-11 11:12:03,i2404-C-820,i2404-C-820,22.4,0.0,0.0,0.0,10,7.2,0.0,0,22.4,0.0,0.0,0.0,0.0,0.0,37
2023-05-11 11:12:04,i2404-C-820,i2404-C-820,22.4,0.0,0.0,0.0,1,7.3,0.0,0,22.4,0.0,0.0,0.0,0.0,0.0,37
2023-05-11 11:12:04,i2404-C-820,i2404-C-820,22.4,0.0,0.0,0.0,10,7.4,0.0,0,22.4,0.0,0.0,0.0,0.0,0.0,37
2023-05-11 11:12:05,i2404-C-820,i2404-C-820,22.4,0.0,0.0,0.0,1,7.5,0.0,0,22.4,0.0,0.0,0.0,0.0,0.0,37
2023-05-11 11:12:05,i2404-C-820,i2404-C-820,22.4,0.0,0.0,0.0,10,7.6,0.0,0,22.4,0.0,0.0,0.0,0.0,0.0,37
2023-05-11 11:12:06,i2404-C-820,i2404-C-820,22.4,0.0,0.0,0.0,1,7.7,0.0,0,22.4,0.0,0.0,0.0,0.0,0.0,37
2023-05-11 11:12:06,i2404-C-820,i2404-C-820,22.4,0.0,0.0,0.0,10,7.8,0.0,0,22.4,0.0,0.0,0.0,0.0,0.0,37
2023-05-11 11:12:07,i2404-C-820,i2404-C-820,22.4,0.0,0.0,0.0,1,7.9,0.0,0,22.4,0.0,0.0,0.0,0.0,0.0,37
2023-05-11 11:12:07,i2404-C-820,i2404-C-820,22.4,0.0,0.0,0.0,10,8.0,0.0,0,22.4,0.0,0.0,0.0,0.0,0.0,37
2023-05-11 11:12:08,i2404-C-820,i2404-C-820,22.4,0.0,0.0,0.0,1,8.1,0.0,0,22.4,0.0,0.0,0.0,0.0,0.0,37
2023-05-11 11:12:08,i2404-C-820,i2404-C-820,22.4,0.0,0.0,0.0,10,8.2,0.0,0,22.4,0.0,0.0,0.0,0.0,0.0,37
2023-05-11 11:18:44,i2404-C-820,i2404-C-820,22.4,0.0,0.0,0.0,1,8.3,0.0,0,22.4,0.0,0.0,0.0,0.0,0.0,37
2023-05-11 11:18:44,i2404-C-820,i2404-C-820,22.4,0.0,0.0,0.0,10,8.4,0.0,0,22.4,0.0,0.0,0.0,0.0,0.0,37
2023-05-11 11:29:32,i2404-C-820,i2404-C-820,22.4,0.0,0.0,0.0,10,1.6,0.0,0,22.4,0.0,0.0,0.0,0.0,0.0,37
2023-05-11 13:30:14,i2404-C-820,i2404-C-820,22.4,0.0,0.0,0.0,10,1.7,0.0,0,22.4,0.0,0.0,0.0,0.0,0.0,37
2023-05-11 13:31:31,i2404-C-820,i2404-C-820,22.4,0.0,0.0,0.0,1,1.8,0.0,0,22.4,0.0,0.0,0.0,0.0,0.0,37
2023-05-11 13:31:31,i2404-C-820,i2404-C-820,22.4,0.0,0.0,0.0,10,1.9,0.0,0,22.4,0.0,0.0,0.0,0.0,0.0,37
2023-05-11 13:34:06,i2404-C-820,i2404-C-820,22.4,0.0,0.0,0.0,1,2.0,0.0,0,22.4,0.0,0.0,0.0,0.0,0.0,37
2023-05-11 13:34:06,i2404-C-820,i2404-C-820,22.4,0.0,0.0,0.0,10,2.1,0.0,0,22.4,0.0,0.0,0.0,0.0,0.0,37
2023-05-11 13:34:11,i2404-C-820,i2404-C-820,22.4,0.0,0.0,0.0,1,2.2,0.0,0,22.4,0.0,0.0,0.0,0.0,0.0,37
2023-05-11 13:34:11,i2404-C-820,i2404-C-820,22.4,0.0,0.0,0.0,10,2.3,0.0,0,22.4,0.0,0.0,0.0,0.0,0.0,37
2023-05-11 13:34:15,i2404-C-820,i2404-C-820,22.4,0.0,0.0,0.0,1,2.4,0.0,0,22.4,0.0,0.0,0.0,0.0,0.0,37
2023-05-11 13:34:15,i2404-C-820,i2404-C-820,22.4,0.0,0.0,0.0,10,2.5,0.0,0,22.4,0.0,0.0,0.0,0.0,0.0,37
2023-05-11 13:34:19,i2404-C-820,i2404-C-820,22.4,0.0,0.0,0.0,1,2.6,0.0,0,22.4,0.0,0.0,0.0,0.0,0.0,37
2023-05-11 13:34:19,i2404-C-820,i2404-C-820,22.4,0.0,0.0,0.0,10,2.7,0.0,0,22.4,0.0,0.0,0.0,0.0,0.0,37
2023-05-11 13:34:23,i2404-C-820,i2404-C-820,22.4,0.0,0.0,0.0,1,2.8,0.0,0,22.4,0.0,0.0,0.0,0.0,0.0,37
2023-05-11 13:34:23,i2404-C-820,i2404-C-820,22.4,0.0,0.0,0.0,10,2.9,0.0,0,22.4,0.0,0.0,0.0,0.0,0.0,37
2023-05-11 13:34:24,i2404-C-820,i2404-C-820,22.4,0.0,0.0,0.0,1,3.0,0.0,0,22.4,0.0,0.0,0.0,0.0,0.0,37
2023-05-11 13:34:24,i2404-C-820,i2404-C-820,22.4,0.0,0.0,0.0,10,3.1,0.0,0,22.4,0.0,0.0,0.0,0.0,0.0,37
2023-05-11 13:34:25,i2404-C-820,i2404-C-820,22.4,0.0,0.0,0.0,1,3.2,0.0,0,22.4,0.0,0.0,0.0,0.0,0.0,37
2023-05-11 13:34:25,i2404-C-820,i2404-C-820,22.4,0.0,0.0,0.0,10,3.3,0.0,0,22.4,0.0,0.0,0.0,0.0,0.0,37
2023-05-11 13:34:26,i2404-C-820,i2404-C-820,22.4,0.0,0.0,0.0,1,3.4,0.0,0,22.4,0.0,0.0,0.0,0.0,0.0,37
2023-05-11 13:34:27,i2404-C-820,i2404-C-820,22.4,0.0,0.0,0.0,10,3.5,0.0,0,22.4,0.0,0.0,0.0,0.0,0.0,37
2023-05-11 13:34:27,i2404-C-820,i2404-C-820,22.4,0.0,0.0,0.0,1,3.6,0.0,0,22.4,0.0,0.0,0.0,0.0,0.0,37
2023-05-11 13:34:27,i2404-C-820,i2404-C-820,22.4,0.0,0.0,0.0,10,3.7,0.0,0,22.4,0.0,0.0,0.0,0.0,0.0,37
2023-05-11 13:34:29,i2404-C-820,i2404-C-820,22.4,0.0,0.0,0.0,1,3.8,0.0,0,22.4,0.0,0.0,0.0,0.0,0.0,37
2023-05-11 13:34:29,i2404-C-820,i2404-C-820,22.4,0.0,0.0,0.0,10,3.9,0.0,0,22.4,0.0,0.0,0.0,0.0,0.0,37
2023-05-11 13:34:30,i2404-C-820,i2404-C-820,22.4,0.0,0.0,0.0,1,4.0,0.0,0,22.4,0.0,0.0,0.0,0.0,0.0,37
2023-05-11 13:34:30,i2404-C-820,i2404-C-820,22.4,0.0,0.0,0.0,10,4.1,0.0,0,22.4,0.0,0.0,0.0,0.0,0.0,37
2023-05-11 13:34:31,i2404-C-820,i2404-C-820,22.4,0.0,0.0,0.0,1,4.2,0.0,0,22.4,0.0,0.0,0.0,0.0,0.0,37
2023-05-11 13:34:31,i2404-C-820,i2404-C-820,22.4,0.0,0.0,0.0,10,4.3,0.0,0,22.4,0.0,0.0,0.0,0.0,0.0,37
2023-05-11 13:34:32,i2404-C-820,i2404-C-820,22.4,0.0,0.0,0.0,1,4.4,0.0,0,22.4,0.0,0.0,0.0,0.0,0.0,37
2023-05-11 13:34:32,i2404-C-820,i2404-C-820,22.4,0.0,0.0,0.0,10,4.5,0.0,0,22.4,0.0,0.0,0.0,0.0,0.0,37
2023-05-11 13:34:33,i2404-C-820,i2404-C-820,22.4,0.0,0.0,0.0,1,4.6,0.0,0,22.4,0.0,0.0,0.0,0.0,0.0,37
2023-05-11 13:34:34,i2404-C-820,i2404-C-820,22.4,0.0,0.0,0.0,10,4.7,0.0,0,22.4,0.0,0.0,0.0,0.0,0.0,37
2023-05-11 13:34:34,i2404-C-820,i2404-C-820,22.4,0.0,0.0,0.0,1,4.8,0.0,0,22.4,0.0,0.0,0.0,0.0,0.0,37
2023-05-11 13:34:34,i2404-C-820,i2404-C-820,22.4,0.0,0.0,0.0,10,4.9,0.0,0,22.4,0.0,0.0,0.0,0.0,0.0,37
2023-05-11 13:34:35,i2404-C-820,i2404-C-820,22.4,0.0,0.0,0.0,1,5.0,0.0,0,22.4,0.0,0.0,0.0,0.0,0.0,37
2023-05-11 13:34:36,i2404-C-820,i2404-C-820,22.4,0.0,0.0,0.0,10,5.1,0.0,0,22.4,0.0,0.0,0.0,0.0,0.0,37
2023-05-11 13:34:36,i2404-C-820,i2404-C-820,22.4,0.0,0.0,0.0,1,5.2,0.0,0,22.4,0.0,0.0,0.0,0.0,0.0,37
2023-05-11 13:34:37,i2404-C-820,i2404-C-820,22.4,0.0,0.0,0.0,10,5.3,0.0,0,22.4,0.0,0.0,0.0,0.0,0.0,37
2023-05-11 13:34:37,i2404-C-820,i2404-C-820,22.4,0.0,0.0,0.0,1,5.4,0.0,0,22.4,0.0,0.0,0.0,0.0,0.0,37
2023-05-11 13:34:37,i2404-C-820,i2404-C-820,22.4,0.0,0.0,0.0,10,5.5,0.0,0,22.4,0.0,0.0,0.0,0.0,0.0,37
2023-05-11 13:34:38,i2404-C-820,i2404-C-820,22.4,0.0,0.0,0.0,1,5.6,0.0,0,22.4,0.0,0.0,0.0,0.0,0.0,37
2023-05-11 13:34:38,i2404-C-820,i2404-C-820,22.4,0.0,0.0,0.0,10,5.7,0.0,0,22.4,0.0,0.0,0.0,0.0,0.0,37
2023-05-11 13:34:39,i2404-C-820,i2404-C-820,22.4,0.0,0.0,0.0,1,5.8,0.0,0,22.4,0.0,0.0,0.0,0.0,0.0,37
2023-05-11 13:34:39,i2404-C-820,i2404-C-820,22.4,0.0,0.0,0.0,10,5.9,0.0,0,22.4,0.0,0.0,0.0,0.0,0.0,37
2023-05-11 13:34:40,i2404-C-820,i2404-C-820,22.4,0.0,0.0,0.0,1,6.0,0.0,0,22.4,0.0,0.0,0.0,0.0,0.0,37
2023-05-11 13:34:40,i2404-C-820,i2404-C-820,22.4,0.0,0.0,0.0,10,6.1,0.0,0,22.4,0.0,0.0,0.0,0.0,0.0,37
2023-05-11 13:34:41,i2404-C-820,i2404-C-820,22.4,0.0,0.0,0.0,1,6.2,0.0,0,22.4,0.0,0.0,0.0,0.0,0.0,37
2023-05-11 13:34:41,i2404-C-820,i2404-C-820,22.4,0.0,0.0,0.0,10,6.3,0.0,0,22.4,0.0,0.0,0.0,0.0,0.0,37
2023-05-11 13:34:42,i2404-C-820,i2404-C-820,22.4,0.0,0.0,0.0,1,6.4,0.0,0,22.4,0.0,0.0,0.0,0.0,0.0,37
2023-05-11 13:34:42,i2404-C-820,i2404-C-820,22.4,0.0,0.0,0.0,10,6.5,0.0,0,22.4,0.0,0.0,0.0,0.0,0.0,37
2023-05-11 13:34:43,i2404-C-820,i2404-C-820,22.4,0.0,0.0,0.0,1,6.6,0.0,0,22.4,0.0,0.0,0.0,0.0,0.0,37
2023-05-11 13:34:43,i2404-C-820,i2404-C-820,22.4,0.0,0.0,0.0,10,6.7,0.0,0,22.4,0.0,0.0,0.0,0.0,0.0,37
2023-05-11 13:34:44,i2404-C-820,i2404-C-820,22.4,0.0,0.0,0.0,1,6.8,0.0,0,22.4,0.0,0.0,0.0,0.0,0.0,37
2023-05-11 13:34:44,i2404-C-820,i2404-C-820,22.4,0.0,0.0,0.0,10,6.9,0.0,0,22.4,0.0,0.0,0.0,0.0,0.0,37
2023-05-11 13:34:45,i2404-C-820,i2404-C-820,22.4,0.0,0.0,0.0,1,7.0,0.0,0,22.4,0.0,0.0,0.0,0.0,0.0,37
2023-05-11 13:34:45,i2404-C-820,i2404-C-820,22.4,0.0,0.0,0.0,10,7.1,0.0,0,22.4,0.0,0.0,0.0,0.0,0.0,37
2023-05-11 13:34:46,i2404-C-820,i2404-C-820,22.4,0.0,0.0,0.0,1,7.2,0.0,0,22.4,0.0,0.0,0.0,0.0,0.0,37
2023-05-11 13:34:46,i2404-C-820,i2404-C-820,22.4,0.0,0.0,0.0,10,7.3,0.0,0,22.4,0.0,0.0,0.0,0.0,0.0,37
2023-05-11 13:34:47,i2404-C-820,i2404-C-820,22.4,0.0,0.0,0.0,1,7.4,0.0,0,22.4,0.0,0.0,0.0,0.0,0.0,37
2023-05-11 13:34:47,i2404-C-820,i2404-C-820,22.4,0.0,0.0,0.0,10,7.5,0.0,0,22.4,0.0,0.0,0.0,0.0,0.0,37
2023-05-11 13:34:48,i2404-C-820,i2404-C-820,22.4,0.0,0.0,0.0,1,7.6,0.0,0,22.4,0.0,0.0,0.0,0.0,0.0,37
2023-05-11 13:34:48,i2404-C-820,i2404-C-820,22.4,0.0,0.0,0.0,10,7.7,0.0,0,22.4,0.0,0.0,0.0,0.0,0.0,37
2023-05-11 13:34:50,i2404-C-820,i2404-C-820,22.4,0.0,0.0,0.0,1,7.8,0.0,0,22.4,0.0,0.0,0.0,0.0,0.0,37
2023-05-11 13:34:50,i2404-C-820,i2404-C-820,22.4,0.0,0.0,0.0,10,7.9,0.0,0,22.4,0.0,0.0,0.0,0.0,0.0,37
2023-05-11 13:34:51,i2404-C-820,i2404-C-820,22.4,0.0,0.0,0.0,1,8.0,0.0,0,22.4,0.0,0.0,0.0,0.0,0.0,37
2023-05-11 13:34:51,i2404-C-820,i2404-C-820,22.4,0.0,0.0,0.0,10,8.1,0.0,0,22.4,0.0,0.0,0.0,0.0,0.0,37
2023-05-11 13:39:05,i2404-C-820,i2404-C-820,22.4,0.0,0.0,0.0,1,8.2,0.0,0,22.4,0.0,0.0,0.0,0.0,0.0,37
2023-05-11 13:39:05,i2404-C-820,i2404-C-820,22.4,0.0,0.0,0.0,10,8.3,0.0,0,22.4,0.0,0.0,0.0,0.0,0.0,37
2023-05-11 13:45:41,i2404-C-820,i2404-C-820,22.4,0.0,0.0,0.0,1,8.4,0.0,0,22.4,0.0,0.0,0.0,0.0,0.0,37
2023-05-11 13:45:41,i2404-C-820,i2404-C-820,22.4,0.0,0.0,0.0,10,8.5,0.0,0,22.4,0.0,0.0,0.0,0.0,0.0,37
2023-05-11 14:23:11,i2404-C-820,i2404-C-820,22.4,0.0,0.0,0.0,10,1.6,0.0,0,22.4,0.0,0.0,0.0,0.0,0.0,37
2023-05-11 14:23:12,i2404-C-820,i2404-C-820,22.4,0.0,0.0,0.0,1,1.7,0.0,0,22.4,0.0,0.0,0.0,0.0,0.0,37
2023-05-11 14:23:51,i2404-C-820,i2404-C-820,22.4,0.0,0.0,0.0,10,1.8,0.0,0,22.4,0.0,0.0,0.0,0.0,0.0,37
2023-05-11 14:23:52,i2404-C-820,i2404-C-820,22.4,0.0,0.0,0.0,1,1.9,0.0,0,22.4,0.0,0.0,0.0,0.0,0.0,37
2023-05-11 14:23:52,i2404-C-820,i2404-C-820,22.4,0.0,0.0,0.0,10,2.0,0.0,0,22.4,0.0,0.0,0.0,0.0,0.0,37
2023-05-11 14:23:53,i2404-C-820,i2404-C-820,22.4,0.0,0.0,0.0,1,2.1,0.0,0,22.4,0.0,0.0,0.0,0.0,0.0,37
2023-05-11 14:23:53,i2404-C-820,i2404-C-820,22.4,0.0,0.0,0.0,10,2.2,0.0,0,22.4,0.0,0.0,0.0,0.0,0.0,37
2023-05-11 14:23:54,i2404-C-820,i2404-C-820,22.4,0.0,0.0,0.0,1,2.3,0.0,0,22.4,0.0,0.0,0.0,0.0,0.0,37
2023-05-11 14:23:54,i2404-C-820,i2404-C-820,22.4,0.0,0.0,0.0,10,2.4,0.0,0,22.4,0.0,0.0,0.0,0.0,0.0,37
2023-05-11 14:23:55,i2404-C-820,i2404-C-820,22.4,0.0,0.0,0.0,1,2.5,0.0,0,22.4,0.0,0.0,0.0,0.0,0.0,37
2023-05-11 14:23:55,i2404-C-820,i2404-C-820,22.4,0.0,0.0,0.0,10,2.6,0.0,0,22.4,0.0,0.0,0.0,0.0,0.0,37
2023-05-11 14:23:57,i2404-C-820,i2404-C-820,22.4,0.0,0.0,0.0,1,2.7,0.0,0,22.4,0.0,0.0,0.0,0.0,0.0,37
2023-05-11 14:23:57,i2404-C-820,i2404-C-820,22.4,0.0,0.0,0.0,10,2.8,0.0,0,22.4,0.0,0.0,0.0,0.0,0.0,37
2023-05-11 14:23:58,i2404-C-820,i2404-C-820,22.4,0.0,0.0,0.0,1,2.9,0.0,0,22.4,0.0,0.0,0.0,0.0,0.0,37
2023-05-11 14:23:58,i2404-C-820,i2404-C-820,22.4,0.0,0.0,0.0,10,3.0,0.0,0,22.4,0.0,0.0,0.0,0.0,0.0,37
2023-05-11 14:23:59,i2404-C-820,i2404-C-820,22.4,0.0,0.0,0.0,1,3.1,0.0,0,22.4,0.0,0.0,0.0,0.0,0.0,37
2023-05-11 14:23:59,i2404-C-820,i2404-C-820,22.4,0.0,0.0,0.0,10,3.2,0.0,0,22.4,0.0,0.0,0.0,0.0,0.0,37
2023-05-11 14:24:00,i2404-C-820,i2404-C-820,22.4,0.0,0.0,0.0,1,3.3,0.0,0,22.4,0.0,0.0,0.0,0.0,0.0,37
2023-05-11 14:24:00,i2404-C-820,i2404-C-820,22.4,0.0,0.0,0.0,10,3.4,0.0,0,22.4,0.0,0.0,0.0,0.0,0.0,37
2023-05-11 14:24:01,i2404-C-820,i2404-C-820,22.4,0.0,0.0,0.0,1,3.5,0.0,0,22.4,0.0,0.0,0.0,0.0,0.0,37
2023-05-11 14:24:01,i2404-C-820,i2404-C-820,22.4,0.0,0.0,0.0,10,3.6,0.0,0,22.4,0.0,0.0,0.0,0.0,0.0,37
2023-05-11 14:24:02,i2404-C-820,i2404-C-820,22.4,0.0,0.0,0.0,1,3.7,0.0,0,22.4,0.0,0.0,0.0,0.0,0.0,37
2023-05-11 14:24:02,i2404-C-820,i2404-C-820,22.4,0.0,0.0,0.0,10,3.8,0.0,0,22.4,0.0,0.0,0.0,0.0,0.0,37
2023-05-11 14:24:04,i2404-C-820,i2404-C-820,22.4,0.0,0.0,0.0,1,3.9,0.0,0,22.4,0.0,0.0,0.0,0.0,0.0,37
2023-05-11 14:24:04,i2404-C-820,i2404-C-820,22.4,0.0,0.0,0.0,10,4.0,0.0,0,22.4,0.0,0.0,0.0,0.0,0.0,37
2023-05-11 14:24:05,i2404-C-820,i2404-C-820,22.4,0.0,0.0,0.0,1,4.1,0.0,0,22.4,0.0,0.0,0.0,0.0,0.0,37
2023-05-11 14:24:05,i2404-C-820,i2404-C-820,22.4,0.0,0.0,0.0,10,4.2,0.0,0,22.4,0.0,0.0,0.0,0.0,0.0,37
2023-05-11 14:24:06,i2404-C-820,i2404-C-820,22.4,0.0,0.0,0.0,1,4.3,0.0,0,22.4,0.0,0.0,0.0,0.0,0.0,37
2023-05-11 14:24:06,i2404-C-820,i2404-C-820,22.4,0.0,0.0,0.0,10,4.4,0.0,0,22.4,0.0,0.0,0.0,0.0,0.0,37
2023-05-11 14:24:07,i2404-C-820,i2404-C-820,22.4,0.0,0.0,0.0,1,4.5,0.0,0,22.4,0.0,0.0,0.0,0.0,0.0,37
2023-05-11 14:24:07,i2404-C-820,i2404-C-820,22.4,0.0,0.0,0.0,10,4.6,0.0,0,22.4,0.0,0.0,0.0,0.0,0.0,37
2023-05-11 14:24:08,i2404-C-820,i2404-C-820,22.4,0.0,0.0,0.0,1,4.7,0.0,0,22.4,0.0,0.0,0.0,0.0,0.0,37
2023-05-11 14:24:08,i2404-C-820,i2404-C-820,22.4,0.0,0.0,0.0,10,4.8,0.0,0,22.4,0.0,0.0,0.0,0.0,0.0,37
2023-05-11 14:24:09,i2404-C-820,i2404-C-820,22.4,0.0,0.0,0.0,1,4.9,0.0,0,22.4,0.0,0.0,0.0,0.0,0.0,37
2023-05-11 14:24:09,i2404-C-820,i2404-C-820,22.4,0.0,0.0,0.0,10,5.0,0.0,0,22.4,0.0,0.0,0.0,0.0,0.0,37
2023-05-11 14:24:10,i2404-C-820,i2404-C-820,22.4,0.0,0.0,0.0,1,5.1,0.0,0,22.4,0.0,0.0,0.0,0.0,0.0,37
2023-05-11 14:24:10,i2404-C-820,i2404-C-820,22.4,0.0,0.0,0.0,10,5.2,0.0,0,22.4,0.0,0.0,0.0,0.0,0.0,37
2023-05-11 14:24:11,i2404-C-820,i2404-C-820,22.4,0.0,0.0,0.0,1,5.3,0.0,0,22.4,0.0,0.0,0.0,0.0,0.0,37
2023-05-11 14:24:11,i2404-C-820,i2404-C-820,22.4,0.0,0.0,0.0,10,5.4,0.0,0,22.4,0.0,0.0,0.0,0.0,0.0,37
2023-05-11 14:24:12,i2404-C-820,i2404-C-820,22.4,0.0,0.0,0.0,1,5.5,0.0,0,22.4,0.0,0.0,0.0,0.0,0.0,37
2023-05-11 14:24:12,i2404-C-820,i2404-C-820,22.4,0.0,0.0,0.0,10,5.6,0.0,0,22.4,0.0,0.0,0.0,0.0,0.0,37
2023-05-11 14:24:13,i2404-C-820,i2404-C-820,22.4,0.0,0.0,0.0,1,5.7,0.0,0,22.4,0.0,0.0,0.0,0.0,0.0,37
2023-05-11 14:24:13,i2404-C-820,i2404-C-820,22.4,0.0,0.0,0.0,10,5.8,0.0,0,22.4,0.0,0.0,0.0,0.0,0.0,37
2023-05-11 14:24:14,i2404-C-820,i2404-C-820,22.4,0.0,0.0,0.0,1,5.9,0.0,0,22.4,0.0,0.0,0.0,0.0,0.0,37
2023-05-11 14:24:14,i2404-C-820,i2404-C-820,22.4,0.0,0.0,0.0,10,6.0,0.0,0,22.4,0.0,0.0,0.0,0.0,0.0,37
2023-05-11 14:24:15,i2404-C-820,i2404-C-820,22.4,0.0,0.0,0.0,1,6.1,0.0,0,22.4,0.0,0.0,0.0,0.0,0.0,37
2023-05-11 14:24:15,i2404-C-820,i2404-C-820,22.4,0.0,0.0,0.0,10,6.2,0.0,0,22.4,0.0,0.0,0.0,0.0,0.0,37
2023-05-11 14:24:16,i2404-C-820,i2404-C-820,22.4,0.0,0.0,0.0,1,6.3,0.0,0,22.4,0.0,0.0,0.0,0.0,0.0,37
2023-05-11 14:24:16,i2404-C-820,i2404-C-820,22.4,0.0,0.0,0.0,10,6.4,0.0,0,22.4,0.0,0.0,0.0,0.0,0.0,37
2023-05-11 14:24:17,i2404-C-820,i2404-C-820,22.4,0.0,0.0,0.0,1,6.5,0.0,0,22.4,0.0,0.0,0.0,0.0,0.0,37
2023-05-11 14:24:17,i2404-C-820,i2404-C-820,22.4,0.0,0.0,0.0,10,6.6,0.0,0,22.4,0.0,0.0,0.0,0.0,0.0,37
2023-05-11 14:24:18,i2404-C-820,i2404-C-820,22.4,0.0,0.0,0.0,1,6.7,0.0,0,22.4,0.0,0.0,0.0,0.0,0.0,37
2023-05-11 14:24:18,i2404-C-820,i2404-C-820,22.4,0.0,0.0,0.0,10,6.8,0.0,0,22.4,0.0,0.0,0.0,0.0,0.0,37
2023-05-11 14:24:19,i2404-C-820,i2404-C-820,22.4,0.0,0.0,0.0,1,6.9,0.0,0,22.4,0.0,0.0,0.0,0.0,0.0,37
2023-05-11 14:24:19,i2404-C-820,i2404-C-820,22.4,0.0,0.0,0.0,10,7.0,0.0,0,22.4,0.0,0.0,0.0,0.0,0.0,37
2023-05-11 14:24:21,i2404-C-820,i2404-C-820,22.4,0.0,0.0,0.0,1,7.1,0.0,0,22.4,0.0,0.0,0.0,0.0,0.0,37
2023-05-11 14:24:21,i2404-C-820,i2404-C-820,22.4,0.0,0.0,0.0,10,7.2,0.0,0,22.4,0.0,0.0,0.0,0.0,0.0,37
2023-05-11 14:24:22,i2404-C-820,i2404-C-820,22.4,0.0,0.0,0.0,1,7.3,0.0,0,22.4,0.0,0.0,0.0,0.0,0.0,37
2023-05-11 14:24:22,i2404-C-820,i2404-C-820,22.4,0.0,0.0,0.0,10,7.4,0.0,0,22.4,0.0,0.0,0.0,0.0,0.0,37
2023-05-11 14:24:23,i2404-C-820,i2404-C-820,22.4,0.0,0.0,0.0,1,7.5,0.0,0,22.4,0.0,0.0,0.0,0.0,0.0,37
2023-05-11 14:24:23,i2404-C-820,i2404-C-820,22.4,0.0,0.0,0.0,10,7.6,0.0,0,22.4,0.0,0.0,0.0,0.0,0.0,37
2023-05-11 14:24:24,i2404-C-820,i2404-C-820,22.4,0.0,0.0,0.0,1,7.7,0.0,0,22.4,0.0,0.0,0.0,0.0,0.0,37
2023-05-11 14:24:24,i2404-C-820,i2404-C-820,22.4,0.0,0.0,0.0,10,7.8,0.0,0,22.4,0.0,0.0,0.0,0.0,0.0,37
2023-05-11 14:24:25,i2404-C-820,i2404-C-820,22.4,0.0,0.0,0.0,1,7.9,0.0,0,22.4,0.0,0.0,0.0,0.0,0.0,37
2023-05-11 14:24:25,i2404-C-820,i2404-C-820,22.4,0.0,0.0,0.0,10,8.0,0.0,0,22.4,0.0,0.0,0.0,0.0,0.0,37
2023-05-11 14:27:48,i2404-C-820,i2404-C-820,22.4,0.0,0.0,0.0,1,8.1,0.0,0,22.4,0.0,0.0,0.0,0.0,0.0,37
2023-05-11 14:27:48,i2404-C-820,i2404-C-820,22.4,0.0,0.0,0.0,10,8.2,0.0,0,22.4,0.0,0.0,0.0,0.0,0.0,37
2023-05-11 14:39:15,i2404-C-820,i2404-C-820,22.4,0.0,0.0,0.0,10,1.6,0.0,0,22.4,0.0,0.0,0.0,0.0,0.0,37
2023-05-11 14:46:52,i2404-C-820,i2404-C-820,22.4,0.0,0.0,0.0,10,1.7,0.0,0,22.4,0.0,0.0,0.0,0.0,0.0,37
2023-05-11 14:58:49,i2404-C-820,i2404-C-820,22.4,0.0,0.0,0.0,10,1.6,0.0,0,22.4,0.0,0.0,0.0,0.0,0.0,37
2023-05-11 14:59:02,i2404-C-820,i2404-C-820,22.4,0.0,0.0,0.0,10,1.7,0.0,0,22.4,0.0,0.0,0.0,0.0,0.0,37
2023-05-11 14:59:54,i2404-C-820,i2404-C-820,22.4,0.0,0.0,0.0,10,1.6,0.0,0,22.4,0.0,0.0,0.0,0.0,0.0,37
2023-05-11 15:01:10,i2404-C-820,i2404-C-820,22.4,0.0,0.0,0.0,10,1.6,0.0,0,22.4,0.0,0.0,0.0,0.0,0.0,37
