time,symbol_id,symbol_name,last,trade_volume,trade_amount,open_interest_change,bv1,bp1,ap1,av1,yesterday_close,today_open,today_high,today_low,volume,amount,open_interest
2023-05-10 20:56:49,i2401-P-600,i2401-P-600,27.8,0.0,0.0,0.0,24,7.0,60.0,2,27.8,26.3,0.0,0.0,0.0,0.0,1314
2023-05-10 21:00:00,i2401-P-600,i2401-P-600,27.8,0.0,0.0,0.0,24,7.0,37.0,1,27.8,26.3,0.0,0.0,0.0,0.0,1314
2023-05-10 21:00:01,i2401-P-600,i2401-P-600,27.8,0.0,0.0,0.0,4,13.5,33.2,4,27.8,26.3,0.0,0.0,0.0,0.0,1314
2023-05-10 21:00:05,i2401-P-600,i2401-P-600,27.8,0.0,0.0,0.0,20,13.6,33.1,20,27.8,26.3,0.0,0.0,0.0,0.0,1314
2023-05-10 21:00:06,i2401-P-600,i2401-P-600,27.8,0.0,0.0,0.0,4,17.4,29.3,4,27.8,26.3,0.0,0.0,0.0,0.0,1314
2023-05-10 21:00:07,i2401-P-600,i2401-P-600,27.8,0.0,0.0,0.0,20,17.5,29.3,4,27.8,26.3,0.0,0.0,0.0,0.0,1314
2023-05-10 21:00:07,i2401-P-600,i2401-P-600,27.8,0.0,0.0,0.0,4,21.3,29.3,4,27.8,26.3,0.0,0.0,0.0,0.0,1314
2023-05-10 21:00:08,i2401-P-600,i2401-P-600,27.8,0.0,0.0,0.0,20,21.4,29.3,4,27.8,26.3,0.0,0.0,0.0,0.0,1314
2023-05-10 21:00:10,i2401-P-600,i2401-P-600,27.8,0.0,0.0,0.0,4,25.2,29.3,4,27.8,26.3,0.0,0.0,0.0,0.0,1314
2023-05-10 21:00:18,i2401-P-600,i2401-P-600,27.8,0.0,0.0,0.0,4,13.3,33.2,4,27.8,26.3,0.0,0.0,0.0,0.0,1314
2023-05-10 21:00:18,i2401-P-600,i2401-P-600,27.8,0.0,0.0,0.0,20,13.4,33.1,20,27.8,26.3,0.0,0.0,0.0,0.0,1314
2023-05-10 21:00:19,i2401-P-600,i2401-P-600,27.8,0.0,0.0,0.0,4,17.2,29.3,4,27.8,26.3,0.0,0.0,0.0,0.0,1314
2023-05-10 21:00:19,i2401-P-600,i2401-P-600,27.8,0.0,0.0,0.0,20,17.3,29.3,4,27.8,26.3,0.0,0.0,0.0,0.0,1314
2023-05-10 21:00:20,i2401-P-600,i2401-P-600,27.8,0.0,0.0,0.0,4,21.1,29.3,4,27.8,26.3,0.0,0.0,0.0,0.0,1314
2023-05-10 21:00:21,i2401-P-600,i2401-P-600,27.8,0.0,0.0,0.0,4,25.0,29.3,4,27.8,26.3,0.0,0.0,0.0,0.0,1314
2023-05-10 21:00:21,i2401-P-600,i2401-P-600,27.8,0.0,0.0,0.0,24,25.0,29.3,4,27.8,26.3,0.0,0.0,0.0,0.0,1314
2023-05-10 21:00:22,i2401-P-600,i2401-P-600,27.8,0.0,0.0,0.0,4,25.9,29.3,4,27.8,26.3,0.0,0.0,0.0,0.0,1314
2023-05-10 21:00:25,i2401-P-600,i2401-P-600,27.8,0.0,0.0,0.0,4,25.9,37.0,1,27.8,26.3,0.0,0.0,0.0,0.0,1314
2023-05-10 21:00:25,i2401-P-600,i2401-P-600,27.8,0.0,0.0,0.0,4,25.9,33.2,4,27.8,26.3,0.0,0.0,0.0,0.0,1314
2023-05-10 21:00:26,i2401-P-600,i2401-P-600,27.8,0.0,0.0,0.0,4,25.9,29.3,4,27.8,26.3,0.0,0.0,0.0,0.0,1314
2023-05-10 21:00:30,i2401-P-600,i2401-P-600,27.8,0.0,0.0,0.0,20,13.3,29.3,24,27.8,26.3,0.0,0.0,0.0,0.0,1314
2023-05-10 21:00:30,i2401-P-600,i2401-P-600,27.8,0.0,0.0,0.0,20,13.3,27.4,4,27.8,26.3,0.0,0.0,0.0,0.0,1314
2023-05-10 21:00:31,i2401-P-600,i2401-P-600,27.8,0.0,0.0,0.0,4,17.1,27.4,4,27.8,26.3,0.0,0.0,0.0,0.0,1314
2023-05-10 21:00:31,i2401-P-600,i2401-P-600,27.8,0.0,0.0,0.0,20,17.2,27.4,4,27.8,26.3,0.0,0.0,0.0,0.0,1314
2023-05-10 21:00:32,i2401-P-600,i2401-P-600,27.8,0.0,0.0,0.0,4,21.0,27.4,4,27.8,26.3,0.0,0.0,0.0,0.0,1314
2023-05-10 21:00:32,i2401-P-600,i2401-P-600,27.8,0.0,0.0,0.0,20,21.1,27.4,4,27.8,26.3,0.0,0.0,0.0,0.0,1314
2023-05-10 21:00:33,i2401-P-600,i2401-P-600,27.8,0.0,0.0,0.0,4,24.9,27.4,4,27.8,26.3,0.0,0.0,0.0,0.0,1314
2023-05-10 21:00:36,i2401-P-600,i2401-P-600,27.8,0.0,0.0,0.0,4,24.9,27.0,1,27.8,26.3,0.0,0.0,0.0,0.0,1314
2023-05-10 21:00:39,i2401-P-600,i2401-P-600,27.8,0.0,0.0,0.0,4,25.7,27.0,1,27.8,26.3,0.0,0.0,0.0,0.0,1314
2023-05-10 21:00:46,i2401-P-600,i2401-P-600,27.8,0.0,0.0,0.0,20,13.1,27.0,1,27.8,26.3,0.0,0.0,0.0,0.0,1314
2023-05-10 21:00:46,i2401-P-600,i2401-P-600,27.8,0.0,0.0,0.0,4,16.9,27.0,1,27.8,26.3,0.0,0.0,0.0,0.0,1314
2023-05-10 21:00:47,i2401-P-600,i2401-P-600,27.8,0.0,0.0,0.0,4,20.8,27.0,1,27.8,26.3,0.0,0.0,0.0,0.0,1314
2023-05-10 21:00:47,i2401-P-600,i2401-P-600,27.8,0.0,0.0,0.0,1,21.6,27.0,1,27.8,26.3,0.0,0.0,0.0,0.0,1314
2023-05-10 21:00:47,i2401-P-600,i2401-P-600,27.8,0.0,0.0,0.0,4,25.4,27.0,1,27.8,26.3,0.0,0.0,0.0,0.0,1314
2023-05-10 21:00:52,i2401-P-600,i2401-P-600,27.8,0.0,0.0,0.0,10,26.2,27.0,1,27.8,26.3,0.0,0.0,0.0,0.0,1314
2023-05-10 21:00:53,i2401-P-600,i2401-P-600,27.8,0.0,0.0,0.0,10,26.4,27.0,1,27.8,26.3,0.0,0.0,0.0,0.0,1314
2023-05-10 21:01:01,i2401-P-600,i2401-P-600,27.8,0.0,0.0,0.0,10,26.5,27.0,1,27.8,26.3,0.0,0.0,0.0,0.0,1314
2023-05-10 21:01:17,i2401-P-600,i2401-P-600,27.8,0.0,0.0,0.0,10,26.4,27.0,1,27.8,26.3,0.0,0.0,0.0,0.0,1314
2023-05-10 21:01:37,i2401-P-600,i2401-P-600,27.8,0.0,0.0,0.0,10,26.2,27.0,1,27.8,26.3,0.0,0.0,0.0,0.0,1314
2023-05-10 21:01:41,i2401-P-600,i2401-P-600,27.8,0.0,0.0,0.0,10,26.1,26.9,10,27.8,26.3,0.0,0.0,0.0,0.0,1314
2023-05-10 21:01:43,i2401-P-600,i2401-P-600,27.8,0.0,0.0,0.0,10,26.1,27.0,11,27.8,26.3,0.0,0.0,0.0,0.0,1314
2023-05-10 21:01:45,i2401-P-600,i2401-P-600,27.8,0.0,0.0,0.0,10,26.3,27.0,1,27.8,26.3,0.0,0.0,0.0,0.0,1314
2023-05-10 21:02:34,i2401-P-600,i2401-P-600,27.8,0.0,0.0,0.0,20,26.3,27.0,1,27.8,26.3,0.0,0.0,0.0,0.0,1314
2023-05-10 21:02:53,i2401-P-600,i2401-P-600,27.8,0.0,0.0,0.0,20,26.3,27.0,5,27.8,26.3,0.0,0.0,0.0,0.0,1314
2023-05-10 21:02:56,i2401-P-600,i2401-P-600,27.8,0.0,0.0,0.0,20,26.3,26.6,1,27.8,26.3,0.0,0.0,0.0,0.0,1314
2023-05-10 21:03:15,i2401-P-600,i2401-P-600,26.3,1.0,2630.0,1.0,24,26.3,26.5,4,27.8,26.3,26.3,26.3,1.0,2630.0,1315
2023-05-10 21:03:16,i2401-P-600,i2401-P-600,26.3,0.0,0.0,0.0,20,26.3,26.6,5,27.8,26.3,26.3,26.3,1.0,2630.0,1315
2023-05-10 21:03:17,i2401-P-600,i2401-P-600,26.3,0.0,0.0,0.0,20,26.3,26.6,1,27.8,26.3,26.3,26.3,1.0,2630.0,1315
2023-05-10 21:03:30,i2401-P-600,i2401-P-600,26.3,0.0,0.0,0.0,35,26.3,26.6,1,27.8,26.3,26.3,26.3,1.0,2630.0,1315
2023-05-10 21:03:54,i2401-P-600,i2401-P-600,26.3,0.0,0.0,0.0,10,26.4,26.6,1,27.8,26.3,26.3,26.3,1.0,2630.0,1315
2023-05-10 21:03:54,i2401-P-600,i2401-P-600,26.3,0.0,0.0,0.0,20,26.4,26.6,1,27.8,26.3,26.3,26.3,1.0,2630.0,1315
2023-05-10 21:03:58,i2401-P-600,i2401-P-600,26.3,0.0,0.0,0.0,10,26.4,26.6,1,27.8,26.3,26.3,26.3,1.0,2630.0,1315
2023-05-10 21:04:12,i2401-P-600,i2401-P-600,26.3,0.0,0.0,0.0,20,26.4,26.6,1,27.8,26.3,26.3,26.3,1.0,2630.0,1315
2023-05-10 21:04:32,i2401-P-600,i2401-P-600,26.3,0.0,0.0,0.0,20,26.5,26.6,1,27.8,26.3,26.3,26.3,1.0,2630.0,1315
2023-05-10 21:04:35,i2401-P-600,i2401-P-600,26.6,1.0,2660.0,0.0,20,26.5,26.7,4,27.8,26.3,26.6,26.3,2.0,5290.0,1315
2023-05-10 21:04:47,i2401-P-600,i2401-P-600,26.7,4.0,10680.0,-4.0,20,26.5,26.9,4,27.8,26.3,26.7,26.3,6.0,15970.0,1311
2023-05-10 21:05:00,i2401-P-600,i2401-P-600,26.7,0.0,0.0,0.0,10,26.5,26.9,4,27.8,26.3,26.7,26.3,6.0,15970.0,1311
2023-05-10 21:05:00,i2401-P-600,i2401-P-600,26.7,0.0,0.0,0.0,14,26.4,26.9,4,27.8,26.3,26.7,26.3,6.0,15970.0,1311
2023-05-10 21:05:03,i2401-P-600,i2401-P-600,26.7,0.0,0.0,0.0,24,26.4,26.9,4,27.8,26.3,26.7,26.3,6.0,15970.0,1311
2023-05-10 21:05:38,i2401-P-600,i2401-P-600,26.7,0.0,0.0,0.0,20,26.4,26.9,14,27.8,26.3,26.7,26.3,6.0,15970.0,1311
2023-05-10 21:05:38,i2401-P-600,i2401-P-600,26.7,0.0,0.0,0.0,10,26.4,26.9,14,27.8,26.3,26.7,26.3,6.0,15970.0,1311
2023-05-10 21:05:40,i2401-P-600,i2401-P-600,26.7,0.0,0.0,0.0,20,26.4,26.9,14,27.8,26.3,26.7,26.3,6.0,15970.0,1311
2023-05-10 21:05:42,i2401-P-600,i2401-P-600,26.7,0.0,0.0,0.0,49,26.3,26.9,14,27.8,26.3,26.7,26.3,6.0,15970.0,1311
2023-05-10 21:05:44,i2401-P-600,i2401-P-600,26.7,0.0,0.0,0.0,49,26.3,26.9,24,27.8,26.3,26.7,26.3,6.0,15970.0,1311
2023-05-10 21:05:49,i2401-P-600,i2401-P-600,26.7,0.0,0.0,0.0,39,26.3,26.9,24,27.8,26.3,26.7,26.3,6.0,15970.0,1311
2023-05-10 21:05:49,i2401-P-600,i2401-P-600,26.7,0.0,0.0,0.0,24,26.3,26.9,24,27.8,26.3,26.7,26.3,6.0,15970.0,1311
2023-05-10 21:05:49,i2401-P-600,i2401-P-600,26.7,0.0,0.0,0.0,39,26.3,26.9,24,27.8,26.3,26.7,26.3,6.0,15970.0,1311
2023-05-10 21:05:55,i2401-P-600,i2401-P-600,26.7,0.0,0.0,0.0,24,26.3,26.9,24,27.8,26.3,26.7,26.3,6.0,15970.0,1311
2023-05-10 21:05:55,i2401-P-600,i2401-P-600,26.7,0.0,0.0,0.0,39,26.3,26.9,24,27.8,26.3,26.7,26.3,6.0,15970.0,1311
2023-05-10 21:06:03,i2401-P-600,i2401-P-600,26.7,0.0,0.0,0.0,20,26.3,26.9,24,27.8,26.3,26.7,26.3,6.0,15970.0,1311
2023-05-10 21:06:18,i2401-P-600,i2401-P-600,26.7,0.0,0.0,0.0,10,26.3,26.9,14,27.8,26.3,26.7,26.3,6.0,15970.0,1311
2023-05-10 21:06:19,i2401-P-600,i2401-P-600,26.7,0.0,0.0,0.0,20,26.3,26.9,14,27.8,26.3,26.7,26.3,6.0,15970.0,1311
2023-05-10 21:06:20,i2401-P-600,i2401-P-600,26.7,0.0,0.0,0.0,35,26.3,26.9,14,27.8,26.3,26.7,26.3,6.0,15970.0,1311
2023-05-10 21:06:25,i2401-P-600,i2401-P-600,26.7,0.0,0.0,0.0,45,26.3,26.9,14,27.8,26.3,26.7,26.3,6.0,15970.0,1311
2023-05-10 21:06:26,i2401-P-600,i2401-P-600,26.7,0.0,0.0,0.0,55,26.3,26.9,4,27.8,26.3,26.7,26.3,6.0,15970.0,1311
2023-05-10 21:06:31,i2401-P-600,i2401-P-600,26.7,0.0,0.0,0.0,10,26.4,26.9,4,27.8,26.3,26.7,26.3,6.0,15970.0,1311
2023-05-10 21:06:32,i2401-P-600,i2401-P-600,26.7,0.0,0.0,0.0,35,26.4,26.9,4,27.8,26.3,26.7,26.3,6.0,15970.0,1311
2023-05-10 21:06:33,i2401-P-600,i2401-P-600,26.7,0.0,0.0,0.0,20,26.5,26.9,4,27.8,26.3,26.7,26.3,6.0,15970.0,1311
2023-05-10 21:06:34,i2401-P-600,i2401-P-600,26.7,0.0,0.0,0.0,10,26.5,26.9,4,27.8,26.3,26.7,26.3,6.0,15970.0,1311
2023-05-10 21:06:36,i2401-P-600,i2401-P-600,26.7,0.0,0.0,0.0,20,26.5,26.9,4,27.8,26.3,26.7,26.3,6.0,15970.0,1311
2023-05-10 21:06:39,i2401-P-600,i2401-P-600,26.7,0.0,0.0,0.0,10,26.5,26.9,4,27.8,26.3,26.7,26.3,6.0,15970.0,1311
2023-05-10 21:06:39,i2401-P-600,i2401-P-600,26.7,0.0,0.0,0.0,20,26.5,26.9,4,27.8,26.3,26.7,26.3,6.0,15970.0,1311
2023-05-10 21:06:49,i2401-P-600,i2401-P-600,26.7,0.0,0.0,0.0,10,26.4,26.9,4,27.8,26.3,26.7,26.3,6.0,15970.0,1311
2023-05-10 21:06:49,i2401-P-600,i2401-P-600,26.7,0.0,0.0,0.0,45,26.3,26.9,4,27.8,26.3,26.7,26.3,6.0,15970.0,1311
2023-05-10 21:06:51,i2401-P-600,i2401-P-600,26.7,0.0,0.0,0.0,55,26.3,26.9,4,27.8,26.3,26.7,26.3,6.0,15970.0,1311
2023-05-10 21:07:09,i2401-P-600,i2401-P-600,26.7,0.0,0.0,0.0,40,26.3,26.9,4,27.8,26.3,26.7,26.3,6.0,15970.0,1311
2023-05-10 21:07:21,i2401-P-600,i2401-P-600,26.7,0.0,0.0,0.0,30,26.3,26.9,4,27.8,26.3,26.7,26.3,6.0,15970.0,1311
2023-05-10 21:07:52,i2401-P-600,i2401-P-600,26.7,0.0,0.0,0.0,20,26.3,26.9,14,27.8,26.3,26.7,26.3,6.0,15970.0,1311
2023-05-10 21:07:52,i2401-P-600,i2401-P-600,26.3,20.0,52600.0,-10.0,25,26.2,26.8,4,27.8,26.3,26.7,26.3,26.0,68570.0,1301
2023-05-10 21:07:52,i2401-P-600,i2401-P-600,26.3,0.0,0.0,0.0,10,26.2,26.8,4,27.8,26.3,26.7,26.3,26.0,68570.0,1301
2023-05-10 21:07:54,i2401-P-600,i2401-P-600,26.3,0.0,0.0,0.0,10,26.2,26.4,10,27.8,26.3,26.7,26.3,26.0,68570.0,1301
2023-05-10 21:07:57,i2401-P-600,i2401-P-600,26.3,0.0,0.0,0.0,20,26.2,26.8,4,27.8,26.3,26.7,26.3,26.0,68570.0,1301
2023-05-10 21:07:58,i2401-P-600,i2401-P-600,26.3,0.0,0.0,0.0,35,26.2,26.8,4,27.8,26.3,26.7,26.3,26.0,68570.0,1301
2023-05-10 21:07:58,i2401-P-600,i2401-P-600,26.3,0.0,0.0,0.0,25,26.2,26.8,4,27.8,26.3,26.7,26.3,26.0,68570.0,1301
2023-05-10 21:07:59,i2401-P-600,i2401-P-600,26.3,0.0,0.0,0.0,35,26.2,26.8,4,27.8,26.3,26.7,26.3,26.0,68570.0,1301
2023-05-10 21:08:03,i2401-P-600,i2401-P-600,26.3,0.0,0.0,0.0,45,26.2,26.8,4,27.8,26.3,26.7,26.3,26.0,68570.0,1301
2023-05-10 21:08:10,i2401-P-600,i2401-P-600,26.3,0.0,0.0,0.0,10,26.4,26.8,4,27.8,26.3,26.7,26.3,26.0,68570.0,1301
2023-05-10 21:08:11,i2401-P-600,i2401-P-600,26.3,0.0,0.0,0.0,35,26.4,26.8,4,27.8,26.3,26.7,26.3,26.0,68570.0,1301
2023-05-10 21:08:12,i2401-P-600,i2401-P-600,26.3,0.0,0.0,0.0,45,26.4,26.8,4,27.8,26.3,26.7,26.3,26.0,68570.0,1301
2023-05-10 21:08:14,i2401-P-600,i2401-P-600,26.3,0.0,0.0,0.0,10,26.5,26.8,4,27.8,26.3,26.7,26.3,26.0,68570.0,1301
2023-05-10 21:08:15,i2401-P-600,i2401-P-600,26.3,0.0,0.0,0.0,10,26.5,27.0,4,27.8,26.3,26.7,26.3,26.0,68570.0,1301
2023-05-10 21:08:15,i2401-P-600,i2401-P-600,26.3,0.0,0.0,0.0,10,26.6,27.0,4,27.8,26.3,26.7,26.3,26.0,68570.0,1301
2023-05-10 21:08:17,i2401-P-600,i2401-P-600,26.3,0.0,0.0,0.0,20,26.6,27.0,4,27.8,26.3,26.7,26.3,26.0,68570.0,1301
2023-05-10 21:08:22,i2401-P-600,i2401-P-600,26.3,0.0,0.0,0.0,20,26.5,27.0,4,27.8,26.3,26.7,26.3,26.0,68570.0,1301
2023-05-10 21:08:25,i2401-P-600,i2401-P-600,26.3,0.0,0.0,0.0,30,26.5,27.0,4,27.8,26.3,26.7,26.3,26.0,68570.0,1301
2023-05-10 21:08:35,i2401-P-600,i2401-P-600,26.3,0.0,0.0,0.0,45,26.5,27.0,4,27.8,26.3,26.7,26.3,26.0,68570.0,1301
2023-05-10 21:08:35,i2401-P-600,i2401-P-600,26.3,0.0,0.0,0.0,10,26.7,27.0,4,27.8,26.3,26.7,26.3,26.0,68570.0,1301
2023-05-10 21:08:36,i2401-P-600,i2401-P-600,26.3,0.0,0.0,0.0,20,26.7,27.0,4,27.8,26.3,26.7,26.3,26.0,68570.0,1301
2023-05-10 21:08:37,i2401-P-600,i2401-P-600,26.3,0.0,0.0,0.0,10,26.6,27.0,4,27.8,26.3,26.7,26.3,26.0,68570.0,1301
2023-05-10 21:08:40,i2401-P-600,i2401-P-600,26.3,0.0,0.0,0.0,20,26.6,27.0,4,27.8,26.3,26.7,26.3,26.0,68570.0,1301
2023-05-10 21:09:10,i2401-P-600,i2401-P-600,26.3,0.0,0.0,0.0,35,26.6,27.0,4,27.8,26.3,26.7,26.3,26.0,68570.0,1301
2023-05-10 21:09:11,i2401-P-600,i2401-P-600,26.3,0.0,0.0,0.0,45,26.6,27.3,30,27.8,26.3,26.7,26.3,26.0,68570.0,1301
2023-05-10 21:09:12,i2401-P-600,i2401-P-600,26.3,0.0,0.0,0.0,55,26.6,27.3,30,27.8,26.3,26.7,26.3,26.0,68570.0,1301
2023-05-10 21:09:14,i2401-P-600,i2401-P-600,26.3,0.0,0.0,0.0,30,26.8,27.3,10,27.8,26.3,26.7,26.3,26.0,68570.0,1301
2023-05-10 21:09:14,i2401-P-600,i2401-P-600,26.3,0.0,0.0,0.0,30,26.8,27.4,20,27.8,26.3,26.7,26.3,26.0,68570.0,1301
2023-05-10 21:09:43,i2401-P-600,i2401-P-600,26.3,0.0,0.0,0.0,20,26.9,27.5,49,27.8,26.3,26.7,26.3,26.0,68570.0,1301
2023-05-10 21:09:46,i2401-P-600,i2401-P-600,26.3,0.0,0.0,0.0,20,26.9,27.5,39,27.8,26.3,26.7,26.3,26.0,68570.0,1301
2023-05-10 21:09:49,i2401-P-600,i2401-P-600,26.3,0.0,0.0,0.0,10,26.9,27.4,10,27.8,26.3,26.7,26.3,26.0,68570.0,1301
2023-05-10 21:09:49,i2401-P-600,i2401-P-600,26.3,0.0,0.0,0.0,10,26.9,27.5,29,27.8,26.3,26.7,26.3,26.0,68570.0,1301
2023-05-10 21:09:51,i2401-P-600,i2401-P-600,26.3,0.0,0.0,0.0,20,26.9,27.5,39,27.8,26.3,26.7,26.3,26.0,68570.0,1301
2023-05-10 21:10:05,i2401-P-600,i2401-P-600,26.3,0.0,0.0,0.0,10,26.9,27.5,19,27.8,26.3,26.7,26.3,26.0,68570.0,1301
2023-05-10 21:10:06,i2401-P-600,i2401-P-600,26.3,0.0,0.0,0.0,20,26.9,27.5,4,27.8,26.3,26.7,26.3,26.0,68570.0,1301
2023-05-10 21:10:07,i2401-P-600,i2401-P-600,26.3,0.0,0.0,0.0,30,26.9,27.5,4,27.8,26.3,26.7,26.3,26.0,68570.0,1301
2023-05-10 21:10:11,i2401-P-600,i2401-P-600,26.3,0.0,0.0,0.0,10,27.0,27.5,4,27.8,26.3,26.7,26.3,26.0,68570.0,1301
2023-05-10 21:10:12,i2401-P-600,i2401-P-600,26.3,0.0,0.0,0.0,20,27.0,27.5,4,27.8,26.3,26.7,26.3,26.0,68570.0,1301
2023-05-10 21:10:16,i2401-P-600,i2401-P-600,26.3,0.0,0.0,0.0,45,27.0,27.5,4,27.8,26.3,26.7,26.3,26.0,68570.0,1301
2023-05-10 21:10:19,i2401-P-600,i2401-P-600,26.3,0.0,0.0,0.0,10,27.2,27.5,4,27.8,26.3,26.7,26.3,26.0,68570.0,1301
2023-05-10 21:10:19,i2401-P-600,i2401-P-600,26.3,0.0,0.0,0.0,10,27.1,27.5,4,27.8,26.3,26.7,26.3,26.0,68570.0,1301
2023-05-10 21:10:21,i2401-P-600,i2401-P-600,26.3,0.0,0.0,0.0,20,27.1,27.5,4,27.8,26.3,26.7,26.3,26.0,68570.0,1301
2023-05-10 21:10:22,i2401-P-600,i2401-P-600,26.3,0.0,0.0,0.0,20,27.1,27.6,10,27.8,26.3,26.7,26.3,26.0,68570.0,1301
2023-05-10 21:10:23,i2401-P-600,i2401-P-600,26.3,0.0,0.0,0.0,20,27.2,27.8,40,27.8,26.3,26.7,26.3,26.0,68570.0,1301
2023-05-10 21:10:23,i2401-P-600,i2401-P-600,26.3,0.0,0.0,0.0,20,27.2,27.8,30,27.8,26.3,26.7,26.3,26.0,68570.0,1301
2023-05-10 21:10:24,i2401-P-600,i2401-P-600,26.3,0.0,0.0,0.0,10,27.2,27.8,10,27.8,26.3,26.7,26.3,26.0,68570.0,1301
2023-05-10 21:10:25,i2401-P-600,i2401-P-600,26.3,0.0,0.0,0.0,20,27.2,27.8,20,27.8,26.3,26.7,26.3,26.0,68570.0,1301
2023-05-10 21:10:29,i2401-P-600,i2401-P-600,26.3,0.0,0.0,0.0,20,27.1,27.8,30,27.8,26.3,26.7,26.3,26.0,68570.0,1301
2023-05-10 21:10:30,i2401-P-600,i2401-P-600,26.3,0.0,0.0,0.0,20,27.1,27.8,40,27.8,26.3,26.7,26.3,26.0,68570.0,1301
2023-05-10 21:10:36,i2401-P-600,i2401-P-600,26.3,0.0,0.0,0.0,20,27.1,27.8,30,27.8,26.3,26.7,26.3,26.0,68570.0,1301
2023-05-10 21:10:40,i2401-P-600,i2401-P-600,27.1,5.0,13550.0,5.0,19,27.1,27.5,4,27.8,26.3,27.1,26.3,31.0,82120.0,1306
2023-05-10 21:10:40,i2401-P-600,i2401-P-600,27.1,0.0,0.0,0.0,9,27.1,27.5,4,27.8,26.3,27.1,26.3,31.0,82120.0,1306
2023-05-10 21:10:46,i2401-P-600,i2401-P-600,27.1,0.0,0.0,0.0,5,27.1,27.5,4,27.8,26.3,27.1,26.3,31.0,82120.0,1306
2023-05-10 21:10:56,i2401-P-600,i2401-P-600,27.1,0.0,0.0,0.0,15,27.1,27.8,20,27.8,26.3,27.1,26.3,31.0,82120.0,1306
2023-05-10 21:10:58,i2401-P-600,i2401-P-600,27.1,0.0,0.0,0.0,25,27.1,27.8,30,27.8,26.3,27.1,26.3,31.0,82120.0,1306
2023-05-10 21:10:59,i2401-P-600,i2401-P-600,27.1,0.0,0.0,0.0,10,27.3,27.8,30,27.8,26.3,27.1,26.3,31.0,82120.0,1306
2023-05-10 21:10:59,i2401-P-600,i2401-P-600,27.1,0.0,0.0,0.0,20,27.3,27.8,10,27.8,26.3,27.1,26.3,31.0,82120.0,1306
2023-05-10 21:11:00,i2401-P-600,i2401-P-600,27.1,0.0,0.0,0.0,10,27.4,27.9,4,27.8,26.3,27.1,26.3,31.0,82120.0,1306
2023-05-10 21:11:02,i2401-P-600,i2401-P-600,27.1,0.0,0.0,0.0,20,27.4,27.9,4,27.8,26.3,27.1,26.3,31.0,82120.0,1306
2023-05-10 21:11:06,i2401-P-600,i2401-P-600,27.1,0.0,0.0,0.0,10,27.4,27.9,4,27.8,26.3,27.1,26.3,31.0,82120.0,1306
2023-05-10 21:11:06,i2401-P-600,i2401-P-600,27.1,0.0,0.0,0.0,10,27.4,27.9,19,27.8,26.3,27.1,26.3,31.0,82120.0,1306
2023-05-10 21:11:07,i2401-P-600,i2401-P-600,27.1,0.0,0.0,0.0,10,27.3,27.9,19,27.8,26.3,27.1,26.3,31.0,82120.0,1306
2023-05-10 21:11:08,i2401-P-600,i2401-P-600,27.1,0.0,0.0,0.0,20,27.3,27.9,29,27.8,26.3,27.1,26.3,31.0,82120.0,1306
2023-05-10 21:11:11,i2401-P-600,i2401-P-600,27.1,0.0,0.0,0.0,30,27.3,27.9,14,27.8,26.3,27.1,26.3,31.0,82120.0,1306
2023-05-10 21:11:14,i2401-P-600,i2401-P-600,27.1,0.0,0.0,0.0,20,27.4,27.9,4,27.8,26.3,27.1,26.3,31.0,82120.0,1306
2023-05-10 21:11:14,i2401-P-600,i2401-P-600,27.1,0.0,0.0,0.0,10,27.6,27.9,4,27.8,26.3,27.1,26.3,31.0,82120.0,1306
2023-05-10 21:11:15,i2401-P-600,i2401-P-600,27.1,0.0,0.0,0.0,20,27.6,27.9,4,27.8,26.3,27.1,26.3,31.0,82120.0,1306
2023-05-10 21:11:18,i2401-P-600,i2401-P-600,27.1,0.0,0.0,0.0,10,27.6,27.9,4,27.8,26.3,27.1,26.3,31.0,82120.0,1306
2023-05-10 21:11:20,i2401-P-600,i2401-P-600,27.1,0.0,0.0,0.0,20,27.6,27.9,4,27.8,26.3,27.1,26.3,31.0,82120.0,1306
2023-05-10 21:11:21,i2401-P-600,i2401-P-600,27.1,0.0,0.0,0.0,10,27.5,27.9,4,27.8,26.3,27.1,26.3,31.0,82120.0,1306
2023-05-10 21:11:23,i2401-P-600,i2401-P-600,27.1,0.0,0.0,0.0,10,27.7,27.9,4,27.8,26.3,27.1,26.3,31.0,82120.0,1306
2023-05-10 21:11:23,i2401-P-600,i2401-P-600,27.1,0.0,0.0,0.0,10,27.5,27.9,4,27.8,26.3,27.1,26.3,31.0,82120.0,1306
2023-05-10 21:11:25,i2401-P-600,i2401-P-600,27.1,0.0,0.0,0.0,20,27.5,27.9,4,27.8,26.3,27.1,26.3,31.0,82120.0,1306
2023-05-10 21:11:26,i2401-P-600,i2401-P-600,27.1,0.0,0.0,0.0,20,27.6,27.9,4,27.8,26.3,27.1,26.3,31.0,82120.0,1306
2023-05-10 21:11:27,i2401-P-600,i2401-P-600,27.1,0.0,0.0,0.0,10,27.6,27.9,4,27.8,26.3,27.1,26.3,31.0,82120.0,1306
2023-05-10 21:11:27,i2401-P-600,i2401-P-600,27.1,0.0,0.0,0.0,10,27.5,27.9,14,27.8,26.3,27.1,26.3,31.0,82120.0,1306
2023-05-10 21:11:28,i2401-P-600,i2401-P-600,27.1,0.0,0.0,0.0,20,27.5,27.9,14,27.8,26.3,27.1,26.3,31.0,82120.0,1306
2023-05-10 21:11:29,i2401-P-600,i2401-P-600,27.1,0.0,0.0,0.0,20,27.5,27.9,4,27.8,26.3,27.1,26.3,31.0,82120.0,1306
2023-05-10 21:11:31,i2401-P-600,i2401-P-600,27.1,0.0,0.0,0.0,30,27.4,27.9,4,27.8,26.3,27.1,26.3,31.0,82120.0,1306
2023-05-10 21:11:32,i2401-P-600,i2401-P-600,27.1,0.0,0.0,0.0,20,27.4,27.9,14,27.8,26.3,27.1,26.3,31.0,82120.0,1306
2023-05-10 21:11:32,i2401-P-600,i2401-P-600,27.1,0.0,0.0,0.0,10,27.4,27.9,14,27.8,26.3,27.1,26.3,31.0,82120.0,1306
2023-05-10 21:11:36,i2401-P-600,i2401-P-600,27.1,0.0,0.0,0.0,20,27.4,27.9,14,27.8,26.3,27.1,26.3,31.0,82120.0,1306
2023-05-10 21:11:37,i2401-P-600,i2401-P-600,27.1,0.0,0.0,0.0,20,27.4,27.9,24,27.8,26.3,27.1,26.3,31.0,82120.0,1306
2023-05-10 21:11:41,i2401-P-600,i2401-P-600,27.1,0.0,0.0,0.0,20,27.4,27.9,14,27.8,26.3,27.1,26.3,31.0,82120.0,1306
2023-05-10 21:11:48,i2401-P-600,i2401-P-600,27.1,0.0,0.0,0.0,20,27.4,27.9,24,27.8,26.3,27.1,26.3,31.0,82120.0,1306
2023-05-10 21:11:50,i2401-P-600,i2401-P-600,27.1,0.0,0.0,0.0,20,27.4,27.9,14,27.8,26.3,27.1,26.3,31.0,82120.0,1306
2023-05-10 21:11:52,i2401-P-600,i2401-P-600,27.1,0.0,0.0,0.0,20,27.4,27.9,4,27.8,26.3,27.1,26.3,31.0,82120.0,1306
2023-05-10 21:12:01,i2401-P-600,i2401-P-600,27.1,0.0,0.0,0.0,10,27.5,27.9,4,27.8,26.3,27.1,26.3,31.0,82120.0,1306
2023-05-10 21:12:02,i2401-P-600,i2401-P-600,27.1,0.0,0.0,0.0,40,27.4,27.9,4,27.8,26.3,27.1,26.3,31.0,82120.0,1306
2023-05-10 21:12:02,i2401-P-600,i2401-P-600,27.1,0.0,0.0,0.0,10,27.5,27.9,4,27.8,26.3,27.1,26.3,31.0,82120.0,1306
2023-05-10 21:12:03,i2401-P-600,i2401-P-600,27.1,0.0,0.0,0.0,40,27.4,27.9,4,27.8,26.3,27.1,26.3,31.0,82120.0,1306
2023-05-10 21:12:08,i2401-P-600,i2401-P-600,27.1,0.0,0.0,0.0,30,27.4,27.9,4,27.8,26.3,27.1,26.3,31.0,82120.0,1306
2023-05-10 21:12:11,i2401-P-600,i2401-P-600,27.1,0.0,0.0,0.0,20,27.4,27.9,14,27.8,26.3,27.1,26.3,31.0,82120.0,1306
2023-05-10 21:12:11,i2401-P-600,i2401-P-600,27.1,0.0,0.0,0.0,10,27.4,27.9,14,27.8,26.3,27.1,26.3,31.0,82120.0,1306
2023-05-10 21:12:12,i2401-P-600,i2401-P-600,27.1,0.0,0.0,0.0,20,27.4,27.9,34,27.8,26.3,27.1,26.3,31.0,82120.0,1306
2023-05-10 21:12:13,i2401-P-600,i2401-P-600,27.1,0.0,0.0,0.0,20,27.3,27.9,34,27.8,26.3,27.1,26.3,31.0,82120.0,1306
2023-05-10 21:12:17,i2401-P-600,i2401-P-600,27.1,0.0,0.0,0.0,10,27.3,27.8,20,27.8,26.3,27.1,26.3,31.0,82120.0,1306
2023-05-10 21:12:19,i2401-P-600,i2401-P-600,27.1,0.0,0.0,0.0,30,27.2,27.8,30,27.8,26.3,27.1,26.3,31.0,82120.0,1306
2023-05-10 21:12:28,i2401-P-600,i2401-P-600,27.1,0.0,0.0,0.0,40,27.2,27.8,20,27.8,26.3,27.1,26.3,31.0,82120.0,1306
2023-05-10 21:12:28,i2401-P-600,i2401-P-600,27.1,0.0,0.0,0.0,40,27.2,27.9,49,27.8,26.3,27.1,26.3,31.0,82120.0,1306
2023-05-10 21:12:29,i2401-P-600,i2401-P-600,27.1,0.0,0.0,0.0,10,27.3,27.9,39,27.8,26.3,27.1,26.3,31.0,82120.0,1306
2023-05-10 21:12:29,i2401-P-600,i2401-P-600,27.1,0.0,0.0,0.0,20,27.3,27.9,39,27.8,26.3,27.1,26.3,31.0,82120.0,1306
2023-05-10 21:12:32,i2401-P-600,i2401-P-600,27.1,0.0,0.0,0.0,40,27.2,27.9,49,27.8,26.3,27.1,26.3,31.0,82120.0,1306
2023-05-10 21:12:32,i2401-P-600,i2401-P-600,27.1,0.0,0.0,0.0,50,27.2,27.9,59,27.8,26.3,27.1,26.3,31.0,82120.0,1306
2023-05-10 21:12:33,i2401-P-600,i2401-P-600,27.1,0.0,0.0,0.0,10,27.3,27.9,59,27.8,26.3,27.1,26.3,31.0,82120.0,1306
2023-05-10 21:12:33,i2401-P-600,i2401-P-600,27.1,0.0,0.0,0.0,20,27.3,27.9,59,27.8,26.3,27.1,26.3,31.0,82120.0,1306
2023-05-10 21:12:33,i2401-P-600,i2401-P-600,27.1,0.0,0.0,0.0,20,27.3,27.9,49,27.8,26.3,27.1,26.3,31.0,82120.0,1306
2023-05-10 21:12:34,i2401-P-600,i2401-P-600,27.1,0.0,0.0,0.0,20,27.3,27.9,59,27.8,26.3,27.1,26.3,31.0,82120.0,1306
2023-05-10 21:12:35,i2401-P-600,i2401-P-600,27.1,0.0,0.0,0.0,20,27.3,27.9,49,27.8,26.3,27.1,26.3,31.0,82120.0,1306
2023-05-10 21:12:39,i2401-P-600,i2401-P-600,27.1,0.0,0.0,0.0,10,27.3,27.9,59,27.8,26.3,27.1,26.3,31.0,82120.0,1306
2023-05-10 21:12:47,i2401-P-600,i2401-P-600,27.1,0.0,0.0,0.0,30,27.2,27.9,49,27.8,26.3,27.1,26.3,31.0,82120.0,1306
2023-05-10 21:12:48,i2401-P-600,i2401-P-600,27.1,0.0,0.0,0.0,10,27.3,27.9,39,27.8,26.3,27.1,26.3,31.0,82120.0,1306
2023-05-10 21:12:48,i2401-P-600,i2401-P-600,27.1,0.0,0.0,0.0,20,27.3,27.9,39,27.8,26.3,27.1,26.3,31.0,82120.0,1306
2023-05-10 21:12:51,i2401-P-600,i2401-P-600,27.3,20.0,54600.0,0.0,20,27.2,27.7,4,27.8,26.3,27.3,26.3,51.0,136720.0,1306
2023-05-10 21:12:52,i2401-P-600,i2401-P-600,27.3,0.0,0.0,0.0,30,27.2,27.7,4,27.8,26.3,27.3,26.3,51.0,136720.0,1306
2023-05-10 21:12:54,i2401-P-600,i2401-P-600,27.3,0.0,0.0,0.0,20,27.2,27.7,4,27.8,26.3,27.3,26.3,51.0,136720.0,1306
2023-05-10 21:12:59,i2401-P-600,i2401-P-600,27.3,0.0,0.0,0.0,20,27.2,27.6,4,27.8,26.3,27.3,26.3,51.0,136720.0,1306
2023-05-10 21:13:17,i2401-P-600,i2401-P-600,27.3,0.0,0.0,0.0,30,27.2,27.6,4,27.8,26.3,27.3,26.3,51.0,136720.0,1306
2023-05-10 21:13:21,i2401-P-600,i2401-P-600,27.3,0.0,0.0,0.0,45,27.2,27.6,4,27.8,26.3,27.3,26.3,51.0,136720.0,1306
2023-05-10 21:13:30,i2401-P-600,i2401-P-600,27.3,0.0,0.0,0.0,55,27.2,27.6,4,27.8,26.3,27.3,26.3,51.0,136720.0,1306
2023-05-10 21:13:30,i2401-P-600,i2401-P-600,27.3,0.0,0.0,0.0,45,27.2,27.6,4,27.8,26.3,27.3,26.3,51.0,136720.0,1306
2023-05-10 21:13:32,i2401-P-600,i2401-P-600,27.3,0.0,0.0,0.0,55,27.2,27.6,4,27.8,26.3,27.3,26.3,51.0,136720.0,1306
2023-05-10 21:13:37,i2401-P-600,i2401-P-600,27.3,0.0,0.0,0.0,45,27.2,27.6,4,27.8,26.3,27.3,26.3,51.0,136720.0,1306
2023-05-10 21:14:05,i2401-P-600,i2401-P-600,27.3,0.0,0.0,0.0,35,27.2,27.6,4,27.8,26.3,27.3,26.3,51.0,136720.0,1306
2023-05-10 21:14:09,i2401-P-600,i2401-P-600,27.3,0.0,0.0,0.0,15,27.2,27.6,4,27.8,26.3,27.3,26.3,51.0,136720.0,1306
2023-05-10 21:14:09,i2401-P-600,i2401-P-600,27.3,0.0,0.0,0.0,20,27.1,27.6,8,27.8,26.3,27.3,26.3,51.0,136720.0,1306
2023-05-10 21:14:11,i2401-P-600,i2401-P-600,27.3,0.0,0.0,0.0,30,27.1,27.6,8,27.8,26.3,27.3,26.3,51.0,136720.0,1306
2023-05-10 21:14:16,i2401-P-600,i2401-P-600,27.3,0.0,0.0,0.0,30,27.1,27.6,28,27.8,26.3,27.3,26.3,51.0,136720.0,1306
2023-05-10 21:14:29,i2401-P-600,i2401-P-600,27.3,0.0,0.0,0.0,30,27.1,27.6,18,27.8,26.3,27.3,26.3,51.0,136720.0,1306
2023-05-10 21:14:46,i2401-P-600,i2401-P-600,27.3,0.0,0.0,0.0,20,27.1,27.6,28,27.8,26.3,27.3,26.3,51.0,136720.0,1306
2023-05-10 21:14:47,i2401-P-600,i2401-P-600,27.1,20.0,54200.0,0.0,20,27.0,27.5,4,27.8,26.3,27.3,26.3,71.0,190920.0,1306
2023-05-10 21:14:48,i2401-P-600,i2401-P-600,27.1,0.0,0.0,0.0,20,27.0,27.5,24,27.8,26.3,27.3,26.3,71.0,190920.0,1306
2023-05-10 21:14:48,i2401-P-600,i2401-P-600,27.1,0.0,0.0,0.0,20,27.0,27.5,34,27.8,26.3,27.3,26.3,71.0,190920.0,1306
2023-05-10 21:14:48,i2401-P-600,i2401-P-600,27.1,0.0,0.0,0.0,30,27.0,27.5,34,27.8,26.3,27.3,26.3,71.0,190920.0,1306
2023-05-10 21:15:01,i2401-P-600,i2401-P-600,27.1,0.0,0.0,0.0,10,27.0,27.5,39,27.8,26.3,27.3,26.3,71.0,190920.0,1306
2023-05-10 21:15:03,i2401-P-600,i2401-P-600,27.1,0.0,0.0,0.0,20,27.0,27.5,49,27.8,26.3,27.3,26.3,71.0,190920.0,1306
2023-05-10 21:15:05,i2401-P-600,i2401-P-600,27.0,10.0,27000.0,0.0,10,26.9,27.4,4,27.8,26.3,27.3,26.3,81.0,217920.0,1306
2023-05-10 21:15:06,i2401-P-600,i2401-P-600,27.0,0.0,0.0,0.0,20,26.9,27.4,4,27.8,26.3,27.3,26.3,81.0,217920.0,1306
2023-05-10 21:15:13,i2401-P-600,i2401-P-600,27.0,0.0,0.0,0.0,10,26.9,27.4,4,27.8,26.3,27.3,26.3,81.0,217920.0,1306
2023-05-10 21:15:17,i2401-P-600,i2401-P-600,27.0,0.0,0.0,0.0,20,26.9,27.4,4,27.8,26.3,27.3,26.3,81.0,217920.0,1306
2023-05-10 21:15:30,i2401-P-600,i2401-P-600,27.0,0.0,0.0,0.0,30,26.9,27.4,4,27.8,26.3,27.3,26.3,81.0,217920.0,1306
2023-05-10 21:15:30,i2401-P-600,i2401-P-600,27.0,0.0,0.0,0.0,30,26.9,27.3,4,27.8,26.3,27.3,26.3,81.0,217920.0,1306
2023-05-10 21:15:32,i2401-P-600,i2401-P-600,27.0,0.0,0.0,0.0,20,26.9,27.3,4,27.8,26.3,27.3,26.3,81.0,217920.0,1306
2023-05-10 21:16:03,i2401-P-600,i2401-P-600,27.0,0.0,0.0,0.0,30,26.9,27.3,4,27.8,26.3,27.3,26.3,81.0,217920.0,1306
2023-05-10 21:16:03,i2401-P-600,i2401-P-600,27.0,0.0,0.0,0.0,55,26.9,27.3,4,27.8,26.3,27.3,26.3,81.0,217920.0,1306
2023-05-10 21:16:09,i2401-P-600,i2401-P-600,27.0,0.0,0.0,0.0,10,27.0,27.3,4,27.8,26.3,27.3,26.3,81.0,217920.0,1306
2023-05-10 21:16:10,i2401-P-600,i2401-P-600,27.0,0.0,0.0,0.0,20,27.0,27.3,4,27.8,26.3,27.3,26.3,81.0,217920.0,1306
2023-05-10 21:16:10,i2401-P-600,i2401-P-600,27.0,0.0,0.0,0.0,30,27.1,27.3,4,27.8,26.3,27.3,26.3,81.0,217920.0,1306
2023-05-10 21:16:11,i2401-P-600,i2401-P-600,27.0,0.0,0.0,0.0,45,27.1,27.3,4,27.8,26.3,27.3,26.3,81.0,217920.0,1306
2023-05-10 21:16:12,i2401-P-600,i2401-P-600,27.0,0.0,0.0,0.0,10,27.2,27.3,4,27.8,26.3,27.3,26.3,81.0,217920.0,1306
2023-05-10 21:16:12,i2401-P-600,i2401-P-600,27.3,4.0,10920.0,4.0,10,27.2,27.5,4,27.8,26.3,27.3,26.3,85.0,228840.0,1310
2023-05-10 21:16:14,i2401-P-600,i2401-P-600,27.3,0.0,0.0,0.0,20,27.2,27.5,4,27.8,26.3,27.3,26.3,85.0,228840.0,1310
2023-05-10 21:16:16,i2401-P-600,i2401-P-600,27.3,0.0,0.0,0.0,30,27.2,27.5,4,27.8,26.3,27.3,26.3,85.0,228840.0,1310
2023-05-10 21:16:19,i2401-P-600,i2401-P-600,27.3,0.0,0.0,0.0,20,27.2,27.5,4,27.8,26.3,27.3,26.3,85.0,228840.0,1310
2023-05-10 21:16:35,i2401-P-600,i2401-P-600,27.3,0.0,0.0,0.0,10,27.2,27.5,4,27.8,26.3,27.3,26.3,85.0,228840.0,1310
2023-05-10 21:16:36,i2401-P-600,i2401-P-600,27.3,0.0,0.0,0.0,49,27.1,27.5,4,27.8,26.3,27.3,26.3,85.0,228840.0,1310
2023-05-10 21:16:36,i2401-P-600,i2401-P-600,27.3,0.0,0.0,0.0,39,27.1,27.5,4,27.8,26.3,27.3,26.3,85.0,228840.0,1310
2023-05-10 21:16:39,i2401-P-600,i2401-P-600,27.3,0.0,0.0,0.0,45,27.1,27.5,4,27.8,26.3,27.3,26.3,85.0,228840.0,1310
2023-05-10 21:16:47,i2401-P-600,i2401-P-600,27.3,0.0,0.0,0.0,35,27.1,27.5,4,27.8,26.3,27.3,26.3,85.0,228840.0,1310
2023-05-10 21:16:48,i2401-P-600,i2401-P-600,27.3,0.0,0.0,0.0,45,26.9,27.5,14,27.8,26.3,27.3,26.3,85.0,228840.0,1310
2023-05-10 21:16:50,i2401-P-600,i2401-P-600,27.3,0.0,0.0,0.0,55,26.9,27.5,24,27.8,26.3,27.3,26.3,85.0,228840.0,1310
2023-05-10 21:16:55,i2401-P-600,i2401-P-600,27.3,0.0,0.0,0.0,45,26.9,27.5,24,27.8,26.3,27.3,26.3,85.0,228840.0,1310
2023-05-10 21:16:56,i2401-P-600,i2401-P-600,27.3,0.0,0.0,0.0,25,26.9,27.5,44,27.8,26.3,27.3,26.3,85.0,228840.0,1310
2023-05-10 21:16:59,i2401-P-600,i2401-P-600,27.3,0.0,0.0,0.0,10,27.0,27.5,24,27.8,26.3,27.3,26.3,85.0,228840.0,1310
2023-05-10 21:17:00,i2401-P-600,i2401-P-600,27.3,0.0,0.0,0.0,10,27.0,27.5,14,27.8,26.3,27.3,26.3,85.0,228840.0,1310
2023-05-10 21:17:01,i2401-P-600,i2401-P-600,27.3,0.0,0.0,0.0,20,27.0,27.5,4,27.8,26.3,27.3,26.3,85.0,228840.0,1310
2023-05-10 21:17:03,i2401-P-600,i2401-P-600,27.3,0.0,0.0,0.0,35,27.0,27.5,4,27.8,26.3,27.3,26.3,85.0,228840.0,1310
2023-05-10 21:17:04,i2401-P-600,i2401-P-600,27.3,0.0,0.0,0.0,45,27.0,27.5,4,27.8,26.3,27.3,26.3,85.0,228840.0,1310
2023-05-10 21:17:06,i2401-P-600,i2401-P-600,27.3,0.0,0.0,0.0,55,27.0,27.5,4,27.8,26.3,27.3,26.3,85.0,228840.0,1310
2023-05-10 21:17:15,i2401-P-600,i2401-P-600,27.3,0.0,0.0,0.0,45,27.0,27.5,4,27.8,26.3,27.3,26.3,85.0,228840.0,1310
2023-05-10 21:17:36,i2401-P-600,i2401-P-600,27.3,0.0,0.0,0.0,45,27.0,27.4,4,27.8,26.3,27.3,26.3,85.0,228840.0,1310
2023-05-10 21:17:51,i2401-P-600,i2401-P-600,27.3,0.0,0.0,0.0,65,27.0,27.4,4,27.8,26.3,27.3,26.3,85.0,228840.0,1310
2023-05-10 21:17:53,i2401-P-600,i2401-P-600,27.3,0.0,0.0,0.0,55,27.0,27.4,4,27.8,26.3,27.3,26.3,85.0,228840.0,1310
2023-05-10 21:17:53,i2401-P-600,i2401-P-600,27.3,0.0,0.0,0.0,65,27.0,27.4,4,27.8,26.3,27.3,26.3,85.0,228840.0,1310
2023-05-10 21:17:57,i2401-P-600,i2401-P-600,27.3,0.0,0.0,0.0,55,27.0,27.4,4,27.8,26.3,27.3,26.3,85.0,228840.0,1310
2023-05-10 21:18:02,i2401-P-600,i2401-P-600,27.3,0.0,0.0,0.0,65,27.0,27.4,4,27.8,26.3,27.3,26.3,85.0,228840.0,1310
2023-05-10 21:18:09,i2401-P-600,i2401-P-600,27.3,0.0,0.0,0.0,55,27.0,27.4,4,27.8,26.3,27.3,26.3,85.0,228840.0,1310
2023-05-10 21:18:11,i2401-P-600,i2401-P-600,27.3,0.0,0.0,0.0,35,27.0,27.4,4,27.8,26.3,27.3,26.3,85.0,228840.0,1310
2023-05-10 21:18:24,i2401-P-600,i2401-P-600,27.3,0.0,0.0,0.0,45,27.0,27.4,4,27.8,26.3,27.3,26.3,85.0,228840.0,1310
2023-05-10 21:18:28,i2401-P-600,i2401-P-600,27.3,0.0,0.0,0.0,30,27.0,27.4,4,27.8,26.3,27.3,26.3,85.0,228840.0,1310
2023-05-10 21:18:49,i2401-P-600,i2401-P-600,27.3,0.0,0.0,0.0,10,27.0,27.4,4,27.8,26.3,27.3,26.3,85.0,228840.0,1310
2023-05-10 21:18:50,i2401-P-600,i2401-P-600,27.3,0.0,0.0,0.0,30,26.9,27.4,4,27.8,26.3,27.3,26.3,85.0,228840.0,1310
2023-05-10 21:19:05,i2401-P-600,i2401-P-600,27.3,0.0,0.0,0.0,20,26.9,27.4,4,27.8,26.3,27.3,26.3,85.0,228840.0,1310
2023-05-10 21:19:06,i2401-P-600,i2401-P-600,27.3,0.0,0.0,0.0,10,26.9,27.4,14,27.8,26.3,27.3,26.3,85.0,228840.0,1310
2023-05-10 21:19:06,i2401-P-600,i2401-P-600,27.3,0.0,0.0,0.0,10,26.9,27.4,4,27.8,26.3,27.3,26.3,85.0,228840.0,1310
2023-05-10 21:19:06,i2401-P-600,i2401-P-600,27.3,0.0,0.0,0.0,20,26.9,27.4,4,27.8,26.3,27.3,26.3,85.0,228840.0,1310
2023-05-10 21:19:36,i2401-P-600,i2401-P-600,27.3,0.0,0.0,0.0,20,26.9,27.2,4,27.8,26.3,27.3,26.3,85.0,228840.0,1310
2023-05-10 21:19:48,i2401-P-600,i2401-P-600,27.3,0.0,0.0,0.0,20,27.0,27.2,4,27.8,26.3,27.3,26.3,85.0,228840.0,1310
2023-05-10 21:20:00,i2401-P-600,i2401-P-600,27.2,5.0,13600.0,-1.0,20,27.0,27.2,47,27.8,26.3,27.3,26.3,90.0,242440.0,1309
2023-05-10 21:20:00,i2401-P-600,i2401-P-600,27.2,0.0,0.0,0.0,20,26.9,27.2,47,27.8,26.3,27.3,26.3,90.0,242440.0,1309
2023-05-10 21:20:09,i2401-P-600,i2401-P-600,27.2,0.0,0.0,0.0,10,26.9,27.2,47,27.8,26.3,27.3,26.3,90.0,242440.0,1309
2023-05-10 21:20:09,i2401-P-600,i2401-P-600,27.2,0.0,0.0,0.0,38,26.8,27.2,47,27.8,26.3,27.3,26.3,90.0,242440.0,1309
2023-05-10 21:20:10,i2401-P-600,i2401-P-600,27.2,0.0,0.0,0.0,10,26.9,27.2,47,27.8,26.3,27.3,26.3,90.0,242440.0,1309
2023-05-10 21:20:13,i2401-P-600,i2401-P-600,27.2,0.0,0.0,0.0,38,26.8,27.2,57,27.8,26.3,27.3,26.3,90.0,242440.0,1309
2023-05-10 21:20:13,i2401-P-600,i2401-P-600,27.2,0.0,0.0,0.0,38,26.8,27.2,47,27.8,26.3,27.3,26.3,90.0,242440.0,1309
2023-05-10 21:20:16,i2401-P-600,i2401-P-600,27.2,0.0,0.0,0.0,48,26.8,27.2,57,27.8,26.3,27.3,26.3,90.0,242440.0,1309
2023-05-10 21:20:16,i2401-P-600,i2401-P-600,27.2,0.0,0.0,0.0,40,26.8,27.2,57,27.8,26.3,27.3,26.3,90.0,242440.0,1309
2023-05-10 21:20:17,i2401-P-600,i2401-P-600,27.2,0.0,0.0,0.0,20,26.8,27.2,57,27.8,26.3,27.3,26.3,90.0,242440.0,1309
2023-05-10 21:20:17,i2401-P-600,i2401-P-600,27.2,0.0,0.0,0.0,10,26.8,27.2,47,27.8,26.3,27.3,26.3,90.0,242440.0,1309
2023-05-10 21:20:20,i2401-P-600,i2401-P-600,27.2,0.0,0.0,0.0,20,26.8,27.2,57,27.8,26.3,27.3,26.3,90.0,242440.0,1309
2023-05-10 21:20:25,i2401-P-600,i2401-P-600,27.2,0.0,0.0,0.0,20,26.8,27.2,47,27.8,26.3,27.3,26.3,90.0,242440.0,1309
2023-05-10 21:20:28,i2401-P-600,i2401-P-600,27.2,0.0,0.0,0.0,20,26.8,27.2,57,27.8,26.3,27.3,26.3,90.0,242440.0,1309
2023-05-10 21:20:32,i2401-P-600,i2401-P-600,27.2,0.0,0.0,0.0,20,26.8,27.0,4,27.8,26.3,27.3,26.3,90.0,242440.0,1309
2023-05-10 21:20:49,i2401-P-600,i2401-P-600,27.2,0.0,0.0,0.0,30,26.8,27.0,4,27.8,26.3,27.3,26.3,90.0,242440.0,1309
2023-05-10 21:21:03,i2401-P-600,i2401-P-600,27.2,0.0,0.0,0.0,20,26.8,27.0,4,27.8,26.3,27.3,26.3,90.0,242440.0,1309
2023-05-10 21:21:04,i2401-P-600,i2401-P-600,27.2,0.0,0.0,0.0,30,26.8,27.0,4,27.8,26.3,27.3,26.3,90.0,242440.0,1309
2023-05-10 21:21:05,i2401-P-600,i2401-P-600,27.2,0.0,0.0,0.0,20,26.8,27.0,4,27.8,26.3,27.3,26.3,90.0,242440.0,1309
2023-05-10 21:21:08,i2401-P-600,i2401-P-600,27.2,0.0,0.0,0.0,10,26.8,27.0,4,27.8,26.3,27.3,26.3,90.0,242440.0,1309
2023-05-10 21:21:10,i2401-P-600,i2401-P-600,27.2,0.0,0.0,0.0,20,26.8,27.0,4,27.8,26.3,27.3,26.3,90.0,242440.0,1309
2023-05-10 21:21:32,i2401-P-600,i2401-P-600,27.2,0.0,0.0,0.0,10,26.8,27.0,4,27.8,26.3,27.3,26.3,90.0,242440.0,1309
2023-05-10 21:21:33,i2401-P-600,i2401-P-600,27.2,0.0,0.0,0.0,20,26.8,27.0,4,27.8,26.3,27.3,26.3,90.0,242440.0,1309
2023-05-10 21:21:34,i2401-P-600,i2401-P-600,27.2,0.0,0.0,0.0,10,26.8,27.0,4,27.8,26.3,27.3,26.3,90.0,242440.0,1309
2023-05-10 21:21:34,i2401-P-600,i2401-P-600,27.2,0.0,0.0,0.0,20,26.8,27.0,4,27.8,26.3,27.3,26.3,90.0,242440.0,1309
2023-05-10 21:21:36,i2401-P-600,i2401-P-600,27.2,0.0,0.0,0.0,30,26.8,27.0,4,27.8,26.3,27.3,26.3,90.0,242440.0,1309
2023-05-10 21:21:39,i2401-P-600,i2401-P-600,27.0,4.0,10800.0,4.0,4,26.9,27.2,14,27.8,26.3,27.3,26.3,94.0,253240.0,1313
2023-05-10 21:21:39,i2401-P-600,i2401-P-600,27.0,0.0,0.0,0.0,4,26.9,27.2,4,27.8,26.3,27.3,26.3,94.0,253240.0,1313
2023-05-10 21:22:03,i2401-P-600,i2401-P-600,27.0,0.0,0.0,0.0,10,27.0,27.3,4,27.8,26.3,27.3,26.3,94.0,253240.0,1313
2023-05-10 21:22:04,i2401-P-600,i2401-P-600,27.0,0.0,0.0,0.0,20,27.0,27.4,4,27.8,26.3,27.3,26.3,94.0,253240.0,1313
2023-05-10 21:22:04,i2401-P-600,i2401-P-600,27.0,0.0,0.0,0.0,40,27.0,27.4,4,27.8,26.3,27.3,26.3,94.0,253240.0,1313
2023-05-10 21:22:05,i2401-P-600,i2401-P-600,27.0,0.0,0.0,0.0,30,27.0,27.4,4,27.8,26.3,27.3,26.3,94.0,253240.0,1313
2023-05-10 21:22:05,i2401-P-600,i2401-P-600,27.0,0.0,0.0,0.0,40,27.0,27.4,4,27.8,26.3,27.3,26.3,94.0,253240.0,1313
2023-05-10 21:22:06,i2401-P-600,i2401-P-600,27.0,0.0,0.0,0.0,10,27.1,27.4,4,27.8,26.3,27.3,26.3,94.0,253240.0,1313
2023-05-10 21:22:08,i2401-P-600,i2401-P-600,27.0,0.0,0.0,0.0,40,27.0,27.4,4,27.8,26.3,27.3,26.3,94.0,253240.0,1313
2023-05-10 21:22:18,i2401-P-600,i2401-P-600,27.0,0.0,0.0,0.0,30,27.0,27.4,4,27.8,26.3,27.3,26.3,94.0,253240.0,1313
2023-05-10 21:22:19,i2401-P-600,i2401-P-600,27.0,0.0,0.0,0.0,20,27.0,27.4,4,27.8,26.3,27.3,26.3,94.0,253240.0,1313
2023-05-10 21:22:19,i2401-P-600,i2401-P-600,27.0,0.0,0.0,0.0,30,27.0,27.4,4,27.8,26.3,27.3,26.3,94.0,253240.0,1313
2023-05-10 21:22:33,i2401-P-600,i2401-P-600,27.0,0.0,0.0,0.0,30,27.0,27.3,4,27.8,26.3,27.3,26.3,94.0,253240.0,1313
2023-05-10 21:22:43,i2401-P-600,i2401-P-600,27.0,0.0,0.0,0.0,40,27.0,27.3,4,27.8,26.3,27.3,26.3,94.0,253240.0,1313
2023-05-10 21:22:55,i2401-P-600,i2401-P-600,27.0,0.0,0.0,0.0,30,27.0,27.3,4,27.8,26.3,27.3,26.3,94.0,253240.0,1313
2023-05-10 21:22:55,i2401-P-600,i2401-P-600,27.0,0.0,0.0,0.0,20,27.0,27.3,4,27.8,26.3,27.3,26.3,94.0,253240.0,1313
2023-05-10 21:23:13,i2401-P-600,i2401-P-600,27.0,0.0,0.0,0.0,30,27.0,27.3,4,27.8,26.3,27.3,26.3,94.0,253240.0,1313
2023-05-10 21:23:18,i2401-P-600,i2401-P-600,27.0,0.0,0.0,0.0,20,27.0,27.3,4,27.8,26.3,27.3,26.3,94.0,253240.0,1313
2023-05-10 21:23:18,i2401-P-600,i2401-P-600,27.0,0.0,0.0,0.0,30,27.0,27.3,4,27.8,26.3,27.3,26.3,94.0,253240.0,1313
2023-05-10 21:23:27,i2401-P-600,i2401-P-600,27.0,0.0,0.0,0.0,20,27.0,27.3,4,27.8,26.3,27.3,26.3,94.0,253240.0,1313
2023-05-10 21:23:28,i2401-P-600,i2401-P-600,27.0,0.0,0.0,0.0,30,27.0,27.3,4,27.8,26.3,27.3,26.3,94.0,253240.0,1313
2023-05-10 21:23:30,i2401-P-600,i2401-P-600,27.0,0.0,0.0,0.0,20,27.0,27.3,4,27.8,26.3,27.3,26.3,94.0,253240.0,1313
2023-05-10 21:23:30,i2401-P-600,i2401-P-600,27.0,0.0,0.0,0.0,30,27.0,27.3,4,27.8,26.3,27.3,26.3,94.0,253240.0,1313
2023-05-10 21:23:34,i2401-P-600,i2401-P-600,27.0,0.0,0.0,0.0,20,27.0,27.3,4,27.8,26.3,27.3,26.3,94.0,253240.0,1313
2023-05-10 21:23:35,i2401-P-600,i2401-P-600,27.0,0.0,0.0,0.0,30,27.0,27.3,4,27.8,26.3,27.3,26.3,94.0,253240.0,1313
2023-05-10 21:23:37,i2401-P-600,i2401-P-600,27.0,0.0,0.0,0.0,40,27.0,27.3,4,27.8,26.3,27.3,26.3,94.0,253240.0,1313
2023-05-10 21:23:38,i2401-P-600,i2401-P-600,27.0,0.0,0.0,0.0,30,27.0,27.3,4,27.8,26.3,27.3,26.3,94.0,253240.0,1313
2023-05-10 21:23:38,i2401-P-600,i2401-P-600,27.0,0.0,0.0,0.0,40,27.0,27.3,4,27.8,26.3,27.3,26.3,94.0,253240.0,1313
2023-05-10 21:23:39,i2401-P-600,i2401-P-600,27.0,0.0,0.0,0.0,30,27.0,27.3,4,27.8,26.3,27.3,26.3,94.0,253240.0,1313
2023-05-10 21:23:39,i2401-P-600,i2401-P-600,27.0,0.0,0.0,0.0,35,27.0,27.3,4,27.8,26.3,27.3,26.3,94.0,253240.0,1313
2023-05-10 21:23:40,i2401-P-600,i2401-P-600,27.0,0.0,0.0,0.0,45,27.0,27.3,4,27.8,26.3,27.3,26.3,94.0,253240.0,1313
2023-05-10 21:23:42,i2401-P-600,i2401-P-600,27.0,0.0,0.0,0.0,55,27.0,27.3,4,27.8,26.3,27.3,26.3,94.0,253240.0,1313
2023-05-10 21:23:42,i2401-P-600,i2401-P-600,27.0,0.0,0.0,0.0,45,27.0,27.3,4,27.8,26.3,27.3,26.3,94.0,253240.0,1313
2023-05-10 21:23:46,i2401-P-600,i2401-P-600,27.0,0.0,0.0,0.0,10,27.1,27.3,4,27.8,26.3,27.3,26.3,94.0,253240.0,1313
2023-05-10 21:23:46,i2401-P-600,i2401-P-600,27.0,0.0,0.0,0.0,45,27.0,27.3,4,27.8,26.3,27.3,26.3,94.0,253240.0,1313
2023-05-10 21:23:49,i2401-P-600,i2401-P-600,27.0,0.0,0.0,0.0,55,27.0,27.3,4,27.8,26.3,27.3,26.3,94.0,253240.0,1313
2023-05-10 21:23:51,i2401-P-600,i2401-P-600,27.0,0.0,0.0,0.0,40,27.0,27.3,4,27.8,26.3,27.3,26.3,94.0,253240.0,1313
2023-05-10 21:24:04,i2401-P-600,i2401-P-600,27.0,0.0,0.0,0.0,50,27.0,27.3,4,27.8,26.3,27.3,26.3,94.0,253240.0,1313
2023-05-10 21:24:04,i2401-P-600,i2401-P-600,27.0,0.0,0.0,0.0,10,27.1,27.3,4,27.8,26.3,27.3,26.3,94.0,253240.0,1313
2023-05-10 21:24:06,i2401-P-600,i2401-P-600,27.0,0.0,0.0,0.0,20,27.1,27.3,4,27.8,26.3,27.3,26.3,94.0,253240.0,1313
2023-05-10 21:24:21,i2401-P-600,i2401-P-600,27.0,0.0,0.0,0.0,50,27.0,27.3,4,27.8,26.3,27.3,26.3,94.0,253240.0,1313
2023-05-10 21:24:22,i2401-P-600,i2401-P-600,27.0,0.0,0.0,0.0,30,27.0,27.3,4,27.8,26.3,27.3,26.3,94.0,253240.0,1313
2023-05-10 21:24:24,i2401-P-600,i2401-P-600,27.0,0.0,0.0,0.0,20,27.0,27.3,4,27.8,26.3,27.3,26.3,94.0,253240.0,1313
2023-05-10 21:24:25,i2401-P-600,i2401-P-600,27.0,0.0,0.0,0.0,30,27.0,27.3,4,27.8,26.3,27.3,26.3,94.0,253240.0,1313
2023-05-10 21:24:27,i2401-P-600,i2401-P-600,27.0,0.0,0.0,0.0,20,27.0,27.3,4,27.8,26.3,27.3,26.3,94.0,253240.0,1313
2023-05-10 21:24:28,i2401-P-600,i2401-P-600,27.0,0.0,0.0,0.0,30,27.0,27.3,4,27.8,26.3,27.3,26.3,94.0,253240.0,1313
2023-05-10 21:24:28,i2401-P-600,i2401-P-600,27.0,0.0,0.0,0.0,20,27.0,27.3,4,27.8,26.3,27.3,26.3,94.0,253240.0,1313
2023-05-10 21:24:29,i2401-P-600,i2401-P-600,27.0,0.0,0.0,0.0,30,27.0,27.3,4,27.8,26.3,27.3,26.3,94.0,253240.0,1313
2023-05-10 21:24:30,i2401-P-600,i2401-P-600,27.0,0.0,0.0,0.0,20,27.0,27.3,4,27.8,26.3,27.3,26.3,94.0,253240.0,1313
2023-05-10 21:24:33,i2401-P-600,i2401-P-600,27.0,0.0,0.0,0.0,30,27.0,27.2,4,27.8,26.3,27.3,26.3,94.0,253240.0,1313
2023-05-10 21:24:33,i2401-P-600,i2401-P-600,27.0,0.0,0.0,0.0,40,27.0,27.2,4,27.8,26.3,27.3,26.3,94.0,253240.0,1313
2023-05-10 21:24:34,i2401-P-600,i2401-P-600,27.0,0.0,0.0,0.0,30,27.0,27.2,4,27.8,26.3,27.3,26.3,94.0,253240.0,1313
2023-05-10 21:24:34,i2401-P-600,i2401-P-600,27.0,0.0,0.0,0.0,20,27.0,27.2,4,27.8,26.3,27.3,26.3,94.0,253240.0,1313
2023-05-10 21:24:35,i2401-P-600,i2401-P-600,27.0,0.0,0.0,0.0,30,27.0,27.2,4,27.8,26.3,27.3,26.3,94.0,253240.0,1313
2023-05-10 21:24:36,i2401-P-600,i2401-P-600,27.0,0.0,0.0,0.0,40,27.0,27.2,4,27.8,26.3,27.3,26.3,94.0,253240.0,1313
2023-05-10 21:24:37,i2401-P-600,i2401-P-600,27.0,0.0,0.0,0.0,30,27.0,27.2,4,27.8,26.3,27.3,26.3,94.0,253240.0,1313
2023-05-10 21:24:38,i2401-P-600,i2401-P-600,27.0,0.0,0.0,0.0,40,27.0,27.2,4,27.8,26.3,27.3,26.3,94.0,253240.0,1313
2023-05-10 21:24:42,i2401-P-600,i2401-P-600,27.0,0.0,0.0,0.0,20,27.1,27.2,4,27.8,26.3,27.3,26.3,94.0,253240.0,1313
2023-05-10 21:24:42,i2401-P-600,i2401-P-600,27.2,4.0,10880.0,4.0,34,27.1,27.3,4,27.8,26.3,27.3,26.3,98.0,264120.0,1317
2023-05-10 21:24:44,i2401-P-600,i2401-P-600,27.2,0.0,0.0,0.0,14,27.1,27.3,4,27.8,26.3,27.3,26.3,98.0,264120.0,1317
2023-05-10 21:24:51,i2401-P-600,i2401-P-600,27.2,0.0,0.0,0.0,10,27.1,27.3,4,27.8,26.3,27.3,26.3,98.0,264120.0,1317
2023-05-10 21:25:13,i2401-P-600,i2401-P-600,27.2,0.0,0.0,0.0,44,27.0,27.3,4,27.8,26.3,27.3,26.3,98.0,264120.0,1317
2023-05-10 21:25:14,i2401-P-600,i2401-P-600,27.2,0.0,0.0,0.0,30,27.0,27.3,4,27.8,26.3,27.3,26.3,98.0,264120.0,1317
2023-05-10 21:25:14,i2401-P-600,i2401-P-600,27.2,0.0,0.0,0.0,20,27.0,27.3,4,27.8,26.3,27.3,26.3,98.0,264120.0,1317
2023-05-10 21:25:15,i2401-P-600,i2401-P-600,27.2,0.0,0.0,0.0,30,27.0,27.3,4,27.8,26.3,27.3,26.3,98.0,264120.0,1317
2023-05-10 21:25:16,i2401-P-600,i2401-P-600,27.2,0.0,0.0,0.0,20,27.0,27.3,4,27.8,26.3,27.3,26.3,98.0,264120.0,1317
2023-05-10 21:25:24,i2401-P-600,i2401-P-600,27.2,0.0,0.0,0.0,30,27.0,27.3,4,27.8,26.3,27.3,26.3,98.0,264120.0,1317
2023-05-10 21:25:50,i2401-P-600,i2401-P-600,27.2,0.0,0.0,0.0,40,27.0,27.3,4,27.8,26.3,27.3,26.3,98.0,264120.0,1317
2023-05-10 21:25:51,i2401-P-600,i2401-P-600,27.2,0.0,0.0,0.0,20,27.0,27.3,4,27.8,26.3,27.3,26.3,98.0,264120.0,1317
2023-05-10 21:25:52,i2401-P-600,i2401-P-600,27.2,0.0,0.0,0.0,40,27.0,27.3,4,27.8,26.3,27.3,26.3,98.0,264120.0,1317
2023-05-10 21:26:01,i2401-P-600,i2401-P-600,27.2,0.0,0.0,0.0,20,27.0,27.3,4,27.8,26.3,27.3,26.3,98.0,264120.0,1317
2023-05-10 21:26:05,i2401-P-600,i2401-P-600,27.2,0.0,0.0,0.0,10,27.0,27.3,4,27.8,26.3,27.3,26.3,98.0,264120.0,1317
2023-05-10 21:26:22,i2401-P-600,i2401-P-600,27.2,0.0,0.0,0.0,20,27.0,27.3,4,27.8,26.3,27.3,26.3,98.0,264120.0,1317
2023-05-10 21:27:04,i2401-P-600,i2401-P-600,27.2,0.0,0.0,0.0,20,26.9,27.3,8,27.8,26.3,27.3,26.3,98.0,264120.0,1317
2023-05-10 21:27:04,i2401-P-600,i2401-P-600,27.2,0.0,0.0,0.0,10,26.9,27.3,8,27.8,26.3,27.3,26.3,98.0,264120.0,1317
2023-05-10 21:27:05,i2401-P-600,i2401-P-600,27.2,0.0,0.0,0.0,30,26.8,27.3,18,27.8,26.3,27.3,26.3,98.0,264120.0,1317
2023-05-10 21:27:05,i2401-P-600,i2401-P-600,27.2,0.0,0.0,0.0,30,26.8,27.3,8,27.8,26.3,27.3,26.3,98.0,264120.0,1317
2023-05-10 21:27:07,i2401-P-600,i2401-P-600,27.2,0.0,0.0,0.0,40,26.8,27.3,8,27.8,26.3,27.3,26.3,98.0,264120.0,1317
2023-05-10 21:27:14,i2401-P-600,i2401-P-600,27.2,0.0,0.0,0.0,30,26.8,27.3,28,27.8,26.3,27.3,26.3,98.0,264120.0,1317
2023-05-10 21:27:16,i2401-P-600,i2401-P-600,27.2,0.0,0.0,0.0,30,26.8,27.1,4,27.8,26.3,27.3,26.3,98.0,264120.0,1317
2023-05-10 21:27:17,i2401-P-600,i2401-P-600,27.2,0.0,0.0,0.0,20,26.8,27.1,4,27.8,26.3,27.3,26.3,98.0,264120.0,1317
2023-05-10 21:27:25,i2401-P-600,i2401-P-600,27.2,0.0,0.0,0.0,10,26.9,27.1,4,27.8,26.3,27.3,26.3,98.0,264120.0,1317
2023-05-10 21:27:25,i2401-P-600,i2401-P-600,27.2,0.0,0.0,0.0,30,26.8,27.1,4,27.8,26.3,27.3,26.3,98.0,264120.0,1317
2023-05-10 21:27:41,i2401-P-600,i2401-P-600,27.2,0.0,0.0,0.0,30,26.8,27.0,4,27.8,26.3,27.3,26.3,98.0,264120.0,1317
2023-05-10 21:28:20,i2401-P-600,i2401-P-600,27.2,0.0,0.0,0.0,30,26.8,26.9,4,27.8,26.3,27.3,26.3,98.0,264120.0,1317
2023-05-10 21:28:35,i2401-P-600,i2401-P-600,27.2,0.0,0.0,0.0,20,26.8,26.9,4,27.8,26.3,27.3,26.3,98.0,264120.0,1317
2023-05-10 21:28:44,i2401-P-600,i2401-P-600,27.2,0.0,0.0,0.0,30,26.8,26.9,4,27.8,26.3,27.3,26.3,98.0,264120.0,1317
2023-05-10 21:28:50,i2401-P-600,i2401-P-600,27.0,8.0,21600.0,4.0,24,26.8,27.1,4,27.8,26.3,27.3,26.3,106.0,285720.0,1321
2023-05-10 21:28:56,i2401-P-600,i2401-P-600,27.0,0.0,0.0,0.0,34,26.8,27.1,4,27.8,26.3,27.3,26.3,106.0,285720.0,1321
2023-05-10 21:29:01,i2401-P-600,i2401-P-600,27.0,0.0,0.0,0.0,44,26.8,27.1,4,27.8,26.3,27.3,26.3,106.0,285720.0,1321
2023-05-10 21:29:02,i2401-P-600,i2401-P-600,27.0,0.0,0.0,0.0,54,26.8,27.1,4,27.8,26.3,27.3,26.3,106.0,285720.0,1321
2023-05-10 21:29:02,i2401-P-600,i2401-P-600,27.0,0.0,0.0,0.0,54,26.8,27.2,4,27.8,26.3,27.3,26.3,106.0,285720.0,1321
2023-05-10 21:29:03,i2401-P-600,i2401-P-600,27.0,0.0,0.0,0.0,64,26.8,27.2,4,27.8,26.3,27.3,26.3,106.0,285720.0,1321
2023-05-10 21:29:05,i2401-P-600,i2401-P-600,27.0,0.0,0.0,0.0,10,26.9,27.2,4,27.8,26.3,27.3,26.3,106.0,285720.0,1321
2023-05-10 21:29:05,i2401-P-600,i2401-P-600,27.0,0.0,0.0,0.0,20,26.9,27.2,4,27.8,26.3,27.3,26.3,106.0,285720.0,1321
2023-05-10 21:29:09,i2401-P-600,i2401-P-600,27.0,0.0,0.0,0.0,30,27.0,27.3,14,27.8,26.3,27.3,26.3,106.0,285720.0,1321
2023-05-10 21:29:09,i2401-P-600,i2401-P-600,27.0,0.0,0.0,0.0,30,27.0,27.3,4,27.8,26.3,27.3,26.3,106.0,285720.0,1321
2023-05-10 21:29:10,i2401-P-600,i2401-P-600,27.0,0.0,0.0,0.0,40,27.0,27.3,4,27.8,26.3,27.3,26.3,106.0,285720.0,1321
2023-05-10 21:29:11,i2401-P-600,i2401-P-600,27.0,0.0,0.0,0.0,50,27.0,27.3,4,27.8,26.3,27.3,26.3,106.0,285720.0,1321
2023-05-10 21:29:13,i2401-P-600,i2401-P-600,27.0,0.0,0.0,0.0,40,27.0,27.3,4,27.8,26.3,27.3,26.3,106.0,285720.0,1321
2023-05-10 21:29:14,i2401-P-600,i2401-P-600,27.0,0.0,0.0,0.0,50,27.0,27.4,4,27.8,26.3,27.3,26.3,106.0,285720.0,1321
2023-05-10 21:29:28,i2401-P-600,i2401-P-600,27.0,0.0,0.0,0.0,40,27.0,27.4,4,27.8,26.3,27.3,26.3,106.0,285720.0,1321
2023-05-10 21:29:29,i2401-P-600,i2401-P-600,27.0,0.0,0.0,0.0,50,27.0,27.4,4,27.8,26.3,27.3,26.3,106.0,285720.0,1321
2023-05-10 21:29:30,i2401-P-600,i2401-P-600,27.0,0.0,0.0,0.0,40,27.0,27.4,4,27.8,26.3,27.3,26.3,106.0,285720.0,1321
2023-05-10 21:29:38,i2401-P-600,i2401-P-600,27.0,0.0,0.0,0.0,30,27.0,27.4,4,27.8,26.3,27.3,26.3,106.0,285720.0,1321
2023-05-10 21:29:39,i2401-P-600,i2401-P-600,27.0,0.0,0.0,0.0,40,27.0,27.4,4,27.8,26.3,27.3,26.3,106.0,285720.0,1321
2023-05-10 21:29:55,i2401-P-600,i2401-P-600,27.0,0.0,0.0,0.0,10,27.1,27.4,4,27.8,26.3,27.3,26.3,106.0,285720.0,1321
2023-05-10 21:29:56,i2401-P-600,i2401-P-600,27.0,0.0,0.0,0.0,20,27.1,27.4,4,27.8,26.3,27.3,26.3,106.0,285720.0,1321
2023-05-10 21:30:04,i2401-P-600,i2401-P-600,27.0,0.0,0.0,0.0,30,27.0,27.4,4,27.8,26.3,27.3,26.3,106.0,285720.0,1321
2023-05-10 21:30:06,i2401-P-600,i2401-P-600,27.0,0.0,0.0,0.0,40,27.0,27.4,4,27.8,26.3,27.3,26.3,106.0,285720.0,1321
2023-05-10 21:30:13,i2401-P-600,i2401-P-600,27.0,0.0,0.0,0.0,50,27.0,27.4,4,27.8,26.3,27.3,26.3,106.0,285720.0,1321
2023-05-10 21:30:15,i2401-P-600,i2401-P-600,27.0,0.0,0.0,0.0,40,27.0,27.4,4,27.8,26.3,27.3,26.3,106.0,285720.0,1321
2023-05-10 21:30:16,i2401-P-600,i2401-P-600,27.0,0.0,0.0,0.0,50,27.0,27.4,4,27.8,26.3,27.3,26.3,106.0,285720.0,1321
2023-05-10 21:30:19,i2401-P-600,i2401-P-600,27.0,0.0,0.0,0.0,40,27.0,27.4,4,27.8,26.3,27.3,26.3,106.0,285720.0,1321
2023-05-10 21:30:21,i2401-P-600,i2401-P-600,27.0,0.0,0.0,0.0,50,27.0,27.4,4,27.8,26.3,27.3,26.3,106.0,285720.0,1321
2023-05-10 21:30:22,i2401-P-600,i2401-P-600,27.0,0.0,0.0,0.0,40,27.0,27.4,4,27.8,26.3,27.3,26.3,106.0,285720.0,1321
2023-05-10 21:30:24,i2401-P-600,i2401-P-600,27.0,0.0,0.0,0.0,50,27.0,27.4,4,27.8,26.3,27.3,26.3,106.0,285720.0,1321
2023-05-10 21:30:25,i2401-P-600,i2401-P-600,27.0,0.0,0.0,0.0,40,27.0,27.4,4,27.8,26.3,27.3,26.3,106.0,285720.0,1321
2023-05-10 21:30:30,i2401-P-600,i2401-P-600,27.0,0.0,0.0,0.0,60,27.0,27.4,4,27.8,26.3,27.3,26.3,106.0,285720.0,1321
2023-05-10 21:30:33,i2401-P-600,i2401-P-600,27.0,0.0,0.0,0.0,50,27.0,27.4,4,27.8,26.3,27.3,26.3,106.0,285720.0,1321
2023-05-10 21:30:35,i2401-P-600,i2401-P-600,27.0,0.0,0.0,0.0,20,27.1,27.4,4,27.8,26.3,27.3,26.3,106.0,285720.0,1321
2023-05-10 21:30:35,i2401-P-600,i2401-P-600,27.0,0.0,0.0,0.0,30,27.1,27.4,4,27.8,26.3,27.3,26.3,106.0,285720.0,1321
2023-05-10 21:30:36,i2401-P-600,i2401-P-600,27.0,0.0,0.0,0.0,20,27.1,27.4,4,27.8,26.3,27.3,26.3,106.0,285720.0,1321
2023-05-10 21:30:44,i2401-P-600,i2401-P-600,27.0,0.0,0.0,0.0,30,27.1,27.4,4,27.8,26.3,27.3,26.3,106.0,285720.0,1321
2023-05-10 21:30:45,i2401-P-600,i2401-P-600,27.0,0.0,0.0,0.0,40,27.1,27.4,4,27.8,26.3,27.3,26.3,106.0,285720.0,1321
2023-05-10 21:30:46,i2401-P-600,i2401-P-600,27.0,0.0,0.0,0.0,30,27.1,27.4,4,27.8,26.3,27.3,26.3,106.0,285720.0,1321
2023-05-10 21:30:49,i2401-P-600,i2401-P-600,27.0,0.0,0.0,0.0,40,27.1,27.4,4,27.8,26.3,27.3,26.3,106.0,285720.0,1321
2023-05-10 21:30:54,i2401-P-600,i2401-P-600,27.0,0.0,0.0,0.0,30,27.1,27.4,4,27.8,26.3,27.3,26.3,106.0,285720.0,1321
2023-05-10 21:30:56,i2401-P-600,i2401-P-600,27.0,0.0,0.0,0.0,20,27.1,27.4,4,27.8,26.3,27.3,26.3,106.0,285720.0,1321
2023-05-10 21:30:57,i2401-P-600,i2401-P-600,27.0,0.0,0.0,0.0,30,27.1,27.4,4,27.8,26.3,27.3,26.3,106.0,285720.0,1321
2023-05-10 21:31:10,i2401-P-600,i2401-P-600,27.0,0.0,0.0,0.0,40,27.1,27.4,4,27.8,26.3,27.3,26.3,106.0,285720.0,1321
2023-05-10 21:31:11,i2401-P-600,i2401-P-600,27.0,0.0,0.0,0.0,50,27.1,27.4,4,27.8,26.3,27.3,26.3,106.0,285720.0,1321
2023-05-10 21:31:15,i2401-P-600,i2401-P-600,27.0,0.0,0.0,0.0,40,27.1,27.4,4,27.8,26.3,27.3,26.3,106.0,285720.0,1321
2023-05-10 21:31:18,i2401-P-600,i2401-P-600,27.0,0.0,0.0,0.0,50,27.1,27.4,4,27.8,26.3,27.3,26.3,106.0,285720.0,1321
2023-05-10 21:31:18,i2401-P-600,i2401-P-600,27.0,0.0,0.0,0.0,40,27.1,27.4,4,27.8,26.3,27.3,26.3,106.0,285720.0,1321
2023-05-10 21:31:31,i2401-P-600,i2401-P-600,27.0,0.0,0.0,0.0,30,27.1,27.4,4,27.8,26.3,27.3,26.3,106.0,285720.0,1321
2023-05-10 21:31:40,i2401-P-600,i2401-P-600,27.0,0.0,0.0,0.0,40,27.1,27.4,4,27.8,26.3,27.3,26.3,106.0,285720.0,1321
2023-05-10 21:31:40,i2401-P-600,i2401-P-600,27.0,0.0,0.0,0.0,30,27.1,27.4,4,27.8,26.3,27.3,26.3,106.0,285720.0,1321
2023-05-10 21:31:43,i2401-P-600,i2401-P-600,27.0,0.0,0.0,0.0,40,27.1,27.4,4,27.8,26.3,27.3,26.3,106.0,285720.0,1321
2023-05-10 21:32:51,i2401-P-600,i2401-P-600,27.4,4.0,10960.0,4.0,10,27.3,27.5,4,27.8,26.3,27.4,26.3,110.0,296680.0,1325
2023-05-10 21:32:52,i2401-P-600,i2401-P-600,27.4,0.0,0.0,0.0,20,27.3,27.5,4,27.8,26.3,27.4,26.3,110.0,296680.0,1325
2023-05-10 21:32:54,i2401-P-600,i2401-P-600,27.4,0.0,0.0,0.0,40,27.3,27.5,4,27.8,26.3,27.4,26.3,110.0,296680.0,1325
2023-05-10 21:32:55,i2401-P-600,i2401-P-600,27.4,0.0,0.0,0.0,40,27.3,27.6,4,27.8,26.3,27.4,26.3,110.0,296680.0,1325
2023-05-10 21:33:07,i2401-P-600,i2401-P-600,27.4,0.0,0.0,0.0,30,27.3,27.6,4,27.8,26.3,27.4,26.3,110.0,296680.0,1325
2023-05-10 21:33:09,i2401-P-600,i2401-P-600,27.4,0.0,0.0,0.0,40,27.3,27.6,4,27.8,26.3,27.4,26.3,110.0,296680.0,1325
2023-05-10 21:33:10,i2401-P-600,i2401-P-600,27.4,0.0,0.0,0.0,30,27.3,27.6,4,27.8,26.3,27.4,26.3,110.0,296680.0,1325
2023-05-10 21:33:12,i2401-P-600,i2401-P-600,27.6,1.0,2760.0,0.0,44,27.3,27.6,18,27.8,26.3,27.6,26.3,111.0,299440.0,1325
2023-05-10 21:33:14,i2401-P-600,i2401-P-600,27.6,0.0,0.0,0.0,44,27.3,27.6,3,27.8,26.3,27.6,26.3,111.0,299440.0,1325
2023-05-10 21:33:28,i2401-P-600,i2401-P-600,27.6,0.0,0.0,0.0,20,27.3,27.6,3,27.8,26.3,27.6,26.3,111.0,299440.0,1325
2023-05-10 21:33:28,i2401-P-600,i2401-P-600,27.6,0.0,0.0,0.0,10,27.3,27.6,3,27.8,26.3,27.6,26.3,111.0,299440.0,1325
2023-05-10 21:33:39,i2401-P-600,i2401-P-600,27.6,0.0,0.0,0.0,20,27.3,27.6,3,27.8,26.3,27.6,26.3,111.0,299440.0,1325
2023-05-10 21:33:41,i2401-P-600,i2401-P-600,27.6,0.0,0.0,0.0,30,27.3,27.6,3,27.8,26.3,27.6,26.3,111.0,299440.0,1325
2023-05-10 21:33:48,i2401-P-600,i2401-P-600,27.6,0.0,0.0,0.0,20,27.3,27.6,3,27.8,26.3,27.6,26.3,111.0,299440.0,1325
2023-05-10 21:33:48,i2401-P-600,i2401-P-600,27.6,0.0,0.0,0.0,10,27.3,27.6,3,27.8,26.3,27.6,26.3,111.0,299440.0,1325
2023-05-10 21:33:49,i2401-P-600,i2401-P-600,27.6,0.0,0.0,0.0,20,27.3,27.6,3,27.8,26.3,27.6,26.3,111.0,299440.0,1325
2023-05-10 21:34:55,i2401-P-600,i2401-P-600,27.6,0.0,0.0,0.0,10,27.3,27.6,3,27.8,26.3,27.6,26.3,111.0,299440.0,1325
2023-05-10 21:34:59,i2401-P-600,i2401-P-600,27.6,0.0,0.0,0.0,20,27.3,27.6,3,27.8,26.3,27.6,26.3,111.0,299440.0,1325
2023-05-10 21:36:09,i2401-P-600,i2401-P-600,27.6,0.0,0.0,0.0,10,27.3,27.6,3,27.8,26.3,27.6,26.3,111.0,299440.0,1325
2023-05-10 21:36:10,i2401-P-600,i2401-P-600,27.6,0.0,0.0,0.0,20,27.3,27.6,3,27.8,26.3,27.6,26.3,111.0,299440.0,1325
2023-05-10 21:36:12,i2401-P-600,i2401-P-600,27.6,0.0,0.0,0.0,30,27.3,27.6,3,27.8,26.3,27.6,26.3,111.0,299440.0,1325
2023-05-10 21:36:33,i2401-P-600,i2401-P-600,27.6,0.0,0.0,0.0,20,27.3,27.6,3,27.8,26.3,27.6,26.3,111.0,299440.0,1325
2023-05-10 21:36:37,i2401-P-600,i2401-P-600,27.6,0.0,0.0,0.0,30,27.3,27.6,3,27.8,26.3,27.6,26.3,111.0,299440.0,1325
2023-05-10 21:36:38,i2401-P-600,i2401-P-600,27.6,0.0,0.0,0.0,20,27.3,27.6,3,27.8,26.3,27.6,26.3,111.0,299440.0,1325
2023-05-10 21:36:47,i2401-P-600,i2401-P-600,27.6,0.0,0.0,0.0,24,27.2,27.6,3,27.8,26.3,27.6,26.3,111.0,299440.0,1325
2023-05-10 21:36:49,i2401-P-600,i2401-P-600,27.6,0.0,0.0,0.0,30,27.2,27.6,3,27.8,26.3,27.6,26.3,111.0,299440.0,1325
2023-05-10 21:36:53,i2401-P-600,i2401-P-600,27.6,0.0,0.0,0.0,20,27.2,27.6,3,27.8,26.3,27.6,26.3,111.0,299440.0,1325
2023-05-10 21:36:53,i2401-P-600,i2401-P-600,27.6,0.0,0.0,0.0,30,27.2,27.6,3,27.8,26.3,27.6,26.3,111.0,299440.0,1325
2023-05-10 21:37:01,i2401-P-600,i2401-P-600,27.6,0.0,0.0,0.0,20,27.2,27.6,3,27.8,26.3,27.6,26.3,111.0,299440.0,1325
2023-05-10 21:37:01,i2401-P-600,i2401-P-600,27.2,10.0,27200.0,0.0,40,27.1,27.5,4,27.8,26.3,27.6,26.3,121.0,326640.0,1325
2023-05-10 21:37:02,i2401-P-600,i2401-P-600,27.2,0.0,0.0,0.0,20,27.1,27.5,4,27.8,26.3,27.6,26.3,121.0,326640.0,1325
2023-05-10 21:37:03,i2401-P-600,i2401-P-600,27.2,0.0,0.0,0.0,20,27.1,27.5,14,27.8,26.3,27.6,26.3,121.0,326640.0,1325
2023-05-10 21:37:04,i2401-P-600,i2401-P-600,27.2,0.0,0.0,0.0,30,27.1,27.5,14,27.8,26.3,27.6,26.3,121.0,326640.0,1325
2023-05-10 21:37:04,i2401-P-600,i2401-P-600,27.2,0.0,0.0,0.0,20,27.1,27.5,4,27.8,26.3,27.6,26.3,121.0,326640.0,1325
2023-05-10 21:37:06,i2401-P-600,i2401-P-600,27.2,0.0,0.0,0.0,30,27.1,27.5,4,27.8,26.3,27.6,26.3,121.0,326640.0,1325
2023-05-10 21:37:12,i2401-P-600,i2401-P-600,27.2,0.0,0.0,0.0,20,27.1,27.5,4,27.8,26.3,27.6,26.3,121.0,326640.0,1325
2023-05-10 21:37:12,i2401-P-600,i2401-P-600,27.2,0.0,0.0,0.0,34,26.9,27.5,24,27.8,26.3,27.6,26.3,121.0,326640.0,1325
2023-05-10 21:37:13,i2401-P-600,i2401-P-600,27.2,0.0,0.0,0.0,44,26.9,27.5,14,27.8,26.3,27.6,26.3,121.0,326640.0,1325
2023-05-10 21:37:13,i2401-P-600,i2401-P-600,27.2,0.0,0.0,0.0,54,26.9,27.5,4,27.8,26.3,27.6,26.3,121.0,326640.0,1325
2023-05-10 21:37:15,i2401-P-600,i2401-P-600,27.2,0.0,0.0,0.0,64,26.9,27.5,4,27.8,26.3,27.6,26.3,121.0,326640.0,1325
2023-05-10 21:37:16,i2401-P-600,i2401-P-600,27.2,0.0,0.0,0.0,10,27.0,27.5,4,27.8,26.3,27.6,26.3,121.0,326640.0,1325
2023-05-10 21:37:17,i2401-P-600,i2401-P-600,27.2,0.0,0.0,0.0,20,27.0,27.5,4,27.8,26.3,27.6,26.3,121.0,326640.0,1325
2023-05-10 21:37:17,i2401-P-600,i2401-P-600,27.2,0.0,0.0,0.0,10,27.0,27.5,4,27.8,26.3,27.6,26.3,121.0,326640.0,1325
2023-05-10 21:37:19,i2401-P-600,i2401-P-600,27.2,0.0,0.0,0.0,20,27.0,27.5,4,27.8,26.3,27.6,26.3,121.0,326640.0,1325
2023-05-10 21:37:20,i2401-P-600,i2401-P-600,27.2,0.0,0.0,0.0,10,27.0,27.5,4,27.8,26.3,27.6,26.3,121.0,326640.0,1325
2023-05-10 21:37:22,i2401-P-600,i2401-P-600,27.2,0.0,0.0,0.0,10,27.0,27.5,14,27.8,26.3,27.6,26.3,121.0,326640.0,1325
2023-05-10 21:37:22,i2401-P-600,i2401-P-600,27.2,0.0,0.0,0.0,44,26.9,27.5,14,27.8,26.3,27.6,26.3,121.0,326640.0,1325
2023-05-10 21:37:24,i2401-P-600,i2401-P-600,27.2,0.0,0.0,0.0,44,26.9,27.2,3,27.8,26.3,27.6,26.3,121.0,326640.0,1325
2023-05-10 21:37:24,i2401-P-600,i2401-P-600,27.2,0.0,0.0,0.0,54,26.9,27.2,3,27.8,26.3,27.6,26.3,121.0,326640.0,1325
2023-05-10 21:37:26,i2401-P-600,i2401-P-600,27.2,0.0,0.0,0.0,44,26.9,27.2,3,27.8,26.3,27.6,26.3,121.0,326640.0,1325
2023-05-10 21:37:30,i2401-P-600,i2401-P-600,27.2,0.0,0.0,0.0,34,26.9,27.2,3,27.8,26.3,27.6,26.3,121.0,326640.0,1325
2023-05-10 21:37:30,i2401-P-600,i2401-P-600,27.2,0.0,0.0,0.0,44,26.9,27.2,3,27.8,26.3,27.6,26.3,121.0,326640.0,1325
2023-05-10 21:37:42,i2401-P-600,i2401-P-600,27.0,3.0,8100.0,0.0,48,26.9,27.2,7,27.8,26.3,27.6,26.3,124.0,334740.0,1325
2023-05-10 21:37:42,i2401-P-600,i2401-P-600,27.0,0.0,0.0,0.0,48,26.9,27.2,3,27.8,26.3,27.6,26.3,124.0,334740.0,1325
2023-05-10 21:37:43,i2401-P-600,i2401-P-600,27.0,0.0,0.0,0.0,68,26.9,27.2,3,27.8,26.3,27.6,26.3,124.0,334740.0,1325
2023-05-10 21:37:43,i2401-P-600,i2401-P-600,27.0,0.0,0.0,0.0,78,26.9,27.2,3,27.8,26.3,27.6,26.3,124.0,334740.0,1325
2023-05-10 21:37:44,i2401-P-600,i2401-P-600,27.0,0.0,0.0,0.0,68,26.9,27.2,3,27.8,26.3,27.6,26.3,124.0,334740.0,1325
2023-05-10 21:37:46,i2401-P-600,i2401-P-600,27.0,0.0,0.0,0.0,68,26.9,27.4,4,27.8,26.3,27.6,26.3,124.0,334740.0,1325
2023-05-10 21:37:46,i2401-P-600,i2401-P-600,27.0,0.0,0.0,0.0,78,26.9,27.4,4,27.8,26.3,27.6,26.3,124.0,334740.0,1325
2023-05-10 21:37:58,i2401-P-600,i2401-P-600,27.0,0.0,0.0,0.0,10,27.0,27.4,4,27.8,26.3,27.6,26.3,124.0,334740.0,1325
2023-05-10 21:37:58,i2401-P-600,i2401-P-600,27.0,0.0,0.0,0.0,78,26.9,27.4,4,27.8,26.3,27.6,26.3,124.0,334740.0,1325
2023-05-10 21:38:00,i2401-P-600,i2401-P-600,27.0,0.0,0.0,0.0,10,27.1,27.4,4,27.8,26.3,27.6,26.3,124.0,334740.0,1325
2023-05-10 21:38:01,i2401-P-600,i2401-P-600,27.0,0.0,0.0,0.0,40,27.1,27.4,4,27.8,26.3,27.6,26.3,124.0,334740.0,1325
2023-05-10 21:38:01,i2401-P-600,i2401-P-600,27.0,0.0,0.0,0.0,20,27.1,27.4,4,27.8,26.3,27.6,26.3,124.0,334740.0,1325
2023-05-10 21:38:02,i2401-P-600,i2401-P-600,27.0,0.0,0.0,0.0,30,27.1,27.4,4,27.8,26.3,27.6,26.3,124.0,334740.0,1325
2023-05-10 21:38:04,i2401-P-600,i2401-P-600,27.0,0.0,0.0,0.0,20,27.1,27.4,4,27.8,26.3,27.6,26.3,124.0,334740.0,1325
2023-05-10 21:38:05,i2401-P-600,i2401-P-600,27.0,0.0,0.0,0.0,30,27.1,27.4,4,27.8,26.3,27.6,26.3,124.0,334740.0,1325
2023-05-10 21:38:05,i2401-P-600,i2401-P-600,27.0,0.0,0.0,0.0,40,27.1,27.4,4,27.8,26.3,27.6,26.3,124.0,334740.0,1325
2023-05-10 21:38:07,i2401-P-600,i2401-P-600,27.0,0.0,0.0,0.0,50,27.1,27.4,4,27.8,26.3,27.6,26.3,124.0,334740.0,1325
2023-05-10 21:38:08,i2401-P-600,i2401-P-600,27.0,0.0,0.0,0.0,40,27.1,27.4,4,27.8,26.3,27.6,26.3,124.0,334740.0,1325
2023-05-10 21:38:08,i2401-P-600,i2401-P-600,27.0,0.0,0.0,0.0,50,27.1,27.7,24,27.8,26.3,27.6,26.3,124.0,334740.0,1325
2023-05-10 21:38:13,i2401-P-600,i2401-P-600,27.0,0.0,0.0,0.0,30,27.2,27.7,4,27.8,26.3,27.6,26.3,124.0,334740.0,1325
2023-05-10 21:38:14,i2401-P-600,i2401-P-600,27.0,0.0,0.0,0.0,20,27.2,27.7,4,27.8,26.3,27.6,26.3,124.0,334740.0,1325
2023-05-10 21:38:14,i2401-P-600,i2401-P-600,27.0,0.0,0.0,0.0,10,27.2,27.7,4,27.8,26.3,27.6,26.3,124.0,334740.0,1325
2023-05-10 21:38:15,i2401-P-600,i2401-P-600,27.0,0.0,0.0,0.0,20,27.2,27.7,4,27.8,26.3,27.6,26.3,124.0,334740.0,1325
2023-05-10 21:38:16,i2401-P-600,i2401-P-600,27.0,0.0,0.0,0.0,10,27.2,27.7,4,27.8,26.3,27.6,26.3,124.0,334740.0,1325
2023-05-10 21:38:17,i2401-P-600,i2401-P-600,27.0,0.0,0.0,0.0,10,27.2,27.5,4,27.8,26.3,27.6,26.3,124.0,334740.0,1325
2023-05-10 21:38:19,i2401-P-600,i2401-P-600,27.0,0.0,0.0,0.0,20,27.2,27.5,4,27.8,26.3,27.6,26.3,124.0,334740.0,1325
2023-05-10 21:38:22,i2401-P-600,i2401-P-600,27.0,0.0,0.0,0.0,10,27.3,27.5,4,27.8,26.3,27.6,26.3,124.0,334740.0,1325
2023-05-10 21:38:22,i2401-P-600,i2401-P-600,27.0,0.0,0.0,0.0,20,27.3,27.5,4,27.8,26.3,27.6,26.3,124.0,334740.0,1325
2023-05-10 21:38:24,i2401-P-600,i2401-P-600,27.0,0.0,0.0,0.0,10,27.3,27.5,4,27.8,26.3,27.6,26.3,124.0,334740.0,1325
2023-05-10 21:38:25,i2401-P-600,i2401-P-600,27.0,0.0,0.0,0.0,20,27.3,27.5,4,27.8,26.3,27.6,26.3,124.0,334740.0,1325
2023-05-10 21:38:26,i2401-P-600,i2401-P-600,27.0,0.0,0.0,0.0,10,27.3,27.5,4,27.8,26.3,27.6,26.3,124.0,334740.0,1325
2023-05-10 21:38:30,i2401-P-600,i2401-P-600,27.0,0.0,0.0,0.0,20,27.3,27.5,4,27.8,26.3,27.6,26.3,124.0,334740.0,1325
2023-05-10 21:38:31,i2401-P-600,i2401-P-600,27.0,0.0,0.0,0.0,30,27.3,27.5,4,27.8,26.3,27.6,26.3,124.0,334740.0,1325
2023-05-10 21:38:31,i2401-P-600,i2401-P-600,27.0,0.0,0.0,0.0,20,27.3,27.5,4,27.8,26.3,27.6,26.3,124.0,334740.0,1325
2023-05-10 21:38:40,i2401-P-600,i2401-P-600,27.0,0.0,0.0,0.0,10,27.3,27.5,4,27.8,26.3,27.6,26.3,124.0,334740.0,1325
2023-05-10 21:38:45,i2401-P-600,i2401-P-600,27.0,0.0,0.0,0.0,20,27.3,27.5,4,27.8,26.3,27.6,26.3,124.0,334740.0,1325
2023-05-10 21:38:46,i2401-P-600,i2401-P-600,27.0,0.0,0.0,0.0,10,27.3,27.5,4,27.8,26.3,27.6,26.3,124.0,334740.0,1325
2023-05-10 21:38:48,i2401-P-600,i2401-P-600,27.0,0.0,0.0,0.0,20,27.3,27.5,4,27.8,26.3,27.6,26.3,124.0,334740.0,1325
2023-05-10 21:38:54,i2401-P-600,i2401-P-600,27.2,30.0,81800.0,-10.0,20,27.1,27.5,8,27.8,26.3,27.6,26.3,154.0,416540.0,1315
2023-05-10 21:38:55,i2401-P-600,i2401-P-600,27.2,0.0,0.0,0.0,10,27.1,27.5,8,27.8,26.3,27.6,26.3,154.0,416540.0,1315
2023-05-10 21:38:56,i2401-P-600,i2401-P-600,27.2,0.0,0.0,0.0,10,27.1,27.4,10,27.8,26.3,27.6,26.3,154.0,416540.0,1315
2023-05-10 21:38:59,i2401-P-600,i2401-P-600,27.2,0.0,0.0,0.0,20,27.0,27.5,8,27.8,26.3,27.6,26.3,154.0,416540.0,1315
2023-05-10 21:38:59,i2401-P-600,i2401-P-600,27.2,0.0,0.0,0.0,30,27.0,27.5,8,27.8,26.3,27.6,26.3,154.0,416540.0,1315
2023-05-10 21:39:02,i2401-P-600,i2401-P-600,27.2,0.0,0.0,0.0,40,27.0,27.5,8,27.8,26.3,27.6,26.3,154.0,416540.0,1315
2023-05-10 21:39:03,i2401-P-600,i2401-P-600,27.2,0.0,0.0,0.0,30,27.0,27.5,8,27.8,26.3,27.6,26.3,154.0,416540.0,1315
2023-05-10 21:39:04,i2401-P-600,i2401-P-600,27.2,0.0,0.0,0.0,10,27.1,27.5,8,27.8,26.3,27.6,26.3,154.0,416540.0,1315
2023-05-10 21:39:04,i2401-P-600,i2401-P-600,27.2,0.0,0.0,0.0,20,27.1,27.5,8,27.8,26.3,27.6,26.3,154.0,416540.0,1315
2023-05-10 21:39:04,i2401-P-600,i2401-P-600,27.2,0.0,0.0,0.0,10,27.1,27.5,8,27.8,26.3,27.6,26.3,154.0,416540.0,1315
2023-05-10 21:39:06,i2401-P-600,i2401-P-600,27.2,0.0,0.0,0.0,10,27.2,27.5,8,27.8,26.3,27.6,26.3,154.0,416540.0,1315
2023-05-10 21:39:15,i2401-P-600,i2401-P-600,27.2,0.0,0.0,0.0,10,27.2,27.3,4,27.8,26.3,27.6,26.3,154.0,416540.0,1315
2023-05-10 21:39:15,i2401-P-600,i2401-P-600,27.3,4.0,10920.0,4.0,10,27.2,27.3,4,27.8,26.3,27.6,26.3,158.0,427460.0,1319
2023-05-10 21:39:23,i2401-P-600,i2401-P-600,27.3,4.0,10920.0,0.0,10,27.2,27.4,4,27.8,26.3,27.6,26.3,162.0,438380.0,1319
2023-05-10 21:39:32,i2401-P-600,i2401-P-600,27.3,0.0,0.0,0.0,20,27.2,27.4,4,27.8,26.3,27.6,26.3,162.0,438380.0,1319
2023-05-10 21:39:33,i2401-P-600,i2401-P-600,27.3,0.0,0.0,0.0,30,27.2,27.4,4,27.8,26.3,27.6,26.3,162.0,438380.0,1319
2023-05-10 21:39:35,i2401-P-600,i2401-P-600,27.3,0.0,0.0,0.0,20,27.2,27.4,4,27.8,26.3,27.6,26.3,162.0,438380.0,1319
2023-05-10 21:39:40,i2401-P-600,i2401-P-600,27.3,0.0,0.0,0.0,20,27.2,27.5,8,27.8,26.3,27.6,26.3,162.0,438380.0,1319
2023-05-10 21:39:41,i2401-P-600,i2401-P-600,27.3,0.0,0.0,0.0,30,27.2,27.5,8,27.8,26.3,27.6,26.3,162.0,438380.0,1319
2023-05-10 21:39:43,i2401-P-600,i2401-P-600,27.3,0.0,0.0,0.0,30,27.2,27.5,4,27.8,26.3,27.6,26.3,162.0,438380.0,1319
2023-05-10 21:39:48,i2401-P-600,i2401-P-600,27.3,0.0,0.0,0.0,20,27.2,27.5,4,27.8,26.3,27.6,26.3,162.0,438380.0,1319
2023-05-10 21:39:51,i2401-P-600,i2401-P-600,27.3,0.0,0.0,0.0,30,27.2,27.5,4,27.8,26.3,27.6,26.3,162.0,438380.0,1319
2023-05-10 21:40:00,i2401-P-600,i2401-P-600,27.3,0.0,0.0,0.0,40,27.2,27.5,4,27.8,26.3,27.6,26.3,162.0,438380.0,1319
2023-05-10 21:40:02,i2401-P-600,i2401-P-600,27.3,0.0,0.0,0.0,10,27.3,27.5,4,27.8,26.3,27.6,26.3,162.0,438380.0,1319
2023-05-10 21:40:05,i2401-P-600,i2401-P-600,27.3,0.0,0.0,0.0,30,27.2,27.5,4,27.8,26.3,27.6,26.3,162.0,438380.0,1319
2023-05-10 21:40:06,i2401-P-600,i2401-P-600,27.3,0.0,0.0,0.0,20,27.2,27.5,4,27.8,26.3,27.6,26.3,162.0,438380.0,1319
2023-05-10 21:40:16,i2401-P-600,i2401-P-600,27.3,0.0,0.0,0.0,20,27.2,27.3,4,27.8,26.3,27.6,26.3,162.0,438380.0,1319
2023-05-10 21:40:19,i2401-P-600,i2401-P-600,27.3,0.0,0.0,0.0,10,27.1,27.3,4,27.8,26.3,27.6,26.3,162.0,438380.0,1319
2023-05-10 21:40:28,i2401-P-600,i2401-P-600,27.3,0.0,0.0,0.0,20,27.1,27.3,4,27.8,26.3,27.6,26.3,162.0,438380.0,1319
2023-05-10 21:40:29,i2401-P-600,i2401-P-600,27.3,8.0,21800.0,8.0,20,27.2,27.4,4,27.8,26.3,27.6,26.3,170.0,460180.0,1327
2023-05-10 21:40:29,i2401-P-600,i2401-P-600,27.3,0.0,0.0,0.0,10,27.2,27.4,4,27.8,26.3,27.6,26.3,170.0,460180.0,1327
2023-05-10 21:40:32,i2401-P-600,i2401-P-600,27.3,0.0,0.0,0.0,10,27.2,27.5,4,27.8,26.3,27.6,26.3,170.0,460180.0,1327
2023-05-10 21:40:34,i2401-P-600,i2401-P-600,27.3,0.0,0.0,0.0,20,27.2,27.5,4,27.8,26.3,27.6,26.3,170.0,460180.0,1327
2023-05-10 21:40:36,i2401-P-600,i2401-P-600,27.3,0.0,0.0,0.0,10,27.2,27.5,4,27.8,26.3,27.6,26.3,170.0,460180.0,1327
2023-05-10 21:40:47,i2401-P-600,i2401-P-600,27.3,0.0,0.0,0.0,30,27.2,27.5,4,27.8,26.3,27.6,26.3,170.0,460180.0,1327
2023-05-10 21:40:49,i2401-P-600,i2401-P-600,27.3,0.0,0.0,0.0,20,27.2,27.5,4,27.8,26.3,27.6,26.3,170.0,460180.0,1327
2023-05-10 21:41:16,i2401-P-600,i2401-P-600,27.3,0.0,0.0,0.0,10,27.2,27.5,4,27.8,26.3,27.6,26.3,170.0,460180.0,1327
2023-05-10 21:41:19,i2401-P-600,i2401-P-600,27.3,0.0,0.0,0.0,20,27.2,27.5,4,27.8,26.3,27.6,26.3,170.0,460180.0,1327
2023-05-10 21:41:26,i2401-P-600,i2401-P-600,27.3,0.0,0.0,0.0,10,27.2,27.5,4,27.8,26.3,27.6,26.3,170.0,460180.0,1327
2023-05-10 21:41:26,i2401-P-600,i2401-P-600,27.3,0.0,0.0,0.0,20,27.2,27.5,4,27.8,26.3,27.6,26.3,170.0,460180.0,1327
2023-05-10 21:41:27,i2401-P-600,i2401-P-600,27.3,0.0,0.0,0.0,10,27.2,27.5,4,27.8,26.3,27.6,26.3,170.0,460180.0,1327
2023-05-10 21:41:31,i2401-P-600,i2401-P-600,27.3,0.0,0.0,0.0,10,27.2,27.6,20,27.8,26.3,27.6,26.3,170.0,460180.0,1327
2023-05-10 21:41:32,i2401-P-600,i2401-P-600,27.3,0.0,0.0,0.0,20,27.2,27.6,10,27.8,26.3,27.6,26.3,170.0,460180.0,1327
2023-05-10 21:41:33,i2401-P-600,i2401-P-600,27.3,0.0,0.0,0.0,10,27.4,27.7,4,27.8,26.3,27.6,26.3,170.0,460180.0,1327
2023-05-10 21:41:56,i2401-P-600,i2401-P-600,27.3,0.0,0.0,0.0,30,27.4,27.7,4,27.8,26.3,27.6,26.3,170.0,460180.0,1327
2023-05-10 21:41:59,i2401-P-600,i2401-P-600,27.3,0.0,0.0,0.0,20,27.4,27.7,4,27.8,26.3,27.6,26.3,170.0,460180.0,1327
2023-05-10 21:42:00,i2401-P-600,i2401-P-600,27.3,0.0,0.0,0.0,30,27.4,27.7,4,27.8,26.3,27.6,26.3,170.0,460180.0,1327
2023-05-10 21:42:01,i2401-P-600,i2401-P-600,27.3,0.0,0.0,0.0,50,27.4,28.0,10,27.8,26.3,27.6,26.3,170.0,460180.0,1327
2023-05-10 21:42:02,i2401-P-600,i2401-P-600,27.3,0.0,0.0,0.0,40,27.4,28.0,10,27.8,26.3,27.6,26.3,170.0,460180.0,1327
2023-05-10 21:42:02,i2401-P-600,i2401-P-600,27.3,0.0,0.0,0.0,50,27.4,28.1,44,27.8,26.3,27.6,26.3,170.0,460180.0,1327
2023-05-10 21:42:03,i2401-P-600,i2401-P-600,27.3,0.0,0.0,0.0,50,27.4,28.1,34,27.8,26.3,27.6,26.3,170.0,460180.0,1327
2023-05-10 21:42:06,i2401-P-600,i2401-P-600,27.3,0.0,0.0,0.0,10,27.5,28.0,10,27.8,26.3,27.6,26.3,170.0,460180.0,1327
2023-05-10 21:42:08,i2401-P-600,i2401-P-600,27.3,0.0,0.0,0.0,10,27.5,28.1,44,27.8,26.3,27.6,26.3,170.0,460180.0,1327
2023-05-10 21:42:10,i2401-P-600,i2401-P-600,27.3,0.0,0.0,0.0,20,27.5,28.1,34,27.8,26.3,27.6,26.3,170.0,460180.0,1327
2023-05-10 21:42:12,i2401-P-600,i2401-P-600,27.3,0.0,0.0,0.0,20,27.5,28.1,24,27.8,26.3,27.6,26.3,170.0,460180.0,1327
2023-05-10 21:42:13,i2401-P-600,i2401-P-600,27.3,0.0,0.0,0.0,20,27.5,28.1,34,27.8,26.3,27.6,26.3,170.0,460180.0,1327
2023-05-10 21:42:14,i2401-P-600,i2401-P-600,27.3,0.0,0.0,0.0,30,27.5,28.1,24,27.8,26.3,27.6,26.3,170.0,460180.0,1327
2023-05-10 21:42:15,i2401-P-600,i2401-P-600,27.3,0.0,0.0,0.0,40,27.5,28.1,4,27.8,26.3,27.6,26.3,170.0,460180.0,1327
2023-05-10 21:42:17,i2401-P-600,i2401-P-600,27.3,0.0,0.0,0.0,50,27.5,28.1,4,27.8,26.3,27.6,26.3,170.0,460180.0,1327
2023-05-10 21:42:25,i2401-P-600,i2401-P-600,27.3,0.0,0.0,0.0,60,27.5,28.1,4,27.8,26.3,27.6,26.3,170.0,460180.0,1327
2023-05-10 21:42:26,i2401-P-600,i2401-P-600,27.3,0.0,0.0,0.0,20,27.6,28.1,4,27.8,26.3,27.6,26.3,170.0,460180.0,1327
2023-05-10 21:42:27,i2401-P-600,i2401-P-600,27.3,0.0,0.0,0.0,20,27.7,28.1,4,27.8,26.3,27.6,26.3,170.0,460180.0,1327
2023-05-10 21:42:28,i2401-P-600,i2401-P-600,27.3,0.0,0.0,0.0,30,27.7,28.1,4,27.8,26.3,27.6,26.3,170.0,460180.0,1327
2023-05-10 21:42:33,i2401-P-600,i2401-P-600,27.3,0.0,0.0,0.0,20,27.7,28.1,4,27.8,26.3,27.6,26.3,170.0,460180.0,1327
2023-05-10 21:42:33,i2401-P-600,i2401-P-600,27.3,0.0,0.0,0.0,30,27.6,28.1,4,27.8,26.3,27.6,26.3,170.0,460180.0,1327
2023-05-10 21:42:34,i2401-P-600,i2401-P-600,27.3,0.0,0.0,0.0,10,27.7,28.1,4,27.8,26.3,27.6,26.3,170.0,460180.0,1327
2023-05-10 21:42:36,i2401-P-600,i2401-P-600,27.3,0.0,0.0,0.0,20,27.7,28.1,4,27.8,26.3,27.6,26.3,170.0,460180.0,1327
2023-05-10 21:42:37,i2401-P-600,i2401-P-600,27.3,0.0,0.0,0.0,10,27.7,28.1,4,27.8,26.3,27.6,26.3,170.0,460180.0,1327
2023-05-10 21:42:53,i2401-P-600,i2401-P-600,27.3,0.0,0.0,0.0,20,27.7,28.1,4,27.8,26.3,27.6,26.3,170.0,460180.0,1327
2023-05-10 21:43:20,i2401-P-600,i2401-P-600,27.3,0.0,0.0,0.0,40,27.6,28.1,4,27.8,26.3,27.6,26.3,170.0,460180.0,1327
2023-05-10 21:43:20,i2401-P-600,i2401-P-600,27.3,0.0,0.0,0.0,30,27.6,28.1,14,27.8,26.3,27.6,26.3,170.0,460180.0,1327
2023-05-10 21:43:23,i2401-P-600,i2401-P-600,27.3,0.0,0.0,0.0,30,27.6,28.1,24,27.8,26.3,27.6,26.3,170.0,460180.0,1327
2023-05-10 21:43:25,i2401-P-600,i2401-P-600,27.3,0.0,0.0,0.0,30,27.6,28.1,4,27.8,26.3,27.6,26.3,170.0,460180.0,1327
2023-05-10 21:43:32,i2401-P-600,i2401-P-600,27.3,0.0,0.0,0.0,10,27.7,28.1,4,27.8,26.3,27.6,26.3,170.0,460180.0,1327
2023-05-10 21:43:37,i2401-P-600,i2401-P-600,27.3,0.0,0.0,0.0,30,27.6,28.1,4,27.8,26.3,27.6,26.3,170.0,460180.0,1327
2023-05-10 21:43:39,i2401-P-600,i2401-P-600,27.3,0.0,0.0,0.0,40,27.6,28.1,4,27.8,26.3,27.6,26.3,170.0,460180.0,1327
2023-05-10 21:43:39,i2401-P-600,i2401-P-600,27.3,0.0,0.0,0.0,30,27.6,28.1,4,27.8,26.3,27.6,26.3,170.0,460180.0,1327
2023-05-10 21:43:41,i2401-P-600,i2401-P-600,27.3,0.0,0.0,0.0,40,27.6,28.1,4,27.8,26.3,27.6,26.3,170.0,460180.0,1327
2023-05-10 21:44:06,i2401-P-600,i2401-P-600,27.3,0.0,0.0,0.0,20,27.6,28.1,14,27.8,26.3,27.6,26.3,170.0,460180.0,1327
2023-05-10 21:44:08,i2401-P-600,i2401-P-600,27.3,0.0,0.0,0.0,20,27.6,28.1,24,27.8,26.3,27.6,26.3,170.0,460180.0,1327
2023-05-10 21:44:09,i2401-P-600,i2401-P-600,27.3,0.0,0.0,0.0,20,27.6,28.1,14,27.8,26.3,27.6,26.3,170.0,460180.0,1327
2023-05-10 21:44:09,i2401-P-600,i2401-P-600,27.3,0.0,0.0,0.0,20,27.6,28.1,24,27.8,26.3,27.6,26.3,170.0,460180.0,1327
2023-05-10 21:44:11,i2401-P-600,i2401-P-600,27.3,0.0,0.0,0.0,20,27.6,28.1,14,27.8,26.3,27.6,26.3,170.0,460180.0,1327
2023-05-10 21:44:12,i2401-P-600,i2401-P-600,27.3,0.0,0.0,0.0,20,27.6,28.1,24,27.8,26.3,27.6,26.3,170.0,460180.0,1327
2023-05-10 21:44:15,i2401-P-600,i2401-P-600,27.3,0.0,0.0,0.0,20,27.6,28.1,14,27.8,26.3,27.6,26.3,170.0,460180.0,1327
2023-05-10 21:44:15,i2401-P-600,i2401-P-600,27.3,0.0,0.0,0.0,20,27.6,28.1,4,27.8,26.3,27.6,26.3,170.0,460180.0,1327
2023-05-10 21:44:16,i2401-P-600,i2401-P-600,27.3,0.0,0.0,0.0,20,27.6,28.1,14,27.8,26.3,27.6,26.3,170.0,460180.0,1327
2023-05-10 21:44:16,i2401-P-600,i2401-P-600,27.3,0.0,0.0,0.0,20,27.6,28.1,24,27.8,26.3,27.6,26.3,170.0,460180.0,1327
2023-05-10 21:44:19,i2401-P-600,i2401-P-600,27.3,0.0,0.0,0.0,20,27.6,28.1,4,27.8,26.3,27.6,26.3,170.0,460180.0,1327
2023-05-10 21:44:31,i2401-P-600,i2401-P-600,27.3,0.0,0.0,0.0,20,27.6,28.1,24,27.8,26.3,27.6,26.3,170.0,460180.0,1327
2023-05-10 21:44:32,i2401-P-600,i2401-P-600,27.3,0.0,0.0,0.0,20,27.6,28.1,4,27.8,26.3,27.6,26.3,170.0,460180.0,1327
2023-05-10 21:44:39,i2401-P-600,i2401-P-600,27.3,0.0,0.0,0.0,10,27.6,28.1,4,27.8,26.3,27.6,26.3,170.0,460180.0,1327
2023-05-10 21:45:11,i2401-P-600,i2401-P-600,27.3,0.0,0.0,0.0,40,27.5,28.1,4,27.8,26.3,27.6,26.3,170.0,460180.0,1327
2023-05-10 21:45:12,i2401-P-600,i2401-P-600,27.3,0.0,0.0,0.0,30,27.5,28.1,14,27.8,26.3,27.6,26.3,170.0,460180.0,1327
2023-05-10 21:45:12,i2401-P-600,i2401-P-600,27.3,0.0,0.0,0.0,20,27.5,28.1,24,27.8,26.3,27.6,26.3,170.0,460180.0,1327
2023-05-10 21:45:13,i2401-P-600,i2401-P-600,27.3,0.0,0.0,0.0,30,27.5,28.1,14,27.8,26.3,27.6,26.3,170.0,460180.0,1327
2023-05-10 21:45:13,i2401-P-600,i2401-P-600,27.3,0.0,0.0,0.0,20,27.5,28.0,10,27.8,26.3,27.6,26.3,170.0,460180.0,1327
2023-05-10 21:45:14,i2401-P-600,i2401-P-600,27.3,0.0,0.0,0.0,10,27.5,28.0,10,27.8,26.3,27.6,26.3,170.0,460180.0,1327
2023-05-10 21:45:14,i2401-P-600,i2401-P-600,27.3,0.0,0.0,0.0,10,27.5,28.0,20,27.8,26.3,27.6,26.3,170.0,460180.0,1327
2023-05-10 21:45:18,i2401-P-600,i2401-P-600,27.3,0.0,0.0,0.0,10,27.5,28.0,10,27.8,26.3,27.6,26.3,170.0,460180.0,1327
2023-05-10 21:45:20,i2401-P-600,i2401-P-600,27.3,0.0,0.0,0.0,10,27.5,28.1,24,27.8,26.3,27.6,26.3,170.0,460180.0,1327
2023-05-10 21:45:20,i2401-P-600,i2401-P-600,27.3,0.0,0.0,0.0,30,27.4,28.1,24,27.8,26.3,27.6,26.3,170.0,460180.0,1327
2023-05-10 21:45:27,i2401-P-600,i2401-P-600,27.3,0.0,0.0,0.0,30,27.4,28.0,10,27.8,26.3,27.6,26.3,170.0,460180.0,1327
2023-05-10 21:45:27,i2401-P-600,i2401-P-600,27.3,0.0,0.0,0.0,40,27.4,28.1,24,27.8,26.3,27.6,26.3,170.0,460180.0,1327
2023-05-10 21:45:29,i2401-P-600,i2401-P-600,27.3,0.0,0.0,0.0,40,27.4,28.1,34,27.8,26.3,27.6,26.3,170.0,460180.0,1327
2023-05-10 21:45:35,i2401-P-600,i2401-P-600,27.3,0.0,0.0,0.0,20,27.5,28.1,34,27.8,26.3,27.6,26.3,170.0,460180.0,1327
2023-05-10 21:45:35,i2401-P-600,i2401-P-600,27.3,0.0,0.0,0.0,10,27.5,28.1,34,27.8,26.3,27.6,26.3,170.0,460180.0,1327
2023-05-10 21:45:36,i2401-P-600,i2401-P-600,27.3,0.0,0.0,0.0,20,27.5,28.1,24,27.8,26.3,27.6,26.3,170.0,460180.0,1327
2023-05-10 21:45:37,i2401-P-600,i2401-P-600,27.3,0.0,0.0,0.0,10,27.5,28.1,34,27.8,26.3,27.6,26.3,170.0,460180.0,1327
2023-05-10 21:45:37,i2401-P-600,i2401-P-600,27.3,0.0,0.0,0.0,20,27.5,28.1,34,27.8,26.3,27.6,26.3,170.0,460180.0,1327
2023-05-10 21:45:58,i2401-P-600,i2401-P-600,27.3,0.0,0.0,0.0,20,27.5,28.1,24,27.8,26.3,27.6,26.3,170.0,460180.0,1327
2023-05-10 21:46:00,i2401-P-600,i2401-P-600,27.3,0.0,0.0,0.0,30,27.5,28.1,24,27.8,26.3,27.6,26.3,170.0,460180.0,1327
2023-05-10 21:46:00,i2401-P-600,i2401-P-600,27.3,0.0,0.0,0.0,40,27.5,28.1,24,27.8,26.3,27.6,26.3,170.0,460180.0,1327
2023-05-10 21:46:03,i2401-P-600,i2401-P-600,27.3,0.0,0.0,0.0,10,27.7,28.1,24,27.8,26.3,27.6,26.3,170.0,460180.0,1327
2023-05-10 21:46:06,i2401-P-600,i2401-P-600,27.3,0.0,0.0,0.0,10,27.7,28.1,14,27.8,26.3,27.6,26.3,170.0,460180.0,1327
2023-05-10 21:46:35,i2401-P-600,i2401-P-600,27.3,0.0,0.0,0.0,10,27.7,28.1,4,27.8,26.3,27.6,26.3,170.0,460180.0,1327
2023-05-10 21:47:13,i2401-P-600,i2401-P-600,27.3,0.0,0.0,0.0,10,27.7,28.1,14,27.8,26.3,27.6,26.3,170.0,460180.0,1327
2023-05-10 21:47:14,i2401-P-600,i2401-P-600,27.3,0.0,0.0,0.0,10,27.7,28.1,4,27.8,26.3,27.6,26.3,170.0,460180.0,1327
2023-05-10 21:47:32,i2401-P-600,i2401-P-600,27.3,0.0,0.0,0.0,20,27.7,28.1,4,27.8,26.3,27.6,26.3,170.0,460180.0,1327
2023-05-10 21:47:47,i2401-P-600,i2401-P-600,27.3,0.0,0.0,0.0,30,27.7,28.1,4,27.8,26.3,27.6,26.3,170.0,460180.0,1327
2023-05-10 21:48:03,i2401-P-600,i2401-P-600,27.3,0.0,0.0,0.0,30,27.7,28.2,30,27.8,26.3,27.6,26.3,170.0,460180.0,1327
2023-05-10 21:48:04,i2401-P-600,i2401-P-600,27.3,0.0,0.0,0.0,40,27.7,28.2,20,27.8,26.3,27.6,26.3,170.0,460180.0,1327
2023-05-10 21:48:04,i2401-P-600,i2401-P-600,27.3,0.0,0.0,0.0,40,27.7,28.2,10,27.8,26.3,27.6,26.3,170.0,460180.0,1327
2023-05-10 21:48:07,i2401-P-600,i2401-P-600,27.3,0.0,0.0,0.0,20,27.9,28.2,10,27.8,26.3,27.6,26.3,170.0,460180.0,1327
2023-05-10 21:48:09,i2401-P-600,i2401-P-600,27.3,0.0,0.0,0.0,20,27.9,28.4,50,27.8,26.3,27.6,26.3,170.0,460180.0,1327
2023-05-10 21:48:14,i2401-P-600,i2401-P-600,27.3,0.0,0.0,0.0,20,27.9,28.4,40,27.8,26.3,27.6,26.3,170.0,460180.0,1327
2023-05-10 21:48:15,i2401-P-600,i2401-P-600,27.3,0.0,0.0,0.0,20,27.9,28.4,30,27.8,26.3,27.6,26.3,170.0,460180.0,1327
2023-05-10 21:48:16,i2401-P-600,i2401-P-600,27.3,0.0,0.0,0.0,20,27.9,28.4,40,27.8,26.3,27.6,26.3,170.0,460180.0,1327
2023-05-10 21:48:24,i2401-P-600,i2401-P-600,27.3,0.0,0.0,0.0,20,27.9,28.4,30,27.8,26.3,27.6,26.3,170.0,460180.0,1327
2023-05-10 21:48:25,i2401-P-600,i2401-P-600,27.3,0.0,0.0,0.0,20,27.9,28.4,40,27.8,26.3,27.6,26.3,170.0,460180.0,1327
2023-05-10 21:48:26,i2401-P-600,i2401-P-600,27.3,0.0,0.0,0.0,20,27.9,28.4,30,27.8,26.3,27.6,26.3,170.0,460180.0,1327
2023-05-10 21:48:28,i2401-P-600,i2401-P-600,27.3,0.0,0.0,0.0,30,27.9,28.4,30,27.8,26.3,27.6,26.3,170.0,460180.0,1327
2023-05-10 21:48:30,i2401-P-600,i2401-P-600,27.3,0.0,0.0,0.0,30,27.9,28.4,10,27.8,26.3,27.6,26.3,170.0,460180.0,1327
2023-05-10 21:48:30,i2401-P-600,i2401-P-600,27.3,0.0,0.0,0.0,30,27.9,28.4,20,27.8,26.3,27.6,26.3,170.0,460180.0,1327
2023-05-10 21:48:33,i2401-P-600,i2401-P-600,27.3,0.0,0.0,0.0,40,27.9,28.4,20,27.8,26.3,27.6,26.3,170.0,460180.0,1327
2023-05-10 21:48:33,i2401-P-600,i2401-P-600,27.3,0.0,0.0,0.0,30,27.9,28.4,20,27.8,26.3,27.6,26.3,170.0,460180.0,1327
2023-05-10 21:48:36,i2401-P-600,i2401-P-600,27.3,0.0,0.0,0.0,40,27.9,28.4,20,27.8,26.3,27.6,26.3,170.0,460180.0,1327
2023-05-10 21:48:41,i2401-P-600,i2401-P-600,27.3,0.0,0.0,0.0,10,28.0,28.4,20,27.8,26.3,27.6,26.3,170.0,460180.0,1327
2023-05-10 21:48:42,i2401-P-600,i2401-P-600,27.3,0.0,0.0,0.0,40,28.0,28.4,10,27.8,26.3,27.6,26.3,170.0,460180.0,1327
2023-05-10 21:48:42,i2401-P-600,i2401-P-600,27.3,0.0,0.0,0.0,20,28.0,28.4,10,27.8,26.3,27.6,26.3,170.0,460180.0,1327
2023-05-10 21:48:43,i2401-P-600,i2401-P-600,27.3,0.0,0.0,0.0,30,28.0,28.6,20,27.8,26.3,27.6,26.3,170.0,460180.0,1327
2023-05-10 21:48:43,i2401-P-600,i2401-P-600,27.3,0.0,0.0,0.0,30,28.0,28.6,10,27.8,26.3,27.6,26.3,170.0,460180.0,1327
2023-05-10 21:48:46,i2401-P-600,i2401-P-600,27.3,0.0,0.0,0.0,30,28.0,28.6,20,27.8,26.3,27.6,26.3,170.0,460180.0,1327
2023-05-10 21:48:47,i2401-P-600,i2401-P-600,27.3,0.0,0.0,0.0,20,28.1,28.6,10,27.8,26.3,27.6,26.3,170.0,460180.0,1327
2023-05-10 21:48:47,i2401-P-600,i2401-P-600,27.3,0.0,0.0,0.0,30,28.1,28.7,44,27.8,26.3,27.6,26.3,170.0,460180.0,1327
2023-05-10 21:48:48,i2401-P-600,i2401-P-600,27.3,0.0,0.0,0.0,20,28.1,28.7,44,27.8,26.3,27.6,26.3,170.0,460180.0,1327
2023-05-10 21:48:49,i2401-P-600,i2401-P-600,27.3,0.0,0.0,0.0,30,28.1,28.7,44,27.8,26.3,27.6,26.3,170.0,460180.0,1327
2023-05-10 21:48:49,i2401-P-600,i2401-P-600,27.3,0.0,0.0,0.0,30,28.1,28.7,34,27.8,26.3,27.6,26.3,170.0,460180.0,1327
2023-05-10 21:48:50,i2401-P-600,i2401-P-600,27.3,0.0,0.0,0.0,20,28.1,28.6,10,27.8,26.3,27.6,26.3,170.0,460180.0,1327
2023-05-10 21:48:50,i2401-P-600,i2401-P-600,27.3,0.0,0.0,0.0,40,28.1,28.7,24,27.8,26.3,27.6,26.3,170.0,460180.0,1327
2023-05-10 21:48:55,i2401-P-600,i2401-P-600,27.3,0.0,0.0,0.0,30,28.1,28.7,34,27.8,26.3,27.6,26.3,170.0,460180.0,1327
2023-05-10 21:48:56,i2401-P-600,i2401-P-600,27.3,0.0,0.0,0.0,50,28.1,28.7,24,27.8,26.3,27.6,26.3,170.0,460180.0,1327
2023-05-10 21:48:56,i2401-P-600,i2401-P-600,27.3,0.0,0.0,0.0,50,28.1,28.7,14,27.8,26.3,27.6,26.3,170.0,460180.0,1327
2023-05-10 21:48:58,i2401-P-600,i2401-P-600,27.3,0.0,0.0,0.0,40,28.1,28.7,4,27.8,26.3,27.6,26.3,170.0,460180.0,1327
2023-05-10 21:48:59,i2401-P-600,i2401-P-600,27.3,0.0,0.0,0.0,10,28.2,28.7,4,27.8,26.3,27.6,26.3,170.0,460180.0,1327
2023-05-10 21:48:59,i2401-P-600,i2401-P-600,27.3,0.0,0.0,0.0,20,28.2,28.7,4,27.8,26.3,27.6,26.3,170.0,460180.0,1327
2023-05-10 21:49:01,i2401-P-600,i2401-P-600,27.3,0.0,0.0,0.0,30,28.2,28.7,4,27.8,26.3,27.6,26.3,170.0,460180.0,1327
2023-05-10 21:49:02,i2401-P-600,i2401-P-600,27.3,0.0,0.0,0.0,20,28.3,28.7,4,27.8,26.3,27.6,26.3,170.0,460180.0,1327
2023-05-10 21:49:02,i2401-P-600,i2401-P-600,27.3,0.0,0.0,0.0,10,28.3,28.7,4,27.8,26.3,27.6,26.3,170.0,460180.0,1327
2023-05-10 21:49:04,i2401-P-600,i2401-P-600,27.3,0.0,0.0,0.0,20,28.3,28.7,4,27.8,26.3,27.6,26.3,170.0,460180.0,1327
2023-05-10 21:49:05,i2401-P-600,i2401-P-600,27.3,0.0,0.0,0.0,10,28.3,28.7,14,27.8,26.3,27.6,26.3,170.0,460180.0,1327
2023-05-10 21:49:06,i2401-P-600,i2401-P-600,27.3,0.0,0.0,0.0,10,28.2,28.7,4,27.8,26.3,27.6,26.3,170.0,460180.0,1327
2023-05-10 21:49:06,i2401-P-600,i2401-P-600,27.3,0.0,0.0,0.0,10,28.2,28.7,14,27.8,26.3,27.6,26.3,170.0,460180.0,1327
2023-05-10 21:49:07,i2401-P-600,i2401-P-600,27.3,0.0,0.0,0.0,10,28.2,28.7,4,27.8,26.3,27.6,26.3,170.0,460180.0,1327
2023-05-10 21:49:08,i2401-P-600,i2401-P-600,27.3,0.0,0.0,0.0,20,28.2,28.7,4,27.8,26.3,27.6,26.3,170.0,460180.0,1327
2023-05-10 21:49:12,i2401-P-600,i2401-P-600,27.3,0.0,0.0,0.0,20,28.3,28.7,4,27.8,26.3,27.6,26.3,170.0,460180.0,1327
2023-05-10 21:49:18,i2401-P-600,i2401-P-600,27.3,0.0,0.0,0.0,10,28.3,28.7,4,27.8,26.3,27.6,26.3,170.0,460180.0,1327
2023-05-10 21:49:19,i2401-P-600,i2401-P-600,27.3,0.0,0.0,0.0,20,28.3,28.7,4,27.8,26.3,27.6,26.3,170.0,460180.0,1327
2023-05-10 21:49:20,i2401-P-600,i2401-P-600,27.3,0.0,0.0,0.0,10,28.3,28.7,4,27.8,26.3,27.6,26.3,170.0,460180.0,1327
2023-05-10 21:49:21,i2401-P-600,i2401-P-600,27.3,0.0,0.0,0.0,20,28.3,28.7,4,27.8,26.3,27.6,26.3,170.0,460180.0,1327
2023-05-10 21:49:42,i2401-P-600,i2401-P-600,27.3,0.0,0.0,0.0,30,28.3,28.7,4,27.8,26.3,27.6,26.3,170.0,460180.0,1327
2023-05-10 21:49:58,i2401-P-600,i2401-P-600,27.3,0.0,0.0,0.0,20,28.3,28.7,4,27.8,26.3,27.6,26.3,170.0,460180.0,1327
2023-05-10 21:50:00,i2401-P-600,i2401-P-600,27.3,0.0,0.0,0.0,30,28.3,28.7,4,27.8,26.3,27.6,26.3,170.0,460180.0,1327
2023-05-10 21:50:00,i2401-P-600,i2401-P-600,27.3,0.0,0.0,0.0,20,28.3,28.7,4,27.8,26.3,27.6,26.3,170.0,460180.0,1327
2023-05-10 21:50:03,i2401-P-600,i2401-P-600,27.3,0.0,0.0,0.0,30,28.3,28.7,4,27.8,26.3,27.6,26.3,170.0,460180.0,1327
2023-05-10 21:50:07,i2401-P-600,i2401-P-600,27.3,0.0,0.0,0.0,20,28.3,28.7,4,27.8,26.3,27.6,26.3,170.0,460180.0,1327
2023-05-10 21:50:08,i2401-P-600,i2401-P-600,27.3,0.0,0.0,0.0,10,28.3,28.7,4,27.8,26.3,27.6,26.3,170.0,460180.0,1327
2023-05-10 21:50:09,i2401-P-600,i2401-P-600,28.3,10.0,28300.0,0.0,20,28.2,28.6,4,27.8,26.3,28.3,26.3,180.0,488480.0,1327
2023-05-10 21:50:10,i2401-P-600,i2401-P-600,28.3,0.0,0.0,0.0,30,28.2,28.6,4,27.8,26.3,28.3,26.3,180.0,488480.0,1327
2023-05-10 21:50:12,i2401-P-600,i2401-P-600,28.3,0.0,0.0,0.0,20,28.2,28.6,4,27.8,26.3,28.3,26.3,180.0,488480.0,1327
2023-05-10 21:50:17,i2401-P-600,i2401-P-600,28.3,0.0,0.0,0.0,10,28.2,28.6,4,27.8,26.3,28.3,26.3,180.0,488480.0,1327
2023-05-10 21:50:17,i2401-P-600,i2401-P-600,28.3,0.0,0.0,0.0,40,28.1,28.6,4,27.8,26.3,28.3,26.3,180.0,488480.0,1327
2023-05-10 21:50:18,i2401-P-600,i2401-P-600,28.3,0.0,0.0,0.0,30,28.1,28.6,4,27.8,26.3,28.3,26.3,180.0,488480.0,1327
2023-05-10 21:50:19,i2401-P-600,i2401-P-600,28.3,0.0,0.0,0.0,30,28.1,28.6,14,27.8,26.3,28.3,26.3,180.0,488480.0,1327
2023-05-10 21:50:19,i2401-P-600,i2401-P-600,28.1,20.0,56200.0,0.0,20,28.0,28.6,14,27.8,26.3,28.3,26.3,200.0,544680.0,1327
2023-05-10 21:50:20,i2401-P-600,i2401-P-600,28.1,0.0,0.0,0.0,20,28.0,28.6,24,27.8,26.3,28.3,26.3,200.0,544680.0,1327
2023-05-10 21:50:22,i2401-P-600,i2401-P-600,28.1,0.0,0.0,0.0,20,28.0,28.5,20,27.8,26.3,28.3,26.3,200.0,544680.0,1327
2023-05-10 21:50:22,i2401-P-600,i2401-P-600,28.1,0.0,0.0,0.0,20,28.0,28.5,10,27.8,26.3,28.3,26.3,200.0,544680.0,1327
2023-05-10 21:50:23,i2401-P-600,i2401-P-600,28.1,0.0,0.0,0.0,20,28.0,28.5,20,27.8,26.3,28.3,26.3,200.0,544680.0,1327
2023-05-10 21:50:29,i2401-P-600,i2401-P-600,28.1,0.0,0.0,0.0,20,28.0,28.5,30,27.8,26.3,28.3,26.3,200.0,544680.0,1327
2023-05-10 21:50:36,i2401-P-600,i2401-P-600,28.1,0.0,0.0,0.0,10,28.0,28.5,20,27.8,26.3,28.3,26.3,200.0,544680.0,1327
2023-05-10 21:50:38,i2401-P-600,i2401-P-600,28.1,0.0,0.0,0.0,20,28.0,28.5,30,27.8,26.3,28.3,26.3,200.0,544680.0,1327
2023-05-10 21:50:41,i2401-P-600,i2401-P-600,28.1,0.0,0.0,0.0,10,28.0,28.5,30,27.8,26.3,28.3,26.3,200.0,544680.0,1327
2023-05-10 21:50:48,i2401-P-600,i2401-P-600,28.1,0.0,0.0,0.0,10,28.0,28.5,40,27.8,26.3,28.3,26.3,200.0,544680.0,1327
2023-05-10 21:50:54,i2401-P-600,i2401-P-600,28.1,0.0,0.0,0.0,10,28.0,28.5,30,27.8,26.3,28.3,26.3,200.0,544680.0,1327
2023-05-10 21:50:54,i2401-P-600,i2401-P-600,28.1,0.0,0.0,0.0,10,28.0,28.5,40,27.8,26.3,28.3,26.3,200.0,544680.0,1327
2023-05-10 21:50:55,i2401-P-600,i2401-P-600,28.1,0.0,0.0,0.0,10,28.0,28.5,30,27.8,26.3,28.3,26.3,200.0,544680.0,1327
2023-05-10 21:51:05,i2401-P-600,i2401-P-600,28.1,0.0,0.0,0.0,40,27.9,28.5,20,27.8,26.3,28.3,26.3,200.0,544680.0,1327
2023-05-10 21:51:05,i2401-P-600,i2401-P-600,28.1,0.0,0.0,0.0,10,28.1,28.5,20,27.8,26.3,28.3,26.3,200.0,544680.0,1327
2023-05-10 21:51:07,i2401-P-600,i2401-P-600,28.1,0.0,0.0,0.0,20,28.1,28.5,20,27.8,26.3,28.3,26.3,200.0,544680.0,1327
2023-05-10 21:51:08,i2401-P-600,i2401-P-600,28.1,0.0,0.0,0.0,40,28.1,28.6,24,27.8,26.3,28.3,26.3,200.0,544680.0,1327
2023-05-10 21:51:09,i2401-P-600,i2401-P-600,28.1,0.0,0.0,0.0,30,28.1,28.6,24,27.8,26.3,28.3,26.3,200.0,544680.0,1327
2023-05-10 21:51:17,i2401-P-600,i2401-P-600,28.1,0.0,0.0,0.0,40,28.1,28.6,34,27.8,26.3,28.3,26.3,200.0,544680.0,1327
2023-05-10 21:51:18,i2401-P-600,i2401-P-600,28.1,0.0,0.0,0.0,40,28.1,28.6,24,27.8,26.3,28.3,26.3,200.0,544680.0,1327
2023-05-10 21:51:19,i2401-P-600,i2401-P-600,28.1,0.0,0.0,0.0,30,28.1,28.6,24,27.8,26.3,28.3,26.3,200.0,544680.0,1327
2023-05-10 21:51:21,i2401-P-600,i2401-P-600,28.1,0.0,0.0,0.0,30,28.1,28.6,4,27.8,26.3,28.3,26.3,200.0,544680.0,1327
2023-05-10 21:51:21,i2401-P-600,i2401-P-600,28.1,0.0,0.0,0.0,40,28.1,28.6,4,27.8,26.3,28.3,26.3,200.0,544680.0,1327
2023-05-10 21:51:24,i2401-P-600,i2401-P-600,28.1,0.0,0.0,0.0,40,28.1,28.6,14,27.8,26.3,28.3,26.3,200.0,544680.0,1327
2023-05-10 21:51:24,i2401-P-600,i2401-P-600,28.1,0.0,0.0,0.0,30,28.1,28.6,24,27.8,26.3,28.3,26.3,200.0,544680.0,1327
2023-05-10 21:51:29,i2401-P-600,i2401-P-600,28.1,0.0,0.0,0.0,10,28.1,28.6,24,27.8,26.3,28.3,26.3,200.0,544680.0,1327
2023-05-10 21:51:29,i2401-P-600,i2401-P-600,28.1,0.0,0.0,0.0,10,28.1,28.5,10,27.8,26.3,28.3,26.3,200.0,544680.0,1327
2023-05-10 21:51:30,i2401-P-600,i2401-P-600,28.1,10.0,28100.0,0.0,10,28.0,28.4,4,27.8,26.3,28.3,26.3,210.0,572780.0,1327
2023-05-10 21:51:31,i2401-P-600,i2401-P-600,28.1,0.0,0.0,0.0,20,28.0,28.4,4,27.8,26.3,28.3,26.3,210.0,572780.0,1327
2023-05-10 21:51:34,i2401-P-600,i2401-P-600,28.1,0.0,0.0,0.0,30,28.0,28.4,4,27.8,26.3,28.3,26.3,210.0,572780.0,1327
2023-05-10 21:51:34,i2401-P-600,i2401-P-600,28.1,0.0,0.0,0.0,20,28.0,28.4,4,27.8,26.3,28.3,26.3,210.0,572780.0,1327
2023-05-10 21:51:35,i2401-P-600,i2401-P-600,28.1,0.0,0.0,0.0,30,28.0,28.4,4,27.8,26.3,28.3,26.3,210.0,572780.0,1327
2023-05-10 21:51:36,i2401-P-600,i2401-P-600,28.1,0.0,0.0,0.0,20,28.0,28.4,4,27.8,26.3,28.3,26.3,210.0,572780.0,1327
2023-05-10 21:51:41,i2401-P-600,i2401-P-600,28.1,0.0,0.0,0.0,30,28.0,28.4,4,27.8,26.3,28.3,26.3,210.0,572780.0,1327
2023-05-10 21:51:42,i2401-P-600,i2401-P-600,28.1,0.0,0.0,0.0,10,28.1,28.4,4,27.8,26.3,28.3,26.3,210.0,572780.0,1327
2023-05-10 21:51:44,i2401-P-600,i2401-P-600,28.1,0.0,0.0,0.0,20,28.1,28.4,4,27.8,26.3,28.3,26.3,210.0,572780.0,1327
2023-05-10 21:51:45,i2401-P-600,i2401-P-600,28.1,0.0,0.0,0.0,10,28.1,28.4,4,27.8,26.3,28.3,26.3,210.0,572780.0,1327
2023-05-10 21:51:45,i2401-P-600,i2401-P-600,28.1,0.0,0.0,0.0,40,28.1,28.5,4,27.8,26.3,28.3,26.3,210.0,572780.0,1327
2023-05-10 21:51:45,i2401-P-600,i2401-P-600,28.1,0.0,0.0,0.0,30,28.1,28.5,4,27.8,26.3,28.3,26.3,210.0,572780.0,1327
2023-05-10 21:51:46,i2401-P-600,i2401-P-600,28.1,0.0,0.0,0.0,40,28.1,28.5,4,27.8,26.3,28.3,26.3,210.0,572780.0,1327
2023-05-10 21:51:47,i2401-P-600,i2401-P-600,28.1,0.0,0.0,0.0,50,28.1,28.5,4,27.8,26.3,28.3,26.3,210.0,572780.0,1327
2023-05-10 21:51:48,i2401-P-600,i2401-P-600,28.1,0.0,0.0,0.0,50,28.1,28.6,14,27.8,26.3,28.3,26.3,210.0,572780.0,1327
2023-05-10 21:51:48,i2401-P-600,i2401-P-600,28.1,0.0,0.0,0.0,10,28.2,28.6,14,27.8,26.3,28.3,26.3,210.0,572780.0,1327
2023-05-10 21:51:50,i2401-P-600,i2401-P-600,28.1,0.0,0.0,0.0,20,28.2,28.6,14,27.8,26.3,28.3,26.3,210.0,572780.0,1327
2023-05-10 21:51:52,i2401-P-600,i2401-P-600,28.1,0.0,0.0,0.0,20,28.3,28.6,14,27.8,26.3,28.3,26.3,210.0,572780.0,1327
2023-05-10 21:51:54,i2401-P-600,i2401-P-600,28.1,0.0,0.0,0.0,30,28.3,28.6,14,27.8,26.3,28.3,26.3,210.0,572780.0,1327
2023-05-10 21:51:59,i2401-P-600,i2401-P-600,28.1,0.0,0.0,0.0,30,28.3,28.6,10,27.8,26.3,28.3,26.3,210.0,572780.0,1327
2023-05-10 21:51:59,i2401-P-600,i2401-P-600,28.1,0.0,0.0,0.0,30,28.3,28.7,14,27.8,26.3,28.3,26.3,210.0,572780.0,1327
2023-05-10 21:52:00,i2401-P-600,i2401-P-600,28.1,0.0,0.0,0.0,10,28.5,28.8,21,27.8,26.3,28.3,26.3,210.0,572780.0,1327
2023-05-10 21:52:00,i2401-P-600,i2401-P-600,28.1,0.0,0.0,0.0,10,28.5,28.8,11,27.8,26.3,28.3,26.3,210.0,572780.0,1327
2023-05-10 21:52:01,i2401-P-600,i2401-P-600,28.1,0.0,0.0,0.0,10,28.5,28.8,1,27.8,26.3,28.3,26.3,210.0,572780.0,1327
2023-05-10 21:52:02,i2401-P-600,i2401-P-600,28.1,0.0,0.0,0.0,20,28.5,28.8,1,27.8,26.3,28.3,26.3,210.0,572780.0,1327
2023-05-10 21:52:05,i2401-P-600,i2401-P-600,28.1,0.0,0.0,0.0,30,28.5,28.8,1,27.8,26.3,28.3,26.3,210.0,572780.0,1327
2023-05-10 21:52:10,i2401-P-600,i2401-P-600,28.1,0.0,0.0,0.0,10,28.6,28.8,1,27.8,26.3,28.3,26.3,210.0,572780.0,1327
2023-05-10 21:52:22,i2401-P-600,i2401-P-600,28.6,10.0,28600.0,0.0,44,28.5,28.7,4,27.8,26.3,28.6,26.3,220.0,601380.0,1327
2023-05-10 21:52:23,i2401-P-600,i2401-P-600,28.6,0.0,0.0,0.0,10,28.4,28.7,4,27.8,26.3,28.6,26.3,220.0,601380.0,1327
2023-05-10 21:52:23,i2401-P-600,i2401-P-600,28.6,0.0,0.0,0.0,20,28.3,28.6,16,27.8,26.3,28.6,26.3,220.0,601380.0,1327
2023-05-10 21:52:26,i2401-P-600,i2401-P-600,28.6,0.0,0.0,0.0,30,28.3,28.6,16,27.8,26.3,28.6,26.3,220.0,601380.0,1327
2023-05-10 21:52:29,i2401-P-600,i2401-P-600,28.6,0.0,0.0,0.0,20,28.3,28.6,16,27.8,26.3,28.6,26.3,220.0,601380.0,1327
2023-05-10 21:52:30,i2401-P-600,i2401-P-600,28.6,0.0,0.0,0.0,30,28.3,28.6,16,27.8,26.3,28.6,26.3,220.0,601380.0,1327
2023-05-10 21:52:33,i2401-P-600,i2401-P-600,28.6,0.0,0.0,0.0,20,28.3,28.6,16,27.8,26.3,28.6,26.3,220.0,601380.0,1327
2023-05-10 21:52:33,i2401-P-600,i2401-P-600,28.6,0.0,0.0,0.0,10,28.3,28.6,16,27.8,26.3,28.6,26.3,220.0,601380.0,1327
2023-05-10 21:52:34,i2401-P-600,i2401-P-600,28.6,0.0,0.0,0.0,20,28.3,28.6,16,27.8,26.3,28.6,26.3,220.0,601380.0,1327
2023-05-10 21:52:39,i2401-P-600,i2401-P-600,28.6,0.0,0.0,0.0,10,28.3,28.6,16,27.8,26.3,28.6,26.3,220.0,601380.0,1327
2023-05-10 21:52:41,i2401-P-600,i2401-P-600,28.6,0.0,0.0,0.0,20,28.3,28.6,16,27.8,26.3,28.6,26.3,220.0,601380.0,1327
2023-05-10 21:52:44,i2401-P-600,i2401-P-600,28.6,0.0,0.0,0.0,30,28.3,28.6,16,27.8,26.3,28.6,26.3,220.0,601380.0,1327
2023-05-10 21:52:47,i2401-P-600,i2401-P-600,28.6,0.0,0.0,0.0,20,28.3,28.6,16,27.8,26.3,28.6,26.3,220.0,601380.0,1327
2023-05-10 21:52:52,i2401-P-600,i2401-P-600,28.6,0.0,0.0,0.0,30,28.3,28.6,16,27.8,26.3,28.6,26.3,220.0,601380.0,1327
2023-05-10 21:52:53,i2401-P-600,i2401-P-600,28.6,0.0,0.0,0.0,20,28.3,28.6,16,27.8,26.3,28.6,26.3,220.0,601380.0,1327
2023-05-10 21:52:56,i2401-P-600,i2401-P-600,28.6,0.0,0.0,0.0,10,28.3,28.6,16,27.8,26.3,28.6,26.3,220.0,601380.0,1327
2023-05-10 21:53:08,i2401-P-600,i2401-P-600,28.3,10.0,28300.0,-10.0,40,28.2,28.6,16,27.8,26.3,28.6,26.3,230.0,629680.0,1317
2023-05-10 21:53:09,i2401-P-600,i2401-P-600,28.3,0.0,0.0,0.0,10,28.2,28.6,16,27.8,26.3,28.6,26.3,230.0,629680.0,1317
2023-05-10 21:53:10,i2401-P-600,i2401-P-600,28.3,0.0,0.0,0.0,20,28.1,28.6,16,27.8,26.3,28.6,26.3,230.0,629680.0,1317
2023-05-10 21:53:11,i2401-P-600,i2401-P-600,28.3,0.0,0.0,0.0,10,28.1,28.6,16,27.8,26.3,28.6,26.3,230.0,629680.0,1317
2023-05-10 21:53:11,i2401-P-600,i2401-P-600,28.3,0.0,0.0,0.0,20,28.1,28.6,26,27.8,26.3,28.6,26.3,230.0,629680.0,1317
2023-05-10 21:53:12,i2401-P-600,i2401-P-600,28.3,0.0,0.0,0.0,10,28.1,28.6,26,27.8,26.3,28.6,26.3,230.0,629680.0,1317
2023-05-10 21:53:12,i2401-P-600,i2401-P-600,28.3,0.0,0.0,0.0,50,28.0,28.6,26,27.8,26.3,28.6,26.3,230.0,629680.0,1317
2023-05-10 21:53:17,i2401-P-600,i2401-P-600,28.3,0.0,0.0,0.0,10,28.1,28.6,26,27.8,26.3,28.6,26.3,230.0,629680.0,1317
2023-05-10 21:53:22,i2401-P-600,i2401-P-600,28.3,0.0,0.0,0.0,50,28.0,28.6,26,27.8,26.3,28.6,26.3,230.0,629680.0,1317
2023-05-10 21:53:23,i2401-P-600,i2401-P-600,28.3,0.0,0.0,0.0,20,28.0,28.6,26,27.8,26.3,28.6,26.3,230.0,629680.0,1317
2023-05-10 21:53:24,i2401-P-600,i2401-P-600,28.3,0.0,0.0,0.0,30,28.0,28.6,36,27.8,26.3,28.6,26.3,230.0,629680.0,1317
2023-05-10 21:53:26,i2401-P-600,i2401-P-600,28.3,0.0,0.0,0.0,40,28.0,28.6,36,27.8,26.3,28.6,26.3,230.0,629680.0,1317
2023-05-10 21:53:26,i2401-P-600,i2401-P-600,28.3,0.0,0.0,0.0,40,28.0,28.6,26,27.8,26.3,28.6,26.3,230.0,629680.0,1317
2023-05-10 21:53:30,i2401-P-600,i2401-P-600,28.3,0.0,0.0,0.0,20,28.1,28.6,26,27.8,26.3,28.6,26.3,230.0,629680.0,1317
2023-05-10 21:53:49,i2401-P-600,i2401-P-600,28.3,0.0,0.0,0.0,10,28.1,28.6,36,27.8,26.3,28.6,26.3,230.0,629680.0,1317
2023-05-10 21:53:50,i2401-P-600,i2401-P-600,28.3,0.0,0.0,0.0,40,28.0,28.6,36,27.8,26.3,28.6,26.3,230.0,629680.0,1317
2023-05-10 21:53:52,i2401-P-600,i2401-P-600,28.3,0.0,0.0,0.0,40,28.0,28.6,46,27.8,26.3,28.6,26.3,230.0,629680.0,1317
2023-05-10 21:53:53,i2401-P-600,i2401-P-600,28.3,0.0,0.0,0.0,40,28.0,28.6,36,27.8,26.3,28.6,26.3,230.0,629680.0,1317
2023-05-10 21:53:55,i2401-P-600,i2401-P-600,28.3,0.0,0.0,0.0,40,28.0,28.6,46,27.8,26.3,28.6,26.3,230.0,629680.0,1317
2023-05-10 21:53:56,i2401-P-600,i2401-P-600,28.3,0.0,0.0,0.0,40,28.0,28.6,36,27.8,26.3,28.6,26.3,230.0,629680.0,1317
2023-05-10 21:53:57,i2401-P-600,i2401-P-600,28.3,0.0,0.0,0.0,40,28.0,28.6,46,27.8,26.3,28.6,26.3,230.0,629680.0,1317
2023-05-10 21:53:58,i2401-P-600,i2401-P-600,28.3,0.0,0.0,0.0,40,28.0,28.6,36,27.8,26.3,28.6,26.3,230.0,629680.0,1317
2023-05-10 21:54:00,i2401-P-600,i2401-P-600,28.3,0.0,0.0,0.0,40,28.0,28.6,46,27.8,26.3,28.6,26.3,230.0,629680.0,1317
2023-05-10 21:54:01,i2401-P-600,i2401-P-600,28.3,0.0,0.0,0.0,30,28.0,28.6,46,27.8,26.3,28.6,26.3,230.0,629680.0,1317
2023-05-10 21:54:04,i2401-P-600,i2401-P-600,28.3,0.0,0.0,0.0,40,28.0,28.6,36,27.8,26.3,28.6,26.3,230.0,629680.0,1317
2023-05-10 21:54:04,i2401-P-600,i2401-P-600,28.3,0.0,0.0,0.0,50,28.0,28.6,26,27.8,26.3,28.6,26.3,230.0,629680.0,1317
2023-05-10 21:54:05,i2401-P-600,i2401-P-600,28.3,0.0,0.0,0.0,30,28.1,28.6,16,27.8,26.3,28.6,26.3,230.0,629680.0,1317
2023-05-10 21:54:07,i2401-P-600,i2401-P-600,28.3,0.0,0.0,0.0,20,28.1,28.6,16,27.8,26.3,28.6,26.3,230.0,629680.0,1317
2023-05-10 21:54:08,i2401-P-600,i2401-P-600,28.3,0.0,0.0,0.0,20,28.1,28.6,26,27.8,26.3,28.6,26.3,230.0,629680.0,1317
2023-05-10 21:54:09,i2401-P-600,i2401-P-600,28.3,0.0,0.0,0.0,30,28.1,28.6,26,27.8,26.3,28.6,26.3,230.0,629680.0,1317
2023-05-10 21:54:11,i2401-P-600,i2401-P-600,28.3,0.0,0.0,0.0,20,28.1,28.6,26,27.8,26.3,28.6,26.3,230.0,629680.0,1317
2023-05-10 21:54:12,i2401-P-600,i2401-P-600,28.3,0.0,0.0,0.0,10,28.1,28.6,26,27.8,26.3,28.6,26.3,230.0,629680.0,1317
2023-05-10 21:54:16,i2401-P-600,i2401-P-600,28.3,0.0,0.0,0.0,10,28.1,28.6,36,27.8,26.3,28.6,26.3,230.0,629680.0,1317
2023-05-10 21:54:17,i2401-P-600,i2401-P-600,28.3,0.0,0.0,0.0,10,28.1,28.6,26,27.8,26.3,28.6,26.3,230.0,629680.0,1317
2023-05-10 21:54:17,i2401-P-600,i2401-P-600,28.3,0.0,0.0,0.0,10,28.1,28.6,36,27.8,26.3,28.6,26.3,230.0,629680.0,1317
2023-05-10 21:54:17,i2401-P-600,i2401-P-600,28.3,0.0,0.0,0.0,10,28.1,28.6,16,27.8,26.3,28.6,26.3,230.0,629680.0,1317
2023-05-10 21:54:18,i2401-P-600,i2401-P-600,28.3,0.0,0.0,0.0,20,28.1,28.6,16,27.8,26.3,28.6,26.3,230.0,629680.0,1317
2023-05-10 21:54:19,i2401-P-600,i2401-P-600,28.3,0.0,0.0,0.0,10,28.1,28.6,16,27.8,26.3,28.6,26.3,230.0,629680.0,1317
2023-05-10 21:54:19,i2401-P-600,i2401-P-600,28.3,0.0,0.0,0.0,20,28.1,28.6,26,27.8,26.3,28.6,26.3,230.0,629680.0,1317
2023-05-10 21:54:23,i2401-P-600,i2401-P-600,28.3,0.0,0.0,0.0,20,28.1,28.6,16,27.8,26.3,28.6,26.3,230.0,629680.0,1317
2023-05-10 21:54:24,i2401-P-600,i2401-P-600,28.3,0.0,0.0,0.0,30,28.1,28.6,16,27.8,26.3,28.6,26.3,230.0,629680.0,1317
2023-05-10 21:54:24,i2401-P-600,i2401-P-600,28.3,0.0,0.0,0.0,20,28.1,28.6,16,27.8,26.3,28.6,26.3,230.0,629680.0,1317
2023-05-10 21:54:25,i2401-P-600,i2401-P-600,28.3,0.0,0.0,0.0,30,28.1,28.6,26,27.8,26.3,28.6,26.3,230.0,629680.0,1317
2023-05-10 21:54:29,i2401-P-600,i2401-P-600,28.3,0.0,0.0,0.0,40,28.1,28.6,26,27.8,26.3,28.6,26.3,230.0,629680.0,1317
2023-05-10 21:54:29,i2401-P-600,i2401-P-600,28.3,0.0,0.0,0.0,10,28.2,28.6,16,27.8,26.3,28.6,26.3,230.0,629680.0,1317
2023-05-10 21:54:30,i2401-P-600,i2401-P-600,28.3,0.0,0.0,0.0,50,28.1,28.6,16,27.8,26.3,28.6,26.3,230.0,629680.0,1317
2023-05-10 21:54:32,i2401-P-600,i2401-P-600,28.3,0.0,0.0,0.0,10,28.2,28.6,16,27.8,26.3,28.6,26.3,230.0,629680.0,1317
2023-05-10 21:54:33,i2401-P-600,i2401-P-600,28.3,0.0,0.0,0.0,20,28.2,28.6,16,27.8,26.3,28.6,26.3,230.0,629680.0,1317
2023-05-10 21:54:33,i2401-P-600,i2401-P-600,28.3,0.0,0.0,0.0,30,28.2,28.6,16,27.8,26.3,28.6,26.3,230.0,629680.0,1317
2023-05-10 21:54:51,i2401-P-600,i2401-P-600,28.3,0.0,0.0,0.0,10,28.3,28.6,16,27.8,26.3,28.6,26.3,230.0,629680.0,1317
2023-05-10 21:54:55,i2401-P-600,i2401-P-600,28.3,0.0,0.0,0.0,20,28.2,28.6,16,27.8,26.3,28.6,26.3,230.0,629680.0,1317
2023-05-10 21:54:56,i2401-P-600,i2401-P-600,28.3,0.0,0.0,0.0,10,28.2,28.6,16,27.8,26.3,28.6,26.3,230.0,629680.0,1317
2023-05-10 21:54:58,i2401-P-600,i2401-P-600,28.3,0.0,0.0,0.0,40,28.1,28.6,16,27.8,26.3,28.6,26.3,230.0,629680.0,1317
2023-05-10 21:54:59,i2401-P-600,i2401-P-600,28.3,0.0,0.0,0.0,50,28.1,28.6,26,27.8,26.3,28.6,26.3,230.0,629680.0,1317
2023-05-10 21:55:00,i2401-P-600,i2401-P-600,28.3,0.0,0.0,0.0,10,28.2,28.6,16,27.8,26.3,28.6,26.3,230.0,629680.0,1317
2023-05-10 21:55:01,i2401-P-600,i2401-P-600,28.3,0.0,0.0,0.0,10,28.3,28.6,16,27.8,26.3,28.6,26.3,230.0,629680.0,1317
2023-05-10 21:55:03,i2401-P-600,i2401-P-600,28.3,0.0,0.0,0.0,20,28.3,28.6,16,27.8,26.3,28.6,26.3,230.0,629680.0,1317
2023-05-10 21:55:09,i2401-P-600,i2401-P-600,28.3,0.0,0.0,0.0,10,28.3,28.6,16,27.8,26.3,28.6,26.3,230.0,629680.0,1317
2023-05-10 21:55:11,i2401-P-600,i2401-P-600,28.3,0.0,0.0,0.0,50,28.1,28.6,26,27.8,26.3,28.6,26.3,230.0,629680.0,1317
2023-05-10 21:55:11,i2401-P-600,i2401-P-600,28.3,0.0,0.0,0.0,40,28.1,28.6,26,27.8,26.3,28.6,26.3,230.0,629680.0,1317
2023-05-10 21:55:32,i2401-P-600,i2401-P-600,28.3,0.0,0.0,0.0,50,28.1,28.6,26,27.8,26.3,28.6,26.3,230.0,629680.0,1317
2023-05-10 21:55:33,i2401-P-600,i2401-P-600,28.3,0.0,0.0,0.0,10,28.2,28.6,16,27.8,26.3,28.6,26.3,230.0,629680.0,1317
2023-05-10 21:55:33,i2401-P-600,i2401-P-600,28.3,0.0,0.0,0.0,30,28.2,28.6,16,27.8,26.3,28.6,26.3,230.0,629680.0,1317
2023-05-10 21:55:35,i2401-P-600,i2401-P-600,28.3,0.0,0.0,0.0,20,28.2,28.6,16,27.8,26.3,28.6,26.3,230.0,629680.0,1317
2023-05-10 21:55:38,i2401-P-600,i2401-P-600,28.3,0.0,0.0,0.0,30,28.2,28.6,16,27.8,26.3,28.6,26.3,230.0,629680.0,1317
2023-05-10 21:55:39,i2401-P-600,i2401-P-600,28.3,0.0,0.0,0.0,40,28.2,28.6,16,27.8,26.3,28.6,26.3,230.0,629680.0,1317
2023-05-10 21:55:41,i2401-P-600,i2401-P-600,28.3,0.0,0.0,0.0,30,28.2,28.6,16,27.8,26.3,28.6,26.3,230.0,629680.0,1317
2023-05-10 21:55:42,i2401-P-600,i2401-P-600,28.3,0.0,0.0,0.0,40,28.2,28.6,16,27.8,26.3,28.6,26.3,230.0,629680.0,1317
2023-05-10 21:55:49,i2401-P-600,i2401-P-600,28.3,0.0,0.0,0.0,20,28.2,28.6,16,27.8,26.3,28.6,26.3,230.0,629680.0,1317
2023-05-10 21:55:50,i2401-P-600,i2401-P-600,28.3,0.0,0.0,0.0,10,28.2,28.6,26,27.8,26.3,28.6,26.3,230.0,629680.0,1317
2023-05-10 21:55:51,i2401-P-600,i2401-P-600,28.3,0.0,0.0,0.0,20,28.2,28.6,16,27.8,26.3,28.6,26.3,230.0,629680.0,1317
2023-05-10 21:55:52,i2401-P-600,i2401-P-600,28.3,0.0,0.0,0.0,30,28.2,28.6,16,27.8,26.3,28.6,26.3,230.0,629680.0,1317
2023-05-10 21:55:53,i2401-P-600,i2401-P-600,28.3,0.0,0.0,0.0,20,28.2,28.6,16,27.8,26.3,28.6,26.3,230.0,629680.0,1317
2023-05-10 21:55:54,i2401-P-600,i2401-P-600,28.3,0.0,0.0,0.0,30,28.2,28.6,16,27.8,26.3,28.6,26.3,230.0,629680.0,1317
2023-05-10 21:55:55,i2401-P-600,i2401-P-600,28.3,0.0,0.0,0.0,20,28.2,28.6,16,27.8,26.3,28.6,26.3,230.0,629680.0,1317
2023-05-10 21:56:05,i2401-P-600,i2401-P-600,28.3,0.0,0.0,0.0,10,28.2,28.6,26,27.8,26.3,28.6,26.3,230.0,629680.0,1317
2023-05-10 21:56:05,i2401-P-600,i2401-P-600,28.3,0.0,0.0,0.0,10,28.2,28.6,16,27.8,26.3,28.6,26.3,230.0,629680.0,1317
2023-05-10 21:56:08,i2401-P-600,i2401-P-600,28.3,0.0,0.0,0.0,10,28.2,28.6,26,27.8,26.3,28.6,26.3,230.0,629680.0,1317
2023-05-10 21:56:09,i2401-P-600,i2401-P-600,28.3,0.0,0.0,0.0,10,28.1,28.6,26,27.8,26.3,28.6,26.3,230.0,629680.0,1317
2023-05-10 21:56:10,i2401-P-600,i2401-P-600,28.3,0.0,0.0,0.0,64,28.0,28.6,26,27.8,26.3,28.6,26.3,230.0,629680.0,1317
2023-05-10 21:56:10,i2401-P-600,i2401-P-600,28.3,0.0,0.0,0.0,64,28.0,28.6,36,27.8,26.3,28.6,26.3,230.0,629680.0,1317
