time,symbol_id,symbol_name,last,trade_volume,trade_amount,open_interest_change,bv1,bp1,ap1,av1,yesterday_close,today_open,today_high,today_low,volume,amount,open_interest
2023-05-10 21:02:00,i2401-P-970,i2401-P-970,297.0,0.0,0.0,0.0,1,223.3,370.7,1,297.0,0.0,0.0,0.0,0.0,0.0,0
2023-05-10 21:02:00,i2401-P-970,i2401-P-970,297.0,0.0,0.0,0.0,20,223.4,370.6,20,297.0,0.0,0.0,0.0,0.0,0.0,0
2023-05-10 21:02:01,i2401-P-970,i2401-P-970,297.0,0.0,0.0,0.0,1,223.7,370.3,1,297.0,0.0,0.0,0.0,0.0,0.0,0
2023-05-10 21:02:02,i2401-P-970,i2401-P-970,297.0,0.0,0.0,0.0,20,223.8,370.2,20,297.0,0.0,0.0,0.0,0.0,0.0,0
2023-05-10 21:02:02,i2401-P-970,i2401-P-970,297.0,0.0,0.0,0.0,1,224.1,369.9,1,297.0,0.0,0.0,0.0,0.0,0.0,0
2023-05-10 21:02:02,i2401-P-970,i2401-P-970,297.0,0.0,0.0,0.0,20,224.2,369.8,20,297.0,0.0,0.0,0.0,0.0,0.0,0
2023-05-10 21:02:04,i2401-P-970,i2401-P-970,297.0,0.0,0.0,0.0,1,224.5,369.5,1,297.0,0.0,0.0,0.0,0.0,0.0,0
2023-05-10 21:02:05,i2401-P-970,i2401-P-970,297.0,0.0,0.0,0.0,20,224.6,369.4,20,297.0,0.0,0.0,0.0,0.0,0.0,0
2023-05-10 21:02:07,i2401-P-970,i2401-P-970,297.0,0.0,0.0,0.0,1,224.9,369.4,20,297.0,0.0,0.0,0.0,0.0,0.0,0
2023-05-10 21:02:07,i2401-P-970,i2401-P-970,297.0,0.0,0.0,0.0,20,225.0,369.4,20,297.0,0.0,0.0,0.0,0.0,0.0,0
2023-05-10 21:02:08,i2401-P-970,i2401-P-970,297.0,0.0,0.0,0.0,1,225.3,369.1,1,297.0,0.0,0.0,0.0,0.0,0.0,0
2023-05-10 21:02:08,i2401-P-970,i2401-P-970,297.0,0.0,0.0,0.0,20,225.4,369.0,20,297.0,0.0,0.0,0.0,0.0,0.0,0
2023-05-10 21:02:09,i2401-P-970,i2401-P-970,297.0,0.0,0.0,0.0,1,225.7,368.7,1,297.0,0.0,0.0,0.0,0.0,0.0,0
2023-05-10 21:02:09,i2401-P-970,i2401-P-970,297.0,0.0,0.0,0.0,20,225.8,368.6,20,297.0,0.0,0.0,0.0,0.0,0.0,0
2023-05-10 21:02:10,i2401-P-970,i2401-P-970,297.0,0.0,0.0,0.0,1,226.1,368.3,1,297.0,0.0,0.0,0.0,0.0,0.0,0
2023-05-10 21:02:10,i2401-P-970,i2401-P-970,297.0,0.0,0.0,0.0,20,226.2,368.2,20,297.0,0.0,0.0,0.0,0.0,0.0,0
2023-05-10 21:02:12,i2401-P-970,i2401-P-970,297.0,0.0,0.0,0.0,1,226.5,367.9,1,297.0,0.0,0.0,0.0,0.0,0.0,0
2023-05-10 21:02:12,i2401-P-970,i2401-P-970,297.0,0.0,0.0,0.0,20,226.6,367.8,20,297.0,0.0,0.0,0.0,0.0,0.0,0
2023-05-10 21:02:13,i2401-P-970,i2401-P-970,297.0,0.0,0.0,0.0,1,226.9,367.5,1,297.0,0.0,0.0,0.0,0.0,0.0,0
2023-05-10 21:02:13,i2401-P-970,i2401-P-970,297.0,0.0,0.0,0.0,20,227.0,367.4,20,297.0,0.0,0.0,0.0,0.0,0.0,0
2023-05-10 21:02:14,i2401-P-970,i2401-P-970,297.0,0.0,0.0,0.0,1,227.3,367.1,1,297.0,0.0,0.0,0.0,0.0,0.0,0
2023-05-10 21:02:14,i2401-P-970,i2401-P-970,297.0,0.0,0.0,0.0,20,227.4,367.0,20,297.0,0.0,0.0,0.0,0.0,0.0,0
2023-05-10 21:02:15,i2401-P-970,i2401-P-970,297.0,0.0,0.0,0.0,1,227.7,366.7,1,297.0,0.0,0.0,0.0,0.0,0.0,0
2023-05-10 21:02:15,i2401-P-970,i2401-P-970,297.0,0.0,0.0,0.0,20,227.8,366.6,20,297.0,0.0,0.0,0.0,0.0,0.0,0
2023-05-10 21:02:16,i2401-P-970,i2401-P-970,297.0,0.0,0.0,0.0,1,228.1,366.3,1,297.0,0.0,0.0,0.0,0.0,0.0,0
2023-05-10 21:02:16,i2401-P-970,i2401-P-970,297.0,0.0,0.0,0.0,20,228.2,366.2,20,297.0,0.0,0.0,0.0,0.0,0.0,0
2023-05-10 21:02:17,i2401-P-970,i2401-P-970,297.0,0.0,0.0,0.0,1,228.5,365.9,1,297.0,0.0,0.0,0.0,0.0,0.0,0
2023-05-10 21:02:17,i2401-P-970,i2401-P-970,297.0,0.0,0.0,0.0,20,228.6,365.8,20,297.0,0.0,0.0,0.0,0.0,0.0,0
2023-05-10 21:02:19,i2401-P-970,i2401-P-970,297.0,0.0,0.0,0.0,1,228.9,365.5,1,297.0,0.0,0.0,0.0,0.0,0.0,0
2023-05-10 21:02:19,i2401-P-970,i2401-P-970,297.0,0.0,0.0,0.0,20,229.0,365.4,20,297.0,0.0,0.0,0.0,0.0,0.0,0
2023-05-10 21:02:20,i2401-P-970,i2401-P-970,297.0,0.0,0.0,0.0,1,229.3,365.1,1,297.0,0.0,0.0,0.0,0.0,0.0,0
2023-05-10 21:02:20,i2401-P-970,i2401-P-970,297.0,0.0,0.0,0.0,20,229.4,365.0,20,297.0,0.0,0.0,0.0,0.0,0.0,0
2023-05-10 21:02:22,i2401-P-970,i2401-P-970,297.0,0.0,0.0,0.0,1,229.7,364.7,1,297.0,0.0,0.0,0.0,0.0,0.0,0
2023-05-10 21:02:22,i2401-P-970,i2401-P-970,297.0,0.0,0.0,0.0,20,229.8,364.6,20,297.0,0.0,0.0,0.0,0.0,0.0,0
2023-05-10 21:02:23,i2401-P-970,i2401-P-970,297.0,0.0,0.0,0.0,1,230.1,364.3,1,297.0,0.0,0.0,0.0,0.0,0.0,0
2023-05-10 21:02:23,i2401-P-970,i2401-P-970,297.0,0.0,0.0,0.0,20,230.2,364.2,20,297.0,0.0,0.0,0.0,0.0,0.0,0
2023-05-10 21:02:24,i2401-P-970,i2401-P-970,297.0,0.0,0.0,0.0,1,230.5,363.9,1,297.0,0.0,0.0,0.0,0.0,0.0,0
2023-05-10 21:02:24,i2401-P-970,i2401-P-970,297.0,0.0,0.0,0.0,20,230.6,363.8,20,297.0,0.0,0.0,0.0,0.0,0.0,0
2023-05-10 21:02:25,i2401-P-970,i2401-P-970,297.0,0.0,0.0,0.0,1,230.9,363.5,1,297.0,0.0,0.0,0.0,0.0,0.0,0
2023-05-10 21:02:25,i2401-P-970,i2401-P-970,297.0,0.0,0.0,0.0,20,231.0,363.4,20,297.0,0.0,0.0,0.0,0.0,0.0,0
2023-05-10 21:02:26,i2401-P-970,i2401-P-970,297.0,0.0,0.0,0.0,1,231.3,363.1,1,297.0,0.0,0.0,0.0,0.0,0.0,0
2023-05-10 21:02:26,i2401-P-970,i2401-P-970,297.0,0.0,0.0,0.0,20,231.4,363.0,20,297.0,0.0,0.0,0.0,0.0,0.0,0
2023-05-10 21:02:27,i2401-P-970,i2401-P-970,297.0,0.0,0.0,0.0,1,231.7,362.7,1,297.0,0.0,0.0,0.0,0.0,0.0,0
2023-05-10 21:02:27,i2401-P-970,i2401-P-970,297.0,0.0,0.0,0.0,20,231.8,362.6,20,297.0,0.0,0.0,0.0,0.0,0.0,0
2023-05-10 21:02:28,i2401-P-970,i2401-P-970,297.0,0.0,0.0,0.0,1,232.1,362.3,1,297.0,0.0,0.0,0.0,0.0,0.0,0
2023-05-10 21:02:28,i2401-P-970,i2401-P-970,297.0,0.0,0.0,0.0,20,232.2,362.2,20,297.0,0.0,0.0,0.0,0.0,0.0,0
2023-05-10 21:02:29,i2401-P-970,i2401-P-970,297.0,0.0,0.0,0.0,1,232.5,361.9,1,297.0,0.0,0.0,0.0,0.0,0.0,0
2023-05-10 21:02:29,i2401-P-970,i2401-P-970,297.0,0.0,0.0,0.0,20,232.6,361.8,20,297.0,0.0,0.0,0.0,0.0,0.0,0
2023-05-10 21:02:30,i2401-P-970,i2401-P-970,297.0,0.0,0.0,0.0,1,232.9,361.5,1,297.0,0.0,0.0,0.0,0.0,0.0,0
2023-05-10 21:02:30,i2401-P-970,i2401-P-970,297.0,0.0,0.0,0.0,20,233.0,361.4,20,297.0,0.0,0.0,0.0,0.0,0.0,0
2023-05-10 21:02:31,i2401-P-970,i2401-P-970,297.0,0.0,0.0,0.0,1,233.3,361.1,1,297.0,0.0,0.0,0.0,0.0,0.0,0
2023-05-10 21:02:31,i2401-P-970,i2401-P-970,297.0,0.0,0.0,0.0,20,233.4,361.0,20,297.0,0.0,0.0,0.0,0.0,0.0,0
2023-05-10 21:02:32,i2401-P-970,i2401-P-970,297.0,0.0,0.0,0.0,1,233.7,360.7,1,297.0,0.0,0.0,0.0,0.0,0.0,0
2023-05-10 21:02:32,i2401-P-970,i2401-P-970,297.0,0.0,0.0,0.0,20,233.8,360.6,20,297.0,0.0,0.0,0.0,0.0,0.0,0
2023-05-10 21:02:33,i2401-P-970,i2401-P-970,297.0,0.0,0.0,0.0,1,234.1,360.3,1,297.0,0.0,0.0,0.0,0.0,0.0,0
2023-05-10 21:02:33,i2401-P-970,i2401-P-970,297.0,0.0,0.0,0.0,20,234.2,360.2,20,297.0,0.0,0.0,0.0,0.0,0.0,0
2023-05-10 21:02:35,i2401-P-970,i2401-P-970,297.0,0.0,0.0,0.0,1,234.5,359.9,1,297.0,0.0,0.0,0.0,0.0,0.0,0
2023-05-10 21:02:35,i2401-P-970,i2401-P-970,297.0,0.0,0.0,0.0,20,234.6,359.8,20,297.0,0.0,0.0,0.0,0.0,0.0,0
2023-05-10 21:02:36,i2401-P-970,i2401-P-970,297.0,0.0,0.0,0.0,1,234.9,359.5,1,297.0,0.0,0.0,0.0,0.0,0.0,0
2023-05-10 21:02:36,i2401-P-970,i2401-P-970,297.0,0.0,0.0,0.0,20,235.0,359.4,20,297.0,0.0,0.0,0.0,0.0,0.0,0
2023-05-10 21:02:37,i2401-P-970,i2401-P-970,297.0,0.0,0.0,0.0,1,235.3,359.1,1,297.0,0.0,0.0,0.0,0.0,0.0,0
2023-05-10 21:02:37,i2401-P-970,i2401-P-970,297.0,0.0,0.0,0.0,20,235.4,359.0,20,297.0,0.0,0.0,0.0,0.0,0.0,0
2023-05-10 21:02:38,i2401-P-970,i2401-P-970,297.0,0.0,0.0,0.0,1,235.7,358.7,1,297.0,0.0,0.0,0.0,0.0,0.0,0
2023-05-10 21:02:38,i2401-P-970,i2401-P-970,297.0,0.0,0.0,0.0,20,235.8,358.6,20,297.0,0.0,0.0,0.0,0.0,0.0,0
2023-05-10 21:02:39,i2401-P-970,i2401-P-970,297.0,0.0,0.0,0.0,1,236.1,358.3,1,297.0,0.0,0.0,0.0,0.0,0.0,0
2023-05-10 21:02:39,i2401-P-970,i2401-P-970,297.0,0.0,0.0,0.0,20,236.2,358.2,20,297.0,0.0,0.0,0.0,0.0,0.0,0
2023-05-10 21:02:40,i2401-P-970,i2401-P-970,297.0,0.0,0.0,0.0,1,236.5,357.9,1,297.0,0.0,0.0,0.0,0.0,0.0,0
2023-05-10 21:02:40,i2401-P-970,i2401-P-970,297.0,0.0,0.0,0.0,20,236.6,357.8,20,297.0,0.0,0.0,0.0,0.0,0.0,0
2023-05-10 21:02:41,i2401-P-970,i2401-P-970,297.0,0.0,0.0,0.0,1,236.9,357.5,1,297.0,0.0,0.0,0.0,0.0,0.0,0
2023-05-10 21:02:41,i2401-P-970,i2401-P-970,297.0,0.0,0.0,0.0,20,237.0,357.4,20,297.0,0.0,0.0,0.0,0.0,0.0,0
2023-05-10 21:02:42,i2401-P-970,i2401-P-970,297.0,0.0,0.0,0.0,1,237.3,357.1,1,297.0,0.0,0.0,0.0,0.0,0.0,0
2023-05-10 21:02:42,i2401-P-970,i2401-P-970,297.0,0.0,0.0,0.0,20,237.4,357.0,20,297.0,0.0,0.0,0.0,0.0,0.0,0
2023-05-10 21:02:43,i2401-P-970,i2401-P-970,297.0,0.0,0.0,0.0,1,237.7,356.7,1,297.0,0.0,0.0,0.0,0.0,0.0,0
2023-05-10 21:02:43,i2401-P-970,i2401-P-970,297.0,0.0,0.0,0.0,20,237.8,356.6,20,297.0,0.0,0.0,0.0,0.0,0.0,0
2023-05-10 21:02:44,i2401-P-970,i2401-P-970,297.0,0.0,0.0,0.0,1,238.1,356.3,1,297.0,0.0,0.0,0.0,0.0,0.0,0
2023-05-10 21:02:44,i2401-P-970,i2401-P-970,297.0,0.0,0.0,0.0,20,238.2,356.2,20,297.0,0.0,0.0,0.0,0.0,0.0,0
2023-05-10 21:02:45,i2401-P-970,i2401-P-970,297.0,0.0,0.0,0.0,1,238.5,355.9,1,297.0,0.0,0.0,0.0,0.0,0.0,0
2023-05-10 21:02:45,i2401-P-970,i2401-P-970,297.0,0.0,0.0,0.0,20,238.6,355.8,20,297.0,0.0,0.0,0.0,0.0,0.0,0
2023-05-10 21:02:46,i2401-P-970,i2401-P-970,297.0,0.0,0.0,0.0,1,238.9,355.5,1,297.0,0.0,0.0,0.0,0.0,0.0,0
2023-05-10 21:02:46,i2401-P-970,i2401-P-970,297.0,0.0,0.0,0.0,20,239.0,355.4,20,297.0,0.0,0.0,0.0,0.0,0.0,0
2023-05-10 21:02:47,i2401-P-970,i2401-P-970,297.0,0.0,0.0,0.0,1,239.3,355.1,1,297.0,0.0,0.0,0.0,0.0,0.0,0
2023-05-10 21:02:47,i2401-P-970,i2401-P-970,297.0,0.0,0.0,0.0,20,239.4,355.0,20,297.0,0.0,0.0,0.0,0.0,0.0,0
2023-05-10 21:02:48,i2401-P-970,i2401-P-970,297.0,0.0,0.0,0.0,1,239.7,354.7,1,297.0,0.0,0.0,0.0,0.0,0.0,0
2023-05-10 21:02:48,i2401-P-970,i2401-P-970,297.0,0.0,0.0,0.0,20,239.8,354.6,20,297.0,0.0,0.0,0.0,0.0,0.0,0
2023-05-10 21:02:49,i2401-P-970,i2401-P-970,297.0,0.0,0.0,0.0,1,240.1,354.3,1,297.0,0.0,0.0,0.0,0.0,0.0,0
2023-05-10 21:02:49,i2401-P-970,i2401-P-970,297.0,0.0,0.0,0.0,20,240.2,354.2,20,297.0,0.0,0.0,0.0,0.0,0.0,0
2023-05-10 21:02:50,i2401-P-970,i2401-P-970,297.0,0.0,0.0,0.0,1,240.5,353.9,1,297.0,0.0,0.0,0.0,0.0,0.0,0
2023-05-10 21:02:50,i2401-P-970,i2401-P-970,297.0,0.0,0.0,0.0,20,240.6,353.8,20,297.0,0.0,0.0,0.0,0.0,0.0,0
2023-05-10 21:02:51,i2401-P-970,i2401-P-970,297.0,0.0,0.0,0.0,1,240.9,353.5,1,297.0,0.0,0.0,0.0,0.0,0.0,0
2023-05-10 21:02:51,i2401-P-970,i2401-P-970,297.0,0.0,0.0,0.0,20,241.0,353.4,20,297.0,0.0,0.0,0.0,0.0,0.0,0
2023-05-10 21:02:52,i2401-P-970,i2401-P-970,297.0,0.0,0.0,0.0,1,241.3,353.1,1,297.0,0.0,0.0,0.0,0.0,0.0,0
2023-05-10 21:02:52,i2401-P-970,i2401-P-970,297.0,0.0,0.0,0.0,20,241.4,353.0,20,297.0,0.0,0.0,0.0,0.0,0.0,0
2023-05-10 21:02:53,i2401-P-970,i2401-P-970,297.0,0.0,0.0,0.0,1,241.7,352.7,1,297.0,0.0,0.0,0.0,0.0,0.0,0
2023-05-10 21:02:53,i2401-P-970,i2401-P-970,297.0,0.0,0.0,0.0,20,241.8,352.6,20,297.0,0.0,0.0,0.0,0.0,0.0,0
2023-05-10 21:02:54,i2401-P-970,i2401-P-970,297.0,0.0,0.0,0.0,1,242.1,352.3,1,297.0,0.0,0.0,0.0,0.0,0.0,0
2023-05-10 21:02:54,i2401-P-970,i2401-P-970,297.0,0.0,0.0,0.0,20,242.2,352.2,20,297.0,0.0,0.0,0.0,0.0,0.0,0
2023-05-10 21:02:55,i2401-P-970,i2401-P-970,297.0,0.0,0.0,0.0,1,242.5,351.9,1,297.0,0.0,0.0,0.0,0.0,0.0,0
2023-05-10 21:02:55,i2401-P-970,i2401-P-970,297.0,0.0,0.0,0.0,20,242.6,351.8,20,297.0,0.0,0.0,0.0,0.0,0.0,0
2023-05-10 21:02:56,i2401-P-970,i2401-P-970,297.0,0.0,0.0,0.0,1,242.9,351.5,1,297.0,0.0,0.0,0.0,0.0,0.0,0
2023-05-10 21:02:56,i2401-P-970,i2401-P-970,297.0,0.0,0.0,0.0,20,243.0,351.4,20,297.0,0.0,0.0,0.0,0.0,0.0,0
2023-05-10 21:02:57,i2401-P-970,i2401-P-970,297.0,0.0,0.0,0.0,1,243.3,351.1,1,297.0,0.0,0.0,0.0,0.0,0.0,0
2023-05-10 21:02:57,i2401-P-970,i2401-P-970,297.0,0.0,0.0,0.0,20,243.4,351.0,20,297.0,0.0,0.0,0.0,0.0,0.0,0
2023-05-10 21:02:58,i2401-P-970,i2401-P-970,297.0,0.0,0.0,0.0,1,243.7,350.7,1,297.0,0.0,0.0,0.0,0.0,0.0,0
2023-05-10 21:02:58,i2401-P-970,i2401-P-970,297.0,0.0,0.0,0.0,20,243.8,350.6,20,297.0,0.0,0.0,0.0,0.0,0.0,0
2023-05-10 21:02:59,i2401-P-970,i2401-P-970,297.0,0.0,0.0,0.0,1,244.1,350.3,1,297.0,0.0,0.0,0.0,0.0,0.0,0
2023-05-10 21:02:59,i2401-P-970,i2401-P-970,297.0,0.0,0.0,0.0,20,244.2,350.2,20,297.0,0.0,0.0,0.0,0.0,0.0,0
2023-05-10 21:03:00,i2401-P-970,i2401-P-970,297.0,0.0,0.0,0.0,1,244.5,349.9,1,297.0,0.0,0.0,0.0,0.0,0.0,0
2023-05-10 21:03:01,i2401-P-970,i2401-P-970,297.0,0.0,0.0,0.0,20,244.6,349.8,20,297.0,0.0,0.0,0.0,0.0,0.0,0
2023-05-10 21:03:01,i2401-P-970,i2401-P-970,297.0,0.0,0.0,0.0,1,244.9,349.5,1,297.0,0.0,0.0,0.0,0.0,0.0,0
2023-05-10 21:03:02,i2401-P-970,i2401-P-970,297.0,0.0,0.0,0.0,20,245.0,349.4,20,297.0,0.0,0.0,0.0,0.0,0.0,0
2023-05-10 21:03:02,i2401-P-970,i2401-P-970,297.0,0.0,0.0,0.0,1,245.3,349.1,1,297.0,0.0,0.0,0.0,0.0,0.0,0
2023-05-10 21:03:03,i2401-P-970,i2401-P-970,297.0,0.0,0.0,0.0,20,245.4,349.0,20,297.0,0.0,0.0,0.0,0.0,0.0,0
2023-05-10 21:03:03,i2401-P-970,i2401-P-970,297.0,0.0,0.0,0.0,1,245.7,348.7,1,297.0,0.0,0.0,0.0,0.0,0.0,0
2023-05-10 21:03:04,i2401-P-970,i2401-P-970,297.0,0.0,0.0,0.0,20,245.8,348.6,20,297.0,0.0,0.0,0.0,0.0,0.0,0
2023-05-10 21:03:04,i2401-P-970,i2401-P-970,297.0,0.0,0.0,0.0,1,246.1,348.3,1,297.0,0.0,0.0,0.0,0.0,0.0,0
2023-05-10 21:03:05,i2401-P-970,i2401-P-970,297.0,0.0,0.0,0.0,20,246.2,348.2,20,297.0,0.0,0.0,0.0,0.0,0.0,0
2023-05-10 21:03:05,i2401-P-970,i2401-P-970,297.0,0.0,0.0,0.0,1,246.5,347.9,1,297.0,0.0,0.0,0.0,0.0,0.0,0
2023-05-10 21:03:06,i2401-P-970,i2401-P-970,297.0,0.0,0.0,0.0,20,246.6,347.8,20,297.0,0.0,0.0,0.0,0.0,0.0,0
2023-05-10 21:03:06,i2401-P-970,i2401-P-970,297.0,0.0,0.0,0.0,1,246.9,347.5,1,297.0,0.0,0.0,0.0,0.0,0.0,0
2023-05-10 21:03:07,i2401-P-970,i2401-P-970,297.0,0.0,0.0,0.0,20,247.0,347.4,20,297.0,0.0,0.0,0.0,0.0,0.0,0
2023-05-10 21:03:07,i2401-P-970,i2401-P-970,297.0,0.0,0.0,0.0,1,247.3,347.1,1,297.0,0.0,0.0,0.0,0.0,0.0,0
2023-05-10 21:03:08,i2401-P-970,i2401-P-970,297.0,0.0,0.0,0.0,20,247.4,347.0,20,297.0,0.0,0.0,0.0,0.0,0.0,0
2023-05-10 21:03:08,i2401-P-970,i2401-P-970,297.0,0.0,0.0,0.0,1,247.7,346.7,1,297.0,0.0,0.0,0.0,0.0,0.0,0
2023-05-10 21:03:09,i2401-P-970,i2401-P-970,297.0,0.0,0.0,0.0,20,247.8,346.6,20,297.0,0.0,0.0,0.0,0.0,0.0,0
2023-05-10 21:03:09,i2401-P-970,i2401-P-970,297.0,0.0,0.0,0.0,1,248.1,346.3,1,297.0,0.0,0.0,0.0,0.0,0.0,0
2023-05-10 21:03:10,i2401-P-970,i2401-P-970,297.0,0.0,0.0,0.0,20,248.2,346.2,20,297.0,0.0,0.0,0.0,0.0,0.0,0
2023-05-10 21:03:10,i2401-P-970,i2401-P-970,297.0,0.0,0.0,0.0,1,248.5,345.9,1,297.0,0.0,0.0,0.0,0.0,0.0,0
2023-05-10 21:03:11,i2401-P-970,i2401-P-970,297.0,0.0,0.0,0.0,20,248.6,345.8,20,297.0,0.0,0.0,0.0,0.0,0.0,0
2023-05-10 21:03:12,i2401-P-970,i2401-P-970,297.0,0.0,0.0,0.0,1,248.9,345.5,1,297.0,0.0,0.0,0.0,0.0,0.0,0
2023-05-10 21:03:12,i2401-P-970,i2401-P-970,297.0,0.0,0.0,0.0,20,249.0,345.4,20,297.0,0.0,0.0,0.0,0.0,0.0,0
2023-05-10 21:03:13,i2401-P-970,i2401-P-970,297.0,0.0,0.0,0.0,1,249.3,345.1,1,297.0,0.0,0.0,0.0,0.0,0.0,0
2023-05-10 21:03:13,i2401-P-970,i2401-P-970,297.0,0.0,0.0,0.0,20,249.4,345.0,20,297.0,0.0,0.0,0.0,0.0,0.0,0
2023-05-10 21:03:14,i2401-P-970,i2401-P-970,297.0,0.0,0.0,0.0,1,249.7,344.7,1,297.0,0.0,0.0,0.0,0.0,0.0,0
2023-05-10 21:03:14,i2401-P-970,i2401-P-970,297.0,0.0,0.0,0.0,20,249.8,344.6,20,297.0,0.0,0.0,0.0,0.0,0.0,0
2023-05-10 21:03:15,i2401-P-970,i2401-P-970,297.0,0.0,0.0,0.0,1,250.1,344.3,1,297.0,0.0,0.0,0.0,0.0,0.0,0
2023-05-10 21:03:15,i2401-P-970,i2401-P-970,297.0,0.0,0.0,0.0,20,250.2,344.2,20,297.0,0.0,0.0,0.0,0.0,0.0,0
2023-05-10 21:03:16,i2401-P-970,i2401-P-970,297.0,0.0,0.0,0.0,1,250.5,343.9,1,297.0,0.0,0.0,0.0,0.0,0.0,0
2023-05-10 21:03:16,i2401-P-970,i2401-P-970,297.0,0.0,0.0,0.0,20,250.6,343.8,20,297.0,0.0,0.0,0.0,0.0,0.0,0
2023-05-10 21:03:17,i2401-P-970,i2401-P-970,297.0,0.0,0.0,0.0,1,250.9,343.5,1,297.0,0.0,0.0,0.0,0.0,0.0,0
2023-05-10 21:03:17,i2401-P-970,i2401-P-970,297.0,0.0,0.0,0.0,20,251.0,343.4,20,297.0,0.0,0.0,0.0,0.0,0.0,0
2023-05-10 21:03:18,i2401-P-970,i2401-P-970,297.0,0.0,0.0,0.0,1,251.3,343.1,1,297.0,0.0,0.0,0.0,0.0,0.0,0
2023-05-10 21:03:18,i2401-P-970,i2401-P-970,297.0,0.0,0.0,0.0,20,251.4,343.0,20,297.0,0.0,0.0,0.0,0.0,0.0,0
2023-05-10 21:03:19,i2401-P-970,i2401-P-970,297.0,0.0,0.0,0.0,1,251.7,342.7,1,297.0,0.0,0.0,0.0,0.0,0.0,0
2023-05-10 21:03:20,i2401-P-970,i2401-P-970,297.0,0.0,0.0,0.0,20,251.8,342.6,20,297.0,0.0,0.0,0.0,0.0,0.0,0
2023-05-10 21:03:20,i2401-P-970,i2401-P-970,297.0,0.0,0.0,0.0,1,252.1,342.3,1,297.0,0.0,0.0,0.0,0.0,0.0,0
2023-05-10 21:03:20,i2401-P-970,i2401-P-970,297.0,0.0,0.0,0.0,20,252.2,342.2,20,297.0,0.0,0.0,0.0,0.0,0.0,0
2023-05-10 21:03:21,i2401-P-970,i2401-P-970,297.0,0.0,0.0,0.0,1,252.5,341.9,1,297.0,0.0,0.0,0.0,0.0,0.0,0
2023-05-10 21:03:21,i2401-P-970,i2401-P-970,297.0,0.0,0.0,0.0,20,252.6,341.8,20,297.0,0.0,0.0,0.0,0.0,0.0,0
2023-05-10 21:03:22,i2401-P-970,i2401-P-970,297.0,0.0,0.0,0.0,1,252.9,341.5,1,297.0,0.0,0.0,0.0,0.0,0.0,0
2023-05-10 21:03:22,i2401-P-970,i2401-P-970,297.0,0.0,0.0,0.0,20,253.0,341.4,20,297.0,0.0,0.0,0.0,0.0,0.0,0
2023-05-10 21:03:23,i2401-P-970,i2401-P-970,297.0,0.0,0.0,0.0,1,253.3,341.1,1,297.0,0.0,0.0,0.0,0.0,0.0,0
2023-05-10 21:03:23,i2401-P-970,i2401-P-970,297.0,0.0,0.0,0.0,20,253.4,341.0,20,297.0,0.0,0.0,0.0,0.0,0.0,0
2023-05-10 21:03:24,i2401-P-970,i2401-P-970,297.0,0.0,0.0,0.0,1,253.7,340.7,1,297.0,0.0,0.0,0.0,0.0,0.0,0
2023-05-10 21:03:24,i2401-P-970,i2401-P-970,297.0,0.0,0.0,0.0,20,253.8,340.6,20,297.0,0.0,0.0,0.0,0.0,0.0,0
2023-05-10 21:03:25,i2401-P-970,i2401-P-970,297.0,0.0,0.0,0.0,1,254.1,340.3,1,297.0,0.0,0.0,0.0,0.0,0.0,0
2023-05-10 21:03:25,i2401-P-970,i2401-P-970,297.0,0.0,0.0,0.0,20,254.2,340.2,20,297.0,0.0,0.0,0.0,0.0,0.0,0
2023-05-10 21:03:26,i2401-P-970,i2401-P-970,297.0,0.0,0.0,0.0,1,254.5,339.9,1,297.0,0.0,0.0,0.0,0.0,0.0,0
2023-05-10 21:03:26,i2401-P-970,i2401-P-970,297.0,0.0,0.0,0.0,20,254.6,339.8,20,297.0,0.0,0.0,0.0,0.0,0.0,0
2023-05-10 21:03:27,i2401-P-970,i2401-P-970,297.0,0.0,0.0,0.0,1,254.9,339.5,1,297.0,0.0,0.0,0.0,0.0,0.0,0
2023-05-10 21:03:27,i2401-P-970,i2401-P-970,297.0,0.0,0.0,0.0,20,255.0,339.4,20,297.0,0.0,0.0,0.0,0.0,0.0,0
2023-05-10 21:03:28,i2401-P-970,i2401-P-970,297.0,0.0,0.0,0.0,1,255.3,339.1,1,297.0,0.0,0.0,0.0,0.0,0.0,0
2023-05-10 21:03:28,i2401-P-970,i2401-P-970,297.0,0.0,0.0,0.0,20,255.4,339.0,20,297.0,0.0,0.0,0.0,0.0,0.0,0
2023-05-10 21:03:29,i2401-P-970,i2401-P-970,297.0,0.0,0.0,0.0,1,255.7,338.7,1,297.0,0.0,0.0,0.0,0.0,0.0,0
2023-05-10 21:03:29,i2401-P-970,i2401-P-970,297.0,0.0,0.0,0.0,20,255.8,338.6,20,297.0,0.0,0.0,0.0,0.0,0.0,0
2023-05-10 21:03:30,i2401-P-970,i2401-P-970,297.0,0.0,0.0,0.0,1,256.1,338.3,1,297.0,0.0,0.0,0.0,0.0,0.0,0
2023-05-10 21:03:31,i2401-P-970,i2401-P-970,297.0,0.0,0.0,0.0,20,256.2,338.2,20,297.0,0.0,0.0,0.0,0.0,0.0,0
2023-05-10 21:03:31,i2401-P-970,i2401-P-970,297.0,0.0,0.0,0.0,1,256.5,338.2,20,297.0,0.0,0.0,0.0,0.0,0.0,0
2023-05-10 21:03:31,i2401-P-970,i2401-P-970,297.0,0.0,0.0,0.0,20,256.6,338.2,20,297.0,0.0,0.0,0.0,0.0,0.0,0
2023-05-10 21:03:32,i2401-P-970,i2401-P-970,297.0,0.0,0.0,0.0,1,256.9,338.2,20,297.0,0.0,0.0,0.0,0.0,0.0,0
2023-05-10 21:03:32,i2401-P-970,i2401-P-970,297.0,0.0,0.0,0.0,20,257.0,338.2,20,297.0,0.0,0.0,0.0,0.0,0.0,0
2023-05-10 21:03:33,i2401-P-970,i2401-P-970,297.0,0.0,0.0,0.0,1,257.3,338.2,20,297.0,0.0,0.0,0.0,0.0,0.0,0
2023-05-10 21:03:33,i2401-P-970,i2401-P-970,297.0,0.0,0.0,0.0,20,257.4,338.2,20,297.0,0.0,0.0,0.0,0.0,0.0,0
2023-05-10 21:03:34,i2401-P-970,i2401-P-970,297.0,0.0,0.0,0.0,1,257.7,338.2,20,297.0,0.0,0.0,0.0,0.0,0.0,0
2023-05-10 21:03:34,i2401-P-970,i2401-P-970,297.0,0.0,0.0,0.0,20,257.8,338.2,20,297.0,0.0,0.0,0.0,0.0,0.0,0
2023-05-10 21:03:35,i2401-P-970,i2401-P-970,297.0,0.0,0.0,0.0,1,258.1,338.2,20,297.0,0.0,0.0,0.0,0.0,0.0,0
2023-05-10 21:03:35,i2401-P-970,i2401-P-970,297.0,0.0,0.0,0.0,20,258.2,338.2,20,297.0,0.0,0.0,0.0,0.0,0.0,0
2023-05-10 21:03:36,i2401-P-970,i2401-P-970,297.0,0.0,0.0,0.0,1,258.5,338.2,20,297.0,0.0,0.0,0.0,0.0,0.0,0
2023-05-10 21:03:36,i2401-P-970,i2401-P-970,297.0,0.0,0.0,0.0,20,258.6,338.2,20,297.0,0.0,0.0,0.0,0.0,0.0,0
2023-05-10 21:03:37,i2401-P-970,i2401-P-970,297.0,0.0,0.0,0.0,1,258.9,338.2,20,297.0,0.0,0.0,0.0,0.0,0.0,0
2023-05-10 21:03:37,i2401-P-970,i2401-P-970,297.0,0.0,0.0,0.0,20,259.0,338.2,20,297.0,0.0,0.0,0.0,0.0,0.0,0
2023-05-10 21:03:38,i2401-P-970,i2401-P-970,297.0,0.0,0.0,0.0,1,259.3,338.2,20,297.0,0.0,0.0,0.0,0.0,0.0,0
2023-05-10 21:03:38,i2401-P-970,i2401-P-970,297.0,0.0,0.0,0.0,20,259.4,338.2,20,297.0,0.0,0.0,0.0,0.0,0.0,0
2023-05-10 21:03:39,i2401-P-970,i2401-P-970,297.0,0.0,0.0,0.0,1,259.7,338.2,20,297.0,0.0,0.0,0.0,0.0,0.0,0
2023-05-10 21:03:39,i2401-P-970,i2401-P-970,297.0,0.0,0.0,0.0,20,259.8,338.2,20,297.0,0.0,0.0,0.0,0.0,0.0,0
2023-05-10 21:03:40,i2401-P-970,i2401-P-970,297.0,0.0,0.0,0.0,1,260.1,338.2,20,297.0,0.0,0.0,0.0,0.0,0.0,0
2023-05-10 21:03:40,i2401-P-970,i2401-P-970,297.0,0.0,0.0,0.0,20,260.2,338.2,20,297.0,0.0,0.0,0.0,0.0,0.0,0
2023-05-10 21:03:41,i2401-P-970,i2401-P-970,297.0,0.0,0.0,0.0,1,260.5,338.2,20,297.0,0.0,0.0,0.0,0.0,0.0,0
2023-05-10 21:03:41,i2401-P-970,i2401-P-970,297.0,0.0,0.0,0.0,20,260.6,338.2,20,297.0,0.0,0.0,0.0,0.0,0.0,0
2023-05-10 21:03:42,i2401-P-970,i2401-P-970,297.0,0.0,0.0,0.0,1,260.9,338.2,20,297.0,0.0,0.0,0.0,0.0,0.0,0
2023-05-10 21:03:42,i2401-P-970,i2401-P-970,297.0,0.0,0.0,0.0,20,261.0,338.2,20,297.0,0.0,0.0,0.0,0.0,0.0,0
2023-05-10 21:03:43,i2401-P-970,i2401-P-970,297.0,0.0,0.0,0.0,1,261.3,338.2,20,297.0,0.0,0.0,0.0,0.0,0.0,0
2023-05-10 21:03:43,i2401-P-970,i2401-P-970,297.0,0.0,0.0,0.0,20,261.4,338.2,20,297.0,0.0,0.0,0.0,0.0,0.0,0
2023-05-10 21:03:44,i2401-P-970,i2401-P-970,297.0,0.0,0.0,0.0,1,261.7,338.2,20,297.0,0.0,0.0,0.0,0.0,0.0,0
2023-05-10 21:03:44,i2401-P-970,i2401-P-970,297.0,0.0,0.0,0.0,20,261.8,338.2,20,297.0,0.0,0.0,0.0,0.0,0.0,0
2023-05-10 21:12:38,i2401-P-970,i2401-P-970,297.0,0.0,0.0,0.0,1,262.1,338.2,20,297.0,0.0,0.0,0.0,0.0,0.0,0
2023-05-10 21:12:39,i2401-P-970,i2401-P-970,297.0,0.0,0.0,0.0,20,262.2,338.2,20,297.0,0.0,0.0,0.0,0.0,0.0,0
2023-05-10 21:12:39,i2401-P-970,i2401-P-970,297.0,0.0,0.0,0.0,1,262.5,338.2,20,297.0,0.0,0.0,0.0,0.0,0.0,0
2023-05-10 21:12:39,i2401-P-970,i2401-P-970,297.0,0.0,0.0,0.0,20,262.6,338.2,20,297.0,0.0,0.0,0.0,0.0,0.0,0
2023-05-10 21:12:40,i2401-P-970,i2401-P-970,297.0,0.0,0.0,0.0,1,262.9,338.2,20,297.0,0.0,0.0,0.0,0.0,0.0,0
2023-05-10 21:12:40,i2401-P-970,i2401-P-970,297.0,0.0,0.0,0.0,20,263.0,338.2,20,297.0,0.0,0.0,0.0,0.0,0.0,0
2023-05-10 21:32:38,i2401-P-970,i2401-P-970,297.0,0.0,0.0,0.0,1,263.3,338.2,20,297.0,0.0,0.0,0.0,0.0,0.0,0
2023-05-10 21:32:39,i2401-P-970,i2401-P-970,297.0,0.0,0.0,0.0,20,263.4,338.2,20,297.0,0.0,0.0,0.0,0.0,0.0,0
2023-05-10 21:32:39,i2401-P-970,i2401-P-970,297.0,0.0,0.0,0.0,1,263.7,338.2,20,297.0,0.0,0.0,0.0,0.0,0.0,0
2023-05-10 21:32:39,i2401-P-970,i2401-P-970,297.0,0.0,0.0,0.0,20,263.8,338.2,20,297.0,0.0,0.0,0.0,0.0,0.0,0
2023-05-10 21:32:40,i2401-P-970,i2401-P-970,297.0,0.0,0.0,0.0,1,264.1,338.2,20,297.0,0.0,0.0,0.0,0.0,0.0,0
2023-05-10 21:32:40,i2401-P-970,i2401-P-970,297.0,0.0,0.0,0.0,20,264.2,338.2,20,297.0,0.0,0.0,0.0,0.0,0.0,0
2023-05-10 21:32:41,i2401-P-970,i2401-P-970,297.0,0.0,0.0,0.0,1,264.5,338.2,20,297.0,0.0,0.0,0.0,0.0,0.0,0
2023-05-10 21:32:41,i2401-P-970,i2401-P-970,297.0,0.0,0.0,0.0,20,264.6,338.2,20,297.0,0.0,0.0,0.0,0.0,0.0,0
2023-05-10 21:32:42,i2401-P-970,i2401-P-970,297.0,0.0,0.0,0.0,1,264.9,338.2,20,297.0,0.0,0.0,0.0,0.0,0.0,0
2023-05-10 21:32:42,i2401-P-970,i2401-P-970,297.0,0.0,0.0,0.0,20,265.0,338.2,20,297.0,0.0,0.0,0.0,0.0,0.0,0
2023-05-10 21:42:38,i2401-P-970,i2401-P-970,297.0,0.0,0.0,0.0,1,265.3,338.2,20,297.0,0.0,0.0,0.0,0.0,0.0,0
2023-05-10 21:42:39,i2401-P-970,i2401-P-970,297.0,0.0,0.0,0.0,20,265.4,338.2,20,297.0,0.0,0.0,0.0,0.0,0.0,0
2023-05-10 21:42:39,i2401-P-970,i2401-P-970,297.0,0.0,0.0,0.0,1,265.7,338.2,20,297.0,0.0,0.0,0.0,0.0,0.0,0
2023-05-10 21:42:39,i2401-P-970,i2401-P-970,297.0,0.0,0.0,0.0,20,265.8,338.2,20,297.0,0.0,0.0,0.0,0.0,0.0,0
2023-05-10 21:42:40,i2401-P-970,i2401-P-970,297.0,0.0,0.0,0.0,1,266.1,338.2,20,297.0,0.0,0.0,0.0,0.0,0.0,0
2023-05-10 21:42:40,i2401-P-970,i2401-P-970,297.0,0.0,0.0,0.0,20,266.2,338.2,20,297.0,0.0,0.0,0.0,0.0,0.0,0
2023-05-10 21:42:41,i2401-P-970,i2401-P-970,297.0,0.0,0.0,0.0,1,266.5,338.2,20,297.0,0.0,0.0,0.0,0.0,0.0,0
2023-05-10 21:42:41,i2401-P-970,i2401-P-970,297.0,0.0,0.0,0.0,20,266.6,338.2,20,297.0,0.0,0.0,0.0,0.0,0.0,0
2023-05-10 21:42:42,i2401-P-970,i2401-P-970,297.0,0.0,0.0,0.0,1,266.9,338.2,20,297.0,0.0,0.0,0.0,0.0,0.0,0
2023-05-10 21:42:42,i2401-P-970,i2401-P-970,297.0,0.0,0.0,0.0,20,267.0,338.2,20,297.0,0.0,0.0,0.0,0.0,0.0,0
2023-05-10 22:02:38,i2401-P-970,i2401-P-970,297.0,0.0,0.0,0.0,1,267.3,338.2,20,297.0,0.0,0.0,0.0,0.0,0.0,0
2023-05-10 22:02:39,i2401-P-970,i2401-P-970,297.0,0.0,0.0,0.0,20,267.4,338.2,20,297.0,0.0,0.0,0.0,0.0,0.0,0
2023-05-10 22:02:39,i2401-P-970,i2401-P-970,297.0,0.0,0.0,0.0,1,267.7,338.2,20,297.0,0.0,0.0,0.0,0.0,0.0,0
2023-05-10 22:02:39,i2401-P-970,i2401-P-970,297.0,0.0,0.0,0.0,20,267.8,338.2,20,297.0,0.0,0.0,0.0,0.0,0.0,0
2023-05-10 22:02:40,i2401-P-970,i2401-P-970,297.0,0.0,0.0,0.0,1,268.1,338.2,20,297.0,0.0,0.0,0.0,0.0,0.0,0
2023-05-10 22:02:40,i2401-P-970,i2401-P-970,297.0,0.0,0.0,0.0,20,268.2,338.2,20,297.0,0.0,0.0,0.0,0.0,0.0,0
2023-05-10 22:02:41,i2401-P-970,i2401-P-970,297.0,0.0,0.0,0.0,1,268.5,338.2,20,297.0,0.0,0.0,0.0,0.0,0.0,0
2023-05-10 22:02:41,i2401-P-970,i2401-P-970,297.0,0.0,0.0,0.0,20,268.6,338.2,20,297.0,0.0,0.0,0.0,0.0,0.0,0
2023-05-10 22:22:38,i2401-P-970,i2401-P-970,297.0,0.0,0.0,0.0,1,268.9,338.2,20,297.0,0.0,0.0,0.0,0.0,0.0,0
2023-05-10 22:22:39,i2401-P-970,i2401-P-970,297.0,0.0,0.0,0.0,20,269.0,338.2,20,297.0,0.0,0.0,0.0,0.0,0.0,0
2023-05-10 22:22:39,i2401-P-970,i2401-P-970,297.0,0.0,0.0,0.0,1,269.3,338.2,20,297.0,0.0,0.0,0.0,0.0,0.0,0
2023-05-10 22:22:39,i2401-P-970,i2401-P-970,297.0,0.0,0.0,0.0,20,269.4,338.2,20,297.0,0.0,0.0,0.0,0.0,0.0,0
2023-05-10 22:22:40,i2401-P-970,i2401-P-970,297.0,0.0,0.0,0.0,1,269.7,338.2,20,297.0,0.0,0.0,0.0,0.0,0.0,0
2023-05-10 22:22:40,i2401-P-970,i2401-P-970,297.0,0.0,0.0,0.0,20,269.8,338.2,20,297.0,0.0,0.0,0.0,0.0,0.0,0
2023-05-10 22:32:38,i2401-P-970,i2401-P-970,297.0,0.0,0.0,0.0,1,270.1,338.2,20,297.0,0.0,0.0,0.0,0.0,0.0,0
2023-05-10 22:32:39,i2401-P-970,i2401-P-970,297.0,0.0,0.0,0.0,20,270.2,338.2,20,297.0,0.0,0.0,0.0,0.0,0.0,0
2023-05-10 22:32:39,i2401-P-970,i2401-P-970,297.0,0.0,0.0,0.0,1,270.5,338.2,20,297.0,0.0,0.0,0.0,0.0,0.0,0
2023-05-10 22:32:39,i2401-P-970,i2401-P-970,297.0,0.0,0.0,0.0,20,270.6,338.2,20,297.0,0.0,0.0,0.0,0.0,0.0,0
2023-05-10 22:32:40,i2401-P-970,i2401-P-970,297.0,0.0,0.0,0.0,1,270.9,338.2,20,297.0,0.0,0.0,0.0,0.0,0.0,0
2023-05-10 22:32:40,i2401-P-970,i2401-P-970,297.0,0.0,0.0,0.0,20,271.0,338.2,20,297.0,0.0,0.0,0.0,0.0,0.0,0
2023-05-10 22:52:38,i2401-P-970,i2401-P-970,297.0,0.0,0.0,0.0,1,271.3,338.2,20,297.0,0.0,0.0,0.0,0.0,0.0,0
2023-05-10 22:52:38,i2401-P-970,i2401-P-970,297.0,0.0,0.0,0.0,20,271.4,338.2,20,297.0,0.0,0.0,0.0,0.0,0.0,0
2023-05-10 22:52:39,i2401-P-970,i2401-P-970,297.0,0.0,0.0,0.0,1,271.7,338.2,20,297.0,0.0,0.0,0.0,0.0,0.0,0
2023-05-10 22:52:39,i2401-P-970,i2401-P-970,297.0,0.0,0.0,0.0,20,271.8,338.2,20,297.0,0.0,0.0,0.0,0.0,0.0,0
2023-05-10 22:52:40,i2401-P-970,i2401-P-970,297.0,0.0,0.0,0.0,1,272.1,338.2,20,297.0,0.0,0.0,0.0,0.0,0.0,0
2023-05-10 22:52:40,i2401-P-970,i2401-P-970,297.0,0.0,0.0,0.0,20,272.2,338.2,20,297.0,0.0,0.0,0.0,0.0,0.0,0
2023-05-10 22:52:41,i2401-P-970,i2401-P-970,297.0,0.0,0.0,0.0,1,272.5,338.2,20,297.0,0.0,0.0,0.0,0.0,0.0,0
2023-05-10 22:52:41,i2401-P-970,i2401-P-970,297.0,0.0,0.0,0.0,20,272.6,338.2,20,297.0,0.0,0.0,0.0,0.0,0.0,0
2023-05-10 22:52:42,i2401-P-970,i2401-P-970,297.0,0.0,0.0,0.0,1,272.9,338.2,20,297.0,0.0,0.0,0.0,0.0,0.0,0
2023-05-10 22:52:42,i2401-P-970,i2401-P-970,297.0,0.0,0.0,0.0,20,273.0,338.2,20,297.0,0.0,0.0,0.0,0.0,0.0,0
2023-05-10 22:52:43,i2401-P-970,i2401-P-970,297.0,0.0,0.0,0.0,1,273.3,338.2,20,297.0,0.0,0.0,0.0,0.0,0.0,0
2023-05-10 22:52:43,i2401-P-970,i2401-P-970,297.0,0.0,0.0,0.0,20,273.4,338.2,20,297.0,0.0,0.0,0.0,0.0,0.0,0
2023-05-10 22:52:44,i2401-P-970,i2401-P-970,297.0,0.0,0.0,0.0,1,273.7,338.2,20,297.0,0.0,0.0,0.0,0.0,0.0,0
2023-05-10 22:52:44,i2401-P-970,i2401-P-970,297.0,0.0,0.0,0.0,20,273.8,338.2,20,297.0,0.0,0.0,0.0,0.0,0.0,0
2023-05-10 22:57:32,i2401-P-970,i2401-P-970,297.0,0.0,0.0,0.0,0,0.0,0.0,0,297.0,0.0,0.0,0.0,0.0,0.0,0
2023-05-10 22:57:36,i2401-P-970,i2401-P-970,297.0,0.0,0.0,0.0,1,223.3,370.7,1,297.0,0.0,0.0,0.0,0.0,0.0,0
2023-05-10 22:59:13,i2401-P-970,i2401-P-970,297.0,0.0,0.0,0.0,20,223.4,370.7,1,297.0,0.0,0.0,0.0,0.0,0.0,0
2023-05-10 22:59:15,i2401-P-970,i2401-P-970,297.0,0.0,0.0,0.0,1,223.7,370.7,1,297.0,0.0,0.0,0.0,0.0,0.0,0
2023-05-10 22:59:15,i2401-P-970,i2401-P-970,297.0,0.0,0.0,0.0,20,223.8,370.7,1,297.0,0.0,0.0,0.0,0.0,0.0,0
2023-05-10 22:59:16,i2401-P-970,i2401-P-970,297.0,0.0,0.0,0.0,1,224.1,370.7,1,297.0,0.0,0.0,0.0,0.0,0.0,0
2023-05-10 22:59:16,i2401-P-970,i2401-P-970,297.0,0.0,0.0,0.0,20,224.2,370.7,1,297.0,0.0,0.0,0.0,0.0,0.0,0
2023-05-10 22:59:54,i2401-P-970,i2401-P-970,297.0,0.0,0.0,0.0,20,224.2,0.0,0,297.0,0.0,0.0,0.0,0.0,0.0,0
2023-05-10 22:59:55,i2401-P-970,i2401-P-970,297.0,0.0,0.0,0.0,0,0.0,0.0,0,297.0,0.0,0.0,0.0,0.0,0.0,0
2023-05-11 09:01:59,i2401-P-970,i2401-P-970,297.0,0.0,0.0,0.0,1,223.3,0.0,0,297.0,0.0,0.0,0.0,0.0,0.0,0
2023-05-11 09:02:00,i2401-P-970,i2401-P-970,297.0,0.0,0.0,0.0,20,223.4,370.6,20,297.0,0.0,0.0,0.0,0.0,0.0,0
2023-05-11 09:02:00,i2401-P-970,i2401-P-970,297.0,0.0,0.0,0.0,1,223.7,370.3,1,297.0,0.0,0.0,0.0,0.0,0.0,0
2023-05-11 09:02:01,i2401-P-970,i2401-P-970,297.0,0.0,0.0,0.0,20,223.8,370.2,20,297.0,0.0,0.0,0.0,0.0,0.0,0
2023-05-11 09:02:01,i2401-P-970,i2401-P-970,297.0,0.0,0.0,0.0,1,224.1,369.9,1,297.0,0.0,0.0,0.0,0.0,0.0,0
2023-05-11 09:02:01,i2401-P-970,i2401-P-970,297.0,0.0,0.0,0.0,20,224.2,369.8,20,297.0,0.0,0.0,0.0,0.0,0.0,0
2023-05-11 09:02:04,i2401-P-970,i2401-P-970,297.0,0.0,0.0,0.0,1,224.5,369.5,1,297.0,0.0,0.0,0.0,0.0,0.0,0
2023-05-11 09:02:05,i2401-P-970,i2401-P-970,297.0,0.0,0.0,0.0,20,224.6,369.4,20,297.0,0.0,0.0,0.0,0.0,0.0,0
2023-05-11 09:02:05,i2401-P-970,i2401-P-970,297.0,0.0,0.0,0.0,1,224.9,369.1,1,297.0,0.0,0.0,0.0,0.0,0.0,0
2023-05-11 09:02:06,i2401-P-970,i2401-P-970,297.0,0.0,0.0,0.0,20,225.0,369.0,20,297.0,0.0,0.0,0.0,0.0,0.0,0
2023-05-11 09:02:06,i2401-P-970,i2401-P-970,297.0,0.0,0.0,0.0,1,225.3,368.7,1,297.0,0.0,0.0,0.0,0.0,0.0,0
2023-05-11 09:02:07,i2401-P-970,i2401-P-970,297.0,0.0,0.0,0.0,20,225.4,368.6,20,297.0,0.0,0.0,0.0,0.0,0.0,0
2023-05-11 09:02:07,i2401-P-970,i2401-P-970,297.0,0.0,0.0,0.0,1,225.7,368.3,1,297.0,0.0,0.0,0.0,0.0,0.0,0
2023-05-11 09:02:08,i2401-P-970,i2401-P-970,297.0,0.0,0.0,0.0,20,225.8,368.2,20,297.0,0.0,0.0,0.0,0.0,0.0,0
2023-05-11 09:02:08,i2401-P-970,i2401-P-970,297.0,0.0,0.0,0.0,1,226.1,367.9,1,297.0,0.0,0.0,0.0,0.0,0.0,0
2023-05-11 09:02:09,i2401-P-970,i2401-P-970,297.0,0.0,0.0,0.0,20,226.2,367.8,20,297.0,0.0,0.0,0.0,0.0,0.0,0
2023-05-11 09:02:09,i2401-P-970,i2401-P-970,297.0,0.0,0.0,0.0,1,226.5,367.5,1,297.0,0.0,0.0,0.0,0.0,0.0,0
2023-05-11 09:02:10,i2401-P-970,i2401-P-970,297.0,0.0,0.0,0.0,20,226.6,367.4,20,297.0,0.0,0.0,0.0,0.0,0.0,0
2023-05-11 09:02:11,i2401-P-970,i2401-P-970,297.0,0.0,0.0,0.0,1,226.9,367.1,1,297.0,0.0,0.0,0.0,0.0,0.0,0
2023-05-11 09:02:11,i2401-P-970,i2401-P-970,297.0,0.0,0.0,0.0,20,227.0,367.0,20,297.0,0.0,0.0,0.0,0.0,0.0,0
2023-05-11 09:02:12,i2401-P-970,i2401-P-970,297.0,0.0,0.0,0.0,1,227.3,366.7,1,297.0,0.0,0.0,0.0,0.0,0.0,0
2023-05-11 09:02:12,i2401-P-970,i2401-P-970,297.0,0.0,0.0,0.0,20,227.4,366.6,20,297.0,0.0,0.0,0.0,0.0,0.0,0
2023-05-11 09:02:13,i2401-P-970,i2401-P-970,297.0,0.0,0.0,0.0,1,227.7,366.3,1,297.0,0.0,0.0,0.0,0.0,0.0,0
2023-05-11 09:02:13,i2401-P-970,i2401-P-970,297.0,0.0,0.0,0.0,20,227.8,366.2,20,297.0,0.0,0.0,0.0,0.0,0.0,0
2023-05-11 09:02:14,i2401-P-970,i2401-P-970,297.0,0.0,0.0,0.0,1,228.1,365.9,1,297.0,0.0,0.0,0.0,0.0,0.0,0
2023-05-11 09:02:14,i2401-P-970,i2401-P-970,297.0,0.0,0.0,0.0,20,228.2,365.8,20,297.0,0.0,0.0,0.0,0.0,0.0,0
2023-05-11 09:02:15,i2401-P-970,i2401-P-970,297.0,0.0,0.0,0.0,1,228.5,365.5,1,297.0,0.0,0.0,0.0,0.0,0.0,0
2023-05-11 09:02:15,i2401-P-970,i2401-P-970,297.0,0.0,0.0,0.0,20,228.6,365.4,20,297.0,0.0,0.0,0.0,0.0,0.0,0
2023-05-11 09:02:16,i2401-P-970,i2401-P-970,297.0,0.0,0.0,0.0,1,228.9,365.1,1,297.0,0.0,0.0,0.0,0.0,0.0,0
2023-05-11 09:02:16,i2401-P-970,i2401-P-970,297.0,0.0,0.0,0.0,20,229.0,365.0,20,297.0,0.0,0.0,0.0,0.0,0.0,0
2023-05-11 09:02:17,i2401-P-970,i2401-P-970,297.0,0.0,0.0,0.0,1,229.3,364.7,1,297.0,0.0,0.0,0.0,0.0,0.0,0
2023-05-11 09:02:17,i2401-P-970,i2401-P-970,297.0,0.0,0.0,0.0,20,229.4,364.6,20,297.0,0.0,0.0,0.0,0.0,0.0,0
2023-05-11 09:02:18,i2401-P-970,i2401-P-970,297.0,0.0,0.0,0.0,1,229.7,364.3,1,297.0,0.0,0.0,0.0,0.0,0.0,0
2023-05-11 09:02:18,i2401-P-970,i2401-P-970,297.0,0.0,0.0,0.0,20,229.8,364.2,20,297.0,0.0,0.0,0.0,0.0,0.0,0
2023-05-11 09:02:19,i2401-P-970,i2401-P-970,297.0,0.0,0.0,0.0,1,230.1,363.9,1,297.0,0.0,0.0,0.0,0.0,0.0,0
2023-05-11 09:02:19,i2401-P-970,i2401-P-970,297.0,0.0,0.0,0.0,20,230.2,363.8,20,297.0,0.0,0.0,0.0,0.0,0.0,0
2023-05-11 09:02:20,i2401-P-970,i2401-P-970,297.0,0.0,0.0,0.0,1,230.5,363.5,1,297.0,0.0,0.0,0.0,0.0,0.0,0
2023-05-11 09:02:20,i2401-P-970,i2401-P-970,297.0,0.0,0.0,0.0,20,230.6,363.4,20,297.0,0.0,0.0,0.0,0.0,0.0,0
2023-05-11 09:02:21,i2401-P-970,i2401-P-970,297.0,0.0,0.0,0.0,1,230.9,363.1,1,297.0,0.0,0.0,0.0,0.0,0.0,0
2023-05-11 09:02:21,i2401-P-970,i2401-P-970,297.0,0.0,0.0,0.0,20,231.0,363.0,20,297.0,0.0,0.0,0.0,0.0,0.0,0
2023-05-11 09:02:22,i2401-P-970,i2401-P-970,297.0,0.0,0.0,0.0,1,231.3,362.7,1,297.0,0.0,0.0,0.0,0.0,0.0,0
2023-05-11 09:02:22,i2401-P-970,i2401-P-970,297.0,0.0,0.0,0.0,20,231.4,362.6,20,297.0,0.0,0.0,0.0,0.0,0.0,0
2023-05-11 09:02:23,i2401-P-970,i2401-P-970,297.0,0.0,0.0,0.0,1,231.7,362.3,1,297.0,0.0,0.0,0.0,0.0,0.0,0
2023-05-11 09:02:23,i2401-P-970,i2401-P-970,297.0,0.0,0.0,0.0,20,231.8,362.2,20,297.0,0.0,0.0,0.0,0.0,0.0,0
2023-05-11 09:02:24,i2401-P-970,i2401-P-970,297.0,0.0,0.0,0.0,1,232.1,361.9,1,297.0,0.0,0.0,0.0,0.0,0.0,0
2023-05-11 09:02:24,i2401-P-970,i2401-P-970,297.0,0.0,0.0,0.0,20,232.2,361.8,20,297.0,0.0,0.0,0.0,0.0,0.0,0
2023-05-11 09:02:25,i2401-P-970,i2401-P-970,297.0,0.0,0.0,0.0,1,232.5,361.5,1,297.0,0.0,0.0,0.0,0.0,0.0,0
2023-05-11 09:02:25,i2401-P-970,i2401-P-970,297.0,0.0,0.0,0.0,20,232.6,361.4,20,297.0,0.0,0.0,0.0,0.0,0.0,0
2023-05-11 09:02:26,i2401-P-970,i2401-P-970,297.0,0.0,0.0,0.0,1,232.9,361.1,1,297.0,0.0,0.0,0.0,0.0,0.0,0
2023-05-11 09:02:26,i2401-P-970,i2401-P-970,297.0,0.0,0.0,0.0,20,233.0,361.0,20,297.0,0.0,0.0,0.0,0.0,0.0,0
2023-05-11 09:02:27,i2401-P-970,i2401-P-970,297.0,0.0,0.0,0.0,1,233.3,360.7,1,297.0,0.0,0.0,0.0,0.0,0.0,0
2023-05-11 09:02:27,i2401-P-970,i2401-P-970,297.0,0.0,0.0,0.0,20,233.4,360.6,20,297.0,0.0,0.0,0.0,0.0,0.0,0
2023-05-11 09:02:28,i2401-P-970,i2401-P-970,297.0,0.0,0.0,0.0,1,233.7,360.3,1,297.0,0.0,0.0,0.0,0.0,0.0,0
2023-05-11 09:02:28,i2401-P-970,i2401-P-970,297.0,0.0,0.0,0.0,20,233.8,360.2,20,297.0,0.0,0.0,0.0,0.0,0.0,0
2023-05-11 09:02:29,i2401-P-970,i2401-P-970,297.0,0.0,0.0,0.0,1,234.1,359.9,1,297.0,0.0,0.0,0.0,0.0,0.0,0
2023-05-11 09:02:29,i2401-P-970,i2401-P-970,297.0,0.0,0.0,0.0,20,234.2,359.8,20,297.0,0.0,0.0,0.0,0.0,0.0,0
2023-05-11 09:02:30,i2401-P-970,i2401-P-970,297.0,0.0,0.0,0.0,1,234.5,359.5,1,297.0,0.0,0.0,0.0,0.0,0.0,0
2023-05-11 09:02:30,i2401-P-970,i2401-P-970,297.0,0.0,0.0,0.0,20,234.6,359.4,20,297.0,0.0,0.0,0.0,0.0,0.0,0
2023-05-11 09:02:31,i2401-P-970,i2401-P-970,297.0,0.0,0.0,0.0,1,234.9,359.1,1,297.0,0.0,0.0,0.0,0.0,0.0,0
2023-05-11 09:02:31,i2401-P-970,i2401-P-970,297.0,0.0,0.0,0.0,20,235.0,359.0,20,297.0,0.0,0.0,0.0,0.0,0.0,0
2023-05-11 09:02:32,i2401-P-970,i2401-P-970,297.0,0.0,0.0,0.0,1,235.3,358.7,1,297.0,0.0,0.0,0.0,0.0,0.0,0
2023-05-11 09:02:32,i2401-P-970,i2401-P-970,297.0,0.0,0.0,0.0,20,235.4,358.6,20,297.0,0.0,0.0,0.0,0.0,0.0,0
2023-05-11 09:02:33,i2401-P-970,i2401-P-970,297.0,0.0,0.0,0.0,1,235.7,358.3,1,297.0,0.0,0.0,0.0,0.0,0.0,0
2023-05-11 09:02:33,i2401-P-970,i2401-P-970,297.0,0.0,0.0,0.0,20,235.8,358.2,20,297.0,0.0,0.0,0.0,0.0,0.0,0
2023-05-11 09:02:34,i2401-P-970,i2401-P-970,297.0,0.0,0.0,0.0,1,236.1,357.9,1,297.0,0.0,0.0,0.0,0.0,0.0,0
2023-05-11 09:02:34,i2401-P-970,i2401-P-970,297.0,0.0,0.0,0.0,20,236.2,357.8,20,297.0,0.0,0.0,0.0,0.0,0.0,0
2023-05-11 09:02:35,i2401-P-970,i2401-P-970,297.0,0.0,0.0,0.0,1,236.5,357.5,1,297.0,0.0,0.0,0.0,0.0,0.0,0
2023-05-11 09:02:35,i2401-P-970,i2401-P-970,297.0,0.0,0.0,0.0,20,236.6,357.4,20,297.0,0.0,0.0,0.0,0.0,0.0,0
2023-05-11 09:02:36,i2401-P-970,i2401-P-970,297.0,0.0,0.0,0.0,1,236.9,357.1,1,297.0,0.0,0.0,0.0,0.0,0.0,0
2023-05-11 09:02:36,i2401-P-970,i2401-P-970,297.0,0.0,0.0,0.0,20,237.0,357.0,20,297.0,0.0,0.0,0.0,0.0,0.0,0
2023-05-11 09:02:37,i2401-P-970,i2401-P-970,297.0,0.0,0.0,0.0,1,237.3,356.7,1,297.0,0.0,0.0,0.0,0.0,0.0,0
2023-05-11 09:02:37,i2401-P-970,i2401-P-970,297.0,0.0,0.0,0.0,20,237.4,356.6,20,297.0,0.0,0.0,0.0,0.0,0.0,0
2023-05-11 09:02:38,i2401-P-970,i2401-P-970,297.0,0.0,0.0,0.0,1,237.7,356.3,1,297.0,0.0,0.0,0.0,0.0,0.0,0
2023-05-11 09:02:38,i2401-P-970,i2401-P-970,297.0,0.0,0.0,0.0,20,237.8,356.2,20,297.0,0.0,0.0,0.0,0.0,0.0,0
2023-05-11 09:02:39,i2401-P-970,i2401-P-970,297.0,0.0,0.0,0.0,1,238.1,355.9,1,297.0,0.0,0.0,0.0,0.0,0.0,0
2023-05-11 09:02:39,i2401-P-970,i2401-P-970,297.0,0.0,0.0,0.0,20,238.2,355.8,20,297.0,0.0,0.0,0.0,0.0,0.0,0
2023-05-11 09:02:40,i2401-P-970,i2401-P-970,297.0,0.0,0.0,0.0,1,238.5,355.5,1,297.0,0.0,0.0,0.0,0.0,0.0,0
2023-05-11 09:02:40,i2401-P-970,i2401-P-970,297.0,0.0,0.0,0.0,20,238.6,355.4,20,297.0,0.0,0.0,0.0,0.0,0.0,0
2023-05-11 09:02:41,i2401-P-970,i2401-P-970,297.0,0.0,0.0,0.0,1,238.9,355.1,1,297.0,0.0,0.0,0.0,0.0,0.0,0
2023-05-11 09:02:41,i2401-P-970,i2401-P-970,297.0,0.0,0.0,0.0,20,239.0,355.0,20,297.0,0.0,0.0,0.0,0.0,0.0,0
2023-05-11 09:02:42,i2401-P-970,i2401-P-970,297.0,0.0,0.0,0.0,1,239.3,354.7,1,297.0,0.0,0.0,0.0,0.0,0.0,0
2023-05-11 09:02:42,i2401-P-970,i2401-P-970,297.0,0.0,0.0,0.0,20,239.4,354.6,20,297.0,0.0,0.0,0.0,0.0,0.0,0
2023-05-11 09:02:43,i2401-P-970,i2401-P-970,297.0,0.0,0.0,0.0,1,239.7,354.3,1,297.0,0.0,0.0,0.0,0.0,0.0,0
2023-05-11 09:02:43,i2401-P-970,i2401-P-970,297.0,0.0,0.0,0.0,20,239.8,354.2,20,297.0,0.0,0.0,0.0,0.0,0.0,0
2023-05-11 09:02:44,i2401-P-970,i2401-P-970,297.0,0.0,0.0,0.0,1,240.1,353.9,1,297.0,0.0,0.0,0.0,0.0,0.0,0
2023-05-11 09:02:44,i2401-P-970,i2401-P-970,297.0,0.0,0.0,0.0,20,240.2,353.8,20,297.0,0.0,0.0,0.0,0.0,0.0,0
2023-05-11 09:02:45,i2401-P-970,i2401-P-970,297.0,0.0,0.0,0.0,1,240.5,353.5,1,297.0,0.0,0.0,0.0,0.0,0.0,0
2023-05-11 09:02:45,i2401-P-970,i2401-P-970,297.0,0.0,0.0,0.0,20,240.6,353.4,20,297.0,0.0,0.0,0.0,0.0,0.0,0
2023-05-11 09:02:46,i2401-P-970,i2401-P-970,297.0,0.0,0.0,0.0,1,240.9,353.1,1,297.0,0.0,0.0,0.0,0.0,0.0,0
2023-05-11 09:02:46,i2401-P-970,i2401-P-970,297.0,0.0,0.0,0.0,20,241.0,353.0,20,297.0,0.0,0.0,0.0,0.0,0.0,0
2023-05-11 09:02:47,i2401-P-970,i2401-P-970,297.0,0.0,0.0,0.0,1,241.3,352.7,1,297.0,0.0,0.0,0.0,0.0,0.0,0
2023-05-11 09:02:47,i2401-P-970,i2401-P-970,297.0,0.0,0.0,0.0,20,241.4,352.6,20,297.0,0.0,0.0,0.0,0.0,0.0,0
2023-05-11 09:02:48,i2401-P-970,i2401-P-970,297.0,0.0,0.0,0.0,1,241.7,352.3,1,297.0,0.0,0.0,0.0,0.0,0.0,0
2023-05-11 09:02:48,i2401-P-970,i2401-P-970,297.0,0.0,0.0,0.0,20,241.8,352.2,20,297.0,0.0,0.0,0.0,0.0,0.0,0
2023-05-11 09:02:49,i2401-P-970,i2401-P-970,297.0,0.0,0.0,0.0,1,242.1,351.9,1,297.0,0.0,0.0,0.0,0.0,0.0,0
2023-05-11 09:02:49,i2401-P-970,i2401-P-970,297.0,0.0,0.0,0.0,20,242.2,351.8,20,297.0,0.0,0.0,0.0,0.0,0.0,0
2023-05-11 09:02:50,i2401-P-970,i2401-P-970,297.0,0.0,0.0,0.0,1,242.5,351.5,1,297.0,0.0,0.0,0.0,0.0,0.0,0
2023-05-11 09:02:50,i2401-P-970,i2401-P-970,297.0,0.0,0.0,0.0,20,242.6,351.4,20,297.0,0.0,0.0,0.0,0.0,0.0,0
2023-05-11 09:02:51,i2401-P-970,i2401-P-970,297.0,0.0,0.0,0.0,1,242.9,351.1,1,297.0,0.0,0.0,0.0,0.0,0.0,0
2023-05-11 09:02:51,i2401-P-970,i2401-P-970,297.0,0.0,0.0,0.0,20,243.0,351.0,20,297.0,0.0,0.0,0.0,0.0,0.0,0
2023-05-11 09:02:52,i2401-P-970,i2401-P-970,297.0,0.0,0.0,0.0,1,243.3,350.7,1,297.0,0.0,0.0,0.0,0.0,0.0,0
2023-05-11 09:02:52,i2401-P-970,i2401-P-970,297.0,0.0,0.0,0.0,20,243.4,350.6,20,297.0,0.0,0.0,0.0,0.0,0.0,0
2023-05-11 09:02:53,i2401-P-970,i2401-P-970,297.0,0.0,0.0,0.0,1,243.7,350.3,1,297.0,0.0,0.0,0.0,0.0,0.0,0
2023-05-11 09:02:53,i2401-P-970,i2401-P-970,297.0,0.0,0.0,0.0,20,243.8,350.2,20,297.0,0.0,0.0,0.0,0.0,0.0,0
2023-05-11 09:02:54,i2401-P-970,i2401-P-970,297.0,0.0,0.0,0.0,1,244.1,349.9,1,297.0,0.0,0.0,0.0,0.0,0.0,0
2023-05-11 09:02:54,i2401-P-970,i2401-P-970,297.0,0.0,0.0,0.0,20,244.2,349.8,20,297.0,0.0,0.0,0.0,0.0,0.0,0
2023-05-11 09:02:55,i2401-P-970,i2401-P-970,297.0,0.0,0.0,0.0,1,244.5,349.8,20,297.0,0.0,0.0,0.0,0.0,0.0,0
2023-05-11 09:02:56,i2401-P-970,i2401-P-970,297.0,0.0,0.0,0.0,20,244.6,349.8,20,297.0,0.0,0.0,0.0,0.0,0.0,0
2023-05-11 09:02:56,i2401-P-970,i2401-P-970,297.0,0.0,0.0,0.0,1,244.9,349.8,20,297.0,0.0,0.0,0.0,0.0,0.0,0
2023-05-11 09:02:57,i2401-P-970,i2401-P-970,297.0,0.0,0.0,0.0,20,245.0,349.8,20,297.0,0.0,0.0,0.0,0.0,0.0,0
2023-05-11 09:02:57,i2401-P-970,i2401-P-970,297.0,0.0,0.0,0.0,1,245.3,349.8,20,297.0,0.0,0.0,0.0,0.0,0.0,0
2023-05-11 09:02:58,i2401-P-970,i2401-P-970,297.0,0.0,0.0,0.0,20,245.4,349.8,20,297.0,0.0,0.0,0.0,0.0,0.0,0
2023-05-11 09:02:58,i2401-P-970,i2401-P-970,297.0,0.0,0.0,0.0,1,245.7,349.8,20,297.0,0.0,0.0,0.0,0.0,0.0,0
2023-05-11 09:02:59,i2401-P-970,i2401-P-970,297.0,0.0,0.0,0.0,20,245.8,349.8,20,297.0,0.0,0.0,0.0,0.0,0.0,0
2023-05-11 09:02:59,i2401-P-970,i2401-P-970,297.0,0.0,0.0,0.0,1,246.1,349.8,20,297.0,0.0,0.0,0.0,0.0,0.0,0
2023-05-11 09:03:00,i2401-P-970,i2401-P-970,297.0,0.0,0.0,0.0,20,246.2,349.8,20,297.0,0.0,0.0,0.0,0.0,0.0,0
2023-05-11 09:03:00,i2401-P-970,i2401-P-970,297.0,0.0,0.0,0.0,1,246.5,349.8,20,297.0,0.0,0.0,0.0,0.0,0.0,0
2023-05-11 09:03:01,i2401-P-970,i2401-P-970,297.0,0.0,0.0,0.0,20,246.6,349.8,20,297.0,0.0,0.0,0.0,0.0,0.0,0
2023-05-11 09:03:01,i2401-P-970,i2401-P-970,297.0,0.0,0.0,0.0,1,246.9,349.8,20,297.0,0.0,0.0,0.0,0.0,0.0,0
2023-05-11 09:03:01,i2401-P-970,i2401-P-970,297.0,0.0,0.0,0.0,20,247.0,349.8,20,297.0,0.0,0.0,0.0,0.0,0.0,0
2023-05-11 09:03:02,i2401-P-970,i2401-P-970,297.0,0.0,0.0,0.0,1,247.3,349.8,20,297.0,0.0,0.0,0.0,0.0,0.0,0
2023-05-11 09:03:02,i2401-P-970,i2401-P-970,297.0,0.0,0.0,0.0,20,247.4,349.8,20,297.0,0.0,0.0,0.0,0.0,0.0,0
2023-05-11 09:03:03,i2401-P-970,i2401-P-970,297.0,0.0,0.0,0.0,1,247.7,349.8,20,297.0,0.0,0.0,0.0,0.0,0.0,0
2023-05-11 09:03:03,i2401-P-970,i2401-P-970,297.0,0.0,0.0,0.0,20,247.8,349.8,20,297.0,0.0,0.0,0.0,0.0,0.0,0
2023-05-11 09:03:04,i2401-P-970,i2401-P-970,297.0,0.0,0.0,0.0,1,248.1,349.8,20,297.0,0.0,0.0,0.0,0.0,0.0,0
2023-05-11 09:03:04,i2401-P-970,i2401-P-970,297.0,0.0,0.0,0.0,20,248.2,349.8,20,297.0,0.0,0.0,0.0,0.0,0.0,0
2023-05-11 09:03:06,i2401-P-970,i2401-P-970,297.0,0.0,0.0,0.0,1,248.5,349.8,20,297.0,0.0,0.0,0.0,0.0,0.0,0
2023-05-11 09:03:06,i2401-P-970,i2401-P-970,297.0,0.0,0.0,0.0,20,248.6,349.8,20,297.0,0.0,0.0,0.0,0.0,0.0,0
2023-05-11 09:03:07,i2401-P-970,i2401-P-970,297.0,0.0,0.0,0.0,1,248.9,349.8,20,297.0,0.0,0.0,0.0,0.0,0.0,0
2023-05-11 09:03:07,i2401-P-970,i2401-P-970,297.0,0.0,0.0,0.0,20,249.0,349.8,20,297.0,0.0,0.0,0.0,0.0,0.0,0
2023-05-11 09:03:08,i2401-P-970,i2401-P-970,297.0,0.0,0.0,0.0,1,249.3,349.8,20,297.0,0.0,0.0,0.0,0.0,0.0,0
2023-05-11 09:03:08,i2401-P-970,i2401-P-970,297.0,0.0,0.0,0.0,20,249.4,349.8,20,297.0,0.0,0.0,0.0,0.0,0.0,0
2023-05-11 09:03:09,i2401-P-970,i2401-P-970,297.0,0.0,0.0,0.0,1,249.7,349.8,20,297.0,0.0,0.0,0.0,0.0,0.0,0
2023-05-11 09:03:09,i2401-P-970,i2401-P-970,297.0,0.0,0.0,0.0,20,249.8,349.8,20,297.0,0.0,0.0,0.0,0.0,0.0,0
2023-05-11 09:03:10,i2401-P-970,i2401-P-970,297.0,0.0,0.0,0.0,1,250.1,349.8,20,297.0,0.0,0.0,0.0,0.0,0.0,0
2023-05-11 09:03:10,i2401-P-970,i2401-P-970,297.0,0.0,0.0,0.0,20,250.2,349.8,20,297.0,0.0,0.0,0.0,0.0,0.0,0
2023-05-11 09:03:11,i2401-P-970,i2401-P-970,297.0,0.0,0.0,0.0,1,250.5,349.8,20,297.0,0.0,0.0,0.0,0.0,0.0,0
2023-05-11 09:03:11,i2401-P-970,i2401-P-970,297.0,0.0,0.0,0.0,20,250.6,349.8,20,297.0,0.0,0.0,0.0,0.0,0.0,0
2023-05-11 09:03:12,i2401-P-970,i2401-P-970,297.0,0.0,0.0,0.0,1,250.9,349.8,20,297.0,0.0,0.0,0.0,0.0,0.0,0
2023-05-11 09:03:12,i2401-P-970,i2401-P-970,297.0,0.0,0.0,0.0,20,251.0,349.8,20,297.0,0.0,0.0,0.0,0.0,0.0,0
2023-05-11 09:03:13,i2401-P-970,i2401-P-970,297.0,0.0,0.0,0.0,1,251.3,349.8,20,297.0,0.0,0.0,0.0,0.0,0.0,0
2023-05-11 09:03:13,i2401-P-970,i2401-P-970,297.0,0.0,0.0,0.0,20,251.4,349.8,20,297.0,0.0,0.0,0.0,0.0,0.0,0
2023-05-11 09:03:14,i2401-P-970,i2401-P-970,297.0,0.0,0.0,0.0,1,251.7,349.8,20,297.0,0.0,0.0,0.0,0.0,0.0,0
2023-05-11 09:03:14,i2401-P-970,i2401-P-970,297.0,0.0,0.0,0.0,20,251.8,349.8,20,297.0,0.0,0.0,0.0,0.0,0.0,0
2023-05-11 09:03:15,i2401-P-970,i2401-P-970,297.0,0.0,0.0,0.0,1,252.1,349.8,20,297.0,0.0,0.0,0.0,0.0,0.0,0
2023-05-11 09:03:15,i2401-P-970,i2401-P-970,297.0,0.0,0.0,0.0,20,252.2,349.8,20,297.0,0.0,0.0,0.0,0.0,0.0,0
2023-05-11 09:03:16,i2401-P-970,i2401-P-970,297.0,0.0,0.0,0.0,1,252.5,349.8,20,297.0,0.0,0.0,0.0,0.0,0.0,0
2023-05-11 09:03:16,i2401-P-970,i2401-P-970,297.0,0.0,0.0,0.0,20,252.6,349.8,20,297.0,0.0,0.0,0.0,0.0,0.0,0
2023-05-11 09:03:17,i2401-P-970,i2401-P-970,297.0,0.0,0.0,0.0,1,252.9,349.8,20,297.0,0.0,0.0,0.0,0.0,0.0,0
2023-05-11 09:03:17,i2401-P-970,i2401-P-970,297.0,0.0,0.0,0.0,20,253.0,349.8,20,297.0,0.0,0.0,0.0,0.0,0.0,0
2023-05-11 09:03:18,i2401-P-970,i2401-P-970,297.0,0.0,0.0,0.0,1,253.3,349.8,20,297.0,0.0,0.0,0.0,0.0,0.0,0
2023-05-11 09:03:18,i2401-P-970,i2401-P-970,297.0,0.0,0.0,0.0,20,253.4,349.8,20,297.0,0.0,0.0,0.0,0.0,0.0,0
2023-05-11 09:03:19,i2401-P-970,i2401-P-970,297.0,0.0,0.0,0.0,1,253.7,349.8,20,297.0,0.0,0.0,0.0,0.0,0.0,0
2023-05-11 09:03:19,i2401-P-970,i2401-P-970,297.0,0.0,0.0,0.0,20,253.8,349.8,20,297.0,0.0,0.0,0.0,0.0,0.0,0
2023-05-11 09:03:20,i2401-P-970,i2401-P-970,297.0,0.0,0.0,0.0,1,254.1,349.8,20,297.0,0.0,0.0,0.0,0.0,0.0,0
2023-05-11 09:03:20,i2401-P-970,i2401-P-970,297.0,0.0,0.0,0.0,20,254.2,349.8,20,297.0,0.0,0.0,0.0,0.0,0.0,0
2023-05-11 09:03:21,i2401-P-970,i2401-P-970,297.0,0.0,0.0,0.0,1,254.5,349.8,20,297.0,0.0,0.0,0.0,0.0,0.0,0
2023-05-11 09:03:21,i2401-P-970,i2401-P-970,297.0,0.0,0.0,0.0,20,254.6,349.8,20,297.0,0.0,0.0,0.0,0.0,0.0,0
2023-05-11 09:03:22,i2401-P-970,i2401-P-970,297.0,0.0,0.0,0.0,1,254.9,349.8,20,297.0,0.0,0.0,0.0,0.0,0.0,0
2023-05-11 09:03:22,i2401-P-970,i2401-P-970,297.0,0.0,0.0,0.0,20,255.0,349.8,20,297.0,0.0,0.0,0.0,0.0,0.0,0
2023-05-11 09:03:23,i2401-P-970,i2401-P-970,297.0,0.0,0.0,0.0,1,255.3,349.8,20,297.0,0.0,0.0,0.0,0.0,0.0,0
2023-05-11 09:03:23,i2401-P-970,i2401-P-970,297.0,0.0,0.0,0.0,20,255.4,349.8,20,297.0,0.0,0.0,0.0,0.0,0.0,0
2023-05-11 09:03:24,i2401-P-970,i2401-P-970,297.0,0.0,0.0,0.0,1,255.7,349.8,20,297.0,0.0,0.0,0.0,0.0,0.0,0
2023-05-11 09:03:24,i2401-P-970,i2401-P-970,297.0,0.0,0.0,0.0,20,255.8,349.8,20,297.0,0.0,0.0,0.0,0.0,0.0,0
2023-05-11 09:03:25,i2401-P-970,i2401-P-970,297.0,0.0,0.0,0.0,1,256.1,349.8,20,297.0,0.0,0.0,0.0,0.0,0.0,0
2023-05-11 09:03:25,i2401-P-970,i2401-P-970,297.0,0.0,0.0,0.0,20,256.2,349.8,20,297.0,0.0,0.0,0.0,0.0,0.0,0
2023-05-11 09:03:26,i2401-P-970,i2401-P-970,297.0,0.0,0.0,0.0,1,256.5,349.8,20,297.0,0.0,0.0,0.0,0.0,0.0,0
2023-05-11 09:03:26,i2401-P-970,i2401-P-970,297.0,0.0,0.0,0.0,20,256.6,349.8,20,297.0,0.0,0.0,0.0,0.0,0.0,0
2023-05-11 09:03:27,i2401-P-970,i2401-P-970,297.0,0.0,0.0,0.0,1,256.9,349.8,20,297.0,0.0,0.0,0.0,0.0,0.0,0
2023-05-11 09:03:27,i2401-P-970,i2401-P-970,297.0,0.0,0.0,0.0,20,257.0,349.8,20,297.0,0.0,0.0,0.0,0.0,0.0,0
2023-05-11 09:03:28,i2401-P-970,i2401-P-970,297.0,0.0,0.0,0.0,1,257.3,349.8,20,297.0,0.0,0.0,0.0,0.0,0.0,0
2023-05-11 09:03:28,i2401-P-970,i2401-P-970,297.0,0.0,0.0,0.0,20,257.4,349.8,20,297.0,0.0,0.0,0.0,0.0,0.0,0
2023-05-11 09:03:29,i2401-P-970,i2401-P-970,297.0,0.0,0.0,0.0,1,257.7,349.8,20,297.0,0.0,0.0,0.0,0.0,0.0,0
2023-05-11 09:03:29,i2401-P-970,i2401-P-970,297.0,0.0,0.0,0.0,20,257.8,349.8,20,297.0,0.0,0.0,0.0,0.0,0.0,0
2023-05-11 09:03:30,i2401-P-970,i2401-P-970,297.0,0.0,0.0,0.0,1,258.1,349.8,20,297.0,0.0,0.0,0.0,0.0,0.0,0
2023-05-11 09:03:30,i2401-P-970,i2401-P-970,297.0,0.0,0.0,0.0,20,258.2,349.8,20,297.0,0.0,0.0,0.0,0.0,0.0,0
2023-05-11 09:03:31,i2401-P-970,i2401-P-970,297.0,0.0,0.0,0.0,1,258.5,349.8,20,297.0,0.0,0.0,0.0,0.0,0.0,0
2023-05-11 09:03:31,i2401-P-970,i2401-P-970,297.0,0.0,0.0,0.0,20,258.6,349.8,20,297.0,0.0,0.0,0.0,0.0,0.0,0
2023-05-11 09:03:32,i2401-P-970,i2401-P-970,297.0,0.0,0.0,0.0,1,258.9,349.8,20,297.0,0.0,0.0,0.0,0.0,0.0,0
2023-05-11 09:03:32,i2401-P-970,i2401-P-970,297.0,0.0,0.0,0.0,20,259.0,349.8,20,297.0,0.0,0.0,0.0,0.0,0.0,0
2023-05-11 09:03:33,i2401-P-970,i2401-P-970,297.0,0.0,0.0,0.0,1,259.3,349.8,20,297.0,0.0,0.0,0.0,0.0,0.0,0
2023-05-11 09:03:33,i2401-P-970,i2401-P-970,297.0,0.0,0.0,0.0,20,259.4,349.8,20,297.0,0.0,0.0,0.0,0.0,0.0,0
2023-05-11 09:03:34,i2401-P-970,i2401-P-970,297.0,0.0,0.0,0.0,1,259.7,349.8,20,297.0,0.0,0.0,0.0,0.0,0.0,0
2023-05-11 09:03:34,i2401-P-970,i2401-P-970,297.0,0.0,0.0,0.0,20,259.8,349.8,20,297.0,0.0,0.0,0.0,0.0,0.0,0
2023-05-11 09:03:35,i2401-P-970,i2401-P-970,297.0,0.0,0.0,0.0,1,260.1,349.8,20,297.0,0.0,0.0,0.0,0.0,0.0,0
2023-05-11 09:03:35,i2401-P-970,i2401-P-970,297.0,0.0,0.0,0.0,20,260.2,349.8,20,297.0,0.0,0.0,0.0,0.0,0.0,0
2023-05-11 09:03:36,i2401-P-970,i2401-P-970,297.0,0.0,0.0,0.0,1,260.5,349.8,20,297.0,0.0,0.0,0.0,0.0,0.0,0
2023-05-11 09:03:36,i2401-P-970,i2401-P-970,297.0,0.0,0.0,0.0,20,260.6,349.8,20,297.0,0.0,0.0,0.0,0.0,0.0,0
2023-05-11 09:03:37,i2401-P-970,i2401-P-970,297.0,0.0,0.0,0.0,1,260.9,349.8,20,297.0,0.0,0.0,0.0,0.0,0.0,0
2023-05-11 09:03:37,i2401-P-970,i2401-P-970,297.0,0.0,0.0,0.0,20,261.0,349.8,20,297.0,0.0,0.0,0.0,0.0,0.0,0
2023-05-11 09:03:38,i2401-P-970,i2401-P-970,297.0,0.0,0.0,0.0,1,261.3,349.8,20,297.0,0.0,0.0,0.0,0.0,0.0,0
2023-05-11 09:03:38,i2401-P-970,i2401-P-970,297.0,0.0,0.0,0.0,20,261.4,349.8,20,297.0,0.0,0.0,0.0,0.0,0.0,0
2023-05-11 09:03:39,i2401-P-970,i2401-P-970,297.0,0.0,0.0,0.0,1,261.7,349.8,20,297.0,0.0,0.0,0.0,0.0,0.0,0
2023-05-11 09:03:39,i2401-P-970,i2401-P-970,297.0,0.0,0.0,0.0,20,261.8,349.8,20,297.0,0.0,0.0,0.0,0.0,0.0,0
2023-05-11 09:03:40,i2401-P-970,i2401-P-970,297.0,0.0,0.0,0.0,1,262.1,349.8,20,297.0,0.0,0.0,0.0,0.0,0.0,0
2023-05-11 09:03:40,i2401-P-970,i2401-P-970,297.0,0.0,0.0,0.0,20,262.2,349.8,20,297.0,0.0,0.0,0.0,0.0,0.0,0
2023-05-11 09:03:41,i2401-P-970,i2401-P-970,297.0,0.0,0.0,0.0,1,262.5,349.8,20,297.0,0.0,0.0,0.0,0.0,0.0,0
2023-05-11 09:03:41,i2401-P-970,i2401-P-970,297.0,0.0,0.0,0.0,20,262.6,349.8,20,297.0,0.0,0.0,0.0,0.0,0.0,0
2023-05-11 09:03:42,i2401-P-970,i2401-P-970,297.0,0.0,0.0,0.0,1,262.9,349.8,20,297.0,0.0,0.0,0.0,0.0,0.0,0
2023-05-11 09:03:42,i2401-P-970,i2401-P-970,297.0,0.0,0.0,0.0,20,263.0,349.8,20,297.0,0.0,0.0,0.0,0.0,0.0,0
2023-05-11 09:03:43,i2401-P-970,i2401-P-970,297.0,0.0,0.0,0.0,1,263.3,349.8,20,297.0,0.0,0.0,0.0,0.0,0.0,0
2023-05-11 09:03:43,i2401-P-970,i2401-P-970,297.0,0.0,0.0,0.0,20,263.4,349.8,20,297.0,0.0,0.0,0.0,0.0,0.0,0
2023-05-11 09:03:44,i2401-P-970,i2401-P-970,297.0,0.0,0.0,0.0,1,263.7,349.8,20,297.0,0.0,0.0,0.0,0.0,0.0,0
2023-05-11 09:03:44,i2401-P-970,i2401-P-970,297.0,0.0,0.0,0.0,20,263.8,349.8,20,297.0,0.0,0.0,0.0,0.0,0.0,0
2023-05-11 09:03:45,i2401-P-970,i2401-P-970,297.0,0.0,0.0,0.0,1,264.1,349.8,20,297.0,0.0,0.0,0.0,0.0,0.0,0
2023-05-11 09:03:45,i2401-P-970,i2401-P-970,297.0,0.0,0.0,0.0,20,264.2,349.8,20,297.0,0.0,0.0,0.0,0.0,0.0,0
2023-05-11 09:03:46,i2401-P-970,i2401-P-970,297.0,0.0,0.0,0.0,1,264.5,349.8,20,297.0,0.0,0.0,0.0,0.0,0.0,0
2023-05-11 09:03:46,i2401-P-970,i2401-P-970,297.0,0.0,0.0,0.0,20,264.6,349.8,20,297.0,0.0,0.0,0.0,0.0,0.0,0
2023-05-11 09:03:47,i2401-P-970,i2401-P-970,297.0,0.0,0.0,0.0,1,264.9,349.8,20,297.0,0.0,0.0,0.0,0.0,0.0,0
2023-05-11 09:03:47,i2401-P-970,i2401-P-970,297.0,0.0,0.0,0.0,20,265.0,349.8,20,297.0,0.0,0.0,0.0,0.0,0.0,0
2023-05-11 09:03:48,i2401-P-970,i2401-P-970,297.0,0.0,0.0,0.0,1,265.3,349.8,20,297.0,0.0,0.0,0.0,0.0,0.0,0
2023-05-11 09:03:48,i2401-P-970,i2401-P-970,297.0,0.0,0.0,0.0,20,265.4,349.8,20,297.0,0.0,0.0,0.0,0.0,0.0,0
2023-05-11 09:03:49,i2401-P-970,i2401-P-970,297.0,0.0,0.0,0.0,1,265.7,349.8,20,297.0,0.0,0.0,0.0,0.0,0.0,0
2023-05-11 09:03:49,i2401-P-970,i2401-P-970,297.0,0.0,0.0,0.0,20,265.8,349.8,20,297.0,0.0,0.0,0.0,0.0,0.0,0
2023-05-11 09:03:50,i2401-P-970,i2401-P-970,297.0,0.0,0.0,0.0,1,266.1,349.8,20,297.0,0.0,0.0,0.0,0.0,0.0,0
2023-05-11 09:03:50,i2401-P-970,i2401-P-970,297.0,0.0,0.0,0.0,20,266.2,349.8,20,297.0,0.0,0.0,0.0,0.0,0.0,0
2023-05-11 09:03:51,i2401-P-970,i2401-P-970,297.0,0.0,0.0,0.0,1,266.5,349.8,20,297.0,0.0,0.0,0.0,0.0,0.0,0
2023-05-11 09:03:51,i2401-P-970,i2401-P-970,297.0,0.0,0.0,0.0,20,266.6,349.8,20,297.0,0.0,0.0,0.0,0.0,0.0,0
2023-05-11 09:03:52,i2401-P-970,i2401-P-970,297.0,0.0,0.0,0.0,1,266.9,349.8,20,297.0,0.0,0.0,0.0,0.0,0.0,0
2023-05-11 09:03:52,i2401-P-970,i2401-P-970,297.0,0.0,0.0,0.0,20,267.0,349.8,20,297.0,0.0,0.0,0.0,0.0,0.0,0
2023-05-11 09:03:53,i2401-P-970,i2401-P-970,297.0,0.0,0.0,0.0,1,267.3,349.8,20,297.0,0.0,0.0,0.0,0.0,0.0,0
2023-05-11 09:03:53,i2401-P-970,i2401-P-970,297.0,0.0,0.0,0.0,20,267.4,349.8,20,297.0,0.0,0.0,0.0,0.0,0.0,0
2023-05-11 09:03:54,i2401-P-970,i2401-P-970,297.0,0.0,0.0,0.0,1,267.7,349.8,20,297.0,0.0,0.0,0.0,0.0,0.0,0
2023-05-11 09:03:54,i2401-P-970,i2401-P-970,297.0,0.0,0.0,0.0,20,267.8,349.8,20,297.0,0.0,0.0,0.0,0.0,0.0,0
2023-05-11 09:03:55,i2401-P-970,i2401-P-970,297.0,0.0,0.0,0.0,1,268.1,349.8,20,297.0,0.0,0.0,0.0,0.0,0.0,0
2023-05-11 09:03:55,i2401-P-970,i2401-P-970,297.0,0.0,0.0,0.0,20,268.2,349.8,20,297.0,0.0,0.0,0.0,0.0,0.0,0
2023-05-11 09:03:56,i2401-P-970,i2401-P-970,297.0,0.0,0.0,0.0,1,268.5,349.8,20,297.0,0.0,0.0,0.0,0.0,0.0,0
2023-05-11 09:03:56,i2401-P-970,i2401-P-970,297.0,0.0,0.0,0.0,20,268.6,349.8,20,297.0,0.0,0.0,0.0,0.0,0.0,0
2023-05-11 09:03:57,i2401-P-970,i2401-P-970,297.0,0.0,0.0,0.0,1,268.9,349.8,20,297.0,0.0,0.0,0.0,0.0,0.0,0
2023-05-11 09:03:57,i2401-P-970,i2401-P-970,297.0,0.0,0.0,0.0,20,269.0,349.8,20,297.0,0.0,0.0,0.0,0.0,0.0,0
2023-05-11 09:03:58,i2401-P-970,i2401-P-970,297.0,0.0,0.0,0.0,1,269.3,349.8,20,297.0,0.0,0.0,0.0,0.0,0.0,0
2023-05-11 09:03:58,i2401-P-970,i2401-P-970,297.0,0.0,0.0,0.0,20,269.4,349.8,20,297.0,0.0,0.0,0.0,0.0,0.0,0
2023-05-11 09:03:59,i2401-P-970,i2401-P-970,297.0,0.0,0.0,0.0,1,269.7,349.8,20,297.0,0.0,0.0,0.0,0.0,0.0,0
2023-05-11 09:03:59,i2401-P-970,i2401-P-970,297.0,0.0,0.0,0.0,20,269.8,349.8,20,297.0,0.0,0.0,0.0,0.0,0.0,0
2023-05-11 09:04:00,i2401-P-970,i2401-P-970,297.0,0.0,0.0,0.0,1,270.1,349.8,20,297.0,0.0,0.0,0.0,0.0,0.0,0
2023-05-11 09:04:00,i2401-P-970,i2401-P-970,297.0,0.0,0.0,0.0,20,270.2,349.8,20,297.0,0.0,0.0,0.0,0.0,0.0,0
2023-05-11 09:04:01,i2401-P-970,i2401-P-970,297.0,0.0,0.0,0.0,1,270.5,349.8,20,297.0,0.0,0.0,0.0,0.0,0.0,0
2023-05-11 09:04:01,i2401-P-970,i2401-P-970,297.0,0.0,0.0,0.0,20,270.6,349.8,20,297.0,0.0,0.0,0.0,0.0,0.0,0
2023-05-11 09:04:02,i2401-P-970,i2401-P-970,297.0,0.0,0.0,0.0,1,270.9,349.8,20,297.0,0.0,0.0,0.0,0.0,0.0,0
2023-05-11 09:04:02,i2401-P-970,i2401-P-970,297.0,0.0,0.0,0.0,20,271.0,349.8,20,297.0,0.0,0.0,0.0,0.0,0.0,0
2023-05-11 09:04:03,i2401-P-970,i2401-P-970,297.0,0.0,0.0,0.0,1,271.3,349.8,20,297.0,0.0,0.0,0.0,0.0,0.0,0
2023-05-11 09:04:03,i2401-P-970,i2401-P-970,297.0,0.0,0.0,0.0,20,271.4,349.8,20,297.0,0.0,0.0,0.0,0.0,0.0,0
2023-05-11 09:04:04,i2401-P-970,i2401-P-970,297.0,0.0,0.0,0.0,1,271.7,349.8,20,297.0,0.0,0.0,0.0,0.0,0.0,0
2023-05-11 09:04:04,i2401-P-970,i2401-P-970,297.0,0.0,0.0,0.0,20,271.8,349.8,20,297.0,0.0,0.0,0.0,0.0,0.0,0
2023-05-11 09:04:05,i2401-P-970,i2401-P-970,297.0,0.0,0.0,0.0,1,272.1,349.8,20,297.0,0.0,0.0,0.0,0.0,0.0,0
2023-05-11 09:04:05,i2401-P-970,i2401-P-970,297.0,0.0,0.0,0.0,20,272.2,349.8,20,297.0,0.0,0.0,0.0,0.0,0.0,0
2023-05-11 09:04:06,i2401-P-970,i2401-P-970,297.0,0.0,0.0,0.0,1,272.5,349.8,20,297.0,0.0,0.0,0.0,0.0,0.0,0
2023-05-11 09:04:06,i2401-P-970,i2401-P-970,297.0,0.0,0.0,0.0,20,272.6,349.8,20,297.0,0.0,0.0,0.0,0.0,0.0,0
2023-05-11 09:04:07,i2401-P-970,i2401-P-970,297.0,0.0,0.0,0.0,1,272.9,349.8,20,297.0,0.0,0.0,0.0,0.0,0.0,0
2023-05-11 09:04:07,i2401-P-970,i2401-P-970,297.0,0.0,0.0,0.0,20,273.0,349.8,20,297.0,0.0,0.0,0.0,0.0,0.0,0
2023-05-11 09:12:37,i2401-P-970,i2401-P-970,297.0,0.0,0.0,0.0,1,273.3,349.8,20,297.0,0.0,0.0,0.0,0.0,0.0,0
2023-05-11 09:12:38,i2401-P-970,i2401-P-970,297.0,0.0,0.0,0.0,20,273.4,349.8,20,297.0,0.0,0.0,0.0,0.0,0.0,0
2023-05-11 09:12:38,i2401-P-970,i2401-P-970,297.0,0.0,0.0,0.0,1,273.7,349.8,20,297.0,0.0,0.0,0.0,0.0,0.0,0
2023-05-11 09:12:38,i2401-P-970,i2401-P-970,297.0,0.0,0.0,0.0,20,273.8,349.8,20,297.0,0.0,0.0,0.0,0.0,0.0,0
2023-05-11 09:12:39,i2401-P-970,i2401-P-970,297.0,0.0,0.0,0.0,1,274.1,349.8,20,297.0,0.0,0.0,0.0,0.0,0.0,0
2023-05-11 09:12:39,i2401-P-970,i2401-P-970,297.0,0.0,0.0,0.0,20,274.2,349.8,20,297.0,0.0,0.0,0.0,0.0,0.0,0
2023-05-11 09:12:40,i2401-P-970,i2401-P-970,297.0,0.0,0.0,0.0,1,274.5,349.8,20,297.0,0.0,0.0,0.0,0.0,0.0,0
2023-05-11 09:12:40,i2401-P-970,i2401-P-970,297.0,0.0,0.0,0.0,20,274.6,349.8,20,297.0,0.0,0.0,0.0,0.0,0.0,0
2023-05-11 09:12:41,i2401-P-970,i2401-P-970,297.0,0.0,0.0,0.0,1,274.9,349.8,20,297.0,0.0,0.0,0.0,0.0,0.0,0
2023-05-11 09:12:41,i2401-P-970,i2401-P-970,297.0,0.0,0.0,0.0,20,275.0,349.8,20,297.0,0.0,0.0,0.0,0.0,0.0,0
2023-05-11 09:22:37,i2401-P-970,i2401-P-970,297.0,0.0,0.0,0.0,20,275.0,349.5,1,297.0,0.0,0.0,0.0,0.0,0.0,0
2023-05-11 09:22:38,i2401-P-970,i2401-P-970,297.0,0.0,0.0,0.0,20,275.0,349.4,20,297.0,0.0,0.0,0.0,0.0,0.0,0
2023-05-11 09:32:37,i2401-P-970,i2401-P-970,297.0,0.0,0.0,0.0,1,275.3,349.4,20,297.0,0.0,0.0,0.0,0.0,0.0,0
2023-05-11 09:32:38,i2401-P-970,i2401-P-970,297.0,0.0,0.0,0.0,20,275.4,349.4,20,297.0,0.0,0.0,0.0,0.0,0.0,0
2023-05-11 09:32:38,i2401-P-970,i2401-P-970,297.0,0.0,0.0,0.0,1,275.7,349.4,20,297.0,0.0,0.0,0.0,0.0,0.0,0
2023-05-11 09:32:38,i2401-P-970,i2401-P-970,297.0,0.0,0.0,0.0,20,275.8,349.4,20,297.0,0.0,0.0,0.0,0.0,0.0,0
2023-05-11 10:14:32,i2401-P-970,i2401-P-970,297.0,0.0,0.0,0.0,0,0.0,0.0,0,297.0,0.0,0.0,0.0,0.0,0.0,0
2023-05-11 10:31:59,i2401-P-970,i2401-P-970,297.0,0.0,0.0,0.0,1,223.3,370.7,1,297.0,0.0,0.0,0.0,0.0,0.0,0
2023-05-11 10:31:59,i2401-P-970,i2401-P-970,297.0,0.0,0.0,0.0,20,223.4,370.6,20,297.0,0.0,0.0,0.0,0.0,0.0,0
2023-05-11 10:32:00,i2401-P-970,i2401-P-970,297.0,0.0,0.0,0.0,1,223.7,370.3,1,297.0,0.0,0.0,0.0,0.0,0.0,0
2023-05-11 10:32:00,i2401-P-970,i2401-P-970,297.0,0.0,0.0,0.0,20,223.8,370.2,20,297.0,0.0,0.0,0.0,0.0,0.0,0
2023-05-11 10:42:37,i2401-P-970,i2401-P-970,297.0,0.0,0.0,0.0,1,224.1,369.9,1,297.0,0.0,0.0,0.0,0.0,0.0,0
2023-05-11 10:42:38,i2401-P-970,i2401-P-970,297.0,0.0,0.0,0.0,20,224.2,369.8,20,297.0,0.0,0.0,0.0,0.0,0.0,0
2023-05-11 10:42:38,i2401-P-970,i2401-P-970,297.0,0.0,0.0,0.0,1,224.5,369.5,1,297.0,0.0,0.0,0.0,0.0,0.0,0
2023-05-11 10:42:38,i2401-P-970,i2401-P-970,297.0,0.0,0.0,0.0,20,224.6,369.4,20,297.0,0.0,0.0,0.0,0.0,0.0,0
2023-05-11 10:42:39,i2401-P-970,i2401-P-970,297.0,0.0,0.0,0.0,1,224.9,369.1,1,297.0,0.0,0.0,0.0,0.0,0.0,0
2023-05-11 10:42:39,i2401-P-970,i2401-P-970,297.0,0.0,0.0,0.0,20,225.0,369.0,20,297.0,0.0,0.0,0.0,0.0,0.0,0
2023-05-11 10:42:40,i2401-P-970,i2401-P-970,297.0,0.0,0.0,0.0,1,225.3,368.7,1,297.0,0.0,0.0,0.0,0.0,0.0,0
2023-05-11 10:42:40,i2401-P-970,i2401-P-970,297.0,0.0,0.0,0.0,20,225.4,368.6,20,297.0,0.0,0.0,0.0,0.0,0.0,0
2023-05-11 10:42:41,i2401-P-970,i2401-P-970,297.0,0.0,0.0,0.0,1,225.7,368.3,1,297.0,0.0,0.0,0.0,0.0,0.0,0
2023-05-11 10:42:41,i2401-P-970,i2401-P-970,297.0,0.0,0.0,0.0,20,225.8,368.2,20,297.0,0.0,0.0,0.0,0.0,0.0,0
2023-05-11 11:02:37,i2401-P-970,i2401-P-970,297.0,0.0,0.0,0.0,1,226.1,367.9,1,297.0,0.0,0.0,0.0,0.0,0.0,0
2023-05-11 11:02:38,i2401-P-970,i2401-P-970,297.0,0.0,0.0,0.0,20,226.2,367.8,20,297.0,0.0,0.0,0.0,0.0,0.0,0
2023-05-11 11:02:38,i2401-P-970,i2401-P-970,297.0,0.0,0.0,0.0,1,226.5,367.5,1,297.0,0.0,0.0,0.0,0.0,0.0,0
2023-05-11 11:02:38,i2401-P-970,i2401-P-970,297.0,0.0,0.0,0.0,20,226.6,367.4,20,297.0,0.0,0.0,0.0,0.0,0.0,0
2023-05-11 11:02:39,i2401-P-970,i2401-P-970,297.0,0.0,0.0,0.0,1,226.9,367.1,1,297.0,0.0,0.0,0.0,0.0,0.0,0
2023-05-11 11:02:39,i2401-P-970,i2401-P-970,297.0,0.0,0.0,0.0,20,227.0,367.0,20,297.0,0.0,0.0,0.0,0.0,0.0,0
2023-05-11 11:02:40,i2401-P-970,i2401-P-970,297.0,0.0,0.0,0.0,1,227.3,366.7,1,297.0,0.0,0.0,0.0,0.0,0.0,0
2023-05-11 11:02:40,i2401-P-970,i2401-P-970,297.0,0.0,0.0,0.0,20,227.4,366.6,20,297.0,0.0,0.0,0.0,0.0,0.0,0
2023-05-11 11:02:41,i2401-P-970,i2401-P-970,297.0,0.0,0.0,0.0,1,227.7,366.3,1,297.0,0.0,0.0,0.0,0.0,0.0,0
2023-05-11 11:02:41,i2401-P-970,i2401-P-970,297.0,0.0,0.0,0.0,20,227.8,366.2,20,297.0,0.0,0.0,0.0,0.0,0.0,0
2023-05-11 11:05:23,i2401-P-970,i2401-P-970,297.0,0.0,0.0,0.0,0,0.0,0.0,0,297.0,0.0,0.0,0.0,0.0,0.0,0
2023-05-11 11:22:37,i2401-P-970,i2401-P-970,297.0,0.0,0.0,0.0,1,223.3,370.7,1,297.0,0.0,0.0,0.0,0.0,0.0,0
2023-05-11 11:22:37,i2401-P-970,i2401-P-970,297.0,0.0,0.0,0.0,20,223.4,370.6,20,297.0,0.0,0.0,0.0,0.0,0.0,0
2023-05-11 11:22:38,i2401-P-970,i2401-P-970,297.0,0.0,0.0,0.0,1,223.7,370.3,1,297.0,0.0,0.0,0.0,0.0,0.0,0
2023-05-11 11:22:38,i2401-P-970,i2401-P-970,297.0,0.0,0.0,0.0,20,223.8,370.2,20,297.0,0.0,0.0,0.0,0.0,0.0,0
2023-05-11 11:22:39,i2401-P-970,i2401-P-970,297.0,0.0,0.0,0.0,1,224.1,369.9,1,297.0,0.0,0.0,0.0,0.0,0.0,0
2023-05-11 11:22:39,i2401-P-970,i2401-P-970,297.0,0.0,0.0,0.0,20,224.2,369.8,20,297.0,0.0,0.0,0.0,0.0,0.0,0
2023-05-11 11:22:40,i2401-P-970,i2401-P-970,297.0,0.0,0.0,0.0,1,224.5,369.5,1,297.0,0.0,0.0,0.0,0.0,0.0,0
2023-05-11 11:22:40,i2401-P-970,i2401-P-970,297.0,0.0,0.0,0.0,20,224.6,369.4,20,297.0,0.0,0.0,0.0,0.0,0.0,0
2023-05-11 11:22:41,i2401-P-970,i2401-P-970,297.0,0.0,0.0,0.0,1,224.9,369.1,1,297.0,0.0,0.0,0.0,0.0,0.0,0
2023-05-11 11:22:41,i2401-P-970,i2401-P-970,297.0,0.0,0.0,0.0,20,225.0,369.0,20,297.0,0.0,0.0,0.0,0.0,0.0,0
2023-05-11 11:29:32,i2401-P-970,i2401-P-970,297.0,0.0,0.0,0.0,0,0.0,0.0,0,297.0,0.0,0.0,0.0,0.0,0.0,0
2023-05-11 13:31:59,i2401-P-970,i2401-P-970,297.0,0.0,0.0,0.0,20,223.4,370.6,20,297.0,0.0,0.0,0.0,0.0,0.0,0
2023-05-11 13:32:00,i2401-P-970,i2401-P-970,297.0,0.0,0.0,0.0,1,223.7,370.3,1,297.0,0.0,0.0,0.0,0.0,0.0,0
2023-05-11 13:32:00,i2401-P-970,i2401-P-970,297.0,0.0,0.0,0.0,20,223.8,370.2,20,297.0,0.0,0.0,0.0,0.0,0.0,0
2023-05-11 13:32:01,i2401-P-970,i2401-P-970,297.0,0.0,0.0,0.0,1,224.1,369.9,1,297.0,0.0,0.0,0.0,0.0,0.0,0
2023-05-11 13:32:01,i2401-P-970,i2401-P-970,297.0,0.0,0.0,0.0,20,224.2,369.8,20,297.0,0.0,0.0,0.0,0.0,0.0,0
2023-05-11 13:32:02,i2401-P-970,i2401-P-970,297.0,0.0,0.0,0.0,1,224.5,369.5,1,297.0,0.0,0.0,0.0,0.0,0.0,0
2023-05-11 13:32:02,i2401-P-970,i2401-P-970,297.0,0.0,0.0,0.0,20,224.6,369.4,20,297.0,0.0,0.0,0.0,0.0,0.0,0
2023-05-11 13:32:03,i2401-P-970,i2401-P-970,297.0,0.0,0.0,0.0,1,224.9,369.1,1,297.0,0.0,0.0,0.0,0.0,0.0,0
2023-05-11 13:32:03,i2401-P-970,i2401-P-970,297.0,0.0,0.0,0.0,20,225.0,369.0,20,297.0,0.0,0.0,0.0,0.0,0.0,0
2023-05-11 14:23:11,i2401-P-970,i2401-P-970,297.0,0.0,0.0,0.0,0,0.0,0.0,0,297.0,0.0,0.0,0.0,0.0,0.0,0
2023-05-11 15:01:10,i2401-P-970,i2401-P-970,297.0,0.0,0.0,0.0,0,0.0,0.0,0,297.0,0.0,0.0,0.0,0.0,0.0,0
