time,symbol_id,symbol_name,last,trade_volume,trade_amount,open_interest_change,bv1,bp1,ap1,av1,yesterday_close,today_open,today_high,today_low,volume,amount,open_interest
2023-05-10 20:56:28,i2401-C-840,i2401-C-840,13.5,0.0,0.0,0.0,40,1.2,0.0,0,13.5,0.0,0.0,0.0,0.0,0.0,112
2023-05-10 21:00:04,i2401-C-840,i2401-C-840,13.5,0.0,0.0,0.0,40,1.2,26.4,1,13.5,0.0,0.0,0.0,0.0,0.0,112
2023-05-10 21:00:05,i2401-C-840,i2401-C-840,13.5,0.0,0.0,0.0,1,5.0,26.3,20,13.5,0.0,0.0,0.0,0.0,0.0,112
2023-05-10 21:00:13,i2401-C-840,i2401-C-840,13.5,0.0,0.0,0.0,1,5.0,22.5,1,13.5,0.0,0.0,0.0,0.0,0.0,112
2023-05-10 21:04:06,i2401-C-840,i2401-C-840,13.5,0.0,0.0,0.0,20,5.1,22.4,20,13.5,0.0,0.0,0.0,0.0,0.0,112
2023-05-10 21:04:06,i2401-C-840,i2401-C-840,13.5,0.0,0.0,0.0,1,11.5,16.0,1,13.5,0.0,0.0,0.0,0.0,0.0,112
2023-05-10 21:06:45,i2401-C-840,i2401-C-840,13.5,0.0,0.0,0.0,1,11.5,13.9,1,13.5,0.0,0.0,0.0,0.0,0.0,112
2023-05-10 21:12:03,i2401-C-840,i2401-C-840,13.5,0.0,0.0,0.0,1,11.5,13.8,20,13.5,0.0,0.0,0.0,0.0,0.0,112
2023-05-10 21:12:03,i2401-C-840,i2401-C-840,13.5,0.0,0.0,0.0,1,11.5,13.3,1,13.5,0.0,0.0,0.0,0.0,0.0,112
2023-05-10 21:41:18,i2401-C-840,i2401-C-840,13.5,0.0,0.0,0.0,1,11.5,13.3,21,13.5,0.0,0.0,0.0,0.0,0.0,112
2023-05-10 21:41:18,i2401-C-840,i2401-C-840,13.5,0.0,0.0,0.0,1,11.5,12.8,1,13.5,0.0,0.0,0.0,0.0,0.0,112
2023-05-10 21:54:52,i2401-C-840,i2401-C-840,13.5,0.0,0.0,0.0,1,11.5,12.3,1,13.5,0.0,0.0,0.0,0.0,0.0,112
2023-05-10 22:04:09,i2401-C-840,i2401-C-840,13.5,0.0,0.0,0.0,1,7.7,12.3,1,13.5,0.0,0.0,0.0,0.0,0.0,112
2023-05-10 22:04:10,i2401-C-840,i2401-C-840,13.5,0.0,0.0,0.0,1,11.3,12.3,1,13.5,0.0,0.0,0.0,0.0,0.0,112
2023-05-10 22:06:29,i2401-C-840,i2401-C-840,13.5,0.0,0.0,0.0,1,11.3,0.0,0,13.5,0.0,0.0,0.0,0.0,0.0,112
2023-05-10 22:06:30,i2401-C-840,i2401-C-840,13.5,0.0,0.0,0.0,1,11.3,25.5,1,13.5,0.0,0.0,0.0,0.0,0.0,112
2023-05-10 22:06:31,i2401-C-840,i2401-C-840,13.5,0.0,0.0,0.0,1,11.3,18.0,1,13.5,0.0,0.0,0.0,0.0,0.0,112
2023-05-10 22:06:31,i2401-C-840,i2401-C-840,13.5,0.0,0.0,0.0,1,11.3,17.9,20,13.5,0.0,0.0,0.0,0.0,0.0,112
2023-05-10 22:06:32,i2401-C-840,i2401-C-840,13.5,0.0,0.0,0.0,1,11.3,12.8,1,13.5,0.0,0.0,0.0,0.0,0.0,112
2023-05-10 22:16:53,i2401-C-840,i2401-C-840,13.5,0.0,0.0,0.0,1,11.3,12.4,1,13.5,0.0,0.0,0.0,0.0,0.0,112
2023-05-10 22:23:05,i2401-C-840,i2401-C-840,13.5,0.0,0.0,0.0,5,1.3,12.4,1,13.5,0.0,0.0,0.0,0.0,0.0,112
2023-05-10 22:23:05,i2401-C-840,i2401-C-840,13.5,0.0,0.0,0.0,1,2.6,12.4,21,13.5,0.0,0.0,0.0,0.0,0.0,112
2023-05-10 22:23:06,i2401-C-840,i2401-C-840,13.5,0.0,0.0,0.0,20,2.7,12.0,1,13.5,0.0,0.0,0.0,0.0,0.0,112
2023-05-10 22:23:06,i2401-C-840,i2401-C-840,13.5,0.0,0.0,0.0,1,4.0,12.0,1,13.5,0.0,0.0,0.0,0.0,0.0,112
2023-05-10 22:23:07,i2401-C-840,i2401-C-840,13.5,0.0,0.0,0.0,20,4.1,12.0,1,13.5,0.0,0.0,0.0,0.0,0.0,112
2023-05-10 22:23:08,i2401-C-840,i2401-C-840,13.5,0.0,0.0,0.0,1,5.4,12.0,1,13.5,0.0,0.0,0.0,0.0,0.0,112
2023-05-10 22:23:08,i2401-C-840,i2401-C-840,13.5,0.0,0.0,0.0,1,10.9,12.0,1,13.5,0.0,0.0,0.0,0.0,0.0,112
2023-05-10 22:38:22,i2401-C-840,i2401-C-840,13.5,0.0,0.0,0.0,20,1.5,12.0,21,13.5,0.0,0.0,0.0,0.0,0.0,112
2023-05-10 22:38:22,i2401-C-840,i2401-C-840,13.5,0.0,0.0,0.0,1,2.8,11.6,1,13.5,0.0,0.0,0.0,0.0,0.0,112
2023-05-10 22:38:23,i2401-C-840,i2401-C-840,13.5,0.0,0.0,0.0,20,2.9,11.6,1,13.5,0.0,0.0,0.0,0.0,0.0,112
2023-05-10 22:38:24,i2401-C-840,i2401-C-840,13.5,0.0,0.0,0.0,1,4.2,11.6,1,13.5,0.0,0.0,0.0,0.0,0.0,112
2023-05-10 22:38:24,i2401-C-840,i2401-C-840,13.5,0.0,0.0,0.0,1,10.4,11.6,1,13.5,0.0,0.0,0.0,0.0,0.0,112
2023-05-10 22:53:15,i2401-C-840,i2401-C-840,13.5,0.0,0.0,0.0,1,10.4,0.0,0,13.5,0.0,0.0,0.0,0.0,0.0,112
2023-05-10 22:53:16,i2401-C-840,i2401-C-840,13.5,0.0,0.0,0.0,1,10.4,24.7,1,13.5,0.0,0.0,0.0,0.0,0.0,112
2023-05-10 22:53:16,i2401-C-840,i2401-C-840,13.5,0.0,0.0,0.0,1,10.4,23.6,1,13.5,0.0,0.0,0.0,0.0,0.0,112
2023-05-10 22:53:17,i2401-C-840,i2401-C-840,13.5,0.0,0.0,0.0,1,10.4,17.2,1,13.5,0.0,0.0,0.0,0.0,0.0,112
2023-05-10 22:53:17,i2401-C-840,i2401-C-840,13.5,0.0,0.0,0.0,1,10.4,17.1,20,13.5,0.0,0.0,0.0,0.0,0.0,112
2023-05-10 22:53:18,i2401-C-840,i2401-C-840,13.5,0.0,0.0,0.0,1,10.4,12.2,1,13.5,0.0,0.0,0.0,0.0,0.0,112
2023-05-10 22:56:31,i2401-C-840,i2401-C-840,13.5,0.0,0.0,0.0,1,1.4,0.0,0,13.5,0.0,0.0,0.0,0.0,0.0,112
2023-05-10 22:56:32,i2401-C-840,i2401-C-840,13.5,0.0,0.0,0.0,1,2.7,88.0,20,13.5,0.0,0.0,0.0,0.0,0.0,112
2023-05-10 22:56:32,i2401-C-840,i2401-C-840,13.5,0.0,0.0,0.0,20,2.8,87.7,1,13.5,0.0,0.0,0.0,0.0,0.0,112
2023-05-10 22:56:33,i2401-C-840,i2401-C-840,13.5,0.0,0.0,0.0,1,4.1,87.6,20,13.5,0.0,0.0,0.0,0.0,0.0,112
2023-05-10 22:56:33,i2401-C-840,i2401-C-840,13.5,0.0,0.0,0.0,20,4.2,87.3,1,13.5,0.0,0.0,0.0,0.0,0.0,112
2023-05-10 22:56:33,i2401-C-840,i2401-C-840,13.5,0.0,0.0,0.0,20,4.2,87.2,20,13.5,0.0,0.0,0.0,0.0,0.0,112
2023-05-10 22:56:34,i2401-C-840,i2401-C-840,13.5,0.0,0.0,0.0,1,4.9,86.9,1,13.5,0.0,0.0,0.0,0.0,0.0,112
2023-05-10 22:56:34,i2401-C-840,i2401-C-840,13.5,0.0,0.0,0.0,20,5.0,86.8,20,13.5,0.0,0.0,0.0,0.0,0.0,112
2023-05-10 22:56:35,i2401-C-840,i2401-C-840,13.5,0.0,0.0,0.0,1,5.1,86.5,1,13.5,0.0,0.0,0.0,0.0,0.0,112
2023-05-10 22:56:36,i2401-C-840,i2401-C-840,13.5,0.0,0.0,0.0,20,5.2,86.4,20,13.5,0.0,0.0,0.0,0.0,0.0,112
2023-05-10 22:56:36,i2401-C-840,i2401-C-840,13.5,0.0,0.0,0.0,1,5.3,86.1,1,13.5,0.0,0.0,0.0,0.0,0.0,112
2023-05-10 22:56:37,i2401-C-840,i2401-C-840,13.5,0.0,0.0,0.0,20,5.4,86.0,20,13.5,0.0,0.0,0.0,0.0,0.0,112
2023-05-10 22:56:37,i2401-C-840,i2401-C-840,13.5,0.0,0.0,0.0,1,5.5,86.0,20,13.5,0.0,0.0,0.0,0.0,0.0,112
2023-05-10 22:56:38,i2401-C-840,i2401-C-840,13.5,0.0,0.0,0.0,20,5.6,86.0,20,13.5,0.0,0.0,0.0,0.0,0.0,112
2023-05-10 22:56:39,i2401-C-840,i2401-C-840,13.5,0.0,0.0,0.0,20,5.6,85.7,1,13.5,0.0,0.0,0.0,0.0,0.0,112
2023-05-10 22:56:39,i2401-C-840,i2401-C-840,13.5,0.0,0.0,0.0,20,5.6,85.6,20,13.5,0.0,0.0,0.0,0.0,0.0,112
2023-05-10 22:56:40,i2401-C-840,i2401-C-840,13.5,0.0,0.0,0.0,1,5.7,85.3,1,13.5,0.0,0.0,0.0,0.0,0.0,112
2023-05-10 22:56:40,i2401-C-840,i2401-C-840,13.5,0.0,0.0,0.0,20,5.8,85.2,20,13.5,0.0,0.0,0.0,0.0,0.0,112
2023-05-10 22:56:41,i2401-C-840,i2401-C-840,13.5,0.0,0.0,0.0,20,5.8,84.9,1,13.5,0.0,0.0,0.0,0.0,0.0,112
2023-05-10 22:56:41,i2401-C-840,i2401-C-840,13.5,0.0,0.0,0.0,1,5.9,84.8,20,13.5,0.0,0.0,0.0,0.0,0.0,112
2023-05-10 22:56:42,i2401-C-840,i2401-C-840,13.5,0.0,0.0,0.0,20,6.0,84.5,1,13.5,0.0,0.0,0.0,0.0,0.0,112
2023-05-10 22:56:42,i2401-C-840,i2401-C-840,13.5,0.0,0.0,0.0,20,6.0,84.4,20,13.5,0.0,0.0,0.0,0.0,0.0,112
2023-05-10 22:56:43,i2401-C-840,i2401-C-840,13.5,0.0,0.0,0.0,20,6.0,84.1,1,13.5,0.0,0.0,0.0,0.0,0.0,112
2023-05-10 22:56:43,i2401-C-840,i2401-C-840,13.5,0.0,0.0,0.0,20,6.0,84.0,20,13.5,0.0,0.0,0.0,0.0,0.0,112
2023-05-10 22:56:44,i2401-C-840,i2401-C-840,13.5,0.0,0.0,0.0,20,6.0,83.7,1,13.5,0.0,0.0,0.0,0.0,0.0,112
2023-05-10 22:56:44,i2401-C-840,i2401-C-840,13.5,0.0,0.0,0.0,20,6.0,83.6,20,13.5,0.0,0.0,0.0,0.0,0.0,112
2023-05-10 22:56:45,i2401-C-840,i2401-C-840,13.5,0.0,0.0,0.0,20,6.0,83.3,1,13.5,0.0,0.0,0.0,0.0,0.0,112
2023-05-10 22:56:45,i2401-C-840,i2401-C-840,13.5,0.0,0.0,0.0,20,6.0,83.2,20,13.5,0.0,0.0,0.0,0.0,0.0,112
2023-05-10 22:56:46,i2401-C-840,i2401-C-840,13.5,0.0,0.0,0.0,20,6.0,82.9,1,13.5,0.0,0.0,0.0,0.0,0.0,112
2023-05-10 22:56:46,i2401-C-840,i2401-C-840,13.5,0.0,0.0,0.0,20,6.0,82.8,20,13.5,0.0,0.0,0.0,0.0,0.0,112
2023-05-10 22:56:47,i2401-C-840,i2401-C-840,13.5,0.0,0.0,0.0,20,6.0,82.5,1,13.5,0.0,0.0,0.0,0.0,0.0,112
2023-05-10 22:56:47,i2401-C-840,i2401-C-840,13.5,0.0,0.0,0.0,20,6.0,82.4,20,13.5,0.0,0.0,0.0,0.0,0.0,112
2023-05-10 22:56:48,i2401-C-840,i2401-C-840,13.5,0.0,0.0,0.0,20,6.0,82.1,1,13.5,0.0,0.0,0.0,0.0,0.0,112
2023-05-10 22:56:48,i2401-C-840,i2401-C-840,13.5,0.0,0.0,0.0,20,6.0,82.0,20,13.5,0.0,0.0,0.0,0.0,0.0,112
2023-05-10 22:56:49,i2401-C-840,i2401-C-840,13.5,0.0,0.0,0.0,20,6.0,81.7,1,13.5,0.0,0.0,0.0,0.0,0.0,112
2023-05-10 22:56:49,i2401-C-840,i2401-C-840,13.5,0.0,0.0,0.0,20,6.0,81.6,20,13.5,0.0,0.0,0.0,0.0,0.0,112
2023-05-10 22:56:50,i2401-C-840,i2401-C-840,13.5,0.0,0.0,0.0,20,6.0,81.3,1,13.5,0.0,0.0,0.0,0.0,0.0,112
2023-05-10 22:56:50,i2401-C-840,i2401-C-840,13.5,0.0,0.0,0.0,20,6.0,81.2,20,13.5,0.0,0.0,0.0,0.0,0.0,112
2023-05-10 22:56:51,i2401-C-840,i2401-C-840,13.5,0.0,0.0,0.0,20,6.0,80.9,1,13.5,0.0,0.0,0.0,0.0,0.0,112
2023-05-10 22:56:51,i2401-C-840,i2401-C-840,13.5,0.0,0.0,0.0,20,6.0,80.8,20,13.5,0.0,0.0,0.0,0.0,0.0,112
2023-05-10 22:56:52,i2401-C-840,i2401-C-840,13.5,0.0,0.0,0.0,20,6.0,80.5,1,13.5,0.0,0.0,0.0,0.0,0.0,112
2023-05-10 22:56:52,i2401-C-840,i2401-C-840,13.5,0.0,0.0,0.0,20,6.0,80.4,20,13.5,0.0,0.0,0.0,0.0,0.0,112
2023-05-10 22:56:53,i2401-C-840,i2401-C-840,13.5,0.0,0.0,0.0,20,6.0,80.1,1,13.5,0.0,0.0,0.0,0.0,0.0,112
2023-05-10 22:56:53,i2401-C-840,i2401-C-840,13.5,0.0,0.0,0.0,20,6.0,80.0,20,13.5,0.0,0.0,0.0,0.0,0.0,112
2023-05-10 22:56:54,i2401-C-840,i2401-C-840,13.5,0.0,0.0,0.0,20,6.0,79.7,1,13.5,0.0,0.0,0.0,0.0,0.0,112
2023-05-10 22:56:54,i2401-C-840,i2401-C-840,13.5,0.0,0.0,0.0,20,6.0,79.6,20,13.5,0.0,0.0,0.0,0.0,0.0,112
2023-05-10 22:56:55,i2401-C-840,i2401-C-840,13.5,0.0,0.0,0.0,20,6.0,79.3,1,13.5,0.0,0.0,0.0,0.0,0.0,112
2023-05-10 22:56:55,i2401-C-840,i2401-C-840,13.5,0.0,0.0,0.0,20,6.0,79.2,20,13.5,0.0,0.0,0.0,0.0,0.0,112
2023-05-10 22:56:56,i2401-C-840,i2401-C-840,13.5,0.0,0.0,0.0,20,6.0,78.9,1,13.5,0.0,0.0,0.0,0.0,0.0,112
2023-05-10 22:56:56,i2401-C-840,i2401-C-840,13.5,0.0,0.0,0.0,20,6.0,78.8,20,13.5,0.0,0.0,0.0,0.0,0.0,112
2023-05-10 22:56:57,i2401-C-840,i2401-C-840,13.5,0.0,0.0,0.0,20,6.0,78.5,1,13.5,0.0,0.0,0.0,0.0,0.0,112
2023-05-10 22:56:57,i2401-C-840,i2401-C-840,13.5,0.0,0.0,0.0,20,6.0,78.4,20,13.5,0.0,0.0,0.0,0.0,0.0,112
2023-05-10 22:56:58,i2401-C-840,i2401-C-840,13.5,0.0,0.0,0.0,20,6.0,78.1,1,13.5,0.0,0.0,0.0,0.0,0.0,112
2023-05-10 22:56:58,i2401-C-840,i2401-C-840,13.5,0.0,0.0,0.0,20,6.0,78.0,20,13.5,0.0,0.0,0.0,0.0,0.0,112
2023-05-10 22:56:59,i2401-C-840,i2401-C-840,13.5,0.0,0.0,0.0,20,6.0,77.7,1,13.5,0.0,0.0,0.0,0.0,0.0,112
2023-05-10 22:56:59,i2401-C-840,i2401-C-840,13.5,0.0,0.0,0.0,20,6.0,77.6,20,13.5,0.0,0.0,0.0,0.0,0.0,112
2023-05-10 22:57:00,i2401-C-840,i2401-C-840,13.5,0.0,0.0,0.0,20,6.0,77.3,1,13.5,0.0,0.0,0.0,0.0,0.0,112
2023-05-10 22:57:00,i2401-C-840,i2401-C-840,13.5,0.0,0.0,0.0,20,6.0,77.2,20,13.5,0.0,0.0,0.0,0.0,0.0,112
2023-05-10 22:57:01,i2401-C-840,i2401-C-840,13.5,0.0,0.0,0.0,20,6.0,76.9,1,13.5,0.0,0.0,0.0,0.0,0.0,112
2023-05-10 22:57:01,i2401-C-840,i2401-C-840,13.5,0.0,0.0,0.0,20,6.0,76.8,20,13.5,0.0,0.0,0.0,0.0,0.0,112
2023-05-10 22:57:02,i2401-C-840,i2401-C-840,13.5,0.0,0.0,0.0,20,6.0,76.5,1,13.5,0.0,0.0,0.0,0.0,0.0,112
2023-05-10 22:57:02,i2401-C-840,i2401-C-840,13.5,0.0,0.0,0.0,20,6.0,76.4,20,13.5,0.0,0.0,0.0,0.0,0.0,112
2023-05-10 22:57:03,i2401-C-840,i2401-C-840,13.5,0.0,0.0,0.0,20,6.0,76.1,1,13.5,0.0,0.0,0.0,0.0,0.0,112
2023-05-10 22:57:03,i2401-C-840,i2401-C-840,13.5,0.0,0.0,0.0,20,6.0,76.0,20,13.5,0.0,0.0,0.0,0.0,0.0,112
2023-05-10 22:57:04,i2401-C-840,i2401-C-840,13.5,0.0,0.0,0.0,20,6.0,75.7,1,13.5,0.0,0.0,0.0,0.0,0.0,112
2023-05-10 22:57:04,i2401-C-840,i2401-C-840,13.5,0.0,0.0,0.0,20,6.0,75.6,20,13.5,0.0,0.0,0.0,0.0,0.0,112
2023-05-10 22:57:05,i2401-C-840,i2401-C-840,13.5,0.0,0.0,0.0,20,6.0,75.3,1,13.5,0.0,0.0,0.0,0.0,0.0,112
2023-05-10 22:57:05,i2401-C-840,i2401-C-840,13.5,0.0,0.0,0.0,20,6.0,75.2,20,13.5,0.0,0.0,0.0,0.0,0.0,112
2023-05-10 22:57:06,i2401-C-840,i2401-C-840,13.5,0.0,0.0,0.0,20,6.0,74.9,1,13.5,0.0,0.0,0.0,0.0,0.0,112
2023-05-10 22:57:06,i2401-C-840,i2401-C-840,13.5,0.0,0.0,0.0,20,6.0,74.8,20,13.5,0.0,0.0,0.0,0.0,0.0,112
2023-05-10 22:57:07,i2401-C-840,i2401-C-840,13.5,0.0,0.0,0.0,20,6.0,74.5,1,13.5,0.0,0.0,0.0,0.0,0.0,112
2023-05-10 22:57:07,i2401-C-840,i2401-C-840,13.5,0.0,0.0,0.0,20,6.0,74.4,20,13.5,0.0,0.0,0.0,0.0,0.0,112
2023-05-10 22:57:08,i2401-C-840,i2401-C-840,13.5,0.0,0.0,0.0,20,6.0,74.1,1,13.5,0.0,0.0,0.0,0.0,0.0,112
2023-05-10 22:57:08,i2401-C-840,i2401-C-840,13.5,0.0,0.0,0.0,20,6.0,74.0,20,13.5,0.0,0.0,0.0,0.0,0.0,112
2023-05-10 22:57:09,i2401-C-840,i2401-C-840,13.5,0.0,0.0,0.0,20,6.0,73.7,1,13.5,0.0,0.0,0.0,0.0,0.0,112
2023-05-10 22:57:09,i2401-C-840,i2401-C-840,13.5,0.0,0.0,0.0,20,6.0,73.6,20,13.5,0.0,0.0,0.0,0.0,0.0,112
2023-05-10 22:57:10,i2401-C-840,i2401-C-840,13.5,0.0,0.0,0.0,20,6.0,73.3,1,13.5,0.0,0.0,0.0,0.0,0.0,112
2023-05-10 22:57:10,i2401-C-840,i2401-C-840,13.5,0.0,0.0,0.0,20,6.0,73.2,20,13.5,0.0,0.0,0.0,0.0,0.0,112
2023-05-10 22:57:11,i2401-C-840,i2401-C-840,13.5,0.0,0.0,0.0,20,6.0,72.9,1,13.5,0.0,0.0,0.0,0.0,0.0,112
2023-05-10 22:57:11,i2401-C-840,i2401-C-840,13.5,0.0,0.0,0.0,20,6.0,72.8,20,13.5,0.0,0.0,0.0,0.0,0.0,112
2023-05-10 22:57:12,i2401-C-840,i2401-C-840,13.5,0.0,0.0,0.0,20,6.0,72.5,1,13.5,0.0,0.0,0.0,0.0,0.0,112
2023-05-10 22:57:12,i2401-C-840,i2401-C-840,13.5,0.0,0.0,0.0,20,6.0,72.4,20,13.5,0.0,0.0,0.0,0.0,0.0,112
2023-05-10 22:57:13,i2401-C-840,i2401-C-840,13.5,0.0,0.0,0.0,20,6.0,72.1,1,13.5,0.0,0.0,0.0,0.0,0.0,112
2023-05-10 22:57:13,i2401-C-840,i2401-C-840,13.5,0.0,0.0,0.0,20,6.0,72.0,20,13.5,0.0,0.0,0.0,0.0,0.0,112
2023-05-10 22:57:14,i2401-C-840,i2401-C-840,13.5,0.0,0.0,0.0,20,6.0,71.7,1,13.5,0.0,0.0,0.0,0.0,0.0,112
2023-05-10 22:57:14,i2401-C-840,i2401-C-840,13.5,0.0,0.0,0.0,20,6.0,71.6,20,13.5,0.0,0.0,0.0,0.0,0.0,112
2023-05-10 22:57:15,i2401-C-840,i2401-C-840,13.5,0.0,0.0,0.0,20,6.0,71.3,1,13.5,0.0,0.0,0.0,0.0,0.0,112
2023-05-10 22:57:15,i2401-C-840,i2401-C-840,13.5,0.0,0.0,0.0,20,6.0,71.2,20,13.5,0.0,0.0,0.0,0.0,0.0,112
2023-05-10 22:57:16,i2401-C-840,i2401-C-840,13.5,0.0,0.0,0.0,20,6.0,70.9,1,13.5,0.0,0.0,0.0,0.0,0.0,112
2023-05-10 22:57:16,i2401-C-840,i2401-C-840,13.5,0.0,0.0,0.0,20,6.0,70.8,20,13.5,0.0,0.0,0.0,0.0,0.0,112
2023-05-10 22:57:17,i2401-C-840,i2401-C-840,13.5,0.0,0.0,0.0,20,6.0,70.5,1,13.5,0.0,0.0,0.0,0.0,0.0,112
2023-05-10 22:57:17,i2401-C-840,i2401-C-840,13.5,0.0,0.0,0.0,20,6.0,70.4,20,13.5,0.0,0.0,0.0,0.0,0.0,112
2023-05-10 22:57:18,i2401-C-840,i2401-C-840,13.5,0.0,0.0,0.0,20,6.0,70.1,1,13.5,0.0,0.0,0.0,0.0,0.0,112
2023-05-10 22:57:18,i2401-C-840,i2401-C-840,13.5,0.0,0.0,0.0,20,6.0,70.0,20,13.5,0.0,0.0,0.0,0.0,0.0,112
2023-05-10 22:57:19,i2401-C-840,i2401-C-840,13.5,0.0,0.0,0.0,20,6.0,69.7,1,13.5,0.0,0.0,0.0,0.0,0.0,112
2023-05-10 22:57:19,i2401-C-840,i2401-C-840,13.5,0.0,0.0,0.0,20,6.0,69.6,20,13.5,0.0,0.0,0.0,0.0,0.0,112
2023-05-10 22:57:20,i2401-C-840,i2401-C-840,13.5,0.0,0.0,0.0,20,6.0,69.3,1,13.5,0.0,0.0,0.0,0.0,0.0,112
2023-05-10 22:57:20,i2401-C-840,i2401-C-840,13.5,0.0,0.0,0.0,20,6.0,69.2,20,13.5,0.0,0.0,0.0,0.0,0.0,112
2023-05-10 22:57:21,i2401-C-840,i2401-C-840,13.5,0.0,0.0,0.0,20,6.0,68.9,1,13.5,0.0,0.0,0.0,0.0,0.0,112
2023-05-10 22:57:21,i2401-C-840,i2401-C-840,13.5,0.0,0.0,0.0,20,6.0,68.8,20,13.5,0.0,0.0,0.0,0.0,0.0,112
2023-05-10 22:57:22,i2401-C-840,i2401-C-840,13.5,0.0,0.0,0.0,20,6.0,68.5,1,13.5,0.0,0.0,0.0,0.0,0.0,112
2023-05-10 22:57:22,i2401-C-840,i2401-C-840,13.5,0.0,0.0,0.0,20,6.0,68.4,20,13.5,0.0,0.0,0.0,0.0,0.0,112
2023-05-10 22:57:23,i2401-C-840,i2401-C-840,13.5,0.0,0.0,0.0,20,6.0,68.1,1,13.5,0.0,0.0,0.0,0.0,0.0,112
2023-05-10 22:57:23,i2401-C-840,i2401-C-840,13.5,0.0,0.0,0.0,20,6.0,68.0,20,13.5,0.0,0.0,0.0,0.0,0.0,112
2023-05-10 22:57:24,i2401-C-840,i2401-C-840,13.5,0.0,0.0,0.0,20,6.0,67.7,1,13.5,0.0,0.0,0.0,0.0,0.0,112
2023-05-10 22:57:24,i2401-C-840,i2401-C-840,13.5,0.0,0.0,0.0,20,6.0,67.6,20,13.5,0.0,0.0,0.0,0.0,0.0,112
2023-05-10 22:57:25,i2401-C-840,i2401-C-840,13.5,0.0,0.0,0.0,20,6.0,67.3,1,13.5,0.0,0.0,0.0,0.0,0.0,112
2023-05-10 22:57:25,i2401-C-840,i2401-C-840,13.5,0.0,0.0,0.0,20,6.0,67.2,20,13.5,0.0,0.0,0.0,0.0,0.0,112
2023-05-10 22:57:26,i2401-C-840,i2401-C-840,13.5,0.0,0.0,0.0,20,6.0,66.9,1,13.5,0.0,0.0,0.0,0.0,0.0,112
2023-05-10 22:57:26,i2401-C-840,i2401-C-840,13.5,0.0,0.0,0.0,20,6.0,66.8,20,13.5,0.0,0.0,0.0,0.0,0.0,112
2023-05-10 22:57:27,i2401-C-840,i2401-C-840,13.5,0.0,0.0,0.0,20,6.0,66.5,1,13.5,0.0,0.0,0.0,0.0,0.0,112
2023-05-10 22:57:27,i2401-C-840,i2401-C-840,13.5,0.0,0.0,0.0,20,6.0,66.4,20,13.5,0.0,0.0,0.0,0.0,0.0,112
2023-05-10 22:57:28,i2401-C-840,i2401-C-840,13.5,0.0,0.0,0.0,20,6.0,66.1,1,13.5,0.0,0.0,0.0,0.0,0.0,112
2023-05-10 22:57:28,i2401-C-840,i2401-C-840,13.5,0.0,0.0,0.0,20,6.0,66.0,20,13.5,0.0,0.0,0.0,0.0,0.0,112
2023-05-10 22:57:29,i2401-C-840,i2401-C-840,13.5,0.0,0.0,0.0,20,6.0,65.7,1,13.5,0.0,0.0,0.0,0.0,0.0,112
2023-05-10 22:57:29,i2401-C-840,i2401-C-840,13.5,0.0,0.0,0.0,20,6.0,65.6,20,13.5,0.0,0.0,0.0,0.0,0.0,112
2023-05-10 22:57:30,i2401-C-840,i2401-C-840,13.5,0.0,0.0,0.0,20,6.0,65.3,1,13.5,0.0,0.0,0.0,0.0,0.0,112
2023-05-10 22:57:30,i2401-C-840,i2401-C-840,13.5,0.0,0.0,0.0,20,6.0,65.2,20,13.5,0.0,0.0,0.0,0.0,0.0,112
2023-05-10 22:57:31,i2401-C-840,i2401-C-840,13.5,0.0,0.0,0.0,20,6.0,64.9,1,13.5,0.0,0.0,0.0,0.0,0.0,112
2023-05-10 22:57:31,i2401-C-840,i2401-C-840,13.5,0.0,0.0,0.0,20,6.0,64.8,20,13.5,0.0,0.0,0.0,0.0,0.0,112
2023-05-10 22:57:32,i2401-C-840,i2401-C-840,13.5,0.0,0.0,0.0,20,6.0,64.5,1,13.5,0.0,0.0,0.0,0.0,0.0,112
2023-05-10 22:57:32,i2401-C-840,i2401-C-840,13.5,0.0,0.0,0.0,1,1.4,64.5,1,13.5,0.0,0.0,0.0,0.0,0.0,112
2023-05-10 22:57:34,i2401-C-840,i2401-C-840,13.5,0.0,0.0,0.0,1,1.7,64.5,1,13.5,0.0,0.0,0.0,0.0,0.0,112
2023-05-10 22:57:36,i2401-C-840,i2401-C-840,13.5,0.0,0.0,0.0,1,3.0,64.5,1,13.5,0.0,0.0,0.0,0.0,0.0,112
2023-05-10 22:59:13,i2401-C-840,i2401-C-840,13.5,0.0,0.0,0.0,1,3.0,64.4,20,13.5,0.0,0.0,0.0,0.0,0.0,112
2023-05-10 22:59:15,i2401-C-840,i2401-C-840,13.5,0.0,0.0,0.0,1,3.0,64.1,1,13.5,0.0,0.0,0.0,0.0,0.0,112
2023-05-10 22:59:15,i2401-C-840,i2401-C-840,13.5,0.0,0.0,0.0,1,3.0,64.0,20,13.5,0.0,0.0,0.0,0.0,0.0,112
2023-05-10 22:59:16,i2401-C-840,i2401-C-840,13.5,0.0,0.0,0.0,1,3.0,63.7,1,13.5,0.0,0.0,0.0,0.0,0.0,112
2023-05-10 22:59:16,i2401-C-840,i2401-C-840,13.5,0.0,0.0,0.0,1,3.0,63.6,20,13.5,0.0,0.0,0.0,0.0,0.0,112
2023-05-10 22:59:19,i2401-C-840,i2401-C-840,13.5,0.0,0.0,0.0,1,3.0,63.3,1,13.5,0.0,0.0,0.0,0.0,0.0,112
2023-05-10 22:59:19,i2401-C-840,i2401-C-840,13.5,0.0,0.0,0.0,1,3.0,63.2,20,13.5,0.0,0.0,0.0,0.0,0.0,112
2023-05-10 22:59:20,i2401-C-840,i2401-C-840,13.5,0.0,0.0,0.0,1,3.0,62.9,1,13.5,0.0,0.0,0.0,0.0,0.0,112
2023-05-10 22:59:20,i2401-C-840,i2401-C-840,13.5,0.0,0.0,0.0,1,3.0,62.8,20,13.5,0.0,0.0,0.0,0.0,0.0,112
2023-05-10 22:59:21,i2401-C-840,i2401-C-840,13.5,0.0,0.0,0.0,1,3.0,62.5,1,13.5,0.0,0.0,0.0,0.0,0.0,112
2023-05-10 22:59:21,i2401-C-840,i2401-C-840,13.5,0.0,0.0,0.0,1,3.0,62.4,20,13.5,0.0,0.0,0.0,0.0,0.0,112
2023-05-10 22:59:22,i2401-C-840,i2401-C-840,13.5,0.0,0.0,0.0,1,3.0,62.1,1,13.5,0.0,0.0,0.0,0.0,0.0,112
2023-05-10 22:59:22,i2401-C-840,i2401-C-840,13.5,0.0,0.0,0.0,1,3.0,62.0,20,13.5,0.0,0.0,0.0,0.0,0.0,112
2023-05-10 22:59:23,i2401-C-840,i2401-C-840,13.5,0.0,0.0,0.0,1,3.0,61.7,1,13.5,0.0,0.0,0.0,0.0,0.0,112
2023-05-10 22:59:23,i2401-C-840,i2401-C-840,13.5,0.0,0.0,0.0,1,3.0,61.6,20,13.5,0.0,0.0,0.0,0.0,0.0,112
2023-05-10 22:59:26,i2401-C-840,i2401-C-840,13.5,0.0,0.0,0.0,1,3.0,61.3,1,13.5,0.0,0.0,0.0,0.0,0.0,112
2023-05-10 22:59:26,i2401-C-840,i2401-C-840,13.5,0.0,0.0,0.0,1,3.0,61.2,20,13.5,0.0,0.0,0.0,0.0,0.0,112
2023-05-10 22:59:27,i2401-C-840,i2401-C-840,13.5,0.0,0.0,0.0,1,3.0,60.9,1,13.5,0.0,0.0,0.0,0.0,0.0,112
2023-05-10 22:59:27,i2401-C-840,i2401-C-840,13.5,0.0,0.0,0.0,1,3.0,60.8,20,13.5,0.0,0.0,0.0,0.0,0.0,112
2023-05-10 22:59:29,i2401-C-840,i2401-C-840,13.5,0.0,0.0,0.0,1,3.0,60.5,1,13.5,0.0,0.0,0.0,0.0,0.0,112
2023-05-10 22:59:29,i2401-C-840,i2401-C-840,13.5,0.0,0.0,0.0,1,3.0,60.4,20,13.5,0.0,0.0,0.0,0.0,0.0,112
2023-05-10 22:59:30,i2401-C-840,i2401-C-840,13.5,0.0,0.0,0.0,1,3.0,60.1,1,13.5,0.0,0.0,0.0,0.0,0.0,112
2023-05-10 22:59:30,i2401-C-840,i2401-C-840,13.5,0.0,0.0,0.0,1,3.0,60.0,20,13.5,0.0,0.0,0.0,0.0,0.0,112
2023-05-10 22:59:31,i2401-C-840,i2401-C-840,13.5,0.0,0.0,0.0,1,3.0,59.7,1,13.5,0.0,0.0,0.0,0.0,0.0,112
2023-05-10 22:59:31,i2401-C-840,i2401-C-840,13.5,0.0,0.0,0.0,1,3.0,59.6,20,13.5,0.0,0.0,0.0,0.0,0.0,112
2023-05-10 22:59:32,i2401-C-840,i2401-C-840,13.5,0.0,0.0,0.0,1,3.0,59.3,1,13.5,0.0,0.0,0.0,0.0,0.0,112
2023-05-10 22:59:32,i2401-C-840,i2401-C-840,13.5,0.0,0.0,0.0,1,3.0,59.2,20,13.5,0.0,0.0,0.0,0.0,0.0,112
2023-05-10 22:59:33,i2401-C-840,i2401-C-840,13.5,0.0,0.0,0.0,1,3.0,58.9,1,13.5,0.0,0.0,0.0,0.0,0.0,112
2023-05-10 22:59:33,i2401-C-840,i2401-C-840,13.5,0.0,0.0,0.0,1,3.0,58.8,20,13.5,0.0,0.0,0.0,0.0,0.0,112
2023-05-10 22:59:37,i2401-C-840,i2401-C-840,13.5,0.0,0.0,0.0,1,3.0,58.5,1,13.5,0.0,0.0,0.0,0.0,0.0,112
2023-05-10 22:59:37,i2401-C-840,i2401-C-840,13.5,0.0,0.0,0.0,1,3.0,58.4,20,13.5,0.0,0.0,0.0,0.0,0.0,112
2023-05-10 22:59:39,i2401-C-840,i2401-C-840,13.5,0.0,0.0,0.0,1,3.0,58.1,1,13.5,0.0,0.0,0.0,0.0,0.0,112
2023-05-10 22:59:39,i2401-C-840,i2401-C-840,13.5,0.0,0.0,0.0,1,3.0,58.0,20,13.5,0.0,0.0,0.0,0.0,0.0,112
2023-05-10 22:59:44,i2401-C-840,i2401-C-840,13.5,0.0,0.0,0.0,1,3.0,57.7,1,13.5,0.0,0.0,0.0,0.0,0.0,112
2023-05-10 22:59:44,i2401-C-840,i2401-C-840,13.5,0.0,0.0,0.0,1,3.0,57.6,20,13.5,0.0,0.0,0.0,0.0,0.0,112
2023-05-10 22:59:45,i2401-C-840,i2401-C-840,13.5,0.0,0.0,0.0,1,3.0,57.3,1,13.5,0.0,0.0,0.0,0.0,0.0,112
2023-05-10 22:59:45,i2401-C-840,i2401-C-840,13.5,0.0,0.0,0.0,1,3.0,57.2,20,13.5,0.0,0.0,0.0,0.0,0.0,112
2023-05-10 22:59:46,i2401-C-840,i2401-C-840,13.5,0.0,0.0,0.0,1,3.0,56.9,1,13.5,0.0,0.0,0.0,0.0,0.0,112
2023-05-10 22:59:46,i2401-C-840,i2401-C-840,13.5,0.0,0.0,0.0,1,3.0,56.8,20,13.5,0.0,0.0,0.0,0.0,0.0,112
2023-05-10 22:59:47,i2401-C-840,i2401-C-840,13.5,0.0,0.0,0.0,1,3.0,56.5,1,13.5,0.0,0.0,0.0,0.0,0.0,112
2023-05-10 22:59:47,i2401-C-840,i2401-C-840,13.5,0.0,0.0,0.0,1,3.0,56.4,20,13.5,0.0,0.0,0.0,0.0,0.0,112
2023-05-10 22:59:48,i2401-C-840,i2401-C-840,13.5,0.0,0.0,0.0,1,3.0,56.1,1,13.5,0.0,0.0,0.0,0.0,0.0,112
2023-05-10 22:59:48,i2401-C-840,i2401-C-840,13.5,0.0,0.0,0.0,1,3.0,56.0,20,13.5,0.0,0.0,0.0,0.0,0.0,112
2023-05-10 22:59:54,i2401-C-840,i2401-C-840,13.5,0.0,0.0,0.0,1,3.0,55.7,1,13.5,0.0,0.0,0.0,0.0,0.0,112
2023-05-10 22:59:54,i2401-C-840,i2401-C-840,13.5,0.0,0.0,0.0,1,3.0,55.6,20,13.5,0.0,0.0,0.0,0.0,0.0,112
2023-05-10 22:59:55,i2401-C-840,i2401-C-840,13.5,0.0,0.0,0.0,1,3.0,0.0,0,13.5,0.0,0.0,0.0,0.0,0.0,112
2023-05-11 09:00:04,i2401-C-840,i2401-C-840,13.5,0.0,0.0,0.0,1,4.3,0.0,0,13.5,0.0,0.0,0.0,0.0,0.0,112
2023-05-11 09:00:10,i2401-C-840,i2401-C-840,13.5,0.0,0.0,0.0,1,4.3,24.5,1,13.5,0.0,0.0,0.0,0.0,0.0,112
2023-05-11 09:00:10,i2401-C-840,i2401-C-840,13.5,0.0,0.0,0.0,1,4.3,24.4,20,13.5,0.0,0.0,0.0,0.0,0.0,112
2023-05-11 09:00:12,i2401-C-840,i2401-C-840,13.5,0.0,0.0,0.0,1,4.3,20.7,1,13.5,0.0,0.0,0.0,0.0,0.0,112
2023-05-11 09:00:12,i2401-C-840,i2401-C-840,13.5,0.0,0.0,0.0,1,8.0,20.7,1,13.5,0.0,0.0,0.0,0.0,0.0,112
2023-05-11 09:00:19,i2401-C-840,i2401-C-840,13.5,0.0,0.0,0.0,1,6.7,20.7,1,13.5,0.0,0.0,0.0,0.0,0.0,112
2023-05-11 09:00:32,i2401-C-840,i2401-C-840,13.5,0.0,0.0,0.0,1,4.9,20.7,1,13.5,0.0,0.0,0.0,0.0,0.0,112
2023-05-11 09:00:33,i2401-C-840,i2401-C-840,13.5,0.0,0.0,0.0,1,5.6,20.7,1,13.5,0.0,0.0,0.0,0.0,0.0,112
2023-05-11 09:00:33,i2401-C-840,i2401-C-840,13.5,0.0,0.0,0.0,1,9.3,20.7,1,13.5,0.0,0.0,0.0,0.0,0.0,112
2023-05-11 09:00:40,i2401-C-840,i2401-C-840,13.5,0.0,0.0,0.0,40,1.2,20.7,1,13.5,0.0,0.0,0.0,0.0,0.0,112
2023-05-11 09:00:40,i2401-C-840,i2401-C-840,13.5,0.0,0.0,0.0,1,2.5,20.7,1,13.5,0.0,0.0,0.0,0.0,0.0,112
2023-05-11 09:00:41,i2401-C-840,i2401-C-840,13.5,0.0,0.0,0.0,1,6.2,20.7,1,13.5,0.0,0.0,0.0,0.0,0.0,112
2023-05-11 09:00:42,i2401-C-840,i2401-C-840,13.5,0.0,0.0,0.0,1,7.5,20.7,1,13.5,0.0,0.0,0.0,0.0,0.0,112
2023-05-11 09:00:42,i2401-C-840,i2401-C-840,13.5,0.0,0.0,0.0,1,10.6,20.7,1,13.5,0.0,0.0,0.0,0.0,0.0,112
2023-05-11 09:00:49,i2401-C-840,i2401-C-840,13.5,0.0,0.0,0.0,40,1.2,20.7,1,13.5,0.0,0.0,0.0,0.0,0.0,112
2023-05-11 09:00:49,i2401-C-840,i2401-C-840,13.5,0.0,0.0,0.0,1,2.5,20.7,1,13.5,0.0,0.0,0.0,0.0,0.0,112
2023-05-11 09:00:50,i2401-C-840,i2401-C-840,13.5,0.0,0.0,0.0,1,6.2,20.7,1,13.5,0.0,0.0,0.0,0.0,0.0,112
2023-05-11 09:00:50,i2401-C-840,i2401-C-840,13.5,0.0,0.0,0.0,1,7.5,20.7,1,13.5,0.0,0.0,0.0,0.0,0.0,112
2023-05-11 09:00:51,i2401-C-840,i2401-C-840,13.5,0.0,0.0,0.0,1,10.6,20.7,1,13.5,0.0,0.0,0.0,0.0,0.0,112
2023-05-11 09:00:57,i2401-C-840,i2401-C-840,13.5,0.0,0.0,0.0,40,1.2,20.7,1,13.5,0.0,0.0,0.0,0.0,0.0,112
2023-05-11 09:00:57,i2401-C-840,i2401-C-840,13.5,0.0,0.0,0.0,1,4.9,20.7,1,13.5,0.0,0.0,0.0,0.0,0.0,112
2023-05-11 09:00:58,i2401-C-840,i2401-C-840,13.5,0.0,0.0,0.0,1,9.9,20.7,1,13.5,0.0,0.0,0.0,0.0,0.0,112
2023-05-11 09:01:05,i2401-C-840,i2401-C-840,13.5,0.0,0.0,0.0,1,4.9,20.7,1,13.5,0.0,0.0,0.0,0.0,0.0,112
2023-05-11 09:01:06,i2401-C-840,i2401-C-840,13.5,0.0,0.0,0.0,1,6.2,20.7,1,13.5,0.0,0.0,0.0,0.0,0.0,112
2023-05-11 09:01:07,i2401-C-840,i2401-C-840,13.5,0.0,0.0,0.0,1,9.9,20.7,1,13.5,0.0,0.0,0.0,0.0,0.0,112
2023-05-11 09:01:13,i2401-C-840,i2401-C-840,13.5,0.0,0.0,0.0,40,1.2,20.7,1,13.5,0.0,0.0,0.0,0.0,0.0,112
2023-05-11 09:01:13,i2401-C-840,i2401-C-840,13.5,0.0,0.0,0.0,1,4.9,20.7,1,13.5,0.0,0.0,0.0,0.0,0.0,112
2023-05-11 09:01:14,i2401-C-840,i2401-C-840,13.5,0.0,0.0,0.0,1,6.2,20.7,1,13.5,0.0,0.0,0.0,0.0,0.0,112
2023-05-11 09:01:14,i2401-C-840,i2401-C-840,13.5,0.0,0.0,0.0,1,9.9,20.7,1,13.5,0.0,0.0,0.0,0.0,0.0,112
2023-05-11 09:03:45,i2401-C-840,i2401-C-840,13.5,0.0,0.0,0.0,1,10.6,20.6,20,13.5,0.0,0.0,0.0,0.0,0.0,112
2023-05-11 09:03:48,i2401-C-840,i2401-C-840,13.5,0.0,0.0,0.0,1,10.6,14.4,1,13.5,0.0,0.0,0.0,0.0,0.0,112
2023-05-11 09:03:49,i2401-C-840,i2401-C-840,13.5,0.0,0.0,0.0,1,10.6,14.3,20,13.5,0.0,0.0,0.0,0.0,0.0,112
2023-05-11 09:03:49,i2401-C-840,i2401-C-840,13.5,0.0,0.0,0.0,1,10.6,11.7,1,13.5,0.0,0.0,0.0,0.0,0.0,112
2023-05-11 09:25:24,i2401-C-840,i2401-C-840,13.5,0.0,0.0,0.0,1,10.6,12.0,1,13.5,0.0,0.0,0.0,0.0,0.0,112
2023-05-11 09:36:04,i2401-C-840,i2401-C-840,13.5,0.0,0.0,0.0,1,10.6,11.3,1,13.5,0.0,0.0,0.0,0.0,0.0,112
2023-05-11 09:42:06,i2401-C-840,i2401-C-840,13.5,0.0,0.0,0.0,1,10.6,11.7,1,13.5,0.0,0.0,0.0,0.0,0.0,112
2023-05-11 10:03:48,i2401-C-840,i2401-C-840,13.5,0.0,0.0,0.0,20,7.6,11.7,1,13.5,0.0,0.0,0.0,0.0,0.0,112
2023-05-11 10:03:48,i2401-C-840,i2401-C-840,13.5,0.0,0.0,0.0,1,10.8,11.7,1,13.5,0.0,0.0,0.0,0.0,0.0,112
2023-05-11 10:14:18,i2401-C-840,i2401-C-840,13.5,0.0,0.0,0.0,1,10.8,12.1,1,13.5,0.0,0.0,0.0,0.0,0.0,112
2023-05-11 10:43:02,i2401-C-840,i2401-C-840,13.5,0.0,0.0,0.0,1,10.8,12.1,21,13.5,0.0,0.0,0.0,0.0,0.0,112
2023-05-11 10:43:02,i2401-C-840,i2401-C-840,13.5,0.0,0.0,0.0,1,10.8,11.5,1,13.5,0.0,0.0,0.0,0.0,0.0,112
2023-05-11 10:45:54,i2401-C-840,i2401-C-840,13.5,0.0,0.0,0.0,20,10.9,11.4,20,13.5,0.0,0.0,0.0,0.0,0.0,112
2023-05-11 10:47:13,i2401-C-840,i2401-C-840,13.5,0.0,0.0,0.0,1,10.8,11.4,20,13.5,0.0,0.0,0.0,0.0,0.0,112
2023-05-11 10:47:13,i2401-C-840,i2401-C-840,13.5,0.0,0.0,0.0,21,10.8,11.4,20,13.5,0.0,0.0,0.0,0.0,0.0,112
2023-05-11 10:47:40,i2401-C-840,i2401-C-840,13.5,0.0,0.0,0.0,21,10.8,11.5,21,13.5,0.0,0.0,0.0,0.0,0.0,112
2023-05-11 10:49:15,i2401-C-840,i2401-C-840,13.5,0.0,0.0,0.0,21,10.8,11.5,1,13.5,0.0,0.0,0.0,0.0,0.0,112
2023-05-11 10:49:59,i2401-C-840,i2401-C-840,13.5,0.0,0.0,0.0,21,10.8,11.5,21,13.5,0.0,0.0,0.0,0.0,0.0,112
2023-05-11 10:52:35,i2401-C-840,i2401-C-840,13.5,0.0,0.0,0.0,21,10.8,11.5,1,13.5,0.0,0.0,0.0,0.0,0.0,112
2023-05-11 10:52:58,i2401-C-840,i2401-C-840,13.5,0.0,0.0,0.0,21,10.8,11.5,21,13.5,0.0,0.0,0.0,0.0,0.0,112
2023-05-11 10:53:21,i2401-C-840,i2401-C-840,13.5,0.0,0.0,0.0,21,10.8,11.5,1,13.5,0.0,0.0,0.0,0.0,0.0,112
2023-05-11 10:53:29,i2401-C-840,i2401-C-840,13.5,0.0,0.0,0.0,21,10.8,11.5,21,13.5,0.0,0.0,0.0,0.0,0.0,112
2023-05-11 10:54:23,i2401-C-840,i2401-C-840,13.5,0.0,0.0,0.0,21,10.8,11.5,1,13.5,0.0,0.0,0.0,0.0,0.0,112
2023-05-11 10:54:30,i2401-C-840,i2401-C-840,13.5,0.0,0.0,0.0,21,10.8,11.5,21,13.5,0.0,0.0,0.0,0.0,0.0,112
2023-05-11 10:58:04,i2401-C-840,i2401-C-840,13.5,0.0,0.0,0.0,21,10.8,11.5,1,13.5,0.0,0.0,0.0,0.0,0.0,112
2023-05-11 10:58:29,i2401-C-840,i2401-C-840,13.5,0.0,0.0,0.0,21,10.8,11.5,21,13.5,0.0,0.0,0.0,0.0,0.0,112
2023-05-11 10:58:59,i2401-C-840,i2401-C-840,13.5,0.0,0.0,0.0,21,10.8,11.5,1,13.5,0.0,0.0,0.0,0.0,0.0,112
2023-05-11 10:59:10,i2401-C-840,i2401-C-840,13.5,0.0,0.0,0.0,21,10.8,11.5,21,13.5,0.0,0.0,0.0,0.0,0.0,112
2023-05-11 10:59:10,i2401-C-840,i2401-C-840,13.5,0.0,0.0,0.0,21,10.8,11.5,1,13.5,0.0,0.0,0.0,0.0,0.0,112
2023-05-11 11:00:06,i2401-C-840,i2401-C-840,13.5,0.0,0.0,0.0,21,10.8,11.8,20,13.5,0.0,0.0,0.0,0.0,0.0,112
2023-05-11 11:01:28,i2401-C-840,i2401-C-840,13.5,0.0,0.0,0.0,1,11.0,11.8,20,13.5,0.0,0.0,0.0,0.0,0.0,112
2023-05-11 11:01:28,i2401-C-840,i2401-C-840,13.5,0.0,0.0,0.0,20,11.1,11.8,20,13.5,0.0,0.0,0.0,0.0,0.0,112
2023-05-11 11:03:51,i2401-C-840,i2401-C-840,13.5,0.0,0.0,0.0,20,11.1,11.9,21,13.5,0.0,0.0,0.0,0.0,0.0,112
2023-05-11 11:05:23,i2401-C-840,i2401-C-840,13.5,0.0,0.0,0.0,1,11.0,11.9,1,13.5,0.0,0.0,0.0,0.0,0.0,112
2023-05-11 11:06:51,i2401-C-840,i2401-C-840,13.5,0.0,0.0,0.0,20,11.1,11.8,20,13.5,0.0,0.0,0.0,0.0,0.0,112
2023-05-11 11:06:52,i2401-C-840,i2401-C-840,13.5,0.0,0.0,0.0,30,11.1,11.8,30,13.5,0.0,0.0,0.0,0.0,0.0,112
2023-05-11 11:07:01,i2401-C-840,i2401-C-840,13.5,0.0,0.0,0.0,40,11.1,11.7,10,13.5,0.0,0.0,0.0,0.0,0.0,112
2023-05-11 11:07:01,i2401-C-840,i2401-C-840,13.5,0.0,0.0,0.0,40,11.1,11.6,20,13.5,0.0,0.0,0.0,0.0,0.0,112
2023-05-11 11:07:02,i2401-C-840,i2401-C-840,13.5,0.0,0.0,0.0,40,11.1,11.7,30,13.5,0.0,0.0,0.0,0.0,0.0,112
2023-05-11 11:07:04,i2401-C-840,i2401-C-840,13.5,0.0,0.0,0.0,30,11.1,11.7,30,13.5,0.0,0.0,0.0,0.0,0.0,112
2023-05-11 11:07:08,i2401-C-840,i2401-C-840,13.5,0.0,0.0,0.0,40,11.1,11.7,40,13.5,0.0,0.0,0.0,0.0,0.0,112
2023-05-11 11:07:12,i2401-C-840,i2401-C-840,13.5,0.0,0.0,0.0,30,11.1,11.7,30,13.5,0.0,0.0,0.0,0.0,0.0,112
2023-05-11 11:07:19,i2401-C-840,i2401-C-840,13.5,0.0,0.0,0.0,20,11.1,11.7,20,13.5,0.0,0.0,0.0,0.0,0.0,112
2023-05-11 11:07:33,i2401-C-840,i2401-C-840,13.5,0.0,0.0,0.0,20,11.1,11.9,1,13.5,0.0,0.0,0.0,0.0,0.0,112
2023-05-11 11:07:33,i2401-C-840,i2401-C-840,13.5,0.0,0.0,0.0,20,11.1,11.8,20,13.5,0.0,0.0,0.0,0.0,0.0,112
2023-05-11 11:08:52,i2401-C-840,i2401-C-840,13.5,0.0,0.0,0.0,1,11.0,11.9,1,13.5,0.0,0.0,0.0,0.0,0.0,112
2023-05-11 11:14:36,i2401-C-840,i2401-C-840,13.5,0.0,0.0,0.0,1,11.0,12.3,1,13.5,0.0,0.0,0.0,0.0,0.0,112
2023-05-11 11:29:28,i2401-C-840,i2401-C-840,13.5,0.0,0.0,0.0,1,5.0,12.3,1,13.5,0.0,0.0,0.0,0.0,0.0,112
2023-05-11 11:29:28,i2401-C-840,i2401-C-840,13.5,0.0,0.0,0.0,1,8.8,12.3,1,13.5,0.0,0.0,0.0,0.0,0.0,112
2023-05-11 11:29:29,i2401-C-840,i2401-C-840,13.5,0.0,0.0,0.0,21,8.9,12.3,1,13.5,0.0,0.0,0.0,0.0,0.0,112
2023-05-11 11:29:30,i2401-C-840,i2401-C-840,13.5,0.0,0.0,0.0,1,11.0,12.3,1,13.5,0.0,0.0,0.0,0.0,0.0,112
2023-05-11 11:29:39,i2401-C-840,i2401-C-840,13.5,0.0,0.0,0.0,1,5.0,12.3,1,13.5,0.0,0.0,0.0,0.0,0.0,112
2023-05-11 11:29:40,i2401-C-840,i2401-C-840,13.5,0.0,0.0,0.0,1,6.3,12.3,1,13.5,0.0,0.0,0.0,0.0,0.0,112
2023-05-11 11:29:40,i2401-C-840,i2401-C-840,13.5,0.0,0.0,0.0,1,10.0,12.3,1,13.5,0.0,0.0,0.0,0.0,0.0,112
2023-05-11 11:29:47,i2401-C-840,i2401-C-840,13.5,0.0,0.0,0.0,1,5.0,12.3,1,13.5,0.0,0.0,0.0,0.0,0.0,112
2023-05-11 11:29:47,i2401-C-840,i2401-C-840,13.5,0.0,0.0,0.0,1,10.0,12.3,1,13.5,0.0,0.0,0.0,0.0,0.0,112
2023-05-11 11:29:59,i2401-C-840,i2401-C-840,13.5,0.0,0.0,0.0,1,5.0,12.3,1,13.5,0.0,0.0,0.0,0.0,0.0,112
2023-05-11 13:30:02,i2401-C-840,i2401-C-840,13.5,0.0,0.0,0.0,1,5.7,12.3,1,13.5,0.0,0.0,0.0,0.0,0.0,112
2023-05-11 13:30:02,i2401-C-840,i2401-C-840,13.5,0.0,0.0,0.0,20,5.8,12.3,1,13.5,0.0,0.0,0.0,0.0,0.0,112
2023-05-11 13:30:04,i2401-C-840,i2401-C-840,13.5,0.0,0.0,0.0,1,5.9,12.3,1,13.5,0.0,0.0,0.0,0.0,0.0,112
2023-05-11 13:30:04,i2401-C-840,i2401-C-840,13.5,0.0,0.0,0.0,21,5.9,12.3,1,13.5,0.0,0.0,0.0,0.0,0.0,112
2023-05-11 13:30:08,i2401-C-840,i2401-C-840,13.5,0.0,0.0,0.0,1,9.6,12.3,1,13.5,0.0,0.0,0.0,0.0,0.0,112
2023-05-11 13:30:14,i2401-C-840,i2401-C-840,13.5,0.0,0.0,0.0,20,5.1,12.3,1,13.5,0.0,0.0,0.0,0.0,0.0,112
2023-05-11 13:30:15,i2401-C-840,i2401-C-840,13.5,0.0,0.0,0.0,1,5.8,12.3,1,13.5,0.0,0.0,0.0,0.0,0.0,112
2023-05-11 13:30:15,i2401-C-840,i2401-C-840,13.5,0.0,0.0,0.0,1,9.5,12.3,1,13.5,0.0,0.0,0.0,0.0,0.0,112
2023-05-11 13:30:29,i2401-C-840,i2401-C-840,13.5,0.0,0.0,0.0,20,5.1,12.3,1,13.5,0.0,0.0,0.0,0.0,0.0,112
2023-05-11 13:30:29,i2401-C-840,i2401-C-840,13.5,0.0,0.0,0.0,1,8.8,12.3,1,13.5,0.0,0.0,0.0,0.0,0.0,112
2023-05-11 13:30:31,i2401-C-840,i2401-C-840,13.5,0.0,0.0,0.0,1,11.2,12.3,1,13.5,0.0,0.0,0.0,0.0,0.0,112
2023-05-11 13:30:37,i2401-C-840,i2401-C-840,13.5,0.0,0.0,0.0,20,5.1,12.3,1,13.5,0.0,0.0,0.0,0.0,0.0,112
2023-05-11 13:30:38,i2401-C-840,i2401-C-840,13.5,0.0,0.0,0.0,1,8.8,12.3,1,13.5,0.0,0.0,0.0,0.0,0.0,112
2023-05-11 13:30:39,i2401-C-840,i2401-C-840,13.5,0.0,0.0,0.0,1,11.2,12.3,1,13.5,0.0,0.0,0.0,0.0,0.0,112
2023-05-11 13:30:45,i2401-C-840,i2401-C-840,13.5,0.0,0.0,0.0,20,5.1,12.3,1,13.5,0.0,0.0,0.0,0.0,0.0,112
2023-05-11 13:30:45,i2401-C-840,i2401-C-840,13.5,0.0,0.0,0.0,1,8.8,12.3,1,13.5,0.0,0.0,0.0,0.0,0.0,112
2023-05-11 13:30:47,i2401-C-840,i2401-C-840,13.5,0.0,0.0,0.0,1,11.1,12.3,1,13.5,0.0,0.0,0.0,0.0,0.0,112
2023-05-11 13:34:12,i2401-C-840,i2401-C-840,13.5,0.0,0.0,0.0,20,1.4,12.3,1,13.5,0.0,0.0,0.0,0.0,0.0,112
2023-05-11 13:34:13,i2401-C-840,i2401-C-840,13.5,0.0,0.0,0.0,1,2.7,12.3,1,13.5,0.0,0.0,0.0,0.0,0.0,112
2023-05-11 13:34:13,i2401-C-840,i2401-C-840,13.5,0.0,0.0,0.0,1,8.9,12.3,1,13.5,0.0,0.0,0.0,0.0,0.0,112
2023-05-11 13:34:14,i2401-C-840,i2401-C-840,13.5,0.0,0.0,0.0,20,9.0,12.3,1,13.5,0.0,0.0,0.0,0.0,0.0,112
2023-05-11 13:34:14,i2401-C-840,i2401-C-840,13.5,0.0,0.0,0.0,1,10.6,12.3,1,13.5,0.0,0.0,0.0,0.0,0.0,112
2023-05-11 13:41:47,i2401-C-840,i2401-C-840,13.5,0.0,0.0,0.0,21,10.6,12.3,1,13.5,0.0,0.0,0.0,0.0,0.0,112
2023-05-11 13:41:47,i2401-C-840,i2401-C-840,13.5,0.0,0.0,0.0,1,11.1,12.3,1,13.5,0.0,0.0,0.0,0.0,0.0,112
2023-05-11 14:22:07,i2401-C-840,i2401-C-840,13.5,0.0,0.0,0.0,20,1.4,12.3,1,13.5,0.0,0.0,0.0,0.0,0.0,112
2023-05-11 14:22:07,i2401-C-840,i2401-C-840,13.5,0.0,0.0,0.0,1,2.7,12.3,1,13.5,0.0,0.0,0.0,0.0,0.0,112
2023-05-11 14:22:08,i2401-C-840,i2401-C-840,13.5,0.0,0.0,0.0,20,2.8,12.3,1,13.5,0.0,0.0,0.0,0.0,0.0,112
2023-05-11 14:22:08,i2401-C-840,i2401-C-840,13.5,0.0,0.0,0.0,1,4.1,12.3,1,13.5,0.0,0.0,0.0,0.0,0.0,112
2023-05-11 14:22:09,i2401-C-840,i2401-C-840,13.5,0.0,0.0,0.0,20,4.2,12.3,1,13.5,0.0,0.0,0.0,0.0,0.0,112
2023-05-11 14:22:09,i2401-C-840,i2401-C-840,13.5,0.0,0.0,0.0,1,5.5,12.3,1,13.5,0.0,0.0,0.0,0.0,0.0,112
2023-05-11 14:22:10,i2401-C-840,i2401-C-840,13.5,0.0,0.0,0.0,20,5.6,12.3,1,13.5,0.0,0.0,0.0,0.0,0.0,112
2023-05-11 14:22:10,i2401-C-840,i2401-C-840,13.5,0.0,0.0,0.0,1,10.7,12.3,1,13.5,0.0,0.0,0.0,0.0,0.0,112
2023-05-11 14:22:21,i2401-C-840,i2401-C-840,13.5,0.0,0.0,0.0,1,10.7,11.8,1,13.5,0.0,0.0,0.0,0.0,0.0,112
2023-05-11 14:44:26,i2401-C-840,i2401-C-840,13.5,0.0,0.0,0.0,1,7.7,11.8,1,13.5,0.0,0.0,0.0,0.0,0.0,112
2023-05-11 14:44:26,i2401-C-840,i2401-C-840,13.5,0.0,0.0,0.0,1,8.4,11.8,1,13.5,0.0,0.0,0.0,0.0,0.0,112
2023-05-11 14:44:27,i2401-C-840,i2401-C-840,13.5,0.0,0.0,0.0,1,10.3,11.8,1,13.5,0.0,0.0,0.0,0.0,0.0,112
2023-05-11 14:59:14,i2401-C-840,i2401-C-840,13.5,0.0,0.0,0.0,1,5.2,11.8,1,13.5,0.0,0.0,0.0,0.0,0.0,112
2023-05-11 14:59:16,i2401-C-840,i2401-C-840,13.5,0.0,0.0,0.0,1,6.5,11.8,1,13.5,0.0,0.0,0.0,0.0,0.0,112
2023-05-11 14:59:16,i2401-C-840,i2401-C-840,13.5,0.0,0.0,0.0,1,10.0,11.8,1,13.5,0.0,0.0,0.0,0.0,0.0,112
2023-05-11 14:59:23,i2401-C-840,i2401-C-840,13.5,0.0,0.0,0.0,1,5.2,11.8,1,13.5,0.0,0.0,0.0,0.0,0.0,112
2023-05-11 14:59:24,i2401-C-840,i2401-C-840,13.5,0.0,0.0,0.0,1,6.5,11.8,1,13.5,0.0,0.0,0.0,0.0,0.0,112
2023-05-11 14:59:24,i2401-C-840,i2401-C-840,13.5,0.0,0.0,0.0,1,10.0,11.8,1,13.5,0.0,0.0,0.0,0.0,0.0,112
2023-05-11 14:59:31,i2401-C-840,i2401-C-840,13.5,0.0,0.0,0.0,1,5.2,11.8,1,13.5,0.0,0.0,0.0,0.0,0.0,112
2023-05-11 14:59:32,i2401-C-840,i2401-C-840,13.5,0.0,0.0,0.0,1,6.5,11.8,1,13.5,0.0,0.0,0.0,0.0,0.0,112
2023-05-11 14:59:32,i2401-C-840,i2401-C-840,13.5,0.0,0.0,0.0,1,10.0,11.8,1,13.5,0.0,0.0,0.0,0.0,0.0,112
2023-05-11 14:59:39,i2401-C-840,i2401-C-840,13.5,0.0,0.0,0.0,1,5.2,11.8,1,13.5,0.0,0.0,0.0,0.0,0.0,112
2023-05-11 14:59:40,i2401-C-840,i2401-C-840,13.5,0.0,0.0,0.0,1,6.5,11.8,1,13.5,0.0,0.0,0.0,0.0,0.0,112
2023-05-11 14:59:40,i2401-C-840,i2401-C-840,13.5,0.0,0.0,0.0,1,9.9,11.8,1,13.5,0.0,0.0,0.0,0.0,0.0,112
2023-05-11 14:59:47,i2401-C-840,i2401-C-840,13.5,0.0,0.0,0.0,1,5.2,11.8,1,13.5,0.0,0.0,0.0,0.0,0.0,112
2023-05-11 14:59:51,i2401-C-840,i2401-C-840,13.5,0.0,0.0,0.0,1,9.8,11.8,1,13.5,0.0,0.0,0.0,0.0,0.0,112
2023-05-11 14:59:57,i2401-C-840,i2401-C-840,13.5,0.0,0.0,0.0,1,5.2,11.8,1,13.5,0.0,0.0,0.0,0.0,0.0,112
2023-05-11 14:59:59,i2401-C-840,i2401-C-840,13.5,0.0,0.0,0.0,1,9.8,11.8,1,13.5,0.0,0.0,0.0,0.0,0.0,112
2023-05-11 15:01:09,i2401-C-840,i2401-C-840,13.5,0.0,0.0,0.0,1,9.8,11.8,1,13.5,0.0,0.0,0.0,0.0,0.0,112
