time,symbol_id,symbol_name,last,trade_volume,trade_amount,open_interest_change,bv1,bp1,ap1,av1,yesterday_close,today_open,today_high,today_low,volume,amount,open_interest
2023-05-10 21:02:05,i2401-P-950,i2401-P-950,277.9,0.0,0.0,0.0,20,204.3,351.5,20,277.9,0.0,0.0,0.0,0.0,0.0,0
2023-05-10 21:02:08,i2401-P-950,i2401-P-950,277.9,0.0,0.0,0.0,1,204.6,351.2,1,277.9,0.0,0.0,0.0,0.0,0.0,0
2023-05-10 21:02:08,i2401-P-950,i2401-P-950,277.9,0.0,0.0,0.0,20,204.7,351.1,20,277.9,0.0,0.0,0.0,0.0,0.0,0
2023-05-10 21:02:09,i2401-P-950,i2401-P-950,277.9,0.0,0.0,0.0,1,205.0,350.8,1,277.9,0.0,0.0,0.0,0.0,0.0,0
2023-05-10 21:02:09,i2401-P-950,i2401-P-950,277.9,0.0,0.0,0.0,20,205.1,350.7,20,277.9,0.0,0.0,0.0,0.0,0.0,0
2023-05-10 21:02:10,i2401-P-950,i2401-P-950,277.9,0.0,0.0,0.0,1,205.4,350.4,1,277.9,0.0,0.0,0.0,0.0,0.0,0
2023-05-10 21:02:10,i2401-P-950,i2401-P-950,277.9,0.0,0.0,0.0,20,205.5,350.3,20,277.9,0.0,0.0,0.0,0.0,0.0,0
2023-05-10 21:02:12,i2401-P-950,i2401-P-950,277.9,0.0,0.0,0.0,1,205.8,350.0,1,277.9,0.0,0.0,0.0,0.0,0.0,0
2023-05-10 21:02:12,i2401-P-950,i2401-P-950,277.9,0.0,0.0,0.0,20,205.9,349.9,20,277.9,0.0,0.0,0.0,0.0,0.0,0
2023-05-10 21:02:13,i2401-P-950,i2401-P-950,277.9,0.0,0.0,0.0,1,206.2,349.6,1,277.9,0.0,0.0,0.0,0.0,0.0,0
2023-05-10 21:02:13,i2401-P-950,i2401-P-950,277.9,0.0,0.0,0.0,20,206.3,349.5,20,277.9,0.0,0.0,0.0,0.0,0.0,0
2023-05-10 21:02:14,i2401-P-950,i2401-P-950,277.9,0.0,0.0,0.0,1,206.6,349.2,1,277.9,0.0,0.0,0.0,0.0,0.0,0
2023-05-10 21:02:14,i2401-P-950,i2401-P-950,277.9,0.0,0.0,0.0,20,206.7,349.1,20,277.9,0.0,0.0,0.0,0.0,0.0,0
2023-05-10 21:02:15,i2401-P-950,i2401-P-950,277.9,0.0,0.0,0.0,1,207.0,348.8,1,277.9,0.0,0.0,0.0,0.0,0.0,0
2023-05-10 21:02:15,i2401-P-950,i2401-P-950,277.9,0.0,0.0,0.0,20,207.1,348.7,20,277.9,0.0,0.0,0.0,0.0,0.0,0
2023-05-10 21:02:16,i2401-P-950,i2401-P-950,277.9,0.0,0.0,0.0,1,207.4,348.4,1,277.9,0.0,0.0,0.0,0.0,0.0,0
2023-05-10 21:02:16,i2401-P-950,i2401-P-950,277.9,0.0,0.0,0.0,20,207.5,348.3,20,277.9,0.0,0.0,0.0,0.0,0.0,0
2023-05-10 21:02:17,i2401-P-950,i2401-P-950,277.9,0.0,0.0,0.0,1,207.8,348.0,1,277.9,0.0,0.0,0.0,0.0,0.0,0
2023-05-10 21:02:17,i2401-P-950,i2401-P-950,277.9,0.0,0.0,0.0,20,207.9,347.9,20,277.9,0.0,0.0,0.0,0.0,0.0,0
2023-05-10 21:02:18,i2401-P-950,i2401-P-950,277.9,0.0,0.0,0.0,1,208.2,347.9,20,277.9,0.0,0.0,0.0,0.0,0.0,0
2023-05-10 21:02:18,i2401-P-950,i2401-P-950,277.9,0.0,0.0,0.0,20,208.3,347.6,1,277.9,0.0,0.0,0.0,0.0,0.0,0
2023-05-10 21:02:19,i2401-P-950,i2401-P-950,277.9,0.0,0.0,0.0,1,208.6,347.5,20,277.9,0.0,0.0,0.0,0.0,0.0,0
2023-05-10 21:02:19,i2401-P-950,i2401-P-950,277.9,0.0,0.0,0.0,20,208.7,347.2,1,277.9,0.0,0.0,0.0,0.0,0.0,0
2023-05-10 21:02:20,i2401-P-950,i2401-P-950,277.9,0.0,0.0,0.0,1,209.0,347.1,20,277.9,0.0,0.0,0.0,0.0,0.0,0
2023-05-10 21:02:20,i2401-P-950,i2401-P-950,277.9,0.0,0.0,0.0,20,209.1,346.8,1,277.9,0.0,0.0,0.0,0.0,0.0,0
2023-05-10 21:02:21,i2401-P-950,i2401-P-950,277.9,0.0,0.0,0.0,20,209.1,346.7,20,277.9,0.0,0.0,0.0,0.0,0.0,0
2023-05-10 21:02:21,i2401-P-950,i2401-P-950,277.9,0.0,0.0,0.0,1,209.4,346.4,1,277.9,0.0,0.0,0.0,0.0,0.0,0
2023-05-10 21:02:22,i2401-P-950,i2401-P-950,277.9,0.0,0.0,0.0,20,209.5,346.3,20,277.9,0.0,0.0,0.0,0.0,0.0,0
2023-05-10 21:02:22,i2401-P-950,i2401-P-950,277.9,0.0,0.0,0.0,1,209.8,346.0,1,277.9,0.0,0.0,0.0,0.0,0.0,0
2023-05-10 21:02:23,i2401-P-950,i2401-P-950,277.9,0.0,0.0,0.0,20,209.9,345.9,20,277.9,0.0,0.0,0.0,0.0,0.0,0
2023-05-10 21:02:23,i2401-P-950,i2401-P-950,277.9,0.0,0.0,0.0,1,210.2,345.6,1,277.9,0.0,0.0,0.0,0.0,0.0,0
2023-05-10 21:02:24,i2401-P-950,i2401-P-950,277.9,0.0,0.0,0.0,20,210.3,345.5,20,277.9,0.0,0.0,0.0,0.0,0.0,0
2023-05-10 21:02:24,i2401-P-950,i2401-P-950,277.9,0.0,0.0,0.0,1,210.6,345.2,1,277.9,0.0,0.0,0.0,0.0,0.0,0
2023-05-10 21:02:25,i2401-P-950,i2401-P-950,277.9,0.0,0.0,0.0,20,210.7,345.1,20,277.9,0.0,0.0,0.0,0.0,0.0,0
2023-05-10 21:02:25,i2401-P-950,i2401-P-950,277.9,0.0,0.0,0.0,1,211.0,344.8,1,277.9,0.0,0.0,0.0,0.0,0.0,0
2023-05-10 21:02:26,i2401-P-950,i2401-P-950,277.9,0.0,0.0,0.0,20,211.1,344.7,20,277.9,0.0,0.0,0.0,0.0,0.0,0
2023-05-10 21:02:26,i2401-P-950,i2401-P-950,277.9,0.0,0.0,0.0,1,211.4,344.4,1,277.9,0.0,0.0,0.0,0.0,0.0,0
2023-05-10 21:02:27,i2401-P-950,i2401-P-950,277.9,0.0,0.0,0.0,20,211.5,344.3,20,277.9,0.0,0.0,0.0,0.0,0.0,0
2023-05-10 21:02:27,i2401-P-950,i2401-P-950,277.9,0.0,0.0,0.0,1,211.8,344.0,1,277.9,0.0,0.0,0.0,0.0,0.0,0
2023-05-10 21:02:28,i2401-P-950,i2401-P-950,277.9,0.0,0.0,0.0,20,211.9,343.9,20,277.9,0.0,0.0,0.0,0.0,0.0,0
2023-05-10 21:02:29,i2401-P-950,i2401-P-950,277.9,0.0,0.0,0.0,1,212.2,343.6,1,277.9,0.0,0.0,0.0,0.0,0.0,0
2023-05-10 21:02:30,i2401-P-950,i2401-P-950,277.9,0.0,0.0,0.0,20,212.3,343.5,20,277.9,0.0,0.0,0.0,0.0,0.0,0
2023-05-10 21:02:30,i2401-P-950,i2401-P-950,277.9,0.0,0.0,0.0,1,212.6,343.2,1,277.9,0.0,0.0,0.0,0.0,0.0,0
2023-05-10 21:02:31,i2401-P-950,i2401-P-950,277.9,0.0,0.0,0.0,20,212.7,343.1,20,277.9,0.0,0.0,0.0,0.0,0.0,0
2023-05-10 21:02:31,i2401-P-950,i2401-P-950,277.9,0.0,0.0,0.0,1,213.0,342.8,1,277.9,0.0,0.0,0.0,0.0,0.0,0
2023-05-10 21:02:32,i2401-P-950,i2401-P-950,277.9,0.0,0.0,0.0,20,213.1,342.7,20,277.9,0.0,0.0,0.0,0.0,0.0,0
2023-05-10 21:02:32,i2401-P-950,i2401-P-950,277.9,0.0,0.0,0.0,1,213.4,342.4,1,277.9,0.0,0.0,0.0,0.0,0.0,0
2023-05-10 21:02:33,i2401-P-950,i2401-P-950,277.9,0.0,0.0,0.0,20,213.5,342.3,20,277.9,0.0,0.0,0.0,0.0,0.0,0
2023-05-10 21:02:33,i2401-P-950,i2401-P-950,277.9,0.0,0.0,0.0,1,213.8,342.0,1,277.9,0.0,0.0,0.0,0.0,0.0,0
2023-05-10 21:02:34,i2401-P-950,i2401-P-950,277.9,0.0,0.0,0.0,20,213.9,341.9,20,277.9,0.0,0.0,0.0,0.0,0.0,0
2023-05-10 21:02:34,i2401-P-950,i2401-P-950,277.9,0.0,0.0,0.0,1,214.2,341.6,1,277.9,0.0,0.0,0.0,0.0,0.0,0
2023-05-10 21:02:35,i2401-P-950,i2401-P-950,277.9,0.0,0.0,0.0,20,214.3,341.5,20,277.9,0.0,0.0,0.0,0.0,0.0,0
2023-05-10 21:02:35,i2401-P-950,i2401-P-950,277.9,0.0,0.0,0.0,1,214.6,341.2,1,277.9,0.0,0.0,0.0,0.0,0.0,0
2023-05-10 21:02:36,i2401-P-950,i2401-P-950,277.9,0.0,0.0,0.0,20,214.7,341.1,20,277.9,0.0,0.0,0.0,0.0,0.0,0
2023-05-10 21:02:36,i2401-P-950,i2401-P-950,277.9,0.0,0.0,0.0,1,215.0,340.8,1,277.9,0.0,0.0,0.0,0.0,0.0,0
2023-05-10 21:02:37,i2401-P-950,i2401-P-950,277.9,0.0,0.0,0.0,20,215.1,340.7,20,277.9,0.0,0.0,0.0,0.0,0.0,0
2023-05-10 21:02:37,i2401-P-950,i2401-P-950,277.9,0.0,0.0,0.0,1,215.4,340.4,1,277.9,0.0,0.0,0.0,0.0,0.0,0
2023-05-10 21:02:38,i2401-P-950,i2401-P-950,277.9,0.0,0.0,0.0,20,215.5,340.3,20,277.9,0.0,0.0,0.0,0.0,0.0,0
2023-05-10 21:02:38,i2401-P-950,i2401-P-950,277.9,0.0,0.0,0.0,1,215.8,340.0,1,277.9,0.0,0.0,0.0,0.0,0.0,0
2023-05-10 21:02:39,i2401-P-950,i2401-P-950,277.9,0.0,0.0,0.0,20,215.9,339.9,20,277.9,0.0,0.0,0.0,0.0,0.0,0
2023-05-10 21:02:39,i2401-P-950,i2401-P-950,277.9,0.0,0.0,0.0,1,216.2,339.6,1,277.9,0.0,0.0,0.0,0.0,0.0,0
2023-05-10 21:02:40,i2401-P-950,i2401-P-950,277.9,0.0,0.0,0.0,20,216.3,339.5,20,277.9,0.0,0.0,0.0,0.0,0.0,0
2023-05-10 21:02:40,i2401-P-950,i2401-P-950,277.9,0.0,0.0,0.0,1,216.6,339.2,1,277.9,0.0,0.0,0.0,0.0,0.0,0
2023-05-10 21:02:41,i2401-P-950,i2401-P-950,277.9,0.0,0.0,0.0,20,216.7,339.1,20,277.9,0.0,0.0,0.0,0.0,0.0,0
2023-05-10 21:02:42,i2401-P-950,i2401-P-950,277.9,0.0,0.0,0.0,1,217.0,338.8,1,277.9,0.0,0.0,0.0,0.0,0.0,0
2023-05-10 21:02:42,i2401-P-950,i2401-P-950,277.9,0.0,0.0,0.0,20,217.1,338.7,20,277.9,0.0,0.0,0.0,0.0,0.0,0
2023-05-10 21:02:43,i2401-P-950,i2401-P-950,277.9,0.0,0.0,0.0,1,217.4,338.4,1,277.9,0.0,0.0,0.0,0.0,0.0,0
2023-05-10 21:02:44,i2401-P-950,i2401-P-950,277.9,0.0,0.0,0.0,20,217.5,338.3,20,277.9,0.0,0.0,0.0,0.0,0.0,0
2023-05-10 21:02:44,i2401-P-950,i2401-P-950,277.9,0.0,0.0,0.0,1,217.8,338.0,1,277.9,0.0,0.0,0.0,0.0,0.0,0
2023-05-10 21:02:44,i2401-P-950,i2401-P-950,277.9,0.0,0.0,0.0,20,217.9,337.9,20,277.9,0.0,0.0,0.0,0.0,0.0,0
2023-05-10 21:02:45,i2401-P-950,i2401-P-950,277.9,0.0,0.0,0.0,1,218.2,337.6,1,277.9,0.0,0.0,0.0,0.0,0.0,0
2023-05-10 21:02:45,i2401-P-950,i2401-P-950,277.9,0.0,0.0,0.0,20,218.3,337.5,20,277.9,0.0,0.0,0.0,0.0,0.0,0
2023-05-10 21:02:46,i2401-P-950,i2401-P-950,277.9,0.0,0.0,0.0,1,218.6,337.2,1,277.9,0.0,0.0,0.0,0.0,0.0,0
2023-05-10 21:02:47,i2401-P-950,i2401-P-950,277.9,0.0,0.0,0.0,20,218.7,337.1,20,277.9,0.0,0.0,0.0,0.0,0.0,0
2023-05-10 21:02:47,i2401-P-950,i2401-P-950,277.9,0.0,0.0,0.0,1,219.0,336.8,1,277.9,0.0,0.0,0.0,0.0,0.0,0
2023-05-10 21:02:47,i2401-P-950,i2401-P-950,277.9,0.0,0.0,0.0,20,219.1,336.7,20,277.9,0.0,0.0,0.0,0.0,0.0,0
2023-05-10 21:02:48,i2401-P-950,i2401-P-950,277.9,0.0,0.0,0.0,1,219.4,336.4,1,277.9,0.0,0.0,0.0,0.0,0.0,0
2023-05-10 21:02:48,i2401-P-950,i2401-P-950,277.9,0.0,0.0,0.0,20,219.5,336.3,20,277.9,0.0,0.0,0.0,0.0,0.0,0
2023-05-10 21:02:49,i2401-P-950,i2401-P-950,277.9,0.0,0.0,0.0,1,219.8,336.0,1,277.9,0.0,0.0,0.0,0.0,0.0,0
2023-05-10 21:02:50,i2401-P-950,i2401-P-950,277.9,0.0,0.0,0.0,20,219.9,335.9,20,277.9,0.0,0.0,0.0,0.0,0.0,0
2023-05-10 21:02:50,i2401-P-950,i2401-P-950,277.9,0.0,0.0,0.0,1,220.2,335.6,1,277.9,0.0,0.0,0.0,0.0,0.0,0
2023-05-10 21:02:50,i2401-P-950,i2401-P-950,277.9,0.0,0.0,0.0,20,220.3,335.5,20,277.9,0.0,0.0,0.0,0.0,0.0,0
2023-05-10 21:02:51,i2401-P-950,i2401-P-950,277.9,0.0,0.0,0.0,1,220.6,335.2,1,277.9,0.0,0.0,0.0,0.0,0.0,0
2023-05-10 21:02:51,i2401-P-950,i2401-P-950,277.9,0.0,0.0,0.0,20,220.7,335.1,20,277.9,0.0,0.0,0.0,0.0,0.0,0
2023-05-10 21:02:52,i2401-P-950,i2401-P-950,277.9,0.0,0.0,0.0,1,221.0,334.8,1,277.9,0.0,0.0,0.0,0.0,0.0,0
2023-05-10 21:02:52,i2401-P-950,i2401-P-950,277.9,0.0,0.0,0.0,20,221.1,334.7,20,277.9,0.0,0.0,0.0,0.0,0.0,0
2023-05-10 21:02:53,i2401-P-950,i2401-P-950,277.9,0.0,0.0,0.0,1,221.4,334.4,1,277.9,0.0,0.0,0.0,0.0,0.0,0
2023-05-10 21:02:53,i2401-P-950,i2401-P-950,277.9,0.0,0.0,0.0,20,221.5,334.3,20,277.9,0.0,0.0,0.0,0.0,0.0,0
2023-05-10 21:02:54,i2401-P-950,i2401-P-950,277.9,0.0,0.0,0.0,1,221.8,334.0,1,277.9,0.0,0.0,0.0,0.0,0.0,0
2023-05-10 21:02:55,i2401-P-950,i2401-P-950,277.9,0.0,0.0,0.0,20,221.9,333.9,20,277.9,0.0,0.0,0.0,0.0,0.0,0
2023-05-10 21:02:56,i2401-P-950,i2401-P-950,277.9,0.0,0.0,0.0,1,222.2,333.6,1,277.9,0.0,0.0,0.0,0.0,0.0,0
2023-05-10 21:02:56,i2401-P-950,i2401-P-950,277.9,0.0,0.0,0.0,20,222.3,333.5,20,277.9,0.0,0.0,0.0,0.0,0.0,0
2023-05-10 21:02:57,i2401-P-950,i2401-P-950,277.9,0.0,0.0,0.0,1,222.6,333.2,1,277.9,0.0,0.0,0.0,0.0,0.0,0
2023-05-10 21:02:57,i2401-P-950,i2401-P-950,277.9,0.0,0.0,0.0,20,222.7,333.1,20,277.9,0.0,0.0,0.0,0.0,0.0,0
2023-05-10 21:02:58,i2401-P-950,i2401-P-950,277.9,0.0,0.0,0.0,1,223.0,332.8,1,277.9,0.0,0.0,0.0,0.0,0.0,0
2023-05-10 21:02:58,i2401-P-950,i2401-P-950,277.9,0.0,0.0,0.0,20,223.1,332.7,20,277.9,0.0,0.0,0.0,0.0,0.0,0
2023-05-10 21:02:59,i2401-P-950,i2401-P-950,277.9,0.0,0.0,0.0,1,223.4,332.4,1,277.9,0.0,0.0,0.0,0.0,0.0,0
2023-05-10 21:02:59,i2401-P-950,i2401-P-950,277.9,0.0,0.0,0.0,20,223.5,332.3,20,277.9,0.0,0.0,0.0,0.0,0.0,0
2023-05-10 21:03:00,i2401-P-950,i2401-P-950,277.9,0.0,0.0,0.0,1,223.8,332.0,1,277.9,0.0,0.0,0.0,0.0,0.0,0
2023-05-10 21:03:00,i2401-P-950,i2401-P-950,277.9,0.0,0.0,0.0,20,223.9,331.9,20,277.9,0.0,0.0,0.0,0.0,0.0,0
2023-05-10 21:03:01,i2401-P-950,i2401-P-950,277.9,0.0,0.0,0.0,1,224.2,331.6,1,277.9,0.0,0.0,0.0,0.0,0.0,0
2023-05-10 21:03:02,i2401-P-950,i2401-P-950,277.9,0.0,0.0,0.0,20,224.3,331.5,20,277.9,0.0,0.0,0.0,0.0,0.0,0
2023-05-10 21:03:02,i2401-P-950,i2401-P-950,277.9,0.0,0.0,0.0,1,224.6,331.2,1,277.9,0.0,0.0,0.0,0.0,0.0,0
2023-05-10 21:03:02,i2401-P-950,i2401-P-950,277.9,0.0,0.0,0.0,20,224.7,331.1,20,277.9,0.0,0.0,0.0,0.0,0.0,0
2023-05-10 21:03:03,i2401-P-950,i2401-P-950,277.9,0.0,0.0,0.0,1,225.0,330.8,1,277.9,0.0,0.0,0.0,0.0,0.0,0
2023-05-10 21:03:03,i2401-P-950,i2401-P-950,277.9,0.0,0.0,0.0,20,225.1,330.7,20,277.9,0.0,0.0,0.0,0.0,0.0,0
2023-05-10 21:03:04,i2401-P-950,i2401-P-950,277.9,0.0,0.0,0.0,1,225.4,330.4,1,277.9,0.0,0.0,0.0,0.0,0.0,0
2023-05-10 21:03:05,i2401-P-950,i2401-P-950,277.9,0.0,0.0,0.0,20,225.5,330.3,20,277.9,0.0,0.0,0.0,0.0,0.0,0
2023-05-10 21:03:05,i2401-P-950,i2401-P-950,277.9,0.0,0.0,0.0,1,225.8,330.0,1,277.9,0.0,0.0,0.0,0.0,0.0,0
2023-05-10 21:03:05,i2401-P-950,i2401-P-950,277.9,0.0,0.0,0.0,20,225.9,329.9,20,277.9,0.0,0.0,0.0,0.0,0.0,0
2023-05-10 21:03:06,i2401-P-950,i2401-P-950,277.9,0.0,0.0,0.0,1,226.2,329.6,1,277.9,0.0,0.0,0.0,0.0,0.0,0
2023-05-10 21:03:06,i2401-P-950,i2401-P-950,277.9,0.0,0.0,0.0,20,226.3,329.5,20,277.9,0.0,0.0,0.0,0.0,0.0,0
2023-05-10 21:03:07,i2401-P-950,i2401-P-950,277.9,0.0,0.0,0.0,1,226.6,329.2,1,277.9,0.0,0.0,0.0,0.0,0.0,0
2023-05-10 21:03:07,i2401-P-950,i2401-P-950,277.9,0.0,0.0,0.0,20,226.7,329.1,20,277.9,0.0,0.0,0.0,0.0,0.0,0
2023-05-10 21:03:08,i2401-P-950,i2401-P-950,277.9,0.0,0.0,0.0,1,227.0,328.8,1,277.9,0.0,0.0,0.0,0.0,0.0,0
2023-05-10 21:03:08,i2401-P-950,i2401-P-950,277.9,0.0,0.0,0.0,20,227.1,328.7,20,277.9,0.0,0.0,0.0,0.0,0.0,0
2023-05-10 21:03:09,i2401-P-950,i2401-P-950,277.9,0.0,0.0,0.0,1,227.4,328.4,1,277.9,0.0,0.0,0.0,0.0,0.0,0
2023-05-10 21:03:10,i2401-P-950,i2401-P-950,277.9,0.0,0.0,0.0,20,227.5,328.3,20,277.9,0.0,0.0,0.0,0.0,0.0,0
2023-05-10 21:03:10,i2401-P-950,i2401-P-950,277.9,0.0,0.0,0.0,1,227.8,328.0,1,277.9,0.0,0.0,0.0,0.0,0.0,0
2023-05-10 21:03:10,i2401-P-950,i2401-P-950,277.9,0.0,0.0,0.0,20,227.9,327.9,20,277.9,0.0,0.0,0.0,0.0,0.0,0
2023-05-10 21:03:12,i2401-P-950,i2401-P-950,277.9,0.0,0.0,0.0,1,228.2,327.6,1,277.9,0.0,0.0,0.0,0.0,0.0,0
2023-05-10 21:03:12,i2401-P-950,i2401-P-950,277.9,0.0,0.0,0.0,20,228.3,327.5,20,277.9,0.0,0.0,0.0,0.0,0.0,0
2023-05-10 21:03:13,i2401-P-950,i2401-P-950,277.9,0.0,0.0,0.0,1,228.6,327.2,1,277.9,0.0,0.0,0.0,0.0,0.0,0
2023-05-10 21:03:13,i2401-P-950,i2401-P-950,277.9,0.0,0.0,0.0,20,228.7,327.1,20,277.9,0.0,0.0,0.0,0.0,0.0,0
2023-05-10 21:03:14,i2401-P-950,i2401-P-950,277.9,0.0,0.0,0.0,1,229.0,326.8,1,277.9,0.0,0.0,0.0,0.0,0.0,0
2023-05-10 21:03:14,i2401-P-950,i2401-P-950,277.9,0.0,0.0,0.0,20,229.1,326.7,20,277.9,0.0,0.0,0.0,0.0,0.0,0
2023-05-10 21:03:15,i2401-P-950,i2401-P-950,277.9,0.0,0.0,0.0,1,229.4,326.4,1,277.9,0.0,0.0,0.0,0.0,0.0,0
2023-05-10 21:03:15,i2401-P-950,i2401-P-950,277.9,0.0,0.0,0.0,20,229.5,326.3,20,277.9,0.0,0.0,0.0,0.0,0.0,0
2023-05-10 21:03:16,i2401-P-950,i2401-P-950,277.9,0.0,0.0,0.0,1,229.8,326.3,20,277.9,0.0,0.0,0.0,0.0,0.0,0
2023-05-10 21:03:16,i2401-P-950,i2401-P-950,277.9,0.0,0.0,0.0,20,229.9,326.0,1,277.9,0.0,0.0,0.0,0.0,0.0,0
2023-05-10 21:03:17,i2401-P-950,i2401-P-950,277.9,0.0,0.0,0.0,1,230.2,325.9,20,277.9,0.0,0.0,0.0,0.0,0.0,0
2023-05-10 21:03:17,i2401-P-950,i2401-P-950,277.9,0.0,0.0,0.0,20,230.3,325.6,1,277.9,0.0,0.0,0.0,0.0,0.0,0
2023-05-10 21:03:18,i2401-P-950,i2401-P-950,277.9,0.0,0.0,0.0,1,230.6,325.5,20,277.9,0.0,0.0,0.0,0.0,0.0,0
2023-05-10 21:03:18,i2401-P-950,i2401-P-950,277.9,0.0,0.0,0.0,20,230.7,325.2,1,277.9,0.0,0.0,0.0,0.0,0.0,0
2023-05-10 21:03:19,i2401-P-950,i2401-P-950,277.9,0.0,0.0,0.0,1,231.0,325.1,20,277.9,0.0,0.0,0.0,0.0,0.0,0
2023-05-10 21:03:19,i2401-P-950,i2401-P-950,277.9,0.0,0.0,0.0,20,231.1,324.8,1,277.9,0.0,0.0,0.0,0.0,0.0,0
2023-05-10 21:03:20,i2401-P-950,i2401-P-950,277.9,0.0,0.0,0.0,1,231.4,324.7,20,277.9,0.0,0.0,0.0,0.0,0.0,0
2023-05-10 21:03:20,i2401-P-950,i2401-P-950,277.9,0.0,0.0,0.0,20,231.5,324.4,1,277.9,0.0,0.0,0.0,0.0,0.0,0
2023-05-10 21:03:21,i2401-P-950,i2401-P-950,277.9,0.0,0.0,0.0,1,231.8,324.3,20,277.9,0.0,0.0,0.0,0.0,0.0,0
2023-05-10 21:03:21,i2401-P-950,i2401-P-950,277.9,0.0,0.0,0.0,20,231.9,324.0,1,277.9,0.0,0.0,0.0,0.0,0.0,0
2023-05-10 21:03:22,i2401-P-950,i2401-P-950,277.9,0.0,0.0,0.0,1,232.2,323.9,20,277.9,0.0,0.0,0.0,0.0,0.0,0
2023-05-10 21:03:22,i2401-P-950,i2401-P-950,277.9,0.0,0.0,0.0,20,232.3,323.6,1,277.9,0.0,0.0,0.0,0.0,0.0,0
2023-05-10 21:03:23,i2401-P-950,i2401-P-950,277.9,0.0,0.0,0.0,1,232.6,323.5,20,277.9,0.0,0.0,0.0,0.0,0.0,0
2023-05-10 21:03:23,i2401-P-950,i2401-P-950,277.9,0.0,0.0,0.0,20,232.7,323.2,1,277.9,0.0,0.0,0.0,0.0,0.0,0
2023-05-10 21:03:24,i2401-P-950,i2401-P-950,277.9,0.0,0.0,0.0,1,233.0,323.1,20,277.9,0.0,0.0,0.0,0.0,0.0,0
2023-05-10 21:03:24,i2401-P-950,i2401-P-950,277.9,0.0,0.0,0.0,20,233.1,322.8,1,277.9,0.0,0.0,0.0,0.0,0.0,0
2023-05-10 21:03:25,i2401-P-950,i2401-P-950,277.9,0.0,0.0,0.0,1,233.4,322.7,20,277.9,0.0,0.0,0.0,0.0,0.0,0
2023-05-10 21:03:25,i2401-P-950,i2401-P-950,277.9,0.0,0.0,0.0,20,233.5,322.4,1,277.9,0.0,0.0,0.0,0.0,0.0,0
2023-05-10 21:03:26,i2401-P-950,i2401-P-950,277.9,0.0,0.0,0.0,1,233.8,322.3,20,277.9,0.0,0.0,0.0,0.0,0.0,0
2023-05-10 21:03:26,i2401-P-950,i2401-P-950,277.9,0.0,0.0,0.0,20,233.9,322.0,1,277.9,0.0,0.0,0.0,0.0,0.0,0
2023-05-10 21:03:27,i2401-P-950,i2401-P-950,277.9,0.0,0.0,0.0,1,234.2,321.9,20,277.9,0.0,0.0,0.0,0.0,0.0,0
2023-05-10 21:03:27,i2401-P-950,i2401-P-950,277.9,0.0,0.0,0.0,20,234.3,321.6,1,277.9,0.0,0.0,0.0,0.0,0.0,0
2023-05-10 21:03:28,i2401-P-950,i2401-P-950,277.9,0.0,0.0,0.0,1,234.6,321.5,20,277.9,0.0,0.0,0.0,0.0,0.0,0
2023-05-10 21:03:28,i2401-P-950,i2401-P-950,277.9,0.0,0.0,0.0,20,234.7,321.2,1,277.9,0.0,0.0,0.0,0.0,0.0,0
2023-05-10 21:03:29,i2401-P-950,i2401-P-950,277.9,0.0,0.0,0.0,1,235.0,321.1,20,277.9,0.0,0.0,0.0,0.0,0.0,0
2023-05-10 21:03:29,i2401-P-950,i2401-P-950,277.9,0.0,0.0,0.0,20,235.1,320.8,1,277.9,0.0,0.0,0.0,0.0,0.0,0
2023-05-10 21:03:30,i2401-P-950,i2401-P-950,277.9,0.0,0.0,0.0,1,235.4,320.7,20,277.9,0.0,0.0,0.0,0.0,0.0,0
2023-05-10 21:03:30,i2401-P-950,i2401-P-950,277.9,0.0,0.0,0.0,20,235.5,320.4,1,277.9,0.0,0.0,0.0,0.0,0.0,0
2023-05-10 21:03:31,i2401-P-950,i2401-P-950,277.9,0.0,0.0,0.0,1,235.8,320.3,20,277.9,0.0,0.0,0.0,0.0,0.0,0
2023-05-10 21:03:31,i2401-P-950,i2401-P-950,277.9,0.0,0.0,0.0,20,235.9,320.0,1,277.9,0.0,0.0,0.0,0.0,0.0,0
2023-05-10 21:03:32,i2401-P-950,i2401-P-950,277.9,0.0,0.0,0.0,1,236.2,319.9,20,277.9,0.0,0.0,0.0,0.0,0.0,0
2023-05-10 21:03:32,i2401-P-950,i2401-P-950,277.9,0.0,0.0,0.0,20,236.3,319.6,1,277.9,0.0,0.0,0.0,0.0,0.0,0
2023-05-10 21:03:33,i2401-P-950,i2401-P-950,277.9,0.0,0.0,0.0,1,236.6,319.5,20,277.9,0.0,0.0,0.0,0.0,0.0,0
2023-05-10 21:03:33,i2401-P-950,i2401-P-950,277.9,0.0,0.0,0.0,20,236.7,319.2,1,277.9,0.0,0.0,0.0,0.0,0.0,0
2023-05-10 21:03:34,i2401-P-950,i2401-P-950,277.9,0.0,0.0,0.0,1,237.0,319.1,20,277.9,0.0,0.0,0.0,0.0,0.0,0
2023-05-10 21:03:34,i2401-P-950,i2401-P-950,277.9,0.0,0.0,0.0,20,237.1,318.8,1,277.9,0.0,0.0,0.0,0.0,0.0,0
2023-05-10 21:03:35,i2401-P-950,i2401-P-950,277.9,0.0,0.0,0.0,1,237.4,318.7,20,277.9,0.0,0.0,0.0,0.0,0.0,0
2023-05-10 21:03:35,i2401-P-950,i2401-P-950,277.9,0.0,0.0,0.0,20,237.5,318.4,1,277.9,0.0,0.0,0.0,0.0,0.0,0
2023-05-10 21:03:36,i2401-P-950,i2401-P-950,277.9,0.0,0.0,0.0,1,237.8,318.3,20,277.9,0.0,0.0,0.0,0.0,0.0,0
2023-05-10 21:03:36,i2401-P-950,i2401-P-950,277.9,0.0,0.0,0.0,20,237.9,318.0,1,277.9,0.0,0.0,0.0,0.0,0.0,0
2023-05-10 21:03:37,i2401-P-950,i2401-P-950,277.9,0.0,0.0,0.0,1,238.2,317.9,20,277.9,0.0,0.0,0.0,0.0,0.0,0
2023-05-10 21:03:37,i2401-P-950,i2401-P-950,277.9,0.0,0.0,0.0,20,238.3,317.6,1,277.9,0.0,0.0,0.0,0.0,0.0,0
2023-05-10 21:03:38,i2401-P-950,i2401-P-950,277.9,0.0,0.0,0.0,1,238.6,317.5,20,277.9,0.0,0.0,0.0,0.0,0.0,0
2023-05-10 21:03:38,i2401-P-950,i2401-P-950,277.9,0.0,0.0,0.0,20,238.7,317.2,1,277.9,0.0,0.0,0.0,0.0,0.0,0
2023-05-10 21:03:39,i2401-P-950,i2401-P-950,277.9,0.0,0.0,0.0,1,239.0,317.1,20,277.9,0.0,0.0,0.0,0.0,0.0,0
2023-05-10 21:03:39,i2401-P-950,i2401-P-950,277.9,0.0,0.0,0.0,20,239.1,316.8,1,277.9,0.0,0.0,0.0,0.0,0.0,0
2023-05-10 21:03:40,i2401-P-950,i2401-P-950,277.9,0.0,0.0,0.0,1,239.4,316.7,20,277.9,0.0,0.0,0.0,0.0,0.0,0
2023-05-10 21:03:40,i2401-P-950,i2401-P-950,277.9,0.0,0.0,0.0,20,239.5,316.4,1,277.9,0.0,0.0,0.0,0.0,0.0,0
2023-05-10 21:03:41,i2401-P-950,i2401-P-950,277.9,0.0,0.0,0.0,1,239.8,316.3,20,277.9,0.0,0.0,0.0,0.0,0.0,0
2023-05-10 21:03:41,i2401-P-950,i2401-P-950,277.9,0.0,0.0,0.0,20,239.9,316.0,1,277.9,0.0,0.0,0.0,0.0,0.0,0
2023-05-10 21:03:42,i2401-P-950,i2401-P-950,277.9,0.0,0.0,0.0,1,240.2,315.9,20,277.9,0.0,0.0,0.0,0.0,0.0,0
2023-05-10 21:03:42,i2401-P-950,i2401-P-950,277.9,0.0,0.0,0.0,20,240.3,315.6,1,277.9,0.0,0.0,0.0,0.0,0.0,0
2023-05-10 21:03:43,i2401-P-950,i2401-P-950,277.9,0.0,0.0,0.0,1,240.6,315.5,20,277.9,0.0,0.0,0.0,0.0,0.0,0
2023-05-10 21:03:43,i2401-P-950,i2401-P-950,277.9,0.0,0.0,0.0,20,240.7,315.5,20,277.9,0.0,0.0,0.0,0.0,0.0,0
2023-05-10 21:14:38,i2401-P-950,i2401-P-950,277.9,0.0,0.0,0.0,1,241.0,315.5,20,277.9,0.0,0.0,0.0,0.0,0.0,0
2023-05-10 21:14:38,i2401-P-950,i2401-P-950,277.9,0.0,0.0,0.0,20,241.1,315.5,20,277.9,0.0,0.0,0.0,0.0,0.0,0
2023-05-10 21:14:39,i2401-P-950,i2401-P-950,277.9,0.0,0.0,0.0,1,241.4,315.5,20,277.9,0.0,0.0,0.0,0.0,0.0,0
2023-05-10 21:14:39,i2401-P-950,i2401-P-950,277.9,0.0,0.0,0.0,20,241.5,315.5,20,277.9,0.0,0.0,0.0,0.0,0.0,0
2023-05-10 21:14:40,i2401-P-950,i2401-P-950,277.9,0.0,0.0,0.0,1,241.8,315.5,20,277.9,0.0,0.0,0.0,0.0,0.0,0
2023-05-10 21:14:40,i2401-P-950,i2401-P-950,277.9,0.0,0.0,0.0,20,241.9,315.5,20,277.9,0.0,0.0,0.0,0.0,0.0,0
2023-05-10 21:14:41,i2401-P-950,i2401-P-950,277.9,0.0,0.0,0.0,1,242.2,315.5,20,277.9,0.0,0.0,0.0,0.0,0.0,0
2023-05-10 21:14:41,i2401-P-950,i2401-P-950,277.9,0.0,0.0,0.0,20,242.3,315.5,20,277.9,0.0,0.0,0.0,0.0,0.0,0
2023-05-10 21:14:42,i2401-P-950,i2401-P-950,277.9,0.0,0.0,0.0,1,242.6,315.5,20,277.9,0.0,0.0,0.0,0.0,0.0,0
2023-05-10 21:14:42,i2401-P-950,i2401-P-950,277.9,0.0,0.0,0.0,20,242.7,315.5,20,277.9,0.0,0.0,0.0,0.0,0.0,0
2023-05-10 21:14:43,i2401-P-950,i2401-P-950,277.9,0.0,0.0,0.0,1,243.0,315.5,20,277.9,0.0,0.0,0.0,0.0,0.0,0
2023-05-10 21:14:43,i2401-P-950,i2401-P-950,277.9,0.0,0.0,0.0,20,243.1,315.5,20,277.9,0.0,0.0,0.0,0.0,0.0,0
2023-05-10 21:14:44,i2401-P-950,i2401-P-950,277.9,0.0,0.0,0.0,1,243.4,315.5,20,277.9,0.0,0.0,0.0,0.0,0.0,0
2023-05-10 21:14:44,i2401-P-950,i2401-P-950,277.9,0.0,0.0,0.0,20,243.5,315.5,20,277.9,0.0,0.0,0.0,0.0,0.0,0
2023-05-10 21:14:45,i2401-P-950,i2401-P-950,277.9,0.0,0.0,0.0,1,243.8,315.5,20,277.9,0.0,0.0,0.0,0.0,0.0,0
2023-05-10 21:14:45,i2401-P-950,i2401-P-950,277.9,0.0,0.0,0.0,20,243.9,315.5,20,277.9,0.0,0.0,0.0,0.0,0.0,0
2023-05-10 21:14:46,i2401-P-950,i2401-P-950,277.9,0.0,0.0,0.0,1,244.2,315.5,20,277.9,0.0,0.0,0.0,0.0,0.0,0
2023-05-10 21:14:46,i2401-P-950,i2401-P-950,277.9,0.0,0.0,0.0,20,244.3,315.5,20,277.9,0.0,0.0,0.0,0.0,0.0,0
2023-05-10 21:34:38,i2401-P-950,i2401-P-950,277.9,0.0,0.0,0.0,1,244.6,315.5,20,277.9,0.0,0.0,0.0,0.0,0.0,0
2023-05-10 21:34:38,i2401-P-950,i2401-P-950,277.9,0.0,0.0,0.0,20,244.7,315.5,20,277.9,0.0,0.0,0.0,0.0,0.0,0
2023-05-10 21:34:39,i2401-P-950,i2401-P-950,277.9,0.0,0.0,0.0,1,245.0,315.5,20,277.9,0.0,0.0,0.0,0.0,0.0,0
2023-05-10 21:34:39,i2401-P-950,i2401-P-950,277.9,0.0,0.0,0.0,20,245.1,315.5,20,277.9,0.0,0.0,0.0,0.0,0.0,0
2023-05-10 21:34:40,i2401-P-950,i2401-P-950,277.9,0.0,0.0,0.0,1,245.4,315.5,20,277.9,0.0,0.0,0.0,0.0,0.0,0
2023-05-10 21:34:40,i2401-P-950,i2401-P-950,277.9,0.0,0.0,0.0,20,245.5,315.5,20,277.9,0.0,0.0,0.0,0.0,0.0,0
2023-05-10 21:34:41,i2401-P-950,i2401-P-950,277.9,0.0,0.0,0.0,20,245.9,315.5,20,277.9,0.0,0.0,0.0,0.0,0.0,0
2023-05-10 21:34:42,i2401-P-950,i2401-P-950,277.9,0.0,0.0,0.0,1,246.2,315.5,20,277.9,0.0,0.0,0.0,0.0,0.0,0
2023-05-10 21:34:42,i2401-P-950,i2401-P-950,277.9,0.0,0.0,0.0,20,246.3,315.5,20,277.9,0.0,0.0,0.0,0.0,0.0,0
2023-05-10 21:34:43,i2401-P-950,i2401-P-950,277.9,0.0,0.0,0.0,1,246.6,315.5,20,277.9,0.0,0.0,0.0,0.0,0.0,0
2023-05-10 21:34:43,i2401-P-950,i2401-P-950,277.9,0.0,0.0,0.0,20,246.7,315.5,20,277.9,0.0,0.0,0.0,0.0,0.0,0
2023-05-10 21:34:45,i2401-P-950,i2401-P-950,277.9,0.0,0.0,0.0,1,247.0,315.5,20,277.9,0.0,0.0,0.0,0.0,0.0,0
2023-05-10 21:34:45,i2401-P-950,i2401-P-950,277.9,0.0,0.0,0.0,20,247.1,315.5,20,277.9,0.0,0.0,0.0,0.0,0.0,0
2023-05-10 21:34:46,i2401-P-950,i2401-P-950,277.9,0.0,0.0,0.0,1,247.4,315.5,20,277.9,0.0,0.0,0.0,0.0,0.0,0
2023-05-10 21:34:46,i2401-P-950,i2401-P-950,277.9,0.0,0.0,0.0,20,247.5,315.5,20,277.9,0.0,0.0,0.0,0.0,0.0,0
2023-05-10 21:34:47,i2401-P-950,i2401-P-950,277.9,0.0,0.0,0.0,1,247.8,315.5,20,277.9,0.0,0.0,0.0,0.0,0.0,0
2023-05-10 21:34:47,i2401-P-950,i2401-P-950,277.9,0.0,0.0,0.0,20,247.9,315.5,20,277.9,0.0,0.0,0.0,0.0,0.0,0
2023-05-10 21:54:38,i2401-P-950,i2401-P-950,277.9,0.0,0.0,0.0,1,248.2,315.5,20,277.9,0.0,0.0,0.0,0.0,0.0,0
2023-05-10 21:54:38,i2401-P-950,i2401-P-950,277.9,0.0,0.0,0.0,20,248.3,315.5,20,277.9,0.0,0.0,0.0,0.0,0.0,0
2023-05-10 21:54:39,i2401-P-950,i2401-P-950,277.9,0.0,0.0,0.0,1,248.6,315.5,20,277.9,0.0,0.0,0.0,0.0,0.0,0
2023-05-10 21:54:39,i2401-P-950,i2401-P-950,277.9,0.0,0.0,0.0,20,248.7,315.5,20,277.9,0.0,0.0,0.0,0.0,0.0,0
2023-05-10 21:54:40,i2401-P-950,i2401-P-950,277.9,0.0,0.0,0.0,1,249.0,315.5,20,277.9,0.0,0.0,0.0,0.0,0.0,0
2023-05-10 21:54:40,i2401-P-950,i2401-P-950,277.9,0.0,0.0,0.0,20,249.1,315.5,20,277.9,0.0,0.0,0.0,0.0,0.0,0
2023-05-10 21:54:41,i2401-P-950,i2401-P-950,277.9,0.0,0.0,0.0,1,249.4,315.5,20,277.9,0.0,0.0,0.0,0.0,0.0,0
2023-05-10 21:54:41,i2401-P-950,i2401-P-950,277.9,0.0,0.0,0.0,20,249.5,315.5,20,277.9,0.0,0.0,0.0,0.0,0.0,0
2023-05-10 21:54:42,i2401-P-950,i2401-P-950,277.9,0.0,0.0,0.0,1,249.8,315.5,20,277.9,0.0,0.0,0.0,0.0,0.0,0
2023-05-10 21:54:42,i2401-P-950,i2401-P-950,277.9,0.0,0.0,0.0,20,249.9,315.5,20,277.9,0.0,0.0,0.0,0.0,0.0,0
2023-05-10 21:54:43,i2401-P-950,i2401-P-950,277.9,0.0,0.0,0.0,1,250.2,315.5,20,277.9,0.0,0.0,0.0,0.0,0.0,0
2023-05-10 21:54:43,i2401-P-950,i2401-P-950,277.9,0.0,0.0,0.0,20,250.3,315.5,20,277.9,0.0,0.0,0.0,0.0,0.0,0
2023-05-10 21:54:44,i2401-P-950,i2401-P-950,277.9,0.0,0.0,0.0,1,250.6,315.5,20,277.9,0.0,0.0,0.0,0.0,0.0,0
2023-05-10 21:54:44,i2401-P-950,i2401-P-950,277.9,0.0,0.0,0.0,20,250.7,315.5,20,277.9,0.0,0.0,0.0,0.0,0.0,0
2023-05-10 21:54:45,i2401-P-950,i2401-P-950,277.9,0.0,0.0,0.0,1,251.0,315.5,20,277.9,0.0,0.0,0.0,0.0,0.0,0
2023-05-10 21:54:45,i2401-P-950,i2401-P-950,277.9,0.0,0.0,0.0,20,251.1,315.5,20,277.9,0.0,0.0,0.0,0.0,0.0,0
2023-05-10 21:54:46,i2401-P-950,i2401-P-950,277.9,0.0,0.0,0.0,1,251.4,315.5,20,277.9,0.0,0.0,0.0,0.0,0.0,0
2023-05-10 21:54:46,i2401-P-950,i2401-P-950,277.9,0.0,0.0,0.0,20,251.5,315.5,20,277.9,0.0,0.0,0.0,0.0,0.0,0
2023-05-10 22:24:38,i2401-P-950,i2401-P-950,277.9,0.0,0.0,0.0,1,251.8,315.5,20,277.9,0.0,0.0,0.0,0.0,0.0,0
2023-05-10 22:24:38,i2401-P-950,i2401-P-950,277.9,0.0,0.0,0.0,20,251.9,315.5,20,277.9,0.0,0.0,0.0,0.0,0.0,0
2023-05-10 22:24:39,i2401-P-950,i2401-P-950,277.9,0.0,0.0,0.0,1,252.2,315.5,20,277.9,0.0,0.0,0.0,0.0,0.0,0
2023-05-10 22:24:39,i2401-P-950,i2401-P-950,277.9,0.0,0.0,0.0,20,252.3,315.5,20,277.9,0.0,0.0,0.0,0.0,0.0,0
2023-05-10 22:44:38,i2401-P-950,i2401-P-950,277.9,0.0,0.0,0.0,1,252.6,315.5,20,277.9,0.0,0.0,0.0,0.0,0.0,0
2023-05-10 22:44:38,i2401-P-950,i2401-P-950,277.9,0.0,0.0,0.0,20,252.7,315.5,20,277.9,0.0,0.0,0.0,0.0,0.0,0
2023-05-10 22:44:39,i2401-P-950,i2401-P-950,277.9,0.0,0.0,0.0,1,253.0,315.5,20,277.9,0.0,0.0,0.0,0.0,0.0,0
2023-05-10 22:44:39,i2401-P-950,i2401-P-950,277.9,0.0,0.0,0.0,20,253.1,315.5,20,277.9,0.0,0.0,0.0,0.0,0.0,0
2023-05-10 22:44:40,i2401-P-950,i2401-P-950,277.9,0.0,0.0,0.0,1,253.4,315.5,20,277.9,0.0,0.0,0.0,0.0,0.0,0
2023-05-10 22:44:40,i2401-P-950,i2401-P-950,277.9,0.0,0.0,0.0,20,253.5,315.5,20,277.9,0.0,0.0,0.0,0.0,0.0,0
2023-05-10 22:44:41,i2401-P-950,i2401-P-950,277.9,0.0,0.0,0.0,1,253.8,315.5,20,277.9,0.0,0.0,0.0,0.0,0.0,0
2023-05-10 22:44:41,i2401-P-950,i2401-P-950,277.9,0.0,0.0,0.0,20,253.9,315.5,20,277.9,0.0,0.0,0.0,0.0,0.0,0
2023-05-10 22:44:42,i2401-P-950,i2401-P-950,277.9,0.0,0.0,0.0,1,254.2,315.5,20,277.9,0.0,0.0,0.0,0.0,0.0,0
2023-05-10 22:44:42,i2401-P-950,i2401-P-950,277.9,0.0,0.0,0.0,20,254.3,315.5,20,277.9,0.0,0.0,0.0,0.0,0.0,0
2023-05-10 22:44:43,i2401-P-950,i2401-P-950,277.9,0.0,0.0,0.0,1,254.6,315.5,20,277.9,0.0,0.0,0.0,0.0,0.0,0
2023-05-10 22:44:43,i2401-P-950,i2401-P-950,277.9,0.0,0.0,0.0,20,254.7,315.5,20,277.9,0.0,0.0,0.0,0.0,0.0,0
2023-05-10 22:44:44,i2401-P-950,i2401-P-950,277.9,0.0,0.0,0.0,1,255.0,315.5,20,277.9,0.0,0.0,0.0,0.0,0.0,0
2023-05-10 22:44:44,i2401-P-950,i2401-P-950,277.9,0.0,0.0,0.0,20,255.1,315.5,20,277.9,0.0,0.0,0.0,0.0,0.0,0
2023-05-10 22:44:45,i2401-P-950,i2401-P-950,277.9,0.0,0.0,0.0,1,255.4,315.5,20,277.9,0.0,0.0,0.0,0.0,0.0,0
2023-05-10 22:44:45,i2401-P-950,i2401-P-950,277.9,0.0,0.0,0.0,20,255.5,315.5,20,277.9,0.0,0.0,0.0,0.0,0.0,0
2023-05-10 22:44:46,i2401-P-950,i2401-P-950,277.9,0.0,0.0,0.0,1,255.8,315.5,20,277.9,0.0,0.0,0.0,0.0,0.0,0
2023-05-10 22:44:46,i2401-P-950,i2401-P-950,277.9,0.0,0.0,0.0,20,255.9,315.5,20,277.9,0.0,0.0,0.0,0.0,0.0,0
2023-05-10 22:44:47,i2401-P-950,i2401-P-950,277.9,0.0,0.0,0.0,1,256.2,315.5,20,277.9,0.0,0.0,0.0,0.0,0.0,0
2023-05-10 22:44:47,i2401-P-950,i2401-P-950,277.9,0.0,0.0,0.0,20,256.3,315.5,20,277.9,0.0,0.0,0.0,0.0,0.0,0
2023-05-10 22:57:32,i2401-P-950,i2401-P-950,277.9,0.0,0.0,0.0,0,0.0,0.0,0,277.9,0.0,0.0,0.0,0.0,0.0,0
2023-05-11 09:02:03,i2401-P-950,i2401-P-950,277.9,0.0,0.0,0.0,20,204.3,0.0,0,277.9,0.0,0.0,0.0,0.0,0.0,0
2023-05-11 09:02:05,i2401-P-950,i2401-P-950,277.9,0.0,0.0,0.0,1,204.6,351.5,20,277.9,0.0,0.0,0.0,0.0,0.0,0
2023-05-11 09:02:05,i2401-P-950,i2401-P-950,277.9,0.0,0.0,0.0,20,204.7,351.2,1,277.9,0.0,0.0,0.0,0.0,0.0,0
2023-05-11 09:02:06,i2401-P-950,i2401-P-950,277.9,0.0,0.0,0.0,1,205.0,351.1,20,277.9,0.0,0.0,0.0,0.0,0.0,0
2023-05-11 09:02:06,i2401-P-950,i2401-P-950,277.9,0.0,0.0,0.0,20,205.1,350.8,1,277.9,0.0,0.0,0.0,0.0,0.0,0
2023-05-11 09:02:07,i2401-P-950,i2401-P-950,277.9,0.0,0.0,0.0,1,205.4,350.7,20,277.9,0.0,0.0,0.0,0.0,0.0,0
2023-05-11 09:02:07,i2401-P-950,i2401-P-950,277.9,0.0,0.0,0.0,20,205.5,350.4,1,277.9,0.0,0.0,0.0,0.0,0.0,0
2023-05-11 09:02:08,i2401-P-950,i2401-P-950,277.9,0.0,0.0,0.0,1,205.8,350.3,20,277.9,0.0,0.0,0.0,0.0,0.0,0
2023-05-11 09:02:08,i2401-P-950,i2401-P-950,277.9,0.0,0.0,0.0,20,205.9,350.0,1,277.9,0.0,0.0,0.0,0.0,0.0,0
2023-05-11 09:02:09,i2401-P-950,i2401-P-950,277.9,0.0,0.0,0.0,1,206.2,349.9,20,277.9,0.0,0.0,0.0,0.0,0.0,0
2023-05-11 09:02:09,i2401-P-950,i2401-P-950,277.9,0.0,0.0,0.0,20,206.3,349.6,1,277.9,0.0,0.0,0.0,0.0,0.0,0
2023-05-11 09:02:10,i2401-P-950,i2401-P-950,277.9,0.0,0.0,0.0,1,206.6,349.5,20,277.9,0.0,0.0,0.0,0.0,0.0,0
2023-05-11 09:02:10,i2401-P-950,i2401-P-950,277.9,0.0,0.0,0.0,20,206.7,349.5,20,277.9,0.0,0.0,0.0,0.0,0.0,0
2023-05-11 09:02:11,i2401-P-950,i2401-P-950,277.9,0.0,0.0,0.0,1,207.0,349.5,20,277.9,0.0,0.0,0.0,0.0,0.0,0
2023-05-11 09:02:11,i2401-P-950,i2401-P-950,277.9,0.0,0.0,0.0,20,207.1,349.5,20,277.9,0.0,0.0,0.0,0.0,0.0,0
2023-05-11 09:02:12,i2401-P-950,i2401-P-950,277.9,0.0,0.0,0.0,1,207.4,349.2,1,277.9,0.0,0.0,0.0,0.0,0.0,0
2023-05-11 09:02:12,i2401-P-950,i2401-P-950,277.9,0.0,0.0,0.0,20,207.5,349.1,20,277.9,0.0,0.0,0.0,0.0,0.0,0
2023-05-11 09:02:13,i2401-P-950,i2401-P-950,277.9,0.0,0.0,0.0,1,207.8,348.8,1,277.9,0.0,0.0,0.0,0.0,0.0,0
2023-05-11 09:02:13,i2401-P-950,i2401-P-950,277.9,0.0,0.0,0.0,20,207.9,348.7,20,277.9,0.0,0.0,0.0,0.0,0.0,0
2023-05-11 09:02:14,i2401-P-950,i2401-P-950,277.9,0.0,0.0,0.0,1,208.2,348.4,1,277.9,0.0,0.0,0.0,0.0,0.0,0
2023-05-11 09:02:14,i2401-P-950,i2401-P-950,277.9,0.0,0.0,0.0,20,208.3,348.3,20,277.9,0.0,0.0,0.0,0.0,0.0,0
2023-05-11 09:02:15,i2401-P-950,i2401-P-950,277.9,0.0,0.0,0.0,1,208.6,348.0,1,277.9,0.0,0.0,0.0,0.0,0.0,0
2023-05-11 09:02:15,i2401-P-950,i2401-P-950,277.9,0.0,0.0,0.0,20,208.7,347.9,20,277.9,0.0,0.0,0.0,0.0,0.0,0
2023-05-11 09:02:16,i2401-P-950,i2401-P-950,277.9,0.0,0.0,0.0,1,209.0,347.6,1,277.9,0.0,0.0,0.0,0.0,0.0,0
2023-05-11 09:02:16,i2401-P-950,i2401-P-950,277.9,0.0,0.0,0.0,20,209.1,347.5,20,277.9,0.0,0.0,0.0,0.0,0.0,0
2023-05-11 09:02:17,i2401-P-950,i2401-P-950,277.9,0.0,0.0,0.0,1,209.4,347.2,1,277.9,0.0,0.0,0.0,0.0,0.0,0
2023-05-11 09:02:17,i2401-P-950,i2401-P-950,277.9,0.0,0.0,0.0,20,209.5,347.1,20,277.9,0.0,0.0,0.0,0.0,0.0,0
2023-05-11 09:02:18,i2401-P-950,i2401-P-950,277.9,0.0,0.0,0.0,1,209.8,346.8,1,277.9,0.0,0.0,0.0,0.0,0.0,0
2023-05-11 09:02:18,i2401-P-950,i2401-P-950,277.9,0.0,0.0,0.0,20,209.9,346.7,20,277.9,0.0,0.0,0.0,0.0,0.0,0
2023-05-11 09:02:19,i2401-P-950,i2401-P-950,277.9,0.0,0.0,0.0,1,210.2,346.4,1,277.9,0.0,0.0,0.0,0.0,0.0,0
2023-05-11 09:02:19,i2401-P-950,i2401-P-950,277.9,0.0,0.0,0.0,20,210.3,346.3,20,277.9,0.0,0.0,0.0,0.0,0.0,0
2023-05-11 09:02:20,i2401-P-950,i2401-P-950,277.9,0.0,0.0,0.0,1,210.6,346.0,1,277.9,0.0,0.0,0.0,0.0,0.0,0
2023-05-11 09:02:20,i2401-P-950,i2401-P-950,277.9,0.0,0.0,0.0,20,210.7,345.9,20,277.9,0.0,0.0,0.0,0.0,0.0,0
2023-05-11 09:02:21,i2401-P-950,i2401-P-950,277.9,0.0,0.0,0.0,1,211.0,345.6,1,277.9,0.0,0.0,0.0,0.0,0.0,0
2023-05-11 09:02:21,i2401-P-950,i2401-P-950,277.9,0.0,0.0,0.0,20,211.1,345.5,20,277.9,0.0,0.0,0.0,0.0,0.0,0
2023-05-11 09:02:22,i2401-P-950,i2401-P-950,277.9,0.0,0.0,0.0,1,211.4,345.2,1,277.9,0.0,0.0,0.0,0.0,0.0,0
2023-05-11 09:02:22,i2401-P-950,i2401-P-950,277.9,0.0,0.0,0.0,20,211.5,345.1,20,277.9,0.0,0.0,0.0,0.0,0.0,0
2023-05-11 09:02:23,i2401-P-950,i2401-P-950,277.9,0.0,0.0,0.0,1,211.8,344.8,1,277.9,0.0,0.0,0.0,0.0,0.0,0
2023-05-11 09:02:23,i2401-P-950,i2401-P-950,277.9,0.0,0.0,0.0,20,211.9,344.7,20,277.9,0.0,0.0,0.0,0.0,0.0,0
2023-05-11 09:02:24,i2401-P-950,i2401-P-950,277.9,0.0,0.0,0.0,1,212.2,344.4,1,277.9,0.0,0.0,0.0,0.0,0.0,0
2023-05-11 09:02:24,i2401-P-950,i2401-P-950,277.9,0.0,0.0,0.0,20,212.3,344.3,20,277.9,0.0,0.0,0.0,0.0,0.0,0
2023-05-11 09:02:25,i2401-P-950,i2401-P-950,277.9,0.0,0.0,0.0,1,212.6,344.0,1,277.9,0.0,0.0,0.0,0.0,0.0,0
2023-05-11 09:02:25,i2401-P-950,i2401-P-950,277.9,0.0,0.0,0.0,20,212.7,343.9,20,277.9,0.0,0.0,0.0,0.0,0.0,0
2023-05-11 09:02:26,i2401-P-950,i2401-P-950,277.9,0.0,0.0,0.0,1,213.0,343.6,1,277.9,0.0,0.0,0.0,0.0,0.0,0
2023-05-11 09:02:26,i2401-P-950,i2401-P-950,277.9,0.0,0.0,0.0,20,213.1,343.5,20,277.9,0.0,0.0,0.0,0.0,0.0,0
2023-05-11 09:02:27,i2401-P-950,i2401-P-950,277.9,0.0,0.0,0.0,1,213.4,343.2,1,277.9,0.0,0.0,0.0,0.0,0.0,0
2023-05-11 09:02:27,i2401-P-950,i2401-P-950,277.9,0.0,0.0,0.0,20,213.5,343.1,20,277.9,0.0,0.0,0.0,0.0,0.0,0
2023-05-11 09:02:28,i2401-P-950,i2401-P-950,277.9,0.0,0.0,0.0,1,213.8,342.8,1,277.9,0.0,0.0,0.0,0.0,0.0,0
2023-05-11 09:02:28,i2401-P-950,i2401-P-950,277.9,0.0,0.0,0.0,20,213.9,342.7,20,277.9,0.0,0.0,0.0,0.0,0.0,0
2023-05-11 09:02:29,i2401-P-950,i2401-P-950,277.9,0.0,0.0,0.0,1,214.2,342.4,1,277.9,0.0,0.0,0.0,0.0,0.0,0
2023-05-11 09:02:29,i2401-P-950,i2401-P-950,277.9,0.0,0.0,0.0,20,214.3,342.3,20,277.9,0.0,0.0,0.0,0.0,0.0,0
2023-05-11 09:02:30,i2401-P-950,i2401-P-950,277.9,0.0,0.0,0.0,1,214.6,342.0,1,277.9,0.0,0.0,0.0,0.0,0.0,0
2023-05-11 09:02:30,i2401-P-950,i2401-P-950,277.9,0.0,0.0,0.0,20,214.7,341.9,20,277.9,0.0,0.0,0.0,0.0,0.0,0
2023-05-11 09:02:31,i2401-P-950,i2401-P-950,277.9,0.0,0.0,0.0,1,215.0,341.6,1,277.9,0.0,0.0,0.0,0.0,0.0,0
2023-05-11 09:02:31,i2401-P-950,i2401-P-950,277.9,0.0,0.0,0.0,20,215.1,341.5,20,277.9,0.0,0.0,0.0,0.0,0.0,0
2023-05-11 09:02:32,i2401-P-950,i2401-P-950,277.9,0.0,0.0,0.0,1,215.4,341.2,1,277.9,0.0,0.0,0.0,0.0,0.0,0
2023-05-11 09:02:32,i2401-P-950,i2401-P-950,277.9,0.0,0.0,0.0,20,215.5,341.1,20,277.9,0.0,0.0,0.0,0.0,0.0,0
2023-05-11 09:02:33,i2401-P-950,i2401-P-950,277.9,0.0,0.0,0.0,1,215.8,340.8,1,277.9,0.0,0.0,0.0,0.0,0.0,0
2023-05-11 09:02:33,i2401-P-950,i2401-P-950,277.9,0.0,0.0,0.0,20,215.9,340.7,20,277.9,0.0,0.0,0.0,0.0,0.0,0
2023-05-11 09:02:34,i2401-P-950,i2401-P-950,277.9,0.0,0.0,0.0,1,216.2,340.4,1,277.9,0.0,0.0,0.0,0.0,0.0,0
2023-05-11 09:02:34,i2401-P-950,i2401-P-950,277.9,0.0,0.0,0.0,20,216.3,340.3,20,277.9,0.0,0.0,0.0,0.0,0.0,0
2023-05-11 09:02:35,i2401-P-950,i2401-P-950,277.9,0.0,0.0,0.0,1,216.6,340.0,1,277.9,0.0,0.0,0.0,0.0,0.0,0
2023-05-11 09:02:35,i2401-P-950,i2401-P-950,277.9,0.0,0.0,0.0,20,216.7,339.9,20,277.9,0.0,0.0,0.0,0.0,0.0,0
2023-05-11 09:02:36,i2401-P-950,i2401-P-950,277.9,0.0,0.0,0.0,1,217.0,339.6,1,277.9,0.0,0.0,0.0,0.0,0.0,0
2023-05-11 09:02:36,i2401-P-950,i2401-P-950,277.9,0.0,0.0,0.0,20,217.1,339.5,20,277.9,0.0,0.0,0.0,0.0,0.0,0
2023-05-11 09:02:37,i2401-P-950,i2401-P-950,277.9,0.0,0.0,0.0,1,217.4,339.2,1,277.9,0.0,0.0,0.0,0.0,0.0,0
2023-05-11 09:02:37,i2401-P-950,i2401-P-950,277.9,0.0,0.0,0.0,20,217.5,339.1,20,277.9,0.0,0.0,0.0,0.0,0.0,0
2023-05-11 09:02:38,i2401-P-950,i2401-P-950,277.9,0.0,0.0,0.0,1,217.8,338.8,1,277.9,0.0,0.0,0.0,0.0,0.0,0
2023-05-11 09:02:38,i2401-P-950,i2401-P-950,277.9,0.0,0.0,0.0,20,217.9,338.7,20,277.9,0.0,0.0,0.0,0.0,0.0,0
2023-05-11 09:02:39,i2401-P-950,i2401-P-950,277.9,0.0,0.0,0.0,1,218.2,338.4,1,277.9,0.0,0.0,0.0,0.0,0.0,0
2023-05-11 09:02:39,i2401-P-950,i2401-P-950,277.9,0.0,0.0,0.0,20,218.3,338.3,20,277.9,0.0,0.0,0.0,0.0,0.0,0
2023-05-11 09:02:40,i2401-P-950,i2401-P-950,277.9,0.0,0.0,0.0,1,218.6,338.0,1,277.9,0.0,0.0,0.0,0.0,0.0,0
2023-05-11 09:02:40,i2401-P-950,i2401-P-950,277.9,0.0,0.0,0.0,20,218.7,337.9,20,277.9,0.0,0.0,0.0,0.0,0.0,0
2023-05-11 09:02:41,i2401-P-950,i2401-P-950,277.9,0.0,0.0,0.0,1,219.0,337.6,1,277.9,0.0,0.0,0.0,0.0,0.0,0
2023-05-11 09:02:41,i2401-P-950,i2401-P-950,277.9,0.0,0.0,0.0,20,219.1,337.5,20,277.9,0.0,0.0,0.0,0.0,0.0,0
2023-05-11 09:02:42,i2401-P-950,i2401-P-950,277.9,0.0,0.0,0.0,1,219.4,337.2,1,277.9,0.0,0.0,0.0,0.0,0.0,0
2023-05-11 09:02:42,i2401-P-950,i2401-P-950,277.9,0.0,0.0,0.0,20,219.5,337.1,20,277.9,0.0,0.0,0.0,0.0,0.0,0
2023-05-11 09:02:43,i2401-P-950,i2401-P-950,277.9,0.0,0.0,0.0,1,219.8,336.8,1,277.9,0.0,0.0,0.0,0.0,0.0,0
2023-05-11 09:02:43,i2401-P-950,i2401-P-950,277.9,0.0,0.0,0.0,20,219.9,336.7,20,277.9,0.0,0.0,0.0,0.0,0.0,0
2023-05-11 09:02:44,i2401-P-950,i2401-P-950,277.9,0.0,0.0,0.0,1,220.2,336.4,1,277.9,0.0,0.0,0.0,0.0,0.0,0
2023-05-11 09:02:44,i2401-P-950,i2401-P-950,277.9,0.0,0.0,0.0,20,220.3,336.3,20,277.9,0.0,0.0,0.0,0.0,0.0,0
2023-05-11 09:02:45,i2401-P-950,i2401-P-950,277.9,0.0,0.0,0.0,1,220.6,336.0,1,277.9,0.0,0.0,0.0,0.0,0.0,0
2023-05-11 09:02:45,i2401-P-950,i2401-P-950,277.9,0.0,0.0,0.0,20,220.7,335.9,20,277.9,0.0,0.0,0.0,0.0,0.0,0
2023-05-11 09:02:46,i2401-P-950,i2401-P-950,277.9,0.0,0.0,0.0,1,221.0,335.6,1,277.9,0.0,0.0,0.0,0.0,0.0,0
2023-05-11 09:02:46,i2401-P-950,i2401-P-950,277.9,0.0,0.0,0.0,20,221.1,335.5,20,277.9,0.0,0.0,0.0,0.0,0.0,0
2023-05-11 09:02:47,i2401-P-950,i2401-P-950,277.9,0.0,0.0,0.0,1,221.4,335.2,1,277.9,0.0,0.0,0.0,0.0,0.0,0
2023-05-11 09:02:47,i2401-P-950,i2401-P-950,277.9,0.0,0.0,0.0,20,221.5,335.1,20,277.9,0.0,0.0,0.0,0.0,0.0,0
2023-05-11 09:02:48,i2401-P-950,i2401-P-950,277.9,0.0,0.0,0.0,1,221.8,334.8,1,277.9,0.0,0.0,0.0,0.0,0.0,0
2023-05-11 09:02:48,i2401-P-950,i2401-P-950,277.9,0.0,0.0,0.0,20,221.9,334.7,20,277.9,0.0,0.0,0.0,0.0,0.0,0
2023-05-11 09:02:49,i2401-P-950,i2401-P-950,277.9,0.0,0.0,0.0,1,222.2,334.4,1,277.9,0.0,0.0,0.0,0.0,0.0,0
2023-05-11 09:02:49,i2401-P-950,i2401-P-950,277.9,0.0,0.0,0.0,20,222.3,334.3,20,277.9,0.0,0.0,0.0,0.0,0.0,0
2023-05-11 09:02:50,i2401-P-950,i2401-P-950,277.9,0.0,0.0,0.0,1,222.6,334.0,1,277.9,0.0,0.0,0.0,0.0,0.0,0
2023-05-11 09:02:50,i2401-P-950,i2401-P-950,277.9,0.0,0.0,0.0,20,222.7,333.9,20,277.9,0.0,0.0,0.0,0.0,0.0,0
2023-05-11 09:02:51,i2401-P-950,i2401-P-950,277.9,0.0,0.0,0.0,1,223.0,333.6,1,277.9,0.0,0.0,0.0,0.0,0.0,0
2023-05-11 09:02:51,i2401-P-950,i2401-P-950,277.9,0.0,0.0,0.0,20,223.1,333.5,20,277.9,0.0,0.0,0.0,0.0,0.0,0
2023-05-11 09:02:52,i2401-P-950,i2401-P-950,277.9,0.0,0.0,0.0,1,223.4,333.2,1,277.9,0.0,0.0,0.0,0.0,0.0,0
2023-05-11 09:02:52,i2401-P-950,i2401-P-950,277.9,0.0,0.0,0.0,20,223.5,333.1,20,277.9,0.0,0.0,0.0,0.0,0.0,0
2023-05-11 09:02:53,i2401-P-950,i2401-P-950,277.9,0.0,0.0,0.0,1,223.8,332.8,1,277.9,0.0,0.0,0.0,0.0,0.0,0
2023-05-11 09:02:53,i2401-P-950,i2401-P-950,277.9,0.0,0.0,0.0,20,223.9,332.7,20,277.9,0.0,0.0,0.0,0.0,0.0,0
2023-05-11 09:02:54,i2401-P-950,i2401-P-950,277.9,0.0,0.0,0.0,1,224.2,332.4,1,277.9,0.0,0.0,0.0,0.0,0.0,0
2023-05-11 09:02:54,i2401-P-950,i2401-P-950,277.9,0.0,0.0,0.0,20,224.3,332.3,20,277.9,0.0,0.0,0.0,0.0,0.0,0
2023-05-11 09:02:55,i2401-P-950,i2401-P-950,277.9,0.0,0.0,0.0,1,224.6,332.0,1,277.9,0.0,0.0,0.0,0.0,0.0,0
2023-05-11 09:02:55,i2401-P-950,i2401-P-950,277.9,0.0,0.0,0.0,20,224.7,331.9,20,277.9,0.0,0.0,0.0,0.0,0.0,0
2023-05-11 09:02:56,i2401-P-950,i2401-P-950,277.9,0.0,0.0,0.0,1,225.0,331.6,1,277.9,0.0,0.0,0.0,0.0,0.0,0
2023-05-11 09:02:56,i2401-P-950,i2401-P-950,277.9,0.0,0.0,0.0,20,225.1,331.5,20,277.9,0.0,0.0,0.0,0.0,0.0,0
2023-05-11 09:02:57,i2401-P-950,i2401-P-950,277.9,0.0,0.0,0.0,1,225.4,331.2,1,277.9,0.0,0.0,0.0,0.0,0.0,0
2023-05-11 09:02:58,i2401-P-950,i2401-P-950,277.9,0.0,0.0,0.0,20,225.5,331.1,20,277.9,0.0,0.0,0.0,0.0,0.0,0
2023-05-11 09:02:58,i2401-P-950,i2401-P-950,277.9,0.0,0.0,0.0,1,225.8,330.8,1,277.9,0.0,0.0,0.0,0.0,0.0,0
2023-05-11 09:02:59,i2401-P-950,i2401-P-950,277.9,0.0,0.0,0.0,20,225.9,330.7,20,277.9,0.0,0.0,0.0,0.0,0.0,0
2023-05-11 09:02:59,i2401-P-950,i2401-P-950,277.9,0.0,0.0,0.0,1,226.2,330.4,1,277.9,0.0,0.0,0.0,0.0,0.0,0
2023-05-11 09:03:00,i2401-P-950,i2401-P-950,277.9,0.0,0.0,0.0,20,226.3,330.3,20,277.9,0.0,0.0,0.0,0.0,0.0,0
2023-05-11 09:03:00,i2401-P-950,i2401-P-950,277.9,0.0,0.0,0.0,1,226.6,330.0,1,277.9,0.0,0.0,0.0,0.0,0.0,0
2023-05-11 09:03:00,i2401-P-950,i2401-P-950,277.9,0.0,0.0,0.0,20,226.7,329.9,20,277.9,0.0,0.0,0.0,0.0,0.0,0
2023-05-11 09:03:01,i2401-P-950,i2401-P-950,277.9,0.0,0.0,0.0,1,227.0,329.6,1,277.9,0.0,0.0,0.0,0.0,0.0,0
2023-05-11 09:03:01,i2401-P-950,i2401-P-950,277.9,0.0,0.0,0.0,20,227.1,329.5,20,277.9,0.0,0.0,0.0,0.0,0.0,0
2023-05-11 09:03:02,i2401-P-950,i2401-P-950,277.9,0.0,0.0,0.0,1,227.4,329.2,1,277.9,0.0,0.0,0.0,0.0,0.0,0
2023-05-11 09:03:02,i2401-P-950,i2401-P-950,277.9,0.0,0.0,0.0,20,227.5,329.1,20,277.9,0.0,0.0,0.0,0.0,0.0,0
2023-05-11 09:03:03,i2401-P-950,i2401-P-950,277.9,0.0,0.0,0.0,1,227.8,329.1,20,277.9,0.0,0.0,0.0,0.0,0.0,0
2023-05-11 09:03:03,i2401-P-950,i2401-P-950,277.9,0.0,0.0,0.0,20,227.9,329.1,20,277.9,0.0,0.0,0.0,0.0,0.0,0
2023-05-11 09:03:04,i2401-P-950,i2401-P-950,277.9,0.0,0.0,0.0,1,228.2,329.1,20,277.9,0.0,0.0,0.0,0.0,0.0,0
2023-05-11 09:03:04,i2401-P-950,i2401-P-950,277.9,0.0,0.0,0.0,20,228.3,329.1,20,277.9,0.0,0.0,0.0,0.0,0.0,0
2023-05-11 09:03:05,i2401-P-950,i2401-P-950,277.9,0.0,0.0,0.0,1,228.6,329.1,20,277.9,0.0,0.0,0.0,0.0,0.0,0
2023-05-11 09:03:06,i2401-P-950,i2401-P-950,277.9,0.0,0.0,0.0,20,228.7,329.1,20,277.9,0.0,0.0,0.0,0.0,0.0,0
2023-05-11 09:03:06,i2401-P-950,i2401-P-950,277.9,0.0,0.0,0.0,1,229.0,329.1,20,277.9,0.0,0.0,0.0,0.0,0.0,0
2023-05-11 09:03:06,i2401-P-950,i2401-P-950,277.9,0.0,0.0,0.0,20,229.1,329.1,20,277.9,0.0,0.0,0.0,0.0,0.0,0
2023-05-11 09:03:07,i2401-P-950,i2401-P-950,277.9,0.0,0.0,0.0,1,229.4,329.1,20,277.9,0.0,0.0,0.0,0.0,0.0,0
2023-05-11 09:03:07,i2401-P-950,i2401-P-950,277.9,0.0,0.0,0.0,20,229.5,329.1,20,277.9,0.0,0.0,0.0,0.0,0.0,0
2023-05-11 09:03:08,i2401-P-950,i2401-P-950,277.9,0.0,0.0,0.0,1,229.8,329.1,20,277.9,0.0,0.0,0.0,0.0,0.0,0
2023-05-11 09:03:08,i2401-P-950,i2401-P-950,277.9,0.0,0.0,0.0,20,229.9,329.1,20,277.9,0.0,0.0,0.0,0.0,0.0,0
2023-05-11 09:03:09,i2401-P-950,i2401-P-950,277.9,0.0,0.0,0.0,1,230.2,329.1,20,277.9,0.0,0.0,0.0,0.0,0.0,0
2023-05-11 09:03:10,i2401-P-950,i2401-P-950,277.9,0.0,0.0,0.0,20,230.3,329.1,20,277.9,0.0,0.0,0.0,0.0,0.0,0
2023-05-11 09:03:10,i2401-P-950,i2401-P-950,277.9,0.0,0.0,0.0,1,230.6,329.1,20,277.9,0.0,0.0,0.0,0.0,0.0,0
2023-05-11 09:03:11,i2401-P-950,i2401-P-950,277.9,0.0,0.0,0.0,20,230.7,329.1,20,277.9,0.0,0.0,0.0,0.0,0.0,0
2023-05-11 09:03:11,i2401-P-950,i2401-P-950,277.9,0.0,0.0,0.0,1,231.0,329.1,20,277.9,0.0,0.0,0.0,0.0,0.0,0
2023-05-11 09:03:11,i2401-P-950,i2401-P-950,277.9,0.0,0.0,0.0,20,231.1,329.1,20,277.9,0.0,0.0,0.0,0.0,0.0,0
2023-05-11 09:03:12,i2401-P-950,i2401-P-950,277.9,0.0,0.0,0.0,1,231.4,329.1,20,277.9,0.0,0.0,0.0,0.0,0.0,0
2023-05-11 09:03:12,i2401-P-950,i2401-P-950,277.9,0.0,0.0,0.0,20,231.5,329.1,20,277.9,0.0,0.0,0.0,0.0,0.0,0
2023-05-11 09:03:13,i2401-P-950,i2401-P-950,277.9,0.0,0.0,0.0,1,231.8,329.1,20,277.9,0.0,0.0,0.0,0.0,0.0,0
2023-05-11 09:03:14,i2401-P-950,i2401-P-950,277.9,0.0,0.0,0.0,20,231.9,329.1,20,277.9,0.0,0.0,0.0,0.0,0.0,0
2023-05-11 09:03:14,i2401-P-950,i2401-P-950,277.9,0.0,0.0,0.0,1,232.2,329.1,20,277.9,0.0,0.0,0.0,0.0,0.0,0
2023-05-11 09:03:14,i2401-P-950,i2401-P-950,277.9,0.0,0.0,0.0,20,232.3,329.1,20,277.9,0.0,0.0,0.0,0.0,0.0,0
2023-05-11 09:03:15,i2401-P-950,i2401-P-950,277.9,0.0,0.0,0.0,1,232.6,329.1,20,277.9,0.0,0.0,0.0,0.0,0.0,0
2023-05-11 09:03:15,i2401-P-950,i2401-P-950,277.9,0.0,0.0,0.0,20,232.7,329.1,20,277.9,0.0,0.0,0.0,0.0,0.0,0
2023-05-11 09:03:16,i2401-P-950,i2401-P-950,277.9,0.0,0.0,0.0,1,233.0,329.1,20,277.9,0.0,0.0,0.0,0.0,0.0,0
2023-05-11 09:03:16,i2401-P-950,i2401-P-950,277.9,0.0,0.0,0.0,20,233.1,329.1,20,277.9,0.0,0.0,0.0,0.0,0.0,0
2023-05-11 09:03:17,i2401-P-950,i2401-P-950,277.9,0.0,0.0,0.0,1,233.4,329.1,20,277.9,0.0,0.0,0.0,0.0,0.0,0
2023-05-11 09:03:17,i2401-P-950,i2401-P-950,277.9,0.0,0.0,0.0,20,233.5,329.1,20,277.9,0.0,0.0,0.0,0.0,0.0,0
2023-05-11 09:03:18,i2401-P-950,i2401-P-950,277.9,0.0,0.0,0.0,1,233.8,329.1,20,277.9,0.0,0.0,0.0,0.0,0.0,0
2023-05-11 09:03:18,i2401-P-950,i2401-P-950,277.9,0.0,0.0,0.0,20,233.9,329.1,20,277.9,0.0,0.0,0.0,0.0,0.0,0
2023-05-11 09:03:19,i2401-P-950,i2401-P-950,277.9,0.0,0.0,0.0,1,234.2,329.1,20,277.9,0.0,0.0,0.0,0.0,0.0,0
2023-05-11 09:03:19,i2401-P-950,i2401-P-950,277.9,0.0,0.0,0.0,20,234.3,329.1,20,277.9,0.0,0.0,0.0,0.0,0.0,0
2023-05-11 09:03:20,i2401-P-950,i2401-P-950,277.9,0.0,0.0,0.0,1,234.6,329.1,20,277.9,0.0,0.0,0.0,0.0,0.0,0
2023-05-11 09:03:20,i2401-P-950,i2401-P-950,277.9,0.0,0.0,0.0,20,234.7,329.1,20,277.9,0.0,0.0,0.0,0.0,0.0,0
2023-05-11 09:03:21,i2401-P-950,i2401-P-950,277.9,0.0,0.0,0.0,1,235.0,329.1,20,277.9,0.0,0.0,0.0,0.0,0.0,0
2023-05-11 09:03:22,i2401-P-950,i2401-P-950,277.9,0.0,0.0,0.0,20,235.1,329.1,20,277.9,0.0,0.0,0.0,0.0,0.0,0
2023-05-11 09:03:22,i2401-P-950,i2401-P-950,277.9,0.0,0.0,0.0,1,235.4,329.1,20,277.9,0.0,0.0,0.0,0.0,0.0,0
2023-05-11 09:03:23,i2401-P-950,i2401-P-950,277.9,0.0,0.0,0.0,20,235.5,329.1,20,277.9,0.0,0.0,0.0,0.0,0.0,0
2023-05-11 09:03:23,i2401-P-950,i2401-P-950,277.9,0.0,0.0,0.0,1,235.8,329.1,20,277.9,0.0,0.0,0.0,0.0,0.0,0
2023-05-11 09:03:23,i2401-P-950,i2401-P-950,277.9,0.0,0.0,0.0,20,235.9,329.1,20,277.9,0.0,0.0,0.0,0.0,0.0,0
2023-05-11 09:03:24,i2401-P-950,i2401-P-950,277.9,0.0,0.0,0.0,1,236.2,329.1,20,277.9,0.0,0.0,0.0,0.0,0.0,0
2023-05-11 09:03:24,i2401-P-950,i2401-P-950,277.9,0.0,0.0,0.0,20,236.3,329.1,20,277.9,0.0,0.0,0.0,0.0,0.0,0
2023-05-11 09:03:25,i2401-P-950,i2401-P-950,277.9,0.0,0.0,0.0,1,236.6,329.1,20,277.9,0.0,0.0,0.0,0.0,0.0,0
2023-05-11 09:03:25,i2401-P-950,i2401-P-950,277.9,0.0,0.0,0.0,20,236.7,329.1,20,277.9,0.0,0.0,0.0,0.0,0.0,0
2023-05-11 09:03:26,i2401-P-950,i2401-P-950,277.9,0.0,0.0,0.0,1,237.0,329.1,20,277.9,0.0,0.0,0.0,0.0,0.0,0
2023-05-11 09:03:26,i2401-P-950,i2401-P-950,277.9,0.0,0.0,0.0,20,237.1,329.1,20,277.9,0.0,0.0,0.0,0.0,0.0,0
2023-05-11 09:03:27,i2401-P-950,i2401-P-950,277.9,0.0,0.0,0.0,1,237.4,329.1,20,277.9,0.0,0.0,0.0,0.0,0.0,0
2023-05-11 09:03:27,i2401-P-950,i2401-P-950,277.9,0.0,0.0,0.0,20,237.5,329.1,20,277.9,0.0,0.0,0.0,0.0,0.0,0
2023-05-11 09:03:28,i2401-P-950,i2401-P-950,277.9,0.0,0.0,0.0,1,237.8,329.1,20,277.9,0.0,0.0,0.0,0.0,0.0,0
2023-05-11 09:03:28,i2401-P-950,i2401-P-950,277.9,0.0,0.0,0.0,20,237.9,329.1,20,277.9,0.0,0.0,0.0,0.0,0.0,0
2023-05-11 09:03:29,i2401-P-950,i2401-P-950,277.9,0.0,0.0,0.0,1,238.2,329.1,20,277.9,0.0,0.0,0.0,0.0,0.0,0
2023-05-11 09:03:29,i2401-P-950,i2401-P-950,277.9,0.0,0.0,0.0,20,238.3,329.1,20,277.9,0.0,0.0,0.0,0.0,0.0,0
2023-05-11 09:03:30,i2401-P-950,i2401-P-950,277.9,0.0,0.0,0.0,1,238.6,329.1,20,277.9,0.0,0.0,0.0,0.0,0.0,0
2023-05-11 09:03:30,i2401-P-950,i2401-P-950,277.9,0.0,0.0,0.0,20,238.7,329.1,20,277.9,0.0,0.0,0.0,0.0,0.0,0
2023-05-11 09:03:31,i2401-P-950,i2401-P-950,277.9,0.0,0.0,0.0,1,239.0,329.1,20,277.9,0.0,0.0,0.0,0.0,0.0,0
2023-05-11 09:03:31,i2401-P-950,i2401-P-950,277.9,0.0,0.0,0.0,20,239.1,329.1,20,277.9,0.0,0.0,0.0,0.0,0.0,0
2023-05-11 09:03:32,i2401-P-950,i2401-P-950,277.9,0.0,0.0,0.0,1,239.4,329.1,20,277.9,0.0,0.0,0.0,0.0,0.0,0
2023-05-11 09:03:32,i2401-P-950,i2401-P-950,277.9,0.0,0.0,0.0,20,239.5,329.1,20,277.9,0.0,0.0,0.0,0.0,0.0,0
2023-05-11 09:03:33,i2401-P-950,i2401-P-950,277.9,0.0,0.0,0.0,1,239.8,329.1,20,277.9,0.0,0.0,0.0,0.0,0.0,0
2023-05-11 09:03:33,i2401-P-950,i2401-P-950,277.9,0.0,0.0,0.0,20,239.9,329.1,20,277.9,0.0,0.0,0.0,0.0,0.0,0
2023-05-11 09:03:34,i2401-P-950,i2401-P-950,277.9,0.0,0.0,0.0,1,240.2,329.1,20,277.9,0.0,0.0,0.0,0.0,0.0,0
2023-05-11 09:03:34,i2401-P-950,i2401-P-950,277.9,0.0,0.0,0.0,20,240.3,329.1,20,277.9,0.0,0.0,0.0,0.0,0.0,0
2023-05-11 09:03:35,i2401-P-950,i2401-P-950,277.9,0.0,0.0,0.0,1,240.6,329.1,20,277.9,0.0,0.0,0.0,0.0,0.0,0
2023-05-11 09:03:35,i2401-P-950,i2401-P-950,277.9,0.0,0.0,0.0,20,240.7,329.1,20,277.9,0.0,0.0,0.0,0.0,0.0,0
2023-05-11 09:03:36,i2401-P-950,i2401-P-950,277.9,0.0,0.0,0.0,1,241.0,329.1,20,277.9,0.0,0.0,0.0,0.0,0.0,0
2023-05-11 09:03:36,i2401-P-950,i2401-P-950,277.9,0.0,0.0,0.0,20,241.1,329.1,20,277.9,0.0,0.0,0.0,0.0,0.0,0
2023-05-11 09:03:37,i2401-P-950,i2401-P-950,277.9,0.0,0.0,0.0,1,241.4,329.1,20,277.9,0.0,0.0,0.0,0.0,0.0,0
2023-05-11 09:03:37,i2401-P-950,i2401-P-950,277.9,0.0,0.0,0.0,20,241.5,329.1,20,277.9,0.0,0.0,0.0,0.0,0.0,0
2023-05-11 09:03:38,i2401-P-950,i2401-P-950,277.9,0.0,0.0,0.0,1,241.8,329.1,20,277.9,0.0,0.0,0.0,0.0,0.0,0
2023-05-11 09:03:38,i2401-P-950,i2401-P-950,277.9,0.0,0.0,0.0,20,241.9,329.1,20,277.9,0.0,0.0,0.0,0.0,0.0,0
2023-05-11 09:03:39,i2401-P-950,i2401-P-950,277.9,0.0,0.0,0.0,1,242.2,329.1,20,277.9,0.0,0.0,0.0,0.0,0.0,0
2023-05-11 09:03:39,i2401-P-950,i2401-P-950,277.9,0.0,0.0,0.0,20,242.3,329.1,20,277.9,0.0,0.0,0.0,0.0,0.0,0
2023-05-11 09:03:40,i2401-P-950,i2401-P-950,277.9,0.0,0.0,0.0,1,242.6,329.1,20,277.9,0.0,0.0,0.0,0.0,0.0,0
2023-05-11 09:03:40,i2401-P-950,i2401-P-950,277.9,0.0,0.0,0.0,20,242.7,329.1,20,277.9,0.0,0.0,0.0,0.0,0.0,0
2023-05-11 09:03:41,i2401-P-950,i2401-P-950,277.9,0.0,0.0,0.0,1,243.0,329.1,20,277.9,0.0,0.0,0.0,0.0,0.0,0
2023-05-11 09:03:41,i2401-P-950,i2401-P-950,277.9,0.0,0.0,0.0,20,243.1,329.1,20,277.9,0.0,0.0,0.0,0.0,0.0,0
2023-05-11 09:03:42,i2401-P-950,i2401-P-950,277.9,0.0,0.0,0.0,1,243.4,329.1,20,277.9,0.0,0.0,0.0,0.0,0.0,0
2023-05-11 09:03:42,i2401-P-950,i2401-P-950,277.9,0.0,0.0,0.0,20,243.5,329.1,20,277.9,0.0,0.0,0.0,0.0,0.0,0
2023-05-11 09:03:43,i2401-P-950,i2401-P-950,277.9,0.0,0.0,0.0,1,243.8,329.1,20,277.9,0.0,0.0,0.0,0.0,0.0,0
2023-05-11 09:03:43,i2401-P-950,i2401-P-950,277.9,0.0,0.0,0.0,20,243.9,329.1,20,277.9,0.0,0.0,0.0,0.0,0.0,0
2023-05-11 09:03:44,i2401-P-950,i2401-P-950,277.9,0.0,0.0,0.0,1,244.2,329.1,20,277.9,0.0,0.0,0.0,0.0,0.0,0
2023-05-11 09:03:44,i2401-P-950,i2401-P-950,277.9,0.0,0.0,0.0,20,244.3,329.1,20,277.9,0.0,0.0,0.0,0.0,0.0,0
2023-05-11 09:03:45,i2401-P-950,i2401-P-950,277.9,0.0,0.0,0.0,1,244.6,329.1,20,277.9,0.0,0.0,0.0,0.0,0.0,0
2023-05-11 09:03:46,i2401-P-950,i2401-P-950,277.9,0.0,0.0,0.0,20,244.7,329.1,20,277.9,0.0,0.0,0.0,0.0,0.0,0
2023-05-11 09:03:46,i2401-P-950,i2401-P-950,277.9,0.0,0.0,0.0,1,245.0,329.1,20,277.9,0.0,0.0,0.0,0.0,0.0,0
2023-05-11 09:03:46,i2401-P-950,i2401-P-950,277.9,0.0,0.0,0.0,20,245.1,329.1,20,277.9,0.0,0.0,0.0,0.0,0.0,0
2023-05-11 09:03:47,i2401-P-950,i2401-P-950,277.9,0.0,0.0,0.0,1,245.4,329.1,20,277.9,0.0,0.0,0.0,0.0,0.0,0
2023-05-11 09:03:47,i2401-P-950,i2401-P-950,277.9,0.0,0.0,0.0,20,245.5,329.1,20,277.9,0.0,0.0,0.0,0.0,0.0,0
2023-05-11 09:03:48,i2401-P-950,i2401-P-950,277.9,0.0,0.0,0.0,1,245.8,329.1,20,277.9,0.0,0.0,0.0,0.0,0.0,0
2023-05-11 09:03:48,i2401-P-950,i2401-P-950,277.9,0.0,0.0,0.0,20,245.9,329.1,20,277.9,0.0,0.0,0.0,0.0,0.0,0
2023-05-11 09:03:49,i2401-P-950,i2401-P-950,277.9,0.0,0.0,0.0,1,246.2,329.1,20,277.9,0.0,0.0,0.0,0.0,0.0,0
2023-05-11 09:03:49,i2401-P-950,i2401-P-950,277.9,0.0,0.0,0.0,20,246.3,329.1,20,277.9,0.0,0.0,0.0,0.0,0.0,0
2023-05-11 09:03:50,i2401-P-950,i2401-P-950,277.9,0.0,0.0,0.0,1,246.6,329.1,20,277.9,0.0,0.0,0.0,0.0,0.0,0
2023-05-11 09:03:50,i2401-P-950,i2401-P-950,277.9,0.0,0.0,0.0,20,246.7,329.1,20,277.9,0.0,0.0,0.0,0.0,0.0,0
2023-05-11 09:03:51,i2401-P-950,i2401-P-950,277.9,0.0,0.0,0.0,1,247.0,329.1,20,277.9,0.0,0.0,0.0,0.0,0.0,0
2023-05-11 09:03:51,i2401-P-950,i2401-P-950,277.9,0.0,0.0,0.0,20,247.1,329.1,20,277.9,0.0,0.0,0.0,0.0,0.0,0
2023-05-11 09:03:52,i2401-P-950,i2401-P-950,277.9,0.0,0.0,0.0,1,247.4,329.1,20,277.9,0.0,0.0,0.0,0.0,0.0,0
2023-05-11 09:03:52,i2401-P-950,i2401-P-950,277.9,0.0,0.0,0.0,20,247.5,329.1,20,277.9,0.0,0.0,0.0,0.0,0.0,0
2023-05-11 09:03:53,i2401-P-950,i2401-P-950,277.9,0.0,0.0,0.0,1,247.8,329.1,20,277.9,0.0,0.0,0.0,0.0,0.0,0
2023-05-11 09:03:53,i2401-P-950,i2401-P-950,277.9,0.0,0.0,0.0,20,247.9,329.1,20,277.9,0.0,0.0,0.0,0.0,0.0,0
2023-05-11 09:03:54,i2401-P-950,i2401-P-950,277.9,0.0,0.0,0.0,1,248.2,329.1,20,277.9,0.0,0.0,0.0,0.0,0.0,0
2023-05-11 09:03:54,i2401-P-950,i2401-P-950,277.9,0.0,0.0,0.0,20,248.3,329.1,20,277.9,0.0,0.0,0.0,0.0,0.0,0
2023-05-11 09:03:55,i2401-P-950,i2401-P-950,277.9,0.0,0.0,0.0,1,248.6,329.1,20,277.9,0.0,0.0,0.0,0.0,0.0,0
2023-05-11 09:03:55,i2401-P-950,i2401-P-950,277.9,0.0,0.0,0.0,20,248.7,329.1,20,277.9,0.0,0.0,0.0,0.0,0.0,0
2023-05-11 09:03:56,i2401-P-950,i2401-P-950,277.9,0.0,0.0,0.0,1,249.0,329.1,20,277.9,0.0,0.0,0.0,0.0,0.0,0
2023-05-11 09:03:56,i2401-P-950,i2401-P-950,277.9,0.0,0.0,0.0,20,249.1,329.1,20,277.9,0.0,0.0,0.0,0.0,0.0,0
2023-05-11 09:03:57,i2401-P-950,i2401-P-950,277.9,0.0,0.0,0.0,1,249.4,329.1,20,277.9,0.0,0.0,0.0,0.0,0.0,0
2023-05-11 09:03:57,i2401-P-950,i2401-P-950,277.9,0.0,0.0,0.0,20,249.5,329.1,20,277.9,0.0,0.0,0.0,0.0,0.0,0
2023-05-11 09:03:58,i2401-P-950,i2401-P-950,277.9,0.0,0.0,0.0,1,249.8,329.1,20,277.9,0.0,0.0,0.0,0.0,0.0,0
2023-05-11 09:03:58,i2401-P-950,i2401-P-950,277.9,0.0,0.0,0.0,20,249.9,329.1,20,277.9,0.0,0.0,0.0,0.0,0.0,0
2023-05-11 09:03:59,i2401-P-950,i2401-P-950,277.9,0.0,0.0,0.0,1,250.2,329.1,20,277.9,0.0,0.0,0.0,0.0,0.0,0
2023-05-11 09:03:59,i2401-P-950,i2401-P-950,277.9,0.0,0.0,0.0,20,250.3,329.1,20,277.9,0.0,0.0,0.0,0.0,0.0,0
2023-05-11 09:04:00,i2401-P-950,i2401-P-950,277.9,0.0,0.0,0.0,1,250.6,329.1,20,277.9,0.0,0.0,0.0,0.0,0.0,0
2023-05-11 09:04:00,i2401-P-950,i2401-P-950,277.9,0.0,0.0,0.0,20,250.7,329.1,20,277.9,0.0,0.0,0.0,0.0,0.0,0
2023-05-11 09:04:01,i2401-P-950,i2401-P-950,277.9,0.0,0.0,0.0,1,251.0,329.1,20,277.9,0.0,0.0,0.0,0.0,0.0,0
2023-05-11 09:04:01,i2401-P-950,i2401-P-950,277.9,0.0,0.0,0.0,20,251.1,329.1,20,277.9,0.0,0.0,0.0,0.0,0.0,0
2023-05-11 09:04:02,i2401-P-950,i2401-P-950,277.9,0.0,0.0,0.0,1,251.4,329.1,20,277.9,0.0,0.0,0.0,0.0,0.0,0
2023-05-11 09:04:03,i2401-P-950,i2401-P-950,277.9,0.0,0.0,0.0,20,251.5,329.1,20,277.9,0.0,0.0,0.0,0.0,0.0,0
2023-05-11 09:04:03,i2401-P-950,i2401-P-950,277.9,0.0,0.0,0.0,1,251.8,329.1,20,277.9,0.0,0.0,0.0,0.0,0.0,0
2023-05-11 09:04:03,i2401-P-950,i2401-P-950,277.9,0.0,0.0,0.0,20,251.9,329.1,20,277.9,0.0,0.0,0.0,0.0,0.0,0
2023-05-11 09:04:04,i2401-P-950,i2401-P-950,277.9,0.0,0.0,0.0,1,252.2,329.1,20,277.9,0.0,0.0,0.0,0.0,0.0,0
2023-05-11 09:04:04,i2401-P-950,i2401-P-950,277.9,0.0,0.0,0.0,20,252.3,329.1,20,277.9,0.0,0.0,0.0,0.0,0.0,0
2023-05-11 09:04:05,i2401-P-950,i2401-P-950,277.9,0.0,0.0,0.0,1,252.6,329.1,20,277.9,0.0,0.0,0.0,0.0,0.0,0
2023-05-11 09:04:06,i2401-P-950,i2401-P-950,277.9,0.0,0.0,0.0,20,252.7,329.1,20,277.9,0.0,0.0,0.0,0.0,0.0,0
2023-05-11 09:04:06,i2401-P-950,i2401-P-950,277.9,0.0,0.0,0.0,1,253.0,329.1,20,277.9,0.0,0.0,0.0,0.0,0.0,0
2023-05-11 09:04:07,i2401-P-950,i2401-P-950,277.9,0.0,0.0,0.0,20,253.1,329.1,20,277.9,0.0,0.0,0.0,0.0,0.0,0
2023-05-11 09:14:37,i2401-P-950,i2401-P-950,277.9,0.0,0.0,0.0,1,253.4,329.1,20,277.9,0.0,0.0,0.0,0.0,0.0,0
2023-05-11 09:14:38,i2401-P-950,i2401-P-950,277.9,0.0,0.0,0.0,20,253.5,329.1,20,277.9,0.0,0.0,0.0,0.0,0.0,0
2023-05-11 09:14:38,i2401-P-950,i2401-P-950,277.9,0.0,0.0,0.0,1,253.8,329.1,20,277.9,0.0,0.0,0.0,0.0,0.0,0
2023-05-11 09:14:38,i2401-P-950,i2401-P-950,277.9,0.0,0.0,0.0,20,253.9,329.1,20,277.9,0.0,0.0,0.0,0.0,0.0,0
2023-05-11 09:14:39,i2401-P-950,i2401-P-950,277.9,0.0,0.0,0.0,1,254.2,329.1,20,277.9,0.0,0.0,0.0,0.0,0.0,0
2023-05-11 09:14:39,i2401-P-950,i2401-P-950,277.9,0.0,0.0,0.0,20,254.3,329.1,20,277.9,0.0,0.0,0.0,0.0,0.0,0
2023-05-11 09:14:40,i2401-P-950,i2401-P-950,277.9,0.0,0.0,0.0,1,254.6,329.1,20,277.9,0.0,0.0,0.0,0.0,0.0,0
2023-05-11 09:14:40,i2401-P-950,i2401-P-950,277.9,0.0,0.0,0.0,20,254.7,329.1,20,277.9,0.0,0.0,0.0,0.0,0.0,0
2023-05-11 09:14:41,i2401-P-950,i2401-P-950,277.9,0.0,0.0,0.0,1,255.0,329.1,20,277.9,0.0,0.0,0.0,0.0,0.0,0
2023-05-11 09:14:41,i2401-P-950,i2401-P-950,277.9,0.0,0.0,0.0,20,255.1,329.1,20,277.9,0.0,0.0,0.0,0.0,0.0,0
2023-05-11 09:14:42,i2401-P-950,i2401-P-950,277.9,0.0,0.0,0.0,1,255.4,329.1,20,277.9,0.0,0.0,0.0,0.0,0.0,0
2023-05-11 09:14:42,i2401-P-950,i2401-P-950,277.9,0.0,0.0,0.0,20,255.5,329.1,20,277.9,0.0,0.0,0.0,0.0,0.0,0
2023-05-11 09:14:43,i2401-P-950,i2401-P-950,277.9,0.0,0.0,0.0,1,255.8,329.1,20,277.9,0.0,0.0,0.0,0.0,0.0,0
2023-05-11 09:14:43,i2401-P-950,i2401-P-950,277.9,0.0,0.0,0.0,20,255.9,329.1,20,277.9,0.0,0.0,0.0,0.0,0.0,0
2023-05-11 09:24:37,i2401-P-950,i2401-P-950,277.9,0.0,0.0,0.0,20,255.9,328.8,1,277.9,0.0,0.0,0.0,0.0,0.0,0
2023-05-11 09:24:38,i2401-P-950,i2401-P-950,277.9,0.0,0.0,0.0,20,255.9,328.7,20,277.9,0.0,0.0,0.0,0.0,0.0,0
2023-05-11 09:34:37,i2401-P-950,i2401-P-950,277.9,0.0,0.0,0.0,1,256.2,328.7,20,277.9,0.0,0.0,0.0,0.0,0.0,0
2023-05-11 09:34:38,i2401-P-950,i2401-P-950,277.9,0.0,0.0,0.0,20,256.3,328.7,20,277.9,0.0,0.0,0.0,0.0,0.0,0
2023-05-11 09:34:38,i2401-P-950,i2401-P-950,277.9,0.0,0.0,0.0,1,256.6,328.7,20,277.9,0.0,0.0,0.0,0.0,0.0,0
2023-05-11 09:34:38,i2401-P-950,i2401-P-950,277.9,0.0,0.0,0.0,20,256.7,328.7,20,277.9,0.0,0.0,0.0,0.0,0.0,0
2023-05-11 10:14:32,i2401-P-950,i2401-P-950,277.9,0.0,0.0,0.0,0,0.0,0.0,0,277.9,0.0,0.0,0.0,0.0,0.0,0
2023-05-11 10:32:03,i2401-P-950,i2401-P-950,277.9,0.0,0.0,0.0,20,204.3,351.5,20,277.9,0.0,0.0,0.0,0.0,0.0,0
2023-05-11 10:32:04,i2401-P-950,i2401-P-950,277.9,0.0,0.0,0.0,1,204.6,351.2,1,277.9,0.0,0.0,0.0,0.0,0.0,0
2023-05-11 10:32:04,i2401-P-950,i2401-P-950,277.9,0.0,0.0,0.0,20,204.7,351.1,20,277.9,0.0,0.0,0.0,0.0,0.0,0
2023-05-11 10:32:05,i2401-P-950,i2401-P-950,277.9,0.0,0.0,0.0,1,205.0,350.8,1,277.9,0.0,0.0,0.0,0.0,0.0,0
2023-05-11 10:32:05,i2401-P-950,i2401-P-950,277.9,0.0,0.0,0.0,20,205.1,350.7,20,277.9,0.0,0.0,0.0,0.0,0.0,0
2023-05-11 10:32:06,i2401-P-950,i2401-P-950,277.9,0.0,0.0,0.0,1,205.4,350.4,1,277.9,0.0,0.0,0.0,0.0,0.0,0
2023-05-11 10:32:06,i2401-P-950,i2401-P-950,277.9,0.0,0.0,0.0,20,205.5,350.3,20,277.9,0.0,0.0,0.0,0.0,0.0,0
2023-05-11 10:32:07,i2401-P-950,i2401-P-950,277.9,0.0,0.0,0.0,1,205.8,350.0,1,277.9,0.0,0.0,0.0,0.0,0.0,0
2023-05-11 10:32:07,i2401-P-950,i2401-P-950,277.9,0.0,0.0,0.0,20,205.9,349.9,20,277.9,0.0,0.0,0.0,0.0,0.0,0
2023-05-11 10:32:08,i2401-P-950,i2401-P-950,277.9,0.0,0.0,0.0,1,206.2,349.6,1,277.9,0.0,0.0,0.0,0.0,0.0,0
2023-05-11 10:32:08,i2401-P-950,i2401-P-950,277.9,0.0,0.0,0.0,20,206.3,349.5,20,277.9,0.0,0.0,0.0,0.0,0.0,0
2023-05-11 10:44:37,i2401-P-950,i2401-P-950,277.9,0.0,0.0,0.0,1,206.6,349.2,1,277.9,0.0,0.0,0.0,0.0,0.0,0
2023-05-11 10:44:38,i2401-P-950,i2401-P-950,277.9,0.0,0.0,0.0,20,206.7,349.1,20,277.9,0.0,0.0,0.0,0.0,0.0,0
2023-05-11 10:44:38,i2401-P-950,i2401-P-950,277.9,0.0,0.0,0.0,1,207.0,348.8,1,277.9,0.0,0.0,0.0,0.0,0.0,0
2023-05-11 10:44:38,i2401-P-950,i2401-P-950,277.9,0.0,0.0,0.0,20,207.1,348.7,20,277.9,0.0,0.0,0.0,0.0,0.0,0
2023-05-11 10:44:39,i2401-P-950,i2401-P-950,277.9,0.0,0.0,0.0,1,207.4,348.4,1,277.9,0.0,0.0,0.0,0.0,0.0,0
2023-05-11 10:44:39,i2401-P-950,i2401-P-950,277.9,0.0,0.0,0.0,20,207.5,348.3,20,277.9,0.0,0.0,0.0,0.0,0.0,0
2023-05-11 10:44:40,i2401-P-950,i2401-P-950,277.9,0.0,0.0,0.0,1,207.8,348.0,1,277.9,0.0,0.0,0.0,0.0,0.0,0
2023-05-11 10:44:40,i2401-P-950,i2401-P-950,277.9,0.0,0.0,0.0,20,207.9,347.9,20,277.9,0.0,0.0,0.0,0.0,0.0,0
2023-05-11 10:44:41,i2401-P-950,i2401-P-950,277.9,0.0,0.0,0.0,1,208.2,347.6,1,277.9,0.0,0.0,0.0,0.0,0.0,0
2023-05-11 10:44:41,i2401-P-950,i2401-P-950,277.9,0.0,0.0,0.0,20,208.3,347.5,20,277.9,0.0,0.0,0.0,0.0,0.0,0
2023-05-11 11:04:37,i2401-P-950,i2401-P-950,277.9,0.0,0.0,0.0,1,208.6,347.2,1,277.9,0.0,0.0,0.0,0.0,0.0,0
2023-05-11 11:04:38,i2401-P-950,i2401-P-950,277.9,0.0,0.0,0.0,20,208.7,347.1,20,277.9,0.0,0.0,0.0,0.0,0.0,0
2023-05-11 11:04:38,i2401-P-950,i2401-P-950,277.9,0.0,0.0,0.0,1,209.0,346.8,1,277.9,0.0,0.0,0.0,0.0,0.0,0
2023-05-11 11:04:39,i2401-P-950,i2401-P-950,277.9,0.0,0.0,0.0,21,209.1,346.7,20,277.9,0.0,0.0,0.0,0.0,0.0,0
2023-05-11 11:04:39,i2401-P-950,i2401-P-950,277.9,0.0,0.0,0.0,1,209.4,346.4,1,277.9,0.0,0.0,0.0,0.0,0.0,0
2023-05-11 11:04:39,i2401-P-950,i2401-P-950,277.9,0.0,0.0,0.0,20,209.5,346.3,20,277.9,0.0,0.0,0.0,0.0,0.0,0
2023-05-11 11:04:40,i2401-P-950,i2401-P-950,277.9,0.0,0.0,0.0,1,209.8,346.0,1,277.9,0.0,0.0,0.0,0.0,0.0,0
2023-05-11 11:04:40,i2401-P-950,i2401-P-950,277.9,0.0,0.0,0.0,20,209.9,345.9,20,277.9,0.0,0.0,0.0,0.0,0.0,0
2023-05-11 11:04:41,i2401-P-950,i2401-P-950,277.9,0.0,0.0,0.0,1,210.2,345.6,1,277.9,0.0,0.0,0.0,0.0,0.0,0
2023-05-11 11:04:41,i2401-P-950,i2401-P-950,277.9,0.0,0.0,0.0,20,210.3,345.5,20,277.9,0.0,0.0,0.0,0.0,0.0,0
2023-05-11 11:05:23,i2401-P-950,i2401-P-950,277.9,0.0,0.0,0.0,1,209.1,0.0,0,277.9,0.0,0.0,0.0,0.0,0.0,0
2023-05-11 11:07:18,i2401-P-950,i2401-P-950,277.9,0.0,0.0,0.0,20,209.2,0.0,0,277.9,0.0,0.0,0.0,0.0,0.0,0
2023-05-11 11:10:17,i2401-P-950,i2401-P-950,277.9,0.0,0.0,0.0,1,209.1,0.0,0,277.9,0.0,0.0,0.0,0.0,0.0,0
2023-05-11 11:11:32,i2401-P-950,i2401-P-950,277.9,0.0,0.0,0.0,20,209.2,0.0,0,277.9,0.0,0.0,0.0,0.0,0.0,0
2023-05-11 11:29:32,i2401-P-950,i2401-P-950,277.9,0.0,0.0,0.0,1,209.1,0.0,0,277.9,0.0,0.0,0.0,0.0,0.0,0
2023-05-11 13:30:14,i2401-P-950,i2401-P-950,277.9,0.0,0.0,0.0,20,209.2,0.0,0,277.9,0.0,0.0,0.0,0.0,0.0,0
2023-05-11 14:23:11,i2401-P-950,i2401-P-950,277.9,0.0,0.0,0.0,1,209.1,0.0,0,277.9,0.0,0.0,0.0,0.0,0.0,0
2023-05-11 14:23:51,i2401-P-950,i2401-P-950,277.9,0.0,0.0,0.0,20,209.2,0.0,0,277.9,0.0,0.0,0.0,0.0,0.0,0
2023-05-11 14:39:15,i2401-P-950,i2401-P-950,277.9,0.0,0.0,0.0,1,209.1,0.0,0,277.9,0.0,0.0,0.0,0.0,0.0,0
2023-05-11 14:46:52,i2401-P-950,i2401-P-950,277.9,0.0,0.0,0.0,20,209.2,0.0,0,277.9,0.0,0.0,0.0,0.0,0.0,0
2023-05-11 14:58:49,i2401-P-950,i2401-P-950,277.9,0.0,0.0,0.0,1,209.1,0.0,0,277.9,0.0,0.0,0.0,0.0,0.0,0
2023-05-11 14:59:02,i2401-P-950,i2401-P-950,277.9,0.0,0.0,0.0,20,209.2,0.0,0,277.9,0.0,0.0,0.0,0.0,0.0,0
2023-05-11 14:59:54,i2401-P-950,i2401-P-950,277.9,0.0,0.0,0.0,1,209.1,0.0,0,277.9,0.0,0.0,0.0,0.0,0.0,0
2023-05-11 15:01:10,i2401-P-950,i2401-P-950,277.9,0.0,0.0,0.0,1,209.1,0.0,0,277.9,0.0,0.0,0.0,0.0,0.0,0
