time,symbol_id,symbol_name,last,trade_volume,trade_amount,open_interest_change,bv1,bp1,ap1,av1,yesterday_close,today_open,today_high,today_low,volume,amount,open_interest
2023-05-10 20:56:28,i2401-C-970,i2401-C-970,4.7,0.0,0.0,0.0,100,0.6,8.8,16,4.7,5.8,0.0,0.0,0.0,0.0,393
2023-05-10 21:00:00,i2401-C-970,i2401-C-970,4.7,0.0,0.0,0.0,4,2.8,6.0,4,4.7,5.8,0.0,0.0,0.0,0.0,393
2023-05-10 21:10:52,i2401-C-970,i2401-C-970,4.7,0.0,0.0,0.0,4,2.8,5.9,3,4.7,5.8,0.0,0.0,0.0,0.0,393
2023-05-10 21:12:03,i2401-C-970,i2401-C-970,4.7,0.0,0.0,0.0,4,2.8,5.8,6,4.7,5.8,0.0,0.0,0.0,0.0,393
2023-05-10 21:12:10,i2401-C-970,i2401-C-970,5.8,6.0,3480.0,0.0,4,3.9,5.9,3,4.7,5.8,5.8,5.8,6.0,3480.0,393
2023-05-10 21:12:10,i2401-C-970,i2401-C-970,5.8,0.0,0.0,0.0,4,3.9,5.8,46,4.7,5.8,5.8,5.8,6.0,3480.0,393
2023-05-10 21:12:25,i2401-C-970,i2401-C-970,5.8,0.0,0.0,0.0,4,3.9,5.7,3,4.7,5.8,5.8,5.8,6.0,3480.0,393
2023-05-10 21:12:25,i2401-C-970,i2401-C-970,5.8,0.0,0.0,0.0,4,3.9,5.6,1,4.7,5.8,5.8,5.8,6.0,3480.0,393
2023-05-10 21:12:33,i2401-C-970,i2401-C-970,5.8,0.0,0.0,0.0,4,3.9,5.6,4,4.7,5.8,5.8,5.8,6.0,3480.0,393
2023-05-10 21:13:09,i2401-C-970,i2401-C-970,5.8,0.0,0.0,0.0,6,4.0,5.6,4,4.7,5.8,5.8,5.8,6.0,3480.0,393
2023-05-10 21:13:11,i2401-C-970,i2401-C-970,5.8,0.0,0.0,0.0,6,4.0,5.6,3,4.7,5.8,5.8,5.8,6.0,3480.0,393
2023-05-10 21:13:37,i2401-C-970,i2401-C-970,4.0,6.0,2400.0,0.0,4,3.9,5.2,4,4.7,5.8,5.8,4.0,12.0,5880.0,393
2023-05-10 21:15:08,i2401-C-970,i2401-C-970,4.0,0.0,0.0,0.0,10,4.0,5.2,4,4.7,5.8,5.8,4.0,12.0,5880.0,393
2023-05-10 21:17:04,i2401-C-970,i2401-C-970,4.0,0.0,0.0,0.0,20,4.1,5.2,4,4.7,5.8,5.8,4.0,12.0,5880.0,393
2023-05-10 21:42:11,i2401-C-970,i2401-C-970,4.0,0.0,0.0,0.0,20,4.1,5.2,8,4.7,5.8,5.8,4.0,12.0,5880.0,393
2023-05-10 21:53:40,i2401-C-970,i2401-C-970,4.0,0.0,0.0,0.0,20,4.1,5.2,4,4.7,5.8,5.8,4.0,12.0,5880.0,393
2023-05-10 21:53:40,i2401-C-970,i2401-C-970,4.0,0.0,0.0,0.0,20,4.1,5.1,4,4.7,5.8,5.8,4.0,12.0,5880.0,393
2023-05-10 21:55:26,i2401-C-970,i2401-C-970,4.0,0.0,0.0,0.0,20,4.1,5.2,4,4.7,5.8,5.8,4.0,12.0,5880.0,393
2023-05-10 21:55:26,i2401-C-970,i2401-C-970,4.0,0.0,0.0,0.0,20,4.1,5.1,10,4.7,5.8,5.8,4.0,12.0,5880.0,393
2023-05-10 22:30:36,i2401-C-970,i2401-C-970,4.0,0.0,0.0,0.0,11,4.0,5.1,10,4.7,5.8,5.8,4.0,12.0,5880.0,393
2023-05-10 22:43:20,i2401-C-970,i2401-C-970,4.0,0.0,0.0,0.0,1,4.0,5.1,10,4.7,5.8,5.8,4.0,12.0,5880.0,393
2023-05-10 22:56:40,i2401-C-970,i2401-C-970,4.0,0.0,0.0,0.0,1,4.0,5.0,10,4.7,5.8,5.8,4.0,12.0,5880.0,393
2023-05-10 22:56:47,i2401-C-970,i2401-C-970,5.0,10.0,5000.0,0.0,1,4.0,5.0,1,4.7,5.8,5.8,4.0,22.0,10880.0,393
2023-05-10 22:57:06,i2401-C-970,i2401-C-970,5.0,0.0,0.0,0.0,10,4.1,5.0,1,4.7,5.8,5.8,4.0,22.0,10880.0,393
2023-05-10 22:57:13,i2401-C-970,i2401-C-970,5.0,0.0,0.0,0.0,1,4.0,5.0,1,4.7,5.8,5.8,4.0,22.0,10880.0,393
2023-05-10 22:57:32,i2401-C-970,i2401-C-970,5.0,0.0,0.0,0.0,1,4.0,5.1,10,4.7,5.8,5.8,4.0,22.0,10880.0,393
2023-05-10 22:57:48,i2401-C-970,i2401-C-970,5.0,0.0,0.0,0.0,1,4.0,5.0,10,4.7,5.8,5.8,4.0,22.0,10880.0,393
2023-05-10 22:59:02,i2401-C-970,i2401-C-970,5.0,0.0,0.0,0.0,1,4.0,8.8,16,4.7,5.8,5.8,4.0,22.0,10880.0,393
2023-05-10 22:59:09,i2401-C-970,i2401-C-970,5.0,0.0,0.0,0.0,1,4.1,8.8,16,4.7,5.8,5.8,4.0,22.0,10880.0,393
2023-05-10 22:59:43,i2401-C-970,i2401-C-970,5.0,0.0,0.0,0.0,5,4.1,8.8,16,4.7,5.8,5.8,4.0,22.0,10880.0,393
2023-05-10 22:59:49,i2401-C-970,i2401-C-970,4.1,5.0,2050.0,0.0,1,4.0,8.8,16,4.7,5.8,5.8,4.0,27.0,12930.0,393
2023-05-11 09:00:00,i2401-C-970,i2401-C-970,4.1,0.0,0.0,0.0,1,4.0,5.6,4,4.7,5.8,5.8,4.0,27.0,12930.0,393
2023-05-11 09:00:14,i2401-C-970,i2401-C-970,4.1,0.0,0.0,0.0,1,4.0,5.2,7,4.7,5.8,5.8,4.0,27.0,12930.0,393
2023-05-11 09:01:46,i2401-C-970,i2401-C-970,4.1,0.0,0.0,0.0,101,4.0,5.2,7,4.7,5.8,5.8,4.0,27.0,12930.0,393
2023-05-11 09:14:30,i2401-C-970,i2401-C-970,4.1,0.0,0.0,0.0,101,4.0,5.2,10,4.7,5.8,5.8,4.0,27.0,12930.0,393
2023-05-11 09:24:33,i2401-C-970,i2401-C-970,4.1,0.0,0.0,0.0,1,4.1,5.2,10,4.7,5.8,5.8,4.0,27.0,12930.0,393
2023-05-11 09:24:38,i2401-C-970,i2401-C-970,4.1,0.0,0.0,0.0,101,4.0,5.2,10,4.7,5.8,5.8,4.0,27.0,12930.0,393
2023-05-11 09:24:49,i2401-C-970,i2401-C-970,4.1,0.0,0.0,0.0,1,4.1,5.2,10,4.7,5.8,5.8,4.0,27.0,12930.0,393
2023-05-11 09:27:41,i2401-C-970,i2401-C-970,4.1,0.0,0.0,0.0,101,4.0,5.2,10,4.7,5.8,5.8,4.0,27.0,12930.0,393
2023-05-11 10:36:39,i2401-C-970,i2401-C-970,4.1,0.0,0.0,0.0,1,4.1,5.2,10,4.7,5.8,5.8,4.0,27.0,12930.0,393
2023-05-11 10:37:06,i2401-C-970,i2401-C-970,4.1,1.0,410.0,0.0,101,4.0,4.6,4,4.7,5.8,5.8,4.0,28.0,13340.0,393
2023-05-11 10:44:18,i2401-C-970,i2401-C-970,4.6,4.0,1840.0,0.0,101,4.0,4.6,13,4.7,5.8,5.8,4.0,32.0,15180.0,393
2023-05-11 10:44:18,i2401-C-970,i2401-C-970,4.6,0.0,0.0,0.0,101,4.0,4.5,1,4.7,5.8,5.8,4.0,32.0,15180.0,393
2023-05-11 10:44:23,i2401-C-970,i2401-C-970,4.5,1.0,450.0,1.0,3,4.5,4.6,13,4.7,5.8,5.8,4.0,33.0,15630.0,394
2023-05-11 10:44:23,i2401-C-970,i2401-C-970,4.5,3.0,1350.0,3.0,101,4.0,4.5,1,4.7,5.8,5.8,4.0,36.0,16980.0,397
2023-05-11 10:44:36,i2401-C-970,i2401-C-970,4.5,1.0,450.0,1.0,1,4.5,4.6,13,4.7,5.8,5.8,4.0,37.0,17430.0,398
2023-05-11 10:44:36,i2401-C-970,i2401-C-970,4.5,1.0,450.0,1.0,101,4.0,4.5,1,4.7,5.8,5.8,4.0,38.0,17880.0,399
2023-05-11 10:44:55,i2401-C-970,i2401-C-970,4.5,2.0,900.0,2.0,101,4.0,4.6,13,4.7,5.8,5.8,4.0,40.0,18780.0,401
2023-05-11 10:46:38,i2401-C-970,i2401-C-970,4.6,13.0,5980.0,0.0,105,4.0,4.7,4,4.7,5.8,5.8,4.0,53.0,24760.0,401
2023-05-11 11:14:36,i2401-C-970,i2401-C-970,4.6,0.0,0.0,0.0,105,4.0,5.2,10,4.7,5.8,5.8,4.0,53.0,24760.0,401
2023-05-11 11:29:25,i2401-C-970,i2401-C-970,4.6,0.0,0.0,0.0,101,4.0,5.2,10,4.7,5.8,5.8,4.0,53.0,24760.0,401
2023-05-11 14:38:37,i2401-C-970,i2401-C-970,4.6,0.0,0.0,0.0,1,4.1,5.2,10,4.7,5.8,5.8,4.0,53.0,24760.0,401
2023-05-11 14:39:36,i2401-C-970,i2401-C-970,4.6,0.0,0.0,0.0,101,4.0,5.2,10,4.7,5.8,5.8,4.0,53.0,24760.0,401
2023-05-11 14:48:20,i2401-C-970,i2401-C-970,4.6,0.0,0.0,0.0,5,4.1,5.2,10,4.7,5.8,5.8,4.0,53.0,24760.0,401
2023-05-11 14:48:33,i2401-C-970,i2401-C-970,4.6,0.0,0.0,0.0,5,4.1,5.1,5,4.7,5.8,5.8,4.0,53.0,24760.0,401
2023-05-11 14:50:01,i2401-C-970,i2401-C-970,4.6,0.0,0.0,0.0,5,4.1,5.0,5,4.7,5.8,5.8,4.0,53.0,24760.0,401
2023-05-11 14:50:04,i2401-C-970,i2401-C-970,5.0,5.0,2500.0,0.0,4,4.2,5.0,4,4.7,5.8,5.8,4.0,58.0,27260.0,401
2023-05-11 14:50:04,i2401-C-970,i2401-C-970,4.2,4.0,1680.0,0.0,9,4.1,4.9,4,4.7,5.8,5.8,4.0,62.0,28940.0,401
2023-05-11 14:50:13,i2401-C-970,i2401-C-970,4.1,9.0,3690.0,0.0,101,4.0,4.9,4,4.7,5.8,5.8,4.0,71.0,32630.0,401
2023-05-11 14:51:23,i2401-C-970,i2401-C-970,4.1,0.0,0.0,0.0,101,4.0,4.8,5,4.7,5.8,5.8,4.0,71.0,32630.0,401
2023-05-11 14:51:28,i2401-C-970,i2401-C-970,4.1,0.0,0.0,0.0,15,4.1,4.8,5,4.7,5.8,5.8,4.0,71.0,32630.0,401
2023-05-11 14:51:28,i2401-C-970,i2401-C-970,4.1,7.0,2870.0,0.0,8,4.1,4.7,4,4.7,5.8,5.8,4.0,78.0,35500.0,401
2023-05-11 14:51:28,i2401-C-970,i2401-C-970,4.1,8.0,3280.0,0.0,105,4.0,4.7,4,4.7,5.8,5.8,4.0,86.0,38780.0,401
2023-05-11 14:51:38,i2401-C-970,i2401-C-970,4.1,0.0,0.0,0.0,5,4.1,4.7,4,4.7,5.8,5.8,4.0,86.0,38780.0,401
2023-05-11 14:51:38,i2401-C-970,i2401-C-970,4.1,5.0,2050.0,0.0,105,4.0,4.7,4,4.7,5.8,5.8,4.0,91.0,40830.0,401
2023-05-11 14:51:49,i2401-C-970,i2401-C-970,4.1,7.0,2870.0,7.0,13,4.1,4.7,4,4.7,5.8,5.8,4.0,98.0,43700.0,408
2023-05-11 14:53:44,i2401-C-970,i2401-C-970,4.1,13.0,5330.0,13.0,105,4.0,4.7,4,4.7,5.8,5.8,4.0,111.0,49030.0,421
2023-05-11 14:54:54,i2401-C-970,i2401-C-970,4.1,0.0,0.0,0.0,105,4.0,4.6,5,4.7,5.8,5.8,4.0,111.0,49030.0,421
2023-05-11 14:57:45,i2401-C-970,i2401-C-970,4.1,0.0,0.0,0.0,15,4.1,4.6,5,4.7,5.8,5.8,4.0,111.0,49030.0,421
2023-05-11 14:58:31,i2401-C-970,i2401-C-970,4.1,0.0,0.0,0.0,15,4.1,4.7,4,4.7,5.8,5.8,4.0,111.0,49030.0,421
2023-05-11 14:58:54,i2401-C-970,i2401-C-970,4.1,0.0,0.0,0.0,15,4.1,5.2,7,4.7,5.8,5.8,4.0,111.0,49030.0,421
2023-05-11 14:59:57,i2401-C-970,i2401-C-970,4.1,0.0,0.0,0.0,15,4.1,5.6,4,4.7,5.8,5.8,4.0,111.0,49030.0,421
2023-05-11 15:01:10,i2401-C-970,i2401-C-970,4.1,0.0,0.0,0.0,15,4.1,5.6,4,4.7,5.8,5.8,4.0,111.0,49030.0,421
