time,symbol_id,symbol_name,last,trade_volume,trade_amount,open_interest_change,bv1,bp1,ap1,av1,yesterday_close,today_open,today_high,today_low,volume,amount,open_interest
2023-05-10 20:55:51,i2402-C-800,i2402-C-800,24.6,0.0,0.0,0.0,1,0.1,0.0,0,24.6,0.0,0.0,0.0,0.0,0.0,3
2023-05-10 21:00:14,i2402-C-800,i2402-C-800,24.6,0.0,0.0,0.0,1,0.9,0.0,0,24.6,0.0,0.0,0.0,0.0,0.0,3
2023-05-10 21:00:24,i2402-C-800,i2402-C-800,24.6,0.0,0.0,0.0,2,0.9,0.0,0,24.6,0.0,0.0,0.0,0.0,0.0,3
2023-05-10 21:01:25,i2402-C-800,i2402-C-800,24.6,0.0,0.0,0.0,1,1.0,0.0,0,24.6,0.0,0.0,0.0,0.0,0.0,3
2023-05-10 21:03:09,i2402-C-800,i2402-C-800,24.6,0.0,0.0,0.0,1,1.1,0.0,0,24.6,0.0,0.0,0.0,0.0,0.0,3
2023-05-10 21:03:10,i2402-C-800,i2402-C-800,24.6,0.0,0.0,0.0,1,1.2,0.0,0,24.6,0.0,0.0,0.0,0.0,0.0,3
2023-05-10 21:04:39,i2402-C-800,i2402-C-800,24.6,0.0,0.0,0.0,1,1.3,0.0,0,24.6,0.0,0.0,0.0,0.0,0.0,3
2023-05-10 21:17:02,i2402-C-800,i2402-C-800,24.6,0.0,0.0,0.0,1,1.8,0.0,0,24.6,0.0,0.0,0.0,0.0,0.0,3
2023-05-10 21:17:04,i2402-C-800,i2402-C-800,24.6,0.0,0.0,0.0,1,1.9,0.0,0,24.6,0.0,0.0,0.0,0.0,0.0,3
2023-05-10 21:33:25,i2402-C-800,i2402-C-800,24.6,0.0,0.0,0.0,1,2.0,0.0,0,24.6,0.0,0.0,0.0,0.0,0.0,3
2023-05-10 21:33:25,i2402-C-800,i2402-C-800,24.6,0.0,0.0,0.0,1,2.1,0.0,0,24.6,0.0,0.0,0.0,0.0,0.0,3
2023-05-10 22:03:25,i2402-C-800,i2402-C-800,24.6,0.0,0.0,0.0,1,2.2,0.0,0,24.6,0.0,0.0,0.0,0.0,0.0,3
2023-05-10 22:03:26,i2402-C-800,i2402-C-800,24.6,0.0,0.0,0.0,1,2.3,0.0,0,24.6,0.0,0.0,0.0,0.0,0.0,3
2023-05-10 22:57:27,i2402-C-800,i2402-C-800,24.6,0.0,0.0,0.0,1,2.2,0.0,0,24.6,0.0,0.0,0.0,0.0,0.0,3
2023-05-11 09:00:01,i2402-C-800,i2402-C-800,24.6,0.0,0.0,0.0,1,0.5,0.0,0,24.6,0.0,0.0,0.0,0.0,0.0,3
2023-05-11 09:01:20,i2402-C-800,i2402-C-800,24.6,0.0,0.0,0.0,1,0.6,0.0,0,24.6,0.0,0.0,0.0,0.0,0.0,3
2023-05-11 09:01:40,i2402-C-800,i2402-C-800,24.6,0.0,0.0,0.0,1,0.7,0.0,0,24.6,0.0,0.0,0.0,0.0,0.0,3
2023-05-11 09:01:45,i2402-C-800,i2402-C-800,24.6,0.0,0.0,0.0,1,0.8,0.0,0,24.6,0.0,0.0,0.0,0.0,0.0,3
2023-05-11 09:01:51,i2402-C-800,i2402-C-800,24.6,0.0,0.0,0.0,1,0.9,0.0,0,24.6,0.0,0.0,0.0,0.0,0.0,3
2023-05-11 09:01:52,i2402-C-800,i2402-C-800,24.6,0.0,0.0,0.0,1,1.0,0.0,0,24.6,0.0,0.0,0.0,0.0,0.0,3
2023-05-11 09:01:55,i2402-C-800,i2402-C-800,24.6,0.0,0.0,0.0,1,1.1,0.0,0,24.6,0.0,0.0,0.0,0.0,0.0,3
2023-05-11 09:01:55,i2402-C-800,i2402-C-800,24.6,0.0,0.0,0.0,1,1.2,0.0,0,24.6,0.0,0.0,0.0,0.0,0.0,3
2023-05-11 09:33:03,i2402-C-800,i2402-C-800,24.6,0.0,0.0,0.0,1,1.8,0.0,0,24.6,0.0,0.0,0.0,0.0,0.0,3
2023-05-11 09:33:04,i2402-C-800,i2402-C-800,24.6,0.0,0.0,0.0,1,1.9,0.0,0,24.6,0.0,0.0,0.0,0.0,0.0,3
2023-05-11 09:36:45,i2402-C-800,i2402-C-800,24.6,0.0,0.0,0.0,1,2.0,0.0,0,24.6,0.0,0.0,0.0,0.0,0.0,3
2023-05-11 09:36:46,i2402-C-800,i2402-C-800,24.6,0.0,0.0,0.0,1,2.1,0.0,0,24.6,0.0,0.0,0.0,0.0,0.0,3
2023-05-11 09:56:43,i2402-C-800,i2402-C-800,24.6,0.0,0.0,0.0,1,2.2,0.0,0,24.6,0.0,0.0,0.0,0.0,0.0,3
2023-05-11 09:56:44,i2402-C-800,i2402-C-800,24.6,0.0,0.0,0.0,1,2.3,0.0,0,24.6,0.0,0.0,0.0,0.0,0.0,3
2023-05-11 10:12:28,i2402-C-800,i2402-C-800,24.6,0.0,0.0,0.0,1,2.2,0.0,0,24.6,0.0,0.0,0.0,0.0,0.0,3
2023-05-11 10:30:27,i2402-C-800,i2402-C-800,24.6,0.0,0.0,0.0,1,2.3,0.0,0,24.6,0.0,0.0,0.0,0.0,0.0,3
2023-05-11 11:02:19,i2402-C-800,i2402-C-800,24.6,0.0,0.0,0.0,1,2.4,0.0,0,24.6,0.0,0.0,0.0,0.0,0.0,3
2023-05-11 11:02:19,i2402-C-800,i2402-C-800,24.6,0.0,0.0,0.0,1,2.5,0.0,0,24.6,0.0,0.0,0.0,0.0,0.0,3
2023-05-11 11:27:23,i2402-C-800,i2402-C-800,24.6,0.0,0.0,0.0,1,2.4,0.0,0,24.6,0.0,0.0,0.0,0.0,0.0,3
2023-05-11 11:29:24,i2402-C-800,i2402-C-800,24.6,0.0,0.0,0.0,1,2.0,0.0,0,24.6,0.0,0.0,0.0,0.0,0.0,3
2023-05-11 13:30:58,i2402-C-800,i2402-C-800,24.6,0.0,0.0,0.0,1,2.1,0.0,0,24.6,0.0,0.0,0.0,0.0,0.0,3
2023-05-11 13:31:30,i2402-C-800,i2402-C-800,24.6,0.0,0.0,0.0,1,2.2,0.0,0,24.6,0.0,0.0,0.0,0.0,0.0,3
2023-05-11 13:42:53,i2402-C-800,i2402-C-800,24.6,0.0,0.0,0.0,1,15.0,19.0,1,24.6,0.0,0.0,0.0,0.0,0.0,3
2023-05-11 13:42:54,i2402-C-800,i2402-C-800,24.6,0.0,0.0,0.0,2,15.0,19.0,2,24.6,0.0,0.0,0.0,0.0,0.0,3
2023-05-11 13:42:59,i2402-C-800,i2402-C-800,24.6,0.0,0.0,0.0,1,16.3,19.0,2,24.6,0.0,0.0,0.0,0.0,0.0,3
2023-05-11 13:42:59,i2402-C-800,i2402-C-800,24.6,0.0,0.0,0.0,1,16.3,19.0,3,24.6,0.0,0.0,0.0,0.0,0.0,3
2023-05-11 13:43:04,i2402-C-800,i2402-C-800,24.6,0.0,0.0,0.0,1,16.3,19.0,2,24.6,0.0,0.0,0.0,0.0,0.0,3
2023-05-11 13:43:05,i2402-C-800,i2402-C-800,24.6,0.0,0.0,0.0,1,16.3,19.0,1,24.6,0.0,0.0,0.0,0.0,0.0,3
2023-05-11 13:43:09,i2402-C-800,i2402-C-800,24.6,0.0,0.0,0.0,1,17.9,19.0,1,24.6,0.0,0.0,0.0,0.0,0.0,3
2023-05-11 13:43:11,i2402-C-800,i2402-C-800,24.6,0.0,0.0,0.0,1,17.9,19.9,1,24.6,0.0,0.0,0.0,0.0,0.0,3
2023-05-11 13:43:20,i2402-C-800,i2402-C-800,24.6,0.0,0.0,0.0,1,17.3,21.3,1,24.6,0.0,0.0,0.0,0.0,0.0,3
2023-05-11 13:43:23,i2402-C-800,i2402-C-800,24.6,0.0,0.0,0.0,1,2.1,0.0,0,24.6,0.0,0.0,0.0,0.0,0.0,3
2023-05-11 13:43:23,i2402-C-800,i2402-C-800,24.6,0.0,0.0,0.0,1,2.2,0.0,0,24.6,0.0,0.0,0.0,0.0,0.0,3
2023-05-11 14:09:41,i2402-C-800,i2402-C-800,24.6,0.0,0.0,0.0,1,2.3,0.0,0,24.6,0.0,0.0,0.0,0.0,0.0,3
2023-05-11 14:09:43,i2402-C-800,i2402-C-800,24.6,0.0,0.0,0.0,1,2.4,0.0,0,24.6,0.0,0.0,0.0,0.0,0.0,3
2023-05-11 15:01:10,i2402-C-800,i2402-C-800,24.6,0.0,0.0,0.0,1,2.4,0.0,0,24.6,0.0,0.0,0.0,0.0,0.0,3
