time,symbol_id,symbol_name,last,trade_volume,trade_amount,open_interest_change,bv1,bp1,ap1,av1,yesterday_close,today_open,today_high,today_low,volume,amount,open_interest
2023-05-10 21:02:02,i2401-P-790,i2401-P-790,136.6,0.0,0.0,0.0,1,62.9,210.3,1,136.6,0.0,0.0,0.0,0.0,0.0,6
2023-05-10 21:02:03,i2401-P-790,i2401-P-790,136.6,0.0,0.0,0.0,21,63.0,210.2,20,136.6,0.0,0.0,0.0,0.0,0.0,6
2023-05-10 21:02:03,i2401-P-790,i2401-P-790,136.6,0.0,0.0,0.0,1,63.3,209.9,1,136.6,0.0,0.0,0.0,0.0,0.0,6
2023-05-10 21:02:03,i2401-P-790,i2401-P-790,136.6,0.0,0.0,0.0,20,63.4,209.8,20,136.6,0.0,0.0,0.0,0.0,0.0,6
2023-05-10 21:02:04,i2401-P-790,i2401-P-790,136.6,0.0,0.0,0.0,1,63.7,209.5,1,136.6,0.0,0.0,0.0,0.0,0.0,6
2023-05-10 21:02:04,i2401-P-790,i2401-P-790,136.6,0.0,0.0,0.0,20,63.8,209.4,20,136.6,0.0,0.0,0.0,0.0,0.0,6
2023-05-10 21:02:05,i2401-P-790,i2401-P-790,136.6,0.0,0.0,0.0,1,64.1,209.1,1,136.6,0.0,0.0,0.0,0.0,0.0,6
2023-05-10 21:02:06,i2401-P-790,i2401-P-790,136.6,0.0,0.0,0.0,20,64.2,209.0,20,136.6,0.0,0.0,0.0,0.0,0.0,6
2023-05-10 21:02:06,i2401-P-790,i2401-P-790,136.6,0.0,0.0,0.0,1,64.5,208.7,1,136.6,0.0,0.0,0.0,0.0,0.0,6
2023-05-10 21:02:07,i2401-P-790,i2401-P-790,136.6,0.0,0.0,0.0,20,64.6,208.6,20,136.6,0.0,0.0,0.0,0.0,0.0,6
2023-05-10 21:02:08,i2401-P-790,i2401-P-790,136.6,0.0,0.0,0.0,1,64.9,208.3,1,136.6,0.0,0.0,0.0,0.0,0.0,6
2023-05-10 21:02:09,i2401-P-790,i2401-P-790,136.6,0.0,0.0,0.0,20,65.0,208.2,20,136.6,0.0,0.0,0.0,0.0,0.0,6
2023-05-10 21:02:10,i2401-P-790,i2401-P-790,136.6,0.0,0.0,0.0,1,65.3,207.9,1,136.6,0.0,0.0,0.0,0.0,0.0,6
2023-05-10 21:02:11,i2401-P-790,i2401-P-790,136.6,0.0,0.0,0.0,20,65.4,207.8,20,136.6,0.0,0.0,0.0,0.0,0.0,6
2023-05-10 21:02:11,i2401-P-790,i2401-P-790,136.6,0.0,0.0,0.0,1,65.7,207.5,1,136.6,0.0,0.0,0.0,0.0,0.0,6
2023-05-10 21:02:11,i2401-P-790,i2401-P-790,136.6,0.0,0.0,0.0,20,65.8,207.4,20,136.6,0.0,0.0,0.0,0.0,0.0,6
2023-05-10 21:02:12,i2401-P-790,i2401-P-790,136.6,0.0,0.0,0.0,1,66.1,207.1,1,136.6,0.0,0.0,0.0,0.0,0.0,6
2023-05-10 21:02:13,i2401-P-790,i2401-P-790,136.6,0.0,0.0,0.0,20,66.2,207.0,20,136.6,0.0,0.0,0.0,0.0,0.0,6
2023-05-10 21:02:13,i2401-P-790,i2401-P-790,136.6,0.0,0.0,0.0,1,66.5,206.7,1,136.6,0.0,0.0,0.0,0.0,0.0,6
2023-05-10 21:02:14,i2401-P-790,i2401-P-790,136.6,0.0,0.0,0.0,20,66.6,206.6,20,136.6,0.0,0.0,0.0,0.0,0.0,6
2023-05-10 21:02:15,i2401-P-790,i2401-P-790,136.6,0.0,0.0,0.0,1,66.9,206.3,1,136.6,0.0,0.0,0.0,0.0,0.0,6
2023-05-10 21:02:16,i2401-P-790,i2401-P-790,136.6,0.0,0.0,0.0,20,67.0,206.2,20,136.6,0.0,0.0,0.0,0.0,0.0,6
2023-05-10 21:02:16,i2401-P-790,i2401-P-790,136.6,0.0,0.0,0.0,1,67.3,205.9,1,136.6,0.0,0.0,0.0,0.0,0.0,6
2023-05-10 21:02:17,i2401-P-790,i2401-P-790,136.6,0.0,0.0,0.0,20,67.4,205.8,20,136.6,0.0,0.0,0.0,0.0,0.0,6
2023-05-10 21:02:18,i2401-P-790,i2401-P-790,136.6,0.0,0.0,0.0,1,67.7,205.5,1,136.6,0.0,0.0,0.0,0.0,0.0,6
2023-05-10 21:02:18,i2401-P-790,i2401-P-790,136.6,0.0,0.0,0.0,20,67.8,205.4,20,136.6,0.0,0.0,0.0,0.0,0.0,6
2023-05-10 21:02:19,i2401-P-790,i2401-P-790,136.6,0.0,0.0,0.0,1,68.1,205.1,1,136.6,0.0,0.0,0.0,0.0,0.0,6
2023-05-10 21:02:19,i2401-P-790,i2401-P-790,136.6,0.0,0.0,0.0,20,68.2,205.0,20,136.6,0.0,0.0,0.0,0.0,0.0,6
2023-05-10 21:02:20,i2401-P-790,i2401-P-790,136.6,0.0,0.0,0.0,1,68.5,204.7,1,136.6,0.0,0.0,0.0,0.0,0.0,6
2023-05-10 21:02:20,i2401-P-790,i2401-P-790,136.6,0.0,0.0,0.0,20,68.6,204.6,20,136.6,0.0,0.0,0.0,0.0,0.0,6
2023-05-10 21:02:22,i2401-P-790,i2401-P-790,136.6,0.0,0.0,0.0,1,68.9,204.3,1,136.6,0.0,0.0,0.0,0.0,0.0,6
2023-05-10 21:02:22,i2401-P-790,i2401-P-790,136.6,0.0,0.0,0.0,20,69.0,204.2,20,136.6,0.0,0.0,0.0,0.0,0.0,6
2023-05-10 21:02:23,i2401-P-790,i2401-P-790,136.6,0.0,0.0,0.0,1,69.3,203.9,1,136.6,0.0,0.0,0.0,0.0,0.0,6
2023-05-10 21:02:23,i2401-P-790,i2401-P-790,136.6,0.0,0.0,0.0,20,69.4,203.8,20,136.6,0.0,0.0,0.0,0.0,0.0,6
2023-05-10 21:02:24,i2401-P-790,i2401-P-790,136.6,0.0,0.0,0.0,1,69.7,203.5,1,136.6,0.0,0.0,0.0,0.0,0.0,6
2023-05-10 21:02:24,i2401-P-790,i2401-P-790,136.6,0.0,0.0,0.0,20,69.8,203.4,20,136.6,0.0,0.0,0.0,0.0,0.0,6
2023-05-10 21:02:25,i2401-P-790,i2401-P-790,136.6,0.0,0.0,0.0,1,70.1,203.1,1,136.6,0.0,0.0,0.0,0.0,0.0,6
2023-05-10 21:02:25,i2401-P-790,i2401-P-790,136.6,0.0,0.0,0.0,20,70.2,203.0,20,136.6,0.0,0.0,0.0,0.0,0.0,6
2023-05-10 21:02:26,i2401-P-790,i2401-P-790,136.6,0.0,0.0,0.0,1,70.5,202.7,1,136.6,0.0,0.0,0.0,0.0,0.0,6
2023-05-10 21:02:26,i2401-P-790,i2401-P-790,136.6,0.0,0.0,0.0,20,70.6,202.6,20,136.6,0.0,0.0,0.0,0.0,0.0,6
2023-05-10 21:02:27,i2401-P-790,i2401-P-790,136.6,0.0,0.0,0.0,1,70.9,202.3,1,136.6,0.0,0.0,0.0,0.0,0.0,6
2023-05-10 21:02:27,i2401-P-790,i2401-P-790,136.6,0.0,0.0,0.0,20,71.0,202.2,20,136.6,0.0,0.0,0.0,0.0,0.0,6
2023-05-10 21:02:28,i2401-P-790,i2401-P-790,136.6,0.0,0.0,0.0,1,71.3,201.9,1,136.6,0.0,0.0,0.0,0.0,0.0,6
2023-05-10 21:02:28,i2401-P-790,i2401-P-790,136.6,0.0,0.0,0.0,20,71.4,201.8,20,136.6,0.0,0.0,0.0,0.0,0.0,6
2023-05-10 21:02:29,i2401-P-790,i2401-P-790,136.6,0.0,0.0,0.0,1,71.7,201.5,1,136.6,0.0,0.0,0.0,0.0,0.0,6
2023-05-10 21:02:29,i2401-P-790,i2401-P-790,136.6,0.0,0.0,0.0,20,71.8,201.4,20,136.6,0.0,0.0,0.0,0.0,0.0,6
2023-05-10 21:02:30,i2401-P-790,i2401-P-790,136.6,0.0,0.0,0.0,1,72.1,201.1,1,136.6,0.0,0.0,0.0,0.0,0.0,6
2023-05-10 21:02:30,i2401-P-790,i2401-P-790,136.6,0.0,0.0,0.0,20,72.2,201.0,20,136.6,0.0,0.0,0.0,0.0,0.0,6
2023-05-10 21:02:31,i2401-P-790,i2401-P-790,136.6,0.0,0.0,0.0,1,72.5,200.7,1,136.6,0.0,0.0,0.0,0.0,0.0,6
2023-05-10 21:02:31,i2401-P-790,i2401-P-790,136.6,0.0,0.0,0.0,20,72.6,200.6,20,136.6,0.0,0.0,0.0,0.0,0.0,6
2023-05-10 21:02:32,i2401-P-790,i2401-P-790,136.6,0.0,0.0,0.0,1,72.9,200.3,1,136.6,0.0,0.0,0.0,0.0,0.0,6
2023-05-10 21:02:32,i2401-P-790,i2401-P-790,136.6,0.0,0.0,0.0,20,73.0,200.2,20,136.6,0.0,0.0,0.0,0.0,0.0,6
2023-05-10 21:02:33,i2401-P-790,i2401-P-790,136.6,0.0,0.0,0.0,1,73.3,199.9,1,136.6,0.0,0.0,0.0,0.0,0.0,6
2023-05-10 21:02:33,i2401-P-790,i2401-P-790,136.6,0.0,0.0,0.0,20,73.4,199.8,20,136.6,0.0,0.0,0.0,0.0,0.0,6
2023-05-10 21:02:34,i2401-P-790,i2401-P-790,136.6,0.0,0.0,0.0,1,73.7,199.8,20,136.6,0.0,0.0,0.0,0.0,0.0,6
2023-05-10 21:02:34,i2401-P-790,i2401-P-790,136.6,0.0,0.0,0.0,20,73.8,199.5,1,136.6,0.0,0.0,0.0,0.0,0.0,6
2023-05-10 21:02:35,i2401-P-790,i2401-P-790,136.6,0.0,0.0,0.0,1,74.1,199.4,20,136.6,0.0,0.0,0.0,0.0,0.0,6
2023-05-10 21:02:35,i2401-P-790,i2401-P-790,136.6,0.0,0.0,0.0,20,74.2,199.1,1,136.6,0.0,0.0,0.0,0.0,0.0,6
2023-05-10 21:02:36,i2401-P-790,i2401-P-790,136.6,0.0,0.0,0.0,1,74.5,199.0,20,136.6,0.0,0.0,0.0,0.0,0.0,6
2023-05-10 21:02:36,i2401-P-790,i2401-P-790,136.6,0.0,0.0,0.0,20,74.6,198.7,1,136.6,0.0,0.0,0.0,0.0,0.0,6
2023-05-10 21:02:37,i2401-P-790,i2401-P-790,136.6,0.0,0.0,0.0,1,74.9,198.6,20,136.6,0.0,0.0,0.0,0.0,0.0,6
2023-05-10 21:02:37,i2401-P-790,i2401-P-790,136.6,0.0,0.0,0.0,20,75.0,198.3,1,136.6,0.0,0.0,0.0,0.0,0.0,6
2023-05-10 21:02:38,i2401-P-790,i2401-P-790,136.6,0.0,0.0,0.0,1,75.3,198.2,20,136.6,0.0,0.0,0.0,0.0,0.0,6
2023-05-10 21:02:38,i2401-P-790,i2401-P-790,136.6,0.0,0.0,0.0,20,75.4,197.9,1,136.6,0.0,0.0,0.0,0.0,0.0,6
2023-05-10 21:02:39,i2401-P-790,i2401-P-790,136.6,0.0,0.0,0.0,1,75.7,197.8,20,136.6,0.0,0.0,0.0,0.0,0.0,6
2023-05-10 21:02:39,i2401-P-790,i2401-P-790,136.6,0.0,0.0,0.0,20,75.8,197.5,1,136.6,0.0,0.0,0.0,0.0,0.0,6
2023-05-10 21:02:40,i2401-P-790,i2401-P-790,136.6,0.0,0.0,0.0,1,76.1,197.4,20,136.6,0.0,0.0,0.0,0.0,0.0,6
2023-05-10 21:02:40,i2401-P-790,i2401-P-790,136.6,0.0,0.0,0.0,20,76.2,197.1,1,136.6,0.0,0.0,0.0,0.0,0.0,6
2023-05-10 21:02:41,i2401-P-790,i2401-P-790,136.6,0.0,0.0,0.0,1,76.5,197.0,20,136.6,0.0,0.0,0.0,0.0,0.0,6
2023-05-10 21:02:41,i2401-P-790,i2401-P-790,136.6,0.0,0.0,0.0,20,76.6,197.0,20,136.6,0.0,0.0,0.0,0.0,0.0,6
2023-05-10 21:02:42,i2401-P-790,i2401-P-790,136.6,0.0,0.0,0.0,1,76.9,196.7,1,136.6,0.0,0.0,0.0,0.0,0.0,6
2023-05-10 21:02:42,i2401-P-790,i2401-P-790,136.6,0.0,0.0,0.0,20,77.0,196.6,20,136.6,0.0,0.0,0.0,0.0,0.0,6
2023-05-10 21:02:43,i2401-P-790,i2401-P-790,136.6,0.0,0.0,0.0,1,77.3,196.3,1,136.6,0.0,0.0,0.0,0.0,0.0,6
2023-05-10 21:02:43,i2401-P-790,i2401-P-790,136.6,0.0,0.0,0.0,20,77.4,196.2,20,136.6,0.0,0.0,0.0,0.0,0.0,6
2023-05-10 21:02:44,i2401-P-790,i2401-P-790,136.6,0.0,0.0,0.0,1,77.7,195.9,1,136.6,0.0,0.0,0.0,0.0,0.0,6
2023-05-10 21:02:44,i2401-P-790,i2401-P-790,136.6,0.0,0.0,0.0,20,77.8,195.8,20,136.6,0.0,0.0,0.0,0.0,0.0,6
2023-05-10 21:02:45,i2401-P-790,i2401-P-790,136.6,0.0,0.0,0.0,1,78.1,195.5,1,136.6,0.0,0.0,0.0,0.0,0.0,6
2023-05-10 21:02:45,i2401-P-790,i2401-P-790,136.6,0.0,0.0,0.0,20,78.2,195.4,20,136.6,0.0,0.0,0.0,0.0,0.0,6
2023-05-10 21:02:46,i2401-P-790,i2401-P-790,136.6,0.0,0.0,0.0,1,78.5,195.1,1,136.6,0.0,0.0,0.0,0.0,0.0,6
2023-05-10 21:02:46,i2401-P-790,i2401-P-790,136.6,0.0,0.0,0.0,20,78.6,195.0,20,136.6,0.0,0.0,0.0,0.0,0.0,6
2023-05-10 21:02:47,i2401-P-790,i2401-P-790,136.6,0.0,0.0,0.0,1,78.9,194.7,1,136.6,0.0,0.0,0.0,0.0,0.0,6
2023-05-10 21:02:47,i2401-P-790,i2401-P-790,136.6,0.0,0.0,0.0,20,79.0,194.6,20,136.6,0.0,0.0,0.0,0.0,0.0,6
2023-05-10 21:02:48,i2401-P-790,i2401-P-790,136.6,0.0,0.0,0.0,1,79.3,194.3,1,136.6,0.0,0.0,0.0,0.0,0.0,6
2023-05-10 21:02:48,i2401-P-790,i2401-P-790,136.6,0.0,0.0,0.0,20,79.4,194.2,20,136.6,0.0,0.0,0.0,0.0,0.0,6
2023-05-10 21:02:49,i2401-P-790,i2401-P-790,136.6,0.0,0.0,0.0,1,79.7,193.9,1,136.6,0.0,0.0,0.0,0.0,0.0,6
2023-05-10 21:02:49,i2401-P-790,i2401-P-790,136.6,0.0,0.0,0.0,20,79.8,193.8,20,136.6,0.0,0.0,0.0,0.0,0.0,6
2023-05-10 21:02:50,i2401-P-790,i2401-P-790,136.6,0.0,0.0,0.0,1,80.1,193.5,1,136.6,0.0,0.0,0.0,0.0,0.0,6
2023-05-10 21:02:50,i2401-P-790,i2401-P-790,136.6,0.0,0.0,0.0,20,80.2,193.4,20,136.6,0.0,0.0,0.0,0.0,0.0,6
2023-05-10 21:02:51,i2401-P-790,i2401-P-790,136.6,0.0,0.0,0.0,1,80.5,193.1,1,136.6,0.0,0.0,0.0,0.0,0.0,6
2023-05-10 21:02:51,i2401-P-790,i2401-P-790,136.6,0.0,0.0,0.0,20,80.6,193.0,20,136.6,0.0,0.0,0.0,0.0,0.0,6
2023-05-10 21:02:52,i2401-P-790,i2401-P-790,136.6,0.0,0.0,0.0,1,80.9,192.7,1,136.6,0.0,0.0,0.0,0.0,0.0,6
2023-05-10 21:02:52,i2401-P-790,i2401-P-790,136.6,0.0,0.0,0.0,20,81.0,192.6,20,136.6,0.0,0.0,0.0,0.0,0.0,6
2023-05-10 21:02:53,i2401-P-790,i2401-P-790,136.6,0.0,0.0,0.0,1,81.3,192.3,1,136.6,0.0,0.0,0.0,0.0,0.0,6
2023-05-10 21:02:53,i2401-P-790,i2401-P-790,136.6,0.0,0.0,0.0,20,81.4,192.2,20,136.6,0.0,0.0,0.0,0.0,0.0,6
2023-05-10 21:02:54,i2401-P-790,i2401-P-790,136.6,0.0,0.0,0.0,1,81.7,191.9,1,136.6,0.0,0.0,0.0,0.0,0.0,6
2023-05-10 21:02:54,i2401-P-790,i2401-P-790,136.6,0.0,0.0,0.0,20,81.8,191.8,20,136.6,0.0,0.0,0.0,0.0,0.0,6
2023-05-10 21:02:55,i2401-P-790,i2401-P-790,136.6,0.0,0.0,0.0,1,82.1,191.5,1,136.6,0.0,0.0,0.0,0.0,0.0,6
2023-05-10 21:02:55,i2401-P-790,i2401-P-790,136.6,0.0,0.0,0.0,20,82.2,191.4,20,136.6,0.0,0.0,0.0,0.0,0.0,6
2023-05-10 21:02:56,i2401-P-790,i2401-P-790,136.6,0.0,0.0,0.0,1,82.5,191.1,1,136.6,0.0,0.0,0.0,0.0,0.0,6
2023-05-10 21:02:56,i2401-P-790,i2401-P-790,136.6,0.0,0.0,0.0,20,82.6,191.0,20,136.6,0.0,0.0,0.0,0.0,0.0,6
2023-05-10 21:02:57,i2401-P-790,i2401-P-790,136.6,0.0,0.0,0.0,1,82.9,190.7,1,136.6,0.0,0.0,0.0,0.0,0.0,6
2023-05-10 21:02:57,i2401-P-790,i2401-P-790,136.6,0.0,0.0,0.0,20,83.0,190.6,20,136.6,0.0,0.0,0.0,0.0,0.0,6
2023-05-10 21:02:58,i2401-P-790,i2401-P-790,136.6,0.0,0.0,0.0,1,83.3,190.3,1,136.6,0.0,0.0,0.0,0.0,0.0,6
2023-05-10 21:02:58,i2401-P-790,i2401-P-790,136.6,0.0,0.0,0.0,20,83.4,190.2,20,136.6,0.0,0.0,0.0,0.0,0.0,6
2023-05-10 21:02:59,i2401-P-790,i2401-P-790,136.6,0.0,0.0,0.0,1,83.7,189.9,1,136.6,0.0,0.0,0.0,0.0,0.0,6
2023-05-10 21:02:59,i2401-P-790,i2401-P-790,136.6,0.0,0.0,0.0,20,83.8,189.8,20,136.6,0.0,0.0,0.0,0.0,0.0,6
2023-05-10 21:03:00,i2401-P-790,i2401-P-790,136.6,0.0,0.0,0.0,1,84.1,189.5,1,136.6,0.0,0.0,0.0,0.0,0.0,6
2023-05-10 21:03:00,i2401-P-790,i2401-P-790,136.6,0.0,0.0,0.0,20,84.2,189.4,20,136.6,0.0,0.0,0.0,0.0,0.0,6
2023-05-10 21:03:01,i2401-P-790,i2401-P-790,136.6,0.0,0.0,0.0,1,84.5,189.1,1,136.6,0.0,0.0,0.0,0.0,0.0,6
2023-05-10 21:03:01,i2401-P-790,i2401-P-790,136.6,0.0,0.0,0.0,20,84.6,189.0,20,136.6,0.0,0.0,0.0,0.0,0.0,6
2023-05-10 21:03:02,i2401-P-790,i2401-P-790,136.6,0.0,0.0,0.0,1,84.9,188.7,1,136.6,0.0,0.0,0.0,0.0,0.0,6
2023-05-10 21:03:02,i2401-P-790,i2401-P-790,136.6,0.0,0.0,0.0,20,85.0,188.6,20,136.6,0.0,0.0,0.0,0.0,0.0,6
2023-05-10 21:03:03,i2401-P-790,i2401-P-790,136.6,0.0,0.0,0.0,1,85.3,188.3,1,136.6,0.0,0.0,0.0,0.0,0.0,6
2023-05-10 21:03:03,i2401-P-790,i2401-P-790,136.6,0.0,0.0,0.0,20,85.4,188.2,20,136.6,0.0,0.0,0.0,0.0,0.0,6
2023-05-10 21:03:04,i2401-P-790,i2401-P-790,136.6,0.0,0.0,0.0,1,85.7,187.9,1,136.6,0.0,0.0,0.0,0.0,0.0,6
2023-05-10 21:03:04,i2401-P-790,i2401-P-790,136.6,0.0,0.0,0.0,20,85.8,187.8,20,136.6,0.0,0.0,0.0,0.0,0.0,6
2023-05-10 21:03:05,i2401-P-790,i2401-P-790,136.6,0.0,0.0,0.0,1,86.1,187.5,1,136.6,0.0,0.0,0.0,0.0,0.0,6
2023-05-10 21:03:05,i2401-P-790,i2401-P-790,136.6,0.0,0.0,0.0,20,86.2,187.4,20,136.6,0.0,0.0,0.0,0.0,0.0,6
2023-05-10 21:03:06,i2401-P-790,i2401-P-790,136.6,0.0,0.0,0.0,1,86.5,187.1,1,136.6,0.0,0.0,0.0,0.0,0.0,6
2023-05-10 21:03:06,i2401-P-790,i2401-P-790,136.6,0.0,0.0,0.0,20,86.6,187.0,20,136.6,0.0,0.0,0.0,0.0,0.0,6
2023-05-10 21:03:07,i2401-P-790,i2401-P-790,136.6,0.0,0.0,0.0,1,86.9,186.7,1,136.6,0.0,0.0,0.0,0.0,0.0,6
2023-05-10 21:03:07,i2401-P-790,i2401-P-790,136.6,0.0,0.0,0.0,20,87.0,186.6,20,136.6,0.0,0.0,0.0,0.0,0.0,6
2023-05-10 21:03:08,i2401-P-790,i2401-P-790,136.6,0.0,0.0,0.0,1,87.3,186.3,1,136.6,0.0,0.0,0.0,0.0,0.0,6
2023-05-10 21:03:08,i2401-P-790,i2401-P-790,136.6,0.0,0.0,0.0,20,87.4,186.2,20,136.6,0.0,0.0,0.0,0.0,0.0,6
2023-05-10 21:03:09,i2401-P-790,i2401-P-790,136.6,0.0,0.0,0.0,1,87.7,185.9,1,136.6,0.0,0.0,0.0,0.0,0.0,6
2023-05-10 21:03:09,i2401-P-790,i2401-P-790,136.6,0.0,0.0,0.0,20,87.8,185.8,20,136.6,0.0,0.0,0.0,0.0,0.0,6
2023-05-10 21:03:10,i2401-P-790,i2401-P-790,136.6,0.0,0.0,0.0,1,88.1,185.5,1,136.6,0.0,0.0,0.0,0.0,0.0,6
2023-05-10 21:03:10,i2401-P-790,i2401-P-790,136.6,0.0,0.0,0.0,20,88.2,185.4,20,136.6,0.0,0.0,0.0,0.0,0.0,6
2023-05-10 21:03:11,i2401-P-790,i2401-P-790,136.6,0.0,0.0,0.0,1,88.5,185.1,1,136.6,0.0,0.0,0.0,0.0,0.0,6
2023-05-10 21:03:11,i2401-P-790,i2401-P-790,136.6,0.0,0.0,0.0,20,88.6,185.0,20,136.6,0.0,0.0,0.0,0.0,0.0,6
2023-05-10 21:03:12,i2401-P-790,i2401-P-790,136.6,0.0,0.0,0.0,1,88.9,184.7,1,136.6,0.0,0.0,0.0,0.0,0.0,6
2023-05-10 21:03:12,i2401-P-790,i2401-P-790,136.6,0.0,0.0,0.0,20,89.0,184.6,20,136.6,0.0,0.0,0.0,0.0,0.0,6
2023-05-10 21:03:13,i2401-P-790,i2401-P-790,136.6,0.0,0.0,0.0,1,89.3,184.3,1,136.6,0.0,0.0,0.0,0.0,0.0,6
2023-05-10 21:03:13,i2401-P-790,i2401-P-790,136.6,0.0,0.0,0.0,20,89.4,184.2,20,136.6,0.0,0.0,0.0,0.0,0.0,6
2023-05-10 21:03:14,i2401-P-790,i2401-P-790,136.6,0.0,0.0,0.0,1,89.7,183.9,1,136.6,0.0,0.0,0.0,0.0,0.0,6
2023-05-10 21:03:14,i2401-P-790,i2401-P-790,136.6,0.0,0.0,0.0,20,89.8,183.8,20,136.6,0.0,0.0,0.0,0.0,0.0,6
2023-05-10 21:03:15,i2401-P-790,i2401-P-790,136.6,0.0,0.0,0.0,1,90.1,183.5,1,136.6,0.0,0.0,0.0,0.0,0.0,6
2023-05-10 21:03:15,i2401-P-790,i2401-P-790,136.6,0.0,0.0,0.0,20,90.2,183.4,20,136.6,0.0,0.0,0.0,0.0,0.0,6
2023-05-10 21:03:16,i2401-P-790,i2401-P-790,136.6,0.0,0.0,0.0,1,90.5,183.1,1,136.6,0.0,0.0,0.0,0.0,0.0,6
2023-05-10 21:03:16,i2401-P-790,i2401-P-790,136.6,0.0,0.0,0.0,20,90.6,183.0,20,136.6,0.0,0.0,0.0,0.0,0.0,6
2023-05-10 21:03:17,i2401-P-790,i2401-P-790,136.6,0.0,0.0,0.0,1,90.9,182.7,1,136.6,0.0,0.0,0.0,0.0,0.0,6
2023-05-10 21:03:17,i2401-P-790,i2401-P-790,136.6,0.0,0.0,0.0,20,91.0,182.6,20,136.6,0.0,0.0,0.0,0.0,0.0,6
2023-05-10 21:03:18,i2401-P-790,i2401-P-790,136.6,0.0,0.0,0.0,1,91.3,182.3,1,136.6,0.0,0.0,0.0,0.0,0.0,6
2023-05-10 21:03:18,i2401-P-790,i2401-P-790,136.6,0.0,0.0,0.0,20,91.4,182.2,20,136.6,0.0,0.0,0.0,0.0,0.0,6
2023-05-10 21:03:19,i2401-P-790,i2401-P-790,136.6,0.0,0.0,0.0,1,91.7,181.9,1,136.6,0.0,0.0,0.0,0.0,0.0,6
2023-05-10 21:03:19,i2401-P-790,i2401-P-790,136.6,0.0,0.0,0.0,20,91.8,181.8,20,136.6,0.0,0.0,0.0,0.0,0.0,6
2023-05-10 21:03:20,i2401-P-790,i2401-P-790,136.6,0.0,0.0,0.0,1,92.1,181.5,1,136.6,0.0,0.0,0.0,0.0,0.0,6
2023-05-10 21:03:20,i2401-P-790,i2401-P-790,136.6,0.0,0.0,0.0,20,92.2,181.4,20,136.6,0.0,0.0,0.0,0.0,0.0,6
2023-05-10 21:03:21,i2401-P-790,i2401-P-790,136.6,0.0,0.0,0.0,1,92.5,181.1,1,136.6,0.0,0.0,0.0,0.0,0.0,6
2023-05-10 21:03:21,i2401-P-790,i2401-P-790,136.6,0.0,0.0,0.0,20,92.6,181.0,20,136.6,0.0,0.0,0.0,0.0,0.0,6
2023-05-10 21:03:22,i2401-P-790,i2401-P-790,136.6,0.0,0.0,0.0,1,92.9,180.7,1,136.6,0.0,0.0,0.0,0.0,0.0,6
2023-05-10 21:03:22,i2401-P-790,i2401-P-790,136.6,0.0,0.0,0.0,20,93.0,180.6,20,136.6,0.0,0.0,0.0,0.0,0.0,6
2023-05-10 21:03:23,i2401-P-790,i2401-P-790,136.6,0.0,0.0,0.0,1,93.3,180.3,1,136.6,0.0,0.0,0.0,0.0,0.0,6
2023-05-10 21:03:23,i2401-P-790,i2401-P-790,136.6,0.0,0.0,0.0,20,93.4,180.2,20,136.6,0.0,0.0,0.0,0.0,0.0,6
2023-05-10 21:03:24,i2401-P-790,i2401-P-790,136.6,0.0,0.0,0.0,1,93.7,179.9,1,136.6,0.0,0.0,0.0,0.0,0.0,6
2023-05-10 21:03:24,i2401-P-790,i2401-P-790,136.6,0.0,0.0,0.0,20,93.8,179.8,20,136.6,0.0,0.0,0.0,0.0,0.0,6
2023-05-10 21:03:25,i2401-P-790,i2401-P-790,136.6,0.0,0.0,0.0,1,94.1,179.5,1,136.6,0.0,0.0,0.0,0.0,0.0,6
2023-05-10 21:03:25,i2401-P-790,i2401-P-790,136.6,0.0,0.0,0.0,20,94.2,179.4,20,136.6,0.0,0.0,0.0,0.0,0.0,6
2023-05-10 21:03:26,i2401-P-790,i2401-P-790,136.6,0.0,0.0,0.0,1,94.5,179.1,1,136.6,0.0,0.0,0.0,0.0,0.0,6
2023-05-10 21:03:26,i2401-P-790,i2401-P-790,136.6,0.0,0.0,0.0,20,94.6,179.0,20,136.6,0.0,0.0,0.0,0.0,0.0,6
2023-05-10 21:03:27,i2401-P-790,i2401-P-790,136.6,0.0,0.0,0.0,1,94.9,178.7,1,136.6,0.0,0.0,0.0,0.0,0.0,6
2023-05-10 21:03:27,i2401-P-790,i2401-P-790,136.6,0.0,0.0,0.0,20,95.0,178.6,20,136.6,0.0,0.0,0.0,0.0,0.0,6
2023-05-10 21:03:28,i2401-P-790,i2401-P-790,136.6,0.0,0.0,0.0,1,95.3,178.3,1,136.6,0.0,0.0,0.0,0.0,0.0,6
2023-05-10 21:03:28,i2401-P-790,i2401-P-790,136.6,0.0,0.0,0.0,20,95.4,178.2,20,136.6,0.0,0.0,0.0,0.0,0.0,6
2023-05-10 21:03:29,i2401-P-790,i2401-P-790,136.6,0.0,0.0,0.0,1,95.7,177.9,1,136.6,0.0,0.0,0.0,0.0,0.0,6
2023-05-10 21:03:29,i2401-P-790,i2401-P-790,136.6,0.0,0.0,0.0,20,95.8,177.8,20,136.6,0.0,0.0,0.0,0.0,0.0,6
2023-05-10 21:03:30,i2401-P-790,i2401-P-790,136.6,0.0,0.0,0.0,1,96.1,177.5,1,136.6,0.0,0.0,0.0,0.0,0.0,6
2023-05-10 21:03:30,i2401-P-790,i2401-P-790,136.6,0.0,0.0,0.0,20,96.2,177.4,20,136.6,0.0,0.0,0.0,0.0,0.0,6
2023-05-10 21:03:31,i2401-P-790,i2401-P-790,136.6,0.0,0.0,0.0,1,96.5,177.1,1,136.6,0.0,0.0,0.0,0.0,0.0,6
2023-05-10 21:03:31,i2401-P-790,i2401-P-790,136.6,0.0,0.0,0.0,20,96.6,177.0,20,136.6,0.0,0.0,0.0,0.0,0.0,6
2023-05-10 21:03:32,i2401-P-790,i2401-P-790,136.6,0.0,0.0,0.0,1,96.9,176.7,1,136.6,0.0,0.0,0.0,0.0,0.0,6
2023-05-10 21:03:32,i2401-P-790,i2401-P-790,136.6,0.0,0.0,0.0,20,97.0,176.6,20,136.6,0.0,0.0,0.0,0.0,0.0,6
2023-05-10 21:03:33,i2401-P-790,i2401-P-790,136.6,0.0,0.0,0.0,1,97.3,176.3,1,136.6,0.0,0.0,0.0,0.0,0.0,6
2023-05-10 21:03:33,i2401-P-790,i2401-P-790,136.6,0.0,0.0,0.0,20,97.4,176.2,20,136.6,0.0,0.0,0.0,0.0,0.0,6
2023-05-10 21:03:34,i2401-P-790,i2401-P-790,136.6,0.0,0.0,0.0,1,97.7,175.9,1,136.6,0.0,0.0,0.0,0.0,0.0,6
2023-05-10 21:03:34,i2401-P-790,i2401-P-790,136.6,0.0,0.0,0.0,20,97.8,175.8,20,136.6,0.0,0.0,0.0,0.0,0.0,6
2023-05-10 21:03:35,i2401-P-790,i2401-P-790,136.6,0.0,0.0,0.0,1,98.1,175.5,1,136.6,0.0,0.0,0.0,0.0,0.0,6
2023-05-10 21:03:35,i2401-P-790,i2401-P-790,136.6,0.0,0.0,0.0,20,98.2,175.4,20,136.6,0.0,0.0,0.0,0.0,0.0,6
2023-05-10 21:03:36,i2401-P-790,i2401-P-790,136.6,0.0,0.0,0.0,1,98.5,175.1,1,136.6,0.0,0.0,0.0,0.0,0.0,6
2023-05-10 21:03:36,i2401-P-790,i2401-P-790,136.6,0.0,0.0,0.0,20,98.6,175.0,20,136.6,0.0,0.0,0.0,0.0,0.0,6
2023-05-10 21:03:37,i2401-P-790,i2401-P-790,136.6,0.0,0.0,0.0,1,98.9,174.7,1,136.6,0.0,0.0,0.0,0.0,0.0,6
2023-05-10 21:03:37,i2401-P-790,i2401-P-790,136.6,0.0,0.0,0.0,20,99.0,174.6,20,136.6,0.0,0.0,0.0,0.0,0.0,6
2023-05-10 21:03:38,i2401-P-790,i2401-P-790,136.6,0.0,0.0,0.0,1,99.3,174.3,1,136.6,0.0,0.0,0.0,0.0,0.0,6
2023-05-10 21:03:38,i2401-P-790,i2401-P-790,136.6,0.0,0.0,0.0,20,99.4,174.2,20,136.6,0.0,0.0,0.0,0.0,0.0,6
2023-05-10 21:14:10,i2401-P-790,i2401-P-790,136.6,0.0,0.0,0.0,1,99.7,173.9,1,136.6,0.0,0.0,0.0,0.0,0.0,6
2023-05-10 21:14:10,i2401-P-790,i2401-P-790,136.6,0.0,0.0,0.0,20,99.8,173.8,20,136.6,0.0,0.0,0.0,0.0,0.0,6
2023-05-10 21:14:11,i2401-P-790,i2401-P-790,136.6,0.0,0.0,0.0,1,100.1,173.5,1,136.6,0.0,0.0,0.0,0.0,0.0,6
2023-05-10 21:14:11,i2401-P-790,i2401-P-790,136.6,0.0,0.0,0.0,20,100.2,173.4,20,136.6,0.0,0.0,0.0,0.0,0.0,6
2023-05-10 21:14:12,i2401-P-790,i2401-P-790,136.6,0.0,0.0,0.0,1,100.5,173.1,1,136.6,0.0,0.0,0.0,0.0,0.0,6
2023-05-10 21:14:12,i2401-P-790,i2401-P-790,136.6,0.0,0.0,0.0,20,100.6,173.0,20,136.6,0.0,0.0,0.0,0.0,0.0,6
2023-05-10 21:14:13,i2401-P-790,i2401-P-790,136.6,0.0,0.0,0.0,1,100.9,172.7,1,136.6,0.0,0.0,0.0,0.0,0.0,6
2023-05-10 21:14:13,i2401-P-790,i2401-P-790,136.6,0.0,0.0,0.0,20,101.0,172.6,20,136.6,0.0,0.0,0.0,0.0,0.0,6
2023-05-10 21:14:14,i2401-P-790,i2401-P-790,136.6,0.0,0.0,0.0,1,101.3,172.3,1,136.6,0.0,0.0,0.0,0.0,0.0,6
2023-05-10 21:14:15,i2401-P-790,i2401-P-790,136.6,0.0,0.0,0.0,20,101.4,172.2,20,136.6,0.0,0.0,0.0,0.0,0.0,6
2023-05-10 21:32:03,i2401-P-790,i2401-P-790,136.6,0.0,0.0,0.0,1,101.5,172.2,20,136.6,0.0,0.0,0.0,0.0,0.0,6
2023-05-10 21:32:03,i2401-P-790,i2401-P-790,136.6,0.0,0.0,0.0,1,101.8,171.9,1,136.6,0.0,0.0,0.0,0.0,0.0,6
2023-05-10 21:32:03,i2401-P-790,i2401-P-790,136.6,0.0,0.0,0.0,20,101.9,171.8,20,136.6,0.0,0.0,0.0,0.0,0.0,6
2023-05-10 21:32:04,i2401-P-790,i2401-P-790,136.6,0.0,0.0,0.0,1,102.2,171.5,1,136.6,0.0,0.0,0.0,0.0,0.0,6
2023-05-10 21:32:04,i2401-P-790,i2401-P-790,136.6,0.0,0.0,0.0,20,102.3,171.4,20,136.6,0.0,0.0,0.0,0.0,0.0,6
2023-05-10 21:32:05,i2401-P-790,i2401-P-790,136.6,0.0,0.0,0.0,1,102.6,171.1,1,136.6,0.0,0.0,0.0,0.0,0.0,6
2023-05-10 21:32:05,i2401-P-790,i2401-P-790,136.6,0.0,0.0,0.0,20,102.7,171.0,20,136.6,0.0,0.0,0.0,0.0,0.0,6
2023-05-10 21:32:06,i2401-P-790,i2401-P-790,136.6,0.0,0.0,0.0,1,103.0,170.7,1,136.6,0.0,0.0,0.0,0.0,0.0,6
2023-05-10 21:32:06,i2401-P-790,i2401-P-790,136.6,0.0,0.0,0.0,20,103.1,170.6,20,136.6,0.0,0.0,0.0,0.0,0.0,6
2023-05-10 21:32:07,i2401-P-790,i2401-P-790,136.6,0.0,0.0,0.0,1,103.4,170.3,1,136.6,0.0,0.0,0.0,0.0,0.0,6
2023-05-10 21:32:07,i2401-P-790,i2401-P-790,136.6,0.0,0.0,0.0,20,103.5,170.2,20,136.6,0.0,0.0,0.0,0.0,0.0,6
2023-05-10 21:44:10,i2401-P-790,i2401-P-790,136.6,0.0,0.0,0.0,1,103.8,169.9,1,136.6,0.0,0.0,0.0,0.0,0.0,6
2023-05-10 21:44:10,i2401-P-790,i2401-P-790,136.6,0.0,0.0,0.0,20,103.9,169.8,20,136.6,0.0,0.0,0.0,0.0,0.0,6
2023-05-10 21:44:11,i2401-P-790,i2401-P-790,136.6,0.0,0.0,0.0,1,104.2,169.5,1,136.6,0.0,0.0,0.0,0.0,0.0,6
2023-05-10 21:44:11,i2401-P-790,i2401-P-790,136.6,0.0,0.0,0.0,20,104.3,169.4,20,136.6,0.0,0.0,0.0,0.0,0.0,6
2023-05-10 21:44:12,i2401-P-790,i2401-P-790,136.6,0.0,0.0,0.0,1,104.6,169.1,1,136.6,0.0,0.0,0.0,0.0,0.0,6
2023-05-10 21:44:12,i2401-P-790,i2401-P-790,136.6,0.0,0.0,0.0,20,104.7,169.0,20,136.6,0.0,0.0,0.0,0.0,0.0,6
2023-05-10 21:44:13,i2401-P-790,i2401-P-790,136.6,0.0,0.0,0.0,1,105.0,168.7,1,136.6,0.0,0.0,0.0,0.0,0.0,6
2023-05-10 21:44:13,i2401-P-790,i2401-P-790,136.6,0.0,0.0,0.0,20,105.1,168.6,20,136.6,0.0,0.0,0.0,0.0,0.0,6
2023-05-10 21:44:14,i2401-P-790,i2401-P-790,136.6,0.0,0.0,0.0,1,105.4,168.3,1,136.6,0.0,0.0,0.0,0.0,0.0,6
2023-05-10 21:44:14,i2401-P-790,i2401-P-790,136.6,0.0,0.0,0.0,20,105.5,168.2,20,136.6,0.0,0.0,0.0,0.0,0.0,6
2023-05-10 22:02:03,i2401-P-790,i2401-P-790,136.6,0.0,0.0,0.0,1,105.6,168.2,20,136.6,0.0,0.0,0.0,0.0,0.0,6
2023-05-10 22:02:03,i2401-P-790,i2401-P-790,136.6,0.0,0.0,0.0,1,105.9,167.9,1,136.6,0.0,0.0,0.0,0.0,0.0,6
2023-05-10 22:02:03,i2401-P-790,i2401-P-790,136.6,0.0,0.0,0.0,20,106.0,167.8,20,136.6,0.0,0.0,0.0,0.0,0.0,6
2023-05-10 22:02:04,i2401-P-790,i2401-P-790,136.6,0.0,0.0,0.0,1,106.3,167.5,1,136.6,0.0,0.0,0.0,0.0,0.0,6
2023-05-10 22:02:04,i2401-P-790,i2401-P-790,136.6,0.0,0.0,0.0,20,106.4,167.4,20,136.6,0.0,0.0,0.0,0.0,0.0,6
2023-05-10 22:02:05,i2401-P-790,i2401-P-790,136.6,0.0,0.0,0.0,1,106.7,167.1,1,136.6,0.0,0.0,0.0,0.0,0.0,6
2023-05-10 22:02:05,i2401-P-790,i2401-P-790,136.6,0.0,0.0,0.0,20,106.8,167.0,20,136.6,0.0,0.0,0.0,0.0,0.0,6
2023-05-10 22:02:06,i2401-P-790,i2401-P-790,136.6,0.0,0.0,0.0,1,107.1,166.7,1,136.6,0.0,0.0,0.0,0.0,0.0,6
2023-05-10 22:02:06,i2401-P-790,i2401-P-790,136.6,0.0,0.0,0.0,20,107.2,166.6,20,136.6,0.0,0.0,0.0,0.0,0.0,6
2023-05-10 22:02:07,i2401-P-790,i2401-P-790,136.6,0.0,0.0,0.0,1,107.5,166.3,1,136.6,0.0,0.0,0.0,0.0,0.0,6
2023-05-10 22:02:07,i2401-P-790,i2401-P-790,136.6,0.0,0.0,0.0,20,107.6,166.2,20,136.6,0.0,0.0,0.0,0.0,0.0,6
2023-05-10 22:45:14,i2401-P-790,i2401-P-790,136.6,0.0,0.0,0.0,1,107.7,166.2,20,136.6,0.0,0.0,0.0,0.0,0.0,6
2023-05-10 22:45:14,i2401-P-790,i2401-P-790,136.6,0.0,0.0,0.0,20,107.8,166.2,20,136.6,0.0,0.0,0.0,0.0,0.0,6
2023-05-10 22:57:32,i2401-P-790,i2401-P-790,136.6,0.0,0.0,0.0,1,107.7,0.0,0,136.6,0.0,0.0,0.0,0.0,0.0,6
2023-05-11 09:02:01,i2401-P-790,i2401-P-790,136.6,0.0,0.0,0.0,1,108.0,210.3,1,136.6,0.0,0.0,0.0,0.0,0.0,6
2023-05-11 09:02:01,i2401-P-790,i2401-P-790,136.6,0.0,0.0,0.0,1,108.0,210.2,20,136.6,0.0,0.0,0.0,0.0,0.0,6
2023-05-11 09:02:02,i2401-P-790,i2401-P-790,136.6,0.0,0.0,0.0,1,108.0,209.9,1,136.6,0.0,0.0,0.0,0.0,0.0,6
2023-05-11 09:02:02,i2401-P-790,i2401-P-790,136.6,0.0,0.0,0.0,1,108.0,209.8,20,136.6,0.0,0.0,0.0,0.0,0.0,6
2023-05-11 09:02:03,i2401-P-790,i2401-P-790,136.6,0.0,0.0,0.0,1,108.0,209.5,1,136.6,0.0,0.0,0.0,0.0,0.0,6
2023-05-11 09:02:03,i2401-P-790,i2401-P-790,136.6,0.0,0.0,0.0,1,108.0,209.4,20,136.6,0.0,0.0,0.0,0.0,0.0,6
2023-05-11 09:02:04,i2401-P-790,i2401-P-790,136.6,0.0,0.0,0.0,1,108.0,209.1,1,136.6,0.0,0.0,0.0,0.0,0.0,6
2023-05-11 09:02:04,i2401-P-790,i2401-P-790,136.6,0.0,0.0,0.0,1,108.0,209.0,20,136.6,0.0,0.0,0.0,0.0,0.0,6
2023-05-11 09:02:05,i2401-P-790,i2401-P-790,136.6,0.0,0.0,0.0,1,108.0,208.7,1,136.6,0.0,0.0,0.0,0.0,0.0,6
2023-05-11 09:02:05,i2401-P-790,i2401-P-790,136.6,0.0,0.0,0.0,1,108.0,208.6,20,136.6,0.0,0.0,0.0,0.0,0.0,6
2023-05-11 09:02:06,i2401-P-790,i2401-P-790,136.6,0.0,0.0,0.0,1,108.0,208.3,1,136.6,0.0,0.0,0.0,0.0,0.0,6
2023-05-11 09:02:06,i2401-P-790,i2401-P-790,136.6,0.0,0.0,0.0,1,108.0,208.2,20,136.6,0.0,0.0,0.0,0.0,0.0,6
2023-05-11 09:02:07,i2401-P-790,i2401-P-790,136.6,0.0,0.0,0.0,1,108.0,207.9,1,136.6,0.0,0.0,0.0,0.0,0.0,6
2023-05-11 09:02:07,i2401-P-790,i2401-P-790,136.6,0.0,0.0,0.0,1,108.0,207.8,20,136.6,0.0,0.0,0.0,0.0,0.0,6
2023-05-11 09:02:08,i2401-P-790,i2401-P-790,136.6,0.0,0.0,0.0,1,108.0,207.5,1,136.6,0.0,0.0,0.0,0.0,0.0,6
2023-05-11 09:02:08,i2401-P-790,i2401-P-790,136.6,0.0,0.0,0.0,1,108.0,207.4,20,136.6,0.0,0.0,0.0,0.0,0.0,6
2023-05-11 09:02:09,i2401-P-790,i2401-P-790,136.6,0.0,0.0,0.0,1,108.0,207.1,1,136.6,0.0,0.0,0.0,0.0,0.0,6
2023-05-11 09:02:09,i2401-P-790,i2401-P-790,136.6,0.0,0.0,0.0,1,108.0,207.0,20,136.6,0.0,0.0,0.0,0.0,0.0,6
2023-05-11 09:02:11,i2401-P-790,i2401-P-790,136.6,0.0,0.0,0.0,1,108.0,206.7,1,136.6,0.0,0.0,0.0,0.0,0.0,6
2023-05-11 09:02:11,i2401-P-790,i2401-P-790,136.6,0.0,0.0,0.0,1,108.0,206.6,20,136.6,0.0,0.0,0.0,0.0,0.0,6
2023-05-11 09:02:12,i2401-P-790,i2401-P-790,136.6,0.0,0.0,0.0,1,108.1,206.3,1,136.6,0.0,0.0,0.0,0.0,0.0,6
2023-05-11 09:02:12,i2401-P-790,i2401-P-790,136.6,0.0,0.0,0.0,1,108.4,206.2,20,136.6,0.0,0.0,0.0,0.0,0.0,6
2023-05-11 09:02:13,i2401-P-790,i2401-P-790,136.6,0.0,0.0,0.0,1,108.4,205.9,1,136.6,0.0,0.0,0.0,0.0,0.0,6
2023-05-11 09:02:13,i2401-P-790,i2401-P-790,136.6,0.0,0.0,0.0,1,108.4,205.8,20,136.6,0.0,0.0,0.0,0.0,0.0,6
2023-05-11 09:02:14,i2401-P-790,i2401-P-790,136.6,0.0,0.0,0.0,1,108.4,205.5,1,136.6,0.0,0.0,0.0,0.0,0.0,6
2023-05-11 09:02:14,i2401-P-790,i2401-P-790,136.6,0.0,0.0,0.0,1,108.4,205.4,20,136.6,0.0,0.0,0.0,0.0,0.0,6
2023-05-11 09:02:15,i2401-P-790,i2401-P-790,136.6,0.0,0.0,0.0,1,108.4,205.1,1,136.6,0.0,0.0,0.0,0.0,0.0,6
2023-05-11 09:02:15,i2401-P-790,i2401-P-790,136.6,0.0,0.0,0.0,1,108.4,205.0,20,136.6,0.0,0.0,0.0,0.0,0.0,6
2023-05-11 09:02:16,i2401-P-790,i2401-P-790,136.6,0.0,0.0,0.0,1,108.4,204.7,1,136.6,0.0,0.0,0.0,0.0,0.0,6
2023-05-11 09:02:16,i2401-P-790,i2401-P-790,136.6,0.0,0.0,0.0,1,108.4,204.6,20,136.6,0.0,0.0,0.0,0.0,0.0,6
2023-05-11 09:02:17,i2401-P-790,i2401-P-790,136.6,0.0,0.0,0.0,1,108.4,204.3,1,136.6,0.0,0.0,0.0,0.0,0.0,6
2023-05-11 09:02:17,i2401-P-790,i2401-P-790,136.6,0.0,0.0,0.0,1,108.4,204.2,20,136.6,0.0,0.0,0.0,0.0,0.0,6
2023-05-11 09:02:18,i2401-P-790,i2401-P-790,136.6,0.0,0.0,0.0,1,108.4,203.9,1,136.6,0.0,0.0,0.0,0.0,0.0,6
2023-05-11 09:02:18,i2401-P-790,i2401-P-790,136.6,0.0,0.0,0.0,1,108.4,203.8,20,136.6,0.0,0.0,0.0,0.0,0.0,6
2023-05-11 09:02:19,i2401-P-790,i2401-P-790,136.6,0.0,0.0,0.0,1,108.4,203.5,1,136.6,0.0,0.0,0.0,0.0,0.0,6
2023-05-11 09:02:19,i2401-P-790,i2401-P-790,136.6,0.0,0.0,0.0,1,108.4,203.4,20,136.6,0.0,0.0,0.0,0.0,0.0,6
2023-05-11 09:02:20,i2401-P-790,i2401-P-790,136.6,0.0,0.0,0.0,1,108.4,203.1,1,136.6,0.0,0.0,0.0,0.0,0.0,6
2023-05-11 09:02:20,i2401-P-790,i2401-P-790,136.6,0.0,0.0,0.0,1,108.4,203.0,20,136.6,0.0,0.0,0.0,0.0,0.0,6
2023-05-11 09:02:21,i2401-P-790,i2401-P-790,136.6,0.0,0.0,0.0,1,108.4,202.7,1,136.6,0.0,0.0,0.0,0.0,0.0,6
2023-05-11 09:02:21,i2401-P-790,i2401-P-790,136.6,0.0,0.0,0.0,1,108.4,202.6,20,136.6,0.0,0.0,0.0,0.0,0.0,6
2023-05-11 09:02:22,i2401-P-790,i2401-P-790,136.6,0.0,0.0,0.0,1,108.4,202.3,1,136.6,0.0,0.0,0.0,0.0,0.0,6
2023-05-11 09:02:22,i2401-P-790,i2401-P-790,136.6,0.0,0.0,0.0,1,108.4,202.2,20,136.6,0.0,0.0,0.0,0.0,0.0,6
2023-05-11 09:02:23,i2401-P-790,i2401-P-790,136.6,0.0,0.0,0.0,1,108.4,201.9,1,136.6,0.0,0.0,0.0,0.0,0.0,6
2023-05-11 09:02:23,i2401-P-790,i2401-P-790,136.6,0.0,0.0,0.0,1,108.4,201.8,20,136.6,0.0,0.0,0.0,0.0,0.0,6
2023-05-11 09:02:24,i2401-P-790,i2401-P-790,136.6,0.0,0.0,0.0,1,108.4,201.5,1,136.6,0.0,0.0,0.0,0.0,0.0,6
2023-05-11 09:02:24,i2401-P-790,i2401-P-790,136.6,0.0,0.0,0.0,1,108.4,201.4,20,136.6,0.0,0.0,0.0,0.0,0.0,6
2023-05-11 09:02:25,i2401-P-790,i2401-P-790,136.6,0.0,0.0,0.0,1,108.4,201.1,1,136.6,0.0,0.0,0.0,0.0,0.0,6
2023-05-11 09:02:25,i2401-P-790,i2401-P-790,136.6,0.0,0.0,0.0,1,108.4,201.0,20,136.6,0.0,0.0,0.0,0.0,0.0,6
2023-05-11 09:02:26,i2401-P-790,i2401-P-790,136.6,0.0,0.0,0.0,20,108.5,200.7,1,136.6,0.0,0.0,0.0,0.0,0.0,6
2023-05-11 09:02:26,i2401-P-790,i2401-P-790,136.6,0.0,0.0,0.0,1,108.8,200.6,20,136.6,0.0,0.0,0.0,0.0,0.0,6
2023-05-11 09:02:27,i2401-P-790,i2401-P-790,136.6,0.0,0.0,0.0,20,108.9,200.3,1,136.6,0.0,0.0,0.0,0.0,0.0,6
2023-05-11 09:02:27,i2401-P-790,i2401-P-790,136.6,0.0,0.0,0.0,20,108.9,200.2,20,136.6,0.0,0.0,0.0,0.0,0.0,6
2023-05-11 09:02:28,i2401-P-790,i2401-P-790,136.6,0.0,0.0,0.0,1,109.2,199.9,1,136.6,0.0,0.0,0.0,0.0,0.0,6
2023-05-11 09:02:28,i2401-P-790,i2401-P-790,136.6,0.0,0.0,0.0,20,109.3,199.8,20,136.6,0.0,0.0,0.0,0.0,0.0,6
2023-05-11 09:02:29,i2401-P-790,i2401-P-790,136.6,0.0,0.0,0.0,1,109.6,199.5,1,136.6,0.0,0.0,0.0,0.0,0.0,6
2023-05-11 09:02:29,i2401-P-790,i2401-P-790,136.6,0.0,0.0,0.0,20,109.7,199.4,20,136.6,0.0,0.0,0.0,0.0,0.0,6
2023-05-11 09:02:30,i2401-P-790,i2401-P-790,136.6,0.0,0.0,0.0,1,110.0,199.1,1,136.6,0.0,0.0,0.0,0.0,0.0,6
2023-05-11 09:02:30,i2401-P-790,i2401-P-790,136.6,0.0,0.0,0.0,20,110.1,199.0,20,136.6,0.0,0.0,0.0,0.0,0.0,6
2023-05-11 09:02:31,i2401-P-790,i2401-P-790,136.6,0.0,0.0,0.0,1,110.4,198.7,1,136.6,0.0,0.0,0.0,0.0,0.0,6
2023-05-11 09:02:31,i2401-P-790,i2401-P-790,136.6,0.0,0.0,0.0,20,110.5,198.6,20,136.6,0.0,0.0,0.0,0.0,0.0,6
2023-05-11 09:02:32,i2401-P-790,i2401-P-790,136.6,0.0,0.0,0.0,1,110.8,198.3,1,136.6,0.0,0.0,0.0,0.0,0.0,6
2023-05-11 09:02:32,i2401-P-790,i2401-P-790,136.6,0.0,0.0,0.0,20,110.9,198.2,20,136.6,0.0,0.0,0.0,0.0,0.0,6
2023-05-11 09:02:33,i2401-P-790,i2401-P-790,136.6,0.0,0.0,0.0,1,111.2,197.9,1,136.6,0.0,0.0,0.0,0.0,0.0,6
2023-05-11 09:02:33,i2401-P-790,i2401-P-790,136.6,0.0,0.0,0.0,20,111.3,197.8,20,136.6,0.0,0.0,0.0,0.0,0.0,6
2023-05-11 09:02:34,i2401-P-790,i2401-P-790,136.6,0.0,0.0,0.0,1,111.6,197.5,1,136.6,0.0,0.0,0.0,0.0,0.0,6
2023-05-11 09:02:34,i2401-P-790,i2401-P-790,136.6,0.0,0.0,0.0,20,111.7,197.4,20,136.6,0.0,0.0,0.0,0.0,0.0,6
2023-05-11 09:02:35,i2401-P-790,i2401-P-790,136.6,0.0,0.0,0.0,1,112.0,197.1,1,136.6,0.0,0.0,0.0,0.0,0.0,6
2023-05-11 09:02:35,i2401-P-790,i2401-P-790,136.6,0.0,0.0,0.0,20,112.1,197.0,20,136.6,0.0,0.0,0.0,0.0,0.0,6
2023-05-11 09:02:36,i2401-P-790,i2401-P-790,136.6,0.0,0.0,0.0,1,112.4,196.7,1,136.6,0.0,0.0,0.0,0.0,0.0,6
2023-05-11 09:02:36,i2401-P-790,i2401-P-790,136.6,0.0,0.0,0.0,20,112.5,196.6,20,136.6,0.0,0.0,0.0,0.0,0.0,6
2023-05-11 09:02:37,i2401-P-790,i2401-P-790,136.6,0.0,0.0,0.0,1,112.8,196.3,1,136.6,0.0,0.0,0.0,0.0,0.0,6
2023-05-11 09:02:37,i2401-P-790,i2401-P-790,136.6,0.0,0.0,0.0,20,112.9,196.2,20,136.6,0.0,0.0,0.0,0.0,0.0,6
2023-05-11 09:02:38,i2401-P-790,i2401-P-790,136.6,0.0,0.0,0.0,1,113.2,195.9,1,136.6,0.0,0.0,0.0,0.0,0.0,6
2023-05-11 09:02:38,i2401-P-790,i2401-P-790,136.6,0.0,0.0,0.0,20,113.3,195.8,20,136.6,0.0,0.0,0.0,0.0,0.0,6
2023-05-11 09:02:39,i2401-P-790,i2401-P-790,136.6,0.0,0.0,0.0,1,113.6,195.5,1,136.6,0.0,0.0,0.0,0.0,0.0,6
2023-05-11 09:02:39,i2401-P-790,i2401-P-790,136.6,0.0,0.0,0.0,20,113.7,195.4,20,136.6,0.0,0.0,0.0,0.0,0.0,6
2023-05-11 09:02:40,i2401-P-790,i2401-P-790,136.6,0.0,0.0,0.0,1,114.0,195.1,1,136.6,0.0,0.0,0.0,0.0,0.0,6
2023-05-11 09:02:40,i2401-P-790,i2401-P-790,136.6,0.0,0.0,0.0,20,114.1,195.0,20,136.6,0.0,0.0,0.0,0.0,0.0,6
2023-05-11 09:02:41,i2401-P-790,i2401-P-790,136.6,0.0,0.0,0.0,1,114.4,194.7,1,136.6,0.0,0.0,0.0,0.0,0.0,6
2023-05-11 09:02:41,i2401-P-790,i2401-P-790,136.6,0.0,0.0,0.0,20,114.5,194.6,20,136.6,0.0,0.0,0.0,0.0,0.0,6
2023-05-11 09:02:42,i2401-P-790,i2401-P-790,136.6,0.0,0.0,0.0,1,114.8,194.3,1,136.6,0.0,0.0,0.0,0.0,0.0,6
2023-05-11 09:02:42,i2401-P-790,i2401-P-790,136.6,0.0,0.0,0.0,20,114.9,194.2,20,136.6,0.0,0.0,0.0,0.0,0.0,6
2023-05-11 09:02:43,i2401-P-790,i2401-P-790,136.6,0.0,0.0,0.0,1,115.2,193.9,1,136.6,0.0,0.0,0.0,0.0,0.0,6
2023-05-11 09:02:43,i2401-P-790,i2401-P-790,136.6,0.0,0.0,0.0,20,115.3,193.8,20,136.6,0.0,0.0,0.0,0.0,0.0,6
2023-05-11 09:02:44,i2401-P-790,i2401-P-790,136.6,0.0,0.0,0.0,1,115.6,193.5,1,136.6,0.0,0.0,0.0,0.0,0.0,6
2023-05-11 09:02:44,i2401-P-790,i2401-P-790,136.6,0.0,0.0,0.0,20,115.7,193.4,20,136.6,0.0,0.0,0.0,0.0,0.0,6
2023-05-11 09:02:45,i2401-P-790,i2401-P-790,136.6,0.0,0.0,0.0,1,116.0,193.1,1,136.6,0.0,0.0,0.0,0.0,0.0,6
2023-05-11 09:02:45,i2401-P-790,i2401-P-790,136.6,0.0,0.0,0.0,20,116.1,193.0,20,136.6,0.0,0.0,0.0,0.0,0.0,6
2023-05-11 09:02:46,i2401-P-790,i2401-P-790,136.6,0.0,0.0,0.0,1,116.4,192.7,1,136.6,0.0,0.0,0.0,0.0,0.0,6
2023-05-11 09:02:46,i2401-P-790,i2401-P-790,136.6,0.0,0.0,0.0,20,116.5,192.6,20,136.6,0.0,0.0,0.0,0.0,0.0,6
2023-05-11 09:02:47,i2401-P-790,i2401-P-790,136.6,0.0,0.0,0.0,1,116.8,192.3,1,136.6,0.0,0.0,0.0,0.0,0.0,6
2023-05-11 09:02:47,i2401-P-790,i2401-P-790,136.6,0.0,0.0,0.0,20,116.9,192.2,20,136.6,0.0,0.0,0.0,0.0,0.0,6
2023-05-11 09:02:48,i2401-P-790,i2401-P-790,136.6,0.0,0.0,0.0,1,117.2,191.9,1,136.6,0.0,0.0,0.0,0.0,0.0,6
2023-05-11 09:02:48,i2401-P-790,i2401-P-790,136.6,0.0,0.0,0.0,20,117.3,191.8,20,136.6,0.0,0.0,0.0,0.0,0.0,6
2023-05-11 09:02:49,i2401-P-790,i2401-P-790,136.6,0.0,0.0,0.0,1,117.6,191.5,1,136.6,0.0,0.0,0.0,0.0,0.0,6
2023-05-11 09:02:49,i2401-P-790,i2401-P-790,136.6,0.0,0.0,0.0,20,117.7,191.4,20,136.6,0.0,0.0,0.0,0.0,0.0,6
2023-05-11 09:02:50,i2401-P-790,i2401-P-790,136.6,0.0,0.0,0.0,1,118.0,191.1,1,136.6,0.0,0.0,0.0,0.0,0.0,6
2023-05-11 09:02:50,i2401-P-790,i2401-P-790,136.6,0.0,0.0,0.0,20,118.1,191.0,20,136.6,0.0,0.0,0.0,0.0,0.0,6
2023-05-11 09:02:51,i2401-P-790,i2401-P-790,136.6,0.0,0.0,0.0,1,118.4,190.7,1,136.6,0.0,0.0,0.0,0.0,0.0,6
2023-05-11 09:02:51,i2401-P-790,i2401-P-790,136.6,0.0,0.0,0.0,20,118.5,190.6,20,136.6,0.0,0.0,0.0,0.0,0.0,6
2023-05-11 09:02:52,i2401-P-790,i2401-P-790,136.6,0.0,0.0,0.0,1,118.8,190.3,1,136.6,0.0,0.0,0.0,0.0,0.0,6
2023-05-11 09:02:52,i2401-P-790,i2401-P-790,136.6,0.0,0.0,0.0,20,118.9,190.2,20,136.6,0.0,0.0,0.0,0.0,0.0,6
2023-05-11 09:02:53,i2401-P-790,i2401-P-790,136.6,0.0,0.0,0.0,1,119.2,189.9,1,136.6,0.0,0.0,0.0,0.0,0.0,6
2023-05-11 09:02:53,i2401-P-790,i2401-P-790,136.6,0.0,0.0,0.0,20,119.3,189.8,20,136.6,0.0,0.0,0.0,0.0,0.0,6
2023-05-11 09:02:54,i2401-P-790,i2401-P-790,136.6,0.0,0.0,0.0,1,119.6,189.5,1,136.6,0.0,0.0,0.0,0.0,0.0,6
2023-05-11 09:02:54,i2401-P-790,i2401-P-790,136.6,0.0,0.0,0.0,20,119.7,189.4,20,136.6,0.0,0.0,0.0,0.0,0.0,6
2023-05-11 09:02:55,i2401-P-790,i2401-P-790,136.6,0.0,0.0,0.0,1,120.0,189.1,1,136.6,0.0,0.0,0.0,0.0,0.0,6
2023-05-11 09:02:55,i2401-P-790,i2401-P-790,136.6,0.0,0.0,0.0,20,120.1,189.0,20,136.6,0.0,0.0,0.0,0.0,0.0,6
2023-05-11 09:02:56,i2401-P-790,i2401-P-790,136.6,0.0,0.0,0.0,1,120.4,188.7,1,136.6,0.0,0.0,0.0,0.0,0.0,6
2023-05-11 09:02:56,i2401-P-790,i2401-P-790,136.6,0.0,0.0,0.0,20,120.5,188.6,20,136.6,0.0,0.0,0.0,0.0,0.0,6
2023-05-11 09:02:57,i2401-P-790,i2401-P-790,136.6,0.0,0.0,0.0,1,120.8,188.3,1,136.6,0.0,0.0,0.0,0.0,0.0,6
2023-05-11 09:02:57,i2401-P-790,i2401-P-790,136.6,0.0,0.0,0.0,20,120.9,188.2,20,136.6,0.0,0.0,0.0,0.0,0.0,6
2023-05-11 09:02:58,i2401-P-790,i2401-P-790,136.6,0.0,0.0,0.0,1,121.2,187.9,1,136.6,0.0,0.0,0.0,0.0,0.0,6
2023-05-11 09:02:58,i2401-P-790,i2401-P-790,136.6,0.0,0.0,0.0,20,121.3,187.8,20,136.6,0.0,0.0,0.0,0.0,0.0,6
2023-05-11 09:02:59,i2401-P-790,i2401-P-790,136.6,0.0,0.0,0.0,1,121.6,187.5,1,136.6,0.0,0.0,0.0,0.0,0.0,6
2023-05-11 09:02:59,i2401-P-790,i2401-P-790,136.6,0.0,0.0,0.0,20,121.7,187.4,20,136.6,0.0,0.0,0.0,0.0,0.0,6
2023-05-11 09:03:00,i2401-P-790,i2401-P-790,136.6,0.0,0.0,0.0,1,122.0,187.1,1,136.6,0.0,0.0,0.0,0.0,0.0,6
2023-05-11 09:03:00,i2401-P-790,i2401-P-790,136.6,0.0,0.0,0.0,20,122.1,187.0,20,136.6,0.0,0.0,0.0,0.0,0.0,6
2023-05-11 09:03:01,i2401-P-790,i2401-P-790,136.6,0.0,0.0,0.0,1,122.4,186.7,1,136.6,0.0,0.0,0.0,0.0,0.0,6
2023-05-11 09:03:01,i2401-P-790,i2401-P-790,136.6,0.0,0.0,0.0,20,122.5,186.6,20,136.6,0.0,0.0,0.0,0.0,0.0,6
2023-05-11 09:03:02,i2401-P-790,i2401-P-790,136.6,0.0,0.0,0.0,1,122.8,186.3,1,136.6,0.0,0.0,0.0,0.0,0.0,6
2023-05-11 09:03:02,i2401-P-790,i2401-P-790,136.6,0.0,0.0,0.0,20,122.9,186.2,20,136.6,0.0,0.0,0.0,0.0,0.0,6
2023-05-11 09:03:03,i2401-P-790,i2401-P-790,136.6,0.0,0.0,0.0,1,123.2,185.9,1,136.6,0.0,0.0,0.0,0.0,0.0,6
2023-05-11 09:03:03,i2401-P-790,i2401-P-790,136.6,0.0,0.0,0.0,20,123.3,185.8,20,136.6,0.0,0.0,0.0,0.0,0.0,6
2023-05-11 09:03:04,i2401-P-790,i2401-P-790,136.6,0.0,0.0,0.0,1,123.6,185.5,1,136.6,0.0,0.0,0.0,0.0,0.0,6
2023-05-11 09:03:04,i2401-P-790,i2401-P-790,136.6,0.0,0.0,0.0,20,123.7,185.4,20,136.6,0.0,0.0,0.0,0.0,0.0,6
2023-05-11 09:03:05,i2401-P-790,i2401-P-790,136.6,0.0,0.0,0.0,1,124.0,185.1,1,136.6,0.0,0.0,0.0,0.0,0.0,6
2023-05-11 09:03:05,i2401-P-790,i2401-P-790,136.6,0.0,0.0,0.0,20,124.1,185.0,20,136.6,0.0,0.0,0.0,0.0,0.0,6
2023-05-11 09:03:06,i2401-P-790,i2401-P-790,136.6,0.0,0.0,0.0,1,124.4,184.7,1,136.6,0.0,0.0,0.0,0.0,0.0,6
2023-05-11 09:03:06,i2401-P-790,i2401-P-790,136.6,0.0,0.0,0.0,20,124.5,184.6,20,136.6,0.0,0.0,0.0,0.0,0.0,6
2023-05-11 09:03:07,i2401-P-790,i2401-P-790,136.6,0.0,0.0,0.0,1,124.8,184.3,1,136.6,0.0,0.0,0.0,0.0,0.0,6
2023-05-11 09:03:07,i2401-P-790,i2401-P-790,136.6,0.0,0.0,0.0,20,124.9,184.2,20,136.6,0.0,0.0,0.0,0.0,0.0,6
2023-05-11 09:03:08,i2401-P-790,i2401-P-790,136.6,0.0,0.0,0.0,20,124.9,183.9,1,136.6,0.0,0.0,0.0,0.0,0.0,6
2023-05-11 09:03:08,i2401-P-790,i2401-P-790,136.6,0.0,0.0,0.0,20,124.9,183.8,20,136.6,0.0,0.0,0.0,0.0,0.0,6
2023-05-11 09:03:09,i2401-P-790,i2401-P-790,136.6,0.0,0.0,0.0,20,124.9,183.5,1,136.6,0.0,0.0,0.0,0.0,0.0,6
2023-05-11 09:03:09,i2401-P-790,i2401-P-790,136.6,0.0,0.0,0.0,20,124.9,183.4,20,136.6,0.0,0.0,0.0,0.0,0.0,6
2023-05-11 09:03:10,i2401-P-790,i2401-P-790,136.6,0.0,0.0,0.0,20,124.9,183.1,1,136.6,0.0,0.0,0.0,0.0,0.0,6
2023-05-11 09:03:10,i2401-P-790,i2401-P-790,136.6,0.0,0.0,0.0,20,124.9,183.0,20,136.6,0.0,0.0,0.0,0.0,0.0,6
2023-05-11 09:03:11,i2401-P-790,i2401-P-790,136.6,0.0,0.0,0.0,20,124.9,182.7,1,136.6,0.0,0.0,0.0,0.0,0.0,6
2023-05-11 09:03:11,i2401-P-790,i2401-P-790,136.6,0.0,0.0,0.0,20,124.9,182.6,20,136.6,0.0,0.0,0.0,0.0,0.0,6
2023-05-11 09:03:12,i2401-P-790,i2401-P-790,136.6,0.0,0.0,0.0,20,124.9,182.3,1,136.6,0.0,0.0,0.0,0.0,0.0,6
2023-05-11 09:03:12,i2401-P-790,i2401-P-790,136.6,0.0,0.0,0.0,20,124.9,182.2,20,136.6,0.0,0.0,0.0,0.0,0.0,6
2023-05-11 09:03:13,i2401-P-790,i2401-P-790,136.6,0.0,0.0,0.0,20,124.9,181.9,1,136.6,0.0,0.0,0.0,0.0,0.0,6
2023-05-11 09:03:13,i2401-P-790,i2401-P-790,136.6,0.0,0.0,0.0,20,124.9,181.8,20,136.6,0.0,0.0,0.0,0.0,0.0,6
2023-05-11 09:03:14,i2401-P-790,i2401-P-790,136.6,0.0,0.0,0.0,20,124.9,181.5,1,136.6,0.0,0.0,0.0,0.0,0.0,6
2023-05-11 09:03:14,i2401-P-790,i2401-P-790,136.6,0.0,0.0,0.0,20,124.9,181.4,20,136.6,0.0,0.0,0.0,0.0,0.0,6
2023-05-11 09:03:15,i2401-P-790,i2401-P-790,136.6,0.0,0.0,0.0,20,124.9,181.1,1,136.6,0.0,0.0,0.0,0.0,0.0,6
2023-05-11 09:03:15,i2401-P-790,i2401-P-790,136.6,0.0,0.0,0.0,20,124.9,181.0,20,136.6,0.0,0.0,0.0,0.0,0.0,6
2023-05-11 09:03:16,i2401-P-790,i2401-P-790,136.6,0.0,0.0,0.0,20,124.9,180.7,1,136.6,0.0,0.0,0.0,0.0,0.0,6
2023-05-11 09:03:16,i2401-P-790,i2401-P-790,136.6,0.0,0.0,0.0,20,124.9,180.6,20,136.6,0.0,0.0,0.0,0.0,0.0,6
2023-05-11 09:03:17,i2401-P-790,i2401-P-790,136.6,0.0,0.0,0.0,20,124.9,180.3,1,136.6,0.0,0.0,0.0,0.0,0.0,6
2023-05-11 09:03:17,i2401-P-790,i2401-P-790,136.6,0.0,0.0,0.0,20,124.9,180.2,20,136.6,0.0,0.0,0.0,0.0,0.0,6
2023-05-11 09:03:18,i2401-P-790,i2401-P-790,136.6,0.0,0.0,0.0,20,124.9,179.9,1,136.6,0.0,0.0,0.0,0.0,0.0,6
2023-05-11 09:03:18,i2401-P-790,i2401-P-790,136.6,0.0,0.0,0.0,20,124.9,179.8,20,136.6,0.0,0.0,0.0,0.0,0.0,6
2023-05-11 09:03:19,i2401-P-790,i2401-P-790,136.6,0.0,0.0,0.0,20,124.9,179.5,1,136.6,0.0,0.0,0.0,0.0,0.0,6
2023-05-11 09:03:19,i2401-P-790,i2401-P-790,136.6,0.0,0.0,0.0,20,124.9,179.4,20,136.6,0.0,0.0,0.0,0.0,0.0,6
2023-05-11 09:03:20,i2401-P-790,i2401-P-790,136.6,0.0,0.0,0.0,20,124.9,179.1,1,136.6,0.0,0.0,0.0,0.0,0.0,6
2023-05-11 09:03:20,i2401-P-790,i2401-P-790,136.6,0.0,0.0,0.0,20,124.9,179.0,20,136.6,0.0,0.0,0.0,0.0,0.0,6
2023-05-11 09:03:21,i2401-P-790,i2401-P-790,136.6,0.0,0.0,0.0,20,124.9,178.7,1,136.6,0.0,0.0,0.0,0.0,0.0,6
2023-05-11 09:03:21,i2401-P-790,i2401-P-790,136.6,0.0,0.0,0.0,20,124.9,178.6,20,136.6,0.0,0.0,0.0,0.0,0.0,6
2023-05-11 09:03:22,i2401-P-790,i2401-P-790,136.6,0.0,0.0,0.0,20,124.9,178.3,1,136.6,0.0,0.0,0.0,0.0,0.0,6
2023-05-11 09:03:22,i2401-P-790,i2401-P-790,136.6,0.0,0.0,0.0,20,124.9,178.2,20,136.6,0.0,0.0,0.0,0.0,0.0,6
2023-05-11 09:03:23,i2401-P-790,i2401-P-790,136.6,0.0,0.0,0.0,20,124.9,177.9,1,136.6,0.0,0.0,0.0,0.0,0.0,6
2023-05-11 09:03:23,i2401-P-790,i2401-P-790,136.6,0.0,0.0,0.0,20,124.9,177.8,20,136.6,0.0,0.0,0.0,0.0,0.0,6
2023-05-11 09:03:24,i2401-P-790,i2401-P-790,136.6,0.0,0.0,0.0,20,124.9,177.5,1,136.6,0.0,0.0,0.0,0.0,0.0,6
2023-05-11 09:03:24,i2401-P-790,i2401-P-790,136.6,0.0,0.0,0.0,20,124.9,177.4,20,136.6,0.0,0.0,0.0,0.0,0.0,6
2023-05-11 09:03:25,i2401-P-790,i2401-P-790,136.6,0.0,0.0,0.0,20,124.9,177.1,1,136.6,0.0,0.0,0.0,0.0,0.0,6
2023-05-11 09:03:25,i2401-P-790,i2401-P-790,136.6,0.0,0.0,0.0,20,124.9,177.0,20,136.6,0.0,0.0,0.0,0.0,0.0,6
2023-05-11 09:03:26,i2401-P-790,i2401-P-790,136.6,0.0,0.0,0.0,20,124.9,176.7,1,136.6,0.0,0.0,0.0,0.0,0.0,6
2023-05-11 09:03:26,i2401-P-790,i2401-P-790,136.6,0.0,0.0,0.0,20,124.9,176.6,20,136.6,0.0,0.0,0.0,0.0,0.0,6
2023-05-11 09:03:27,i2401-P-790,i2401-P-790,136.6,0.0,0.0,0.0,20,124.9,176.3,1,136.6,0.0,0.0,0.0,0.0,0.0,6
2023-05-11 09:03:27,i2401-P-790,i2401-P-790,136.6,0.0,0.0,0.0,20,124.9,176.2,20,136.6,0.0,0.0,0.0,0.0,0.0,6
2023-05-11 09:03:28,i2401-P-790,i2401-P-790,136.6,0.0,0.0,0.0,20,124.9,175.9,1,136.6,0.0,0.0,0.0,0.0,0.0,6
2023-05-11 09:03:28,i2401-P-790,i2401-P-790,136.6,0.0,0.0,0.0,20,124.9,175.8,20,136.6,0.0,0.0,0.0,0.0,0.0,6
2023-05-11 09:03:29,i2401-P-790,i2401-P-790,136.6,0.0,0.0,0.0,20,124.9,175.5,1,136.6,0.0,0.0,0.0,0.0,0.0,6
2023-05-11 09:03:29,i2401-P-790,i2401-P-790,136.6,0.0,0.0,0.0,20,124.9,175.4,20,136.6,0.0,0.0,0.0,0.0,0.0,6
2023-05-11 09:03:30,i2401-P-790,i2401-P-790,136.6,0.0,0.0,0.0,20,124.9,175.1,1,136.6,0.0,0.0,0.0,0.0,0.0,6
2023-05-11 09:03:30,i2401-P-790,i2401-P-790,136.6,0.0,0.0,0.0,20,124.9,175.0,20,136.6,0.0,0.0,0.0,0.0,0.0,6
2023-05-11 09:03:31,i2401-P-790,i2401-P-790,136.6,0.0,0.0,0.0,20,124.9,174.7,1,136.6,0.0,0.0,0.0,0.0,0.0,6
2023-05-11 09:03:31,i2401-P-790,i2401-P-790,136.6,0.0,0.0,0.0,20,124.9,174.6,20,136.6,0.0,0.0,0.0,0.0,0.0,6
2023-05-11 09:03:32,i2401-P-790,i2401-P-790,136.6,0.0,0.0,0.0,20,124.9,174.3,1,136.6,0.0,0.0,0.0,0.0,0.0,6
2023-05-11 09:03:32,i2401-P-790,i2401-P-790,136.6,0.0,0.0,0.0,20,124.9,174.2,20,136.6,0.0,0.0,0.0,0.0,0.0,6
2023-05-11 09:03:33,i2401-P-790,i2401-P-790,136.6,0.0,0.0,0.0,20,124.9,173.9,1,136.6,0.0,0.0,0.0,0.0,0.0,6
2023-05-11 09:03:33,i2401-P-790,i2401-P-790,136.6,0.0,0.0,0.0,20,124.9,173.8,20,136.6,0.0,0.0,0.0,0.0,0.0,6
2023-05-11 09:03:34,i2401-P-790,i2401-P-790,136.6,0.0,0.0,0.0,20,124.9,173.5,1,136.6,0.0,0.0,0.0,0.0,0.0,6
2023-05-11 09:03:34,i2401-P-790,i2401-P-790,136.6,0.0,0.0,0.0,20,124.9,173.4,20,136.6,0.0,0.0,0.0,0.0,0.0,6
2023-05-11 09:03:35,i2401-P-790,i2401-P-790,136.6,0.0,0.0,0.0,20,124.9,173.1,1,136.6,0.0,0.0,0.0,0.0,0.0,6
2023-05-11 09:03:35,i2401-P-790,i2401-P-790,136.6,0.0,0.0,0.0,20,124.9,173.0,20,136.6,0.0,0.0,0.0,0.0,0.0,6
2023-05-11 09:03:36,i2401-P-790,i2401-P-790,136.6,0.0,0.0,0.0,20,124.9,172.7,1,136.6,0.0,0.0,0.0,0.0,0.0,6
2023-05-11 09:03:36,i2401-P-790,i2401-P-790,136.6,0.0,0.0,0.0,20,124.9,172.6,20,136.6,0.0,0.0,0.0,0.0,0.0,6
2023-05-11 09:03:37,i2401-P-790,i2401-P-790,136.6,0.0,0.0,0.0,20,124.9,172.3,1,136.6,0.0,0.0,0.0,0.0,0.0,6
2023-05-11 09:03:37,i2401-P-790,i2401-P-790,136.6,0.0,0.0,0.0,20,124.9,172.2,20,136.6,0.0,0.0,0.0,0.0,0.0,6
2023-05-11 09:03:38,i2401-P-790,i2401-P-790,136.6,0.0,0.0,0.0,20,124.9,171.9,1,136.6,0.0,0.0,0.0,0.0,0.0,6
2023-05-11 09:03:38,i2401-P-790,i2401-P-790,136.6,0.0,0.0,0.0,20,124.9,171.8,20,136.6,0.0,0.0,0.0,0.0,0.0,6
2023-05-11 09:03:39,i2401-P-790,i2401-P-790,136.6,0.0,0.0,0.0,20,124.9,171.5,1,136.6,0.0,0.0,0.0,0.0,0.0,6
2023-05-11 09:03:39,i2401-P-790,i2401-P-790,136.6,0.0,0.0,0.0,20,124.9,171.4,20,136.6,0.0,0.0,0.0,0.0,0.0,6
2023-05-11 09:03:40,i2401-P-790,i2401-P-790,136.6,0.0,0.0,0.0,20,124.9,171.1,1,136.6,0.0,0.0,0.0,0.0,0.0,6
2023-05-11 09:03:40,i2401-P-790,i2401-P-790,136.6,0.0,0.0,0.0,20,124.9,171.0,20,136.6,0.0,0.0,0.0,0.0,0.0,6
2023-05-11 09:03:41,i2401-P-790,i2401-P-790,136.6,0.0,0.0,0.0,20,124.9,170.7,1,136.6,0.0,0.0,0.0,0.0,0.0,6
2023-05-11 09:03:41,i2401-P-790,i2401-P-790,136.6,0.0,0.0,0.0,20,124.9,170.6,20,136.6,0.0,0.0,0.0,0.0,0.0,6
2023-05-11 09:03:42,i2401-P-790,i2401-P-790,136.6,0.0,0.0,0.0,1,125.2,170.3,1,136.6,0.0,0.0,0.0,0.0,0.0,6
2023-05-11 09:03:42,i2401-P-790,i2401-P-790,136.6,0.0,0.0,0.0,20,125.3,170.2,20,136.6,0.0,0.0,0.0,0.0,0.0,6
2023-05-11 09:03:43,i2401-P-790,i2401-P-790,136.6,0.0,0.0,0.0,20,125.3,169.9,1,136.6,0.0,0.0,0.0,0.0,0.0,6
2023-05-11 09:03:43,i2401-P-790,i2401-P-790,136.6,0.0,0.0,0.0,20,125.3,169.8,20,136.6,0.0,0.0,0.0,0.0,0.0,6
2023-05-11 09:03:44,i2401-P-790,i2401-P-790,136.6,0.0,0.0,0.0,20,125.3,169.5,1,136.6,0.0,0.0,0.0,0.0,0.0,6
2023-05-11 09:03:44,i2401-P-790,i2401-P-790,136.6,0.0,0.0,0.0,20,125.3,169.4,20,136.6,0.0,0.0,0.0,0.0,0.0,6
2023-05-11 09:03:45,i2401-P-790,i2401-P-790,136.6,0.0,0.0,0.0,20,125.3,169.1,1,136.6,0.0,0.0,0.0,0.0,0.0,6
2023-05-11 09:03:45,i2401-P-790,i2401-P-790,136.6,0.0,0.0,0.0,20,125.3,169.0,20,136.6,0.0,0.0,0.0,0.0,0.0,6
2023-05-11 09:03:46,i2401-P-790,i2401-P-790,136.6,0.0,0.0,0.0,20,125.3,168.7,1,136.6,0.0,0.0,0.0,0.0,0.0,6
2023-05-11 09:03:46,i2401-P-790,i2401-P-790,136.6,0.0,0.0,0.0,20,125.3,168.6,20,136.6,0.0,0.0,0.0,0.0,0.0,6
2023-05-11 09:03:47,i2401-P-790,i2401-P-790,136.6,0.0,0.0,0.0,20,125.3,168.3,1,136.6,0.0,0.0,0.0,0.0,0.0,6
2023-05-11 09:03:47,i2401-P-790,i2401-P-790,136.6,0.0,0.0,0.0,20,125.3,168.2,20,136.6,0.0,0.0,0.0,0.0,0.0,6
2023-05-11 09:03:48,i2401-P-790,i2401-P-790,136.6,0.0,0.0,0.0,20,125.3,167.9,1,136.6,0.0,0.0,0.0,0.0,0.0,6
2023-05-11 09:03:48,i2401-P-790,i2401-P-790,136.6,0.0,0.0,0.0,20,125.3,167.8,20,136.6,0.0,0.0,0.0,0.0,0.0,6
2023-05-11 09:03:49,i2401-P-790,i2401-P-790,136.6,0.0,0.0,0.0,20,125.3,167.5,1,136.6,0.0,0.0,0.0,0.0,0.0,6
2023-05-11 09:03:49,i2401-P-790,i2401-P-790,136.6,0.0,0.0,0.0,20,125.3,167.4,20,136.6,0.0,0.0,0.0,0.0,0.0,6
2023-05-11 09:03:50,i2401-P-790,i2401-P-790,136.6,0.0,0.0,0.0,20,125.3,167.1,1,136.6,0.0,0.0,0.0,0.0,0.0,6
2023-05-11 09:03:50,i2401-P-790,i2401-P-790,136.6,0.0,0.0,0.0,20,125.3,167.0,20,136.6,0.0,0.0,0.0,0.0,0.0,6
2023-05-11 09:03:51,i2401-P-790,i2401-P-790,136.6,0.0,0.0,0.0,20,125.3,166.7,1,136.6,0.0,0.0,0.0,0.0,0.0,6
2023-05-11 09:03:51,i2401-P-790,i2401-P-790,136.6,0.0,0.0,0.0,20,125.3,166.6,20,136.6,0.0,0.0,0.0,0.0,0.0,6
2023-05-11 09:03:52,i2401-P-790,i2401-P-790,136.6,0.0,0.0,0.0,20,125.3,166.3,1,136.6,0.0,0.0,0.0,0.0,0.0,6
2023-05-11 09:03:52,i2401-P-790,i2401-P-790,136.6,0.0,0.0,0.0,20,125.3,166.2,20,136.6,0.0,0.0,0.0,0.0,0.0,6
2023-05-11 09:03:53,i2401-P-790,i2401-P-790,136.6,0.0,0.0,0.0,20,125.3,165.9,1,136.6,0.0,0.0,0.0,0.0,0.0,6
2023-05-11 09:03:53,i2401-P-790,i2401-P-790,136.6,0.0,0.0,0.0,20,125.3,165.8,20,136.6,0.0,0.0,0.0,0.0,0.0,6
2023-05-11 09:03:54,i2401-P-790,i2401-P-790,136.6,0.0,0.0,0.0,20,125.3,165.5,1,136.6,0.0,0.0,0.0,0.0,0.0,6
2023-05-11 09:03:54,i2401-P-790,i2401-P-790,136.6,0.0,0.0,0.0,20,125.3,165.4,20,136.6,0.0,0.0,0.0,0.0,0.0,6
2023-05-11 09:03:55,i2401-P-790,i2401-P-790,136.6,0.0,0.0,0.0,20,125.3,165.1,1,136.6,0.0,0.0,0.0,0.0,0.0,6
2023-05-11 09:03:55,i2401-P-790,i2401-P-790,136.6,0.0,0.0,0.0,20,125.3,165.0,20,136.6,0.0,0.0,0.0,0.0,0.0,6
2023-05-11 09:03:56,i2401-P-790,i2401-P-790,136.6,0.0,0.0,0.0,20,125.3,164.7,1,136.6,0.0,0.0,0.0,0.0,0.0,6
2023-05-11 09:03:56,i2401-P-790,i2401-P-790,136.6,0.0,0.0,0.0,20,125.3,164.6,20,136.6,0.0,0.0,0.0,0.0,0.0,6
2023-05-11 09:03:57,i2401-P-790,i2401-P-790,136.6,0.0,0.0,0.0,20,125.3,164.3,1,136.6,0.0,0.0,0.0,0.0,0.0,6
2023-05-11 09:03:57,i2401-P-790,i2401-P-790,136.6,0.0,0.0,0.0,20,125.3,164.2,20,136.6,0.0,0.0,0.0,0.0,0.0,6
2023-05-11 09:03:58,i2401-P-790,i2401-P-790,136.6,0.0,0.0,0.0,20,125.3,163.9,1,136.6,0.0,0.0,0.0,0.0,0.0,6
2023-05-11 09:03:58,i2401-P-790,i2401-P-790,136.6,0.0,0.0,0.0,20,125.3,163.8,20,136.6,0.0,0.0,0.0,0.0,0.0,6
2023-05-11 09:03:59,i2401-P-790,i2401-P-790,136.6,0.0,0.0,0.0,20,125.3,163.5,1,136.6,0.0,0.0,0.0,0.0,0.0,6
2023-05-11 09:03:59,i2401-P-790,i2401-P-790,136.6,0.0,0.0,0.0,20,125.3,163.4,20,136.6,0.0,0.0,0.0,0.0,0.0,6
2023-05-11 09:04:09,i2401-P-790,i2401-P-790,136.6,0.0,0.0,0.0,20,125.3,163.1,1,136.6,0.0,0.0,0.0,0.0,0.0,6
2023-05-11 09:04:09,i2401-P-790,i2401-P-790,136.6,0.0,0.0,0.0,20,125.3,163.0,20,136.6,0.0,0.0,0.0,0.0,0.0,6
2023-05-11 09:04:10,i2401-P-790,i2401-P-790,136.6,0.0,0.0,0.0,20,125.3,162.7,1,136.6,0.0,0.0,0.0,0.0,0.0,6
2023-05-11 09:04:10,i2401-P-790,i2401-P-790,136.6,0.0,0.0,0.0,20,125.3,162.6,20,136.6,0.0,0.0,0.0,0.0,0.0,6
2023-05-11 09:14:09,i2401-P-790,i2401-P-790,136.6,0.0,0.0,0.0,1,125.6,162.6,20,136.6,0.0,0.0,0.0,0.0,0.0,6
2023-05-11 09:14:09,i2401-P-790,i2401-P-790,136.6,0.0,0.0,0.0,20,125.7,162.6,20,136.6,0.0,0.0,0.0,0.0,0.0,6
2023-05-11 09:24:09,i2401-P-790,i2401-P-790,136.6,0.0,0.0,0.0,20,125.7,162.3,1,136.6,0.0,0.0,0.0,0.0,0.0,6
2023-05-11 09:24:09,i2401-P-790,i2401-P-790,136.6,0.0,0.0,0.0,20,125.7,162.2,20,136.6,0.0,0.0,0.0,0.0,0.0,6
2023-05-11 09:24:10,i2401-P-790,i2401-P-790,136.6,0.0,0.0,0.0,20,125.7,161.9,1,136.6,0.0,0.0,0.0,0.0,0.0,6
2023-05-11 09:24:11,i2401-P-790,i2401-P-790,136.6,0.0,0.0,0.0,20,125.7,161.8,20,136.6,0.0,0.0,0.0,0.0,0.0,6
2023-05-11 09:34:09,i2401-P-790,i2401-P-790,136.6,0.0,0.0,0.0,1,126.0,161.8,20,136.6,0.0,0.0,0.0,0.0,0.0,6
2023-05-11 09:34:09,i2401-P-790,i2401-P-790,136.6,0.0,0.0,0.0,20,126.1,161.8,20,136.6,0.0,0.0,0.0,0.0,0.0,6
2023-05-11 09:34:10,i2401-P-790,i2401-P-790,136.6,0.0,0.0,0.0,1,126.4,161.8,20,136.6,0.0,0.0,0.0,0.0,0.0,6
2023-05-11 09:34:10,i2401-P-790,i2401-P-790,136.6,0.0,0.0,0.0,20,126.5,161.8,20,136.6,0.0,0.0,0.0,0.0,0.0,6
2023-05-11 09:44:09,i2401-P-790,i2401-P-790,136.6,0.0,0.0,0.0,1,126.8,161.8,20,136.6,0.0,0.0,0.0,0.0,0.0,6
2023-05-11 09:44:09,i2401-P-790,i2401-P-790,136.6,0.0,0.0,0.0,20,126.9,161.8,20,136.6,0.0,0.0,0.0,0.0,0.0,6
2023-05-11 09:44:10,i2401-P-790,i2401-P-790,136.6,0.0,0.0,0.0,1,127.2,161.8,20,136.6,0.0,0.0,0.0,0.0,0.0,6
2023-05-11 09:44:10,i2401-P-790,i2401-P-790,136.6,0.0,0.0,0.0,20,127.3,161.8,20,136.6,0.0,0.0,0.0,0.0,0.0,6
2023-05-11 09:44:11,i2401-P-790,i2401-P-790,136.6,0.0,0.0,0.0,1,127.6,161.8,20,136.6,0.0,0.0,0.0,0.0,0.0,6
2023-05-11 09:44:11,i2401-P-790,i2401-P-790,136.6,0.0,0.0,0.0,20,127.7,161.8,20,136.6,0.0,0.0,0.0,0.0,0.0,6
2023-05-11 09:44:12,i2401-P-790,i2401-P-790,136.6,0.0,0.0,0.0,1,128.0,161.8,20,136.6,0.0,0.0,0.0,0.0,0.0,6
2023-05-11 09:44:12,i2401-P-790,i2401-P-790,136.6,0.0,0.0,0.0,20,128.1,161.8,20,136.6,0.0,0.0,0.0,0.0,0.0,6
2023-05-11 10:08:09,i2401-P-790,i2401-P-790,136.6,0.0,0.0,0.0,1,128.2,161.8,20,136.6,0.0,0.0,0.0,0.0,0.0,6
2023-05-11 10:08:09,i2401-P-790,i2401-P-790,136.6,0.0,0.0,0.0,20,128.3,161.8,20,136.6,0.0,0.0,0.0,0.0,0.0,6
2023-05-11 10:14:32,i2401-P-790,i2401-P-790,136.6,0.0,0.0,0.0,1,128.2,0.0,0,136.6,0.0,0.0,0.0,0.0,0.0,6
2023-05-11 10:30:06,i2401-P-790,i2401-P-790,136.6,0.0,0.0,0.0,20,128.3,0.0,0,136.6,0.0,0.0,0.0,0.0,0.0,6
2023-05-11 10:32:01,i2401-P-790,i2401-P-790,136.6,0.0,0.0,0.0,20,128.3,210.3,1,136.6,0.0,0.0,0.0,0.0,0.0,6
2023-05-11 10:32:01,i2401-P-790,i2401-P-790,136.6,0.0,0.0,0.0,20,128.3,210.2,20,136.6,0.0,0.0,0.0,0.0,0.0,6
2023-05-11 10:32:03,i2401-P-790,i2401-P-790,136.6,0.0,0.0,0.0,20,128.3,209.9,1,136.6,0.0,0.0,0.0,0.0,0.0,6
2023-05-11 10:32:03,i2401-P-790,i2401-P-790,136.6,0.0,0.0,0.0,20,128.3,209.8,20,136.6,0.0,0.0,0.0,0.0,0.0,6
2023-05-11 10:32:04,i2401-P-790,i2401-P-790,136.6,0.0,0.0,0.0,20,128.3,209.5,1,136.6,0.0,0.0,0.0,0.0,0.0,6
2023-05-11 10:32:04,i2401-P-790,i2401-P-790,136.6,0.0,0.0,0.0,20,128.3,209.4,20,136.6,0.0,0.0,0.0,0.0,0.0,6
2023-05-11 10:32:05,i2401-P-790,i2401-P-790,136.6,0.0,0.0,0.0,20,128.3,209.1,1,136.6,0.0,0.0,0.0,0.0,0.0,6
2023-05-11 10:32:05,i2401-P-790,i2401-P-790,136.6,0.0,0.0,0.0,20,128.3,209.0,20,136.6,0.0,0.0,0.0,0.0,0.0,6
2023-05-11 10:32:06,i2401-P-790,i2401-P-790,136.6,0.0,0.0,0.0,20,128.3,208.7,1,136.6,0.0,0.0,0.0,0.0,0.0,6
2023-05-11 10:32:06,i2401-P-790,i2401-P-790,136.6,0.0,0.0,0.0,20,128.3,208.6,20,136.6,0.0,0.0,0.0,0.0,0.0,6
2023-05-11 10:32:07,i2401-P-790,i2401-P-790,136.6,0.0,0.0,0.0,20,128.3,208.3,1,136.6,0.0,0.0,0.0,0.0,0.0,6
2023-05-11 10:32:07,i2401-P-790,i2401-P-790,136.6,0.0,0.0,0.0,20,128.3,208.2,20,136.6,0.0,0.0,0.0,0.0,0.0,6
2023-05-11 10:44:09,i2401-P-790,i2401-P-790,136.6,0.0,0.0,0.0,20,128.3,207.9,1,136.6,0.0,0.0,0.0,0.0,0.0,6
2023-05-11 10:44:09,i2401-P-790,i2401-P-790,136.6,0.0,0.0,0.0,20,128.3,207.8,20,136.6,0.0,0.0,0.0,0.0,0.0,6
2023-05-11 10:44:10,i2401-P-790,i2401-P-790,136.6,0.0,0.0,0.0,20,128.3,207.5,1,136.6,0.0,0.0,0.0,0.0,0.0,6
2023-05-11 10:44:11,i2401-P-790,i2401-P-790,136.6,0.0,0.0,0.0,20,128.3,207.4,20,136.6,0.0,0.0,0.0,0.0,0.0,6
2023-05-11 10:44:11,i2401-P-790,i2401-P-790,136.6,0.0,0.0,0.0,20,128.3,207.1,1,136.6,0.0,0.0,0.0,0.0,0.0,6
2023-05-11 10:44:11,i2401-P-790,i2401-P-790,136.6,0.0,0.0,0.0,20,128.3,207.0,20,136.6,0.0,0.0,0.0,0.0,0.0,6
2023-05-11 10:44:12,i2401-P-790,i2401-P-790,136.6,0.0,0.0,0.0,20,128.3,206.7,1,136.6,0.0,0.0,0.0,0.0,0.0,6
2023-05-11 10:44:12,i2401-P-790,i2401-P-790,136.6,0.0,0.0,0.0,20,128.3,206.6,20,136.6,0.0,0.0,0.0,0.0,0.0,6
2023-05-11 10:44:13,i2401-P-790,i2401-P-790,136.6,0.0,0.0,0.0,20,128.3,206.3,1,136.6,0.0,0.0,0.0,0.0,0.0,6
2023-05-11 10:44:13,i2401-P-790,i2401-P-790,136.6,0.0,0.0,0.0,20,128.3,206.2,20,136.6,0.0,0.0,0.0,0.0,0.0,6
2023-05-11 10:44:14,i2401-P-790,i2401-P-790,136.6,0.0,0.0,0.0,20,128.3,205.9,1,136.6,0.0,0.0,0.0,0.0,0.0,6
2023-05-11 10:44:14,i2401-P-790,i2401-P-790,136.6,0.0,0.0,0.0,20,128.3,205.8,20,136.6,0.0,0.0,0.0,0.0,0.0,6
2023-05-11 10:44:15,i2401-P-790,i2401-P-790,136.6,0.0,0.0,0.0,20,128.3,205.5,1,136.6,0.0,0.0,0.0,0.0,0.0,6
2023-05-11 10:44:15,i2401-P-790,i2401-P-790,136.6,0.0,0.0,0.0,20,128.3,205.4,20,136.6,0.0,0.0,0.0,0.0,0.0,6
2023-05-11 10:44:16,i2401-P-790,i2401-P-790,136.6,0.0,0.0,0.0,20,128.3,205.1,1,136.6,0.0,0.0,0.0,0.0,0.0,6
2023-05-11 10:44:16,i2401-P-790,i2401-P-790,136.6,0.0,0.0,0.0,20,128.3,205.0,20,136.6,0.0,0.0,0.0,0.0,0.0,6
2023-05-11 10:44:17,i2401-P-790,i2401-P-790,136.6,0.0,0.0,0.0,20,128.3,204.7,1,136.6,0.0,0.0,0.0,0.0,0.0,6
2023-05-11 10:44:17,i2401-P-790,i2401-P-790,136.6,0.0,0.0,0.0,20,128.3,204.6,20,136.6,0.0,0.0,0.0,0.0,0.0,6
2023-05-11 10:44:18,i2401-P-790,i2401-P-790,136.6,0.0,0.0,0.0,20,128.3,204.3,1,136.6,0.0,0.0,0.0,0.0,0.0,6
2023-05-11 10:44:18,i2401-P-790,i2401-P-790,136.6,0.0,0.0,0.0,20,128.3,204.2,20,136.6,0.0,0.0,0.0,0.0,0.0,6
2023-05-11 10:56:53,i2401-P-790,i2401-P-790,136.6,0.0,0.0,0.0,1,128.4,204.2,20,136.6,0.0,0.0,0.0,0.0,0.0,6
2023-05-11 10:56:54,i2401-P-790,i2401-P-790,136.6,0.0,0.0,0.0,20,128.5,203.9,1,136.6,0.0,0.0,0.0,0.0,0.0,6
2023-05-11 10:56:54,i2401-P-790,i2401-P-790,136.6,0.0,0.0,0.0,20,128.5,203.8,20,136.6,0.0,0.0,0.0,0.0,0.0,6
2023-05-11 10:56:55,i2401-P-790,i2401-P-790,136.6,0.0,0.0,0.0,20,128.5,203.5,1,136.6,0.0,0.0,0.0,0.0,0.0,6
2023-05-11 10:56:55,i2401-P-790,i2401-P-790,136.6,0.0,0.0,0.0,20,128.5,203.4,20,136.6,0.0,0.0,0.0,0.0,0.0,6
2023-05-11 10:56:56,i2401-P-790,i2401-P-790,136.6,0.0,0.0,0.0,20,128.5,203.1,1,136.6,0.0,0.0,0.0,0.0,0.0,6
2023-05-11 10:56:56,i2401-P-790,i2401-P-790,136.6,0.0,0.0,0.0,20,128.5,203.0,20,136.6,0.0,0.0,0.0,0.0,0.0,6
2023-05-11 10:56:57,i2401-P-790,i2401-P-790,136.6,0.0,0.0,0.0,20,128.5,202.7,1,136.6,0.0,0.0,0.0,0.0,0.0,6
2023-05-11 10:56:57,i2401-P-790,i2401-P-790,136.6,0.0,0.0,0.0,20,128.5,202.6,20,136.6,0.0,0.0,0.0,0.0,0.0,6
2023-05-11 10:56:58,i2401-P-790,i2401-P-790,136.6,0.0,0.0,0.0,20,128.5,202.3,1,136.6,0.0,0.0,0.0,0.0,0.0,6
2023-05-11 10:56:58,i2401-P-790,i2401-P-790,136.6,0.0,0.0,0.0,20,128.5,202.2,20,136.6,0.0,0.0,0.0,0.0,0.0,6
2023-05-11 10:56:59,i2401-P-790,i2401-P-790,136.6,0.0,0.0,0.0,20,128.5,201.9,1,136.6,0.0,0.0,0.0,0.0,0.0,6
2023-05-11 10:56:59,i2401-P-790,i2401-P-790,136.6,0.0,0.0,0.0,20,128.5,201.8,20,136.6,0.0,0.0,0.0,0.0,0.0,6
2023-05-11 10:57:00,i2401-P-790,i2401-P-790,136.6,0.0,0.0,0.0,20,128.5,201.5,1,136.6,0.0,0.0,0.0,0.0,0.0,6
2023-05-11 10:57:00,i2401-P-790,i2401-P-790,136.6,0.0,0.0,0.0,20,128.5,201.4,20,136.6,0.0,0.0,0.0,0.0,0.0,6
2023-05-11 10:57:01,i2401-P-790,i2401-P-790,136.6,0.0,0.0,0.0,20,128.5,201.1,1,136.6,0.0,0.0,0.0,0.0,0.0,6
2023-05-11 10:57:01,i2401-P-790,i2401-P-790,136.6,0.0,0.0,0.0,20,128.5,201.0,20,136.6,0.0,0.0,0.0,0.0,0.0,6
2023-05-11 10:57:02,i2401-P-790,i2401-P-790,136.6,0.0,0.0,0.0,20,128.5,200.7,1,136.6,0.0,0.0,0.0,0.0,0.0,6
2023-05-11 10:57:02,i2401-P-790,i2401-P-790,136.6,0.0,0.0,0.0,20,128.5,200.6,20,136.6,0.0,0.0,0.0,0.0,0.0,6
2023-05-11 10:57:03,i2401-P-790,i2401-P-790,136.6,0.0,0.0,0.0,20,128.5,200.3,1,136.6,0.0,0.0,0.0,0.0,0.0,6
2023-05-11 10:57:03,i2401-P-790,i2401-P-790,136.6,0.0,0.0,0.0,20,128.5,200.2,20,136.6,0.0,0.0,0.0,0.0,0.0,6
2023-05-11 11:05:23,i2401-P-790,i2401-P-790,136.6,0.0,0.0,0.0,1,128.4,0.0,0,136.6,0.0,0.0,0.0,0.0,0.0,6
2023-05-11 11:07:18,i2401-P-790,i2401-P-790,136.6,0.0,0.0,0.0,20,128.5,0.0,0,136.6,0.0,0.0,0.0,0.0,0.0,6
2023-05-11 11:07:18,i2401-P-790,i2401-P-790,136.6,0.0,0.0,0.0,20,128.5,210.2,20,136.6,0.0,0.0,0.0,0.0,0.0,6
2023-05-11 11:07:19,i2401-P-790,i2401-P-790,136.6,0.0,0.0,0.0,20,128.5,209.9,1,136.6,0.0,0.0,0.0,0.0,0.0,6
2023-05-11 11:07:19,i2401-P-790,i2401-P-790,136.6,0.0,0.0,0.0,20,128.5,209.8,20,136.6,0.0,0.0,0.0,0.0,0.0,6
2023-05-11 11:07:20,i2401-P-790,i2401-P-790,136.6,0.0,0.0,0.0,20,128.5,209.5,1,136.6,0.0,0.0,0.0,0.0,0.0,6
2023-05-11 11:07:20,i2401-P-790,i2401-P-790,136.6,0.0,0.0,0.0,20,128.5,209.4,20,136.6,0.0,0.0,0.0,0.0,0.0,6
2023-05-11 11:07:21,i2401-P-790,i2401-P-790,136.6,0.0,0.0,0.0,20,128.5,209.1,1,136.6,0.0,0.0,0.0,0.0,0.0,6
2023-05-11 11:07:21,i2401-P-790,i2401-P-790,136.6,0.0,0.0,0.0,20,128.5,209.0,20,136.6,0.0,0.0,0.0,0.0,0.0,6
2023-05-11 11:07:22,i2401-P-790,i2401-P-790,136.6,0.0,0.0,0.0,20,128.5,208.7,1,136.6,0.0,0.0,0.0,0.0,0.0,6
2023-05-11 11:07:22,i2401-P-790,i2401-P-790,136.6,0.0,0.0,0.0,20,128.5,208.6,20,136.6,0.0,0.0,0.0,0.0,0.0,6
2023-05-11 11:07:23,i2401-P-790,i2401-P-790,136.6,0.0,0.0,0.0,20,128.5,208.3,1,136.6,0.0,0.0,0.0,0.0,0.0,6
2023-05-11 11:07:23,i2401-P-790,i2401-P-790,136.6,0.0,0.0,0.0,20,128.5,208.2,20,136.6,0.0,0.0,0.0,0.0,0.0,6
2023-05-11 11:07:25,i2401-P-790,i2401-P-790,136.6,0.0,0.0,0.0,20,128.5,207.9,1,136.6,0.0,0.0,0.0,0.0,0.0,6
2023-05-11 11:07:25,i2401-P-790,i2401-P-790,136.6,0.0,0.0,0.0,20,128.5,207.8,20,136.6,0.0,0.0,0.0,0.0,0.0,6
2023-05-11 11:07:26,i2401-P-790,i2401-P-790,136.6,0.0,0.0,0.0,20,128.5,207.5,1,136.6,0.0,0.0,0.0,0.0,0.0,6
2023-05-11 11:07:26,i2401-P-790,i2401-P-790,136.6,0.0,0.0,0.0,20,128.5,207.4,20,136.6,0.0,0.0,0.0,0.0,0.0,6
2023-05-11 11:07:27,i2401-P-790,i2401-P-790,136.6,0.0,0.0,0.0,20,128.5,207.1,1,136.6,0.0,0.0,0.0,0.0,0.0,6
2023-05-11 11:07:27,i2401-P-790,i2401-P-790,136.6,0.0,0.0,0.0,20,128.5,207.0,20,136.6,0.0,0.0,0.0,0.0,0.0,6
2023-05-11 11:07:28,i2401-P-790,i2401-P-790,136.6,0.0,0.0,0.0,20,128.5,206.7,1,136.6,0.0,0.0,0.0,0.0,0.0,6
2023-05-11 11:07:28,i2401-P-790,i2401-P-790,136.6,0.0,0.0,0.0,20,128.5,206.6,20,136.6,0.0,0.0,0.0,0.0,0.0,6
2023-05-11 11:10:17,i2401-P-790,i2401-P-790,136.6,0.0,0.0,0.0,1,128.4,0.0,0,136.6,0.0,0.0,0.0,0.0,0.0,6
2023-05-11 11:11:32,i2401-P-790,i2401-P-790,136.6,0.0,0.0,0.0,20,128.5,0.0,0,136.6,0.0,0.0,0.0,0.0,0.0,6
2023-05-11 11:24:09,i2401-P-790,i2401-P-790,136.6,0.0,0.0,0.0,20,128.5,210.2,20,136.6,0.0,0.0,0.0,0.0,0.0,6
2023-05-11 11:24:10,i2401-P-790,i2401-P-790,136.6,0.0,0.0,0.0,20,128.5,209.9,1,136.6,0.0,0.0,0.0,0.0,0.0,6
2023-05-11 11:24:10,i2401-P-790,i2401-P-790,136.6,0.0,0.0,0.0,20,128.5,209.8,20,136.6,0.0,0.0,0.0,0.0,0.0,6
2023-05-11 11:24:11,i2401-P-790,i2401-P-790,136.6,0.0,0.0,0.0,20,128.5,209.5,1,136.6,0.0,0.0,0.0,0.0,0.0,6
2023-05-11 11:24:11,i2401-P-790,i2401-P-790,136.6,0.0,0.0,0.0,20,128.5,209.4,20,136.6,0.0,0.0,0.0,0.0,0.0,6
2023-05-11 11:24:12,i2401-P-790,i2401-P-790,136.6,0.0,0.0,0.0,20,128.5,209.1,1,136.6,0.0,0.0,0.0,0.0,0.0,6
2023-05-11 11:24:12,i2401-P-790,i2401-P-790,136.6,0.0,0.0,0.0,20,128.5,209.0,20,136.6,0.0,0.0,0.0,0.0,0.0,6
2023-05-11 11:24:13,i2401-P-790,i2401-P-790,136.6,0.0,0.0,0.0,20,128.5,208.7,1,136.6,0.0,0.0,0.0,0.0,0.0,6
2023-05-11 11:24:13,i2401-P-790,i2401-P-790,136.6,0.0,0.0,0.0,20,128.5,208.6,20,136.6,0.0,0.0,0.0,0.0,0.0,6
2023-05-11 11:24:14,i2401-P-790,i2401-P-790,136.6,0.0,0.0,0.0,20,128.5,208.2,20,136.6,0.0,0.0,0.0,0.0,0.0,6
2023-05-11 11:24:14,i2401-P-790,i2401-P-790,136.6,0.0,0.0,0.0,20,128.5,207.9,1,136.6,0.0,0.0,0.0,0.0,0.0,6
2023-05-11 11:24:14,i2401-P-790,i2401-P-790,136.6,0.0,0.0,0.0,20,128.5,207.8,20,136.6,0.0,0.0,0.0,0.0,0.0,6
2023-05-11 11:24:17,i2401-P-790,i2401-P-790,136.6,0.0,0.0,0.0,20,128.5,207.5,1,136.6,0.0,0.0,0.0,0.0,0.0,6
2023-05-11 11:24:17,i2401-P-790,i2401-P-790,136.6,0.0,0.0,0.0,20,128.5,207.4,20,136.6,0.0,0.0,0.0,0.0,0.0,6
2023-05-11 11:24:18,i2401-P-790,i2401-P-790,136.6,0.0,0.0,0.0,20,128.5,207.1,1,136.6,0.0,0.0,0.0,0.0,0.0,6
2023-05-11 11:24:18,i2401-P-790,i2401-P-790,136.6,0.0,0.0,0.0,20,128.5,207.0,20,136.6,0.0,0.0,0.0,0.0,0.0,6
2023-05-11 11:24:19,i2401-P-790,i2401-P-790,136.6,0.0,0.0,0.0,20,128.5,206.7,1,136.6,0.0,0.0,0.0,0.0,0.0,6
2023-05-11 11:24:19,i2401-P-790,i2401-P-790,136.6,0.0,0.0,0.0,20,128.5,206.6,20,136.6,0.0,0.0,0.0,0.0,0.0,6
2023-05-11 11:29:32,i2401-P-790,i2401-P-790,136.6,0.0,0.0,0.0,0,0.0,0.0,0,136.6,0.0,0.0,0.0,0.0,0.0,6
2023-05-11 15:01:09,i2401-P-790,i2401-P-790,136.6,0.0,0.0,0.0,0,0.0,0.0,0,136.6,0.0,0.0,0.0,0.0,0.0,6
