time,symbol_id,symbol_name,last,trade_volume,trade_amount,open_interest_change,bv1,bp1,ap1,av1,yesterday_close,today_open,today_high,today_low,volume,amount,open_interest
2023-05-10 20:56:27,i2401-C-700,i2401-C-700,46.7,0.0,0.0,0.0,25,14.0,0.0,0,46.7,48.0,0.0,0.0,0.0,0.0,379
2023-05-10 21:00:00,i2401-C-700,i2401-C-700,46.7,0.0,0.0,0.0,25,14.0,59.9,4,46.7,48.0,0.0,0.0,0.0,0.0,379
2023-05-10 21:00:04,i2401-C-700,i2401-C-700,46.7,0.0,0.0,0.0,4,34.0,59.9,4,46.7,48.0,0.0,0.0,0.0,0.0,379
2023-05-10 21:00:05,i2401-C-700,i2401-C-700,46.7,0.0,0.0,0.0,20,34.1,59.8,20,46.7,48.0,0.0,0.0,0.0,0.0,379
2023-05-10 21:00:06,i2401-C-700,i2401-C-700,46.7,0.0,0.0,0.0,4,37.9,56.0,4,46.7,48.0,0.0,0.0,0.0,0.0,379
2023-05-10 21:00:06,i2401-C-700,i2401-C-700,46.7,0.0,0.0,0.0,20,38.0,55.9,20,46.7,48.0,0.0,0.0,0.0,0.0,379
2023-05-10 21:00:07,i2401-C-700,i2401-C-700,46.7,0.0,0.0,0.0,4,41.8,52.1,4,46.7,48.0,0.0,0.0,0.0,0.0,379
2023-05-10 21:00:08,i2401-C-700,i2401-C-700,46.7,0.0,0.0,0.0,20,41.9,52.0,20,46.7,48.0,0.0,0.0,0.0,0.0,379
2023-05-10 21:00:09,i2401-C-700,i2401-C-700,46.7,0.0,0.0,0.0,20,41.9,48.2,4,46.7,48.0,0.0,0.0,0.0,0.0,379
2023-05-10 21:00:10,i2401-C-700,i2401-C-700,46.7,0.0,0.0,0.0,4,45.7,48.2,4,46.7,48.0,0.0,0.0,0.0,0.0,379
2023-05-10 21:00:11,i2401-C-700,i2401-C-700,46.7,0.0,0.0,0.0,20,14.1,0.0,0,46.7,48.0,0.0,0.0,0.0,0.0,379
2023-05-10 21:00:11,i2401-C-700,i2401-C-700,46.7,0.0,0.0,0.0,1,33.6,60.4,20,46.7,48.0,0.0,0.0,0.0,0.0,379
2023-05-10 21:00:12,i2401-C-700,i2401-C-700,46.7,0.0,0.0,0.0,20,33.7,56.6,1,46.7,48.0,0.0,0.0,0.0,0.0,379
2023-05-10 21:00:12,i2401-C-700,i2401-C-700,46.7,0.0,0.0,0.0,1,37.5,56.5,20,46.7,48.0,0.0,0.0,0.0,0.0,379
2023-05-10 21:00:13,i2401-C-700,i2401-C-700,46.7,0.0,0.0,0.0,1,41.4,52.7,1,46.7,48.0,0.0,0.0,0.0,0.0,379
2023-05-10 21:00:13,i2401-C-700,i2401-C-700,46.7,0.0,0.0,0.0,20,41.5,52.6,20,46.7,48.0,0.0,0.0,0.0,0.0,379
2023-05-10 21:00:14,i2401-C-700,i2401-C-700,46.7,0.0,0.0,0.0,1,45.3,48.8,1,46.7,48.0,0.0,0.0,0.0,0.0,379
2023-05-10 21:00:23,i2401-C-700,i2401-C-700,46.7,0.0,0.0,0.0,20,33.9,48.8,1,46.7,48.0,0.0,0.0,0.0,0.0,379
2023-05-10 21:00:24,i2401-C-700,i2401-C-700,46.7,0.0,0.0,0.0,1,37.7,48.8,1,46.7,48.0,0.0,0.0,0.0,0.0,379
2023-05-10 21:00:24,i2401-C-700,i2401-C-700,46.7,0.0,0.0,0.0,1,41.6,48.8,1,46.7,48.0,0.0,0.0,0.0,0.0,379
2023-05-10 21:00:25,i2401-C-700,i2401-C-700,46.7,0.0,0.0,0.0,20,41.7,48.8,1,46.7,48.0,0.0,0.0,0.0,0.0,379
2023-05-10 21:00:25,i2401-C-700,i2401-C-700,46.7,0.0,0.0,0.0,1,45.5,48.8,1,46.7,48.0,0.0,0.0,0.0,0.0,379
2023-05-10 21:00:31,i2401-C-700,i2401-C-700,46.7,0.0,0.0,0.0,1,14.6,48.8,1,46.7,48.0,0.0,0.0,0.0,0.0,379
2023-05-10 21:00:31,i2401-C-700,i2401-C-700,46.7,0.0,0.0,0.0,1,34.3,48.8,1,46.7,48.0,0.0,0.0,0.0,0.0,379
2023-05-10 21:00:32,i2401-C-700,i2401-C-700,46.7,0.0,0.0,0.0,20,34.4,48.8,1,46.7,48.0,0.0,0.0,0.0,0.0,379
2023-05-10 21:00:33,i2401-C-700,i2401-C-700,46.7,0.0,0.0,0.0,1,34.5,48.8,1,46.7,48.0,0.0,0.0,0.0,0.0,379
2023-05-10 21:00:33,i2401-C-700,i2401-C-700,46.7,0.0,0.0,0.0,20,34.6,48.8,1,46.7,48.0,0.0,0.0,0.0,0.0,379
2023-05-10 21:00:34,i2401-C-700,i2401-C-700,46.7,0.0,0.0,0.0,1,38.4,48.8,1,46.7,48.0,0.0,0.0,0.0,0.0,379
2023-05-10 21:00:34,i2401-C-700,i2401-C-700,46.7,0.0,0.0,0.0,20,38.5,48.8,1,46.7,48.0,0.0,0.0,0.0,0.0,379
2023-05-10 21:00:35,i2401-C-700,i2401-C-700,46.7,0.0,0.0,0.0,1,42.3,48.8,1,46.7,48.0,0.0,0.0,0.0,0.0,379
2023-05-10 21:00:36,i2401-C-700,i2401-C-700,46.7,0.0,0.0,0.0,1,46.2,48.8,1,46.7,48.0,0.0,0.0,0.0,0.0,379
2023-05-10 21:00:45,i2401-C-700,i2401-C-700,46.7,0.0,0.0,0.0,20,38.0,48.8,1,46.7,48.0,0.0,0.0,0.0,0.0,379
2023-05-10 21:00:46,i2401-C-700,i2401-C-700,46.7,0.0,0.0,0.0,1,41.8,48.8,1,46.7,48.0,0.0,0.0,0.0,0.0,379
2023-05-10 21:00:46,i2401-C-700,i2401-C-700,46.7,0.0,0.0,0.0,1,45.7,48.8,1,46.7,48.0,0.0,0.0,0.0,0.0,379
2023-05-10 21:00:52,i2401-C-700,i2401-C-700,46.7,0.0,0.0,0.0,1,37.9,48.8,1,46.7,48.0,0.0,0.0,0.0,0.0,379
2023-05-10 21:00:52,i2401-C-700,i2401-C-700,46.7,0.0,0.0,0.0,10,46.8,48.3,10,46.7,48.0,0.0,0.0,0.0,0.0,379
2023-05-10 21:01:00,i2401-C-700,i2401-C-700,46.7,0.0,0.0,0.0,10,46.8,47.9,10,46.7,48.0,0.0,0.0,0.0,0.0,379
2023-05-10 21:01:06,i2401-C-700,i2401-C-700,46.7,0.0,0.0,0.0,10,46.8,48.2,10,46.7,48.0,0.0,0.0,0.0,0.0,379
2023-05-10 21:01:37,i2401-C-700,i2401-C-700,46.7,0.0,0.0,0.0,10,47.0,48.4,10,46.7,48.0,0.0,0.0,0.0,0.0,379
2023-05-10 21:01:39,i2401-C-700,i2401-C-700,46.7,0.0,0.0,0.0,10,47.2,48.6,10,46.7,48.0,0.0,0.0,0.0,0.0,379
2023-05-10 21:01:43,i2401-C-700,i2401-C-700,46.7,0.0,0.0,0.0,10,47.1,48.4,10,46.7,48.0,0.0,0.0,0.0,0.0,379
2023-05-10 21:01:50,i2401-C-700,i2401-C-700,46.7,0.0,0.0,0.0,10,47.0,48.2,10,46.7,48.0,0.0,0.0,0.0,0.0,379
2023-05-10 21:01:51,i2401-C-700,i2401-C-700,46.7,0.0,0.0,0.0,10,46.7,48.2,10,46.7,48.0,0.0,0.0,0.0,0.0,379
2023-05-10 21:02:03,i2401-C-700,i2401-C-700,46.7,0.0,0.0,0.0,10,47.0,48.2,10,46.7,48.0,0.0,0.0,0.0,0.0,379
2023-05-10 21:02:26,i2401-C-700,i2401-C-700,46.7,0.0,0.0,0.0,10,47.0,48.0,2,46.7,48.0,0.0,0.0,0.0,0.0,379
2023-05-10 21:02:31,i2401-C-700,i2401-C-700,48.0,2.0,9600.0,0.0,1,47.1,48.2,10,46.7,48.0,48.0,48.0,2.0,9600.0,379
2023-05-10 21:03:00,i2401-C-700,i2401-C-700,48.0,0.0,0.0,0.0,1,47.2,48.2,10,46.7,48.0,48.0,48.0,2.0,9600.0,379
2023-05-10 21:03:30,i2401-C-700,i2401-C-700,48.0,0.0,0.0,0.0,16,47.2,48.2,10,46.7,48.0,48.0,48.0,2.0,9600.0,379
2023-05-10 21:03:30,i2401-C-700,i2401-C-700,48.0,0.0,0.0,0.0,26,47.2,48.2,10,46.7,48.0,48.0,48.0,2.0,9600.0,379
2023-05-10 21:03:34,i2401-C-700,i2401-C-700,48.0,0.0,0.0,0.0,11,47.2,48.2,10,46.7,48.0,48.0,48.0,2.0,9600.0,379
2023-05-10 21:04:03,i2401-C-700,i2401-C-700,48.0,0.0,0.0,0.0,1,47.2,48.2,10,46.7,48.0,48.0,48.0,2.0,9600.0,379
2023-05-10 21:04:32,i2401-C-700,i2401-C-700,48.0,0.0,0.0,0.0,1,47.2,48.1,10,46.7,48.0,48.0,48.0,2.0,9600.0,379
2023-05-10 21:05:00,i2401-C-700,i2401-C-700,48.0,0.0,0.0,0.0,10,47.3,48.2,10,46.7,48.0,48.0,48.0,2.0,9600.0,379
2023-05-10 21:05:03,i2401-C-700,i2401-C-700,48.0,0.0,0.0,0.0,20,47.3,48.2,10,46.7,48.0,48.0,48.0,2.0,9600.0,379
2023-05-10 21:05:11,i2401-C-700,i2401-C-700,48.0,0.0,0.0,0.0,1,47.2,48.2,20,46.7,48.0,48.0,48.0,2.0,9600.0,379
2023-05-10 21:05:38,i2401-C-700,i2401-C-700,48.0,0.0,0.0,0.0,1,47.2,48.2,10,46.7,48.0,48.0,48.0,2.0,9600.0,379
2023-05-10 21:05:39,i2401-C-700,i2401-C-700,48.0,0.0,0.0,0.0,11,47.2,48.2,10,46.7,48.0,48.0,48.0,2.0,9600.0,379
2023-05-10 21:05:41,i2401-C-700,i2401-C-700,48.0,0.0,0.0,0.0,21,47.2,48.2,10,46.7,48.0,48.0,48.0,2.0,9600.0,379
2023-05-10 21:05:41,i2401-C-700,i2401-C-700,48.0,0.0,0.0,0.0,20,47.3,48.3,10,46.7,48.0,48.0,48.0,2.0,9600.0,379
2023-05-10 21:05:42,i2401-C-700,i2401-C-700,48.0,0.0,0.0,0.0,10,47.5,48.4,10,46.7,48.0,48.0,48.0,2.0,9600.0,379
2023-05-10 21:05:43,i2401-C-700,i2401-C-700,48.0,0.0,0.0,0.0,20,47.5,48.4,10,46.7,48.0,48.0,48.0,2.0,9600.0,379
2023-05-10 21:05:44,i2401-C-700,i2401-C-700,48.0,0.0,0.0,0.0,30,47.5,48.4,10,46.7,48.0,48.0,48.0,2.0,9600.0,379
2023-05-10 21:05:49,i2401-C-700,i2401-C-700,48.0,0.0,0.0,0.0,20,47.5,48.4,10,46.7,48.0,48.0,48.0,2.0,9600.0,379
2023-05-10 21:05:51,i2401-C-700,i2401-C-700,48.0,0.0,0.0,0.0,30,47.5,48.4,10,46.7,48.0,48.0,48.0,2.0,9600.0,379
2023-05-10 21:06:18,i2401-C-700,i2401-C-700,48.0,0.0,0.0,0.0,20,47.5,48.4,10,46.7,48.0,48.0,48.0,2.0,9600.0,379
2023-05-10 21:06:18,i2401-C-700,i2401-C-700,48.0,0.0,0.0,0.0,30,47.5,48.4,10,46.7,48.0,48.0,48.0,2.0,9600.0,379
2023-05-10 21:06:26,i2401-C-700,i2401-C-700,48.0,0.0,0.0,0.0,10,47.3,48.2,10,46.7,48.0,48.0,48.0,2.0,9600.0,379
2023-05-10 21:06:26,i2401-C-700,i2401-C-700,48.0,0.0,0.0,0.0,10,47.3,48.2,20,46.7,48.0,48.0,48.0,2.0,9600.0,379
2023-05-10 21:06:27,i2401-C-700,i2401-C-700,48.0,0.0,0.0,0.0,20,47.3,48.2,20,46.7,48.0,48.0,48.0,2.0,9600.0,379
2023-05-10 21:06:32,i2401-C-700,i2401-C-700,48.0,0.0,0.0,0.0,1,47.2,47.9,10,46.7,48.0,48.0,48.0,2.0,9600.0,379
2023-05-10 21:06:34,i2401-C-700,i2401-C-700,48.0,0.0,0.0,0.0,1,47.2,48.0,20,46.7,48.0,48.0,48.0,2.0,9600.0,379
2023-05-10 21:06:35,i2401-C-700,i2401-C-700,48.0,0.0,0.0,0.0,21,47.2,48.0,20,46.7,48.0,48.0,48.0,2.0,9600.0,379
2023-05-10 21:06:39,i2401-C-700,i2401-C-700,48.0,0.0,0.0,0.0,21,47.2,48.0,10,46.7,48.0,48.0,48.0,2.0,9600.0,379
2023-05-10 21:06:49,i2401-C-700,i2401-C-700,48.0,0.0,0.0,0.0,21,47.2,48.1,10,46.7,48.0,48.0,48.0,2.0,9600.0,379
2023-05-10 21:06:49,i2401-C-700,i2401-C-700,48.0,0.0,0.0,0.0,10,47.3,48.2,10,46.7,48.0,48.0,48.0,2.0,9600.0,379
2023-05-10 21:06:51,i2401-C-700,i2401-C-700,48.0,0.0,0.0,0.0,20,47.3,48.2,10,46.7,48.0,48.0,48.0,2.0,9600.0,379
2023-05-10 21:07:02,i2401-C-700,i2401-C-700,48.0,0.0,0.0,0.0,35,47.3,48.2,10,46.7,48.0,48.0,48.0,2.0,9600.0,379
2023-05-10 21:07:04,i2401-C-700,i2401-C-700,48.0,0.0,0.0,0.0,20,47.3,48.2,10,46.7,48.0,48.0,48.0,2.0,9600.0,379
2023-05-10 21:07:09,i2401-C-700,i2401-C-700,48.0,0.0,0.0,0.0,20,47.3,48.3,10,46.7,48.0,48.0,48.0,2.0,9600.0,379
2023-05-10 21:07:09,i2401-C-700,i2401-C-700,48.0,0.0,0.0,0.0,10,47.5,48.5,20,46.7,48.0,48.0,48.0,2.0,9600.0,379
2023-05-10 21:07:11,i2401-C-700,i2401-C-700,48.0,0.0,0.0,0.0,20,47.5,48.5,20,46.7,48.0,48.0,48.0,2.0,9600.0,379
2023-05-10 21:07:21,i2401-C-700,i2401-C-700,48.0,0.0,0.0,0.0,20,47.5,48.5,10,46.7,48.0,48.0,48.0,2.0,9600.0,379
2023-05-10 21:07:52,i2401-C-700,i2401-C-700,48.0,0.0,0.0,0.0,10,47.8,48.6,10,46.7,48.0,48.0,48.0,2.0,9600.0,379
2023-05-10 21:07:53,i2401-C-700,i2401-C-700,48.0,0.0,0.0,0.0,20,47.8,48.6,10,46.7,48.0,48.0,48.0,2.0,9600.0,379
2023-05-10 21:07:54,i2401-C-700,i2401-C-700,48.0,0.0,0.0,0.0,10,47.8,48.6,10,46.7,48.0,48.0,48.0,2.0,9600.0,379
2023-05-10 21:07:58,i2401-C-700,i2401-C-700,48.0,0.0,0.0,0.0,10,47.6,48.6,10,46.7,48.0,48.0,48.0,2.0,9600.0,379
2023-05-10 21:07:59,i2401-C-700,i2401-C-700,48.0,0.0,0.0,0.0,20,47.6,48.6,10,46.7,48.0,48.0,48.0,2.0,9600.0,379
2023-05-10 21:08:01,i2401-C-700,i2401-C-700,48.0,0.0,0.0,0.0,10,47.6,48.6,10,46.7,48.0,48.0,48.0,2.0,9600.0,379
2023-05-10 21:08:04,i2401-C-700,i2401-C-700,48.0,0.0,0.0,0.0,10,47.6,48.4,10,46.7,48.0,48.0,48.0,2.0,9600.0,379
2023-05-10 21:08:08,i2401-C-700,i2401-C-700,48.0,0.0,0.0,0.0,10,47.5,48.4,10,46.7,48.0,48.0,48.0,2.0,9600.0,379
2023-05-10 21:08:09,i2401-C-700,i2401-C-700,48.0,0.0,0.0,0.0,20,47.5,48.4,10,46.7,48.0,48.0,48.0,2.0,9600.0,379
2023-05-10 21:08:10,i2401-C-700,i2401-C-700,48.0,0.0,0.0,0.0,21,47.2,48.1,10,46.7,48.0,48.0,48.0,2.0,9600.0,379
2023-05-10 21:08:11,i2401-C-700,i2401-C-700,48.0,0.0,0.0,0.0,11,47.2,48.1,10,46.7,48.0,48.0,48.0,2.0,9600.0,379
2023-05-10 21:08:11,i2401-C-700,i2401-C-700,48.0,0.0,0.0,0.0,1,47.2,48.1,10,46.7,48.0,48.0,48.0,2.0,9600.0,379
2023-05-10 21:08:14,i2401-C-700,i2401-C-700,48.0,0.0,0.0,0.0,1,47.2,48.0,10,46.7,48.0,48.0,48.0,2.0,9600.0,379
2023-05-10 21:08:24,i2401-C-700,i2401-C-700,48.0,0.0,0.0,0.0,1,47.2,48.0,20,46.7,48.0,48.0,48.0,2.0,9600.0,379
2023-05-10 21:08:30,i2401-C-700,i2401-C-700,48.0,0.0,0.0,0.0,1,47.2,47.8,10,46.7,48.0,48.0,48.0,2.0,9600.0,379
2023-05-10 21:08:37,i2401-C-700,i2401-C-700,48.0,0.0,0.0,0.0,1,47.2,48.0,20,46.7,48.0,48.0,48.0,2.0,9600.0,379
2023-05-10 21:08:48,i2401-C-700,i2401-C-700,48.0,0.0,0.0,0.0,1,47.2,47.9,10,46.7,48.0,48.0,48.0,2.0,9600.0,379
2023-05-10 21:09:11,i2401-C-700,i2401-C-700,48.0,0.0,0.0,0.0,1,47.2,47.9,20,46.7,48.0,48.0,48.0,2.0,9600.0,379
2023-05-10 21:09:11,i2401-C-700,i2401-C-700,48.0,0.0,0.0,0.0,10,46.8,47.9,20,46.7,48.0,48.0,48.0,2.0,9600.0,379
2023-05-10 21:09:12,i2401-C-700,i2401-C-700,48.0,0.0,0.0,0.0,10,46.8,47.9,30,46.7,48.0,48.0,48.0,2.0,9600.0,379
2023-05-10 21:09:12,i2401-C-700,i2401-C-700,48.0,0.0,0.0,0.0,10,46.7,47.7,10,46.7,48.0,48.0,48.0,2.0,9600.0,379
2023-05-10 21:09:12,i2401-C-700,i2401-C-700,48.0,0.0,0.0,0.0,10,46.5,47.5,10,46.7,48.0,48.0,48.0,2.0,9600.0,379
2023-05-10 21:09:14,i2401-C-700,i2401-C-700,48.0,0.0,0.0,0.0,20,46.5,47.5,10,46.7,48.0,48.0,48.0,2.0,9600.0,379
2023-05-10 21:09:15,i2401-C-700,i2401-C-700,48.0,0.0,0.0,0.0,20,46.5,47.5,20,46.7,48.0,48.0,48.0,2.0,9600.0,379
2023-05-10 21:09:20,i2401-C-700,i2401-C-700,48.0,0.0,0.0,0.0,10,46.5,47.5,20,46.7,48.0,48.0,48.0,2.0,9600.0,379
2023-05-10 21:09:21,i2401-C-700,i2401-C-700,48.0,0.0,0.0,0.0,20,46.5,47.5,20,46.7,48.0,48.0,48.0,2.0,9600.0,379
2023-05-10 21:09:31,i2401-C-700,i2401-C-700,48.0,0.0,0.0,0.0,10,46.5,47.4,10,46.7,48.0,48.0,48.0,2.0,9600.0,379
2023-05-10 21:09:43,i2401-C-700,i2401-C-700,48.0,0.0,0.0,0.0,1,46.4,47.4,10,46.7,48.0,48.0,48.0,2.0,9600.0,379
2023-05-10 21:09:49,i2401-C-700,i2401-C-700,48.0,0.0,0.0,0.0,10,46.5,47.5,20,46.7,48.0,48.0,48.0,2.0,9600.0,379
2023-05-10 21:09:51,i2401-C-700,i2401-C-700,48.0,0.0,0.0,0.0,20,46.5,47.5,20,46.7,48.0,48.0,48.0,2.0,9600.0,379
2023-05-10 21:09:53,i2401-C-700,i2401-C-700,48.0,0.0,0.0,0.0,1,46.4,47.4,10,46.7,48.0,48.0,48.0,2.0,9600.0,379
2023-05-10 21:10:01,i2401-C-700,i2401-C-700,48.0,0.0,0.0,0.0,1,46.4,47.2,10,46.7,48.0,48.0,48.0,2.0,9600.0,379
2023-05-10 21:10:11,i2401-C-700,i2401-C-700,48.0,0.0,0.0,0.0,1,46.4,47.0,10,46.7,48.0,48.0,48.0,2.0,9600.0,379
2023-05-10 21:10:19,i2401-C-700,i2401-C-700,48.0,0.0,0.0,0.0,1,46.4,46.9,10,46.7,48.0,48.0,48.0,2.0,9600.0,379
2023-05-10 21:10:22,i2401-C-700,i2401-C-700,48.0,0.0,0.0,0.0,20,45.8,46.9,10,46.7,48.0,48.0,48.0,2.0,9600.0,379
2023-05-10 21:10:25,i2401-C-700,i2401-C-700,48.0,0.0,0.0,0.0,10,45.8,46.9,10,46.7,48.0,48.0,48.0,2.0,9600.0,379
2023-05-10 21:10:28,i2401-C-700,i2401-C-700,48.0,0.0,0.0,0.0,20,45.8,46.9,10,46.7,48.0,48.0,48.0,2.0,9600.0,379
2023-05-10 21:10:28,i2401-C-700,i2401-C-700,48.0,0.0,0.0,0.0,10,46.1,47.0,10,46.7,48.0,48.0,48.0,2.0,9600.0,379
2023-05-10 21:10:29,i2401-C-700,i2401-C-700,48.0,0.0,0.0,0.0,10,46.1,47.1,10,46.7,48.0,48.0,48.0,2.0,9600.0,379
2023-05-10 21:10:30,i2401-C-700,i2401-C-700,48.0,0.0,0.0,0.0,20,46.1,47.1,10,46.7,48.0,48.0,48.0,2.0,9600.0,379
2023-05-10 21:10:32,i2401-C-700,i2401-C-700,48.0,0.0,0.0,0.0,10,46.1,47.1,10,46.7,48.0,48.0,48.0,2.0,9600.0,379
2023-05-10 21:10:33,i2401-C-700,i2401-C-700,48.0,0.0,0.0,0.0,20,46.1,47.1,10,46.7,48.0,48.0,48.0,2.0,9600.0,379
2023-05-10 21:10:33,i2401-C-700,i2401-C-700,48.0,0.0,0.0,0.0,10,46.1,47.1,10,46.7,48.0,48.0,48.0,2.0,9600.0,379
2023-05-10 21:10:33,i2401-C-700,i2401-C-700,48.0,0.0,0.0,0.0,20,46.1,47.1,10,46.7,48.0,48.0,48.0,2.0,9600.0,379
2023-05-10 21:10:34,i2401-C-700,i2401-C-700,48.0,0.0,0.0,0.0,10,46.1,47.1,10,46.7,48.0,48.0,48.0,2.0,9600.0,379
2023-05-10 21:10:35,i2401-C-700,i2401-C-700,48.0,0.0,0.0,0.0,20,46.1,47.1,10,46.7,48.0,48.0,48.0,2.0,9600.0,379
2023-05-10 21:10:35,i2401-C-700,i2401-C-700,48.0,0.0,0.0,0.0,10,46.1,47.1,10,46.7,48.0,48.0,48.0,2.0,9600.0,379
2023-05-10 21:10:36,i2401-C-700,i2401-C-700,48.0,0.0,0.0,0.0,10,46.1,47.1,20,46.7,48.0,48.0,48.0,2.0,9600.0,379
2023-05-10 21:10:36,i2401-C-700,i2401-C-700,48.0,0.0,0.0,0.0,20,46.1,47.1,20,46.7,48.0,48.0,48.0,2.0,9600.0,379
2023-05-10 21:10:40,i2401-C-700,i2401-C-700,48.0,0.0,0.0,0.0,20,46.1,47.1,10,46.7,48.0,48.0,48.0,2.0,9600.0,379
2023-05-10 21:10:41,i2401-C-700,i2401-C-700,48.0,0.0,0.0,0.0,20,46.1,47.1,20,46.7,48.0,48.0,48.0,2.0,9600.0,379
2023-05-10 21:10:41,i2401-C-700,i2401-C-700,48.0,0.0,0.0,0.0,20,46.1,47.1,10,46.7,48.0,48.0,48.0,2.0,9600.0,379
2023-05-10 21:10:42,i2401-C-700,i2401-C-700,48.0,0.0,0.0,0.0,10,46.1,47.1,10,46.7,48.0,48.0,48.0,2.0,9600.0,379
2023-05-10 21:10:42,i2401-C-700,i2401-C-700,48.0,0.0,0.0,0.0,20,46.1,47.1,20,46.7,48.0,48.0,48.0,2.0,9600.0,379
2023-05-10 21:10:46,i2401-C-700,i2401-C-700,48.0,0.0,0.0,0.0,1,46.3,47.1,10,46.7,48.0,48.0,48.0,2.0,9600.0,379
2023-05-10 21:10:50,i2401-C-700,i2401-C-700,48.0,0.0,0.0,0.0,1,46.3,47.1,20,46.7,48.0,48.0,48.0,2.0,9600.0,379
2023-05-10 21:10:56,i2401-C-700,i2401-C-700,48.0,0.0,0.0,0.0,1,46.3,46.9,20,46.7,48.0,48.0,48.0,2.0,9600.0,379
2023-05-10 21:10:59,i2401-C-700,i2401-C-700,48.0,0.0,0.0,0.0,1,46.3,46.7,10,46.7,48.0,48.0,48.0,2.0,9600.0,379
2023-05-10 21:10:59,i2401-C-700,i2401-C-700,48.0,0.0,0.0,0.0,10,45.9,46.7,10,46.7,48.0,48.0,48.0,2.0,9600.0,379
2023-05-10 21:11:00,i2401-C-700,i2401-C-700,48.0,0.0,0.0,0.0,20,45.6,46.6,10,46.7,48.0,48.0,48.0,2.0,9600.0,379
2023-05-10 21:11:02,i2401-C-700,i2401-C-700,48.0,0.0,0.0,0.0,31,45.6,46.6,10,46.7,48.0,48.0,48.0,2.0,9600.0,379
2023-05-10 21:11:03,i2401-C-700,i2401-C-700,48.0,0.0,0.0,0.0,21,45.6,46.6,10,46.7,48.0,48.0,48.0,2.0,9600.0,379
2023-05-10 21:11:06,i2401-C-700,i2401-C-700,48.0,0.0,0.0,0.0,10,45.8,46.7,20,46.7,48.0,48.0,48.0,2.0,9600.0,379
2023-05-10 21:11:06,i2401-C-700,i2401-C-700,48.0,0.0,0.0,0.0,10,45.8,46.8,10,46.7,48.0,48.0,48.0,2.0,9600.0,379
2023-05-10 21:11:07,i2401-C-700,i2401-C-700,48.0,0.0,0.0,0.0,31,45.6,46.6,10,46.7,48.0,48.0,48.0,2.0,9600.0,379
2023-05-10 21:11:11,i2401-C-700,i2401-C-700,48.0,0.0,0.0,0.0,11,45.6,46.5,10,46.7,48.0,48.0,48.0,2.0,9600.0,379
2023-05-10 21:11:14,i2401-C-700,i2401-C-700,48.0,0.0,0.0,0.0,1,45.6,46.5,20,46.7,48.0,48.0,48.0,2.0,9600.0,379
2023-05-10 21:11:15,i2401-C-700,i2401-C-700,48.0,0.0,0.0,0.0,1,45.6,46.4,10,46.7,48.0,48.0,48.0,2.0,9600.0,379
2023-05-10 21:11:16,i2401-C-700,i2401-C-700,48.0,0.0,0.0,0.0,1,45.6,46.3,10,46.7,48.0,48.0,48.0,2.0,9600.0,379
2023-05-10 21:11:21,i2401-C-700,i2401-C-700,48.0,0.0,0.0,0.0,1,45.6,46.5,10,46.7,48.0,48.0,48.0,2.0,9600.0,379
2023-05-10 21:11:23,i2401-C-700,i2401-C-700,48.0,0.0,0.0,0.0,1,45.6,46.2,10,46.7,48.0,48.0,48.0,2.0,9600.0,379
2023-05-10 21:11:23,i2401-C-700,i2401-C-700,48.0,0.0,0.0,0.0,1,45.6,46.4,10,46.7,48.0,48.0,48.0,2.0,9600.0,379
2023-05-10 21:11:25,i2401-C-700,i2401-C-700,48.0,0.0,0.0,0.0,1,45.6,46.2,10,46.7,48.0,48.0,48.0,2.0,9600.0,379
2023-05-10 21:11:27,i2401-C-700,i2401-C-700,48.0,0.0,0.0,0.0,1,45.6,46.3,10,46.7,48.0,48.0,48.0,2.0,9600.0,379
2023-05-10 21:11:29,i2401-C-700,i2401-C-700,46.3,10.0,46300.0,10.0,1,45.7,46.4,10,46.7,48.0,48.0,46.3,12.0,55900.0,389
2023-05-10 21:11:29,i2401-C-700,i2401-C-700,46.3,0.0,0.0,0.0,11,45.7,46.6,21,46.7,48.0,48.0,46.3,12.0,55900.0,389
2023-05-10 21:11:30,i2401-C-700,i2401-C-700,46.3,0.0,0.0,0.0,21,45.7,46.6,21,46.7,48.0,48.0,46.3,12.0,55900.0,389
2023-05-10 21:11:31,i2401-C-700,i2401-C-700,46.3,0.0,0.0,0.0,31,45.7,46.6,11,46.7,48.0,48.0,46.3,12.0,55900.0,389
2023-05-10 21:11:31,i2401-C-700,i2401-C-700,46.3,0.0,0.0,0.0,31,45.7,46.6,1,46.7,48.0,48.0,46.3,12.0,55900.0,389
2023-05-10 21:11:37,i2401-C-700,i2401-C-700,46.3,0.0,0.0,0.0,21,45.7,46.6,1,46.7,48.0,48.0,46.3,12.0,55900.0,389
2023-05-10 21:11:39,i2401-C-700,i2401-C-700,46.3,0.0,0.0,0.0,31,45.7,46.6,1,46.7,48.0,48.0,46.3,12.0,55900.0,389
2023-05-10 21:11:41,i2401-C-700,i2401-C-700,46.3,0.0,0.0,0.0,21,45.7,46.6,1,46.7,48.0,48.0,46.3,12.0,55900.0,389
2023-05-10 21:11:43,i2401-C-700,i2401-C-700,46.3,0.0,0.0,0.0,31,45.7,46.6,1,46.7,48.0,48.0,46.3,12.0,55900.0,389
2023-05-10 21:11:52,i2401-C-700,i2401-C-700,46.3,0.0,0.0,0.0,31,45.7,46.7,10,46.7,48.0,48.0,46.3,12.0,55900.0,389
2023-05-10 21:11:52,i2401-C-700,i2401-C-700,46.3,0.0,0.0,0.0,31,45.7,46.6,10,46.7,48.0,48.0,46.3,12.0,55900.0,389
2023-05-10 21:12:01,i2401-C-700,i2401-C-700,46.3,0.0,0.0,0.0,11,45.7,46.6,20,46.7,48.0,48.0,46.3,12.0,55900.0,389
2023-05-10 21:12:01,i2401-C-700,i2401-C-700,46.3,0.0,0.0,0.0,1,45.7,46.6,30,46.7,48.0,48.0,46.3,12.0,55900.0,389
2023-05-10 21:12:11,i2401-C-700,i2401-C-700,46.3,0.0,0.0,0.0,10,45.8,46.7,20,46.7,48.0,48.0,46.3,12.0,55900.0,389
2023-05-10 21:12:11,i2401-C-700,i2401-C-700,46.3,0.0,0.0,0.0,2,46.0,46.7,20,46.7,48.0,48.0,46.3,12.0,55900.0,389
2023-05-10 21:12:12,i2401-C-700,i2401-C-700,46.3,0.0,0.0,0.0,2,46.0,46.7,10,46.7,48.0,48.0,46.3,12.0,55900.0,389
2023-05-10 21:12:13,i2401-C-700,i2401-C-700,46.3,0.0,0.0,0.0,2,46.0,46.8,20,46.7,48.0,48.0,46.3,12.0,55900.0,389
2023-05-10 21:12:17,i2401-C-700,i2401-C-700,46.3,0.0,0.0,0.0,32,46.0,46.8,10,46.7,48.0,48.0,46.3,12.0,55900.0,389
2023-05-10 21:12:19,i2401-C-700,i2401-C-700,46.3,0.0,0.0,0.0,42,46.0,46.8,10,46.7,48.0,48.0,46.3,12.0,55900.0,389
2023-05-10 21:12:19,i2401-C-700,i2401-C-700,46.3,0.0,0.0,0.0,42,46.0,47.0,30,46.7,48.0,48.0,46.3,12.0,55900.0,389
2023-05-10 21:12:28,i2401-C-700,i2401-C-700,46.3,0.0,0.0,0.0,12,46.0,46.8,20,46.7,48.0,48.0,46.3,12.0,55900.0,389
2023-05-10 21:12:28,i2401-C-700,i2401-C-700,46.3,0.0,0.0,0.0,2,46.0,46.8,20,46.7,48.0,48.0,46.3,12.0,55900.0,389
2023-05-10 21:12:29,i2401-C-700,i2401-C-700,46.3,0.0,0.0,0.0,2,46.0,46.7,10,46.7,48.0,48.0,46.3,12.0,55900.0,389
2023-05-10 21:12:41,i2401-C-700,i2401-C-700,46.3,0.0,0.0,0.0,2,46.0,46.8,20,46.7,48.0,48.0,46.3,12.0,55900.0,389
2023-05-10 21:12:41,i2401-C-700,i2401-C-700,46.3,0.0,0.0,0.0,2,46.0,46.8,10,46.7,48.0,48.0,46.3,12.0,55900.0,389
2023-05-10 21:12:48,i2401-C-700,i2401-C-700,46.3,0.0,0.0,0.0,2,46.0,46.8,20,46.7,48.0,48.0,46.3,12.0,55900.0,389
2023-05-10 21:12:51,i2401-C-700,i2401-C-700,46.3,0.0,0.0,0.0,2,46.0,46.3,10,46.7,48.0,48.0,46.3,12.0,55900.0,389
2023-05-10 21:12:52,i2401-C-700,i2401-C-700,46.3,0.0,0.0,0.0,2,46.0,46.6,10,46.7,48.0,48.0,46.3,12.0,55900.0,389
2023-05-10 21:12:59,i2401-C-700,i2401-C-700,46.3,0.0,0.0,0.0,2,46.0,46.6,20,46.7,48.0,48.0,46.3,12.0,55900.0,389
2023-05-10 21:13:21,i2401-C-700,i2401-C-700,46.3,0.0,0.0,0.0,2,46.0,46.4,10,46.7,48.0,48.0,46.3,12.0,55900.0,389
2023-05-10 21:13:55,i2401-C-700,i2401-C-700,46.3,0.0,0.0,0.0,2,46.0,46.5,10,46.7,48.0,48.0,46.3,12.0,55900.0,389
2023-05-10 21:14:08,i2401-C-700,i2401-C-700,46.3,0.0,0.0,0.0,2,46.0,46.6,10,46.7,48.0,48.0,46.3,12.0,55900.0,389
2023-05-10 21:14:09,i2401-C-700,i2401-C-700,46.3,0.0,0.0,0.0,2,46.0,46.7,10,46.7,48.0,48.0,46.3,12.0,55900.0,389
2023-05-10 21:14:10,i2401-C-700,i2401-C-700,46.3,0.0,0.0,0.0,2,46.0,46.8,10,46.7,48.0,48.0,46.3,12.0,55900.0,389
2023-05-10 21:14:47,i2401-C-700,i2401-C-700,46.3,0.0,0.0,0.0,37,46.0,46.8,10,46.7,48.0,48.0,46.3,12.0,55900.0,389
2023-05-10 21:14:47,i2401-C-700,i2401-C-700,46.3,0.0,0.0,0.0,37,46.0,46.9,20,46.7,48.0,48.0,46.3,12.0,55900.0,389
2023-05-10 21:14:49,i2401-C-700,i2401-C-700,46.3,0.0,0.0,0.0,22,46.0,46.9,20,46.7,48.0,48.0,46.3,12.0,55900.0,389
2023-05-10 21:14:52,i2401-C-700,i2401-C-700,46.3,0.0,0.0,0.0,32,46.0,46.9,10,46.7,48.0,48.0,46.3,12.0,55900.0,389
2023-05-10 21:15:01,i2401-C-700,i2401-C-700,46.3,0.0,0.0,0.0,20,46.1,47.1,31,46.7,48.0,48.0,46.3,12.0,55900.0,389
2023-05-10 21:15:02,i2401-C-700,i2401-C-700,46.3,0.0,0.0,0.0,22,46.0,47.0,20,46.7,48.0,48.0,46.3,12.0,55900.0,389
2023-05-10 21:15:02,i2401-C-700,i2401-C-700,46.3,0.0,0.0,0.0,32,46.0,47.0,20,46.7,48.0,48.0,46.3,12.0,55900.0,389
2023-05-10 21:15:04,i2401-C-700,i2401-C-700,46.3,0.0,0.0,0.0,33,46.0,47.0,20,46.7,48.0,48.0,46.3,12.0,55900.0,389
2023-05-10 21:15:04,i2401-C-700,i2401-C-700,46.3,0.0,0.0,0.0,48,46.0,47.0,20,46.7,48.0,48.0,46.3,12.0,55900.0,389
2023-05-10 21:15:05,i2401-C-700,i2401-C-700,46.3,0.0,0.0,0.0,20,46.1,47.0,10,46.7,48.0,48.0,46.3,12.0,55900.0,389
2023-05-10 21:15:05,i2401-C-700,i2401-C-700,46.3,0.0,0.0,0.0,25,46.2,47.1,30,46.7,48.0,48.0,46.3,12.0,55900.0,389
2023-05-10 21:15:06,i2401-C-700,i2401-C-700,46.3,0.0,0.0,0.0,35,46.2,47.1,30,46.7,48.0,48.0,46.3,12.0,55900.0,389
2023-05-10 21:15:09,i2401-C-700,i2401-C-700,46.3,0.0,0.0,0.0,20,46.2,47.1,30,46.7,48.0,48.0,46.3,12.0,55900.0,389
2023-05-10 21:15:13,i2401-C-700,i2401-C-700,46.3,0.0,0.0,0.0,35,46.2,47.1,30,46.7,48.0,48.0,46.3,12.0,55900.0,389
2023-05-10 21:15:14,i2401-C-700,i2401-C-700,46.3,0.0,0.0,0.0,20,46.2,47.1,30,46.7,48.0,48.0,46.3,12.0,55900.0,389
2023-05-10 21:15:19,i2401-C-700,i2401-C-700,46.3,0.0,0.0,0.0,20,46.2,47.1,20,46.7,48.0,48.0,46.3,12.0,55900.0,389
2023-05-10 21:15:20,i2401-C-700,i2401-C-700,46.3,0.0,0.0,0.0,30,46.2,47.1,10,46.7,48.0,48.0,46.3,12.0,55900.0,389
2023-05-10 21:15:20,i2401-C-700,i2401-C-700,46.3,0.0,0.0,0.0,20,46.2,47.1,20,46.7,48.0,48.0,46.3,12.0,55900.0,389
2023-05-10 21:15:25,i2401-C-700,i2401-C-700,46.3,0.0,0.0,0.0,30,46.2,47.1,20,46.7,48.0,48.0,46.3,12.0,55900.0,389
2023-05-10 21:15:26,i2401-C-700,i2401-C-700,46.3,0.0,0.0,0.0,30,46.2,47.1,10,46.7,48.0,48.0,46.3,12.0,55900.0,389
2023-05-10 21:15:29,i2401-C-700,i2401-C-700,46.3,0.0,0.0,0.0,20,46.2,47.1,10,46.7,48.0,48.0,46.3,12.0,55900.0,389
2023-05-10 21:15:30,i2401-C-700,i2401-C-700,46.3,0.0,0.0,0.0,30,46.2,47.1,10,46.7,48.0,48.0,46.3,12.0,55900.0,389
2023-05-10 21:16:01,i2401-C-700,i2401-C-700,46.3,0.0,0.0,0.0,20,46.2,47.1,20,46.7,48.0,48.0,46.3,12.0,55900.0,389
2023-05-10 21:16:03,i2401-C-700,i2401-C-700,46.3,0.0,0.0,0.0,20,46.2,46.9,10,46.7,48.0,48.0,46.3,12.0,55900.0,389
2023-05-10 21:16:03,i2401-C-700,i2401-C-700,46.3,0.0,0.0,0.0,13,46.0,46.9,10,46.7,48.0,48.0,46.3,12.0,55900.0,389
2023-05-10 21:16:03,i2401-C-700,i2401-C-700,46.3,0.0,0.0,0.0,13,46.0,46.9,20,46.7,48.0,48.0,46.3,12.0,55900.0,389
2023-05-10 21:16:05,i2401-C-700,i2401-C-700,46.3,0.0,0.0,0.0,13,46.0,46.8,10,46.7,48.0,48.0,46.3,12.0,55900.0,389
2023-05-10 21:16:05,i2401-C-700,i2401-C-700,46.3,0.0,0.0,0.0,23,46.0,46.8,10,46.7,48.0,48.0,46.3,12.0,55900.0,389
2023-05-10 21:16:09,i2401-C-700,i2401-C-700,46.3,0.0,0.0,0.0,23,46.0,46.7,10,46.7,48.0,48.0,46.3,12.0,55900.0,389
2023-05-10 21:16:10,i2401-C-700,i2401-C-700,46.3,0.0,0.0,0.0,13,46.0,46.7,10,46.7,48.0,48.0,46.3,12.0,55900.0,389
2023-05-10 21:16:10,i2401-C-700,i2401-C-700,46.3,0.0,0.0,0.0,3,46.0,46.4,20,46.7,48.0,48.0,46.3,12.0,55900.0,389
2023-05-10 21:16:12,i2401-C-700,i2401-C-700,46.3,0.0,0.0,0.0,2,46.0,46.4,20,46.7,48.0,48.0,46.3,12.0,55900.0,389
2023-05-10 21:16:12,i2401-C-700,i2401-C-700,46.3,0.0,0.0,0.0,2,46.0,46.4,30,46.7,48.0,48.0,46.3,12.0,55900.0,389
2023-05-10 21:16:13,i2401-C-700,i2401-C-700,46.3,0.0,0.0,0.0,2,46.0,46.3,10,46.7,48.0,48.0,46.3,12.0,55900.0,389
2023-05-10 21:16:19,i2401-C-700,i2401-C-700,46.3,0.0,0.0,0.0,2,46.0,46.3,20,46.7,48.0,48.0,46.3,12.0,55900.0,389
2023-05-10 21:16:36,i2401-C-700,i2401-C-700,46.3,0.0,0.0,0.0,2,46.0,46.4,20,46.7,48.0,48.0,46.3,12.0,55900.0,389
2023-05-10 21:16:39,i2401-C-700,i2401-C-700,46.3,0.0,0.0,0.0,2,46.0,46.4,10,46.7,48.0,48.0,46.3,12.0,55900.0,389
2023-05-10 21:16:39,i2401-C-700,i2401-C-700,46.3,0.0,0.0,0.0,17,46.0,46.5,10,46.7,48.0,48.0,46.3,12.0,55900.0,389
2023-05-10 21:16:40,i2401-C-700,i2401-C-700,46.3,0.0,0.0,0.0,17,46.0,46.6,10,46.7,48.0,48.0,46.3,12.0,55900.0,389
2023-05-10 21:16:43,i2401-C-700,i2401-C-700,46.3,0.0,0.0,0.0,17,46.0,46.7,30,46.7,48.0,48.0,46.3,12.0,55900.0,389
2023-05-10 21:16:48,i2401-C-700,i2401-C-700,46.3,0.0,0.0,0.0,27,46.0,46.8,10,46.7,48.0,48.0,46.3,12.0,55900.0,389
2023-05-10 21:16:49,i2401-C-700,i2401-C-700,46.3,0.0,0.0,0.0,37,46.0,46.8,10,46.7,48.0,48.0,46.3,12.0,55900.0,389
2023-05-10 21:16:49,i2401-C-700,i2401-C-700,46.3,0.0,0.0,0.0,22,46.0,46.8,10,46.7,48.0,48.0,46.3,12.0,55900.0,389
2023-05-10 21:16:55,i2401-C-700,i2401-C-700,46.3,0.0,0.0,0.0,22,46.0,47.0,30,46.7,48.0,48.0,46.3,12.0,55900.0,389
2023-05-10 21:16:56,i2401-C-700,i2401-C-700,46.3,0.0,0.0,0.0,10,46.3,47.1,41,46.7,48.0,48.0,46.3,12.0,55900.0,389
2023-05-10 21:16:56,i2401-C-700,i2401-C-700,46.3,0.0,0.0,0.0,10,46.3,47.1,31,46.7,48.0,48.0,46.3,12.0,55900.0,389
2023-05-10 21:16:59,i2401-C-700,i2401-C-700,46.3,0.0,0.0,0.0,20,46.1,47.0,10,46.7,48.0,48.0,46.3,12.0,55900.0,389
2023-05-10 21:17:00,i2401-C-700,i2401-C-700,46.3,0.0,0.0,0.0,10,46.1,47.0,10,46.7,48.0,48.0,46.3,12.0,55900.0,389
2023-05-10 21:17:00,i2401-C-700,i2401-C-700,46.3,0.0,0.0,0.0,22,46.0,47.0,20,46.7,48.0,48.0,46.3,12.0,55900.0,389
2023-05-10 21:17:03,i2401-C-700,i2401-C-700,46.3,0.0,0.0,0.0,22,46.0,46.9,10,46.7,48.0,48.0,46.3,12.0,55900.0,389
2023-05-10 21:17:04,i2401-C-700,i2401-C-700,46.3,0.0,0.0,0.0,2,46.0,46.7,10,46.7,48.0,48.0,46.3,12.0,55900.0,389
2023-05-10 21:17:49,i2401-C-700,i2401-C-700,46.3,0.0,0.0,0.0,2,46.0,46.7,20,46.7,48.0,48.0,46.3,12.0,55900.0,389
2023-05-10 21:17:50,i2401-C-700,i2401-C-700,46.3,0.0,0.0,0.0,2,46.0,46.6,10,46.7,48.0,48.0,46.3,12.0,55900.0,389
2023-05-10 21:17:51,i2401-C-700,i2401-C-700,46.3,0.0,0.0,0.0,2,46.0,46.4,10,46.7,48.0,48.0,46.3,12.0,55900.0,389
2023-05-10 21:17:56,i2401-C-700,i2401-C-700,46.3,0.0,0.0,0.0,2,46.0,46.5,10,46.7,48.0,48.0,46.3,12.0,55900.0,389
2023-05-10 21:17:57,i2401-C-700,i2401-C-700,46.3,0.0,0.0,0.0,2,46.0,46.6,10,46.7,48.0,48.0,46.3,12.0,55900.0,389
2023-05-10 21:18:05,i2401-C-700,i2401-C-700,46.3,0.0,0.0,0.0,2,46.0,46.4,10,46.7,48.0,48.0,46.3,12.0,55900.0,389
2023-05-10 21:18:09,i2401-C-700,i2401-C-700,46.3,0.0,0.0,0.0,2,46.0,46.5,10,46.7,48.0,48.0,46.3,12.0,55900.0,389
2023-05-10 21:18:11,i2401-C-700,i2401-C-700,46.3,0.0,0.0,0.0,2,46.0,46.7,10,46.7,48.0,48.0,46.3,12.0,55900.0,389
2023-05-10 21:18:11,i2401-C-700,i2401-C-700,46.3,0.0,0.0,0.0,2,46.0,46.8,20,46.7,48.0,48.0,46.3,12.0,55900.0,389
2023-05-10 21:18:21,i2401-C-700,i2401-C-700,46.3,0.0,0.0,0.0,2,46.0,46.8,30,46.7,48.0,48.0,46.3,12.0,55900.0,389
2023-05-10 21:18:22,i2401-C-700,i2401-C-700,46.3,0.0,0.0,0.0,2,46.0,46.6,20,46.7,48.0,48.0,46.3,12.0,55900.0,389
2023-05-10 21:18:31,i2401-C-700,i2401-C-700,46.3,0.0,0.0,0.0,2,46.0,46.6,10,46.7,48.0,48.0,46.3,12.0,55900.0,389
2023-05-10 21:18:49,i2401-C-700,i2401-C-700,46.3,0.0,0.0,0.0,2,46.0,46.8,10,46.7,48.0,48.0,46.3,12.0,55900.0,389
2023-05-10 21:18:50,i2401-C-700,i2401-C-700,46.3,0.0,0.0,0.0,2,46.0,46.9,20,46.7,48.0,48.0,46.3,12.0,55900.0,389
2023-05-10 21:19:01,i2401-C-700,i2401-C-700,46.3,0.0,0.0,0.0,2,46.0,46.8,10,46.7,48.0,48.0,46.3,12.0,55900.0,389
2023-05-10 21:19:05,i2401-C-700,i2401-C-700,46.3,0.0,0.0,0.0,12,46.0,46.9,20,46.7,48.0,48.0,46.3,12.0,55900.0,389
2023-05-10 21:19:07,i2401-C-700,i2401-C-700,46.3,0.0,0.0,0.0,22,46.0,46.9,20,46.7,48.0,48.0,46.3,12.0,55900.0,389
2023-05-10 21:19:15,i2401-C-700,i2401-C-700,46.3,0.0,0.0,0.0,20,46.1,46.9,10,46.7,48.0,48.0,46.3,12.0,55900.0,389
2023-05-10 21:20:09,i2401-C-700,i2401-C-700,46.3,0.0,0.0,0.0,10,46.3,46.9,10,46.7,48.0,48.0,46.3,12.0,55900.0,389
2023-05-10 21:20:09,i2401-C-700,i2401-C-700,46.3,0.0,0.0,0.0,10,46.2,46.9,10,46.7,48.0,48.0,46.3,12.0,55900.0,389
2023-05-10 21:20:10,i2401-C-700,i2401-C-700,46.3,0.0,0.0,0.0,20,46.1,46.9,10,46.7,48.0,48.0,46.3,12.0,55900.0,389
2023-05-10 21:20:12,i2401-C-700,i2401-C-700,46.3,0.0,0.0,0.0,10,46.1,46.8,10,46.7,48.0,48.0,46.3,12.0,55900.0,389
2023-05-10 21:20:13,i2401-C-700,i2401-C-700,46.3,0.0,0.0,0.0,20,46.2,47.0,10,46.7,48.0,48.0,46.3,12.0,55900.0,389
2023-05-10 21:20:14,i2401-C-700,i2401-C-700,46.3,0.0,0.0,0.0,10,46.2,47.0,10,46.7,48.0,48.0,46.3,12.0,55900.0,389
2023-05-10 21:20:14,i2401-C-700,i2401-C-700,46.3,0.0,0.0,0.0,10,46.2,47.0,20,46.7,48.0,48.0,46.3,12.0,55900.0,389
2023-05-10 21:20:16,i2401-C-700,i2401-C-700,46.3,0.0,0.0,0.0,20,46.2,47.0,20,46.7,48.0,48.0,46.3,12.0,55900.0,389
2023-05-10 21:20:17,i2401-C-700,i2401-C-700,46.3,0.0,0.0,0.0,20,46.2,47.0,10,46.7,48.0,48.0,46.3,12.0,55900.0,389
2023-05-10 21:20:18,i2401-C-700,i2401-C-700,46.3,0.0,0.0,0.0,30,46.2,47.0,10,46.7,48.0,48.0,46.3,12.0,55900.0,389
2023-05-10 21:20:25,i2401-C-700,i2401-C-700,46.3,0.0,0.0,0.0,20,46.2,47.0,10,46.7,48.0,48.0,46.3,12.0,55900.0,389
2023-05-10 21:20:26,i2401-C-700,i2401-C-700,46.3,0.0,0.0,0.0,10,46.2,47.0,10,46.7,48.0,48.0,46.3,12.0,55900.0,389
2023-05-10 21:20:28,i2401-C-700,i2401-C-700,46.3,0.0,0.0,0.0,20,46.2,47.0,10,46.7,48.0,48.0,46.3,12.0,55900.0,389
2023-05-10 21:20:37,i2401-C-700,i2401-C-700,46.3,0.0,0.0,0.0,10,46.2,47.0,10,46.7,48.0,48.0,46.3,12.0,55900.0,389
2023-05-10 21:20:49,i2401-C-700,i2401-C-700,46.3,0.0,0.0,0.0,22,46.0,46.9,20,46.7,48.0,48.0,46.3,12.0,55900.0,389
2023-05-10 21:20:51,i2401-C-700,i2401-C-700,46.3,0.0,0.0,0.0,32,46.0,46.9,20,46.7,48.0,48.0,46.3,12.0,55900.0,389
2023-05-10 21:21:07,i2401-C-700,i2401-C-700,46.3,0.0,0.0,0.0,42,46.0,46.9,10,46.7,48.0,48.0,46.3,12.0,55900.0,389
2023-05-10 21:21:08,i2401-C-700,i2401-C-700,46.3,0.0,0.0,0.0,52,46.0,46.9,10,46.7,48.0,48.0,46.3,12.0,55900.0,389
2023-05-10 21:21:32,i2401-C-700,i2401-C-700,46.3,0.0,0.0,0.0,32,46.0,46.9,10,46.7,48.0,48.0,46.3,12.0,55900.0,389
2023-05-10 21:21:33,i2401-C-700,i2401-C-700,46.3,0.0,0.0,0.0,32,46.0,46.9,20,46.7,48.0,48.0,46.3,12.0,55900.0,389
2023-05-10 21:21:33,i2401-C-700,i2401-C-700,46.3,0.0,0.0,0.0,42,46.0,46.9,20,46.7,48.0,48.0,46.3,12.0,55900.0,389
2023-05-10 21:21:36,i2401-C-700,i2401-C-700,46.3,0.0,0.0,0.0,22,46.0,46.9,20,46.7,48.0,48.0,46.3,12.0,55900.0,389
2023-05-10 21:21:38,i2401-C-700,i2401-C-700,46.3,0.0,0.0,0.0,22,46.0,46.9,30,46.7,48.0,48.0,46.3,12.0,55900.0,389
2023-05-10 21:21:39,i2401-C-700,i2401-C-700,46.3,0.0,0.0,0.0,22,46.0,46.8,10,46.7,48.0,48.0,46.3,12.0,55900.0,389
2023-05-10 21:21:40,i2401-C-700,i2401-C-700,46.3,0.0,0.0,0.0,22,46.0,46.8,20,46.7,48.0,48.0,46.3,12.0,55900.0,389
2023-05-10 21:21:44,i2401-C-700,i2401-C-700,46.3,0.0,0.0,0.0,12,46.0,46.8,20,46.7,48.0,48.0,46.3,12.0,55900.0,389
2023-05-10 21:21:44,i2401-C-700,i2401-C-700,46.3,0.0,0.0,0.0,12,46.0,46.7,10,46.7,48.0,48.0,46.3,12.0,55900.0,389
2023-05-10 21:21:48,i2401-C-700,i2401-C-700,46.3,0.0,0.0,0.0,2,46.0,46.7,10,46.7,48.0,48.0,46.3,12.0,55900.0,389
2023-05-10 21:22:02,i2401-C-700,i2401-C-700,46.3,0.0,0.0,0.0,2,46.0,46.7,20,46.7,48.0,48.0,46.3,12.0,55900.0,389
2023-05-10 21:22:03,i2401-C-700,i2401-C-700,46.3,0.0,0.0,0.0,2,46.0,46.5,10,46.7,48.0,48.0,46.3,12.0,55900.0,389
2023-05-10 21:22:04,i2401-C-700,i2401-C-700,46.3,0.0,0.0,0.0,2,46.0,46.4,10,46.7,48.0,48.0,46.3,12.0,55900.0,389
2023-05-10 21:22:11,i2401-C-700,i2401-C-700,46.3,0.0,0.0,0.0,2,46.0,46.3,10,46.7,48.0,48.0,46.3,12.0,55900.0,389
2023-05-10 21:22:19,i2401-C-700,i2401-C-700,46.3,10.0,46300.0,10.0,1,46.1,46.3,10,46.7,48.0,48.0,46.3,22.0,102200.0,399
2023-05-10 21:22:20,i2401-C-700,i2401-C-700,46.3,0.0,0.0,0.0,1,46.1,46.5,10,46.7,48.0,48.0,46.3,22.0,102200.0,399
2023-05-10 21:22:34,i2401-C-700,i2401-C-700,46.3,0.0,0.0,0.0,1,46.1,46.6,31,46.7,48.0,48.0,46.3,22.0,102200.0,399
2023-05-10 21:22:39,i2401-C-700,i2401-C-700,46.3,0.0,0.0,0.0,3,46.0,46.6,31,46.7,48.0,48.0,46.3,22.0,102200.0,399
2023-05-10 21:22:40,i2401-C-700,i2401-C-700,46.3,0.0,0.0,0.0,2,46.0,46.6,31,46.7,48.0,48.0,46.3,22.0,102200.0,399
2023-05-10 21:22:43,i2401-C-700,i2401-C-700,46.3,0.0,0.0,0.0,2,46.0,46.5,10,46.7,48.0,48.0,46.3,22.0,102200.0,399
2023-05-10 21:22:44,i2401-C-700,i2401-C-700,46.3,0.0,0.0,0.0,2,46.0,46.5,20,46.7,48.0,48.0,46.3,22.0,102200.0,399
2023-05-10 21:22:54,i2401-C-700,i2401-C-700,46.3,0.0,0.0,0.0,2,46.0,46.4,10,46.7,48.0,48.0,46.3,22.0,102200.0,399
2023-05-10 21:23:46,i2401-C-700,i2401-C-700,46.3,0.0,0.0,0.0,2,46.0,46.3,10,46.7,48.0,48.0,46.3,22.0,102200.0,399
2023-05-10 21:23:47,i2401-C-700,i2401-C-700,46.3,0.0,0.0,0.0,2,46.0,46.4,10,46.7,48.0,48.0,46.3,22.0,102200.0,399
2023-05-10 21:24:23,i2401-C-700,i2401-C-700,46.3,0.0,0.0,0.0,2,46.0,46.6,30,46.7,48.0,48.0,46.3,22.0,102200.0,399
2023-05-10 21:24:28,i2401-C-700,i2401-C-700,46.3,0.0,0.0,0.0,2,46.0,46.5,10,46.7,48.0,48.0,46.3,22.0,102200.0,399
2023-05-10 21:24:37,i2401-C-700,i2401-C-700,46.3,0.0,0.0,0.0,2,46.0,46.3,10,46.7,48.0,48.0,46.3,22.0,102200.0,399
2023-05-10 21:24:42,i2401-C-700,i2401-C-700,46.3,0.0,0.0,0.0,2,46.0,46.3,20,46.7,48.0,48.0,46.3,22.0,102200.0,399
2023-05-10 21:24:43,i2401-C-700,i2401-C-700,46.0,2.0,9200.0,0.0,1,45.7,46.2,1,46.7,48.0,48.0,46.0,24.0,111400.0,399
2023-05-10 21:24:44,i2401-C-700,i2401-C-700,46.0,0.0,0.0,0.0,1,45.7,46.3,20,46.7,48.0,48.0,46.0,24.0,111400.0,399
2023-05-10 21:24:45,i2401-C-700,i2401-C-700,46.0,0.0,0.0,0.0,1,45.7,46.3,10,46.7,48.0,48.0,46.0,24.0,111400.0,399
2023-05-10 21:24:46,i2401-C-700,i2401-C-700,46.0,0.0,0.0,0.0,1,45.7,46.4,11,46.7,48.0,48.0,46.0,24.0,111400.0,399
2023-05-10 21:25:14,i2401-C-700,i2401-C-700,46.0,0.0,0.0,0.0,10,45.8,46.6,30,46.7,48.0,48.0,46.0,24.0,111400.0,399
2023-05-10 21:25:14,i2401-C-700,i2401-C-700,46.0,0.0,0.0,0.0,11,45.7,46.5,10,46.7,48.0,48.0,46.0,24.0,111400.0,399
2023-05-10 21:25:16,i2401-C-700,i2401-C-700,46.0,0.0,0.0,0.0,11,45.7,46.5,20,46.7,48.0,48.0,46.0,24.0,111400.0,399
2023-05-10 21:25:17,i2401-C-700,i2401-C-700,46.0,0.0,0.0,0.0,11,45.7,46.5,10,46.7,48.0,48.0,46.0,24.0,111400.0,399
2023-05-10 21:25:20,i2401-C-700,i2401-C-700,46.0,0.0,0.0,0.0,21,45.7,46.5,10,46.7,48.0,48.0,46.0,24.0,111400.0,399
2023-05-10 21:25:23,i2401-C-700,i2401-C-700,46.0,0.0,0.0,0.0,11,45.7,46.5,10,46.7,48.0,48.0,46.0,24.0,111400.0,399
2023-05-10 21:25:37,i2401-C-700,i2401-C-700,46.0,0.0,0.0,0.0,21,45.7,46.5,10,46.7,48.0,48.0,46.0,24.0,111400.0,399
2023-05-10 21:25:48,i2401-C-700,i2401-C-700,46.0,0.0,0.0,0.0,11,45.7,46.5,10,46.7,48.0,48.0,46.0,24.0,111400.0,399
2023-05-10 21:25:50,i2401-C-700,i2401-C-700,46.0,0.0,0.0,0.0,11,45.7,46.5,20,46.7,48.0,48.0,46.0,24.0,111400.0,399
2023-05-10 21:25:55,i2401-C-700,i2401-C-700,46.0,0.0,0.0,0.0,1,45.7,46.4,10,46.7,48.0,48.0,46.0,24.0,111400.0,399
2023-05-10 21:26:05,i2401-C-700,i2401-C-700,46.0,0.0,0.0,0.0,11,45.7,46.6,10,46.7,48.0,48.0,46.0,24.0,111400.0,399
2023-05-10 21:26:07,i2401-C-700,i2401-C-700,46.0,0.0,0.0,0.0,21,45.7,46.6,10,46.7,48.0,48.0,46.0,24.0,111400.0,399
2023-05-10 21:26:07,i2401-C-700,i2401-C-700,46.0,0.0,0.0,0.0,31,45.7,46.6,10,46.7,48.0,48.0,46.0,24.0,111400.0,399
2023-05-10 21:26:34,i2401-C-700,i2401-C-700,46.0,0.0,0.0,0.0,21,45.7,46.6,10,46.7,48.0,48.0,46.0,24.0,111400.0,399
2023-05-10 21:26:44,i2401-C-700,i2401-C-700,46.0,0.0,0.0,0.0,31,45.7,46.6,10,46.7,48.0,48.0,46.0,24.0,111400.0,399
2023-05-10 21:26:46,i2401-C-700,i2401-C-700,46.0,0.0,0.0,0.0,21,45.7,46.6,10,46.7,48.0,48.0,46.0,24.0,111400.0,399
2023-05-10 21:26:48,i2401-C-700,i2401-C-700,46.0,0.0,0.0,0.0,31,45.7,46.6,10,46.7,48.0,48.0,46.0,24.0,111400.0,399
2023-05-10 21:27:04,i2401-C-700,i2401-C-700,46.0,0.0,0.0,0.0,11,45.8,46.7,30,46.7,48.0,48.0,46.0,24.0,111400.0,399
2023-05-10 21:27:04,i2401-C-700,i2401-C-700,46.0,0.0,0.0,0.0,10,46.0,46.7,10,46.7,48.0,48.0,46.0,24.0,111400.0,399
2023-05-10 21:27:04,i2401-C-700,i2401-C-700,46.0,0.0,0.0,0.0,10,46.2,47.0,10,46.7,48.0,48.0,46.0,24.0,111400.0,399
2023-05-10 21:27:05,i2401-C-700,i2401-C-700,46.0,0.0,0.0,0.0,20,46.1,46.9,10,46.7,48.0,48.0,46.0,24.0,111400.0,399
2023-05-10 21:27:06,i2401-C-700,i2401-C-700,46.0,0.0,0.0,0.0,40,46.0,46.8,10,46.7,48.0,48.0,46.0,24.0,111400.0,399
2023-05-10 21:27:13,i2401-C-700,i2401-C-700,46.0,0.0,0.0,0.0,10,46.1,46.8,10,46.7,48.0,48.0,46.0,24.0,111400.0,399
2023-05-10 21:27:13,i2401-C-700,i2401-C-700,46.0,0.0,0.0,0.0,20,46.1,47.0,10,46.7,48.0,48.0,46.0,24.0,111400.0,399
2023-05-10 21:27:24,i2401-C-700,i2401-C-700,46.0,0.0,0.0,0.0,10,46.1,47.0,20,46.7,48.0,48.0,46.0,24.0,111400.0,399
2023-05-10 21:27:25,i2401-C-700,i2401-C-700,46.0,0.0,0.0,0.0,30,46.0,46.7,10,46.7,48.0,48.0,46.0,24.0,111400.0,399
2023-05-10 21:27:34,i2401-C-700,i2401-C-700,46.0,0.0,0.0,0.0,40,46.0,46.8,10,46.7,48.0,48.0,46.0,24.0,111400.0,399
2023-05-10 21:28:49,i2401-C-700,i2401-C-700,46.0,0.0,0.0,0.0,30,46.0,46.8,20,46.7,48.0,48.0,46.0,24.0,111400.0,399
2023-05-10 21:28:50,i2401-C-700,i2401-C-700,46.0,0.0,0.0,0.0,30,46.0,46.8,10,46.7,48.0,48.0,46.0,24.0,111400.0,399
2023-05-10 21:28:50,i2401-C-700,i2401-C-700,46.0,0.0,0.0,0.0,30,46.0,46.9,20,46.7,48.0,48.0,46.0,24.0,111400.0,399
2023-05-10 21:28:56,i2401-C-700,i2401-C-700,46.0,0.0,0.0,0.0,20,46.0,46.7,10,46.7,48.0,48.0,46.0,24.0,111400.0,399
2023-05-10 21:29:01,i2401-C-700,i2401-C-700,46.0,0.0,0.0,0.0,31,45.8,46.7,20,46.7,48.0,48.0,46.0,24.0,111400.0,399
2023-05-10 21:29:01,i2401-C-700,i2401-C-700,46.0,0.0,0.0,0.0,21,45.8,46.7,20,46.7,48.0,48.0,46.0,24.0,111400.0,399
2023-05-10 21:29:02,i2401-C-700,i2401-C-700,46.0,0.0,0.0,0.0,11,45.8,46.7,30,46.7,48.0,48.0,46.0,24.0,111400.0,399
2023-05-10 21:29:04,i2401-C-700,i2401-C-700,46.0,0.0,0.0,0.0,21,45.8,46.7,30,46.7,48.0,48.0,46.0,24.0,111400.0,399
2023-05-10 21:29:04,i2401-C-700,i2401-C-700,46.0,0.0,0.0,0.0,11,45.8,46.7,30,46.7,48.0,48.0,46.0,24.0,111400.0,399
2023-05-10 21:29:09,i2401-C-700,i2401-C-700,46.0,0.0,0.0,0.0,1,45.8,46.5,20,46.7,48.0,48.0,46.0,24.0,111400.0,399
2023-05-10 21:29:14,i2401-C-700,i2401-C-700,46.0,0.0,0.0,0.0,10,45.7,46.4,10,46.7,48.0,48.0,46.0,24.0,111400.0,399
2023-05-10 21:29:17,i2401-C-700,i2401-C-700,46.0,0.0,0.0,0.0,20,45.7,46.4,10,46.7,48.0,48.0,46.0,24.0,111400.0,399
2023-05-10 21:29:19,i2401-C-700,i2401-C-700,46.0,0.0,0.0,0.0,10,45.7,46.4,10,46.7,48.0,48.0,46.0,24.0,111400.0,399
2023-05-10 21:29:21,i2401-C-700,i2401-C-700,46.0,0.0,0.0,0.0,10,45.6,46.4,10,46.7,48.0,48.0,46.0,24.0,111400.0,399
2023-05-10 21:29:31,i2401-C-700,i2401-C-700,46.0,0.0,0.0,0.0,20,45.5,46.3,10,46.7,48.0,48.0,46.0,24.0,111400.0,399
2023-05-10 21:29:35,i2401-C-700,i2401-C-700,46.0,0.0,0.0,0.0,30,45.5,46.3,10,46.7,48.0,48.0,46.0,24.0,111400.0,399
2023-05-10 21:29:37,i2401-C-700,i2401-C-700,46.0,0.0,0.0,0.0,20,45.5,46.3,10,46.7,48.0,48.0,46.0,24.0,111400.0,399
2023-05-10 21:29:38,i2401-C-700,i2401-C-700,46.0,0.0,0.0,0.0,30,45.5,46.3,10,46.7,48.0,48.0,46.0,24.0,111400.0,399
2023-05-10 21:29:40,i2401-C-700,i2401-C-700,46.0,0.0,0.0,0.0,20,45.5,46.3,10,46.7,48.0,48.0,46.0,24.0,111400.0,399
2023-05-10 21:29:52,i2401-C-700,i2401-C-700,46.0,0.0,0.0,0.0,10,45.5,46.3,20,46.7,48.0,48.0,46.0,24.0,111400.0,399
2023-05-10 21:30:01,i2401-C-700,i2401-C-700,46.0,0.0,0.0,0.0,10,45.5,46.3,10,46.7,48.0,48.0,46.0,24.0,111400.0,399
2023-05-10 21:30:04,i2401-C-700,i2401-C-700,46.0,0.0,0.0,0.0,10,45.7,46.4,10,46.7,48.0,48.0,46.0,24.0,111400.0,399
2023-05-10 21:30:06,i2401-C-700,i2401-C-700,46.0,0.0,0.0,0.0,10,45.6,46.4,20,46.7,48.0,48.0,46.0,24.0,111400.0,399
2023-05-10 21:30:30,i2401-C-700,i2401-C-700,46.0,0.0,0.0,0.0,20,45.5,46.3,10,46.7,48.0,48.0,46.0,24.0,111400.0,399
2023-05-10 21:30:33,i2401-C-700,i2401-C-700,46.0,0.0,0.0,0.0,10,45.5,46.3,10,46.7,48.0,48.0,46.0,24.0,111400.0,399
2023-05-10 21:30:34,i2401-C-700,i2401-C-700,46.0,0.0,0.0,0.0,10,45.4,46.2,10,46.7,48.0,48.0,46.0,24.0,111400.0,399
2023-05-10 21:30:34,i2401-C-700,i2401-C-700,46.0,0.0,0.0,0.0,40,45.3,46.2,10,46.7,48.0,48.0,46.0,24.0,111400.0,399
2023-05-10 21:30:35,i2401-C-700,i2401-C-700,46.0,0.0,0.0,0.0,10,45.3,46.1,10,46.7,48.0,48.0,46.0,24.0,111400.0,399
2023-05-10 21:30:44,i2401-C-700,i2401-C-700,46.0,0.0,0.0,0.0,11,45.2,46.1,10,46.7,48.0,48.0,46.0,24.0,111400.0,399
2023-05-10 21:30:55,i2401-C-700,i2401-C-700,46.0,0.0,0.0,0.0,21,45.2,46.1,10,46.7,48.0,48.0,46.0,24.0,111400.0,399
2023-05-10 21:30:56,i2401-C-700,i2401-C-700,46.0,0.0,0.0,0.0,10,45.5,46.3,20,46.7,48.0,48.0,46.0,24.0,111400.0,399
2023-05-10 21:31:01,i2401-C-700,i2401-C-700,46.0,0.0,0.0,0.0,10,45.4,46.2,10,46.7,48.0,48.0,46.0,24.0,111400.0,399
2023-05-10 21:31:08,i2401-C-700,i2401-C-700,46.0,0.0,0.0,0.0,20,45.4,46.2,10,46.7,48.0,48.0,46.0,24.0,111400.0,399
2023-05-10 21:31:08,i2401-C-700,i2401-C-700,46.0,0.0,0.0,0.0,10,45.4,46.2,10,46.7,48.0,48.0,46.0,24.0,111400.0,399
2023-05-10 21:31:09,i2401-C-700,i2401-C-700,46.0,0.0,0.0,0.0,21,45.2,46.1,10,46.7,48.0,48.0,46.0,24.0,111400.0,399
2023-05-10 21:31:11,i2401-C-700,i2401-C-700,46.0,0.0,0.0,0.0,11,45.2,46.1,10,46.7,48.0,48.0,46.0,24.0,111400.0,399
2023-05-10 21:31:16,i2401-C-700,i2401-C-700,46.0,0.0,0.0,0.0,10,45.3,46.2,30,46.7,48.0,48.0,46.0,24.0,111400.0,399
2023-05-10 21:31:20,i2401-C-700,i2401-C-700,46.0,0.0,0.0,0.0,20,45.3,46.2,30,46.7,48.0,48.0,46.0,24.0,111400.0,399
2023-05-10 21:31:32,i2401-C-700,i2401-C-700,46.0,0.0,0.0,0.0,20,45.3,46.2,20,46.7,48.0,48.0,46.0,24.0,111400.0,399
2023-05-10 21:31:34,i2401-C-700,i2401-C-700,46.0,0.0,0.0,0.0,20,45.3,46.2,10,46.7,48.0,48.0,46.0,24.0,111400.0,399
2023-05-10 21:31:40,i2401-C-700,i2401-C-700,46.0,0.0,0.0,0.0,10,45.3,46.2,20,46.7,48.0,48.0,46.0,24.0,111400.0,399
2023-05-10 21:31:42,i2401-C-700,i2401-C-700,46.0,0.0,0.0,0.0,20,45.3,46.2,20,46.7,48.0,48.0,46.0,24.0,111400.0,399
2023-05-10 21:32:28,i2401-C-700,i2401-C-700,46.0,0.0,0.0,0.0,30,45.3,46.2,20,46.7,48.0,48.0,46.0,24.0,111400.0,399
2023-05-10 21:32:29,i2401-C-700,i2401-C-700,46.0,0.0,0.0,0.0,20,45.3,46.2,20,46.7,48.0,48.0,46.0,24.0,111400.0,399
2023-05-10 21:32:51,i2401-C-700,i2401-C-700,46.0,0.0,0.0,0.0,11,45.2,46.0,10,46.7,48.0,48.0,46.0,24.0,111400.0,399
2023-05-10 21:32:52,i2401-C-700,i2401-C-700,46.0,0.0,0.0,0.0,11,45.2,46.0,20,46.7,48.0,48.0,46.0,24.0,111400.0,399
2023-05-10 21:32:52,i2401-C-700,i2401-C-700,46.0,0.0,0.0,0.0,21,45.2,46.0,20,46.7,48.0,48.0,46.0,24.0,111400.0,399
2023-05-10 21:32:59,i2401-C-700,i2401-C-700,46.0,0.0,0.0,0.0,11,45.2,45.9,10,46.7,48.0,48.0,46.0,24.0,111400.0,399
2023-05-10 21:33:00,i2401-C-700,i2401-C-700,46.0,0.0,0.0,0.0,1,45.2,45.9,10,46.7,48.0,48.0,46.0,24.0,111400.0,399
2023-05-10 21:33:07,i2401-C-700,i2401-C-700,46.0,0.0,0.0,0.0,20,45.1,45.9,10,46.7,48.0,48.0,46.0,24.0,111400.0,399
2023-05-10 21:33:10,i2401-C-700,i2401-C-700,46.0,0.0,0.0,0.0,10,45.1,45.9,10,46.7,48.0,48.0,46.0,24.0,111400.0,399
2023-05-10 21:33:19,i2401-C-700,i2401-C-700,46.0,0.0,0.0,0.0,50,45.0,45.8,10,46.7,48.0,48.0,46.0,24.0,111400.0,399
2023-05-10 21:33:22,i2401-C-700,i2401-C-700,46.0,0.0,0.0,0.0,40,45.0,45.8,10,46.7,48.0,48.0,46.0,24.0,111400.0,399
2023-05-10 21:33:22,i2401-C-700,i2401-C-700,46.0,0.0,0.0,0.0,60,45.0,45.8,10,46.7,48.0,48.0,46.0,24.0,111400.0,399
2023-05-10 21:33:24,i2401-C-700,i2401-C-700,46.0,0.0,0.0,0.0,50,45.0,45.8,10,46.7,48.0,48.0,46.0,24.0,111400.0,399
2023-05-10 21:33:26,i2401-C-700,i2401-C-700,46.0,0.0,0.0,0.0,50,45.0,46.0,20,46.7,48.0,48.0,46.0,24.0,111400.0,399
2023-05-10 21:33:29,i2401-C-700,i2401-C-700,46.0,0.0,0.0,0.0,30,45.2,46.1,10,46.7,48.0,48.0,46.0,24.0,111400.0,399
2023-05-10 21:33:39,i2401-C-700,i2401-C-700,46.0,0.0,0.0,0.0,40,45.2,46.1,20,46.7,48.0,48.0,46.0,24.0,111400.0,399
2023-05-10 21:33:39,i2401-C-700,i2401-C-700,46.0,0.0,0.0,0.0,30,45.2,46.1,30,46.7,48.0,48.0,46.0,24.0,111400.0,399
2023-05-10 21:33:40,i2401-C-700,i2401-C-700,46.0,0.0,0.0,0.0,20,45.2,46.1,30,46.7,48.0,48.0,46.0,24.0,111400.0,399
2023-05-10 21:33:48,i2401-C-700,i2401-C-700,46.0,0.0,0.0,0.0,20,45.2,46.1,20,46.7,48.0,48.0,46.0,24.0,111400.0,399
2023-05-10 21:33:49,i2401-C-700,i2401-C-700,46.0,0.0,0.0,0.0,30,45.2,46.1,10,46.7,48.0,48.0,46.0,24.0,111400.0,399
2023-05-10 21:33:49,i2401-C-700,i2401-C-700,46.0,0.0,0.0,0.0,20,45.2,46.1,10,46.7,48.0,48.0,46.0,24.0,111400.0,399
2023-05-10 21:33:50,i2401-C-700,i2401-C-700,46.0,0.0,0.0,0.0,30,45.2,46.1,10,46.7,48.0,48.0,46.0,24.0,111400.0,399
2023-05-10 21:33:50,i2401-C-700,i2401-C-700,46.0,0.0,0.0,0.0,40,45.2,46.1,10,46.7,48.0,48.0,46.0,24.0,111400.0,399
2023-05-10 21:33:55,i2401-C-700,i2401-C-700,46.0,0.0,0.0,0.0,30,45.2,46.1,10,46.7,48.0,48.0,46.0,24.0,111400.0,399
2023-05-10 21:34:30,i2401-C-700,i2401-C-700,46.0,0.0,0.0,0.0,10,45.3,46.2,10,46.7,48.0,48.0,46.0,24.0,111400.0,399
2023-05-10 21:35:11,i2401-C-700,i2401-C-700,46.0,0.0,0.0,0.0,20,45.3,46.2,10,46.7,48.0,48.0,46.0,24.0,111400.0,399
2023-05-10 21:35:14,i2401-C-700,i2401-C-700,46.0,0.0,0.0,0.0,10,45.3,46.2,10,46.7,48.0,48.0,46.0,24.0,111400.0,399
2023-05-10 21:35:55,i2401-C-700,i2401-C-700,46.0,0.0,0.0,0.0,10,45.3,46.2,20,46.7,48.0,48.0,46.0,24.0,111400.0,399
2023-05-10 21:36:04,i2401-C-700,i2401-C-700,46.0,0.0,0.0,0.0,10,45.3,46.2,30,46.7,48.0,48.0,46.0,24.0,111400.0,399
2023-05-10 21:36:05,i2401-C-700,i2401-C-700,46.0,0.0,0.0,0.0,10,45.3,46.2,20,46.7,48.0,48.0,46.0,24.0,111400.0,399
2023-05-10 21:36:07,i2401-C-700,i2401-C-700,46.0,0.0,0.0,0.0,40,45.2,46.1,10,46.7,48.0,48.0,46.0,24.0,111400.0,399
2023-05-10 21:36:11,i2401-C-700,i2401-C-700,46.0,0.0,0.0,0.0,20,45.2,46.0,10,46.7,48.0,48.0,46.0,24.0,111400.0,399
2023-05-10 21:36:11,i2401-C-700,i2401-C-700,46.0,0.0,0.0,0.0,1,45.1,46.0,10,46.7,48.0,48.0,46.0,24.0,111400.0,399
2023-05-10 21:36:22,i2401-C-700,i2401-C-700,46.0,0.0,0.0,0.0,1,45.1,45.9,10,46.7,48.0,48.0,46.0,24.0,111400.0,399
2023-05-10 21:36:43,i2401-C-700,i2401-C-700,46.0,0.0,0.0,0.0,11,45.1,45.9,10,46.7,48.0,48.0,46.0,24.0,111400.0,399
2023-05-10 21:36:44,i2401-C-700,i2401-C-700,46.0,0.0,0.0,0.0,1,45.1,45.9,10,46.7,48.0,48.0,46.0,24.0,111400.0,399
2023-05-10 21:36:46,i2401-C-700,i2401-C-700,46.0,0.0,0.0,0.0,10,45.3,45.9,10,46.7,48.0,48.0,46.0,24.0,111400.0,399
2023-05-10 21:36:47,i2401-C-700,i2401-C-700,46.0,0.0,0.0,0.0,10,45.3,46.1,10,46.7,48.0,48.0,46.0,24.0,111400.0,399
2023-05-10 21:36:47,i2401-C-700,i2401-C-700,46.0,0.0,0.0,0.0,10,45.3,46.2,20,46.7,48.0,48.0,46.0,24.0,111400.0,399
2023-05-10 21:36:49,i2401-C-700,i2401-C-700,46.0,0.0,0.0,0.0,20,45.3,46.2,20,46.7,48.0,48.0,46.0,24.0,111400.0,399
2023-05-10 21:37:01,i2401-C-700,i2401-C-700,46.0,0.0,0.0,0.0,30,45.3,46.2,20,46.7,48.0,48.0,46.0,24.0,111400.0,399
2023-05-10 21:37:01,i2401-C-700,i2401-C-700,46.0,0.0,0.0,0.0,30,45.3,46.2,10,46.7,48.0,48.0,46.0,24.0,111400.0,399
2023-05-10 21:37:02,i2401-C-700,i2401-C-700,46.0,0.0,0.0,0.0,10,45.4,46.2,10,46.7,48.0,48.0,46.0,24.0,111400.0,399
2023-05-10 21:37:03,i2401-C-700,i2401-C-700,46.0,0.0,0.0,0.0,20,45.5,46.4,20,46.7,48.0,48.0,46.0,24.0,111400.0,399
2023-05-10 21:37:03,i2401-C-700,i2401-C-700,46.0,0.0,0.0,0.0,10,45.7,46.4,20,46.7,48.0,48.0,46.0,24.0,111400.0,399
2023-05-10 21:37:03,i2401-C-700,i2401-C-700,46.0,0.0,0.0,0.0,10,45.7,46.4,10,46.7,48.0,48.0,46.0,24.0,111400.0,399
2023-05-10 21:37:04,i2401-C-700,i2401-C-700,46.0,0.0,0.0,0.0,20,45.5,46.4,10,46.7,48.0,48.0,46.0,24.0,111400.0,399
2023-05-10 21:37:05,i2401-C-700,i2401-C-700,46.0,0.0,0.0,0.0,30,45.5,46.4,10,46.7,48.0,48.0,46.0,24.0,111400.0,399
2023-05-10 21:37:12,i2401-C-700,i2401-C-700,46.0,0.0,0.0,0.0,10,45.8,46.5,1,46.7,48.0,48.0,46.0,24.0,111400.0,399
2023-05-10 21:37:13,i2401-C-700,i2401-C-700,46.0,0.0,0.0,0.0,10,45.7,46.5,1,46.7,48.0,48.0,46.0,24.0,111400.0,399
2023-05-10 21:37:13,i2401-C-700,i2401-C-700,46.0,0.0,0.0,0.0,20,45.6,46.5,11,46.7,48.0,48.0,46.0,24.0,111400.0,399
2023-05-10 21:37:14,i2401-C-700,i2401-C-700,46.0,0.0,0.0,0.0,10,45.6,46.5,11,46.7,48.0,48.0,46.0,24.0,111400.0,399
2023-05-10 21:37:15,i2401-C-700,i2401-C-700,46.0,0.0,0.0,0.0,20,45.6,46.5,11,46.7,48.0,48.0,46.0,24.0,111400.0,399
2023-05-10 21:37:23,i2401-C-700,i2401-C-700,46.0,0.0,0.0,0.0,10,45.7,46.5,11,46.7,48.0,48.0,46.0,24.0,111400.0,399
2023-05-10 21:37:26,i2401-C-700,i2401-C-700,46.0,0.0,0.0,0.0,20,45.7,46.5,11,46.7,48.0,48.0,46.0,24.0,111400.0,399
2023-05-10 21:37:29,i2401-C-700,i2401-C-700,46.0,0.0,0.0,0.0,10,45.7,46.5,11,46.7,48.0,48.0,46.0,24.0,111400.0,399
2023-05-10 21:37:30,i2401-C-700,i2401-C-700,46.0,0.0,0.0,0.0,20,45.7,46.5,11,46.7,48.0,48.0,46.0,24.0,111400.0,399
2023-05-10 21:37:37,i2401-C-700,i2401-C-700,46.0,0.0,0.0,0.0,10,45.7,46.5,11,46.7,48.0,48.0,46.0,24.0,111400.0,399
2023-05-10 21:37:39,i2401-C-700,i2401-C-700,46.0,0.0,0.0,0.0,20,45.7,46.5,11,46.7,48.0,48.0,46.0,24.0,111400.0,399
2023-05-10 21:37:40,i2401-C-700,i2401-C-700,46.0,0.0,0.0,0.0,10,45.7,46.5,11,46.7,48.0,48.0,46.0,24.0,111400.0,399
2023-05-10 21:37:43,i2401-C-700,i2401-C-700,46.0,0.0,0.0,0.0,20,45.6,46.5,11,46.7,48.0,48.0,46.0,24.0,111400.0,399
2023-05-10 21:37:43,i2401-C-700,i2401-C-700,46.0,0.0,0.0,0.0,10,45.6,46.5,11,46.7,48.0,48.0,46.0,24.0,111400.0,399
2023-05-10 21:37:44,i2401-C-700,i2401-C-700,46.0,0.0,0.0,0.0,30,45.5,46.4,10,46.7,48.0,48.0,46.0,24.0,111400.0,399
2023-05-10 21:37:44,i2401-C-700,i2401-C-700,46.0,0.0,0.0,0.0,20,45.5,46.4,10,46.7,48.0,48.0,46.0,24.0,111400.0,399
2023-05-10 21:37:46,i2401-C-700,i2401-C-700,46.0,0.0,0.0,0.0,10,45.5,46.4,20,46.7,48.0,48.0,46.0,24.0,111400.0,399
2023-05-10 21:38:00,i2401-C-700,i2401-C-700,46.0,0.0,0.0,0.0,10,45.5,46.2,10,46.7,48.0,48.0,46.0,24.0,111400.0,399
2023-05-10 21:38:01,i2401-C-700,i2401-C-700,46.0,0.0,0.0,0.0,30,45.4,46.2,20,46.7,48.0,48.0,46.0,24.0,111400.0,399
2023-05-10 21:38:01,i2401-C-700,i2401-C-700,46.0,0.0,0.0,0.0,20,45.4,46.2,20,46.7,48.0,48.0,46.0,24.0,111400.0,399
2023-05-10 21:38:05,i2401-C-700,i2401-C-700,46.0,0.0,0.0,0.0,10,45.4,46.2,20,46.7,48.0,48.0,46.0,24.0,111400.0,399
2023-05-10 21:38:06,i2401-C-700,i2401-C-700,46.0,0.0,0.0,0.0,10,45.4,46.2,30,46.7,48.0,48.0,46.0,24.0,111400.0,399
2023-05-10 21:38:12,i2401-C-700,i2401-C-700,46.0,0.0,0.0,0.0,10,45.4,46.0,10,46.7,48.0,48.0,46.0,24.0,111400.0,399
2023-05-10 21:38:13,i2401-C-700,i2401-C-700,46.0,0.0,0.0,0.0,20,45.2,46.0,20,46.7,48.0,48.0,46.0,24.0,111400.0,399
2023-05-10 21:38:13,i2401-C-700,i2401-C-700,46.0,0.0,0.0,0.0,11,45.1,45.8,10,46.7,48.0,48.0,46.0,24.0,111400.0,399
2023-05-10 21:38:14,i2401-C-700,i2401-C-700,46.0,0.0,0.0,0.0,1,45.1,45.8,10,46.7,48.0,48.0,46.0,24.0,111400.0,399
2023-05-10 21:38:24,i2401-C-700,i2401-C-700,46.0,0.0,0.0,0.0,10,45.2,46.0,20,46.7,48.0,48.0,46.0,24.0,111400.0,399
2023-05-10 21:38:26,i2401-C-700,i2401-C-700,46.0,0.0,0.0,0.0,20,45.2,46.0,20,46.7,48.0,48.0,46.0,24.0,111400.0,399
2023-05-10 21:38:31,i2401-C-700,i2401-C-700,46.0,0.0,0.0,0.0,10,45.2,45.8,10,46.7,48.0,48.0,46.0,24.0,111400.0,399
2023-05-10 21:38:31,i2401-C-700,i2401-C-700,46.0,0.0,0.0,0.0,1,45.1,45.8,10,46.7,48.0,48.0,46.0,24.0,111400.0,399
2023-05-10 21:38:46,i2401-C-700,i2401-C-700,46.0,0.0,0.0,0.0,1,45.1,45.9,10,46.7,48.0,48.0,46.0,24.0,111400.0,399
2023-05-10 21:38:53,i2401-C-700,i2401-C-700,46.0,0.0,0.0,0.0,50,45.0,45.9,10,46.7,48.0,48.0,46.0,24.0,111400.0,399
2023-05-10 21:38:54,i2401-C-700,i2401-C-700,46.0,0.0,0.0,0.0,50,45.0,45.4,10,46.7,48.0,48.0,46.0,24.0,111400.0,399
2023-05-10 21:38:54,i2401-C-700,i2401-C-700,46.0,0.0,0.0,0.0,40,45.0,45.6,10,46.7,48.0,48.0,46.0,24.0,111400.0,399
2023-05-10 21:38:54,i2401-C-700,i2401-C-700,46.0,0.0,0.0,0.0,40,45.0,45.8,10,46.7,48.0,48.0,46.0,24.0,111400.0,399
2023-05-10 21:38:58,i2401-C-700,i2401-C-700,46.0,0.0,0.0,0.0,50,45.0,45.9,20,46.7,48.0,48.0,46.0,24.0,111400.0,399
2023-05-10 21:39:00,i2401-C-700,i2401-C-700,46.0,0.0,0.0,0.0,40,45.0,45.9,20,46.7,48.0,48.0,46.0,24.0,111400.0,399
2023-05-10 21:39:02,i2401-C-700,i2401-C-700,46.0,0.0,0.0,0.0,50,45.0,45.9,20,46.7,48.0,48.0,46.0,24.0,111400.0,399
2023-05-10 21:39:02,i2401-C-700,i2401-C-700,46.0,0.0,0.0,0.0,40,45.0,45.9,30,46.7,48.0,48.0,46.0,24.0,111400.0,399
2023-05-10 21:39:03,i2401-C-700,i2401-C-700,46.0,0.0,0.0,0.0,30,45.0,45.7,10,46.7,48.0,48.0,46.0,24.0,111400.0,399
2023-05-10 21:39:03,i2401-C-700,i2401-C-700,46.0,0.0,0.0,0.0,20,45.0,45.7,10,46.7,48.0,48.0,46.0,24.0,111400.0,399
2023-05-10 21:39:31,i2401-C-700,i2401-C-700,46.0,0.0,0.0,0.0,20,44.8,45.7,10,46.7,48.0,48.0,46.0,24.0,111400.0,399
2023-05-10 21:39:31,i2401-C-700,i2401-C-700,46.0,0.0,0.0,0.0,20,44.8,45.6,10,46.7,48.0,48.0,46.0,24.0,111400.0,399
2023-05-10 21:39:35,i2401-C-700,i2401-C-700,46.0,0.0,0.0,0.0,30,44.8,45.6,10,46.7,48.0,48.0,46.0,24.0,111400.0,399
2023-05-10 21:39:36,i2401-C-700,i2401-C-700,46.0,0.0,0.0,0.0,20,44.8,45.6,20,46.7,48.0,48.0,46.0,24.0,111400.0,399
2023-05-10 21:39:42,i2401-C-700,i2401-C-700,46.0,0.0,0.0,0.0,50,44.6,45.5,10,46.7,48.0,48.0,46.0,24.0,111400.0,399
2023-05-10 21:39:44,i2401-C-700,i2401-C-700,46.0,0.0,0.0,0.0,60,44.6,45.5,10,46.7,48.0,48.0,46.0,24.0,111400.0,399
2023-05-10 21:39:53,i2401-C-700,i2401-C-700,46.0,0.0,0.0,0.0,50,44.6,45.5,10,46.7,48.0,48.0,46.0,24.0,111400.0,399
2023-05-10 21:40:00,i2401-C-700,i2401-C-700,46.0,0.0,0.0,0.0,60,44.6,45.5,10,46.7,48.0,48.0,46.0,24.0,111400.0,399
2023-05-10 21:40:02,i2401-C-700,i2401-C-700,46.0,0.0,0.0,0.0,50,44.6,45.5,20,46.7,48.0,48.0,46.0,24.0,111400.0,399
2023-05-10 21:40:03,i2401-C-700,i2401-C-700,46.0,0.0,0.0,0.0,40,44.6,45.5,20,46.7,48.0,48.0,46.0,24.0,111400.0,399
2023-05-10 21:40:04,i2401-C-700,i2401-C-700,46.0,0.0,0.0,0.0,10,44.7,45.5,10,46.7,48.0,48.0,46.0,24.0,111400.0,399
2023-05-10 21:40:05,i2401-C-700,i2401-C-700,46.0,0.0,0.0,0.0,10,44.7,45.6,10,46.7,48.0,48.0,46.0,24.0,111400.0,399
2023-05-10 21:40:05,i2401-C-700,i2401-C-700,46.0,0.0,0.0,0.0,20,44.7,45.6,10,46.7,48.0,48.0,46.0,24.0,111400.0,399
2023-05-10 21:40:06,i2401-C-700,i2401-C-700,46.0,0.0,0.0,0.0,30,44.7,45.7,20,46.7,48.0,48.0,46.0,24.0,111400.0,399
2023-05-10 21:40:06,i2401-C-700,i2401-C-700,46.0,0.0,0.0,0.0,20,44.9,45.7,10,46.7,48.0,48.0,46.0,24.0,111400.0,399
2023-05-10 21:40:08,i2401-C-700,i2401-C-700,46.0,0.0,0.0,0.0,30,44.9,45.7,10,46.7,48.0,48.0,46.0,24.0,111400.0,399
2023-05-10 21:40:15,i2401-C-700,i2401-C-700,46.0,0.0,0.0,0.0,20,44.9,45.7,10,46.7,48.0,48.0,46.0,24.0,111400.0,399
2023-05-10 21:40:19,i2401-C-700,i2401-C-700,46.0,0.0,0.0,0.0,20,44.9,45.9,30,46.7,48.0,48.0,46.0,24.0,111400.0,399
2023-05-10 21:40:27,i2401-C-700,i2401-C-700,46.0,0.0,0.0,0.0,20,44.9,45.9,40,46.7,48.0,48.0,46.0,24.0,111400.0,399
2023-05-10 21:40:28,i2401-C-700,i2401-C-700,46.0,0.0,0.0,0.0,10,44.9,45.7,10,46.7,48.0,48.0,46.0,24.0,111400.0,399
2023-05-10 21:40:29,i2401-C-700,i2401-C-700,46.0,0.0,0.0,0.0,10,44.8,45.5,10,46.7,48.0,48.0,46.0,24.0,111400.0,399
2023-05-10 21:40:29,i2401-C-700,i2401-C-700,46.0,0.0,0.0,0.0,10,44.7,45.5,10,46.7,48.0,48.0,46.0,24.0,111400.0,399
2023-05-10 21:40:33,i2401-C-700,i2401-C-700,46.0,0.0,0.0,0.0,20,44.7,45.5,10,46.7,48.0,48.0,46.0,24.0,111400.0,399
2023-05-10 21:40:35,i2401-C-700,i2401-C-700,46.0,0.0,0.0,0.0,10,44.7,45.5,10,46.7,48.0,48.0,46.0,24.0,111400.0,399
2023-05-10 21:40:37,i2401-C-700,i2401-C-700,46.0,0.0,0.0,0.0,50,44.6,45.5,10,46.7,48.0,48.0,46.0,24.0,111400.0,399
2023-05-10 21:40:46,i2401-C-700,i2401-C-700,46.0,0.0,0.0,0.0,40,44.6,45.5,10,46.7,48.0,48.0,46.0,24.0,111400.0,399
2023-05-10 21:40:47,i2401-C-700,i2401-C-700,46.0,0.0,0.0,0.0,30,44.6,45.4,10,46.7,48.0,48.0,46.0,24.0,111400.0,399
2023-05-10 21:41:32,i2401-C-700,i2401-C-700,46.0,0.0,0.0,0.0,10,44.6,45.4,10,46.7,48.0,48.0,46.0,24.0,111400.0,399
2023-05-10 21:41:33,i2401-C-700,i2401-C-700,46.0,0.0,0.0,0.0,10,44.6,45.4,30,46.7,48.0,48.0,46.0,24.0,111400.0,399
2023-05-10 21:41:33,i2401-C-700,i2401-C-700,46.0,0.0,0.0,0.0,10,44.6,45.4,40,46.7,48.0,48.0,46.0,24.0,111400.0,399
2023-05-10 21:41:35,i2401-C-700,i2401-C-700,46.0,0.0,0.0,0.0,10,44.6,45.4,30,46.7,48.0,48.0,46.0,24.0,111400.0,399
2023-05-10 21:41:44,i2401-C-700,i2401-C-700,46.0,0.0,0.0,0.0,11,44.5,45.4,30,46.7,48.0,48.0,46.0,24.0,111400.0,399
2023-05-10 21:41:54,i2401-C-700,i2401-C-700,46.0,0.0,0.0,0.0,11,44.5,45.2,10,46.7,48.0,48.0,46.0,24.0,111400.0,399
2023-05-10 21:41:56,i2401-C-700,i2401-C-700,46.0,0.0,0.0,0.0,1,44.5,45.1,10,46.7,48.0,48.0,46.0,24.0,111400.0,399
2023-05-10 21:41:56,i2401-C-700,i2401-C-700,46.0,0.0,0.0,0.0,30,44.2,45.0,10,46.7,48.0,48.0,46.0,24.0,111400.0,399
2023-05-10 21:41:58,i2401-C-700,i2401-C-700,46.0,0.0,0.0,0.0,40,44.2,45.0,10,46.7,48.0,48.0,46.0,24.0,111400.0,399
2023-05-10 21:41:58,i2401-C-700,i2401-C-700,46.0,0.0,0.0,0.0,30,44.2,45.0,10,46.7,48.0,48.0,46.0,24.0,111400.0,399
2023-05-10 21:41:59,i2401-C-700,i2401-C-700,46.0,0.0,0.0,0.0,40,44.2,45.0,10,46.7,48.0,48.0,46.0,24.0,111400.0,399
2023-05-10 21:42:01,i2401-C-700,i2401-C-700,46.0,0.0,0.0,0.0,40,44.2,45.1,10,46.7,48.0,48.0,46.0,24.0,111400.0,399
2023-05-10 21:42:01,i2401-C-700,i2401-C-700,46.0,0.0,0.0,0.0,10,44.2,44.9,10,46.7,48.0,48.0,46.0,24.0,111400.0,399
2023-05-10 21:42:02,i2401-C-700,i2401-C-700,46.0,0.0,0.0,0.0,20,44.2,44.9,10,46.7,48.0,48.0,46.0,24.0,111400.0,399
2023-05-10 21:42:06,i2401-C-700,i2401-C-700,46.0,0.0,0.0,0.0,20,44.2,45.0,20,46.7,48.0,48.0,46.0,24.0,111400.0,399
2023-05-10 21:42:06,i2401-C-700,i2401-C-700,46.0,0.0,0.0,0.0,20,44.2,45.0,10,46.7,48.0,48.0,46.0,24.0,111400.0,399
2023-05-10 21:42:08,i2401-C-700,i2401-C-700,46.0,0.0,0.0,0.0,20,44.2,45.0,20,46.7,48.0,48.0,46.0,24.0,111400.0,399
2023-05-10 21:42:12,i2401-C-700,i2401-C-700,46.0,0.0,0.0,0.0,30,43.9,44.9,20,46.7,48.0,48.0,46.0,24.0,111400.0,399
2023-05-10 21:42:13,i2401-C-700,i2401-C-700,46.0,0.0,0.0,0.0,10,44.1,44.9,10,46.7,48.0,48.0,46.0,24.0,111400.0,399
2023-05-10 21:42:15,i2401-C-700,i2401-C-700,46.0,0.0,0.0,0.0,30,43.9,44.9,20,46.7,48.0,48.0,46.0,24.0,111400.0,399
2023-05-10 21:42:17,i2401-C-700,i2401-C-700,46.0,0.0,0.0,0.0,40,43.9,44.9,20,46.7,48.0,48.0,46.0,24.0,111400.0,399
2023-05-10 21:42:23,i2401-C-700,i2401-C-700,46.0,0.0,0.0,0.0,2,44.1,44.9,20,46.7,48.0,48.0,46.0,24.0,111400.0,399
2023-05-10 21:42:25,i2401-C-700,i2401-C-700,46.0,0.0,0.0,0.0,2,44.1,44.8,10,46.7,48.0,48.0,46.0,24.0,111400.0,399
2023-05-10 21:42:27,i2401-C-700,i2401-C-700,46.0,0.0,0.0,0.0,2,44.1,44.7,10,46.7,48.0,48.0,46.0,24.0,111400.0,399
2023-05-10 21:42:27,i2401-C-700,i2401-C-700,46.0,0.0,0.0,0.0,2,44.1,44.6,10,46.7,48.0,48.0,46.0,24.0,111400.0,399
2023-05-10 21:42:33,i2401-C-700,i2401-C-700,46.0,0.0,0.0,0.0,2,44.1,44.7,30,46.7,48.0,48.0,46.0,24.0,111400.0,399
2023-05-10 21:42:33,i2401-C-700,i2401-C-700,46.0,0.0,0.0,0.0,2,44.1,44.7,20,46.7,48.0,48.0,46.0,24.0,111400.0,399
2023-05-10 21:42:36,i2401-C-700,i2401-C-700,46.0,0.0,0.0,0.0,2,44.1,44.6,10,46.7,48.0,48.0,46.0,24.0,111400.0,399
2023-05-10 21:42:54,i2401-C-700,i2401-C-700,46.0,0.0,0.0,0.0,2,44.1,44.6,20,46.7,48.0,48.0,46.0,24.0,111400.0,399
2023-05-10 21:43:00,i2401-C-700,i2401-C-700,46.0,0.0,0.0,0.0,2,44.1,44.6,10,46.7,48.0,48.0,46.0,24.0,111400.0,399
2023-05-10 21:43:12,i2401-C-700,i2401-C-700,46.0,0.0,0.0,0.0,2,44.3,44.6,10,46.7,48.0,48.0,46.0,24.0,111400.0,399
2023-05-10 21:43:19,i2401-C-700,i2401-C-700,46.0,0.0,0.0,0.0,2,44.3,44.7,20,46.7,48.0,48.0,46.0,24.0,111400.0,399
2023-05-10 21:43:20,i2401-C-700,i2401-C-700,46.0,0.0,0.0,0.0,2,44.3,44.7,10,46.7,48.0,48.0,46.0,24.0,111400.0,399
2023-05-10 21:43:20,i2401-C-700,i2401-C-700,46.0,0.0,0.0,0.0,2,44.3,44.9,10,46.7,48.0,48.0,46.0,24.0,111400.0,399
2023-05-10 21:43:28,i2401-C-700,i2401-C-700,46.0,0.0,0.0,0.0,2,44.3,44.8,10,46.7,48.0,48.0,46.0,24.0,111400.0,399
2023-05-10 21:43:33,i2401-C-700,i2401-C-700,46.0,0.0,0.0,0.0,2,44.3,44.7,10,46.7,48.0,48.0,46.0,24.0,111400.0,399
2023-05-10 21:43:35,i2401-C-700,i2401-C-700,46.0,0.0,0.0,0.0,30,43.9,44.7,10,46.7,48.0,48.0,46.0,24.0,111400.0,399
2023-05-10 21:43:37,i2401-C-700,i2401-C-700,46.0,0.0,0.0,0.0,20,43.9,44.7,10,46.7,48.0,48.0,46.0,24.0,111400.0,399
2023-05-10 21:43:37,i2401-C-700,i2401-C-700,46.0,0.0,0.0,0.0,30,43.9,44.8,10,46.7,48.0,48.0,46.0,24.0,111400.0,399
2023-05-10 21:43:41,i2401-C-700,i2401-C-700,46.0,0.0,0.0,0.0,20,43.9,44.8,20,46.7,48.0,48.0,46.0,24.0,111400.0,399
2023-05-10 21:43:44,i2401-C-700,i2401-C-700,46.0,0.0,0.0,0.0,10,43.9,44.8,20,46.7,48.0,48.0,46.0,24.0,111400.0,399
2023-05-10 21:43:49,i2401-C-700,i2401-C-700,46.0,0.0,0.0,0.0,10,43.9,44.6,10,46.7,48.0,48.0,46.0,24.0,111400.0,399
2023-05-10 21:44:05,i2401-C-700,i2401-C-700,46.0,0.0,0.0,0.0,20,43.9,44.6,10,46.7,48.0,48.0,46.0,24.0,111400.0,399
2023-05-10 21:44:06,i2401-C-700,i2401-C-700,46.0,0.0,0.0,0.0,30,43.9,44.8,10,46.7,48.0,48.0,46.0,24.0,111400.0,399
2023-05-10 21:44:09,i2401-C-700,i2401-C-700,46.0,0.0,0.0,0.0,20,43.9,44.8,20,46.7,48.0,48.0,46.0,24.0,111400.0,399
2023-05-10 21:44:09,i2401-C-700,i2401-C-700,46.0,0.0,0.0,0.0,20,43.9,44.6,10,46.7,48.0,48.0,46.0,24.0,111400.0,399
2023-05-10 21:44:09,i2401-C-700,i2401-C-700,46.0,0.0,0.0,0.0,30,43.9,44.8,10,46.7,48.0,48.0,46.0,24.0,111400.0,399
2023-05-10 21:44:11,i2401-C-700,i2401-C-700,46.0,0.0,0.0,0.0,20,43.9,44.8,20,46.7,48.0,48.0,46.0,24.0,111400.0,399
2023-05-10 21:44:18,i2401-C-700,i2401-C-700,46.0,0.0,0.0,0.0,10,44.0,44.8,10,46.7,48.0,48.0,46.0,24.0,111400.0,399
2023-05-10 21:44:18,i2401-C-700,i2401-C-700,46.0,0.0,0.0,0.0,10,44.0,44.7,10,46.7,48.0,48.0,46.0,24.0,111400.0,399
2023-05-10 21:44:20,i2401-C-700,i2401-C-700,46.0,0.0,0.0,0.0,20,44.0,44.7,10,46.7,48.0,48.0,46.0,24.0,111400.0,399
2023-05-10 21:44:21,i2401-C-700,i2401-C-700,46.0,0.0,0.0,0.0,20,44.0,44.8,20,46.7,48.0,48.0,46.0,24.0,111400.0,399
2023-05-10 21:44:24,i2401-C-700,i2401-C-700,46.0,0.0,0.0,0.0,10,44.0,44.8,20,46.7,48.0,48.0,46.0,24.0,111400.0,399
2023-05-10 21:44:31,i2401-C-700,i2401-C-700,46.0,0.0,0.0,0.0,20,44.0,44.8,10,46.7,48.0,48.0,46.0,24.0,111400.0,399
2023-05-10 21:44:31,i2401-C-700,i2401-C-700,46.0,0.0,0.0,0.0,10,44.0,44.8,20,46.7,48.0,48.0,46.0,24.0,111400.0,399
2023-05-10 21:44:51,i2401-C-700,i2401-C-700,46.0,0.0,0.0,0.0,10,44.0,44.8,10,46.7,48.0,48.0,46.0,24.0,111400.0,399
2023-05-10 21:45:11,i2401-C-700,i2401-C-700,46.0,0.0,0.0,0.0,20,44.0,44.8,10,46.7,48.0,48.0,46.0,24.0,111400.0,399
2023-05-10 21:45:13,i2401-C-700,i2401-C-700,44.8,10.0,44800.0,10.0,10,44.8,45.1,20,46.7,48.0,48.0,44.8,34.0,156200.0,409
2023-05-10 21:45:17,i2401-C-700,i2401-C-700,44.8,0.0,0.0,0.0,10,44.8,45.1,10,46.7,48.0,48.0,44.8,34.0,156200.0,409
2023-05-10 21:45:19,i2401-C-700,i2401-C-700,44.8,0.0,0.0,0.0,10,44.8,45.5,20,46.7,48.0,48.0,44.8,34.0,156200.0,409
2023-05-10 21:45:24,i2401-C-700,i2401-C-700,44.8,0.0,0.0,0.0,10,44.8,45.5,10,46.7,48.0,48.0,44.8,34.0,156200.0,409
2023-05-10 21:45:27,i2401-C-700,i2401-C-700,44.8,0.0,0.0,0.0,10,44.8,45.5,20,46.7,48.0,48.0,44.8,34.0,156200.0,409
2023-05-10 21:45:27,i2401-C-700,i2401-C-700,44.8,0.0,0.0,0.0,10,44.8,45.4,10,46.7,48.0,48.0,44.8,34.0,156200.0,409
2023-05-10 21:45:32,i2401-C-700,i2401-C-700,44.8,0.0,0.0,0.0,10,44.8,45.5,30,46.7,48.0,48.0,44.8,34.0,156200.0,409
2023-05-10 21:45:35,i2401-C-700,i2401-C-700,44.8,0.0,0.0,0.0,10,44.6,45.5,40,46.7,48.0,48.0,44.8,34.0,156200.0,409
2023-05-10 21:45:35,i2401-C-700,i2401-C-700,44.8,0.0,0.0,0.0,20,44.5,45.4,10,46.7,48.0,48.0,44.8,34.0,156200.0,409
2023-05-10 21:45:38,i2401-C-700,i2401-C-700,44.8,0.0,0.0,0.0,30,44.5,45.4,10,46.7,48.0,48.0,44.8,34.0,156200.0,409
2023-05-10 21:45:45,i2401-C-700,i2401-C-700,44.8,0.0,0.0,0.0,20,44.5,45.4,10,46.7,48.0,48.0,44.8,34.0,156200.0,409
2023-05-10 21:45:47,i2401-C-700,i2401-C-700,44.8,0.0,0.0,0.0,30,44.5,45.4,10,46.7,48.0,48.0,44.8,34.0,156200.0,409
2023-05-10 21:45:58,i2401-C-700,i2401-C-700,44.8,0.0,0.0,0.0,20,44.5,45.4,10,46.7,48.0,48.0,44.8,34.0,156200.0,409
2023-05-10 21:46:00,i2401-C-700,i2401-C-700,44.8,0.0,0.0,0.0,10,44.5,45.3,10,46.7,48.0,48.0,44.8,34.0,156200.0,409
2023-05-10 21:46:04,i2401-C-700,i2401-C-700,44.8,0.0,0.0,0.0,20,44.4,45.3,20,46.7,48.0,48.0,44.8,34.0,156200.0,409
2023-05-10 21:46:06,i2401-C-700,i2401-C-700,44.8,0.0,0.0,0.0,20,44.4,45.1,20,46.7,48.0,48.0,44.8,34.0,156200.0,409
2023-05-10 21:46:07,i2401-C-700,i2401-C-700,44.8,0.0,0.0,0.0,20,44.4,45.1,10,46.7,48.0,48.0,44.8,34.0,156200.0,409
2023-05-10 21:46:10,i2401-C-700,i2401-C-700,44.8,0.0,0.0,0.0,20,44.4,45.2,20,46.7,48.0,48.0,44.8,34.0,156200.0,409
2023-05-10 21:47:13,i2401-C-700,i2401-C-700,44.8,0.0,0.0,0.0,10,44.5,45.2,10,46.7,48.0,48.0,44.8,34.0,156200.0,409
2023-05-10 21:47:13,i2401-C-700,i2401-C-700,44.8,0.0,0.0,0.0,20,44.5,45.2,10,46.7,48.0,48.0,44.8,34.0,156200.0,409
2023-05-10 21:47:18,i2401-C-700,i2401-C-700,44.8,0.0,0.0,0.0,10,44.5,45.2,10,46.7,48.0,48.0,44.8,34.0,156200.0,409
2023-05-10 21:48:04,i2401-C-700,i2401-C-700,44.8,0.0,0.0,0.0,11,44.3,45.1,10,46.7,48.0,48.0,44.8,34.0,156200.0,409
2023-05-10 21:48:04,i2401-C-700,i2401-C-700,44.8,0.0,0.0,0.0,1,44.3,45.1,20,46.7,48.0,48.0,44.8,34.0,156200.0,409
2023-05-10 21:48:05,i2401-C-700,i2401-C-700,44.8,0.0,0.0,0.0,1,44.3,44.9,10,46.7,48.0,48.0,44.8,34.0,156200.0,409
2023-05-10 21:48:30,i2401-C-700,i2401-C-700,44.8,0.0,0.0,0.0,10,44.1,44.9,20,46.7,48.0,48.0,44.8,34.0,156200.0,409
2023-05-10 21:48:30,i2401-C-700,i2401-C-700,44.8,0.0,0.0,0.0,20,44.1,44.9,20,46.7,48.0,48.0,44.8,34.0,156200.0,409
2023-05-10 21:48:36,i2401-C-700,i2401-C-700,44.8,0.0,0.0,0.0,10,44.1,44.8,10,46.7,48.0,48.0,44.8,34.0,156200.0,409
2023-05-10 21:48:42,i2401-C-700,i2401-C-700,44.8,0.0,0.0,0.0,10,43.9,44.6,10,46.7,48.0,48.0,44.8,34.0,156200.0,409
2023-05-10 21:48:42,i2401-C-700,i2401-C-700,44.8,0.0,0.0,0.0,10,43.8,44.6,20,46.7,48.0,48.0,44.8,34.0,156200.0,409
2023-05-10 21:48:43,i2401-C-700,i2401-C-700,44.8,0.0,0.0,0.0,21,43.7,44.6,20,46.7,48.0,48.0,44.8,34.0,156200.0,409
2023-05-10 21:48:44,i2401-C-700,i2401-C-700,44.8,0.0,0.0,0.0,1,43.7,44.6,20,46.7,48.0,48.0,44.8,34.0,156200.0,409
2023-05-10 21:48:45,i2401-C-700,i2401-C-700,44.8,0.0,0.0,0.0,1,43.7,44.4,10,46.7,48.0,48.0,44.8,34.0,156200.0,409
2023-05-10 21:48:49,i2401-C-700,i2401-C-700,44.8,0.0,0.0,0.0,1,43.7,44.3,10,46.7,48.0,48.0,44.8,34.0,156200.0,409
2023-05-10 21:48:50,i2401-C-700,i2401-C-700,44.8,0.0,0.0,0.0,1,43.7,44.4,10,46.7,48.0,48.0,44.8,34.0,156200.0,409
2023-05-10 21:48:50,i2401-C-700,i2401-C-700,44.8,0.0,0.0,0.0,10,43.6,44.4,20,46.7,48.0,48.0,44.8,34.0,156200.0,409
2023-05-10 21:48:50,i2401-C-700,i2401-C-700,44.8,0.0,0.0,0.0,20,43.6,44.4,20,46.7,48.0,48.0,44.8,34.0,156200.0,409
2023-05-10 21:48:55,i2401-C-700,i2401-C-700,44.8,0.0,0.0,0.0,10,43.6,44.4,20,46.7,48.0,48.0,44.8,34.0,156200.0,409
2023-05-10 21:48:56,i2401-C-700,i2401-C-700,44.8,0.0,0.0,0.0,20,43.5,44.3,10,46.7,48.0,48.0,44.8,34.0,156200.0,409
2023-05-10 21:48:56,i2401-C-700,i2401-C-700,44.8,0.0,0.0,0.0,20,43.4,44.3,20,46.7,48.0,48.0,44.8,34.0,156200.0,409
2023-05-10 21:49:01,i2401-C-700,i2401-C-700,44.8,0.0,0.0,0.0,10,43.4,44.3,20,46.7,48.0,48.0,44.8,34.0,156200.0,409
2023-05-10 21:49:02,i2401-C-700,i2401-C-700,44.8,0.0,0.0,0.0,20,43.1,44.0,20,46.7,48.0,48.0,44.8,34.0,156200.0,409
2023-05-10 21:49:02,i2401-C-700,i2401-C-700,44.8,0.0,0.0,0.0,10,43.1,44.0,20,46.7,48.0,48.0,44.8,34.0,156200.0,409
2023-05-10 21:49:04,i2401-C-700,i2401-C-700,44.8,0.0,0.0,0.0,20,43.1,44.0,20,46.7,48.0,48.0,44.8,34.0,156200.0,409
2023-05-10 21:49:05,i2401-C-700,i2401-C-700,44.8,0.0,0.0,0.0,10,43.2,44.0,10,46.7,48.0,48.0,44.8,34.0,156200.0,409
2023-05-10 21:49:05,i2401-C-700,i2401-C-700,44.8,0.0,0.0,0.0,10,43.3,44.2,20,46.7,48.0,48.0,44.8,34.0,156200.0,409
2023-05-10 21:49:06,i2401-C-700,i2401-C-700,44.8,0.0,0.0,0.0,10,43.3,44.1,10,46.7,48.0,48.0,44.8,34.0,156200.0,409
2023-05-10 21:49:07,i2401-C-700,i2401-C-700,44.8,0.0,0.0,0.0,20,43.3,44.1,10,46.7,48.0,48.0,44.8,34.0,156200.0,409
2023-05-10 21:49:18,i2401-C-700,i2401-C-700,44.8,0.0,0.0,0.0,10,43.3,44.1,10,46.7,48.0,48.0,44.8,34.0,156200.0,409
2023-05-10 21:49:19,i2401-C-700,i2401-C-700,44.8,0.0,0.0,0.0,20,43.3,44.1,10,46.7,48.0,48.0,44.8,34.0,156200.0,409
2023-05-10 21:49:20,i2401-C-700,i2401-C-700,44.8,0.0,0.0,0.0,10,43.3,44.0,20,46.7,48.0,48.0,44.8,34.0,156200.0,409
2023-05-10 21:49:20,i2401-C-700,i2401-C-700,44.8,0.0,0.0,0.0,20,43.3,44.1,10,46.7,48.0,48.0,44.8,34.0,156200.0,409
2023-05-10 21:49:22,i2401-C-700,i2401-C-700,44.8,0.0,0.0,0.0,30,43.3,44.1,10,46.7,48.0,48.0,44.8,34.0,156200.0,409
2023-05-10 21:49:32,i2401-C-700,i2401-C-700,44.8,0.0,0.0,0.0,40,43.3,44.2,10,46.7,48.0,48.0,44.8,34.0,156200.0,409
2023-05-10 21:49:45,i2401-C-700,i2401-C-700,44.8,0.0,0.0,0.0,4,43.8,44.2,10,46.7,48.0,48.0,44.8,34.0,156200.0,409
2023-05-10 21:49:52,i2401-C-700,i2401-C-700,44.8,0.0,0.0,0.0,40,43.3,44.2,10,46.7,48.0,48.0,44.8,34.0,156200.0,409
2023-05-10 21:49:55,i2401-C-700,i2401-C-700,44.8,0.0,0.0,0.0,10,43.5,44.3,10,46.7,48.0,48.0,44.8,34.0,156200.0,409
2023-05-10 21:49:56,i2401-C-700,i2401-C-700,44.8,0.0,0.0,0.0,40,43.3,44.3,20,46.7,48.0,48.0,44.8,34.0,156200.0,409
2023-05-10 21:49:59,i2401-C-700,i2401-C-700,44.8,0.0,0.0,0.0,10,43.5,44.3,10,46.7,48.0,48.0,44.8,34.0,156200.0,409
2023-05-10 21:49:59,i2401-C-700,i2401-C-700,44.8,0.0,0.0,0.0,30,43.5,44.3,10,46.7,48.0,48.0,44.8,34.0,156200.0,409
2023-05-10 21:50:00,i2401-C-700,i2401-C-700,44.8,0.0,0.0,0.0,1,43.8,44.3,20,46.7,48.0,48.0,44.8,34.0,156200.0,409
2023-05-10 21:50:08,i2401-C-700,i2401-C-700,44.8,0.0,0.0,0.0,1,43.8,44.3,10,46.7,48.0,48.0,44.8,34.0,156200.0,409
2023-05-10 21:50:08,i2401-C-700,i2401-C-700,44.8,0.0,0.0,0.0,1,43.8,44.4,40,46.7,48.0,48.0,44.8,34.0,156200.0,409
2023-05-10 21:50:18,i2401-C-700,i2401-C-700,44.8,0.0,0.0,0.0,21,43.8,44.4,30,46.7,48.0,48.0,44.8,34.0,156200.0,409
2023-05-10 21:50:18,i2401-C-700,i2401-C-700,44.8,0.0,0.0,0.0,21,43.8,44.4,20,46.7,48.0,48.0,44.8,34.0,156200.0,409
2023-05-10 21:50:19,i2401-C-700,i2401-C-700,44.8,0.0,0.0,0.0,21,43.8,44.6,20,46.7,48.0,48.0,44.8,34.0,156200.0,409
2023-05-10 21:50:19,i2401-C-700,i2401-C-700,44.8,0.0,0.0,0.0,11,43.8,44.6,20,46.7,48.0,48.0,44.8,34.0,156200.0,409
2023-05-10 21:50:21,i2401-C-700,i2401-C-700,44.8,0.0,0.0,0.0,21,43.8,44.6,10,46.7,48.0,48.0,44.8,34.0,156200.0,409
2023-05-10 21:50:34,i2401-C-700,i2401-C-700,44.8,0.0,0.0,0.0,11,43.8,44.6,20,46.7,48.0,48.0,44.8,34.0,156200.0,409
2023-05-10 21:50:48,i2401-C-700,i2401-C-700,44.8,0.0,0.0,0.0,1,43.8,44.6,20,46.7,48.0,48.0,44.8,34.0,156200.0,409
2023-05-10 21:50:53,i2401-C-700,i2401-C-700,44.8,0.0,0.0,0.0,1,43.8,44.6,30,46.7,48.0,48.0,44.8,34.0,156200.0,409
2023-05-10 21:51:05,i2401-C-700,i2401-C-700,44.8,0.0,0.0,0.0,1,43.8,44.5,10,46.7,48.0,48.0,44.8,34.0,156200.0,409
2023-05-10 21:51:05,i2401-C-700,i2401-C-700,44.8,0.0,0.0,0.0,1,43.8,44.5,20,46.7,48.0,48.0,44.8,34.0,156200.0,409
2023-05-10 21:51:08,i2401-C-700,i2401-C-700,44.8,0.0,0.0,0.0,1,43.8,44.3,20,46.7,48.0,48.0,44.8,34.0,156200.0,409
2023-05-10 21:51:09,i2401-C-700,i2401-C-700,44.8,0.0,0.0,0.0,1,43.8,44.3,10,46.7,48.0,48.0,44.8,34.0,156200.0,409
2023-05-10 21:51:16,i2401-C-700,i2401-C-700,44.8,0.0,0.0,0.0,1,43.8,44.4,10,46.7,48.0,48.0,44.8,34.0,156200.0,409
2023-05-10 21:51:17,i2401-C-700,i2401-C-700,44.8,0.0,0.0,0.0,1,43.8,44.5,10,46.7,48.0,48.0,44.8,34.0,156200.0,409
2023-05-10 21:51:21,i2401-C-700,i2401-C-700,44.8,0.0,0.0,0.0,1,43.8,44.4,10,46.7,48.0,48.0,44.8,34.0,156200.0,409
2023-05-10 21:51:29,i2401-C-700,i2401-C-700,44.8,0.0,0.0,0.0,21,43.8,44.5,10,46.7,48.0,48.0,44.8,34.0,156200.0,409
2023-05-10 21:51:29,i2401-C-700,i2401-C-700,44.8,0.0,0.0,0.0,31,43.8,44.5,10,46.7,48.0,48.0,44.8,34.0,156200.0,409
2023-05-10 21:51:30,i2401-C-700,i2401-C-700,44.8,0.0,0.0,0.0,21,43.8,44.5,10,46.7,48.0,48.0,44.8,34.0,156200.0,409
2023-05-10 21:51:33,i2401-C-700,i2401-C-700,44.8,0.0,0.0,0.0,31,43.8,44.5,10,46.7,48.0,48.0,44.8,34.0,156200.0,409
2023-05-10 21:51:34,i2401-C-700,i2401-C-700,44.8,0.0,0.0,0.0,21,43.8,44.5,20,46.7,48.0,48.0,44.8,34.0,156200.0,409
2023-05-10 21:51:34,i2401-C-700,i2401-C-700,44.8,0.0,0.0,0.0,11,43.8,44.5,20,46.7,48.0,48.0,44.8,34.0,156200.0,409
2023-05-10 21:51:34,i2401-C-700,i2401-C-700,44.8,0.0,0.0,0.0,1,43.8,44.5,20,46.7,48.0,48.0,44.8,34.0,156200.0,409
2023-05-10 21:51:35,i2401-C-700,i2401-C-700,44.8,0.0,0.0,0.0,11,43.8,44.5,20,46.7,48.0,48.0,44.8,34.0,156200.0,409
2023-05-10 21:51:36,i2401-C-700,i2401-C-700,44.8,0.0,0.0,0.0,11,43.8,44.5,10,46.7,48.0,48.0,44.8,34.0,156200.0,409
2023-05-10 21:51:36,i2401-C-700,i2401-C-700,44.8,0.0,0.0,0.0,21,43.8,44.5,10,46.7,48.0,48.0,44.8,34.0,156200.0,409
2023-05-10 21:51:40,i2401-C-700,i2401-C-700,44.8,0.0,0.0,0.0,11,43.8,44.5,10,46.7,48.0,48.0,44.8,34.0,156200.0,409
2023-05-10 21:51:42,i2401-C-700,i2401-C-700,44.8,0.0,0.0,0.0,1,43.8,44.5,10,46.7,48.0,48.0,44.8,34.0,156200.0,409
2023-05-10 21:51:43,i2401-C-700,i2401-C-700,44.8,0.0,0.0,0.0,11,43.8,44.5,10,46.7,48.0,48.0,44.8,34.0,156200.0,409
2023-05-10 21:51:43,i2401-C-700,i2401-C-700,44.8,0.0,0.0,0.0,1,43.8,44.5,10,46.7,48.0,48.0,44.8,34.0,156200.0,409
2023-05-10 21:51:45,i2401-C-700,i2401-C-700,44.8,0.0,0.0,0.0,1,43.8,44.4,10,46.7,48.0,48.0,44.8,34.0,156200.0,409
2023-05-10 21:51:46,i2401-C-700,i2401-C-700,44.8,0.0,0.0,0.0,1,43.8,44.3,10,46.7,48.0,48.0,44.8,34.0,156200.0,409
2023-05-10 21:51:47,i2401-C-700,i2401-C-700,44.8,0.0,0.0,0.0,1,43.8,44.3,20,46.7,48.0,48.0,44.8,34.0,156200.0,409
2023-05-10 21:51:48,i2401-C-700,i2401-C-700,44.8,0.0,0.0,0.0,1,43.8,44.2,10,46.7,48.0,48.0,44.8,34.0,156200.0,409
2023-05-10 21:51:52,i2401-C-700,i2401-C-700,43.8,1.0,4380.0,0.0,10,43.4,44.0,10,46.7,48.0,48.0,43.8,35.0,160580.0,409
2023-05-10 21:51:53,i2401-C-700,i2401-C-700,43.8,0.0,0.0,0.0,20,43.4,44.0,20,46.7,48.0,48.0,43.8,35.0,160580.0,409
2023-05-10 21:52:00,i2401-C-700,i2401-C-700,43.8,0.0,0.0,0.0,10,43.4,43.9,20,46.7,48.0,48.0,43.8,35.0,160580.0,409
2023-05-10 21:52:01,i2401-C-700,i2401-C-700,43.8,0.0,0.0,0.0,10,43.0,43.7,10,46.7,48.0,48.0,43.8,35.0,160580.0,409
2023-05-10 21:52:01,i2401-C-700,i2401-C-700,43.8,0.0,0.0,0.0,20,43.0,43.7,10,46.7,48.0,48.0,43.8,35.0,160580.0,409
2023-05-10 21:52:10,i2401-C-700,i2401-C-700,43.8,0.0,0.0,0.0,10,43.0,43.7,10,46.7,48.0,48.0,43.8,35.0,160580.0,409
2023-05-10 21:52:18,i2401-C-700,i2401-C-700,43.8,0.0,0.0,0.0,20,43.0,43.7,10,46.7,48.0,48.0,43.8,35.0,160580.0,409
2023-05-10 21:52:18,i2401-C-700,i2401-C-700,43.8,0.0,0.0,0.0,1,43.5,43.7,10,46.7,48.0,48.0,43.8,35.0,160580.0,409
2023-05-10 21:52:23,i2401-C-700,i2401-C-700,43.8,0.0,0.0,0.0,1,43.5,43.8,10,46.7,48.0,48.0,43.8,35.0,160580.0,409
2023-05-10 21:52:23,i2401-C-700,i2401-C-700,43.8,0.0,0.0,0.0,1,43.5,44.0,40,46.7,48.0,48.0,43.8,35.0,160580.0,409
2023-05-10 21:52:26,i2401-C-700,i2401-C-700,43.8,0.0,0.0,0.0,1,43.5,43.9,10,46.7,48.0,48.0,43.8,35.0,160580.0,409
2023-05-10 21:52:33,i2401-C-700,i2401-C-700,43.8,0.0,0.0,0.0,1,43.5,44.0,10,46.7,48.0,48.0,43.8,35.0,160580.0,409
2023-05-10 21:52:37,i2401-C-700,i2401-C-700,43.8,0.0,0.0,0.0,1,43.5,44.1,30,46.7,48.0,48.0,43.8,35.0,160580.0,409
2023-05-10 21:52:41,i2401-C-700,i2401-C-700,43.8,0.0,0.0,0.0,1,43.5,44.0,10,46.7,48.0,48.0,43.8,35.0,160580.0,409
2023-05-10 21:52:44,i2401-C-700,i2401-C-700,43.8,0.0,0.0,0.0,1,43.5,43.8,10,46.7,48.0,48.0,43.8,35.0,160580.0,409
2023-05-10 21:52:47,i2401-C-700,i2401-C-700,43.8,0.0,0.0,0.0,1,43.5,44.0,30,46.7,48.0,48.0,43.8,35.0,160580.0,409
2023-05-10 21:52:54,i2401-C-700,i2401-C-700,43.8,0.0,0.0,0.0,1,43.5,44.0,20,46.7,48.0,48.0,43.8,35.0,160580.0,409
2023-05-10 21:52:56,i2401-C-700,i2401-C-700,43.8,0.0,0.0,0.0,1,43.5,44.0,10,46.7,48.0,48.0,43.8,35.0,160580.0,409
2023-05-10 21:52:58,i2401-C-700,i2401-C-700,43.8,0.0,0.0,0.0,1,43.5,44.1,20,46.7,48.0,48.0,43.8,35.0,160580.0,409
2023-05-10 21:53:09,i2401-C-700,i2401-C-700,43.8,0.0,0.0,0.0,21,43.5,44.3,21,46.7,48.0,48.0,43.8,35.0,160580.0,409
2023-05-10 21:53:13,i2401-C-700,i2401-C-700,43.8,0.0,0.0,0.0,31,43.5,44.3,21,46.7,48.0,48.0,43.8,35.0,160580.0,409
2023-05-10 21:53:14,i2401-C-700,i2401-C-700,43.8,0.0,0.0,0.0,21,43.5,44.3,21,46.7,48.0,48.0,43.8,35.0,160580.0,409
2023-05-10 21:53:17,i2401-C-700,i2401-C-700,43.8,0.0,0.0,0.0,21,43.5,44.3,11,46.7,48.0,48.0,43.8,35.0,160580.0,409
2023-05-10 21:53:19,i2401-C-700,i2401-C-700,43.8,0.0,0.0,0.0,31,43.5,44.3,11,46.7,48.0,48.0,43.8,35.0,160580.0,409
2023-05-10 21:53:23,i2401-C-700,i2401-C-700,43.8,0.0,0.0,0.0,31,43.5,44.3,10,46.7,48.0,48.0,43.8,35.0,160580.0,409
2023-05-10 21:53:26,i2401-C-700,i2401-C-700,43.8,0.0,0.0,0.0,41,43.5,44.4,20,46.7,48.0,48.0,43.8,35.0,160580.0,409
2023-05-10 21:53:27,i2401-C-700,i2401-C-700,43.8,0.0,0.0,0.0,31,43.5,44.3,10,46.7,48.0,48.0,43.8,35.0,160580.0,409
2023-05-10 21:53:33,i2401-C-700,i2401-C-700,43.8,0.0,0.0,0.0,21,43.5,44.3,10,46.7,48.0,48.0,43.8,35.0,160580.0,409
2023-05-10 21:53:33,i2401-C-700,i2401-C-700,43.8,0.0,0.0,0.0,31,43.5,44.3,10,46.7,48.0,48.0,43.8,35.0,160580.0,409
2023-05-10 21:53:36,i2401-C-700,i2401-C-700,43.8,0.0,0.0,0.0,21,43.5,44.3,10,46.7,48.0,48.0,43.8,35.0,160580.0,409
2023-05-10 21:53:37,i2401-C-700,i2401-C-700,43.8,0.0,0.0,0.0,31,43.5,44.3,10,46.7,48.0,48.0,43.8,35.0,160580.0,409
2023-05-10 21:53:45,i2401-C-700,i2401-C-700,43.8,0.0,0.0,0.0,41,43.5,44.4,30,46.7,48.0,48.0,43.8,35.0,160580.0,409
2023-05-10 21:54:00,i2401-C-700,i2401-C-700,43.8,0.0,0.0,0.0,41,43.5,44.4,20,46.7,48.0,48.0,43.8,35.0,160580.0,409
2023-05-10 21:54:04,i2401-C-700,i2401-C-700,43.8,0.0,0.0,0.0,31,43.5,44.3,10,46.7,48.0,48.0,43.8,35.0,160580.0,409
2023-05-10 21:54:05,i2401-C-700,i2401-C-700,43.8,0.0,0.0,0.0,1,43.5,44.3,20,46.7,48.0,48.0,43.8,35.0,160580.0,409
2023-05-10 21:54:05,i2401-C-700,i2401-C-700,43.8,0.0,0.0,0.0,1,43.5,44.1,10,46.7,48.0,48.0,43.8,35.0,160580.0,409
2023-05-10 21:54:13,i2401-C-700,i2401-C-700,43.8,0.0,0.0,0.0,1,43.5,44.3,30,46.7,48.0,48.0,43.8,35.0,160580.0,409
2023-05-10 21:54:13,i2401-C-700,i2401-C-700,43.8,0.0,0.0,0.0,11,43.5,44.3,30,46.7,48.0,48.0,43.8,35.0,160580.0,409
2023-05-10 21:54:15,i2401-C-700,i2401-C-700,43.8,0.0,0.0,0.0,21,43.5,44.3,30,46.7,48.0,48.0,43.8,35.0,160580.0,409
2023-05-10 21:54:16,i2401-C-700,i2401-C-700,43.8,0.0,0.0,0.0,31,43.5,44.3,20,46.7,48.0,48.0,43.8,35.0,160580.0,409
2023-05-10 21:54:17,i2401-C-700,i2401-C-700,43.8,0.0,0.0,0.0,11,43.5,44.3,30,46.7,48.0,48.0,43.8,35.0,160580.0,409
2023-05-10 21:54:23,i2401-C-700,i2401-C-700,43.8,0.0,0.0,0.0,1,43.5,44.3,30,46.7,48.0,48.0,43.8,35.0,160580.0,409
2023-05-10 21:54:26,i2401-C-700,i2401-C-700,43.8,0.0,0.0,0.0,1,43.5,44.1,10,46.7,48.0,48.0,43.8,35.0,160580.0,409
2023-05-10 21:54:29,i2401-C-700,i2401-C-700,43.8,0.0,0.0,0.0,1,43.5,44.0,20,46.7,48.0,48.0,43.8,35.0,160580.0,409
2023-05-10 21:54:32,i2401-C-700,i2401-C-700,43.8,0.0,0.0,0.0,1,43.5,44.0,10,46.7,48.0,48.0,43.8,35.0,160580.0,409
2023-05-10 21:54:47,i2401-C-700,i2401-C-700,43.8,0.0,0.0,0.0,1,43.5,44.0,20,46.7,48.0,48.0,43.8,35.0,160580.0,409
2023-05-10 21:54:55,i2401-C-700,i2401-C-700,43.8,0.0,0.0,0.0,1,43.5,44.0,10,46.7,48.0,48.0,43.8,35.0,160580.0,409
2023-05-10 21:54:58,i2401-C-700,i2401-C-700,43.8,0.0,0.0,0.0,1,43.5,44.1,20,46.7,48.0,48.0,43.8,35.0,160580.0,409
2023-05-10 21:54:58,i2401-C-700,i2401-C-700,43.8,0.0,0.0,0.0,1,43.5,44.1,10,46.7,48.0,48.0,43.8,35.0,160580.0,409
2023-05-10 21:55:01,i2401-C-700,i2401-C-700,43.8,0.0,0.0,0.0,1,43.5,44.0,10,46.7,48.0,48.0,43.8,35.0,160580.0,409
2023-05-10 21:55:11,i2401-C-700,i2401-C-700,43.8,0.0,0.0,0.0,1,43.5,44.1,30,46.7,48.0,48.0,43.8,35.0,160580.0,409
2023-05-10 21:55:21,i2401-C-700,i2401-C-700,43.8,0.0,0.0,0.0,1,43.5,44.1,20,46.7,48.0,48.0,43.8,35.0,160580.0,409
2023-05-10 21:55:32,i2401-C-700,i2401-C-700,43.8,0.0,0.0,0.0,1,43.5,44.1,30,46.7,48.0,48.0,43.8,35.0,160580.0,409
2023-05-10 21:55:33,i2401-C-700,i2401-C-700,43.8,0.0,0.0,0.0,1,43.5,44.0,10,46.7,48.0,48.0,43.8,35.0,160580.0,409
2023-05-10 21:55:43,i2401-C-700,i2401-C-700,43.8,0.0,0.0,0.0,1,43.5,43.8,10,46.7,48.0,48.0,43.8,35.0,160580.0,409
2023-05-10 21:55:49,i2401-C-700,i2401-C-700,43.8,0.0,0.0,0.0,1,43.5,44.0,20,46.7,48.0,48.0,43.8,35.0,160580.0,409
2023-05-10 21:56:06,i2401-C-700,i2401-C-700,43.8,0.0,0.0,0.0,1,43.5,44.0,10,46.7,48.0,48.0,43.8,35.0,160580.0,409
2023-05-10 21:56:09,i2401-C-700,i2401-C-700,43.8,0.0,0.0,0.0,1,43.5,44.1,20,46.7,48.0,48.0,43.8,35.0,160580.0,409
2023-05-10 21:56:09,i2401-C-700,i2401-C-700,43.8,0.0,0.0,0.0,11,43.5,44.1,10,46.7,48.0,48.0,43.8,35.0,160580.0,409
2023-05-10 21:56:09,i2401-C-700,i2401-C-700,43.8,0.0,0.0,0.0,21,43.5,44.1,10,46.7,48.0,48.0,43.8,35.0,160580.0,409
2023-05-10 21:56:13,i2401-C-700,i2401-C-700,43.8,0.0,0.0,0.0,11,43.5,44.1,10,46.7,48.0,48.0,43.8,35.0,160580.0,409
2023-05-10 21:56:14,i2401-C-700,i2401-C-700,43.8,0.0,0.0,0.0,1,43.5,44.1,10,46.7,48.0,48.0,43.8,35.0,160580.0,409
2023-05-10 21:56:19,i2401-C-700,i2401-C-700,43.8,0.0,0.0,0.0,1,43.5,44.3,30,46.7,48.0,48.0,43.8,35.0,160580.0,409
2023-05-10 21:56:34,i2401-C-700,i2401-C-700,43.8,0.0,0.0,0.0,11,43.5,44.3,20,46.7,48.0,48.0,43.8,35.0,160580.0,409
2023-05-10 21:56:34,i2401-C-700,i2401-C-700,43.8,0.0,0.0,0.0,21,43.5,44.3,20,46.7,48.0,48.0,43.8,35.0,160580.0,409
2023-05-10 21:56:37,i2401-C-700,i2401-C-700,43.8,0.0,0.0,0.0,11,43.5,44.3,20,46.7,48.0,48.0,43.8,35.0,160580.0,409
2023-05-10 21:56:39,i2401-C-700,i2401-C-700,43.8,0.0,0.0,0.0,21,43.5,44.3,20,46.7,48.0,48.0,43.8,35.0,160580.0,409
2023-05-10 21:56:39,i2401-C-700,i2401-C-700,43.8,0.0,0.0,0.0,31,43.5,44.3,20,46.7,48.0,48.0,43.8,35.0,160580.0,409
2023-05-10 21:56:40,i2401-C-700,i2401-C-700,43.8,0.0,0.0,0.0,41,43.5,44.4,30,46.7,48.0,48.0,43.8,35.0,160580.0,409
2023-05-10 21:56:41,i2401-C-700,i2401-C-700,43.8,0.0,0.0,0.0,41,43.5,44.3,10,46.7,48.0,48.0,43.8,35.0,160580.0,409
2023-05-10 21:56:42,i2401-C-700,i2401-C-700,43.8,0.0,0.0,0.0,31,43.5,44.3,20,46.7,48.0,48.0,43.8,35.0,160580.0,409
2023-05-10 21:56:44,i2401-C-700,i2401-C-700,43.8,0.0,0.0,0.0,41,43.5,44.4,30,46.7,48.0,48.0,43.8,35.0,160580.0,409
2023-05-10 21:56:45,i2401-C-700,i2401-C-700,43.8,0.0,0.0,0.0,31,43.5,44.3,20,46.7,48.0,48.0,43.8,35.0,160580.0,409
2023-05-10 21:56:45,i2401-C-700,i2401-C-700,43.8,0.0,0.0,0.0,21,43.5,44.3,20,46.7,48.0,48.0,43.8,35.0,160580.0,409
2023-05-10 21:56:57,i2401-C-700,i2401-C-700,43.8,0.0,0.0,0.0,31,43.5,44.3,20,46.7,48.0,48.0,43.8,35.0,160580.0,409
2023-05-10 21:57:09,i2401-C-700,i2401-C-700,43.8,0.0,0.0,0.0,41,43.5,44.3,10,46.7,48.0,48.0,43.8,35.0,160580.0,409
2023-05-10 21:57:09,i2401-C-700,i2401-C-700,43.8,0.0,0.0,0.0,41,43.5,44.4,10,46.7,48.0,48.0,43.8,35.0,160580.0,409
2023-05-10 21:57:11,i2401-C-700,i2401-C-700,43.8,0.0,0.0,0.0,10,43.6,44.5,11,46.7,48.0,48.0,43.8,35.0,160580.0,409
2023-05-10 21:57:11,i2401-C-700,i2401-C-700,43.8,0.0,0.0,0.0,30,43.6,44.5,11,46.7,48.0,48.0,43.8,35.0,160580.0,409
2023-05-10 21:57:16,i2401-C-700,i2401-C-700,43.8,0.0,0.0,0.0,10,43.8,44.5,1,46.7,48.0,48.0,43.8,35.0,160580.0,409
2023-05-10 21:57:20,i2401-C-700,i2401-C-700,43.8,0.0,0.0,0.0,20,43.8,44.5,1,46.7,48.0,48.0,43.8,35.0,160580.0,409
2023-05-10 21:57:31,i2401-C-700,i2401-C-700,43.8,0.0,0.0,0.0,10,43.9,44.6,10,46.7,48.0,48.0,43.8,35.0,160580.0,409
2023-05-10 21:57:32,i2401-C-700,i2401-C-700,43.8,0.0,0.0,0.0,30,43.8,44.6,10,46.7,48.0,48.0,43.8,35.0,160580.0,409
2023-05-10 21:57:34,i2401-C-700,i2401-C-700,43.8,0.0,0.0,0.0,40,43.8,44.6,10,46.7,48.0,48.0,43.8,35.0,160580.0,409
2023-05-10 21:57:34,i2401-C-700,i2401-C-700,43.8,0.0,0.0,0.0,30,43.8,44.6,10,46.7,48.0,48.0,43.8,35.0,160580.0,409
2023-05-10 21:57:39,i2401-C-700,i2401-C-700,43.8,0.0,0.0,0.0,20,43.8,44.6,20,46.7,48.0,48.0,43.8,35.0,160580.0,409
2023-05-10 21:57:40,i2401-C-700,i2401-C-700,43.8,0.0,0.0,0.0,30,43.8,44.6,10,46.7,48.0,48.0,43.8,35.0,160580.0,409
2023-05-10 21:57:41,i2401-C-700,i2401-C-700,43.8,0.0,0.0,0.0,40,43.8,44.7,10,46.7,48.0,48.0,43.8,35.0,160580.0,409
2023-05-10 21:57:44,i2401-C-700,i2401-C-700,43.8,0.0,0.0,0.0,10,43.9,44.8,20,46.7,48.0,48.0,43.8,35.0,160580.0,409
2023-05-10 21:57:45,i2401-C-700,i2401-C-700,43.8,0.0,0.0,0.0,30,43.9,44.8,20,46.7,48.0,48.0,43.8,35.0,160580.0,409
2023-05-10 21:57:47,i2401-C-700,i2401-C-700,43.8,0.0,0.0,0.0,10,44.0,44.8,10,46.7,48.0,48.0,43.8,35.0,160580.0,409
2023-05-10 21:57:47,i2401-C-700,i2401-C-700,43.8,0.0,0.0,0.0,20,44.0,44.8,10,46.7,48.0,48.0,43.8,35.0,160580.0,409
2023-05-10 21:57:48,i2401-C-700,i2401-C-700,43.8,0.0,0.0,0.0,20,44.0,44.9,30,46.7,48.0,48.0,43.8,35.0,160580.0,409
2023-05-10 21:57:49,i2401-C-700,i2401-C-700,43.8,0.0,0.0,0.0,20,44.2,44.9,10,46.7,48.0,48.0,43.8,35.0,160580.0,409
2023-05-10 21:57:53,i2401-C-700,i2401-C-700,43.8,0.0,0.0,0.0,10,44.2,44.9,10,46.7,48.0,48.0,43.8,35.0,160580.0,409
2023-05-10 21:57:54,i2401-C-700,i2401-C-700,43.8,0.0,0.0,0.0,10,44.2,44.9,20,46.7,48.0,48.0,43.8,35.0,160580.0,409
2023-05-10 21:57:56,i2401-C-700,i2401-C-700,43.8,0.0,0.0,0.0,10,44.0,44.9,30,46.7,48.0,48.0,43.8,35.0,160580.0,409
2023-05-10 21:57:57,i2401-C-700,i2401-C-700,43.8,0.0,0.0,0.0,10,44.0,44.7,10,46.7,48.0,48.0,43.8,35.0,160580.0,409
2023-05-10 21:57:59,i2401-C-700,i2401-C-700,43.8,0.0,0.0,0.0,20,44.0,44.7,10,46.7,48.0,48.0,43.8,35.0,160580.0,409
2023-05-10 21:58:01,i2401-C-700,i2401-C-700,43.8,0.0,0.0,0.0,10,44.0,44.7,10,46.7,48.0,48.0,43.8,35.0,160580.0,409
2023-05-10 21:58:06,i2401-C-700,i2401-C-700,43.8,0.0,0.0,0.0,10,43.9,44.7,10,46.7,48.0,48.0,43.8,35.0,160580.0,409
2023-05-10 21:58:07,i2401-C-700,i2401-C-700,43.8,0.0,0.0,0.0,20,43.9,44.6,10,46.7,48.0,48.0,43.8,35.0,160580.0,409
2023-05-10 21:58:08,i2401-C-700,i2401-C-700,43.8,0.0,0.0,0.0,10,43.9,44.6,10,46.7,48.0,48.0,43.8,35.0,160580.0,409
2023-05-10 21:58:09,i2401-C-700,i2401-C-700,43.8,0.0,0.0,0.0,1,43.8,44.5,10,46.7,48.0,48.0,43.8,35.0,160580.0,409
2023-05-10 21:58:10,i2401-C-700,i2401-C-700,43.8,0.0,0.0,0.0,1,43.8,44.4,10,46.7,48.0,48.0,43.8,35.0,160580.0,409
2023-05-10 21:58:11,i2401-C-700,i2401-C-700,43.8,0.0,0.0,0.0,10,43.7,44.4,10,46.7,48.0,48.0,43.8,35.0,160580.0,409
2023-05-10 21:58:12,i2401-C-700,i2401-C-700,43.8,0.0,0.0,0.0,10,43.6,44.3,10,46.7,48.0,48.0,43.8,35.0,160580.0,409
2023-05-10 21:58:12,i2401-C-700,i2401-C-700,43.8,0.0,0.0,0.0,11,43.5,44.3,10,46.7,48.0,48.0,43.8,35.0,160580.0,409
2023-05-10 21:58:14,i2401-C-700,i2401-C-700,43.8,0.0,0.0,0.0,21,43.5,44.3,10,46.7,48.0,48.0,43.8,35.0,160580.0,409
2023-05-10 21:58:18,i2401-C-700,i2401-C-700,43.8,0.0,0.0,0.0,21,43.5,44.2,10,46.7,48.0,48.0,43.8,35.0,160580.0,409
2023-05-10 21:58:18,i2401-C-700,i2401-C-700,43.8,0.0,0.0,0.0,1,43.5,44.2,10,46.7,48.0,48.0,43.8,35.0,160580.0,409
2023-05-10 21:58:30,i2401-C-700,i2401-C-700,43.8,0.0,0.0,0.0,11,43.5,44.2,10,46.7,48.0,48.0,43.8,35.0,160580.0,409
2023-05-10 21:58:31,i2401-C-700,i2401-C-700,43.8,0.0,0.0,0.0,31,43.5,44.3,10,46.7,48.0,48.0,43.8,35.0,160580.0,409
2023-05-10 21:58:32,i2401-C-700,i2401-C-700,43.8,0.0,0.0,0.0,41,43.5,44.3,10,46.7,48.0,48.0,43.8,35.0,160580.0,409
2023-05-10 21:58:34,i2401-C-700,i2401-C-700,43.8,0.0,0.0,0.0,31,43.5,44.3,10,46.7,48.0,48.0,43.8,35.0,160580.0,409
2023-05-10 21:58:49,i2401-C-700,i2401-C-700,43.8,0.0,0.0,0.0,41,43.5,44.4,30,46.7,48.0,48.0,43.8,35.0,160580.0,409
2023-05-10 21:58:55,i2401-C-700,i2401-C-700,43.8,0.0,0.0,0.0,41,43.5,44.4,20,46.7,48.0,48.0,43.8,35.0,160580.0,409
2023-05-10 21:59:03,i2401-C-700,i2401-C-700,43.8,0.0,0.0,0.0,31,43.5,44.2,10,46.7,48.0,48.0,43.8,35.0,160580.0,409
2023-05-10 21:59:03,i2401-C-700,i2401-C-700,43.8,0.0,0.0,0.0,21,43.5,44.2,10,46.7,48.0,48.0,43.8,35.0,160580.0,409
2023-05-10 21:59:04,i2401-C-700,i2401-C-700,43.8,0.0,0.0,0.0,11,43.5,44.2,10,46.7,48.0,48.0,43.8,35.0,160580.0,409
2023-05-10 21:59:07,i2401-C-700,i2401-C-700,43.8,0.0,0.0,0.0,1,43.5,44.2,10,46.7,48.0,48.0,43.8,35.0,160580.0,409
2023-05-10 21:59:10,i2401-C-700,i2401-C-700,43.8,0.0,0.0,0.0,1,43.5,44.1,10,46.7,48.0,48.0,43.8,35.0,160580.0,409
2023-05-10 21:59:23,i2401-C-700,i2401-C-700,43.8,0.0,0.0,0.0,1,43.5,44.1,20,46.7,48.0,48.0,43.8,35.0,160580.0,409
2023-05-10 21:59:27,i2401-C-700,i2401-C-700,43.8,0.0,0.0,0.0,1,43.5,44.1,10,46.7,48.0,48.0,43.8,35.0,160580.0,409
2023-05-10 21:59:28,i2401-C-700,i2401-C-700,43.8,0.0,0.0,0.0,1,43.5,44.2,10,46.7,48.0,48.0,43.8,35.0,160580.0,409
2023-05-10 21:59:31,i2401-C-700,i2401-C-700,43.8,0.0,0.0,0.0,1,43.5,44.2,20,46.7,48.0,48.0,43.8,35.0,160580.0,409
2023-05-10 21:59:48,i2401-C-700,i2401-C-700,43.8,0.0,0.0,0.0,11,43.5,44.2,20,46.7,48.0,48.0,43.8,35.0,160580.0,409
2023-05-10 21:59:49,i2401-C-700,i2401-C-700,43.8,0.0,0.0,0.0,1,43.5,44.2,20,46.7,48.0,48.0,43.8,35.0,160580.0,409
2023-05-10 21:59:50,i2401-C-700,i2401-C-700,43.8,0.0,0.0,0.0,21,43.5,44.4,30,46.7,48.0,48.0,43.8,35.0,160580.0,409
2023-05-10 21:59:51,i2401-C-700,i2401-C-700,43.8,0.0,0.0,0.0,31,43.5,44.4,30,46.7,48.0,48.0,43.8,35.0,160580.0,409
2023-05-10 21:59:52,i2401-C-700,i2401-C-700,43.8,0.0,0.0,0.0,41,43.5,44.4,30,46.7,48.0,48.0,43.8,35.0,160580.0,409
2023-05-10 21:59:54,i2401-C-700,i2401-C-700,43.8,0.0,0.0,0.0,31,43.5,44.4,30,46.7,48.0,48.0,43.8,35.0,160580.0,409
2023-05-10 22:00:00,i2401-C-700,i2401-C-700,43.8,0.0,0.0,0.0,21,43.5,44.2,20,46.7,48.0,48.0,43.8,35.0,160580.0,409
2023-05-10 22:00:01,i2401-C-700,i2401-C-700,43.8,0.0,0.0,0.0,1,43.5,44.2,20,46.7,48.0,48.0,43.8,35.0,160580.0,409
2023-05-10 22:00:04,i2401-C-700,i2401-C-700,43.8,0.0,0.0,0.0,1,43.5,44.2,10,46.7,48.0,48.0,43.8,35.0,160580.0,409
2023-05-10 22:00:04,i2401-C-700,i2401-C-700,43.8,0.0,0.0,0.0,1,43.5,44.3,20,46.7,48.0,48.0,43.8,35.0,160580.0,409
2023-05-10 22:00:05,i2401-C-700,i2401-C-700,43.8,0.0,0.0,0.0,1,43.5,44.2,10,46.7,48.0,48.0,43.8,35.0,160580.0,409
2023-05-10 22:00:07,i2401-C-700,i2401-C-700,43.8,0.0,0.0,0.0,21,43.5,44.4,20,46.7,48.0,48.0,43.8,35.0,160580.0,409
2023-05-10 22:00:09,i2401-C-700,i2401-C-700,43.8,0.0,0.0,0.0,20,43.7,44.6,41,46.7,48.0,48.0,43.8,35.0,160580.0,409
2023-05-10 22:00:09,i2401-C-700,i2401-C-700,43.8,0.0,0.0,0.0,30,43.7,44.6,41,46.7,48.0,48.0,43.8,35.0,160580.0,409
2023-05-10 22:00:10,i2401-C-700,i2401-C-700,43.8,0.0,0.0,0.0,30,43.7,44.6,31,46.7,48.0,48.0,43.8,35.0,160580.0,409
2023-05-10 22:00:13,i2401-C-700,i2401-C-700,43.8,0.0,0.0,0.0,10,43.7,44.5,10,46.7,48.0,48.0,43.8,35.0,160580.0,409
2023-05-10 22:00:14,i2401-C-700,i2401-C-700,43.8,0.0,0.0,0.0,20,43.7,44.5,10,46.7,48.0,48.0,43.8,35.0,160580.0,409
2023-05-10 22:00:15,i2401-C-700,i2401-C-700,43.8,0.0,0.0,0.0,30,43.7,44.6,21,46.7,48.0,48.0,43.8,35.0,160580.0,409
2023-05-10 22:00:20,i2401-C-700,i2401-C-700,43.8,0.0,0.0,0.0,40,43.7,44.6,21,46.7,48.0,48.0,43.8,35.0,160580.0,409
2023-05-10 22:00:24,i2401-C-700,i2401-C-700,43.8,0.0,0.0,0.0,20,43.9,44.6,1,46.7,48.0,48.0,43.8,35.0,160580.0,409
2023-05-10 22:00:24,i2401-C-700,i2401-C-700,43.8,0.0,0.0,0.0,30,43.9,44.8,30,46.7,48.0,48.0,43.8,35.0,160580.0,409
2023-05-10 22:00:26,i2401-C-700,i2401-C-700,43.8,0.0,0.0,0.0,40,43.9,44.8,30,46.7,48.0,48.0,43.8,35.0,160580.0,409
2023-05-10 22:00:34,i2401-C-700,i2401-C-700,43.8,0.0,0.0,0.0,10,43.9,44.6,20,46.7,48.0,48.0,43.8,35.0,160580.0,409
2023-05-10 22:00:35,i2401-C-700,i2401-C-700,43.8,0.0,0.0,0.0,10,43.9,44.6,10,46.7,48.0,48.0,43.8,35.0,160580.0,409
2023-05-10 22:00:37,i2401-C-700,i2401-C-700,43.8,0.0,0.0,0.0,20,43.9,44.6,10,46.7,48.0,48.0,43.8,35.0,160580.0,409
2023-05-10 22:00:40,i2401-C-700,i2401-C-700,43.8,0.0,0.0,0.0,20,43.9,44.7,10,46.7,48.0,48.0,43.8,35.0,160580.0,409
2023-05-10 22:00:50,i2401-C-700,i2401-C-700,43.8,0.0,0.0,0.0,30,43.9,44.8,30,46.7,48.0,48.0,43.8,35.0,160580.0,409
2023-05-10 22:00:51,i2401-C-700,i2401-C-700,43.8,0.0,0.0,0.0,40,43.9,44.8,30,46.7,48.0,48.0,43.8,35.0,160580.0,409
2023-05-10 22:00:54,i2401-C-700,i2401-C-700,43.8,0.0,0.0,0.0,30,43.9,44.8,30,46.7,48.0,48.0,43.8,35.0,160580.0,409
2023-05-10 22:01:03,i2401-C-700,i2401-C-700,43.8,0.0,0.0,0.0,20,43.9,44.8,30,46.7,48.0,48.0,43.8,35.0,160580.0,409
2023-05-10 22:01:04,i2401-C-700,i2401-C-700,43.8,0.0,0.0,0.0,10,43.9,44.7,10,46.7,48.0,48.0,43.8,35.0,160580.0,409
2023-05-10 22:01:04,i2401-C-700,i2401-C-700,43.8,0.0,0.0,0.0,10,43.9,44.7,20,46.7,48.0,48.0,43.8,35.0,160580.0,409
2023-05-10 22:01:16,i2401-C-700,i2401-C-700,43.8,0.0,0.0,0.0,20,43.9,44.7,20,46.7,48.0,48.0,43.8,35.0,160580.0,409
2023-05-10 22:01:22,i2401-C-700,i2401-C-700,43.8,0.0,0.0,0.0,40,43.9,44.8,20,46.7,48.0,48.0,43.8,35.0,160580.0,409
2023-05-10 22:01:26,i2401-C-700,i2401-C-700,43.8,0.0,0.0,0.0,30,43.9,44.8,20,46.7,48.0,48.0,43.8,35.0,160580.0,409
2023-05-10 22:01:28,i2401-C-700,i2401-C-700,43.8,0.0,0.0,0.0,20,43.9,44.7,10,46.7,48.0,48.0,43.8,35.0,160580.0,409
2023-05-10 22:01:28,i2401-C-700,i2401-C-700,43.8,0.0,0.0,0.0,30,43.9,44.7,10,46.7,48.0,48.0,43.8,35.0,160580.0,409
2023-05-10 22:01:28,i2401-C-700,i2401-C-700,43.8,0.0,0.0,0.0,40,43.9,44.8,20,46.7,48.0,48.0,43.8,35.0,160580.0,409
2023-05-10 22:01:49,i2401-C-700,i2401-C-700,43.8,0.0,0.0,0.0,20,43.9,44.6,10,46.7,48.0,48.0,43.8,35.0,160580.0,409
2023-05-10 22:01:49,i2401-C-700,i2401-C-700,43.8,0.0,0.0,0.0,10,43.9,44.6,10,46.7,48.0,48.0,43.8,35.0,160580.0,409
2023-05-10 22:01:59,i2401-C-700,i2401-C-700,43.8,0.0,0.0,0.0,20,43.8,44.6,10,46.7,48.0,48.0,43.8,35.0,160580.0,409
2023-05-10 22:02:13,i2401-C-700,i2401-C-700,43.8,0.0,0.0,0.0,30,43.8,44.6,10,46.7,48.0,48.0,43.8,35.0,160580.0,409
2023-05-10 22:02:24,i2401-C-700,i2401-C-700,43.8,0.0,0.0,0.0,40,43.8,44.7,10,46.7,48.0,48.0,43.8,35.0,160580.0,409
2023-05-10 22:02:55,i2401-C-700,i2401-C-700,43.8,0.0,0.0,0.0,30,44.0,44.7,10,46.7,48.0,48.0,43.8,35.0,160580.0,409
2023-05-10 22:02:56,i2401-C-700,i2401-C-700,43.8,0.0,0.0,0.0,30,44.0,44.9,20,46.7,48.0,48.0,43.8,35.0,160580.0,409
2023-05-10 22:03:00,i2401-C-700,i2401-C-700,43.8,0.0,0.0,0.0,10,44.0,44.8,10,46.7,48.0,48.0,43.8,35.0,160580.0,409
2023-05-10 22:03:01,i2401-C-700,i2401-C-700,43.8,0.0,0.0,0.0,10,44.0,44.7,10,46.7,48.0,48.0,43.8,35.0,160580.0,409
2023-05-10 22:03:03,i2401-C-700,i2401-C-700,43.8,0.0,0.0,0.0,20,44.0,44.7,10,46.7,48.0,48.0,43.8,35.0,160580.0,409
2023-05-10 22:03:08,i2401-C-700,i2401-C-700,43.8,0.0,0.0,0.0,20,43.8,44.6,10,46.7,48.0,48.0,43.8,35.0,160580.0,409
2023-05-10 22:03:08,i2401-C-700,i2401-C-700,43.8,0.0,0.0,0.0,10,43.8,44.6,20,46.7,48.0,48.0,43.8,35.0,160580.0,409
2023-05-10 22:03:09,i2401-C-700,i2401-C-700,43.8,0.0,0.0,0.0,20,43.8,44.6,20,46.7,48.0,48.0,43.8,35.0,160580.0,409
2023-05-10 22:03:13,i2401-C-700,i2401-C-700,43.8,0.0,0.0,0.0,41,43.7,44.6,20,46.7,48.0,48.0,43.8,35.0,160580.0,409
2023-05-10 22:03:30,i2401-C-700,i2401-C-700,43.8,0.0,0.0,0.0,41,43.7,44.6,30,46.7,48.0,48.0,43.8,35.0,160580.0,409
2023-05-10 22:03:43,i2401-C-700,i2401-C-700,43.8,0.0,0.0,0.0,21,43.7,44.4,10,46.7,48.0,48.0,43.8,35.0,160580.0,409
2023-05-10 22:03:43,i2401-C-700,i2401-C-700,43.8,0.0,0.0,0.0,21,43.7,44.4,20,46.7,48.0,48.0,43.8,35.0,160580.0,409
2023-05-10 22:03:44,i2401-C-700,i2401-C-700,43.8,0.0,0.0,0.0,11,43.7,44.4,20,46.7,48.0,48.0,43.8,35.0,160580.0,409
2023-05-10 22:03:46,i2401-C-700,i2401-C-700,43.8,0.0,0.0,0.0,21,43.7,44.4,20,46.7,48.0,48.0,43.8,35.0,160580.0,409
2023-05-10 22:03:50,i2401-C-700,i2401-C-700,43.8,0.0,0.0,0.0,31,43.7,44.6,20,46.7,48.0,48.0,43.8,35.0,160580.0,409
2023-05-10 22:03:51,i2401-C-700,i2401-C-700,43.8,0.0,0.0,0.0,41,43.7,44.6,20,46.7,48.0,48.0,43.8,35.0,160580.0,409
2023-05-10 22:03:52,i2401-C-700,i2401-C-700,43.8,0.0,0.0,0.0,20,43.8,44.6,10,46.7,48.0,48.0,43.8,35.0,160580.0,409
2023-05-10 22:03:58,i2401-C-700,i2401-C-700,43.8,0.0,0.0,0.0,30,43.8,44.6,10,46.7,48.0,48.0,43.8,35.0,160580.0,409
2023-05-10 22:03:59,i2401-C-700,i2401-C-700,43.8,0.0,0.0,0.0,20,43.8,44.6,10,46.7,48.0,48.0,43.8,35.0,160580.0,409
2023-05-10 22:04:02,i2401-C-700,i2401-C-700,43.8,0.0,0.0,0.0,10,43.8,44.6,10,46.7,48.0,48.0,43.8,35.0,160580.0,409
2023-05-10 22:04:02,i2401-C-700,i2401-C-700,43.8,0.0,0.0,0.0,21,43.7,44.6,20,46.7,48.0,48.0,43.8,35.0,160580.0,409
2023-05-10 22:04:05,i2401-C-700,i2401-C-700,43.8,0.0,0.0,0.0,31,43.7,44.6,20,46.7,48.0,48.0,43.8,35.0,160580.0,409
2023-05-10 22:04:11,i2401-C-700,i2401-C-700,43.8,0.0,0.0,0.0,31,43.7,44.6,10,46.7,48.0,48.0,43.8,35.0,160580.0,409
2023-05-10 22:04:12,i2401-C-700,i2401-C-700,43.8,0.0,0.0,0.0,10,43.9,44.7,10,46.7,48.0,48.0,43.8,35.0,160580.0,409
2023-05-10 22:04:12,i2401-C-700,i2401-C-700,43.8,0.0,0.0,0.0,20,43.9,44.8,30,46.7,48.0,48.0,43.8,35.0,160580.0,409
2023-05-10 22:04:14,i2401-C-700,i2401-C-700,43.8,0.0,0.0,0.0,30,43.9,44.8,30,46.7,48.0,48.0,43.8,35.0,160580.0,409
2023-05-10 22:04:35,i2401-C-700,i2401-C-700,43.8,0.0,0.0,0.0,20,43.9,44.7,10,46.7,48.0,48.0,43.8,35.0,160580.0,409
2023-05-10 22:04:35,i2401-C-700,i2401-C-700,43.8,0.0,0.0,0.0,41,43.7,44.6,10,46.7,48.0,48.0,43.8,35.0,160580.0,409
2023-05-10 22:04:37,i2401-C-700,i2401-C-700,43.8,0.0,0.0,0.0,31,43.7,44.5,10,46.7,48.0,48.0,43.8,35.0,160580.0,409
2023-05-10 22:04:38,i2401-C-700,i2401-C-700,43.8,0.0,0.0,0.0,21,43.7,44.5,20,46.7,48.0,48.0,43.8,35.0,160580.0,409
2023-05-10 22:04:38,i2401-C-700,i2401-C-700,43.8,0.0,0.0,0.0,31,43.7,44.5,10,46.7,48.0,48.0,43.8,35.0,160580.0,409
2023-05-10 22:04:38,i2401-C-700,i2401-C-700,43.8,0.0,0.0,0.0,41,43.7,44.6,30,46.7,48.0,48.0,43.8,35.0,160580.0,409
2023-05-10 22:04:40,i2401-C-700,i2401-C-700,43.8,0.0,0.0,0.0,51,43.7,44.6,30,46.7,48.0,48.0,43.8,35.0,160580.0,409
2023-05-10 22:04:42,i2401-C-700,i2401-C-700,43.8,0.0,0.0,0.0,41,43.7,44.5,10,46.7,48.0,48.0,43.8,35.0,160580.0,409
2023-05-10 22:04:42,i2401-C-700,i2401-C-700,43.8,0.0,0.0,0.0,51,43.7,44.5,10,46.7,48.0,48.0,43.8,35.0,160580.0,409
2023-05-10 22:04:43,i2401-C-700,i2401-C-700,43.8,0.0,0.0,0.0,61,43.7,44.6,30,46.7,48.0,48.0,43.8,35.0,160580.0,409
2023-05-10 22:04:44,i2401-C-700,i2401-C-700,43.8,0.0,0.0,0.0,51,43.7,44.6,30,46.7,48.0,48.0,43.8,35.0,160580.0,409
2023-05-10 22:04:48,i2401-C-700,i2401-C-700,43.8,0.0,0.0,0.0,10,43.8,44.6,20,46.7,48.0,48.0,43.8,35.0,160580.0,409
2023-05-10 22:04:59,i2401-C-700,i2401-C-700,43.8,0.0,0.0,0.0,20,43.8,44.6,20,46.7,48.0,48.0,43.8,35.0,160580.0,409
2023-05-10 22:05:02,i2401-C-700,i2401-C-700,43.8,0.0,0.0,0.0,10,43.8,44.6,20,46.7,48.0,48.0,43.8,35.0,160580.0,409
2023-05-10 22:05:17,i2401-C-700,i2401-C-700,43.8,0.0,0.0,0.0,20,43.8,44.6,20,46.7,48.0,48.0,43.8,35.0,160580.0,409
2023-05-10 22:05:29,i2401-C-700,i2401-C-700,43.8,0.0,0.0,0.0,40,43.8,44.8,30,46.7,48.0,48.0,43.8,35.0,160580.0,409
2023-05-10 22:05:35,i2401-C-700,i2401-C-700,43.8,0.0,0.0,0.0,10,44.0,44.8,20,46.7,48.0,48.0,43.8,35.0,160580.0,409
2023-05-10 22:05:36,i2401-C-700,i2401-C-700,43.8,0.0,0.0,0.0,40,44.0,44.8,10,46.7,48.0,48.0,43.8,35.0,160580.0,409
2023-05-10 22:05:36,i2401-C-700,i2401-C-700,43.8,0.0,0.0,0.0,30,44.0,44.8,10,46.7,48.0,48.0,43.8,35.0,160580.0,409
2023-05-10 22:05:40,i2401-C-700,i2401-C-700,43.8,0.0,0.0,0.0,40,44.0,44.8,10,46.7,48.0,48.0,43.8,35.0,160580.0,409
2023-05-10 22:05:41,i2401-C-700,i2401-C-700,43.8,0.0,0.0,0.0,20,44.0,44.7,10,46.7,48.0,48.0,43.8,35.0,160580.0,409
2023-05-10 22:05:41,i2401-C-700,i2401-C-700,43.8,0.0,0.0,0.0,40,43.8,44.7,10,46.7,48.0,48.0,43.8,35.0,160580.0,409
2023-05-10 22:05:44,i2401-C-700,i2401-C-700,43.8,0.0,0.0,0.0,20,43.9,44.8,30,46.7,48.0,48.0,43.8,35.0,160580.0,409
2023-05-10 22:05:45,i2401-C-700,i2401-C-700,43.8,0.0,0.0,0.0,30,43.9,44.8,30,46.7,48.0,48.0,43.8,35.0,160580.0,409
2023-05-10 22:05:46,i2401-C-700,i2401-C-700,43.8,0.0,0.0,0.0,10,44.0,44.8,20,46.7,48.0,48.0,43.8,35.0,160580.0,409
2023-05-10 22:05:46,i2401-C-700,i2401-C-700,43.8,0.0,0.0,0.0,30,44.0,44.8,20,46.7,48.0,48.0,43.8,35.0,160580.0,409
2023-05-10 22:05:49,i2401-C-700,i2401-C-700,43.8,0.0,0.0,0.0,40,44.0,44.8,10,46.7,48.0,48.0,43.8,35.0,160580.0,409
2023-05-10 22:05:50,i2401-C-700,i2401-C-700,43.8,0.0,0.0,0.0,30,44.0,44.8,10,46.7,48.0,48.0,43.8,35.0,160580.0,409
2023-05-10 22:05:53,i2401-C-700,i2401-C-700,43.8,0.0,0.0,0.0,40,44.0,44.8,10,46.7,48.0,48.0,43.8,35.0,160580.0,409
2023-05-10 22:05:54,i2401-C-700,i2401-C-700,43.8,0.0,0.0,0.0,40,44.0,44.9,10,46.7,48.0,48.0,43.8,35.0,160580.0,409
2023-05-10 22:06:11,i2401-C-700,i2401-C-700,43.8,0.0,0.0,0.0,10,44.2,45.0,20,46.7,48.0,48.0,43.8,35.0,160580.0,409
2023-05-10 22:06:12,i2401-C-700,i2401-C-700,43.8,0.0,0.0,0.0,30,44.3,45.2,21,46.7,48.0,48.0,43.8,35.0,160580.0,409
2023-05-10 22:06:13,i2401-C-700,i2401-C-700,43.8,0.0,0.0,0.0,40,44.3,45.2,21,46.7,48.0,48.0,43.8,35.0,160580.0,409
2023-05-10 22:06:24,i2401-C-700,i2401-C-700,43.8,0.0,0.0,0.0,30,44.4,45.2,10,46.7,48.0,48.0,43.8,35.0,160580.0,409
2023-05-10 22:06:29,i2401-C-700,i2401-C-700,43.8,0.0,0.0,0.0,10,44.6,45.4,10,46.7,48.0,48.0,43.8,35.0,160580.0,409
2023-05-10 22:06:29,i2401-C-700,i2401-C-700,43.8,0.0,0.0,0.0,20,44.6,45.4,10,46.7,48.0,48.0,43.8,35.0,160580.0,409
