time,symbol_id,symbol_name,last,trade_volume,trade_amount,open_interest_change,bv1,bp1,ap1,av1,yesterday_close,today_open,today_high,today_low,volume,amount,open_interest
2023-05-10 20:56:00,i2404-C-810,i2404-C-810,24.2,0.0,0.0,0.0,1,0.1,0.0,0,24.2,0.0,0.0,0.0,0.0,0.0,0
2023-05-10 21:00:05,i2404-C-810,i2404-C-810,24.2,0.0,0.0,0.0,10,0.2,0.0,0,24.2,0.0,0.0,0.0,0.0,0.0,0
2023-05-10 21:00:12,i2404-C-810,i2404-C-810,24.2,0.0,0.0,0.0,1,2.0,0.0,0,24.2,0.0,0.0,0.0,0.0,0.0,0
2023-05-10 21:00:12,i2404-C-810,i2404-C-810,24.2,0.0,0.0,0.0,10,2.1,0.0,0,24.2,0.0,0.0,0.0,0.0,0.0,0
2023-05-10 21:04:00,i2404-C-810,i2404-C-810,24.2,0.0,0.0,0.0,1,2.2,0.0,0,24.2,0.0,0.0,0.0,0.0,0.0,0
2023-05-10 21:04:00,i2404-C-810,i2404-C-810,24.2,0.0,0.0,0.0,10,2.3,0.0,0,24.2,0.0,0.0,0.0,0.0,0.0,0
2023-05-10 21:04:38,i2404-C-810,i2404-C-810,24.2,0.0,0.0,0.0,1,2.4,0.0,0,24.2,0.0,0.0,0.0,0.0,0.0,0
2023-05-10 21:04:38,i2404-C-810,i2404-C-810,24.2,0.0,0.0,0.0,10,2.5,0.0,0,24.2,0.0,0.0,0.0,0.0,0.0,0
2023-05-10 21:04:41,i2404-C-810,i2404-C-810,24.2,0.0,0.0,0.0,1,2.6,0.0,0,24.2,0.0,0.0,0.0,0.0,0.0,0
2023-05-10 21:04:41,i2404-C-810,i2404-C-810,24.2,0.0,0.0,0.0,10,2.7,0.0,0,24.2,0.0,0.0,0.0,0.0,0.0,0
2023-05-10 21:05:09,i2404-C-810,i2404-C-810,24.2,0.0,0.0,0.0,1,2.8,0.0,0,24.2,0.0,0.0,0.0,0.0,0.0,0
2023-05-10 21:05:09,i2404-C-810,i2404-C-810,24.2,0.0,0.0,0.0,10,2.9,0.0,0,24.2,0.0,0.0,0.0,0.0,0.0,0
2023-05-10 21:05:59,i2404-C-810,i2404-C-810,24.2,0.0,0.0,0.0,1,3.0,0.0,0,24.2,0.0,0.0,0.0,0.0,0.0,0
2023-05-10 21:05:59,i2404-C-810,i2404-C-810,24.2,0.0,0.0,0.0,10,3.1,0.0,0,24.2,0.0,0.0,0.0,0.0,0.0,0
2023-05-10 21:06:03,i2404-C-810,i2404-C-810,24.2,0.0,0.0,0.0,1,3.2,0.0,0,24.2,0.0,0.0,0.0,0.0,0.0,0
2023-05-10 21:06:03,i2404-C-810,i2404-C-810,24.2,0.0,0.0,0.0,10,3.3,0.0,0,24.2,0.0,0.0,0.0,0.0,0.0,0
2023-05-10 21:06:04,i2404-C-810,i2404-C-810,24.2,0.0,0.0,0.0,1,3.4,0.0,0,24.2,0.0,0.0,0.0,0.0,0.0,0
2023-05-10 21:06:04,i2404-C-810,i2404-C-810,24.2,0.0,0.0,0.0,10,3.5,0.0,0,24.2,0.0,0.0,0.0,0.0,0.0,0
2023-05-10 21:06:06,i2404-C-810,i2404-C-810,24.2,0.0,0.0,0.0,1,3.6,0.0,0,24.2,0.0,0.0,0.0,0.0,0.0,0
2023-05-10 21:06:06,i2404-C-810,i2404-C-810,24.2,0.0,0.0,0.0,10,3.7,0.0,0,24.2,0.0,0.0,0.0,0.0,0.0,0
2023-05-10 21:06:08,i2404-C-810,i2404-C-810,24.2,0.0,0.0,0.0,1,3.8,0.0,0,24.2,0.0,0.0,0.0,0.0,0.0,0
2023-05-10 21:06:08,i2404-C-810,i2404-C-810,24.2,0.0,0.0,0.0,10,3.9,0.0,0,24.2,0.0,0.0,0.0,0.0,0.0,0
2023-05-10 21:06:09,i2404-C-810,i2404-C-810,24.2,0.0,0.0,0.0,1,4.0,0.0,0,24.2,0.0,0.0,0.0,0.0,0.0,0
2023-05-10 21:06:09,i2404-C-810,i2404-C-810,24.2,0.0,0.0,0.0,10,4.1,0.0,0,24.2,0.0,0.0,0.0,0.0,0.0,0
2023-05-10 21:06:11,i2404-C-810,i2404-C-810,24.2,0.0,0.0,0.0,1,4.2,0.0,0,24.2,0.0,0.0,0.0,0.0,0.0,0
2023-05-10 21:06:11,i2404-C-810,i2404-C-810,24.2,0.0,0.0,0.0,10,4.3,0.0,0,24.2,0.0,0.0,0.0,0.0,0.0,0
2023-05-10 21:06:12,i2404-C-810,i2404-C-810,24.2,0.0,0.0,0.0,1,4.4,0.0,0,24.2,0.0,0.0,0.0,0.0,0.0,0
2023-05-10 21:06:12,i2404-C-810,i2404-C-810,24.2,0.0,0.0,0.0,10,4.5,0.0,0,24.2,0.0,0.0,0.0,0.0,0.0,0
2023-05-10 21:06:14,i2404-C-810,i2404-C-810,24.2,0.0,0.0,0.0,1,4.6,0.0,0,24.2,0.0,0.0,0.0,0.0,0.0,0
2023-05-10 21:06:14,i2404-C-810,i2404-C-810,24.2,0.0,0.0,0.0,10,4.7,0.0,0,24.2,0.0,0.0,0.0,0.0,0.0,0
2023-05-10 21:06:15,i2404-C-810,i2404-C-810,24.2,0.0,0.0,0.0,1,4.8,0.0,0,24.2,0.0,0.0,0.0,0.0,0.0,0
2023-05-10 21:06:15,i2404-C-810,i2404-C-810,24.2,0.0,0.0,0.0,10,4.9,0.0,0,24.2,0.0,0.0,0.0,0.0,0.0,0
2023-05-10 21:06:16,i2404-C-810,i2404-C-810,24.2,0.0,0.0,0.0,1,5.0,0.0,0,24.2,0.0,0.0,0.0,0.0,0.0,0
2023-05-10 21:06:16,i2404-C-810,i2404-C-810,24.2,0.0,0.0,0.0,10,5.1,0.0,0,24.2,0.0,0.0,0.0,0.0,0.0,0
2023-05-10 21:06:18,i2404-C-810,i2404-C-810,24.2,0.0,0.0,0.0,1,5.2,0.0,0,24.2,0.0,0.0,0.0,0.0,0.0,0
2023-05-10 21:06:18,i2404-C-810,i2404-C-810,24.2,0.0,0.0,0.0,10,5.3,0.0,0,24.2,0.0,0.0,0.0,0.0,0.0,0
2023-05-10 21:06:19,i2404-C-810,i2404-C-810,24.2,0.0,0.0,0.0,1,5.4,0.0,0,24.2,0.0,0.0,0.0,0.0,0.0,0
2023-05-10 21:06:19,i2404-C-810,i2404-C-810,24.2,0.0,0.0,0.0,10,5.5,0.0,0,24.2,0.0,0.0,0.0,0.0,0.0,0
2023-05-10 21:06:20,i2404-C-810,i2404-C-810,24.2,0.0,0.0,0.0,1,5.6,0.0,0,24.2,0.0,0.0,0.0,0.0,0.0,0
2023-05-10 21:06:20,i2404-C-810,i2404-C-810,24.2,0.0,0.0,0.0,10,5.7,0.0,0,24.2,0.0,0.0,0.0,0.0,0.0,0
2023-05-10 21:06:22,i2404-C-810,i2404-C-810,24.2,0.0,0.0,0.0,1,5.8,0.0,0,24.2,0.0,0.0,0.0,0.0,0.0,0
2023-05-10 21:06:22,i2404-C-810,i2404-C-810,24.2,0.0,0.0,0.0,10,5.9,0.0,0,24.2,0.0,0.0,0.0,0.0,0.0,0
2023-05-10 21:06:23,i2404-C-810,i2404-C-810,24.2,0.0,0.0,0.0,1,6.0,0.0,0,24.2,0.0,0.0,0.0,0.0,0.0,0
2023-05-10 21:06:23,i2404-C-810,i2404-C-810,24.2,0.0,0.0,0.0,10,6.1,0.0,0,24.2,0.0,0.0,0.0,0.0,0.0,0
2023-05-10 21:06:24,i2404-C-810,i2404-C-810,24.2,0.0,0.0,0.0,1,6.2,0.0,0,24.2,0.0,0.0,0.0,0.0,0.0,0
2023-05-10 21:06:24,i2404-C-810,i2404-C-810,24.2,0.0,0.0,0.0,10,6.3,0.0,0,24.2,0.0,0.0,0.0,0.0,0.0,0
2023-05-10 21:06:26,i2404-C-810,i2404-C-810,24.2,0.0,0.0,0.0,1,6.4,0.0,0,24.2,0.0,0.0,0.0,0.0,0.0,0
2023-05-10 21:06:26,i2404-C-810,i2404-C-810,24.2,0.0,0.0,0.0,10,6.5,0.0,0,24.2,0.0,0.0,0.0,0.0,0.0,0
2023-05-10 21:06:27,i2404-C-810,i2404-C-810,24.2,0.0,0.0,0.0,1,6.6,0.0,0,24.2,0.0,0.0,0.0,0.0,0.0,0
2023-05-10 21:06:27,i2404-C-810,i2404-C-810,24.2,0.0,0.0,0.0,10,6.7,0.0,0,24.2,0.0,0.0,0.0,0.0,0.0,0
2023-05-10 21:06:28,i2404-C-810,i2404-C-810,24.2,0.0,0.0,0.0,1,6.8,0.0,0,24.2,0.0,0.0,0.0,0.0,0.0,0
2023-05-10 21:06:28,i2404-C-810,i2404-C-810,24.2,0.0,0.0,0.0,10,6.9,0.0,0,24.2,0.0,0.0,0.0,0.0,0.0,0
2023-05-10 21:06:30,i2404-C-810,i2404-C-810,24.2,0.0,0.0,0.0,1,7.0,0.0,0,24.2,0.0,0.0,0.0,0.0,0.0,0
2023-05-10 21:06:30,i2404-C-810,i2404-C-810,24.2,0.0,0.0,0.0,10,7.1,0.0,0,24.2,0.0,0.0,0.0,0.0,0.0,0
2023-05-10 21:06:31,i2404-C-810,i2404-C-810,24.2,0.0,0.0,0.0,1,7.2,0.0,0,24.2,0.0,0.0,0.0,0.0,0.0,0
2023-05-10 21:06:31,i2404-C-810,i2404-C-810,24.2,0.0,0.0,0.0,10,7.3,0.0,0,24.2,0.0,0.0,0.0,0.0,0.0,0
2023-05-10 21:06:32,i2404-C-810,i2404-C-810,24.2,0.0,0.0,0.0,1,7.4,0.0,0,24.2,0.0,0.0,0.0,0.0,0.0,0
2023-05-10 21:06:32,i2404-C-810,i2404-C-810,24.2,0.0,0.0,0.0,10,7.5,0.0,0,24.2,0.0,0.0,0.0,0.0,0.0,0
2023-05-10 21:06:34,i2404-C-810,i2404-C-810,24.2,0.0,0.0,0.0,1,7.6,0.0,0,24.2,0.0,0.0,0.0,0.0,0.0,0
2023-05-10 21:06:34,i2404-C-810,i2404-C-810,24.2,0.0,0.0,0.0,10,7.7,0.0,0,24.2,0.0,0.0,0.0,0.0,0.0,0
2023-05-10 21:06:35,i2404-C-810,i2404-C-810,24.2,0.0,0.0,0.0,1,7.8,0.0,0,24.2,0.0,0.0,0.0,0.0,0.0,0
2023-05-10 21:06:35,i2404-C-810,i2404-C-810,24.2,0.0,0.0,0.0,10,7.9,0.0,0,24.2,0.0,0.0,0.0,0.0,0.0,0
2023-05-10 21:06:36,i2404-C-810,i2404-C-810,24.2,0.0,0.0,0.0,1,8.0,0.0,0,24.2,0.0,0.0,0.0,0.0,0.0,0
2023-05-10 21:06:36,i2404-C-810,i2404-C-810,24.2,0.0,0.0,0.0,10,8.1,0.0,0,24.2,0.0,0.0,0.0,0.0,0.0,0
2023-05-10 21:06:38,i2404-C-810,i2404-C-810,24.2,0.0,0.0,0.0,1,8.2,0.0,0,24.2,0.0,0.0,0.0,0.0,0.0,0
2023-05-10 21:06:38,i2404-C-810,i2404-C-810,24.2,0.0,0.0,0.0,10,8.3,0.0,0,24.2,0.0,0.0,0.0,0.0,0.0,0
2023-05-10 21:06:39,i2404-C-810,i2404-C-810,24.2,0.0,0.0,0.0,1,8.4,0.0,0,24.2,0.0,0.0,0.0,0.0,0.0,0
2023-05-10 21:06:39,i2404-C-810,i2404-C-810,24.2,0.0,0.0,0.0,10,8.5,0.0,0,24.2,0.0,0.0,0.0,0.0,0.0,0
2023-05-10 21:06:40,i2404-C-810,i2404-C-810,24.2,0.0,0.0,0.0,1,8.6,0.0,0,24.2,0.0,0.0,0.0,0.0,0.0,0
2023-05-10 21:06:40,i2404-C-810,i2404-C-810,24.2,0.0,0.0,0.0,10,8.7,0.0,0,24.2,0.0,0.0,0.0,0.0,0.0,0
2023-05-10 21:06:41,i2404-C-810,i2404-C-810,24.2,0.0,0.0,0.0,1,8.8,0.0,0,24.2,0.0,0.0,0.0,0.0,0.0,0
2023-05-10 21:06:41,i2404-C-810,i2404-C-810,24.2,0.0,0.0,0.0,10,8.9,0.0,0,24.2,0.0,0.0,0.0,0.0,0.0,0
2023-05-10 21:06:43,i2404-C-810,i2404-C-810,24.2,0.0,0.0,0.0,1,9.0,0.0,0,24.2,0.0,0.0,0.0,0.0,0.0,0
2023-05-10 21:06:43,i2404-C-810,i2404-C-810,24.2,0.0,0.0,0.0,10,9.1,0.0,0,24.2,0.0,0.0,0.0,0.0,0.0,0
2023-05-10 21:06:44,i2404-C-810,i2404-C-810,24.2,0.0,0.0,0.0,1,9.2,0.0,0,24.2,0.0,0.0,0.0,0.0,0.0,0
2023-05-10 21:06:44,i2404-C-810,i2404-C-810,24.2,0.0,0.0,0.0,10,9.3,0.0,0,24.2,0.0,0.0,0.0,0.0,0.0,0
2023-05-10 21:06:46,i2404-C-810,i2404-C-810,24.2,0.0,0.0,0.0,1,9.4,0.0,0,24.2,0.0,0.0,0.0,0.0,0.0,0
2023-05-10 21:06:46,i2404-C-810,i2404-C-810,24.2,0.0,0.0,0.0,10,9.5,0.0,0,24.2,0.0,0.0,0.0,0.0,0.0,0
2023-05-10 21:06:47,i2404-C-810,i2404-C-810,24.2,0.0,0.0,0.0,1,9.6,0.0,0,24.2,0.0,0.0,0.0,0.0,0.0,0
2023-05-10 21:06:47,i2404-C-810,i2404-C-810,24.2,0.0,0.0,0.0,10,9.7,0.0,0,24.2,0.0,0.0,0.0,0.0,0.0,0
2023-05-10 21:06:48,i2404-C-810,i2404-C-810,24.2,0.0,0.0,0.0,1,9.8,0.0,0,24.2,0.0,0.0,0.0,0.0,0.0,0
2023-05-10 21:06:48,i2404-C-810,i2404-C-810,24.2,0.0,0.0,0.0,10,9.9,0.0,0,24.2,0.0,0.0,0.0,0.0,0.0,0
2023-05-10 21:06:50,i2404-C-810,i2404-C-810,24.2,0.0,0.0,0.0,1,10.0,0.0,0,24.2,0.0,0.0,0.0,0.0,0.0,0
2023-05-10 21:06:50,i2404-C-810,i2404-C-810,24.2,0.0,0.0,0.0,10,10.1,0.0,0,24.2,0.0,0.0,0.0,0.0,0.0,0
2023-05-10 22:57:32,i2404-C-810,i2404-C-810,24.2,0.0,0.0,0.0,2,2.0,0.0,0,24.2,0.0,0.0,0.0,0.0,0.0,0
2023-05-10 22:58:58,i2404-C-810,i2404-C-810,24.2,0.0,0.0,0.0,1,2.0,0.0,0,24.2,0.0,0.0,0.0,0.0,0.0,0
2023-05-10 22:58:58,i2404-C-810,i2404-C-810,24.2,0.0,0.0,0.0,10,2.1,0.0,0,24.2,0.0,0.0,0.0,0.0,0.0,0
2023-05-10 22:59:55,i2404-C-810,i2404-C-810,24.2,0.0,0.0,0.0,1,2.0,0.0,0,24.2,0.0,0.0,0.0,0.0,0.0,0
2023-05-10 22:59:59,i2404-C-810,i2404-C-810,24.2,0.0,0.0,0.0,1,0.5,0.0,0,24.2,0.0,0.0,0.0,0.0,0.0,0
2023-05-11 09:00:13,i2404-C-810,i2404-C-810,24.2,0.0,0.0,0.0,10,1.1,0.0,0,24.2,0.0,0.0,0.0,0.0,0.0,0
2023-05-11 09:02:05,i2404-C-810,i2404-C-810,24.2,0.0,0.0,0.0,1,1.2,0.0,0,24.2,0.0,0.0,0.0,0.0,0.0,0
2023-05-11 09:02:05,i2404-C-810,i2404-C-810,24.2,0.0,0.0,0.0,10,1.3,0.0,0,24.2,0.0,0.0,0.0,0.0,0.0,0
2023-05-11 09:02:52,i2404-C-810,i2404-C-810,24.2,0.0,0.0,0.0,1,1.4,0.0,0,24.2,0.0,0.0,0.0,0.0,0.0,0
2023-05-11 09:02:52,i2404-C-810,i2404-C-810,24.2,0.0,0.0,0.0,10,1.5,0.0,0,24.2,0.0,0.0,0.0,0.0,0.0,0
2023-05-11 09:02:57,i2404-C-810,i2404-C-810,24.2,0.0,0.0,0.0,1,1.6,0.0,0,24.2,0.0,0.0,0.0,0.0,0.0,0
2023-05-11 09:02:57,i2404-C-810,i2404-C-810,24.2,0.0,0.0,0.0,10,1.7,0.0,0,24.2,0.0,0.0,0.0,0.0,0.0,0
2023-05-11 09:03:18,i2404-C-810,i2404-C-810,24.2,0.0,0.0,0.0,1,1.8,0.0,0,24.2,0.0,0.0,0.0,0.0,0.0,0
2023-05-11 09:03:18,i2404-C-810,i2404-C-810,24.2,0.0,0.0,0.0,10,1.9,0.0,0,24.2,0.0,0.0,0.0,0.0,0.0,0
2023-05-11 09:03:33,i2404-C-810,i2404-C-810,24.2,0.0,0.0,0.0,1,2.0,0.0,0,24.2,0.0,0.0,0.0,0.0,0.0,0
2023-05-11 09:03:33,i2404-C-810,i2404-C-810,24.2,0.0,0.0,0.0,10,2.1,0.0,0,24.2,0.0,0.0,0.0,0.0,0.0,0
2023-05-11 09:03:36,i2404-C-810,i2404-C-810,24.2,0.0,0.0,0.0,1,2.2,0.0,0,24.2,0.0,0.0,0.0,0.0,0.0,0
2023-05-11 09:03:36,i2404-C-810,i2404-C-810,24.2,0.0,0.0,0.0,10,2.3,0.0,0,24.2,0.0,0.0,0.0,0.0,0.0,0
2023-05-11 09:03:40,i2404-C-810,i2404-C-810,24.2,0.0,0.0,0.0,1,2.4,0.0,0,24.2,0.0,0.0,0.0,0.0,0.0,0
2023-05-11 09:03:40,i2404-C-810,i2404-C-810,24.2,0.0,0.0,0.0,10,2.5,0.0,0,24.2,0.0,0.0,0.0,0.0,0.0,0
2023-05-11 09:03:45,i2404-C-810,i2404-C-810,24.2,0.0,0.0,0.0,1,2.6,0.0,0,24.2,0.0,0.0,0.0,0.0,0.0,0
2023-05-11 09:03:45,i2404-C-810,i2404-C-810,24.2,0.0,0.0,0.0,10,2.7,0.0,0,24.2,0.0,0.0,0.0,0.0,0.0,0
2023-05-11 09:04:00,i2404-C-810,i2404-C-810,24.2,0.0,0.0,0.0,1,2.8,0.0,0,24.2,0.0,0.0,0.0,0.0,0.0,0
2023-05-11 09:04:00,i2404-C-810,i2404-C-810,24.2,0.0,0.0,0.0,10,2.9,0.0,0,24.2,0.0,0.0,0.0,0.0,0.0,0
2023-05-11 09:04:03,i2404-C-810,i2404-C-810,24.2,0.0,0.0,0.0,1,3.0,0.0,0,24.2,0.0,0.0,0.0,0.0,0.0,0
2023-05-11 09:04:03,i2404-C-810,i2404-C-810,24.2,0.0,0.0,0.0,10,3.1,0.0,0,24.2,0.0,0.0,0.0,0.0,0.0,0
2023-05-11 09:04:09,i2404-C-810,i2404-C-810,24.2,0.0,0.0,0.0,1,3.2,0.0,0,24.2,0.0,0.0,0.0,0.0,0.0,0
2023-05-11 09:04:09,i2404-C-810,i2404-C-810,24.2,0.0,0.0,0.0,10,3.3,0.0,0,24.2,0.0,0.0,0.0,0.0,0.0,0
2023-05-11 09:04:12,i2404-C-810,i2404-C-810,24.2,0.0,0.0,0.0,1,3.4,0.0,0,24.2,0.0,0.0,0.0,0.0,0.0,0
2023-05-11 09:04:12,i2404-C-810,i2404-C-810,24.2,0.0,0.0,0.0,10,3.5,0.0,0,24.2,0.0,0.0,0.0,0.0,0.0,0
2023-05-11 09:04:14,i2404-C-810,i2404-C-810,24.2,0.0,0.0,0.0,1,3.6,0.0,0,24.2,0.0,0.0,0.0,0.0,0.0,0
2023-05-11 09:04:14,i2404-C-810,i2404-C-810,24.2,0.0,0.0,0.0,10,3.7,0.0,0,24.2,0.0,0.0,0.0,0.0,0.0,0
2023-05-11 09:04:17,i2404-C-810,i2404-C-810,24.2,0.0,0.0,0.0,1,3.8,0.0,0,24.2,0.0,0.0,0.0,0.0,0.0,0
2023-05-11 09:04:17,i2404-C-810,i2404-C-810,24.2,0.0,0.0,0.0,10,3.9,0.0,0,24.2,0.0,0.0,0.0,0.0,0.0,0
2023-05-11 09:04:19,i2404-C-810,i2404-C-810,24.2,0.0,0.0,0.0,1,4.0,0.0,0,24.2,0.0,0.0,0.0,0.0,0.0,0
2023-05-11 09:04:19,i2404-C-810,i2404-C-810,24.2,0.0,0.0,0.0,10,4.1,0.0,0,24.2,0.0,0.0,0.0,0.0,0.0,0
2023-05-11 09:04:21,i2404-C-810,i2404-C-810,24.2,0.0,0.0,0.0,1,4.2,0.0,0,24.2,0.0,0.0,0.0,0.0,0.0,0
2023-05-11 09:04:21,i2404-C-810,i2404-C-810,24.2,0.0,0.0,0.0,10,4.3,0.0,0,24.2,0.0,0.0,0.0,0.0,0.0,0
2023-05-11 09:04:23,i2404-C-810,i2404-C-810,24.2,0.0,0.0,0.0,1,4.4,0.0,0,24.2,0.0,0.0,0.0,0.0,0.0,0
2023-05-11 09:04:23,i2404-C-810,i2404-C-810,24.2,0.0,0.0,0.0,10,4.5,0.0,0,24.2,0.0,0.0,0.0,0.0,0.0,0
2023-05-11 09:04:24,i2404-C-810,i2404-C-810,24.2,0.0,0.0,0.0,1,4.6,0.0,0,24.2,0.0,0.0,0.0,0.0,0.0,0
2023-05-11 09:04:24,i2404-C-810,i2404-C-810,24.2,0.0,0.0,0.0,10,4.7,0.0,0,24.2,0.0,0.0,0.0,0.0,0.0,0
2023-05-11 09:04:25,i2404-C-810,i2404-C-810,24.2,0.0,0.0,0.0,1,4.8,0.0,0,24.2,0.0,0.0,0.0,0.0,0.0,0
2023-05-11 09:04:25,i2404-C-810,i2404-C-810,24.2,0.0,0.0,0.0,10,4.9,0.0,0,24.2,0.0,0.0,0.0,0.0,0.0,0
2023-05-11 09:04:26,i2404-C-810,i2404-C-810,24.2,0.0,0.0,0.0,1,5.0,0.0,0,24.2,0.0,0.0,0.0,0.0,0.0,0
2023-05-11 09:04:26,i2404-C-810,i2404-C-810,24.2,0.0,0.0,0.0,10,5.1,0.0,0,24.2,0.0,0.0,0.0,0.0,0.0,0
2023-05-11 09:04:27,i2404-C-810,i2404-C-810,24.2,0.0,0.0,0.0,1,5.2,0.0,0,24.2,0.0,0.0,0.0,0.0,0.0,0
2023-05-11 09:04:27,i2404-C-810,i2404-C-810,24.2,0.0,0.0,0.0,10,5.3,0.0,0,24.2,0.0,0.0,0.0,0.0,0.0,0
2023-05-11 09:04:28,i2404-C-810,i2404-C-810,24.2,0.0,0.0,0.0,1,5.4,0.0,0,24.2,0.0,0.0,0.0,0.0,0.0,0
2023-05-11 09:04:28,i2404-C-810,i2404-C-810,24.2,0.0,0.0,0.0,10,5.5,0.0,0,24.2,0.0,0.0,0.0,0.0,0.0,0
2023-05-11 09:04:29,i2404-C-810,i2404-C-810,24.2,0.0,0.0,0.0,1,5.6,0.0,0,24.2,0.0,0.0,0.0,0.0,0.0,0
2023-05-11 09:04:29,i2404-C-810,i2404-C-810,24.2,0.0,0.0,0.0,10,5.7,0.0,0,24.2,0.0,0.0,0.0,0.0,0.0,0
2023-05-11 09:04:30,i2404-C-810,i2404-C-810,24.2,0.0,0.0,0.0,1,5.8,0.0,0,24.2,0.0,0.0,0.0,0.0,0.0,0
2023-05-11 09:04:30,i2404-C-810,i2404-C-810,24.2,0.0,0.0,0.0,10,5.9,0.0,0,24.2,0.0,0.0,0.0,0.0,0.0,0
2023-05-11 09:04:32,i2404-C-810,i2404-C-810,24.2,0.0,0.0,0.0,1,6.0,0.0,0,24.2,0.0,0.0,0.0,0.0,0.0,0
2023-05-11 09:04:32,i2404-C-810,i2404-C-810,24.2,0.0,0.0,0.0,10,6.1,0.0,0,24.2,0.0,0.0,0.0,0.0,0.0,0
2023-05-11 09:04:33,i2404-C-810,i2404-C-810,24.2,0.0,0.0,0.0,1,6.2,0.0,0,24.2,0.0,0.0,0.0,0.0,0.0,0
2023-05-11 09:04:33,i2404-C-810,i2404-C-810,24.2,0.0,0.0,0.0,10,6.3,0.0,0,24.2,0.0,0.0,0.0,0.0,0.0,0
2023-05-11 09:04:34,i2404-C-810,i2404-C-810,24.2,0.0,0.0,0.0,1,6.4,0.0,0,24.2,0.0,0.0,0.0,0.0,0.0,0
2023-05-11 09:04:34,i2404-C-810,i2404-C-810,24.2,0.0,0.0,0.0,10,6.5,0.0,0,24.2,0.0,0.0,0.0,0.0,0.0,0
2023-05-11 09:04:35,i2404-C-810,i2404-C-810,24.2,0.0,0.0,0.0,1,6.6,0.0,0,24.2,0.0,0.0,0.0,0.0,0.0,0
2023-05-11 09:04:35,i2404-C-810,i2404-C-810,24.2,0.0,0.0,0.0,10,6.7,0.0,0,24.2,0.0,0.0,0.0,0.0,0.0,0
2023-05-11 09:04:36,i2404-C-810,i2404-C-810,24.2,0.0,0.0,0.0,1,6.8,0.0,0,24.2,0.0,0.0,0.0,0.0,0.0,0
2023-05-11 09:04:36,i2404-C-810,i2404-C-810,24.2,0.0,0.0,0.0,10,6.9,0.0,0,24.2,0.0,0.0,0.0,0.0,0.0,0
2023-05-11 09:04:37,i2404-C-810,i2404-C-810,24.2,0.0,0.0,0.0,1,7.0,0.0,0,24.2,0.0,0.0,0.0,0.0,0.0,0
2023-05-11 09:04:37,i2404-C-810,i2404-C-810,24.2,0.0,0.0,0.0,10,7.1,0.0,0,24.2,0.0,0.0,0.0,0.0,0.0,0
2023-05-11 09:04:39,i2404-C-810,i2404-C-810,24.2,0.0,0.0,0.0,1,7.2,0.0,0,24.2,0.0,0.0,0.0,0.0,0.0,0
2023-05-11 09:04:39,i2404-C-810,i2404-C-810,24.2,0.0,0.0,0.0,10,7.3,0.0,0,24.2,0.0,0.0,0.0,0.0,0.0,0
2023-05-11 09:04:40,i2404-C-810,i2404-C-810,24.2,0.0,0.0,0.0,1,7.4,0.0,0,24.2,0.0,0.0,0.0,0.0,0.0,0
2023-05-11 09:04:40,i2404-C-810,i2404-C-810,24.2,0.0,0.0,0.0,10,7.5,0.0,0,24.2,0.0,0.0,0.0,0.0,0.0,0
2023-05-11 09:04:46,i2404-C-810,i2404-C-810,24.2,0.0,0.0,0.0,1,7.6,0.0,0,24.2,0.0,0.0,0.0,0.0,0.0,0
2023-05-11 09:04:46,i2404-C-810,i2404-C-810,24.2,0.0,0.0,0.0,10,7.7,0.0,0,24.2,0.0,0.0,0.0,0.0,0.0,0
2023-05-11 09:05:20,i2404-C-810,i2404-C-810,24.2,0.0,0.0,0.0,1,7.8,0.0,0,24.2,0.0,0.0,0.0,0.0,0.0,0
2023-05-11 09:05:20,i2404-C-810,i2404-C-810,24.2,0.0,0.0,0.0,10,7.9,0.0,0,24.2,0.0,0.0,0.0,0.0,0.0,0
2023-05-11 09:05:21,i2404-C-810,i2404-C-810,24.2,0.0,0.0,0.0,1,8.0,0.0,0,24.2,0.0,0.0,0.0,0.0,0.0,0
2023-05-11 09:05:21,i2404-C-810,i2404-C-810,24.2,0.0,0.0,0.0,10,8.1,0.0,0,24.2,0.0,0.0,0.0,0.0,0.0,0
2023-05-11 09:05:22,i2404-C-810,i2404-C-810,24.2,0.0,0.0,0.0,1,8.2,0.0,0,24.2,0.0,0.0,0.0,0.0,0.0,0
2023-05-11 09:05:22,i2404-C-810,i2404-C-810,24.2,0.0,0.0,0.0,10,8.3,0.0,0,24.2,0.0,0.0,0.0,0.0,0.0,0
2023-05-11 09:05:24,i2404-C-810,i2404-C-810,24.2,0.0,0.0,0.0,1,8.4,0.0,0,24.2,0.0,0.0,0.0,0.0,0.0,0
2023-05-11 09:05:24,i2404-C-810,i2404-C-810,24.2,0.0,0.0,0.0,10,8.5,0.0,0,24.2,0.0,0.0,0.0,0.0,0.0,0
2023-05-11 09:05:25,i2404-C-810,i2404-C-810,24.2,0.0,0.0,0.0,1,8.6,0.0,0,24.2,0.0,0.0,0.0,0.0,0.0,0
2023-05-11 09:05:25,i2404-C-810,i2404-C-810,24.2,0.0,0.0,0.0,10,8.7,0.0,0,24.2,0.0,0.0,0.0,0.0,0.0,0
2023-05-11 09:05:26,i2404-C-810,i2404-C-810,24.2,0.0,0.0,0.0,1,8.8,0.0,0,24.2,0.0,0.0,0.0,0.0,0.0,0
2023-05-11 09:05:26,i2404-C-810,i2404-C-810,24.2,0.0,0.0,0.0,10,8.9,0.0,0,24.2,0.0,0.0,0.0,0.0,0.0,0
2023-05-11 09:05:28,i2404-C-810,i2404-C-810,24.2,0.0,0.0,0.0,1,9.0,0.0,0,24.2,0.0,0.0,0.0,0.0,0.0,0
2023-05-11 09:05:28,i2404-C-810,i2404-C-810,24.2,0.0,0.0,0.0,10,9.1,0.0,0,24.2,0.0,0.0,0.0,0.0,0.0,0
2023-05-11 09:05:29,i2404-C-810,i2404-C-810,24.2,0.0,0.0,0.0,1,9.2,0.0,0,24.2,0.0,0.0,0.0,0.0,0.0,0
2023-05-11 09:05:29,i2404-C-810,i2404-C-810,24.2,0.0,0.0,0.0,10,9.3,0.0,0,24.2,0.0,0.0,0.0,0.0,0.0,0
2023-05-11 09:05:30,i2404-C-810,i2404-C-810,24.2,0.0,0.0,0.0,1,9.4,0.0,0,24.2,0.0,0.0,0.0,0.0,0.0,0
2023-05-11 09:05:30,i2404-C-810,i2404-C-810,24.2,0.0,0.0,0.0,10,9.5,0.0,0,24.2,0.0,0.0,0.0,0.0,0.0,0
2023-05-11 09:05:32,i2404-C-810,i2404-C-810,24.2,0.0,0.0,0.0,1,9.6,0.0,0,24.2,0.0,0.0,0.0,0.0,0.0,0
2023-05-11 09:05:32,i2404-C-810,i2404-C-810,24.2,0.0,0.0,0.0,10,9.7,0.0,0,24.2,0.0,0.0,0.0,0.0,0.0,0
2023-05-11 09:15:55,i2404-C-810,i2404-C-810,24.2,0.0,0.0,0.0,1,9.8,0.0,0,24.2,0.0,0.0,0.0,0.0,0.0,0
2023-05-11 09:15:55,i2404-C-810,i2404-C-810,24.2,0.0,0.0,0.0,10,9.9,0.0,0,24.2,0.0,0.0,0.0,0.0,0.0,0
2023-05-11 10:14:32,i2404-C-810,i2404-C-810,24.2,0.0,0.0,0.0,1,1.5,0.0,0,24.2,0.0,0.0,0.0,0.0,0.0,0
2023-05-11 10:30:06,i2404-C-810,i2404-C-810,24.2,0.0,0.0,0.0,10,1.6,0.0,0,24.2,0.0,0.0,0.0,0.0,0.0,0
2023-05-11 10:30:49,i2404-C-810,i2404-C-810,24.2,0.0,0.0,0.0,1,1.7,0.0,0,24.2,0.0,0.0,0.0,0.0,0.0,0
2023-05-11 10:30:49,i2404-C-810,i2404-C-810,24.2,0.0,0.0,0.0,10,1.8,0.0,0,24.2,0.0,0.0,0.0,0.0,0.0,0
2023-05-11 10:31:29,i2404-C-810,i2404-C-810,24.2,0.0,0.0,0.0,1,1.9,0.0,0,24.2,0.0,0.0,0.0,0.0,0.0,0
2023-05-11 10:31:29,i2404-C-810,i2404-C-810,24.2,0.0,0.0,0.0,10,2.0,0.0,0,24.2,0.0,0.0,0.0,0.0,0.0,0
2023-05-11 10:31:32,i2404-C-810,i2404-C-810,24.2,0.0,0.0,0.0,1,2.1,0.0,0,24.2,0.0,0.0,0.0,0.0,0.0,0
2023-05-11 10:31:32,i2404-C-810,i2404-C-810,24.2,0.0,0.0,0.0,10,2.2,0.0,0,24.2,0.0,0.0,0.0,0.0,0.0,0
2023-05-11 10:31:40,i2404-C-810,i2404-C-810,24.2,0.0,0.0,0.0,1,2.3,0.0,0,24.2,0.0,0.0,0.0,0.0,0.0,0
2023-05-11 10:31:40,i2404-C-810,i2404-C-810,24.2,0.0,0.0,0.0,10,2.4,0.0,0,24.2,0.0,0.0,0.0,0.0,0.0,0
2023-05-11 10:31:58,i2404-C-810,i2404-C-810,24.2,0.0,0.0,0.0,1,2.5,0.0,0,24.2,0.0,0.0,0.0,0.0,0.0,0
2023-05-11 10:31:58,i2404-C-810,i2404-C-810,24.2,0.0,0.0,0.0,10,2.6,0.0,0,24.2,0.0,0.0,0.0,0.0,0.0,0
2023-05-11 10:32:06,i2404-C-810,i2404-C-810,24.2,0.0,0.0,0.0,1,2.7,0.0,0,24.2,0.0,0.0,0.0,0.0,0.0,0
2023-05-11 10:32:06,i2404-C-810,i2404-C-810,24.2,0.0,0.0,0.0,10,2.8,0.0,0,24.2,0.0,0.0,0.0,0.0,0.0,0
2023-05-11 10:32:10,i2404-C-810,i2404-C-810,24.2,0.0,0.0,0.0,1,2.9,0.0,0,24.2,0.0,0.0,0.0,0.0,0.0,0
2023-05-11 10:32:10,i2404-C-810,i2404-C-810,24.2,0.0,0.0,0.0,10,3.0,0.0,0,24.2,0.0,0.0,0.0,0.0,0.0,0
2023-05-11 10:32:16,i2404-C-810,i2404-C-810,24.2,0.0,0.0,0.0,1,3.1,0.0,0,24.2,0.0,0.0,0.0,0.0,0.0,0
2023-05-11 10:32:16,i2404-C-810,i2404-C-810,24.2,0.0,0.0,0.0,10,3.2,0.0,0,24.2,0.0,0.0,0.0,0.0,0.0,0
2023-05-11 10:32:27,i2404-C-810,i2404-C-810,24.2,0.0,0.0,0.0,1,3.3,0.0,0,24.2,0.0,0.0,0.0,0.0,0.0,0
2023-05-11 10:32:27,i2404-C-810,i2404-C-810,24.2,0.0,0.0,0.0,10,3.4,0.0,0,24.2,0.0,0.0,0.0,0.0,0.0,0
2023-05-11 10:32:35,i2404-C-810,i2404-C-810,24.2,0.0,0.0,0.0,1,3.5,0.0,0,24.2,0.0,0.0,0.0,0.0,0.0,0
2023-05-11 10:32:35,i2404-C-810,i2404-C-810,24.2,0.0,0.0,0.0,10,3.6,0.0,0,24.2,0.0,0.0,0.0,0.0,0.0,0
2023-05-11 10:32:49,i2404-C-810,i2404-C-810,24.2,0.0,0.0,0.0,1,3.7,0.0,0,24.2,0.0,0.0,0.0,0.0,0.0,0
2023-05-11 10:32:49,i2404-C-810,i2404-C-810,24.2,0.0,0.0,0.0,10,3.8,0.0,0,24.2,0.0,0.0,0.0,0.0,0.0,0
2023-05-11 10:32:52,i2404-C-810,i2404-C-810,24.2,0.0,0.0,0.0,1,3.9,0.0,0,24.2,0.0,0.0,0.0,0.0,0.0,0
2023-05-11 10:32:52,i2404-C-810,i2404-C-810,24.2,0.0,0.0,0.0,10,4.0,0.0,0,24.2,0.0,0.0,0.0,0.0,0.0,0
2023-05-11 10:32:53,i2404-C-810,i2404-C-810,24.2,0.0,0.0,0.0,1,4.1,0.0,0,24.2,0.0,0.0,0.0,0.0,0.0,0
2023-05-11 10:32:53,i2404-C-810,i2404-C-810,24.2,0.0,0.0,0.0,10,4.2,0.0,0,24.2,0.0,0.0,0.0,0.0,0.0,0
2023-05-11 10:32:55,i2404-C-810,i2404-C-810,24.2,0.0,0.0,0.0,1,4.3,0.0,0,24.2,0.0,0.0,0.0,0.0,0.0,0
2023-05-11 10:32:55,i2404-C-810,i2404-C-810,24.2,0.0,0.0,0.0,10,4.4,0.0,0,24.2,0.0,0.0,0.0,0.0,0.0,0
2023-05-11 10:32:56,i2404-C-810,i2404-C-810,24.2,0.0,0.0,0.0,1,4.5,0.0,0,24.2,0.0,0.0,0.0,0.0,0.0,0
2023-05-11 10:32:56,i2404-C-810,i2404-C-810,24.2,0.0,0.0,0.0,10,4.6,0.0,0,24.2,0.0,0.0,0.0,0.0,0.0,0
2023-05-11 10:32:57,i2404-C-810,i2404-C-810,24.2,0.0,0.0,0.0,1,4.7,0.0,0,24.2,0.0,0.0,0.0,0.0,0.0,0
2023-05-11 10:32:57,i2404-C-810,i2404-C-810,24.2,0.0,0.0,0.0,10,4.8,0.0,0,24.2,0.0,0.0,0.0,0.0,0.0,0
2023-05-11 10:32:58,i2404-C-810,i2404-C-810,24.2,0.0,0.0,0.0,1,4.9,0.0,0,24.2,0.0,0.0,0.0,0.0,0.0,0
2023-05-11 10:32:58,i2404-C-810,i2404-C-810,24.2,0.0,0.0,0.0,10,5.0,0.0,0,24.2,0.0,0.0,0.0,0.0,0.0,0
2023-05-11 10:32:59,i2404-C-810,i2404-C-810,24.2,0.0,0.0,0.0,1,5.1,0.0,0,24.2,0.0,0.0,0.0,0.0,0.0,0
2023-05-11 10:32:59,i2404-C-810,i2404-C-810,24.2,0.0,0.0,0.0,10,5.2,0.0,0,24.2,0.0,0.0,0.0,0.0,0.0,0
2023-05-11 10:33:00,i2404-C-810,i2404-C-810,24.2,0.0,0.0,0.0,1,5.3,0.0,0,24.2,0.0,0.0,0.0,0.0,0.0,0
2023-05-11 10:33:00,i2404-C-810,i2404-C-810,24.2,0.0,0.0,0.0,10,5.4,0.0,0,24.2,0.0,0.0,0.0,0.0,0.0,0
2023-05-11 10:33:01,i2404-C-810,i2404-C-810,24.2,0.0,0.0,0.0,1,5.5,0.0,0,24.2,0.0,0.0,0.0,0.0,0.0,0
2023-05-11 10:33:01,i2404-C-810,i2404-C-810,24.2,0.0,0.0,0.0,10,5.6,0.0,0,24.2,0.0,0.0,0.0,0.0,0.0,0
2023-05-11 10:33:02,i2404-C-810,i2404-C-810,24.2,0.0,0.0,0.0,1,5.7,0.0,0,24.2,0.0,0.0,0.0,0.0,0.0,0
2023-05-11 10:33:02,i2404-C-810,i2404-C-810,24.2,0.0,0.0,0.0,10,5.8,0.0,0,24.2,0.0,0.0,0.0,0.0,0.0,0
2023-05-11 10:33:03,i2404-C-810,i2404-C-810,24.2,0.0,0.0,0.0,1,5.9,0.0,0,24.2,0.0,0.0,0.0,0.0,0.0,0
2023-05-11 10:33:03,i2404-C-810,i2404-C-810,24.2,0.0,0.0,0.0,10,6.0,0.0,0,24.2,0.0,0.0,0.0,0.0,0.0,0
2023-05-11 10:33:04,i2404-C-810,i2404-C-810,24.2,0.0,0.0,0.0,1,6.1,0.0,0,24.2,0.0,0.0,0.0,0.0,0.0,0
2023-05-11 10:33:04,i2404-C-810,i2404-C-810,24.2,0.0,0.0,0.0,10,6.2,0.0,0,24.2,0.0,0.0,0.0,0.0,0.0,0
2023-05-11 10:33:05,i2404-C-810,i2404-C-810,24.2,0.0,0.0,0.0,1,6.3,0.0,0,24.2,0.0,0.0,0.0,0.0,0.0,0
2023-05-11 10:33:05,i2404-C-810,i2404-C-810,24.2,0.0,0.0,0.0,10,6.4,0.0,0,24.2,0.0,0.0,0.0,0.0,0.0,0
2023-05-11 10:33:06,i2404-C-810,i2404-C-810,24.2,0.0,0.0,0.0,1,6.5,0.0,0,24.2,0.0,0.0,0.0,0.0,0.0,0
2023-05-11 10:33:07,i2404-C-810,i2404-C-810,24.2,0.0,0.0,0.0,10,6.6,0.0,0,24.2,0.0,0.0,0.0,0.0,0.0,0
2023-05-11 10:33:08,i2404-C-810,i2404-C-810,24.2,0.0,0.0,0.0,1,6.7,0.0,0,24.2,0.0,0.0,0.0,0.0,0.0,0
2023-05-11 10:33:08,i2404-C-810,i2404-C-810,24.2,0.0,0.0,0.0,10,6.8,0.0,0,24.2,0.0,0.0,0.0,0.0,0.0,0
2023-05-11 10:33:09,i2404-C-810,i2404-C-810,24.2,0.0,0.0,0.0,1,6.9,0.0,0,24.2,0.0,0.0,0.0,0.0,0.0,0
2023-05-11 10:33:09,i2404-C-810,i2404-C-810,24.2,0.0,0.0,0.0,10,7.0,0.0,0,24.2,0.0,0.0,0.0,0.0,0.0,0
2023-05-11 10:33:10,i2404-C-810,i2404-C-810,24.2,0.0,0.0,0.0,1,7.1,0.0,0,24.2,0.0,0.0,0.0,0.0,0.0,0
2023-05-11 10:33:10,i2404-C-810,i2404-C-810,24.2,0.0,0.0,0.0,10,7.2,0.0,0,24.2,0.0,0.0,0.0,0.0,0.0,0
2023-05-11 10:33:11,i2404-C-810,i2404-C-810,24.2,0.0,0.0,0.0,1,7.3,0.0,0,24.2,0.0,0.0,0.0,0.0,0.0,0
2023-05-11 10:33:11,i2404-C-810,i2404-C-810,24.2,0.0,0.0,0.0,10,7.4,0.0,0,24.2,0.0,0.0,0.0,0.0,0.0,0
2023-05-11 10:33:12,i2404-C-810,i2404-C-810,24.2,0.0,0.0,0.0,1,7.5,0.0,0,24.2,0.0,0.0,0.0,0.0,0.0,0
2023-05-11 10:33:12,i2404-C-810,i2404-C-810,24.2,0.0,0.0,0.0,10,7.6,0.0,0,24.2,0.0,0.0,0.0,0.0,0.0,0
2023-05-11 10:33:13,i2404-C-810,i2404-C-810,24.2,0.0,0.0,0.0,1,7.7,0.0,0,24.2,0.0,0.0,0.0,0.0,0.0,0
2023-05-11 10:33:14,i2404-C-810,i2404-C-810,24.2,0.0,0.0,0.0,10,7.8,0.0,0,24.2,0.0,0.0,0.0,0.0,0.0,0
2023-05-11 10:33:14,i2404-C-810,i2404-C-810,24.2,0.0,0.0,0.0,1,7.9,0.0,0,24.2,0.0,0.0,0.0,0.0,0.0,0
2023-05-11 10:33:14,i2404-C-810,i2404-C-810,24.2,0.0,0.0,0.0,10,8.0,0.0,0,24.2,0.0,0.0,0.0,0.0,0.0,0
2023-05-11 10:33:15,i2404-C-810,i2404-C-810,24.2,0.0,0.0,0.0,1,8.1,0.0,0,24.2,0.0,0.0,0.0,0.0,0.0,0
2023-05-11 10:33:15,i2404-C-810,i2404-C-810,24.2,0.0,0.0,0.0,10,8.2,0.0,0,24.2,0.0,0.0,0.0,0.0,0.0,0
2023-05-11 10:33:16,i2404-C-810,i2404-C-810,24.2,0.0,0.0,0.0,1,8.3,0.0,0,24.2,0.0,0.0,0.0,0.0,0.0,0
2023-05-11 10:33:16,i2404-C-810,i2404-C-810,24.2,0.0,0.0,0.0,10,8.4,0.0,0,24.2,0.0,0.0,0.0,0.0,0.0,0
2023-05-11 10:33:18,i2404-C-810,i2404-C-810,24.2,0.0,0.0,0.0,1,8.5,0.0,0,24.2,0.0,0.0,0.0,0.0,0.0,0
2023-05-11 10:33:18,i2404-C-810,i2404-C-810,24.2,0.0,0.0,0.0,10,8.6,0.0,0,24.2,0.0,0.0,0.0,0.0,0.0,0
2023-05-11 10:33:19,i2404-C-810,i2404-C-810,24.2,0.0,0.0,0.0,1,8.7,0.0,0,24.2,0.0,0.0,0.0,0.0,0.0,0
2023-05-11 10:33:19,i2404-C-810,i2404-C-810,24.2,0.0,0.0,0.0,10,8.8,0.0,0,24.2,0.0,0.0,0.0,0.0,0.0,0
2023-05-11 10:33:20,i2404-C-810,i2404-C-810,24.2,0.0,0.0,0.0,1,8.9,0.0,0,24.2,0.0,0.0,0.0,0.0,0.0,0
2023-05-11 10:33:20,i2404-C-810,i2404-C-810,24.2,0.0,0.0,0.0,10,9.0,0.0,0,24.2,0.0,0.0,0.0,0.0,0.0,0
2023-05-11 10:33:21,i2404-C-810,i2404-C-810,24.2,0.0,0.0,0.0,1,9.1,0.0,0,24.2,0.0,0.0,0.0,0.0,0.0,0
2023-05-11 10:33:21,i2404-C-810,i2404-C-810,24.2,0.0,0.0,0.0,10,9.2,0.0,0,24.2,0.0,0.0,0.0,0.0,0.0,0
2023-05-11 10:33:22,i2404-C-810,i2404-C-810,24.2,0.0,0.0,0.0,1,9.3,0.0,0,24.2,0.0,0.0,0.0,0.0,0.0,0
2023-05-11 10:33:22,i2404-C-810,i2404-C-810,24.2,0.0,0.0,0.0,10,9.4,0.0,0,24.2,0.0,0.0,0.0,0.0,0.0,0
2023-05-11 10:33:24,i2404-C-810,i2404-C-810,24.2,0.0,0.0,0.0,1,9.5,0.0,0,24.2,0.0,0.0,0.0,0.0,0.0,0
2023-05-11 10:33:24,i2404-C-810,i2404-C-810,24.2,0.0,0.0,0.0,10,9.6,0.0,0,24.2,0.0,0.0,0.0,0.0,0.0,0
2023-05-11 10:33:25,i2404-C-810,i2404-C-810,24.2,0.0,0.0,0.0,1,9.7,0.0,0,24.2,0.0,0.0,0.0,0.0,0.0,0
2023-05-11 10:33:25,i2404-C-810,i2404-C-810,24.2,0.0,0.0,0.0,10,9.8,0.0,0,24.2,0.0,0.0,0.0,0.0,0.0,0
2023-05-11 11:05:23,i2404-C-810,i2404-C-810,24.2,0.0,0.0,0.0,1,1.5,0.0,0,24.2,0.0,0.0,0.0,0.0,0.0,0
2023-05-11 11:05:24,i2404-C-810,i2404-C-810,24.2,0.0,0.0,0.0,1,1.6,0.0,0,24.2,0.0,0.0,0.0,0.0,0.0,0
2023-05-11 11:07:18,i2404-C-810,i2404-C-810,24.2,0.0,0.0,0.0,10,1.7,0.0,0,24.2,0.0,0.0,0.0,0.0,0.0,0
2023-05-11 11:07:19,i2404-C-810,i2404-C-810,24.2,0.0,0.0,0.0,1,1.8,0.0,0,24.2,0.0,0.0,0.0,0.0,0.0,0
2023-05-11 11:07:19,i2404-C-810,i2404-C-810,24.2,0.0,0.0,0.0,10,1.9,0.0,0,24.2,0.0,0.0,0.0,0.0,0.0,0
2023-05-11 11:07:21,i2404-C-810,i2404-C-810,24.2,0.0,0.0,0.0,1,2.0,0.0,0,24.2,0.0,0.0,0.0,0.0,0.0,0
2023-05-11 11:07:21,i2404-C-810,i2404-C-810,24.2,0.0,0.0,0.0,10,2.1,0.0,0,24.2,0.0,0.0,0.0,0.0,0.0,0
2023-05-11 11:07:22,i2404-C-810,i2404-C-810,24.2,0.0,0.0,0.0,1,2.2,0.0,0,24.2,0.0,0.0,0.0,0.0,0.0,0
2023-05-11 11:07:22,i2404-C-810,i2404-C-810,24.2,0.0,0.0,0.0,10,2.3,0.0,0,24.2,0.0,0.0,0.0,0.0,0.0,0
2023-05-11 11:07:24,i2404-C-810,i2404-C-810,24.2,0.0,0.0,0.0,1,2.4,0.0,0,24.2,0.0,0.0,0.0,0.0,0.0,0
2023-05-11 11:07:24,i2404-C-810,i2404-C-810,24.2,0.0,0.0,0.0,10,2.5,0.0,0,24.2,0.0,0.0,0.0,0.0,0.0,0
2023-05-11 11:07:25,i2404-C-810,i2404-C-810,24.2,0.0,0.0,0.0,1,2.6,0.0,0,24.2,0.0,0.0,0.0,0.0,0.0,0
2023-05-11 11:07:25,i2404-C-810,i2404-C-810,24.2,0.0,0.0,0.0,10,2.7,0.0,0,24.2,0.0,0.0,0.0,0.0,0.0,0
2023-05-11 11:07:26,i2404-C-810,i2404-C-810,24.2,0.0,0.0,0.0,1,2.8,0.0,0,24.2,0.0,0.0,0.0,0.0,0.0,0
2023-05-11 11:07:26,i2404-C-810,i2404-C-810,24.2,0.0,0.0,0.0,10,2.9,0.0,0,24.2,0.0,0.0,0.0,0.0,0.0,0
2023-05-11 11:07:27,i2404-C-810,i2404-C-810,24.2,0.0,0.0,0.0,1,3.0,0.0,0,24.2,0.0,0.0,0.0,0.0,0.0,0
2023-05-11 11:07:27,i2404-C-810,i2404-C-810,24.2,0.0,0.0,0.0,10,3.1,0.0,0,24.2,0.0,0.0,0.0,0.0,0.0,0
2023-05-11 11:07:28,i2404-C-810,i2404-C-810,24.2,0.0,0.0,0.0,1,3.2,0.0,0,24.2,0.0,0.0,0.0,0.0,0.0,0
2023-05-11 11:07:28,i2404-C-810,i2404-C-810,24.2,0.0,0.0,0.0,10,3.3,0.0,0,24.2,0.0,0.0,0.0,0.0,0.0,0
2023-05-11 11:07:29,i2404-C-810,i2404-C-810,24.2,0.0,0.0,0.0,1,3.4,0.0,0,24.2,0.0,0.0,0.0,0.0,0.0,0
2023-05-11 11:07:29,i2404-C-810,i2404-C-810,24.2,0.0,0.0,0.0,10,3.5,0.0,0,24.2,0.0,0.0,0.0,0.0,0.0,0
2023-05-11 11:07:30,i2404-C-810,i2404-C-810,24.2,0.0,0.0,0.0,1,3.6,0.0,0,24.2,0.0,0.0,0.0,0.0,0.0,0
2023-05-11 11:07:30,i2404-C-810,i2404-C-810,24.2,0.0,0.0,0.0,10,3.7,0.0,0,24.2,0.0,0.0,0.0,0.0,0.0,0
2023-05-11 11:07:31,i2404-C-810,i2404-C-810,24.2,0.0,0.0,0.0,1,3.8,0.0,0,24.2,0.0,0.0,0.0,0.0,0.0,0
2023-05-11 11:07:32,i2404-C-810,i2404-C-810,24.2,0.0,0.0,0.0,10,3.9,0.0,0,24.2,0.0,0.0,0.0,0.0,0.0,0
2023-05-11 11:07:33,i2404-C-810,i2404-C-810,24.2,0.0,0.0,0.0,1,4.0,0.0,0,24.2,0.0,0.0,0.0,0.0,0.0,0
2023-05-11 11:07:33,i2404-C-810,i2404-C-810,24.2,0.0,0.0,0.0,10,4.1,0.0,0,24.2,0.0,0.0,0.0,0.0,0.0,0
2023-05-11 11:07:34,i2404-C-810,i2404-C-810,24.2,0.0,0.0,0.0,1,4.2,0.0,0,24.2,0.0,0.0,0.0,0.0,0.0,0
2023-05-11 11:07:34,i2404-C-810,i2404-C-810,24.2,0.0,0.0,0.0,10,4.3,0.0,0,24.2,0.0,0.0,0.0,0.0,0.0,0
2023-05-11 11:07:35,i2404-C-810,i2404-C-810,24.2,0.0,0.0,0.0,1,4.4,0.0,0,24.2,0.0,0.0,0.0,0.0,0.0,0
2023-05-11 11:07:35,i2404-C-810,i2404-C-810,24.2,0.0,0.0,0.0,10,4.5,0.0,0,24.2,0.0,0.0,0.0,0.0,0.0,0
2023-05-11 11:07:36,i2404-C-810,i2404-C-810,24.2,0.0,0.0,0.0,1,4.6,0.0,0,24.2,0.0,0.0,0.0,0.0,0.0,0
2023-05-11 11:07:36,i2404-C-810,i2404-C-810,24.2,0.0,0.0,0.0,10,4.7,0.0,0,24.2,0.0,0.0,0.0,0.0,0.0,0
2023-05-11 11:07:38,i2404-C-810,i2404-C-810,24.2,0.0,0.0,0.0,1,4.8,0.0,0,24.2,0.0,0.0,0.0,0.0,0.0,0
2023-05-11 11:07:38,i2404-C-810,i2404-C-810,24.2,0.0,0.0,0.0,10,4.9,0.0,0,24.2,0.0,0.0,0.0,0.0,0.0,0
2023-05-11 11:07:39,i2404-C-810,i2404-C-810,24.2,0.0,0.0,0.0,1,5.0,0.0,0,24.2,0.0,0.0,0.0,0.0,0.0,0
2023-05-11 11:07:39,i2404-C-810,i2404-C-810,24.2,0.0,0.0,0.0,10,5.1,0.0,0,24.2,0.0,0.0,0.0,0.0,0.0,0
2023-05-11 11:07:40,i2404-C-810,i2404-C-810,24.2,0.0,0.0,0.0,1,5.2,0.0,0,24.2,0.0,0.0,0.0,0.0,0.0,0
2023-05-11 11:07:40,i2404-C-810,i2404-C-810,24.2,0.0,0.0,0.0,10,5.3,0.0,0,24.2,0.0,0.0,0.0,0.0,0.0,0
2023-05-11 11:07:41,i2404-C-810,i2404-C-810,24.2,0.0,0.0,0.0,1,5.4,0.0,0,24.2,0.0,0.0,0.0,0.0,0.0,0
2023-05-11 11:07:41,i2404-C-810,i2404-C-810,24.2,0.0,0.0,0.0,10,5.5,0.0,0,24.2,0.0,0.0,0.0,0.0,0.0,0
2023-05-11 11:07:42,i2404-C-810,i2404-C-810,24.2,0.0,0.0,0.0,1,5.6,0.0,0,24.2,0.0,0.0,0.0,0.0,0.0,0
2023-05-11 11:07:42,i2404-C-810,i2404-C-810,24.2,0.0,0.0,0.0,10,5.7,0.0,0,24.2,0.0,0.0,0.0,0.0,0.0,0
2023-05-11 11:07:43,i2404-C-810,i2404-C-810,24.2,0.0,0.0,0.0,1,5.8,0.0,0,24.2,0.0,0.0,0.0,0.0,0.0,0
2023-05-11 11:07:43,i2404-C-810,i2404-C-810,24.2,0.0,0.0,0.0,10,5.9,0.0,0,24.2,0.0,0.0,0.0,0.0,0.0,0
2023-05-11 11:07:44,i2404-C-810,i2404-C-810,24.2,0.0,0.0,0.0,1,6.0,0.0,0,24.2,0.0,0.0,0.0,0.0,0.0,0
2023-05-11 11:07:44,i2404-C-810,i2404-C-810,24.2,0.0,0.0,0.0,10,6.1,0.0,0,24.2,0.0,0.0,0.0,0.0,0.0,0
2023-05-11 11:07:45,i2404-C-810,i2404-C-810,24.2,0.0,0.0,0.0,1,6.2,0.0,0,24.2,0.0,0.0,0.0,0.0,0.0,0
2023-05-11 11:07:45,i2404-C-810,i2404-C-810,24.2,0.0,0.0,0.0,10,6.3,0.0,0,24.2,0.0,0.0,0.0,0.0,0.0,0
2023-05-11 11:07:46,i2404-C-810,i2404-C-810,24.2,0.0,0.0,0.0,1,6.4,0.0,0,24.2,0.0,0.0,0.0,0.0,0.0,0
2023-05-11 11:07:46,i2404-C-810,i2404-C-810,24.2,0.0,0.0,0.0,10,6.5,0.0,0,24.2,0.0,0.0,0.0,0.0,0.0,0
2023-05-11 11:07:47,i2404-C-810,i2404-C-810,24.2,0.0,0.0,0.0,1,6.6,0.0,0,24.2,0.0,0.0,0.0,0.0,0.0,0
2023-05-11 11:07:47,i2404-C-810,i2404-C-810,24.2,0.0,0.0,0.0,10,6.7,0.0,0,24.2,0.0,0.0,0.0,0.0,0.0,0
2023-05-11 11:07:48,i2404-C-810,i2404-C-810,24.2,0.0,0.0,0.0,1,6.8,0.0,0,24.2,0.0,0.0,0.0,0.0,0.0,0
2023-05-11 11:07:48,i2404-C-810,i2404-C-810,24.2,0.0,0.0,0.0,10,6.9,0.0,0,24.2,0.0,0.0,0.0,0.0,0.0,0
2023-05-11 11:07:49,i2404-C-810,i2404-C-810,24.2,0.0,0.0,0.0,1,7.0,0.0,0,24.2,0.0,0.0,0.0,0.0,0.0,0
2023-05-11 11:07:49,i2404-C-810,i2404-C-810,24.2,0.0,0.0,0.0,10,7.1,0.0,0,24.2,0.0,0.0,0.0,0.0,0.0,0
2023-05-11 11:07:50,i2404-C-810,i2404-C-810,24.2,0.0,0.0,0.0,1,7.2,0.0,0,24.2,0.0,0.0,0.0,0.0,0.0,0
2023-05-11 11:07:50,i2404-C-810,i2404-C-810,24.2,0.0,0.0,0.0,10,7.3,0.0,0,24.2,0.0,0.0,0.0,0.0,0.0,0
2023-05-11 11:07:51,i2404-C-810,i2404-C-810,24.2,0.0,0.0,0.0,1,7.4,0.0,0,24.2,0.0,0.0,0.0,0.0,0.0,0
2023-05-11 11:07:51,i2404-C-810,i2404-C-810,24.2,0.0,0.0,0.0,10,7.5,0.0,0,24.2,0.0,0.0,0.0,0.0,0.0,0
2023-05-11 11:07:52,i2404-C-810,i2404-C-810,24.2,0.0,0.0,0.0,1,7.6,0.0,0,24.2,0.0,0.0,0.0,0.0,0.0,0
2023-05-11 11:07:52,i2404-C-810,i2404-C-810,24.2,0.0,0.0,0.0,10,7.7,0.0,0,24.2,0.0,0.0,0.0,0.0,0.0,0
2023-05-11 11:07:53,i2404-C-810,i2404-C-810,24.2,0.0,0.0,0.0,1,7.8,0.0,0,24.2,0.0,0.0,0.0,0.0,0.0,0
2023-05-11 11:07:53,i2404-C-810,i2404-C-810,24.2,0.0,0.0,0.0,10,7.9,0.0,0,24.2,0.0,0.0,0.0,0.0,0.0,0
2023-05-11 11:07:54,i2404-C-810,i2404-C-810,24.2,0.0,0.0,0.0,1,8.0,0.0,0,24.2,0.0,0.0,0.0,0.0,0.0,0
2023-05-11 11:07:54,i2404-C-810,i2404-C-810,24.2,0.0,0.0,0.0,10,8.1,0.0,0,24.2,0.0,0.0,0.0,0.0,0.0,0
2023-05-11 11:07:55,i2404-C-810,i2404-C-810,24.2,0.0,0.0,0.0,1,8.2,0.0,0,24.2,0.0,0.0,0.0,0.0,0.0,0
2023-05-11 11:07:55,i2404-C-810,i2404-C-810,24.2,0.0,0.0,0.0,10,8.3,0.0,0,24.2,0.0,0.0,0.0,0.0,0.0,0
2023-05-11 11:07:56,i2404-C-810,i2404-C-810,24.2,0.0,0.0,0.0,1,8.4,0.0,0,24.2,0.0,0.0,0.0,0.0,0.0,0
2023-05-11 11:07:56,i2404-C-810,i2404-C-810,24.2,0.0,0.0,0.0,10,8.5,0.0,0,24.2,0.0,0.0,0.0,0.0,0.0,0
2023-05-11 11:07:57,i2404-C-810,i2404-C-810,24.2,0.0,0.0,0.0,1,8.6,0.0,0,24.2,0.0,0.0,0.0,0.0,0.0,0
2023-05-11 11:07:57,i2404-C-810,i2404-C-810,24.2,0.0,0.0,0.0,10,8.7,0.0,0,24.2,0.0,0.0,0.0,0.0,0.0,0
2023-05-11 11:07:58,i2404-C-810,i2404-C-810,24.2,0.0,0.0,0.0,1,8.8,0.0,0,24.2,0.0,0.0,0.0,0.0,0.0,0
2023-05-11 11:07:58,i2404-C-810,i2404-C-810,24.2,0.0,0.0,0.0,10,8.9,0.0,0,24.2,0.0,0.0,0.0,0.0,0.0,0
2023-05-11 11:07:59,i2404-C-810,i2404-C-810,24.2,0.0,0.0,0.0,1,9.0,0.0,0,24.2,0.0,0.0,0.0,0.0,0.0,0
2023-05-11 11:07:59,i2404-C-810,i2404-C-810,24.2,0.0,0.0,0.0,10,9.1,0.0,0,24.2,0.0,0.0,0.0,0.0,0.0,0
2023-05-11 11:08:00,i2404-C-810,i2404-C-810,24.2,0.0,0.0,0.0,1,9.2,0.0,0,24.2,0.0,0.0,0.0,0.0,0.0,0
2023-05-11 11:08:00,i2404-C-810,i2404-C-810,24.2,0.0,0.0,0.0,10,9.3,0.0,0,24.2,0.0,0.0,0.0,0.0,0.0,0
2023-05-11 11:08:01,i2404-C-810,i2404-C-810,24.2,0.0,0.0,0.0,1,9.4,0.0,0,24.2,0.0,0.0,0.0,0.0,0.0,0
2023-05-11 11:08:01,i2404-C-810,i2404-C-810,24.2,0.0,0.0,0.0,10,9.5,0.0,0,24.2,0.0,0.0,0.0,0.0,0.0,0
2023-05-11 11:08:02,i2404-C-810,i2404-C-810,24.2,0.0,0.0,0.0,1,9.6,0.0,0,24.2,0.0,0.0,0.0,0.0,0.0,0
2023-05-11 11:08:02,i2404-C-810,i2404-C-810,24.2,0.0,0.0,0.0,10,9.7,0.0,0,24.2,0.0,0.0,0.0,0.0,0.0,0
2023-05-11 11:08:18,i2404-C-810,i2404-C-810,24.2,0.0,0.0,0.0,1,9.8,0.0,0,24.2,0.0,0.0,0.0,0.0,0.0,0
2023-05-11 11:08:18,i2404-C-810,i2404-C-810,24.2,0.0,0.0,0.0,10,9.9,0.0,0,24.2,0.0,0.0,0.0,0.0,0.0,0
2023-05-11 11:10:17,i2404-C-810,i2404-C-810,24.2,0.0,0.0,0.0,1,1.5,0.0,0,24.2,0.0,0.0,0.0,0.0,0.0,0
2023-05-11 11:10:18,i2404-C-810,i2404-C-810,24.2,0.0,0.0,0.0,1,1.6,0.0,0,24.2,0.0,0.0,0.0,0.0,0.0,0
2023-05-11 11:11:32,i2404-C-810,i2404-C-810,24.2,0.0,0.0,0.0,10,1.7,0.0,0,24.2,0.0,0.0,0.0,0.0,0.0,0
2023-05-11 11:11:34,i2404-C-810,i2404-C-810,24.2,0.0,0.0,0.0,1,1.8,0.0,0,24.2,0.0,0.0,0.0,0.0,0.0,0
2023-05-11 11:11:34,i2404-C-810,i2404-C-810,24.2,0.0,0.0,0.0,10,1.9,0.0,0,24.2,0.0,0.0,0.0,0.0,0.0,0
2023-05-11 11:11:35,i2404-C-810,i2404-C-810,24.2,0.0,0.0,0.0,1,2.0,0.0,0,24.2,0.0,0.0,0.0,0.0,0.0,0
2023-05-11 11:11:35,i2404-C-810,i2404-C-810,24.2,0.0,0.0,0.0,10,2.1,0.0,0,24.2,0.0,0.0,0.0,0.0,0.0,0
2023-05-11 11:11:36,i2404-C-810,i2404-C-810,24.2,0.0,0.0,0.0,1,2.2,0.0,0,24.2,0.0,0.0,0.0,0.0,0.0,0
2023-05-11 11:11:36,i2404-C-810,i2404-C-810,24.2,0.0,0.0,0.0,10,2.3,0.0,0,24.2,0.0,0.0,0.0,0.0,0.0,0
2023-05-11 11:11:38,i2404-C-810,i2404-C-810,24.2,0.0,0.0,0.0,1,2.4,0.0,0,24.2,0.0,0.0,0.0,0.0,0.0,0
2023-05-11 11:11:38,i2404-C-810,i2404-C-810,24.2,0.0,0.0,0.0,10,2.5,0.0,0,24.2,0.0,0.0,0.0,0.0,0.0,0
2023-05-11 11:11:39,i2404-C-810,i2404-C-810,24.2,0.0,0.0,0.0,1,2.6,0.0,0,24.2,0.0,0.0,0.0,0.0,0.0,0
2023-05-11 11:11:39,i2404-C-810,i2404-C-810,24.2,0.0,0.0,0.0,10,2.7,0.0,0,24.2,0.0,0.0,0.0,0.0,0.0,0
2023-05-11 11:11:40,i2404-C-810,i2404-C-810,24.2,0.0,0.0,0.0,1,2.8,0.0,0,24.2,0.0,0.0,0.0,0.0,0.0,0
2023-05-11 11:11:40,i2404-C-810,i2404-C-810,24.2,0.0,0.0,0.0,10,2.9,0.0,0,24.2,0.0,0.0,0.0,0.0,0.0,0
2023-05-11 11:11:41,i2404-C-810,i2404-C-810,24.2,0.0,0.0,0.0,1,3.0,0.0,0,24.2,0.0,0.0,0.0,0.0,0.0,0
2023-05-11 11:11:41,i2404-C-810,i2404-C-810,24.2,0.0,0.0,0.0,10,3.1,0.0,0,24.2,0.0,0.0,0.0,0.0,0.0,0
2023-05-11 11:11:42,i2404-C-810,i2404-C-810,24.2,0.0,0.0,0.0,1,3.2,0.0,0,24.2,0.0,0.0,0.0,0.0,0.0,0
2023-05-11 11:11:42,i2404-C-810,i2404-C-810,24.2,0.0,0.0,0.0,10,3.3,0.0,0,24.2,0.0,0.0,0.0,0.0,0.0,0
2023-05-11 11:11:44,i2404-C-810,i2404-C-810,24.2,0.0,0.0,0.0,1,3.4,0.0,0,24.2,0.0,0.0,0.0,0.0,0.0,0
2023-05-11 11:11:44,i2404-C-810,i2404-C-810,24.2,0.0,0.0,0.0,10,3.5,0.0,0,24.2,0.0,0.0,0.0,0.0,0.0,0
2023-05-11 11:11:45,i2404-C-810,i2404-C-810,24.2,0.0,0.0,0.0,1,3.6,0.0,0,24.2,0.0,0.0,0.0,0.0,0.0,0
2023-05-11 11:11:46,i2404-C-810,i2404-C-810,24.2,0.0,0.0,0.0,10,3.7,0.0,0,24.2,0.0,0.0,0.0,0.0,0.0,0
2023-05-11 11:11:46,i2404-C-810,i2404-C-810,24.2,0.0,0.0,0.0,1,3.8,0.0,0,24.2,0.0,0.0,0.0,0.0,0.0,0
2023-05-11 11:11:46,i2404-C-810,i2404-C-810,24.2,0.0,0.0,0.0,10,3.9,0.0,0,24.2,0.0,0.0,0.0,0.0,0.0,0
2023-05-11 11:11:48,i2404-C-810,i2404-C-810,24.2,0.0,0.0,0.0,1,4.0,0.0,0,24.2,0.0,0.0,0.0,0.0,0.0,0
2023-05-11 11:11:48,i2404-C-810,i2404-C-810,24.2,0.0,0.0,0.0,10,4.1,0.0,0,24.2,0.0,0.0,0.0,0.0,0.0,0
2023-05-11 11:11:49,i2404-C-810,i2404-C-810,24.2,0.0,0.0,0.0,1,4.2,0.0,0,24.2,0.0,0.0,0.0,0.0,0.0,0
2023-05-11 11:11:49,i2404-C-810,i2404-C-810,24.2,0.0,0.0,0.0,10,4.3,0.0,0,24.2,0.0,0.0,0.0,0.0,0.0,0
2023-05-11 11:11:50,i2404-C-810,i2404-C-810,24.2,0.0,0.0,0.0,1,4.4,0.0,0,24.2,0.0,0.0,0.0,0.0,0.0,0
2023-05-11 11:11:50,i2404-C-810,i2404-C-810,24.2,0.0,0.0,0.0,10,4.5,0.0,0,24.2,0.0,0.0,0.0,0.0,0.0,0
2023-05-11 11:11:51,i2404-C-810,i2404-C-810,24.2,0.0,0.0,0.0,1,4.6,0.0,0,24.2,0.0,0.0,0.0,0.0,0.0,0
2023-05-11 11:11:51,i2404-C-810,i2404-C-810,24.2,0.0,0.0,0.0,10,4.7,0.0,0,24.2,0.0,0.0,0.0,0.0,0.0,0
2023-05-11 11:11:52,i2404-C-810,i2404-C-810,24.2,0.0,0.0,0.0,1,4.8,0.0,0,24.2,0.0,0.0,0.0,0.0,0.0,0
2023-05-11 11:11:52,i2404-C-810,i2404-C-810,24.2,0.0,0.0,0.0,10,4.9,0.0,0,24.2,0.0,0.0,0.0,0.0,0.0,0
2023-05-11 11:11:53,i2404-C-810,i2404-C-810,24.2,0.0,0.0,0.0,1,5.0,0.0,0,24.2,0.0,0.0,0.0,0.0,0.0,0
2023-05-11 11:11:53,i2404-C-810,i2404-C-810,24.2,0.0,0.0,0.0,10,5.1,0.0,0,24.2,0.0,0.0,0.0,0.0,0.0,0
2023-05-11 11:11:54,i2404-C-810,i2404-C-810,24.2,0.0,0.0,0.0,1,5.2,0.0,0,24.2,0.0,0.0,0.0,0.0,0.0,0
2023-05-11 11:11:54,i2404-C-810,i2404-C-810,24.2,0.0,0.0,0.0,10,5.3,0.0,0,24.2,0.0,0.0,0.0,0.0,0.0,0
2023-05-11 11:11:55,i2404-C-810,i2404-C-810,24.2,0.0,0.0,0.0,1,5.4,0.0,0,24.2,0.0,0.0,0.0,0.0,0.0,0
2023-05-11 11:11:55,i2404-C-810,i2404-C-810,24.2,0.0,0.0,0.0,10,5.5,0.0,0,24.2,0.0,0.0,0.0,0.0,0.0,0
2023-05-11 11:11:56,i2404-C-810,i2404-C-810,24.2,0.0,0.0,0.0,1,5.6,0.0,0,24.2,0.0,0.0,0.0,0.0,0.0,0
2023-05-11 11:11:56,i2404-C-810,i2404-C-810,24.2,0.0,0.0,0.0,10,5.7,0.0,0,24.2,0.0,0.0,0.0,0.0,0.0,0
2023-05-11 11:11:57,i2404-C-810,i2404-C-810,24.2,0.0,0.0,0.0,1,5.8,0.0,0,24.2,0.0,0.0,0.0,0.0,0.0,0
2023-05-11 11:11:57,i2404-C-810,i2404-C-810,24.2,0.0,0.0,0.0,10,5.9,0.0,0,24.2,0.0,0.0,0.0,0.0,0.0,0
2023-05-11 11:11:58,i2404-C-810,i2404-C-810,24.2,0.0,0.0,0.0,1,6.0,0.0,0,24.2,0.0,0.0,0.0,0.0,0.0,0
2023-05-11 11:11:58,i2404-C-810,i2404-C-810,24.2,0.0,0.0,0.0,10,6.1,0.0,0,24.2,0.0,0.0,0.0,0.0,0.0,0
2023-05-11 11:11:59,i2404-C-810,i2404-C-810,24.2,0.0,0.0,0.0,1,6.2,0.0,0,24.2,0.0,0.0,0.0,0.0,0.0,0
2023-05-11 11:11:59,i2404-C-810,i2404-C-810,24.2,0.0,0.0,0.0,10,6.3,0.0,0,24.2,0.0,0.0,0.0,0.0,0.0,0
2023-05-11 11:12:00,i2404-C-810,i2404-C-810,24.2,0.0,0.0,0.0,1,6.4,0.0,0,24.2,0.0,0.0,0.0,0.0,0.0,0
2023-05-11 11:12:00,i2404-C-810,i2404-C-810,24.2,0.0,0.0,0.0,10,6.5,0.0,0,24.2,0.0,0.0,0.0,0.0,0.0,0
2023-05-11 11:12:01,i2404-C-810,i2404-C-810,24.2,0.0,0.0,0.0,1,6.6,0.0,0,24.2,0.0,0.0,0.0,0.0,0.0,0
2023-05-11 11:12:01,i2404-C-810,i2404-C-810,24.2,0.0,0.0,0.0,10,6.7,0.0,0,24.2,0.0,0.0,0.0,0.0,0.0,0
2023-05-11 11:12:02,i2404-C-810,i2404-C-810,24.2,0.0,0.0,0.0,1,6.8,0.0,0,24.2,0.0,0.0,0.0,0.0,0.0,0
2023-05-11 11:12:02,i2404-C-810,i2404-C-810,24.2,0.0,0.0,0.0,10,6.9,0.0,0,24.2,0.0,0.0,0.0,0.0,0.0,0
2023-05-11 11:12:03,i2404-C-810,i2404-C-810,24.2,0.0,0.0,0.0,1,7.0,0.0,0,24.2,0.0,0.0,0.0,0.0,0.0,0
2023-05-11 11:12:03,i2404-C-810,i2404-C-810,24.2,0.0,0.0,0.0,10,7.1,0.0,0,24.2,0.0,0.0,0.0,0.0,0.0,0
2023-05-11 11:12:05,i2404-C-810,i2404-C-810,24.2,0.0,0.0,0.0,1,7.2,0.0,0,24.2,0.0,0.0,0.0,0.0,0.0,0
2023-05-11 11:12:05,i2404-C-810,i2404-C-810,24.2,0.0,0.0,0.0,10,7.3,0.0,0,24.2,0.0,0.0,0.0,0.0,0.0,0
2023-05-11 11:12:06,i2404-C-810,i2404-C-810,24.2,0.0,0.0,0.0,1,7.4,0.0,0,24.2,0.0,0.0,0.0,0.0,0.0,0
2023-05-11 11:12:06,i2404-C-810,i2404-C-810,24.2,0.0,0.0,0.0,10,7.5,0.0,0,24.2,0.0,0.0,0.0,0.0,0.0,0
2023-05-11 11:12:07,i2404-C-810,i2404-C-810,24.2,0.0,0.0,0.0,1,7.6,0.0,0,24.2,0.0,0.0,0.0,0.0,0.0,0
2023-05-11 11:12:07,i2404-C-810,i2404-C-810,24.2,0.0,0.0,0.0,10,7.7,0.0,0,24.2,0.0,0.0,0.0,0.0,0.0,0
2023-05-11 11:12:08,i2404-C-810,i2404-C-810,24.2,0.0,0.0,0.0,1,7.8,0.0,0,24.2,0.0,0.0,0.0,0.0,0.0,0
2023-05-11 11:12:08,i2404-C-810,i2404-C-810,24.2,0.0,0.0,0.0,10,7.9,0.0,0,24.2,0.0,0.0,0.0,0.0,0.0,0
2023-05-11 11:12:09,i2404-C-810,i2404-C-810,24.2,0.0,0.0,0.0,1,8.0,0.0,0,24.2,0.0,0.0,0.0,0.0,0.0,0
2023-05-11 11:12:09,i2404-C-810,i2404-C-810,24.2,0.0,0.0,0.0,10,8.1,0.0,0,24.2,0.0,0.0,0.0,0.0,0.0,0
2023-05-11 11:12:11,i2404-C-810,i2404-C-810,24.2,0.0,0.0,0.0,1,8.2,0.0,0,24.2,0.0,0.0,0.0,0.0,0.0,0
2023-05-11 11:12:11,i2404-C-810,i2404-C-810,24.2,0.0,0.0,0.0,10,8.3,0.0,0,24.2,0.0,0.0,0.0,0.0,0.0,0
2023-05-11 11:12:12,i2404-C-810,i2404-C-810,24.2,0.0,0.0,0.0,1,8.4,0.0,0,24.2,0.0,0.0,0.0,0.0,0.0,0
2023-05-11 11:12:12,i2404-C-810,i2404-C-810,24.2,0.0,0.0,0.0,10,8.5,0.0,0,24.2,0.0,0.0,0.0,0.0,0.0,0
2023-05-11 11:12:13,i2404-C-810,i2404-C-810,24.2,0.0,0.0,0.0,1,8.6,0.0,0,24.2,0.0,0.0,0.0,0.0,0.0,0
2023-05-11 11:12:13,i2404-C-810,i2404-C-810,24.2,0.0,0.0,0.0,10,8.7,0.0,0,24.2,0.0,0.0,0.0,0.0,0.0,0
2023-05-11 11:12:14,i2404-C-810,i2404-C-810,24.2,0.0,0.0,0.0,1,8.8,0.0,0,24.2,0.0,0.0,0.0,0.0,0.0,0
2023-05-11 11:12:14,i2404-C-810,i2404-C-810,24.2,0.0,0.0,0.0,10,8.9,0.0,0,24.2,0.0,0.0,0.0,0.0,0.0,0
2023-05-11 11:12:15,i2404-C-810,i2404-C-810,24.2,0.0,0.0,0.0,1,9.0,0.0,0,24.2,0.0,0.0,0.0,0.0,0.0,0
2023-05-11 11:12:16,i2404-C-810,i2404-C-810,24.2,0.0,0.0,0.0,10,9.1,0.0,0,24.2,0.0,0.0,0.0,0.0,0.0,0
2023-05-11 11:12:16,i2404-C-810,i2404-C-810,24.2,0.0,0.0,0.0,1,9.2,0.0,0,24.2,0.0,0.0,0.0,0.0,0.0,0
2023-05-11 11:12:16,i2404-C-810,i2404-C-810,24.2,0.0,0.0,0.0,10,9.3,0.0,0,24.2,0.0,0.0,0.0,0.0,0.0,0
2023-05-11 11:12:17,i2404-C-810,i2404-C-810,24.2,0.0,0.0,0.0,1,9.4,0.0,0,24.2,0.0,0.0,0.0,0.0,0.0,0
2023-05-11 11:12:17,i2404-C-810,i2404-C-810,24.2,0.0,0.0,0.0,10,9.5,0.0,0,24.2,0.0,0.0,0.0,0.0,0.0,0
2023-05-11 11:12:18,i2404-C-810,i2404-C-810,24.2,0.0,0.0,0.0,1,9.6,0.0,0,24.2,0.0,0.0,0.0,0.0,0.0,0
2023-05-11 11:12:18,i2404-C-810,i2404-C-810,24.2,0.0,0.0,0.0,10,9.7,0.0,0,24.2,0.0,0.0,0.0,0.0,0.0,0
2023-05-11 11:12:19,i2404-C-810,i2404-C-810,24.2,0.0,0.0,0.0,1,9.8,0.0,0,24.2,0.0,0.0,0.0,0.0,0.0,0
2023-05-11 11:12:19,i2404-C-810,i2404-C-810,24.2,0.0,0.0,0.0,10,9.9,0.0,0,24.2,0.0,0.0,0.0,0.0,0.0,0
2023-05-11 11:18:44,i2404-C-810,i2404-C-810,24.2,0.0,0.0,0.0,1,10.0,0.0,0,24.2,0.0,0.0,0.0,0.0,0.0,0
2023-05-11 11:18:44,i2404-C-810,i2404-C-810,24.2,0.0,0.0,0.0,10,10.1,0.0,0,24.2,0.0,0.0,0.0,0.0,0.0,0
2023-05-11 11:29:32,i2404-C-810,i2404-C-810,24.2,0.0,0.0,0.0,1,1.5,0.0,0,24.2,0.0,0.0,0.0,0.0,0.0,0
2023-05-11 13:30:14,i2404-C-810,i2404-C-810,24.2,0.0,0.0,0.0,10,1.6,0.0,0,24.2,0.0,0.0,0.0,0.0,0.0,0
2023-05-11 13:31:31,i2404-C-810,i2404-C-810,24.2,0.0,0.0,0.0,1,1.7,0.0,0,24.2,0.0,0.0,0.0,0.0,0.0,0
2023-05-11 13:31:31,i2404-C-810,i2404-C-810,24.2,0.0,0.0,0.0,10,1.8,0.0,0,24.2,0.0,0.0,0.0,0.0,0.0,0
2023-05-11 13:34:02,i2404-C-810,i2404-C-810,24.2,0.0,0.0,0.0,1,1.9,0.0,0,24.2,0.0,0.0,0.0,0.0,0.0,0
2023-05-11 13:34:02,i2404-C-810,i2404-C-810,24.2,0.0,0.0,0.0,10,2.0,0.0,0,24.2,0.0,0.0,0.0,0.0,0.0,0
2023-05-11 13:34:09,i2404-C-810,i2404-C-810,24.2,0.0,0.0,0.0,1,2.1,0.0,0,24.2,0.0,0.0,0.0,0.0,0.0,0
2023-05-11 13:34:09,i2404-C-810,i2404-C-810,24.2,0.0,0.0,0.0,10,2.2,0.0,0,24.2,0.0,0.0,0.0,0.0,0.0,0
2023-05-11 13:34:14,i2404-C-810,i2404-C-810,24.2,0.0,0.0,0.0,1,2.3,0.0,0,24.2,0.0,0.0,0.0,0.0,0.0,0
2023-05-11 13:34:14,i2404-C-810,i2404-C-810,24.2,0.0,0.0,0.0,10,2.4,0.0,0,24.2,0.0,0.0,0.0,0.0,0.0,0
2023-05-11 13:34:18,i2404-C-810,i2404-C-810,24.2,0.0,0.0,0.0,1,2.5,0.0,0,24.2,0.0,0.0,0.0,0.0,0.0,0
2023-05-11 13:34:18,i2404-C-810,i2404-C-810,24.2,0.0,0.0,0.0,10,2.6,0.0,0,24.2,0.0,0.0,0.0,0.0,0.0,0
2023-05-11 13:34:22,i2404-C-810,i2404-C-810,24.2,0.0,0.0,0.0,1,2.7,0.0,0,24.2,0.0,0.0,0.0,0.0,0.0,0
2023-05-11 13:34:22,i2404-C-810,i2404-C-810,24.2,0.0,0.0,0.0,10,2.8,0.0,0,24.2,0.0,0.0,0.0,0.0,0.0,0
2023-05-11 13:34:23,i2404-C-810,i2404-C-810,24.2,0.0,0.0,0.0,1,2.9,0.0,0,24.2,0.0,0.0,0.0,0.0,0.0,0
2023-05-11 13:34:23,i2404-C-810,i2404-C-810,24.2,0.0,0.0,0.0,10,3.0,0.0,0,24.2,0.0,0.0,0.0,0.0,0.0,0
2023-05-11 13:34:24,i2404-C-810,i2404-C-810,24.2,0.0,0.0,0.0,1,3.1,0.0,0,24.2,0.0,0.0,0.0,0.0,0.0,0
2023-05-11 13:34:24,i2404-C-810,i2404-C-810,24.2,0.0,0.0,0.0,10,3.2,0.0,0,24.2,0.0,0.0,0.0,0.0,0.0,0
2023-05-11 13:34:26,i2404-C-810,i2404-C-810,24.2,0.0,0.0,0.0,1,3.3,0.0,0,24.2,0.0,0.0,0.0,0.0,0.0,0
2023-05-11 13:34:26,i2404-C-810,i2404-C-810,24.2,0.0,0.0,0.0,10,3.4,0.0,0,24.2,0.0,0.0,0.0,0.0,0.0,0
2023-05-11 13:34:27,i2404-C-810,i2404-C-810,24.2,0.0,0.0,0.0,1,3.5,0.0,0,24.2,0.0,0.0,0.0,0.0,0.0,0
2023-05-11 13:34:27,i2404-C-810,i2404-C-810,24.2,0.0,0.0,0.0,10,3.6,0.0,0,24.2,0.0,0.0,0.0,0.0,0.0,0
2023-05-11 13:34:28,i2404-C-810,i2404-C-810,24.2,0.0,0.0,0.0,1,3.7,0.0,0,24.2,0.0,0.0,0.0,0.0,0.0,0
2023-05-11 13:34:28,i2404-C-810,i2404-C-810,24.2,0.0,0.0,0.0,10,3.8,0.0,0,24.2,0.0,0.0,0.0,0.0,0.0,0
2023-05-11 13:34:29,i2404-C-810,i2404-C-810,24.2,0.0,0.0,0.0,1,3.9,0.0,0,24.2,0.0,0.0,0.0,0.0,0.0,0
2023-05-11 13:34:29,i2404-C-810,i2404-C-810,24.2,0.0,0.0,0.0,10,4.0,0.0,0,24.2,0.0,0.0,0.0,0.0,0.0,0
2023-05-11 13:34:30,i2404-C-810,i2404-C-810,24.2,0.0,0.0,0.0,1,4.1,0.0,0,24.2,0.0,0.0,0.0,0.0,0.0,0
2023-05-11 13:34:31,i2404-C-810,i2404-C-810,24.2,0.0,0.0,0.0,10,4.2,0.0,0,24.2,0.0,0.0,0.0,0.0,0.0,0
2023-05-11 13:34:32,i2404-C-810,i2404-C-810,24.2,0.0,0.0,0.0,1,4.3,0.0,0,24.2,0.0,0.0,0.0,0.0,0.0,0
2023-05-11 13:34:32,i2404-C-810,i2404-C-810,24.2,0.0,0.0,0.0,10,4.4,0.0,0,24.2,0.0,0.0,0.0,0.0,0.0,0
2023-05-11 13:34:33,i2404-C-810,i2404-C-810,24.2,0.0,0.0,0.0,1,4.5,0.0,0,24.2,0.0,0.0,0.0,0.0,0.0,0
2023-05-11 13:34:33,i2404-C-810,i2404-C-810,24.2,0.0,0.0,0.0,10,4.6,0.0,0,24.2,0.0,0.0,0.0,0.0,0.0,0
2023-05-11 13:34:34,i2404-C-810,i2404-C-810,24.2,0.0,0.0,0.0,1,4.7,0.0,0,24.2,0.0,0.0,0.0,0.0,0.0,0
2023-05-11 13:34:34,i2404-C-810,i2404-C-810,24.2,0.0,0.0,0.0,10,4.8,0.0,0,24.2,0.0,0.0,0.0,0.0,0.0,0
2023-05-11 13:34:36,i2404-C-810,i2404-C-810,24.2,0.0,0.0,0.0,1,4.9,0.0,0,24.2,0.0,0.0,0.0,0.0,0.0,0
2023-05-11 13:34:36,i2404-C-810,i2404-C-810,24.2,0.0,0.0,0.0,10,5.0,0.0,0,24.2,0.0,0.0,0.0,0.0,0.0,0
2023-05-11 13:34:37,i2404-C-810,i2404-C-810,24.2,0.0,0.0,0.0,1,5.1,0.0,0,24.2,0.0,0.0,0.0,0.0,0.0,0
2023-05-11 13:34:37,i2404-C-810,i2404-C-810,24.2,0.0,0.0,0.0,10,5.2,0.0,0,24.2,0.0,0.0,0.0,0.0,0.0,0
2023-05-11 13:34:38,i2404-C-810,i2404-C-810,24.2,0.0,0.0,0.0,1,5.3,0.0,0,24.2,0.0,0.0,0.0,0.0,0.0,0
2023-05-11 13:34:38,i2404-C-810,i2404-C-810,24.2,0.0,0.0,0.0,10,5.4,0.0,0,24.2,0.0,0.0,0.0,0.0,0.0,0
2023-05-11 13:34:39,i2404-C-810,i2404-C-810,24.2,0.0,0.0,0.0,1,5.5,0.0,0,24.2,0.0,0.0,0.0,0.0,0.0,0
2023-05-11 13:34:39,i2404-C-810,i2404-C-810,24.2,0.0,0.0,0.0,10,5.6,0.0,0,24.2,0.0,0.0,0.0,0.0,0.0,0
2023-05-11 13:34:40,i2404-C-810,i2404-C-810,24.2,0.0,0.0,0.0,1,5.7,0.0,0,24.2,0.0,0.0,0.0,0.0,0.0,0
2023-05-11 13:34:40,i2404-C-810,i2404-C-810,24.2,0.0,0.0,0.0,10,5.8,0.0,0,24.2,0.0,0.0,0.0,0.0,0.0,0
2023-05-11 13:34:41,i2404-C-810,i2404-C-810,24.2,0.0,0.0,0.0,1,5.9,0.0,0,24.2,0.0,0.0,0.0,0.0,0.0,0
2023-05-11 13:34:41,i2404-C-810,i2404-C-810,24.2,0.0,0.0,0.0,10,6.0,0.0,0,24.2,0.0,0.0,0.0,0.0,0.0,0
2023-05-11 13:34:42,i2404-C-810,i2404-C-810,24.2,0.0,0.0,0.0,1,6.1,0.0,0,24.2,0.0,0.0,0.0,0.0,0.0,0
2023-05-11 13:34:42,i2404-C-810,i2404-C-810,24.2,0.0,0.0,0.0,10,6.2,0.0,0,24.2,0.0,0.0,0.0,0.0,0.0,0
2023-05-11 13:34:43,i2404-C-810,i2404-C-810,24.2,0.0,0.0,0.0,1,6.3,0.0,0,24.2,0.0,0.0,0.0,0.0,0.0,0
2023-05-11 13:34:43,i2404-C-810,i2404-C-810,24.2,0.0,0.0,0.0,10,6.4,0.0,0,24.2,0.0,0.0,0.0,0.0,0.0,0
2023-05-11 13:34:44,i2404-C-810,i2404-C-810,24.2,0.0,0.0,0.0,1,6.5,0.0,0,24.2,0.0,0.0,0.0,0.0,0.0,0
2023-05-11 13:34:44,i2404-C-810,i2404-C-810,24.2,0.0,0.0,0.0,10,6.6,0.0,0,24.2,0.0,0.0,0.0,0.0,0.0,0
2023-05-11 13:34:45,i2404-C-810,i2404-C-810,24.2,0.0,0.0,0.0,1,6.7,0.0,0,24.2,0.0,0.0,0.0,0.0,0.0,0
2023-05-11 13:34:45,i2404-C-810,i2404-C-810,24.2,0.0,0.0,0.0,10,6.8,0.0,0,24.2,0.0,0.0,0.0,0.0,0.0,0
2023-05-11 13:34:46,i2404-C-810,i2404-C-810,24.2,0.0,0.0,0.0,1,6.9,0.0,0,24.2,0.0,0.0,0.0,0.0,0.0,0
2023-05-11 13:34:46,i2404-C-810,i2404-C-810,24.2,0.0,0.0,0.0,10,7.0,0.0,0,24.2,0.0,0.0,0.0,0.0,0.0,0
2023-05-11 13:34:47,i2404-C-810,i2404-C-810,24.2,0.0,0.0,0.0,1,7.1,0.0,0,24.2,0.0,0.0,0.0,0.0,0.0,0
2023-05-11 13:34:47,i2404-C-810,i2404-C-810,24.2,0.0,0.0,0.0,10,7.2,0.0,0,24.2,0.0,0.0,0.0,0.0,0.0,0
2023-05-11 13:34:48,i2404-C-810,i2404-C-810,24.2,0.0,0.0,0.0,1,7.3,0.0,0,24.2,0.0,0.0,0.0,0.0,0.0,0
2023-05-11 13:34:48,i2404-C-810,i2404-C-810,24.2,0.0,0.0,0.0,10,7.4,0.0,0,24.2,0.0,0.0,0.0,0.0,0.0,0
2023-05-11 13:34:49,i2404-C-810,i2404-C-810,24.2,0.0,0.0,0.0,1,7.5,0.0,0,24.2,0.0,0.0,0.0,0.0,0.0,0
2023-05-11 13:34:49,i2404-C-810,i2404-C-810,24.2,0.0,0.0,0.0,10,7.6,0.0,0,24.2,0.0,0.0,0.0,0.0,0.0,0
2023-05-11 13:34:50,i2404-C-810,i2404-C-810,24.2,0.0,0.0,0.0,1,7.7,0.0,0,24.2,0.0,0.0,0.0,0.0,0.0,0
2023-05-11 13:34:50,i2404-C-810,i2404-C-810,24.2,0.0,0.0,0.0,10,7.8,0.0,0,24.2,0.0,0.0,0.0,0.0,0.0,0
2023-05-11 13:34:51,i2404-C-810,i2404-C-810,24.2,0.0,0.0,0.0,1,7.9,0.0,0,24.2,0.0,0.0,0.0,0.0,0.0,0
2023-05-11 13:34:51,i2404-C-810,i2404-C-810,24.2,0.0,0.0,0.0,10,8.0,0.0,0,24.2,0.0,0.0,0.0,0.0,0.0,0
2023-05-11 13:34:52,i2404-C-810,i2404-C-810,24.2,0.0,0.0,0.0,1,8.1,0.0,0,24.2,0.0,0.0,0.0,0.0,0.0,0
2023-05-11 13:34:52,i2404-C-810,i2404-C-810,24.2,0.0,0.0,0.0,10,8.2,0.0,0,24.2,0.0,0.0,0.0,0.0,0.0,0
2023-05-11 13:34:53,i2404-C-810,i2404-C-810,24.2,0.0,0.0,0.0,1,8.3,0.0,0,24.2,0.0,0.0,0.0,0.0,0.0,0
2023-05-11 13:34:54,i2404-C-810,i2404-C-810,24.2,0.0,0.0,0.0,10,8.4,0.0,0,24.2,0.0,0.0,0.0,0.0,0.0,0
2023-05-11 13:34:54,i2404-C-810,i2404-C-810,24.2,0.0,0.0,0.0,1,8.5,0.0,0,24.2,0.0,0.0,0.0,0.0,0.0,0
2023-05-11 13:34:55,i2404-C-810,i2404-C-810,24.2,0.0,0.0,0.0,10,8.6,0.0,0,24.2,0.0,0.0,0.0,0.0,0.0,0
2023-05-11 13:34:56,i2404-C-810,i2404-C-810,24.2,0.0,0.0,0.0,1,8.7,0.0,0,24.2,0.0,0.0,0.0,0.0,0.0,0
2023-05-11 13:34:56,i2404-C-810,i2404-C-810,24.2,0.0,0.0,0.0,10,8.8,0.0,0,24.2,0.0,0.0,0.0,0.0,0.0,0
2023-05-11 13:34:57,i2404-C-810,i2404-C-810,24.2,0.0,0.0,0.0,1,8.9,0.0,0,24.2,0.0,0.0,0.0,0.0,0.0,0
2023-05-11 13:34:57,i2404-C-810,i2404-C-810,24.2,0.0,0.0,0.0,10,9.0,0.0,0,24.2,0.0,0.0,0.0,0.0,0.0,0
2023-05-11 13:34:58,i2404-C-810,i2404-C-810,24.2,0.0,0.0,0.0,1,9.1,0.0,0,24.2,0.0,0.0,0.0,0.0,0.0,0
2023-05-11 13:34:58,i2404-C-810,i2404-C-810,24.2,0.0,0.0,0.0,10,9.2,0.0,0,24.2,0.0,0.0,0.0,0.0,0.0,0
2023-05-11 13:34:59,i2404-C-810,i2404-C-810,24.2,0.0,0.0,0.0,1,9.3,0.0,0,24.2,0.0,0.0,0.0,0.0,0.0,0
2023-05-11 13:34:59,i2404-C-810,i2404-C-810,24.2,0.0,0.0,0.0,10,9.4,0.0,0,24.2,0.0,0.0,0.0,0.0,0.0,0
2023-05-11 13:35:00,i2404-C-810,i2404-C-810,24.2,0.0,0.0,0.0,1,9.5,0.0,0,24.2,0.0,0.0,0.0,0.0,0.0,0
2023-05-11 13:35:00,i2404-C-810,i2404-C-810,24.2,0.0,0.0,0.0,10,9.6,0.0,0,24.2,0.0,0.0,0.0,0.0,0.0,0
2023-05-11 13:39:00,i2404-C-810,i2404-C-810,24.2,0.0,0.0,0.0,1,9.7,0.0,0,24.2,0.0,0.0,0.0,0.0,0.0,0
2023-05-11 13:39:01,i2404-C-810,i2404-C-810,24.2,0.0,0.0,0.0,10,9.8,0.0,0,24.2,0.0,0.0,0.0,0.0,0.0,0
2023-05-11 13:39:10,i2404-C-810,i2404-C-810,24.2,0.0,0.0,0.0,1,9.9,0.0,0,24.2,0.0,0.0,0.0,0.0,0.0,0
2023-05-11 13:39:11,i2404-C-810,i2404-C-810,24.2,0.0,0.0,0.0,10,10.0,0.0,0,24.2,0.0,0.0,0.0,0.0,0.0,0
2023-05-11 13:45:41,i2404-C-810,i2404-C-810,24.2,0.0,0.0,0.0,1,10.1,0.0,0,24.2,0.0,0.0,0.0,0.0,0.0,0
2023-05-11 13:45:41,i2404-C-810,i2404-C-810,24.2,0.0,0.0,0.0,10,10.2,0.0,0,24.2,0.0,0.0,0.0,0.0,0.0,0
2023-05-11 14:23:11,i2404-C-810,i2404-C-810,24.2,0.0,0.0,0.0,1,1.5,0.0,0,24.2,0.0,0.0,0.0,0.0,0.0,0
2023-05-11 14:23:12,i2404-C-810,i2404-C-810,24.2,0.0,0.0,0.0,1,1.6,0.0,0,24.2,0.0,0.0,0.0,0.0,0.0,0
2023-05-11 14:23:51,i2404-C-810,i2404-C-810,24.2,0.0,0.0,0.0,10,1.7,0.0,0,24.2,0.0,0.0,0.0,0.0,0.0,0
2023-05-11 14:23:52,i2404-C-810,i2404-C-810,24.2,0.0,0.0,0.0,1,1.8,0.0,0,24.2,0.0,0.0,0.0,0.0,0.0,0
2023-05-11 14:23:52,i2404-C-810,i2404-C-810,24.2,0.0,0.0,0.0,10,1.9,0.0,0,24.2,0.0,0.0,0.0,0.0,0.0,0
2023-05-11 14:23:54,i2404-C-810,i2404-C-810,24.2,0.0,0.0,0.0,1,2.0,0.0,0,24.2,0.0,0.0,0.0,0.0,0.0,0
2023-05-11 14:23:54,i2404-C-810,i2404-C-810,24.2,0.0,0.0,0.0,10,2.1,0.0,0,24.2,0.0,0.0,0.0,0.0,0.0,0
2023-05-11 14:23:55,i2404-C-810,i2404-C-810,24.2,0.0,0.0,0.0,1,2.2,0.0,0,24.2,0.0,0.0,0.0,0.0,0.0,0
2023-05-11 14:23:55,i2404-C-810,i2404-C-810,24.2,0.0,0.0,0.0,10,2.3,0.0,0,24.2,0.0,0.0,0.0,0.0,0.0,0
2023-05-11 14:23:56,i2404-C-810,i2404-C-810,24.2,0.0,0.0,0.0,1,2.4,0.0,0,24.2,0.0,0.0,0.0,0.0,0.0,0
2023-05-11 14:23:56,i2404-C-810,i2404-C-810,24.2,0.0,0.0,0.0,10,2.5,0.0,0,24.2,0.0,0.0,0.0,0.0,0.0,0
2023-05-11 14:23:57,i2404-C-810,i2404-C-810,24.2,0.0,0.0,0.0,1,2.6,0.0,0,24.2,0.0,0.0,0.0,0.0,0.0,0
2023-05-11 14:23:57,i2404-C-810,i2404-C-810,24.2,0.0,0.0,0.0,10,2.7,0.0,0,24.2,0.0,0.0,0.0,0.0,0.0,0
2023-05-11 14:23:58,i2404-C-810,i2404-C-810,24.2,0.0,0.0,0.0,1,2.8,0.0,0,24.2,0.0,0.0,0.0,0.0,0.0,0
2023-05-11 14:23:58,i2404-C-810,i2404-C-810,24.2,0.0,0.0,0.0,10,2.9,0.0,0,24.2,0.0,0.0,0.0,0.0,0.0,0
2023-05-11 14:24:00,i2404-C-810,i2404-C-810,24.2,0.0,0.0,0.0,1,3.0,0.0,0,24.2,0.0,0.0,0.0,0.0,0.0,0
2023-05-11 14:24:00,i2404-C-810,i2404-C-810,24.2,0.0,0.0,0.0,10,3.1,0.0,0,24.2,0.0,0.0,0.0,0.0,0.0,0
2023-05-11 14:24:01,i2404-C-810,i2404-C-810,24.2,0.0,0.0,0.0,1,3.2,0.0,0,24.2,0.0,0.0,0.0,0.0,0.0,0
2023-05-11 14:24:01,i2404-C-810,i2404-C-810,24.2,0.0,0.0,0.0,10,3.3,0.0,0,24.2,0.0,0.0,0.0,0.0,0.0,0
2023-05-11 14:24:02,i2404-C-810,i2404-C-810,24.2,0.0,0.0,0.0,1,3.4,0.0,0,24.2,0.0,0.0,0.0,0.0,0.0,0
2023-05-11 14:24:02,i2404-C-810,i2404-C-810,24.2,0.0,0.0,0.0,10,3.5,0.0,0,24.2,0.0,0.0,0.0,0.0,0.0,0
2023-05-11 14:24:03,i2404-C-810,i2404-C-810,24.2,0.0,0.0,0.0,1,3.6,0.0,0,24.2,0.0,0.0,0.0,0.0,0.0,0
2023-05-11 14:24:03,i2404-C-810,i2404-C-810,24.2,0.0,0.0,0.0,10,3.7,0.0,0,24.2,0.0,0.0,0.0,0.0,0.0,0
2023-05-11 14:24:04,i2404-C-810,i2404-C-810,24.2,0.0,0.0,0.0,1,3.8,0.0,0,24.2,0.0,0.0,0.0,0.0,0.0,0
2023-05-11 14:24:04,i2404-C-810,i2404-C-810,24.2,0.0,0.0,0.0,10,3.9,0.0,0,24.2,0.0,0.0,0.0,0.0,0.0,0
2023-05-11 14:24:05,i2404-C-810,i2404-C-810,24.2,0.0,0.0,0.0,1,4.0,0.0,0,24.2,0.0,0.0,0.0,0.0,0.0,0
2023-05-11 14:24:05,i2404-C-810,i2404-C-810,24.2,0.0,0.0,0.0,10,4.1,0.0,0,24.2,0.0,0.0,0.0,0.0,0.0,0
2023-05-11 14:24:06,i2404-C-810,i2404-C-810,24.2,0.0,0.0,0.0,1,4.2,0.0,0,24.2,0.0,0.0,0.0,0.0,0.0,0
2023-05-11 14:24:06,i2404-C-810,i2404-C-810,24.2,0.0,0.0,0.0,10,4.3,0.0,0,24.2,0.0,0.0,0.0,0.0,0.0,0
2023-05-11 14:24:07,i2404-C-810,i2404-C-810,24.2,0.0,0.0,0.0,1,4.4,0.0,0,24.2,0.0,0.0,0.0,0.0,0.0,0
2023-05-11 14:24:07,i2404-C-810,i2404-C-810,24.2,0.0,0.0,0.0,10,4.5,0.0,0,24.2,0.0,0.0,0.0,0.0,0.0,0
2023-05-11 14:24:08,i2404-C-810,i2404-C-810,24.2,0.0,0.0,0.0,1,4.6,0.0,0,24.2,0.0,0.0,0.0,0.0,0.0,0
2023-05-11 14:24:08,i2404-C-810,i2404-C-810,24.2,0.0,0.0,0.0,10,4.7,0.0,0,24.2,0.0,0.0,0.0,0.0,0.0,0
2023-05-11 14:24:09,i2404-C-810,i2404-C-810,24.2,0.0,0.0,0.0,1,4.8,0.0,0,24.2,0.0,0.0,0.0,0.0,0.0,0
2023-05-11 14:24:09,i2404-C-810,i2404-C-810,24.2,0.0,0.0,0.0,10,4.9,0.0,0,24.2,0.0,0.0,0.0,0.0,0.0,0
2023-05-11 14:24:10,i2404-C-810,i2404-C-810,24.2,0.0,0.0,0.0,1,5.0,0.0,0,24.2,0.0,0.0,0.0,0.0,0.0,0
2023-05-11 14:24:10,i2404-C-810,i2404-C-810,24.2,0.0,0.0,0.0,10,5.1,0.0,0,24.2,0.0,0.0,0.0,0.0,0.0,0
2023-05-11 14:24:11,i2404-C-810,i2404-C-810,24.2,0.0,0.0,0.0,1,5.2,0.0,0,24.2,0.0,0.0,0.0,0.0,0.0,0
2023-05-11 14:24:11,i2404-C-810,i2404-C-810,24.2,0.0,0.0,0.0,10,5.3,0.0,0,24.2,0.0,0.0,0.0,0.0,0.0,0
2023-05-11 14:24:12,i2404-C-810,i2404-C-810,24.2,0.0,0.0,0.0,1,5.4,0.0,0,24.2,0.0,0.0,0.0,0.0,0.0,0
2023-05-11 14:24:12,i2404-C-810,i2404-C-810,24.2,0.0,0.0,0.0,10,5.5,0.0,0,24.2,0.0,0.0,0.0,0.0,0.0,0
2023-05-11 14:24:13,i2404-C-810,i2404-C-810,24.2,0.0,0.0,0.0,1,5.6,0.0,0,24.2,0.0,0.0,0.0,0.0,0.0,0
2023-05-11 14:24:14,i2404-C-810,i2404-C-810,24.2,0.0,0.0,0.0,10,5.7,0.0,0,24.2,0.0,0.0,0.0,0.0,0.0,0
2023-05-11 14:24:14,i2404-C-810,i2404-C-810,24.2,0.0,0.0,0.0,1,5.8,0.0,0,24.2,0.0,0.0,0.0,0.0,0.0,0
2023-05-11 14:24:14,i2404-C-810,i2404-C-810,24.2,0.0,0.0,0.0,10,5.9,0.0,0,24.2,0.0,0.0,0.0,0.0,0.0,0
2023-05-11 14:24:15,i2404-C-810,i2404-C-810,24.2,0.0,0.0,0.0,1,6.0,0.0,0,24.2,0.0,0.0,0.0,0.0,0.0,0
2023-05-11 14:24:15,i2404-C-810,i2404-C-810,24.2,0.0,0.0,0.0,10,6.1,0.0,0,24.2,0.0,0.0,0.0,0.0,0.0,0
2023-05-11 14:24:17,i2404-C-810,i2404-C-810,24.2,0.0,0.0,0.0,1,6.2,0.0,0,24.2,0.0,0.0,0.0,0.0,0.0,0
2023-05-11 14:24:17,i2404-C-810,i2404-C-810,24.2,0.0,0.0,0.0,10,6.3,0.0,0,24.2,0.0,0.0,0.0,0.0,0.0,0
2023-05-11 14:24:18,i2404-C-810,i2404-C-810,24.2,0.0,0.0,0.0,1,6.4,0.0,0,24.2,0.0,0.0,0.0,0.0,0.0,0
2023-05-11 14:24:18,i2404-C-810,i2404-C-810,24.2,0.0,0.0,0.0,10,6.5,0.0,0,24.2,0.0,0.0,0.0,0.0,0.0,0
2023-05-11 14:24:19,i2404-C-810,i2404-C-810,24.2,0.0,0.0,0.0,1,6.6,0.0,0,24.2,0.0,0.0,0.0,0.0,0.0,0
2023-05-11 14:24:19,i2404-C-810,i2404-C-810,24.2,0.0,0.0,0.0,10,6.7,0.0,0,24.2,0.0,0.0,0.0,0.0,0.0,0
2023-05-11 14:24:20,i2404-C-810,i2404-C-810,24.2,0.0,0.0,0.0,1,6.8,0.0,0,24.2,0.0,0.0,0.0,0.0,0.0,0
2023-05-11 14:24:20,i2404-C-810,i2404-C-810,24.2,0.0,0.0,0.0,10,6.9,0.0,0,24.2,0.0,0.0,0.0,0.0,0.0,0
2023-05-11 14:24:21,i2404-C-810,i2404-C-810,24.2,0.0,0.0,0.0,1,7.0,0.0,0,24.2,0.0,0.0,0.0,0.0,0.0,0
2023-05-11 14:24:21,i2404-C-810,i2404-C-810,24.2,0.0,0.0,0.0,10,7.1,0.0,0,24.2,0.0,0.0,0.0,0.0,0.0,0
2023-05-11 14:24:22,i2404-C-810,i2404-C-810,24.2,0.0,0.0,0.0,1,7.2,0.0,0,24.2,0.0,0.0,0.0,0.0,0.0,0
2023-05-11 14:24:22,i2404-C-810,i2404-C-810,24.2,0.0,0.0,0.0,10,7.3,0.0,0,24.2,0.0,0.0,0.0,0.0,0.0,0
2023-05-11 14:24:23,i2404-C-810,i2404-C-810,24.2,0.0,0.0,0.0,1,7.4,0.0,0,24.2,0.0,0.0,0.0,0.0,0.0,0
2023-05-11 14:24:23,i2404-C-810,i2404-C-810,24.2,0.0,0.0,0.0,10,7.5,0.0,0,24.2,0.0,0.0,0.0,0.0,0.0,0
2023-05-11 14:24:24,i2404-C-810,i2404-C-810,24.2,0.0,0.0,0.0,1,7.6,0.0,0,24.2,0.0,0.0,0.0,0.0,0.0,0
2023-05-11 14:24:24,i2404-C-810,i2404-C-810,24.2,0.0,0.0,0.0,10,7.7,0.0,0,24.2,0.0,0.0,0.0,0.0,0.0,0
2023-05-11 14:24:26,i2404-C-810,i2404-C-810,24.2,0.0,0.0,0.0,1,7.8,0.0,0,24.2,0.0,0.0,0.0,0.0,0.0,0
2023-05-11 14:24:26,i2404-C-810,i2404-C-810,24.2,0.0,0.0,0.0,10,7.9,0.0,0,24.2,0.0,0.0,0.0,0.0,0.0,0
2023-05-11 14:24:27,i2404-C-810,i2404-C-810,24.2,0.0,0.0,0.0,1,8.0,0.0,0,24.2,0.0,0.0,0.0,0.0,0.0,0
2023-05-11 14:24:27,i2404-C-810,i2404-C-810,24.2,0.0,0.0,0.0,10,8.1,0.0,0,24.2,0.0,0.0,0.0,0.0,0.0,0
2023-05-11 14:24:28,i2404-C-810,i2404-C-810,24.2,0.0,0.0,0.0,1,8.2,0.0,0,24.2,0.0,0.0,0.0,0.0,0.0,0
2023-05-11 14:24:28,i2404-C-810,i2404-C-810,24.2,0.0,0.0,0.0,10,8.3,0.0,0,24.2,0.0,0.0,0.0,0.0,0.0,0
2023-05-11 14:24:29,i2404-C-810,i2404-C-810,24.2,0.0,0.0,0.0,1,8.4,0.0,0,24.2,0.0,0.0,0.0,0.0,0.0,0
2023-05-11 14:24:29,i2404-C-810,i2404-C-810,24.2,0.0,0.0,0.0,10,8.5,0.0,0,24.2,0.0,0.0,0.0,0.0,0.0,0
2023-05-11 14:24:30,i2404-C-810,i2404-C-810,24.2,0.0,0.0,0.0,1,8.6,0.0,0,24.2,0.0,0.0,0.0,0.0,0.0,0
2023-05-11 14:24:30,i2404-C-810,i2404-C-810,24.2,0.0,0.0,0.0,10,8.7,0.0,0,24.2,0.0,0.0,0.0,0.0,0.0,0
2023-05-11 14:24:31,i2404-C-810,i2404-C-810,24.2,0.0,0.0,0.0,1,8.8,0.0,0,24.2,0.0,0.0,0.0,0.0,0.0,0
2023-05-11 14:24:31,i2404-C-810,i2404-C-810,24.2,0.0,0.0,0.0,10,8.9,0.0,0,24.2,0.0,0.0,0.0,0.0,0.0,0
2023-05-11 14:24:32,i2404-C-810,i2404-C-810,24.2,0.0,0.0,0.0,1,9.0,0.0,0,24.2,0.0,0.0,0.0,0.0,0.0,0
2023-05-11 14:24:32,i2404-C-810,i2404-C-810,24.2,0.0,0.0,0.0,10,9.1,0.0,0,24.2,0.0,0.0,0.0,0.0,0.0,0
2023-05-11 14:24:33,i2404-C-810,i2404-C-810,24.2,0.0,0.0,0.0,1,9.2,0.0,0,24.2,0.0,0.0,0.0,0.0,0.0,0
2023-05-11 14:24:33,i2404-C-810,i2404-C-810,24.2,0.0,0.0,0.0,10,9.3,0.0,0,24.2,0.0,0.0,0.0,0.0,0.0,0
2023-05-11 14:24:34,i2404-C-810,i2404-C-810,24.2,0.0,0.0,0.0,1,9.4,0.0,0,24.2,0.0,0.0,0.0,0.0,0.0,0
2023-05-11 14:24:34,i2404-C-810,i2404-C-810,24.2,0.0,0.0,0.0,10,9.5,0.0,0,24.2,0.0,0.0,0.0,0.0,0.0,0
2023-05-11 14:24:35,i2404-C-810,i2404-C-810,24.2,0.0,0.0,0.0,1,9.6,0.0,0,24.2,0.0,0.0,0.0,0.0,0.0,0
2023-05-11 14:24:35,i2404-C-810,i2404-C-810,24.2,0.0,0.0,0.0,10,9.7,0.0,0,24.2,0.0,0.0,0.0,0.0,0.0,0
2023-05-11 14:39:15,i2404-C-810,i2404-C-810,24.2,0.0,0.0,0.0,1,1.5,0.0,0,24.2,0.0,0.0,0.0,0.0,0.0,0
2023-05-11 14:46:52,i2404-C-810,i2404-C-810,24.2,0.0,0.0,0.0,10,1.6,0.0,0,24.2,0.0,0.0,0.0,0.0,0.0,0
2023-05-11 14:46:53,i2404-C-810,i2404-C-810,24.2,0.0,0.0,0.0,1,1.7,0.0,0,24.2,0.0,0.0,0.0,0.0,0.0,0
2023-05-11 14:46:53,i2404-C-810,i2404-C-810,24.2,0.0,0.0,0.0,10,1.8,0.0,0,24.2,0.0,0.0,0.0,0.0,0.0,0
2023-05-11 14:46:55,i2404-C-810,i2404-C-810,24.2,0.0,0.0,0.0,1,1.9,0.0,0,24.2,0.0,0.0,0.0,0.0,0.0,0
2023-05-11 14:46:55,i2404-C-810,i2404-C-810,24.2,0.0,0.0,0.0,10,2.0,0.0,0,24.2,0.0,0.0,0.0,0.0,0.0,0
2023-05-11 14:46:56,i2404-C-810,i2404-C-810,24.2,0.0,0.0,0.0,1,2.1,0.0,0,24.2,0.0,0.0,0.0,0.0,0.0,0
2023-05-11 14:46:56,i2404-C-810,i2404-C-810,24.2,0.0,0.0,0.0,10,2.2,0.0,0,24.2,0.0,0.0,0.0,0.0,0.0,0
2023-05-11 14:46:57,i2404-C-810,i2404-C-810,24.2,0.0,0.0,0.0,1,2.3,0.0,0,24.2,0.0,0.0,0.0,0.0,0.0,0
2023-05-11 14:46:57,i2404-C-810,i2404-C-810,24.2,0.0,0.0,0.0,10,2.4,0.0,0,24.2,0.0,0.0,0.0,0.0,0.0,0
2023-05-11 14:46:58,i2404-C-810,i2404-C-810,24.2,0.0,0.0,0.0,1,2.5,0.0,0,24.2,0.0,0.0,0.0,0.0,0.0,0
2023-05-11 14:46:58,i2404-C-810,i2404-C-810,24.2,0.0,0.0,0.0,10,2.6,0.0,0,24.2,0.0,0.0,0.0,0.0,0.0,0
2023-05-11 14:46:59,i2404-C-810,i2404-C-810,24.2,0.0,0.0,0.0,1,2.7,0.0,0,24.2,0.0,0.0,0.0,0.0,0.0,0
2023-05-11 14:46:59,i2404-C-810,i2404-C-810,24.2,0.0,0.0,0.0,10,2.8,0.0,0,24.2,0.0,0.0,0.0,0.0,0.0,0
2023-05-11 14:47:00,i2404-C-810,i2404-C-810,24.2,0.0,0.0,0.0,1,2.9,0.0,0,24.2,0.0,0.0,0.0,0.0,0.0,0
2023-05-11 14:47:00,i2404-C-810,i2404-C-810,24.2,0.0,0.0,0.0,10,3.0,0.0,0,24.2,0.0,0.0,0.0,0.0,0.0,0
2023-05-11 14:47:01,i2404-C-810,i2404-C-810,24.2,0.0,0.0,0.0,1,3.1,0.0,0,24.2,0.0,0.0,0.0,0.0,0.0,0
2023-05-11 14:47:01,i2404-C-810,i2404-C-810,24.2,0.0,0.0,0.0,10,3.2,0.0,0,24.2,0.0,0.0,0.0,0.0,0.0,0
2023-05-11 14:47:02,i2404-C-810,i2404-C-810,24.2,0.0,0.0,0.0,1,3.3,0.0,0,24.2,0.0,0.0,0.0,0.0,0.0,0
2023-05-11 14:47:02,i2404-C-810,i2404-C-810,24.2,0.0,0.0,0.0,10,3.4,0.0,0,24.2,0.0,0.0,0.0,0.0,0.0,0
2023-05-11 14:47:03,i2404-C-810,i2404-C-810,24.2,0.0,0.0,0.0,1,3.5,0.0,0,24.2,0.0,0.0,0.0,0.0,0.0,0
2023-05-11 14:47:03,i2404-C-810,i2404-C-810,24.2,0.0,0.0,0.0,10,3.6,0.0,0,24.2,0.0,0.0,0.0,0.0,0.0,0
2023-05-11 14:47:04,i2404-C-810,i2404-C-810,24.2,0.0,0.0,0.0,1,3.7,0.0,0,24.2,0.0,0.0,0.0,0.0,0.0,0
2023-05-11 14:47:04,i2404-C-810,i2404-C-810,24.2,0.0,0.0,0.0,10,3.8,0.0,0,24.2,0.0,0.0,0.0,0.0,0.0,0
2023-05-11 14:47:05,i2404-C-810,i2404-C-810,24.2,0.0,0.0,0.0,1,3.9,0.0,0,24.2,0.0,0.0,0.0,0.0,0.0,0
2023-05-11 14:47:05,i2404-C-810,i2404-C-810,24.2,0.0,0.0,0.0,10,4.0,0.0,0,24.2,0.0,0.0,0.0,0.0,0.0,0
2023-05-11 14:47:06,i2404-C-810,i2404-C-810,24.2,0.0,0.0,0.0,1,4.1,0.0,0,24.2,0.0,0.0,0.0,0.0,0.0,0
2023-05-11 14:47:06,i2404-C-810,i2404-C-810,24.2,0.0,0.0,0.0,10,4.2,0.0,0,24.2,0.0,0.0,0.0,0.0,0.0,0
2023-05-11 14:47:07,i2404-C-810,i2404-C-810,24.2,0.0,0.0,0.0,1,4.3,0.0,0,24.2,0.0,0.0,0.0,0.0,0.0,0
2023-05-11 14:47:07,i2404-C-810,i2404-C-810,24.2,0.0,0.0,0.0,10,4.4,0.0,0,24.2,0.0,0.0,0.0,0.0,0.0,0
2023-05-11 14:47:08,i2404-C-810,i2404-C-810,24.2,0.0,0.0,0.0,1,4.5,0.0,0,24.2,0.0,0.0,0.0,0.0,0.0,0
2023-05-11 14:47:08,i2404-C-810,i2404-C-810,24.2,0.0,0.0,0.0,10,4.6,0.0,0,24.2,0.0,0.0,0.0,0.0,0.0,0
2023-05-11 14:47:09,i2404-C-810,i2404-C-810,24.2,0.0,0.0,0.0,1,4.7,0.0,0,24.2,0.0,0.0,0.0,0.0,0.0,0
2023-05-11 14:47:09,i2404-C-810,i2404-C-810,24.2,0.0,0.0,0.0,10,4.8,0.0,0,24.2,0.0,0.0,0.0,0.0,0.0,0
2023-05-11 14:47:10,i2404-C-810,i2404-C-810,24.2,0.0,0.0,0.0,1,4.9,0.0,0,24.2,0.0,0.0,0.0,0.0,0.0,0
2023-05-11 14:47:10,i2404-C-810,i2404-C-810,24.2,0.0,0.0,0.0,10,5.0,0.0,0,24.2,0.0,0.0,0.0,0.0,0.0,0
2023-05-11 14:47:11,i2404-C-810,i2404-C-810,24.2,0.0,0.0,0.0,1,5.1,0.0,0,24.2,0.0,0.0,0.0,0.0,0.0,0
2023-05-11 14:47:11,i2404-C-810,i2404-C-810,24.2,0.0,0.0,0.0,10,5.2,0.0,0,24.2,0.0,0.0,0.0,0.0,0.0,0
2023-05-11 14:47:12,i2404-C-810,i2404-C-810,24.2,0.0,0.0,0.0,1,5.3,0.0,0,24.2,0.0,0.0,0.0,0.0,0.0,0
2023-05-11 14:47:12,i2404-C-810,i2404-C-810,24.2,0.0,0.0,0.0,10,5.4,0.0,0,24.2,0.0,0.0,0.0,0.0,0.0,0
2023-05-11 14:47:13,i2404-C-810,i2404-C-810,24.2,0.0,0.0,0.0,1,5.5,0.0,0,24.2,0.0,0.0,0.0,0.0,0.0,0
2023-05-11 14:47:13,i2404-C-810,i2404-C-810,24.2,0.0,0.0,0.0,10,5.6,0.0,0,24.2,0.0,0.0,0.0,0.0,0.0,0
2023-05-11 14:47:14,i2404-C-810,i2404-C-810,24.2,0.0,0.0,0.0,1,5.7,0.0,0,24.2,0.0,0.0,0.0,0.0,0.0,0
2023-05-11 14:47:14,i2404-C-810,i2404-C-810,24.2,0.0,0.0,0.0,10,5.8,0.0,0,24.2,0.0,0.0,0.0,0.0,0.0,0
2023-05-11 14:47:15,i2404-C-810,i2404-C-810,24.2,0.0,0.0,0.0,1,5.9,0.0,0,24.2,0.0,0.0,0.0,0.0,0.0,0
2023-05-11 14:47:15,i2404-C-810,i2404-C-810,24.2,0.0,0.0,0.0,10,6.0,0.0,0,24.2,0.0,0.0,0.0,0.0,0.0,0
2023-05-11 14:47:16,i2404-C-810,i2404-C-810,24.2,0.0,0.0,0.0,1,6.1,0.0,0,24.2,0.0,0.0,0.0,0.0,0.0,0
2023-05-11 14:47:16,i2404-C-810,i2404-C-810,24.2,0.0,0.0,0.0,10,6.2,0.0,0,24.2,0.0,0.0,0.0,0.0,0.0,0
2023-05-11 14:47:17,i2404-C-810,i2404-C-810,24.2,0.0,0.0,0.0,1,6.3,0.0,0,24.2,0.0,0.0,0.0,0.0,0.0,0
2023-05-11 14:47:17,i2404-C-810,i2404-C-810,24.2,0.0,0.0,0.0,10,6.4,0.0,0,24.2,0.0,0.0,0.0,0.0,0.0,0
2023-05-11 14:47:18,i2404-C-810,i2404-C-810,24.2,0.0,0.0,0.0,1,6.5,0.0,0,24.2,0.0,0.0,0.0,0.0,0.0,0
2023-05-11 14:47:18,i2404-C-810,i2404-C-810,24.2,0.0,0.0,0.0,10,6.6,0.0,0,24.2,0.0,0.0,0.0,0.0,0.0,0
2023-05-11 14:47:19,i2404-C-810,i2404-C-810,24.2,0.0,0.0,0.0,1,6.7,0.0,0,24.2,0.0,0.0,0.0,0.0,0.0,0
2023-05-11 14:47:19,i2404-C-810,i2404-C-810,24.2,0.0,0.0,0.0,10,6.8,0.0,0,24.2,0.0,0.0,0.0,0.0,0.0,0
2023-05-11 14:47:20,i2404-C-810,i2404-C-810,24.2,0.0,0.0,0.0,1,6.9,0.0,0,24.2,0.0,0.0,0.0,0.0,0.0,0
2023-05-11 14:47:20,i2404-C-810,i2404-C-810,24.2,0.0,0.0,0.0,10,7.0,0.0,0,24.2,0.0,0.0,0.0,0.0,0.0,0
2023-05-11 14:47:21,i2404-C-810,i2404-C-810,24.2,0.0,0.0,0.0,1,7.1,0.0,0,24.2,0.0,0.0,0.0,0.0,0.0,0
2023-05-11 14:47:21,i2404-C-810,i2404-C-810,24.2,0.0,0.0,0.0,10,7.2,0.0,0,24.2,0.0,0.0,0.0,0.0,0.0,0
2023-05-11 14:47:22,i2404-C-810,i2404-C-810,24.2,0.0,0.0,0.0,1,7.3,0.0,0,24.2,0.0,0.0,0.0,0.0,0.0,0
2023-05-11 14:47:22,i2404-C-810,i2404-C-810,24.2,0.0,0.0,0.0,10,7.4,0.0,0,24.2,0.0,0.0,0.0,0.0,0.0,0
2023-05-11 14:47:23,i2404-C-810,i2404-C-810,24.2,0.0,0.0,0.0,1,7.5,0.0,0,24.2,0.0,0.0,0.0,0.0,0.0,0
2023-05-11 14:47:23,i2404-C-810,i2404-C-810,24.2,0.0,0.0,0.0,10,7.6,0.0,0,24.2,0.0,0.0,0.0,0.0,0.0,0
2023-05-11 14:47:24,i2404-C-810,i2404-C-810,24.2,0.0,0.0,0.0,1,7.7,0.0,0,24.2,0.0,0.0,0.0,0.0,0.0,0
2023-05-11 14:47:24,i2404-C-810,i2404-C-810,24.2,0.0,0.0,0.0,10,7.8,0.0,0,24.2,0.0,0.0,0.0,0.0,0.0,0
2023-05-11 14:47:25,i2404-C-810,i2404-C-810,24.2,0.0,0.0,0.0,1,7.9,0.0,0,24.2,0.0,0.0,0.0,0.0,0.0,0
2023-05-11 14:47:25,i2404-C-810,i2404-C-810,24.2,0.0,0.0,0.0,10,8.0,0.0,0,24.2,0.0,0.0,0.0,0.0,0.0,0
2023-05-11 14:47:26,i2404-C-810,i2404-C-810,24.2,0.0,0.0,0.0,1,8.1,0.0,0,24.2,0.0,0.0,0.0,0.0,0.0,0
2023-05-11 14:47:26,i2404-C-810,i2404-C-810,24.2,0.0,0.0,0.0,10,8.2,0.0,0,24.2,0.0,0.0,0.0,0.0,0.0,0
2023-05-11 14:47:27,i2404-C-810,i2404-C-810,24.2,0.0,0.0,0.0,1,8.3,0.0,0,24.2,0.0,0.0,0.0,0.0,0.0,0
2023-05-11 14:47:27,i2404-C-810,i2404-C-810,24.2,0.0,0.0,0.0,10,8.4,0.0,0,24.2,0.0,0.0,0.0,0.0,0.0,0
2023-05-11 14:47:28,i2404-C-810,i2404-C-810,24.2,0.0,0.0,0.0,1,8.5,0.0,0,24.2,0.0,0.0,0.0,0.0,0.0,0
2023-05-11 14:47:28,i2404-C-810,i2404-C-810,24.2,0.0,0.0,0.0,10,8.6,0.0,0,24.2,0.0,0.0,0.0,0.0,0.0,0
2023-05-11 14:47:29,i2404-C-810,i2404-C-810,24.2,0.0,0.0,0.0,1,8.7,0.0,0,24.2,0.0,0.0,0.0,0.0,0.0,0
2023-05-11 14:47:29,i2404-C-810,i2404-C-810,24.2,0.0,0.0,0.0,10,8.8,0.0,0,24.2,0.0,0.0,0.0,0.0,0.0,0
2023-05-11 14:47:30,i2404-C-810,i2404-C-810,24.2,0.0,0.0,0.0,1,8.9,0.0,0,24.2,0.0,0.0,0.0,0.0,0.0,0
2023-05-11 14:47:30,i2404-C-810,i2404-C-810,24.2,0.0,0.0,0.0,10,9.0,0.0,0,24.2,0.0,0.0,0.0,0.0,0.0,0
2023-05-11 14:47:31,i2404-C-810,i2404-C-810,24.2,0.0,0.0,0.0,1,9.1,0.0,0,24.2,0.0,0.0,0.0,0.0,0.0,0
2023-05-11 14:47:31,i2404-C-810,i2404-C-810,24.2,0.0,0.0,0.0,10,9.2,0.0,0,24.2,0.0,0.0,0.0,0.0,0.0,0
2023-05-11 14:47:32,i2404-C-810,i2404-C-810,24.2,0.0,0.0,0.0,1,9.3,0.0,0,24.2,0.0,0.0,0.0,0.0,0.0,0
2023-05-11 14:47:32,i2404-C-810,i2404-C-810,24.2,0.0,0.0,0.0,10,9.4,0.0,0,24.2,0.0,0.0,0.0,0.0,0.0,0
2023-05-11 14:47:50,i2404-C-810,i2404-C-810,24.2,0.0,0.0,0.0,1,9.5,0.0,0,24.2,0.0,0.0,0.0,0.0,0.0,0
2023-05-11 14:47:50,i2404-C-810,i2404-C-810,24.2,0.0,0.0,0.0,10,9.6,0.0,0,24.2,0.0,0.0,0.0,0.0,0.0,0
2023-05-11 14:58:49,i2404-C-810,i2404-C-810,24.2,0.0,0.0,0.0,1,1.5,0.0,0,24.2,0.0,0.0,0.0,0.0,0.0,0
2023-05-11 14:59:02,i2404-C-810,i2404-C-810,24.2,0.0,0.0,0.0,10,1.6,0.0,0,24.2,0.0,0.0,0.0,0.0,0.0,0
2023-05-11 14:59:04,i2404-C-810,i2404-C-810,24.2,0.0,0.0,0.0,1,1.7,0.0,0,24.2,0.0,0.0,0.0,0.0,0.0,0
2023-05-11 14:59:04,i2404-C-810,i2404-C-810,24.2,0.0,0.0,0.0,10,1.8,0.0,0,24.2,0.0,0.0,0.0,0.0,0.0,0
2023-05-11 14:59:07,i2404-C-810,i2404-C-810,24.2,0.0,0.0,0.0,1,1.9,0.0,0,24.2,0.0,0.0,0.0,0.0,0.0,0
2023-05-11 14:59:07,i2404-C-810,i2404-C-810,24.2,0.0,0.0,0.0,10,2.0,0.0,0,24.2,0.0,0.0,0.0,0.0,0.0,0
2023-05-11 14:59:54,i2404-C-810,i2404-C-810,24.2,0.0,0.0,0.0,1,1.9,0.0,0,24.2,0.0,0.0,0.0,0.0,0.0,0
2023-05-11 15:01:10,i2404-C-810,i2404-C-810,24.2,0.0,0.0,0.0,1,1.9,0.0,0,24.2,0.0,0.0,0.0,0.0,0.0,0
