time,symbol_id,symbol_name,last,trade_volume,trade_amount,open_interest_change,bv1,bp1,ap1,av1,yesterday_close,today_open,today_high,today_low,volume,amount,open_interest
2023-05-10 20:56:25,i2403-P-600,i2403-P-600,36.0,0.0,0.0,0.0,1,0.1,0.0,0,36.0,0.0,0.0,0.0,0.0,0.0,47
2023-05-10 21:00:05,i2403-P-600,i2403-P-600,36.0,0.0,0.0,0.0,10,0.2,0.0,0,36.0,0.0,0.0,0.0,0.0,0.0,47
2023-05-10 21:01:05,i2403-P-600,i2403-P-600,36.0,0.0,0.0,0.0,1,10.3,0.0,0,36.0,0.0,0.0,0.0,0.0,0.0,47
2023-05-10 21:01:05,i2403-P-600,i2403-P-600,36.0,0.0,0.0,0.0,10,10.4,0.0,0,36.0,0.0,0.0,0.0,0.0,0.0,47
2023-05-10 21:01:29,i2403-P-600,i2403-P-600,36.0,0.0,0.0,0.0,1,10.5,0.0,0,36.0,0.0,0.0,0.0,0.0,0.0,47
2023-05-10 21:01:29,i2403-P-600,i2403-P-600,36.0,0.0,0.0,0.0,10,10.6,0.0,0,36.0,0.0,0.0,0.0,0.0,0.0,47
2023-05-10 21:02:06,i2403-P-600,i2403-P-600,36.0,0.0,0.0,0.0,1,10.7,0.0,0,36.0,0.0,0.0,0.0,0.0,0.0,47
2023-05-10 21:02:06,i2403-P-600,i2403-P-600,36.0,0.0,0.0,0.0,10,10.8,0.0,0,36.0,0.0,0.0,0.0,0.0,0.0,47
2023-05-10 21:02:34,i2403-P-600,i2403-P-600,36.0,0.0,0.0,0.0,1,10.9,0.0,0,36.0,0.0,0.0,0.0,0.0,0.0,47
2023-05-10 21:02:34,i2403-P-600,i2403-P-600,36.0,0.0,0.0,0.0,10,11.0,0.0,0,36.0,0.0,0.0,0.0,0.0,0.0,47
2023-05-10 21:02:39,i2403-P-600,i2403-P-600,36.0,0.0,0.0,0.0,1,11.1,0.0,0,36.0,0.0,0.0,0.0,0.0,0.0,47
2023-05-10 21:02:39,i2403-P-600,i2403-P-600,36.0,0.0,0.0,0.0,10,11.2,0.0,0,36.0,0.0,0.0,0.0,0.0,0.0,47
2023-05-10 21:02:41,i2403-P-600,i2403-P-600,36.0,0.0,0.0,0.0,1,11.3,0.0,0,36.0,0.0,0.0,0.0,0.0,0.0,47
2023-05-10 21:02:41,i2403-P-600,i2403-P-600,36.0,0.0,0.0,0.0,10,11.4,0.0,0,36.0,0.0,0.0,0.0,0.0,0.0,47
2023-05-10 21:02:42,i2403-P-600,i2403-P-600,36.0,0.0,0.0,0.0,1,11.5,0.0,0,36.0,0.0,0.0,0.0,0.0,0.0,47
2023-05-10 21:02:42,i2403-P-600,i2403-P-600,36.0,0.0,0.0,0.0,10,11.6,0.0,0,36.0,0.0,0.0,0.0,0.0,0.0,47
2023-05-10 21:02:44,i2403-P-600,i2403-P-600,36.0,0.0,0.0,0.0,1,11.7,0.0,0,36.0,0.0,0.0,0.0,0.0,0.0,47
2023-05-10 21:02:44,i2403-P-600,i2403-P-600,36.0,0.0,0.0,0.0,10,11.8,0.0,0,36.0,0.0,0.0,0.0,0.0,0.0,47
2023-05-10 21:02:46,i2403-P-600,i2403-P-600,36.0,0.0,0.0,0.0,1,11.9,0.0,0,36.0,0.0,0.0,0.0,0.0,0.0,47
2023-05-10 21:02:46,i2403-P-600,i2403-P-600,36.0,0.0,0.0,0.0,10,12.0,0.0,0,36.0,0.0,0.0,0.0,0.0,0.0,47
2023-05-10 21:02:49,i2403-P-600,i2403-P-600,36.0,0.0,0.0,0.0,1,12.1,0.0,0,36.0,0.0,0.0,0.0,0.0,0.0,47
2023-05-10 21:02:49,i2403-P-600,i2403-P-600,36.0,0.0,0.0,0.0,10,12.2,0.0,0,36.0,0.0,0.0,0.0,0.0,0.0,47
2023-05-10 21:04:55,i2403-P-600,i2403-P-600,36.0,0.0,0.0,0.0,1,12.3,0.0,0,36.0,0.0,0.0,0.0,0.0,0.0,47
2023-05-10 21:04:55,i2403-P-600,i2403-P-600,36.0,0.0,0.0,0.0,10,12.4,0.0,0,36.0,0.0,0.0,0.0,0.0,0.0,47
2023-05-10 21:04:58,i2403-P-600,i2403-P-600,36.0,0.0,0.0,0.0,1,12.5,0.0,0,36.0,0.0,0.0,0.0,0.0,0.0,47
2023-05-10 21:04:58,i2403-P-600,i2403-P-600,36.0,0.0,0.0,0.0,10,12.6,0.0,0,36.0,0.0,0.0,0.0,0.0,0.0,47
2023-05-10 21:05:01,i2403-P-600,i2403-P-600,36.0,0.0,0.0,0.0,1,12.7,0.0,0,36.0,0.0,0.0,0.0,0.0,0.0,47
2023-05-10 21:05:01,i2403-P-600,i2403-P-600,36.0,0.0,0.0,0.0,10,12.8,0.0,0,36.0,0.0,0.0,0.0,0.0,0.0,47
2023-05-10 21:05:06,i2403-P-600,i2403-P-600,36.0,0.0,0.0,0.0,1,12.9,0.0,0,36.0,0.0,0.0,0.0,0.0,0.0,47
2023-05-10 21:05:06,i2403-P-600,i2403-P-600,36.0,0.0,0.0,0.0,10,13.0,0.0,0,36.0,0.0,0.0,0.0,0.0,0.0,47
2023-05-10 21:05:11,i2403-P-600,i2403-P-600,36.0,0.0,0.0,0.0,1,13.1,0.0,0,36.0,0.0,0.0,0.0,0.0,0.0,47
2023-05-10 21:05:11,i2403-P-600,i2403-P-600,36.0,0.0,0.0,0.0,10,13.2,0.0,0,36.0,0.0,0.0,0.0,0.0,0.0,47
2023-05-10 21:05:14,i2403-P-600,i2403-P-600,36.0,0.0,0.0,0.0,1,13.3,0.0,0,36.0,0.0,0.0,0.0,0.0,0.0,47
2023-05-10 21:05:14,i2403-P-600,i2403-P-600,36.0,0.0,0.0,0.0,10,13.4,0.0,0,36.0,0.0,0.0,0.0,0.0,0.0,47
2023-05-10 21:05:18,i2403-P-600,i2403-P-600,36.0,0.0,0.0,0.0,1,13.5,0.0,0,36.0,0.0,0.0,0.0,0.0,0.0,47
2023-05-10 21:05:18,i2403-P-600,i2403-P-600,36.0,0.0,0.0,0.0,10,13.6,0.0,0,36.0,0.0,0.0,0.0,0.0,0.0,47
2023-05-10 21:05:21,i2403-P-600,i2403-P-600,36.0,0.0,0.0,0.0,1,13.7,0.0,0,36.0,0.0,0.0,0.0,0.0,0.0,47
2023-05-10 21:05:21,i2403-P-600,i2403-P-600,36.0,0.0,0.0,0.0,10,13.8,0.0,0,36.0,0.0,0.0,0.0,0.0,0.0,47
2023-05-10 21:05:24,i2403-P-600,i2403-P-600,36.0,0.0,0.0,0.0,1,13.9,0.0,0,36.0,0.0,0.0,0.0,0.0,0.0,47
2023-05-10 21:05:24,i2403-P-600,i2403-P-600,36.0,0.0,0.0,0.0,10,14.0,0.0,0,36.0,0.0,0.0,0.0,0.0,0.0,47
2023-05-10 21:05:25,i2403-P-600,i2403-P-600,36.0,0.0,0.0,0.0,1,14.1,0.0,0,36.0,0.0,0.0,0.0,0.0,0.0,47
2023-05-10 21:05:25,i2403-P-600,i2403-P-600,36.0,0.0,0.0,0.0,10,14.2,0.0,0,36.0,0.0,0.0,0.0,0.0,0.0,47
2023-05-10 21:05:27,i2403-P-600,i2403-P-600,36.0,0.0,0.0,0.0,1,14.3,0.0,0,36.0,0.0,0.0,0.0,0.0,0.0,47
2023-05-10 21:05:27,i2403-P-600,i2403-P-600,36.0,0.0,0.0,0.0,10,14.4,0.0,0,36.0,0.0,0.0,0.0,0.0,0.0,47
2023-05-10 21:05:29,i2403-P-600,i2403-P-600,36.0,0.0,0.0,0.0,1,14.5,0.0,0,36.0,0.0,0.0,0.0,0.0,0.0,47
2023-05-10 21:05:29,i2403-P-600,i2403-P-600,36.0,0.0,0.0,0.0,10,14.6,0.0,0,36.0,0.0,0.0,0.0,0.0,0.0,47
2023-05-10 21:05:33,i2403-P-600,i2403-P-600,36.0,0.0,0.0,0.0,1,14.7,0.0,0,36.0,0.0,0.0,0.0,0.0,0.0,47
2023-05-10 21:05:33,i2403-P-600,i2403-P-600,36.0,0.0,0.0,0.0,10,14.8,0.0,0,36.0,0.0,0.0,0.0,0.0,0.0,47
2023-05-10 21:05:35,i2403-P-600,i2403-P-600,36.0,0.0,0.0,0.0,1,14.9,0.0,0,36.0,0.0,0.0,0.0,0.0,0.0,47
2023-05-10 21:05:35,i2403-P-600,i2403-P-600,36.0,0.0,0.0,0.0,10,15.0,0.0,0,36.0,0.0,0.0,0.0,0.0,0.0,47
2023-05-10 21:05:37,i2403-P-600,i2403-P-600,36.0,0.0,0.0,0.0,1,15.1,0.0,0,36.0,0.0,0.0,0.0,0.0,0.0,47
2023-05-10 21:05:37,i2403-P-600,i2403-P-600,36.0,0.0,0.0,0.0,10,15.2,0.0,0,36.0,0.0,0.0,0.0,0.0,0.0,47
2023-05-10 21:05:38,i2403-P-600,i2403-P-600,36.0,0.0,0.0,0.0,1,15.3,0.0,0,36.0,0.0,0.0,0.0,0.0,0.0,47
2023-05-10 21:05:38,i2403-P-600,i2403-P-600,36.0,0.0,0.0,0.0,10,15.4,0.0,0,36.0,0.0,0.0,0.0,0.0,0.0,47
2023-05-10 21:05:40,i2403-P-600,i2403-P-600,36.0,0.0,0.0,0.0,1,15.5,0.0,0,36.0,0.0,0.0,0.0,0.0,0.0,47
2023-05-10 21:05:40,i2403-P-600,i2403-P-600,36.0,0.0,0.0,0.0,10,15.6,0.0,0,36.0,0.0,0.0,0.0,0.0,0.0,47
2023-05-10 21:05:45,i2403-P-600,i2403-P-600,36.0,0.0,0.0,0.0,1,15.7,0.0,0,36.0,0.0,0.0,0.0,0.0,0.0,47
2023-05-10 21:05:45,i2403-P-600,i2403-P-600,36.0,0.0,0.0,0.0,10,15.8,0.0,0,36.0,0.0,0.0,0.0,0.0,0.0,47
2023-05-10 21:13:12,i2403-P-600,i2403-P-600,36.0,0.0,0.0,0.0,1,17.4,0.0,0,36.0,0.0,0.0,0.0,0.0,0.0,47
2023-05-10 21:13:12,i2403-P-600,i2403-P-600,36.0,0.0,0.0,0.0,10,17.5,0.0,0,36.0,0.0,0.0,0.0,0.0,0.0,47
2023-05-10 21:13:14,i2403-P-600,i2403-P-600,36.0,0.0,0.0,0.0,1,19.1,0.0,0,36.0,0.0,0.0,0.0,0.0,0.0,47
2023-05-10 21:13:14,i2403-P-600,i2403-P-600,36.0,0.0,0.0,0.0,10,19.2,0.0,0,36.0,0.0,0.0,0.0,0.0,0.0,47
2023-05-10 21:13:15,i2403-P-600,i2403-P-600,36.0,0.0,0.0,0.0,1,19.3,0.0,0,36.0,0.0,0.0,0.0,0.0,0.0,47
2023-05-10 21:13:15,i2403-P-600,i2403-P-600,36.0,0.0,0.0,0.0,10,19.4,0.0,0,36.0,0.0,0.0,0.0,0.0,0.0,47
2023-05-10 21:13:16,i2403-P-600,i2403-P-600,36.0,0.0,0.0,0.0,1,19.5,0.0,0,36.0,0.0,0.0,0.0,0.0,0.0,47
2023-05-10 21:13:16,i2403-P-600,i2403-P-600,36.0,0.0,0.0,0.0,10,19.6,0.0,0,36.0,0.0,0.0,0.0,0.0,0.0,47
2023-05-10 21:13:18,i2403-P-600,i2403-P-600,36.0,0.0,0.0,0.0,1,19.7,0.0,0,36.0,0.0,0.0,0.0,0.0,0.0,47
2023-05-10 21:13:18,i2403-P-600,i2403-P-600,36.0,0.0,0.0,0.0,10,19.8,0.0,0,36.0,0.0,0.0,0.0,0.0,0.0,47
2023-05-10 21:13:19,i2403-P-600,i2403-P-600,36.0,0.0,0.0,0.0,1,19.9,0.0,0,36.0,0.0,0.0,0.0,0.0,0.0,47
2023-05-10 21:13:19,i2403-P-600,i2403-P-600,36.0,0.0,0.0,0.0,10,20.0,0.0,0,36.0,0.0,0.0,0.0,0.0,0.0,47
2023-05-10 21:13:20,i2403-P-600,i2403-P-600,36.0,0.0,0.0,0.0,1,20.1,0.0,0,36.0,0.0,0.0,0.0,0.0,0.0,47
2023-05-10 21:13:20,i2403-P-600,i2403-P-600,36.0,0.0,0.0,0.0,10,20.2,0.0,0,36.0,0.0,0.0,0.0,0.0,0.0,47
2023-05-10 21:47:43,i2403-P-600,i2403-P-600,36.0,0.0,0.0,0.0,1,21.8,0.0,0,36.0,0.0,0.0,0.0,0.0,0.0,47
2023-05-10 21:47:43,i2403-P-600,i2403-P-600,36.0,0.0,0.0,0.0,10,21.9,0.0,0,36.0,0.0,0.0,0.0,0.0,0.0,47
2023-05-10 21:47:44,i2403-P-600,i2403-P-600,36.0,0.0,0.0,0.0,1,22.7,0.0,0,36.0,0.0,0.0,0.0,0.0,0.0,47
2023-05-10 21:47:44,i2403-P-600,i2403-P-600,36.0,0.0,0.0,0.0,10,22.8,0.0,0,36.0,0.0,0.0,0.0,0.0,0.0,47
2023-05-10 21:47:45,i2403-P-600,i2403-P-600,36.0,0.0,0.0,0.0,1,22.9,0.0,0,36.0,0.0,0.0,0.0,0.0,0.0,47
2023-05-10 21:47:45,i2403-P-600,i2403-P-600,36.0,0.0,0.0,0.0,10,23.0,0.0,0,36.0,0.0,0.0,0.0,0.0,0.0,47
2023-05-10 21:47:47,i2403-P-600,i2403-P-600,36.0,0.0,0.0,0.0,1,23.1,0.0,0,36.0,0.0,0.0,0.0,0.0,0.0,47
2023-05-10 21:47:47,i2403-P-600,i2403-P-600,36.0,0.0,0.0,0.0,10,23.2,0.0,0,36.0,0.0,0.0,0.0,0.0,0.0,47
2023-05-10 22:57:32,i2403-P-600,i2403-P-600,36.0,0.0,0.0,0.0,1,10.5,0.0,0,36.0,0.0,0.0,0.0,0.0,0.0,47
2023-05-10 22:58:53,i2403-P-600,i2403-P-600,36.0,0.0,0.0,0.0,10,10.6,0.0,0,36.0,0.0,0.0,0.0,0.0,0.0,47
2023-05-10 22:59:55,i2403-P-600,i2403-P-600,36.0,0.0,0.0,0.0,1,10.5,0.0,0,36.0,0.0,0.0,0.0,0.0,0.0,47
2023-05-11 09:00:16,i2403-P-600,i2403-P-600,36.0,0.0,0.0,0.0,10,10.6,0.0,0,36.0,0.0,0.0,0.0,0.0,0.0,47
2023-05-11 09:01:10,i2403-P-600,i2403-P-600,36.0,0.0,0.0,0.0,1,12.5,0.0,0,36.0,0.0,0.0,0.0,0.0,0.0,47
2023-05-11 09:01:10,i2403-P-600,i2403-P-600,36.0,0.0,0.0,0.0,10,12.6,0.0,0,36.0,0.0,0.0,0.0,0.0,0.0,47
2023-05-11 09:01:17,i2403-P-600,i2403-P-600,36.0,0.0,0.0,0.0,1,12.7,0.0,0,36.0,0.0,0.0,0.0,0.0,0.0,47
2023-05-11 09:01:17,i2403-P-600,i2403-P-600,36.0,0.0,0.0,0.0,10,12.8,0.0,0,36.0,0.0,0.0,0.0,0.0,0.0,47
2023-05-11 09:01:19,i2403-P-600,i2403-P-600,36.0,0.0,0.0,0.0,1,12.9,0.0,0,36.0,0.0,0.0,0.0,0.0,0.0,47
2023-05-11 09:01:19,i2403-P-600,i2403-P-600,36.0,0.0,0.0,0.0,10,13.0,0.0,0,36.0,0.0,0.0,0.0,0.0,0.0,47
2023-05-11 09:01:20,i2403-P-600,i2403-P-600,36.0,0.0,0.0,0.0,1,13.1,0.0,0,36.0,0.0,0.0,0.0,0.0,0.0,47
2023-05-11 09:01:20,i2403-P-600,i2403-P-600,36.0,0.0,0.0,0.0,10,13.2,0.0,0,36.0,0.0,0.0,0.0,0.0,0.0,47
2023-05-11 09:01:22,i2403-P-600,i2403-P-600,36.0,0.0,0.0,0.0,1,13.3,0.0,0,36.0,0.0,0.0,0.0,0.0,0.0,47
2023-05-11 09:01:22,i2403-P-600,i2403-P-600,36.0,0.0,0.0,0.0,10,13.4,0.0,0,36.0,0.0,0.0,0.0,0.0,0.0,47
2023-05-11 09:01:25,i2403-P-600,i2403-P-600,36.0,0.0,0.0,0.0,10,13.6,0.0,0,36.0,0.0,0.0,0.0,0.0,0.0,47
2023-05-11 09:01:27,i2403-P-600,i2403-P-600,36.0,0.0,0.0,0.0,1,13.7,0.0,0,36.0,0.0,0.0,0.0,0.0,0.0,47
2023-05-11 09:01:27,i2403-P-600,i2403-P-600,36.0,0.0,0.0,0.0,10,13.8,0.0,0,36.0,0.0,0.0,0.0,0.0,0.0,47
2023-05-11 09:01:28,i2403-P-600,i2403-P-600,36.0,0.0,0.0,0.0,1,13.9,0.0,0,36.0,0.0,0.0,0.0,0.0,0.0,47
2023-05-11 09:01:28,i2403-P-600,i2403-P-600,36.0,0.0,0.0,0.0,10,14.0,0.0,0,36.0,0.0,0.0,0.0,0.0,0.0,47
2023-05-11 09:01:30,i2403-P-600,i2403-P-600,36.0,0.0,0.0,0.0,1,14.1,0.0,0,36.0,0.0,0.0,0.0,0.0,0.0,47
2023-05-11 09:01:30,i2403-P-600,i2403-P-600,36.0,0.0,0.0,0.0,10,14.2,0.0,0,36.0,0.0,0.0,0.0,0.0,0.0,47
2023-05-11 09:01:32,i2403-P-600,i2403-P-600,36.0,0.0,0.0,0.0,1,14.3,0.0,0,36.0,0.0,0.0,0.0,0.0,0.0,47
2023-05-11 09:01:32,i2403-P-600,i2403-P-600,36.0,0.0,0.0,0.0,10,14.4,0.0,0,36.0,0.0,0.0,0.0,0.0,0.0,47
2023-05-11 09:01:33,i2403-P-600,i2403-P-600,36.0,0.0,0.0,0.0,1,14.5,0.0,0,36.0,0.0,0.0,0.0,0.0,0.0,47
2023-05-11 09:01:34,i2403-P-600,i2403-P-600,36.0,0.0,0.0,0.0,11,14.6,0.0,0,36.0,0.0,0.0,0.0,0.0,0.0,47
2023-05-11 09:01:35,i2403-P-600,i2403-P-600,36.0,0.0,0.0,0.0,1,14.7,0.0,0,36.0,0.0,0.0,0.0,0.0,0.0,47
2023-05-11 09:01:35,i2403-P-600,i2403-P-600,36.0,0.0,0.0,0.0,10,14.8,0.0,0,36.0,0.0,0.0,0.0,0.0,0.0,47
2023-05-11 09:01:36,i2403-P-600,i2403-P-600,36.0,0.0,0.0,0.0,1,14.9,0.0,0,36.0,0.0,0.0,0.0,0.0,0.0,47
2023-05-11 09:01:36,i2403-P-600,i2403-P-600,36.0,0.0,0.0,0.0,10,15.0,0.0,0,36.0,0.0,0.0,0.0,0.0,0.0,47
2023-05-11 09:01:37,i2403-P-600,i2403-P-600,36.0,0.0,0.0,0.0,1,15.1,0.0,0,36.0,0.0,0.0,0.0,0.0,0.0,47
2023-05-11 09:01:37,i2403-P-600,i2403-P-600,36.0,0.0,0.0,0.0,10,15.2,0.0,0,36.0,0.0,0.0,0.0,0.0,0.0,47
2023-05-11 09:01:39,i2403-P-600,i2403-P-600,36.0,0.0,0.0,0.0,1,15.3,0.0,0,36.0,0.0,0.0,0.0,0.0,0.0,47
2023-05-11 09:01:39,i2403-P-600,i2403-P-600,36.0,0.0,0.0,0.0,10,15.4,0.0,0,36.0,0.0,0.0,0.0,0.0,0.0,47
2023-05-11 09:01:40,i2403-P-600,i2403-P-600,36.0,0.0,0.0,0.0,1,15.5,0.0,0,36.0,0.0,0.0,0.0,0.0,0.0,47
2023-05-11 09:01:40,i2403-P-600,i2403-P-600,36.0,0.0,0.0,0.0,10,15.6,0.0,0,36.0,0.0,0.0,0.0,0.0,0.0,47
2023-05-11 09:01:41,i2403-P-600,i2403-P-600,36.0,0.0,0.0,0.0,1,15.7,0.0,0,36.0,0.0,0.0,0.0,0.0,0.0,47
2023-05-11 09:01:41,i2403-P-600,i2403-P-600,36.0,0.0,0.0,0.0,10,15.8,0.0,0,36.0,0.0,0.0,0.0,0.0,0.0,47
2023-05-11 09:01:43,i2403-P-600,i2403-P-600,36.0,0.0,0.0,0.0,1,15.9,0.0,0,36.0,0.0,0.0,0.0,0.0,0.0,47
2023-05-11 09:01:43,i2403-P-600,i2403-P-600,36.0,0.0,0.0,0.0,10,16.0,0.0,0,36.0,0.0,0.0,0.0,0.0,0.0,47
2023-05-11 09:01:44,i2403-P-600,i2403-P-600,36.0,0.0,0.0,0.0,1,16.1,0.0,0,36.0,0.0,0.0,0.0,0.0,0.0,47
2023-05-11 09:01:44,i2403-P-600,i2403-P-600,36.0,0.0,0.0,0.0,10,16.2,0.0,0,36.0,0.0,0.0,0.0,0.0,0.0,47
2023-05-11 09:01:45,i2403-P-600,i2403-P-600,36.0,0.0,0.0,0.0,1,16.3,0.0,0,36.0,0.0,0.0,0.0,0.0,0.0,47
2023-05-11 09:01:45,i2403-P-600,i2403-P-600,36.0,0.0,0.0,0.0,10,16.4,0.0,0,36.0,0.0,0.0,0.0,0.0,0.0,47
2023-05-11 09:01:47,i2403-P-600,i2403-P-600,36.0,0.0,0.0,0.0,1,16.5,0.0,0,36.0,0.0,0.0,0.0,0.0,0.0,47
2023-05-11 09:01:47,i2403-P-600,i2403-P-600,36.0,0.0,0.0,0.0,10,16.6,0.0,0,36.0,0.0,0.0,0.0,0.0,0.0,47
2023-05-11 09:01:48,i2403-P-600,i2403-P-600,36.0,0.0,0.0,0.0,1,16.7,0.0,0,36.0,0.0,0.0,0.0,0.0,0.0,47
2023-05-11 09:01:48,i2403-P-600,i2403-P-600,36.0,0.0,0.0,0.0,10,16.8,0.0,0,36.0,0.0,0.0,0.0,0.0,0.0,47
2023-05-11 09:12:00,i2403-P-600,i2403-P-600,36.0,0.0,0.0,0.0,1,38.4,43.0,1,36.0,0.0,0.0,0.0,0.0,0.0,47
2023-05-11 09:12:00,i2403-P-600,i2403-P-600,36.0,0.0,0.0,0.0,1,38.4,42.9,10,36.0,0.0,0.0,0.0,0.0,0.0,47
2023-05-11 09:12:01,i2403-P-600,i2403-P-600,36.0,0.0,0.0,0.0,2,38.4,42.9,11,36.0,0.0,0.0,0.0,0.0,0.0,47
2023-05-11 09:12:03,i2403-P-600,i2403-P-600,36.0,0.0,0.0,0.0,2,38.4,39.3,1,36.0,0.0,0.0,0.0,0.0,0.0,47
2023-05-11 09:12:12,i2403-P-600,i2403-P-600,36.0,0.0,0.0,0.0,1,38.4,39.3,1,36.0,0.0,0.0,0.0,0.0,0.0,47
2023-05-11 09:12:13,i2403-P-600,i2403-P-600,36.0,0.0,0.0,0.0,1,38.3,39.3,1,36.0,0.0,0.0,0.0,0.0,0.0,47
2023-05-11 09:12:13,i2403-P-600,i2403-P-600,36.0,0.0,0.0,0.0,1,38.3,40.9,1,36.0,0.0,0.0,0.0,0.0,0.0,47
2023-05-11 09:12:20,i2403-P-600,i2403-P-600,36.0,0.0,0.0,0.0,1,37.4,40.9,1,36.0,0.0,0.0,0.0,0.0,0.0,47
2023-05-11 09:12:21,i2403-P-600,i2403-P-600,36.0,0.0,0.0,0.0,1,37.4,41.8,1,36.0,0.0,0.0,0.0,0.0,0.0,47
2023-05-11 09:12:30,i2403-P-600,i2403-P-600,36.0,0.0,0.0,0.0,10,14.7,0.0,0,36.0,0.0,0.0,0.0,0.0,0.0,47
2023-05-11 09:12:31,i2403-P-600,i2403-P-600,36.0,0.0,0.0,0.0,1,16.3,0.0,0,36.0,0.0,0.0,0.0,0.0,0.0,47
2023-05-11 09:12:31,i2403-P-600,i2403-P-600,36.0,0.0,0.0,0.0,10,16.4,0.0,0,36.0,0.0,0.0,0.0,0.0,0.0,47
2023-05-11 09:12:32,i2403-P-600,i2403-P-600,36.0,0.0,0.0,0.0,1,18.0,0.0,0,36.0,0.0,0.0,0.0,0.0,0.0,47
2023-05-11 09:12:32,i2403-P-600,i2403-P-600,36.0,0.0,0.0,0.0,10,18.1,0.0,0,36.0,0.0,0.0,0.0,0.0,0.0,47
2023-05-11 09:12:33,i2403-P-600,i2403-P-600,36.0,0.0,0.0,0.0,1,19.7,0.0,0,36.0,0.0,0.0,0.0,0.0,0.0,47
2023-05-11 09:12:33,i2403-P-600,i2403-P-600,36.0,0.0,0.0,0.0,10,19.8,0.0,0,36.0,0.0,0.0,0.0,0.0,0.0,47
2023-05-11 09:12:34,i2403-P-600,i2403-P-600,36.0,0.0,0.0,0.0,1,20.6,0.0,0,36.0,0.0,0.0,0.0,0.0,0.0,47
2023-05-11 09:12:34,i2403-P-600,i2403-P-600,36.0,0.0,0.0,0.0,10,20.7,0.0,0,36.0,0.0,0.0,0.0,0.0,0.0,47
2023-05-11 09:12:35,i2403-P-600,i2403-P-600,36.0,0.0,0.0,0.0,1,20.8,0.0,0,36.0,0.0,0.0,0.0,0.0,0.0,47
2023-05-11 09:12:35,i2403-P-600,i2403-P-600,36.0,0.0,0.0,0.0,10,20.9,0.0,0,36.0,0.0,0.0,0.0,0.0,0.0,47
2023-05-11 09:12:36,i2403-P-600,i2403-P-600,36.0,0.0,0.0,0.0,1,21.0,0.0,0,36.0,0.0,0.0,0.0,0.0,0.0,47
2023-05-11 09:12:36,i2403-P-600,i2403-P-600,36.0,0.0,0.0,0.0,10,21.1,0.0,0,36.0,0.0,0.0,0.0,0.0,0.0,47
2023-05-11 09:12:37,i2403-P-600,i2403-P-600,36.0,0.0,0.0,0.0,1,21.2,0.0,0,36.0,0.0,0.0,0.0,0.0,0.0,47
2023-05-11 09:12:37,i2403-P-600,i2403-P-600,36.0,0.0,0.0,0.0,10,21.3,0.0,0,36.0,0.0,0.0,0.0,0.0,0.0,47
2023-05-11 09:12:38,i2403-P-600,i2403-P-600,36.0,0.0,0.0,0.0,1,21.4,0.0,0,36.0,0.0,0.0,0.0,0.0,0.0,47
2023-05-11 09:12:38,i2403-P-600,i2403-P-600,36.0,0.0,0.0,0.0,10,21.5,0.0,0,36.0,0.0,0.0,0.0,0.0,0.0,47
2023-05-11 10:14:32,i2403-P-600,i2403-P-600,36.0,0.0,0.0,0.0,1,14.6,0.0,0,36.0,0.0,0.0,0.0,0.0,0.0,47
2023-05-11 10:30:06,i2403-P-600,i2403-P-600,36.0,0.0,0.0,0.0,10,14.7,0.0,0,36.0,0.0,0.0,0.0,0.0,0.0,47
2023-05-11 10:31:36,i2403-P-600,i2403-P-600,36.0,0.0,0.0,0.0,1,14.8,0.0,0,36.0,0.0,0.0,0.0,0.0,0.0,47
2023-05-11 10:31:36,i2403-P-600,i2403-P-600,36.0,0.0,0.0,0.0,10,14.9,0.0,0,36.0,0.0,0.0,0.0,0.0,0.0,47
2023-05-11 10:31:48,i2403-P-600,i2403-P-600,36.0,0.0,0.0,0.0,1,15.0,0.0,0,36.0,0.0,0.0,0.0,0.0,0.0,47
2023-05-11 10:31:48,i2403-P-600,i2403-P-600,36.0,0.0,0.0,0.0,10,15.1,0.0,0,36.0,0.0,0.0,0.0,0.0,0.0,47
2023-05-11 10:31:50,i2403-P-600,i2403-P-600,36.0,0.0,0.0,0.0,1,15.2,0.0,0,36.0,0.0,0.0,0.0,0.0,0.0,47
2023-05-11 10:31:50,i2403-P-600,i2403-P-600,36.0,0.0,0.0,0.0,10,15.3,0.0,0,36.0,0.0,0.0,0.0,0.0,0.0,47
2023-05-11 10:32:16,i2403-P-600,i2403-P-600,36.0,0.0,0.0,0.0,1,15.4,0.0,0,36.0,0.0,0.0,0.0,0.0,0.0,47
2023-05-11 10:32:16,i2403-P-600,i2403-P-600,36.0,0.0,0.0,0.0,10,15.5,0.0,0,36.0,0.0,0.0,0.0,0.0,0.0,47
2023-05-11 10:32:41,i2403-P-600,i2403-P-600,36.0,0.0,0.0,0.0,1,15.6,0.0,0,36.0,0.0,0.0,0.0,0.0,0.0,47
2023-05-11 10:32:41,i2403-P-600,i2403-P-600,36.0,0.0,0.0,0.0,10,15.7,0.0,0,36.0,0.0,0.0,0.0,0.0,0.0,47
2023-05-11 10:32:44,i2403-P-600,i2403-P-600,36.0,0.0,0.0,0.0,1,15.8,0.0,0,36.0,0.0,0.0,0.0,0.0,0.0,47
2023-05-11 10:32:44,i2403-P-600,i2403-P-600,36.0,0.0,0.0,0.0,10,15.9,0.0,0,36.0,0.0,0.0,0.0,0.0,0.0,47
2023-05-11 10:33:06,i2403-P-600,i2403-P-600,36.0,0.0,0.0,0.0,1,16.0,0.0,0,36.0,0.0,0.0,0.0,0.0,0.0,47
2023-05-11 10:33:06,i2403-P-600,i2403-P-600,36.0,0.0,0.0,0.0,10,16.1,0.0,0,36.0,0.0,0.0,0.0,0.0,0.0,47
2023-05-11 10:34:30,i2403-P-600,i2403-P-600,36.0,0.0,0.0,0.0,1,16.2,0.0,0,36.0,0.0,0.0,0.0,0.0,0.0,47
2023-05-11 10:34:30,i2403-P-600,i2403-P-600,36.0,0.0,0.0,0.0,10,16.3,0.0,0,36.0,0.0,0.0,0.0,0.0,0.0,47
2023-05-11 10:34:32,i2403-P-600,i2403-P-600,36.0,0.0,0.0,0.0,1,16.4,0.0,0,36.0,0.0,0.0,0.0,0.0,0.0,47
2023-05-11 10:34:32,i2403-P-600,i2403-P-600,36.0,0.0,0.0,0.0,10,16.5,0.0,0,36.0,0.0,0.0,0.0,0.0,0.0,47
2023-05-11 10:34:33,i2403-P-600,i2403-P-600,36.0,0.0,0.0,0.0,1,16.6,0.0,0,36.0,0.0,0.0,0.0,0.0,0.0,47
2023-05-11 10:34:33,i2403-P-600,i2403-P-600,36.0,0.0,0.0,0.0,10,16.7,0.0,0,36.0,0.0,0.0,0.0,0.0,0.0,47
2023-05-11 10:56:02,i2403-P-600,i2403-P-600,36.0,0.0,0.0,0.0,1,16.8,0.0,0,36.0,0.0,0.0,0.0,0.0,0.0,47
2023-05-11 10:56:02,i2403-P-600,i2403-P-600,36.0,0.0,0.0,0.0,10,16.9,0.0,0,36.0,0.0,0.0,0.0,0.0,0.0,47
2023-05-11 11:05:23,i2403-P-600,i2403-P-600,36.0,0.0,0.0,0.0,1,16.8,0.0,0,36.0,0.0,0.0,0.0,0.0,0.0,47
2023-05-11 11:07:18,i2403-P-600,i2403-P-600,36.0,0.0,0.0,0.0,10,16.9,0.0,0,36.0,0.0,0.0,0.0,0.0,0.0,47
2023-05-11 11:10:17,i2403-P-600,i2403-P-600,36.0,0.0,0.0,0.0,1,16.8,0.0,0,36.0,0.0,0.0,0.0,0.0,0.0,47
2023-05-11 11:11:32,i2403-P-600,i2403-P-600,36.0,0.0,0.0,0.0,10,16.9,0.0,0,36.0,0.0,0.0,0.0,0.0,0.0,47
2023-05-11 11:26:20,i2403-P-600,i2403-P-600,36.0,0.0,0.0,0.0,1,17.0,0.0,0,36.0,0.0,0.0,0.0,0.0,0.0,47
2023-05-11 11:26:20,i2403-P-600,i2403-P-600,36.0,0.0,0.0,0.0,10,17.1,0.0,0,36.0,0.0,0.0,0.0,0.0,0.0,47
2023-05-11 11:29:32,i2403-P-600,i2403-P-600,36.0,0.0,0.0,0.0,1,12.5,0.0,0,36.0,0.0,0.0,0.0,0.0,0.0,47
2023-05-11 13:30:14,i2403-P-600,i2403-P-600,36.0,0.0,0.0,0.0,10,12.6,0.0,0,36.0,0.0,0.0,0.0,0.0,0.0,47
2023-05-11 13:31:00,i2403-P-600,i2403-P-600,36.0,0.0,0.0,0.0,1,12.7,0.0,0,36.0,0.0,0.0,0.0,0.0,0.0,47
2023-05-11 13:31:00,i2403-P-600,i2403-P-600,36.0,0.0,0.0,0.0,10,12.8,0.0,0,36.0,0.0,0.0,0.0,0.0,0.0,47
2023-05-11 13:31:15,i2403-P-600,i2403-P-600,36.0,0.0,0.0,0.0,1,12.9,0.0,0,36.0,0.0,0.0,0.0,0.0,0.0,47
2023-05-11 13:31:15,i2403-P-600,i2403-P-600,36.0,0.0,0.0,0.0,10,13.0,0.0,0,36.0,0.0,0.0,0.0,0.0,0.0,47
2023-05-11 13:31:17,i2403-P-600,i2403-P-600,36.0,0.0,0.0,0.0,1,13.1,0.0,0,36.0,0.0,0.0,0.0,0.0,0.0,47
2023-05-11 13:31:17,i2403-P-600,i2403-P-600,36.0,0.0,0.0,0.0,10,13.2,0.0,0,36.0,0.0,0.0,0.0,0.0,0.0,47
2023-05-11 13:31:24,i2403-P-600,i2403-P-600,36.0,0.0,0.0,0.0,1,13.3,0.0,0,36.0,0.0,0.0,0.0,0.0,0.0,47
2023-05-11 13:31:24,i2403-P-600,i2403-P-600,36.0,0.0,0.0,0.0,10,13.4,0.0,0,36.0,0.0,0.0,0.0,0.0,0.0,47
2023-05-11 13:31:35,i2403-P-600,i2403-P-600,36.0,0.0,0.0,0.0,1,13.5,0.0,0,36.0,0.0,0.0,0.0,0.0,0.0,47
2023-05-11 13:31:35,i2403-P-600,i2403-P-600,36.0,0.0,0.0,0.0,10,13.6,0.0,0,36.0,0.0,0.0,0.0,0.0,0.0,47
2023-05-11 13:31:43,i2403-P-600,i2403-P-600,36.0,0.0,0.0,0.0,1,13.7,0.0,0,36.0,0.0,0.0,0.0,0.0,0.0,47
2023-05-11 13:31:43,i2403-P-600,i2403-P-600,36.0,0.0,0.0,0.0,10,13.8,0.0,0,36.0,0.0,0.0,0.0,0.0,0.0,47
2023-05-11 13:34:58,i2403-P-600,i2403-P-600,36.0,0.0,0.0,0.0,1,13.9,0.0,0,36.0,0.0,0.0,0.0,0.0,0.0,47
2023-05-11 13:34:58,i2403-P-600,i2403-P-600,36.0,0.0,0.0,0.0,10,14.0,0.0,0,36.0,0.0,0.0,0.0,0.0,0.0,47
2023-05-11 13:36:23,i2403-P-600,i2403-P-600,36.0,0.0,0.0,0.0,1,14.1,0.0,0,36.0,0.0,0.0,0.0,0.0,0.0,47
2023-05-11 13:36:23,i2403-P-600,i2403-P-600,36.0,0.0,0.0,0.0,10,14.2,0.0,0,36.0,0.0,0.0,0.0,0.0,0.0,47
2023-05-11 13:36:28,i2403-P-600,i2403-P-600,36.0,0.0,0.0,0.0,1,14.3,0.0,0,36.0,0.0,0.0,0.0,0.0,0.0,47
2023-05-11 13:36:28,i2403-P-600,i2403-P-600,36.0,0.0,0.0,0.0,10,14.4,0.0,0,36.0,0.0,0.0,0.0,0.0,0.0,47
2023-05-11 13:36:32,i2403-P-600,i2403-P-600,36.0,0.0,0.0,0.0,1,14.5,0.0,0,36.0,0.0,0.0,0.0,0.0,0.0,47
2023-05-11 13:36:32,i2403-P-600,i2403-P-600,36.0,0.0,0.0,0.0,10,14.6,0.0,0,36.0,0.0,0.0,0.0,0.0,0.0,47
2023-05-11 13:36:34,i2403-P-600,i2403-P-600,36.0,0.0,0.0,0.0,1,14.7,0.0,0,36.0,0.0,0.0,0.0,0.0,0.0,47
2023-05-11 13:36:34,i2403-P-600,i2403-P-600,36.0,0.0,0.0,0.0,10,14.8,0.0,0,36.0,0.0,0.0,0.0,0.0,0.0,47
2023-05-11 13:36:37,i2403-P-600,i2403-P-600,36.0,0.0,0.0,0.0,1,14.9,0.0,0,36.0,0.0,0.0,0.0,0.0,0.0,47
2023-05-11 13:36:37,i2403-P-600,i2403-P-600,36.0,0.0,0.0,0.0,10,15.0,0.0,0,36.0,0.0,0.0,0.0,0.0,0.0,47
2023-05-11 13:36:39,i2403-P-600,i2403-P-600,36.0,0.0,0.0,0.0,1,15.1,0.0,0,36.0,0.0,0.0,0.0,0.0,0.0,47
2023-05-11 13:36:39,i2403-P-600,i2403-P-600,36.0,0.0,0.0,0.0,10,15.2,0.0,0,36.0,0.0,0.0,0.0,0.0,0.0,47
2023-05-11 13:36:42,i2403-P-600,i2403-P-600,36.0,0.0,0.0,0.0,1,15.3,0.0,0,36.0,0.0,0.0,0.0,0.0,0.0,47
2023-05-11 13:36:42,i2403-P-600,i2403-P-600,36.0,0.0,0.0,0.0,10,15.4,0.0,0,36.0,0.0,0.0,0.0,0.0,0.0,47
2023-05-11 13:36:44,i2403-P-600,i2403-P-600,36.0,0.0,0.0,0.0,1,15.5,0.0,0,36.0,0.0,0.0,0.0,0.0,0.0,47
2023-05-11 13:36:44,i2403-P-600,i2403-P-600,36.0,0.0,0.0,0.0,10,15.6,0.0,0,36.0,0.0,0.0,0.0,0.0,0.0,47
2023-05-11 13:36:47,i2403-P-600,i2403-P-600,36.0,0.0,0.0,0.0,1,15.7,0.0,0,36.0,0.0,0.0,0.0,0.0,0.0,47
2023-05-11 13:36:47,i2403-P-600,i2403-P-600,36.0,0.0,0.0,0.0,10,15.8,0.0,0,36.0,0.0,0.0,0.0,0.0,0.0,47
2023-05-11 13:36:58,i2403-P-600,i2403-P-600,36.0,0.0,0.0,0.0,1,15.9,0.0,0,36.0,0.0,0.0,0.0,0.0,0.0,47
2023-05-11 13:36:58,i2403-P-600,i2403-P-600,36.0,0.0,0.0,0.0,10,16.0,0.0,0,36.0,0.0,0.0,0.0,0.0,0.0,47
2023-05-11 13:37:00,i2403-P-600,i2403-P-600,36.0,0.0,0.0,0.0,1,16.1,0.0,0,36.0,0.0,0.0,0.0,0.0,0.0,47
2023-05-11 13:37:00,i2403-P-600,i2403-P-600,36.0,0.0,0.0,0.0,10,16.2,0.0,0,36.0,0.0,0.0,0.0,0.0,0.0,47
2023-05-11 13:37:01,i2403-P-600,i2403-P-600,36.0,0.0,0.0,0.0,1,16.3,0.0,0,36.0,0.0,0.0,0.0,0.0,0.0,47
2023-05-11 13:37:01,i2403-P-600,i2403-P-600,36.0,0.0,0.0,0.0,10,16.4,0.0,0,36.0,0.0,0.0,0.0,0.0,0.0,47
2023-05-11 13:37:03,i2403-P-600,i2403-P-600,36.0,0.0,0.0,0.0,1,16.5,0.0,0,36.0,0.0,0.0,0.0,0.0,0.0,47
2023-05-11 13:37:03,i2403-P-600,i2403-P-600,36.0,0.0,0.0,0.0,10,16.6,0.0,0,36.0,0.0,0.0,0.0,0.0,0.0,47
2023-05-11 13:37:04,i2403-P-600,i2403-P-600,36.0,0.0,0.0,0.0,1,16.7,0.0,0,36.0,0.0,0.0,0.0,0.0,0.0,47
2023-05-11 13:37:04,i2403-P-600,i2403-P-600,36.0,0.0,0.0,0.0,10,16.8,0.0,0,36.0,0.0,0.0,0.0,0.0,0.0,47
2023-05-11 14:12:53,i2403-P-600,i2403-P-600,36.0,0.0,0.0,0.0,1,16.9,0.0,0,36.0,0.0,0.0,0.0,0.0,0.0,47
2023-05-11 14:12:53,i2403-P-600,i2403-P-600,36.0,0.0,0.0,0.0,10,17.0,0.0,0,36.0,0.0,0.0,0.0,0.0,0.0,47
2023-05-11 14:23:11,i2403-P-600,i2403-P-600,36.0,0.0,0.0,0.0,1,16.9,0.0,0,36.0,0.0,0.0,0.0,0.0,0.0,47
2023-05-11 14:23:51,i2403-P-600,i2403-P-600,36.0,0.0,0.0,0.0,10,17.0,0.0,0,36.0,0.0,0.0,0.0,0.0,0.0,47
2023-05-11 14:39:15,i2403-P-600,i2403-P-600,36.0,0.0,0.0,0.0,1,16.9,0.0,0,36.0,0.0,0.0,0.0,0.0,0.0,47
2023-05-11 14:46:52,i2403-P-600,i2403-P-600,36.0,0.0,0.0,0.0,10,17.0,0.0,0,36.0,0.0,0.0,0.0,0.0,0.0,47
2023-05-11 14:54:07,i2403-P-600,i2403-P-600,36.0,0.0,0.0,0.0,1,17.1,0.0,0,36.0,0.0,0.0,0.0,0.0,0.0,47
2023-05-11 14:54:07,i2403-P-600,i2403-P-600,36.0,0.0,0.0,0.0,10,17.2,0.0,0,36.0,0.0,0.0,0.0,0.0,0.0,47
2023-05-11 14:58:49,i2403-P-600,i2403-P-600,36.0,0.0,0.0,0.0,1,17.1,0.0,0,36.0,0.0,0.0,0.0,0.0,0.0,47
2023-05-11 14:59:02,i2403-P-600,i2403-P-600,36.0,0.0,0.0,0.0,10,17.2,0.0,0,36.0,0.0,0.0,0.0,0.0,0.0,47
2023-05-11 14:59:54,i2403-P-600,i2403-P-600,36.0,0.0,0.0,0.0,1,17.1,0.0,0,36.0,0.0,0.0,0.0,0.0,0.0,47
2023-05-11 15:01:10,i2403-P-600,i2403-P-600,36.0,0.0,0.0,0.0,1,17.1,0.0,0,36.0,0.0,0.0,0.0,0.0,0.0,47
