time,symbol_id,symbol_name,last,trade_volume,trade_amount,open_interest_change,bv1,bp1,ap1,av1,yesterday_close,today_open,today_high,today_low,volume,amount,open_interest
2023-05-10 20:56:28,i2401-C-930,i2401-C-930,5.9,0.0,0.0,0.0,20,1.1,0.0,0,5.9,0.0,0.0,0.0,0.0,0.0,6
2023-05-10 21:00:02,i2401-C-930,i2401-C-930,5.9,0.0,0.0,0.0,1,4.9,19.4,1,5.9,0.0,0.0,0.0,0.0,0.0,6
2023-05-10 21:00:05,i2401-C-930,i2401-C-930,5.9,0.0,0.0,0.0,1,4.9,19.3,20,5.9,0.0,0.0,0.0,0.0,0.0,6
2023-05-10 21:00:12,i2401-C-930,i2401-C-930,5.9,0.0,0.0,0.0,1,4.9,15.5,1,5.9,0.0,0.0,0.0,0.0,0.0,6
2023-05-10 21:00:12,i2401-C-930,i2401-C-930,5.9,0.0,0.0,0.0,1,4.9,15.4,20,5.9,0.0,0.0,0.0,0.0,0.0,6
2023-05-10 21:00:14,i2401-C-930,i2401-C-930,5.9,0.0,0.0,0.0,1,4.9,11.6,1,5.9,0.0,0.0,0.0,0.0,0.0,6
2023-05-10 21:04:16,i2401-C-930,i2401-C-930,5.9,0.0,0.0,0.0,1,4.9,11.5,20,5.9,0.0,0.0,0.0,0.0,0.0,6
2023-05-10 21:04:17,i2401-C-930,i2401-C-930,5.9,0.0,0.0,0.0,1,4.9,8.0,1,5.9,0.0,0.0,0.0,0.0,0.0,6
2023-05-10 21:06:44,i2401-C-930,i2401-C-930,5.9,0.0,0.0,0.0,1,4.9,7.9,20,5.9,0.0,0.0,0.0,0.0,0.0,6
2023-05-10 22:36:18,i2401-C-930,i2401-C-930,5.9,0.0,0.0,0.0,1,4.9,6.8,1,5.9,0.0,0.0,0.0,0.0,0.0,6
2023-05-10 22:36:18,i2401-C-930,i2401-C-930,5.9,0.0,0.0,0.0,1,4.9,6.7,20,5.9,0.0,0.0,0.0,0.0,0.0,6
2023-05-10 22:56:31,i2401-C-930,i2401-C-930,5.9,0.0,0.0,0.0,20,1.1,6.7,20,5.9,0.0,0.0,0.0,0.0,0.0,6
2023-05-10 22:56:32,i2401-C-930,i2401-C-930,5.9,0.0,0.0,0.0,1,2.4,6.7,20,5.9,0.0,0.0,0.0,0.0,0.0,6
2023-05-10 22:56:32,i2401-C-930,i2401-C-930,5.9,0.0,0.0,0.0,20,2.5,6.7,20,5.9,0.0,0.0,0.0,0.0,0.0,6
2023-05-10 22:56:33,i2401-C-930,i2401-C-930,5.9,0.0,0.0,0.0,1,3.2,6.7,20,5.9,0.0,0.0,0.0,0.0,0.0,6
2023-05-10 22:56:34,i2401-C-930,i2401-C-930,5.9,0.0,0.0,0.0,20,3.3,6.7,20,5.9,0.0,0.0,0.0,0.0,0.0,6
2023-05-10 22:56:35,i2401-C-930,i2401-C-930,5.9,0.0,0.0,0.0,1,3.4,6.7,20,5.9,0.0,0.0,0.0,0.0,0.0,6
2023-05-10 22:56:35,i2401-C-930,i2401-C-930,5.9,0.0,0.0,0.0,20,3.5,6.7,20,5.9,0.0,0.0,0.0,0.0,0.0,6
2023-05-10 22:56:36,i2401-C-930,i2401-C-930,5.9,0.0,0.0,0.0,1,3.6,6.7,20,5.9,0.0,0.0,0.0,0.0,0.0,6
2023-05-10 22:56:36,i2401-C-930,i2401-C-930,5.9,0.0,0.0,0.0,20,3.7,6.7,20,5.9,0.0,0.0,0.0,0.0,0.0,6
2023-05-10 22:56:37,i2401-C-930,i2401-C-930,5.9,0.0,0.0,0.0,1,3.8,6.7,20,5.9,0.0,0.0,0.0,0.0,0.0,6
2023-05-10 22:56:38,i2401-C-930,i2401-C-930,5.9,0.0,0.0,0.0,20,3.9,6.7,20,5.9,0.0,0.0,0.0,0.0,0.0,6
2023-05-10 22:57:32,i2401-C-930,i2401-C-930,5.9,0.0,0.0,0.0,20,1.1,0.0,0,5.9,0.0,0.0,0.0,0.0,0.0,6
2023-05-10 22:57:36,i2401-C-930,i2401-C-930,5.9,0.0,0.0,0.0,20,1.1,79.6,1,5.9,0.0,0.0,0.0,0.0,0.0,6
2023-05-10 22:57:36,i2401-C-930,i2401-C-930,5.9,0.0,0.0,0.0,1,2.4,79.6,1,5.9,0.0,0.0,0.0,0.0,0.0,6
2023-05-10 22:59:13,i2401-C-930,i2401-C-930,5.9,0.0,0.0,0.0,1,2.4,79.5,20,5.9,0.0,0.0,0.0,0.0,0.0,6
2023-05-10 22:59:15,i2401-C-930,i2401-C-930,5.9,0.0,0.0,0.0,1,2.4,79.2,1,5.9,0.0,0.0,0.0,0.0,0.0,6
2023-05-10 22:59:15,i2401-C-930,i2401-C-930,5.9,0.0,0.0,0.0,1,2.4,79.1,20,5.9,0.0,0.0,0.0,0.0,0.0,6
2023-05-10 22:59:16,i2401-C-930,i2401-C-930,5.9,0.0,0.0,0.0,1,2.4,78.8,1,5.9,0.0,0.0,0.0,0.0,0.0,6
2023-05-10 22:59:16,i2401-C-930,i2401-C-930,5.9,0.0,0.0,0.0,1,2.4,78.7,20,5.9,0.0,0.0,0.0,0.0,0.0,6
2023-05-10 22:59:17,i2401-C-930,i2401-C-930,5.9,0.0,0.0,0.0,1,2.4,78.4,1,5.9,0.0,0.0,0.0,0.0,0.0,6
2023-05-10 22:59:17,i2401-C-930,i2401-C-930,5.9,0.0,0.0,0.0,1,2.4,78.3,20,5.9,0.0,0.0,0.0,0.0,0.0,6
2023-05-10 22:59:18,i2401-C-930,i2401-C-930,5.9,0.0,0.0,0.0,1,2.4,78.0,1,5.9,0.0,0.0,0.0,0.0,0.0,6
2023-05-10 22:59:19,i2401-C-930,i2401-C-930,5.9,0.0,0.0,0.0,1,2.4,77.9,20,5.9,0.0,0.0,0.0,0.0,0.0,6
2023-05-10 22:59:23,i2401-C-930,i2401-C-930,5.9,0.0,0.0,0.0,1,2.4,77.6,1,5.9,0.0,0.0,0.0,0.0,0.0,6
2023-05-10 22:59:24,i2401-C-930,i2401-C-930,5.9,0.0,0.0,0.0,1,2.4,77.5,20,5.9,0.0,0.0,0.0,0.0,0.0,6
2023-05-10 22:59:24,i2401-C-930,i2401-C-930,5.9,0.0,0.0,0.0,1,2.4,77.2,1,5.9,0.0,0.0,0.0,0.0,0.0,6
2023-05-10 22:59:25,i2401-C-930,i2401-C-930,5.9,0.0,0.0,0.0,1,2.4,77.1,20,5.9,0.0,0.0,0.0,0.0,0.0,6
2023-05-10 22:59:25,i2401-C-930,i2401-C-930,5.9,0.0,0.0,0.0,1,2.4,76.8,1,5.9,0.0,0.0,0.0,0.0,0.0,6
2023-05-10 22:59:26,i2401-C-930,i2401-C-930,5.9,0.0,0.0,0.0,1,2.4,76.7,20,5.9,0.0,0.0,0.0,0.0,0.0,6
2023-05-10 22:59:26,i2401-C-930,i2401-C-930,5.9,0.0,0.0,0.0,1,2.4,76.4,1,5.9,0.0,0.0,0.0,0.0,0.0,6
2023-05-10 22:59:27,i2401-C-930,i2401-C-930,5.9,0.0,0.0,0.0,1,2.4,76.3,20,5.9,0.0,0.0,0.0,0.0,0.0,6
2023-05-10 22:59:27,i2401-C-930,i2401-C-930,5.9,0.0,0.0,0.0,1,2.4,76.0,1,5.9,0.0,0.0,0.0,0.0,0.0,6
2023-05-10 22:59:27,i2401-C-930,i2401-C-930,5.9,0.0,0.0,0.0,1,2.4,75.9,20,5.9,0.0,0.0,0.0,0.0,0.0,6
2023-05-10 22:59:29,i2401-C-930,i2401-C-930,5.9,0.0,0.0,0.0,1,2.4,75.6,1,5.9,0.0,0.0,0.0,0.0,0.0,6
2023-05-10 22:59:29,i2401-C-930,i2401-C-930,5.9,0.0,0.0,0.0,1,2.4,75.5,20,5.9,0.0,0.0,0.0,0.0,0.0,6
2023-05-10 22:59:30,i2401-C-930,i2401-C-930,5.9,0.0,0.0,0.0,1,2.4,75.2,1,5.9,0.0,0.0,0.0,0.0,0.0,6
2023-05-10 22:59:30,i2401-C-930,i2401-C-930,5.9,0.0,0.0,0.0,1,2.4,75.1,20,5.9,0.0,0.0,0.0,0.0,0.0,6
2023-05-10 22:59:31,i2401-C-930,i2401-C-930,5.9,0.0,0.0,0.0,1,2.4,74.8,1,5.9,0.0,0.0,0.0,0.0,0.0,6
2023-05-10 22:59:32,i2401-C-930,i2401-C-930,5.9,0.0,0.0,0.0,1,2.4,74.7,20,5.9,0.0,0.0,0.0,0.0,0.0,6
2023-05-10 22:59:32,i2401-C-930,i2401-C-930,5.9,0.0,0.0,0.0,1,2.4,74.4,1,5.9,0.0,0.0,0.0,0.0,0.0,6
2023-05-10 22:59:32,i2401-C-930,i2401-C-930,5.9,0.0,0.0,0.0,1,2.4,74.3,20,5.9,0.0,0.0,0.0,0.0,0.0,6
2023-05-10 22:59:34,i2401-C-930,i2401-C-930,5.9,0.0,0.0,0.0,1,2.4,74.0,1,5.9,0.0,0.0,0.0,0.0,0.0,6
2023-05-10 22:59:35,i2401-C-930,i2401-C-930,5.9,0.0,0.0,0.0,1,2.4,73.9,20,5.9,0.0,0.0,0.0,0.0,0.0,6
2023-05-10 22:59:36,i2401-C-930,i2401-C-930,5.9,0.0,0.0,0.0,1,2.4,73.6,1,5.9,0.0,0.0,0.0,0.0,0.0,6
2023-05-10 22:59:37,i2401-C-930,i2401-C-930,5.9,0.0,0.0,0.0,1,2.4,73.5,20,5.9,0.0,0.0,0.0,0.0,0.0,6
2023-05-10 22:59:41,i2401-C-930,i2401-C-930,5.9,0.0,0.0,0.0,1,2.4,73.2,1,5.9,0.0,0.0,0.0,0.0,0.0,6
2023-05-10 22:59:42,i2401-C-930,i2401-C-930,5.9,0.0,0.0,0.0,1,2.4,73.1,20,5.9,0.0,0.0,0.0,0.0,0.0,6
2023-05-10 22:59:46,i2401-C-930,i2401-C-930,5.9,0.0,0.0,0.0,1,2.4,72.8,1,5.9,0.0,0.0,0.0,0.0,0.0,6
2023-05-10 22:59:46,i2401-C-930,i2401-C-930,5.9,0.0,0.0,0.0,1,2.4,72.7,20,5.9,0.0,0.0,0.0,0.0,0.0,6
2023-05-10 22:59:53,i2401-C-930,i2401-C-930,5.9,0.0,0.0,0.0,1,2.4,72.4,1,5.9,0.0,0.0,0.0,0.0,0.0,6
2023-05-10 22:59:53,i2401-C-930,i2401-C-930,5.9,0.0,0.0,0.0,1,2.4,72.3,20,5.9,0.0,0.0,0.0,0.0,0.0,6
2023-05-10 22:59:55,i2401-C-930,i2401-C-930,5.9,0.0,0.0,0.0,1,2.4,0.0,0,5.9,0.0,0.0,0.0,0.0,0.0,6
2023-05-11 09:00:00,i2401-C-930,i2401-C-930,5.9,0.0,0.0,0.0,1,4.1,0.0,0,5.9,0.0,0.0,0.0,0.0,0.0,6
2023-05-11 09:00:01,i2401-C-930,i2401-C-930,5.9,0.0,0.0,0.0,1,4.6,0.0,0,5.9,0.0,0.0,0.0,0.0,0.0,6
2023-05-11 09:00:10,i2401-C-930,i2401-C-930,5.9,0.0,0.0,0.0,1,4.6,18.4,1,5.9,0.0,0.0,0.0,0.0,0.0,6
2023-05-11 09:00:10,i2401-C-930,i2401-C-930,5.9,0.0,0.0,0.0,1,4.6,18.3,20,5.9,0.0,0.0,0.0,0.0,0.0,6
2023-05-11 09:00:12,i2401-C-930,i2401-C-930,5.9,0.0,0.0,0.0,1,4.6,14.6,1,5.9,0.0,0.0,0.0,0.0,0.0,6
2023-05-11 09:00:12,i2401-C-930,i2401-C-930,5.9,0.0,0.0,0.0,1,4.6,14.5,20,5.9,0.0,0.0,0.0,0.0,0.0,6
2023-05-11 09:00:13,i2401-C-930,i2401-C-930,5.9,0.0,0.0,0.0,1,4.6,10.8,1,5.9,0.0,0.0,0.0,0.0,0.0,6
2023-05-11 09:03:45,i2401-C-930,i2401-C-930,5.9,0.0,0.0,0.0,1,4.6,10.7,20,5.9,0.0,0.0,0.0,0.0,0.0,6
2023-05-11 09:03:46,i2401-C-930,i2401-C-930,5.9,0.0,0.0,0.0,1,4.6,7.4,1,5.9,0.0,0.0,0.0,0.0,0.0,6
2023-05-11 09:03:46,i2401-C-930,i2401-C-930,5.9,0.0,0.0,0.0,1,4.6,7.3,20,5.9,0.0,0.0,0.0,0.0,0.0,6
2023-05-11 10:14:32,i2401-C-930,i2401-C-930,5.9,0.0,0.0,0.0,1,4.6,7.4,1,5.9,0.0,0.0,0.0,0.0,0.0,6
2023-05-11 10:30:06,i2401-C-930,i2401-C-930,5.9,0.0,0.0,0.0,1,4.6,7.3,20,5.9,0.0,0.0,0.0,0.0,0.0,6
2023-05-11 10:45:54,i2401-C-930,i2401-C-930,5.9,0.0,0.0,0.0,20,4.7,7.3,20,5.9,0.0,0.0,0.0,0.0,0.0,6
2023-05-11 11:05:23,i2401-C-930,i2401-C-930,5.9,0.0,0.0,0.0,1,4.6,7.4,1,5.9,0.0,0.0,0.0,0.0,0.0,6
2023-05-11 11:07:18,i2401-C-930,i2401-C-930,5.9,0.0,0.0,0.0,20,4.7,7.3,20,5.9,0.0,0.0,0.0,0.0,0.0,6
2023-05-11 11:08:52,i2401-C-930,i2401-C-930,5.9,0.0,0.0,0.0,1,4.6,7.3,20,5.9,0.0,0.0,0.0,0.0,0.0,6
2023-05-11 11:10:17,i2401-C-930,i2401-C-930,5.9,0.0,0.0,0.0,1,4.6,7.4,1,5.9,0.0,0.0,0.0,0.0,0.0,6
2023-05-11 11:11:32,i2401-C-930,i2401-C-930,5.9,0.0,0.0,0.0,1,4.6,7.3,20,5.9,0.0,0.0,0.0,0.0,0.0,6
2023-05-11 11:12:20,i2401-C-930,i2401-C-930,5.9,0.0,0.0,0.0,21,4.6,7.3,20,5.9,0.0,0.0,0.0,0.0,0.0,6
2023-05-11 11:12:35,i2401-C-930,i2401-C-930,5.9,0.0,0.0,0.0,1,4.6,7.3,20,5.9,0.0,0.0,0.0,0.0,0.0,6
2023-05-11 11:12:57,i2401-C-930,i2401-C-930,5.9,0.0,0.0,0.0,21,4.6,7.3,20,5.9,0.0,0.0,0.0,0.0,0.0,6
2023-05-11 11:13:17,i2401-C-930,i2401-C-930,5.9,0.0,0.0,0.0,1,4.6,7.3,20,5.9,0.0,0.0,0.0,0.0,0.0,6
2023-05-11 11:13:38,i2401-C-930,i2401-C-930,5.9,0.0,0.0,0.0,21,4.6,7.3,20,5.9,0.0,0.0,0.0,0.0,0.0,6
2023-05-11 11:14:15,i2401-C-930,i2401-C-930,5.9,0.0,0.0,0.0,1,4.6,7.3,20,5.9,0.0,0.0,0.0,0.0,0.0,6
2023-05-11 11:14:24,i2401-C-930,i2401-C-930,5.9,0.0,0.0,0.0,21,4.6,7.3,20,5.9,0.0,0.0,0.0,0.0,0.0,6
2023-05-11 11:15:03,i2401-C-930,i2401-C-930,5.9,0.0,0.0,0.0,1,4.6,7.3,20,5.9,0.0,0.0,0.0,0.0,0.0,6
2023-05-11 11:18:55,i2401-C-930,i2401-C-930,5.9,0.0,0.0,0.0,21,4.6,7.3,20,5.9,0.0,0.0,0.0,0.0,0.0,6
2023-05-11 11:18:59,i2401-C-930,i2401-C-930,5.9,0.0,0.0,0.0,1,4.6,7.3,20,5.9,0.0,0.0,0.0,0.0,0.0,6
2023-05-11 11:19:28,i2401-C-930,i2401-C-930,5.9,0.0,0.0,0.0,21,4.6,7.3,20,5.9,0.0,0.0,0.0,0.0,0.0,6
2023-05-11 11:20:00,i2401-C-930,i2401-C-930,5.9,0.0,0.0,0.0,1,4.6,7.3,20,5.9,0.0,0.0,0.0,0.0,0.0,6
2023-05-11 11:21:27,i2401-C-930,i2401-C-930,5.9,0.0,0.0,0.0,21,4.6,7.3,20,5.9,0.0,0.0,0.0,0.0,0.0,6
2023-05-11 11:21:55,i2401-C-930,i2401-C-930,5.9,0.0,0.0,0.0,1,4.6,7.3,20,5.9,0.0,0.0,0.0,0.0,0.0,6
2023-05-11 11:29:32,i2401-C-930,i2401-C-930,5.9,0.0,0.0,0.0,1,4.6,7.4,1,5.9,0.0,0.0,0.0,0.0,0.0,6
2023-05-11 13:35:03,i2401-C-930,i2401-C-930,5.9,0.0,0.0,0.0,1,4.6,7.3,20,5.9,0.0,0.0,0.0,0.0,0.0,6
2023-05-11 13:47:49,i2401-C-930,i2401-C-930,5.9,0.0,0.0,0.0,1,5.1,7.3,20,5.9,0.0,0.0,0.0,0.0,0.0,6
2023-05-11 14:16:24,i2401-C-930,i2401-C-930,5.9,0.0,0.0,0.0,1,4.8,7.3,20,5.9,0.0,0.0,0.0,0.0,0.0,6
2023-05-11 14:23:11,i2401-C-930,i2401-C-930,5.9,0.0,0.0,0.0,1,4.8,7.4,1,5.9,0.0,0.0,0.0,0.0,0.0,6
2023-05-11 14:23:51,i2401-C-930,i2401-C-930,5.9,0.0,0.0,0.0,1,4.8,7.3,20,5.9,0.0,0.0,0.0,0.0,0.0,6
2023-05-11 14:39:15,i2401-C-930,i2401-C-930,5.9,0.0,0.0,0.0,1,4.8,7.4,1,5.9,0.0,0.0,0.0,0.0,0.0,6
2023-05-11 14:46:52,i2401-C-930,i2401-C-930,5.9,0.0,0.0,0.0,1,4.8,7.3,20,5.9,0.0,0.0,0.0,0.0,0.0,6
2023-05-11 14:54:33,i2401-C-930,i2401-C-930,5.9,0.0,0.0,0.0,1,4.5,7.3,20,5.9,0.0,0.0,0.0,0.0,0.0,6
2023-05-11 14:58:49,i2401-C-930,i2401-C-930,5.9,0.0,0.0,0.0,1,4.5,7.4,1,5.9,0.0,0.0,0.0,0.0,0.0,6
2023-05-11 15:01:10,i2401-C-930,i2401-C-930,5.9,0.0,0.0,0.0,1,4.5,7.4,1,5.9,0.0,0.0,0.0,0.0,0.0,6
