time,symbol_id,symbol_name,last,trade_volume,trade_amount,open_interest_change,bv1,bp1,ap1,av1,yesterday_close,today_open,today_high,today_low,volume,amount,open_interest
2023-05-09 19:10:58,TA311C5700,TA311C5700,183.5,0.0,0.0,0.0,0,0.0,0.0,0,183.5,0.0,0.0,0.0,0.0,0.0,6
2023-05-09 21:00:16,TA311C5700,TA311C5700,183.5,0.0,0.0,0.0,1,6.5,0.0,0,183.5,0.0,0.0,0.0,0.0,0.0,6
2023-05-09 21:00:17,TA311C5700,TA311C5700,183.5,0.0,0.0,0.0,2,6.5,0.0,0,183.5,0.0,0.0,0.0,0.0,0.0,6
2023-05-09 21:01:26,TA311C5700,TA311C5700,183.5,0.0,0.0,0.0,2,13.0,0.0,0,183.5,0.0,0.0,0.0,0.0,0.0,6
2023-05-09 21:02:29,TA311C5700,TA311C5700,183.5,0.0,0.0,0.0,1,13.5,0.0,0,183.5,0.0,0.0,0.0,0.0,0.0,6
2023-05-09 21:02:42,TA311C5700,TA311C5700,183.5,0.0,0.0,0.0,2,17.0,0.0,0,183.5,0.0,0.0,0.0,0.0,0.0,6
2023-05-09 21:32:29,TA311C5700,TA311C5700,183.5,0.0,0.0,0.0,1,17.5,0.0,0,183.5,0.0,0.0,0.0,0.0,0.0,6
2023-05-09 21:32:31,TA311C5700,TA311C5700,183.5,0.0,0.0,0.0,2,18.0,0.0,0,183.5,0.0,0.0,0.0,0.0,0.0,6
2023-05-09 22:03:32,TA311C5700,TA311C5700,183.5,0.0,0.0,0.0,1,18.5,0.0,0,183.5,0.0,0.0,0.0,0.0,0.0,6
2023-05-09 22:03:33,TA311C5700,TA311C5700,183.5,0.0,0.0,0.0,2,19.0,0.0,0,183.5,0.0,0.0,0.0,0.0,0.0,6
2023-05-09 22:35:53,TA311C5700,TA311C5700,183.5,0.0,0.0,0.0,1,19.5,0.0,0,183.5,0.0,0.0,0.0,0.0,0.0,6
2023-05-09 22:35:54,TA311C5700,TA311C5700,183.5,0.0,0.0,0.0,2,20.0,0.0,0,183.5,0.0,0.0,0.0,0.0,0.0,6
2023-05-09 22:44:45,TA311C5700,TA311C5700,183.5,0.0,0.0,0.0,3,150.5,168.5,3,183.5,0.0,0.0,0.0,0.0,0.0,6
2023-05-09 22:44:46,TA311C5700,TA311C5700,183.5,0.0,0.0,0.0,6,150.5,168.5,6,183.5,0.0,0.0,0.0,0.0,0.0,6
2023-05-09 22:44:47,TA311C5700,TA311C5700,183.5,0.0,0.0,0.0,3,152.5,155.5,3,183.5,0.0,0.0,0.0,0.0,0.0,6
2023-05-09 22:44:49,TA311C5700,TA311C5700,183.5,0.0,0.0,0.0,3,153.0,155.0,3,183.5,0.0,0.0,0.0,0.0,0.0,6
2023-05-09 22:44:53,TA311C5700,TA311C5700,183.5,0.0,0.0,0.0,6,153.0,155.0,6,183.5,0.0,0.0,0.0,0.0,0.0,6
2023-05-09 22:45:00,TA311C5700,TA311C5700,183.5,0.0,0.0,0.0,9,153.0,155.0,9,183.5,0.0,0.0,0.0,0.0,0.0,6
2023-05-09 22:45:01,TA311C5700,TA311C5700,183.5,0.0,0.0,0.0,6,153.0,155.0,6,183.5,0.0,0.0,0.0,0.0,0.0,6
2023-05-09 22:45:02,TA311C5700,TA311C5700,183.5,0.0,0.0,0.0,6,153.0,155.0,9,183.5,0.0,0.0,0.0,0.0,0.0,6
2023-05-09 22:45:05,TA311C5700,TA311C5700,183.5,0.0,0.0,0.0,3,153.0,155.0,6,183.5,0.0,0.0,0.0,0.0,0.0,6
2023-05-09 22:45:10,TA311C5700,TA311C5700,183.5,0.0,0.0,0.0,12,152.0,155.0,3,183.5,0.0,0.0,0.0,0.0,0.0,6
2023-05-09 22:45:10,TA311C5700,TA311C5700,183.5,0.0,0.0,0.0,9,152.0,155.0,3,183.5,0.0,0.0,0.0,0.0,0.0,6
2023-05-09 22:45:11,TA311C5700,TA311C5700,183.5,0.0,0.0,0.0,6,152.0,155.0,3,183.5,0.0,0.0,0.0,0.0,0.0,6
2023-05-09 22:45:12,TA311C5700,TA311C5700,183.5,0.0,0.0,0.0,3,152.0,155.0,3,183.5,0.0,0.0,0.0,0.0,0.0,6
2023-05-09 22:45:12,TA311C5700,TA311C5700,183.5,0.0,0.0,0.0,3,145.5,162.5,3,183.5,0.0,0.0,0.0,0.0,0.0,6
2023-05-09 22:45:15,TA311C5700,TA311C5700,183.5,0.0,0.0,0.0,1,19.5,0.0,0,183.5,0.0,0.0,0.0,0.0,0.0,6
2023-05-09 22:45:15,TA311C5700,TA311C5700,183.5,0.0,0.0,0.0,2,26.0,0.0,0,183.5,0.0,0.0,0.0,0.0,0.0,6
2023-05-09 22:57:11,TA311C5700,TA311C5700,183.5,0.0,0.0,0.0,1,19.5,0.0,0,183.5,0.0,0.0,0.0,0.0,0.0,6
2023-05-10 09:01:11,TA311C5700,TA311C5700,183.5,0.0,0.0,0.0,2,20.0,0.0,0,183.5,0.0,0.0,0.0,0.0,0.0,6
2023-05-10 09:01:14,TA311C5700,TA311C5700,183.5,0.0,0.0,0.0,1,20.5,0.0,0,183.5,0.0,0.0,0.0,0.0,0.0,6
2023-05-10 09:42:55,TA311C5700,TA311C5700,183.5,0.0,0.0,0.0,2,27.0,0.0,0,183.5,0.0,0.0,0.0,0.0,0.0,6
2023-05-10 09:43:20,TA311C5700,TA311C5700,183.5,0.0,0.0,0.0,1,27.5,0.0,0,183.5,0.0,0.0,0.0,0.0,0.0,6
2023-05-10 09:43:21,TA311C5700,TA311C5700,183.5,0.0,0.0,0.0,2,34.0,0.0,0,183.5,0.0,0.0,0.0,0.0,0.0,6
2023-05-10 10:12:09,TA311C5700,TA311C5700,183.5,0.0,0.0,0.0,1,27.5,0.0,0,183.5,0.0,0.0,0.0,0.0,0.0,6
2023-05-10 10:30:23,TA311C5700,TA311C5700,183.5,0.0,0.0,0.0,2,28.0,0.0,0,183.5,0.0,0.0,0.0,0.0,0.0,6
2023-05-10 10:50:44,TA311C5700,TA311C5700,183.5,0.0,0.0,0.0,1,28.5,0.0,0,183.5,0.0,0.0,0.0,0.0,0.0,6
2023-05-10 10:50:46,TA311C5700,TA311C5700,183.5,0.0,0.0,0.0,2,29.0,0.0,0,183.5,0.0,0.0,0.0,0.0,0.0,6
2023-05-10 11:21:26,TA311C5700,TA311C5700,183.5,0.0,0.0,0.0,1,29.5,0.0,0,183.5,0.0,0.0,0.0,0.0,0.0,6
2023-05-10 11:21:27,TA311C5700,TA311C5700,183.5,0.0,0.0,0.0,2,30.0,0.0,0,183.5,0.0,0.0,0.0,0.0,0.0,6
2023-05-10 11:27:07,TA311C5700,TA311C5700,183.5,0.0,0.0,0.0,1,29.5,0.0,0,183.5,0.0,0.0,0.0,0.0,0.0,6
2023-05-10 11:29:40,TA311C5700,TA311C5700,183.5,0.0,0.0,0.0,1,0.5,0.0,0,183.5,0.0,0.0,0.0,0.0,0.0,6
2023-05-10 13:31:20,TA311C5700,TA311C5700,183.5,0.0,0.0,0.0,2,7.0,0.0,0,183.5,0.0,0.0,0.0,0.0,0.0,6
2023-05-10 13:41:59,TA311C5700,TA311C5700,183.5,0.0,0.0,0.0,1,7.5,0.0,0,183.5,0.0,0.0,0.0,0.0,0.0,6
2023-05-10 13:42:01,TA311C5700,TA311C5700,183.5,0.0,0.0,0.0,2,14.0,0.0,0,183.5,0.0,0.0,0.0,0.0,0.0,6
2023-05-10 14:11:47,TA311C5700,TA311C5700,183.5,0.0,0.0,0.0,3,150.5,168.5,3,183.5,0.0,0.0,0.0,0.0,0.0,6
2023-05-10 14:11:48,TA311C5700,TA311C5700,183.5,0.0,0.0,0.0,6,150.5,168.5,6,183.5,0.0,0.0,0.0,0.0,0.0,6
2023-05-10 14:11:49,TA311C5700,TA311C5700,183.5,0.0,0.0,0.0,3,156.0,159.0,3,183.5,0.0,0.0,0.0,0.0,0.0,6
2023-05-10 14:11:55,TA311C5700,TA311C5700,183.5,0.0,0.0,0.0,6,156.0,159.0,6,183.5,0.0,0.0,0.0,0.0,0.0,6
2023-05-10 14:12:01,TA311C5700,TA311C5700,183.5,0.0,0.0,0.0,3,156.0,159.0,3,183.5,0.0,0.0,0.0,0.0,0.0,6
2023-05-10 14:12:04,TA311C5700,TA311C5700,183.5,0.0,0.0,0.0,6,156.0,159.0,6,183.5,0.0,0.0,0.0,0.0,0.0,6
2023-05-10 14:12:07,TA311C5700,TA311C5700,183.5,0.0,0.0,0.0,3,156.0,159.0,3,183.5,0.0,0.0,0.0,0.0,0.0,6
2023-05-10 14:12:15,TA311C5700,TA311C5700,183.5,0.0,0.0,0.0,3,149.0,166.0,3,183.5,0.0,0.0,0.0,0.0,0.0,6
2023-05-10 14:12:17,TA311C5700,TA311C5700,183.5,0.0,0.0,0.0,1,7.5,0.0,0,183.5,0.0,0.0,0.0,0.0,0.0,6
2023-05-10 14:12:18,TA311C5700,TA311C5700,183.5,0.0,0.0,0.0,2,14.0,0.0,0,183.5,0.0,0.0,0.0,0.0,0.0,6
2023-05-10 14:31:26,TA311C5700,TA311C5700,183.5,0.0,0.0,0.0,1,14.5,0.0,0,183.5,0.0,0.0,0.0,0.0,0.0,6
2023-05-10 14:31:27,TA311C5700,TA311C5700,183.5,0.0,0.0,0.0,2,15.0,0.0,0,183.5,0.0,0.0,0.0,0.0,0.0,6
