time,symbol_id,symbol_name,last,trade_volume,trade_amount,open_interest_change,bv1,bp1,ap1,av1,yesterday_close,today_open,today_high,today_low,volume,amount,open_interest
2023-05-09 19:10:58,TA311C5100,PTA2311购5100,449.0,0.0,0.0,0.0,0,0.0,0.0,0,449.0,0.0,0.0,0.0,0.0,0.0,3
2023-05-09 21:00:16,TA311C5100,PTA2311购5100,449.0,0.0,0.0,0.0,1,152.0,0.0,0,449.0,0.0,0.0,0.0,0.0,0.0,3
2023-05-09 21:00:17,TA311C5100,PTA2311购5100,449.0,0.0,0.0,0.0,2,152.0,0.0,0,449.0,0.0,0.0,0.0,0.0,0.0,3
2023-05-09 21:01:11,TA311C5100,PTA2311购5100,449.0,0.0,0.0,0.0,1,152.5,0.0,0,449.0,0.0,0.0,0.0,0.0,0.0,3
2023-05-09 21:02:29,TA311C5100,PTA2311购5100,449.0,0.0,0.0,0.0,1,153.0,0.0,0,449.0,0.0,0.0,0.0,0.0,0.0,3
2023-05-09 21:02:35,TA311C5100,PTA2311购5100,449.0,0.0,0.0,0.0,1,153.5,0.0,0,449.0,0.0,0.0,0.0,0.0,0.0,3
2023-05-09 21:32:29,TA311C5100,PTA2311购5100,449.0,0.0,0.0,0.0,1,154.0,0.0,0,449.0,0.0,0.0,0.0,0.0,0.0,3
2023-05-09 21:32:30,TA311C5100,PTA2311购5100,449.0,0.0,0.0,0.0,1,154.5,0.0,0,449.0,0.0,0.0,0.0,0.0,0.0,3
2023-05-09 22:02:41,TA311C5100,PTA2311购5100,449.0,0.0,0.0,0.0,1,155.0,0.0,0,449.0,0.0,0.0,0.0,0.0,0.0,3
2023-05-09 22:02:42,TA311C5100,PTA2311购5100,449.0,0.0,0.0,0.0,1,155.5,0.0,0,449.0,0.0,0.0,0.0,0.0,0.0,3
2023-05-09 22:35:37,TA311C5100,PTA2311购5100,449.0,0.0,0.0,0.0,1,156.0,0.0,0,449.0,0.0,0.0,0.0,0.0,0.0,3
2023-05-09 22:35:38,TA311C5100,PTA2311购5100,449.0,0.0,0.0,0.0,1,156.5,0.0,0,449.0,0.0,0.0,0.0,0.0,0.0,3
2023-05-09 22:57:11,TA311C5100,PTA2311购5100,449.0,0.0,0.0,0.0,1,156.0,0.0,0,449.0,0.0,0.0,0.0,0.0,0.0,3
2023-05-10 09:01:11,TA311C5100,PTA2311购5100,449.0,0.0,0.0,0.0,1,156.5,0.0,0,449.0,0.0,0.0,0.0,0.0,0.0,3
2023-05-10 09:01:13,TA311C5100,PTA2311购5100,449.0,0.0,0.0,0.0,1,157.0,0.0,0,449.0,0.0,0.0,0.0,0.0,0.0,3
2023-05-10 09:01:14,TA311C5100,PTA2311购5100,449.0,0.0,0.0,0.0,1,157.5,0.0,0,449.0,0.0,0.0,0.0,0.0,0.0,3
2023-05-10 09:38:05,TA311C5100,PTA2311购5100,449.0,0.0,0.0,0.0,1,158.0,0.0,0,449.0,0.0,0.0,0.0,0.0,0.0,3
2023-05-10 09:38:05,TA311C5100,PTA2311购5100,449.0,0.0,0.0,0.0,1,158.5,0.0,0,449.0,0.0,0.0,0.0,0.0,0.0,3
2023-05-10 10:12:08,TA311C5100,PTA2311购5100,449.0,0.0,0.0,0.0,1,158.0,0.0,0,449.0,0.0,0.0,0.0,0.0,0.0,3
2023-05-10 10:30:12,TA311C5100,PTA2311购5100,449.0,0.0,0.0,0.0,1,158.5,0.0,0,449.0,0.0,0.0,0.0,0.0,0.0,3
2023-05-10 10:50:44,TA311C5100,PTA2311购5100,449.0,0.0,0.0,0.0,1,159.0,0.0,0,449.0,0.0,0.0,0.0,0.0,0.0,3
2023-05-10 10:50:44,TA311C5100,PTA2311购5100,449.0,0.0,0.0,0.0,1,159.5,0.0,0,449.0,0.0,0.0,0.0,0.0,0.0,3
2023-05-10 11:21:25,TA311C5100,PTA2311购5100,449.0,0.0,0.0,0.0,1,160.0,0.0,0,449.0,0.0,0.0,0.0,0.0,0.0,3
2023-05-10 11:21:26,TA311C5100,PTA2311购5100,449.0,0.0,0.0,0.0,1,160.5,0.0,0,449.0,0.0,0.0,0.0,0.0,0.0,3
2023-05-10 11:27:07,TA311C5100,PTA2311购5100,449.0,0.0,0.0,0.0,1,160.0,0.0,0,449.0,0.0,0.0,0.0,0.0,0.0,3
2023-05-10 13:31:12,TA311C5100,PTA2311购5100,449.0,0.0,0.0,0.0,2,160.5,0.0,0,449.0,0.0,0.0,0.0,0.0,0.0,3
2023-05-10 13:41:59,TA311C5100,PTA2311购5100,449.0,0.0,0.0,0.0,1,161.0,0.0,0,449.0,0.0,0.0,0.0,0.0,0.0,3
2023-05-10 13:42:00,TA311C5100,PTA2311购5100,449.0,0.0,0.0,0.0,2,161.5,0.0,0,449.0,0.0,0.0,0.0,0.0,0.0,3
2023-05-10 14:11:47,TA311C5100,PTA2311购5100,449.0,0.0,0.0,0.0,3,387.5,422.5,3,449.0,0.0,0.0,0.0,0.0,0.0,3
2023-05-10 14:11:48,TA311C5100,PTA2311购5100,449.0,0.0,0.0,0.0,6,387.5,422.5,6,449.0,0.0,0.0,0.0,0.0,0.0,3
2023-05-10 14:11:49,TA311C5100,PTA2311购5100,449.0,0.0,0.0,0.0,3,402.5,405.5,3,449.0,0.0,0.0,0.0,0.0,0.0,3
2023-05-10 14:11:55,TA311C5100,PTA2311购5100,449.0,0.0,0.0,0.0,6,402.5,405.5,6,449.0,0.0,0.0,0.0,0.0,0.0,3
2023-05-10 14:12:01,TA311C5100,PTA2311购5100,449.0,0.0,0.0,0.0,3,402.5,405.5,3,449.0,0.0,0.0,0.0,0.0,0.0,3
2023-05-10 14:12:04,TA311C5100,PTA2311购5100,449.0,0.0,0.0,0.0,6,402.5,405.5,6,449.0,0.0,0.0,0.0,0.0,0.0,3
2023-05-10 14:12:07,TA311C5100,PTA2311购5100,449.0,0.0,0.0,0.0,3,402.5,405.5,3,449.0,0.0,0.0,0.0,0.0,0.0,3
2023-05-10 14:12:15,TA311C5100,PTA2311购5100,449.0,0.0,0.0,0.0,3,386.5,421.5,3,449.0,0.0,0.0,0.0,0.0,0.0,3
2023-05-10 14:12:17,TA311C5100,PTA2311购5100,449.0,0.0,0.0,0.0,1,161.0,0.0,0,449.0,0.0,0.0,0.0,0.0,0.0,3
2023-05-10 14:12:17,TA311C5100,PTA2311购5100,449.0,0.0,0.0,0.0,2,161.5,0.0,0,449.0,0.0,0.0,0.0,0.0,0.0,3
2023-05-10 14:31:26,TA311C5100,PTA2311购5100,449.0,0.0,0.0,0.0,1,162.0,0.0,0,449.0,0.0,0.0,0.0,0.0,0.0,3
2023-05-10 14:31:27,TA311C5100,PTA2311购5100,449.0,0.0,0.0,0.0,2,162.5,0.0,0,449.0,0.0,0.0,0.0,0.0,0.0,3
