time,symbol_id,symbol_name,last,trade_volume,trade_amount,open_interest_change,bv1,bp1,ap1,av1,yesterday_close,today_open,today_high,today_low,volume,amount,open_interest
2023-05-09 19:10:58,TA311C5500,PTA2311购5500,251.0,0.0,0.0,0.0,0,0.0,0.0,0,251.0,216.0,0.0,0.0,0.0,0.0,12
2023-05-09 21:00:16,TA311C5500,PTA2311购5500,251.0,0.0,0.0,0.0,1,39.5,0.0,0,251.0,216.0,0.0,0.0,0.0,0.0,12
2023-05-09 21:00:17,TA311C5500,PTA2311购5500,251.0,0.0,0.0,0.0,2,39.5,0.0,0,251.0,216.0,0.0,0.0,0.0,0.0,12
2023-05-09 21:01:13,TA311C5500,PTA2311购5500,251.0,0.0,0.0,0.0,2,40.0,0.0,0,251.0,216.0,0.0,0.0,0.0,0.0,12
2023-05-09 21:02:29,TA311C5500,PTA2311购5500,251.0,0.0,0.0,0.0,1,40.5,0.0,0,251.0,216.0,0.0,0.0,0.0,0.0,12
2023-05-09 21:02:41,TA311C5500,PTA2311购5500,251.0,0.0,0.0,0.0,2,41.0,0.0,0,251.0,216.0,0.0,0.0,0.0,0.0,12
2023-05-09 21:32:29,TA311C5500,PTA2311购5500,251.0,0.0,0.0,0.0,1,41.5,0.0,0,251.0,216.0,0.0,0.0,0.0,0.0,12
2023-05-09 21:32:31,TA311C5500,PTA2311购5500,251.0,0.0,0.0,0.0,2,42.0,0.0,0,251.0,216.0,0.0,0.0,0.0,0.0,12
2023-05-09 22:03:26,TA311C5500,PTA2311购5500,251.0,0.0,0.0,0.0,1,42.5,0.0,0,251.0,216.0,0.0,0.0,0.0,0.0,12
2023-05-09 22:03:27,TA311C5500,PTA2311购5500,251.0,0.0,0.0,0.0,2,43.0,0.0,0,251.0,216.0,0.0,0.0,0.0,0.0,12
2023-05-09 22:35:45,TA311C5500,PTA2311购5500,251.0,0.0,0.0,0.0,1,43.5,0.0,0,251.0,216.0,0.0,0.0,0.0,0.0,12
2023-05-09 22:35:46,TA311C5500,PTA2311购5500,251.0,0.0,0.0,0.0,2,44.0,0.0,0,251.0,216.0,0.0,0.0,0.0,0.0,12
2023-05-09 22:47:32,TA311C5500,PTA2311购5500,251.0,0.0,0.0,0.0,3,211.0,232.0,3,251.0,216.0,0.0,0.0,0.0,0.0,12
2023-05-09 22:47:33,TA311C5500,PTA2311购5500,251.0,0.0,0.0,0.0,6,211.0,232.0,6,251.0,216.0,0.0,0.0,0.0,0.0,12
2023-05-09 22:47:34,TA311C5500,PTA2311购5500,251.0,0.0,0.0,0.0,3,213.0,216.0,3,251.0,216.0,0.0,0.0,0.0,0.0,12
2023-05-09 22:47:36,TA311C5500,PTA2311购5500,216.0,6.0,1296.0,3.0,3,213.0,232.0,6,251.0,216.0,216.0,216.0,6.0,1296.0,15
2023-05-09 22:47:39,TA311C5500,PTA2311购5500,216.0,0.0,0.0,0.0,3,213.0,232.0,9,251.0,216.0,216.0,216.0,6.0,1296.0,15
2023-05-09 22:47:40,TA311C5500,PTA2311购5500,216.0,0.0,0.0,0.0,6,213.0,232.0,9,251.0,216.0,216.0,216.0,6.0,1296.0,15
2023-05-09 22:47:41,TA311C5500,PTA2311购5500,216.0,0.0,0.0,0.0,1,222.0,232.0,9,251.0,216.0,216.0,216.0,6.0,1296.0,15
2023-05-09 22:47:41,TA311C5500,PTA2311购5500,216.0,0.0,0.0,0.0,1,222.0,232.0,6,251.0,216.0,216.0,216.0,6.0,1296.0,15
2023-05-09 22:47:42,TA311C5500,PTA2311购5500,216.0,0.0,0.0,0.0,4,222.0,232.0,12,251.0,216.0,216.0,216.0,6.0,1296.0,15
2023-05-09 22:47:43,TA311C5500,PTA2311购5500,216.0,0.0,0.0,0.0,4,222.0,224.0,3,251.0,216.0,216.0,216.0,6.0,1296.0,15
2023-05-09 22:47:44,TA311C5500,PTA2311购5500,216.0,0.0,0.0,0.0,1,222.0,224.0,3,251.0,216.0,216.0,216.0,6.0,1296.0,15
2023-05-09 22:47:44,TA311C5500,PTA2311购5500,216.0,0.0,0.0,0.0,4,222.0,224.0,6,251.0,216.0,216.0,216.0,6.0,1296.0,15
2023-05-09 22:47:45,TA311C5500,PTA2311购5500,216.0,0.0,0.0,0.0,3,222.0,224.0,6,251.0,216.0,216.0,216.0,6.0,1296.0,15
2023-05-09 22:47:47,TA311C5500,PTA2311购5500,221.0,9.0,1989.0,0.0,9,221.0,224.0,6,251.0,216.0,222.0,216.0,15.0,3285.0,15
2023-05-09 22:47:49,TA311C5500,PTA2311购5500,221.0,0.0,0.0,0.0,9,221.0,224.0,12,251.0,216.0,222.0,216.0,15.0,3285.0,15
2023-05-09 22:47:50,TA311C5500,PTA2311购5500,221.0,6.0,1324.5,3.0,3,221.0,224.0,9,251.0,216.0,222.0,216.0,21.0,4609.5,18
2023-05-09 22:47:50,TA311C5500,PTA2311购5500,221.0,0.0,0.0,0.0,3,216.5,224.0,9,251.0,216.0,222.0,216.0,21.0,4609.5,18
2023-05-09 22:47:54,TA311C5500,PTA2311购5500,221.0,0.0,0.0,0.0,6,213.0,224.0,9,251.0,216.0,222.0,216.0,21.0,4609.5,18
2023-05-09 22:47:54,TA311C5500,PTA2311购5500,221.0,0.0,0.0,0.0,6,212.5,224.0,3,251.0,216.0,222.0,216.0,21.0,4609.5,18
2023-05-09 22:47:56,TA311C5500,PTA2311购5500,221.0,0.0,0.0,0.0,3,212.5,224.0,3,251.0,216.0,222.0,216.0,21.0,4609.5,18
2023-05-09 22:47:59,TA311C5500,PTA2311购5500,221.0,0.0,0.0,0.0,3,212.0,233.0,3,251.0,216.0,222.0,216.0,21.0,4609.5,18
2023-05-09 22:48:01,TA311C5500,PTA2311购5500,221.0,0.0,0.0,0.0,1,43.5,0.0,0,251.0,216.0,222.0,216.0,21.0,4609.5,18
2023-05-09 22:48:02,TA311C5500,PTA2311购5500,221.0,0.0,0.0,0.0,2,44.0,0.0,0,251.0,216.0,222.0,216.0,21.0,4609.5,18
2023-05-09 22:48:02,TA311C5500,PTA2311购5500,221.0,0.0,0.0,0.0,1,44.5,0.0,0,251.0,216.0,222.0,216.0,21.0,4609.5,18
2023-05-09 22:48:03,TA311C5500,PTA2311购5500,221.0,0.0,0.0,0.0,2,45.0,0.0,0,251.0,216.0,222.0,216.0,21.0,4609.5,18
2023-05-09 22:48:03,TA311C5500,PTA2311购5500,221.0,0.0,0.0,0.0,1,45.5,0.0,0,251.0,216.0,222.0,216.0,21.0,4609.5,18
2023-05-09 22:48:04,TA311C5500,PTA2311购5500,221.0,0.0,0.0,0.0,2,46.0,0.0,0,251.0,216.0,222.0,216.0,21.0,4609.5,18
2023-05-09 22:48:04,TA311C5500,PTA2311购5500,221.0,0.0,0.0,0.0,1,46.5,0.0,0,251.0,216.0,222.0,216.0,21.0,4609.5,18
2023-05-09 22:48:04,TA311C5500,PTA2311购5500,221.0,0.0,0.0,0.0,2,46.0,0.0,0,251.0,216.0,222.0,216.0,21.0,4609.5,18
2023-05-09 22:48:04,TA311C5500,PTA2311购5500,221.0,0.0,0.0,0.0,1,46.5,0.0,0,251.0,216.0,222.0,216.0,21.0,4609.5,18
2023-05-09 22:48:05,TA311C5500,PTA2311购5500,221.0,0.0,0.0,0.0,2,47.0,0.0,0,251.0,216.0,222.0,216.0,21.0,4609.5,18
2023-05-09 22:48:05,TA311C5500,PTA2311购5500,221.0,0.0,0.0,0.0,1,47.5,0.0,0,251.0,216.0,222.0,216.0,21.0,4609.5,18
2023-05-09 22:48:06,TA311C5500,PTA2311购5500,221.0,0.0,0.0,0.0,2,48.0,0.0,0,251.0,216.0,222.0,216.0,21.0,4609.5,18
2023-05-09 22:48:06,TA311C5500,PTA2311购5500,221.0,0.0,0.0,0.0,1,48.5,0.0,0,251.0,216.0,222.0,216.0,21.0,4609.5,18
2023-05-09 22:48:07,TA311C5500,PTA2311购5500,221.0,0.0,0.0,0.0,2,49.0,0.0,0,251.0,216.0,222.0,216.0,21.0,4609.5,18
2023-05-09 22:48:07,TA311C5500,PTA2311购5500,221.0,0.0,0.0,0.0,1,49.5,0.0,0,251.0,216.0,222.0,216.0,21.0,4609.5,18
2023-05-09 22:48:08,TA311C5500,PTA2311购5500,221.0,0.0,0.0,0.0,2,50.0,0.0,0,251.0,216.0,222.0,216.0,21.0,4609.5,18
2023-05-09 22:48:08,TA311C5500,PTA2311购5500,221.0,0.0,0.0,0.0,1,50.5,0.0,0,251.0,216.0,222.0,216.0,21.0,4609.5,18
2023-05-09 22:48:09,TA311C5500,PTA2311购5500,221.0,0.0,0.0,0.0,2,51.0,0.0,0,251.0,216.0,222.0,216.0,21.0,4609.5,18
2023-05-09 22:48:09,TA311C5500,PTA2311购5500,221.0,0.0,0.0,0.0,1,51.5,0.0,0,251.0,216.0,222.0,216.0,21.0,4609.5,18
2023-05-09 22:48:10,TA311C5500,PTA2311购5500,221.0,0.0,0.0,0.0,2,52.0,0.0,0,251.0,216.0,222.0,216.0,21.0,4609.5,18
2023-05-09 22:48:10,TA311C5500,PTA2311购5500,221.0,0.0,0.0,0.0,1,52.5,0.0,0,251.0,216.0,222.0,216.0,21.0,4609.5,18
2023-05-09 22:48:11,TA311C5500,PTA2311购5500,221.0,0.0,0.0,0.0,2,53.0,0.0,0,251.0,216.0,222.0,216.0,21.0,4609.5,18
2023-05-09 22:48:11,TA311C5500,PTA2311购5500,221.0,0.0,0.0,0.0,1,53.5,0.0,0,251.0,216.0,222.0,216.0,21.0,4609.5,18
2023-05-09 22:48:12,TA311C5500,PTA2311购5500,221.0,0.0,0.0,0.0,2,60.0,0.0,0,251.0,216.0,222.0,216.0,21.0,4609.5,18
2023-05-09 22:48:12,TA311C5500,PTA2311购5500,221.0,0.0,0.0,0.0,1,60.5,0.0,0,251.0,216.0,222.0,216.0,21.0,4609.5,18
2023-05-09 22:48:13,TA311C5500,PTA2311购5500,221.0,0.0,0.0,0.0,2,67.0,0.0,0,251.0,216.0,222.0,216.0,21.0,4609.5,18
2023-05-09 22:48:13,TA311C5500,PTA2311购5500,221.0,0.0,0.0,0.0,1,67.5,0.0,0,251.0,216.0,222.0,216.0,21.0,4609.5,18
2023-05-09 22:48:14,TA311C5500,PTA2311购5500,221.0,0.0,0.0,0.0,2,74.0,0.0,0,251.0,216.0,222.0,216.0,21.0,4609.5,18
2023-05-09 22:48:14,TA311C5500,PTA2311购5500,221.0,0.0,0.0,0.0,1,74.5,0.0,0,251.0,216.0,222.0,216.0,21.0,4609.5,18
2023-05-09 22:48:15,TA311C5500,PTA2311购5500,221.0,0.0,0.0,0.0,2,81.0,0.0,0,251.0,216.0,222.0,216.0,21.0,4609.5,18
2023-05-09 22:48:16,TA311C5500,PTA2311购5500,221.0,0.0,0.0,0.0,1,81.5,0.0,0,251.0,216.0,222.0,216.0,21.0,4609.5,18
2023-05-09 22:48:17,TA311C5500,PTA2311购5500,221.0,0.0,0.0,0.0,2,88.0,0.0,0,251.0,216.0,222.0,216.0,21.0,4609.5,18
2023-05-09 22:48:17,TA311C5500,PTA2311购5500,221.0,0.0,0.0,0.0,1,88.5,0.0,0,251.0,216.0,222.0,216.0,21.0,4609.5,18
2023-05-09 22:48:18,TA311C5500,PTA2311购5500,221.0,0.0,0.0,0.0,2,95.0,0.0,0,251.0,216.0,222.0,216.0,21.0,4609.5,18
2023-05-09 22:48:18,TA311C5500,PTA2311购5500,221.0,0.0,0.0,0.0,1,95.5,0.0,0,251.0,216.0,222.0,216.0,21.0,4609.5,18
2023-05-09 22:48:19,TA311C5500,PTA2311购5500,221.0,0.0,0.0,0.0,2,102.0,0.0,0,251.0,216.0,222.0,216.0,21.0,4609.5,18
2023-05-09 22:48:19,TA311C5500,PTA2311购5500,221.0,0.0,0.0,0.0,1,102.5,0.0,0,251.0,216.0,222.0,216.0,21.0,4609.5,18
2023-05-09 22:48:20,TA311C5500,PTA2311购5500,221.0,0.0,0.0,0.0,2,109.0,0.0,0,251.0,216.0,222.0,216.0,21.0,4609.5,18
2023-05-09 22:48:20,TA311C5500,PTA2311购5500,221.0,0.0,0.0,0.0,1,109.5,0.0,0,251.0,216.0,222.0,216.0,21.0,4609.5,18
2023-05-09 22:48:21,TA311C5500,PTA2311购5500,221.0,0.0,0.0,0.0,2,116.0,0.0,0,251.0,216.0,222.0,216.0,21.0,4609.5,18
2023-05-09 22:48:31,TA311C5500,PTA2311购5500,221.0,0.0,0.0,0.0,1,116.5,0.0,0,251.0,216.0,222.0,216.0,21.0,4609.5,18
2023-05-09 22:48:32,TA311C5500,PTA2311购5500,221.0,0.0,0.0,0.0,2,123.0,0.0,0,251.0,216.0,222.0,216.0,21.0,4609.5,18
2023-05-09 22:48:41,TA311C5500,PTA2311购5500,221.0,0.0,0.0,0.0,1,123.5,0.0,0,251.0,216.0,222.0,216.0,21.0,4609.5,18
2023-05-09 22:48:42,TA311C5500,PTA2311购5500,221.0,0.0,0.0,0.0,2,130.0,0.0,0,251.0,216.0,222.0,216.0,21.0,4609.5,18
2023-05-09 22:48:42,TA311C5500,PTA2311购5500,221.0,0.0,0.0,0.0,1,123.5,0.0,0,251.0,216.0,222.0,216.0,21.0,4609.5,18
2023-05-09 22:48:46,TA311C5500,PTA2311购5500,221.0,0.0,0.0,0.0,3,210.5,231.5,3,251.0,216.0,222.0,216.0,21.0,4609.5,18
2023-05-09 22:48:47,TA311C5500,PTA2311购5500,221.0,0.0,0.0,0.0,6,210.5,231.5,6,251.0,216.0,222.0,216.0,21.0,4609.5,18
2023-05-09 22:48:48,TA311C5500,PTA2311购5500,221.0,0.0,0.0,0.0,3,213.0,216.0,3,251.0,216.0,222.0,216.0,21.0,4609.5,18
2023-05-09 22:48:51,TA311C5500,PTA2311购5500,221.0,0.0,0.0,0.0,3,213.5,215.5,3,251.0,216.0,222.0,216.0,21.0,4609.5,18
2023-05-09 22:48:54,TA311C5500,PTA2311购5500,221.0,0.0,0.0,0.0,6,213.5,215.5,6,251.0,216.0,222.0,216.0,21.0,4609.5,18
2023-05-09 22:48:57,TA311C5500,PTA2311购5500,216.0,9.0,1945.5,0.0,9,213.0,216.0,3,251.0,216.0,222.0,215.5,30.0,6555.0,18
2023-05-09 22:49:00,TA311C5500,PTA2311购5500,216.0,0.0,0.0,0.0,6,213.0,216.0,3,251.0,216.0,222.0,215.5,30.0,6555.0,18
2023-05-09 22:49:01,TA311C5500,PTA2311购5500,216.0,0.0,0.0,0.0,9,213.0,216.0,3,251.0,216.0,222.0,215.5,30.0,6555.0,18
2023-05-09 22:49:02,TA311C5500,PTA2311购5500,216.0,0.0,0.0,0.0,3,213.5,216.0,3,251.0,216.0,222.0,215.5,30.0,6555.0,18
2023-05-09 22:49:03,TA311C5500,PTA2311购5500,216.0,0.0,0.0,0.0,3,213.5,216.0,6,251.0,216.0,222.0,215.5,30.0,6555.0,18
2023-05-09 22:49:10,TA311C5500,PTA2311购5500,216.0,0.0,0.0,0.0,3,213.5,216.0,3,251.0,216.0,222.0,215.5,30.0,6555.0,18
2023-05-09 22:49:13,TA311C5500,PTA2311购5500,216.0,0.0,0.0,0.0,3,212.0,216.0,3,251.0,216.0,222.0,215.5,30.0,6555.0,18
2023-05-09 22:49:14,TA311C5500,PTA2311购5500,216.0,0.0,0.0,0.0,3,205.0,224.5,3,251.0,216.0,222.0,215.5,30.0,6555.0,18
2023-05-09 22:49:16,TA311C5500,PTA2311购5500,216.0,0.0,0.0,0.0,1,123.5,0.0,0,251.0,216.0,222.0,215.5,30.0,6555.0,18
2023-05-09 22:57:47,TA311C5500,PTA2311购5500,216.0,0.0,0.0,0.0,1,81.5,0.0,0,251.0,216.0,222.0,215.5,30.0,6555.0,18
2023-05-10 09:01:11,TA311C5500,PTA2311购5500,216.0,0.0,0.0,0.0,2,82.0,0.0,0,251.0,216.0,222.0,215.5,30.0,6555.0,18
2023-05-10 09:01:12,TA311C5500,PTA2311购5500,216.0,0.0,0.0,0.0,6,83.0,0.0,0,251.0,216.0,222.0,215.5,30.0,6555.0,18
2023-05-10 09:01:13,TA311C5500,PTA2311购5500,216.0,0.0,0.0,0.0,2,83.5,0.0,0,251.0,216.0,222.0,215.5,30.0,6555.0,18
2023-05-10 09:01:14,TA311C5500,PTA2311购5500,216.0,0.0,0.0,0.0,6,84.5,0.0,0,251.0,216.0,222.0,215.5,30.0,6555.0,18
2023-05-10 09:01:16,TA311C5500,PTA2311购5500,216.0,0.0,0.0,0.0,2,85.0,0.0,0,251.0,216.0,222.0,215.5,30.0,6555.0,18
2023-05-10 09:01:16,TA311C5500,PTA2311购5500,216.0,0.0,0.0,0.0,6,86.0,0.0,0,251.0,216.0,222.0,215.5,30.0,6555.0,18
2023-05-10 09:01:17,TA311C5500,PTA2311购5500,216.0,0.0,0.0,0.0,2,86.5,0.0,0,251.0,216.0,222.0,215.5,30.0,6555.0,18
2023-05-10 09:01:18,TA311C5500,PTA2311购5500,216.0,0.0,0.0,0.0,6,87.5,0.0,0,251.0,216.0,222.0,215.5,30.0,6555.0,18
2023-05-10 09:01:19,TA311C5500,PTA2311购5500,216.0,0.0,0.0,0.0,2,88.0,0.0,0,251.0,216.0,222.0,215.5,30.0,6555.0,18
2023-05-10 09:01:19,TA311C5500,PTA2311购5500,216.0,0.0,0.0,0.0,6,89.0,0.0,0,251.0,216.0,222.0,215.5,30.0,6555.0,18
2023-05-10 09:01:20,TA311C5500,PTA2311购5500,216.0,0.0,0.0,0.0,2,89.5,0.0,0,251.0,216.0,222.0,215.5,30.0,6555.0,18
2023-05-10 09:01:20,TA311C5500,PTA2311购5500,216.0,0.0,0.0,0.0,6,90.5,0.0,0,251.0,216.0,222.0,215.5,30.0,6555.0,18
2023-05-10 09:01:21,TA311C5500,PTA2311购5500,216.0,0.0,0.0,0.0,2,91.0,0.0,0,251.0,216.0,222.0,215.5,30.0,6555.0,18
2023-05-10 09:01:21,TA311C5500,PTA2311购5500,216.0,0.0,0.0,0.0,6,92.0,0.0,0,251.0,216.0,222.0,215.5,30.0,6555.0,18
2023-05-10 09:01:22,TA311C5500,PTA2311购5500,216.0,0.0,0.0,0.0,2,92.5,0.0,0,251.0,216.0,222.0,215.5,30.0,6555.0,18
2023-05-10 09:01:22,TA311C5500,PTA2311购5500,216.0,0.0,0.0,0.0,6,93.5,0.0,0,251.0,216.0,222.0,215.5,30.0,6555.0,18
2023-05-10 09:01:23,TA311C5500,PTA2311购5500,216.0,0.0,0.0,0.0,2,94.0,0.0,0,251.0,216.0,222.0,215.5,30.0,6555.0,18
2023-05-10 09:01:24,TA311C5500,PTA2311购5500,216.0,0.0,0.0,0.0,6,95.0,0.0,0,251.0,216.0,222.0,215.5,30.0,6555.0,18
2023-05-10 09:01:25,TA311C5500,PTA2311购5500,216.0,0.0,0.0,0.0,2,95.5,0.0,0,251.0,216.0,222.0,215.5,30.0,6555.0,18
2023-05-10 09:01:26,TA311C5500,PTA2311购5500,216.0,0.0,0.0,0.0,6,96.5,0.0,0,251.0,216.0,222.0,215.5,30.0,6555.0,18
2023-05-10 09:01:27,TA311C5500,PTA2311购5500,216.0,0.0,0.0,0.0,2,97.0,0.0,0,251.0,216.0,222.0,215.5,30.0,6555.0,18
2023-05-10 09:01:28,TA311C5500,PTA2311购5500,216.0,0.0,0.0,0.0,6,98.0,0.0,0,251.0,216.0,222.0,215.5,30.0,6555.0,18
2023-05-10 09:01:28,TA311C5500,PTA2311购5500,216.0,0.0,0.0,0.0,2,98.5,0.0,0,251.0,216.0,222.0,215.5,30.0,6555.0,18
2023-05-10 09:01:29,TA311C5500,PTA2311购5500,216.0,0.0,0.0,0.0,6,99.5,0.0,0,251.0,216.0,222.0,215.5,30.0,6555.0,18
2023-05-10 09:01:30,TA311C5500,PTA2311购5500,216.0,0.0,0.0,0.0,2,100.0,0.0,0,251.0,216.0,222.0,215.5,30.0,6555.0,18
2023-05-10 09:01:30,TA311C5500,PTA2311购5500,216.0,0.0,0.0,0.0,6,101.0,0.0,0,251.0,216.0,222.0,215.5,30.0,6555.0,18
2023-05-10 09:01:31,TA311C5500,PTA2311购5500,216.0,0.0,0.0,0.0,2,101.5,0.0,0,251.0,216.0,222.0,215.5,30.0,6555.0,18
2023-05-10 09:01:31,TA311C5500,PTA2311购5500,216.0,0.0,0.0,0.0,6,102.5,0.0,0,251.0,216.0,222.0,215.5,30.0,6555.0,18
2023-05-10 09:01:31,TA311C5500,PTA2311购5500,216.0,0.0,0.0,0.0,2,101.5,0.0,0,251.0,216.0,222.0,215.5,30.0,6555.0,18
2023-05-10 09:01:31,TA311C5500,PTA2311购5500,216.0,0.0,0.0,0.0,6,102.5,0.0,0,251.0,216.0,222.0,215.5,30.0,6555.0,18
2023-05-10 09:01:32,TA311C5500,PTA2311购5500,216.0,0.0,0.0,0.0,2,103.0,0.0,0,251.0,216.0,222.0,215.5,30.0,6555.0,18
2023-05-10 09:01:32,TA311C5500,PTA2311购5500,216.0,0.0,0.0,0.0,6,104.0,0.0,0,251.0,216.0,222.0,215.5,30.0,6555.0,18
2023-05-10 09:01:33,TA311C5500,PTA2311购5500,216.0,0.0,0.0,0.0,2,104.5,0.0,0,251.0,216.0,222.0,215.5,30.0,6555.0,18
2023-05-10 09:01:34,TA311C5500,PTA2311购5500,216.0,0.0,0.0,0.0,6,105.5,0.0,0,251.0,216.0,222.0,215.5,30.0,6555.0,18
2023-05-10 09:01:34,TA311C5500,PTA2311购5500,216.0,0.0,0.0,0.0,2,106.0,0.0,0,251.0,216.0,222.0,215.5,30.0,6555.0,18
2023-05-10 09:01:35,TA311C5500,PTA2311购5500,216.0,0.0,0.0,0.0,6,107.0,0.0,0,251.0,216.0,222.0,215.5,30.0,6555.0,18
2023-05-10 09:01:35,TA311C5500,PTA2311购5500,216.0,0.0,0.0,0.0,2,107.5,0.0,0,251.0,216.0,222.0,215.5,30.0,6555.0,18
2023-05-10 09:01:36,TA311C5500,PTA2311购5500,216.0,0.0,0.0,0.0,6,108.5,0.0,0,251.0,216.0,222.0,215.5,30.0,6555.0,18
2023-05-10 09:01:37,TA311C5500,PTA2311购5500,216.0,0.0,0.0,0.0,2,109.0,0.0,0,251.0,216.0,222.0,215.5,30.0,6555.0,18
2023-05-10 09:01:38,TA311C5500,PTA2311购5500,216.0,0.0,0.0,0.0,6,110.0,0.0,0,251.0,216.0,222.0,215.5,30.0,6555.0,18
2023-05-10 09:01:39,TA311C5500,PTA2311购5500,216.0,0.0,0.0,0.0,2,110.5,0.0,0,251.0,216.0,222.0,215.5,30.0,6555.0,18
2023-05-10 09:01:40,TA311C5500,PTA2311购5500,216.0,0.0,0.0,0.0,6,111.5,0.0,0,251.0,216.0,222.0,215.5,30.0,6555.0,18
2023-05-10 09:01:41,TA311C5500,PTA2311购5500,216.0,0.0,0.0,0.0,2,112.0,0.0,0,251.0,216.0,222.0,215.5,30.0,6555.0,18
2023-05-10 09:01:42,TA311C5500,PTA2311购5500,216.0,0.0,0.0,0.0,6,113.0,0.0,0,251.0,216.0,222.0,215.5,30.0,6555.0,18
2023-05-10 09:01:43,TA311C5500,PTA2311购5500,216.0,0.0,0.0,0.0,2,113.5,0.0,0,251.0,216.0,222.0,215.5,30.0,6555.0,18
2023-05-10 09:01:43,TA311C5500,PTA2311购5500,216.0,0.0,0.0,0.0,6,114.5,0.0,0,251.0,216.0,222.0,215.5,30.0,6555.0,18
2023-05-10 09:01:44,TA311C5500,PTA2311购5500,216.0,0.0,0.0,0.0,2,115.0,0.0,0,251.0,216.0,222.0,215.5,30.0,6555.0,18
2023-05-10 09:38:04,TA311C5500,PTA2311购5500,216.0,0.0,0.0,0.0,1,115.5,0.0,0,251.0,216.0,222.0,215.5,30.0,6555.0,18
2023-05-10 09:38:38,TA311C5500,PTA2311购5500,216.0,0.0,0.0,0.0,2,116.0,0.0,0,251.0,216.0,222.0,215.5,30.0,6555.0,18
2023-05-10 09:48:44,TA311C5500,PTA2311购5500,216.0,0.0,0.0,0.0,1,115.5,0.0,0,251.0,216.0,222.0,215.5,30.0,6555.0,18
2023-05-10 10:40:42,TA311C5500,PTA2311购5500,216.0,0.0,0.0,0.0,2,122.0,0.0,0,251.0,216.0,222.0,215.5,30.0,6555.0,18
2023-05-10 10:41:12,TA311C5500,PTA2311购5500,216.0,0.0,0.0,0.0,1,115.5,0.0,0,251.0,216.0,222.0,215.5,30.0,6555.0,18
2023-05-10 11:29:40,TA311C5500,PTA2311购5500,216.0,0.0,0.0,0.0,1,0.5,0.0,0,251.0,216.0,222.0,215.5,30.0,6555.0,18
2023-05-10 13:30:25,TA311C5500,PTA2311购5500,216.0,0.0,0.0,0.0,1,1.0,0.0,0,251.0,216.0,222.0,215.5,30.0,6555.0,18
2023-05-10 13:30:26,TA311C5500,PTA2311购5500,216.0,0.0,0.0,0.0,6,2.0,0.0,0,251.0,216.0,222.0,215.5,30.0,6555.0,18
2023-05-10 13:30:27,TA311C5500,PTA2311购5500,216.0,0.0,0.0,0.0,1,2.5,0.0,0,251.0,216.0,222.0,215.5,30.0,6555.0,18
2023-05-10 13:30:29,TA311C5500,PTA2311购5500,216.0,0.0,0.0,0.0,6,3.5,0.0,0,251.0,216.0,222.0,215.5,30.0,6555.0,18
2023-05-10 13:31:19,TA311C5500,PTA2311购5500,216.0,0.0,0.0,0.0,2,10.0,0.0,0,251.0,216.0,222.0,215.5,30.0,6555.0,18
2023-05-10 13:31:20,TA311C5500,PTA2311购5500,216.0,0.0,0.0,0.0,6,11.0,0.0,0,251.0,216.0,222.0,215.5,30.0,6555.0,18
2023-05-10 13:31:49,TA311C5500,PTA2311购5500,216.0,0.0,0.0,0.0,2,14.5,0.0,0,251.0,216.0,222.0,215.5,30.0,6555.0,18
2023-05-10 13:31:50,TA311C5500,PTA2311购5500,216.0,0.0,0.0,0.0,6,15.5,0.0,0,251.0,216.0,222.0,215.5,30.0,6555.0,18
2023-05-10 13:31:50,TA311C5500,PTA2311购5500,216.0,0.0,0.0,0.0,2,16.0,0.0,0,251.0,216.0,222.0,215.5,30.0,6555.0,18
2023-05-10 13:31:51,TA311C5500,PTA2311购5500,216.0,0.0,0.0,0.0,6,17.0,0.0,0,251.0,216.0,222.0,215.5,30.0,6555.0,18
2023-05-10 13:31:52,TA311C5500,PTA2311购5500,216.0,0.0,0.0,0.0,2,17.5,0.0,0,251.0,216.0,222.0,215.5,30.0,6555.0,18
2023-05-10 13:31:53,TA311C5500,PTA2311购5500,216.0,0.0,0.0,0.0,6,18.5,0.0,0,251.0,216.0,222.0,215.5,30.0,6555.0,18
2023-05-10 13:31:55,TA311C5500,PTA2311购5500,216.0,0.0,0.0,0.0,2,19.0,0.0,0,251.0,216.0,222.0,215.5,30.0,6555.0,18
2023-05-10 13:31:56,TA311C5500,PTA2311购5500,216.0,0.0,0.0,0.0,6,20.0,0.0,0,251.0,216.0,222.0,215.5,30.0,6555.0,18
2023-05-10 13:31:58,TA311C5500,PTA2311购5500,216.0,0.0,0.0,0.0,2,20.5,0.0,0,251.0,216.0,222.0,215.5,30.0,6555.0,18
2023-05-10 13:31:58,TA311C5500,PTA2311购5500,216.0,0.0,0.0,0.0,6,21.5,0.0,0,251.0,216.0,222.0,215.5,30.0,6555.0,18
2023-05-10 13:31:59,TA311C5500,PTA2311购5500,216.0,0.0,0.0,0.0,2,22.0,0.0,0,251.0,216.0,222.0,215.5,30.0,6555.0,18
2023-05-10 13:31:59,TA311C5500,PTA2311购5500,216.0,0.0,0.0,0.0,6,23.0,0.0,0,251.0,216.0,222.0,215.5,30.0,6555.0,18
2023-05-10 13:32:00,TA311C5500,PTA2311购5500,216.0,0.0,0.0,0.0,2,23.5,0.0,0,251.0,216.0,222.0,215.5,30.0,6555.0,18
2023-05-10 13:32:01,TA311C5500,PTA2311购5500,216.0,0.0,0.0,0.0,6,24.5,0.0,0,251.0,216.0,222.0,215.5,30.0,6555.0,18
2023-05-10 13:32:03,TA311C5500,PTA2311购5500,216.0,0.0,0.0,0.0,2,25.0,0.0,0,251.0,216.0,222.0,215.5,30.0,6555.0,18
2023-05-10 13:32:03,TA311C5500,PTA2311购5500,216.0,0.0,0.0,0.0,6,26.0,0.0,0,251.0,216.0,222.0,215.5,30.0,6555.0,18
2023-05-10 13:32:09,TA311C5500,PTA2311购5500,216.0,0.0,0.0,0.0,2,26.5,0.0,0,251.0,216.0,222.0,215.5,30.0,6555.0,18
2023-05-10 13:32:11,TA311C5500,PTA2311购5500,216.0,0.0,0.0,0.0,6,27.5,0.0,0,251.0,216.0,222.0,215.5,30.0,6555.0,18
2023-05-10 13:32:13,TA311C5500,PTA2311购5500,216.0,0.0,0.0,0.0,2,28.0,0.0,0,251.0,216.0,222.0,215.5,30.0,6555.0,18
2023-05-10 13:32:14,TA311C5500,PTA2311购5500,216.0,0.0,0.0,0.0,6,29.0,0.0,0,251.0,216.0,222.0,215.5,30.0,6555.0,18
2023-05-10 13:32:17,TA311C5500,PTA2311购5500,216.0,0.0,0.0,0.0,2,29.5,0.0,0,251.0,216.0,222.0,215.5,30.0,6555.0,18
2023-05-10 13:32:18,TA311C5500,PTA2311购5500,216.0,0.0,0.0,0.0,6,30.5,0.0,0,251.0,216.0,222.0,215.5,30.0,6555.0,18
2023-05-10 13:32:20,TA311C5500,PTA2311购5500,216.0,0.0,0.0,0.0,2,31.0,0.0,0,251.0,216.0,222.0,215.5,30.0,6555.0,18
2023-05-10 13:32:20,TA311C5500,PTA2311购5500,216.0,0.0,0.0,0.0,6,32.0,0.0,0,251.0,216.0,222.0,215.5,30.0,6555.0,18
2023-05-10 13:32:21,TA311C5500,PTA2311购5500,216.0,0.0,0.0,0.0,2,32.5,0.0,0,251.0,216.0,222.0,215.5,30.0,6555.0,18
2023-05-10 13:32:22,TA311C5500,PTA2311购5500,216.0,0.0,0.0,0.0,6,33.5,0.0,0,251.0,216.0,222.0,215.5,30.0,6555.0,18
2023-05-10 13:32:23,TA311C5500,PTA2311购5500,216.0,0.0,0.0,0.0,2,34.0,0.0,0,251.0,216.0,222.0,215.5,30.0,6555.0,18
2023-05-10 13:32:23,TA311C5500,PTA2311购5500,216.0,0.0,0.0,0.0,6,35.0,0.0,0,251.0,216.0,222.0,215.5,30.0,6555.0,18
2023-05-10 13:32:24,TA311C5500,PTA2311购5500,216.0,0.0,0.0,0.0,2,35.5,0.0,0,251.0,216.0,222.0,215.5,30.0,6555.0,18
2023-05-10 13:32:25,TA311C5500,PTA2311购5500,216.0,0.0,0.0,0.0,6,36.5,0.0,0,251.0,216.0,222.0,215.5,30.0,6555.0,18
2023-05-10 13:32:26,TA311C5500,PTA2311购5500,216.0,0.0,0.0,0.0,2,37.0,0.0,0,251.0,216.0,222.0,215.5,30.0,6555.0,18
2023-05-10 13:32:26,TA311C5500,PTA2311购5500,216.0,0.0,0.0,0.0,6,38.0,0.0,0,251.0,216.0,222.0,215.5,30.0,6555.0,18
2023-05-10 13:32:27,TA311C5500,PTA2311购5500,216.0,0.0,0.0,0.0,2,38.5,0.0,0,251.0,216.0,222.0,215.5,30.0,6555.0,18
2023-05-10 13:32:28,TA311C5500,PTA2311购5500,216.0,0.0,0.0,0.0,6,39.5,0.0,0,251.0,216.0,222.0,215.5,30.0,6555.0,18
2023-05-10 13:32:29,TA311C5500,PTA2311购5500,216.0,0.0,0.0,0.0,2,40.0,0.0,0,251.0,216.0,222.0,215.5,30.0,6555.0,18
2023-05-10 13:32:30,TA311C5500,PTA2311购5500,216.0,0.0,0.0,0.0,6,41.0,0.0,0,251.0,216.0,222.0,215.5,30.0,6555.0,18
2023-05-10 13:32:31,TA311C5500,PTA2311购5500,216.0,0.0,0.0,0.0,2,41.5,0.0,0,251.0,216.0,222.0,215.5,30.0,6555.0,18
2023-05-10 13:32:31,TA311C5500,PTA2311购5500,216.0,0.0,0.0,0.0,6,42.5,0.0,0,251.0,216.0,222.0,215.5,30.0,6555.0,18
2023-05-10 13:32:32,TA311C5500,PTA2311购5500,216.0,0.0,0.0,0.0,2,43.0,0.0,0,251.0,216.0,222.0,215.5,30.0,6555.0,18
2023-05-10 13:32:33,TA311C5500,PTA2311购5500,216.0,0.0,0.0,0.0,6,44.0,0.0,0,251.0,216.0,222.0,215.5,30.0,6555.0,18
2023-05-10 13:32:34,TA311C5500,PTA2311购5500,216.0,0.0,0.0,0.0,2,44.5,0.0,0,251.0,216.0,222.0,215.5,30.0,6555.0,18
2023-05-10 13:32:35,TA311C5500,PTA2311购5500,216.0,0.0,0.0,0.0,6,45.5,0.0,0,251.0,216.0,222.0,215.5,30.0,6555.0,18
2023-05-10 13:32:36,TA311C5500,PTA2311购5500,216.0,0.0,0.0,0.0,2,46.0,0.0,0,251.0,216.0,222.0,215.5,30.0,6555.0,18
2023-05-10 13:32:37,TA311C5500,PTA2311购5500,216.0,0.0,0.0,0.0,6,47.0,0.0,0,251.0,216.0,222.0,215.5,30.0,6555.0,18
2023-05-10 13:32:38,TA311C5500,PTA2311购5500,216.0,0.0,0.0,0.0,2,47.5,0.0,0,251.0,216.0,222.0,215.5,30.0,6555.0,18
2023-05-10 13:32:38,TA311C5500,PTA2311购5500,216.0,0.0,0.0,0.0,6,48.5,0.0,0,251.0,216.0,222.0,215.5,30.0,6555.0,18
2023-05-10 13:32:39,TA311C5500,PTA2311购5500,216.0,0.0,0.0,0.0,2,49.0,0.0,0,251.0,216.0,222.0,215.5,30.0,6555.0,18
2023-05-10 13:32:40,TA311C5500,PTA2311购5500,216.0,0.0,0.0,0.0,6,50.0,0.0,0,251.0,216.0,222.0,215.5,30.0,6555.0,18
2023-05-10 13:32:41,TA311C5500,PTA2311购5500,216.0,0.0,0.0,0.0,2,50.5,0.0,0,251.0,216.0,222.0,215.5,30.0,6555.0,18
2023-05-10 13:32:41,TA311C5500,PTA2311购5500,216.0,0.0,0.0,0.0,6,51.5,0.0,0,251.0,216.0,222.0,215.5,30.0,6555.0,18
2023-05-10 13:32:42,TA311C5500,PTA2311购5500,216.0,0.0,0.0,0.0,2,52.0,0.0,0,251.0,216.0,222.0,215.5,30.0,6555.0,18
2023-05-10 13:32:43,TA311C5500,PTA2311购5500,216.0,0.0,0.0,0.0,6,53.0,0.0,0,251.0,216.0,222.0,215.5,30.0,6555.0,18
2023-05-10 13:32:43,TA311C5500,PTA2311购5500,216.0,0.0,0.0,0.0,2,53.5,0.0,0,251.0,216.0,222.0,215.5,30.0,6555.0,18
2023-05-10 13:32:43,TA311C5500,PTA2311购5500,216.0,0.0,0.0,0.0,6,54.5,0.0,0,251.0,216.0,222.0,215.5,30.0,6555.0,18
2023-05-10 13:32:45,TA311C5500,PTA2311购5500,216.0,0.0,0.0,0.0,2,55.0,0.0,0,251.0,216.0,222.0,215.5,30.0,6555.0,18
2023-05-10 13:32:46,TA311C5500,PTA2311购5500,216.0,0.0,0.0,0.0,6,56.0,0.0,0,251.0,216.0,222.0,215.5,30.0,6555.0,18
2023-05-10 13:32:47,TA311C5500,PTA2311购5500,216.0,0.0,0.0,0.0,2,56.5,0.0,0,251.0,216.0,222.0,215.5,30.0,6555.0,18
2023-05-10 13:32:48,TA311C5500,PTA2311购5500,216.0,0.0,0.0,0.0,6,57.5,0.0,0,251.0,216.0,222.0,215.5,30.0,6555.0,18
2023-05-10 13:32:49,TA311C5500,PTA2311购5500,216.0,0.0,0.0,0.0,2,58.0,0.0,0,251.0,216.0,222.0,215.5,30.0,6555.0,18
2023-05-10 13:32:49,TA311C5500,PTA2311购5500,216.0,0.0,0.0,0.0,6,59.0,0.0,0,251.0,216.0,222.0,215.5,30.0,6555.0,18
2023-05-10 13:32:50,TA311C5500,PTA2311购5500,216.0,0.0,0.0,0.0,2,59.5,0.0,0,251.0,216.0,222.0,215.5,30.0,6555.0,18
2023-05-10 13:32:51,TA311C5500,PTA2311购5500,216.0,0.0,0.0,0.0,6,60.5,0.0,0,251.0,216.0,222.0,215.5,30.0,6555.0,18
2023-05-10 13:32:51,TA311C5500,PTA2311购5500,216.0,0.0,0.0,0.0,2,61.0,0.0,0,251.0,216.0,222.0,215.5,30.0,6555.0,18
2023-05-10 13:32:52,TA311C5500,PTA2311购5500,216.0,0.0,0.0,0.0,6,62.0,0.0,0,251.0,216.0,222.0,215.5,30.0,6555.0,18
2023-05-10 13:32:53,TA311C5500,PTA2311购5500,216.0,0.0,0.0,0.0,2,62.5,0.0,0,251.0,216.0,222.0,215.5,30.0,6555.0,18
2023-05-10 13:32:54,TA311C5500,PTA2311购5500,216.0,0.0,0.0,0.0,6,63.5,0.0,0,251.0,216.0,222.0,215.5,30.0,6555.0,18
2023-05-10 13:32:55,TA311C5500,PTA2311购5500,216.0,0.0,0.0,0.0,2,64.0,0.0,0,251.0,216.0,222.0,215.5,30.0,6555.0,18
2023-05-10 13:32:55,TA311C5500,PTA2311购5500,216.0,0.0,0.0,0.0,6,65.0,0.0,0,251.0,216.0,222.0,215.5,30.0,6555.0,18
2023-05-10 13:32:57,TA311C5500,PTA2311购5500,216.0,0.0,0.0,0.0,2,65.5,0.0,0,251.0,216.0,222.0,215.5,30.0,6555.0,18
2023-05-10 13:32:57,TA311C5500,PTA2311购5500,216.0,0.0,0.0,0.0,6,66.5,0.0,0,251.0,216.0,222.0,215.5,30.0,6555.0,18
2023-05-10 13:32:58,TA311C5500,PTA2311购5500,216.0,0.0,0.0,0.0,2,67.0,0.0,0,251.0,216.0,222.0,215.5,30.0,6555.0,18
2023-05-10 13:32:58,TA311C5500,PTA2311购5500,216.0,0.0,0.0,0.0,6,68.0,0.0,0,251.0,216.0,222.0,215.5,30.0,6555.0,18
2023-05-10 13:32:59,TA311C5500,PTA2311购5500,216.0,0.0,0.0,0.0,2,68.5,0.0,0,251.0,216.0,222.0,215.5,30.0,6555.0,18
2023-05-10 13:32:59,TA311C5500,PTA2311购5500,216.0,0.0,0.0,0.0,6,69.5,0.0,0,251.0,216.0,222.0,215.5,30.0,6555.0,18
2023-05-10 13:33:00,TA311C5500,PTA2311购5500,216.0,0.0,0.0,0.0,2,70.0,0.0,0,251.0,216.0,222.0,215.5,30.0,6555.0,18
2023-05-10 13:33:00,TA311C5500,PTA2311购5500,216.0,0.0,0.0,0.0,6,71.0,0.0,0,251.0,216.0,222.0,215.5,30.0,6555.0,18
2023-05-10 13:33:01,TA311C5500,PTA2311购5500,216.0,0.0,0.0,0.0,2,71.5,0.0,0,251.0,216.0,222.0,215.5,30.0,6555.0,18
2023-05-10 13:33:01,TA311C5500,PTA2311购5500,216.0,0.0,0.0,0.0,6,72.5,0.0,0,251.0,216.0,222.0,215.5,30.0,6555.0,18
2023-05-10 13:33:02,TA311C5500,PTA2311购5500,216.0,0.0,0.0,0.0,2,73.0,0.0,0,251.0,216.0,222.0,215.5,30.0,6555.0,18
2023-05-10 13:33:02,TA311C5500,PTA2311购5500,216.0,0.0,0.0,0.0,6,74.0,0.0,0,251.0,216.0,222.0,215.5,30.0,6555.0,18
2023-05-10 13:33:03,TA311C5500,PTA2311购5500,216.0,0.0,0.0,0.0,2,74.5,0.0,0,251.0,216.0,222.0,215.5,30.0,6555.0,18
2023-05-10 13:33:03,TA311C5500,PTA2311购5500,216.0,0.0,0.0,0.0,6,75.5,0.0,0,251.0,216.0,222.0,215.5,30.0,6555.0,18
2023-05-10 13:33:04,TA311C5500,PTA2311购5500,216.0,0.0,0.0,0.0,2,76.0,0.0,0,251.0,216.0,222.0,215.5,30.0,6555.0,18
2023-05-10 13:33:05,TA311C5500,PTA2311购5500,216.0,0.0,0.0,0.0,6,77.0,0.0,0,251.0,216.0,222.0,215.5,30.0,6555.0,18
2023-05-10 13:33:06,TA311C5500,PTA2311购5500,216.0,0.0,0.0,0.0,2,77.5,0.0,0,251.0,216.0,222.0,215.5,30.0,6555.0,18
2023-05-10 13:33:07,TA311C5500,PTA2311购5500,216.0,0.0,0.0,0.0,6,78.5,0.0,0,251.0,216.0,222.0,215.5,30.0,6555.0,18
2023-05-10 13:33:08,TA311C5500,PTA2311购5500,216.0,0.0,0.0,0.0,2,79.0,0.0,0,251.0,216.0,222.0,215.5,30.0,6555.0,18
2023-05-10 13:33:08,TA311C5500,PTA2311购5500,216.0,0.0,0.0,0.0,6,80.0,0.0,0,251.0,216.0,222.0,215.5,30.0,6555.0,18
2023-05-10 13:33:09,TA311C5500,PTA2311购5500,216.0,0.0,0.0,0.0,2,80.5,0.0,0,251.0,216.0,222.0,215.5,30.0,6555.0,18
2023-05-10 13:33:10,TA311C5500,PTA2311购5500,216.0,0.0,0.0,0.0,6,81.5,0.0,0,251.0,216.0,222.0,215.5,30.0,6555.0,18
2023-05-10 13:33:11,TA311C5500,PTA2311购5500,216.0,0.0,0.0,0.0,2,82.0,0.0,0,251.0,216.0,222.0,215.5,30.0,6555.0,18
2023-05-10 13:33:11,TA311C5500,PTA2311购5500,216.0,0.0,0.0,0.0,6,83.0,0.0,0,251.0,216.0,222.0,215.5,30.0,6555.0,18
2023-05-10 13:33:12,TA311C5500,PTA2311购5500,216.0,0.0,0.0,0.0,2,83.5,0.0,0,251.0,216.0,222.0,215.5,30.0,6555.0,18
2023-05-10 13:33:12,TA311C5500,PTA2311购5500,216.0,0.0,0.0,0.0,6,84.5,0.0,0,251.0,216.0,222.0,215.5,30.0,6555.0,18
2023-05-10 13:33:13,TA311C5500,PTA2311购5500,216.0,0.0,0.0,0.0,2,85.0,0.0,0,251.0,216.0,222.0,215.5,30.0,6555.0,18
2023-05-10 13:33:13,TA311C5500,PTA2311购5500,216.0,0.0,0.0,0.0,6,86.0,0.0,0,251.0,216.0,222.0,215.5,30.0,6555.0,18
2023-05-10 13:33:14,TA311C5500,PTA2311购5500,216.0,0.0,0.0,0.0,2,86.5,0.0,0,251.0,216.0,222.0,215.5,30.0,6555.0,18
2023-05-10 13:33:14,TA311C5500,PTA2311购5500,216.0,0.0,0.0,0.0,6,87.5,0.0,0,251.0,216.0,222.0,215.5,30.0,6555.0,18
2023-05-10 13:33:15,TA311C5500,PTA2311购5500,216.0,0.0,0.0,0.0,2,88.0,0.0,0,251.0,216.0,222.0,215.5,30.0,6555.0,18
2023-05-10 13:33:15,TA311C5500,PTA2311购5500,216.0,0.0,0.0,0.0,6,89.0,0.0,0,251.0,216.0,222.0,215.5,30.0,6555.0,18
2023-05-10 13:33:16,TA311C5500,PTA2311购5500,216.0,0.0,0.0,0.0,2,89.5,0.0,0,251.0,216.0,222.0,215.5,30.0,6555.0,18
2023-05-10 13:33:17,TA311C5500,PTA2311购5500,216.0,0.0,0.0,0.0,6,90.5,0.0,0,251.0,216.0,222.0,215.5,30.0,6555.0,18
2023-05-10 13:33:17,TA311C5500,PTA2311购5500,216.0,0.0,0.0,0.0,2,91.0,0.0,0,251.0,216.0,222.0,215.5,30.0,6555.0,18
2023-05-10 13:33:18,TA311C5500,PTA2311购5500,216.0,0.0,0.0,0.0,6,92.0,0.0,0,251.0,216.0,222.0,215.5,30.0,6555.0,18
2023-05-10 13:33:19,TA311C5500,PTA2311购5500,216.0,0.0,0.0,0.0,2,92.5,0.0,0,251.0,216.0,222.0,215.5,30.0,6555.0,18
2023-05-10 13:33:19,TA311C5500,PTA2311购5500,216.0,0.0,0.0,0.0,6,93.5,0.0,0,251.0,216.0,222.0,215.5,30.0,6555.0,18
2023-05-10 13:33:20,TA311C5500,PTA2311购5500,216.0,0.0,0.0,0.0,2,94.0,0.0,0,251.0,216.0,222.0,215.5,30.0,6555.0,18
2023-05-10 13:33:20,TA311C5500,PTA2311购5500,216.0,0.0,0.0,0.0,6,95.0,0.0,0,251.0,216.0,222.0,215.5,30.0,6555.0,18
2023-05-10 13:33:21,TA311C5500,PTA2311购5500,216.0,0.0,0.0,0.0,2,95.5,0.0,0,251.0,216.0,222.0,215.5,30.0,6555.0,18
2023-05-10 13:33:22,TA311C5500,PTA2311购5500,216.0,0.0,0.0,0.0,6,96.5,0.0,0,251.0,216.0,222.0,215.5,30.0,6555.0,18
2023-05-10 13:33:23,TA311C5500,PTA2311购5500,216.0,0.0,0.0,0.0,2,97.0,0.0,0,251.0,216.0,222.0,215.5,30.0,6555.0,18
2023-05-10 13:33:23,TA311C5500,PTA2311购5500,216.0,0.0,0.0,0.0,6,98.0,0.0,0,251.0,216.0,222.0,215.5,30.0,6555.0,18
2023-05-10 13:33:24,TA311C5500,PTA2311购5500,216.0,0.0,0.0,0.0,2,98.5,0.0,0,251.0,216.0,222.0,215.5,30.0,6555.0,18
2023-05-10 13:33:25,TA311C5500,PTA2311购5500,216.0,0.0,0.0,0.0,6,99.5,0.0,0,251.0,216.0,222.0,215.5,30.0,6555.0,18
2023-05-10 13:33:26,TA311C5500,PTA2311购5500,216.0,0.0,0.0,0.0,2,100.0,0.0,0,251.0,216.0,222.0,215.5,30.0,6555.0,18
2023-05-10 13:33:26,TA311C5500,PTA2311购5500,216.0,0.0,0.0,0.0,6,101.0,0.0,0,251.0,216.0,222.0,215.5,30.0,6555.0,18
2023-05-10 13:33:27,TA311C5500,PTA2311购5500,216.0,0.0,0.0,0.0,2,101.5,0.0,0,251.0,216.0,222.0,215.5,30.0,6555.0,18
2023-05-10 13:33:27,TA311C5500,PTA2311购5500,216.0,0.0,0.0,0.0,6,102.5,0.0,0,251.0,216.0,222.0,215.5,30.0,6555.0,18
2023-05-10 13:33:28,TA311C5500,PTA2311购5500,216.0,0.0,0.0,0.0,2,103.0,0.0,0,251.0,216.0,222.0,215.5,30.0,6555.0,18
2023-05-10 13:33:29,TA311C5500,PTA2311购5500,216.0,0.0,0.0,0.0,6,104.0,0.0,0,251.0,216.0,222.0,215.5,30.0,6555.0,18
2023-05-10 13:33:29,TA311C5500,PTA2311购5500,216.0,0.0,0.0,0.0,2,104.5,0.0,0,251.0,216.0,222.0,215.5,30.0,6555.0,18
2023-05-10 13:33:30,TA311C5500,PTA2311购5500,216.0,0.0,0.0,0.0,6,105.5,0.0,0,251.0,216.0,222.0,215.5,30.0,6555.0,18
2023-05-10 13:33:30,TA311C5500,PTA2311购5500,216.0,0.0,0.0,0.0,2,106.0,0.0,0,251.0,216.0,222.0,215.5,30.0,6555.0,18
2023-05-10 13:33:31,TA311C5500,PTA2311购5500,216.0,0.0,0.0,0.0,6,107.0,0.0,0,251.0,216.0,222.0,215.5,30.0,6555.0,18
2023-05-10 13:33:31,TA311C5500,PTA2311购5500,216.0,0.0,0.0,0.0,2,107.5,0.0,0,251.0,216.0,222.0,215.5,30.0,6555.0,18
2023-05-10 13:33:32,TA311C5500,PTA2311购5500,216.0,0.0,0.0,0.0,6,108.5,0.0,0,251.0,216.0,222.0,215.5,30.0,6555.0,18
2023-05-10 13:33:33,TA311C5500,PTA2311购5500,216.0,0.0,0.0,0.0,2,109.0,0.0,0,251.0,216.0,222.0,215.5,30.0,6555.0,18
2023-05-10 13:33:33,TA311C5500,PTA2311购5500,216.0,0.0,0.0,0.0,6,110.0,0.0,0,251.0,216.0,222.0,215.5,30.0,6555.0,18
2023-05-10 13:33:34,TA311C5500,PTA2311购5500,216.0,0.0,0.0,0.0,2,110.5,0.0,0,251.0,216.0,222.0,215.5,30.0,6555.0,18
2023-05-10 13:33:34,TA311C5500,PTA2311购5500,216.0,0.0,0.0,0.0,6,111.5,0.0,0,251.0,216.0,222.0,215.5,30.0,6555.0,18
2023-05-10 13:33:35,TA311C5500,PTA2311购5500,216.0,0.0,0.0,0.0,2,112.0,0.0,0,251.0,216.0,222.0,215.5,30.0,6555.0,18
2023-05-10 13:33:35,TA311C5500,PTA2311购5500,216.0,0.0,0.0,0.0,6,113.0,0.0,0,251.0,216.0,222.0,215.5,30.0,6555.0,18
2023-05-10 13:33:36,TA311C5500,PTA2311购5500,216.0,0.0,0.0,0.0,2,113.5,0.0,0,251.0,216.0,222.0,215.5,30.0,6555.0,18
2023-05-10 13:33:36,TA311C5500,PTA2311购5500,216.0,0.0,0.0,0.0,6,114.5,0.0,0,251.0,216.0,222.0,215.5,30.0,6555.0,18
2023-05-10 13:33:37,TA311C5500,PTA2311购5500,216.0,0.0,0.0,0.0,2,115.0,0.0,0,251.0,216.0,222.0,215.5,30.0,6555.0,18
2023-05-10 13:39:37,TA311C5500,PTA2311购5500,216.0,0.0,0.0,0.0,1,2.5,0.0,0,251.0,216.0,222.0,215.5,30.0,6555.0,18
2023-05-10 13:39:38,TA311C5500,PTA2311购5500,216.0,0.0,0.0,0.0,2,9.0,0.0,0,251.0,216.0,222.0,215.5,30.0,6555.0,18
2023-05-10 13:39:39,TA311C5500,PTA2311购5500,216.0,0.0,0.0,0.0,6,10.0,0.0,0,251.0,216.0,222.0,215.5,30.0,6555.0,18
2023-05-10 13:39:39,TA311C5500,PTA2311购5500,216.0,0.0,0.0,0.0,2,13.5,0.0,0,251.0,216.0,222.0,215.5,30.0,6555.0,18
2023-05-10 13:39:40,TA311C5500,PTA2311购5500,216.0,0.0,0.0,0.0,6,14.5,0.0,0,251.0,216.0,222.0,215.5,30.0,6555.0,18
2023-05-10 13:39:40,TA311C5500,PTA2311购5500,216.0,0.0,0.0,0.0,2,15.0,0.0,0,251.0,216.0,222.0,215.5,30.0,6555.0,18
2023-05-10 13:39:41,TA311C5500,PTA2311购5500,216.0,0.0,0.0,0.0,6,16.0,0.0,0,251.0,216.0,222.0,215.5,30.0,6555.0,18
2023-05-10 13:39:41,TA311C5500,PTA2311购5500,216.0,0.0,0.0,0.0,2,16.5,0.0,0,251.0,216.0,222.0,215.5,30.0,6555.0,18
2023-05-10 13:39:42,TA311C5500,PTA2311购5500,216.0,0.0,0.0,0.0,6,17.5,0.0,0,251.0,216.0,222.0,215.5,30.0,6555.0,18
2023-05-10 13:39:42,TA311C5500,PTA2311购5500,216.0,0.0,0.0,0.0,2,18.0,0.0,0,251.0,216.0,222.0,215.5,30.0,6555.0,18
2023-05-10 13:39:43,TA311C5500,PTA2311购5500,216.0,0.0,0.0,0.0,6,19.0,0.0,0,251.0,216.0,222.0,215.5,30.0,6555.0,18
2023-05-10 13:39:43,TA311C5500,PTA2311购5500,216.0,0.0,0.0,0.0,2,19.5,0.0,0,251.0,216.0,222.0,215.5,30.0,6555.0,18
2023-05-10 13:39:44,TA311C5500,PTA2311购5500,216.0,0.0,0.0,0.0,6,20.5,0.0,0,251.0,216.0,222.0,215.5,30.0,6555.0,18
2023-05-10 14:00:27,TA311C5500,PTA2311购5500,216.0,0.0,0.0,0.0,1,21.0,0.0,0,251.0,216.0,222.0,215.5,30.0,6555.0,18
2023-05-10 14:00:28,TA311C5500,PTA2311购5500,216.0,0.0,0.0,0.0,6,22.0,0.0,0,251.0,216.0,222.0,215.5,30.0,6555.0,18
2023-05-10 14:00:28,TA311C5500,PTA2311购5500,216.0,0.0,0.0,0.0,2,22.5,0.0,0,251.0,216.0,222.0,215.5,30.0,6555.0,18
2023-05-10 14:00:29,TA311C5500,PTA2311购5500,216.0,0.0,0.0,0.0,6,23.5,0.0,0,251.0,216.0,222.0,215.5,30.0,6555.0,18
2023-05-10 14:00:29,TA311C5500,PTA2311购5500,216.0,0.0,0.0,0.0,2,24.0,0.0,0,251.0,216.0,222.0,215.5,30.0,6555.0,18
2023-05-10 14:00:30,TA311C5500,PTA2311购5500,216.0,0.0,0.0,0.0,6,25.0,0.0,0,251.0,216.0,222.0,215.5,30.0,6555.0,18
2023-05-10 14:00:31,TA311C5500,PTA2311购5500,216.0,0.0,0.0,0.0,2,25.5,0.0,0,251.0,216.0,222.0,215.5,30.0,6555.0,18
2023-05-10 14:00:31,TA311C5500,PTA2311购5500,216.0,0.0,0.0,0.0,6,26.5,0.0,0,251.0,216.0,222.0,215.5,30.0,6555.0,18
2023-05-10 14:00:32,TA311C5500,PTA2311购5500,216.0,0.0,0.0,0.0,2,27.0,0.0,0,251.0,216.0,222.0,215.5,30.0,6555.0,18
2023-05-10 14:00:32,TA311C5500,PTA2311购5500,216.0,0.0,0.0,0.0,6,28.0,0.0,0,251.0,216.0,222.0,215.5,30.0,6555.0,18
2023-05-10 14:00:33,TA311C5500,PTA2311购5500,216.0,0.0,0.0,0.0,2,28.5,0.0,0,251.0,216.0,222.0,215.5,30.0,6555.0,18
2023-05-10 14:00:33,TA311C5500,PTA2311购5500,216.0,0.0,0.0,0.0,6,29.5,0.0,0,251.0,216.0,222.0,215.5,30.0,6555.0,18
2023-05-10 14:00:34,TA311C5500,PTA2311购5500,216.0,0.0,0.0,0.0,2,30.0,0.0,0,251.0,216.0,222.0,215.5,30.0,6555.0,18
2023-05-10 14:00:34,TA311C5500,PTA2311购5500,216.0,0.0,0.0,0.0,6,31.0,0.0,0,251.0,216.0,222.0,215.5,30.0,6555.0,18
2023-05-10 14:00:35,TA311C5500,PTA2311购5500,216.0,0.0,0.0,0.0,2,31.5,0.0,0,251.0,216.0,222.0,215.5,30.0,6555.0,18
2023-05-10 14:00:35,TA311C5500,PTA2311购5500,216.0,0.0,0.0,0.0,6,32.5,0.0,0,251.0,216.0,222.0,215.5,30.0,6555.0,18
2023-05-10 14:00:36,TA311C5500,PTA2311购5500,216.0,0.0,0.0,0.0,2,33.0,0.0,0,251.0,216.0,222.0,215.5,30.0,6555.0,18
2023-05-10 14:00:37,TA311C5500,PTA2311购5500,216.0,0.0,0.0,0.0,6,34.0,0.0,0,251.0,216.0,222.0,215.5,30.0,6555.0,18
2023-05-10 14:00:37,TA311C5500,PTA2311购5500,216.0,0.0,0.0,0.0,2,34.5,0.0,0,251.0,216.0,222.0,215.5,30.0,6555.0,18
2023-05-10 14:00:38,TA311C5500,PTA2311购5500,216.0,0.0,0.0,0.0,6,35.5,0.0,0,251.0,216.0,222.0,215.5,30.0,6555.0,18
2023-05-10 14:00:38,TA311C5500,PTA2311购5500,216.0,0.0,0.0,0.0,2,36.0,0.0,0,251.0,216.0,222.0,215.5,30.0,6555.0,18
2023-05-10 14:00:39,TA311C5500,PTA2311购5500,216.0,0.0,0.0,0.0,6,37.0,0.0,0,251.0,216.0,222.0,215.5,30.0,6555.0,18
2023-05-10 14:00:39,TA311C5500,PTA2311购5500,216.0,0.0,0.0,0.0,2,37.5,0.0,0,251.0,216.0,222.0,215.5,30.0,6555.0,18
2023-05-10 14:00:40,TA311C5500,PTA2311购5500,216.0,0.0,0.0,0.0,6,38.5,0.0,0,251.0,216.0,222.0,215.5,30.0,6555.0,18
2023-05-10 14:00:40,TA311C5500,PTA2311购5500,216.0,0.0,0.0,0.0,2,39.0,0.0,0,251.0,216.0,222.0,215.5,30.0,6555.0,18
2023-05-10 14:00:41,TA311C5500,PTA2311购5500,216.0,0.0,0.0,0.0,6,40.0,0.0,0,251.0,216.0,222.0,215.5,30.0,6555.0,18
2023-05-10 14:00:41,TA311C5500,PTA2311购5500,216.0,0.0,0.0,0.0,2,40.5,0.0,0,251.0,216.0,222.0,215.5,30.0,6555.0,18
2023-05-10 14:00:42,TA311C5500,PTA2311购5500,216.0,0.0,0.0,0.0,6,41.5,0.0,0,251.0,216.0,222.0,215.5,30.0,6555.0,18
2023-05-10 14:00:42,TA311C5500,PTA2311购5500,216.0,0.0,0.0,0.0,2,42.0,0.0,0,251.0,216.0,222.0,215.5,30.0,6555.0,18
2023-05-10 14:00:43,TA311C5500,PTA2311购5500,216.0,0.0,0.0,0.0,6,43.0,0.0,0,251.0,216.0,222.0,215.5,30.0,6555.0,18
2023-05-10 14:00:43,TA311C5500,PTA2311购5500,216.0,0.0,0.0,0.0,2,43.5,0.0,0,251.0,216.0,222.0,215.5,30.0,6555.0,18
2023-05-10 14:00:44,TA311C5500,PTA2311购5500,216.0,0.0,0.0,0.0,6,44.5,0.0,0,251.0,216.0,222.0,215.5,30.0,6555.0,18
2023-05-10 14:00:45,TA311C5500,PTA2311购5500,216.0,0.0,0.0,0.0,2,45.0,0.0,0,251.0,216.0,222.0,215.5,30.0,6555.0,18
2023-05-10 14:00:45,TA311C5500,PTA2311购5500,216.0,0.0,0.0,0.0,6,46.0,0.0,0,251.0,216.0,222.0,215.5,30.0,6555.0,18
2023-05-10 14:00:45,TA311C5500,PTA2311购5500,216.0,0.0,0.0,0.0,2,45.0,0.0,0,251.0,216.0,222.0,215.5,30.0,6555.0,18
2023-05-10 14:00:45,TA311C5500,PTA2311购5500,216.0,0.0,0.0,0.0,6,46.0,0.0,0,251.0,216.0,222.0,215.5,30.0,6555.0,18
2023-05-10 14:00:46,TA311C5500,PTA2311购5500,216.0,0.0,0.0,0.0,2,46.5,0.0,0,251.0,216.0,222.0,215.5,30.0,6555.0,18
2023-05-10 14:00:46,TA311C5500,PTA2311购5500,216.0,0.0,0.0,0.0,6,47.5,0.0,0,251.0,216.0,222.0,215.5,30.0,6555.0,18
2023-05-10 14:00:47,TA311C5500,PTA2311购5500,216.0,0.0,0.0,0.0,2,48.0,0.0,0,251.0,216.0,222.0,215.5,30.0,6555.0,18
2023-05-10 14:00:47,TA311C5500,PTA2311购5500,216.0,0.0,0.0,0.0,6,49.0,0.0,0,251.0,216.0,222.0,215.5,30.0,6555.0,18
2023-05-10 14:00:48,TA311C5500,PTA2311购5500,216.0,0.0,0.0,0.0,2,49.5,0.0,0,251.0,216.0,222.0,215.5,30.0,6555.0,18
2023-05-10 14:00:48,TA311C5500,PTA2311购5500,216.0,0.0,0.0,0.0,6,50.5,0.0,0,251.0,216.0,222.0,215.5,30.0,6555.0,18
2023-05-10 14:00:49,TA311C5500,PTA2311购5500,216.0,0.0,0.0,0.0,2,51.0,0.0,0,251.0,216.0,222.0,215.5,30.0,6555.0,18
2023-05-10 14:00:49,TA311C5500,PTA2311购5500,216.0,0.0,0.0,0.0,6,52.0,0.0,0,251.0,216.0,222.0,215.5,30.0,6555.0,18
2023-05-10 14:00:50,TA311C5500,PTA2311购5500,216.0,0.0,0.0,0.0,2,52.5,0.0,0,251.0,216.0,222.0,215.5,30.0,6555.0,18
2023-05-10 14:00:50,TA311C5500,PTA2311购5500,216.0,0.0,0.0,0.0,6,53.5,0.0,0,251.0,216.0,222.0,215.5,30.0,6555.0,18
2023-05-10 14:00:51,TA311C5500,PTA2311购5500,216.0,0.0,0.0,0.0,2,54.0,0.0,0,251.0,216.0,222.0,215.5,30.0,6555.0,18
2023-05-10 14:00:51,TA311C5500,PTA2311购5500,216.0,0.0,0.0,0.0,6,55.0,0.0,0,251.0,216.0,222.0,215.5,30.0,6555.0,18
2023-05-10 14:00:52,TA311C5500,PTA2311购5500,216.0,0.0,0.0,0.0,2,55.5,0.0,0,251.0,216.0,222.0,215.5,30.0,6555.0,18
2023-05-10 14:00:53,TA311C5500,PTA2311购5500,216.0,0.0,0.0,0.0,6,56.5,0.0,0,251.0,216.0,222.0,215.5,30.0,6555.0,18
2023-05-10 14:00:53,TA311C5500,PTA2311购5500,216.0,0.0,0.0,0.0,2,57.0,0.0,0,251.0,216.0,222.0,215.5,30.0,6555.0,18
2023-05-10 14:00:54,TA311C5500,PTA2311购5500,216.0,0.0,0.0,0.0,6,58.0,0.0,0,251.0,216.0,222.0,215.5,30.0,6555.0,18
2023-05-10 14:00:55,TA311C5500,PTA2311购5500,216.0,0.0,0.0,0.0,2,58.5,0.0,0,251.0,216.0,222.0,215.5,30.0,6555.0,18
2023-05-10 14:00:55,TA311C5500,PTA2311购5500,216.0,0.0,0.0,0.0,6,59.5,0.0,0,251.0,216.0,222.0,215.5,30.0,6555.0,18
2023-05-10 14:00:56,TA311C5500,PTA2311购5500,216.0,0.0,0.0,0.0,2,60.0,0.0,0,251.0,216.0,222.0,215.5,30.0,6555.0,18
2023-05-10 14:00:56,TA311C5500,PTA2311购5500,216.0,0.0,0.0,0.0,6,61.0,0.0,0,251.0,216.0,222.0,215.5,30.0,6555.0,18
2023-05-10 14:00:57,TA311C5500,PTA2311购5500,216.0,0.0,0.0,0.0,2,61.5,0.0,0,251.0,216.0,222.0,215.5,30.0,6555.0,18
2023-05-10 14:00:57,TA311C5500,PTA2311购5500,216.0,0.0,0.0,0.0,6,62.5,0.0,0,251.0,216.0,222.0,215.5,30.0,6555.0,18
2023-05-10 14:00:58,TA311C5500,PTA2311购5500,216.0,0.0,0.0,0.0,2,63.0,0.0,0,251.0,216.0,222.0,215.5,30.0,6555.0,18
2023-05-10 14:00:58,TA311C5500,PTA2311购5500,216.0,0.0,0.0,0.0,6,64.0,0.0,0,251.0,216.0,222.0,215.5,30.0,6555.0,18
2023-05-10 14:00:59,TA311C5500,PTA2311购5500,216.0,0.0,0.0,0.0,2,64.5,0.0,0,251.0,216.0,222.0,215.5,30.0,6555.0,18
2023-05-10 14:00:59,TA311C5500,PTA2311购5500,216.0,0.0,0.0,0.0,6,65.5,0.0,0,251.0,216.0,222.0,215.5,30.0,6555.0,18
2023-05-10 14:01:00,TA311C5500,PTA2311购5500,216.0,0.0,0.0,0.0,2,66.0,0.0,0,251.0,216.0,222.0,215.5,30.0,6555.0,18
2023-05-10 14:01:00,TA311C5500,PTA2311购5500,216.0,0.0,0.0,0.0,6,67.0,0.0,0,251.0,216.0,222.0,215.5,30.0,6555.0,18
2023-05-10 14:01:01,TA311C5500,PTA2311购5500,216.0,0.0,0.0,0.0,2,67.5,0.0,0,251.0,216.0,222.0,215.5,30.0,6555.0,18
2023-05-10 14:01:01,TA311C5500,PTA2311购5500,216.0,0.0,0.0,0.0,6,68.5,0.0,0,251.0,216.0,222.0,215.5,30.0,6555.0,18
2023-05-10 14:01:02,TA311C5500,PTA2311购5500,216.0,0.0,0.0,0.0,2,69.0,0.0,0,251.0,216.0,222.0,215.5,30.0,6555.0,18
2023-05-10 14:01:02,TA311C5500,PTA2311购5500,216.0,0.0,0.0,0.0,6,70.0,0.0,0,251.0,216.0,222.0,215.5,30.0,6555.0,18
2023-05-10 14:01:03,TA311C5500,PTA2311购5500,216.0,0.0,0.0,0.0,2,70.5,0.0,0,251.0,216.0,222.0,215.5,30.0,6555.0,18
2023-05-10 14:01:03,TA311C5500,PTA2311购5500,216.0,0.0,0.0,0.0,6,71.5,0.0,0,251.0,216.0,222.0,215.5,30.0,6555.0,18
2023-05-10 14:01:04,TA311C5500,PTA2311购5500,216.0,0.0,0.0,0.0,2,72.0,0.0,0,251.0,216.0,222.0,215.5,30.0,6555.0,18
2023-05-10 14:01:04,TA311C5500,PTA2311购5500,216.0,0.0,0.0,0.0,6,73.0,0.0,0,251.0,216.0,222.0,215.5,30.0,6555.0,18
2023-05-10 14:01:05,TA311C5500,PTA2311购5500,216.0,0.0,0.0,0.0,2,73.5,0.0,0,251.0,216.0,222.0,215.5,30.0,6555.0,18
2023-05-10 14:01:05,TA311C5500,PTA2311购5500,216.0,0.0,0.0,0.0,6,74.5,0.0,0,251.0,216.0,222.0,215.5,30.0,6555.0,18
2023-05-10 14:01:06,TA311C5500,PTA2311购5500,216.0,0.0,0.0,0.0,2,75.0,0.0,0,251.0,216.0,222.0,215.5,30.0,6555.0,18
2023-05-10 14:01:06,TA311C5500,PTA2311购5500,216.0,0.0,0.0,0.0,6,76.0,0.0,0,251.0,216.0,222.0,215.5,30.0,6555.0,18
2023-05-10 14:01:07,TA311C5500,PTA2311购5500,216.0,0.0,0.0,0.0,2,76.5,0.0,0,251.0,216.0,222.0,215.5,30.0,6555.0,18
2023-05-10 14:01:07,TA311C5500,PTA2311购5500,216.0,0.0,0.0,0.0,6,77.5,0.0,0,251.0,216.0,222.0,215.5,30.0,6555.0,18
2023-05-10 14:01:08,TA311C5500,PTA2311购5500,216.0,0.0,0.0,0.0,2,78.0,0.0,0,251.0,216.0,222.0,215.5,30.0,6555.0,18
2023-05-10 14:01:08,TA311C5500,PTA2311购5500,216.0,0.0,0.0,0.0,6,79.0,0.0,0,251.0,216.0,222.0,215.5,30.0,6555.0,18
2023-05-10 14:01:09,TA311C5500,PTA2311购5500,216.0,0.0,0.0,0.0,2,79.5,0.0,0,251.0,216.0,222.0,215.5,30.0,6555.0,18
2023-05-10 14:01:09,TA311C5500,PTA2311购5500,216.0,0.0,0.0,0.0,6,80.5,0.0,0,251.0,216.0,222.0,215.5,30.0,6555.0,18
2023-05-10 14:01:10,TA311C5500,PTA2311购5500,216.0,0.0,0.0,0.0,2,81.0,0.0,0,251.0,216.0,222.0,215.5,30.0,6555.0,18
2023-05-10 14:01:10,TA311C5500,PTA2311购5500,216.0,0.0,0.0,0.0,6,82.0,0.0,0,251.0,216.0,222.0,215.5,30.0,6555.0,18
2023-05-10 14:01:11,TA311C5500,PTA2311购5500,216.0,0.0,0.0,0.0,2,82.5,0.0,0,251.0,216.0,222.0,215.5,30.0,6555.0,18
2023-05-10 14:01:11,TA311C5500,PTA2311购5500,216.0,0.0,0.0,0.0,6,83.5,0.0,0,251.0,216.0,222.0,215.5,30.0,6555.0,18
2023-05-10 14:01:12,TA311C5500,PTA2311购5500,216.0,0.0,0.0,0.0,2,84.0,0.0,0,251.0,216.0,222.0,215.5,30.0,6555.0,18
2023-05-10 14:01:12,TA311C5500,PTA2311购5500,216.0,0.0,0.0,0.0,6,85.0,0.0,0,251.0,216.0,222.0,215.5,30.0,6555.0,18
2023-05-10 14:01:13,TA311C5500,PTA2311购5500,216.0,0.0,0.0,0.0,2,85.5,0.0,0,251.0,216.0,222.0,215.5,30.0,6555.0,18
2023-05-10 14:01:13,TA311C5500,PTA2311购5500,216.0,0.0,0.0,0.0,6,86.5,0.0,0,251.0,216.0,222.0,215.5,30.0,6555.0,18
2023-05-10 14:01:14,TA311C5500,PTA2311购5500,216.0,0.0,0.0,0.0,2,87.0,0.0,0,251.0,216.0,222.0,215.5,30.0,6555.0,18
2023-05-10 14:01:14,TA311C5500,PTA2311购5500,216.0,0.0,0.0,0.0,6,88.0,0.0,0,251.0,216.0,222.0,215.5,30.0,6555.0,18
2023-05-10 14:01:15,TA311C5500,PTA2311购5500,216.0,0.0,0.0,0.0,2,88.5,0.0,0,251.0,216.0,222.0,215.5,30.0,6555.0,18
2023-05-10 14:01:15,TA311C5500,PTA2311购5500,216.0,0.0,0.0,0.0,6,89.5,0.0,0,251.0,216.0,222.0,215.5,30.0,6555.0,18
2023-05-10 14:01:16,TA311C5500,PTA2311购5500,216.0,0.0,0.0,0.0,2,90.0,0.0,0,251.0,216.0,222.0,215.5,30.0,6555.0,18
2023-05-10 14:01:17,TA311C5500,PTA2311购5500,216.0,0.0,0.0,0.0,6,91.0,0.0,0,251.0,216.0,222.0,215.5,30.0,6555.0,18
2023-05-10 14:01:18,TA311C5500,PTA2311购5500,216.0,0.0,0.0,0.0,2,91.5,0.0,0,251.0,216.0,222.0,215.5,30.0,6555.0,18
2023-05-10 14:01:20,TA311C5500,PTA2311购5500,216.0,0.0,0.0,0.0,6,92.5,0.0,0,251.0,216.0,222.0,215.5,30.0,6555.0,18
2023-05-10 14:01:21,TA311C5500,PTA2311购5500,216.0,0.0,0.0,0.0,2,93.0,0.0,0,251.0,216.0,222.0,215.5,30.0,6555.0,18
2023-05-10 14:01:21,TA311C5500,PTA2311购5500,216.0,0.0,0.0,0.0,6,94.0,0.0,0,251.0,216.0,222.0,215.5,30.0,6555.0,18
2023-05-10 14:01:22,TA311C5500,PTA2311购5500,216.0,0.0,0.0,0.0,2,94.5,0.0,0,251.0,216.0,222.0,215.5,30.0,6555.0,18
2023-05-10 14:01:23,TA311C5500,PTA2311购5500,216.0,0.0,0.0,0.0,6,95.5,0.0,0,251.0,216.0,222.0,215.5,30.0,6555.0,18
2023-05-10 14:01:23,TA311C5500,PTA2311购5500,216.0,0.0,0.0,0.0,2,96.0,0.0,0,251.0,216.0,222.0,215.5,30.0,6555.0,18
2023-05-10 14:01:24,TA311C5500,PTA2311购5500,216.0,0.0,0.0,0.0,6,97.0,0.0,0,251.0,216.0,222.0,215.5,30.0,6555.0,18
2023-05-10 14:01:24,TA311C5500,PTA2311购5500,216.0,0.0,0.0,0.0,2,97.5,0.0,0,251.0,216.0,222.0,215.5,30.0,6555.0,18
2023-05-10 14:01:25,TA311C5500,PTA2311购5500,216.0,0.0,0.0,0.0,6,98.5,0.0,0,251.0,216.0,222.0,215.5,30.0,6555.0,18
2023-05-10 14:01:26,TA311C5500,PTA2311购5500,216.0,0.0,0.0,0.0,2,99.0,0.0,0,251.0,216.0,222.0,215.5,30.0,6555.0,18
2023-05-10 14:01:26,TA311C5500,PTA2311购5500,216.0,0.0,0.0,0.0,6,100.0,0.0,0,251.0,216.0,222.0,215.5,30.0,6555.0,18
2023-05-10 14:01:27,TA311C5500,PTA2311购5500,216.0,0.0,0.0,0.0,2,100.5,0.0,0,251.0,216.0,222.0,215.5,30.0,6555.0,18
2023-05-10 14:01:28,TA311C5500,PTA2311购5500,216.0,0.0,0.0,0.0,6,101.5,0.0,0,251.0,216.0,222.0,215.5,30.0,6555.0,18
2023-05-10 14:01:29,TA311C5500,PTA2311购5500,216.0,0.0,0.0,0.0,2,102.0,0.0,0,251.0,216.0,222.0,215.5,30.0,6555.0,18
2023-05-10 14:01:29,TA311C5500,PTA2311购5500,216.0,0.0,0.0,0.0,6,103.0,0.0,0,251.0,216.0,222.0,215.5,30.0,6555.0,18
2023-05-10 14:01:31,TA311C5500,PTA2311购5500,216.0,0.0,0.0,0.0,2,103.5,0.0,0,251.0,216.0,222.0,215.5,30.0,6555.0,18
2023-05-10 14:01:31,TA311C5500,PTA2311购5500,216.0,0.0,0.0,0.0,6,104.5,0.0,0,251.0,216.0,222.0,215.5,30.0,6555.0,18
2023-05-10 14:01:32,TA311C5500,PTA2311购5500,216.0,0.0,0.0,0.0,2,105.0,0.0,0,251.0,216.0,222.0,215.5,30.0,6555.0,18
2023-05-10 14:01:33,TA311C5500,PTA2311购5500,216.0,0.0,0.0,0.0,6,106.0,0.0,0,251.0,216.0,222.0,215.5,30.0,6555.0,18
2023-05-10 14:01:33,TA311C5500,PTA2311购5500,216.0,0.0,0.0,0.0,2,106.5,0.0,0,251.0,216.0,222.0,215.5,30.0,6555.0,18
2023-05-10 14:01:34,TA311C5500,PTA2311购5500,216.0,0.0,0.0,0.0,6,107.5,0.0,0,251.0,216.0,222.0,215.5,30.0,6555.0,18
2023-05-10 14:01:35,TA311C5500,PTA2311购5500,216.0,0.0,0.0,0.0,2,108.0,0.0,0,251.0,216.0,222.0,215.5,30.0,6555.0,18
2023-05-10 14:01:35,TA311C5500,PTA2311购5500,216.0,0.0,0.0,0.0,6,109.0,0.0,0,251.0,216.0,222.0,215.5,30.0,6555.0,18
2023-05-10 14:01:36,TA311C5500,PTA2311购5500,216.0,0.0,0.0,0.0,2,109.5,0.0,0,251.0,216.0,222.0,215.5,30.0,6555.0,18
2023-05-10 14:01:37,TA311C5500,PTA2311购5500,216.0,0.0,0.0,0.0,6,110.5,0.0,0,251.0,216.0,222.0,215.5,30.0,6555.0,18
2023-05-10 14:01:38,TA311C5500,PTA2311购5500,216.0,0.0,0.0,0.0,2,111.0,0.0,0,251.0,216.0,222.0,215.5,30.0,6555.0,18
2023-05-10 14:01:40,TA311C5500,PTA2311购5500,216.0,0.0,0.0,0.0,6,112.0,0.0,0,251.0,216.0,222.0,215.5,30.0,6555.0,18
2023-05-10 14:01:41,TA311C5500,PTA2311购5500,216.0,0.0,0.0,0.0,2,112.5,0.0,0,251.0,216.0,222.0,215.5,30.0,6555.0,18
2023-05-10 14:01:41,TA311C5500,PTA2311购5500,216.0,0.0,0.0,0.0,6,113.5,0.0,0,251.0,216.0,222.0,215.5,30.0,6555.0,18
2023-05-10 14:11:47,TA311C5500,PTA2311购5500,216.0,0.0,0.0,0.0,3,211.5,232.5,3,251.0,216.0,222.0,215.5,30.0,6555.0,18
2023-05-10 14:11:48,TA311C5500,PTA2311购5500,216.0,0.0,0.0,0.0,6,211.5,232.5,6,251.0,216.0,222.0,215.5,30.0,6555.0,18
2023-05-10 14:11:49,TA311C5500,PTA2311购5500,216.0,0.0,0.0,0.0,3,217.0,220.0,3,251.0,216.0,222.0,215.5,30.0,6555.0,18
2023-05-10 14:11:55,TA311C5500,PTA2311购5500,216.0,0.0,0.0,0.0,6,217.0,220.0,6,251.0,216.0,222.0,215.5,30.0,6555.0,18
2023-05-10 14:12:01,TA311C5500,PTA2311购5500,216.0,0.0,0.0,0.0,3,217.0,220.0,3,251.0,216.0,222.0,215.5,30.0,6555.0,18
2023-05-10 14:12:04,TA311C5500,PTA2311购5500,216.0,0.0,0.0,0.0,6,217.0,220.0,6,251.0,216.0,222.0,215.5,30.0,6555.0,18
2023-05-10 14:12:07,TA311C5500,PTA2311购5500,216.0,0.0,0.0,0.0,3,217.0,220.0,3,251.0,216.0,222.0,215.5,30.0,6555.0,18
2023-05-10 14:12:15,TA311C5500,PTA2311购5500,216.0,0.0,0.0,0.0,3,208.5,228.5,3,251.0,216.0,222.0,215.5,30.0,6555.0,18
2023-05-10 14:12:17,TA311C5500,PTA2311购5500,216.0,0.0,0.0,0.0,1,21.0,0.0,0,251.0,216.0,222.0,215.5,30.0,6555.0,18
2023-05-10 14:12:18,TA311C5500,PTA2311购5500,216.0,0.0,0.0,0.0,2,27.5,0.0,0,251.0,216.0,222.0,215.5,30.0,6555.0,18
2023-05-10 14:12:18,TA311C5500,PTA2311购5500,216.0,0.0,0.0,0.0,6,28.5,0.0,0,251.0,216.0,222.0,215.5,30.0,6555.0,18
2023-05-10 14:12:19,TA311C5500,PTA2311购5500,216.0,0.0,0.0,0.0,2,29.0,0.0,0,251.0,216.0,222.0,215.5,30.0,6555.0,18
2023-05-10 14:12:19,TA311C5500,PTA2311购5500,216.0,0.0,0.0,0.0,6,30.0,0.0,0,251.0,216.0,222.0,215.5,30.0,6555.0,18
2023-05-10 14:12:20,TA311C5500,PTA2311购5500,216.0,0.0,0.0,0.0,2,30.5,0.0,0,251.0,216.0,222.0,215.5,30.0,6555.0,18
2023-05-10 14:12:20,TA311C5500,PTA2311购5500,216.0,0.0,0.0,0.0,6,31.5,0.0,0,251.0,216.0,222.0,215.5,30.0,6555.0,18
2023-05-10 14:12:21,TA311C5500,PTA2311购5500,216.0,0.0,0.0,0.0,2,32.0,0.0,0,251.0,216.0,222.0,215.5,30.0,6555.0,18
2023-05-10 14:12:21,TA311C5500,PTA2311购5500,216.0,0.0,0.0,0.0,6,33.0,0.0,0,251.0,216.0,222.0,215.5,30.0,6555.0,18
2023-05-10 14:12:22,TA311C5500,PTA2311购5500,216.0,0.0,0.0,0.0,2,33.5,0.0,0,251.0,216.0,222.0,215.5,30.0,6555.0,18
2023-05-10 14:12:22,TA311C5500,PTA2311购5500,216.0,0.0,0.0,0.0,6,34.5,0.0,0,251.0,216.0,222.0,215.5,30.0,6555.0,18
2023-05-10 14:12:23,TA311C5500,PTA2311购5500,216.0,0.0,0.0,0.0,2,35.0,0.0,0,251.0,216.0,222.0,215.5,30.0,6555.0,18
2023-05-10 14:12:23,TA311C5500,PTA2311购5500,216.0,0.0,0.0,0.0,6,36.0,0.0,0,251.0,216.0,222.0,215.5,30.0,6555.0,18
2023-05-10 14:12:24,TA311C5500,PTA2311购5500,216.0,0.0,0.0,0.0,2,36.5,0.0,0,251.0,216.0,222.0,215.5,30.0,6555.0,18
2023-05-10 14:12:24,TA311C5500,PTA2311购5500,216.0,0.0,0.0,0.0,6,37.5,0.0,0,251.0,216.0,222.0,215.5,30.0,6555.0,18
2023-05-10 14:12:25,TA311C5500,PTA2311购5500,216.0,0.0,0.0,0.0,2,38.0,0.0,0,251.0,216.0,222.0,215.5,30.0,6555.0,18
2023-05-10 14:12:25,TA311C5500,PTA2311购5500,216.0,0.0,0.0,0.0,6,39.0,0.0,0,251.0,216.0,222.0,215.5,30.0,6555.0,18
2023-05-10 14:12:26,TA311C5500,PTA2311购5500,216.0,0.0,0.0,0.0,2,39.5,0.0,0,251.0,216.0,222.0,215.5,30.0,6555.0,18
2023-05-10 14:12:26,TA311C5500,PTA2311购5500,216.0,0.0,0.0,0.0,6,40.5,0.0,0,251.0,216.0,222.0,215.5,30.0,6555.0,18
2023-05-10 14:12:27,TA311C5500,PTA2311购5500,216.0,0.0,0.0,0.0,2,41.0,0.0,0,251.0,216.0,222.0,215.5,30.0,6555.0,18
2023-05-10 14:12:27,TA311C5500,PTA2311购5500,216.0,0.0,0.0,0.0,6,42.0,0.0,0,251.0,216.0,222.0,215.5,30.0,6555.0,18
2023-05-10 14:12:28,TA311C5500,PTA2311购5500,216.0,0.0,0.0,0.0,2,42.5,0.0,0,251.0,216.0,222.0,215.5,30.0,6555.0,18
2023-05-10 14:12:28,TA311C5500,PTA2311购5500,216.0,0.0,0.0,0.0,6,43.5,0.0,0,251.0,216.0,222.0,215.5,30.0,6555.0,18
2023-05-10 14:12:29,TA311C5500,PTA2311购5500,216.0,0.0,0.0,0.0,2,44.0,0.0,0,251.0,216.0,222.0,215.5,30.0,6555.0,18
2023-05-10 14:12:29,TA311C5500,PTA2311购5500,216.0,0.0,0.0,0.0,6,45.0,0.0,0,251.0,216.0,222.0,215.5,30.0,6555.0,18
2023-05-10 14:12:30,TA311C5500,PTA2311购5500,216.0,0.0,0.0,0.0,2,45.5,0.0,0,251.0,216.0,222.0,215.5,30.0,6555.0,18
2023-05-10 14:12:30,TA311C5500,PTA2311购5500,216.0,0.0,0.0,0.0,6,46.5,0.0,0,251.0,216.0,222.0,215.5,30.0,6555.0,18
2023-05-10 14:12:31,TA311C5500,PTA2311购5500,216.0,0.0,0.0,0.0,2,47.0,0.0,0,251.0,216.0,222.0,215.5,30.0,6555.0,18
2023-05-10 14:12:31,TA311C5500,PTA2311购5500,216.0,0.0,0.0,0.0,6,48.0,0.0,0,251.0,216.0,222.0,215.5,30.0,6555.0,18
2023-05-10 14:12:32,TA311C5500,PTA2311购5500,216.0,0.0,0.0,0.0,2,48.5,0.0,0,251.0,216.0,222.0,215.5,30.0,6555.0,18
2023-05-10 14:12:32,TA311C5500,PTA2311购5500,216.0,0.0,0.0,0.0,6,49.5,0.0,0,251.0,216.0,222.0,215.5,30.0,6555.0,18
2023-05-10 14:12:33,TA311C5500,PTA2311购5500,216.0,0.0,0.0,0.0,2,50.0,0.0,0,251.0,216.0,222.0,215.5,30.0,6555.0,18
2023-05-10 14:12:33,TA311C5500,PTA2311购5500,216.0,0.0,0.0,0.0,6,51.0,0.0,0,251.0,216.0,222.0,215.5,30.0,6555.0,18
2023-05-10 14:12:34,TA311C5500,PTA2311购5500,216.0,0.0,0.0,0.0,2,51.5,0.0,0,251.0,216.0,222.0,215.5,30.0,6555.0,18
2023-05-10 14:12:35,TA311C5500,PTA2311购5500,216.0,0.0,0.0,0.0,6,52.5,0.0,0,251.0,216.0,222.0,215.5,30.0,6555.0,18
2023-05-10 14:12:36,TA311C5500,PTA2311购5500,216.0,0.0,0.0,0.0,2,53.0,0.0,0,251.0,216.0,222.0,215.5,30.0,6555.0,18
2023-05-10 14:12:36,TA311C5500,PTA2311购5500,216.0,0.0,0.0,0.0,6,54.0,0.0,0,251.0,216.0,222.0,215.5,30.0,6555.0,18
2023-05-10 14:12:37,TA311C5500,PTA2311购5500,216.0,0.0,0.0,0.0,2,54.5,0.0,0,251.0,216.0,222.0,215.5,30.0,6555.0,18
2023-05-10 14:12:38,TA311C5500,PTA2311购5500,216.0,0.0,0.0,0.0,6,55.5,0.0,0,251.0,216.0,222.0,215.5,30.0,6555.0,18
2023-05-10 14:12:38,TA311C5500,PTA2311购5500,216.0,0.0,0.0,0.0,2,56.0,0.0,0,251.0,216.0,222.0,215.5,30.0,6555.0,18
2023-05-10 14:12:38,TA311C5500,PTA2311购5500,216.0,0.0,0.0,0.0,6,55.5,0.0,0,251.0,216.0,222.0,215.5,30.0,6555.0,18
2023-05-10 14:12:38,TA311C5500,PTA2311购5500,216.0,0.0,0.0,0.0,2,56.0,0.0,0,251.0,216.0,222.0,215.5,30.0,6555.0,18
2023-05-10 14:12:38,TA311C5500,PTA2311购5500,216.0,0.0,0.0,0.0,6,57.0,0.0,0,251.0,216.0,222.0,215.5,30.0,6555.0,18
2023-05-10 14:12:39,TA311C5500,PTA2311购5500,216.0,0.0,0.0,0.0,2,57.5,0.0,0,251.0,216.0,222.0,215.5,30.0,6555.0,18
2023-05-10 14:12:39,TA311C5500,PTA2311购5500,216.0,0.0,0.0,0.0,6,58.5,0.0,0,251.0,216.0,222.0,215.5,30.0,6555.0,18
2023-05-10 14:12:40,TA311C5500,PTA2311购5500,216.0,0.0,0.0,0.0,2,59.0,0.0,0,251.0,216.0,222.0,215.5,30.0,6555.0,18
2023-05-10 14:12:40,TA311C5500,PTA2311购5500,216.0,0.0,0.0,0.0,6,60.0,0.0,0,251.0,216.0,222.0,215.5,30.0,6555.0,18
2023-05-10 14:12:41,TA311C5500,PTA2311购5500,216.0,0.0,0.0,0.0,2,60.5,0.0,0,251.0,216.0,222.0,215.5,30.0,6555.0,18
2023-05-10 14:12:41,TA311C5500,PTA2311购5500,216.0,0.0,0.0,0.0,6,61.5,0.0,0,251.0,216.0,222.0,215.5,30.0,6555.0,18
2023-05-10 14:12:42,TA311C5500,PTA2311购5500,216.0,0.0,0.0,0.0,2,62.0,0.0,0,251.0,216.0,222.0,215.5,30.0,6555.0,18
2023-05-10 14:12:42,TA311C5500,PTA2311购5500,216.0,0.0,0.0,0.0,6,63.0,0.0,0,251.0,216.0,222.0,215.5,30.0,6555.0,18
2023-05-10 14:12:43,TA311C5500,PTA2311购5500,216.0,0.0,0.0,0.0,2,63.5,0.0,0,251.0,216.0,222.0,215.5,30.0,6555.0,18
2023-05-10 14:12:43,TA311C5500,PTA2311购5500,216.0,0.0,0.0,0.0,6,64.5,0.0,0,251.0,216.0,222.0,215.5,30.0,6555.0,18
2023-05-10 14:12:44,TA311C5500,PTA2311购5500,216.0,0.0,0.0,0.0,2,65.0,0.0,0,251.0,216.0,222.0,215.5,30.0,6555.0,18
2023-05-10 14:12:44,TA311C5500,PTA2311购5500,216.0,0.0,0.0,0.0,6,66.0,0.0,0,251.0,216.0,222.0,215.5,30.0,6555.0,18
2023-05-10 14:12:45,TA311C5500,PTA2311购5500,216.0,0.0,0.0,0.0,2,66.5,0.0,0,251.0,216.0,222.0,215.5,30.0,6555.0,18
2023-05-10 14:12:45,TA311C5500,PTA2311购5500,216.0,0.0,0.0,0.0,6,67.5,0.0,0,251.0,216.0,222.0,215.5,30.0,6555.0,18
2023-05-10 14:12:46,TA311C5500,PTA2311购5500,216.0,0.0,0.0,0.0,2,68.0,0.0,0,251.0,216.0,222.0,215.5,30.0,6555.0,18
2023-05-10 14:12:46,TA311C5500,PTA2311购5500,216.0,0.0,0.0,0.0,6,69.0,0.0,0,251.0,216.0,222.0,215.5,30.0,6555.0,18
2023-05-10 14:12:47,TA311C5500,PTA2311购5500,216.0,0.0,0.0,0.0,2,69.5,0.0,0,251.0,216.0,222.0,215.5,30.0,6555.0,18
2023-05-10 14:12:47,TA311C5500,PTA2311购5500,216.0,0.0,0.0,0.0,6,70.5,0.0,0,251.0,216.0,222.0,215.5,30.0,6555.0,18
2023-05-10 14:12:48,TA311C5500,PTA2311购5500,216.0,0.0,0.0,0.0,2,71.0,0.0,0,251.0,216.0,222.0,215.5,30.0,6555.0,18
2023-05-10 14:12:48,TA311C5500,PTA2311购5500,216.0,0.0,0.0,0.0,6,72.0,0.0,0,251.0,216.0,222.0,215.5,30.0,6555.0,18
2023-05-10 14:12:49,TA311C5500,PTA2311购5500,216.0,0.0,0.0,0.0,2,72.5,0.0,0,251.0,216.0,222.0,215.5,30.0,6555.0,18
2023-05-10 14:12:49,TA311C5500,PTA2311购5500,216.0,0.0,0.0,0.0,6,73.5,0.0,0,251.0,216.0,222.0,215.5,30.0,6555.0,18
2023-05-10 14:12:50,TA311C5500,PTA2311购5500,216.0,0.0,0.0,0.0,2,74.0,0.0,0,251.0,216.0,222.0,215.5,30.0,6555.0,18
2023-05-10 14:12:50,TA311C5500,PTA2311购5500,216.0,0.0,0.0,0.0,6,75.0,0.0,0,251.0,216.0,222.0,215.5,30.0,6555.0,18
2023-05-10 14:12:51,TA311C5500,PTA2311购5500,216.0,0.0,0.0,0.0,2,75.5,0.0,0,251.0,216.0,222.0,215.5,30.0,6555.0,18
2023-05-10 14:12:51,TA311C5500,PTA2311购5500,216.0,0.0,0.0,0.0,6,76.5,0.0,0,251.0,216.0,222.0,215.5,30.0,6555.0,18
2023-05-10 14:12:52,TA311C5500,PTA2311购5500,216.0,0.0,0.0,0.0,2,77.0,0.0,0,251.0,216.0,222.0,215.5,30.0,6555.0,18
2023-05-10 14:12:52,TA311C5500,PTA2311购5500,216.0,0.0,0.0,0.0,6,78.0,0.0,0,251.0,216.0,222.0,215.5,30.0,6555.0,18
2023-05-10 14:12:53,TA311C5500,PTA2311购5500,216.0,0.0,0.0,0.0,2,78.5,0.0,0,251.0,216.0,222.0,215.5,30.0,6555.0,18
2023-05-10 14:12:53,TA311C5500,PTA2311购5500,216.0,0.0,0.0,0.0,6,79.5,0.0,0,251.0,216.0,222.0,215.5,30.0,6555.0,18
2023-05-10 14:12:54,TA311C5500,PTA2311购5500,216.0,0.0,0.0,0.0,2,80.0,0.0,0,251.0,216.0,222.0,215.5,30.0,6555.0,18
2023-05-10 14:12:54,TA311C5500,PTA2311购5500,216.0,0.0,0.0,0.0,6,81.0,0.0,0,251.0,216.0,222.0,215.5,30.0,6555.0,18
2023-05-10 14:12:55,TA311C5500,PTA2311购5500,216.0,0.0,0.0,0.0,2,81.5,0.0,0,251.0,216.0,222.0,215.5,30.0,6555.0,18
2023-05-10 14:12:56,TA311C5500,PTA2311购5500,216.0,0.0,0.0,0.0,6,82.5,0.0,0,251.0,216.0,222.0,215.5,30.0,6555.0,18
2023-05-10 14:12:57,TA311C5500,PTA2311购5500,216.0,0.0,0.0,0.0,2,83.0,0.0,0,251.0,216.0,222.0,215.5,30.0,6555.0,18
2023-05-10 14:12:58,TA311C5500,PTA2311购5500,216.0,0.0,0.0,0.0,6,84.0,0.0,0,251.0,216.0,222.0,215.5,30.0,6555.0,18
2023-05-10 14:12:59,TA311C5500,PTA2311购5500,216.0,0.0,0.0,0.0,2,84.5,0.0,0,251.0,216.0,222.0,215.5,30.0,6555.0,18
2023-05-10 14:12:59,TA311C5500,PTA2311购5500,216.0,0.0,0.0,0.0,6,85.5,0.0,0,251.0,216.0,222.0,215.5,30.0,6555.0,18
2023-05-10 14:13:00,TA311C5500,PTA2311购5500,216.0,0.0,0.0,0.0,2,86.0,0.0,0,251.0,216.0,222.0,215.5,30.0,6555.0,18
2023-05-10 14:13:00,TA311C5500,PTA2311购5500,216.0,0.0,0.0,0.0,6,87.0,0.0,0,251.0,216.0,222.0,215.5,30.0,6555.0,18
2023-05-10 14:13:01,TA311C5500,PTA2311购5500,216.0,0.0,0.0,0.0,2,87.5,0.0,0,251.0,216.0,222.0,215.5,30.0,6555.0,18
2023-05-10 14:13:01,TA311C5500,PTA2311购5500,216.0,0.0,0.0,0.0,6,88.5,0.0,0,251.0,216.0,222.0,215.5,30.0,6555.0,18
2023-05-10 14:13:02,TA311C5500,PTA2311购5500,216.0,0.0,0.0,0.0,2,89.0,0.0,0,251.0,216.0,222.0,215.5,30.0,6555.0,18
2023-05-10 14:13:02,TA311C5500,PTA2311购5500,216.0,0.0,0.0,0.0,6,90.0,0.0,0,251.0,216.0,222.0,215.5,30.0,6555.0,18
2023-05-10 14:13:03,TA311C5500,PTA2311购5500,216.0,0.0,0.0,0.0,2,90.5,0.0,0,251.0,216.0,222.0,215.5,30.0,6555.0,18
2023-05-10 14:13:03,TA311C5500,PTA2311购5500,216.0,0.0,0.0,0.0,6,91.5,0.0,0,251.0,216.0,222.0,215.5,30.0,6555.0,18
2023-05-10 14:13:04,TA311C5500,PTA2311购5500,216.0,0.0,0.0,0.0,2,92.0,0.0,0,251.0,216.0,222.0,215.5,30.0,6555.0,18
2023-05-10 14:13:04,TA311C5500,PTA2311购5500,216.0,0.0,0.0,0.0,6,93.0,0.0,0,251.0,216.0,222.0,215.5,30.0,6555.0,18
2023-05-10 14:13:05,TA311C5500,PTA2311购5500,216.0,0.0,0.0,0.0,2,93.5,0.0,0,251.0,216.0,222.0,215.5,30.0,6555.0,18
2023-05-10 14:13:06,TA311C5500,PTA2311购5500,216.0,0.0,0.0,0.0,6,94.5,0.0,0,251.0,216.0,222.0,215.5,30.0,6555.0,18
2023-05-10 14:13:06,TA311C5500,PTA2311购5500,216.0,0.0,0.0,0.0,2,95.0,0.0,0,251.0,216.0,222.0,215.5,30.0,6555.0,18
2023-05-10 14:13:06,TA311C5500,PTA2311购5500,216.0,0.0,0.0,0.0,6,96.0,0.0,0,251.0,216.0,222.0,215.5,30.0,6555.0,18
2023-05-10 14:13:07,TA311C5500,PTA2311购5500,216.0,0.0,0.0,0.0,2,96.5,0.0,0,251.0,216.0,222.0,215.5,30.0,6555.0,18
2023-05-10 14:13:08,TA311C5500,PTA2311购5500,216.0,0.0,0.0,0.0,6,97.5,0.0,0,251.0,216.0,222.0,215.5,30.0,6555.0,18
2023-05-10 14:13:08,TA311C5500,PTA2311购5500,216.0,0.0,0.0,0.0,2,98.0,0.0,0,251.0,216.0,222.0,215.5,30.0,6555.0,18
2023-05-10 14:13:08,TA311C5500,PTA2311购5500,216.0,0.0,0.0,0.0,6,99.0,0.0,0,251.0,216.0,222.0,215.5,30.0,6555.0,18
2023-05-10 14:13:09,TA311C5500,PTA2311购5500,216.0,0.0,0.0,0.0,2,99.5,0.0,0,251.0,216.0,222.0,215.5,30.0,6555.0,18
2023-05-10 14:13:09,TA311C5500,PTA2311购5500,216.0,0.0,0.0,0.0,6,100.5,0.0,0,251.0,216.0,222.0,215.5,30.0,6555.0,18
2023-05-10 14:13:10,TA311C5500,PTA2311购5500,216.0,0.0,0.0,0.0,2,101.0,0.0,0,251.0,216.0,222.0,215.5,30.0,6555.0,18
2023-05-10 14:13:10,TA311C5500,PTA2311购5500,216.0,0.0,0.0,0.0,6,102.0,0.0,0,251.0,216.0,222.0,215.5,30.0,6555.0,18
2023-05-10 14:13:11,TA311C5500,PTA2311购5500,216.0,0.0,0.0,0.0,2,102.5,0.0,0,251.0,216.0,222.0,215.5,30.0,6555.0,18
2023-05-10 14:13:11,TA311C5500,PTA2311购5500,216.0,0.0,0.0,0.0,6,103.5,0.0,0,251.0,216.0,222.0,215.5,30.0,6555.0,18
2023-05-10 14:13:12,TA311C5500,PTA2311购5500,216.0,0.0,0.0,0.0,2,104.0,0.0,0,251.0,216.0,222.0,215.5,30.0,6555.0,18
2023-05-10 14:13:12,TA311C5500,PTA2311购5500,216.0,0.0,0.0,0.0,6,105.0,0.0,0,251.0,216.0,222.0,215.5,30.0,6555.0,18
2023-05-10 14:13:13,TA311C5500,PTA2311购5500,216.0,0.0,0.0,0.0,2,105.5,0.0,0,251.0,216.0,222.0,215.5,30.0,6555.0,18
2023-05-10 14:13:13,TA311C5500,PTA2311购5500,216.0,0.0,0.0,0.0,6,106.5,0.0,0,251.0,216.0,222.0,215.5,30.0,6555.0,18
2023-05-10 14:13:14,TA311C5500,PTA2311购5500,216.0,0.0,0.0,0.0,2,107.0,0.0,0,251.0,216.0,222.0,215.5,30.0,6555.0,18
2023-05-10 14:13:14,TA311C5500,PTA2311购5500,216.0,0.0,0.0,0.0,6,108.0,0.0,0,251.0,216.0,222.0,215.5,30.0,6555.0,18
2023-05-10 14:13:15,TA311C5500,PTA2311购5500,216.0,0.0,0.0,0.0,2,108.5,0.0,0,251.0,216.0,222.0,215.5,30.0,6555.0,18
2023-05-10 14:13:15,TA311C5500,PTA2311购5500,216.0,0.0,0.0,0.0,6,109.5,0.0,0,251.0,216.0,222.0,215.5,30.0,6555.0,18
2023-05-10 14:13:16,TA311C5500,PTA2311购5500,216.0,0.0,0.0,0.0,2,110.0,0.0,0,251.0,216.0,222.0,215.5,30.0,6555.0,18
2023-05-10 14:13:16,TA311C5500,PTA2311购5500,216.0,0.0,0.0,0.0,6,111.0,0.0,0,251.0,216.0,222.0,215.5,30.0,6555.0,18
2023-05-10 14:13:17,TA311C5500,PTA2311购5500,216.0,0.0,0.0,0.0,2,111.5,0.0,0,251.0,216.0,222.0,215.5,30.0,6555.0,18
2023-05-10 14:13:17,TA311C5500,PTA2311购5500,216.0,0.0,0.0,0.0,6,112.5,0.0,0,251.0,216.0,222.0,215.5,30.0,6555.0,18
2023-05-10 14:13:18,TA311C5500,PTA2311购5500,216.0,0.0,0.0,0.0,2,113.0,0.0,0,251.0,216.0,222.0,215.5,30.0,6555.0,18
2023-05-10 14:13:18,TA311C5500,PTA2311购5500,216.0,0.0,0.0,0.0,6,114.0,0.0,0,251.0,216.0,222.0,215.5,30.0,6555.0,18
2023-05-10 14:30:55,TA311C5500,PTA2311购5500,216.0,0.0,0.0,0.0,1,114.5,0.0,0,251.0,216.0,222.0,215.5,30.0,6555.0,18
2023-05-10 14:30:55,TA311C5500,PTA2311购5500,216.0,0.0,0.0,0.0,6,115.5,0.0,0,251.0,216.0,222.0,215.5,30.0,6555.0,18
2023-05-10 14:59:57,TA311C5500,PTA2311购5500,216.0,0.0,0.0,0.0,1,114.5,0.0,0,251.0,216.0,222.0,215.5,30.0,6555.0,18
