time,symbol_id,symbol_name,last,trade_volume,trade_amount,open_interest_change,bv1,bp1,ap1,av1,yesterday_close,today_open,today_high,today_low,volume,amount,open_interest
2023-05-09 19:10:58,TA311P5000,PTA2311沽5000,156.0,0.0,0.0,0.0,0,0.0,0.0,0,156.0,184.0,0.0,0.0,0.0,0.0,81
2023-05-09 21:00:18,TA311P5000,PTA2311沽5000,156.0,0.0,0.0,0.0,1,21.0,0.0,0,156.0,184.0,0.0,0.0,0.0,0.0,81
2023-05-09 21:00:18,TA311P5000,PTA2311沽5000,156.0,0.0,0.0,0.0,10,24.0,0.0,0,156.0,184.0,0.0,0.0,0.0,0.0,81
2023-05-09 21:00:18,TA311P5000,PTA2311沽5000,156.0,0.0,0.0,0.0,1,21.0,0.0,0,156.0,184.0,0.0,0.0,0.0,0.0,81
2023-05-09 21:00:18,TA311P5000,PTA2311沽5000,156.0,0.0,0.0,0.0,10,24.0,0.0,0,156.0,184.0,0.0,0.0,0.0,0.0,81
2023-05-09 21:01:28,TA311P5000,PTA2311沽5000,156.0,0.0,0.0,0.0,2,32.0,0.0,0,156.0,184.0,0.0,0.0,0.0,0.0,81
2023-05-09 21:01:28,TA311P5000,PTA2311沽5000,156.0,0.0,0.0,0.0,10,35.0,0.0,0,156.0,184.0,0.0,0.0,0.0,0.0,81
2023-05-09 21:01:37,TA311P5000,PTA2311沽5000,156.0,0.0,0.0,0.0,10,38.5,0.0,0,156.0,184.0,0.0,0.0,0.0,0.0,81
2023-05-09 21:01:43,TA311P5000,PTA2311沽5000,156.0,0.0,0.0,0.0,10,42.0,0.0,0,156.0,184.0,0.0,0.0,0.0,0.0,81
2023-05-09 21:01:45,TA311P5000,PTA2311沽5000,156.0,0.0,0.0,0.0,10,45.5,0.0,0,156.0,184.0,0.0,0.0,0.0,0.0,81
2023-05-09 21:01:47,TA311P5000,PTA2311沽5000,156.0,0.0,0.0,0.0,2,46.0,0.0,0,156.0,184.0,0.0,0.0,0.0,0.0,81
2023-05-09 21:01:47,TA311P5000,PTA2311沽5000,156.0,0.0,0.0,0.0,10,49.0,0.0,0,156.0,184.0,0.0,0.0,0.0,0.0,81
2023-05-09 21:01:52,TA311P5000,PTA2311沽5000,156.0,0.0,0.0,0.0,2,49.5,0.0,0,156.0,184.0,0.0,0.0,0.0,0.0,81
2023-05-09 21:01:52,TA311P5000,PTA2311沽5000,156.0,0.0,0.0,0.0,10,52.5,0.0,0,156.0,184.0,0.0,0.0,0.0,0.0,81
2023-05-09 21:01:54,TA311P5000,PTA2311沽5000,156.0,0.0,0.0,0.0,2,53.0,0.0,0,156.0,184.0,0.0,0.0,0.0,0.0,81
2023-05-09 21:01:54,TA311P5000,PTA2311沽5000,156.0,0.0,0.0,0.0,10,56.0,0.0,0,156.0,184.0,0.0,0.0,0.0,0.0,81
2023-05-09 21:01:56,TA311P5000,PTA2311沽5000,156.0,0.0,0.0,0.0,10,59.5,0.0,0,156.0,184.0,0.0,0.0,0.0,0.0,81
2023-05-09 21:02:00,TA311P5000,PTA2311沽5000,156.0,0.0,0.0,0.0,2,60.0,0.0,0,156.0,184.0,0.0,0.0,0.0,0.0,81
2023-05-09 21:02:00,TA311P5000,PTA2311沽5000,156.0,0.0,0.0,0.0,10,63.0,0.0,0,156.0,184.0,0.0,0.0,0.0,0.0,81
2023-05-09 21:02:02,TA311P5000,PTA2311沽5000,156.0,0.0,0.0,0.0,2,63.5,0.0,0,156.0,184.0,0.0,0.0,0.0,0.0,81
2023-05-09 21:02:02,TA311P5000,PTA2311沽5000,156.0,0.0,0.0,0.0,10,66.5,0.0,0,156.0,184.0,0.0,0.0,0.0,0.0,81
2023-05-09 21:02:03,TA311P5000,PTA2311沽5000,156.0,0.0,0.0,0.0,2,67.0,0.0,0,156.0,184.0,0.0,0.0,0.0,0.0,81
2023-05-09 21:02:04,TA311P5000,PTA2311沽5000,156.0,0.0,0.0,0.0,10,70.0,0.0,0,156.0,184.0,0.0,0.0,0.0,0.0,81
2023-05-09 21:02:06,TA311P5000,PTA2311沽5000,156.0,0.0,0.0,0.0,10,73.5,0.0,0,156.0,184.0,0.0,0.0,0.0,0.0,81
2023-05-09 21:02:08,TA311P5000,PTA2311沽5000,156.0,0.0,0.0,0.0,2,74.0,0.0,0,156.0,184.0,0.0,0.0,0.0,0.0,81
2023-05-09 21:02:08,TA311P5000,PTA2311沽5000,156.0,0.0,0.0,0.0,10,77.0,0.0,0,156.0,184.0,0.0,0.0,0.0,0.0,81
2023-05-09 21:02:43,TA311P5000,PTA2311沽5000,156.0,0.0,0.0,0.0,10,80.5,0.0,0,156.0,184.0,0.0,0.0,0.0,0.0,81
2023-05-09 21:12:11,TA311P5000,PTA2311沽5000,156.0,0.0,0.0,0.0,10,91.5,0.0,0,156.0,184.0,0.0,0.0,0.0,0.0,81
2023-05-09 21:12:12,TA311P5000,PTA2311沽5000,156.0,0.0,0.0,0.0,10,102.5,0.0,0,156.0,184.0,0.0,0.0,0.0,0.0,81
2023-05-09 21:12:13,TA311P5000,PTA2311沽5000,156.0,0.0,0.0,0.0,10,109.5,0.0,0,156.0,184.0,0.0,0.0,0.0,0.0,81
2023-05-09 21:12:13,TA311P5000,PTA2311沽5000,156.0,0.0,0.0,0.0,2,110.0,0.0,0,156.0,184.0,0.0,0.0,0.0,0.0,81
2023-05-09 21:12:13,TA311P5000,PTA2311沽5000,156.0,0.0,0.0,0.0,10,113.0,0.0,0,156.0,184.0,0.0,0.0,0.0,0.0,81
2023-05-09 22:32:05,TA311P5000,PTA2311沽5000,156.0,0.0,0.0,0.0,10,116.0,0.0,0,156.0,184.0,0.0,0.0,0.0,0.0,81
2023-05-09 22:50:56,TA311P5000,PTA2311沽5000,156.0,0.0,0.0,0.0,3,180.5,198.5,3,156.0,184.0,0.0,0.0,0.0,0.0,81
2023-05-09 22:50:57,TA311P5000,PTA2311沽5000,156.0,0.0,0.0,0.0,6,180.5,198.5,6,156.0,184.0,0.0,0.0,0.0,0.0,81
2023-05-09 22:50:57,TA311P5000,PTA2311沽5000,156.0,0.0,0.0,0.0,3,183.5,186.5,3,156.0,184.0,0.0,0.0,0.0,0.0,81
2023-05-09 22:50:59,TA311P5000,PTA2311沽5000,156.0,0.0,0.0,0.0,3,184.0,186.0,3,156.0,184.0,0.0,0.0,0.0,0.0,81
2023-05-09 22:51:03,TA311P5000,PTA2311沽5000,156.0,0.0,0.0,0.0,6,184.0,186.0,6,156.0,184.0,0.0,0.0,0.0,0.0,81
2023-05-09 22:51:05,TA311P5000,PTA2311沽5000,183.5,9.0,1656.0,0.0,6,183.5,186.5,3,156.0,184.0,184.0,183.5,9.0,1656.0,81
2023-05-09 22:51:05,TA311P5000,PTA2311沽5000,183.5,0.0,0.0,0.0,3,183.5,186.5,3,156.0,184.0,184.0,183.5,9.0,1656.0,81
2023-05-09 22:51:07,TA311P5000,PTA2311沽5000,183.5,0.0,0.0,0.0,3,184.0,186.5,3,156.0,184.0,184.0,183.5,9.0,1656.0,81
2023-05-09 22:51:09,TA311P5000,PTA2311沽5000,184.0,3.0,552.0,-3.0,3,183.5,186.5,3,156.0,184.0,184.0,183.5,12.0,2208.0,78
2023-05-09 22:51:09,TA311P5000,PTA2311沽5000,184.0,0.0,0.0,0.0,3,183.5,187.5,12,156.0,184.0,184.0,183.5,12.0,2208.0,78
2023-05-09 22:51:09,TA311P5000,PTA2311沽5000,184.0,0.0,0.0,0.0,3,183.5,187.5,9,156.0,184.0,184.0,183.5,12.0,2208.0,78
2023-05-09 22:51:11,TA311P5000,PTA2311沽5000,184.0,0.0,0.0,0.0,3,183.5,187.5,12,156.0,184.0,184.0,183.5,12.0,2208.0,78
2023-05-09 22:51:13,TA311P5000,PTA2311沽5000,184.0,0.0,0.0,0.0,6,183.5,187.5,15,156.0,184.0,184.0,183.5,12.0,2208.0,78
2023-05-09 22:51:15,TA311P5000,PTA2311沽5000,184.0,0.0,0.0,0.0,3,183.5,187.5,15,156.0,184.0,184.0,183.5,12.0,2208.0,78
2023-05-09 22:51:17,TA311P5000,PTA2311沽5000,184.0,0.0,0.0,0.0,3,183.5,187.5,12,156.0,184.0,184.0,183.5,12.0,2208.0,78
2023-05-09 22:51:19,TA311P5000,PTA2311沽5000,184.0,0.0,0.0,0.0,3,183.5,187.5,9,156.0,184.0,184.0,183.5,12.0,2208.0,78
2023-05-09 22:51:21,TA311P5000,PTA2311沽5000,184.0,0.0,0.0,0.0,3,183.5,187.5,6,156.0,184.0,184.0,183.5,12.0,2208.0,78
2023-05-09 22:51:21,TA311P5000,PTA2311沽5000,184.0,0.0,0.0,0.0,3,183.5,187.5,3,156.0,184.0,184.0,183.5,12.0,2208.0,78
2023-05-09 22:51:23,TA311P5000,PTA2311沽5000,184.0,0.0,0.0,0.0,3,176.5,194.5,3,156.0,184.0,184.0,183.5,12.0,2208.0,78
2023-05-09 22:51:25,TA311P5000,PTA2311沽5000,184.0,0.0,0.0,0.0,10,80.5,0.0,0,156.0,184.0,184.0,183.5,12.0,2208.0,78
2023-05-09 22:51:26,TA311P5000,PTA2311沽5000,184.0,0.0,0.0,0.0,10,84.0,0.0,0,156.0,184.0,184.0,183.5,12.0,2208.0,78
2023-05-09 22:51:27,TA311P5000,PTA2311沽5000,184.0,0.0,0.0,0.0,10,87.5,0.0,0,156.0,184.0,184.0,183.5,12.0,2208.0,78
2023-05-09 22:51:27,TA311P5000,PTA2311沽5000,184.0,0.0,0.0,0.0,10,91.0,0.0,0,156.0,184.0,184.0,183.5,12.0,2208.0,78
2023-05-09 22:51:28,TA311P5000,PTA2311沽5000,184.0,0.0,0.0,0.0,10,94.5,0.0,0,156.0,184.0,184.0,183.5,12.0,2208.0,78
2023-05-09 22:51:28,TA311P5000,PTA2311沽5000,184.0,0.0,0.0,0.0,10,98.0,0.0,0,156.0,184.0,184.0,183.5,12.0,2208.0,78
2023-05-09 22:51:29,TA311P5000,PTA2311沽5000,184.0,0.0,0.0,0.0,10,101.5,0.0,0,156.0,184.0,184.0,183.5,12.0,2208.0,78
2023-05-09 22:51:29,TA311P5000,PTA2311沽5000,184.0,0.0,0.0,0.0,10,105.0,0.0,0,156.0,184.0,184.0,183.5,12.0,2208.0,78
2023-05-09 22:51:30,TA311P5000,PTA2311沽5000,184.0,0.0,0.0,0.0,10,108.5,0.0,0,156.0,184.0,184.0,183.5,12.0,2208.0,78
2023-05-09 22:51:30,TA311P5000,PTA2311沽5000,184.0,0.0,0.0,0.0,10,112.0,0.0,0,156.0,184.0,184.0,183.5,12.0,2208.0,78
2023-05-09 22:51:31,TA311P5000,PTA2311沽5000,184.0,0.0,0.0,0.0,10,115.5,0.0,0,156.0,184.0,184.0,183.5,12.0,2208.0,78
2023-05-09 22:51:31,TA311P5000,PTA2311沽5000,184.0,0.0,0.0,0.0,10,119.0,0.0,0,156.0,184.0,184.0,183.5,12.0,2208.0,78
2023-05-09 22:51:32,TA311P5000,PTA2311沽5000,184.0,0.0,0.0,0.0,10,122.5,0.0,0,156.0,184.0,184.0,183.5,12.0,2208.0,78
2023-05-09 22:51:32,TA311P5000,PTA2311沽5000,184.0,0.0,0.0,0.0,10,126.0,0.0,0,156.0,184.0,184.0,183.5,12.0,2208.0,78
2023-05-09 22:51:33,TA311P5000,PTA2311沽5000,184.0,0.0,0.0,0.0,10,129.5,0.0,0,156.0,184.0,184.0,183.5,12.0,2208.0,78
2023-05-09 22:51:33,TA311P5000,PTA2311沽5000,184.0,0.0,0.0,0.0,10,133.0,0.0,0,156.0,184.0,184.0,183.5,12.0,2208.0,78
2023-05-09 22:51:34,TA311P5000,PTA2311沽5000,184.0,0.0,0.0,0.0,10,136.5,0.0,0,156.0,184.0,184.0,183.5,12.0,2208.0,78
2023-05-09 22:51:34,TA311P5000,PTA2311沽5000,184.0,0.0,0.0,0.0,10,140.0,0.0,0,156.0,184.0,184.0,183.5,12.0,2208.0,78
2023-05-09 22:51:35,TA311P5000,PTA2311沽5000,184.0,0.0,0.0,0.0,10,143.5,0.0,0,156.0,184.0,184.0,183.5,12.0,2208.0,78
2023-05-09 22:55:14,TA311P5000,PTA2311沽5000,184.0,0.0,0.0,0.0,10,143.0,0.0,0,156.0,184.0,184.0,183.5,12.0,2208.0,78
2023-05-09 22:57:22,TA311P5000,PTA2311沽5000,184.0,0.0,0.0,0.0,10,143.5,0.0,0,156.0,184.0,184.0,183.5,12.0,2208.0,78
2023-05-09 22:57:25,TA311P5000,PTA2311沽5000,184.0,0.0,0.0,0.0,1,140.5,0.0,0,156.0,184.0,184.0,183.5,12.0,2208.0,78
2023-05-09 22:57:47,TA311P5000,PTA2311沽5000,184.0,0.0,0.0,0.0,1,126.5,0.0,0,156.0,184.0,184.0,183.5,12.0,2208.0,78
2023-05-09 22:57:48,TA311P5000,PTA2311沽5000,184.0,0.0,0.0,0.0,1,21.0,0.0,0,156.0,184.0,184.0,183.5,12.0,2208.0,78
2023-05-09 22:59:42,TA311P5000,PTA2311沽5000,184.0,0.0,0.0,0.0,0,0.0,0.0,0,156.0,184.0,184.0,183.5,12.0,2208.0,78
2023-05-10 09:00:19,TA311P5000,PTA2311沽5000,184.0,0.0,0.0,0.0,1,20.0,0.0,0,156.0,184.0,184.0,183.5,12.0,2208.0,78
2023-05-10 09:00:19,TA311P5000,PTA2311沽5000,184.0,0.0,0.0,0.0,10,23.0,0.0,0,156.0,184.0,184.0,183.5,12.0,2208.0,78
2023-05-10 09:00:21,TA311P5000,PTA2311沽5000,184.0,0.0,0.0,0.0,6,24.0,0.0,0,156.0,184.0,184.0,183.5,12.0,2208.0,78
2023-05-10 09:00:21,TA311P5000,PTA2311沽5000,184.0,0.0,0.0,0.0,10,27.0,0.0,0,156.0,184.0,184.0,183.5,12.0,2208.0,78
2023-05-10 09:00:24,TA311P5000,PTA2311沽5000,184.0,0.0,0.0,0.0,10,31.0,0.0,0,156.0,184.0,184.0,183.5,12.0,2208.0,78
2023-05-10 09:00:27,TA311P5000,PTA2311沽5000,184.0,0.0,0.0,0.0,6,32.0,0.0,0,156.0,184.0,184.0,183.5,12.0,2208.0,78
2023-05-10 09:00:28,TA311P5000,PTA2311沽5000,184.0,0.0,0.0,0.0,10,35.0,0.0,0,156.0,184.0,184.0,183.5,12.0,2208.0,78
2023-05-10 09:00:30,TA311P5000,PTA2311沽5000,184.0,0.0,0.0,0.0,10,39.0,0.0,0,156.0,184.0,184.0,183.5,12.0,2208.0,78
2023-05-10 09:00:31,TA311P5000,PTA2311沽5000,184.0,0.0,0.0,0.0,10,43.0,0.0,0,156.0,184.0,184.0,183.5,12.0,2208.0,78
2023-05-10 09:00:32,TA311P5000,PTA2311沽5000,184.0,0.0,0.0,0.0,6,44.0,0.0,0,156.0,184.0,184.0,183.5,12.0,2208.0,78
2023-05-10 09:00:32,TA311P5000,PTA2311沽5000,184.0,0.0,0.0,0.0,10,47.0,0.0,0,156.0,184.0,184.0,183.5,12.0,2208.0,78
2023-05-10 09:00:33,TA311P5000,PTA2311沽5000,184.0,0.0,0.0,0.0,6,48.0,0.0,0,156.0,184.0,184.0,183.5,12.0,2208.0,78
2023-05-10 09:00:33,TA311P5000,PTA2311沽5000,184.0,0.0,0.0,0.0,10,51.0,0.0,0,156.0,184.0,184.0,183.5,12.0,2208.0,78
2023-05-10 09:00:34,TA311P5000,PTA2311沽5000,184.0,0.0,0.0,0.0,6,52.0,0.0,0,156.0,184.0,184.0,183.5,12.0,2208.0,78
2023-05-10 09:00:34,TA311P5000,PTA2311沽5000,184.0,0.0,0.0,0.0,10,55.0,0.0,0,156.0,184.0,184.0,183.5,12.0,2208.0,78
2023-05-10 09:00:36,TA311P5000,PTA2311沽5000,184.0,0.0,0.0,0.0,10,59.0,0.0,0,156.0,184.0,184.0,183.5,12.0,2208.0,78
2023-05-10 09:00:37,TA311P5000,PTA2311沽5000,184.0,0.0,0.0,0.0,6,60.0,0.0,0,156.0,184.0,184.0,183.5,12.0,2208.0,78
2023-05-10 09:00:38,TA311P5000,PTA2311沽5000,184.0,0.0,0.0,0.0,10,63.0,0.0,0,156.0,184.0,184.0,183.5,12.0,2208.0,78
2023-05-10 09:00:42,TA311P5000,PTA2311沽5000,184.0,0.0,0.0,0.0,6,64.0,0.0,0,156.0,184.0,184.0,183.5,12.0,2208.0,78
2023-05-10 09:00:42,TA311P5000,PTA2311沽5000,184.0,0.0,0.0,0.0,10,67.0,0.0,0,156.0,184.0,184.0,183.5,12.0,2208.0,78
2023-05-10 09:00:44,TA311P5000,PTA2311沽5000,184.0,0.0,0.0,0.0,10,71.0,0.0,0,156.0,184.0,184.0,183.5,12.0,2208.0,78
2023-05-10 09:00:45,TA311P5000,PTA2311沽5000,184.0,0.0,0.0,0.0,10,75.0,0.0,0,156.0,184.0,184.0,183.5,12.0,2208.0,78
2023-05-10 09:00:46,TA311P5000,PTA2311沽5000,184.0,0.0,0.0,0.0,6,76.0,0.0,0,156.0,184.0,184.0,183.5,12.0,2208.0,78
2023-05-10 09:00:46,TA311P5000,PTA2311沽5000,184.0,0.0,0.0,0.0,10,79.0,0.0,0,156.0,184.0,184.0,183.5,12.0,2208.0,78
2023-05-10 09:00:47,TA311P5000,PTA2311沽5000,184.0,0.0,0.0,0.0,6,80.0,0.0,0,156.0,184.0,184.0,183.5,12.0,2208.0,78
2023-05-10 09:00:47,TA311P5000,PTA2311沽5000,184.0,0.0,0.0,0.0,10,83.0,0.0,0,156.0,184.0,184.0,183.5,12.0,2208.0,78
2023-05-10 09:00:48,TA311P5000,PTA2311沽5000,184.0,0.0,0.0,0.0,6,84.0,0.0,0,156.0,184.0,184.0,183.5,12.0,2208.0,78
2023-05-10 09:00:48,TA311P5000,PTA2311沽5000,184.0,0.0,0.0,0.0,10,87.0,0.0,0,156.0,184.0,184.0,183.5,12.0,2208.0,78
2023-05-10 09:00:48,TA311P5000,PTA2311沽5000,184.0,0.0,0.0,0.0,6,84.0,0.0,0,156.0,184.0,184.0,183.5,12.0,2208.0,78
2023-05-10 09:00:48,TA311P5000,PTA2311沽5000,184.0,0.0,0.0,0.0,10,87.0,0.0,0,156.0,184.0,184.0,183.5,12.0,2208.0,78
2023-05-10 09:06:46,TA311P5000,PTA2311沽5000,184.0,0.0,0.0,0.0,10,90.0,0.0,0,156.0,184.0,184.0,183.5,12.0,2208.0,78
2023-05-10 09:18:13,TA311P5000,PTA2311沽5000,184.0,0.0,0.0,0.0,10,93.0,0.0,0,156.0,184.0,184.0,183.5,12.0,2208.0,78
2023-05-10 10:11:58,TA311P5000,PTA2311沽5000,184.0,0.0,0.0,0.0,10,96.0,0.0,0,156.0,184.0,184.0,183.5,12.0,2208.0,78
2023-05-10 10:14:30,TA311P5000,PTA2311沽5000,184.0,0.0,0.0,0.0,1,27.5,0.0,0,156.0,184.0,184.0,183.5,12.0,2208.0,78
2023-05-10 10:30:00,TA311P5000,PTA2311沽5000,184.0,0.0,0.0,0.0,10,30.5,0.0,0,156.0,184.0,184.0,183.5,12.0,2208.0,78
2023-05-10 10:30:25,TA311P5000,PTA2311沽5000,184.0,0.0,0.0,0.0,10,37.5,0.0,0,156.0,184.0,184.0,183.5,12.0,2208.0,78
2023-05-10 10:30:26,TA311P5000,PTA2311沽5000,184.0,0.0,0.0,0.0,2,38.0,0.0,0,156.0,184.0,184.0,183.5,12.0,2208.0,78
2023-05-10 10:30:26,TA311P5000,PTA2311沽5000,184.0,0.0,0.0,0.0,10,41.0,0.0,0,156.0,184.0,184.0,183.5,12.0,2208.0,78
2023-05-10 10:30:27,TA311P5000,PTA2311沽5000,184.0,0.0,0.0,0.0,10,44.5,0.0,0,156.0,184.0,184.0,183.5,12.0,2208.0,78
2023-05-10 10:30:28,TA311P5000,PTA2311沽5000,184.0,0.0,0.0,0.0,10,48.0,0.0,0,156.0,184.0,184.0,183.5,12.0,2208.0,78
2023-05-10 10:30:29,TA311P5000,PTA2311沽5000,184.0,0.0,0.0,0.0,10,51.5,0.0,0,156.0,184.0,184.0,183.5,12.0,2208.0,78
2023-05-10 10:30:30,TA311P5000,PTA2311沽5000,184.0,0.0,0.0,0.0,10,55.0,0.0,0,156.0,184.0,184.0,183.5,12.0,2208.0,78
2023-05-10 10:30:31,TA311P5000,PTA2311沽5000,184.0,0.0,0.0,0.0,10,58.5,0.0,0,156.0,184.0,184.0,183.5,12.0,2208.0,78
2023-05-10 10:30:32,TA311P5000,PTA2311沽5000,184.0,0.0,0.0,0.0,10,62.0,0.0,0,156.0,184.0,184.0,183.5,12.0,2208.0,78
2023-05-10 10:30:33,TA311P5000,PTA2311沽5000,184.0,0.0,0.0,0.0,10,65.5,0.0,0,156.0,184.0,184.0,183.5,12.0,2208.0,78
2023-05-10 10:30:34,TA311P5000,PTA2311沽5000,184.0,0.0,0.0,0.0,10,69.0,0.0,0,156.0,184.0,184.0,183.5,12.0,2208.0,78
2023-05-10 10:30:35,TA311P5000,PTA2311沽5000,184.0,0.0,0.0,0.0,10,72.5,0.0,0,156.0,184.0,184.0,183.5,12.0,2208.0,78
2023-05-10 10:30:36,TA311P5000,PTA2311沽5000,184.0,0.0,0.0,0.0,10,76.0,0.0,0,156.0,184.0,184.0,183.5,12.0,2208.0,78
2023-05-10 10:30:37,TA311P5000,PTA2311沽5000,184.0,0.0,0.0,0.0,2,76.5,0.0,0,156.0,184.0,184.0,183.5,12.0,2208.0,78
2023-05-10 10:30:37,TA311P5000,PTA2311沽5000,184.0,0.0,0.0,0.0,10,79.5,0.0,0,156.0,184.0,184.0,183.5,12.0,2208.0,78
2023-05-10 10:49:51,TA311P5000,PTA2311沽5000,184.0,0.0,0.0,0.0,10,83.0,0.0,0,156.0,184.0,184.0,183.5,12.0,2208.0,78
2023-05-10 11:18:53,TA311P5000,PTA2311沽5000,184.0,0.0,0.0,0.0,10,86.0,0.0,0,156.0,184.0,184.0,183.5,12.0,2208.0,78
2023-05-10 11:20:13,TA311P5000,PTA2311沽5000,184.0,0.0,0.0,0.0,10,89.5,0.0,0,156.0,184.0,184.0,183.5,12.0,2208.0,78
2023-05-10 11:29:00,TA311P5000,PTA2311沽5000,184.0,0.0,0.0,0.0,1,86.5,0.0,0,156.0,184.0,184.0,183.5,12.0,2208.0,78
2023-05-10 11:29:40,TA311P5000,PTA2311沽5000,184.0,0.0,0.0,0.0,1,20.0,0.0,0,156.0,184.0,184.0,183.5,12.0,2208.0,78
2023-05-10 13:30:00,TA311P5000,PTA2311沽5000,184.0,0.0,0.0,0.0,10,23.0,0.0,0,156.0,184.0,184.0,183.5,12.0,2208.0,78
2023-05-10 13:30:26,TA311P5000,PTA2311沽5000,184.0,0.0,0.0,0.0,10,26.5,0.0,0,156.0,184.0,184.0,183.5,12.0,2208.0,78
2023-05-10 13:30:28,TA311P5000,PTA2311沽5000,184.0,0.0,0.0,0.0,10,30.5,0.0,0,156.0,184.0,184.0,183.5,12.0,2208.0,78
2023-05-10 13:30:29,TA311P5000,PTA2311沽5000,184.0,0.0,0.0,0.0,10,34.5,0.0,0,156.0,184.0,184.0,183.5,12.0,2208.0,78
2023-05-10 13:30:31,TA311P5000,PTA2311沽5000,184.0,0.0,0.0,0.0,6,35.5,0.0,0,156.0,184.0,184.0,183.5,12.0,2208.0,78
2023-05-10 13:30:31,TA311P5000,PTA2311沽5000,184.0,0.0,0.0,0.0,10,38.5,0.0,0,156.0,184.0,184.0,183.5,12.0,2208.0,78
2023-05-10 13:30:33,TA311P5000,PTA2311沽5000,184.0,0.0,0.0,0.0,10,42.5,0.0,0,156.0,184.0,184.0,183.5,12.0,2208.0,78
2023-05-10 13:30:34,TA311P5000,PTA2311沽5000,184.0,0.0,0.0,0.0,6,43.5,0.0,0,156.0,184.0,184.0,183.5,12.0,2208.0,78
2023-05-10 13:30:34,TA311P5000,PTA2311沽5000,184.0,0.0,0.0,0.0,10,46.5,0.0,0,156.0,184.0,184.0,183.5,12.0,2208.0,78
2023-05-10 13:30:36,TA311P5000,PTA2311沽5000,184.0,0.0,0.0,0.0,10,50.5,0.0,0,156.0,184.0,184.0,183.5,12.0,2208.0,78
2023-05-10 13:30:38,TA311P5000,PTA2311沽5000,184.0,0.0,0.0,0.0,10,54.5,0.0,0,156.0,184.0,184.0,183.5,12.0,2208.0,78
2023-05-10 13:30:40,TA311P5000,PTA2311沽5000,184.0,0.0,0.0,0.0,6,55.5,0.0,0,156.0,184.0,184.0,183.5,12.0,2208.0,78
2023-05-10 13:30:40,TA311P5000,PTA2311沽5000,184.0,0.0,0.0,0.0,10,58.5,0.0,0,156.0,184.0,184.0,183.5,12.0,2208.0,78
2023-05-10 13:30:43,TA311P5000,PTA2311沽5000,184.0,0.0,0.0,0.0,6,59.5,0.0,0,156.0,184.0,184.0,183.5,12.0,2208.0,78
2023-05-10 13:30:43,TA311P5000,PTA2311沽5000,184.0,0.0,0.0,0.0,10,62.5,0.0,0,156.0,184.0,184.0,183.5,12.0,2208.0,78
2023-05-10 13:30:44,TA311P5000,PTA2311沽5000,184.0,0.0,0.0,0.0,10,66.5,0.0,0,156.0,184.0,184.0,183.5,12.0,2208.0,78
2023-05-10 13:30:45,TA311P5000,PTA2311沽5000,184.0,0.0,0.0,0.0,6,67.5,0.0,0,156.0,184.0,184.0,183.5,12.0,2208.0,78
2023-05-10 13:30:45,TA311P5000,PTA2311沽5000,184.0,0.0,0.0,0.0,10,70.5,0.0,0,156.0,184.0,184.0,183.5,12.0,2208.0,78
2023-05-10 13:30:46,TA311P5000,PTA2311沽5000,184.0,0.0,0.0,0.0,6,71.5,0.0,0,156.0,184.0,184.0,183.5,12.0,2208.0,78
2023-05-10 13:30:46,TA311P5000,PTA2311沽5000,184.0,0.0,0.0,0.0,10,74.5,0.0,0,156.0,184.0,184.0,183.5,12.0,2208.0,78
2023-05-10 13:30:47,TA311P5000,PTA2311沽5000,184.0,0.0,0.0,0.0,6,75.5,0.0,0,156.0,184.0,184.0,183.5,12.0,2208.0,78
2023-05-10 13:30:47,TA311P5000,PTA2311沽5000,184.0,0.0,0.0,0.0,10,78.5,0.0,0,156.0,184.0,184.0,183.5,12.0,2208.0,78
2023-05-10 13:30:48,TA311P5000,PTA2311沽5000,184.0,0.0,0.0,0.0,6,79.5,0.0,0,156.0,184.0,184.0,183.5,12.0,2208.0,78
2023-05-10 13:30:48,TA311P5000,PTA2311沽5000,184.0,0.0,0.0,0.0,10,82.5,0.0,0,156.0,184.0,184.0,183.5,12.0,2208.0,78
2023-05-10 13:30:49,TA311P5000,PTA2311沽5000,184.0,0.0,0.0,0.0,6,83.5,0.0,0,156.0,184.0,184.0,183.5,12.0,2208.0,78
2023-05-10 13:30:49,TA311P5000,PTA2311沽5000,184.0,0.0,0.0,0.0,10,86.5,0.0,0,156.0,184.0,184.0,183.5,12.0,2208.0,78
2023-05-10 13:30:49,TA311P5000,PTA2311沽5000,184.0,0.0,0.0,0.0,6,83.5,0.0,0,156.0,184.0,184.0,183.5,12.0,2208.0,78
2023-05-10 13:30:49,TA311P5000,PTA2311沽5000,184.0,0.0,0.0,0.0,10,86.5,0.0,0,156.0,184.0,184.0,183.5,12.0,2208.0,78
2023-05-10 13:49:40,TA311P5000,PTA2311沽5000,184.0,0.0,0.0,0.0,10,89.5,0.0,0,156.0,184.0,184.0,183.5,12.0,2208.0,78
2023-05-10 14:00:26,TA311P5000,PTA2311沽5000,184.0,0.0,0.0,0.0,10,93.0,0.0,0,156.0,184.0,184.0,183.5,12.0,2208.0,78
2023-05-10 14:06:46,TA311P5000,PTA2311沽5000,184.0,0.0,0.0,0.0,10,96.0,0.0,0,156.0,184.0,184.0,183.5,12.0,2208.0,78
2023-05-10 14:11:47,TA311P5000,PTA2311沽5000,184.0,0.0,0.0,0.0,3,172.0,190.0,3,156.0,184.0,184.0,183.5,12.0,2208.0,78
2023-05-10 14:11:48,TA311P5000,PTA2311沽5000,184.0,0.0,0.0,0.0,6,172.0,190.0,6,156.0,184.0,184.0,183.5,12.0,2208.0,78
2023-05-10 14:11:48,TA311P5000,PTA2311沽5000,184.0,0.0,0.0,0.0,3,172.0,190.0,3,156.0,184.0,184.0,183.5,12.0,2208.0,78
2023-05-10 14:11:49,TA311P5000,PTA2311沽5000,184.0,0.0,0.0,0.0,3,178.0,181.0,3,156.0,184.0,184.0,183.5,12.0,2208.0,78
2023-05-10 14:11:55,TA311P5000,PTA2311沽5000,184.0,0.0,0.0,0.0,6,178.0,181.0,6,156.0,184.0,184.0,183.5,12.0,2208.0,78
2023-05-10 14:12:01,TA311P5000,PTA2311沽5000,184.0,0.0,0.0,0.0,3,178.0,181.0,3,156.0,184.0,184.0,183.5,12.0,2208.0,78
2023-05-10 14:12:04,TA311P5000,PTA2311沽5000,184.0,0.0,0.0,0.0,6,178.0,181.0,6,156.0,184.0,184.0,183.5,12.0,2208.0,78
2023-05-10 14:12:07,TA311P5000,PTA2311沽5000,184.0,0.0,0.0,0.0,3,178.0,181.0,3,156.0,184.0,184.0,183.5,12.0,2208.0,78
2023-05-10 14:12:15,TA311P5000,PTA2311沽5000,184.0,0.0,0.0,0.0,3,170.5,188.5,3,156.0,184.0,184.0,183.5,12.0,2208.0,78
2023-05-10 14:12:17,TA311P5000,PTA2311沽5000,184.0,0.0,0.0,0.0,10,93.0,0.0,0,156.0,184.0,184.0,183.5,12.0,2208.0,78
2023-05-10 14:13:38,TA311P5000,PTA2311沽5000,184.0,0.0,0.0,0.0,10,96.0,0.0,0,156.0,184.0,184.0,183.5,12.0,2208.0,78
2023-05-10 14:30:55,TA311P5000,PTA2311沽5000,184.0,0.0,0.0,0.0,10,99.5,0.0,0,156.0,184.0,184.0,183.5,12.0,2208.0,78
2023-05-10 14:34:07,TA311P5000,PTA2311沽5000,184.0,0.0,0.0,0.0,10,102.5,0.0,0,156.0,184.0,184.0,183.5,12.0,2208.0,78
2023-05-10 14:49:26,TA311P5000,PTA2311沽5000,184.0,0.0,0.0,0.0,10,105.5,0.0,0,156.0,184.0,184.0,183.5,12.0,2208.0,78
2023-05-10 14:58:00,TA311P5000,PTA2311沽5000,184.0,0.0,0.0,0.0,1,96.5,0.0,0,156.0,184.0,184.0,183.5,12.0,2208.0,78
