time,symbol_id,symbol_name,last,trade_volume,trade_amount,open_interest_change,bv1,bp1,ap1,av1,yesterday_close,today_open,today_high,today_low,volume,amount,open_interest
2023-05-09 19:10:58,TA401C5000,TA401C5000,493.5,0.0,0.0,0.0,0,0.0,0.0,0,493.5,0.0,0.0,0.0,0.0,0.0,29
2023-05-09 21:00:00,TA401C5000,TA401C5000,493.5,0.0,0.0,0.0,1,388.5,598.5,1,493.5,0.0,0.0,0.0,0.0,0.0,29
2023-05-09 21:01:11,TA401C5000,TA401C5000,493.5,0.0,0.0,0.0,1,388.5,499.0,5,493.5,0.0,0.0,0.0,0.0,0.0,29
2023-05-09 21:01:12,TA401C5000,TA401C5000,493.5,0.0,0.0,0.0,5,491.5,499.0,5,493.5,0.0,0.0,0.0,0.0,0.0,29
2023-05-09 21:01:36,TA401C5000,TA401C5000,493.5,0.0,0.0,0.0,5,491.5,598.5,1,493.5,0.0,0.0,0.0,0.0,0.0,29
2023-05-09 21:01:39,TA401C5000,TA401C5000,493.5,0.0,0.0,0.0,5,491.5,501.0,5,493.5,0.0,0.0,0.0,0.0,0.0,29
2023-05-09 21:01:46,TA401C5000,TA401C5000,493.5,0.0,0.0,0.0,5,491.5,498.0,5,493.5,0.0,0.0,0.0,0.0,0.0,29
2023-05-09 21:01:51,TA401C5000,TA401C5000,493.5,0.0,0.0,0.0,1,388.5,498.0,5,493.5,0.0,0.0,0.0,0.0,0.0,29
2023-05-09 21:01:57,TA401C5000,TA401C5000,493.5,0.0,0.0,0.0,5,489.0,498.0,5,493.5,0.0,0.0,0.0,0.0,0.0,29
2023-05-09 21:02:25,TA401C5000,TA401C5000,493.5,0.0,0.0,0.0,5,491.0,498.0,5,493.5,0.0,0.0,0.0,0.0,0.0,29
2023-05-09 21:02:43,TA401C5000,TA401C5000,493.5,0.0,0.0,0.0,5,489.0,498.0,5,493.5,0.0,0.0,0.0,0.0,0.0,29
2023-05-09 21:02:45,TA401C5000,TA401C5000,493.5,0.0,0.0,0.0,5,489.0,495.5,5,493.5,0.0,0.0,0.0,0.0,0.0,29
2023-05-09 21:04:15,TA401C5000,TA401C5000,493.5,0.0,0.0,0.0,5,486.5,495.5,5,493.5,0.0,0.0,0.0,0.0,0.0,29
2023-05-09 21:04:25,TA401C5000,TA401C5000,493.5,0.0,0.0,0.0,5,486.5,492.5,5,493.5,0.0,0.0,0.0,0.0,0.0,29
2023-05-09 21:05:12,TA401C5000,TA401C5000,493.5,0.0,0.0,0.0,5,486.5,495.5,5,493.5,0.0,0.0,0.0,0.0,0.0,29
2023-05-09 21:05:42,TA401C5000,TA401C5000,493.5,0.0,0.0,0.0,5,486.5,493.5,5,493.5,0.0,0.0,0.0,0.0,0.0,29
2023-05-09 21:05:55,TA401C5000,TA401C5000,493.5,0.0,0.0,0.0,5,488.5,493.5,5,493.5,0.0,0.0,0.0,0.0,0.0,29
2023-05-09 21:05:59,TA401C5000,TA401C5000,493.5,0.0,0.0,0.0,5,488.5,495.5,5,493.5,0.0,0.0,0.0,0.0,0.0,29
2023-05-09 21:06:04,TA401C5000,TA401C5000,493.5,0.0,0.0,0.0,5,488.5,598.5,1,493.5,0.0,0.0,0.0,0.0,0.0,29
2023-05-09 21:06:05,TA401C5000,TA401C5000,493.5,0.0,0.0,0.0,5,491.0,598.5,1,493.5,0.0,0.0,0.0,0.0,0.0,29
2023-05-09 21:06:08,TA401C5000,TA401C5000,493.5,0.0,0.0,0.0,5,491.0,498.5,5,493.5,0.0,0.0,0.0,0.0,0.0,29
2023-05-09 21:06:16,TA401C5000,TA401C5000,493.5,0.0,0.0,0.0,5,491.0,496.5,5,493.5,0.0,0.0,0.0,0.0,0.0,29
2023-05-09 21:06:22,TA401C5000,TA401C5000,493.5,0.0,0.0,0.0,5,488.5,496.5,5,493.5,0.0,0.0,0.0,0.0,0.0,29
2023-05-09 21:06:28,TA401C5000,TA401C5000,493.5,0.0,0.0,0.0,5,488.5,494.5,5,493.5,0.0,0.0,0.0,0.0,0.0,29
2023-05-09 21:06:30,TA401C5000,TA401C5000,493.5,0.0,0.0,0.0,1,388.5,494.5,5,493.5,0.0,0.0,0.0,0.0,0.0,29
2023-05-09 21:06:31,TA401C5000,TA401C5000,493.5,0.0,0.0,0.0,5,486.5,494.5,5,493.5,0.0,0.0,0.0,0.0,0.0,29
2023-05-09 21:07:15,TA401C5000,TA401C5000,493.5,0.0,0.0,0.0,5,486.5,492.5,5,493.5,0.0,0.0,0.0,0.0,0.0,29
2023-05-09 21:07:17,TA401C5000,TA401C5000,493.5,0.0,0.0,0.0,1,388.5,492.5,5,493.5,0.0,0.0,0.0,0.0,0.0,29
2023-05-09 21:07:18,TA401C5000,TA401C5000,493.5,0.0,0.0,0.0,5,484.0,492.5,5,493.5,0.0,0.0,0.0,0.0,0.0,29
2023-05-09 21:07:21,TA401C5000,TA401C5000,493.5,0.0,0.0,0.0,5,485.5,492.5,5,493.5,0.0,0.0,0.0,0.0,0.0,29
2023-05-09 21:07:40,TA401C5000,TA401C5000,493.5,0.0,0.0,0.0,5,484.0,492.5,5,493.5,0.0,0.0,0.0,0.0,0.0,29
2023-05-09 21:07:43,TA401C5000,TA401C5000,493.5,0.0,0.0,0.0,5,484.0,490.5,5,493.5,0.0,0.0,0.0,0.0,0.0,29
2023-05-09 21:07:49,TA401C5000,TA401C5000,493.5,0.0,0.0,0.0,1,388.5,490.5,5,493.5,0.0,0.0,0.0,0.0,0.0,29
2023-05-09 21:07:51,TA401C5000,TA401C5000,493.5,0.0,0.0,0.0,5,483.0,490.5,5,493.5,0.0,0.0,0.0,0.0,0.0,29
2023-05-09 21:07:57,TA401C5000,TA401C5000,493.5,0.0,0.0,0.0,5,484.5,490.5,5,493.5,0.0,0.0,0.0,0.0,0.0,29
2023-05-09 21:07:58,TA401C5000,TA401C5000,493.5,0.0,0.0,0.0,5,484.5,492.5,5,493.5,0.0,0.0,0.0,0.0,0.0,29
2023-05-09 21:08:01,TA401C5000,TA401C5000,493.5,0.0,0.0,0.0,5,486.5,492.5,5,493.5,0.0,0.0,0.0,0.0,0.0,29
2023-05-09 21:08:07,TA401C5000,TA401C5000,493.5,0.0,0.0,0.0,5,486.5,598.5,1,493.5,0.0,0.0,0.0,0.0,0.0,29
2023-05-09 21:08:09,TA401C5000,TA401C5000,493.5,0.0,0.0,0.0,5,486.5,494.5,5,493.5,0.0,0.0,0.0,0.0,0.0,29
2023-05-09 21:08:14,TA401C5000,TA401C5000,493.5,0.0,0.0,0.0,5,486.5,492.0,5,493.5,0.0,0.0,0.0,0.0,0.0,29
2023-05-09 21:08:15,TA401C5000,TA401C5000,493.5,0.0,0.0,0.0,5,484.5,492.0,5,493.5,0.0,0.0,0.0,0.0,0.0,29
2023-05-09 21:08:44,TA401C5000,TA401C5000,493.5,0.0,0.0,0.0,5,486.0,492.0,5,493.5,0.0,0.0,0.0,0.0,0.0,29
2023-05-09 21:08:52,TA401C5000,TA401C5000,493.5,0.0,0.0,0.0,5,484.5,492.0,5,493.5,0.0,0.0,0.0,0.0,0.0,29
2023-05-09 21:09:20,TA401C5000,TA401C5000,493.5,0.0,0.0,0.0,5,484.5,490.0,5,493.5,0.0,0.0,0.0,0.0,0.0,29
2023-05-09 21:09:34,TA401C5000,TA401C5000,493.5,0.0,0.0,0.0,5,484.5,492.0,5,493.5,0.0,0.0,0.0,0.0,0.0,29
2023-05-09 21:09:39,TA401C5000,TA401C5000,493.5,0.0,0.0,0.0,5,486.0,492.0,5,493.5,0.0,0.0,0.0,0.0,0.0,29
2023-05-09 21:09:48,TA401C5000,TA401C5000,493.5,0.0,0.0,0.0,5,484.5,492.0,5,493.5,0.0,0.0,0.0,0.0,0.0,29
2023-05-09 21:09:51,TA401C5000,TA401C5000,493.5,0.0,0.0,0.0,1,388.5,490.0,5,493.5,0.0,0.0,0.0,0.0,0.0,29
2023-05-09 21:09:53,TA401C5000,TA401C5000,493.5,0.0,0.0,0.0,5,482.0,490.0,5,493.5,0.0,0.0,0.0,0.0,0.0,29
2023-05-09 21:10:04,TA401C5000,TA401C5000,493.5,0.0,0.0,0.0,5,484.0,490.0,5,493.5,0.0,0.0,0.0,0.0,0.0,29
2023-05-09 21:10:45,TA401C5000,TA401C5000,493.5,0.0,0.0,0.0,5,482.0,490.0,5,493.5,0.0,0.0,0.0,0.0,0.0,29
2023-05-09 21:11:20,TA401C5000,TA401C5000,493.5,0.0,0.0,0.0,5,483.5,490.0,5,493.5,0.0,0.0,0.0,0.0,0.0,29
2023-05-09 21:12:50,TA401C5000,TA401C5000,493.5,0.0,0.0,0.0,5,485.0,492.0,5,493.5,0.0,0.0,0.0,0.0,0.0,29
2023-05-09 21:13:03,TA401C5000,TA401C5000,493.5,0.0,0.0,0.0,5,485.0,490.5,5,493.5,0.0,0.0,0.0,0.0,0.0,29
2023-05-09 21:13:04,TA401C5000,TA401C5000,493.5,0.0,0.0,0.0,5,483.5,490.5,5,493.5,0.0,0.0,0.0,0.0,0.0,29
2023-05-09 21:13:16,TA401C5000,TA401C5000,493.5,0.0,0.0,0.0,5,485.5,490.5,5,493.5,0.0,0.0,0.0,0.0,0.0,29
2023-05-09 21:13:26,TA401C5000,TA401C5000,493.5,0.0,0.0,0.0,5,485.5,492.0,5,493.5,0.0,0.0,0.0,0.0,0.0,29
2023-05-09 21:13:30,TA401C5000,TA401C5000,493.5,0.0,0.0,0.0,5,485.5,598.5,1,493.5,0.0,0.0,0.0,0.0,0.0,29
2023-05-09 21:13:30,TA401C5000,TA401C5000,493.5,0.0,0.0,0.0,5,487.5,598.5,1,493.5,0.0,0.0,0.0,0.0,0.0,29
2023-05-09 21:13:32,TA401C5000,TA401C5000,493.5,0.0,0.0,0.0,5,487.5,494.5,5,493.5,0.0,0.0,0.0,0.0,0.0,29
2023-05-09 21:14:23,TA401C5000,TA401C5000,493.5,0.0,0.0,0.0,5,489.5,494.5,5,493.5,0.0,0.0,0.0,0.0,0.0,29
2023-05-09 21:14:37,TA401C5000,TA401C5000,493.5,0.0,0.0,0.0,5,489.5,598.5,1,493.5,0.0,0.0,0.0,0.0,0.0,29
2023-05-09 21:14:39,TA401C5000,TA401C5000,493.5,0.0,0.0,0.0,5,489.5,496.5,5,493.5,0.0,0.0,0.0,0.0,0.0,29
2023-05-09 21:14:54,TA401C5000,TA401C5000,493.5,0.0,0.0,0.0,5,489.5,494.5,5,493.5,0.0,0.0,0.0,0.0,0.0,29
2023-05-09 21:14:54,TA401C5000,TA401C5000,493.5,0.0,0.0,0.0,5,487.5,494.5,5,493.5,0.0,0.0,0.0,0.0,0.0,29
2023-05-09 21:14:56,TA401C5000,TA401C5000,493.5,0.0,0.0,0.0,5,489.5,494.5,5,493.5,0.0,0.0,0.0,0.0,0.0,29
2023-05-09 21:14:56,TA401C5000,TA401C5000,493.5,0.0,0.0,0.0,5,489.5,496.5,5,493.5,0.0,0.0,0.0,0.0,0.0,29
2023-05-09 21:15:04,TA401C5000,TA401C5000,493.5,0.0,0.0,0.0,5,491.5,598.5,1,493.5,0.0,0.0,0.0,0.0,0.0,29
2023-05-09 21:15:06,TA401C5000,TA401C5000,493.5,0.0,0.0,0.0,5,491.5,500.0,5,493.5,0.0,0.0,0.0,0.0,0.0,29
2023-05-09 21:15:10,TA401C5000,TA401C5000,493.5,0.0,0.0,0.0,5,489.5,498.0,5,493.5,0.0,0.0,0.0,0.0,0.0,29
2023-05-09 21:15:17,TA401C5000,TA401C5000,493.5,0.0,0.0,0.0,5,489.5,496.0,5,493.5,0.0,0.0,0.0,0.0,0.0,29
2023-05-09 21:15:27,TA401C5000,TA401C5000,493.5,0.0,0.0,0.0,5,489.5,498.0,5,493.5,0.0,0.0,0.0,0.0,0.0,29
2023-05-09 21:15:28,TA401C5000,TA401C5000,493.5,0.0,0.0,0.0,5,492.0,498.0,5,493.5,0.0,0.0,0.0,0.0,0.0,29
2023-05-09 21:16:18,TA401C5000,TA401C5000,493.5,0.0,0.0,0.0,5,492.0,500.5,5,493.5,0.0,0.0,0.0,0.0,0.0,29
2023-05-09 21:16:20,TA401C5000,TA401C5000,493.5,0.0,0.0,0.0,5,494.0,500.5,5,493.5,0.0,0.0,0.0,0.0,0.0,29
2023-05-09 21:16:41,TA401C5000,TA401C5000,493.5,0.0,0.0,0.0,5,494.0,598.5,1,493.5,0.0,0.0,0.0,0.0,0.0,29
2023-05-09 21:16:42,TA401C5000,TA401C5000,493.5,0.0,0.0,0.0,5,494.0,503.5,5,493.5,0.0,0.0,0.0,0.0,0.0,29
2023-05-09 21:16:46,TA401C5000,TA401C5000,493.5,0.0,0.0,0.0,5,494.0,501.0,5,493.5,0.0,0.0,0.0,0.0,0.0,29
2023-05-09 21:17:03,TA401C5000,TA401C5000,493.5,0.0,0.0,0.0,5,494.0,499.0,5,493.5,0.0,0.0,0.0,0.0,0.0,29
2023-05-09 21:17:24,TA401C5000,TA401C5000,493.5,0.0,0.0,0.0,5,492.0,499.0,5,493.5,0.0,0.0,0.0,0.0,0.0,29
2023-05-09 21:18:08,TA401C5000,TA401C5000,493.5,0.0,0.0,0.0,5,492.0,497.0,5,493.5,0.0,0.0,0.0,0.0,0.0,29
2023-05-09 21:18:38,TA401C5000,TA401C5000,493.5,0.0,0.0,0.0,5,489.0,497.0,5,493.5,0.0,0.0,0.0,0.0,0.0,29
2023-05-09 21:19:00,TA401C5000,TA401C5000,493.5,0.0,0.0,0.0,5,489.0,495.0,5,493.5,0.0,0.0,0.0,0.0,0.0,29
2023-05-09 21:20:36,TA401C5000,TA401C5000,493.5,0.0,0.0,0.0,1,388.5,495.0,5,493.5,0.0,0.0,0.0,0.0,0.0,29
2023-05-09 21:20:39,TA401C5000,TA401C5000,493.5,0.0,0.0,0.0,1,388.5,492.5,5,493.5,0.0,0.0,0.0,0.0,0.0,29
2023-05-09 21:20:40,TA401C5000,TA401C5000,493.5,0.0,0.0,0.0,5,485.5,492.5,5,493.5,0.0,0.0,0.0,0.0,0.0,29
2023-05-09 21:21:03,TA401C5000,TA401C5000,493.5,0.0,0.0,0.0,5,485.5,490.5,5,493.5,0.0,0.0,0.0,0.0,0.0,29
2023-05-09 21:21:03,TA401C5000,TA401C5000,493.5,0.0,0.0,0.0,1,388.5,490.5,5,493.5,0.0,0.0,0.0,0.0,0.0,29
2023-05-09 21:21:05,TA401C5000,TA401C5000,493.5,0.0,0.0,0.0,5,482.0,490.5,5,493.5,0.0,0.0,0.0,0.0,0.0,29
2023-05-09 21:21:12,TA401C5000,TA401C5000,493.5,0.0,0.0,0.0,5,482.0,489.0,5,493.5,0.0,0.0,0.0,0.0,0.0,29
2023-05-09 21:21:23,TA401C5000,TA401C5000,493.5,0.0,0.0,0.0,5,482.0,487.5,5,493.5,0.0,0.0,0.0,0.0,0.0,29
2023-05-09 21:21:25,TA401C5000,TA401C5000,493.5,0.0,0.0,0.0,1,388.5,487.5,5,493.5,0.0,0.0,0.0,0.0,0.0,29
2023-05-09 21:21:27,TA401C5000,TA401C5000,493.5,0.0,0.0,0.0,5,480.0,487.5,5,493.5,0.0,0.0,0.0,0.0,0.0,29
2023-05-09 21:21:33,TA401C5000,TA401C5000,493.5,0.0,0.0,0.0,5,480.0,486.0,5,493.5,0.0,0.0,0.0,0.0,0.0,29
2023-05-09 21:21:48,TA401C5000,TA401C5000,493.5,0.0,0.0,0.0,1,388.5,486.0,5,493.5,0.0,0.0,0.0,0.0,0.0,29
2023-05-09 21:21:51,TA401C5000,TA401C5000,493.5,0.0,0.0,0.0,1,388.5,484.0,5,493.5,0.0,0.0,0.0,0.0,0.0,29
2023-05-09 21:21:54,TA401C5000,TA401C5000,493.5,0.0,0.0,0.0,5,476.5,484.0,5,493.5,0.0,0.0,0.0,0.0,0.0,29
2023-05-09 21:22:01,TA401C5000,TA401C5000,493.5,0.0,0.0,0.0,5,476.5,481.5,5,493.5,0.0,0.0,0.0,0.0,0.0,29
2023-05-09 21:22:07,TA401C5000,TA401C5000,493.5,0.0,0.0,0.0,1,388.5,481.5,5,493.5,0.0,0.0,0.0,0.0,0.0,29
2023-05-09 21:22:10,TA401C5000,TA401C5000,493.5,0.0,0.0,0.0,5,474.0,481.5,5,493.5,0.0,0.0,0.0,0.0,0.0,29
2023-05-09 21:23:06,TA401C5000,TA401C5000,493.5,0.0,0.0,0.0,5,474.0,480.0,5,493.5,0.0,0.0,0.0,0.0,0.0,29
2023-05-09 21:23:32,TA401C5000,TA401C5000,493.5,0.0,0.0,0.0,5,474.0,481.5,5,493.5,0.0,0.0,0.0,0.0,0.0,29
2023-05-09 21:23:46,TA401C5000,TA401C5000,493.5,0.0,0.0,0.0,5,476.0,481.5,5,493.5,0.0,0.0,0.0,0.0,0.0,29
2023-05-09 21:23:49,TA401C5000,TA401C5000,493.5,0.0,0.0,0.0,5,476.0,598.5,1,493.5,0.0,0.0,0.0,0.0,0.0,29
2023-05-09 21:23:51,TA401C5000,TA401C5000,493.5,0.0,0.0,0.0,5,476.0,483.5,5,493.5,0.0,0.0,0.0,0.0,0.0,29
2023-05-09 21:24:13,TA401C5000,TA401C5000,493.5,0.0,0.0,0.0,5,476.0,481.5,5,493.5,0.0,0.0,0.0,0.0,0.0,29
2023-05-09 21:25:01,TA401C5000,TA401C5000,493.5,0.0,0.0,0.0,5,476.0,483.5,5,493.5,0.0,0.0,0.0,0.0,0.0,29
2023-05-09 21:25:10,TA401C5000,TA401C5000,493.5,0.0,0.0,0.0,5,476.0,482.0,5,493.5,0.0,0.0,0.0,0.0,0.0,29
2023-05-09 21:26:55,TA401C5000,TA401C5000,493.5,0.0,0.0,0.0,5,474.0,479.5,5,493.5,0.0,0.0,0.0,0.0,0.0,29
2023-05-09 21:27:14,TA401C5000,TA401C5000,493.5,0.0,0.0,0.0,5,474.0,482.0,5,493.5,0.0,0.0,0.0,0.0,0.0,29
2023-05-09 21:28:21,TA401C5000,TA401C5000,493.5,0.0,0.0,0.0,5,475.5,482.0,5,493.5,0.0,0.0,0.0,0.0,0.0,29
2023-05-09 21:29:50,TA401C5000,TA401C5000,493.5,0.0,0.0,0.0,5,474.0,482.0,5,493.5,0.0,0.0,0.0,0.0,0.0,29
2023-05-09 21:29:52,TA401C5000,TA401C5000,493.5,0.0,0.0,0.0,5,474.0,480.0,5,493.5,0.0,0.0,0.0,0.0,0.0,29
2023-05-09 21:30:29,TA401C5000,TA401C5000,493.5,0.0,0.0,0.0,1,388.5,480.0,5,493.5,0.0,0.0,0.0,0.0,0.0,29
2023-05-09 21:30:30,TA401C5000,TA401C5000,493.5,0.0,0.0,0.0,5,472.0,480.0,5,493.5,0.0,0.0,0.0,0.0,0.0,29
2023-05-09 21:30:49,TA401C5000,TA401C5000,493.5,0.0,0.0,0.0,5,472.0,478.0,5,493.5,0.0,0.0,0.0,0.0,0.0,29
2023-05-09 21:30:55,TA401C5000,TA401C5000,493.5,0.0,0.0,0.0,1,388.5,478.0,5,493.5,0.0,0.0,0.0,0.0,0.0,29
2023-05-09 21:30:58,TA401C5000,TA401C5000,493.5,0.0,0.0,0.0,1,388.5,476.0,5,493.5,0.0,0.0,0.0,0.0,0.0,29
2023-05-09 21:30:58,TA401C5000,TA401C5000,493.5,0.0,0.0,0.0,5,469.0,476.0,5,493.5,0.0,0.0,0.0,0.0,0.0,29
2023-05-09 21:31:09,TA401C5000,TA401C5000,493.5,0.0,0.0,0.0,5,470.5,476.0,5,493.5,0.0,0.0,0.0,0.0,0.0,29
2023-05-09 21:32:05,TA401C5000,TA401C5000,493.5,0.0,0.0,0.0,5,469.0,476.0,5,493.5,0.0,0.0,0.0,0.0,0.0,29
2023-05-09 21:32:12,TA401C5000,TA401C5000,493.5,0.0,0.0,0.0,5,469.0,474.0,5,493.5,0.0,0.0,0.0,0.0,0.0,29
2023-05-09 21:32:13,TA401C5000,TA401C5000,493.5,0.0,0.0,0.0,1,388.5,474.0,5,493.5,0.0,0.0,0.0,0.0,0.0,29
2023-05-09 21:32:14,TA401C5000,TA401C5000,493.5,0.0,0.0,0.0,5,467.0,474.0,5,493.5,0.0,0.0,0.0,0.0,0.0,29
2023-05-09 21:33:20,TA401C5000,TA401C5000,493.5,0.0,0.0,0.0,5,467.0,472.5,5,493.5,0.0,0.0,0.0,0.0,0.0,29
2023-05-09 21:33:34,TA401C5000,TA401C5000,493.5,0.0,0.0,0.0,1,388.5,472.5,5,493.5,0.0,0.0,0.0,0.0,0.0,29
2023-05-09 21:33:35,TA401C5000,TA401C5000,493.5,0.0,0.0,0.0,5,464.0,472.5,5,493.5,0.0,0.0,0.0,0.0,0.0,29
2023-05-09 21:33:48,TA401C5000,TA401C5000,493.5,0.0,0.0,0.0,5,465.5,472.5,5,493.5,0.0,0.0,0.0,0.0,0.0,29
2023-05-09 21:34:19,TA401C5000,TA401C5000,493.5,0.0,0.0,0.0,5,467.0,472.5,5,493.5,0.0,0.0,0.0,0.0,0.0,29
2023-05-09 21:34:21,TA401C5000,TA401C5000,493.5,0.0,0.0,0.0,5,467.0,474.0,5,493.5,0.0,0.0,0.0,0.0,0.0,29
2023-05-09 21:34:41,TA401C5000,TA401C5000,493.5,0.0,0.0,0.0,5,468.5,474.0,5,493.5,0.0,0.0,0.0,0.0,0.0,29
2023-05-09 21:34:45,TA401C5000,TA401C5000,493.5,0.0,0.0,0.0,5,468.5,598.5,1,493.5,0.0,0.0,0.0,0.0,0.0,29
2023-05-09 21:34:45,TA401C5000,TA401C5000,493.5,0.0,0.0,0.0,5,468.5,551.0,1,493.5,0.0,0.0,0.0,0.0,0.0,29
2023-05-09 21:34:47,TA401C5000,TA401C5000,493.5,0.0,0.0,0.0,5,468.5,476.5,5,493.5,0.0,0.0,0.0,0.0,0.0,29
2023-05-09 21:34:53,TA401C5000,TA401C5000,493.5,0.0,0.0,0.0,5,470.0,476.5,5,493.5,0.0,0.0,0.0,0.0,0.0,29
2023-05-09 21:38:32,TA401C5000,TA401C5000,493.5,0.0,0.0,0.0,5,470.0,475.0,5,493.5,0.0,0.0,0.0,0.0,0.0,29
2023-05-09 21:41:18,TA401C5000,TA401C5000,493.5,0.0,0.0,0.0,5,468.5,475.0,5,493.5,0.0,0.0,0.0,0.0,0.0,29
2023-05-09 21:42:42,TA401C5000,TA401C5000,493.5,0.0,0.0,0.0,5,470.0,475.0,5,493.5,0.0,0.0,0.0,0.0,0.0,29
2023-05-09 21:42:43,TA401C5000,TA401C5000,493.5,0.0,0.0,0.0,5,470.0,476.5,5,493.5,0.0,0.0,0.0,0.0,0.0,29
2023-05-09 21:42:50,TA401C5000,TA401C5000,493.5,0.0,0.0,0.0,5,472.0,476.5,5,493.5,0.0,0.0,0.0,0.0,0.0,29
2023-05-09 21:42:51,TA401C5000,TA401C5000,493.5,0.0,0.0,0.0,5,472.0,551.0,1,493.5,0.0,0.0,0.0,0.0,0.0,29
2023-05-09 21:42:52,TA401C5000,TA401C5000,493.5,0.0,0.0,0.0,5,472.0,478.5,5,493.5,0.0,0.0,0.0,0.0,0.0,29
2023-05-09 21:43:01,TA401C5000,TA401C5000,493.5,0.0,0.0,0.0,5,473.5,478.5,5,493.5,0.0,0.0,0.0,0.0,0.0,29
2023-05-09 21:43:22,TA401C5000,TA401C5000,493.5,0.0,0.0,0.0,5,472.0,478.5,5,493.5,0.0,0.0,0.0,0.0,0.0,29
2023-05-09 21:43:27,TA401C5000,TA401C5000,493.5,0.0,0.0,0.0,5,472.0,477.0,5,493.5,0.0,0.0,0.0,0.0,0.0,29
2023-05-09 21:43:28,TA401C5000,TA401C5000,493.5,0.0,0.0,0.0,1,388.5,477.0,5,493.5,0.0,0.0,0.0,0.0,0.0,29
2023-05-09 21:43:29,TA401C5000,TA401C5000,493.5,0.0,0.0,0.0,5,469.5,477.0,5,493.5,0.0,0.0,0.0,0.0,0.0,29
2023-05-09 21:45:26,TA401C5000,TA401C5000,493.5,0.0,0.0,0.0,5,469.5,475.0,5,493.5,0.0,0.0,0.0,0.0,0.0,29
2023-05-09 21:45:38,TA401C5000,TA401C5000,493.5,0.0,0.0,0.0,5,469.5,477.0,5,493.5,0.0,0.0,0.0,0.0,0.0,29
2023-05-09 21:45:40,TA401C5000,TA401C5000,493.5,0.0,0.0,0.0,5,471.5,477.0,5,493.5,0.0,0.0,0.0,0.0,0.0,29
2023-05-09 21:46:17,TA401C5000,TA401C5000,493.5,0.0,0.0,0.0,5,471.5,551.0,1,493.5,0.0,0.0,0.0,0.0,0.0,29
2023-05-09 21:46:18,TA401C5000,TA401C5000,493.5,0.0,0.0,0.0,5,471.5,480.0,5,493.5,0.0,0.0,0.0,0.0,0.0,29
2023-05-09 21:46:39,TA401C5000,TA401C5000,493.5,0.0,0.0,0.0,5,471.5,478.0,5,493.5,0.0,0.0,0.0,0.0,0.0,29
2023-05-09 21:47:43,TA401C5000,TA401C5000,493.5,0.0,0.0,0.0,5,473.0,478.0,5,493.5,0.0,0.0,0.0,0.0,0.0,29
2023-05-09 21:47:44,TA401C5000,TA401C5000,493.5,0.0,0.0,0.0,5,473.0,480.0,5,493.5,0.0,0.0,0.0,0.0,0.0,29
2023-05-09 21:48:06,TA401C5000,TA401C5000,493.5,0.0,0.0,0.0,5,475.5,480.0,5,493.5,0.0,0.0,0.0,0.0,0.0,29
2023-05-09 21:48:12,TA401C5000,TA401C5000,493.5,0.0,0.0,0.0,5,475.5,551.0,1,493.5,0.0,0.0,0.0,0.0,0.0,29
2023-05-09 21:48:13,TA401C5000,TA401C5000,493.5,0.0,0.0,0.0,5,475.5,482.5,5,493.5,0.0,0.0,0.0,0.0,0.0,29
2023-05-09 21:48:41,TA401C5000,TA401C5000,493.5,0.0,0.0,0.0,5,477.5,482.5,5,493.5,0.0,0.0,0.0,0.0,0.0,29
2023-05-09 21:48:41,TA401C5000,TA401C5000,493.5,0.0,0.0,0.0,5,477.5,551.0,1,493.5,0.0,0.0,0.0,0.0,0.0,29
2023-05-09 21:48:44,TA401C5000,TA401C5000,493.5,0.0,0.0,0.0,5,477.5,485.0,5,493.5,0.0,0.0,0.0,0.0,0.0,29
2023-05-09 21:48:51,TA401C5000,TA401C5000,493.5,0.0,0.0,0.0,5,477.5,486.5,5,493.5,0.0,0.0,0.0,0.0,0.0,29
2023-05-09 21:49:05,TA401C5000,TA401C5000,493.5,0.0,0.0,0.0,5,479.0,486.5,5,493.5,0.0,0.0,0.0,0.0,0.0,29
2023-05-09 21:49:33,TA401C5000,TA401C5000,493.5,0.0,0.0,0.0,5,479.0,484.5,5,493.5,0.0,0.0,0.0,0.0,0.0,29
2023-05-09 21:49:40,TA401C5000,TA401C5000,493.5,0.0,0.0,0.0,5,477.5,484.5,5,493.5,0.0,0.0,0.0,0.0,0.0,29
2023-05-09 21:51:02,TA401C5000,TA401C5000,493.5,0.0,0.0,0.0,5,479.5,486.5,5,493.5,0.0,0.0,0.0,0.0,0.0,29
2023-05-09 21:52:58,TA401C5000,TA401C5000,493.5,0.0,0.0,0.0,5,479.5,485.0,5,493.5,0.0,0.0,0.0,0.0,0.0,29
2023-05-09 21:55:42,TA401C5000,TA401C5000,493.5,0.0,0.0,0.0,5,479.5,486.5,5,493.5,0.0,0.0,0.0,0.0,0.0,29
2023-05-09 21:56:09,TA401C5000,TA401C5000,493.5,0.0,0.0,0.0,5,479.5,484.5,5,493.5,0.0,0.0,0.0,0.0,0.0,29
2023-05-09 21:56:15,TA401C5000,TA401C5000,493.5,0.0,0.0,0.0,5,477.5,484.5,5,493.5,0.0,0.0,0.0,0.0,0.0,29
2023-05-09 21:58:06,TA401C5000,TA401C5000,493.5,0.0,0.0,0.0,5,479.5,484.5,5,493.5,0.0,0.0,0.0,0.0,0.0,29
2023-05-09 21:58:20,TA401C5000,TA401C5000,493.5,0.0,0.0,0.0,5,479.5,486.5,5,493.5,0.0,0.0,0.0,0.0,0.0,29
2023-05-09 21:58:46,TA401C5000,TA401C5000,493.5,0.0,0.0,0.0,5,479.5,485.0,5,493.5,0.0,0.0,0.0,0.0,0.0,29
2023-05-09 21:59:17,TA401C5000,TA401C5000,493.5,0.0,0.0,0.0,5,479.5,486.5,5,493.5,0.0,0.0,0.0,0.0,0.0,29
2023-05-09 21:59:18,TA401C5000,TA401C5000,493.5,0.0,0.0,0.0,5,481.5,486.5,5,493.5,0.0,0.0,0.0,0.0,0.0,29
2023-05-09 22:00:03,TA401C5000,TA401C5000,493.5,0.0,0.0,0.0,5,481.5,551.0,1,493.5,0.0,0.0,0.0,0.0,0.0,29
2023-05-09 22:00:05,TA401C5000,TA401C5000,493.5,0.0,0.0,0.0,5,483.5,551.0,1,493.5,0.0,0.0,0.0,0.0,0.0,29
2023-05-09 22:00:06,TA401C5000,TA401C5000,493.5,0.0,0.0,0.0,5,483.5,490.0,5,493.5,0.0,0.0,0.0,0.0,0.0,29
2023-05-09 22:00:27,TA401C5000,TA401C5000,493.5,0.0,0.0,0.0,5,485.5,492.5,5,493.5,0.0,0.0,0.0,0.0,0.0,29
2023-05-09 22:00:34,TA401C5000,TA401C5000,493.5,0.0,0.0,0.0,5,487.0,492.5,5,493.5,0.0,0.0,0.0,0.0,0.0,29
2023-05-09 22:00:53,TA401C5000,TA401C5000,493.5,0.0,0.0,0.0,5,485.5,492.5,5,493.5,0.0,0.0,0.0,0.0,0.0,29
2023-05-09 22:01:08,TA401C5000,TA401C5000,493.5,0.0,0.0,0.0,5,485.5,491.0,5,493.5,0.0,0.0,0.0,0.0,0.0,29
2023-05-09 22:01:09,TA401C5000,TA401C5000,493.5,0.0,0.0,0.0,1,388.5,491.0,5,493.5,0.0,0.0,0.0,0.0,0.0,29
2023-05-09 22:01:10,TA401C5000,TA401C5000,493.5,0.0,0.0,0.0,5,483.5,491.0,5,493.5,0.0,0.0,0.0,0.0,0.0,29
2023-05-09 22:01:32,TA401C5000,TA401C5000,493.5,0.0,0.0,0.0,5,485.5,491.0,5,493.5,0.0,0.0,0.0,0.0,0.0,29
2023-05-09 22:01:35,TA401C5000,TA401C5000,493.5,0.0,0.0,0.0,5,485.5,492.5,5,493.5,0.0,0.0,0.0,0.0,0.0,29
2023-05-09 22:01:42,TA401C5000,TA401C5000,493.5,0.0,0.0,0.0,5,487.5,492.5,5,493.5,0.0,0.0,0.0,0.0,0.0,29
2023-05-09 22:01:45,TA401C5000,TA401C5000,493.5,0.0,0.0,0.0,5,487.5,494.5,5,493.5,0.0,0.0,0.0,0.0,0.0,29
2023-05-09 22:01:49,TA401C5000,TA401C5000,493.5,0.0,0.0,0.0,5,487.5,493.0,5,493.5,0.0,0.0,0.0,0.0,0.0,29
2023-05-09 22:02:20,TA401C5000,TA401C5000,493.5,0.0,0.0,0.0,5,485.5,493.0,5,493.5,0.0,0.0,0.0,0.0,0.0,29
2023-05-09 22:02:20,TA401C5000,TA401C5000,493.5,0.0,0.0,0.0,5,485.5,491.0,5,493.5,0.0,0.0,0.0,0.0,0.0,29
2023-05-09 22:02:23,TA401C5000,TA401C5000,493.5,0.0,0.0,0.0,1,388.5,491.0,5,493.5,0.0,0.0,0.0,0.0,0.0,29
2023-05-09 22:02:26,TA401C5000,TA401C5000,493.5,0.0,0.0,0.0,5,481.5,491.0,5,493.5,0.0,0.0,0.0,0.0,0.0,29
2023-05-09 22:02:29,TA401C5000,TA401C5000,493.5,0.0,0.0,0.0,5,481.5,488.0,5,493.5,0.0,0.0,0.0,0.0,0.0,29
2023-05-09 22:02:45,TA401C5000,TA401C5000,493.5,0.0,0.0,0.0,5,481.5,491.0,5,493.5,0.0,0.0,0.0,0.0,0.0,29
2023-05-09 22:02:51,TA401C5000,TA401C5000,493.5,0.0,0.0,0.0,5,484.0,491.0,5,493.5,0.0,0.0,0.0,0.0,0.0,29
2023-05-09 22:03:24,TA401C5000,TA401C5000,493.5,0.0,0.0,0.0,5,484.0,489.0,5,493.5,0.0,0.0,0.0,0.0,0.0,29
2023-05-09 22:03:30,TA401C5000,TA401C5000,493.5,0.0,0.0,0.0,5,481.5,489.0,5,493.5,0.0,0.0,0.0,0.0,0.0,29
2023-05-09 22:05:02,TA401C5000,TA401C5000,493.5,0.0,0.0,0.0,5,481.5,487.0,5,493.5,0.0,0.0,0.0,0.0,0.0,29
2023-05-09 22:05:57,TA401C5000,TA401C5000,493.5,0.0,0.0,0.0,1,388.5,487.0,5,493.5,0.0,0.0,0.0,0.0,0.0,29
2023-05-09 22:06:01,TA401C5000,TA401C5000,493.5,0.0,0.0,0.0,1,388.5,485.0,5,493.5,0.0,0.0,0.0,0.0,0.0,29
2023-05-09 22:06:04,TA401C5000,TA401C5000,493.5,0.0,0.0,0.0,5,477.5,485.0,5,493.5,0.0,0.0,0.0,0.0,0.0,29
2023-05-09 22:06:28,TA401C5000,TA401C5000,493.5,0.0,0.0,0.0,5,477.5,483.5,5,493.5,0.0,0.0,0.0,0.0,0.0,29
2023-05-09 22:06:50,TA401C5000,TA401C5000,493.5,0.0,0.0,0.0,1,388.5,483.5,5,493.5,0.0,0.0,0.0,0.0,0.0,29
2023-05-09 22:06:51,TA401C5000,TA401C5000,493.5,0.0,0.0,0.0,5,476.0,483.5,5,493.5,0.0,0.0,0.0,0.0,0.0,29
2023-05-09 22:07:39,TA401C5000,TA401C5000,493.5,0.0,0.0,0.0,5,478.0,483.5,5,493.5,0.0,0.0,0.0,0.0,0.0,29
2023-05-09 22:10:28,TA401C5000,TA401C5000,493.5,0.0,0.0,0.0,5,476.0,483.5,5,493.5,0.0,0.0,0.0,0.0,0.0,29
2023-05-09 22:10:33,TA401C5000,TA401C5000,493.5,0.0,0.0,0.0,5,476.0,482.0,5,493.5,0.0,0.0,0.0,0.0,0.0,29
2023-05-09 22:11:08,TA401C5000,TA401C5000,493.5,0.0,0.0,0.0,5,476.0,483.5,5,493.5,0.0,0.0,0.0,0.0,0.0,29
2023-05-09 22:11:26,TA401C5000,TA401C5000,493.5,0.0,0.0,0.0,5,477.5,483.5,5,493.5,0.0,0.0,0.0,0.0,0.0,29
2023-05-09 22:12:33,TA401C5000,TA401C5000,493.5,0.0,0.0,0.0,5,477.5,486.0,5,493.5,0.0,0.0,0.0,0.0,0.0,29
2023-05-09 22:12:38,TA401C5000,TA401C5000,493.5,0.0,0.0,0.0,5,480.5,486.0,5,493.5,0.0,0.0,0.0,0.0,0.0,29
2023-05-09 22:15:16,TA401C5000,TA401C5000,493.5,0.0,0.0,0.0,5,477.5,486.0,5,493.5,0.0,0.0,0.0,0.0,0.0,29
2023-05-09 22:15:19,TA401C5000,TA401C5000,493.5,0.0,0.0,0.0,5,477.5,484.5,5,493.5,0.0,0.0,0.0,0.0,0.0,29
2023-05-09 22:16:20,TA401C5000,TA401C5000,493.5,0.0,0.0,0.0,5,479.0,484.5,5,493.5,0.0,0.0,0.0,0.0,0.0,29
2023-05-09 22:16:25,TA401C5000,TA401C5000,493.5,0.0,0.0,0.0,5,479.0,486.0,5,493.5,0.0,0.0,0.0,0.0,0.0,29
2023-05-09 22:17:49,TA401C5000,TA401C5000,493.5,0.0,0.0,0.0,5,480.5,486.0,5,493.5,0.0,0.0,0.0,0.0,0.0,29
2023-05-09 22:18:46,TA401C5000,TA401C5000,493.5,0.0,0.0,0.0,5,479.0,486.0,5,493.5,0.0,0.0,0.0,0.0,0.0,29
2023-05-09 22:19:26,TA401C5000,TA401C5000,493.5,0.0,0.0,0.0,5,479.0,484.5,5,493.5,0.0,0.0,0.0,0.0,0.0,29
2023-05-09 22:20:49,TA401C5000,TA401C5000,493.5,0.0,0.0,0.0,5,476.5,484.5,5,493.5,0.0,0.0,0.0,0.0,0.0,29
2023-05-09 22:20:54,TA401C5000,TA401C5000,493.5,0.0,0.0,0.0,5,476.5,482.5,5,493.5,0.0,0.0,0.0,0.0,0.0,29
2023-05-09 22:22:14,TA401C5000,TA401C5000,493.5,0.0,0.0,0.0,1,388.5,482.5,5,493.5,0.0,0.0,0.0,0.0,0.0,29
2023-05-09 22:22:14,TA401C5000,TA401C5000,493.5,0.0,0.0,0.0,5,474.0,482.5,5,493.5,0.0,0.0,0.0,0.0,0.0,29
2023-05-09 22:22:20,TA401C5000,TA401C5000,493.5,0.0,0.0,0.0,5,474.0,481.0,5,493.5,0.0,0.0,0.0,0.0,0.0,29
2023-05-09 22:22:56,TA401C5000,TA401C5000,493.5,0.0,0.0,0.0,5,474.0,479.5,5,493.5,0.0,0.0,0.0,0.0,0.0,29
2023-05-09 22:24:13,TA401C5000,TA401C5000,493.5,0.0,0.0,0.0,5,474.0,481.0,5,493.5,0.0,0.0,0.0,0.0,0.0,29
2023-05-09 22:24:33,TA401C5000,TA401C5000,493.5,0.0,0.0,0.0,5,475.5,481.0,5,493.5,0.0,0.0,0.0,0.0,0.0,29
2023-05-09 22:24:48,TA401C5000,TA401C5000,493.5,0.0,0.0,0.0,5,475.5,483.5,5,493.5,0.0,0.0,0.0,0.0,0.0,29
2023-05-09 22:24:53,TA401C5000,TA401C5000,493.5,0.0,0.0,0.0,5,475.5,482.0,5,493.5,0.0,0.0,0.0,0.0,0.0,29
2023-05-09 22:26:18,TA401C5000,TA401C5000,493.5,0.0,0.0,0.0,5,477.0,482.0,5,493.5,0.0,0.0,0.0,0.0,0.0,29
2023-05-09 22:26:37,TA401C5000,TA401C5000,493.5,0.0,0.0,0.0,5,477.0,483.5,5,493.5,0.0,0.0,0.0,0.0,0.0,29
2023-05-09 22:30:14,TA401C5000,TA401C5000,493.5,0.0,0.0,0.0,5,477.0,482.0,5,493.5,0.0,0.0,0.0,0.0,0.0,29
2023-05-09 22:30:20,TA401C5000,TA401C5000,493.5,0.0,0.0,0.0,5,475.5,482.0,5,493.5,0.0,0.0,0.0,0.0,0.0,29
2023-05-09 22:31:13,TA401C5000,TA401C5000,493.5,0.0,0.0,0.0,5,477.0,482.0,5,493.5,0.0,0.0,0.0,0.0,0.0,29
2023-05-09 22:32:09,TA401C5000,TA401C5000,493.5,0.0,0.0,0.0,5,475.5,482.0,5,493.5,0.0,0.0,0.0,0.0,0.0,29
2023-05-09 22:32:11,TA401C5000,TA401C5000,493.5,0.0,0.0,0.0,1,388.5,482.0,5,493.5,0.0,0.0,0.0,0.0,0.0,29
2023-05-09 22:32:13,TA401C5000,TA401C5000,493.5,0.0,0.0,0.0,1,388.5,478.0,5,493.5,0.0,0.0,0.0,0.0,0.0,29
2023-05-09 22:32:14,TA401C5000,TA401C5000,493.5,0.0,0.0,0.0,5,471.5,478.0,5,493.5,0.0,0.0,0.0,0.0,0.0,29
2023-05-09 22:32:33,TA401C5000,TA401C5000,493.5,0.0,0.0,0.0,5,471.5,476.5,5,493.5,0.0,0.0,0.0,0.0,0.0,29
2023-05-09 22:32:35,TA401C5000,TA401C5000,493.5,0.0,0.0,0.0,1,388.5,476.5,5,493.5,0.0,0.0,0.0,0.0,0.0,29
2023-05-09 22:32:38,TA401C5000,TA401C5000,493.5,0.0,0.0,0.0,5,469.5,476.5,5,493.5,0.0,0.0,0.0,0.0,0.0,29
2023-05-09 22:33:56,TA401C5000,TA401C5000,493.5,0.0,0.0,0.0,5,469.5,474.5,5,493.5,0.0,0.0,0.0,0.0,0.0,29
2023-05-09 22:34:19,TA401C5000,TA401C5000,493.5,0.0,0.0,0.0,5,469.5,476.5,5,493.5,0.0,0.0,0.0,0.0,0.0,29
2023-05-09 22:36:50,TA401C5000,TA401C5000,493.5,0.0,0.0,0.0,5,471.0,476.5,5,493.5,0.0,0.0,0.0,0.0,0.0,29
2023-05-09 22:41:23,TA401C5000,TA401C5000,493.5,0.0,0.0,0.0,5,471.0,479.0,5,493.5,0.0,0.0,0.0,0.0,0.0,29
2023-05-09 22:41:23,TA401C5000,TA401C5000,493.5,0.0,0.0,0.0,5,472.5,479.0,5,493.5,0.0,0.0,0.0,0.0,0.0,29
2023-05-09 22:42:16,TA401C5000,TA401C5000,493.5,0.0,0.0,0.0,5,472.5,477.5,5,493.5,0.0,0.0,0.0,0.0,0.0,29
2023-05-09 22:44:17,TA401C5000,TA401C5000,493.5,0.0,0.0,0.0,5,472.5,479.0,5,493.5,0.0,0.0,0.0,0.0,0.0,29
2023-05-09 22:44:53,TA401C5000,TA401C5000,493.5,0.0,0.0,0.0,5,474.0,479.0,5,493.5,0.0,0.0,0.0,0.0,0.0,29
2023-05-09 22:44:54,TA401C5000,TA401C5000,493.5,0.0,0.0,0.0,5,474.0,551.0,1,493.5,0.0,0.0,0.0,0.0,0.0,29
2023-05-09 22:44:54,TA401C5000,TA401C5000,493.5,0.0,0.0,0.0,5,474.0,481.0,5,493.5,0.0,0.0,0.0,0.0,0.0,29
2023-05-09 22:45:21,TA401C5000,TA401C5000,493.5,0.0,0.0,0.0,5,474.0,479.5,5,493.5,0.0,0.0,0.0,0.0,0.0,29
2023-05-09 22:46:26,TA401C5000,TA401C5000,493.5,0.0,0.0,0.0,5,472.5,479.5,5,493.5,0.0,0.0,0.0,0.0,0.0,29
2023-05-09 22:47:10,TA401C5000,TA401C5000,493.5,0.0,0.0,0.0,5,472.5,478.0,5,493.5,0.0,0.0,0.0,0.0,0.0,29
2023-05-09 22:48:32,TA401C5000,TA401C5000,493.5,0.0,0.0,0.0,5,470.0,478.0,5,493.5,0.0,0.0,0.0,0.0,0.0,29
2023-05-09 22:48:36,TA401C5000,TA401C5000,493.5,0.0,0.0,0.0,5,470.0,476.5,5,493.5,0.0,0.0,0.0,0.0,0.0,29
2023-05-09 22:48:51,TA401C5000,TA401C5000,493.5,0.0,0.0,0.0,5,470.0,474.5,5,493.5,0.0,0.0,0.0,0.0,0.0,29
2023-05-09 22:49:17,TA401C5000,TA401C5000,493.5,0.0,0.0,0.0,5,467.5,474.5,5,493.5,0.0,0.0,0.0,0.0,0.0,29
2023-05-09 22:49:25,TA401C5000,TA401C5000,493.5,0.0,0.0,0.0,5,467.5,472.5,5,493.5,0.0,0.0,0.0,0.0,0.0,29
2023-05-09 22:49:41,TA401C5000,TA401C5000,493.5,0.0,0.0,0.0,1,388.5,470.5,5,493.5,0.0,0.0,0.0,0.0,0.0,29
2023-05-09 22:49:42,TA401C5000,TA401C5000,493.5,0.0,0.0,0.0,5,464.0,470.5,5,493.5,0.0,0.0,0.0,0.0,0.0,29
2023-05-09 22:52:01,TA401C5000,TA401C5000,493.5,0.0,0.0,0.0,5,465.5,470.5,5,493.5,0.0,0.0,0.0,0.0,0.0,29
2023-05-09 22:54:02,TA401C5000,TA401C5000,493.5,0.0,0.0,0.0,5,465.5,472.5,5,493.5,0.0,0.0,0.0,0.0,0.0,29
2023-05-09 22:55:04,TA401C5000,TA401C5000,493.5,0.0,0.0,0.0,5,465.5,551.0,1,493.5,0.0,0.0,0.0,0.0,0.0,29
2023-05-09 22:55:05,TA401C5000,TA401C5000,493.5,0.0,0.0,0.0,5,465.5,475.0,5,493.5,0.0,0.0,0.0,0.0,0.0,29
2023-05-09 22:55:57,TA401C5000,TA401C5000,493.5,0.0,0.0,0.0,1,388.5,551.0,1,493.5,0.0,0.0,0.0,0.0,0.0,29
2023-05-09 22:56:31,TA401C5000,TA401C5000,493.5,0.0,0.0,0.0,2,219.5,0.0,0,493.5,0.0,0.0,0.0,0.0,0.0,29
2023-05-09 22:56:31,TA401C5000,TA401C5000,493.5,0.0,0.0,0.0,1,221.0,817.0,1,493.5,0.0,0.0,0.0,0.0,0.0,29
2023-05-09 22:59:50,TA401C5000,TA401C5000,493.5,0.0,0.0,0.0,0,0.0,0.0,0,493.5,0.0,0.0,0.0,0.0,0.0,29
2023-05-10 09:00:03,TA401C5000,TA401C5000,493.5,0.0,0.0,0.0,1,382.0,591.5,1,493.5,0.0,0.0,0.0,0.0,0.0,29
2023-05-10 09:01:23,TA401C5000,TA401C5000,493.5,0.0,0.0,0.0,1,382.0,491.0,5,493.5,0.0,0.0,0.0,0.0,0.0,29
2023-05-10 09:01:25,TA401C5000,TA401C5000,493.5,0.0,0.0,0.0,5,484.5,491.0,5,493.5,0.0,0.0,0.0,0.0,0.0,29
2023-05-10 09:02:19,TA401C5000,TA401C5000,493.5,0.0,0.0,0.0,5,486.0,491.0,5,493.5,0.0,0.0,0.0,0.0,0.0,29
2023-05-10 09:02:19,TA401C5000,TA401C5000,493.5,0.0,0.0,0.0,5,486.0,591.5,1,493.5,0.0,0.0,0.0,0.0,0.0,29
2023-05-10 09:02:20,TA401C5000,TA401C5000,493.5,0.0,0.0,0.0,5,486.0,493.5,5,493.5,0.0,0.0,0.0,0.0,0.0,29
2023-05-10 09:02:45,TA401C5000,TA401C5000,493.5,0.0,0.0,0.0,5,488.0,493.5,5,493.5,0.0,0.0,0.0,0.0,0.0,29
2023-05-10 09:02:53,TA401C5000,TA401C5000,493.5,0.0,0.0,0.0,5,488.0,496.0,5,493.5,0.0,0.0,0.0,0.0,0.0,29
2023-05-10 09:02:56,TA401C5000,TA401C5000,493.5,0.0,0.0,0.0,5,490.0,496.0,5,493.5,0.0,0.0,0.0,0.0,0.0,29
2023-05-10 09:02:57,TA401C5000,TA401C5000,493.5,0.0,0.0,0.0,5,490.0,591.5,1,493.5,0.0,0.0,0.0,0.0,0.0,29
2023-05-10 09:02:58,TA401C5000,TA401C5000,493.5,0.0,0.0,0.0,5,492.5,591.5,1,493.5,0.0,0.0,0.0,0.0,0.0,29
2023-05-10 09:03:07,TA401C5000,TA401C5000,493.5,0.0,0.0,0.0,5,492.5,498.0,5,493.5,0.0,0.0,0.0,0.0,0.0,29
2023-05-10 09:03:15,TA401C5000,TA401C5000,493.5,0.0,0.0,0.0,5,492.5,500.5,5,493.5,0.0,0.0,0.0,0.0,0.0,29
2023-05-10 09:03:17,TA401C5000,TA401C5000,493.5,0.0,0.0,0.0,5,492.5,591.5,1,493.5,0.0,0.0,0.0,0.0,0.0,29
2023-05-10 09:03:20,TA401C5000,TA401C5000,493.5,0.0,0.0,0.0,5,492.5,500.5,5,493.5,0.0,0.0,0.0,0.0,0.0,29
2023-05-10 09:03:27,TA401C5000,TA401C5000,493.5,0.0,0.0,0.0,5,494.5,500.5,5,493.5,0.0,0.0,0.0,0.0,0.0,29
2023-05-10 09:03:37,TA401C5000,TA401C5000,493.5,0.0,0.0,0.0,5,492.5,500.5,5,493.5,0.0,0.0,0.0,0.0,0.0,29
2023-05-10 09:03:44,TA401C5000,TA401C5000,493.5,0.0,0.0,0.0,5,492.5,498.5,5,493.5,0.0,0.0,0.0,0.0,0.0,29
2023-05-10 09:04:11,TA401C5000,TA401C5000,493.5,0.0,0.0,0.0,1,382.0,498.5,5,493.5,0.0,0.0,0.0,0.0,0.0,29
2023-05-10 09:04:13,TA401C5000,TA401C5000,493.5,0.0,0.0,0.0,5,488.5,498.5,5,493.5,0.0,0.0,0.0,0.0,0.0,29
2023-05-10 09:04:15,TA401C5000,TA401C5000,493.5,0.0,0.0,0.0,5,488.5,496.5,5,493.5,0.0,0.0,0.0,0.0,0.0,29
2023-05-10 09:06:03,TA401C5000,TA401C5000,493.5,0.0,0.0,0.0,5,490.5,496.5,5,493.5,0.0,0.0,0.0,0.0,0.0,29
2023-05-10 09:06:04,TA401C5000,TA401C5000,493.5,0.0,0.0,0.0,5,490.5,498.5,5,493.5,0.0,0.0,0.0,0.0,0.0,29
2023-05-10 09:06:15,TA401C5000,TA401C5000,493.5,0.0,0.0,0.0,5,492.5,498.5,5,493.5,0.0,0.0,0.0,0.0,0.0,29
2023-05-10 09:06:30,TA401C5000,TA401C5000,493.5,0.0,0.0,0.0,5,490.5,498.5,5,493.5,0.0,0.0,0.0,0.0,0.0,29
2023-05-10 09:06:30,TA401C5000,TA401C5000,493.5,0.0,0.0,0.0,5,490.5,496.5,5,493.5,0.0,0.0,0.0,0.0,0.0,29
2023-05-10 09:06:59,TA401C5000,TA401C5000,493.5,0.0,0.0,0.0,1,382.0,496.5,5,493.5,0.0,0.0,0.0,0.0,0.0,29
2023-05-10 09:07:02,TA401C5000,TA401C5000,493.5,0.0,0.0,0.0,5,487.5,496.5,5,493.5,0.0,0.0,0.0,0.0,0.0,29
2023-05-10 09:07:16,TA401C5000,TA401C5000,493.5,0.0,0.0,0.0,5,487.5,494.5,5,493.5,0.0,0.0,0.0,0.0,0.0,29
2023-05-10 09:07:51,TA401C5000,TA401C5000,493.5,0.0,0.0,0.0,5,487.5,492.5,5,493.5,0.0,0.0,0.0,0.0,0.0,29
2023-05-10 09:07:52,TA401C5000,TA401C5000,493.5,0.0,0.0,0.0,1,382.0,492.5,5,493.5,0.0,0.0,0.0,0.0,0.0,29
2023-05-10 09:07:53,TA401C5000,TA401C5000,493.5,0.0,0.0,0.0,5,484.0,492.5,5,493.5,0.0,0.0,0.0,0.0,0.0,29
2023-05-10 09:08:02,TA401C5000,TA401C5000,493.5,0.0,0.0,0.0,5,486.0,492.5,5,493.5,0.0,0.0,0.0,0.0,0.0,29
2023-05-10 09:08:13,TA401C5000,TA401C5000,493.5,0.0,0.0,0.0,5,488.0,494.5,5,493.5,0.0,0.0,0.0,0.0,0.0,29
2023-05-10 09:10:37,TA401C5000,TA401C5000,493.5,0.0,0.0,0.0,5,486.0,494.5,5,493.5,0.0,0.0,0.0,0.0,0.0,29
2023-05-10 09:10:38,TA401C5000,TA401C5000,493.5,0.0,0.0,0.0,5,486.0,492.0,5,493.5,0.0,0.0,0.0,0.0,0.0,29
2023-05-10 09:10:42,TA401C5000,TA401C5000,493.5,0.0,0.0,0.0,1,382.0,492.0,5,493.5,0.0,0.0,0.0,0.0,0.0,29
2023-05-10 09:10:44,TA401C5000,TA401C5000,493.5,0.0,0.0,0.0,5,484.0,492.0,5,493.5,0.0,0.0,0.0,0.0,0.0,29
2023-05-10 09:10:49,TA401C5000,TA401C5000,493.5,0.0,0.0,0.0,5,484.0,490.0,5,493.5,0.0,0.0,0.0,0.0,0.0,29
2023-05-10 09:11:17,TA401C5000,TA401C5000,493.5,0.0,0.0,0.0,1,382.0,490.0,5,493.5,0.0,0.0,0.0,0.0,0.0,29
2023-05-10 09:11:19,TA401C5000,TA401C5000,493.5,0.0,0.0,0.0,5,481.0,490.0,5,493.5,0.0,0.0,0.0,0.0,0.0,29
2023-05-10 09:11:24,TA401C5000,TA401C5000,493.5,0.0,0.0,0.0,5,481.0,488.0,5,493.5,0.0,0.0,0.0,0.0,0.0,29
2023-05-10 09:12:41,TA401C5000,TA401C5000,493.5,0.0,0.0,0.0,5,481.0,486.5,5,493.5,0.0,0.0,0.0,0.0,0.0,29
2023-05-10 09:16:31,TA401C5000,TA401C5000,493.5,0.0,0.0,0.0,5,478.0,486.5,5,493.5,0.0,0.0,0.0,0.0,0.0,29
2023-05-10 09:16:35,TA401C5000,TA401C5000,493.5,0.0,0.0,0.0,5,478.0,484.5,5,493.5,0.0,0.0,0.0,0.0,0.0,29
2023-05-10 09:16:41,TA401C5000,TA401C5000,493.5,0.0,0.0,0.0,5,478.0,483.0,5,493.5,0.0,0.0,0.0,0.0,0.0,29
2023-05-10 09:16:48,TA401C5000,TA401C5000,493.5,0.0,0.0,0.0,5,475.0,483.0,5,493.5,0.0,0.0,0.0,0.0,0.0,29
2023-05-10 09:16:59,TA401C5000,TA401C5000,493.5,0.0,0.0,0.0,5,476.5,483.0,5,493.5,0.0,0.0,0.0,0.0,0.0,29
2023-05-10 09:18:04,TA401C5000,TA401C5000,493.5,0.0,0.0,0.0,5,478.5,483.0,5,493.5,0.0,0.0,0.0,0.0,0.0,29
2023-05-10 09:18:05,TA401C5000,TA401C5000,493.5,0.0,0.0,0.0,5,478.5,484.5,5,493.5,0.0,0.0,0.0,0.0,0.0,29
2023-05-10 09:18:35,TA401C5000,TA401C5000,493.5,0.0,0.0,0.0,5,478.5,487.0,5,493.5,0.0,0.0,0.0,0.0,0.0,29
2023-05-10 09:18:41,TA401C5000,TA401C5000,493.5,0.0,0.0,0.0,5,480.0,487.0,5,493.5,0.0,0.0,0.0,0.0,0.0,29
2023-05-10 09:18:43,TA401C5000,TA401C5000,493.5,0.0,0.0,0.0,5,482.0,487.0,5,493.5,0.0,0.0,0.0,0.0,0.0,29
2023-05-10 09:19:00,TA401C5000,TA401C5000,493.5,0.0,0.0,0.0,5,482.0,489.5,5,493.5,0.0,0.0,0.0,0.0,0.0,29
2023-05-10 09:19:15,TA401C5000,TA401C5000,493.5,0.0,0.0,0.0,5,482.0,591.5,1,493.5,0.0,0.0,0.0,0.0,0.0,29
2023-05-10 09:19:16,TA401C5000,TA401C5000,493.5,0.0,0.0,0.0,5,482.0,492.0,5,493.5,0.0,0.0,0.0,0.0,0.0,29
2023-05-10 09:19:18,TA401C5000,TA401C5000,493.5,0.0,0.0,0.0,5,484.0,492.0,5,493.5,0.0,0.0,0.0,0.0,0.0,29
2023-05-10 09:19:28,TA401C5000,TA401C5000,493.5,0.0,0.0,0.0,5,486.0,492.0,5,493.5,0.0,0.0,0.0,0.0,0.0,29
2023-05-10 09:20:49,TA401C5000,TA401C5000,493.5,0.0,0.0,0.0,5,484.0,490.5,5,493.5,0.0,0.0,0.0,0.0,0.0,29
2023-05-10 09:22:44,TA401C5000,TA401C5000,493.5,0.0,0.0,0.0,5,484.0,489.0,5,493.5,0.0,0.0,0.0,0.0,0.0,29
2023-05-10 09:24:48,TA401C5000,TA401C5000,493.5,0.0,0.0,0.0,5,484.0,490.5,5,493.5,0.0,0.0,0.0,0.0,0.0,29
2023-05-10 09:27:12,TA401C5000,TA401C5000,493.5,0.0,0.0,0.0,5,484.0,489.0,5,493.5,0.0,0.0,0.0,0.0,0.0,29
2023-05-10 09:27:14,TA401C5000,TA401C5000,493.5,0.0,0.0,0.0,5,481.5,489.0,5,493.5,0.0,0.0,0.0,0.0,0.0,29
2023-05-10 09:27:21,TA401C5000,TA401C5000,493.5,0.0,0.0,0.0,5,481.5,487.5,5,493.5,0.0,0.0,0.0,0.0,0.0,29
2023-05-10 09:27:31,TA401C5000,TA401C5000,493.5,0.0,0.0,0.0,1,382.0,487.5,5,493.5,0.0,0.0,0.0,0.0,0.0,29
2023-05-10 09:27:32,TA401C5000,TA401C5000,493.5,0.0,0.0,0.0,5,478.5,485.5,5,493.5,0.0,0.0,0.0,0.0,0.0,29
2023-05-10 09:27:48,TA401C5000,TA401C5000,493.5,0.0,0.0,0.0,5,478.5,483.5,5,493.5,0.0,0.0,0.0,0.0,0.0,29
2023-05-10 09:28:12,TA401C5000,TA401C5000,493.5,0.0,0.0,0.0,5,478.5,485.5,5,493.5,0.0,0.0,0.0,0.0,0.0,29
2023-05-10 09:29:31,TA401C5000,TA401C5000,493.5,0.0,0.0,0.0,5,480.5,485.5,5,493.5,0.0,0.0,0.0,0.0,0.0,29
2023-05-10 09:30:21,TA401C5000,TA401C5000,493.5,0.0,0.0,0.0,5,480.5,488.0,5,493.5,0.0,0.0,0.0,0.0,0.0,29
2023-05-10 09:30:33,TA401C5000,TA401C5000,493.5,0.0,0.0,0.0,5,482.5,488.0,5,493.5,0.0,0.0,0.0,0.0,0.0,29
2023-05-10 09:31:09,TA401C5000,TA401C5000,493.5,0.0,0.0,0.0,5,480.5,488.0,5,493.5,0.0,0.0,0.0,0.0,0.0,29
2023-05-10 09:31:15,TA401C5000,TA401C5000,493.5,0.0,0.0,0.0,5,480.5,486.5,5,493.5,0.0,0.0,0.0,0.0,0.0,29
2023-05-10 09:31:51,TA401C5000,TA401C5000,493.5,0.0,0.0,0.0,5,482.5,488.0,5,493.5,0.0,0.0,0.0,0.0,0.0,29
2023-05-10 09:32:41,TA401C5000,TA401C5000,493.5,0.0,0.0,0.0,5,482.5,591.5,1,493.5,0.0,0.0,0.0,0.0,0.0,29
2023-05-10 09:32:42,TA401C5000,TA401C5000,493.5,0.0,0.0,0.0,5,482.5,490.0,5,493.5,0.0,0.0,0.0,0.0,0.0,29
2023-05-10 09:33:28,TA401C5000,TA401C5000,493.5,0.0,0.0,0.0,5,484.5,490.0,5,493.5,0.0,0.0,0.0,0.0,0.0,29
2023-05-10 09:34:08,TA401C5000,TA401C5000,493.5,0.0,0.0,0.0,5,482.5,490.0,5,493.5,0.0,0.0,0.0,0.0,0.0,29
2023-05-10 09:34:20,TA401C5000,TA401C5000,493.5,0.0,0.0,0.0,5,482.5,488.5,5,493.5,0.0,0.0,0.0,0.0,0.0,29
2023-05-10 09:38:17,TA401C5000,TA401C5000,493.5,0.0,0.0,0.0,5,484.0,490.0,5,493.5,0.0,0.0,0.0,0.0,0.0,29
2023-05-10 09:38:25,TA401C5000,TA401C5000,493.5,0.0,0.0,0.0,5,486.0,591.5,1,493.5,0.0,0.0,0.0,0.0,0.0,29
2023-05-10 09:38:26,TA401C5000,TA401C5000,493.5,0.0,0.0,0.0,5,486.0,492.5,5,493.5,0.0,0.0,0.0,0.0,0.0,29
2023-05-10 09:40:41,TA401C5000,TA401C5000,493.5,0.0,0.0,0.0,5,486.0,491.0,5,493.5,0.0,0.0,0.0,0.0,0.0,29
2023-05-10 09:40:49,TA401C5000,TA401C5000,493.5,0.0,0.0,0.0,5,484.0,491.0,5,493.5,0.0,0.0,0.0,0.0,0.0,29
2023-05-10 09:40:53,TA401C5000,TA401C5000,493.5,0.0,0.0,0.0,5,484.0,489.0,5,493.5,0.0,0.0,0.0,0.0,0.0,29
2023-05-10 09:42:10,TA401C5000,TA401C5000,493.5,0.0,0.0,0.0,5,481.5,489.0,5,493.5,0.0,0.0,0.0,0.0,0.0,29
2023-05-10 09:42:27,TA401C5000,TA401C5000,493.5,0.0,0.0,0.0,5,481.5,487.0,5,493.5,0.0,0.0,0.0,0.0,0.0,29
2023-05-10 09:43:22,TA401C5000,TA401C5000,493.5,0.0,0.0,0.0,1,382.0,487.0,5,493.5,0.0,0.0,0.0,0.0,0.0,29
2023-05-10 09:43:22,TA401C5000,TA401C5000,493.5,0.0,0.0,0.0,5,478.5,487.0,5,493.5,0.0,0.0,0.0,0.0,0.0,29
2023-05-10 09:43:51,TA401C5000,TA401C5000,493.5,0.0,0.0,0.0,5,478.5,485.0,5,493.5,0.0,0.0,0.0,0.0,0.0,29
2023-05-10 09:47:20,TA401C5000,TA401C5000,493.5,0.0,0.0,0.0,5,480.0,485.0,5,493.5,0.0,0.0,0.0,0.0,0.0,29
2023-05-10 09:47:21,TA401C5000,TA401C5000,493.5,0.0,0.0,0.0,5,480.0,487.0,5,493.5,0.0,0.0,0.0,0.0,0.0,29
2023-05-10 09:48:10,TA401C5000,TA401C5000,493.5,0.0,0.0,0.0,5,480.0,485.5,5,493.5,0.0,0.0,0.0,0.0,0.0,29
2023-05-10 09:49:34,TA401C5000,TA401C5000,493.5,0.0,0.0,0.0,5,478.5,485.5,5,493.5,0.0,0.0,0.0,0.0,0.0,29
2023-05-10 09:49:57,TA401C5000,TA401C5000,493.5,0.0,0.0,0.0,5,478.5,484.0,5,493.5,0.0,0.0,0.0,0.0,0.0,29
2023-05-10 09:53:03,TA401C5000,TA401C5000,493.5,0.0,0.0,0.0,5,476.0,484.0,5,493.5,0.0,0.0,0.0,0.0,0.0,29
2023-05-10 09:53:06,TA401C5000,TA401C5000,493.5,0.0,0.0,0.0,5,476.0,482.5,5,493.5,0.0,0.0,0.0,0.0,0.0,29
2023-05-10 09:53:19,TA401C5000,TA401C5000,493.5,0.0,0.0,0.0,1,382.0,479.5,5,493.5,0.0,0.0,0.0,0.0,0.0,29
2023-05-10 09:53:23,TA401C5000,TA401C5000,493.5,0.0,0.0,0.0,5,474.0,479.5,5,493.5,0.0,0.0,0.0,0.0,0.0,29
2023-05-10 09:53:37,TA401C5000,TA401C5000,493.5,0.0,0.0,0.0,5,474.0,482.5,5,493.5,0.0,0.0,0.0,0.0,0.0,29
2023-05-10 09:53:40,TA401C5000,TA401C5000,493.5,0.0,0.0,0.0,5,475.5,482.5,5,493.5,0.0,0.0,0.0,0.0,0.0,29
2023-05-10 09:54:16,TA401C5000,TA401C5000,493.5,0.0,0.0,0.0,5,475.5,480.5,5,493.5,0.0,0.0,0.0,0.0,0.0,29
2023-05-10 09:54:18,TA401C5000,TA401C5000,493.5,0.0,0.0,0.0,5,474.0,480.5,5,493.5,0.0,0.0,0.0,0.0,0.0,29
2023-05-10 09:54:31,TA401C5000,TA401C5000,493.5,0.0,0.0,0.0,5,474.0,479.0,5,493.5,0.0,0.0,0.0,0.0,0.0,29
2023-05-10 09:54:34,TA401C5000,TA401C5000,493.5,0.0,0.0,0.0,1,382.0,479.0,5,493.5,0.0,0.0,0.0,0.0,0.0,29
2023-05-10 09:54:36,TA401C5000,TA401C5000,493.5,0.0,0.0,0.0,5,471.5,479.0,5,493.5,0.0,0.0,0.0,0.0,0.0,29
2023-05-10 09:55:36,TA401C5000,TA401C5000,493.5,0.0,0.0,0.0,5,471.5,477.5,5,493.5,0.0,0.0,0.0,0.0,0.0,29
2023-05-10 09:57:43,TA401C5000,TA401C5000,493.5,0.0,0.0,0.0,5,471.5,476.0,5,493.5,0.0,0.0,0.0,0.0,0.0,29
2023-05-10 09:58:09,TA401C5000,TA401C5000,493.5,0.0,0.0,0.0,5,471.5,477.5,5,493.5,0.0,0.0,0.0,0.0,0.0,29
2023-05-10 09:58:13,TA401C5000,TA401C5000,493.5,0.0,0.0,0.0,5,473.5,591.5,1,493.5,0.0,0.0,0.0,0.0,0.0,29
2023-05-10 09:58:14,TA401C5000,TA401C5000,493.5,0.0,0.0,0.0,5,473.5,481.0,5,493.5,0.0,0.0,0.0,0.0,0.0,29
2023-05-10 09:58:34,TA401C5000,TA401C5000,493.5,0.0,0.0,0.0,5,475.0,481.0,5,493.5,0.0,0.0,0.0,0.0,0.0,29
2023-05-10 09:58:48,TA401C5000,TA401C5000,493.5,0.0,0.0,0.0,5,476.5,481.0,5,493.5,0.0,0.0,0.0,0.0,0.0,29
2023-05-10 09:58:49,TA401C5000,TA401C5000,493.5,0.0,0.0,0.0,5,476.5,591.5,1,493.5,0.0,0.0,0.0,0.0,0.0,29
2023-05-10 09:58:49,TA401C5000,TA401C5000,493.5,0.0,0.0,0.0,5,476.5,483.5,5,493.5,0.0,0.0,0.0,0.0,0.0,29
2023-05-10 10:00:03,TA401C5000,TA401C5000,493.5,0.0,0.0,0.0,5,478.0,483.5,5,493.5,0.0,0.0,0.0,0.0,0.0,29
2023-05-10 10:00:11,TA401C5000,TA401C5000,493.5,0.0,0.0,0.0,5,478.0,591.5,1,493.5,0.0,0.0,0.0,0.0,0.0,29
2023-05-10 10:00:14,TA401C5000,TA401C5000,493.5,0.0,0.0,0.0,5,478.0,486.5,5,493.5,0.0,0.0,0.0,0.0,0.0,29
2023-05-10 10:00:42,TA401C5000,TA401C5000,493.5,0.0,0.0,0.0,5,480.0,486.5,5,493.5,0.0,0.0,0.0,0.0,0.0,29
2023-05-10 10:00:49,TA401C5000,TA401C5000,493.5,0.0,0.0,0.0,5,482.0,486.5,5,493.5,0.0,0.0,0.0,0.0,0.0,29
2023-05-10 10:00:50,TA401C5000,TA401C5000,493.5,0.0,0.0,0.0,5,482.0,591.5,1,493.5,0.0,0.0,0.0,0.0,0.0,29
2023-05-10 10:00:52,TA401C5000,TA401C5000,493.5,0.0,0.0,0.0,5,484.0,591.5,1,493.5,0.0,0.0,0.0,0.0,0.0,29
2023-05-10 10:00:53,TA401C5000,TA401C5000,493.5,0.0,0.0,0.0,5,484.0,490.0,5,493.5,0.0,0.0,0.0,0.0,0.0,29
2023-05-10 10:01:09,TA401C5000,TA401C5000,493.5,0.0,0.0,0.0,5,482.0,488.5,5,493.5,0.0,0.0,0.0,0.0,0.0,29
2023-05-10 10:01:40,TA401C5000,TA401C5000,493.5,0.0,0.0,0.0,5,482.0,486.5,5,493.5,0.0,0.0,0.0,0.0,0.0,29
2023-05-10 10:01:41,TA401C5000,TA401C5000,493.5,0.0,0.0,0.0,1,382.0,486.5,5,493.5,0.0,0.0,0.0,0.0,0.0,29
2023-05-10 10:01:42,TA401C5000,TA401C5000,493.5,0.0,0.0,0.0,5,479.0,486.5,5,493.5,0.0,0.0,0.0,0.0,0.0,29
2023-05-10 10:04:03,TA401C5000,TA401C5000,493.5,0.0,0.0,0.0,5,479.0,484.5,5,493.5,0.0,0.0,0.0,0.0,0.0,29
2023-05-10 10:07:37,TA401C5000,TA401C5000,493.5,0.0,0.0,0.0,1,382.0,484.5,5,493.5,0.0,0.0,0.0,0.0,0.0,29
2023-05-10 10:07:38,TA401C5000,TA401C5000,493.5,0.0,0.0,0.0,5,477.0,484.5,5,493.5,0.0,0.0,0.0,0.0,0.0,29
2023-05-10 10:08:27,TA401C5000,TA401C5000,493.5,0.0,0.0,0.0,5,478.5,484.5,5,493.5,0.0,0.0,0.0,0.0,0.0,29
2023-05-10 10:09:06,TA401C5000,TA401C5000,493.5,0.0,0.0,0.0,5,478.5,486.5,5,493.5,0.0,0.0,0.0,0.0,0.0,29
2023-05-10 10:09:07,TA401C5000,TA401C5000,493.5,0.0,0.0,0.0,5,480.5,486.5,5,493.5,0.0,0.0,0.0,0.0,0.0,29
2023-05-10 10:09:34,TA401C5000,TA401C5000,493.5,0.0,0.0,0.0,5,480.5,591.5,1,493.5,0.0,0.0,0.0,0.0,0.0,29
2023-05-10 10:09:35,TA401C5000,TA401C5000,493.5,0.0,0.0,0.0,5,482.0,591.5,1,493.5,0.0,0.0,0.0,0.0,0.0,29
2023-05-10 10:09:36,TA401C5000,TA401C5000,493.5,0.0,0.0,0.0,5,482.0,489.0,5,493.5,0.0,0.0,0.0,0.0,0.0,29
2023-05-10 10:09:41,TA401C5000,TA401C5000,493.5,0.0,0.0,0.0,5,483.5,489.0,5,493.5,0.0,0.0,0.0,0.0,0.0,29
2023-05-10 10:10:20,TA401C5000,TA401C5000,493.5,0.0,0.0,0.0,5,483.5,491.5,5,493.5,0.0,0.0,0.0,0.0,0.0,29
2023-05-10 10:10:23,TA401C5000,TA401C5000,493.5,0.0,0.0,0.0,5,485.5,491.5,5,493.5,0.0,0.0,0.0,0.0,0.0,29
2023-05-10 10:11:13,TA401C5000,TA401C5000,493.5,0.0,0.0,0.0,5,485.5,490.0,5,493.5,0.0,0.0,0.0,0.0,0.0,29
2023-05-10 10:11:18,TA401C5000,TA401C5000,493.5,0.0,0.0,0.0,5,483.5,490.0,5,493.5,0.0,0.0,0.0,0.0,0.0,29
2023-05-10 10:11:50,TA401C5000,TA401C5000,493.5,0.0,0.0,0.0,5,483.5,488.5,5,493.5,0.0,0.0,0.0,0.0,0.0,29
2023-05-10 10:11:50,TA401C5000,TA401C5000,493.5,0.0,0.0,0.0,1,382.0,488.5,5,493.5,0.0,0.0,0.0,0.0,0.0,29
2023-05-10 10:11:52,TA401C5000,TA401C5000,493.5,0.0,0.0,0.0,5,481.0,488.5,5,493.5,0.0,0.0,0.0,0.0,0.0,29
2023-05-10 10:12:23,TA401C5000,TA401C5000,493.5,0.0,0.0,0.0,5,483.0,488.5,5,493.5,0.0,0.0,0.0,0.0,0.0,29
2023-05-10 10:13:25,TA401C5000,TA401C5000,493.5,0.0,0.0,0.0,5,481.0,488.5,5,493.5,0.0,0.0,0.0,0.0,0.0,29
2023-05-10 10:14:32,TA401C5000,TA401C5000,493.5,0.0,0.0,0.0,5,481.0,487.0,5,493.5,0.0,0.0,0.0,0.0,0.0,29
2023-05-10 10:30:31,TA401C5000,TA401C5000,493.5,0.0,0.0,0.0,5,478.5,485.5,5,493.5,0.0,0.0,0.0,0.0,0.0,29
2023-05-10 10:30:57,TA401C5000,TA401C5000,493.5,0.0,0.0,0.0,5,478.5,484.0,5,493.5,0.0,0.0,0.0,0.0,0.0,29
2023-05-10 10:31:22,TA401C5000,TA401C5000,493.5,0.0,0.0,0.0,1,382.0,484.0,5,493.5,0.0,0.0,0.0,0.0,0.0,29
2023-05-10 10:31:26,TA401C5000,TA401C5000,493.5,0.0,0.0,0.0,5,475.5,484.0,5,493.5,0.0,0.0,0.0,0.0,0.0,29
2023-05-10 10:31:27,TA401C5000,TA401C5000,493.5,0.0,0.0,0.0,5,475.5,482.0,5,493.5,0.0,0.0,0.0,0.0,0.0,29
2023-05-10 10:32:01,TA401C5000,TA401C5000,493.5,0.0,0.0,0.0,5,477.5,482.0,5,493.5,0.0,0.0,0.0,0.0,0.0,29
2023-05-10 10:32:04,TA401C5000,TA401C5000,493.5,0.0,0.0,0.0,5,477.5,484.0,5,493.5,0.0,0.0,0.0,0.0,0.0,29
2023-05-10 10:34:31,TA401C5000,TA401C5000,493.5,0.0,0.0,0.0,5,479.0,484.0,5,493.5,0.0,0.0,0.0,0.0,0.0,29
2023-05-10 10:34:41,TA401C5000,TA401C5000,493.5,0.0,0.0,0.0,5,479.0,591.5,1,493.5,0.0,0.0,0.0,0.0,0.0,29
2023-05-10 10:34:43,TA401C5000,TA401C5000,493.5,0.0,0.0,0.0,5,479.0,487.0,5,493.5,0.0,0.0,0.0,0.0,0.0,29
2023-05-10 10:35:03,TA401C5000,TA401C5000,493.5,0.0,0.0,0.0,5,479.0,485.5,5,493.5,0.0,0.0,0.0,0.0,0.0,29
2023-05-10 10:35:32,TA401C5000,TA401C5000,493.5,0.0,0.0,0.0,5,479.0,484.0,5,493.5,0.0,0.0,0.0,0.0,0.0,29
2023-05-10 10:36:08,TA401C5000,TA401C5000,493.5,0.0,0.0,0.0,5,477.5,484.0,5,493.5,0.0,0.0,0.0,0.0,0.0,29
2023-05-10 10:36:10,TA401C5000,TA401C5000,493.5,0.0,0.0,0.0,1,382.0,484.0,5,493.5,0.0,0.0,0.0,0.0,0.0,29
2023-05-10 10:36:10,TA401C5000,TA401C5000,493.5,0.0,0.0,0.0,5,475.5,484.0,5,493.5,0.0,0.0,0.0,0.0,0.0,29
2023-05-10 10:36:13,TA401C5000,TA401C5000,493.5,0.0,0.0,0.0,5,475.5,482.0,5,493.5,0.0,0.0,0.0,0.0,0.0,29
2023-05-10 10:38:04,TA401C5000,TA401C5000,493.5,0.0,0.0,0.0,5,475.5,480.0,5,493.5,0.0,0.0,0.0,0.0,0.0,29
2023-05-10 10:38:17,TA401C5000,TA401C5000,493.5,0.0,0.0,0.0,5,472.5,480.0,5,493.5,0.0,0.0,0.0,0.0,0.0,29
2023-05-10 10:38:37,TA401C5000,TA401C5000,493.5,0.0,0.0,0.0,5,472.5,478.0,5,493.5,0.0,0.0,0.0,0.0,0.0,29
2023-05-10 10:38:48,TA401C5000,TA401C5000,493.5,0.0,0.0,0.0,1,382.0,478.0,5,493.5,0.0,0.0,0.0,0.0,0.0,29
2023-05-10 10:38:51,TA401C5000,TA401C5000,493.5,0.0,0.0,0.0,5,471.0,478.0,5,493.5,0.0,0.0,0.0,0.0,0.0,29
2023-05-10 10:39:04,TA401C5000,TA401C5000,493.5,0.0,0.0,0.0,5,471.0,476.5,5,493.5,0.0,0.0,0.0,0.0,0.0,29
2023-05-10 10:39:09,TA401C5000,TA401C5000,493.5,0.0,0.0,0.0,1,382.0,476.5,5,493.5,0.0,0.0,0.0,0.0,0.0,29
2023-05-10 10:39:11,TA401C5000,TA401C5000,493.5,0.0,0.0,0.0,1,382.0,473.5,5,493.5,0.0,0.0,0.0,0.0,0.0,29
2023-05-10 10:39:12,TA401C5000,TA401C5000,493.5,0.0,0.0,0.0,5,467.0,473.5,5,493.5,0.0,0.0,0.0,0.0,0.0,29
2023-05-10 10:40:36,TA401C5000,TA401C5000,493.5,0.0,0.0,0.0,5,468.5,473.5,5,493.5,0.0,0.0,0.0,0.0,0.0,29
2023-05-10 10:41:10,TA401C5000,TA401C5000,493.5,0.0,0.0,0.0,5,468.5,476.5,5,493.5,0.0,0.0,0.0,0.0,0.0,29
2023-05-10 10:41:44,TA401C5000,TA401C5000,493.5,0.0,0.0,0.0,5,468.5,475.0,5,493.5,0.0,0.0,0.0,0.0,0.0,29
2023-05-10 10:42:20,TA401C5000,TA401C5000,493.5,0.0,0.0,0.0,5,470.5,475.0,5,493.5,0.0,0.0,0.0,0.0,0.0,29
2023-05-10 10:42:22,TA401C5000,TA401C5000,493.5,0.0,0.0,0.0,5,470.5,476.5,5,493.5,0.0,0.0,0.0,0.0,0.0,29
2023-05-10 10:44:07,TA401C5000,TA401C5000,493.5,0.0,0.0,0.0,5,470.5,591.5,1,493.5,0.0,0.0,0.0,0.0,0.0,29
2023-05-10 10:44:09,TA401C5000,TA401C5000,493.5,0.0,0.0,0.0,5,472.0,591.5,1,493.5,0.0,0.0,0.0,0.0,0.0,29
2023-05-10 10:44:10,TA401C5000,TA401C5000,493.5,0.0,0.0,0.0,5,472.0,479.5,5,493.5,0.0,0.0,0.0,0.0,0.0,29
2023-05-10 10:45:47,TA401C5000,TA401C5000,493.5,0.0,0.0,0.0,5,473.5,479.5,5,493.5,0.0,0.0,0.0,0.0,0.0,29
2023-05-10 10:47:12,TA401C5000,TA401C5000,493.5,0.0,0.0,0.0,5,472.0,477.5,5,493.5,0.0,0.0,0.0,0.0,0.0,29
2023-05-10 10:48:02,TA401C5000,TA401C5000,493.5,0.0,0.0,0.0,1,382.0,477.5,5,493.5,0.0,0.0,0.0,0.0,0.0,29
2023-05-10 10:48:04,TA401C5000,TA401C5000,493.5,0.0,0.0,0.0,5,469.5,477.5,5,493.5,0.0,0.0,0.0,0.0,0.0,29
2023-05-10 10:48:10,TA401C5000,TA401C5000,493.5,0.0,0.0,0.0,5,469.5,476.0,5,493.5,0.0,0.0,0.0,0.0,0.0,29
2023-05-10 10:48:51,TA401C5000,TA401C5000,493.5,0.0,0.0,0.0,5,469.5,474.0,5,493.5,0.0,0.0,0.0,0.0,0.0,29
2023-05-10 10:49:16,TA401C5000,TA401C5000,493.5,0.0,0.0,0.0,5,469.5,476.0,5,493.5,0.0,0.0,0.0,0.0,0.0,29
2023-05-10 10:51:01,TA401C5000,TA401C5000,493.5,0.0,0.0,0.0,5,471.5,476.0,5,493.5,0.0,0.0,0.0,0.0,0.0,29
2023-05-10 10:51:03,TA401C5000,TA401C5000,493.5,0.0,0.0,0.0,5,471.5,591.5,1,493.5,0.0,0.0,0.0,0.0,0.0,29
2023-05-10 10:51:03,TA401C5000,TA401C5000,493.5,0.0,0.0,0.0,5,471.5,478.5,5,493.5,0.0,0.0,0.0,0.0,0.0,29
2023-05-10 10:51:30,TA401C5000,TA401C5000,493.5,0.0,0.0,0.0,5,471.5,477.0,5,493.5,0.0,0.0,0.0,0.0,0.0,29
2023-05-10 10:55:24,TA401C5000,TA401C5000,493.5,0.0,0.0,0.0,5,469.5,477.0,5,493.5,0.0,0.0,0.0,0.0,0.0,29
2023-05-10 10:55:38,TA401C5000,TA401C5000,493.5,0.0,0.0,0.0,5,471.0,477.0,5,493.5,0.0,0.0,0.0,0.0,0.0,29
2023-05-10 10:58:26,TA401C5000,TA401C5000,493.5,0.0,0.0,0.0,5,469.5,477.0,5,493.5,0.0,0.0,0.0,0.0,0.0,29
2023-05-10 10:58:28,TA401C5000,TA401C5000,493.5,0.0,0.0,0.0,5,469.5,474.5,5,493.5,0.0,0.0,0.0,0.0,0.0,29
2023-05-10 10:58:54,TA401C5000,TA401C5000,493.5,0.0,0.0,0.0,5,469.5,477.0,5,493.5,0.0,0.0,0.0,0.0,0.0,29
2023-05-10 10:59:11,TA401C5000,TA401C5000,493.5,0.0,0.0,0.0,5,471.0,477.0,5,493.5,0.0,0.0,0.0,0.0,0.0,29
2023-05-10 11:00:10,TA401C5000,TA401C5000,493.5,0.0,0.0,0.0,5,471.0,591.5,1,493.5,0.0,0.0,0.0,0.0,0.0,29
2023-05-10 11:00:12,TA401C5000,TA401C5000,493.5,0.0,0.0,0.0,5,471.0,480.5,5,493.5,0.0,0.0,0.0,0.0,0.0,29
2023-05-10 11:00:13,TA401C5000,TA401C5000,493.5,0.0,0.0,0.0,5,474.0,480.5,5,493.5,0.0,0.0,0.0,0.0,0.0,29
2023-05-10 11:04:50,TA401C5000,TA401C5000,493.5,0.0,0.0,0.0,5,474.0,478.5,5,493.5,0.0,0.0,0.0,0.0,0.0,29
2023-05-10 11:04:58,TA401C5000,TA401C5000,493.5,0.0,0.0,0.0,5,471.0,478.5,5,493.5,0.0,0.0,0.0,0.0,0.0,29
2023-05-10 11:05:05,TA401C5000,TA401C5000,493.5,0.0,0.0,0.0,5,472.5,478.5,5,493.5,0.0,0.0,0.0,0.0,0.0,29
2023-05-10 11:05:10,TA401C5000,TA401C5000,493.5,0.0,0.0,0.0,5,474.0,478.5,5,493.5,0.0,0.0,0.0,0.0,0.0,29
2023-05-10 11:05:18,TA401C5000,TA401C5000,493.5,0.0,0.0,0.0,5,474.0,480.5,5,493.5,0.0,0.0,0.0,0.0,0.0,29
2023-05-10 11:05:20,TA401C5000,TA401C5000,493.5,0.0,0.0,0.0,5,476.0,480.5,5,493.5,0.0,0.0,0.0,0.0,0.0,29
2023-05-10 11:05:21,TA401C5000,TA401C5000,493.5,0.0,0.0,0.0,5,476.0,591.5,1,493.5,0.0,0.0,0.0,0.0,0.0,29
2023-05-10 11:05:21,TA401C5000,TA401C5000,493.5,0.0,0.0,0.0,5,476.0,483.0,5,493.5,0.0,0.0,0.0,0.0,0.0,29
2023-05-10 11:05:21,TA401C5000,TA401C5000,493.5,0.0,0.0,0.0,5,476.0,591.5,1,493.5,0.0,0.0,0.0,0.0,0.0,29
2023-05-10 11:05:21,TA401C5000,TA401C5000,493.5,0.0,0.0,0.0,5,476.0,483.0,5,493.5,0.0,0.0,0.0,0.0,0.0,29
2023-05-10 11:05:55,TA401C5000,TA401C5000,493.5,0.0,0.0,0.0,5,476.0,481.5,5,493.5,0.0,0.0,0.0,0.0,0.0,29
2023-05-10 11:08:47,TA401C5000,TA401C5000,493.5,0.0,0.0,0.0,5,474.0,479.5,5,493.5,0.0,0.0,0.0,0.0,0.0,29
2023-05-10 11:10:57,TA401C5000,TA401C5000,493.5,0.0,0.0,0.0,5,476.0,481.5,5,493.5,0.0,0.0,0.0,0.0,0.0,29
2023-05-10 11:11:08,TA401C5000,TA401C5000,493.5,0.0,0.0,0.0,5,474.0,481.5,5,493.5,0.0,0.0,0.0,0.0,0.0,29
2023-05-10 11:11:20,TA401C5000,TA401C5000,493.5,0.0,0.0,0.0,5,474.0,480.0,5,493.5,0.0,0.0,0.0,0.0,0.0,29
2023-05-10 11:15:04,TA401C5000,TA401C5000,493.5,0.0,0.0,0.0,5,474.0,478.5,5,493.5,0.0,0.0,0.0,0.0,0.0,29
2023-05-10 11:15:04,TA401C5000,TA401C5000,493.5,0.0,0.0,0.0,1,382.0,478.5,5,493.5,0.0,0.0,0.0,0.0,0.0,29
2023-05-10 11:15:05,TA401C5000,TA401C5000,493.5,0.0,0.0,0.0,5,471.5,478.5,5,493.5,0.0,0.0,0.0,0.0,0.0,29
2023-05-10 11:15:39,TA401C5000,TA401C5000,493.5,0.0,0.0,0.0,5,471.5,476.5,5,493.5,0.0,0.0,0.0,0.0,0.0,29
2023-05-10 11:15:46,TA401C5000,TA401C5000,493.5,0.0,0.0,0.0,1,382.0,476.5,5,493.5,0.0,0.0,0.0,0.0,0.0,29
2023-05-10 11:15:47,TA401C5000,TA401C5000,493.5,0.0,0.0,0.0,5,469.0,476.5,5,493.5,0.0,0.0,0.0,0.0,0.0,29
2023-05-10 11:15:55,TA401C5000,TA401C5000,493.5,0.0,0.0,0.0,5,469.0,475.0,5,493.5,0.0,0.0,0.0,0.0,0.0,29
2023-05-10 11:16:03,TA401C5000,TA401C5000,493.5,0.0,0.0,0.0,5,469.0,473.5,5,493.5,0.0,0.0,0.0,0.0,0.0,29
2023-05-10 11:16:04,TA401C5000,TA401C5000,493.5,0.0,0.0,0.0,1,382.0,473.5,5,493.5,0.0,0.0,0.0,0.0,0.0,29
2023-05-10 11:16:06,TA401C5000,TA401C5000,493.5,0.0,0.0,0.0,5,466.5,473.5,5,493.5,0.0,0.0,0.0,0.0,0.0,29
2023-05-10 11:16:33,TA401C5000,TA401C5000,493.5,0.0,0.0,0.0,5,466.5,471.5,5,493.5,0.0,0.0,0.0,0.0,0.0,29
2023-05-10 11:17:10,TA401C5000,TA401C5000,493.5,0.0,0.0,0.0,5,466.5,473.5,5,493.5,0.0,0.0,0.0,0.0,0.0,29
2023-05-10 11:17:12,TA401C5000,TA401C5000,493.5,0.0,0.0,0.0,5,466.5,591.5,1,493.5,0.0,0.0,0.0,0.0,0.0,29
2023-05-10 11:17:14,TA401C5000,TA401C5000,493.5,0.0,0.0,0.0,5,469.0,475.5,5,493.5,0.0,0.0,0.0,0.0,0.0,29
2023-05-10 11:20:03,TA401C5000,TA401C5000,493.5,0.0,0.0,0.0,5,471.0,475.5,5,493.5,0.0,0.0,0.0,0.0,0.0,29
2023-05-10 11:20:19,TA401C5000,TA401C5000,493.5,0.0,0.0,0.0,5,471.0,478.0,5,493.5,0.0,0.0,0.0,0.0,0.0,29
2023-05-10 11:21:17,TA401C5000,TA401C5000,493.5,0.0,0.0,0.0,5,471.0,476.5,5,493.5,0.0,0.0,0.0,0.0,0.0,29
2023-05-10 11:22:13,TA401C5000,TA401C5000,493.5,0.0,0.0,0.0,5,471.0,478.0,5,493.5,0.0,0.0,0.0,0.0,0.0,29
2023-05-10 11:23:32,TA401C5000,TA401C5000,493.5,0.0,0.0,0.0,5,471.0,476.5,5,493.5,0.0,0.0,0.0,0.0,0.0,29
2023-05-10 11:25:40,TA401C5000,TA401C5000,493.5,0.0,0.0,0.0,5,469.0,475.0,5,493.5,0.0,0.0,0.0,0.0,0.0,29
2023-05-10 11:27:28,TA401C5000,TA401C5000,493.5,0.0,0.0,0.0,5,470.5,475.0,5,493.5,0.0,0.0,0.0,0.0,0.0,29
2023-05-10 11:27:30,TA401C5000,TA401C5000,493.5,0.0,0.0,0.0,5,470.5,476.5,5,493.5,0.0,0.0,0.0,0.0,0.0,29
2023-05-10 11:29:17,TA401C5000,TA401C5000,493.5,0.0,0.0,0.0,5,472.0,476.5,5,493.5,0.0,0.0,0.0,0.0,0.0,29
2023-05-10 11:29:18,TA401C5000,TA401C5000,493.5,0.0,0.0,0.0,5,472.0,591.5,1,493.5,0.0,0.0,0.0,0.0,0.0,29
2023-05-10 11:29:19,TA401C5000,TA401C5000,493.5,0.0,0.0,0.0,5,472.0,479.0,5,493.5,0.0,0.0,0.0,0.0,0.0,29
2023-05-10 11:29:25,TA401C5000,TA401C5000,493.5,0.0,0.0,0.0,1,382.0,591.5,1,493.5,0.0,0.0,0.0,0.0,0.0,29
2023-05-10 13:30:56,TA401C5000,TA401C5000,493.5,0.0,0.0,0.0,1,382.0,480.5,5,493.5,0.0,0.0,0.0,0.0,0.0,29
2023-05-10 13:30:57,TA401C5000,TA401C5000,493.5,0.0,0.0,0.0,5,473.5,480.5,5,493.5,0.0,0.0,0.0,0.0,0.0,29
2023-05-10 13:31:24,TA401C5000,TA401C5000,493.5,0.0,0.0,0.0,5,473.5,478.5,5,493.5,0.0,0.0,0.0,0.0,0.0,29
2023-05-10 13:32:03,TA401C5000,TA401C5000,493.5,0.0,0.0,0.0,1,382.0,478.5,5,493.5,0.0,0.0,0.0,0.0,0.0,29
2023-05-10 13:32:05,TA401C5000,TA401C5000,493.5,0.0,0.0,0.0,5,471.5,478.5,5,493.5,0.0,0.0,0.0,0.0,0.0,29
2023-05-10 13:32:50,TA401C5000,TA401C5000,493.5,0.0,0.0,0.0,5,473.0,478.5,5,493.5,0.0,0.0,0.0,0.0,0.0,29
2023-05-10 13:33:14,TA401C5000,TA401C5000,493.5,0.0,0.0,0.0,5,473.0,480.5,5,493.5,0.0,0.0,0.0,0.0,0.0,29
2023-05-10 13:33:19,TA401C5000,TA401C5000,493.5,0.0,0.0,0.0,5,474.5,480.5,5,493.5,0.0,0.0,0.0,0.0,0.0,29
2023-05-10 13:34:58,TA401C5000,TA401C5000,493.5,0.0,0.0,0.0,5,474.5,479.0,5,493.5,0.0,0.0,0.0,0.0,0.0,29
2023-05-10 13:34:58,TA401C5000,TA401C5000,493.5,0.0,0.0,0.0,5,473.0,479.0,5,493.5,0.0,0.0,0.0,0.0,0.0,29
2023-05-10 13:35:13,TA401C5000,TA401C5000,493.5,0.0,0.0,0.0,5,470.5,477.5,5,493.5,0.0,0.0,0.0,0.0,0.0,29
2023-05-10 13:36:22,TA401C5000,TA401C5000,493.5,0.0,0.0,0.0,5,472.5,477.5,5,493.5,0.0,0.0,0.0,0.0,0.0,29
2023-05-10 13:38:34,TA401C5000,TA401C5000,493.5,0.0,0.0,0.0,5,472.5,479.0,5,493.5,0.0,0.0,0.0,0.0,0.0,29
2023-05-10 13:38:52,TA401C5000,TA401C5000,493.5,0.0,0.0,0.0,5,474.0,591.5,1,493.5,0.0,0.0,0.0,0.0,0.0,29
2023-05-10 13:38:54,TA401C5000,TA401C5000,493.5,0.0,0.0,0.0,5,474.0,481.0,5,493.5,0.0,0.0,0.0,0.0,0.0,29
2023-05-10 13:39:21,TA401C5000,TA401C5000,493.5,0.0,0.0,0.0,5,474.0,479.0,5,493.5,0.0,0.0,0.0,0.0,0.0,29
2023-05-10 13:39:24,TA401C5000,TA401C5000,493.5,0.0,0.0,0.0,5,472.5,479.0,5,493.5,0.0,0.0,0.0,0.0,0.0,29
2023-05-10 13:39:30,TA401C5000,TA401C5000,493.5,0.0,0.0,0.0,5,472.5,477.0,5,493.5,0.0,0.0,0.0,0.0,0.0,29
2023-05-10 13:40:14,TA401C5000,TA401C5000,493.5,0.0,0.0,0.0,1,382.0,477.0,5,493.5,0.0,0.0,0.0,0.0,0.0,29
2023-05-10 13:40:15,TA401C5000,TA401C5000,493.5,0.0,0.0,0.0,5,470.0,477.0,5,493.5,0.0,0.0,0.0,0.0,0.0,29
2023-05-10 13:40:24,TA401C5000,TA401C5000,493.5,0.0,0.0,0.0,5,470.0,475.0,5,493.5,0.0,0.0,0.0,0.0,0.0,29
2023-05-10 13:40:27,TA401C5000,TA401C5000,493.5,0.0,0.0,0.0,1,382.0,475.0,5,493.5,0.0,0.0,0.0,0.0,0.0,29
2023-05-10 13:40:27,TA401C5000,TA401C5000,493.5,0.0,0.0,0.0,5,467.0,475.0,5,493.5,0.0,0.0,0.0,0.0,0.0,29
2023-05-10 13:40:44,TA401C5000,TA401C5000,493.5,0.0,0.0,0.0,5,467.0,473.0,5,493.5,0.0,0.0,0.0,0.0,0.0,29
2023-05-10 13:41:08,TA401C5000,TA401C5000,493.5,0.0,0.0,0.0,1,382.0,473.0,5,493.5,0.0,0.0,0.0,0.0,0.0,29
2023-05-10 13:41:10,TA401C5000,TA401C5000,493.5,0.0,0.0,0.0,5,465.5,473.0,5,493.5,0.0,0.0,0.0,0.0,0.0,29
2023-05-10 13:42:25,TA401C5000,TA401C5000,493.5,0.0,0.0,0.0,5,467.0,473.0,5,493.5,0.0,0.0,0.0,0.0,0.0,29
2023-05-10 13:47:25,TA401C5000,TA401C5000,493.5,0.0,0.0,0.0,5,467.0,471.5,5,493.5,0.0,0.0,0.0,0.0,0.0,29
2023-05-10 13:47:35,TA401C5000,TA401C5000,493.5,0.0,0.0,0.0,5,465.5,471.5,5,493.5,0.0,0.0,0.0,0.0,0.0,29
2023-05-10 13:49:08,TA401C5000,TA401C5000,493.5,0.0,0.0,0.0,1,382.0,469.5,5,493.5,0.0,0.0,0.0,0.0,0.0,29
2023-05-10 13:49:09,TA401C5000,TA401C5000,493.5,0.0,0.0,0.0,5,463.0,469.5,5,493.5,0.0,0.0,0.0,0.0,0.0,29
2023-05-10 13:49:58,TA401C5000,TA401C5000,493.5,0.0,0.0,0.0,5,463.0,468.0,5,493.5,0.0,0.0,0.0,0.0,0.0,29
2023-05-10 13:50:00,TA401C5000,TA401C5000,493.5,0.0,0.0,0.0,1,382.0,468.0,5,493.5,0.0,0.0,0.0,0.0,0.0,29
2023-05-10 13:50:02,TA401C5000,TA401C5000,493.5,0.0,0.0,0.0,5,460.5,468.0,5,493.5,0.0,0.0,0.0,0.0,0.0,29
2023-05-10 13:50:03,TA401C5000,TA401C5000,493.5,0.0,0.0,0.0,5,462.0,468.0,5,493.5,0.0,0.0,0.0,0.0,0.0,29
2023-05-10 13:51:11,TA401C5000,TA401C5000,493.5,0.0,0.0,0.0,5,460.5,468.0,5,493.5,0.0,0.0,0.0,0.0,0.0,29
2023-05-10 13:51:16,TA401C5000,TA401C5000,493.5,0.0,0.0,0.0,5,460.5,466.0,5,493.5,0.0,0.0,0.0,0.0,0.0,29
2023-05-10 13:52:13,TA401C5000,TA401C5000,493.5,0.0,0.0,0.0,5,460.5,468.0,5,493.5,0.0,0.0,0.0,0.0,0.0,29
2023-05-10 13:52:24,TA401C5000,TA401C5000,493.5,0.0,0.0,0.0,5,462.0,468.0,5,493.5,0.0,0.0,0.0,0.0,0.0,29
2023-05-10 13:54:53,TA401C5000,TA401C5000,493.5,0.0,0.0,0.0,5,464.0,591.5,1,493.5,0.0,0.0,0.0,0.0,0.0,29
2023-05-10 13:54:54,TA401C5000,TA401C5000,493.5,0.0,0.0,0.0,5,464.0,470.0,5,493.5,0.0,0.0,0.0,0.0,0.0,29
2023-05-10 13:55:52,TA401C5000,TA401C5000,493.5,0.0,0.0,0.0,5,465.5,470.0,5,493.5,0.0,0.0,0.0,0.0,0.0,29
2023-05-10 13:55:54,TA401C5000,TA401C5000,493.5,0.0,0.0,0.0,5,465.5,591.5,1,493.5,0.0,0.0,0.0,0.0,0.0,29
2023-05-10 13:55:54,TA401C5000,TA401C5000,493.5,0.0,0.0,0.0,5,465.5,472.0,5,493.5,0.0,0.0,0.0,0.0,0.0,29
2023-05-10 14:00:52,TA401C5000,TA401C5000,493.5,0.0,0.0,0.0,5,467.0,472.0,5,493.5,0.0,0.0,0.0,0.0,0.0,29
2023-05-10 14:01:18,TA401C5000,TA401C5000,493.5,0.0,0.0,0.0,5,465.5,472.0,5,493.5,0.0,0.0,0.0,0.0,0.0,29
2023-05-10 14:01:22,TA401C5000,TA401C5000,493.5,0.0,0.0,0.0,5,465.5,470.0,5,493.5,0.0,0.0,0.0,0.0,0.0,29
2023-05-10 14:01:27,TA401C5000,TA401C5000,493.5,0.0,0.0,0.0,5,463.0,470.0,5,493.5,0.0,0.0,0.0,0.0,0.0,29
2023-05-10 14:01:38,TA401C5000,TA401C5000,493.5,0.0,0.0,0.0,5,464.5,470.0,5,493.5,0.0,0.0,0.0,0.0,0.0,29
2023-05-10 14:02:19,TA401C5000,TA401C5000,493.5,0.0,0.0,0.0,5,463.0,470.0,5,493.5,0.0,0.0,0.0,0.0,0.0,29
2023-05-10 14:02:22,TA401C5000,TA401C5000,493.5,0.0,0.0,0.0,5,463.0,468.5,5,493.5,0.0,0.0,0.0,0.0,0.0,29
2023-05-10 14:05:00,TA401C5000,TA401C5000,493.5,0.0,0.0,0.0,5,464.5,470.0,5,493.5,0.0,0.0,0.0,0.0,0.0,29
2023-05-10 14:05:32,TA401C5000,TA401C5000,493.5,0.0,0.0,0.0,5,463.0,470.0,5,493.5,0.0,0.0,0.0,0.0,0.0,29
2023-05-10 14:05:32,TA401C5000,TA401C5000,493.5,0.0,0.0,0.0,5,463.0,468.5,5,493.5,0.0,0.0,0.0,0.0,0.0,29
2023-05-10 14:08:01,TA401C5000,TA401C5000,493.5,0.0,0.0,0.0,5,464.5,470.0,5,493.5,0.0,0.0,0.0,0.0,0.0,29
2023-05-10 14:09:15,TA401C5000,TA401C5000,493.5,0.0,0.0,0.0,5,463.0,470.0,5,493.5,0.0,0.0,0.0,0.0,0.0,29
2023-05-10 14:09:36,TA401C5000,TA401C5000,493.5,0.0,0.0,0.0,5,463.0,468.5,5,493.5,0.0,0.0,0.0,0.0,0.0,29
2023-05-10 14:10:07,TA401C5000,TA401C5000,493.5,0.0,0.0,0.0,5,464.5,470.0,5,493.5,0.0,0.0,0.0,0.0,0.0,29
2023-05-10 14:10:48,TA401C5000,TA401C5000,493.5,0.0,0.0,0.0,5,466.0,472.0,5,493.5,0.0,0.0,0.0,0.0,0.0,29
2023-05-10 14:14:23,TA401C5000,TA401C5000,493.5,0.0,0.0,0.0,5,466.0,470.5,5,493.5,0.0,0.0,0.0,0.0,0.0,29
2023-05-10 14:14:30,TA401C5000,TA401C5000,493.5,0.0,0.0,0.0,5,464.5,470.5,5,493.5,0.0,0.0,0.0,0.0,0.0,29
2023-05-10 14:15:06,TA401C5000,TA401C5000,493.5,0.0,0.0,0.0,5,466.0,470.5,5,493.5,0.0,0.0,0.0,0.0,0.0,29
2023-05-10 14:15:10,TA401C5000,TA401C5000,493.5,0.0,0.0,0.0,5,466.0,472.0,5,493.5,0.0,0.0,0.0,0.0,0.0,29
2023-05-10 14:15:12,TA401C5000,TA401C5000,493.5,0.0,0.0,0.0,5,467.5,472.0,5,493.5,0.0,0.0,0.0,0.0,0.0,29
2023-05-10 14:15:40,TA401C5000,TA401C5000,493.5,0.0,0.0,0.0,5,466.0,472.0,5,493.5,0.0,0.0,0.0,0.0,0.0,29
2023-05-10 14:16:10,TA401C5000,TA401C5000,493.5,0.0,0.0,0.0,5,466.0,470.5,5,493.5,0.0,0.0,0.0,0.0,0.0,29
2023-05-10 14:16:29,TA401C5000,TA401C5000,493.5,0.0,0.0,0.0,5,466.0,472.0,5,493.5,0.0,0.0,0.0,0.0,0.0,29
2023-05-10 14:17:03,TA401C5000,TA401C5000,493.5,0.0,0.0,0.0,5,467.5,472.0,5,493.5,0.0,0.0,0.0,0.0,0.0,29
2023-05-10 14:17:05,TA401C5000,TA401C5000,493.5,0.0,0.0,0.0,5,467.5,591.5,1,493.5,0.0,0.0,0.0,0.0,0.0,29
2023-05-10 14:17:06,TA401C5000,TA401C5000,493.5,0.0,0.0,0.0,5,467.5,474.0,5,493.5,0.0,0.0,0.0,0.0,0.0,29
2023-05-10 14:17:31,TA401C5000,TA401C5000,493.5,0.0,0.0,0.0,5,469.0,474.0,5,493.5,0.0,0.0,0.0,0.0,0.0,29
2023-05-10 14:18:52,TA401C5000,TA401C5000,493.5,0.0,0.0,0.0,5,467.5,474.0,5,493.5,0.0,0.0,0.0,0.0,0.0,29
2023-05-10 14:19:06,TA401C5000,TA401C5000,493.5,0.0,0.0,0.0,5,467.5,472.5,5,493.5,0.0,0.0,0.0,0.0,0.0,29
2023-05-10 14:19:20,TA401C5000,TA401C5000,493.5,0.0,0.0,0.0,1,382.0,472.5,5,493.5,0.0,0.0,0.0,0.0,0.0,29
2023-05-10 14:19:21,TA401C5000,TA401C5000,493.5,0.0,0.0,0.0,5,465.0,472.5,5,493.5,0.0,0.0,0.0,0.0,0.0,29
2023-05-10 14:19:38,TA401C5000,TA401C5000,493.5,0.0,0.0,0.0,5,465.0,471.0,5,493.5,0.0,0.0,0.0,0.0,0.0,29
2023-05-10 14:23:35,TA401C5000,TA401C5000,493.5,0.0,0.0,0.0,5,466.5,471.0,5,493.5,0.0,0.0,0.0,0.0,0.0,29
2023-05-10 14:24:10,TA401C5000,TA401C5000,493.5,0.0,0.0,0.0,5,465.0,471.0,5,493.5,0.0,0.0,0.0,0.0,0.0,29
2023-05-10 14:24:56,TA401C5000,TA401C5000,493.5,0.0,0.0,0.0,5,465.0,469.5,5,493.5,0.0,0.0,0.0,0.0,0.0,29
2023-05-10 14:26:27,TA401C5000,TA401C5000,493.5,0.0,0.0,0.0,5,465.0,471.0,5,493.5,0.0,0.0,0.0,0.0,0.0,29
2023-05-10 14:26:28,TA401C5000,TA401C5000,493.5,0.0,0.0,0.0,5,466.5,471.0,5,493.5,0.0,0.0,0.0,0.0,0.0,29
2023-05-10 14:26:35,TA401C5000,TA401C5000,493.5,0.0,0.0,0.0,5,465.0,471.0,5,493.5,0.0,0.0,0.0,0.0,0.0,29
2023-05-10 14:26:59,TA401C5000,TA401C5000,493.5,0.0,0.0,0.0,5,465.0,469.5,5,493.5,0.0,0.0,0.0,0.0,0.0,29
2023-05-10 14:27:02,TA401C5000,TA401C5000,493.5,0.0,0.0,0.0,1,382.0,469.5,5,493.5,0.0,0.0,0.0,0.0,0.0,29
2023-05-10 14:27:04,TA401C5000,TA401C5000,493.5,0.0,0.0,0.0,5,462.5,469.5,5,493.5,0.0,0.0,0.0,0.0,0.0,29
2023-05-10 14:27:38,TA401C5000,TA401C5000,493.5,0.0,0.0,0.0,5,464.0,469.5,5,493.5,0.0,0.0,0.0,0.0,0.0,29
2023-05-10 14:28:06,TA401C5000,TA401C5000,493.5,0.0,0.0,0.0,5,462.5,469.5,5,493.5,0.0,0.0,0.0,0.0,0.0,29
2023-05-10 14:28:07,TA401C5000,TA401C5000,493.5,0.0,0.0,0.0,5,462.5,468.0,5,493.5,0.0,0.0,0.0,0.0,0.0,29
2023-05-10 14:28:24,TA401C5000,TA401C5000,493.5,0.0,0.0,0.0,1,382.0,468.0,5,493.5,0.0,0.0,0.0,0.0,0.0,29
2023-05-10 14:28:27,TA401C5000,TA401C5000,493.5,0.0,0.0,0.0,5,460.0,468.0,5,493.5,0.0,0.0,0.0,0.0,0.0,29
2023-05-10 14:28:28,TA401C5000,TA401C5000,493.5,0.0,0.0,0.0,5,460.0,466.0,5,493.5,0.0,0.0,0.0,0.0,0.0,29
2023-05-10 14:30:00,TA401C5000,TA401C5000,493.5,0.0,0.0,0.0,5,460.0,464.5,5,493.5,0.0,0.0,0.0,0.0,0.0,29
2023-05-10 14:30:56,TA401C5000,TA401C5000,493.5,0.0,0.0,0.0,5,458.0,464.5,5,493.5,0.0,0.0,0.0,0.0,0.0,29
2023-05-10 14:31:15,TA401C5000,TA401C5000,493.5,0.0,0.0,0.0,5,459.5,464.5,5,493.5,0.0,0.0,0.0,0.0,0.0,29
2023-05-10 14:31:41,TA401C5000,TA401C5000,493.5,0.0,0.0,0.0,5,458.0,464.5,5,493.5,0.0,0.0,0.0,0.0,0.0,29
2023-05-10 14:31:53,TA401C5000,TA401C5000,493.5,0.0,0.0,0.0,1,382.0,462.0,5,493.5,0.0,0.0,0.0,0.0,0.0,29
2023-05-10 14:31:55,TA401C5000,TA401C5000,493.5,0.0,0.0,0.0,5,455.5,462.0,5,493.5,0.0,0.0,0.0,0.0,0.0,29
2023-05-10 14:33:01,TA401C5000,TA401C5000,493.5,0.0,0.0,0.0,5,455.5,460.5,5,493.5,0.0,0.0,0.0,0.0,0.0,29
2023-05-10 14:33:03,TA401C5000,TA401C5000,493.5,0.0,0.0,0.0,1,382.0,460.5,5,493.5,0.0,0.0,0.0,0.0,0.0,29
2023-05-10 14:33:06,TA401C5000,TA401C5000,493.5,0.0,0.0,0.0,1,382.0,459.0,5,493.5,0.0,0.0,0.0,0.0,0.0,29
2023-05-10 14:33:07,TA401C5000,TA401C5000,493.5,0.0,0.0,0.0,5,453.0,459.0,5,493.5,0.0,0.0,0.0,0.0,0.0,29
2023-05-10 14:33:13,TA401C5000,TA401C5000,493.5,0.0,0.0,0.0,1,382.0,459.0,5,493.5,0.0,0.0,0.0,0.0,0.0,29
2023-05-10 14:33:13,TA401C5000,TA401C5000,493.5,0.0,0.0,0.0,2,388.5,456.5,5,493.5,0.0,0.0,0.0,0.0,0.0,29
2023-05-10 14:33:14,TA401C5000,TA401C5000,493.5,0.0,0.0,0.0,1,434.0,456.5,5,493.5,0.0,0.0,0.0,0.0,0.0,29
2023-05-10 14:33:14,TA401C5000,TA401C5000,493.5,0.0,0.0,0.0,5,451.0,456.5,5,493.5,0.0,0.0,0.0,0.0,0.0,29
2023-05-10 14:33:27,TA401C5000,TA401C5000,493.5,0.0,0.0,0.0,5,452.5,459.0,5,493.5,0.0,0.0,0.0,0.0,0.0,29
2023-05-10 14:33:57,TA401C5000,TA401C5000,493.5,0.0,0.0,0.0,5,452.5,457.0,5,493.5,0.0,0.0,0.0,0.0,0.0,29
2023-05-10 14:34:06,TA401C5000,TA401C5000,493.5,0.0,0.0,0.0,5,451.0,457.0,5,493.5,0.0,0.0,0.0,0.0,0.0,29
2023-05-10 14:34:10,TA401C5000,TA401C5000,493.5,0.0,0.0,0.0,1,434.0,457.0,5,493.5,0.0,0.0,0.0,0.0,0.0,29
2023-05-10 14:34:11,TA401C5000,TA401C5000,493.5,0.0,0.0,0.0,1,434.0,455.0,5,493.5,0.0,0.0,0.0,0.0,0.0,29
2023-05-10 14:34:14,TA401C5000,TA401C5000,493.5,0.0,0.0,0.0,5,449.0,455.0,5,493.5,0.0,0.0,0.0,0.0,0.0,29
2023-05-10 14:34:32,TA401C5000,TA401C5000,493.5,0.0,0.0,0.0,5,449.0,453.0,5,493.5,0.0,0.0,0.0,0.0,0.0,29
2023-05-10 14:34:33,TA401C5000,TA401C5000,493.5,0.0,0.0,0.0,1,434.0,453.0,5,493.5,0.0,0.0,0.0,0.0,0.0,29
2023-05-10 14:34:37,TA401C5000,TA401C5000,493.5,0.0,0.0,0.0,5,448.0,453.0,5,493.5,0.0,0.0,0.0,0.0,0.0,29
2023-05-10 14:34:37,TA401C5000,TA401C5000,493.5,0.0,0.0,0.0,5,448.0,455.0,5,493.5,0.0,0.0,0.0,0.0,0.0,29
2023-05-10 14:34:53,TA401C5000,TA401C5000,493.5,0.0,0.0,0.0,5,448.0,453.0,5,493.5,0.0,0.0,0.0,0.0,0.0,29
2023-05-10 14:34:56,TA401C5000,TA401C5000,493.5,0.0,0.0,0.0,1,434.0,453.0,5,493.5,0.0,0.0,0.0,0.0,0.0,29
2023-05-10 14:34:57,TA401C5000,TA401C5000,493.5,0.0,0.0,0.0,5,446.0,453.0,5,493.5,0.0,0.0,0.0,0.0,0.0,29
2023-05-10 14:35:44,TA401C5000,TA401C5000,493.5,0.0,0.0,0.0,5,446.0,451.5,5,493.5,0.0,0.0,0.0,0.0,0.0,29
2023-05-10 14:37:33,TA401C5000,TA401C5000,493.5,0.0,0.0,0.0,5,443.5,451.5,5,493.5,0.0,0.0,0.0,0.0,0.0,29
2023-05-10 14:37:42,TA401C5000,TA401C5000,493.5,0.0,0.0,0.0,5,443.5,450.0,5,493.5,0.0,0.0,0.0,0.0,0.0,29
2023-05-10 14:38:26,TA401C5000,TA401C5000,493.5,0.0,0.0,0.0,5,443.5,448.5,5,493.5,0.0,0.0,0.0,0.0,0.0,29
2023-05-10 14:38:32,TA401C5000,TA401C5000,493.5,0.0,0.0,0.0,1,434.0,448.5,5,493.5,0.0,0.0,0.0,0.0,0.0,29
2023-05-10 14:38:34,TA401C5000,TA401C5000,493.5,0.0,0.0,0.0,5,441.0,448.5,5,493.5,0.0,0.0,0.0,0.0,0.0,29
2023-05-10 14:38:39,TA401C5000,TA401C5000,493.5,0.0,0.0,0.0,5,441.0,446.5,5,493.5,0.0,0.0,0.0,0.0,0.0,29
2023-05-10 14:39:12,TA401C5000,TA401C5000,493.5,0.0,0.0,0.0,1,434.0,445.0,5,493.5,0.0,0.0,0.0,0.0,0.0,29
2023-05-10 14:39:13,TA401C5000,TA401C5000,493.5,0.0,0.0,0.0,5,438.5,445.0,5,493.5,0.0,0.0,0.0,0.0,0.0,29
2023-05-10 14:39:20,TA401C5000,TA401C5000,493.5,0.0,0.0,0.0,5,438.5,446.5,5,493.5,0.0,0.0,0.0,0.0,0.0,29
2023-05-10 14:39:21,TA401C5000,TA401C5000,493.5,0.0,0.0,0.0,5,440.0,446.5,5,493.5,0.0,0.0,0.0,0.0,0.0,29
2023-05-10 14:39:55,TA401C5000,TA401C5000,493.5,0.0,0.0,0.0,5,440.0,445.0,5,493.5,0.0,0.0,0.0,0.0,0.0,29
2023-05-10 14:40:01,TA401C5000,TA401C5000,493.5,0.0,0.0,0.0,5,438.5,445.0,5,493.5,0.0,0.0,0.0,0.0,0.0,29
2023-05-10 14:40:14,TA401C5000,TA401C5000,493.5,0.0,0.0,0.0,5,438.5,443.5,5,493.5,0.0,0.0,0.0,0.0,0.0,29
2023-05-10 14:40:27,TA401C5000,TA401C5000,493.5,0.0,0.0,0.0,5,438.5,445.0,5,493.5,0.0,0.0,0.0,0.0,0.0,29
2023-05-10 14:40:37,TA401C5000,TA401C5000,493.5,0.0,0.0,0.0,5,441.0,591.5,1,493.5,0.0,0.0,0.0,0.0,0.0,29
2023-05-10 14:40:38,TA401C5000,TA401C5000,493.5,0.0,0.0,0.0,5,441.0,544.5,1,493.5,0.0,0.0,0.0,0.0,0.0,29
2023-05-10 14:40:41,TA401C5000,TA401C5000,493.5,0.0,0.0,0.0,5,441.0,449.0,5,493.5,0.0,0.0,0.0,0.0,0.0,29
2023-05-10 14:40:47,TA401C5000,TA401C5000,493.5,0.0,0.0,0.0,5,443.0,449.0,5,493.5,0.0,0.0,0.0,0.0,0.0,29
2023-05-10 14:40:57,TA401C5000,TA401C5000,493.5,0.0,0.0,0.0,5,443.0,544.5,1,493.5,0.0,0.0,0.0,0.0,0.0,29
2023-05-10 14:40:59,TA401C5000,TA401C5000,493.5,0.0,0.0,0.0,5,443.0,451.5,5,493.5,0.0,0.0,0.0,0.0,0.0,29
2023-05-10 14:41:15,TA401C5000,TA401C5000,493.5,0.0,0.0,0.0,5,445.0,451.5,5,493.5,0.0,0.0,0.0,0.0,0.0,29
2023-05-10 14:42:00,TA401C5000,TA401C5000,493.5,0.0,0.0,0.0,5,446.5,544.5,1,493.5,0.0,0.0,0.0,0.0,0.0,29
2023-05-10 14:42:02,TA401C5000,TA401C5000,493.5,0.0,0.0,0.0,5,446.5,454.5,5,493.5,0.0,0.0,0.0,0.0,0.0,29
2023-05-10 14:42:07,TA401C5000,TA401C5000,493.5,0.0,0.0,0.0,5,448.5,454.5,5,493.5,0.0,0.0,0.0,0.0,0.0,29
2023-05-10 14:42:40,TA401C5000,TA401C5000,493.5,0.0,0.0,0.0,5,448.5,544.5,1,493.5,0.0,0.0,0.0,0.0,0.0,29
2023-05-10 14:42:44,TA401C5000,TA401C5000,493.5,0.0,0.0,0.0,5,448.5,457.0,5,493.5,0.0,0.0,0.0,0.0,0.0,29
2023-05-10 14:42:50,TA401C5000,TA401C5000,493.5,0.0,0.0,0.0,5,450.5,457.0,5,493.5,0.0,0.0,0.0,0.0,0.0,29
2023-05-10 14:44:01,TA401C5000,TA401C5000,493.5,0.0,0.0,0.0,5,450.5,544.5,1,493.5,0.0,0.0,0.0,0.0,0.0,29
2023-05-10 14:44:03,TA401C5000,TA401C5000,493.5,0.0,0.0,0.0,5,453.0,544.5,1,493.5,0.0,0.0,0.0,0.0,0.0,29
2023-05-10 14:44:06,TA401C5000,TA401C5000,493.5,0.0,0.0,0.0,5,453.0,460.5,5,493.5,0.0,0.0,0.0,0.0,0.0,29
2023-05-10 14:45:26,TA401C5000,TA401C5000,493.5,0.0,0.0,0.0,5,455.0,460.5,5,493.5,0.0,0.0,0.0,0.0,0.0,29
2023-05-10 14:46:01,TA401C5000,TA401C5000,493.5,0.0,0.0,0.0,5,455.0,544.5,1,493.5,0.0,0.0,0.0,0.0,0.0,29
2023-05-10 14:46:03,TA401C5000,TA401C5000,493.5,0.0,0.0,0.0,5,455.0,463.5,5,493.5,0.0,0.0,0.0,0.0,0.0,29
2023-05-10 14:46:52,TA401C5000,TA401C5000,493.5,0.0,0.0,0.0,5,457.0,463.5,5,493.5,0.0,0.0,0.0,0.0,0.0,29
2023-05-10 14:47:24,TA401C5000,TA401C5000,493.5,0.0,0.0,0.0,5,455.0,463.5,5,493.5,0.0,0.0,0.0,0.0,0.0,29
2023-05-10 14:47:28,TA401C5000,TA401C5000,493.5,0.0,0.0,0.0,5,455.0,461.5,5,493.5,0.0,0.0,0.0,0.0,0.0,29
2023-05-10 14:49:07,TA401C5000,TA401C5000,493.5,0.0,0.0,0.0,5,457.0,463.5,5,493.5,0.0,0.0,0.0,0.0,0.0,29
2023-05-10 14:55:27,TA401C5000,TA401C5000,493.5,0.0,0.0,0.0,5,457.0,462.0,5,493.5,0.0,0.0,0.0,0.0,0.0,29
2023-05-10 14:56:14,TA401C5000,TA401C5000,493.5,0.0,0.0,0.0,5,455.0,462.0,5,493.5,0.0,0.0,0.0,0.0,0.0,29
2023-05-10 14:56:21,TA401C5000,TA401C5000,493.5,0.0,0.0,0.0,5,455.0,460.5,5,493.5,0.0,0.0,0.0,0.0,0.0,29
2023-05-10 14:58:00,TA401C5000,TA401C5000,493.5,0.0,0.0,0.0,1,434.0,460.5,5,493.5,0.0,0.0,0.0,0.0,0.0,29
2023-05-10 14:58:01,TA401C5000,TA401C5000,493.5,0.0,0.0,0.0,5,452.5,460.5,5,493.5,0.0,0.0,0.0,0.0,0.0,29
2023-05-10 14:58:26,TA401C5000,TA401C5000,493.5,0.0,0.0,0.0,5,455.0,460.5,5,493.5,0.0,0.0,0.0,0.0,0.0,29
2023-05-10 14:58:31,TA401C5000,TA401C5000,493.5,0.0,0.0,0.0,5,455.0,462.0,5,493.5,0.0,0.0,0.0,0.0,0.0,29
2023-05-10 14:58:55,TA401C5000,TA401C5000,493.5,0.0,0.0,0.0,1,434.0,544.5,1,493.5,0.0,0.0,0.0,0.0,0.0,29
2023-05-10 14:59:15,TA401C5000,TA401C5000,493.5,0.0,0.0,0.0,1,356.0,544.5,1,493.5,0.0,0.0,0.0,0.0,0.0,29
