time,symbol_id,symbol_name,last,trade_volume,trade_amount,open_interest_change,bv1,bp1,ap1,av1,yesterday_close,today_open,today_high,today_low,volume,amount,open_interest
2023-05-09 19:10:58,TA401C5700,TA401C5700,196.0,0.0,0.0,0.0,0,0.0,0.0,0,196.0,185.0,0.0,0.0,0.0,0.0,34
2023-05-09 20:59:00,TA401C5700,TA401C5700,196.0,0.0,0.0,0.0,2,30.0,0.0,0,196.0,185.0,0.0,0.0,0.0,0.0,34
2023-05-09 21:00:03,TA401C5700,TA401C5700,196.0,0.0,0.0,0.0,1,89.5,299.5,1,196.0,185.0,0.0,0.0,0.0,0.0,34
2023-05-09 21:01:09,TA401C5700,TA401C5700,196.0,0.0,0.0,0.0,5,194.0,299.5,1,196.0,185.0,0.0,0.0,0.0,0.0,34
2023-05-09 21:01:16,TA401C5700,TA401C5700,196.0,0.0,0.0,0.0,5,194.0,198.5,5,196.0,185.0,0.0,0.0,0.0,0.0,34
2023-05-09 21:01:36,TA401C5700,TA401C5700,196.0,0.0,0.0,0.0,5,194.0,200.5,5,196.0,185.0,0.0,0.0,0.0,0.0,34
2023-05-09 21:01:44,TA401C5700,TA401C5700,196.0,0.0,0.0,0.0,5,194.0,199.0,5,196.0,185.0,0.0,0.0,0.0,0.0,34
2023-05-09 21:01:51,TA401C5700,TA401C5700,196.0,0.0,0.0,0.0,1,89.5,199.0,5,196.0,185.0,0.0,0.0,0.0,0.0,34
2023-05-09 21:01:52,TA401C5700,TA401C5700,196.0,0.0,0.0,0.0,1,137.0,199.0,5,196.0,185.0,0.0,0.0,0.0,0.0,34
2023-05-09 21:01:55,TA401C5700,TA401C5700,196.0,0.0,0.0,0.0,1,175.5,199.0,5,196.0,185.0,0.0,0.0,0.0,0.0,34
2023-05-09 21:01:55,TA401C5700,TA401C5700,196.0,0.0,0.0,0.0,1,175.5,197.5,5,196.0,185.0,0.0,0.0,0.0,0.0,34
2023-05-09 21:01:57,TA401C5700,TA401C5700,196.0,0.0,0.0,0.0,5,192.0,197.5,5,196.0,185.0,0.0,0.0,0.0,0.0,34
2023-05-09 21:02:25,TA401C5700,TA401C5700,196.0,0.0,0.0,0.0,5,193.0,197.5,5,196.0,185.0,0.0,0.0,0.0,0.0,34
2023-05-09 21:03:53,TA401C5700,TA401C5700,196.0,0.0,0.0,0.0,5,192.0,197.5,5,196.0,185.0,0.0,0.0,0.0,0.0,34
2023-05-09 21:04:10,TA401C5700,TA401C5700,196.0,0.0,0.0,0.0,5,192.0,196.5,5,196.0,185.0,0.0,0.0,0.0,0.0,34
2023-05-09 21:04:25,TA401C5700,TA401C5700,196.0,0.0,0.0,0.0,1,175.5,196.5,5,196.0,185.0,0.0,0.0,0.0,0.0,34
2023-05-09 21:04:26,TA401C5700,TA401C5700,196.0,0.0,0.0,0.0,5,190.5,196.5,5,196.0,185.0,0.0,0.0,0.0,0.0,34
2023-05-09 21:05:14,TA401C5700,TA401C5700,196.0,0.0,0.0,0.0,5,191.5,196.5,5,196.0,185.0,0.0,0.0,0.0,0.0,34
2023-05-09 21:06:04,TA401C5700,TA401C5700,196.0,0.0,0.0,0.0,5,192.5,196.5,5,196.0,185.0,0.0,0.0,0.0,0.0,34
2023-05-09 21:06:04,TA401C5700,TA401C5700,196.0,0.0,0.0,0.0,5,192.5,197.5,5,196.0,185.0,0.0,0.0,0.0,0.0,34
2023-05-09 21:06:29,TA401C5700,TA401C5700,196.0,0.0,0.0,0.0,5,192.5,196.5,5,196.0,185.0,0.0,0.0,0.0,0.0,34
2023-05-09 21:06:30,TA401C5700,TA401C5700,196.0,0.0,0.0,0.0,5,191.5,196.5,5,196.0,185.0,0.0,0.0,0.0,0.0,34
2023-05-09 21:07:17,TA401C5700,TA401C5700,196.0,0.0,0.0,0.0,5,191.5,195.0,5,196.0,185.0,0.0,0.0,0.0,0.0,34
2023-05-09 21:07:17,TA401C5700,TA401C5700,196.0,0.0,0.0,0.0,1,175.5,195.0,5,196.0,185.0,0.0,0.0,0.0,0.0,34
2023-05-09 21:07:18,TA401C5700,TA401C5700,196.0,0.0,0.0,0.0,5,189.5,195.0,5,196.0,185.0,0.0,0.0,0.0,0.0,34
2023-05-09 21:07:48,TA401C5700,TA401C5700,196.0,0.0,0.0,0.0,5,189.5,194.0,5,196.0,185.0,0.0,0.0,0.0,0.0,34
2023-05-09 21:07:58,TA401C5700,TA401C5700,196.0,0.0,0.0,0.0,5,189.5,195.0,5,196.0,185.0,0.0,0.0,0.0,0.0,34
2023-05-09 21:08:01,TA401C5700,TA401C5700,196.0,0.0,0.0,0.0,5,191.0,195.0,5,196.0,185.0,0.0,0.0,0.0,0.0,34
2023-05-09 21:09:12,TA401C5700,TA401C5700,196.0,0.0,0.0,0.0,5,189.5,195.0,5,196.0,185.0,0.0,0.0,0.0,0.0,34
2023-05-09 21:09:36,TA401C5700,TA401C5700,196.0,0.0,0.0,0.0,5,190.5,195.0,5,196.0,185.0,0.0,0.0,0.0,0.0,34
2023-05-09 21:09:51,TA401C5700,TA401C5700,196.0,0.0,0.0,0.0,5,189.5,195.0,5,196.0,185.0,0.0,0.0,0.0,0.0,34
2023-05-09 21:09:53,TA401C5700,TA401C5700,196.0,0.0,0.0,0.0,5,189.5,193.5,5,196.0,185.0,0.0,0.0,0.0,0.0,34
2023-05-09 21:11:59,TA401C5700,TA401C5700,196.0,0.0,0.0,0.0,5,189.5,195.0,5,196.0,185.0,0.0,0.0,0.0,0.0,34
2023-05-09 21:12:01,TA401C5700,TA401C5700,196.0,0.0,0.0,0.0,5,190.5,195.0,5,196.0,185.0,0.0,0.0,0.0,0.0,34
2023-05-09 21:13:05,TA401C5700,TA401C5700,196.0,0.0,0.0,0.0,5,190.5,194.0,5,196.0,185.0,0.0,0.0,0.0,0.0,34
2023-05-09 21:13:14,TA401C5700,TA401C5700,196.0,0.0,0.0,0.0,5,190.5,195.0,5,196.0,185.0,0.0,0.0,0.0,0.0,34
2023-05-09 21:13:26,TA401C5700,TA401C5700,196.0,0.0,0.0,0.0,5,191.5,299.5,1,196.0,185.0,0.0,0.0,0.0,0.0,34
2023-05-09 21:13:27,TA401C5700,TA401C5700,196.0,0.0,0.0,0.0,5,191.5,294.0,1,196.0,185.0,0.0,0.0,0.0,0.0,34
2023-05-09 21:13:27,TA401C5700,TA401C5700,196.0,0.0,0.0,0.0,5,191.5,248.0,1,196.0,185.0,0.0,0.0,0.0,0.0,34
2023-05-09 21:13:28,TA401C5700,TA401C5700,196.0,0.0,0.0,0.0,5,191.5,196.5,5,196.0,185.0,0.0,0.0,0.0,0.0,34
2023-05-09 21:13:37,TA401C5700,TA401C5700,196.0,0.0,0.0,0.0,5,192.5,196.5,5,196.0,185.0,0.0,0.0,0.0,0.0,34
2023-05-09 21:14:37,TA401C5700,TA401C5700,196.0,0.0,0.0,0.0,5,193.5,198.5,5,196.0,185.0,0.0,0.0,0.0,0.0,34
2023-05-09 21:14:52,TA401C5700,TA401C5700,196.0,0.0,0.0,0.0,5,193.5,197.5,5,196.0,185.0,0.0,0.0,0.0,0.0,34
2023-05-09 21:15:01,TA401C5700,TA401C5700,196.0,0.0,0.0,0.0,5,194.5,198.5,5,196.0,185.0,0.0,0.0,0.0,0.0,34
2023-05-09 21:15:13,TA401C5700,TA401C5700,196.0,0.0,0.0,0.0,5,194.5,197.5,5,196.0,185.0,0.0,0.0,0.0,0.0,34
2023-05-09 21:15:15,TA401C5700,TA401C5700,196.0,0.0,0.0,0.0,5,193.5,197.5,5,196.0,185.0,0.0,0.0,0.0,0.0,34
2023-05-09 21:15:27,TA401C5700,TA401C5700,196.0,0.0,0.0,0.0,5,194.5,197.5,5,196.0,185.0,0.0,0.0,0.0,0.0,34
2023-05-09 21:15:27,TA401C5700,TA401C5700,196.0,0.0,0.0,0.0,5,194.5,198.5,5,196.0,185.0,0.0,0.0,0.0,0.0,34
2023-05-09 21:15:54,TA401C5700,TA401C5700,196.0,0.0,0.0,0.0,5,195.5,198.5,5,196.0,185.0,0.0,0.0,0.0,0.0,34
2023-05-09 21:15:56,TA401C5700,TA401C5700,196.0,0.0,0.0,0.0,5,195.5,200.0,5,196.0,185.0,0.0,0.0,0.0,0.0,34
2023-05-09 21:16:20,TA401C5700,TA401C5700,196.0,0.0,0.0,0.0,5,196.5,200.0,5,196.0,185.0,0.0,0.0,0.0,0.0,34
2023-05-09 21:16:41,TA401C5700,TA401C5700,196.0,0.0,0.0,0.0,5,196.5,201.5,5,196.0,185.0,0.0,0.0,0.0,0.0,34
2023-05-09 21:16:46,TA401C5700,TA401C5700,196.0,0.0,0.0,0.0,5,196.5,200.5,5,196.0,185.0,0.0,0.0,0.0,0.0,34
2023-05-09 21:17:02,TA401C5700,TA401C5700,196.0,0.0,0.0,0.0,5,196.5,199.5,5,196.0,185.0,0.0,0.0,0.0,0.0,34
2023-05-09 21:17:03,TA401C5700,TA401C5700,196.0,0.0,0.0,0.0,5,195.5,199.5,5,196.0,185.0,0.0,0.0,0.0,0.0,34
2023-05-09 21:18:08,TA401C5700,TA401C5700,196.0,0.0,0.0,0.0,1,175.5,199.5,5,196.0,185.0,0.0,0.0,0.0,0.0,34
2023-05-09 21:18:09,TA401C5700,TA401C5700,196.0,0.0,0.0,0.0,1,175.5,198.5,5,196.0,185.0,0.0,0.0,0.0,0.0,34
2023-05-09 21:18:09,TA401C5700,TA401C5700,196.0,0.0,0.0,0.0,5,194.0,198.5,5,196.0,185.0,0.0,0.0,0.0,0.0,34
2023-05-09 21:18:45,TA401C5700,TA401C5700,196.0,0.0,0.0,0.0,5,194.0,197.5,5,196.0,185.0,0.0,0.0,0.0,0.0,34
2023-05-09 21:19:01,TA401C5700,TA401C5700,196.0,0.0,0.0,0.0,1,175.5,197.5,5,196.0,185.0,0.0,0.0,0.0,0.0,34
2023-05-09 21:19:03,TA401C5700,TA401C5700,196.0,0.0,0.0,0.0,5,193.0,197.5,5,196.0,185.0,0.0,0.0,0.0,0.0,34
2023-05-09 21:20:37,TA401C5700,TA401C5700,196.0,0.0,0.0,0.0,5,193.0,196.0,5,196.0,185.0,0.0,0.0,0.0,0.0,34
2023-05-09 21:20:41,TA401C5700,TA401C5700,196.0,0.0,0.0,0.0,1,175.5,196.0,5,196.0,185.0,0.0,0.0,0.0,0.0,34
2023-05-09 21:20:45,TA401C5700,TA401C5700,196.0,0.0,0.0,0.0,5,191.5,196.0,5,196.0,185.0,0.0,0.0,0.0,0.0,34
2023-05-09 21:21:03,TA401C5700,TA401C5700,196.0,0.0,0.0,0.0,5,191.5,195.0,5,196.0,185.0,0.0,0.0,0.0,0.0,34
2023-05-09 21:21:05,TA401C5700,TA401C5700,196.0,0.0,0.0,0.0,1,175.5,195.0,5,196.0,185.0,0.0,0.0,0.0,0.0,34
2023-05-09 21:21:10,TA401C5700,TA401C5700,196.0,0.0,0.0,0.0,5,189.5,195.0,5,196.0,185.0,0.0,0.0,0.0,0.0,34
2023-05-09 21:21:13,TA401C5700,TA401C5700,196.0,0.0,0.0,0.0,5,189.5,194.0,5,196.0,185.0,0.0,0.0,0.0,0.0,34
2023-05-09 21:21:25,TA401C5700,TA401C5700,196.0,0.0,0.0,0.0,5,189.5,193.0,5,196.0,185.0,0.0,0.0,0.0,0.0,34
2023-05-09 21:21:48,TA401C5700,TA401C5700,196.0,0.0,0.0,0.0,1,175.5,192.0,5,196.0,185.0,0.0,0.0,0.0,0.0,34
2023-05-09 21:21:55,TA401C5700,TA401C5700,196.0,0.0,0.0,0.0,5,187.0,192.0,5,196.0,185.0,0.0,0.0,0.0,0.0,34
2023-05-09 21:21:59,TA401C5700,TA401C5700,196.0,0.0,0.0,0.0,5,187.0,191.0,5,196.0,185.0,0.0,0.0,0.0,0.0,34
2023-05-09 21:23:00,TA401C5700,TA401C5700,196.0,0.0,0.0,0.0,5,187.0,190.0,5,196.0,185.0,0.0,0.0,0.0,0.0,34
2023-05-09 21:23:05,TA401C5700,TA401C5700,196.0,0.0,0.0,0.0,1,175.5,190.0,5,196.0,185.0,0.0,0.0,0.0,0.0,34
2023-05-09 21:23:08,TA401C5700,TA401C5700,196.0,0.0,0.0,0.0,5,185.5,190.0,5,196.0,185.0,0.0,0.0,0.0,0.0,34
2023-05-09 21:23:31,TA401C5700,TA401C5700,196.0,0.0,0.0,0.0,5,186.5,190.0,5,196.0,185.0,0.0,0.0,0.0,0.0,34
2023-05-09 21:23:47,TA401C5700,TA401C5700,196.0,0.0,0.0,0.0,5,186.5,191.0,5,196.0,185.0,0.0,0.0,0.0,0.0,34
2023-05-09 21:25:01,TA401C5700,TA401C5700,196.0,0.0,0.0,0.0,5,187.5,191.0,5,196.0,185.0,0.0,0.0,0.0,0.0,34
2023-05-09 21:26:36,TA401C5700,TA401C5700,196.0,0.0,0.0,0.0,5,186.5,191.0,5,196.0,185.0,0.0,0.0,0.0,0.0,34
2023-05-09 21:28:35,TA401C5700,TA401C5700,196.0,0.0,0.0,0.0,5,187.5,191.0,5,196.0,185.0,0.0,0.0,0.0,0.0,34
2023-05-09 21:29:50,TA401C5700,TA401C5700,196.0,0.0,0.0,0.0,5,186.5,191.0,5,196.0,185.0,0.0,0.0,0.0,0.0,34
2023-05-09 21:30:00,TA401C5700,TA401C5700,196.0,0.0,0.0,0.0,5,186.5,190.0,5,196.0,185.0,0.0,0.0,0.0,0.0,34
2023-05-09 21:30:29,TA401C5700,TA401C5700,196.0,0.0,0.0,0.0,1,175.5,190.0,5,196.0,185.0,0.0,0.0,0.0,0.0,34
2023-05-09 21:30:30,TA401C5700,TA401C5700,196.0,0.0,0.0,0.0,5,185.5,190.0,5,196.0,185.0,0.0,0.0,0.0,0.0,34
2023-05-09 21:30:54,TA401C5700,TA401C5700,196.0,0.0,0.0,0.0,5,185.5,189.0,5,196.0,185.0,0.0,0.0,0.0,0.0,34
2023-05-09 21:30:55,TA401C5700,TA401C5700,196.0,0.0,0.0,0.0,1,175.5,189.0,5,196.0,185.0,0.0,0.0,0.0,0.0,34
2023-05-09 21:30:57,TA401C5700,TA401C5700,196.0,0.0,0.0,0.0,5,184.0,189.0,5,196.0,185.0,0.0,0.0,0.0,0.0,34
2023-05-09 21:31:03,TA401C5700,TA401C5700,196.0,0.0,0.0,0.0,5,184.0,188.0,5,196.0,185.0,0.0,0.0,0.0,0.0,34
2023-05-09 21:31:28,TA401C5700,TA401C5700,196.0,0.0,0.0,0.0,5,185.0,188.0,5,196.0,185.0,0.0,0.0,0.0,0.0,34
2023-05-09 21:32:02,TA401C5700,TA401C5700,196.0,0.0,0.0,0.0,5,184.0,188.0,5,196.0,185.0,0.0,0.0,0.0,0.0,34
2023-05-09 21:32:13,TA401C5700,TA401C5700,196.0,0.0,0.0,0.0,1,175.5,188.0,5,196.0,185.0,0.0,0.0,0.0,0.0,34
2023-05-09 21:32:18,TA401C5700,TA401C5700,196.0,0.0,0.0,0.0,5,183.0,188.0,5,196.0,185.0,0.0,0.0,0.0,0.0,34
2023-05-09 21:32:20,TA401C5700,TA401C5700,196.0,0.0,0.0,0.0,5,183.0,187.0,5,196.0,185.0,0.0,0.0,0.0,0.0,34
2023-05-09 21:33:27,TA401C5700,TA401C5700,196.0,0.0,0.0,0.0,5,183.0,186.0,5,196.0,185.0,0.0,0.0,0.0,0.0,34
2023-05-09 21:33:34,TA401C5700,TA401C5700,196.0,0.0,0.0,0.0,1,175.5,186.0,5,196.0,185.0,0.0,0.0,0.0,0.0,34
2023-05-09 21:33:37,TA401C5700,TA401C5700,196.0,0.0,0.0,0.0,5,181.0,186.0,5,196.0,185.0,0.0,0.0,0.0,0.0,34
2023-05-09 21:33:45,TA401C5700,TA401C5700,196.0,0.0,0.0,0.0,5,182.0,186.0,5,196.0,185.0,0.0,0.0,0.0,0.0,34
2023-05-09 21:34:20,TA401C5700,TA401C5700,196.0,0.0,0.0,0.0,5,182.0,187.0,5,196.0,185.0,0.0,0.0,0.0,0.0,34
2023-05-09 21:34:20,TA401C5700,TA401C5700,196.0,0.0,0.0,0.0,5,183.0,187.0,5,196.0,185.0,0.0,0.0,0.0,0.0,34
2023-05-09 21:34:20,TA401C5700,TA401C5700,196.0,0.0,0.0,0.0,5,182.0,187.0,5,196.0,185.0,0.0,0.0,0.0,0.0,34
2023-05-09 21:34:20,TA401C5700,TA401C5700,196.0,0.0,0.0,0.0,5,183.0,187.0,5,196.0,185.0,0.0,0.0,0.0,0.0,34
2023-05-09 21:34:46,TA401C5700,TA401C5700,196.0,0.0,0.0,0.0,5,184.0,187.0,5,196.0,185.0,0.0,0.0,0.0,0.0,34
2023-05-09 21:34:50,TA401C5700,TA401C5700,196.0,0.0,0.0,0.0,5,184.0,188.5,5,196.0,185.0,0.0,0.0,0.0,0.0,34
2023-05-09 21:36:54,TA401C5700,TA401C5700,196.0,0.0,0.0,0.0,5,185.0,188.5,5,196.0,185.0,0.0,0.0,0.0,0.0,34
2023-05-09 21:37:38,TA401C5700,TA401C5700,196.0,0.0,0.0,0.0,5,184.0,188.5,5,196.0,185.0,0.0,0.0,0.0,0.0,34
2023-05-09 21:38:33,TA401C5700,TA401C5700,196.0,0.0,0.0,0.0,5,184.0,187.5,5,196.0,185.0,0.0,0.0,0.0,0.0,34
2023-05-09 21:42:43,TA401C5700,TA401C5700,196.0,0.0,0.0,0.0,5,184.0,188.5,5,196.0,185.0,0.0,0.0,0.0,0.0,34
2023-05-09 21:42:48,TA401C5700,TA401C5700,196.0,0.0,0.0,0.0,5,185.0,188.5,5,196.0,185.0,0.0,0.0,0.0,0.0,34
2023-05-09 21:42:57,TA401C5700,TA401C5700,196.0,0.0,0.0,0.0,5,185.0,190.0,5,196.0,185.0,0.0,0.0,0.0,0.0,34
2023-05-09 21:42:59,TA401C5700,TA401C5700,196.0,0.0,0.0,0.0,5,186.0,190.0,5,196.0,185.0,0.0,0.0,0.0,0.0,34
2023-05-09 21:43:23,TA401C5700,TA401C5700,196.0,0.0,0.0,0.0,5,186.0,189.0,5,196.0,185.0,0.0,0.0,0.0,0.0,34
2023-05-09 21:43:28,TA401C5700,TA401C5700,196.0,0.0,0.0,0.0,5,185.0,189.0,5,196.0,185.0,0.0,0.0,0.0,0.0,34
2023-05-09 21:45:27,TA401C5700,TA401C5700,196.0,0.0,0.0,0.0,1,175.5,185.5,4,196.0,185.0,0.0,0.0,0.0,0.0,34
2023-05-09 21:45:27,TA401C5700,TA401C5700,196.0,0.0,0.0,0.0,5,184.0,185.5,4,196.0,185.0,0.0,0.0,0.0,0.0,34
2023-05-09 21:45:28,TA401C5700,TA401C5700,196.0,0.0,0.0,0.0,5,184.0,185.0,4,196.0,185.0,0.0,0.0,0.0,0.0,34
2023-05-09 21:45:29,TA401C5700,TA401C5700,185.0,4.0,740.0,-4.0,5,184.0,188.0,5,196.0,185.0,185.0,185.0,4.0,740.0,30
2023-05-09 21:46:14,TA401C5700,TA401C5700,185.0,0.0,0.0,0.0,5,185.0,189.0,5,196.0,185.0,185.0,185.0,4.0,740.0,30
2023-05-09 21:47:46,TA401C5700,TA401C5700,185.0,0.0,0.0,0.0,5,185.0,199.0,1,196.0,185.0,185.0,185.0,4.0,740.0,30
2023-05-09 21:47:46,TA401C5700,TA401C5700,185.0,0.0,0.0,0.0,5,185.0,190.5,5,196.0,185.0,185.0,185.0,4.0,740.0,30
2023-05-09 21:47:49,TA401C5700,TA401C5700,185.0,0.0,0.0,0.0,5,186.0,190.5,5,196.0,185.0,185.0,185.0,4.0,740.0,30
2023-05-09 21:48:21,TA401C5700,TA401C5700,185.0,0.0,0.0,0.0,5,186.0,199.0,1,196.0,185.0,185.0,185.0,4.0,740.0,30
2023-05-09 21:48:22,TA401C5700,TA401C5700,185.0,0.0,0.0,0.0,5,187.0,199.0,1,196.0,185.0,185.0,185.0,4.0,740.0,30
2023-05-09 21:48:25,TA401C5700,TA401C5700,185.0,0.0,0.0,0.0,5,187.0,192.0,5,196.0,185.0,185.0,185.0,4.0,740.0,30
2023-05-09 21:48:27,TA401C5700,TA401C5700,185.0,0.0,0.0,0.0,5,187.0,191.0,5,196.0,185.0,185.0,185.0,4.0,740.0,30
2023-05-09 21:48:41,TA401C5700,TA401C5700,185.0,0.0,0.0,0.0,5,187.0,192.0,5,196.0,185.0,185.0,185.0,4.0,740.0,30
2023-05-09 21:48:42,TA401C5700,TA401C5700,185.0,0.0,0.0,0.0,5,188.0,192.0,5,196.0,185.0,185.0,185.0,4.0,740.0,30
2023-05-09 21:48:50,TA401C5700,TA401C5700,185.0,0.0,0.0,0.0,5,188.0,199.0,1,196.0,185.0,185.0,185.0,4.0,740.0,30
2023-05-09 21:48:51,TA401C5700,TA401C5700,185.0,0.0,0.0,0.0,5,188.0,193.5,5,196.0,185.0,185.0,185.0,4.0,740.0,30
2023-05-09 21:48:53,TA401C5700,TA401C5700,185.0,0.0,0.0,0.0,5,188.0,192.5,5,196.0,185.0,185.0,185.0,4.0,740.0,30
2023-05-09 21:49:54,TA401C5700,TA401C5700,185.0,0.0,0.0,0.0,5,188.0,191.5,5,196.0,185.0,185.0,185.0,4.0,740.0,30
2023-05-09 21:51:02,TA401C5700,TA401C5700,185.0,0.0,0.0,0.0,5,188.0,192.5,5,196.0,185.0,185.0,185.0,4.0,740.0,30
2023-05-09 21:51:03,TA401C5700,TA401C5700,185.0,0.0,0.0,0.0,5,189.0,192.5,5,196.0,185.0,185.0,185.0,4.0,740.0,30
2023-05-09 21:56:15,TA401C5700,TA401C5700,185.0,0.0,0.0,0.0,5,188.0,192.5,5,196.0,185.0,185.0,185.0,4.0,740.0,30
2023-05-09 21:58:06,TA401C5700,TA401C5700,185.0,0.0,0.0,0.0,5,189.0,192.5,5,196.0,185.0,185.0,185.0,4.0,740.0,30
2023-05-09 21:58:25,TA401C5700,TA401C5700,185.0,0.0,0.0,0.0,5,189.0,194.0,5,196.0,185.0,185.0,185.0,4.0,740.0,30
2023-05-09 21:58:35,TA401C5700,TA401C5700,185.0,0.0,0.0,0.0,5,189.0,193.0,5,196.0,185.0,185.0,185.0,4.0,740.0,30
2023-05-09 22:00:03,TA401C5700,TA401C5700,185.0,0.0,0.0,0.0,5,190.0,194.0,5,196.0,185.0,185.0,185.0,4.0,740.0,30
2023-05-09 22:00:05,TA401C5700,TA401C5700,185.0,0.0,0.0,0.0,5,190.0,199.0,1,196.0,185.0,185.0,185.0,4.0,740.0,30
2023-05-09 22:00:07,TA401C5700,TA401C5700,185.0,0.0,0.0,0.0,5,190.0,195.0,5,196.0,185.0,185.0,185.0,4.0,740.0,30
2023-05-09 22:00:17,TA401C5700,TA401C5700,185.0,0.0,0.0,0.0,5,191.0,195.0,5,196.0,185.0,185.0,185.0,4.0,740.0,30
2023-05-09 22:00:27,TA401C5700,TA401C5700,185.0,0.0,0.0,0.0,5,191.0,196.5,5,196.0,185.0,185.0,185.0,4.0,740.0,30
2023-05-09 22:00:34,TA401C5700,TA401C5700,185.0,0.0,0.0,0.0,5,193.0,196.5,5,196.0,185.0,185.0,185.0,4.0,740.0,30
2023-05-09 22:00:53,TA401C5700,TA401C5700,185.0,0.0,0.0,0.0,5,191.0,196.5,5,196.0,185.0,185.0,185.0,4.0,740.0,30
2023-05-09 22:01:09,TA401C5700,TA401C5700,185.0,0.0,0.0,0.0,5,191.0,195.0,5,196.0,185.0,185.0,185.0,4.0,740.0,30
2023-05-09 22:01:32,TA401C5700,TA401C5700,185.0,0.0,0.0,0.0,5,191.0,196.5,5,196.0,185.0,185.0,185.0,4.0,740.0,30
2023-05-09 22:01:33,TA401C5700,TA401C5700,185.0,0.0,0.0,0.0,5,192.0,196.5,5,196.0,185.0,185.0,185.0,4.0,740.0,30
2023-05-09 22:01:44,TA401C5700,TA401C5700,185.0,0.0,0.0,0.0,5,193.0,196.5,5,196.0,185.0,185.0,185.0,4.0,740.0,30
2023-05-09 22:02:20,TA401C5700,TA401C5700,185.0,0.0,0.0,0.0,5,192.0,196.5,5,196.0,185.0,185.0,185.0,4.0,740.0,30
2023-05-09 22:02:23,TA401C5700,TA401C5700,185.0,0.0,0.0,0.0,1,89.5,194.0,5,196.0,185.0,185.0,185.0,4.0,740.0,30
2023-05-09 22:02:24,TA401C5700,TA401C5700,185.0,0.0,0.0,0.0,1,137.0,194.0,5,196.0,185.0,185.0,185.0,4.0,740.0,30
2023-05-09 22:02:25,TA401C5700,TA401C5700,185.0,0.0,0.0,0.0,2,143.5,194.0,5,196.0,185.0,185.0,185.0,4.0,740.0,30
2023-05-09 22:02:25,TA401C5700,TA401C5700,185.0,0.0,0.0,0.0,1,178.0,194.0,5,196.0,185.0,185.0,185.0,4.0,740.0,30
2023-05-09 22:02:31,TA401C5700,TA401C5700,185.0,0.0,0.0,0.0,5,189.5,194.0,5,196.0,185.0,185.0,185.0,4.0,740.0,30
2023-05-09 22:02:35,TA401C5700,TA401C5700,185.0,0.0,0.0,0.0,5,190.5,194.0,5,196.0,185.0,185.0,185.0,4.0,740.0,30
2023-05-09 22:02:50,TA401C5700,TA401C5700,185.0,0.0,0.0,0.0,5,190.5,196.5,5,196.0,185.0,185.0,185.0,4.0,740.0,30
2023-05-09 22:02:56,TA401C5700,TA401C5700,185.0,0.0,0.0,0.0,5,191.5,196.5,5,196.0,185.0,185.0,185.0,4.0,740.0,30
2023-05-09 22:03:07,TA401C5700,TA401C5700,185.0,0.0,0.0,0.0,5,191.5,195.5,5,196.0,185.0,185.0,185.0,4.0,740.0,30
2023-05-09 22:03:24,TA401C5700,TA401C5700,185.0,0.0,0.0,0.0,5,191.5,194.5,5,196.0,185.0,185.0,185.0,4.0,740.0,30
2023-05-09 22:03:30,TA401C5700,TA401C5700,185.0,0.0,0.0,0.0,5,190.5,194.5,5,196.0,185.0,185.0,185.0,4.0,740.0,30
2023-05-09 22:05:31,TA401C5700,TA401C5700,185.0,0.0,0.0,0.0,5,189.0,193.5,5,196.0,185.0,185.0,185.0,4.0,740.0,30
2023-05-09 22:06:03,TA401C5700,TA401C5700,185.0,0.0,0.0,0.0,5,189.0,192.5,5,196.0,185.0,185.0,185.0,4.0,740.0,30
2023-05-09 22:06:14,TA401C5700,TA401C5700,185.0,0.0,0.0,0.0,1,178.0,192.5,5,196.0,185.0,185.0,185.0,4.0,740.0,30
2023-05-09 22:06:14,TA401C5700,TA401C5700,185.0,0.0,0.0,0.0,5,187.5,192.5,5,196.0,185.0,185.0,185.0,4.0,740.0,30
2023-05-09 22:06:22,TA401C5700,TA401C5700,185.0,0.0,0.0,0.0,5,187.5,191.5,5,196.0,185.0,185.0,185.0,4.0,740.0,30
2023-05-09 22:12:37,TA401C5700,TA401C5700,185.0,0.0,0.0,0.0,5,188.5,192.5,5,196.0,185.0,185.0,185.0,4.0,740.0,30
2023-05-09 22:15:39,TA401C5700,TA401C5700,185.0,0.0,0.0,0.0,5,188.5,191.5,5,196.0,185.0,185.0,185.0,4.0,740.0,30
2023-05-09 22:15:41,TA401C5700,TA401C5700,185.0,0.0,0.0,0.0,5,187.5,191.5,5,196.0,185.0,185.0,185.0,4.0,740.0,30
2023-05-09 22:16:24,TA401C5700,TA401C5700,185.0,0.0,0.0,0.0,5,187.5,192.5,5,196.0,185.0,185.0,185.0,4.0,740.0,30
2023-05-09 22:16:25,TA401C5700,TA401C5700,185.0,0.0,0.0,0.0,5,188.5,192.5,5,196.0,185.0,185.0,185.0,4.0,740.0,30
2023-05-09 22:20:35,TA401C5700,TA401C5700,185.0,0.0,0.0,0.0,5,188.5,191.5,5,196.0,185.0,185.0,185.0,4.0,740.0,30
2023-05-09 22:20:49,TA401C5700,TA401C5700,185.0,0.0,0.0,0.0,5,187.5,191.5,5,196.0,185.0,185.0,185.0,4.0,740.0,30
2023-05-09 22:21:23,TA401C5700,TA401C5700,185.0,0.0,0.0,0.0,1,178.0,190.5,5,196.0,185.0,185.0,185.0,4.0,740.0,30
2023-05-09 22:21:25,TA401C5700,TA401C5700,185.0,0.0,0.0,0.0,5,186.5,190.5,5,196.0,185.0,185.0,185.0,4.0,740.0,30
2023-05-09 22:21:31,TA401C5700,TA401C5700,185.0,0.0,0.0,0.0,5,187.5,191.5,5,196.0,185.0,185.0,185.0,4.0,740.0,30
2023-05-09 22:22:11,TA401C5700,TA401C5700,185.0,0.0,0.0,0.0,5,186.5,191.5,5,196.0,185.0,185.0,185.0,4.0,740.0,30
2023-05-09 22:22:13,TA401C5700,TA401C5700,185.0,0.0,0.0,0.0,5,186.5,190.5,5,196.0,185.0,185.0,185.0,4.0,740.0,30
2023-05-09 22:24:48,TA401C5700,TA401C5700,185.0,0.0,0.0,0.0,5,186.5,191.5,5,196.0,185.0,185.0,185.0,4.0,740.0,30
2023-05-09 22:26:04,TA401C5700,TA401C5700,185.0,0.0,0.0,0.0,5,187.5,191.5,5,196.0,185.0,185.0,185.0,4.0,740.0,30
2023-05-09 22:27:40,TA401C5700,TA401C5700,185.0,0.0,0.0,0.0,5,188.5,193.0,5,196.0,185.0,185.0,185.0,4.0,740.0,30
2023-05-09 22:30:12,TA401C5700,TA401C5700,185.0,0.0,0.0,0.0,5,188.5,192.0,5,196.0,185.0,185.0,185.0,4.0,740.0,30
2023-05-09 22:30:20,TA401C5700,TA401C5700,185.0,0.0,0.0,0.0,5,187.5,192.0,5,196.0,185.0,185.0,185.0,4.0,740.0,30
2023-05-09 22:31:13,TA401C5700,TA401C5700,185.0,0.0,0.0,0.0,5,188.5,192.0,5,196.0,185.0,185.0,185.0,4.0,740.0,30
2023-05-09 22:32:10,TA401C5700,TA401C5700,185.0,0.0,0.0,0.0,5,187.5,192.0,5,196.0,185.0,185.0,185.0,4.0,740.0,30
2023-05-09 22:32:12,TA401C5700,TA401C5700,185.0,0.0,0.0,0.0,1,178.0,192.0,5,196.0,185.0,185.0,185.0,4.0,740.0,30
2023-05-09 22:32:14,TA401C5700,TA401C5700,185.0,0.0,0.0,0.0,1,178.0,190.0,5,196.0,185.0,185.0,185.0,4.0,740.0,30
2023-05-09 22:32:17,TA401C5700,TA401C5700,185.0,0.0,0.0,0.0,5,185.5,190.0,5,196.0,185.0,185.0,185.0,4.0,740.0,30
2023-05-09 22:32:36,TA401C5700,TA401C5700,185.0,0.0,0.0,0.0,5,185.5,188.5,5,196.0,185.0,185.0,185.0,4.0,740.0,30
2023-05-09 22:32:46,TA401C5700,TA401C5700,185.0,0.0,0.0,0.0,5,185.5,190.0,5,196.0,185.0,185.0,185.0,4.0,740.0,30
2023-05-09 22:33:36,TA401C5700,TA401C5700,185.0,0.0,0.0,0.0,5,185.5,189.0,5,196.0,185.0,185.0,185.0,4.0,740.0,30
2023-05-09 22:33:56,TA401C5700,TA401C5700,185.0,0.0,0.0,0.0,1,178.0,189.0,5,196.0,185.0,185.0,185.0,4.0,740.0,30
2023-05-09 22:33:57,TA401C5700,TA401C5700,185.0,0.0,0.0,0.0,5,184.0,189.0,5,196.0,185.0,185.0,185.0,4.0,740.0,30
2023-05-09 22:34:11,TA401C5700,TA401C5700,185.0,0.0,0.0,0.0,5,185.0,189.0,5,196.0,185.0,185.0,185.0,4.0,740.0,30
2023-05-09 22:39:21,TA401C5700,TA401C5700,185.0,0.0,0.0,0.0,5,186.0,190.0,5,196.0,185.0,185.0,185.0,4.0,740.0,30
2023-05-09 22:43:32,TA401C5700,TA401C5700,185.0,0.0,0.0,0.0,1,187.0,190.0,5,196.0,185.0,185.0,185.0,4.0,740.0,30
2023-05-09 22:44:23,TA401C5700,TA401C5700,185.0,0.0,0.0,0.0,1,187.0,199.0,1,196.0,185.0,185.0,185.0,4.0,740.0,30
2023-05-09 22:44:24,TA401C5700,TA401C5700,185.0,0.0,0.0,0.0,6,187.0,191.5,5,196.0,185.0,185.0,185.0,4.0,740.0,30
2023-05-09 22:45:40,TA401C5700,TA401C5700,185.0,0.0,0.0,0.0,6,187.0,190.5,5,196.0,185.0,185.0,185.0,4.0,740.0,30
2023-05-09 22:47:11,TA401C5700,TA401C5700,185.0,0.0,0.0,0.0,1,187.0,190.5,5,196.0,185.0,185.0,185.0,4.0,740.0,30
2023-05-09 22:48:32,TA401C5700,TA401C5700,185.0,0.0,0.0,0.0,1,187.0,189.5,5,196.0,185.0,185.0,185.0,4.0,740.0,30
2023-05-09 22:48:49,TA401C5700,TA401C5700,187.0,1.0,187.5,1.0,1,178.0,189.5,5,196.0,185.0,187.0,185.0,5.0,927.5,31
2023-05-09 22:48:50,TA401C5700,TA401C5700,187.0,0.0,0.0,0.0,1,178.0,188.5,5,196.0,185.0,187.0,185.0,5.0,927.5,31
2023-05-09 22:48:51,TA401C5700,TA401C5700,187.0,0.0,0.0,0.0,5,184.0,188.5,5,196.0,185.0,187.0,185.0,5.0,927.5,31
2023-05-09 22:49:21,TA401C5700,TA401C5700,187.0,0.0,0.0,0.0,5,184.0,187.5,5,196.0,185.0,187.0,185.0,5.0,927.5,31
2023-05-09 22:49:29,TA401C5700,TA401C5700,187.0,0.0,0.0,0.0,5,182.5,187.5,5,196.0,185.0,187.0,185.0,5.0,927.5,31
2023-05-09 22:49:43,TA401C5700,TA401C5700,187.0,0.0,0.0,0.0,5,182.5,186.5,5,196.0,185.0,187.0,185.0,5.0,927.5,31
2023-05-09 22:50:34,TA401C5700,TA401C5700,187.0,0.0,0.0,0.0,5,182.5,185.5,5,196.0,185.0,187.0,185.0,5.0,927.5,31
2023-05-09 22:50:34,TA401C5700,TA401C5700,187.0,0.0,0.0,0.0,5,181.0,185.5,5,196.0,185.0,187.0,185.0,5.0,927.5,31
2023-05-09 22:51:14,TA401C5700,TA401C5700,187.0,0.0,0.0,0.0,5,182.0,185.5,5,196.0,185.0,187.0,185.0,5.0,927.5,31
2023-05-09 22:53:25,TA401C5700,TA401C5700,187.0,0.0,0.0,0.0,5,182.0,186.5,5,196.0,185.0,187.0,185.0,5.0,927.5,31
2023-05-09 22:55:03,TA401C5700,TA401C5700,187.0,0.0,0.0,0.0,5,182.0,188.5,5,196.0,185.0,187.0,185.0,5.0,927.5,31
2023-05-09 22:55:57,TA401C5700,TA401C5700,187.0,0.0,0.0,0.0,1,178.0,199.0,1,196.0,185.0,187.0,185.0,5.0,927.5,31
2023-05-09 22:56:31,TA401C5700,TA401C5700,187.0,0.0,0.0,0.0,2,31.0,0.0,0,196.0,185.0,187.0,185.0,5.0,927.5,31
2023-05-09 22:56:31,TA401C5700,TA401C5700,187.0,0.0,0.0,0.0,1,31.5,0.0,0,196.0,185.0,187.0,185.0,5.0,927.5,31
2023-05-09 22:56:31,TA401C5700,TA401C5700,187.0,0.0,0.0,0.0,2,37.5,0.0,0,196.0,185.0,187.0,185.0,5.0,927.5,31
2023-05-09 22:56:33,TA401C5700,TA401C5700,187.0,0.0,0.0,0.0,1,39.0,0.0,0,196.0,185.0,187.0,185.0,5.0,927.5,31
2023-05-09 22:56:34,TA401C5700,TA401C5700,187.0,0.0,0.0,0.0,2,45.5,515.5,1,196.0,185.0,187.0,185.0,5.0,927.5,31
2023-05-09 22:56:34,TA401C5700,TA401C5700,187.0,0.0,0.0,0.0,2,45.5,515.0,1,196.0,185.0,187.0,185.0,5.0,927.5,31
2023-05-09 22:56:35,TA401C5700,TA401C5700,187.0,0.0,0.0,0.0,1,47.0,515.0,1,196.0,185.0,187.0,185.0,5.0,927.5,31
2023-05-09 22:56:35,TA401C5700,TA401C5700,187.0,0.0,0.0,0.0,1,47.0,513.5,1,196.0,185.0,187.0,185.0,5.0,927.5,31
2023-05-09 22:56:36,TA401C5700,TA401C5700,187.0,0.0,0.0,0.0,2,53.5,513.5,1,196.0,185.0,187.0,185.0,5.0,927.5,31
2023-05-09 22:56:37,TA401C5700,TA401C5700,187.0,0.0,0.0,0.0,1,55.0,513.5,1,196.0,185.0,187.0,185.0,5.0,927.5,31
2023-05-09 22:56:41,TA401C5700,TA401C5700,187.0,0.0,0.0,0.0,2,61.5,513.5,1,196.0,185.0,187.0,185.0,5.0,927.5,31
2023-05-09 22:56:41,TA401C5700,TA401C5700,187.0,0.0,0.0,0.0,1,63.0,513.5,1,196.0,185.0,187.0,185.0,5.0,927.5,31
2023-05-09 22:56:54,TA401C5700,TA401C5700,187.0,0.0,0.0,0.0,2,69.5,513.5,1,196.0,185.0,187.0,185.0,5.0,927.5,31
2023-05-09 22:56:54,TA401C5700,TA401C5700,187.0,0.0,0.0,0.0,1,71.0,513.5,1,196.0,185.0,187.0,185.0,5.0,927.5,31
2023-05-09 22:57:00,TA401C5700,TA401C5700,187.0,0.0,0.0,0.0,2,77.5,513.5,1,196.0,185.0,187.0,185.0,5.0,927.5,31
2023-05-09 22:57:00,TA401C5700,TA401C5700,187.0,0.0,0.0,0.0,1,79.0,513.5,1,196.0,185.0,187.0,185.0,5.0,927.5,31
2023-05-09 22:57:02,TA401C5700,TA401C5700,187.0,0.0,0.0,0.0,2,85.5,513.5,1,196.0,185.0,187.0,185.0,5.0,927.5,31
2023-05-09 22:57:10,TA401C5700,TA401C5700,187.0,0.0,0.0,0.0,1,31.5,513.5,1,196.0,185.0,187.0,185.0,5.0,927.5,31
2023-05-09 22:57:10,TA401C5700,TA401C5700,187.0,0.0,0.0,0.0,1,33.0,513.5,1,196.0,185.0,187.0,185.0,5.0,927.5,31
2023-05-09 22:59:50,TA401C5700,TA401C5700,187.0,0.0,0.0,0.0,1,31.5,515.0,1,196.0,185.0,187.0,185.0,5.0,927.5,31
2023-05-10 09:00:02,TA401C5700,TA401C5700,187.0,0.0,0.0,0.0,1,87.5,297.0,1,196.0,185.0,187.0,185.0,5.0,927.5,31
2023-05-10 09:00:25,TA401C5700,TA401C5700,187.0,0.0,0.0,0.0,1,115.5,269.0,1,196.0,185.0,187.0,185.0,5.0,927.5,31
2023-05-10 09:01:24,TA401C5700,TA401C5700,187.0,0.0,0.0,0.0,1,115.5,268.5,1,196.0,185.0,187.0,185.0,5.0,927.5,31
2023-05-10 09:01:24,TA401C5700,TA401C5700,187.0,0.0,0.0,0.0,1,115.5,223.0,1,196.0,185.0,187.0,185.0,5.0,927.5,31
2023-05-10 09:01:25,TA401C5700,TA401C5700,187.0,0.0,0.0,0.0,5,191.0,223.0,1,196.0,185.0,187.0,185.0,5.0,927.5,31
2023-05-10 09:01:26,TA401C5700,TA401C5700,187.0,0.0,0.0,0.0,5,191.0,197.5,5,196.0,185.0,187.0,185.0,5.0,927.5,31
2023-05-10 09:02:09,TA401C5700,TA401C5700,187.0,0.0,0.0,0.0,5,191.0,196.0,5,196.0,185.0,187.0,185.0,5.0,927.5,31
2023-05-10 09:02:19,TA401C5700,TA401C5700,187.0,0.0,0.0,0.0,5,191.0,197.5,5,196.0,185.0,187.0,185.0,5.0,927.5,31
2023-05-10 09:02:33,TA401C5700,TA401C5700,187.0,0.0,0.0,0.0,5,192.5,197.5,5,196.0,185.0,187.0,185.0,5.0,927.5,31
2023-05-10 09:02:56,TA401C5700,TA401C5700,187.0,0.0,0.0,0.0,5,192.5,223.0,1,196.0,185.0,187.0,185.0,5.0,927.5,31
2023-05-10 09:02:57,TA401C5700,TA401C5700,187.0,0.0,0.0,0.0,5,194.5,223.0,1,196.0,185.0,187.0,185.0,5.0,927.5,31
2023-05-10 09:03:08,TA401C5700,TA401C5700,187.0,0.0,0.0,0.0,5,194.5,200.5,5,196.0,185.0,187.0,185.0,5.0,927.5,31
2023-05-10 09:03:16,TA401C5700,TA401C5700,187.0,0.0,0.0,0.0,5,196.0,200.5,5,196.0,185.0,187.0,185.0,5.0,927.5,31
2023-05-10 09:03:16,TA401C5700,TA401C5700,187.0,0.0,0.0,0.0,5,196.0,223.0,1,196.0,185.0,187.0,185.0,5.0,927.5,31
2023-05-10 09:03:24,TA401C5700,TA401C5700,187.0,0.0,0.0,0.0,5,196.0,202.0,5,196.0,185.0,187.0,185.0,5.0,927.5,31
2023-05-10 09:03:36,TA401C5700,TA401C5700,187.0,0.0,0.0,0.0,5,196.0,200.5,5,196.0,185.0,187.0,185.0,5.0,927.5,31
2023-05-10 09:04:11,TA401C5700,TA401C5700,187.0,0.0,0.0,0.0,5,194.5,200.5,5,196.0,185.0,187.0,185.0,5.0,927.5,31
2023-05-10 09:04:15,TA401C5700,TA401C5700,187.0,0.0,0.0,0.0,5,194.5,199.0,5,196.0,185.0,187.0,185.0,5.0,927.5,31
2023-05-10 09:04:39,TA401C5700,TA401C5700,187.0,0.0,0.0,0.0,5,194.5,197.0,1,196.0,185.0,187.0,185.0,5.0,927.5,31
2023-05-10 09:06:03,TA401C5700,TA401C5700,197.0,1.0,197.5,-1.0,5,194.5,199.0,5,196.0,185.0,197.0,185.0,6.0,1125.0,30
2023-05-10 09:06:59,TA401C5700,TA401C5700,197.0,0.0,0.0,0.0,5,192.5,199.0,5,196.0,185.0,197.0,185.0,6.0,1125.0,30
2023-05-10 09:07:11,TA401C5700,TA401C5700,197.0,0.0,0.0,0.0,5,192.5,198.0,5,196.0,185.0,197.0,185.0,6.0,1125.0,30
2023-05-10 09:07:50,TA401C5700,TA401C5700,197.0,0.0,0.0,0.0,5,192.5,197.0,5,196.0,185.0,197.0,185.0,6.0,1125.0,30
2023-05-10 09:07:52,TA401C5700,TA401C5700,197.0,0.0,0.0,0.0,1,115.5,197.0,5,196.0,185.0,197.0,185.0,6.0,1125.0,30
2023-05-10 09:07:53,TA401C5700,TA401C5700,197.0,0.0,0.0,0.0,2,122.0,197.0,5,196.0,185.0,197.0,185.0,6.0,1125.0,30
2023-05-10 09:07:53,TA401C5700,TA401C5700,197.0,0.0,0.0,0.0,1,167.5,197.0,5,196.0,185.0,197.0,185.0,6.0,1125.0,30
2023-05-10 09:07:56,TA401C5700,TA401C5700,197.0,0.0,0.0,0.0,5,190.5,197.0,5,196.0,185.0,197.0,185.0,6.0,1125.0,30
2023-05-10 09:08:05,TA401C5700,TA401C5700,197.0,0.0,0.0,0.0,5,192.0,197.0,5,196.0,185.0,197.0,185.0,6.0,1125.0,30
2023-05-10 09:08:19,TA401C5700,TA401C5700,197.0,0.0,0.0,0.0,5,193.0,197.0,5,196.0,185.0,197.0,185.0,6.0,1125.0,30
2023-05-10 09:10:38,TA401C5700,TA401C5700,197.0,0.0,0.0,0.0,5,192.0,197.0,5,196.0,185.0,197.0,185.0,6.0,1125.0,30
2023-05-10 09:10:48,TA401C5700,TA401C5700,197.0,0.0,0.0,0.0,5,192.0,196.0,5,196.0,185.0,197.0,185.0,6.0,1125.0,30
2023-05-10 09:10:59,TA401C5700,TA401C5700,197.0,0.0,0.0,0.0,5,190.0,196.0,5,196.0,185.0,197.0,185.0,6.0,1125.0,30
2023-05-10 09:11:16,TA401C5700,TA401C5700,197.0,0.0,0.0,0.0,5,190.0,195.0,5,196.0,185.0,197.0,185.0,6.0,1125.0,30
2023-05-10 09:12:15,TA401C5700,TA401C5700,197.0,0.0,0.0,0.0,5,190.0,194.0,5,196.0,185.0,197.0,185.0,6.0,1125.0,30
2023-05-10 09:12:58,TA401C5700,TA401C5700,197.0,0.0,0.0,0.0,1,192.0,194.0,5,196.0,185.0,197.0,185.0,6.0,1125.0,30
2023-05-10 09:13:04,TA401C5700,TA401C5700,192.0,1.0,191.0,1.0,5,190.0,194.0,5,196.0,185.0,197.0,185.0,7.0,1316.0,31
2023-05-10 09:16:26,TA401C5700,TA401C5700,192.0,0.0,0.0,0.0,1,167.5,194.0,5,196.0,185.0,197.0,185.0,7.0,1316.0,31
2023-05-10 09:16:27,TA401C5700,TA401C5700,192.0,0.0,0.0,0.0,5,188.0,194.0,5,196.0,185.0,197.0,185.0,7.0,1316.0,31
2023-05-10 09:16:34,TA401C5700,TA401C5700,192.0,0.0,0.0,0.0,5,188.0,192.5,5,196.0,185.0,197.0,185.0,7.0,1316.0,31
2023-05-10 09:18:42,TA401C5700,TA401C5700,192.0,0.0,0.0,0.0,5,188.0,194.0,5,196.0,185.0,197.0,185.0,7.0,1316.0,31
2023-05-10 09:18:42,TA401C5700,TA401C5700,192.0,0.0,0.0,0.0,5,189.5,194.0,5,196.0,185.0,197.0,185.0,7.0,1316.0,31
2023-05-10 09:19:12,TA401C5700,TA401C5700,192.0,0.0,0.0,0.0,5,189.5,212.0,1,196.0,185.0,197.0,185.0,7.0,1316.0,31
2023-05-10 09:19:12,TA401C5700,TA401C5700,192.0,0.0,0.0,0.0,5,191.0,212.0,1,196.0,185.0,197.0,185.0,7.0,1316.0,31
2023-05-10 09:19:17,TA401C5700,TA401C5700,192.0,0.0,0.0,0.0,5,191.0,196.0,5,196.0,185.0,197.0,185.0,7.0,1316.0,31
2023-05-10 09:19:30,TA401C5700,TA401C5700,192.0,0.0,0.0,0.0,5,192.5,196.0,5,196.0,185.0,197.0,185.0,7.0,1316.0,31
2023-05-10 09:20:46,TA401C5700,TA401C5700,192.0,0.0,0.0,0.0,5,191.0,196.0,5,196.0,185.0,197.0,185.0,7.0,1316.0,31
2023-05-10 09:22:46,TA401C5700,TA401C5700,192.0,0.0,0.0,0.0,5,191.0,195.0,5,196.0,185.0,197.0,185.0,7.0,1316.0,31
2023-05-10 09:27:15,TA401C5700,TA401C5700,192.0,0.0,0.0,0.0,5,189.0,195.0,5,196.0,185.0,197.0,185.0,7.0,1316.0,31
2023-05-10 09:27:30,TA401C5700,TA401C5700,192.0,0.0,0.0,0.0,5,189.0,193.5,5,196.0,185.0,197.0,185.0,7.0,1316.0,31
2023-05-10 09:27:44,TA401C5700,TA401C5700,192.0,0.0,0.0,0.0,1,167.5,193.5,5,196.0,185.0,197.0,185.0,7.0,1316.0,31
2023-05-10 09:27:45,TA401C5700,TA401C5700,192.0,0.0,0.0,0.0,5,187.0,193.5,5,196.0,185.0,197.0,185.0,7.0,1316.0,31
2023-05-10 09:28:26,TA401C5700,TA401C5700,192.0,0.0,0.0,0.0,5,188.0,193.5,5,196.0,185.0,197.0,185.0,7.0,1316.0,31
2023-05-10 09:30:24,TA401C5700,TA401C5700,192.0,0.0,0.0,0.0,5,189.0,193.5,5,196.0,185.0,197.0,185.0,7.0,1316.0,31
2023-05-10 09:30:38,TA401C5700,TA401C5700,192.0,0.0,0.0,0.0,5,189.0,195.0,5,196.0,185.0,197.0,185.0,7.0,1316.0,31
2023-05-10 09:30:39,TA401C5700,TA401C5700,192.0,0.0,0.0,0.0,5,190.0,195.0,5,196.0,185.0,197.0,185.0,7.0,1316.0,31
2023-05-10 09:31:09,TA401C5700,TA401C5700,192.0,0.0,0.0,0.0,5,190.0,194.0,5,196.0,185.0,197.0,185.0,7.0,1316.0,31
2023-05-10 09:31:15,TA401C5700,TA401C5700,192.0,0.0,0.0,0.0,5,189.0,194.0,5,196.0,185.0,197.0,185.0,7.0,1316.0,31
2023-05-10 09:32:28,TA401C5700,TA401C5700,192.0,0.0,0.0,0.0,5,190.0,194.0,5,196.0,185.0,197.0,185.0,7.0,1316.0,31
2023-05-10 09:32:41,TA401C5700,TA401C5700,192.0,0.0,0.0,0.0,5,190.0,195.0,5,196.0,185.0,197.0,185.0,7.0,1316.0,31
2023-05-10 09:33:36,TA401C5700,TA401C5700,192.0,0.0,0.0,0.0,5,191.0,195.0,5,196.0,185.0,197.0,185.0,7.0,1316.0,31
2023-05-10 09:36:16,TA401C5700,TA401C5700,192.0,0.0,0.0,0.0,5,190.0,195.0,5,196.0,185.0,197.0,185.0,7.0,1316.0,31
2023-05-10 09:38:10,TA401C5700,TA401C5700,192.0,0.0,0.0,0.0,5,190.0,195.0,6,196.0,185.0,197.0,185.0,7.0,1316.0,31
2023-05-10 09:38:20,TA401C5700,TA401C5700,192.0,0.0,0.0,0.0,5,191.0,195.0,6,196.0,185.0,197.0,185.0,7.0,1316.0,31
2023-05-10 09:38:25,TA401C5700,TA401C5700,192.0,0.0,0.0,0.0,5,191.0,195.0,1,196.0,185.0,197.0,185.0,7.0,1316.0,31
2023-05-10 09:39:10,TA401C5700,TA401C5700,192.0,0.0,0.0,0.0,5,192.0,195.0,1,196.0,185.0,197.0,185.0,7.0,1316.0,31
2023-05-10 09:40:49,TA401C5700,TA401C5700,192.0,0.0,0.0,0.0,5,191.0,195.0,1,196.0,185.0,197.0,185.0,7.0,1316.0,31
2023-05-10 09:41:46,TA401C5700,TA401C5700,192.0,0.0,0.0,0.0,5,191.0,195.0,6,196.0,185.0,197.0,185.0,7.0,1316.0,31
2023-05-10 09:42:10,TA401C5700,TA401C5700,192.0,0.0,0.0,0.0,1,167.5,195.0,6,196.0,185.0,197.0,185.0,7.0,1316.0,31
2023-05-10 09:42:11,TA401C5700,TA401C5700,192.0,0.0,0.0,0.0,5,189.0,195.0,6,196.0,185.0,197.0,185.0,7.0,1316.0,31
2023-05-10 09:43:18,TA401C5700,TA401C5700,192.0,0.0,0.0,0.0,5,189.0,193.5,5,196.0,185.0,197.0,185.0,7.0,1316.0,31
2023-05-10 09:44:53,TA401C5700,TA401C5700,192.0,0.0,0.0,0.0,5,187.0,193.5,5,196.0,185.0,197.0,185.0,7.0,1316.0,31
2023-05-10 09:47:11,TA401C5700,TA401C5700,192.0,0.0,0.0,0.0,5,188.0,193.5,5,196.0,185.0,197.0,185.0,7.0,1316.0,31
2023-05-10 09:47:31,TA401C5700,TA401C5700,192.0,0.0,0.0,0.0,5,189.0,193.5,5,196.0,185.0,197.0,185.0,7.0,1316.0,31
2023-05-10 09:49:33,TA401C5700,TA401C5700,192.0,0.0,0.0,0.0,5,188.0,193.5,5,196.0,185.0,197.0,185.0,7.0,1316.0,31
2023-05-10 09:49:55,TA401C5700,TA401C5700,192.0,0.0,0.0,0.0,5,188.0,192.5,5,196.0,185.0,197.0,185.0,7.0,1316.0,31
2023-05-10 09:53:05,TA401C5700,TA401C5700,192.0,0.0,0.0,0.0,5,186.0,192.5,5,196.0,185.0,197.0,185.0,7.0,1316.0,31
2023-05-10 09:53:14,TA401C5700,TA401C5700,192.0,0.0,0.0,0.0,5,186.0,191.0,5,196.0,185.0,197.0,185.0,7.0,1316.0,31
2023-05-10 09:54:23,TA401C5700,TA401C5700,192.0,0.0,0.0,0.0,5,186.0,190.0,5,196.0,185.0,197.0,185.0,7.0,1316.0,31
2023-05-10 09:54:32,TA401C5700,TA401C5700,192.0,0.0,0.0,0.0,1,167.5,190.0,5,196.0,185.0,197.0,185.0,7.0,1316.0,31
2023-05-10 09:54:33,TA401C5700,TA401C5700,192.0,0.0,0.0,0.0,5,184.5,190.0,5,196.0,185.0,197.0,185.0,7.0,1316.0,31
2023-05-10 09:55:44,TA401C5700,TA401C5700,192.0,0.0,0.0,0.0,5,184.5,188.5,5,196.0,185.0,197.0,185.0,7.0,1316.0,31
2023-05-10 09:58:13,TA401C5700,TA401C5700,192.0,0.0,0.0,0.0,5,184.5,190.0,5,196.0,185.0,197.0,185.0,7.0,1316.0,31
2023-05-10 09:58:31,TA401C5700,TA401C5700,192.0,0.0,0.0,0.0,5,185.5,190.0,5,196.0,185.0,197.0,185.0,7.0,1316.0,31
2023-05-10 09:58:48,TA401C5700,TA401C5700,192.0,0.0,0.0,0.0,5,185.5,195.0,1,196.0,185.0,197.0,185.0,7.0,1316.0,31
2023-05-10 09:58:48,TA401C5700,TA401C5700,192.0,0.0,0.0,0.0,5,185.5,192.0,5,196.0,185.0,197.0,185.0,7.0,1316.0,31
2023-05-10 09:58:50,TA401C5700,TA401C5700,192.0,0.0,0.0,0.0,5,186.5,192.0,5,196.0,185.0,197.0,185.0,7.0,1316.0,31
2023-05-10 10:00:11,TA401C5700,TA401C5700,192.0,0.0,0.0,0.0,5,188.0,192.0,5,196.0,185.0,197.0,185.0,7.0,1316.0,31
2023-05-10 10:00:46,TA401C5700,TA401C5700,192.0,0.0,0.0,0.0,5,188.0,194.0,5,196.0,185.0,197.0,185.0,7.0,1316.0,31
2023-05-10 10:00:50,TA401C5700,TA401C5700,192.0,0.0,0.0,0.0,5,189.0,194.0,5,196.0,185.0,197.0,185.0,7.0,1316.0,31
2023-05-10 10:01:43,TA401C5700,TA401C5700,192.0,0.0,0.0,0.0,5,189.0,192.5,5,196.0,185.0,197.0,185.0,7.0,1316.0,31
2023-05-10 10:03:05,TA401C5700,TA401C5700,192.0,0.0,0.0,0.0,5,188.0,192.5,5,196.0,185.0,197.0,185.0,7.0,1316.0,31
2023-05-10 10:09:32,TA401C5700,TA401C5700,192.0,0.0,0.0,0.0,5,188.0,194.0,5,196.0,185.0,197.0,185.0,7.0,1316.0,31
2023-05-10 10:09:34,TA401C5700,TA401C5700,192.0,0.0,0.0,0.0,5,189.5,194.0,5,196.0,185.0,197.0,185.0,7.0,1316.0,31
2023-05-10 10:10:18,TA401C5700,TA401C5700,192.0,0.0,0.0,0.0,5,189.5,195.0,1,196.0,185.0,197.0,185.0,7.0,1316.0,31
2023-05-10 10:10:22,TA401C5700,TA401C5700,192.0,0.0,0.0,0.0,5,190.5,195.0,1,196.0,185.0,197.0,185.0,7.0,1316.0,31
2023-05-10 10:11:22,TA401C5700,TA401C5700,192.0,0.0,0.0,0.0,5,190.5,195.0,6,196.0,185.0,197.0,185.0,7.0,1316.0,31
2023-05-10 10:11:50,TA401C5700,TA401C5700,192.0,0.0,0.0,0.0,5,189.5,194.0,5,196.0,185.0,197.0,185.0,7.0,1316.0,31
2023-05-10 10:30:00,TA401C5700,TA401C5700,192.0,0.0,0.0,0.0,5,187.0,194.0,5,196.0,185.0,197.0,185.0,7.0,1316.0,31
2023-05-10 10:30:05,TA401C5700,TA401C5700,192.0,0.0,0.0,0.0,5,188.5,194.0,5,196.0,185.0,197.0,185.0,7.0,1316.0,31
2023-05-10 10:30:15,TA401C5700,TA401C5700,192.0,0.0,0.0,0.0,5,188.5,193.0,5,196.0,185.0,197.0,185.0,7.0,1316.0,31
2023-05-10 10:30:57,TA401C5700,TA401C5700,192.0,0.0,0.0,0.0,5,187.0,193.0,5,196.0,185.0,197.0,185.0,7.0,1316.0,31
2023-05-10 10:31:02,TA401C5700,TA401C5700,192.0,0.0,0.0,0.0,5,187.0,192.0,5,196.0,185.0,197.0,185.0,7.0,1316.0,31
2023-05-10 10:36:23,TA401C5700,TA401C5700,192.0,0.0,0.0,0.0,5,187.0,191.0,5,196.0,185.0,197.0,185.0,7.0,1316.0,31
2023-05-10 10:37:23,TA401C5700,TA401C5700,192.0,0.0,0.0,0.0,1,133.5,191.0,5,196.0,185.0,197.0,185.0,7.0,1316.0,31
2023-05-10 10:37:24,TA401C5700,TA401C5700,192.0,0.0,0.0,0.0,2,140.0,191.0,5,196.0,185.0,197.0,185.0,7.0,1316.0,31
2023-05-10 10:37:24,TA401C5700,TA401C5700,192.0,0.0,0.0,0.0,1,171.5,191.0,5,196.0,185.0,197.0,185.0,7.0,1316.0,31
2023-05-10 10:37:25,TA401C5700,TA401C5700,192.0,0.0,0.0,0.0,5,185.0,191.0,5,196.0,185.0,197.0,185.0,7.0,1316.0,31
2023-05-10 10:38:05,TA401C5700,TA401C5700,192.0,0.0,0.0,0.0,5,185.0,190.0,5,196.0,185.0,197.0,185.0,7.0,1316.0,31
2023-05-10 10:38:47,TA401C5700,TA401C5700,192.0,0.0,0.0,0.0,5,185.0,189.0,5,196.0,185.0,197.0,185.0,7.0,1316.0,31
2023-05-10 10:38:48,TA401C5700,TA401C5700,192.0,0.0,0.0,0.0,1,171.5,189.0,5,196.0,185.0,197.0,185.0,7.0,1316.0,31
2023-05-10 10:38:52,TA401C5700,TA401C5700,192.0,0.0,0.0,0.0,5,183.5,189.0,5,196.0,185.0,197.0,185.0,7.0,1316.0,31
2023-05-10 10:39:06,TA401C5700,TA401C5700,192.0,0.0,0.0,0.0,5,183.5,188.0,5,196.0,185.0,197.0,185.0,7.0,1316.0,31
2023-05-10 10:39:11,TA401C5700,TA401C5700,192.0,0.0,0.0,0.0,1,171.5,188.0,5,196.0,185.0,197.0,185.0,7.0,1316.0,31
2023-05-10 10:39:18,TA401C5700,TA401C5700,192.0,0.0,0.0,0.0,5,182.0,188.0,5,196.0,185.0,197.0,185.0,7.0,1316.0,31
2023-05-10 10:39:24,TA401C5700,TA401C5700,192.0,0.0,0.0,0.0,5,182.0,186.5,5,196.0,185.0,197.0,185.0,7.0,1316.0,31
2023-05-10 10:42:20,TA401C5700,TA401C5700,192.0,0.0,0.0,0.0,5,182.0,188.0,5,196.0,185.0,197.0,185.0,7.0,1316.0,31
2023-05-10 10:42:22,TA401C5700,TA401C5700,192.0,0.0,0.0,0.0,5,183.0,188.0,5,196.0,185.0,197.0,185.0,7.0,1316.0,31
2023-05-10 10:44:15,TA401C5700,TA401C5700,192.0,0.0,0.0,0.0,5,184.0,188.0,5,196.0,185.0,197.0,185.0,7.0,1316.0,31
2023-05-10 10:44:24,TA401C5700,TA401C5700,192.0,0.0,0.0,0.0,5,184.0,190.0,5,196.0,185.0,197.0,185.0,7.0,1316.0,31
2023-05-10 10:44:29,TA401C5700,TA401C5700,192.0,0.0,0.0,0.0,5,184.0,189.0,5,196.0,185.0,197.0,185.0,7.0,1316.0,31
2023-05-10 10:48:02,TA401C5700,TA401C5700,192.0,0.0,0.0,0.0,5,184.0,188.0,5,196.0,185.0,197.0,185.0,7.0,1316.0,31
2023-05-10 10:48:11,TA401C5700,TA401C5700,192.0,0.0,0.0,0.0,5,183.0,188.0,5,196.0,185.0,197.0,185.0,7.0,1316.0,31
2023-05-10 10:48:51,TA401C5700,TA401C5700,192.0,0.0,0.0,0.0,5,183.0,186.5,5,196.0,185.0,197.0,185.0,7.0,1316.0,31
2023-05-10 10:50:15,TA401C5700,TA401C5700,192.0,0.0,0.0,0.0,5,183.0,188.0,5,196.0,185.0,197.0,185.0,7.0,1316.0,31
2023-05-10 11:00:11,TA401C5700,TA401C5700,192.0,0.0,0.0,0.0,5,183.0,195.0,1,196.0,185.0,197.0,185.0,7.0,1316.0,31
2023-05-10 11:00:15,TA401C5700,TA401C5700,192.0,0.0,0.0,0.0,5,183.0,189.5,5,196.0,185.0,197.0,185.0,7.0,1316.0,31
2023-05-10 11:00:17,TA401C5700,TA401C5700,192.0,0.0,0.0,0.0,5,184.5,189.5,5,196.0,185.0,197.0,185.0,7.0,1316.0,31
2023-05-10 11:05:21,TA401C5700,TA401C5700,192.0,0.0,0.0,0.0,5,186.0,189.5,5,196.0,185.0,197.0,185.0,7.0,1316.0,31
2023-05-10 11:08:47,TA401C5700,TA401C5700,192.0,0.0,0.0,0.0,5,184.5,189.5,5,196.0,185.0,197.0,185.0,7.0,1316.0,31
2023-05-10 11:15:35,TA401C5700,TA401C5700,192.0,0.0,0.0,0.0,1,171.5,189.5,5,196.0,185.0,197.0,185.0,7.0,1316.0,31
2023-05-10 11:15:38,TA401C5700,TA401C5700,192.0,0.0,0.0,0.0,1,171.5,188.0,5,196.0,185.0,197.0,185.0,7.0,1316.0,31
2023-05-10 11:15:41,TA401C5700,TA401C5700,192.0,0.0,0.0,0.0,5,182.5,188.0,5,196.0,185.0,197.0,185.0,7.0,1316.0,31
2023-05-10 11:15:58,TA401C5700,TA401C5700,192.0,0.0,0.0,0.0,5,182.5,187.0,5,196.0,185.0,197.0,185.0,7.0,1316.0,31
2023-05-10 11:16:27,TA401C5700,TA401C5700,192.0,0.0,0.0,0.0,5,180.5,187.0,5,196.0,185.0,197.0,185.0,7.0,1316.0,31
2023-05-10 11:16:30,TA401C5700,TA401C5700,192.0,0.0,0.0,0.0,5,180.5,186.0,5,196.0,185.0,197.0,185.0,7.0,1316.0,31
2023-05-10 11:17:11,TA401C5700,TA401C5700,192.0,0.0,0.0,0.0,5,181.5,186.0,5,196.0,185.0,197.0,185.0,7.0,1316.0,31
2023-05-10 11:17:19,TA401C5700,TA401C5700,192.0,0.0,0.0,0.0,5,181.5,187.0,5,196.0,185.0,197.0,185.0,7.0,1316.0,31
2023-05-10 11:17:20,TA401C5700,TA401C5700,192.0,0.0,0.0,0.0,5,182.5,187.0,5,196.0,185.0,197.0,185.0,7.0,1316.0,31
2023-05-10 11:20:19,TA401C5700,TA401C5700,192.0,0.0,0.0,0.0,5,182.5,189.0,5,196.0,185.0,197.0,185.0,7.0,1316.0,31
2023-05-10 11:22:15,TA401C5700,TA401C5700,192.0,0.0,0.0,0.0,5,184.0,189.0,5,196.0,185.0,197.0,185.0,7.0,1316.0,31
2023-05-10 11:23:49,TA401C5700,TA401C5700,192.0,0.0,0.0,0.0,5,184.0,188.0,5,196.0,185.0,197.0,185.0,7.0,1316.0,31
2023-05-10 11:25:39,TA401C5700,TA401C5700,192.0,0.0,0.0,0.0,5,182.5,188.0,5,196.0,185.0,197.0,185.0,7.0,1316.0,31
2023-05-10 11:25:49,TA401C5700,TA401C5700,192.0,0.0,0.0,0.0,5,182.5,187.0,5,196.0,185.0,197.0,185.0,7.0,1316.0,31
2023-05-10 11:29:05,TA401C5700,TA401C5700,192.0,0.0,0.0,0.0,5,182.5,188.0,5,196.0,185.0,197.0,185.0,7.0,1316.0,31
2023-05-10 11:29:12,TA401C5700,TA401C5700,192.0,0.0,0.0,0.0,5,183.5,188.0,5,196.0,185.0,197.0,185.0,7.0,1316.0,31
2023-05-10 11:29:25,TA401C5700,TA401C5700,192.0,0.0,0.0,0.0,1,171.5,195.0,1,196.0,185.0,197.0,185.0,7.0,1316.0,31
2023-05-10 11:29:29,TA401C5700,TA401C5700,192.0,0.0,0.0,0.0,1,115.5,195.0,1,196.0,185.0,197.0,185.0,7.0,1316.0,31
2023-05-10 13:30:27,TA401C5700,TA401C5700,192.0,0.0,0.0,0.0,1,143.5,195.0,1,196.0,185.0,197.0,185.0,7.0,1316.0,31
2023-05-10 13:30:56,TA401C5700,TA401C5700,192.0,0.0,0.0,0.0,1,143.5,189.5,5,196.0,185.0,197.0,185.0,7.0,1316.0,31
2023-05-10 13:30:59,TA401C5700,TA401C5700,192.0,0.0,0.0,0.0,5,185.0,189.5,5,196.0,185.0,197.0,185.0,7.0,1316.0,31
2023-05-10 13:31:28,TA401C5700,TA401C5700,192.0,0.0,0.0,0.0,5,185.0,188.5,5,196.0,185.0,197.0,185.0,7.0,1316.0,31
2023-05-10 13:33:15,TA401C5700,TA401C5700,192.0,0.0,0.0,0.0,5,185.0,189.5,5,196.0,185.0,197.0,185.0,7.0,1316.0,31
2023-05-10 13:35:05,TA401C5700,TA401C5700,192.0,0.0,0.0,0.0,5,185.0,188.5,5,196.0,185.0,197.0,185.0,7.0,1316.0,31
2023-05-10 13:35:13,TA401C5700,TA401C5700,192.0,0.0,0.0,0.0,5,183.5,188.5,5,196.0,185.0,197.0,185.0,7.0,1316.0,31
2023-05-10 13:36:23,TA401C5700,TA401C5700,192.0,0.0,0.0,0.0,5,184.5,188.5,5,196.0,185.0,197.0,185.0,7.0,1316.0,31
2023-05-10 13:38:55,TA401C5700,TA401C5700,192.0,0.0,0.0,0.0,5,185.5,188.5,5,196.0,185.0,197.0,185.0,7.0,1316.0,31
2023-05-10 13:38:55,TA401C5700,TA401C5700,192.0,0.0,0.0,0.0,5,185.5,189.5,5,196.0,185.0,197.0,185.0,7.0,1316.0,31
2023-05-10 13:39:22,TA401C5700,TA401C5700,192.0,0.0,0.0,0.0,5,185.5,188.5,5,196.0,185.0,197.0,185.0,7.0,1316.0,31
2023-05-10 13:39:23,TA401C5700,TA401C5700,192.0,0.0,0.0,0.0,5,184.5,188.5,5,196.0,185.0,197.0,185.0,7.0,1316.0,31
2023-05-10 13:39:31,TA401C5700,TA401C5700,192.0,0.0,0.0,0.0,5,183.0,187.5,5,196.0,185.0,197.0,185.0,7.0,1316.0,31
2023-05-10 13:40:24,TA401C5700,TA401C5700,192.0,0.0,0.0,0.0,5,183.0,186.5,5,196.0,185.0,197.0,185.0,7.0,1316.0,31
2023-05-10 13:40:27,TA401C5700,TA401C5700,192.0,0.0,0.0,0.0,1,143.5,186.5,5,196.0,185.0,197.0,185.0,7.0,1316.0,31
2023-05-10 13:40:28,TA401C5700,TA401C5700,192.0,0.0,0.0,0.0,2,144.0,186.5,5,196.0,185.0,197.0,185.0,7.0,1316.0,31
2023-05-10 13:40:28,TA401C5700,TA401C5700,192.0,0.0,0.0,0.0,1,170.0,186.5,5,196.0,185.0,197.0,185.0,7.0,1316.0,31
2023-05-10 13:40:30,TA401C5700,TA401C5700,192.0,0.0,0.0,0.0,5,181.5,186.5,5,196.0,185.0,197.0,185.0,7.0,1316.0,31
2023-05-10 13:40:43,TA401C5700,TA401C5700,192.0,0.0,0.0,0.0,5,181.5,185.5,5,196.0,185.0,197.0,185.0,7.0,1316.0,31
2023-05-10 13:41:08,TA401C5700,TA401C5700,192.0,0.0,0.0,0.0,1,170.0,185.5,5,196.0,185.0,197.0,185.0,7.0,1316.0,31
2023-05-10 13:41:10,TA401C5700,TA401C5700,192.0,0.0,0.0,0.0,5,180.5,185.5,5,196.0,185.0,197.0,185.0,7.0,1316.0,31
2023-05-10 13:41:46,TA401C5700,TA401C5700,192.0,0.0,0.0,0.0,5,180.5,184.5,5,196.0,185.0,197.0,185.0,7.0,1316.0,31
2023-05-10 13:44:09,TA401C5700,TA401C5700,192.0,0.0,0.0,0.0,5,181.5,184.5,5,196.0,185.0,197.0,185.0,7.0,1316.0,31
2023-05-10 13:45:18,TA401C5700,TA401C5700,192.0,0.0,0.0,0.0,5,181.5,185.5,5,196.0,185.0,197.0,185.0,7.0,1316.0,31
2023-05-10 13:47:25,TA401C5700,TA401C5700,192.0,0.0,0.0,0.0,5,180.5,184.5,5,196.0,185.0,197.0,185.0,7.0,1316.0,31
2023-05-10 13:49:08,TA401C5700,TA401C5700,192.0,0.0,0.0,0.0,1,170.0,184.5,5,196.0,185.0,197.0,185.0,7.0,1316.0,31
2023-05-10 13:49:10,TA401C5700,TA401C5700,192.0,0.0,0.0,0.0,1,170.0,183.5,5,196.0,185.0,197.0,185.0,7.0,1316.0,31
2023-05-10 13:49:11,TA401C5700,TA401C5700,192.0,0.0,0.0,0.0,5,179.0,183.5,5,196.0,185.0,197.0,185.0,7.0,1316.0,31
2023-05-10 13:49:59,TA401C5700,TA401C5700,192.0,0.0,0.0,0.0,5,179.0,182.5,5,196.0,185.0,197.0,185.0,7.0,1316.0,31
2023-05-10 13:50:17,TA401C5700,TA401C5700,192.0,0.0,0.0,0.0,6,179.0,182.5,5,196.0,185.0,197.0,185.0,7.0,1316.0,31
2023-05-10 13:51:11,TA401C5700,TA401C5700,192.0,0.0,0.0,0.0,1,179.0,182.5,5,196.0,185.0,197.0,185.0,7.0,1316.0,31
2023-05-10 13:51:12,TA401C5700,TA401C5700,192.0,0.0,0.0,0.0,1,179.0,181.5,5,196.0,185.0,197.0,185.0,7.0,1316.0,31
2023-05-10 13:52:24,TA401C5700,TA401C5700,192.0,0.0,0.0,0.0,1,179.0,182.5,5,196.0,185.0,197.0,185.0,7.0,1316.0,31
2023-05-10 13:54:28,TA401C5700,TA401C5700,192.0,0.0,0.0,0.0,6,179.0,182.5,5,196.0,185.0,197.0,185.0,7.0,1316.0,31
2023-05-10 13:55:00,TA401C5700,TA401C5700,192.0,0.0,0.0,0.0,6,179.0,184.0,5,196.0,185.0,197.0,185.0,7.0,1316.0,31
2023-05-10 13:55:08,TA401C5700,TA401C5700,192.0,0.0,0.0,0.0,5,180.0,184.0,5,196.0,185.0,197.0,185.0,7.0,1316.0,31
2023-05-10 14:00:35,TA401C5700,TA401C5700,192.0,0.0,0.0,0.0,5,181.0,184.0,5,196.0,185.0,197.0,185.0,7.0,1316.0,31
2023-05-10 14:00:47,TA401C5700,TA401C5700,192.0,0.0,0.0,0.0,5,181.0,185.5,5,196.0,185.0,197.0,185.0,7.0,1316.0,31
2023-05-10 14:01:18,TA401C5700,TA401C5700,192.0,0.0,0.0,0.0,5,181.0,184.5,5,196.0,185.0,197.0,185.0,7.0,1316.0,31
2023-05-10 14:01:25,TA401C5700,TA401C5700,192.0,0.0,0.0,0.0,5,180.0,184.5,5,196.0,185.0,197.0,185.0,7.0,1316.0,31
2023-05-10 14:02:02,TA401C5700,TA401C5700,192.0,0.0,0.0,0.0,5,180.0,183.5,5,196.0,185.0,197.0,185.0,7.0,1316.0,31
2023-05-10 14:10:48,TA401C5700,TA401C5700,192.0,0.0,0.0,0.0,5,180.0,184.5,5,196.0,185.0,197.0,185.0,7.0,1316.0,31
2023-05-10 14:11:06,TA401C5700,TA401C5700,192.0,0.0,0.0,0.0,5,181.0,184.5,5,196.0,185.0,197.0,185.0,7.0,1316.0,31
2023-05-10 14:15:17,TA401C5700,TA401C5700,192.0,0.0,0.0,0.0,5,181.0,186.0,5,196.0,185.0,197.0,185.0,7.0,1316.0,31
2023-05-10 14:15:40,TA401C5700,TA401C5700,192.0,0.0,0.0,0.0,5,181.0,185.0,5,196.0,185.0,197.0,185.0,7.0,1316.0,31
2023-05-10 14:17:15,TA401C5700,TA401C5700,192.0,0.0,0.0,0.0,5,182.0,185.0,5,196.0,185.0,197.0,185.0,7.0,1316.0,31
2023-05-10 14:17:15,TA401C5700,TA401C5700,192.0,0.0,0.0,0.0,5,182.0,186.0,5,196.0,185.0,197.0,185.0,7.0,1316.0,31
2023-05-10 14:19:20,TA401C5700,TA401C5700,192.0,0.0,0.0,0.0,5,181.0,185.0,5,196.0,185.0,197.0,185.0,7.0,1316.0,31
2023-05-10 14:24:54,TA401C5700,TA401C5700,192.0,0.0,0.0,0.0,5,181.0,184.0,5,196.0,185.0,197.0,185.0,7.0,1316.0,31
2023-05-10 14:24:54,TA401C5700,TA401C5700,192.0,0.0,0.0,0.0,1,179.0,184.0,5,196.0,185.0,197.0,185.0,7.0,1316.0,31
2023-05-10 14:24:56,TA401C5700,TA401C5700,192.0,0.0,0.0,0.0,5,179.5,184.0,5,196.0,185.0,197.0,185.0,7.0,1316.0,31
2023-05-10 14:26:30,TA401C5700,TA401C5700,192.0,0.0,0.0,0.0,5,180.5,184.0,5,196.0,185.0,197.0,185.0,7.0,1316.0,31
2023-05-10 14:27:01,TA401C5700,TA401C5700,192.0,0.0,0.0,0.0,5,179.5,184.0,5,196.0,185.0,197.0,185.0,7.0,1316.0,31
2023-05-10 14:27:50,TA401C5700,TA401C5700,192.0,0.0,0.0,0.0,5,179.5,183.0,5,196.0,185.0,197.0,185.0,7.0,1316.0,31
2023-05-10 14:28:14,TA401C5700,TA401C5700,192.0,0.0,0.0,0.0,1,179.0,183.0,5,196.0,185.0,197.0,185.0,7.0,1316.0,31
2023-05-10 14:28:27,TA401C5700,TA401C5700,192.0,0.0,0.0,0.0,1,179.0,182.0,5,196.0,185.0,197.0,185.0,7.0,1316.0,31
2023-05-10 14:30:00,TA401C5700,TA401C5700,192.0,0.0,0.0,0.0,1,179.0,181.0,5,196.0,185.0,197.0,185.0,7.0,1316.0,31
2023-05-10 14:31:41,TA401C5700,TA401C5700,179.0,1.0,180.0,1.0,1,170.0,181.0,5,196.0,185.0,197.0,179.0,8.0,1496.0,32
2023-05-10 14:31:42,TA401C5700,TA401C5700,179.0,0.0,0.0,0.0,5,176.0,181.0,5,196.0,185.0,197.0,179.0,8.0,1496.0,32
2023-05-10 14:31:58,TA401C5700,TA401C5700,179.0,0.0,0.0,0.0,5,176.0,179.5,5,196.0,185.0,197.0,179.0,8.0,1496.0,32
2023-05-10 14:33:03,TA401C5700,TA401C5700,179.0,0.0,0.0,0.0,1,170.0,179.5,5,196.0,185.0,197.0,179.0,8.0,1496.0,32
2023-05-10 14:33:03,TA401C5700,TA401C5700,179.0,0.0,0.0,0.0,5,174.5,179.5,5,196.0,185.0,197.0,179.0,8.0,1496.0,32
2023-05-10 14:33:09,TA401C5700,TA401C5700,179.0,0.0,0.0,0.0,5,174.5,178.5,5,196.0,185.0,197.0,179.0,8.0,1496.0,32
2023-05-10 14:33:13,TA401C5700,TA401C5700,179.0,0.0,0.0,0.0,1,170.0,178.5,5,196.0,185.0,197.0,179.0,8.0,1496.0,32
2023-05-10 14:33:14,TA401C5700,TA401C5700,179.0,0.0,0.0,0.0,5,173.0,178.5,5,196.0,185.0,197.0,179.0,8.0,1496.0,32
2023-05-10 14:33:17,TA401C5700,TA401C5700,179.0,0.0,0.0,0.0,5,173.0,177.5,5,196.0,185.0,197.0,179.0,8.0,1496.0,32
2023-05-10 14:33:28,TA401C5700,TA401C5700,179.0,0.0,0.0,0.0,5,174.0,177.5,5,196.0,185.0,197.0,179.0,8.0,1496.0,32
2023-05-10 14:34:07,TA401C5700,TA401C5700,179.0,0.0,0.0,0.0,5,173.0,177.5,5,196.0,185.0,197.0,179.0,8.0,1496.0,32
2023-05-10 14:34:11,TA401C5700,TA401C5700,179.0,0.0,0.0,0.0,5,173.0,176.5,5,196.0,185.0,197.0,179.0,8.0,1496.0,32
2023-05-10 14:34:31,TA401C5700,TA401C5700,179.0,0.0,0.0,0.0,1,170.0,176.5,5,196.0,185.0,197.0,179.0,8.0,1496.0,32
2023-05-10 14:34:33,TA401C5700,TA401C5700,179.0,0.0,0.0,0.0,1,170.0,175.5,5,196.0,185.0,197.0,179.0,8.0,1496.0,32
2023-05-10 14:34:37,TA401C5700,TA401C5700,179.0,0.0,0.0,0.0,5,172.0,175.5,5,196.0,185.0,197.0,179.0,8.0,1496.0,32
2023-05-10 14:35:03,TA401C5700,TA401C5700,179.0,0.0,0.0,0.0,1,159.5,175.5,5,196.0,185.0,197.0,179.0,8.0,1496.0,32
2023-05-10 14:35:03,TA401C5700,TA401C5700,179.0,0.0,0.0,0.0,5,170.5,175.5,5,196.0,185.0,197.0,179.0,8.0,1496.0,32
2023-05-10 14:35:44,TA401C5700,TA401C5700,179.0,0.0,0.0,0.0,5,170.5,174.5,5,196.0,185.0,197.0,179.0,8.0,1496.0,32
2023-05-10 14:37:53,TA401C5700,TA401C5700,179.0,0.0,0.0,0.0,1,159.5,174.5,5,196.0,185.0,197.0,179.0,8.0,1496.0,32
2023-05-10 14:37:53,TA401C5700,TA401C5700,179.0,0.0,0.0,0.0,5,169.0,174.5,5,196.0,185.0,197.0,179.0,8.0,1496.0,32
2023-05-10 14:37:55,TA401C5700,TA401C5700,179.0,0.0,0.0,0.0,5,169.0,173.5,5,196.0,185.0,197.0,179.0,8.0,1496.0,32
2023-05-10 14:38:37,TA401C5700,TA401C5700,179.0,0.0,0.0,0.0,5,169.0,172.5,5,196.0,185.0,197.0,179.0,8.0,1496.0,32
2023-05-10 14:38:43,TA401C5700,TA401C5700,179.0,0.0,0.0,0.0,1,159.5,172.5,5,196.0,185.0,197.0,179.0,8.0,1496.0,32
2023-05-10 14:38:44,TA401C5700,TA401C5700,179.0,0.0,0.0,0.0,5,168.0,172.5,5,196.0,185.0,197.0,179.0,8.0,1496.0,32
2023-05-10 14:39:15,TA401C5700,TA401C5700,179.0,0.0,0.0,0.0,5,168.0,171.5,5,196.0,185.0,197.0,179.0,8.0,1496.0,32
2023-05-10 14:39:20,TA401C5700,TA401C5700,179.0,0.0,0.0,0.0,5,168.0,172.5,5,196.0,185.0,197.0,179.0,8.0,1496.0,32
2023-05-10 14:39:55,TA401C5700,TA401C5700,179.0,0.0,0.0,0.0,5,168.0,171.5,5,196.0,185.0,197.0,179.0,8.0,1496.0,32
2023-05-10 14:40:37,TA401C5700,TA401C5700,179.0,0.0,0.0,0.0,5,168.0,172.5,5,196.0,185.0,197.0,179.0,8.0,1496.0,32
2023-05-10 14:40:40,TA401C5700,TA401C5700,179.0,0.0,0.0,0.0,5,169.5,172.5,5,196.0,185.0,197.0,179.0,8.0,1496.0,32
2023-05-10 14:40:48,TA401C5700,TA401C5700,179.0,0.0,0.0,0.0,5,169.5,201.0,1,196.0,185.0,197.0,179.0,8.0,1496.0,32
2023-05-10 14:40:48,TA401C5700,TA401C5700,179.0,0.0,0.0,0.0,5,169.5,174.0,5,196.0,185.0,197.0,179.0,8.0,1496.0,32
2023-05-10 14:41:06,TA401C5700,TA401C5700,179.0,0.0,0.0,0.0,5,170.5,174.0,5,196.0,185.0,197.0,179.0,8.0,1496.0,32
2023-05-10 14:41:28,TA401C5700,TA401C5700,179.0,0.0,0.0,0.0,5,170.5,201.0,1,196.0,185.0,197.0,179.0,8.0,1496.0,32
2023-05-10 14:41:30,TA401C5700,TA401C5700,179.0,0.0,0.0,0.0,5,170.5,176.0,5,196.0,185.0,197.0,179.0,8.0,1496.0,32
2023-05-10 14:41:35,TA401C5700,TA401C5700,179.0,0.0,0.0,0.0,5,170.5,175.0,5,196.0,185.0,197.0,179.0,8.0,1496.0,32
2023-05-10 14:42:00,TA401C5700,TA401C5700,179.0,0.0,0.0,0.0,5,171.5,175.0,5,196.0,185.0,197.0,179.0,8.0,1496.0,32
2023-05-10 14:42:05,TA401C5700,TA401C5700,179.0,0.0,0.0,0.0,5,171.5,176.0,5,196.0,185.0,197.0,179.0,8.0,1496.0,32
2023-05-10 14:42:40,TA401C5700,TA401C5700,179.0,0.0,0.0,0.0,5,173.0,176.0,5,196.0,185.0,197.0,179.0,8.0,1496.0,32
2023-05-10 14:42:47,TA401C5700,TA401C5700,179.0,0.0,0.0,0.0,5,173.0,201.0,1,196.0,185.0,197.0,179.0,8.0,1496.0,32
2023-05-10 14:42:48,TA401C5700,TA401C5700,179.0,0.0,0.0,0.0,5,173.0,177.5,5,196.0,185.0,197.0,179.0,8.0,1496.0,32
2023-05-10 14:43:05,TA401C5700,TA401C5700,179.0,0.0,0.0,0.0,5,173.0,176.5,5,196.0,185.0,197.0,179.0,8.0,1496.0,32
2023-05-10 14:44:01,TA401C5700,TA401C5700,179.0,0.0,0.0,0.0,5,173.0,177.5,5,196.0,185.0,197.0,179.0,8.0,1496.0,32
2023-05-10 14:44:05,TA401C5700,TA401C5700,179.0,0.0,0.0,0.0,5,174.0,177.5,5,196.0,185.0,197.0,179.0,8.0,1496.0,32
2023-05-10 14:45:16,TA401C5700,TA401C5700,179.0,0.0,0.0,0.0,5,174.0,201.0,1,196.0,185.0,197.0,179.0,8.0,1496.0,32
2023-05-10 14:45:17,TA401C5700,TA401C5700,179.0,0.0,0.0,0.0,5,174.0,179.0,5,196.0,185.0,197.0,179.0,8.0,1496.0,32
2023-05-10 14:45:20,TA401C5700,TA401C5700,179.0,0.0,0.0,0.0,5,175.0,179.0,5,196.0,185.0,197.0,179.0,8.0,1496.0,32
2023-05-10 14:46:49,TA401C5700,TA401C5700,179.0,0.0,0.0,0.0,5,176.0,201.0,1,196.0,185.0,197.0,179.0,8.0,1496.0,32
2023-05-10 14:46:50,TA401C5700,TA401C5700,179.0,0.0,0.0,0.0,5,176.0,180.5,5,196.0,185.0,197.0,179.0,8.0,1496.0,32
2023-05-10 14:47:15,TA401C5700,TA401C5700,179.0,0.0,0.0,0.0,5,176.0,179.5,5,196.0,185.0,197.0,179.0,8.0,1496.0,32
2023-05-10 14:47:28,TA401C5700,TA401C5700,179.0,0.0,0.0,0.0,5,175.0,179.5,5,196.0,185.0,197.0,179.0,8.0,1496.0,32
2023-05-10 14:47:34,TA401C5700,TA401C5700,179.0,0.0,0.0,0.0,5,175.0,178.5,5,196.0,185.0,197.0,179.0,8.0,1496.0,32
2023-05-10 14:49:07,TA401C5700,TA401C5700,179.0,0.0,0.0,0.0,5,175.0,179.5,5,196.0,185.0,197.0,179.0,8.0,1496.0,32
2023-05-10 14:49:11,TA401C5700,TA401C5700,179.0,0.0,0.0,0.0,5,176.0,179.5,5,196.0,185.0,197.0,179.0,8.0,1496.0,32
2023-05-10 14:51:26,TA401C5700,TA401C5700,179.0,0.0,0.0,0.0,6,176.0,179.5,5,196.0,185.0,197.0,179.0,8.0,1496.0,32
2023-05-10 14:55:27,TA401C5700,TA401C5700,179.0,0.0,0.0,0.0,1,176.0,179.5,5,196.0,185.0,197.0,179.0,8.0,1496.0,32
2023-05-10 14:56:14,TA401C5700,TA401C5700,179.0,0.0,0.0,0.0,1,176.0,178.5,5,196.0,185.0,197.0,179.0,8.0,1496.0,32
2023-05-10 14:58:55,TA401C5700,TA401C5700,179.0,0.0,0.0,0.0,1,176.0,251.0,1,196.0,185.0,197.0,179.0,8.0,1496.0,32
2023-05-10 14:58:55,TA401C5700,TA401C5700,179.0,0.0,0.0,0.0,1,176.0,245.5,1,196.0,185.0,197.0,179.0,8.0,1496.0,32
2023-05-10 14:58:56,TA401C5700,TA401C5700,179.0,0.0,0.0,0.0,1,176.0,200.0,1,196.0,185.0,197.0,179.0,8.0,1496.0,32
2023-05-10 14:59:15,TA401C5700,TA401C5700,179.0,0.0,0.0,0.0,1,176.0,269.0,1,196.0,185.0,197.0,179.0,8.0,1496.0,32
2023-05-10 14:59:15,TA401C5700,TA401C5700,179.0,0.0,0.0,0.0,1,176.0,269.0,1,196.0,185.0,197.0,179.0,8.0,1496.0,32
