time,symbol_id,symbol_name,last,trade_volume,trade_amount,open_interest_change,bv1,bp1,ap1,av1,yesterday_close,today_open,today_high,today_low,volume,amount,open_interest
2023-05-09 19:10:58,TA401C5400,TA401C5400,290.0,0.0,0.0,0.0,0,0.0,0.0,0,290.0,292.5,0.0,0.0,0.0,0.0,52
2023-05-09 20:59:00,TA401C5400,TA401C5400,290.0,0.0,0.0,0.0,100,2.0,0.0,0,290.0,292.5,0.0,0.0,0.0,0.0,52
2023-05-09 21:00:00,TA401C5400,TA401C5400,290.0,0.0,0.0,0.0,1,192.0,0.0,0,290.0,292.5,0.0,0.0,0.0,0.0,52
2023-05-09 21:00:01,TA401C5400,TA401C5400,290.0,0.0,0.0,0.0,1,192.0,402.5,1,290.0,292.5,0.0,0.0,0.0,0.0,52
2023-05-09 21:01:09,TA401C5400,TA401C5400,290.0,0.0,0.0,0.0,5,295.5,402.5,1,290.0,292.5,0.0,0.0,0.0,0.0,52
2023-05-09 21:01:14,TA401C5400,TA401C5400,290.0,0.0,0.0,0.0,5,295.5,301.5,5,290.0,292.5,0.0,0.0,0.0,0.0,52
2023-05-09 21:01:36,TA401C5400,TA401C5400,290.0,0.0,0.0,0.0,5,295.5,402.5,1,290.0,292.5,0.0,0.0,0.0,0.0,52
2023-05-09 21:01:39,TA401C5400,TA401C5400,290.0,0.0,0.0,0.0,5,295.5,303.0,5,290.0,292.5,0.0,0.0,0.0,0.0,52
2023-05-09 21:01:47,TA401C5400,TA401C5400,290.0,0.0,0.0,0.0,5,295.5,301.0,5,290.0,292.5,0.0,0.0,0.0,0.0,52
2023-05-09 21:01:51,TA401C5400,TA401C5400,290.0,0.0,0.0,0.0,5,293.0,301.0,5,290.0,292.5,0.0,0.0,0.0,0.0,52
2023-05-09 21:02:25,TA401C5400,TA401C5400,290.0,0.0,0.0,0.0,5,294.5,301.0,5,290.0,292.5,0.0,0.0,0.0,0.0,52
2023-05-09 21:02:45,TA401C5400,TA401C5400,290.0,0.0,0.0,0.0,5,294.5,299.0,5,290.0,292.5,0.0,0.0,0.0,0.0,52
2023-05-09 21:03:53,TA401C5400,TA401C5400,290.0,0.0,0.0,0.0,5,293.0,299.0,5,290.0,292.5,0.0,0.0,0.0,0.0,52
2023-05-09 21:04:23,TA401C5400,TA401C5400,290.0,0.0,0.0,0.0,1,192.0,299.0,5,290.0,292.5,0.0,0.0,0.0,0.0,52
2023-05-09 21:04:24,TA401C5400,TA401C5400,290.0,0.0,0.0,0.0,1,238.5,299.0,5,290.0,292.5,0.0,0.0,0.0,0.0,52
2023-05-09 21:04:24,TA401C5400,TA401C5400,290.0,0.0,0.0,0.0,5,291.0,299.0,5,290.0,292.5,0.0,0.0,0.0,0.0,52
2023-05-09 21:04:25,TA401C5400,TA401C5400,290.0,0.0,0.0,0.0,5,291.0,297.0,5,290.0,292.5,0.0,0.0,0.0,0.0,52
2023-05-09 21:05:13,TA401C5400,TA401C5400,290.0,0.0,0.0,0.0,5,292.5,297.0,5,290.0,292.5,0.0,0.0,0.0,0.0,52
2023-05-09 21:05:25,TA401C5400,TA401C5400,290.0,0.0,0.0,0.0,5,292.5,299.0,5,290.0,292.5,0.0,0.0,0.0,0.0,52
2023-05-09 21:05:42,TA401C5400,TA401C5400,290.0,0.0,0.0,0.0,5,292.5,297.5,5,290.0,292.5,0.0,0.0,0.0,0.0,52
2023-05-09 21:05:45,TA401C5400,TA401C5400,292.5,2.0,585.0,0.0,3,292.5,297.5,5,290.0,292.5,292.5,292.5,2.0,585.0,52
2023-05-09 21:06:02,TA401C5400,TA401C5400,292.5,0.0,0.0,0.0,3,292.5,299.0,5,290.0,292.5,292.5,292.5,2.0,585.0,52
2023-05-09 21:06:04,TA401C5400,TA401C5400,292.5,0.0,0.0,0.0,5,294.0,299.0,5,290.0,292.5,292.5,292.5,2.0,585.0,52
2023-05-09 21:06:07,TA401C5400,TA401C5400,292.5,0.0,0.0,0.0,5,294.0,402.5,1,290.0,292.5,292.5,292.5,2.0,585.0,52
2023-05-09 21:06:08,TA401C5400,TA401C5400,292.5,0.0,0.0,0.0,5,294.0,301.0,5,290.0,292.5,292.5,292.5,2.0,585.0,52
2023-05-09 21:06:16,TA401C5400,TA401C5400,292.5,0.0,0.0,0.0,5,294.0,299.5,5,290.0,292.5,292.5,292.5,2.0,585.0,52
2023-05-09 21:06:23,TA401C5400,TA401C5400,294.0,1.0,294.0,1.0,4,294.0,299.5,5,290.0,292.5,294.0,292.5,3.0,879.0,53
2023-05-09 21:06:27,TA401C5400,TA401C5400,294.0,0.0,0.0,0.0,3,292.5,299.5,5,290.0,292.5,294.0,292.5,3.0,879.0,53
2023-05-09 21:06:29,TA401C5400,TA401C5400,294.0,0.0,0.0,0.0,3,292.5,298.0,5,290.0,292.5,294.0,292.5,3.0,879.0,53
2023-05-09 21:07:15,TA401C5400,TA401C5400,294.0,0.0,0.0,0.0,1,273.0,298.0,5,290.0,292.5,294.0,292.5,3.0,879.0,53
2023-05-09 21:07:19,TA401C5400,TA401C5400,294.0,0.0,0.0,0.0,5,290.5,296.5,5,290.0,292.5,294.0,292.5,3.0,879.0,53
2023-05-09 21:07:40,TA401C5400,TA401C5400,294.0,0.0,0.0,0.0,5,290.5,295.0,5,290.0,292.5,294.0,292.5,3.0,879.0,53
2023-05-09 21:07:48,TA401C5400,TA401C5400,294.0,0.0,0.0,0.0,1,273.0,295.0,5,290.0,292.5,294.0,292.5,3.0,879.0,53
2023-05-09 21:07:49,TA401C5400,TA401C5400,294.0,0.0,0.0,0.0,5,288.5,295.0,5,290.0,292.5,294.0,292.5,3.0,879.0,53
2023-05-09 21:07:57,TA401C5400,TA401C5400,294.0,0.0,0.0,0.0,5,290.0,295.0,5,290.0,292.5,294.0,292.5,3.0,879.0,53
2023-05-09 21:07:58,TA401C5400,TA401C5400,294.0,0.0,0.0,0.0,5,290.0,296.5,5,290.0,292.5,294.0,292.5,3.0,879.0,53
2023-05-09 21:08:03,TA401C5400,TA401C5400,294.0,0.0,0.0,0.0,5,291.5,296.5,5,290.0,292.5,294.0,292.5,3.0,879.0,53
2023-05-09 21:08:16,TA401C5400,TA401C5400,294.0,0.0,0.0,0.0,5,290.0,296.5,5,290.0,292.5,294.0,292.5,3.0,879.0,53
2023-05-09 21:09:17,TA401C5400,TA401C5400,294.0,0.0,0.0,0.0,5,290.0,295.0,5,290.0,292.5,294.0,292.5,3.0,879.0,53
2023-05-09 21:09:35,TA401C5400,TA401C5400,294.0,0.0,0.0,0.0,5,290.0,296.5,5,290.0,292.5,294.0,292.5,3.0,879.0,53
2023-05-09 21:09:50,TA401C5400,TA401C5400,294.0,0.0,0.0,0.0,5,290.0,295.0,5,290.0,292.5,294.0,292.5,3.0,879.0,53
2023-05-09 21:10:46,TA401C5400,TA401C5400,294.0,0.0,0.0,0.0,1,273.0,295.0,5,290.0,292.5,294.0,292.5,3.0,879.0,53
2023-05-09 21:10:46,TA401C5400,TA401C5400,294.0,0.0,0.0,0.0,5,288.0,295.0,5,290.0,292.5,294.0,292.5,3.0,879.0,53
2023-05-09 21:10:57,TA401C5400,TA401C5400,294.0,0.0,0.0,0.0,5,289.5,295.0,5,290.0,292.5,294.0,292.5,3.0,879.0,53
2023-05-09 21:12:50,TA401C5400,TA401C5400,294.0,0.0,0.0,0.0,5,291.0,295.0,5,290.0,292.5,294.0,292.5,3.0,879.0,53
2023-05-09 21:12:54,TA401C5400,TA401C5400,294.0,0.0,0.0,0.0,5,291.0,296.5,5,290.0,292.5,294.0,292.5,3.0,879.0,53
2023-05-09 21:13:04,TA401C5400,TA401C5400,294.0,0.0,0.0,0.0,5,291.0,295.0,5,290.0,292.5,294.0,292.5,3.0,879.0,53
2023-05-09 21:13:05,TA401C5400,TA401C5400,294.0,0.0,0.0,0.0,5,289.5,295.0,5,290.0,292.5,294.0,292.5,3.0,879.0,53
2023-05-09 21:13:14,TA401C5400,TA401C5400,294.0,0.0,0.0,0.0,5,291.0,295.0,5,290.0,292.5,294.0,292.5,3.0,879.0,53
2023-05-09 21:13:16,TA401C5400,TA401C5400,294.0,0.0,0.0,0.0,5,291.0,296.5,5,290.0,292.5,294.0,292.5,3.0,879.0,53
2023-05-09 21:13:30,TA401C5400,TA401C5400,294.0,0.0,0.0,0.0,5,292.5,356.0,1,290.0,292.5,294.0,292.5,3.0,879.0,53
2023-05-09 21:13:31,TA401C5400,TA401C5400,294.0,0.0,0.0,0.0,5,292.5,350.5,1,290.0,292.5,294.0,292.5,3.0,879.0,53
2023-05-09 21:13:32,TA401C5400,TA401C5400,294.0,0.0,0.0,0.0,5,292.5,298.5,5,290.0,292.5,294.0,292.5,3.0,879.0,53
2023-05-09 21:14:23,TA401C5400,TA401C5400,294.0,0.0,0.0,0.0,5,294.0,298.5,5,290.0,292.5,294.0,292.5,3.0,879.0,53
2023-05-09 21:14:40,TA401C5400,TA401C5400,294.0,0.0,0.0,0.0,5,294.0,314.0,1,290.0,292.5,294.0,292.5,3.0,879.0,53
2023-05-09 21:14:41,TA401C5400,TA401C5400,294.0,0.0,0.0,0.0,5,294.0,300.5,5,290.0,292.5,294.0,292.5,3.0,879.0,53
2023-05-09 21:14:52,TA401C5400,TA401C5400,294.0,0.0,0.0,0.0,5,294.0,299.0,5,290.0,292.5,294.0,292.5,3.0,879.0,53
2023-05-09 21:14:59,TA401C5400,TA401C5400,294.0,0.0,0.0,0.0,5,294.0,300.5,5,290.0,292.5,294.0,292.5,3.0,879.0,53
2023-05-09 21:15:01,TA401C5400,TA401C5400,294.0,0.0,0.0,0.0,5,295.5,300.5,5,290.0,292.5,294.0,292.5,3.0,879.0,53
2023-05-09 21:15:05,TA401C5400,TA401C5400,294.0,0.0,0.0,0.0,5,295.5,314.0,1,290.0,292.5,294.0,292.5,3.0,879.0,53
2023-05-09 21:15:10,TA401C5400,TA401C5400,294.0,0.0,0.0,0.0,5,294.0,314.0,1,290.0,292.5,294.0,292.5,3.0,879.0,53
2023-05-09 21:15:12,TA401C5400,TA401C5400,294.0,0.0,0.0,0.0,5,294.0,299.0,5,290.0,292.5,294.0,292.5,3.0,879.0,53
2023-05-09 21:15:27,TA401C5400,TA401C5400,294.0,0.0,0.0,0.0,5,295.5,301.0,5,290.0,292.5,294.0,292.5,3.0,879.0,53
2023-05-09 21:15:54,TA401C5400,TA401C5400,294.0,0.0,0.0,0.0,5,297.0,301.0,5,290.0,292.5,294.0,292.5,3.0,879.0,53
2023-05-09 21:16:18,TA401C5400,TA401C5400,294.0,0.0,0.0,0.0,5,297.0,303.0,5,290.0,292.5,294.0,292.5,3.0,879.0,53
2023-05-09 21:16:40,TA401C5400,TA401C5400,294.0,0.0,0.0,0.0,5,298.5,303.0,5,290.0,292.5,294.0,292.5,3.0,879.0,53
2023-05-09 21:16:57,TA401C5400,TA401C5400,294.0,0.0,0.0,0.0,5,297.0,303.0,5,290.0,292.5,294.0,292.5,3.0,879.0,53
2023-05-09 21:17:03,TA401C5400,TA401C5400,294.0,0.0,0.0,0.0,5,297.0,301.5,5,290.0,292.5,294.0,292.5,3.0,879.0,53
2023-05-09 21:18:07,TA401C5400,TA401C5400,294.0,0.0,0.0,0.0,5,295.0,301.5,5,290.0,292.5,294.0,292.5,3.0,879.0,53
2023-05-09 21:18:14,TA401C5400,TA401C5400,294.0,0.0,0.0,0.0,5,295.0,300.0,5,290.0,292.5,294.0,292.5,3.0,879.0,53
2023-05-09 21:19:00,TA401C5400,TA401C5400,294.0,0.0,0.0,0.0,1,273.0,298.5,5,290.0,292.5,294.0,292.5,3.0,879.0,53
2023-05-09 21:19:03,TA401C5400,TA401C5400,294.0,0.0,0.0,0.0,5,293.0,298.5,5,290.0,292.5,294.0,292.5,3.0,879.0,53
2023-05-09 21:20:37,TA401C5400,TA401C5400,294.0,0.0,0.0,0.0,5,293.0,297.0,5,290.0,292.5,294.0,292.5,3.0,879.0,53
2023-05-09 21:20:41,TA401C5400,TA401C5400,294.0,0.0,0.0,0.0,1,273.0,297.0,5,290.0,292.5,294.0,292.5,3.0,879.0,53
2023-05-09 21:20:43,TA401C5400,TA401C5400,294.0,0.0,0.0,0.0,5,291.5,297.0,5,290.0,292.5,294.0,292.5,3.0,879.0,53
2023-05-09 21:21:03,TA401C5400,TA401C5400,294.0,0.0,0.0,0.0,5,291.5,295.5,5,290.0,292.5,294.0,292.5,3.0,879.0,53
2023-05-09 21:21:03,TA401C5400,TA401C5400,294.0,0.0,0.0,0.0,1,273.0,295.5,5,290.0,292.5,294.0,292.5,3.0,879.0,53
2023-05-09 21:21:06,TA401C5400,TA401C5400,294.0,0.0,0.0,0.0,1,273.0,294.0,5,290.0,292.5,294.0,292.5,3.0,879.0,53
2023-05-09 21:21:09,TA401C5400,TA401C5400,294.0,0.0,0.0,0.0,5,288.5,294.0,5,290.0,292.5,294.0,292.5,3.0,879.0,53
2023-05-09 21:21:30,TA401C5400,TA401C5400,294.0,0.0,0.0,0.0,5,288.5,292.5,5,290.0,292.5,294.0,292.5,3.0,879.0,53
2023-05-09 21:21:34,TA401C5400,TA401C5400,294.0,0.0,0.0,0.0,1,273.0,292.5,5,290.0,292.5,294.0,292.5,3.0,879.0,53
2023-05-09 21:21:37,TA401C5400,TA401C5400,294.0,0.0,0.0,0.0,5,286.5,292.5,5,290.0,292.5,294.0,292.5,3.0,879.0,53
2023-05-09 21:21:51,TA401C5400,TA401C5400,294.0,0.0,0.0,0.0,5,286.5,291.0,5,290.0,292.5,294.0,292.5,3.0,879.0,53
2023-05-09 21:21:58,TA401C5400,TA401C5400,294.0,0.0,0.0,0.0,1,273.0,291.0,5,290.0,292.5,294.0,292.5,3.0,879.0,53
2023-05-09 21:22:02,TA401C5400,TA401C5400,294.0,0.0,0.0,0.0,5,284.5,291.0,5,290.0,292.5,294.0,292.5,3.0,879.0,53
2023-05-09 21:22:05,TA401C5400,TA401C5400,294.0,0.0,0.0,0.0,5,284.5,289.5,5,290.0,292.5,294.0,292.5,3.0,879.0,53
2023-05-09 21:23:05,TA401C5400,TA401C5400,294.0,0.0,0.0,0.0,1,273.0,289.5,5,290.0,292.5,294.0,292.5,3.0,879.0,53
2023-05-09 21:23:07,TA401C5400,TA401C5400,294.0,0.0,0.0,0.0,5,282.5,289.5,5,290.0,292.5,294.0,292.5,3.0,879.0,53
2023-05-09 21:23:29,TA401C5400,TA401C5400,294.0,0.0,0.0,0.0,5,284.0,289.5,5,290.0,292.5,294.0,292.5,3.0,879.0,53
2023-05-09 21:23:49,TA401C5400,TA401C5400,294.0,0.0,0.0,0.0,5,285.5,289.5,5,290.0,292.5,294.0,292.5,3.0,879.0,53
2023-05-09 21:25:01,TA401C5400,TA401C5400,294.0,0.0,0.0,0.0,5,285.5,291.0,5,290.0,292.5,294.0,292.5,3.0,879.0,53
2023-05-09 21:25:10,TA401C5400,TA401C5400,294.0,0.0,0.0,0.0,5,285.5,289.5,5,290.0,292.5,294.0,292.5,3.0,879.0,53
2023-05-09 21:26:03,TA401C5400,TA401C5400,294.0,0.0,0.0,0.0,5,284.0,289.5,5,290.0,292.5,294.0,292.5,3.0,879.0,53
2023-05-09 21:26:55,TA401C5400,TA401C5400,294.0,0.0,0.0,0.0,5,284.0,288.0,5,290.0,292.5,294.0,292.5,3.0,879.0,53
2023-05-09 21:27:14,TA401C5400,TA401C5400,294.0,0.0,0.0,0.0,5,284.0,289.5,5,290.0,292.5,294.0,292.5,3.0,879.0,53
2023-05-09 21:28:35,TA401C5400,TA401C5400,294.0,0.0,0.0,0.0,5,285.5,289.5,5,290.0,292.5,294.0,292.5,3.0,879.0,53
2023-05-09 21:29:00,TA401C5400,TA401C5400,294.0,0.0,0.0,0.0,5,285.5,291.5,5,290.0,292.5,294.0,292.5,3.0,879.0,53
2023-05-09 21:29:06,TA401C5400,TA401C5400,294.0,0.0,0.0,0.0,5,285.5,290.0,5,290.0,292.5,294.0,292.5,3.0,879.0,53
2023-05-09 21:29:49,TA401C5400,TA401C5400,294.0,0.0,0.0,0.0,5,284.0,290.0,5,290.0,292.5,294.0,292.5,3.0,879.0,53
2023-05-09 21:29:50,TA401C5400,TA401C5400,294.0,0.0,0.0,0.0,5,284.0,288.5,5,290.0,292.5,294.0,292.5,3.0,879.0,53
2023-05-09 21:30:02,TA401C5400,TA401C5400,294.0,0.0,0.0,0.0,1,273.0,288.5,5,290.0,292.5,294.0,292.5,3.0,879.0,53
2023-05-09 21:30:04,TA401C5400,TA401C5400,294.0,0.0,0.0,0.0,5,283.0,288.5,5,290.0,292.5,294.0,292.5,3.0,879.0,53
2023-05-09 21:30:49,TA401C5400,TA401C5400,294.0,0.0,0.0,0.0,5,283.0,287.0,5,290.0,292.5,294.0,292.5,3.0,879.0,53
2023-05-09 21:30:55,TA401C5400,TA401C5400,294.0,0.0,0.0,0.0,5,281.0,287.0,5,290.0,292.5,294.0,292.5,3.0,879.0,53
2023-05-09 21:31:03,TA401C5400,TA401C5400,294.0,0.0,0.0,0.0,5,281.0,285.5,5,290.0,292.5,294.0,292.5,3.0,879.0,53
2023-05-09 21:31:10,TA401C5400,TA401C5400,294.0,0.0,0.0,0.0,5,281.0,287.0,5,290.0,292.5,294.0,292.5,3.0,879.0,53
2023-05-09 21:32:01,TA401C5400,TA401C5400,294.0,0.0,0.0,0.0,5,281.0,285.5,5,290.0,292.5,294.0,292.5,3.0,879.0,53
2023-05-09 21:32:12,TA401C5400,TA401C5400,294.0,0.0,0.0,0.0,1,273.0,285.5,5,290.0,292.5,294.0,292.5,3.0,879.0,53
2023-05-09 21:32:17,TA401C5400,TA401C5400,294.0,0.0,0.0,0.0,5,279.0,285.5,5,290.0,292.5,294.0,292.5,3.0,879.0,53
2023-05-09 21:32:20,TA401C5400,TA401C5400,294.0,0.0,0.0,0.0,5,279.0,284.0,5,290.0,292.5,294.0,292.5,3.0,879.0,53
2023-05-09 21:33:34,TA401C5400,TA401C5400,294.0,0.0,0.0,0.0,1,273.0,282.5,5,290.0,292.5,294.0,292.5,3.0,879.0,53
2023-05-09 21:33:37,TA401C5400,TA401C5400,294.0,0.0,0.0,0.0,5,276.5,282.5,5,290.0,292.5,294.0,292.5,3.0,879.0,53
2023-05-09 21:33:45,TA401C5400,TA401C5400,294.0,0.0,0.0,0.0,5,278.0,282.5,5,290.0,292.5,294.0,292.5,3.0,879.0,53
2023-05-09 21:34:06,TA401C5400,TA401C5400,294.0,0.0,0.0,0.0,5,278.0,284.0,5,290.0,292.5,294.0,292.5,3.0,879.0,53
2023-05-09 21:34:21,TA401C5400,TA401C5400,294.0,0.0,0.0,0.0,5,279.5,284.0,5,290.0,292.5,294.0,292.5,3.0,879.0,53
2023-05-09 21:34:22,TA401C5400,TA401C5400,294.0,0.0,0.0,0.0,1,280.0,284.0,5,290.0,292.5,294.0,292.5,3.0,879.0,53
2023-05-09 21:34:43,TA401C5400,TA401C5400,294.0,0.0,0.0,0.0,1,280.0,314.0,1,290.0,292.5,294.0,292.5,3.0,879.0,53
2023-05-09 21:34:45,TA401C5400,TA401C5400,294.0,0.0,0.0,0.0,1,280.0,286.0,5,290.0,292.5,294.0,292.5,3.0,879.0,53
2023-05-09 21:34:46,TA401C5400,TA401C5400,294.0,0.0,0.0,0.0,5,279.5,286.0,5,290.0,292.5,294.0,292.5,3.0,879.0,53
2023-05-09 21:34:50,TA401C5400,TA401C5400,294.0,0.0,0.0,0.0,5,281.0,286.0,5,290.0,292.5,294.0,292.5,3.0,879.0,53
2023-05-09 21:41:18,TA401C5400,TA401C5400,294.0,0.0,0.0,0.0,5,279.5,284.5,5,290.0,292.5,294.0,292.5,3.0,879.0,53
2023-05-09 21:42:35,TA401C5400,TA401C5400,294.0,0.0,0.0,0.0,5,281.0,286.0,5,290.0,292.5,294.0,292.5,3.0,879.0,53
2023-05-09 21:42:49,TA401C5400,TA401C5400,294.0,0.0,0.0,0.0,5,281.0,314.0,1,290.0,292.5,294.0,292.5,3.0,879.0,53
2023-05-09 21:42:49,TA401C5400,TA401C5400,294.0,0.0,0.0,0.0,5,281.0,287.5,5,290.0,292.5,294.0,292.5,3.0,879.0,53
2023-05-09 21:42:50,TA401C5400,TA401C5400,294.0,0.0,0.0,0.0,5,282.5,287.5,5,290.0,292.5,294.0,292.5,3.0,879.0,53
2023-05-09 21:43:28,TA401C5400,TA401C5400,294.0,0.0,0.0,0.0,5,281.0,286.0,5,290.0,292.5,294.0,292.5,3.0,879.0,53
2023-05-09 21:46:14,TA401C5400,TA401C5400,294.0,0.0,0.0,0.0,5,282.5,287.5,5,290.0,292.5,294.0,292.5,3.0,879.0,53
2023-05-09 21:47:46,TA401C5400,TA401C5400,294.0,0.0,0.0,0.0,5,282.5,314.0,1,290.0,292.5,294.0,292.5,3.0,879.0,53
2023-05-09 21:47:47,TA401C5400,TA401C5400,294.0,0.0,0.0,0.0,5,282.5,289.0,5,290.0,292.5,294.0,292.5,3.0,879.0,53
2023-05-09 21:47:48,TA401C5400,TA401C5400,294.0,0.0,0.0,0.0,5,284.0,289.0,5,290.0,292.5,294.0,292.5,3.0,879.0,53
2023-05-09 21:48:20,TA401C5400,TA401C5400,294.0,0.0,0.0,0.0,5,284.0,314.0,1,290.0,292.5,294.0,292.5,3.0,879.0,53
2023-05-09 21:48:22,TA401C5400,TA401C5400,294.0,0.0,0.0,0.0,5,285.5,291.0,5,290.0,292.5,294.0,292.5,3.0,879.0,53
2023-05-09 21:48:45,TA401C5400,TA401C5400,294.0,0.0,0.0,0.0,5,285.5,314.0,1,290.0,292.5,294.0,292.5,3.0,879.0,53
2023-05-09 21:48:47,TA401C5400,TA401C5400,294.0,0.0,0.0,0.0,5,287.0,314.0,1,290.0,292.5,294.0,292.5,3.0,879.0,53
2023-05-09 21:48:48,TA401C5400,TA401C5400,294.0,0.0,0.0,0.0,5,287.0,292.5,5,290.0,292.5,294.0,292.5,3.0,879.0,53
2023-05-09 21:49:42,TA401C5400,TA401C5400,294.0,0.0,0.0,0.0,5,287.0,291.0,5,290.0,292.5,294.0,292.5,3.0,879.0,53
2023-05-09 21:49:56,TA401C5400,TA401C5400,294.0,0.0,0.0,0.0,5,285.5,291.0,5,290.0,292.5,294.0,292.5,3.0,879.0,53
2023-05-09 21:50:30,TA401C5400,TA401C5400,294.0,0.0,0.0,0.0,5,287.0,291.0,5,290.0,292.5,294.0,292.5,3.0,879.0,53
2023-05-09 21:51:02,TA401C5400,TA401C5400,294.0,0.0,0.0,0.0,5,287.0,292.5,5,290.0,292.5,294.0,292.5,3.0,879.0,53
2023-05-09 21:55:05,TA401C5400,TA401C5400,294.0,0.0,0.0,0.0,5,288.5,292.5,5,290.0,292.5,294.0,292.5,3.0,879.0,53
2023-05-09 21:56:09,TA401C5400,TA401C5400,294.0,0.0,0.0,0.0,5,287.0,292.5,5,290.0,292.5,294.0,292.5,3.0,879.0,53
2023-05-09 21:56:16,TA401C5400,TA401C5400,294.0,0.0,0.0,0.0,5,287.0,291.0,5,290.0,292.5,294.0,292.5,3.0,879.0,53
2023-05-09 21:58:06,TA401C5400,TA401C5400,294.0,0.0,0.0,0.0,5,287.0,292.5,5,290.0,292.5,294.0,292.5,3.0,879.0,53
2023-05-09 21:58:23,TA401C5400,TA401C5400,294.0,0.0,0.0,0.0,5,288.5,292.5,5,290.0,292.5,294.0,292.5,3.0,879.0,53
2023-05-09 21:58:28,TA401C5400,TA401C5400,294.0,0.0,0.0,0.0,5,288.5,314.0,1,290.0,292.5,294.0,292.5,3.0,879.0,53
2023-05-09 21:58:29,TA401C5400,TA401C5400,294.0,0.0,0.0,0.0,5,288.5,294.5,5,290.0,292.5,294.0,292.5,3.0,879.0,53
2023-05-09 21:58:35,TA401C5400,TA401C5400,294.0,0.0,0.0,0.0,5,288.5,293.0,5,290.0,292.5,294.0,292.5,3.0,879.0,53
2023-05-09 21:58:46,TA401C5400,TA401C5400,294.0,0.0,0.0,0.0,5,287.0,293.0,5,290.0,292.5,294.0,292.5,3.0,879.0,53
2023-05-09 21:58:50,TA401C5400,TA401C5400,294.0,0.0,0.0,0.0,5,287.0,291.5,5,290.0,292.5,294.0,292.5,3.0,879.0,53
2023-05-09 21:59:10,TA401C5400,TA401C5400,294.0,0.0,0.0,0.0,5,287.0,293.0,5,290.0,292.5,294.0,292.5,3.0,879.0,53
2023-05-09 21:59:17,TA401C5400,TA401C5400,294.0,0.0,0.0,0.0,5,288.5,293.0,5,290.0,292.5,294.0,292.5,3.0,879.0,53
2023-05-09 22:00:03,TA401C5400,TA401C5400,294.0,0.0,0.0,0.0,5,288.5,314.0,1,290.0,292.5,294.0,292.5,3.0,879.0,53
2023-05-09 22:00:04,TA401C5400,TA401C5400,294.0,0.0,0.0,0.0,5,290.5,314.0,1,290.0,292.5,294.0,292.5,3.0,879.0,53
2023-05-09 22:00:09,TA401C5400,TA401C5400,294.0,0.0,0.0,0.0,5,290.5,295.5,5,290.0,292.5,294.0,292.5,3.0,879.0,53
2023-05-09 22:00:25,TA401C5400,TA401C5400,294.0,0.0,0.0,0.0,5,292.0,297.5,5,290.0,292.5,294.0,292.5,3.0,879.0,53
2023-05-09 22:00:34,TA401C5400,TA401C5400,294.0,0.0,0.0,0.0,5,293.5,297.5,5,290.0,292.5,294.0,292.5,3.0,879.0,53
2023-05-09 22:00:48,TA401C5400,TA401C5400,294.0,0.0,0.0,0.0,5,292.0,297.5,5,290.0,292.5,294.0,292.5,3.0,879.0,53
2023-05-09 22:01:08,TA401C5400,TA401C5400,294.0,0.0,0.0,0.0,5,292.0,296.0,5,290.0,292.5,294.0,292.5,3.0,879.0,53
2023-05-09 22:01:09,TA401C5400,TA401C5400,294.0,0.0,0.0,0.0,1,273.0,296.0,5,290.0,292.5,294.0,292.5,3.0,879.0,53
2023-05-09 22:01:10,TA401C5400,TA401C5400,294.0,0.0,0.0,0.0,5,291.0,296.0,5,290.0,292.5,294.0,292.5,3.0,879.0,53
2023-05-09 22:01:32,TA401C5400,TA401C5400,294.0,0.0,0.0,0.0,5,291.0,297.5,5,290.0,292.5,294.0,292.5,3.0,879.0,53
2023-05-09 22:01:34,TA401C5400,TA401C5400,294.0,0.0,0.0,0.0,5,292.5,297.5,5,290.0,292.5,294.0,292.5,3.0,879.0,53
2023-05-09 22:02:23,TA401C5400,TA401C5400,294.0,0.0,0.0,0.0,1,273.0,297.5,5,290.0,292.5,294.0,292.5,3.0,879.0,53
2023-05-09 22:02:27,TA401C5400,TA401C5400,294.0,0.0,0.0,0.0,5,289.5,297.5,5,290.0,292.5,294.0,292.5,3.0,879.0,53
2023-05-09 22:02:33,TA401C5400,TA401C5400,294.0,0.0,0.0,0.0,5,289.5,295.0,5,290.0,292.5,294.0,292.5,3.0,879.0,53
2023-05-09 22:02:51,TA401C5400,TA401C5400,294.0,0.0,0.0,0.0,5,291.0,295.0,5,290.0,292.5,294.0,292.5,3.0,879.0,53
2023-05-09 22:02:56,TA401C5400,TA401C5400,294.0,0.0,0.0,0.0,5,291.0,297.5,5,290.0,292.5,294.0,292.5,3.0,879.0,53
2023-05-09 22:03:07,TA401C5400,TA401C5400,294.0,0.0,0.0,0.0,5,291.0,296.0,5,290.0,292.5,294.0,292.5,3.0,879.0,53
2023-05-09 22:03:30,TA401C5400,TA401C5400,294.0,0.0,0.0,0.0,5,289.5,294.5,5,290.0,292.5,294.0,292.5,3.0,879.0,53
2023-05-09 22:05:31,TA401C5400,TA401C5400,294.0,0.0,0.0,0.0,1,273.0,294.5,5,290.0,292.5,294.0,292.5,3.0,879.0,53
2023-05-09 22:05:32,TA401C5400,TA401C5400,294.0,0.0,0.0,0.0,5,288.0,294.5,5,290.0,292.5,294.0,292.5,3.0,879.0,53
2023-05-09 22:05:50,TA401C5400,TA401C5400,294.0,0.0,0.0,0.0,5,288.0,293.0,5,290.0,292.5,294.0,292.5,3.0,879.0,53
2023-05-09 22:06:04,TA401C5400,TA401C5400,294.0,0.0,0.0,0.0,1,273.0,293.0,5,290.0,292.5,294.0,292.5,3.0,879.0,53
2023-05-09 22:06:05,TA401C5400,TA401C5400,294.0,0.0,0.0,0.0,5,286.0,291.5,5,290.0,292.5,294.0,292.5,3.0,879.0,53
2023-05-09 22:06:54,TA401C5400,TA401C5400,294.0,0.0,0.0,0.0,5,286.0,290.0,5,290.0,292.5,294.0,292.5,3.0,879.0,53
2023-05-09 22:07:39,TA401C5400,TA401C5400,294.0,0.0,0.0,0.0,5,286.0,291.5,5,290.0,292.5,294.0,292.5,3.0,879.0,53
2023-05-09 22:10:27,TA401C5400,TA401C5400,294.0,0.0,0.0,0.0,5,286.0,290.0,5,290.0,292.5,294.0,292.5,3.0,879.0,53
2023-05-09 22:10:30,TA401C5400,TA401C5400,294.0,0.0,0.0,0.0,5,284.0,290.0,5,290.0,292.5,294.0,292.5,3.0,879.0,53
2023-05-09 22:11:03,TA401C5400,TA401C5400,294.0,0.0,0.0,0.0,5,285.5,290.0,5,290.0,292.5,294.0,292.5,3.0,879.0,53
2023-05-09 22:11:26,TA401C5400,TA401C5400,294.0,0.0,0.0,0.0,5,285.5,291.5,5,290.0,292.5,294.0,292.5,3.0,879.0,53
2023-05-09 22:11:37,TA401C5400,TA401C5400,294.0,0.0,0.0,0.0,5,287.0,291.5,5,290.0,292.5,294.0,292.5,3.0,879.0,53
2023-05-09 22:12:16,TA401C5400,TA401C5400,294.0,0.0,0.0,0.0,5,285.5,291.5,5,290.0,292.5,294.0,292.5,3.0,879.0,53
2023-05-09 22:12:33,TA401C5400,TA401C5400,294.0,0.0,0.0,0.0,5,287.0,291.5,5,290.0,292.5,294.0,292.5,3.0,879.0,53
2023-05-09 22:12:38,TA401C5400,TA401C5400,294.0,0.0,0.0,0.0,5,287.0,314.0,1,290.0,292.5,294.0,292.5,3.0,879.0,53
2023-05-09 22:12:41,TA401C5400,TA401C5400,294.0,0.0,0.0,0.0,5,287.0,293.5,5,290.0,292.5,294.0,292.5,3.0,879.0,53
2023-05-09 22:13:17,TA401C5400,TA401C5400,294.0,0.0,0.0,0.0,5,287.0,292.0,5,290.0,292.5,294.0,292.5,3.0,879.0,53
2023-05-09 22:15:43,TA401C5400,TA401C5400,294.0,0.0,0.0,0.0,5,287.0,290.5,5,290.0,292.5,294.0,292.5,3.0,879.0,53
2023-05-09 22:16:19,TA401C5400,TA401C5400,294.0,0.0,0.0,0.0,5,287.0,292.0,5,290.0,292.5,294.0,292.5,3.0,879.0,53
2023-05-09 22:17:49,TA401C5400,TA401C5400,294.0,0.0,0.0,0.0,5,288.5,294.0,5,290.0,292.5,294.0,292.5,3.0,879.0,53
2023-05-09 22:18:11,TA401C5400,TA401C5400,294.0,0.0,0.0,0.0,5,288.5,292.5,5,290.0,292.5,294.0,292.5,3.0,879.0,53
2023-05-09 22:18:46,TA401C5400,TA401C5400,294.0,0.0,0.0,0.0,5,287.0,292.5,5,290.0,292.5,294.0,292.5,3.0,879.0,53
2023-05-09 22:20:07,TA401C5400,TA401C5400,294.0,0.0,0.0,0.0,5,287.0,291.0,5,290.0,292.5,294.0,292.5,3.0,879.0,53
2023-05-09 22:20:54,TA401C5400,TA401C5400,294.0,0.0,0.0,0.0,1,273.0,291.0,5,290.0,292.5,294.0,292.5,3.0,879.0,53
2023-05-09 22:20:57,TA401C5400,TA401C5400,294.0,0.0,0.0,0.0,5,284.5,291.0,5,290.0,292.5,294.0,292.5,3.0,879.0,53
2023-05-09 22:21:23,TA401C5400,TA401C5400,294.0,0.0,0.0,0.0,5,284.5,289.5,5,290.0,292.5,294.0,292.5,3.0,879.0,53
2023-05-09 22:21:31,TA401C5400,TA401C5400,294.0,0.0,0.0,0.0,5,286.0,291.0,5,290.0,292.5,294.0,292.5,3.0,879.0,53
2023-05-09 22:22:11,TA401C5400,TA401C5400,294.0,0.0,0.0,0.0,5,284.5,291.0,5,290.0,292.5,294.0,292.5,3.0,879.0,53
2023-05-09 22:22:12,TA401C5400,TA401C5400,294.0,0.0,0.0,0.0,5,284.5,289.5,5,290.0,292.5,294.0,292.5,3.0,879.0,53
2023-05-09 22:22:32,TA401C5400,TA401C5400,294.0,0.0,0.0,0.0,1,273.0,289.5,5,290.0,292.5,294.0,292.5,3.0,879.0,53
2023-05-09 22:22:33,TA401C5400,TA401C5400,294.0,0.0,0.0,0.0,5,283.5,289.5,5,290.0,292.5,294.0,292.5,3.0,879.0,53
2023-05-09 22:22:35,TA401C5400,TA401C5400,294.0,0.0,0.0,0.0,5,283.5,288.0,5,290.0,292.5,294.0,292.5,3.0,879.0,53
2023-05-09 22:22:50,TA401C5400,TA401C5400,294.0,0.0,0.0,0.0,5,283.5,289.5,5,290.0,292.5,294.0,292.5,3.0,879.0,53
2023-05-09 22:22:56,TA401C5400,TA401C5400,294.0,0.0,0.0,0.0,5,283.5,288.0,5,290.0,292.5,294.0,292.5,3.0,879.0,53
2023-05-09 22:24:13,TA401C5400,TA401C5400,294.0,0.0,0.0,0.0,5,283.5,289.5,5,290.0,292.5,294.0,292.5,3.0,879.0,53
2023-05-09 22:24:33,TA401C5400,TA401C5400,294.0,0.0,0.0,0.0,5,285.0,289.5,5,290.0,292.5,294.0,292.5,3.0,879.0,53
2023-05-09 22:24:48,TA401C5400,TA401C5400,294.0,0.0,0.0,0.0,5,285.0,356.0,1,290.0,292.5,294.0,292.5,3.0,879.0,53
2023-05-09 22:24:49,TA401C5400,TA401C5400,294.0,0.0,0.0,0.0,5,285.0,350.5,1,290.0,292.5,294.0,292.5,3.0,879.0,53
2023-05-09 22:24:49,TA401C5400,TA401C5400,294.0,0.0,0.0,0.0,5,285.0,291.0,5,290.0,292.5,294.0,292.5,3.0,879.0,53
2023-05-09 22:24:53,TA401C5400,TA401C5400,294.0,0.0,0.0,0.0,5,285.0,289.5,5,290.0,292.5,294.0,292.5,3.0,879.0,53
2023-05-09 22:26:07,TA401C5400,TA401C5400,294.0,0.0,0.0,0.0,5,285.0,291.0,5,290.0,292.5,294.0,292.5,3.0,879.0,53
2023-05-09 22:26:37,TA401C5400,TA401C5400,294.0,0.0,0.0,0.0,5,286.5,291.0,5,290.0,292.5,294.0,292.5,3.0,879.0,53
2023-05-09 22:28:12,TA401C5400,TA401C5400,294.0,0.0,0.0,0.0,5,286.5,293.0,5,290.0,292.5,294.0,292.5,3.0,879.0,53
2023-05-09 22:28:44,TA401C5400,TA401C5400,294.0,0.0,0.0,0.0,5,286.5,291.5,5,290.0,292.5,294.0,292.5,3.0,879.0,53
2023-05-09 22:30:20,TA401C5400,TA401C5400,294.0,0.0,0.0,0.0,5,285.0,290.0,5,290.0,292.5,294.0,292.5,3.0,879.0,53
2023-05-09 22:31:13,TA401C5400,TA401C5400,294.0,0.0,0.0,0.0,5,286.5,291.5,5,290.0,292.5,294.0,292.5,3.0,879.0,53
2023-05-09 22:32:10,TA401C5400,TA401C5400,294.0,0.0,0.0,0.0,5,285.0,291.5,5,290.0,292.5,294.0,292.5,3.0,879.0,53
2023-05-09 22:32:12,TA401C5400,TA401C5400,294.0,0.0,0.0,0.0,1,273.0,291.5,5,290.0,292.5,294.0,292.5,3.0,879.0,53
2023-05-09 22:32:13,TA401C5400,TA401C5400,294.0,0.0,0.0,0.0,1,273.0,288.0,5,290.0,292.5,294.0,292.5,3.0,879.0,53
2023-05-09 22:32:18,TA401C5400,TA401C5400,294.0,0.0,0.0,0.0,5,282.5,288.0,5,290.0,292.5,294.0,292.5,3.0,879.0,53
2023-05-09 22:32:35,TA401C5400,TA401C5400,294.0,0.0,0.0,0.0,5,282.5,286.5,5,290.0,292.5,294.0,292.5,3.0,879.0,53
2023-05-09 22:32:35,TA401C5400,TA401C5400,294.0,0.0,0.0,0.0,1,273.0,286.5,5,290.0,292.5,294.0,292.5,3.0,879.0,53
2023-05-09 22:32:37,TA401C5400,TA401C5400,294.0,0.0,0.0,0.0,5,281.0,286.5,5,290.0,292.5,294.0,292.5,3.0,879.0,53
2023-05-09 22:32:46,TA401C5400,TA401C5400,294.0,0.0,0.0,0.0,5,282.5,286.5,5,290.0,292.5,294.0,292.5,3.0,879.0,53
2023-05-09 22:33:52,TA401C5400,TA401C5400,294.0,0.0,0.0,0.0,5,281.0,286.5,5,290.0,292.5,294.0,292.5,3.0,879.0,53
2023-05-09 22:34:21,TA401C5400,TA401C5400,294.0,0.0,0.0,0.0,5,282.5,286.5,5,290.0,292.5,294.0,292.5,3.0,879.0,53
2023-05-09 22:39:21,TA401C5400,TA401C5400,294.0,0.0,0.0,0.0,5,282.5,288.0,5,290.0,292.5,294.0,292.5,3.0,879.0,53
2023-05-09 22:41:24,TA401C5400,TA401C5400,294.0,0.0,0.0,0.0,5,284.0,288.0,5,290.0,292.5,294.0,292.5,3.0,879.0,53
2023-05-09 22:42:22,TA401C5400,TA401C5400,294.0,0.0,0.0,0.0,5,282.5,288.0,5,290.0,292.5,294.0,292.5,3.0,879.0,53
2023-05-09 22:44:15,TA401C5400,TA401C5400,294.0,0.0,0.0,0.0,5,283.5,288.0,5,290.0,292.5,294.0,292.5,3.0,879.0,53
2023-05-09 22:44:23,TA401C5400,TA401C5400,294.0,0.0,0.0,0.0,5,283.5,305.0,1,290.0,292.5,294.0,292.5,3.0,879.0,53
2023-05-09 22:44:24,TA401C5400,TA401C5400,294.0,0.0,0.0,0.0,5,283.5,290.0,5,290.0,292.5,294.0,292.5,3.0,879.0,53
2023-05-09 22:44:55,TA401C5400,TA401C5400,294.0,0.0,0.0,0.0,5,284.5,290.0,5,290.0,292.5,294.0,292.5,3.0,879.0,53
2023-05-09 22:45:40,TA401C5400,TA401C5400,294.0,0.0,0.0,0.0,5,284.5,288.5,5,290.0,292.5,294.0,292.5,3.0,879.0,53
2023-05-09 22:46:29,TA401C5400,TA401C5400,294.0,0.0,0.0,0.0,5,283.5,288.5,5,290.0,292.5,294.0,292.5,3.0,879.0,53
2023-05-09 22:48:32,TA401C5400,TA401C5400,294.0,0.0,0.0,0.0,1,238.5,287.5,5,290.0,292.5,294.0,292.5,3.0,879.0,53
2023-05-09 22:48:32,TA401C5400,TA401C5400,294.0,0.0,0.0,0.0,1,267.0,287.5,5,290.0,292.5,294.0,292.5,3.0,879.0,53
2023-05-09 22:48:33,TA401C5400,TA401C5400,294.0,0.0,0.0,0.0,5,281.5,287.5,5,290.0,292.5,294.0,292.5,3.0,879.0,53
2023-05-09 22:48:49,TA401C5400,TA401C5400,294.0,0.0,0.0,0.0,5,281.5,286.5,5,290.0,292.5,294.0,292.5,3.0,879.0,53
2023-05-09 22:49:17,TA401C5400,TA401C5400,294.0,0.0,0.0,0.0,1,267.0,286.5,5,290.0,292.5,294.0,292.5,3.0,879.0,53
2023-05-09 22:49:18,TA401C5400,TA401C5400,294.0,0.0,0.0,0.0,5,279.5,285.0,5,290.0,292.5,294.0,292.5,3.0,879.0,53
2023-05-09 22:49:29,TA401C5400,TA401C5400,294.0,0.0,0.0,0.0,5,279.5,283.5,5,290.0,292.5,294.0,292.5,3.0,879.0,53
2023-05-09 22:49:41,TA401C5400,TA401C5400,294.0,0.0,0.0,0.0,1,267.0,283.5,5,290.0,292.5,294.0,292.5,3.0,879.0,53
2023-05-09 22:49:43,TA401C5400,TA401C5400,294.0,0.0,0.0,0.0,5,277.5,283.5,5,290.0,292.5,294.0,292.5,3.0,879.0,53
2023-05-09 22:50:08,TA401C5400,TA401C5400,294.0,0.0,0.0,0.0,5,277.5,282.5,5,290.0,292.5,294.0,292.5,3.0,879.0,53
2023-05-09 22:55:00,TA401C5400,TA401C5400,294.0,0.0,0.0,0.0,5,277.5,283.5,5,290.0,292.5,294.0,292.5,3.0,879.0,53
2023-05-09 22:55:03,TA401C5400,TA401C5400,294.0,0.0,0.0,0.0,5,277.5,286.0,5,290.0,292.5,294.0,292.5,3.0,879.0,53
2023-05-09 22:55:57,TA401C5400,TA401C5400,294.0,0.0,0.0,0.0,1,267.0,305.0,1,290.0,292.5,294.0,292.5,3.0,879.0,53
2023-05-09 22:56:31,TA401C5400,TA401C5400,294.0,0.0,0.0,0.0,1,192.5,402.0,1,290.0,292.5,294.0,292.5,3.0,879.0,53
2023-05-09 22:56:32,TA401C5400,TA401C5400,294.0,0.0,0.0,0.0,1,192.5,396.5,1,290.0,292.5,294.0,292.5,3.0,879.0,53
2023-05-09 22:56:32,TA401C5400,TA401C5400,294.0,0.0,0.0,0.0,1,192.5,396.0,1,290.0,292.5,294.0,292.5,3.0,879.0,53
2023-05-09 22:57:48,TA401C5400,TA401C5400,294.0,0.0,0.0,0.0,2,90.0,0.0,0,290.0,292.5,294.0,292.5,3.0,879.0,53
2023-05-09 22:57:48,TA401C5400,TA401C5400,294.0,0.0,0.0,0.0,1,91.5,617.5,1,290.0,292.5,294.0,292.5,3.0,879.0,53
2023-05-09 22:59:50,TA401C5400,TA401C5400,294.0,0.0,0.0,0.0,1,3.5,0.0,0,290.0,292.5,294.0,292.5,3.0,879.0,53
2023-05-10 09:00:00,TA401C5400,TA401C5400,294.0,0.0,0.0,0.0,1,191.5,401.0,1,290.0,292.5,294.0,292.5,3.0,879.0,53
2023-05-10 09:00:24,TA401C5400,TA401C5400,294.0,0.0,0.0,0.0,1,219.5,401.0,1,290.0,292.5,294.0,292.5,3.0,879.0,53
2023-05-10 09:01:25,TA401C5400,TA401C5400,294.0,0.0,0.0,0.0,5,291.5,350.0,1,290.0,292.5,294.0,292.5,3.0,879.0,53
2023-05-10 09:01:33,TA401C5400,TA401C5400,294.0,0.0,0.0,0.0,5,291.5,297.0,5,290.0,292.5,294.0,292.5,3.0,879.0,53
2023-05-10 09:02:09,TA401C5400,TA401C5400,294.0,0.0,0.0,0.0,5,291.5,295.5,5,290.0,292.5,294.0,292.5,3.0,879.0,53
2023-05-10 09:02:15,TA401C5400,TA401C5400,294.0,0.0,0.0,0.0,5,291.5,297.0,5,290.0,292.5,294.0,292.5,3.0,879.0,53
2023-05-10 09:02:19,TA401C5400,TA401C5400,294.0,0.0,0.0,0.0,5,293.0,297.0,5,290.0,292.5,294.0,292.5,3.0,879.0,53
2023-05-10 09:02:31,TA401C5400,TA401C5400,294.0,0.0,0.0,0.0,5,293.0,350.0,1,290.0,292.5,294.0,292.5,3.0,879.0,53
2023-05-10 09:02:32,TA401C5400,TA401C5400,294.0,0.0,0.0,0.0,5,293.0,299.0,5,290.0,292.5,294.0,292.5,3.0,879.0,53
2023-05-10 09:02:49,TA401C5400,TA401C5400,294.0,0.0,0.0,0.0,5,294.5,299.0,5,290.0,292.5,294.0,292.5,3.0,879.0,53
2023-05-10 09:02:56,TA401C5400,TA401C5400,294.0,0.0,0.0,0.0,5,294.5,350.0,1,290.0,292.5,294.0,292.5,3.0,879.0,53
2023-05-10 09:02:57,TA401C5400,TA401C5400,294.0,0.0,0.0,0.0,5,296.5,350.0,1,290.0,292.5,294.0,292.5,3.0,879.0,53
2023-05-10 09:03:03,TA401C5400,TA401C5400,294.0,0.0,0.0,0.0,5,296.5,302.0,5,290.0,292.5,294.0,292.5,3.0,879.0,53
2023-05-10 09:03:14,TA401C5400,TA401C5400,294.0,0.0,0.0,0.0,5,298.0,302.0,5,290.0,292.5,294.0,292.5,3.0,879.0,53
2023-05-10 09:03:16,TA401C5400,TA401C5400,294.0,0.0,0.0,0.0,5,298.0,350.0,1,290.0,292.5,294.0,292.5,3.0,879.0,53
2023-05-10 09:03:19,TA401C5400,TA401C5400,294.0,0.0,0.0,0.0,5,298.0,305.0,5,290.0,292.5,294.0,292.5,3.0,879.0,53
2023-05-10 09:03:26,TA401C5400,TA401C5400,294.0,0.0,0.0,0.0,5,298.0,303.5,5,290.0,292.5,294.0,292.5,3.0,879.0,53
2023-05-10 09:03:38,TA401C5400,TA401C5400,294.0,0.0,0.0,0.0,5,298.0,302.0,5,290.0,292.5,294.0,292.5,3.0,879.0,53
2023-05-10 09:04:03,TA401C5400,TA401C5400,294.0,0.0,0.0,0.0,5,296.5,302.0,5,290.0,292.5,294.0,292.5,3.0,879.0,53
2023-05-10 09:04:11,TA401C5400,TA401C5400,294.0,0.0,0.0,0.0,5,296.5,300.5,5,290.0,292.5,294.0,292.5,3.0,879.0,53
2023-05-10 09:04:11,TA401C5400,TA401C5400,294.0,0.0,0.0,0.0,1,219.5,300.5,5,290.0,292.5,294.0,292.5,3.0,879.0,53
2023-05-10 09:04:12,TA401C5400,TA401C5400,294.0,0.0,0.0,0.0,2,226.0,300.5,5,290.0,292.5,294.0,292.5,3.0,879.0,53
2023-05-10 09:04:12,TA401C5400,TA401C5400,294.0,0.0,0.0,0.0,1,271.5,300.5,5,290.0,292.5,294.0,292.5,3.0,879.0,53
2023-05-10 09:04:16,TA401C5400,TA401C5400,294.0,0.0,0.0,0.0,5,294.5,300.5,5,290.0,292.5,294.0,292.5,3.0,879.0,53
2023-05-10 09:04:21,TA401C5400,TA401C5400,294.0,0.0,0.0,0.0,5,294.5,299.0,5,290.0,292.5,294.0,292.5,3.0,879.0,53
2023-05-10 09:04:31,TA401C5400,TA401C5400,294.0,0.0,0.0,0.0,5,294.5,300.5,5,290.0,292.5,294.0,292.5,3.0,879.0,53
2023-05-10 09:04:49,TA401C5400,TA401C5400,294.0,0.0,0.0,0.0,5,294.5,299.0,5,290.0,292.5,294.0,292.5,3.0,879.0,53
2023-05-10 09:05:41,TA401C5400,TA401C5400,294.0,0.0,0.0,0.0,5,294.5,300.5,5,290.0,292.5,294.0,292.5,3.0,879.0,53
2023-05-10 09:06:03,TA401C5400,TA401C5400,294.0,0.0,0.0,0.0,5,296.0,300.5,5,290.0,292.5,294.0,292.5,3.0,879.0,53
2023-05-10 09:06:04,TA401C5400,TA401C5400,294.0,0.0,0.0,0.0,5,296.0,350.0,1,290.0,292.5,294.0,292.5,3.0,879.0,53
2023-05-10 09:06:06,TA401C5400,TA401C5400,294.0,0.0,0.0,0.0,5,296.0,301.5,5,290.0,292.5,294.0,292.5,3.0,879.0,53
2023-05-10 09:06:37,TA401C5400,TA401C5400,294.0,0.0,0.0,0.0,5,296.0,300.0,5,290.0,292.5,294.0,292.5,3.0,879.0,53
2023-05-10 09:06:59,TA401C5400,TA401C5400,294.0,0.0,0.0,0.0,5,294.5,300.0,5,290.0,292.5,294.0,292.5,3.0,879.0,53
2023-05-10 09:07:02,TA401C5400,TA401C5400,294.0,0.0,0.0,0.0,5,294.5,298.5,5,290.0,292.5,294.0,292.5,3.0,879.0,53
2023-05-10 09:07:50,TA401C5400,TA401C5400,294.0,0.0,0.0,0.0,1,271.5,298.5,5,290.0,292.5,294.0,292.5,3.0,879.0,53
2023-05-10 09:07:51,TA401C5400,TA401C5400,294.0,0.0,0.0,0.0,1,271.5,297.0,5,290.0,292.5,294.0,292.5,3.0,879.0,53
2023-05-10 09:07:52,TA401C5400,TA401C5400,294.0,0.0,0.0,0.0,5,291.5,297.0,5,290.0,292.5,294.0,292.5,3.0,879.0,53
2023-05-10 09:08:05,TA401C5400,TA401C5400,294.0,0.0,0.0,0.0,5,293.0,297.0,5,290.0,292.5,294.0,292.5,3.0,879.0,53
2023-05-10 09:08:13,TA401C5400,TA401C5400,294.0,0.0,0.0,0.0,5,293.0,298.5,5,290.0,292.5,294.0,292.5,3.0,879.0,53
2023-05-10 09:08:18,TA401C5400,TA401C5400,294.0,0.0,0.0,0.0,5,294.5,298.5,5,290.0,292.5,294.0,292.5,3.0,879.0,53
2023-05-10 09:08:23,TA401C5400,TA401C5400,294.0,0.0,0.0,0.0,5,293.0,298.5,5,290.0,292.5,294.0,292.5,3.0,879.0,53
2023-05-10 09:08:53,TA401C5400,TA401C5400,294.0,0.0,0.0,0.0,5,294.5,298.5,5,290.0,292.5,294.0,292.5,3.0,879.0,53
2023-05-10 09:10:19,TA401C5400,TA401C5400,294.0,0.0,0.0,0.0,5,293.0,298.5,5,290.0,292.5,294.0,292.5,3.0,879.0,53
2023-05-10 09:10:38,TA401C5400,TA401C5400,294.0,0.0,0.0,0.0,5,293.0,297.0,5,290.0,292.5,294.0,292.5,3.0,879.0,53
2023-05-10 09:10:41,TA401C5400,TA401C5400,294.0,0.0,0.0,0.0,1,271.5,297.0,5,290.0,292.5,294.0,292.5,3.0,879.0,53
2023-05-10 09:10:42,TA401C5400,TA401C5400,294.0,0.0,0.0,0.0,1,271.5,295.5,5,290.0,292.5,294.0,292.5,3.0,879.0,53
2023-05-10 09:10:44,TA401C5400,TA401C5400,294.0,0.0,0.0,0.0,5,291.0,295.5,5,290.0,292.5,294.0,292.5,3.0,879.0,53
2023-05-10 09:11:17,TA401C5400,TA401C5400,294.0,0.0,0.0,0.0,5,289.0,294.0,5,290.0,292.5,294.0,292.5,3.0,879.0,53
2023-05-10 09:13:41,TA401C5400,TA401C5400,294.0,0.0,0.0,0.0,5,289.0,293.0,5,290.0,292.5,294.0,292.5,3.0,879.0,53
2023-05-10 09:16:26,TA401C5400,TA401C5400,294.0,0.0,0.0,0.0,1,271.5,293.0,5,290.0,292.5,294.0,292.5,3.0,879.0,53
2023-05-10 09:16:28,TA401C5400,TA401C5400,294.0,0.0,0.0,0.0,5,287.0,293.0,5,290.0,292.5,294.0,292.5,3.0,879.0,53
2023-05-10 09:16:34,TA401C5400,TA401C5400,294.0,0.0,0.0,0.0,5,287.0,291.5,5,290.0,292.5,294.0,292.5,3.0,879.0,53
2023-05-10 09:16:38,TA401C5400,TA401C5400,294.0,0.0,0.0,0.0,1,271.5,290.0,5,290.0,292.5,294.0,292.5,3.0,879.0,53
2023-05-10 09:16:39,TA401C5400,TA401C5400,294.0,0.0,0.0,0.0,5,285.5,290.0,5,290.0,292.5,294.0,292.5,3.0,879.0,53
2023-05-10 09:18:03,TA401C5400,TA401C5400,294.0,0.0,0.0,0.0,5,286.5,291.5,5,290.0,292.5,294.0,292.5,3.0,879.0,53
2023-05-10 09:18:25,TA401C5400,TA401C5400,294.0,0.0,0.0,0.0,5,287.5,291.5,5,290.0,292.5,294.0,292.5,3.0,879.0,53
2023-05-10 09:18:41,TA401C5400,TA401C5400,294.0,0.0,0.0,0.0,5,287.5,293.5,5,290.0,292.5,294.0,292.5,3.0,879.0,53
2023-05-10 09:18:42,TA401C5400,TA401C5400,294.0,0.0,0.0,0.0,5,289.0,293.5,5,290.0,292.5,294.0,292.5,3.0,879.0,53
2023-05-10 09:19:03,TA401C5400,TA401C5400,294.0,0.0,0.0,0.0,5,290.0,293.5,5,290.0,292.5,294.0,292.5,3.0,879.0,53
2023-05-10 09:19:11,TA401C5400,TA401C5400,294.0,0.0,0.0,0.0,5,290.0,295.5,5,290.0,292.5,294.0,292.5,3.0,879.0,53
2023-05-10 09:19:19,TA401C5400,TA401C5400,294.0,0.0,0.0,0.0,5,291.5,295.5,5,290.0,292.5,294.0,292.5,3.0,879.0,53
2023-05-10 09:19:27,TA401C5400,TA401C5400,294.0,0.0,0.0,0.0,5,291.5,350.0,1,290.0,292.5,294.0,292.5,3.0,879.0,53
2023-05-10 09:19:28,TA401C5400,TA401C5400,294.0,0.0,0.0,0.0,5,291.5,309.0,1,290.0,292.5,294.0,292.5,3.0,879.0,53
2023-05-10 09:19:31,TA401C5400,TA401C5400,294.0,0.0,0.0,0.0,5,291.5,297.5,5,290.0,292.5,294.0,292.5,3.0,879.0,53
2023-05-10 09:19:40,TA401C5400,TA401C5400,294.0,0.0,0.0,0.0,5,292.5,297.5,5,290.0,292.5,294.0,292.5,3.0,879.0,53
2023-05-10 09:20:34,TA401C5400,TA401C5400,294.0,0.0,0.0,0.0,5,292.5,296.5,5,290.0,292.5,294.0,292.5,3.0,879.0,53
2023-05-10 09:20:46,TA401C5400,TA401C5400,294.0,0.0,0.0,0.0,5,291.5,296.5,5,290.0,292.5,294.0,292.5,3.0,879.0,53
2023-05-10 09:20:56,TA401C5400,TA401C5400,294.0,0.0,0.0,0.0,5,291.5,295.5,5,290.0,292.5,294.0,292.5,3.0,879.0,53
2023-05-10 09:22:40,TA401C5400,TA401C5400,294.0,0.0,0.0,0.0,5,289.5,295.5,5,290.0,292.5,294.0,292.5,3.0,879.0,53
2023-05-10 09:22:46,TA401C5400,TA401C5400,294.0,0.0,0.0,0.0,5,289.5,294.5,5,290.0,292.5,294.0,292.5,3.0,879.0,53
2023-05-10 09:23:57,TA401C5400,TA401C5400,294.0,0.0,0.0,0.0,5,290.5,294.5,5,290.0,292.5,294.0,292.5,3.0,879.0,53
2023-05-10 09:24:48,TA401C5400,TA401C5400,294.0,0.0,0.0,0.0,5,290.5,295.5,5,290.0,292.5,294.0,292.5,3.0,879.0,53
2023-05-10 09:27:12,TA401C5400,TA401C5400,294.0,0.0,0.0,0.0,5,290.5,294.5,5,290.0,292.5,294.0,292.5,3.0,879.0,53
2023-05-10 09:27:15,TA401C5400,TA401C5400,294.0,0.0,0.0,0.0,5,289.5,294.5,5,290.0,292.5,294.0,292.5,3.0,879.0,53
2023-05-10 09:27:21,TA401C5400,TA401C5400,294.0,0.0,0.0,0.0,5,289.5,293.5,5,290.0,292.5,294.0,292.5,3.0,879.0,53
2023-05-10 09:27:29,TA401C5400,TA401C5400,294.0,0.0,0.0,0.0,1,271.5,293.5,5,290.0,292.5,294.0,292.5,3.0,879.0,53
2023-05-10 09:27:30,TA401C5400,TA401C5400,294.0,0.0,0.0,0.0,5,287.5,293.5,5,290.0,292.5,294.0,292.5,3.0,879.0,53
2023-05-10 09:27:35,TA401C5400,TA401C5400,294.0,0.0,0.0,0.0,5,287.5,291.5,5,290.0,292.5,294.0,292.5,3.0,879.0,53
2023-05-10 09:27:48,TA401C5400,TA401C5400,294.0,0.0,0.0,0.0,1,271.5,291.5,5,290.0,292.5,294.0,292.5,3.0,879.0,53
2023-05-10 09:27:49,TA401C5400,TA401C5400,294.0,0.0,0.0,0.0,5,286.0,291.5,5,290.0,292.5,294.0,292.5,3.0,879.0,53
2023-05-10 09:28:12,TA401C5400,TA401C5400,294.0,0.0,0.0,0.0,5,287.5,291.5,5,290.0,292.5,294.0,292.5,3.0,879.0,53
2023-05-10 09:29:31,TA401C5400,TA401C5400,294.0,0.0,0.0,0.0,5,287.5,293.5,5,290.0,292.5,294.0,292.5,3.0,879.0,53
2023-05-10 09:30:00,TA401C5400,TA401C5400,294.0,0.0,0.0,0.0,5,287.5,292.5,5,290.0,292.5,294.0,292.5,3.0,879.0,53
2023-05-10 09:30:20,TA401C5400,TA401C5400,294.0,0.0,0.0,0.0,5,288.5,292.5,5,290.0,292.5,294.0,292.5,3.0,879.0,53
2023-05-10 09:30:30,TA401C5400,TA401C5400,294.0,0.0,0.0,0.0,5,288.5,293.5,5,290.0,292.5,294.0,292.5,3.0,879.0,53
2023-05-10 09:30:33,TA401C5400,TA401C5400,294.0,0.0,0.0,0.0,5,289.5,293.5,5,290.0,292.5,294.0,292.5,3.0,879.0,53
2023-05-10 09:30:38,TA401C5400,TA401C5400,294.0,0.0,0.0,0.0,5,289.5,309.0,1,290.0,292.5,294.0,292.5,3.0,879.0,53
2023-05-10 09:30:39,TA401C5400,TA401C5400,294.0,0.0,0.0,0.0,5,289.5,295.5,5,290.0,292.5,294.0,292.5,3.0,879.0,53
2023-05-10 09:30:55,TA401C5400,TA401C5400,294.0,0.0,0.0,0.0,5,289.5,294.5,5,290.0,292.5,294.0,292.5,3.0,879.0,53
2023-05-10 09:31:09,TA401C5400,TA401C5400,294.0,0.0,0.0,0.0,5,289.5,293.0,5,290.0,292.5,294.0,292.5,3.0,879.0,53
2023-05-10 09:31:15,TA401C5400,TA401C5400,294.0,0.0,0.0,0.0,5,288.5,293.0,5,290.0,292.5,294.0,292.5,3.0,879.0,53
2023-05-10 09:31:51,TA401C5400,TA401C5400,294.0,0.0,0.0,0.0,5,288.5,294.5,5,290.0,292.5,294.0,292.5,3.0,879.0,53
2023-05-10 09:31:52,TA401C5400,TA401C5400,294.0,0.0,0.0,0.0,5,289.5,294.5,5,290.0,292.5,294.0,292.5,3.0,879.0,53
2023-05-10 09:32:15,TA401C5400,TA401C5400,294.0,0.0,0.0,0.0,5,289.5,293.5,5,290.0,292.5,294.0,292.5,3.0,879.0,53
2023-05-10 09:32:29,TA401C5400,TA401C5400,294.0,0.0,0.0,0.0,5,289.5,294.5,5,290.0,292.5,294.0,292.5,3.0,879.0,53
2023-05-10 09:32:41,TA401C5400,TA401C5400,294.0,0.0,0.0,0.0,5,290.5,294.5,5,290.0,292.5,294.0,292.5,3.0,879.0,53
2023-05-10 09:33:28,TA401C5400,TA401C5400,294.0,0.0,0.0,0.0,5,290.5,309.0,1,290.0,292.5,294.0,292.5,3.0,879.0,53
2023-05-10 09:33:32,TA401C5400,TA401C5400,294.0,0.0,0.0,0.0,5,290.5,296.5,5,290.0,292.5,294.0,292.5,3.0,879.0,53
2023-05-10 09:33:39,TA401C5400,TA401C5400,294.0,0.0,0.0,0.0,5,291.5,296.5,5,290.0,292.5,294.0,292.5,3.0,879.0,53
2023-05-10 09:34:02,TA401C5400,TA401C5400,294.0,0.0,0.0,0.0,5,291.5,295.5,5,290.0,292.5,294.0,292.5,3.0,879.0,53
2023-05-10 09:34:04,TA401C5400,TA401C5400,294.0,0.0,0.0,0.0,5,290.5,295.5,5,290.0,292.5,294.0,292.5,3.0,879.0,53
2023-05-10 09:34:19,TA401C5400,TA401C5400,294.0,0.0,0.0,0.0,5,290.5,294.5,5,290.0,292.5,294.0,292.5,3.0,879.0,53
2023-05-10 09:36:16,TA401C5400,TA401C5400,294.0,0.0,0.0,0.0,5,288.5,294.5,5,290.0,292.5,294.0,292.5,3.0,879.0,53
2023-05-10 09:36:45,TA401C5400,TA401C5400,294.0,0.0,0.0,0.0,5,289.5,294.5,5,290.0,292.5,294.0,292.5,3.0,879.0,53
2023-05-10 09:37:27,TA401C5400,TA401C5400,294.0,0.0,0.0,0.0,5,289.5,293.5,5,290.0,292.5,294.0,292.5,3.0,879.0,53
2023-05-10 09:38:12,TA401C5400,TA401C5400,294.0,0.0,0.0,0.0,5,289.5,294.5,5,290.0,292.5,294.0,292.5,3.0,879.0,53
2023-05-10 09:38:14,TA401C5400,TA401C5400,294.0,0.0,0.0,0.0,5,291.0,294.5,5,290.0,292.5,294.0,292.5,3.0,879.0,53
2023-05-10 09:38:18,TA401C5400,TA401C5400,294.0,0.0,0.0,0.0,5,291.0,309.0,1,290.0,292.5,294.0,292.5,3.0,879.0,53
2023-05-10 09:38:22,TA401C5400,TA401C5400,294.0,0.0,0.0,0.0,5,291.0,297.0,5,290.0,292.5,294.0,292.5,3.0,879.0,53
2023-05-10 09:38:28,TA401C5400,TA401C5400,294.0,0.0,0.0,0.0,5,292.0,297.0,5,290.0,292.5,294.0,292.5,3.0,879.0,53
2023-05-10 09:39:36,TA401C5400,TA401C5400,294.0,0.0,0.0,0.0,5,293.5,297.0,5,290.0,292.5,294.0,292.5,3.0,879.0,53
2023-05-10 09:40:14,TA401C5400,TA401C5400,294.0,0.0,0.0,0.0,5,292.0,297.0,5,290.0,292.5,294.0,292.5,3.0,879.0,53
2023-05-10 09:40:42,TA401C5400,TA401C5400,294.0,0.0,0.0,0.0,5,292.0,296.0,5,290.0,292.5,294.0,292.5,3.0,879.0,53
2023-05-10 09:40:49,TA401C5400,TA401C5400,294.0,0.0,0.0,0.0,1,271.5,296.0,5,290.0,292.5,294.0,292.5,3.0,879.0,53
2023-05-10 09:40:50,TA401C5400,TA401C5400,294.0,0.0,0.0,0.0,5,290.0,296.0,5,290.0,292.5,294.0,292.5,3.0,879.0,53
2023-05-10 09:41:34,TA401C5400,TA401C5400,294.0,0.0,0.0,0.0,5,290.0,295.0,5,290.0,292.5,294.0,292.5,3.0,879.0,53
2023-05-10 09:42:11,TA401C5400,TA401C5400,294.0,0.0,0.0,0.0,5,290.0,293.5,5,290.0,292.5,294.0,292.5,3.0,879.0,53
2023-05-10 09:42:26,TA401C5400,TA401C5400,294.0,0.0,0.0,0.0,1,271.5,293.5,5,290.0,292.5,294.0,292.5,3.0,879.0,53
2023-05-10 09:42:27,TA401C5400,TA401C5400,294.0,0.0,0.0,0.0,5,288.0,293.5,5,290.0,292.5,294.0,292.5,3.0,879.0,53
2023-05-10 09:43:22,TA401C5400,TA401C5400,294.0,0.0,0.0,0.0,5,288.0,292.5,5,290.0,292.5,294.0,292.5,3.0,879.0,53
2023-05-10 09:44:42,TA401C5400,TA401C5400,294.0,0.0,0.0,0.0,5,286.0,291.5,5,290.0,292.5,294.0,292.5,3.0,879.0,53
2023-05-10 09:46:26,TA401C5400,TA401C5400,294.0,0.0,0.0,0.0,5,287.5,291.5,5,290.0,292.5,294.0,292.5,3.0,879.0,53
2023-05-10 09:47:21,TA401C5400,TA401C5400,294.0,0.0,0.0,0.0,5,287.5,292.5,5,290.0,292.5,294.0,292.5,3.0,879.0,53
2023-05-10 09:47:28,TA401C5400,TA401C5400,294.0,0.0,0.0,0.0,5,288.5,292.5,5,290.0,292.5,294.0,292.5,3.0,879.0,53
2023-05-10 09:48:16,TA401C5400,TA401C5400,294.0,0.0,0.0,0.0,5,287.5,292.5,5,290.0,292.5,294.0,292.5,3.0,879.0,53
2023-05-10 09:49:23,TA401C5400,TA401C5400,294.0,0.0,0.0,0.0,5,287.5,291.5,5,290.0,292.5,294.0,292.5,3.0,879.0,53
2023-05-10 09:50:01,TA401C5400,TA401C5400,294.0,0.0,0.0,0.0,5,285.5,291.5,5,290.0,292.5,294.0,292.5,3.0,879.0,53
2023-05-10 09:50:08,TA401C5400,TA401C5400,294.0,0.0,0.0,0.0,5,285.5,290.5,5,290.0,292.5,294.0,292.5,3.0,879.0,53
2023-05-10 09:50:24,TA401C5400,TA401C5400,294.0,0.0,0.0,0.0,5,287.0,291.5,5,290.0,292.5,294.0,292.5,3.0,879.0,53
2023-05-10 09:52:14,TA401C5400,TA401C5400,294.0,0.0,0.0,0.0,5,287.0,290.5,5,290.0,292.5,294.0,292.5,3.0,879.0,53
2023-05-10 09:53:01,TA401C5400,TA401C5400,294.0,0.0,0.0,0.0,5,285.5,290.5,5,290.0,292.5,294.0,292.5,3.0,879.0,53
2023-05-10 09:53:07,TA401C5400,TA401C5400,294.0,0.0,0.0,0.0,5,285.5,289.5,5,290.0,292.5,294.0,292.5,3.0,879.0,53
2023-05-10 09:53:19,TA401C5400,TA401C5400,294.0,0.0,0.0,0.0,1,271.5,289.5,5,290.0,292.5,294.0,292.5,3.0,879.0,53
2023-05-10 09:53:21,TA401C5400,TA401C5400,294.0,0.0,0.0,0.0,5,283.5,289.5,5,290.0,292.5,294.0,292.5,3.0,879.0,53
2023-05-10 09:53:40,TA401C5400,TA401C5400,294.0,0.0,0.0,0.0,5,284.5,289.5,5,290.0,292.5,294.0,292.5,3.0,879.0,53
2023-05-10 09:54:17,TA401C5400,TA401C5400,294.0,0.0,0.0,0.0,5,284.5,288.5,5,290.0,292.5,294.0,292.5,3.0,879.0,53
2023-05-10 09:54:18,TA401C5400,TA401C5400,294.0,0.0,0.0,0.0,5,283.5,288.5,5,290.0,292.5,294.0,292.5,3.0,879.0,53
2023-05-10 09:54:31,TA401C5400,TA401C5400,294.0,0.0,0.0,0.0,5,283.5,287.5,5,290.0,292.5,294.0,292.5,3.0,879.0,53
2023-05-10 09:54:34,TA401C5400,TA401C5400,294.0,0.0,0.0,0.0,1,271.5,287.5,5,290.0,292.5,294.0,292.5,3.0,879.0,53
2023-05-10 09:54:35,TA401C5400,TA401C5400,294.0,0.0,0.0,0.0,5,282.0,287.5,5,290.0,292.5,294.0,292.5,3.0,879.0,53
2023-05-10 09:55:35,TA401C5400,TA401C5400,294.0,0.0,0.0,0.0,5,282.0,286.5,5,290.0,292.5,294.0,292.5,3.0,879.0,53
2023-05-10 09:57:39,TA401C5400,TA401C5400,294.0,0.0,0.0,0.0,1,271.5,286.5,5,290.0,292.5,294.0,292.5,3.0,879.0,53
2023-05-10 09:57:41,TA401C5400,TA401C5400,294.0,0.0,0.0,0.0,5,280.0,285.5,5,290.0,292.5,294.0,292.5,3.0,879.0,53
2023-05-10 09:58:04,TA401C5400,TA401C5400,294.0,0.0,0.0,0.0,5,281.0,285.5,5,290.0,292.5,294.0,292.5,3.0,879.0,53
2023-05-10 09:58:09,TA401C5400,TA401C5400,294.0,0.0,0.0,0.0,5,282.0,286.5,5,290.0,292.5,294.0,292.5,3.0,879.0,53
2023-05-10 09:58:13,TA401C5400,TA401C5400,294.0,0.0,0.0,0.0,5,283.5,309.0,1,290.0,292.5,294.0,292.5,3.0,879.0,53
2023-05-10 09:58:14,TA401C5400,TA401C5400,294.0,0.0,0.0,0.0,5,283.5,288.5,5,290.0,292.5,294.0,292.5,3.0,879.0,53
2023-05-10 09:58:47,TA401C5400,TA401C5400,294.0,0.0,0.0,0.0,5,285.0,288.5,5,290.0,292.5,294.0,292.5,3.0,879.0,53
2023-05-10 09:58:48,TA401C5400,TA401C5400,294.0,0.0,0.0,0.0,5,285.0,309.0,1,290.0,292.5,294.0,292.5,3.0,879.0,53
2023-05-10 09:58:49,TA401C5400,TA401C5400,294.0,0.0,0.0,0.0,5,285.0,290.5,5,290.0,292.5,294.0,292.5,3.0,879.0,53
2023-05-10 10:00:02,TA401C5400,TA401C5400,294.0,0.0,0.0,0.0,5,286.5,290.5,5,290.0,292.5,294.0,292.5,3.0,879.0,53
2023-05-10 10:00:11,TA401C5400,TA401C5400,294.0,0.0,0.0,0.0,5,286.5,309.0,1,290.0,292.5,294.0,292.5,3.0,879.0,53
2023-05-10 10:00:12,TA401C5400,TA401C5400,294.0,0.0,0.0,0.0,5,286.5,292.5,5,290.0,292.5,294.0,292.5,3.0,879.0,53
2023-05-10 10:00:42,TA401C5400,TA401C5400,294.0,0.0,0.0,0.0,5,288.0,292.5,5,290.0,292.5,294.0,292.5,3.0,879.0,53
2023-05-10 10:00:50,TA401C5400,TA401C5400,294.0,0.0,0.0,0.0,5,288.0,309.0,1,290.0,292.5,294.0,292.5,3.0,879.0,53
2023-05-10 10:00:54,TA401C5400,TA401C5400,294.0,0.0,0.0,0.0,5,290.0,309.0,1,290.0,292.5,294.0,292.5,3.0,879.0,53
2023-05-10 10:00:57,TA401C5400,TA401C5400,294.0,0.0,0.0,0.0,5,290.0,294.5,5,290.0,292.5,294.0,292.5,3.0,879.0,53
2023-05-10 10:01:32,TA401C5400,TA401C5400,294.0,0.0,0.0,0.0,5,288.0,293.0,5,290.0,292.5,294.0,292.5,3.0,879.0,53
2023-05-10 10:01:43,TA401C5400,TA401C5400,294.0,0.0,0.0,0.0,5,288.0,291.5,5,290.0,292.5,294.0,292.5,3.0,879.0,53
2023-05-10 10:04:03,TA401C5400,TA401C5400,294.0,0.0,0.0,0.0,1,271.5,291.5,5,290.0,292.5,294.0,292.5,3.0,879.0,53
2023-05-10 10:04:05,TA401C5400,TA401C5400,294.0,0.0,0.0,0.0,5,285.5,291.5,5,290.0,292.5,294.0,292.5,3.0,879.0,53
2023-05-10 10:06:13,TA401C5400,TA401C5400,294.0,0.0,0.0,0.0,5,287.0,291.5,5,290.0,292.5,294.0,292.5,3.0,879.0,53
2023-05-10 10:07:37,TA401C5400,TA401C5400,294.0,0.0,0.0,0.0,5,285.5,291.5,5,290.0,292.5,294.0,292.5,3.0,879.0,53
2023-05-10 10:08:27,TA401C5400,TA401C5400,294.0,0.0,0.0,0.0,5,287.0,291.5,5,290.0,292.5,294.0,292.5,3.0,879.0,53
2023-05-10 10:09:08,TA401C5400,TA401C5400,294.0,0.0,0.0,0.0,5,287.0,293.0,5,290.0,292.5,294.0,292.5,3.0,879.0,53
2023-05-10 10:09:22,TA401C5400,TA401C5400,294.0,0.0,0.0,0.0,5,288.0,293.0,5,290.0,292.5,294.0,292.5,3.0,879.0,53
2023-05-10 10:09:35,TA401C5400,TA401C5400,294.0,0.0,0.0,0.0,5,289.0,293.0,5,290.0,292.5,294.0,292.5,3.0,879.0,53
2023-05-10 10:09:40,TA401C5400,TA401C5400,294.0,0.0,0.0,0.0,5,289.0,309.0,1,290.0,292.5,294.0,292.5,3.0,879.0,53
2023-05-10 10:09:42,TA401C5400,TA401C5400,294.0,0.0,0.0,0.0,5,289.0,295.5,5,290.0,292.5,294.0,292.5,3.0,879.0,53
2023-05-10 10:09:44,TA401C5400,TA401C5400,294.0,0.0,0.0,0.0,5,290.0,295.5,5,290.0,292.5,294.0,292.5,3.0,879.0,53
2023-05-10 10:09:54,TA401C5400,TA401C5400,294.0,0.0,0.0,0.0,5,290.0,294.0,5,290.0,292.5,294.0,292.5,3.0,879.0,53
2023-05-10 10:10:10,TA401C5400,TA401C5400,294.0,0.0,0.0,0.0,5,290.0,295.5,5,290.0,292.5,294.0,292.5,3.0,879.0,53
2023-05-10 10:10:23,TA401C5400,TA401C5400,294.0,0.0,0.0,0.0,5,291.5,295.5,5,290.0,292.5,294.0,292.5,3.0,879.0,53
2023-05-10 10:11:19,TA401C5400,TA401C5400,294.0,0.0,0.0,0.0,5,290.0,295.5,5,290.0,292.5,294.0,292.5,3.0,879.0,53
2023-05-10 10:11:47,TA401C5400,TA401C5400,294.0,0.0,0.0,0.0,5,290.0,294.0,5,290.0,292.5,294.0,292.5,3.0,879.0,53
2023-05-10 10:11:50,TA401C5400,TA401C5400,294.0,0.0,0.0,0.0,1,237.5,294.0,5,290.0,292.5,294.0,292.5,3.0,879.0,53
2023-05-10 10:11:51,TA401C5400,TA401C5400,294.0,0.0,0.0,0.0,2,241.0,294.0,5,290.0,292.5,294.0,292.5,3.0,879.0,53
2023-05-10 10:11:51,TA401C5400,TA401C5400,294.0,0.0,0.0,0.0,1,276.5,294.0,5,290.0,292.5,294.0,292.5,3.0,879.0,53
2023-05-10 10:11:53,TA401C5400,TA401C5400,294.0,0.0,0.0,0.0,5,288.5,294.0,5,290.0,292.5,294.0,292.5,3.0,879.0,53
2023-05-10 10:12:23,TA401C5400,TA401C5400,294.0,0.0,0.0,0.0,5,290.0,294.0,5,290.0,292.5,294.0,292.5,3.0,879.0,53
2023-05-10 10:13:13,TA401C5400,TA401C5400,294.0,0.0,0.0,0.0,5,288.5,294.0,5,290.0,292.5,294.0,292.5,3.0,879.0,53
2023-05-10 10:14:55,TA401C5400,TA401C5400,294.0,0.0,0.0,0.0,5,288.5,292.5,5,290.0,292.5,294.0,292.5,3.0,879.0,53
2023-05-10 10:30:23,TA401C5400,TA401C5400,294.0,0.0,0.0,0.0,5,286.5,292.5,5,290.0,292.5,294.0,292.5,3.0,879.0,53
2023-05-10 10:30:43,TA401C5400,TA401C5400,294.0,0.0,0.0,0.0,5,286.5,291.0,5,290.0,292.5,294.0,292.5,3.0,879.0,53
2023-05-10 10:31:22,TA401C5400,TA401C5400,294.0,0.0,0.0,0.0,1,276.5,291.0,5,290.0,292.5,294.0,292.5,3.0,879.0,53
2023-05-10 10:31:23,TA401C5400,TA401C5400,294.0,0.0,0.0,0.0,1,276.5,289.5,5,290.0,292.5,294.0,292.5,3.0,879.0,53
2023-05-10 10:31:25,TA401C5400,TA401C5400,294.0,0.0,0.0,0.0,5,284.5,289.5,5,290.0,292.5,294.0,292.5,3.0,879.0,53
2023-05-10 10:32:04,TA401C5400,TA401C5400,294.0,0.0,0.0,0.0,5,286.0,289.5,5,290.0,292.5,294.0,292.5,3.0,879.0,53
2023-05-10 10:32:34,TA401C5400,TA401C5400,294.0,0.0,0.0,0.0,5,286.0,291.0,5,290.0,292.5,294.0,292.5,3.0,879.0,53
2023-05-10 10:34:33,TA401C5400,TA401C5400,294.0,0.0,0.0,0.0,5,287.0,291.0,5,290.0,292.5,294.0,292.5,3.0,879.0,53
2023-05-10 10:34:41,TA401C5400,TA401C5400,294.0,0.0,0.0,0.0,5,287.0,309.0,1,290.0,292.5,294.0,292.5,3.0,879.0,53
2023-05-10 10:34:42,TA401C5400,TA401C5400,294.0,0.0,0.0,0.0,5,287.0,293.0,5,290.0,292.5,294.0,292.5,3.0,879.0,53
2023-05-10 10:35:03,TA401C5400,TA401C5400,294.0,0.0,0.0,0.0,5,287.0,291.5,5,290.0,292.5,294.0,292.5,3.0,879.0,53
2023-05-10 10:36:08,TA401C5400,TA401C5400,294.0,0.0,0.0,0.0,5,286.0,291.5,5,290.0,292.5,294.0,292.5,3.0,879.0,53
2023-05-10 10:36:09,TA401C5400,TA401C5400,294.0,0.0,0.0,0.0,5,286.0,290.0,5,290.0,292.5,294.0,292.5,3.0,879.0,53
2023-05-10 10:36:10,TA401C5400,TA401C5400,294.0,0.0,0.0,0.0,1,276.5,290.0,5,290.0,292.5,294.0,292.5,3.0,879.0,53
2023-05-10 10:36:11,TA401C5400,TA401C5400,294.0,0.0,0.0,0.0,5,284.0,290.0,5,290.0,292.5,294.0,292.5,3.0,879.0,53
2023-05-10 10:37:26,TA401C5400,TA401C5400,294.0,0.0,0.0,0.0,5,284.0,288.5,5,290.0,292.5,294.0,292.5,3.0,879.0,53
2023-05-10 10:38:31,TA401C5400,TA401C5400,294.0,0.0,0.0,0.0,1,276.5,288.5,5,290.0,292.5,294.0,292.5,3.0,879.0,53
2023-05-10 10:38:34,TA401C5400,TA401C5400,294.0,0.0,0.0,0.0,1,276.5,287.0,5,290.0,292.5,294.0,292.5,3.0,879.0,53
2023-05-10 10:38:35,TA401C5400,TA401C5400,294.0,0.0,0.0,0.0,5,281.5,287.0,5,290.0,292.5,294.0,292.5,3.0,879.0,53
2023-05-10 10:38:50,TA401C5400,TA401C5400,294.0,0.0,0.0,0.0,1,276.5,287.0,5,290.0,292.5,294.0,292.5,3.0,879.0,53
2023-05-10 10:38:53,TA401C5400,TA401C5400,294.0,0.0,0.0,0.0,1,276.5,285.5,5,290.0,292.5,294.0,292.5,3.0,879.0,53
2023-05-10 10:38:54,TA401C5400,TA401C5400,294.0,0.0,0.0,0.0,5,280.5,285.5,5,290.0,292.5,294.0,292.5,3.0,879.0,53
2023-05-10 10:39:11,TA401C5400,TA401C5400,294.0,0.0,0.0,0.0,1,276.5,285.5,5,290.0,292.5,294.0,292.5,3.0,879.0,53
2023-05-10 10:39:14,TA401C5400,TA401C5400,294.0,0.0,0.0,0.0,5,278.5,285.5,5,290.0,292.5,294.0,292.5,3.0,879.0,53
2023-05-10 10:39:17,TA401C5400,TA401C5400,294.0,0.0,0.0,0.0,5,278.5,284.0,5,290.0,292.5,294.0,292.5,3.0,879.0,53
2023-05-10 10:39:23,TA401C5400,TA401C5400,294.0,0.0,0.0,0.0,1,279.0,284.0,5,290.0,292.5,294.0,292.5,3.0,879.0,53
2023-05-10 10:39:50,TA401C5400,TA401C5400,294.0,0.0,0.0,0.0,1,279.0,282.5,5,290.0,292.5,294.0,292.5,3.0,879.0,53
2023-05-10 10:40:08,TA401C5400,TA401C5400,294.0,0.0,0.0,0.0,5,278.5,282.5,5,290.0,292.5,294.0,292.5,3.0,879.0,53
2023-05-10 10:40:19,TA401C5400,TA401C5400,294.0,0.0,0.0,0.0,5,278.5,284.0,5,290.0,292.5,294.0,292.5,3.0,879.0,53
2023-05-10 10:41:07,TA401C5400,TA401C5400,294.0,0.0,0.0,0.0,5,280.0,284.0,5,290.0,292.5,294.0,292.5,3.0,879.0,53
2023-05-10 10:42:20,TA401C5400,TA401C5400,294.0,0.0,0.0,0.0,5,280.0,309.0,1,290.0,292.5,294.0,292.5,3.0,879.0,53
2023-05-10 10:42:21,TA401C5400,TA401C5400,294.0,0.0,0.0,0.0,5,280.0,286.0,5,290.0,292.5,294.0,292.5,3.0,879.0,53
2023-05-10 10:44:07,TA401C5400,TA401C5400,294.0,0.0,0.0,0.0,5,281.5,286.0,5,290.0,292.5,294.0,292.5,3.0,879.0,53
2023-05-10 10:44:24,TA401C5400,TA401C5400,294.0,0.0,0.0,0.0,5,283.0,309.0,1,290.0,292.5,294.0,292.5,3.0,879.0,53
2023-05-10 10:44:25,TA401C5400,TA401C5400,294.0,0.0,0.0,0.0,5,283.0,287.5,5,290.0,292.5,294.0,292.5,3.0,879.0,53
2023-05-10 10:45:56,TA401C5400,TA401C5400,294.0,0.0,0.0,0.0,5,281.5,287.5,5,290.0,292.5,294.0,292.5,3.0,879.0,53
2023-05-10 10:46:43,TA401C5400,TA401C5400,294.0,0.0,0.0,0.0,5,283.0,287.5,5,290.0,292.5,294.0,292.5,3.0,879.0,53
2023-05-10 10:47:12,TA401C5400,TA401C5400,294.0,0.0,0.0,0.0,5,281.5,286.0,5,290.0,292.5,294.0,292.5,3.0,879.0,53
2023-05-10 10:48:02,TA401C5400,TA401C5400,294.0,0.0,0.0,0.0,1,276.5,286.0,5,290.0,292.5,294.0,292.5,3.0,879.0,53
2023-05-10 10:48:04,TA401C5400,TA401C5400,294.0,0.0,0.0,0.0,5,280.0,286.0,5,290.0,292.5,294.0,292.5,3.0,879.0,53
2023-05-10 10:48:12,TA401C5400,TA401C5400,294.0,0.0,0.0,0.0,5,280.0,284.5,5,290.0,292.5,294.0,292.5,3.0,879.0,53
2023-05-10 10:51:00,TA401C5400,TA401C5400,294.0,0.0,0.0,0.0,5,280.0,286.0,5,290.0,292.5,294.0,292.5,3.0,879.0,53
2023-05-10 10:51:01,TA401C5400,TA401C5400,294.0,0.0,0.0,0.0,5,281.5,286.0,5,290.0,292.5,294.0,292.5,3.0,879.0,53
2023-05-10 10:55:24,TA401C5400,TA401C5400,294.0,0.0,0.0,0.0,5,280.0,285.0,5,290.0,292.5,294.0,292.5,3.0,879.0,53
2023-05-10 10:55:38,TA401C5400,TA401C5400,294.0,0.0,0.0,0.0,5,281.0,285.0,5,290.0,292.5,294.0,292.5,3.0,879.0,53
2023-05-10 10:55:43,TA401C5400,TA401C5400,294.0,0.0,0.0,0.0,5,281.0,286.0,5,290.0,292.5,294.0,292.5,3.0,879.0,53
2023-05-10 10:57:58,TA401C5400,TA401C5400,294.0,0.0,0.0,0.0,5,281.0,285.0,5,290.0,292.5,294.0,292.5,3.0,879.0,53
2023-05-10 10:58:26,TA401C5400,TA401C5400,294.0,0.0,0.0,0.0,5,280.0,285.0,5,290.0,292.5,294.0,292.5,3.0,879.0,53
2023-05-10 10:59:11,TA401C5400,TA401C5400,294.0,0.0,0.0,0.0,5,281.0,285.0,5,290.0,292.5,294.0,292.5,3.0,879.0,53
2023-05-10 11:00:05,TA401C5400,TA401C5400,294.0,0.0,0.0,0.0,5,281.0,286.0,5,290.0,292.5,294.0,292.5,3.0,879.0,53
2023-05-10 11:00:10,TA401C5400,TA401C5400,294.0,0.0,0.0,0.0,5,282.0,286.0,5,290.0,292.5,294.0,292.5,3.0,879.0,53
2023-05-10 11:00:10,TA401C5400,TA401C5400,294.0,0.0,0.0,0.0,5,282.0,309.0,1,290.0,292.5,294.0,292.5,3.0,879.0,53
2023-05-10 11:00:11,TA401C5400,TA401C5400,294.0,0.0,0.0,0.0,5,282.0,288.0,5,290.0,292.5,294.0,292.5,3.0,879.0,53
2023-05-10 11:00:42,TA401C5400,TA401C5400,294.0,0.0,0.0,0.0,5,283.0,288.0,5,290.0,292.5,294.0,292.5,3.0,879.0,53
2023-05-10 11:03:11,TA401C5400,TA401C5400,294.0,0.0,0.0,0.0,1,286.0,288.0,5,290.0,292.5,294.0,292.5,3.0,879.0,53
2023-05-10 11:03:20,TA401C5400,TA401C5400,294.0,0.0,0.0,0.0,5,283.0,288.0,5,290.0,292.5,294.0,292.5,3.0,879.0,53
2023-05-10 11:04:50,TA401C5400,TA401C5400,294.0,0.0,0.0,0.0,5,283.0,287.0,5,290.0,292.5,294.0,292.5,3.0,879.0,53
2023-05-10 11:05:18,TA401C5400,TA401C5400,294.0,0.0,0.0,0.0,5,283.0,288.0,5,290.0,292.5,294.0,292.5,3.0,879.0,53
2023-05-10 11:05:21,TA401C5400,TA401C5400,294.0,0.0,0.0,0.0,5,283.0,309.0,1,290.0,292.5,294.0,292.5,3.0,879.0,53
2023-05-10 11:05:21,TA401C5400,TA401C5400,294.0,0.0,0.0,0.0,5,284.5,290.0,5,290.0,292.5,294.0,292.5,3.0,879.0,53
2023-05-10 11:05:21,TA401C5400,TA401C5400,294.0,0.0,0.0,0.0,5,283.0,309.0,1,290.0,292.5,294.0,292.5,3.0,879.0,53
2023-05-10 11:05:21,TA401C5400,TA401C5400,294.0,0.0,0.0,0.0,5,284.5,290.0,5,290.0,292.5,294.0,292.5,3.0,879.0,53
2023-05-10 11:05:32,TA401C5400,TA401C5400,294.0,0.0,0.0,0.0,5,284.5,289.0,5,290.0,292.5,294.0,292.5,3.0,879.0,53
2023-05-10 11:08:47,TA401C5400,TA401C5400,294.0,0.0,0.0,0.0,5,283.0,287.5,5,290.0,292.5,294.0,292.5,3.0,879.0,53
2023-05-10 11:10:57,TA401C5400,TA401C5400,294.0,0.0,0.0,0.0,5,283.0,289.0,5,290.0,292.5,294.0,292.5,3.0,879.0,53
2023-05-10 11:10:57,TA401C5400,TA401C5400,294.0,0.0,0.0,0.0,5,284.5,289.0,5,290.0,292.5,294.0,292.5,3.0,879.0,53
2023-05-10 11:11:08,TA401C5400,TA401C5400,294.0,0.0,0.0,0.0,5,283.0,288.0,5,290.0,292.5,294.0,292.5,3.0,879.0,53
2023-05-10 11:12:08,TA401C5400,TA401C5400,294.0,0.0,0.0,0.0,5,283.0,287.0,5,290.0,292.5,294.0,292.5,3.0,879.0,53
2023-05-10 11:15:04,TA401C5400,TA401C5400,294.0,0.0,0.0,0.0,1,276.5,287.0,5,290.0,292.5,294.0,292.5,3.0,879.0,53
2023-05-10 11:15:05,TA401C5400,TA401C5400,294.0,0.0,0.0,0.0,5,281.5,287.0,5,290.0,292.5,294.0,292.5,3.0,879.0,53
2023-05-10 11:15:37,TA401C5400,TA401C5400,294.0,0.0,0.0,0.0,5,281.5,285.0,5,290.0,292.5,294.0,292.5,3.0,879.0,53
2023-05-10 11:15:46,TA401C5400,TA401C5400,294.0,0.0,0.0,0.0,1,276.5,285.0,5,290.0,292.5,294.0,292.5,3.0,879.0,53
2023-05-10 11:15:47,TA401C5400,TA401C5400,294.0,0.0,0.0,0.0,5,279.5,285.0,5,290.0,292.5,294.0,292.5,3.0,879.0,53
2023-05-10 11:15:58,TA401C5400,TA401C5400,294.0,0.0,0.0,0.0,5,279.5,284.0,5,290.0,292.5,294.0,292.5,3.0,879.0,53
2023-05-10 11:16:04,TA401C5400,TA401C5400,294.0,0.0,0.0,0.0,1,276.5,284.0,5,290.0,292.5,294.0,292.5,3.0,879.0,53
2023-05-10 11:16:05,TA401C5400,TA401C5400,294.0,0.0,0.0,0.0,5,277.5,284.0,5,290.0,292.5,294.0,292.5,3.0,879.0,53
2023-05-10 11:16:07,TA401C5400,TA401C5400,294.0,0.0,0.0,0.0,5,277.5,282.5,5,290.0,292.5,294.0,292.5,3.0,879.0,53
2023-05-10 11:17:11,TA401C5400,TA401C5400,294.0,0.0,0.0,0.0,5,279.0,282.5,5,290.0,292.5,294.0,292.5,3.0,879.0,53
2023-05-10 11:17:12,TA401C5400,TA401C5400,294.0,0.0,0.0,0.0,5,279.0,284.0,5,290.0,292.5,294.0,292.5,3.0,879.0,53
2023-05-10 11:17:20,TA401C5400,TA401C5400,294.0,0.0,0.0,0.0,5,280.0,284.0,5,290.0,292.5,294.0,292.5,3.0,879.0,53
2023-05-10 11:19:45,TA401C5400,TA401C5400,294.0,0.0,0.0,0.0,5,280.0,286.0,5,290.0,292.5,294.0,292.5,3.0,879.0,53
2023-05-10 11:20:05,TA401C5400,TA401C5400,294.0,0.0,0.0,0.0,5,281.0,286.0,5,290.0,292.5,294.0,292.5,3.0,879.0,53
2023-05-10 11:25:25,TA401C5400,TA401C5400,294.0,0.0,0.0,0.0,5,281.0,285.0,5,290.0,292.5,294.0,292.5,3.0,879.0,53
2023-05-10 11:25:40,TA401C5400,TA401C5400,294.0,0.0,0.0,0.0,5,280.0,285.0,5,290.0,292.5,294.0,292.5,3.0,879.0,53
2023-05-10 11:25:45,TA401C5400,TA401C5400,294.0,0.0,0.0,0.0,5,280.0,284.0,5,290.0,292.5,294.0,292.5,3.0,879.0,53
2023-05-10 11:25:50,TA401C5400,TA401C5400,294.0,0.0,0.0,0.0,1,237.5,284.0,5,290.0,292.5,294.0,292.5,3.0,879.0,53
2023-05-10 11:25:51,TA401C5400,TA401C5400,294.0,0.0,0.0,0.0,1,266.0,284.0,5,290.0,292.5,294.0,292.5,3.0,879.0,53
2023-05-10 11:25:52,TA401C5400,TA401C5400,294.0,0.0,0.0,0.0,5,278.5,284.0,5,290.0,292.5,294.0,292.5,3.0,879.0,53
2023-05-10 11:27:22,TA401C5400,TA401C5400,294.0,0.0,0.0,0.0,5,279.5,284.0,5,290.0,292.5,294.0,292.5,3.0,879.0,53
2023-05-10 11:27:27,TA401C5400,TA401C5400,294.0,0.0,0.0,0.0,5,280.5,284.0,5,290.0,292.5,294.0,292.5,3.0,879.0,53
2023-05-10 11:27:28,TA401C5400,TA401C5400,294.0,0.0,0.0,0.0,5,280.5,285.0,5,290.0,292.5,294.0,292.5,3.0,879.0,53
2023-05-10 11:29:06,TA401C5400,TA401C5400,294.0,0.0,0.0,0.0,5,280.5,309.0,1,290.0,292.5,294.0,292.5,3.0,879.0,53
2023-05-10 11:29:07,TA401C5400,TA401C5400,294.0,0.0,0.0,0.0,5,280.5,286.5,5,290.0,292.5,294.0,292.5,3.0,879.0,53
2023-05-10 11:29:17,TA401C5400,TA401C5400,294.0,0.0,0.0,0.0,5,281.5,286.5,5,290.0,292.5,294.0,292.5,3.0,879.0,53
2023-05-10 11:29:25,TA401C5400,TA401C5400,294.0,0.0,0.0,0.0,1,266.0,309.0,1,290.0,292.5,294.0,292.5,3.0,879.0,53
2023-05-10 11:29:29,TA401C5400,TA401C5400,294.0,0.0,0.0,0.0,1,219.5,309.0,1,290.0,292.5,294.0,292.5,3.0,879.0,53
2023-05-10 11:29:50,TA401C5400,TA401C5400,294.0,0.0,0.0,0.0,1,179.0,309.0,1,290.0,292.5,294.0,292.5,3.0,879.0,53
2023-05-10 13:30:27,TA401C5400,TA401C5400,294.0,0.0,0.0,0.0,1,207.0,309.0,1,290.0,292.5,294.0,292.5,3.0,879.0,53
2023-05-10 13:30:55,TA401C5400,TA401C5400,294.0,0.0,0.0,0.0,1,207.0,288.5,5,290.0,292.5,294.0,292.5,3.0,879.0,53
2023-05-10 13:30:58,TA401C5400,TA401C5400,294.0,0.0,0.0,0.0,5,283.0,288.5,5,290.0,292.5,294.0,292.5,3.0,879.0,53
2023-05-10 13:31:24,TA401C5400,TA401C5400,294.0,0.0,0.0,0.0,5,283.0,287.0,5,290.0,292.5,294.0,292.5,3.0,879.0,53
2023-05-10 13:31:57,TA401C5400,TA401C5400,294.0,0.0,0.0,0.0,5,281.0,287.0,5,290.0,292.5,294.0,292.5,3.0,879.0,53
2023-05-10 13:32:46,TA401C5400,TA401C5400,294.0,0.0,0.0,0.0,5,282.5,287.0,5,290.0,292.5,294.0,292.5,3.0,879.0,53
2023-05-10 13:33:15,TA401C5400,TA401C5400,294.0,0.0,0.0,0.0,5,282.5,288.5,5,290.0,292.5,294.0,292.5,3.0,879.0,53
2023-05-10 13:34:15,TA401C5400,TA401C5400,294.0,0.0,0.0,0.0,5,282.5,287.0,5,290.0,292.5,294.0,292.5,3.0,879.0,53
2023-05-10 13:35:12,TA401C5400,TA401C5400,294.0,0.0,0.0,0.0,5,281.0,287.0,5,290.0,292.5,294.0,292.5,3.0,879.0,53
2023-05-10 13:38:34,TA401C5400,TA401C5400,294.0,0.0,0.0,0.0,5,282.5,287.0,5,290.0,292.5,294.0,292.5,3.0,879.0,53
2023-05-10 13:38:52,TA401C5400,TA401C5400,294.0,0.0,0.0,0.0,5,282.5,288.5,5,290.0,292.5,294.0,292.5,3.0,879.0,53
2023-05-10 13:38:57,TA401C5400,TA401C5400,294.0,0.0,0.0,0.0,5,284.0,288.5,5,290.0,292.5,294.0,292.5,3.0,879.0,53
2023-05-10 13:39:05,TA401C5400,TA401C5400,294.0,0.0,0.0,0.0,5,282.5,288.5,5,290.0,292.5,294.0,292.5,3.0,879.0,53
2023-05-10 13:39:21,TA401C5400,TA401C5400,294.0,0.0,0.0,0.0,5,282.5,287.0,5,290.0,292.5,294.0,292.5,3.0,879.0,53
2023-05-10 13:39:29,TA401C5400,TA401C5400,294.0,0.0,0.0,0.0,1,207.0,287.0,5,290.0,292.5,294.0,292.5,3.0,879.0,53
2023-05-10 13:39:29,TA401C5400,TA401C5400,294.0,0.0,0.0,0.0,2,213.5,287.0,5,290.0,292.5,294.0,292.5,3.0,879.0,53
2023-05-10 13:39:29,TA401C5400,TA401C5400,294.0,0.0,0.0,0.0,1,259.0,287.0,5,290.0,292.5,294.0,292.5,3.0,879.0,53
2023-05-10 13:39:32,TA401C5400,TA401C5400,294.0,0.0,0.0,0.0,5,281.0,287.0,5,290.0,292.5,294.0,292.5,3.0,879.0,53
2023-05-10 13:40:14,TA401C5400,TA401C5400,294.0,0.0,0.0,0.0,5,281.0,285.5,5,290.0,292.5,294.0,292.5,3.0,879.0,53
2023-05-10 13:40:23,TA401C5400,TA401C5400,294.0,0.0,0.0,0.0,5,279.0,285.5,5,290.0,292.5,294.0,292.5,3.0,879.0,53
2023-05-10 13:40:30,TA401C5400,TA401C5400,294.0,0.0,0.0,0.0,5,279.0,283.5,5,290.0,292.5,294.0,292.5,3.0,879.0,53
2023-05-10 13:41:07,TA401C5400,TA401C5400,294.0,0.0,0.0,0.0,1,259.0,283.5,5,290.0,292.5,294.0,292.5,3.0,879.0,53
2023-05-10 13:41:08,TA401C5400,TA401C5400,294.0,0.0,0.0,0.0,5,276.0,281.5,5,290.0,292.5,294.0,292.5,3.0,879.0,53
2023-05-10 13:41:12,TA401C5400,TA401C5400,294.0,0.0,0.0,0.0,5,277.5,281.5,5,290.0,292.5,294.0,292.5,3.0,879.0,53
2023-05-10 13:42:26,TA401C5400,TA401C5400,294.0,0.0,0.0,0.0,5,277.5,283.5,5,290.0,292.5,294.0,292.5,3.0,879.0,53
2023-05-10 13:43:22,TA401C5400,TA401C5400,294.0,0.0,0.0,0.0,5,277.5,282.0,5,290.0,292.5,294.0,292.5,3.0,879.0,53
2023-05-10 13:45:18,TA401C5400,TA401C5400,294.0,0.0,0.0,0.0,5,277.5,283.5,5,290.0,292.5,294.0,292.5,3.0,879.0,53
2023-05-10 13:47:23,TA401C5400,TA401C5400,294.0,0.0,0.0,0.0,5,277.5,282.0,5,290.0,292.5,294.0,292.5,3.0,879.0,53
2023-05-10 13:48:11,TA401C5400,TA401C5400,294.0,0.0,0.0,0.0,5,276.0,282.0,5,290.0,292.5,294.0,292.5,3.0,879.0,53
2023-05-10 13:49:10,TA401C5400,TA401C5400,294.0,0.0,0.0,0.0,5,276.0,280.5,5,290.0,292.5,294.0,292.5,3.0,879.0,53
2023-05-10 13:49:46,TA401C5400,TA401C5400,294.0,0.0,0.0,0.0,1,259.0,280.5,5,290.0,292.5,294.0,292.5,3.0,879.0,53
2023-05-10 13:49:48,TA401C5400,TA401C5400,294.0,0.0,0.0,0.0,5,274.0,280.5,5,290.0,292.5,294.0,292.5,3.0,879.0,53
2023-05-10 13:49:58,TA401C5400,TA401C5400,294.0,0.0,0.0,0.0,5,274.0,279.0,5,290.0,292.5,294.0,292.5,3.0,879.0,53
2023-05-10 13:51:11,TA401C5400,TA401C5400,294.0,0.0,0.0,0.0,1,259.0,279.0,5,290.0,292.5,294.0,292.5,3.0,879.0,53
2023-05-10 13:51:13,TA401C5400,TA401C5400,294.0,0.0,0.0,0.0,5,272.0,279.0,5,290.0,292.5,294.0,292.5,3.0,879.0,53
2023-05-10 13:51:15,TA401C5400,TA401C5400,294.0,0.0,0.0,0.0,5,272.0,277.5,5,290.0,292.5,294.0,292.5,3.0,879.0,53
2023-05-10 13:51:18,TA401C5400,TA401C5400,294.0,0.0,0.0,0.0,5,273.5,277.5,5,290.0,292.5,294.0,292.5,3.0,879.0,53
2023-05-10 13:52:13,TA401C5400,TA401C5400,294.0,0.0,0.0,0.0,5,273.5,279.0,5,290.0,292.5,294.0,292.5,3.0,879.0,53
2023-05-10 13:54:35,TA401C5400,TA401C5400,294.0,0.0,0.0,0.0,5,275.0,279.0,5,290.0,292.5,294.0,292.5,3.0,879.0,53
2023-05-10 13:54:53,TA401C5400,TA401C5400,294.0,0.0,0.0,0.0,5,275.0,309.0,1,290.0,292.5,294.0,292.5,3.0,879.0,53
2023-05-10 13:54:54,TA401C5400,TA401C5400,294.0,0.0,0.0,0.0,5,275.0,280.5,5,290.0,292.5,294.0,292.5,3.0,879.0,53
2023-05-10 13:55:23,TA401C5400,TA401C5400,294.0,0.0,0.0,0.0,5,276.5,280.5,5,290.0,292.5,294.0,292.5,3.0,879.0,53
2023-05-10 13:56:58,TA401C5400,TA401C5400,294.0,0.0,0.0,0.0,5,276.5,282.5,5,290.0,292.5,294.0,292.5,3.0,879.0,53
2023-05-10 14:01:19,TA401C5400,TA401C5400,294.0,0.0,0.0,0.0,5,276.5,281.0,5,290.0,292.5,294.0,292.5,3.0,879.0,53
2023-05-10 14:02:02,TA401C5400,TA401C5400,294.0,0.0,0.0,0.0,5,275.0,281.0,5,290.0,292.5,294.0,292.5,3.0,879.0,53
2023-05-10 14:02:22,TA401C5400,TA401C5400,294.0,0.0,0.0,0.0,5,275.0,279.5,5,290.0,292.5,294.0,292.5,3.0,879.0,53
2023-05-10 14:05:00,TA401C5400,TA401C5400,294.0,0.0,0.0,0.0,5,275.0,281.0,5,290.0,292.5,294.0,292.5,3.0,879.0,53
2023-05-10 14:05:32,TA401C5400,TA401C5400,294.0,0.0,0.0,0.0,5,275.0,279.5,5,290.0,292.5,294.0,292.5,3.0,879.0,53
2023-05-10 14:08:05,TA401C5400,TA401C5400,294.0,0.0,0.0,0.0,5,275.0,281.0,5,290.0,292.5,294.0,292.5,3.0,879.0,53
2023-05-10 14:08:32,TA401C5400,TA401C5400,294.0,0.0,0.0,0.0,5,276.5,281.0,5,290.0,292.5,294.0,292.5,3.0,879.0,53
2023-05-10 14:09:06,TA401C5400,TA401C5400,294.0,0.0,0.0,0.0,5,275.0,281.0,5,290.0,292.5,294.0,292.5,3.0,879.0,53
2023-05-10 14:09:38,TA401C5400,TA401C5400,294.0,0.0,0.0,0.0,5,275.0,279.5,5,290.0,292.5,294.0,292.5,3.0,879.0,53
2023-05-10 14:10:07,TA401C5400,TA401C5400,294.0,0.0,0.0,0.0,5,275.0,281.0,5,290.0,292.5,294.0,292.5,3.0,879.0,53
2023-05-10 14:10:22,TA401C5400,TA401C5400,294.0,0.0,0.0,0.0,5,276.5,281.0,5,290.0,292.5,294.0,292.5,3.0,879.0,53
2023-05-10 14:11:06,TA401C5400,TA401C5400,294.0,0.0,0.0,0.0,5,276.5,309.0,1,290.0,292.5,294.0,292.5,3.0,879.0,53
2023-05-10 14:11:07,TA401C5400,TA401C5400,294.0,0.0,0.0,0.0,5,276.5,282.5,5,290.0,292.5,294.0,292.5,3.0,879.0,53
2023-05-10 14:14:23,TA401C5400,TA401C5400,294.0,0.0,0.0,0.0,5,276.5,281.0,5,290.0,292.5,294.0,292.5,3.0,879.0,53
2023-05-10 14:15:10,TA401C5400,TA401C5400,294.0,0.0,0.0,0.0,5,276.5,282.5,5,290.0,292.5,294.0,292.5,3.0,879.0,53
2023-05-10 14:15:12,TA401C5400,TA401C5400,294.0,0.0,0.0,0.0,5,278.0,282.5,5,290.0,292.5,294.0,292.5,3.0,879.0,53
2023-05-10 14:16:04,TA401C5400,TA401C5400,294.0,0.0,0.0,0.0,5,276.5,282.5,5,290.0,292.5,294.0,292.5,3.0,879.0,53
2023-05-10 14:16:11,TA401C5400,TA401C5400,294.0,0.0,0.0,0.0,5,276.5,281.0,5,290.0,292.5,294.0,292.5,3.0,879.0,53
2023-05-10 14:17:02,TA401C5400,TA401C5400,294.0,0.0,0.0,0.0,5,276.5,282.5,5,290.0,292.5,294.0,292.5,3.0,879.0,53
2023-05-10 14:17:04,TA401C5400,TA401C5400,294.0,0.0,0.0,0.0,5,278.0,282.5,5,290.0,292.5,294.0,292.5,3.0,879.0,53
2023-05-10 14:17:16,TA401C5400,TA401C5400,294.0,0.0,0.0,0.0,5,278.0,309.0,1,290.0,292.5,294.0,292.5,3.0,879.0,53
2023-05-10 14:17:18,TA401C5400,TA401C5400,294.0,0.0,0.0,0.0,5,278.0,284.5,5,290.0,292.5,294.0,292.5,3.0,879.0,53
2023-05-10 14:18:02,TA401C5400,TA401C5400,294.0,0.0,0.0,0.0,5,279.5,284.5,5,290.0,292.5,294.0,292.5,3.0,879.0,53
2023-05-10 14:18:51,TA401C5400,TA401C5400,294.0,0.0,0.0,0.0,5,278.0,283.0,5,290.0,292.5,294.0,292.5,3.0,879.0,53
2023-05-10 14:19:21,TA401C5400,TA401C5400,294.0,0.0,0.0,0.0,1,259.0,283.0,5,290.0,292.5,294.0,292.5,3.0,879.0,53
2023-05-10 14:19:24,TA401C5400,TA401C5400,294.0,0.0,0.0,0.0,5,276.0,283.0,5,290.0,292.5,294.0,292.5,3.0,879.0,53
2023-05-10 14:19:29,TA401C5400,TA401C5400,294.0,0.0,0.0,0.0,5,276.0,281.5,5,290.0,292.5,294.0,292.5,3.0,879.0,53
2023-05-10 14:27:01,TA401C5400,TA401C5400,294.0,0.0,0.0,0.0,5,276.0,280.0,5,290.0,292.5,294.0,292.5,3.0,879.0,53
2023-05-10 14:27:47,TA401C5400,TA401C5400,294.0,0.0,0.0,0.0,1,259.0,280.0,5,290.0,292.5,294.0,292.5,3.0,879.0,53
2023-05-10 14:27:49,TA401C5400,TA401C5400,294.0,0.0,0.0,0.0,5,274.0,280.0,5,290.0,292.5,294.0,292.5,3.0,879.0,53
2023-05-10 14:28:23,TA401C5400,TA401C5400,294.0,0.0,0.0,0.0,5,274.0,278.5,5,290.0,292.5,294.0,292.5,3.0,879.0,53
2023-05-10 14:29:32,TA401C5400,TA401C5400,294.0,0.0,0.0,0.0,5,272.0,278.5,5,290.0,292.5,294.0,292.5,3.0,879.0,53
2023-05-10 14:29:46,TA401C5400,TA401C5400,294.0,0.0,0.0,0.0,5,273.5,278.5,5,290.0,292.5,294.0,292.5,3.0,879.0,53
2023-05-10 14:30:00,TA401C5400,TA401C5400,294.0,0.0,0.0,0.0,5,272.0,278.5,5,290.0,292.5,294.0,292.5,3.0,879.0,53
2023-05-10 14:30:03,TA401C5400,TA401C5400,294.0,0.0,0.0,0.0,5,272.0,277.0,5,290.0,292.5,294.0,292.5,3.0,879.0,53
2023-05-10 14:31:53,TA401C5400,TA401C5400,294.0,0.0,0.0,0.0,1,259.0,277.0,5,290.0,292.5,294.0,292.5,3.0,879.0,53
2023-05-10 14:31:57,TA401C5400,TA401C5400,294.0,0.0,0.0,0.0,1,259.0,275.0,5,290.0,292.5,294.0,292.5,3.0,879.0,53
2023-05-10 14:31:59,TA401C5400,TA401C5400,294.0,0.0,0.0,0.0,5,269.5,275.0,5,290.0,292.5,294.0,292.5,3.0,879.0,53
2023-05-10 14:33:05,TA401C5400,TA401C5400,294.0,0.0,0.0,0.0,5,269.5,273.5,5,290.0,292.5,294.0,292.5,3.0,879.0,53
2023-05-10 14:33:05,TA401C5400,TA401C5400,294.0,0.0,0.0,0.0,1,259.0,273.5,5,290.0,292.5,294.0,292.5,3.0,879.0,53
2023-05-10 14:33:11,TA401C5400,TA401C5400,294.0,0.0,0.0,0.0,5,267.5,273.5,5,290.0,292.5,294.0,292.5,3.0,879.0,53
2023-05-10 14:33:13,TA401C5400,TA401C5400,294.0,0.0,0.0,0.0,5,267.5,271.5,5,290.0,292.5,294.0,292.5,3.0,879.0,53
2023-05-10 14:33:18,TA401C5400,TA401C5400,294.0,0.0,0.0,0.0,1,259.0,271.5,5,290.0,292.5,294.0,292.5,3.0,879.0,53
2023-05-10 14:33:19,TA401C5400,TA401C5400,294.0,0.0,0.0,0.0,5,265.5,271.5,5,290.0,292.5,294.0,292.5,3.0,879.0,53
2023-05-10 14:33:24,TA401C5400,TA401C5400,294.0,0.0,0.0,0.0,5,267.0,271.5,5,290.0,292.5,294.0,292.5,3.0,879.0,53
2023-05-10 14:34:09,TA401C5400,TA401C5400,294.0,0.0,0.0,0.0,5,265.5,271.5,5,290.0,292.5,294.0,292.5,3.0,879.0,53
2023-05-10 14:34:12,TA401C5400,TA401C5400,294.0,0.0,0.0,0.0,5,265.5,270.0,5,290.0,292.5,294.0,292.5,3.0,879.0,53
2023-05-10 14:34:32,TA401C5400,TA401C5400,294.0,0.0,0.0,0.0,5,263.5,270.0,5,290.0,292.5,294.0,292.5,3.0,879.0,53
2023-05-10 14:34:40,TA401C5400,TA401C5400,294.0,0.0,0.0,0.0,5,265.0,270.0,5,290.0,292.5,294.0,292.5,3.0,879.0,53
2023-05-10 14:34:55,TA401C5400,TA401C5400,294.0,0.0,0.0,0.0,5,263.5,270.0,5,290.0,292.5,294.0,292.5,3.0,879.0,53
2023-05-10 14:34:58,TA401C5400,TA401C5400,294.0,0.0,0.0,0.0,5,263.5,268.5,5,290.0,292.5,294.0,292.5,3.0,879.0,53
2023-05-10 14:36:59,TA401C5400,TA401C5400,294.0,0.0,0.0,0.0,1,259.0,268.5,5,290.0,292.5,294.0,292.5,3.0,879.0,53
2023-05-10 14:37:00,TA401C5400,TA401C5400,294.0,0.0,0.0,0.0,5,261.5,268.5,5,290.0,292.5,294.0,292.5,3.0,879.0,53
2023-05-10 14:37:01,TA401C5400,TA401C5400,294.0,0.0,0.0,0.0,5,261.5,267.0,5,290.0,292.5,294.0,292.5,3.0,879.0,53
2023-05-10 14:38:30,TA401C5400,TA401C5400,294.0,0.0,0.0,0.0,5,261.5,265.5,5,290.0,292.5,294.0,292.5,3.0,879.0,53
2023-05-10 14:38:32,TA401C5400,TA401C5400,294.0,0.0,0.0,0.0,1,225.0,265.5,5,290.0,292.5,294.0,292.5,3.0,879.0,53
2023-05-10 14:38:34,TA401C5400,TA401C5400,294.0,0.0,0.0,0.0,5,259.5,265.5,5,290.0,292.5,294.0,292.5,3.0,879.0,53
2023-05-10 14:38:43,TA401C5400,TA401C5400,294.0,0.0,0.0,0.0,5,259.5,263.5,5,290.0,292.5,294.0,292.5,3.0,879.0,53
2023-05-10 14:39:20,TA401C5400,TA401C5400,294.0,0.0,0.0,0.0,5,259.5,265.5,5,290.0,292.5,294.0,292.5,3.0,879.0,53
2023-05-10 14:39:28,TA401C5400,TA401C5400,294.0,0.0,0.0,0.0,5,259.5,264.0,5,290.0,292.5,294.0,292.5,3.0,879.0,53
2023-05-10 14:39:59,TA401C5400,TA401C5400,294.0,0.0,0.0,0.0,1,225.0,264.0,5,290.0,292.5,294.0,292.5,3.0,879.0,53
2023-05-10 14:40:00,TA401C5400,TA401C5400,294.0,0.0,0.0,0.0,5,257.5,264.0,5,290.0,292.5,294.0,292.5,3.0,879.0,53
2023-05-10 14:40:07,TA401C5400,TA401C5400,294.0,0.0,0.0,0.0,5,257.5,262.5,5,290.0,292.5,294.0,292.5,3.0,879.0,53
2023-05-10 14:40:31,TA401C5400,TA401C5400,294.0,0.0,0.0,0.0,5,259.0,262.5,5,290.0,292.5,294.0,292.5,3.0,879.0,53
2023-05-10 14:40:37,TA401C5400,TA401C5400,294.0,0.0,0.0,0.0,5,259.0,264.0,5,290.0,292.5,294.0,292.5,3.0,879.0,53
2023-05-10 14:40:39,TA401C5400,TA401C5400,294.0,0.0,0.0,0.0,5,259.0,309.0,1,290.0,292.5,294.0,292.5,3.0,879.0,53
2023-05-10 14:40:45,TA401C5400,TA401C5400,294.0,0.0,0.0,0.0,5,261.0,309.0,1,290.0,292.5,294.0,292.5,3.0,879.0,53
2023-05-10 14:40:46,TA401C5400,TA401C5400,294.0,0.0,0.0,0.0,5,261.0,266.5,5,290.0,292.5,294.0,292.5,3.0,879.0,53
2023-05-10 14:40:58,TA401C5400,TA401C5400,294.0,0.0,0.0,0.0,5,262.5,266.5,5,290.0,292.5,294.0,292.5,3.0,879.0,53
2023-05-10 14:41:17,TA401C5400,TA401C5400,294.0,0.0,0.0,0.0,5,262.5,268.5,5,290.0,292.5,294.0,292.5,3.0,879.0,53
2023-05-10 14:42:00,TA401C5400,TA401C5400,294.0,0.0,0.0,0.0,5,264.0,268.5,5,290.0,292.5,294.0,292.5,3.0,879.0,53
2023-05-10 14:42:05,TA401C5400,TA401C5400,294.0,0.0,0.0,0.0,5,264.0,309.0,1,290.0,292.5,294.0,292.5,3.0,879.0,53
2023-05-10 14:42:07,TA401C5400,TA401C5400,294.0,0.0,0.0,0.0,5,264.0,270.5,5,290.0,292.5,294.0,292.5,3.0,879.0,53
2023-05-10 14:42:42,TA401C5400,TA401C5400,294.0,0.0,0.0,0.0,5,266.0,270.5,5,290.0,292.5,294.0,292.5,3.0,879.0,53
2023-05-10 14:43:51,TA401C5400,TA401C5400,294.0,0.0,0.0,0.0,5,266.0,309.0,1,290.0,292.5,294.0,292.5,3.0,879.0,53
2023-05-10 14:43:51,TA401C5400,TA401C5400,294.0,0.0,0.0,0.0,5,266.0,272.5,5,290.0,292.5,294.0,292.5,3.0,879.0,53
2023-05-10 14:44:02,TA401C5400,TA401C5400,294.0,0.0,0.0,0.0,5,267.5,272.5,5,290.0,292.5,294.0,292.5,3.0,879.0,53
2023-05-10 14:45:17,TA401C5400,TA401C5400,294.0,0.0,0.0,0.0,5,269.0,272.5,5,290.0,292.5,294.0,292.5,3.0,879.0,53
2023-05-10 14:45:20,TA401C5400,TA401C5400,294.0,0.0,0.0,0.0,5,269.0,274.5,5,290.0,292.5,294.0,292.5,3.0,879.0,53
2023-05-10 14:46:04,TA401C5400,TA401C5400,294.0,0.0,0.0,0.0,5,270.5,274.5,5,290.0,292.5,294.0,292.5,3.0,879.0,53
2023-05-10 14:46:52,TA401C5400,TA401C5400,294.0,0.0,0.0,0.0,5,270.5,309.0,1,290.0,292.5,294.0,292.5,3.0,879.0,53
2023-05-10 14:46:54,TA401C5400,TA401C5400,294.0,0.0,0.0,0.0,5,270.5,276.5,5,290.0,292.5,294.0,292.5,3.0,879.0,53
2023-05-10 14:47:15,TA401C5400,TA401C5400,294.0,0.0,0.0,0.0,5,270.5,275.0,5,290.0,292.5,294.0,292.5,3.0,879.0,53
2023-05-10 14:47:28,TA401C5400,TA401C5400,294.0,0.0,0.0,0.0,5,269.0,275.0,5,290.0,292.5,294.0,292.5,3.0,879.0,53
2023-05-10 14:47:34,TA401C5400,TA401C5400,294.0,0.0,0.0,0.0,5,269.0,273.5,5,290.0,292.5,294.0,292.5,3.0,879.0,53
2023-05-10 14:49:01,TA401C5400,TA401C5400,294.0,0.0,0.0,0.0,5,269.0,275.0,5,290.0,292.5,294.0,292.5,3.0,879.0,53
2023-05-10 14:49:07,TA401C5400,TA401C5400,294.0,0.0,0.0,0.0,5,270.5,275.0,5,290.0,292.5,294.0,292.5,3.0,879.0,53
2023-05-10 14:49:25,TA401C5400,TA401C5400,294.0,0.0,0.0,0.0,5,270.5,277.0,5,290.0,292.5,294.0,292.5,3.0,879.0,53
2023-05-10 14:49:54,TA401C5400,TA401C5400,294.0,0.0,0.0,0.0,5,270.5,275.5,5,290.0,292.5,294.0,292.5,3.0,879.0,53
2023-05-10 14:55:47,TA401C5400,TA401C5400,294.0,0.0,0.0,0.0,5,269.0,274.0,5,290.0,292.5,294.0,292.5,3.0,879.0,53
2023-05-10 14:58:00,TA401C5400,TA401C5400,294.0,0.0,0.0,0.0,5,267.0,274.0,5,290.0,292.5,294.0,292.5,3.0,879.0,53
2023-05-10 14:58:27,TA401C5400,TA401C5400,294.0,0.0,0.0,0.0,5,268.5,274.0,5,290.0,292.5,294.0,292.5,3.0,879.0,53
2023-05-10 14:58:55,TA401C5400,TA401C5400,294.0,0.0,0.0,0.0,1,225.0,309.0,1,290.0,292.5,294.0,292.5,3.0,879.0,53
2023-05-10 14:58:55,TA401C5400,TA401C5400,294.0,0.0,0.0,0.0,2,225.5,309.0,1,290.0,292.5,294.0,292.5,3.0,879.0,53
2023-05-10 14:58:56,TA401C5400,TA401C5400,294.0,0.0,0.0,0.0,1,255.0,309.0,1,290.0,292.5,294.0,292.5,3.0,879.0,53
2023-05-10 14:59:15,TA401C5400,TA401C5400,294.0,0.0,0.0,0.0,1,207.0,309.0,1,290.0,292.5,294.0,292.5,3.0,879.0,53
