time,symbol_id,symbol_name,last,trade_volume,trade_amount,open_interest_change,bv1,bp1,ap1,av1,yesterday_close,today_open,today_high,today_low,volume,amount,open_interest
2023-05-09 19:10:58,TA401P5600,TA401P5600,542.0,0.0,0.0,0.0,0,0.0,0.0,0,542.0,0.0,0.0,0.0,0.0,0.0,65
2023-05-09 21:00:00,TA401P5600,TA401P5600,542.0,0.0,0.0,0.0,1,447.5,0.0,0,542.0,0.0,0.0,0.0,0.0,0.0,65
2023-05-09 21:00:01,TA401P5600,TA401P5600,542.0,0.0,0.0,0.0,1,447.5,657.5,1,542.0,0.0,0.0,0.0,0.0,0.0,65
2023-05-09 21:01:11,TA401P5600,TA401P5600,542.0,0.0,0.0,0.0,5,547.5,657.5,1,542.0,0.0,0.0,0.0,0.0,0.0,65
2023-05-09 21:01:13,TA401P5600,TA401P5600,542.0,0.0,0.0,0.0,5,547.5,556.5,5,542.0,0.0,0.0,0.0,0.0,0.0,65
2023-05-09 21:01:34,TA401P5600,TA401P5600,542.0,0.0,0.0,0.0,5,547.5,554.0,5,542.0,0.0,0.0,0.0,0.0,0.0,65
2023-05-09 21:01:36,TA401P5600,TA401P5600,542.0,0.0,0.0,0.0,1,447.5,554.0,5,542.0,0.0,0.0,0.0,0.0,0.0,65
2023-05-09 21:01:37,TA401P5600,TA401P5600,542.0,0.0,0.0,0.0,5,544.5,554.0,5,542.0,0.0,0.0,0.0,0.0,0.0,65
2023-05-09 21:01:45,TA401P5600,TA401P5600,542.0,0.0,0.0,0.0,5,544.5,556.5,5,542.0,0.0,0.0,0.0,0.0,0.0,65
2023-05-09 21:01:46,TA401P5600,TA401P5600,542.0,0.0,0.0,0.0,5,547.5,556.5,5,542.0,0.0,0.0,0.0,0.0,0.0,65
2023-05-09 21:01:52,TA401P5600,TA401P5600,542.0,0.0,0.0,0.0,5,547.5,657.5,1,542.0,0.0,0.0,0.0,0.0,0.0,65
2023-05-09 21:01:55,TA401P5600,TA401P5600,542.0,0.0,0.0,0.0,5,547.5,558.5,5,542.0,0.0,0.0,0.0,0.0,0.0,65
2023-05-09 21:02:08,TA401P5600,TA401P5600,542.0,0.0,0.0,0.0,5,547.5,556.0,5,542.0,0.0,0.0,0.0,0.0,0.0,65
2023-05-09 21:03:24,TA401P5600,TA401P5600,542.0,0.0,0.0,0.0,5,550.0,556.0,5,542.0,0.0,0.0,0.0,0.0,0.0,65
2023-05-09 21:03:53,TA401P5600,TA401P5600,542.0,0.0,0.0,0.0,5,550.0,558.5,5,542.0,0.0,0.0,0.0,0.0,0.0,65
2023-05-09 21:06:02,TA401P5600,TA401P5600,542.0,0.0,0.0,0.0,5,550.0,556.5,5,542.0,0.0,0.0,0.0,0.0,0.0,65
2023-05-09 21:06:04,TA401P5600,TA401P5600,542.0,0.0,0.0,0.0,5,547.5,556.5,5,542.0,0.0,0.0,0.0,0.0,0.0,65
2023-05-09 21:06:10,TA401P5600,TA401P5600,542.0,0.0,0.0,0.0,5,547.5,554.5,5,542.0,0.0,0.0,0.0,0.0,0.0,65
2023-05-09 21:06:16,TA401P5600,TA401P5600,542.0,0.0,0.0,0.0,5,547.5,556.5,5,542.0,0.0,0.0,0.0,0.0,0.0,65
2023-05-09 21:06:27,TA401P5600,TA401P5600,542.0,0.0,0.0,0.0,5,549.5,556.5,5,542.0,0.0,0.0,0.0,0.0,0.0,65
2023-05-09 21:06:30,TA401P5600,TA401P5600,542.0,0.0,0.0,0.0,5,549.5,657.5,1,542.0,0.0,0.0,0.0,0.0,0.0,65
2023-05-09 21:06:31,TA401P5600,TA401P5600,542.0,0.0,0.0,0.0,5,549.5,559.0,5,542.0,0.0,0.0,0.0,0.0,0.0,65
2023-05-09 21:07:14,TA401P5600,TA401P5600,542.0,0.0,0.0,0.0,5,551.5,559.0,5,542.0,0.0,0.0,0.0,0.0,0.0,65
2023-05-09 21:07:18,TA401P5600,TA401P5600,542.0,0.0,0.0,0.0,5,551.5,657.5,1,542.0,0.0,0.0,0.0,0.0,0.0,65
2023-05-09 21:07:18,TA401P5600,TA401P5600,542.0,0.0,0.0,0.0,5,551.5,561.5,5,542.0,0.0,0.0,0.0,0.0,0.0,65
2023-05-09 21:07:42,TA401P5600,TA401P5600,542.0,0.0,0.0,0.0,5,553.5,561.5,5,542.0,0.0,0.0,0.0,0.0,0.0,65
2023-05-09 21:07:58,TA401P5600,TA401P5600,542.0,0.0,0.0,0.0,5,553.5,559.0,5,542.0,0.0,0.0,0.0,0.0,0.0,65
2023-05-09 21:08:03,TA401P5600,TA401P5600,542.0,0.0,0.0,0.0,5,551.5,559.0,5,542.0,0.0,0.0,0.0,0.0,0.0,65
2023-05-09 21:08:16,TA401P5600,TA401P5600,542.0,0.0,0.0,0.0,5,551.5,561.5,5,542.0,0.0,0.0,0.0,0.0,0.0,65
2023-05-09 21:08:42,TA401P5600,TA401P5600,542.0,0.0,0.0,0.0,5,551.5,559.5,5,542.0,0.0,0.0,0.0,0.0,0.0,65
2023-05-09 21:09:12,TA401P5600,TA401P5600,542.0,0.0,0.0,0.0,5,554.0,561.5,5,542.0,0.0,0.0,0.0,0.0,0.0,65
2023-05-09 21:10:46,TA401P5600,TA401P5600,542.0,0.0,0.0,0.0,5,554.0,657.5,1,542.0,0.0,0.0,0.0,0.0,0.0,65
2023-05-09 21:10:46,TA401P5600,TA401P5600,542.0,0.0,0.0,0.0,5,554.0,564.0,5,542.0,0.0,0.0,0.0,0.0,0.0,65
2023-05-09 21:10:57,TA401P5600,TA401P5600,542.0,0.0,0.0,0.0,5,554.0,562.0,5,542.0,0.0,0.0,0.0,0.0,0.0,65
2023-05-09 21:11:33,TA401P5600,TA401P5600,542.0,0.0,0.0,0.0,5,556.0,562.0,5,542.0,0.0,0.0,0.0,0.0,0.0,65
2023-05-09 21:12:54,TA401P5600,TA401P5600,542.0,0.0,0.0,0.0,5,554.0,562.0,5,542.0,0.0,0.0,0.0,0.0,0.0,65
2023-05-09 21:13:04,TA401P5600,TA401P5600,542.0,0.0,0.0,0.0,5,556.0,562.0,5,542.0,0.0,0.0,0.0,0.0,0.0,65
2023-05-09 21:13:05,TA401P5600,TA401P5600,542.0,0.0,0.0,0.0,5,556.0,564.0,5,542.0,0.0,0.0,0.0,0.0,0.0,65
2023-05-09 21:13:14,TA401P5600,TA401P5600,542.0,0.0,0.0,0.0,5,556.0,562.0,5,542.0,0.0,0.0,0.0,0.0,0.0,65
2023-05-09 21:13:26,TA401P5600,TA401P5600,542.0,0.0,0.0,0.0,5,554.0,562.0,5,542.0,0.0,0.0,0.0,0.0,0.0,65
2023-05-09 21:13:30,TA401P5600,TA401P5600,542.0,0.0,0.0,0.0,5,554.0,560.0,5,542.0,0.0,0.0,0.0,0.0,0.0,65
2023-05-09 21:13:38,TA401P5600,TA401P5600,542.0,0.0,0.0,0.0,1,447.5,560.0,5,542.0,0.0,0.0,0.0,0.0,0.0,65
2023-05-09 21:13:40,TA401P5600,TA401P5600,542.0,0.0,0.0,0.0,5,552.0,560.0,5,542.0,0.0,0.0,0.0,0.0,0.0,65
2023-05-09 21:14:23,TA401P5600,TA401P5600,542.0,0.0,0.0,0.0,5,552.0,558.0,5,542.0,0.0,0.0,0.0,0.0,0.0,65
2023-05-09 21:14:54,TA401P5600,TA401P5600,542.0,0.0,0.0,0.0,5,552.0,560.0,5,542.0,0.0,0.0,0.0,0.0,0.0,65
2023-05-09 21:14:59,TA401P5600,TA401P5600,542.0,0.0,0.0,0.0,5,552.0,558.0,5,542.0,0.0,0.0,0.0,0.0,0.0,65
2023-05-09 21:15:04,TA401P5600,TA401P5600,542.0,0.0,0.0,0.0,1,447.5,558.0,5,542.0,0.0,0.0,0.0,0.0,0.0,65
2023-05-09 21:15:07,TA401P5600,TA401P5600,542.0,0.0,0.0,0.0,5,549.0,558.0,5,542.0,0.0,0.0,0.0,0.0,0.0,65
2023-05-09 21:15:12,TA401P5600,TA401P5600,542.0,0.0,0.0,0.0,5,553.0,558.0,5,542.0,0.0,0.0,0.0,0.0,0.0,65
2023-05-09 21:15:15,TA401P5600,TA401P5600,542.0,0.0,0.0,0.0,5,553.0,560.0,5,542.0,0.0,0.0,0.0,0.0,0.0,65
2023-05-09 21:15:27,TA401P5600,TA401P5600,542.0,0.0,0.0,0.0,5,553.0,558.0,5,542.0,0.0,0.0,0.0,0.0,0.0,65
2023-05-09 21:15:27,TA401P5600,TA401P5600,542.0,0.0,0.0,0.0,5,549.0,558.0,5,542.0,0.0,0.0,0.0,0.0,0.0,65
2023-05-09 21:15:36,TA401P5600,TA401P5600,542.0,0.0,0.0,0.0,5,551.0,558.0,5,542.0,0.0,0.0,0.0,0.0,0.0,65
2023-05-09 21:16:20,TA401P5600,TA401P5600,542.0,0.0,0.0,0.0,5,551.0,556.0,5,542.0,0.0,0.0,0.0,0.0,0.0,65
2023-05-09 21:16:21,TA401P5600,TA401P5600,542.0,0.0,0.0,0.0,5,549.0,556.0,5,542.0,0.0,0.0,0.0,0.0,0.0,65
2023-05-09 21:17:02,TA401P5600,TA401P5600,542.0,0.0,0.0,0.0,5,551.0,558.0,5,542.0,0.0,0.0,0.0,0.0,0.0,65
2023-05-09 21:18:08,TA401P5600,TA401P5600,542.0,0.0,0.0,0.0,5,551.0,657.5,1,542.0,0.0,0.0,0.0,0.0,0.0,65
2023-05-09 21:18:08,TA401P5600,TA401P5600,542.0,0.0,0.0,0.0,5,551.0,560.0,5,542.0,0.0,0.0,0.0,0.0,0.0,65
2023-05-09 21:18:38,TA401P5600,TA401P5600,542.0,0.0,0.0,0.0,5,553.0,560.0,5,542.0,0.0,0.0,0.0,0.0,0.0,65
2023-05-09 21:19:01,TA401P5600,TA401P5600,542.0,0.0,0.0,0.0,5,553.0,657.5,1,542.0,0.0,0.0,0.0,0.0,0.0,65
2023-05-09 21:19:03,TA401P5600,TA401P5600,542.0,0.0,0.0,0.0,5,553.0,562.0,5,542.0,0.0,0.0,0.0,0.0,0.0,65
2023-05-09 21:20:36,TA401P5600,TA401P5600,542.0,0.0,0.0,0.0,5,555.5,562.0,5,542.0,0.0,0.0,0.0,0.0,0.0,65
2023-05-09 21:20:41,TA401P5600,TA401P5600,542.0,0.0,0.0,0.0,5,555.5,657.5,1,542.0,0.0,0.0,0.0,0.0,0.0,65
2023-05-09 21:20:45,TA401P5600,TA401P5600,542.0,0.0,0.0,0.0,5,555.5,564.5,5,542.0,0.0,0.0,0.0,0.0,0.0,65
2023-05-09 21:20:46,TA401P5600,TA401P5600,542.0,0.0,0.0,0.0,5,558.0,564.5,5,542.0,0.0,0.0,0.0,0.0,0.0,65
2023-05-09 21:21:04,TA401P5600,TA401P5600,542.0,0.0,0.0,0.0,5,558.0,567.0,5,542.0,0.0,0.0,0.0,0.0,0.0,65
2023-05-09 21:21:09,TA401P5600,TA401P5600,542.0,0.0,0.0,0.0,5,560.0,567.0,5,542.0,0.0,0.0,0.0,0.0,0.0,65
2023-05-09 21:21:25,TA401P5600,TA401P5600,542.0,0.0,0.0,0.0,5,562.0,657.5,1,542.0,0.0,0.0,0.0,0.0,0.0,65
2023-05-09 21:21:27,TA401P5600,TA401P5600,542.0,0.0,0.0,0.0,5,562.0,569.0,5,542.0,0.0,0.0,0.0,0.0,0.0,65
2023-05-09 21:21:48,TA401P5600,TA401P5600,542.0,0.0,0.0,0.0,5,564.0,657.5,1,542.0,0.0,0.0,0.0,0.0,0.0,65
2023-05-09 21:21:54,TA401P5600,TA401P5600,542.0,0.0,0.0,0.0,5,564.0,572.5,5,542.0,0.0,0.0,0.0,0.0,0.0,65
2023-05-09 21:21:58,TA401P5600,TA401P5600,542.0,0.0,0.0,0.0,5,566.0,572.5,5,542.0,0.0,0.0,0.0,0.0,0.0,65
2023-05-09 21:22:01,TA401P5600,TA401P5600,542.0,0.0,0.0,0.0,5,566.0,657.5,1,542.0,0.0,0.0,0.0,0.0,0.0,65
2023-05-09 21:22:02,TA401P5600,TA401P5600,542.0,0.0,0.0,0.0,5,566.0,573.5,5,542.0,0.0,0.0,0.0,0.0,0.0,65
2023-05-09 21:22:07,TA401P5600,TA401P5600,542.0,0.0,0.0,0.0,5,568.0,573.5,5,542.0,0.0,0.0,0.0,0.0,0.0,65
2023-05-09 21:22:28,TA401P5600,TA401P5600,542.0,0.0,0.0,0.0,5,568.0,576.0,5,542.0,0.0,0.0,0.0,0.0,0.0,65
2023-05-09 21:22:48,TA401P5600,TA401P5600,542.0,0.0,0.0,0.0,5,568.0,574.0,5,542.0,0.0,0.0,0.0,0.0,0.0,65
2023-05-09 21:23:00,TA401P5600,TA401P5600,542.0,0.0,0.0,0.0,5,568.0,576.0,5,542.0,0.0,0.0,0.0,0.0,0.0,65
2023-05-09 21:23:51,TA401P5600,TA401P5600,542.0,0.0,0.0,0.0,5,568.0,574.0,5,542.0,0.0,0.0,0.0,0.0,0.0,65
2023-05-09 21:26:03,TA401P5600,TA401P5600,542.0,0.0,0.0,0.0,5,568.0,576.0,5,542.0,0.0,0.0,0.0,0.0,0.0,65
2023-05-09 21:26:55,TA401P5600,TA401P5600,542.0,0.0,0.0,0.0,5,570.5,576.0,5,542.0,0.0,0.0,0.0,0.0,0.0,65
2023-05-09 21:28:42,TA401P5600,TA401P5600,542.0,0.0,0.0,0.0,5,568.0,576.0,5,542.0,0.0,0.0,0.0,0.0,0.0,65
2023-05-09 21:29:49,TA401P5600,TA401P5600,542.0,0.0,0.0,0.0,5,570.0,576.0,5,542.0,0.0,0.0,0.0,0.0,0.0,65
2023-05-09 21:29:50,TA401P5600,TA401P5600,542.0,0.0,0.0,0.0,5,570.0,657.5,1,542.0,0.0,0.0,0.0,0.0,0.0,65
2023-05-09 21:29:51,TA401P5600,TA401P5600,542.0,0.0,0.0,0.0,5,570.0,578.5,5,542.0,0.0,0.0,0.0,0.0,0.0,65
2023-05-09 21:30:29,TA401P5600,TA401P5600,542.0,0.0,0.0,0.0,5,572.5,578.5,5,542.0,0.0,0.0,0.0,0.0,0.0,65
2023-05-09 21:30:49,TA401P5600,TA401P5600,542.0,0.0,0.0,0.0,5,572.5,657.5,1,542.0,0.0,0.0,0.0,0.0,0.0,65
2023-05-09 21:30:50,TA401P5600,TA401P5600,542.0,0.0,0.0,0.0,5,572.5,580.5,5,542.0,0.0,0.0,0.0,0.0,0.0,65
2023-05-09 21:30:56,TA401P5600,TA401P5600,542.0,0.0,0.0,0.0,5,575.0,580.5,5,542.0,0.0,0.0,0.0,0.0,0.0,65
2023-05-09 21:31:01,TA401P5600,TA401P5600,542.0,0.0,0.0,0.0,5,575.0,657.5,1,542.0,0.0,0.0,0.0,0.0,0.0,65
2023-05-09 21:31:02,TA401P5600,TA401P5600,542.0,0.0,0.0,0.0,5,575.0,583.0,5,542.0,0.0,0.0,0.0,0.0,0.0,65
2023-05-09 21:31:09,TA401P5600,TA401P5600,542.0,0.0,0.0,0.0,5,575.0,581.0,5,542.0,0.0,0.0,0.0,0.0,0.0,65
2023-05-09 21:32:03,TA401P5600,TA401P5600,542.0,0.0,0.0,0.0,5,575.0,583.0,5,542.0,0.0,0.0,0.0,0.0,0.0,65
2023-05-09 21:32:13,TA401P5600,TA401P5600,542.0,0.0,0.0,0.0,5,577.5,657.5,1,542.0,0.0,0.0,0.0,0.0,0.0,65
2023-05-09 21:32:15,TA401P5600,TA401P5600,542.0,0.0,0.0,0.0,5,577.5,585.0,5,542.0,0.0,0.0,0.0,0.0,0.0,65
2023-05-09 21:33:34,TA401P5600,TA401P5600,542.0,0.0,0.0,0.0,5,580.0,657.5,1,542.0,0.0,0.0,0.0,0.0,0.0,65
2023-05-09 21:33:38,TA401P5600,TA401P5600,542.0,0.0,0.0,0.0,5,580.0,588.5,5,542.0,0.0,0.0,0.0,0.0,0.0,65
2023-05-09 21:33:48,TA401P5600,TA401P5600,542.0,0.0,0.0,0.0,5,580.0,586.5,5,542.0,0.0,0.0,0.0,0.0,0.0,65
2023-05-09 21:34:19,TA401P5600,TA401P5600,542.0,0.0,0.0,0.0,5,577.5,586.5,5,542.0,0.0,0.0,0.0,0.0,0.0,65
2023-05-09 21:34:21,TA401P5600,TA401P5600,542.0,0.0,0.0,0.0,5,577.5,584.5,5,542.0,0.0,0.0,0.0,0.0,0.0,65
2023-05-09 21:34:50,TA401P5600,TA401P5600,542.0,0.0,0.0,0.0,1,447.5,584.5,5,542.0,0.0,0.0,0.0,0.0,0.0,65
2023-05-09 21:34:50,TA401P5600,TA401P5600,542.0,0.0,0.0,0.0,1,495.0,584.5,5,542.0,0.0,0.0,0.0,0.0,0.0,65
2023-05-09 21:34:51,TA401P5600,TA401P5600,542.0,0.0,0.0,0.0,5,574.5,582.5,5,542.0,0.0,0.0,0.0,0.0,0.0,65
2023-05-09 21:38:45,TA401P5600,TA401P5600,542.0,0.0,0.0,0.0,5,576.5,582.5,5,542.0,0.0,0.0,0.0,0.0,0.0,65
2023-05-09 21:41:18,TA401P5600,TA401P5600,542.0,0.0,0.0,0.0,5,576.5,584.5,5,542.0,0.0,0.0,0.0,0.0,0.0,65
2023-05-09 21:42:42,TA401P5600,TA401P5600,542.0,0.0,0.0,0.0,5,576.5,582.5,5,542.0,0.0,0.0,0.0,0.0,0.0,65
2023-05-09 21:42:47,TA401P5600,TA401P5600,542.0,0.0,0.0,0.0,5,574.5,582.5,5,542.0,0.0,0.0,0.0,0.0,0.0,65
2023-05-09 21:42:53,TA401P5600,TA401P5600,542.0,0.0,0.0,0.0,5,574.5,580.5,5,542.0,0.0,0.0,0.0,0.0,0.0,65
2023-05-09 21:42:59,TA401P5600,TA401P5600,542.0,0.0,0.0,0.0,1,495.0,580.5,5,542.0,0.0,0.0,0.0,0.0,0.0,65
2023-05-09 21:43:00,TA401P5600,TA401P5600,542.0,0.0,0.0,0.0,5,571.5,580.5,5,542.0,0.0,0.0,0.0,0.0,0.0,65
2023-05-09 21:43:22,TA401P5600,TA401P5600,542.0,0.0,0.0,0.0,5,573.5,580.5,5,542.0,0.0,0.0,0.0,0.0,0.0,65
2023-05-09 21:43:28,TA401P5600,TA401P5600,542.0,0.0,0.0,0.0,5,573.5,582.5,5,542.0,0.0,0.0,0.0,0.0,0.0,65
2023-05-09 21:44:30,TA401P5600,TA401P5600,542.0,0.0,0.0,0.0,5,575.5,582.5,5,542.0,0.0,0.0,0.0,0.0,0.0,65
2023-05-09 21:45:39,TA401P5600,TA401P5600,542.0,0.0,0.0,0.0,5,573.5,582.5,5,542.0,0.0,0.0,0.0,0.0,0.0,65
2023-05-09 21:45:40,TA401P5600,TA401P5600,542.0,0.0,0.0,0.0,5,573.5,580.5,5,542.0,0.0,0.0,0.0,0.0,0.0,65
2023-05-09 21:47:43,TA401P5600,TA401P5600,542.0,0.0,0.0,0.0,1,495.0,580.5,5,542.0,0.0,0.0,0.0,0.0,0.0,65
2023-05-09 21:47:44,TA401P5600,TA401P5600,542.0,0.0,0.0,0.0,1,495.0,578.5,5,542.0,0.0,0.0,0.0,0.0,0.0,65
2023-05-09 21:47:45,TA401P5600,TA401P5600,542.0,0.0,0.0,0.0,5,570.5,578.5,5,542.0,0.0,0.0,0.0,0.0,0.0,65
2023-05-09 21:48:12,TA401P5600,TA401P5600,542.0,0.0,0.0,0.0,5,570.5,576.5,5,542.0,0.0,0.0,0.0,0.0,0.0,65
2023-05-09 21:48:19,TA401P5600,TA401P5600,542.0,0.0,0.0,0.0,1,495.0,576.5,5,542.0,0.0,0.0,0.0,0.0,0.0,65
2023-05-09 21:48:23,TA401P5600,TA401P5600,542.0,0.0,0.0,0.0,5,567.0,576.5,5,542.0,0.0,0.0,0.0,0.0,0.0,65
2023-05-09 21:48:27,TA401P5600,TA401P5600,542.0,0.0,0.0,0.0,5,569.0,576.5,5,542.0,0.0,0.0,0.0,0.0,0.0,65
2023-05-09 21:48:39,TA401P5600,TA401P5600,542.0,0.0,0.0,0.0,5,569.0,574.5,5,542.0,0.0,0.0,0.0,0.0,0.0,65
2023-05-09 21:48:41,TA401P5600,TA401P5600,542.0,0.0,0.0,0.0,5,567.0,574.5,5,542.0,0.0,0.0,0.0,0.0,0.0,65
2023-05-09 21:48:45,TA401P5600,TA401P5600,542.0,0.0,0.0,0.0,1,495.0,572.5,5,542.0,0.0,0.0,0.0,0.0,0.0,65
2023-05-09 21:48:46,TA401P5600,TA401P5600,542.0,0.0,0.0,0.0,5,564.5,572.5,5,542.0,0.0,0.0,0.0,0.0,0.0,65
2023-05-09 21:49:43,TA401P5600,TA401P5600,542.0,0.0,0.0,0.0,5,566.5,572.5,5,542.0,0.0,0.0,0.0,0.0,0.0,65
2023-05-09 21:51:02,TA401P5600,TA401P5600,542.0,0.0,0.0,0.0,5,564.5,572.5,5,542.0,0.0,0.0,0.0,0.0,0.0,65
2023-05-09 21:55:05,TA401P5600,TA401P5600,542.0,0.0,0.0,0.0,5,564.5,570.5,5,542.0,0.0,0.0,0.0,0.0,0.0,65
2023-05-09 21:56:10,TA401P5600,TA401P5600,542.0,0.0,0.0,0.0,5,564.5,572.5,5,542.0,0.0,0.0,0.0,0.0,0.0,65
2023-05-09 21:58:27,TA401P5600,TA401P5600,542.0,0.0,0.0,0.0,5,564.5,570.5,5,542.0,0.0,0.0,0.0,0.0,0.0,65
2023-05-09 21:58:40,TA401P5600,TA401P5600,542.0,0.0,0.0,0.0,5,564.5,572.5,5,542.0,0.0,0.0,0.0,0.0,0.0,65
2023-05-09 21:59:17,TA401P5600,TA401P5600,542.0,0.0,0.0,0.0,5,564.5,570.5,5,542.0,0.0,0.0,0.0,0.0,0.0,65
2023-05-09 22:00:03,TA401P5600,TA401P5600,542.0,0.0,0.0,0.0,1,495.0,570.5,5,542.0,0.0,0.0,0.0,0.0,0.0,65
2023-05-09 22:00:04,TA401P5600,TA401P5600,542.0,0.0,0.0,0.0,1,495.0,568.5,5,542.0,0.0,0.0,0.0,0.0,0.0,65
2023-05-09 22:00:07,TA401P5600,TA401P5600,542.0,0.0,0.0,0.0,5,561.0,568.5,5,542.0,0.0,0.0,0.0,0.0,0.0,65
2023-05-09 22:00:25,TA401P5600,TA401P5600,542.0,0.0,0.0,0.0,5,561.0,566.5,5,542.0,0.0,0.0,0.0,0.0,0.0,65
2023-05-09 22:00:28,TA401P5600,TA401P5600,542.0,0.0,0.0,0.0,1,495.0,566.5,5,542.0,0.0,0.0,0.0,0.0,0.0,65
2023-05-09 22:00:30,TA401P5600,TA401P5600,542.0,0.0,0.0,0.0,5,557.0,566.5,5,542.0,0.0,0.0,0.0,0.0,0.0,65
2023-05-09 22:00:32,TA401P5600,TA401P5600,542.0,0.0,0.0,0.0,5,557.0,564.5,5,542.0,0.0,0.0,0.0,0.0,0.0,65
2023-05-09 22:00:53,TA401P5600,TA401P5600,542.0,0.0,0.0,0.0,5,559.0,564.5,5,542.0,0.0,0.0,0.0,0.0,0.0,65
2023-05-09 22:01:08,TA401P5600,TA401P5600,542.0,0.0,0.0,0.0,5,559.0,566.5,5,542.0,0.0,0.0,0.0,0.0,0.0,65
2023-05-09 22:01:39,TA401P5600,TA401P5600,542.0,0.0,0.0,0.0,5,557.0,566.5,5,542.0,0.0,0.0,0.0,0.0,0.0,65
2023-05-09 22:01:41,TA401P5600,TA401P5600,542.0,0.0,0.0,0.0,5,557.0,564.0,5,542.0,0.0,0.0,0.0,0.0,0.0,65
2023-05-09 22:02:20,TA401P5600,TA401P5600,542.0,0.0,0.0,0.0,5,557.0,566.5,5,542.0,0.0,0.0,0.0,0.0,0.0,65
2023-05-09 22:02:23,TA401P5600,TA401P5600,542.0,0.0,0.0,0.0,5,557.0,657.5,1,542.0,0.0,0.0,0.0,0.0,0.0,65
2023-05-09 22:02:25,TA401P5600,TA401P5600,542.0,0.0,0.0,0.0,5,562.0,657.5,1,542.0,0.0,0.0,0.0,0.0,0.0,65
2023-05-09 22:02:27,TA401P5600,TA401P5600,542.0,0.0,0.0,0.0,5,562.0,568.5,5,542.0,0.0,0.0,0.0,0.0,0.0,65
2023-05-09 22:02:49,TA401P5600,TA401P5600,542.0,0.0,0.0,0.0,5,557.0,566.5,5,542.0,0.0,0.0,0.0,0.0,0.0,65
2023-05-09 22:03:07,TA401P5600,TA401P5600,542.0,0.0,0.0,0.0,5,559.0,566.5,5,542.0,0.0,0.0,0.0,0.0,0.0,65
2023-05-09 22:03:30,TA401P5600,TA401P5600,542.0,0.0,0.0,0.0,5,561.0,568.5,5,542.0,0.0,0.0,0.0,0.0,0.0,65
2023-05-09 22:05:31,TA401P5600,TA401P5600,542.0,0.0,0.0,0.0,5,563.0,568.5,5,542.0,0.0,0.0,0.0,0.0,0.0,65
2023-05-09 22:05:57,TA401P5600,TA401P5600,542.0,0.0,0.0,0.0,5,563.0,657.5,1,542.0,0.0,0.0,0.0,0.0,0.0,65
2023-05-09 22:05:59,TA401P5600,TA401P5600,542.0,0.0,0.0,0.0,5,563.0,571.0,5,542.0,0.0,0.0,0.0,0.0,0.0,65
2023-05-09 22:06:13,TA401P5600,TA401P5600,542.0,0.0,0.0,0.0,5,565.0,571.0,5,542.0,0.0,0.0,0.0,0.0,0.0,65
2023-05-09 22:06:22,TA401P5600,TA401P5600,542.0,0.0,0.0,0.0,5,565.0,573.5,5,542.0,0.0,0.0,0.0,0.0,0.0,65
2023-05-09 22:07:40,TA401P5600,TA401P5600,542.0,0.0,0.0,0.0,5,565.0,571.5,5,542.0,0.0,0.0,0.0,0.0,0.0,65
2023-05-09 22:10:28,TA401P5600,TA401P5600,542.0,0.0,0.0,0.0,5,565.0,573.5,5,542.0,0.0,0.0,0.0,0.0,0.0,65
2023-05-09 22:10:30,TA401P5600,TA401P5600,542.0,0.0,0.0,0.0,5,567.0,573.5,5,542.0,0.0,0.0,0.0,0.0,0.0,65
2023-05-09 22:11:26,TA401P5600,TA401P5600,542.0,0.0,0.0,0.0,5,565.0,573.5,5,542.0,0.0,0.0,0.0,0.0,0.0,65
2023-05-09 22:11:36,TA401P5600,TA401P5600,542.0,0.0,0.0,0.0,5,565.0,571.5,5,542.0,0.0,0.0,0.0,0.0,0.0,65
2023-05-09 22:12:38,TA401P5600,TA401P5600,542.0,0.0,0.0,0.0,1,495.0,571.5,5,542.0,0.0,0.0,0.0,0.0,0.0,65
2023-05-09 22:12:42,TA401P5600,TA401P5600,542.0,0.0,0.0,0.0,5,562.0,571.5,5,542.0,0.0,0.0,0.0,0.0,0.0,65
2023-05-09 22:13:11,TA401P5600,TA401P5600,542.0,0.0,0.0,0.0,5,562.0,569.5,5,542.0,0.0,0.0,0.0,0.0,0.0,65
2023-05-09 22:15:17,TA401P5600,TA401P5600,542.0,0.0,0.0,0.0,5,564.0,571.5,5,542.0,0.0,0.0,0.0,0.0,0.0,65
2023-05-09 22:17:45,TA401P5600,TA401P5600,542.0,0.0,0.0,0.0,5,564.0,569.5,5,542.0,0.0,0.0,0.0,0.0,0.0,65
2023-05-09 22:17:49,TA401P5600,TA401P5600,542.0,0.0,0.0,0.0,5,562.0,569.5,5,542.0,0.0,0.0,0.0,0.0,0.0,65
2023-05-09 22:18:50,TA401P5600,TA401P5600,542.0,0.0,0.0,0.0,5,564.0,569.5,5,542.0,0.0,0.0,0.0,0.0,0.0,65
2023-05-09 22:20:06,TA401P5600,TA401P5600,542.0,0.0,0.0,0.0,5,564.0,571.5,5,542.0,0.0,0.0,0.0,0.0,0.0,65
2023-05-09 22:20:55,TA401P5600,TA401P5600,542.0,0.0,0.0,0.0,5,564.0,657.5,1,542.0,0.0,0.0,0.0,0.0,0.0,65
2023-05-09 22:20:55,TA401P5600,TA401P5600,542.0,0.0,0.0,0.0,5,564.0,574.0,5,542.0,0.0,0.0,0.0,0.0,0.0,65
2023-05-09 22:20:59,TA401P5600,TA401P5600,542.0,0.0,0.0,0.0,5,566.0,574.0,5,542.0,0.0,0.0,0.0,0.0,0.0,65
2023-05-09 22:22:13,TA401P5600,TA401P5600,542.0,0.0,0.0,0.0,5,568.0,574.0,5,542.0,0.0,0.0,0.0,0.0,0.0,65
2023-05-09 22:22:29,TA401P5600,TA401P5600,542.0,0.0,0.0,0.0,5,568.0,657.5,1,542.0,0.0,0.0,0.0,0.0,0.0,65
2023-05-09 22:22:32,TA401P5600,TA401P5600,542.0,0.0,0.0,0.0,5,568.0,576.5,5,542.0,0.0,0.0,0.0,0.0,0.0,65
2023-05-09 22:22:59,TA401P5600,TA401P5600,542.0,0.0,0.0,0.0,5,570.0,576.5,5,542.0,0.0,0.0,0.0,0.0,0.0,65
2023-05-09 22:30:12,TA401P5600,TA401P5600,542.0,0.0,0.0,0.0,5,570.0,657.5,1,542.0,0.0,0.0,0.0,0.0,0.0,65
2023-05-09 22:30:13,TA401P5600,TA401P5600,542.0,0.0,0.0,0.0,5,570.0,579.5,5,542.0,0.0,0.0,0.0,0.0,0.0,65
2023-05-09 22:30:18,TA401P5600,TA401P5600,542.0,0.0,0.0,0.0,5,572.0,579.5,5,542.0,0.0,0.0,0.0,0.0,0.0,65
2023-05-09 22:32:10,TA401P5600,TA401P5600,542.0,0.0,0.0,0.0,5,572.0,657.5,1,542.0,0.0,0.0,0.0,0.0,0.0,65
2023-05-09 22:32:11,TA401P5600,TA401P5600,542.0,0.0,0.0,0.0,5,575.0,657.5,1,542.0,0.0,0.0,0.0,0.0,0.0,65
2023-05-09 22:32:15,TA401P5600,TA401P5600,542.0,0.0,0.0,0.0,5,577.5,657.5,1,542.0,0.0,0.0,0.0,0.0,0.0,65
2023-05-09 22:32:16,TA401P5600,TA401P5600,542.0,0.0,0.0,0.0,5,577.5,585.0,5,542.0,0.0,0.0,0.0,0.0,0.0,65
2023-05-09 22:32:35,TA401P5600,TA401P5600,542.0,0.0,0.0,0.0,5,577.5,657.5,1,542.0,0.0,0.0,0.0,0.0,0.0,65
2023-05-09 22:32:37,TA401P5600,TA401P5600,542.0,0.0,0.0,0.0,5,577.5,587.5,5,542.0,0.0,0.0,0.0,0.0,0.0,65
2023-05-09 22:32:40,TA401P5600,TA401P5600,542.0,0.0,0.0,0.0,5,579.5,587.5,5,542.0,0.0,0.0,0.0,0.0,0.0,65
2023-05-09 22:32:44,TA401P5600,TA401P5600,542.0,0.0,0.0,0.0,5,579.5,585.5,5,542.0,0.0,0.0,0.0,0.0,0.0,65
2023-05-09 22:33:50,TA401P5600,TA401P5600,542.0,0.0,0.0,0.0,5,579.5,587.5,5,542.0,0.0,0.0,0.0,0.0,0.0,65
2023-05-09 22:44:12,TA401P5600,TA401P5600,542.0,0.0,0.0,0.0,5,579.5,585.5,5,542.0,0.0,0.0,0.0,0.0,0.0,65
2023-05-09 22:44:23,TA401P5600,TA401P5600,542.0,0.0,0.0,0.0,5,577.5,585.5,5,542.0,0.0,0.0,0.0,0.0,0.0,65
2023-05-09 22:44:57,TA401P5600,TA401P5600,542.0,0.0,0.0,0.0,5,577.5,583.5,5,542.0,0.0,0.0,0.0,0.0,0.0,65
2023-05-09 22:47:11,TA401P5600,TA401P5600,542.0,0.0,0.0,0.0,5,577.5,585.5,5,542.0,0.0,0.0,0.0,0.0,0.0,65
2023-05-09 22:48:50,TA401P5600,TA401P5600,542.0,0.0,0.0,0.0,5,579.5,585.5,5,542.0,0.0,0.0,0.0,0.0,0.0,65
2023-05-09 22:49:17,TA401P5600,TA401P5600,542.0,0.0,0.0,0.0,5,579.5,657.5,1,542.0,0.0,0.0,0.0,0.0,0.0,65
2023-05-09 22:49:19,TA401P5600,TA401P5600,542.0,0.0,0.0,0.0,5,579.5,588.5,5,542.0,0.0,0.0,0.0,0.0,0.0,65
2023-05-09 22:49:24,TA401P5600,TA401P5600,542.0,0.0,0.0,0.0,5,581.5,588.5,5,542.0,0.0,0.0,0.0,0.0,0.0,65
2023-05-09 22:49:41,TA401P5600,TA401P5600,542.0,0.0,0.0,0.0,5,581.5,657.5,1,542.0,0.0,0.0,0.0,0.0,0.0,65
2023-05-09 22:49:42,TA401P5600,TA401P5600,542.0,0.0,0.0,0.0,5,581.5,591.0,5,542.0,0.0,0.0,0.0,0.0,0.0,65
2023-05-09 22:50:08,TA401P5600,TA401P5600,542.0,0.0,0.0,0.0,5,584.0,591.0,5,542.0,0.0,0.0,0.0,0.0,0.0,65
2023-05-09 22:51:14,TA401P5600,TA401P5600,542.0,0.0,0.0,0.0,5,581.5,591.0,5,542.0,0.0,0.0,0.0,0.0,0.0,65
2023-05-09 22:51:14,TA401P5600,TA401P5600,542.0,0.0,0.0,0.0,5,581.5,589.0,5,542.0,0.0,0.0,0.0,0.0,0.0,65
2023-05-09 22:55:03,TA401P5600,TA401P5600,542.0,0.0,0.0,0.0,1,495.0,589.0,5,542.0,0.0,0.0,0.0,0.0,0.0,65
2023-05-09 22:55:05,TA401P5600,TA401P5600,542.0,0.0,0.0,0.0,5,578.0,589.0,5,542.0,0.0,0.0,0.0,0.0,0.0,65
2023-05-09 22:55:57,TA401P5600,TA401P5600,542.0,0.0,0.0,0.0,1,495.0,657.5,1,542.0,0.0,0.0,0.0,0.0,0.0,65
2023-05-09 22:56:31,TA401P5600,TA401P5600,542.0,0.0,0.0,0.0,1,305.5,0.0,0,542.0,0.0,0.0,0.0,0.0,0.0,65
2023-05-09 22:56:33,TA401P5600,TA401P5600,542.0,0.0,0.0,0.0,1,307.0,858.5,1,542.0,0.0,0.0,0.0,0.0,0.0,65
2023-05-09 22:59:50,TA401P5600,TA401P5600,542.0,0.0,0.0,0.0,0,0.0,0.0,0,542.0,0.0,0.0,0.0,0.0,0.0,65
2023-05-10 09:00:03,TA401P5600,TA401P5600,542.0,0.0,0.0,0.0,1,461.5,671.0,1,542.0,0.0,0.0,0.0,0.0,0.0,65
2023-05-10 09:01:23,TA401P5600,TA401P5600,542.0,0.0,0.0,0.0,5,561.0,671.0,1,542.0,0.0,0.0,0.0,0.0,0.0,65
2023-05-10 09:01:25,TA401P5600,TA401P5600,542.0,0.0,0.0,0.0,5,561.0,568.0,5,542.0,0.0,0.0,0.0,0.0,0.0,65
2023-05-10 09:02:01,TA401P5600,TA401P5600,542.0,0.0,0.0,0.0,5,561.0,566.0,5,542.0,0.0,0.0,0.0,0.0,0.0,65
2023-05-10 09:02:08,TA401P5600,TA401P5600,542.0,0.0,0.0,0.0,5,561.0,568.0,5,542.0,0.0,0.0,0.0,0.0,0.0,65
2023-05-10 09:02:16,TA401P5600,TA401P5600,542.0,0.0,0.0,0.0,1,461.5,568.0,5,542.0,0.0,0.0,0.0,0.0,0.0,65
2023-05-10 09:02:16,TA401P5600,TA401P5600,542.0,0.0,0.0,0.0,5,558.5,568.0,5,542.0,0.0,0.0,0.0,0.0,0.0,65
2023-05-10 09:02:17,TA401P5600,TA401P5600,542.0,0.0,0.0,0.0,5,558.5,566.0,5,542.0,0.0,0.0,0.0,0.0,0.0,65
2023-05-10 09:02:31,TA401P5600,TA401P5600,542.0,0.0,0.0,0.0,5,558.5,564.0,5,542.0,0.0,0.0,0.0,0.0,0.0,65
2023-05-10 09:02:47,TA401P5600,TA401P5600,542.0,0.0,0.0,0.0,1,461.5,564.0,5,542.0,0.0,0.0,0.0,0.0,0.0,65
2023-05-10 09:02:48,TA401P5600,TA401P5600,542.0,0.0,0.0,0.0,5,556.0,564.0,5,542.0,0.0,0.0,0.0,0.0,0.0,65
2023-05-10 09:02:54,TA401P5600,TA401P5600,542.0,0.0,0.0,0.0,5,556.0,562.5,5,542.0,0.0,0.0,0.0,0.0,0.0,65
2023-05-10 09:02:56,TA401P5600,TA401P5600,542.0,0.0,0.0,0.0,1,461.5,562.5,5,542.0,0.0,0.0,0.0,0.0,0.0,65
2023-05-10 09:02:58,TA401P5600,TA401P5600,542.0,0.0,0.0,0.0,1,461.5,559.0,5,542.0,0.0,0.0,0.0,0.0,0.0,65
2023-05-10 09:02:59,TA401P5600,TA401P5600,542.0,0.0,0.0,0.0,5,553.5,559.0,5,542.0,0.0,0.0,0.0,0.0,0.0,65
2023-05-10 09:03:01,TA401P5600,TA401P5600,542.0,0.0,0.0,0.0,1,461.5,559.0,5,542.0,0.0,0.0,0.0,0.0,0.0,65
2023-05-10 09:03:03,TA401P5600,TA401P5600,542.0,0.0,0.0,0.0,5,552.0,559.0,5,542.0,0.0,0.0,0.0,0.0,0.0,65
2023-05-10 09:03:15,TA401P5600,TA401P5600,542.0,0.0,0.0,0.0,5,552.0,557.5,5,542.0,0.0,0.0,0.0,0.0,0.0,65
2023-05-10 09:03:16,TA401P5600,TA401P5600,542.0,0.0,0.0,0.0,1,461.5,557.5,5,542.0,0.0,0.0,0.0,0.0,0.0,65
2023-05-10 09:03:16,TA401P5600,TA401P5600,542.0,0.0,0.0,0.0,1,461.5,555.5,5,542.0,0.0,0.0,0.0,0.0,0.0,65
2023-05-10 09:03:17,TA401P5600,TA401P5600,542.0,0.0,0.0,0.0,1,461.5,554.0,5,542.0,0.0,0.0,0.0,0.0,0.0,65
2023-05-10 09:03:19,TA401P5600,TA401P5600,542.0,0.0,0.0,0.0,1,461.5,555.5,5,542.0,0.0,0.0,0.0,0.0,0.0,65
2023-05-10 09:03:20,TA401P5600,TA401P5600,542.0,0.0,0.0,0.0,1,461.5,558.0,5,542.0,0.0,0.0,0.0,0.0,0.0,65
2023-05-10 09:03:24,TA401P5600,TA401P5600,542.0,0.0,0.0,0.0,5,550.0,558.0,5,542.0,0.0,0.0,0.0,0.0,0.0,65
2023-05-10 09:03:28,TA401P5600,TA401P5600,542.0,0.0,0.0,0.0,5,550.0,556.5,5,542.0,0.0,0.0,0.0,0.0,0.0,65
2023-05-10 09:03:31,TA401P5600,TA401P5600,542.0,0.0,0.0,0.0,5,551.5,558.0,5,542.0,0.0,0.0,0.0,0.0,0.0,65
2023-05-10 09:04:10,TA401P5600,TA401P5600,542.0,0.0,0.0,0.0,5,553.0,558.0,5,542.0,0.0,0.0,0.0,0.0,0.0,65
2023-05-10 09:04:11,TA401P5600,TA401P5600,542.0,0.0,0.0,0.0,5,553.0,671.0,1,542.0,0.0,0.0,0.0,0.0,0.0,65
2023-05-10 09:04:13,TA401P5600,TA401P5600,542.0,0.0,0.0,0.0,5,553.0,561.5,5,542.0,0.0,0.0,0.0,0.0,0.0,65
2023-05-10 09:04:17,TA401P5600,TA401P5600,542.0,0.0,0.0,0.0,5,555.5,561.5,5,542.0,0.0,0.0,0.0,0.0,0.0,65
2023-05-10 09:06:03,TA401P5600,TA401P5600,542.0,0.0,0.0,0.0,5,553.0,559.5,5,542.0,0.0,0.0,0.0,0.0,0.0,65
2023-05-10 09:06:37,TA401P5600,TA401P5600,542.0,0.0,0.0,0.0,5,554.5,559.5,5,542.0,0.0,0.0,0.0,0.0,0.0,65
2023-05-10 09:06:52,TA401P5600,TA401P5600,542.0,0.0,0.0,0.0,5,554.5,561.5,5,542.0,0.0,0.0,0.0,0.0,0.0,65
2023-05-10 09:07:03,TA401P5600,TA401P5600,542.0,0.0,0.0,0.0,5,554.5,559.5,5,542.0,0.0,0.0,0.0,0.0,0.0,65
2023-05-10 09:07:50,TA401P5600,TA401P5600,542.0,0.0,0.0,0.0,5,554.5,561.5,5,542.0,0.0,0.0,0.0,0.0,0.0,65
2023-05-10 09:07:53,TA401P5600,TA401P5600,542.0,0.0,0.0,0.0,5,554.5,671.0,1,542.0,0.0,0.0,0.0,0.0,0.0,65
2023-05-10 09:07:55,TA401P5600,TA401P5600,542.0,0.0,0.0,0.0,5,557.0,671.0,1,542.0,0.0,0.0,0.0,0.0,0.0,65
2023-05-10 09:07:57,TA401P5600,TA401P5600,542.0,0.0,0.0,0.0,5,557.0,562.5,5,542.0,0.0,0.0,0.0,0.0,0.0,65
2023-05-10 09:08:05,TA401P5600,TA401P5600,542.0,0.0,0.0,0.0,5,554.5,562.5,5,542.0,0.0,0.0,0.0,0.0,0.0,65
2023-05-10 09:08:07,TA401P5600,TA401P5600,542.0,0.0,0.0,0.0,5,554.5,561.0,5,542.0,0.0,0.0,0.0,0.0,0.0,65
2023-05-10 09:08:14,TA401P5600,TA401P5600,542.0,0.0,0.0,0.0,5,554.5,559.5,5,542.0,0.0,0.0,0.0,0.0,0.0,65
2023-05-10 09:08:23,TA401P5600,TA401P5600,542.0,0.0,0.0,0.0,5,554.5,561.0,5,542.0,0.0,0.0,0.0,0.0,0.0,65
2023-05-10 09:08:51,TA401P5600,TA401P5600,542.0,0.0,0.0,0.0,5,554.5,559.5,5,542.0,0.0,0.0,0.0,0.0,0.0,65
2023-05-10 09:08:53,TA401P5600,TA401P5600,542.0,0.0,0.0,0.0,1,461.5,559.5,5,542.0,0.0,0.0,0.0,0.0,0.0,65
2023-05-10 09:08:54,TA401P5600,TA401P5600,542.0,0.0,0.0,0.0,5,552.5,559.5,5,542.0,0.0,0.0,0.0,0.0,0.0,65
2023-05-10 09:09:02,TA401P5600,TA401P5600,542.0,0.0,0.0,0.0,5,554.0,559.5,5,542.0,0.0,0.0,0.0,0.0,0.0,65
2023-05-10 09:09:58,TA401P5600,TA401P5600,542.0,0.0,0.0,0.0,5,554.0,561.0,5,542.0,0.0,0.0,0.0,0.0,0.0,65
2023-05-10 09:10:35,TA401P5600,TA401P5600,542.0,0.0,0.0,0.0,5,555.5,561.0,5,542.0,0.0,0.0,0.0,0.0,0.0,65
2023-05-10 09:10:38,TA401P5600,TA401P5600,542.0,0.0,0.0,0.0,5,555.5,671.0,1,542.0,0.0,0.0,0.0,0.0,0.0,65
2023-05-10 09:10:39,TA401P5600,TA401P5600,542.0,0.0,0.0,0.0,5,555.5,563.0,5,542.0,0.0,0.0,0.0,0.0,0.0,65
2023-05-10 09:10:41,TA401P5600,TA401P5600,542.0,0.0,0.0,0.0,5,557.5,563.0,5,542.0,0.0,0.0,0.0,0.0,0.0,65
2023-05-10 09:10:59,TA401P5600,TA401P5600,542.0,0.0,0.0,0.0,5,557.5,565.5,5,542.0,0.0,0.0,0.0,0.0,0.0,65
2023-05-10 09:11:05,TA401P5600,TA401P5600,542.0,0.0,0.0,0.0,5,559.5,565.5,5,542.0,0.0,0.0,0.0,0.0,0.0,65
2023-05-10 09:11:27,TA401P5600,TA401P5600,542.0,0.0,0.0,0.0,5,561.5,671.0,1,542.0,0.0,0.0,0.0,0.0,0.0,65
2023-05-10 09:11:28,TA401P5600,TA401P5600,542.0,0.0,0.0,0.0,5,561.5,568.0,5,542.0,0.0,0.0,0.0,0.0,0.0,65
2023-05-10 09:11:40,TA401P5600,TA401P5600,542.0,0.0,0.0,0.0,5,561.5,566.5,5,542.0,0.0,0.0,0.0,0.0,0.0,65
2023-05-10 09:12:33,TA401P5600,TA401P5600,542.0,0.0,0.0,0.0,5,561.5,568.0,5,542.0,0.0,0.0,0.0,0.0,0.0,65
2023-05-10 09:13:27,TA401P5600,TA401P5600,542.0,0.0,0.0,0.0,5,561.5,566.5,5,542.0,0.0,0.0,0.0,0.0,0.0,65
2023-05-10 09:13:41,TA401P5600,TA401P5600,542.0,0.0,0.0,0.0,5,561.5,568.0,5,542.0,0.0,0.0,0.0,0.0,0.0,65
2023-05-10 09:16:26,TA401P5600,TA401P5600,542.0,0.0,0.0,0.0,5,563.5,568.0,5,542.0,0.0,0.0,0.0,0.0,0.0,65
2023-05-10 09:16:31,TA401P5600,TA401P5600,542.0,0.0,0.0,0.0,5,563.5,570.0,5,542.0,0.0,0.0,0.0,0.0,0.0,65
2023-05-10 09:16:38,TA401P5600,TA401P5600,542.0,0.0,0.0,0.0,5,566.0,671.0,1,542.0,0.0,0.0,0.0,0.0,0.0,65
2023-05-10 09:16:41,TA401P5600,TA401P5600,542.0,0.0,0.0,0.0,5,566.0,572.5,5,542.0,0.0,0.0,0.0,0.0,0.0,65
2023-05-10 09:17:51,TA401P5600,TA401P5600,542.0,0.0,0.0,0.0,5,566.0,571.0,5,542.0,0.0,0.0,0.0,0.0,0.0,65
2023-05-10 09:18:03,TA401P5600,TA401P5600,542.0,0.0,0.0,0.0,5,563.5,571.0,5,542.0,0.0,0.0,0.0,0.0,0.0,65
2023-05-10 09:18:15,TA401P5600,TA401P5600,542.0,0.0,0.0,0.0,5,563.5,569.5,5,542.0,0.0,0.0,0.0,0.0,0.0,65
2023-05-10 09:18:41,TA401P5600,TA401P5600,542.0,0.0,0.0,0.0,5,563.5,568.0,5,542.0,0.0,0.0,0.0,0.0,0.0,65
2023-05-10 09:18:41,TA401P5600,TA401P5600,542.0,0.0,0.0,0.0,1,461.5,568.0,5,542.0,0.0,0.0,0.0,0.0,0.0,65
2023-05-10 09:18:44,TA401P5600,TA401P5600,542.0,0.0,0.0,0.0,5,560.5,568.0,5,542.0,0.0,0.0,0.0,0.0,0.0,65
2023-05-10 09:18:46,TA401P5600,TA401P5600,542.0,0.0,0.0,0.0,5,560.5,566.0,5,542.0,0.0,0.0,0.0,0.0,0.0,65
2023-05-10 09:19:12,TA401P5600,TA401P5600,542.0,0.0,0.0,0.0,1,461.5,566.0,5,542.0,0.0,0.0,0.0,0.0,0.0,65
2023-05-10 09:19:12,TA401P5600,TA401P5600,542.0,0.0,0.0,0.0,5,557.5,566.0,5,542.0,0.0,0.0,0.0,0.0,0.0,65
2023-05-10 09:19:19,TA401P5600,TA401P5600,542.0,0.0,0.0,0.0,5,557.5,563.5,5,542.0,0.0,0.0,0.0,0.0,0.0,65
2023-05-10 09:19:29,TA401P5600,TA401P5600,542.0,0.0,0.0,0.0,1,461.5,563.5,5,542.0,0.0,0.0,0.0,0.0,0.0,65
2023-05-10 09:19:31,TA401P5600,TA401P5600,542.0,0.0,0.0,0.0,5,555.5,563.5,5,542.0,0.0,0.0,0.0,0.0,0.0,65
2023-05-10 09:19:32,TA401P5600,TA401P5600,542.0,0.0,0.0,0.0,5,555.5,561.0,5,542.0,0.0,0.0,0.0,0.0,0.0,65
2023-05-10 09:20:05,TA401P5600,TA401P5600,542.0,0.0,0.0,0.0,5,557.0,563.5,5,542.0,0.0,0.0,0.0,0.0,0.0,65
2023-05-10 09:22:39,TA401P5600,TA401P5600,542.0,0.0,0.0,0.0,5,558.5,563.5,5,542.0,0.0,0.0,0.0,0.0,0.0,65
2023-05-10 09:22:40,TA401P5600,TA401P5600,542.0,0.0,0.0,0.0,5,558.5,671.0,1,542.0,0.0,0.0,0.0,0.0,0.0,65
2023-05-10 09:22:42,TA401P5600,TA401P5600,542.0,0.0,0.0,0.0,5,558.5,565.5,5,542.0,0.0,0.0,0.0,0.0,0.0,65
2023-05-10 09:23:57,TA401P5600,TA401P5600,542.0,0.0,0.0,0.0,5,558.5,564.0,5,542.0,0.0,0.0,0.0,0.0,0.0,65
2023-05-10 09:27:14,TA401P5600,TA401P5600,542.0,0.0,0.0,0.0,5,558.5,565.5,5,542.0,0.0,0.0,0.0,0.0,0.0,65
2023-05-10 09:27:17,TA401P5600,TA401P5600,542.0,0.0,0.0,0.0,5,560.0,565.5,5,542.0,0.0,0.0,0.0,0.0,0.0,65
2023-05-10 09:27:29,TA401P5600,TA401P5600,542.0,0.0,0.0,0.0,5,560.0,671.0,1,542.0,0.0,0.0,0.0,0.0,0.0,65
2023-05-10 09:27:31,TA401P5600,TA401P5600,542.0,0.0,0.0,0.0,5,562.0,671.0,1,542.0,0.0,0.0,0.0,0.0,0.0,65
2023-05-10 09:27:33,TA401P5600,TA401P5600,542.0,0.0,0.0,0.0,5,562.0,569.0,5,542.0,0.0,0.0,0.0,0.0,0.0,65
2023-05-10 09:27:46,TA401P5600,TA401P5600,542.0,0.0,0.0,0.0,5,563.5,569.0,5,542.0,0.0,0.0,0.0,0.0,0.0,65
2023-05-10 09:28:38,TA401P5600,TA401P5600,542.0,0.0,0.0,0.0,5,562.0,569.0,5,542.0,0.0,0.0,0.0,0.0,0.0,65
2023-05-10 09:28:47,TA401P5600,TA401P5600,542.0,0.0,0.0,0.0,5,562.0,567.5,5,542.0,0.0,0.0,0.0,0.0,0.0,65
2023-05-10 09:30:27,TA401P5600,TA401P5600,542.0,0.0,0.0,0.0,5,559.5,567.5,5,542.0,0.0,0.0,0.0,0.0,0.0,65
2023-05-10 09:30:29,TA401P5600,TA401P5600,542.0,0.0,0.0,0.0,5,559.5,566.0,5,542.0,0.0,0.0,0.0,0.0,0.0,65
2023-05-10 09:30:38,TA401P5600,TA401P5600,542.0,0.0,0.0,0.0,5,559.5,564.5,5,542.0,0.0,0.0,0.0,0.0,0.0,65
2023-05-10 09:31:00,TA401P5600,TA401P5600,542.0,0.0,0.0,0.0,5,559.5,566.0,5,542.0,0.0,0.0,0.0,0.0,0.0,65
2023-05-10 09:31:11,TA401P5600,TA401P5600,542.0,0.0,0.0,0.0,5,561.0,566.0,5,542.0,0.0,0.0,0.0,0.0,0.0,65
2023-05-10 09:31:15,TA401P5600,TA401P5600,542.0,0.0,0.0,0.0,5,561.0,568.0,5,542.0,0.0,0.0,0.0,0.0,0.0,65
2023-05-10 09:31:38,TA401P5600,TA401P5600,542.0,0.0,0.0,0.0,5,561.0,566.5,5,542.0,0.0,0.0,0.0,0.0,0.0,65
2023-05-10 09:32:28,TA401P5600,TA401P5600,542.0,0.0,0.0,0.0,5,559.5,566.5,5,542.0,0.0,0.0,0.0,0.0,0.0,65
2023-05-10 09:32:31,TA401P5600,TA401P5600,542.0,0.0,0.0,0.0,5,559.5,565.0,5,542.0,0.0,0.0,0.0,0.0,0.0,65
2023-05-10 09:33:28,TA401P5600,TA401P5600,542.0,0.0,0.0,0.0,1,461.5,563.5,5,542.0,0.0,0.0,0.0,0.0,0.0,65
2023-05-10 09:33:30,TA401P5600,TA401P5600,542.0,0.0,0.0,0.0,5,557.0,563.5,5,542.0,0.0,0.0,0.0,0.0,0.0,65
2023-05-10 09:34:02,TA401P5600,TA401P5600,542.0,0.0,0.0,0.0,5,558.5,563.5,5,542.0,0.0,0.0,0.0,0.0,0.0,65
2023-05-10 09:34:04,TA401P5600,TA401P5600,542.0,0.0,0.0,0.0,5,558.5,565.0,5,542.0,0.0,0.0,0.0,0.0,0.0,65
2023-05-10 09:36:16,TA401P5600,TA401P5600,542.0,0.0,0.0,0.0,5,560.5,565.0,5,542.0,0.0,0.0,0.0,0.0,0.0,65
2023-05-10 09:37:05,TA401P5600,TA401P5600,542.0,0.0,0.0,0.0,5,560.5,671.0,1,542.0,0.0,0.0,0.0,0.0,0.0,65
2023-05-10 09:37:07,TA401P5600,TA401P5600,542.0,0.0,0.0,0.0,5,560.5,566.5,5,542.0,0.0,0.0,0.0,0.0,0.0,65
2023-05-10 09:38:11,TA401P5600,TA401P5600,542.0,0.0,0.0,0.0,5,560.5,565.0,5,542.0,0.0,0.0,0.0,0.0,0.0,65
2023-05-10 09:38:12,TA401P5600,TA401P5600,542.0,0.0,0.0,0.0,5,558.5,565.0,5,542.0,0.0,0.0,0.0,0.0,0.0,65
2023-05-10 09:38:17,TA401P5600,TA401P5600,542.0,0.0,0.0,0.0,5,558.5,563.5,5,542.0,0.0,0.0,0.0,0.0,0.0,65
2023-05-10 09:38:18,TA401P5600,TA401P5600,542.0,0.0,0.0,0.0,1,461.5,563.5,5,542.0,0.0,0.0,0.0,0.0,0.0,65
2023-05-10 09:38:22,TA401P5600,TA401P5600,542.0,0.0,0.0,0.0,5,556.0,563.5,5,542.0,0.0,0.0,0.0,0.0,0.0,65
2023-05-10 09:38:25,TA401P5600,TA401P5600,542.0,0.0,0.0,0.0,5,556.0,562.0,5,542.0,0.0,0.0,0.0,0.0,0.0,65
2023-05-10 09:39:36,TA401P5600,TA401P5600,542.0,0.0,0.0,0.0,5,556.0,560.5,5,542.0,0.0,0.0,0.0,0.0,0.0,65
2023-05-10 09:40:14,TA401P5600,TA401P5600,542.0,0.0,0.0,0.0,5,556.0,562.0,5,542.0,0.0,0.0,0.0,0.0,0.0,65
2023-05-10 09:40:46,TA401P5600,TA401P5600,542.0,0.0,0.0,0.0,5,557.5,564.0,5,542.0,0.0,0.0,0.0,0.0,0.0,65
2023-05-10 09:41:44,TA401P5600,TA401P5600,542.0,0.0,0.0,0.0,5,559.0,564.0,5,542.0,0.0,0.0,0.0,0.0,0.0,65
2023-05-10 09:42:10,TA401P5600,TA401P5600,542.0,0.0,0.0,0.0,5,559.0,566.0,5,542.0,0.0,0.0,0.0,0.0,0.0,65
2023-05-10 09:42:27,TA401P5600,TA401P5600,542.0,0.0,0.0,0.0,5,560.5,566.0,5,542.0,0.0,0.0,0.0,0.0,0.0,65
2023-05-10 09:43:18,TA401P5600,TA401P5600,542.0,0.0,0.0,0.0,5,560.5,671.0,1,542.0,0.0,0.0,0.0,0.0,0.0,65
2023-05-10 09:43:20,TA401P5600,TA401P5600,542.0,0.0,0.0,0.0,5,560.5,568.5,5,542.0,0.0,0.0,0.0,0.0,0.0,65
2023-05-10 09:43:23,TA401P5600,TA401P5600,542.0,0.0,0.0,0.0,5,562.0,568.5,5,542.0,0.0,0.0,0.0,0.0,0.0,65
2023-05-10 09:47:13,TA401P5600,TA401P5600,542.0,0.0,0.0,0.0,5,562.0,567.0,5,542.0,0.0,0.0,0.0,0.0,0.0,65
2023-05-10 09:47:27,TA401P5600,TA401P5600,542.0,0.0,0.0,0.0,5,560.5,567.0,5,542.0,0.0,0.0,0.0,0.0,0.0,65
2023-05-10 09:47:31,TA401P5600,TA401P5600,542.0,0.0,0.0,0.0,5,560.5,565.5,5,542.0,0.0,0.0,0.0,0.0,0.0,65
2023-05-10 09:47:35,TA401P5600,TA401P5600,542.0,0.0,0.0,0.0,5,560.5,567.0,5,542.0,0.0,0.0,0.0,0.0,0.0,65
2023-05-10 09:48:10,TA401P5600,TA401P5600,542.0,0.0,0.0,0.0,5,562.5,567.0,5,542.0,0.0,0.0,0.0,0.0,0.0,65
2023-05-10 09:48:16,TA401P5600,TA401P5600,542.0,0.0,0.0,0.0,5,562.5,569.0,5,542.0,0.0,0.0,0.0,0.0,0.0,65
2023-05-10 09:50:09,TA401P5600,TA401P5600,542.0,0.0,0.0,0.0,5,564.0,569.0,5,542.0,0.0,0.0,0.0,0.0,0.0,65
2023-05-10 09:50:24,TA401P5600,TA401P5600,542.0,0.0,0.0,0.0,5,562.5,569.0,5,542.0,0.0,0.0,0.0,0.0,0.0,65
2023-05-10 09:50:42,TA401P5600,TA401P5600,542.0,0.0,0.0,0.0,5,562.5,567.5,5,542.0,0.0,0.0,0.0,0.0,0.0,65
2023-05-10 09:50:49,TA401P5600,TA401P5600,542.0,0.0,0.0,0.0,5,562.5,569.0,5,542.0,0.0,0.0,0.0,0.0,0.0,65
2023-05-10 09:51:18,TA401P5600,TA401P5600,542.0,0.0,0.0,0.0,5,562.5,567.5,5,542.0,0.0,0.0,0.0,0.0,0.0,65
2023-05-10 09:52:06,TA401P5600,TA401P5600,542.0,0.0,0.0,0.0,5,562.5,569.0,5,542.0,0.0,0.0,0.0,0.0,0.0,65
2023-05-10 09:53:02,TA401P5600,TA401P5600,542.0,0.0,0.0,0.0,5,564.0,569.0,5,542.0,0.0,0.0,0.0,0.0,0.0,65
2023-05-10 09:53:06,TA401P5600,TA401P5600,542.0,0.0,0.0,0.0,5,564.0,671.0,1,542.0,0.0,0.0,0.0,0.0,0.0,65
2023-05-10 09:53:08,TA401P5600,TA401P5600,542.0,0.0,0.0,0.0,5,564.0,571.0,5,542.0,0.0,0.0,0.0,0.0,0.0,65
2023-05-10 09:53:18,TA401P5600,TA401P5600,542.0,0.0,0.0,0.0,5,565.5,571.0,5,542.0,0.0,0.0,0.0,0.0,0.0,65
2023-05-10 09:53:19,TA401P5600,TA401P5600,542.0,0.0,0.0,0.0,5,565.5,671.0,1,542.0,0.0,0.0,0.0,0.0,0.0,65
2023-05-10 09:53:20,TA401P5600,TA401P5600,542.0,0.0,0.0,0.0,5,565.5,572.5,5,542.0,0.0,0.0,0.0,0.0,0.0,65
2023-05-10 09:54:10,TA401P5600,TA401P5600,542.0,0.0,0.0,0.0,5,565.5,571.0,5,542.0,0.0,0.0,0.0,0.0,0.0,65
2023-05-10 09:54:17,TA401P5600,TA401P5600,542.0,0.0,0.0,0.0,5,565.5,572.5,5,542.0,0.0,0.0,0.0,0.0,0.0,65
2023-05-10 09:54:19,TA401P5600,TA401P5600,542.0,0.0,0.0,0.0,5,567.5,572.5,5,542.0,0.0,0.0,0.0,0.0,0.0,65
2023-05-10 09:54:32,TA401P5600,TA401P5600,542.0,0.0,0.0,0.0,5,567.5,574.5,5,542.0,0.0,0.0,0.0,0.0,0.0,65
2023-05-10 09:55:17,TA401P5600,TA401P5600,542.0,0.0,0.0,0.0,5,569.0,574.5,5,542.0,0.0,0.0,0.0,0.0,0.0,65
2023-05-10 09:55:53,TA401P5600,TA401P5600,542.0,0.0,0.0,0.0,5,569.0,576.5,5,542.0,0.0,0.0,0.0,0.0,0.0,65
2023-05-10 09:56:09,TA401P5600,TA401P5600,542.0,0.0,0.0,0.0,5,569.0,575.0,5,542.0,0.0,0.0,0.0,0.0,0.0,65
2023-05-10 09:57:39,TA401P5600,TA401P5600,542.0,0.0,0.0,0.0,5,571.0,576.5,5,542.0,0.0,0.0,0.0,0.0,0.0,65
2023-05-10 09:58:09,TA401P5600,TA401P5600,542.0,0.0,0.0,0.0,5,569.0,575.0,5,542.0,0.0,0.0,0.0,0.0,0.0,65
2023-05-10 09:58:13,TA401P5600,TA401P5600,542.0,0.0,0.0,0.0,1,461.5,575.0,5,542.0,0.0,0.0,0.0,0.0,0.0,65
2023-05-10 09:58:15,TA401P5600,TA401P5600,542.0,0.0,0.0,0.0,5,566.5,575.0,5,542.0,0.0,0.0,0.0,0.0,0.0,65
2023-05-10 09:58:16,TA401P5600,TA401P5600,542.0,0.0,0.0,0.0,5,566.5,573.0,5,542.0,0.0,0.0,0.0,0.0,0.0,65
2023-05-10 09:58:46,TA401P5600,TA401P5600,542.0,0.0,0.0,0.0,5,566.5,571.5,5,542.0,0.0,0.0,0.0,0.0,0.0,65
2023-05-10 09:58:48,TA401P5600,TA401P5600,542.0,0.0,0.0,0.0,1,461.5,571.5,5,542.0,0.0,0.0,0.0,0.0,0.0,65
2023-05-10 09:58:49,TA401P5600,TA401P5600,542.0,0.0,0.0,0.0,5,564.0,571.5,5,542.0,0.0,0.0,0.0,0.0,0.0,65
2023-05-10 09:59:32,TA401P5600,TA401P5600,542.0,0.0,0.0,0.0,5,564.0,570.0,5,542.0,0.0,0.0,0.0,0.0,0.0,65
2023-05-10 10:00:11,TA401P5600,TA401P5600,542.0,0.0,0.0,0.0,1,461.5,570.0,5,542.0,0.0,0.0,0.0,0.0,0.0,65
2023-05-10 10:00:12,TA401P5600,TA401P5600,542.0,0.0,0.0,0.0,1,461.5,567.5,5,542.0,0.0,0.0,0.0,0.0,0.0,65
2023-05-10 10:00:14,TA401P5600,TA401P5600,542.0,0.0,0.0,0.0,5,561.0,567.5,5,542.0,0.0,0.0,0.0,0.0,0.0,65
2023-05-10 10:00:49,TA401P5600,TA401P5600,542.0,0.0,0.0,0.0,1,461.5,567.5,5,542.0,0.0,0.0,0.0,0.0,0.0,65
2023-05-10 10:00:51,TA401P5600,TA401P5600,542.0,0.0,0.0,0.0,1,461.5,564.0,5,542.0,0.0,0.0,0.0,0.0,0.0,65
2023-05-10 10:00:58,TA401P5600,TA401P5600,542.0,0.0,0.0,0.0,5,558.5,564.0,5,542.0,0.0,0.0,0.0,0.0,0.0,65
2023-05-10 10:01:31,TA401P5600,TA401P5600,542.0,0.0,0.0,0.0,5,558.5,567.5,5,542.0,0.0,0.0,0.0,0.0,0.0,65
2023-05-10 10:01:32,TA401P5600,TA401P5600,542.0,0.0,0.0,0.0,5,560.0,567.5,5,542.0,0.0,0.0,0.0,0.0,0.0,65
2023-05-10 10:01:43,TA401P5600,TA401P5600,542.0,0.0,0.0,0.0,5,562.0,567.5,5,542.0,0.0,0.0,0.0,0.0,0.0,65
2023-05-10 10:05:02,TA401P5600,TA401P5600,542.0,0.0,0.0,0.0,5,562.0,570.0,5,542.0,0.0,0.0,0.0,0.0,0.0,65
2023-05-10 10:06:01,TA401P5600,TA401P5600,542.0,0.0,0.0,0.0,5,563.5,570.0,5,542.0,0.0,0.0,0.0,0.0,0.0,65
2023-05-10 10:06:13,TA401P5600,TA401P5600,542.0,0.0,0.0,0.0,5,563.5,568.5,5,542.0,0.0,0.0,0.0,0.0,0.0,65
2023-05-10 10:07:37,TA401P5600,TA401P5600,542.0,0.0,0.0,0.0,5,563.5,570.0,5,542.0,0.0,0.0,0.0,0.0,0.0,65
2023-05-10 10:09:02,TA401P5600,TA401P5600,542.0,0.0,0.0,0.0,5,563.5,568.0,5,542.0,0.0,0.0,0.0,0.0,0.0,65
2023-05-10 10:09:06,TA401P5600,TA401P5600,542.0,0.0,0.0,0.0,5,562.0,568.0,5,542.0,0.0,0.0,0.0,0.0,0.0,65
2023-05-10 10:09:29,TA401P5600,TA401P5600,542.0,0.0,0.0,0.0,5,562.0,566.5,5,542.0,0.0,0.0,0.0,0.0,0.0,65
2023-05-10 10:09:32,TA401P5600,TA401P5600,542.0,0.0,0.0,0.0,1,461.5,566.5,5,542.0,0.0,0.0,0.0,0.0,0.0,65
2023-05-10 10:09:34,TA401P5600,TA401P5600,542.0,0.0,0.0,0.0,5,559.5,566.5,5,542.0,0.0,0.0,0.0,0.0,0.0,65
2023-05-10 10:09:40,TA401P5600,TA401P5600,542.0,0.0,0.0,0.0,5,559.5,565.0,5,542.0,0.0,0.0,0.0,0.0,0.0,65
2023-05-10 10:10:09,TA401P5600,TA401P5600,542.0,0.0,0.0,0.0,1,461.5,565.0,5,542.0,0.0,0.0,0.0,0.0,0.0,65
2023-05-10 10:10:10,TA401P5600,TA401P5600,542.0,0.0,0.0,0.0,5,557.5,565.0,5,542.0,0.0,0.0,0.0,0.0,0.0,65
2023-05-10 10:10:13,TA401P5600,TA401P5600,542.0,0.0,0.0,0.0,5,557.5,563.5,5,542.0,0.0,0.0,0.0,0.0,0.0,65
2023-05-10 10:10:23,TA401P5600,TA401P5600,542.0,0.0,0.0,0.0,1,461.5,563.5,5,542.0,0.0,0.0,0.0,0.0,0.0,65
2023-05-10 10:10:25,TA401P5600,TA401P5600,542.0,0.0,0.0,0.0,5,555.0,561.5,5,542.0,0.0,0.0,0.0,0.0,0.0,65
2023-05-10 10:10:29,TA401P5600,TA401P5600,542.0,0.0,0.0,0.0,5,556.5,561.5,5,542.0,0.0,0.0,0.0,0.0,0.0,65
2023-05-10 10:11:02,TA401P5600,TA401P5600,542.0,0.0,0.0,0.0,5,556.5,563.5,5,542.0,0.0,0.0,0.0,0.0,0.0,65
2023-05-10 10:11:13,TA401P5600,TA401P5600,542.0,0.0,0.0,0.0,5,558.0,563.5,5,542.0,0.0,0.0,0.0,0.0,0.0,65
2023-05-10 10:11:47,TA401P5600,TA401P5600,542.0,0.0,0.0,0.0,5,558.0,671.0,1,542.0,0.0,0.0,0.0,0.0,0.0,65
2023-05-10 10:11:48,TA401P5600,TA401P5600,542.0,0.0,0.0,0.0,5,558.0,565.5,5,542.0,0.0,0.0,0.0,0.0,0.0,65
2023-05-10 10:11:50,TA401P5600,TA401P5600,542.0,0.0,0.0,0.0,5,560.0,565.5,5,542.0,0.0,0.0,0.0,0.0,0.0,65
2023-05-10 10:14:55,TA401P5600,TA401P5600,542.0,0.0,0.0,0.0,5,560.0,568.0,5,542.0,0.0,0.0,0.0,0.0,0.0,65
2023-05-10 10:30:05,TA401P5600,TA401P5600,542.0,0.0,0.0,0.0,5,560.0,566.5,5,542.0,0.0,0.0,0.0,0.0,0.0,65
2023-05-10 10:30:15,TA401P5600,TA401P5600,542.0,0.0,0.0,0.0,5,561.5,566.5,5,542.0,0.0,0.0,0.0,0.0,0.0,65
2023-05-10 10:30:41,TA401P5600,TA401P5600,542.0,0.0,0.0,0.0,5,561.5,568.0,5,542.0,0.0,0.0,0.0,0.0,0.0,65
2023-05-10 10:30:57,TA401P5600,TA401P5600,542.0,0.0,0.0,0.0,5,563.0,568.0,5,542.0,0.0,0.0,0.0,0.0,0.0,65
2023-05-10 10:30:58,TA401P5600,TA401P5600,542.0,0.0,0.0,0.0,5,563.0,671.0,1,542.0,0.0,0.0,0.0,0.0,0.0,65
2023-05-10 10:31:00,TA401P5600,TA401P5600,542.0,0.0,0.0,0.0,5,563.0,570.0,5,542.0,0.0,0.0,0.0,0.0,0.0,65
2023-05-10 10:31:23,TA401P5600,TA401P5600,542.0,0.0,0.0,0.0,5,564.5,570.0,5,542.0,0.0,0.0,0.0,0.0,0.0,65
2023-05-10 10:32:34,TA401P5600,TA401P5600,542.0,0.0,0.0,0.0,5,563.0,570.0,5,542.0,0.0,0.0,0.0,0.0,0.0,65
2023-05-10 10:34:22,TA401P5600,TA401P5600,542.0,0.0,0.0,0.0,5,563.0,568.5,5,542.0,0.0,0.0,0.0,0.0,0.0,65
2023-05-10 10:34:33,TA401P5600,TA401P5600,542.0,0.0,0.0,0.0,5,560.5,568.5,5,542.0,0.0,0.0,0.0,0.0,0.0,65
2023-05-10 10:34:41,TA401P5600,TA401P5600,542.0,0.0,0.0,0.0,5,560.5,566.5,5,542.0,0.0,0.0,0.0,0.0,0.0,65
2023-05-10 10:35:07,TA401P5600,TA401P5600,542.0,0.0,0.0,0.0,5,562.0,568.5,5,542.0,0.0,0.0,0.0,0.0,0.0,65
2023-05-10 10:36:08,TA401P5600,TA401P5600,542.0,0.0,0.0,0.0,5,563.5,568.5,5,542.0,0.0,0.0,0.0,0.0,0.0,65
2023-05-10 10:36:08,TA401P5600,TA401P5600,542.0,0.0,0.0,0.0,5,563.5,671.0,1,542.0,0.0,0.0,0.0,0.0,0.0,65
2023-05-10 10:36:10,TA401P5600,TA401P5600,542.0,0.0,0.0,0.0,5,563.5,571.0,5,542.0,0.0,0.0,0.0,0.0,0.0,65
2023-05-10 10:37:23,TA401P5600,TA401P5600,542.0,0.0,0.0,0.0,5,565.0,571.0,5,542.0,0.0,0.0,0.0,0.0,0.0,65
2023-05-10 10:38:03,TA401P5600,TA401P5600,542.0,0.0,0.0,0.0,5,565.0,671.0,1,542.0,0.0,0.0,0.0,0.0,0.0,65
2023-05-10 10:38:05,TA401P5600,TA401P5600,542.0,0.0,0.0,0.0,5,566.5,573.5,5,542.0,0.0,0.0,0.0,0.0,0.0,65
2023-05-10 10:38:32,TA401P5600,TA401P5600,542.0,0.0,0.0,0.0,5,568.5,573.5,5,542.0,0.0,0.0,0.0,0.0,0.0,65
2023-05-10 10:38:48,TA401P5600,TA401P5600,542.0,0.0,0.0,0.0,5,568.5,671.0,1,542.0,0.0,0.0,0.0,0.0,0.0,65
2023-05-10 10:38:51,TA401P5600,TA401P5600,542.0,0.0,0.0,0.0,5,568.5,576.0,5,542.0,0.0,0.0,0.0,0.0,0.0,65
2023-05-10 10:39:03,TA401P5600,TA401P5600,542.0,0.0,0.0,0.0,5,570.0,576.0,5,542.0,0.0,0.0,0.0,0.0,0.0,65
2023-05-10 10:39:09,TA401P5600,TA401P5600,542.0,0.0,0.0,0.0,5,570.0,671.0,1,542.0,0.0,0.0,0.0,0.0,0.0,65
2023-05-10 10:39:11,TA401P5600,TA401P5600,542.0,0.0,0.0,0.0,5,573.0,671.0,1,542.0,0.0,0.0,0.0,0.0,0.0,65
2023-05-10 10:39:15,TA401P5600,TA401P5600,542.0,0.0,0.0,0.0,5,573.0,580.0,5,542.0,0.0,0.0,0.0,0.0,0.0,65
2023-05-10 10:39:18,TA401P5600,TA401P5600,542.0,0.0,0.0,0.0,5,573.0,578.5,5,542.0,0.0,0.0,0.0,0.0,0.0,65
2023-05-10 10:39:25,TA401P5600,TA401P5600,542.0,0.0,0.0,0.0,5,573.0,580.0,5,542.0,0.0,0.0,0.0,0.0,0.0,65
2023-05-10 10:40:19,TA401P5600,TA401P5600,542.0,0.0,0.0,0.0,5,573.0,578.5,5,542.0,0.0,0.0,0.0,0.0,0.0,65
2023-05-10 10:41:15,TA401P5600,TA401P5600,542.0,0.0,0.0,0.0,5,570.0,578.5,5,542.0,0.0,0.0,0.0,0.0,0.0,65
2023-05-10 10:41:33,TA401P5600,TA401P5600,542.0,0.0,0.0,0.0,5,570.0,577.0,5,542.0,0.0,0.0,0.0,0.0,0.0,65
2023-05-10 10:42:00,TA401P5600,TA401P5600,542.0,0.0,0.0,0.0,5,571.5,577.0,5,542.0,0.0,0.0,0.0,0.0,0.0,65
2023-05-10 10:42:07,TA401P5600,TA401P5600,542.0,0.0,0.0,0.0,5,570.0,577.0,5,542.0,0.0,0.0,0.0,0.0,0.0,65
2023-05-10 10:42:20,TA401P5600,TA401P5600,542.0,0.0,0.0,0.0,5,570.0,575.0,5,542.0,0.0,0.0,0.0,0.0,0.0,65
2023-05-10 10:43:47,TA401P5600,TA401P5600,542.0,0.0,0.0,0.0,5,567.5,575.0,5,542.0,0.0,0.0,0.0,0.0,0.0,65
2023-05-10 10:44:09,TA401P5600,TA401P5600,542.0,0.0,0.0,0.0,5,567.5,573.5,5,542.0,0.0,0.0,0.0,0.0,0.0,65
2023-05-10 10:46:43,TA401P5600,TA401P5600,542.0,0.0,0.0,0.0,5,565.0,572.0,5,542.0,0.0,0.0,0.0,0.0,0.0,65
2023-05-10 10:47:00,TA401P5600,TA401P5600,542.0,0.0,0.0,0.0,5,566.5,572.0,5,542.0,0.0,0.0,0.0,0.0,0.0,65
2023-05-10 10:47:12,TA401P5600,TA401P5600,542.0,0.0,0.0,0.0,5,566.5,573.5,5,542.0,0.0,0.0,0.0,0.0,0.0,65
2023-05-10 10:47:33,TA401P5600,TA401P5600,542.0,0.0,0.0,0.0,5,568.0,573.5,5,542.0,0.0,0.0,0.0,0.0,0.0,65
2023-05-10 10:48:01,TA401P5600,TA401P5600,542.0,0.0,0.0,0.0,5,568.0,576.0,5,542.0,0.0,0.0,0.0,0.0,0.0,65
2023-05-10 10:48:02,TA401P5600,TA401P5600,542.0,0.0,0.0,0.0,5,569.5,576.0,5,542.0,0.0,0.0,0.0,0.0,0.0,65
2023-05-10 10:48:52,TA401P5600,TA401P5600,542.0,0.0,0.0,0.0,5,571.0,576.0,5,542.0,0.0,0.0,0.0,0.0,0.0,65
2023-05-10 10:49:16,TA401P5600,TA401P5600,542.0,0.0,0.0,0.0,5,569.5,576.0,5,542.0,0.0,0.0,0.0,0.0,0.0,65
2023-05-10 10:50:39,TA401P5600,TA401P5600,542.0,0.0,0.0,0.0,5,569.5,574.5,5,542.0,0.0,0.0,0.0,0.0,0.0,65
2023-05-10 10:51:00,TA401P5600,TA401P5600,542.0,0.0,0.0,0.0,1,461.5,574.5,5,542.0,0.0,0.0,0.0,0.0,0.0,65
2023-05-10 10:51:02,TA401P5600,TA401P5600,542.0,0.0,0.0,0.0,5,567.0,574.5,5,542.0,0.0,0.0,0.0,0.0,0.0,65
2023-05-10 10:51:05,TA401P5600,TA401P5600,542.0,0.0,0.0,0.0,5,567.0,572.5,5,542.0,0.0,0.0,0.0,0.0,0.0,65
2023-05-10 10:51:12,TA401P5600,TA401P5600,542.0,0.0,0.0,0.0,5,567.0,574.5,5,542.0,0.0,0.0,0.0,0.0,0.0,65
2023-05-10 10:52:02,TA401P5600,TA401P5600,542.0,0.0,0.0,0.0,5,568.5,574.5,5,542.0,0.0,0.0,0.0,0.0,0.0,65
2023-05-10 10:58:26,TA401P5600,TA401P5600,542.0,0.0,0.0,0.0,5,570.5,671.0,1,542.0,0.0,0.0,0.0,0.0,0.0,65
2023-05-10 10:58:27,TA401P5600,TA401P5600,542.0,0.0,0.0,0.0,5,570.5,577.0,5,542.0,0.0,0.0,0.0,0.0,0.0,65
2023-05-10 10:58:53,TA401P5600,TA401P5600,542.0,0.0,0.0,0.0,5,570.5,575.5,5,542.0,0.0,0.0,0.0,0.0,0.0,65
2023-05-10 10:58:54,TA401P5600,TA401P5600,542.0,0.0,0.0,0.0,5,568.5,575.5,5,542.0,0.0,0.0,0.0,0.0,0.0,65
2023-05-10 10:59:11,TA401P5600,TA401P5600,542.0,0.0,0.0,0.0,5,568.5,574.0,5,542.0,0.0,0.0,0.0,0.0,0.0,65
2023-05-10 11:00:05,TA401P5600,TA401P5600,542.0,0.0,0.0,0.0,5,566.0,574.0,5,542.0,0.0,0.0,0.0,0.0,0.0,65
2023-05-10 11:00:10,TA401P5600,TA401P5600,542.0,0.0,0.0,0.0,5,566.0,572.5,5,542.0,0.0,0.0,0.0,0.0,0.0,65
2023-05-10 11:00:14,TA401P5600,TA401P5600,542.0,0.0,0.0,0.0,5,566.0,571.0,5,542.0,0.0,0.0,0.0,0.0,0.0,65
2023-05-10 11:04:50,TA401P5600,TA401P5600,542.0,0.0,0.0,0.0,5,566.0,572.5,5,542.0,0.0,0.0,0.0,0.0,0.0,65
2023-05-10 11:05:10,TA401P5600,TA401P5600,542.0,0.0,0.0,0.0,5,566.0,571.0,5,542.0,0.0,0.0,0.0,0.0,0.0,65
2023-05-10 11:05:18,TA401P5600,TA401P5600,542.0,0.0,0.0,0.0,1,461.5,571.0,5,542.0,0.0,0.0,0.0,0.0,0.0,65
2023-05-10 11:05:20,TA401P5600,TA401P5600,542.0,0.0,0.0,0.0,5,562.5,569.0,5,542.0,0.0,0.0,0.0,0.0,0.0,65
2023-05-10 11:05:56,TA401P5600,TA401P5600,542.0,0.0,0.0,0.0,5,564.0,569.0,5,542.0,0.0,0.0,0.0,0.0,0.0,65
2023-05-10 11:07:29,TA401P5600,TA401P5600,542.0,0.0,0.0,0.0,5,564.0,571.0,5,542.0,0.0,0.0,0.0,0.0,0.0,65
2023-05-10 11:08:49,TA401P5600,TA401P5600,542.0,0.0,0.0,0.0,5,566.0,571.0,5,542.0,0.0,0.0,0.0,0.0,0.0,65
2023-05-10 11:10:57,TA401P5600,TA401P5600,542.0,0.0,0.0,0.0,5,564.0,571.0,5,542.0,0.0,0.0,0.0,0.0,0.0,65
2023-05-10 11:12:05,TA401P5600,TA401P5600,542.0,0.0,0.0,0.0,5,566.0,571.0,5,542.0,0.0,0.0,0.0,0.0,0.0,65
2023-05-10 11:12:08,TA401P5600,TA401P5600,542.0,0.0,0.0,0.0,5,566.0,573.0,5,542.0,0.0,0.0,0.0,0.0,0.0,65
2023-05-10 11:13:31,TA401P5600,TA401P5600,542.0,0.0,0.0,0.0,5,566.0,571.5,5,542.0,0.0,0.0,0.0,0.0,0.0,65
2023-05-10 11:15:04,TA401P5600,TA401P5600,542.0,0.0,0.0,0.0,5,566.0,573.0,5,542.0,0.0,0.0,0.0,0.0,0.0,65
2023-05-10 11:15:35,TA401P5600,TA401P5600,542.0,0.0,0.0,0.0,5,567.5,573.0,5,542.0,0.0,0.0,0.0,0.0,0.0,65
2023-05-10 11:15:35,TA401P5600,TA401P5600,542.0,0.0,0.0,0.0,5,567.5,671.0,1,542.0,0.0,0.0,0.0,0.0,0.0,65
2023-05-10 11:15:37,TA401P5600,TA401P5600,542.0,0.0,0.0,0.0,5,567.5,575.5,5,542.0,0.0,0.0,0.0,0.0,0.0,65
2023-05-10 11:15:45,TA401P5600,TA401P5600,542.0,0.0,0.0,0.0,5,569.0,575.5,5,542.0,0.0,0.0,0.0,0.0,0.0,65
2023-05-10 11:15:57,TA401P5600,TA401P5600,542.0,0.0,0.0,0.0,5,570.5,575.5,5,542.0,0.0,0.0,0.0,0.0,0.0,65
2023-05-10 11:15:57,TA401P5600,TA401P5600,542.0,0.0,0.0,0.0,5,570.5,671.0,1,542.0,0.0,0.0,0.0,0.0,0.0,65
2023-05-10 11:15:58,TA401P5600,TA401P5600,542.0,0.0,0.0,0.0,5,570.5,577.5,5,542.0,0.0,0.0,0.0,0.0,0.0,65
2023-05-10 11:16:07,TA401P5600,TA401P5600,542.0,0.0,0.0,0.0,5,572.5,577.5,5,542.0,0.0,0.0,0.0,0.0,0.0,65
2023-05-10 11:16:30,TA401P5600,TA401P5600,542.0,0.0,0.0,0.0,5,572.5,579.5,5,542.0,0.0,0.0,0.0,0.0,0.0,65
2023-05-10 11:17:10,TA401P5600,TA401P5600,542.0,0.0,0.0,0.0,5,572.5,577.5,5,542.0,0.0,0.0,0.0,0.0,0.0,65
2023-05-10 11:17:12,TA401P5600,TA401P5600,542.0,0.0,0.0,0.0,5,570.5,577.5,5,542.0,0.0,0.0,0.0,0.0,0.0,65
2023-05-10 11:17:20,TA401P5600,TA401P5600,542.0,0.0,0.0,0.0,5,570.5,576.0,5,542.0,0.0,0.0,0.0,0.0,0.0,65
2023-05-10 11:20:03,TA401P5600,TA401P5600,542.0,0.0,0.0,0.0,1,461.5,576.0,5,542.0,0.0,0.0,0.0,0.0,0.0,65
2023-05-10 11:20:04,TA401P5600,TA401P5600,542.0,0.0,0.0,0.0,5,568.5,576.0,5,542.0,0.0,0.0,0.0,0.0,0.0,65
2023-05-10 11:20:19,TA401P5600,TA401P5600,542.0,0.0,0.0,0.0,5,568.5,574.5,5,542.0,0.0,0.0,0.0,0.0,0.0,65
2023-05-10 11:25:30,TA401P5600,TA401P5600,542.0,0.0,0.0,0.0,5,568.5,576.0,5,542.0,0.0,0.0,0.0,0.0,0.0,65
2023-05-10 11:25:31,TA401P5600,TA401P5600,542.0,0.0,0.0,0.0,5,570.0,576.0,5,542.0,0.0,0.0,0.0,0.0,0.0,65
2023-05-10 11:25:49,TA401P5600,TA401P5600,542.0,0.0,0.0,0.0,5,571.5,671.0,1,542.0,0.0,0.0,0.0,0.0,0.0,65
2023-05-10 11:25:51,TA401P5600,TA401P5600,542.0,0.0,0.0,0.0,5,571.5,579.0,5,542.0,0.0,0.0,0.0,0.0,0.0,65
2023-05-10 11:26:05,TA401P5600,TA401P5600,542.0,0.0,0.0,0.0,5,571.5,577.5,5,542.0,0.0,0.0,0.0,0.0,0.0,65
2023-05-10 11:27:23,TA401P5600,TA401P5600,542.0,0.0,0.0,0.0,5,571.5,576.0,5,542.0,0.0,0.0,0.0,0.0,0.0,65
2023-05-10 11:27:28,TA401P5600,TA401P5600,542.0,0.0,0.0,0.0,5,570.0,576.0,5,542.0,0.0,0.0,0.0,0.0,0.0,65
2023-05-10 11:29:05,TA401P5600,TA401P5600,542.0,0.0,0.0,0.0,1,461.5,574.5,5,542.0,0.0,0.0,0.0,0.0,0.0,65
2023-05-10 11:29:06,TA401P5600,TA401P5600,542.0,0.0,0.0,0.0,5,568.0,574.5,5,542.0,0.0,0.0,0.0,0.0,0.0,65
2023-05-10 11:29:25,TA401P5600,TA401P5600,542.0,0.0,0.0,0.0,1,461.5,671.0,1,542.0,0.0,0.0,0.0,0.0,0.0,65
2023-05-10 13:30:56,TA401P5600,TA401P5600,542.0,0.0,0.0,0.0,5,564.5,671.0,1,542.0,0.0,0.0,0.0,0.0,0.0,65
2023-05-10 13:31:02,TA401P5600,TA401P5600,542.0,0.0,0.0,0.0,5,564.5,572.5,5,542.0,0.0,0.0,0.0,0.0,0.0,65
2023-05-10 13:31:24,TA401P5600,TA401P5600,542.0,0.0,0.0,0.0,5,567.0,572.5,5,542.0,0.0,0.0,0.0,0.0,0.0,65
2023-05-10 13:32:03,TA401P5600,TA401P5600,542.0,0.0,0.0,0.0,5,567.0,671.0,1,542.0,0.0,0.0,0.0,0.0,0.0,65
2023-05-10 13:32:05,TA401P5600,TA401P5600,542.0,0.0,0.0,0.0,5,567.0,574.5,5,542.0,0.0,0.0,0.0,0.0,0.0,65
2023-05-10 13:33:09,TA401P5600,TA401P5600,542.0,0.0,0.0,0.0,5,567.0,572.5,5,542.0,0.0,0.0,0.0,0.0,0.0,65
2023-05-10 13:33:14,TA401P5600,TA401P5600,542.0,0.0,0.0,0.0,5,564.5,572.5,5,542.0,0.0,0.0,0.0,0.0,0.0,65
2023-05-10 13:35:07,TA401P5600,TA401P5600,542.0,0.0,0.0,0.0,5,566.5,572.5,5,542.0,0.0,0.0,0.0,0.0,0.0,65
2023-05-10 13:35:31,TA401P5600,TA401P5600,542.0,0.0,0.0,0.0,5,566.5,574.5,5,542.0,0.0,0.0,0.0,0.0,0.0,65
2023-05-10 13:38:34,TA401P5600,TA401P5600,542.0,0.0,0.0,0.0,5,566.5,572.5,5,542.0,0.0,0.0,0.0,0.0,0.0,65
2023-05-10 13:38:52,TA401P5600,TA401P5600,542.0,0.0,0.0,0.0,5,564.5,572.5,5,542.0,0.0,0.0,0.0,0.0,0.0,65
2023-05-10 13:38:55,TA401P5600,TA401P5600,542.0,0.0,0.0,0.0,5,564.5,570.5,5,542.0,0.0,0.0,0.0,0.0,0.0,65
2023-05-10 13:39:23,TA401P5600,TA401P5600,542.0,0.0,0.0,0.0,5,564.5,572.5,5,542.0,0.0,0.0,0.0,0.0,0.0,65
2023-05-10 13:39:30,TA401P5600,TA401P5600,542.0,0.0,0.0,0.0,5,567.0,572.5,5,542.0,0.0,0.0,0.0,0.0,0.0,65
2023-05-10 13:40:17,TA401P5600,TA401P5600,542.0,0.0,0.0,0.0,5,567.0,575.0,5,542.0,0.0,0.0,0.0,0.0,0.0,65
2023-05-10 13:40:27,TA401P5600,TA401P5600,542.0,0.0,0.0,0.0,5,569.5,575.0,5,542.0,0.0,0.0,0.0,0.0,0.0,65
2023-05-10 13:40:42,TA401P5600,TA401P5600,542.0,0.0,0.0,0.0,5,569.5,577.5,5,542.0,0.0,0.0,0.0,0.0,0.0,65
2023-05-10 13:41:08,TA401P5600,TA401P5600,542.0,0.0,0.0,0.0,5,569.5,671.0,1,542.0,0.0,0.0,0.0,0.0,0.0,65
2023-05-10 13:41:10,TA401P5600,TA401P5600,542.0,0.0,0.0,0.0,5,569.5,579.0,5,542.0,0.0,0.0,0.0,0.0,0.0,65
2023-05-10 13:41:46,TA401P5600,TA401P5600,542.0,0.0,0.0,0.0,5,572.0,579.0,5,542.0,0.0,0.0,0.0,0.0,0.0,65
2023-05-10 13:43:21,TA401P5600,TA401P5600,542.0,0.0,0.0,0.0,5,569.5,577.0,5,542.0,0.0,0.0,0.0,0.0,0.0,65
2023-05-10 13:47:35,TA401P5600,TA401P5600,542.0,0.0,0.0,0.0,5,571.5,579.0,5,542.0,0.0,0.0,0.0,0.0,0.0,65
2023-05-10 13:49:46,TA401P5600,TA401P5600,542.0,0.0,0.0,0.0,5,573.5,579.0,5,542.0,0.0,0.0,0.0,0.0,0.0,65
2023-05-10 13:49:46,TA401P5600,TA401P5600,542.0,0.0,0.0,0.0,5,573.5,671.0,1,542.0,0.0,0.0,0.0,0.0,0.0,65
2023-05-10 13:49:47,TA401P5600,TA401P5600,542.0,0.0,0.0,0.0,5,573.5,582.0,5,542.0,0.0,0.0,0.0,0.0,0.0,65
2023-05-10 13:51:11,TA401P5600,TA401P5600,542.0,0.0,0.0,0.0,5,575.5,582.0,5,542.0,0.0,0.0,0.0,0.0,0.0,65
2023-05-10 13:51:12,TA401P5600,TA401P5600,542.0,0.0,0.0,0.0,5,575.5,671.0,1,542.0,0.0,0.0,0.0,0.0,0.0,65
2023-05-10 13:51:16,TA401P5600,TA401P5600,542.0,0.0,0.0,0.0,5,575.5,584.5,5,542.0,0.0,0.0,0.0,0.0,0.0,65
2023-05-10 13:52:13,TA401P5600,TA401P5600,542.0,0.0,0.0,0.0,5,575.5,582.5,5,542.0,0.0,0.0,0.0,0.0,0.0,65
2023-05-10 13:54:53,TA401P5600,TA401P5600,542.0,0.0,0.0,0.0,5,573.5,582.5,5,542.0,0.0,0.0,0.0,0.0,0.0,65
2023-05-10 13:54:55,TA401P5600,TA401P5600,542.0,0.0,0.0,0.0,5,573.5,580.5,5,542.0,0.0,0.0,0.0,0.0,0.0,65
2023-05-10 13:56:58,TA401P5600,TA401P5600,542.0,0.0,0.0,0.0,1,461.5,578.5,5,542.0,0.0,0.0,0.0,0.0,0.0,65
2023-05-10 13:56:58,TA401P5600,TA401P5600,542.0,0.0,0.0,0.0,1,508.5,578.5,5,542.0,0.0,0.0,0.0,0.0,0.0,65
2023-05-10 13:56:59,TA401P5600,TA401P5600,542.0,0.0,0.0,0.0,5,571.0,578.5,5,542.0,0.0,0.0,0.0,0.0,0.0,65
2023-05-10 14:01:19,TA401P5600,TA401P5600,542.0,0.0,0.0,0.0,5,571.0,580.5,5,542.0,0.0,0.0,0.0,0.0,0.0,65
2023-05-10 14:01:19,TA401P5600,TA401P5600,542.0,0.0,0.0,0.0,5,573.0,580.5,5,542.0,0.0,0.0,0.0,0.0,0.0,65
2023-05-10 14:02:18,TA401P5600,TA401P5600,542.0,0.0,0.0,0.0,5,575.0,583.0,5,542.0,0.0,0.0,0.0,0.0,0.0,65
2023-05-10 14:05:00,TA401P5600,TA401P5600,542.0,0.0,0.0,0.0,5,575.0,581.0,5,542.0,0.0,0.0,0.0,0.0,0.0,65
2023-05-10 14:05:32,TA401P5600,TA401P5600,542.0,0.0,0.0,0.0,5,575.0,583.0,5,542.0,0.0,0.0,0.0,0.0,0.0,65
2023-05-10 14:08:01,TA401P5600,TA401P5600,542.0,0.0,0.0,0.0,5,575.0,581.0,5,542.0,0.0,0.0,0.0,0.0,0.0,65
2023-05-10 14:08:32,TA401P5600,TA401P5600,542.0,0.0,0.0,0.0,5,573.0,581.0,5,542.0,0.0,0.0,0.0,0.0,0.0,65
2023-05-10 14:09:09,TA401P5600,TA401P5600,542.0,0.0,0.0,0.0,5,575.0,581.0,5,542.0,0.0,0.0,0.0,0.0,0.0,65
2023-05-10 14:09:43,TA401P5600,TA401P5600,542.0,0.0,0.0,0.0,5,575.0,583.0,5,542.0,0.0,0.0,0.0,0.0,0.0,65
2023-05-10 14:10:07,TA401P5600,TA401P5600,542.0,0.0,0.0,0.0,5,575.0,581.0,5,542.0,0.0,0.0,0.0,0.0,0.0,65
2023-05-10 14:10:23,TA401P5600,TA401P5600,542.0,0.0,0.0,0.0,5,573.0,581.0,5,542.0,0.0,0.0,0.0,0.0,0.0,65
2023-05-10 14:11:05,TA401P5600,TA401P5600,542.0,0.0,0.0,0.0,5,573.0,579.0,5,542.0,0.0,0.0,0.0,0.0,0.0,65
2023-05-10 14:14:23,TA401P5600,TA401P5600,542.0,0.0,0.0,0.0,5,573.0,581.0,5,542.0,0.0,0.0,0.0,0.0,0.0,65
2023-05-10 14:15:11,TA401P5600,TA401P5600,542.0,0.0,0.0,0.0,5,573.0,579.0,5,542.0,0.0,0.0,0.0,0.0,0.0,65
2023-05-10 14:16:10,TA401P5600,TA401P5600,542.0,0.0,0.0,0.0,5,573.0,581.0,5,542.0,0.0,0.0,0.0,0.0,0.0,65
2023-05-10 14:17:03,TA401P5600,TA401P5600,542.0,0.0,0.0,0.0,5,573.0,579.0,5,542.0,0.0,0.0,0.0,0.0,0.0,65
2023-05-10 14:17:14,TA401P5600,TA401P5600,542.0,0.0,0.0,0.0,1,508.5,579.0,5,542.0,0.0,0.0,0.0,0.0,0.0,65
2023-05-10 14:17:15,TA401P5600,TA401P5600,542.0,0.0,0.0,0.0,5,570.0,579.0,5,542.0,0.0,0.0,0.0,0.0,0.0,65
2023-05-10 14:17:31,TA401P5600,TA401P5600,542.0,0.0,0.0,0.0,5,570.0,577.0,5,542.0,0.0,0.0,0.0,0.0,0.0,65
2023-05-10 14:19:06,TA401P5600,TA401P5600,542.0,0.0,0.0,0.0,5,570.0,579.0,5,542.0,0.0,0.0,0.0,0.0,0.0,65
2023-05-10 14:19:16,TA401P5600,TA401P5600,542.0,0.0,0.0,0.0,5,572.0,579.0,5,542.0,0.0,0.0,0.0,0.0,0.0,65
2023-05-10 14:19:46,TA401P5600,TA401P5600,542.0,0.0,0.0,0.0,5,572.0,671.0,1,542.0,0.0,0.0,0.0,0.0,0.0,65
2023-05-10 14:19:47,TA401P5600,TA401P5600,542.0,0.0,0.0,0.0,5,574.0,582.0,5,542.0,0.0,0.0,0.0,0.0,0.0,65
2023-05-10 14:20:08,TA401P5600,TA401P5600,542.0,0.0,0.0,0.0,5,574.0,580.0,5,542.0,0.0,0.0,0.0,0.0,0.0,65
2023-05-10 14:24:54,TA401P5600,TA401P5600,542.0,0.0,0.0,0.0,5,574.0,582.0,5,542.0,0.0,0.0,0.0,0.0,0.0,65
2023-05-10 14:26:30,TA401P5600,TA401P5600,542.0,0.0,0.0,0.0,5,574.0,579.5,5,542.0,0.0,0.0,0.0,0.0,0.0,65
2023-05-10 14:26:50,TA401P5600,TA401P5600,542.0,0.0,0.0,0.0,5,574.0,582.0,5,542.0,0.0,0.0,0.0,0.0,0.0,65
2023-05-10 14:28:07,TA401P5600,TA401P5600,542.0,0.0,0.0,0.0,5,576.0,582.0,5,542.0,0.0,0.0,0.0,0.0,0.0,65
2023-05-10 14:28:14,TA401P5600,TA401P5600,542.0,0.0,0.0,0.0,5,576.0,584.5,5,542.0,0.0,0.0,0.0,0.0,0.0,65
2023-05-10 14:28:31,TA401P5600,TA401P5600,542.0,0.0,0.0,0.0,5,578.5,584.5,5,542.0,0.0,0.0,0.0,0.0,0.0,65
2023-05-10 14:29:59,TA401P5600,TA401P5600,542.0,0.0,0.0,0.0,5,578.5,587.0,5,542.0,0.0,0.0,0.0,0.0,0.0,65
2023-05-10 14:31:41,TA401P5600,TA401P5600,542.0,0.0,0.0,0.0,5,580.5,587.0,5,542.0,0.0,0.0,0.0,0.0,0.0,65
2023-05-10 14:31:53,TA401P5600,TA401P5600,542.0,0.0,0.0,0.0,5,580.5,671.0,1,542.0,0.0,0.0,0.0,0.0,0.0,65
2023-05-10 14:31:54,TA401P5600,TA401P5600,542.0,0.0,0.0,0.0,5,582.5,590.5,5,542.0,0.0,0.0,0.0,0.0,0.0,65
2023-05-10 14:33:03,TA401P5600,TA401P5600,542.0,0.0,0.0,0.0,5,582.5,671.0,1,542.0,0.0,0.0,0.0,0.0,0.0,65
2023-05-10 14:33:06,TA401P5600,TA401P5600,542.0,0.0,0.0,0.0,5,585.5,671.0,1,542.0,0.0,0.0,0.0,0.0,0.0,65
2023-05-10 14:33:07,TA401P5600,TA401P5600,542.0,0.0,0.0,0.0,5,585.5,593.5,5,542.0,0.0,0.0,0.0,0.0,0.0,65
2023-05-10 14:33:13,TA401P5600,TA401P5600,542.0,0.0,0.0,0.0,5,588.0,593.5,5,542.0,0.0,0.0,0.0,0.0,0.0,65
2023-05-10 14:33:18,TA401P5600,TA401P5600,542.0,0.0,0.0,0.0,5,588.0,671.0,1,542.0,0.0,0.0,0.0,0.0,0.0,65
2023-05-10 14:33:20,TA401P5600,TA401P5600,542.0,0.0,0.0,0.0,5,588.0,596.0,5,542.0,0.0,0.0,0.0,0.0,0.0,65
2023-05-10 14:33:27,TA401P5600,TA401P5600,542.0,0.0,0.0,0.0,5,588.0,594.0,5,542.0,0.0,0.0,0.0,0.0,0.0,65
2023-05-10 14:34:06,TA401P5600,TA401P5600,542.0,0.0,0.0,0.0,5,588.0,596.0,5,542.0,0.0,0.0,0.0,0.0,0.0,65
2023-05-10 14:34:12,TA401P5600,TA401P5600,542.0,0.0,0.0,0.0,5,588.0,671.0,1,542.0,0.0,0.0,0.0,0.0,0.0,65
2023-05-10 14:34:14,TA401P5600,TA401P5600,542.0,0.0,0.0,0.0,5,588.0,598.0,5,542.0,0.0,0.0,0.0,0.0,0.0,65
2023-05-10 14:34:18,TA401P5600,TA401P5600,542.0,0.0,0.0,0.0,5,590.0,598.0,5,542.0,0.0,0.0,0.0,0.0,0.0,65
2023-05-10 14:34:33,TA401P5600,TA401P5600,542.0,0.0,0.0,0.0,5,590.0,671.0,1,542.0,0.0,0.0,0.0,0.0,0.0,65
2023-05-10 14:34:33,TA401P5600,TA401P5600,542.0,0.0,0.0,0.0,5,592.5,671.0,1,542.0,0.0,0.0,0.0,0.0,0.0,65
2023-05-10 14:34:35,TA401P5600,TA401P5600,542.0,0.0,0.0,0.0,5,592.5,599.5,5,542.0,0.0,0.0,0.0,0.0,0.0,65
2023-05-10 14:35:03,TA401P5600,TA401P5600,542.0,0.0,0.0,0.0,5,592.5,671.0,1,542.0,0.0,0.0,0.0,0.0,0.0,65
2023-05-10 14:35:03,TA401P5600,TA401P5600,542.0,0.0,0.0,0.0,5,592.5,602.5,5,542.0,0.0,0.0,0.0,0.0,0.0,65
2023-05-10 14:35:07,TA401P5600,TA401P5600,542.0,0.0,0.0,0.0,5,592.5,600.5,5,542.0,0.0,0.0,0.0,0.0,0.0,65
2023-05-10 14:36:59,TA401P5600,TA401P5600,542.0,0.0,0.0,0.0,5,594.5,600.5,5,542.0,0.0,0.0,0.0,0.0,0.0,65
2023-05-10 14:37:52,TA401P5600,TA401P5600,542.0,0.0,0.0,0.0,5,594.5,602.5,5,542.0,0.0,0.0,0.0,0.0,0.0,65
2023-05-10 14:38:30,TA401P5600,TA401P5600,542.0,0.0,0.0,0.0,5,596.5,602.5,5,542.0,0.0,0.0,0.0,0.0,0.0,65
2023-05-10 14:38:31,TA401P5600,TA401P5600,542.0,0.0,0.0,0.0,5,596.5,671.0,1,542.0,0.0,0.0,0.0,0.0,0.0,65
2023-05-10 14:38:34,TA401P5600,TA401P5600,542.0,0.0,0.0,0.0,5,596.5,606.0,5,542.0,0.0,0.0,0.0,0.0,0.0,65
2023-05-10 14:38:36,TA401P5600,TA401P5600,542.0,0.0,0.0,0.0,5,599.0,606.0,5,542.0,0.0,0.0,0.0,0.0,0.0,65
2023-05-10 14:39:09,TA401P5600,TA401P5600,542.0,0.0,0.0,0.0,5,599.0,609.0,5,542.0,0.0,0.0,0.0,0.0,0.0,65
2023-05-10 14:39:12,TA401P5600,TA401P5600,542.0,0.0,0.0,0.0,5,602.0,609.0,5,542.0,0.0,0.0,0.0,0.0,0.0,65
2023-05-10 14:39:24,TA401P5600,TA401P5600,542.0,0.0,0.0,0.0,5,599.0,609.0,5,542.0,0.0,0.0,0.0,0.0,0.0,65
2023-05-10 14:39:31,TA401P5600,TA401P5600,542.0,0.0,0.0,0.0,5,601.0,609.0,5,542.0,0.0,0.0,0.0,0.0,0.0,65
2023-05-10 14:40:07,TA401P5600,TA401P5600,542.0,0.0,0.0,0.0,5,603.5,671.0,1,542.0,0.0,0.0,0.0,0.0,0.0,65
2023-05-10 14:40:08,TA401P5600,TA401P5600,542.0,0.0,0.0,0.0,5,603.5,612.0,5,542.0,0.0,0.0,0.0,0.0,0.0,65
2023-05-10 14:40:26,TA401P5600,TA401P5600,542.0,0.0,0.0,0.0,5,603.5,610.0,5,542.0,0.0,0.0,0.0,0.0,0.0,65
2023-05-10 14:40:37,TA401P5600,TA401P5600,542.0,0.0,0.0,0.0,5,601.0,607.0,5,542.0,0.0,0.0,0.0,0.0,0.0,65
2023-05-10 14:40:39,TA401P5600,TA401P5600,542.0,0.0,0.0,0.0,1,508.5,607.0,5,542.0,0.0,0.0,0.0,0.0,0.0,65
2023-05-10 14:40:42,TA401P5600,TA401P5600,542.0,0.0,0.0,0.0,5,597.5,607.0,5,542.0,0.0,0.0,0.0,0.0,0.0,65
2023-05-10 14:40:47,TA401P5600,TA401P5600,542.0,0.0,0.0,0.0,5,597.5,605.0,5,542.0,0.0,0.0,0.0,0.0,0.0,65
2023-05-10 14:40:57,TA401P5600,TA401P5600,542.0,0.0,0.0,0.0,1,508.5,605.0,5,542.0,0.0,0.0,0.0,0.0,0.0,65
2023-05-10 14:40:59,TA401P5600,TA401P5600,542.0,0.0,0.0,0.0,5,595.0,605.0,5,542.0,0.0,0.0,0.0,0.0,0.0,65
2023-05-10 14:41:06,TA401P5600,TA401P5600,542.0,0.0,0.0,0.0,5,595.0,602.5,5,542.0,0.0,0.0,0.0,0.0,0.0,65
2023-05-10 14:42:00,TA401P5600,TA401P5600,542.0,0.0,0.0,0.0,5,592.0,600.5,5,542.0,0.0,0.0,0.0,0.0,0.0,65
2023-05-10 14:42:34,TA401P5600,TA401P5600,542.0,0.0,0.0,0.0,5,592.0,598.5,5,542.0,0.0,0.0,0.0,0.0,0.0,65
2023-05-10 14:42:40,TA401P5600,TA401P5600,542.0,0.0,0.0,0.0,1,508.5,598.5,5,542.0,0.0,0.0,0.0,0.0,0.0,65
2023-05-10 14:42:43,TA401P5600,TA401P5600,542.0,0.0,0.0,0.0,5,589.0,598.5,5,542.0,0.0,0.0,0.0,0.0,0.0,65
2023-05-10 14:42:45,TA401P5600,TA401P5600,542.0,0.0,0.0,0.0,5,589.0,596.5,5,542.0,0.0,0.0,0.0,0.0,0.0,65
2023-05-10 14:43:51,TA401P5600,TA401P5600,542.0,0.0,0.0,0.0,1,508.5,596.5,5,542.0,0.0,0.0,0.0,0.0,0.0,65
2023-05-10 14:43:51,TA401P5600,TA401P5600,542.0,0.0,0.0,0.0,1,508.5,594.0,5,542.0,0.0,0.0,0.0,0.0,0.0,65
2023-05-10 14:43:52,TA401P5600,TA401P5600,542.0,0.0,0.0,0.0,5,586.5,594.0,5,542.0,0.0,0.0,0.0,0.0,0.0,65
2023-05-10 14:44:34,TA401P5600,TA401P5600,542.0,0.0,0.0,0.0,1,508.5,592.0,5,542.0,0.0,0.0,0.0,0.0,0.0,65
2023-05-10 14:44:35,TA401P5600,TA401P5600,542.0,0.0,0.0,0.0,5,583.5,592.0,5,542.0,0.0,0.0,0.0,0.0,0.0,65
2023-05-10 14:45:26,TA401P5600,TA401P5600,542.0,0.0,0.0,0.0,5,583.5,590.0,5,542.0,0.0,0.0,0.0,0.0,0.0,65
2023-05-10 14:46:01,TA401P5600,TA401P5600,542.0,0.0,0.0,0.0,1,508.5,590.0,5,542.0,0.0,0.0,0.0,0.0,0.0,65
2023-05-10 14:46:05,TA401P5600,TA401P5600,542.0,0.0,0.0,0.0,5,580.0,590.0,5,542.0,0.0,0.0,0.0,0.0,0.0,65
2023-05-10 14:46:30,TA401P5600,TA401P5600,542.0,0.0,0.0,0.0,5,580.0,588.0,5,542.0,0.0,0.0,0.0,0.0,0.0,65
2023-05-10 14:47:24,TA401P5600,TA401P5600,542.0,0.0,0.0,0.0,5,582.0,588.0,5,542.0,0.0,0.0,0.0,0.0,0.0,65
2023-05-10 14:47:29,TA401P5600,TA401P5600,542.0,0.0,0.0,0.0,5,582.0,590.0,5,542.0,0.0,0.0,0.0,0.0,0.0,65
2023-05-10 14:47:54,TA401P5600,TA401P5600,542.0,0.0,0.0,0.0,5,582.0,588.0,5,542.0,0.0,0.0,0.0,0.0,0.0,65
2023-05-10 14:48:55,TA401P5600,TA401P5600,542.0,0.0,0.0,0.0,5,580.0,588.0,5,542.0,0.0,0.0,0.0,0.0,0.0,65
2023-05-10 14:49:05,TA401P5600,TA401P5600,542.0,0.0,0.0,0.0,5,580.0,586.0,5,542.0,0.0,0.0,0.0,0.0,0.0,65
2023-05-10 14:49:07,TA401P5600,TA401P5600,542.0,0.0,0.0,0.0,1,508.5,586.0,5,542.0,0.0,0.0,0.0,0.0,0.0,65
2023-05-10 14:49:09,TA401P5600,TA401P5600,542.0,0.0,0.0,0.0,5,577.0,586.0,5,542.0,0.0,0.0,0.0,0.0,0.0,65
2023-05-10 14:49:18,TA401P5600,TA401P5600,542.0,0.0,0.0,0.0,5,577.0,584.0,5,542.0,0.0,0.0,0.0,0.0,0.0,65
2023-05-10 14:50:31,TA401P5600,TA401P5600,542.0,0.0,0.0,0.0,5,577.0,586.0,5,542.0,0.0,0.0,0.0,0.0,0.0,65
2023-05-10 14:52:19,TA401P5600,TA401P5600,542.0,0.0,0.0,0.0,5,579.0,586.0,5,542.0,0.0,0.0,0.0,0.0,0.0,65
2023-05-10 14:56:19,TA401P5600,TA401P5600,542.0,0.0,0.0,0.0,5,579.0,671.0,1,542.0,0.0,0.0,0.0,0.0,0.0,65
2023-05-10 14:56:20,TA401P5600,TA401P5600,542.0,0.0,0.0,0.0,5,579.0,588.0,5,542.0,0.0,0.0,0.0,0.0,0.0,65
2023-05-10 14:56:44,TA401P5600,TA401P5600,542.0,0.0,0.0,0.0,5,581.0,588.0,5,542.0,0.0,0.0,0.0,0.0,0.0,65
2023-05-10 14:58:31,TA401P5600,TA401P5600,542.0,0.0,0.0,0.0,5,579.0,588.0,5,542.0,0.0,0.0,0.0,0.0,0.0,65
2023-05-10 14:58:55,TA401P5600,TA401P5600,542.0,0.0,0.0,0.0,1,508.5,671.0,1,542.0,0.0,0.0,0.0,0.0,0.0,65
2023-05-10 14:59:20,TA401P5600,TA401P5600,542.0,0.0,0.0,0.0,1,478.0,671.0,1,542.0,0.0,0.0,0.0,0.0,0.0,65
