time,symbol_id,symbol_name,last,trade_volume,trade_amount,open_interest_change,bv1,bp1,ap1,av1,yesterday_close,today_open,today_high,today_low,volume,amount,open_interest
2023-05-09 19:10:58,TA401C5900,TA401C5900,152.5,0.0,0.0,0.0,0,0.0,0.0,0,152.5,0.0,0.0,0.0,0.0,0.0,82
2023-05-09 20:59:00,TA401C5900,TA401C5900,152.5,0.0,0.0,0.0,9,30.0,189.0,1,152.5,0.0,0.0,0.0,0.0,0.0,82
2023-05-09 21:00:00,TA401C5900,TA401C5900,152.5,0.0,0.0,0.0,9,30.0,168.0,1,152.5,0.0,0.0,0.0,0.0,0.0,82
2023-05-09 21:00:01,TA401C5900,TA401C5900,152.5,0.0,0.0,0.0,1,57.5,168.0,1,152.5,0.0,0.0,0.0,0.0,0.0,82
2023-05-09 21:01:11,TA401C5900,TA401C5900,152.5,0.0,0.0,0.0,1,110.0,168.0,1,152.5,0.0,0.0,0.0,0.0,0.0,82
2023-05-09 21:01:16,TA401C5900,TA401C5900,152.5,0.0,0.0,0.0,5,144.0,149.5,5,152.5,0.0,0.0,0.0,0.0,0.0,82
2023-05-09 21:02:45,TA401C5900,TA401C5900,152.5,0.0,0.0,0.0,5,144.0,148.0,5,152.5,0.0,0.0,0.0,0.0,0.0,82
2023-05-09 21:04:22,TA401C5900,TA401C5900,152.5,0.0,0.0,0.0,5,142.0,148.0,5,152.5,0.0,0.0,0.0,0.0,0.0,82
2023-05-09 21:05:57,TA401C5900,TA401C5900,152.5,0.0,0.0,0.0,5,143.0,148.0,5,152.5,0.0,0.0,0.0,0.0,0.0,82
2023-05-09 21:06:06,TA401C5900,TA401C5900,152.5,0.0,0.0,0.0,5,144.0,148.0,5,152.5,0.0,0.0,0.0,0.0,0.0,82
2023-05-09 21:06:10,TA401C5900,TA401C5900,152.5,0.0,0.0,0.0,5,144.0,149.5,5,152.5,0.0,0.0,0.0,0.0,0.0,82
2023-05-09 21:06:22,TA401C5900,TA401C5900,152.5,0.0,0.0,0.0,5,144.0,148.5,5,152.5,0.0,0.0,0.0,0.0,0.0,82
2023-05-09 21:06:30,TA401C5900,TA401C5900,152.5,0.0,0.0,0.0,5,143.0,148.5,5,152.5,0.0,0.0,0.0,0.0,0.0,82
2023-05-09 21:06:56,TA401C5900,TA401C5900,152.5,0.0,0.0,0.0,5,143.0,147.5,5,152.5,0.0,0.0,0.0,0.0,0.0,82
2023-05-09 21:07:30,TA401C5900,TA401C5900,152.5,0.0,0.0,0.0,5,141.0,146.5,5,152.5,0.0,0.0,0.0,0.0,0.0,82
2023-05-09 21:07:58,TA401C5900,TA401C5900,152.5,0.0,0.0,0.0,5,142.0,146.5,5,152.5,0.0,0.0,0.0,0.0,0.0,82
2023-05-09 21:10:45,TA401C5900,TA401C5900,152.5,0.0,0.0,0.0,5,142.0,145.5,5,152.5,0.0,0.0,0.0,0.0,0.0,82
2023-05-09 21:12:26,TA401C5900,TA401C5900,152.5,0.0,0.0,0.0,5,142.0,146.5,5,152.5,0.0,0.0,0.0,0.0,0.0,82
2023-05-09 21:13:24,TA401C5900,TA401C5900,152.5,0.0,0.0,0.0,5,143.0,146.5,5,152.5,0.0,0.0,0.0,0.0,0.0,82
2023-05-09 21:13:26,TA401C5900,TA401C5900,152.5,0.0,0.0,0.0,5,143.0,168.0,1,152.5,0.0,0.0,0.0,0.0,0.0,82
2023-05-09 21:13:28,TA401C5900,TA401C5900,152.5,0.0,0.0,0.0,5,143.0,148.0,5,152.5,0.0,0.0,0.0,0.0,0.0,82
2023-05-09 21:13:38,TA401C5900,TA401C5900,152.5,0.0,0.0,0.0,5,144.0,148.0,5,152.5,0.0,0.0,0.0,0.0,0.0,82
2023-05-09 21:14:40,TA401C5900,TA401C5900,152.5,0.0,0.0,0.0,5,145.0,168.0,1,152.5,0.0,0.0,0.0,0.0,0.0,82
2023-05-09 21:14:41,TA401C5900,TA401C5900,152.5,0.0,0.0,0.0,5,145.0,150.0,5,152.5,0.0,0.0,0.0,0.0,0.0,82
2023-05-09 21:14:52,TA401C5900,TA401C5900,152.5,0.0,0.0,0.0,5,145.0,149.0,5,152.5,0.0,0.0,0.0,0.0,0.0,82
2023-05-09 21:15:05,TA401C5900,TA401C5900,152.5,0.0,0.0,0.0,5,145.0,150.0,5,152.5,0.0,0.0,0.0,0.0,0.0,82
2023-05-09 21:15:08,TA401C5900,TA401C5900,152.5,0.0,0.0,0.0,5,146.0,150.0,5,152.5,0.0,0.0,0.0,0.0,0.0,82
2023-05-09 21:15:10,TA401C5900,TA401C5900,152.5,0.0,0.0,0.0,5,145.0,150.0,5,152.5,0.0,0.0,0.0,0.0,0.0,82
2023-05-09 21:15:13,TA401C5900,TA401C5900,152.5,0.0,0.0,0.0,5,145.0,149.0,5,152.5,0.0,0.0,0.0,0.0,0.0,82
2023-05-09 21:15:27,TA401C5900,TA401C5900,152.5,0.0,0.0,0.0,5,145.0,150.0,5,152.5,0.0,0.0,0.0,0.0,0.0,82
2023-05-09 21:15:28,TA401C5900,TA401C5900,152.5,0.0,0.0,0.0,5,146.0,150.0,5,152.5,0.0,0.0,0.0,0.0,0.0,82
2023-05-09 21:16:19,TA401C5900,TA401C5900,152.5,0.0,0.0,0.0,5,147.0,151.5,5,152.5,0.0,0.0,0.0,0.0,0.0,82
2023-05-09 21:17:02,TA401C5900,TA401C5900,152.5,0.0,0.0,0.0,5,147.0,150.5,5,152.5,0.0,0.0,0.0,0.0,0.0,82
2023-05-09 21:18:07,TA401C5900,TA401C5900,152.5,0.0,0.0,0.0,5,146.0,150.5,5,152.5,0.0,0.0,0.0,0.0,0.0,82
2023-05-09 21:18:08,TA401C5900,TA401C5900,152.5,0.0,0.0,0.0,5,146.0,149.5,5,152.5,0.0,0.0,0.0,0.0,0.0,82
2023-05-09 21:18:51,TA401C5900,TA401C5900,152.5,0.0,0.0,0.0,5,144.5,149.5,5,152.5,0.0,0.0,0.0,0.0,0.0,82
2023-05-09 21:19:02,TA401C5900,TA401C5900,152.5,0.0,0.0,0.0,5,144.5,148.5,5,152.5,0.0,0.0,0.0,0.0,0.0,82
2023-05-09 21:20:44,TA401C5900,TA401C5900,152.5,0.0,0.0,0.0,1,110.0,148.5,5,152.5,0.0,0.0,0.0,0.0,0.0,82
2023-05-09 21:20:45,TA401C5900,TA401C5900,152.5,0.0,0.0,0.0,5,143.0,148.5,5,152.5,0.0,0.0,0.0,0.0,0.0,82
2023-05-09 21:20:49,TA401C5900,TA401C5900,152.5,0.0,0.0,0.0,5,143.0,147.5,5,152.5,0.0,0.0,0.0,0.0,0.0,82
2023-05-09 21:21:06,TA401C5900,TA401C5900,152.5,0.0,0.0,0.0,5,143.0,146.0,5,152.5,0.0,0.0,0.0,0.0,0.0,82
2023-05-09 21:21:16,TA401C5900,TA401C5900,152.5,0.0,0.0,0.0,1,110.0,146.0,5,152.5,0.0,0.0,0.0,0.0,0.0,82
2023-05-09 21:21:16,TA401C5900,TA401C5900,152.5,0.0,0.0,0.0,2,113.5,146.0,5,152.5,0.0,0.0,0.0,0.0,0.0,82
2023-05-09 21:21:17,TA401C5900,TA401C5900,152.5,0.0,0.0,0.0,5,141.5,146.0,5,152.5,0.0,0.0,0.0,0.0,0.0,82
2023-05-09 21:21:33,TA401C5900,TA401C5900,152.5,0.0,0.0,0.0,5,141.5,145.0,5,152.5,0.0,0.0,0.0,0.0,0.0,82
2023-05-09 21:21:48,TA401C5900,TA401C5900,152.5,0.0,0.0,0.0,1,130.0,145.0,5,152.5,0.0,0.0,0.0,0.0,0.0,82
2023-05-09 21:21:49,TA401C5900,TA401C5900,152.5,0.0,0.0,0.0,5,140.0,145.0,5,152.5,0.0,0.0,0.0,0.0,0.0,82
2023-05-09 21:21:58,TA401C5900,TA401C5900,152.5,0.0,0.0,0.0,5,140.0,144.0,5,152.5,0.0,0.0,0.0,0.0,0.0,82
2023-05-09 21:23:05,TA401C5900,TA401C5900,152.5,0.0,0.0,0.0,5,140.0,143.0,5,152.5,0.0,0.0,0.0,0.0,0.0,82
2023-05-09 21:23:05,TA401C5900,TA401C5900,152.5,0.0,0.0,0.0,1,130.0,143.0,5,152.5,0.0,0.0,0.0,0.0,0.0,82
2023-05-09 21:23:08,TA401C5900,TA401C5900,152.5,0.0,0.0,0.0,5,138.5,143.0,5,152.5,0.0,0.0,0.0,0.0,0.0,82
2023-05-09 21:23:32,TA401C5900,TA401C5900,152.5,0.0,0.0,0.0,5,139.5,143.0,5,152.5,0.0,0.0,0.0,0.0,0.0,82
2023-05-09 21:23:49,TA401C5900,TA401C5900,152.5,0.0,0.0,0.0,5,139.5,144.0,5,152.5,0.0,0.0,0.0,0.0,0.0,82
2023-05-09 21:29:00,TA401C5900,TA401C5900,152.5,0.0,0.0,0.0,5,140.5,144.0,5,152.5,0.0,0.0,0.0,0.0,0.0,82
2023-05-09 21:29:50,TA401C5900,TA401C5900,152.5,0.0,0.0,0.0,5,139.5,144.0,5,152.5,0.0,0.0,0.0,0.0,0.0,82
2023-05-09 21:30:02,TA401C5900,TA401C5900,152.5,0.0,0.0,0.0,5,139.5,143.0,5,152.5,0.0,0.0,0.0,0.0,0.0,82
2023-05-09 21:30:54,TA401C5900,TA401C5900,152.5,0.0,0.0,0.0,5,138.0,143.0,5,152.5,0.0,0.0,0.0,0.0,0.0,82
2023-05-09 21:30:59,TA401C5900,TA401C5900,152.5,0.0,0.0,0.0,5,138.0,142.0,5,152.5,0.0,0.0,0.0,0.0,0.0,82
2023-05-09 21:32:12,TA401C5900,TA401C5900,152.5,0.0,0.0,0.0,1,130.0,142.0,5,152.5,0.0,0.0,0.0,0.0,0.0,82
2023-05-09 21:32:17,TA401C5900,TA401C5900,152.5,0.0,0.0,0.0,5,136.5,142.0,5,152.5,0.0,0.0,0.0,0.0,0.0,82
2023-05-09 21:32:19,TA401C5900,TA401C5900,152.5,0.0,0.0,0.0,5,136.5,141.0,5,152.5,0.0,0.0,0.0,0.0,0.0,82
2023-05-09 21:33:27,TA401C5900,TA401C5900,152.5,0.0,0.0,0.0,5,136.5,140.0,5,152.5,0.0,0.0,0.0,0.0,0.0,82
2023-05-09 21:34:35,TA401C5900,TA401C5900,152.5,0.0,0.0,0.0,5,136.5,141.0,5,152.5,0.0,0.0,0.0,0.0,0.0,82
2023-05-09 21:34:46,TA401C5900,TA401C5900,152.5,0.0,0.0,0.0,5,137.5,141.0,5,152.5,0.0,0.0,0.0,0.0,0.0,82
2023-05-09 21:35:19,TA401C5900,TA401C5900,152.5,0.0,0.0,0.0,5,137.5,142.5,5,152.5,0.0,0.0,0.0,0.0,0.0,82
2023-05-09 21:37:38,TA401C5900,TA401C5900,152.5,0.0,0.0,0.0,5,137.5,141.5,5,152.5,0.0,0.0,0.0,0.0,0.0,82
2023-05-09 21:42:49,TA401C5900,TA401C5900,152.5,0.0,0.0,0.0,5,137.5,142.5,5,152.5,0.0,0.0,0.0,0.0,0.0,82
2023-05-09 21:42:51,TA401C5900,TA401C5900,152.5,0.0,0.0,0.0,5,138.5,142.5,5,152.5,0.0,0.0,0.0,0.0,0.0,82
2023-05-09 21:47:48,TA401C5900,TA401C5900,152.5,0.0,0.0,0.0,5,139.5,142.5,5,152.5,0.0,0.0,0.0,0.0,0.0,82
2023-05-09 21:48:05,TA401C5900,TA401C5900,152.5,0.0,0.0,0.0,5,139.5,144.0,5,152.5,0.0,0.0,0.0,0.0,0.0,82
2023-05-09 21:48:24,TA401C5900,TA401C5900,152.5,0.0,0.0,0.0,5,140.5,144.0,5,152.5,0.0,0.0,0.0,0.0,0.0,82
2023-05-09 21:48:44,TA401C5900,TA401C5900,152.5,0.0,0.0,0.0,5,140.5,168.0,1,152.5,0.0,0.0,0.0,0.0,0.0,82
2023-05-09 21:48:47,TA401C5900,TA401C5900,152.5,0.0,0.0,0.0,5,140.5,145.5,5,152.5,0.0,0.0,0.0,0.0,0.0,82
2023-05-09 21:49:05,TA401C5900,TA401C5900,152.5,0.0,0.0,0.0,5,141.5,145.5,5,152.5,0.0,0.0,0.0,0.0,0.0,82
2023-05-09 21:49:54,TA401C5900,TA401C5900,152.5,0.0,0.0,0.0,5,141.5,144.5,5,152.5,0.0,0.0,0.0,0.0,0.0,82
2023-05-09 21:51:02,TA401C5900,TA401C5900,152.5,0.0,0.0,0.0,5,141.5,145.5,5,152.5,0.0,0.0,0.0,0.0,0.0,82
2023-05-09 21:59:19,TA401C5900,TA401C5900,152.5,0.0,0.0,0.0,5,142.5,145.5,5,152.5,0.0,0.0,0.0,0.0,0.0,82
2023-05-09 22:00:03,TA401C5900,TA401C5900,152.5,0.0,0.0,0.0,5,142.5,168.0,1,152.5,0.0,0.0,0.0,0.0,0.0,82
2023-05-09 22:00:08,TA401C5900,TA401C5900,152.5,0.0,0.0,0.0,5,142.5,147.5,5,152.5,0.0,0.0,0.0,0.0,0.0,82
2023-05-09 22:00:17,TA401C5900,TA401C5900,152.5,0.0,0.0,0.0,5,143.5,147.5,5,152.5,0.0,0.0,0.0,0.0,0.0,82
2023-05-09 22:00:28,TA401C5900,TA401C5900,152.5,0.0,0.0,0.0,5,143.5,168.0,1,152.5,0.0,0.0,0.0,0.0,0.0,82
2023-05-09 22:00:30,TA401C5900,TA401C5900,152.5,0.0,0.0,0.0,5,144.5,168.0,1,152.5,0.0,0.0,0.0,0.0,0.0,82
2023-05-09 22:00:36,TA401C5900,TA401C5900,152.5,0.0,0.0,0.0,5,144.5,149.0,5,152.5,0.0,0.0,0.0,0.0,0.0,82
2023-05-09 22:00:53,TA401C5900,TA401C5900,152.5,0.0,0.0,0.0,5,144.5,148.0,5,152.5,0.0,0.0,0.0,0.0,0.0,82
2023-05-09 22:01:09,TA401C5900,TA401C5900,152.5,0.0,0.0,0.0,5,143.5,148.0,5,152.5,0.0,0.0,0.0,0.0,0.0,82
2023-05-09 22:01:38,TA401C5900,TA401C5900,152.5,0.0,0.0,0.0,5,144.5,148.0,5,152.5,0.0,0.0,0.0,0.0,0.0,82
2023-05-09 22:02:23,TA401C5900,TA401C5900,152.5,0.0,0.0,0.0,5,143.5,148.0,5,152.5,0.0,0.0,0.0,0.0,0.0,82
2023-05-09 22:02:25,TA401C5900,TA401C5900,152.5,0.0,0.0,0.0,1,130.0,148.0,5,152.5,0.0,0.0,0.0,0.0,0.0,82
2023-05-09 22:02:28,TA401C5900,TA401C5900,152.5,0.0,0.0,0.0,5,142.5,148.0,5,152.5,0.0,0.0,0.0,0.0,0.0,82
2023-05-09 22:02:29,TA401C5900,TA401C5900,152.5,0.0,0.0,0.0,5,142.5,146.5,5,152.5,0.0,0.0,0.0,0.0,0.0,82
2023-05-09 22:02:54,TA401C5900,TA401C5900,152.5,0.0,0.0,0.0,5,143.5,146.5,5,152.5,0.0,0.0,0.0,0.0,0.0,82
2023-05-09 22:02:56,TA401C5900,TA401C5900,152.5,0.0,0.0,0.0,5,143.5,148.0,5,152.5,0.0,0.0,0.0,0.0,0.0,82
2023-05-09 22:03:22,TA401C5900,TA401C5900,152.5,0.0,0.0,0.0,5,143.5,147.0,5,152.5,0.0,0.0,0.0,0.0,0.0,82
2023-05-09 22:04:40,TA401C5900,TA401C5900,152.5,0.0,0.0,0.0,5,142.5,147.0,5,152.5,0.0,0.0,0.0,0.0,0.0,82
2023-05-09 22:05:31,TA401C5900,TA401C5900,152.5,0.0,0.0,0.0,5,142.5,146.0,5,152.5,0.0,0.0,0.0,0.0,0.0,82
2023-05-09 22:05:59,TA401C5900,TA401C5900,152.5,0.0,0.0,0.0,1,130.0,146.0,5,152.5,0.0,0.0,0.0,0.0,0.0,82
2023-05-09 22:06:01,TA401C5900,TA401C5900,152.5,0.0,0.0,0.0,5,141.0,146.0,5,152.5,0.0,0.0,0.0,0.0,0.0,82
2023-05-09 22:06:05,TA401C5900,TA401C5900,152.5,0.0,0.0,0.0,5,141.0,145.0,5,152.5,0.0,0.0,0.0,0.0,0.0,82
2023-05-09 22:06:50,TA401C5900,TA401C5900,152.5,0.0,0.0,0.0,1,130.0,145.0,5,152.5,0.0,0.0,0.0,0.0,0.0,82
2023-05-09 22:06:52,TA401C5900,TA401C5900,152.5,0.0,0.0,0.0,5,140.0,145.0,5,152.5,0.0,0.0,0.0,0.0,0.0,82
2023-05-09 22:09:31,TA401C5900,TA401C5900,152.5,0.0,0.0,0.0,5,141.0,145.0,5,152.5,0.0,0.0,0.0,0.0,0.0,82
2023-05-09 22:10:28,TA401C5900,TA401C5900,152.5,0.0,0.0,0.0,5,140.0,144.0,5,152.5,0.0,0.0,0.0,0.0,0.0,82
2023-05-09 22:11:37,TA401C5900,TA401C5900,152.5,0.0,0.0,0.0,5,141.0,144.0,5,152.5,0.0,0.0,0.0,0.0,0.0,82
2023-05-09 22:12:33,TA401C5900,TA401C5900,152.5,0.0,0.0,0.0,5,141.0,145.0,5,152.5,0.0,0.0,0.0,0.0,0.0,82
2023-05-09 22:21:02,TA401C5900,TA401C5900,152.5,0.0,0.0,0.0,5,141.0,144.0,5,152.5,0.0,0.0,0.0,0.0,0.0,82
2023-05-09 22:21:23,TA401C5900,TA401C5900,152.5,0.0,0.0,0.0,5,140.0,144.0,5,152.5,0.0,0.0,0.0,0.0,0.0,82
2023-05-09 22:22:56,TA401C5900,TA401C5900,152.5,0.0,0.0,0.0,5,140.0,143.0,5,152.5,0.0,0.0,0.0,0.0,0.0,82
2023-05-09 22:24:33,TA401C5900,TA401C5900,152.5,0.0,0.0,0.0,5,140.0,144.0,5,152.5,0.0,0.0,0.0,0.0,0.0,82
2023-05-09 22:26:15,TA401C5900,TA401C5900,152.5,0.0,0.0,0.0,5,141.0,144.0,5,152.5,0.0,0.0,0.0,0.0,0.0,82
2023-05-09 22:26:37,TA401C5900,TA401C5900,152.5,0.0,0.0,0.0,5,141.0,145.5,5,152.5,0.0,0.0,0.0,0.0,0.0,82
2023-05-09 22:30:21,TA401C5900,TA401C5900,152.5,0.0,0.0,0.0,5,141.0,144.5,5,152.5,0.0,0.0,0.0,0.0,0.0,82
2023-05-09 22:31:13,TA401C5900,TA401C5900,152.5,0.0,0.0,0.0,5,141.0,145.5,5,152.5,0.0,0.0,0.0,0.0,0.0,82
2023-05-09 22:32:12,TA401C5900,TA401C5900,152.5,0.0,0.0,0.0,5,140.0,145.5,5,152.5,0.0,0.0,0.0,0.0,0.0,82
2023-05-09 22:32:19,TA401C5900,TA401C5900,152.5,0.0,0.0,0.0,5,140.0,144.0,5,152.5,0.0,0.0,0.0,0.0,0.0,82
2023-05-09 22:32:35,TA401C5900,TA401C5900,152.5,0.0,0.0,0.0,1,76.0,143.0,5,152.5,0.0,0.0,0.0,0.0,0.0,82
2023-05-09 22:32:35,TA401C5900,TA401C5900,152.5,0.0,0.0,0.0,2,82.5,143.0,5,152.5,0.0,0.0,0.0,0.0,0.0,82
2023-05-09 22:32:35,TA401C5900,TA401C5900,152.5,0.0,0.0,0.0,1,127.0,143.0,5,152.5,0.0,0.0,0.0,0.0,0.0,82
2023-05-09 22:32:38,TA401C5900,TA401C5900,152.5,0.0,0.0,0.0,5,139.0,143.0,5,152.5,0.0,0.0,0.0,0.0,0.0,82
2023-05-09 22:39:21,TA401C5900,TA401C5900,152.5,0.0,0.0,0.0,5,140.0,143.0,5,152.5,0.0,0.0,0.0,0.0,0.0,82
2023-05-09 22:40:30,TA401C5900,TA401C5900,152.5,0.0,0.0,0.0,5,140.0,144.0,5,152.5,0.0,0.0,0.0,0.0,0.0,82
2023-05-09 22:44:57,TA401C5900,TA401C5900,152.5,0.0,0.0,0.0,5,141.0,144.0,5,152.5,0.0,0.0,0.0,0.0,0.0,82
2023-05-09 22:46:29,TA401C5900,TA401C5900,152.5,0.0,0.0,0.0,5,140.0,144.0,5,152.5,0.0,0.0,0.0,0.0,0.0,82
2023-05-09 22:48:37,TA401C5900,TA401C5900,152.5,0.0,0.0,0.0,5,140.0,143.0,5,152.5,0.0,0.0,0.0,0.0,0.0,82
2023-05-09 22:48:39,TA401C5900,TA401C5900,152.5,0.0,0.0,0.0,5,138.5,143.0,5,152.5,0.0,0.0,0.0,0.0,0.0,82
2023-05-09 22:49:17,TA401C5900,TA401C5900,152.5,0.0,0.0,0.0,5,138.5,142.0,5,152.5,0.0,0.0,0.0,0.0,0.0,82
2023-05-09 22:49:24,TA401C5900,TA401C5900,152.5,0.0,0.0,0.0,5,137.0,142.0,5,152.5,0.0,0.0,0.0,0.0,0.0,82
2023-05-09 22:49:44,TA401C5900,TA401C5900,152.5,0.0,0.0,0.0,5,137.0,140.5,5,152.5,0.0,0.0,0.0,0.0,0.0,82
2023-05-09 22:55:07,TA401C5900,TA401C5900,152.5,0.0,0.0,0.0,5,137.0,142.0,5,152.5,0.0,0.0,0.0,0.0,0.0,82
2023-05-09 22:55:57,TA401C5900,TA401C5900,152.5,0.0,0.0,0.0,1,127.0,168.0,1,152.5,0.0,0.0,0.0,0.0,0.0,82
2023-05-09 22:56:31,TA401C5900,TA401C5900,152.5,0.0,0.0,0.0,9,30.0,189.0,1,152.5,0.0,0.0,0.0,0.0,0.0,82
2023-05-09 22:56:31,TA401C5900,TA401C5900,152.5,0.0,0.0,0.0,1,30.5,189.0,1,152.5,0.0,0.0,0.0,0.0,0.0,82
2023-05-09 22:56:32,TA401C5900,TA401C5900,152.5,0.0,0.0,0.0,2,37.0,189.0,1,152.5,0.0,0.0,0.0,0.0,0.0,82
2023-05-09 22:56:34,TA401C5900,TA401C5900,152.5,0.0,0.0,0.0,1,38.5,189.0,1,152.5,0.0,0.0,0.0,0.0,0.0,82
2023-05-09 22:56:35,TA401C5900,TA401C5900,152.5,0.0,0.0,0.0,2,45.0,189.0,1,152.5,0.0,0.0,0.0,0.0,0.0,82
2023-05-09 22:56:37,TA401C5900,TA401C5900,152.5,0.0,0.0,0.0,1,46.5,189.0,1,152.5,0.0,0.0,0.0,0.0,0.0,82
2023-05-09 22:56:42,TA401C5900,TA401C5900,152.5,0.0,0.0,0.0,2,50.0,189.0,1,152.5,0.0,0.0,0.0,0.0,0.0,82
2023-05-09 22:56:42,TA401C5900,TA401C5900,152.5,0.0,0.0,0.0,1,51.5,189.0,1,152.5,0.0,0.0,0.0,0.0,0.0,82
2023-05-09 22:56:57,TA401C5900,TA401C5900,152.5,0.0,0.0,0.0,2,55.0,189.0,1,152.5,0.0,0.0,0.0,0.0,0.0,82
2023-05-09 22:57:10,TA401C5900,TA401C5900,152.5,0.0,0.0,0.0,1,30.5,189.0,1,152.5,0.0,0.0,0.0,0.0,0.0,82
2023-05-09 22:57:10,TA401C5900,TA401C5900,152.5,0.0,0.0,0.0,1,32.0,189.0,1,152.5,0.0,0.0,0.0,0.0,0.0,82
2023-05-09 22:59:50,TA401C5900,TA401C5900,152.5,0.0,0.0,0.0,1,30.5,189.0,1,152.5,0.0,0.0,0.0,0.0,0.0,82
2023-05-10 09:00:00,TA401C5900,TA401C5900,152.5,0.0,0.0,0.0,1,58.0,189.0,1,152.5,0.0,0.0,0.0,0.0,0.0,82
2023-05-10 09:00:02,TA401C5900,TA401C5900,152.5,0.0,0.0,0.0,1,58.0,163.0,1,152.5,0.0,0.0,0.0,0.0,0.0,82
2023-05-10 09:00:51,TA401C5900,TA401C5900,152.5,0.0,0.0,0.0,1,86.0,163.0,1,152.5,0.0,0.0,0.0,0.0,0.0,82
2023-05-10 09:01:27,TA401C5900,TA401C5900,152.5,0.0,0.0,0.0,1,126.0,163.0,1,152.5,0.0,0.0,0.0,0.0,0.0,82
2023-05-10 09:01:29,TA401C5900,TA401C5900,152.5,0.0,0.0,0.0,1,126.0,149.0,5,152.5,0.0,0.0,0.0,0.0,0.0,82
2023-05-10 09:01:31,TA401C5900,TA401C5900,152.5,0.0,0.0,0.0,5,142.5,149.0,5,152.5,0.0,0.0,0.0,0.0,0.0,82
2023-05-10 09:02:20,TA401C5900,TA401C5900,152.5,0.0,0.0,0.0,5,144.0,149.0,5,152.5,0.0,0.0,0.0,0.0,0.0,82
2023-05-10 09:02:56,TA401C5900,TA401C5900,152.5,0.0,0.0,0.0,5,144.0,163.0,1,152.5,0.0,0.0,0.0,0.0,0.0,82
2023-05-10 09:03:04,TA401C5900,TA401C5900,152.5,0.0,0.0,0.0,5,144.0,151.5,5,152.5,0.0,0.0,0.0,0.0,0.0,82
2023-05-10 09:03:08,TA401C5900,TA401C5900,152.5,0.0,0.0,0.0,5,146.0,151.5,5,152.5,0.0,0.0,0.0,0.0,0.0,82
2023-05-10 09:03:17,TA401C5900,TA401C5900,152.5,0.0,0.0,0.0,5,146.0,163.0,1,152.5,0.0,0.0,0.0,0.0,0.0,82
2023-05-10 09:03:19,TA401C5900,TA401C5900,152.5,0.0,0.0,0.0,5,148.0,163.0,1,152.5,0.0,0.0,0.0,0.0,0.0,82
2023-05-10 09:03:25,TA401C5900,TA401C5900,152.5,0.0,0.0,0.0,5,148.0,152.5,5,152.5,0.0,0.0,0.0,0.0,0.0,82
2023-05-10 09:03:44,TA401C5900,TA401C5900,152.5,0.0,0.0,0.0,5,146.0,152.5,5,152.5,0.0,0.0,0.0,0.0,0.0,82
2023-05-10 09:04:05,TA401C5900,TA401C5900,152.5,0.0,0.0,0.0,5,146.0,151.0,5,152.5,0.0,0.0,0.0,0.0,0.0,82
2023-05-10 09:07:00,TA401C5900,TA401C5900,152.5,0.0,0.0,0.0,1,126.0,151.0,5,152.5,0.0,0.0,0.0,0.0,0.0,82
2023-05-10 09:07:05,TA401C5900,TA401C5900,152.5,0.0,0.0,0.0,5,144.5,149.5,5,152.5,0.0,0.0,0.0,0.0,0.0,82
2023-05-10 09:07:55,TA401C5900,TA401C5900,152.5,0.0,0.0,0.0,5,144.5,148.0,5,152.5,0.0,0.0,0.0,0.0,0.0,82
2023-05-10 09:08:13,TA401C5900,TA401C5900,152.5,0.0,0.0,0.0,5,144.5,149.5,5,152.5,0.0,0.0,0.0,0.0,0.0,82
2023-05-10 09:10:42,TA401C5900,TA401C5900,152.5,0.0,0.0,0.0,1,126.0,149.5,5,152.5,0.0,0.0,0.0,0.0,0.0,82
2023-05-10 09:10:45,TA401C5900,TA401C5900,152.5,0.0,0.0,0.0,5,143.0,149.5,5,152.5,0.0,0.0,0.0,0.0,0.0,82
2023-05-10 09:10:46,TA401C5900,TA401C5900,152.5,0.0,0.0,0.0,5,143.0,148.5,5,152.5,0.0,0.0,0.0,0.0,0.0,82
2023-05-10 09:11:06,TA401C5900,TA401C5900,152.5,0.0,0.0,0.0,5,143.0,147.5,5,152.5,0.0,0.0,0.0,0.0,0.0,82
2023-05-10 09:12:33,TA401C5900,TA401C5900,152.5,0.0,0.0,0.0,5,143.0,146.5,5,152.5,0.0,0.0,0.0,0.0,0.0,82
2023-05-10 09:12:41,TA401C5900,TA401C5900,152.5,0.0,0.0,0.0,5,141.0,146.5,5,152.5,0.0,0.0,0.0,0.0,0.0,82
2023-05-10 09:13:26,TA401C5900,TA401C5900,152.5,0.0,0.0,0.0,5,142.0,146.5,5,152.5,0.0,0.0,0.0,0.0,0.0,82
2023-05-10 09:16:38,TA401C5900,TA401C5900,152.5,0.0,0.0,0.0,5,141.0,146.5,5,152.5,0.0,0.0,0.0,0.0,0.0,82
2023-05-10 09:16:43,TA401C5900,TA401C5900,152.5,0.0,0.0,0.0,5,141.0,145.0,5,152.5,0.0,0.0,0.0,0.0,0.0,82
2023-05-10 09:18:42,TA401C5900,TA401C5900,152.5,0.0,0.0,0.0,5,141.0,146.5,5,152.5,0.0,0.0,0.0,0.0,0.0,82
2023-05-10 09:18:49,TA401C5900,TA401C5900,152.5,0.0,0.0,0.0,5,142.0,146.5,5,152.5,0.0,0.0,0.0,0.0,0.0,82
2023-05-10 09:19:14,TA401C5900,TA401C5900,152.5,0.0,0.0,0.0,5,142.0,163.0,1,152.5,0.0,0.0,0.0,0.0,0.0,82
2023-05-10 09:19:16,TA401C5900,TA401C5900,152.5,0.0,0.0,0.0,5,143.5,163.0,1,152.5,0.0,0.0,0.0,0.0,0.0,82
2023-05-10 09:19:19,TA401C5900,TA401C5900,152.5,0.0,0.0,0.0,5,143.5,148.5,5,152.5,0.0,0.0,0.0,0.0,0.0,82
2023-05-10 09:22:42,TA401C5900,TA401C5900,152.5,0.0,0.0,0.0,5,143.5,147.5,5,152.5,0.0,0.0,0.0,0.0,0.0,82
2023-05-10 09:27:15,TA401C5900,TA401C5900,152.5,0.0,0.0,0.0,5,142.0,147.5,5,152.5,0.0,0.0,0.0,0.0,0.0,82
2023-05-10 09:27:29,TA401C5900,TA401C5900,152.5,0.0,0.0,0.0,5,142.0,146.5,5,152.5,0.0,0.0,0.0,0.0,0.0,82
2023-05-10 09:27:43,TA401C5900,TA401C5900,152.5,0.0,0.0,0.0,5,142.0,145.5,5,152.5,0.0,0.0,0.0,0.0,0.0,82
2023-05-10 09:27:44,TA401C5900,TA401C5900,152.5,0.0,0.0,0.0,1,126.0,145.5,5,152.5,0.0,0.0,0.0,0.0,0.0,82
2023-05-10 09:27:45,TA401C5900,TA401C5900,152.5,0.0,0.0,0.0,5,140.0,145.5,5,152.5,0.0,0.0,0.0,0.0,0.0,82
2023-05-10 09:28:26,TA401C5900,TA401C5900,152.5,0.0,0.0,0.0,5,141.0,145.5,5,152.5,0.0,0.0,0.0,0.0,0.0,82
2023-05-10 09:30:31,TA401C5900,TA401C5900,152.5,0.0,0.0,0.0,5,142.0,145.5,5,152.5,0.0,0.0,0.0,0.0,0.0,82
2023-05-10 09:30:33,TA401C5900,TA401C5900,152.5,0.0,0.0,0.0,5,142.0,146.5,5,152.5,0.0,0.0,0.0,0.0,0.0,82
2023-05-10 09:33:28,TA401C5900,TA401C5900,152.5,0.0,0.0,0.0,5,142.0,163.0,1,152.5,0.0,0.0,0.0,0.0,0.0,82
2023-05-10 09:33:29,TA401C5900,TA401C5900,152.5,0.0,0.0,0.0,5,142.0,148.5,5,152.5,0.0,0.0,0.0,0.0,0.0,82
2023-05-10 09:33:32,TA401C5900,TA401C5900,152.5,0.0,0.0,0.0,5,143.5,148.5,5,152.5,0.0,0.0,0.0,0.0,0.0,82
2023-05-10 09:34:05,TA401C5900,TA401C5900,152.5,0.0,0.0,0.0,5,143.5,147.5,5,152.5,0.0,0.0,0.0,0.0,0.0,82
2023-05-10 09:36:30,TA401C5900,TA401C5900,152.5,0.0,0.0,0.0,5,142.0,147.5,5,152.5,0.0,0.0,0.0,0.0,0.0,82
2023-05-10 09:38:18,TA401C5900,TA401C5900,152.5,0.0,0.0,0.0,5,143.5,147.5,5,152.5,0.0,0.0,0.0,0.0,0.0,82
2023-05-10 09:39:10,TA401C5900,TA401C5900,152.5,0.0,0.0,0.0,5,143.5,148.5,5,152.5,0.0,0.0,0.0,0.0,0.0,82
2023-05-10 09:41:34,TA401C5900,TA401C5900,152.5,0.0,0.0,0.0,5,143.5,147.5,5,152.5,0.0,0.0,0.0,0.0,0.0,82
2023-05-10 09:42:11,TA401C5900,TA401C5900,152.5,0.0,0.0,0.0,5,142.0,147.5,5,152.5,0.0,0.0,0.0,0.0,0.0,82
2023-05-10 09:43:18,TA401C5900,TA401C5900,152.5,0.0,0.0,0.0,5,142.0,146.0,5,152.5,0.0,0.0,0.0,0.0,0.0,82
2023-05-10 09:44:53,TA401C5900,TA401C5900,152.5,0.0,0.0,0.0,5,140.0,146.0,5,152.5,0.0,0.0,0.0,0.0,0.0,82
2023-05-10 09:47:11,TA401C5900,TA401C5900,152.5,0.0,0.0,0.0,5,141.0,146.0,5,152.5,0.0,0.0,0.0,0.0,0.0,82
2023-05-10 09:50:06,TA401C5900,TA401C5900,152.5,0.0,0.0,0.0,5,141.0,145.0,5,152.5,0.0,0.0,0.0,0.0,0.0,82
2023-05-10 09:53:06,TA401C5900,TA401C5900,152.5,0.0,0.0,0.0,5,140.0,145.0,5,152.5,0.0,0.0,0.0,0.0,0.0,82
2023-05-10 09:53:19,TA401C5900,TA401C5900,152.5,0.0,0.0,0.0,5,140.0,143.5,5,152.5,0.0,0.0,0.0,0.0,0.0,82
2023-05-10 09:54:19,TA401C5900,TA401C5900,152.5,0.0,0.0,0.0,1,126.0,143.5,5,152.5,0.0,0.0,0.0,0.0,0.0,82
2023-05-10 09:54:20,TA401C5900,TA401C5900,152.5,0.0,0.0,0.0,5,138.5,143.5,5,152.5,0.0,0.0,0.0,0.0,0.0,82
2023-05-10 09:55:44,TA401C5900,TA401C5900,152.5,0.0,0.0,0.0,5,138.5,142.5,5,152.5,0.0,0.0,0.0,0.0,0.0,82
2023-05-10 09:58:31,TA401C5900,TA401C5900,152.5,0.0,0.0,0.0,5,138.5,143.5,5,152.5,0.0,0.0,0.0,0.0,0.0,82
2023-05-10 09:58:48,TA401C5900,TA401C5900,152.5,0.0,0.0,0.0,5,140.0,143.5,5,152.5,0.0,0.0,0.0,0.0,0.0,82
2023-05-10 09:59:34,TA401C5900,TA401C5900,152.5,0.0,0.0,0.0,5,140.0,145.5,5,152.5,0.0,0.0,0.0,0.0,0.0,82
2023-05-10 10:00:46,TA401C5900,TA401C5900,152.5,0.0,0.0,0.0,5,141.0,145.5,5,152.5,0.0,0.0,0.0,0.0,0.0,82
2023-05-10 10:00:51,TA401C5900,TA401C5900,152.5,0.0,0.0,0.0,5,141.0,163.0,1,152.5,0.0,0.0,0.0,0.0,0.0,82
2023-05-10 10:00:53,TA401C5900,TA401C5900,152.5,0.0,0.0,0.0,5,141.0,147.0,5,152.5,0.0,0.0,0.0,0.0,0.0,82
2023-05-10 10:00:56,TA401C5900,TA401C5900,152.5,0.0,0.0,0.0,5,142.0,147.0,5,152.5,0.0,0.0,0.0,0.0,0.0,82
2023-05-10 10:01:34,TA401C5900,TA401C5900,152.5,0.0,0.0,0.0,5,142.0,146.0,5,152.5,0.0,0.0,0.0,0.0,0.0,82
2023-05-10 10:01:43,TA401C5900,TA401C5900,152.5,0.0,0.0,0.0,5,141.0,146.0,5,152.5,0.0,0.0,0.0,0.0,0.0,82
2023-05-10 10:04:05,TA401C5900,TA401C5900,152.5,0.0,0.0,0.0,5,141.0,145.0,5,152.5,0.0,0.0,0.0,0.0,0.0,82
2023-05-10 10:09:34,TA401C5900,TA401C5900,152.5,0.0,0.0,0.0,5,141.0,146.0,5,152.5,0.0,0.0,0.0,0.0,0.0,82
2023-05-10 10:09:41,TA401C5900,TA401C5900,152.5,0.0,0.0,0.0,5,142.5,146.0,5,152.5,0.0,0.0,0.0,0.0,0.0,82
2023-05-10 10:10:14,TA401C5900,TA401C5900,152.5,0.0,0.0,0.0,5,142.5,148.0,5,152.5,0.0,0.0,0.0,0.0,0.0,82
2023-05-10 10:11:27,TA401C5900,TA401C5900,152.5,0.0,0.0,0.0,5,142.5,147.0,5,152.5,0.0,0.0,0.0,0.0,0.0,82
2023-05-10 10:14:33,TA401C5900,TA401C5900,152.5,0.0,0.0,0.0,5,142.5,146.0,5,152.5,0.0,0.0,0.0,0.0,0.0,82
2023-05-10 10:14:35,TA401C5900,TA401C5900,152.5,0.0,0.0,0.0,5,141.0,146.0,5,152.5,0.0,0.0,0.0,0.0,0.0,82
2023-05-10 10:30:56,TA401C5900,TA401C5900,152.5,0.0,0.0,0.0,5,141.0,145.0,5,152.5,0.0,0.0,0.0,0.0,0.0,82
2023-05-10 10:31:22,TA401C5900,TA401C5900,152.5,0.0,0.0,0.0,5,139.0,145.0,5,152.5,0.0,0.0,0.0,0.0,0.0,82
2023-05-10 10:34:22,TA401C5900,TA401C5900,152.5,0.0,0.0,0.0,5,140.0,145.0,5,152.5,0.0,0.0,0.0,0.0,0.0,82
2023-05-10 10:36:23,TA401C5900,TA401C5900,152.5,0.0,0.0,0.0,5,140.0,144.0,5,152.5,0.0,0.0,0.0,0.0,0.0,82
2023-05-10 10:38:03,TA401C5900,TA401C5900,152.5,0.0,0.0,0.0,5,139.0,144.0,5,152.5,0.0,0.0,0.0,0.0,0.0,82
2023-05-10 10:38:31,TA401C5900,TA401C5900,152.5,0.0,0.0,0.0,5,139.0,143.0,5,152.5,0.0,0.0,0.0,0.0,0.0,82
2023-05-10 10:38:47,TA401C5900,TA401C5900,152.5,0.0,0.0,0.0,5,137.0,143.0,5,152.5,0.0,0.0,0.0,0.0,0.0,82
2023-05-10 10:39:03,TA401C5900,TA401C5900,152.5,0.0,0.0,0.0,5,137.0,142.0,5,152.5,0.0,0.0,0.0,0.0,0.0,82
2023-05-10 10:39:21,TA401C5900,TA401C5900,152.5,0.0,0.0,0.0,5,137.0,141.0,5,152.5,0.0,0.0,0.0,0.0,0.0,82
2023-05-10 10:39:25,TA401C5900,TA401C5900,152.5,0.0,0.0,0.0,5,135.0,141.0,5,152.5,0.0,0.0,0.0,0.0,0.0,82
2023-05-10 10:40:19,TA401C5900,TA401C5900,152.5,0.0,0.0,0.0,5,136.0,141.0,5,152.5,0.0,0.0,0.0,0.0,0.0,82
2023-05-10 10:44:07,TA401C5900,TA401C5900,152.5,0.0,0.0,0.0,5,137.0,141.0,5,152.5,0.0,0.0,0.0,0.0,0.0,82
2023-05-10 10:44:07,TA401C5900,TA401C5900,152.5,0.0,0.0,0.0,5,137.0,142.0,5,152.5,0.0,0.0,0.0,0.0,0.0,82
2023-05-10 10:46:43,TA401C5900,TA401C5900,152.5,0.0,0.0,0.0,5,138.0,142.0,5,152.5,0.0,0.0,0.0,0.0,0.0,82
2023-05-10 10:48:02,TA401C5900,TA401C5900,152.5,0.0,0.0,0.0,5,137.0,142.0,5,152.5,0.0,0.0,0.0,0.0,0.0,82
2023-05-10 10:48:22,TA401C5900,TA401C5900,152.5,0.0,0.0,0.0,5,137.0,141.0,5,152.5,0.0,0.0,0.0,0.0,0.0,82
2023-05-10 11:00:10,TA401C5900,TA401C5900,152.5,0.0,0.0,0.0,5,137.0,142.0,5,152.5,0.0,0.0,0.0,0.0,0.0,82
2023-05-10 11:00:42,TA401C5900,TA401C5900,152.5,0.0,0.0,0.0,5,138.0,142.0,5,152.5,0.0,0.0,0.0,0.0,0.0,82
2023-05-10 11:05:19,TA401C5900,TA401C5900,152.5,0.0,0.0,0.0,5,138.0,163.0,1,152.5,0.0,0.0,0.0,0.0,0.0,82
2023-05-10 11:05:23,TA401C5900,TA401C5900,152.5,0.0,0.0,0.0,5,138.0,144.0,5,152.5,0.0,0.0,0.0,0.0,0.0,82
2023-05-10 11:08:48,TA401C5900,TA401C5900,152.5,0.0,0.0,0.0,5,138.0,142.5,5,152.5,0.0,0.0,0.0,0.0,0.0,82
2023-05-10 11:15:45,TA401C5900,TA401C5900,152.5,0.0,0.0,0.0,5,138.0,141.5,5,152.5,0.0,0.0,0.0,0.0,0.0,82
2023-05-10 11:15:46,TA401C5900,TA401C5900,152.5,0.0,0.0,0.0,5,137.0,141.5,5,152.5,0.0,0.0,0.0,0.0,0.0,82
2023-05-10 11:16:01,TA401C5900,TA401C5900,152.5,0.0,0.0,0.0,5,137.0,140.5,5,152.5,0.0,0.0,0.0,0.0,0.0,82
2023-05-10 11:16:04,TA401C5900,TA401C5900,152.5,0.0,0.0,0.0,5,135.0,140.5,5,152.5,0.0,0.0,0.0,0.0,0.0,82
2023-05-10 11:17:13,TA401C5900,TA401C5900,152.5,0.0,0.0,0.0,5,136.5,140.5,5,152.5,0.0,0.0,0.0,0.0,0.0,82
2023-05-10 11:20:04,TA401C5900,TA401C5900,152.5,0.0,0.0,0.0,5,136.5,141.5,5,152.5,0.0,0.0,0.0,0.0,0.0,82
2023-05-10 11:29:19,TA401C5900,TA401C5900,152.5,0.0,0.0,0.0,5,137.5,141.5,5,152.5,0.0,0.0,0.0,0.0,0.0,82
2023-05-10 11:29:25,TA401C5900,TA401C5900,152.5,0.0,0.0,0.0,1,104.0,163.0,1,152.5,0.0,0.0,0.0,0.0,0.0,82
2023-05-10 11:29:35,TA401C5900,TA401C5900,152.5,0.0,0.0,0.0,1,86.0,163.0,1,152.5,0.0,0.0,0.0,0.0,0.0,82
2023-05-10 11:29:46,TA401C5900,TA401C5900,152.5,0.0,0.0,0.0,1,57.5,163.0,1,152.5,0.0,0.0,0.0,0.0,0.0,82
2023-05-10 13:30:58,TA401C5900,TA401C5900,152.5,0.0,0.0,0.0,1,57.5,143.0,5,152.5,0.0,0.0,0.0,0.0,0.0,82
2023-05-10 13:30:59,TA401C5900,TA401C5900,152.5,0.0,0.0,0.0,5,138.5,143.0,5,152.5,0.0,0.0,0.0,0.0,0.0,82
2023-05-10 13:31:28,TA401C5900,TA401C5900,152.5,0.0,0.0,0.0,5,138.5,142.0,5,152.5,0.0,0.0,0.0,0.0,0.0,82
2023-05-10 13:35:40,TA401C5900,TA401C5900,152.5,0.0,0.0,0.0,5,137.0,142.0,5,152.5,0.0,0.0,0.0,0.0,0.0,82
2023-05-10 13:36:23,TA401C5900,TA401C5900,152.5,0.0,0.0,0.0,5,138.0,142.0,5,152.5,0.0,0.0,0.0,0.0,0.0,82
2023-05-10 13:38:57,TA401C5900,TA401C5900,152.5,0.0,0.0,0.0,5,139.0,142.0,5,152.5,0.0,0.0,0.0,0.0,0.0,82
2023-05-10 13:39:21,TA401C5900,TA401C5900,152.5,0.0,0.0,0.0,5,138.0,142.0,5,152.5,0.0,0.0,0.0,0.0,0.0,82
2023-05-10 13:39:30,TA401C5900,TA401C5900,152.5,0.0,0.0,0.0,5,138.0,141.0,5,152.5,0.0,0.0,0.0,0.0,0.0,82
2023-05-10 13:40:17,TA401C5900,TA401C5900,152.5,0.0,0.0,0.0,5,136.5,141.0,5,152.5,0.0,0.0,0.0,0.0,0.0,82
2023-05-10 13:40:28,TA401C5900,TA401C5900,152.5,0.0,0.0,0.0,5,136.5,140.0,5,152.5,0.0,0.0,0.0,0.0,0.0,82
2023-05-10 13:41:07,TA401C5900,TA401C5900,152.5,0.0,0.0,0.0,5,135.0,140.0,5,152.5,0.0,0.0,0.0,0.0,0.0,82
2023-05-10 13:41:53,TA401C5900,TA401C5900,152.5,0.0,0.0,0.0,5,135.0,139.0,5,152.5,0.0,0.0,0.0,0.0,0.0,82
2023-05-10 13:49:08,TA401C5900,TA401C5900,152.5,0.0,0.0,0.0,5,135.0,138.0,5,152.5,0.0,0.0,0.0,0.0,0.0,82
2023-05-10 13:49:08,TA401C5900,TA401C5900,152.5,0.0,0.0,0.0,1,57.5,138.0,5,152.5,0.0,0.0,0.0,0.0,0.0,82
2023-05-10 13:49:09,TA401C5900,TA401C5900,152.5,0.0,0.0,0.0,2,64.0,138.0,5,152.5,0.0,0.0,0.0,0.0,0.0,82
2023-05-10 13:49:09,TA401C5900,TA401C5900,152.5,0.0,0.0,0.0,5,133.5,138.0,5,152.5,0.0,0.0,0.0,0.0,0.0,82
2023-05-10 13:49:58,TA401C5900,TA401C5900,152.5,0.0,0.0,0.0,5,133.5,137.0,5,152.5,0.0,0.0,0.0,0.0,0.0,82
2023-05-10 13:51:11,TA401C5900,TA401C5900,152.5,0.0,0.0,0.0,1,109.5,137.0,5,152.5,0.0,0.0,0.0,0.0,0.0,82
2023-05-10 13:51:12,TA401C5900,TA401C5900,152.5,0.0,0.0,0.0,2,110.0,137.0,5,152.5,0.0,0.0,0.0,0.0,0.0,82
2023-05-10 13:51:12,TA401C5900,TA401C5900,152.5,0.0,0.0,0.0,1,121.0,137.0,5,152.5,0.0,0.0,0.0,0.0,0.0,82
2023-05-10 13:51:15,TA401C5900,TA401C5900,152.5,0.0,0.0,0.0,5,132.0,137.0,5,152.5,0.0,0.0,0.0,0.0,0.0,82
2023-05-10 13:51:36,TA401C5900,TA401C5900,152.5,0.0,0.0,0.0,5,133.0,137.0,5,152.5,0.0,0.0,0.0,0.0,0.0,82
2023-05-10 13:54:59,TA401C5900,TA401C5900,152.5,0.0,0.0,0.0,5,134.0,137.0,5,152.5,0.0,0.0,0.0,0.0,0.0,82
2023-05-10 13:55:08,TA401C5900,TA401C5900,152.5,0.0,0.0,0.0,5,134.0,138.0,5,152.5,0.0,0.0,0.0,0.0,0.0,82
2023-05-10 13:59:47,TA401C5900,TA401C5900,152.5,0.0,0.0,0.0,5,135.0,138.0,5,152.5,0.0,0.0,0.0,0.0,0.0,82
2023-05-10 14:00:52,TA401C5900,TA401C5900,152.5,0.0,0.0,0.0,5,135.0,139.5,5,152.5,0.0,0.0,0.0,0.0,0.0,82
2023-05-10 14:01:18,TA401C5900,TA401C5900,152.5,0.0,0.0,0.0,5,135.0,138.5,5,152.5,0.0,0.0,0.0,0.0,0.0,82
2023-05-10 14:02:19,TA401C5900,TA401C5900,152.5,0.0,0.0,0.0,5,134.0,138.5,5,152.5,0.0,0.0,0.0,0.0,0.0,82
2023-05-10 14:02:30,TA401C5900,TA401C5900,152.5,0.0,0.0,0.0,5,134.0,137.5,5,152.5,0.0,0.0,0.0,0.0,0.0,82
2023-05-10 14:10:29,TA401C5900,TA401C5900,152.5,0.0,0.0,0.0,5,134.0,138.5,5,152.5,0.0,0.0,0.0,0.0,0.0,82
2023-05-10 14:10:55,TA401C5900,TA401C5900,152.5,0.0,0.0,0.0,5,135.0,138.5,5,152.5,0.0,0.0,0.0,0.0,0.0,82
2023-05-10 14:15:17,TA401C5900,TA401C5900,152.5,0.0,0.0,0.0,5,135.0,163.0,1,152.5,0.0,0.0,0.0,0.0,0.0,82
2023-05-10 14:15:18,TA401C5900,TA401C5900,152.5,0.0,0.0,0.0,5,135.0,140.0,5,152.5,0.0,0.0,0.0,0.0,0.0,82
2023-05-10 14:15:40,TA401C5900,TA401C5900,152.5,0.0,0.0,0.0,5,135.0,139.0,5,152.5,0.0,0.0,0.0,0.0,0.0,82
2023-05-10 14:17:16,TA401C5900,TA401C5900,152.5,0.0,0.0,0.0,5,136.0,139.0,5,152.5,0.0,0.0,0.0,0.0,0.0,82
2023-05-10 14:17:31,TA401C5900,TA401C5900,152.5,0.0,0.0,0.0,5,136.0,140.0,5,152.5,0.0,0.0,0.0,0.0,0.0,82
2023-05-10 14:19:21,TA401C5900,TA401C5900,152.5,0.0,0.0,0.0,5,135.0,140.0,5,152.5,0.0,0.0,0.0,0.0,0.0,82
2023-05-10 14:19:22,TA401C5900,TA401C5900,152.5,0.0,0.0,0.0,5,135.0,139.0,5,152.5,0.0,0.0,0.0,0.0,0.0,82
2023-05-10 14:26:50,TA401C5900,TA401C5900,152.5,0.0,0.0,0.0,5,135.0,138.0,5,152.5,0.0,0.0,0.0,0.0,0.0,82
2023-05-10 14:27:00,TA401C5900,TA401C5900,152.5,0.0,0.0,0.0,5,133.5,138.0,5,152.5,0.0,0.0,0.0,0.0,0.0,82
2023-05-10 14:28:14,TA401C5900,TA401C5900,152.5,0.0,0.0,0.0,5,133.5,137.0,5,152.5,0.0,0.0,0.0,0.0,0.0,82
2023-05-10 14:30:00,TA401C5900,TA401C5900,152.5,0.0,0.0,0.0,1,121.0,137.0,5,152.5,0.0,0.0,0.0,0.0,0.0,82
2023-05-10 14:30:01,TA401C5900,TA401C5900,152.5,0.0,0.0,0.0,5,132.0,137.0,5,152.5,0.0,0.0,0.0,0.0,0.0,82
2023-05-10 14:30:03,TA401C5900,TA401C5900,152.5,0.0,0.0,0.0,5,132.0,136.0,5,152.5,0.0,0.0,0.0,0.0,0.0,82
2023-05-10 14:31:57,TA401C5900,TA401C5900,152.5,0.0,0.0,0.0,5,132.0,135.0,5,152.5,0.0,0.0,0.0,0.0,0.0,82
2023-05-10 14:32:13,TA401C5900,TA401C5900,152.5,0.0,0.0,0.0,5,130.5,135.0,5,152.5,0.0,0.0,0.0,0.0,0.0,82
2023-05-10 14:33:10,TA401C5900,TA401C5900,152.5,0.0,0.0,0.0,5,130.5,134.0,5,152.5,0.0,0.0,0.0,0.0,0.0,82
2023-05-10 14:33:13,TA401C5900,TA401C5900,152.5,0.0,0.0,0.0,1,121.0,134.0,5,152.5,0.0,0.0,0.0,0.0,0.0,82
2023-05-10 14:33:16,TA401C5900,TA401C5900,152.5,0.0,0.0,0.0,5,129.0,134.0,5,152.5,0.0,0.0,0.0,0.0,0.0,82
2023-05-10 14:33:57,TA401C5900,TA401C5900,152.5,0.0,0.0,0.0,5,129.0,133.0,5,152.5,0.0,0.0,0.0,0.0,0.0,82
2023-05-10 14:34:31,TA401C5900,TA401C5900,152.5,0.0,0.0,0.0,5,129.0,132.0,5,152.5,0.0,0.0,0.0,0.0,0.0,82
2023-05-10 14:34:32,TA401C5900,TA401C5900,152.5,0.0,0.0,0.0,5,127.5,132.0,5,152.5,0.0,0.0,0.0,0.0,0.0,82
2023-05-10 14:35:24,TA401C5900,TA401C5900,152.5,0.0,0.0,0.0,5,127.5,131.0,5,152.5,0.0,0.0,0.0,0.0,0.0,82
2023-05-10 14:37:52,TA401C5900,TA401C5900,152.5,0.0,0.0,0.0,1,121.0,131.0,5,152.5,0.0,0.0,0.0,0.0,0.0,82
2023-05-10 14:37:55,TA401C5900,TA401C5900,152.5,0.0,0.0,0.0,5,126.0,131.0,5,152.5,0.0,0.0,0.0,0.0,0.0,82
2023-05-10 14:37:56,TA401C5900,TA401C5900,152.5,0.0,0.0,0.0,5,126.0,130.0,5,152.5,0.0,0.0,0.0,0.0,0.0,82
2023-05-10 14:38:38,TA401C5900,TA401C5900,152.5,0.0,0.0,0.0,5,126.0,129.0,5,152.5,0.0,0.0,0.0,0.0,0.0,82
2023-05-10 14:38:43,TA401C5900,TA401C5900,152.5,0.0,0.0,0.0,1,121.0,129.0,5,152.5,0.0,0.0,0.0,0.0,0.0,82
2023-05-10 14:38:44,TA401C5900,TA401C5900,152.5,0.0,0.0,0.0,5,124.5,129.0,5,152.5,0.0,0.0,0.0,0.0,0.0,82
2023-05-10 14:39:24,TA401C5900,TA401C5900,152.5,0.0,0.0,0.0,5,125.5,129.0,5,152.5,0.0,0.0,0.0,0.0,0.0,82
2023-05-10 14:40:07,TA401C5900,TA401C5900,152.5,0.0,0.0,0.0,5,124.5,129.0,5,152.5,0.0,0.0,0.0,0.0,0.0,82
2023-05-10 14:40:18,TA401C5900,TA401C5900,152.5,0.0,0.0,0.0,5,124.5,128.0,5,152.5,0.0,0.0,0.0,0.0,0.0,82
2023-05-10 14:40:37,TA401C5900,TA401C5900,152.5,0.0,0.0,0.0,5,124.5,129.0,5,152.5,0.0,0.0,0.0,0.0,0.0,82
2023-05-10 14:40:46,TA401C5900,TA401C5900,152.5,0.0,0.0,0.0,5,126.0,129.0,5,152.5,0.0,0.0,0.0,0.0,0.0,82
2023-05-10 14:40:48,TA401C5900,TA401C5900,152.5,0.0,0.0,0.0,5,126.0,163.0,1,152.5,0.0,0.0,0.0,0.0,0.0,82
2023-05-10 14:40:48,TA401C5900,TA401C5900,152.5,0.0,0.0,0.0,5,126.0,130.5,5,152.5,0.0,0.0,0.0,0.0,0.0,82
2023-05-10 14:41:15,TA401C5900,TA401C5900,152.5,0.0,0.0,0.0,5,127.0,130.5,5,152.5,0.0,0.0,0.0,0.0,0.0,82
2023-05-10 14:42:02,TA401C5900,TA401C5900,152.5,0.0,0.0,0.0,5,127.0,141.5,1,152.5,0.0,0.0,0.0,0.0,0.0,82
2023-05-10 14:42:02,TA401C5900,TA401C5900,152.5,0.0,0.0,0.0,5,127.0,132.0,5,152.5,0.0,0.0,0.0,0.0,0.0,82
2023-05-10 14:42:06,TA401C5900,TA401C5900,152.5,0.0,0.0,0.0,5,128.0,132.0,5,152.5,0.0,0.0,0.0,0.0,0.0,82
2023-05-10 14:43:51,TA401C5900,TA401C5900,152.5,0.0,0.0,0.0,5,129.0,132.0,5,152.5,0.0,0.0,0.0,0.0,0.0,82
2023-05-10 14:44:01,TA401C5900,TA401C5900,152.5,0.0,0.0,0.0,5,129.0,133.5,5,152.5,0.0,0.0,0.0,0.0,0.0,82
2023-05-10 14:45:16,TA401C5900,TA401C5900,152.5,0.0,0.0,0.0,5,130.0,133.5,5,152.5,0.0,0.0,0.0,0.0,0.0,82
2023-05-10 14:46:01,TA401C5900,TA401C5900,152.5,0.0,0.0,0.0,5,130.0,141.5,1,152.5,0.0,0.0,0.0,0.0,0.0,82
2023-05-10 14:46:02,TA401C5900,TA401C5900,152.5,0.0,0.0,0.0,5,130.0,135.0,5,152.5,0.0,0.0,0.0,0.0,0.0,82
2023-05-10 14:46:49,TA401C5900,TA401C5900,152.5,0.0,0.0,0.0,5,131.0,135.0,5,152.5,0.0,0.0,0.0,0.0,0.0,82
2023-05-10 14:47:28,TA401C5900,TA401C5900,152.5,0.0,0.0,0.0,5,131.0,134.0,5,152.5,0.0,0.0,0.0,0.0,0.0,82
2023-05-10 14:47:43,TA401C5900,TA401C5900,152.5,0.0,0.0,0.0,5,130.0,134.0,5,152.5,0.0,0.0,0.0,0.0,0.0,82
2023-05-10 14:49:18,TA401C5900,TA401C5900,152.5,0.0,0.0,0.0,5,131.0,134.0,5,152.5,0.0,0.0,0.0,0.0,0.0,82
2023-05-10 14:56:19,TA401C5900,TA401C5900,152.5,0.0,0.0,0.0,5,130.0,134.0,5,152.5,0.0,0.0,0.0,0.0,0.0,82
2023-05-10 14:58:55,TA401C5900,TA401C5900,152.5,0.0,0.0,0.0,1,75.5,141.5,1,152.5,0.0,0.0,0.0,0.0,0.0,82
2023-05-10 14:58:56,TA401C5900,TA401C5900,152.5,0.0,0.0,0.0,2,82.0,141.5,1,152.5,0.0,0.0,0.0,0.0,0.0,82
2023-05-10 14:58:56,TA401C5900,TA401C5900,152.5,0.0,0.0,0.0,1,119.0,141.5,1,152.5,0.0,0.0,0.0,0.0,0.0,82
2023-05-10 14:59:15,TA401C5900,TA401C5900,152.5,0.0,0.0,0.0,1,57.5,161.5,1,152.5,0.0,0.0,0.0,0.0,0.0,82
