time,symbol_id,symbol_name,last,trade_volume,trade_amount,open_interest_change,bv1,bp1,ap1,av1,yesterday_close,today_open,today_high,today_low,volume,amount,open_interest
2023-05-09 19:10:58,TA401C5100,TA401C5100,434.5,0.0,0.0,-2.0,0,0.0,0.0,0,434.5,0.0,0.0,0.0,0.0,0.0,34
2023-05-09 21:00:00,TA401C5100,TA401C5100,434.5,0.0,0.0,0.0,0,0.0,543.5,1,434.5,0.0,0.0,0.0,0.0,0.0,34
2023-05-09 21:00:01,TA401C5100,TA401C5100,434.5,0.0,0.0,0.0,1,333.5,543.5,1,434.5,0.0,0.0,0.0,0.0,0.0,34
2023-05-09 21:01:11,TA401C5100,TA401C5100,434.5,0.0,0.0,0.0,1,333.5,442.5,5,434.5,0.0,0.0,0.0,0.0,0.0,34
2023-05-09 21:01:13,TA401C5100,TA401C5100,434.5,0.0,0.0,0.0,5,436.5,442.5,5,434.5,0.0,0.0,0.0,0.0,0.0,34
2023-05-09 21:01:34,TA401C5100,TA401C5100,434.5,0.0,0.0,0.0,5,436.5,543.5,1,434.5,0.0,0.0,0.0,0.0,0.0,34
2023-05-09 21:01:36,TA401C5100,TA401C5100,434.5,0.0,0.0,0.0,5,439.0,543.5,1,434.5,0.0,0.0,0.0,0.0,0.0,34
2023-05-09 21:01:37,TA401C5100,TA401C5100,434.5,0.0,0.0,0.0,5,439.0,445.0,5,434.5,0.0,0.0,0.0,0.0,0.0,34
2023-05-09 21:01:43,TA401C5100,TA401C5100,434.5,0.0,0.0,0.0,5,436.5,443.0,5,434.5,0.0,0.0,0.0,0.0,0.0,34
2023-05-09 21:01:46,TA401C5100,TA401C5100,434.5,0.0,0.0,0.0,5,436.5,441.0,5,434.5,0.0,0.0,0.0,0.0,0.0,34
2023-05-09 21:01:51,TA401C5100,TA401C5100,434.5,0.0,0.0,0.0,1,333.5,441.0,5,434.5,0.0,0.0,0.0,0.0,0.0,34
2023-05-09 21:01:55,TA401C5100,TA401C5100,434.5,0.0,0.0,0.0,5,433.5,441.0,5,434.5,0.0,0.0,0.0,0.0,0.0,34
2023-05-09 21:02:07,TA401C5100,TA401C5100,434.5,0.0,0.0,0.0,5,435.0,441.0,5,434.5,0.0,0.0,0.0,0.0,0.0,34
2023-05-09 21:02:28,TA401C5100,TA401C5100,434.5,0.0,0.0,0.0,5,436.5,443.0,5,434.5,0.0,0.0,0.0,0.0,0.0,34
2023-05-09 21:02:41,TA401C5100,TA401C5100,434.5,0.0,0.0,0.0,5,435.0,441.0,5,434.5,0.0,0.0,0.0,0.0,0.0,34
2023-05-09 21:03:53,TA401C5100,TA401C5100,434.5,0.0,0.0,0.0,1,333.5,439.0,5,434.5,0.0,0.0,0.0,0.0,0.0,34
2023-05-09 21:03:54,TA401C5100,TA401C5100,434.5,0.0,0.0,0.0,5,433.0,439.0,5,434.5,0.0,0.0,0.0,0.0,0.0,34
2023-05-09 21:04:25,TA401C5100,TA401C5100,434.5,0.0,0.0,0.0,1,333.5,437.0,5,434.5,0.0,0.0,0.0,0.0,0.0,34
2023-05-09 21:04:26,TA401C5100,TA401C5100,434.5,0.0,0.0,0.0,5,431.0,437.0,5,434.5,0.0,0.0,0.0,0.0,0.0,34
2023-05-09 21:05:12,TA401C5100,TA401C5100,434.5,0.0,0.0,0.0,5,433.0,439.0,5,434.5,0.0,0.0,0.0,0.0,0.0,34
2023-05-09 21:06:02,TA401C5100,TA401C5100,434.5,0.0,0.0,0.0,5,433.0,543.5,1,434.5,0.0,0.0,0.0,0.0,0.0,34
2023-05-09 21:06:03,TA401C5100,TA401C5100,434.5,0.0,0.0,0.0,5,433.0,441.0,5,434.5,0.0,0.0,0.0,0.0,0.0,34
2023-05-09 21:06:03,TA401C5100,TA401C5100,434.5,0.0,0.0,0.0,5,435.0,441.0,5,434.5,0.0,0.0,0.0,0.0,0.0,34
2023-05-09 21:06:10,TA401C5100,TA401C5100,434.5,0.0,0.0,0.0,5,437.0,543.5,1,434.5,0.0,0.0,0.0,0.0,0.0,34
2023-05-09 21:06:11,TA401C5100,TA401C5100,434.5,0.0,0.0,0.0,5,437.0,441.5,5,434.5,0.0,0.0,0.0,0.0,0.0,34
2023-05-09 21:06:14,TA401C5100,TA401C5100,434.5,0.0,0.0,0.0,5,435.0,441.5,5,434.5,0.0,0.0,0.0,0.0,0.0,34
2023-05-09 21:06:25,TA401C5100,TA401C5100,434.5,0.0,0.0,0.0,5,435.0,440.0,5,434.5,0.0,0.0,0.0,0.0,0.0,34
2023-05-09 21:06:27,TA401C5100,TA401C5100,434.5,0.0,0.0,0.0,1,333.5,440.0,5,434.5,0.0,0.0,0.0,0.0,0.0,34
2023-05-09 21:06:29,TA401C5100,TA401C5100,434.5,0.0,0.0,0.0,5,432.0,440.0,5,434.5,0.0,0.0,0.0,0.0,0.0,34
2023-05-09 21:06:30,TA401C5100,TA401C5100,434.5,0.0,0.0,0.0,5,432.0,438.0,5,434.5,0.0,0.0,0.0,0.0,0.0,34
2023-05-09 21:07:17,TA401C5100,TA401C5100,434.5,0.0,0.0,0.0,1,333.5,438.0,5,434.5,0.0,0.0,0.0,0.0,0.0,34
2023-05-09 21:07:18,TA401C5100,TA401C5100,434.5,0.0,0.0,0.0,5,429.5,438.0,5,434.5,0.0,0.0,0.0,0.0,0.0,34
2023-05-09 21:07:29,TA401C5100,TA401C5100,434.5,0.0,0.0,0.0,5,429.5,436.5,5,434.5,0.0,0.0,0.0,0.0,0.0,34
2023-05-09 21:07:43,TA401C5100,TA401C5100,434.5,0.0,0.0,0.0,5,429.5,435.0,5,434.5,0.0,0.0,0.0,0.0,0.0,34
2023-05-09 21:07:49,TA401C5100,TA401C5100,434.5,0.0,0.0,0.0,1,333.5,435.0,5,434.5,0.0,0.0,0.0,0.0,0.0,34
2023-05-09 21:07:50,TA401C5100,TA401C5100,434.5,0.0,0.0,0.0,2,340.0,435.0,5,434.5,0.0,0.0,0.0,0.0,0.0,34
2023-05-09 21:07:50,TA401C5100,TA401C5100,434.5,0.0,0.0,0.0,1,386.0,435.0,5,434.5,0.0,0.0,0.0,0.0,0.0,34
2023-05-09 21:07:51,TA401C5100,TA401C5100,434.5,0.0,0.0,0.0,5,428.5,435.0,5,434.5,0.0,0.0,0.0,0.0,0.0,34
2023-05-09 21:07:58,TA401C5100,TA401C5100,434.5,0.0,0.0,0.0,5,428.5,436.5,5,434.5,0.0,0.0,0.0,0.0,0.0,34
2023-05-09 21:07:59,TA401C5100,TA401C5100,434.5,0.0,0.0,0.0,5,431.0,436.5,5,434.5,0.0,0.0,0.0,0.0,0.0,34
2023-05-09 21:08:03,TA401C5100,TA401C5100,434.5,0.0,0.0,0.0,5,431.0,543.5,1,434.5,0.0,0.0,0.0,0.0,0.0,34
2023-05-09 21:08:04,TA401C5100,TA401C5100,434.5,0.0,0.0,0.0,5,431.0,439.0,5,434.5,0.0,0.0,0.0,0.0,0.0,34
2023-05-09 21:08:08,TA401C5100,TA401C5100,434.5,0.0,0.0,0.0,5,433.0,439.0,5,434.5,0.0,0.0,0.0,0.0,0.0,34
2023-05-09 21:08:13,TA401C5100,TA401C5100,434.5,0.0,0.0,0.0,5,433.0,437.5,5,434.5,0.0,0.0,0.0,0.0,0.0,34
2023-05-09 21:08:14,TA401C5100,TA401C5100,434.5,0.0,0.0,0.0,5,431.0,437.5,5,434.5,0.0,0.0,0.0,0.0,0.0,34
2023-05-09 21:08:16,TA401C5100,TA401C5100,434.5,0.0,0.0,0.0,5,431.0,436.0,5,434.5,0.0,0.0,0.0,0.0,0.0,34
2023-05-09 21:09:12,TA401C5100,TA401C5100,434.5,0.0,0.0,0.0,1,386.0,436.0,5,434.5,0.0,0.0,0.0,0.0,0.0,34
2023-05-09 21:09:13,TA401C5100,TA401C5100,434.5,0.0,0.0,0.0,5,428.5,436.0,5,434.5,0.0,0.0,0.0,0.0,0.0,34
2023-05-09 21:09:32,TA401C5100,TA401C5100,434.5,0.0,0.0,0.0,5,430.5,436.0,5,434.5,0.0,0.0,0.0,0.0,0.0,34
2023-05-09 21:09:50,TA401C5100,TA401C5100,434.5,0.0,0.0,0.0,5,428.5,436.0,5,434.5,0.0,0.0,0.0,0.0,0.0,34
2023-05-09 21:09:51,TA401C5100,TA401C5100,434.5,0.0,0.0,0.0,5,428.5,434.0,5,434.5,0.0,0.0,0.0,0.0,0.0,34
2023-05-09 21:10:07,TA401C5100,TA401C5100,434.5,0.0,0.0,0.0,5,430.0,436.0,5,434.5,0.0,0.0,0.0,0.0,0.0,34
2023-05-09 21:10:37,TA401C5100,TA401C5100,434.5,0.0,0.0,0.0,5,430.0,434.5,5,434.5,0.0,0.0,0.0,0.0,0.0,34
2023-05-09 21:10:45,TA401C5100,TA401C5100,434.5,0.0,0.0,0.0,5,428.5,434.5,5,434.5,0.0,0.0,0.0,0.0,0.0,34
2023-05-09 21:12:01,TA401C5100,TA401C5100,434.5,0.0,0.0,0.0,5,430.0,434.5,5,434.5,0.0,0.0,0.0,0.0,0.0,34
2023-05-09 21:12:49,TA401C5100,TA401C5100,434.5,0.0,0.0,0.0,5,430.0,436.0,5,434.5,0.0,0.0,0.0,0.0,0.0,34
2023-05-09 21:13:05,TA401C5100,TA401C5100,434.5,0.0,0.0,0.0,5,428.5,436.0,5,434.5,0.0,0.0,0.0,0.0,0.0,34
2023-05-09 21:13:14,TA401C5100,TA401C5100,434.5,0.0,0.0,0.0,5,430.0,436.0,5,434.5,0.0,0.0,0.0,0.0,0.0,34
2023-05-09 21:13:26,TA401C5100,TA401C5100,434.5,0.0,0.0,0.0,5,430.0,543.5,1,434.5,0.0,0.0,0.0,0.0,0.0,34
2023-05-09 21:13:27,TA401C5100,TA401C5100,434.5,0.0,0.0,0.0,5,430.0,439.0,5,434.5,0.0,0.0,0.0,0.0,0.0,34
2023-05-09 21:13:29,TA401C5100,TA401C5100,434.5,0.0,0.0,0.0,5,431.5,439.0,5,434.5,0.0,0.0,0.0,0.0,0.0,34
2023-05-09 21:13:37,TA401C5100,TA401C5100,434.5,0.0,0.0,0.0,5,433.0,439.0,5,434.5,0.0,0.0,0.0,0.0,0.0,34
2023-05-09 21:14:37,TA401C5100,TA401C5100,434.5,0.0,0.0,0.0,5,435.0,543.5,1,434.5,0.0,0.0,0.0,0.0,0.0,34
2023-05-09 21:14:39,TA401C5100,TA401C5100,434.5,0.0,0.0,0.0,5,435.0,441.5,5,434.5,0.0,0.0,0.0,0.0,0.0,34
2023-05-09 21:14:53,TA401C5100,TA401C5100,434.5,0.0,0.0,0.0,5,435.0,440.0,5,434.5,0.0,0.0,0.0,0.0,0.0,34
2023-05-09 21:14:54,TA401C5100,TA401C5100,434.5,0.0,0.0,0.0,5,433.0,440.0,5,434.5,0.0,0.0,0.0,0.0,0.0,34
2023-05-09 21:14:56,TA401C5100,TA401C5100,434.5,0.0,0.0,0.0,5,434.5,440.0,5,434.5,0.0,0.0,0.0,0.0,0.0,34
2023-05-09 21:14:59,TA401C5100,TA401C5100,434.5,0.0,0.0,0.0,5,434.5,441.5,5,434.5,0.0,0.0,0.0,0.0,0.0,34
2023-05-09 21:15:01,TA401C5100,TA401C5100,434.5,0.0,0.0,0.0,5,436.0,441.5,5,434.5,0.0,0.0,0.0,0.0,0.0,34
2023-05-09 21:15:05,TA401C5100,TA401C5100,434.5,0.0,0.0,0.0,5,436.0,543.5,1,434.5,0.0,0.0,0.0,0.0,0.0,34
2023-05-09 21:15:06,TA401C5100,TA401C5100,434.5,0.0,0.0,0.0,5,436.0,444.5,5,434.5,0.0,0.0,0.0,0.0,0.0,34
2023-05-09 21:15:10,TA401C5100,TA401C5100,434.5,0.0,0.0,0.0,5,436.0,442.5,5,434.5,0.0,0.0,0.0,0.0,0.0,34
2023-05-09 21:15:10,TA401C5100,TA401C5100,434.5,0.0,0.0,0.0,5,434.5,442.5,5,434.5,0.0,0.0,0.0,0.0,0.0,34
2023-05-09 21:15:14,TA401C5100,TA401C5100,434.5,0.0,0.0,0.0,5,434.5,440.5,5,434.5,0.0,0.0,0.0,0.0,0.0,34
2023-05-09 21:15:27,TA401C5100,TA401C5100,434.5,0.0,0.0,0.0,5,434.5,442.5,5,434.5,0.0,0.0,0.0,0.0,0.0,34
2023-05-09 21:15:30,TA401C5100,TA401C5100,434.5,0.0,0.0,0.0,5,437.0,442.5,5,434.5,0.0,0.0,0.0,0.0,0.0,34
2023-05-09 21:16:18,TA401C5100,TA401C5100,434.5,0.0,0.0,0.0,5,437.0,445.5,5,434.5,0.0,0.0,0.0,0.0,0.0,34
2023-05-09 21:16:20,TA401C5100,TA401C5100,434.5,0.0,0.0,0.0,5,439.0,445.5,5,434.5,0.0,0.0,0.0,0.0,0.0,34
2023-05-09 21:17:02,TA401C5100,TA401C5100,434.5,0.0,0.0,0.0,5,439.0,444.0,5,434.5,0.0,0.0,0.0,0.0,0.0,34
2023-05-09 21:17:36,TA401C5100,TA401C5100,434.5,0.0,0.0,0.0,5,437.0,444.0,5,434.5,0.0,0.0,0.0,0.0,0.0,34
2023-05-09 21:18:08,TA401C5100,TA401C5100,434.5,0.0,0.0,0.0,5,437.0,441.5,5,434.5,0.0,0.0,0.0,0.0,0.0,34
2023-05-09 21:18:39,TA401C5100,TA401C5100,434.5,0.0,0.0,0.0,5,434.0,441.5,5,434.5,0.0,0.0,0.0,0.0,0.0,34
2023-05-09 21:19:00,TA401C5100,TA401C5100,434.5,0.0,0.0,0.0,5,434.0,440.0,5,434.5,0.0,0.0,0.0,0.0,0.0,34
2023-05-09 21:20:36,TA401C5100,TA401C5100,434.5,0.0,0.0,0.0,1,386.0,440.0,5,434.5,0.0,0.0,0.0,0.0,0.0,34
2023-05-09 21:20:40,TA401C5100,TA401C5100,434.5,0.0,0.0,0.0,5,431.0,438.0,5,434.5,0.0,0.0,0.0,0.0,0.0,34
2023-05-09 21:20:46,TA401C5100,TA401C5100,434.5,0.0,0.0,0.0,5,431.0,436.0,5,434.5,0.0,0.0,0.0,0.0,0.0,34
2023-05-09 21:21:03,TA401C5100,TA401C5100,434.5,0.0,0.0,0.0,1,386.0,436.0,5,434.5,0.0,0.0,0.0,0.0,0.0,34
2023-05-09 21:21:06,TA401C5100,TA401C5100,434.5,0.0,0.0,0.0,1,386.0,434.0,5,434.5,0.0,0.0,0.0,0.0,0.0,34
2023-05-09 21:21:09,TA401C5100,TA401C5100,434.5,0.0,0.0,0.0,5,427.0,434.0,5,434.5,0.0,0.0,0.0,0.0,0.0,34
2023-05-09 21:21:25,TA401C5100,TA401C5100,434.5,0.0,0.0,0.0,5,427.0,432.0,5,434.5,0.0,0.0,0.0,0.0,0.0,34
2023-05-09 21:21:35,TA401C5100,TA401C5100,434.5,0.0,0.0,0.0,5,424.5,432.0,5,434.5,0.0,0.0,0.0,0.0,0.0,34
2023-05-09 21:21:48,TA401C5100,TA401C5100,434.5,0.0,0.0,0.0,5,424.5,430.5,5,434.5,0.0,0.0,0.0,0.0,0.0,34
2023-05-09 21:21:58,TA401C5100,TA401C5100,434.5,0.0,0.0,0.0,1,386.0,428.5,5,434.5,0.0,0.0,0.0,0.0,0.0,34
2023-05-09 21:22:02,TA401C5100,TA401C5100,434.5,0.0,0.0,0.0,5,422.0,428.5,5,434.5,0.0,0.0,0.0,0.0,0.0,34
2023-05-09 21:22:18,TA401C5100,TA401C5100,434.5,0.0,0.0,0.0,5,422.0,427.0,5,434.5,0.0,0.0,0.0,0.0,0.0,34
2023-05-09 21:23:05,TA401C5100,TA401C5100,434.5,0.0,0.0,0.0,1,386.0,427.0,5,434.5,0.0,0.0,0.0,0.0,0.0,34
2023-05-09 21:23:06,TA401C5100,TA401C5100,434.5,0.0,0.0,0.0,5,419.0,427.0,5,434.5,0.0,0.0,0.0,0.0,0.0,34
2023-05-09 21:23:29,TA401C5100,TA401C5100,434.5,0.0,0.0,0.0,5,421.0,427.0,5,434.5,0.0,0.0,0.0,0.0,0.0,34
2023-05-09 21:23:49,TA401C5100,TA401C5100,434.5,0.0,0.0,0.0,5,422.5,428.5,5,434.5,0.0,0.0,0.0,0.0,0.0,34
2023-05-09 21:26:03,TA401C5100,TA401C5100,434.5,0.0,0.0,0.0,5,422.5,427.0,5,434.5,0.0,0.0,0.0,0.0,0.0,34
2023-05-09 21:26:40,TA401C5100,TA401C5100,434.5,0.0,0.0,0.0,5,421.0,427.0,5,434.5,0.0,0.0,0.0,0.0,0.0,34
2023-05-09 21:28:42,TA401C5100,TA401C5100,434.5,0.0,0.0,0.0,5,422.5,427.0,5,434.5,0.0,0.0,0.0,0.0,0.0,34
2023-05-09 21:29:00,TA401C5100,TA401C5100,434.5,0.0,0.0,0.0,5,422.5,428.5,5,434.5,0.0,0.0,0.0,0.0,0.0,34
2023-05-09 21:29:48,TA401C5100,TA401C5100,434.5,0.0,0.0,0.0,5,422.5,427.0,5,434.5,0.0,0.0,0.0,0.0,0.0,34
2023-05-09 21:29:50,TA401C5100,TA401C5100,434.5,0.0,0.0,0.0,5,421.0,427.0,5,434.5,0.0,0.0,0.0,0.0,0.0,34
2023-05-09 21:30:01,TA401C5100,TA401C5100,434.5,0.0,0.0,0.0,5,418.5,427.0,5,434.5,0.0,0.0,0.0,0.0,0.0,34
2023-05-09 21:30:03,TA401C5100,TA401C5100,434.5,0.0,0.0,0.0,5,418.5,425.5,5,434.5,0.0,0.0,0.0,0.0,0.0,34
2023-05-09 21:30:08,TA401C5100,TA401C5100,434.5,0.0,0.0,0.0,5,420.0,425.5,5,434.5,0.0,0.0,0.0,0.0,0.0,34
2023-05-09 21:30:49,TA401C5100,TA401C5100,434.5,0.0,0.0,0.0,5,418.5,424.0,5,434.5,0.0,0.0,0.0,0.0,0.0,34
2023-05-09 21:30:56,TA401C5100,TA401C5100,434.5,0.0,0.0,0.0,1,386.0,424.0,5,434.5,0.0,0.0,0.0,0.0,0.0,34
2023-05-09 21:30:57,TA401C5100,TA401C5100,434.5,0.0,0.0,0.0,5,416.0,424.0,5,434.5,0.0,0.0,0.0,0.0,0.0,34
2023-05-09 21:31:01,TA401C5100,TA401C5100,434.5,0.0,0.0,0.0,5,416.0,422.5,5,434.5,0.0,0.0,0.0,0.0,0.0,34
2023-05-09 21:31:10,TA401C5100,TA401C5100,434.5,0.0,0.0,0.0,5,418.0,422.5,5,434.5,0.0,0.0,0.0,0.0,0.0,34
2023-05-09 21:32:02,TA401C5100,TA401C5100,434.5,0.0,0.0,0.0,5,416.0,422.5,5,434.5,0.0,0.0,0.0,0.0,0.0,34
2023-05-09 21:32:13,TA401C5100,TA401C5100,434.5,0.0,0.0,0.0,1,386.0,422.5,5,434.5,0.0,0.0,0.0,0.0,0.0,34
2023-05-09 21:32:14,TA401C5100,TA401C5100,434.5,0.0,0.0,0.0,1,386.0,420.0,5,434.5,0.0,0.0,0.0,0.0,0.0,34
2023-05-09 21:32:16,TA401C5100,TA401C5100,434.5,0.0,0.0,0.0,5,414.0,420.0,5,434.5,0.0,0.0,0.0,0.0,0.0,34
2023-05-09 21:33:34,TA401C5100,TA401C5100,434.5,0.0,0.0,0.0,1,386.0,418.0,5,434.5,0.0,0.0,0.0,0.0,0.0,34
2023-05-09 21:33:38,TA401C5100,TA401C5100,434.5,0.0,0.0,0.0,5,411.0,418.0,5,434.5,0.0,0.0,0.0,0.0,0.0,34
2023-05-09 21:33:45,TA401C5100,TA401C5100,434.5,0.0,0.0,0.0,5,412.5,418.0,5,434.5,0.0,0.0,0.0,0.0,0.0,34
2023-05-09 21:34:06,TA401C5100,TA401C5100,434.5,0.0,0.0,0.0,5,412.5,420.0,5,434.5,0.0,0.0,0.0,0.0,0.0,34
2023-05-09 21:34:19,TA401C5100,TA401C5100,434.5,0.0,0.0,0.0,5,414.0,420.0,5,434.5,0.0,0.0,0.0,0.0,0.0,34
2023-05-09 21:34:41,TA401C5100,TA401C5100,434.5,0.0,0.0,0.0,5,415.5,420.0,5,434.5,0.0,0.0,0.0,0.0,0.0,34
2023-05-09 21:34:43,TA401C5100,TA401C5100,434.5,0.0,0.0,0.0,5,415.5,543.5,1,434.5,0.0,0.0,0.0,0.0,0.0,34
2023-05-09 21:34:45,TA401C5100,TA401C5100,434.5,0.0,0.0,0.0,5,415.5,422.5,5,434.5,0.0,0.0,0.0,0.0,0.0,34
2023-05-09 21:35:05,TA401C5100,TA401C5100,434.5,0.0,0.0,0.0,5,417.0,422.5,5,434.5,0.0,0.0,0.0,0.0,0.0,34
2023-05-09 21:38:52,TA401C5100,TA401C5100,434.5,0.0,0.0,0.0,5,417.0,421.0,5,434.5,0.0,0.0,0.0,0.0,0.0,34
2023-05-09 21:39:29,TA401C5100,TA401C5100,434.5,0.0,0.0,0.0,5,415.5,421.0,5,434.5,0.0,0.0,0.0,0.0,0.0,34
2023-05-09 21:40:03,TA401C5100,TA401C5100,434.5,0.0,0.0,0.0,5,417.0,421.0,5,434.5,0.0,0.0,0.0,0.0,0.0,34
2023-05-09 21:40:13,TA401C5100,TA401C5100,434.5,0.0,0.0,0.0,5,417.0,422.5,5,434.5,0.0,0.0,0.0,0.0,0.0,34
2023-05-09 21:40:58,TA401C5100,TA401C5100,434.5,0.0,0.0,0.0,5,417.0,421.0,5,434.5,0.0,0.0,0.0,0.0,0.0,34
2023-05-09 21:41:18,TA401C5100,TA401C5100,434.5,0.0,0.0,0.0,5,415.5,421.0,5,434.5,0.0,0.0,0.0,0.0,0.0,34
2023-05-09 21:42:42,TA401C5100,TA401C5100,434.5,0.0,0.0,0.0,5,417.0,422.5,5,434.5,0.0,0.0,0.0,0.0,0.0,34
2023-05-09 21:42:49,TA401C5100,TA401C5100,434.5,0.0,0.0,0.0,5,417.0,543.5,1,434.5,0.0,0.0,0.0,0.0,0.0,34
2023-05-09 21:42:50,TA401C5100,TA401C5100,434.5,0.0,0.0,0.0,5,418.5,543.5,1,434.5,0.0,0.0,0.0,0.0,0.0,34
2023-05-09 21:42:51,TA401C5100,TA401C5100,434.5,0.0,0.0,0.0,5,418.5,424.5,5,434.5,0.0,0.0,0.0,0.0,0.0,34
2023-05-09 21:43:01,TA401C5100,TA401C5100,434.5,0.0,0.0,0.0,5,420.0,424.5,5,434.5,0.0,0.0,0.0,0.0,0.0,34
2023-05-09 21:43:23,TA401C5100,TA401C5100,434.5,0.0,0.0,0.0,5,418.5,424.5,5,434.5,0.0,0.0,0.0,0.0,0.0,34
2023-05-09 21:43:28,TA401C5100,TA401C5100,434.5,0.0,0.0,0.0,1,386.0,423.0,5,434.5,0.0,0.0,0.0,0.0,0.0,34
2023-05-09 21:43:29,TA401C5100,TA401C5100,434.5,0.0,0.0,0.0,5,416.0,423.0,5,434.5,0.0,0.0,0.0,0.0,0.0,34
2023-05-09 21:43:39,TA401C5100,TA401C5100,434.5,0.0,0.0,0.0,5,417.5,423.0,5,434.5,0.0,0.0,0.0,0.0,0.0,34
2023-05-09 21:45:26,TA401C5100,TA401C5100,434.5,0.0,0.0,0.0,5,416.0,421.5,5,434.5,0.0,0.0,0.0,0.0,0.0,34
2023-05-09 21:45:39,TA401C5100,TA401C5100,434.5,0.0,0.0,0.0,5,417.5,423.0,5,434.5,0.0,0.0,0.0,0.0,0.0,34
2023-05-09 21:46:15,TA401C5100,TA401C5100,434.5,0.0,0.0,0.0,5,417.5,425.5,5,434.5,0.0,0.0,0.0,0.0,0.0,34
2023-05-09 21:46:18,TA401C5100,TA401C5100,434.5,0.0,0.0,0.0,5,419.5,425.5,5,434.5,0.0,0.0,0.0,0.0,0.0,34
2023-05-09 21:47:11,TA401C5100,TA401C5100,434.5,0.0,0.0,0.0,5,419.5,424.0,5,434.5,0.0,0.0,0.0,0.0,0.0,34
2023-05-09 21:47:44,TA401C5100,TA401C5100,434.5,0.0,0.0,0.0,5,419.5,425.5,5,434.5,0.0,0.0,0.0,0.0,0.0,34
2023-05-09 21:48:06,TA401C5100,TA401C5100,434.5,0.0,0.0,0.0,5,419.5,543.5,1,434.5,0.0,0.0,0.0,0.0,0.0,34
2023-05-09 21:48:09,TA401C5100,TA401C5100,434.5,0.0,0.0,0.0,5,421.0,428.0,5,434.5,0.0,0.0,0.0,0.0,0.0,34
2023-05-09 21:48:20,TA401C5100,TA401C5100,434.5,0.0,0.0,0.0,5,422.5,428.0,5,434.5,0.0,0.0,0.0,0.0,0.0,34
2023-05-09 21:48:41,TA401C5100,TA401C5100,434.5,0.0,0.0,0.0,5,422.5,543.5,1,434.5,0.0,0.0,0.0,0.0,0.0,34
2023-05-09 21:48:44,TA401C5100,TA401C5100,434.5,0.0,0.0,0.0,5,422.5,430.5,5,434.5,0.0,0.0,0.0,0.0,0.0,34
2023-05-09 21:48:48,TA401C5100,TA401C5100,434.5,0.0,0.0,0.0,5,424.5,430.5,5,434.5,0.0,0.0,0.0,0.0,0.0,34
2023-05-09 21:48:51,TA401C5100,TA401C5100,434.5,0.0,0.0,0.0,5,426.5,430.5,5,434.5,0.0,0.0,0.0,0.0,0.0,34
2023-05-09 21:48:54,TA401C5100,TA401C5100,434.5,0.0,0.0,0.0,5,424.5,430.5,5,434.5,0.0,0.0,0.0,0.0,0.0,34
2023-05-09 21:49:56,TA401C5100,TA401C5100,434.5,0.0,0.0,0.0,5,424.5,429.0,5,434.5,0.0,0.0,0.0,0.0,0.0,34
2023-05-09 21:50:30,TA401C5100,TA401C5100,434.5,0.0,0.0,0.0,5,424.5,430.5,5,434.5,0.0,0.0,0.0,0.0,0.0,34
2023-05-09 21:52:39,TA401C5100,TA401C5100,434.5,0.0,0.0,0.0,5,426.0,430.5,5,434.5,0.0,0.0,0.0,0.0,0.0,34
2023-05-09 21:53:34,TA401C5100,TA401C5100,434.5,0.0,0.0,0.0,5,424.5,430.5,5,434.5,0.0,0.0,0.0,0.0,0.0,34
2023-05-09 21:55:05,TA401C5100,TA401C5100,434.5,0.0,0.0,0.0,5,426.5,430.5,5,434.5,0.0,0.0,0.0,0.0,0.0,34
2023-05-09 21:55:42,TA401C5100,TA401C5100,434.5,0.0,0.0,0.0,5,426.5,543.5,1,434.5,0.0,0.0,0.0,0.0,0.0,34
2023-05-09 21:55:43,TA401C5100,TA401C5100,434.5,0.0,0.0,0.0,5,426.5,433.0,5,434.5,0.0,0.0,0.0,0.0,0.0,34
2023-05-09 21:56:06,TA401C5100,TA401C5100,434.5,0.0,0.0,0.0,5,426.5,431.5,5,434.5,0.0,0.0,0.0,0.0,0.0,34
2023-05-09 21:56:09,TA401C5100,TA401C5100,434.5,0.0,0.0,0.0,5,424.5,431.5,5,434.5,0.0,0.0,0.0,0.0,0.0,34
2023-05-09 21:56:14,TA401C5100,TA401C5100,434.5,0.0,0.0,0.0,5,424.5,430.0,5,434.5,0.0,0.0,0.0,0.0,0.0,34
2023-05-09 21:58:20,TA401C5100,TA401C5100,434.5,0.0,0.0,0.0,5,426.0,431.5,5,434.5,0.0,0.0,0.0,0.0,0.0,34
2023-05-09 21:58:49,TA401C5100,TA401C5100,434.5,0.0,0.0,0.0,5,424.5,431.5,5,434.5,0.0,0.0,0.0,0.0,0.0,34
2023-05-09 21:59:12,TA401C5100,TA401C5100,434.5,0.0,0.0,0.0,5,426.0,431.5,5,434.5,0.0,0.0,0.0,0.0,0.0,34
2023-05-09 22:00:03,TA401C5100,TA401C5100,434.5,0.0,0.0,0.0,5,427.5,434.0,5,434.5,0.0,0.0,0.0,0.0,0.0,34
2023-05-09 22:00:05,TA401C5100,TA401C5100,434.5,0.0,0.0,0.0,5,429.0,434.0,5,434.5,0.0,0.0,0.0,0.0,0.0,34
2023-05-09 22:00:18,TA401C5100,TA401C5100,434.5,0.0,0.0,0.0,5,429.0,543.5,1,434.5,0.0,0.0,0.0,0.0,0.0,34
2023-05-09 22:00:19,TA401C5100,TA401C5100,434.5,0.0,0.0,0.0,5,429.0,436.5,5,434.5,0.0,0.0,0.0,0.0,0.0,34
2023-05-09 22:00:25,TA401C5100,TA401C5100,434.5,0.0,0.0,0.0,5,430.5,436.5,5,434.5,0.0,0.0,0.0,0.0,0.0,34
2023-05-09 22:00:31,TA401C5100,TA401C5100,434.5,0.0,0.0,0.0,5,432.5,436.5,5,434.5,0.0,0.0,0.0,0.0,0.0,34
2023-05-09 22:00:32,TA401C5100,TA401C5100,434.5,0.0,0.0,0.0,5,432.5,543.5,1,434.5,0.0,0.0,0.0,0.0,0.0,34
2023-05-09 22:00:33,TA401C5100,TA401C5100,434.5,0.0,0.0,0.0,5,432.5,439.0,5,434.5,0.0,0.0,0.0,0.0,0.0,34
2023-05-09 22:00:44,TA401C5100,TA401C5100,434.5,0.0,0.0,0.0,5,432.5,437.5,5,434.5,0.0,0.0,0.0,0.0,0.0,34
2023-05-09 22:00:58,TA401C5100,TA401C5100,434.5,0.0,0.0,0.0,5,430.5,437.5,5,434.5,0.0,0.0,0.0,0.0,0.0,34
2023-05-09 22:01:09,TA401C5100,TA401C5100,434.5,0.0,0.0,0.0,5,430.5,435.5,5,434.5,0.0,0.0,0.0,0.0,0.0,34
2023-05-09 22:01:32,TA401C5100,TA401C5100,434.5,0.0,0.0,0.0,5,430.5,437.5,5,434.5,0.0,0.0,0.0,0.0,0.0,34
2023-05-09 22:01:38,TA401C5100,TA401C5100,434.5,0.0,0.0,0.0,5,432.0,437.5,5,434.5,0.0,0.0,0.0,0.0,0.0,34
2023-05-09 22:02:23,TA401C5100,TA401C5100,434.5,0.0,0.0,0.0,1,386.0,437.5,5,434.5,0.0,0.0,0.0,0.0,0.0,34
2023-05-09 22:02:26,TA401C5100,TA401C5100,434.5,0.0,0.0,0.0,5,427.5,437.5,5,434.5,0.0,0.0,0.0,0.0,0.0,34
2023-05-09 22:02:29,TA401C5100,TA401C5100,434.5,0.0,0.0,0.0,5,427.5,433.5,5,434.5,0.0,0.0,0.0,0.0,0.0,34
2023-05-09 22:02:49,TA401C5100,TA401C5100,434.5,0.0,0.0,0.0,5,427.5,437.5,5,434.5,0.0,0.0,0.0,0.0,0.0,34
2023-05-09 22:02:52,TA401C5100,TA401C5100,434.5,0.0,0.0,0.0,5,429.5,437.5,5,434.5,0.0,0.0,0.0,0.0,0.0,34
2023-05-09 22:03:08,TA401C5100,TA401C5100,434.5,0.0,0.0,0.0,5,429.5,436.0,5,434.5,0.0,0.0,0.0,0.0,0.0,34
2023-05-09 22:03:30,TA401C5100,TA401C5100,434.5,0.0,0.0,0.0,5,427.5,434.5,5,434.5,0.0,0.0,0.0,0.0,0.0,34
2023-05-09 22:05:02,TA401C5100,TA401C5100,434.5,0.0,0.0,0.0,5,427.5,433.0,5,434.5,0.0,0.0,0.0,0.0,0.0,34
2023-05-09 22:05:57,TA401C5100,TA401C5100,434.5,0.0,0.0,0.0,1,386.0,433.0,5,434.5,0.0,0.0,0.0,0.0,0.0,34
2023-05-09 22:06:02,TA401C5100,TA401C5100,434.5,0.0,0.0,0.0,1,386.0,430.5,5,434.5,0.0,0.0,0.0,0.0,0.0,34
2023-05-09 22:06:06,TA401C5100,TA401C5100,434.5,0.0,0.0,0.0,5,423.5,430.5,5,434.5,0.0,0.0,0.0,0.0,0.0,34
2023-05-09 22:06:49,TA401C5100,TA401C5100,434.5,0.0,0.0,0.0,5,423.5,429.0,5,434.5,0.0,0.0,0.0,0.0,0.0,34
2023-05-09 22:10:30,TA401C5100,TA401C5100,434.5,0.0,0.0,0.0,1,322.0,429.0,5,434.5,0.0,0.0,0.0,0.0,0.0,34
2023-05-09 22:10:31,TA401C5100,TA401C5100,434.5,0.0,0.0,0.0,1,374.5,429.0,5,434.5,0.0,0.0,0.0,0.0,0.0,34
2023-05-09 22:10:31,TA401C5100,TA401C5100,434.5,0.0,0.0,0.0,5,421.0,429.0,5,434.5,0.0,0.0,0.0,0.0,0.0,34
2023-05-09 22:11:03,TA401C5100,TA401C5100,434.5,0.0,0.0,0.0,5,422.5,429.0,5,434.5,0.0,0.0,0.0,0.0,0.0,34
2023-05-09 22:11:36,TA401C5100,TA401C5100,434.5,0.0,0.0,0.0,5,424.0,429.0,5,434.5,0.0,0.0,0.0,0.0,0.0,34
2023-05-09 22:12:33,TA401C5100,TA401C5100,434.5,0.0,0.0,0.0,5,424.0,430.5,5,434.5,0.0,0.0,0.0,0.0,0.0,34
2023-05-09 22:12:37,TA401C5100,TA401C5100,434.5,0.0,0.0,0.0,5,425.5,430.5,5,434.5,0.0,0.0,0.0,0.0,0.0,34
2023-05-09 22:15:37,TA401C5100,TA401C5100,434.5,0.0,0.0,0.0,5,424.0,430.5,5,434.5,0.0,0.0,0.0,0.0,0.0,34
2023-05-09 22:16:48,TA401C5100,TA401C5100,434.5,0.0,0.0,0.0,5,425.5,430.5,5,434.5,0.0,0.0,0.0,0.0,0.0,34
2023-05-09 22:17:49,TA401C5100,TA401C5100,434.5,0.0,0.0,0.0,5,425.5,543.5,1,434.5,0.0,0.0,0.0,0.0,0.0,34
2023-05-09 22:17:51,TA401C5100,TA401C5100,434.5,0.0,0.0,0.0,5,425.5,433.5,5,434.5,0.0,0.0,0.0,0.0,0.0,34
2023-05-09 22:18:09,TA401C5100,TA401C5100,434.5,0.0,0.0,0.0,5,425.5,432.0,5,434.5,0.0,0.0,0.0,0.0,0.0,34
2023-05-09 22:18:46,TA401C5100,TA401C5100,434.5,0.0,0.0,0.0,5,425.5,430.5,5,434.5,0.0,0.0,0.0,0.0,0.0,34
2023-05-09 22:20:16,TA401C5100,TA401C5100,434.5,0.0,0.0,0.0,5,424.0,430.5,5,434.5,0.0,0.0,0.0,0.0,0.0,34
2023-05-09 22:20:58,TA401C5100,TA401C5100,434.5,0.0,0.0,0.0,5,424.0,428.5,5,434.5,0.0,0.0,0.0,0.0,0.0,34
2023-05-09 22:21:03,TA401C5100,TA401C5100,434.5,0.0,0.0,0.0,5,421.5,428.5,5,434.5,0.0,0.0,0.0,0.0,0.0,34
2023-05-09 22:21:11,TA401C5100,TA401C5100,434.5,0.0,0.0,0.0,5,423.0,428.5,5,434.5,0.0,0.0,0.0,0.0,0.0,34
2023-05-09 22:22:14,TA401C5100,TA401C5100,434.5,0.0,0.0,0.0,5,421.5,428.5,5,434.5,0.0,0.0,0.0,0.0,0.0,34
2023-05-09 22:22:16,TA401C5100,TA401C5100,434.5,0.0,0.0,0.0,5,421.5,427.0,5,434.5,0.0,0.0,0.0,0.0,0.0,34
2023-05-09 22:22:32,TA401C5100,TA401C5100,434.5,0.0,0.0,0.0,1,374.5,427.0,5,434.5,0.0,0.0,0.0,0.0,0.0,34
2023-05-09 22:22:32,TA401C5100,TA401C5100,434.5,0.0,0.0,0.0,5,420.0,427.0,5,434.5,0.0,0.0,0.0,0.0,0.0,34
2023-05-09 22:22:32,TA401C5100,TA401C5100,434.5,0.0,0.0,0.0,1,374.5,427.0,5,434.5,0.0,0.0,0.0,0.0,0.0,34
2023-05-09 22:22:32,TA401C5100,TA401C5100,434.5,0.0,0.0,0.0,5,420.0,427.0,5,434.5,0.0,0.0,0.0,0.0,0.0,34
2023-05-09 22:22:56,TA401C5100,TA401C5100,434.5,0.0,0.0,0.0,5,420.0,425.5,5,434.5,0.0,0.0,0.0,0.0,0.0,34
2023-05-09 22:24:18,TA401C5100,TA401C5100,434.5,0.0,0.0,0.0,5,421.5,427.0,5,434.5,0.0,0.0,0.0,0.0,0.0,34
2023-05-09 22:24:48,TA401C5100,TA401C5100,434.5,0.0,0.0,0.0,5,423.0,543.5,1,434.5,0.0,0.0,0.0,0.0,0.0,34
2023-05-09 22:24:49,TA401C5100,TA401C5100,434.5,0.0,0.0,0.0,5,423.0,429.0,5,434.5,0.0,0.0,0.0,0.0,0.0,34
2023-05-09 22:24:53,TA401C5100,TA401C5100,434.5,0.0,0.0,0.0,5,423.0,427.5,5,434.5,0.0,0.0,0.0,0.0,0.0,34
2023-05-09 22:24:56,TA401C5100,TA401C5100,434.5,0.0,0.0,0.0,5,421.5,427.5,5,434.5,0.0,0.0,0.0,0.0,0.0,34
2023-05-09 22:26:07,TA401C5100,TA401C5100,434.5,0.0,0.0,0.0,5,423.0,427.5,5,434.5,0.0,0.0,0.0,0.0,0.0,34
2023-05-09 22:26:37,TA401C5100,TA401C5100,434.5,0.0,0.0,0.0,5,423.0,429.0,5,434.5,0.0,0.0,0.0,0.0,0.0,34
2023-05-09 22:28:12,TA401C5100,TA401C5100,434.5,0.0,0.0,0.0,5,425.0,429.0,5,434.5,0.0,0.0,0.0,0.0,0.0,34
2023-05-09 22:30:11,TA401C5100,TA401C5100,434.5,0.0,0.0,0.0,5,423.0,429.0,5,434.5,0.0,0.0,0.0,0.0,0.0,34
2023-05-09 22:30:20,TA401C5100,TA401C5100,434.5,0.0,0.0,0.0,5,423.0,427.5,5,434.5,0.0,0.0,0.0,0.0,0.0,34
2023-05-09 22:30:20,TA401C5100,TA401C5100,434.5,0.0,0.0,0.0,1,374.5,427.5,5,434.5,0.0,0.0,0.0,0.0,0.0,34
2023-05-09 22:30:22,TA401C5100,TA401C5100,434.5,0.0,0.0,0.0,5,420.5,427.5,5,434.5,0.0,0.0,0.0,0.0,0.0,34
2023-05-09 22:30:26,TA401C5100,TA401C5100,434.5,0.0,0.0,0.0,5,422.5,427.5,5,434.5,0.0,0.0,0.0,0.0,0.0,34
2023-05-09 22:31:13,TA401C5100,TA401C5100,434.5,0.0,0.0,0.0,5,422.5,429.0,5,434.5,0.0,0.0,0.0,0.0,0.0,34
2023-05-09 22:32:11,TA401C5100,TA401C5100,434.5,0.0,0.0,0.0,5,420.5,426.5,5,434.5,0.0,0.0,0.0,0.0,0.0,34
2023-05-09 22:32:13,TA401C5100,TA401C5100,434.5,0.0,0.0,0.0,5,420.5,424.5,5,434.5,0.0,0.0,0.0,0.0,0.0,34
2023-05-09 22:32:15,TA401C5100,TA401C5100,434.5,0.0,0.0,0.0,1,374.5,424.5,5,434.5,0.0,0.0,0.0,0.0,0.0,34
2023-05-09 22:32:17,TA401C5100,TA401C5100,434.5,0.0,0.0,0.0,5,418.0,424.5,5,434.5,0.0,0.0,0.0,0.0,0.0,34
2023-05-09 22:32:32,TA401C5100,TA401C5100,434.5,0.0,0.0,0.0,5,418.0,423.0,5,434.5,0.0,0.0,0.0,0.0,0.0,34
2023-05-09 22:32:35,TA401C5100,TA401C5100,434.5,0.0,0.0,0.0,1,374.5,423.0,5,434.5,0.0,0.0,0.0,0.0,0.0,34
2023-05-09 22:32:38,TA401C5100,TA401C5100,434.5,0.0,0.0,0.0,5,416.5,423.0,5,434.5,0.0,0.0,0.0,0.0,0.0,34
2023-05-09 22:33:56,TA401C5100,TA401C5100,434.5,0.0,0.0,0.0,5,416.5,421.5,5,434.5,0.0,0.0,0.0,0.0,0.0,34
2023-05-09 22:34:21,TA401C5100,TA401C5100,434.5,0.0,0.0,0.0,5,416.5,423.0,5,434.5,0.0,0.0,0.0,0.0,0.0,34
2023-05-09 22:36:50,TA401C5100,TA401C5100,434.5,0.0,0.0,0.0,5,418.0,423.0,5,434.5,0.0,0.0,0.0,0.0,0.0,34
2023-05-09 22:41:23,TA401C5100,TA401C5100,434.5,0.0,0.0,0.0,5,418.0,543.5,1,434.5,0.0,0.0,0.0,0.0,0.0,34
2023-05-09 22:41:24,TA401C5100,TA401C5100,434.5,0.0,0.0,0.0,5,419.5,426.0,5,434.5,0.0,0.0,0.0,0.0,0.0,34
2023-05-09 22:42:16,TA401C5100,TA401C5100,434.5,0.0,0.0,0.0,5,419.5,424.0,5,434.5,0.0,0.0,0.0,0.0,0.0,34
2023-05-09 22:44:23,TA401C5100,TA401C5100,434.5,0.0,0.0,0.0,5,419.5,426.0,5,434.5,0.0,0.0,0.0,0.0,0.0,34
2023-05-09 22:44:55,TA401C5100,TA401C5100,434.5,0.0,0.0,0.0,5,421.0,426.0,5,434.5,0.0,0.0,0.0,0.0,0.0,34
2023-05-09 22:45:40,TA401C5100,TA401C5100,434.5,0.0,0.0,0.0,5,419.5,426.0,5,434.5,0.0,0.0,0.0,0.0,0.0,34
2023-05-09 22:46:29,TA401C5100,TA401C5100,434.5,0.0,0.0,0.0,5,419.5,424.5,5,434.5,0.0,0.0,0.0,0.0,0.0,34
2023-05-09 22:47:19,TA401C5100,TA401C5100,434.5,0.0,0.0,0.0,5,417.0,424.5,5,434.5,0.0,0.0,0.0,0.0,0.0,34
2023-05-09 22:47:38,TA401C5100,TA401C5100,434.5,0.0,0.0,0.0,5,418.5,424.5,5,434.5,0.0,0.0,0.0,0.0,0.0,34
2023-05-09 22:48:36,TA401C5100,TA401C5100,434.5,0.0,0.0,0.0,5,418.5,423.0,5,434.5,0.0,0.0,0.0,0.0,0.0,34
2023-05-09 22:48:47,TA401C5100,TA401C5100,434.5,0.0,0.0,0.0,5,417.0,423.0,5,434.5,0.0,0.0,0.0,0.0,0.0,34
2023-05-09 22:48:51,TA401C5100,TA401C5100,434.5,0.0,0.0,0.0,5,417.0,421.5,5,434.5,0.0,0.0,0.0,0.0,0.0,34
2023-05-09 22:49:17,TA401C5100,TA401C5100,434.5,0.0,0.0,0.0,5,414.5,421.5,5,434.5,0.0,0.0,0.0,0.0,0.0,34
2023-05-09 22:49:21,TA401C5100,TA401C5100,434.5,0.0,0.0,0.0,5,414.5,420.0,5,434.5,0.0,0.0,0.0,0.0,0.0,34
2023-05-09 22:49:41,TA401C5100,TA401C5100,434.5,0.0,0.0,0.0,1,374.5,417.5,5,434.5,0.0,0.0,0.0,0.0,0.0,34
2023-05-09 22:49:44,TA401C5100,TA401C5100,434.5,0.0,0.0,0.0,5,411.5,417.5,5,434.5,0.0,0.0,0.0,0.0,0.0,34
2023-05-09 22:52:21,TA401C5100,TA401C5100,434.5,0.0,0.0,0.0,5,413.0,417.5,5,434.5,0.0,0.0,0.0,0.0,0.0,34
2023-05-09 22:55:00,TA401C5100,TA401C5100,434.5,0.0,0.0,0.0,5,413.0,420.0,5,434.5,0.0,0.0,0.0,0.0,0.0,34
2023-05-09 22:55:57,TA401C5100,TA401C5100,434.5,0.0,0.0,0.0,1,374.5,543.5,1,434.5,0.0,0.0,0.0,0.0,0.0,34
2023-05-09 22:55:57,TA401C5100,TA401C5100,434.5,0.0,0.0,0.0,1,374.5,496.0,1,434.5,0.0,0.0,0.0,0.0,0.0,34
2023-05-09 22:56:31,TA401C5100,TA401C5100,434.5,0.0,0.0,0.0,2,181.0,0.0,0,434.5,0.0,0.0,0.0,0.0,0.0,34
2023-05-09 22:56:31,TA401C5100,TA401C5100,434.5,0.0,0.0,0.0,2,187.5,758.5,1,434.5,0.0,0.0,0.0,0.0,0.0,34
2023-05-09 22:56:34,TA401C5100,TA401C5100,434.5,0.0,0.0,0.0,1,189.0,758.5,1,434.5,0.0,0.0,0.0,0.0,0.0,34
2023-05-09 22:56:35,TA401C5100,TA401C5100,434.5,0.0,0.0,0.0,2,195.5,758.5,1,434.5,0.0,0.0,0.0,0.0,0.0,34
2023-05-09 22:56:37,TA401C5100,TA401C5100,434.5,0.0,0.0,0.0,1,197.0,758.5,1,434.5,0.0,0.0,0.0,0.0,0.0,34
2023-05-09 22:56:38,TA401C5100,TA401C5100,434.5,0.0,0.0,0.0,2,203.5,758.5,1,434.5,0.0,0.0,0.0,0.0,0.0,34
2023-05-09 22:56:39,TA401C5100,TA401C5100,434.5,0.0,0.0,0.0,1,205.0,758.5,1,434.5,0.0,0.0,0.0,0.0,0.0,34
2023-05-09 22:56:52,TA401C5100,TA401C5100,434.5,0.0,0.0,0.0,2,211.5,758.5,1,434.5,0.0,0.0,0.0,0.0,0.0,34
2023-05-09 22:56:53,TA401C5100,TA401C5100,434.5,0.0,0.0,0.0,1,213.0,758.5,1,434.5,0.0,0.0,0.0,0.0,0.0,34
2023-05-09 22:56:56,TA401C5100,TA401C5100,434.5,0.0,0.0,0.0,2,219.5,758.5,1,434.5,0.0,0.0,0.0,0.0,0.0,34
2023-05-09 22:56:57,TA401C5100,TA401C5100,434.5,0.0,0.0,0.0,1,221.0,758.5,1,434.5,0.0,0.0,0.0,0.0,0.0,34
2023-05-09 22:57:00,TA401C5100,TA401C5100,434.5,0.0,0.0,0.0,2,227.5,758.5,1,434.5,0.0,0.0,0.0,0.0,0.0,34
2023-05-09 22:57:00,TA401C5100,TA401C5100,434.5,0.0,0.0,0.0,1,229.0,758.5,1,434.5,0.0,0.0,0.0,0.0,0.0,34
2023-05-09 22:59:50,TA401C5100,TA401C5100,434.5,0.0,0.0,0.0,1,181.5,0.0,0,434.5,0.0,0.0,0.0,0.0,0.0,34
2023-05-10 09:00:02,TA401C5100,TA401C5100,434.5,0.0,0.0,0.0,1,181.5,535.0,1,434.5,0.0,0.0,0.0,0.0,0.0,34
2023-05-10 09:00:03,TA401C5100,TA401C5100,434.5,0.0,0.0,0.0,1,328.0,535.0,1,434.5,0.0,0.0,0.0,0.0,0.0,34
2023-05-10 09:01:14,TA401C5100,TA401C5100,434.5,0.0,0.0,0.0,1,359.0,535.0,1,434.5,0.0,0.0,0.0,0.0,0.0,34
2023-05-10 09:01:25,TA401C5100,TA401C5100,434.5,0.0,0.0,0.0,1,411.0,535.0,1,434.5,0.0,0.0,0.0,0.0,0.0,34
2023-05-10 09:01:28,TA401C5100,TA401C5100,434.5,0.0,0.0,0.0,1,411.0,436.5,5,434.5,0.0,0.0,0.0,0.0,0.0,34
2023-05-10 09:01:29,TA401C5100,TA401C5100,434.5,0.0,0.0,0.0,5,429.5,436.5,5,434.5,0.0,0.0,0.0,0.0,0.0,34
2023-05-10 09:02:01,TA401C5100,TA401C5100,434.5,0.0,0.0,0.0,5,431.0,436.5,5,434.5,0.0,0.0,0.0,0.0,0.0,34
2023-05-10 09:02:09,TA401C5100,TA401C5100,434.5,0.0,0.0,0.0,5,429.5,436.5,5,434.5,0.0,0.0,0.0,0.0,0.0,34
2023-05-10 09:02:16,TA401C5100,TA401C5100,434.5,0.0,0.0,0.0,5,431.5,436.5,5,434.5,0.0,0.0,0.0,0.0,0.0,34
2023-05-10 09:02:19,TA401C5100,TA401C5100,434.5,0.0,0.0,0.0,5,431.5,535.0,1,434.5,0.0,0.0,0.0,0.0,0.0,34
2023-05-10 09:02:20,TA401C5100,TA401C5100,434.5,0.0,0.0,0.0,5,431.5,439.0,5,434.5,0.0,0.0,0.0,0.0,0.0,34
2023-05-10 09:02:33,TA401C5100,TA401C5100,434.5,0.0,0.0,0.0,5,433.0,439.0,5,434.5,0.0,0.0,0.0,0.0,0.0,34
2023-05-10 09:02:56,TA401C5100,TA401C5100,434.5,0.0,0.0,0.0,5,435.0,535.0,1,434.5,0.0,0.0,0.0,0.0,0.0,34
2023-05-10 09:02:57,TA401C5100,TA401C5100,434.5,0.0,0.0,0.0,5,437.0,535.0,1,434.5,0.0,0.0,0.0,0.0,0.0,34
2023-05-10 09:02:59,TA401C5100,TA401C5100,434.5,0.0,0.0,0.0,5,437.0,443.0,5,434.5,0.0,0.0,0.0,0.0,0.0,34
2023-05-10 09:03:02,TA401C5100,TA401C5100,434.5,0.0,0.0,0.0,5,437.0,535.0,1,434.5,0.0,0.0,0.0,0.0,0.0,34
2023-05-10 09:03:03,TA401C5100,TA401C5100,434.5,0.0,0.0,0.0,5,437.0,443.5,5,434.5,0.0,0.0,0.0,0.0,0.0,34
2023-05-10 09:03:15,TA401C5100,TA401C5100,434.5,0.0,0.0,0.0,5,437.0,535.0,1,434.5,0.0,0.0,0.0,0.0,0.0,34
2023-05-10 09:03:19,TA401C5100,TA401C5100,434.5,0.0,0.0,0.0,5,440.5,535.0,1,434.5,0.0,0.0,0.0,0.0,0.0,34
2023-05-10 09:03:20,TA401C5100,TA401C5100,434.5,0.0,0.0,0.0,5,437.0,535.0,1,434.5,0.0,0.0,0.0,0.0,0.0,34
2023-05-10 09:03:22,TA401C5100,TA401C5100,434.5,0.0,0.0,0.0,5,440.0,535.0,1,434.5,0.0,0.0,0.0,0.0,0.0,34
2023-05-10 09:03:22,TA401C5100,TA401C5100,434.5,0.0,0.0,0.0,5,440.0,446.0,5,434.5,0.0,0.0,0.0,0.0,0.0,34
2023-05-10 09:03:31,TA401C5100,TA401C5100,434.5,0.0,0.0,0.0,5,437.0,446.0,5,434.5,0.0,0.0,0.0,0.0,0.0,34
2023-05-10 09:03:36,TA401C5100,TA401C5100,434.5,0.0,0.0,0.0,5,437.0,444.0,5,434.5,0.0,0.0,0.0,0.0,0.0,34
2023-05-10 09:04:11,TA401C5100,TA401C5100,434.5,0.0,0.0,0.0,5,437.0,442.0,5,434.5,0.0,0.0,0.0,0.0,0.0,34
2023-05-10 09:04:11,TA401C5100,TA401C5100,434.5,0.0,0.0,0.0,1,411.0,442.0,5,434.5,0.0,0.0,0.0,0.0,0.0,34
2023-05-10 09:04:13,TA401C5100,TA401C5100,434.5,0.0,0.0,0.0,5,434.0,442.0,5,434.5,0.0,0.0,0.0,0.0,0.0,34
2023-05-10 09:04:17,TA401C5100,TA401C5100,434.5,0.0,0.0,0.0,5,434.0,440.0,5,434.5,0.0,0.0,0.0,0.0,0.0,34
2023-05-10 09:06:03,TA401C5100,TA401C5100,434.5,0.0,0.0,0.0,5,435.5,442.0,5,434.5,0.0,0.0,0.0,0.0,0.0,34
2023-05-10 09:06:05,TA401C5100,TA401C5100,434.5,0.0,0.0,0.0,5,437.0,442.0,5,434.5,0.0,0.0,0.0,0.0,0.0,34
2023-05-10 09:06:37,TA401C5100,TA401C5100,434.5,0.0,0.0,0.0,5,435.5,442.0,5,434.5,0.0,0.0,0.0,0.0,0.0,34
2023-05-10 09:06:59,TA401C5100,TA401C5100,434.5,0.0,0.0,0.0,1,411.0,442.0,5,434.5,0.0,0.0,0.0,0.0,0.0,34
2023-05-10 09:07:02,TA401C5100,TA401C5100,434.5,0.0,0.0,0.0,1,411.0,440.0,5,434.5,0.0,0.0,0.0,0.0,0.0,34
2023-05-10 09:07:03,TA401C5100,TA401C5100,434.5,0.0,0.0,0.0,5,434.0,440.0,5,434.5,0.0,0.0,0.0,0.0,0.0,34
2023-05-10 09:07:50,TA401C5100,TA401C5100,434.5,0.0,0.0,0.0,1,411.0,438.0,5,434.5,0.0,0.0,0.0,0.0,0.0,34
2023-05-10 09:07:52,TA401C5100,TA401C5100,434.5,0.0,0.0,0.0,5,430.5,438.0,5,434.5,0.0,0.0,0.0,0.0,0.0,34
2023-05-10 09:08:05,TA401C5100,TA401C5100,434.5,0.0,0.0,0.0,5,432.0,438.0,5,434.5,0.0,0.0,0.0,0.0,0.0,34
2023-05-10 09:08:14,TA401C5100,TA401C5100,434.5,0.0,0.0,0.0,5,432.0,440.0,5,434.5,0.0,0.0,0.0,0.0,0.0,34
2023-05-10 09:08:17,TA401C5100,TA401C5100,434.5,0.0,0.0,0.0,5,433.5,440.0,5,434.5,0.0,0.0,0.0,0.0,0.0,34
2023-05-10 09:08:23,TA401C5100,TA401C5100,434.5,0.0,0.0,0.0,5,433.5,438.5,5,434.5,0.0,0.0,0.0,0.0,0.0,34
2023-05-10 09:08:53,TA401C5100,TA401C5100,434.5,0.0,0.0,0.0,5,433.5,440.0,5,434.5,0.0,0.0,0.0,0.0,0.0,34
2023-05-10 09:10:35,TA401C5100,TA401C5100,434.5,0.0,0.0,0.0,5,433.5,438.0,5,434.5,0.0,0.0,0.0,0.0,0.0,34
2023-05-10 09:10:36,TA401C5100,TA401C5100,434.5,0.0,0.0,0.0,5,432.0,438.0,5,434.5,0.0,0.0,0.0,0.0,0.0,34
2023-05-10 09:10:41,TA401C5100,TA401C5100,434.5,0.0,0.0,0.0,1,411.0,436.5,5,434.5,0.0,0.0,0.0,0.0,0.0,34
2023-05-10 09:10:45,TA401C5100,TA401C5100,434.5,0.0,0.0,0.0,5,429.5,436.5,5,434.5,0.0,0.0,0.0,0.0,0.0,34
2023-05-10 09:11:05,TA401C5100,TA401C5100,434.5,0.0,0.0,0.0,5,429.5,434.5,5,434.5,0.0,0.0,0.0,0.0,0.0,34
2023-05-10 09:11:17,TA401C5100,TA401C5100,434.5,0.0,0.0,0.0,5,427.0,434.5,5,434.5,0.0,0.0,0.0,0.0,0.0,34
2023-05-10 09:11:27,TA401C5100,TA401C5100,434.5,0.0,0.0,0.0,5,427.0,433.0,5,434.5,0.0,0.0,0.0,0.0,0.0,34
2023-05-10 09:16:26,TA401C5100,TA401C5100,434.5,0.0,0.0,0.0,1,411.0,431.0,5,434.5,0.0,0.0,0.0,0.0,0.0,34
2023-05-10 09:16:28,TA401C5100,TA401C5100,434.5,0.0,0.0,0.0,5,424.5,431.0,5,434.5,0.0,0.0,0.0,0.0,0.0,34
2023-05-10 09:16:38,TA401C5100,TA401C5100,434.5,0.0,0.0,0.0,1,411.0,428.5,5,434.5,0.0,0.0,0.0,0.0,0.0,34
2023-05-10 09:16:41,TA401C5100,TA401C5100,434.5,0.0,0.0,0.0,5,422.0,428.5,5,434.5,0.0,0.0,0.0,0.0,0.0,34
2023-05-10 09:17:54,TA401C5100,TA401C5100,434.5,0.0,0.0,0.0,5,423.5,428.5,5,434.5,0.0,0.0,0.0,0.0,0.0,34
2023-05-10 09:18:04,TA401C5100,TA401C5100,434.5,0.0,0.0,0.0,5,423.5,431.0,5,434.5,0.0,0.0,0.0,0.0,0.0,34
2023-05-10 09:18:17,TA401C5100,TA401C5100,434.5,0.0,0.0,0.0,5,425.0,431.0,5,434.5,0.0,0.0,0.0,0.0,0.0,34
2023-05-10 09:18:42,TA401C5100,TA401C5100,434.5,0.0,0.0,0.0,5,425.0,535.0,1,434.5,0.0,0.0,0.0,0.0,0.0,34
2023-05-10 09:18:43,TA401C5100,TA401C5100,434.5,0.0,0.0,0.0,5,425.0,434.0,5,434.5,0.0,0.0,0.0,0.0,0.0,34
2023-05-10 09:18:44,TA401C5100,TA401C5100,434.5,0.0,0.0,0.0,5,427.5,434.0,5,434.5,0.0,0.0,0.0,0.0,0.0,34
2023-05-10 09:19:14,TA401C5100,TA401C5100,434.5,0.0,0.0,0.0,5,427.5,535.0,1,434.5,0.0,0.0,0.0,0.0,0.0,34
2023-05-10 09:19:16,TA401C5100,TA401C5100,434.5,0.0,0.0,0.0,5,427.5,437.5,5,434.5,0.0,0.0,0.0,0.0,0.0,34
2023-05-10 09:19:18,TA401C5100,TA401C5100,434.5,0.0,0.0,0.0,5,429.5,437.5,5,434.5,0.0,0.0,0.0,0.0,0.0,34
2023-05-10 09:19:27,TA401C5100,TA401C5100,434.5,0.0,0.0,0.0,5,431.0,437.5,5,434.5,0.0,0.0,0.0,0.0,0.0,34
2023-05-10 09:20:47,TA401C5100,TA401C5100,434.5,0.0,0.0,0.0,5,431.0,436.0,5,434.5,0.0,0.0,0.0,0.0,0.0,34
2023-05-10 09:20:56,TA401C5100,TA401C5100,434.5,0.0,0.0,0.0,5,429.5,436.0,5,434.5,0.0,0.0,0.0,0.0,0.0,34
2023-05-10 09:22:44,TA401C5100,TA401C5100,434.5,0.0,0.0,0.0,5,429.5,434.5,5,434.5,0.0,0.0,0.0,0.0,0.0,34
2023-05-10 09:27:15,TA401C5100,TA401C5100,434.5,0.0,0.0,0.0,5,427.0,434.5,5,434.5,0.0,0.0,0.0,0.0,0.0,34
2023-05-10 09:27:17,TA401C5100,TA401C5100,434.5,0.0,0.0,0.0,5,427.0,433.0,5,434.5,0.0,0.0,0.0,0.0,0.0,34
2023-05-10 09:27:31,TA401C5100,TA401C5100,434.5,0.0,0.0,0.0,1,411.0,431.5,5,434.5,0.0,0.0,0.0,0.0,0.0,34
2023-05-10 09:27:33,TA401C5100,TA401C5100,434.5,0.0,0.0,0.0,5,424.0,431.5,5,434.5,0.0,0.0,0.0,0.0,0.0,34
2023-05-10 09:27:43,TA401C5100,TA401C5100,434.5,0.0,0.0,0.0,5,424.0,430.0,5,434.5,0.0,0.0,0.0,0.0,0.0,34
2023-05-10 09:28:27,TA401C5100,TA401C5100,434.5,0.0,0.0,0.0,5,425.5,430.0,5,434.5,0.0,0.0,0.0,0.0,0.0,34
2023-05-10 09:29:31,TA401C5100,TA401C5100,434.5,0.0,0.0,0.0,5,425.5,431.5,5,434.5,0.0,0.0,0.0,0.0,0.0,34
2023-05-10 09:30:25,TA401C5100,TA401C5100,434.5,0.0,0.0,0.0,5,427.0,431.5,5,434.5,0.0,0.0,0.0,0.0,0.0,34
2023-05-10 09:30:30,TA401C5100,TA401C5100,434.5,0.0,0.0,0.0,5,427.0,434.0,5,434.5,0.0,0.0,0.0,0.0,0.0,34
2023-05-10 09:30:38,TA401C5100,TA401C5100,434.5,0.0,0.0,0.0,5,429.0,434.0,5,434.5,0.0,0.0,0.0,0.0,0.0,34
2023-05-10 09:31:00,TA401C5100,TA401C5100,434.5,0.0,0.0,0.0,5,427.0,434.0,5,434.5,0.0,0.0,0.0,0.0,0.0,34
2023-05-10 09:31:09,TA401C5100,TA401C5100,434.5,0.0,0.0,0.0,5,427.0,432.5,5,434.5,0.0,0.0,0.0,0.0,0.0,34
2023-05-10 09:32:27,TA401C5100,TA401C5100,434.5,0.0,0.0,0.0,5,427.0,434.0,5,434.5,0.0,0.0,0.0,0.0,0.0,34
2023-05-10 09:32:28,TA401C5100,TA401C5100,434.5,0.0,0.0,0.0,5,428.5,434.0,5,434.5,0.0,0.0,0.0,0.0,0.0,34
2023-05-10 09:33:28,TA401C5100,TA401C5100,434.5,0.0,0.0,0.0,5,428.5,535.0,1,434.5,0.0,0.0,0.0,0.0,0.0,34
2023-05-10 09:33:29,TA401C5100,TA401C5100,434.5,0.0,0.0,0.0,5,428.5,436.5,5,434.5,0.0,0.0,0.0,0.0,0.0,34
2023-05-10 09:33:33,TA401C5100,TA401C5100,434.5,0.0,0.0,0.0,5,430.0,436.5,5,434.5,0.0,0.0,0.0,0.0,0.0,34
2023-05-10 09:34:04,TA401C5100,TA401C5100,434.5,0.0,0.0,0.0,5,430.0,435.0,5,434.5,0.0,0.0,0.0,0.0,0.0,34
2023-05-10 09:34:08,TA401C5100,TA401C5100,434.5,0.0,0.0,0.0,5,428.5,435.0,5,434.5,0.0,0.0,0.0,0.0,0.0,34
2023-05-10 09:36:13,TA401C5100,TA401C5100,434.5,0.0,0.0,0.0,5,428.5,433.5,5,434.5,0.0,0.0,0.0,0.0,0.0,34
2023-05-10 09:37:05,TA401C5100,TA401C5100,434.5,0.0,0.0,0.0,1,411.0,433.5,5,434.5,0.0,0.0,0.0,0.0,0.0,34
2023-05-10 09:37:07,TA401C5100,TA401C5100,434.5,0.0,0.0,0.0,5,426.5,433.5,5,434.5,0.0,0.0,0.0,0.0,0.0,34
2023-05-10 09:38:07,TA401C5100,TA401C5100,434.5,0.0,0.0,0.0,5,428.0,433.5,5,434.5,0.0,0.0,0.0,0.0,0.0,34
2023-05-10 09:38:14,TA401C5100,TA401C5100,434.5,0.0,0.0,0.0,5,429.5,435.0,5,434.5,0.0,0.0,0.0,0.0,0.0,34
2023-05-10 09:38:25,TA401C5100,TA401C5100,434.5,0.0,0.0,0.0,5,431.5,535.0,1,434.5,0.0,0.0,0.0,0.0,0.0,34
2023-05-10 09:38:26,TA401C5100,TA401C5100,434.5,0.0,0.0,0.0,5,431.5,437.5,5,434.5,0.0,0.0,0.0,0.0,0.0,34
2023-05-10 09:40:42,TA401C5100,TA401C5100,434.5,0.0,0.0,0.0,5,431.5,436.0,5,434.5,0.0,0.0,0.0,0.0,0.0,34
2023-05-10 09:40:49,TA401C5100,TA401C5100,434.5,0.0,0.0,0.0,5,429.5,436.0,5,434.5,0.0,0.0,0.0,0.0,0.0,34
2023-05-10 09:41:35,TA401C5100,TA401C5100,434.5,0.0,0.0,0.0,5,429.5,434.5,5,434.5,0.0,0.0,0.0,0.0,0.0,34
2023-05-10 09:42:10,TA401C5100,TA401C5100,434.5,0.0,0.0,0.0,5,427.0,434.5,5,434.5,0.0,0.0,0.0,0.0,0.0,34
2023-05-10 09:42:27,TA401C5100,TA401C5100,434.5,0.0,0.0,0.0,5,427.0,432.5,5,434.5,0.0,0.0,0.0,0.0,0.0,34
2023-05-10 09:43:22,TA401C5100,TA401C5100,434.5,0.0,0.0,0.0,1,411.0,432.5,5,434.5,0.0,0.0,0.0,0.0,0.0,34
2023-05-10 09:43:23,TA401C5100,TA401C5100,434.5,0.0,0.0,0.0,5,424.5,432.5,5,434.5,0.0,0.0,0.0,0.0,0.0,34
2023-05-10 09:43:51,TA401C5100,TA401C5100,434.5,0.0,0.0,0.0,5,424.5,430.5,5,434.5,0.0,0.0,0.0,0.0,0.0,34
2023-05-10 09:47:20,TA401C5100,TA401C5100,434.5,0.0,0.0,0.0,5,426.0,430.5,5,434.5,0.0,0.0,0.0,0.0,0.0,34
2023-05-10 09:47:21,TA401C5100,TA401C5100,434.5,0.0,0.0,0.0,5,426.0,432.5,5,434.5,0.0,0.0,0.0,0.0,0.0,34
2023-05-10 09:48:10,TA401C5100,TA401C5100,434.5,0.0,0.0,0.0,5,426.0,431.0,5,434.5,0.0,0.0,0.0,0.0,0.0,34
2023-05-10 09:49:23,TA401C5100,TA401C5100,434.5,0.0,0.0,0.0,5,424.5,431.0,5,434.5,0.0,0.0,0.0,0.0,0.0,34
2023-05-10 09:50:01,TA401C5100,TA401C5100,434.5,0.0,0.0,0.0,5,424.5,429.5,5,434.5,0.0,0.0,0.0,0.0,0.0,34
2023-05-10 09:51:21,TA401C5100,TA401C5100,434.5,0.0,0.0,0.0,5,424.5,431.0,5,434.5,0.0,0.0,0.0,0.0,0.0,34
2023-05-10 09:52:06,TA401C5100,TA401C5100,434.5,0.0,0.0,0.0,5,424.5,429.5,5,434.5,0.0,0.0,0.0,0.0,0.0,34
2023-05-10 09:53:02,TA401C5100,TA401C5100,434.5,0.0,0.0,0.0,1,411.0,429.5,5,434.5,0.0,0.0,0.0,0.0,0.0,34
2023-05-10 09:53:03,TA401C5100,TA401C5100,434.5,0.0,0.0,0.0,5,422.0,429.5,5,434.5,0.0,0.0,0.0,0.0,0.0,34
2023-05-10 09:53:07,TA401C5100,TA401C5100,434.5,0.0,0.0,0.0,5,422.0,427.5,5,434.5,0.0,0.0,0.0,0.0,0.0,34
2023-05-10 09:53:19,TA401C5100,TA401C5100,434.5,0.0,0.0,0.0,1,411.0,427.5,5,434.5,0.0,0.0,0.0,0.0,0.0,34
2023-05-10 09:53:20,TA401C5100,TA401C5100,434.5,0.0,0.0,0.0,5,420.0,427.5,5,434.5,0.0,0.0,0.0,0.0,0.0,34
2023-05-10 09:53:40,TA401C5100,TA401C5100,434.5,0.0,0.0,0.0,5,421.5,427.5,5,434.5,0.0,0.0,0.0,0.0,0.0,34
2023-05-10 09:54:18,TA401C5100,TA401C5100,434.5,0.0,0.0,0.0,5,420.0,427.5,5,434.5,0.0,0.0,0.0,0.0,0.0,34
2023-05-10 09:54:20,TA401C5100,TA401C5100,434.5,0.0,0.0,0.0,5,420.0,426.0,5,434.5,0.0,0.0,0.0,0.0,0.0,34
2023-05-10 09:54:34,TA401C5100,TA401C5100,434.5,0.0,0.0,0.0,5,420.0,424.5,5,434.5,0.0,0.0,0.0,0.0,0.0,34
2023-05-10 09:54:37,TA401C5100,TA401C5100,434.5,0.0,0.0,0.0,1,411.0,424.5,5,434.5,0.0,0.0,0.0,0.0,0.0,34
2023-05-10 09:54:38,TA401C5100,TA401C5100,434.5,0.0,0.0,0.0,5,417.5,424.5,5,434.5,0.0,0.0,0.0,0.0,0.0,34
2023-05-10 09:56:13,TA401C5100,TA401C5100,434.5,0.0,0.0,0.0,5,419.0,424.5,5,434.5,0.0,0.0,0.0,0.0,0.0,34
2023-05-10 09:57:06,TA401C5100,TA401C5100,434.5,0.0,0.0,0.0,5,417.5,424.5,5,434.5,0.0,0.0,0.0,0.0,0.0,34
2023-05-10 09:57:39,TA401C5100,TA401C5100,434.5,0.0,0.0,0.0,5,417.5,423.0,5,434.5,0.0,0.0,0.0,0.0,0.0,34
2023-05-10 09:58:13,TA401C5100,TA401C5100,434.5,0.0,0.0,0.0,5,420.0,424.5,5,434.5,0.0,0.0,0.0,0.0,0.0,34
2023-05-10 09:58:24,TA401C5100,TA401C5100,434.5,0.0,0.0,0.0,5,420.0,427.0,5,434.5,0.0,0.0,0.0,0.0,0.0,34
2023-05-10 09:58:37,TA401C5100,TA401C5100,434.5,0.0,0.0,0.0,5,421.5,427.0,5,434.5,0.0,0.0,0.0,0.0,0.0,34
2023-05-10 09:58:52,TA401C5100,TA401C5100,434.5,0.0,0.0,0.0,5,421.5,429.5,5,434.5,0.0,0.0,0.0,0.0,0.0,34
2023-05-10 09:58:56,TA401C5100,TA401C5100,434.5,0.0,0.0,0.0,5,423.0,429.5,5,434.5,0.0,0.0,0.0,0.0,0.0,34
2023-05-10 10:00:11,TA401C5100,TA401C5100,434.5,0.0,0.0,0.0,5,425.0,429.5,5,434.5,0.0,0.0,0.0,0.0,0.0,34
2023-05-10 10:00:42,TA401C5100,TA401C5100,434.5,0.0,0.0,0.0,5,425.0,535.0,1,434.5,0.0,0.0,0.0,0.0,0.0,34
2023-05-10 10:00:43,TA401C5100,TA401C5100,434.5,0.0,0.0,0.0,5,425.0,432.0,5,434.5,0.0,0.0,0.0,0.0,0.0,34
2023-05-10 10:00:49,TA401C5100,TA401C5100,434.5,0.0,0.0,0.0,5,427.5,432.0,5,434.5,0.0,0.0,0.0,0.0,0.0,34
2023-05-10 10:00:50,TA401C5100,TA401C5100,434.5,0.0,0.0,0.0,5,427.5,535.0,1,434.5,0.0,0.0,0.0,0.0,0.0,34
2023-05-10 10:00:52,TA401C5100,TA401C5100,434.5,0.0,0.0,0.0,5,429.5,535.0,1,434.5,0.0,0.0,0.0,0.0,0.0,34
2023-05-10 10:00:57,TA401C5100,TA401C5100,434.5,0.0,0.0,0.0,5,429.5,434.5,5,434.5,0.0,0.0,0.0,0.0,0.0,34
2023-05-10 10:01:09,TA401C5100,TA401C5100,434.5,0.0,0.0,0.0,5,427.5,434.5,5,434.5,0.0,0.0,0.0,0.0,0.0,34
2023-05-10 10:01:32,TA401C5100,TA401C5100,434.5,0.0,0.0,0.0,5,427.5,432.5,5,434.5,0.0,0.0,0.0,0.0,0.0,34
2023-05-10 10:01:41,TA401C5100,TA401C5100,434.5,0.0,0.0,0.0,1,325.5,432.5,5,434.5,0.0,0.0,0.0,0.0,0.0,34
2023-05-10 10:01:41,TA401C5100,TA401C5100,434.5,0.0,0.0,0.0,2,332.0,432.5,5,434.5,0.0,0.0,0.0,0.0,0.0,34
2023-05-10 10:01:42,TA401C5100,TA401C5100,434.5,0.0,0.0,0.0,5,424.5,432.5,5,434.5,0.0,0.0,0.0,0.0,0.0,34
2023-05-10 10:01:44,TA401C5100,TA401C5100,434.5,0.0,0.0,0.0,5,424.5,431.0,5,434.5,0.0,0.0,0.0,0.0,0.0,34
2023-05-10 10:07:37,TA401C5100,TA401C5100,434.5,0.0,0.0,0.0,5,424.5,429.5,5,434.5,0.0,0.0,0.0,0.0,0.0,34
2023-05-10 10:09:02,TA401C5100,TA401C5100,434.5,0.0,0.0,0.0,5,424.5,431.0,5,434.5,0.0,0.0,0.0,0.0,0.0,34
2023-05-10 10:09:07,TA401C5100,TA401C5100,434.5,0.0,0.0,0.0,5,426.0,431.0,5,434.5,0.0,0.0,0.0,0.0,0.0,34
2023-05-10 10:09:31,TA401C5100,TA401C5100,434.5,0.0,0.0,0.0,5,426.0,433.5,5,434.5,0.0,0.0,0.0,0.0,0.0,34
2023-05-10 10:09:35,TA401C5100,TA401C5100,434.5,0.0,0.0,0.0,5,427.5,433.5,5,434.5,0.0,0.0,0.0,0.0,0.0,34
2023-05-10 10:09:41,TA401C5100,TA401C5100,434.5,0.0,0.0,0.0,5,427.5,535.0,1,434.5,0.0,0.0,0.0,0.0,0.0,34
2023-05-10 10:09:44,TA401C5100,TA401C5100,434.5,0.0,0.0,0.0,5,427.5,435.5,5,434.5,0.0,0.0,0.0,0.0,0.0,34
2023-05-10 10:09:54,TA401C5100,TA401C5100,434.5,0.0,0.0,0.0,5,427.5,434.0,5,434.5,0.0,0.0,0.0,0.0,0.0,34
2023-05-10 10:10:09,TA401C5100,TA401C5100,434.5,0.0,0.0,0.0,5,429.5,434.0,5,434.5,0.0,0.0,0.0,0.0,0.0,34
2023-05-10 10:10:10,TA401C5100,TA401C5100,434.5,0.0,0.0,0.0,5,429.5,435.5,5,434.5,0.0,0.0,0.0,0.0,0.0,34
2023-05-10 10:10:23,TA401C5100,TA401C5100,434.5,0.0,0.0,0.0,5,429.5,535.0,1,434.5,0.0,0.0,0.0,0.0,0.0,34
2023-05-10 10:10:26,TA401C5100,TA401C5100,434.5,0.0,0.0,0.0,5,429.5,437.0,5,434.5,0.0,0.0,0.0,0.0,0.0,34
2023-05-10 10:11:09,TA401C5100,TA401C5100,434.5,0.0,0.0,0.0,5,429.5,435.5,5,434.5,0.0,0.0,0.0,0.0,0.0,34
2023-05-10 10:11:49,TA401C5100,TA401C5100,434.5,0.0,0.0,0.0,5,429.5,434.0,5,434.5,0.0,0.0,0.0,0.0,0.0,34
2023-05-10 10:11:50,TA401C5100,TA401C5100,434.5,0.0,0.0,0.0,5,427.5,434.0,5,434.5,0.0,0.0,0.0,0.0,0.0,34
2023-05-10 10:14:31,TA401C5100,TA401C5100,434.5,0.0,0.0,0.0,5,427.5,432.0,5,434.5,0.0,0.0,0.0,0.0,0.0,34
2023-05-10 10:14:55,TA401C5100,TA401C5100,434.5,0.0,0.0,0.0,5,425.0,432.0,5,434.5,0.0,0.0,0.0,0.0,0.0,34
2023-05-10 10:30:06,TA401C5100,TA401C5100,434.5,0.0,0.0,0.0,5,426.5,432.0,5,434.5,0.0,0.0,0.0,0.0,0.0,34
2023-05-10 10:30:41,TA401C5100,TA401C5100,434.5,0.0,0.0,0.0,5,425.0,432.0,5,434.5,0.0,0.0,0.0,0.0,0.0,34
2023-05-10 10:30:42,TA401C5100,TA401C5100,434.5,0.0,0.0,0.0,5,425.0,430.0,5,434.5,0.0,0.0,0.0,0.0,0.0,34
2023-05-10 10:30:58,TA401C5100,TA401C5100,434.5,0.0,0.0,0.0,1,377.5,430.0,5,434.5,0.0,0.0,0.0,0.0,0.0,34
2023-05-10 10:31:00,TA401C5100,TA401C5100,434.5,0.0,0.0,0.0,5,423.0,430.0,5,434.5,0.0,0.0,0.0,0.0,0.0,34
2023-05-10 10:31:23,TA401C5100,TA401C5100,434.5,0.0,0.0,0.0,5,423.0,428.0,5,434.5,0.0,0.0,0.0,0.0,0.0,34
2023-05-10 10:32:34,TA401C5100,TA401C5100,434.5,0.0,0.0,0.0,5,423.0,430.0,5,434.5,0.0,0.0,0.0,0.0,0.0,34
2023-05-10 10:34:27,TA401C5100,TA401C5100,434.5,0.0,0.0,0.0,5,425.0,430.0,5,434.5,0.0,0.0,0.0,0.0,0.0,34
2023-05-10 10:36:08,TA401C5100,TA401C5100,434.5,0.0,0.0,0.0,5,423.0,430.0,5,434.5,0.0,0.0,0.0,0.0,0.0,34
2023-05-10 10:36:09,TA401C5100,TA401C5100,434.5,0.0,0.0,0.0,5,423.0,428.0,5,434.5,0.0,0.0,0.0,0.0,0.0,34
2023-05-10 10:37:23,TA401C5100,TA401C5100,434.5,0.0,0.0,0.0,1,377.5,428.0,5,434.5,0.0,0.0,0.0,0.0,0.0,34
2023-05-10 10:37:24,TA401C5100,TA401C5100,434.5,0.0,0.0,0.0,5,420.5,428.0,5,434.5,0.0,0.0,0.0,0.0,0.0,34
2023-05-10 10:38:03,TA401C5100,TA401C5100,434.5,0.0,0.0,0.0,5,420.5,426.0,5,434.5,0.0,0.0,0.0,0.0,0.0,34
2023-05-10 10:38:32,TA401C5100,TA401C5100,434.5,0.0,0.0,0.0,1,377.5,426.0,5,434.5,0.0,0.0,0.0,0.0,0.0,34
2023-05-10 10:38:34,TA401C5100,TA401C5100,434.5,0.0,0.0,0.0,5,418.0,426.0,5,434.5,0.0,0.0,0.0,0.0,0.0,34
2023-05-10 10:38:36,TA401C5100,TA401C5100,434.5,0.0,0.0,0.0,5,418.0,424.5,5,434.5,0.0,0.0,0.0,0.0,0.0,34
2023-05-10 10:38:49,TA401C5100,TA401C5100,434.5,0.0,0.0,0.0,1,377.5,424.5,5,434.5,0.0,0.0,0.0,0.0,0.0,34
2023-05-10 10:38:50,TA401C5100,TA401C5100,434.5,0.0,0.0,0.0,5,415.5,424.5,5,434.5,0.0,0.0,0.0,0.0,0.0,34
2023-05-10 10:38:53,TA401C5100,TA401C5100,434.5,0.0,0.0,0.0,5,415.5,423.0,5,434.5,0.0,0.0,0.0,0.0,0.0,34
2023-05-10 10:38:59,TA401C5100,TA401C5100,434.5,0.0,0.0,0.0,5,417.5,423.0,5,434.5,0.0,0.0,0.0,0.0,0.0,34
2023-05-10 10:39:09,TA401C5100,TA401C5100,434.5,0.0,0.0,0.0,5,415.5,423.0,5,434.5,0.0,0.0,0.0,0.0,0.0,34
2023-05-10 10:39:10,TA401C5100,TA401C5100,434.5,0.0,0.0,0.0,5,415.5,421.5,5,434.5,0.0,0.0,0.0,0.0,0.0,34
2023-05-10 10:39:15,TA401C5100,TA401C5100,434.5,0.0,0.0,0.0,5,415.5,420.0,5,434.5,0.0,0.0,0.0,0.0,0.0,34
2023-05-10 10:39:15,TA401C5100,TA401C5100,434.5,0.0,0.0,0.0,1,377.5,420.0,5,434.5,0.0,0.0,0.0,0.0,0.0,34
2023-05-10 10:39:18,TA401C5100,TA401C5100,434.5,0.0,0.0,0.0,5,415.0,420.0,5,434.5,0.0,0.0,0.0,0.0,0.0,34
2023-05-10 10:39:25,TA401C5100,TA401C5100,434.5,0.0,0.0,0.0,1,377.5,420.0,5,434.5,0.0,0.0,0.0,0.0,0.0,34
2023-05-10 10:39:25,TA401C5100,TA401C5100,434.5,0.0,0.0,0.0,5,412.5,420.0,5,434.5,0.0,0.0,0.0,0.0,0.0,34
2023-05-10 10:40:11,TA401C5100,TA401C5100,434.5,0.0,0.0,0.0,5,414.0,420.0,5,434.5,0.0,0.0,0.0,0.0,0.0,34
2023-05-10 10:41:08,TA401C5100,TA401C5100,434.5,0.0,0.0,0.0,5,415.5,420.0,5,434.5,0.0,0.0,0.0,0.0,0.0,34
2023-05-10 10:41:19,TA401C5100,TA401C5100,434.5,0.0,0.0,0.0,5,415.5,421.5,5,434.5,0.0,0.0,0.0,0.0,0.0,34
2023-05-10 10:42:22,TA401C5100,TA401C5100,434.5,0.0,0.0,0.0,5,417.0,421.5,5,434.5,0.0,0.0,0.0,0.0,0.0,34
2023-05-10 10:43:35,TA401C5100,TA401C5100,434.5,0.0,0.0,0.0,5,417.0,424.0,5,434.5,0.0,0.0,0.0,0.0,0.0,34
2023-05-10 10:44:09,TA401C5100,TA401C5100,434.5,0.0,0.0,0.0,5,418.5,424.0,5,434.5,0.0,0.0,0.0,0.0,0.0,34
2023-05-10 10:46:43,TA401C5100,TA401C5100,434.5,0.0,0.0,0.0,5,418.5,535.0,1,434.5,0.0,0.0,0.0,0.0,0.0,34
2023-05-10 10:46:44,TA401C5100,TA401C5100,434.5,0.0,0.0,0.0,5,418.5,426.5,5,434.5,0.0,0.0,0.0,0.0,0.0,34
2023-05-10 10:46:45,TA401C5100,TA401C5100,434.5,0.0,0.0,0.0,5,420.0,426.5,5,434.5,0.0,0.0,0.0,0.0,0.0,34
2023-05-10 10:47:01,TA401C5100,TA401C5100,434.5,0.0,0.0,0.0,5,420.0,425.0,5,434.5,0.0,0.0,0.0,0.0,0.0,34
2023-05-10 10:47:12,TA401C5100,TA401C5100,434.5,0.0,0.0,0.0,5,418.5,425.0,5,434.5,0.0,0.0,0.0,0.0,0.0,34
2023-05-10 10:47:34,TA401C5100,TA401C5100,434.5,0.0,0.0,0.0,5,418.5,423.5,5,434.5,0.0,0.0,0.0,0.0,0.0,34
2023-05-10 10:48:01,TA401C5100,TA401C5100,434.5,0.0,0.0,0.0,5,416.0,423.5,5,434.5,0.0,0.0,0.0,0.0,0.0,34
2023-05-10 10:48:11,TA401C5100,TA401C5100,434.5,0.0,0.0,0.0,5,416.0,422.0,5,434.5,0.0,0.0,0.0,0.0,0.0,34
2023-05-10 10:48:53,TA401C5100,TA401C5100,434.5,0.0,0.0,0.0,5,416.0,420.5,5,434.5,0.0,0.0,0.0,0.0,0.0,34
2023-05-10 10:50:14,TA401C5100,TA401C5100,434.5,0.0,0.0,0.0,5,416.0,422.0,5,434.5,0.0,0.0,0.0,0.0,0.0,34
2023-05-10 10:51:00,TA401C5100,TA401C5100,434.5,0.0,0.0,0.0,5,416.0,535.0,1,434.5,0.0,0.0,0.0,0.0,0.0,34
2023-05-10 10:51:02,TA401C5100,TA401C5100,434.5,0.0,0.0,0.0,5,417.5,535.0,1,434.5,0.0,0.0,0.0,0.0,0.0,34
2023-05-10 10:51:03,TA401C5100,TA401C5100,434.5,0.0,0.0,0.0,5,417.5,424.5,5,434.5,0.0,0.0,0.0,0.0,0.0,34
2023-05-10 10:51:38,TA401C5100,TA401C5100,434.5,0.0,0.0,0.0,5,417.5,423.0,5,434.5,0.0,0.0,0.0,0.0,0.0,34
2023-05-10 10:58:26,TA401C5100,TA401C5100,434.5,0.0,0.0,0.0,5,416.0,421.0,5,434.5,0.0,0.0,0.0,0.0,0.0,34
2023-05-10 10:59:11,TA401C5100,TA401C5100,434.5,0.0,0.0,0.0,5,416.0,423.0,5,434.5,0.0,0.0,0.0,0.0,0.0,34
2023-05-10 10:59:13,TA401C5100,TA401C5100,434.5,0.0,0.0,0.0,5,418.0,423.0,5,434.5,0.0,0.0,0.0,0.0,0.0,34
2023-05-10 11:00:10,TA401C5100,TA401C5100,434.5,0.0,0.0,0.0,5,418.0,535.0,1,434.5,0.0,0.0,0.0,0.0,0.0,34
2023-05-10 11:00:12,TA401C5100,TA401C5100,434.5,0.0,0.0,0.0,5,418.0,426.5,5,434.5,0.0,0.0,0.0,0.0,0.0,34
2023-05-10 11:00:13,TA401C5100,TA401C5100,434.5,0.0,0.0,0.0,5,420.0,426.5,5,434.5,0.0,0.0,0.0,0.0,0.0,34
2023-05-10 11:01:47,TA401C5100,TA401C5100,434.5,0.0,0.0,0.0,5,420.0,425.0,5,434.5,0.0,0.0,0.0,0.0,0.0,34
2023-05-10 11:04:58,TA401C5100,TA401C5100,434.5,0.0,0.0,0.0,5,418.0,425.0,5,434.5,0.0,0.0,0.0,0.0,0.0,34
2023-05-10 11:05:09,TA401C5100,TA401C5100,434.5,0.0,0.0,0.0,5,419.5,425.0,5,434.5,0.0,0.0,0.0,0.0,0.0,34
2023-05-10 11:05:18,TA401C5100,TA401C5100,434.5,0.0,0.0,0.0,5,419.5,426.5,5,434.5,0.0,0.0,0.0,0.0,0.0,34
2023-05-10 11:05:19,TA401C5100,TA401C5100,434.5,0.0,0.0,0.0,5,421.0,426.5,5,434.5,0.0,0.0,0.0,0.0,0.0,34
2023-05-10 11:12:06,TA401C5100,TA401C5100,434.5,0.0,0.0,0.0,5,419.5,426.5,5,434.5,0.0,0.0,0.0,0.0,0.0,34
2023-05-10 11:12:06,TA401C5100,TA401C5100,434.5,0.0,0.0,0.0,5,419.5,424.5,5,434.5,0.0,0.0,0.0,0.0,0.0,34
2023-05-10 11:14:31,TA401C5100,TA401C5100,434.5,0.0,0.0,0.0,5,419.5,426.5,5,434.5,0.0,0.0,0.0,0.0,0.0,34
2023-05-10 11:15:00,TA401C5100,TA401C5100,434.5,0.0,0.0,0.0,5,419.5,425.0,5,434.5,0.0,0.0,0.0,0.0,0.0,34
2023-05-10 11:15:04,TA401C5100,TA401C5100,434.5,0.0,0.0,0.0,1,317.0,425.0,5,434.5,0.0,0.0,0.0,0.0,0.0,34
2023-05-10 11:15:05,TA401C5100,TA401C5100,434.5,0.0,0.0,0.0,2,323.5,425.0,5,434.5,0.0,0.0,0.0,0.0,0.0,34
2023-05-10 11:15:06,TA401C5100,TA401C5100,434.5,0.0,0.0,0.0,1,369.0,425.0,5,434.5,0.0,0.0,0.0,0.0,0.0,34
2023-05-10 11:15:06,TA401C5100,TA401C5100,434.5,0.0,0.0,0.0,5,418.0,425.0,5,434.5,0.0,0.0,0.0,0.0,0.0,34
2023-05-10 11:15:37,TA401C5100,TA401C5100,434.5,0.0,0.0,0.0,5,418.0,422.5,5,434.5,0.0,0.0,0.0,0.0,0.0,34
2023-05-10 11:15:46,TA401C5100,TA401C5100,434.5,0.0,0.0,0.0,1,369.0,422.5,5,434.5,0.0,0.0,0.0,0.0,0.0,34
2023-05-10 11:15:49,TA401C5100,TA401C5100,434.5,0.0,0.0,0.0,5,415.0,422.5,5,434.5,0.0,0.0,0.0,0.0,0.0,34
2023-05-10 11:15:55,TA401C5100,TA401C5100,434.5,0.0,0.0,0.0,5,415.0,421.0,5,434.5,0.0,0.0,0.0,0.0,0.0,34
2023-05-10 11:16:05,TA401C5100,TA401C5100,434.5,0.0,0.0,0.0,1,369.0,421.0,5,434.5,0.0,0.0,0.0,0.0,0.0,34
2023-05-10 11:16:07,TA401C5100,TA401C5100,434.5,0.0,0.0,0.0,1,369.0,419.0,5,434.5,0.0,0.0,0.0,0.0,0.0,34
2023-05-10 11:16:08,TA401C5100,TA401C5100,434.5,0.0,0.0,0.0,5,414.0,419.0,5,434.5,0.0,0.0,0.0,0.0,0.0,34
2023-05-10 11:16:32,TA401C5100,TA401C5100,434.5,0.0,0.0,0.0,1,369.0,419.0,5,434.5,0.0,0.0,0.0,0.0,0.0,34
2023-05-10 11:16:33,TA401C5100,TA401C5100,434.5,0.0,0.0,0.0,5,411.5,419.0,5,434.5,0.0,0.0,0.0,0.0,0.0,34
2023-05-10 11:16:45,TA401C5100,TA401C5100,434.5,0.0,0.0,0.0,5,413.0,419.0,5,434.5,0.0,0.0,0.0,0.0,0.0,34
2023-05-10 11:17:10,TA401C5100,TA401C5100,434.5,0.0,0.0,0.0,5,414.5,419.0,5,434.5,0.0,0.0,0.0,0.0,0.0,34
2023-05-10 11:17:12,TA401C5100,TA401C5100,434.5,0.0,0.0,0.0,5,414.5,421.0,5,434.5,0.0,0.0,0.0,0.0,0.0,34
2023-05-10 11:17:20,TA401C5100,TA401C5100,434.5,0.0,0.0,0.0,5,416.0,421.0,5,434.5,0.0,0.0,0.0,0.0,0.0,34
2023-05-10 11:20:03,TA401C5100,TA401C5100,434.5,0.0,0.0,0.0,5,416.0,535.0,1,434.5,0.0,0.0,0.0,0.0,0.0,34
2023-05-10 11:20:04,TA401C5100,TA401C5100,434.5,0.0,0.0,0.0,5,416.0,423.5,5,434.5,0.0,0.0,0.0,0.0,0.0,34
2023-05-10 11:20:19,TA401C5100,TA401C5100,434.5,0.0,0.0,0.0,5,417.5,423.5,5,434.5,0.0,0.0,0.0,0.0,0.0,34
2023-05-10 11:25:25,TA401C5100,TA401C5100,434.5,0.0,0.0,0.0,5,417.5,422.0,5,434.5,0.0,0.0,0.0,0.0,0.0,34
2023-05-10 11:25:39,TA401C5100,TA401C5100,434.5,0.0,0.0,0.0,5,416.0,422.0,5,434.5,0.0,0.0,0.0,0.0,0.0,34
2023-05-10 11:25:45,TA401C5100,TA401C5100,434.5,0.0,0.0,0.0,5,416.0,420.5,5,434.5,0.0,0.0,0.0,0.0,0.0,34
2023-05-10 11:25:49,TA401C5100,TA401C5100,434.5,0.0,0.0,0.0,1,369.0,420.5,5,434.5,0.0,0.0,0.0,0.0,0.0,34
2023-05-10 11:25:52,TA401C5100,TA401C5100,434.5,0.0,0.0,0.0,5,414.0,420.5,5,434.5,0.0,0.0,0.0,0.0,0.0,34
2023-05-10 11:27:23,TA401C5100,TA401C5100,434.5,0.0,0.0,0.0,5,416.0,420.5,5,434.5,0.0,0.0,0.0,0.0,0.0,34
2023-05-10 11:27:27,TA401C5100,TA401C5100,434.5,0.0,0.0,0.0,5,416.0,422.0,5,434.5,0.0,0.0,0.0,0.0,0.0,34
2023-05-10 11:29:04,TA401C5100,TA401C5100,434.5,0.0,0.0,0.0,5,417.5,422.0,5,434.5,0.0,0.0,0.0,0.0,0.0,34
2023-05-10 11:29:06,TA401C5100,TA401C5100,434.5,0.0,0.0,0.0,5,417.5,535.0,1,434.5,0.0,0.0,0.0,0.0,0.0,34
2023-05-10 11:29:06,TA401C5100,TA401C5100,434.5,0.0,0.0,0.0,5,417.5,424.0,5,434.5,0.0,0.0,0.0,0.0,0.0,34
2023-05-10 11:29:25,TA401C5100,TA401C5100,434.5,0.0,0.0,0.0,1,369.0,535.0,1,434.5,0.0,0.0,0.0,0.0,0.0,34
2023-05-10 11:29:29,TA401C5100,TA401C5100,434.5,0.0,0.0,0.0,1,316.5,535.0,1,434.5,0.0,0.0,0.0,0.0,0.0,34
2023-05-10 13:30:58,TA401C5100,TA401C5100,434.5,0.0,0.0,0.0,5,420.0,535.0,1,434.5,0.0,0.0,0.0,0.0,0.0,34
2023-05-10 13:31:03,TA401C5100,TA401C5100,434.5,0.0,0.0,0.0,5,420.0,426.5,5,434.5,0.0,0.0,0.0,0.0,0.0,34
2023-05-10 13:31:24,TA401C5100,TA401C5100,434.5,0.0,0.0,0.0,5,420.0,424.5,5,434.5,0.0,0.0,0.0,0.0,0.0,34
2023-05-10 13:32:03,TA401C5100,TA401C5100,434.5,0.0,0.0,0.0,5,417.5,424.5,5,434.5,0.0,0.0,0.0,0.0,0.0,34
2023-05-10 13:32:46,TA401C5100,TA401C5100,434.5,0.0,0.0,0.0,5,419.0,424.5,5,434.5,0.0,0.0,0.0,0.0,0.0,34
2023-05-10 13:33:15,TA401C5100,TA401C5100,434.5,0.0,0.0,0.0,5,420.5,426.5,5,434.5,0.0,0.0,0.0,0.0,0.0,34
2023-05-10 13:34:58,TA401C5100,TA401C5100,434.5,0.0,0.0,0.0,5,420.5,425.0,5,434.5,0.0,0.0,0.0,0.0,0.0,34
2023-05-10 13:35:05,TA401C5100,TA401C5100,434.5,0.0,0.0,0.0,5,419.0,425.0,5,434.5,0.0,0.0,0.0,0.0,0.0,34
2023-05-10 13:35:13,TA401C5100,TA401C5100,434.5,0.0,0.0,0.0,5,419.0,423.5,5,434.5,0.0,0.0,0.0,0.0,0.0,34
2023-05-10 13:35:40,TA401C5100,TA401C5100,434.5,0.0,0.0,0.0,5,416.5,423.5,5,434.5,0.0,0.0,0.0,0.0,0.0,34
2023-05-10 13:35:53,TA401C5100,TA401C5100,434.5,0.0,0.0,0.0,5,418.0,423.5,5,434.5,0.0,0.0,0.0,0.0,0.0,34
2023-05-10 13:38:35,TA401C5100,TA401C5100,434.5,0.0,0.0,0.0,5,418.0,425.0,5,434.5,0.0,0.0,0.0,0.0,0.0,34
2023-05-10 13:38:35,TA401C5100,TA401C5100,434.5,0.0,0.0,0.0,5,419.5,425.0,5,434.5,0.0,0.0,0.0,0.0,0.0,34
2023-05-10 13:38:55,TA401C5100,TA401C5100,434.5,0.0,0.0,0.0,5,419.5,535.0,1,434.5,0.0,0.0,0.0,0.0,0.0,34
2023-05-10 13:38:56,TA401C5100,TA401C5100,434.5,0.0,0.0,0.0,5,421.0,535.0,1,434.5,0.0,0.0,0.0,0.0,0.0,34
2023-05-10 13:38:58,TA401C5100,TA401C5100,434.5,0.0,0.0,0.0,5,421.0,428.0,5,434.5,0.0,0.0,0.0,0.0,0.0,34
2023-05-10 13:39:00,TA401C5100,TA401C5100,434.5,0.0,0.0,0.0,5,421.0,426.5,5,434.5,0.0,0.0,0.0,0.0,0.0,34
2023-05-10 13:39:21,TA401C5100,TA401C5100,434.5,0.0,0.0,0.0,5,419.5,425.0,5,434.5,0.0,0.0,0.0,0.0,0.0,34
2023-05-10 13:39:29,TA401C5100,TA401C5100,434.5,0.0,0.0,0.0,1,316.5,425.0,5,434.5,0.0,0.0,0.0,0.0,0.0,34
2023-05-10 13:39:29,TA401C5100,TA401C5100,434.5,0.0,0.0,0.0,2,323.0,425.0,5,434.5,0.0,0.0,0.0,0.0,0.0,34
2023-05-10 13:39:30,TA401C5100,TA401C5100,434.5,0.0,0.0,0.0,5,416.5,423.0,5,434.5,0.0,0.0,0.0,0.0,0.0,34
2023-05-10 13:40:26,TA401C5100,TA401C5100,434.5,0.0,0.0,0.0,5,416.5,421.0,5,434.5,0.0,0.0,0.0,0.0,0.0,34
2023-05-10 13:40:27,TA401C5100,TA401C5100,434.5,0.0,0.0,0.0,1,368.5,421.0,5,434.5,0.0,0.0,0.0,0.0,0.0,34
2023-05-10 13:40:28,TA401C5100,TA401C5100,434.5,0.0,0.0,0.0,5,414.0,421.0,5,434.5,0.0,0.0,0.0,0.0,0.0,34
2023-05-10 13:41:07,TA401C5100,TA401C5100,434.5,0.0,0.0,0.0,5,414.0,419.0,5,434.5,0.0,0.0,0.0,0.0,0.0,34
2023-05-10 13:41:08,TA401C5100,TA401C5100,434.5,0.0,0.0,0.0,1,368.5,419.0,5,434.5,0.0,0.0,0.0,0.0,0.0,34
2023-05-10 13:41:11,TA401C5100,TA401C5100,434.5,0.0,0.0,0.0,5,412.5,419.0,5,434.5,0.0,0.0,0.0,0.0,0.0,34
2023-05-10 13:44:13,TA401C5100,TA401C5100,434.5,0.0,0.0,0.0,5,414.0,419.0,5,434.5,0.0,0.0,0.0,0.0,0.0,34
2023-05-10 13:47:25,TA401C5100,TA401C5100,434.5,0.0,0.0,0.0,5,412.5,419.0,5,434.5,0.0,0.0,0.0,0.0,0.0,34
2023-05-10 13:48:09,TA401C5100,TA401C5100,434.5,0.0,0.0,0.0,5,412.5,417.5,5,434.5,0.0,0.0,0.0,0.0,0.0,34
2023-05-10 13:49:08,TA401C5100,TA401C5100,434.5,0.0,0.0,0.0,1,368.5,417.5,5,434.5,0.0,0.0,0.0,0.0,0.0,34
2023-05-10 13:49:09,TA401C5100,TA401C5100,434.5,0.0,0.0,0.0,5,409.5,417.5,5,434.5,0.0,0.0,0.0,0.0,0.0,34
2023-05-10 13:49:50,TA401C5100,TA401C5100,434.5,0.0,0.0,0.0,5,409.5,415.0,5,434.5,0.0,0.0,0.0,0.0,0.0,34
2023-05-10 13:51:11,TA401C5100,TA401C5100,434.5,0.0,0.0,0.0,1,368.5,413.5,5,434.5,0.0,0.0,0.0,0.0,0.0,34
2023-05-10 13:51:13,TA401C5100,TA401C5100,434.5,0.0,0.0,0.0,5,406.0,413.5,5,434.5,0.0,0.0,0.0,0.0,0.0,34
2023-05-10 13:51:18,TA401C5100,TA401C5100,434.5,0.0,0.0,0.0,5,407.5,413.5,5,434.5,0.0,0.0,0.0,0.0,0.0,34
2023-05-10 13:52:24,TA401C5100,TA401C5100,434.5,0.0,0.0,0.0,5,409.0,413.5,5,434.5,0.0,0.0,0.0,0.0,0.0,34
2023-05-10 13:54:28,TA401C5100,TA401C5100,434.5,0.0,0.0,0.0,5,409.0,415.0,5,434.5,0.0,0.0,0.0,0.0,0.0,34
2023-05-10 13:54:55,TA401C5100,TA401C5100,434.5,0.0,0.0,0.0,5,410.5,415.0,5,434.5,0.0,0.0,0.0,0.0,0.0,34
2023-05-10 13:55:00,TA401C5100,TA401C5100,434.5,0.0,0.0,0.0,5,410.5,535.0,1,434.5,0.0,0.0,0.0,0.0,0.0,34
2023-05-10 13:55:01,TA401C5100,TA401C5100,434.5,0.0,0.0,0.0,5,410.5,417.5,5,434.5,0.0,0.0,0.0,0.0,0.0,34
2023-05-10 13:55:52,TA401C5100,TA401C5100,434.5,0.0,0.0,0.0,5,412.0,417.5,5,434.5,0.0,0.0,0.0,0.0,0.0,34
2023-05-10 14:00:52,TA401C5100,TA401C5100,434.5,0.0,0.0,0.0,5,413.5,417.5,5,434.5,0.0,0.0,0.0,0.0,0.0,34
2023-05-10 14:01:18,TA401C5100,TA401C5100,434.5,0.0,0.0,0.0,5,412.0,417.5,5,434.5,0.0,0.0,0.0,0.0,0.0,34
2023-05-10 14:02:02,TA401C5100,TA401C5100,434.5,0.0,0.0,0.0,1,368.5,417.5,5,434.5,0.0,0.0,0.0,0.0,0.0,34
2023-05-10 14:02:03,TA401C5100,TA401C5100,434.5,0.0,0.0,0.0,5,409.5,416.0,5,434.5,0.0,0.0,0.0,0.0,0.0,34
2023-05-10 14:05:00,TA401C5100,TA401C5100,434.5,0.0,0.0,0.0,5,411.5,416.0,5,434.5,0.0,0.0,0.0,0.0,0.0,34
2023-05-10 14:05:30,TA401C5100,TA401C5100,434.5,0.0,0.0,0.0,5,409.5,416.0,5,434.5,0.0,0.0,0.0,0.0,0.0,34
2023-05-10 14:07:55,TA401C5100,TA401C5100,434.5,0.0,0.0,0.0,5,411.0,416.0,5,434.5,0.0,0.0,0.0,0.0,0.0,34
2023-05-10 14:10:29,TA401C5100,TA401C5100,434.5,0.0,0.0,0.0,5,411.0,417.5,5,434.5,0.0,0.0,0.0,0.0,0.0,34
2023-05-10 14:10:34,TA401C5100,TA401C5100,434.5,0.0,0.0,0.0,5,412.5,417.5,5,434.5,0.0,0.0,0.0,0.0,0.0,34
2023-05-10 14:14:41,TA401C5100,TA401C5100,434.5,0.0,0.0,0.0,5,412.5,416.0,5,434.5,0.0,0.0,0.0,0.0,0.0,34
2023-05-10 14:15:06,TA401C5100,TA401C5100,434.5,0.0,0.0,0.0,5,412.5,417.5,5,434.5,0.0,0.0,0.0,0.0,0.0,34
2023-05-10 14:15:11,TA401C5100,TA401C5100,434.5,0.0,0.0,0.0,5,412.5,535.0,1,434.5,0.0,0.0,0.0,0.0,0.0,34
2023-05-10 14:15:12,TA401C5100,TA401C5100,434.5,0.0,0.0,0.0,5,414.0,535.0,1,434.5,0.0,0.0,0.0,0.0,0.0,34
2023-05-10 14:15:14,TA401C5100,TA401C5100,434.5,0.0,0.0,0.0,5,414.0,419.5,5,434.5,0.0,0.0,0.0,0.0,0.0,34
2023-05-10 14:15:40,TA401C5100,TA401C5100,434.5,0.0,0.0,0.0,5,414.0,418.0,5,434.5,0.0,0.0,0.0,0.0,0.0,34
2023-05-10 14:15:42,TA401C5100,TA401C5100,434.5,0.0,0.0,0.0,5,412.5,418.0,5,434.5,0.0,0.0,0.0,0.0,0.0,34
2023-05-10 14:16:11,TA401C5100,TA401C5100,434.5,0.0,0.0,0.0,5,412.5,416.5,5,434.5,0.0,0.0,0.0,0.0,0.0,34
2023-05-10 14:16:22,TA401C5100,TA401C5100,434.5,0.0,0.0,0.0,5,412.5,418.0,5,434.5,0.0,0.0,0.0,0.0,0.0,34
2023-05-10 14:17:03,TA401C5100,TA401C5100,434.5,0.0,0.0,0.0,5,414.0,418.0,5,434.5,0.0,0.0,0.0,0.0,0.0,34
2023-05-10 14:17:05,TA401C5100,TA401C5100,434.5,0.0,0.0,0.0,5,414.0,535.0,1,434.5,0.0,0.0,0.0,0.0,0.0,34
2023-05-10 14:17:05,TA401C5100,TA401C5100,434.5,0.0,0.0,0.0,5,414.0,420.0,5,434.5,0.0,0.0,0.0,0.0,0.0,34
2023-05-10 14:17:19,TA401C5100,TA401C5100,434.5,0.0,0.0,0.0,5,415.5,420.0,5,434.5,0.0,0.0,0.0,0.0,0.0,34
2023-05-10 14:19:00,TA401C5100,TA401C5100,434.5,0.0,0.0,0.0,5,414.0,420.0,5,434.5,0.0,0.0,0.0,0.0,0.0,34
2023-05-10 14:19:16,TA401C5100,TA401C5100,434.5,0.0,0.0,0.0,5,414.0,418.5,5,434.5,0.0,0.0,0.0,0.0,0.0,34
2023-05-10 14:19:20,TA401C5100,TA401C5100,434.5,0.0,0.0,0.0,1,368.5,418.5,5,434.5,0.0,0.0,0.0,0.0,0.0,34
2023-05-10 14:19:25,TA401C5100,TA401C5100,434.5,0.0,0.0,0.0,5,412.0,418.5,5,434.5,0.0,0.0,0.0,0.0,0.0,34
2023-05-10 14:19:46,TA401C5100,TA401C5100,434.5,0.0,0.0,0.0,5,412.0,417.0,5,434.5,0.0,0.0,0.0,0.0,0.0,34
2023-05-10 14:27:00,TA401C5100,TA401C5100,434.5,0.0,0.0,0.0,5,412.0,415.5,5,434.5,0.0,0.0,0.0,0.0,0.0,34
2023-05-10 14:27:01,TA401C5100,TA401C5100,434.5,0.0,0.0,0.0,5,410.0,415.5,5,434.5,0.0,0.0,0.0,0.0,0.0,34
2023-05-10 14:28:10,TA401C5100,TA401C5100,434.5,0.0,0.0,0.0,5,410.0,414.0,5,434.5,0.0,0.0,0.0,0.0,0.0,34
2023-05-10 14:28:23,TA401C5100,TA401C5100,434.5,0.0,0.0,0.0,1,368.5,414.0,5,434.5,0.0,0.0,0.0,0.0,0.0,34
2023-05-10 14:28:24,TA401C5100,TA401C5100,434.5,0.0,0.0,0.0,1,368.5,412.5,5,434.5,0.0,0.0,0.0,0.0,0.0,34
2023-05-10 14:28:27,TA401C5100,TA401C5100,434.5,0.0,0.0,0.0,5,407.0,412.5,5,434.5,0.0,0.0,0.0,0.0,0.0,34
2023-05-10 14:30:00,TA401C5100,TA401C5100,434.5,0.0,0.0,0.0,5,407.0,411.0,5,434.5,0.0,0.0,0.0,0.0,0.0,34
2023-05-10 14:30:56,TA401C5100,TA401C5100,434.5,0.0,0.0,0.0,1,368.5,411.0,5,434.5,0.0,0.0,0.0,0.0,0.0,34
2023-05-10 14:30:58,TA401C5100,TA401C5100,434.5,0.0,0.0,0.0,5,405.0,411.0,5,434.5,0.0,0.0,0.0,0.0,0.0,34
2023-05-10 14:31:10,TA401C5100,TA401C5100,434.5,0.0,0.0,0.0,5,406.5,411.0,5,434.5,0.0,0.0,0.0,0.0,0.0,34
2023-05-10 14:31:44,TA401C5100,TA401C5100,434.5,0.0,0.0,0.0,5,405.0,411.0,5,434.5,0.0,0.0,0.0,0.0,0.0,34
2023-05-10 14:31:53,TA401C5100,TA401C5100,434.5,0.0,0.0,0.0,5,405.0,409.0,5,434.5,0.0,0.0,0.0,0.0,0.0,34
2023-05-10 14:31:55,TA401C5100,TA401C5100,434.5,0.0,0.0,0.0,1,368.5,409.0,5,434.5,0.0,0.0,0.0,0.0,0.0,34
2023-05-10 14:31:56,TA401C5100,TA401C5100,434.5,0.0,0.0,0.0,5,403.0,409.0,5,434.5,0.0,0.0,0.0,0.0,0.0,34
2023-05-10 14:33:00,TA401C5100,TA401C5100,434.5,0.0,0.0,0.0,5,403.0,407.5,5,434.5,0.0,0.0,0.0,0.0,0.0,34
2023-05-10 14:33:03,TA401C5100,TA401C5100,434.5,0.0,0.0,0.0,1,368.5,407.5,5,434.5,0.0,0.0,0.0,0.0,0.0,34
2023-05-10 14:33:07,TA401C5100,TA401C5100,434.5,0.0,0.0,0.0,5,400.5,407.5,5,434.5,0.0,0.0,0.0,0.0,0.0,34
2023-05-10 14:33:10,TA401C5100,TA401C5100,434.5,0.0,0.0,0.0,5,400.5,406.0,5,434.5,0.0,0.0,0.0,0.0,0.0,34
2023-05-10 14:33:13,TA401C5100,TA401C5100,434.5,0.0,0.0,0.0,1,368.5,406.0,5,434.5,0.0,0.0,0.0,0.0,0.0,34
2023-05-10 14:33:16,TA401C5100,TA401C5100,434.5,0.0,0.0,0.0,5,399.5,406.0,5,434.5,0.0,0.0,0.0,0.0,0.0,34
2023-05-10 14:33:17,TA401C5100,TA401C5100,434.5,0.0,0.0,0.0,5,399.5,404.0,5,434.5,0.0,0.0,0.0,0.0,0.0,34
2023-05-10 14:33:45,TA401C5100,TA401C5100,434.5,0.0,0.0,0.0,5,399.5,406.0,5,434.5,0.0,0.0,0.0,0.0,0.0,34
2023-05-10 14:33:57,TA401C5100,TA401C5100,434.5,0.0,0.0,0.0,5,399.5,404.5,5,434.5,0.0,0.0,0.0,0.0,0.0,34
2023-05-10 14:34:07,TA401C5100,TA401C5100,434.5,0.0,0.0,0.0,5,399.5,403.0,5,434.5,0.0,0.0,0.0,0.0,0.0,34
2023-05-10 14:34:08,TA401C5100,TA401C5100,434.5,0.0,0.0,0.0,1,368.5,403.0,5,434.5,0.0,0.0,0.0,0.0,0.0,34
2023-05-10 14:34:09,TA401C5100,TA401C5100,434.5,0.0,0.0,0.0,5,397.5,403.0,5,434.5,0.0,0.0,0.0,0.0,0.0,34
2023-05-10 14:34:31,TA401C5100,TA401C5100,434.5,0.0,0.0,0.0,1,368.5,403.0,5,434.5,0.0,0.0,0.0,0.0,0.0,34
2023-05-10 14:34:38,TA401C5100,TA401C5100,434.5,0.0,0.0,0.0,5,397.0,403.0,5,434.5,0.0,0.0,0.0,0.0,0.0,34
2023-05-10 14:34:51,TA401C5100,TA401C5100,434.5,0.0,0.0,0.0,5,397.0,401.5,5,434.5,0.0,0.0,0.0,0.0,0.0,34
2023-05-10 14:34:54,TA401C5100,TA401C5100,434.5,0.0,0.0,0.0,1,368.5,401.5,5,434.5,0.0,0.0,0.0,0.0,0.0,34
2023-05-10 14:34:54,TA401C5100,TA401C5100,434.5,0.0,0.0,0.0,5,395.0,401.5,5,434.5,0.0,0.0,0.0,0.0,0.0,34
2023-05-10 14:34:56,TA401C5100,TA401C5100,434.5,0.0,0.0,0.0,5,395.0,400.0,5,434.5,0.0,0.0,0.0,0.0,0.0,34
2023-05-10 14:36:54,TA401C5100,TA401C5100,434.5,0.0,0.0,0.0,5,392.5,400.0,5,434.5,0.0,0.0,0.0,0.0,0.0,34
2023-05-10 14:37:00,TA401C5100,TA401C5100,434.5,0.0,0.0,0.0,5,392.5,398.5,5,434.5,0.0,0.0,0.0,0.0,0.0,34
2023-05-10 14:37:52,TA401C5100,TA401C5100,434.5,0.0,0.0,0.0,5,392.5,397.0,5,434.5,0.0,0.0,0.0,0.0,0.0,34
2023-05-10 14:38:31,TA401C5100,TA401C5100,434.5,0.0,0.0,0.0,1,368.5,397.0,5,434.5,0.0,0.0,0.0,0.0,0.0,34
2023-05-10 14:38:34,TA401C5100,TA401C5100,434.5,0.0,0.0,0.0,5,389.5,397.0,5,434.5,0.0,0.0,0.0,0.0,0.0,34
2023-05-10 14:38:36,TA401C5100,TA401C5100,434.5,0.0,0.0,0.0,5,389.5,395.0,5,434.5,0.0,0.0,0.0,0.0,0.0,34
2023-05-10 14:38:53,TA401C5100,TA401C5100,434.5,0.0,0.0,0.0,5,389.5,393.5,5,434.5,0.0,0.0,0.0,0.0,0.0,34
2023-05-10 14:39:14,TA401C5100,TA401C5100,434.5,0.0,0.0,0.0,1,368.5,393.5,5,434.5,0.0,0.0,0.0,0.0,0.0,34
2023-05-10 14:39:15,TA401C5100,TA401C5100,434.5,0.0,0.0,0.0,5,387.0,393.5,5,434.5,0.0,0.0,0.0,0.0,0.0,34
2023-05-10 14:39:20,TA401C5100,TA401C5100,434.5,0.0,0.0,0.0,5,387.0,395.0,5,434.5,0.0,0.0,0.0,0.0,0.0,34
2023-05-10 14:39:21,TA401C5100,TA401C5100,434.5,0.0,0.0,0.0,5,389.0,395.0,5,434.5,0.0,0.0,0.0,0.0,0.0,34
2023-05-10 14:39:55,TA401C5100,TA401C5100,434.5,0.0,0.0,0.0,5,389.0,393.5,5,434.5,0.0,0.0,0.0,0.0,0.0,34
2023-05-10 14:39:59,TA401C5100,TA401C5100,434.5,0.0,0.0,0.0,5,387.0,393.5,5,434.5,0.0,0.0,0.0,0.0,0.0,34
2023-05-10 14:40:08,TA401C5100,TA401C5100,434.5,0.0,0.0,0.0,5,387.0,392.0,5,434.5,0.0,0.0,0.0,0.0,0.0,34
2023-05-10 14:40:28,TA401C5100,TA401C5100,434.5,0.0,0.0,0.0,5,387.0,393.5,5,434.5,0.0,0.0,0.0,0.0,0.0,34
2023-05-10 14:40:37,TA401C5100,TA401C5100,434.5,0.0,0.0,0.0,5,390.0,535.0,1,434.5,0.0,0.0,0.0,0.0,0.0,34
2023-05-10 14:40:38,TA401C5100,TA401C5100,434.5,0.0,0.0,0.0,5,390.0,488.0,1,434.5,0.0,0.0,0.0,0.0,0.0,34
2023-05-10 14:40:39,TA401C5100,TA401C5100,434.5,0.0,0.0,0.0,5,390.0,395.5,5,434.5,0.0,0.0,0.0,0.0,0.0,34
2023-05-10 14:40:48,TA401C5100,TA401C5100,434.5,0.0,0.0,0.0,5,390.0,488.0,1,434.5,0.0,0.0,0.0,0.0,0.0,34
2023-05-10 14:40:48,TA401C5100,TA401C5100,434.5,0.0,0.0,0.0,5,390.0,398.0,5,434.5,0.0,0.0,0.0,0.0,0.0,34
2023-05-10 14:40:51,TA401C5100,TA401C5100,434.5,0.0,0.0,0.0,5,392.0,398.0,5,434.5,0.0,0.0,0.0,0.0,0.0,34
2023-05-10 14:41:17,TA401C5100,TA401C5100,434.5,0.0,0.0,0.0,5,393.5,398.0,5,434.5,0.0,0.0,0.0,0.0,0.0,34
2023-05-10 14:41:25,TA401C5100,TA401C5100,434.5,0.0,0.0,0.0,5,393.5,401.0,5,434.5,0.0,0.0,0.0,0.0,0.0,34
2023-05-10 14:42:01,TA401C5100,TA401C5100,434.5,0.0,0.0,0.0,5,395.0,401.0,5,434.5,0.0,0.0,0.0,0.0,0.0,34
2023-05-10 14:42:40,TA401C5100,TA401C5100,434.5,0.0,0.0,0.0,5,396.5,488.0,1,434.5,0.0,0.0,0.0,0.0,0.0,34
2023-05-10 14:42:43,TA401C5100,TA401C5100,434.5,0.0,0.0,0.0,5,396.5,404.5,5,434.5,0.0,0.0,0.0,0.0,0.0,34
2023-05-10 14:42:48,TA401C5100,TA401C5100,434.5,0.0,0.0,0.0,5,398.0,404.5,5,434.5,0.0,0.0,0.0,0.0,0.0,34
2023-05-10 14:44:01,TA401C5100,TA401C5100,434.5,0.0,0.0,0.0,5,398.0,488.0,1,434.5,0.0,0.0,0.0,0.0,0.0,34
2023-05-10 14:44:02,TA401C5100,TA401C5100,434.5,0.0,0.0,0.0,5,398.0,407.0,5,434.5,0.0,0.0,0.0,0.0,0.0,34
2023-05-10 14:44:03,TA401C5100,TA401C5100,434.5,0.0,0.0,0.0,5,400.5,407.0,5,434.5,0.0,0.0,0.0,0.0,0.0,34
2023-05-10 14:45:21,TA401C5100,TA401C5100,434.5,0.0,0.0,0.0,5,402.5,407.0,5,434.5,0.0,0.0,0.0,0.0,0.0,34
2023-05-10 14:46:01,TA401C5100,TA401C5100,434.5,0.0,0.0,0.0,5,402.5,410.0,5,434.5,0.0,0.0,0.0,0.0,0.0,34
2023-05-10 14:46:52,TA401C5100,TA401C5100,434.5,0.0,0.0,0.0,5,404.5,410.0,5,434.5,0.0,0.0,0.0,0.0,0.0,34
2023-05-10 14:47:23,TA401C5100,TA401C5100,434.5,0.0,0.0,0.0,5,402.5,410.0,5,434.5,0.0,0.0,0.0,0.0,0.0,34
2023-05-10 14:47:32,TA401C5100,TA401C5100,434.5,0.0,0.0,0.0,5,402.5,408.0,5,434.5,0.0,0.0,0.0,0.0,0.0,34
2023-05-10 14:49:07,TA401C5100,TA401C5100,434.5,0.0,0.0,0.0,5,402.5,410.0,5,434.5,0.0,0.0,0.0,0.0,0.0,34
2023-05-10 14:49:08,TA401C5100,TA401C5100,434.5,0.0,0.0,0.0,5,404.0,410.0,5,434.5,0.0,0.0,0.0,0.0,0.0,34
2023-05-10 14:55:27,TA401C5100,TA401C5100,434.5,0.0,0.0,0.0,5,404.0,408.5,5,434.5,0.0,0.0,0.0,0.0,0.0,34
2023-05-10 14:56:19,TA401C5100,TA401C5100,434.5,0.0,0.0,0.0,5,402.5,408.5,5,434.5,0.0,0.0,0.0,0.0,0.0,34
2023-05-10 14:56:25,TA401C5100,TA401C5100,434.5,0.0,0.0,0.0,5,402.5,407.0,5,434.5,0.0,0.0,0.0,0.0,0.0,34
2023-05-10 14:58:00,TA401C5100,TA401C5100,434.5,0.0,0.0,0.0,1,287.5,407.0,5,434.5,0.0,0.0,0.0,0.0,0.0,34
2023-05-10 14:58:00,TA401C5100,TA401C5100,434.5,0.0,0.0,0.0,2,294.0,407.0,5,434.5,0.0,0.0,0.0,0.0,0.0,34
2023-05-10 14:58:01,TA401C5100,TA401C5100,434.5,0.0,0.0,0.0,5,400.0,407.0,5,434.5,0.0,0.0,0.0,0.0,0.0,34
2023-05-10 14:58:26,TA401C5100,TA401C5100,434.5,0.0,0.0,0.0,5,402.5,407.0,5,434.5,0.0,0.0,0.0,0.0,0.0,34
2023-05-10 14:58:31,TA401C5100,TA401C5100,434.5,0.0,0.0,0.0,5,402.5,408.5,5,434.5,0.0,0.0,0.0,0.0,0.0,34
2023-05-10 14:58:55,TA401C5100,TA401C5100,434.5,0.0,0.0,0.0,1,339.5,488.0,1,434.5,0.0,0.0,0.0,0.0,0.0,34
2023-05-10 14:58:55,TA401C5100,TA401C5100,434.5,0.0,0.0,0.0,2,343.0,488.0,1,434.5,0.0,0.0,0.0,0.0,0.0,34
2023-05-10 14:58:56,TA401C5100,TA401C5100,434.5,0.0,0.0,0.0,1,388.5,488.0,1,434.5,0.0,0.0,0.0,0.0,0.0,34
2023-05-10 14:59:15,TA401C5100,TA401C5100,434.5,0.0,0.0,0.0,1,303.0,488.0,1,434.5,0.0,0.0,0.0,0.0,0.0,34
