time,symbol_id,symbol_name,last,trade_volume,trade_amount,open_interest_change,bv1,bp1,ap1,av1,yesterday_close,today_open,today_high,today_low,volume,amount,open_interest
2023-05-09 19:10:58,TA401P4850,TA401P4850,175.5,0.0,0.0,0.0,0,0.0,0.0,0,175.5,185.5,0.0,0.0,0.0,0.0,76
2023-05-09 20:59:00,TA401P4850,TA401P4850,175.5,0.0,0.0,0.0,19,51.0,0.0,0,175.5,185.5,0.0,0.0,0.0,0.0,76
2023-05-09 21:00:01,TA401P4850,TA401P4850,175.5,0.0,0.0,0.0,1,78.5,0.0,0,175.5,185.5,0.0,0.0,0.0,0.0,76
2023-05-09 21:00:02,TA401P4850,TA401P4850,175.5,0.0,0.0,0.0,1,78.5,283.0,1,175.5,185.5,0.0,0.0,0.0,0.0,76
2023-05-09 21:01:14,TA401P4850,TA401P4850,175.5,0.0,0.0,0.0,5,175.0,283.0,1,175.5,185.5,0.0,0.0,0.0,0.0,76
2023-05-09 21:01:18,TA401P4850,TA401P4850,175.5,0.0,0.0,0.0,5,175.0,179.5,5,175.5,185.5,0.0,0.0,0.0,0.0,76
2023-05-09 21:01:22,TA401P4850,TA401P4850,175.5,0.0,0.0,0.0,5,175.0,178.5,5,175.5,185.5,0.0,0.0,0.0,0.0,76
2023-05-09 21:01:34,TA401P4850,TA401P4850,175.5,0.0,0.0,0.0,1,132.5,178.5,5,175.5,185.5,0.0,0.0,0.0,0.0,76
2023-05-09 21:01:35,TA401P4850,TA401P4850,175.5,0.0,0.0,0.0,2,140.5,177.5,5,175.5,185.5,0.0,0.0,0.0,0.0,76
2023-05-09 21:01:35,TA401P4850,TA401P4850,175.5,0.0,0.0,0.0,1,163.0,177.5,5,175.5,185.5,0.0,0.0,0.0,0.0,76
2023-05-09 21:01:35,TA401P4850,TA401P4850,175.5,0.0,0.0,0.0,2,140.5,177.5,5,175.5,185.5,0.0,0.0,0.0,0.0,76
2023-05-09 21:01:35,TA401P4850,TA401P4850,175.5,0.0,0.0,0.0,1,163.0,177.5,5,175.5,185.5,0.0,0.0,0.0,0.0,76
2023-05-09 21:01:37,TA401P4850,TA401P4850,175.5,0.0,0.0,0.0,5,173.5,177.5,5,175.5,185.5,0.0,0.0,0.0,0.0,76
2023-05-09 21:01:44,TA401P4850,TA401P4850,175.5,0.0,0.0,0.0,5,174.5,177.5,5,175.5,185.5,0.0,0.0,0.0,0.0,76
2023-05-09 21:01:45,TA401P4850,TA401P4850,175.5,0.0,0.0,0.0,5,174.5,178.5,5,175.5,185.5,0.0,0.0,0.0,0.0,76
2023-05-09 21:01:52,TA401P4850,TA401P4850,175.5,0.0,0.0,0.0,5,174.5,283.0,1,175.5,185.5,0.0,0.0,0.0,0.0,76
2023-05-09 21:01:55,TA401P4850,TA401P4850,175.5,0.0,0.0,0.0,5,175.5,283.0,1,175.5,185.5,0.0,0.0,0.0,0.0,76
2023-05-09 21:01:57,TA401P4850,TA401P4850,175.5,0.0,0.0,0.0,5,175.5,277.5,1,175.5,185.5,0.0,0.0,0.0,0.0,76
2023-05-09 21:01:57,TA401P4850,TA401P4850,175.5,0.0,0.0,0.0,5,175.5,231.5,1,175.5,185.5,0.0,0.0,0.0,0.0,76
2023-05-09 21:01:58,TA401P4850,TA401P4850,175.5,0.0,0.0,0.0,5,175.5,179.5,5,175.5,185.5,0.0,0.0,0.0,0.0,76
2023-05-09 21:02:07,TA401P4850,TA401P4850,175.5,0.0,0.0,0.0,5,175.5,178.5,5,175.5,185.5,0.0,0.0,0.0,0.0,76
2023-05-09 21:02:25,TA401P4850,TA401P4850,175.5,0.0,0.0,0.0,5,174.5,178.5,5,175.5,185.5,0.0,0.0,0.0,0.0,76
2023-05-09 21:02:26,TA401P4850,TA401P4850,175.5,0.0,0.0,0.0,5,174.5,178.0,5,175.5,185.5,0.0,0.0,0.0,0.0,76
2023-05-09 21:02:41,TA401P4850,TA401P4850,175.5,0.0,0.0,0.0,5,175.0,178.0,5,175.5,185.5,0.0,0.0,0.0,0.0,76
2023-05-09 21:02:45,TA401P4850,TA401P4850,175.5,0.0,0.0,0.0,5,175.5,178.5,5,175.5,185.5,0.0,0.0,0.0,0.0,76
2023-05-09 21:03:53,TA401P4850,TA401P4850,175.5,0.0,0.0,0.0,5,175.5,231.5,1,175.5,185.5,0.0,0.0,0.0,0.0,76
2023-05-09 21:03:54,TA401P4850,TA401P4850,175.5,0.0,0.0,0.0,5,175.5,179.5,5,175.5,185.5,0.0,0.0,0.0,0.0,76
2023-05-09 21:04:05,TA401P4850,TA401P4850,175.5,0.0,0.0,0.0,5,176.0,179.5,5,175.5,185.5,0.0,0.0,0.0,0.0,76
2023-05-09 21:05:25,TA401P4850,TA401P4850,175.5,0.0,0.0,0.0,5,176.0,179.0,5,175.5,185.5,0.0,0.0,0.0,0.0,76
2023-05-09 21:06:02,TA401P4850,TA401P4850,175.5,0.0,0.0,0.0,5,175.5,178.5,5,175.5,185.5,0.0,0.0,0.0,0.0,76
2023-05-09 21:06:09,TA401P4850,TA401P4850,175.5,0.0,0.0,0.0,5,175.5,178.0,5,175.5,185.5,0.0,0.0,0.0,0.0,76
2023-05-09 21:06:10,TA401P4850,TA401P4850,175.5,0.0,0.0,0.0,1,163.0,178.0,5,175.5,185.5,0.0,0.0,0.0,0.0,76
2023-05-09 21:06:11,TA401P4850,TA401P4850,175.5,0.0,0.0,0.0,5,175.0,178.0,5,175.5,185.5,0.0,0.0,0.0,0.0,76
2023-05-09 21:06:22,TA401P4850,TA401P4850,175.5,0.0,0.0,0.0,5,175.5,178.0,5,175.5,185.5,0.0,0.0,0.0,0.0,76
2023-05-09 21:06:25,TA401P4850,TA401P4850,175.5,0.0,0.0,0.0,5,175.5,178.5,5,175.5,185.5,0.0,0.0,0.0,0.0,76
2023-05-09 21:06:29,TA401P4850,TA401P4850,175.5,0.0,0.0,0.0,5,176.0,178.5,5,175.5,185.5,0.0,0.0,0.0,0.0,76
2023-05-09 21:06:30,TA401P4850,TA401P4850,175.5,0.0,0.0,0.0,5,176.0,231.5,1,175.5,185.5,0.0,0.0,0.0,0.0,76
2023-05-09 21:06:31,TA401P4850,TA401P4850,175.5,0.0,0.0,0.0,5,176.0,179.5,5,175.5,185.5,0.0,0.0,0.0,0.0,76
2023-05-09 21:07:18,TA401P4850,TA401P4850,175.5,0.0,0.0,0.0,5,176.0,187.5,1,175.5,185.5,0.0,0.0,0.0,0.0,76
2023-05-09 21:07:19,TA401P4850,TA401P4850,175.5,0.0,0.0,0.0,5,177.0,180.0,5,175.5,185.5,0.0,0.0,0.0,0.0,76
2023-05-09 21:07:44,TA401P4850,TA401P4850,175.5,0.0,0.0,0.0,5,177.5,180.0,5,175.5,185.5,0.0,0.0,0.0,0.0,76
2023-05-09 21:07:48,TA401P4850,TA401P4850,175.5,0.0,0.0,0.0,5,177.5,181.5,5,175.5,185.5,0.0,0.0,0.0,0.0,76
2023-05-09 21:07:50,TA401P4850,TA401P4850,175.5,0.0,0.0,0.0,5,177.5,181.0,5,175.5,185.5,0.0,0.0,0.0,0.0,76
2023-05-09 21:07:53,TA401P4850,TA401P4850,175.5,0.0,0.0,0.0,5,177.5,180.5,5,175.5,185.5,0.0,0.0,0.0,0.0,76
2023-05-09 21:07:58,TA401P4850,TA401P4850,175.5,0.0,0.0,0.0,5,177.0,180.5,5,175.5,185.5,0.0,0.0,0.0,0.0,76
2023-05-09 21:08:01,TA401P4850,TA401P4850,175.5,0.0,0.0,0.0,5,177.0,180.0,5,175.5,185.5,0.0,0.0,0.0,0.0,76
2023-05-09 21:08:04,TA401P4850,TA401P4850,175.5,0.0,0.0,0.0,1,163.0,179.5,5,175.5,185.5,0.0,0.0,0.0,0.0,76
2023-05-09 21:08:04,TA401P4850,TA401P4850,175.5,0.0,0.0,0.0,5,176.0,179.5,5,175.5,185.5,0.0,0.0,0.0,0.0,76
2023-05-09 21:08:13,TA401P4850,TA401P4850,175.5,0.0,0.0,0.0,5,176.5,179.5,5,175.5,185.5,0.0,0.0,0.0,0.0,76
2023-05-09 21:08:15,TA401P4850,TA401P4850,175.5,0.0,0.0,0.0,5,177.0,179.5,5,175.5,185.5,0.0,0.0,0.0,0.0,76
2023-05-09 21:08:16,TA401P4850,TA401P4850,175.5,0.0,0.0,0.0,5,177.0,180.0,5,175.5,185.5,0.0,0.0,0.0,0.0,76
2023-05-09 21:09:12,TA401P4850,TA401P4850,175.5,0.0,0.0,0.0,5,177.5,180.0,5,175.5,185.5,0.0,0.0,0.0,0.0,76
2023-05-09 21:09:18,TA401P4850,TA401P4850,175.5,0.0,0.0,0.0,5,177.5,181.0,5,175.5,185.5,0.0,0.0,0.0,0.0,76
2023-05-09 21:09:32,TA401P4850,TA401P4850,175.5,0.0,0.0,0.0,5,177.5,180.5,5,175.5,185.5,0.0,0.0,0.0,0.0,76
2023-05-09 21:09:52,TA401P4850,TA401P4850,175.5,0.0,0.0,0.0,5,178.0,180.5,5,175.5,185.5,0.0,0.0,0.0,0.0,76
2023-05-09 21:10:45,TA401P4850,TA401P4850,175.5,0.0,0.0,0.0,5,178.0,181.0,5,175.5,185.5,0.0,0.0,0.0,0.0,76
2023-05-09 21:12:06,TA401P4850,TA401P4850,175.5,0.0,0.0,0.0,5,178.5,181.0,5,175.5,185.5,0.0,0.0,0.0,0.0,76
2023-05-09 21:12:50,TA401P4850,TA401P4850,175.5,0.0,0.0,0.0,5,178.0,181.0,5,175.5,185.5,0.0,0.0,0.0,0.0,76
2023-05-09 21:13:05,TA401P4850,TA401P4850,175.5,0.0,0.0,0.0,5,178.0,187.5,1,175.5,185.5,0.0,0.0,0.0,0.0,76
2023-05-09 21:13:06,TA401P4850,TA401P4850,175.5,0.0,0.0,0.0,5,178.0,182.0,5,175.5,185.5,0.0,0.0,0.0,0.0,76
2023-05-09 21:13:07,TA401P4850,TA401P4850,175.5,0.0,0.0,0.0,5,178.0,181.5,5,175.5,185.5,0.0,0.0,0.0,0.0,76
2023-05-09 21:13:16,TA401P4850,TA401P4850,175.5,0.0,0.0,0.0,5,178.0,181.0,5,175.5,185.5,0.0,0.0,0.0,0.0,76
2023-05-09 21:13:30,TA401P4850,TA401P4850,175.5,0.0,0.0,0.0,1,163.0,181.0,5,175.5,185.5,0.0,0.0,0.0,0.0,76
2023-05-09 21:13:32,TA401P4850,TA401P4850,175.5,0.0,0.0,0.0,1,163.0,180.0,5,175.5,185.5,0.0,0.0,0.0,0.0,76
2023-05-09 21:13:33,TA401P4850,TA401P4850,175.5,0.0,0.0,0.0,5,177.0,180.0,5,175.5,185.5,0.0,0.0,0.0,0.0,76
2023-05-09 21:14:22,TA401P4850,TA401P4850,175.5,0.0,0.0,0.0,5,177.0,179.5,5,175.5,185.5,0.0,0.0,0.0,0.0,76
2023-05-09 21:14:54,TA401P4850,TA401P4850,175.5,0.0,0.0,0.0,5,177.0,180.0,5,175.5,185.5,0.0,0.0,0.0,0.0,76
2023-05-09 21:15:04,TA401P4850,TA401P4850,175.5,0.0,0.0,0.0,5,177.0,179.5,5,175.5,185.5,0.0,0.0,0.0,0.0,76
2023-05-09 21:15:05,TA401P4850,TA401P4850,175.5,0.0,0.0,0.0,1,163.0,179.5,5,175.5,185.5,0.0,0.0,0.0,0.0,76
2023-05-09 21:15:05,TA401P4850,TA401P4850,175.5,0.0,0.0,0.0,5,175.5,179.5,5,175.5,185.5,0.0,0.0,0.0,0.0,76
2023-05-09 21:15:10,TA401P4850,TA401P4850,175.5,0.0,0.0,0.0,5,176.5,179.5,5,175.5,185.5,0.0,0.0,0.0,0.0,76
2023-05-09 21:15:11,TA401P4850,TA401P4850,175.5,0.0,0.0,0.0,5,176.5,180.0,5,175.5,185.5,0.0,0.0,0.0,0.0,76
2023-05-09 21:15:14,TA401P4850,TA401P4850,175.5,0.0,0.0,0.0,5,177.5,180.0,5,175.5,185.5,0.0,0.0,0.0,0.0,76
2023-05-09 21:15:27,TA401P4850,TA401P4850,175.5,0.0,0.0,0.0,5,176.5,180.0,5,175.5,185.5,0.0,0.0,0.0,0.0,76
2023-05-09 21:15:30,TA401P4850,TA401P4850,175.5,0.0,0.0,0.0,5,176.5,179.5,5,175.5,185.5,0.0,0.0,0.0,0.0,76
2023-05-09 21:16:57,TA401P4850,TA401P4850,175.5,0.0,0.0,0.0,5,177.0,179.5,5,175.5,185.5,0.0,0.0,0.0,0.0,76
2023-05-09 21:17:03,TA401P4850,TA401P4850,175.5,0.0,0.0,0.0,5,177.0,180.0,5,175.5,185.5,0.0,0.0,0.0,0.0,76
2023-05-09 21:17:37,TA401P4850,TA401P4850,175.5,0.0,0.0,0.0,5,177.5,180.0,5,175.5,185.5,0.0,0.0,0.0,0.0,76
2023-05-09 21:18:08,TA401P4850,TA401P4850,175.5,0.0,0.0,0.0,5,177.5,187.5,1,175.5,185.5,0.0,0.0,0.0,0.0,76
2023-05-09 21:18:10,TA401P4850,TA401P4850,175.5,0.0,0.0,0.0,5,177.5,181.0,5,175.5,185.5,0.0,0.0,0.0,0.0,76
2023-05-09 21:18:39,TA401P4850,TA401P4850,175.5,0.0,0.0,0.0,5,178.0,181.0,5,175.5,185.5,0.0,0.0,0.0,0.0,76
2023-05-09 21:19:00,TA401P4850,TA401P4850,175.5,0.0,0.0,0.0,5,178.5,181.0,5,175.5,185.5,0.0,0.0,0.0,0.0,76
2023-05-09 21:19:01,TA401P4850,TA401P4850,175.5,0.0,0.0,0.0,5,178.5,187.5,1,175.5,185.5,0.0,0.0,0.0,0.0,76
2023-05-09 21:19:04,TA401P4850,TA401P4850,175.5,0.0,0.0,0.0,5,178.5,181.5,5,175.5,185.5,0.0,0.0,0.0,0.0,76
2023-05-09 21:20:37,TA401P4850,TA401P4850,175.5,0.0,0.0,0.0,5,178.5,187.5,1,175.5,185.5,0.0,0.0,0.0,0.0,76
2023-05-09 21:20:38,TA401P4850,TA401P4850,175.5,0.0,0.0,0.0,5,179.5,182.5,5,175.5,185.5,0.0,0.0,0.0,0.0,76
2023-05-09 21:20:52,TA401P4850,TA401P4850,175.5,0.0,0.0,0.0,5,180.0,182.5,5,175.5,185.5,0.0,0.0,0.0,0.0,76
2023-05-09 21:21:03,TA401P4850,TA401P4850,175.5,0.0,0.0,0.0,5,180.0,187.5,1,175.5,185.5,0.0,0.0,0.0,0.0,76
2023-05-09 21:21:09,TA401P4850,TA401P4850,175.5,0.0,0.0,0.0,5,180.0,184.5,5,175.5,185.5,0.0,0.0,0.0,0.0,76
2023-05-09 21:21:11,TA401P4850,TA401P4850,175.5,0.0,0.0,0.0,5,181.0,184.5,5,175.5,185.5,0.0,0.0,0.0,0.0,76
2023-05-09 21:21:16,TA401P4850,TA401P4850,175.5,0.0,0.0,0.0,5,181.5,184.5,5,175.5,185.5,0.0,0.0,0.0,0.0,76
2023-05-09 21:21:25,TA401P4850,TA401P4850,175.5,0.0,0.0,0.0,5,182.0,184.5,5,175.5,185.5,0.0,0.0,0.0,0.0,76
2023-05-09 21:21:26,TA401P4850,TA401P4850,175.5,0.0,0.0,0.0,5,182.0,187.5,1,175.5,185.5,0.0,0.0,0.0,0.0,76
2023-05-09 21:21:29,TA401P4850,TA401P4850,175.5,0.0,0.0,0.0,5,182.0,185.5,5,175.5,185.5,0.0,0.0,0.0,0.0,76
2023-05-09 21:21:36,TA401P4850,TA401P4850,175.5,0.0,0.0,0.0,5,182.5,185.5,5,175.5,185.5,0.0,0.0,0.0,0.0,76
2023-05-09 21:21:48,TA401P4850,TA401P4850,175.5,0.0,0.0,0.0,5,182.5,187.5,1,175.5,185.5,0.0,0.0,0.0,0.0,76
2023-05-09 21:21:50,TA401P4850,TA401P4850,175.5,0.0,0.0,0.0,5,182.5,186.5,5,175.5,185.5,0.0,0.0,0.0,0.0,76
2023-05-09 21:21:52,TA401P4850,TA401P4850,175.5,0.0,0.0,0.0,5,183.5,186.5,5,175.5,185.5,0.0,0.0,0.0,0.0,76
2023-05-09 21:22:00,TA401P4850,TA401P4850,175.5,0.0,0.0,0.0,5,183.5,195.0,1,175.5,185.5,0.0,0.0,0.0,0.0,76
2023-05-09 21:22:03,TA401P4850,TA401P4850,175.5,0.0,0.0,0.0,5,184.0,187.5,5,175.5,185.5,0.0,0.0,0.0,0.0,76
2023-05-09 21:22:08,TA401P4850,TA401P4850,175.5,0.0,0.0,0.0,5,185.0,187.5,5,175.5,185.5,0.0,0.0,0.0,0.0,76
2023-05-09 21:23:05,TA401P4850,TA401P4850,175.5,0.0,0.0,0.0,5,185.0,195.0,1,175.5,185.5,0.0,0.0,0.0,0.0,76
2023-05-09 21:23:07,TA401P4850,TA401P4850,175.5,0.0,0.0,0.0,5,185.0,189.0,5,175.5,185.5,0.0,0.0,0.0,0.0,76
2023-05-09 21:23:31,TA401P4850,TA401P4850,175.5,0.0,0.0,0.0,5,185.0,188.5,5,175.5,185.5,0.0,0.0,0.0,0.0,76
2023-05-09 21:23:47,TA401P4850,TA401P4850,175.5,0.0,0.0,0.0,5,185.0,188.0,5,175.5,185.5,0.0,0.0,0.0,0.0,76
2023-05-09 21:24:45,TA401P4850,TA401P4850,175.5,0.0,0.0,0.0,5,185.0,185.5,3,175.5,185.5,0.0,0.0,0.0,0.0,76
2023-05-09 21:24:45,TA401P4850,TA401P4850,185.5,3.0,556.5,0.0,5,185.0,188.0,5,175.5,185.5,185.5,185.5,3.0,556.5,76
2023-05-09 21:26:36,TA401P4850,TA401P4850,185.5,0.0,0.0,0.0,5,185.5,188.0,5,175.5,185.5,185.5,185.5,3.0,556.5,76
2023-05-09 21:26:55,TA401P4850,TA401P4850,185.5,0.0,0.0,0.0,5,186.5,188.5,5,175.5,185.5,185.5,185.5,3.0,556.5,76
2023-05-09 21:28:42,TA401P4850,TA401P4850,185.5,0.0,0.0,0.0,5,185.5,188.5,5,175.5,185.5,185.5,185.5,3.0,556.5,76
2023-05-09 21:29:48,TA401P4850,TA401P4850,185.5,0.0,0.0,0.0,5,186.0,188.5,5,175.5,185.5,185.5,185.5,3.0,556.5,76
2023-05-09 21:29:50,TA401P4850,TA401P4850,185.5,0.0,0.0,0.0,5,186.0,195.0,1,175.5,185.5,185.5,185.5,3.0,556.5,76
2023-05-09 21:29:51,TA401P4850,TA401P4850,185.5,0.0,0.0,0.0,5,186.0,190.0,5,175.5,185.5,185.5,185.5,3.0,556.5,76
2023-05-09 21:30:00,TA401P4850,TA401P4850,185.5,0.0,0.0,0.0,5,186.5,190.0,5,175.5,185.5,185.5,185.5,3.0,556.5,76
2023-05-09 21:30:36,TA401P4850,TA401P4850,185.5,0.0,0.0,0.0,5,187.0,190.0,5,175.5,185.5,185.5,185.5,3.0,556.5,76
2023-05-09 21:30:49,TA401P4850,TA401P4850,185.5,0.0,0.0,0.0,5,187.0,195.0,1,175.5,185.5,185.5,185.5,3.0,556.5,76
2023-05-09 21:30:51,TA401P4850,TA401P4850,185.5,0.0,0.0,0.0,5,187.0,191.0,5,175.5,185.5,185.5,185.5,3.0,556.5,76
2023-05-09 21:30:53,TA401P4850,TA401P4850,185.5,0.0,0.0,0.0,5,187.5,191.0,5,175.5,185.5,185.5,185.5,3.0,556.5,76
2023-05-09 21:31:00,TA401P4850,TA401P4850,185.5,0.0,0.0,0.0,5,188.5,191.0,5,175.5,185.5,185.5,185.5,3.0,556.5,76
2023-05-09 21:32:02,TA401P4850,TA401P4850,185.5,0.0,0.0,0.0,5,188.5,192.5,5,175.5,185.5,185.5,185.5,3.0,556.5,76
2023-05-09 21:32:06,TA401P4850,TA401P4850,185.5,0.0,0.0,0.0,5,189.0,192.5,5,175.5,185.5,185.5,185.5,3.0,556.5,76
2023-05-09 21:32:09,TA401P4850,TA401P4850,185.5,0.0,0.0,0.0,5,189.0,192.0,5,175.5,185.5,185.5,185.5,3.0,556.5,76
2023-05-09 21:32:15,TA401P4850,TA401P4850,185.5,0.0,0.0,0.0,5,189.5,192.0,5,175.5,185.5,185.5,185.5,3.0,556.5,76
2023-05-09 21:32:17,TA401P4850,TA401P4850,185.5,0.0,0.0,0.0,5,189.5,192.5,5,175.5,185.5,185.5,185.5,3.0,556.5,76
2023-05-09 21:33:04,TA401P4850,TA401P4850,185.5,0.0,0.0,0.0,5,190.0,192.5,5,175.5,185.5,185.5,185.5,3.0,556.5,76
2023-05-09 21:33:13,TA401P4850,TA401P4850,185.5,0.0,0.0,0.0,5,190.0,194.0,5,175.5,185.5,185.5,185.5,3.0,556.5,76
2023-05-09 21:33:14,TA401P4850,TA401P4850,185.5,0.0,0.0,0.0,5,190.5,194.0,5,175.5,185.5,185.5,185.5,3.0,556.5,76
2023-05-09 21:33:35,TA401P4850,TA401P4850,185.5,0.0,0.0,0.0,5,191.0,194.0,5,175.5,185.5,185.5,185.5,3.0,556.5,76
2023-05-09 21:34:20,TA401P4850,TA401P4850,185.5,0.0,0.0,0.0,5,191.0,193.5,5,175.5,185.5,185.5,185.5,3.0,556.5,76
2023-05-09 21:34:22,TA401P4850,TA401P4850,185.5,0.0,0.0,0.0,5,190.5,193.5,5,175.5,185.5,185.5,185.5,3.0,556.5,76
2023-05-09 21:34:34,TA401P4850,TA401P4850,185.5,0.0,0.0,0.0,5,190.5,193.0,5,175.5,185.5,185.5,185.5,3.0,556.5,76
2023-05-09 21:34:43,TA401P4850,TA401P4850,185.5,0.0,0.0,0.0,1,163.0,193.0,5,175.5,185.5,185.5,185.5,3.0,556.5,76
2023-05-09 21:34:44,TA401P4850,TA401P4850,185.5,0.0,0.0,0.0,5,189.0,193.0,5,175.5,185.5,185.5,185.5,3.0,556.5,76
2023-05-09 21:34:49,TA401P4850,TA401P4850,185.5,0.0,0.0,0.0,5,189.0,192.5,5,175.5,185.5,185.5,185.5,3.0,556.5,76
2023-05-09 21:35:19,TA401P4850,TA401P4850,185.5,0.0,0.0,0.0,5,189.0,192.0,5,175.5,185.5,185.5,185.5,3.0,556.5,76
2023-05-09 21:41:13,TA401P4850,TA401P4850,185.5,0.0,0.0,0.0,5,189.5,192.0,5,175.5,185.5,185.5,185.5,3.0,556.5,76
2023-05-09 21:41:18,TA401P4850,TA401P4850,185.5,0.0,0.0,0.0,5,189.5,192.5,5,175.5,185.5,185.5,185.5,3.0,556.5,76
2023-05-09 21:42:45,TA401P4850,TA401P4850,185.5,0.0,0.0,0.0,5,189.5,192.0,5,175.5,185.5,185.5,185.5,3.0,556.5,76
2023-05-09 21:42:47,TA401P4850,TA401P4850,185.5,0.0,0.0,0.0,5,189.0,192.0,5,175.5,185.5,185.5,185.5,3.0,556.5,76
2023-05-09 21:42:51,TA401P4850,TA401P4850,185.5,0.0,0.0,0.0,5,189.0,191.5,5,175.5,185.5,185.5,185.5,3.0,556.5,76
2023-05-09 21:42:55,TA401P4850,TA401P4850,185.5,0.0,0.0,0.0,5,187.5,191.5,5,175.5,185.5,185.5,185.5,3.0,556.5,76
2023-05-09 21:42:59,TA401P4850,TA401P4850,185.5,0.0,0.0,0.0,5,187.5,190.5,5,175.5,185.5,185.5,185.5,3.0,556.5,76
2023-05-09 21:43:23,TA401P4850,TA401P4850,185.5,0.0,0.0,0.0,5,188.0,190.5,5,175.5,185.5,185.5,185.5,3.0,556.5,76
2023-05-09 21:43:27,TA401P4850,TA401P4850,185.5,0.0,0.0,0.0,5,188.0,191.5,5,175.5,185.5,185.5,185.5,3.0,556.5,76
2023-05-09 21:43:29,TA401P4850,TA401P4850,185.5,0.0,0.0,0.0,5,188.5,191.5,5,175.5,185.5,185.5,185.5,3.0,556.5,76
2023-05-09 21:45:44,TA401P4850,TA401P4850,185.5,0.0,0.0,0.0,5,188.5,191.0,5,175.5,185.5,185.5,185.5,3.0,556.5,76
2023-05-09 21:46:14,TA401P4850,TA401P4850,185.5,0.0,0.0,0.0,5,188.0,191.0,5,175.5,185.5,185.5,185.5,3.0,556.5,76
2023-05-09 21:46:15,TA401P4850,TA401P4850,185.5,0.0,0.0,0.0,5,188.0,190.5,5,175.5,185.5,185.5,185.5,3.0,556.5,76
2023-05-09 21:47:42,TA401P4850,TA401P4850,185.5,0.0,0.0,0.0,5,186.5,190.5,5,175.5,185.5,185.5,185.5,3.0,556.5,76
2023-05-09 21:47:45,TA401P4850,TA401P4850,185.5,0.0,0.0,0.0,5,186.5,190.0,5,175.5,185.5,185.5,185.5,3.0,556.5,76
2023-05-09 21:48:06,TA401P4850,TA401P4850,185.5,0.0,0.0,0.0,5,186.5,189.0,5,175.5,185.5,185.5,185.5,3.0,556.5,76
2023-05-09 21:48:19,TA401P4850,TA401P4850,185.5,0.0,0.0,0.0,1,181.5,189.0,5,175.5,185.5,185.5,185.5,3.0,556.5,76
2023-05-09 21:48:22,TA401P4850,TA401P4850,185.5,0.0,0.0,0.0,5,185.0,189.0,5,175.5,185.5,185.5,185.5,3.0,556.5,76
2023-05-09 21:48:24,TA401P4850,TA401P4850,185.5,0.0,0.0,0.0,5,185.0,188.5,5,175.5,185.5,185.5,185.5,3.0,556.5,76
2023-05-09 21:48:27,TA401P4850,TA401P4850,185.5,0.0,0.0,0.0,5,185.5,188.5,5,175.5,185.5,185.5,185.5,3.0,556.5,76
2023-05-09 21:48:41,TA401P4850,TA401P4850,185.5,0.0,0.0,0.0,5,185.0,188.0,5,175.5,185.5,185.5,185.5,3.0,556.5,76
2023-05-09 21:48:45,TA401P4850,TA401P4850,185.5,0.0,0.0,0.0,1,181.5,188.0,5,175.5,185.5,185.5,185.5,3.0,556.5,76
2023-05-09 21:48:46,TA401P4850,TA401P4850,185.5,0.0,0.0,0.0,5,183.5,188.0,5,175.5,185.5,185.5,185.5,3.0,556.5,76
2023-05-09 21:48:47,TA401P4850,TA401P4850,185.5,0.0,0.0,0.0,5,183.5,187.5,5,175.5,185.5,185.5,185.5,3.0,556.5,76
2023-05-09 21:49:05,TA401P4850,TA401P4850,185.5,0.0,0.0,0.0,5,183.5,187.0,5,175.5,185.5,185.5,185.5,3.0,556.5,76
2023-05-09 21:49:26,TA401P4850,TA401P4850,185.5,0.0,0.0,0.0,5,183.5,186.5,5,175.5,185.5,185.5,185.5,3.0,556.5,76
2023-05-09 21:49:40,TA401P4850,TA401P4850,185.5,0.0,0.0,0.0,5,184.0,186.5,5,175.5,185.5,185.5,185.5,3.0,556.5,76
2023-05-09 21:49:46,TA401P4850,TA401P4850,185.5,0.0,0.0,0.0,5,184.0,187.0,5,175.5,185.5,185.5,185.5,3.0,556.5,76
2023-05-09 21:51:03,TA401P4850,TA401P4850,185.5,0.0,0.0,0.0,5,184.0,186.0,5,175.5,185.5,185.5,185.5,3.0,556.5,76
2023-05-09 21:52:41,TA401P4850,TA401P4850,185.5,0.0,0.0,0.0,5,183.5,186.0,5,175.5,185.5,185.5,185.5,3.0,556.5,76
2023-05-09 21:53:38,TA401P4850,TA401P4850,185.5,0.0,0.0,0.0,5,183.5,187.0,5,175.5,185.5,185.5,185.5,3.0,556.5,76
2023-05-09 21:54:09,TA401P4850,TA401P4850,185.5,0.0,0.0,0.0,5,183.5,186.5,5,175.5,185.5,185.5,185.5,3.0,556.5,76
2023-05-09 21:55:07,TA401P4850,TA401P4850,185.5,0.0,0.0,0.0,5,183.5,186.0,5,175.5,185.5,185.5,185.5,3.0,556.5,76
2023-05-09 21:55:42,TA401P4850,TA401P4850,185.5,0.0,0.0,0.0,5,182.0,186.0,5,175.5,185.5,185.5,185.5,3.0,556.5,76
2023-05-09 21:56:06,TA401P4850,TA401P4850,185.5,0.0,0.0,0.0,5,183.0,186.0,5,175.5,185.5,185.5,185.5,3.0,556.5,76
2023-05-09 21:56:14,TA401P4850,TA401P4850,185.5,0.0,0.0,0.0,5,183.5,186.0,5,175.5,185.5,185.5,185.5,3.0,556.5,76
2023-05-09 21:56:55,TA401P4850,TA401P4850,185.5,0.0,0.0,0.0,5,183.5,186.5,5,175.5,185.5,185.5,185.5,3.0,556.5,76
2023-05-09 21:58:28,TA401P4850,TA401P4850,185.5,0.0,0.0,0.0,5,183.5,186.0,5,175.5,185.5,185.5,185.5,3.0,556.5,76
2023-05-09 21:58:49,TA401P4850,TA401P4850,185.5,0.0,0.0,0.0,5,183.5,186.5,5,175.5,185.5,185.5,185.5,3.0,556.5,76
2023-05-09 21:59:19,TA401P4850,TA401P4850,185.5,0.0,0.0,0.0,5,183.5,186.0,5,175.5,185.5,185.5,185.5,3.0,556.5,76
2023-05-09 22:00:03,TA401P4850,TA401P4850,185.5,0.0,0.0,0.0,5,183.0,186.0,5,175.5,185.5,185.5,185.5,3.0,556.5,76
2023-05-09 22:00:03,TA401P4850,TA401P4850,185.5,0.0,0.0,0.0,1,181.5,186.0,5,175.5,185.5,185.5,185.5,3.0,556.5,76
2023-05-09 22:00:07,TA401P4850,TA401P4850,185.5,0.0,0.0,0.0,5,182.0,186.0,5,175.5,185.5,185.5,185.5,3.0,556.5,76
2023-05-09 22:00:09,TA401P4850,TA401P4850,185.5,0.0,0.0,0.0,5,182.0,185.5,5,175.5,185.5,185.5,185.5,3.0,556.5,76
2023-05-09 22:00:17,TA401P4850,TA401P4850,185.5,0.0,0.0,0.0,5,182.0,185.0,5,175.5,185.5,185.5,185.5,3.0,556.5,76
2023-05-09 22:00:24,TA401P4850,TA401P4850,185.5,0.0,0.0,0.0,5,182.0,184.5,5,175.5,185.5,185.5,185.5,3.0,556.5,76
2023-05-09 22:00:27,TA401P4850,TA401P4850,185.5,0.0,0.0,0.0,5,180.5,184.5,5,175.5,185.5,185.5,185.5,3.0,556.5,76
2023-05-09 22:00:31,TA401P4850,TA401P4850,185.5,0.0,0.0,0.0,5,180.5,183.5,5,175.5,185.5,185.5,185.5,3.0,556.5,76
2023-05-09 22:01:09,TA401P4850,TA401P4850,185.5,0.0,0.0,0.0,5,181.5,184.5,5,175.5,185.5,185.5,185.5,3.0,556.5,76
2023-05-09 22:01:31,TA401P4850,TA401P4850,185.5,0.0,0.0,0.0,5,181.5,184.0,5,175.5,185.5,185.5,185.5,3.0,556.5,76
2023-05-09 22:01:32,TA401P4850,TA401P4850,185.5,0.0,0.0,0.0,5,180.5,184.0,5,175.5,185.5,185.5,185.5,3.0,556.5,76
2023-05-09 22:01:35,TA401P4850,TA401P4850,185.5,0.0,0.0,0.0,5,180.5,183.5,5,175.5,185.5,185.5,185.5,3.0,556.5,76
2023-05-09 22:01:43,TA401P4850,TA401P4850,185.5,0.0,0.0,0.0,5,180.5,183.0,5,175.5,185.5,185.5,185.5,3.0,556.5,76
2023-05-09 22:02:23,TA401P4850,TA401P4850,185.5,0.0,0.0,0.0,5,180.5,195.0,1,175.5,185.5,185.5,185.5,3.0,556.5,76
2023-05-09 22:02:31,TA401P4850,TA401P4850,185.5,0.0,0.0,0.0,5,182.0,195.0,1,175.5,185.5,185.5,185.5,3.0,556.5,76
2023-05-09 22:02:32,TA401P4850,TA401P4850,185.5,0.0,0.0,0.0,5,182.0,185.0,5,175.5,185.5,185.5,185.5,3.0,556.5,76
2023-05-09 22:02:36,TA401P4850,TA401P4850,185.5,0.0,0.0,0.0,5,182.0,184.5,5,175.5,185.5,185.5,185.5,3.0,556.5,76
2023-05-09 22:02:49,TA401P4850,TA401P4850,185.5,0.0,0.0,0.0,5,180.5,184.5,5,175.5,185.5,185.5,185.5,3.0,556.5,76
2023-05-09 22:02:54,TA401P4850,TA401P4850,185.5,0.0,0.0,0.0,5,180.5,184.0,5,175.5,185.5,185.5,185.5,3.0,556.5,76
2023-05-09 22:03:09,TA401P4850,TA401P4850,185.5,0.0,0.0,0.0,5,181.0,184.0,5,175.5,185.5,185.5,185.5,3.0,556.5,76
2023-05-09 22:03:31,TA401P4850,TA401P4850,185.5,0.0,0.0,0.0,5,181.5,184.0,5,175.5,185.5,185.5,185.5,3.0,556.5,76
2023-05-09 22:04:03,TA401P4850,TA401P4850,185.5,0.0,0.0,0.0,5,181.5,184.5,5,175.5,185.5,185.5,185.5,3.0,556.5,76
2023-05-09 22:04:40,TA401P4850,TA401P4850,185.5,0.0,0.0,0.0,5,182.5,195.0,1,175.5,185.5,185.5,185.5,3.0,556.5,76
2023-05-09 22:04:41,TA401P4850,TA401P4850,185.5,0.0,0.0,0.0,5,182.5,185.5,5,175.5,185.5,185.5,185.5,3.0,556.5,76
2023-05-09 22:06:13,TA401P4850,TA401P4850,185.5,0.0,0.0,0.0,5,183.0,185.5,5,175.5,185.5,185.5,185.5,3.0,556.5,76
2023-05-09 22:06:15,TA401P4850,TA401P4850,185.5,0.0,0.0,0.0,5,183.0,195.0,1,175.5,185.5,185.5,185.5,3.0,556.5,76
2023-05-09 22:06:16,TA401P4850,TA401P4850,185.5,0.0,0.0,0.0,5,183.0,187.0,5,175.5,185.5,185.5,185.5,3.0,556.5,76
2023-05-09 22:06:18,TA401P4850,TA401P4850,185.5,0.0,0.0,0.0,5,183.0,186.5,5,175.5,185.5,185.5,185.5,3.0,556.5,76
2023-05-09 22:06:29,TA401P4850,TA401P4850,185.5,0.0,0.0,0.0,5,183.5,186.5,5,175.5,185.5,185.5,185.5,3.0,556.5,76
2023-05-09 22:09:31,TA401P4850,TA401P4850,185.5,0.0,0.0,0.0,5,183.5,186.0,5,175.5,185.5,185.5,185.5,3.0,556.5,76
2023-05-09 22:10:28,TA401P4850,TA401P4850,185.5,0.0,0.0,0.0,5,183.5,186.5,5,175.5,185.5,185.5,185.5,3.0,556.5,76
2023-05-09 22:12:33,TA401P4850,TA401P4850,185.5,0.0,0.0,0.0,5,183.5,186.0,5,175.5,185.5,185.5,185.5,3.0,556.5,76
2023-05-09 22:12:37,TA401P4850,TA401P4850,185.5,0.0,0.0,0.0,5,183.0,186.0,5,175.5,185.5,185.5,185.5,3.0,556.5,76
2023-05-09 22:12:58,TA401P4850,TA401P4850,185.5,0.0,0.0,0.0,5,183.0,185.5,5,175.5,185.5,185.5,185.5,3.0,556.5,76
2023-05-09 22:16:02,TA401P4850,TA401P4850,185.5,0.0,0.0,0.0,5,183.0,186.0,5,175.5,185.5,185.5,185.5,3.0,556.5,76
2023-05-09 22:16:48,TA401P4850,TA401P4850,185.5,0.0,0.0,0.0,5,183.0,185.5,5,175.5,185.5,185.5,185.5,3.0,556.5,76
2023-05-09 22:17:45,TA401P4850,TA401P4850,185.5,0.0,0.0,0.0,1,97.0,185.5,5,175.5,185.5,185.5,185.5,3.0,556.5,76
2023-05-09 22:17:46,TA401P4850,TA401P4850,185.5,0.0,0.0,0.0,5,181.5,185.5,5,175.5,185.5,185.5,185.5,3.0,556.5,76
2023-05-09 22:17:49,TA401P4850,TA401P4850,185.5,0.0,0.0,0.0,5,181.5,185.0,5,175.5,185.5,185.5,185.5,3.0,556.5,76
2023-05-09 22:18:11,TA401P4850,TA401P4850,185.5,0.0,0.0,0.0,5,182.0,185.0,5,175.5,185.5,185.5,185.5,3.0,556.5,76
2023-05-09 22:18:50,TA401P4850,TA401P4850,185.5,0.0,0.0,0.0,5,182.5,185.0,5,175.5,185.5,185.5,185.5,3.0,556.5,76
2023-05-09 22:20:06,TA401P4850,TA401P4850,185.5,0.0,0.0,0.0,5,182.5,185.5,5,175.5,185.5,185.5,185.5,3.0,556.5,76
2023-05-09 22:20:07,TA401P4850,TA401P4850,185.5,0.0,0.0,0.0,5,183.0,185.5,5,175.5,185.5,185.5,185.5,3.0,556.5,76
2023-05-09 22:20:35,TA401P4850,TA401P4850,185.5,0.0,0.0,0.0,5,183.0,187.0,5,175.5,185.5,185.5,185.5,3.0,556.5,76
2023-05-09 22:20:54,TA401P4850,TA401P4850,185.5,0.0,0.0,0.0,5,184.0,187.0,5,175.5,185.5,185.5,185.5,3.0,556.5,76
2023-05-09 22:22:12,TA401P4850,TA401P4850,185.5,0.0,0.0,0.0,5,184.5,187.0,5,175.5,185.5,185.5,185.5,3.0,556.5,76
2023-05-09 22:22:14,TA401P4850,TA401P4850,185.5,0.0,0.0,0.0,5,184.5,195.0,1,175.5,185.5,185.5,185.5,3.0,556.5,76
2023-05-09 22:22:14,TA401P4850,TA401P4850,185.5,0.0,0.0,0.0,5,184.5,188.5,5,175.5,185.5,185.5,185.5,3.0,556.5,76
2023-05-09 22:22:30,TA401P4850,TA401P4850,185.5,0.0,0.0,0.0,5,185.0,188.5,5,175.5,185.5,185.5,185.5,3.0,556.5,76
2023-05-09 22:22:56,TA401P4850,TA401P4850,185.5,0.0,0.0,0.0,5,185.5,188.5,5,175.5,185.5,185.5,185.5,3.0,556.5,76
2023-05-09 22:24:04,TA401P4850,TA401P4850,185.5,0.0,0.0,0.0,5,186.0,188.5,5,175.5,185.5,185.5,185.5,3.0,556.5,76
2023-05-09 22:24:53,TA401P4850,TA401P4850,185.5,0.0,0.0,0.0,5,186.0,190.0,5,175.5,185.5,185.5,185.5,3.0,556.5,76
2023-05-09 22:25:03,TA401P4850,TA401P4850,185.5,0.0,0.0,0.0,5,186.0,189.5,5,175.5,185.5,185.5,185.5,3.0,556.5,76
2023-05-09 22:29:05,TA401P4850,TA401P4850,185.5,0.0,0.0,0.0,5,186.5,189.5,5,175.5,185.5,185.5,185.5,3.0,556.5,76
2023-05-09 22:30:00,TA401P4850,TA401P4850,185.5,0.0,0.0,0.0,5,187.0,189.5,5,175.5,185.5,185.5,185.5,3.0,556.5,76
2023-05-09 22:30:12,TA401P4850,TA401P4850,185.5,0.0,0.0,0.0,5,187.0,190.0,5,175.5,185.5,185.5,185.5,3.0,556.5,76
2023-05-09 22:30:14,TA401P4850,TA401P4850,185.5,0.0,0.0,0.0,5,187.5,190.0,5,175.5,185.5,185.5,185.5,3.0,556.5,76
2023-05-09 22:30:20,TA401P4850,TA401P4850,185.5,0.0,0.0,0.0,5,187.5,191.5,5,175.5,185.5,185.5,185.5,3.0,556.5,76
2023-05-09 22:30:24,TA401P4850,TA401P4850,185.5,0.0,0.0,0.0,5,188.5,191.5,5,175.5,185.5,185.5,185.5,3.0,556.5,76
2023-05-09 22:30:26,TA401P4850,TA401P4850,185.5,0.0,0.0,0.0,5,188.5,191.0,5,175.5,185.5,185.5,185.5,3.0,556.5,76
2023-05-09 22:30:38,TA401P4850,TA401P4850,185.5,0.0,0.0,0.0,5,187.5,191.0,5,175.5,185.5,185.5,185.5,3.0,556.5,76
2023-05-09 22:32:08,TA401P4850,TA401P4850,185.5,0.0,0.0,0.0,5,188.0,191.0,5,175.5,185.5,185.5,185.5,3.0,556.5,76
2023-05-09 22:32:10,TA401P4850,TA401P4850,185.5,0.0,0.0,0.0,5,188.5,191.0,5,175.5,185.5,185.5,185.5,3.0,556.5,76
2023-05-09 22:32:10,TA401P4850,TA401P4850,185.5,0.0,0.0,0.0,5,188.5,191.5,5,175.5,185.5,185.5,185.5,3.0,556.5,76
2023-05-09 22:32:11,TA401P4850,TA401P4850,185.5,0.0,0.0,0.0,5,188.5,195.0,1,175.5,185.5,185.5,185.5,3.0,556.5,76
2023-05-09 22:32:16,TA401P4850,TA401P4850,185.5,0.0,0.0,0.0,5,188.5,194.0,5,175.5,185.5,185.5,185.5,3.0,556.5,76
2023-05-09 22:32:20,TA401P4850,TA401P4850,185.5,0.0,0.0,0.0,5,190.5,194.0,5,175.5,185.5,185.5,185.5,3.0,556.5,76
2023-05-09 22:32:30,TA401P4850,TA401P4850,185.5,0.0,0.0,0.0,5,191.0,194.0,5,175.5,185.5,185.5,185.5,3.0,556.5,76
2023-05-09 22:33:32,TA401P4850,TA401P4850,185.5,0.0,0.0,0.0,5,191.5,194.0,5,175.5,185.5,185.5,185.5,3.0,556.5,76
2023-05-09 22:33:36,TA401P4850,TA401P4850,185.5,0.0,0.0,0.0,5,191.5,195.5,5,175.5,185.5,185.5,185.5,3.0,556.5,76
2023-05-09 22:33:53,TA401P4850,TA401P4850,185.5,0.0,0.0,0.0,5,192.0,195.5,5,175.5,185.5,185.5,185.5,3.0,556.5,76
2023-05-09 22:34:21,TA401P4850,TA401P4850,185.5,0.0,0.0,0.0,5,192.0,194.5,5,175.5,185.5,185.5,185.5,3.0,556.5,76
2023-05-09 22:37:54,TA401P4850,TA401P4850,185.5,0.0,0.0,0.0,5,192.0,195.5,5,175.5,185.5,185.5,185.5,3.0,556.5,76
2023-05-09 22:39:01,TA401P4850,TA401P4850,185.5,0.0,0.0,0.0,5,192.5,195.5,5,175.5,185.5,185.5,185.5,3.0,556.5,76
2023-05-09 22:44:15,TA401P4850,TA401P4850,185.5,0.0,0.0,0.0,5,192.5,195.0,5,175.5,185.5,185.5,185.5,3.0,556.5,76
2023-05-09 22:44:23,TA401P4850,TA401P4850,185.5,0.0,0.0,0.0,5,192.0,195.0,5,175.5,185.5,185.5,185.5,3.0,556.5,76
2023-05-09 22:44:43,TA401P4850,TA401P4850,185.5,0.0,0.0,0.0,5,192.0,194.5,5,175.5,185.5,185.5,185.5,3.0,556.5,76
2023-05-09 22:44:57,TA401P4850,TA401P4850,185.5,0.0,0.0,0.0,5,190.5,194.5,5,175.5,185.5,185.5,185.5,3.0,556.5,76
2023-05-09 22:45:00,TA401P4850,TA401P4850,185.5,0.0,0.0,0.0,5,191.0,194.5,5,175.5,185.5,185.5,185.5,3.0,556.5,76
2023-05-09 22:46:50,TA401P4850,TA401P4850,185.5,0.0,0.0,0.0,5,191.0,194.0,5,175.5,185.5,185.5,185.5,3.0,556.5,76
2023-05-09 22:48:49,TA401P4850,TA401P4850,185.5,0.0,0.0,0.0,5,191.5,194.0,5,175.5,185.5,185.5,185.5,3.0,556.5,76
2023-05-09 22:49:21,TA401P4850,TA401P4850,185.5,0.0,0.0,0.0,5,191.5,194.5,5,175.5,185.5,185.5,185.5,3.0,556.5,76
2023-05-09 22:49:22,TA401P4850,TA401P4850,185.5,0.0,0.0,0.0,5,192.0,202.5,1,175.5,185.5,185.5,185.5,3.0,556.5,76
2023-05-09 22:49:23,TA401P4850,TA401P4850,185.5,0.0,0.0,0.0,5,192.0,196.0,5,175.5,185.5,185.5,185.5,3.0,556.5,76
2023-05-09 22:49:29,TA401P4850,TA401P4850,185.5,0.0,0.0,0.0,5,192.5,196.0,5,175.5,185.5,185.5,185.5,3.0,556.5,76
2023-05-09 22:49:46,TA401P4850,TA401P4850,185.5,0.0,0.0,0.0,5,193.0,196.0,5,175.5,185.5,185.5,185.5,3.0,556.5,76
2023-05-09 22:51:14,TA401P4850,TA401P4850,185.5,0.0,0.0,0.0,5,193.0,195.5,5,175.5,185.5,185.5,185.5,3.0,556.5,76
2023-05-09 22:52:04,TA401P4850,TA401P4850,185.5,0.0,0.0,0.0,5,192.5,195.5,5,175.5,185.5,185.5,185.5,3.0,556.5,76
2023-05-09 22:55:00,TA401P4850,TA401P4850,185.5,0.0,0.0,0.0,5,191.0,195.5,5,175.5,185.5,185.5,185.5,3.0,556.5,76
2023-05-09 22:55:57,TA401P4850,TA401P4850,185.5,0.0,0.0,0.0,1,151.0,202.5,1,175.5,185.5,185.5,185.5,3.0,556.5,76
2023-05-09 22:55:57,TA401P4850,TA401P4850,185.5,0.0,0.0,0.0,2,155.0,202.5,1,175.5,185.5,185.5,185.5,3.0,556.5,76
2023-05-09 22:55:57,TA401P4850,TA401P4850,185.5,0.0,0.0,0.0,1,180.0,202.5,1,175.5,185.5,185.5,185.5,3.0,556.5,76
2023-05-09 22:56:31,TA401P4850,TA401P4850,185.5,0.0,0.0,0.0,1,97.5,0.0,0,175.5,185.5,185.5,185.5,3.0,556.5,76
2023-05-09 22:56:32,TA401P4850,TA401P4850,185.5,0.0,0.0,0.0,2,105.5,486.0,1,175.5,185.5,185.5,185.5,3.0,556.5,76
2023-05-09 22:56:33,TA401P4850,TA401P4850,185.5,0.0,0.0,0.0,1,106.0,485.5,1,175.5,185.5,185.5,185.5,3.0,556.5,76
2023-05-09 22:56:34,TA401P4850,TA401P4850,185.5,0.0,0.0,0.0,2,114.0,484.0,1,175.5,185.5,185.5,185.5,3.0,556.5,76
2023-05-09 22:56:36,TA401P4850,TA401P4850,185.5,0.0,0.0,0.0,2,114.0,478.5,1,175.5,185.5,185.5,185.5,3.0,556.5,76
2023-05-09 22:56:36,TA401P4850,TA401P4850,185.5,0.0,0.0,0.0,2,114.0,477.0,1,175.5,185.5,185.5,185.5,3.0,556.5,76
2023-05-09 22:57:10,TA401P4850,TA401P4850,185.5,0.0,0.0,0.0,1,106.0,477.0,1,175.5,185.5,185.5,185.5,3.0,556.5,76
2023-05-09 22:59:50,TA401P4850,TA401P4850,185.5,0.0,0.0,0.0,1,106.0,485.5,1,175.5,185.5,185.5,185.5,3.0,556.5,76
2023-05-10 09:00:02,TA401P4850,TA401P4850,185.5,0.0,0.0,0.0,1,106.0,290.5,1,175.5,185.5,185.5,185.5,3.0,556.5,76
2023-05-10 09:00:04,TA401P4850,TA401P4850,185.5,0.0,0.0,0.0,1,133.5,290.5,1,175.5,185.5,185.5,185.5,3.0,556.5,76
2023-05-10 09:00:25,TA401P4850,TA401P4850,185.5,0.0,0.0,0.0,1,133.5,262.5,1,175.5,185.5,185.5,185.5,3.0,556.5,76
2023-05-10 09:01:12,TA401P4850,TA401P4850,185.5,0.0,0.0,0.0,2,141.5,262.5,1,175.5,185.5,185.5,185.5,3.0,556.5,76
2023-05-10 09:01:13,TA401P4850,TA401P4850,185.5,0.0,0.0,0.0,1,169.0,262.5,1,175.5,185.5,185.5,185.5,3.0,556.5,76
2023-05-10 09:01:23,TA401P4850,TA401P4850,185.5,0.0,0.0,0.0,5,181.5,262.5,1,175.5,185.5,185.5,185.5,3.0,556.5,76
2023-05-10 09:01:31,TA401P4850,TA401P4850,185.5,0.0,0.0,0.0,5,181.5,185.5,5,175.5,185.5,185.5,185.5,3.0,556.5,76
2023-05-10 09:02:00,TA401P4850,TA401P4850,185.5,0.0,0.0,0.0,5,181.5,184.5,5,175.5,185.5,185.5,185.5,3.0,556.5,76
2023-05-10 09:02:20,TA401P4850,TA401P4850,185.5,0.0,0.0,0.0,5,180.5,184.5,5,175.5,185.5,185.5,185.5,3.0,556.5,76
2023-05-10 09:02:23,TA401P4850,TA401P4850,185.5,0.0,0.0,0.0,5,180.5,183.5,5,175.5,185.5,185.5,185.5,3.0,556.5,76
2023-05-10 09:02:45,TA401P4850,TA401P4850,185.5,0.0,0.0,0.0,5,179.0,183.5,5,175.5,185.5,185.5,185.5,3.0,556.5,76
2023-05-10 09:02:49,TA401P4850,TA401P4850,185.5,0.0,0.0,0.0,5,179.0,182.5,5,175.5,185.5,185.5,185.5,3.0,556.5,76
2023-05-10 09:02:57,TA401P4850,TA401P4850,185.5,0.0,0.0,0.0,1,169.0,182.5,5,175.5,185.5,185.5,185.5,3.0,556.5,76
2023-05-10 09:03:01,TA401P4850,TA401P4850,185.5,0.0,0.0,0.0,1,169.0,180.5,5,175.5,185.5,185.5,185.5,3.0,556.5,76
2023-05-10 09:03:07,TA401P4850,TA401P4850,185.5,0.0,0.0,0.0,5,177.5,180.5,5,175.5,185.5,185.5,185.5,3.0,556.5,76
2023-05-10 09:03:15,TA401P4850,TA401P4850,185.5,0.0,0.0,0.0,5,176.5,180.5,5,175.5,185.5,185.5,185.5,3.0,556.5,76
2023-05-10 09:03:21,TA401P4850,TA401P4850,185.5,0.0,0.0,0.0,1,169.0,180.5,5,175.5,185.5,185.5,185.5,3.0,556.5,76
2023-05-10 09:03:23,TA401P4850,TA401P4850,185.5,0.0,0.0,0.0,1,169.0,180.0,5,175.5,185.5,185.5,185.5,3.0,556.5,76
2023-05-10 09:03:24,TA401P4850,TA401P4850,185.5,0.0,0.0,0.0,5,176.5,180.0,5,175.5,185.5,185.5,185.5,3.0,556.5,76
2023-05-10 09:03:32,TA401P4850,TA401P4850,185.5,0.0,0.0,0.0,5,177.0,180.0,5,175.5,185.5,185.5,185.5,3.0,556.5,76
2023-05-10 09:04:10,TA401P4850,TA401P4850,185.5,0.0,0.0,0.0,5,177.5,180.0,5,175.5,185.5,185.5,185.5,3.0,556.5,76
2023-05-10 09:04:11,TA401P4850,TA401P4850,185.5,0.0,0.0,0.0,5,177.5,180.5,5,175.5,185.5,185.5,185.5,3.0,556.5,76
2023-05-10 09:04:11,TA401P4850,TA401P4850,185.5,0.0,0.0,0.0,5,177.5,262.5,1,175.5,185.5,185.5,185.5,3.0,556.5,76
2023-05-10 09:04:12,TA401P4850,TA401P4850,185.5,0.0,0.0,0.0,5,177.5,181.5,5,175.5,185.5,185.5,185.5,3.0,556.5,76
2023-05-10 09:04:16,TA401P4850,TA401P4850,185.5,0.0,0.0,0.0,5,178.0,181.5,5,175.5,185.5,185.5,185.5,3.0,556.5,76
2023-05-10 09:04:19,TA401P4850,TA401P4850,185.5,0.0,0.0,0.0,5,179.0,181.5,5,175.5,185.5,185.5,185.5,3.0,556.5,76
2023-05-10 09:04:30,TA401P4850,TA401P4850,185.5,0.0,0.0,0.0,5,178.0,181.5,5,175.5,185.5,185.5,185.5,3.0,556.5,76
2023-05-10 09:04:49,TA401P4850,TA401P4850,185.5,0.0,0.0,0.0,5,178.5,181.5,5,175.5,185.5,185.5,185.5,3.0,556.5,76
2023-05-10 09:06:03,TA401P4850,TA401P4850,185.5,0.0,0.0,0.0,5,178.0,181.5,5,175.5,185.5,185.5,185.5,3.0,556.5,76
2023-05-10 09:06:06,TA401P4850,TA401P4850,185.5,0.0,0.0,0.0,5,178.0,180.5,5,175.5,185.5,185.5,185.5,3.0,556.5,76
2023-05-10 09:06:07,TA401P4850,TA401P4850,185.5,0.0,0.0,0.0,1,169.0,180.5,5,175.5,185.5,185.5,185.5,3.0,556.5,76
2023-05-10 09:06:08,TA401P4850,TA401P4850,185.5,0.0,0.0,0.0,5,177.0,180.5,5,175.5,185.5,185.5,185.5,3.0,556.5,76
2023-05-10 09:06:22,TA401P4850,TA401P4850,185.5,0.0,0.0,0.0,5,177.5,180.5,5,175.5,185.5,185.5,185.5,3.0,556.5,76
2023-05-10 09:06:37,TA401P4850,TA401P4850,185.5,0.0,0.0,0.0,5,178.0,181.5,5,175.5,185.5,185.5,185.5,3.0,556.5,76
2023-05-10 09:07:00,TA401P4850,TA401P4850,185.5,0.0,0.0,0.0,5,178.0,181.0,5,175.5,185.5,185.5,185.5,3.0,556.5,76
2023-05-10 09:07:02,TA401P4850,TA401P4850,185.5,0.0,0.0,0.0,5,177.5,181.0,5,175.5,185.5,185.5,185.5,3.0,556.5,76
2023-05-10 09:07:04,TA401P4850,TA401P4850,185.5,0.0,0.0,0.0,5,177.5,180.0,5,175.5,185.5,185.5,185.5,3.0,556.5,76
2023-05-10 09:07:50,TA401P4850,TA401P4850,185.5,0.0,0.0,0.0,5,177.5,181.0,5,175.5,185.5,185.5,185.5,3.0,556.5,76
2023-05-10 09:07:53,TA401P4850,TA401P4850,185.5,0.0,0.0,0.0,5,178.5,181.0,5,175.5,185.5,185.5,185.5,3.0,556.5,76
2023-05-10 09:08:13,TA401P4850,TA401P4850,185.5,0.0,0.0,0.0,5,177.5,181.0,5,175.5,185.5,185.5,185.5,3.0,556.5,76
2023-05-10 09:08:15,TA401P4850,TA401P4850,185.5,0.0,0.0,0.0,5,177.5,180.5,5,175.5,185.5,185.5,185.5,3.0,556.5,76
2023-05-10 09:08:56,TA401P4850,TA401P4850,185.5,0.0,0.0,0.0,5,177.5,180.0,5,175.5,185.5,185.5,185.5,3.0,556.5,76
2023-05-10 09:09:58,TA401P4850,TA401P4850,185.5,0.0,0.0,0.0,5,177.5,180.5,5,175.5,185.5,185.5,185.5,3.0,556.5,76
2023-05-10 09:10:36,TA401P4850,TA401P4850,185.5,0.0,0.0,0.0,5,177.5,262.5,1,175.5,185.5,185.5,185.5,3.0,556.5,76
2023-05-10 09:10:38,TA401P4850,TA401P4850,185.5,0.0,0.0,0.0,5,177.5,211.5,1,175.5,185.5,185.5,185.5,3.0,556.5,76
2023-05-10 09:10:39,TA401P4850,TA401P4850,185.5,0.0,0.0,0.0,5,178.5,182.0,5,175.5,185.5,185.5,185.5,3.0,556.5,76
2023-05-10 09:10:48,TA401P4850,TA401P4850,185.5,0.0,0.0,0.0,5,179.0,182.0,5,175.5,185.5,185.5,185.5,3.0,556.5,76
2023-05-10 09:11:05,TA401P4850,TA401P4850,185.5,0.0,0.0,0.0,5,179.5,182.0,5,175.5,185.5,185.5,185.5,3.0,556.5,76
2023-05-10 09:11:06,TA401P4850,TA401P4850,185.5,0.0,0.0,0.0,5,179.5,183.5,5,175.5,185.5,185.5,185.5,3.0,556.5,76
2023-05-10 09:11:18,TA401P4850,TA401P4850,185.5,0.0,0.0,0.0,5,180.0,183.5,5,175.5,185.5,185.5,185.5,3.0,556.5,76
2023-05-10 09:11:28,TA401P4850,TA401P4850,185.5,0.0,0.0,0.0,5,180.5,183.5,5,175.5,185.5,185.5,185.5,3.0,556.5,76
2023-05-10 09:12:41,TA401P4850,TA401P4850,185.5,0.0,0.0,0.0,5,181.0,183.5,5,175.5,185.5,185.5,185.5,3.0,556.5,76
2023-05-10 09:13:47,TA401P4850,TA401P4850,185.5,0.0,0.0,0.0,5,181.0,185.0,5,175.5,185.5,185.5,185.5,3.0,556.5,76
2023-05-10 09:14:46,TA401P4850,TA401P4850,185.5,0.0,0.0,0.0,5,181.0,184.5,5,175.5,185.5,185.5,185.5,3.0,556.5,76
2023-05-10 09:14:51,TA401P4850,TA401P4850,185.5,0.0,0.0,0.0,5,181.0,184.0,5,175.5,185.5,185.5,185.5,3.0,556.5,76
2023-05-10 09:16:29,TA401P4850,TA401P4850,185.5,0.0,0.0,0.0,5,181.5,184.0,5,175.5,185.5,185.5,185.5,3.0,556.5,76
2023-05-10 09:16:32,TA401P4850,TA401P4850,185.5,0.0,0.0,0.0,5,181.5,211.5,1,175.5,185.5,185.5,185.5,3.0,556.5,76
2023-05-10 09:16:33,TA401P4850,TA401P4850,185.5,0.0,0.0,0.0,5,181.5,185.5,5,175.5,185.5,185.5,185.5,3.0,556.5,76
2023-05-10 09:16:34,TA401P4850,TA401P4850,185.5,0.0,0.0,0.0,5,182.0,185.5,5,175.5,185.5,185.5,185.5,3.0,556.5,76
2023-05-10 09:16:38,TA401P4850,TA401P4850,185.5,0.0,0.0,0.0,5,183.0,185.5,5,175.5,185.5,185.5,185.5,3.0,556.5,76
2023-05-10 09:18:04,TA401P4850,TA401P4850,185.5,0.0,0.0,0.0,5,182.0,185.5,5,175.5,185.5,185.5,185.5,3.0,556.5,76
2023-05-10 09:18:17,TA401P4850,TA401P4850,185.5,0.0,0.0,0.0,5,182.0,185.0,5,175.5,185.5,185.5,185.5,3.0,556.5,76
2023-05-10 09:18:34,TA401P4850,TA401P4850,185.5,0.0,0.0,0.0,5,182.0,184.5,5,175.5,185.5,185.5,185.5,3.0,556.5,76
2023-05-10 09:18:41,TA401P4850,TA401P4850,185.5,0.0,0.0,0.0,1,169.0,184.5,5,175.5,185.5,185.5,185.5,3.0,556.5,76
2023-05-10 09:18:45,TA401P4850,TA401P4850,185.5,0.0,0.0,0.0,5,180.5,184.5,5,175.5,185.5,185.5,185.5,3.0,556.5,76
2023-05-10 09:18:46,TA401P4850,TA401P4850,185.5,0.0,0.0,0.0,5,180.5,184.0,5,175.5,185.5,185.5,185.5,3.0,556.5,76
2023-05-10 09:18:54,TA401P4850,TA401P4850,185.5,0.0,0.0,0.0,5,180.5,183.5,5,175.5,185.5,185.5,185.5,3.0,556.5,76
2023-05-10 09:19:12,TA401P4850,TA401P4850,185.5,0.0,0.0,0.0,1,169.0,183.5,5,175.5,185.5,185.5,185.5,3.0,556.5,76
2023-05-10 09:19:13,TA401P4850,TA401P4850,185.5,0.0,0.0,0.0,5,179.5,183.5,5,175.5,185.5,185.5,185.5,3.0,556.5,76
2023-05-10 09:19:16,TA401P4850,TA401P4850,185.5,0.0,0.0,0.0,5,179.5,182.0,5,175.5,185.5,185.5,185.5,3.0,556.5,76
2023-05-10 09:19:28,TA401P4850,TA401P4850,185.5,0.0,0.0,0.0,1,169.0,182.0,5,175.5,185.5,185.5,185.5,3.0,556.5,76
2023-05-10 09:19:33,TA401P4850,TA401P4850,185.5,0.0,0.0,0.0,5,178.0,182.0,5,175.5,185.5,185.5,185.5,3.0,556.5,76
2023-05-10 09:19:34,TA401P4850,TA401P4850,185.5,0.0,0.0,0.0,5,178.0,181.0,5,175.5,185.5,185.5,185.5,3.0,556.5,76
2023-05-10 09:20:05,TA401P4850,TA401P4850,185.5,0.0,0.0,0.0,5,179.0,182.0,5,175.5,185.5,185.5,185.5,3.0,556.5,76
2023-05-10 09:22:41,TA401P4850,TA401P4850,185.5,0.0,0.0,0.0,5,179.5,182.0,5,175.5,185.5,185.5,185.5,3.0,556.5,76
2023-05-10 09:22:47,TA401P4850,TA401P4850,185.5,0.0,0.0,0.0,5,179.5,183.5,5,175.5,185.5,185.5,185.5,3.0,556.5,76
2023-05-10 09:23:01,TA401P4850,TA401P4850,185.5,0.0,0.0,0.0,5,179.5,182.5,5,175.5,185.5,185.5,185.5,3.0,556.5,76
2023-05-10 09:24:48,TA401P4850,TA401P4850,185.5,0.0,0.0,0.0,5,179.5,182.0,5,175.5,185.5,185.5,185.5,3.0,556.5,76
2023-05-10 09:27:15,TA401P4850,TA401P4850,185.5,0.0,0.0,0.0,5,179.5,182.5,5,175.5,185.5,185.5,185.5,3.0,556.5,76
2023-05-10 09:27:21,TA401P4850,TA401P4850,185.5,0.0,0.0,0.0,5,180.0,182.5,5,175.5,185.5,185.5,185.5,3.0,556.5,76
2023-05-10 09:27:29,TA401P4850,TA401P4850,185.5,0.0,0.0,0.0,5,180.0,211.5,1,175.5,185.5,185.5,185.5,3.0,556.5,76
2023-05-10 09:27:30,TA401P4850,TA401P4850,185.5,0.0,0.0,0.0,5,180.0,184.0,5,175.5,185.5,185.5,185.5,3.0,556.5,76
2023-05-10 09:27:34,TA401P4850,TA401P4850,185.5,0.0,0.0,0.0,5,181.0,184.0,5,175.5,185.5,185.5,185.5,3.0,556.5,76
2023-05-10 09:30:21,TA401P4850,TA401P4850,185.5,0.0,0.0,0.0,5,181.0,183.5,5,175.5,185.5,185.5,185.5,3.0,556.5,76
2023-05-10 09:30:28,TA401P4850,TA401P4850,185.5,0.0,0.0,0.0,5,180.0,183.5,5,175.5,185.5,185.5,185.5,3.0,556.5,76
2023-05-10 09:30:33,TA401P4850,TA401P4850,185.5,0.0,0.0,0.0,5,180.0,183.0,5,175.5,185.5,185.5,185.5,3.0,556.5,76
2023-05-10 09:31:15,TA401P4850,TA401P4850,185.5,0.0,0.0,0.0,5,180.5,183.0,5,175.5,185.5,185.5,185.5,3.0,556.5,76
2023-05-10 09:32:41,TA401P4850,TA401P4850,185.5,0.0,0.0,0.0,5,180.0,183.0,5,175.5,185.5,185.5,185.5,3.0,556.5,76
2023-05-10 09:33:00,TA401P4850,TA401P4850,185.5,0.0,0.0,0.0,5,180.0,182.5,5,175.5,185.5,185.5,185.5,3.0,556.5,76
2023-05-10 09:33:28,TA401P4850,TA401P4850,185.5,0.0,0.0,0.0,5,178.5,182.5,5,175.5,185.5,185.5,185.5,3.0,556.5,76
2023-05-10 09:33:39,TA401P4850,TA401P4850,185.5,0.0,0.0,0.0,5,178.5,182.0,5,175.5,185.5,185.5,185.5,3.0,556.5,76
2023-05-10 09:34:01,TA401P4850,TA401P4850,185.5,0.0,0.0,0.0,5,179.0,182.0,5,175.5,185.5,185.5,185.5,3.0,556.5,76
2023-05-10 09:34:05,TA401P4850,TA401P4850,185.5,0.0,0.0,0.0,5,179.5,182.0,5,175.5,185.5,185.5,185.5,3.0,556.5,76
2023-05-10 09:34:15,TA401P4850,TA401P4850,185.5,0.0,0.0,0.0,5,179.5,182.5,5,175.5,185.5,185.5,185.5,3.0,556.5,76
2023-05-10 09:37:05,TA401P4850,TA401P4850,185.5,0.0,0.0,0.0,5,180.0,182.5,5,175.5,185.5,185.5,185.5,3.0,556.5,76
2023-05-10 09:37:06,TA401P4850,TA401P4850,185.5,0.0,0.0,0.0,5,180.0,191.5,1,175.5,185.5,185.5,185.5,3.0,556.5,76
2023-05-10 09:37:06,TA401P4850,TA401P4850,185.5,0.0,0.0,0.0,5,180.0,184.0,5,175.5,185.5,185.5,185.5,3.0,556.5,76
2023-05-10 09:37:07,TA401P4850,TA401P4850,185.5,0.0,0.0,0.0,5,180.0,183.5,5,175.5,185.5,185.5,185.5,3.0,556.5,76
2023-05-10 09:38:06,TA401P4850,TA401P4850,185.5,0.0,0.0,0.0,5,180.0,183.0,5,175.5,185.5,185.5,185.5,3.0,556.5,76
2023-05-10 09:38:13,TA401P4850,TA401P4850,185.5,0.0,0.0,0.0,5,180.0,182.5,5,175.5,185.5,185.5,185.5,3.0,556.5,76
2023-05-10 09:38:14,TA401P4850,TA401P4850,185.5,0.0,0.0,0.0,5,179.5,182.5,5,175.5,185.5,185.5,185.5,3.0,556.5,76
2023-05-10 09:38:18,TA401P4850,TA401P4850,185.5,0.0,0.0,0.0,1,169.0,181.5,5,175.5,185.5,185.5,185.5,3.0,556.5,76
2023-05-10 09:38:21,TA401P4850,TA401P4850,185.5,0.0,0.0,0.0,5,178.0,181.5,5,175.5,185.5,185.5,185.5,3.0,556.5,76
2023-05-10 09:39:23,TA401P4850,TA401P4850,185.5,0.0,0.0,0.0,5,178.0,181.0,5,175.5,185.5,185.5,185.5,3.0,556.5,76
2023-05-10 09:40:19,TA401P4850,TA401P4850,185.5,0.0,0.0,0.0,5,178.5,181.0,5,175.5,185.5,185.5,185.5,3.0,556.5,76
2023-05-10 09:40:43,TA401P4850,TA401P4850,185.5,0.0,0.0,0.0,5,178.5,181.5,5,175.5,185.5,185.5,185.5,3.0,556.5,76
2023-05-10 09:40:49,TA401P4850,TA401P4850,185.5,0.0,0.0,0.0,5,179.0,181.5,5,175.5,185.5,185.5,185.5,3.0,556.5,76
2023-05-10 09:40:53,TA401P4850,TA401P4850,185.5,0.0,0.0,0.0,5,179.0,191.5,1,175.5,185.5,185.5,185.5,3.0,556.5,76
2023-05-10 09:40:54,TA401P4850,TA401P4850,185.5,0.0,0.0,0.0,5,179.0,183.0,5,175.5,185.5,185.5,185.5,3.0,556.5,76
2023-05-10 09:41:00,TA401P4850,TA401P4850,185.5,0.0,0.0,0.0,5,179.0,182.5,5,175.5,185.5,185.5,185.5,3.0,556.5,76
2023-05-10 09:42:00,TA401P4850,TA401P4850,185.5,0.0,0.0,0.0,5,179.5,182.5,5,175.5,185.5,185.5,185.5,3.0,556.5,76
2023-05-10 09:43:16,TA401P4850,TA401P4850,185.5,0.0,0.0,0.0,5,180.0,183.0,5,175.5,185.5,185.5,185.5,3.0,556.5,76
2023-05-10 09:43:22,TA401P4850,TA401P4850,185.5,0.0,0.0,0.0,5,180.5,191.5,1,175.5,185.5,185.5,185.5,3.0,556.5,76
2023-05-10 09:43:23,TA401P4850,TA401P4850,185.5,0.0,0.0,0.0,5,180.5,184.5,5,175.5,185.5,185.5,185.5,3.0,556.5,76
2023-05-10 09:43:29,TA401P4850,TA401P4850,185.5,0.0,0.0,0.0,5,180.5,184.0,5,175.5,185.5,185.5,185.5,3.0,556.5,76
2023-05-10 09:44:53,TA401P4850,TA401P4850,185.5,0.0,0.0,0.0,5,181.0,184.0,5,175.5,185.5,185.5,185.5,3.0,556.5,76
2023-05-10 09:47:24,TA401P4850,TA401P4850,185.5,0.0,0.0,0.0,5,181.0,183.5,5,175.5,185.5,185.5,185.5,3.0,556.5,76
2023-05-10 09:47:28,TA401P4850,TA401P4850,185.5,0.0,0.0,0.0,5,180.5,183.5,5,175.5,185.5,185.5,185.5,3.0,556.5,76
2023-05-10 09:49:23,TA401P4850,TA401P4850,185.5,0.0,0.0,0.0,5,181.0,183.5,5,175.5,185.5,185.5,185.5,3.0,556.5,76
2023-05-10 09:49:34,TA401P4850,TA401P4850,185.5,0.0,0.0,0.0,5,181.0,184.0,5,175.5,185.5,185.5,185.5,3.0,556.5,76
2023-05-10 09:50:08,TA401P4850,TA401P4850,185.5,0.0,0.0,0.0,5,181.5,184.0,5,175.5,185.5,185.5,185.5,3.0,556.5,76
2023-05-10 09:51:20,TA401P4850,TA401P4850,185.5,0.0,0.0,0.0,5,181.0,184.0,5,175.5,185.5,185.5,185.5,3.0,556.5,76
2023-05-10 09:53:03,TA401P4850,TA401P4850,185.5,0.0,0.0,0.0,5,181.5,184.0,5,175.5,185.5,185.5,185.5,3.0,556.5,76
2023-05-10 09:53:06,TA401P4850,TA401P4850,185.5,0.0,0.0,0.0,5,181.5,185.5,5,175.5,185.5,185.5,185.5,3.0,556.5,76
2023-05-10 09:53:17,TA401P4850,TA401P4850,185.5,0.0,0.0,0.0,5,182.0,185.5,5,175.5,185.5,185.5,185.5,3.0,556.5,76
2023-05-10 09:54:16,TA401P4850,TA401P4850,185.5,0.0,0.0,0.0,5,182.5,185.5,5,175.5,185.5,185.5,185.5,3.0,556.5,76
2023-05-10 09:54:23,TA401P4850,TA401P4850,185.5,0.0,0.0,0.0,5,183.0,187.0,5,175.5,185.5,185.5,185.5,3.0,556.5,76
2023-05-10 09:54:34,TA401P4850,TA401P4850,185.5,0.0,0.0,0.0,5,183.5,187.0,5,175.5,185.5,185.5,185.5,3.0,556.5,76
2023-05-10 09:55:44,TA401P4850,TA401P4850,185.5,0.0,0.0,0.0,5,184.0,187.0,5,175.5,185.5,185.5,185.5,3.0,556.5,76
2023-05-10 09:57:39,TA401P4850,TA401P4850,185.5,0.0,0.0,0.0,5,184.0,191.5,1,175.5,185.5,185.5,185.5,3.0,556.5,76
2023-05-10 09:57:40,TA401P4850,TA401P4850,185.5,0.0,0.0,0.0,5,185.0,191.5,1,175.5,185.5,185.5,185.5,3.0,556.5,76
2023-05-10 09:57:41,TA401P4850,TA401P4850,185.5,0.0,0.0,0.0,5,185.0,188.5,5,175.5,185.5,185.5,185.5,3.0,556.5,76
2023-05-10 09:58:06,TA401P4850,TA401P4850,185.5,0.0,0.0,0.0,5,185.0,187.5,5,175.5,185.5,185.5,185.5,3.0,556.5,76
2023-05-10 09:58:09,TA401P4850,TA401P4850,185.5,0.0,0.0,0.0,5,184.0,187.5,5,175.5,185.5,185.5,185.5,3.0,556.5,76
2023-05-10 09:58:15,TA401P4850,TA401P4850,185.5,0.0,0.0,0.0,5,184.0,186.5,5,175.5,185.5,185.5,185.5,3.0,556.5,76
2023-05-10 09:58:24,TA401P4850,TA401P4850,185.5,0.0,0.0,0.0,5,182.5,186.5,5,175.5,185.5,185.5,185.5,3.0,556.5,76
2023-05-10 09:58:46,TA401P4850,TA401P4850,185.5,0.0,0.0,0.0,5,182.5,185.5,5,175.5,185.5,185.5,185.5,3.0,556.5,76
2023-05-10 09:59:32,TA401P4850,TA401P4850,185.5,0.0,0.0,0.0,1,169.0,185.5,5,175.5,185.5,185.5,185.5,3.0,556.5,76
2023-05-10 09:59:33,TA401P4850,TA401P4850,185.5,0.0,0.0,0.0,5,181.0,185.5,5,175.5,185.5,185.5,185.5,3.0,556.5,76
2023-05-10 09:59:34,TA401P4850,TA401P4850,185.5,0.0,0.0,0.0,5,181.0,184.5,5,175.5,185.5,185.5,185.5,3.0,556.5,76
2023-05-10 10:00:42,TA401P4850,TA401P4850,185.5,0.0,0.0,0.0,5,181.0,183.5,5,175.5,185.5,185.5,185.5,3.0,556.5,76
2023-05-10 10:00:49,TA401P4850,TA401P4850,185.5,0.0,0.0,0.0,1,169.0,183.5,5,175.5,185.5,185.5,185.5,3.0,556.5,76
2023-05-10 10:00:51,TA401P4850,TA401P4850,185.5,0.0,0.0,0.0,1,169.0,182.0,5,175.5,185.5,185.5,185.5,3.0,556.5,76
2023-05-10 10:00:56,TA401P4850,TA401P4850,185.5,0.0,0.0,0.0,5,178.5,182.0,5,175.5,185.5,185.5,185.5,3.0,556.5,76
2023-05-10 10:01:01,TA401P4850,TA401P4850,185.5,0.0,0.0,0.0,5,179.5,182.0,5,175.5,185.5,185.5,185.5,3.0,556.5,76
2023-05-10 10:01:31,TA401P4850,TA401P4850,185.5,0.0,0.0,0.0,5,179.5,183.5,5,175.5,185.5,185.5,185.5,3.0,556.5,76
2023-05-10 10:01:41,TA401P4850,TA401P4850,185.5,0.0,0.0,0.0,5,180.5,183.5,5,175.5,185.5,185.5,185.5,3.0,556.5,76
2023-05-10 10:04:05,TA401P4850,TA401P4850,185.5,0.0,0.0,0.0,5,180.5,185.0,5,175.5,185.5,185.5,185.5,3.0,556.5,76
2023-05-10 10:04:13,TA401P4850,TA401P4850,185.5,0.0,0.0,0.0,5,181.5,185.0,5,175.5,185.5,185.5,185.5,3.0,556.5,76
2023-05-10 10:09:07,TA401P4850,TA401P4850,185.5,0.0,0.0,0.0,5,181.5,184.0,5,175.5,185.5,185.5,185.5,3.0,556.5,76
2023-05-10 10:09:29,TA401P4850,TA401P4850,185.5,0.0,0.0,0.0,5,180.5,184.0,5,175.5,185.5,185.5,185.5,3.0,556.5,76
2023-05-10 10:09:37,TA401P4850,TA401P4850,185.5,0.0,0.0,0.0,5,180.5,183.0,5,175.5,185.5,185.5,185.5,3.0,556.5,76
2023-05-10 10:09:41,TA401P4850,TA401P4850,185.5,0.0,0.0,0.0,1,151.5,183.0,5,175.5,185.5,185.5,185.5,3.0,556.5,76
2023-05-10 10:09:41,TA401P4850,TA401P4850,185.5,0.0,0.0,0.0,2,155.5,183.0,5,175.5,185.5,185.5,185.5,3.0,556.5,76
2023-05-10 10:09:42,TA401P4850,TA401P4850,185.5,0.0,0.0,0.0,1,172.0,183.0,5,175.5,185.5,185.5,185.5,3.0,556.5,76
2023-05-10 10:09:42,TA401P4850,TA401P4850,185.5,0.0,0.0,0.0,5,179.0,183.0,5,175.5,185.5,185.5,185.5,3.0,556.5,76
2023-05-10 10:09:54,TA401P4850,TA401P4850,185.5,0.0,0.0,0.0,5,180.0,183.0,5,175.5,185.5,185.5,185.5,3.0,556.5,76
2023-05-10 10:10:10,TA401P4850,TA401P4850,185.5,0.0,0.0,0.0,5,179.0,183.0,5,175.5,185.5,185.5,185.5,3.0,556.5,76
2023-05-10 10:10:14,TA401P4850,TA401P4850,185.5,0.0,0.0,0.0,5,179.0,182.0,5,175.5,185.5,185.5,185.5,3.0,556.5,76
2023-05-10 10:11:50,TA401P4850,TA401P4850,185.5,0.0,0.0,0.0,5,180.0,183.0,5,175.5,185.5,185.5,185.5,3.0,556.5,76
2023-05-10 10:14:44,TA401P4850,TA401P4850,185.5,0.0,0.0,0.0,5,180.0,182.0,1,175.5,185.5,185.5,185.5,3.0,556.5,76
2023-05-10 10:14:48,TA401P4850,TA401P4850,185.5,0.0,0.0,0.0,5,180.0,183.0,5,175.5,185.5,185.5,185.5,3.0,556.5,76
2023-05-10 10:14:48,TA401P4850,TA401P4850,185.5,0.0,0.0,0.0,5,180.0,181.5,1,175.5,185.5,185.5,185.5,3.0,556.5,76
2023-05-10 10:14:52,TA401P4850,TA401P4850,185.5,0.0,0.0,0.0,5,180.0,181.0,1,175.5,185.5,185.5,185.5,3.0,556.5,76
2023-05-10 10:14:55,TA401P4850,TA401P4850,181.0,1.0,181.5,1.0,5,180.0,183.0,5,175.5,185.5,185.5,181.0,4.0,738.0,77
2023-05-10 10:30:41,TA401P4850,TA401P4850,181.0,0.0,0.0,0.0,5,180.0,184.5,5,175.5,185.5,185.5,181.0,4.0,738.0,77
2023-05-10 10:30:42,TA401P4850,TA401P4850,181.0,0.0,0.0,0.0,5,181.0,184.5,5,175.5,185.5,185.5,181.0,4.0,738.0,77
2023-05-10 10:31:23,TA401P4850,TA401P4850,181.0,0.0,0.0,0.0,5,182.0,184.5,5,175.5,185.5,185.5,181.0,4.0,738.0,77
2023-05-10 10:32:34,TA401P4850,TA401P4850,181.0,0.0,0.0,0.0,5,181.0,184.5,5,175.5,185.5,185.5,181.0,4.0,738.0,77
2023-05-10 10:34:33,TA401P4850,TA401P4850,181.0,0.0,0.0,0.0,5,181.0,183.5,5,175.5,185.5,185.5,181.0,4.0,738.0,77
2023-05-10 10:35:50,TA401P4850,TA401P4850,181.0,0.0,0.0,0.0,5,181.0,184.5,5,175.5,185.5,185.5,181.0,4.0,738.0,77
2023-05-10 10:36:11,TA401P4850,TA401P4850,181.0,0.0,0.0,0.0,5,182.0,184.5,5,175.5,185.5,185.5,181.0,4.0,738.0,77
2023-05-10 10:37:23,TA401P4850,TA401P4850,181.0,0.0,0.0,0.0,5,182.0,191.5,1,175.5,185.5,185.5,181.0,4.0,738.0,77
2023-05-10 10:37:24,TA401P4850,TA401P4850,181.0,0.0,0.0,0.0,5,182.0,186.0,5,175.5,185.5,185.5,181.0,4.0,738.0,77
2023-05-10 10:38:17,TA401P4850,TA401P4850,181.0,0.0,0.0,0.0,5,182.5,186.0,5,175.5,185.5,185.5,181.0,4.0,738.0,77
2023-05-10 10:38:34,TA401P4850,TA401P4850,181.0,0.0,0.0,0.0,5,183.5,186.0,5,175.5,185.5,185.5,181.0,4.0,738.0,77
2023-05-10 10:38:47,TA401P4850,TA401P4850,181.0,0.0,0.0,0.0,5,183.5,191.5,1,175.5,185.5,185.5,181.0,4.0,738.0,77
2023-05-10 10:38:47,TA401P4850,TA401P4850,181.0,0.0,0.0,0.0,5,183.5,187.5,5,175.5,185.5,185.5,181.0,4.0,738.0,77
2023-05-10 10:39:04,TA401P4850,TA401P4850,181.0,0.0,0.0,0.0,5,184.5,187.5,5,175.5,185.5,185.5,181.0,4.0,738.0,77
2023-05-10 10:39:10,TA401P4850,TA401P4850,181.0,0.0,0.0,0.0,5,184.5,191.5,1,175.5,185.5,185.5,181.0,4.0,738.0,77
2023-05-10 10:39:11,TA401P4850,TA401P4850,181.0,0.0,0.0,0.0,5,185.5,191.5,1,175.5,185.5,185.5,181.0,4.0,738.0,77
2023-05-10 10:39:12,TA401P4850,TA401P4850,181.0,0.0,0.0,0.0,5,185.5,189.0,5,175.5,185.5,185.5,181.0,4.0,738.0,77
2023-05-10 10:39:38,TA401P4850,TA401P4850,181.0,0.0,0.0,0.0,5,186.5,189.0,5,175.5,185.5,185.5,181.0,4.0,738.0,77
2023-05-10 10:40:19,TA401P4850,TA401P4850,181.0,0.0,0.0,0.0,5,185.5,189.0,5,175.5,185.5,185.5,181.0,4.0,738.0,77
2023-05-10 10:41:18,TA401P4850,TA401P4850,181.0,0.0,0.0,0.0,5,185.5,188.0,5,175.5,185.5,185.5,181.0,4.0,738.0,77
2023-05-10 10:41:32,TA401P4850,TA401P4850,181.0,0.0,0.0,0.0,5,184.0,188.0,5,175.5,185.5,185.5,181.0,4.0,738.0,77
2023-05-10 10:42:21,TA401P4850,TA401P4850,181.0,0.0,0.0,0.0,5,184.0,187.0,5,175.5,185.5,185.5,181.0,4.0,738.0,77
2023-05-10 10:44:07,TA401P4850,TA401P4850,181.0,0.0,0.0,0.0,1,172.0,187.0,5,175.5,185.5,185.5,181.0,4.0,738.0,77
2023-05-10 10:44:08,TA401P4850,TA401P4850,181.0,0.0,0.0,0.0,5,182.5,187.0,5,175.5,185.5,185.5,181.0,4.0,738.0,77
2023-05-10 10:44:11,TA401P4850,TA401P4850,181.0,0.0,0.0,0.0,5,182.5,186.0,5,175.5,185.5,185.5,181.0,4.0,738.0,77
2023-05-10 10:47:54,TA401P4850,TA401P4850,181.0,0.0,0.0,0.0,5,183.5,186.0,5,175.5,185.5,185.5,181.0,4.0,738.0,77
2023-05-10 10:48:02,TA401P4850,TA401P4850,181.0,0.0,0.0,0.0,5,183.5,187.0,5,175.5,185.5,185.5,181.0,4.0,738.0,77
2023-05-10 10:48:22,TA401P4850,TA401P4850,181.0,0.0,0.0,0.0,5,184.5,187.0,5,175.5,185.5,185.5,181.0,4.0,738.0,77
2023-05-10 10:50:14,TA401P4850,TA401P4850,181.0,0.0,0.0,0.0,5,183.5,187.0,5,175.5,185.5,185.5,181.0,4.0,738.0,77
2023-05-10 10:51:01,TA401P4850,TA401P4850,181.0,0.0,0.0,0.0,5,183.5,186.0,5,175.5,185.5,185.5,181.0,4.0,738.0,77
2023-05-10 10:51:05,TA401P4850,TA401P4850,181.0,0.0,0.0,0.0,1,172.0,186.0,5,175.5,185.5,185.5,181.0,4.0,738.0,77
2023-05-10 10:51:07,TA401P4850,TA401P4850,181.0,0.0,0.0,0.0,5,182.0,186.0,5,175.5,185.5,185.5,181.0,4.0,738.0,77
2023-05-10 10:51:12,TA401P4850,TA401P4850,181.0,0.0,0.0,0.0,5,183.0,186.0,5,175.5,185.5,185.5,181.0,4.0,738.0,77
2023-05-10 10:55:24,TA401P4850,TA401P4850,181.0,0.0,0.0,0.0,5,183.0,187.0,5,175.5,185.5,185.5,181.0,4.0,738.0,77
2023-05-10 10:55:44,TA401P4850,TA401P4850,181.0,0.0,0.0,0.0,5,183.0,186.0,5,175.5,185.5,185.5,181.0,4.0,738.0,77
2023-05-10 10:58:02,TA401P4850,TA401P4850,181.0,0.0,0.0,0.0,5,183.0,187.0,5,175.5,185.5,185.5,181.0,4.0,738.0,77
2023-05-10 10:58:03,TA401P4850,TA401P4850,181.0,0.0,0.0,0.0,5,184.0,187.0,5,175.5,185.5,185.5,181.0,4.0,738.0,77
2023-05-10 10:59:11,TA401P4850,TA401P4850,181.0,0.0,0.0,0.0,5,183.0,187.0,5,175.5,185.5,185.5,181.0,4.0,738.0,77
2023-05-10 10:59:12,TA401P4850,TA401P4850,181.0,0.0,0.0,0.0,5,183.0,186.0,5,175.5,185.5,185.5,181.0,4.0,738.0,77
2023-05-10 11:00:10,TA401P4850,TA401P4850,181.0,0.0,0.0,0.0,1,172.0,186.0,5,175.5,185.5,185.5,181.0,4.0,738.0,77
2023-05-10 11:00:17,TA401P4850,TA401P4850,181.0,0.0,0.0,0.0,5,181.5,186.0,5,175.5,185.5,185.5,181.0,4.0,738.0,77
2023-05-10 11:00:22,TA401P4850,TA401P4850,181.0,0.0,0.0,0.0,5,181.5,185.0,5,175.5,185.5,185.5,181.0,4.0,738.0,77
2023-05-10 11:04:50,TA401P4850,TA401P4850,181.0,0.0,0.0,0.0,5,182.5,185.0,5,175.5,185.5,185.5,181.0,4.0,738.0,77
2023-05-10 11:05:18,TA401P4850,TA401P4850,181.0,0.0,0.0,0.0,5,181.5,185.0,5,175.5,185.5,185.5,181.0,4.0,738.0,77
2023-05-10 11:05:20,TA401P4850,TA401P4850,181.0,0.0,0.0,0.0,5,181.5,184.0,5,175.5,185.5,185.5,181.0,4.0,738.0,77
2023-05-10 11:08:47,TA401P4850,TA401P4850,181.0,0.0,0.0,0.0,5,181.5,185.0,5,175.5,185.5,185.5,181.0,4.0,738.0,77
2023-05-10 11:10:57,TA401P4850,TA401P4850,181.0,0.0,0.0,0.0,5,181.5,184.5,5,175.5,185.5,185.5,181.0,4.0,738.0,77
2023-05-10 11:12:06,TA401P4850,TA401P4850,181.0,0.0,0.0,0.0,5,182.0,185.0,5,175.5,185.5,185.5,181.0,4.0,738.0,77
2023-05-10 11:15:04,TA401P4850,TA401P4850,181.0,0.0,0.0,0.0,5,182.0,244.5,1,175.5,185.5,185.5,181.0,4.0,738.0,77
2023-05-10 11:15:05,TA401P4850,TA401P4850,181.0,0.0,0.0,0.0,5,182.0,239.0,1,175.5,185.5,185.5,181.0,4.0,738.0,77
2023-05-10 11:15:05,TA401P4850,TA401P4850,181.0,0.0,0.0,0.0,5,182.0,193.5,1,175.5,185.5,185.5,181.0,4.0,738.0,77
2023-05-10 11:15:06,TA401P4850,TA401P4850,181.0,0.0,0.0,0.0,5,182.0,186.0,5,175.5,185.5,185.5,181.0,4.0,738.0,77
2023-05-10 11:15:33,TA401P4850,TA401P4850,181.0,0.0,0.0,0.0,5,182.5,186.0,5,175.5,185.5,185.5,181.0,4.0,738.0,77
2023-05-10 11:15:38,TA401P4850,TA401P4850,181.0,0.0,0.0,0.0,5,183.0,186.0,5,175.5,185.5,185.5,181.0,4.0,738.0,77
2023-05-10 11:15:46,TA401P4850,TA401P4850,181.0,0.0,0.0,0.0,5,183.5,186.0,5,175.5,185.5,185.5,181.0,4.0,738.0,77
2023-05-10 11:15:47,TA401P4850,TA401P4850,181.0,0.0,0.0,0.0,5,183.5,193.5,1,175.5,185.5,185.5,181.0,4.0,738.0,77
2023-05-10 11:15:48,TA401P4850,TA401P4850,181.0,0.0,0.0,0.0,5,183.5,187.5,5,175.5,185.5,185.5,181.0,4.0,738.0,77
2023-05-10 11:15:57,TA401P4850,TA401P4850,181.0,0.0,0.0,0.0,5,184.0,187.5,5,175.5,185.5,185.5,181.0,4.0,738.0,77
2023-05-10 11:16:01,TA401P4850,TA401P4850,181.0,0.0,0.0,0.0,5,184.5,187.5,5,175.5,185.5,185.5,181.0,4.0,738.0,77
2023-05-10 11:16:29,TA401P4850,TA401P4850,181.0,0.0,0.0,0.0,5,185.0,187.5,5,175.5,185.5,185.5,181.0,4.0,738.0,77
2023-05-10 11:16:30,TA401P4850,TA401P4850,181.0,0.0,0.0,0.0,5,185.0,189.0,5,175.5,185.5,185.5,181.0,4.0,738.0,77
2023-05-10 11:16:49,TA401P4850,TA401P4850,181.0,0.0,0.0,0.0,5,185.0,188.0,5,175.5,185.5,185.5,181.0,4.0,738.0,77
2023-05-10 11:17:19,TA401P4850,TA401P4850,181.0,0.0,0.0,0.0,5,184.5,188.0,5,175.5,185.5,185.5,181.0,4.0,738.0,77
2023-05-10 11:17:20,TA401P4850,TA401P4850,181.0,0.0,0.0,0.0,5,184.5,187.0,5,175.5,185.5,185.5,181.0,4.0,738.0,77
2023-05-10 11:20:03,TA401P4850,TA401P4850,181.0,0.0,0.0,0.0,1,151.5,187.0,5,175.5,185.5,185.5,181.0,4.0,738.0,77
2023-05-10 11:20:04,TA401P4850,TA401P4850,181.0,0.0,0.0,0.0,2,155.5,187.0,5,175.5,185.5,185.5,181.0,4.0,738.0,77
2023-05-10 11:20:04,TA401P4850,TA401P4850,181.0,0.0,0.0,0.0,5,183.0,187.0,5,175.5,185.5,185.5,181.0,4.0,738.0,77
2023-05-10 11:22:15,TA401P4850,TA401P4850,181.0,0.0,0.0,0.0,5,183.0,186.0,5,175.5,185.5,185.5,181.0,4.0,738.0,77
2023-05-10 11:23:50,TA401P4850,TA401P4850,181.0,0.0,0.0,0.0,5,183.0,187.0,5,175.5,185.5,185.5,181.0,4.0,738.0,77
2023-05-10 11:25:24,TA401P4850,TA401P4850,181.0,0.0,0.0,0.0,5,184.0,187.0,5,175.5,185.5,185.5,181.0,4.0,738.0,77
2023-05-10 11:25:49,TA401P4850,TA401P4850,181.0,0.0,0.0,0.0,5,184.0,193.5,1,175.5,185.5,185.5,181.0,4.0,738.0,77
2023-05-10 11:25:52,TA401P4850,TA401P4850,181.0,0.0,0.0,0.0,5,184.0,188.5,5,175.5,185.5,185.5,181.0,4.0,738.0,77
2023-05-10 11:27:22,TA401P4850,TA401P4850,181.0,0.0,0.0,0.0,5,184.0,187.5,5,175.5,185.5,185.5,181.0,4.0,738.0,77
2023-05-10 11:29:02,TA401P4850,TA401P4850,181.0,0.0,0.0,0.0,5,184.0,187.0,5,175.5,185.5,185.5,181.0,4.0,738.0,77
2023-05-10 11:29:18,TA401P4850,TA401P4850,181.0,0.0,0.0,0.0,5,184.0,186.5,5,175.5,185.5,185.5,181.0,4.0,738.0,77
2023-05-10 11:29:25,TA401P4850,TA401P4850,181.0,0.0,0.0,0.0,1,176.0,193.5,1,175.5,185.5,185.5,181.0,4.0,738.0,77
2023-05-10 11:29:29,TA401P4850,TA401P4850,181.0,0.0,0.0,0.0,1,133.5,262.5,1,175.5,185.5,185.5,181.0,4.0,738.0,77
2023-05-10 11:29:46,TA401P4850,TA401P4850,181.0,0.0,0.0,0.0,1,80.5,262.5,1,175.5,185.5,185.5,181.0,4.0,738.0,77
2023-05-10 13:30:08,TA401P4850,TA401P4850,181.0,0.0,0.0,0.0,1,78.5,262.5,1,175.5,185.5,185.5,181.0,4.0,738.0,77
2023-05-10 13:30:28,TA401P4850,TA401P4850,181.0,0.0,0.0,0.0,1,106.5,262.5,1,175.5,185.5,185.5,181.0,4.0,738.0,77
2023-05-10 13:31:01,TA401P4850,TA401P4850,181.0,0.0,0.0,0.0,5,182.0,262.5,1,175.5,185.5,185.5,181.0,4.0,738.0,77
2023-05-10 13:31:02,TA401P4850,TA401P4850,181.0,0.0,0.0,0.0,5,182.0,185.5,5,175.5,185.5,185.5,181.0,4.0,738.0,77
2023-05-10 13:31:26,TA401P4850,TA401P4850,181.0,0.0,0.0,0.0,5,183.0,185.5,5,175.5,185.5,185.5,181.0,4.0,738.0,77
2023-05-10 13:32:04,TA401P4850,TA401P4850,181.0,0.0,0.0,0.0,5,183.0,262.5,1,175.5,185.5,185.5,181.0,4.0,738.0,77
2023-05-10 13:32:06,TA401P4850,TA401P4850,181.0,0.0,0.0,0.0,5,183.0,186.5,5,175.5,185.5,185.5,181.0,4.0,738.0,77
2023-05-10 13:33:05,TA401P4850,TA401P4850,181.0,0.0,0.0,0.0,5,183.0,185.5,5,175.5,185.5,185.5,181.0,4.0,738.0,77
2023-05-10 13:33:14,TA401P4850,TA401P4850,181.0,0.0,0.0,0.0,5,182.0,185.5,5,175.5,185.5,185.5,181.0,4.0,738.0,77
2023-05-10 13:33:46,TA401P4850,TA401P4850,181.0,0.0,0.0,0.0,5,182.0,184.5,5,175.5,185.5,185.5,181.0,4.0,738.0,77
2023-05-10 13:35:05,TA401P4850,TA401P4850,181.0,0.0,0.0,0.0,5,182.0,185.5,5,175.5,185.5,185.5,181.0,4.0,738.0,77
2023-05-10 13:35:12,TA401P4850,TA401P4850,181.0,0.0,0.0,0.0,5,182.5,185.5,5,175.5,185.5,185.5,181.0,4.0,738.0,77
2023-05-10 13:38:52,TA401P4850,TA401P4850,181.0,0.0,0.0,0.0,5,182.0,185.5,5,175.5,185.5,185.5,181.0,4.0,738.0,77
2023-05-10 13:38:53,TA401P4850,TA401P4850,181.0,0.0,0.0,0.0,5,182.0,184.5,5,175.5,185.5,185.5,181.0,4.0,738.0,77
2023-05-10 13:39:29,TA401P4850,TA401P4850,181.0,0.0,0.0,0.0,5,182.0,185.5,5,175.5,185.5,185.5,181.0,4.0,738.0,77
2023-05-10 13:40:17,TA401P4850,TA401P4850,181.0,0.0,0.0,0.0,5,183.0,185.5,5,175.5,185.5,185.5,181.0,4.0,738.0,77
2023-05-10 13:40:23,TA401P4850,TA401P4850,181.0,0.0,0.0,0.0,5,183.0,187.0,5,175.5,185.5,185.5,181.0,4.0,738.0,77
2023-05-10 13:40:33,TA401P4850,TA401P4850,181.0,0.0,0.0,0.0,5,184.0,187.0,5,175.5,185.5,185.5,181.0,4.0,738.0,77
2023-05-10 13:41:07,TA401P4850,TA401P4850,181.0,0.0,0.0,0.0,5,184.0,262.5,1,175.5,185.5,185.5,181.0,4.0,738.0,77
2023-05-10 13:41:09,TA401P4850,TA401P4850,181.0,0.0,0.0,0.0,5,184.0,257.0,1,175.5,185.5,185.5,181.0,4.0,738.0,77
2023-05-10 13:41:10,TA401P4850,TA401P4850,181.0,0.0,0.0,0.0,5,184.0,211.5,1,175.5,185.5,185.5,181.0,4.0,738.0,77
2023-05-10 13:41:11,TA401P4850,TA401P4850,181.0,0.0,0.0,0.0,5,184.0,188.0,5,175.5,185.5,185.5,181.0,4.0,738.0,77
2023-05-10 13:41:46,TA401P4850,TA401P4850,181.0,0.0,0.0,0.0,5,185.0,188.0,5,175.5,185.5,185.5,181.0,4.0,738.0,77
2023-05-10 13:45:18,TA401P4850,TA401P4850,181.0,0.0,0.0,0.0,5,184.0,187.0,5,175.5,185.5,185.5,181.0,4.0,738.0,77
2023-05-10 13:48:09,TA401P4850,TA401P4850,181.0,0.0,0.0,0.0,5,185.0,188.0,5,175.5,185.5,185.5,181.0,4.0,738.0,77
2023-05-10 13:49:48,TA401P4850,TA401P4850,181.0,0.0,0.0,0.0,5,185.0,211.5,1,175.5,185.5,185.5,181.0,4.0,738.0,77
2023-05-10 13:49:49,TA401P4850,TA401P4850,181.0,0.0,0.0,0.0,5,186.0,189.5,5,175.5,185.5,185.5,181.0,4.0,738.0,77
2023-05-10 13:51:14,TA401P4850,TA401P4850,181.0,0.0,0.0,0.0,5,187.0,189.5,5,175.5,185.5,185.5,181.0,4.0,738.0,77
2023-05-10 13:54:35,TA401P4850,TA401P4850,181.0,0.0,0.0,0.0,5,186.0,189.5,5,175.5,185.5,185.5,181.0,4.0,738.0,77
2023-05-10 13:55:00,TA401P4850,TA401P4850,181.0,0.0,0.0,0.0,5,186.0,188.5,5,175.5,185.5,185.5,181.0,4.0,738.0,77
2023-05-10 13:55:52,TA401P4850,TA401P4850,181.0,0.0,0.0,0.0,1,106.5,188.5,5,175.5,185.5,185.5,181.0,4.0,738.0,77
2023-05-10 13:55:53,TA401P4850,TA401P4850,181.0,0.0,0.0,0.0,2,114.5,188.5,5,175.5,185.5,185.5,181.0,4.0,738.0,77
2023-05-10 13:55:53,TA401P4850,TA401P4850,181.0,0.0,0.0,0.0,5,184.5,188.5,5,175.5,185.5,185.5,181.0,4.0,738.0,77
2023-05-10 13:57:09,TA401P4850,TA401P4850,181.0,0.0,0.0,0.0,5,185.0,188.5,5,175.5,185.5,185.5,181.0,4.0,738.0,77
2023-05-10 14:01:22,TA401P4850,TA401P4850,181.0,0.0,0.0,0.0,5,185.5,188.5,5,175.5,185.5,185.5,181.0,4.0,738.0,77
2023-05-10 14:02:02,TA401P4850,TA401P4850,181.0,0.0,0.0,0.0,5,186.5,189.5,5,175.5,185.5,185.5,181.0,4.0,738.0,77
2023-05-10 14:08:26,TA401P4850,TA401P4850,181.0,0.0,0.0,0.0,5,186.5,189.0,5,175.5,185.5,185.5,181.0,4.0,738.0,77
2023-05-10 14:09:36,TA401P4850,TA401P4850,181.0,0.0,0.0,0.0,5,186.5,189.5,5,175.5,185.5,185.5,181.0,4.0,738.0,77
2023-05-10 14:10:23,TA401P4850,TA401P4850,181.0,0.0,0.0,0.0,5,186.5,189.0,5,175.5,185.5,185.5,181.0,4.0,738.0,77
2023-05-10 14:10:48,TA401P4850,TA401P4850,181.0,0.0,0.0,0.0,5,185.5,189.0,5,175.5,185.5,185.5,181.0,4.0,738.0,77
2023-05-10 14:10:59,TA401P4850,TA401P4850,181.0,0.0,0.0,0.0,5,185.5,188.5,5,175.5,185.5,185.5,181.0,4.0,738.0,77
2023-05-10 14:14:23,TA401P4850,TA401P4850,181.0,0.0,0.0,0.0,5,186.0,188.5,5,175.5,185.5,185.5,181.0,4.0,738.0,77
2023-05-10 14:14:38,TA401P4850,TA401P4850,181.0,0.0,0.0,0.0,5,186.0,189.0,5,175.5,185.5,185.5,181.0,4.0,738.0,77
2023-05-10 14:15:12,TA401P4850,TA401P4850,181.0,0.0,0.0,0.0,5,186.0,188.0,5,175.5,185.5,185.5,181.0,4.0,738.0,77
2023-05-10 14:15:15,TA401P4850,TA401P4850,181.0,0.0,0.0,0.0,5,185.5,188.0,5,175.5,185.5,185.5,181.0,4.0,738.0,77
2023-05-10 14:15:43,TA401P4850,TA401P4850,181.0,0.0,0.0,0.0,5,185.5,189.0,5,175.5,185.5,185.5,181.0,4.0,738.0,77
2023-05-10 14:16:11,TA401P4850,TA401P4850,181.0,0.0,0.0,0.0,5,186.0,189.0,5,175.5,185.5,185.5,181.0,4.0,738.0,77
2023-05-10 14:17:04,TA401P4850,TA401P4850,181.0,0.0,0.0,0.0,5,185.5,189.0,5,175.5,185.5,185.5,181.0,4.0,738.0,77
2023-05-10 14:17:05,TA401P4850,TA401P4850,181.0,0.0,0.0,0.0,5,185.5,188.0,5,175.5,185.5,185.5,181.0,4.0,738.0,77
2023-05-10 14:17:16,TA401P4850,TA401P4850,181.0,0.0,0.0,0.0,1,160.0,188.0,5,175.5,185.5,185.5,181.0,4.0,738.0,77
2023-05-10 14:17:16,TA401P4850,TA401P4850,181.0,0.0,0.0,0.0,2,160.5,188.0,5,175.5,185.5,185.5,181.0,4.0,738.0,77
2023-05-10 14:17:16,TA401P4850,TA401P4850,181.0,0.0,0.0,0.0,1,177.0,188.0,5,175.5,185.5,185.5,181.0,4.0,738.0,77
2023-05-10 14:17:17,TA401P4850,TA401P4850,181.0,0.0,0.0,0.0,5,184.0,188.0,5,175.5,185.5,185.5,181.0,4.0,738.0,77
2023-05-10 14:18:01,TA401P4850,TA401P4850,181.0,0.0,0.0,0.0,5,184.0,187.5,5,175.5,185.5,185.5,181.0,4.0,738.0,77
2023-05-10 14:18:51,TA401P4850,TA401P4850,181.0,0.0,0.0,0.0,5,184.5,187.5,5,175.5,185.5,185.5,181.0,4.0,738.0,77
2023-05-10 14:19:01,TA401P4850,TA401P4850,181.0,0.0,0.0,0.0,5,185.0,187.5,5,175.5,185.5,185.5,181.0,4.0,738.0,77
2023-05-10 14:19:16,TA401P4850,TA401P4850,181.0,0.0,0.0,0.0,5,185.0,188.0,5,175.5,185.5,185.5,181.0,4.0,738.0,77
2023-05-10 14:19:20,TA401P4850,TA401P4850,181.0,0.0,0.0,0.0,5,185.5,188.0,5,175.5,185.5,185.5,181.0,4.0,738.0,77
2023-05-10 14:19:21,TA401P4850,TA401P4850,181.0,0.0,0.0,0.0,5,185.5,211.5,1,175.5,185.5,185.5,181.0,4.0,738.0,77
2023-05-10 14:19:24,TA401P4850,TA401P4850,181.0,0.0,0.0,0.0,5,185.5,189.5,5,175.5,185.5,185.5,181.0,4.0,738.0,77
2023-05-10 14:19:46,TA401P4850,TA401P4850,181.0,0.0,0.0,0.0,5,186.0,189.5,5,175.5,185.5,185.5,181.0,4.0,738.0,77
2023-05-10 14:20:07,TA401P4850,TA401P4850,181.0,0.0,0.0,0.0,5,186.0,189.0,5,175.5,185.5,185.5,181.0,4.0,738.0,77
2023-05-10 14:24:54,TA401P4850,TA401P4850,181.0,0.0,0.0,0.0,5,186.5,189.0,5,175.5,185.5,185.5,181.0,4.0,738.0,77
2023-05-10 14:24:55,TA401P4850,TA401P4850,181.0,0.0,0.0,0.0,5,186.5,189.5,5,175.5,185.5,185.5,181.0,4.0,738.0,77
2023-05-10 14:26:28,TA401P4850,TA401P4850,181.0,0.0,0.0,0.0,5,186.5,188.5,5,175.5,185.5,185.5,181.0,4.0,738.0,77
2023-05-10 14:26:50,TA401P4850,TA401P4850,181.0,0.0,0.0,0.0,5,186.5,189.5,5,175.5,185.5,185.5,181.0,4.0,738.0,77
2023-05-10 14:28:05,TA401P4850,TA401P4850,181.0,0.0,0.0,0.0,5,187.0,189.5,5,175.5,185.5,185.5,181.0,4.0,738.0,77
2023-05-10 14:28:11,TA401P4850,TA401P4850,181.0,0.0,0.0,0.0,5,187.0,211.5,1,175.5,185.5,185.5,181.0,4.0,738.0,77
2023-05-10 14:28:11,TA401P4850,TA401P4850,181.0,0.0,0.0,0.0,5,187.0,191.0,5,175.5,185.5,185.5,181.0,4.0,738.0,77
2023-05-10 14:28:23,TA401P4850,TA401P4850,181.0,0.0,0.0,0.0,5,188.0,191.0,5,175.5,185.5,185.5,181.0,4.0,738.0,77
2023-05-10 14:28:36,TA401P4850,TA401P4850,181.0,0.0,0.0,0.0,5,188.5,191.0,5,175.5,185.5,185.5,181.0,4.0,738.0,77
2023-05-10 14:30:00,TA401P4850,TA401P4850,181.0,0.0,0.0,0.0,5,188.5,211.5,1,175.5,185.5,185.5,181.0,4.0,738.0,77
2023-05-10 14:30:01,TA401P4850,TA401P4850,181.0,0.0,0.0,0.0,5,188.5,192.0,5,175.5,185.5,185.5,181.0,4.0,738.0,77
2023-05-10 14:30:57,TA401P4850,TA401P4850,181.0,0.0,0.0,0.0,5,189.0,192.0,5,175.5,185.5,185.5,181.0,4.0,738.0,77
2023-05-10 14:31:44,TA401P4850,TA401P4850,181.0,0.0,0.0,0.0,5,189.5,192.0,5,175.5,185.5,185.5,181.0,4.0,738.0,77
2023-05-10 14:31:53,TA401P4850,TA401P4850,181.0,0.0,0.0,0.0,5,189.5,211.5,1,175.5,185.5,185.5,181.0,4.0,738.0,77
2023-05-10 14:31:54,TA401P4850,TA401P4850,181.0,0.0,0.0,0.0,5,189.5,193.5,5,175.5,185.5,185.5,181.0,4.0,738.0,77
2023-05-10 14:31:58,TA401P4850,TA401P4850,181.0,0.0,0.0,0.0,5,190.5,193.5,5,175.5,185.5,185.5,181.0,4.0,738.0,77
2023-05-10 14:33:02,TA401P4850,TA401P4850,181.0,0.0,0.0,0.0,5,191.0,193.5,5,175.5,185.5,185.5,181.0,4.0,738.0,77
2023-05-10 14:33:03,TA401P4850,TA401P4850,181.0,0.0,0.0,0.0,5,191.0,211.5,1,175.5,185.5,185.5,181.0,4.0,738.0,77
2023-05-10 14:33:05,TA401P4850,TA401P4850,181.0,0.0,0.0,0.0,5,191.0,195.0,5,175.5,185.5,185.5,181.0,4.0,738.0,77
2023-05-10 14:33:09,TA401P4850,TA401P4850,181.0,0.0,0.0,0.0,5,191.5,195.0,5,175.5,185.5,185.5,181.0,4.0,738.0,77
2023-05-10 14:33:13,TA401P4850,TA401P4850,181.0,0.0,0.0,0.0,5,191.5,211.5,1,175.5,185.5,185.5,181.0,4.0,738.0,77
2023-05-10 14:33:14,TA401P4850,TA401P4850,181.0,0.0,0.0,0.0,5,191.5,196.0,5,175.5,185.5,185.5,181.0,4.0,738.0,77
2023-05-10 14:33:17,TA401P4850,TA401P4850,181.0,0.0,0.0,0.0,5,193.0,196.0,5,175.5,185.5,185.5,181.0,4.0,738.0,77
2023-05-10 14:34:10,TA401P4850,TA401P4850,181.0,0.0,0.0,0.0,5,193.0,211.5,1,175.5,185.5,185.5,181.0,4.0,738.0,77
2023-05-10 14:34:11,TA401P4850,TA401P4850,181.0,0.0,0.0,0.0,5,194.0,211.5,1,175.5,185.5,185.5,181.0,4.0,738.0,77
2023-05-10 14:34:13,TA401P4850,TA401P4850,181.0,0.0,0.0,0.0,5,194.0,197.5,5,175.5,185.5,185.5,181.0,4.0,738.0,77
2023-05-10 14:34:31,TA401P4850,TA401P4850,181.0,0.0,0.0,0.0,5,194.5,197.5,5,175.5,185.5,185.5,181.0,4.0,738.0,77
2023-05-10 14:34:34,TA401P4850,TA401P4850,181.0,0.0,0.0,0.0,5,194.5,211.5,1,175.5,185.5,185.5,181.0,4.0,738.0,77
2023-05-10 14:34:34,TA401P4850,TA401P4850,181.0,0.0,0.0,0.0,5,194.5,198.5,5,175.5,185.5,185.5,181.0,4.0,738.0,77
2023-05-10 14:34:38,TA401P4850,TA401P4850,181.0,0.0,0.0,0.0,5,194.5,197.5,5,175.5,185.5,185.5,181.0,4.0,738.0,77
2023-05-10 14:34:54,TA401P4850,TA401P4850,181.0,0.0,0.0,0.0,5,194.5,198.5,5,175.5,185.5,185.5,181.0,4.0,738.0,77
2023-05-10 14:34:57,TA401P4850,TA401P4850,181.0,0.0,0.0,0.0,5,195.5,198.5,5,175.5,185.5,185.5,181.0,4.0,738.0,77
2023-05-10 14:37:52,TA401P4850,TA401P4850,181.0,0.0,0.0,0.0,5,195.5,211.5,1,175.5,185.5,185.5,181.0,4.0,738.0,77
2023-05-10 14:37:53,TA401P4850,TA401P4850,181.0,0.0,0.0,0.0,5,196.5,211.5,1,175.5,185.5,185.5,181.0,4.0,738.0,77
2023-05-10 14:37:55,TA401P4850,TA401P4850,181.0,0.0,0.0,0.0,5,196.5,200.5,5,175.5,185.5,185.5,181.0,4.0,738.0,77
2023-05-10 14:38:33,TA401P4850,TA401P4850,181.0,0.0,0.0,0.0,5,197.5,200.5,5,175.5,185.5,185.5,181.0,4.0,738.0,77
2023-05-10 14:38:43,TA401P4850,TA401P4850,181.0,0.0,0.0,0.0,5,197.5,211.5,1,175.5,185.5,185.5,181.0,4.0,738.0,77
2023-05-10 14:38:44,TA401P4850,TA401P4850,181.0,0.0,0.0,0.0,5,197.5,202.0,5,175.5,185.5,185.5,181.0,4.0,738.0,77
2023-05-10 14:38:52,TA401P4850,TA401P4850,181.0,0.0,0.0,0.0,5,198.5,202.0,5,175.5,185.5,185.5,181.0,4.0,738.0,77
2023-05-10 14:39:11,TA401P4850,TA401P4850,181.0,0.0,0.0,0.0,5,199.5,202.0,5,175.5,185.5,185.5,181.0,4.0,738.0,77
2023-05-10 14:39:12,TA401P4850,TA401P4850,181.0,0.0,0.0,0.0,5,199.5,211.5,1,175.5,185.5,185.5,181.0,4.0,738.0,77
2023-05-10 14:39:14,TA401P4850,TA401P4850,181.0,0.0,0.0,0.0,5,199.5,204.0,5,175.5,185.5,185.5,181.0,4.0,738.0,77
2023-05-10 14:39:20,TA401P4850,TA401P4850,181.0,0.0,0.0,0.0,5,199.5,202.5,5,175.5,185.5,185.5,181.0,4.0,738.0,77
2023-05-10 14:39:59,TA401P4850,TA401P4850,181.0,0.0,0.0,0.0,5,199.5,204.0,5,175.5,185.5,185.5,181.0,4.0,738.0,77
2023-05-10 14:40:02,TA401P4850,TA401P4850,181.0,0.0,0.0,0.0,5,200.5,204.0,5,175.5,185.5,185.5,181.0,4.0,738.0,77
2023-05-10 14:40:34,TA401P4850,TA401P4850,181.0,0.0,0.0,0.0,5,200.5,203.0,5,175.5,185.5,185.5,181.0,4.0,738.0,77
2023-05-10 14:40:37,TA401P4850,TA401P4850,181.0,0.0,0.0,0.0,5,199.5,203.0,5,175.5,185.5,185.5,181.0,4.0,738.0,77
2023-05-10 14:40:39,TA401P4850,TA401P4850,181.0,0.0,0.0,0.0,1,177.0,203.0,5,175.5,185.5,185.5,181.0,4.0,738.0,77
2023-05-10 14:40:40,TA401P4850,TA401P4850,181.0,0.0,0.0,0.0,2,177.5,203.0,5,175.5,185.5,185.5,181.0,4.0,738.0,77
2023-05-10 14:40:40,TA401P4850,TA401P4850,181.0,0.0,0.0,0.0,1,190.0,203.0,5,175.5,185.5,185.5,181.0,4.0,738.0,77
2023-05-10 14:40:42,TA401P4850,TA401P4850,181.0,0.0,0.0,0.0,1,190.0,201.5,5,175.5,185.5,185.5,181.0,4.0,738.0,77
2023-05-10 14:40:47,TA401P4850,TA401P4850,181.0,0.0,0.0,0.0,5,197.0,201.5,5,175.5,185.5,185.5,181.0,4.0,738.0,77
2023-05-10 14:40:57,TA401P4850,TA401P4850,181.0,0.0,0.0,0.0,5,197.0,200.5,5,175.5,185.5,185.5,181.0,4.0,738.0,77
2023-05-10 14:41:28,TA401P4850,TA401P4850,181.0,0.0,0.0,0.0,1,190.0,200.5,5,175.5,185.5,185.5,181.0,4.0,738.0,77
2023-05-10 14:41:30,TA401P4850,TA401P4850,181.0,0.0,0.0,0.0,5,195.0,199.5,5,175.5,185.5,185.5,181.0,4.0,738.0,77
2023-05-10 14:42:06,TA401P4850,TA401P4850,181.0,0.0,0.0,0.0,5,195.0,198.5,5,175.5,185.5,185.5,181.0,4.0,738.0,77
2023-05-10 14:42:40,TA401P4850,TA401P4850,181.0,0.0,0.0,0.0,1,190.0,198.5,5,175.5,185.5,185.5,181.0,4.0,738.0,77
2023-05-10 14:42:41,TA401P4850,TA401P4850,181.0,0.0,0.0,0.0,5,193.0,198.5,5,175.5,185.5,185.5,181.0,4.0,738.0,77
2023-05-10 14:42:45,TA401P4850,TA401P4850,181.0,0.0,0.0,0.0,5,193.0,197.5,5,175.5,185.5,185.5,181.0,4.0,738.0,77
2023-05-10 14:43:50,TA401P4850,TA401P4850,181.0,0.0,0.0,0.0,5,193.0,196.5,5,175.5,185.5,185.5,181.0,4.0,738.0,77
2023-05-10 14:44:01,TA401P4850,TA401P4850,181.0,0.0,0.0,0.0,1,190.0,196.5,5,175.5,185.5,185.5,181.0,4.0,738.0,77
2023-05-10 14:44:04,TA401P4850,TA401P4850,181.0,0.0,0.0,0.0,1,190.0,195.5,5,175.5,185.5,185.5,181.0,4.0,738.0,77
2023-05-10 14:44:05,TA401P4850,TA401P4850,181.0,0.0,0.0,0.0,5,190.5,195.5,5,175.5,185.5,185.5,181.0,4.0,738.0,77
2023-05-10 14:45:26,TA401P4850,TA401P4850,181.0,0.0,0.0,0.0,5,190.5,194.5,5,175.5,185.5,185.5,181.0,4.0,738.0,77
2023-05-10 14:46:22,TA401P4850,TA401P4850,181.0,0.0,0.0,0.0,5,188.0,194.5,5,175.5,185.5,185.5,181.0,4.0,738.0,77
2023-05-10 14:46:52,TA401P4850,TA401P4850,181.0,0.0,0.0,0.0,5,188.0,193.0,5,175.5,185.5,185.5,181.0,4.0,738.0,77
2023-05-10 14:47:29,TA401P4850,TA401P4850,181.0,0.0,0.0,0.0,5,189.5,193.0,5,175.5,185.5,185.5,181.0,4.0,738.0,77
2023-05-10 14:48:55,TA401P4850,TA401P4850,181.0,0.0,0.0,0.0,5,188.0,193.0,5,175.5,185.5,185.5,181.0,4.0,738.0,77
2023-05-10 14:49:11,TA401P4850,TA401P4850,181.0,0.0,0.0,0.0,5,188.0,191.5,5,175.5,185.5,185.5,181.0,4.0,738.0,77
2023-05-10 14:58:00,TA401P4850,TA401P4850,181.0,0.0,0.0,0.0,5,188.0,193.0,5,175.5,185.5,185.5,181.0,4.0,738.0,77
2023-05-10 14:58:48,TA401P4850,TA401P4850,181.0,0.0,0.0,0.0,5,188.0,192.0,5,175.5,185.5,185.5,181.0,4.0,738.0,77
2023-05-10 14:58:55,TA401P4850,TA401P4850,181.0,0.0,0.0,0.0,1,124.5,244.5,1,175.5,185.5,185.5,181.0,4.0,738.0,77
2023-05-10 14:58:56,TA401P4850,TA401P4850,181.0,0.0,0.0,0.0,2,132.5,239.0,1,175.5,185.5,185.5,181.0,4.0,738.0,77
2023-05-10 14:58:57,TA401P4850,TA401P4850,181.0,0.0,0.0,0.0,1,178.0,198.5,1,175.5,185.5,185.5,181.0,4.0,738.0,77
2023-05-10 14:59:15,TA401P4850,TA401P4850,181.0,0.0,0.0,0.0,1,178.0,262.5,1,175.5,185.5,185.5,181.0,4.0,738.0,77
2023-05-10 14:59:20,TA401P4850,TA401P4850,181.0,0.0,0.0,0.0,1,160.5,262.5,1,175.5,185.5,185.5,181.0,4.0,738.0,77
2023-05-10 14:59:20,TA401P4850,TA401P4850,181.0,0.0,0.0,0.0,1,160.5,262.5,1,175.5,185.5,185.5,181.0,4.0,738.0,77
