time,symbol_id,symbol_name,last,trade_volume,trade_amount,open_interest_change,bv1,bp1,ap1,av1,yesterday_close,today_open,today_high,today_low,volume,amount,open_interest
2023-05-09 19:10:58,TA401P4900,TA401P4900,181.0,0.0,0.0,0.0,0,0.0,0.0,0,181.0,0.0,0.0,0.0,0.0,0.0,118
2023-05-09 20:59:00,TA401P4900,TA401P4900,181.0,0.0,0.0,0.0,100,2.0,0.0,0,181.0,0.0,0.0,0.0,0.0,0.0,118
2023-05-09 21:00:00,TA401P4900,TA401P4900,181.0,0.0,0.0,0.0,1,88.5,260.0,1,181.0,0.0,0.0,0.0,0.0,0.0,118
2023-05-09 21:00:02,TA401P4900,TA401P4900,181.0,0.0,0.0,0.0,1,88.5,232.5,1,181.0,0.0,0.0,0.0,0.0,0.0,118
2023-05-09 21:01:11,TA401P4900,TA401P4900,181.0,0.0,0.0,0.0,5,191.5,232.5,1,181.0,0.0,0.0,0.0,0.0,0.0,118
2023-05-09 21:01:17,TA401P4900,TA401P4900,181.0,0.0,0.0,0.0,5,191.5,196.5,5,181.0,0.0,0.0,0.0,0.0,0.0,118
2023-05-09 21:01:22,TA401P4900,TA401P4900,181.0,0.0,0.0,0.0,5,191.5,195.5,5,181.0,0.0,0.0,0.0,0.0,0.0,118
2023-05-09 21:01:34,TA401P4900,TA401P4900,181.0,0.0,0.0,0.0,1,88.5,195.5,5,181.0,0.0,0.0,0.0,0.0,0.0,118
2023-05-09 21:01:34,TA401P4900,TA401P4900,181.0,0.0,0.0,0.0,1,136.0,195.5,5,181.0,0.0,0.0,0.0,0.0,0.0,118
2023-05-09 21:01:36,TA401P4900,TA401P4900,181.0,0.0,0.0,0.0,2,144.0,195.5,5,181.0,0.0,0.0,0.0,0.0,0.0,118
2023-05-09 21:01:36,TA401P4900,TA401P4900,181.0,0.0,0.0,0.0,1,176.5,195.5,5,181.0,0.0,0.0,0.0,0.0,0.0,118
2023-05-09 21:01:36,TA401P4900,TA401P4900,181.0,0.0,0.0,0.0,2,144.0,195.5,5,181.0,0.0,0.0,0.0,0.0,0.0,118
2023-05-09 21:01:36,TA401P4900,TA401P4900,181.0,0.0,0.0,0.0,1,176.5,195.5,5,181.0,0.0,0.0,0.0,0.0,0.0,118
2023-05-09 21:01:39,TA401P4900,TA401P4900,181.0,0.0,0.0,0.0,5,190.0,195.5,5,181.0,0.0,0.0,0.0,0.0,0.0,118
2023-05-09 21:01:45,TA401P4900,TA401P4900,181.0,0.0,0.0,0.0,5,191.5,195.5,5,181.0,0.0,0.0,0.0,0.0,0.0,118
2023-05-09 21:01:52,TA401P4900,TA401P4900,181.0,0.0,0.0,0.0,5,191.5,196.5,5,181.0,0.0,0.0,0.0,0.0,0.0,118
2023-05-09 21:02:10,TA401P4900,TA401P4900,181.0,0.0,0.0,0.0,5,191.5,195.5,5,181.0,0.0,0.0,0.0,0.0,0.0,118
2023-05-09 21:03:24,TA401P4900,TA401P4900,181.0,0.0,0.0,0.0,5,192.5,195.5,5,181.0,0.0,0.0,0.0,0.0,0.0,118
2023-05-09 21:03:53,TA401P4900,TA401P4900,181.0,0.0,0.0,0.0,5,192.5,196.5,5,181.0,0.0,0.0,0.0,0.0,0.0,118
2023-05-09 21:05:57,TA401P4900,TA401P4900,181.0,0.0,0.0,0.0,5,192.5,195.5,5,181.0,0.0,0.0,0.0,0.0,0.0,118
2023-05-09 21:06:04,TA401P4900,TA401P4900,181.0,0.0,0.0,0.0,5,191.5,195.5,5,181.0,0.0,0.0,0.0,0.0,0.0,118
2023-05-09 21:06:23,TA401P4900,TA401P4900,181.0,0.0,0.0,0.0,5,192.5,195.5,5,181.0,0.0,0.0,0.0,0.0,0.0,118
2023-05-09 21:06:30,TA401P4900,TA401P4900,181.0,0.0,0.0,0.0,5,192.5,196.5,5,181.0,0.0,0.0,0.0,0.0,0.0,118
2023-05-09 21:07:17,TA401P4900,TA401P4900,181.0,0.0,0.0,0.0,5,193.5,196.5,5,181.0,0.0,0.0,0.0,0.0,0.0,118
2023-05-09 21:07:18,TA401P4900,TA401P4900,181.0,0.0,0.0,0.0,5,193.5,232.5,1,181.0,0.0,0.0,0.0,0.0,0.0,118
2023-05-09 21:07:18,TA401P4900,TA401P4900,181.0,0.0,0.0,0.0,5,193.5,197.5,5,181.0,0.0,0.0,0.0,0.0,0.0,118
2023-05-09 21:07:40,TA401P4900,TA401P4900,181.0,0.0,0.0,0.0,5,194.5,197.5,5,181.0,0.0,0.0,0.0,0.0,0.0,118
2023-05-09 21:07:58,TA401P4900,TA401P4900,181.0,0.0,0.0,0.0,5,193.5,197.5,5,181.0,0.0,0.0,0.0,0.0,0.0,118
2023-05-09 21:08:01,TA401P4900,TA401P4900,181.0,0.0,0.0,0.0,5,193.5,196.5,5,181.0,0.0,0.0,0.0,0.0,0.0,118
2023-05-09 21:08:16,TA401P4900,TA401P4900,181.0,0.0,0.0,0.0,5,193.5,197.5,5,181.0,0.0,0.0,0.0,0.0,0.0,118
2023-05-09 21:09:12,TA401P4900,TA401P4900,181.0,0.0,0.0,0.0,5,194.5,197.5,5,181.0,0.0,0.0,0.0,0.0,0.0,118
2023-05-09 21:09:51,TA401P4900,TA401P4900,181.0,0.0,0.0,0.0,5,194.5,232.5,1,181.0,0.0,0.0,0.0,0.0,0.0,118
2023-05-09 21:09:52,TA401P4900,TA401P4900,181.0,0.0,0.0,0.0,5,194.5,199.0,5,181.0,0.0,0.0,0.0,0.0,0.0,118
2023-05-09 21:10:02,TA401P4900,TA401P4900,181.0,0.0,0.0,0.0,5,194.5,198.0,5,181.0,0.0,0.0,0.0,0.0,0.0,118
2023-05-09 21:10:08,TA401P4900,TA401P4900,181.0,0.0,0.0,0.0,5,194.5,197.5,5,181.0,0.0,0.0,0.0,0.0,0.0,118
2023-05-09 21:10:37,TA401P4900,TA401P4900,181.0,0.0,0.0,0.0,5,195.0,197.5,5,181.0,0.0,0.0,0.0,0.0,0.0,118
2023-05-09 21:10:43,TA401P4900,TA401P4900,181.0,0.0,0.0,0.0,5,195.0,198.0,5,181.0,0.0,0.0,0.0,0.0,0.0,118
2023-05-09 21:12:06,TA401P4900,TA401P4900,181.0,0.0,0.0,0.0,5,195.5,198.0,5,181.0,0.0,0.0,0.0,0.0,0.0,118
2023-05-09 21:12:26,TA401P4900,TA401P4900,181.0,0.0,0.0,0.0,5,195.0,198.0,5,181.0,0.0,0.0,0.0,0.0,0.0,118
2023-05-09 21:12:55,TA401P4900,TA401P4900,181.0,0.0,0.0,0.0,5,194.0,198.0,5,181.0,0.0,0.0,0.0,0.0,0.0,118
2023-05-09 21:12:58,TA401P4900,TA401P4900,181.0,0.0,0.0,0.0,5,194.5,198.0,5,181.0,0.0,0.0,0.0,0.0,0.0,118
2023-05-09 21:13:03,TA401P4900,TA401P4900,181.0,0.0,0.0,0.0,5,195.0,198.0,5,181.0,0.0,0.0,0.0,0.0,0.0,118
2023-05-09 21:13:05,TA401P4900,TA401P4900,181.0,0.0,0.0,0.0,5,195.0,232.5,1,181.0,0.0,0.0,0.0,0.0,0.0,118
2023-05-09 21:13:06,TA401P4900,TA401P4900,181.0,0.0,0.0,0.0,5,195.0,199.0,5,181.0,0.0,0.0,0.0,0.0,0.0,118
2023-05-09 21:13:07,TA401P4900,TA401P4900,181.0,0.0,0.0,0.0,5,195.0,198.5,5,181.0,0.0,0.0,0.0,0.0,0.0,118
2023-05-09 21:13:26,TA401P4900,TA401P4900,181.0,0.0,0.0,0.0,5,195.0,198.0,5,181.0,0.0,0.0,0.0,0.0,0.0,118
2023-05-09 21:13:27,TA401P4900,TA401P4900,181.0,0.0,0.0,0.0,5,194.5,198.0,5,181.0,0.0,0.0,0.0,0.0,0.0,118
2023-05-09 21:13:29,TA401P4900,TA401P4900,181.0,0.0,0.0,0.0,5,194.5,197.5,5,181.0,0.0,0.0,0.0,0.0,0.0,118
2023-05-09 21:13:38,TA401P4900,TA401P4900,181.0,0.0,0.0,0.0,1,176.5,197.0,5,181.0,0.0,0.0,0.0,0.0,0.0,118
2023-05-09 21:13:40,TA401P4900,TA401P4900,181.0,0.0,0.0,0.0,5,193.5,197.0,5,181.0,0.0,0.0,0.0,0.0,0.0,118
2023-05-09 21:14:01,TA401P4900,TA401P4900,181.0,0.0,0.0,0.0,5,194.0,197.0,5,181.0,0.0,0.0,0.0,0.0,0.0,118
2023-05-09 21:14:21,TA401P4900,TA401P4900,181.0,0.0,0.0,0.0,5,194.0,196.5,5,181.0,0.0,0.0,0.0,0.0,0.0,118
2023-05-09 21:14:22,TA401P4900,TA401P4900,181.0,0.0,0.0,0.0,5,193.5,196.5,5,181.0,0.0,0.0,0.0,0.0,0.0,118
2023-05-09 21:14:54,TA401P4900,TA401P4900,181.0,0.0,0.0,0.0,5,194.0,197.0,5,181.0,0.0,0.0,0.0,0.0,0.0,118
2023-05-09 21:15:04,TA401P4900,TA401P4900,181.0,0.0,0.0,0.0,5,193.5,196.0,5,181.0,0.0,0.0,0.0,0.0,0.0,118
2023-05-09 21:15:05,TA401P4900,TA401P4900,181.0,0.0,0.0,0.0,1,176.5,196.0,5,181.0,0.0,0.0,0.0,0.0,0.0,118
2023-05-09 21:15:08,TA401P4900,TA401P4900,181.0,0.0,0.0,0.0,5,192.5,196.0,5,181.0,0.0,0.0,0.0,0.0,0.0,118
2023-05-09 21:15:10,TA401P4900,TA401P4900,181.0,0.0,0.0,0.0,5,192.5,197.0,5,181.0,0.0,0.0,0.0,0.0,0.0,118
2023-05-09 21:15:13,TA401P4900,TA401P4900,181.0,0.0,0.0,0.0,5,194.5,197.0,5,181.0,0.0,0.0,0.0,0.0,0.0,118
2023-05-09 21:15:27,TA401P4900,TA401P4900,181.0,0.0,0.0,0.0,5,192.5,197.0,5,181.0,0.0,0.0,0.0,0.0,0.0,118
2023-05-09 21:15:29,TA401P4900,TA401P4900,181.0,0.0,0.0,0.0,5,192.5,196.0,5,181.0,0.0,0.0,0.0,0.0,0.0,118
2023-05-09 21:15:35,TA401P4900,TA401P4900,181.0,0.0,0.0,0.0,5,193.0,196.0,5,181.0,0.0,0.0,0.0,0.0,0.0,118
2023-05-09 21:15:37,TA401P4900,TA401P4900,181.0,0.0,0.0,0.0,5,193.5,197.0,5,181.0,0.0,0.0,0.0,0.0,0.0,118
2023-05-09 21:15:53,TA401P4900,TA401P4900,181.0,0.0,0.0,0.0,5,193.5,196.5,5,181.0,0.0,0.0,0.0,0.0,0.0,118
2023-05-09 21:17:24,TA401P4900,TA401P4900,181.0,0.0,0.0,0.0,5,194.0,196.5,5,181.0,0.0,0.0,0.0,0.0,0.0,118
2023-05-09 21:17:37,TA401P4900,TA401P4900,181.0,0.0,0.0,0.0,5,194.0,197.0,5,181.0,0.0,0.0,0.0,0.0,0.0,118
2023-05-09 21:18:08,TA401P4900,TA401P4900,181.0,0.0,0.0,0.0,5,194.0,232.5,1,181.0,0.0,0.0,0.0,0.0,0.0,118
2023-05-09 21:18:10,TA401P4900,TA401P4900,181.0,0.0,0.0,0.0,5,194.0,198.0,5,181.0,0.0,0.0,0.0,0.0,0.0,118
2023-05-09 21:18:14,TA401P4900,TA401P4900,181.0,0.0,0.0,0.0,5,194.5,198.0,5,181.0,0.0,0.0,0.0,0.0,0.0,118
2023-05-09 21:18:45,TA401P4900,TA401P4900,181.0,0.0,0.0,0.0,5,195.0,198.0,5,181.0,0.0,0.0,0.0,0.0,0.0,118
2023-05-09 21:19:01,TA401P4900,TA401P4900,181.0,0.0,0.0,0.0,5,195.0,205.5,1,181.0,0.0,0.0,0.0,0.0,0.0,118
2023-05-09 21:19:02,TA401P4900,TA401P4900,181.0,0.0,0.0,0.0,5,195.5,205.5,1,181.0,0.0,0.0,0.0,0.0,0.0,118
2023-05-09 21:19:03,TA401P4900,TA401P4900,181.0,0.0,0.0,0.0,5,195.5,199.0,5,181.0,0.0,0.0,0.0,0.0,0.0,118
2023-05-09 21:19:46,TA401P4900,TA401P4900,181.0,0.0,0.0,0.0,5,195.5,198.5,5,181.0,0.0,0.0,0.0,0.0,0.0,118
2023-05-09 21:20:36,TA401P4900,TA401P4900,181.0,0.0,0.0,0.0,5,195.5,199.0,5,181.0,0.0,0.0,0.0,0.0,0.0,118
2023-05-09 21:20:37,TA401P4900,TA401P4900,181.0,0.0,0.0,0.0,5,196.5,199.0,5,181.0,0.0,0.0,0.0,0.0,0.0,118
2023-05-09 21:20:41,TA401P4900,TA401P4900,181.0,0.0,0.0,0.0,5,196.5,205.5,1,181.0,0.0,0.0,0.0,0.0,0.0,118
2023-05-09 21:20:43,TA401P4900,TA401P4900,181.0,0.0,0.0,0.0,5,196.5,200.0,5,181.0,0.0,0.0,0.0,0.0,0.0,118
2023-05-09 21:20:46,TA401P4900,TA401P4900,181.0,0.0,0.0,0.0,5,197.0,200.0,5,181.0,0.0,0.0,0.0,0.0,0.0,118
2023-05-09 21:21:03,TA401P4900,TA401P4900,181.0,0.0,0.0,0.0,5,197.0,205.5,1,181.0,0.0,0.0,0.0,0.0,0.0,118
2023-05-09 21:21:07,TA401P4900,TA401P4900,181.0,0.0,0.0,0.0,5,197.0,201.5,5,181.0,0.0,0.0,0.0,0.0,0.0,118
2023-05-09 21:21:11,TA401P4900,TA401P4900,181.0,0.0,0.0,0.0,5,198.0,201.5,5,181.0,0.0,0.0,0.0,0.0,0.0,118
2023-05-09 21:21:16,TA401P4900,TA401P4900,181.0,0.0,0.0,0.0,5,199.0,201.5,5,181.0,0.0,0.0,0.0,0.0,0.0,118
2023-05-09 21:21:25,TA401P4900,TA401P4900,181.0,0.0,0.0,0.0,5,199.0,205.5,1,181.0,0.0,0.0,0.0,0.0,0.0,118
2023-05-09 21:21:26,TA401P4900,TA401P4900,181.0,0.0,0.0,0.0,5,199.0,202.5,5,181.0,0.0,0.0,0.0,0.0,0.0,118
2023-05-09 21:21:36,TA401P4900,TA401P4900,181.0,0.0,0.0,0.0,5,200.0,202.5,5,181.0,0.0,0.0,0.0,0.0,0.0,118
2023-05-09 21:21:48,TA401P4900,TA401P4900,181.0,0.0,0.0,0.0,5,200.0,205.5,1,181.0,0.0,0.0,0.0,0.0,0.0,118
2023-05-09 21:21:50,TA401P4900,TA401P4900,181.0,0.0,0.0,0.0,5,200.0,204.0,5,181.0,0.0,0.0,0.0,0.0,0.0,118
2023-05-09 21:21:52,TA401P4900,TA401P4900,181.0,0.0,0.0,0.0,5,201.0,204.0,5,181.0,0.0,0.0,0.0,0.0,0.0,118
2023-05-09 21:22:01,TA401P4900,TA401P4900,181.0,0.0,0.0,0.0,5,201.0,214.0,1,181.0,0.0,0.0,0.0,0.0,0.0,118
2023-05-09 21:22:04,TA401P4900,TA401P4900,181.0,0.0,0.0,0.0,5,201.0,205.0,5,181.0,0.0,0.0,0.0,0.0,0.0,118
2023-05-09 21:22:05,TA401P4900,TA401P4900,181.0,0.0,0.0,0.0,5,201.5,205.0,5,181.0,0.0,0.0,0.0,0.0,0.0,118
2023-05-09 21:22:08,TA401P4900,TA401P4900,181.0,0.0,0.0,0.0,5,202.0,205.0,5,181.0,0.0,0.0,0.0,0.0,0.0,118
2023-05-09 21:23:05,TA401P4900,TA401P4900,181.0,0.0,0.0,0.0,5,202.0,214.0,1,181.0,0.0,0.0,0.0,0.0,0.0,118
2023-05-09 21:23:06,TA401P4900,TA401P4900,181.0,0.0,0.0,0.0,5,202.0,206.5,5,181.0,0.0,0.0,0.0,0.0,0.0,118
2023-05-09 21:23:08,TA401P4900,TA401P4900,181.0,0.0,0.0,0.0,5,202.5,206.5,5,181.0,0.0,0.0,0.0,0.0,0.0,118
2023-05-09 21:23:31,TA401P4900,TA401P4900,181.0,0.0,0.0,0.0,5,202.5,206.0,5,181.0,0.0,0.0,0.0,0.0,0.0,118
2023-05-09 21:23:47,TA401P4900,TA401P4900,181.0,0.0,0.0,0.0,5,202.5,205.5,5,181.0,0.0,0.0,0.0,0.0,0.0,118
2023-05-09 21:26:45,TA401P4900,TA401P4900,181.0,0.0,0.0,0.0,5,203.0,206.0,5,181.0,0.0,0.0,0.0,0.0,0.0,118
2023-05-09 21:26:55,TA401P4900,TA401P4900,181.0,0.0,0.0,0.0,5,203.0,214.0,1,181.0,0.0,0.0,0.0,0.0,0.0,118
2023-05-09 21:26:57,TA401P4900,TA401P4900,181.0,0.0,0.0,0.0,5,203.0,206.5,5,181.0,0.0,0.0,0.0,0.0,0.0,118
2023-05-09 21:29:00,TA401P4900,TA401P4900,181.0,0.0,0.0,0.0,5,203.0,206.0,5,181.0,0.0,0.0,0.0,0.0,0.0,118
2023-05-09 21:29:50,TA401P4900,TA401P4900,181.0,0.0,0.0,0.0,5,204.0,206.5,5,181.0,0.0,0.0,0.0,0.0,0.0,118
2023-05-09 21:30:01,TA401P4900,TA401P4900,181.0,0.0,0.0,0.0,5,204.0,214.0,1,181.0,0.0,0.0,0.0,0.0,0.0,118
2023-05-09 21:30:01,TA401P4900,TA401P4900,181.0,0.0,0.0,0.0,5,204.0,208.0,5,181.0,0.0,0.0,0.0,0.0,0.0,118
2023-05-09 21:30:08,TA401P4900,TA401P4900,181.0,0.0,0.0,0.0,5,204.0,207.5,5,181.0,0.0,0.0,0.0,0.0,0.0,118
2023-05-09 21:30:40,TA401P4900,TA401P4900,181.0,0.0,0.0,0.0,5,204.5,207.5,5,181.0,0.0,0.0,0.0,0.0,0.0,118
2023-05-09 21:30:49,TA401P4900,TA401P4900,181.0,0.0,0.0,0.0,5,204.5,208.0,5,181.0,0.0,0.0,0.0,0.0,0.0,118
2023-05-09 21:30:54,TA401P4900,TA401P4900,181.0,0.0,0.0,0.0,5,205.5,208.0,5,181.0,0.0,0.0,0.0,0.0,0.0,118
2023-05-09 21:30:55,TA401P4900,TA401P4900,181.0,0.0,0.0,0.0,5,205.5,214.0,1,181.0,0.0,0.0,0.0,0.0,0.0,118
2023-05-09 21:30:59,TA401P4900,TA401P4900,181.0,0.0,0.0,0.0,5,205.5,209.5,5,181.0,0.0,0.0,0.0,0.0,0.0,118
2023-05-09 21:31:01,TA401P4900,TA401P4900,181.0,0.0,0.0,0.0,5,206.0,209.5,5,181.0,0.0,0.0,0.0,0.0,0.0,118
2023-05-09 21:31:10,TA401P4900,TA401P4900,181.0,0.0,0.0,0.0,5,206.0,208.5,5,181.0,0.0,0.0,0.0,0.0,0.0,118
2023-05-09 21:31:43,TA401P4900,TA401P4900,181.0,0.0,0.0,0.0,5,206.0,209.5,5,181.0,0.0,0.0,0.0,0.0,0.0,118
2023-05-09 21:32:05,TA401P4900,TA401P4900,181.0,0.0,0.0,0.0,5,206.5,209.5,5,181.0,0.0,0.0,0.0,0.0,0.0,118
2023-05-09 21:32:12,TA401P4900,TA401P4900,181.0,0.0,0.0,0.0,5,206.5,214.0,1,181.0,0.0,0.0,0.0,0.0,0.0,118
2023-05-09 21:32:17,TA401P4900,TA401P4900,181.0,0.0,0.0,0.0,5,206.5,210.5,5,181.0,0.0,0.0,0.0,0.0,0.0,118
2023-05-09 21:32:20,TA401P4900,TA401P4900,181.0,0.0,0.0,0.0,5,207.0,210.5,5,181.0,0.0,0.0,0.0,0.0,0.0,118
2023-05-09 21:33:03,TA401P4900,TA401P4900,181.0,0.0,0.0,0.0,5,207.5,210.5,5,181.0,0.0,0.0,0.0,0.0,0.0,118
2023-05-09 21:33:14,TA401P4900,TA401P4900,181.0,0.0,0.0,0.0,5,208.0,212.0,5,181.0,0.0,0.0,0.0,0.0,0.0,118
2023-05-09 21:33:35,TA401P4900,TA401P4900,181.0,0.0,0.0,0.0,5,209.0,212.0,5,181.0,0.0,0.0,0.0,0.0,0.0,118
2023-05-09 21:34:19,TA401P4900,TA401P4900,181.0,0.0,0.0,0.0,5,208.0,211.0,5,181.0,0.0,0.0,0.0,0.0,0.0,118
2023-05-09 21:34:43,TA401P4900,TA401P4900,181.0,0.0,0.0,0.0,1,176.5,211.0,5,181.0,0.0,0.0,0.0,0.0,0.0,118
2023-05-09 21:34:44,TA401P4900,TA401P4900,181.0,0.0,0.0,0.0,5,206.5,210.5,5,181.0,0.0,0.0,0.0,0.0,0.0,118
2023-05-09 21:35:02,TA401P4900,TA401P4900,181.0,0.0,0.0,0.0,5,206.5,210.0,5,181.0,0.0,0.0,0.0,0.0,0.0,118
2023-05-09 21:36:52,TA401P4900,TA401P4900,181.0,0.0,0.0,0.0,5,206.5,209.5,5,181.0,0.0,0.0,0.0,0.0,0.0,118
2023-05-09 21:40:58,TA401P4900,TA401P4900,181.0,0.0,0.0,0.0,5,207.0,209.5,5,181.0,0.0,0.0,0.0,0.0,0.0,118
2023-05-09 21:41:13,TA401P4900,TA401P4900,181.0,0.0,0.0,0.0,5,207.0,210.0,5,181.0,0.0,0.0,0.0,0.0,0.0,118
2023-05-09 21:42:47,TA401P4900,TA401P4900,181.0,0.0,0.0,0.0,5,206.5,209.5,5,181.0,0.0,0.0,0.0,0.0,0.0,118
2023-05-09 21:42:55,TA401P4900,TA401P4900,181.0,0.0,0.0,0.0,5,205.0,209.0,5,181.0,0.0,0.0,0.0,0.0,0.0,118
2023-05-09 21:43:01,TA401P4900,TA401P4900,181.0,0.0,0.0,0.0,5,205.0,208.0,5,181.0,0.0,0.0,0.0,0.0,0.0,118
2023-05-09 21:43:23,TA401P4900,TA401P4900,181.0,0.0,0.0,0.0,5,206.0,209.0,5,181.0,0.0,0.0,0.0,0.0,0.0,118
2023-05-09 21:46:14,TA401P4900,TA401P4900,181.0,0.0,0.0,0.0,5,205.0,208.0,5,181.0,0.0,0.0,0.0,0.0,0.0,118
2023-05-09 21:47:46,TA401P4900,TA401P4900,181.0,0.0,0.0,0.0,1,176.5,208.0,5,181.0,0.0,0.0,0.0,0.0,0.0,118
2023-05-09 21:47:46,TA401P4900,TA401P4900,181.0,0.0,0.0,0.0,2,180.5,208.0,5,181.0,0.0,0.0,0.0,0.0,0.0,118
2023-05-09 21:47:46,TA401P4900,TA401P4900,181.0,0.0,0.0,0.0,5,204.0,208.0,5,181.0,0.0,0.0,0.0,0.0,0.0,118
2023-05-09 21:47:48,TA401P4900,TA401P4900,181.0,0.0,0.0,0.0,5,204.0,207.0,5,181.0,0.0,0.0,0.0,0.0,0.0,118
2023-05-09 21:48:19,TA401P4900,TA401P4900,181.0,0.0,0.0,0.0,5,202.5,206.5,5,181.0,0.0,0.0,0.0,0.0,0.0,118
2023-05-09 21:48:24,TA401P4900,TA401P4900,181.0,0.0,0.0,0.0,5,202.5,206.0,5,181.0,0.0,0.0,0.0,0.0,0.0,118
2023-05-09 21:48:41,TA401P4900,TA401P4900,181.0,0.0,0.0,0.0,5,202.5,205.5,5,181.0,0.0,0.0,0.0,0.0,0.0,118
2023-05-09 21:48:42,TA401P4900,TA401P4900,181.0,0.0,0.0,0.0,1,196.0,205.5,5,181.0,0.0,0.0,0.0,0.0,0.0,118
2023-05-09 21:48:43,TA401P4900,TA401P4900,181.0,0.0,0.0,0.0,5,201.5,205.5,5,181.0,0.0,0.0,0.0,0.0,0.0,118
2023-05-09 21:48:47,TA401P4900,TA401P4900,181.0,0.0,0.0,0.0,5,201.5,204.5,5,181.0,0.0,0.0,0.0,0.0,0.0,118
2023-05-09 21:48:50,TA401P4900,TA401P4900,181.0,0.0,0.0,0.0,1,196.0,204.5,5,181.0,0.0,0.0,0.0,0.0,0.0,118
2023-05-09 21:48:52,TA401P4900,TA401P4900,181.0,0.0,0.0,0.0,5,201.0,204.5,5,181.0,0.0,0.0,0.0,0.0,0.0,118
2023-05-09 21:49:26,TA401P4900,TA401P4900,181.0,0.0,0.0,0.0,5,201.0,203.5,5,181.0,0.0,0.0,0.0,0.0,0.0,118
2023-05-09 21:49:33,TA401P4900,TA401P4900,181.0,0.0,0.0,0.0,5,201.0,204.5,5,181.0,0.0,0.0,0.0,0.0,0.0,118
2023-05-09 21:49:54,TA401P4900,TA401P4900,181.0,0.0,0.0,0.0,5,201.5,204.5,5,181.0,0.0,0.0,0.0,0.0,0.0,118
2023-05-09 21:51:02,TA401P4900,TA401P4900,181.0,0.0,0.0,0.0,5,201.0,204.0,5,181.0,0.0,0.0,0.0,0.0,0.0,118
2023-05-09 21:55:05,TA401P4900,TA401P4900,181.0,0.0,0.0,0.0,5,199.5,203.5,5,181.0,0.0,0.0,0.0,0.0,0.0,118
2023-05-09 21:55:19,TA401P4900,TA401P4900,181.0,0.0,0.0,0.0,5,200.0,203.5,5,181.0,0.0,0.0,0.0,0.0,0.0,118
2023-05-09 21:56:10,TA401P4900,TA401P4900,181.0,0.0,0.0,0.0,5,200.5,203.5,5,181.0,0.0,0.0,0.0,0.0,0.0,118
2023-05-09 21:57:00,TA401P4900,TA401P4900,181.0,0.0,0.0,0.0,5,201.0,204.0,5,181.0,0.0,0.0,0.0,0.0,0.0,118
2023-05-09 21:58:27,TA401P4900,TA401P4900,181.0,0.0,0.0,0.0,5,201.0,203.5,5,181.0,0.0,0.0,0.0,0.0,0.0,118
2023-05-09 21:58:27,TA401P4900,TA401P4900,181.0,0.0,0.0,0.0,5,200.5,203.5,5,181.0,0.0,0.0,0.0,0.0,0.0,118
2023-05-09 21:58:49,TA401P4900,TA401P4900,181.0,0.0,0.0,0.0,5,201.5,204.0,5,181.0,0.0,0.0,0.0,0.0,0.0,118
2023-05-09 21:59:12,TA401P4900,TA401P4900,181.0,0.0,0.0,0.0,5,200.5,204.0,5,181.0,0.0,0.0,0.0,0.0,0.0,118
2023-05-09 21:59:18,TA401P4900,TA401P4900,181.0,0.0,0.0,0.0,5,200.5,203.0,5,181.0,0.0,0.0,0.0,0.0,0.0,118
2023-05-09 22:00:03,TA401P4900,TA401P4900,181.0,0.0,0.0,0.0,1,196.0,203.0,5,181.0,0.0,0.0,0.0,0.0,0.0,118
2023-05-09 22:00:05,TA401P4900,TA401P4900,181.0,0.0,0.0,0.0,1,196.0,202.0,5,181.0,0.0,0.0,0.0,0.0,0.0,118
2023-05-09 22:00:08,TA401P4900,TA401P4900,181.0,0.0,0.0,0.0,5,199.0,202.0,5,181.0,0.0,0.0,0.0,0.0,0.0,118
2023-05-09 22:00:28,TA401P4900,TA401P4900,181.0,0.0,0.0,0.0,1,196.0,201.5,5,181.0,0.0,0.0,0.0,0.0,0.0,118
2023-05-09 22:00:34,TA401P4900,TA401P4900,181.0,0.0,0.0,0.0,1,196.0,200.5,5,181.0,0.0,0.0,0.0,0.0,0.0,118
2023-05-09 22:00:36,TA401P4900,TA401P4900,181.0,0.0,0.0,0.0,5,197.0,200.5,5,181.0,0.0,0.0,0.0,0.0,0.0,118
2023-05-09 22:00:53,TA401P4900,TA401P4900,181.0,0.0,0.0,0.0,5,197.5,200.5,5,181.0,0.0,0.0,0.0,0.0,0.0,118
2023-05-09 22:01:08,TA401P4900,TA401P4900,181.0,0.0,0.0,0.0,5,197.5,201.5,5,181.0,0.0,0.0,0.0,0.0,0.0,118
2023-05-09 22:01:09,TA401P4900,TA401P4900,181.0,0.0,0.0,0.0,5,198.5,201.5,5,181.0,0.0,0.0,0.0,0.0,0.0,118
2023-05-09 22:01:32,TA401P4900,TA401P4900,181.0,0.0,0.0,0.0,5,197.5,201.0,5,181.0,0.0,0.0,0.0,0.0,0.0,118
2023-05-09 22:01:38,TA401P4900,TA401P4900,181.0,0.0,0.0,0.0,5,197.5,200.0,5,181.0,0.0,0.0,0.0,0.0,0.0,118
2023-05-09 22:02:20,TA401P4900,TA401P4900,181.0,0.0,0.0,0.0,5,197.5,201.0,5,181.0,0.0,0.0,0.0,0.0,0.0,118
2023-05-09 22:02:23,TA401P4900,TA401P4900,181.0,0.0,0.0,0.0,5,199.0,214.0,1,181.0,0.0,0.0,0.0,0.0,0.0,118
2023-05-09 22:02:26,TA401P4900,TA401P4900,181.0,0.0,0.0,0.0,5,199.0,202.5,5,181.0,0.0,0.0,0.0,0.0,0.0,118
2023-05-09 22:02:34,TA401P4900,TA401P4900,181.0,0.0,0.0,0.0,5,199.0,202.0,5,181.0,0.0,0.0,0.0,0.0,0.0,118
2023-05-09 22:02:49,TA401P4900,TA401P4900,181.0,0.0,0.0,0.0,5,197.5,202.0,5,181.0,0.0,0.0,0.0,0.0,0.0,118
2023-05-09 22:02:51,TA401P4900,TA401P4900,181.0,0.0,0.0,0.0,5,197.5,201.0,5,181.0,0.0,0.0,0.0,0.0,0.0,118
2023-05-09 22:03:10,TA401P4900,TA401P4900,181.0,0.0,0.0,0.0,5,198.0,201.0,5,181.0,0.0,0.0,0.0,0.0,0.0,118
2023-05-09 22:03:30,TA401P4900,TA401P4900,181.0,0.0,0.0,0.0,5,198.5,202.0,5,181.0,0.0,0.0,0.0,0.0,0.0,118
2023-05-09 22:04:40,TA401P4900,TA401P4900,181.0,0.0,0.0,0.0,5,199.0,202.0,5,181.0,0.0,0.0,0.0,0.0,0.0,118
2023-05-09 22:05:57,TA401P4900,TA401P4900,181.0,0.0,0.0,0.0,5,199.0,214.0,1,181.0,0.0,0.0,0.0,0.0,0.0,118
2023-05-09 22:05:59,TA401P4900,TA401P4900,181.0,0.0,0.0,0.0,5,199.5,203.5,5,181.0,0.0,0.0,0.0,0.0,0.0,118
2023-05-09 22:06:04,TA401P4900,TA401P4900,181.0,0.0,0.0,0.0,5,200.0,203.5,5,181.0,0.0,0.0,0.0,0.0,0.0,118
2023-05-09 22:06:16,TA401P4900,TA401P4900,181.0,0.0,0.0,0.0,5,200.5,203.5,5,181.0,0.0,0.0,0.0,0.0,0.0,118
2023-05-09 22:06:50,TA401P4900,TA401P4900,181.0,0.0,0.0,0.0,5,200.5,214.0,1,181.0,0.0,0.0,0.0,0.0,0.0,118
2023-05-09 22:06:52,TA401P4900,TA401P4900,181.0,0.0,0.0,0.0,5,200.5,204.5,5,181.0,0.0,0.0,0.0,0.0,0.0,118
2023-05-09 22:06:55,TA401P4900,TA401P4900,181.0,0.0,0.0,0.0,5,201.0,204.5,5,181.0,0.0,0.0,0.0,0.0,0.0,118
2023-05-09 22:07:40,TA401P4900,TA401P4900,181.0,0.0,0.0,0.0,5,201.0,203.5,5,181.0,0.0,0.0,0.0,0.0,0.0,118
2023-05-09 22:09:31,TA401P4900,TA401P4900,181.0,0.0,0.0,0.0,5,200.5,203.5,5,181.0,0.0,0.0,0.0,0.0,0.0,118
2023-05-09 22:10:28,TA401P4900,TA401P4900,181.0,0.0,0.0,0.0,5,200.5,204.5,5,181.0,0.0,0.0,0.0,0.0,0.0,118
2023-05-09 22:10:30,TA401P4900,TA401P4900,181.0,0.0,0.0,0.0,5,201.5,204.5,5,181.0,0.0,0.0,0.0,0.0,0.0,118
2023-05-09 22:11:08,TA401P4900,TA401P4900,181.0,0.0,0.0,0.0,5,200.5,203.5,5,181.0,0.0,0.0,0.0,0.0,0.0,118
2023-05-09 22:12:38,TA401P4900,TA401P4900,181.0,0.0,0.0,0.0,1,196.0,203.5,5,181.0,0.0,0.0,0.0,0.0,0.0,118
2023-05-09 22:12:40,TA401P4900,TA401P4900,181.0,0.0,0.0,0.0,5,199.0,203.5,5,181.0,0.0,0.0,0.0,0.0,0.0,118
2023-05-09 22:12:41,TA401P4900,TA401P4900,181.0,0.0,0.0,0.0,5,199.0,203.0,5,181.0,0.0,0.0,0.0,0.0,0.0,118
2023-05-09 22:12:51,TA401P4900,TA401P4900,181.0,0.0,0.0,0.0,5,200.0,203.0,5,181.0,0.0,0.0,0.0,0.0,0.0,118
2023-05-09 22:17:47,TA401P4900,TA401P4900,181.0,0.0,0.0,0.0,5,200.0,202.5,5,181.0,0.0,0.0,0.0,0.0,0.0,118
2023-05-09 22:17:48,TA401P4900,TA401P4900,181.0,0.0,0.0,0.0,5,199.0,202.5,5,181.0,0.0,0.0,0.0,0.0,0.0,118
2023-05-09 22:18:46,TA401P4900,TA401P4900,181.0,0.0,0.0,0.0,5,199.5,202.5,5,181.0,0.0,0.0,0.0,0.0,0.0,118
2023-05-09 22:20:06,TA401P4900,TA401P4900,181.0,0.0,0.0,0.0,5,200.5,203.0,5,181.0,0.0,0.0,0.0,0.0,0.0,118
2023-05-09 22:20:51,TA401P4900,TA401P4900,181.0,0.0,0.0,0.0,5,200.5,204.5,5,181.0,0.0,0.0,0.0,0.0,0.0,118
2023-05-09 22:21:23,TA401P4900,TA401P4900,181.0,0.0,0.0,0.0,5,201.5,204.5,5,181.0,0.0,0.0,0.0,0.0,0.0,118
2023-05-09 22:22:14,TA401P4900,TA401P4900,181.0,0.0,0.0,0.0,5,201.5,214.0,1,181.0,0.0,0.0,0.0,0.0,0.0,118
2023-05-09 22:22:14,TA401P4900,TA401P4900,181.0,0.0,0.0,0.0,5,201.5,206.0,5,181.0,0.0,0.0,0.0,0.0,0.0,118
2023-05-09 22:22:29,TA401P4900,TA401P4900,181.0,0.0,0.0,0.0,5,202.5,206.0,5,181.0,0.0,0.0,0.0,0.0,0.0,118
2023-05-09 22:23:32,TA401P4900,TA401P4900,181.0,0.0,0.0,0.0,5,203.5,206.0,5,181.0,0.0,0.0,0.0,0.0,0.0,118
2023-05-09 22:24:04,TA401P4900,TA401P4900,181.0,0.0,0.0,0.0,5,203.5,214.0,1,181.0,0.0,0.0,0.0,0.0,0.0,118
2023-05-09 22:24:05,TA401P4900,TA401P4900,181.0,0.0,0.0,0.0,5,203.5,207.5,5,181.0,0.0,0.0,0.0,0.0,0.0,118
2023-05-09 22:24:13,TA401P4900,TA401P4900,181.0,0.0,0.0,0.0,5,203.5,206.5,5,181.0,0.0,0.0,0.0,0.0,0.0,118
2023-05-09 22:29:33,TA401P4900,TA401P4900,181.0,0.0,0.0,0.0,5,203.5,207.5,5,181.0,0.0,0.0,0.0,0.0,0.0,118
2023-05-09 22:29:58,TA401P4900,TA401P4900,181.0,0.0,0.0,0.0,5,204.5,207.5,5,181.0,0.0,0.0,0.0,0.0,0.0,118
2023-05-09 22:30:15,TA401P4900,TA401P4900,181.0,0.0,0.0,0.0,5,204.5,214.0,1,181.0,0.0,0.0,0.0,0.0,0.0,118
2023-05-09 22:30:15,TA401P4900,TA401P4900,181.0,0.0,0.0,0.0,5,204.5,209.0,5,181.0,0.0,0.0,0.0,0.0,0.0,118
2023-05-09 22:30:18,TA401P4900,TA401P4900,181.0,0.0,0.0,0.0,5,205.5,209.0,5,181.0,0.0,0.0,0.0,0.0,0.0,118
2023-05-09 22:30:38,TA401P4900,TA401P4900,181.0,0.0,0.0,0.0,5,205.5,208.0,5,181.0,0.0,0.0,0.0,0.0,0.0,118
2023-05-09 22:32:08,TA401P4900,TA401P4900,181.0,0.0,0.0,0.0,5,205.5,209.0,5,181.0,0.0,0.0,0.0,0.0,0.0,118
2023-05-09 22:32:10,TA401P4900,TA401P4900,181.0,0.0,0.0,0.0,5,206.5,209.0,5,181.0,0.0,0.0,0.0,0.0,0.0,118
2023-05-09 22:32:11,TA401P4900,TA401P4900,181.0,0.0,0.0,0.0,5,206.5,210.0,5,181.0,0.0,0.0,0.0,0.0,0.0,118
2023-05-09 22:32:15,TA401P4900,TA401P4900,181.0,0.0,0.0,0.0,5,206.5,214.0,1,181.0,0.0,0.0,0.0,0.0,0.0,118
2023-05-09 22:32:17,TA401P4900,TA401P4900,181.0,0.0,0.0,0.0,5,206.5,211.5,5,181.0,0.0,0.0,0.0,0.0,0.0,118
2023-05-09 22:32:19,TA401P4900,TA401P4900,181.0,0.0,0.0,0.0,5,208.0,211.5,5,181.0,0.0,0.0,0.0,0.0,0.0,118
2023-05-09 22:32:30,TA401P4900,TA401P4900,181.0,0.0,0.0,0.0,5,209.0,211.5,5,181.0,0.0,0.0,0.0,0.0,0.0,118
2023-05-09 22:32:35,TA401P4900,TA401P4900,181.0,0.0,0.0,0.0,5,209.0,214.0,1,181.0,0.0,0.0,0.0,0.0,0.0,118
2023-05-09 22:32:38,TA401P4900,TA401P4900,181.0,0.0,0.0,0.0,5,209.0,212.5,5,181.0,0.0,0.0,0.0,0.0,0.0,118
2023-05-09 22:32:46,TA401P4900,TA401P4900,181.0,0.0,0.0,0.0,5,209.0,211.5,5,181.0,0.0,0.0,0.0,0.0,0.0,118
2023-05-09 22:33:21,TA401P4900,TA401P4900,181.0,0.0,0.0,0.0,5,209.0,212.5,5,181.0,0.0,0.0,0.0,0.0,0.0,118
2023-05-09 22:33:52,TA401P4900,TA401P4900,181.0,0.0,0.0,0.0,5,210.0,212.5,5,181.0,0.0,0.0,0.0,0.0,0.0,118
2023-05-09 22:34:09,TA401P4900,TA401P4900,181.0,0.0,0.0,0.0,5,210.0,214.0,6,181.0,0.0,0.0,0.0,0.0,0.0,118
2023-05-09 22:34:11,TA401P4900,TA401P4900,181.0,0.0,0.0,0.0,5,210.0,213.0,5,181.0,0.0,0.0,0.0,0.0,0.0,118
2023-05-09 22:34:21,TA401P4900,TA401P4900,181.0,0.0,0.0,0.0,5,209.0,213.0,5,181.0,0.0,0.0,0.0,0.0,0.0,118
2023-05-09 22:37:38,TA401P4900,TA401P4900,181.0,0.0,0.0,0.0,5,210.0,213.0,5,181.0,0.0,0.0,0.0,0.0,0.0,118
2023-05-09 22:40:23,TA401P4900,TA401P4900,181.0,0.0,0.0,0.0,5,210.0,214.0,5,181.0,0.0,0.0,0.0,0.0,0.0,118
2023-05-09 22:41:19,TA401P4900,TA401P4900,181.0,0.0,0.0,0.0,5,210.0,213.0,5,181.0,0.0,0.0,0.0,0.0,0.0,118
2023-05-09 22:44:23,TA401P4900,TA401P4900,181.0,0.0,0.0,0.0,5,209.0,212.0,5,181.0,0.0,0.0,0.0,0.0,0.0,118
2023-05-09 22:49:21,TA401P4900,TA401P4900,181.0,0.0,0.0,0.0,5,210.0,213.0,5,181.0,0.0,0.0,0.0,0.0,0.0,118
2023-05-09 22:49:41,TA401P4900,TA401P4900,181.0,0.0,0.0,0.0,5,210.0,222.0,1,181.0,0.0,0.0,0.0,0.0,0.0,118
2023-05-09 22:49:43,TA401P4900,TA401P4900,181.0,0.0,0.0,0.0,5,210.0,214.5,5,181.0,0.0,0.0,0.0,0.0,0.0,118
2023-05-09 22:49:44,TA401P4900,TA401P4900,181.0,0.0,0.0,0.0,5,211.0,214.5,5,181.0,0.0,0.0,0.0,0.0,0.0,118
2023-05-09 22:51:02,TA401P4900,TA401P4900,181.0,0.0,0.0,0.0,5,211.0,213.5,5,181.0,0.0,0.0,0.0,0.0,0.0,118
2023-05-09 22:51:14,TA401P4900,TA401P4900,181.0,0.0,0.0,0.0,5,210.0,213.5,5,181.0,0.0,0.0,0.0,0.0,0.0,118
2023-05-09 22:55:03,TA401P4900,TA401P4900,181.0,0.0,0.0,0.0,5,208.0,213.5,5,181.0,0.0,0.0,0.0,0.0,0.0,118
2023-05-09 22:55:57,TA401P4900,TA401P4900,181.0,0.0,0.0,0.0,1,106.0,222.0,1,181.0,0.0,0.0,0.0,0.0,0.0,118
2023-05-09 22:55:57,TA401P4900,TA401P4900,181.0,0.0,0.0,0.0,1,153.5,222.0,1,181.0,0.0,0.0,0.0,0.0,0.0,118
2023-05-09 22:55:58,TA401P4900,TA401P4900,181.0,0.0,0.0,0.0,2,157.5,222.0,1,181.0,0.0,0.0,0.0,0.0,0.0,118
2023-05-09 22:55:58,TA401P4900,TA401P4900,181.0,0.0,0.0,0.0,1,195.5,222.0,1,181.0,0.0,0.0,0.0,0.0,0.0,118
2023-05-09 22:56:31,TA401P4900,TA401P4900,181.0,0.0,0.0,0.0,1,106.5,260.0,1,181.0,0.0,0.0,0.0,0.0,0.0,118
2023-05-09 22:56:32,TA401P4900,TA401P4900,181.0,0.0,0.0,0.0,2,114.5,260.0,1,181.0,0.0,0.0,0.0,0.0,0.0,118
2023-05-09 22:57:10,TA401P4900,TA401P4900,181.0,0.0,0.0,0.0,1,106.5,260.0,1,181.0,0.0,0.0,0.0,0.0,0.0,118
2023-05-09 22:57:10,TA401P4900,TA401P4900,181.0,0.0,0.0,0.0,1,108.0,260.0,1,181.0,0.0,0.0,0.0,0.0,0.0,118
2023-05-09 22:58:00,TA401P4900,TA401P4900,181.0,0.0,0.0,0.0,1,106.5,260.0,1,181.0,0.0,0.0,0.0,0.0,0.0,118
2023-05-10 09:00:04,TA401P4900,TA401P4900,181.0,0.0,0.0,0.0,1,134.0,232.5,1,181.0,0.0,0.0,0.0,0.0,0.0,118
2023-05-10 09:00:51,TA401P4900,TA401P4900,181.0,0.0,0.0,0.0,1,162.0,232.5,1,181.0,0.0,0.0,0.0,0.0,0.0,118
2023-05-10 09:01:14,TA401P4900,TA401P4900,181.0,0.0,0.0,0.0,1,190.0,232.5,1,181.0,0.0,0.0,0.0,0.0,0.0,118
2023-05-10 09:01:28,TA401P4900,TA401P4900,181.0,0.0,0.0,0.0,5,199.0,232.5,1,181.0,0.0,0.0,0.0,0.0,0.0,118
2023-05-10 09:01:32,TA401P4900,TA401P4900,181.0,0.0,0.0,0.0,5,199.0,202.5,5,181.0,0.0,0.0,0.0,0.0,0.0,118
2023-05-10 09:01:51,TA401P4900,TA401P4900,181.0,0.0,0.0,0.0,5,199.0,201.5,5,181.0,0.0,0.0,0.0,0.0,0.0,118
2023-05-10 09:02:00,TA401P4900,TA401P4900,181.0,0.0,0.0,0.0,5,197.5,201.5,5,181.0,0.0,0.0,0.0,0.0,0.0,118
2023-05-10 09:02:09,TA401P4900,TA401P4900,181.0,0.0,0.0,0.0,5,199.0,202.5,5,181.0,0.0,0.0,0.0,0.0,0.0,118
2023-05-10 09:02:15,TA401P4900,TA401P4900,181.0,0.0,0.0,0.0,5,197.5,201.5,5,181.0,0.0,0.0,0.0,0.0,0.0,118
2023-05-10 09:02:22,TA401P4900,TA401P4900,181.0,0.0,0.0,0.0,5,197.5,201.0,5,181.0,0.0,0.0,0.0,0.0,0.0,118
2023-05-10 09:02:33,TA401P4900,TA401P4900,181.0,0.0,0.0,0.0,5,197.5,200.5,5,181.0,0.0,0.0,0.0,0.0,0.0,118
2023-05-10 09:02:46,TA401P4900,TA401P4900,181.0,0.0,0.0,0.0,1,190.0,200.0,5,181.0,0.0,0.0,0.0,0.0,0.0,118
2023-05-10 09:02:48,TA401P4900,TA401P4900,181.0,0.0,0.0,0.0,5,196.0,200.0,5,181.0,0.0,0.0,0.0,0.0,0.0,118
2023-05-10 09:02:51,TA401P4900,TA401P4900,181.0,0.0,0.0,0.0,5,196.5,200.0,5,181.0,0.0,0.0,0.0,0.0,0.0,118
2023-05-10 09:02:56,TA401P4900,TA401P4900,181.0,0.0,0.0,0.0,5,196.0,200.0,5,181.0,0.0,0.0,0.0,0.0,0.0,118
2023-05-10 09:02:57,TA401P4900,TA401P4900,181.0,0.0,0.0,0.0,1,190.0,200.0,5,181.0,0.0,0.0,0.0,0.0,0.0,118
2023-05-10 09:02:58,TA401P4900,TA401P4900,181.0,0.0,0.0,0.0,1,190.0,197.5,5,181.0,0.0,0.0,0.0,0.0,0.0,118
2023-05-10 09:03:07,TA401P4900,TA401P4900,181.0,0.0,0.0,0.0,5,194.5,197.5,5,181.0,0.0,0.0,0.0,0.0,0.0,118
2023-05-10 09:03:15,TA401P4900,TA401P4900,181.0,0.0,0.0,0.0,5,193.5,197.5,5,181.0,0.0,0.0,0.0,0.0,0.0,118
2023-05-10 09:03:17,TA401P4900,TA401P4900,181.0,0.0,0.0,0.0,1,190.0,197.5,5,181.0,0.0,0.0,0.0,0.0,0.0,118
2023-05-10 09:03:18,TA401P4900,TA401P4900,181.0,0.0,0.0,0.0,5,192.0,197.5,5,181.0,0.0,0.0,0.0,0.0,0.0,118
2023-05-10 09:03:21,TA401P4900,TA401P4900,181.0,0.0,0.0,0.0,5,193.5,197.5,5,181.0,0.0,0.0,0.0,0.0,0.0,118
2023-05-10 09:03:23,TA401P4900,TA401P4900,181.0,0.0,0.0,0.0,5,193.5,197.0,5,181.0,0.0,0.0,0.0,0.0,0.0,118
2023-05-10 09:03:38,TA401P4900,TA401P4900,181.0,0.0,0.0,0.0,5,194.0,197.0,5,181.0,0.0,0.0,0.0,0.0,0.0,118
2023-05-10 09:04:11,TA401P4900,TA401P4900,181.0,0.0,0.0,0.0,5,194.0,197.5,5,181.0,0.0,0.0,0.0,0.0,0.0,118
2023-05-10 09:04:12,TA401P4900,TA401P4900,181.0,0.0,0.0,0.0,5,194.0,198.5,5,181.0,0.0,0.0,0.0,0.0,0.0,118
2023-05-10 09:04:15,TA401P4900,TA401P4900,181.0,0.0,0.0,0.0,5,195.0,198.5,5,181.0,0.0,0.0,0.0,0.0,0.0,118
2023-05-10 09:04:19,TA401P4900,TA401P4900,181.0,0.0,0.0,0.0,5,196.0,198.5,5,181.0,0.0,0.0,0.0,0.0,0.0,118
2023-05-10 09:04:31,TA401P4900,TA401P4900,181.0,0.0,0.0,0.0,5,195.0,198.5,5,181.0,0.0,0.0,0.0,0.0,0.0,118
2023-05-10 09:04:49,TA401P4900,TA401P4900,181.0,0.0,0.0,0.0,5,195.5,198.5,5,181.0,0.0,0.0,0.0,0.0,0.0,118
2023-05-10 09:06:03,TA401P4900,TA401P4900,181.0,0.0,0.0,0.0,5,195.0,198.5,5,181.0,0.0,0.0,0.0,0.0,0.0,118
2023-05-10 09:06:04,TA401P4900,TA401P4900,181.0,0.0,0.0,0.0,1,190.0,198.5,5,181.0,0.0,0.0,0.0,0.0,0.0,118
2023-05-10 09:06:05,TA401P4900,TA401P4900,181.0,0.0,0.0,0.0,1,190.0,197.0,5,181.0,0.0,0.0,0.0,0.0,0.0,118
2023-05-10 09:06:06,TA401P4900,TA401P4900,181.0,0.0,0.0,0.0,5,194.0,197.0,5,181.0,0.0,0.0,0.0,0.0,0.0,118
2023-05-10 09:06:29,TA401P4900,TA401P4900,181.0,0.0,0.0,0.0,5,194.5,197.0,5,181.0,0.0,0.0,0.0,0.0,0.0,118
2023-05-10 09:06:30,TA401P4900,TA401P4900,181.0,0.0,0.0,0.0,5,194.5,198.5,5,181.0,0.0,0.0,0.0,0.0,0.0,118
2023-05-10 09:06:38,TA401P4900,TA401P4900,181.0,0.0,0.0,0.0,5,195.0,198.5,5,181.0,0.0,0.0,0.0,0.0,0.0,118
2023-05-10 09:07:02,TA401P4900,TA401P4900,181.0,0.0,0.0,0.0,5,195.0,198.0,5,181.0,0.0,0.0,0.0,0.0,0.0,118
2023-05-10 09:07:02,TA401P4900,TA401P4900,181.0,0.0,0.0,0.0,5,194.5,198.0,5,181.0,0.0,0.0,0.0,0.0,0.0,118
2023-05-10 09:07:04,TA401P4900,TA401P4900,181.0,0.0,0.0,0.0,5,194.5,197.5,5,181.0,0.0,0.0,0.0,0.0,0.0,118
2023-05-10 09:07:52,TA401P4900,TA401P4900,181.0,0.0,0.0,0.0,5,194.5,198.0,5,181.0,0.0,0.0,0.0,0.0,0.0,118
2023-05-10 09:07:55,TA401P4900,TA401P4900,181.0,0.0,0.0,0.0,5,195.5,198.0,5,181.0,0.0,0.0,0.0,0.0,0.0,118
2023-05-10 09:08:13,TA401P4900,TA401P4900,181.0,0.0,0.0,0.0,5,194.5,198.0,5,181.0,0.0,0.0,0.0,0.0,0.0,118
2023-05-10 09:08:17,TA401P4900,TA401P4900,181.0,0.0,0.0,0.0,5,194.5,197.5,5,181.0,0.0,0.0,0.0,0.0,0.0,118
2023-05-10 09:10:36,TA401P4900,TA401P4900,181.0,0.0,0.0,0.0,5,194.5,198.0,5,181.0,0.0,0.0,0.0,0.0,0.0,118
2023-05-10 09:10:37,TA401P4900,TA401P4900,181.0,0.0,0.0,0.0,5,195.0,198.0,5,181.0,0.0,0.0,0.0,0.0,0.0,118
2023-05-10 09:10:41,TA401P4900,TA401P4900,181.0,0.0,0.0,0.0,5,195.0,232.5,1,181.0,0.0,0.0,0.0,0.0,0.0,118
2023-05-10 09:10:45,TA401P4900,TA401P4900,181.0,0.0,0.0,0.0,5,195.0,199.5,5,181.0,0.0,0.0,0.0,0.0,0.0,118
2023-05-10 09:10:46,TA401P4900,TA401P4900,181.0,0.0,0.0,0.0,5,196.0,199.5,5,181.0,0.0,0.0,0.0,0.0,0.0,118
2023-05-10 09:11:05,TA401P4900,TA401P4900,181.0,0.0,0.0,0.0,5,197.0,199.5,5,181.0,0.0,0.0,0.0,0.0,0.0,118
2023-05-10 09:11:17,TA401P4900,TA401P4900,181.0,0.0,0.0,0.0,5,197.0,232.5,1,181.0,0.0,0.0,0.0,0.0,0.0,118
2023-05-10 09:11:18,TA401P4900,TA401P4900,181.0,0.0,0.0,0.0,5,197.0,201.0,5,181.0,0.0,0.0,0.0,0.0,0.0,118
2023-05-10 09:12:05,TA401P4900,TA401P4900,181.0,0.0,0.0,0.0,5,197.5,201.0,5,181.0,0.0,0.0,0.0,0.0,0.0,118
2023-05-10 09:12:33,TA401P4900,TA401P4900,181.0,0.0,0.0,0.0,5,198.0,201.0,5,181.0,0.0,0.0,0.0,0.0,0.0,118
2023-05-10 09:16:26,TA401P4900,TA401P4900,181.0,0.0,0.0,0.0,5,198.0,208.5,1,181.0,0.0,0.0,0.0,0.0,0.0,118
2023-05-10 09:16:27,TA401P4900,TA401P4900,181.0,0.0,0.0,0.0,5,198.0,202.5,5,181.0,0.0,0.0,0.0,0.0,0.0,118
2023-05-10 09:16:28,TA401P4900,TA401P4900,181.0,0.0,0.0,0.0,5,198.5,202.5,5,181.0,0.0,0.0,0.0,0.0,0.0,118
2023-05-10 09:16:35,TA401P4900,TA401P4900,181.0,0.0,0.0,0.0,5,199.5,202.5,5,181.0,0.0,0.0,0.0,0.0,0.0,118
2023-05-10 09:16:46,TA401P4900,TA401P4900,181.0,0.0,0.0,0.0,5,200.0,204.0,5,181.0,0.0,0.0,0.0,0.0,0.0,118
2023-05-10 09:17:44,TA401P4900,TA401P4900,181.0,0.0,0.0,0.0,5,200.0,203.0,5,181.0,0.0,0.0,0.0,0.0,0.0,118
2023-05-10 09:18:16,TA401P4900,TA401P4900,181.0,0.0,0.0,0.0,5,200.0,202.5,5,181.0,0.0,0.0,0.0,0.0,0.0,118
2023-05-10 09:18:17,TA401P4900,TA401P4900,181.0,0.0,0.0,0.0,5,199.5,202.5,5,181.0,0.0,0.0,0.0,0.0,0.0,118
2023-05-10 09:18:31,TA401P4900,TA401P4900,181.0,0.0,0.0,0.0,5,199.5,202.0,5,181.0,0.0,0.0,0.0,0.0,0.0,118
2023-05-10 09:18:34,TA401P4900,TA401P4900,181.0,0.0,0.0,0.0,1,190.0,202.0,5,181.0,0.0,0.0,0.0,0.0,0.0,118
2023-05-10 09:18:35,TA401P4900,TA401P4900,181.0,0.0,0.0,0.0,5,198.0,202.0,5,181.0,0.0,0.0,0.0,0.0,0.0,118
2023-05-10 09:18:42,TA401P4900,TA401P4900,181.0,0.0,0.0,0.0,5,198.0,201.0,5,181.0,0.0,0.0,0.0,0.0,0.0,118
2023-05-10 09:19:11,TA401P4900,TA401P4900,181.0,0.0,0.0,0.0,5,198.0,200.5,5,181.0,0.0,0.0,0.0,0.0,0.0,118
2023-05-10 09:19:12,TA401P4900,TA401P4900,181.0,0.0,0.0,0.0,1,190.0,200.5,5,181.0,0.0,0.0,0.0,0.0,0.0,118
2023-05-10 09:19:13,TA401P4900,TA401P4900,181.0,0.0,0.0,0.0,5,196.5,200.5,5,181.0,0.0,0.0,0.0,0.0,0.0,118
2023-05-10 09:19:18,TA401P4900,TA401P4900,181.0,0.0,0.0,0.0,5,196.5,200.0,5,181.0,0.0,0.0,0.0,0.0,0.0,118
2023-05-10 09:19:24,TA401P4900,TA401P4900,181.0,0.0,0.0,0.0,5,196.5,199.5,5,181.0,0.0,0.0,0.0,0.0,0.0,118
2023-05-10 09:19:28,TA401P4900,TA401P4900,181.0,0.0,0.0,0.0,5,196.5,199.0,5,181.0,0.0,0.0,0.0,0.0,0.0,118
2023-05-10 09:19:28,TA401P4900,TA401P4900,181.0,0.0,0.0,0.0,1,190.0,199.0,5,181.0,0.0,0.0,0.0,0.0,0.0,118
2023-05-10 09:19:32,TA401P4900,TA401P4900,181.0,0.0,0.0,0.0,5,194.5,198.5,5,181.0,0.0,0.0,0.0,0.0,0.0,118
2023-05-10 09:19:43,TA401P4900,TA401P4900,181.0,0.0,0.0,0.0,5,195.0,198.5,5,181.0,0.0,0.0,0.0,0.0,0.0,118
2023-05-10 09:20:11,TA401P4900,TA401P4900,181.0,0.0,0.0,0.0,5,195.5,198.5,5,181.0,0.0,0.0,0.0,0.0,0.0,118
2023-05-10 09:20:46,TA401P4900,TA401P4900,181.0,0.0,0.0,0.0,5,196.0,198.5,5,181.0,0.0,0.0,0.0,0.0,0.0,118
2023-05-10 09:20:47,TA401P4900,TA401P4900,181.0,0.0,0.0,0.0,5,196.0,199.0,5,181.0,0.0,0.0,0.0,0.0,0.0,118
2023-05-10 09:22:44,TA401P4900,TA401P4900,181.0,0.0,0.0,0.0,5,196.5,200.5,5,181.0,0.0,0.0,0.0,0.0,0.0,118
2023-05-10 09:23:01,TA401P4900,TA401P4900,181.0,0.0,0.0,0.0,5,196.5,200.0,5,181.0,0.0,0.0,0.0,0.0,0.0,118
2023-05-10 09:23:58,TA401P4900,TA401P4900,181.0,0.0,0.0,0.0,5,196.5,199.5,5,181.0,0.0,0.0,0.0,0.0,0.0,118
2023-05-10 09:27:20,TA401P4900,TA401P4900,181.0,0.0,0.0,0.0,5,197.0,199.5,5,181.0,0.0,0.0,0.0,0.0,0.0,118
2023-05-10 09:27:21,TA401P4900,TA401P4900,181.0,0.0,0.0,0.0,5,197.0,200.0,5,181.0,0.0,0.0,0.0,0.0,0.0,118
2023-05-10 09:27:31,TA401P4900,TA401P4900,181.0,0.0,0.0,0.0,5,197.0,208.5,1,181.0,0.0,0.0,0.0,0.0,0.0,118
2023-05-10 09:27:33,TA401P4900,TA401P4900,181.0,0.0,0.0,0.0,5,198.0,208.5,1,181.0,0.0,0.0,0.0,0.0,0.0,118
2023-05-10 09:27:37,TA401P4900,TA401P4900,181.0,0.0,0.0,0.0,5,198.0,202.0,5,181.0,0.0,0.0,0.0,0.0,0.0,118
2023-05-10 09:27:45,TA401P4900,TA401P4900,181.0,0.0,0.0,0.0,5,198.5,202.0,5,181.0,0.0,0.0,0.0,0.0,0.0,118
2023-05-10 09:28:26,TA401P4900,TA401P4900,181.0,0.0,0.0,0.0,5,198.5,201.5,5,181.0,0.0,0.0,0.0,0.0,0.0,118
2023-05-10 09:29:34,TA401P4900,TA401P4900,181.0,0.0,0.0,0.0,5,198.5,201.0,5,181.0,0.0,0.0,0.0,0.0,0.0,118
2023-05-10 09:30:20,TA401P4900,TA401P4900,181.0,0.0,0.0,0.0,5,198.0,201.0,5,181.0,0.0,0.0,0.0,0.0,0.0,118
2023-05-10 09:30:30,TA401P4900,TA401P4900,181.0,0.0,0.0,0.0,1,190.0,200.0,5,181.0,0.0,0.0,0.0,0.0,0.0,118
2023-05-10 09:30:31,TA401P4900,TA401P4900,181.0,0.0,0.0,0.0,5,196.5,200.0,5,181.0,0.0,0.0,0.0,0.0,0.0,118
2023-05-10 09:31:00,TA401P4900,TA401P4900,181.0,0.0,0.0,0.0,5,197.0,200.0,5,181.0,0.0,0.0,0.0,0.0,0.0,118
2023-05-10 09:31:12,TA401P4900,TA401P4900,181.0,0.0,0.0,0.0,5,197.5,200.0,5,181.0,0.0,0.0,0.0,0.0,0.0,118
2023-05-10 09:31:15,TA401P4900,TA401P4900,181.0,0.0,0.0,0.0,5,197.5,201.0,5,181.0,0.0,0.0,0.0,0.0,0.0,118
2023-05-10 09:31:52,TA401P4900,TA401P4900,181.0,0.0,0.0,0.0,5,197.5,200.5,5,181.0,0.0,0.0,0.0,0.0,0.0,118
2023-05-10 09:32:41,TA401P4900,TA401P4900,181.0,0.0,0.0,0.0,5,197.0,199.5,5,181.0,0.0,0.0,0.0,0.0,0.0,118
2023-05-10 09:33:28,TA401P4900,TA401P4900,181.0,0.0,0.0,0.0,1,190.0,199.5,5,181.0,0.0,0.0,0.0,0.0,0.0,118
2023-05-10 09:33:30,TA401P4900,TA401P4900,181.0,0.0,0.0,0.0,5,195.5,199.5,5,181.0,0.0,0.0,0.0,0.0,0.0,118
2023-05-10 09:34:01,TA401P4900,TA401P4900,181.0,0.0,0.0,0.0,5,196.0,199.5,5,181.0,0.0,0.0,0.0,0.0,0.0,118
2023-05-10 09:34:05,TA401P4900,TA401P4900,181.0,0.0,0.0,0.0,5,196.5,199.5,5,181.0,0.0,0.0,0.0,0.0,0.0,118
2023-05-10 09:37:05,TA401P4900,TA401P4900,181.0,0.0,0.0,0.0,5,197.0,200.5,5,181.0,0.0,0.0,0.0,0.0,0.0,118
2023-05-10 09:38:11,TA401P4900,TA401P4900,181.0,0.0,0.0,0.0,5,197.0,200.0,5,181.0,0.0,0.0,0.0,0.0,0.0,118
2023-05-10 09:38:14,TA401P4900,TA401P4900,181.0,0.0,0.0,0.0,5,196.5,199.0,5,181.0,0.0,0.0,0.0,0.0,0.0,118
2023-05-10 09:38:18,TA401P4900,TA401P4900,181.0,0.0,0.0,0.0,1,190.0,199.0,5,181.0,0.0,0.0,0.0,0.0,0.0,118
2023-05-10 09:38:21,TA401P4900,TA401P4900,181.0,0.0,0.0,0.0,5,195.0,199.0,5,181.0,0.0,0.0,0.0,0.0,0.0,118
2023-05-10 09:38:36,TA401P4900,TA401P4900,181.0,0.0,0.0,0.0,5,195.0,198.5,5,181.0,0.0,0.0,0.0,0.0,0.0,118
2023-05-10 09:39:36,TA401P4900,TA401P4900,181.0,0.0,0.0,0.0,5,195.0,197.5,5,181.0,0.0,0.0,0.0,0.0,0.0,118
2023-05-10 09:40:18,TA401P4900,TA401P4900,181.0,0.0,0.0,0.0,5,195.0,198.5,5,181.0,0.0,0.0,0.0,0.0,0.0,118
2023-05-10 09:40:19,TA401P4900,TA401P4900,181.0,0.0,0.0,0.0,5,195.5,198.5,5,181.0,0.0,0.0,0.0,0.0,0.0,118
2023-05-10 09:40:50,TA401P4900,TA401P4900,181.0,0.0,0.0,0.0,5,196.0,198.5,5,181.0,0.0,0.0,0.0,0.0,0.0,118
2023-05-10 09:40:53,TA401P4900,TA401P4900,181.0,0.0,0.0,0.0,5,196.0,200.0,5,181.0,0.0,0.0,0.0,0.0,0.0,118
2023-05-10 09:41:00,TA401P4900,TA401P4900,181.0,0.0,0.0,0.0,5,196.0,199.5,5,181.0,0.0,0.0,0.0,0.0,0.0,118
2023-05-10 09:41:48,TA401P4900,TA401P4900,181.0,0.0,0.0,0.0,5,196.5,199.5,5,181.0,0.0,0.0,0.0,0.0,0.0,118
2023-05-10 09:42:26,TA401P4900,TA401P4900,181.0,0.0,0.0,0.0,5,197.5,200.0,5,181.0,0.0,0.0,0.0,0.0,0.0,118
2023-05-10 09:43:18,TA401P4900,TA401P4900,181.0,0.0,0.0,0.0,5,197.5,208.5,1,181.0,0.0,0.0,0.0,0.0,0.0,118
2023-05-10 09:43:19,TA401P4900,TA401P4900,181.0,0.0,0.0,0.0,5,197.5,201.5,5,181.0,0.0,0.0,0.0,0.0,0.0,118
2023-05-10 09:44:32,TA401P4900,TA401P4900,181.0,0.0,0.0,0.0,5,198.0,201.5,5,181.0,0.0,0.0,0.0,0.0,0.0,118
2023-05-10 09:47:13,TA401P4900,TA401P4900,181.0,0.0,0.0,0.0,5,198.0,200.5,5,181.0,0.0,0.0,0.0,0.0,0.0,118
2023-05-10 09:47:31,TA401P4900,TA401P4900,181.0,0.0,0.0,0.0,5,197.5,200.5,5,181.0,0.0,0.0,0.0,0.0,0.0,118
2023-05-10 09:48:16,TA401P4900,TA401P4900,181.0,0.0,0.0,0.0,5,198.0,201.5,5,181.0,0.0,0.0,0.0,0.0,0.0,118
2023-05-10 09:50:01,TA401P4900,TA401P4900,181.0,0.0,0.0,0.0,5,198.5,201.5,5,181.0,0.0,0.0,0.0,0.0,0.0,118
2023-05-10 09:53:06,TA401P4900,TA401P4900,181.0,0.0,0.0,0.0,5,198.5,208.5,1,181.0,0.0,0.0,0.0,0.0,0.0,118
2023-05-10 09:53:08,TA401P4900,TA401P4900,181.0,0.0,0.0,0.0,5,198.5,202.5,5,181.0,0.0,0.0,0.0,0.0,0.0,118
2023-05-10 09:53:11,TA401P4900,TA401P4900,181.0,0.0,0.0,0.0,5,199.0,202.5,5,181.0,0.0,0.0,0.0,0.0,0.0,118
2023-05-10 09:53:19,TA401P4900,TA401P4900,181.0,0.0,0.0,0.0,5,199.0,208.5,1,181.0,0.0,0.0,0.0,0.0,0.0,118
2023-05-10 09:53:20,TA401P4900,TA401P4900,181.0,0.0,0.0,0.0,5,199.0,203.5,5,181.0,0.0,0.0,0.0,0.0,0.0,118
2023-05-10 09:53:22,TA401P4900,TA401P4900,181.0,0.0,0.0,0.0,5,199.5,203.5,5,181.0,0.0,0.0,0.0,0.0,0.0,118
2023-05-10 09:53:38,TA401P4900,TA401P4900,181.0,0.0,0.0,0.0,5,199.5,203.0,5,181.0,0.0,0.0,0.0,0.0,0.0,118
2023-05-10 09:54:19,TA401P4900,TA401P4900,181.0,0.0,0.0,0.0,5,200.5,203.0,5,181.0,0.0,0.0,0.0,0.0,0.0,118
2023-05-10 09:54:31,TA401P4900,TA401P4900,181.0,0.0,0.0,0.0,5,200.5,203.5,5,181.0,0.0,0.0,0.0,0.0,0.0,118
2023-05-10 09:54:37,TA401P4900,TA401P4900,181.0,0.0,0.0,0.0,5,201.0,208.5,1,181.0,0.0,0.0,0.0,0.0,0.0,118
2023-05-10 09:54:38,TA401P4900,TA401P4900,181.0,0.0,0.0,0.0,5,201.0,205.0,5,181.0,0.0,0.0,0.0,0.0,0.0,118
2023-05-10 09:57:06,TA401P4900,TA401P4900,181.0,0.0,0.0,0.0,5,202.0,205.0,5,181.0,0.0,0.0,0.0,0.0,0.0,118
2023-05-10 09:58:13,TA401P4900,TA401P4900,181.0,0.0,0.0,0.0,5,201.0,205.0,5,181.0,0.0,0.0,0.0,0.0,0.0,118
2023-05-10 09:58:16,TA401P4900,TA401P4900,181.0,0.0,0.0,0.0,5,201.0,204.0,5,181.0,0.0,0.0,0.0,0.0,0.0,118
2023-05-10 09:58:31,TA401P4900,TA401P4900,181.0,0.0,0.0,0.0,1,190.0,204.0,5,181.0,0.0,0.0,0.0,0.0,0.0,118
2023-05-10 09:58:32,TA401P4900,TA401P4900,181.0,0.0,0.0,0.0,5,199.5,204.0,5,181.0,0.0,0.0,0.0,0.0,0.0,118
2023-05-10 09:58:34,TA401P4900,TA401P4900,181.0,0.0,0.0,0.0,5,199.5,203.0,5,181.0,0.0,0.0,0.0,0.0,0.0,118
2023-05-10 09:59:32,TA401P4900,TA401P4900,181.0,0.0,0.0,0.0,5,199.5,202.0,5,181.0,0.0,0.0,0.0,0.0,0.0,118
2023-05-10 09:59:35,TA401P4900,TA401P4900,181.0,0.0,0.0,0.0,1,190.0,202.0,5,181.0,0.0,0.0,0.0,0.0,0.0,118
2023-05-10 09:59:35,TA401P4900,TA401P4900,181.0,0.0,0.0,0.0,5,198.0,202.0,5,181.0,0.0,0.0,0.0,0.0,0.0,118
2023-05-10 10:00:00,TA401P4900,TA401P4900,181.0,0.0,0.0,0.0,5,199.0,202.0,5,181.0,0.0,0.0,0.0,0.0,0.0,118
2023-05-10 10:00:11,TA401P4900,TA401P4900,181.0,0.0,0.0,0.0,5,198.0,202.0,5,181.0,0.0,0.0,0.0,0.0,0.0,118
2023-05-10 10:00:13,TA401P4900,TA401P4900,181.0,0.0,0.0,0.0,5,198.0,201.0,5,181.0,0.0,0.0,0.0,0.0,0.0,118
2023-05-10 10:00:49,TA401P4900,TA401P4900,181.0,0.0,0.0,0.0,1,190.0,201.0,5,181.0,0.0,0.0,0.0,0.0,0.0,118
2023-05-10 10:00:55,TA401P4900,TA401P4900,181.0,0.0,0.0,0.0,5,195.5,201.0,5,181.0,0.0,0.0,0.0,0.0,0.0,118
2023-05-10 10:00:56,TA401P4900,TA401P4900,181.0,0.0,0.0,0.0,5,195.5,199.5,5,181.0,0.0,0.0,0.0,0.0,0.0,118
2023-05-10 10:00:58,TA401P4900,TA401P4900,181.0,0.0,0.0,0.0,5,196.5,199.5,5,181.0,0.0,0.0,0.0,0.0,0.0,118
2023-05-10 10:01:33,TA401P4900,TA401P4900,181.0,0.0,0.0,0.0,5,196.5,201.0,5,181.0,0.0,0.0,0.0,0.0,0.0,118
2023-05-10 10:01:40,TA401P4900,TA401P4900,181.0,0.0,0.0,0.0,5,197.5,201.0,5,181.0,0.0,0.0,0.0,0.0,0.0,118
2023-05-10 10:04:03,TA401P4900,TA401P4900,181.0,0.0,0.0,0.0,5,198.5,201.0,5,181.0,0.0,0.0,0.0,0.0,0.0,118
2023-05-10 10:05:03,TA401P4900,TA401P4900,181.0,0.0,0.0,0.0,5,198.5,202.5,5,181.0,0.0,0.0,0.0,0.0,0.0,118
2023-05-10 10:07:37,TA401P4900,TA401P4900,181.0,0.0,0.0,0.0,5,199.5,202.5,5,181.0,0.0,0.0,0.0,0.0,0.0,118
2023-05-10 10:09:02,TA401P4900,TA401P4900,181.0,0.0,0.0,0.0,5,198.5,201.5,5,181.0,0.0,0.0,0.0,0.0,0.0,118
2023-05-10 10:09:32,TA401P4900,TA401P4900,181.0,0.0,0.0,0.0,5,197.0,201.5,5,181.0,0.0,0.0,0.0,0.0,0.0,118
2023-05-10 10:09:33,TA401P4900,TA401P4900,181.0,0.0,0.0,0.0,5,197.0,200.5,5,181.0,0.0,0.0,0.0,0.0,0.0,118
2023-05-10 10:10:09,TA401P4900,TA401P4900,181.0,0.0,0.0,0.0,5,197.0,199.5,5,181.0,0.0,0.0,0.0,0.0,0.0,118
2023-05-10 10:10:18,TA401P4900,TA401P4900,181.0,0.0,0.0,0.0,5,195.5,199.5,5,181.0,0.0,0.0,0.0,0.0,0.0,118
2023-05-10 10:10:24,TA401P4900,TA401P4900,181.0,0.0,0.0,0.0,5,195.5,198.5,5,181.0,0.0,0.0,0.0,0.0,0.0,118
2023-05-10 10:11:18,TA401P4900,TA401P4900,181.0,0.0,0.0,0.0,5,196.5,199.5,5,181.0,0.0,0.0,0.0,0.0,0.0,118
2023-05-10 10:14:31,TA401P4900,TA401P4900,181.0,0.0,0.0,0.0,5,196.5,214.5,1,181.0,0.0,0.0,0.0,0.0,0.0,118
2023-05-10 10:14:33,TA401P4900,TA401P4900,181.0,0.0,0.0,0.0,5,196.5,201.0,5,181.0,0.0,0.0,0.0,0.0,0.0,118
2023-05-10 10:14:36,TA401P4900,TA401P4900,181.0,0.0,0.0,0.0,5,197.5,201.0,5,181.0,0.0,0.0,0.0,0.0,0.0,118
2023-05-10 10:30:56,TA401P4900,TA401P4900,181.0,0.0,0.0,0.0,5,198.5,201.0,5,181.0,0.0,0.0,0.0,0.0,0.0,118
2023-05-10 10:30:58,TA401P4900,TA401P4900,181.0,0.0,0.0,0.0,5,198.5,214.5,1,181.0,0.0,0.0,0.0,0.0,0.0,118
2023-05-10 10:30:59,TA401P4900,TA401P4900,181.0,0.0,0.0,0.0,5,198.5,202.5,5,181.0,0.0,0.0,0.0,0.0,0.0,118
2023-05-10 10:31:27,TA401P4900,TA401P4900,181.0,0.0,0.0,0.0,5,199.5,202.5,5,181.0,0.0,0.0,0.0,0.0,0.0,118
2023-05-10 10:32:34,TA401P4900,TA401P4900,181.0,0.0,0.0,0.0,5,198.5,201.5,5,181.0,0.0,0.0,0.0,0.0,0.0,118
2023-05-10 10:34:41,TA401P4900,TA401P4900,181.0,0.0,0.0,0.0,1,180.0,200.5,5,181.0,0.0,0.0,0.0,0.0,0.0,118
2023-05-10 10:34:42,TA401P4900,TA401P4900,181.0,0.0,0.0,0.0,5,197.0,200.5,5,181.0,0.0,0.0,0.0,0.0,0.0,118
2023-05-10 10:35:03,TA401P4900,TA401P4900,181.0,0.0,0.0,0.0,5,198.0,200.5,5,181.0,0.0,0.0,0.0,0.0,0.0,118
2023-05-10 10:35:19,TA401P4900,TA401P4900,181.0,0.0,0.0,0.0,5,198.0,201.5,5,181.0,0.0,0.0,0.0,0.0,0.0,118
2023-05-10 10:36:09,TA401P4900,TA401P4900,181.0,0.0,0.0,0.0,5,199.0,201.5,5,181.0,0.0,0.0,0.0,0.0,0.0,118
2023-05-10 10:36:10,TA401P4900,TA401P4900,181.0,0.0,0.0,0.0,5,199.0,214.5,1,181.0,0.0,0.0,0.0,0.0,0.0,118
2023-05-10 10:36:10,TA401P4900,TA401P4900,181.0,0.0,0.0,0.0,5,199.0,203.0,5,181.0,0.0,0.0,0.0,0.0,0.0,118
2023-05-10 10:38:04,TA401P4900,TA401P4900,181.0,0.0,0.0,0.0,5,200.0,203.0,5,181.0,0.0,0.0,0.0,0.0,0.0,118
2023-05-10 10:38:32,TA401P4900,TA401P4900,181.0,0.0,0.0,0.0,5,200.0,214.5,1,181.0,0.0,0.0,0.0,0.0,0.0,118
2023-05-10 10:38:32,TA401P4900,TA401P4900,181.0,0.0,0.0,0.0,5,201.0,214.5,1,181.0,0.0,0.0,0.0,0.0,0.0,118
2023-05-10 10:38:35,TA401P4900,TA401P4900,181.0,0.0,0.0,0.0,5,201.0,204.5,5,181.0,0.0,0.0,0.0,0.0,0.0,118
2023-05-10 10:38:50,TA401P4900,TA401P4900,181.0,0.0,0.0,0.0,5,201.0,214.5,1,181.0,0.0,0.0,0.0,0.0,0.0,118
2023-05-10 10:38:51,TA401P4900,TA401P4900,181.0,0.0,0.0,0.0,5,201.0,205.5,5,181.0,0.0,0.0,0.0,0.0,0.0,118
2023-05-10 10:39:04,TA401P4900,TA401P4900,181.0,0.0,0.0,0.0,5,202.0,205.5,5,181.0,0.0,0.0,0.0,0.0,0.0,118
2023-05-10 10:39:14,TA401P4900,TA401P4900,181.0,0.0,0.0,0.0,5,202.0,214.5,1,181.0,0.0,0.0,0.0,0.0,0.0,118
2023-05-10 10:39:15,TA401P4900,TA401P4900,181.0,0.0,0.0,0.0,5,203.5,214.5,1,181.0,0.0,0.0,0.0,0.0,0.0,118
2023-05-10 10:39:16,TA401P4900,TA401P4900,181.0,0.0,0.0,0.0,5,203.5,207.0,5,181.0,0.0,0.0,0.0,0.0,0.0,118
2023-05-10 10:40:20,TA401P4900,TA401P4900,181.0,0.0,0.0,0.0,5,203.5,206.0,5,181.0,0.0,0.0,0.0,0.0,0.0,118
2023-05-10 10:41:12,TA401P4900,TA401P4900,181.0,0.0,0.0,0.0,5,202.0,206.0,5,181.0,0.0,0.0,0.0,0.0,0.0,118
2023-05-10 10:42:07,TA401P4900,TA401P4900,181.0,0.0,0.0,0.0,5,202.0,205.0,5,181.0,0.0,0.0,0.0,0.0,0.0,118
2023-05-10 10:42:22,TA401P4900,TA401P4900,181.0,0.0,0.0,0.0,1,180.0,205.0,5,181.0,0.0,0.0,0.0,0.0,0.0,118
2023-05-10 10:42:23,TA401P4900,TA401P4900,181.0,0.0,0.0,0.0,1,192.5,205.0,5,181.0,0.0,0.0,0.0,0.0,0.0,118
2023-05-10 10:42:25,TA401P4900,TA401P4900,181.0,0.0,0.0,0.0,5,200.5,205.0,5,181.0,0.0,0.0,0.0,0.0,0.0,118
2023-05-10 10:42:25,TA401P4900,TA401P4900,181.0,0.0,0.0,0.0,5,200.5,204.0,5,181.0,0.0,0.0,0.0,0.0,0.0,118
2023-05-10 10:44:24,TA401P4900,TA401P4900,181.0,0.0,0.0,0.0,5,200.5,203.0,5,181.0,0.0,0.0,0.0,0.0,0.0,118
2023-05-10 10:46:43,TA401P4900,TA401P4900,181.0,0.0,0.0,0.0,1,192.5,203.0,5,181.0,0.0,0.0,0.0,0.0,0.0,118
2023-05-10 10:46:44,TA401P4900,TA401P4900,181.0,0.0,0.0,0.0,5,199.0,203.0,5,181.0,0.0,0.0,0.0,0.0,0.0,118
2023-05-10 10:47:01,TA401P4900,TA401P4900,181.0,0.0,0.0,0.0,5,200.0,203.0,5,181.0,0.0,0.0,0.0,0.0,0.0,118
2023-05-10 10:47:53,TA401P4900,TA401P4900,181.0,0.0,0.0,0.0,5,200.0,204.0,5,181.0,0.0,0.0,0.0,0.0,0.0,118
2023-05-10 10:48:01,TA401P4900,TA401P4900,181.0,0.0,0.0,0.0,5,201.0,204.0,5,181.0,0.0,0.0,0.0,0.0,0.0,118
2023-05-10 10:48:21,TA401P4900,TA401P4900,181.0,0.0,0.0,0.0,5,201.0,205.5,5,181.0,0.0,0.0,0.0,0.0,0.0,118
2023-05-10 10:48:51,TA401P4900,TA401P4900,181.0,0.0,0.0,0.0,5,202.0,205.5,5,181.0,0.0,0.0,0.0,0.0,0.0,118
2023-05-10 10:49:16,TA401P4900,TA401P4900,181.0,0.0,0.0,0.0,5,202.0,204.5,5,181.0,0.0,0.0,0.0,0.0,0.0,118
2023-05-10 10:50:14,TA401P4900,TA401P4900,181.0,0.0,0.0,0.0,5,201.0,204.5,5,181.0,0.0,0.0,0.0,0.0,0.0,118
2023-05-10 10:51:01,TA401P4900,TA401P4900,181.0,0.0,0.0,0.0,5,201.0,203.5,5,181.0,0.0,0.0,0.0,0.0,0.0,118
2023-05-10 10:51:05,TA401P4900,TA401P4900,181.0,0.0,0.0,0.0,1,192.5,203.5,5,181.0,0.0,0.0,0.0,0.0,0.0,118
2023-05-10 10:51:07,TA401P4900,TA401P4900,181.0,0.0,0.0,0.0,5,199.0,203.5,5,181.0,0.0,0.0,0.0,0.0,0.0,118
2023-05-10 10:51:09,TA401P4900,TA401P4900,181.0,0.0,0.0,0.0,5,200.0,203.5,5,181.0,0.0,0.0,0.0,0.0,0.0,118
2023-05-10 10:52:06,TA401P4900,TA401P4900,181.0,0.0,0.0,0.0,5,201.0,203.5,5,181.0,0.0,0.0,0.0,0.0,0.0,118
2023-05-10 10:58:03,TA401P4900,TA401P4900,181.0,0.0,0.0,0.0,5,201.0,204.5,5,181.0,0.0,0.0,0.0,0.0,0.0,118
2023-05-10 10:59:12,TA401P4900,TA401P4900,181.0,0.0,0.0,0.0,5,201.0,203.5,5,181.0,0.0,0.0,0.0,0.0,0.0,118
2023-05-10 11:00:05,TA401P4900,TA401P4900,181.0,0.0,0.0,0.0,5,200.0,203.5,5,181.0,0.0,0.0,0.0,0.0,0.0,118
2023-05-10 11:00:14,TA401P4900,TA401P4900,181.0,0.0,0.0,0.0,1,192.5,203.5,5,181.0,0.0,0.0,0.0,0.0,0.0,118
2023-05-10 11:00:17,TA401P4900,TA401P4900,181.0,0.0,0.0,0.0,5,199.0,203.5,5,181.0,0.0,0.0,0.0,0.0,0.0,118
2023-05-10 11:00:22,TA401P4900,TA401P4900,181.0,0.0,0.0,0.0,5,199.0,202.5,5,181.0,0.0,0.0,0.0,0.0,0.0,118
2023-05-10 11:04:58,TA401P4900,TA401P4900,181.0,0.0,0.0,0.0,5,200.0,202.5,5,181.0,0.0,0.0,0.0,0.0,0.0,118
2023-05-10 11:05:14,TA401P4900,TA401P4900,181.0,0.0,0.0,0.0,5,199.0,202.5,5,181.0,0.0,0.0,0.0,0.0,0.0,118
2023-05-10 11:05:21,TA401P4900,TA401P4900,181.0,0.0,0.0,0.0,1,192.5,202.5,5,181.0,0.0,0.0,0.0,0.0,0.0,118
2023-05-10 11:05:22,TA401P4900,TA401P4900,181.0,0.0,0.0,0.0,5,197.5,201.5,5,181.0,0.0,0.0,0.0,0.0,0.0,118
2023-05-10 11:05:55,TA401P4900,TA401P4900,181.0,0.0,0.0,0.0,5,198.5,201.5,5,181.0,0.0,0.0,0.0,0.0,0.0,118
2023-05-10 11:08:47,TA401P4900,TA401P4900,181.0,0.0,0.0,0.0,5,198.5,202.5,5,181.0,0.0,0.0,0.0,0.0,0.0,118
2023-05-10 11:08:48,TA401P4900,TA401P4900,181.0,0.0,0.0,0.0,5,199.5,202.5,5,181.0,0.0,0.0,0.0,0.0,0.0,118
2023-05-10 11:10:57,TA401P4900,TA401P4900,181.0,0.0,0.0,0.0,5,198.5,202.5,5,181.0,0.0,0.0,0.0,0.0,0.0,118
2023-05-10 11:12:05,TA401P4900,TA401P4900,181.0,0.0,0.0,0.0,5,199.5,202.5,5,181.0,0.0,0.0,0.0,0.0,0.0,118
2023-05-10 11:15:05,TA401P4900,TA401P4900,181.0,0.0,0.0,0.0,5,199.5,214.5,1,181.0,0.0,0.0,0.0,0.0,0.0,118
2023-05-10 11:15:06,TA401P4900,TA401P4900,181.0,0.0,0.0,0.0,5,199.5,203.5,5,181.0,0.0,0.0,0.0,0.0,0.0,118
2023-05-10 11:15:38,TA401P4900,TA401P4900,181.0,0.0,0.0,0.0,5,200.5,203.5,5,181.0,0.0,0.0,0.0,0.0,0.0,118
2023-05-10 11:15:47,TA401P4900,TA401P4900,181.0,0.0,0.0,0.0,5,200.5,214.5,1,181.0,0.0,0.0,0.0,0.0,0.0,118
2023-05-10 11:15:48,TA401P4900,TA401P4900,181.0,0.0,0.0,0.0,5,200.5,205.0,5,181.0,0.0,0.0,0.0,0.0,0.0,118
2023-05-10 11:15:51,TA401P4900,TA401P4900,181.0,0.0,0.0,0.0,5,201.5,205.0,5,181.0,0.0,0.0,0.0,0.0,0.0,118
2023-05-10 11:16:04,TA401P4900,TA401P4900,181.0,0.0,0.0,0.0,5,202.5,205.0,5,181.0,0.0,0.0,0.0,0.0,0.0,118
2023-05-10 11:16:30,TA401P4900,TA401P4900,181.0,0.0,0.0,0.0,5,202.5,206.5,5,181.0,0.0,0.0,0.0,0.0,0.0,118
2023-05-10 11:16:36,TA401P4900,TA401P4900,181.0,0.0,0.0,0.0,5,203.5,206.5,5,181.0,0.0,0.0,0.0,0.0,0.0,118
2023-05-10 11:17:10,TA401P4900,TA401P4900,181.0,0.0,0.0,0.0,5,202.5,206.5,5,181.0,0.0,0.0,0.0,0.0,0.0,118
2023-05-10 11:17:11,TA401P4900,TA401P4900,181.0,0.0,0.0,0.0,5,202.5,205.5,5,181.0,0.0,0.0,0.0,0.0,0.0,118
2023-05-10 11:17:19,TA401P4900,TA401P4900,181.0,0.0,0.0,0.0,1,192.5,204.5,5,181.0,0.0,0.0,0.0,0.0,0.0,118
2023-05-10 11:17:20,TA401P4900,TA401P4900,181.0,0.0,0.0,0.0,5,201.0,204.5,5,181.0,0.0,0.0,0.0,0.0,0.0,118
2023-05-10 11:17:59,TA401P4900,TA401P4900,181.0,0.0,0.0,0.0,5,202.0,204.5,5,181.0,0.0,0.0,0.0,0.0,0.0,118
2023-05-10 11:20:03,TA401P4900,TA401P4900,181.0,0.0,0.0,0.0,5,201.0,204.5,5,181.0,0.0,0.0,0.0,0.0,0.0,118
2023-05-10 11:22:14,TA401P4900,TA401P4900,181.0,0.0,0.0,0.0,5,201.0,203.5,5,181.0,0.0,0.0,0.0,0.0,0.0,118
2023-05-10 11:25:24,TA401P4900,TA401P4900,181.0,0.0,0.0,0.0,5,201.0,204.5,5,181.0,0.0,0.0,0.0,0.0,0.0,118
2023-05-10 11:25:45,TA401P4900,TA401P4900,181.0,0.0,0.0,0.0,5,202.0,204.5,5,181.0,0.0,0.0,0.0,0.0,0.0,118
2023-05-10 11:25:49,TA401P4900,TA401P4900,181.0,0.0,0.0,0.0,5,202.0,214.5,1,181.0,0.0,0.0,0.0,0.0,0.0,118
2023-05-10 11:25:52,TA401P4900,TA401P4900,181.0,0.0,0.0,0.0,5,202.0,206.0,5,181.0,0.0,0.0,0.0,0.0,0.0,118
2023-05-10 11:27:22,TA401P4900,TA401P4900,181.0,0.0,0.0,0.0,5,202.0,205.0,5,181.0,0.0,0.0,0.0,0.0,0.0,118
2023-05-10 11:29:05,TA401P4900,TA401P4900,181.0,0.0,0.0,0.0,5,201.0,204.0,5,181.0,0.0,0.0,0.0,0.0,0.0,118
2023-05-10 11:29:25,TA401P4900,TA401P4900,181.0,0.0,0.0,0.0,1,192.5,214.5,1,181.0,0.0,0.0,0.0,0.0,0.0,118
2023-05-10 11:29:29,TA401P4900,TA401P4900,181.0,0.0,0.0,0.0,1,162.0,214.5,1,181.0,0.0,0.0,0.0,0.0,0.0,118
2023-05-10 11:29:35,TA401P4900,TA401P4900,181.0,0.0,0.0,0.0,1,162.0,232.5,1,181.0,0.0,0.0,0.0,0.0,0.0,118
2023-05-10 11:29:50,TA401P4900,TA401P4900,181.0,0.0,0.0,0.0,1,98.0,232.5,1,181.0,0.0,0.0,0.0,0.0,0.0,118
2023-05-10 13:31:01,TA401P4900,TA401P4900,181.0,0.0,0.0,0.0,5,199.5,232.5,1,181.0,0.0,0.0,0.0,0.0,0.0,118
2023-05-10 13:31:03,TA401P4900,TA401P4900,181.0,0.0,0.0,0.0,5,199.5,203.0,5,181.0,0.0,0.0,0.0,0.0,0.0,118
2023-05-10 13:31:54,TA401P4900,TA401P4900,181.0,0.0,0.0,0.0,5,200.5,203.0,5,181.0,0.0,0.0,0.0,0.0,0.0,118
2023-05-10 13:32:04,TA401P4900,TA401P4900,181.0,0.0,0.0,0.0,5,200.5,232.5,1,181.0,0.0,0.0,0.0,0.0,0.0,118
2023-05-10 13:32:06,TA401P4900,TA401P4900,181.0,0.0,0.0,0.0,5,200.5,204.0,5,181.0,0.0,0.0,0.0,0.0,0.0,118
2023-05-10 13:32:46,TA401P4900,TA401P4900,181.0,0.0,0.0,0.0,5,200.5,203.0,5,181.0,0.0,0.0,0.0,0.0,0.0,118
2023-05-10 13:33:14,TA401P4900,TA401P4900,181.0,0.0,0.0,0.0,5,199.5,203.0,5,181.0,0.0,0.0,0.0,0.0,0.0,118
2023-05-10 13:33:45,TA401P4900,TA401P4900,181.0,0.0,0.0,0.0,5,199.5,202.0,5,181.0,0.0,0.0,0.0,0.0,0.0,118
2023-05-10 13:35:05,TA401P4900,TA401P4900,181.0,0.0,0.0,0.0,5,199.5,203.0,5,181.0,0.0,0.0,0.0,0.0,0.0,118
2023-05-10 13:35:36,TA401P4900,TA401P4900,181.0,0.0,0.0,0.0,5,200.5,203.0,5,181.0,0.0,0.0,0.0,0.0,0.0,118
2023-05-10 13:38:34,TA401P4900,TA401P4900,181.0,0.0,0.0,0.0,5,199.5,203.0,5,181.0,0.0,0.0,0.0,0.0,0.0,118
2023-05-10 13:38:52,TA401P4900,TA401P4900,181.0,0.0,0.0,0.0,1,98.0,202.0,5,181.0,0.0,0.0,0.0,0.0,0.0,118
2023-05-10 13:38:53,TA401P4900,TA401P4900,181.0,0.0,0.0,0.0,1,145.0,202.0,5,181.0,0.0,0.0,0.0,0.0,0.0,118
2023-05-10 13:38:53,TA401P4900,TA401P4900,181.0,0.0,0.0,0.0,2,153.0,202.0,5,181.0,0.0,0.0,0.0,0.0,0.0,118
2023-05-10 13:38:53,TA401P4900,TA401P4900,181.0,0.0,0.0,0.0,1,190.5,202.0,5,181.0,0.0,0.0,0.0,0.0,0.0,118
2023-05-10 13:38:54,TA401P4900,TA401P4900,181.0,0.0,0.0,0.0,5,198.0,202.0,5,181.0,0.0,0.0,0.0,0.0,0.0,118
2023-05-10 13:39:22,TA401P4900,TA401P4900,181.0,0.0,0.0,0.0,5,199.0,202.0,5,181.0,0.0,0.0,0.0,0.0,0.0,118
2023-05-10 13:39:29,TA401P4900,TA401P4900,181.0,0.0,0.0,0.0,5,199.0,203.0,5,181.0,0.0,0.0,0.0,0.0,0.0,118
2023-05-10 13:39:50,TA401P4900,TA401P4900,181.0,0.0,0.0,0.0,5,200.0,203.0,5,181.0,0.0,0.0,0.0,0.0,0.0,118
2023-05-10 13:40:23,TA401P4900,TA401P4900,181.0,0.0,0.0,0.0,5,200.0,232.5,1,181.0,0.0,0.0,0.0,0.0,0.0,118
2023-05-10 13:40:24,TA401P4900,TA401P4900,181.0,0.0,0.0,0.0,5,201.0,232.5,1,181.0,0.0,0.0,0.0,0.0,0.0,118
2023-05-10 13:40:25,TA401P4900,TA401P4900,181.0,0.0,0.0,0.0,5,201.0,204.5,5,181.0,0.0,0.0,0.0,0.0,0.0,118
2023-05-10 13:41:07,TA401P4900,TA401P4900,181.0,0.0,0.0,0.0,5,202.0,212.0,1,181.0,0.0,0.0,0.0,0.0,0.0,118
2023-05-10 13:41:11,TA401P4900,TA401P4900,181.0,0.0,0.0,0.0,5,202.0,206.0,5,181.0,0.0,0.0,0.0,0.0,0.0,118
2023-05-10 13:41:50,TA401P4900,TA401P4900,181.0,0.0,0.0,0.0,5,202.0,205.0,5,181.0,0.0,0.0,0.0,0.0,0.0,118
2023-05-10 13:49:08,TA401P4900,TA401P4900,181.0,0.0,0.0,0.0,5,202.0,206.0,5,181.0,0.0,0.0,0.0,0.0,0.0,118
2023-05-10 13:49:46,TA401P4900,TA401P4900,181.0,0.0,0.0,0.0,5,203.0,206.0,5,181.0,0.0,0.0,0.0,0.0,0.0,118
2023-05-10 13:50:00,TA401P4900,TA401P4900,181.0,0.0,0.0,0.0,5,204.0,207.5,5,181.0,0.0,0.0,0.0,0.0,0.0,118
2023-05-10 13:54:53,TA401P4900,TA401P4900,181.0,0.0,0.0,0.0,5,204.0,206.5,5,181.0,0.0,0.0,0.0,0.0,0.0,118
2023-05-10 13:55:00,TA401P4900,TA401P4900,181.0,0.0,0.0,0.0,5,203.0,206.5,5,181.0,0.0,0.0,0.0,0.0,0.0,118
2023-05-10 13:55:55,TA401P4900,TA401P4900,181.0,0.0,0.0,0.0,5,203.0,205.5,5,181.0,0.0,0.0,0.0,0.0,0.0,118
2023-05-10 14:01:19,TA401P4900,TA401P4900,181.0,0.0,0.0,0.0,5,203.0,206.5,5,181.0,0.0,0.0,0.0,0.0,0.0,118
2023-05-10 14:01:27,TA401P4900,TA401P4900,181.0,0.0,0.0,0.0,5,203.5,206.5,5,181.0,0.0,0.0,0.0,0.0,0.0,118
2023-05-10 14:02:09,TA401P4900,TA401P4900,181.0,0.0,0.0,0.0,5,204.0,206.5,5,181.0,0.0,0.0,0.0,0.0,0.0,118
2023-05-10 14:02:10,TA401P4900,TA401P4900,181.0,0.0,0.0,0.0,5,204.0,208.0,5,181.0,0.0,0.0,0.0,0.0,0.0,118
2023-05-10 14:02:30,TA401P4900,TA401P4900,181.0,0.0,0.0,0.0,5,204.5,208.0,5,181.0,0.0,0.0,0.0,0.0,0.0,118
2023-05-10 14:02:42,TA401P4900,TA401P4900,181.0,0.0,0.0,0.0,5,204.5,207.5,5,181.0,0.0,0.0,0.0,0.0,0.0,118
2023-05-10 14:05:03,TA401P4900,TA401P4900,181.0,0.0,0.0,0.0,5,204.5,207.0,5,181.0,0.0,0.0,0.0,0.0,0.0,118
2023-05-10 14:08:05,TA401P4900,TA401P4900,181.0,0.0,0.0,0.0,5,204.0,207.0,5,181.0,0.0,0.0,0.0,0.0,0.0,118
2023-05-10 14:08:39,TA401P4900,TA401P4900,181.0,0.0,0.0,0.0,5,204.0,206.5,5,181.0,0.0,0.0,0.0,0.0,0.0,118
2023-05-10 14:09:09,TA401P4900,TA401P4900,181.0,0.0,0.0,0.0,5,204.0,207.0,5,181.0,0.0,0.0,0.0,0.0,0.0,118
2023-05-10 14:10:34,TA401P4900,TA401P4900,181.0,0.0,0.0,0.0,5,204.0,206.5,5,181.0,0.0,0.0,0.0,0.0,0.0,118
2023-05-10 14:10:48,TA401P4900,TA401P4900,181.0,0.0,0.0,0.0,5,202.5,206.5,5,181.0,0.0,0.0,0.0,0.0,0.0,118
2023-05-10 14:11:05,TA401P4900,TA401P4900,181.0,0.0,0.0,0.0,5,202.5,206.0,5,181.0,0.0,0.0,0.0,0.0,0.0,118
2023-05-10 14:11:34,TA401P4900,TA401P4900,181.0,0.0,0.0,0.0,5,203.0,206.0,5,181.0,0.0,0.0,0.0,0.0,0.0,118
2023-05-10 14:14:05,TA401P4900,TA401P4900,181.0,0.0,0.0,0.0,5,203.5,206.0,5,181.0,0.0,0.0,0.0,0.0,0.0,118
2023-05-10 14:14:24,TA401P4900,TA401P4900,181.0,0.0,0.0,0.0,5,203.5,206.5,5,181.0,0.0,0.0,0.0,0.0,0.0,118
2023-05-10 14:15:13,TA401P4900,TA401P4900,181.0,0.0,0.0,0.0,5,203.5,206.0,5,181.0,0.0,0.0,0.0,0.0,0.0,118
2023-05-10 14:15:15,TA401P4900,TA401P4900,181.0,0.0,0.0,0.0,5,203.0,206.0,5,181.0,0.0,0.0,0.0,0.0,0.0,118
2023-05-10 14:16:10,TA401P4900,TA401P4900,181.0,0.0,0.0,0.0,5,204.0,206.5,5,181.0,0.0,0.0,0.0,0.0,0.0,118
2023-05-10 14:16:29,TA401P4900,TA401P4900,181.0,0.0,0.0,0.0,5,203.0,206.5,5,181.0,0.0,0.0,0.0,0.0,0.0,118
2023-05-10 14:17:04,TA401P4900,TA401P4900,181.0,0.0,0.0,0.0,5,203.0,205.5,5,181.0,0.0,0.0,0.0,0.0,0.0,118
2023-05-10 14:17:15,TA401P4900,TA401P4900,181.0,0.0,0.0,0.0,1,190.5,205.5,5,181.0,0.0,0.0,0.0,0.0,0.0,118
2023-05-10 14:17:18,TA401P4900,TA401P4900,181.0,0.0,0.0,0.0,5,201.5,205.5,5,181.0,0.0,0.0,0.0,0.0,0.0,118
2023-05-10 14:18:01,TA401P4900,TA401P4900,181.0,0.0,0.0,0.0,5,201.5,205.0,5,181.0,0.0,0.0,0.0,0.0,0.0,118
2023-05-10 14:18:51,TA401P4900,TA401P4900,181.0,0.0,0.0,0.0,5,202.0,205.0,5,181.0,0.0,0.0,0.0,0.0,0.0,118
2023-05-10 14:19:00,TA401P4900,TA401P4900,181.0,0.0,0.0,0.0,5,202.5,205.0,5,181.0,0.0,0.0,0.0,0.0,0.0,118
2023-05-10 14:19:06,TA401P4900,TA401P4900,181.0,0.0,0.0,0.0,5,202.5,205.5,5,181.0,0.0,0.0,0.0,0.0,0.0,118
2023-05-10 14:19:20,TA401P4900,TA401P4900,181.0,0.0,0.0,0.0,5,203.0,212.0,1,181.0,0.0,0.0,0.0,0.0,0.0,118
2023-05-10 14:19:22,TA401P4900,TA401P4900,181.0,0.0,0.0,0.0,5,203.0,207.0,5,181.0,0.0,0.0,0.0,0.0,0.0,118
2023-05-10 14:19:39,TA401P4900,TA401P4900,181.0,0.0,0.0,0.0,5,203.5,207.0,5,181.0,0.0,0.0,0.0,0.0,0.0,118
2023-05-10 14:24:10,TA401P4900,TA401P4900,181.0,0.0,0.0,0.0,5,204.0,207.0,5,181.0,0.0,0.0,0.0,0.0,0.0,118
2023-05-10 14:24:55,TA401P4900,TA401P4900,181.0,0.0,0.0,0.0,5,204.5,207.0,5,181.0,0.0,0.0,0.0,0.0,0.0,118
2023-05-10 14:26:27,TA401P4900,TA401P4900,181.0,0.0,0.0,0.0,5,204.0,207.0,5,181.0,0.0,0.0,0.0,0.0,0.0,118
2023-05-10 14:26:28,TA401P4900,TA401P4900,181.0,0.0,0.0,0.0,5,204.0,206.5,5,181.0,0.0,0.0,0.0,0.0,0.0,118
2023-05-10 14:27:02,TA401P4900,TA401P4900,181.0,0.0,0.0,0.0,5,204.0,207.0,5,181.0,0.0,0.0,0.0,0.0,0.0,118
2023-05-10 14:27:48,TA401P4900,TA401P4900,181.0,0.0,0.0,0.0,5,204.5,212.0,1,181.0,0.0,0.0,0.0,0.0,0.0,118
2023-05-10 14:27:49,TA401P4900,TA401P4900,181.0,0.0,0.0,0.0,5,204.5,208.0,5,181.0,0.0,0.0,0.0,0.0,0.0,118
2023-05-10 14:28:11,TA401P4900,TA401P4900,181.0,0.0,0.0,0.0,5,205.0,208.0,5,181.0,0.0,0.0,0.0,0.0,0.0,118
2023-05-10 14:28:24,TA401P4900,TA401P4900,181.0,0.0,0.0,0.0,5,205.0,212.0,1,181.0,0.0,0.0,0.0,0.0,0.0,118
2023-05-10 14:28:26,TA401P4900,TA401P4900,181.0,0.0,0.0,0.0,5,205.0,209.0,5,181.0,0.0,0.0,0.0,0.0,0.0,118
2023-05-10 14:28:27,TA401P4900,TA401P4900,181.0,0.0,0.0,0.0,5,206.0,209.0,5,181.0,0.0,0.0,0.0,0.0,0.0,118
2023-05-10 14:30:00,TA401P4900,TA401P4900,181.0,0.0,0.0,0.0,5,206.0,212.0,1,181.0,0.0,0.0,0.0,0.0,0.0,118
2023-05-10 14:30:01,TA401P4900,TA401P4900,181.0,0.0,0.0,0.0,5,206.0,210.0,5,181.0,0.0,0.0,0.0,0.0,0.0,118
2023-05-10 14:30:03,TA401P4900,TA401P4900,181.0,0.0,0.0,0.0,5,207.0,210.0,5,181.0,0.0,0.0,0.0,0.0,0.0,118
2023-05-10 14:31:53,TA401P4900,TA401P4900,181.0,0.0,0.0,0.0,5,207.0,212.0,1,181.0,0.0,0.0,0.0,0.0,0.0,118
2023-05-10 14:31:55,TA401P4900,TA401P4900,181.0,0.0,0.0,0.0,5,208.0,212.0,1,181.0,0.0,0.0,0.0,0.0,0.0,118
2023-05-10 14:31:57,TA401P4900,TA401P4900,181.0,0.0,0.0,0.0,5,208.0,212.0,6,181.0,0.0,0.0,0.0,0.0,0.0,118
2023-05-10 14:32:10,TA401P4900,TA401P4900,181.0,0.0,0.0,0.0,5,208.0,212.0,5,181.0,0.0,0.0,0.0,0.0,0.0,118
2023-05-10 14:32:20,TA401P4900,TA401P4900,181.0,0.0,0.0,0.0,5,208.5,212.0,5,181.0,0.0,0.0,0.0,0.0,0.0,118
2023-05-10 14:32:49,TA401P4900,TA401P4900,181.0,0.0,0.0,0.0,5,208.5,211.5,5,181.0,0.0,0.0,0.0,0.0,0.0,118
2023-05-10 14:33:03,TA401P4900,TA401P4900,181.0,0.0,0.0,0.0,5,209.0,212.0,5,181.0,0.0,0.0,0.0,0.0,0.0,118
2023-05-10 14:33:06,TA401P4900,TA401P4900,181.0,0.0,0.0,0.0,5,209.0,220.0,1,181.0,0.0,0.0,0.0,0.0,0.0,118
2023-05-10 14:33:08,TA401P4900,TA401P4900,181.0,0.0,0.0,0.0,5,209.0,213.0,5,181.0,0.0,0.0,0.0,0.0,0.0,118
2023-05-10 14:33:11,TA401P4900,TA401P4900,181.0,0.0,0.0,0.0,5,210.0,213.0,5,181.0,0.0,0.0,0.0,0.0,0.0,118
2023-05-10 14:33:13,TA401P4900,TA401P4900,181.0,0.0,0.0,0.0,5,210.0,220.0,1,181.0,0.0,0.0,0.0,0.0,0.0,118
2023-05-10 14:33:16,TA401P4900,TA401P4900,181.0,0.0,0.0,0.0,5,210.0,214.0,5,181.0,0.0,0.0,0.0,0.0,0.0,118
2023-05-10 14:33:18,TA401P4900,TA401P4900,181.0,0.0,0.0,0.0,5,211.0,214.0,5,181.0,0.0,0.0,0.0,0.0,0.0,118
2023-05-10 14:34:09,TA401P4900,TA401P4900,181.0,0.0,0.0,0.0,5,211.0,220.0,1,181.0,0.0,0.0,0.0,0.0,0.0,118
2023-05-10 14:34:10,TA401P4900,TA401P4900,181.0,0.0,0.0,0.0,5,212.0,215.5,5,181.0,0.0,0.0,0.0,0.0,0.0,118
2023-05-10 14:34:32,TA401P4900,TA401P4900,181.0,0.0,0.0,0.0,5,212.0,220.0,1,181.0,0.0,0.0,0.0,0.0,0.0,118
2023-05-10 14:34:35,TA401P4900,TA401P4900,181.0,0.0,0.0,0.0,5,212.0,216.5,5,181.0,0.0,0.0,0.0,0.0,0.0,118
2023-05-10 14:34:51,TA401P4900,TA401P4900,181.0,0.0,0.0,0.0,5,213.0,216.5,5,181.0,0.0,0.0,0.0,0.0,0.0,118
2023-05-10 14:35:00,TA401P4900,TA401P4900,181.0,0.0,0.0,0.0,5,214.0,216.5,5,181.0,0.0,0.0,0.0,0.0,0.0,118
2023-05-10 14:35:02,TA401P4900,TA401P4900,181.0,0.0,0.0,0.0,5,214.0,218.0,5,181.0,0.0,0.0,0.0,0.0,0.0,118
2023-05-10 14:35:07,TA401P4900,TA401P4900,181.0,0.0,0.0,0.0,5,214.0,217.0,5,181.0,0.0,0.0,0.0,0.0,0.0,118
2023-05-10 14:37:52,TA401P4900,TA401P4900,181.0,0.0,0.0,0.0,5,214.0,218.0,5,181.0,0.0,0.0,0.0,0.0,0.0,118
2023-05-10 14:37:55,TA401P4900,TA401P4900,181.0,0.0,0.0,0.0,5,215.0,218.0,5,181.0,0.0,0.0,0.0,0.0,0.0,118
2023-05-10 14:38:31,TA401P4900,TA401P4900,181.0,0.0,0.0,0.0,5,215.0,220.0,1,181.0,0.0,0.0,0.0,0.0,0.0,118
2023-05-10 14:38:32,TA401P4900,TA401P4900,181.0,0.0,0.0,0.0,5,215.0,219.5,5,181.0,0.0,0.0,0.0,0.0,0.0,118
2023-05-10 14:38:35,TA401P4900,TA401P4900,181.0,0.0,0.0,0.0,5,216.0,219.5,5,181.0,0.0,0.0,0.0,0.0,0.0,118
2023-05-10 14:38:43,TA401P4900,TA401P4900,181.0,0.0,0.0,0.0,5,216.0,228.0,1,181.0,0.0,0.0,0.0,0.0,0.0,118
2023-05-10 14:38:44,TA401P4900,TA401P4900,181.0,0.0,0.0,0.0,5,216.0,220.5,5,181.0,0.0,0.0,0.0,0.0,0.0,118
2023-05-10 14:38:52,TA401P4900,TA401P4900,181.0,0.0,0.0,0.0,5,217.0,220.5,5,181.0,0.0,0.0,0.0,0.0,0.0,118
2023-05-10 14:39:12,TA401P4900,TA401P4900,181.0,0.0,0.0,0.0,5,217.0,228.0,1,181.0,0.0,0.0,0.0,0.0,0.0,118
2023-05-10 14:39:13,TA401P4900,TA401P4900,181.0,0.0,0.0,0.0,5,218.0,228.0,1,181.0,0.0,0.0,0.0,0.0,0.0,118
2023-05-10 14:39:14,TA401P4900,TA401P4900,181.0,0.0,0.0,0.0,5,218.0,222.5,5,181.0,0.0,0.0,0.0,0.0,0.0,118
2023-05-10 14:39:20,TA401P4900,TA401P4900,181.0,0.0,0.0,0.0,5,218.0,221.0,5,181.0,0.0,0.0,0.0,0.0,0.0,118
2023-05-10 14:39:59,TA401P4900,TA401P4900,181.0,0.0,0.0,0.0,5,218.0,222.5,5,181.0,0.0,0.0,0.0,0.0,0.0,118
2023-05-10 14:40:07,TA401P4900,TA401P4900,181.0,0.0,0.0,0.0,5,219.0,222.5,5,181.0,0.0,0.0,0.0,0.0,0.0,118
2023-05-10 14:40:37,TA401P4900,TA401P4900,181.0,0.0,0.0,0.0,5,218.0,222.5,5,181.0,0.0,0.0,0.0,0.0,0.0,118
2023-05-10 14:40:39,TA401P4900,TA401P4900,181.0,0.0,0.0,0.0,1,144.0,222.5,5,181.0,0.0,0.0,0.0,0.0,0.0,118
2023-05-10 14:40:40,TA401P4900,TA401P4900,181.0,0.0,0.0,0.0,2,152.0,222.5,5,181.0,0.0,0.0,0.0,0.0,0.0,118
2023-05-10 14:40:40,TA401P4900,TA401P4900,181.0,0.0,0.0,0.0,1,197.5,222.5,5,181.0,0.0,0.0,0.0,0.0,0.0,118
2023-05-10 14:40:46,TA401P4900,TA401P4900,181.0,0.0,0.0,0.0,1,197.5,220.0,5,181.0,0.0,0.0,0.0,0.0,0.0,118
2023-05-10 14:40:48,TA401P4900,TA401P4900,181.0,0.0,0.0,0.0,5,215.0,220.0,5,181.0,0.0,0.0,0.0,0.0,0.0,118
2023-05-10 14:40:58,TA401P4900,TA401P4900,181.0,0.0,0.0,0.0,5,215.0,219.0,5,181.0,0.0,0.0,0.0,0.0,0.0,118
2023-05-10 14:41:28,TA401P4900,TA401P4900,181.0,0.0,0.0,0.0,1,197.5,217.5,5,181.0,0.0,0.0,0.0,0.0,0.0,118
2023-05-10 14:41:31,TA401P4900,TA401P4900,181.0,0.0,0.0,0.0,5,213.0,217.5,5,181.0,0.0,0.0,0.0,0.0,0.0,118
2023-05-10 14:42:40,TA401P4900,TA401P4900,181.0,0.0,0.0,0.0,5,213.0,216.5,5,181.0,0.0,0.0,0.0,0.0,0.0,118
2023-05-10 14:42:40,TA401P4900,TA401P4900,181.0,0.0,0.0,0.0,1,197.5,216.5,5,181.0,0.0,0.0,0.0,0.0,0.0,118
2023-05-10 14:42:43,TA401P4900,TA401P4900,181.0,0.0,0.0,0.0,5,211.0,216.5,5,181.0,0.0,0.0,0.0,0.0,0.0,118
2023-05-10 14:42:50,TA401P4900,TA401P4900,181.0,0.0,0.0,0.0,5,211.0,215.0,5,181.0,0.0,0.0,0.0,0.0,0.0,118
2023-05-10 14:44:01,TA401P4900,TA401P4900,181.0,0.0,0.0,0.0,1,197.5,215.0,5,181.0,0.0,0.0,0.0,0.0,0.0,118
2023-05-10 14:44:04,TA401P4900,TA401P4900,181.0,0.0,0.0,0.0,1,197.5,213.5,5,181.0,0.0,0.0,0.0,0.0,0.0,118
2023-05-10 14:44:05,TA401P4900,TA401P4900,181.0,0.0,0.0,0.0,5,208.5,213.5,5,181.0,0.0,0.0,0.0,0.0,0.0,118
2023-05-10 14:45:27,TA401P4900,TA401P4900,181.0,0.0,0.0,0.0,5,208.5,212.0,5,181.0,0.0,0.0,0.0,0.0,0.0,118
2023-05-10 14:46:01,TA401P4900,TA401P4900,181.0,0.0,0.0,0.0,1,197.5,212.0,5,181.0,0.0,0.0,0.0,0.0,0.0,118
2023-05-10 14:46:05,TA401P4900,TA401P4900,181.0,0.0,0.0,0.0,5,206.0,212.0,5,181.0,0.0,0.0,0.0,0.0,0.0,118
2023-05-10 14:46:55,TA401P4900,TA401P4900,181.0,0.0,0.0,0.0,5,206.0,211.0,5,181.0,0.0,0.0,0.0,0.0,0.0,118
2023-05-10 14:47:32,TA401P4900,TA401P4900,181.0,0.0,0.0,0.0,5,207.5,211.0,5,181.0,0.0,0.0,0.0,0.0,0.0,118
2023-05-10 14:48:55,TA401P4900,TA401P4900,181.0,0.0,0.0,0.0,5,206.0,211.0,5,181.0,0.0,0.0,0.0,0.0,0.0,118
2023-05-10 14:49:08,TA401P4900,TA401P4900,181.0,0.0,0.0,0.0,5,206.0,209.5,5,181.0,0.0,0.0,0.0,0.0,0.0,118
2023-05-10 14:49:18,TA401P4900,TA401P4900,181.0,0.0,0.0,0.0,5,203.5,209.5,5,181.0,0.0,0.0,0.0,0.0,0.0,118
2023-05-10 14:52:53,TA401P4900,TA401P4900,181.0,0.0,0.0,0.0,5,205.0,209.5,5,181.0,0.0,0.0,0.0,0.0,0.0,118
2023-05-10 14:57:02,TA401P4900,TA401P4900,181.0,0.0,0.0,0.0,5,206.0,209.5,5,181.0,0.0,0.0,0.0,0.0,0.0,118
2023-05-10 14:58:00,TA401P4900,TA401P4900,181.0,0.0,0.0,0.0,5,206.0,211.0,5,181.0,0.0,0.0,0.0,0.0,0.0,118
2023-05-10 14:58:55,TA401P4900,TA401P4900,181.0,0.0,0.0,0.0,1,197.5,228.0,1,181.0,0.0,0.0,0.0,0.0,0.0,118
2023-05-10 14:59:15,TA401P4900,TA401P4900,181.0,0.0,0.0,0.0,1,126.0,228.0,1,181.0,0.0,0.0,0.0,0.0,0.0,118
2023-05-10 14:59:20,TA401P4900,TA401P4900,181.0,0.0,0.0,0.0,1,126.0,232.5,1,181.0,0.0,0.0,0.0,0.0,0.0,118
