time,symbol_id,symbol_name,last,trade_volume,trade_amount,open_interest_change,bv1,bp1,ap1,av1,yesterday_close,today_open,today_high,today_low,volume,amount,open_interest
2023-05-09 19:10:58,TA401C4950,TA401C4950,515.5,0.0,0.0,0.0,0,0.0,0.0,0,515.5,0.0,0.0,0.0,0.0,0.0,22
2023-05-09 21:00:03,TA401C4950,TA401C4950,515.5,0.0,0.0,0.0,1,417.0,627.0,1,515.5,0.0,0.0,0.0,0.0,0.0,22
2023-05-09 22:49:48,TA401C4950,TA401C4950,515.5,0.0,0.0,0.0,5,495.0,501.0,5,515.5,0.0,0.0,0.0,0.0,0.0,22
2023-05-09 22:50:00,TA401C4950,TA401C4950,515.5,0.0,0.0,0.0,5,495.0,499.5,5,515.5,0.0,0.0,0.0,0.0,0.0,22
2023-05-09 22:50:08,TA401C4950,TA401C4950,515.5,0.0,0.0,0.0,5,493.0,499.5,5,515.5,0.0,0.0,0.0,0.0,0.0,22
2023-05-09 22:50:33,TA401C4950,TA401C4950,515.5,0.0,0.0,0.0,5,493.0,498.0,5,515.5,0.0,0.0,0.0,0.0,0.0,22
2023-05-09 22:51:02,TA401C4950,TA401C4950,515.5,0.0,0.0,0.0,5,494.5,499.5,5,515.5,0.0,0.0,0.0,0.0,0.0,22
2023-05-09 22:53:25,TA401C4950,TA401C4950,515.5,0.0,0.0,0.0,5,494.5,501.5,5,515.5,0.0,0.0,0.0,0.0,0.0,22
2023-05-09 22:53:58,TA401C4950,TA401C4950,515.5,0.0,0.0,0.0,5,494.5,500.0,5,515.5,0.0,0.0,0.0,0.0,0.0,22
2023-05-09 22:55:00,TA401C4950,TA401C4950,515.5,0.0,0.0,0.0,5,494.5,501.5,5,515.5,0.0,0.0,0.0,0.0,0.0,22
2023-05-09 22:55:03,TA401C4950,TA401C4950,515.5,0.0,0.0,0.0,5,494.5,627.0,1,515.5,0.0,0.0,0.0,0.0,0.0,22
2023-05-09 22:55:04,TA401C4950,TA401C4950,515.5,0.0,0.0,0.0,5,494.5,625.5,1,515.5,0.0,0.0,0.0,0.0,0.0,22
2023-05-09 22:55:05,TA401C4950,TA401C4950,515.5,0.0,0.0,0.0,5,494.5,503.5,5,515.5,0.0,0.0,0.0,0.0,0.0,22
2023-05-09 22:55:10,TA401C4950,TA401C4950,515.5,0.0,0.0,0.0,5,496.5,503.5,5,515.5,0.0,0.0,0.0,0.0,0.0,22
2023-05-09 22:55:57,TA401C4950,TA401C4950,515.5,0.0,0.0,0.0,1,417.0,579.5,1,515.5,0.0,0.0,0.0,0.0,0.0,22
2023-05-09 22:56:31,TA401C4950,TA401C4950,515.5,0.0,0.0,0.0,2,240.5,0.0,0,515.5,0.0,0.0,0.0,0.0,0.0,22
2023-05-09 22:56:31,TA401C4950,TA401C4950,515.5,0.0,0.0,0.0,1,242.0,846.0,1,515.5,0.0,0.0,0.0,0.0,0.0,22
2023-05-09 22:59:50,TA401C4950,TA401C4950,515.5,0.0,0.0,0.0,0,0.0,0.0,0,515.5,0.0,0.0,0.0,0.0,0.0,22
2023-05-10 09:00:04,TA401C4950,TA401C4950,515.5,0.0,0.0,0.0,1,414.0,623.5,1,515.5,0.0,0.0,0.0,0.0,0.0,22
2023-05-10 09:01:33,TA401C4950,TA401C4950,515.5,0.0,0.0,0.0,5,513.5,623.5,1,515.5,0.0,0.0,0.0,0.0,0.0,22
2023-05-10 09:01:34,TA401C4950,TA401C4950,515.5,0.0,0.0,0.0,5,513.5,522.0,5,515.5,0.0,0.0,0.0,0.0,0.0,22
2023-05-10 09:02:08,TA401C4950,TA401C4950,515.5,0.0,0.0,0.0,5,513.5,520.0,5,515.5,0.0,0.0,0.0,0.0,0.0,22
2023-05-10 09:02:15,TA401C4950,TA401C4950,515.5,0.0,0.0,0.0,5,513.5,522.0,5,515.5,0.0,0.0,0.0,0.0,0.0,22
2023-05-10 09:02:17,TA401C4950,TA401C4950,515.5,0.0,0.0,0.0,5,515.5,522.0,5,515.5,0.0,0.0,0.0,0.0,0.0,22
2023-05-10 09:02:31,TA401C4950,TA401C4950,515.5,0.0,0.0,0.0,5,515.5,623.5,1,515.5,0.0,0.0,0.0,0.0,0.0,22
2023-05-10 09:02:32,TA401C4950,TA401C4950,515.5,0.0,0.0,0.0,5,515.5,524.5,5,515.5,0.0,0.0,0.0,0.0,0.0,22
2023-05-10 09:02:41,TA401C4950,TA401C4950,515.5,0.0,0.0,0.0,5,517.5,524.5,5,515.5,0.0,0.0,0.0,0.0,0.0,22
2023-05-10 09:02:56,TA401C4950,TA401C4950,515.5,0.0,0.0,0.0,5,517.5,623.5,1,515.5,0.0,0.0,0.0,0.0,0.0,22
2023-05-10 09:03:00,TA401C4950,TA401C4950,515.5,0.0,0.0,0.0,5,522.0,623.5,1,515.5,0.0,0.0,0.0,0.0,0.0,22
2023-05-10 09:03:03,TA401C4950,TA401C4950,515.5,0.0,0.0,0.0,5,522.0,529.0,5,515.5,0.0,0.0,0.0,0.0,0.0,22
2023-05-10 09:03:15,TA401C4950,TA401C4950,515.5,0.0,0.0,0.0,5,522.0,623.5,1,515.5,0.0,0.0,0.0,0.0,0.0,22
2023-05-10 09:03:26,TA401C4950,TA401C4950,515.5,0.0,0.0,0.0,5,524.5,623.5,1,515.5,0.0,0.0,0.0,0.0,0.0,22
2023-05-10 09:03:27,TA401C4950,TA401C4950,515.5,0.0,0.0,0.0,5,524.5,531.5,5,515.5,0.0,0.0,0.0,0.0,0.0,22
2023-05-10 09:03:32,TA401C4950,TA401C4950,515.5,0.0,0.0,0.0,5,524.5,530.0,5,515.5,0.0,0.0,0.0,0.0,0.0,22
2023-05-10 09:03:37,TA401C4950,TA401C4950,515.5,0.0,0.0,0.0,5,522.0,530.0,5,515.5,0.0,0.0,0.0,0.0,0.0,22
2023-05-10 09:04:05,TA401C4950,TA401C4950,515.5,0.0,0.0,0.0,5,522.0,528.0,5,515.5,0.0,0.0,0.0,0.0,0.0,22
2023-05-10 09:04:11,TA401C4950,TA401C4950,515.5,0.0,0.0,0.0,1,414.0,528.0,5,515.5,0.0,0.0,0.0,0.0,0.0,22
2023-05-10 09:04:14,TA401C4950,TA401C4950,515.5,0.0,0.0,0.0,5,520.0,528.0,5,515.5,0.0,0.0,0.0,0.0,0.0,22
2023-05-10 09:04:16,TA401C4950,TA401C4950,515.5,0.0,0.0,0.0,5,520.0,526.5,5,515.5,0.0,0.0,0.0,0.0,0.0,22
2023-05-10 09:05:08,TA401C4950,TA401C4950,515.5,0.0,0.0,0.0,5,520.0,525.0,5,515.5,0.0,0.0,0.0,0.0,0.0,22
2023-05-10 09:05:41,TA401C4950,TA401C4950,515.5,0.0,0.0,0.0,5,520.0,526.5,5,515.5,0.0,0.0,0.0,0.0,0.0,22
2023-05-10 09:06:03,TA401C4950,TA401C4950,515.5,0.0,0.0,0.0,5,520.0,623.5,1,515.5,0.0,0.0,0.0,0.0,0.0,22
2023-05-10 09:06:05,TA401C4950,TA401C4950,515.5,0.0,0.0,0.0,5,523.0,623.5,1,515.5,0.0,0.0,0.0,0.0,0.0,22
2023-05-10 09:06:09,TA401C4950,TA401C4950,515.5,0.0,0.0,0.0,5,523.0,529.0,5,515.5,0.0,0.0,0.0,0.0,0.0,22
2023-05-10 09:06:28,TA401C4950,TA401C4950,515.5,0.0,0.0,0.0,5,523.0,527.5,5,515.5,0.0,0.0,0.0,0.0,0.0,22
2023-05-10 09:06:29,TA401C4950,TA401C4950,515.5,0.0,0.0,0.0,5,520.0,527.5,5,515.5,0.0,0.0,0.0,0.0,0.0,22
2023-05-10 09:06:39,TA401C4950,TA401C4950,515.5,0.0,0.0,0.0,5,520.0,526.0,5,515.5,0.0,0.0,0.0,0.0,0.0,22
2023-05-10 09:06:59,TA401C4950,TA401C4950,515.5,0.0,0.0,0.0,1,414.0,526.0,5,515.5,0.0,0.0,0.0,0.0,0.0,22
2023-05-10 09:07:03,TA401C4950,TA401C4950,515.5,0.0,0.0,0.0,5,519.0,526.0,5,515.5,0.0,0.0,0.0,0.0,0.0,22
2023-05-10 09:07:16,TA401C4950,TA401C4950,515.5,0.0,0.0,0.0,5,519.0,524.5,5,515.5,0.0,0.0,0.0,0.0,0.0,22
2023-05-10 09:07:50,TA401C4950,TA401C4950,515.5,0.0,0.0,0.0,1,414.0,523.0,5,515.5,0.0,0.0,0.0,0.0,0.0,22
2023-05-10 09:07:57,TA401C4950,TA401C4950,515.5,0.0,0.0,0.0,5,515.5,523.0,5,515.5,0.0,0.0,0.0,0.0,0.0,22
2023-05-10 09:08:05,TA401C4950,TA401C4950,515.5,0.0,0.0,0.0,5,517.5,523.0,5,515.5,0.0,0.0,0.0,0.0,0.0,22
2023-05-10 09:08:14,TA401C4950,TA401C4950,515.5,0.0,0.0,0.0,5,517.5,524.5,5,515.5,0.0,0.0,0.0,0.0,0.0,22
2023-05-10 09:08:17,TA401C4950,TA401C4950,515.5,0.0,0.0,0.0,5,519.0,524.5,5,515.5,0.0,0.0,0.0,0.0,0.0,22
2023-05-10 09:08:23,TA401C4950,TA401C4950,515.5,0.0,0.0,0.0,5,517.5,524.5,5,515.5,0.0,0.0,0.0,0.0,0.0,22
2023-05-10 09:08:23,TA401C4950,TA401C4950,515.5,0.0,0.0,0.0,5,517.5,523.0,5,515.5,0.0,0.0,0.0,0.0,0.0,22
2023-05-10 09:08:40,TA401C4950,TA401C4950,515.5,0.0,0.0,0.0,5,517.5,524.5,5,515.5,0.0,0.0,0.0,0.0,0.0,22
2023-05-10 09:08:51,TA401C4950,TA401C4950,515.5,0.0,0.0,0.0,5,519.0,524.5,5,515.5,0.0,0.0,0.0,0.0,0.0,22
2023-05-10 09:10:19,TA401C4950,TA401C4950,515.5,0.0,0.0,0.0,5,517.5,524.5,5,515.5,0.0,0.0,0.0,0.0,0.0,22
2023-05-10 09:10:35,TA401C4950,TA401C4950,515.5,0.0,0.0,0.0,5,517.5,523.0,5,515.5,0.0,0.0,0.0,0.0,0.0,22
2023-05-10 09:10:38,TA401C4950,TA401C4950,515.5,0.0,0.0,0.0,1,414.0,523.0,5,515.5,0.0,0.0,0.0,0.0,0.0,22
2023-05-10 09:10:40,TA401C4950,TA401C4950,515.5,0.0,0.0,0.0,5,515.0,523.0,5,515.5,0.0,0.0,0.0,0.0,0.0,22
2023-05-10 09:10:41,TA401C4950,TA401C4950,515.5,0.0,0.0,0.0,5,515.0,520.5,5,515.5,0.0,0.0,0.0,0.0,0.0,22
2023-05-10 09:11:02,TA401C4950,TA401C4950,515.5,0.0,0.0,0.0,5,512.5,520.5,5,515.5,0.0,0.0,0.0,0.0,0.0,22
2023-05-10 09:11:05,TA401C4950,TA401C4950,515.5,0.0,0.0,0.0,5,512.5,519.0,5,515.5,0.0,0.0,0.0,0.0,0.0,22
2023-05-10 09:11:27,TA401C4950,TA401C4950,515.5,0.0,0.0,0.0,1,414.0,517.5,5,515.5,0.0,0.0,0.0,0.0,0.0,22
2023-05-10 09:11:29,TA401C4950,TA401C4950,515.5,0.0,0.0,0.0,5,511.0,517.5,5,515.5,0.0,0.0,0.0,0.0,0.0,22
2023-05-10 09:13:45,TA401C4950,TA401C4950,515.5,0.0,0.0,0.0,5,511.0,516.0,5,515.5,0.0,0.0,0.0,0.0,0.0,22
2023-05-10 09:16:26,TA401C4950,TA401C4950,515.5,0.0,0.0,0.0,1,414.0,516.0,5,515.5,0.0,0.0,0.0,0.0,0.0,22
2023-05-10 09:16:31,TA401C4950,TA401C4950,515.5,0.0,0.0,0.0,5,508.5,516.0,5,515.5,0.0,0.0,0.0,0.0,0.0,22
2023-05-10 09:16:36,TA401C4950,TA401C4950,515.5,0.0,0.0,0.0,5,508.5,514.0,5,515.5,0.0,0.0,0.0,0.0,0.0,22
2023-05-10 09:16:38,TA401C4950,TA401C4950,515.5,0.0,0.0,0.0,1,414.0,514.0,5,515.5,0.0,0.0,0.0,0.0,0.0,22
2023-05-10 09:16:41,TA401C4950,TA401C4950,515.5,0.0,0.0,0.0,5,506.0,514.0,5,515.5,0.0,0.0,0.0,0.0,0.0,22
2023-05-10 09:16:44,TA401C4950,TA401C4950,515.5,0.0,0.0,0.0,5,506.0,512.5,5,515.5,0.0,0.0,0.0,0.0,0.0,22
2023-05-10 09:17:54,TA401C4950,TA401C4950,515.5,0.0,0.0,0.0,5,507.5,512.5,5,515.5,0.0,0.0,0.0,0.0,0.0,22
2023-05-10 09:18:04,TA401C4950,TA401C4950,515.5,0.0,0.0,0.0,5,507.5,514.0,5,515.5,0.0,0.0,0.0,0.0,0.0,22
2023-05-10 09:18:16,TA401C4950,TA401C4950,515.5,0.0,0.0,0.0,5,509.0,514.0,5,515.5,0.0,0.0,0.0,0.0,0.0,22
2023-05-10 09:18:29,TA401C4950,TA401C4950,515.5,0.0,0.0,0.0,5,509.0,516.5,5,515.5,0.0,0.0,0.0,0.0,0.0,22
2023-05-10 09:18:46,TA401C4950,TA401C4950,515.5,0.0,0.0,0.0,5,509.0,623.5,1,515.5,0.0,0.0,0.0,0.0,0.0,22
2023-05-10 09:18:49,TA401C4950,TA401C4950,515.5,0.0,0.0,0.0,5,511.5,623.5,1,515.5,0.0,0.0,0.0,0.0,0.0,22
2023-05-10 09:18:49,TA401C4950,TA401C4950,515.5,0.0,0.0,0.0,5,511.5,518.0,5,515.5,0.0,0.0,0.0,0.0,0.0,22
2023-05-10 09:19:03,TA401C4950,TA401C4950,515.5,0.0,0.0,0.0,5,513.0,518.0,5,515.5,0.0,0.0,0.0,0.0,0.0,22
2023-05-10 09:19:12,TA401C4950,TA401C4950,515.5,0.0,0.0,0.0,5,513.0,623.5,1,515.5,0.0,0.0,0.0,0.0,0.0,22
2023-05-10 09:19:13,TA401C4950,TA401C4950,515.5,0.0,0.0,0.0,5,513.0,520.5,5,515.5,0.0,0.0,0.0,0.0,0.0,22
2023-05-10 09:19:21,TA401C4950,TA401C4950,515.5,0.0,0.0,0.0,5,514.5,520.5,5,515.5,0.0,0.0,0.0,0.0,0.0,22
2023-05-10 09:19:27,TA401C4950,TA401C4950,515.5,0.0,0.0,0.0,5,514.5,623.5,1,515.5,0.0,0.0,0.0,0.0,0.0,22
2023-05-10 09:19:34,TA401C4950,TA401C4950,515.5,0.0,0.0,0.0,5,516.5,523.0,5,515.5,0.0,0.0,0.0,0.0,0.0,22
2023-05-10 09:20:05,TA401C4950,TA401C4950,515.5,0.0,0.0,0.0,5,516.5,521.5,5,515.5,0.0,0.0,0.0,0.0,0.0,22
2023-05-10 09:20:46,TA401C4950,TA401C4950,515.5,0.0,0.0,0.0,5,514.5,521.5,5,515.5,0.0,0.0,0.0,0.0,0.0,22
2023-05-10 09:20:49,TA401C4950,TA401C4950,515.5,0.0,0.0,0.0,5,514.5,520.0,5,515.5,0.0,0.0,0.0,0.0,0.0,22
2023-05-10 09:22:40,TA401C4950,TA401C4950,515.5,0.0,0.0,0.0,1,414.0,520.0,5,515.5,0.0,0.0,0.0,0.0,0.0,22
2023-05-10 09:22:42,TA401C4950,TA401C4950,515.5,0.0,0.0,0.0,5,512.5,520.0,5,515.5,0.0,0.0,0.0,0.0,0.0,22
2023-05-10 09:22:46,TA401C4950,TA401C4950,515.5,0.0,0.0,0.0,5,512.5,518.5,5,515.5,0.0,0.0,0.0,0.0,0.0,22
2023-05-10 09:23:57,TA401C4950,TA401C4950,515.5,0.0,0.0,0.0,5,514.0,518.5,5,515.5,0.0,0.0,0.0,0.0,0.0,22
2023-05-10 09:23:57,TA401C4950,TA401C4950,515.5,0.0,0.0,0.0,5,514.0,520.0,5,515.5,0.0,0.0,0.0,0.0,0.0,22
2023-05-10 09:27:14,TA401C4950,TA401C4950,515.5,0.0,0.0,0.0,5,512.5,518.5,5,515.5,0.0,0.0,0.0,0.0,0.0,22
2023-05-10 09:27:26,TA401C4950,TA401C4950,515.5,0.0,0.0,0.0,5,512.5,517.0,5,515.5,0.0,0.0,0.0,0.0,0.0,22
2023-05-10 09:27:29,TA401C4950,TA401C4950,515.5,0.0,0.0,0.0,1,414.0,517.0,5,515.5,0.0,0.0,0.0,0.0,0.0,22
2023-05-10 09:27:38,TA401C4950,TA401C4950,515.5,0.0,0.0,0.0,5,508.0,517.0,5,515.5,0.0,0.0,0.0,0.0,0.0,22
2023-05-10 09:27:39,TA401C4950,TA401C4950,515.5,0.0,0.0,0.0,5,508.0,515.0,5,515.5,0.0,0.0,0.0,0.0,0.0,22
2023-05-10 09:27:48,TA401C4950,TA401C4950,515.5,0.0,0.0,0.0,5,508.0,513.0,5,515.5,0.0,0.0,0.0,0.0,0.0,22
2023-05-10 09:28:11,TA401C4950,TA401C4950,515.5,0.0,0.0,0.0,5,508.0,515.0,5,515.5,0.0,0.0,0.0,0.0,0.0,22
2023-05-10 09:28:26,TA401C4950,TA401C4950,515.5,0.0,0.0,0.0,5,509.5,515.0,5,515.5,0.0,0.0,0.0,0.0,0.0,22
2023-05-10 09:29:31,TA401C4950,TA401C4950,515.5,0.0,0.0,0.0,5,509.5,623.5,1,515.5,0.0,0.0,0.0,0.0,0.0,22
2023-05-10 09:29:32,TA401C4950,TA401C4950,515.5,0.0,0.0,0.0,5,509.5,517.0,5,515.5,0.0,0.0,0.0,0.0,0.0,22
2023-05-10 09:30:00,TA401C4950,TA401C4950,515.5,0.0,0.0,0.0,5,509.5,515.5,5,515.5,0.0,0.0,0.0,0.0,0.0,22
2023-05-10 09:30:20,TA401C4950,TA401C4950,515.5,0.0,0.0,0.0,5,511.0,517.0,5,515.5,0.0,0.0,0.0,0.0,0.0,22
2023-05-10 09:30:34,TA401C4950,TA401C4950,515.5,0.0,0.0,0.0,5,512.5,517.0,5,515.5,0.0,0.0,0.0,0.0,0.0,22
2023-05-10 09:30:35,TA401C4950,TA401C4950,515.5,0.0,0.0,0.0,5,512.5,623.5,1,515.5,0.0,0.0,0.0,0.0,0.0,22
2023-05-10 09:30:36,TA401C4950,TA401C4950,515.5,0.0,0.0,0.0,5,512.5,519.5,5,515.5,0.0,0.0,0.0,0.0,0.0,22
2023-05-10 09:30:58,TA401C4950,TA401C4950,515.5,0.0,0.0,0.0,5,512.5,518.0,5,515.5,0.0,0.0,0.0,0.0,0.0,22
2023-05-10 09:31:09,TA401C4950,TA401C4950,515.5,0.0,0.0,0.0,5,511.0,518.0,5,515.5,0.0,0.0,0.0,0.0,0.0,22
2023-05-10 09:31:11,TA401C4950,TA401C4950,515.5,0.0,0.0,0.0,5,511.0,516.5,5,515.5,0.0,0.0,0.0,0.0,0.0,22
2023-05-10 09:31:51,TA401C4950,TA401C4950,515.5,0.0,0.0,0.0,5,511.0,518.0,5,515.5,0.0,0.0,0.0,0.0,0.0,22
2023-05-10 09:32:15,TA401C4950,TA401C4950,515.5,0.0,0.0,0.0,5,511.0,516.5,5,515.5,0.0,0.0,0.0,0.0,0.0,22
2023-05-10 09:32:17,TA401C4950,TA401C4950,515.5,0.0,0.0,0.0,5,511.0,518.0,5,515.5,0.0,0.0,0.0,0.0,0.0,22
2023-05-10 09:32:27,TA401C4950,TA401C4950,515.5,0.0,0.0,0.0,5,513.0,518.0,5,515.5,0.0,0.0,0.0,0.0,0.0,22
2023-05-10 09:32:41,TA401C4950,TA401C4950,515.5,0.0,0.0,0.0,5,513.0,623.5,1,515.5,0.0,0.0,0.0,0.0,0.0,22
2023-05-10 09:32:42,TA401C4950,TA401C4950,515.5,0.0,0.0,0.0,5,513.0,520.0,5,515.5,0.0,0.0,0.0,0.0,0.0,22
2023-05-10 09:33:33,TA401C4950,TA401C4950,515.5,0.0,0.0,0.0,5,515.0,520.0,5,515.5,0.0,0.0,0.0,0.0,0.0,22
2023-05-10 09:34:03,TA401C4950,TA401C4950,515.5,0.0,0.0,0.0,5,513.0,520.0,5,515.5,0.0,0.0,0.0,0.0,0.0,22
2023-05-10 09:34:08,TA401C4950,TA401C4950,515.5,0.0,0.0,0.0,5,513.0,518.5,5,515.5,0.0,0.0,0.0,0.0,0.0,22
2023-05-10 09:36:30,TA401C4950,TA401C4950,515.5,0.0,0.0,0.0,5,510.5,518.5,5,515.5,0.0,0.0,0.0,0.0,0.0,22
2023-05-10 09:36:45,TA401C4950,TA401C4950,515.5,0.0,0.0,0.0,5,512.5,518.5,5,515.5,0.0,0.0,0.0,0.0,0.0,22
2023-05-10 09:37:05,TA401C4950,TA401C4950,515.5,0.0,0.0,0.0,5,510.5,517.0,5,515.5,0.0,0.0,0.0,0.0,0.0,22
2023-05-10 09:37:13,TA401C4950,TA401C4950,515.5,0.0,0.0,0.0,5,512.0,517.0,5,515.5,0.0,0.0,0.0,0.0,0.0,22
2023-05-10 09:38:11,TA401C4950,TA401C4950,515.5,0.0,0.0,0.0,5,512.0,518.5,5,515.5,0.0,0.0,0.0,0.0,0.0,22
2023-05-10 09:38:13,TA401C4950,TA401C4950,515.5,0.0,0.0,0.0,5,513.5,518.5,5,515.5,0.0,0.0,0.0,0.0,0.0,22
2023-05-10 09:38:14,TA401C4950,TA401C4950,515.5,0.0,0.0,0.0,5,513.5,623.5,1,515.5,0.0,0.0,0.0,0.0,0.0,22
2023-05-10 09:38:16,TA401C4950,TA401C4950,515.5,0.0,0.0,0.0,5,513.5,521.0,5,515.5,0.0,0.0,0.0,0.0,0.0,22
2023-05-10 09:38:21,TA401C4950,TA401C4950,515.5,0.0,0.0,0.0,5,515.5,521.0,5,515.5,0.0,0.0,0.0,0.0,0.0,22
2023-05-10 09:38:39,TA401C4950,TA401C4950,515.5,0.0,0.0,0.0,5,515.5,523.0,5,515.5,0.0,0.0,0.0,0.0,0.0,22
2023-05-10 09:39:01,TA401C4950,TA401C4950,515.5,0.0,0.0,0.0,5,517.0,523.0,5,515.5,0.0,0.0,0.0,0.0,0.0,22
2023-05-10 09:39:04,TA401C4950,TA401C4950,515.5,0.0,0.0,0.0,5,515.5,521.5,5,515.5,0.0,0.0,0.0,0.0,0.0,22
2023-05-10 09:39:10,TA401C4950,TA401C4950,515.5,0.0,0.0,0.0,5,517.0,523.0,5,515.5,0.0,0.0,0.0,0.0,0.0,22
2023-05-10 09:40:18,TA401C4950,TA401C4950,515.5,0.0,0.0,0.0,5,517.0,521.5,5,515.5,0.0,0.0,0.0,0.0,0.0,22
2023-05-10 09:40:18,TA401C4950,TA401C4950,515.5,0.0,0.0,0.0,5,515.5,521.5,5,515.5,0.0,0.0,0.0,0.0,0.0,22
2023-05-10 09:40:49,TA401C4950,TA401C4950,515.5,0.0,0.0,0.0,1,414.0,521.5,5,515.5,0.0,0.0,0.0,0.0,0.0,22
2023-05-10 09:40:50,TA401C4950,TA401C4950,515.5,0.0,0.0,0.0,5,513.0,519.5,5,515.5,0.0,0.0,0.0,0.0,0.0,22
2023-05-10 09:42:10,TA401C4950,TA401C4950,515.5,0.0,0.0,0.0,5,513.0,518.0,5,515.5,0.0,0.0,0.0,0.0,0.0,22
2023-05-10 09:42:11,TA401C4950,TA401C4950,515.5,0.0,0.0,0.0,1,414.0,518.0,5,515.5,0.0,0.0,0.0,0.0,0.0,22
2023-05-10 09:42:13,TA401C4950,TA401C4950,515.5,0.0,0.0,0.0,5,511.0,518.0,5,515.5,0.0,0.0,0.0,0.0,0.0,22
2023-05-10 09:43:20,TA401C4950,TA401C4950,515.5,0.0,0.0,0.0,5,511.0,515.5,5,515.5,0.0,0.0,0.0,0.0,0.0,22
2023-05-10 09:43:22,TA401C4950,TA401C4950,515.5,0.0,0.0,0.0,1,414.0,515.5,5,515.5,0.0,0.0,0.0,0.0,0.0,22
2023-05-10 09:43:25,TA401C4950,TA401C4950,515.5,0.0,0.0,0.0,5,508.5,515.5,5,515.5,0.0,0.0,0.0,0.0,0.0,22
2023-05-10 09:43:59,TA401C4950,TA401C4950,515.5,0.0,0.0,0.0,5,510.0,515.5,5,515.5,0.0,0.0,0.0,0.0,0.0,22
2023-05-10 09:44:34,TA401C4950,TA401C4950,515.5,0.0,0.0,0.0,5,508.5,515.5,5,515.5,0.0,0.0,0.0,0.0,0.0,22
2023-05-10 09:44:51,TA401C4950,TA401C4950,515.5,0.0,0.0,0.0,5,508.5,514.0,5,515.5,0.0,0.0,0.0,0.0,0.0,22
2023-05-10 09:47:11,TA401C4950,TA401C4950,515.5,0.0,0.0,0.0,5,508.5,515.5,5,515.5,0.0,0.0,0.0,0.0,0.0,22
2023-05-10 09:47:12,TA401C4950,TA401C4950,515.5,0.0,0.0,0.0,5,510.0,515.5,5,515.5,0.0,0.0,0.0,0.0,0.0,22
2023-05-10 09:47:25,TA401C4950,TA401C4950,515.5,0.0,0.0,0.0,5,510.0,517.5,5,515.5,0.0,0.0,0.0,0.0,0.0,22
2023-05-10 09:47:35,TA401C4950,TA401C4950,515.5,0.0,0.0,0.0,5,510.0,516.0,5,515.5,0.0,0.0,0.0,0.0,0.0,22
2023-05-10 09:49:19,TA401C4950,TA401C4950,515.5,0.0,0.0,0.0,5,510.0,514.5,5,515.5,0.0,0.0,0.0,0.0,0.0,22
2023-05-10 09:49:23,TA401C4950,TA401C4950,515.5,0.0,0.0,0.0,5,508.5,514.5,5,515.5,0.0,0.0,0.0,0.0,0.0,22
2023-05-10 09:50:05,TA401C4950,TA401C4950,515.5,0.0,0.0,0.0,5,508.5,513.0,5,515.5,0.0,0.0,0.0,0.0,0.0,22
2023-05-10 09:50:07,TA401C4950,TA401C4950,515.5,0.0,0.0,0.0,1,414.0,513.0,5,515.5,0.0,0.0,0.0,0.0,0.0,22
2023-05-10 09:50:09,TA401C4950,TA401C4950,515.5,0.0,0.0,0.0,5,506.5,513.0,5,515.5,0.0,0.0,0.0,0.0,0.0,22
2023-05-10 09:50:23,TA401C4950,TA401C4950,515.5,0.0,0.0,0.0,5,508.0,513.0,5,515.5,0.0,0.0,0.0,0.0,0.0,22
2023-05-10 09:50:24,TA401C4950,TA401C4950,515.5,0.0,0.0,0.0,5,508.0,514.5,5,515.5,0.0,0.0,0.0,0.0,0.0,22
2023-05-10 09:50:42,TA401C4950,TA401C4950,515.5,0.0,0.0,0.0,5,509.5,514.5,5,515.5,0.0,0.0,0.0,0.0,0.0,22
2023-05-10 09:50:49,TA401C4950,TA401C4950,515.5,0.0,0.0,0.0,5,508.0,514.5,5,515.5,0.0,0.0,0.0,0.0,0.0,22
2023-05-10 09:51:20,TA401C4950,TA401C4950,515.5,0.0,0.0,0.0,5,509.5,514.5,5,515.5,0.0,0.0,0.0,0.0,0.0,22
2023-05-10 09:51:29,TA401C4950,TA401C4950,515.5,0.0,0.0,0.0,5,508.0,514.5,5,515.5,0.0,0.0,0.0,0.0,0.0,22
2023-05-10 09:52:08,TA401C4950,TA401C4950,515.5,0.0,0.0,0.0,5,508.0,513.0,5,515.5,0.0,0.0,0.0,0.0,0.0,22
2023-05-10 09:53:03,TA401C4950,TA401C4950,515.5,0.0,0.0,0.0,5,505.5,513.0,5,515.5,0.0,0.0,0.0,0.0,0.0,22
2023-05-10 09:53:14,TA401C4950,TA401C4950,515.5,0.0,0.0,0.0,5,505.5,511.5,5,515.5,0.0,0.0,0.0,0.0,0.0,22
2023-05-10 09:53:19,TA401C4950,TA401C4950,515.5,0.0,0.0,0.0,1,414.0,511.5,5,515.5,0.0,0.0,0.0,0.0,0.0,22
2023-05-10 09:53:23,TA401C4950,TA401C4950,515.5,0.0,0.0,0.0,5,504.0,511.5,5,515.5,0.0,0.0,0.0,0.0,0.0,22
2023-05-10 09:54:10,TA401C4950,TA401C4950,515.5,0.0,0.0,0.0,5,505.5,511.5,5,515.5,0.0,0.0,0.0,0.0,0.0,22
2023-05-10 09:54:17,TA401C4950,TA401C4950,515.5,0.0,0.0,0.0,5,505.5,510.0,5,515.5,0.0,0.0,0.0,0.0,0.0,22
2023-05-10 09:54:17,TA401C4950,TA401C4950,515.5,0.0,0.0,0.0,5,504.0,510.0,5,515.5,0.0,0.0,0.0,0.0,0.0,22
2023-05-10 09:54:31,TA401C4950,TA401C4950,515.5,0.0,0.0,0.0,5,504.0,508.5,5,515.5,0.0,0.0,0.0,0.0,0.0,22
2023-05-10 09:54:31,TA401C4950,TA401C4950,515.5,0.0,0.0,0.0,1,414.0,508.5,5,515.5,0.0,0.0,0.0,0.0,0.0,22
2023-05-10 09:54:33,TA401C4950,TA401C4950,515.5,0.0,0.0,0.0,5,502.0,508.5,5,515.5,0.0,0.0,0.0,0.0,0.0,22
2023-05-10 09:54:56,TA401C4950,TA401C4950,515.5,0.0,0.0,0.0,5,502.0,507.0,5,515.5,0.0,0.0,0.0,0.0,0.0,22
2023-05-10 09:57:38,TA401C4950,TA401C4950,515.5,0.0,0.0,0.0,5,500.0,507.0,5,515.5,0.0,0.0,0.0,0.0,0.0,22
2023-05-10 09:57:42,TA401C4950,TA401C4950,515.5,0.0,0.0,0.0,5,500.0,505.5,5,515.5,0.0,0.0,0.0,0.0,0.0,22
2023-05-10 09:58:09,TA401C4950,TA401C4950,515.5,0.0,0.0,0.0,5,500.0,507.0,5,515.5,0.0,0.0,0.0,0.0,0.0,22
2023-05-10 09:58:09,TA401C4950,TA401C4950,515.5,0.0,0.0,0.0,5,502.0,507.0,5,515.5,0.0,0.0,0.0,0.0,0.0,22
2023-05-10 09:58:13,TA401C4950,TA401C4950,515.5,0.0,0.0,0.0,5,502.0,623.5,1,515.5,0.0,0.0,0.0,0.0,0.0,22
2023-05-10 09:58:17,TA401C4950,TA401C4950,515.5,0.0,0.0,0.0,5,502.0,510.0,5,515.5,0.0,0.0,0.0,0.0,0.0,22
2023-05-10 09:58:19,TA401C4950,TA401C4950,515.5,0.0,0.0,0.0,5,504.0,510.0,5,515.5,0.0,0.0,0.0,0.0,0.0,22
2023-05-10 09:58:43,TA401C4950,TA401C4950,515.5,0.0,0.0,0.0,5,505.5,510.0,5,515.5,0.0,0.0,0.0,0.0,0.0,22
2023-05-10 09:58:46,TA401C4950,TA401C4950,515.5,0.0,0.0,0.0,5,505.5,623.5,1,515.5,0.0,0.0,0.0,0.0,0.0,22
2023-05-10 09:58:47,TA401C4950,TA401C4950,515.5,0.0,0.0,0.0,5,505.5,512.5,5,515.5,0.0,0.0,0.0,0.0,0.0,22
2023-05-10 09:58:53,TA401C4950,TA401C4950,515.5,0.0,0.0,0.0,5,507.0,512.5,5,515.5,0.0,0.0,0.0,0.0,0.0,22
2023-05-10 09:59:35,TA401C4950,TA401C4950,515.5,0.0,0.0,0.0,5,507.0,623.5,1,515.5,0.0,0.0,0.0,0.0,0.0,22
2023-05-10 09:59:35,TA401C4950,TA401C4950,515.5,0.0,0.0,0.0,5,507.0,514.5,5,515.5,0.0,0.0,0.0,0.0,0.0,22
2023-05-10 10:00:00,TA401C4950,TA401C4950,515.5,0.0,0.0,0.0,5,507.0,513.0,5,515.5,0.0,0.0,0.0,0.0,0.0,22
2023-05-10 10:00:11,TA401C4950,TA401C4950,515.5,0.0,0.0,0.0,5,508.5,514.5,5,515.5,0.0,0.0,0.0,0.0,0.0,22
2023-05-10 10:00:42,TA401C4950,TA401C4950,515.5,0.0,0.0,0.0,5,508.5,623.5,1,515.5,0.0,0.0,0.0,0.0,0.0,22
2023-05-10 10:00:43,TA401C4950,TA401C4950,515.5,0.0,0.0,0.0,5,508.5,516.0,5,515.5,0.0,0.0,0.0,0.0,0.0,22
2023-05-10 10:00:45,TA401C4950,TA401C4950,515.5,0.0,0.0,0.0,5,510.5,516.0,5,515.5,0.0,0.0,0.0,0.0,0.0,22
2023-05-10 10:00:49,TA401C4950,TA401C4950,515.5,0.0,0.0,0.0,5,510.5,623.5,1,515.5,0.0,0.0,0.0,0.0,0.0,22
2023-05-10 10:00:55,TA401C4950,TA401C4950,515.5,0.0,0.0,0.0,5,513.5,623.5,1,515.5,0.0,0.0,0.0,0.0,0.0,22
2023-05-10 10:01:00,TA401C4950,TA401C4950,515.5,0.0,0.0,0.0,5,513.5,518.5,5,515.5,0.0,0.0,0.0,0.0,0.0,22
2023-05-10 10:01:31,TA401C4950,TA401C4950,515.5,0.0,0.0,0.0,5,510.5,518.5,5,515.5,0.0,0.0,0.0,0.0,0.0,22
2023-05-10 10:01:35,TA401C4950,TA401C4950,515.5,0.0,0.0,0.0,5,510.5,517.0,5,515.5,0.0,0.0,0.0,0.0,0.0,22
2023-05-10 10:01:42,TA401C4950,TA401C4950,515.5,0.0,0.0,0.0,5,510.5,515.5,5,515.5,0.0,0.0,0.0,0.0,0.0,22
2023-05-10 10:01:48,TA401C4950,TA401C4950,515.5,0.0,0.0,0.0,5,508.5,515.5,5,515.5,0.0,0.0,0.0,0.0,0.0,22
2023-05-10 10:02:26,TA401C4950,TA401C4950,515.5,0.0,0.0,0.0,5,510.0,515.5,5,515.5,0.0,0.0,0.0,0.0,0.0,22
2023-05-10 10:04:03,TA401C4950,TA401C4950,515.5,0.0,0.0,0.0,5,508.5,515.5,5,515.5,0.0,0.0,0.0,0.0,0.0,22
2023-05-10 10:04:04,TA401C4950,TA401C4950,515.5,0.0,0.0,0.0,5,508.5,514.0,5,515.5,0.0,0.0,0.0,0.0,0.0,22
2023-05-10 10:07:37,TA401C4950,TA401C4950,515.5,0.0,0.0,0.0,1,414.0,514.0,5,515.5,0.0,0.0,0.0,0.0,0.0,22
2023-05-10 10:07:39,TA401C4950,TA401C4950,515.5,0.0,0.0,0.0,5,507.0,514.0,5,515.5,0.0,0.0,0.0,0.0,0.0,22
2023-05-10 10:08:23,TA401C4950,TA401C4950,515.5,0.0,0.0,0.0,5,508.5,514.0,5,515.5,0.0,0.0,0.0,0.0,0.0,22
2023-05-10 10:09:02,TA401C4950,TA401C4950,515.5,0.0,0.0,0.0,5,508.5,515.5,5,515.5,0.0,0.0,0.0,0.0,0.0,22
2023-05-10 10:09:08,TA401C4950,TA401C4950,515.5,0.0,0.0,0.0,5,510.5,515.5,5,515.5,0.0,0.0,0.0,0.0,0.0,22
2023-05-10 10:09:29,TA401C4950,TA401C4950,515.5,0.0,0.0,0.0,5,510.5,623.5,1,515.5,0.0,0.0,0.0,0.0,0.0,22
2023-05-10 10:09:30,TA401C4950,TA401C4950,515.5,0.0,0.0,0.0,5,510.5,517.5,5,515.5,0.0,0.0,0.0,0.0,0.0,22
2023-05-10 10:09:34,TA401C4950,TA401C4950,515.5,0.0,0.0,0.0,5,512.0,517.5,5,515.5,0.0,0.0,0.0,0.0,0.0,22
2023-05-10 10:09:40,TA401C4950,TA401C4950,515.5,0.0,0.0,0.0,5,512.0,623.5,1,515.5,0.0,0.0,0.0,0.0,0.0,22
2023-05-10 10:09:44,TA401C4950,TA401C4950,515.5,0.0,0.0,0.0,5,512.0,520.0,5,515.5,0.0,0.0,0.0,0.0,0.0,22
2023-05-10 10:09:54,TA401C4950,TA401C4950,515.5,0.0,0.0,0.0,5,512.0,518.5,5,515.5,0.0,0.0,0.0,0.0,0.0,22
2023-05-10 10:10:09,TA401C4950,TA401C4950,515.5,0.0,0.0,0.0,5,514.0,520.0,5,515.5,0.0,0.0,0.0,0.0,0.0,22
2023-05-10 10:10:22,TA401C4950,TA401C4950,515.5,0.0,0.0,0.0,5,514.0,623.5,1,515.5,0.0,0.0,0.0,0.0,0.0,22
2023-05-10 10:10:25,TA401C4950,TA401C4950,515.5,0.0,0.0,0.0,5,516.5,623.5,1,515.5,0.0,0.0,0.0,0.0,0.0,22
2023-05-10 10:10:26,TA401C4950,TA401C4950,515.5,0.0,0.0,0.0,5,516.5,521.5,5,515.5,0.0,0.0,0.0,0.0,0.0,22
2023-05-10 10:11:03,TA401C4950,TA401C4950,515.5,0.0,0.0,0.0,5,514.0,521.5,5,515.5,0.0,0.0,0.0,0.0,0.0,22
2023-05-10 10:11:06,TA401C4950,TA401C4950,515.5,0.0,0.0,0.0,5,514.0,520.0,5,515.5,0.0,0.0,0.0,0.0,0.0,22
2023-05-10 10:11:47,TA401C4950,TA401C4950,515.5,0.0,0.0,0.0,5,514.0,518.5,5,515.5,0.0,0.0,0.0,0.0,0.0,22
2023-05-10 10:11:48,TA401C4950,TA401C4950,515.5,0.0,0.0,0.0,5,512.0,518.5,5,515.5,0.0,0.0,0.0,0.0,0.0,22
2023-05-10 10:13:25,TA401C4950,TA401C4950,515.5,0.0,0.0,0.0,5,512.0,517.0,5,515.5,0.0,0.0,0.0,0.0,0.0,22
2023-05-10 10:14:35,TA401C4950,TA401C4950,515.5,0.0,0.0,0.0,5,509.5,517.0,5,515.5,0.0,0.0,0.0,0.0,0.0,22
2023-05-10 10:30:15,TA401C4950,TA401C4950,515.5,0.0,0.0,0.0,5,509.5,515.5,5,515.5,0.0,0.0,0.0,0.0,0.0,22
2023-05-10 10:30:54,TA401C4950,TA401C4950,515.5,0.0,0.0,0.0,5,509.5,514.0,5,515.5,0.0,0.0,0.0,0.0,0.0,22
2023-05-10 10:30:57,TA401C4950,TA401C4950,515.5,0.0,0.0,0.0,1,414.0,514.0,5,515.5,0.0,0.0,0.0,0.0,0.0,22
2023-05-10 10:31:01,TA401C4950,TA401C4950,515.5,0.0,0.0,0.0,5,507.5,514.0,5,515.5,0.0,0.0,0.0,0.0,0.0,22
2023-05-10 10:31:22,TA401C4950,TA401C4950,515.5,0.0,0.0,0.0,5,507.5,512.5,5,515.5,0.0,0.0,0.0,0.0,0.0,22
2023-05-10 10:31:23,TA401C4950,TA401C4950,515.5,0.0,0.0,0.0,1,414.0,512.5,5,515.5,0.0,0.0,0.0,0.0,0.0,22
2023-05-10 10:31:26,TA401C4950,TA401C4950,515.5,0.0,0.0,0.0,5,505.5,512.5,5,515.5,0.0,0.0,0.0,0.0,0.0,22
2023-05-10 10:32:01,TA401C4950,TA401C4950,515.5,0.0,0.0,0.0,5,507.5,512.5,5,515.5,0.0,0.0,0.0,0.0,0.0,22
2023-05-10 10:32:34,TA401C4950,TA401C4950,515.5,0.0,0.0,0.0,5,507.5,514.0,5,515.5,0.0,0.0,0.0,0.0,0.0,22
2023-05-10 10:34:27,TA401C4950,TA401C4950,515.5,0.0,0.0,0.0,5,509.5,514.0,5,515.5,0.0,0.0,0.0,0.0,0.0,22
2023-05-10 10:34:41,TA401C4950,TA401C4950,515.5,0.0,0.0,0.0,5,509.5,623.5,1,515.5,0.0,0.0,0.0,0.0,0.0,22
2023-05-10 10:34:43,TA401C4950,TA401C4950,515.5,0.0,0.0,0.0,5,509.5,516.5,5,515.5,0.0,0.0,0.0,0.0,0.0,22
2023-05-10 10:35:03,TA401C4950,TA401C4950,515.5,0.0,0.0,0.0,5,509.5,515.0,5,515.5,0.0,0.0,0.0,0.0,0.0,22
2023-05-10 10:35:19,TA401C4950,TA401C4950,515.5,0.0,0.0,0.0,5,507.5,515.0,5,515.5,0.0,0.0,0.0,0.0,0.0,22
2023-05-10 10:35:32,TA401C4950,TA401C4950,515.5,0.0,0.0,0.0,5,507.5,513.5,5,515.5,0.0,0.0,0.0,0.0,0.0,22
2023-05-10 10:36:09,TA401C4950,TA401C4950,515.5,0.0,0.0,0.0,1,414.0,513.5,5,515.5,0.0,0.0,0.0,0.0,0.0,22
2023-05-10 10:36:11,TA401C4950,TA401C4950,515.5,0.0,0.0,0.0,1,414.0,511.5,5,515.5,0.0,0.0,0.0,0.0,0.0,22
2023-05-10 10:36:14,TA401C4950,TA401C4950,515.5,0.0,0.0,0.0,5,505.0,511.5,5,515.5,0.0,0.0,0.0,0.0,0.0,22
2023-05-10 10:38:06,TA401C4950,TA401C4950,515.5,0.0,0.0,0.0,5,505.0,509.5,5,515.5,0.0,0.0,0.0,0.0,0.0,22
2023-05-10 10:38:17,TA401C4950,TA401C4950,515.5,0.0,0.0,0.0,1,414.0,509.5,5,515.5,0.0,0.0,0.0,0.0,0.0,22
2023-05-10 10:38:18,TA401C4950,TA401C4950,515.5,0.0,0.0,0.0,5,503.0,509.5,5,515.5,0.0,0.0,0.0,0.0,0.0,22
2023-05-10 10:38:39,TA401C4950,TA401C4950,515.5,0.0,0.0,0.0,5,503.0,508.0,5,515.5,0.0,0.0,0.0,0.0,0.0,22
2023-05-10 10:38:47,TA401C4950,TA401C4950,515.5,0.0,0.0,0.0,1,414.0,508.0,5,515.5,0.0,0.0,0.0,0.0,0.0,22
2023-05-10 10:38:47,TA401C4950,TA401C4950,515.5,0.0,0.0,0.0,5,501.0,508.0,5,515.5,0.0,0.0,0.0,0.0,0.0,22
2023-05-10 10:38:49,TA401C4950,TA401C4950,515.5,0.0,0.0,0.0,1,414.0,508.0,5,515.5,0.0,0.0,0.0,0.0,0.0,22
2023-05-10 10:38:52,TA401C4950,TA401C4950,515.5,0.0,0.0,0.0,1,414.0,506.5,5,515.5,0.0,0.0,0.0,0.0,0.0,22
2023-05-10 10:38:55,TA401C4950,TA401C4950,515.5,0.0,0.0,0.0,5,500.0,506.5,5,515.5,0.0,0.0,0.0,0.0,0.0,22
2023-05-10 10:39:09,TA401C4950,TA401C4950,515.5,0.0,0.0,0.0,5,500.0,505.0,5,515.5,0.0,0.0,0.0,0.0,0.0,22
2023-05-10 10:39:10,TA401C4950,TA401C4950,515.5,0.0,0.0,0.0,1,414.0,505.0,5,515.5,0.0,0.0,0.0,0.0,0.0,22
2023-05-10 10:39:18,TA401C4950,TA401C4950,515.5,0.0,0.0,0.0,5,498.0,505.0,5,515.5,0.0,0.0,0.0,0.0,0.0,22
2023-05-10 10:39:19,TA401C4950,TA401C4950,515.5,0.0,0.0,0.0,5,498.0,503.5,5,515.5,0.0,0.0,0.0,0.0,0.0,22
2023-05-10 10:39:24,TA401C4950,TA401C4950,515.5,0.0,0.0,0.0,1,414.0,502.0,5,515.5,0.0,0.0,0.0,0.0,0.0,22
2023-05-10 10:39:26,TA401C4950,TA401C4950,515.5,0.0,0.0,0.0,5,496.0,502.0,5,515.5,0.0,0.0,0.0,0.0,0.0,22
2023-05-10 10:40:19,TA401C4950,TA401C4950,515.5,0.0,0.0,0.0,5,497.5,503.5,5,515.5,0.0,0.0,0.0,0.0,0.0,22
2023-05-10 10:41:10,TA401C4950,TA401C4950,515.5,0.0,0.0,0.0,5,499.0,503.5,5,515.5,0.0,0.0,0.0,0.0,0.0,22
2023-05-10 10:42:00,TA401C4950,TA401C4950,515.5,0.0,0.0,0.0,5,497.5,503.5,5,515.5,0.0,0.0,0.0,0.0,0.0,22
2023-05-10 10:42:07,TA401C4950,TA401C4950,515.5,0.0,0.0,0.0,5,497.5,623.5,1,515.5,0.0,0.0,0.0,0.0,0.0,22
2023-05-10 10:42:09,TA401C4950,TA401C4950,515.5,0.0,0.0,0.0,5,499.0,505.5,5,515.5,0.0,0.0,0.0,0.0,0.0,22
2023-05-10 10:42:25,TA401C4950,TA401C4950,515.5,0.0,0.0,0.0,5,500.5,505.5,5,515.5,0.0,0.0,0.0,0.0,0.0,22
2023-05-10 10:44:07,TA401C4950,TA401C4950,515.5,0.0,0.0,0.0,5,500.5,507.5,5,515.5,0.0,0.0,0.0,0.0,0.0,22
2023-05-10 10:44:11,TA401C4950,TA401C4950,515.5,0.0,0.0,0.0,5,502.5,507.5,5,515.5,0.0,0.0,0.0,0.0,0.0,22
2023-05-10 10:44:24,TA401C4950,TA401C4950,515.5,0.0,0.0,0.0,5,502.5,623.5,1,515.5,0.0,0.0,0.0,0.0,0.0,22
2023-05-10 10:44:25,TA401C4950,TA401C4950,515.5,0.0,0.0,0.0,5,502.5,509.5,5,515.5,0.0,0.0,0.0,0.0,0.0,22
2023-05-10 10:44:29,TA401C4950,TA401C4950,515.5,0.0,0.0,0.0,5,502.5,508.0,5,515.5,0.0,0.0,0.0,0.0,0.0,22
2023-05-10 10:46:43,TA401C4950,TA401C4950,515.5,0.0,0.0,0.0,5,502.5,509.5,5,515.5,0.0,0.0,0.0,0.0,0.0,22
2023-05-10 10:46:45,TA401C4950,TA401C4950,515.5,0.0,0.0,0.0,5,504.0,509.5,5,515.5,0.0,0.0,0.0,0.0,0.0,22
2023-05-10 10:47:01,TA401C4950,TA401C4950,515.5,0.0,0.0,0.0,5,502.5,509.5,5,515.5,0.0,0.0,0.0,0.0,0.0,22
2023-05-10 10:47:01,TA401C4950,TA401C4950,515.5,0.0,0.0,0.0,5,502.5,508.0,5,515.5,0.0,0.0,0.0,0.0,0.0,22
2023-05-10 10:47:33,TA401C4950,TA401C4950,515.5,0.0,0.0,0.0,5,500.5,508.0,5,515.5,0.0,0.0,0.0,0.0,0.0,22
2023-05-10 10:47:34,TA401C4950,TA401C4950,515.5,0.0,0.0,0.0,5,500.5,506.5,5,515.5,0.0,0.0,0.0,0.0,0.0,22
2023-05-10 10:48:11,TA401C4950,TA401C4950,515.5,0.0,0.0,0.0,5,500.5,505.0,5,515.5,0.0,0.0,0.0,0.0,0.0,22
2023-05-10 10:48:12,TA401C4950,TA401C4950,515.5,0.0,0.0,0.0,1,414.0,505.0,5,515.5,0.0,0.0,0.0,0.0,0.0,22
2023-05-10 10:48:14,TA401C4950,TA401C4950,515.5,0.0,0.0,0.0,5,498.0,505.0,5,515.5,0.0,0.0,0.0,0.0,0.0,22
2023-05-10 10:48:20,TA401C4950,TA401C4950,515.5,0.0,0.0,0.0,5,499.5,505.0,5,515.5,0.0,0.0,0.0,0.0,0.0,22
2023-05-10 10:48:22,TA401C4950,TA401C4950,515.5,0.0,0.0,0.0,5,498.0,505.0,5,515.5,0.0,0.0,0.0,0.0,0.0,22
2023-05-10 10:48:52,TA401C4950,TA401C4950,515.5,0.0,0.0,0.0,5,498.0,503.5,5,515.5,0.0,0.0,0.0,0.0,0.0,22
2023-05-10 10:49:16,TA401C4950,TA401C4950,515.5,0.0,0.0,0.0,5,499.5,505.0,5,515.5,0.0,0.0,0.0,0.0,0.0,22
2023-05-10 10:51:00,TA401C4950,TA401C4950,515.5,0.0,0.0,0.0,5,501.0,507.5,5,515.5,0.0,0.0,0.0,0.0,0.0,22
2023-05-10 10:51:05,TA401C4950,TA401C4950,515.5,0.0,0.0,0.0,5,502.5,507.5,5,515.5,0.0,0.0,0.0,0.0,0.0,22
2023-05-10 10:51:12,TA401C4950,TA401C4950,515.5,0.0,0.0,0.0,5,501.0,507.5,5,515.5,0.0,0.0,0.0,0.0,0.0,22
2023-05-10 10:52:02,TA401C4950,TA401C4950,515.5,0.0,0.0,0.0,5,501.0,506.0,5,515.5,0.0,0.0,0.0,0.0,0.0,22
2023-05-10 10:55:24,TA401C4950,TA401C4950,515.5,0.0,0.0,0.0,5,498.5,506.0,5,515.5,0.0,0.0,0.0,0.0,0.0,22
2023-05-10 10:55:26,TA401C4950,TA401C4950,515.5,0.0,0.0,0.0,5,500.5,506.0,5,515.5,0.0,0.0,0.0,0.0,0.0,22
2023-05-10 10:55:43,TA401C4950,TA401C4950,515.5,0.0,0.0,0.0,5,500.5,507.5,5,515.5,0.0,0.0,0.0,0.0,0.0,22
2023-05-10 10:55:47,TA401C4950,TA401C4950,515.5,0.0,0.0,0.0,5,502.0,507.5,5,515.5,0.0,0.0,0.0,0.0,0.0,22
2023-05-10 10:57:30,TA401C4950,TA401C4950,515.5,0.0,0.0,0.0,5,500.5,507.5,5,515.5,0.0,0.0,0.0,0.0,0.0,22
2023-05-10 10:57:30,TA401C4950,TA401C4950,515.5,0.0,0.0,0.0,5,500.5,506.0,5,515.5,0.0,0.0,0.0,0.0,0.0,22
2023-05-10 10:58:26,TA401C4950,TA401C4950,515.5,0.0,0.0,0.0,1,414.0,506.0,5,515.5,0.0,0.0,0.0,0.0,0.0,22
2023-05-10 10:58:28,TA401C4950,TA401C4950,515.5,0.0,0.0,0.0,5,497.5,504.0,5,515.5,0.0,0.0,0.0,0.0,0.0,22
2023-05-10 10:58:53,TA401C4950,TA401C4950,515.5,0.0,0.0,0.0,5,499.5,506.0,5,515.5,0.0,0.0,0.0,0.0,0.0,22
2023-05-10 10:59:11,TA401C4950,TA401C4950,515.5,0.0,0.0,0.0,5,501.0,506.0,5,515.5,0.0,0.0,0.0,0.0,0.0,22
2023-05-10 11:00:05,TA401C4950,TA401C4950,515.5,0.0,0.0,0.0,5,501.0,508.5,5,515.5,0.0,0.0,0.0,0.0,0.0,22
2023-05-10 11:00:10,TA401C4950,TA401C4950,515.5,0.0,0.0,0.0,5,502.5,508.5,5,515.5,0.0,0.0,0.0,0.0,0.0,22
2023-05-10 11:00:14,TA401C4950,TA401C4950,515.5,0.0,0.0,0.0,5,502.5,623.5,1,515.5,0.0,0.0,0.0,0.0,0.0,22
2023-05-10 11:00:15,TA401C4950,TA401C4950,515.5,0.0,0.0,0.0,5,502.5,510.0,5,515.5,0.0,0.0,0.0,0.0,0.0,22
2023-05-10 11:00:41,TA401C4950,TA401C4950,515.5,0.0,0.0,0.0,5,504.0,510.0,5,515.5,0.0,0.0,0.0,0.0,0.0,22
2023-05-10 11:01:47,TA401C4950,TA401C4950,515.5,0.0,0.0,0.0,5,504.0,508.5,5,515.5,0.0,0.0,0.0,0.0,0.0,22
2023-05-10 11:03:33,TA401C4950,TA401C4950,515.5,0.0,0.0,0.0,5,504.0,510.0,5,515.5,0.0,0.0,0.0,0.0,0.0,22
2023-05-10 11:04:50,TA401C4950,TA401C4950,515.5,0.0,0.0,0.0,5,502.5,508.0,5,515.5,0.0,0.0,0.0,0.0,0.0,22
2023-05-10 11:05:10,TA401C4950,TA401C4950,515.5,0.0,0.0,0.0,5,502.5,510.0,5,515.5,0.0,0.0,0.0,0.0,0.0,22
2023-05-10 11:05:10,TA401C4950,TA401C4950,515.5,0.0,0.0,0.0,5,504.0,510.0,5,515.5,0.0,0.0,0.0,0.0,0.0,22
2023-05-10 11:05:19,TA401C4950,TA401C4950,515.5,0.0,0.0,0.0,5,504.0,623.5,1,515.5,0.0,0.0,0.0,0.0,0.0,22
2023-05-10 11:05:25,TA401C4950,TA401C4950,515.5,0.0,0.0,0.0,5,504.0,512.0,5,515.5,0.0,0.0,0.0,0.0,0.0,22
2023-05-10 11:05:26,TA401C4950,TA401C4950,515.5,0.0,0.0,0.0,5,505.5,512.0,5,515.5,0.0,0.0,0.0,0.0,0.0,22
2023-05-10 11:07:29,TA401C4950,TA401C4950,515.5,0.0,0.0,0.0,5,505.5,510.5,5,515.5,0.0,0.0,0.0,0.0,0.0,22
2023-05-10 11:08:47,TA401C4950,TA401C4950,515.5,0.0,0.0,0.0,5,504.0,510.5,5,515.5,0.0,0.0,0.0,0.0,0.0,22
2023-05-10 11:08:49,TA401C4950,TA401C4950,515.5,0.0,0.0,0.0,5,504.0,509.0,5,515.5,0.0,0.0,0.0,0.0,0.0,22
2023-05-10 11:10:56,TA401C4950,TA401C4950,515.5,0.0,0.0,0.0,5,504.0,510.5,5,515.5,0.0,0.0,0.0,0.0,0.0,22
2023-05-10 11:12:06,TA401C4950,TA401C4950,515.5,0.0,0.0,0.0,5,504.0,508.5,5,515.5,0.0,0.0,0.0,0.0,0.0,22
2023-05-10 11:12:08,TA401C4950,TA401C4950,515.5,0.0,0.0,0.0,5,502.0,508.5,5,515.5,0.0,0.0,0.0,0.0,0.0,22
2023-05-10 11:13:31,TA401C4950,TA401C4950,515.5,0.0,0.0,0.0,5,503.5,508.5,5,515.5,0.0,0.0,0.0,0.0,0.0,22
2023-05-10 11:14:30,TA401C4950,TA401C4950,515.5,0.0,0.0,0.0,5,503.5,510.5,5,515.5,0.0,0.0,0.0,0.0,0.0,22
2023-05-10 11:14:59,TA401C4950,TA401C4950,515.5,0.0,0.0,0.0,5,503.5,509.0,5,515.5,0.0,0.0,0.0,0.0,0.0,22
2023-05-10 11:15:04,TA401C4950,TA401C4950,515.5,0.0,0.0,0.0,5,502.0,509.0,5,515.5,0.0,0.0,0.0,0.0,0.0,22
2023-05-10 11:15:29,TA401C4950,TA401C4950,515.5,0.0,0.0,0.0,5,502.0,507.5,5,515.5,0.0,0.0,0.0,0.0,0.0,22
2023-05-10 11:15:35,TA401C4950,TA401C4950,515.5,0.0,0.0,0.0,1,414.0,507.5,5,515.5,0.0,0.0,0.0,0.0,0.0,22
2023-05-10 11:15:42,TA401C4950,TA401C4950,515.5,0.0,0.0,0.0,5,499.5,507.5,5,515.5,0.0,0.0,0.0,0.0,0.0,22
2023-05-10 11:15:44,TA401C4950,TA401C4950,515.5,0.0,0.0,0.0,5,499.5,506.0,5,515.5,0.0,0.0,0.0,0.0,0.0,22
2023-05-10 11:15:53,TA401C4950,TA401C4950,515.5,0.0,0.0,0.0,5,499.5,504.5,5,515.5,0.0,0.0,0.0,0.0,0.0,22
2023-05-10 11:15:57,TA401C4950,TA401C4950,515.5,0.0,0.0,0.0,1,414.0,504.5,5,515.5,0.0,0.0,0.0,0.0,0.0,22
2023-05-10 11:15:58,TA401C4950,TA401C4950,515.5,0.0,0.0,0.0,5,497.5,504.5,5,515.5,0.0,0.0,0.0,0.0,0.0,22
2023-05-10 11:16:03,TA401C4950,TA401C4950,515.5,0.0,0.0,0.0,5,497.5,503.0,5,515.5,0.0,0.0,0.0,0.0,0.0,22
2023-05-10 11:16:29,TA401C4950,TA401C4950,515.5,0.0,0.0,0.0,5,495.5,503.0,5,515.5,0.0,0.0,0.0,0.0,0.0,22
2023-05-10 11:16:34,TA401C4950,TA401C4950,515.5,0.0,0.0,0.0,5,495.5,501.5,5,515.5,0.0,0.0,0.0,0.0,0.0,22
2023-05-10 11:17:10,TA401C4950,TA401C4950,515.5,0.0,0.0,0.0,5,497.5,503.0,5,515.5,0.0,0.0,0.0,0.0,0.0,22
2023-05-10 11:17:12,TA401C4950,TA401C4950,515.5,0.0,0.0,0.0,5,497.5,623.5,1,515.5,0.0,0.0,0.0,0.0,0.0,22
2023-05-10 11:17:14,TA401C4950,TA401C4950,515.5,0.0,0.0,0.0,5,497.5,505.0,5,515.5,0.0,0.0,0.0,0.0,0.0,22
2023-05-10 11:17:19,TA401C4950,TA401C4950,515.5,0.0,0.0,0.0,5,499.0,505.0,5,515.5,0.0,0.0,0.0,0.0,0.0,22
2023-05-10 11:20:03,TA401C4950,TA401C4950,515.5,0.0,0.0,0.0,5,501.0,623.5,1,515.5,0.0,0.0,0.0,0.0,0.0,22
2023-05-10 11:20:04,TA401C4950,TA401C4950,515.5,0.0,0.0,0.0,5,501.0,507.0,5,515.5,0.0,0.0,0.0,0.0,0.0,22
2023-05-10 11:23:41,TA401C4950,TA401C4950,515.5,0.0,0.0,0.0,5,501.0,505.5,5,515.5,0.0,0.0,0.0,0.0,0.0,22
2023-05-10 11:25:25,TA401C4950,TA401C4950,515.5,0.0,0.0,0.0,5,499.0,505.5,5,515.5,0.0,0.0,0.0,0.0,0.0,22
2023-05-10 11:25:48,TA401C4950,TA401C4950,515.5,0.0,0.0,0.0,5,499.0,504.0,5,515.5,0.0,0.0,0.0,0.0,0.0,22
2023-05-10 11:25:49,TA401C4950,TA401C4950,515.5,0.0,0.0,0.0,1,414.0,504.0,5,515.5,0.0,0.0,0.0,0.0,0.0,22
2023-05-10 11:25:52,TA401C4950,TA401C4950,515.5,0.0,0.0,0.0,5,497.0,504.0,5,515.5,0.0,0.0,0.0,0.0,0.0,22
2023-05-10 11:27:22,TA401C4950,TA401C4950,515.5,0.0,0.0,0.0,5,498.5,504.0,5,515.5,0.0,0.0,0.0,0.0,0.0,22
2023-05-10 11:27:27,TA401C4950,TA401C4950,515.5,0.0,0.0,0.0,5,498.5,505.5,5,515.5,0.0,0.0,0.0,0.0,0.0,22
2023-05-10 11:27:27,TA401C4950,TA401C4950,515.5,0.0,0.0,0.0,5,500.0,505.5,5,515.5,0.0,0.0,0.0,0.0,0.0,22
2023-05-10 11:29:05,TA401C4950,TA401C4950,515.5,0.0,0.0,0.0,5,500.0,623.5,1,515.5,0.0,0.0,0.0,0.0,0.0,22
2023-05-10 11:29:07,TA401C4950,TA401C4950,515.5,0.0,0.0,0.0,5,500.0,507.5,5,515.5,0.0,0.0,0.0,0.0,0.0,22
2023-05-10 11:29:12,TA401C4950,TA401C4950,515.5,0.0,0.0,0.0,5,501.5,507.5,5,515.5,0.0,0.0,0.0,0.0,0.0,22
2023-05-10 11:29:25,TA401C4950,TA401C4950,515.5,0.0,0.0,0.0,1,414.0,623.5,1,515.5,0.0,0.0,0.0,0.0,0.0,22
2023-05-10 13:31:03,TA401C4950,TA401C4950,515.5,0.0,0.0,0.0,1,414.0,509.5,5,515.5,0.0,0.0,0.0,0.0,0.0,22
2023-05-10 13:31:06,TA401C4950,TA401C4950,515.5,0.0,0.0,0.0,5,503.0,509.5,5,515.5,0.0,0.0,0.0,0.0,0.0,22
2023-05-10 13:31:23,TA401C4950,TA401C4950,515.5,0.0,0.0,0.0,5,503.0,508.5,5,515.5,0.0,0.0,0.0,0.0,0.0,22
2023-05-10 13:31:53,TA401C4950,TA401C4950,515.5,0.0,0.0,0.0,5,503.0,507.5,5,515.5,0.0,0.0,0.0,0.0,0.0,22
2023-05-10 13:32:03,TA401C4950,TA401C4950,515.5,0.0,0.0,0.0,1,414.0,507.5,5,515.5,0.0,0.0,0.0,0.0,0.0,22
2023-05-10 13:32:07,TA401C4950,TA401C4950,515.5,0.0,0.0,0.0,5,502.0,507.5,5,515.5,0.0,0.0,0.0,0.0,0.0,22
2023-05-10 13:32:45,TA401C4950,TA401C4950,515.5,0.0,0.0,0.0,5,503.0,507.5,5,515.5,0.0,0.0,0.0,0.0,0.0,22
2023-05-10 13:33:05,TA401C4950,TA401C4950,515.5,0.0,0.0,0.0,5,503.0,508.5,5,515.5,0.0,0.0,0.0,0.0,0.0,22
2023-05-10 13:33:09,TA401C4950,TA401C4950,515.5,0.0,0.0,0.0,5,504.0,508.5,5,515.5,0.0,0.0,0.0,0.0,0.0,22
2023-05-10 13:33:15,TA401C4950,TA401C4950,515.5,0.0,0.0,0.0,5,504.0,623.5,1,515.5,0.0,0.0,0.0,0.0,0.0,22
2023-05-10 13:33:15,TA401C4950,TA401C4950,515.5,0.0,0.0,0.0,5,504.0,510.0,5,515.5,0.0,0.0,0.0,0.0,0.0,22
2023-05-10 13:33:19,TA401C4950,TA401C4950,515.5,0.0,0.0,0.0,5,505.0,510.0,5,515.5,0.0,0.0,0.0,0.0,0.0,22
2023-05-10 13:33:34,TA401C4950,TA401C4950,515.5,0.0,0.0,0.0,5,505.0,508.5,5,515.5,0.0,0.0,0.0,0.0,0.0,22
2023-05-10 13:33:35,TA401C4950,TA401C4950,515.5,0.0,0.0,0.0,5,504.0,508.5,5,515.5,0.0,0.0,0.0,0.0,0.0,22
2023-05-10 13:33:45,TA401C4950,TA401C4950,515.5,0.0,0.0,0.0,5,505.0,510.0,5,515.5,0.0,0.0,0.0,0.0,0.0,22
2023-05-10 13:34:15,TA401C4950,TA401C4950,515.5,0.0,0.0,0.0,5,504.0,508.5,5,515.5,0.0,0.0,0.0,0.0,0.0,22
2023-05-10 13:35:05,TA401C4950,TA401C4950,515.5,0.0,0.0,0.0,5,502.0,508.5,5,515.5,0.0,0.0,0.0,0.0,0.0,22
2023-05-10 13:35:05,TA401C4950,TA401C4950,515.5,0.0,0.0,0.0,5,502.0,507.5,5,515.5,0.0,0.0,0.0,0.0,0.0,22
2023-05-10 13:35:31,TA401C4950,TA401C4950,515.5,0.0,0.0,0.0,5,502.0,506.5,5,515.5,0.0,0.0,0.0,0.0,0.0,22
2023-05-10 13:36:22,TA401C4950,TA401C4950,515.5,0.0,0.0,0.0,5,502.0,507.5,5,515.5,0.0,0.0,0.0,0.0,0.0,22
2023-05-10 13:38:25,TA401C4950,TA401C4950,515.5,0.0,0.0,0.0,5,503.0,507.5,5,515.5,0.0,0.0,0.0,0.0,0.0,22
2023-05-10 13:38:34,TA401C4950,TA401C4950,515.5,0.0,0.0,0.0,5,503.0,509.5,5,515.5,0.0,0.0,0.0,0.0,0.0,22
2023-05-10 13:38:48,TA401C4950,TA401C4950,515.5,0.0,0.0,0.0,5,504.0,509.5,5,515.5,0.0,0.0,0.0,0.0,0.0,22
2023-05-10 13:38:55,TA401C4950,TA401C4950,515.5,0.0,0.0,0.0,5,505.0,509.5,5,515.5,0.0,0.0,0.0,0.0,0.0,22
2023-05-10 13:38:57,TA401C4950,TA401C4950,515.5,0.0,0.0,0.0,5,505.0,623.5,1,515.5,0.0,0.0,0.0,0.0,0.0,22
2023-05-10 13:38:58,TA401C4950,TA401C4950,515.5,0.0,0.0,0.0,5,505.0,511.5,5,515.5,0.0,0.0,0.0,0.0,0.0,22
2023-05-10 13:39:00,TA401C4950,TA401C4950,515.5,0.0,0.0,0.0,5,505.0,510.5,5,515.5,0.0,0.0,0.0,0.0,0.0,22
2023-05-10 13:39:05,TA401C4950,TA401C4950,515.5,0.0,0.0,0.0,5,505.0,509.0,5,515.5,0.0,0.0,0.0,0.0,0.0,22
2023-05-10 13:39:21,TA401C4950,TA401C4950,515.5,0.0,0.0,0.0,5,504.0,509.0,5,515.5,0.0,0.0,0.0,0.0,0.0,22
2023-05-10 13:39:23,TA401C4950,TA401C4950,515.5,0.0,0.0,0.0,1,414.0,509.0,5,515.5,0.0,0.0,0.0,0.0,0.0,22
2023-05-10 13:39:24,TA401C4950,TA401C4950,515.5,0.0,0.0,0.0,5,502.0,507.5,5,515.5,0.0,0.0,0.0,0.0,0.0,22
2023-05-10 13:39:50,TA401C4950,TA401C4950,515.5,0.0,0.0,0.0,5,502.0,506.5,5,515.5,0.0,0.0,0.0,0.0,0.0,22
2023-05-10 13:40:17,TA401C4950,TA401C4950,515.5,0.0,0.0,0.0,5,500.0,506.5,5,515.5,0.0,0.0,0.0,0.0,0.0,22
2023-05-10 13:40:21,TA401C4950,TA401C4950,515.5,0.0,0.0,0.0,5,500.0,505.0,5,515.5,0.0,0.0,0.0,0.0,0.0,22
2023-05-10 13:40:27,TA401C4950,TA401C4950,515.5,0.0,0.0,0.0,1,414.0,505.0,5,515.5,0.0,0.0,0.0,0.0,0.0,22
2023-05-10 13:40:31,TA401C4950,TA401C4950,515.5,0.0,0.0,0.0,5,498.0,505.0,5,515.5,0.0,0.0,0.0,0.0,0.0,22
2023-05-10 13:40:31,TA401C4950,TA401C4950,515.5,0.0,0.0,0.0,5,498.0,503.0,5,515.5,0.0,0.0,0.0,0.0,0.0,22
2023-05-10 13:41:07,TA401C4950,TA401C4950,515.5,0.0,0.0,0.0,1,414.0,503.0,5,515.5,0.0,0.0,0.0,0.0,0.0,22
2023-05-10 13:41:13,TA401C4950,TA401C4950,515.5,0.0,0.0,0.0,5,497.0,503.0,5,515.5,0.0,0.0,0.0,0.0,0.0,22
2023-05-10 13:41:27,TA401C4950,TA401C4950,515.5,0.0,0.0,0.0,5,497.0,502.0,5,515.5,0.0,0.0,0.0,0.0,0.0,22
2023-05-10 13:41:46,TA401C4950,TA401C4950,515.5,0.0,0.0,0.0,1,414.0,502.0,5,515.5,0.0,0.0,0.0,0.0,0.0,22
2023-05-10 13:41:47,TA401C4950,TA401C4950,515.5,0.0,0.0,0.0,5,496.0,502.0,5,515.5,0.0,0.0,0.0,0.0,0.0,22
2023-05-10 13:41:50,TA401C4950,TA401C4950,515.5,0.0,0.0,0.0,5,497.0,502.0,5,515.5,0.0,0.0,0.0,0.0,0.0,22
2023-05-10 13:45:19,TA401C4950,TA401C4950,515.5,0.0,0.0,0.0,5,498.5,503.0,5,515.5,0.0,0.0,0.0,0.0,0.0,22
2023-05-10 13:46:59,TA401C4950,TA401C4950,515.5,0.0,0.0,0.0,5,497.0,503.0,5,515.5,0.0,0.0,0.0,0.0,0.0,22
2023-05-10 13:47:00,TA401C4950,TA401C4950,515.5,0.0,0.0,0.0,5,497.0,502.0,5,515.5,0.0,0.0,0.0,0.0,0.0,22
2023-05-10 13:47:25,TA401C4950,TA401C4950,515.5,0.0,0.0,0.0,5,495.0,500.5,5,515.5,0.0,0.0,0.0,0.0,0.0,22
2023-05-10 13:48:44,TA401C4950,TA401C4950,515.5,0.0,0.0,0.0,5,496.5,500.5,5,515.5,0.0,0.0,0.0,0.0,0.0,22
2023-05-10 13:48:57,TA401C4950,TA401C4950,515.5,0.0,0.0,0.0,5,495.0,500.5,5,515.5,0.0,0.0,0.0,0.0,0.0,22
2023-05-10 13:49:05,TA401C4950,TA401C4950,515.5,0.0,0.0,0.0,5,495.0,499.5,5,515.5,0.0,0.0,0.0,0.0,0.0,22
2023-05-10 13:49:08,TA401C4950,TA401C4950,515.5,0.0,0.0,0.0,1,414.0,499.5,5,515.5,0.0,0.0,0.0,0.0,0.0,22
2023-05-10 13:49:12,TA401C4950,TA401C4950,515.5,0.0,0.0,0.0,5,493.5,499.5,5,515.5,0.0,0.0,0.0,0.0,0.0,22
2023-05-10 13:49:42,TA401C4950,TA401C4950,515.5,0.0,0.0,0.0,5,493.5,498.5,5,515.5,0.0,0.0,0.0,0.0,0.0,22
2023-05-10 13:49:48,TA401C4950,TA401C4950,515.5,0.0,0.0,0.0,1,414.0,498.5,5,515.5,0.0,0.0,0.0,0.0,0.0,22
2023-05-10 13:49:50,TA401C4950,TA401C4950,515.5,0.0,0.0,0.0,5,491.5,498.5,5,515.5,0.0,0.0,0.0,0.0,0.0,22
2023-05-10 13:49:52,TA401C4950,TA401C4950,515.5,0.0,0.0,0.0,5,491.5,497.5,5,515.5,0.0,0.0,0.0,0.0,0.0,22
2023-05-10 13:50:44,TA401C4950,TA401C4950,515.5,0.0,0.0,0.0,5,491.5,496.5,5,515.5,0.0,0.0,0.0,0.0,0.0,22
2023-05-10 13:51:11,TA401C4950,TA401C4950,515.5,0.0,0.0,0.0,1,414.0,496.5,5,515.5,0.0,0.0,0.0,0.0,0.0,22
2023-05-10 13:51:17,TA401C4950,TA401C4950,515.5,0.0,0.0,0.0,5,489.0,494.5,5,515.5,0.0,0.0,0.0,0.0,0.0,22
2023-05-10 13:51:18,TA401C4950,TA401C4950,515.5,0.0,0.0,0.0,5,489.0,496.5,5,515.5,0.0,0.0,0.0,0.0,0.0,22
2023-05-10 13:51:19,TA401C4950,TA401C4950,515.5,0.0,0.0,0.0,5,490.5,496.5,5,515.5,0.0,0.0,0.0,0.0,0.0,22
2023-05-10 13:52:13,TA401C4950,TA401C4950,515.5,0.0,0.0,0.0,5,492.0,496.5,5,515.5,0.0,0.0,0.0,0.0,0.0,22
2023-05-10 13:54:28,TA401C4950,TA401C4950,515.5,0.0,0.0,0.0,5,492.0,498.5,5,515.5,0.0,0.0,0.0,0.0,0.0,22
2023-05-10 13:54:35,TA401C4950,TA401C4950,515.5,0.0,0.0,0.0,5,493.0,498.5,5,515.5,0.0,0.0,0.0,0.0,0.0,22
2023-05-10 13:54:59,TA401C4950,TA401C4950,515.5,0.0,0.0,0.0,5,494.0,498.5,5,515.5,0.0,0.0,0.0,0.0,0.0,22
2023-05-10 13:55:08,TA401C4950,TA401C4950,515.5,0.0,0.0,0.0,5,494.0,500.5,5,515.5,0.0,0.0,0.0,0.0,0.0,22
2023-05-10 13:55:18,TA401C4950,TA401C4950,515.5,0.0,0.0,0.0,5,495.0,500.5,5,515.5,0.0,0.0,0.0,0.0,0.0,22
2023-05-10 13:55:25,TA401C4950,TA401C4950,515.5,0.0,0.0,0.0,5,495.0,499.0,5,515.5,0.0,0.0,0.0,0.0,0.0,22
2023-05-10 13:55:52,TA401C4950,TA401C4950,515.5,0.0,0.0,0.0,5,495.0,500.5,5,515.5,0.0,0.0,0.0,0.0,0.0,22
2023-05-10 13:57:01,TA401C4950,TA401C4950,515.5,0.0,0.0,0.0,5,496.0,500.5,5,515.5,0.0,0.0,0.0,0.0,0.0,22
2023-05-10 14:00:50,TA401C4950,TA401C4950,515.5,0.0,0.0,0.0,5,496.0,502.5,5,515.5,0.0,0.0,0.0,0.0,0.0,22
2023-05-10 14:00:52,TA401C4950,TA401C4950,515.5,0.0,0.0,0.0,5,497.0,502.5,5,515.5,0.0,0.0,0.0,0.0,0.0,22
2023-05-10 14:01:16,TA401C4950,TA401C4950,515.5,0.0,0.0,0.0,5,497.0,501.5,5,515.5,0.0,0.0,0.0,0.0,0.0,22
2023-05-10 14:01:18,TA401C4950,TA401C4950,515.5,0.0,0.0,0.0,5,496.0,500.5,5,515.5,0.0,0.0,0.0,0.0,0.0,22
2023-05-10 14:01:18,TA401C4950,TA401C4950,515.5,0.0,0.0,0.0,1,414.0,500.5,5,515.5,0.0,0.0,0.0,0.0,0.0,22
2023-05-10 14:01:20,TA401C4950,TA401C4950,515.5,0.0,0.0,0.0,5,494.0,500.5,5,515.5,0.0,0.0,0.0,0.0,0.0,22
2023-05-10 14:01:22,TA401C4950,TA401C4950,515.5,0.0,0.0,0.0,5,494.0,499.0,5,515.5,0.0,0.0,0.0,0.0,0.0,22
2023-05-10 14:02:18,TA401C4950,TA401C4950,515.5,0.0,0.0,0.0,5,494.0,498.0,5,515.5,0.0,0.0,0.0,0.0,0.0,22
2023-05-10 14:02:19,TA401C4950,TA401C4950,515.5,0.0,0.0,0.0,1,414.0,498.0,5,515.5,0.0,0.0,0.0,0.0,0.0,22
2023-05-10 14:02:19,TA401C4950,TA401C4950,515.5,0.0,0.0,0.0,5,492.0,498.0,5,515.5,0.0,0.0,0.0,0.0,0.0,22
2023-05-10 14:02:42,TA401C4950,TA401C4950,515.5,0.0,0.0,0.0,5,493.5,498.0,5,515.5,0.0,0.0,0.0,0.0,0.0,22
2023-05-10 14:04:03,TA401C4950,TA401C4950,515.5,0.0,0.0,0.0,5,492.0,498.0,5,515.5,0.0,0.0,0.0,0.0,0.0,22
2023-05-10 14:04:50,TA401C4950,TA401C4950,515.5,0.0,0.0,0.0,5,493.5,498.0,5,515.5,0.0,0.0,0.0,0.0,0.0,22
2023-05-10 14:05:00,TA401C4950,TA401C4950,515.5,0.0,0.0,0.0,5,493.5,499.0,5,515.5,0.0,0.0,0.0,0.0,0.0,22
2023-05-10 14:05:02,TA401C4950,TA401C4950,515.5,0.0,0.0,0.0,5,494.5,499.0,5,515.5,0.0,0.0,0.0,0.0,0.0,22
2023-05-10 14:05:28,TA401C4950,TA401C4950,515.5,0.0,0.0,0.0,5,493.5,498.0,5,515.5,0.0,0.0,0.0,0.0,0.0,22
2023-05-10 14:08:05,TA401C4950,TA401C4950,515.5,0.0,0.0,0.0,5,494.5,499.0,5,515.5,0.0,0.0,0.0,0.0,0.0,22
2023-05-10 14:08:33,TA401C4950,TA401C4950,515.5,0.0,0.0,0.0,5,494.5,501.0,5,515.5,0.0,0.0,0.0,0.0,0.0,22
2023-05-10 14:08:39,TA401C4950,TA401C4950,515.5,0.0,0.0,0.0,5,495.5,501.0,5,515.5,0.0,0.0,0.0,0.0,0.0,22
2023-05-10 14:09:01,TA401C4950,TA401C4950,515.5,0.0,0.0,0.0,5,495.5,500.0,5,515.5,0.0,0.0,0.0,0.0,0.0,22
2023-05-10 14:09:05,TA401C4950,TA401C4950,515.5,0.0,0.0,0.0,5,494.5,500.0,5,515.5,0.0,0.0,0.0,0.0,0.0,22
2023-05-10 14:09:05,TA401C4950,TA401C4950,515.5,0.0,0.0,0.0,5,494.5,499.0,5,515.5,0.0,0.0,0.0,0.0,0.0,22
2023-05-10 14:09:06,TA401C4950,TA401C4950,515.5,0.0,0.0,0.0,1,414.0,499.0,5,515.5,0.0,0.0,0.0,0.0,0.0,22
2023-05-10 14:09:06,TA401C4950,TA401C4950,515.5,0.0,0.0,0.0,5,492.5,499.0,5,515.5,0.0,0.0,0.0,0.0,0.0,22
2023-05-10 14:09:09,TA401C4950,TA401C4950,515.5,0.0,0.0,0.0,5,492.5,498.0,5,515.5,0.0,0.0,0.0,0.0,0.0,22
2023-05-10 14:09:58,TA401C4950,TA401C4950,515.5,0.0,0.0,0.0,5,494.0,498.0,5,515.5,0.0,0.0,0.0,0.0,0.0,22
2023-05-10 14:10:07,TA401C4950,TA401C4950,515.5,0.0,0.0,0.0,5,494.0,499.0,5,515.5,0.0,0.0,0.0,0.0,0.0,22
2023-05-10 14:10:23,TA401C4950,TA401C4950,515.5,0.0,0.0,0.0,5,495.5,501.0,5,515.5,0.0,0.0,0.0,0.0,0.0,22
2023-05-10 14:14:05,TA401C4950,TA401C4950,515.5,0.0,0.0,0.0,5,495.5,500.0,5,515.5,0.0,0.0,0.0,0.0,0.0,22
2023-05-10 14:14:30,TA401C4950,TA401C4950,515.5,0.0,0.0,0.0,5,494.0,500.0,5,515.5,0.0,0.0,0.0,0.0,0.0,22
2023-05-10 14:14:38,TA401C4950,TA401C4950,515.5,0.0,0.0,0.0,5,494.0,499.0,5,515.5,0.0,0.0,0.0,0.0,0.0,22
2023-05-10 14:15:05,TA401C4950,TA401C4950,515.5,0.0,0.0,0.0,5,495.0,500.0,5,515.5,0.0,0.0,0.0,0.0,0.0,22
2023-05-10 14:15:06,TA401C4950,TA401C4950,515.5,0.0,0.0,0.0,5,496.0,500.0,5,515.5,0.0,0.0,0.0,0.0,0.0,22
2023-05-10 14:15:10,TA401C4950,TA401C4950,515.5,0.0,0.0,0.0,5,496.0,623.5,1,515.5,0.0,0.0,0.0,0.0,0.0,22
2023-05-10 14:15:14,TA401C4950,TA401C4950,515.5,0.0,0.0,0.0,5,497.5,503.0,5,515.5,0.0,0.0,0.0,0.0,0.0,22
2023-05-10 14:15:31,TA401C4950,TA401C4950,515.5,0.0,0.0,0.0,5,497.5,502.0,5,515.5,0.0,0.0,0.0,0.0,0.0,22
2023-05-10 14:15:40,TA401C4950,TA401C4950,515.5,0.0,0.0,0.0,5,496.0,500.5,5,515.5,0.0,0.0,0.0,0.0,0.0,22
2023-05-10 14:16:10,TA401C4950,TA401C4950,515.5,0.0,0.0,0.0,1,414.0,500.5,5,515.5,0.0,0.0,0.0,0.0,0.0,22
2023-05-10 14:16:12,TA401C4950,TA401C4950,515.5,0.0,0.0,0.0,5,494.0,499.0,5,515.5,0.0,0.0,0.0,0.0,0.0,22
2023-05-10 14:16:17,TA401C4950,TA401C4950,515.5,0.0,0.0,0.0,5,495.0,499.0,5,515.5,0.0,0.0,0.0,0.0,0.0,22
2023-05-10 14:16:21,TA401C4950,TA401C4950,515.5,0.0,0.0,0.0,5,495.0,500.5,5,515.5,0.0,0.0,0.0,0.0,0.0,22
2023-05-10 14:16:22,TA401C4950,TA401C4950,515.5,0.0,0.0,0.0,5,496.0,500.5,5,515.5,0.0,0.0,0.0,0.0,0.0,22
2023-05-10 14:17:03,TA401C4950,TA401C4950,515.5,0.0,0.0,0.0,5,496.0,623.5,1,515.5,0.0,0.0,0.0,0.0,0.0,22
2023-05-10 14:17:05,TA401C4950,TA401C4950,515.5,0.0,0.0,0.0,5,496.0,503.0,5,515.5,0.0,0.0,0.0,0.0,0.0,22
2023-05-10 14:17:07,TA401C4950,TA401C4950,515.5,0.0,0.0,0.0,5,497.5,503.0,5,515.5,0.0,0.0,0.0,0.0,0.0,22
2023-05-10 14:17:20,TA401C4950,TA401C4950,515.5,0.0,0.0,0.0,5,499.0,503.0,5,515.5,0.0,0.0,0.0,0.0,0.0,22
2023-05-10 14:18:01,TA401C4950,TA401C4950,515.5,0.0,0.0,0.0,5,499.0,623.5,1,515.5,0.0,0.0,0.0,0.0,0.0,22
2023-05-10 14:18:02,TA401C4950,TA401C4950,515.5,0.0,0.0,0.0,5,499.0,505.0,5,515.5,0.0,0.0,0.0,0.0,0.0,22
2023-05-10 14:18:40,TA401C4950,TA401C4950,515.5,0.0,0.0,0.0,5,499.0,503.5,5,515.5,0.0,0.0,0.0,0.0,0.0,22
2023-05-10 14:18:51,TA401C4950,TA401C4950,515.5,0.0,0.0,0.0,5,497.5,503.5,5,515.5,0.0,0.0,0.0,0.0,0.0,22
2023-05-10 14:19:00,TA401C4950,TA401C4950,515.5,0.0,0.0,0.0,5,497.5,502.5,5,515.5,0.0,0.0,0.0,0.0,0.0,22
2023-05-10 14:19:16,TA401C4950,TA401C4950,515.5,0.0,0.0,0.0,1,414.0,501.0,5,515.5,0.0,0.0,0.0,0.0,0.0,22
2023-05-10 14:19:18,TA401C4950,TA401C4950,515.5,0.0,0.0,0.0,5,496.0,501.0,5,515.5,0.0,0.0,0.0,0.0,0.0,22
2023-05-10 14:19:39,TA401C4950,TA401C4950,515.5,0.0,0.0,0.0,5,496.0,500.0,5,515.5,0.0,0.0,0.0,0.0,0.0,22
2023-05-10 14:19:46,TA401C4950,TA401C4950,515.5,0.0,0.0,0.0,1,414.0,500.0,5,515.5,0.0,0.0,0.0,0.0,0.0,22
2023-05-10 14:19:47,TA401C4950,TA401C4950,515.5,0.0,0.0,0.0,5,494.0,500.0,5,515.5,0.0,0.0,0.0,0.0,0.0,22
2023-05-10 14:20:04,TA401C4950,TA401C4950,515.5,0.0,0.0,0.0,5,495.0,500.0,5,515.5,0.0,0.0,0.0,0.0,0.0,22
2023-05-10 14:20:08,TA401C4950,TA401C4950,515.5,0.0,0.0,0.0,5,496.0,500.0,5,515.5,0.0,0.0,0.0,0.0,0.0,22
2023-05-10 14:21:20,TA401C4950,TA401C4950,515.5,0.0,0.0,0.0,5,495.0,500.0,5,515.5,0.0,0.0,0.0,0.0,0.0,22
2023-05-10 14:23:35,TA401C4950,TA401C4950,515.5,0.0,0.0,0.0,5,496.0,500.0,5,515.5,0.0,0.0,0.0,0.0,0.0,22
2023-05-10 14:24:10,TA401C4950,TA401C4950,515.5,0.0,0.0,0.0,5,495.0,500.0,5,515.5,0.0,0.0,0.0,0.0,0.0,22
2023-05-10 14:24:55,TA401C4950,TA401C4950,515.5,0.0,0.0,0.0,1,414.0,500.0,5,515.5,0.0,0.0,0.0,0.0,0.0,22
2023-05-10 14:24:57,TA401C4950,TA401C4950,515.5,0.0,0.0,0.0,5,493.0,498.5,5,515.5,0.0,0.0,0.0,0.0,0.0,22
2023-05-10 14:25:04,TA401C4950,TA401C4950,515.5,0.0,0.0,0.0,5,494.0,498.5,5,515.5,0.0,0.0,0.0,0.0,0.0,22
2023-05-10 14:25:17,TA401C4950,TA401C4950,515.5,0.0,0.0,0.0,5,494.0,500.0,5,515.5,0.0,0.0,0.0,0.0,0.0,22
2023-05-10 14:25:27,TA401C4950,TA401C4950,515.5,0.0,0.0,0.0,5,495.0,500.0,5,515.5,0.0,0.0,0.0,0.0,0.0,22
2023-05-10 14:26:30,TA401C4950,TA401C4950,515.5,0.0,0.0,0.0,5,496.5,500.0,5,515.5,0.0,0.0,0.0,0.0,0.0,22
2023-05-10 14:26:34,TA401C4950,TA401C4950,515.5,0.0,0.0,0.0,5,495.0,500.0,5,515.5,0.0,0.0,0.0,0.0,0.0,22
2023-05-10 14:26:50,TA401C4950,TA401C4950,515.5,0.0,0.0,0.0,5,495.0,499.0,5,515.5,0.0,0.0,0.0,0.0,0.0,22
2023-05-10 14:26:56,TA401C4950,TA401C4950,515.5,0.0,0.0,0.0,5,493.0,499.0,5,515.5,0.0,0.0,0.0,0.0,0.0,22
2023-05-10 14:27:03,TA401C4950,TA401C4950,515.5,0.0,0.0,0.0,5,493.0,498.0,5,515.5,0.0,0.0,0.0,0.0,0.0,22
2023-05-10 14:28:07,TA401C4950,TA401C4950,515.5,0.0,0.0,0.0,5,493.0,497.0,5,515.5,0.0,0.0,0.0,0.0,0.0,22
2023-05-10 14:28:11,TA401C4950,TA401C4950,515.5,0.0,0.0,0.0,1,414.0,497.0,5,515.5,0.0,0.0,0.0,0.0,0.0,22
2023-05-10 14:28:11,TA401C4950,TA401C4950,515.5,0.0,0.0,0.0,5,491.0,497.0,5,515.5,0.0,0.0,0.0,0.0,0.0,22
2023-05-10 14:28:29,TA401C4950,TA401C4950,515.5,0.0,0.0,0.0,5,491.0,495.0,5,515.5,0.0,0.0,0.0,0.0,0.0,22
2023-05-10 14:28:36,TA401C4950,TA401C4950,515.5,0.0,0.0,0.0,5,489.0,495.0,5,515.5,0.0,0.0,0.0,0.0,0.0,22
2023-05-10 14:28:37,TA401C4950,TA401C4950,515.5,0.0,0.0,0.0,5,490.0,495.0,5,515.5,0.0,0.0,0.0,0.0,0.0,22
2023-05-10 14:29:59,TA401C4950,TA401C4950,515.5,0.0,0.0,0.0,5,490.0,494.0,5,515.5,0.0,0.0,0.0,0.0,0.0,22
2023-05-10 14:30:00,TA401C4950,TA401C4950,515.5,0.0,0.0,0.0,5,489.0,494.0,5,515.5,0.0,0.0,0.0,0.0,0.0,22
2023-05-10 14:30:56,TA401C4950,TA401C4950,515.5,0.0,0.0,0.0,5,489.0,493.0,5,515.5,0.0,0.0,0.0,0.0,0.0,22
2023-05-10 14:30:56,TA401C4950,TA401C4950,515.5,0.0,0.0,0.0,1,414.0,493.0,5,515.5,0.0,0.0,0.0,0.0,0.0,22
2023-05-10 14:30:59,TA401C4950,TA401C4950,515.5,0.0,0.0,0.0,5,487.5,493.0,5,515.5,0.0,0.0,0.0,0.0,0.0,22
2023-05-10 14:31:08,TA401C4950,TA401C4950,515.5,0.0,0.0,0.0,5,488.5,493.0,5,515.5,0.0,0.0,0.0,0.0,0.0,22
2023-05-10 14:31:17,TA401C4950,TA401C4950,515.5,0.0,0.0,0.0,5,489.5,494.0,5,515.5,0.0,0.0,0.0,0.0,0.0,22
2023-05-10 14:31:41,TA401C4950,TA401C4950,515.5,0.0,0.0,0.0,5,488.5,492.0,5,515.5,0.0,0.0,0.0,0.0,0.0,22
2023-05-10 14:31:44,TA401C4950,TA401C4950,515.5,0.0,0.0,0.0,5,486.5,492.0,5,515.5,0.0,0.0,0.0,0.0,0.0,22
2023-05-10 14:32:00,TA401C4950,TA401C4950,515.5,0.0,0.0,0.0,5,486.5,490.5,5,515.5,0.0,0.0,0.0,0.0,0.0,22
2023-05-10 14:32:12,TA401C4950,TA401C4950,515.5,0.0,0.0,0.0,5,484.5,490.5,5,515.5,0.0,0.0,0.0,0.0,0.0,22
2023-05-10 14:32:31,TA401C4950,TA401C4950,515.5,0.0,0.0,0.0,5,484.5,489.5,5,515.5,0.0,0.0,0.0,0.0,0.0,22
2023-05-10 14:32:49,TA401C4950,TA401C4950,515.5,0.0,0.0,0.0,5,486.0,490.5,5,515.5,0.0,0.0,0.0,0.0,0.0,22
2023-05-10 14:32:59,TA401C4950,TA401C4950,515.5,0.0,0.0,0.0,5,484.5,490.5,5,515.5,0.0,0.0,0.0,0.0,0.0,22
2023-05-10 14:33:00,TA401C4950,TA401C4950,515.5,0.0,0.0,0.0,5,484.5,489.5,5,515.5,0.0,0.0,0.0,0.0,0.0,22
2023-05-10 14:33:03,TA401C4950,TA401C4950,515.5,0.0,0.0,0.0,1,414.0,489.5,5,515.5,0.0,0.0,0.0,0.0,0.0,22
2023-05-10 14:33:18,TA401C4950,TA401C4950,515.5,0.0,0.0,0.0,1,414.0,485.0,5,515.5,0.0,0.0,0.0,0.0,0.0,22
2023-05-10 14:33:21,TA401C4950,TA401C4950,515.5,0.0,0.0,0.0,5,481.0,485.0,5,515.5,0.0,0.0,0.0,0.0,0.0,22
2023-05-10 14:33:25,TA401C4950,TA401C4950,515.5,0.0,0.0,0.0,5,481.0,487.0,5,515.5,0.0,0.0,0.0,0.0,0.0,22
2023-05-10 14:33:38,TA401C4950,TA401C4950,515.5,0.0,0.0,0.0,5,482.0,487.0,5,515.5,0.0,0.0,0.0,0.0,0.0,22
2023-05-10 14:33:57,TA401C4950,TA401C4950,515.5,0.0,0.0,0.0,5,481.0,485.0,5,515.5,0.0,0.0,0.0,0.0,0.0,22
2023-05-10 14:33:58,TA401C4950,TA401C4950,515.5,0.0,0.0,0.0,5,481.0,487.0,5,515.5,0.0,0.0,0.0,0.0,0.0,22
2023-05-10 14:33:59,TA401C4950,TA401C4950,515.5,0.0,0.0,0.0,5,482.0,487.0,5,515.5,0.0,0.0,0.0,0.0,0.0,22
2023-05-10 14:34:01,TA401C4950,TA401C4950,515.5,0.0,0.0,0.0,5,482.0,486.0,5,515.5,0.0,0.0,0.0,0.0,0.0,22
2023-05-10 14:34:02,TA401C4950,TA401C4950,515.5,0.0,0.0,0.0,5,481.0,486.0,5,515.5,0.0,0.0,0.0,0.0,0.0,22
2023-05-10 14:34:06,TA401C4950,TA401C4950,515.5,0.0,0.0,0.0,5,481.0,485.0,5,515.5,0.0,0.0,0.0,0.0,0.0,22
2023-05-10 14:34:07,TA401C4950,TA401C4950,515.5,0.0,0.0,0.0,1,414.0,485.0,5,515.5,0.0,0.0,0.0,0.0,0.0,22
2023-05-10 14:34:15,TA401C4950,TA401C4950,515.5,0.0,0.0,0.0,5,479.0,485.0,5,515.5,0.0,0.0,0.0,0.0,0.0,22
2023-05-10 14:34:16,TA401C4950,TA401C4950,515.5,0.0,0.0,0.0,5,479.0,483.5,5,515.5,0.0,0.0,0.0,0.0,0.0,22
2023-05-10 14:34:30,TA401C4950,TA401C4950,515.5,0.0,0.0,0.0,1,414.0,483.5,5,515.5,0.0,0.0,0.0,0.0,0.0,22
2023-05-10 14:34:40,TA401C4950,TA401C4950,515.5,0.0,0.0,0.0,5,478.0,483.5,5,515.5,0.0,0.0,0.0,0.0,0.0,22
2023-05-10 14:34:46,TA401C4950,TA401C4950,515.5,0.0,0.0,0.0,5,478.0,482.5,5,515.5,0.0,0.0,0.0,0.0,0.0,22
2023-05-10 14:34:53,TA401C4950,TA401C4950,515.5,0.0,0.0,0.0,1,414.0,481.5,5,515.5,0.0,0.0,0.0,0.0,0.0,22
2023-05-10 14:34:54,TA401C4950,TA401C4950,515.5,0.0,0.0,0.0,5,476.5,481.5,5,515.5,0.0,0.0,0.0,0.0,0.0,22
2023-05-10 14:34:56,TA401C4950,TA401C4950,515.5,0.0,0.0,0.0,1,414.0,481.5,5,515.5,0.0,0.0,0.0,0.0,0.0,22
2023-05-10 14:34:58,TA401C4950,TA401C4950,515.5,0.0,0.0,0.0,5,475.5,481.5,5,515.5,0.0,0.0,0.0,0.0,0.0,22
2023-05-10 14:35:00,TA401C4950,TA401C4950,515.5,0.0,0.0,0.0,5,475.5,480.0,5,515.5,0.0,0.0,0.0,0.0,0.0,22
2023-05-10 14:36:54,TA401C4950,TA401C4950,515.5,0.0,0.0,0.0,5,475.5,479.0,5,515.5,0.0,0.0,0.0,0.0,0.0,22
2023-05-10 14:36:59,TA401C4950,TA401C4950,515.5,0.0,0.0,0.0,5,473.5,479.0,5,515.5,0.0,0.0,0.0,0.0,0.0,22
2023-05-10 14:37:09,TA401C4950,TA401C4950,515.5,0.0,0.0,0.0,5,474.5,479.0,5,515.5,0.0,0.0,0.0,0.0,0.0,22
2023-05-10 14:37:52,TA401C4950,TA401C4950,515.5,0.0,0.0,0.0,5,473.5,477.0,5,515.5,0.0,0.0,0.0,0.0,0.0,22
2023-05-10 14:37:53,TA401C4950,TA401C4950,515.5,0.0,0.0,0.0,1,414.0,477.0,5,515.5,0.0,0.0,0.0,0.0,0.0,22
2023-05-10 14:37:57,TA401C4950,TA401C4950,515.5,0.0,0.0,0.0,5,472.0,477.0,5,515.5,0.0,0.0,0.0,0.0,0.0,22
2023-05-10 14:38:12,TA401C4950,TA401C4950,515.5,0.0,0.0,0.0,5,473.0,477.0,5,515.5,0.0,0.0,0.0,0.0,0.0,22
2023-05-10 14:38:30,TA401C4950,TA401C4950,515.5,0.0,0.0,0.0,5,472.0,477.0,5,515.5,0.0,0.0,0.0,0.0,0.0,22
2023-05-10 14:38:32,TA401C4950,TA401C4950,515.5,0.0,0.0,0.0,1,414.0,477.0,5,515.5,0.0,0.0,0.0,0.0,0.0,22
2023-05-10 14:38:35,TA401C4950,TA401C4950,515.5,0.0,0.0,0.0,5,470.5,475.5,5,515.5,0.0,0.0,0.0,0.0,0.0,22
2023-05-10 14:38:43,TA401C4950,TA401C4950,515.5,0.0,0.0,0.0,1,414.0,475.5,5,515.5,0.0,0.0,0.0,0.0,0.0,22
2023-05-10 14:38:46,TA401C4950,TA401C4950,515.5,0.0,0.0,0.0,5,469.5,475.5,5,515.5,0.0,0.0,0.0,0.0,0.0,22
2023-05-10 14:38:47,TA401C4950,TA401C4950,515.5,0.0,0.0,0.0,5,469.5,474.5,5,515.5,0.0,0.0,0.0,0.0,0.0,22
2023-05-10 14:38:52,TA401C4950,TA401C4950,515.5,0.0,0.0,0.0,5,469.5,473.5,5,515.5,0.0,0.0,0.0,0.0,0.0,22
2023-05-10 14:39:12,TA401C4950,TA401C4950,515.5,0.0,0.0,0.0,1,414.0,473.5,5,515.5,0.0,0.0,0.0,0.0,0.0,22
2023-05-10 14:39:17,TA401C4950,TA401C4950,515.5,0.0,0.0,0.0,5,467.5,473.5,5,515.5,0.0,0.0,0.0,0.0,0.0,22
2023-05-10 14:39:20,TA401C4950,TA401C4950,515.5,0.0,0.0,0.0,5,467.5,474.5,5,515.5,0.0,0.0,0.0,0.0,0.0,22
2023-05-10 14:39:21,TA401C4950,TA401C4950,515.5,0.0,0.0,0.0,5,469.5,474.5,5,515.5,0.0,0.0,0.0,0.0,0.0,22
2023-05-10 14:39:31,TA401C4950,TA401C4950,515.5,0.0,0.0,0.0,5,469.5,473.5,5,515.5,0.0,0.0,0.0,0.0,0.0,22
2023-05-10 14:39:31,TA401C4950,TA401C4950,515.5,0.0,0.0,0.0,5,467.5,473.5,5,515.5,0.0,0.0,0.0,0.0,0.0,22
2023-05-10 14:39:33,TA401C4950,TA401C4950,515.5,0.0,0.0,0.0,5,469.0,473.5,5,515.5,0.0,0.0,0.0,0.0,0.0,22
2023-05-10 14:39:59,TA401C4950,TA401C4950,515.5,0.0,0.0,0.0,5,467.5,473.5,5,515.5,0.0,0.0,0.0,0.0,0.0,22
2023-05-10 14:40:00,TA401C4950,TA401C4950,515.5,0.0,0.0,0.0,5,467.5,472.5,5,515.5,0.0,0.0,0.0,0.0,0.0,22
2023-05-10 14:40:07,TA401C4950,TA401C4950,515.5,0.0,0.0,0.0,5,467.5,471.5,5,515.5,0.0,0.0,0.0,0.0,0.0,22
2023-05-10 14:40:26,TA401C4950,TA401C4950,515.5,0.0,0.0,0.0,5,467.5,472.5,5,515.5,0.0,0.0,0.0,0.0,0.0,22
2023-05-10 14:40:28,TA401C4950,TA401C4950,515.5,0.0,0.0,0.0,5,468.5,472.5,5,515.5,0.0,0.0,0.0,0.0,0.0,22
2023-05-10 14:40:37,TA401C4950,TA401C4950,515.5,0.0,0.0,0.0,5,468.5,623.5,1,515.5,0.0,0.0,0.0,0.0,0.0,22
2023-05-10 14:40:38,TA401C4950,TA401C4950,515.5,0.0,0.0,0.0,5,468.5,576.0,1,515.5,0.0,0.0,0.0,0.0,0.0,22
2023-05-10 14:40:47,TA401C4950,TA401C4950,515.5,0.0,0.0,0.0,5,472.5,576.0,1,515.5,0.0,0.0,0.0,0.0,0.0,22
2023-05-10 14:40:52,TA401C4950,TA401C4950,515.5,0.0,0.0,0.0,5,472.5,478.5,5,515.5,0.0,0.0,0.0,0.0,0.0,22
2023-05-10 14:41:00,TA401C4950,TA401C4950,515.5,0.0,0.0,0.0,5,474.0,478.5,5,515.5,0.0,0.0,0.0,0.0,0.0,22
2023-05-10 14:41:17,TA401C4950,TA401C4950,515.5,0.0,0.0,0.0,5,474.0,576.0,1,515.5,0.0,0.0,0.0,0.0,0.0,22
2023-05-10 14:41:18,TA401C4950,TA401C4950,515.5,0.0,0.0,0.0,5,475.0,480.5,5,515.5,0.0,0.0,0.0,0.0,0.0,22
2023-05-10 14:41:28,TA401C4950,TA401C4950,515.5,0.0,0.0,0.0,5,476.5,480.5,5,515.5,0.0,0.0,0.0,0.0,0.0,22
2023-05-10 14:41:37,TA401C4950,TA401C4950,515.5,0.0,0.0,0.0,5,475.0,480.5,5,515.5,0.0,0.0,0.0,0.0,0.0,22
2023-05-10 14:42:02,TA401C4950,TA401C4950,515.5,0.0,0.0,0.0,5,475.0,482.5,5,515.5,0.0,0.0,0.0,0.0,0.0,22
2023-05-10 14:42:03,TA401C4950,TA401C4950,515.5,0.0,0.0,0.0,5,477.0,482.5,5,515.5,0.0,0.0,0.0,0.0,0.0,22
2023-05-10 14:42:32,TA401C4950,TA401C4950,515.5,0.0,0.0,0.0,5,478.0,482.5,5,515.5,0.0,0.0,0.0,0.0,0.0,22
2023-05-10 14:42:40,TA401C4950,TA401C4950,515.5,0.0,0.0,0.0,5,478.0,576.0,1,515.5,0.0,0.0,0.0,0.0,0.0,22
2023-05-10 14:42:44,TA401C4950,TA401C4950,515.5,0.0,0.0,0.0,5,479.5,485.0,5,515.5,0.0,0.0,0.0,0.0,0.0,22
2023-05-10 14:43:44,TA401C4950,TA401C4950,515.5,0.0,0.0,0.0,5,480.5,485.0,5,515.5,0.0,0.0,0.0,0.0,0.0,22
2023-05-10 14:43:51,TA401C4950,TA401C4950,515.5,0.0,0.0,0.0,5,480.5,576.0,1,515.5,0.0,0.0,0.0,0.0,0.0,22
2023-05-10 14:43:52,TA401C4950,TA401C4950,515.5,0.0,0.0,0.0,5,480.5,486.0,5,515.5,0.0,0.0,0.0,0.0,0.0,22
2023-05-10 14:44:01,TA401C4950,TA401C4950,515.5,0.0,0.0,0.0,5,481.5,576.0,1,515.5,0.0,0.0,0.0,0.0,0.0,22
2023-05-10 14:44:06,TA401C4950,TA401C4950,515.5,0.0,0.0,0.0,5,483.0,576.0,1,515.5,0.0,0.0,0.0,0.0,0.0,22
2023-05-10 14:44:08,TA401C4950,TA401C4950,515.5,0.0,0.0,0.0,5,483.0,488.5,5,515.5,0.0,0.0,0.0,0.0,0.0,22
2023-05-10 14:45:17,TA401C4950,TA401C4950,515.5,0.0,0.0,0.0,5,484.5,488.5,5,515.5,0.0,0.0,0.0,0.0,0.0,22
2023-05-10 14:45:20,TA401C4950,TA401C4950,515.5,0.0,0.0,0.0,5,484.5,576.0,1,515.5,0.0,0.0,0.0,0.0,0.0,22
2023-05-10 14:45:21,TA401C4950,TA401C4950,515.5,0.0,0.0,0.0,5,484.5,490.5,5,515.5,0.0,0.0,0.0,0.0,0.0,22
2023-05-10 14:45:36,TA401C4950,TA401C4950,515.5,0.0,0.0,0.0,5,484.5,489.0,5,515.5,0.0,0.0,0.0,0.0,0.0,22
2023-05-10 14:45:54,TA401C4950,TA401C4950,515.5,0.0,0.0,0.0,5,484.5,490.5,5,515.5,0.0,0.0,0.0,0.0,0.0,22
2023-05-10 14:46:01,TA401C4950,TA401C4950,515.5,0.0,0.0,0.0,5,486.0,490.5,5,515.5,0.0,0.0,0.0,0.0,0.0,22
2023-05-10 14:46:49,TA401C4950,TA401C4950,515.5,0.0,0.0,0.0,5,486.0,492.5,5,515.5,0.0,0.0,0.0,0.0,0.0,22
2023-05-10 14:46:50,TA401C4950,TA401C4950,515.5,0.0,0.0,0.0,5,487.0,492.5,5,515.5,0.0,0.0,0.0,0.0,0.0,22
2023-05-10 14:46:53,TA401C4950,TA401C4950,515.5,0.0,0.0,0.0,5,488.5,492.5,5,515.5,0.0,0.0,0.0,0.0,0.0,22
2023-05-10 14:47:15,TA401C4950,TA401C4950,515.5,0.0,0.0,0.0,5,487.0,491.0,5,515.5,0.0,0.0,0.0,0.0,0.0,22
2023-05-10 14:47:22,TA401C4950,TA401C4950,515.5,0.0,0.0,0.0,5,485.0,491.0,5,515.5,0.0,0.0,0.0,0.0,0.0,22
2023-05-10 14:47:28,TA401C4950,TA401C4950,515.5,0.0,0.0,0.0,5,485.0,490.0,5,515.5,0.0,0.0,0.0,0.0,0.0,22
2023-05-10 14:47:43,TA401C4950,TA401C4950,515.5,0.0,0.0,0.0,5,483.0,490.0,5,515.5,0.0,0.0,0.0,0.0,0.0,22
2023-05-10 14:47:44,TA401C4950,TA401C4950,515.5,0.0,0.0,0.0,5,483.0,489.0,5,515.5,0.0,0.0,0.0,0.0,0.0,22
2023-05-10 14:47:49,TA401C4950,TA401C4950,515.5,0.0,0.0,0.0,5,484.0,489.0,5,515.5,0.0,0.0,0.0,0.0,0.0,22
2023-05-10 14:47:54,TA401C4950,TA401C4950,515.5,0.0,0.0,0.0,5,485.0,489.0,5,515.5,0.0,0.0,0.0,0.0,0.0,22
2023-05-10 14:47:54,TA401C4950,TA401C4950,515.5,0.0,0.0,0.0,5,485.0,490.0,5,515.5,0.0,0.0,0.0,0.0,0.0,22
2023-05-10 14:48:36,TA401C4950,TA401C4950,515.5,0.0,0.0,0.0,5,484.0,488.5,5,515.5,0.0,0.0,0.0,0.0,0.0,22
2023-05-10 14:48:50,TA401C4950,TA401C4950,515.5,0.0,0.0,0.0,5,484.0,490.0,5,515.5,0.0,0.0,0.0,0.0,0.0,22
2023-05-10 14:48:51,TA401C4950,TA401C4950,515.5,0.0,0.0,0.0,5,485.5,490.0,5,515.5,0.0,0.0,0.0,0.0,0.0,22
2023-05-10 14:49:01,TA401C4950,TA401C4950,515.5,0.0,0.0,0.0,5,485.5,492.0,5,515.5,0.0,0.0,0.0,0.0,0.0,22
2023-05-10 14:49:07,TA401C4950,TA401C4950,515.5,0.0,0.0,0.0,5,487.0,492.0,5,515.5,0.0,0.0,0.0,0.0,0.0,22
2023-05-10 14:49:18,TA401C4950,TA401C4950,515.5,0.0,0.0,0.0,5,487.0,576.0,1,515.5,0.0,0.0,0.0,0.0,0.0,22
2023-05-10 14:49:19,TA401C4950,TA401C4950,515.5,0.0,0.0,0.0,5,488.5,494.0,5,515.5,0.0,0.0,0.0,0.0,0.0,22
2023-05-10 14:49:54,TA401C4950,TA401C4950,515.5,0.0,0.0,0.0,5,488.5,492.5,5,515.5,0.0,0.0,0.0,0.0,0.0,22
2023-05-10 14:50:25,TA401C4950,TA401C4950,515.5,0.0,0.0,0.0,5,487.0,492.5,5,515.5,0.0,0.0,0.0,0.0,0.0,22
2023-05-10 14:51:48,TA401C4950,TA401C4950,515.5,0.0,0.0,0.0,5,487.0,491.5,5,515.5,0.0,0.0,0.0,0.0,0.0,22
2023-05-10 14:52:55,TA401C4950,TA401C4950,515.5,0.0,0.0,0.0,5,485.0,491.5,5,515.5,0.0,0.0,0.0,0.0,0.0,22
2023-05-10 14:53:10,TA401C4950,TA401C4950,515.5,0.0,0.0,0.0,5,486.0,491.5,5,515.5,0.0,0.0,0.0,0.0,0.0,22
2023-05-10 14:54:44,TA401C4950,TA401C4950,515.5,0.0,0.0,0.0,5,487.0,491.5,5,515.5,0.0,0.0,0.0,0.0,0.0,22
2023-05-10 14:55:00,TA401C4950,TA401C4950,515.5,0.0,0.0,0.0,5,487.0,492.5,5,515.5,0.0,0.0,0.0,0.0,0.0,22
2023-05-10 14:55:20,TA401C4950,TA401C4950,515.5,0.0,0.0,0.0,5,487.0,491.5,5,515.5,0.0,0.0,0.0,0.0,0.0,22
2023-05-10 14:55:27,TA401C4950,TA401C4950,515.5,0.0,0.0,0.0,5,486.0,491.5,5,515.5,0.0,0.0,0.0,0.0,0.0,22
2023-05-10 14:55:44,TA401C4950,TA401C4950,515.5,0.0,0.0,0.0,5,486.0,490.5,5,515.5,0.0,0.0,0.0,0.0,0.0,22
2023-05-10 14:56:19,TA401C4950,TA401C4950,515.5,0.0,0.0,0.0,5,484.0,490.5,5,515.5,0.0,0.0,0.0,0.0,0.0,22
2023-05-10 14:56:21,TA401C4950,TA401C4950,515.5,0.0,0.0,0.0,5,484.0,489.5,5,515.5,0.0,0.0,0.0,0.0,0.0,22
2023-05-10 14:57:21,TA401C4950,TA401C4950,515.5,0.0,0.0,0.0,5,485.0,489.5,5,515.5,0.0,0.0,0.0,0.0,0.0,22
2023-05-10 14:58:00,TA401C4950,TA401C4950,515.5,0.0,0.0,0.0,5,484.0,489.5,5,515.5,0.0,0.0,0.0,0.0,0.0,22
2023-05-10 14:58:31,TA401C4950,TA401C4950,515.5,0.0,0.0,0.0,5,484.0,492.5,5,515.5,0.0,0.0,0.0,0.0,0.0,22
2023-05-10 14:58:31,TA401C4950,TA401C4950,515.5,0.0,0.0,0.0,5,484.0,491.0,5,515.5,0.0,0.0,0.0,0.0,0.0,22
2023-05-10 14:58:49,TA401C4950,TA401C4950,515.5,0.0,0.0,0.0,5,486.0,491.0,5,515.5,0.0,0.0,0.0,0.0,0.0,22
2023-05-10 14:58:55,TA401C4950,TA401C4950,515.5,0.0,0.0,0.0,1,414.0,576.0,1,515.5,0.0,0.0,0.0,0.0,0.0,22
2023-05-10 14:59:20,TA401C4950,TA401C4950,515.5,0.0,0.0,0.0,1,385.0,576.0,1,515.5,0.0,0.0,0.0,0.0,0.0,22
