time,symbol_id,symbol_name,last,trade_volume,trade_amount,open_interest_change,bv1,bp1,ap1,av1,yesterday_close,today_open,today_high,today_low,volume,amount,open_interest
2023-05-09 19:10:58,TA401C6000,TA401C6000,130.0,0.0,0.0,0.0,0,0.0,0.0,0,130.0,0.0,0.0,0.0,0.0,0.0,88
2023-05-09 20:59:00,TA401C6000,TA401C6000,130.0,0.0,0.0,0.0,3,30.0,266.0,17,130.0,0.0,0.0,0.0,0.0,0.0,88
2023-05-09 21:00:04,TA401C6000,TA401C6000,130.0,0.0,0.0,0.0,1,57.5,230.0,1,130.0,0.0,0.0,0.0,0.0,0.0,88
2023-05-09 21:00:34,TA401C6000,TA401C6000,130.0,0.0,0.0,0.0,1,57.5,202.5,1,130.0,0.0,0.0,0.0,0.0,0.0,88
2023-05-09 21:00:45,TA401C6000,TA401C6000,130.0,0.0,0.0,0.0,1,57.5,174.5,1,130.0,0.0,0.0,0.0,0.0,0.0,88
2023-05-09 21:01:12,TA401C6000,TA401C6000,130.0,0.0,0.0,0.0,2,64.0,174.5,1,130.0,0.0,0.0,0.0,0.0,0.0,88
2023-05-09 21:01:12,TA401C6000,TA401C6000,130.0,0.0,0.0,0.0,1,110.0,174.5,1,130.0,0.0,0.0,0.0,0.0,0.0,88
2023-05-09 21:01:18,TA401C6000,TA401C6000,130.0,0.0,0.0,0.0,5,123.5,130.5,5,130.0,0.0,0.0,0.0,0.0,0.0,88
2023-05-09 21:04:23,TA401C6000,TA401C6000,130.0,0.0,0.0,0.0,5,122.0,130.5,5,130.0,0.0,0.0,0.0,0.0,0.0,88
2023-05-09 21:05:09,TA401C6000,TA401C6000,130.0,0.0,0.0,0.0,5,122.0,128.5,5,130.0,0.0,0.0,0.0,0.0,0.0,88
2023-05-09 21:05:20,TA401C6000,TA401C6000,130.0,0.0,0.0,0.0,5,123.0,128.5,5,130.0,0.0,0.0,0.0,0.0,0.0,88
2023-05-09 21:06:07,TA401C6000,TA401C6000,130.0,0.0,0.0,0.0,5,124.0,128.5,5,130.0,0.0,0.0,0.0,0.0,0.0,88
2023-05-09 21:06:29,TA401C6000,TA401C6000,130.0,0.0,0.0,0.0,5,123.0,128.5,5,130.0,0.0,0.0,0.0,0.0,0.0,88
2023-05-09 21:07:17,TA401C6000,TA401C6000,130.0,0.0,0.0,0.0,1,110.0,128.5,5,130.0,0.0,0.0,0.0,0.0,0.0,88
2023-05-09 21:07:21,TA401C6000,TA401C6000,130.0,0.0,0.0,0.0,5,122.0,128.5,5,130.0,0.0,0.0,0.0,0.0,0.0,88
2023-05-09 21:12:51,TA401C6000,TA401C6000,130.0,0.0,0.0,0.0,5,123.0,128.5,5,130.0,0.0,0.0,0.0,0.0,0.0,88
2023-05-09 21:13:05,TA401C6000,TA401C6000,130.0,0.0,0.0,0.0,5,122.0,128.5,5,130.0,0.0,0.0,0.0,0.0,0.0,88
2023-05-09 21:13:15,TA401C6000,TA401C6000,130.0,0.0,0.0,0.0,5,123.0,128.5,5,130.0,0.0,0.0,0.0,0.0,0.0,88
2023-05-09 21:13:34,TA401C6000,TA401C6000,130.0,0.0,0.0,0.0,5,124.0,128.5,5,130.0,0.0,0.0,0.0,0.0,0.0,88
2023-05-09 21:14:41,TA401C6000,TA401C6000,130.0,0.0,0.0,0.0,5,125.0,128.5,5,130.0,0.0,0.0,0.0,0.0,0.0,88
2023-05-09 21:14:54,TA401C6000,TA401C6000,130.0,0.0,0.0,0.0,5,124.0,128.5,5,130.0,0.0,0.0,0.0,0.0,0.0,88
2023-05-09 21:14:56,TA401C6000,TA401C6000,130.0,0.0,0.0,0.0,5,125.0,128.5,5,130.0,0.0,0.0,0.0,0.0,0.0,88
2023-05-09 21:15:04,TA401C6000,TA401C6000,130.0,0.0,0.0,0.0,5,125.0,130.5,5,130.0,0.0,0.0,0.0,0.0,0.0,88
2023-05-09 21:15:33,TA401C6000,TA401C6000,130.0,0.0,0.0,0.0,5,126.0,130.5,5,130.0,0.0,0.0,0.0,0.0,0.0,88
2023-05-09 21:16:21,TA401C6000,TA401C6000,130.0,0.0,0.0,0.0,5,127.0,130.5,5,130.0,0.0,0.0,0.0,0.0,0.0,88
2023-05-09 21:17:02,TA401C6000,TA401C6000,130.0,0.0,0.0,0.0,5,126.0,130.5,5,130.0,0.0,0.0,0.0,0.0,0.0,88
2023-05-09 21:18:43,TA401C6000,TA401C6000,130.0,0.0,0.0,0.0,5,124.5,130.5,5,130.0,0.0,0.0,0.0,0.0,0.0,88
2023-05-09 21:20:41,TA401C6000,TA401C6000,130.0,0.0,0.0,0.0,1,110.0,130.5,5,130.0,0.0,0.0,0.0,0.0,0.0,88
2023-05-09 21:20:45,TA401C6000,TA401C6000,130.0,0.0,0.0,0.0,5,123.5,130.5,5,130.0,0.0,0.0,0.0,0.0,0.0,88
2023-05-09 21:20:52,TA401C6000,TA401C6000,130.0,0.0,0.0,0.0,5,123.5,128.5,5,130.0,0.0,0.0,0.0,0.0,0.0,88
2023-05-09 21:21:05,TA401C6000,TA401C6000,130.0,0.0,0.0,0.0,1,110.0,128.5,5,130.0,0.0,0.0,0.0,0.0,0.0,88
2023-05-09 21:21:13,TA401C6000,TA401C6000,130.0,0.0,0.0,0.0,5,122.0,128.5,5,130.0,0.0,0.0,0.0,0.0,0.0,88
2023-05-09 21:21:37,TA401C6000,TA401C6000,130.0,0.0,0.0,0.0,5,122.0,126.5,5,130.0,0.0,0.0,0.0,0.0,0.0,88
2023-05-09 21:21:48,TA401C6000,TA401C6000,130.0,0.0,0.0,0.0,1,110.0,126.5,5,130.0,0.0,0.0,0.0,0.0,0.0,88
2023-05-09 21:21:54,TA401C6000,TA401C6000,130.0,0.0,0.0,0.0,5,120.5,126.5,5,130.0,0.0,0.0,0.0,0.0,0.0,88
2023-05-09 21:23:05,TA401C6000,TA401C6000,130.0,0.0,0.0,0.0,1,110.0,126.5,5,130.0,0.0,0.0,0.0,0.0,0.0,88
2023-05-09 21:23:08,TA401C6000,TA401C6000,130.0,0.0,0.0,0.0,5,119.5,126.5,5,130.0,0.0,0.0,0.0,0.0,0.0,88
2023-05-09 21:23:32,TA401C6000,TA401C6000,130.0,0.0,0.0,0.0,5,120.0,126.5,5,130.0,0.0,0.0,0.0,0.0,0.0,88
2023-05-09 21:25:01,TA401C6000,TA401C6000,130.0,0.0,0.0,0.0,5,121.0,126.5,5,130.0,0.0,0.0,0.0,0.0,0.0,88
2023-05-09 21:26:03,TA401C6000,TA401C6000,130.0,0.0,0.0,0.0,5,120.0,126.5,5,130.0,0.0,0.0,0.0,0.0,0.0,88
2023-05-09 21:28:23,TA401C6000,TA401C6000,130.0,0.0,0.0,0.0,5,120.5,126.5,5,130.0,0.0,0.0,0.0,0.0,0.0,88
2023-05-09 21:30:01,TA401C6000,TA401C6000,130.0,0.0,0.0,0.0,5,120.0,126.5,5,130.0,0.0,0.0,0.0,0.0,0.0,88
2023-05-09 21:30:02,TA401C6000,TA401C6000,130.0,0.0,0.0,0.0,5,120.0,124.5,5,130.0,0.0,0.0,0.0,0.0,0.0,88
2023-05-09 21:30:54,TA401C6000,TA401C6000,130.0,0.0,0.0,0.0,5,118.5,124.5,5,130.0,0.0,0.0,0.0,0.0,0.0,88
2023-05-09 21:32:13,TA401C6000,TA401C6000,130.0,0.0,0.0,0.0,1,110.0,124.5,5,130.0,0.0,0.0,0.0,0.0,0.0,88
2023-05-09 21:32:19,TA401C6000,TA401C6000,130.0,0.0,0.0,0.0,5,117.5,124.5,5,130.0,0.0,0.0,0.0,0.0,0.0,88
2023-05-09 21:32:22,TA401C6000,TA401C6000,130.0,0.0,0.0,0.0,5,117.5,122.5,5,130.0,0.0,0.0,0.0,0.0,0.0,88
2023-05-09 21:34:46,TA401C6000,TA401C6000,130.0,0.0,0.0,0.0,5,118.5,122.5,5,130.0,0.0,0.0,0.0,0.0,0.0,88
2023-05-09 21:42:51,TA401C6000,TA401C6000,130.0,0.0,0.0,0.0,5,119.5,122.5,5,130.0,0.0,0.0,0.0,0.0,0.0,88
2023-05-09 21:42:57,TA401C6000,TA401C6000,130.0,0.0,0.0,0.0,5,119.5,124.5,5,130.0,0.0,0.0,0.0,0.0,0.0,88
2023-05-09 21:45:26,TA401C6000,TA401C6000,130.0,0.0,0.0,0.0,5,118.5,124.5,5,130.0,0.0,0.0,0.0,0.0,0.0,88
2023-05-09 21:45:40,TA401C6000,TA401C6000,130.0,0.0,0.0,0.0,5,119.0,124.5,5,130.0,0.0,0.0,0.0,0.0,0.0,88
2023-05-09 21:46:18,TA401C6000,TA401C6000,130.0,0.0,0.0,0.0,5,119.5,124.5,5,130.0,0.0,0.0,0.0,0.0,0.0,88
2023-05-09 21:47:49,TA401C6000,TA401C6000,130.0,0.0,0.0,0.0,5,120.0,124.5,5,130.0,0.0,0.0,0.0,0.0,0.0,88
2023-05-09 21:48:19,TA401C6000,TA401C6000,130.0,0.0,0.0,0.0,5,120.5,124.5,5,130.0,0.0,0.0,0.0,0.0,0.0,88
2023-05-09 21:48:42,TA401C6000,TA401C6000,130.0,0.0,0.0,0.0,5,121.5,124.5,5,130.0,0.0,0.0,0.0,0.0,0.0,88
2023-05-09 21:48:45,TA401C6000,TA401C6000,130.0,0.0,0.0,0.0,5,121.5,174.5,1,130.0,0.0,0.0,0.0,0.0,0.0,88
2023-05-09 21:48:46,TA401C6000,TA401C6000,130.0,0.0,0.0,0.0,5,121.5,174.0,1,130.0,0.0,0.0,0.0,0.0,0.0,88
2023-05-09 21:48:46,TA401C6000,TA401C6000,130.0,0.0,0.0,0.0,5,121.5,147.5,1,130.0,0.0,0.0,0.0,0.0,0.0,88
2023-05-09 21:48:49,TA401C6000,TA401C6000,130.0,0.0,0.0,0.0,5,121.5,127.0,5,130.0,0.0,0.0,0.0,0.0,0.0,88
2023-05-09 21:52:39,TA401C6000,TA401C6000,130.0,0.0,0.0,0.0,5,122.0,127.0,5,130.0,0.0,0.0,0.0,0.0,0.0,88
2023-05-09 21:59:27,TA401C6000,TA401C6000,130.0,0.0,0.0,0.0,5,123.0,127.0,5,130.0,0.0,0.0,0.0,0.0,0.0,88
2023-05-09 22:00:19,TA401C6000,TA401C6000,130.0,0.0,0.0,0.0,5,124.0,127.0,5,130.0,0.0,0.0,0.0,0.0,0.0,88
2023-05-09 22:00:25,TA401C6000,TA401C6000,130.0,0.0,0.0,0.0,5,124.0,147.5,1,130.0,0.0,0.0,0.0,0.0,0.0,88
2023-05-09 22:00:27,TA401C6000,TA401C6000,130.0,0.0,0.0,0.0,5,124.0,129.5,5,130.0,0.0,0.0,0.0,0.0,0.0,88
2023-05-09 22:00:38,TA401C6000,TA401C6000,130.0,0.0,0.0,0.0,5,125.0,129.5,5,130.0,0.0,0.0,0.0,0.0,0.0,88
2023-05-09 22:00:58,TA401C6000,TA401C6000,130.0,0.0,0.0,0.0,5,124.0,129.5,5,130.0,0.0,0.0,0.0,0.0,0.0,88
2023-05-09 22:01:41,TA401C6000,TA401C6000,130.0,0.0,0.0,0.0,5,125.0,129.5,5,130.0,0.0,0.0,0.0,0.0,0.0,88
2023-05-09 22:02:20,TA401C6000,TA401C6000,130.0,0.0,0.0,0.0,5,124.0,129.5,5,130.0,0.0,0.0,0.0,0.0,0.0,88
2023-05-09 22:02:23,TA401C6000,TA401C6000,130.0,0.0,0.0,0.0,1,76.0,129.5,5,130.0,0.0,0.0,0.0,0.0,0.0,88
2023-05-09 22:02:24,TA401C6000,TA401C6000,130.0,0.0,0.0,0.0,2,82.5,129.5,5,130.0,0.0,0.0,0.0,0.0,0.0,88
2023-05-09 22:02:24,TA401C6000,TA401C6000,130.0,0.0,0.0,0.0,1,113.5,129.5,5,130.0,0.0,0.0,0.0,0.0,0.0,88
2023-05-09 22:02:33,TA401C6000,TA401C6000,130.0,0.0,0.0,0.0,5,122.5,129.5,5,130.0,0.0,0.0,0.0,0.0,0.0,88
2023-05-09 22:02:36,TA401C6000,TA401C6000,130.0,0.0,0.0,0.0,5,123.0,129.5,5,130.0,0.0,0.0,0.0,0.0,0.0,88
2023-05-09 22:02:56,TA401C6000,TA401C6000,130.0,0.0,0.0,0.0,5,124.0,129.5,5,130.0,0.0,0.0,0.0,0.0,0.0,88
2023-05-09 22:03:24,TA401C6000,TA401C6000,130.0,0.0,0.0,0.0,5,123.0,129.5,5,130.0,0.0,0.0,0.0,0.0,0.0,88
2023-05-09 22:04:43,TA401C6000,TA401C6000,130.0,0.0,0.0,0.0,5,123.0,127.5,5,130.0,0.0,0.0,0.0,0.0,0.0,88
2023-05-09 22:05:57,TA401C6000,TA401C6000,130.0,0.0,0.0,0.0,5,121.5,127.5,5,130.0,0.0,0.0,0.0,0.0,0.0,88
2023-05-09 22:06:50,TA401C6000,TA401C6000,130.0,0.0,0.0,0.0,1,113.5,127.5,5,130.0,0.0,0.0,0.0,0.0,0.0,88
2023-05-09 22:06:53,TA401C6000,TA401C6000,130.0,0.0,0.0,0.0,5,120.5,127.5,5,130.0,0.0,0.0,0.0,0.0,0.0,88
2023-05-09 22:07:40,TA401C6000,TA401C6000,130.0,0.0,0.0,0.0,5,121.5,127.5,5,130.0,0.0,0.0,0.0,0.0,0.0,88
2023-05-09 22:10:28,TA401C6000,TA401C6000,130.0,0.0,0.0,0.0,5,120.5,125.5,5,130.0,0.0,0.0,0.0,0.0,0.0,88
2023-05-09 22:11:36,TA401C6000,TA401C6000,130.0,0.0,0.0,0.0,5,121.0,125.5,5,130.0,0.0,0.0,0.0,0.0,0.0,88
2023-05-09 22:12:40,TA401C6000,TA401C6000,130.0,0.0,0.0,0.0,5,122.0,125.5,5,130.0,0.0,0.0,0.0,0.0,0.0,88
2023-05-09 22:15:36,TA401C6000,TA401C6000,130.0,0.0,0.0,0.0,5,121.0,125.5,5,130.0,0.0,0.0,0.0,0.0,0.0,88
2023-05-09 22:17:35,TA401C6000,TA401C6000,130.0,0.0,0.0,0.0,5,121.5,125.5,5,130.0,0.0,0.0,0.0,0.0,0.0,88
2023-05-09 22:17:59,TA401C6000,TA401C6000,130.0,0.0,0.0,0.0,5,122.0,125.5,5,130.0,0.0,0.0,0.0,0.0,0.0,88
2023-05-09 22:20:07,TA401C6000,TA401C6000,130.0,0.0,0.0,0.0,5,121.5,125.5,5,130.0,0.0,0.0,0.0,0.0,0.0,88
2023-05-09 22:20:55,TA401C6000,TA401C6000,130.0,0.0,0.0,0.0,1,113.5,125.5,5,130.0,0.0,0.0,0.0,0.0,0.0,88
2023-05-09 22:20:55,TA401C6000,TA401C6000,130.0,0.0,0.0,0.0,5,120.5,125.5,5,130.0,0.0,0.0,0.0,0.0,0.0,88
2023-05-09 22:26:04,TA401C6000,TA401C6000,130.0,0.0,0.0,0.0,5,121.0,125.5,5,130.0,0.0,0.0,0.0,0.0,0.0,88
2023-05-09 22:27:39,TA401C6000,TA401C6000,130.0,0.0,0.0,0.0,5,122.0,125.5,5,130.0,0.0,0.0,0.0,0.0,0.0,88
2023-05-09 22:30:20,TA401C6000,TA401C6000,130.0,0.0,0.0,0.0,5,121.0,125.5,5,130.0,0.0,0.0,0.0,0.0,0.0,88
2023-05-09 22:30:42,TA401C6000,TA401C6000,130.0,0.0,0.0,0.0,5,122.0,125.5,5,130.0,0.0,0.0,0.0,0.0,0.0,88
2023-05-09 22:32:11,TA401C6000,TA401C6000,130.0,0.0,0.0,0.0,5,121.0,125.5,5,130.0,0.0,0.0,0.0,0.0,0.0,88
2023-05-09 22:32:25,TA401C6000,TA401C6000,130.0,0.0,0.0,0.0,5,119.5,125.5,5,130.0,0.0,0.0,0.0,0.0,0.0,88
2023-05-09 22:34:21,TA401C6000,TA401C6000,130.0,0.0,0.0,0.0,5,120.0,125.5,5,130.0,0.0,0.0,0.0,0.0,0.0,88
2023-05-09 22:39:21,TA401C6000,TA401C6000,130.0,0.0,0.0,0.0,5,120.5,125.5,5,130.0,0.0,0.0,0.0,0.0,0.0,88
2023-05-09 22:44:27,TA401C6000,TA401C6000,130.0,0.0,0.0,0.0,5,121.0,125.5,5,130.0,0.0,0.0,0.0,0.0,0.0,88
2023-05-09 22:48:31,TA401C6000,TA401C6000,130.0,0.0,0.0,0.0,5,120.5,125.5,5,130.0,0.0,0.0,0.0,0.0,0.0,88
2023-05-09 22:48:47,TA401C6000,TA401C6000,130.0,0.0,0.0,0.0,5,119.0,125.5,5,130.0,0.0,0.0,0.0,0.0,0.0,88
2023-05-09 22:49:25,TA401C6000,TA401C6000,130.0,0.0,0.0,0.0,5,119.0,123.5,5,130.0,0.0,0.0,0.0,0.0,0.0,88
2023-05-09 22:49:41,TA401C6000,TA401C6000,130.0,0.0,0.0,0.0,1,113.5,123.5,5,130.0,0.0,0.0,0.0,0.0,0.0,88
2023-05-09 22:49:42,TA401C6000,TA401C6000,130.0,0.0,0.0,0.0,5,117.5,123.5,5,130.0,0.0,0.0,0.0,0.0,0.0,88
2023-05-09 22:55:57,TA401C6000,TA401C6000,130.0,0.0,0.0,0.0,1,113.5,156.0,1,130.0,0.0,0.0,0.0,0.0,0.0,88
2023-05-09 22:56:31,TA401C6000,TA401C6000,130.0,0.0,0.0,0.0,3,30.0,202.0,17,130.0,0.0,0.0,0.0,0.0,0.0,88
2023-05-09 22:56:31,TA401C6000,TA401C6000,130.0,0.0,0.0,0.0,1,30.5,199.0,1,130.0,0.0,0.0,0.0,0.0,0.0,88
2023-05-09 22:56:32,TA401C6000,TA401C6000,130.0,0.0,0.0,0.0,2,37.0,199.0,1,130.0,0.0,0.0,0.0,0.0,0.0,88
2023-05-09 22:56:35,TA401C6000,TA401C6000,130.0,0.0,0.0,0.0,1,38.5,199.0,1,130.0,0.0,0.0,0.0,0.0,0.0,88
2023-05-09 22:56:36,TA401C6000,TA401C6000,130.0,0.0,0.0,0.0,2,45.0,199.0,1,130.0,0.0,0.0,0.0,0.0,0.0,88
2023-05-09 22:57:10,TA401C6000,TA401C6000,130.0,0.0,0.0,0.0,1,30.5,199.0,1,130.0,0.0,0.0,0.0,0.0,0.0,88
2023-05-09 22:57:10,TA401C6000,TA401C6000,130.0,0.0,0.0,0.0,1,32.0,199.0,1,130.0,0.0,0.0,0.0,0.0,0.0,88
2023-05-09 22:58:00,TA401C6000,TA401C6000,130.0,0.0,0.0,0.0,1,30.5,199.0,1,130.0,0.0,0.0,0.0,0.0,0.0,88
2023-05-09 22:58:12,TA401C6000,TA401C6000,130.0,0.0,0.0,0.0,1,30.5,202.0,17,130.0,0.0,0.0,0.0,0.0,0.0,88
2023-05-10 09:00:05,TA401C6000,TA401C6000,130.0,0.0,0.0,0.0,1,58.0,174.5,1,130.0,0.0,0.0,0.0,0.0,0.0,88
2023-05-10 09:00:51,TA401C6000,TA401C6000,130.0,0.0,0.0,0.0,1,86.0,174.5,1,130.0,0.0,0.0,0.0,0.0,0.0,88
2023-05-10 09:01:20,TA401C6000,TA401C6000,130.0,0.0,0.0,0.0,1,86.0,149.5,1,130.0,0.0,0.0,0.0,0.0,0.0,88
2023-05-10 09:01:26,TA401C6000,TA401C6000,130.0,0.0,0.0,0.0,5,124.0,149.5,1,130.0,0.0,0.0,0.0,0.0,0.0,88
2023-05-10 09:01:29,TA401C6000,TA401C6000,130.0,0.0,0.0,0.0,5,124.0,129.0,5,130.0,0.0,0.0,0.0,0.0,0.0,88
2023-05-10 09:02:31,TA401C6000,TA401C6000,130.0,0.0,0.0,0.0,5,125.0,129.0,5,130.0,0.0,0.0,0.0,0.0,0.0,88
2023-05-10 09:02:56,TA401C6000,TA401C6000,130.0,0.0,0.0,0.0,5,125.0,149.5,1,130.0,0.0,0.0,0.0,0.0,0.0,88
2023-05-10 09:03:09,TA401C6000,TA401C6000,130.0,0.0,0.0,0.0,5,126.5,149.5,1,130.0,0.0,0.0,0.0,0.0,0.0,88
2023-05-10 09:03:10,TA401C6000,TA401C6000,130.0,0.0,0.0,0.0,5,126.5,132.0,5,130.0,0.0,0.0,0.0,0.0,0.0,88
2023-05-10 09:03:26,TA401C6000,TA401C6000,130.0,0.0,0.0,0.0,5,127.5,132.0,5,130.0,0.0,0.0,0.0,0.0,0.0,88
2023-05-10 09:04:03,TA401C6000,TA401C6000,130.0,0.0,0.0,0.0,5,126.5,132.0,5,130.0,0.0,0.0,0.0,0.0,0.0,88
2023-05-10 09:04:17,TA401C6000,TA401C6000,130.0,0.0,0.0,0.0,1,86.0,132.0,5,130.0,0.0,0.0,0.0,0.0,0.0,88
2023-05-10 09:04:18,TA401C6000,TA401C6000,130.0,0.0,0.0,0.0,2,92.5,132.0,5,130.0,0.0,0.0,0.0,0.0,0.0,88
2023-05-10 09:04:18,TA401C6000,TA401C6000,130.0,0.0,0.0,0.0,1,116.5,132.0,5,130.0,0.0,0.0,0.0,0.0,0.0,88
2023-05-10 09:04:21,TA401C6000,TA401C6000,130.0,0.0,0.0,0.0,5,125.0,130.5,5,130.0,0.0,0.0,0.0,0.0,0.0,88
2023-05-10 09:04:30,TA401C6000,TA401C6000,130.0,0.0,0.0,0.0,5,125.5,130.5,5,130.0,0.0,0.0,0.0,0.0,0.0,88
2023-05-10 09:05:35,TA401C6000,TA401C6000,130.0,0.0,0.0,0.0,5,126.0,130.5,5,130.0,0.0,0.0,0.0,0.0,0.0,88
2023-05-10 09:06:08,TA401C6000,TA401C6000,130.0,0.0,0.0,0.0,5,127.0,130.5,5,130.0,0.0,0.0,0.0,0.0,0.0,88
2023-05-10 09:06:37,TA401C6000,TA401C6000,130.0,0.0,0.0,0.0,5,126.0,130.5,5,130.0,0.0,0.0,0.0,0.0,0.0,88
2023-05-10 09:06:59,TA401C6000,TA401C6000,130.0,0.0,0.0,0.0,1,116.5,130.5,5,130.0,0.0,0.0,0.0,0.0,0.0,88
2023-05-10 09:07:04,TA401C6000,TA401C6000,130.0,0.0,0.0,0.0,5,125.5,130.5,5,130.0,0.0,0.0,0.0,0.0,0.0,88
2023-05-10 09:07:50,TA401C6000,TA401C6000,130.0,0.0,0.0,0.0,1,116.5,130.5,5,130.0,0.0,0.0,0.0,0.0,0.0,88
2023-05-10 09:07:52,TA401C6000,TA401C6000,130.0,0.0,0.0,0.0,5,124.5,130.5,5,130.0,0.0,0.0,0.0,0.0,0.0,88
2023-05-10 09:07:57,TA401C6000,TA401C6000,130.0,0.0,0.0,0.0,5,124.5,129.0,5,130.0,0.0,0.0,0.0,0.0,0.0,88
2023-05-10 09:08:07,TA401C6000,TA401C6000,130.0,0.0,0.0,0.0,5,125.0,129.0,5,130.0,0.0,0.0,0.0,0.0,0.0,88
2023-05-10 09:08:17,TA401C6000,TA401C6000,130.0,0.0,0.0,0.0,5,125.5,129.0,5,130.0,0.0,0.0,0.0,0.0,0.0,88
2023-05-10 09:10:36,TA401C6000,TA401C6000,130.0,0.0,0.0,0.0,5,125.0,129.0,5,130.0,0.0,0.0,0.0,0.0,0.0,88
2023-05-10 09:10:41,TA401C6000,TA401C6000,130.0,0.0,0.0,0.0,1,116.5,129.0,5,130.0,0.0,0.0,0.0,0.0,0.0,88
2023-05-10 09:10:48,TA401C6000,TA401C6000,130.0,0.0,0.0,0.0,5,123.5,129.0,5,130.0,0.0,0.0,0.0,0.0,0.0,88
2023-05-10 09:10:56,TA401C6000,TA401C6000,130.0,0.0,0.0,0.0,5,124.0,129.0,5,130.0,0.0,0.0,0.0,0.0,0.0,88
2023-05-10 09:11:17,TA401C6000,TA401C6000,130.0,0.0,0.0,0.0,5,123.5,129.0,5,130.0,0.0,0.0,0.0,0.0,0.0,88
2023-05-10 09:11:18,TA401C6000,TA401C6000,130.0,0.0,0.0,0.0,5,123.5,127.5,5,130.0,0.0,0.0,0.0,0.0,0.0,88
2023-05-10 09:12:15,TA401C6000,TA401C6000,130.0,0.0,0.0,0.0,1,116.5,127.5,5,130.0,0.0,0.0,0.0,0.0,0.0,88
2023-05-10 09:12:16,TA401C6000,TA401C6000,130.0,0.0,0.0,0.0,5,122.5,127.5,5,130.0,0.0,0.0,0.0,0.0,0.0,88
2023-05-10 09:13:26,TA401C6000,TA401C6000,130.0,0.0,0.0,0.0,5,123.0,127.5,5,130.0,0.0,0.0,0.0,0.0,0.0,88
2023-05-10 09:16:31,TA401C6000,TA401C6000,130.0,0.0,0.0,0.0,5,122.5,127.5,5,130.0,0.0,0.0,0.0,0.0,0.0,88
2023-05-10 09:16:38,TA401C6000,TA401C6000,130.0,0.0,0.0,0.0,1,116.5,127.5,5,130.0,0.0,0.0,0.0,0.0,0.0,88
2023-05-10 09:16:43,TA401C6000,TA401C6000,130.0,0.0,0.0,0.0,1,116.5,125.5,5,130.0,0.0,0.0,0.0,0.0,0.0,88
2023-05-10 09:16:44,TA401C6000,TA401C6000,130.0,0.0,0.0,0.0,5,121.0,125.5,5,130.0,0.0,0.0,0.0,0.0,0.0,88
2023-05-10 09:17:52,TA401C6000,TA401C6000,130.0,0.0,0.0,0.0,5,121.5,125.5,5,130.0,0.0,0.0,0.0,0.0,0.0,88
2023-05-10 09:18:05,TA401C6000,TA401C6000,130.0,0.0,0.0,0.0,5,122.0,125.5,5,130.0,0.0,0.0,0.0,0.0,0.0,88
2023-05-10 09:18:41,TA401C6000,TA401C6000,130.0,0.0,0.0,0.0,5,122.5,125.5,5,130.0,0.0,0.0,0.0,0.0,0.0,88
2023-05-10 09:18:43,TA401C6000,TA401C6000,130.0,0.0,0.0,0.0,5,122.5,127.5,5,130.0,0.0,0.0,0.0,0.0,0.0,88
2023-05-10 09:18:50,TA401C6000,TA401C6000,130.0,0.0,0.0,0.0,5,123.0,127.5,5,130.0,0.0,0.0,0.0,0.0,0.0,88
2023-05-10 09:19:11,TA401C6000,TA401C6000,130.0,0.0,0.0,0.0,5,123.5,127.5,5,130.0,0.0,0.0,0.0,0.0,0.0,88
2023-05-10 09:19:20,TA401C6000,TA401C6000,130.0,0.0,0.0,0.0,5,124.0,127.5,5,130.0,0.0,0.0,0.0,0.0,0.0,88
2023-05-10 09:19:34,TA401C6000,TA401C6000,130.0,0.0,0.0,0.0,5,124.5,127.5,5,130.0,0.0,0.0,0.0,0.0,0.0,88
2023-05-10 09:20:56,TA401C6000,TA401C6000,130.0,0.0,0.0,0.0,5,124.0,127.5,5,130.0,0.0,0.0,0.0,0.0,0.0,88
2023-05-10 09:22:45,TA401C6000,TA401C6000,130.0,0.0,0.0,0.0,1,116.5,127.5,5,130.0,0.0,0.0,0.0,0.0,0.0,88
2023-05-10 09:22:46,TA401C6000,TA401C6000,130.0,0.0,0.0,0.0,5,123.0,127.5,5,130.0,0.0,0.0,0.0,0.0,0.0,88
2023-05-10 09:23:06,TA401C6000,TA401C6000,130.0,0.0,0.0,0.0,5,123.5,127.5,5,130.0,0.0,0.0,0.0,0.0,0.0,88
2023-05-10 09:27:21,TA401C6000,TA401C6000,130.0,0.0,0.0,0.0,5,123.0,127.5,5,130.0,0.0,0.0,0.0,0.0,0.0,88
2023-05-10 09:27:31,TA401C6000,TA401C6000,130.0,0.0,0.0,0.0,1,116.5,127.5,5,130.0,0.0,0.0,0.0,0.0,0.0,88
2023-05-10 09:27:38,TA401C6000,TA401C6000,130.0,0.0,0.0,0.0,5,121.5,127.5,5,130.0,0.0,0.0,0.0,0.0,0.0,88
2023-05-10 09:27:43,TA401C6000,TA401C6000,130.0,0.0,0.0,0.0,5,121.5,126.0,5,130.0,0.0,0.0,0.0,0.0,0.0,88
2023-05-10 09:28:12,TA401C6000,TA401C6000,130.0,0.0,0.0,0.0,5,122.0,126.0,5,130.0,0.0,0.0,0.0,0.0,0.0,88
2023-05-10 09:29:34,TA401C6000,TA401C6000,130.0,0.0,0.0,0.0,5,122.5,126.0,5,130.0,0.0,0.0,0.0,0.0,0.0,88
2023-05-10 09:30:34,TA401C6000,TA401C6000,130.0,0.0,0.0,0.0,5,123.0,126.0,5,130.0,0.0,0.0,0.0,0.0,0.0,88
2023-05-10 09:30:39,TA401C6000,TA401C6000,130.0,0.0,0.0,0.0,5,123.5,126.0,5,130.0,0.0,0.0,0.0,0.0,0.0,88
2023-05-10 09:31:09,TA401C6000,TA401C6000,130.0,0.0,0.0,0.0,5,123.0,126.0,5,130.0,0.0,0.0,0.0,0.0,0.0,88
2023-05-10 09:32:28,TA401C6000,TA401C6000,130.0,0.0,0.0,0.0,5,123.5,126.0,5,130.0,0.0,0.0,0.0,0.0,0.0,88
2023-05-10 09:32:29,TA401C6000,TA401C6000,130.0,0.0,0.0,0.0,5,123.5,127.5,5,130.0,0.0,0.0,0.0,0.0,0.0,88
2023-05-10 09:33:33,TA401C6000,TA401C6000,130.0,0.0,0.0,0.0,5,124.0,127.5,5,130.0,0.0,0.0,0.0,0.0,0.0,88
2023-05-10 09:34:21,TA401C6000,TA401C6000,130.0,0.0,0.0,0.0,5,123.5,127.5,5,130.0,0.0,0.0,0.0,0.0,0.0,88
2023-05-10 09:37:05,TA401C6000,TA401C6000,130.0,0.0,0.0,0.0,1,116.5,127.5,5,130.0,0.0,0.0,0.0,0.0,0.0,88
2023-05-10 09:37:07,TA401C6000,TA401C6000,130.0,0.0,0.0,0.0,5,122.5,127.5,5,130.0,0.0,0.0,0.0,0.0,0.0,88
2023-05-10 09:37:12,TA401C6000,TA401C6000,130.0,0.0,0.0,0.0,5,123.0,127.5,5,130.0,0.0,0.0,0.0,0.0,0.0,88
2023-05-10 09:38:13,TA401C6000,TA401C6000,130.0,0.0,0.0,0.0,5,123.5,127.5,5,130.0,0.0,0.0,0.0,0.0,0.0,88
2023-05-10 09:38:22,TA401C6000,TA401C6000,130.0,0.0,0.0,0.0,5,124.0,127.5,5,130.0,0.0,0.0,0.0,0.0,0.0,88
2023-05-10 09:38:29,TA401C6000,TA401C6000,130.0,0.0,0.0,0.0,5,124.5,127.5,5,130.0,0.0,0.0,0.0,0.0,0.0,88
2023-05-10 09:39:36,TA401C6000,TA401C6000,130.0,0.0,0.0,0.0,5,124.5,149.5,1,130.0,0.0,0.0,0.0,0.0,0.0,88
2023-05-10 09:39:37,TA401C6000,TA401C6000,130.0,0.0,0.0,0.0,5,124.5,129.5,5,130.0,0.0,0.0,0.0,0.0,0.0,88
2023-05-10 09:40:49,TA401C6000,TA401C6000,130.0,0.0,0.0,0.0,5,124.0,129.5,5,130.0,0.0,0.0,0.0,0.0,0.0,88
2023-05-10 09:40:52,TA401C6000,TA401C6000,130.0,0.0,0.0,0.0,5,124.0,128.0,5,130.0,0.0,0.0,0.0,0.0,0.0,88
2023-05-10 09:41:48,TA401C6000,TA401C6000,130.0,0.0,0.0,0.0,5,123.0,128.0,5,130.0,0.0,0.0,0.0,0.0,0.0,88
2023-05-10 09:43:22,TA401C6000,TA401C6000,130.0,0.0,0.0,0.0,1,116.5,128.0,5,130.0,0.0,0.0,0.0,0.0,0.0,88
2023-05-10 09:43:22,TA401C6000,TA401C6000,130.0,0.0,0.0,0.0,5,122.0,126.5,5,130.0,0.0,0.0,0.0,0.0,0.0,88
2023-05-10 09:47:22,TA401C6000,TA401C6000,130.0,0.0,0.0,0.0,5,122.5,126.5,5,130.0,0.0,0.0,0.0,0.0,0.0,88
2023-05-10 09:49:23,TA401C6000,TA401C6000,130.0,0.0,0.0,0.0,5,122.0,126.5,5,130.0,0.0,0.0,0.0,0.0,0.0,88
2023-05-10 09:50:07,TA401C6000,TA401C6000,130.0,0.0,0.0,0.0,1,116.5,126.5,5,130.0,0.0,0.0,0.0,0.0,0.0,88
2023-05-10 09:50:09,TA401C6000,TA401C6000,130.0,0.0,0.0,0.0,5,121.0,126.5,5,130.0,0.0,0.0,0.0,0.0,0.0,88
2023-05-10 09:50:23,TA401C6000,TA401C6000,130.0,0.0,0.0,0.0,5,121.5,126.5,5,130.0,0.0,0.0,0.0,0.0,0.0,88
2023-05-10 09:51:20,TA401C6000,TA401C6000,130.0,0.0,0.0,0.0,5,122.0,126.5,5,130.0,0.0,0.0,0.0,0.0,0.0,88
2023-05-10 09:52:07,TA401C6000,TA401C6000,130.0,0.0,0.0,0.0,5,121.5,126.5,5,130.0,0.0,0.0,0.0,0.0,0.0,88
2023-05-10 09:53:06,TA401C6000,TA401C6000,130.0,0.0,0.0,0.0,1,116.5,126.5,5,130.0,0.0,0.0,0.0,0.0,0.0,88
2023-05-10 09:53:08,TA401C6000,TA401C6000,130.0,0.0,0.0,0.0,5,120.5,126.5,5,130.0,0.0,0.0,0.0,0.0,0.0,88
2023-05-10 09:53:14,TA401C6000,TA401C6000,130.0,0.0,0.0,0.0,5,120.5,125.0,5,130.0,0.0,0.0,0.0,0.0,0.0,88
2023-05-10 09:54:23,TA401C6000,TA401C6000,130.0,0.0,0.0,0.0,5,119.5,125.0,5,130.0,0.0,0.0,0.0,0.0,0.0,88
2023-05-10 09:54:49,TA401C6000,TA401C6000,130.0,0.0,0.0,0.0,5,119.5,123.5,5,130.0,0.0,0.0,0.0,0.0,0.0,88
2023-05-10 09:57:40,TA401C6000,TA401C6000,130.0,0.0,0.0,0.0,5,118.5,123.5,5,130.0,0.0,0.0,0.0,0.0,0.0,88
2023-05-10 09:58:06,TA401C6000,TA401C6000,130.0,0.0,0.0,0.0,5,119.0,123.5,5,130.0,0.0,0.0,0.0,0.0,0.0,88
2023-05-10 09:58:10,TA401C6000,TA401C6000,130.0,0.0,0.0,0.0,5,119.5,123.5,5,130.0,0.0,0.0,0.0,0.0,0.0,88
2023-05-10 09:58:19,TA401C6000,TA401C6000,130.0,0.0,0.0,0.0,5,120.0,123.5,5,130.0,0.0,0.0,0.0,0.0,0.0,88
2023-05-10 09:58:34,TA401C6000,TA401C6000,130.0,0.0,0.0,0.0,5,120.5,123.5,5,130.0,0.0,0.0,0.0,0.0,0.0,88
2023-05-10 09:58:49,TA401C6000,TA401C6000,130.0,0.0,0.0,0.0,5,120.5,125.0,5,130.0,0.0,0.0,0.0,0.0,0.0,88
2023-05-10 09:58:51,TA401C6000,TA401C6000,130.0,0.0,0.0,0.0,5,121.0,125.0,5,130.0,0.0,0.0,0.0,0.0,0.0,88
2023-05-10 10:00:15,TA401C6000,TA401C6000,130.0,0.0,0.0,0.0,5,121.5,125.0,5,130.0,0.0,0.0,0.0,0.0,0.0,88
2023-05-10 10:00:45,TA401C6000,TA401C6000,130.0,0.0,0.0,0.0,5,122.0,125.0,5,130.0,0.0,0.0,0.0,0.0,0.0,88
2023-05-10 10:00:49,TA401C6000,TA401C6000,130.0,0.0,0.0,0.0,5,122.0,149.5,1,130.0,0.0,0.0,0.0,0.0,0.0,88
2023-05-10 10:00:59,TA401C6000,TA401C6000,130.0,0.0,0.0,0.0,5,122.0,127.0,5,130.0,0.0,0.0,0.0,0.0,0.0,88
2023-05-10 10:00:59,TA401C6000,TA401C6000,130.0,0.0,0.0,0.0,5,122.5,127.0,5,130.0,0.0,0.0,0.0,0.0,0.0,88
2023-05-10 10:01:42,TA401C6000,TA401C6000,130.0,0.0,0.0,0.0,5,122.0,127.0,5,130.0,0.0,0.0,0.0,0.0,0.0,88
2023-05-10 10:04:03,TA401C6000,TA401C6000,130.0,0.0,0.0,0.0,1,116.5,127.0,5,130.0,0.0,0.0,0.0,0.0,0.0,88
2023-05-10 10:04:04,TA401C6000,TA401C6000,130.0,0.0,0.0,0.0,1,116.5,125.5,5,130.0,0.0,0.0,0.0,0.0,0.0,88
2023-05-10 10:04:06,TA401C6000,TA401C6000,130.0,0.0,0.0,0.0,5,121.0,125.5,5,130.0,0.0,0.0,0.0,0.0,0.0,88
2023-05-10 10:06:13,TA401C6000,TA401C6000,130.0,0.0,0.0,0.0,5,121.5,125.5,5,130.0,0.0,0.0,0.0,0.0,0.0,88
2023-05-10 10:09:07,TA401C6000,TA401C6000,130.0,0.0,0.0,0.0,5,122.0,125.5,5,130.0,0.0,0.0,0.0,0.0,0.0,88
2023-05-10 10:09:34,TA401C6000,TA401C6000,130.0,0.0,0.0,0.0,5,122.5,125.5,5,130.0,0.0,0.0,0.0,0.0,0.0,88
2023-05-10 10:09:41,TA401C6000,TA401C6000,130.0,0.0,0.0,0.0,5,122.5,127.0,5,130.0,0.0,0.0,0.0,0.0,0.0,88
2023-05-10 10:09:44,TA401C6000,TA401C6000,130.0,0.0,0.0,0.0,5,123.0,127.0,5,130.0,0.0,0.0,0.0,0.0,0.0,88
2023-05-10 10:10:31,TA401C6000,TA401C6000,130.0,0.0,0.0,0.0,5,123.5,127.0,5,130.0,0.0,0.0,0.0,0.0,0.0,88
2023-05-10 10:11:47,TA401C6000,TA401C6000,130.0,0.0,0.0,0.0,5,123.0,127.0,5,130.0,0.0,0.0,0.0,0.0,0.0,88
2023-05-10 10:13:25,TA401C6000,TA401C6000,130.0,0.0,0.0,0.0,5,122.0,127.0,5,130.0,0.0,0.0,0.0,0.0,0.0,88
2023-05-10 10:30:54,TA401C6000,TA401C6000,130.0,0.0,0.0,0.0,5,121.0,125.5,5,130.0,0.0,0.0,0.0,0.0,0.0,88
2023-05-10 10:34:32,TA401C6000,TA401C6000,130.0,0.0,0.0,0.0,5,121.5,125.5,5,130.0,0.0,0.0,0.0,0.0,0.0,88
2023-05-10 10:36:08,TA401C6000,TA401C6000,130.0,0.0,0.0,0.0,5,121.0,125.5,5,130.0,0.0,0.0,0.0,0.0,0.0,88
2023-05-10 10:36:10,TA401C6000,TA401C6000,130.0,0.0,0.0,0.0,1,104.0,125.5,5,130.0,0.0,0.0,0.0,0.0,0.0,88
2023-05-10 10:36:14,TA401C6000,TA401C6000,130.0,0.0,0.0,0.0,5,120.0,125.5,5,130.0,0.0,0.0,0.0,0.0,0.0,88
2023-05-10 10:37:14,TA401C6000,TA401C6000,130.0,0.0,0.0,0.0,5,120.5,125.5,5,130.0,0.0,0.0,0.0,0.0,0.0,88
2023-05-10 10:38:03,TA401C6000,TA401C6000,130.0,0.0,0.0,0.0,5,120.0,125.5,5,130.0,0.0,0.0,0.0,0.0,0.0,88
2023-05-10 10:38:05,TA401C6000,TA401C6000,130.0,0.0,0.0,0.0,5,120.0,124.0,5,130.0,0.0,0.0,0.0,0.0,0.0,88
2023-05-10 10:38:32,TA401C6000,TA401C6000,130.0,0.0,0.0,0.0,1,104.0,124.0,5,130.0,0.0,0.0,0.0,0.0,0.0,88
2023-05-10 10:38:35,TA401C6000,TA401C6000,130.0,0.0,0.0,0.0,5,119.0,124.0,5,130.0,0.0,0.0,0.0,0.0,0.0,88
2023-05-10 10:38:50,TA401C6000,TA401C6000,130.0,0.0,0.0,0.0,1,104.0,124.0,5,130.0,0.0,0.0,0.0,0.0,0.0,88
2023-05-10 10:38:54,TA401C6000,TA401C6000,130.0,0.0,0.0,0.0,5,118.5,124.0,5,130.0,0.0,0.0,0.0,0.0,0.0,88
2023-05-10 10:39:11,TA401C6000,TA401C6000,130.0,0.0,0.0,0.0,1,104.0,124.0,5,130.0,0.0,0.0,0.0,0.0,0.0,88
2023-05-10 10:39:17,TA401C6000,TA401C6000,130.0,0.0,0.0,0.0,1,104.0,122.0,5,130.0,0.0,0.0,0.0,0.0,0.0,88
2023-05-10 10:39:19,TA401C6000,TA401C6000,130.0,0.0,0.0,0.0,5,117.5,122.0,5,130.0,0.0,0.0,0.0,0.0,0.0,88
2023-05-10 10:41:07,TA401C6000,TA401C6000,130.0,0.0,0.0,0.0,5,118.0,122.0,5,130.0,0.0,0.0,0.0,0.0,0.0,88
2023-05-10 10:43:35,TA401C6000,TA401C6000,130.0,0.0,0.0,0.0,5,118.5,122.0,5,130.0,0.0,0.0,0.0,0.0,0.0,88
2023-05-10 10:44:16,TA401C6000,TA401C6000,130.0,0.0,0.0,0.0,5,119.0,122.0,5,130.0,0.0,0.0,0.0,0.0,0.0,88
2023-05-10 10:48:02,TA401C6000,TA401C6000,130.0,0.0,0.0,0.0,5,118.5,122.0,5,130.0,0.0,0.0,0.0,0.0,0.0,88
2023-05-10 10:48:14,TA401C6000,TA401C6000,130.0,0.0,0.0,0.0,5,117.5,122.0,5,130.0,0.0,0.0,0.0,0.0,0.0,88
2023-05-10 10:48:21,TA401C6000,TA401C6000,130.0,0.0,0.0,0.0,5,118.0,122.0,5,130.0,0.0,0.0,0.0,0.0,0.0,88
2023-05-10 10:51:03,TA401C6000,TA401C6000,130.0,0.0,0.0,0.0,5,118.5,122.0,5,130.0,0.0,0.0,0.0,0.0,0.0,88
2023-05-10 10:58:26,TA401C6000,TA401C6000,130.0,0.0,0.0,0.0,5,118.0,122.0,5,130.0,0.0,0.0,0.0,0.0,0.0,88
2023-05-10 10:59:13,TA401C6000,TA401C6000,130.0,0.0,0.0,0.0,5,118.5,122.0,5,130.0,0.0,0.0,0.0,0.0,0.0,88
2023-05-10 11:00:14,TA401C6000,TA401C6000,130.0,0.0,0.0,0.0,5,119.5,122.0,5,130.0,0.0,0.0,0.0,0.0,0.0,88
2023-05-10 11:03:53,TA401C6000,TA401C6000,130.0,0.0,0.0,0.0,5,119.5,124.0,5,130.0,0.0,0.0,0.0,0.0,0.0,88
2023-05-10 11:04:58,TA401C6000,TA401C6000,130.0,0.0,0.0,0.0,5,118.5,124.0,5,130.0,0.0,0.0,0.0,0.0,0.0,88
2023-05-10 11:05:07,TA401C6000,TA401C6000,130.0,0.0,0.0,0.0,5,119.0,124.0,5,130.0,0.0,0.0,0.0,0.0,0.0,88
2023-05-10 11:05:25,TA401C6000,TA401C6000,130.0,0.0,0.0,0.0,5,120.0,124.0,5,130.0,0.0,0.0,0.0,0.0,0.0,88
2023-05-10 11:08:47,TA401C6000,TA401C6000,130.0,0.0,0.0,0.0,5,119.0,124.0,5,130.0,0.0,0.0,0.0,0.0,0.0,88
2023-05-10 11:10:43,TA401C6000,TA401C6000,130.0,0.0,0.0,0.0,5,119.5,124.0,5,130.0,0.0,0.0,0.0,0.0,0.0,88
2023-05-10 11:15:04,TA401C6000,TA401C6000,130.0,0.0,0.0,0.0,5,119.0,124.0,5,130.0,0.0,0.0,0.0,0.0,0.0,88
2023-05-10 11:15:36,TA401C6000,TA401C6000,130.0,0.0,0.0,0.0,5,118.0,124.0,5,130.0,0.0,0.0,0.0,0.0,0.0,88
2023-05-10 11:15:44,TA401C6000,TA401C6000,130.0,0.0,0.0,0.0,5,118.0,122.5,5,130.0,0.0,0.0,0.0,0.0,0.0,88
2023-05-10 11:16:01,TA401C6000,TA401C6000,130.0,0.0,0.0,0.0,1,104.0,122.5,5,130.0,0.0,0.0,0.0,0.0,0.0,88
2023-05-10 11:16:02,TA401C6000,TA401C6000,130.0,0.0,0.0,0.0,5,117.0,122.5,5,130.0,0.0,0.0,0.0,0.0,0.0,88
2023-05-10 11:16:35,TA401C6000,TA401C6000,130.0,0.0,0.0,0.0,5,117.0,121.0,5,130.0,0.0,0.0,0.0,0.0,0.0,88
2023-05-10 11:17:13,TA401C6000,TA401C6000,130.0,0.0,0.0,0.0,5,118.0,121.0,5,130.0,0.0,0.0,0.0,0.0,0.0,88
2023-05-10 11:20:03,TA401C6000,TA401C6000,130.0,0.0,0.0,0.0,5,118.0,122.5,5,130.0,0.0,0.0,0.0,0.0,0.0,88
2023-05-10 11:20:05,TA401C6000,TA401C6000,130.0,0.0,0.0,0.0,5,118.5,122.5,5,130.0,0.0,0.0,0.0,0.0,0.0,88
2023-05-10 11:25:45,TA401C6000,TA401C6000,130.0,0.0,0.0,0.0,5,118.0,122.5,5,130.0,0.0,0.0,0.0,0.0,0.0,88
2023-05-10 11:27:30,TA401C6000,TA401C6000,130.0,0.0,0.0,0.0,5,118.5,122.5,5,130.0,0.0,0.0,0.0,0.0,0.0,88
2023-05-10 11:29:18,TA401C6000,TA401C6000,130.0,0.0,0.0,0.0,5,119.0,122.5,5,130.0,0.0,0.0,0.0,0.0,0.0,88
2023-05-10 11:29:25,TA401C6000,TA401C6000,130.0,0.0,0.0,0.0,1,104.0,156.5,1,130.0,0.0,0.0,0.0,0.0,0.0,88
2023-05-10 11:29:35,TA401C6000,TA401C6000,130.0,0.0,0.0,0.0,1,58.5,202.0,17,130.0,0.0,0.0,0.0,0.0,0.0,88
2023-05-10 11:29:36,TA401C6000,TA401C6000,130.0,0.0,0.0,0.0,1,86.0,174.5,1,130.0,0.0,0.0,0.0,0.0,0.0,88
2023-05-10 11:29:50,TA401C6000,TA401C6000,130.0,0.0,0.0,0.0,1,57.5,174.5,1,130.0,0.0,0.0,0.0,0.0,0.0,88
2023-05-10 11:29:59,TA401C6000,TA401C6000,130.0,0.0,0.0,0.0,1,57.5,147.0,1,130.0,0.0,0.0,0.0,0.0,0.0,88
2023-05-10 13:30:59,TA401C6000,TA401C6000,130.0,0.0,0.0,0.0,1,57.5,124.5,5,130.0,0.0,0.0,0.0,0.0,0.0,88
2023-05-10 13:31:04,TA401C6000,TA401C6000,130.0,0.0,0.0,0.0,5,119.0,124.5,5,130.0,0.0,0.0,0.0,0.0,0.0,88
2023-05-10 13:39:29,TA401C6000,TA401C6000,130.0,0.0,0.0,0.0,1,57.5,124.5,5,130.0,0.0,0.0,0.0,0.0,0.0,88
2023-05-10 13:39:30,TA401C6000,TA401C6000,130.0,0.0,0.0,0.0,1,109.0,124.5,5,130.0,0.0,0.0,0.0,0.0,0.0,88
2023-05-10 13:39:32,TA401C6000,TA401C6000,130.0,0.0,0.0,0.0,5,118.0,124.5,5,130.0,0.0,0.0,0.0,0.0,0.0,88
2023-05-10 13:40:20,TA401C6000,TA401C6000,130.0,0.0,0.0,0.0,5,118.0,122.5,5,130.0,0.0,0.0,0.0,0.0,0.0,88
2023-05-10 13:40:26,TA401C6000,TA401C6000,130.0,0.0,0.0,0.0,1,109.0,122.5,5,130.0,0.0,0.0,0.0,0.0,0.0,88
2023-05-10 13:40:29,TA401C6000,TA401C6000,130.0,0.0,0.0,0.0,5,116.5,122.5,5,130.0,0.0,0.0,0.0,0.0,0.0,88
2023-05-10 13:47:25,TA401C6000,TA401C6000,130.0,0.0,0.0,0.0,5,116.5,120.5,5,130.0,0.0,0.0,0.0,0.0,0.0,88
2023-05-10 13:47:33,TA401C6000,TA401C6000,130.0,0.0,0.0,0.0,5,115.0,120.5,5,130.0,0.0,0.0,0.0,0.0,0.0,88
2023-05-10 13:48:44,TA401C6000,TA401C6000,130.0,0.0,0.0,0.0,5,115.5,120.5,5,130.0,0.0,0.0,0.0,0.0,0.0,88
2023-05-10 13:49:46,TA401C6000,TA401C6000,130.0,0.0,0.0,0.0,5,115.0,120.5,5,130.0,0.0,0.0,0.0,0.0,0.0,88
2023-05-10 13:51:11,TA401C6000,TA401C6000,130.0,0.0,0.0,0.0,5,113.5,120.5,5,130.0,0.0,0.0,0.0,0.0,0.0,88
2023-05-10 13:51:14,TA401C6000,TA401C6000,130.0,0.0,0.0,0.0,5,113.5,118.5,5,130.0,0.0,0.0,0.0,0.0,0.0,88
2023-05-10 13:51:36,TA401C6000,TA401C6000,130.0,0.0,0.0,0.0,5,114.0,118.5,5,130.0,0.0,0.0,0.0,0.0,0.0,88
2023-05-10 13:54:17,TA401C6000,TA401C6000,130.0,0.0,0.0,0.0,5,114.5,118.5,5,130.0,0.0,0.0,0.0,0.0,0.0,88
2023-05-10 13:55:05,TA401C6000,TA401C6000,130.0,0.0,0.0,0.0,5,115.0,118.5,5,130.0,0.0,0.0,0.0,0.0,0.0,88
2023-05-10 13:56:51,TA401C6000,TA401C6000,130.0,0.0,0.0,0.0,5,115.5,120.5,5,130.0,0.0,0.0,0.0,0.0,0.0,88
2023-05-10 14:00:47,TA401C6000,TA401C6000,130.0,0.0,0.0,0.0,5,116.0,120.5,5,130.0,0.0,0.0,0.0,0.0,0.0,88
2023-05-10 14:02:18,TA401C6000,TA401C6000,130.0,0.0,0.0,0.0,5,115.5,120.5,5,130.0,0.0,0.0,0.0,0.0,0.0,88
2023-05-10 14:11:06,TA401C6000,TA401C6000,130.0,0.0,0.0,0.0,5,116.0,120.5,5,130.0,0.0,0.0,0.0,0.0,0.0,88
2023-05-10 14:17:07,TA401C6000,TA401C6000,130.0,0.0,0.0,0.0,5,116.5,120.5,5,130.0,0.0,0.0,0.0,0.0,0.0,88
2023-05-10 14:18:02,TA401C6000,TA401C6000,130.0,0.0,0.0,0.0,5,117.0,120.5,5,130.0,0.0,0.0,0.0,0.0,0.0,88
2023-05-10 14:19:20,TA401C6000,TA401C6000,130.0,0.0,0.0,0.0,5,116.5,120.5,5,130.0,0.0,0.0,0.0,0.0,0.0,88
2023-05-10 14:24:54,TA401C6000,TA401C6000,130.0,0.0,0.0,0.0,1,109.0,120.5,5,130.0,0.0,0.0,0.0,0.0,0.0,88
2023-05-10 14:24:57,TA401C6000,TA401C6000,130.0,0.0,0.0,0.0,5,115.0,120.5,5,130.0,0.0,0.0,0.0,0.0,0.0,88
2023-05-10 14:25:17,TA401C6000,TA401C6000,130.0,0.0,0.0,0.0,5,115.5,120.5,5,130.0,0.0,0.0,0.0,0.0,0.0,88
2023-05-10 14:28:06,TA401C6000,TA401C6000,130.0,0.0,0.0,0.0,5,115.0,120.5,5,130.0,0.0,0.0,0.0,0.0,0.0,88
2023-05-10 14:28:24,TA401C6000,TA401C6000,130.0,0.0,0.0,0.0,1,109.0,120.5,5,130.0,0.0,0.0,0.0,0.0,0.0,88
2023-05-10 14:28:28,TA401C6000,TA401C6000,130.0,0.0,0.0,0.0,5,113.5,120.5,5,130.0,0.0,0.0,0.0,0.0,0.0,88
2023-05-10 14:30:01,TA401C6000,TA401C6000,130.0,0.0,0.0,0.0,5,113.5,118.5,5,130.0,0.0,0.0,0.0,0.0,0.0,88
2023-05-10 14:31:53,TA401C6000,TA401C6000,130.0,0.0,0.0,0.0,1,109.0,118.5,5,130.0,0.0,0.0,0.0,0.0,0.0,88
2023-05-10 14:32:00,TA401C6000,TA401C6000,130.0,0.0,0.0,0.0,5,112.5,118.5,5,130.0,0.0,0.0,0.0,0.0,0.0,88
2023-05-10 14:33:05,TA401C6000,TA401C6000,130.0,0.0,0.0,0.0,1,109.0,118.5,5,130.0,0.0,0.0,0.0,0.0,0.0,88
2023-05-10 14:33:09,TA401C6000,TA401C6000,130.0,0.0,0.0,0.0,5,111.5,118.5,5,130.0,0.0,0.0,0.0,0.0,0.0,88
2023-05-10 14:33:10,TA401C6000,TA401C6000,130.0,0.0,0.0,0.0,5,111.5,116.5,5,130.0,0.0,0.0,0.0,0.0,0.0,88
2023-05-10 14:34:07,TA401C6000,TA401C6000,130.0,0.0,0.0,0.0,1,109.0,116.5,5,130.0,0.0,0.0,0.0,0.0,0.0,88
2023-05-10 14:34:10,TA401C6000,TA401C6000,130.0,0.0,0.0,0.0,5,110.0,116.5,5,130.0,0.0,0.0,0.0,0.0,0.0,88
2023-05-10 14:34:55,TA401C6000,TA401C6000,130.0,0.0,0.0,0.0,5,110.0,114.5,5,130.0,0.0,0.0,0.0,0.0,0.0,88
2023-05-10 14:35:36,TA401C6000,TA401C6000,130.0,0.0,0.0,0.0,5,108.5,114.5,5,130.0,0.0,0.0,0.0,0.0,0.0,88
2023-05-10 14:35:58,TA401C6000,TA401C6000,130.0,0.0,0.0,0.0,5,109.0,114.5,5,130.0,0.0,0.0,0.0,0.0,0.0,88
2023-05-10 14:37:53,TA401C6000,TA401C6000,130.0,0.0,0.0,0.0,5,108.5,114.5,5,130.0,0.0,0.0,0.0,0.0,0.0,88
2023-05-10 14:38:32,TA401C6000,TA401C6000,130.0,0.0,0.0,0.0,1,75.5,114.5,5,130.0,0.0,0.0,0.0,0.0,0.0,88
2023-05-10 14:38:33,TA401C6000,TA401C6000,130.0,0.0,0.0,0.0,2,82.0,112.5,5,130.0,0.0,0.0,0.0,0.0,0.0,88
2023-05-10 14:38:33,TA401C6000,TA401C6000,130.0,0.0,0.0,0.0,1,99.0,112.5,5,130.0,0.0,0.0,0.0,0.0,0.0,88
2023-05-10 14:38:34,TA401C6000,TA401C6000,130.0,0.0,0.0,0.0,5,107.5,112.5,5,130.0,0.0,0.0,0.0,0.0,0.0,88
2023-05-10 14:40:13,TA401C6000,TA401C6000,130.0,0.0,0.0,0.0,5,106.0,112.5,5,130.0,0.0,0.0,0.0,0.0,0.0,88
2023-05-10 14:40:21,TA401C6000,TA401C6000,130.0,0.0,0.0,0.0,5,107.0,112.5,5,130.0,0.0,0.0,0.0,0.0,0.0,88
2023-05-10 14:40:40,TA401C6000,TA401C6000,130.0,0.0,0.0,0.0,5,108.0,112.5,5,130.0,0.0,0.0,0.0,0.0,0.0,88
2023-05-10 14:41:00,TA401C6000,TA401C6000,130.0,0.0,0.0,0.0,5,108.5,112.5,5,130.0,0.0,0.0,0.0,0.0,0.0,88
2023-05-10 14:41:25,TA401C6000,TA401C6000,130.0,0.0,0.0,0.0,5,109.0,112.5,5,130.0,0.0,0.0,0.0,0.0,0.0,88
2023-05-10 14:42:02,TA401C6000,TA401C6000,130.0,0.0,0.0,0.0,5,109.0,114.5,5,130.0,0.0,0.0,0.0,0.0,0.0,88
2023-05-10 14:42:03,TA401C6000,TA401C6000,130.0,0.0,0.0,0.0,5,109.5,114.5,5,130.0,0.0,0.0,0.0,0.0,0.0,88
2023-05-10 14:42:42,TA401C6000,TA401C6000,130.0,0.0,0.0,0.0,5,110.5,114.5,5,130.0,0.0,0.0,0.0,0.0,0.0,88
2023-05-10 14:44:06,TA401C6000,TA401C6000,130.0,0.0,0.0,0.0,5,111.0,114.5,5,130.0,0.0,0.0,0.0,0.0,0.0,88
2023-05-10 14:45:20,TA401C6000,TA401C6000,130.0,0.0,0.0,0.0,5,111.5,117.0,5,130.0,0.0,0.0,0.0,0.0,0.0,88
2023-05-10 14:46:04,TA401C6000,TA401C6000,130.0,0.0,0.0,0.0,5,112.5,117.0,5,130.0,0.0,0.0,0.0,0.0,0.0,88
2023-05-10 14:47:29,TA401C6000,TA401C6000,130.0,0.0,0.0,0.0,5,111.5,117.0,5,130.0,0.0,0.0,0.0,0.0,0.0,88
2023-05-10 14:49:14,TA401C6000,TA401C6000,130.0,0.0,0.0,0.0,5,112.0,117.0,5,130.0,0.0,0.0,0.0,0.0,0.0,88
2023-05-10 14:57:02,TA401C6000,TA401C6000,130.0,0.0,0.0,0.0,5,111.5,117.0,5,130.0,0.0,0.0,0.0,0.0,0.0,88
2023-05-10 14:58:55,TA401C6000,TA401C6000,130.0,0.0,0.0,0.0,1,99.0,147.0,1,130.0,0.0,0.0,0.0,0.0,0.0,88
2023-05-10 14:59:15,TA401C6000,TA401C6000,130.0,0.0,0.0,0.0,1,57.5,147.0,1,130.0,0.0,0.0,0.0,0.0,0.0,88
