time,symbol_id,symbol_name,last,trade_volume,trade_amount,open_interest_change,bv1,bp1,ap1,av1,yesterday_close,today_open,today_high,today_low,volume,amount,open_interest
2023-05-09 19:10:58,TA401C5600,TA401C5600,229.0,0.0,0.0,0.0,0,0.0,0.0,0,229.0,0.0,0.0,0.0,0.0,0.0,42
2023-05-09 20:59:00,TA401C5600,TA401C5600,229.0,0.0,0.0,0.0,2,30.0,0.0,0,229.0,0.0,0.0,0.0,0.0,0.0,42
2023-05-09 21:00:02,TA401C5600,TA401C5600,229.0,0.0,0.0,0.0,1,119.5,0.0,0,229.0,0.0,0.0,0.0,0.0,0.0,42
2023-05-09 21:00:03,TA401C5600,TA401C5600,229.0,0.0,0.0,0.0,1,119.5,328.0,1,229.0,0.0,0.0,0.0,0.0,0.0,42
2023-05-09 21:01:11,TA401C5600,TA401C5600,229.0,0.0,0.0,0.0,1,172.0,328.0,1,229.0,0.0,0.0,0.0,0.0,0.0,42
2023-05-09 21:01:12,TA401C5600,TA401C5600,229.0,0.0,0.0,0.0,5,222.0,328.0,1,229.0,0.0,0.0,0.0,0.0,0.0,42
2023-05-09 21:01:14,TA401C5600,TA401C5600,229.0,0.0,0.0,0.0,5,222.0,228.5,5,229.0,0.0,0.0,0.0,0.0,0.0,42
2023-05-09 21:01:52,TA401C5600,TA401C5600,229.0,0.0,0.0,0.0,1,172.0,228.5,5,229.0,0.0,0.0,0.0,0.0,0.0,42
2023-05-09 21:01:56,TA401C5600,TA401C5600,229.0,0.0,0.0,0.0,2,172.5,228.5,5,229.0,0.0,0.0,0.0,0.0,0.0,42
2023-05-09 21:01:56,TA401C5600,TA401C5600,229.0,0.0,0.0,0.0,1,199.0,228.5,5,229.0,0.0,0.0,0.0,0.0,0.0,42
2023-05-09 21:01:58,TA401C5600,TA401C5600,229.0,0.0,0.0,0.0,5,220.0,228.5,5,229.0,0.0,0.0,0.0,0.0,0.0,42
2023-05-09 21:02:18,TA401C5600,TA401C5600,229.0,0.0,0.0,0.0,5,220.0,227.0,5,229.0,0.0,0.0,0.0,0.0,0.0,42
2023-05-09 21:02:26,TA401C5600,TA401C5600,229.0,0.0,0.0,0.0,5,221.5,227.0,5,229.0,0.0,0.0,0.0,0.0,0.0,42
2023-05-09 21:03:53,TA401C5600,TA401C5600,229.0,0.0,0.0,0.0,5,220.0,227.0,5,229.0,0.0,0.0,0.0,0.0,0.0,42
2023-05-09 21:04:23,TA401C5600,TA401C5600,229.0,0.0,0.0,0.0,5,220.0,225.5,5,229.0,0.0,0.0,0.0,0.0,0.0,42
2023-05-09 21:06:04,TA401C5600,TA401C5600,229.0,0.0,0.0,0.0,5,220.0,227.0,5,229.0,0.0,0.0,0.0,0.0,0.0,42
2023-05-09 21:06:06,TA401C5600,TA401C5600,229.0,0.0,0.0,0.0,5,221.5,227.0,5,229.0,0.0,0.0,0.0,0.0,0.0,42
2023-05-09 21:06:28,TA401C5600,TA401C5600,229.0,0.0,0.0,0.0,5,220.0,227.0,5,229.0,0.0,0.0,0.0,0.0,0.0,42
2023-05-09 21:06:30,TA401C5600,TA401C5600,229.0,0.0,0.0,0.0,5,220.0,225.5,5,229.0,0.0,0.0,0.0,0.0,0.0,42
2023-05-09 21:07:16,TA401C5600,TA401C5600,229.0,0.0,0.0,0.0,1,199.0,225.5,5,229.0,0.0,0.0,0.0,0.0,0.0,42
2023-05-09 21:07:17,TA401C5600,TA401C5600,229.0,0.0,0.0,0.0,5,218.0,225.5,5,229.0,0.0,0.0,0.0,0.0,0.0,42
2023-05-09 21:07:29,TA401C5600,TA401C5600,229.0,0.0,0.0,0.0,5,218.0,224.0,5,229.0,0.0,0.0,0.0,0.0,0.0,42
2023-05-09 21:07:49,TA401C5600,TA401C5600,229.0,0.0,0.0,0.0,5,218.0,222.5,5,229.0,0.0,0.0,0.0,0.0,0.0,42
2023-05-09 21:07:58,TA401C5600,TA401C5600,229.0,0.0,0.0,0.0,5,218.0,224.0,5,229.0,0.0,0.0,0.0,0.0,0.0,42
2023-05-09 21:08:07,TA401C5600,TA401C5600,229.0,0.0,0.0,0.0,5,219.5,224.0,5,229.0,0.0,0.0,0.0,0.0,0.0,42
2023-05-09 21:08:16,TA401C5600,TA401C5600,229.0,0.0,0.0,0.0,5,218.0,224.0,5,229.0,0.0,0.0,0.0,0.0,0.0,42
2023-05-09 21:10:37,TA401C5600,TA401C5600,229.0,0.0,0.0,0.0,5,218.0,222.5,5,229.0,0.0,0.0,0.0,0.0,0.0,42
2023-05-09 21:12:26,TA401C5600,TA401C5600,229.0,0.0,0.0,0.0,5,218.0,224.0,5,229.0,0.0,0.0,0.0,0.0,0.0,42
2023-05-09 21:13:26,TA401C5600,TA401C5600,229.0,0.0,0.0,0.0,5,218.0,328.0,1,229.0,0.0,0.0,0.0,0.0,0.0,42
2023-05-09 21:13:27,TA401C5600,TA401C5600,229.0,0.0,0.0,0.0,5,220.0,328.0,1,229.0,0.0,0.0,0.0,0.0,0.0,42
2023-05-09 21:13:28,TA401C5600,TA401C5600,229.0,0.0,0.0,0.0,5,220.0,322.5,1,229.0,0.0,0.0,0.0,0.0,0.0,42
2023-05-09 21:13:28,TA401C5600,TA401C5600,229.0,0.0,0.0,0.0,5,220.0,276.5,1,229.0,0.0,0.0,0.0,0.0,0.0,42
2023-05-09 21:13:29,TA401C5600,TA401C5600,229.0,0.0,0.0,0.0,5,220.0,225.5,5,229.0,0.0,0.0,0.0,0.0,0.0,42
2023-05-09 21:14:37,TA401C5600,TA401C5600,229.0,0.0,0.0,0.0,5,221.5,228.0,5,229.0,0.0,0.0,0.0,0.0,0.0,42
2023-05-09 21:14:52,TA401C5600,TA401C5600,229.0,0.0,0.0,0.0,5,221.5,226.5,5,229.0,0.0,0.0,0.0,0.0,0.0,42
2023-05-09 21:14:59,TA401C5600,TA401C5600,229.0,0.0,0.0,0.0,5,221.5,228.0,5,229.0,0.0,0.0,0.0,0.0,0.0,42
2023-05-09 21:15:08,TA401C5600,TA401C5600,229.0,0.0,0.0,0.0,5,223.5,228.0,5,229.0,0.0,0.0,0.0,0.0,0.0,42
2023-05-09 21:15:10,TA401C5600,TA401C5600,229.0,0.0,0.0,0.0,5,221.5,228.0,5,229.0,0.0,0.0,0.0,0.0,0.0,42
2023-05-09 21:15:30,TA401C5600,TA401C5600,229.0,0.0,0.0,0.0,5,223.5,228.0,5,229.0,0.0,0.0,0.0,0.0,0.0,42
2023-05-09 21:16:18,TA401C5600,TA401C5600,229.0,0.0,0.0,0.0,5,223.5,230.0,5,229.0,0.0,0.0,0.0,0.0,0.0,42
2023-05-09 21:16:20,TA401C5600,TA401C5600,229.0,0.0,0.0,0.0,5,225.0,230.0,5,229.0,0.0,0.0,0.0,0.0,0.0,42
2023-05-09 21:17:24,TA401C5600,TA401C5600,229.0,0.0,0.0,0.0,5,225.0,228.5,5,229.0,0.0,0.0,0.0,0.0,0.0,42
2023-05-09 21:17:36,TA401C5600,TA401C5600,229.0,0.0,0.0,0.0,5,223.5,228.5,5,229.0,0.0,0.0,0.0,0.0,0.0,42
2023-05-09 21:18:44,TA401C5600,TA401C5600,229.0,0.0,0.0,0.0,1,199.0,227.0,5,229.0,0.0,0.0,0.0,0.0,0.0,42
2023-05-09 21:18:46,TA401C5600,TA401C5600,229.0,0.0,0.0,0.0,5,221.0,227.0,5,229.0,0.0,0.0,0.0,0.0,0.0,42
2023-05-09 21:20:38,TA401C5600,TA401C5600,229.0,0.0,0.0,0.0,5,221.0,225.5,5,229.0,0.0,0.0,0.0,0.0,0.0,42
2023-05-09 21:20:41,TA401C5600,TA401C5600,229.0,0.0,0.0,0.0,1,199.0,225.5,5,229.0,0.0,0.0,0.0,0.0,0.0,42
2023-05-09 21:20:43,TA401C5600,TA401C5600,229.0,0.0,0.0,0.0,5,219.5,225.5,5,229.0,0.0,0.0,0.0,0.0,0.0,42
2023-05-09 21:20:46,TA401C5600,TA401C5600,229.0,0.0,0.0,0.0,5,219.5,224.0,5,229.0,0.0,0.0,0.0,0.0,0.0,42
2023-05-09 21:21:05,TA401C5600,TA401C5600,229.0,0.0,0.0,0.0,1,199.0,224.0,5,229.0,0.0,0.0,0.0,0.0,0.0,42
2023-05-09 21:21:10,TA401C5600,TA401C5600,229.0,0.0,0.0,0.0,5,217.5,224.0,5,229.0,0.0,0.0,0.0,0.0,0.0,42
2023-05-09 21:21:14,TA401C5600,TA401C5600,229.0,0.0,0.0,0.0,5,217.5,222.5,5,229.0,0.0,0.0,0.0,0.0,0.0,42
2023-05-09 21:21:34,TA401C5600,TA401C5600,229.0,0.0,0.0,0.0,1,199.0,222.5,5,229.0,0.0,0.0,0.0,0.0,0.0,42
2023-05-09 21:21:36,TA401C5600,TA401C5600,229.0,0.0,0.0,0.0,5,215.5,221.0,5,229.0,0.0,0.0,0.0,0.0,0.0,42
2023-05-09 21:22:00,TA401C5600,TA401C5600,229.0,0.0,0.0,0.0,1,199.0,221.0,5,229.0,0.0,0.0,0.0,0.0,0.0,42
2023-05-09 21:22:02,TA401C5600,TA401C5600,229.0,0.0,0.0,0.0,5,214.0,221.0,5,229.0,0.0,0.0,0.0,0.0,0.0,42
2023-05-09 21:22:03,TA401C5600,TA401C5600,229.0,0.0,0.0,0.0,5,214.0,219.5,5,229.0,0.0,0.0,0.0,0.0,0.0,42
2023-05-09 21:23:05,TA401C5600,TA401C5600,229.0,0.0,0.0,0.0,5,214.0,218.0,5,229.0,0.0,0.0,0.0,0.0,0.0,42
2023-05-09 21:23:46,TA401C5600,TA401C5600,229.0,0.0,0.0,0.0,5,214.0,219.5,5,229.0,0.0,0.0,0.0,0.0,0.0,42
2023-05-09 21:30:02,TA401C5600,TA401C5600,229.0,0.0,0.0,0.0,5,214.0,218.0,5,229.0,0.0,0.0,0.0,0.0,0.0,42
2023-05-09 21:30:29,TA401C5600,TA401C5600,229.0,0.0,0.0,0.0,1,199.0,218.0,5,229.0,0.0,0.0,0.0,0.0,0.0,42
2023-05-09 21:30:30,TA401C5600,TA401C5600,229.0,0.0,0.0,0.0,5,212.5,218.0,5,229.0,0.0,0.0,0.0,0.0,0.0,42
2023-05-09 21:30:56,TA401C5600,TA401C5600,229.0,0.0,0.0,0.0,5,212.5,216.0,5,229.0,0.0,0.0,0.0,0.0,0.0,42
2023-05-09 21:30:56,TA401C5600,TA401C5600,229.0,0.0,0.0,0.0,1,199.0,216.0,5,229.0,0.0,0.0,0.0,0.0,0.0,42
2023-05-09 21:31:00,TA401C5600,TA401C5600,229.0,0.0,0.0,0.0,5,211.0,216.0,5,229.0,0.0,0.0,0.0,0.0,0.0,42
2023-05-09 21:32:13,TA401C5600,TA401C5600,229.0,0.0,0.0,0.0,1,199.0,216.0,5,229.0,0.0,0.0,0.0,0.0,0.0,42
2023-05-09 21:32:16,TA401C5600,TA401C5600,229.0,0.0,0.0,0.0,5,209.5,216.0,5,229.0,0.0,0.0,0.0,0.0,0.0,42
2023-05-09 21:32:22,TA401C5600,TA401C5600,229.0,0.0,0.0,0.0,5,209.5,214.5,5,229.0,0.0,0.0,0.0,0.0,0.0,42
2023-05-09 21:33:36,TA401C5600,TA401C5600,229.0,0.0,0.0,0.0,1,199.0,214.5,5,229.0,0.0,0.0,0.0,0.0,0.0,42
2023-05-09 21:33:37,TA401C5600,TA401C5600,229.0,0.0,0.0,0.0,5,207.5,214.5,5,229.0,0.0,0.0,0.0,0.0,0.0,42
2023-05-09 21:33:54,TA401C5600,TA401C5600,229.0,0.0,0.0,0.0,5,209.0,214.5,5,229.0,0.0,0.0,0.0,0.0,0.0,42
2023-05-09 21:34:35,TA401C5600,TA401C5600,229.0,0.0,0.0,0.0,5,210.5,214.5,5,229.0,0.0,0.0,0.0,0.0,0.0,42
2023-05-09 21:34:44,TA401C5600,TA401C5600,229.0,0.0,0.0,0.0,5,210.5,216.0,5,229.0,0.0,0.0,0.0,0.0,0.0,42
2023-05-09 21:36:52,TA401C5600,TA401C5600,229.0,0.0,0.0,0.0,5,212.0,216.0,5,229.0,0.0,0.0,0.0,0.0,0.0,42
2023-05-09 21:37:38,TA401C5600,TA401C5600,229.0,0.0,0.0,0.0,5,210.5,216.0,5,229.0,0.0,0.0,0.0,0.0,0.0,42
2023-05-09 21:42:48,TA401C5600,TA401C5600,229.0,0.0,0.0,0.0,5,212.0,216.0,5,229.0,0.0,0.0,0.0,0.0,0.0,42
2023-05-09 21:42:49,TA401C5600,TA401C5600,229.0,0.0,0.0,0.0,5,212.0,276.5,1,229.0,0.0,0.0,0.0,0.0,0.0,42
2023-05-09 21:42:49,TA401C5600,TA401C5600,229.0,0.0,0.0,0.0,5,212.0,232.0,1,229.0,0.0,0.0,0.0,0.0,0.0,42
2023-05-09 21:42:52,TA401C5600,TA401C5600,229.0,0.0,0.0,0.0,5,212.0,218.0,5,229.0,0.0,0.0,0.0,0.0,0.0,42
2023-05-09 21:43:29,TA401C5600,TA401C5600,229.0,0.0,0.0,0.0,5,212.0,216.5,5,229.0,0.0,0.0,0.0,0.0,0.0,42
2023-05-09 21:45:26,TA401C5600,TA401C5600,229.0,0.0,0.0,0.0,5,210.5,216.5,5,229.0,0.0,0.0,0.0,0.0,0.0,42
2023-05-09 21:45:39,TA401C5600,TA401C5600,229.0,0.0,0.0,0.0,5,212.0,216.5,5,229.0,0.0,0.0,0.0,0.0,0.0,42
2023-05-09 21:46:17,TA401C5600,TA401C5600,229.0,0.0,0.0,0.0,5,212.0,218.0,5,229.0,0.0,0.0,0.0,0.0,0.0,42
2023-05-09 21:47:46,TA401C5600,TA401C5600,229.0,0.0,0.0,0.0,5,213.5,218.0,5,229.0,0.0,0.0,0.0,0.0,0.0,42
2023-05-09 21:48:06,TA401C5600,TA401C5600,229.0,0.0,0.0,0.0,5,213.5,232.0,1,229.0,0.0,0.0,0.0,0.0,0.0,42
2023-05-09 21:48:07,TA401C5600,TA401C5600,229.0,0.0,0.0,0.0,5,213.5,219.5,5,229.0,0.0,0.0,0.0,0.0,0.0,42
2023-05-09 21:48:24,TA401C5600,TA401C5600,229.0,0.0,0.0,0.0,5,215.0,219.5,5,229.0,0.0,0.0,0.0,0.0,0.0,42
2023-05-09 21:48:42,TA401C5600,TA401C5600,229.0,0.0,0.0,0.0,5,215.0,232.0,1,229.0,0.0,0.0,0.0,0.0,0.0,42
2023-05-09 21:48:43,TA401C5600,TA401C5600,229.0,0.0,0.0,0.0,5,215.0,221.5,5,229.0,0.0,0.0,0.0,0.0,0.0,42
2023-05-09 21:48:50,TA401C5600,TA401C5600,229.0,0.0,0.0,0.0,5,216.5,221.5,5,229.0,0.0,0.0,0.0,0.0,0.0,42
2023-05-09 21:49:54,TA401C5600,TA401C5600,229.0,0.0,0.0,0.0,5,216.5,220.0,5,229.0,0.0,0.0,0.0,0.0,0.0,42
2023-05-09 21:49:56,TA401C5600,TA401C5600,229.0,0.0,0.0,0.0,5,215.0,220.0,5,229.0,0.0,0.0,0.0,0.0,0.0,42
2023-05-09 21:51:02,TA401C5600,TA401C5600,229.0,0.0,0.0,0.0,5,216.5,221.5,5,229.0,0.0,0.0,0.0,0.0,0.0,42
2023-05-09 21:58:28,TA401C5600,TA401C5600,229.0,0.0,0.0,0.0,5,216.5,232.0,1,229.0,0.0,0.0,0.0,0.0,0.0,42
2023-05-09 21:58:29,TA401C5600,TA401C5600,229.0,0.0,0.0,0.0,5,216.5,223.0,5,229.0,0.0,0.0,0.0,0.0,0.0,42
2023-05-09 21:58:40,TA401C5600,TA401C5600,229.0,0.0,0.0,0.0,5,216.5,221.5,5,229.0,0.0,0.0,0.0,0.0,0.0,42
2023-05-09 21:59:17,TA401C5600,TA401C5600,229.0,0.0,0.0,0.0,5,216.5,223.0,5,229.0,0.0,0.0,0.0,0.0,0.0,42
2023-05-09 21:59:18,TA401C5600,TA401C5600,229.0,0.0,0.0,0.0,5,218.0,223.0,5,229.0,0.0,0.0,0.0,0.0,0.0,42
2023-05-09 22:00:17,TA401C5600,TA401C5600,229.0,0.0,0.0,0.0,5,218.0,232.0,1,229.0,0.0,0.0,0.0,0.0,0.0,42
2023-05-09 22:00:18,TA401C5600,TA401C5600,229.0,0.0,0.0,0.0,5,219.5,225.0,5,229.0,0.0,0.0,0.0,0.0,0.0,42
2023-05-09 22:00:29,TA401C5600,TA401C5600,229.0,0.0,0.0,0.0,5,221.0,225.0,5,229.0,0.0,0.0,0.0,0.0,0.0,42
2023-05-09 22:00:34,TA401C5600,TA401C5600,229.0,0.0,0.0,0.0,5,221.0,232.0,1,229.0,0.0,0.0,0.0,0.0,0.0,42
2023-05-09 22:00:36,TA401C5600,TA401C5600,229.0,0.0,0.0,0.0,5,221.0,226.5,5,229.0,0.0,0.0,0.0,0.0,0.0,42
2023-05-09 22:00:53,TA401C5600,TA401C5600,229.0,0.0,0.0,0.0,5,221.0,225.0,5,229.0,0.0,0.0,0.0,0.0,0.0,42
2023-05-09 22:01:08,TA401C5600,TA401C5600,229.0,0.0,0.0,0.0,5,219.5,225.0,5,229.0,0.0,0.0,0.0,0.0,0.0,42
2023-05-09 22:01:38,TA401C5600,TA401C5600,229.0,0.0,0.0,0.0,5,221.0,225.0,5,229.0,0.0,0.0,0.0,0.0,0.0,42
2023-05-09 22:01:39,TA401C5600,TA401C5600,229.0,0.0,0.0,0.0,5,221.0,226.5,5,229.0,0.0,0.0,0.0,0.0,0.0,42
2023-05-09 22:02:20,TA401C5600,TA401C5600,229.0,0.0,0.0,0.0,5,221.0,225.0,5,229.0,0.0,0.0,0.0,0.0,0.0,42
2023-05-09 22:02:23,TA401C5600,TA401C5600,229.0,0.0,0.0,0.0,1,118.0,223.0,5,229.0,0.0,0.0,0.0,0.0,0.0,42
2023-05-09 22:02:24,TA401C5600,TA401C5600,229.0,0.0,0.0,0.0,1,164.5,223.0,5,229.0,0.0,0.0,0.0,0.0,0.0,42
2023-05-09 22:02:26,TA401C5600,TA401C5600,229.0,0.0,0.0,0.0,2,168.0,223.0,5,229.0,0.0,0.0,0.0,0.0,0.0,42
2023-05-09 22:02:26,TA401C5600,TA401C5600,229.0,0.0,0.0,0.0,1,202.5,223.0,5,229.0,0.0,0.0,0.0,0.0,0.0,42
2023-05-09 22:02:29,TA401C5600,TA401C5600,229.0,0.0,0.0,0.0,5,217.5,223.0,5,229.0,0.0,0.0,0.0,0.0,0.0,42
2023-05-09 22:02:49,TA401C5600,TA401C5600,229.0,0.0,0.0,0.0,5,219.0,223.0,5,229.0,0.0,0.0,0.0,0.0,0.0,42
2023-05-09 22:02:50,TA401C5600,TA401C5600,229.0,0.0,0.0,0.0,5,219.0,225.0,5,229.0,0.0,0.0,0.0,0.0,0.0,42
2023-05-09 22:03:22,TA401C5600,TA401C5600,229.0,0.0,0.0,0.0,5,219.0,223.5,5,229.0,0.0,0.0,0.0,0.0,0.0,42
2023-05-09 22:04:40,TA401C5600,TA401C5600,229.0,0.0,0.0,0.0,5,217.5,223.5,5,229.0,0.0,0.0,0.0,0.0,0.0,42
2023-05-09 22:05:39,TA401C5600,TA401C5600,229.0,0.0,0.0,0.0,5,217.5,222.0,5,229.0,0.0,0.0,0.0,0.0,0.0,42
2023-05-09 22:06:01,TA401C5600,TA401C5600,229.0,0.0,0.0,0.0,1,202.5,222.0,5,229.0,0.0,0.0,0.0,0.0,0.0,42
2023-05-09 22:06:03,TA401C5600,TA401C5600,229.0,0.0,0.0,0.0,5,215.5,222.0,5,229.0,0.0,0.0,0.0,0.0,0.0,42
2023-05-09 22:06:14,TA401C5600,TA401C5600,229.0,0.0,0.0,0.0,5,215.5,220.5,5,229.0,0.0,0.0,0.0,0.0,0.0,42
2023-05-09 22:10:30,TA401C5600,TA401C5600,229.0,0.0,0.0,0.0,5,215.5,219.0,5,229.0,0.0,0.0,0.0,0.0,0.0,42
2023-05-09 22:11:08,TA401C5600,TA401C5600,229.0,0.0,0.0,0.0,5,215.5,220.5,5,229.0,0.0,0.0,0.0,0.0,0.0,42
2023-05-09 22:12:38,TA401C5600,TA401C5600,229.0,0.0,0.0,0.0,5,215.5,232.0,1,229.0,0.0,0.0,0.0,0.0,0.0,42
2023-05-09 22:12:41,TA401C5600,TA401C5600,229.0,0.0,0.0,0.0,5,215.5,222.5,5,229.0,0.0,0.0,0.0,0.0,0.0,42
2023-05-09 22:13:11,TA401C5600,TA401C5600,229.0,0.0,0.0,0.0,5,217.0,222.5,5,229.0,0.0,0.0,0.0,0.0,0.0,42
2023-05-09 22:15:06,TA401C5600,TA401C5600,229.0,0.0,0.0,0.0,5,217.0,221.0,5,229.0,0.0,0.0,0.0,0.0,0.0,42
2023-05-09 22:15:20,TA401C5600,TA401C5600,229.0,0.0,0.0,0.0,5,215.5,221.0,5,229.0,0.0,0.0,0.0,0.0,0.0,42
2023-05-09 22:17:48,TA401C5600,TA401C5600,229.0,0.0,0.0,0.0,5,217.0,221.0,5,229.0,0.0,0.0,0.0,0.0,0.0,42
2023-05-09 22:19:27,TA401C5600,TA401C5600,229.0,0.0,0.0,0.0,5,215.5,221.0,5,229.0,0.0,0.0,0.0,0.0,0.0,42
2023-05-09 22:20:57,TA401C5600,TA401C5600,229.0,0.0,0.0,0.0,5,215.5,219.5,5,229.0,0.0,0.0,0.0,0.0,0.0,42
2023-05-09 22:21:23,TA401C5600,TA401C5600,229.0,0.0,0.0,0.0,1,202.5,219.5,5,229.0,0.0,0.0,0.0,0.0,0.0,42
2023-05-09 22:21:25,TA401C5600,TA401C5600,229.0,0.0,0.0,0.0,5,214.0,219.5,5,229.0,0.0,0.0,0.0,0.0,0.0,42
2023-05-09 22:22:31,TA401C5600,TA401C5600,229.0,0.0,0.0,0.0,5,214.0,218.0,5,229.0,0.0,0.0,0.0,0.0,0.0,42
2023-05-09 22:24:19,TA401C5600,TA401C5600,229.0,0.0,0.0,0.0,5,214.0,219.5,5,229.0,0.0,0.0,0.0,0.0,0.0,42
2023-05-09 22:26:07,TA401C5600,TA401C5600,229.0,0.0,0.0,0.0,5,215.5,219.5,5,229.0,0.0,0.0,0.0,0.0,0.0,42
2023-05-09 22:26:37,TA401C5600,TA401C5600,229.0,0.0,0.0,0.0,5,215.5,221.5,5,229.0,0.0,0.0,0.0,0.0,0.0,42
2023-05-09 22:30:20,TA401C5600,TA401C5600,229.0,0.0,0.0,0.0,5,215.5,220.0,5,229.0,0.0,0.0,0.0,0.0,0.0,42
2023-05-09 22:32:11,TA401C5600,TA401C5600,229.0,0.0,0.0,0.0,5,214.0,220.0,5,229.0,0.0,0.0,0.0,0.0,0.0,42
2023-05-09 22:32:14,TA401C5600,TA401C5600,229.0,0.0,0.0,0.0,5,214.0,218.5,5,229.0,0.0,0.0,0.0,0.0,0.0,42
2023-05-09 22:32:25,TA401C5600,TA401C5600,229.0,0.0,0.0,0.0,5,212.0,218.5,5,229.0,0.0,0.0,0.0,0.0,0.0,42
2023-05-09 22:32:39,TA401C5600,TA401C5600,229.0,0.0,0.0,0.0,5,212.0,217.0,5,229.0,0.0,0.0,0.0,0.0,0.0,42
2023-05-09 22:39:21,TA401C5600,TA401C5600,229.0,0.0,0.0,0.0,5,212.0,218.5,5,229.0,0.0,0.0,0.0,0.0,0.0,42
2023-05-09 22:39:21,TA401C5600,TA401C5600,229.0,0.0,0.0,0.0,5,213.5,218.5,5,229.0,0.0,0.0,0.0,0.0,0.0,42
2023-05-09 22:44:53,TA401C5600,TA401C5600,229.0,0.0,0.0,0.0,5,213.5,232.0,1,229.0,0.0,0.0,0.0,0.0,0.0,42
2023-05-09 22:44:54,TA401C5600,TA401C5600,229.0,0.0,0.0,0.0,5,213.5,220.5,5,229.0,0.0,0.0,0.0,0.0,0.0,42
2023-05-09 22:44:55,TA401C5600,TA401C5600,229.0,0.0,0.0,0.0,5,215.0,220.5,5,229.0,0.0,0.0,0.0,0.0,0.0,42
2023-05-09 22:45:30,TA401C5600,TA401C5600,229.0,0.0,0.0,0.0,5,215.0,219.0,5,229.0,0.0,0.0,0.0,0.0,0.0,42
2023-05-09 22:46:28,TA401C5600,TA401C5600,229.0,0.0,0.0,0.0,5,213.5,219.0,5,229.0,0.0,0.0,0.0,0.0,0.0,42
2023-05-09 22:48:32,TA401C5600,TA401C5600,229.0,0.0,0.0,0.0,5,213.5,217.5,5,229.0,0.0,0.0,0.0,0.0,0.0,42
2023-05-09 22:48:47,TA401C5600,TA401C5600,229.0,0.0,0.0,0.0,5,211.5,217.5,5,229.0,0.0,0.0,0.0,0.0,0.0,42
2023-05-09 22:49:17,TA401C5600,TA401C5600,229.0,0.0,0.0,0.0,5,211.5,216.0,5,229.0,0.0,0.0,0.0,0.0,0.0,42
2023-05-09 22:49:25,TA401C5600,TA401C5600,229.0,0.0,0.0,0.0,5,209.5,216.0,5,229.0,0.0,0.0,0.0,0.0,0.0,42
2023-05-09 22:49:44,TA401C5600,TA401C5600,229.0,0.0,0.0,0.0,5,209.5,214.0,5,229.0,0.0,0.0,0.0,0.0,0.0,42
2023-05-09 22:55:03,TA401C5600,TA401C5600,229.0,0.0,0.0,0.0,5,209.5,216.0,5,229.0,0.0,0.0,0.0,0.0,0.0,42
2023-05-09 22:55:57,TA401C5600,TA401C5600,229.0,0.0,0.0,0.0,1,202.5,232.0,1,229.0,0.0,0.0,0.0,0.0,0.0,42
2023-05-09 22:56:31,TA401C5600,TA401C5600,229.0,0.0,0.0,0.0,1,118.5,0.0,0,229.0,0.0,0.0,0.0,0.0,0.0,42
2023-05-09 22:56:31,TA401C5600,TA401C5600,229.0,0.0,0.0,0.0,1,118.5,545.5,1,229.0,0.0,0.0,0.0,0.0,0.0,42
2023-05-09 22:57:48,TA401C5600,TA401C5600,229.0,0.0,0.0,0.0,2,48.0,545.5,1,229.0,0.0,0.0,0.0,0.0,0.0,42
2023-05-09 22:57:48,TA401C5600,TA401C5600,229.0,0.0,0.0,0.0,1,49.5,545.5,1,229.0,0.0,0.0,0.0,0.0,0.0,42
2023-05-09 22:59:50,TA401C5600,TA401C5600,229.0,0.0,0.0,0.0,2,30.0,0.0,0,229.0,0.0,0.0,0.0,0.0,0.0,42
2023-05-10 09:00:00,TA401C5600,TA401C5600,229.0,0.0,0.0,0.0,1,119.5,0.0,0,229.0,0.0,0.0,0.0,0.0,0.0,42
2023-05-10 09:00:03,TA401C5600,TA401C5600,229.0,0.0,0.0,0.0,1,119.5,327.0,1,229.0,0.0,0.0,0.0,0.0,0.0,42
2023-05-10 09:00:51,TA401C5600,TA401C5600,229.0,0.0,0.0,0.0,1,147.5,327.0,1,229.0,0.0,0.0,0.0,0.0,0.0,42
2023-05-10 09:01:24,TA401C5600,TA401C5600,229.0,0.0,0.0,0.0,1,147.5,276.0,1,229.0,0.0,0.0,0.0,0.0,0.0,42
2023-05-10 09:01:26,TA401C5600,TA401C5600,229.0,0.0,0.0,0.0,2,154.0,276.0,1,229.0,0.0,0.0,0.0,0.0,0.0,42
2023-05-10 09:01:26,TA401C5600,TA401C5600,229.0,0.0,0.0,0.0,1,199.5,276.0,1,229.0,0.0,0.0,0.0,0.0,0.0,42
2023-05-10 09:01:27,TA401C5600,TA401C5600,229.0,0.0,0.0,0.0,5,220.0,276.0,1,229.0,0.0,0.0,0.0,0.0,0.0,42
2023-05-10 09:01:28,TA401C5600,TA401C5600,229.0,0.0,0.0,0.0,5,220.0,225.5,5,229.0,0.0,0.0,0.0,0.0,0.0,42
2023-05-10 09:02:09,TA401C5600,TA401C5600,229.0,0.0,0.0,0.0,5,220.0,224.5,5,229.0,0.0,0.0,0.0,0.0,0.0,42
2023-05-10 09:02:18,TA401C5600,TA401C5600,229.0,0.0,0.0,0.0,5,220.0,225.5,5,229.0,0.0,0.0,0.0,0.0,0.0,42
2023-05-10 09:02:31,TA401C5600,TA401C5600,229.0,0.0,0.0,0.0,5,221.5,225.5,5,229.0,0.0,0.0,0.0,0.0,0.0,42
2023-05-10 09:02:46,TA401C5600,TA401C5600,229.0,0.0,0.0,0.0,5,221.5,227.5,5,229.0,0.0,0.0,0.0,0.0,0.0,42
2023-05-10 09:02:57,TA401C5600,TA401C5600,229.0,0.0,0.0,0.0,5,221.5,276.0,1,229.0,0.0,0.0,0.0,0.0,0.0,42
2023-05-10 09:03:01,TA401C5600,TA401C5600,229.0,0.0,0.0,0.0,5,224.0,273.0,1,229.0,0.0,0.0,0.0,0.0,0.0,42
2023-05-10 09:03:01,TA401C5600,TA401C5600,229.0,0.0,0.0,0.0,5,224.0,244.0,1,229.0,0.0,0.0,0.0,0.0,0.0,42
2023-05-10 09:03:04,TA401C5600,TA401C5600,229.0,0.0,0.0,0.0,5,224.0,229.0,5,229.0,0.0,0.0,0.0,0.0,0.0,42
2023-05-10 09:03:16,TA401C5600,TA401C5600,229.0,0.0,0.0,0.0,5,224.0,244.0,1,229.0,0.0,0.0,0.0,0.0,0.0,42
2023-05-10 09:03:21,TA401C5600,TA401C5600,229.0,0.0,0.0,0.0,5,225.0,244.0,1,229.0,0.0,0.0,0.0,0.0,0.0,42
2023-05-10 09:03:22,TA401C5600,TA401C5600,229.0,0.0,0.0,0.0,5,225.0,230.5,5,229.0,0.0,0.0,0.0,0.0,0.0,42
2023-05-10 09:03:38,TA401C5600,TA401C5600,229.0,0.0,0.0,0.0,5,225.0,229.5,5,229.0,0.0,0.0,0.0,0.0,0.0,42
2023-05-10 09:04:10,TA401C5600,TA401C5600,229.0,0.0,0.0,0.0,5,225.0,228.5,5,229.0,0.0,0.0,0.0,0.0,0.0,42
2023-05-10 09:04:11,TA401C5600,TA401C5600,229.0,0.0,0.0,0.0,5,224.0,228.5,5,229.0,0.0,0.0,0.0,0.0,0.0,42
2023-05-10 09:04:17,TA401C5600,TA401C5600,229.0,0.0,0.0,0.0,1,199.5,228.5,5,229.0,0.0,0.0,0.0,0.0,0.0,42
2023-05-10 09:04:20,TA401C5600,TA401C5600,229.0,0.0,0.0,0.0,5,222.0,228.5,5,229.0,0.0,0.0,0.0,0.0,0.0,42
2023-05-10 09:04:21,TA401C5600,TA401C5600,229.0,0.0,0.0,0.0,5,222.0,227.0,5,229.0,0.0,0.0,0.0,0.0,0.0,42
2023-05-10 09:05:39,TA401C5600,TA401C5600,229.0,0.0,0.0,0.0,5,223.5,227.0,5,229.0,0.0,0.0,0.0,0.0,0.0,42
2023-05-10 09:06:03,TA401C5600,TA401C5600,229.0,0.0,0.0,0.0,5,223.5,228.5,5,229.0,0.0,0.0,0.0,0.0,0.0,42
2023-05-10 09:06:07,TA401C5600,TA401C5600,229.0,0.0,0.0,0.0,5,224.5,228.5,5,229.0,0.0,0.0,0.0,0.0,0.0,42
2023-05-10 09:06:37,TA401C5600,TA401C5600,229.0,0.0,0.0,0.0,5,223.5,228.5,5,229.0,0.0,0.0,0.0,0.0,0.0,42
2023-05-10 09:06:38,TA401C5600,TA401C5600,229.0,0.0,0.0,0.0,5,223.5,227.5,5,229.0,0.0,0.0,0.0,0.0,0.0,42
2023-05-10 09:06:59,TA401C5600,TA401C5600,229.0,0.0,0.0,0.0,5,221.5,227.5,5,229.0,0.0,0.0,0.0,0.0,0.0,42
2023-05-10 09:07:05,TA401C5600,TA401C5600,229.0,0.0,0.0,0.0,5,221.5,226.5,5,229.0,0.0,0.0,0.0,0.0,0.0,42
2023-05-10 09:07:50,TA401C5600,TA401C5600,229.0,0.0,0.0,0.0,5,221.5,225.0,5,229.0,0.0,0.0,0.0,0.0,0.0,42
2023-05-10 09:07:52,TA401C5600,TA401C5600,229.0,0.0,0.0,0.0,1,199.5,225.0,5,229.0,0.0,0.0,0.0,0.0,0.0,42
2023-05-10 09:07:55,TA401C5600,TA401C5600,229.0,0.0,0.0,0.0,5,219.5,225.0,5,229.0,0.0,0.0,0.0,0.0,0.0,42
2023-05-10 09:08:02,TA401C5600,TA401C5600,229.0,0.0,0.0,0.0,5,220.5,225.0,5,229.0,0.0,0.0,0.0,0.0,0.0,42
2023-05-10 09:08:07,TA401C5600,TA401C5600,229.0,0.0,0.0,0.0,5,221.5,225.0,5,229.0,0.0,0.0,0.0,0.0,0.0,42
2023-05-10 09:08:13,TA401C5600,TA401C5600,229.0,0.0,0.0,0.0,5,221.5,226.5,5,229.0,0.0,0.0,0.0,0.0,0.0,42
2023-05-10 09:08:23,TA401C5600,TA401C5600,229.0,0.0,0.0,0.0,5,221.5,225.5,5,229.0,0.0,0.0,0.0,0.0,0.0,42
2023-05-10 09:08:53,TA401C5600,TA401C5600,229.0,0.0,0.0,0.0,5,221.5,226.5,5,229.0,0.0,0.0,0.0,0.0,0.0,42
2023-05-10 09:08:56,TA401C5600,TA401C5600,229.0,0.0,0.0,0.0,5,222.5,226.5,5,229.0,0.0,0.0,0.0,0.0,0.0,42
2023-05-10 09:10:35,TA401C5600,TA401C5600,229.0,0.0,0.0,0.0,5,221.5,225.5,5,229.0,0.0,0.0,0.0,0.0,0.0,42
2023-05-10 09:10:41,TA401C5600,TA401C5600,229.0,0.0,0.0,0.0,1,199.5,225.5,5,229.0,0.0,0.0,0.0,0.0,0.0,42
2023-05-10 09:10:42,TA401C5600,TA401C5600,229.0,0.0,0.0,0.0,1,199.5,223.5,5,229.0,0.0,0.0,0.0,0.0,0.0,42
2023-05-10 09:10:46,TA401C5600,TA401C5600,229.0,0.0,0.0,0.0,5,219.5,223.5,5,229.0,0.0,0.0,0.0,0.0,0.0,42
2023-05-10 09:11:20,TA401C5600,TA401C5600,229.0,0.0,0.0,0.0,1,199.5,223.5,5,229.0,0.0,0.0,0.0,0.0,0.0,42
2023-05-10 09:11:20,TA401C5600,TA401C5600,229.0,0.0,0.0,0.0,5,218.0,223.5,5,229.0,0.0,0.0,0.0,0.0,0.0,42
2023-05-10 09:11:24,TA401C5600,TA401C5600,229.0,0.0,0.0,0.0,5,218.0,222.5,5,229.0,0.0,0.0,0.0,0.0,0.0,42
2023-05-10 09:12:41,TA401C5600,TA401C5600,229.0,0.0,0.0,0.0,5,218.0,221.5,5,229.0,0.0,0.0,0.0,0.0,0.0,42
2023-05-10 09:13:27,TA401C5600,TA401C5600,229.0,0.0,0.0,0.0,5,218.0,222.5,5,229.0,0.0,0.0,0.0,0.0,0.0,42
2023-05-10 09:13:47,TA401C5600,TA401C5600,229.0,0.0,0.0,0.0,5,218.0,221.5,5,229.0,0.0,0.0,0.0,0.0,0.0,42
2023-05-10 09:16:31,TA401C5600,TA401C5600,229.0,0.0,0.0,0.0,5,216.0,221.5,5,229.0,0.0,0.0,0.0,0.0,0.0,42
2023-05-10 09:16:34,TA401C5600,TA401C5600,229.0,0.0,0.0,0.0,5,216.0,220.5,5,229.0,0.0,0.0,0.0,0.0,0.0,42
2023-05-10 09:16:47,TA401C5600,TA401C5600,229.0,0.0,0.0,0.0,5,216.0,219.5,5,229.0,0.0,0.0,0.0,0.0,0.0,42
2023-05-10 09:18:04,TA401C5600,TA401C5600,229.0,0.0,0.0,0.0,5,216.0,220.5,5,229.0,0.0,0.0,0.0,0.0,0.0,42
2023-05-10 09:18:32,TA401C5600,TA401C5600,229.0,0.0,0.0,0.0,5,217.0,220.5,5,229.0,0.0,0.0,0.0,0.0,0.0,42
2023-05-10 09:18:41,TA401C5600,TA401C5600,229.0,0.0,0.0,0.0,5,217.0,222.0,5,229.0,0.0,0.0,0.0,0.0,0.0,42
2023-05-10 09:18:46,TA401C5600,TA401C5600,229.0,0.0,0.0,0.0,5,218.5,222.0,5,229.0,0.0,0.0,0.0,0.0,0.0,42
2023-05-10 09:19:03,TA401C5600,TA401C5600,229.0,0.0,0.0,0.0,5,218.5,223.5,5,229.0,0.0,0.0,0.0,0.0,0.0,42
2023-05-10 09:19:19,TA401C5600,TA401C5600,229.0,0.0,0.0,0.0,5,220.0,223.5,5,229.0,0.0,0.0,0.0,0.0,0.0,42
2023-05-10 09:19:27,TA401C5600,TA401C5600,229.0,0.0,0.0,0.0,5,220.0,225.0,5,229.0,0.0,0.0,0.0,0.0,0.0,42
2023-05-10 09:19:32,TA401C5600,TA401C5600,229.0,0.0,0.0,0.0,5,221.0,225.0,5,229.0,0.0,0.0,0.0,0.0,0.0,42
2023-05-10 09:20:46,TA401C5600,TA401C5600,229.0,0.0,0.0,0.0,5,220.0,224.0,5,229.0,0.0,0.0,0.0,0.0,0.0,42
2023-05-10 09:22:40,TA401C5600,TA401C5600,229.0,0.0,0.0,0.0,1,199.5,223.0,5,229.0,0.0,0.0,0.0,0.0,0.0,42
2023-05-10 09:22:41,TA401C5600,TA401C5600,229.0,0.0,0.0,0.0,5,218.5,223.0,5,229.0,0.0,0.0,0.0,0.0,0.0,42
2023-05-10 09:24:48,TA401C5600,TA401C5600,229.0,0.0,0.0,0.0,5,219.5,223.0,5,229.0,0.0,0.0,0.0,0.0,0.0,42
2023-05-10 09:27:15,TA401C5600,TA401C5600,229.0,0.0,0.0,0.0,5,218.5,223.0,5,229.0,0.0,0.0,0.0,0.0,0.0,42
2023-05-10 09:27:26,TA401C5600,TA401C5600,229.0,0.0,0.0,0.0,5,218.5,222.0,5,229.0,0.0,0.0,0.0,0.0,0.0,42
2023-05-10 09:27:30,TA401C5600,TA401C5600,229.0,0.0,0.0,0.0,1,199.5,222.0,5,229.0,0.0,0.0,0.0,0.0,0.0,42
2023-05-10 09:27:37,TA401C5600,TA401C5600,229.0,0.0,0.0,0.0,1,199.5,220.5,5,229.0,0.0,0.0,0.0,0.0,0.0,42
2023-05-10 09:27:38,TA401C5600,TA401C5600,229.0,0.0,0.0,0.0,5,216.0,220.5,5,229.0,0.0,0.0,0.0,0.0,0.0,42
2023-05-10 09:28:48,TA401C5600,TA401C5600,229.0,0.0,0.0,0.0,5,217.0,220.5,5,229.0,0.0,0.0,0.0,0.0,0.0,42
2023-05-10 09:29:31,TA401C5600,TA401C5600,229.0,0.0,0.0,0.0,5,217.0,222.0,5,229.0,0.0,0.0,0.0,0.0,0.0,42
2023-05-10 09:30:01,TA401C5600,TA401C5600,229.0,0.0,0.0,0.0,5,217.0,221.0,5,229.0,0.0,0.0,0.0,0.0,0.0,42
2023-05-10 09:30:27,TA401C5600,TA401C5600,229.0,0.0,0.0,0.0,5,217.0,222.0,5,229.0,0.0,0.0,0.0,0.0,0.0,42
2023-05-10 09:30:30,TA401C5600,TA401C5600,229.0,0.0,0.0,0.0,5,218.0,222.0,5,229.0,0.0,0.0,0.0,0.0,0.0,42
2023-05-10 09:30:38,TA401C5600,TA401C5600,229.0,0.0,0.0,0.0,5,218.0,223.5,5,229.0,0.0,0.0,0.0,0.0,0.0,42
2023-05-10 09:30:58,TA401C5600,TA401C5600,229.0,0.0,0.0,0.0,5,218.0,222.5,5,229.0,0.0,0.0,0.0,0.0,0.0,42
2023-05-10 09:31:16,TA401C5600,TA401C5600,229.0,0.0,0.0,0.0,5,218.0,221.5,5,229.0,0.0,0.0,0.0,0.0,0.0,42
2023-05-10 09:31:51,TA401C5600,TA401C5600,229.0,0.0,0.0,0.0,5,218.0,222.5,5,229.0,0.0,0.0,0.0,0.0,0.0,42
2023-05-10 09:32:41,TA401C5600,TA401C5600,229.0,0.0,0.0,0.0,5,219.5,244.0,1,229.0,0.0,0.0,0.0,0.0,0.0,42
2023-05-10 09:32:42,TA401C5600,TA401C5600,229.0,0.0,0.0,0.0,5,219.5,224.0,5,229.0,0.0,0.0,0.0,0.0,0.0,42
2023-05-10 09:34:08,TA401C5600,TA401C5600,229.0,0.0,0.0,0.0,5,219.5,223.0,5,229.0,0.0,0.0,0.0,0.0,0.0,42
2023-05-10 09:34:30,TA401C5600,TA401C5600,229.0,0.0,0.0,0.0,5,218.0,223.0,5,229.0,0.0,0.0,0.0,0.0,0.0,42
2023-05-10 09:37:27,TA401C5600,TA401C5600,229.0,0.0,0.0,0.0,5,218.0,222.0,5,229.0,0.0,0.0,0.0,0.0,0.0,42
2023-05-10 09:38:12,TA401C5600,TA401C5600,229.0,0.0,0.0,0.0,5,219.0,223.0,5,229.0,0.0,0.0,0.0,0.0,0.0,42
2023-05-10 09:38:18,TA401C5600,TA401C5600,229.0,0.0,0.0,0.0,5,220.0,244.0,1,229.0,0.0,0.0,0.0,0.0,0.0,42
2023-05-10 09:38:21,TA401C5600,TA401C5600,229.0,0.0,0.0,0.0,5,220.0,225.0,5,229.0,0.0,0.0,0.0,0.0,0.0,42
2023-05-10 09:39:10,TA401C5600,TA401C5600,229.0,0.0,0.0,0.0,5,221.0,225.0,5,229.0,0.0,0.0,0.0,0.0,0.0,42
2023-05-10 09:40:19,TA401C5600,TA401C5600,229.0,0.0,0.0,0.0,5,220.0,225.0,5,229.0,0.0,0.0,0.0,0.0,0.0,42
2023-05-10 09:40:42,TA401C5600,TA401C5600,229.0,0.0,0.0,0.0,5,220.0,224.0,5,229.0,0.0,0.0,0.0,0.0,0.0,42
2023-05-10 09:40:54,TA401C5600,TA401C5600,229.0,0.0,0.0,0.0,1,199.5,224.0,5,229.0,0.0,0.0,0.0,0.0,0.0,42
2023-05-10 09:40:55,TA401C5600,TA401C5600,229.0,0.0,0.0,0.0,5,218.5,224.0,5,229.0,0.0,0.0,0.0,0.0,0.0,42
2023-05-10 09:41:35,TA401C5600,TA401C5600,229.0,0.0,0.0,0.0,5,218.5,223.0,5,229.0,0.0,0.0,0.0,0.0,0.0,42
2023-05-10 09:42:26,TA401C5600,TA401C5600,229.0,0.0,0.0,0.0,5,218.5,222.0,5,229.0,0.0,0.0,0.0,0.0,0.0,42
2023-05-10 09:43:17,TA401C5600,TA401C5600,229.0,0.0,0.0,0.0,1,199.5,222.0,5,229.0,0.0,0.0,0.0,0.0,0.0,42
2023-05-10 09:43:20,TA401C5600,TA401C5600,229.0,0.0,0.0,0.0,5,216.5,222.0,5,229.0,0.0,0.0,0.0,0.0,0.0,42
2023-05-10 09:43:51,TA401C5600,TA401C5600,229.0,0.0,0.0,0.0,5,216.5,220.5,5,229.0,0.0,0.0,0.0,0.0,0.0,42
2023-05-10 09:47:21,TA401C5600,TA401C5600,229.0,0.0,0.0,0.0,5,216.5,222.0,5,229.0,0.0,0.0,0.0,0.0,0.0,42
2023-05-10 09:47:24,TA401C5600,TA401C5600,229.0,0.0,0.0,0.0,5,217.5,222.0,5,229.0,0.0,0.0,0.0,0.0,0.0,42
2023-05-10 09:48:10,TA401C5600,TA401C5600,229.0,0.0,0.0,0.0,5,217.5,221.0,5,229.0,0.0,0.0,0.0,0.0,0.0,42
2023-05-10 09:49:23,TA401C5600,TA401C5600,229.0,0.0,0.0,0.0,5,216.5,221.0,5,229.0,0.0,0.0,0.0,0.0,0.0,42
2023-05-10 09:49:57,TA401C5600,TA401C5600,229.0,0.0,0.0,0.0,5,216.5,220.0,5,229.0,0.0,0.0,0.0,0.0,0.0,42
2023-05-10 09:50:08,TA401C5600,TA401C5600,229.0,0.0,0.0,0.0,5,215.0,220.0,5,229.0,0.0,0.0,0.0,0.0,0.0,42
2023-05-10 09:50:24,TA401C5600,TA401C5600,229.0,0.0,0.0,0.0,5,216.5,220.0,5,229.0,0.0,0.0,0.0,0.0,0.0,42
2023-05-10 09:52:14,TA401C5600,TA401C5600,229.0,0.0,0.0,0.0,5,215.0,220.0,5,229.0,0.0,0.0,0.0,0.0,0.0,42
2023-05-10 09:53:14,TA401C5600,TA401C5600,229.0,0.0,0.0,0.0,5,215.0,219.0,5,229.0,0.0,0.0,0.0,0.0,0.0,42
2023-05-10 09:53:19,TA401C5600,TA401C5600,229.0,0.0,0.0,0.0,1,199.5,219.0,5,229.0,0.0,0.0,0.0,0.0,0.0,42
2023-05-10 09:53:22,TA401C5600,TA401C5600,229.0,0.0,0.0,0.0,5,213.5,219.0,5,229.0,0.0,0.0,0.0,0.0,0.0,42
2023-05-10 09:54:11,TA401C5600,TA401C5600,229.0,0.0,0.0,0.0,5,214.5,219.0,5,229.0,0.0,0.0,0.0,0.0,0.0,42
2023-05-10 09:54:16,TA401C5600,TA401C5600,229.0,0.0,0.0,0.0,5,214.5,218.0,5,229.0,0.0,0.0,0.0,0.0,0.0,42
2023-05-10 09:54:18,TA401C5600,TA401C5600,229.0,0.0,0.0,0.0,5,213.5,218.0,5,229.0,0.0,0.0,0.0,0.0,0.0,42
2023-05-10 09:54:32,TA401C5600,TA401C5600,229.0,0.0,0.0,0.0,5,213.5,217.0,5,229.0,0.0,0.0,0.0,0.0,0.0,42
2023-05-10 09:54:37,TA401C5600,TA401C5600,229.0,0.0,0.0,0.0,1,199.5,217.0,5,229.0,0.0,0.0,0.0,0.0,0.0,42
2023-05-10 09:54:38,TA401C5600,TA401C5600,229.0,0.0,0.0,0.0,5,212.0,217.0,5,229.0,0.0,0.0,0.0,0.0,0.0,42
2023-05-10 09:55:44,TA401C5600,TA401C5600,229.0,0.0,0.0,0.0,5,212.0,216.0,5,229.0,0.0,0.0,0.0,0.0,0.0,42
2023-05-10 09:58:13,TA401C5600,TA401C5600,229.0,0.0,0.0,0.0,5,212.0,217.0,5,229.0,0.0,0.0,0.0,0.0,0.0,42
2023-05-10 09:58:17,TA401C5600,TA401C5600,229.0,0.0,0.0,0.0,5,213.5,217.0,5,229.0,0.0,0.0,0.0,0.0,0.0,42
2023-05-10 09:58:31,TA401C5600,TA401C5600,229.0,0.0,0.0,0.0,5,213.5,218.5,5,229.0,0.0,0.0,0.0,0.0,0.0,42
2023-05-10 09:58:47,TA401C5600,TA401C5600,229.0,0.0,0.0,0.0,5,214.5,218.5,5,229.0,0.0,0.0,0.0,0.0,0.0,42
2023-05-10 09:58:57,TA401C5600,TA401C5600,229.0,0.0,0.0,0.0,5,214.5,244.0,1,229.0,0.0,0.0,0.0,0.0,0.0,42
2023-05-10 09:58:58,TA401C5600,TA401C5600,229.0,0.0,0.0,0.0,5,214.5,220.0,5,229.0,0.0,0.0,0.0,0.0,0.0,42
2023-05-10 09:59:34,TA401C5600,TA401C5600,229.0,0.0,0.0,0.0,5,215.5,220.0,5,229.0,0.0,0.0,0.0,0.0,0.0,42
2023-05-10 10:00:42,TA401C5600,TA401C5600,229.0,0.0,0.0,0.0,5,217.0,244.0,1,229.0,0.0,0.0,0.0,0.0,0.0,42
2023-05-10 10:00:43,TA401C5600,TA401C5600,229.0,0.0,0.0,0.0,5,217.0,221.5,5,229.0,0.0,0.0,0.0,0.0,0.0,42
2023-05-10 10:00:51,TA401C5600,TA401C5600,229.0,0.0,0.0,0.0,5,217.0,244.0,1,229.0,0.0,0.0,0.0,0.0,0.0,42
2023-05-10 10:00:54,TA401C5600,TA401C5600,229.0,0.0,0.0,0.0,5,218.5,244.0,1,229.0,0.0,0.0,0.0,0.0,0.0,42
2023-05-10 10:00:59,TA401C5600,TA401C5600,229.0,0.0,0.0,0.0,5,218.5,222.5,5,229.0,0.0,0.0,0.0,0.0,0.0,42
2023-05-10 10:01:32,TA401C5600,TA401C5600,229.0,0.0,0.0,0.0,5,217.0,222.5,5,229.0,0.0,0.0,0.0,0.0,0.0,42
2023-05-10 10:01:33,TA401C5600,TA401C5600,229.0,0.0,0.0,0.0,5,217.0,221.5,5,229.0,0.0,0.0,0.0,0.0,0.0,42
2023-05-10 10:01:43,TA401C5600,TA401C5600,229.0,0.0,0.0,0.0,5,217.0,220.5,5,229.0,0.0,0.0,0.0,0.0,0.0,42
2023-05-10 10:04:03,TA401C5600,TA401C5600,229.0,0.0,0.0,0.0,1,165.5,220.5,5,229.0,0.0,0.0,0.0,0.0,0.0,42
2023-05-10 10:04:04,TA401C5600,TA401C5600,229.0,0.0,0.0,0.0,2,172.0,220.5,5,229.0,0.0,0.0,0.0,0.0,0.0,42
2023-05-10 10:04:04,TA401C5600,TA401C5600,229.0,0.0,0.0,0.0,5,215.0,220.5,5,229.0,0.0,0.0,0.0,0.0,0.0,42
2023-05-10 10:06:13,TA401C5600,TA401C5600,229.0,0.0,0.0,0.0,5,216.0,220.5,5,229.0,0.0,0.0,0.0,0.0,0.0,42
2023-05-10 10:07:37,TA401C5600,TA401C5600,229.0,0.0,0.0,0.0,5,216.0,219.5,5,229.0,0.0,0.0,0.0,0.0,0.0,42
2023-05-10 10:09:02,TA401C5600,TA401C5600,229.0,0.0,0.0,0.0,5,216.0,220.5,5,229.0,0.0,0.0,0.0,0.0,0.0,42
2023-05-10 10:09:08,TA401C5600,TA401C5600,229.0,0.0,0.0,0.0,5,217.0,220.5,5,229.0,0.0,0.0,0.0,0.0,0.0,42
2023-05-10 10:09:29,TA401C5600,TA401C5600,229.0,0.0,0.0,0.0,5,217.0,222.0,5,229.0,0.0,0.0,0.0,0.0,0.0,42
2023-05-10 10:09:37,TA401C5600,TA401C5600,229.0,0.0,0.0,0.0,5,218.0,222.0,5,229.0,0.0,0.0,0.0,0.0,0.0,42
2023-05-10 10:09:41,TA401C5600,TA401C5600,229.0,0.0,0.0,0.0,5,218.0,244.0,1,229.0,0.0,0.0,0.0,0.0,0.0,42
2023-05-10 10:09:42,TA401C5600,TA401C5600,229.0,0.0,0.0,0.0,5,218.0,223.5,5,229.0,0.0,0.0,0.0,0.0,0.0,42
2023-05-10 10:09:54,TA401C5600,TA401C5600,229.0,0.0,0.0,0.0,5,218.0,222.5,5,229.0,0.0,0.0,0.0,0.0,0.0,42
2023-05-10 10:10:11,TA401C5600,TA401C5600,229.0,0.0,0.0,0.0,5,219.0,222.5,5,229.0,0.0,0.0,0.0,0.0,0.0,42
2023-05-10 10:10:18,TA401C5600,TA401C5600,229.0,0.0,0.0,0.0,5,219.0,223.5,5,229.0,0.0,0.0,0.0,0.0,0.0,42
2023-05-10 10:10:24,TA401C5600,TA401C5600,229.0,0.0,0.0,0.0,5,220.5,223.5,5,229.0,0.0,0.0,0.0,0.0,0.0,42
2023-05-10 10:11:03,TA401C5600,TA401C5600,229.0,0.0,0.0,0.0,5,219.0,223.5,5,229.0,0.0,0.0,0.0,0.0,0.0,42
2023-05-10 10:11:47,TA401C5600,TA401C5600,229.0,0.0,0.0,0.0,5,219.0,222.5,5,229.0,0.0,0.0,0.0,0.0,0.0,42
2023-05-10 10:11:50,TA401C5600,TA401C5600,229.0,0.0,0.0,0.0,1,202.5,222.5,5,229.0,0.0,0.0,0.0,0.0,0.0,42
2023-05-10 10:11:51,TA401C5600,TA401C5600,229.0,0.0,0.0,0.0,5,217.5,222.5,5,229.0,0.0,0.0,0.0,0.0,0.0,42
2023-05-10 10:14:30,TA401C5600,TA401C5600,229.0,0.0,0.0,0.0,5,217.5,221.5,5,229.0,0.0,0.0,0.0,0.0,0.0,42
2023-05-10 10:30:31,TA401C5600,TA401C5600,229.0,0.0,0.0,0.0,5,215.5,220.5,5,229.0,0.0,0.0,0.0,0.0,0.0,42
2023-05-10 10:31:02,TA401C5600,TA401C5600,229.0,0.0,0.0,0.0,5,215.5,219.5,5,229.0,0.0,0.0,0.0,0.0,0.0,42
2023-05-10 10:34:27,TA401C5600,TA401C5600,229.0,0.0,0.0,0.0,5,215.5,220.5,5,229.0,0.0,0.0,0.0,0.0,0.0,42
2023-05-10 10:34:41,TA401C5600,TA401C5600,229.0,0.0,0.0,0.0,5,216.5,220.5,5,229.0,0.0,0.0,0.0,0.0,0.0,42
2023-05-10 10:35:50,TA401C5600,TA401C5600,229.0,0.0,0.0,0.0,5,215.5,219.5,5,229.0,0.0,0.0,0.0,0.0,0.0,42
2023-05-10 10:36:10,TA401C5600,TA401C5600,229.0,0.0,0.0,0.0,1,202.5,219.5,5,229.0,0.0,0.0,0.0,0.0,0.0,42
2023-05-10 10:36:10,TA401C5600,TA401C5600,229.0,0.0,0.0,0.0,5,214.0,219.5,5,229.0,0.0,0.0,0.0,0.0,0.0,42
2023-05-10 10:36:11,TA401C5600,TA401C5600,229.0,0.0,0.0,0.0,5,214.0,218.5,5,229.0,0.0,0.0,0.0,0.0,0.0,42
2023-05-10 10:38:04,TA401C5600,TA401C5600,229.0,0.0,0.0,0.0,5,214.0,217.5,5,229.0,0.0,0.0,0.0,0.0,0.0,42
2023-05-10 10:38:31,TA401C5600,TA401C5600,229.0,0.0,0.0,0.0,1,202.5,217.5,5,229.0,0.0,0.0,0.0,0.0,0.0,42
2023-05-10 10:38:34,TA401C5600,TA401C5600,229.0,0.0,0.0,0.0,5,212.0,217.5,5,229.0,0.0,0.0,0.0,0.0,0.0,42
2023-05-10 10:38:36,TA401C5600,TA401C5600,229.0,0.0,0.0,0.0,5,212.0,216.5,5,229.0,0.0,0.0,0.0,0.0,0.0,42
2023-05-10 10:38:50,TA401C5600,TA401C5600,229.0,0.0,0.0,0.0,1,202.5,216.5,5,229.0,0.0,0.0,0.0,0.0,0.0,42
2023-05-10 10:38:54,TA401C5600,TA401C5600,229.0,0.0,0.0,0.0,5,211.0,216.5,5,229.0,0.0,0.0,0.0,0.0,0.0,42
2023-05-10 10:39:04,TA401C5600,TA401C5600,229.0,0.0,0.0,0.0,5,211.0,215.5,5,229.0,0.0,0.0,0.0,0.0,0.0,42
2023-05-10 10:39:11,TA401C5600,TA401C5600,229.0,0.0,0.0,0.0,1,202.5,215.5,5,229.0,0.0,0.0,0.0,0.0,0.0,42
2023-05-10 10:39:16,TA401C5600,TA401C5600,229.0,0.0,0.0,0.0,5,209.0,215.5,5,229.0,0.0,0.0,0.0,0.0,0.0,42
2023-05-10 10:39:17,TA401C5600,TA401C5600,229.0,0.0,0.0,0.0,5,209.0,214.5,5,229.0,0.0,0.0,0.0,0.0,0.0,42
2023-05-10 10:39:24,TA401C5600,TA401C5600,229.0,0.0,0.0,0.0,5,209.0,213.5,5,229.0,0.0,0.0,0.0,0.0,0.0,42
2023-05-10 10:40:20,TA401C5600,TA401C5600,229.0,0.0,0.0,0.0,5,210.0,213.5,5,229.0,0.0,0.0,0.0,0.0,0.0,42
2023-05-10 10:40:37,TA401C5600,TA401C5600,229.0,0.0,0.0,0.0,5,210.0,214.5,5,229.0,0.0,0.0,0.0,0.0,0.0,42
2023-05-10 10:42:21,TA401C5600,TA401C5600,229.0,0.0,0.0,0.0,5,211.0,214.5,5,229.0,0.0,0.0,0.0,0.0,0.0,42
2023-05-10 10:43:35,TA401C5600,TA401C5600,229.0,0.0,0.0,0.0,5,211.0,216.0,5,229.0,0.0,0.0,0.0,0.0,0.0,42
2023-05-10 10:44:09,TA401C5600,TA401C5600,229.0,0.0,0.0,0.0,5,212.0,216.0,5,229.0,0.0,0.0,0.0,0.0,0.0,42
2023-05-10 10:45:47,TA401C5600,TA401C5600,229.0,0.0,0.0,0.0,5,212.0,217.5,5,229.0,0.0,0.0,0.0,0.0,0.0,42
2023-05-10 10:45:56,TA401C5600,TA401C5600,229.0,0.0,0.0,0.0,5,212.0,216.5,5,229.0,0.0,0.0,0.0,0.0,0.0,42
2023-05-10 10:46:45,TA401C5600,TA401C5600,229.0,0.0,0.0,0.0,5,213.0,216.5,5,229.0,0.0,0.0,0.0,0.0,0.0,42
2023-05-10 10:47:12,TA401C5600,TA401C5600,229.0,0.0,0.0,0.0,5,212.0,216.5,5,229.0,0.0,0.0,0.0,0.0,0.0,42
2023-05-10 10:47:34,TA401C5600,TA401C5600,229.0,0.0,0.0,0.0,5,212.0,215.5,5,229.0,0.0,0.0,0.0,0.0,0.0,42
2023-05-10 10:48:02,TA401C5600,TA401C5600,229.0,0.0,0.0,0.0,1,202.5,215.5,5,229.0,0.0,0.0,0.0,0.0,0.0,42
2023-05-10 10:48:03,TA401C5600,TA401C5600,229.0,0.0,0.0,0.0,5,210.5,215.5,5,229.0,0.0,0.0,0.0,0.0,0.0,42
2023-05-10 10:48:13,TA401C5600,TA401C5600,229.0,0.0,0.0,0.0,5,210.5,214.5,5,229.0,0.0,0.0,0.0,0.0,0.0,42
2023-05-10 10:51:00,TA401C5600,TA401C5600,229.0,0.0,0.0,0.0,5,210.5,215.5,5,229.0,0.0,0.0,0.0,0.0,0.0,42
2023-05-10 10:51:01,TA401C5600,TA401C5600,229.0,0.0,0.0,0.0,5,211.5,215.5,5,229.0,0.0,0.0,0.0,0.0,0.0,42
2023-05-10 10:58:26,TA401C5600,TA401C5600,229.0,0.0,0.0,0.0,5,210.5,215.5,5,229.0,0.0,0.0,0.0,0.0,0.0,42
2023-05-10 10:58:27,TA401C5600,TA401C5600,229.0,0.0,0.0,0.0,5,210.5,214.5,5,229.0,0.0,0.0,0.0,0.0,0.0,42
2023-05-10 10:59:11,TA401C5600,TA401C5600,229.0,0.0,0.0,0.0,5,210.5,215.5,5,229.0,0.0,0.0,0.0,0.0,0.0,42
2023-05-10 10:59:12,TA401C5600,TA401C5600,229.0,0.0,0.0,0.0,5,211.5,215.5,5,229.0,0.0,0.0,0.0,0.0,0.0,42
2023-05-10 11:00:10,TA401C5600,TA401C5600,229.0,0.0,0.0,0.0,5,211.5,244.0,1,229.0,0.0,0.0,0.0,0.0,0.0,42
2023-05-10 11:00:13,TA401C5600,TA401C5600,229.0,0.0,0.0,0.0,5,213.0,244.0,1,229.0,0.0,0.0,0.0,0.0,0.0,42
2023-05-10 11:00:16,TA401C5600,TA401C5600,229.0,0.0,0.0,0.0,5,213.0,217.0,5,229.0,0.0,0.0,0.0,0.0,0.0,42
2023-05-10 11:05:19,TA401C5600,TA401C5600,229.0,0.0,0.0,0.0,5,213.0,244.0,1,229.0,0.0,0.0,0.0,0.0,0.0,42
2023-05-10 11:05:25,TA401C5600,TA401C5600,229.0,0.0,0.0,0.0,5,213.0,218.5,5,229.0,0.0,0.0,0.0,0.0,0.0,42
2023-05-10 11:08:46,TA401C5600,TA401C5600,229.0,0.0,0.0,0.0,5,213.0,217.5,5,229.0,0.0,0.0,0.0,0.0,0.0,42
2023-05-10 11:12:08,TA401C5600,TA401C5600,229.0,0.0,0.0,0.0,5,213.0,216.5,5,229.0,0.0,0.0,0.0,0.0,0.0,42
2023-05-10 11:15:04,TA401C5600,TA401C5600,229.0,0.0,0.0,0.0,5,211.5,216.5,5,229.0,0.0,0.0,0.0,0.0,0.0,42
2023-05-10 11:15:37,TA401C5600,TA401C5600,229.0,0.0,0.0,0.0,5,211.5,215.5,5,229.0,0.0,0.0,0.0,0.0,0.0,42
2023-05-10 11:15:51,TA401C5600,TA401C5600,229.0,0.0,0.0,0.0,5,210.0,215.5,5,229.0,0.0,0.0,0.0,0.0,0.0,42
2023-05-10 11:15:53,TA401C5600,TA401C5600,229.0,0.0,0.0,0.0,5,210.0,214.5,5,229.0,0.0,0.0,0.0,0.0,0.0,42
2023-05-10 11:16:04,TA401C5600,TA401C5600,229.0,0.0,0.0,0.0,5,210.0,213.5,5,229.0,0.0,0.0,0.0,0.0,0.0,42
2023-05-10 11:16:29,TA401C5600,TA401C5600,229.0,0.0,0.0,0.0,5,208.0,213.5,5,229.0,0.0,0.0,0.0,0.0,0.0,42
2023-05-10 11:16:35,TA401C5600,TA401C5600,229.0,0.0,0.0,0.0,5,208.0,212.5,5,229.0,0.0,0.0,0.0,0.0,0.0,42
2023-05-10 11:16:49,TA401C5600,TA401C5600,229.0,0.0,0.0,0.0,5,209.0,212.5,5,229.0,0.0,0.0,0.0,0.0,0.0,42
2023-05-10 11:17:10,TA401C5600,TA401C5600,229.0,0.0,0.0,0.0,5,209.0,213.5,5,229.0,0.0,0.0,0.0,0.0,0.0,42
2023-05-10 11:17:12,TA401C5600,TA401C5600,229.0,0.0,0.0,0.0,5,210.0,213.5,5,229.0,0.0,0.0,0.0,0.0,0.0,42
2023-05-10 11:17:12,TA401C5600,TA401C5600,229.0,0.0,0.0,0.0,5,210.0,244.0,1,229.0,0.0,0.0,0.0,0.0,0.0,42
2023-05-10 11:17:15,TA401C5600,TA401C5600,229.0,0.0,0.0,0.0,5,210.0,215.0,5,229.0,0.0,0.0,0.0,0.0,0.0,42
2023-05-10 11:20:03,TA401C5600,TA401C5600,229.0,0.0,0.0,0.0,5,211.0,215.0,5,229.0,0.0,0.0,0.0,0.0,0.0,42
2023-05-10 11:22:13,TA401C5600,TA401C5600,229.0,0.0,0.0,0.0,5,211.0,244.0,1,229.0,0.0,0.0,0.0,0.0,0.0,42
2023-05-10 11:22:15,TA401C5600,TA401C5600,229.0,0.0,0.0,0.0,5,211.0,217.0,5,229.0,0.0,0.0,0.0,0.0,0.0,42
2023-05-10 11:22:30,TA401C5600,TA401C5600,229.0,0.0,0.0,0.0,5,211.0,216.0,5,229.0,0.0,0.0,0.0,0.0,0.0,42
2023-05-10 11:25:25,TA401C5600,TA401C5600,229.0,0.0,0.0,0.0,5,211.0,215.0,5,229.0,0.0,0.0,0.0,0.0,0.0,42
2023-05-10 11:25:49,TA401C5600,TA401C5600,229.0,0.0,0.0,0.0,5,210.0,215.0,5,229.0,0.0,0.0,0.0,0.0,0.0,42
2023-05-10 11:25:50,TA401C5600,TA401C5600,229.0,0.0,0.0,0.0,5,210.0,214.0,5,229.0,0.0,0.0,0.0,0.0,0.0,42
2023-05-10 11:27:27,TA401C5600,TA401C5600,229.0,0.0,0.0,0.0,5,210.0,215.0,5,229.0,0.0,0.0,0.0,0.0,0.0,42
2023-05-10 11:27:29,TA401C5600,TA401C5600,229.0,0.0,0.0,0.0,5,211.0,215.0,5,229.0,0.0,0.0,0.0,0.0,0.0,42
2023-05-10 11:29:06,TA401C5600,TA401C5600,229.0,0.0,0.0,0.0,5,211.0,244.0,1,229.0,0.0,0.0,0.0,0.0,0.0,42
2023-05-10 11:29:07,TA401C5600,TA401C5600,229.0,0.0,0.0,0.0,5,211.0,216.5,5,229.0,0.0,0.0,0.0,0.0,0.0,42
2023-05-10 11:29:19,TA401C5600,TA401C5600,229.0,0.0,0.0,0.0,5,212.0,216.5,5,229.0,0.0,0.0,0.0,0.0,0.0,42
2023-05-10 11:29:25,TA401C5600,TA401C5600,229.0,0.0,0.0,0.0,1,165.5,244.0,1,229.0,0.0,0.0,0.0,0.0,0.0,42
2023-05-10 11:29:35,TA401C5600,TA401C5600,229.0,0.0,0.0,0.0,1,147.5,244.0,1,229.0,0.0,0.0,0.0,0.0,0.0,42
2023-05-10 11:29:50,TA401C5600,TA401C5600,229.0,0.0,0.0,0.0,1,109.5,244.0,1,229.0,0.0,0.0,0.0,0.0,0.0,42
2023-05-10 13:30:56,TA401C5600,TA401C5600,229.0,0.0,0.0,0.0,5,212.5,218.0,5,229.0,0.0,0.0,0.0,0.0,0.0,42
2023-05-10 13:31:31,TA401C5600,TA401C5600,229.0,0.0,0.0,0.0,5,212.5,217.0,5,229.0,0.0,0.0,0.0,0.0,0.0,42
2023-05-10 13:35:31,TA401C5600,TA401C5600,229.0,0.0,0.0,0.0,5,210.5,217.0,5,229.0,0.0,0.0,0.0,0.0,0.0,42
2023-05-10 13:38:34,TA401C5600,TA401C5600,229.0,0.0,0.0,0.0,5,212.0,217.0,5,229.0,0.0,0.0,0.0,0.0,0.0,42
2023-05-10 13:39:50,TA401C5600,TA401C5600,229.0,0.0,0.0,0.0,5,212.0,216.0,5,229.0,0.0,0.0,0.0,0.0,0.0,42
2023-05-10 13:40:14,TA401C5600,TA401C5600,229.0,0.0,0.0,0.0,5,210.5,216.0,5,229.0,0.0,0.0,0.0,0.0,0.0,42
2023-05-10 13:40:23,TA401C5600,TA401C5600,229.0,0.0,0.0,0.0,5,210.5,214.5,5,229.0,0.0,0.0,0.0,0.0,0.0,42
2023-05-10 13:40:27,TA401C5600,TA401C5600,229.0,0.0,0.0,0.0,1,109.5,214.5,5,229.0,0.0,0.0,0.0,0.0,0.0,42
2023-05-10 13:40:27,TA401C5600,TA401C5600,229.0,0.0,0.0,0.0,2,116.0,214.5,5,229.0,0.0,0.0,0.0,0.0,0.0,42
2023-05-10 13:40:28,TA401C5600,TA401C5600,229.0,0.0,0.0,0.0,1,161.5,214.5,5,229.0,0.0,0.0,0.0,0.0,0.0,42
2023-05-10 13:40:29,TA401C5600,TA401C5600,229.0,0.0,0.0,0.0,1,193.5,214.5,5,229.0,0.0,0.0,0.0,0.0,0.0,42
2023-05-10 13:40:30,TA401C5600,TA401C5600,229.0,0.0,0.0,0.0,5,208.5,214.5,5,229.0,0.0,0.0,0.0,0.0,0.0,42
2023-05-10 13:41:07,TA401C5600,TA401C5600,229.0,0.0,0.0,0.0,5,208.5,213.0,5,229.0,0.0,0.0,0.0,0.0,0.0,42
2023-05-10 13:47:35,TA401C5600,TA401C5600,229.0,0.0,0.0,0.0,5,206.5,213.0,5,229.0,0.0,0.0,0.0,0.0,0.0,42
2023-05-10 13:49:05,TA401C5600,TA401C5600,229.0,0.0,0.0,0.0,5,206.5,212.0,5,229.0,0.0,0.0,0.0,0.0,0.0,42
2023-05-10 13:49:48,TA401C5600,TA401C5600,229.0,0.0,0.0,0.0,5,206.5,210.5,5,229.0,0.0,0.0,0.0,0.0,0.0,42
2023-05-10 13:50:00,TA401C5600,TA401C5600,229.0,0.0,0.0,0.0,1,193.5,210.5,5,229.0,0.0,0.0,0.0,0.0,0.0,42
2023-05-10 13:50:01,TA401C5600,TA401C5600,229.0,0.0,0.0,0.0,5,204.5,210.5,5,229.0,0.0,0.0,0.0,0.0,0.0,42
2023-05-10 13:51:15,TA401C5600,TA401C5600,229.0,0.0,0.0,0.0,5,204.5,209.0,5,229.0,0.0,0.0,0.0,0.0,0.0,42
2023-05-10 13:52:24,TA401C5600,TA401C5600,229.0,0.0,0.0,0.0,5,204.5,210.5,5,229.0,0.0,0.0,0.0,0.0,0.0,42
2023-05-10 13:54:35,TA401C5600,TA401C5600,229.0,0.0,0.0,0.0,5,206.0,210.5,5,229.0,0.0,0.0,0.0,0.0,0.0,42
2023-05-10 13:55:08,TA401C5600,TA401C5600,229.0,0.0,0.0,0.0,5,206.0,212.5,5,229.0,0.0,0.0,0.0,0.0,0.0,42
2023-05-10 13:56:51,TA401C5600,TA401C5600,229.0,0.0,0.0,0.0,5,207.5,212.5,5,229.0,0.0,0.0,0.0,0.0,0.0,42
2023-05-10 14:02:03,TA401C5600,TA401C5600,229.0,0.0,0.0,0.0,5,207.5,211.5,5,229.0,0.0,0.0,0.0,0.0,0.0,42
2023-05-10 14:02:19,TA401C5600,TA401C5600,229.0,0.0,0.0,0.0,5,206.0,211.5,5,229.0,0.0,0.0,0.0,0.0,0.0,42
2023-05-10 14:10:29,TA401C5600,TA401C5600,229.0,0.0,0.0,0.0,5,207.5,211.5,5,229.0,0.0,0.0,0.0,0.0,0.0,42
2023-05-10 14:11:06,TA401C5600,TA401C5600,229.0,0.0,0.0,0.0,5,207.5,212.5,5,229.0,0.0,0.0,0.0,0.0,0.0,42
2023-05-10 14:17:15,TA401C5600,TA401C5600,229.0,0.0,0.0,0.0,5,209.0,214.5,5,229.0,0.0,0.0,0.0,0.0,0.0,42
2023-05-10 14:19:06,TA401C5600,TA401C5600,229.0,0.0,0.0,0.0,5,209.0,213.5,5,229.0,0.0,0.0,0.0,0.0,0.0,42
2023-05-10 14:19:21,TA401C5600,TA401C5600,229.0,0.0,0.0,0.0,5,207.5,213.5,5,229.0,0.0,0.0,0.0,0.0,0.0,42
2023-05-10 14:19:46,TA401C5600,TA401C5600,229.0,0.0,0.0,0.0,5,207.5,212.0,5,229.0,0.0,0.0,0.0,0.0,0.0,42
2023-05-10 14:27:02,TA401C5600,TA401C5600,229.0,0.0,0.0,0.0,1,193.5,212.0,5,229.0,0.0,0.0,0.0,0.0,0.0,42
2023-05-10 14:27:03,TA401C5600,TA401C5600,229.0,0.0,0.0,0.0,5,205.5,212.0,5,229.0,0.0,0.0,0.0,0.0,0.0,42
2023-05-10 14:27:47,TA401C5600,TA401C5600,229.0,0.0,0.0,0.0,5,205.5,210.5,5,229.0,0.0,0.0,0.0,0.0,0.0,42
2023-05-10 14:29:06,TA401C5600,TA401C5600,229.0,0.0,0.0,0.0,5,205.5,209.5,5,229.0,0.0,0.0,0.0,0.0,0.0,42
2023-05-10 14:29:59,TA401C5600,TA401C5600,229.0,0.0,0.0,0.0,5,203.5,209.5,5,229.0,0.0,0.0,0.0,0.0,0.0,42
2023-05-10 14:30:57,TA401C5600,TA401C5600,229.0,0.0,0.0,0.0,5,203.5,208.0,5,229.0,0.0,0.0,0.0,0.0,0.0,42
2023-05-10 14:31:54,TA401C5600,TA401C5600,229.0,0.0,0.0,0.0,1,193.5,208.0,5,229.0,0.0,0.0,0.0,0.0,0.0,42
2023-05-10 14:31:57,TA401C5600,TA401C5600,229.0,0.0,0.0,0.0,5,201.5,208.0,5,229.0,0.0,0.0,0.0,0.0,0.0,42
2023-05-10 14:32:20,TA401C5600,TA401C5600,229.0,0.0,0.0,0.0,5,201.5,206.5,5,229.0,0.0,0.0,0.0,0.0,0.0,42
2023-05-10 14:33:12,TA401C5600,TA401C5600,229.0,0.0,0.0,0.0,1,193.5,206.5,5,229.0,0.0,0.0,0.0,0.0,0.0,42
2023-05-10 14:33:16,TA401C5600,TA401C5600,229.0,0.0,0.0,0.0,5,199.5,206.5,5,229.0,0.0,0.0,0.0,0.0,0.0,42
2023-05-10 14:33:18,TA401C5600,TA401C5600,229.0,0.0,0.0,0.0,5,199.5,204.0,5,229.0,0.0,0.0,0.0,0.0,0.0,42
2023-05-10 14:34:12,TA401C5600,TA401C5600,229.0,0.0,0.0,0.0,1,193.5,204.0,5,229.0,0.0,0.0,0.0,0.0,0.0,42
2023-05-10 14:34:14,TA401C5600,TA401C5600,229.0,0.0,0.0,0.0,5,198.0,204.0,5,229.0,0.0,0.0,0.0,0.0,0.0,42
2023-05-10 14:34:31,TA401C5600,TA401C5600,229.0,0.0,0.0,0.0,5,198.0,202.5,5,229.0,0.0,0.0,0.0,0.0,0.0,42
2023-05-10 14:35:03,TA401C5600,TA401C5600,229.0,0.0,0.0,0.0,1,193.5,202.5,5,229.0,0.0,0.0,0.0,0.0,0.0,42
2023-05-10 14:35:03,TA401C5600,TA401C5600,229.0,0.0,0.0,0.0,5,196.0,202.5,5,229.0,0.0,0.0,0.0,0.0,0.0,42
2023-05-10 14:35:44,TA401C5600,TA401C5600,229.0,0.0,0.0,0.0,5,196.0,201.5,5,229.0,0.0,0.0,0.0,0.0,0.0,42
2023-05-10 14:37:55,TA401C5600,TA401C5600,229.0,0.0,0.0,0.0,5,196.0,200.0,5,229.0,0.0,0.0,0.0,0.0,0.0,42
2023-05-10 14:38:30,TA401C5600,TA401C5600,229.0,0.0,0.0,0.0,5,194.0,200.0,5,229.0,0.0,0.0,0.0,0.0,0.0,42
2023-05-10 14:38:36,TA401C5600,TA401C5600,229.0,0.0,0.0,0.0,5,194.0,198.5,5,229.0,0.0,0.0,0.0,0.0,0.0,42
2023-05-10 14:40:01,TA401C5600,TA401C5600,229.0,0.0,0.0,0.0,5,192.0,198.5,5,229.0,0.0,0.0,0.0,0.0,0.0,42
2023-05-10 14:40:07,TA401C5600,TA401C5600,229.0,0.0,0.0,0.0,5,192.0,197.5,5,229.0,0.0,0.0,0.0,0.0,0.0,42
2023-05-10 14:40:37,TA401C5600,TA401C5600,229.0,0.0,0.0,0.0,5,192.0,198.5,5,229.0,0.0,0.0,0.0,0.0,0.0,42
2023-05-10 14:40:40,TA401C5600,TA401C5600,229.0,0.0,0.0,0.0,5,195.0,198.5,5,229.0,0.0,0.0,0.0,0.0,0.0,42
2023-05-10 14:40:42,TA401C5600,TA401C5600,229.0,0.0,0.0,0.0,5,195.0,244.0,1,229.0,0.0,0.0,0.0,0.0,0.0,42
2023-05-10 14:40:43,TA401C5600,TA401C5600,229.0,0.0,0.0,0.0,5,195.0,241.0,1,229.0,0.0,0.0,0.0,0.0,0.0,42
2023-05-10 14:40:44,TA401C5600,TA401C5600,229.0,0.0,0.0,0.0,5,195.0,200.5,5,229.0,0.0,0.0,0.0,0.0,0.0,42
2023-05-10 14:41:17,TA401C5600,TA401C5600,229.0,0.0,0.0,0.0,5,196.5,200.5,5,229.0,0.0,0.0,0.0,0.0,0.0,42
2023-05-10 14:41:28,TA401C5600,TA401C5600,229.0,0.0,0.0,0.0,5,196.5,214.0,1,229.0,0.0,0.0,0.0,0.0,0.0,42
2023-05-10 14:41:30,TA401C5600,TA401C5600,229.0,0.0,0.0,0.0,5,196.5,202.5,5,229.0,0.0,0.0,0.0,0.0,0.0,42
2023-05-10 14:42:05,TA401C5600,TA401C5600,229.0,0.0,0.0,0.0,5,198.0,202.5,5,229.0,0.0,0.0,0.0,0.0,0.0,42
2023-05-10 14:42:45,TA401C5600,TA401C5600,229.0,0.0,0.0,0.0,5,198.0,214.0,1,229.0,0.0,0.0,0.0,0.0,0.0,42
2023-05-10 14:42:46,TA401C5600,TA401C5600,229.0,0.0,0.0,0.0,5,198.0,204.5,5,229.0,0.0,0.0,0.0,0.0,0.0,42
2023-05-10 14:43:51,TA401C5600,TA401C5600,229.0,0.0,0.0,0.0,5,199.5,204.5,5,229.0,0.0,0.0,0.0,0.0,0.0,42
2023-05-10 14:45:16,TA401C5600,TA401C5600,229.0,0.0,0.0,0.0,5,201.0,214.0,1,229.0,0.0,0.0,0.0,0.0,0.0,42
2023-05-10 14:45:17,TA401C5600,TA401C5600,229.0,0.0,0.0,0.0,5,201.0,206.5,5,229.0,0.0,0.0,0.0,0.0,0.0,42
2023-05-10 14:46:49,TA401C5600,TA401C5600,229.0,0.0,0.0,0.0,5,202.5,206.5,5,229.0,0.0,0.0,0.0,0.0,0.0,42
2023-05-10 14:46:53,TA401C5600,TA401C5600,229.0,0.0,0.0,0.0,5,202.5,214.0,1,229.0,0.0,0.0,0.0,0.0,0.0,42
2023-05-10 14:46:54,TA401C5600,TA401C5600,229.0,0.0,0.0,0.0,5,202.5,208.0,5,229.0,0.0,0.0,0.0,0.0,0.0,42
2023-05-10 14:47:22,TA401C5600,TA401C5600,229.0,0.0,0.0,0.0,5,202.5,206.5,5,229.0,0.0,0.0,0.0,0.0,0.0,42
2023-05-10 14:47:29,TA401C5600,TA401C5600,229.0,0.0,0.0,0.0,5,201.0,206.5,5,229.0,0.0,0.0,0.0,0.0,0.0,42
2023-05-10 14:47:48,TA401C5600,TA401C5600,229.0,0.0,0.0,0.0,5,201.0,205.5,5,229.0,0.0,0.0,0.0,0.0,0.0,42
2023-05-10 14:49:07,TA401C5600,TA401C5600,229.0,0.0,0.0,0.0,5,201.0,206.5,5,229.0,0.0,0.0,0.0,0.0,0.0,42
2023-05-10 14:49:11,TA401C5600,TA401C5600,229.0,0.0,0.0,0.0,5,202.5,206.5,5,229.0,0.0,0.0,0.0,0.0,0.0,42
2023-05-10 14:55:49,TA401C5600,TA401C5600,229.0,0.0,0.0,0.0,5,201.0,206.5,5,229.0,0.0,0.0,0.0,0.0,0.0,42
2023-05-10 14:57:02,TA401C5600,TA401C5600,229.0,0.0,0.0,0.0,5,201.0,205.0,5,229.0,0.0,0.0,0.0,0.0,0.0,42
2023-05-10 14:58:31,TA401C5600,TA401C5600,229.0,0.0,0.0,0.0,5,201.0,206.5,5,229.0,0.0,0.0,0.0,0.0,0.0,42
2023-05-10 14:58:55,TA401C5600,TA401C5600,229.0,0.0,0.0,0.0,1,94.5,214.0,1,229.0,0.0,0.0,0.0,0.0,0.0,42
2023-05-10 14:58:56,TA401C5600,TA401C5600,229.0,0.0,0.0,0.0,2,101.0,214.0,1,229.0,0.0,0.0,0.0,0.0,0.0,42
2023-05-10 14:58:56,TA401C5600,TA401C5600,229.0,0.0,0.0,0.0,1,146.5,214.0,1,229.0,0.0,0.0,0.0,0.0,0.0,42
2023-05-10 14:58:57,TA401C5600,TA401C5600,229.0,0.0,0.0,0.0,2,153.0,214.0,1,229.0,0.0,0.0,0.0,0.0,0.0,42
2023-05-10 14:58:57,TA401C5600,TA401C5600,229.0,0.0,0.0,0.0,1,186.5,214.0,1,229.0,0.0,0.0,0.0,0.0,0.0,42
2023-05-10 14:59:15,TA401C5600,TA401C5600,229.0,0.0,0.0,0.0,1,100.5,214.0,1,229.0,0.0,0.0,0.0,0.0,0.0,42
