time,symbol_id,symbol_name,last,trade_volume,trade_amount,open_interest_change,bv1,bp1,ap1,av1,yesterday_close,today_open,today_high,today_low,volume,amount,open_interest
2023-05-10 21:00:27,b2312-P-4250,b2312-P-4250,348.0,0.0,0.0,0.0,1,109.5,0.0,0,348.0,0.0,0.0,0.0,0.0,0.0,10
2023-05-10 21:00:40,b2312-P-4250,b2312-P-4250,348.0,0.0,0.0,0.0,1,110.0,0.0,0,348.0,0.0,0.0,0.0,0.0,0.0,10
2023-05-10 21:00:41,b2312-P-4250,b2312-P-4250,348.0,0.0,0.0,0.0,1,110.5,0.0,0,348.0,0.0,0.0,0.0,0.0,0.0,10
2023-05-10 21:01:09,b2312-P-4250,b2312-P-4250,348.0,0.0,0.0,0.0,10,111.0,0.0,0,348.0,0.0,0.0,0.0,0.0,0.0,10
2023-05-10 21:01:12,b2312-P-4250,b2312-P-4250,348.0,0.0,0.0,0.0,1,111.5,0.0,0,348.0,0.0,0.0,0.0,0.0,0.0,10
2023-05-10 21:01:12,b2312-P-4250,b2312-P-4250,348.0,0.0,0.0,0.0,10,112.0,0.0,0,348.0,0.0,0.0,0.0,0.0,0.0,10
2023-05-10 21:01:15,b2312-P-4250,b2312-P-4250,348.0,0.0,0.0,0.0,1,112.5,0.0,0,348.0,0.0,0.0,0.0,0.0,0.0,10
2023-05-10 21:01:15,b2312-P-4250,b2312-P-4250,348.0,0.0,0.0,0.0,10,113.0,0.0,0,348.0,0.0,0.0,0.0,0.0,0.0,10
2023-05-10 21:01:16,b2312-P-4250,b2312-P-4250,348.0,0.0,0.0,0.0,1,113.5,0.0,0,348.0,0.0,0.0,0.0,0.0,0.0,10
2023-05-10 21:01:16,b2312-P-4250,b2312-P-4250,348.0,0.0,0.0,0.0,10,114.0,0.0,0,348.0,0.0,0.0,0.0,0.0,0.0,10
2023-05-10 21:01:20,b2312-P-4250,b2312-P-4250,348.0,0.0,0.0,0.0,1,114.5,0.0,0,348.0,0.0,0.0,0.0,0.0,0.0,10
2023-05-10 21:01:20,b2312-P-4250,b2312-P-4250,348.0,0.0,0.0,0.0,10,115.0,0.0,0,348.0,0.0,0.0,0.0,0.0,0.0,10
2023-05-10 21:01:22,b2312-P-4250,b2312-P-4250,348.0,0.0,0.0,0.0,1,115.5,0.0,0,348.0,0.0,0.0,0.0,0.0,0.0,10
2023-05-10 21:01:22,b2312-P-4250,b2312-P-4250,348.0,0.0,0.0,0.0,10,116.0,0.0,0,348.0,0.0,0.0,0.0,0.0,0.0,10
2023-05-10 21:01:34,b2312-P-4250,b2312-P-4250,348.0,0.0,0.0,0.0,1,116.5,0.0,0,348.0,0.0,0.0,0.0,0.0,0.0,10
2023-05-10 21:01:34,b2312-P-4250,b2312-P-4250,348.0,0.0,0.0,0.0,10,117.0,0.0,0,348.0,0.0,0.0,0.0,0.0,0.0,10
2023-05-10 21:01:35,b2312-P-4250,b2312-P-4250,348.0,0.0,0.0,0.0,1,117.5,0.0,0,348.0,0.0,0.0,0.0,0.0,0.0,10
2023-05-10 21:01:35,b2312-P-4250,b2312-P-4250,348.0,0.0,0.0,0.0,10,118.0,0.0,0,348.0,0.0,0.0,0.0,0.0,0.0,10
2023-05-10 21:01:40,b2312-P-4250,b2312-P-4250,348.0,0.0,0.0,0.0,1,118.5,0.0,0,348.0,0.0,0.0,0.0,0.0,0.0,10
2023-05-10 21:01:40,b2312-P-4250,b2312-P-4250,348.0,0.0,0.0,0.0,10,119.0,0.0,0,348.0,0.0,0.0,0.0,0.0,0.0,10
2023-05-10 21:01:53,b2312-P-4250,b2312-P-4250,348.0,0.0,0.0,0.0,1,119.5,0.0,0,348.0,0.0,0.0,0.0,0.0,0.0,10
2023-05-10 21:01:53,b2312-P-4250,b2312-P-4250,348.0,0.0,0.0,0.0,10,120.0,0.0,0,348.0,0.0,0.0,0.0,0.0,0.0,10
2023-05-10 21:02:56,b2312-P-4250,b2312-P-4250,348.0,0.0,0.0,0.0,1,120.5,0.0,0,348.0,0.0,0.0,0.0,0.0,0.0,10
2023-05-10 21:02:56,b2312-P-4250,b2312-P-4250,348.0,0.0,0.0,0.0,10,121.0,0.0,0,348.0,0.0,0.0,0.0,0.0,0.0,10
2023-05-10 21:02:57,b2312-P-4250,b2312-P-4250,348.0,0.0,0.0,0.0,1,121.5,0.0,0,348.0,0.0,0.0,0.0,0.0,0.0,10
2023-05-10 21:02:57,b2312-P-4250,b2312-P-4250,348.0,0.0,0.0,0.0,10,122.0,0.0,0,348.0,0.0,0.0,0.0,0.0,0.0,10
2023-05-10 21:02:59,b2312-P-4250,b2312-P-4250,348.0,0.0,0.0,0.0,1,122.5,0.0,0,348.0,0.0,0.0,0.0,0.0,0.0,10
2023-05-10 21:02:59,b2312-P-4250,b2312-P-4250,348.0,0.0,0.0,0.0,10,123.0,0.0,0,348.0,0.0,0.0,0.0,0.0,0.0,10
2023-05-10 21:03:00,b2312-P-4250,b2312-P-4250,348.0,0.0,0.0,0.0,1,123.5,0.0,0,348.0,0.0,0.0,0.0,0.0,0.0,10
2023-05-10 21:03:00,b2312-P-4250,b2312-P-4250,348.0,0.0,0.0,0.0,10,124.0,0.0,0,348.0,0.0,0.0,0.0,0.0,0.0,10
2023-05-10 21:03:02,b2312-P-4250,b2312-P-4250,348.0,0.0,0.0,0.0,1,124.5,0.0,0,348.0,0.0,0.0,0.0,0.0,0.0,10
2023-05-10 21:03:02,b2312-P-4250,b2312-P-4250,348.0,0.0,0.0,0.0,10,125.0,0.0,0,348.0,0.0,0.0,0.0,0.0,0.0,10
2023-05-10 21:03:04,b2312-P-4250,b2312-P-4250,348.0,0.0,0.0,0.0,1,125.5,0.0,0,348.0,0.0,0.0,0.0,0.0,0.0,10
2023-05-10 21:03:04,b2312-P-4250,b2312-P-4250,348.0,0.0,0.0,0.0,10,126.0,0.0,0,348.0,0.0,0.0,0.0,0.0,0.0,10
2023-05-10 21:03:05,b2312-P-4250,b2312-P-4250,348.0,0.0,0.0,0.0,1,126.5,0.0,0,348.0,0.0,0.0,0.0,0.0,0.0,10
2023-05-10 21:03:05,b2312-P-4250,b2312-P-4250,348.0,0.0,0.0,0.0,10,127.0,0.0,0,348.0,0.0,0.0,0.0,0.0,0.0,10
2023-05-10 21:03:06,b2312-P-4250,b2312-P-4250,348.0,0.0,0.0,0.0,1,127.5,0.0,0,348.0,0.0,0.0,0.0,0.0,0.0,10
2023-05-10 21:03:06,b2312-P-4250,b2312-P-4250,348.0,0.0,0.0,0.0,10,128.0,0.0,0,348.0,0.0,0.0,0.0,0.0,0.0,10
2023-05-10 21:03:07,b2312-P-4250,b2312-P-4250,348.0,0.0,0.0,0.0,1,128.5,0.0,0,348.0,0.0,0.0,0.0,0.0,0.0,10
2023-05-10 21:03:07,b2312-P-4250,b2312-P-4250,348.0,0.0,0.0,0.0,10,129.0,0.0,0,348.0,0.0,0.0,0.0,0.0,0.0,10
2023-05-10 21:03:09,b2312-P-4250,b2312-P-4250,348.0,0.0,0.0,0.0,1,129.5,0.0,0,348.0,0.0,0.0,0.0,0.0,0.0,10
2023-05-10 21:03:09,b2312-P-4250,b2312-P-4250,348.0,0.0,0.0,0.0,10,130.0,0.0,0,348.0,0.0,0.0,0.0,0.0,0.0,10
2023-05-10 21:03:10,b2312-P-4250,b2312-P-4250,348.0,0.0,0.0,0.0,1,130.5,0.0,0,348.0,0.0,0.0,0.0,0.0,0.0,10
2023-05-10 21:03:10,b2312-P-4250,b2312-P-4250,348.0,0.0,0.0,0.0,10,131.0,0.0,0,348.0,0.0,0.0,0.0,0.0,0.0,10
2023-05-10 21:03:12,b2312-P-4250,b2312-P-4250,348.0,0.0,0.0,0.0,1,131.5,0.0,0,348.0,0.0,0.0,0.0,0.0,0.0,10
2023-05-10 21:03:12,b2312-P-4250,b2312-P-4250,348.0,0.0,0.0,0.0,10,132.0,0.0,0,348.0,0.0,0.0,0.0,0.0,0.0,10
2023-05-10 21:03:13,b2312-P-4250,b2312-P-4250,348.0,0.0,0.0,0.0,1,132.5,0.0,0,348.0,0.0,0.0,0.0,0.0,0.0,10
2023-05-10 21:03:13,b2312-P-4250,b2312-P-4250,348.0,0.0,0.0,0.0,10,133.0,0.0,0,348.0,0.0,0.0,0.0,0.0,0.0,10
2023-05-10 21:03:14,b2312-P-4250,b2312-P-4250,348.0,0.0,0.0,0.0,1,133.5,0.0,0,348.0,0.0,0.0,0.0,0.0,0.0,10
2023-05-10 21:03:14,b2312-P-4250,b2312-P-4250,348.0,0.0,0.0,0.0,10,134.0,0.0,0,348.0,0.0,0.0,0.0,0.0,0.0,10
2023-05-10 21:30:41,b2312-P-4250,b2312-P-4250,348.0,0.0,0.0,0.0,1,134.5,0.0,0,348.0,0.0,0.0,0.0,0.0,0.0,10
2023-05-10 21:30:41,b2312-P-4250,b2312-P-4250,348.0,0.0,0.0,0.0,10,135.0,0.0,0,348.0,0.0,0.0,0.0,0.0,0.0,10
2023-05-10 22:00:41,b2312-P-4250,b2312-P-4250,348.0,0.0,0.0,0.0,1,135.5,0.0,0,348.0,0.0,0.0,0.0,0.0,0.0,10
2023-05-10 22:00:41,b2312-P-4250,b2312-P-4250,348.0,0.0,0.0,0.0,10,136.0,0.0,0,348.0,0.0,0.0,0.0,0.0,0.0,10
2023-05-10 22:45:06,b2312-P-4250,b2312-P-4250,348.0,0.0,0.0,0.0,1,136.5,0.0,0,348.0,0.0,0.0,0.0,0.0,0.0,10
2023-05-10 22:45:06,b2312-P-4250,b2312-P-4250,348.0,0.0,0.0,0.0,10,137.0,0.0,0,348.0,0.0,0.0,0.0,0.0,0.0,10
2023-05-10 22:57:33,b2312-P-4250,b2312-P-4250,348.0,0.0,0.0,0.0,1,136.5,0.0,0,348.0,0.0,0.0,0.0,0.0,0.0,10
2023-05-11 09:00:26,b2312-P-4250,b2312-P-4250,348.0,0.0,0.0,0.0,10,137.0,0.0,0,348.0,0.0,0.0,0.0,0.0,0.0,10
2023-05-11 09:02:06,b2312-P-4250,b2312-P-4250,348.0,0.0,0.0,0.0,1,137.5,0.0,0,348.0,0.0,0.0,0.0,0.0,0.0,10
2023-05-11 09:02:06,b2312-P-4250,b2312-P-4250,348.0,0.0,0.0,0.0,10,138.0,0.0,0,348.0,0.0,0.0,0.0,0.0,0.0,10
2023-05-11 09:46:16,b2312-P-4250,b2312-P-4250,348.0,0.0,0.0,0.0,1,138.5,0.0,0,348.0,0.0,0.0,0.0,0.0,0.0,10
2023-05-11 09:46:16,b2312-P-4250,b2312-P-4250,348.0,0.0,0.0,0.0,10,139.0,0.0,0,348.0,0.0,0.0,0.0,0.0,0.0,10
2023-05-11 10:14:32,b2312-P-4250,b2312-P-4250,348.0,0.0,0.0,0.0,1,138.5,0.0,0,348.0,0.0,0.0,0.0,0.0,0.0,10
2023-05-11 10:30:06,b2312-P-4250,b2312-P-4250,348.0,0.0,0.0,0.0,10,139.0,0.0,0,348.0,0.0,0.0,0.0,0.0,0.0,10
2023-05-11 10:55:36,b2312-P-4250,b2312-P-4250,348.0,0.0,0.0,0.0,1,139.5,0.0,0,348.0,0.0,0.0,0.0,0.0,0.0,10
2023-05-11 10:55:36,b2312-P-4250,b2312-P-4250,348.0,0.0,0.0,0.0,10,140.0,0.0,0,348.0,0.0,0.0,0.0,0.0,0.0,10
2023-05-11 11:29:33,b2312-P-4250,b2312-P-4250,348.0,0.0,0.0,0.0,1,139.5,0.0,0,348.0,0.0,0.0,0.0,0.0,0.0,10
2023-05-11 11:29:54,b2312-P-4250,b2312-P-4250,348.0,0.0,0.0,0.0,1,119.0,0.0,0,348.0,0.0,0.0,0.0,0.0,0.0,10
2023-05-11 13:30:01,b2312-P-4250,b2312-P-4250,348.0,0.0,0.0,0.0,0,0.0,0.0,0,348.0,0.0,0.0,0.0,0.0,0.0,10
2023-05-11 13:30:24,b2312-P-4250,b2312-P-4250,348.0,0.0,0.0,0.0,10,110.0,0.0,0,348.0,0.0,0.0,0.0,0.0,0.0,10
2023-05-11 13:30:25,b2312-P-4250,b2312-P-4250,348.0,0.0,0.0,0.0,1,110.5,0.0,0,348.0,0.0,0.0,0.0,0.0,0.0,10
2023-05-11 13:30:25,b2312-P-4250,b2312-P-4250,348.0,0.0,0.0,0.0,10,111.0,0.0,0,348.0,0.0,0.0,0.0,0.0,0.0,10
2023-05-11 13:30:26,b2312-P-4250,b2312-P-4250,348.0,0.0,0.0,0.0,1,111.5,0.0,0,348.0,0.0,0.0,0.0,0.0,0.0,10
2023-05-11 13:30:26,b2312-P-4250,b2312-P-4250,348.0,0.0,0.0,0.0,10,112.0,0.0,0,348.0,0.0,0.0,0.0,0.0,0.0,10
2023-05-11 13:30:27,b2312-P-4250,b2312-P-4250,348.0,0.0,0.0,0.0,1,112.5,0.0,0,348.0,0.0,0.0,0.0,0.0,0.0,10
2023-05-11 13:30:27,b2312-P-4250,b2312-P-4250,348.0,0.0,0.0,0.0,10,113.0,0.0,0,348.0,0.0,0.0,0.0,0.0,0.0,10
2023-05-11 13:30:28,b2312-P-4250,b2312-P-4250,348.0,0.0,0.0,0.0,1,113.5,0.0,0,348.0,0.0,0.0,0.0,0.0,0.0,10
2023-05-11 13:30:28,b2312-P-4250,b2312-P-4250,348.0,0.0,0.0,0.0,10,114.0,0.0,0,348.0,0.0,0.0,0.0,0.0,0.0,10
2023-05-11 13:30:29,b2312-P-4250,b2312-P-4250,348.0,0.0,0.0,0.0,1,114.5,0.0,0,348.0,0.0,0.0,0.0,0.0,0.0,10
2023-05-11 13:30:29,b2312-P-4250,b2312-P-4250,348.0,0.0,0.0,0.0,10,115.0,0.0,0,348.0,0.0,0.0,0.0,0.0,0.0,10
2023-05-11 13:30:30,b2312-P-4250,b2312-P-4250,348.0,0.0,0.0,0.0,1,115.5,0.0,0,348.0,0.0,0.0,0.0,0.0,0.0,10
2023-05-11 13:30:30,b2312-P-4250,b2312-P-4250,348.0,0.0,0.0,0.0,10,116.0,0.0,0,348.0,0.0,0.0,0.0,0.0,0.0,10
2023-05-11 13:30:31,b2312-P-4250,b2312-P-4250,348.0,0.0,0.0,0.0,1,116.5,0.0,0,348.0,0.0,0.0,0.0,0.0,0.0,10
2023-05-11 13:30:31,b2312-P-4250,b2312-P-4250,348.0,0.0,0.0,0.0,10,117.0,0.0,0,348.0,0.0,0.0,0.0,0.0,0.0,10
2023-05-11 13:30:32,b2312-P-4250,b2312-P-4250,348.0,0.0,0.0,0.0,1,117.5,0.0,0,348.0,0.0,0.0,0.0,0.0,0.0,10
2023-05-11 13:30:32,b2312-P-4250,b2312-P-4250,348.0,0.0,0.0,0.0,10,118.0,0.0,0,348.0,0.0,0.0,0.0,0.0,0.0,10
2023-05-11 13:30:33,b2312-P-4250,b2312-P-4250,348.0,0.0,0.0,0.0,1,118.5,0.0,0,348.0,0.0,0.0,0.0,0.0,0.0,10
2023-05-11 13:30:34,b2312-P-4250,b2312-P-4250,348.0,0.0,0.0,0.0,1,119.0,0.0,0,348.0,0.0,0.0,0.0,0.0,0.0,10
2023-05-11 13:30:34,b2312-P-4250,b2312-P-4250,348.0,0.0,0.0,0.0,10,119.5,0.0,0,348.0,0.0,0.0,0.0,0.0,0.0,10
2023-05-11 13:31:46,b2312-P-4250,b2312-P-4250,348.0,0.0,0.0,0.0,1,120.0,0.0,0,348.0,0.0,0.0,0.0,0.0,0.0,10
2023-05-11 13:31:46,b2312-P-4250,b2312-P-4250,348.0,0.0,0.0,0.0,10,120.5,0.0,0,348.0,0.0,0.0,0.0,0.0,0.0,10
2023-05-11 13:32:09,b2312-P-4250,b2312-P-4250,348.0,0.0,0.0,0.0,1,121.0,0.0,0,348.0,0.0,0.0,0.0,0.0,0.0,10
2023-05-11 13:32:09,b2312-P-4250,b2312-P-4250,348.0,0.0,0.0,0.0,10,121.5,0.0,0,348.0,0.0,0.0,0.0,0.0,0.0,10
2023-05-11 13:32:36,b2312-P-4250,b2312-P-4250,348.0,0.0,0.0,0.0,1,122.0,0.0,0,348.0,0.0,0.0,0.0,0.0,0.0,10
2023-05-11 13:32:36,b2312-P-4250,b2312-P-4250,348.0,0.0,0.0,0.0,10,122.5,0.0,0,348.0,0.0,0.0,0.0,0.0,0.0,10
2023-05-11 13:32:44,b2312-P-4250,b2312-P-4250,348.0,0.0,0.0,0.0,1,123.0,0.0,0,348.0,0.0,0.0,0.0,0.0,0.0,10
2023-05-11 13:32:44,b2312-P-4250,b2312-P-4250,348.0,0.0,0.0,0.0,10,123.5,0.0,0,348.0,0.0,0.0,0.0,0.0,0.0,10
2023-05-11 13:32:48,b2312-P-4250,b2312-P-4250,348.0,0.0,0.0,0.0,1,124.0,0.0,0,348.0,0.0,0.0,0.0,0.0,0.0,10
2023-05-11 13:32:48,b2312-P-4250,b2312-P-4250,348.0,0.0,0.0,0.0,10,124.5,0.0,0,348.0,0.0,0.0,0.0,0.0,0.0,10
2023-05-11 13:32:50,b2312-P-4250,b2312-P-4250,348.0,0.0,0.0,0.0,1,125.0,0.0,0,348.0,0.0,0.0,0.0,0.0,0.0,10
2023-05-11 13:32:50,b2312-P-4250,b2312-P-4250,348.0,0.0,0.0,0.0,10,125.5,0.0,0,348.0,0.0,0.0,0.0,0.0,0.0,10
2023-05-11 13:32:52,b2312-P-4250,b2312-P-4250,348.0,0.0,0.0,0.0,1,126.0,0.0,0,348.0,0.0,0.0,0.0,0.0,0.0,10
2023-05-11 13:32:52,b2312-P-4250,b2312-P-4250,348.0,0.0,0.0,0.0,10,126.5,0.0,0,348.0,0.0,0.0,0.0,0.0,0.0,10
2023-05-11 13:32:54,b2312-P-4250,b2312-P-4250,348.0,0.0,0.0,0.0,1,127.0,0.0,0,348.0,0.0,0.0,0.0,0.0,0.0,10
2023-05-11 13:32:54,b2312-P-4250,b2312-P-4250,348.0,0.0,0.0,0.0,10,127.5,0.0,0,348.0,0.0,0.0,0.0,0.0,0.0,10
2023-05-11 13:32:56,b2312-P-4250,b2312-P-4250,348.0,0.0,0.0,0.0,1,128.0,0.0,0,348.0,0.0,0.0,0.0,0.0,0.0,10
2023-05-11 13:32:56,b2312-P-4250,b2312-P-4250,348.0,0.0,0.0,0.0,10,128.5,0.0,0,348.0,0.0,0.0,0.0,0.0,0.0,10
2023-05-11 13:32:58,b2312-P-4250,b2312-P-4250,348.0,0.0,0.0,0.0,1,129.0,0.0,0,348.0,0.0,0.0,0.0,0.0,0.0,10
2023-05-11 13:32:58,b2312-P-4250,b2312-P-4250,348.0,0.0,0.0,0.0,10,129.5,0.0,0,348.0,0.0,0.0,0.0,0.0,0.0,10
2023-05-11 13:33:01,b2312-P-4250,b2312-P-4250,348.0,0.0,0.0,0.0,1,130.0,0.0,0,348.0,0.0,0.0,0.0,0.0,0.0,10
2023-05-11 13:33:01,b2312-P-4250,b2312-P-4250,348.0,0.0,0.0,0.0,10,130.5,0.0,0,348.0,0.0,0.0,0.0,0.0,0.0,10
2023-05-11 13:33:03,b2312-P-4250,b2312-P-4250,348.0,0.0,0.0,0.0,1,131.0,0.0,0,348.0,0.0,0.0,0.0,0.0,0.0,10
2023-05-11 13:33:03,b2312-P-4250,b2312-P-4250,348.0,0.0,0.0,0.0,10,131.5,0.0,0,348.0,0.0,0.0,0.0,0.0,0.0,10
2023-05-11 13:33:05,b2312-P-4250,b2312-P-4250,348.0,0.0,0.0,0.0,1,132.0,0.0,0,348.0,0.0,0.0,0.0,0.0,0.0,10
2023-05-11 13:33:05,b2312-P-4250,b2312-P-4250,348.0,0.0,0.0,0.0,10,132.5,0.0,0,348.0,0.0,0.0,0.0,0.0,0.0,10
2023-05-11 13:33:07,b2312-P-4250,b2312-P-4250,348.0,0.0,0.0,0.0,1,133.0,0.0,0,348.0,0.0,0.0,0.0,0.0,0.0,10
2023-05-11 13:33:08,b2312-P-4250,b2312-P-4250,348.0,0.0,0.0,0.0,10,133.5,0.0,0,348.0,0.0,0.0,0.0,0.0,0.0,10
2023-05-11 13:33:09,b2312-P-4250,b2312-P-4250,348.0,0.0,0.0,0.0,1,134.0,0.0,0,348.0,0.0,0.0,0.0,0.0,0.0,10
2023-05-11 13:33:09,b2312-P-4250,b2312-P-4250,348.0,0.0,0.0,0.0,10,134.5,0.0,0,348.0,0.0,0.0,0.0,0.0,0.0,10
2023-05-11 13:33:11,b2312-P-4250,b2312-P-4250,348.0,0.0,0.0,0.0,1,135.0,0.0,0,348.0,0.0,0.0,0.0,0.0,0.0,10
2023-05-11 13:33:11,b2312-P-4250,b2312-P-4250,348.0,0.0,0.0,0.0,10,135.5,0.0,0,348.0,0.0,0.0,0.0,0.0,0.0,10
2023-05-11 13:33:18,b2312-P-4250,b2312-P-4250,348.0,0.0,0.0,0.0,1,136.0,0.0,0,348.0,0.0,0.0,0.0,0.0,0.0,10
2023-05-11 13:33:18,b2312-P-4250,b2312-P-4250,348.0,0.0,0.0,0.0,10,136.5,0.0,0,348.0,0.0,0.0,0.0,0.0,0.0,10
2023-05-11 13:33:37,b2312-P-4250,b2312-P-4250,348.0,0.0,0.0,0.0,1,137.0,0.0,0,348.0,0.0,0.0,0.0,0.0,0.0,10
2023-05-11 13:33:37,b2312-P-4250,b2312-P-4250,348.0,0.0,0.0,0.0,10,137.5,0.0,0,348.0,0.0,0.0,0.0,0.0,0.0,10
2023-05-11 13:33:40,b2312-P-4250,b2312-P-4250,348.0,0.0,0.0,0.0,1,138.0,0.0,0,348.0,0.0,0.0,0.0,0.0,0.0,10
2023-05-11 13:33:41,b2312-P-4250,b2312-P-4250,348.0,0.0,0.0,0.0,10,138.5,0.0,0,348.0,0.0,0.0,0.0,0.0,0.0,10
2023-05-11 13:33:49,b2312-P-4250,b2312-P-4250,348.0,0.0,0.0,0.0,1,139.0,0.0,0,348.0,0.0,0.0,0.0,0.0,0.0,10
2023-05-11 13:33:49,b2312-P-4250,b2312-P-4250,348.0,0.0,0.0,0.0,10,139.5,0.0,0,348.0,0.0,0.0,0.0,0.0,0.0,10
2023-05-11 13:33:51,b2312-P-4250,b2312-P-4250,348.0,0.0,0.0,0.0,1,140.0,0.0,0,348.0,0.0,0.0,0.0,0.0,0.0,10
2023-05-11 13:33:51,b2312-P-4250,b2312-P-4250,348.0,0.0,0.0,0.0,10,140.5,0.0,0,348.0,0.0,0.0,0.0,0.0,0.0,10
2023-05-11 13:33:53,b2312-P-4250,b2312-P-4250,348.0,0.0,0.0,0.0,1,141.0,0.0,0,348.0,0.0,0.0,0.0,0.0,0.0,10
2023-05-11 13:33:53,b2312-P-4250,b2312-P-4250,348.0,0.0,0.0,0.0,10,141.5,0.0,0,348.0,0.0,0.0,0.0,0.0,0.0,10
2023-05-11 13:33:55,b2312-P-4250,b2312-P-4250,348.0,0.0,0.0,0.0,1,142.0,0.0,0,348.0,0.0,0.0,0.0,0.0,0.0,10
2023-05-11 13:33:55,b2312-P-4250,b2312-P-4250,348.0,0.0,0.0,0.0,10,142.5,0.0,0,348.0,0.0,0.0,0.0,0.0,0.0,10
2023-05-11 13:34:00,b2312-P-4250,b2312-P-4250,348.0,0.0,0.0,0.0,1,143.0,0.0,0,348.0,0.0,0.0,0.0,0.0,0.0,10
2023-05-11 13:34:00,b2312-P-4250,b2312-P-4250,348.0,0.0,0.0,0.0,10,143.5,0.0,0,348.0,0.0,0.0,0.0,0.0,0.0,10
2023-05-11 13:34:03,b2312-P-4250,b2312-P-4250,348.0,0.0,0.0,0.0,1,144.0,0.0,0,348.0,0.0,0.0,0.0,0.0,0.0,10
2023-05-11 13:34:03,b2312-P-4250,b2312-P-4250,348.0,0.0,0.0,0.0,10,144.5,0.0,0,348.0,0.0,0.0,0.0,0.0,0.0,10
2023-05-11 13:34:06,b2312-P-4250,b2312-P-4250,348.0,0.0,0.0,0.0,1,145.0,0.0,0,348.0,0.0,0.0,0.0,0.0,0.0,10
2023-05-11 13:34:06,b2312-P-4250,b2312-P-4250,348.0,0.0,0.0,0.0,10,145.5,0.0,0,348.0,0.0,0.0,0.0,0.0,0.0,10
2023-05-11 13:34:09,b2312-P-4250,b2312-P-4250,348.0,0.0,0.0,0.0,1,146.0,0.0,0,348.0,0.0,0.0,0.0,0.0,0.0,10
2023-05-11 13:34:09,b2312-P-4250,b2312-P-4250,348.0,0.0,0.0,0.0,10,146.5,0.0,0,348.0,0.0,0.0,0.0,0.0,0.0,10
2023-05-11 13:34:53,b2312-P-4250,b2312-P-4250,348.0,0.0,0.0,0.0,1,147.0,0.0,0,348.0,0.0,0.0,0.0,0.0,0.0,10
2023-05-11 13:34:53,b2312-P-4250,b2312-P-4250,348.0,0.0,0.0,0.0,10,147.5,0.0,0,348.0,0.0,0.0,0.0,0.0,0.0,10
2023-05-11 13:35:07,b2312-P-4250,b2312-P-4250,348.0,0.0,0.0,0.0,1,148.0,0.0,0,348.0,0.0,0.0,0.0,0.0,0.0,10
2023-05-11 13:35:08,b2312-P-4250,b2312-P-4250,348.0,0.0,0.0,0.0,10,148.5,0.0,0,348.0,0.0,0.0,0.0,0.0,0.0,10
2023-05-11 13:35:14,b2312-P-4250,b2312-P-4250,348.0,0.0,0.0,0.0,1,149.0,0.0,0,348.0,0.0,0.0,0.0,0.0,0.0,10
2023-05-11 13:35:14,b2312-P-4250,b2312-P-4250,348.0,0.0,0.0,0.0,10,149.5,0.0,0,348.0,0.0,0.0,0.0,0.0,0.0,10
2023-05-11 13:35:18,b2312-P-4250,b2312-P-4250,348.0,0.0,0.0,0.0,1,150.0,0.0,0,348.0,0.0,0.0,0.0,0.0,0.0,10
2023-05-11 13:35:19,b2312-P-4250,b2312-P-4250,348.0,0.0,0.0,0.0,10,150.5,0.0,0,348.0,0.0,0.0,0.0,0.0,0.0,10
2023-05-11 13:35:27,b2312-P-4250,b2312-P-4250,348.0,0.0,0.0,0.0,1,151.0,0.0,0,348.0,0.0,0.0,0.0,0.0,0.0,10
2023-05-11 13:35:28,b2312-P-4250,b2312-P-4250,348.0,0.0,0.0,0.0,10,151.5,0.0,0,348.0,0.0,0.0,0.0,0.0,0.0,10
2023-05-11 13:38:29,b2312-P-4250,b2312-P-4250,348.0,0.0,0.0,0.0,1,152.0,0.0,0,348.0,0.0,0.0,0.0,0.0,0.0,10
2023-05-11 13:38:30,b2312-P-4250,b2312-P-4250,348.0,0.0,0.0,0.0,10,152.5,0.0,0,348.0,0.0,0.0,0.0,0.0,0.0,10
2023-05-11 13:38:48,b2312-P-4250,b2312-P-4250,348.0,0.0,0.0,0.0,1,153.0,0.0,0,348.0,0.0,0.0,0.0,0.0,0.0,10
2023-05-11 13:38:48,b2312-P-4250,b2312-P-4250,348.0,0.0,0.0,0.0,10,153.5,0.0,0,348.0,0.0,0.0,0.0,0.0,0.0,10
2023-05-11 13:38:50,b2312-P-4250,b2312-P-4250,348.0,0.0,0.0,0.0,1,154.0,0.0,0,348.0,0.0,0.0,0.0,0.0,0.0,10
2023-05-11 13:38:50,b2312-P-4250,b2312-P-4250,348.0,0.0,0.0,0.0,10,154.5,0.0,0,348.0,0.0,0.0,0.0,0.0,0.0,10
2023-05-11 13:41:32,b2312-P-4250,b2312-P-4250,348.0,0.0,0.0,0.0,1,155.0,0.0,0,348.0,0.0,0.0,0.0,0.0,0.0,10
2023-05-11 13:41:32,b2312-P-4250,b2312-P-4250,348.0,0.0,0.0,0.0,10,155.5,0.0,0,348.0,0.0,0.0,0.0,0.0,0.0,10
2023-05-11 13:43:01,b2312-P-4250,b2312-P-4250,348.0,0.0,0.0,0.0,1,156.0,0.0,0,348.0,0.0,0.0,0.0,0.0,0.0,10
2023-05-11 13:43:01,b2312-P-4250,b2312-P-4250,348.0,0.0,0.0,0.0,10,156.5,0.0,0,348.0,0.0,0.0,0.0,0.0,0.0,10
2023-05-11 13:43:19,b2312-P-4250,b2312-P-4250,348.0,0.0,0.0,0.0,1,157.0,0.0,0,348.0,0.0,0.0,0.0,0.0,0.0,10
2023-05-11 13:43:19,b2312-P-4250,b2312-P-4250,348.0,0.0,0.0,0.0,10,157.5,0.0,0,348.0,0.0,0.0,0.0,0.0,0.0,10
2023-05-11 13:43:42,b2312-P-4250,b2312-P-4250,348.0,0.0,0.0,0.0,1,158.0,0.0,0,348.0,0.0,0.0,0.0,0.0,0.0,10
2023-05-11 13:43:42,b2312-P-4250,b2312-P-4250,348.0,0.0,0.0,0.0,10,158.5,0.0,0,348.0,0.0,0.0,0.0,0.0,0.0,10
2023-05-11 13:43:54,b2312-P-4250,b2312-P-4250,348.0,0.0,0.0,0.0,1,159.0,0.0,0,348.0,0.0,0.0,0.0,0.0,0.0,10
2023-05-11 13:43:54,b2312-P-4250,b2312-P-4250,348.0,0.0,0.0,0.0,10,159.5,0.0,0,348.0,0.0,0.0,0.0,0.0,0.0,10
2023-05-11 13:44:09,b2312-P-4250,b2312-P-4250,348.0,0.0,0.0,0.0,1,160.0,0.0,0,348.0,0.0,0.0,0.0,0.0,0.0,10
2023-05-11 13:44:09,b2312-P-4250,b2312-P-4250,348.0,0.0,0.0,0.0,10,160.5,0.0,0,348.0,0.0,0.0,0.0,0.0,0.0,10
2023-05-11 14:06:04,b2312-P-4250,b2312-P-4250,348.0,0.0,0.0,0.0,1,161.0,0.0,0,348.0,0.0,0.0,0.0,0.0,0.0,10
2023-05-11 14:06:04,b2312-P-4250,b2312-P-4250,348.0,0.0,0.0,0.0,10,161.5,0.0,0,348.0,0.0,0.0,0.0,0.0,0.0,10
2023-05-11 14:45:31,b2312-P-4250,b2312-P-4250,348.0,0.0,0.0,0.0,1,162.0,0.0,0,348.0,0.0,0.0,0.0,0.0,0.0,10
2023-05-11 14:45:31,b2312-P-4250,b2312-P-4250,348.0,0.0,0.0,0.0,10,162.5,0.0,0,348.0,0.0,0.0,0.0,0.0,0.0,10
2023-05-11 14:56:36,b2312-P-4250,b2312-P-4250,348.0,0.0,0.0,0.0,1,162.0,0.0,0,348.0,0.0,0.0,0.0,0.0,0.0,10
2023-05-11 14:59:12,b2312-P-4250,b2312-P-4250,348.0,0.0,0.0,0.0,10,162.5,0.0,0,348.0,0.0,0.0,0.0,0.0,0.0,10
2023-05-11 14:59:56,b2312-P-4250,b2312-P-4250,348.0,0.0,0.0,0.0,1,162.0,0.0,0,348.0,0.0,0.0,0.0,0.0,0.0,10
2023-05-11 15:01:10,b2312-P-4250,b2312-P-4250,348.0,0.0,0.0,0.0,1,162.0,0.0,0,348.0,0.0,0.0,0.0,0.0,0.0,10
