time,symbol_id,symbol_name,last,trade_volume,trade_amount,open_interest_change,bv1,bp1,ap1,av1,yesterday_close,today_open,today_high,today_low,volume,amount,open_interest
2023-05-10 21:00:56,b2312-P-4150,b2312-P-4150,279.5,0.0,0.0,0.0,1,41.0,0.0,0,279.5,0.0,0.0,0.0,0.0,0.0,17
2023-05-10 21:00:57,b2312-P-4150,b2312-P-4150,279.5,0.0,0.0,0.0,1,41.5,0.0,0,279.5,0.0,0.0,0.0,0.0,0.0,17
2023-05-10 21:00:58,b2312-P-4150,b2312-P-4150,279.5,0.0,0.0,0.0,1,42.0,0.0,0,279.5,0.0,0.0,0.0,0.0,0.0,17
2023-05-10 21:01:09,b2312-P-4150,b2312-P-4150,279.5,0.0,0.0,0.0,10,42.5,0.0,0,279.5,0.0,0.0,0.0,0.0,0.0,17
2023-05-10 21:01:12,b2312-P-4150,b2312-P-4150,279.5,0.0,0.0,0.0,1,43.0,0.0,0,279.5,0.0,0.0,0.0,0.0,0.0,17
2023-05-10 21:01:12,b2312-P-4150,b2312-P-4150,279.5,0.0,0.0,0.0,10,43.5,0.0,0,279.5,0.0,0.0,0.0,0.0,0.0,17
2023-05-10 21:01:15,b2312-P-4150,b2312-P-4150,279.5,0.0,0.0,0.0,1,44.0,0.0,0,279.5,0.0,0.0,0.0,0.0,0.0,17
2023-05-10 21:01:15,b2312-P-4150,b2312-P-4150,279.5,0.0,0.0,0.0,10,44.5,0.0,0,279.5,0.0,0.0,0.0,0.0,0.0,17
2023-05-10 21:01:16,b2312-P-4150,b2312-P-4150,279.5,0.0,0.0,0.0,1,45.0,0.0,0,279.5,0.0,0.0,0.0,0.0,0.0,17
2023-05-10 21:01:16,b2312-P-4150,b2312-P-4150,279.5,0.0,0.0,0.0,10,45.5,0.0,0,279.5,0.0,0.0,0.0,0.0,0.0,17
2023-05-10 21:01:20,b2312-P-4150,b2312-P-4150,279.5,0.0,0.0,0.0,1,46.0,0.0,0,279.5,0.0,0.0,0.0,0.0,0.0,17
2023-05-10 21:01:20,b2312-P-4150,b2312-P-4150,279.5,0.0,0.0,0.0,10,46.5,0.0,0,279.5,0.0,0.0,0.0,0.0,0.0,17
2023-05-10 21:01:22,b2312-P-4150,b2312-P-4150,279.5,0.0,0.0,0.0,1,47.0,0.0,0,279.5,0.0,0.0,0.0,0.0,0.0,17
2023-05-10 21:01:22,b2312-P-4150,b2312-P-4150,279.5,0.0,0.0,0.0,10,47.5,0.0,0,279.5,0.0,0.0,0.0,0.0,0.0,17
2023-05-10 21:01:26,b2312-P-4150,b2312-P-4150,279.5,0.0,0.0,0.0,1,48.0,0.0,0,279.5,0.0,0.0,0.0,0.0,0.0,17
2023-05-10 21:01:26,b2312-P-4150,b2312-P-4150,279.5,0.0,0.0,0.0,10,48.5,0.0,0,279.5,0.0,0.0,0.0,0.0,0.0,17
2023-05-10 21:01:34,b2312-P-4150,b2312-P-4150,279.5,0.0,0.0,0.0,1,49.0,0.0,0,279.5,0.0,0.0,0.0,0.0,0.0,17
2023-05-10 21:01:34,b2312-P-4150,b2312-P-4150,279.5,0.0,0.0,0.0,10,49.5,0.0,0,279.5,0.0,0.0,0.0,0.0,0.0,17
2023-05-10 21:01:36,b2312-P-4150,b2312-P-4150,279.5,0.0,0.0,0.0,1,50.0,0.0,0,279.5,0.0,0.0,0.0,0.0,0.0,17
2023-05-10 21:01:36,b2312-P-4150,b2312-P-4150,279.5,0.0,0.0,0.0,11,50.5,0.0,0,279.5,0.0,0.0,0.0,0.0,0.0,17
2023-05-10 21:30:58,b2312-P-4150,b2312-P-4150,279.5,0.0,0.0,0.0,1,51.0,0.0,0,279.5,0.0,0.0,0.0,0.0,0.0,17
2023-05-10 21:30:58,b2312-P-4150,b2312-P-4150,279.5,0.0,0.0,0.0,1,59.0,0.0,0,279.5,0.0,0.0,0.0,0.0,0.0,17
2023-05-10 21:30:58,b2312-P-4150,b2312-P-4150,279.5,0.0,0.0,0.0,10,59.5,0.0,0,279.5,0.0,0.0,0.0,0.0,0.0,17
2023-05-10 21:30:59,b2312-P-4150,b2312-P-4150,279.5,0.0,0.0,0.0,1,67.5,0.0,0,279.5,0.0,0.0,0.0,0.0,0.0,17
2023-05-10 21:31:00,b2312-P-4150,b2312-P-4150,279.5,0.0,0.0,0.0,10,68.0,0.0,0,279.5,0.0,0.0,0.0,0.0,0.0,17
2023-05-10 21:31:00,b2312-P-4150,b2312-P-4150,279.5,0.0,0.0,0.0,1,76.0,0.0,0,279.5,0.0,0.0,0.0,0.0,0.0,17
2023-05-10 21:31:00,b2312-P-4150,b2312-P-4150,279.5,0.0,0.0,0.0,10,76.5,0.0,0,279.5,0.0,0.0,0.0,0.0,0.0,17
2023-05-10 21:31:01,b2312-P-4150,b2312-P-4150,279.5,0.0,0.0,0.0,1,84.5,0.0,0,279.5,0.0,0.0,0.0,0.0,0.0,17
2023-05-10 21:31:01,b2312-P-4150,b2312-P-4150,279.5,0.0,0.0,0.0,10,85.0,0.0,0,279.5,0.0,0.0,0.0,0.0,0.0,17
2023-05-10 21:31:02,b2312-P-4150,b2312-P-4150,279.5,0.0,0.0,0.0,1,93.0,0.0,0,279.5,0.0,0.0,0.0,0.0,0.0,17
2023-05-10 21:31:02,b2312-P-4150,b2312-P-4150,279.5,0.0,0.0,0.0,10,93.5,0.0,0,279.5,0.0,0.0,0.0,0.0,0.0,17
2023-05-10 21:31:03,b2312-P-4150,b2312-P-4150,279.5,0.0,0.0,0.0,1,101.5,0.0,0,279.5,0.0,0.0,0.0,0.0,0.0,17
2023-05-10 21:31:03,b2312-P-4150,b2312-P-4150,279.5,0.0,0.0,0.0,10,102.0,0.0,0,279.5,0.0,0.0,0.0,0.0,0.0,17
2023-05-10 21:31:05,b2312-P-4150,b2312-P-4150,279.5,0.0,0.0,0.0,1,102.5,0.0,0,279.5,0.0,0.0,0.0,0.0,0.0,17
2023-05-10 21:31:05,b2312-P-4150,b2312-P-4150,279.5,0.0,0.0,0.0,10,103.0,0.0,0,279.5,0.0,0.0,0.0,0.0,0.0,17
2023-05-10 21:31:06,b2312-P-4150,b2312-P-4150,279.5,0.0,0.0,0.0,1,103.5,0.0,0,279.5,0.0,0.0,0.0,0.0,0.0,17
2023-05-10 21:31:06,b2312-P-4150,b2312-P-4150,279.5,0.0,0.0,0.0,10,104.0,0.0,0,279.5,0.0,0.0,0.0,0.0,0.0,17
2023-05-10 21:31:07,b2312-P-4150,b2312-P-4150,279.5,0.0,0.0,0.0,1,104.5,0.0,0,279.5,0.0,0.0,0.0,0.0,0.0,17
2023-05-10 21:31:07,b2312-P-4150,b2312-P-4150,279.5,0.0,0.0,0.0,10,105.0,0.0,0,279.5,0.0,0.0,0.0,0.0,0.0,17
2023-05-10 21:31:08,b2312-P-4150,b2312-P-4150,279.5,0.0,0.0,0.0,1,105.5,0.0,0,279.5,0.0,0.0,0.0,0.0,0.0,17
2023-05-10 21:31:08,b2312-P-4150,b2312-P-4150,279.5,0.0,0.0,0.0,10,106.0,0.0,0,279.5,0.0,0.0,0.0,0.0,0.0,17
2023-05-10 21:31:09,b2312-P-4150,b2312-P-4150,279.5,0.0,0.0,0.0,1,106.5,0.0,0,279.5,0.0,0.0,0.0,0.0,0.0,17
2023-05-10 21:31:09,b2312-P-4150,b2312-P-4150,279.5,0.0,0.0,0.0,10,107.0,0.0,0,279.5,0.0,0.0,0.0,0.0,0.0,17
2023-05-10 21:31:20,b2312-P-4150,b2312-P-4150,279.5,0.0,0.0,0.0,1,107.5,0.0,0,279.5,0.0,0.0,0.0,0.0,0.0,17
2023-05-10 21:31:20,b2312-P-4150,b2312-P-4150,279.5,0.0,0.0,0.0,10,108.0,0.0,0,279.5,0.0,0.0,0.0,0.0,0.0,17
2023-05-10 22:00:58,b2312-P-4150,b2312-P-4150,279.5,0.0,0.0,0.0,1,108.5,0.0,0,279.5,0.0,0.0,0.0,0.0,0.0,17
2023-05-10 22:00:59,b2312-P-4150,b2312-P-4150,279.5,0.0,0.0,0.0,11,109.0,0.0,0,279.5,0.0,0.0,0.0,0.0,0.0,17
2023-05-10 22:45:06,b2312-P-4150,b2312-P-4150,279.5,0.0,0.0,0.0,1,109.5,0.0,0,279.5,0.0,0.0,0.0,0.0,0.0,17
2023-05-10 22:45:06,b2312-P-4150,b2312-P-4150,279.5,0.0,0.0,0.0,10,110.0,0.0,0,279.5,0.0,0.0,0.0,0.0,0.0,17
2023-05-10 22:45:08,b2312-P-4150,b2312-P-4150,279.5,0.0,0.0,0.0,1,118.0,0.0,0,279.5,0.0,0.0,0.0,0.0,0.0,17
2023-05-10 22:45:08,b2312-P-4150,b2312-P-4150,279.5,0.0,0.0,0.0,10,118.5,0.0,0,279.5,0.0,0.0,0.0,0.0,0.0,17
2023-05-10 22:45:09,b2312-P-4150,b2312-P-4150,279.5,0.0,0.0,0.0,1,126.5,0.0,0,279.5,0.0,0.0,0.0,0.0,0.0,17
2023-05-10 22:45:09,b2312-P-4150,b2312-P-4150,279.5,0.0,0.0,0.0,10,127.0,0.0,0,279.5,0.0,0.0,0.0,0.0,0.0,17
2023-05-10 22:45:10,b2312-P-4150,b2312-P-4150,279.5,0.0,0.0,0.0,1,135.0,0.0,0,279.5,0.0,0.0,0.0,0.0,0.0,17
2023-05-10 22:45:11,b2312-P-4150,b2312-P-4150,279.5,0.0,0.0,0.0,10,135.5,0.0,0,279.5,0.0,0.0,0.0,0.0,0.0,17
2023-05-10 22:45:13,b2312-P-4150,b2312-P-4150,279.5,0.0,0.0,0.0,1,143.5,0.0,0,279.5,0.0,0.0,0.0,0.0,0.0,17
2023-05-10 22:45:13,b2312-P-4150,b2312-P-4150,279.5,0.0,0.0,0.0,10,144.0,0.0,0,279.5,0.0,0.0,0.0,0.0,0.0,17
2023-05-10 22:45:14,b2312-P-4150,b2312-P-4150,279.5,0.0,0.0,0.0,1,152.0,0.0,0,279.5,0.0,0.0,0.0,0.0,0.0,17
2023-05-10 22:45:15,b2312-P-4150,b2312-P-4150,279.5,0.0,0.0,0.0,10,152.5,0.0,0,279.5,0.0,0.0,0.0,0.0,0.0,17
2023-05-10 22:45:15,b2312-P-4150,b2312-P-4150,279.5,0.0,0.0,0.0,1,160.5,0.0,0,279.5,0.0,0.0,0.0,0.0,0.0,17
2023-05-10 22:45:15,b2312-P-4150,b2312-P-4150,279.5,0.0,0.0,0.0,10,161.0,0.0,0,279.5,0.0,0.0,0.0,0.0,0.0,17
2023-05-10 22:45:16,b2312-P-4150,b2312-P-4150,279.5,0.0,0.0,0.0,1,169.0,0.0,0,279.5,0.0,0.0,0.0,0.0,0.0,17
2023-05-10 22:45:17,b2312-P-4150,b2312-P-4150,279.5,0.0,0.0,0.0,10,169.5,0.0,0,279.5,0.0,0.0,0.0,0.0,0.0,17
2023-05-10 22:45:17,b2312-P-4150,b2312-P-4150,279.5,0.0,0.0,0.0,1,177.5,0.0,0,279.5,0.0,0.0,0.0,0.0,0.0,17
2023-05-10 22:45:17,b2312-P-4150,b2312-P-4150,279.5,0.0,0.0,0.0,10,178.0,0.0,0,279.5,0.0,0.0,0.0,0.0,0.0,17
2023-05-10 22:45:18,b2312-P-4150,b2312-P-4150,279.5,0.0,0.0,0.0,1,186.0,0.0,0,279.5,0.0,0.0,0.0,0.0,0.0,17
2023-05-10 22:45:18,b2312-P-4150,b2312-P-4150,279.5,0.0,0.0,0.0,10,186.5,0.0,0,279.5,0.0,0.0,0.0,0.0,0.0,17
2023-05-10 22:45:19,b2312-P-4150,b2312-P-4150,279.5,0.0,0.0,0.0,1,190.5,0.0,0,279.5,0.0,0.0,0.0,0.0,0.0,17
2023-05-10 22:45:19,b2312-P-4150,b2312-P-4150,279.5,0.0,0.0,0.0,10,191.0,0.0,0,279.5,0.0,0.0,0.0,0.0,0.0,17
2023-05-10 22:45:20,b2312-P-4150,b2312-P-4150,279.5,0.0,0.0,0.0,1,191.5,0.0,0,279.5,0.0,0.0,0.0,0.0,0.0,17
2023-05-10 22:45:21,b2312-P-4150,b2312-P-4150,279.5,0.0,0.0,0.0,10,192.0,0.0,0,279.5,0.0,0.0,0.0,0.0,0.0,17
2023-05-10 22:45:21,b2312-P-4150,b2312-P-4150,279.5,0.0,0.0,0.0,1,192.5,0.0,0,279.5,0.0,0.0,0.0,0.0,0.0,17
2023-05-10 22:45:21,b2312-P-4150,b2312-P-4150,279.5,0.0,0.0,0.0,10,193.0,0.0,0,279.5,0.0,0.0,0.0,0.0,0.0,17
2023-05-10 22:45:22,b2312-P-4150,b2312-P-4150,279.5,0.0,0.0,0.0,1,193.5,0.0,0,279.5,0.0,0.0,0.0,0.0,0.0,17
2023-05-10 22:45:22,b2312-P-4150,b2312-P-4150,279.5,0.0,0.0,0.0,10,194.0,0.0,0,279.5,0.0,0.0,0.0,0.0,0.0,17
2023-05-10 22:45:23,b2312-P-4150,b2312-P-4150,279.5,0.0,0.0,0.0,1,194.5,0.0,0,279.5,0.0,0.0,0.0,0.0,0.0,17
2023-05-10 22:45:23,b2312-P-4150,b2312-P-4150,279.5,0.0,0.0,0.0,10,195.0,0.0,0,279.5,0.0,0.0,0.0,0.0,0.0,17
2023-05-10 22:57:33,b2312-P-4150,b2312-P-4150,279.5,0.0,0.0,0.0,1,109.5,0.0,0,279.5,0.0,0.0,0.0,0.0,0.0,17
2023-05-11 09:00:26,b2312-P-4150,b2312-P-4150,279.5,0.0,0.0,0.0,10,110.0,0.0,0,279.5,0.0,0.0,0.0,0.0,0.0,17
2023-05-11 09:01:32,b2312-P-4150,b2312-P-4150,279.5,0.0,0.0,0.0,1,110.5,0.0,0,279.5,0.0,0.0,0.0,0.0,0.0,17
2023-05-11 09:01:32,b2312-P-4150,b2312-P-4150,279.5,0.0,0.0,0.0,10,111.0,0.0,0,279.5,0.0,0.0,0.0,0.0,0.0,17
2023-05-11 09:01:42,b2312-P-4150,b2312-P-4150,279.5,0.0,0.0,0.0,1,111.5,0.0,0,279.5,0.0,0.0,0.0,0.0,0.0,17
2023-05-11 09:01:42,b2312-P-4150,b2312-P-4150,279.5,0.0,0.0,0.0,10,112.0,0.0,0,279.5,0.0,0.0,0.0,0.0,0.0,17
2023-05-11 09:01:57,b2312-P-4150,b2312-P-4150,279.5,0.0,0.0,0.0,1,112.5,0.0,0,279.5,0.0,0.0,0.0,0.0,0.0,17
2023-05-11 09:01:57,b2312-P-4150,b2312-P-4150,279.5,0.0,0.0,0.0,10,113.0,0.0,0,279.5,0.0,0.0,0.0,0.0,0.0,17
2023-05-11 09:01:58,b2312-P-4150,b2312-P-4150,279.5,0.0,0.0,0.0,1,113.5,0.0,0,279.5,0.0,0.0,0.0,0.0,0.0,17
2023-05-11 09:01:58,b2312-P-4150,b2312-P-4150,279.5,0.0,0.0,0.0,10,114.0,0.0,0,279.5,0.0,0.0,0.0,0.0,0.0,17
2023-05-11 09:01:59,b2312-P-4150,b2312-P-4150,279.5,0.0,0.0,0.0,1,114.5,0.0,0,279.5,0.0,0.0,0.0,0.0,0.0,17
2023-05-11 09:01:59,b2312-P-4150,b2312-P-4150,279.5,0.0,0.0,0.0,10,115.0,0.0,0,279.5,0.0,0.0,0.0,0.0,0.0,17
2023-05-11 09:02:00,b2312-P-4150,b2312-P-4150,279.5,0.0,0.0,0.0,1,115.5,0.0,0,279.5,0.0,0.0,0.0,0.0,0.0,17
2023-05-11 09:02:00,b2312-P-4150,b2312-P-4150,279.5,0.0,0.0,0.0,10,116.0,0.0,0,279.5,0.0,0.0,0.0,0.0,0.0,17
2023-05-11 09:02:01,b2312-P-4150,b2312-P-4150,279.5,0.0,0.0,0.0,1,116.5,0.0,0,279.5,0.0,0.0,0.0,0.0,0.0,17
2023-05-11 09:02:01,b2312-P-4150,b2312-P-4150,279.5,0.0,0.0,0.0,10,117.0,0.0,0,279.5,0.0,0.0,0.0,0.0,0.0,17
2023-05-11 09:02:02,b2312-P-4150,b2312-P-4150,279.5,0.0,0.0,0.0,1,117.5,0.0,0,279.5,0.0,0.0,0.0,0.0,0.0,17
2023-05-11 09:02:02,b2312-P-4150,b2312-P-4150,279.5,0.0,0.0,0.0,10,118.0,0.0,0,279.5,0.0,0.0,0.0,0.0,0.0,17
2023-05-11 09:02:03,b2312-P-4150,b2312-P-4150,279.5,0.0,0.0,0.0,1,118.5,0.0,0,279.5,0.0,0.0,0.0,0.0,0.0,17
2023-05-11 09:02:03,b2312-P-4150,b2312-P-4150,279.5,0.0,0.0,0.0,10,119.0,0.0,0,279.5,0.0,0.0,0.0,0.0,0.0,17
2023-05-11 09:02:04,b2312-P-4150,b2312-P-4150,279.5,0.0,0.0,0.0,1,119.5,0.0,0,279.5,0.0,0.0,0.0,0.0,0.0,17
2023-05-11 09:02:04,b2312-P-4150,b2312-P-4150,279.5,0.0,0.0,0.0,10,120.0,0.0,0,279.5,0.0,0.0,0.0,0.0,0.0,17
2023-05-11 09:02:05,b2312-P-4150,b2312-P-4150,279.5,0.0,0.0,0.0,1,120.5,0.0,0,279.5,0.0,0.0,0.0,0.0,0.0,17
2023-05-11 09:02:06,b2312-P-4150,b2312-P-4150,279.5,0.0,0.0,0.0,10,121.0,0.0,0,279.5,0.0,0.0,0.0,0.0,0.0,17
2023-05-11 09:02:10,b2312-P-4150,b2312-P-4150,279.5,0.0,0.0,0.0,1,121.5,0.0,0,279.5,0.0,0.0,0.0,0.0,0.0,17
2023-05-11 09:02:10,b2312-P-4150,b2312-P-4150,279.5,0.0,0.0,0.0,10,122.0,0.0,0,279.5,0.0,0.0,0.0,0.0,0.0,17
2023-05-11 09:02:11,b2312-P-4150,b2312-P-4150,279.5,0.0,0.0,0.0,1,122.5,0.0,0,279.5,0.0,0.0,0.0,0.0,0.0,17
2023-05-11 09:02:11,b2312-P-4150,b2312-P-4150,279.5,0.0,0.0,0.0,10,123.0,0.0,0,279.5,0.0,0.0,0.0,0.0,0.0,17
2023-05-11 09:02:12,b2312-P-4150,b2312-P-4150,279.5,0.0,0.0,0.0,1,123.5,0.0,0,279.5,0.0,0.0,0.0,0.0,0.0,17
2023-05-11 09:02:12,b2312-P-4150,b2312-P-4150,279.5,0.0,0.0,0.0,10,124.0,0.0,0,279.5,0.0,0.0,0.0,0.0,0.0,17
2023-05-11 09:02:14,b2312-P-4150,b2312-P-4150,279.5,0.0,0.0,0.0,1,124.5,0.0,0,279.5,0.0,0.0,0.0,0.0,0.0,17
2023-05-11 09:02:14,b2312-P-4150,b2312-P-4150,279.5,0.0,0.0,0.0,10,125.0,0.0,0,279.5,0.0,0.0,0.0,0.0,0.0,17
2023-05-11 09:02:15,b2312-P-4150,b2312-P-4150,279.5,0.0,0.0,0.0,1,125.5,0.0,0,279.5,0.0,0.0,0.0,0.0,0.0,17
2023-05-11 09:02:15,b2312-P-4150,b2312-P-4150,279.5,0.0,0.0,0.0,10,126.0,0.0,0,279.5,0.0,0.0,0.0,0.0,0.0,17
2023-05-11 09:02:16,b2312-P-4150,b2312-P-4150,279.5,0.0,0.0,0.0,1,126.5,0.0,0,279.5,0.0,0.0,0.0,0.0,0.0,17
2023-05-11 09:02:16,b2312-P-4150,b2312-P-4150,279.5,0.0,0.0,0.0,10,127.0,0.0,0,279.5,0.0,0.0,0.0,0.0,0.0,17
2023-05-11 09:02:17,b2312-P-4150,b2312-P-4150,279.5,0.0,0.0,0.0,1,127.5,0.0,0,279.5,0.0,0.0,0.0,0.0,0.0,17
2023-05-11 09:02:17,b2312-P-4150,b2312-P-4150,279.5,0.0,0.0,0.0,10,128.0,0.0,0,279.5,0.0,0.0,0.0,0.0,0.0,17
2023-05-11 09:45:13,b2312-P-4150,b2312-P-4150,279.5,0.0,0.0,0.0,1,128.5,0.0,0,279.5,0.0,0.0,0.0,0.0,0.0,17
2023-05-11 09:45:13,b2312-P-4150,b2312-P-4150,279.5,0.0,0.0,0.0,10,129.0,0.0,0,279.5,0.0,0.0,0.0,0.0,0.0,17
2023-05-11 10:14:32,b2312-P-4150,b2312-P-4150,279.5,0.0,0.0,0.0,1,128.5,0.0,0,279.5,0.0,0.0,0.0,0.0,0.0,17
2023-05-11 10:30:06,b2312-P-4150,b2312-P-4150,279.5,0.0,0.0,0.0,10,129.0,0.0,0,279.5,0.0,0.0,0.0,0.0,0.0,17
2023-05-11 10:55:36,b2312-P-4150,b2312-P-4150,279.5,0.0,0.0,0.0,1,129.5,0.0,0,279.5,0.0,0.0,0.0,0.0,0.0,17
2023-05-11 10:55:36,b2312-P-4150,b2312-P-4150,279.5,0.0,0.0,0.0,10,130.0,0.0,0,279.5,0.0,0.0,0.0,0.0,0.0,17
2023-05-11 11:29:33,b2312-P-4150,b2312-P-4150,279.5,0.0,0.0,0.0,1,129.5,0.0,0,279.5,0.0,0.0,0.0,0.0,0.0,17
2023-05-11 11:29:54,b2312-P-4150,b2312-P-4150,279.5,0.0,0.0,0.0,1,50.5,0.0,0,279.5,0.0,0.0,0.0,0.0,0.0,17
2023-05-11 13:30:01,b2312-P-4150,b2312-P-4150,279.5,0.0,0.0,0.0,1,46.0,0.0,0,279.5,0.0,0.0,0.0,0.0,0.0,17
2023-05-11 13:30:02,b2312-P-4150,b2312-P-4150,279.5,0.0,0.0,0.0,10,46.5,0.0,0,279.5,0.0,0.0,0.0,0.0,0.0,17
2023-05-11 13:30:24,b2312-P-4150,b2312-P-4150,279.5,0.0,0.0,0.0,1,47.0,0.0,0,279.5,0.0,0.0,0.0,0.0,0.0,17
2023-05-11 13:30:24,b2312-P-4150,b2312-P-4150,279.5,0.0,0.0,0.0,10,47.5,0.0,0,279.5,0.0,0.0,0.0,0.0,0.0,17
2023-05-11 13:30:25,b2312-P-4150,b2312-P-4150,279.5,0.0,0.0,0.0,1,48.0,0.0,0,279.5,0.0,0.0,0.0,0.0,0.0,17
2023-05-11 13:30:25,b2312-P-4150,b2312-P-4150,279.5,0.0,0.0,0.0,10,48.5,0.0,0,279.5,0.0,0.0,0.0,0.0,0.0,17
2023-05-11 13:30:26,b2312-P-4150,b2312-P-4150,279.5,0.0,0.0,0.0,1,49.0,0.0,0,279.5,0.0,0.0,0.0,0.0,0.0,17
2023-05-11 13:30:26,b2312-P-4150,b2312-P-4150,279.5,0.0,0.0,0.0,10,49.5,0.0,0,279.5,0.0,0.0,0.0,0.0,0.0,17
2023-05-11 13:30:27,b2312-P-4150,b2312-P-4150,279.5,0.0,0.0,0.0,1,50.0,0.0,0,279.5,0.0,0.0,0.0,0.0,0.0,17
2023-05-11 13:30:27,b2312-P-4150,b2312-P-4150,279.5,0.0,0.0,0.0,10,50.5,0.0,0,279.5,0.0,0.0,0.0,0.0,0.0,17
2023-05-11 13:30:42,b2312-P-4150,b2312-P-4150,279.5,0.0,0.0,0.0,1,51.0,0.0,0,279.5,0.0,0.0,0.0,0.0,0.0,17
2023-05-11 13:30:42,b2312-P-4150,b2312-P-4150,279.5,0.0,0.0,0.0,10,51.5,0.0,0,279.5,0.0,0.0,0.0,0.0,0.0,17
2023-05-11 13:31:47,b2312-P-4150,b2312-P-4150,279.5,0.0,0.0,0.0,1,52.0,0.0,0,279.5,0.0,0.0,0.0,0.0,0.0,17
2023-05-11 13:31:47,b2312-P-4150,b2312-P-4150,279.5,0.0,0.0,0.0,10,52.5,0.0,0,279.5,0.0,0.0,0.0,0.0,0.0,17
2023-05-11 13:32:22,b2312-P-4150,b2312-P-4150,279.5,0.0,0.0,0.0,1,53.0,0.0,0,279.5,0.0,0.0,0.0,0.0,0.0,17
2023-05-11 13:32:22,b2312-P-4150,b2312-P-4150,279.5,0.0,0.0,0.0,10,53.5,0.0,0,279.5,0.0,0.0,0.0,0.0,0.0,17
2023-05-11 13:32:40,b2312-P-4150,b2312-P-4150,279.5,0.0,0.0,0.0,1,54.0,0.0,0,279.5,0.0,0.0,0.0,0.0,0.0,17
2023-05-11 13:32:40,b2312-P-4150,b2312-P-4150,279.5,0.0,0.0,0.0,10,54.5,0.0,0,279.5,0.0,0.0,0.0,0.0,0.0,17
2023-05-11 13:32:47,b2312-P-4150,b2312-P-4150,279.5,0.0,0.0,0.0,1,55.0,0.0,0,279.5,0.0,0.0,0.0,0.0,0.0,17
2023-05-11 13:32:47,b2312-P-4150,b2312-P-4150,279.5,0.0,0.0,0.0,10,55.5,0.0,0,279.5,0.0,0.0,0.0,0.0,0.0,17
2023-05-11 13:32:49,b2312-P-4150,b2312-P-4150,279.5,0.0,0.0,0.0,1,56.0,0.0,0,279.5,0.0,0.0,0.0,0.0,0.0,17
2023-05-11 13:32:49,b2312-P-4150,b2312-P-4150,279.5,0.0,0.0,0.0,10,56.5,0.0,0,279.5,0.0,0.0,0.0,0.0,0.0,17
2023-05-11 13:32:51,b2312-P-4150,b2312-P-4150,279.5,0.0,0.0,0.0,1,57.0,0.0,0,279.5,0.0,0.0,0.0,0.0,0.0,17
2023-05-11 13:32:51,b2312-P-4150,b2312-P-4150,279.5,0.0,0.0,0.0,10,57.5,0.0,0,279.5,0.0,0.0,0.0,0.0,0.0,17
2023-05-11 13:32:53,b2312-P-4150,b2312-P-4150,279.5,0.0,0.0,0.0,1,58.0,0.0,0,279.5,0.0,0.0,0.0,0.0,0.0,17
2023-05-11 13:32:53,b2312-P-4150,b2312-P-4150,279.5,0.0,0.0,0.0,10,58.5,0.0,0,279.5,0.0,0.0,0.0,0.0,0.0,17
2023-05-11 13:32:55,b2312-P-4150,b2312-P-4150,279.5,0.0,0.0,0.0,1,59.0,0.0,0,279.5,0.0,0.0,0.0,0.0,0.0,17
2023-05-11 13:32:55,b2312-P-4150,b2312-P-4150,279.5,0.0,0.0,0.0,10,59.5,0.0,0,279.5,0.0,0.0,0.0,0.0,0.0,17
2023-05-11 13:32:57,b2312-P-4150,b2312-P-4150,279.5,0.0,0.0,0.0,1,60.0,0.0,0,279.5,0.0,0.0,0.0,0.0,0.0,17
2023-05-11 13:32:57,b2312-P-4150,b2312-P-4150,279.5,0.0,0.0,0.0,10,60.5,0.0,0,279.5,0.0,0.0,0.0,0.0,0.0,17
2023-05-11 13:32:59,b2312-P-4150,b2312-P-4150,279.5,0.0,0.0,0.0,1,61.0,0.0,0,279.5,0.0,0.0,0.0,0.0,0.0,17
2023-05-11 13:32:59,b2312-P-4150,b2312-P-4150,279.5,0.0,0.0,0.0,10,61.5,0.0,0,279.5,0.0,0.0,0.0,0.0,0.0,17
2023-05-11 13:33:02,b2312-P-4150,b2312-P-4150,279.5,0.0,0.0,0.0,1,62.0,0.0,0,279.5,0.0,0.0,0.0,0.0,0.0,17
2023-05-11 13:33:02,b2312-P-4150,b2312-P-4150,279.5,0.0,0.0,0.0,10,62.5,0.0,0,279.5,0.0,0.0,0.0,0.0,0.0,17
2023-05-11 13:33:03,b2312-P-4150,b2312-P-4150,279.5,0.0,0.0,0.0,1,63.0,0.0,0,279.5,0.0,0.0,0.0,0.0,0.0,17
2023-05-11 13:33:04,b2312-P-4150,b2312-P-4150,279.5,0.0,0.0,0.0,10,63.5,0.0,0,279.5,0.0,0.0,0.0,0.0,0.0,17
2023-05-11 13:33:06,b2312-P-4150,b2312-P-4150,279.5,0.0,0.0,0.0,1,64.0,0.0,0,279.5,0.0,0.0,0.0,0.0,0.0,17
2023-05-11 13:33:06,b2312-P-4150,b2312-P-4150,279.5,0.0,0.0,0.0,10,64.5,0.0,0,279.5,0.0,0.0,0.0,0.0,0.0,17
2023-05-11 13:33:08,b2312-P-4150,b2312-P-4150,279.5,0.0,0.0,0.0,1,65.0,0.0,0,279.5,0.0,0.0,0.0,0.0,0.0,17
2023-05-11 13:33:08,b2312-P-4150,b2312-P-4150,279.5,0.0,0.0,0.0,10,65.5,0.0,0,279.5,0.0,0.0,0.0,0.0,0.0,17
2023-05-11 13:33:10,b2312-P-4150,b2312-P-4150,279.5,0.0,0.0,0.0,1,66.0,0.0,0,279.5,0.0,0.0,0.0,0.0,0.0,17
2023-05-11 13:33:10,b2312-P-4150,b2312-P-4150,279.5,0.0,0.0,0.0,10,66.5,0.0,0,279.5,0.0,0.0,0.0,0.0,0.0,17
2023-05-11 13:33:13,b2312-P-4150,b2312-P-4150,279.5,0.0,0.0,0.0,1,67.0,0.0,0,279.5,0.0,0.0,0.0,0.0,0.0,17
2023-05-11 13:33:13,b2312-P-4150,b2312-P-4150,279.5,0.0,0.0,0.0,10,67.5,0.0,0,279.5,0.0,0.0,0.0,0.0,0.0,17
2023-05-11 13:33:37,b2312-P-4150,b2312-P-4150,279.5,0.0,0.0,0.0,1,68.0,0.0,0,279.5,0.0,0.0,0.0,0.0,0.0,17
2023-05-11 13:33:37,b2312-P-4150,b2312-P-4150,279.5,0.0,0.0,0.0,10,68.5,0.0,0,279.5,0.0,0.0,0.0,0.0,0.0,17
2023-05-11 13:33:39,b2312-P-4150,b2312-P-4150,279.5,0.0,0.0,0.0,1,69.0,0.0,0,279.5,0.0,0.0,0.0,0.0,0.0,17
2023-05-11 13:33:41,b2312-P-4150,b2312-P-4150,279.5,0.0,0.0,0.0,10,69.5,0.0,0,279.5,0.0,0.0,0.0,0.0,0.0,17
2023-05-11 13:33:48,b2312-P-4150,b2312-P-4150,279.5,0.0,0.0,0.0,1,70.0,0.0,0,279.5,0.0,0.0,0.0,0.0,0.0,17
2023-05-11 13:33:48,b2312-P-4150,b2312-P-4150,279.5,0.0,0.0,0.0,10,70.5,0.0,0,279.5,0.0,0.0,0.0,0.0,0.0,17
2023-05-11 13:33:51,b2312-P-4150,b2312-P-4150,279.5,0.0,0.0,0.0,1,71.0,0.0,0,279.5,0.0,0.0,0.0,0.0,0.0,17
2023-05-11 13:33:51,b2312-P-4150,b2312-P-4150,279.5,0.0,0.0,0.0,10,71.5,0.0,0,279.5,0.0,0.0,0.0,0.0,0.0,17
2023-05-11 13:33:52,b2312-P-4150,b2312-P-4150,279.5,0.0,0.0,0.0,1,72.0,0.0,0,279.5,0.0,0.0,0.0,0.0,0.0,17
2023-05-11 13:33:53,b2312-P-4150,b2312-P-4150,279.5,0.0,0.0,0.0,10,72.5,0.0,0,279.5,0.0,0.0,0.0,0.0,0.0,17
2023-05-11 13:33:54,b2312-P-4150,b2312-P-4150,279.5,0.0,0.0,0.0,1,73.0,0.0,0,279.5,0.0,0.0,0.0,0.0,0.0,17
2023-05-11 13:33:54,b2312-P-4150,b2312-P-4150,279.5,0.0,0.0,0.0,10,73.5,0.0,0,279.5,0.0,0.0,0.0,0.0,0.0,17
2023-05-11 13:33:57,b2312-P-4150,b2312-P-4150,279.5,0.0,0.0,0.0,1,74.0,0.0,0,279.5,0.0,0.0,0.0,0.0,0.0,17
2023-05-11 13:33:57,b2312-P-4150,b2312-P-4150,279.5,0.0,0.0,0.0,10,74.5,0.0,0,279.5,0.0,0.0,0.0,0.0,0.0,17
2023-05-11 13:34:03,b2312-P-4150,b2312-P-4150,279.5,0.0,0.0,0.0,1,75.0,0.0,0,279.5,0.0,0.0,0.0,0.0,0.0,17
2023-05-11 13:34:03,b2312-P-4150,b2312-P-4150,279.5,0.0,0.0,0.0,10,75.5,0.0,0,279.5,0.0,0.0,0.0,0.0,0.0,17
2023-05-11 13:34:05,b2312-P-4150,b2312-P-4150,279.5,0.0,0.0,0.0,1,76.0,0.0,0,279.5,0.0,0.0,0.0,0.0,0.0,17
2023-05-11 13:34:05,b2312-P-4150,b2312-P-4150,279.5,0.0,0.0,0.0,10,76.5,0.0,0,279.5,0.0,0.0,0.0,0.0,0.0,17
2023-05-11 13:34:09,b2312-P-4150,b2312-P-4150,279.5,0.0,0.0,0.0,1,77.0,0.0,0,279.5,0.0,0.0,0.0,0.0,0.0,17
2023-05-11 13:34:09,b2312-P-4150,b2312-P-4150,279.5,0.0,0.0,0.0,10,77.5,0.0,0,279.5,0.0,0.0,0.0,0.0,0.0,17
2023-05-11 13:34:51,b2312-P-4150,b2312-P-4150,279.5,0.0,0.0,0.0,1,78.0,0.0,0,279.5,0.0,0.0,0.0,0.0,0.0,17
2023-05-11 13:34:51,b2312-P-4150,b2312-P-4150,279.5,0.0,0.0,0.0,10,78.5,0.0,0,279.5,0.0,0.0,0.0,0.0,0.0,17
2023-05-11 13:35:03,b2312-P-4150,b2312-P-4150,279.5,0.0,0.0,0.0,1,79.0,0.0,0,279.5,0.0,0.0,0.0,0.0,0.0,17
2023-05-11 13:35:03,b2312-P-4150,b2312-P-4150,279.5,0.0,0.0,0.0,10,79.5,0.0,0,279.5,0.0,0.0,0.0,0.0,0.0,17
2023-05-11 13:35:13,b2312-P-4150,b2312-P-4150,279.5,0.0,0.0,0.0,1,80.0,0.0,0,279.5,0.0,0.0,0.0,0.0,0.0,17
2023-05-11 13:35:14,b2312-P-4150,b2312-P-4150,279.5,0.0,0.0,0.0,10,80.5,0.0,0,279.5,0.0,0.0,0.0,0.0,0.0,17
2023-05-11 13:35:18,b2312-P-4150,b2312-P-4150,279.5,0.0,0.0,0.0,1,81.0,0.0,0,279.5,0.0,0.0,0.0,0.0,0.0,17
2023-05-11 13:35:18,b2312-P-4150,b2312-P-4150,279.5,0.0,0.0,0.0,10,81.5,0.0,0,279.5,0.0,0.0,0.0,0.0,0.0,17
2023-05-11 13:35:27,b2312-P-4150,b2312-P-4150,279.5,0.0,0.0,0.0,1,82.0,0.0,0,279.5,0.0,0.0,0.0,0.0,0.0,17
2023-05-11 13:35:27,b2312-P-4150,b2312-P-4150,279.5,0.0,0.0,0.0,10,82.5,0.0,0,279.5,0.0,0.0,0.0,0.0,0.0,17
2023-05-11 13:38:21,b2312-P-4150,b2312-P-4150,279.5,0.0,0.0,0.0,1,83.0,0.0,0,279.5,0.0,0.0,0.0,0.0,0.0,17
2023-05-11 13:38:22,b2312-P-4150,b2312-P-4150,279.5,0.0,0.0,0.0,10,83.5,0.0,0,279.5,0.0,0.0,0.0,0.0,0.0,17
2023-05-11 13:38:48,b2312-P-4150,b2312-P-4150,279.5,0.0,0.0,0.0,1,84.0,0.0,0,279.5,0.0,0.0,0.0,0.0,0.0,17
2023-05-11 13:38:48,b2312-P-4150,b2312-P-4150,279.5,0.0,0.0,0.0,10,84.5,0.0,0,279.5,0.0,0.0,0.0,0.0,0.0,17
2023-05-11 13:38:50,b2312-P-4150,b2312-P-4150,279.5,0.0,0.0,0.0,1,85.0,0.0,0,279.5,0.0,0.0,0.0,0.0,0.0,17
2023-05-11 13:38:50,b2312-P-4150,b2312-P-4150,279.5,0.0,0.0,0.0,10,85.5,0.0,0,279.5,0.0,0.0,0.0,0.0,0.0,17
2023-05-11 13:41:31,b2312-P-4150,b2312-P-4150,279.5,0.0,0.0,0.0,1,86.0,0.0,0,279.5,0.0,0.0,0.0,0.0,0.0,17
2023-05-11 13:41:31,b2312-P-4150,b2312-P-4150,279.5,0.0,0.0,0.0,10,86.5,0.0,0,279.5,0.0,0.0,0.0,0.0,0.0,17
2023-05-11 13:42:58,b2312-P-4150,b2312-P-4150,279.5,0.0,0.0,0.0,1,87.0,0.0,0,279.5,0.0,0.0,0.0,0.0,0.0,17
2023-05-11 13:42:58,b2312-P-4150,b2312-P-4150,279.5,0.0,0.0,0.0,10,87.5,0.0,0,279.5,0.0,0.0,0.0,0.0,0.0,17
2023-05-11 13:43:07,b2312-P-4150,b2312-P-4150,279.5,0.0,0.0,0.0,1,88.0,0.0,0,279.5,0.0,0.0,0.0,0.0,0.0,17
2023-05-11 13:43:07,b2312-P-4150,b2312-P-4150,279.5,0.0,0.0,0.0,10,88.5,0.0,0,279.5,0.0,0.0,0.0,0.0,0.0,17
2023-05-11 13:43:37,b2312-P-4150,b2312-P-4150,279.5,0.0,0.0,0.0,1,89.0,0.0,0,279.5,0.0,0.0,0.0,0.0,0.0,17
2023-05-11 13:43:37,b2312-P-4150,b2312-P-4150,279.5,0.0,0.0,0.0,10,89.5,0.0,0,279.5,0.0,0.0,0.0,0.0,0.0,17
2023-05-11 13:43:53,b2312-P-4150,b2312-P-4150,279.5,0.0,0.0,0.0,1,90.0,0.0,0,279.5,0.0,0.0,0.0,0.0,0.0,17
2023-05-11 13:43:53,b2312-P-4150,b2312-P-4150,279.5,0.0,0.0,0.0,10,90.5,0.0,0,279.5,0.0,0.0,0.0,0.0,0.0,17
2023-05-11 13:44:08,b2312-P-4150,b2312-P-4150,279.5,0.0,0.0,0.0,1,91.0,0.0,0,279.5,0.0,0.0,0.0,0.0,0.0,17
2023-05-11 13:44:08,b2312-P-4150,b2312-P-4150,279.5,0.0,0.0,0.0,10,91.5,0.0,0,279.5,0.0,0.0,0.0,0.0,0.0,17
2023-05-11 13:44:12,b2312-P-4150,b2312-P-4150,279.5,0.0,0.0,0.0,1,92.0,0.0,0,279.5,0.0,0.0,0.0,0.0,0.0,17
2023-05-11 13:44:12,b2312-P-4150,b2312-P-4150,279.5,0.0,0.0,0.0,10,92.5,0.0,0,279.5,0.0,0.0,0.0,0.0,0.0,17
2023-05-11 13:44:18,b2312-P-4150,b2312-P-4150,279.5,0.0,0.0,0.0,1,93.0,0.0,0,279.5,0.0,0.0,0.0,0.0,0.0,17
2023-05-11 13:44:18,b2312-P-4150,b2312-P-4150,279.5,0.0,0.0,0.0,10,93.5,0.0,0,279.5,0.0,0.0,0.0,0.0,0.0,17
2023-05-11 13:44:45,b2312-P-4150,b2312-P-4150,279.5,0.0,0.0,0.0,1,94.0,0.0,0,279.5,0.0,0.0,0.0,0.0,0.0,17
2023-05-11 13:44:45,b2312-P-4150,b2312-P-4150,279.5,0.0,0.0,0.0,10,94.5,0.0,0,279.5,0.0,0.0,0.0,0.0,0.0,17
2023-05-11 13:44:50,b2312-P-4150,b2312-P-4150,279.5,0.0,0.0,0.0,1,95.0,0.0,0,279.5,0.0,0.0,0.0,0.0,0.0,17
2023-05-11 13:44:50,b2312-P-4150,b2312-P-4150,279.5,0.0,0.0,0.0,10,95.5,0.0,0,279.5,0.0,0.0,0.0,0.0,0.0,17
2023-05-11 13:44:51,b2312-P-4150,b2312-P-4150,279.5,0.0,0.0,0.0,1,96.0,0.0,0,279.5,0.0,0.0,0.0,0.0,0.0,17
2023-05-11 13:44:54,b2312-P-4150,b2312-P-4150,279.5,0.0,0.0,0.0,10,96.5,0.0,0,279.5,0.0,0.0,0.0,0.0,0.0,17
2023-05-11 13:44:55,b2312-P-4150,b2312-P-4150,279.5,0.0,0.0,0.0,1,97.0,0.0,0,279.5,0.0,0.0,0.0,0.0,0.0,17
2023-05-11 13:44:55,b2312-P-4150,b2312-P-4150,279.5,0.0,0.0,0.0,10,97.5,0.0,0,279.5,0.0,0.0,0.0,0.0,0.0,17
2023-05-11 13:44:56,b2312-P-4150,b2312-P-4150,279.5,0.0,0.0,0.0,1,98.0,0.0,0,279.5,0.0,0.0,0.0,0.0,0.0,17
2023-05-11 13:44:57,b2312-P-4150,b2312-P-4150,279.5,0.0,0.0,0.0,10,98.5,0.0,0,279.5,0.0,0.0,0.0,0.0,0.0,17
2023-05-11 13:44:57,b2312-P-4150,b2312-P-4150,279.5,0.0,0.0,0.0,1,99.0,0.0,0,279.5,0.0,0.0,0.0,0.0,0.0,17
2023-05-11 13:44:58,b2312-P-4150,b2312-P-4150,279.5,0.0,0.0,0.0,10,99.5,0.0,0,279.5,0.0,0.0,0.0,0.0,0.0,17
2023-05-11 13:44:59,b2312-P-4150,b2312-P-4150,279.5,0.0,0.0,0.0,1,100.0,0.0,0,279.5,0.0,0.0,0.0,0.0,0.0,17
2023-05-11 13:44:59,b2312-P-4150,b2312-P-4150,279.5,0.0,0.0,0.0,10,100.5,0.0,0,279.5,0.0,0.0,0.0,0.0,0.0,17
2023-05-11 13:45:00,b2312-P-4150,b2312-P-4150,279.5,0.0,0.0,0.0,1,101.0,0.0,0,279.5,0.0,0.0,0.0,0.0,0.0,17
2023-05-11 13:45:01,b2312-P-4150,b2312-P-4150,279.5,0.0,0.0,0.0,10,101.5,0.0,0,279.5,0.0,0.0,0.0,0.0,0.0,17
2023-05-11 13:45:02,b2312-P-4150,b2312-P-4150,279.5,0.0,0.0,0.0,1,102.0,0.0,0,279.5,0.0,0.0,0.0,0.0,0.0,17
2023-05-11 13:45:02,b2312-P-4150,b2312-P-4150,279.5,0.0,0.0,0.0,10,102.5,0.0,0,279.5,0.0,0.0,0.0,0.0,0.0,17
2023-05-11 13:45:03,b2312-P-4150,b2312-P-4150,279.5,0.0,0.0,0.0,1,103.0,0.0,0,279.5,0.0,0.0,0.0,0.0,0.0,17
2023-05-11 13:45:03,b2312-P-4150,b2312-P-4150,279.5,0.0,0.0,0.0,10,103.5,0.0,0,279.5,0.0,0.0,0.0,0.0,0.0,17
2023-05-11 13:45:04,b2312-P-4150,b2312-P-4150,279.5,0.0,0.0,0.0,1,104.0,0.0,0,279.5,0.0,0.0,0.0,0.0,0.0,17
2023-05-11 13:45:04,b2312-P-4150,b2312-P-4150,279.5,0.0,0.0,0.0,10,104.5,0.0,0,279.5,0.0,0.0,0.0,0.0,0.0,17
2023-05-11 13:45:05,b2312-P-4150,b2312-P-4150,279.5,0.0,0.0,0.0,1,105.0,0.0,0,279.5,0.0,0.0,0.0,0.0,0.0,17
2023-05-11 13:45:08,b2312-P-4150,b2312-P-4150,279.5,0.0,0.0,0.0,10,105.5,0.0,0,279.5,0.0,0.0,0.0,0.0,0.0,17
2023-05-11 13:45:09,b2312-P-4150,b2312-P-4150,279.5,0.0,0.0,0.0,1,106.0,0.0,0,279.5,0.0,0.0,0.0,0.0,0.0,17
2023-05-11 13:45:09,b2312-P-4150,b2312-P-4150,279.5,0.0,0.0,0.0,10,106.5,0.0,0,279.5,0.0,0.0,0.0,0.0,0.0,17
2023-05-11 13:45:10,b2312-P-4150,b2312-P-4150,279.5,0.0,0.0,0.0,1,107.0,0.0,0,279.5,0.0,0.0,0.0,0.0,0.0,17
2023-05-11 13:45:12,b2312-P-4150,b2312-P-4150,279.5,0.0,0.0,0.0,10,107.5,0.0,0,279.5,0.0,0.0,0.0,0.0,0.0,17
2023-05-11 13:45:13,b2312-P-4150,b2312-P-4150,279.5,0.0,0.0,0.0,1,108.0,0.0,0,279.5,0.0,0.0,0.0,0.0,0.0,17
2023-05-11 13:45:15,b2312-P-4150,b2312-P-4150,279.5,0.0,0.0,0.0,10,108.5,0.0,0,279.5,0.0,0.0,0.0,0.0,0.0,17
2023-05-11 13:45:16,b2312-P-4150,b2312-P-4150,279.5,0.0,0.0,0.0,1,109.0,0.0,0,279.5,0.0,0.0,0.0,0.0,0.0,17
2023-05-11 13:45:20,b2312-P-4150,b2312-P-4150,279.5,0.0,0.0,0.0,10,109.5,0.0,0,279.5,0.0,0.0,0.0,0.0,0.0,17
2023-05-11 13:45:21,b2312-P-4150,b2312-P-4150,279.5,0.0,0.0,0.0,1,110.0,0.0,0,279.5,0.0,0.0,0.0,0.0,0.0,17
2023-05-11 13:45:21,b2312-P-4150,b2312-P-4150,279.5,0.0,0.0,0.0,10,110.5,0.0,0,279.5,0.0,0.0,0.0,0.0,0.0,17
2023-05-11 13:45:22,b2312-P-4150,b2312-P-4150,279.5,0.0,0.0,0.0,1,111.0,0.0,0,279.5,0.0,0.0,0.0,0.0,0.0,17
2023-05-11 13:45:22,b2312-P-4150,b2312-P-4150,279.5,0.0,0.0,0.0,10,111.5,0.0,0,279.5,0.0,0.0,0.0,0.0,0.0,17
2023-05-11 13:45:23,b2312-P-4150,b2312-P-4150,279.5,0.0,0.0,0.0,1,112.0,0.0,0,279.5,0.0,0.0,0.0,0.0,0.0,17
2023-05-11 13:45:23,b2312-P-4150,b2312-P-4150,279.5,0.0,0.0,0.0,10,112.5,0.0,0,279.5,0.0,0.0,0.0,0.0,0.0,17
2023-05-11 13:45:24,b2312-P-4150,b2312-P-4150,279.5,0.0,0.0,0.0,1,113.0,0.0,0,279.5,0.0,0.0,0.0,0.0,0.0,17
2023-05-11 13:45:24,b2312-P-4150,b2312-P-4150,279.5,0.0,0.0,0.0,10,113.5,0.0,0,279.5,0.0,0.0,0.0,0.0,0.0,17
2023-05-11 13:45:25,b2312-P-4150,b2312-P-4150,279.5,0.0,0.0,0.0,1,114.0,0.0,0,279.5,0.0,0.0,0.0,0.0,0.0,17
2023-05-11 13:45:25,b2312-P-4150,b2312-P-4150,279.5,0.0,0.0,0.0,10,114.5,0.0,0,279.5,0.0,0.0,0.0,0.0,0.0,17
2023-05-11 13:45:26,b2312-P-4150,b2312-P-4150,279.5,0.0,0.0,0.0,1,115.0,0.0,0,279.5,0.0,0.0,0.0,0.0,0.0,17
2023-05-11 13:45:27,b2312-P-4150,b2312-P-4150,279.5,0.0,0.0,0.0,10,115.5,0.0,0,279.5,0.0,0.0,0.0,0.0,0.0,17
2023-05-11 13:45:28,b2312-P-4150,b2312-P-4150,279.5,0.0,0.0,0.0,1,116.0,0.0,0,279.5,0.0,0.0,0.0,0.0,0.0,17
2023-05-11 13:45:28,b2312-P-4150,b2312-P-4150,279.5,0.0,0.0,0.0,10,116.5,0.0,0,279.5,0.0,0.0,0.0,0.0,0.0,17
2023-05-11 13:45:29,b2312-P-4150,b2312-P-4150,279.5,0.0,0.0,0.0,1,117.0,0.0,0,279.5,0.0,0.0,0.0,0.0,0.0,17
2023-05-11 13:45:29,b2312-P-4150,b2312-P-4150,279.5,0.0,0.0,0.0,10,117.5,0.0,0,279.5,0.0,0.0,0.0,0.0,0.0,17
2023-05-11 13:45:30,b2312-P-4150,b2312-P-4150,279.5,0.0,0.0,0.0,1,118.0,0.0,0,279.5,0.0,0.0,0.0,0.0,0.0,17
2023-05-11 13:45:30,b2312-P-4150,b2312-P-4150,279.5,0.0,0.0,0.0,10,118.5,0.0,0,279.5,0.0,0.0,0.0,0.0,0.0,17
2023-05-11 13:45:31,b2312-P-4150,b2312-P-4150,279.5,0.0,0.0,0.0,1,119.0,0.0,0,279.5,0.0,0.0,0.0,0.0,0.0,17
2023-05-11 13:45:33,b2312-P-4150,b2312-P-4150,279.5,0.0,0.0,0.0,10,119.5,0.0,0,279.5,0.0,0.0,0.0,0.0,0.0,17
2023-05-11 13:45:34,b2312-P-4150,b2312-P-4150,279.5,0.0,0.0,0.0,1,120.0,0.0,0,279.5,0.0,0.0,0.0,0.0,0.0,17
2023-05-11 13:45:34,b2312-P-4150,b2312-P-4150,279.5,0.0,0.0,0.0,10,120.5,0.0,0,279.5,0.0,0.0,0.0,0.0,0.0,17
2023-05-11 13:45:35,b2312-P-4150,b2312-P-4150,279.5,0.0,0.0,0.0,1,121.0,0.0,0,279.5,0.0,0.0,0.0,0.0,0.0,17
2023-05-11 13:45:36,b2312-P-4150,b2312-P-4150,279.5,0.0,0.0,0.0,10,121.5,0.0,0,279.5,0.0,0.0,0.0,0.0,0.0,17
2023-05-11 13:45:37,b2312-P-4150,b2312-P-4150,279.5,0.0,0.0,0.0,1,122.0,0.0,0,279.5,0.0,0.0,0.0,0.0,0.0,17
2023-05-11 13:45:37,b2312-P-4150,b2312-P-4150,279.5,0.0,0.0,0.0,10,122.5,0.0,0,279.5,0.0,0.0,0.0,0.0,0.0,17
2023-05-11 13:45:38,b2312-P-4150,b2312-P-4150,279.5,0.0,0.0,0.0,1,123.0,0.0,0,279.5,0.0,0.0,0.0,0.0,0.0,17
2023-05-11 13:45:38,b2312-P-4150,b2312-P-4150,279.5,0.0,0.0,0.0,10,123.5,0.0,0,279.5,0.0,0.0,0.0,0.0,0.0,17
2023-05-11 13:45:39,b2312-P-4150,b2312-P-4150,279.5,0.0,0.0,0.0,1,124.0,0.0,0,279.5,0.0,0.0,0.0,0.0,0.0,17
2023-05-11 13:45:39,b2312-P-4150,b2312-P-4150,279.5,0.0,0.0,0.0,10,124.5,0.0,0,279.5,0.0,0.0,0.0,0.0,0.0,17
2023-05-11 13:45:40,b2312-P-4150,b2312-P-4150,279.5,0.0,0.0,0.0,1,125.0,0.0,0,279.5,0.0,0.0,0.0,0.0,0.0,17
2023-05-11 13:45:40,b2312-P-4150,b2312-P-4150,279.5,0.0,0.0,0.0,10,125.5,0.0,0,279.5,0.0,0.0,0.0,0.0,0.0,17
2023-05-11 13:45:42,b2312-P-4150,b2312-P-4150,279.5,0.0,0.0,0.0,1,126.0,0.0,0,279.5,0.0,0.0,0.0,0.0,0.0,17
2023-05-11 13:45:42,b2312-P-4150,b2312-P-4150,279.5,0.0,0.0,0.0,10,126.5,0.0,0,279.5,0.0,0.0,0.0,0.0,0.0,17
2023-05-11 13:45:43,b2312-P-4150,b2312-P-4150,279.5,0.0,0.0,0.0,1,127.0,0.0,0,279.5,0.0,0.0,0.0,0.0,0.0,17
2023-05-11 13:45:44,b2312-P-4150,b2312-P-4150,279.5,0.0,0.0,0.0,10,127.5,0.0,0,279.5,0.0,0.0,0.0,0.0,0.0,17
2023-05-11 13:45:45,b2312-P-4150,b2312-P-4150,279.5,0.0,0.0,0.0,1,128.0,0.0,0,279.5,0.0,0.0,0.0,0.0,0.0,17
2023-05-11 13:45:46,b2312-P-4150,b2312-P-4150,279.5,0.0,0.0,0.0,10,128.5,0.0,0,279.5,0.0,0.0,0.0,0.0,0.0,17
2023-05-11 14:06:04,b2312-P-4150,b2312-P-4150,279.5,0.0,0.0,0.0,1,129.0,0.0,0,279.5,0.0,0.0,0.0,0.0,0.0,17
2023-05-11 14:06:04,b2312-P-4150,b2312-P-4150,279.5,0.0,0.0,0.0,10,129.5,0.0,0,279.5,0.0,0.0,0.0,0.0,0.0,17
2023-05-11 14:45:31,b2312-P-4150,b2312-P-4150,279.5,0.0,0.0,0.0,1,130.0,0.0,0,279.5,0.0,0.0,0.0,0.0,0.0,17
2023-05-11 14:45:31,b2312-P-4150,b2312-P-4150,279.5,0.0,0.0,0.0,10,130.5,0.0,0,279.5,0.0,0.0,0.0,0.0,0.0,17
2023-05-11 14:56:36,b2312-P-4150,b2312-P-4150,279.5,0.0,0.0,0.0,1,130.0,0.0,0,279.5,0.0,0.0,0.0,0.0,0.0,17
2023-05-11 14:59:12,b2312-P-4150,b2312-P-4150,279.5,0.0,0.0,0.0,10,130.5,0.0,0,279.5,0.0,0.0,0.0,0.0,0.0,17
2023-05-11 14:59:56,b2312-P-4150,b2312-P-4150,279.5,0.0,0.0,0.0,1,130.0,0.0,0,279.5,0.0,0.0,0.0,0.0,0.0,17
2023-05-11 15:01:10,b2312-P-4150,b2312-P-4150,279.5,0.0,0.0,0.0,1,130.0,0.0,0,279.5,0.0,0.0,0.0,0.0,0.0,17
