time,symbol_id,symbol_name,last,trade_volume,trade_amount,open_interest_change,bv1,bp1,ap1,av1,yesterday_close,today_open,today_high,today_low,volume,amount,open_interest
2023-05-10 20:56:18,b2312-P-4000,b2312-P-4000,191.5,0.0,0.0,0.0,1,0.5,0.0,0,191.5,0.0,0.0,0.0,0.0,0.0,19
2023-05-10 21:00:40,b2312-P-4000,b2312-P-4000,191.5,0.0,0.0,0.0,1,1.0,0.0,0,191.5,0.0,0.0,0.0,0.0,0.0,19
2023-05-10 21:01:37,b2312-P-4000,b2312-P-4000,191.5,0.0,0.0,0.0,1,1.5,0.0,0,191.5,0.0,0.0,0.0,0.0,0.0,19
2023-05-10 21:01:37,b2312-P-4000,b2312-P-4000,191.5,0.0,0.0,0.0,1,2.0,0.0,0,191.5,0.0,0.0,0.0,0.0,0.0,19
2023-05-10 21:01:57,b2312-P-4000,b2312-P-4000,191.5,0.0,0.0,0.0,1,2.5,0.0,0,191.5,0.0,0.0,0.0,0.0,0.0,19
2023-05-10 21:11:04,b2312-P-4000,b2312-P-4000,191.5,0.0,0.0,0.0,2,2.5,0.0,0,191.5,0.0,0.0,0.0,0.0,0.0,19
2023-05-10 21:17:31,b2312-P-4000,b2312-P-4000,191.5,0.0,0.0,0.0,1,7.0,0.0,0,191.5,0.0,0.0,0.0,0.0,0.0,19
2023-05-10 21:17:31,b2312-P-4000,b2312-P-4000,191.5,0.0,0.0,0.0,1,15.0,0.0,0,191.5,0.0,0.0,0.0,0.0,0.0,19
2023-05-10 21:31:38,b2312-P-4000,b2312-P-4000,191.5,0.0,0.0,0.0,1,15.5,0.0,0,191.5,0.0,0.0,0.0,0.0,0.0,19
2023-05-10 21:31:39,b2312-P-4000,b2312-P-4000,191.5,0.0,0.0,0.0,1,23.5,0.0,0,191.5,0.0,0.0,0.0,0.0,0.0,19
2023-05-10 22:01:38,b2312-P-4000,b2312-P-4000,191.5,0.0,0.0,0.0,1,24.0,0.0,0,191.5,0.0,0.0,0.0,0.0,0.0,19
2023-05-10 22:01:39,b2312-P-4000,b2312-P-4000,191.5,0.0,0.0,0.0,1,32.0,0.0,0,191.5,0.0,0.0,0.0,0.0,0.0,19
2023-05-10 22:27:29,b2312-P-4000,b2312-P-4000,191.5,0.0,0.0,0.0,1,198.0,221.5,1,191.5,0.0,0.0,0.0,0.0,0.0,19
2023-05-10 22:27:29,b2312-P-4000,b2312-P-4000,191.5,0.0,0.0,0.0,4,198.0,221.5,4,191.5,0.0,0.0,0.0,0.0,0.0,19
2023-05-10 22:27:31,b2312-P-4000,b2312-P-4000,191.5,0.0,0.0,0.0,1,199.5,218.5,1,191.5,0.0,0.0,0.0,0.0,0.0,19
2023-05-10 22:27:34,b2312-P-4000,b2312-P-4000,191.5,0.0,0.0,0.0,1,199.5,218.5,2,191.5,0.0,0.0,0.0,0.0,0.0,19
2023-05-10 22:27:42,b2312-P-4000,b2312-P-4000,191.5,0.0,0.0,0.0,1,197.5,218.5,1,191.5,0.0,0.0,0.0,0.0,0.0,19
2023-05-10 22:27:43,b2312-P-4000,b2312-P-4000,191.5,0.0,0.0,0.0,1,197.0,218.5,1,191.5,0.0,0.0,0.0,0.0,0.0,19
2023-05-10 22:27:46,b2312-P-4000,b2312-P-4000,191.5,0.0,0.0,0.0,1,197.0,220.5,1,191.5,0.0,0.0,0.0,0.0,0.0,19
2023-05-10 22:27:46,b2312-P-4000,b2312-P-4000,191.5,0.0,0.0,0.0,1,24.0,0.0,0,191.5,0.0,0.0,0.0,0.0,0.0,19
2023-05-10 22:27:47,b2312-P-4000,b2312-P-4000,191.5,0.0,0.0,0.0,1,32.0,0.0,0,191.5,0.0,0.0,0.0,0.0,0.0,19
2023-05-10 22:45:05,b2312-P-4000,b2312-P-4000,191.5,0.0,0.0,0.0,1,32.5,0.0,0,191.5,0.0,0.0,0.0,0.0,0.0,19
2023-05-10 22:45:08,b2312-P-4000,b2312-P-4000,191.5,0.0,0.0,0.0,1,36.5,0.0,0,191.5,0.0,0.0,0.0,0.0,0.0,19
2023-05-10 22:57:18,b2312-P-4000,b2312-P-4000,191.5,0.0,0.0,0.0,1,32.5,0.0,0,191.5,0.0,0.0,0.0,0.0,0.0,19
2023-05-11 09:01:34,b2312-P-4000,b2312-P-4000,191.5,0.0,0.0,0.0,1,33.0,0.0,0,191.5,0.0,0.0,0.0,0.0,0.0,19
2023-05-11 09:02:06,b2312-P-4000,b2312-P-4000,191.5,0.0,0.0,0.0,1,33.5,0.0,0,191.5,0.0,0.0,0.0,0.0,0.0,19
2023-05-11 09:02:09,b2312-P-4000,b2312-P-4000,191.5,0.0,0.0,0.0,1,34.0,0.0,0,191.5,0.0,0.0,0.0,0.0,0.0,19
2023-05-11 09:45:13,b2312-P-4000,b2312-P-4000,191.5,0.0,0.0,0.0,1,34.5,0.0,0,191.5,0.0,0.0,0.0,0.0,0.0,19
2023-05-11 09:45:15,b2312-P-4000,b2312-P-4000,191.5,0.0,0.0,0.0,1,38.5,0.0,0,191.5,0.0,0.0,0.0,0.0,0.0,19
2023-05-11 10:12:19,b2312-P-4000,b2312-P-4000,191.5,0.0,0.0,0.0,1,34.5,0.0,0,191.5,0.0,0.0,0.0,0.0,0.0,19
2023-05-11 10:30:25,b2312-P-4000,b2312-P-4000,191.5,0.0,0.0,0.0,1,35.0,0.0,0,191.5,0.0,0.0,0.0,0.0,0.0,19
2023-05-11 10:55:36,b2312-P-4000,b2312-P-4000,191.5,0.0,0.0,0.0,1,35.5,0.0,0,191.5,0.0,0.0,0.0,0.0,0.0,19
2023-05-11 10:55:38,b2312-P-4000,b2312-P-4000,191.5,0.0,0.0,0.0,1,43.5,0.0,0,191.5,0.0,0.0,0.0,0.0,0.0,19
2023-05-11 11:27:15,b2312-P-4000,b2312-P-4000,191.5,0.0,0.0,0.0,1,35.5,0.0,0,191.5,0.0,0.0,0.0,0.0,0.0,19
2023-05-11 11:29:54,b2312-P-4000,b2312-P-4000,191.5,0.0,0.0,0.0,1,8.0,0.0,0,191.5,0.0,0.0,0.0,0.0,0.0,19
2023-05-11 13:30:42,b2312-P-4000,b2312-P-4000,191.5,0.0,0.0,0.0,1,8.5,0.0,0,191.5,0.0,0.0,0.0,0.0,0.0,19
2023-05-11 13:31:47,b2312-P-4000,b2312-P-4000,191.5,0.0,0.0,0.0,1,9.0,0.0,0,191.5,0.0,0.0,0.0,0.0,0.0,19
2023-05-11 14:06:04,b2312-P-4000,b2312-P-4000,191.5,0.0,0.0,0.0,1,9.5,0.0,0,191.5,0.0,0.0,0.0,0.0,0.0,19
2023-05-11 14:06:06,b2312-P-4000,b2312-P-4000,191.5,0.0,0.0,0.0,1,17.5,0.0,0,191.5,0.0,0.0,0.0,0.0,0.0,19
2023-05-11 14:45:31,b2312-P-4000,b2312-P-4000,191.5,0.0,0.0,0.0,1,18.0,0.0,0,191.5,0.0,0.0,0.0,0.0,0.0,19
2023-05-11 14:45:32,b2312-P-4000,b2312-P-4000,191.5,0.0,0.0,0.0,1,26.0,0.0,0,191.5,0.0,0.0,0.0,0.0,0.0,19
2023-05-11 15:01:10,b2312-P-4000,b2312-P-4000,191.5,0.0,0.0,0.0,1,26.0,0.0,0,191.5,0.0,0.0,0.0,0.0,0.0,19
