time,symbol_id,symbol_name,last,trade_volume,trade_amount,open_interest_change,bv1,bp1,ap1,av1,yesterday_close,today_open,today_high,today_low,volume,amount,open_interest
2023-05-09 21:00:19,v2401-C-5800,v2401-C-5800,394.5,0.0,0.0,0.0,1,86.5,0.0,0,394.5,0.0,0.0,0.0,0.0,0.0,0
2023-05-09 21:01:11,v2401-C-5800,v2401-C-5800,394.5,0.0,0.0,0.0,1,93.0,0.0,0,394.5,0.0,0.0,0.0,0.0,0.0,0
2023-05-09 21:02:27,v2401-C-5800,v2401-C-5800,394.5,0.0,0.0,0.0,1,93.5,0.0,0,394.5,0.0,0.0,0.0,0.0,0.0,0
2023-05-09 21:04:18,v2401-C-5800,v2401-C-5800,394.5,0.0,0.0,0.0,1,100.0,0.0,0,394.5,0.0,0.0,0.0,0.0,0.0,0
2023-05-09 21:32:27,v2401-C-5800,v2401-C-5800,394.5,0.0,0.0,0.0,1,100.5,0.0,0,394.5,0.0,0.0,0.0,0.0,0.0,0
2023-05-09 21:32:28,v2401-C-5800,v2401-C-5800,394.5,0.0,0.0,0.0,1,107.0,0.0,0,394.5,0.0,0.0,0.0,0.0,0.0,0
2023-05-09 22:07:07,v2401-C-5800,v2401-C-5800,394.5,0.0,0.0,0.0,1,107.5,0.0,0,394.5,0.0,0.0,0.0,0.0,0.0,0
2023-05-09 22:07:08,v2401-C-5800,v2401-C-5800,394.5,0.0,0.0,0.0,1,114.0,0.0,0,394.5,0.0,0.0,0.0,0.0,0.0,0
2023-05-09 22:40:38,v2401-C-5800,v2401-C-5800,394.5,0.0,0.0,0.0,1,114.5,0.0,0,394.5,0.0,0.0,0.0,0.0,0.0,0
2023-05-09 22:40:39,v2401-C-5800,v2401-C-5800,394.5,0.0,0.0,0.0,1,121.0,0.0,0,394.5,0.0,0.0,0.0,0.0,0.0,0
2023-05-09 22:57:28,v2401-C-5800,v2401-C-5800,394.5,0.0,0.0,0.0,1,114.5,0.0,0,394.5,0.0,0.0,0.0,0.0,0.0,0
2023-05-10 09:01:12,v2401-C-5800,v2401-C-5800,394.5,0.0,0.0,0.0,1,118.0,0.0,0,394.5,0.0,0.0,0.0,0.0,0.0,0
2023-05-10 09:58:43,v2401-C-5800,v2401-C-5800,394.5,0.0,0.0,0.0,1,118.5,0.0,0,394.5,0.0,0.0,0.0,0.0,0.0,0
2023-05-10 09:58:44,v2401-C-5800,v2401-C-5800,394.5,0.0,0.0,0.0,1,125.0,0.0,0,394.5,0.0,0.0,0.0,0.0,0.0,0
2023-05-10 10:12:22,v2401-C-5800,v2401-C-5800,394.5,0.0,0.0,0.0,1,118.5,0.0,0,394.5,0.0,0.0,0.0,0.0,0.0,0
2023-05-10 10:30:28,v2401-C-5800,v2401-C-5800,394.5,0.0,0.0,0.0,1,119.0,0.0,0,394.5,0.0,0.0,0.0,0.0,0.0,0
2023-05-10 11:10:17,v2401-C-5800,v2401-C-5800,394.5,0.0,0.0,0.0,1,119.5,0.0,0,394.5,0.0,0.0,0.0,0.0,0.0,0
2023-05-10 11:10:20,v2401-C-5800,v2401-C-5800,394.5,0.0,0.0,0.0,1,126.0,0.0,0,394.5,0.0,0.0,0.0,0.0,0.0,0
2023-05-10 11:27:22,v2401-C-5800,v2401-C-5800,394.5,0.0,0.0,0.0,1,119.5,0.0,0,394.5,0.0,0.0,0.0,0.0,0.0,0
2023-05-10 11:29:33,v2401-C-5800,v2401-C-5800,394.5,0.0,0.0,0.0,1,84.0,0.0,0,394.5,0.0,0.0,0.0,0.0,0.0,0
2023-05-10 13:31:37,v2401-C-5800,v2401-C-5800,394.5,0.0,0.0,0.0,1,90.5,0.0,0,394.5,0.0,0.0,0.0,0.0,0.0,0
2023-05-10 13:44:15,v2401-C-5800,v2401-C-5800,394.5,0.0,0.0,0.0,1,91.0,0.0,0,394.5,0.0,0.0,0.0,0.0,0.0,0
2023-05-10 13:44:15,v2401-C-5800,v2401-C-5800,394.5,0.0,0.0,0.0,1,97.5,0.0,0,394.5,0.0,0.0,0.0,0.0,0.0,0
2023-05-10 14:16:49,v2401-C-5800,v2401-C-5800,394.5,0.0,0.0,0.0,1,250.0,0.0,0,394.5,0.0,0.0,0.0,0.0,0.0,0
2023-05-10 14:17:29,v2401-C-5800,v2401-C-5800,394.5,0.0,0.0,0.0,1,270.0,0.0,0,394.5,0.0,0.0,0.0,0.0,0.0,0
2023-05-10 14:17:43,v2401-C-5800,v2401-C-5800,394.5,0.0,0.0,0.0,1,280.0,0.0,0,394.5,0.0,0.0,0.0,0.0,0.0,0
2023-05-10 14:18:18,v2401-C-5800,v2401-C-5800,394.5,0.0,0.0,0.0,1,290.0,0.0,0,394.5,0.0,0.0,0.0,0.0,0.0,0
2023-05-10 14:18:43,v2401-C-5800,v2401-C-5800,394.5,0.0,0.0,0.0,1,300.0,0.0,0,394.5,0.0,0.0,0.0,0.0,0.0,0
2023-05-10 14:30:15,v2401-C-5800,v2401-C-5800,394.5,0.0,0.0,0.0,1,290.0,0.0,0,394.5,0.0,0.0,0.0,0.0,0.0,0
2023-05-10 14:30:20,v2401-C-5800,v2401-C-5800,394.5,0.0,0.0,0.0,1,280.0,0.0,0,394.5,0.0,0.0,0.0,0.0,0.0,0
2023-05-10 14:32:19,v2401-C-5800,v2401-C-5800,394.5,0.0,0.0,0.0,1,314.0,353.0,1,394.5,0.0,0.0,0.0,0.0,0.0,0
2023-05-10 14:32:21,v2401-C-5800,v2401-C-5800,394.5,0.0,0.0,0.0,1,314.0,335.5,1,394.5,0.0,0.0,0.0,0.0,0.0,0
2023-05-10 14:32:25,v2401-C-5800,v2401-C-5800,394.5,0.0,0.0,0.0,1,314.0,335.5,2,394.5,0.0,0.0,0.0,0.0,0.0,0
2023-05-10 14:32:27,v2401-C-5800,v2401-C-5800,394.5,0.0,0.0,0.0,1,314.0,330.0,1,394.5,0.0,0.0,0.0,0.0,0.0,0
2023-05-10 14:32:30,v2401-C-5800,v2401-C-5800,394.5,0.0,0.0,0.0,1,313.0,330.0,1,394.5,0.0,0.0,0.0,0.0,0.0,0
2023-05-10 14:32:38,v2401-C-5800,v2401-C-5800,394.5,0.0,0.0,0.0,1,313.0,331.0,1,394.5,0.0,0.0,0.0,0.0,0.0,0
2023-05-10 14:32:41,v2401-C-5800,v2401-C-5800,394.5,0.0,0.0,0.0,1,304.0,339.0,1,394.5,0.0,0.0,0.0,0.0,0.0,0
2023-05-10 14:32:43,v2401-C-5800,v2401-C-5800,394.5,0.0,0.0,0.0,1,280.0,0.0,0,394.5,0.0,0.0,0.0,0.0,0.0,0
2023-05-10 15:01:15,v2401-C-5800,v2401-C-5800,394.5,0.0,0.0,0.0,1,280.0,0.0,0,394.5,0.0,0.0,0.0,0.0,0.0,0
