time,symbol_id,symbol_name,last,trade_volume,trade_amount,open_interest_change,bv1,bp1,ap1,av1,yesterday_close,today_open,today_high,today_low,volume,amount,open_interest
2023-05-10 20:58:02,c2311-P-2540,c2311-P-2540,105.0,0.0,0.0,0.0,1,0.5,116.0,1,105.0,107.5,0.0,0.0,0.0,0.0,278
2023-05-10 21:00:00,c2311-P-2540,c2311-P-2540,105.0,0.0,0.0,0.0,10,63.0,113.0,10,105.0,107.5,0.0,0.0,0.0,0.0,278
2023-05-10 21:00:01,c2311-P-2540,c2311-P-2540,105.0,0.0,0.0,0.0,10,63.0,101.5,1,105.0,107.5,0.0,0.0,0.0,0.0,278
2023-05-10 21:00:03,c2311-P-2540,c2311-P-2540,105.0,0.0,0.0,0.0,10,78.5,101.5,1,105.0,107.5,0.0,0.0,0.0,0.0,278
2023-05-10 21:00:05,c2311-P-2540,c2311-P-2540,105.0,0.0,0.0,0.0,1,91.0,101.5,1,105.0,107.5,0.0,0.0,0.0,0.0,278
2023-05-10 21:00:07,c2311-P-2540,c2311-P-2540,105.0,0.0,0.0,0.0,11,91.0,101.5,1,105.0,107.5,0.0,0.0,0.0,0.0,278
2023-05-10 21:00:08,c2311-P-2540,c2311-P-2540,105.0,0.0,0.0,0.0,1,91.0,101.5,1,105.0,107.5,0.0,0.0,0.0,0.0,278
2023-05-10 21:00:26,c2311-P-2540,c2311-P-2540,105.0,0.0,0.0,0.0,10,91.5,101.5,1,105.0,107.5,0.0,0.0,0.0,0.0,278
2023-05-10 21:00:38,c2311-P-2540,c2311-P-2540,105.0,0.0,0.0,0.0,20,91.5,101.5,1,105.0,107.5,0.0,0.0,0.0,0.0,278
2023-05-10 21:00:40,c2311-P-2540,c2311-P-2540,105.0,0.0,0.0,0.0,10,91.5,101.5,1,105.0,107.5,0.0,0.0,0.0,0.0,278
2023-05-10 21:00:46,c2311-P-2540,c2311-P-2540,105.0,0.0,0.0,0.0,10,97.5,100.5,10,105.0,107.5,0.0,0.0,0.0,0.0,278
2023-05-10 21:00:46,c2311-P-2540,c2311-P-2540,105.0,0.0,0.0,0.0,20,97.5,100.5,20,105.0,107.5,0.0,0.0,0.0,0.0,278
2023-05-10 21:00:50,c2311-P-2540,c2311-P-2540,105.0,0.0,0.0,0.0,10,98.0,101.0,10,105.0,107.5,0.0,0.0,0.0,0.0,278
2023-05-10 21:00:50,c2311-P-2540,c2311-P-2540,105.0,0.0,0.0,0.0,10,97.5,101.0,10,105.0,107.5,0.0,0.0,0.0,0.0,278
2023-05-10 21:00:50,c2311-P-2540,c2311-P-2540,105.0,0.0,0.0,0.0,10,97.5,100.5,10,105.0,107.5,0.0,0.0,0.0,0.0,278
2023-05-10 21:01:00,c2311-P-2540,c2311-P-2540,105.0,0.0,0.0,0.0,10,98.0,101.0,10,105.0,107.5,0.0,0.0,0.0,0.0,278
2023-05-10 21:01:01,c2311-P-2540,c2311-P-2540,105.0,0.0,0.0,0.0,10,98.5,101.0,10,105.0,107.5,0.0,0.0,0.0,0.0,278
2023-05-10 21:01:02,c2311-P-2540,c2311-P-2540,105.0,0.0,0.0,0.0,10,98.5,101.5,10,105.0,107.5,0.0,0.0,0.0,0.0,278
2023-05-10 21:01:06,c2311-P-2540,c2311-P-2540,105.0,0.0,0.0,0.0,10,99.0,101.5,10,105.0,107.5,0.0,0.0,0.0,0.0,278
2023-05-10 21:01:10,c2311-P-2540,c2311-P-2540,105.0,0.0,0.0,0.0,10,99.5,102.0,10,105.0,107.5,0.0,0.0,0.0,0.0,278
2023-05-10 21:01:13,c2311-P-2540,c2311-P-2540,105.0,0.0,0.0,0.0,10,100.0,102.5,10,105.0,107.5,0.0,0.0,0.0,0.0,278
2023-05-10 21:01:15,c2311-P-2540,c2311-P-2540,105.0,0.0,0.0,0.0,10,99.5,102.5,10,105.0,107.5,0.0,0.0,0.0,0.0,278
2023-05-10 21:01:15,c2311-P-2540,c2311-P-2540,105.0,0.0,0.0,0.0,10,99.5,102.0,10,105.0,107.5,0.0,0.0,0.0,0.0,278
2023-05-10 21:01:21,c2311-P-2540,c2311-P-2540,105.0,0.0,0.0,0.0,10,99.5,102.5,10,105.0,107.5,0.0,0.0,0.0,0.0,278
2023-05-10 21:01:21,c2311-P-2540,c2311-P-2540,105.0,0.0,0.0,0.0,10,100.0,102.5,10,105.0,107.5,0.0,0.0,0.0,0.0,278
2023-05-10 21:01:24,c2311-P-2540,c2311-P-2540,105.0,0.0,0.0,0.0,10,100.0,103.5,10,105.0,107.5,0.0,0.0,0.0,0.0,278
2023-05-10 21:01:27,c2311-P-2540,c2311-P-2540,105.0,0.0,0.0,0.0,10,100.0,102.5,10,105.0,107.5,0.0,0.0,0.0,0.0,278
2023-05-10 21:01:29,c2311-P-2540,c2311-P-2540,105.0,0.0,0.0,0.0,10,100.5,103.0,10,105.0,107.5,0.0,0.0,0.0,0.0,278
2023-05-10 21:01:33,c2311-P-2540,c2311-P-2540,105.0,0.0,0.0,0.0,10,99.5,102.5,10,105.0,107.5,0.0,0.0,0.0,0.0,278
2023-05-10 21:01:33,c2311-P-2540,c2311-P-2540,105.0,0.0,0.0,0.0,10,99.0,102.0,10,105.0,107.5,0.0,0.0,0.0,0.0,278
2023-05-10 21:01:39,c2311-P-2540,c2311-P-2540,105.0,0.0,0.0,0.0,10,98.5,101.0,10,105.0,107.5,0.0,0.0,0.0,0.0,278
2023-05-10 21:01:41,c2311-P-2540,c2311-P-2540,105.0,0.0,0.0,0.0,10,98.0,100.5,10,105.0,107.5,0.0,0.0,0.0,0.0,278
2023-05-10 21:01:42,c2311-P-2540,c2311-P-2540,105.0,0.0,0.0,0.0,10,98.5,101.0,10,105.0,107.5,0.0,0.0,0.0,0.0,278
2023-05-10 21:01:44,c2311-P-2540,c2311-P-2540,105.0,0.0,0.0,0.0,10,99.0,102.0,10,105.0,107.5,0.0,0.0,0.0,0.0,278
2023-05-10 21:01:46,c2311-P-2540,c2311-P-2540,105.0,0.0,0.0,0.0,10,99.0,101.5,10,105.0,107.5,0.0,0.0,0.0,0.0,278
2023-05-10 21:01:51,c2311-P-2540,c2311-P-2540,105.0,0.0,0.0,0.0,10,98.0,101.0,10,105.0,107.5,0.0,0.0,0.0,0.0,278
2023-05-10 21:02:00,c2311-P-2540,c2311-P-2540,105.0,0.0,0.0,0.0,10,98.5,101.0,10,105.0,107.5,0.0,0.0,0.0,0.0,278
2023-05-10 21:02:01,c2311-P-2540,c2311-P-2540,105.0,0.0,0.0,0.0,10,99.0,101.5,10,105.0,107.5,0.0,0.0,0.0,0.0,278
2023-05-10 21:02:05,c2311-P-2540,c2311-P-2540,105.0,0.0,0.0,0.0,10,99.0,102.0,10,105.0,107.5,0.0,0.0,0.0,0.0,278
2023-05-10 21:02:06,c2311-P-2540,c2311-P-2540,105.0,0.0,0.0,0.0,10,95.5,104.5,1,105.0,107.5,0.0,0.0,0.0,0.0,278
2023-05-10 21:02:35,c2311-P-2540,c2311-P-2540,105.0,0.0,0.0,0.0,10,100.0,103.0,10,105.0,107.5,0.0,0.0,0.0,0.0,278
2023-05-10 21:02:39,c2311-P-2540,c2311-P-2540,105.0,0.0,0.0,0.0,10,101.0,103.5,10,105.0,107.5,0.0,0.0,0.0,0.0,278
2023-05-10 21:02:43,c2311-P-2540,c2311-P-2540,105.0,0.0,0.0,0.0,10,101.5,104.0,10,105.0,107.5,0.0,0.0,0.0,0.0,278
2023-05-10 21:02:57,c2311-P-2540,c2311-P-2540,105.0,0.0,0.0,0.0,10,101.0,104.0,10,105.0,107.5,0.0,0.0,0.0,0.0,278
2023-05-10 21:02:59,c2311-P-2540,c2311-P-2540,105.0,0.0,0.0,0.0,10,101.5,104.0,10,105.0,107.5,0.0,0.0,0.0,0.0,278
2023-05-10 21:03:04,c2311-P-2540,c2311-P-2540,105.0,0.0,0.0,0.0,10,101.0,103.5,10,105.0,107.5,0.0,0.0,0.0,0.0,278
2023-05-10 21:03:05,c2311-P-2540,c2311-P-2540,105.0,0.0,0.0,0.0,10,101.5,104.0,10,105.0,107.5,0.0,0.0,0.0,0.0,278
2023-05-10 21:03:10,c2311-P-2540,c2311-P-2540,105.0,0.0,0.0,0.0,10,101.0,103.5,10,105.0,107.5,0.0,0.0,0.0,0.0,278
2023-05-10 21:03:14,c2311-P-2540,c2311-P-2540,105.0,0.0,0.0,0.0,10,101.5,104.0,10,105.0,107.5,0.0,0.0,0.0,0.0,278
2023-05-10 21:03:15,c2311-P-2540,c2311-P-2540,105.0,0.0,0.0,0.0,10,101.0,103.5,10,105.0,107.5,0.0,0.0,0.0,0.0,278
2023-05-10 21:03:20,c2311-P-2540,c2311-P-2540,105.0,0.0,0.0,0.0,10,100.5,103.0,10,105.0,107.5,0.0,0.0,0.0,0.0,278
2023-05-10 21:03:22,c2311-P-2540,c2311-P-2540,105.0,0.0,0.0,0.0,10,101.0,103.5,10,105.0,107.5,0.0,0.0,0.0,0.0,278
2023-05-10 21:03:22,c2311-P-2540,c2311-P-2540,105.0,0.0,0.0,0.0,10,100.5,103.0,10,105.0,107.5,0.0,0.0,0.0,0.0,278
2023-05-10 21:03:24,c2311-P-2540,c2311-P-2540,105.0,0.0,0.0,0.0,20,100.5,103.0,10,105.0,107.5,0.0,0.0,0.0,0.0,278
2023-05-10 21:03:27,c2311-P-2540,c2311-P-2540,105.0,0.0,0.0,0.0,20,100.5,103.5,20,105.0,107.5,0.0,0.0,0.0,0.0,278
2023-05-10 21:03:28,c2311-P-2540,c2311-P-2540,105.0,0.0,0.0,0.0,20,100.5,103.5,10,105.0,107.5,0.0,0.0,0.0,0.0,278
2023-05-10 21:03:32,c2311-P-2540,c2311-P-2540,105.0,0.0,0.0,0.0,10,101.0,103.5,10,105.0,107.5,0.0,0.0,0.0,0.0,278
2023-05-10 21:03:38,c2311-P-2540,c2311-P-2540,105.0,0.0,0.0,0.0,20,101.0,104.0,10,105.0,107.5,0.0,0.0,0.0,0.0,278
2023-05-10 21:03:40,c2311-P-2540,c2311-P-2540,105.0,0.0,0.0,0.0,30,101.0,104.0,10,105.0,107.5,0.0,0.0,0.0,0.0,278
2023-05-10 21:03:44,c2311-P-2540,c2311-P-2540,105.0,0.0,0.0,0.0,10,101.5,104.0,10,105.0,107.5,0.0,0.0,0.0,0.0,278
2023-05-10 21:03:52,c2311-P-2540,c2311-P-2540,105.0,0.0,0.0,0.0,20,101.5,104.0,10,105.0,107.5,0.0,0.0,0.0,0.0,278
2023-05-10 21:04:03,c2311-P-2540,c2311-P-2540,105.0,0.0,0.0,0.0,30,101.5,104.5,10,105.0,107.5,0.0,0.0,0.0,0.0,278
2023-05-10 21:04:05,c2311-P-2540,c2311-P-2540,105.0,0.0,0.0,0.0,10,102.0,104.5,10,105.0,107.5,0.0,0.0,0.0,0.0,278
2023-05-10 21:04:08,c2311-P-2540,c2311-P-2540,105.0,0.0,0.0,0.0,20,102.0,104.5,10,105.0,107.5,0.0,0.0,0.0,0.0,278
2023-05-10 21:04:14,c2311-P-2540,c2311-P-2540,105.0,0.0,0.0,0.0,20,102.0,104.0,10,105.0,107.5,0.0,0.0,0.0,0.0,278
2023-05-10 21:04:18,c2311-P-2540,c2311-P-2540,105.0,0.0,0.0,0.0,10,102.0,104.0,10,105.0,107.5,0.0,0.0,0.0,0.0,278
2023-05-10 21:04:18,c2311-P-2540,c2311-P-2540,105.0,0.0,0.0,0.0,10,102.0,104.5,10,105.0,107.5,0.0,0.0,0.0,0.0,278
2023-05-10 21:04:19,c2311-P-2540,c2311-P-2540,105.0,0.0,0.0,0.0,20,101.5,103.5,10,105.0,107.5,0.0,0.0,0.0,0.0,278
2023-05-10 21:04:24,c2311-P-2540,c2311-P-2540,105.0,0.0,0.0,0.0,30,101.5,104.0,10,105.0,107.5,0.0,0.0,0.0,0.0,278
2023-05-10 21:04:26,c2311-P-2540,c2311-P-2540,105.0,0.0,0.0,0.0,20,101.5,103.5,10,105.0,107.5,0.0,0.0,0.0,0.0,278
2023-05-10 21:04:32,c2311-P-2540,c2311-P-2540,105.0,0.0,0.0,0.0,30,101.5,104.0,10,105.0,107.5,0.0,0.0,0.0,0.0,278
2023-05-10 21:04:42,c2311-P-2540,c2311-P-2540,105.0,0.0,0.0,0.0,10,102.0,105.0,20,105.0,107.5,0.0,0.0,0.0,0.0,278
2023-05-10 21:04:45,c2311-P-2540,c2311-P-2540,105.0,0.0,0.0,0.0,20,102.0,105.0,20,105.0,107.5,0.0,0.0,0.0,0.0,278
2023-05-10 21:04:47,c2311-P-2540,c2311-P-2540,105.0,0.0,0.0,0.0,30,102.0,105.0,30,105.0,107.5,0.0,0.0,0.0,0.0,278
2023-05-10 21:04:50,c2311-P-2540,c2311-P-2540,105.0,0.0,0.0,0.0,10,102.5,105.5,10,105.0,107.5,0.0,0.0,0.0,0.0,278
2023-05-10 21:04:50,c2311-P-2540,c2311-P-2540,105.0,0.0,0.0,0.0,20,102.5,105.5,10,105.0,107.5,0.0,0.0,0.0,0.0,278
2023-05-10 21:05:00,c2311-P-2540,c2311-P-2540,105.0,0.0,0.0,0.0,10,102.5,105.0,10,105.0,107.5,0.0,0.0,0.0,0.0,278
2023-05-10 21:05:00,c2311-P-2540,c2311-P-2540,105.0,0.0,0.0,0.0,30,102.0,105.0,10,105.0,107.5,0.0,0.0,0.0,0.0,278
2023-05-10 21:05:02,c2311-P-2540,c2311-P-2540,105.0,0.0,0.0,0.0,30,102.0,105.0,20,105.0,107.5,0.0,0.0,0.0,0.0,278
2023-05-10 21:05:03,c2311-P-2540,c2311-P-2540,105.0,0.0,0.0,0.0,20,102.0,104.0,10,105.0,107.5,0.0,0.0,0.0,0.0,278
2023-05-10 21:05:05,c2311-P-2540,c2311-P-2540,105.0,0.0,0.0,0.0,30,102.0,105.0,20,105.0,107.5,0.0,0.0,0.0,0.0,278
2023-05-10 21:05:09,c2311-P-2540,c2311-P-2540,105.0,0.0,0.0,0.0,40,102.0,105.0,30,105.0,107.5,0.0,0.0,0.0,0.0,278
2023-05-10 21:05:09,c2311-P-2540,c2311-P-2540,105.0,0.0,0.0,0.0,30,102.0,105.0,20,105.0,107.5,0.0,0.0,0.0,0.0,278
2023-05-10 21:05:27,c2311-P-2540,c2311-P-2540,105.0,0.0,0.0,0.0,30,102.0,105.0,30,105.0,107.5,0.0,0.0,0.0,0.0,278
2023-05-10 21:05:28,c2311-P-2540,c2311-P-2540,105.0,0.0,0.0,0.0,30,102.0,105.0,20,105.0,107.5,0.0,0.0,0.0,0.0,278
2023-05-10 21:05:34,c2311-P-2540,c2311-P-2540,105.0,0.0,0.0,0.0,20,102.5,105.5,10,105.0,107.5,0.0,0.0,0.0,0.0,278
2023-05-10 21:05:35,c2311-P-2540,c2311-P-2540,105.0,0.0,0.0,0.0,30,102.0,105.0,10,105.0,107.5,0.0,0.0,0.0,0.0,278
2023-05-10 21:05:41,c2311-P-2540,c2311-P-2540,105.0,0.0,0.0,0.0,20,102.0,104.0,10,105.0,107.5,0.0,0.0,0.0,0.0,278
2023-05-10 21:05:41,c2311-P-2540,c2311-P-2540,105.0,0.0,0.0,0.0,10,102.0,104.0,10,105.0,107.5,0.0,0.0,0.0,0.0,278
2023-05-10 21:05:47,c2311-P-2540,c2311-P-2540,105.0,0.0,0.0,0.0,10,102.0,104.0,20,105.0,107.5,0.0,0.0,0.0,0.0,278
2023-05-10 21:05:56,c2311-P-2540,c2311-P-2540,105.0,0.0,0.0,0.0,40,102.0,104.0,20,105.0,107.5,0.0,0.0,0.0,0.0,278
2023-05-10 21:05:57,c2311-P-2540,c2311-P-2540,105.0,0.0,0.0,0.0,30,102.0,104.0,20,105.0,107.5,0.0,0.0,0.0,0.0,278
2023-05-10 21:05:59,c2311-P-2540,c2311-P-2540,105.0,0.0,0.0,0.0,40,102.0,104.0,20,105.0,107.5,0.0,0.0,0.0,0.0,278
2023-05-10 21:06:02,c2311-P-2540,c2311-P-2540,105.0,0.0,0.0,0.0,20,102.0,104.0,20,105.0,107.5,0.0,0.0,0.0,0.0,278
2023-05-10 21:06:06,c2311-P-2540,c2311-P-2540,105.0,0.0,0.0,0.0,30,102.0,104.0,20,105.0,107.5,0.0,0.0,0.0,0.0,278
2023-05-10 21:06:12,c2311-P-2540,c2311-P-2540,105.0,0.0,0.0,0.0,40,102.0,104.0,10,105.0,107.5,0.0,0.0,0.0,0.0,278
2023-05-10 21:06:31,c2311-P-2540,c2311-P-2540,105.0,0.0,0.0,0.0,10,102.5,105.0,20,105.0,107.5,0.0,0.0,0.0,0.0,278
2023-05-10 21:06:32,c2311-P-2540,c2311-P-2540,105.0,0.0,0.0,0.0,30,102.5,105.0,20,105.0,107.5,0.0,0.0,0.0,0.0,278
2023-05-10 21:06:36,c2311-P-2540,c2311-P-2540,105.0,0.0,0.0,0.0,30,102.5,105.0,30,105.0,107.5,0.0,0.0,0.0,0.0,278
2023-05-10 21:06:44,c2311-P-2540,c2311-P-2540,105.0,0.0,0.0,0.0,30,102.5,105.0,20,105.0,107.5,0.0,0.0,0.0,0.0,278
2023-05-10 21:06:45,c2311-P-2540,c2311-P-2540,105.0,0.0,0.0,0.0,20,103.0,105.0,10,105.0,107.5,0.0,0.0,0.0,0.0,278
2023-05-10 21:06:48,c2311-P-2540,c2311-P-2540,105.0,0.0,0.0,0.0,30,103.0,105.0,10,105.0,107.5,0.0,0.0,0.0,0.0,278
2023-05-10 21:07:10,c2311-P-2540,c2311-P-2540,105.0,0.0,0.0,0.0,20,103.5,105.5,20,105.0,107.5,0.0,0.0,0.0,0.0,278
2023-05-10 21:07:11,c2311-P-2540,c2311-P-2540,105.0,0.0,0.0,0.0,30,103.5,105.5,20,105.0,107.5,0.0,0.0,0.0,0.0,278
2023-05-10 21:07:11,c2311-P-2540,c2311-P-2540,105.0,0.0,0.0,0.0,10,104.0,105.5,10,105.0,107.5,0.0,0.0,0.0,0.0,278
2023-05-10 21:07:12,c2311-P-2540,c2311-P-2540,105.0,0.0,0.0,0.0,50,103.5,105.5,10,105.0,107.5,0.0,0.0,0.0,0.0,278
2023-05-10 21:07:14,c2311-P-2540,c2311-P-2540,105.0,0.0,0.0,0.0,10,104.0,105.5,10,105.0,107.5,0.0,0.0,0.0,0.0,278
2023-05-10 21:07:15,c2311-P-2540,c2311-P-2540,105.0,0.0,0.0,0.0,40,104.0,106.0,10,105.0,107.5,0.0,0.0,0.0,0.0,278
2023-05-10 21:07:16,c2311-P-2540,c2311-P-2540,105.0,0.0,0.0,0.0,40,104.0,106.0,20,105.0,107.5,0.0,0.0,0.0,0.0,278
2023-05-10 21:07:20,c2311-P-2540,c2311-P-2540,105.0,0.0,0.0,0.0,40,104.0,106.0,10,105.0,107.5,0.0,0.0,0.0,0.0,278
2023-05-10 21:07:21,c2311-P-2540,c2311-P-2540,105.0,0.0,0.0,0.0,30,104.0,106.0,30,105.0,107.5,0.0,0.0,0.0,0.0,278
2023-05-10 21:07:25,c2311-P-2540,c2311-P-2540,105.0,0.0,0.0,0.0,10,104.0,105.5,10,105.0,107.5,0.0,0.0,0.0,0.0,278
2023-05-10 21:07:26,c2311-P-2540,c2311-P-2540,105.0,0.0,0.0,0.0,20,104.0,106.0,30,105.0,107.5,0.0,0.0,0.0,0.0,278
2023-05-10 21:07:26,c2311-P-2540,c2311-P-2540,105.0,0.0,0.0,0.0,30,104.0,106.0,20,105.0,107.5,0.0,0.0,0.0,0.0,278
2023-05-10 21:07:31,c2311-P-2540,c2311-P-2540,105.0,0.0,0.0,0.0,10,104.0,106.0,40,105.0,107.5,0.0,0.0,0.0,0.0,278
2023-05-10 21:07:31,c2311-P-2540,c2311-P-2540,105.0,0.0,0.0,0.0,10,104.0,105.5,10,105.0,107.5,0.0,0.0,0.0,0.0,278
2023-05-10 21:07:32,c2311-P-2540,c2311-P-2540,105.0,0.0,0.0,0.0,10,104.0,105.5,20,105.0,107.5,0.0,0.0,0.0,0.0,278
2023-05-10 21:07:33,c2311-P-2540,c2311-P-2540,105.0,0.0,0.0,0.0,10,104.0,105.5,10,105.0,107.5,0.0,0.0,0.0,0.0,278
2023-05-10 21:07:35,c2311-P-2540,c2311-P-2540,105.0,0.0,0.0,0.0,20,104.0,105.5,20,105.0,107.5,0.0,0.0,0.0,0.0,278
2023-05-10 21:07:36,c2311-P-2540,c2311-P-2540,105.0,0.0,0.0,0.0,10,104.0,105.5,40,105.0,107.5,0.0,0.0,0.0,0.0,278
2023-05-10 21:07:37,c2311-P-2540,c2311-P-2540,105.0,0.0,0.0,0.0,20,103.5,105.0,20,105.0,107.5,0.0,0.0,0.0,0.0,278
2023-05-10 21:07:37,c2311-P-2540,c2311-P-2540,105.0,0.0,0.0,0.0,20,103.5,105.0,30,105.0,107.5,0.0,0.0,0.0,0.0,278
2023-05-10 21:07:42,c2311-P-2540,c2311-P-2540,105.0,0.0,0.0,0.0,50,103.5,105.5,40,105.0,107.5,0.0,0.0,0.0,0.0,278
2023-05-10 21:07:43,c2311-P-2540,c2311-P-2540,105.0,0.0,0.0,0.0,50,103.5,105.5,30,105.0,107.5,0.0,0.0,0.0,0.0,278
2023-05-10 21:07:44,c2311-P-2540,c2311-P-2540,105.0,0.0,0.0,0.0,40,103.5,105.5,20,105.0,107.5,0.0,0.0,0.0,0.0,278
2023-05-10 21:07:45,c2311-P-2540,c2311-P-2540,105.0,0.0,0.0,0.0,40,103.5,105.5,10,105.0,107.5,0.0,0.0,0.0,0.0,278
2023-05-10 21:07:52,c2311-P-2540,c2311-P-2540,105.0,0.0,0.0,0.0,40,103.5,105.5,20,105.0,107.5,0.0,0.0,0.0,0.0,278
2023-05-10 21:08:07,c2311-P-2540,c2311-P-2540,105.0,0.0,0.0,0.0,50,103.0,105.5,30,105.0,107.5,0.0,0.0,0.0,0.0,278
2023-05-10 21:08:07,c2311-P-2540,c2311-P-2540,105.0,0.0,0.0,0.0,50,103.0,105.0,10,105.0,107.5,0.0,0.0,0.0,0.0,278
2023-05-10 21:08:07,c2311-P-2540,c2311-P-2540,105.0,0.0,0.0,0.0,50,103.0,105.0,20,105.0,107.5,0.0,0.0,0.0,0.0,278
2023-05-10 21:08:12,c2311-P-2540,c2311-P-2540,105.0,0.0,0.0,0.0,50,103.0,105.0,10,105.0,107.5,0.0,0.0,0.0,0.0,278
2023-05-10 21:08:14,c2311-P-2540,c2311-P-2540,105.0,0.0,0.0,0.0,50,103.0,105.0,20,105.0,107.5,0.0,0.0,0.0,0.0,278
2023-05-10 21:08:16,c2311-P-2540,c2311-P-2540,105.0,0.0,0.0,0.0,10,103.5,105.5,30,105.0,107.5,0.0,0.0,0.0,0.0,278
2023-05-10 21:08:17,c2311-P-2540,c2311-P-2540,105.0,0.0,0.0,0.0,30,103.5,105.5,20,105.0,107.5,0.0,0.0,0.0,0.0,278
2023-05-10 21:08:18,c2311-P-2540,c2311-P-2540,105.0,0.0,0.0,0.0,20,103.5,105.5,20,105.0,107.5,0.0,0.0,0.0,0.0,278
2023-05-10 21:08:18,c2311-P-2540,c2311-P-2540,105.0,0.0,0.0,0.0,10,103.5,105.5,20,105.0,107.5,0.0,0.0,0.0,0.0,278
2023-05-10 21:08:21,c2311-P-2540,c2311-P-2540,105.0,0.0,0.0,0.0,20,103.5,105.5,20,105.0,107.5,0.0,0.0,0.0,0.0,278
2023-05-10 21:08:27,c2311-P-2540,c2311-P-2540,105.0,0.0,0.0,0.0,30,103.5,105.5,10,105.0,107.5,0.0,0.0,0.0,0.0,278
2023-05-10 21:08:40,c2311-P-2540,c2311-P-2540,105.0,0.0,0.0,0.0,30,103.5,106.0,50,105.0,107.5,0.0,0.0,0.0,0.0,278
2023-05-10 21:08:41,c2311-P-2540,c2311-P-2540,105.0,0.0,0.0,0.0,30,103.5,105.5,10,105.0,107.5,0.0,0.0,0.0,0.0,278
2023-05-10 21:08:52,c2311-P-2540,c2311-P-2540,105.0,0.0,0.0,0.0,40,103.5,105.5,10,105.0,107.5,0.0,0.0,0.0,0.0,278
2023-05-10 21:08:53,c2311-P-2540,c2311-P-2540,105.0,0.0,0.0,0.0,10,104.0,105.5,10,105.0,107.5,0.0,0.0,0.0,0.0,278
2023-05-10 21:08:53,c2311-P-2540,c2311-P-2540,105.0,0.0,0.0,0.0,20,104.0,105.5,10,105.0,107.5,0.0,0.0,0.0,0.0,278
2023-05-10 21:08:55,c2311-P-2540,c2311-P-2540,105.0,0.0,0.0,0.0,30,104.0,105.5,20,105.0,107.5,0.0,0.0,0.0,0.0,278
2023-05-10 21:08:57,c2311-P-2540,c2311-P-2540,105.0,0.0,0.0,0.0,30,104.0,105.5,10,105.0,107.5,0.0,0.0,0.0,0.0,278
2023-05-10 21:08:58,c2311-P-2540,c2311-P-2540,105.0,0.0,0.0,0.0,30,104.0,106.0,20,105.0,107.5,0.0,0.0,0.0,0.0,278
2023-05-10 21:08:59,c2311-P-2540,c2311-P-2540,105.0,0.0,0.0,0.0,40,104.0,106.0,30,105.0,107.5,0.0,0.0,0.0,0.0,278
2023-05-10 21:09:00,c2311-P-2540,c2311-P-2540,105.0,0.0,0.0,0.0,30,104.0,106.0,30,105.0,107.5,0.0,0.0,0.0,0.0,278
2023-05-10 21:09:06,c2311-P-2540,c2311-P-2540,105.0,0.0,0.0,0.0,20,104.0,106.0,30,105.0,107.5,0.0,0.0,0.0,0.0,278
2023-05-10 21:09:08,c2311-P-2540,c2311-P-2540,105.0,0.0,0.0,0.0,10,104.0,106.0,30,105.0,107.5,0.0,0.0,0.0,0.0,278
2023-05-10 21:09:16,c2311-P-2540,c2311-P-2540,105.0,0.0,0.0,0.0,30,104.0,106.0,20,105.0,107.5,0.0,0.0,0.0,0.0,278
2023-05-10 21:09:20,c2311-P-2540,c2311-P-2540,105.0,0.0,0.0,0.0,20,104.0,106.0,20,105.0,107.5,0.0,0.0,0.0,0.0,278
2023-05-10 21:09:21,c2311-P-2540,c2311-P-2540,105.0,0.0,0.0,0.0,10,104.0,106.0,30,105.0,107.5,0.0,0.0,0.0,0.0,278
2023-05-10 21:09:24,c2311-P-2540,c2311-P-2540,105.0,0.0,0.0,0.0,20,104.0,106.0,20,105.0,107.5,0.0,0.0,0.0,0.0,278
2023-05-10 21:09:24,c2311-P-2540,c2311-P-2540,105.0,0.0,0.0,0.0,30,104.0,106.0,20,105.0,107.5,0.0,0.0,0.0,0.0,278
2023-05-10 21:09:27,c2311-P-2540,c2311-P-2540,105.0,0.0,0.0,0.0,20,104.0,105.5,10,105.0,107.5,0.0,0.0,0.0,0.0,278
2023-05-10 21:09:28,c2311-P-2540,c2311-P-2540,105.0,0.0,0.0,0.0,20,104.0,106.0,20,105.0,107.5,0.0,0.0,0.0,0.0,278
2023-05-10 21:09:31,c2311-P-2540,c2311-P-2540,105.0,0.0,0.0,0.0,30,104.0,106.0,20,105.0,107.5,0.0,0.0,0.0,0.0,278
2023-05-10 21:09:32,c2311-P-2540,c2311-P-2540,105.0,0.0,0.0,0.0,40,104.0,106.0,20,105.0,107.5,0.0,0.0,0.0,0.0,278
2023-05-10 21:09:34,c2311-P-2540,c2311-P-2540,105.0,0.0,0.0,0.0,20,104.0,106.0,30,105.0,107.5,0.0,0.0,0.0,0.0,278
2023-05-10 21:09:35,c2311-P-2540,c2311-P-2540,105.0,0.0,0.0,0.0,10,104.0,105.5,10,105.0,107.5,0.0,0.0,0.0,0.0,278
2023-05-10 21:09:35,c2311-P-2540,c2311-P-2540,105.0,0.0,0.0,0.0,10,104.0,106.0,30,105.0,107.5,0.0,0.0,0.0,0.0,278
2023-05-10 21:09:40,c2311-P-2540,c2311-P-2540,105.0,0.0,0.0,0.0,20,104.0,106.0,40,105.0,107.5,0.0,0.0,0.0,0.0,278
2023-05-10 21:09:42,c2311-P-2540,c2311-P-2540,105.0,0.0,0.0,0.0,30,104.0,106.0,40,105.0,107.5,0.0,0.0,0.0,0.0,278
2023-05-10 21:09:44,c2311-P-2540,c2311-P-2540,105.0,0.0,0.0,0.0,40,104.0,106.0,30,105.0,107.5,0.0,0.0,0.0,0.0,278
2023-05-10 21:09:44,c2311-P-2540,c2311-P-2540,105.0,0.0,0.0,0.0,30,104.0,106.0,20,105.0,107.5,0.0,0.0,0.0,0.0,278
2023-05-10 21:09:49,c2311-P-2540,c2311-P-2540,105.0,0.0,0.0,0.0,20,104.0,106.0,30,105.0,107.5,0.0,0.0,0.0,0.0,278
2023-05-10 21:10:00,c2311-P-2540,c2311-P-2540,105.0,0.0,0.0,0.0,20,104.0,106.0,20,105.0,107.5,0.0,0.0,0.0,0.0,278
2023-05-10 21:10:02,c2311-P-2540,c2311-P-2540,105.0,0.0,0.0,0.0,20,104.0,106.0,30,105.0,107.5,0.0,0.0,0.0,0.0,278
2023-05-10 21:10:03,c2311-P-2540,c2311-P-2540,105.0,0.0,0.0,0.0,20,104.0,106.0,20,105.0,107.5,0.0,0.0,0.0,0.0,278
2023-05-10 21:10:04,c2311-P-2540,c2311-P-2540,105.0,0.0,0.0,0.0,20,104.0,106.0,30,105.0,107.5,0.0,0.0,0.0,0.0,278
2023-05-10 21:10:11,c2311-P-2540,c2311-P-2540,105.0,0.0,0.0,0.0,10,104.0,105.5,10,105.0,107.5,0.0,0.0,0.0,0.0,278
2023-05-10 21:10:11,c2311-P-2540,c2311-P-2540,105.0,0.0,0.0,0.0,10,104.0,106.0,40,105.0,107.5,0.0,0.0,0.0,0.0,278
2023-05-10 21:10:12,c2311-P-2540,c2311-P-2540,105.0,0.0,0.0,0.0,20,104.0,106.0,40,105.0,107.5,0.0,0.0,0.0,0.0,278
2023-05-10 21:10:16,c2311-P-2540,c2311-P-2540,105.0,0.0,0.0,0.0,10,104.0,106.0,40,105.0,107.5,0.0,0.0,0.0,0.0,278
2023-05-10 21:10:16,c2311-P-2540,c2311-P-2540,105.0,0.0,0.0,0.0,20,104.0,106.0,40,105.0,107.5,0.0,0.0,0.0,0.0,278
2023-05-10 21:10:17,c2311-P-2540,c2311-P-2540,105.0,0.0,0.0,0.0,10,104.0,106.0,40,105.0,107.5,0.0,0.0,0.0,0.0,278
2023-05-10 21:10:17,c2311-P-2540,c2311-P-2540,105.0,0.0,0.0,0.0,20,104.0,106.0,40,105.0,107.5,0.0,0.0,0.0,0.0,278
2023-05-10 21:10:18,c2311-P-2540,c2311-P-2540,105.0,0.0,0.0,0.0,20,104.0,106.0,30,105.0,107.5,0.0,0.0,0.0,0.0,278
2023-05-10 21:10:27,c2311-P-2540,c2311-P-2540,105.0,0.0,0.0,0.0,20,104.0,106.0,40,105.0,107.5,0.0,0.0,0.0,0.0,278
2023-05-10 21:10:28,c2311-P-2540,c2311-P-2540,105.0,0.0,0.0,0.0,20,104.0,106.0,30,105.0,107.5,0.0,0.0,0.0,0.0,278
2023-05-10 21:10:52,c2311-P-2540,c2311-P-2540,105.0,0.0,0.0,0.0,20,104.5,106.0,10,105.0,107.5,0.0,0.0,0.0,0.0,278
2023-05-10 21:10:54,c2311-P-2540,c2311-P-2540,105.0,0.0,0.0,0.0,10,104.5,106.0,10,105.0,107.5,0.0,0.0,0.0,0.0,278
2023-05-10 21:10:55,c2311-P-2540,c2311-P-2540,105.0,0.0,0.0,0.0,20,104.5,106.0,20,105.0,107.5,0.0,0.0,0.0,0.0,278
2023-05-10 21:10:57,c2311-P-2540,c2311-P-2540,105.0,0.0,0.0,0.0,20,104.5,106.0,30,105.0,107.5,0.0,0.0,0.0,0.0,278
2023-05-10 21:11:34,c2311-P-2540,c2311-P-2540,105.0,0.0,0.0,0.0,30,104.5,106.0,30,105.0,107.5,0.0,0.0,0.0,0.0,278
2023-05-10 21:11:34,c2311-P-2540,c2311-P-2540,105.0,0.0,0.0,0.0,20,104.5,106.0,20,105.0,107.5,0.0,0.0,0.0,0.0,278
2023-05-10 21:11:41,c2311-P-2540,c2311-P-2540,105.0,0.0,0.0,0.0,30,104.5,106.0,20,105.0,107.5,0.0,0.0,0.0,0.0,278
2023-05-10 21:11:42,c2311-P-2540,c2311-P-2540,105.0,0.0,0.0,0.0,20,104.5,106.0,20,105.0,107.5,0.0,0.0,0.0,0.0,278
2023-05-10 21:11:58,c2311-P-2540,c2311-P-2540,105.0,0.0,0.0,0.0,30,104.5,106.0,20,105.0,107.5,0.0,0.0,0.0,0.0,278
2023-05-10 21:11:59,c2311-P-2540,c2311-P-2540,105.0,0.0,0.0,0.0,20,104.5,106.0,20,105.0,107.5,0.0,0.0,0.0,0.0,278
2023-05-10 21:12:01,c2311-P-2540,c2311-P-2540,105.0,0.0,0.0,0.0,40,104.5,106.0,20,105.0,107.5,0.0,0.0,0.0,0.0,278
2023-05-10 21:12:02,c2311-P-2540,c2311-P-2540,105.0,0.0,0.0,0.0,40,104.5,106.5,30,105.0,107.5,0.0,0.0,0.0,0.0,278
2023-05-10 21:12:02,c2311-P-2540,c2311-P-2540,105.0,0.0,0.0,0.0,60,104.5,106.5,30,105.0,107.5,0.0,0.0,0.0,0.0,278
2023-05-10 21:12:04,c2311-P-2540,c2311-P-2540,105.0,0.0,0.0,0.0,60,104.5,106.5,20,105.0,107.5,0.0,0.0,0.0,0.0,278
2023-05-10 21:12:05,c2311-P-2540,c2311-P-2540,105.0,0.0,0.0,0.0,50,104.5,106.5,20,105.0,107.5,0.0,0.0,0.0,0.0,278
2023-05-10 21:12:08,c2311-P-2540,c2311-P-2540,105.0,0.0,0.0,0.0,50,104.5,106.5,10,105.0,107.5,0.0,0.0,0.0,0.0,278
2023-05-10 21:12:08,c2311-P-2540,c2311-P-2540,105.0,0.0,0.0,0.0,10,105.0,107.0,40,105.0,107.5,0.0,0.0,0.0,0.0,278
2023-05-10 21:12:09,c2311-P-2540,c2311-P-2540,105.0,0.0,0.0,0.0,50,105.0,107.0,10,105.0,107.5,0.0,0.0,0.0,0.0,278
2023-05-10 21:12:10,c2311-P-2540,c2311-P-2540,105.0,0.0,0.0,0.0,40,105.0,107.0,20,105.0,107.5,0.0,0.0,0.0,0.0,278
2023-05-10 21:12:10,c2311-P-2540,c2311-P-2540,105.0,0.0,0.0,0.0,40,105.0,107.0,30,105.0,107.5,0.0,0.0,0.0,0.0,278
2023-05-10 21:12:12,c2311-P-2540,c2311-P-2540,105.0,0.0,0.0,0.0,40,105.0,107.0,10,105.0,107.5,0.0,0.0,0.0,0.0,278
2023-05-10 21:12:13,c2311-P-2540,c2311-P-2540,105.0,0.0,0.0,0.0,40,105.0,107.0,20,105.0,107.5,0.0,0.0,0.0,0.0,278
2023-05-10 21:12:26,c2311-P-2540,c2311-P-2540,105.0,0.0,0.0,0.0,40,105.0,107.0,10,105.0,107.5,0.0,0.0,0.0,0.0,278
2023-05-10 21:12:29,c2311-P-2540,c2311-P-2540,105.0,0.0,0.0,0.0,50,105.0,107.5,30,105.0,107.5,0.0,0.0,0.0,0.0,278
2023-05-10 21:12:29,c2311-P-2540,c2311-P-2540,105.0,0.0,0.0,0.0,30,105.0,107.0,20,105.0,107.5,0.0,0.0,0.0,0.0,278
2023-05-10 21:12:36,c2311-P-2540,c2311-P-2540,105.0,0.0,0.0,0.0,30,105.0,107.0,10,105.0,107.5,0.0,0.0,0.0,0.0,278
2023-05-10 21:12:41,c2311-P-2540,c2311-P-2540,105.0,0.0,0.0,0.0,30,105.0,107.0,20,105.0,107.5,0.0,0.0,0.0,0.0,278
2023-05-10 21:12:44,c2311-P-2540,c2311-P-2540,105.0,0.0,0.0,0.0,30,105.0,107.0,10,105.0,107.5,0.0,0.0,0.0,0.0,278
2023-05-10 21:12:56,c2311-P-2540,c2311-P-2540,105.0,0.0,0.0,0.0,30,105.0,107.0,20,105.0,107.5,0.0,0.0,0.0,0.0,278
2023-05-10 21:13:03,c2311-P-2540,c2311-P-2540,105.0,0.0,0.0,0.0,30,105.0,107.0,10,105.0,107.5,0.0,0.0,0.0,0.0,278
2023-05-10 21:13:04,c2311-P-2540,c2311-P-2540,105.0,0.0,0.0,0.0,30,105.0,107.0,20,105.0,107.5,0.0,0.0,0.0,0.0,278
2023-05-10 21:13:05,c2311-P-2540,c2311-P-2540,105.0,0.0,0.0,0.0,30,105.0,107.0,10,105.0,107.5,0.0,0.0,0.0,0.0,278
2023-05-10 21:13:06,c2311-P-2540,c2311-P-2540,105.0,0.0,0.0,0.0,30,105.0,107.0,20,105.0,107.5,0.0,0.0,0.0,0.0,278
2023-05-10 21:13:11,c2311-P-2540,c2311-P-2540,105.0,0.0,0.0,0.0,40,105.0,107.0,10,105.0,107.5,0.0,0.0,0.0,0.0,278
2023-05-10 21:13:12,c2311-P-2540,c2311-P-2540,105.0,0.0,0.0,0.0,30,105.0,107.0,20,105.0,107.5,0.0,0.0,0.0,0.0,278
2023-05-10 21:13:14,c2311-P-2540,c2311-P-2540,105.0,0.0,0.0,0.0,20,105.5,107.5,20,105.0,107.5,0.0,0.0,0.0,0.0,278
2023-05-10 21:13:15,c2311-P-2540,c2311-P-2540,105.0,0.0,0.0,0.0,30,105.5,107.5,30,105.0,107.5,0.0,0.0,0.0,0.0,278
2023-05-10 21:13:20,c2311-P-2540,c2311-P-2540,105.0,0.0,0.0,0.0,10,105.5,107.0,10,105.0,107.5,0.0,0.0,0.0,0.0,278
2023-05-10 21:13:20,c2311-P-2540,c2311-P-2540,105.0,0.0,0.0,0.0,20,105.5,107.5,20,105.0,107.5,0.0,0.0,0.0,0.0,278
2023-05-10 21:13:21,c2311-P-2540,c2311-P-2540,105.0,0.0,0.0,0.0,10,105.5,107.5,20,105.0,107.5,0.0,0.0,0.0,0.0,278
2023-05-10 21:13:31,c2311-P-2540,c2311-P-2540,105.0,0.0,0.0,0.0,30,105.5,107.5,20,105.0,107.5,0.0,0.0,0.0,0.0,278
2023-05-10 21:13:32,c2311-P-2540,c2311-P-2540,105.0,0.0,0.0,0.0,20,105.5,107.5,20,105.0,107.5,0.0,0.0,0.0,0.0,278
2023-05-10 21:13:34,c2311-P-2540,c2311-P-2540,105.0,0.0,0.0,0.0,20,105.5,107.0,10,105.0,107.5,0.0,0.0,0.0,0.0,278
2023-05-10 21:13:37,c2311-P-2540,c2311-P-2540,105.0,0.0,0.0,0.0,20,105.5,107.5,20,105.0,107.5,0.0,0.0,0.0,0.0,278
2023-05-10 21:13:49,c2311-P-2540,c2311-P-2540,105.0,0.0,0.0,0.0,20,105.5,107.0,10,105.0,107.5,0.0,0.0,0.0,0.0,278
2023-05-10 21:13:50,c2311-P-2540,c2311-P-2540,105.0,0.0,0.0,0.0,30,105.5,107.0,30,105.0,107.5,0.0,0.0,0.0,0.0,278
2023-05-10 21:13:50,c2311-P-2540,c2311-P-2540,105.0,0.0,0.0,0.0,20,105.5,107.0,30,105.0,107.5,0.0,0.0,0.0,0.0,278
2023-05-10 21:13:51,c2311-P-2540,c2311-P-2540,105.0,0.0,0.0,0.0,20,105.5,107.0,20,105.0,107.5,0.0,0.0,0.0,0.0,278
2023-05-10 21:13:53,c2311-P-2540,c2311-P-2540,105.0,0.0,0.0,0.0,20,105.5,107.0,10,105.0,107.5,0.0,0.0,0.0,0.0,278
2023-05-10 21:13:54,c2311-P-2540,c2311-P-2540,105.0,0.0,0.0,0.0,20,105.5,107.5,40,105.0,107.5,0.0,0.0,0.0,0.0,278
2023-05-10 21:13:54,c2311-P-2540,c2311-P-2540,105.0,0.0,0.0,0.0,20,105.5,107.0,10,105.0,107.5,0.0,0.0,0.0,0.0,278
2023-05-10 21:14:02,c2311-P-2540,c2311-P-2540,105.0,0.0,0.0,0.0,20,105.5,107.5,40,105.0,107.5,0.0,0.0,0.0,0.0,278
2023-05-10 21:14:05,c2311-P-2540,c2311-P-2540,105.0,0.0,0.0,0.0,10,105.5,107.5,30,105.0,107.5,0.0,0.0,0.0,0.0,278
2023-05-10 21:14:07,c2311-P-2540,c2311-P-2540,105.0,0.0,0.0,0.0,20,105.5,107.5,30,105.0,107.5,0.0,0.0,0.0,0.0,278
2023-05-10 21:14:07,c2311-P-2540,c2311-P-2540,105.0,0.0,0.0,0.0,30,105.5,107.5,20,105.0,107.5,0.0,0.0,0.0,0.0,278
2023-05-10 21:14:11,c2311-P-2540,c2311-P-2540,105.0,0.0,0.0,0.0,30,105.5,107.5,10,105.0,107.5,0.0,0.0,0.0,0.0,278
2023-05-10 21:14:12,c2311-P-2540,c2311-P-2540,105.0,0.0,0.0,0.0,30,105.5,108.0,30,105.0,107.5,0.0,0.0,0.0,0.0,278
2023-05-10 21:14:14,c2311-P-2540,c2311-P-2540,105.0,0.0,0.0,0.0,20,106.0,108.0,30,105.0,107.5,0.0,0.0,0.0,0.0,278
2023-05-10 21:14:19,c2311-P-2540,c2311-P-2540,105.0,0.0,0.0,0.0,20,106.0,108.0,40,105.0,107.5,0.0,0.0,0.0,0.0,278
2023-05-10 21:14:37,c2311-P-2540,c2311-P-2540,105.0,0.0,0.0,0.0,30,106.0,108.0,20,105.0,107.5,0.0,0.0,0.0,0.0,278
2023-05-10 21:14:39,c2311-P-2540,c2311-P-2540,105.0,0.0,0.0,0.0,40,106.0,108.0,10,105.0,107.5,0.0,0.0,0.0,0.0,278
2023-05-10 21:14:42,c2311-P-2540,c2311-P-2540,105.0,0.0,0.0,0.0,30,106.0,107.5,10,105.0,107.5,0.0,0.0,0.0,0.0,278
2023-05-10 21:14:42,c2311-P-2540,c2311-P-2540,107.5,2.0,2150.0,2.0,33,106.0,108.0,13,105.0,107.5,107.5,107.5,2.0,2150.0,280
2023-05-10 21:14:43,c2311-P-2540,c2311-P-2540,107.5,0.0,0.0,0.0,43,106.0,108.0,23,105.0,107.5,107.5,107.5,2.0,2150.0,280
2023-05-10 21:14:45,c2311-P-2540,c2311-P-2540,107.5,0.0,0.0,0.0,33,106.0,108.0,23,105.0,107.5,107.5,107.5,2.0,2150.0,280
2023-05-10 21:14:46,c2311-P-2540,c2311-P-2540,107.5,0.0,0.0,0.0,43,106.0,108.0,23,105.0,107.5,107.5,107.5,2.0,2150.0,280
2023-05-10 21:14:52,c2311-P-2540,c2311-P-2540,107.5,0.0,0.0,0.0,43,106.0,108.0,13,105.0,107.5,107.5,107.5,2.0,2150.0,280
2023-05-10 21:14:52,c2311-P-2540,c2311-P-2540,107.5,0.0,0.0,0.0,43,106.0,108.0,23,105.0,107.5,107.5,107.5,2.0,2150.0,280
2023-05-10 21:14:52,c2311-P-2540,c2311-P-2540,107.5,0.0,0.0,0.0,43,106.0,108.0,13,105.0,107.5,107.5,107.5,2.0,2150.0,280
2023-05-10 21:14:53,c2311-P-2540,c2311-P-2540,107.5,0.0,0.0,0.0,43,106.0,108.0,23,105.0,107.5,107.5,107.5,2.0,2150.0,280
2023-05-10 21:14:56,c2311-P-2540,c2311-P-2540,107.5,0.0,0.0,0.0,43,106.0,108.0,13,105.0,107.5,107.5,107.5,2.0,2150.0,280
2023-05-10 21:14:56,c2311-P-2540,c2311-P-2540,107.5,0.0,0.0,0.0,43,106.0,108.0,23,105.0,107.5,107.5,107.5,2.0,2150.0,280
2023-05-10 21:14:57,c2311-P-2540,c2311-P-2540,107.5,0.0,0.0,0.0,33,106.0,108.0,23,105.0,107.5,107.5,107.5,2.0,2150.0,280
2023-05-10 21:15:01,c2311-P-2540,c2311-P-2540,107.5,0.0,0.0,0.0,33,106.0,108.0,13,105.0,107.5,107.5,107.5,2.0,2150.0,280
2023-05-10 21:15:02,c2311-P-2540,c2311-P-2540,107.5,0.0,0.0,0.0,30,106.5,108.0,13,105.0,107.5,107.5,107.5,2.0,2150.0,280
2023-05-10 21:15:02,c2311-P-2540,c2311-P-2540,107.5,0.0,0.0,0.0,30,106.5,108.0,23,105.0,107.5,107.5,107.5,2.0,2150.0,280
2023-05-10 21:15:03,c2311-P-2540,c2311-P-2540,107.5,0.0,0.0,0.0,10,106.5,108.0,23,105.0,107.5,107.5,107.5,2.0,2150.0,280
2023-05-10 21:15:05,c2311-P-2540,c2311-P-2540,107.5,0.0,0.0,0.0,20,106.5,108.0,33,105.0,107.5,107.5,107.5,2.0,2150.0,280
2023-05-10 21:15:23,c2311-P-2540,c2311-P-2540,107.5,0.0,0.0,0.0,30,106.0,107.5,20,105.0,107.5,107.5,107.5,2.0,2150.0,280
2023-05-10 21:15:23,c2311-P-2540,c2311-P-2540,107.5,0.0,0.0,0.0,20,106.0,107.5,30,105.0,107.5,107.5,107.5,2.0,2150.0,280
2023-05-10 21:15:32,c2311-P-2540,c2311-P-2540,107.5,0.0,0.0,0.0,40,106.0,107.5,20,105.0,107.5,107.5,107.5,2.0,2150.0,280
2023-05-10 21:15:35,c2311-P-2540,c2311-P-2540,107.5,0.0,0.0,0.0,40,106.0,107.5,10,105.0,107.5,107.5,107.5,2.0,2150.0,280
2023-05-10 21:15:42,c2311-P-2540,c2311-P-2540,107.5,0.0,0.0,0.0,50,106.0,107.5,10,105.0,107.5,107.5,107.5,2.0,2150.0,280
2023-05-10 21:15:42,c2311-P-2540,c2311-P-2540,107.5,0.0,0.0,0.0,60,106.0,108.0,30,105.0,107.5,107.5,107.5,2.0,2150.0,280
2023-05-10 21:15:45,c2311-P-2540,c2311-P-2540,107.5,0.0,0.0,0.0,50,106.0,108.0,20,105.0,107.5,107.5,107.5,2.0,2150.0,280
2023-05-10 21:15:45,c2311-P-2540,c2311-P-2540,107.5,0.0,0.0,0.0,40,106.0,108.0,20,105.0,107.5,107.5,107.5,2.0,2150.0,280
2023-05-10 21:15:49,c2311-P-2540,c2311-P-2540,107.5,0.0,0.0,0.0,40,106.0,107.5,10,105.0,107.5,107.5,107.5,2.0,2150.0,280
2023-05-10 21:15:49,c2311-P-2540,c2311-P-2540,107.5,0.0,0.0,0.0,30,106.0,107.5,20,105.0,107.5,107.5,107.5,2.0,2150.0,280
2023-05-10 21:15:49,c2311-P-2540,c2311-P-2540,107.5,0.0,0.0,0.0,40,106.0,107.5,30,105.0,107.5,107.5,107.5,2.0,2150.0,280
2023-05-10 21:15:53,c2311-P-2540,c2311-P-2540,107.5,0.0,0.0,0.0,40,106.0,107.5,20,105.0,107.5,107.5,107.5,2.0,2150.0,280
2023-05-10 21:15:55,c2311-P-2540,c2311-P-2540,107.5,0.0,0.0,0.0,40,106.0,107.5,30,105.0,107.5,107.5,107.5,2.0,2150.0,280
2023-05-10 21:15:55,c2311-P-2540,c2311-P-2540,107.5,0.0,0.0,0.0,40,106.0,107.5,20,105.0,107.5,107.5,107.5,2.0,2150.0,280
2023-05-10 21:15:57,c2311-P-2540,c2311-P-2540,107.5,0.0,0.0,0.0,30,106.0,107.5,20,105.0,107.5,107.5,107.5,2.0,2150.0,280
2023-05-10 21:16:17,c2311-P-2540,c2311-P-2540,107.5,0.0,0.0,0.0,50,106.0,107.5,20,105.0,107.5,107.5,107.5,2.0,2150.0,280
2023-05-10 21:16:36,c2311-P-2540,c2311-P-2540,107.5,0.0,0.0,0.0,40,106.0,107.5,20,105.0,107.5,107.5,107.5,2.0,2150.0,280
2023-05-10 21:16:37,c2311-P-2540,c2311-P-2540,107.5,0.0,0.0,0.0,50,106.0,107.5,20,105.0,107.5,107.5,107.5,2.0,2150.0,280
2023-05-10 21:16:37,c2311-P-2540,c2311-P-2540,107.5,0.0,0.0,0.0,20,107.0,108.0,10,105.0,107.5,107.5,107.5,2.0,2150.0,280
2023-05-10 21:16:38,c2311-P-2540,c2311-P-2540,107.5,0.0,0.0,0.0,30,107.0,108.5,30,105.0,107.5,107.5,107.5,2.0,2150.0,280
2023-05-10 21:16:40,c2311-P-2540,c2311-P-2540,107.5,0.0,0.0,0.0,20,107.5,108.5,10,105.0,107.5,107.5,107.5,2.0,2150.0,280
2023-05-10 21:16:40,c2311-P-2540,c2311-P-2540,107.5,0.0,0.0,0.0,30,107.5,109.0,40,105.0,107.5,107.5,107.5,2.0,2150.0,280
2023-05-10 21:16:43,c2311-P-2540,c2311-P-2540,107.5,0.0,0.0,0.0,30,107.5,109.0,30,105.0,107.5,107.5,107.5,2.0,2150.0,280
2023-05-10 21:16:44,c2311-P-2540,c2311-P-2540,107.5,0.0,0.0,0.0,40,107.5,109.0,30,105.0,107.5,107.5,107.5,2.0,2150.0,280
2023-05-10 21:16:45,c2311-P-2540,c2311-P-2540,107.5,0.0,0.0,0.0,10,108.0,109.0,20,105.0,107.5,107.5,107.5,2.0,2150.0,280
2023-05-10 21:16:45,c2311-P-2540,c2311-P-2540,107.5,0.0,0.0,0.0,30,108.0,109.5,10,105.0,107.5,107.5,107.5,2.0,2150.0,280
2023-05-10 21:16:46,c2311-P-2540,c2311-P-2540,107.5,0.0,0.0,0.0,50,108.0,110.0,20,105.0,107.5,107.5,107.5,2.0,2150.0,280
2023-05-10 21:16:47,c2311-P-2540,c2311-P-2540,107.5,0.0,0.0,0.0,60,108.0,110.0,20,105.0,107.5,107.5,107.5,2.0,2150.0,280
2023-05-10 21:16:47,c2311-P-2540,c2311-P-2540,107.5,0.0,0.0,0.0,60,108.0,110.0,30,105.0,107.5,107.5,107.5,2.0,2150.0,280
2023-05-10 21:16:49,c2311-P-2540,c2311-P-2540,107.5,0.0,0.0,0.0,10,108.5,110.0,20,105.0,107.5,107.5,107.5,2.0,2150.0,280
2023-05-10 21:16:49,c2311-P-2540,c2311-P-2540,107.5,0.0,0.0,0.0,60,108.0,110.0,30,105.0,107.5,107.5,107.5,2.0,2150.0,280
2023-05-10 21:16:50,c2311-P-2540,c2311-P-2540,107.5,0.0,0.0,0.0,10,108.5,110.0,10,105.0,107.5,107.5,107.5,2.0,2150.0,280
2023-05-10 21:16:50,c2311-P-2540,c2311-P-2540,107.5,0.0,0.0,0.0,20,108.5,110.0,10,105.0,107.5,107.5,107.5,2.0,2150.0,280
2023-05-10 21:16:51,c2311-P-2540,c2311-P-2540,107.5,0.0,0.0,0.0,50,108.0,110.0,20,105.0,107.5,107.5,107.5,2.0,2150.0,280
2023-05-10 21:16:51,c2311-P-2540,c2311-P-2540,107.5,0.0,0.0,0.0,10,108.5,110.0,20,105.0,107.5,107.5,107.5,2.0,2150.0,280
2023-05-10 21:16:52,c2311-P-2540,c2311-P-2540,107.5,0.0,0.0,0.0,20,108.5,110.0,10,105.0,107.5,107.5,107.5,2.0,2150.0,280
2023-05-10 21:16:54,c2311-P-2540,c2311-P-2540,107.5,0.0,0.0,0.0,10,108.5,110.0,10,105.0,107.5,107.5,107.5,2.0,2150.0,280
2023-05-10 21:16:55,c2311-P-2540,c2311-P-2540,107.5,0.0,0.0,0.0,10,108.5,110.0,20,105.0,107.5,107.5,107.5,2.0,2150.0,280
2023-05-10 21:17:04,c2311-P-2540,c2311-P-2540,108.5,10.0,10850.0,0.0,10,108.0,109.5,13,105.0,107.5,108.5,107.5,12.0,13000.0,280
2023-05-10 21:17:05,c2311-P-2540,c2311-P-2540,108.5,0.0,0.0,0.0,23,107.5,109.0,20,105.0,107.5,108.5,107.5,12.0,13000.0,280
2023-05-10 21:17:05,c2311-P-2540,c2311-P-2540,108.5,0.0,0.0,0.0,40,107.0,109.0,30,105.0,107.5,108.5,107.5,12.0,13000.0,280
2023-05-10 21:17:06,c2311-P-2540,c2311-P-2540,108.5,0.0,0.0,0.0,30,107.0,109.0,30,105.0,107.5,108.5,107.5,12.0,13000.0,280
2023-05-10 21:17:07,c2311-P-2540,c2311-P-2540,108.5,0.0,0.0,0.0,30,107.0,108.5,20,105.0,107.5,108.5,107.5,12.0,13000.0,280
2023-05-10 21:17:10,c2311-P-2540,c2311-P-2540,108.5,0.0,0.0,0.0,40,107.0,108.5,30,105.0,107.5,108.5,107.5,12.0,13000.0,280
2023-05-10 21:17:12,c2311-P-2540,c2311-P-2540,108.5,0.0,0.0,0.0,30,106.5,108.0,10,105.0,107.5,108.5,107.5,12.0,13000.0,280
2023-05-10 21:17:13,c2311-P-2540,c2311-P-2540,108.5,0.0,0.0,0.0,30,106.5,108.0,20,105.0,107.5,108.5,107.5,12.0,13000.0,280
2023-05-10 21:17:14,c2311-P-2540,c2311-P-2540,108.5,0.0,0.0,0.0,10,106.5,108.0,30,105.0,107.5,108.5,107.5,12.0,13000.0,280
2023-05-10 21:17:14,c2311-P-2540,c2311-P-2540,108.5,0.0,0.0,0.0,30,106.0,107.5,10,105.0,107.5,108.5,107.5,12.0,13000.0,280
2023-05-10 21:17:15,c2311-P-2540,c2311-P-2540,108.5,0.0,0.0,0.0,20,106.0,107.5,20,105.0,107.5,108.5,107.5,12.0,13000.0,280
2023-05-10 21:17:19,c2311-P-2540,c2311-P-2540,108.5,0.0,0.0,0.0,30,105.5,107.5,20,105.0,107.5,108.5,107.5,12.0,13000.0,280
2023-05-10 21:17:20,c2311-P-2540,c2311-P-2540,108.5,0.0,0.0,0.0,30,105.5,107.0,10,105.0,107.5,108.5,107.5,12.0,13000.0,280
2023-05-10 21:17:20,c2311-P-2540,c2311-P-2540,108.5,0.0,0.0,0.0,30,105.5,107.0,20,105.0,107.5,108.5,107.5,12.0,13000.0,280
2023-05-10 21:17:25,c2311-P-2540,c2311-P-2540,108.5,0.0,0.0,0.0,40,105.5,107.0,30,105.0,107.5,108.5,107.5,12.0,13000.0,280
2023-05-10 21:17:28,c2311-P-2540,c2311-P-2540,108.5,0.0,0.0,0.0,30,105.5,107.0,30,105.0,107.5,108.5,107.5,12.0,13000.0,280
2023-05-10 21:17:29,c2311-P-2540,c2311-P-2540,108.5,0.0,0.0,0.0,30,105.0,107.0,50,105.0,107.5,108.5,107.5,12.0,13000.0,280
2023-05-10 21:17:29,c2311-P-2540,c2311-P-2540,108.5,0.0,0.0,0.0,20,105.5,107.0,30,105.0,107.5,108.5,107.5,12.0,13000.0,280
2023-05-10 21:17:30,c2311-P-2540,c2311-P-2540,108.5,0.0,0.0,0.0,10,105.5,107.0,30,105.0,107.5,108.5,107.5,12.0,13000.0,280
2023-05-10 21:17:32,c2311-P-2540,c2311-P-2540,108.5,0.0,0.0,0.0,10,105.5,106.5,20,105.0,107.5,108.5,107.5,12.0,13000.0,280
2023-05-10 21:17:37,c2311-P-2540,c2311-P-2540,108.5,0.0,0.0,0.0,20,105.5,106.5,10,105.0,107.5,108.5,107.5,12.0,13000.0,280
2023-05-10 21:17:38,c2311-P-2540,c2311-P-2540,108.5,0.0,0.0,0.0,10,105.5,106.5,10,105.0,107.5,108.5,107.5,12.0,13000.0,280
2023-05-10 21:17:38,c2311-P-2540,c2311-P-2540,108.5,0.0,0.0,0.0,20,105.5,106.5,20,105.0,107.5,108.5,107.5,12.0,13000.0,280
2023-05-10 21:17:39,c2311-P-2540,c2311-P-2540,108.5,0.0,0.0,0.0,10,106.0,107.0,30,105.0,107.5,108.5,107.5,12.0,13000.0,280
2023-05-10 21:17:39,c2311-P-2540,c2311-P-2540,108.5,0.0,0.0,0.0,20,106.0,107.0,30,105.0,107.5,108.5,107.5,12.0,13000.0,280
2023-05-10 21:17:40,c2311-P-2540,c2311-P-2540,108.5,0.0,0.0,0.0,20,106.0,107.0,20,105.0,107.5,108.5,107.5,12.0,13000.0,280
2023-05-10 21:17:42,c2311-P-2540,c2311-P-2540,108.5,0.0,0.0,0.0,20,106.0,107.0,10,105.0,107.5,108.5,107.5,12.0,13000.0,280
2023-05-10 21:17:43,c2311-P-2540,c2311-P-2540,108.5,0.0,0.0,0.0,30,106.0,107.5,30,105.0,107.5,108.5,107.5,12.0,13000.0,280
2023-05-10 21:17:52,c2311-P-2540,c2311-P-2540,108.5,0.0,0.0,0.0,30,106.0,107.0,10,105.0,107.5,108.5,107.5,12.0,13000.0,280
2023-05-10 21:17:53,c2311-P-2540,c2311-P-2540,108.5,0.0,0.0,0.0,30,105.5,107.0,30,105.0,107.5,108.5,107.5,12.0,13000.0,280
2023-05-10 21:17:53,c2311-P-2540,c2311-P-2540,108.5,0.0,0.0,0.0,20,105.5,107.0,30,105.0,107.5,108.5,107.5,12.0,13000.0,280
2023-05-10 21:17:54,c2311-P-2540,c2311-P-2540,108.5,0.0,0.0,0.0,10,105.5,107.0,30,105.0,107.5,108.5,107.5,12.0,13000.0,280
2023-05-10 21:17:55,c2311-P-2540,c2311-P-2540,108.5,0.0,0.0,0.0,10,105.5,107.0,20,105.0,107.5,108.5,107.5,12.0,13000.0,280
2023-05-10 21:17:55,c2311-P-2540,c2311-P-2540,108.5,0.0,0.0,0.0,10,105.5,106.5,20,105.0,107.5,108.5,107.5,12.0,13000.0,280
2023-05-10 21:17:56,c2311-P-2540,c2311-P-2540,108.5,0.0,0.0,0.0,10,105.5,106.5,10,105.0,107.5,108.5,107.5,12.0,13000.0,280
2023-05-10 21:17:57,c2311-P-2540,c2311-P-2540,108.5,0.0,0.0,0.0,10,105.5,106.5,20,105.0,107.5,108.5,107.5,12.0,13000.0,280
2023-05-10 21:18:00,c2311-P-2540,c2311-P-2540,108.5,0.0,0.0,0.0,10,105.5,106.5,30,105.0,107.5,108.5,107.5,12.0,13000.0,280
2023-05-10 21:18:03,c2311-P-2540,c2311-P-2540,108.5,0.0,0.0,0.0,10,105.5,106.5,20,105.0,107.5,108.5,107.5,12.0,13000.0,280
2023-05-10 21:18:05,c2311-P-2540,c2311-P-2540,108.5,0.0,0.0,0.0,10,105.5,106.5,30,105.0,107.5,108.5,107.5,12.0,13000.0,280
2023-05-10 21:18:05,c2311-P-2540,c2311-P-2540,108.5,0.0,0.0,0.0,10,105.5,106.5,20,105.0,107.5,108.5,107.5,12.0,13000.0,280
2023-05-10 21:18:07,c2311-P-2540,c2311-P-2540,108.5,0.0,0.0,0.0,10,105.5,106.5,30,105.0,107.5,108.5,107.5,12.0,13000.0,280
2023-05-10 21:18:13,c2311-P-2540,c2311-P-2540,108.5,0.0,0.0,0.0,10,105.5,106.5,20,105.0,107.5,108.5,107.5,12.0,13000.0,280
2023-05-10 21:18:13,c2311-P-2540,c2311-P-2540,108.5,0.0,0.0,0.0,20,105.5,106.5,20,105.0,107.5,108.5,107.5,12.0,13000.0,280
2023-05-10 21:18:15,c2311-P-2540,c2311-P-2540,108.5,0.0,0.0,0.0,10,106.0,107.0,30,105.0,107.5,108.5,107.5,12.0,13000.0,280
2023-05-10 21:18:16,c2311-P-2540,c2311-P-2540,108.5,0.0,0.0,0.0,20,106.0,107.0,30,105.0,107.5,108.5,107.5,12.0,13000.0,280
2023-05-10 21:18:16,c2311-P-2540,c2311-P-2540,108.5,0.0,0.0,0.0,20,106.0,107.0,20,105.0,107.5,108.5,107.5,12.0,13000.0,280
2023-05-10 21:18:18,c2311-P-2540,c2311-P-2540,108.5,0.0,0.0,0.0,20,106.5,107.5,20,105.0,107.5,108.5,107.5,12.0,13000.0,280
2023-05-10 21:18:18,c2311-P-2540,c2311-P-2540,108.5,0.0,0.0,0.0,10,106.5,107.5,20,105.0,107.5,108.5,107.5,12.0,13000.0,280
2023-05-10 21:18:19,c2311-P-2540,c2311-P-2540,108.5,0.0,0.0,0.0,20,106.5,107.5,20,105.0,107.5,108.5,107.5,12.0,13000.0,280
2023-05-10 21:18:22,c2311-P-2540,c2311-P-2540,108.5,0.0,0.0,0.0,10,106.5,107.5,20,105.0,107.5,108.5,107.5,12.0,13000.0,280
2023-05-10 21:18:25,c2311-P-2540,c2311-P-2540,108.5,0.0,0.0,0.0,20,106.5,107.5,20,105.0,107.5,108.5,107.5,12.0,13000.0,280
2023-05-10 21:18:26,c2311-P-2540,c2311-P-2540,108.5,0.0,0.0,0.0,10,106.5,107.5,20,105.0,107.5,108.5,107.5,12.0,13000.0,280
2023-05-10 21:18:26,c2311-P-2540,c2311-P-2540,108.5,0.0,0.0,0.0,20,106.5,107.5,20,105.0,107.5,108.5,107.5,12.0,13000.0,280
2023-05-10 21:18:28,c2311-P-2540,c2311-P-2540,108.5,0.0,0.0,0.0,10,106.5,107.5,20,105.0,107.5,108.5,107.5,12.0,13000.0,280
2023-05-10 21:18:33,c2311-P-2540,c2311-P-2540,108.5,0.0,0.0,0.0,10,106.5,107.5,30,105.0,107.5,108.5,107.5,12.0,13000.0,280
2023-05-10 21:18:36,c2311-P-2540,c2311-P-2540,108.5,0.0,0.0,0.0,20,106.5,107.5,30,105.0,107.5,108.5,107.5,12.0,13000.0,280
2023-05-10 21:18:38,c2311-P-2540,c2311-P-2540,108.5,0.0,0.0,0.0,30,106.5,107.5,10,105.0,107.5,108.5,107.5,12.0,13000.0,280
2023-05-10 21:18:39,c2311-P-2540,c2311-P-2540,108.5,0.0,0.0,0.0,20,106.5,108.0,20,105.0,107.5,108.5,107.5,12.0,13000.0,280
2023-05-10 21:18:39,c2311-P-2540,c2311-P-2540,108.5,0.0,0.0,0.0,30,106.5,108.0,30,105.0,107.5,108.5,107.5,12.0,13000.0,280
2023-05-10 21:18:42,c2311-P-2540,c2311-P-2540,108.5,0.0,0.0,0.0,10,107.0,108.0,30,105.0,107.5,108.5,107.5,12.0,13000.0,280
2023-05-10 21:18:44,c2311-P-2540,c2311-P-2540,108.5,0.0,0.0,0.0,20,107.0,108.0,20,105.0,107.5,108.5,107.5,12.0,13000.0,280
2023-05-10 21:18:44,c2311-P-2540,c2311-P-2540,108.5,0.0,0.0,0.0,20,107.0,108.5,20,105.0,107.5,108.5,107.5,12.0,13000.0,280
2023-05-10 21:18:44,c2311-P-2540,c2311-P-2540,108.5,0.0,0.0,0.0,30,107.0,108.5,30,105.0,107.5,108.5,107.5,12.0,13000.0,280
2023-05-10 21:18:51,c2311-P-2540,c2311-P-2540,108.5,0.0,0.0,0.0,30,107.0,108.5,20,105.0,107.5,108.5,107.5,12.0,13000.0,280
2023-05-10 21:19:01,c2311-P-2540,c2311-P-2540,108.5,0.0,0.0,0.0,10,108.0,108.5,10,105.0,107.5,108.5,107.5,12.0,13000.0,280
2023-05-10 21:19:02,c2311-P-2540,c2311-P-2540,108.5,0.0,0.0,0.0,10,108.0,109.0,30,105.0,107.5,108.5,107.5,12.0,13000.0,280
2023-05-10 21:19:02,c2311-P-2540,c2311-P-2540,108.5,0.0,0.0,0.0,10,108.0,109.0,40,105.0,107.5,108.5,107.5,12.0,13000.0,280
2023-05-10 21:19:04,c2311-P-2540,c2311-P-2540,108.5,0.0,0.0,0.0,20,108.0,109.0,40,105.0,107.5,108.5,107.5,12.0,13000.0,280
2023-05-10 21:19:06,c2311-P-2540,c2311-P-2540,108.5,0.0,0.0,0.0,10,107.5,109.0,40,105.0,107.5,108.5,107.5,12.0,13000.0,280
2023-05-10 21:19:10,c2311-P-2540,c2311-P-2540,108.5,0.0,0.0,0.0,10,107.5,109.0,30,105.0,107.5,108.5,107.5,12.0,13000.0,280
2023-05-10 21:19:21,c2311-P-2540,c2311-P-2540,108.5,0.0,0.0,0.0,20,107.5,109.0,30,105.0,107.5,108.5,107.5,12.0,13000.0,280
2023-05-10 21:19:23,c2311-P-2540,c2311-P-2540,108.5,0.0,0.0,0.0,10,108.0,109.0,30,105.0,107.5,108.5,107.5,12.0,13000.0,280
2023-05-10 21:19:23,c2311-P-2540,c2311-P-2540,108.5,0.0,0.0,0.0,20,108.0,109.0,30,105.0,107.5,108.5,107.5,12.0,13000.0,280
2023-05-10 21:19:25,c2311-P-2540,c2311-P-2540,108.5,0.0,0.0,0.0,20,108.0,109.0,40,105.0,107.5,108.5,107.5,12.0,13000.0,280
2023-05-10 21:19:35,c2311-P-2540,c2311-P-2540,108.5,0.0,0.0,0.0,20,108.0,109.0,30,105.0,107.5,108.5,107.5,12.0,13000.0,280
2023-05-10 21:19:36,c2311-P-2540,c2311-P-2540,108.5,0.0,0.0,0.0,20,108.0,109.0,10,105.0,107.5,108.5,107.5,12.0,13000.0,280
2023-05-10 21:19:37,c2311-P-2540,c2311-P-2540,108.5,0.0,0.0,0.0,30,108.0,109.5,30,105.0,107.5,108.5,107.5,12.0,13000.0,280
2023-05-10 21:19:37,c2311-P-2540,c2311-P-2540,108.5,0.0,0.0,0.0,20,108.0,109.5,30,105.0,107.5,108.5,107.5,12.0,13000.0,280
2023-05-10 21:19:40,c2311-P-2540,c2311-P-2540,108.5,0.0,0.0,0.0,20,108.0,109.5,20,105.0,107.5,108.5,107.5,12.0,13000.0,280
2023-05-10 21:19:44,c2311-P-2540,c2311-P-2540,108.5,0.0,0.0,0.0,20,108.0,109.0,20,105.0,107.5,108.5,107.5,12.0,13000.0,280
2023-05-10 21:19:45,c2311-P-2540,c2311-P-2540,108.5,0.0,0.0,0.0,20,108.0,109.0,30,105.0,107.5,108.5,107.5,12.0,13000.0,280
2023-05-10 21:19:54,c2311-P-2540,c2311-P-2540,108.5,0.0,0.0,0.0,30,108.0,109.0,10,105.0,107.5,108.5,107.5,12.0,13000.0,280
2023-05-10 21:19:54,c2311-P-2540,c2311-P-2540,108.5,0.0,0.0,0.0,30,108.0,109.5,30,105.0,107.5,108.5,107.5,12.0,13000.0,280
2023-05-10 21:19:55,c2311-P-2540,c2311-P-2540,108.5,0.0,0.0,0.0,30,108.0,109.5,20,105.0,107.5,108.5,107.5,12.0,13000.0,280
2023-05-10 21:19:57,c2311-P-2540,c2311-P-2540,108.5,0.0,0.0,0.0,20,108.0,109.0,10,105.0,107.5,108.5,107.5,12.0,13000.0,280
2023-05-10 21:19:57,c2311-P-2540,c2311-P-2540,108.5,0.0,0.0,0.0,30,108.0,109.0,20,105.0,107.5,108.5,107.5,12.0,13000.0,280
2023-05-10 21:19:57,c2311-P-2540,c2311-P-2540,108.5,0.0,0.0,0.0,20,108.0,109.0,20,105.0,107.5,108.5,107.5,12.0,13000.0,280
2023-05-10 21:19:59,c2311-P-2540,c2311-P-2540,108.5,0.0,0.0,0.0,20,108.0,109.0,10,105.0,107.5,108.5,107.5,12.0,13000.0,280
2023-05-10 21:20:00,c2311-P-2540,c2311-P-2540,109.0,10.0,10900.0,0.0,3,108.5,109.0,10,105.0,107.5,109.0,107.5,22.0,23900.0,280
2023-05-10 21:20:00,c2311-P-2540,c2311-P-2540,109.0,6.0,6540.0,0.0,23,108.5,109.5,10,105.0,107.5,109.0,107.5,28.0,30440.0,280
2023-05-10 21:20:01,c2311-P-2540,c2311-P-2540,109.0,0.0,0.0,0.0,33,108.5,109.5,20,105.0,107.5,109.0,107.5,28.0,30440.0,280
2023-05-10 21:20:04,c2311-P-2540,c2311-P-2540,109.5,10.0,10950.0,-10.0,63,108.5,110.0,20,105.0,107.5,109.5,107.5,38.0,41390.0,270
2023-05-10 21:20:05,c2311-P-2540,c2311-P-2540,109.5,0.0,0.0,0.0,53,108.5,110.0,20,105.0,107.5,109.5,107.5,38.0,41390.0,270
2023-05-10 21:20:05,c2311-P-2540,c2311-P-2540,109.5,0.0,0.0,0.0,43,108.5,110.0,20,105.0,107.5,109.5,107.5,38.0,41390.0,270
2023-05-10 21:20:05,c2311-P-2540,c2311-P-2540,109.5,0.0,0.0,0.0,33,108.5,110.0,20,105.0,107.5,109.5,107.5,38.0,41390.0,270
2023-05-10 21:20:07,c2311-P-2540,c2311-P-2540,109.5,0.0,0.0,0.0,43,108.5,110.0,20,105.0,107.5,109.5,107.5,38.0,41390.0,270
2023-05-10 21:20:09,c2311-P-2540,c2311-P-2540,109.5,0.0,0.0,0.0,33,108.5,110.0,20,105.0,107.5,109.5,107.5,38.0,41390.0,270
2023-05-10 21:20:10,c2311-P-2540,c2311-P-2540,109.5,0.0,0.0,0.0,43,108.5,110.0,20,105.0,107.5,109.5,107.5,38.0,41390.0,270
2023-05-10 21:20:13,c2311-P-2540,c2311-P-2540,109.5,0.0,0.0,0.0,33,108.5,110.0,20,105.0,107.5,109.5,107.5,38.0,41390.0,270
2023-05-10 21:20:14,c2311-P-2540,c2311-P-2540,109.5,0.0,0.0,0.0,43,108.5,110.0,20,105.0,107.5,109.5,107.5,38.0,41390.0,270
2023-05-10 21:20:16,c2311-P-2540,c2311-P-2540,109.5,0.0,0.0,0.0,33,108.5,110.5,23,105.0,107.5,109.5,107.5,38.0,41390.0,270
2023-05-10 21:20:16,c2311-P-2540,c2311-P-2540,109.5,0.0,0.0,0.0,43,108.5,110.5,33,105.0,107.5,109.5,107.5,38.0,41390.0,270
2023-05-10 21:20:17,c2311-P-2540,c2311-P-2540,109.5,0.0,0.0,0.0,53,108.5,110.5,23,105.0,107.5,109.5,107.5,38.0,41390.0,270
2023-05-10 21:20:18,c2311-P-2540,c2311-P-2540,109.5,0.0,0.0,0.0,20,109.0,110.5,23,105.0,107.5,109.5,107.5,38.0,41390.0,270
2023-05-10 21:20:19,c2311-P-2540,c2311-P-2540,109.5,0.0,0.0,0.0,20,109.0,110.5,13,105.0,107.5,109.5,107.5,38.0,41390.0,270
2023-05-10 21:20:19,c2311-P-2540,c2311-P-2540,109.5,0.0,0.0,0.0,20,109.0,110.5,10,105.0,107.5,109.5,107.5,38.0,41390.0,270
2023-05-10 21:20:20,c2311-P-2540,c2311-P-2540,109.5,0.0,0.0,0.0,30,109.0,111.0,30,105.0,107.5,109.5,107.5,38.0,41390.0,270
2023-05-10 21:20:21,c2311-P-2540,c2311-P-2540,109.5,0.0,0.0,0.0,20,109.0,111.0,30,105.0,107.5,109.5,107.5,38.0,41390.0,270
2023-05-10 21:20:23,c2311-P-2540,c2311-P-2540,109.5,0.0,0.0,0.0,10,109.0,110.5,20,105.0,107.5,109.5,107.5,38.0,41390.0,270
2023-05-10 21:20:29,c2311-P-2540,c2311-P-2540,109.5,0.0,0.0,0.0,10,109.0,111.0,20,105.0,107.5,109.5,107.5,38.0,41390.0,270
2023-05-10 21:20:34,c2311-P-2540,c2311-P-2540,109.5,0.0,0.0,0.0,20,109.0,111.0,20,105.0,107.5,109.5,107.5,38.0,41390.0,270
2023-05-10 21:20:36,c2311-P-2540,c2311-P-2540,109.5,0.0,0.0,0.0,10,109.0,111.0,20,105.0,107.5,109.5,107.5,38.0,41390.0,270
2023-05-10 21:20:38,c2311-P-2540,c2311-P-2540,109.5,0.0,0.0,0.0,20,109.0,111.0,20,105.0,107.5,109.5,107.5,38.0,41390.0,270
2023-05-10 21:20:43,c2311-P-2540,c2311-P-2540,109.5,0.0,0.0,0.0,10,109.0,110.5,20,105.0,107.5,109.5,107.5,38.0,41390.0,270
2023-05-10 21:20:45,c2311-P-2540,c2311-P-2540,109.5,0.0,0.0,0.0,20,109.0,110.5,30,105.0,107.5,109.5,107.5,38.0,41390.0,270
2023-05-10 21:20:46,c2311-P-2540,c2311-P-2540,109.5,0.0,0.0,0.0,20,109.0,110.5,20,105.0,107.5,109.5,107.5,38.0,41390.0,270
2023-05-10 21:20:51,c2311-P-2540,c2311-P-2540,109.5,0.0,0.0,0.0,30,109.0,110.5,20,105.0,107.5,109.5,107.5,38.0,41390.0,270
2023-05-10 21:20:51,c2311-P-2540,c2311-P-2540,109.5,0.0,0.0,0.0,20,109.0,110.5,20,105.0,107.5,109.5,107.5,38.0,41390.0,270
2023-05-10 21:20:52,c2311-P-2540,c2311-P-2540,109.5,0.0,0.0,0.0,20,109.0,110.5,10,105.0,107.5,109.5,107.5,38.0,41390.0,270
2023-05-10 21:20:52,c2311-P-2540,c2311-P-2540,109.5,0.0,0.0,0.0,20,109.0,111.0,40,105.0,107.5,109.5,107.5,38.0,41390.0,270
2023-05-10 21:20:52,c2311-P-2540,c2311-P-2540,109.5,0.0,0.0,0.0,20,109.0,110.5,10,105.0,107.5,109.5,107.5,38.0,41390.0,270
2023-05-10 21:20:55,c2311-P-2540,c2311-P-2540,109.5,0.0,0.0,0.0,20,109.0,110.5,30,105.0,107.5,109.5,107.5,38.0,41390.0,270
2023-05-10 21:20:56,c2311-P-2540,c2311-P-2540,109.5,0.0,0.0,0.0,20,109.0,110.5,20,105.0,107.5,109.5,107.5,38.0,41390.0,270
2023-05-10 21:21:00,c2311-P-2540,c2311-P-2540,109.5,0.0,0.0,0.0,20,109.0,110.5,10,105.0,107.5,109.5,107.5,38.0,41390.0,270
2023-05-10 21:21:07,c2311-P-2540,c2311-P-2540,109.5,0.0,0.0,0.0,30,109.0,110.5,10,105.0,107.5,109.5,107.5,38.0,41390.0,270
2023-05-10 21:21:07,c2311-P-2540,c2311-P-2540,109.5,0.0,0.0,0.0,20,109.0,110.5,10,105.0,107.5,109.5,107.5,38.0,41390.0,270
2023-05-10 21:21:10,c2311-P-2540,c2311-P-2540,109.5,0.0,0.0,0.0,30,109.0,110.5,10,105.0,107.5,109.5,107.5,38.0,41390.0,270
2023-05-10 21:21:28,c2311-P-2540,c2311-P-2540,109.5,0.0,0.0,0.0,20,109.0,110.5,30,105.0,107.5,109.5,107.5,38.0,41390.0,270
2023-05-10 21:21:29,c2311-P-2540,c2311-P-2540,109.5,0.0,0.0,0.0,10,108.5,110.0,20,105.0,107.5,109.5,107.5,38.0,41390.0,270
2023-05-10 21:21:30,c2311-P-2540,c2311-P-2540,109.5,0.0,0.0,0.0,40,108.0,110.0,10,105.0,107.5,109.5,107.5,38.0,41390.0,270
2023-05-10 21:21:30,c2311-P-2540,c2311-P-2540,109.5,0.0,0.0,0.0,10,108.5,110.0,20,105.0,107.5,109.5,107.5,38.0,41390.0,270
2023-05-10 21:21:31,c2311-P-2540,c2311-P-2540,109.5,0.0,0.0,0.0,20,108.5,110.0,40,105.0,107.5,109.5,107.5,38.0,41390.0,270
2023-05-10 21:21:31,c2311-P-2540,c2311-P-2540,109.5,0.0,0.0,0.0,20,108.5,110.0,30,105.0,107.5,109.5,107.5,38.0,41390.0,270
2023-05-10 21:21:32,c2311-P-2540,c2311-P-2540,109.5,0.0,0.0,0.0,20,108.5,110.0,40,105.0,107.5,109.5,107.5,38.0,41390.0,270
2023-05-10 21:21:47,c2311-P-2540,c2311-P-2540,109.5,0.0,0.0,0.0,20,108.5,109.5,10,105.0,107.5,109.5,107.5,38.0,41390.0,270
2023-05-10 21:21:47,c2311-P-2540,c2311-P-2540,109.5,0.0,0.0,0.0,10,108.5,109.5,30,105.0,107.5,109.5,107.5,38.0,41390.0,270
2023-05-10 21:21:48,c2311-P-2540,c2311-P-2540,109.5,0.0,0.0,0.0,10,108.5,109.5,20,105.0,107.5,109.5,107.5,38.0,41390.0,270
2023-05-10 21:21:48,c2311-P-2540,c2311-P-2540,109.5,0.0,0.0,0.0,10,108.5,110.0,20,105.0,107.5,109.5,107.5,38.0,41390.0,270
2023-05-10 21:21:48,c2311-P-2540,c2311-P-2540,109.5,0.0,0.0,0.0,20,108.5,110.0,30,105.0,107.5,109.5,107.5,38.0,41390.0,270
2023-05-10 21:21:52,c2311-P-2540,c2311-P-2540,109.5,0.0,0.0,0.0,30,108.5,110.0,30,105.0,107.5,109.5,107.5,38.0,41390.0,270
2023-05-10 21:21:53,c2311-P-2540,c2311-P-2540,109.5,0.0,0.0,0.0,20,108.5,110.0,30,105.0,107.5,109.5,107.5,38.0,41390.0,270
2023-05-10 21:22:18,c2311-P-2540,c2311-P-2540,109.5,0.0,0.0,0.0,40,108.5,110.0,10,105.0,107.5,109.5,107.5,38.0,41390.0,270
2023-05-10 21:22:18,c2311-P-2540,c2311-P-2540,109.5,0.0,0.0,0.0,40,108.5,110.5,30,105.0,107.5,109.5,107.5,38.0,41390.0,270
2023-05-10 21:22:18,c2311-P-2540,c2311-P-2540,109.5,0.0,0.0,0.0,30,108.5,110.5,20,105.0,107.5,109.5,107.5,38.0,41390.0,270
2023-05-10 21:22:19,c2311-P-2540,c2311-P-2540,109.5,0.0,0.0,0.0,40,108.5,110.5,20,105.0,107.5,109.5,107.5,38.0,41390.0,270
2023-05-10 21:22:20,c2311-P-2540,c2311-P-2540,109.5,0.0,0.0,0.0,30,108.5,110.5,10,105.0,107.5,109.5,107.5,38.0,41390.0,270
2023-05-10 21:22:27,c2311-P-2540,c2311-P-2540,109.5,0.0,0.0,0.0,40,108.5,111.0,20,105.0,107.5,109.5,107.5,38.0,41390.0,270
2023-05-10 21:22:29,c2311-P-2540,c2311-P-2540,109.5,0.0,0.0,0.0,30,108.5,110.5,10,105.0,107.5,109.5,107.5,38.0,41390.0,270
2023-05-10 21:22:38,c2311-P-2540,c2311-P-2540,109.5,0.0,0.0,0.0,20,108.5,110.5,10,105.0,107.5,109.5,107.5,38.0,41390.0,270
2023-05-10 21:22:47,c2311-P-2540,c2311-P-2540,109.5,0.0,0.0,0.0,10,109.0,111.0,10,105.0,107.5,109.5,107.5,38.0,41390.0,270
2023-05-10 21:22:47,c2311-P-2540,c2311-P-2540,109.5,0.0,0.0,0.0,20,109.0,111.0,10,105.0,107.5,109.5,107.5,38.0,41390.0,270
2023-05-10 21:22:48,c2311-P-2540,c2311-P-2540,109.5,0.0,0.0,0.0,30,109.0,111.5,30,105.0,107.5,109.5,107.5,38.0,41390.0,270
2023-05-10 21:22:50,c2311-P-2540,c2311-P-2540,109.5,0.0,0.0,0.0,40,109.0,111.5,30,105.0,107.5,109.5,107.5,38.0,41390.0,270
2023-05-10 21:22:51,c2311-P-2540,c2311-P-2540,109.5,0.0,0.0,0.0,40,109.0,111.5,20,105.0,107.5,109.5,107.5,38.0,41390.0,270
2023-05-10 21:22:53,c2311-P-2540,c2311-P-2540,109.5,0.0,0.0,0.0,50,109.0,111.5,10,105.0,107.5,109.5,107.5,38.0,41390.0,270
2023-05-10 21:22:59,c2311-P-2540,c2311-P-2540,109.5,0.0,0.0,0.0,50,109.0,112.0,20,105.0,107.5,109.5,107.5,38.0,41390.0,270
2023-05-10 21:23:12,c2311-P-2540,c2311-P-2540,109.5,0.0,0.0,0.0,40,109.0,111.5,10,105.0,107.5,109.5,107.5,38.0,41390.0,270
2023-05-10 21:23:12,c2311-P-2540,c2311-P-2540,109.5,0.0,0.0,0.0,50,109.0,112.0,20,105.0,107.5,109.5,107.5,38.0,41390.0,270
2023-05-10 21:23:39,c2311-P-2540,c2311-P-2540,109.5,0.0,0.0,0.0,30,109.0,111.5,20,105.0,107.5,109.5,107.5,38.0,41390.0,270
2023-05-10 21:23:39,c2311-P-2540,c2311-P-2540,109.5,0.0,0.0,0.0,30,109.0,111.5,30,105.0,107.5,109.5,107.5,38.0,41390.0,270
2023-05-10 21:23:41,c2311-P-2540,c2311-P-2540,109.5,0.0,0.0,0.0,10,109.5,112.0,20,105.0,107.5,109.5,107.5,38.0,41390.0,270
2023-05-10 21:23:41,c2311-P-2540,c2311-P-2540,109.5,0.0,0.0,0.0,30,109.5,112.0,20,105.0,107.5,109.5,107.5,38.0,41390.0,270
2023-05-10 21:23:43,c2311-P-2540,c2311-P-2540,109.5,0.0,0.0,0.0,20,109.5,111.5,10,105.0,107.5,109.5,107.5,38.0,41390.0,270
2023-05-10 21:23:43,c2311-P-2540,c2311-P-2540,109.5,0.0,0.0,0.0,30,109.5,112.0,20,105.0,107.5,109.5,107.5,38.0,41390.0,270
2023-05-10 21:24:06,c2311-P-2540,c2311-P-2540,109.5,0.0,0.0,0.0,20,109.5,111.5,10,105.0,107.5,109.5,107.5,38.0,41390.0,270
2023-05-10 21:24:07,c2311-P-2540,c2311-P-2540,109.5,0.0,0.0,0.0,10,109.5,111.5,30,105.0,107.5,109.5,107.5,38.0,41390.0,270
2023-05-10 21:24:09,c2311-P-2540,c2311-P-2540,109.5,0.0,0.0,0.0,10,109.5,111.5,20,105.0,107.5,109.5,107.5,38.0,41390.0,270
2023-05-10 21:24:31,c2311-P-2540,c2311-P-2540,109.5,0.0,0.0,0.0,10,109.5,111.5,30,105.0,107.5,109.5,107.5,38.0,41390.0,270
2023-05-10 21:24:31,c2311-P-2540,c2311-P-2540,109.5,0.0,0.0,0.0,10,109.5,111.0,20,105.0,107.5,109.5,107.5,38.0,41390.0,270
2023-05-10 21:24:37,c2311-P-2540,c2311-P-2540,109.5,0.0,0.0,0.0,30,109.5,111.0,10,105.0,107.5,109.5,107.5,38.0,41390.0,270
2023-05-10 21:24:40,c2311-P-2540,c2311-P-2540,109.5,0.0,0.0,0.0,40,109.5,111.0,20,105.0,107.5,109.5,107.5,38.0,41390.0,270
2023-05-10 21:24:44,c2311-P-2540,c2311-P-2540,109.5,0.0,0.0,0.0,50,109.5,111.5,20,105.0,107.5,109.5,107.5,38.0,41390.0,270
2023-05-10 21:24:45,c2311-P-2540,c2311-P-2540,109.5,0.0,0.0,0.0,40,109.5,112.0,20,105.0,107.5,109.5,107.5,38.0,41390.0,270
2023-05-10 21:24:49,c2311-P-2540,c2311-P-2540,109.5,0.0,0.0,0.0,50,109.5,112.0,20,105.0,107.5,109.5,107.5,38.0,41390.0,270
2023-05-10 21:24:50,c2311-P-2540,c2311-P-2540,109.5,0.0,0.0,0.0,10,110.0,112.0,10,105.0,107.5,109.5,107.5,38.0,41390.0,270
2023-05-10 21:24:50,c2311-P-2540,c2311-P-2540,109.5,0.0,0.0,0.0,30,110.0,112.0,20,105.0,107.5,109.5,107.5,38.0,41390.0,270
2023-05-10 21:24:57,c2311-P-2540,c2311-P-2540,109.5,0.0,0.0,0.0,30,110.0,112.0,10,105.0,107.5,109.5,107.5,38.0,41390.0,270
2023-05-10 21:24:57,c2311-P-2540,c2311-P-2540,109.5,0.0,0.0,0.0,30,110.0,112.0,20,105.0,107.5,109.5,107.5,38.0,41390.0,270
2023-05-10 21:25:00,c2311-P-2540,c2311-P-2540,109.5,0.0,0.0,0.0,20,110.0,112.0,20,105.0,107.5,109.5,107.5,38.0,41390.0,270
2023-05-10 21:25:00,c2311-P-2540,c2311-P-2540,109.5,0.0,0.0,0.0,30,110.0,112.0,20,105.0,107.5,109.5,107.5,38.0,41390.0,270
2023-05-10 21:25:01,c2311-P-2540,c2311-P-2540,109.5,0.0,0.0,0.0,40,110.0,112.0,10,105.0,107.5,109.5,107.5,38.0,41390.0,270
2023-05-10 21:25:02,c2311-P-2540,c2311-P-2540,109.5,0.0,0.0,0.0,50,110.0,112.0,10,105.0,107.5,109.5,107.5,38.0,41390.0,270
2023-05-10 21:25:02,c2311-P-2540,c2311-P-2540,109.5,0.0,0.0,0.0,50,110.0,112.5,20,105.0,107.5,109.5,107.5,38.0,41390.0,270
2023-05-10 21:25:04,c2311-P-2540,c2311-P-2540,109.5,0.0,0.0,0.0,30,110.5,113.0,30,105.0,107.5,109.5,107.5,38.0,41390.0,270
2023-05-10 21:25:05,c2311-P-2540,c2311-P-2540,109.5,0.0,0.0,0.0,30,110.5,113.0,10,105.0,107.5,109.5,107.5,38.0,41390.0,270
2023-05-10 21:25:07,c2311-P-2540,c2311-P-2540,109.5,0.0,0.0,0.0,30,111.0,113.5,20,105.0,107.5,109.5,107.5,38.0,41390.0,270
2023-05-10 21:25:08,c2311-P-2540,c2311-P-2540,109.5,0.0,0.0,0.0,40,111.0,113.5,20,105.0,107.5,109.5,107.5,38.0,41390.0,270
2023-05-10 21:25:09,c2311-P-2540,c2311-P-2540,109.5,0.0,0.0,0.0,30,111.0,113.0,10,105.0,107.5,109.5,107.5,38.0,41390.0,270
2023-05-10 21:25:10,c2311-P-2540,c2311-P-2540,109.5,0.0,0.0,0.0,30,111.0,113.0,20,105.0,107.5,109.5,107.5,38.0,41390.0,270
2023-05-10 21:25:11,c2311-P-2540,c2311-P-2540,109.5,0.0,0.0,0.0,20,111.0,113.0,20,105.0,107.5,109.5,107.5,38.0,41390.0,270
2023-05-10 21:25:17,c2311-P-2540,c2311-P-2540,109.5,0.0,0.0,0.0,20,111.0,112.5,20,105.0,107.5,109.5,107.5,38.0,41390.0,270
2023-05-10 21:25:19,c2311-P-2540,c2311-P-2540,109.5,0.0,0.0,0.0,30,111.0,112.5,30,105.0,107.5,109.5,107.5,38.0,41390.0,270
2023-05-10 21:25:29,c2311-P-2540,c2311-P-2540,109.5,0.0,0.0,0.0,20,110.5,112.0,10,105.0,107.5,109.5,107.5,38.0,41390.0,270
2023-05-10 21:25:29,c2311-P-2540,c2311-P-2540,109.5,0.0,0.0,0.0,20,110.5,112.0,20,105.0,107.5,109.5,107.5,38.0,41390.0,270
2023-05-10 21:25:35,c2311-P-2540,c2311-P-2540,109.5,0.0,0.0,0.0,20,110.5,112.0,10,105.0,107.5,109.5,107.5,38.0,41390.0,270
2023-05-10 21:25:47,c2311-P-2540,c2311-P-2540,109.5,0.0,0.0,0.0,20,110.5,112.0,20,105.0,107.5,109.5,107.5,38.0,41390.0,270
2023-05-10 21:26:04,c2311-P-2540,c2311-P-2540,109.5,0.0,0.0,0.0,20,110.5,112.0,10,105.0,107.5,109.5,107.5,38.0,41390.0,270
2023-05-10 21:26:04,c2311-P-2540,c2311-P-2540,109.5,0.0,0.0,0.0,20,110.5,112.0,20,105.0,107.5,109.5,107.5,38.0,41390.0,270
2023-05-10 21:26:37,c2311-P-2540,c2311-P-2540,109.5,0.0,0.0,0.0,20,110.5,112.0,10,105.0,107.5,109.5,107.5,38.0,41390.0,270
2023-05-10 21:26:38,c2311-P-2540,c2311-P-2540,109.5,0.0,0.0,0.0,20,110.5,112.5,30,105.0,107.5,109.5,107.5,38.0,41390.0,270
2023-05-10 21:26:40,c2311-P-2540,c2311-P-2540,109.5,0.0,0.0,0.0,10,110.5,112.5,20,105.0,107.5,109.5,107.5,38.0,41390.0,270
2023-05-10 21:26:40,c2311-P-2540,c2311-P-2540,109.5,0.0,0.0,0.0,20,111.0,112.5,20,105.0,107.5,109.5,107.5,38.0,41390.0,270
2023-05-10 21:26:41,c2311-P-2540,c2311-P-2540,109.5,0.0,0.0,0.0,30,111.0,112.5,20,105.0,107.5,109.5,107.5,38.0,41390.0,270
2023-05-10 21:26:41,c2311-P-2540,c2311-P-2540,109.5,0.0,0.0,0.0,30,111.0,112.5,10,105.0,107.5,109.5,107.5,38.0,41390.0,270
2023-05-10 21:26:42,c2311-P-2540,c2311-P-2540,109.5,0.0,0.0,0.0,30,111.0,113.0,30,105.0,107.5,109.5,107.5,38.0,41390.0,270
2023-05-10 21:26:45,c2311-P-2540,c2311-P-2540,109.5,0.0,0.0,0.0,10,111.5,113.0,10,105.0,107.5,109.5,107.5,38.0,41390.0,270
2023-05-10 21:26:45,c2311-P-2540,c2311-P-2540,109.5,0.0,0.0,0.0,30,111.5,113.0,10,105.0,107.5,109.5,107.5,38.0,41390.0,270
2023-05-10 21:26:47,c2311-P-2540,c2311-P-2540,109.5,0.0,0.0,0.0,20,111.5,113.0,10,105.0,107.5,109.5,107.5,38.0,41390.0,270
2023-05-10 21:26:50,c2311-P-2540,c2311-P-2540,109.5,0.0,0.0,0.0,30,111.5,113.0,30,105.0,107.5,109.5,107.5,38.0,41390.0,270
2023-05-10 21:26:53,c2311-P-2540,c2311-P-2540,109.5,0.0,0.0,0.0,30,111.5,113.0,20,105.0,107.5,109.5,107.5,38.0,41390.0,270
2023-05-10 21:27:04,c2311-P-2540,c2311-P-2540,109.5,0.0,0.0,0.0,30,111.5,113.0,30,105.0,107.5,109.5,107.5,38.0,41390.0,270
2023-05-10 21:27:05,c2311-P-2540,c2311-P-2540,109.5,0.0,0.0,0.0,20,111.5,113.0,30,105.0,107.5,109.5,107.5,38.0,41390.0,270
2023-05-10 21:27:06,c2311-P-2540,c2311-P-2540,109.5,0.0,0.0,0.0,20,111.5,113.0,20,105.0,107.5,109.5,107.5,38.0,41390.0,270
2023-05-10 21:27:07,c2311-P-2540,c2311-P-2540,109.5,0.0,0.0,0.0,20,111.5,113.0,30,105.0,107.5,109.5,107.5,38.0,41390.0,270
2023-05-10 21:27:08,c2311-P-2540,c2311-P-2540,109.5,0.0,0.0,0.0,20,111.5,113.0,20,105.0,107.5,109.5,107.5,38.0,41390.0,270
2023-05-10 21:27:10,c2311-P-2540,c2311-P-2540,109.5,0.0,0.0,0.0,20,111.5,113.0,30,105.0,107.5,109.5,107.5,38.0,41390.0,270
2023-05-10 21:27:15,c2311-P-2540,c2311-P-2540,109.5,0.0,0.0,0.0,30,111.5,113.0,30,105.0,107.5,109.5,107.5,38.0,41390.0,270
2023-05-10 21:27:15,c2311-P-2540,c2311-P-2540,109.5,0.0,0.0,0.0,30,111.5,113.0,20,105.0,107.5,109.5,107.5,38.0,41390.0,270
2023-05-10 21:27:16,c2311-P-2540,c2311-P-2540,109.5,0.0,0.0,0.0,20,111.5,113.5,40,105.0,107.5,109.5,107.5,38.0,41390.0,270
2023-05-10 21:27:16,c2311-P-2540,c2311-P-2540,109.5,0.0,0.0,0.0,30,111.5,113.5,50,105.0,107.5,109.5,107.5,38.0,41390.0,270
2023-05-10 21:27:17,c2311-P-2540,c2311-P-2540,109.5,0.0,0.0,0.0,40,111.5,113.5,40,105.0,107.5,109.5,107.5,38.0,41390.0,270
2023-05-10 21:27:17,c2311-P-2540,c2311-P-2540,109.5,0.0,0.0,0.0,50,111.5,113.5,40,105.0,107.5,109.5,107.5,38.0,41390.0,270
2023-05-10 21:27:19,c2311-P-2540,c2311-P-2540,109.5,0.0,0.0,0.0,60,111.5,113.5,40,105.0,107.5,109.5,107.5,38.0,41390.0,270
2023-05-10 21:27:20,c2311-P-2540,c2311-P-2540,109.5,0.0,0.0,0.0,50,111.5,113.5,30,105.0,107.5,109.5,107.5,38.0,41390.0,270
2023-05-10 21:27:24,c2311-P-2540,c2311-P-2540,109.5,0.0,0.0,0.0,50,111.5,113.5,20,105.0,107.5,109.5,107.5,38.0,41390.0,270
2023-05-10 21:27:25,c2311-P-2540,c2311-P-2540,109.5,0.0,0.0,0.0,50,111.5,113.5,10,105.0,107.5,109.5,107.5,38.0,41390.0,270
2023-05-10 21:27:26,c2311-P-2540,c2311-P-2540,109.5,0.0,0.0,0.0,10,112.5,114.0,20,105.0,107.5,109.5,107.5,38.0,41390.0,270
2023-05-10 21:27:26,c2311-P-2540,c2311-P-2540,109.5,0.0,0.0,0.0,30,112.5,114.0,20,105.0,107.5,109.5,107.5,38.0,41390.0,270
2023-05-10 21:27:27,c2311-P-2540,c2311-P-2540,109.5,0.0,0.0,0.0,30,112.5,114.0,30,105.0,107.5,109.5,107.5,38.0,41390.0,270
2023-05-10 21:27:30,c2311-P-2540,c2311-P-2540,109.5,0.0,0.0,0.0,40,112.5,114.0,40,105.0,107.5,109.5,107.5,38.0,41390.0,270
2023-05-10 21:27:30,c2311-P-2540,c2311-P-2540,109.5,0.0,0.0,0.0,30,112.5,114.0,40,105.0,107.5,109.5,107.5,38.0,41390.0,270
2023-05-10 21:27:41,c2311-P-2540,c2311-P-2540,109.5,0.0,0.0,0.0,20,112.5,114.0,40,105.0,107.5,109.5,107.5,38.0,41390.0,270
2023-05-10 21:27:41,c2311-P-2540,c2311-P-2540,109.5,0.0,0.0,0.0,10,112.5,113.5,10,105.0,107.5,109.5,107.5,38.0,41390.0,270
2023-05-10 21:27:42,c2311-P-2540,c2311-P-2540,109.5,0.0,0.0,0.0,10,112.5,114.0,40,105.0,107.5,109.5,107.5,38.0,41390.0,270
2023-05-10 21:27:45,c2311-P-2540,c2311-P-2540,109.5,0.0,0.0,0.0,10,112.5,114.0,30,105.0,107.5,109.5,107.5,38.0,41390.0,270
2023-05-10 21:27:50,c2311-P-2540,c2311-P-2540,109.5,0.0,0.0,0.0,20,112.5,114.0,40,105.0,107.5,109.5,107.5,38.0,41390.0,270
2023-05-10 21:27:59,c2311-P-2540,c2311-P-2540,109.5,0.0,0.0,0.0,20,112.5,113.5,20,105.0,107.5,109.5,107.5,38.0,41390.0,270
2023-05-10 21:28:00,c2311-P-2540,c2311-P-2540,109.5,0.0,0.0,0.0,30,112.5,114.0,40,105.0,107.5,109.5,107.5,38.0,41390.0,270
2023-05-10 21:28:00,c2311-P-2540,c2311-P-2540,109.5,0.0,0.0,0.0,20,112.5,114.0,40,105.0,107.5,109.5,107.5,38.0,41390.0,270
2023-05-10 21:28:02,c2311-P-2540,c2311-P-2540,109.5,0.0,0.0,0.0,20,112.5,114.0,30,105.0,107.5,109.5,107.5,38.0,41390.0,270
2023-05-10 21:28:02,c2311-P-2540,c2311-P-2540,109.5,0.0,0.0,0.0,20,112.5,114.0,40,105.0,107.5,109.5,107.5,38.0,41390.0,270
2023-05-10 21:28:14,c2311-P-2540,c2311-P-2540,109.5,0.0,0.0,0.0,20,112.5,114.0,30,105.0,107.5,109.5,107.5,38.0,41390.0,270
2023-05-10 21:28:23,c2311-P-2540,c2311-P-2540,109.5,0.0,0.0,0.0,20,112.5,114.0,20,105.0,107.5,109.5,107.5,38.0,41390.0,270
2023-05-10 21:28:35,c2311-P-2540,c2311-P-2540,109.5,0.0,0.0,0.0,30,112.5,114.0,20,105.0,107.5,109.5,107.5,38.0,41390.0,270
2023-05-10 21:28:36,c2311-P-2540,c2311-P-2540,109.5,0.0,0.0,0.0,20,112.5,114.0,20,105.0,107.5,109.5,107.5,38.0,41390.0,270
2023-05-10 21:28:38,c2311-P-2540,c2311-P-2540,109.5,0.0,0.0,0.0,30,112.5,114.0,20,105.0,107.5,109.5,107.5,38.0,41390.0,270
2023-05-10 21:28:40,c2311-P-2540,c2311-P-2540,109.5,0.0,0.0,0.0,20,112.5,114.0,20,105.0,107.5,109.5,107.5,38.0,41390.0,270
2023-05-10 21:28:41,c2311-P-2540,c2311-P-2540,109.5,0.0,0.0,0.0,30,112.5,114.0,20,105.0,107.5,109.5,107.5,38.0,41390.0,270
2023-05-10 21:29:41,c2311-P-2540,c2311-P-2540,109.5,0.0,0.0,0.0,20,112.5,114.0,40,105.0,107.5,109.5,107.5,38.0,41390.0,270
2023-05-10 21:29:42,c2311-P-2540,c2311-P-2540,109.5,0.0,0.0,0.0,30,112.5,114.0,30,105.0,107.5,109.5,107.5,38.0,41390.0,270
2023-05-10 21:29:43,c2311-P-2540,c2311-P-2540,109.5,0.0,0.0,0.0,40,112.5,114.0,20,105.0,107.5,109.5,107.5,38.0,41390.0,270
2023-05-10 21:30:04,c2311-P-2540,c2311-P-2540,109.5,0.0,0.0,0.0,20,112.5,114.0,40,105.0,107.5,109.5,107.5,38.0,41390.0,270
2023-05-10 21:30:06,c2311-P-2540,c2311-P-2540,109.5,0.0,0.0,0.0,20,112.5,114.0,30,105.0,107.5,109.5,107.5,38.0,41390.0,270
2023-05-10 21:30:07,c2311-P-2540,c2311-P-2540,109.5,0.0,0.0,0.0,20,112.5,114.0,20,105.0,107.5,109.5,107.5,38.0,41390.0,270
2023-05-10 21:30:07,c2311-P-2540,c2311-P-2540,109.5,0.0,0.0,0.0,20,112.5,114.0,30,105.0,107.5,109.5,107.5,38.0,41390.0,270
2023-05-10 21:30:09,c2311-P-2540,c2311-P-2540,109.5,0.0,0.0,0.0,20,112.5,114.0,20,105.0,107.5,109.5,107.5,38.0,41390.0,270
2023-05-10 21:30:09,c2311-P-2540,c2311-P-2540,109.5,0.0,0.0,0.0,20,112.5,114.0,30,105.0,107.5,109.5,107.5,38.0,41390.0,270
2023-05-10 21:30:14,c2311-P-2540,c2311-P-2540,109.5,0.0,0.0,0.0,20,112.5,114.0,40,105.0,107.5,109.5,107.5,38.0,41390.0,270
2023-05-10 21:30:15,c2311-P-2540,c2311-P-2540,109.5,0.0,0.0,0.0,20,112.5,114.0,20,105.0,107.5,109.5,107.5,38.0,41390.0,270
2023-05-10 21:30:18,c2311-P-2540,c2311-P-2540,109.5,0.0,0.0,0.0,20,112.5,114.0,30,105.0,107.5,109.5,107.5,38.0,41390.0,270
2023-05-10 21:30:18,c2311-P-2540,c2311-P-2540,109.5,0.0,0.0,0.0,20,112.5,114.0,40,105.0,107.5,109.5,107.5,38.0,41390.0,270
2023-05-10 21:30:21,c2311-P-2540,c2311-P-2540,109.5,0.0,0.0,0.0,30,112.5,114.0,20,105.0,107.5,109.5,107.5,38.0,41390.0,270
2023-05-10 21:30:25,c2311-P-2540,c2311-P-2540,109.5,0.0,0.0,0.0,20,112.5,114.0,20,105.0,107.5,109.5,107.5,38.0,41390.0,270
2023-05-10 21:30:29,c2311-P-2540,c2311-P-2540,109.5,0.0,0.0,0.0,20,112.5,114.0,30,105.0,107.5,109.5,107.5,38.0,41390.0,270
2023-05-10 21:30:30,c2311-P-2540,c2311-P-2540,109.5,0.0,0.0,0.0,20,112.5,114.0,40,105.0,107.5,109.5,107.5,38.0,41390.0,270
2023-05-10 21:30:31,c2311-P-2540,c2311-P-2540,109.5,0.0,0.0,0.0,20,112.5,114.0,30,105.0,107.5,109.5,107.5,38.0,41390.0,270
2023-05-10 21:30:34,c2311-P-2540,c2311-P-2540,109.5,0.0,0.0,0.0,20,112.5,114.0,40,105.0,107.5,109.5,107.5,38.0,41390.0,270
2023-05-10 21:30:45,c2311-P-2540,c2311-P-2540,109.5,0.0,0.0,0.0,10,112.5,114.0,40,105.0,107.5,109.5,107.5,38.0,41390.0,270
2023-05-10 21:30:46,c2311-P-2540,c2311-P-2540,109.5,0.0,0.0,0.0,40,112.0,114.0,40,105.0,107.5,109.5,107.5,38.0,41390.0,270
2023-05-10 21:30:50,c2311-P-2540,c2311-P-2540,109.5,0.0,0.0,0.0,20,112.0,114.0,30,105.0,107.5,109.5,107.5,38.0,41390.0,270
2023-05-10 21:30:53,c2311-P-2540,c2311-P-2540,109.5,0.0,0.0,0.0,20,112.0,113.5,10,105.0,107.5,109.5,107.5,38.0,41390.0,270
2023-05-10 21:30:53,c2311-P-2540,c2311-P-2540,109.5,0.0,0.0,0.0,20,112.0,113.5,20,105.0,107.5,109.5,107.5,38.0,41390.0,270
2023-05-10 21:30:55,c2311-P-2540,c2311-P-2540,109.5,0.0,0.0,0.0,30,112.0,113.5,30,105.0,107.5,109.5,107.5,38.0,41390.0,270
2023-05-10 21:30:55,c2311-P-2540,c2311-P-2540,109.5,0.0,0.0,0.0,30,112.0,113.5,20,105.0,107.5,109.5,107.5,38.0,41390.0,270
2023-05-10 21:30:56,c2311-P-2540,c2311-P-2540,109.5,0.0,0.0,0.0,40,112.0,113.5,20,105.0,107.5,109.5,107.5,38.0,41390.0,270
2023-05-10 21:30:59,c2311-P-2540,c2311-P-2540,109.5,0.0,0.0,0.0,30,112.0,113.5,20,105.0,107.5,109.5,107.5,38.0,41390.0,270
2023-05-10 21:31:00,c2311-P-2540,c2311-P-2540,109.5,0.0,0.0,0.0,20,111.5,113.5,30,105.0,107.5,109.5,107.5,38.0,41390.0,270
2023-05-10 21:31:05,c2311-P-2540,c2311-P-2540,109.5,0.0,0.0,0.0,10,111.5,113.5,20,105.0,107.5,109.5,107.5,38.0,41390.0,270
2023-05-10 21:31:10,c2311-P-2540,c2311-P-2540,109.5,0.0,0.0,0.0,40,111.0,113.5,20,105.0,107.5,109.5,107.5,38.0,41390.0,270
2023-05-10 21:31:18,c2311-P-2540,c2311-P-2540,109.5,0.0,0.0,0.0,40,111.0,113.0,30,105.0,107.5,109.5,107.5,38.0,41390.0,270
2023-05-10 21:31:23,c2311-P-2540,c2311-P-2540,109.5,0.0,0.0,0.0,50,111.0,113.0,30,105.0,107.5,109.5,107.5,38.0,41390.0,270
2023-05-10 21:31:26,c2311-P-2540,c2311-P-2540,109.5,0.0,0.0,0.0,40,111.0,113.0,30,105.0,107.5,109.5,107.5,38.0,41390.0,270
2023-05-10 21:31:29,c2311-P-2540,c2311-P-2540,109.5,0.0,0.0,0.0,50,111.0,113.0,30,105.0,107.5,109.5,107.5,38.0,41390.0,270
2023-05-10 21:31:35,c2311-P-2540,c2311-P-2540,109.5,0.0,0.0,0.0,50,111.0,113.0,20,105.0,107.5,109.5,107.5,38.0,41390.0,270
2023-05-10 21:31:35,c2311-P-2540,c2311-P-2540,109.5,0.0,0.0,0.0,50,111.0,113.0,30,105.0,107.5,109.5,107.5,38.0,41390.0,270
2023-05-10 21:31:37,c2311-P-2540,c2311-P-2540,109.5,0.0,0.0,0.0,40,111.0,113.0,30,105.0,107.5,109.5,107.5,38.0,41390.0,270
2023-05-10 21:31:42,c2311-P-2540,c2311-P-2540,109.5,0.0,0.0,0.0,30,111.0,113.0,30,105.0,107.5,109.5,107.5,38.0,41390.0,270
2023-05-10 21:31:48,c2311-P-2540,c2311-P-2540,109.5,0.0,0.0,0.0,40,111.0,113.0,30,105.0,107.5,109.5,107.5,38.0,41390.0,270
2023-05-10 21:31:59,c2311-P-2540,c2311-P-2540,109.5,0.0,0.0,0.0,30,111.0,113.0,30,105.0,107.5,109.5,107.5,38.0,41390.0,270
2023-05-10 21:32:05,c2311-P-2540,c2311-P-2540,109.5,0.0,0.0,0.0,40,111.0,113.0,30,105.0,107.5,109.5,107.5,38.0,41390.0,270
2023-05-10 21:32:13,c2311-P-2540,c2311-P-2540,109.5,0.0,0.0,0.0,30,111.0,113.0,30,105.0,107.5,109.5,107.5,38.0,41390.0,270
2023-05-10 21:32:20,c2311-P-2540,c2311-P-2540,109.5,0.0,0.0,0.0,40,111.0,113.0,30,105.0,107.5,109.5,107.5,38.0,41390.0,270
2023-05-10 21:32:20,c2311-P-2540,c2311-P-2540,109.5,0.0,0.0,0.0,50,111.0,113.0,10,105.0,107.5,109.5,107.5,38.0,41390.0,270
2023-05-10 21:32:22,c2311-P-2540,c2311-P-2540,109.5,0.0,0.0,0.0,10,111.5,113.5,20,105.0,107.5,109.5,107.5,38.0,41390.0,270
2023-05-10 21:32:22,c2311-P-2540,c2311-P-2540,109.5,0.0,0.0,0.0,20,111.5,113.5,20,105.0,107.5,109.5,107.5,38.0,41390.0,270
2023-05-10 21:32:24,c2311-P-2540,c2311-P-2540,109.5,0.0,0.0,0.0,20,111.5,113.5,10,105.0,107.5,109.5,107.5,38.0,41390.0,270
2023-05-10 21:32:26,c2311-P-2540,c2311-P-2540,109.5,0.0,0.0,0.0,20,111.5,113.5,20,105.0,107.5,109.5,107.5,38.0,41390.0,270
2023-05-10 21:32:26,c2311-P-2540,c2311-P-2540,109.5,0.0,0.0,0.0,20,111.5,113.5,10,105.0,107.5,109.5,107.5,38.0,41390.0,270
2023-05-10 21:32:27,c2311-P-2540,c2311-P-2540,109.5,0.0,0.0,0.0,20,111.5,113.5,20,105.0,107.5,109.5,107.5,38.0,41390.0,270
2023-05-10 21:32:27,c2311-P-2540,c2311-P-2540,109.5,0.0,0.0,0.0,20,111.5,113.5,30,105.0,107.5,109.5,107.5,38.0,41390.0,270
2023-05-10 21:32:29,c2311-P-2540,c2311-P-2540,109.5,0.0,0.0,0.0,10,111.5,113.5,30,105.0,107.5,109.5,107.5,38.0,41390.0,270
2023-05-10 21:32:31,c2311-P-2540,c2311-P-2540,109.5,0.0,0.0,0.0,10,111.5,113.0,20,105.0,107.5,109.5,107.5,38.0,41390.0,270
2023-05-10 21:32:35,c2311-P-2540,c2311-P-2540,109.5,0.0,0.0,0.0,20,111.5,113.0,30,105.0,107.5,109.5,107.5,38.0,41390.0,270
2023-05-10 21:32:49,c2311-P-2540,c2311-P-2540,109.5,0.0,0.0,0.0,20,111.5,113.0,40,105.0,107.5,109.5,107.5,38.0,41390.0,270
2023-05-10 21:33:24,c2311-P-2540,c2311-P-2540,109.5,0.0,0.0,0.0,10,111.5,112.5,20,105.0,107.5,109.5,107.5,38.0,41390.0,270
2023-05-10 21:33:25,c2311-P-2540,c2311-P-2540,109.5,0.0,0.0,0.0,10,111.5,112.5,10,105.0,107.5,109.5,107.5,38.0,41390.0,270
2023-05-10 21:33:30,c2311-P-2540,c2311-P-2540,109.5,0.0,0.0,0.0,20,111.5,112.5,20,105.0,107.5,109.5,107.5,38.0,41390.0,270
2023-05-10 21:33:40,c2311-P-2540,c2311-P-2540,109.5,0.0,0.0,0.0,30,111.5,112.5,20,105.0,107.5,109.5,107.5,38.0,41390.0,270
2023-05-10 21:33:41,c2311-P-2540,c2311-P-2540,109.5,0.0,0.0,0.0,20,111.5,112.5,20,105.0,107.5,109.5,107.5,38.0,41390.0,270
2023-05-10 21:33:44,c2311-P-2540,c2311-P-2540,109.5,0.0,0.0,0.0,10,111.5,112.5,20,105.0,107.5,109.5,107.5,38.0,41390.0,270
2023-05-10 21:33:45,c2311-P-2540,c2311-P-2540,109.5,0.0,0.0,0.0,20,111.5,112.5,10,105.0,107.5,109.5,107.5,38.0,41390.0,270
2023-05-10 21:33:59,c2311-P-2540,c2311-P-2540,109.5,0.0,0.0,0.0,10,111.5,112.5,10,105.0,107.5,109.5,107.5,38.0,41390.0,270
2023-05-10 21:33:59,c2311-P-2540,c2311-P-2540,109.5,0.0,0.0,0.0,10,111.5,112.5,20,105.0,107.5,109.5,107.5,38.0,41390.0,270
2023-05-10 21:34:12,c2311-P-2540,c2311-P-2540,109.5,0.0,0.0,0.0,40,111.0,112.5,40,105.0,107.5,109.5,107.5,38.0,41390.0,270
2023-05-10 21:34:12,c2311-P-2540,c2311-P-2540,109.5,0.0,0.0,0.0,30,111.0,112.5,40,105.0,107.5,109.5,107.5,38.0,41390.0,270
2023-05-10 21:34:14,c2311-P-2540,c2311-P-2540,109.5,0.0,0.0,0.0,30,111.0,112.5,30,105.0,107.5,109.5,107.5,38.0,41390.0,270
2023-05-10 21:34:15,c2311-P-2540,c2311-P-2540,109.5,0.0,0.0,0.0,30,111.0,112.5,20,105.0,107.5,109.5,107.5,38.0,41390.0,270
2023-05-10 21:34:15,c2311-P-2540,c2311-P-2540,109.5,0.0,0.0,0.0,40,111.0,112.5,20,105.0,107.5,109.5,107.5,38.0,41390.0,270
2023-05-10 21:34:16,c2311-P-2540,c2311-P-2540,109.5,0.0,0.0,0.0,30,111.0,112.5,20,105.0,107.5,109.5,107.5,38.0,41390.0,270
2023-05-10 21:34:16,c2311-P-2540,c2311-P-2540,109.5,0.0,0.0,0.0,30,111.0,112.5,30,105.0,107.5,109.5,107.5,38.0,41390.0,270
2023-05-10 21:34:23,c2311-P-2540,c2311-P-2540,109.5,0.0,0.0,0.0,30,111.0,112.5,40,105.0,107.5,109.5,107.5,38.0,41390.0,270
2023-05-10 21:34:37,c2311-P-2540,c2311-P-2540,109.5,0.0,0.0,0.0,20,111.0,112.0,10,105.0,107.5,109.5,107.5,38.0,41390.0,270
2023-05-10 21:34:37,c2311-P-2540,c2311-P-2540,109.5,0.0,0.0,0.0,20,111.0,112.0,20,105.0,107.5,109.5,107.5,38.0,41390.0,270
2023-05-10 21:34:37,c2311-P-2540,c2311-P-2540,109.5,0.0,0.0,0.0,20,111.0,112.0,10,105.0,107.5,109.5,107.5,38.0,41390.0,270
2023-05-10 21:34:43,c2311-P-2540,c2311-P-2540,109.5,0.0,0.0,0.0,30,110.5,112.0,10,105.0,107.5,109.5,107.5,38.0,41390.0,270
2023-05-10 21:34:43,c2311-P-2540,c2311-P-2540,109.5,0.0,0.0,0.0,40,110.5,112.0,20,105.0,107.5,109.5,107.5,38.0,41390.0,270
2023-05-10 21:34:49,c2311-P-2540,c2311-P-2540,109.5,0.0,0.0,0.0,30,110.5,112.0,20,105.0,107.5,109.5,107.5,38.0,41390.0,270
2023-05-10 21:34:49,c2311-P-2540,c2311-P-2540,109.5,0.0,0.0,0.0,40,110.5,112.0,20,105.0,107.5,109.5,107.5,38.0,41390.0,270
2023-05-10 21:34:51,c2311-P-2540,c2311-P-2540,109.5,0.0,0.0,0.0,30,110.5,112.0,20,105.0,107.5,109.5,107.5,38.0,41390.0,270
2023-05-10 21:35:00,c2311-P-2540,c2311-P-2540,109.5,0.0,0.0,0.0,30,110.5,112.0,30,105.0,107.5,109.5,107.5,38.0,41390.0,270
2023-05-10 21:35:04,c2311-P-2540,c2311-P-2540,109.5,0.0,0.0,0.0,30,110.5,112.0,20,105.0,107.5,109.5,107.5,38.0,41390.0,270
2023-05-10 21:35:05,c2311-P-2540,c2311-P-2540,109.5,0.0,0.0,0.0,30,110.5,112.0,30,105.0,107.5,109.5,107.5,38.0,41390.0,270
2023-05-10 21:35:17,c2311-P-2540,c2311-P-2540,109.5,0.0,0.0,0.0,40,110.5,112.0,20,105.0,107.5,109.5,107.5,38.0,41390.0,270
2023-05-10 21:35:19,c2311-P-2540,c2311-P-2540,109.5,0.0,0.0,0.0,30,110.5,112.0,20,105.0,107.5,109.5,107.5,38.0,41390.0,270
2023-05-10 21:35:20,c2311-P-2540,c2311-P-2540,109.5,0.0,0.0,0.0,30,110.5,112.0,30,105.0,107.5,109.5,107.5,38.0,41390.0,270
2023-05-10 21:35:20,c2311-P-2540,c2311-P-2540,109.5,0.0,0.0,0.0,30,110.5,112.0,20,105.0,107.5,109.5,107.5,38.0,41390.0,270
2023-05-10 21:35:27,c2311-P-2540,c2311-P-2540,109.5,0.0,0.0,0.0,30,110.5,112.0,10,105.0,107.5,109.5,107.5,38.0,41390.0,270
2023-05-10 21:35:30,c2311-P-2540,c2311-P-2540,109.5,0.0,0.0,0.0,20,110.5,112.0,10,105.0,107.5,109.5,107.5,38.0,41390.0,270
2023-05-10 21:35:36,c2311-P-2540,c2311-P-2540,109.5,0.0,0.0,0.0,30,110.5,112.0,10,105.0,107.5,109.5,107.5,38.0,41390.0,270
2023-05-10 21:35:43,c2311-P-2540,c2311-P-2540,109.5,0.0,0.0,0.0,30,110.5,112.0,20,105.0,107.5,109.5,107.5,38.0,41390.0,270
2023-05-10 21:35:44,c2311-P-2540,c2311-P-2540,109.5,0.0,0.0,0.0,40,110.5,112.0,30,105.0,107.5,109.5,107.5,38.0,41390.0,270
2023-05-10 21:35:49,c2311-P-2540,c2311-P-2540,109.5,0.0,0.0,0.0,30,110.5,112.0,30,105.0,107.5,109.5,107.5,38.0,41390.0,270
2023-05-10 21:35:52,c2311-P-2540,c2311-P-2540,109.5,0.0,0.0,0.0,30,110.5,112.0,20,105.0,107.5,109.5,107.5,38.0,41390.0,270
2023-05-10 21:36:00,c2311-P-2540,c2311-P-2540,109.5,0.0,0.0,0.0,30,110.5,112.0,30,105.0,107.5,109.5,107.5,38.0,41390.0,270
2023-05-10 21:36:01,c2311-P-2540,c2311-P-2540,109.5,0.0,0.0,0.0,20,110.5,112.0,40,105.0,107.5,109.5,107.5,38.0,41390.0,270
2023-05-10 21:36:11,c2311-P-2540,c2311-P-2540,109.5,0.0,0.0,0.0,30,110.5,112.0,30,105.0,107.5,109.5,107.5,38.0,41390.0,270
2023-05-10 21:36:16,c2311-P-2540,c2311-P-2540,109.5,0.0,0.0,0.0,20,110.5,112.0,40,105.0,107.5,109.5,107.5,38.0,41390.0,270
2023-05-10 21:36:42,c2311-P-2540,c2311-P-2540,109.5,0.0,0.0,0.0,20,110.5,111.5,10,105.0,107.5,109.5,107.5,38.0,41390.0,270
2023-05-10 21:36:42,c2311-P-2540,c2311-P-2540,109.5,0.0,0.0,0.0,10,109.5,111.5,20,105.0,107.5,109.5,107.5,38.0,41390.0,270
2023-05-10 21:36:43,c2311-P-2540,c2311-P-2540,109.5,0.0,0.0,0.0,20,109.5,111.5,30,105.0,107.5,109.5,107.5,38.0,41390.0,270
2023-05-10 21:36:43,c2311-P-2540,c2311-P-2540,109.5,0.0,0.0,0.0,30,109.5,111.5,40,105.0,107.5,109.5,107.5,38.0,41390.0,270
2023-05-10 21:36:44,c2311-P-2540,c2311-P-2540,109.5,0.0,0.0,0.0,20,109.5,111.0,10,105.0,107.5,109.5,107.5,38.0,41390.0,270
2023-05-10 21:36:44,c2311-P-2540,c2311-P-2540,109.5,0.0,0.0,0.0,20,109.5,111.0,20,105.0,107.5,109.5,107.5,38.0,41390.0,270
2023-05-10 21:37:23,c2311-P-2540,c2311-P-2540,109.5,0.0,0.0,0.0,20,109.5,111.0,30,105.0,107.5,109.5,107.5,38.0,41390.0,270
2023-05-10 21:37:30,c2311-P-2540,c2311-P-2540,109.5,0.0,0.0,0.0,30,109.5,111.0,20,105.0,107.5,109.5,107.5,38.0,41390.0,270
2023-05-10 21:37:32,c2311-P-2540,c2311-P-2540,109.5,0.0,0.0,0.0,30,109.5,111.0,10,105.0,107.5,109.5,107.5,38.0,41390.0,270
2023-05-10 21:37:39,c2311-P-2540,c2311-P-2540,109.5,0.0,0.0,0.0,40,109.5,111.0,10,105.0,107.5,109.5,107.5,38.0,41390.0,270
2023-05-10 21:37:46,c2311-P-2540,c2311-P-2540,109.5,0.0,0.0,0.0,40,109.5,111.5,40,105.0,107.5,109.5,107.5,38.0,41390.0,270
2023-05-10 21:37:46,c2311-P-2540,c2311-P-2540,109.5,0.0,0.0,0.0,60,109.5,112.0,40,105.0,107.5,109.5,107.5,38.0,41390.0,270
2023-05-10 21:37:50,c2311-P-2540,c2311-P-2540,109.5,0.0,0.0,0.0,10,110.0,112.0,30,105.0,107.5,109.5,107.5,38.0,41390.0,270
2023-05-10 21:37:51,c2311-P-2540,c2311-P-2540,109.5,0.0,0.0,0.0,20,110.0,112.0,30,105.0,107.5,109.5,107.5,38.0,41390.0,270
2023-05-10 21:37:51,c2311-P-2540,c2311-P-2540,109.5,0.0,0.0,0.0,10,110.0,112.0,30,105.0,107.5,109.5,107.5,38.0,41390.0,270
2023-05-10 21:37:52,c2311-P-2540,c2311-P-2540,109.5,0.0,0.0,0.0,20,110.0,112.0,30,105.0,107.5,109.5,107.5,38.0,41390.0,270
2023-05-10 21:37:55,c2311-P-2540,c2311-P-2540,109.5,0.0,0.0,0.0,30,110.0,112.0,30,105.0,107.5,109.5,107.5,38.0,41390.0,270
2023-05-10 21:38:05,c2311-P-2540,c2311-P-2540,109.5,0.0,0.0,0.0,10,110.5,112.0,10,105.0,107.5,109.5,107.5,38.0,41390.0,270
2023-05-10 21:38:05,c2311-P-2540,c2311-P-2540,109.5,0.0,0.0,0.0,20,110.5,112.0,10,105.0,107.5,109.5,107.5,38.0,41390.0,270
2023-05-10 21:38:06,c2311-P-2540,c2311-P-2540,109.5,0.0,0.0,0.0,20,110.5,112.5,30,105.0,107.5,109.5,107.5,38.0,41390.0,270
2023-05-10 21:38:09,c2311-P-2540,c2311-P-2540,109.5,0.0,0.0,0.0,30,110.5,112.5,30,105.0,107.5,109.5,107.5,38.0,41390.0,270
2023-05-10 21:38:09,c2311-P-2540,c2311-P-2540,109.5,0.0,0.0,0.0,40,110.5,112.5,10,105.0,107.5,109.5,107.5,38.0,41390.0,270
2023-05-10 21:38:10,c2311-P-2540,c2311-P-2540,109.5,0.0,0.0,0.0,40,110.5,113.0,30,105.0,107.5,109.5,107.5,38.0,41390.0,270
2023-05-10 21:38:11,c2311-P-2540,c2311-P-2540,109.5,0.0,0.0,0.0,10,111.0,112.5,10,105.0,107.5,109.5,107.5,38.0,41390.0,270
2023-05-10 21:38:11,c2311-P-2540,c2311-P-2540,109.5,0.0,0.0,0.0,10,111.0,112.5,20,105.0,107.5,109.5,107.5,38.0,41390.0,270
2023-05-10 21:38:12,c2311-P-2540,c2311-P-2540,109.5,0.0,0.0,0.0,10,111.0,113.0,30,105.0,107.5,109.5,107.5,38.0,41390.0,270
2023-05-10 21:38:12,c2311-P-2540,c2311-P-2540,109.5,0.0,0.0,0.0,10,111.0,112.5,10,105.0,107.5,109.5,107.5,38.0,41390.0,270
2023-05-10 21:38:13,c2311-P-2540,c2311-P-2540,109.5,0.0,0.0,0.0,10,111.0,113.0,40,105.0,107.5,109.5,107.5,38.0,41390.0,270
2023-05-10 21:38:14,c2311-P-2540,c2311-P-2540,109.5,0.0,0.0,0.0,10,111.0,113.0,30,105.0,107.5,109.5,107.5,38.0,41390.0,270
2023-05-10 21:38:15,c2311-P-2540,c2311-P-2540,109.5,0.0,0.0,0.0,20,111.0,113.0,30,105.0,107.5,109.5,107.5,38.0,41390.0,270
2023-05-10 21:38:17,c2311-P-2540,c2311-P-2540,109.5,0.0,0.0,0.0,40,111.0,113.0,30,105.0,107.5,109.5,107.5,38.0,41390.0,270
2023-05-10 21:38:17,c2311-P-2540,c2311-P-2540,109.5,0.0,0.0,0.0,40,111.0,113.0,20,105.0,107.5,109.5,107.5,38.0,41390.0,270
2023-05-10 21:38:36,c2311-P-2540,c2311-P-2540,109.5,0.0,0.0,0.0,10,111.5,113.0,10,105.0,107.5,109.5,107.5,38.0,41390.0,270
2023-05-10 21:38:36,c2311-P-2540,c2311-P-2540,109.5,0.0,0.0,0.0,40,111.5,113.0,10,105.0,107.5,109.5,107.5,38.0,41390.0,270
2023-05-10 21:38:40,c2311-P-2540,c2311-P-2540,109.5,0.0,0.0,0.0,50,111.5,113.0,20,105.0,107.5,109.5,107.5,38.0,41390.0,270
2023-05-10 21:38:41,c2311-P-2540,c2311-P-2540,109.5,0.0,0.0,0.0,40,111.5,113.0,20,105.0,107.5,109.5,107.5,38.0,41390.0,270
2023-05-10 21:38:41,c2311-P-2540,c2311-P-2540,109.5,0.0,0.0,0.0,50,111.5,113.0,20,105.0,107.5,109.5,107.5,38.0,41390.0,270
2023-05-10 21:38:42,c2311-P-2540,c2311-P-2540,109.5,0.0,0.0,0.0,40,111.5,113.0,20,105.0,107.5,109.5,107.5,38.0,41390.0,270
2023-05-10 21:38:54,c2311-P-2540,c2311-P-2540,109.5,0.0,0.0,0.0,40,111.5,113.0,30,105.0,107.5,109.5,107.5,38.0,41390.0,270
2023-05-10 21:39:00,c2311-P-2540,c2311-P-2540,109.5,0.0,0.0,0.0,40,111.5,113.0,20,105.0,107.5,109.5,107.5,38.0,41390.0,270
2023-05-10 21:39:00,c2311-P-2540,c2311-P-2540,109.5,0.0,0.0,0.0,60,111.5,113.5,10,105.0,107.5,109.5,107.5,38.0,41390.0,270
2023-05-10 21:39:01,c2311-P-2540,c2311-P-2540,109.5,0.0,0.0,0.0,50,111.5,114.0,30,105.0,107.5,109.5,107.5,38.0,41390.0,270
2023-05-10 21:39:01,c2311-P-2540,c2311-P-2540,109.5,0.0,0.0,0.0,60,111.5,114.0,40,105.0,107.5,109.5,107.5,38.0,41390.0,270
2023-05-10 21:39:02,c2311-P-2540,c2311-P-2540,109.5,0.0,0.0,0.0,10,112.0,114.0,30,105.0,107.5,109.5,107.5,38.0,41390.0,270
2023-05-10 21:39:02,c2311-P-2540,c2311-P-2540,109.5,0.0,0.0,0.0,30,112.0,114.0,40,105.0,107.5,109.5,107.5,38.0,41390.0,270
2023-05-10 21:39:05,c2311-P-2540,c2311-P-2540,109.5,0.0,0.0,0.0,30,112.0,114.0,30,105.0,107.5,109.5,107.5,38.0,41390.0,270
2023-05-10 21:39:13,c2311-P-2540,c2311-P-2540,109.5,0.0,0.0,0.0,40,112.0,114.0,10,105.0,107.5,109.5,107.5,38.0,41390.0,270
2023-05-10 21:39:14,c2311-P-2540,c2311-P-2540,109.5,0.0,0.0,0.0,50,112.0,114.0,10,105.0,107.5,109.5,107.5,38.0,41390.0,270
2023-05-10 21:39:15,c2311-P-2540,c2311-P-2540,109.5,0.0,0.0,0.0,50,112.0,114.5,40,105.0,107.5,109.5,107.5,38.0,41390.0,270
2023-05-10 21:39:18,c2311-P-2540,c2311-P-2540,109.5,0.0,0.0,0.0,50,112.0,114.5,30,105.0,107.5,109.5,107.5,38.0,41390.0,270
2023-05-10 21:39:18,c2311-P-2540,c2311-P-2540,109.5,0.0,0.0,0.0,50,112.0,114.0,10,105.0,107.5,109.5,107.5,38.0,41390.0,270
2023-05-10 21:39:19,c2311-P-2540,c2311-P-2540,109.5,0.0,0.0,0.0,50,112.0,114.5,30,105.0,107.5,109.5,107.5,38.0,41390.0,270
2023-05-10 21:39:21,c2311-P-2540,c2311-P-2540,109.5,0.0,0.0,0.0,50,112.0,114.0,10,105.0,107.5,109.5,107.5,38.0,41390.0,270
2023-05-10 21:39:23,c2311-P-2540,c2311-P-2540,109.5,0.0,0.0,0.0,50,112.0,114.5,30,105.0,107.5,109.5,107.5,38.0,41390.0,270
2023-05-10 21:39:24,c2311-P-2540,c2311-P-2540,109.5,0.0,0.0,0.0,50,112.0,114.0,10,105.0,107.5,109.5,107.5,38.0,41390.0,270
2023-05-10 21:39:24,c2311-P-2540,c2311-P-2540,109.5,0.0,0.0,0.0,50,112.0,114.5,30,105.0,107.5,109.5,107.5,38.0,41390.0,270
2023-05-10 21:39:25,c2311-P-2540,c2311-P-2540,109.5,0.0,0.0,0.0,20,112.5,114.5,30,105.0,107.5,109.5,107.5,38.0,41390.0,270
2023-05-10 21:39:33,c2311-P-2540,c2311-P-2540,109.5,0.0,0.0,0.0,40,112.5,114.5,10,105.0,107.5,109.5,107.5,38.0,41390.0,270
2023-05-10 21:39:33,c2311-P-2540,c2311-P-2540,109.5,0.0,0.0,0.0,50,112.5,114.5,10,105.0,107.5,109.5,107.5,38.0,41390.0,270
2023-05-10 21:39:34,c2311-P-2540,c2311-P-2540,109.5,0.0,0.0,0.0,50,112.5,115.0,40,105.0,107.5,109.5,107.5,38.0,41390.0,270
2023-05-10 21:39:36,c2311-P-2540,c2311-P-2540,109.5,0.0,0.0,0.0,20,113.0,115.0,40,105.0,107.5,109.5,107.5,38.0,41390.0,270
2023-05-10 21:39:37,c2311-P-2540,c2311-P-2540,109.5,0.0,0.0,0.0,20,113.0,115.0,30,105.0,107.5,109.5,107.5,38.0,41390.0,270
2023-05-10 21:39:42,c2311-P-2540,c2311-P-2540,109.5,0.0,0.0,0.0,20,113.0,115.0,10,105.0,107.5,109.5,107.5,38.0,41390.0,270
2023-05-10 21:39:42,c2311-P-2540,c2311-P-2540,109.5,0.0,0.0,0.0,20,113.0,115.0,20,105.0,107.5,109.5,107.5,38.0,41390.0,270
2023-05-10 21:39:46,c2311-P-2540,c2311-P-2540,109.5,0.0,0.0,0.0,20,113.0,115.0,10,105.0,107.5,109.5,107.5,38.0,41390.0,270
2023-05-10 21:39:48,c2311-P-2540,c2311-P-2540,109.5,0.0,0.0,0.0,30,113.0,115.0,10,105.0,107.5,109.5,107.5,38.0,41390.0,270
2023-05-10 21:39:56,c2311-P-2540,c2311-P-2540,109.5,0.0,0.0,0.0,30,113.0,115.5,40,105.0,107.5,109.5,107.5,38.0,41390.0,270
2023-05-10 21:39:58,c2311-P-2540,c2311-P-2540,109.5,0.0,0.0,0.0,30,113.5,115.5,40,105.0,107.5,109.5,107.5,38.0,41390.0,270
2023-05-10 21:40:03,c2311-P-2540,c2311-P-2540,109.5,0.0,0.0,0.0,20,113.5,115.5,40,105.0,107.5,109.5,107.5,38.0,41390.0,270
2023-05-10 21:40:04,c2311-P-2540,c2311-P-2540,109.5,0.0,0.0,0.0,30,113.5,115.5,40,105.0,107.5,109.5,107.5,38.0,41390.0,270
2023-05-10 21:40:04,c2311-P-2540,c2311-P-2540,109.5,0.0,0.0,0.0,30,113.5,115.5,20,105.0,107.5,109.5,107.5,38.0,41390.0,270
2023-05-10 21:40:05,c2311-P-2540,c2311-P-2540,109.5,0.0,0.0,0.0,30,113.5,115.5,30,105.0,107.5,109.5,107.5,38.0,41390.0,270
2023-05-10 21:40:06,c2311-P-2540,c2311-P-2540,109.5,0.0,0.0,0.0,30,113.5,115.5,20,105.0,107.5,109.5,107.5,38.0,41390.0,270
2023-05-10 21:40:11,c2311-P-2540,c2311-P-2540,109.5,0.0,0.0,0.0,40,113.5,115.5,20,105.0,107.5,109.5,107.5,38.0,41390.0,270
2023-05-10 21:40:31,c2311-P-2540,c2311-P-2540,109.5,0.0,0.0,0.0,40,113.5,115.5,10,105.0,107.5,109.5,107.5,38.0,41390.0,270
2023-05-10 21:40:33,c2311-P-2540,c2311-P-2540,109.5,0.0,0.0,0.0,50,113.5,115.5,20,105.0,107.5,109.5,107.5,38.0,41390.0,270
2023-05-10 21:40:33,c2311-P-2540,c2311-P-2540,109.5,0.0,0.0,0.0,50,113.5,115.5,30,105.0,107.5,109.5,107.5,38.0,41390.0,270
2023-05-10 21:40:35,c2311-P-2540,c2311-P-2540,109.5,0.0,0.0,0.0,40,113.5,115.5,20,105.0,107.5,109.5,107.5,38.0,41390.0,270
2023-05-10 21:40:35,c2311-P-2540,c2311-P-2540,109.5,0.0,0.0,0.0,40,113.5,115.5,10,105.0,107.5,109.5,107.5,38.0,41390.0,270
2023-05-10 21:40:36,c2311-P-2540,c2311-P-2540,109.5,0.0,0.0,0.0,40,113.5,115.5,20,105.0,107.5,109.5,107.5,38.0,41390.0,270
2023-05-10 21:40:47,c2311-P-2540,c2311-P-2540,109.5,0.0,0.0,0.0,30,113.5,115.0,20,105.0,107.5,109.5,107.5,38.0,41390.0,270
2023-05-10 21:40:48,c2311-P-2540,c2311-P-2540,109.5,0.0,0.0,0.0,30,113.5,115.0,10,105.0,107.5,109.5,107.5,38.0,41390.0,270
2023-05-10 21:40:50,c2311-P-2540,c2311-P-2540,109.5,0.0,0.0,0.0,30,113.5,115.0,20,105.0,107.5,109.5,107.5,38.0,41390.0,270
2023-05-10 21:40:51,c2311-P-2540,c2311-P-2540,109.5,0.0,0.0,0.0,30,113.5,115.0,30,105.0,107.5,109.5,107.5,38.0,41390.0,270
2023-05-10 21:40:52,c2311-P-2540,c2311-P-2540,109.5,0.0,0.0,0.0,30,113.5,115.0,20,105.0,107.5,109.5,107.5,38.0,41390.0,270
2023-05-10 21:40:54,c2311-P-2540,c2311-P-2540,109.5,0.0,0.0,0.0,30,113.5,115.0,30,105.0,107.5,109.5,107.5,38.0,41390.0,270
2023-05-10 21:40:55,c2311-P-2540,c2311-P-2540,109.5,0.0,0.0,0.0,20,113.5,115.0,30,105.0,107.5,109.5,107.5,38.0,41390.0,270
2023-05-10 21:40:56,c2311-P-2540,c2311-P-2540,109.5,0.0,0.0,0.0,20,113.5,115.0,20,105.0,107.5,109.5,107.5,38.0,41390.0,270
2023-05-10 21:41:10,c2311-P-2540,c2311-P-2540,109.5,0.0,0.0,0.0,20,113.5,115.0,30,105.0,107.5,109.5,107.5,38.0,41390.0,270
2023-05-10 21:41:15,c2311-P-2540,c2311-P-2540,109.5,0.0,0.0,0.0,20,113.5,115.0,20,105.0,107.5,109.5,107.5,38.0,41390.0,270
2023-05-10 21:41:43,c2311-P-2540,c2311-P-2540,109.5,0.0,0.0,0.0,20,113.5,115.5,30,105.0,107.5,109.5,107.5,38.0,41390.0,270
2023-05-10 21:41:45,c2311-P-2540,c2311-P-2540,109.5,0.0,0.0,0.0,10,113.5,115.5,20,105.0,107.5,109.5,107.5,38.0,41390.0,270
2023-05-10 21:41:47,c2311-P-2540,c2311-P-2540,109.5,0.0,0.0,0.0,20,113.5,115.5,30,105.0,107.5,109.5,107.5,38.0,41390.0,270
2023-05-10 21:41:48,c2311-P-2540,c2311-P-2540,109.5,0.0,0.0,0.0,30,113.5,115.5,30,105.0,107.5,109.5,107.5,38.0,41390.0,270
2023-05-10 21:41:49,c2311-P-2540,c2311-P-2540,109.5,0.0,0.0,0.0,30,113.5,115.0,10,105.0,107.5,109.5,107.5,38.0,41390.0,270
2023-05-10 21:41:50,c2311-P-2540,c2311-P-2540,109.5,0.0,0.0,0.0,20,113.5,115.0,10,105.0,107.5,109.5,107.5,38.0,41390.0,270
2023-05-10 21:41:56,c2311-P-2540,c2311-P-2540,109.5,0.0,0.0,0.0,40,113.5,115.5,20,105.0,107.5,109.5,107.5,38.0,41390.0,270
2023-05-10 21:41:56,c2311-P-2540,c2311-P-2540,109.5,0.0,0.0,0.0,40,113.5,115.5,30,105.0,107.5,109.5,107.5,38.0,41390.0,270
2023-05-10 21:42:00,c2311-P-2540,c2311-P-2540,109.5,0.0,0.0,0.0,30,113.5,115.5,20,105.0,107.5,109.5,107.5,38.0,41390.0,270
2023-05-10 21:42:09,c2311-P-2540,c2311-P-2540,109.5,0.0,0.0,0.0,30,113.5,115.0,10,105.0,107.5,109.5,107.5,38.0,41390.0,270
2023-05-10 21:42:09,c2311-P-2540,c2311-P-2540,109.5,0.0,0.0,0.0,20,113.5,115.0,10,105.0,107.5,109.5,107.5,38.0,41390.0,270
2023-05-10 21:42:10,c2311-P-2540,c2311-P-2540,109.5,0.0,0.0,0.0,30,113.5,115.0,20,105.0,107.5,109.5,107.5,38.0,41390.0,270
2023-05-10 21:42:12,c2311-P-2540,c2311-P-2540,109.5,0.0,0.0,0.0,30,113.5,115.0,30,105.0,107.5,109.5,107.5,38.0,41390.0,270
2023-05-10 21:42:31,c2311-P-2540,c2311-P-2540,109.5,0.0,0.0,0.0,20,113.5,115.0,30,105.0,107.5,109.5,107.5,38.0,41390.0,270
2023-05-10 21:42:43,c2311-P-2540,c2311-P-2540,109.5,0.0,0.0,0.0,20,113.5,115.0,40,105.0,107.5,109.5,107.5,38.0,41390.0,270
2023-05-10 21:42:52,c2311-P-2540,c2311-P-2540,109.5,0.0,0.0,0.0,20,113.5,115.0,10,105.0,107.5,109.5,107.5,38.0,41390.0,270
2023-05-10 21:42:55,c2311-P-2540,c2311-P-2540,109.5,0.0,0.0,0.0,10,113.5,115.5,30,105.0,107.5,109.5,107.5,38.0,41390.0,270
2023-05-10 21:42:59,c2311-P-2540,c2311-P-2540,109.5,0.0,0.0,0.0,30,113.5,115.5,30,105.0,107.5,109.5,107.5,38.0,41390.0,270
2023-05-10 21:43:10,c2311-P-2540,c2311-P-2540,109.5,0.0,0.0,0.0,20,113.5,115.5,30,105.0,107.5,109.5,107.5,38.0,41390.0,270
2023-05-10 21:43:25,c2311-P-2540,c2311-P-2540,109.5,0.0,0.0,0.0,40,114.0,115.5,20,105.0,107.5,109.5,107.5,38.0,41390.0,270
2023-05-10 21:43:25,c2311-P-2540,c2311-P-2540,109.5,0.0,0.0,0.0,30,114.0,115.5,20,105.0,107.5,109.5,107.5,38.0,41390.0,270
2023-05-10 21:43:28,c2311-P-2540,c2311-P-2540,109.5,0.0,0.0,0.0,30,114.0,115.5,10,105.0,107.5,109.5,107.5,38.0,41390.0,270
2023-05-10 21:43:30,c2311-P-2540,c2311-P-2540,109.5,0.0,0.0,0.0,50,114.0,115.5,20,105.0,107.5,109.5,107.5,38.0,41390.0,270
2023-05-10 21:44:05,c2311-P-2540,c2311-P-2540,109.5,0.0,0.0,0.0,40,114.0,115.5,20,105.0,107.5,109.5,107.5,38.0,41390.0,270
2023-05-10 21:44:06,c2311-P-2540,c2311-P-2540,109.5,0.0,0.0,0.0,30,114.0,115.5,30,105.0,107.5,109.5,107.5,38.0,41390.0,270
2023-05-10 21:44:07,c2311-P-2540,c2311-P-2540,109.5,0.0,0.0,0.0,30,114.0,115.5,20,105.0,107.5,109.5,107.5,38.0,41390.0,270
2023-05-10 21:44:11,c2311-P-2540,c2311-P-2540,109.5,0.0,0.0,0.0,40,114.0,115.5,20,105.0,107.5,109.5,107.5,38.0,41390.0,270
2023-05-10 21:44:12,c2311-P-2540,c2311-P-2540,109.5,0.0,0.0,0.0,30,114.0,115.5,20,105.0,107.5,109.5,107.5,38.0,41390.0,270
2023-05-10 21:44:25,c2311-P-2540,c2311-P-2540,109.5,0.0,0.0,0.0,40,114.0,115.5,20,105.0,107.5,109.5,107.5,38.0,41390.0,270
2023-05-10 21:44:25,c2311-P-2540,c2311-P-2540,109.5,0.0,0.0,0.0,30,114.0,115.5,20,105.0,107.5,109.5,107.5,38.0,41390.0,270
2023-05-10 21:44:47,c2311-P-2540,c2311-P-2540,109.5,0.0,0.0,0.0,40,114.0,115.5,20,105.0,107.5,109.5,107.5,38.0,41390.0,270
2023-05-10 21:44:50,c2311-P-2540,c2311-P-2540,109.5,0.0,0.0,0.0,30,114.0,115.5,20,105.0,107.5,109.5,107.5,38.0,41390.0,270
2023-05-10 21:44:52,c2311-P-2540,c2311-P-2540,109.5,0.0,0.0,0.0,30,114.0,115.5,30,105.0,107.5,109.5,107.5,38.0,41390.0,270
2023-05-10 21:45:00,c2311-P-2540,c2311-P-2540,109.5,0.0,0.0,0.0,20,114.0,115.0,10,105.0,107.5,109.5,107.5,38.0,41390.0,270
2023-05-10 21:45:00,c2311-P-2540,c2311-P-2540,109.5,0.0,0.0,0.0,20,114.0,115.0,20,105.0,107.5,109.5,107.5,38.0,41390.0,270
2023-05-10 21:45:01,c2311-P-2540,c2311-P-2540,109.5,0.0,0.0,0.0,10,114.0,115.0,30,105.0,107.5,109.5,107.5,38.0,41390.0,270
2023-05-10 21:45:02,c2311-P-2540,c2311-P-2540,109.5,0.0,0.0,0.0,10,114.0,115.0,40,105.0,107.5,109.5,107.5,38.0,41390.0,270
2023-05-10 21:45:03,c2311-P-2540,c2311-P-2540,109.5,0.0,0.0,0.0,10,114.0,115.0,30,105.0,107.5,109.5,107.5,38.0,41390.0,270
2023-05-10 21:45:06,c2311-P-2540,c2311-P-2540,109.5,0.0,0.0,0.0,10,114.0,115.0,40,105.0,107.5,109.5,107.5,38.0,41390.0,270
2023-05-10 21:45:09,c2311-P-2540,c2311-P-2540,109.5,0.0,0.0,0.0,10,114.0,115.0,30,105.0,107.5,109.5,107.5,38.0,41390.0,270
2023-05-10 21:45:10,c2311-P-2540,c2311-P-2540,109.5,0.0,0.0,0.0,10,114.0,115.0,40,105.0,107.5,109.5,107.5,38.0,41390.0,270
2023-05-10 21:45:34,c2311-P-2540,c2311-P-2540,109.5,0.0,0.0,0.0,20,113.5,115.0,40,105.0,107.5,109.5,107.5,38.0,41390.0,270
2023-05-10 21:45:56,c2311-P-2540,c2311-P-2540,109.5,0.0,0.0,0.0,10,113.5,115.0,40,105.0,107.5,109.5,107.5,38.0,41390.0,270
2023-05-10 21:45:57,c2311-P-2540,c2311-P-2540,109.5,0.0,0.0,0.0,10,113.0,114.5,30,105.0,107.5,109.5,107.5,38.0,41390.0,270
2023-05-10 21:45:57,c2311-P-2540,c2311-P-2540,109.5,0.0,0.0,0.0,50,112.5,114.5,40,105.0,107.5,109.5,107.5,38.0,41390.0,270
2023-05-10 21:46:00,c2311-P-2540,c2311-P-2540,109.5,0.0,0.0,0.0,40,112.5,114.5,30,105.0,107.5,109.5,107.5,38.0,41390.0,270
2023-05-10 21:47:03,c2311-P-2540,c2311-P-2540,109.5,0.0,0.0,0.0,30,112.5,114.0,20,105.0,107.5,109.5,107.5,38.0,41390.0,270
2023-05-10 21:47:05,c2311-P-2540,c2311-P-2540,109.5,0.0,0.0,0.0,30,112.5,114.0,30,105.0,107.5,109.5,107.5,38.0,41390.0,270
2023-05-10 21:47:27,c2311-P-2540,c2311-P-2540,109.5,0.0,0.0,0.0,20,112.5,114.0,30,105.0,107.5,109.5,107.5,38.0,41390.0,270
2023-05-10 21:47:37,c2311-P-2540,c2311-P-2540,109.5,0.0,0.0,0.0,30,112.5,114.0,30,105.0,107.5,109.5,107.5,38.0,41390.0,270
2023-05-10 21:47:38,c2311-P-2540,c2311-P-2540,109.5,0.0,0.0,0.0,40,112.0,113.5,20,105.0,107.5,109.5,107.5,38.0,41390.0,270
2023-05-10 21:47:38,c2311-P-2540,c2311-P-2540,109.5,0.0,0.0,0.0,40,112.0,113.5,10,105.0,107.5,109.5,107.5,38.0,41390.0,270
2023-05-10 21:47:57,c2311-P-2540,c2311-P-2540,109.5,0.0,0.0,0.0,30,112.0,113.5,10,105.0,107.5,109.5,107.5,38.0,41390.0,270
2023-05-10 21:48:27,c2311-P-2540,c2311-P-2540,109.5,0.0,0.0,0.0,30,112.0,113.5,20,105.0,107.5,109.5,107.5,38.0,41390.0,270
2023-05-10 21:49:40,c2311-P-2540,c2311-P-2540,109.5,0.0,0.0,0.0,30,112.0,113.0,10,105.0,107.5,109.5,107.5,38.0,41390.0,270
2023-05-10 21:49:40,c2311-P-2540,c2311-P-2540,109.5,0.0,0.0,0.0,20,111.5,113.0,20,105.0,107.5,109.5,107.5,38.0,41390.0,270
2023-05-10 21:49:41,c2311-P-2540,c2311-P-2540,109.5,0.0,0.0,0.0,20,111.5,113.0,10,105.0,107.5,109.5,107.5,38.0,41390.0,270
2023-05-10 21:49:41,c2311-P-2540,c2311-P-2540,109.5,0.0,0.0,0.0,60,111.0,113.0,30,105.0,107.5,109.5,107.5,38.0,41390.0,270
2023-05-10 21:49:45,c2311-P-2540,c2311-P-2540,109.5,0.0,0.0,0.0,50,111.0,113.0,20,105.0,107.5,109.5,107.5,38.0,41390.0,270
2023-05-10 21:49:51,c2311-P-2540,c2311-P-2540,109.5,0.0,0.0,0.0,40,111.0,113.0,20,105.0,107.5,109.5,107.5,38.0,41390.0,270
2023-05-10 21:49:52,c2311-P-2540,c2311-P-2540,109.5,0.0,0.0,0.0,40,111.0,112.5,20,105.0,107.5,109.5,107.5,38.0,41390.0,270
2023-05-10 21:49:52,c2311-P-2540,c2311-P-2540,109.5,0.0,0.0,0.0,30,111.0,112.5,20,105.0,107.5,109.5,107.5,38.0,41390.0,270
2023-05-10 21:49:55,c2311-P-2540,c2311-P-2540,109.5,0.0,0.0,0.0,40,111.0,112.5,30,105.0,107.5,109.5,107.5,38.0,41390.0,270
2023-05-10 21:49:56,c2311-P-2540,c2311-P-2540,109.5,0.0,0.0,0.0,40,111.0,112.5,20,105.0,107.5,109.5,107.5,38.0,41390.0,270
2023-05-10 21:49:57,c2311-P-2540,c2311-P-2540,109.5,0.0,0.0,0.0,40,111.0,112.5,30,105.0,107.5,109.5,107.5,38.0,41390.0,270
2023-05-10 21:49:58,c2311-P-2540,c2311-P-2540,109.5,0.0,0.0,0.0,40,111.0,112.5,20,105.0,107.5,109.5,107.5,38.0,41390.0,270
2023-05-10 21:50:02,c2311-P-2540,c2311-P-2540,109.5,0.0,0.0,0.0,50,111.0,112.5,10,105.0,107.5,109.5,107.5,38.0,41390.0,270
2023-05-10 21:50:05,c2311-P-2540,c2311-P-2540,109.5,0.0,0.0,0.0,40,111.0,112.5,10,105.0,107.5,109.5,107.5,38.0,41390.0,270
2023-05-10 21:50:19,c2311-P-2540,c2311-P-2540,109.5,0.0,0.0,0.0,20,111.5,113.5,10,105.0,107.5,109.5,107.5,38.0,41390.0,270
2023-05-10 21:50:20,c2311-P-2540,c2311-P-2540,109.5,0.0,0.0,0.0,40,111.5,113.5,10,105.0,107.5,109.5,107.5,38.0,41390.0,270
2023-05-10 21:50:25,c2311-P-2540,c2311-P-2540,109.5,0.0,0.0,0.0,50,111.5,113.5,20,105.0,107.5,109.5,107.5,38.0,41390.0,270
2023-05-10 21:50:30,c2311-P-2540,c2311-P-2540,109.5,0.0,0.0,0.0,40,111.5,113.5,10,105.0,107.5,109.5,107.5,38.0,41390.0,270
2023-05-10 21:50:38,c2311-P-2540,c2311-P-2540,109.5,0.0,0.0,0.0,30,111.5,113.5,10,105.0,107.5,109.5,107.5,38.0,41390.0,270
2023-05-10 21:50:39,c2311-P-2540,c2311-P-2540,109.5,0.0,0.0,0.0,40,111.5,113.5,10,105.0,107.5,109.5,107.5,38.0,41390.0,270
2023-05-10 21:50:54,c2311-P-2540,c2311-P-2540,109.5,0.0,0.0,0.0,40,111.5,114.0,30,105.0,107.5,109.5,107.5,38.0,41390.0,270
2023-05-10 21:50:56,c2311-P-2540,c2311-P-2540,109.5,0.0,0.0,0.0,40,111.5,113.5,10,105.0,107.5,109.5,107.5,38.0,41390.0,270
2023-05-10 21:51:56,c2311-P-2540,c2311-P-2540,109.5,0.0,0.0,0.0,50,111.5,113.5,10,105.0,107.5,109.5,107.5,38.0,41390.0,270
2023-05-10 21:52:00,c2311-P-2540,c2311-P-2540,109.5,0.0,0.0,0.0,40,111.5,113.5,10,105.0,107.5,109.5,107.5,38.0,41390.0,270
2023-05-10 21:52:14,c2311-P-2540,c2311-P-2540,109.5,0.0,0.0,0.0,40,111.5,114.0,30,105.0,107.5,109.5,107.5,38.0,41390.0,270
2023-05-10 21:52:14,c2311-P-2540,c2311-P-2540,109.5,0.0,0.0,0.0,40,111.5,114.0,20,105.0,107.5,109.5,107.5,38.0,41390.0,270
2023-05-10 21:52:15,c2311-P-2540,c2311-P-2540,109.5,0.0,0.0,0.0,10,112.0,114.0,20,105.0,107.5,109.5,107.5,38.0,41390.0,270
2023-05-10 21:52:15,c2311-P-2540,c2311-P-2540,109.5,0.0,0.0,0.0,30,112.0,114.0,20,105.0,107.5,109.5,107.5,38.0,41390.0,270
2023-05-10 21:52:17,c2311-P-2540,c2311-P-2540,109.5,0.0,0.0,0.0,40,112.0,114.0,20,105.0,107.5,109.5,107.5,38.0,41390.0,270
2023-05-10 21:52:33,c2311-P-2540,c2311-P-2540,109.5,0.0,0.0,0.0,40,112.0,114.0,30,105.0,107.5,109.5,107.5,38.0,41390.0,270
2023-05-10 21:52:41,c2311-P-2540,c2311-P-2540,109.5,0.0,0.0,0.0,30,112.0,114.0,30,105.0,107.5,109.5,107.5,38.0,41390.0,270
2023-05-10 21:52:45,c2311-P-2540,c2311-P-2540,109.5,0.0,0.0,0.0,40,112.0,114.0,30,105.0,107.5,109.5,107.5,38.0,41390.0,270
2023-05-10 21:53:03,c2311-P-2540,c2311-P-2540,109.5,0.0,0.0,0.0,40,112.0,114.0,20,105.0,107.5,109.5,107.5,38.0,41390.0,270
2023-05-10 21:55:00,c2311-P-2540,c2311-P-2540,109.5,0.0,0.0,0.0,30,112.0,114.0,30,105.0,107.5,109.5,107.5,38.0,41390.0,270
2023-05-10 21:55:01,c2311-P-2540,c2311-P-2540,109.5,0.0,0.0,0.0,40,112.0,114.0,30,105.0,107.5,109.5,107.5,38.0,41390.0,270
2023-05-10 21:55:02,c2311-P-2540,c2311-P-2540,109.5,0.0,0.0,0.0,30,112.0,114.0,30,105.0,107.5,109.5,107.5,38.0,41390.0,270
2023-05-10 21:55:04,c2311-P-2540,c2311-P-2540,109.5,0.0,0.0,0.0,40,112.0,114.0,30,105.0,107.5,109.5,107.5,38.0,41390.0,270
2023-05-10 21:55:05,c2311-P-2540,c2311-P-2540,109.5,0.0,0.0,0.0,30,112.0,114.0,30,105.0,107.5,109.5,107.5,38.0,41390.0,270
2023-05-10 21:55:05,c2311-P-2540,c2311-P-2540,109.5,0.0,0.0,0.0,40,112.0,114.0,30,105.0,107.5,109.5,107.5,38.0,41390.0,270
2023-05-10 21:55:24,c2311-P-2540,c2311-P-2540,109.5,0.0,0.0,0.0,30,112.0,114.0,30,105.0,107.5,109.5,107.5,38.0,41390.0,270
2023-05-10 21:55:36,c2311-P-2540,c2311-P-2540,109.5,0.0,0.0,0.0,40,112.0,114.0,30,105.0,107.5,109.5,107.5,38.0,41390.0,270
2023-05-10 21:55:54,c2311-P-2540,c2311-P-2540,109.5,0.0,0.0,0.0,30,112.0,113.5,20,105.0,107.5,109.5,107.5,38.0,41390.0,270
