time,symbol_id,symbol_name,last,trade_volume,trade_amount,open_interest_change,bv1,bp1,ap1,av1,yesterday_close,today_open,today_high,today_low,volume,amount,open_interest
2023-05-10 21:00:29,c2311-C-2320,c2311-C-2320,198.0,0.0,0.0,0.0,1,49.5,0.0,0,198.0,0.0,0.0,0.0,0.0,0.0,0
2023-05-10 21:00:30,c2311-C-2320,c2311-C-2320,198.0,0.0,0.0,0.0,1,72.0,0.0,0,198.0,0.0,0.0,0.0,0.0,0.0,0
2023-05-10 21:00:44,c2311-C-2320,c2311-C-2320,198.0,0.0,0.0,0.0,1,72.5,0.0,0,198.0,0.0,0.0,0.0,0.0,0.0,0
2023-05-10 21:02:00,c2311-C-2320,c2311-C-2320,198.0,0.0,0.0,0.0,1,74.0,345.5,1,198.0,0.0,0.0,0.0,0.0,0.0,0
2023-05-10 21:30:44,c2311-C-2320,c2311-C-2320,198.0,0.0,0.0,0.0,1,74.5,345.5,1,198.0,0.0,0.0,0.0,0.0,0.0,0
2023-05-10 21:30:45,c2311-C-2320,c2311-C-2320,198.0,0.0,0.0,0.0,1,76.0,345.5,1,198.0,0.0,0.0,0.0,0.0,0.0,0
2023-05-10 22:00:44,c2311-C-2320,c2311-C-2320,198.0,0.0,0.0,0.0,1,76.5,345.5,1,198.0,0.0,0.0,0.0,0.0,0.0,0
2023-05-10 22:00:45,c2311-C-2320,c2311-C-2320,198.0,0.0,0.0,0.0,1,78.0,345.5,1,198.0,0.0,0.0,0.0,0.0,0.0,0
2023-05-10 22:41:57,c2311-C-2320,c2311-C-2320,198.0,0.0,0.0,0.0,1,78.5,345.5,1,198.0,0.0,0.0,0.0,0.0,0.0,0
2023-05-10 22:41:58,c2311-C-2320,c2311-C-2320,198.0,0.0,0.0,0.0,1,80.0,345.5,1,198.0,0.0,0.0,0.0,0.0,0.0,0
2023-05-10 22:59:45,c2311-C-2320,c2311-C-2320,198.0,0.0,0.0,0.0,1,78.5,0.0,0,198.0,0.0,0.0,0.0,0.0,0.0,0
2023-05-11 09:02:00,c2311-C-2320,c2311-C-2320,198.0,0.0,0.0,0.0,1,80.0,345.5,1,198.0,0.0,0.0,0.0,0.0,0.0,0
2023-05-11 09:02:02,c2311-C-2320,c2311-C-2320,198.0,0.0,0.0,0.0,1,80.5,345.5,1,198.0,0.0,0.0,0.0,0.0,0.0,0
2023-05-11 09:02:09,c2311-C-2320,c2311-C-2320,198.0,0.0,0.0,0.0,1,82.0,345.5,1,198.0,0.0,0.0,0.0,0.0,0.0,0
2023-05-11 09:42:12,c2311-C-2320,c2311-C-2320,198.0,0.0,0.0,0.0,1,82.5,345.5,1,198.0,0.0,0.0,0.0,0.0,0.0,0
2023-05-11 09:42:12,c2311-C-2320,c2311-C-2320,198.0,0.0,0.0,0.0,1,84.0,345.5,1,198.0,0.0,0.0,0.0,0.0,0.0,0
2023-05-11 10:13:19,c2311-C-2320,c2311-C-2320,198.0,0.0,0.0,0.0,1,84.5,345.5,1,198.0,0.0,0.0,0.0,0.0,0.0,0
2023-05-11 10:13:20,c2311-C-2320,c2311-C-2320,198.0,0.0,0.0,0.0,1,86.0,345.5,1,198.0,0.0,0.0,0.0,0.0,0.0,0
2023-05-11 10:15:00,c2311-C-2320,c2311-C-2320,198.0,0.0,0.0,0.0,1,84.5,0.0,0,198.0,0.0,0.0,0.0,0.0,0.0,0
2023-05-11 10:31:59,c2311-C-2320,c2311-C-2320,198.0,0.0,0.0,0.0,1,86.0,345.5,1,198.0,0.0,0.0,0.0,0.0,0.0,0
2023-05-11 10:48:56,c2311-C-2320,c2311-C-2320,198.0,0.0,0.0,0.0,1,86.5,345.5,1,198.0,0.0,0.0,0.0,0.0,0.0,0
2023-05-11 10:48:57,c2311-C-2320,c2311-C-2320,198.0,0.0,0.0,0.0,1,88.0,345.5,1,198.0,0.0,0.0,0.0,0.0,0.0,0
2023-05-11 11:19:45,c2311-C-2320,c2311-C-2320,198.0,0.0,0.0,0.0,1,88.5,345.5,1,198.0,0.0,0.0,0.0,0.0,0.0,0
2023-05-11 11:19:45,c2311-C-2320,c2311-C-2320,198.0,0.0,0.0,0.0,1,90.0,345.5,1,198.0,0.0,0.0,0.0,0.0,0.0,0
2023-05-11 11:29:45,c2311-C-2320,c2311-C-2320,198.0,0.0,0.0,0.0,1,88.5,0.0,0,198.0,0.0,0.0,0.0,0.0,0.0,0
2023-05-11 13:31:59,c2311-C-2320,c2311-C-2320,198.0,0.0,0.0,0.0,1,90.0,345.5,1,198.0,0.0,0.0,0.0,0.0,0.0,0
2023-05-11 13:34:39,c2311-C-2320,c2311-C-2320,198.0,0.0,0.0,0.0,1,90.5,345.5,1,198.0,0.0,0.0,0.0,0.0,0.0,0
2023-05-11 13:34:39,c2311-C-2320,c2311-C-2320,198.0,0.0,0.0,0.0,1,92.0,345.5,1,198.0,0.0,0.0,0.0,0.0,0.0,0
2023-05-11 13:42:25,c2311-C-2320,c2311-C-2320,198.0,0.0,0.0,0.0,2,98.5,345.5,1,198.0,0.0,0.0,0.0,0.0,0.0,0
2023-05-11 13:42:26,c2311-C-2320,c2311-C-2320,198.0,0.0,0.0,0.0,1,100.0,345.5,1,198.0,0.0,0.0,0.0,0.0,0.0,0
2023-05-11 13:42:26,c2311-C-2320,c2311-C-2320,198.0,0.0,0.0,0.0,2,106.5,345.5,1,198.0,0.0,0.0,0.0,0.0,0.0,0
2023-05-11 13:42:27,c2311-C-2320,c2311-C-2320,198.0,0.0,0.0,0.0,1,108.0,345.5,1,198.0,0.0,0.0,0.0,0.0,0.0,0
2023-05-11 13:42:27,c2311-C-2320,c2311-C-2320,198.0,0.0,0.0,0.0,2,108.5,345.5,1,198.0,0.0,0.0,0.0,0.0,0.0,0
2023-05-11 13:42:28,c2311-C-2320,c2311-C-2320,198.0,0.0,0.0,0.0,1,110.0,345.5,1,198.0,0.0,0.0,0.0,0.0,0.0,0
2023-05-11 13:42:28,c2311-C-2320,c2311-C-2320,198.0,0.0,0.0,0.0,2,110.5,345.5,1,198.0,0.0,0.0,0.0,0.0,0.0,0
2023-05-11 13:42:29,c2311-C-2320,c2311-C-2320,198.0,0.0,0.0,0.0,1,112.0,345.5,1,198.0,0.0,0.0,0.0,0.0,0.0,0
2023-05-11 13:42:29,c2311-C-2320,c2311-C-2320,198.0,0.0,0.0,0.0,2,112.5,345.5,1,198.0,0.0,0.0,0.0,0.0,0.0,0
2023-05-11 13:42:30,c2311-C-2320,c2311-C-2320,198.0,0.0,0.0,0.0,1,114.0,345.5,1,198.0,0.0,0.0,0.0,0.0,0.0,0
2023-05-11 13:53:15,c2311-C-2320,c2311-C-2320,198.0,0.0,0.0,0.0,2,120.5,345.5,1,198.0,0.0,0.0,0.0,0.0,0.0,0
2023-05-11 13:53:16,c2311-C-2320,c2311-C-2320,198.0,0.0,0.0,0.0,1,122.0,345.5,1,198.0,0.0,0.0,0.0,0.0,0.0,0
2023-05-11 13:53:16,c2311-C-2320,c2311-C-2320,198.0,0.0,0.0,0.0,2,125.5,345.5,1,198.0,0.0,0.0,0.0,0.0,0.0,0
2023-05-11 13:53:17,c2311-C-2320,c2311-C-2320,198.0,0.0,0.0,0.0,1,127.0,345.5,1,198.0,0.0,0.0,0.0,0.0,0.0,0
2023-05-11 13:53:18,c2311-C-2320,c2311-C-2320,198.0,0.0,0.0,0.0,2,127.5,345.5,1,198.0,0.0,0.0,0.0,0.0,0.0,0
2023-05-11 13:53:19,c2311-C-2320,c2311-C-2320,198.0,0.0,0.0,0.0,1,129.0,345.5,1,198.0,0.0,0.0,0.0,0.0,0.0,0
2023-05-11 13:59:47,c2311-C-2320,c2311-C-2320,198.0,0.0,0.0,0.0,2,135.5,345.5,1,198.0,0.0,0.0,0.0,0.0,0.0,0
2023-05-11 13:59:47,c2311-C-2320,c2311-C-2320,198.0,0.0,0.0,0.0,1,137.0,345.5,1,198.0,0.0,0.0,0.0,0.0,0.0,0
2023-05-11 13:59:48,c2311-C-2320,c2311-C-2320,198.0,0.0,0.0,0.0,2,143.5,345.5,1,198.0,0.0,0.0,0.0,0.0,0.0,0
2023-05-11 14:00:17,c2311-C-2320,c2311-C-2320,198.0,0.0,0.0,0.0,1,90.5,345.5,1,198.0,0.0,0.0,0.0,0.0,0.0,0
2023-05-11 14:00:18,c2311-C-2320,c2311-C-2320,198.0,0.0,0.0,0.0,2,97.0,345.5,1,198.0,0.0,0.0,0.0,0.0,0.0,0
2023-05-11 14:00:18,c2311-C-2320,c2311-C-2320,198.0,0.0,0.0,0.0,1,98.5,345.5,1,198.0,0.0,0.0,0.0,0.0,0.0,0
2023-05-11 14:00:19,c2311-C-2320,c2311-C-2320,198.0,0.0,0.0,0.0,2,105.0,345.5,1,198.0,0.0,0.0,0.0,0.0,0.0,0
2023-05-11 14:00:19,c2311-C-2320,c2311-C-2320,198.0,0.0,0.0,0.0,1,106.5,345.5,1,198.0,0.0,0.0,0.0,0.0,0.0,0
2023-05-11 14:00:20,c2311-C-2320,c2311-C-2320,198.0,0.0,0.0,0.0,2,110.0,345.5,1,198.0,0.0,0.0,0.0,0.0,0.0,0
2023-05-11 14:00:20,c2311-C-2320,c2311-C-2320,198.0,0.0,0.0,0.0,1,111.5,345.5,1,198.0,0.0,0.0,0.0,0.0,0.0,0
2023-05-11 14:00:21,c2311-C-2320,c2311-C-2320,198.0,0.0,0.0,0.0,2,112.0,345.5,1,198.0,0.0,0.0,0.0,0.0,0.0,0
2023-05-11 14:00:21,c2311-C-2320,c2311-C-2320,198.0,0.0,0.0,0.0,1,113.5,345.5,1,198.0,0.0,0.0,0.0,0.0,0.0,0
2023-05-11 14:02:18,c2311-C-2320,c2311-C-2320,198.0,0.0,0.0,0.0,2,114.0,345.5,1,198.0,0.0,0.0,0.0,0.0,0.0,0
2023-05-11 14:02:19,c2311-C-2320,c2311-C-2320,198.0,0.0,0.0,0.0,1,115.5,345.5,1,198.0,0.0,0.0,0.0,0.0,0.0,0
2023-05-11 14:05:58,c2311-C-2320,c2311-C-2320,198.0,0.0,0.0,0.0,1,116.0,345.5,1,198.0,0.0,0.0,0.0,0.0,0.0,0
2023-05-11 14:05:58,c2311-C-2320,c2311-C-2320,198.0,0.0,0.0,0.0,1,117.5,345.5,1,198.0,0.0,0.0,0.0,0.0,0.0,0
2023-05-11 14:16:30,c2311-C-2320,c2311-C-2320,198.0,0.0,0.0,0.0,2,121.0,345.5,1,198.0,0.0,0.0,0.0,0.0,0.0,0
2023-05-11 14:16:30,c2311-C-2320,c2311-C-2320,198.0,0.0,0.0,0.0,1,122.5,345.5,1,198.0,0.0,0.0,0.0,0.0,0.0,0
2023-05-11 14:16:31,c2311-C-2320,c2311-C-2320,198.0,0.0,0.0,0.0,2,123.0,345.5,1,198.0,0.0,0.0,0.0,0.0,0.0,0
2023-05-11 14:16:31,c2311-C-2320,c2311-C-2320,198.0,0.0,0.0,0.0,1,124.5,345.5,1,198.0,0.0,0.0,0.0,0.0,0.0,0
2023-05-11 14:16:32,c2311-C-2320,c2311-C-2320,198.0,0.0,0.0,0.0,2,125.0,345.5,1,198.0,0.0,0.0,0.0,0.0,0.0,0
2023-05-11 14:16:32,c2311-C-2320,c2311-C-2320,198.0,0.0,0.0,0.0,1,126.5,345.5,1,198.0,0.0,0.0,0.0,0.0,0.0,0
2023-05-11 14:36:44,c2311-C-2320,c2311-C-2320,198.0,0.0,0.0,0.0,1,127.0,345.5,1,198.0,0.0,0.0,0.0,0.0,0.0,0
2023-05-11 14:36:44,c2311-C-2320,c2311-C-2320,198.0,0.0,0.0,0.0,1,128.5,345.5,1,198.0,0.0,0.0,0.0,0.0,0.0,0
2023-05-11 14:57:58,c2311-C-2320,c2311-C-2320,198.0,0.0,0.0,0.0,1,127.0,345.5,1,198.0,0.0,0.0,0.0,0.0,0.0,0
2023-05-11 14:59:44,c2311-C-2320,c2311-C-2320,198.0,0.0,0.0,0.0,1,127.0,0.0,0,198.0,0.0,0.0,0.0,0.0,0.0,0
2023-05-11 15:01:10,c2311-C-2320,c2311-C-2320,198.0,0.0,0.0,0.0,1,127.0,0.0,0,198.0,0.0,0.0,0.0,0.0,0.0,0
