time,symbol_id,symbol_name,last,trade_volume,trade_amount,open_interest_change,bv1,bp1,ap1,av1,yesterday_close,today_open,today_high,today_low,volume,amount,open_interest
2023-05-10 21:00:09,c2311-P-2640,c2311-P-2640,174.0,0.0,0.0,0.0,10,114.0,212.5,10,174.0,0.0,0.0,0.0,0.0,0.0,144
2023-05-10 21:00:10,c2311-P-2640,c2311-P-2640,174.0,0.0,0.0,0.0,1,126.5,200.0,1,174.0,0.0,0.0,0.0,0.0,0.0,144
2023-05-10 21:00:10,c2311-P-2640,c2311-P-2640,174.0,0.0,0.0,0.0,10,127.0,199.5,10,174.0,0.0,0.0,0.0,0.0,0.0,144
2023-05-10 21:00:11,c2311-P-2640,c2311-P-2640,174.0,0.0,0.0,0.0,1,139.5,187.0,1,174.0,0.0,0.0,0.0,0.0,0.0,144
2023-05-10 21:00:11,c2311-P-2640,c2311-P-2640,174.0,0.0,0.0,0.0,10,140.0,186.5,10,174.0,0.0,0.0,0.0,0.0,0.0,144
2023-05-10 21:00:12,c2311-P-2640,c2311-P-2640,174.0,0.0,0.0,0.0,1,152.5,174.0,1,174.0,0.0,0.0,0.0,0.0,0.0,144
2023-05-10 21:00:36,c2311-P-2640,c2311-P-2640,174.0,0.0,0.0,0.0,1,116.0,174.0,1,174.0,0.0,0.0,0.0,0.0,0.0,144
2023-05-10 21:00:37,c2311-P-2640,c2311-P-2640,174.0,0.0,0.0,0.0,1,129.0,174.0,1,174.0,0.0,0.0,0.0,0.0,0.0,144
2023-05-10 21:00:37,c2311-P-2640,c2311-P-2640,174.0,0.0,0.0,0.0,10,129.5,174.0,1,174.0,0.0,0.0,0.0,0.0,0.0,144
2023-05-10 21:00:38,c2311-P-2640,c2311-P-2640,174.0,0.0,0.0,0.0,1,142.0,174.0,1,174.0,0.0,0.0,0.0,0.0,0.0,144
2023-05-10 21:00:38,c2311-P-2640,c2311-P-2640,174.0,0.0,0.0,0.0,1,155.0,174.0,1,174.0,0.0,0.0,0.0,0.0,0.0,144
2023-05-10 21:00:46,c2311-P-2640,c2311-P-2640,174.0,0.0,0.0,0.0,10,116.5,174.0,1,174.0,0.0,0.0,0.0,0.0,0.0,144
2023-05-10 21:00:47,c2311-P-2640,c2311-P-2640,174.0,0.0,0.0,0.0,1,129.0,174.0,1,174.0,0.0,0.0,0.0,0.0,0.0,144
2023-05-10 21:00:47,c2311-P-2640,c2311-P-2640,174.0,0.0,0.0,0.0,1,142.0,174.0,1,174.0,0.0,0.0,0.0,0.0,0.0,144
2023-05-10 21:00:48,c2311-P-2640,c2311-P-2640,174.0,0.0,0.0,0.0,10,142.5,174.0,1,174.0,0.0,0.0,0.0,0.0,0.0,144
2023-05-10 21:00:48,c2311-P-2640,c2311-P-2640,174.0,0.0,0.0,0.0,1,155.0,174.0,1,174.0,0.0,0.0,0.0,0.0,0.0,144
2023-05-10 21:00:54,c2311-P-2640,c2311-P-2640,174.0,0.0,0.0,0.0,1,129.5,174.0,1,174.0,0.0,0.0,0.0,0.0,0.0,144
2023-05-10 21:00:54,c2311-P-2640,c2311-P-2640,174.0,0.0,0.0,0.0,1,142.5,174.0,1,174.0,0.0,0.0,0.0,0.0,0.0,144
2023-05-10 21:00:55,c2311-P-2640,c2311-P-2640,174.0,0.0,0.0,0.0,10,143.0,174.0,1,174.0,0.0,0.0,0.0,0.0,0.0,144
2023-05-10 21:00:55,c2311-P-2640,c2311-P-2640,174.0,0.0,0.0,0.0,1,155.5,174.0,1,174.0,0.0,0.0,0.0,0.0,0.0,144
2023-05-10 21:01:01,c2311-P-2640,c2311-P-2640,174.0,0.0,0.0,0.0,10,130.0,174.0,1,174.0,0.0,0.0,0.0,0.0,0.0,144
2023-05-10 21:01:02,c2311-P-2640,c2311-P-2640,174.0,0.0,0.0,0.0,1,142.5,174.0,1,174.0,0.0,0.0,0.0,0.0,0.0,144
2023-05-10 21:01:02,c2311-P-2640,c2311-P-2640,174.0,0.0,0.0,0.0,1,155.5,174.0,1,174.0,0.0,0.0,0.0,0.0,0.0,144
2023-05-10 21:06:44,c2311-P-2640,c2311-P-2640,174.0,0.0,0.0,0.0,10,156.0,174.0,1,174.0,0.0,0.0,0.0,0.0,0.0,144
2023-05-10 21:06:44,c2311-P-2640,c2311-P-2640,174.0,0.0,0.0,0.0,1,167.5,174.0,1,174.0,0.0,0.0,0.0,0.0,0.0,144
2023-05-10 21:06:48,c2311-P-2640,c2311-P-2640,174.0,0.0,0.0,0.0,1,167.5,178.0,1,174.0,0.0,0.0,0.0,0.0,0.0,144
2023-05-10 21:07:18,c2311-P-2640,c2311-P-2640,174.0,0.0,0.0,0.0,10,168.0,177.5,10,174.0,0.0,0.0,0.0,0.0,0.0,144
2023-05-10 21:12:09,c2311-P-2640,c2311-P-2640,174.0,0.0,0.0,0.0,10,168.0,178.0,11,174.0,0.0,0.0,0.0,0.0,0.0,144
2023-05-10 21:12:29,c2311-P-2640,c2311-P-2640,174.0,0.0,0.0,0.0,1,170.5,178.0,11,174.0,0.0,0.0,0.0,0.0,0.0,144
2023-05-10 21:12:29,c2311-P-2640,c2311-P-2640,174.0,0.0,0.0,0.0,10,171.0,178.0,11,174.0,0.0,0.0,0.0,0.0,0.0,144
2023-05-10 21:13:14,c2311-P-2640,c2311-P-2640,174.0,0.0,0.0,0.0,10,171.0,178.0,1,174.0,0.0,0.0,0.0,0.0,0.0,144
2023-05-10 21:14:02,c2311-P-2640,c2311-P-2640,174.0,0.0,0.0,0.0,10,171.0,178.0,11,174.0,0.0,0.0,0.0,0.0,0.0,144
2023-05-10 21:14:08,c2311-P-2640,c2311-P-2640,174.0,0.0,0.0,0.0,10,171.0,178.0,1,174.0,0.0,0.0,0.0,0.0,0.0,144
2023-05-10 21:15:26,c2311-P-2640,c2311-P-2640,174.0,0.0,0.0,0.0,10,171.0,178.0,11,174.0,0.0,0.0,0.0,0.0,0.0,144
2023-05-10 21:15:34,c2311-P-2640,c2311-P-2640,174.0,0.0,0.0,0.0,10,171.0,178.0,1,174.0,0.0,0.0,0.0,0.0,0.0,144
2023-05-10 21:16:38,c2311-P-2640,c2311-P-2640,174.0,0.0,0.0,0.0,10,171.0,226.5,1,174.0,0.0,0.0,0.0,0.0,0.0,144
2023-05-10 21:16:39,c2311-P-2640,c2311-P-2640,174.0,0.0,0.0,0.0,10,171.0,225.0,1,174.0,0.0,0.0,0.0,0.0,0.0,144
2023-05-10 21:16:39,c2311-P-2640,c2311-P-2640,174.0,0.0,0.0,0.0,10,171.0,204.0,1,174.0,0.0,0.0,0.0,0.0,0.0,144
2023-05-10 21:16:40,c2311-P-2640,c2311-P-2640,174.0,0.0,0.0,0.0,10,171.0,203.5,10,174.0,0.0,0.0,0.0,0.0,0.0,144
2023-05-10 21:16:40,c2311-P-2640,c2311-P-2640,174.0,0.0,0.0,0.0,10,171.0,182.5,1,174.0,0.0,0.0,0.0,0.0,0.0,144
2023-05-10 21:16:41,c2311-P-2640,c2311-P-2640,174.0,0.0,0.0,0.0,10,171.0,182.0,10,174.0,0.0,0.0,0.0,0.0,0.0,144
2023-05-10 21:16:47,c2311-P-2640,c2311-P-2640,174.0,0.0,0.0,0.0,1,173.5,182.0,10,174.0,0.0,0.0,0.0,0.0,0.0,144
2023-05-10 21:16:47,c2311-P-2640,c2311-P-2640,174.0,0.0,0.0,0.0,10,174.0,182.0,10,174.0,0.0,0.0,0.0,0.0,0.0,144
2023-05-10 21:17:20,c2311-P-2640,c2311-P-2640,174.0,0.0,0.0,0.0,1,169.5,179.5,1,174.0,0.0,0.0,0.0,0.0,0.0,144
2023-05-10 21:17:20,c2311-P-2640,c2311-P-2640,174.0,0.0,0.0,0.0,10,170.0,179.0,10,174.0,0.0,0.0,0.0,0.0,0.0,144
2023-05-10 21:18:44,c2311-P-2640,c2311-P-2640,174.0,0.0,0.0,0.0,10,170.0,179.5,11,174.0,0.0,0.0,0.0,0.0,0.0,144
2023-05-10 21:19:01,c2311-P-2640,c2311-P-2640,174.0,0.0,0.0,0.0,1,172.5,179.5,1,174.0,0.0,0.0,0.0,0.0,0.0,144
2023-05-10 21:19:02,c2311-P-2640,c2311-P-2640,174.0,0.0,0.0,0.0,10,173.0,179.5,1,174.0,0.0,0.0,0.0,0.0,0.0,144
2023-05-10 21:20:00,c2311-P-2640,c2311-P-2640,174.0,0.0,0.0,0.0,10,173.0,183.5,1,174.0,0.0,0.0,0.0,0.0,0.0,144
2023-05-10 21:20:00,c2311-P-2640,c2311-P-2640,174.0,0.0,0.0,0.0,10,173.0,183.0,10,174.0,0.0,0.0,0.0,0.0,0.0,144
2023-05-10 21:22:47,c2311-P-2640,c2311-P-2640,174.0,0.0,0.0,0.0,10,173.0,183.5,1,174.0,0.0,0.0,0.0,0.0,0.0,144
2023-05-10 21:22:47,c2311-P-2640,c2311-P-2640,174.0,0.0,0.0,0.0,10,173.0,183.5,11,174.0,0.0,0.0,0.0,0.0,0.0,144
2023-05-10 21:22:59,c2311-P-2640,c2311-P-2640,174.0,0.0,0.0,0.0,1,175.5,183.5,11,174.0,0.0,0.0,0.0,0.0,0.0,144
2023-05-10 21:22:59,c2311-P-2640,c2311-P-2640,174.0,0.0,0.0,0.0,10,176.0,183.5,11,174.0,0.0,0.0,0.0,0.0,0.0,144
2023-05-10 21:24:49,c2311-P-2640,c2311-P-2640,174.0,0.0,0.0,0.0,10,176.0,183.5,1,174.0,0.0,0.0,0.0,0.0,0.0,144
2023-05-10 21:25:04,c2311-P-2640,c2311-P-2640,174.0,0.0,0.0,0.0,10,176.0,0.0,0,174.0,0.0,0.0,0.0,0.0,0.0,144
2023-05-10 21:25:05,c2311-P-2640,c2311-P-2640,174.0,0.0,0.0,0.0,10,176.0,319.5,10,174.0,0.0,0.0,0.0,0.0,0.0,144
2023-05-10 21:25:06,c2311-P-2640,c2311-P-2640,174.0,0.0,0.0,0.0,10,176.0,232.0,1,174.0,0.0,0.0,0.0,0.0,0.0,144
2023-05-10 21:25:06,c2311-P-2640,c2311-P-2640,174.0,0.0,0.0,0.0,10,176.0,230.5,1,174.0,0.0,0.0,0.0,0.0,0.0,144
2023-05-10 21:25:07,c2311-P-2640,c2311-P-2640,174.0,0.0,0.0,0.0,10,176.0,209.5,1,174.0,0.0,0.0,0.0,0.0,0.0,144
2023-05-10 21:25:07,c2311-P-2640,c2311-P-2640,174.0,0.0,0.0,0.0,10,176.0,209.0,10,174.0,0.0,0.0,0.0,0.0,0.0,144
2023-05-10 21:25:08,c2311-P-2640,c2311-P-2640,174.0,0.0,0.0,0.0,10,176.0,188.0,1,174.0,0.0,0.0,0.0,0.0,0.0,144
2023-05-10 21:25:08,c2311-P-2640,c2311-P-2640,174.0,0.0,0.0,0.0,10,176.0,187.5,10,174.0,0.0,0.0,0.0,0.0,0.0,144
2023-05-10 21:25:42,c2311-P-2640,c2311-P-2640,174.0,0.0,0.0,0.0,10,176.0,187.5,11,174.0,0.0,0.0,0.0,0.0,0.0,144
2023-05-10 21:27:58,c2311-P-2640,c2311-P-2640,174.0,0.0,0.0,0.0,10,176.0,187.5,10,174.0,0.0,0.0,0.0,0.0,0.0,144
2023-05-10 21:36:43,c2311-P-2640,c2311-P-2640,174.0,0.0,0.0,0.0,10,176.0,184.5,1,174.0,0.0,0.0,0.0,0.0,0.0,144
2023-05-10 21:36:43,c2311-P-2640,c2311-P-2640,174.0,0.0,0.0,0.0,10,176.0,184.0,10,174.0,0.0,0.0,0.0,0.0,0.0,144
2023-05-10 21:38:10,c2311-P-2640,c2311-P-2640,174.0,0.0,0.0,0.0,10,176.0,184.5,11,174.0,0.0,0.0,0.0,0.0,0.0,144
2023-05-10 21:38:17,c2311-P-2640,c2311-P-2640,174.0,0.0,0.0,0.0,10,176.0,184.5,1,174.0,0.0,0.0,0.0,0.0,0.0,144
2023-05-10 21:39:00,c2311-P-2640,c2311-P-2640,174.0,0.0,0.0,0.0,10,176.0,0.0,0,174.0,0.0,0.0,0.0,0.0,0.0,144
2023-05-10 21:39:01,c2311-P-2640,c2311-P-2640,174.0,0.0,0.0,0.0,10,176.0,319.5,10,174.0,0.0,0.0,0.0,0.0,0.0,144
2023-05-10 21:39:01,c2311-P-2640,c2311-P-2640,174.0,0.0,0.0,0.0,10,176.0,233.0,1,174.0,0.0,0.0,0.0,0.0,0.0,144
2023-05-10 21:39:02,c2311-P-2640,c2311-P-2640,174.0,0.0,0.0,0.0,10,176.0,210.5,1,174.0,0.0,0.0,0.0,0.0,0.0,144
2023-05-10 21:39:02,c2311-P-2640,c2311-P-2640,174.0,0.0,0.0,0.0,10,176.0,189.0,1,174.0,0.0,0.0,0.0,0.0,0.0,144
2023-05-10 21:39:03,c2311-P-2640,c2311-P-2640,174.0,0.0,0.0,0.0,10,176.0,188.5,10,174.0,0.0,0.0,0.0,0.0,0.0,144
2023-05-10 21:39:13,c2311-P-2640,c2311-P-2640,174.0,0.0,0.0,0.0,1,178.5,188.5,10,174.0,0.0,0.0,0.0,0.0,0.0,144
2023-05-10 21:39:13,c2311-P-2640,c2311-P-2640,174.0,0.0,0.0,0.0,10,179.0,188.5,10,174.0,0.0,0.0,0.0,0.0,0.0,144
2023-05-10 21:43:36,c2311-P-2640,c2311-P-2640,174.0,0.0,0.0,0.0,10,179.0,189.0,11,174.0,0.0,0.0,0.0,0.0,0.0,144
2023-05-10 22:52:26,c2311-P-2640,c2311-P-2640,174.0,0.0,0.0,0.0,10,179.0,186.0,1,174.0,0.0,0.0,0.0,0.0,0.0,144
2023-05-10 22:52:27,c2311-P-2640,c2311-P-2640,174.0,0.0,0.0,0.0,10,179.0,185.5,10,174.0,0.0,0.0,0.0,0.0,0.0,144
2023-05-10 22:52:32,c2311-P-2640,c2311-P-2640,174.0,0.0,0.0,0.0,11,178.5,185.5,10,174.0,0.0,0.0,0.0,0.0,0.0,144
2023-05-10 22:52:35,c2311-P-2640,c2311-P-2640,174.0,0.0,0.0,0.0,1,178.5,185.5,10,174.0,0.0,0.0,0.0,0.0,0.0,144
2023-05-10 22:52:36,c2311-P-2640,c2311-P-2640,174.0,0.0,0.0,0.0,10,138.5,185.5,10,174.0,0.0,0.0,0.0,0.0,0.0,144
2023-05-10 22:52:37,c2311-P-2640,c2311-P-2640,174.0,0.0,0.0,0.0,1,140.0,185.5,10,174.0,0.0,0.0,0.0,0.0,0.0,144
2023-05-10 22:52:37,c2311-P-2640,c2311-P-2640,174.0,0.0,0.0,0.0,1,161.0,185.5,10,174.0,0.0,0.0,0.0,0.0,0.0,144
2023-05-10 22:52:38,c2311-P-2640,c2311-P-2640,174.0,0.0,0.0,0.0,10,161.5,185.5,10,174.0,0.0,0.0,0.0,0.0,0.0,144
2023-05-10 22:52:38,c2311-P-2640,c2311-P-2640,174.0,0.0,0.0,0.0,1,174.5,185.5,10,174.0,0.0,0.0,0.0,0.0,0.0,144
2023-05-10 22:52:38,c2311-P-2640,c2311-P-2640,174.0,0.0,0.0,0.0,10,175.0,185.5,10,174.0,0.0,0.0,0.0,0.0,0.0,144
2023-05-10 22:57:33,c2311-P-2640,c2311-P-2640,174.0,0.0,0.0,0.0,1,117.0,0.0,0,174.0,0.0,0.0,0.0,0.0,0.0,144
2023-05-10 22:57:33,c2311-P-2640,c2311-P-2640,174.0,0.0,0.0,0.0,6,118.0,0.0,0,174.0,0.0,0.0,0.0,0.0,0.0,144
2023-05-10 22:57:36,c2311-P-2640,c2311-P-2640,174.0,0.0,0.0,0.0,1,119.5,320.0,1,174.0,0.0,0.0,0.0,0.0,0.0,144
2023-05-10 22:57:36,c2311-P-2640,c2311-P-2640,174.0,0.0,0.0,0.0,6,120.5,320.0,1,174.0,0.0,0.0,0.0,0.0,0.0,144
2023-05-10 22:57:45,c2311-P-2640,c2311-P-2640,174.0,0.0,0.0,0.0,1,122.0,320.0,1,174.0,0.0,0.0,0.0,0.0,0.0,144
2023-05-10 22:57:45,c2311-P-2640,c2311-P-2640,174.0,0.0,0.0,0.0,6,123.0,320.0,1,174.0,0.0,0.0,0.0,0.0,0.0,144
2023-05-10 22:57:47,c2311-P-2640,c2311-P-2640,174.0,0.0,0.0,0.0,1,124.5,320.0,1,174.0,0.0,0.0,0.0,0.0,0.0,144
2023-05-10 22:57:47,c2311-P-2640,c2311-P-2640,174.0,0.0,0.0,0.0,6,125.5,320.0,1,174.0,0.0,0.0,0.0,0.0,0.0,144
2023-05-10 22:57:48,c2311-P-2640,c2311-P-2640,174.0,0.0,0.0,0.0,1,127.0,320.0,1,174.0,0.0,0.0,0.0,0.0,0.0,144
2023-05-10 22:57:48,c2311-P-2640,c2311-P-2640,174.0,0.0,0.0,0.0,6,128.0,320.0,1,174.0,0.0,0.0,0.0,0.0,0.0,144
2023-05-10 22:57:49,c2311-P-2640,c2311-P-2640,174.0,0.0,0.0,0.0,1,129.5,320.0,1,174.0,0.0,0.0,0.0,0.0,0.0,144
2023-05-10 22:59:16,c2311-P-2640,c2311-P-2640,174.0,0.0,0.0,0.0,10,130.0,319.5,10,174.0,0.0,0.0,0.0,0.0,0.0,144
2023-05-10 22:59:22,c2311-P-2640,c2311-P-2640,174.0,0.0,0.0,0.0,1,131.5,319.5,10,174.0,0.0,0.0,0.0,0.0,0.0,144
2023-05-10 22:59:22,c2311-P-2640,c2311-P-2640,174.0,0.0,0.0,0.0,10,132.0,318.0,1,174.0,0.0,0.0,0.0,0.0,0.0,144
2023-05-10 22:59:23,c2311-P-2640,c2311-P-2640,174.0,0.0,0.0,0.0,10,132.0,317.5,10,174.0,0.0,0.0,0.0,0.0,0.0,144
2023-05-10 22:59:23,c2311-P-2640,c2311-P-2640,174.0,0.0,0.0,0.0,1,133.5,316.0,1,174.0,0.0,0.0,0.0,0.0,0.0,144
2023-05-10 22:59:24,c2311-P-2640,c2311-P-2640,174.0,0.0,0.0,0.0,10,134.0,315.5,10,174.0,0.0,0.0,0.0,0.0,0.0,144
2023-05-10 22:59:24,c2311-P-2640,c2311-P-2640,174.0,0.0,0.0,0.0,1,135.5,314.0,1,174.0,0.0,0.0,0.0,0.0,0.0,144
2023-05-10 22:59:25,c2311-P-2640,c2311-P-2640,174.0,0.0,0.0,0.0,10,136.0,313.5,10,174.0,0.0,0.0,0.0,0.0,0.0,144
2023-05-10 22:59:25,c2311-P-2640,c2311-P-2640,174.0,0.0,0.0,0.0,10,136.0,312.0,1,174.0,0.0,0.0,0.0,0.0,0.0,144
2023-05-10 22:59:26,c2311-P-2640,c2311-P-2640,174.0,0.0,0.0,0.0,10,136.0,311.5,10,174.0,0.0,0.0,0.0,0.0,0.0,144
2023-05-10 22:59:56,c2311-P-2640,c2311-P-2640,174.0,0.0,0.0,0.0,0,0.0,0.0,0,174.0,0.0,0.0,0.0,0.0,0.0,144
2023-05-11 09:00:00,c2311-P-2640,c2311-P-2640,174.0,0.0,0.0,0.0,1,130.0,0.0,0,174.0,0.0,0.0,0.0,0.0,0.0,144
2023-05-11 09:00:04,c2311-P-2640,c2311-P-2640,174.0,0.0,0.0,0.0,10,130.5,0.0,0,174.0,0.0,0.0,0.0,0.0,0.0,144
2023-05-11 09:00:10,c2311-P-2640,c2311-P-2640,174.0,0.0,0.0,0.0,1,143.0,229.0,1,174.0,0.0,0.0,0.0,0.0,0.0,144
2023-05-11 09:00:10,c2311-P-2640,c2311-P-2640,174.0,0.0,0.0,0.0,10,143.5,228.5,10,174.0,0.0,0.0,0.0,0.0,0.0,144
2023-05-11 09:00:11,c2311-P-2640,c2311-P-2640,174.0,0.0,0.0,0.0,10,143.5,216.0,1,174.0,0.0,0.0,0.0,0.0,0.0,144
2023-05-11 09:00:11,c2311-P-2640,c2311-P-2640,174.0,0.0,0.0,0.0,1,156.0,215.5,10,174.0,0.0,0.0,0.0,0.0,0.0,144
2023-05-11 09:00:12,c2311-P-2640,c2311-P-2640,174.0,0.0,0.0,0.0,10,156.5,203.0,1,174.0,0.0,0.0,0.0,0.0,0.0,144
2023-05-11 09:00:12,c2311-P-2640,c2311-P-2640,174.0,0.0,0.0,0.0,1,169.0,190.0,1,174.0,0.0,0.0,0.0,0.0,0.0,144
2023-05-11 09:00:36,c2311-P-2640,c2311-P-2640,174.0,0.0,0.0,0.0,1,132.5,190.0,1,174.0,0.0,0.0,0.0,0.0,0.0,144
2023-05-11 09:00:36,c2311-P-2640,c2311-P-2640,174.0,0.0,0.0,0.0,1,145.5,190.0,1,174.0,0.0,0.0,0.0,0.0,0.0,144
2023-05-11 09:00:37,c2311-P-2640,c2311-P-2640,174.0,0.0,0.0,0.0,10,146.0,190.0,1,174.0,0.0,0.0,0.0,0.0,0.0,144
2023-05-11 09:00:37,c2311-P-2640,c2311-P-2640,174.0,0.0,0.0,0.0,1,158.5,190.0,1,174.0,0.0,0.0,0.0,0.0,0.0,144
2023-05-11 09:00:38,c2311-P-2640,c2311-P-2640,174.0,0.0,0.0,0.0,1,171.5,190.0,1,174.0,0.0,0.0,0.0,0.0,0.0,144
2023-05-11 09:00:45,c2311-P-2640,c2311-P-2640,174.0,0.0,0.0,0.0,1,133.0,190.0,1,174.0,0.0,0.0,0.0,0.0,0.0,144
2023-05-11 09:00:45,c2311-P-2640,c2311-P-2640,174.0,0.0,0.0,0.0,1,146.0,190.0,1,174.0,0.0,0.0,0.0,0.0,0.0,144
2023-05-11 09:00:46,c2311-P-2640,c2311-P-2640,174.0,0.0,0.0,0.0,10,146.5,190.0,1,174.0,0.0,0.0,0.0,0.0,0.0,144
2023-05-11 09:00:46,c2311-P-2640,c2311-P-2640,174.0,0.0,0.0,0.0,1,159.0,190.0,1,174.0,0.0,0.0,0.0,0.0,0.0,144
2023-05-11 09:00:47,c2311-P-2640,c2311-P-2640,174.0,0.0,0.0,0.0,1,172.0,190.0,1,174.0,0.0,0.0,0.0,0.0,0.0,144
2023-05-11 09:00:53,c2311-P-2640,c2311-P-2640,174.0,0.0,0.0,0.0,1,133.5,190.0,1,174.0,0.0,0.0,0.0,0.0,0.0,144
2023-05-11 09:00:53,c2311-P-2640,c2311-P-2640,174.0,0.0,0.0,0.0,1,146.5,190.0,1,174.0,0.0,0.0,0.0,0.0,0.0,144
2023-05-11 09:00:54,c2311-P-2640,c2311-P-2640,174.0,0.0,0.0,0.0,10,147.0,190.0,1,174.0,0.0,0.0,0.0,0.0,0.0,144
2023-05-11 09:00:54,c2311-P-2640,c2311-P-2640,174.0,0.0,0.0,0.0,1,159.5,190.0,1,174.0,0.0,0.0,0.0,0.0,0.0,144
2023-05-11 09:00:55,c2311-P-2640,c2311-P-2640,174.0,0.0,0.0,0.0,1,172.5,190.0,1,174.0,0.0,0.0,0.0,0.0,0.0,144
2023-05-11 09:01:02,c2311-P-2640,c2311-P-2640,174.0,0.0,0.0,0.0,1,133.5,190.0,1,174.0,0.0,0.0,0.0,0.0,0.0,144
2023-05-11 09:01:02,c2311-P-2640,c2311-P-2640,174.0,0.0,0.0,0.0,1,146.5,190.0,1,174.0,0.0,0.0,0.0,0.0,0.0,144
2023-05-11 09:01:03,c2311-P-2640,c2311-P-2640,174.0,0.0,0.0,0.0,10,147.0,190.0,1,174.0,0.0,0.0,0.0,0.0,0.0,144
2023-05-11 09:01:03,c2311-P-2640,c2311-P-2640,174.0,0.0,0.0,0.0,1,159.5,190.0,1,174.0,0.0,0.0,0.0,0.0,0.0,144
2023-05-11 09:01:04,c2311-P-2640,c2311-P-2640,174.0,0.0,0.0,0.0,1,172.5,190.0,1,174.0,0.0,0.0,0.0,0.0,0.0,144
2023-05-11 09:01:10,c2311-P-2640,c2311-P-2640,174.0,0.0,0.0,0.0,1,133.0,190.0,1,174.0,0.0,0.0,0.0,0.0,0.0,144
2023-05-11 09:01:10,c2311-P-2640,c2311-P-2640,174.0,0.0,0.0,0.0,1,146.0,190.0,1,174.0,0.0,0.0,0.0,0.0,0.0,144
2023-05-11 09:01:11,c2311-P-2640,c2311-P-2640,174.0,0.0,0.0,0.0,10,146.5,190.0,1,174.0,0.0,0.0,0.0,0.0,0.0,144
2023-05-11 09:01:11,c2311-P-2640,c2311-P-2640,174.0,0.0,0.0,0.0,1,159.0,190.0,1,174.0,0.0,0.0,0.0,0.0,0.0,144
2023-05-11 09:01:12,c2311-P-2640,c2311-P-2640,174.0,0.0,0.0,0.0,1,172.0,190.0,1,174.0,0.0,0.0,0.0,0.0,0.0,144
2023-05-11 09:02:57,c2311-P-2640,c2311-P-2640,174.0,0.0,0.0,0.0,10,172.5,189.5,10,174.0,0.0,0.0,0.0,0.0,0.0,144
2023-05-11 09:02:58,c2311-P-2640,c2311-P-2640,174.0,0.0,0.0,0.0,1,176.5,189.5,10,174.0,0.0,0.0,0.0,0.0,0.0,144
2023-05-11 09:02:59,c2311-P-2640,c2311-P-2640,174.0,0.0,0.0,0.0,10,177.0,189.5,10,174.0,0.0,0.0,0.0,0.0,0.0,144
2023-05-11 09:21:22,c2311-P-2640,c2311-P-2640,174.0,0.0,0.0,0.0,1,180.5,189.5,10,174.0,0.0,0.0,0.0,0.0,0.0,144
2023-05-11 09:21:23,c2311-P-2640,c2311-P-2640,174.0,0.0,0.0,0.0,10,181.0,189.5,10,174.0,0.0,0.0,0.0,0.0,0.0,144
2023-05-11 09:45:30,c2311-P-2640,c2311-P-2640,174.0,0.0,0.0,0.0,10,181.0,190.0,1,174.0,0.0,0.0,0.0,0.0,0.0,144
2023-05-11 09:45:32,c2311-P-2640,c2311-P-2640,174.0,0.0,0.0,0.0,10,181.0,190.0,11,174.0,0.0,0.0,0.0,0.0,0.0,144
2023-05-11 09:46:46,c2311-P-2640,c2311-P-2640,174.0,0.0,0.0,0.0,10,181.0,190.0,1,174.0,0.0,0.0,0.0,0.0,0.0,144
2023-05-11 09:46:47,c2311-P-2640,c2311-P-2640,174.0,0.0,0.0,0.0,10,181.0,194.5,10,174.0,0.0,0.0,0.0,0.0,0.0,144
2023-05-11 09:52:48,c2311-P-2640,c2311-P-2640,174.0,0.0,0.0,0.0,1,185.0,194.5,10,174.0,0.0,0.0,0.0,0.0,0.0,144
2023-05-11 09:52:48,c2311-P-2640,c2311-P-2640,174.0,0.0,0.0,0.0,10,185.5,194.5,10,174.0,0.0,0.0,0.0,0.0,0.0,144
2023-05-11 09:54:06,c2311-P-2640,c2311-P-2640,174.0,0.0,0.0,0.0,10,185.5,195.0,11,174.0,0.0,0.0,0.0,0.0,0.0,144
2023-05-11 09:54:06,c2311-P-2640,c2311-P-2640,174.0,0.0,0.0,0.0,10,185.5,195.0,1,174.0,0.0,0.0,0.0,0.0,0.0,144
2023-05-11 09:54:11,c2311-P-2640,c2311-P-2640,174.0,0.0,0.0,0.0,10,185.5,195.0,11,174.0,0.0,0.0,0.0,0.0,0.0,144
2023-05-11 09:54:23,c2311-P-2640,c2311-P-2640,174.0,0.0,0.0,0.0,10,185.5,0.0,0,174.0,0.0,0.0,0.0,0.0,0.0,144
2023-05-11 09:54:24,c2311-P-2640,c2311-P-2640,174.0,0.0,0.0,0.0,10,185.5,319.5,10,174.0,0.0,0.0,0.0,0.0,0.0,144
2023-05-11 09:54:24,c2311-P-2640,c2311-P-2640,174.0,0.0,0.0,0.0,10,185.5,242.0,1,174.0,0.0,0.0,0.0,0.0,0.0,144
2023-05-11 09:54:25,c2311-P-2640,c2311-P-2640,174.0,0.0,0.0,0.0,10,185.5,219.5,1,174.0,0.0,0.0,0.0,0.0,0.0,144
2023-05-11 09:54:25,c2311-P-2640,c2311-P-2640,174.0,0.0,0.0,0.0,10,185.5,200.0,1,174.0,0.0,0.0,0.0,0.0,0.0,144
2023-05-11 09:54:26,c2311-P-2640,c2311-P-2640,174.0,0.0,0.0,0.0,10,185.5,199.5,10,174.0,0.0,0.0,0.0,0.0,0.0,144
2023-05-11 10:13:31,c2311-P-2640,c2311-P-2640,174.0,0.0,0.0,0.0,10,185.5,196.0,1,174.0,0.0,0.0,0.0,0.0,0.0,144
2023-05-11 10:13:31,c2311-P-2640,c2311-P-2640,174.0,0.0,0.0,0.0,10,185.5,195.5,10,174.0,0.0,0.0,0.0,0.0,0.0,144
2023-05-11 10:14:32,c2311-P-2640,c2311-P-2640,174.0,0.0,0.0,0.0,1,185.0,196.0,1,174.0,0.0,0.0,0.0,0.0,0.0,144
2023-05-11 10:30:07,c2311-P-2640,c2311-P-2640,174.0,0.0,0.0,0.0,10,185.5,195.5,10,174.0,0.0,0.0,0.0,0.0,0.0,144
2023-05-11 10:35:04,c2311-P-2640,c2311-P-2640,174.0,0.0,0.0,0.0,1,179.5,195.5,10,174.0,0.0,0.0,0.0,0.0,0.0,144
2023-05-11 10:35:04,c2311-P-2640,c2311-P-2640,174.0,0.0,0.0,0.0,10,180.0,195.5,10,174.0,0.0,0.0,0.0,0.0,0.0,144
2023-05-11 10:40:28,c2311-P-2640,c2311-P-2640,174.0,0.0,0.0,0.0,1,184.0,195.5,10,174.0,0.0,0.0,0.0,0.0,0.0,144
2023-05-11 10:40:28,c2311-P-2640,c2311-P-2640,174.0,0.0,0.0,0.0,10,184.5,195.5,10,174.0,0.0,0.0,0.0,0.0,0.0,144
2023-05-11 11:15:01,c2311-P-2640,c2311-P-2640,174.0,0.0,0.0,0.0,11,184.0,195.5,10,174.0,0.0,0.0,0.0,0.0,0.0,144
2023-05-11 11:19:51,c2311-P-2640,c2311-P-2640,174.0,0.0,0.0,0.0,1,184.0,195.5,10,174.0,0.0,0.0,0.0,0.0,0.0,144
2023-05-11 11:20:02,c2311-P-2640,c2311-P-2640,174.0,0.0,0.0,0.0,11,184.0,195.5,10,174.0,0.0,0.0,0.0,0.0,0.0,144
2023-05-11 11:29:33,c2311-P-2640,c2311-P-2640,174.0,0.0,0.0,0.0,1,184.0,196.0,1,174.0,0.0,0.0,0.0,0.0,0.0,144
2023-05-11 11:29:39,c2311-P-2640,c2311-P-2640,174.0,0.0,0.0,0.0,1,139.5,196.0,1,174.0,0.0,0.0,0.0,0.0,0.0,144
2023-05-11 13:30:02,c2311-P-2640,c2311-P-2640,174.0,0.0,0.0,0.0,10,140.0,196.0,1,174.0,0.0,0.0,0.0,0.0,0.0,144
2023-05-11 13:30:03,c2311-P-2640,c2311-P-2640,174.0,0.0,0.0,0.0,1,152.5,196.0,1,174.0,0.0,0.0,0.0,0.0,0.0,144
2023-05-11 13:30:03,c2311-P-2640,c2311-P-2640,174.0,0.0,0.0,0.0,10,153.0,196.0,1,174.0,0.0,0.0,0.0,0.0,0.0,144
2023-05-11 13:30:04,c2311-P-2640,c2311-P-2640,174.0,0.0,0.0,0.0,1,165.5,196.0,1,174.0,0.0,0.0,0.0,0.0,0.0,144
2023-05-11 13:30:04,c2311-P-2640,c2311-P-2640,174.0,0.0,0.0,0.0,1,178.5,196.0,1,174.0,0.0,0.0,0.0,0.0,0.0,144
2023-05-11 13:30:11,c2311-P-2640,c2311-P-2640,174.0,0.0,0.0,0.0,10,136.5,196.0,11,174.0,0.0,0.0,0.0,0.0,0.0,144
2023-05-11 13:30:12,c2311-P-2640,c2311-P-2640,174.0,0.0,0.0,0.0,1,149.0,191.0,1,174.0,0.0,0.0,0.0,0.0,0.0,144
2023-05-11 13:30:12,c2311-P-2640,c2311-P-2640,174.0,0.0,0.0,0.0,1,162.0,191.0,1,174.0,0.0,0.0,0.0,0.0,0.0,144
2023-05-11 13:30:13,c2311-P-2640,c2311-P-2640,174.0,0.0,0.0,0.0,10,162.5,191.0,1,174.0,0.0,0.0,0.0,0.0,0.0,144
2023-05-11 13:30:13,c2311-P-2640,c2311-P-2640,174.0,0.0,0.0,0.0,1,175.0,191.0,1,174.0,0.0,0.0,0.0,0.0,0.0,144
2023-05-11 13:30:14,c2311-P-2640,c2311-P-2640,174.0,0.0,0.0,0.0,1,179.5,191.0,1,174.0,0.0,0.0,0.0,0.0,0.0,144
2023-05-11 13:30:29,c2311-P-2640,c2311-P-2640,174.0,0.0,0.0,0.0,10,136.5,191.0,1,174.0,0.0,0.0,0.0,0.0,0.0,144
2023-05-11 13:30:29,c2311-P-2640,c2311-P-2640,174.0,0.0,0.0,0.0,1,149.0,191.0,1,174.0,0.0,0.0,0.0,0.0,0.0,144
2023-05-11 13:30:30,c2311-P-2640,c2311-P-2640,174.0,0.0,0.0,0.0,1,162.0,191.0,1,174.0,0.0,0.0,0.0,0.0,0.0,144
2023-05-11 13:30:31,c2311-P-2640,c2311-P-2640,174.0,0.0,0.0,0.0,10,162.5,191.0,1,174.0,0.0,0.0,0.0,0.0,0.0,144
2023-05-11 13:30:32,c2311-P-2640,c2311-P-2640,174.0,0.0,0.0,0.0,1,175.0,191.0,1,174.0,0.0,0.0,0.0,0.0,0.0,144
2023-05-11 13:30:32,c2311-P-2640,c2311-P-2640,174.0,0.0,0.0,0.0,1,180.5,191.0,1,174.0,0.0,0.0,0.0,0.0,0.0,144
2023-05-11 13:30:38,c2311-P-2640,c2311-P-2640,174.0,0.0,0.0,0.0,10,137.0,191.0,1,174.0,0.0,0.0,0.0,0.0,0.0,144
2023-05-11 13:30:39,c2311-P-2640,c2311-P-2640,174.0,0.0,0.0,0.0,1,149.5,191.0,1,174.0,0.0,0.0,0.0,0.0,0.0,144
2023-05-11 13:30:39,c2311-P-2640,c2311-P-2640,174.0,0.0,0.0,0.0,1,162.5,191.0,1,174.0,0.0,0.0,0.0,0.0,0.0,144
2023-05-11 13:30:40,c2311-P-2640,c2311-P-2640,174.0,0.0,0.0,0.0,10,163.0,191.0,1,174.0,0.0,0.0,0.0,0.0,0.0,144
2023-05-11 13:30:40,c2311-P-2640,c2311-P-2640,174.0,0.0,0.0,0.0,1,175.5,191.0,1,174.0,0.0,0.0,0.0,0.0,0.0,144
2023-05-11 13:30:41,c2311-P-2640,c2311-P-2640,174.0,0.0,0.0,0.0,1,180.5,191.0,1,174.0,0.0,0.0,0.0,0.0,0.0,144
2023-05-11 13:32:51,c2311-P-2640,c2311-P-2640,174.0,0.0,0.0,0.0,10,181.0,190.5,10,174.0,0.0,0.0,0.0,0.0,0.0,144
2023-05-11 13:37:00,c2311-P-2640,c2311-P-2640,174.0,0.0,0.0,0.0,10,181.0,191.0,11,174.0,0.0,0.0,0.0,0.0,0.0,144
2023-05-11 13:38:07,c2311-P-2640,c2311-P-2640,174.0,0.0,0.0,0.0,10,181.0,191.0,1,174.0,0.0,0.0,0.0,0.0,0.0,144
2023-05-11 13:38:12,c2311-P-2640,c2311-P-2640,174.0,0.0,0.0,0.0,1,184.0,191.0,1,174.0,0.0,0.0,0.0,0.0,0.0,144
2023-05-11 13:38:12,c2311-P-2640,c2311-P-2640,174.0,0.0,0.0,0.0,10,184.5,191.0,1,174.0,0.0,0.0,0.0,0.0,0.0,144
2023-05-11 13:38:31,c2311-P-2640,c2311-P-2640,174.0,0.0,0.0,0.0,10,184.5,191.0,11,174.0,0.0,0.0,0.0,0.0,0.0,144
2023-05-11 13:38:38,c2311-P-2640,c2311-P-2640,174.0,0.0,0.0,0.0,10,184.5,191.0,1,174.0,0.0,0.0,0.0,0.0,0.0,144
2023-05-11 13:39:03,c2311-P-2640,c2311-P-2640,174.0,0.0,0.0,0.0,10,184.5,191.0,11,174.0,0.0,0.0,0.0,0.0,0.0,144
2023-05-11 13:39:07,c2311-P-2640,c2311-P-2640,174.0,0.0,0.0,0.0,10,184.5,191.0,1,174.0,0.0,0.0,0.0,0.0,0.0,144
2023-05-11 13:40:33,c2311-P-2640,c2311-P-2640,174.0,0.0,0.0,0.0,10,184.5,195.5,1,174.0,0.0,0.0,0.0,0.0,0.0,144
2023-05-11 13:40:33,c2311-P-2640,c2311-P-2640,174.0,0.0,0.0,0.0,10,184.5,195.0,10,174.0,0.0,0.0,0.0,0.0,0.0,144
2023-05-11 13:54:28,c2311-P-2640,c2311-P-2640,174.0,0.0,0.0,0.0,10,184.5,195.5,11,174.0,0.0,0.0,0.0,0.0,0.0,144
2023-05-11 14:00:07,c2311-P-2640,c2311-P-2640,174.0,0.0,0.0,0.0,1,187.5,195.5,11,174.0,0.0,0.0,0.0,0.0,0.0,144
2023-05-11 14:00:07,c2311-P-2640,c2311-P-2640,174.0,0.0,0.0,0.0,10,188.0,195.5,11,174.0,0.0,0.0,0.0,0.0,0.0,144
2023-05-11 14:01:16,c2311-P-2640,c2311-P-2640,174.0,0.0,0.0,0.0,10,188.0,195.5,1,174.0,0.0,0.0,0.0,0.0,0.0,144
2023-05-11 14:02:34,c2311-P-2640,c2311-P-2640,174.0,0.0,0.0,0.0,10,188.0,0.0,0,174.0,0.0,0.0,0.0,0.0,0.0,144
2023-05-11 14:02:35,c2311-P-2640,c2311-P-2640,174.0,0.0,0.0,0.0,10,188.0,319.5,10,174.0,0.0,0.0,0.0,0.0,0.0,144
2023-05-11 14:02:36,c2311-P-2640,c2311-P-2640,174.0,0.0,0.0,0.0,10,188.0,243.5,1,174.0,0.0,0.0,0.0,0.0,0.0,144
2023-05-11 14:02:36,c2311-P-2640,c2311-P-2640,174.0,0.0,0.0,0.0,10,188.0,221.0,1,174.0,0.0,0.0,0.0,0.0,0.0,144
2023-05-11 14:02:37,c2311-P-2640,c2311-P-2640,174.0,0.0,0.0,0.0,10,188.0,200.0,1,174.0,0.0,0.0,0.0,0.0,0.0,144
2023-05-11 14:02:37,c2311-P-2640,c2311-P-2640,174.0,0.0,0.0,0.0,10,188.0,199.5,10,174.0,0.0,0.0,0.0,0.0,0.0,144
2023-05-11 14:16:54,c2311-P-2640,c2311-P-2640,174.0,0.0,0.0,0.0,10,188.0,196.5,1,174.0,0.0,0.0,0.0,0.0,0.0,144
2023-05-11 14:16:54,c2311-P-2640,c2311-P-2640,174.0,0.0,0.0,0.0,10,188.0,196.0,10,174.0,0.0,0.0,0.0,0.0,0.0,144
2023-05-11 14:35:02,c2311-P-2640,c2311-P-2640,174.0,0.0,0.0,0.0,10,188.0,196.5,11,174.0,0.0,0.0,0.0,0.0,0.0,144
2023-05-11 14:35:06,c2311-P-2640,c2311-P-2640,174.0,0.0,0.0,0.0,10,188.0,196.5,1,174.0,0.0,0.0,0.0,0.0,0.0,144
2023-05-11 14:35:49,c2311-P-2640,c2311-P-2640,174.0,0.0,0.0,0.0,10,188.0,196.0,10,174.0,0.0,0.0,0.0,0.0,0.0,144
2023-05-11 14:37:49,c2311-P-2640,c2311-P-2640,174.0,0.0,0.0,0.0,10,188.0,196.5,1,174.0,0.0,0.0,0.0,0.0,0.0,144
2023-05-11 14:37:49,c2311-P-2640,c2311-P-2640,174.0,0.0,0.0,0.0,10,188.0,196.5,11,174.0,0.0,0.0,0.0,0.0,0.0,144
2023-05-11 14:37:52,c2311-P-2640,c2311-P-2640,174.0,0.0,0.0,0.0,10,188.0,196.5,1,174.0,0.0,0.0,0.0,0.0,0.0,144
2023-05-11 14:38:13,c2311-P-2640,c2311-P-2640,174.0,0.0,0.0,0.0,10,188.0,196.0,10,174.0,0.0,0.0,0.0,0.0,0.0,144
2023-05-11 14:39:05,c2311-P-2640,c2311-P-2640,174.0,0.0,0.0,0.0,10,188.0,196.5,1,174.0,0.0,0.0,0.0,0.0,0.0,144
2023-05-11 14:39:05,c2311-P-2640,c2311-P-2640,174.0,0.0,0.0,0.0,10,188.0,196.5,11,174.0,0.0,0.0,0.0,0.0,0.0,144
2023-05-11 14:39:18,c2311-P-2640,c2311-P-2640,174.0,0.0,0.0,0.0,10,188.0,196.5,1,174.0,0.0,0.0,0.0,0.0,0.0,144
2023-05-11 14:41:04,c2311-P-2640,c2311-P-2640,174.0,0.0,0.0,0.0,10,188.0,196.5,11,174.0,0.0,0.0,0.0,0.0,0.0,144
2023-05-11 14:50:37,c2311-P-2640,c2311-P-2640,174.0,0.0,0.0,0.0,10,188.0,196.5,1,174.0,0.0,0.0,0.0,0.0,0.0,144
2023-05-11 14:51:08,c2311-P-2640,c2311-P-2640,174.0,0.0,0.0,0.0,10,188.0,196.5,11,174.0,0.0,0.0,0.0,0.0,0.0,144
2023-05-11 14:51:15,c2311-P-2640,c2311-P-2640,174.0,0.0,0.0,0.0,10,188.0,196.5,1,174.0,0.0,0.0,0.0,0.0,0.0,144
2023-05-11 14:51:42,c2311-P-2640,c2311-P-2640,174.0,0.0,0.0,0.0,10,188.0,201.0,1,174.0,0.0,0.0,0.0,0.0,0.0,144
2023-05-11 14:51:42,c2311-P-2640,c2311-P-2640,174.0,0.0,0.0,0.0,10,188.0,200.5,10,174.0,0.0,0.0,0.0,0.0,0.0,144
2023-05-11 14:59:02,c2311-P-2640,c2311-P-2640,174.0,0.0,0.0,0.0,1,187.5,201.0,1,174.0,0.0,0.0,0.0,0.0,0.0,144
2023-05-11 14:59:05,c2311-P-2640,c2311-P-2640,174.0,0.0,0.0,0.0,10,188.0,200.5,10,174.0,0.0,0.0,0.0,0.0,0.0,144
2023-05-11 14:59:10,c2311-P-2640,c2311-P-2640,174.0,0.0,0.0,0.0,1,187.5,201.0,1,174.0,0.0,0.0,0.0,0.0,0.0,144
2023-05-11 14:59:19,c2311-P-2640,c2311-P-2640,174.0,0.0,0.0,0.0,1,150.0,201.0,1,174.0,0.0,0.0,0.0,0.0,0.0,144
2023-05-11 15:01:10,c2311-P-2640,c2311-P-2640,174.0,0.0,0.0,0.0,1,150.0,201.0,1,174.0,0.0,0.0,0.0,0.0,0.0,144
