time,symbol_id,symbol_name,last,trade_volume,trade_amount,open_interest_change,bv1,bp1,ap1,av1,yesterday_close,today_open,today_high,today_low,volume,amount,open_interest
2023-05-10 20:55:34,c2311-C-2480,玉米2311购2480,86.0,0.0,0.0,0.0,4,13.0,0.0,0,86.0,85.0,0.0,0.0,0.0,0.0,91
2023-05-10 21:00:00,c2311-C-2480,玉米2311购2480,86.0,0.0,0.0,0.0,10,45.0,138.5,10,86.0,85.0,0.0,0.0,0.0,0.0,91
2023-05-10 21:00:02,c2311-C-2480,玉米2311购2480,86.0,0.0,0.0,0.0,1,57.5,138.5,10,86.0,85.0,0.0,0.0,0.0,0.0,91
2023-05-10 21:00:02,c2311-C-2480,玉米2311购2480,86.0,0.0,0.0,0.0,10,60.5,138.5,10,86.0,85.0,0.0,0.0,0.0,0.0,91
2023-05-10 21:00:03,c2311-C-2480,玉米2311购2480,86.0,0.0,0.0,0.0,10,60.5,123.0,10,86.0,85.0,0.0,0.0,0.0,0.0,91
2023-05-10 21:00:04,c2311-C-2480,玉米2311购2480,86.0,0.0,0.0,0.0,10,76.0,110.5,1,86.0,85.0,0.0,0.0,0.0,0.0,91
2023-05-10 21:00:04,c2311-C-2480,玉米2311购2480,86.0,0.0,0.0,0.0,10,76.0,107.5,10,86.0,85.0,0.0,0.0,0.0,0.0,91
2023-05-10 21:00:05,c2311-C-2480,玉米2311购2480,86.0,0.0,0.0,0.0,1,86.0,98.0,1,86.0,85.0,0.0,0.0,0.0,0.0,91
2023-05-10 21:00:07,c2311-C-2480,玉米2311购2480,86.0,0.0,0.0,0.0,1,86.0,98.0,11,86.0,85.0,0.0,0.0,0.0,0.0,91
2023-05-10 21:00:08,c2311-C-2480,玉米2311购2480,86.0,0.0,0.0,0.0,1,86.0,98.0,1,86.0,85.0,0.0,0.0,0.0,0.0,91
2023-05-10 21:00:08,c2311-C-2480,玉米2311购2480,86.0,0.0,0.0,0.0,10,86.5,98.0,1,86.0,85.0,0.0,0.0,0.0,0.0,91
2023-05-10 21:00:22,c2311-C-2480,玉米2311购2480,86.0,0.0,0.0,0.0,11,86.0,98.0,1,86.0,85.0,0.0,0.0,0.0,0.0,91
2023-05-10 21:00:26,c2311-C-2480,玉米2311购2480,86.0,0.0,0.0,0.0,11,86.0,97.5,10,86.0,85.0,0.0,0.0,0.0,0.0,91
2023-05-10 21:00:27,c2311-C-2480,玉米2311购2480,86.0,0.0,0.0,0.0,1,86.0,97.5,10,86.0,85.0,0.0,0.0,0.0,0.0,91
2023-05-10 21:00:27,c2311-C-2480,玉米2311购2480,86.0,0.0,0.0,0.0,11,86.0,97.5,10,86.0,85.0,0.0,0.0,0.0,0.0,91
2023-05-10 21:00:31,c2311-C-2480,玉米2311购2480,86.0,0.0,0.0,0.0,1,86.0,97.5,10,86.0,85.0,0.0,0.0,0.0,0.0,91
2023-05-10 21:00:32,c2311-C-2480,玉米2311购2480,86.0,0.0,0.0,0.0,1,86.0,94.5,1,86.0,85.0,0.0,0.0,0.0,0.0,91
2023-05-10 21:00:38,c2311-C-2480,玉米2311购2480,86.0,0.0,0.0,0.0,11,86.0,94.5,11,86.0,85.0,0.0,0.0,0.0,0.0,91
2023-05-10 21:00:40,c2311-C-2480,玉米2311购2480,86.0,0.0,0.0,0.0,1,86.0,94.5,1,86.0,85.0,0.0,0.0,0.0,0.0,91
2023-05-10 21:00:46,c2311-C-2480,玉米2311购2480,86.0,0.0,0.0,0.0,10,88.5,91.5,10,86.0,85.0,0.0,0.0,0.0,0.0,91
2023-05-10 21:00:46,c2311-C-2480,玉米2311购2480,86.0,0.0,0.0,0.0,20,88.5,91.5,20,86.0,85.0,0.0,0.0,0.0,0.0,91
2023-05-10 21:00:49,c2311-C-2480,玉米2311购2480,86.0,0.0,0.0,0.0,10,88.5,91.5,10,86.0,85.0,0.0,0.0,0.0,0.0,91
2023-05-10 21:01:00,c2311-C-2480,玉米2311购2480,86.0,0.0,0.0,0.0,10,88.0,91.0,10,86.0,85.0,0.0,0.0,0.0,0.0,91
2023-05-10 21:01:02,c2311-C-2480,玉米2311购2480,86.0,0.0,0.0,0.0,10,87.5,90.5,10,86.0,85.0,0.0,0.0,0.0,0.0,91
2023-05-10 21:01:06,c2311-C-2480,玉米2311购2480,86.0,0.0,0.0,0.0,10,87.5,90.0,10,86.0,85.0,0.0,0.0,0.0,0.0,91
2023-05-10 21:01:10,c2311-C-2480,玉米2311购2480,86.0,0.0,0.0,0.0,10,87.0,89.5,10,86.0,85.0,0.0,0.0,0.0,0.0,91
2023-05-10 21:01:13,c2311-C-2480,玉米2311购2480,86.0,0.0,0.0,0.0,10,86.5,89.0,10,86.0,85.0,0.0,0.0,0.0,0.0,91
2023-05-10 21:01:15,c2311-C-2480,玉米2311购2480,86.0,0.0,0.0,0.0,10,86.5,89.5,10,86.0,85.0,0.0,0.0,0.0,0.0,91
2023-05-10 21:01:15,c2311-C-2480,玉米2311购2480,86.0,0.0,0.0,0.0,10,87.0,89.5,10,86.0,85.0,0.0,0.0,0.0,0.0,91
2023-05-10 21:01:21,c2311-C-2480,玉米2311购2480,86.0,0.0,0.0,0.0,10,86.5,89.5,10,86.0,85.0,0.0,0.0,0.0,0.0,91
2023-05-10 21:01:21,c2311-C-2480,玉米2311购2480,86.0,0.0,0.0,0.0,10,86.5,89.0,10,86.0,85.0,0.0,0.0,0.0,0.0,91
2023-05-10 21:01:24,c2311-C-2480,玉米2311购2480,86.0,0.0,0.0,0.0,10,86.0,89.0,10,86.0,85.0,0.0,0.0,0.0,0.0,91
2023-05-10 21:01:27,c2311-C-2480,玉米2311购2480,86.0,0.0,0.0,0.0,10,86.5,89.0,10,86.0,85.0,0.0,0.0,0.0,0.0,91
2023-05-10 21:01:29,c2311-C-2480,玉米2311购2480,86.0,0.0,0.0,0.0,11,85.5,88.5,10,86.0,85.0,0.0,0.0,0.0,0.0,91
2023-05-10 21:01:33,c2311-C-2480,玉米2311购2480,86.0,0.0,0.0,0.0,10,86.0,89.0,10,86.0,85.0,0.0,0.0,0.0,0.0,91
2023-05-10 21:01:33,c2311-C-2480,玉米2311购2480,86.0,0.0,0.0,0.0,10,87.0,89.5,10,86.0,85.0,0.0,0.0,0.0,0.0,91
2023-05-10 21:01:39,c2311-C-2480,玉米2311购2480,86.0,0.0,0.0,0.0,10,87.5,90.0,10,86.0,85.0,0.0,0.0,0.0,0.0,91
2023-05-10 21:01:41,c2311-C-2480,玉米2311购2480,86.0,0.0,0.0,0.0,10,88.0,90.5,10,86.0,85.0,0.0,0.0,0.0,0.0,91
2023-05-10 21:01:42,c2311-C-2480,玉米2311购2480,86.0,0.0,0.0,0.0,10,87.5,90.0,10,86.0,85.0,0.0,0.0,0.0,0.0,91
2023-05-10 21:01:44,c2311-C-2480,玉米2311购2480,86.0,0.0,0.0,0.0,10,86.5,89.5,10,86.0,85.0,0.0,0.0,0.0,0.0,91
2023-05-10 21:01:46,c2311-C-2480,玉米2311购2480,86.0,0.0,0.0,0.0,10,87.5,90.0,10,86.0,85.0,0.0,0.0,0.0,0.0,91
2023-05-10 21:01:51,c2311-C-2480,玉米2311购2480,86.0,0.0,0.0,0.0,10,88.0,91.0,10,86.0,85.0,0.0,0.0,0.0,0.0,91
2023-05-10 21:02:00,c2311-C-2480,玉米2311购2480,86.0,0.0,0.0,0.0,10,87.5,90.5,10,86.0,85.0,0.0,0.0,0.0,0.0,91
2023-05-10 21:02:05,c2311-C-2480,玉米2311购2480,86.0,0.0,0.0,0.0,1,85.5,94.5,1,86.0,85.0,0.0,0.0,0.0,0.0,91
2023-05-10 21:02:05,c2311-C-2480,玉米2311购2480,86.0,0.0,0.0,0.0,1,85.5,94.0,10,86.0,85.0,0.0,0.0,0.0,0.0,91
2023-05-10 21:02:35,c2311-C-2480,玉米2311购2480,86.0,0.0,0.0,0.0,11,85.5,88.5,10,86.0,85.0,0.0,0.0,0.0,0.0,91
2023-05-10 21:02:39,c2311-C-2480,玉米2311购2480,86.0,0.0,0.0,0.0,1,85.5,88.0,10,86.0,85.0,0.0,0.0,0.0,0.0,91
2023-05-10 21:02:43,c2311-C-2480,玉米2311购2480,86.0,0.0,0.0,0.0,20,85.0,88.0,10,86.0,85.0,0.0,0.0,0.0,0.0,91
2023-05-10 21:02:43,c2311-C-2480,玉米2311购2480,86.0,0.0,0.0,0.0,10,84.5,87.0,10,86.0,85.0,0.0,0.0,0.0,0.0,91
2023-05-10 21:02:57,c2311-C-2480,玉米2311购2480,86.0,0.0,0.0,0.0,10,84.5,88.0,20,86.0,85.0,0.0,0.0,0.0,0.0,91
2023-05-10 21:02:59,c2311-C-2480,玉米2311购2480,86.0,0.0,0.0,0.0,10,84.5,87.0,10,86.0,85.0,0.0,0.0,0.0,0.0,91
2023-05-10 21:03:04,c2311-C-2480,玉米2311购2480,86.0,0.0,0.0,0.0,10,85.0,88.0,10,86.0,85.0,0.0,0.0,0.0,0.0,91
2023-05-10 21:03:05,c2311-C-2480,玉米2311购2480,86.0,0.0,0.0,0.0,10,84.5,87.0,10,86.0,85.0,0.0,0.0,0.0,0.0,91
2023-05-10 21:03:11,c2311-C-2480,玉米2311购2480,86.0,0.0,0.0,0.0,10,85.0,88.0,10,86.0,85.0,0.0,0.0,0.0,0.0,91
2023-05-10 21:03:14,c2311-C-2480,玉米2311购2480,86.0,0.0,0.0,0.0,10,84.5,87.0,10,86.0,85.0,0.0,0.0,0.0,0.0,91
2023-05-10 21:03:16,c2311-C-2480,玉米2311购2480,86.0,0.0,0.0,0.0,10,85.0,88.0,10,86.0,85.0,0.0,0.0,0.0,0.0,91
2023-05-10 21:03:21,c2311-C-2480,玉米2311购2480,86.0,0.0,0.0,0.0,10,85.5,88.5,10,86.0,85.0,0.0,0.0,0.0,0.0,91
2023-05-10 21:03:22,c2311-C-2480,玉米2311购2480,86.0,0.0,0.0,0.0,20,85.0,88.0,10,86.0,85.0,0.0,0.0,0.0,0.0,91
2023-05-10 21:03:22,c2311-C-2480,玉米2311购2480,86.0,0.0,0.0,0.0,10,85.0,88.0,10,86.0,85.0,0.0,0.0,0.0,0.0,91
2023-05-10 21:03:23,c2311-C-2480,玉米2311购2480,86.0,0.0,0.0,0.0,10,85.5,88.5,10,86.0,85.0,0.0,0.0,0.0,0.0,91
2023-05-10 21:03:24,c2311-C-2480,玉米2311购2480,86.0,0.0,0.0,0.0,20,85.5,88.5,20,86.0,85.0,0.0,0.0,0.0,0.0,91
2023-05-10 21:03:32,c2311-C-2480,玉米2311购2480,86.0,0.0,0.0,0.0,10,85.5,88.0,10,86.0,85.0,0.0,0.0,0.0,0.0,91
2023-05-10 21:03:32,c2311-C-2480,玉米2311购2480,86.0,0.0,0.0,0.0,20,85.0,88.0,20,86.0,85.0,0.0,0.0,0.0,0.0,91
2023-05-10 21:03:40,c2311-C-2480,玉米2311购2480,86.0,0.0,0.0,0.0,20,85.0,88.0,30,86.0,85.0,0.0,0.0,0.0,0.0,91
2023-05-10 21:03:44,c2311-C-2480,玉米2311购2480,86.0,0.0,0.0,0.0,10,85.0,87.5,10,86.0,85.0,0.0,0.0,0.0,0.0,91
2023-05-10 21:03:47,c2311-C-2480,玉米2311购2480,86.0,0.0,0.0,0.0,10,85.0,87.5,20,86.0,85.0,0.0,0.0,0.0,0.0,91
2023-05-10 21:04:03,c2311-C-2480,玉米2311购2480,86.0,0.0,0.0,0.0,30,84.0,87.0,10,86.0,85.0,0.0,0.0,0.0,0.0,91
2023-05-10 21:04:04,c2311-C-2480,玉米2311购2480,86.0,0.0,0.0,0.0,30,84.0,87.0,20,86.0,85.0,0.0,0.0,0.0,0.0,91
2023-05-10 21:04:06,c2311-C-2480,玉米2311购2480,86.0,0.0,0.0,0.0,20,84.0,87.0,20,86.0,85.0,0.0,0.0,0.0,0.0,91
2023-05-10 21:04:14,c2311-C-2480,玉米2311购2480,86.0,0.0,0.0,0.0,10,84.5,87.0,10,86.0,85.0,0.0,0.0,0.0,0.0,91
2023-05-10 21:04:15,c2311-C-2480,玉米2311购2480,86.0,0.0,0.0,0.0,10,84.5,87.5,30,86.0,85.0,0.0,0.0,0.0,0.0,91
2023-05-10 21:04:18,c2311-C-2480,玉米2311购2480,86.0,0.0,0.0,0.0,20,84.5,87.5,30,86.0,85.0,0.0,0.0,0.0,0.0,91
2023-05-10 21:04:19,c2311-C-2480,玉米2311购2480,86.0,0.0,0.0,0.0,20,85.0,87.5,20,86.0,85.0,0.0,0.0,0.0,0.0,91
2023-05-10 21:04:20,c2311-C-2480,玉米2311购2480,86.0,0.0,0.0,0.0,10,85.5,87.5,20,86.0,85.0,0.0,0.0,0.0,0.0,91
2023-05-10 21:04:24,c2311-C-2480,玉米2311购2480,86.0,0.0,0.0,0.0,10,85.0,87.5,30,86.0,85.0,0.0,0.0,0.0,0.0,91
2023-05-10 21:04:26,c2311-C-2480,玉米2311购2480,86.0,0.0,0.0,0.0,10,85.5,87.5,20,86.0,85.0,0.0,0.0,0.0,0.0,91
2023-05-10 21:04:32,c2311-C-2480,玉米2311购2480,86.0,0.0,0.0,0.0,10,85.0,87.5,30,86.0,85.0,0.0,0.0,0.0,0.0,91
2023-05-10 21:04:42,c2311-C-2480,玉米2311购2480,86.0,0.0,0.0,0.0,30,84.0,87.0,20,86.0,85.0,0.0,0.0,0.0,0.0,91
2023-05-10 21:04:43,c2311-C-2480,玉米2311购2480,86.0,0.0,0.0,0.0,20,84.0,87.0,20,86.0,85.0,0.0,0.0,0.0,0.0,91
2023-05-10 21:04:47,c2311-C-2480,玉米2311购2480,86.0,0.0,0.0,0.0,30,84.0,87.0,30,86.0,85.0,0.0,0.0,0.0,0.0,91
2023-05-10 21:04:50,c2311-C-2480,玉米2311购2480,86.0,0.0,0.0,0.0,30,83.5,86.5,20,86.0,85.0,0.0,0.0,0.0,0.0,91
2023-05-10 21:04:50,c2311-C-2480,玉米2311购2480,86.0,0.0,0.0,0.0,20,83.5,86.5,30,86.0,85.0,0.0,0.0,0.0,0.0,91
2023-05-10 21:05:00,c2311-C-2480,玉米2311购2480,86.0,0.0,0.0,0.0,10,84.0,86.5,20,86.0,85.0,0.0,0.0,0.0,0.0,91
2023-05-10 21:05:02,c2311-C-2480,玉米2311购2480,86.0,0.0,0.0,0.0,10,84.5,86.5,20,86.0,85.0,0.0,0.0,0.0,0.0,91
2023-05-10 21:05:03,c2311-C-2480,玉米2311购2480,86.0,0.0,0.0,0.0,10,84.5,86.5,10,86.0,85.0,0.0,0.0,0.0,0.0,91
2023-05-10 21:05:03,c2311-C-2480,玉米2311购2480,86.0,0.0,0.0,0.0,20,85.0,87.0,10,86.0,85.0,0.0,0.0,0.0,0.0,91
2023-05-10 21:05:04,c2311-C-2480,玉米2311购2480,86.0,0.0,0.0,0.0,10,85.0,87.5,30,86.0,85.0,0.0,0.0,0.0,0.0,91
2023-05-10 21:05:05,c2311-C-2480,玉米2311购2480,86.0,0.0,0.0,0.0,10,84.5,87.0,10,86.0,85.0,0.0,0.0,0.0,0.0,91
2023-05-10 21:05:05,c2311-C-2480,玉米2311购2480,86.0,0.0,0.0,0.0,10,84.5,87.0,20,86.0,85.0,0.0,0.0,0.0,0.0,91
2023-05-10 21:05:09,c2311-C-2480,玉米2311购2480,86.0,0.0,0.0,0.0,20,84.5,87.0,30,86.0,85.0,0.0,0.0,0.0,0.0,91
2023-05-10 21:05:09,c2311-C-2480,玉米2311购2480,86.0,0.0,0.0,0.0,10,84.5,87.0,20,86.0,85.0,0.0,0.0,0.0,0.0,91
2023-05-10 21:05:34,c2311-C-2480,玉米2311购2480,86.0,0.0,0.0,0.0,20,83.5,86.5,20,86.0,85.0,0.0,0.0,0.0,0.0,91
2023-05-10 21:05:34,c2311-C-2480,玉米2311购2480,86.0,0.0,0.0,0.0,30,83.5,86.5,20,86.0,85.0,0.0,0.0,0.0,0.0,91
2023-05-10 21:05:35,c2311-C-2480,玉米2311购2480,86.0,0.0,0.0,0.0,10,84.0,87.0,20,86.0,85.0,0.0,0.0,0.0,0.0,91
2023-05-10 21:05:41,c2311-C-2480,玉米2311购2480,86.0,0.0,0.0,0.0,10,85.0,87.0,10,86.0,85.0,0.0,0.0,0.0,0.0,91
2023-05-10 21:05:42,c2311-C-2480,玉米2311购2480,86.0,0.0,0.0,0.0,20,85.0,87.5,20,86.0,85.0,0.0,0.0,0.0,0.0,91
2023-05-10 21:05:42,c2311-C-2480,玉米2311购2480,86.0,0.0,0.0,0.0,20,85.0,87.5,30,86.0,85.0,0.0,0.0,0.0,0.0,91
2023-05-10 21:05:47,c2311-C-2480,玉米2311购2480,86.0,0.0,0.0,0.0,30,85.0,87.5,40,86.0,85.0,0.0,0.0,0.0,0.0,91
2023-05-10 21:06:12,c2311-C-2480,玉米2311购2480,86.0,0.0,0.0,0.0,10,85.0,87.0,30,86.0,85.0,0.0,0.0,0.0,0.0,91
2023-05-10 21:06:18,c2311-C-2480,玉米2311购2480,86.0,0.0,0.0,0.0,10,85.0,87.0,20,86.0,85.0,0.0,0.0,0.0,0.0,91
2023-05-10 21:06:18,c2311-C-2480,玉米2311购2480,86.0,0.0,0.0,0.0,10,85.0,87.0,30,86.0,85.0,0.0,0.0,0.0,0.0,91
2023-05-10 21:06:31,c2311-C-2480,玉米2311购2480,86.0,0.0,0.0,0.0,10,84.5,86.5,10,86.0,85.0,0.0,0.0,0.0,0.0,91
2023-05-10 21:06:32,c2311-C-2480,玉米2311购2480,86.0,0.0,0.0,0.0,20,84.0,86.5,30,86.0,85.0,0.0,0.0,0.0,0.0,91
2023-05-10 21:06:36,c2311-C-2480,玉米2311购2480,86.0,0.0,0.0,0.0,30,84.5,86.5,30,86.0,85.0,0.0,0.0,0.0,0.0,91
2023-05-10 21:06:42,c2311-C-2480,玉米2311购2480,86.0,0.0,0.0,0.0,20,84.5,86.5,30,86.0,85.0,0.0,0.0,0.0,0.0,91
2023-05-10 21:06:45,c2311-C-2480,玉米2311购2480,86.0,0.0,0.0,0.0,10,84.5,86.5,40,86.0,85.0,0.0,0.0,0.0,0.0,91
2023-05-10 21:06:48,c2311-C-2480,玉米2311购2480,86.0,0.0,0.0,0.0,10,84.5,86.5,50,86.0,85.0,0.0,0.0,0.0,0.0,91
2023-05-10 21:06:49,c2311-C-2480,玉米2311购2480,86.0,0.0,0.0,0.0,30,84.0,86.5,50,86.0,85.0,0.0,0.0,0.0,0.0,91
2023-05-10 21:07:08,c2311-C-2480,玉米2311购2480,86.0,0.0,0.0,0.0,30,84.0,86.5,40,86.0,85.0,0.0,0.0,0.0,0.0,91
2023-05-10 21:07:10,c2311-C-2480,玉米2311购2480,86.0,0.0,0.0,0.0,20,84.0,86.0,30,86.0,85.0,0.0,0.0,0.0,0.0,91
2023-05-10 21:07:11,c2311-C-2480,玉米2311购2480,86.0,0.0,0.0,0.0,20,84.0,86.0,40,86.0,85.0,0.0,0.0,0.0,0.0,91
2023-05-10 21:07:11,c2311-C-2480,玉米2311购2480,86.0,0.0,0.0,0.0,10,84.0,85.5,10,86.0,85.0,0.0,0.0,0.0,0.0,91
2023-05-10 21:07:12,c2311-C-2480,玉米2311购2480,86.0,0.0,0.0,0.0,30,83.5,85.5,20,86.0,85.0,0.0,0.0,0.0,0.0,91
2023-05-10 21:07:13,c2311-C-2480,玉米2311购2480,86.0,0.0,0.0,0.0,30,83.5,85.5,10,86.0,85.0,0.0,0.0,0.0,0.0,91
2023-05-10 21:07:14,c2311-C-2480,玉米2311购2480,86.0,0.0,0.0,0.0,20,83.5,85.0,10,86.0,85.0,0.0,0.0,0.0,0.0,91
2023-05-10 21:07:14,c2311-C-2480,玉米2311购2480,86.0,0.0,0.0,0.0,10,83.5,85.0,30,86.0,85.0,0.0,0.0,0.0,0.0,91
2023-05-10 21:07:15,c2311-C-2480,玉米2311购2480,86.0,0.0,0.0,0.0,30,83.0,85.0,30,86.0,85.0,0.0,0.0,0.0,0.0,91
2023-05-10 21:07:15,c2311-C-2480,玉米2311购2480,86.0,0.0,0.0,0.0,10,83.5,85.0,20,86.0,85.0,0.0,0.0,0.0,0.0,91
2023-05-10 21:07:18,c2311-C-2480,玉米2311购2480,86.0,0.0,0.0,0.0,30,83.0,85.0,30,86.0,85.0,0.0,0.0,0.0,0.0,91
2023-05-10 21:07:19,c2311-C-2480,玉米2311购2480,86.0,0.0,0.0,0.0,10,83.5,85.0,20,86.0,85.0,0.0,0.0,0.0,0.0,91
2023-05-10 21:07:20,c2311-C-2480,玉米2311购2480,86.0,0.0,0.0,0.0,30,83.0,85.0,50,86.0,85.0,0.0,0.0,0.0,0.0,91
2023-05-10 21:07:20,c2311-C-2480,玉米2311购2480,86.0,0.0,0.0,0.0,40,83.0,85.0,60,86.0,85.0,0.0,0.0,0.0,0.0,91
2023-05-10 21:07:20,c2311-C-2480,玉米2311购2480,86.0,0.0,0.0,0.0,10,83.5,85.0,50,86.0,85.0,0.0,0.0,0.0,0.0,91
2023-05-10 21:07:22,c2311-C-2480,玉米2311购2480,86.0,0.0,0.0,0.0,20,83.5,85.0,60,86.0,85.0,0.0,0.0,0.0,0.0,91
2023-05-10 21:07:22,c2311-C-2480,玉米2311购2480,86.0,0.0,0.0,0.0,40,83.5,85.0,30,86.0,85.0,0.0,0.0,0.0,0.0,91
2023-05-10 21:07:25,c2311-C-2480,玉米2311购2480,86.0,0.0,0.0,0.0,30,83.5,85.0,10,86.0,85.0,0.0,0.0,0.0,0.0,91
2023-05-10 21:07:25,c2311-C-2480,玉米2311购2480,86.0,0.0,0.0,0.0,30,83.5,85.0,20,86.0,85.0,0.0,0.0,0.0,0.0,91
2023-05-10 21:07:26,c2311-C-2480,玉米2311购2480,86.0,0.0,0.0,0.0,20,83.5,85.0,20,86.0,85.0,0.0,0.0,0.0,0.0,91
2023-05-10 21:07:27,c2311-C-2480,玉米2311购2480,86.0,0.0,0.0,0.0,10,83.5,85.0,20,86.0,85.0,0.0,0.0,0.0,0.0,91
2023-05-10 21:07:28,c2311-C-2480,玉米2311购2480,86.0,0.0,0.0,0.0,30,83.0,85.0,40,86.0,85.0,0.0,0.0,0.0,0.0,91
2023-05-10 21:07:31,c2311-C-2480,玉米2311购2480,86.0,0.0,0.0,0.0,30,83.5,85.0,20,86.0,85.0,0.0,0.0,0.0,0.0,91
2023-05-10 21:07:31,c2311-C-2480,玉米2311购2480,86.0,0.0,0.0,0.0,30,83.5,85.0,10,86.0,85.0,0.0,0.0,0.0,0.0,91
2023-05-10 21:07:36,c2311-C-2480,玉米2311购2480,85.0,10.0,8500.0,0.0,13,84.0,85.5,10,86.0,85.0,85.0,85.0,10.0,8500.0,91
2023-05-10 21:07:37,c2311-C-2480,玉米2311购2480,85.0,0.0,0.0,0.0,23,84.0,86.0,30,86.0,85.0,85.0,85.0,10.0,8500.0,91
2023-05-10 21:07:39,c2311-C-2480,玉米2311购2480,85.0,0.0,0.0,0.0,23,84.0,86.0,40,86.0,85.0,85.0,85.0,10.0,8500.0,91
2023-05-10 21:07:41,c2311-C-2480,玉米2311购2480,85.0,0.0,0.0,0.0,23,84.0,86.0,50,86.0,85.0,85.0,85.0,10.0,8500.0,91
2023-05-10 21:07:42,c2311-C-2480,玉米2311购2480,85.0,0.0,0.0,0.0,13,84.0,85.5,20,86.0,85.0,85.0,85.0,10.0,8500.0,91
2023-05-10 21:07:42,c2311-C-2480,玉米2311购2480,85.0,0.0,0.0,0.0,3,84.0,85.5,30,86.0,85.0,85.0,85.0,10.0,8500.0,91
2023-05-10 21:07:44,c2311-C-2480,玉米2311购2480,85.0,0.0,0.0,0.0,13,84.0,85.5,40,86.0,85.0,85.0,85.0,10.0,8500.0,91
2023-05-10 21:07:47,c2311-C-2480,玉米2311购2480,85.0,0.0,0.0,0.0,10,84.0,85.5,40,86.0,85.0,85.0,85.0,10.0,8500.0,91
2023-05-10 21:07:47,c2311-C-2480,玉米2311购2480,85.0,0.0,0.0,0.0,43,83.5,85.5,40,86.0,85.0,85.0,85.0,10.0,8500.0,91
2023-05-10 21:07:50,c2311-C-2480,玉米2311购2480,85.0,0.0,0.0,0.0,33,83.5,85.5,30,86.0,85.0,85.0,85.0,10.0,8500.0,91
2023-05-10 21:08:07,c2311-C-2480,玉米2311购2480,85.0,0.0,0.0,0.0,43,83.5,85.5,10,86.0,85.0,85.0,85.0,10.0,8500.0,91
2023-05-10 21:08:07,c2311-C-2480,玉米2311购2480,85.0,0.0,0.0,0.0,10,84.0,86.0,60,86.0,85.0,85.0,85.0,10.0,8500.0,91
2023-05-10 21:08:07,c2311-C-2480,玉米2311购2480,85.0,0.0,0.0,0.0,20,84.0,86.0,60,86.0,85.0,85.0,85.0,10.0,8500.0,91
2023-05-10 21:08:12,c2311-C-2480,玉米2311购2480,85.0,0.0,0.0,0.0,10,84.0,85.5,10,86.0,85.0,85.0,85.0,10.0,8500.0,91
2023-05-10 21:08:14,c2311-C-2480,玉米2311购2480,85.0,0.0,0.0,0.0,20,84.0,86.0,60,86.0,85.0,85.0,85.0,10.0,8500.0,91
2023-05-10 21:08:16,c2311-C-2480,玉米2311购2480,85.0,0.0,0.0,0.0,23,83.5,85.5,20,86.0,85.0,85.0,85.0,10.0,8500.0,91
2023-05-10 21:08:17,c2311-C-2480,玉米2311购2480,85.0,0.0,0.0,0.0,23,83.5,85.5,40,86.0,85.0,85.0,85.0,10.0,8500.0,91
2023-05-10 21:08:35,c2311-C-2480,玉米2311购2480,85.0,0.0,0.0,0.0,13,83.5,85.5,40,86.0,85.0,85.0,85.0,10.0,8500.0,91
2023-05-10 21:08:36,c2311-C-2480,玉米2311购2480,85.0,0.0,0.0,0.0,13,83.5,85.0,10,86.0,85.0,85.0,85.0,10.0,8500.0,91
2023-05-10 21:08:37,c2311-C-2480,玉米2311购2480,85.0,0.0,0.0,0.0,23,83.5,85.0,10,86.0,85.0,85.0,85.0,10.0,8500.0,91
2023-05-10 21:08:37,c2311-C-2480,玉米2311购2480,85.0,0.0,0.0,0.0,13,83.5,85.0,20,86.0,85.0,85.0,85.0,10.0,8500.0,91
2023-05-10 21:08:39,c2311-C-2480,玉米2311购2480,85.0,0.0,0.0,0.0,23,83.5,85.0,10,86.0,85.0,85.0,85.0,10.0,8500.0,91
2023-05-10 21:08:40,c2311-C-2480,玉米2311购2480,85.0,0.0,0.0,0.0,23,83.5,85.0,30,86.0,85.0,85.0,85.0,10.0,8500.0,91
2023-05-10 21:08:43,c2311-C-2480,玉米2311购2480,85.0,0.0,0.0,0.0,33,83.5,85.0,20,86.0,85.0,85.0,85.0,10.0,8500.0,91
2023-05-10 21:08:49,c2311-C-2480,玉米2311购2480,85.0,0.0,0.0,0.0,23,83.5,85.0,20,86.0,85.0,85.0,85.0,10.0,8500.0,91
2023-05-10 21:08:50,c2311-C-2480,玉米2311购2480,85.0,0.0,0.0,0.0,33,83.5,85.0,20,86.0,85.0,85.0,85.0,10.0,8500.0,91
2023-05-10 21:08:53,c2311-C-2480,玉米2311购2480,85.0,0.0,0.0,0.0,23,83.5,85.0,40,86.0,85.0,85.0,85.0,10.0,8500.0,91
2023-05-10 21:08:55,c2311-C-2480,玉米2311购2480,85.0,0.0,0.0,0.0,13,83.5,85.0,50,86.0,85.0,85.0,85.0,10.0,8500.0,91
2023-05-10 21:08:58,c2311-C-2480,玉米2311购2480,85.0,0.0,0.0,0.0,20,83.5,84.5,10,86.0,85.0,85.0,85.0,10.0,8500.0,91
2023-05-10 21:08:59,c2311-C-2480,玉米2311购2480,85.0,0.0,0.0,0.0,20,83.5,85.0,50,86.0,85.0,85.0,85.0,10.0,8500.0,91
2023-05-10 21:09:08,c2311-C-2480,玉米2311购2480,85.0,0.0,0.0,0.0,20,83.5,85.0,40,86.0,85.0,85.0,85.0,10.0,8500.0,91
2023-05-10 21:09:16,c2311-C-2480,玉米2311购2480,85.0,0.0,0.0,0.0,10,83.5,84.5,10,86.0,85.0,85.0,85.0,10.0,8500.0,91
2023-05-10 21:09:17,c2311-C-2480,玉米2311购2480,85.0,0.0,0.0,0.0,40,83.0,85.0,60,86.0,85.0,85.0,85.0,10.0,8500.0,91
2023-05-10 21:09:19,c2311-C-2480,玉米2311购2480,85.0,0.0,0.0,0.0,30,83.0,85.0,50,86.0,85.0,85.0,85.0,10.0,8500.0,91
2023-05-10 21:09:20,c2311-C-2480,玉米2311购2480,85.0,0.0,0.0,0.0,30,83.0,85.0,40,86.0,85.0,85.0,85.0,10.0,8500.0,91
2023-05-10 21:09:21,c2311-C-2480,玉米2311购2480,85.0,0.0,0.0,0.0,40,83.0,85.0,40,86.0,85.0,85.0,85.0,10.0,8500.0,91
2023-05-10 21:09:24,c2311-C-2480,玉米2311购2480,85.0,0.0,0.0,0.0,30,83.0,85.0,50,86.0,85.0,85.0,85.0,10.0,8500.0,91
2023-05-10 21:09:34,c2311-C-2480,玉米2311购2480,85.0,0.0,0.0,0.0,10,83.5,85.0,30,86.0,85.0,85.0,85.0,10.0,8500.0,91
2023-05-10 21:09:34,c2311-C-2480,玉米2311购2480,85.0,0.0,0.0,0.0,20,83.5,85.0,30,86.0,85.0,85.0,85.0,10.0,8500.0,91
2023-05-10 21:09:36,c2311-C-2480,玉米2311购2480,85.0,0.0,0.0,0.0,10,83.5,85.0,40,86.0,85.0,85.0,85.0,10.0,8500.0,91
2023-05-10 21:09:38,c2311-C-2480,玉米2311购2480,85.0,0.0,0.0,0.0,10,83.5,85.0,30,86.0,85.0,85.0,85.0,10.0,8500.0,91
2023-05-10 21:09:40,c2311-C-2480,玉米2311购2480,85.0,0.0,0.0,0.0,20,83.5,85.0,40,86.0,85.0,85.0,85.0,10.0,8500.0,91
2023-05-10 21:09:44,c2311-C-2480,玉米2311购2480,85.0,0.0,0.0,0.0,10,83.5,85.0,60,86.0,85.0,85.0,85.0,10.0,8500.0,91
2023-05-10 21:09:45,c2311-C-2480,玉米2311购2480,85.0,0.0,0.0,0.0,40,83.0,85.0,60,86.0,85.0,85.0,85.0,10.0,8500.0,91
2023-05-10 21:09:45,c2311-C-2480,玉米2311购2480,85.0,0.0,0.0,0.0,50,83.0,85.0,60,86.0,85.0,85.0,85.0,10.0,8500.0,91
2023-05-10 21:09:49,c2311-C-2480,玉米2311购2480,85.0,0.0,0.0,0.0,60,83.0,85.0,50,86.0,85.0,85.0,85.0,10.0,8500.0,91
2023-05-10 21:09:49,c2311-C-2480,玉米2311购2480,85.0,0.0,0.0,0.0,50,83.0,85.0,40,86.0,85.0,85.0,85.0,10.0,8500.0,91
2023-05-10 21:09:54,c2311-C-2480,玉米2311购2480,85.0,0.0,0.0,0.0,50,83.0,85.0,30,86.0,85.0,85.0,85.0,10.0,8500.0,91
2023-05-10 21:10:11,c2311-C-2480,玉米2311购2480,85.0,0.0,0.0,0.0,10,84.0,85.0,20,86.0,85.0,85.0,85.0,10.0,8500.0,91
2023-05-10 21:10:11,c2311-C-2480,玉米2311购2480,85.0,0.0,0.0,0.0,20,83.5,85.0,20,86.0,85.0,85.0,85.0,10.0,8500.0,91
2023-05-10 21:10:12,c2311-C-2480,玉米2311购2480,85.0,0.0,0.0,0.0,10,83.5,85.0,30,86.0,85.0,85.0,85.0,10.0,8500.0,91
2023-05-10 21:10:15,c2311-C-2480,玉米2311购2480,85.0,0.0,0.0,0.0,20,83.5,85.0,40,86.0,85.0,85.0,85.0,10.0,8500.0,91
2023-05-10 21:10:16,c2311-C-2480,玉米2311购2480,85.0,0.0,0.0,0.0,30,83.5,85.0,30,86.0,85.0,85.0,85.0,10.0,8500.0,91
2023-05-10 21:10:16,c2311-C-2480,玉米2311购2480,85.0,0.0,0.0,0.0,20,83.5,85.0,40,86.0,85.0,85.0,85.0,10.0,8500.0,91
2023-05-10 21:10:27,c2311-C-2480,玉米2311购2480,85.0,0.0,0.0,0.0,30,83.5,85.0,30,86.0,85.0,85.0,85.0,10.0,8500.0,91
2023-05-10 21:10:28,c2311-C-2480,玉米2311购2480,85.0,0.0,0.0,0.0,20,83.5,85.0,40,86.0,85.0,85.0,85.0,10.0,8500.0,91
2023-05-10 21:10:52,c2311-C-2480,玉米2311购2480,85.0,0.0,0.0,0.0,20,83.5,84.5,10,86.0,85.0,85.0,85.0,10.0,8500.0,91
2023-05-10 21:10:53,c2311-C-2480,玉米2311购2480,85.0,0.0,0.0,0.0,20,83.5,85.0,60,86.0,85.0,85.0,85.0,10.0,8500.0,91
2023-05-10 21:11:28,c2311-C-2480,玉米2311购2480,85.0,0.0,0.0,0.0,20,83.5,85.0,70,86.0,85.0,85.0,85.0,10.0,8500.0,91
2023-05-10 21:11:32,c2311-C-2480,玉米2311购2480,85.0,0.0,0.0,0.0,10,83.5,85.0,70,86.0,85.0,85.0,85.0,10.0,8500.0,91
2023-05-10 21:11:33,c2311-C-2480,玉米2311购2480,85.0,0.0,0.0,0.0,60,83.0,85.0,70,86.0,85.0,85.0,85.0,10.0,8500.0,91
2023-05-10 21:11:34,c2311-C-2480,玉米2311购2480,85.0,0.0,0.0,0.0,50,83.0,85.0,60,86.0,85.0,85.0,85.0,10.0,8500.0,91
2023-05-10 21:11:35,c2311-C-2480,玉米2311购2480,85.0,0.0,0.0,0.0,40,83.0,85.0,60,86.0,85.0,85.0,85.0,10.0,8500.0,91
2023-05-10 21:11:47,c2311-C-2480,玉米2311购2480,85.0,0.0,0.0,0.0,50,83.0,85.0,70,86.0,85.0,85.0,85.0,10.0,8500.0,91
2023-05-10 21:11:50,c2311-C-2480,玉米2311购2480,85.0,0.0,0.0,0.0,40,83.0,85.0,60,86.0,85.0,85.0,85.0,10.0,8500.0,91
2023-05-10 21:12:01,c2311-C-2480,玉米2311购2480,85.0,0.0,0.0,0.0,20,83.0,84.5,10,86.0,85.0,85.0,85.0,10.0,8500.0,91
2023-05-10 21:12:02,c2311-C-2480,玉米2311购2480,85.0,0.0,0.0,0.0,10,83.0,84.5,20,86.0,85.0,85.0,85.0,10.0,8500.0,91
2023-05-10 21:12:02,c2311-C-2480,玉米2311购2480,85.0,0.0,0.0,0.0,10,83.0,84.5,50,86.0,85.0,85.0,85.0,10.0,8500.0,91
2023-05-10 21:12:05,c2311-C-2480,玉米2311购2480,85.0,0.0,0.0,0.0,20,83.0,84.5,60,86.0,85.0,85.0,85.0,10.0,8500.0,91
2023-05-10 21:12:08,c2311-C-2480,玉米2311购2480,85.0,0.0,0.0,0.0,10,83.0,84.5,70,86.0,85.0,85.0,85.0,10.0,8500.0,91
2023-05-10 21:12:09,c2311-C-2480,玉米2311购2480,85.0,0.0,0.0,0.0,20,82.5,84.0,40,86.0,85.0,85.0,85.0,10.0,8500.0,91
2023-05-10 21:12:09,c2311-C-2480,玉米2311购2480,85.0,0.0,0.0,0.0,20,82.5,84.0,50,86.0,85.0,85.0,85.0,10.0,8500.0,91
2023-05-10 21:12:20,c2311-C-2480,玉米2311购2480,85.0,0.0,0.0,0.0,30,82.5,84.0,30,86.0,85.0,85.0,85.0,10.0,8500.0,91
2023-05-10 21:12:23,c2311-C-2480,玉米2311购2480,85.0,0.0,0.0,0.0,20,82.5,84.0,30,86.0,85.0,85.0,85.0,10.0,8500.0,91
2023-05-10 21:12:23,c2311-C-2480,玉米2311购2480,85.0,0.0,0.0,0.0,20,82.5,84.0,40,86.0,85.0,85.0,85.0,10.0,8500.0,91
2023-05-10 21:12:26,c2311-C-2480,玉米2311购2480,85.0,0.0,0.0,0.0,20,82.5,84.0,30,86.0,85.0,85.0,85.0,10.0,8500.0,91
2023-05-10 21:12:28,c2311-C-2480,玉米2311购2480,85.0,0.0,0.0,0.0,20,82.5,84.0,40,86.0,85.0,85.0,85.0,10.0,8500.0,91
2023-05-10 21:12:29,c2311-C-2480,玉米2311购2480,85.0,0.0,0.0,0.0,20,82.5,84.0,60,86.0,85.0,85.0,85.0,10.0,8500.0,91
2023-05-10 21:12:30,c2311-C-2480,玉米2311购2480,85.0,0.0,0.0,0.0,30,82.5,84.0,30,86.0,85.0,85.0,85.0,10.0,8500.0,91
2023-05-10 21:12:45,c2311-C-2480,玉米2311购2480,85.0,0.0,0.0,0.0,20,82.5,84.0,40,86.0,85.0,85.0,85.0,10.0,8500.0,91
2023-05-10 21:12:54,c2311-C-2480,玉米2311购2480,85.0,0.0,0.0,0.0,30,82.5,84.0,30,86.0,85.0,85.0,85.0,10.0,8500.0,91
2023-05-10 21:12:56,c2311-C-2480,玉米2311购2480,85.0,0.0,0.0,0.0,40,82.5,84.0,30,86.0,85.0,85.0,85.0,10.0,8500.0,91
2023-05-10 21:13:03,c2311-C-2480,玉米2311购2480,85.0,0.0,0.0,0.0,30,82.5,84.0,30,86.0,85.0,85.0,85.0,10.0,8500.0,91
2023-05-10 21:13:04,c2311-C-2480,玉米2311购2480,85.0,0.0,0.0,0.0,40,82.5,84.0,30,86.0,85.0,85.0,85.0,10.0,8500.0,91
2023-05-10 21:13:04,c2311-C-2480,玉米2311购2480,85.0,0.0,0.0,0.0,30,82.5,84.0,30,86.0,85.0,85.0,85.0,10.0,8500.0,91
2023-05-10 21:13:11,c2311-C-2480,玉米2311购2480,85.0,0.0,0.0,0.0,30,82.5,84.0,40,86.0,85.0,85.0,85.0,10.0,8500.0,91
2023-05-10 21:13:12,c2311-C-2480,玉米2311购2480,85.0,0.0,0.0,0.0,30,82.5,84.0,30,86.0,85.0,85.0,85.0,10.0,8500.0,91
2023-05-10 21:13:14,c2311-C-2480,玉米2311购2480,85.0,0.0,0.0,0.0,10,82.5,84.0,50,86.0,85.0,85.0,85.0,10.0,8500.0,91
2023-05-10 21:13:17,c2311-C-2480,玉米2311购2480,85.0,0.0,0.0,0.0,10,82.5,84.0,70,86.0,85.0,85.0,85.0,10.0,8500.0,91
2023-05-10 21:13:20,c2311-C-2480,玉米2311购2480,85.0,0.0,0.0,0.0,20,82.5,84.0,50,86.0,85.0,85.0,85.0,10.0,8500.0,91
2023-05-10 21:13:20,c2311-C-2480,玉米2311购2480,85.0,0.0,0.0,0.0,10,82.5,84.0,70,86.0,85.0,85.0,85.0,10.0,8500.0,91
2023-05-10 21:13:27,c2311-C-2480,玉米2311购2480,85.0,0.0,0.0,0.0,10,82.5,84.0,60,86.0,85.0,85.0,85.0,10.0,8500.0,91
2023-05-10 21:13:28,c2311-C-2480,玉米2311购2480,85.0,0.0,0.0,0.0,10,82.5,84.0,70,86.0,85.0,85.0,85.0,10.0,8500.0,91
2023-05-10 21:13:34,c2311-C-2480,玉米2311购2480,85.0,0.0,0.0,0.0,20,82.5,84.0,60,86.0,85.0,85.0,85.0,10.0,8500.0,91
2023-05-10 21:13:43,c2311-C-2480,玉米2311购2480,85.0,0.0,0.0,0.0,10,82.5,84.0,70,86.0,85.0,85.0,85.0,10.0,8500.0,91
2023-05-10 21:13:49,c2311-C-2480,玉米2311购2480,85.0,0.0,0.0,0.0,20,82.5,84.0,60,86.0,85.0,85.0,85.0,10.0,8500.0,91
2023-05-10 21:13:50,c2311-C-2480,玉米2311购2480,85.0,0.0,0.0,0.0,30,82.5,84.0,40,86.0,85.0,85.0,85.0,10.0,8500.0,91
2023-05-10 21:13:51,c2311-C-2480,玉米2311购2480,85.0,0.0,0.0,0.0,30,82.5,84.0,30,86.0,85.0,85.0,85.0,10.0,8500.0,91
2023-05-10 21:13:51,c2311-C-2480,玉米2311购2480,85.0,0.0,0.0,0.0,30,82.5,84.0,40,86.0,85.0,85.0,85.0,10.0,8500.0,91
2023-05-10 21:13:53,c2311-C-2480,玉米2311购2480,85.0,0.0,0.0,0.0,10,82.5,84.0,50,86.0,85.0,85.0,85.0,10.0,8500.0,91
2023-05-10 21:13:54,c2311-C-2480,玉米2311购2480,85.0,0.0,0.0,0.0,30,82.5,84.0,50,86.0,85.0,85.0,85.0,10.0,8500.0,91
2023-05-10 21:13:54,c2311-C-2480,玉米2311购2480,85.0,0.0,0.0,0.0,20,82.5,84.0,50,86.0,85.0,85.0,85.0,10.0,8500.0,91
2023-05-10 21:13:54,c2311-C-2480,玉米2311购2480,85.0,0.0,0.0,0.0,30,82.5,84.0,40,86.0,85.0,85.0,85.0,10.0,8500.0,91
2023-05-10 21:13:56,c2311-C-2480,玉米2311购2480,85.0,0.0,0.0,0.0,20,82.5,84.0,40,86.0,85.0,85.0,85.0,10.0,8500.0,91
2023-05-10 21:13:57,c2311-C-2480,玉米2311购2480,85.0,0.0,0.0,0.0,30,82.5,84.0,40,86.0,85.0,85.0,85.0,10.0,8500.0,91
2023-05-10 21:13:58,c2311-C-2480,玉米2311购2480,85.0,0.0,0.0,0.0,20,82.5,84.0,40,86.0,85.0,85.0,85.0,10.0,8500.0,91
2023-05-10 21:13:59,c2311-C-2480,玉米2311购2480,85.0,0.0,0.0,0.0,20,82.5,84.0,30,86.0,85.0,85.0,85.0,10.0,8500.0,91
2023-05-10 21:13:59,c2311-C-2480,玉米2311购2480,85.0,0.0,0.0,0.0,30,82.5,84.0,30,86.0,85.0,85.0,85.0,10.0,8500.0,91
2023-05-10 21:14:01,c2311-C-2480,玉米2311购2480,85.0,0.0,0.0,0.0,20,82.5,84.0,40,86.0,85.0,85.0,85.0,10.0,8500.0,91
2023-05-10 21:14:02,c2311-C-2480,玉米2311购2480,85.0,0.0,0.0,0.0,10,82.5,84.0,40,86.0,85.0,85.0,85.0,10.0,8500.0,91
2023-05-10 21:14:04,c2311-C-2480,玉米2311购2480,85.0,0.0,0.0,0.0,20,82.5,84.0,40,86.0,85.0,85.0,85.0,10.0,8500.0,91
2023-05-10 21:14:08,c2311-C-2480,玉米2311购2480,85.0,0.0,0.0,0.0,10,82.5,84.0,50,86.0,85.0,85.0,85.0,10.0,8500.0,91
2023-05-10 21:14:09,c2311-C-2480,玉米2311购2480,85.0,0.0,0.0,0.0,10,82.5,84.0,40,86.0,85.0,85.0,85.0,10.0,8500.0,91
2023-05-10 21:14:09,c2311-C-2480,玉米2311购2480,85.0,0.0,0.0,0.0,10,82.5,84.0,50,86.0,85.0,85.0,85.0,10.0,8500.0,91
2023-05-10 21:14:10,c2311-C-2480,玉米2311购2480,85.0,0.0,0.0,0.0,10,82.5,84.0,40,86.0,85.0,85.0,85.0,10.0,8500.0,91
2023-05-10 21:14:20,c2311-C-2480,玉米2311购2480,85.0,0.0,0.0,0.0,20,82.5,84.0,50,86.0,85.0,85.0,85.0,10.0,8500.0,91
2023-05-10 21:14:21,c2311-C-2480,玉米2311购2480,85.0,0.0,0.0,0.0,20,82.5,84.0,60,86.0,85.0,85.0,85.0,10.0,8500.0,91
2023-05-10 21:14:26,c2311-C-2480,玉米2311购2480,85.0,0.0,0.0,0.0,20,82.5,84.0,50,86.0,85.0,85.0,85.0,10.0,8500.0,91
2023-05-10 21:14:27,c2311-C-2480,玉米2311购2480,85.0,0.0,0.0,0.0,20,82.5,84.0,40,86.0,85.0,85.0,85.0,10.0,8500.0,91
2023-05-10 21:14:37,c2311-C-2480,玉米2311购2480,85.0,0.0,0.0,0.0,20,82.5,84.0,50,86.0,85.0,85.0,85.0,10.0,8500.0,91
2023-05-10 21:14:39,c2311-C-2480,玉米2311购2480,85.0,0.0,0.0,0.0,20,82.5,84.0,70,86.0,85.0,85.0,85.0,10.0,8500.0,91
2023-05-10 21:14:39,c2311-C-2480,玉米2311购2480,85.0,0.0,0.0,0.0,20,82.5,83.5,10,86.0,85.0,85.0,85.0,10.0,8500.0,91
2023-05-10 21:14:42,c2311-C-2480,玉米2311购2480,85.0,0.0,0.0,0.0,20,82.5,83.5,20,86.0,85.0,85.0,85.0,10.0,8500.0,91
2023-05-10 21:14:42,c2311-C-2480,玉米2311购2480,85.0,0.0,0.0,0.0,20,82.5,83.5,10,86.0,85.0,85.0,85.0,10.0,8500.0,91
2023-05-10 21:14:43,c2311-C-2480,玉米2311购2480,85.0,0.0,0.0,0.0,30,82.5,84.0,50,86.0,85.0,85.0,85.0,10.0,8500.0,91
2023-05-10 21:14:45,c2311-C-2480,玉米2311购2480,85.0,0.0,0.0,0.0,30,82.5,84.0,40,86.0,85.0,85.0,85.0,10.0,8500.0,91
2023-05-10 21:14:48,c2311-C-2480,玉米2311购2480,85.0,0.0,0.0,0.0,20,82.5,84.0,50,86.0,85.0,85.0,85.0,10.0,8500.0,91
2023-05-10 21:14:52,c2311-C-2480,玉米2311购2480,85.0,0.0,0.0,0.0,20,82.5,84.0,60,86.0,85.0,85.0,85.0,10.0,8500.0,91
2023-05-10 21:14:52,c2311-C-2480,玉米2311购2480,85.0,0.0,0.0,0.0,20,82.5,84.0,50,86.0,85.0,85.0,85.0,10.0,8500.0,91
2023-05-10 21:14:53,c2311-C-2480,玉米2311购2480,85.0,0.0,0.0,0.0,20,82.5,84.0,40,86.0,85.0,85.0,85.0,10.0,8500.0,91
2023-05-10 21:14:54,c2311-C-2480,玉米2311购2480,85.0,0.0,0.0,0.0,20,82.5,84.0,50,86.0,85.0,85.0,85.0,10.0,8500.0,91
2023-05-10 21:14:57,c2311-C-2480,玉米2311购2480,85.0,0.0,0.0,0.0,30,82.5,84.0,40,86.0,85.0,85.0,85.0,10.0,8500.0,91
2023-05-10 21:15:00,c2311-C-2480,玉米2311购2480,85.0,0.0,0.0,0.0,20,82.5,84.0,50,86.0,85.0,85.0,85.0,10.0,8500.0,91
2023-05-10 21:15:01,c2311-C-2480,玉米2311购2480,85.0,0.0,0.0,0.0,20,82.5,84.0,70,86.0,85.0,85.0,85.0,10.0,8500.0,91
2023-05-10 21:15:01,c2311-C-2480,玉米2311购2480,85.0,0.0,0.0,0.0,20,82.5,83.5,10,86.0,85.0,85.0,85.0,10.0,8500.0,91
2023-05-10 21:15:03,c2311-C-2480,玉米2311购2480,85.0,0.0,0.0,0.0,20,82.5,84.0,60,86.0,85.0,85.0,85.0,10.0,8500.0,91
2023-05-10 21:15:11,c2311-C-2480,玉米2311购2480,85.0,0.0,0.0,0.0,20,82.5,84.0,50,86.0,85.0,85.0,85.0,10.0,8500.0,91
2023-05-10 21:15:23,c2311-C-2480,玉米2311购2480,85.0,0.0,0.0,0.0,40,82.5,84.0,20,86.0,85.0,85.0,85.0,10.0,8500.0,91
2023-05-10 21:15:23,c2311-C-2480,玉米2311购2480,85.0,0.0,0.0,0.0,60,82.5,84.5,50,86.0,85.0,85.0,85.0,10.0,8500.0,91
2023-05-10 21:15:25,c2311-C-2480,玉米2311购2480,85.0,0.0,0.0,0.0,50,82.5,84.5,40,86.0,85.0,85.0,85.0,10.0,8500.0,91
2023-05-10 21:15:29,c2311-C-2480,玉米2311购2480,85.0,0.0,0.0,0.0,10,83.0,84.5,30,86.0,85.0,85.0,85.0,10.0,8500.0,91
2023-05-10 21:15:29,c2311-C-2480,玉米2311购2480,85.0,0.0,0.0,0.0,10,83.0,84.5,40,86.0,85.0,85.0,85.0,10.0,8500.0,91
2023-05-10 21:15:30,c2311-C-2480,玉米2311购2480,85.0,0.0,0.0,0.0,20,83.0,84.5,50,86.0,85.0,85.0,85.0,10.0,8500.0,91
2023-05-10 21:15:32,c2311-C-2480,玉米2311购2480,85.0,0.0,0.0,0.0,20,83.0,84.0,10,86.0,85.0,85.0,85.0,10.0,8500.0,91
2023-05-10 21:15:35,c2311-C-2480,玉米2311购2480,85.0,0.0,0.0,0.0,20,83.0,84.0,20,86.0,85.0,85.0,85.0,10.0,8500.0,91
2023-05-10 21:15:42,c2311-C-2480,玉米2311购2480,85.0,0.0,0.0,0.0,20,83.0,84.0,40,86.0,85.0,85.0,85.0,10.0,8500.0,91
2023-05-10 21:15:42,c2311-C-2480,玉米2311购2480,85.0,0.0,0.0,0.0,20,83.0,84.0,50,86.0,85.0,85.0,85.0,10.0,8500.0,91
2023-05-10 21:15:44,c2311-C-2480,玉米2311购2480,85.0,0.0,0.0,0.0,20,83.0,84.0,30,86.0,85.0,85.0,85.0,10.0,8500.0,91
2023-05-10 21:15:44,c2311-C-2480,玉米2311购2480,85.0,0.0,0.0,0.0,20,83.0,84.0,20,86.0,85.0,85.0,85.0,10.0,8500.0,91
2023-05-10 21:15:57,c2311-C-2480,玉米2311购2480,85.0,0.0,0.0,0.0,10,83.0,84.0,10,86.0,85.0,85.0,85.0,10.0,8500.0,91
2023-05-10 21:15:58,c2311-C-2480,玉米2311购2480,85.0,0.0,0.0,0.0,20,83.0,84.0,30,86.0,85.0,85.0,85.0,10.0,8500.0,91
2023-05-10 21:16:17,c2311-C-2480,玉米2311购2480,85.0,0.0,0.0,0.0,20,83.0,84.0,50,86.0,85.0,85.0,85.0,10.0,8500.0,91
2023-05-10 21:16:18,c2311-C-2480,玉米2311购2480,85.0,0.0,0.0,0.0,20,83.0,84.0,30,86.0,85.0,85.0,85.0,10.0,8500.0,91
2023-05-10 21:16:37,c2311-C-2480,玉米2311购2480,85.0,0.0,0.0,0.0,10,82.5,83.5,20,86.0,85.0,85.0,85.0,10.0,8500.0,91
2023-05-10 21:16:38,c2311-C-2480,玉米2311购2480,85.0,0.0,0.0,0.0,40,82.0,83.5,10,86.0,85.0,85.0,85.0,10.0,8500.0,91
2023-05-10 21:16:38,c2311-C-2480,玉米2311购2480,85.0,0.0,0.0,0.0,40,82.0,83.5,30,86.0,85.0,85.0,85.0,10.0,8500.0,91
2023-05-10 21:16:39,c2311-C-2480,玉米2311购2480,85.0,0.0,0.0,0.0,50,82.0,83.5,40,86.0,85.0,85.0,85.0,10.0,8500.0,91
2023-05-10 21:16:39,c2311-C-2480,玉米2311购2480,85.0,0.0,0.0,0.0,40,82.0,83.5,40,86.0,85.0,85.0,85.0,10.0,8500.0,91
2023-05-10 21:16:40,c2311-C-2480,玉米2311购2480,85.0,0.0,0.0,0.0,10,82.0,83.0,20,86.0,85.0,85.0,85.0,10.0,8500.0,91
2023-05-10 21:16:40,c2311-C-2480,玉米2311购2480,85.0,0.0,0.0,0.0,10,82.0,83.0,30,86.0,85.0,85.0,85.0,10.0,8500.0,91
2023-05-10 21:16:42,c2311-C-2480,玉米2311购2480,85.0,0.0,0.0,0.0,50,81.5,83.0,40,86.0,85.0,85.0,85.0,10.0,8500.0,91
2023-05-10 21:16:42,c2311-C-2480,玉米2311购2480,85.0,0.0,0.0,0.0,40,81.5,83.0,40,86.0,85.0,85.0,85.0,10.0,8500.0,91
2023-05-10 21:16:43,c2311-C-2480,玉米2311购2480,85.0,0.0,0.0,0.0,30,81.5,83.0,40,86.0,85.0,85.0,85.0,10.0,8500.0,91
2023-05-10 21:16:43,c2311-C-2480,玉米2311购2480,85.0,0.0,0.0,0.0,30,81.5,83.0,50,86.0,85.0,85.0,85.0,10.0,8500.0,91
2023-05-10 21:16:45,c2311-C-2480,玉米2311购2480,85.0,0.0,0.0,0.0,20,81.0,82.5,20,86.0,85.0,85.0,85.0,10.0,8500.0,91
2023-05-10 21:16:46,c2311-C-2480,玉米2311购2480,85.0,0.0,0.0,0.0,20,81.0,82.5,30,86.0,85.0,85.0,85.0,10.0,8500.0,91
2023-05-10 21:16:48,c2311-C-2480,玉米2311购2480,85.0,0.0,0.0,0.0,20,81.0,82.5,40,86.0,85.0,85.0,85.0,10.0,8500.0,91
2023-05-10 21:16:49,c2311-C-2480,玉米2311购2480,85.0,0.0,0.0,0.0,10,81.0,82.5,50,86.0,85.0,85.0,85.0,10.0,8500.0,91
2023-05-10 21:16:50,c2311-C-2480,玉米2311购2480,85.0,0.0,0.0,0.0,10,81.0,82.0,10,86.0,85.0,85.0,85.0,10.0,8500.0,91
2023-05-10 21:16:50,c2311-C-2480,玉米2311购2480,85.0,0.0,0.0,0.0,10,81.0,82.5,40,86.0,85.0,85.0,85.0,10.0,8500.0,91
2023-05-10 21:16:50,c2311-C-2480,玉米2311购2480,85.0,0.0,0.0,0.0,20,81.0,82.5,50,86.0,85.0,85.0,85.0,10.0,8500.0,91
2023-05-10 21:16:52,c2311-C-2480,玉米2311购2480,85.0,0.0,0.0,0.0,20,81.0,82.0,10,86.0,85.0,85.0,85.0,10.0,8500.0,91
2023-05-10 21:16:53,c2311-C-2480,玉米2311购2480,85.0,0.0,0.0,0.0,20,81.0,82.5,50,86.0,85.0,85.0,85.0,10.0,8500.0,91
2023-05-10 21:17:01,c2311-C-2480,玉米2311购2480,85.0,0.0,0.0,0.0,20,81.0,82.5,40,86.0,85.0,85.0,85.0,10.0,8500.0,91
2023-05-10 21:17:04,c2311-C-2480,玉米2311购2480,85.0,0.0,0.0,0.0,20,81.5,82.5,10,86.0,85.0,85.0,85.0,10.0,8500.0,91
2023-05-10 21:17:04,c2311-C-2480,玉米2311购2480,85.0,0.0,0.0,0.0,30,81.5,83.0,30,86.0,85.0,85.0,85.0,10.0,8500.0,91
2023-05-10 21:17:05,c2311-C-2480,玉米2311购2480,85.0,0.0,0.0,0.0,20,82.0,83.0,10,86.0,85.0,85.0,85.0,10.0,8500.0,91
2023-05-10 21:17:06,c2311-C-2480,玉米2311购2480,85.0,0.0,0.0,0.0,20,82.0,83.5,50,86.0,85.0,85.0,85.0,10.0,8500.0,91
2023-05-10 21:17:06,c2311-C-2480,玉米2311购2480,85.0,0.0,0.0,0.0,40,82.0,83.5,40,86.0,85.0,85.0,85.0,10.0,8500.0,91
2023-05-10 21:17:12,c2311-C-2480,玉米2311购2480,85.0,0.0,0.0,0.0,20,82.5,83.5,10,86.0,85.0,85.0,85.0,10.0,8500.0,91
2023-05-10 21:17:13,c2311-C-2480,玉米2311购2480,85.0,0.0,0.0,0.0,30,82.5,84.0,30,86.0,85.0,85.0,85.0,10.0,8500.0,91
2023-05-10 21:17:13,c2311-C-2480,玉米2311购2480,85.0,0.0,0.0,0.0,40,82.5,84.0,10,86.0,85.0,85.0,85.0,10.0,8500.0,91
2023-05-10 21:17:14,c2311-C-2480,玉米2311购2480,85.0,0.0,0.0,0.0,10,83.0,84.0,10,86.0,85.0,85.0,85.0,10.0,8500.0,91
2023-05-10 21:17:15,c2311-C-2480,玉米2311购2480,85.0,0.0,0.0,0.0,20,83.0,84.0,10,86.0,85.0,85.0,85.0,10.0,8500.0,91
2023-05-10 21:17:15,c2311-C-2480,玉米2311购2480,85.0,0.0,0.0,0.0,30,83.0,84.0,10,86.0,85.0,85.0,85.0,10.0,8500.0,91
2023-05-10 21:17:16,c2311-C-2480,玉米2311购2480,85.0,0.0,0.0,0.0,30,83.0,84.5,40,86.0,85.0,85.0,85.0,10.0,8500.0,91
2023-05-10 21:17:17,c2311-C-2480,玉米2311购2480,85.0,0.0,0.0,0.0,30,83.0,84.5,30,86.0,85.0,85.0,85.0,10.0,8500.0,91
2023-05-10 21:17:18,c2311-C-2480,玉米2311购2480,85.0,0.0,0.0,0.0,30,83.0,84.5,20,86.0,85.0,85.0,85.0,10.0,8500.0,91
2023-05-10 21:17:18,c2311-C-2480,玉米2311购2480,85.0,0.0,0.0,0.0,30,83.0,84.5,10,86.0,85.0,85.0,85.0,10.0,8500.0,91
2023-05-10 21:17:18,c2311-C-2480,玉米2311购2480,85.0,0.0,0.0,0.0,40,83.0,85.0,30,86.0,85.0,85.0,85.0,10.0,8500.0,91
2023-05-10 21:17:19,c2311-C-2480,玉米2311购2480,85.0,0.0,0.0,0.0,10,83.5,85.0,30,86.0,85.0,85.0,85.0,10.0,8500.0,91
2023-05-10 21:17:20,c2311-C-2480,玉米2311购2480,85.0,0.0,0.0,0.0,40,83.5,85.0,20,86.0,85.0,85.0,85.0,10.0,8500.0,91
2023-05-10 21:17:22,c2311-C-2480,玉米2311购2480,85.0,0.0,0.0,0.0,40,83.5,85.0,10,86.0,85.0,85.0,85.0,10.0,8500.0,91
2023-05-10 21:17:23,c2311-C-2480,玉米2311购2480,85.0,0.0,0.0,0.0,40,83.5,85.0,20,86.0,85.0,85.0,85.0,10.0,8500.0,91
2023-05-10 21:17:28,c2311-C-2480,玉米2311购2480,85.0,0.0,0.0,0.0,40,83.5,85.0,10,86.0,85.0,85.0,85.0,10.0,8500.0,91
2023-05-10 21:17:28,c2311-C-2480,玉米2311购2480,85.0,0.0,0.0,0.0,70,83.5,85.5,40,86.0,85.0,85.0,85.0,10.0,8500.0,91
2023-05-10 21:17:29,c2311-C-2480,玉米2311购2480,85.0,0.0,0.0,0.0,50,83.5,85.0,10,86.0,85.0,85.0,85.0,10.0,8500.0,91
2023-05-10 21:17:30,c2311-C-2480,玉米2311购2480,85.0,0.0,0.0,0.0,40,83.5,85.0,10,86.0,85.0,85.0,85.0,10.0,8500.0,91
2023-05-10 21:17:39,c2311-C-2480,玉米2311购2480,85.0,0.0,0.0,0.0,30,83.5,85.0,50,86.0,85.0,85.0,85.0,10.0,8500.0,91
2023-05-10 21:17:39,c2311-C-2480,玉米2311购2480,85.0,0.0,0.0,0.0,30,83.5,85.0,40,86.0,85.0,85.0,85.0,10.0,8500.0,91
2023-05-10 21:17:39,c2311-C-2480,玉米2311购2480,85.0,0.0,0.0,0.0,40,83.5,85.0,50,86.0,85.0,85.0,85.0,10.0,8500.0,91
2023-05-10 21:17:40,c2311-C-2480,玉米2311购2480,85.0,0.0,0.0,0.0,30,83.5,85.0,50,86.0,85.0,85.0,85.0,10.0,8500.0,91
2023-05-10 21:17:41,c2311-C-2480,玉米2311购2480,85.0,0.0,0.0,0.0,20,83.5,85.0,60,86.0,85.0,85.0,85.0,10.0,8500.0,91
2023-05-10 21:17:47,c2311-C-2480,玉米2311购2480,85.0,0.0,0.0,0.0,20,83.5,85.0,70,86.0,85.0,85.0,85.0,10.0,8500.0,91
2023-05-10 21:17:48,c2311-C-2480,玉米2311购2480,85.0,0.0,0.0,0.0,20,83.5,84.5,10,86.0,85.0,85.0,85.0,10.0,8500.0,91
2023-05-10 21:17:48,c2311-C-2480,玉米2311购2480,85.0,0.0,0.0,0.0,20,83.5,84.5,20,86.0,85.0,85.0,85.0,10.0,8500.0,91
2023-05-10 21:17:50,c2311-C-2480,玉米2311购2480,85.0,0.0,0.0,0.0,20,83.5,84.5,10,86.0,85.0,85.0,85.0,10.0,8500.0,91
2023-05-10 21:17:51,c2311-C-2480,玉米2311购2480,85.0,0.0,0.0,0.0,20,83.5,84.5,20,86.0,85.0,85.0,85.0,10.0,8500.0,91
2023-05-10 21:17:52,c2311-C-2480,玉米2311购2480,85.0,0.0,0.0,0.0,30,83.5,84.5,20,86.0,85.0,85.0,85.0,10.0,8500.0,91
2023-05-10 21:17:53,c2311-C-2480,玉米2311购2480,85.0,0.0,0.0,0.0,40,83.5,84.5,10,86.0,85.0,85.0,85.0,10.0,8500.0,91
2023-05-10 21:17:53,c2311-C-2480,玉米2311购2480,85.0,0.0,0.0,0.0,40,83.5,85.0,20,86.0,85.0,85.0,85.0,10.0,8500.0,91
2023-05-10 21:17:55,c2311-C-2480,玉米2311购2480,85.0,0.0,0.0,0.0,30,83.5,85.0,20,86.0,85.0,85.0,85.0,10.0,8500.0,91
2023-05-10 21:18:03,c2311-C-2480,玉米2311购2480,85.0,0.0,0.0,0.0,20,83.5,85.0,40,86.0,85.0,85.0,85.0,10.0,8500.0,91
2023-05-10 21:18:03,c2311-C-2480,玉米2311购2480,85.0,0.0,0.0,0.0,30,83.5,85.0,20,86.0,85.0,85.0,85.0,10.0,8500.0,91
2023-05-10 21:18:03,c2311-C-2480,玉米2311购2480,85.0,0.0,0.0,0.0,30,83.5,85.0,30,86.0,85.0,85.0,85.0,10.0,8500.0,91
2023-05-10 21:18:05,c2311-C-2480,玉米2311购2480,85.0,0.0,0.0,0.0,30,83.5,85.0,20,86.0,85.0,85.0,85.0,10.0,8500.0,91
2023-05-10 21:18:07,c2311-C-2480,玉米2311购2480,85.0,0.0,0.0,0.0,10,84.0,85.0,20,86.0,85.0,85.0,85.0,10.0,8500.0,91
2023-05-10 21:18:07,c2311-C-2480,玉米2311购2480,85.0,0.0,0.0,0.0,20,84.0,85.0,20,86.0,85.0,85.0,85.0,10.0,8500.0,91
2023-05-10 21:18:08,c2311-C-2480,玉米2311购2480,85.0,0.0,0.0,0.0,10,84.0,85.0,20,86.0,85.0,85.0,85.0,10.0,8500.0,91
2023-05-10 21:18:09,c2311-C-2480,玉米2311购2480,85.0,0.0,0.0,0.0,20,84.0,85.0,20,86.0,85.0,85.0,85.0,10.0,8500.0,91
2023-05-10 21:18:10,c2311-C-2480,玉米2311购2480,85.0,0.0,0.0,0.0,30,84.0,85.0,20,86.0,85.0,85.0,85.0,10.0,8500.0,91
2023-05-10 21:18:12,c2311-C-2480,玉米2311购2480,85.0,0.0,0.0,0.0,20,84.0,85.0,20,86.0,85.0,85.0,85.0,10.0,8500.0,91
2023-05-10 21:18:13,c2311-C-2480,玉米2311购2480,85.0,0.0,0.0,0.0,20,84.0,85.0,30,86.0,85.0,85.0,85.0,10.0,8500.0,91
2023-05-10 21:18:15,c2311-C-2480,玉米2311购2480,85.0,0.0,0.0,0.0,30,83.5,85.0,60,86.0,85.0,85.0,85.0,10.0,8500.0,91
2023-05-10 21:18:16,c2311-C-2480,玉米2311购2480,85.0,0.0,0.0,0.0,20,83.5,85.0,60,86.0,85.0,85.0,85.0,10.0,8500.0,91
2023-05-10 21:18:18,c2311-C-2480,玉米2311购2480,85.0,0.0,0.0,0.0,20,83.0,84.5,30,86.0,85.0,85.0,85.0,10.0,8500.0,91
2023-05-10 21:18:19,c2311-C-2480,玉米2311购2480,85.0,0.0,0.0,0.0,20,83.0,84.5,40,86.0,85.0,85.0,85.0,10.0,8500.0,91
2023-05-10 21:18:41,c2311-C-2480,玉米2311购2480,85.0,0.0,0.0,0.0,20,83.0,84.0,10,86.0,85.0,85.0,85.0,10.0,8500.0,91
2023-05-10 21:18:42,c2311-C-2480,玉米2311购2480,85.0,0.0,0.0,0.0,20,83.0,84.0,30,86.0,85.0,85.0,85.0,10.0,8500.0,91
2023-05-10 21:18:42,c2311-C-2480,玉米2311购2480,85.0,0.0,0.0,0.0,20,82.5,84.0,40,86.0,85.0,85.0,85.0,10.0,8500.0,91
2023-05-10 21:18:43,c2311-C-2480,玉米2311购2480,85.0,0.0,0.0,0.0,20,82.5,84.0,50,86.0,85.0,85.0,85.0,10.0,8500.0,91
2023-05-10 21:18:44,c2311-C-2480,玉米2311购2480,85.0,0.0,0.0,0.0,20,82.5,84.0,60,86.0,85.0,85.0,85.0,10.0,8500.0,91
2023-05-10 21:18:45,c2311-C-2480,玉米2311购2480,85.0,0.0,0.0,0.0,20,82.5,84.0,70,86.0,85.0,85.0,85.0,10.0,8500.0,91
2023-05-10 21:18:47,c2311-C-2480,玉米2311购2480,85.0,0.0,0.0,0.0,20,82.5,84.0,60,86.0,85.0,85.0,85.0,10.0,8500.0,91
2023-05-10 21:18:52,c2311-C-2480,玉米2311购2480,85.0,0.0,0.0,0.0,20,82.5,84.0,50,86.0,85.0,85.0,85.0,10.0,8500.0,91
2023-05-10 21:19:01,c2311-C-2480,玉米2311购2480,85.0,0.0,0.0,0.0,10,82.5,83.5,10,86.0,85.0,85.0,85.0,10.0,8500.0,91
2023-05-10 21:19:01,c2311-C-2480,玉米2311购2480,85.0,0.0,0.0,0.0,10,82.5,83.5,50,86.0,85.0,85.0,85.0,10.0,8500.0,91
2023-05-10 21:19:03,c2311-C-2480,玉米2311购2480,85.0,0.0,0.0,0.0,10,82.5,83.5,60,86.0,85.0,85.0,85.0,10.0,8500.0,91
2023-05-10 21:19:04,c2311-C-2480,玉米2311购2480,85.0,0.0,0.0,0.0,30,82.0,83.5,50,86.0,85.0,85.0,85.0,10.0,8500.0,91
2023-05-10 21:19:06,c2311-C-2480,玉米2311购2480,85.0,0.0,0.0,0.0,50,82.0,83.5,20,86.0,85.0,85.0,85.0,10.0,8500.0,91
2023-05-10 21:19:08,c2311-C-2480,玉米2311购2480,85.0,0.0,0.0,0.0,40,82.0,83.5,20,86.0,85.0,85.0,85.0,10.0,8500.0,91
2023-05-10 21:19:08,c2311-C-2480,玉米2311购2480,85.0,0.0,0.0,0.0,30,82.0,83.5,30,86.0,85.0,85.0,85.0,10.0,8500.0,91
2023-05-10 21:19:11,c2311-C-2480,玉米2311购2480,85.0,0.0,0.0,0.0,30,82.0,83.5,20,86.0,85.0,85.0,85.0,10.0,8500.0,91
2023-05-10 21:19:11,c2311-C-2480,玉米2311购2480,85.0,0.0,0.0,0.0,40,82.0,83.5,20,86.0,85.0,85.0,85.0,10.0,8500.0,91
2023-05-10 21:19:22,c2311-C-2480,玉米2311购2480,85.0,0.0,0.0,0.0,30,82.0,83.5,20,86.0,85.0,85.0,85.0,10.0,8500.0,91
2023-05-10 21:19:23,c2311-C-2480,玉米2311购2480,85.0,0.0,0.0,0.0,30,82.0,83.5,30,86.0,85.0,85.0,85.0,10.0,8500.0,91
2023-05-10 21:19:23,c2311-C-2480,玉米2311购2480,85.0,0.0,0.0,0.0,30,82.0,83.5,40,86.0,85.0,85.0,85.0,10.0,8500.0,91
2023-05-10 21:19:34,c2311-C-2480,玉米2311购2480,85.0,0.0,0.0,0.0,30,82.0,83.5,50,86.0,85.0,85.0,85.0,10.0,8500.0,91
2023-05-10 21:19:36,c2311-C-2480,玉米2311购2480,85.0,0.0,0.0,0.0,20,82.0,83.5,50,86.0,85.0,85.0,85.0,10.0,8500.0,91
2023-05-10 21:19:39,c2311-C-2480,玉米2311购2480,85.0,0.0,0.0,0.0,20,82.0,83.5,40,86.0,85.0,85.0,85.0,10.0,8500.0,91
2023-05-10 21:19:39,c2311-C-2480,玉米2311购2480,85.0,0.0,0.0,0.0,20,82.0,83.5,50,86.0,85.0,85.0,85.0,10.0,8500.0,91
2023-05-10 21:19:53,c2311-C-2480,玉米2311购2480,85.0,0.0,0.0,0.0,20,82.0,83.0,10,86.0,85.0,85.0,85.0,10.0,8500.0,91
2023-05-10 21:19:54,c2311-C-2480,玉米2311购2480,85.0,0.0,0.0,0.0,20,82.0,83.5,50,86.0,85.0,85.0,85.0,10.0,8500.0,91
2023-05-10 21:19:56,c2311-C-2480,玉米2311购2480,85.0,0.0,0.0,0.0,40,82.0,83.5,30,86.0,85.0,85.0,85.0,10.0,8500.0,91
2023-05-10 21:19:57,c2311-C-2480,玉米2311购2480,85.0,0.0,0.0,0.0,40,82.0,83.5,40,86.0,85.0,85.0,85.0,10.0,8500.0,91
2023-05-10 21:19:58,c2311-C-2480,玉米2311购2480,85.0,0.0,0.0,0.0,20,82.0,83.5,50,86.0,85.0,85.0,85.0,10.0,8500.0,91
2023-05-10 21:19:58,c2311-C-2480,玉米2311购2480,85.0,0.0,0.0,0.0,30,82.0,83.5,50,86.0,85.0,85.0,85.0,10.0,8500.0,91
2023-05-10 21:20:00,c2311-C-2480,玉米2311购2480,85.0,0.0,0.0,0.0,10,82.0,83.0,20,86.0,85.0,85.0,85.0,10.0,8500.0,91
2023-05-10 21:20:00,c2311-C-2480,玉米2311购2480,85.0,0.0,0.0,0.0,50,81.5,83.0,20,86.0,85.0,85.0,85.0,10.0,8500.0,91
2023-05-10 21:20:01,c2311-C-2480,玉米2311购2480,85.0,0.0,0.0,0.0,50,81.5,83.0,30,86.0,85.0,85.0,85.0,10.0,8500.0,91
2023-05-10 21:20:03,c2311-C-2480,玉米2311购2480,85.0,0.0,0.0,0.0,30,81.5,83.0,40,86.0,85.0,85.0,85.0,10.0,8500.0,91
2023-05-10 21:20:04,c2311-C-2480,玉米2311购2480,85.0,0.0,0.0,0.0,10,81.5,82.5,10,86.0,85.0,85.0,85.0,10.0,8500.0,91
2023-05-10 21:20:04,c2311-C-2480,玉米2311购2480,85.0,0.0,0.0,0.0,10,81.5,82.5,30,86.0,85.0,85.0,85.0,10.0,8500.0,91
2023-05-10 21:20:05,c2311-C-2480,玉米2311购2480,85.0,0.0,0.0,0.0,10,81.5,82.5,20,86.0,85.0,85.0,85.0,10.0,8500.0,91
2023-05-10 21:20:05,c2311-C-2480,玉米2311购2480,85.0,0.0,0.0,0.0,20,81.5,82.5,20,86.0,85.0,85.0,85.0,10.0,8500.0,91
2023-05-10 21:20:10,c2311-C-2480,玉米2311购2480,85.0,0.0,0.0,0.0,10,81.5,83.0,40,86.0,85.0,85.0,85.0,10.0,8500.0,91
2023-05-10 21:20:10,c2311-C-2480,玉米2311购2480,85.0,0.0,0.0,0.0,20,81.5,83.0,50,86.0,85.0,85.0,85.0,10.0,8500.0,91
2023-05-10 21:20:16,c2311-C-2480,玉米2311购2480,85.0,0.0,0.0,0.0,20,81.5,82.5,10,86.0,85.0,85.0,85.0,10.0,8500.0,91
2023-05-10 21:20:17,c2311-C-2480,玉米2311购2480,85.0,0.0,0.0,0.0,10,81.5,82.5,20,86.0,85.0,85.0,85.0,10.0,8500.0,91
2023-05-10 21:20:18,c2311-C-2480,玉米2311购2480,85.0,0.0,0.0,0.0,10,81.5,82.0,10,86.0,85.0,85.0,85.0,10.0,8500.0,91
2023-05-10 21:20:18,c2311-C-2480,玉米2311购2480,85.0,0.0,0.0,0.0,10,81.5,82.5,40,86.0,85.0,85.0,85.0,10.0,8500.0,91
2023-05-10 21:20:20,c2311-C-2480,玉米2311购2480,85.0,0.0,0.0,0.0,20,81.0,82.5,50,86.0,85.0,85.0,85.0,10.0,8500.0,91
2023-05-10 21:20:21,c2311-C-2480,玉米2311购2480,85.0,0.0,0.0,0.0,30,81.0,82.5,40,86.0,85.0,85.0,85.0,10.0,8500.0,91
2023-05-10 21:20:22,c2311-C-2480,玉米2311购2480,85.0,0.0,0.0,0.0,20,81.0,82.5,40,86.0,85.0,85.0,85.0,10.0,8500.0,91
2023-05-10 21:20:22,c2311-C-2480,玉米2311购2480,85.0,0.0,0.0,0.0,40,81.0,82.5,30,86.0,85.0,85.0,85.0,10.0,8500.0,91
2023-05-10 21:20:23,c2311-C-2480,玉米2311购2480,85.0,0.0,0.0,0.0,20,81.5,83.0,40,86.0,85.0,85.0,85.0,10.0,8500.0,91
2023-05-10 21:20:23,c2311-C-2480,玉米2311购2480,85.0,0.0,0.0,0.0,30,81.5,83.0,50,86.0,85.0,85.0,85.0,10.0,8500.0,91
2023-05-10 21:20:29,c2311-C-2480,玉米2311购2480,85.0,0.0,0.0,0.0,20,81.5,83.0,60,86.0,85.0,85.0,85.0,10.0,8500.0,91
2023-05-10 21:20:30,c2311-C-2480,玉米2311购2480,85.0,0.0,0.0,0.0,20,81.5,83.0,50,86.0,85.0,85.0,85.0,10.0,8500.0,91
2023-05-10 21:20:31,c2311-C-2480,玉米2311购2480,85.0,0.0,0.0,0.0,10,81.5,83.0,50,86.0,85.0,85.0,85.0,10.0,8500.0,91
2023-05-10 21:20:34,c2311-C-2480,玉米2311购2480,85.0,0.0,0.0,0.0,10,81.5,83.0,60,86.0,85.0,85.0,85.0,10.0,8500.0,91
2023-05-10 21:20:40,c2311-C-2480,玉米2311购2480,85.0,0.0,0.0,0.0,20,81.5,83.0,70,86.0,85.0,85.0,85.0,10.0,8500.0,91
2023-05-10 21:20:43,c2311-C-2480,玉米2311购2480,85.0,0.0,0.0,0.0,40,81.5,83.0,30,86.0,85.0,85.0,85.0,10.0,8500.0,91
2023-05-10 21:20:45,c2311-C-2480,玉米2311购2480,85.0,0.0,0.0,0.0,50,81.5,83.0,20,86.0,85.0,85.0,85.0,10.0,8500.0,91
2023-05-10 21:20:50,c2311-C-2480,玉米2311购2480,85.0,0.0,0.0,0.0,50,81.5,83.0,10,86.0,85.0,85.0,85.0,10.0,8500.0,91
2023-05-10 21:20:51,c2311-C-2480,玉米2311购2480,85.0,0.0,0.0,0.0,40,81.5,83.5,50,86.0,85.0,85.0,85.0,10.0,8500.0,91
2023-05-10 21:20:51,c2311-C-2480,玉米2311购2480,85.0,0.0,0.0,0.0,50,81.5,83.5,60,86.0,85.0,85.0,85.0,10.0,8500.0,91
2023-05-10 21:20:52,c2311-C-2480,玉米2311购2480,85.0,0.0,0.0,0.0,40,81.5,83.5,60,86.0,85.0,85.0,85.0,10.0,8500.0,91
2023-05-10 21:20:52,c2311-C-2480,玉米2311购2480,85.0,0.0,0.0,0.0,40,81.5,83.0,10,86.0,85.0,85.0,85.0,10.0,8500.0,91
2023-05-10 21:20:53,c2311-C-2480,玉米2311购2480,85.0,0.0,0.0,0.0,50,81.5,83.5,50,86.0,85.0,85.0,85.0,10.0,8500.0,91
2023-05-10 21:20:55,c2311-C-2480,玉米2311购2480,85.0,0.0,0.0,0.0,30,82.0,83.5,30,86.0,85.0,85.0,85.0,10.0,8500.0,91
2023-05-10 21:20:57,c2311-C-2480,玉米2311购2480,85.0,0.0,0.0,0.0,20,82.0,83.5,30,86.0,85.0,85.0,85.0,10.0,8500.0,91
2023-05-10 21:20:59,c2311-C-2480,玉米2311购2480,85.0,0.0,0.0,0.0,10,82.0,83.5,40,86.0,85.0,85.0,85.0,10.0,8500.0,91
2023-05-10 21:20:59,c2311-C-2480,玉米2311购2480,85.0,0.0,0.0,0.0,20,82.0,83.5,30,86.0,85.0,85.0,85.0,10.0,8500.0,91
2023-05-10 21:21:05,c2311-C-2480,玉米2311购2480,85.0,0.0,0.0,0.0,30,82.0,83.5,40,86.0,85.0,85.0,85.0,10.0,8500.0,91
2023-05-10 21:21:07,c2311-C-2480,玉米2311购2480,85.0,0.0,0.0,0.0,20,82.0,83.5,40,86.0,85.0,85.0,85.0,10.0,8500.0,91
2023-05-10 21:21:07,c2311-C-2480,玉米2311购2480,85.0,0.0,0.0,0.0,30,82.0,83.5,40,86.0,85.0,85.0,85.0,10.0,8500.0,91
2023-05-10 21:21:12,c2311-C-2480,玉米2311购2480,85.0,0.0,0.0,0.0,20,82.0,83.5,50,86.0,85.0,85.0,85.0,10.0,8500.0,91
2023-05-10 21:21:12,c2311-C-2480,玉米2311购2480,85.0,0.0,0.0,0.0,30,82.0,83.5,40,86.0,85.0,85.0,85.0,10.0,8500.0,91
2023-05-10 21:21:28,c2311-C-2480,玉米2311购2480,85.0,0.0,0.0,0.0,10,82.5,83.5,40,86.0,85.0,85.0,85.0,10.0,8500.0,91
2023-05-10 21:21:29,c2311-C-2480,玉米2311购2480,85.0,0.0,0.0,0.0,30,82.5,84.0,20,86.0,85.0,85.0,85.0,10.0,8500.0,91
2023-05-10 21:21:30,c2311-C-2480,玉米2311购2480,85.0,0.0,0.0,0.0,40,82.5,84.0,30,86.0,85.0,85.0,85.0,10.0,8500.0,91
2023-05-10 21:21:30,c2311-C-2480,玉米2311购2480,85.0,0.0,0.0,0.0,40,82.5,84.0,20,86.0,85.0,85.0,85.0,10.0,8500.0,91
2023-05-10 21:21:31,c2311-C-2480,玉米2311购2480,85.0,0.0,0.0,0.0,30,82.5,84.0,30,86.0,85.0,85.0,85.0,10.0,8500.0,91
2023-05-10 21:21:32,c2311-C-2480,玉米2311购2480,85.0,0.0,0.0,0.0,40,82.5,84.0,30,86.0,85.0,85.0,85.0,10.0,8500.0,91
2023-05-10 21:21:32,c2311-C-2480,玉米2311购2480,85.0,0.0,0.0,0.0,20,83.0,84.0,20,86.0,85.0,85.0,85.0,10.0,8500.0,91
2023-05-10 21:21:42,c2311-C-2480,玉米2311购2480,85.0,0.0,0.0,0.0,30,83.0,84.0,20,86.0,85.0,85.0,85.0,10.0,8500.0,91
2023-05-10 21:21:44,c2311-C-2480,玉米2311购2480,85.0,0.0,0.0,0.0,20,83.0,84.0,20,86.0,85.0,85.0,85.0,10.0,8500.0,91
2023-05-10 21:21:46,c2311-C-2480,玉米2311购2480,85.0,0.0,0.0,0.0,30,83.0,84.0,20,86.0,85.0,85.0,85.0,10.0,8500.0,91
2023-05-10 21:21:47,c2311-C-2480,玉米2311购2480,85.0,0.0,0.0,0.0,20,83.0,84.5,30,86.0,85.0,85.0,85.0,10.0,8500.0,91
2023-05-10 21:21:48,c2311-C-2480,玉米2311购2480,85.0,0.0,0.0,0.0,20,83.0,84.5,50,86.0,85.0,85.0,85.0,10.0,8500.0,91
2023-05-10 21:21:50,c2311-C-2480,玉米2311购2480,85.0,0.0,0.0,0.0,10,83.0,84.5,50,86.0,85.0,85.0,85.0,10.0,8500.0,91
2023-05-10 21:21:50,c2311-C-2480,玉米2311购2480,85.0,0.0,0.0,0.0,10,83.0,84.5,40,86.0,85.0,85.0,85.0,10.0,8500.0,91
2023-05-10 21:21:52,c2311-C-2480,玉米2311购2480,85.0,0.0,0.0,0.0,10,83.0,84.5,50,86.0,85.0,85.0,85.0,10.0,8500.0,91
2023-05-10 21:21:59,c2311-C-2480,玉米2311购2480,85.0,0.0,0.0,0.0,20,83.0,84.5,50,86.0,85.0,85.0,85.0,10.0,8500.0,91
2023-05-10 21:21:59,c2311-C-2480,玉米2311购2480,85.0,0.0,0.0,0.0,10,83.0,84.5,50,86.0,85.0,85.0,85.0,10.0,8500.0,91
2023-05-10 21:22:18,c2311-C-2480,玉米2311购2480,85.0,0.0,0.0,0.0,10,82.5,84.0,10,86.0,85.0,85.0,85.0,10.0,8500.0,91
2023-05-10 21:22:18,c2311-C-2480,玉米2311购2480,85.0,0.0,0.0,0.0,30,82.0,84.0,20,86.0,85.0,85.0,85.0,10.0,8500.0,91
2023-05-10 21:22:19,c2311-C-2480,玉米2311购2480,85.0,0.0,0.0,0.0,30,82.0,84.0,30,86.0,85.0,85.0,85.0,10.0,8500.0,91
2023-05-10 21:22:20,c2311-C-2480,玉米2311购2480,85.0,0.0,0.0,0.0,30,82.0,84.0,40,86.0,85.0,85.0,85.0,10.0,8500.0,91
2023-05-10 21:22:21,c2311-C-2480,玉米2311购2480,85.0,0.0,0.0,0.0,20,82.0,84.0,40,86.0,85.0,85.0,85.0,10.0,8500.0,91
2023-05-10 21:22:25,c2311-C-2480,玉米2311购2480,85.0,0.0,0.0,0.0,20,82.0,84.0,50,86.0,85.0,85.0,85.0,10.0,8500.0,91
2023-05-10 21:22:27,c2311-C-2480,玉米2311购2480,85.0,0.0,0.0,0.0,20,82.0,83.5,10,86.0,85.0,85.0,85.0,10.0,8500.0,91
2023-05-10 21:22:27,c2311-C-2480,玉米2311购2480,85.0,0.0,0.0,0.0,10,82.0,83.5,20,86.0,85.0,85.0,85.0,10.0,8500.0,91
2023-05-10 21:22:29,c2311-C-2480,玉米2311购2480,85.0,0.0,0.0,0.0,10,82.0,83.5,30,86.0,85.0,85.0,85.0,10.0,8500.0,91
2023-05-10 21:22:30,c2311-C-2480,玉米2311购2480,85.0,0.0,0.0,0.0,30,82.0,83.5,30,86.0,85.0,85.0,85.0,10.0,8500.0,91
2023-05-10 21:22:37,c2311-C-2480,玉米2311购2480,85.0,0.0,0.0,0.0,40,82.0,83.5,30,86.0,85.0,85.0,85.0,10.0,8500.0,91
2023-05-10 21:22:40,c2311-C-2480,玉米2311购2480,85.0,0.0,0.0,0.0,30,82.0,83.5,30,86.0,85.0,85.0,85.0,10.0,8500.0,91
2023-05-10 21:22:47,c2311-C-2480,玉米2311购2480,85.0,0.0,0.0,0.0,10,82.0,83.5,70,86.0,85.0,85.0,85.0,10.0,8500.0,91
2023-05-10 21:22:47,c2311-C-2480,玉米2311购2480,85.0,0.0,0.0,0.0,20,81.5,83.5,70,86.0,85.0,85.0,85.0,10.0,8500.0,91
2023-05-10 21:22:50,c2311-C-2480,玉米2311购2480,85.0,0.0,0.0,0.0,10,81.5,83.5,60,86.0,85.0,85.0,85.0,10.0,8500.0,91
2023-05-10 21:22:50,c2311-C-2480,玉米2311购2480,85.0,0.0,0.0,0.0,10,81.5,83.5,70,86.0,85.0,85.0,85.0,10.0,8500.0,91
2023-05-10 21:22:51,c2311-C-2480,玉米2311购2480,85.0,0.0,0.0,0.0,10,81.5,83.0,10,86.0,85.0,85.0,85.0,10.0,8500.0,91
2023-05-10 21:22:51,c2311-C-2480,玉米2311购2480,85.0,0.0,0.0,0.0,10,81.5,83.0,20,86.0,85.0,85.0,85.0,10.0,8500.0,91
2023-05-10 21:22:53,c2311-C-2480,玉米2311购2480,85.0,0.0,0.0,0.0,10,81.5,83.0,40,86.0,85.0,85.0,85.0,10.0,8500.0,91
2023-05-10 21:23:10,c2311-C-2480,玉米2311购2480,85.0,0.0,0.0,0.0,20,81.5,83.0,50,86.0,85.0,85.0,85.0,10.0,8500.0,91
2023-05-10 21:23:11,c2311-C-2480,玉米2311购2480,85.0,0.0,0.0,0.0,10,81.5,83.0,50,86.0,85.0,85.0,85.0,10.0,8500.0,91
2023-05-10 21:23:12,c2311-C-2480,玉米2311购2480,85.0,0.0,0.0,0.0,10,81.5,83.0,40,86.0,85.0,85.0,85.0,10.0,8500.0,91
2023-05-10 21:23:12,c2311-C-2480,玉米2311购2480,85.0,0.0,0.0,0.0,10,81.5,83.0,50,86.0,85.0,85.0,85.0,10.0,8500.0,91
2023-05-10 21:23:39,c2311-C-2480,玉米2311购2480,85.0,0.0,0.0,0.0,20,81.5,83.0,40,86.0,85.0,85.0,85.0,10.0,8500.0,91
2023-05-10 21:23:40,c2311-C-2480,玉米2311购2480,85.0,0.0,0.0,0.0,20,81.5,83.0,30,86.0,85.0,85.0,85.0,10.0,8500.0,91
2023-05-10 21:23:41,c2311-C-2480,玉米2311购2480,85.0,0.0,0.0,0.0,10,81.5,83.0,50,86.0,85.0,85.0,85.0,10.0,8500.0,91
2023-05-10 21:23:43,c2311-C-2480,玉米2311购2480,85.0,0.0,0.0,0.0,20,81.5,83.0,30,86.0,85.0,85.0,85.0,10.0,8500.0,91
2023-05-10 21:23:43,c2311-C-2480,玉米2311购2480,85.0,0.0,0.0,0.0,10,81.5,83.0,50,86.0,85.0,85.0,85.0,10.0,8500.0,91
2023-05-10 21:24:06,c2311-C-2480,玉米2311购2480,85.0,0.0,0.0,0.0,10,81.5,83.0,40,86.0,85.0,85.0,85.0,10.0,8500.0,91
2023-05-10 21:24:06,c2311-C-2480,玉米2311购2480,85.0,0.0,0.0,0.0,20,81.5,83.0,30,86.0,85.0,85.0,85.0,10.0,8500.0,91
2023-05-10 21:24:13,c2311-C-2480,玉米2311购2480,85.0,0.0,0.0,0.0,10,81.5,83.0,30,86.0,85.0,85.0,85.0,10.0,8500.0,91
2023-05-10 21:24:14,c2311-C-2480,玉米2311购2480,85.0,0.0,0.0,0.0,20,81.5,83.0,30,86.0,85.0,85.0,85.0,10.0,8500.0,91
2023-05-10 21:24:18,c2311-C-2480,玉米2311购2480,85.0,0.0,0.0,0.0,10,81.5,83.0,30,86.0,85.0,85.0,85.0,10.0,8500.0,91
2023-05-10 21:24:22,c2311-C-2480,玉米2311购2480,85.0,0.0,0.0,0.0,20,81.5,83.0,30,86.0,85.0,85.0,85.0,10.0,8500.0,91
2023-05-10 21:24:31,c2311-C-2480,玉米2311购2480,85.0,0.0,0.0,0.0,20,82.0,83.5,30,86.0,85.0,85.0,85.0,10.0,8500.0,91
2023-05-10 21:24:37,c2311-C-2480,玉米2311购2480,85.0,0.0,0.0,0.0,10,82.0,83.5,50,86.0,85.0,85.0,85.0,10.0,8500.0,91
2023-05-10 21:24:44,c2311-C-2480,玉米2311购2480,85.0,0.0,0.0,0.0,10,82.0,83.5,60,86.0,85.0,85.0,85.0,10.0,8500.0,91
2023-05-10 21:24:44,c2311-C-2480,玉米2311购2480,85.0,0.0,0.0,0.0,20,81.5,83.0,10,86.0,85.0,85.0,85.0,10.0,8500.0,91
2023-05-10 21:24:44,c2311-C-2480,玉米2311购2480,85.0,0.0,0.0,0.0,20,81.5,83.0,30,86.0,85.0,85.0,85.0,10.0,8500.0,91
2023-05-10 21:24:45,c2311-C-2480,玉米2311购2480,85.0,0.0,0.0,0.0,10,81.5,83.0,40,86.0,85.0,85.0,85.0,10.0,8500.0,91
2023-05-10 21:24:46,c2311-C-2480,玉米2311购2480,85.0,0.0,0.0,0.0,10,81.5,83.0,60,86.0,85.0,85.0,85.0,10.0,8500.0,91
2023-05-10 21:24:50,c2311-C-2480,玉米2311购2480,85.0,0.0,0.0,0.0,10,81.5,82.5,10,86.0,85.0,85.0,85.0,10.0,8500.0,91
2023-05-10 21:24:50,c2311-C-2480,玉米2311购2480,85.0,0.0,0.0,0.0,10,81.5,82.5,20,86.0,85.0,85.0,85.0,10.0,8500.0,91
2023-05-10 21:24:55,c2311-C-2480,玉米2311购2480,85.0,0.0,0.0,0.0,10,81.5,82.5,30,86.0,85.0,85.0,85.0,10.0,8500.0,91
2023-05-10 21:24:57,c2311-C-2480,玉米2311购2480,85.0,0.0,0.0,0.0,10,81.5,82.5,40,86.0,85.0,85.0,85.0,10.0,8500.0,91
2023-05-10 21:24:57,c2311-C-2480,玉米2311购2480,85.0,0.0,0.0,0.0,10,81.5,82.5,30,86.0,85.0,85.0,85.0,10.0,8500.0,91
2023-05-10 21:25:00,c2311-C-2480,玉米2311购2480,85.0,0.0,0.0,0.0,10,81.5,82.5,40,86.0,85.0,85.0,85.0,10.0,8500.0,91
2023-05-10 21:25:01,c2311-C-2480,玉米2311购2480,85.0,0.0,0.0,0.0,10,81.5,82.5,50,86.0,85.0,85.0,85.0,10.0,8500.0,91
2023-05-10 21:25:02,c2311-C-2480,玉米2311购2480,85.0,0.0,0.0,0.0,10,81.5,82.5,60,86.0,85.0,85.0,85.0,10.0,8500.0,91
2023-05-10 21:25:02,c2311-C-2480,玉米2311购2480,85.0,0.0,0.0,0.0,10,81.5,82.5,50,86.0,85.0,85.0,85.0,10.0,8500.0,91
2023-05-10 21:25:03,c2311-C-2480,玉米2311购2480,85.0,0.0,0.0,0.0,20,81.0,82.5,50,86.0,85.0,85.0,85.0,10.0,8500.0,91
2023-05-10 21:25:04,c2311-C-2480,玉米2311购2480,85.0,0.0,0.0,0.0,20,81.0,82.5,60,86.0,85.0,85.0,85.0,10.0,8500.0,91
2023-05-10 21:25:04,c2311-C-2480,玉米2311购2480,85.0,0.0,0.0,0.0,20,80.0,82.0,30,86.0,85.0,85.0,85.0,10.0,8500.0,91
2023-05-10 21:25:05,c2311-C-2480,玉米2311购2480,85.0,0.0,0.0,0.0,20,80.0,82.0,40,86.0,85.0,85.0,85.0,10.0,8500.0,91
2023-05-10 21:25:07,c2311-C-2480,玉米2311购2480,85.0,0.0,0.0,0.0,20,80.0,82.0,50,86.0,85.0,85.0,85.0,10.0,8500.0,91
2023-05-10 21:25:07,c2311-C-2480,玉米2311购2480,85.0,0.0,0.0,0.0,10,80.0,81.5,20,86.0,85.0,85.0,85.0,10.0,8500.0,91
2023-05-10 21:25:09,c2311-C-2480,玉米2311购2480,85.0,0.0,0.0,0.0,10,80.0,81.5,10,86.0,85.0,85.0,85.0,10.0,8500.0,91
2023-05-10 21:25:10,c2311-C-2480,玉米2311购2480,85.0,0.0,0.0,0.0,30,80.0,81.5,20,86.0,85.0,85.0,85.0,10.0,8500.0,91
2023-05-10 21:25:10,c2311-C-2480,玉米2311购2480,85.0,0.0,0.0,0.0,30,80.0,81.5,30,86.0,85.0,85.0,85.0,10.0,8500.0,91
2023-05-10 21:25:11,c2311-C-2480,玉米2311购2480,85.0,0.0,0.0,0.0,40,80.0,81.5,30,86.0,85.0,85.0,85.0,10.0,8500.0,91
2023-05-10 21:25:14,c2311-C-2480,玉米2311购2480,85.0,0.0,0.0,0.0,40,80.0,81.5,20,86.0,85.0,85.0,85.0,10.0,8500.0,91
2023-05-10 21:25:15,c2311-C-2480,玉米2311购2480,85.0,0.0,0.0,0.0,30,80.0,81.5,20,86.0,85.0,85.0,85.0,10.0,8500.0,91
2023-05-10 21:25:15,c2311-C-2480,玉米2311购2480,85.0,0.0,0.0,0.0,40,80.0,81.5,20,86.0,85.0,85.0,85.0,10.0,8500.0,91
2023-05-10 21:25:17,c2311-C-2480,玉米2311购2480,85.0,0.0,0.0,0.0,70,80.0,82.0,20,86.0,85.0,85.0,85.0,10.0,8500.0,91
2023-05-10 21:25:19,c2311-C-2480,玉米2311购2480,85.0,0.0,0.0,0.0,20,80.5,82.0,20,86.0,85.0,85.0,85.0,10.0,8500.0,91
2023-05-10 21:25:29,c2311-C-2480,玉米2311购2480,85.0,0.0,0.0,0.0,20,81.0,82.5,40,86.0,85.0,85.0,85.0,10.0,8500.0,91
2023-05-10 21:25:29,c2311-C-2480,玉米2311购2480,85.0,0.0,0.0,0.0,20,81.0,82.5,30,86.0,85.0,85.0,85.0,10.0,8500.0,91
2023-05-10 21:25:32,c2311-C-2480,玉米2311购2480,85.0,0.0,0.0,0.0,20,81.0,82.5,40,86.0,85.0,85.0,85.0,10.0,8500.0,91
2023-05-10 21:25:35,c2311-C-2480,玉米2311购2480,85.0,0.0,0.0,0.0,20,81.0,82.5,50,86.0,85.0,85.0,85.0,10.0,8500.0,91
2023-05-10 21:25:36,c2311-C-2480,玉米2311购2480,85.0,0.0,0.0,0.0,10,81.0,82.5,50,86.0,85.0,85.0,85.0,10.0,8500.0,91
2023-05-10 21:25:47,c2311-C-2480,玉米2311购2480,85.0,0.0,0.0,0.0,20,81.0,82.5,40,86.0,85.0,85.0,85.0,10.0,8500.0,91
2023-05-10 21:25:48,c2311-C-2480,玉米2311购2480,85.0,0.0,0.0,0.0,20,81.0,82.5,30,86.0,85.0,85.0,85.0,10.0,8500.0,91
2023-05-10 21:25:49,c2311-C-2480,玉米2311购2480,85.0,0.0,0.0,0.0,10,81.0,82.5,40,86.0,85.0,85.0,85.0,10.0,8500.0,91
2023-05-10 21:25:49,c2311-C-2480,玉米2311购2480,85.0,0.0,0.0,0.0,10,81.0,82.5,30,86.0,85.0,85.0,85.0,10.0,8500.0,91
2023-05-10 21:25:50,c2311-C-2480,玉米2311购2480,85.0,0.0,0.0,0.0,20,81.0,82.5,30,86.0,85.0,85.0,85.0,10.0,8500.0,91
2023-05-10 21:25:52,c2311-C-2480,玉米2311购2480,85.0,0.0,0.0,0.0,10,81.0,82.5,30,86.0,85.0,85.0,85.0,10.0,8500.0,91
2023-05-10 21:25:54,c2311-C-2480,玉米2311购2480,85.0,0.0,0.0,0.0,20,81.0,82.5,30,86.0,85.0,85.0,85.0,10.0,8500.0,91
2023-05-10 21:26:04,c2311-C-2480,玉米2311购2480,85.0,0.0,0.0,0.0,10,81.0,82.5,40,86.0,85.0,85.0,85.0,10.0,8500.0,91
2023-05-10 21:26:04,c2311-C-2480,玉米2311购2480,85.0,0.0,0.0,0.0,10,81.0,82.5,30,86.0,85.0,85.0,85.0,10.0,8500.0,91
2023-05-10 21:26:05,c2311-C-2480,玉米2311购2480,85.0,0.0,0.0,0.0,20,81.0,82.5,30,86.0,85.0,85.0,85.0,10.0,8500.0,91
2023-05-10 21:26:37,c2311-C-2480,玉米2311购2480,85.0,0.0,0.0,0.0,10,81.0,82.5,30,86.0,85.0,85.0,85.0,10.0,8500.0,91
2023-05-10 21:26:37,c2311-C-2480,玉米2311购2480,85.0,0.0,0.0,0.0,10,81.0,82.5,40,86.0,85.0,85.0,85.0,10.0,8500.0,91
2023-05-10 21:26:40,c2311-C-2480,玉米2311购2480,85.0,0.0,0.0,0.0,10,81.0,82.5,50,86.0,85.0,85.0,85.0,10.0,8500.0,91
2023-05-10 21:26:42,c2311-C-2480,玉米2311购2480,85.0,0.0,0.0,0.0,10,81.0,82.0,10,86.0,85.0,85.0,85.0,10.0,8500.0,91
2023-05-10 21:26:42,c2311-C-2480,玉米2311购2480,85.0,0.0,0.0,0.0,10,81.0,82.0,20,86.0,85.0,85.0,85.0,10.0,8500.0,91
2023-05-10 21:26:45,c2311-C-2480,玉米2311购2480,85.0,0.0,0.0,0.0,10,81.0,82.0,40,86.0,85.0,85.0,85.0,10.0,8500.0,91
2023-05-10 21:26:45,c2311-C-2480,玉米2311购2480,85.0,0.0,0.0,0.0,10,81.0,82.0,50,86.0,85.0,85.0,85.0,10.0,8500.0,91
2023-05-10 21:26:45,c2311-C-2480,玉米2311购2480,85.0,0.0,0.0,0.0,10,81.0,82.0,40,86.0,85.0,85.0,85.0,10.0,8500.0,91
2023-05-10 21:26:50,c2311-C-2480,玉米2311购2480,85.0,0.0,0.0,0.0,20,81.0,82.0,20,86.0,85.0,85.0,85.0,10.0,8500.0,91
2023-05-10 21:26:50,c2311-C-2480,玉米2311购2480,85.0,0.0,0.0,0.0,20,81.0,82.0,40,86.0,85.0,85.0,85.0,10.0,8500.0,91
2023-05-10 21:26:51,c2311-C-2480,玉米2311购2480,85.0,0.0,0.0,0.0,20,81.0,82.0,30,86.0,85.0,85.0,85.0,10.0,8500.0,91
2023-05-10 21:26:52,c2311-C-2480,玉米2311购2480,85.0,0.0,0.0,0.0,30,81.0,82.0,20,86.0,85.0,85.0,85.0,10.0,8500.0,91
2023-05-10 21:26:52,c2311-C-2480,玉米2311购2480,85.0,0.0,0.0,0.0,20,81.0,82.0,40,86.0,85.0,85.0,85.0,10.0,8500.0,91
2023-05-10 21:26:53,c2311-C-2480,玉米2311购2480,85.0,0.0,0.0,0.0,20,81.0,82.0,50,86.0,85.0,85.0,85.0,10.0,8500.0,91
2023-05-10 21:26:53,c2311-C-2480,玉米2311购2480,85.0,0.0,0.0,0.0,10,81.0,82.0,50,86.0,85.0,85.0,85.0,10.0,8500.0,91
2023-05-10 21:27:04,c2311-C-2480,玉米2311购2480,85.0,0.0,0.0,0.0,20,81.0,82.0,50,86.0,85.0,85.0,85.0,10.0,8500.0,91
2023-05-10 21:27:05,c2311-C-2480,玉米2311购2480,85.0,0.0,0.0,0.0,20,81.0,82.0,40,86.0,85.0,85.0,85.0,10.0,8500.0,91
2023-05-10 21:27:15,c2311-C-2480,玉米2311购2480,85.0,0.0,0.0,0.0,20,81.0,82.0,50,86.0,85.0,85.0,85.0,10.0,8500.0,91
2023-05-10 21:27:16,c2311-C-2480,玉米2311购2480,85.0,0.0,0.0,0.0,10,81.0,82.0,50,86.0,85.0,85.0,85.0,10.0,8500.0,91
2023-05-10 21:27:16,c2311-C-2480,玉米2311购2480,85.0,0.0,0.0,0.0,40,80.5,82.0,50,86.0,85.0,85.0,85.0,10.0,8500.0,91
2023-05-10 21:27:17,c2311-C-2480,玉米2311购2480,85.0,0.0,0.0,0.0,30,80.5,82.0,50,86.0,85.0,85.0,85.0,10.0,8500.0,91
2023-05-10 21:27:17,c2311-C-2480,玉米2311购2480,85.0,0.0,0.0,0.0,20,80.5,81.5,10,86.0,85.0,85.0,85.0,10.0,8500.0,91
2023-05-10 21:27:17,c2311-C-2480,玉米2311购2480,85.0,0.0,0.0,0.0,30,80.5,81.5,20,86.0,85.0,85.0,85.0,10.0,8500.0,91
2023-05-10 21:27:19,c2311-C-2480,玉米2311购2480,85.0,0.0,0.0,0.0,30,80.5,81.5,30,86.0,85.0,85.0,85.0,10.0,8500.0,91
2023-05-10 21:27:25,c2311-C-2480,玉米2311购2480,85.0,0.0,0.0,0.0,30,80.5,81.5,40,86.0,85.0,85.0,85.0,10.0,8500.0,91
2023-05-10 21:27:26,c2311-C-2480,玉米2311购2480,85.0,0.0,0.0,0.0,20,80.5,81.5,50,86.0,85.0,85.0,85.0,10.0,8500.0,91
2023-05-10 21:27:29,c2311-C-2480,玉米2311购2480,85.0,0.0,0.0,0.0,30,80.5,81.5,40,86.0,85.0,85.0,85.0,10.0,8500.0,91
2023-05-10 21:27:29,c2311-C-2480,玉米2311购2480,85.0,0.0,0.0,0.0,30,80.5,81.5,30,86.0,85.0,85.0,85.0,10.0,8500.0,91
2023-05-10 21:27:41,c2311-C-2480,玉米2311购2480,85.0,0.0,0.0,0.0,20,80.5,81.5,30,86.0,85.0,85.0,85.0,10.0,8500.0,91
2023-05-10 21:27:42,c2311-C-2480,玉米2311购2480,85.0,0.0,0.0,0.0,20,80.5,82.0,50,86.0,85.0,85.0,85.0,10.0,8500.0,91
2023-05-10 21:27:42,c2311-C-2480,玉米2311购2480,85.0,0.0,0.0,0.0,20,80.5,82.0,60,86.0,85.0,85.0,85.0,10.0,8500.0,91
2023-05-10 21:27:42,c2311-C-2480,玉米2311购2480,85.0,0.0,0.0,0.0,20,80.5,81.5,10,86.0,85.0,85.0,85.0,10.0,8500.0,91
2023-05-10 21:27:44,c2311-C-2480,玉米2311购2480,85.0,0.0,0.0,0.0,10,80.5,81.5,10,86.0,85.0,85.0,85.0,10.0,8500.0,91
2023-05-10 21:27:45,c2311-C-2480,玉米2311购2480,85.0,0.0,0.0,0.0,20,80.5,81.5,30,86.0,85.0,85.0,85.0,10.0,8500.0,91
2023-05-10 21:27:49,c2311-C-2480,玉米2311购2480,85.0,0.0,0.0,0.0,30,80.5,81.5,30,86.0,85.0,85.0,85.0,10.0,8500.0,91
2023-05-10 21:27:51,c2311-C-2480,玉米2311购2480,85.0,0.0,0.0,0.0,20,80.5,81.5,30,86.0,85.0,85.0,85.0,10.0,8500.0,91
2023-05-10 21:27:54,c2311-C-2480,玉米2311购2480,85.0,0.0,0.0,0.0,30,80.5,81.5,30,86.0,85.0,85.0,85.0,10.0,8500.0,91
2023-05-10 21:27:54,c2311-C-2480,玉米2311购2480,85.0,0.0,0.0,0.0,20,80.5,81.5,30,86.0,85.0,85.0,85.0,10.0,8500.0,91
2023-05-10 21:27:54,c2311-C-2480,玉米2311购2480,85.0,0.0,0.0,0.0,30,80.5,81.5,30,86.0,85.0,85.0,85.0,10.0,8500.0,91
2023-05-10 21:27:59,c2311-C-2480,玉米2311购2480,85.0,0.0,0.0,0.0,40,80.5,81.5,10,86.0,85.0,85.0,85.0,10.0,8500.0,91
2023-05-10 21:27:59,c2311-C-2480,玉米2311购2480,85.0,0.0,0.0,0.0,40,80.5,82.0,50,86.0,85.0,85.0,85.0,10.0,8500.0,91
2023-05-10 21:28:00,c2311-C-2480,玉米2311购2480,85.0,0.0,0.0,0.0,20,80.5,81.5,10,86.0,85.0,85.0,85.0,10.0,8500.0,91
2023-05-10 21:28:00,c2311-C-2480,玉米2311购2480,85.0,0.0,0.0,0.0,20,80.5,81.5,30,86.0,85.0,85.0,85.0,10.0,8500.0,91
2023-05-10 21:28:14,c2311-C-2480,玉米2311购2480,85.0,0.0,0.0,0.0,20,80.5,81.5,20,86.0,85.0,85.0,85.0,10.0,8500.0,91
2023-05-10 21:28:18,c2311-C-2480,玉米2311购2480,85.0,0.0,0.0,0.0,30,80.5,81.5,20,86.0,85.0,85.0,85.0,10.0,8500.0,91
2023-05-10 21:28:32,c2311-C-2480,玉米2311购2480,85.0,0.0,0.0,0.0,20,80.5,81.5,20,86.0,85.0,85.0,85.0,10.0,8500.0,91
2023-05-10 21:28:35,c2311-C-2480,玉米2311购2480,85.0,0.0,0.0,0.0,20,80.5,81.5,10,86.0,85.0,85.0,85.0,10.0,8500.0,91
2023-05-10 21:29:28,c2311-C-2480,玉米2311购2480,85.0,0.0,0.0,0.0,30,80.5,81.5,10,86.0,85.0,85.0,85.0,10.0,8500.0,91
2023-05-10 21:29:28,c2311-C-2480,玉米2311购2480,85.0,0.0,0.0,0.0,20,80.5,81.5,10,86.0,85.0,85.0,85.0,10.0,8500.0,91
2023-05-10 21:29:39,c2311-C-2480,玉米2311购2480,85.0,0.0,0.0,0.0,30,80.5,81.5,10,86.0,85.0,85.0,85.0,10.0,8500.0,91
2023-05-10 21:29:40,c2311-C-2480,玉米2311购2480,85.0,0.0,0.0,0.0,30,80.5,82.0,40,86.0,85.0,85.0,85.0,10.0,8500.0,91
2023-05-10 21:29:41,c2311-C-2480,玉米2311购2480,85.0,0.0,0.0,0.0,20,80.5,82.0,50,86.0,85.0,85.0,85.0,10.0,8500.0,91
2023-05-10 21:29:41,c2311-C-2480,玉米2311购2480,85.0,0.0,0.0,0.0,30,80.5,82.0,50,86.0,85.0,85.0,85.0,10.0,8500.0,91
2023-05-10 21:29:41,c2311-C-2480,玉米2311购2480,85.0,0.0,0.0,0.0,40,80.5,82.0,30,86.0,85.0,85.0,85.0,10.0,8500.0,91
2023-05-10 21:29:42,c2311-C-2480,玉米2311购2480,85.0,0.0,0.0,0.0,40,80.5,82.0,40,86.0,85.0,85.0,85.0,10.0,8500.0,91
2023-05-10 21:29:43,c2311-C-2480,玉米2311购2480,85.0,0.0,0.0,0.0,30,80.5,82.0,40,86.0,85.0,85.0,85.0,10.0,8500.0,91
2023-05-10 21:29:44,c2311-C-2480,玉米2311购2480,85.0,0.0,0.0,0.0,20,80.5,82.0,40,86.0,85.0,85.0,85.0,10.0,8500.0,91
2023-05-10 21:29:46,c2311-C-2480,玉米2311购2480,85.0,0.0,0.0,0.0,20,80.5,82.0,50,86.0,85.0,85.0,85.0,10.0,8500.0,91
2023-05-10 21:29:49,c2311-C-2480,玉米2311购2480,85.0,0.0,0.0,0.0,20,80.5,82.0,60,86.0,85.0,85.0,85.0,10.0,8500.0,91
2023-05-10 21:29:50,c2311-C-2480,玉米2311购2480,85.0,0.0,0.0,0.0,40,80.5,82.0,50,86.0,85.0,85.0,85.0,10.0,8500.0,91
2023-05-10 21:29:52,c2311-C-2480,玉米2311购2480,85.0,0.0,0.0,0.0,30,80.5,82.0,50,86.0,85.0,85.0,85.0,10.0,8500.0,91
2023-05-10 21:29:53,c2311-C-2480,玉米2311购2480,85.0,0.0,0.0,0.0,20,80.5,82.0,60,86.0,85.0,85.0,85.0,10.0,8500.0,91
2023-05-10 21:29:56,c2311-C-2480,玉米2311购2480,85.0,0.0,0.0,0.0,30,80.5,82.0,50,86.0,85.0,85.0,85.0,10.0,8500.0,91
2023-05-10 21:30:01,c2311-C-2480,玉米2311购2480,85.0,0.0,0.0,0.0,20,80.5,82.0,50,86.0,85.0,85.0,85.0,10.0,8500.0,91
2023-05-10 21:30:01,c2311-C-2480,玉米2311购2480,85.0,0.0,0.0,0.0,20,80.5,82.0,60,86.0,85.0,85.0,85.0,10.0,8500.0,91
2023-05-10 21:30:02,c2311-C-2480,玉米2311购2480,85.0,0.0,0.0,0.0,30,80.5,82.0,50,86.0,85.0,85.0,85.0,10.0,8500.0,91
2023-05-10 21:30:03,c2311-C-2480,玉米2311购2480,85.0,0.0,0.0,0.0,40,80.5,82.0,30,86.0,85.0,85.0,85.0,10.0,8500.0,91
2023-05-10 21:30:06,c2311-C-2480,玉米2311购2480,85.0,0.0,0.0,0.0,40,80.5,82.0,40,86.0,85.0,85.0,85.0,10.0,8500.0,91
2023-05-10 21:30:07,c2311-C-2480,玉米2311购2480,85.0,0.0,0.0,0.0,40,80.5,82.0,30,86.0,85.0,85.0,85.0,10.0,8500.0,91
2023-05-10 21:30:08,c2311-C-2480,玉米2311购2480,85.0,0.0,0.0,0.0,30,80.5,82.0,30,86.0,85.0,85.0,85.0,10.0,8500.0,91
2023-05-10 21:30:10,c2311-C-2480,玉米2311购2480,85.0,0.0,0.0,0.0,40,80.5,82.0,30,86.0,85.0,85.0,85.0,10.0,8500.0,91
2023-05-10 21:30:14,c2311-C-2480,玉米2311购2480,85.0,0.0,0.0,0.0,40,80.5,82.0,40,86.0,85.0,85.0,85.0,10.0,8500.0,91
2023-05-10 21:30:15,c2311-C-2480,玉米2311购2480,85.0,0.0,0.0,0.0,30,80.5,82.0,40,86.0,85.0,85.0,85.0,10.0,8500.0,91
2023-05-10 21:30:18,c2311-C-2480,玉米2311购2480,85.0,0.0,0.0,0.0,30,80.5,82.0,30,86.0,85.0,85.0,85.0,10.0,8500.0,91
2023-05-10 21:30:18,c2311-C-2480,玉米2311购2480,85.0,0.0,0.0,0.0,40,80.5,82.0,30,86.0,85.0,85.0,85.0,10.0,8500.0,91
2023-05-10 21:30:21,c2311-C-2480,玉米2311购2480,85.0,0.0,0.0,0.0,20,80.5,82.0,60,86.0,85.0,85.0,85.0,10.0,8500.0,91
2023-05-10 21:30:28,c2311-C-2480,玉米2311购2480,85.0,0.0,0.0,0.0,30,80.5,82.0,50,86.0,85.0,85.0,85.0,10.0,8500.0,91
2023-05-10 21:30:29,c2311-C-2480,玉米2311购2480,85.0,0.0,0.0,0.0,20,80.5,82.0,60,86.0,85.0,85.0,85.0,10.0,8500.0,91
2023-05-10 21:30:30,c2311-C-2480,玉米2311购2480,85.0,0.0,0.0,0.0,20,80.5,82.0,40,86.0,85.0,85.0,85.0,10.0,8500.0,91
2023-05-10 21:30:31,c2311-C-2480,玉米2311购2480,85.0,0.0,0.0,0.0,20,80.5,82.0,50,86.0,85.0,85.0,85.0,10.0,8500.0,91
2023-05-10 21:30:31,c2311-C-2480,玉米2311购2480,85.0,0.0,0.0,0.0,20,80.5,82.0,60,86.0,85.0,85.0,85.0,10.0,8500.0,91
2023-05-10 21:30:33,c2311-C-2480,玉米2311购2480,85.0,0.0,0.0,0.0,20,80.5,82.0,50,86.0,85.0,85.0,85.0,10.0,8500.0,91
2023-05-10 21:30:36,c2311-C-2480,玉米2311购2480,85.0,0.0,0.0,0.0,30,80.5,82.0,50,86.0,85.0,85.0,85.0,10.0,8500.0,91
2023-05-10 21:30:36,c2311-C-2480,玉米2311购2480,85.0,0.0,0.0,0.0,20,80.5,82.0,50,86.0,85.0,85.0,85.0,10.0,8500.0,91
2023-05-10 21:30:39,c2311-C-2480,玉米2311购2480,85.0,0.0,0.0,0.0,20,80.5,82.0,40,86.0,85.0,85.0,85.0,10.0,8500.0,91
2023-05-10 21:30:53,c2311-C-2480,玉米2311购2480,85.0,0.0,0.0,0.0,40,80.5,82.0,30,86.0,85.0,85.0,85.0,10.0,8500.0,91
2023-05-10 21:30:54,c2311-C-2480,玉米2311购2480,85.0,0.0,0.0,0.0,30,80.5,82.0,30,86.0,85.0,85.0,85.0,10.0,8500.0,91
2023-05-10 21:30:54,c2311-C-2480,玉米2311购2480,85.0,0.0,0.0,0.0,30,80.5,82.0,40,86.0,85.0,85.0,85.0,10.0,8500.0,91
2023-05-10 21:30:57,c2311-C-2480,玉米2311购2480,85.0,0.0,0.0,0.0,20,80.5,82.0,40,86.0,85.0,85.0,85.0,10.0,8500.0,91
2023-05-10 21:30:59,c2311-C-2480,玉米2311购2480,85.0,0.0,0.0,0.0,30,80.5,82.0,40,86.0,85.0,85.0,85.0,10.0,8500.0,91
2023-05-10 21:31:00,c2311-C-2480,玉米2311购2480,85.0,0.0,0.0,0.0,10,81.0,82.5,40,86.0,85.0,85.0,85.0,10.0,8500.0,91
2023-05-10 21:31:01,c2311-C-2480,玉米2311购2480,85.0,0.0,0.0,0.0,40,80.5,82.5,40,86.0,85.0,85.0,85.0,10.0,8500.0,91
2023-05-10 21:31:01,c2311-C-2480,玉米2311购2480,85.0,0.0,0.0,0.0,50,80.5,82.5,40,86.0,85.0,85.0,85.0,10.0,8500.0,91
2023-05-10 21:31:01,c2311-C-2480,玉米2311购2480,85.0,0.0,0.0,0.0,50,80.5,82.5,50,86.0,85.0,85.0,85.0,10.0,8500.0,91
2023-05-10 21:31:02,c2311-C-2480,玉米2311购2480,85.0,0.0,0.0,0.0,50,80.5,82.5,30,86.0,85.0,85.0,85.0,10.0,8500.0,91
2023-05-10 21:31:03,c2311-C-2480,玉米2311购2480,85.0,0.0,0.0,0.0,20,81.0,82.5,30,86.0,85.0,85.0,85.0,10.0,8500.0,91
2023-05-10 21:31:09,c2311-C-2480,玉米2311购2480,85.0,0.0,0.0,0.0,20,81.5,82.5,30,86.0,85.0,85.0,85.0,10.0,8500.0,91
2023-05-10 21:31:11,c2311-C-2480,玉米2311购2480,85.0,0.0,0.0,0.0,10,81.5,82.5,30,86.0,85.0,85.0,85.0,10.0,8500.0,91
2023-05-10 21:31:18,c2311-C-2480,玉米2311购2480,85.0,0.0,0.0,0.0,10,81.5,82.5,40,86.0,85.0,85.0,85.0,10.0,8500.0,91
2023-05-10 21:31:19,c2311-C-2480,玉米2311购2480,85.0,0.0,0.0,0.0,10,81.5,82.5,30,86.0,85.0,85.0,85.0,10.0,8500.0,91
2023-05-10 21:31:20,c2311-C-2480,玉米2311购2480,85.0,0.0,0.0,0.0,10,81.5,82.5,40,86.0,85.0,85.0,85.0,10.0,8500.0,91
2023-05-10 21:31:21,c2311-C-2480,玉米2311购2480,85.0,0.0,0.0,0.0,10,81.5,82.5,30,86.0,85.0,85.0,85.0,10.0,8500.0,91
2023-05-10 21:31:22,c2311-C-2480,玉米2311购2480,85.0,0.0,0.0,0.0,20,81.5,82.5,30,86.0,85.0,85.0,85.0,10.0,8500.0,91
2023-05-10 21:31:23,c2311-C-2480,玉米2311购2480,85.0,0.0,0.0,0.0,20,81.5,82.5,20,86.0,85.0,85.0,85.0,10.0,8500.0,91
2023-05-10 21:31:29,c2311-C-2480,玉米2311购2480,85.0,0.0,0.0,0.0,10,81.5,82.5,30,86.0,85.0,85.0,85.0,10.0,8500.0,91
2023-05-10 21:31:30,c2311-C-2480,玉米2311购2480,85.0,0.0,0.0,0.0,10,81.5,82.5,20,86.0,85.0,85.0,85.0,10.0,8500.0,91
2023-05-10 21:31:31,c2311-C-2480,玉米2311购2480,85.0,0.0,0.0,0.0,20,81.5,82.5,20,86.0,85.0,85.0,85.0,10.0,8500.0,91
2023-05-10 21:31:31,c2311-C-2480,玉米2311购2480,85.0,0.0,0.0,0.0,10,81.5,82.5,20,86.0,85.0,85.0,85.0,10.0,8500.0,91
2023-05-10 21:31:32,c2311-C-2480,玉米2311购2480,85.0,0.0,0.0,0.0,20,81.5,82.5,10,86.0,85.0,85.0,85.0,10.0,8500.0,91
2023-05-10 21:31:33,c2311-C-2480,玉米2311购2480,85.0,0.0,0.0,0.0,30,81.5,82.5,10,86.0,85.0,85.0,85.0,10.0,8500.0,91
2023-05-10 21:31:35,c2311-C-2480,玉米2311购2480,85.0,0.0,0.0,0.0,20,81.5,82.5,20,86.0,85.0,85.0,85.0,10.0,8500.0,91
2023-05-10 21:31:37,c2311-C-2480,玉米2311购2480,85.0,0.0,0.0,0.0,30,81.5,82.5,10,86.0,85.0,85.0,85.0,10.0,8500.0,91
2023-05-10 21:31:48,c2311-C-2480,玉米2311购2480,85.0,0.0,0.0,0.0,20,81.5,82.5,10,86.0,85.0,85.0,85.0,10.0,8500.0,91
2023-05-10 21:31:49,c2311-C-2480,玉米2311购2480,85.0,0.0,0.0,0.0,30,81.5,82.5,10,86.0,85.0,85.0,85.0,10.0,8500.0,91
2023-05-10 21:31:50,c2311-C-2480,玉米2311购2480,85.0,0.0,0.0,0.0,20,81.5,82.5,20,86.0,85.0,85.0,85.0,10.0,8500.0,91
2023-05-10 21:31:58,c2311-C-2480,玉米2311购2480,85.0,0.0,0.0,0.0,20,81.5,82.5,30,86.0,85.0,85.0,85.0,10.0,8500.0,91
2023-05-10 21:31:59,c2311-C-2480,玉米2311购2480,85.0,0.0,0.0,0.0,30,81.5,82.5,20,86.0,85.0,85.0,85.0,10.0,8500.0,91
2023-05-10 21:32:01,c2311-C-2480,玉米2311购2480,85.0,0.0,0.0,0.0,20,81.5,82.5,20,86.0,85.0,85.0,85.0,10.0,8500.0,91
2023-05-10 21:32:20,c2311-C-2480,玉米2311购2480,85.0,0.0,0.0,0.0,20,81.5,82.5,30,86.0,85.0,85.0,85.0,10.0,8500.0,91
2023-05-10 21:32:20,c2311-C-2480,玉米2311购2480,85.0,0.0,0.0,0.0,30,81.0,82.5,50,86.0,85.0,85.0,85.0,10.0,8500.0,91
2023-05-10 21:32:21,c2311-C-2480,玉米2311购2480,85.0,0.0,0.0,0.0,20,81.0,82.5,50,86.0,85.0,85.0,85.0,10.0,8500.0,91
2023-05-10 21:32:22,c2311-C-2480,玉米2311购2480,85.0,0.0,0.0,0.0,20,81.0,82.5,60,86.0,85.0,85.0,85.0,10.0,8500.0,91
2023-05-10 21:32:23,c2311-C-2480,玉米2311购2480,85.0,0.0,0.0,0.0,20,81.0,82.5,50,86.0,85.0,85.0,85.0,10.0,8500.0,91
2023-05-10 21:32:27,c2311-C-2480,玉米2311购2480,85.0,0.0,0.0,0.0,20,81.0,82.5,40,86.0,85.0,85.0,85.0,10.0,8500.0,91
2023-05-10 21:32:28,c2311-C-2480,玉米2311购2480,85.0,0.0,0.0,0.0,30,81.0,82.5,40,86.0,85.0,85.0,85.0,10.0,8500.0,91
2023-05-10 21:32:31,c2311-C-2480,玉米2311购2480,85.0,0.0,0.0,0.0,30,81.0,82.5,30,86.0,85.0,85.0,85.0,10.0,8500.0,91
2023-05-10 21:32:33,c2311-C-2480,玉米2311购2480,85.0,0.0,0.0,0.0,40,81.0,82.5,20,86.0,85.0,85.0,85.0,10.0,8500.0,91
2023-05-10 21:32:35,c2311-C-2480,玉米2311购2480,85.0,0.0,0.0,0.0,40,81.0,82.5,30,86.0,85.0,85.0,85.0,10.0,8500.0,91
2023-05-10 21:32:37,c2311-C-2480,玉米2311购2480,85.0,0.0,0.0,0.0,40,81.0,82.5,20,86.0,85.0,85.0,85.0,10.0,8500.0,91
2023-05-10 21:32:41,c2311-C-2480,玉米2311购2480,85.0,0.0,0.0,0.0,40,81.0,82.5,30,86.0,85.0,85.0,85.0,10.0,8500.0,91
2023-05-10 21:32:54,c2311-C-2480,玉米2311购2480,85.0,0.0,0.0,0.0,40,81.0,82.5,20,86.0,85.0,85.0,85.0,10.0,8500.0,91
2023-05-10 21:32:55,c2311-C-2480,玉米2311购2480,85.0,0.0,0.0,0.0,40,81.0,82.5,30,86.0,85.0,85.0,85.0,10.0,8500.0,91
2023-05-10 21:32:56,c2311-C-2480,玉米2311购2480,85.0,0.0,0.0,0.0,40,81.0,82.5,20,86.0,85.0,85.0,85.0,10.0,8500.0,91
2023-05-10 21:33:23,c2311-C-2480,玉米2311购2480,85.0,0.0,0.0,0.0,30,81.0,82.5,30,86.0,85.0,85.0,85.0,10.0,8500.0,91
2023-05-10 21:33:24,c2311-C-2480,玉米2311购2480,85.0,0.0,0.0,0.0,20,81.5,82.5,10,86.0,85.0,85.0,85.0,10.0,8500.0,91
2023-05-10 21:33:25,c2311-C-2480,玉米2311购2480,85.0,0.0,0.0,0.0,30,81.5,83.0,40,86.0,85.0,85.0,85.0,10.0,8500.0,91
2023-05-10 21:33:25,c2311-C-2480,玉米2311购2480,85.0,0.0,0.0,0.0,30,81.5,83.0,60,86.0,85.0,85.0,85.0,10.0,8500.0,91
2023-05-10 21:33:25,c2311-C-2480,玉米2311购2480,85.0,0.0,0.0,0.0,20,81.5,83.0,60,86.0,85.0,85.0,85.0,10.0,8500.0,91
2023-05-10 21:33:40,c2311-C-2480,玉米2311购2480,85.0,0.0,0.0,0.0,30,81.5,83.0,60,86.0,85.0,85.0,85.0,10.0,8500.0,91
2023-05-10 21:33:40,c2311-C-2480,玉米2311购2480,85.0,0.0,0.0,0.0,20,81.5,83.0,60,86.0,85.0,85.0,85.0,10.0,8500.0,91
2023-05-10 21:33:44,c2311-C-2480,玉米2311购2480,85.0,0.0,0.0,0.0,10,81.5,83.0,60,86.0,85.0,85.0,85.0,10.0,8500.0,91
2023-05-10 21:33:49,c2311-C-2480,玉米2311购2480,85.0,0.0,0.0,0.0,20,81.5,83.0,60,86.0,85.0,85.0,85.0,10.0,8500.0,91
2023-05-10 21:33:59,c2311-C-2480,玉米2311购2480,85.0,0.0,0.0,0.0,20,81.5,83.0,50,86.0,85.0,85.0,85.0,10.0,8500.0,91
2023-05-10 21:34:00,c2311-C-2480,玉米2311购2480,85.0,0.0,0.0,0.0,20,81.5,83.0,60,86.0,85.0,85.0,85.0,10.0,8500.0,91
2023-05-10 21:34:12,c2311-C-2480,玉米2311购2480,85.0,0.0,0.0,0.0,30,81.5,83.0,40,86.0,85.0,85.0,85.0,10.0,8500.0,91
2023-05-10 21:34:12,c2311-C-2480,玉米2311购2480,85.0,0.0,0.0,0.0,30,81.5,83.0,30,86.0,85.0,85.0,85.0,10.0,8500.0,91
2023-05-10 21:34:13,c2311-C-2480,玉米2311购2480,85.0,0.0,0.0,0.0,20,81.5,83.0,40,86.0,85.0,85.0,85.0,10.0,8500.0,91
2023-05-10 21:34:14,c2311-C-2480,玉米2311购2480,85.0,0.0,0.0,0.0,20,81.5,83.0,50,86.0,85.0,85.0,85.0,10.0,8500.0,91
2023-05-10 21:34:15,c2311-C-2480,玉米2311购2480,85.0,0.0,0.0,0.0,10,81.5,83.0,60,86.0,85.0,85.0,85.0,10.0,8500.0,91
2023-05-10 21:34:23,c2311-C-2480,玉米2311购2480,85.0,0.0,0.0,0.0,30,81.5,83.0,40,86.0,85.0,85.0,85.0,10.0,8500.0,91
2023-05-10 21:34:23,c2311-C-2480,玉米2311购2480,85.0,0.0,0.0,0.0,30,81.5,83.0,30,86.0,85.0,85.0,85.0,10.0,8500.0,91
2023-05-10 21:34:30,c2311-C-2480,玉米2311购2480,85.0,0.0,0.0,0.0,20,81.5,83.0,30,86.0,85.0,85.0,85.0,10.0,8500.0,91
2023-05-10 21:34:31,c2311-C-2480,玉米2311购2480,85.0,0.0,0.0,0.0,20,81.5,83.0,40,86.0,85.0,85.0,85.0,10.0,8500.0,91
2023-05-10 21:34:31,c2311-C-2480,玉米2311购2480,85.0,0.0,0.0,0.0,20,81.5,83.0,30,86.0,85.0,85.0,85.0,10.0,8500.0,91
2023-05-10 21:34:32,c2311-C-2480,玉米2311购2480,85.0,0.0,0.0,0.0,30,81.5,83.0,30,86.0,85.0,85.0,85.0,10.0,8500.0,91
2023-05-10 21:34:36,c2311-C-2480,玉米2311购2480,85.0,0.0,0.0,0.0,20,81.5,83.0,40,86.0,85.0,85.0,85.0,10.0,8500.0,91
2023-05-10 21:34:37,c2311-C-2480,玉米2311购2480,85.0,0.0,0.0,0.0,10,82.0,83.0,30,86.0,85.0,85.0,85.0,10.0,8500.0,91
2023-05-10 21:34:37,c2311-C-2480,玉米2311购2480,85.0,0.0,0.0,0.0,20,82.0,83.0,30,86.0,85.0,85.0,85.0,10.0,8500.0,91
2023-05-10 21:34:38,c2311-C-2480,玉米2311购2480,85.0,0.0,0.0,0.0,10,82.0,83.0,30,86.0,85.0,85.0,85.0,10.0,8500.0,91
2023-05-10 21:34:43,c2311-C-2480,玉米2311购2480,85.0,0.0,0.0,0.0,10,82.0,83.0,40,86.0,85.0,85.0,85.0,10.0,8500.0,91
2023-05-10 21:34:44,c2311-C-2480,玉米2311购2480,85.0,0.0,0.0,0.0,10,82.0,83.0,30,86.0,85.0,85.0,85.0,10.0,8500.0,91
2023-05-10 21:34:50,c2311-C-2480,玉米2311购2480,85.0,0.0,0.0,0.0,10,82.0,83.0,40,86.0,85.0,85.0,85.0,10.0,8500.0,91
2023-05-10 21:34:50,c2311-C-2480,玉米2311购2480,85.0,0.0,0.0,0.0,10,82.0,83.0,30,86.0,85.0,85.0,85.0,10.0,8500.0,91
2023-05-10 21:34:51,c2311-C-2480,玉米2311购2480,85.0,0.0,0.0,0.0,10,82.0,83.0,40,86.0,85.0,85.0,85.0,10.0,8500.0,91
2023-05-10 21:34:56,c2311-C-2480,玉米2311购2480,85.0,0.0,0.0,0.0,10,81.5,83.0,40,86.0,85.0,85.0,85.0,10.0,8500.0,91
2023-05-10 21:34:58,c2311-C-2480,玉米2311购2480,85.0,0.0,0.0,0.0,20,81.5,83.0,30,86.0,85.0,85.0,85.0,10.0,8500.0,91
2023-05-10 21:35:00,c2311-C-2480,玉米2311购2480,85.0,0.0,0.0,0.0,10,81.5,83.0,40,86.0,85.0,85.0,85.0,10.0,8500.0,91
2023-05-10 21:35:02,c2311-C-2480,玉米2311购2480,85.0,0.0,0.0,0.0,20,81.5,83.0,30,86.0,85.0,85.0,85.0,10.0,8500.0,91
2023-05-10 21:35:04,c2311-C-2480,玉米2311购2480,85.0,0.0,0.0,0.0,10,81.5,83.0,40,86.0,85.0,85.0,85.0,10.0,8500.0,91
2023-05-10 21:35:04,c2311-C-2480,玉米2311购2480,85.0,0.0,0.0,0.0,10,81.5,83.0,50,86.0,85.0,85.0,85.0,10.0,8500.0,91
2023-05-10 21:35:05,c2311-C-2480,玉米2311购2480,85.0,0.0,0.0,0.0,20,81.5,83.0,40,86.0,85.0,85.0,85.0,10.0,8500.0,91
2023-05-10 21:35:07,c2311-C-2480,玉米2311购2480,85.0,0.0,0.0,0.0,10,81.5,83.0,40,86.0,85.0,85.0,85.0,10.0,8500.0,91
2023-05-10 21:35:07,c2311-C-2480,玉米2311购2480,85.0,0.0,0.0,0.0,20,81.5,83.0,40,86.0,85.0,85.0,85.0,10.0,8500.0,91
2023-05-10 21:35:08,c2311-C-2480,玉米2311购2480,85.0,0.0,0.0,0.0,10,81.5,83.0,50,86.0,85.0,85.0,85.0,10.0,8500.0,91
2023-05-10 21:35:11,c2311-C-2480,玉米2311购2480,85.0,0.0,0.0,0.0,30,81.5,83.0,30,86.0,85.0,85.0,85.0,10.0,8500.0,91
2023-05-10 21:35:12,c2311-C-2480,玉米2311购2480,85.0,0.0,0.0,0.0,20,81.5,83.0,30,86.0,85.0,85.0,85.0,10.0,8500.0,91
2023-05-10 21:35:17,c2311-C-2480,玉米2311购2480,85.0,0.0,0.0,0.0,10,81.5,83.0,40,86.0,85.0,85.0,85.0,10.0,8500.0,91
2023-05-10 21:35:20,c2311-C-2480,玉米2311购2480,85.0,0.0,0.0,0.0,10,81.5,83.0,30,86.0,85.0,85.0,85.0,10.0,8500.0,91
2023-05-10 21:35:22,c2311-C-2480,玉米2311购2480,85.0,0.0,0.0,0.0,10,81.5,83.0,50,86.0,85.0,85.0,85.0,10.0,8500.0,91
2023-05-10 21:35:27,c2311-C-2480,玉米2311购2480,85.0,0.0,0.0,0.0,10,81.5,82.5,10,86.0,85.0,85.0,85.0,10.0,8500.0,91
2023-05-10 21:35:28,c2311-C-2480,玉米2311购2480,85.0,0.0,0.0,0.0,20,81.5,82.5,30,86.0,85.0,85.0,85.0,10.0,8500.0,91
2023-05-10 21:35:28,c2311-C-2480,玉米2311购2480,85.0,0.0,0.0,0.0,20,81.5,82.5,40,86.0,85.0,85.0,85.0,10.0,8500.0,91
2023-05-10 21:35:43,c2311-C-2480,玉米2311购2480,85.0,0.0,0.0,0.0,20,81.5,82.5,20,86.0,85.0,85.0,85.0,10.0,8500.0,91
2023-05-10 21:35:52,c2311-C-2480,玉米2311购2480,85.0,0.0,0.0,0.0,10,81.5,82.5,40,86.0,85.0,85.0,85.0,10.0,8500.0,91
2023-05-10 21:36:00,c2311-C-2480,玉米2311购2480,85.0,0.0,0.0,0.0,10,81.5,82.5,30,86.0,85.0,85.0,85.0,10.0,8500.0,91
2023-05-10 21:36:05,c2311-C-2480,玉米2311购2480,85.0,0.0,0.0,0.0,10,81.5,82.5,20,86.0,85.0,85.0,85.0,10.0,8500.0,91
2023-05-10 21:36:06,c2311-C-2480,玉米2311购2480,85.0,0.0,0.0,0.0,10,81.5,82.5,30,86.0,85.0,85.0,85.0,10.0,8500.0,91
2023-05-10 21:36:11,c2311-C-2480,玉米2311购2480,85.0,0.0,0.0,0.0,10,81.5,82.5,50,86.0,85.0,85.0,85.0,10.0,8500.0,91
2023-05-10 21:36:16,c2311-C-2480,玉米2311购2480,85.0,0.0,0.0,0.0,10,81.5,82.5,40,86.0,85.0,85.0,85.0,10.0,8500.0,91
2023-05-10 21:36:26,c2311-C-2480,玉米2311购2480,85.0,0.0,0.0,0.0,10,81.5,82.5,30,86.0,85.0,85.0,85.0,10.0,8500.0,91
2023-05-10 21:36:42,c2311-C-2480,玉米2311购2480,85.0,0.0,0.0,0.0,30,81.5,82.5,10,86.0,85.0,85.0,85.0,10.0,8500.0,91
2023-05-10 21:36:42,c2311-C-2480,玉米2311购2480,85.0,0.0,0.0,0.0,30,81.5,83.0,30,86.0,85.0,85.0,85.0,10.0,8500.0,91
2023-05-10 21:36:43,c2311-C-2480,玉米2311购2480,85.0,0.0,0.0,0.0,40,81.5,83.0,40,86.0,85.0,85.0,85.0,10.0,8500.0,91
2023-05-10 21:36:44,c2311-C-2480,玉米2311购2480,85.0,0.0,0.0,0.0,40,81.5,83.0,30,86.0,85.0,85.0,85.0,10.0,8500.0,91
2023-05-10 21:36:50,c2311-C-2480,玉米2311购2480,85.0,0.0,0.0,0.0,40,81.5,83.0,40,86.0,85.0,85.0,85.0,10.0,8500.0,91
2023-05-10 21:36:51,c2311-C-2480,玉米2311购2480,85.0,0.0,0.0,0.0,40,81.5,83.0,30,86.0,85.0,85.0,85.0,10.0,8500.0,91
2023-05-10 21:36:52,c2311-C-2480,玉米2311购2480,85.0,0.0,0.0,0.0,40,81.5,83.0,40,86.0,85.0,85.0,85.0,10.0,8500.0,91
2023-05-10 21:37:23,c2311-C-2480,玉米2311购2480,85.0,0.0,0.0,0.0,40,81.5,83.0,50,86.0,85.0,85.0,85.0,10.0,8500.0,91
2023-05-10 21:37:27,c2311-C-2480,玉米2311购2480,85.0,0.0,0.0,0.0,20,81.5,83.0,70,86.0,85.0,85.0,85.0,10.0,8500.0,91
2023-05-10 21:37:31,c2311-C-2480,玉米2311购2480,85.0,0.0,0.0,0.0,10,81.5,82.5,20,86.0,85.0,85.0,85.0,10.0,8500.0,91
2023-05-10 21:37:31,c2311-C-2480,玉米2311购2480,85.0,0.0,0.0,0.0,10,81.5,82.5,30,86.0,85.0,85.0,85.0,10.0,8500.0,91
2023-05-10 21:37:33,c2311-C-2480,玉米2311购2480,85.0,0.0,0.0,0.0,40,81.0,82.5,40,86.0,85.0,85.0,85.0,10.0,8500.0,91
2023-05-10 21:37:39,c2311-C-2480,玉米2311购2480,85.0,0.0,0.0,0.0,30,81.0,82.5,40,86.0,85.0,85.0,85.0,10.0,8500.0,91
2023-05-10 21:37:40,c2311-C-2480,玉米2311购2480,85.0,0.0,0.0,0.0,30,81.0,82.5,50,86.0,85.0,85.0,85.0,10.0,8500.0,91
2023-05-10 21:37:47,c2311-C-2480,玉米2311购2480,85.0,0.0,0.0,0.0,40,80.5,82.0,20,86.0,85.0,85.0,85.0,10.0,8500.0,91
2023-05-10 21:37:47,c2311-C-2480,玉米2311购2480,85.0,0.0,0.0,0.0,40,80.5,82.0,30,86.0,85.0,85.0,85.0,10.0,8500.0,91
2023-05-10 21:37:49,c2311-C-2480,玉米2311购2480,85.0,0.0,0.0,0.0,30,80.5,82.0,30,86.0,85.0,85.0,85.0,10.0,8500.0,91
2023-05-10 21:37:57,c2311-C-2480,玉米2311购2480,85.0,0.0,0.0,0.0,20,80.5,82.0,40,86.0,85.0,85.0,85.0,10.0,8500.0,91
2023-05-10 21:38:01,c2311-C-2480,玉米2311购2480,85.0,0.0,0.0,0.0,30,80.5,82.0,30,86.0,85.0,85.0,85.0,10.0,8500.0,91
2023-05-10 21:38:05,c2311-C-2480,玉米2311购2480,85.0,0.0,0.0,0.0,20,80.5,81.5,10,86.0,85.0,85.0,85.0,10.0,8500.0,91
2023-05-10 21:38:05,c2311-C-2480,玉米2311购2480,85.0,0.0,0.0,0.0,10,80.5,81.5,30,86.0,85.0,85.0,85.0,10.0,8500.0,91
2023-05-10 21:38:06,c2311-C-2480,玉米2311购2480,85.0,0.0,0.0,0.0,50,80.0,81.5,30,86.0,85.0,85.0,85.0,10.0,8500.0,91
2023-05-10 21:38:06,c2311-C-2480,玉米2311购2480,85.0,0.0,0.0,0.0,50,80.0,81.5,40,86.0,85.0,85.0,85.0,10.0,8500.0,91
2023-05-10 21:38:09,c2311-C-2480,玉米2311购2480,85.0,0.0,0.0,0.0,40,80.0,81.5,40,86.0,85.0,85.0,85.0,10.0,8500.0,91
2023-05-10 21:38:09,c2311-C-2480,玉米2311购2480,85.0,0.0,0.0,0.0,20,80.0,81.5,60,86.0,85.0,85.0,85.0,10.0,8500.0,91
2023-05-10 21:38:11,c2311-C-2480,玉米2311购2480,85.0,0.0,0.0,0.0,10,80.0,81.0,10,86.0,85.0,85.0,85.0,10.0,8500.0,91
2023-05-10 21:38:11,c2311-C-2480,玉米2311购2480,85.0,0.0,0.0,0.0,30,80.0,81.0,20,86.0,85.0,85.0,85.0,10.0,8500.0,91
2023-05-10 21:38:12,c2311-C-2480,玉米2311购2480,85.0,0.0,0.0,0.0,20,80.0,81.0,20,86.0,85.0,85.0,85.0,10.0,8500.0,91
2023-05-10 21:38:14,c2311-C-2480,玉米2311购2480,85.0,0.0,0.0,0.0,10,80.0,81.0,20,86.0,85.0,85.0,85.0,10.0,8500.0,91
2023-05-10 21:38:15,c2311-C-2480,玉米2311购2480,85.0,0.0,0.0,0.0,10,80.0,81.0,40,86.0,85.0,85.0,85.0,10.0,8500.0,91
2023-05-10 21:38:28,c2311-C-2480,玉米2311购2480,85.0,0.0,0.0,0.0,10,80.0,81.0,50,86.0,85.0,85.0,85.0,10.0,8500.0,91
2023-05-10 21:38:36,c2311-C-2480,玉米2311购2480,85.0,0.0,0.0,0.0,10,80.0,81.0,60,86.0,85.0,85.0,85.0,10.0,8500.0,91
2023-05-10 21:38:36,c2311-C-2480,玉米2311购2480,85.0,0.0,0.0,0.0,30,79.5,81.0,60,86.0,85.0,85.0,85.0,10.0,8500.0,91
2023-05-10 21:38:41,c2311-C-2480,玉米2311购2480,85.0,0.0,0.0,0.0,40,79.5,81.0,50,86.0,85.0,85.0,85.0,10.0,8500.0,91
2023-05-10 21:38:41,c2311-C-2480,玉米2311购2480,85.0,0.0,0.0,0.0,30,79.5,81.0,60,86.0,85.0,85.0,85.0,10.0,8500.0,91
2023-05-10 21:38:42,c2311-C-2480,玉米2311购2480,85.0,0.0,0.0,0.0,40,79.5,81.0,50,86.0,85.0,85.0,85.0,10.0,8500.0,91
2023-05-10 21:39:00,c2311-C-2480,玉米2311购2480,85.0,0.0,0.0,0.0,30,79.5,81.0,60,86.0,85.0,85.0,85.0,10.0,8500.0,91
2023-05-10 21:39:00,c2311-C-2480,玉米2311购2480,85.0,0.0,0.0,0.0,20,79.0,80.5,30,86.0,85.0,85.0,85.0,10.0,8500.0,91
2023-05-10 21:39:02,c2311-C-2480,玉米2311购2480,85.0,0.0,0.0,0.0,10,79.0,80.5,50,86.0,85.0,85.0,85.0,10.0,8500.0,91
2023-05-10 21:39:02,c2311-C-2480,玉米2311购2480,85.0,0.0,0.0,0.0,10,79.0,80.5,60,86.0,85.0,85.0,85.0,10.0,8500.0,91
2023-05-10 21:39:03,c2311-C-2480,玉米2311购2480,85.0,0.0,0.0,0.0,10,79.0,80.5,70,86.0,85.0,85.0,85.0,10.0,8500.0,91
2023-05-10 21:39:06,c2311-C-2480,玉米2311购2480,85.0,0.0,0.0,0.0,10,79.0,80.5,80,86.0,85.0,85.0,85.0,10.0,8500.0,91
2023-05-10 21:39:06,c2311-C-2480,玉米2311购2480,85.0,0.0,0.0,0.0,10,79.0,80.5,70,86.0,85.0,85.0,85.0,10.0,8500.0,91
2023-05-10 21:39:06,c2311-C-2480,玉米2311购2480,85.0,0.0,0.0,0.0,10,79.0,80.5,80,86.0,85.0,85.0,85.0,10.0,8500.0,91
2023-05-10 21:39:12,c2311-C-2480,玉米2311购2480,85.0,0.0,0.0,0.0,10,79.0,80.5,70,86.0,85.0,85.0,85.0,10.0,8500.0,91
2023-05-10 21:39:13,c2311-C-2480,玉米2311购2480,85.0,0.0,0.0,0.0,10,79.0,80.0,20,86.0,85.0,85.0,85.0,10.0,8500.0,91
2023-05-10 21:39:16,c2311-C-2480,玉米2311购2480,85.0,0.0,0.0,0.0,10,79.0,80.0,30,86.0,85.0,85.0,85.0,10.0,8500.0,91
2023-05-10 21:39:22,c2311-C-2480,玉米2311购2480,85.0,0.0,0.0,0.0,10,79.0,80.0,40,86.0,85.0,85.0,85.0,10.0,8500.0,91
2023-05-10 21:39:22,c2311-C-2480,玉米2311购2480,85.0,0.0,0.0,0.0,10,79.0,80.0,30,86.0,85.0,85.0,85.0,10.0,8500.0,91
2023-05-10 21:39:23,c2311-C-2480,玉米2311购2480,85.0,0.0,0.0,0.0,10,79.0,80.0,40,86.0,85.0,85.0,85.0,10.0,8500.0,91
2023-05-10 21:39:25,c2311-C-2480,玉米2311购2480,85.0,0.0,0.0,0.0,10,79.0,80.0,50,86.0,85.0,85.0,85.0,10.0,8500.0,91
2023-05-10 21:39:31,c2311-C-2480,玉米2311购2480,85.0,0.0,0.0,0.0,20,78.5,80.0,50,86.0,85.0,85.0,85.0,10.0,8500.0,91
2023-05-10 21:39:33,c2311-C-2480,玉米2311购2480,85.0,0.0,0.0,0.0,10,78.5,79.5,10,86.0,85.0,85.0,85.0,10.0,8500.0,91
2023-05-10 21:39:33,c2311-C-2480,玉米2311购2480,85.0,0.0,0.0,0.0,40,78.0,79.5,20,86.0,85.0,85.0,85.0,10.0,8500.0,91
2023-05-10 21:39:35,c2311-C-2480,玉米2311购2480,85.0,0.0,0.0,0.0,40,78.0,79.5,30,86.0,85.0,85.0,85.0,10.0,8500.0,91
2023-05-10 21:39:35,c2311-C-2480,玉米2311购2480,85.0,0.0,0.0,0.0,30,78.0,79.5,30,86.0,85.0,85.0,85.0,10.0,8500.0,91
2023-05-10 21:39:37,c2311-C-2480,玉米2311购2480,85.0,0.0,0.0,0.0,20,78.0,79.5,40,86.0,85.0,85.0,85.0,10.0,8500.0,91
2023-05-10 21:39:56,c2311-C-2480,玉米2311购2480,85.0,0.0,0.0,0.0,10,78.0,79.5,60,86.0,85.0,85.0,85.0,10.0,8500.0,91
2023-05-10 21:39:56,c2311-C-2480,玉米2311购2480,85.0,0.0,0.0,0.0,10,78.0,79.5,70,86.0,85.0,85.0,85.0,10.0,8500.0,91
2023-05-10 21:40:00,c2311-C-2480,玉米2311购2480,85.0,0.0,0.0,0.0,10,78.0,79.5,60,86.0,85.0,85.0,85.0,10.0,8500.0,91
2023-05-10 21:40:04,c2311-C-2480,玉米2311购2480,85.0,0.0,0.0,0.0,40,77.5,79.0,10,86.0,85.0,85.0,85.0,10.0,8500.0,91
2023-05-10 21:40:05,c2311-C-2480,玉米2311购2480,85.0,0.0,0.0,0.0,50,77.5,79.0,20,86.0,85.0,85.0,85.0,10.0,8500.0,91
2023-05-10 21:40:05,c2311-C-2480,玉米2311购2480,85.0,0.0,0.0,0.0,50,77.5,79.0,30,86.0,85.0,85.0,85.0,10.0,8500.0,91
2023-05-10 21:40:06,c2311-C-2480,玉米2311购2480,85.0,0.0,0.0,0.0,30,77.5,79.0,50,86.0,85.0,85.0,85.0,10.0,8500.0,91
2023-05-10 21:40:06,c2311-C-2480,玉米2311购2480,85.0,0.0,0.0,0.0,30,77.5,79.0,40,86.0,85.0,85.0,85.0,10.0,8500.0,91
2023-05-10 21:40:08,c2311-C-2480,玉米2311购2480,85.0,0.0,0.0,0.0,20,77.5,79.0,50,86.0,85.0,85.0,85.0,10.0,8500.0,91
2023-05-10 21:40:14,c2311-C-2480,玉米2311购2480,85.0,0.0,0.0,0.0,30,77.5,79.0,40,86.0,85.0,85.0,85.0,10.0,8500.0,91
2023-05-10 21:40:15,c2311-C-2480,玉米2311购2480,85.0,0.0,0.0,0.0,20,77.5,79.0,50,86.0,85.0,85.0,85.0,10.0,8500.0,91
2023-05-10 21:40:17,c2311-C-2480,玉米2311购2480,85.0,0.0,0.0,0.0,30,77.5,79.0,50,86.0,85.0,85.0,85.0,10.0,8500.0,91
2023-05-10 21:40:17,c2311-C-2480,玉米2311购2480,85.0,0.0,0.0,0.0,20,77.5,79.0,60,86.0,85.0,85.0,85.0,10.0,8500.0,91
2023-05-10 21:40:20,c2311-C-2480,玉米2311购2480,85.0,0.0,0.0,0.0,30,77.5,79.0,50,86.0,85.0,85.0,85.0,10.0,8500.0,91
2023-05-10 21:40:27,c2311-C-2480,玉米2311购2480,85.0,0.0,0.0,0.0,20,77.5,79.0,60,86.0,85.0,85.0,85.0,10.0,8500.0,91
2023-05-10 21:40:27,c2311-C-2480,玉米2311购2480,85.0,0.0,0.0,0.0,20,77.5,79.0,50,86.0,85.0,85.0,85.0,10.0,8500.0,91
2023-05-10 21:40:27,c2311-C-2480,玉米2311购2480,85.0,0.0,0.0,0.0,20,77.5,79.0,60,86.0,85.0,85.0,85.0,10.0,8500.0,91
2023-05-10 21:40:42,c2311-C-2480,玉米2311购2480,85.0,0.0,0.0,0.0,30,77.5,79.0,50,86.0,85.0,85.0,85.0,10.0,8500.0,91
2023-05-10 21:40:44,c2311-C-2480,玉米2311购2480,85.0,0.0,0.0,0.0,20,77.5,79.0,60,86.0,85.0,85.0,85.0,10.0,8500.0,91
2023-05-10 21:40:45,c2311-C-2480,玉米2311购2480,85.0,0.0,0.0,0.0,30,77.5,79.0,50,86.0,85.0,85.0,85.0,10.0,8500.0,91
2023-05-10 21:40:47,c2311-C-2480,玉米2311购2480,85.0,0.0,0.0,0.0,40,77.5,79.0,30,86.0,85.0,85.0,85.0,10.0,8500.0,91
2023-05-10 21:40:47,c2311-C-2480,玉米2311购2480,85.0,0.0,0.0,0.0,40,77.5,79.0,20,86.0,85.0,85.0,85.0,10.0,8500.0,91
2023-05-10 21:40:49,c2311-C-2480,玉米2311购2480,85.0,0.0,0.0,0.0,40,77.5,79.0,30,86.0,85.0,85.0,85.0,10.0,8500.0,91
2023-05-10 21:40:50,c2311-C-2480,玉米2311购2480,85.0,0.0,0.0,0.0,40,77.5,79.0,20,86.0,85.0,85.0,85.0,10.0,8500.0,91
2023-05-10 21:40:58,c2311-C-2480,玉米2311购2480,85.0,0.0,0.0,0.0,40,77.5,79.0,30,86.0,85.0,85.0,85.0,10.0,8500.0,91
2023-05-10 21:41:43,c2311-C-2480,玉米2311购2480,85.0,0.0,0.0,0.0,40,77.5,79.0,20,86.0,85.0,85.0,85.0,10.0,8500.0,91
2023-05-10 21:41:45,c2311-C-2480,玉米2311购2480,85.0,0.0,0.0,0.0,40,77.5,79.0,10,86.0,85.0,85.0,85.0,10.0,8500.0,91
2023-05-10 21:41:47,c2311-C-2480,玉米2311购2480,85.0,0.0,0.0,0.0,30,77.5,79.0,10,86.0,85.0,85.0,85.0,10.0,8500.0,91
2023-05-10 21:41:49,c2311-C-2480,玉米2311购2480,85.0,0.0,0.0,0.0,40,77.5,79.0,10,86.0,85.0,85.0,85.0,10.0,8500.0,91
2023-05-10 21:41:51,c2311-C-2480,玉米2311购2480,85.0,0.0,0.0,0.0,40,77.5,79.0,20,86.0,85.0,85.0,85.0,10.0,8500.0,91
2023-05-10 21:41:56,c2311-C-2480,玉米2311购2480,85.0,0.0,0.0,0.0,20,77.5,79.0,50,86.0,85.0,85.0,85.0,10.0,8500.0,91
2023-05-10 21:41:58,c2311-C-2480,玉米2311购2480,85.0,0.0,0.0,0.0,30,77.5,79.0,40,86.0,85.0,85.0,85.0,10.0,8500.0,91
2023-05-10 21:42:07,c2311-C-2480,玉米2311购2480,85.0,0.0,0.0,0.0,40,77.5,79.0,40,86.0,85.0,85.0,85.0,10.0,8500.0,91
2023-05-10 21:42:09,c2311-C-2480,玉米2311购2480,85.0,0.0,0.0,0.0,40,77.5,79.0,30,86.0,85.0,85.0,85.0,10.0,8500.0,91
2023-05-10 21:42:09,c2311-C-2480,玉米2311购2480,85.0,0.0,0.0,0.0,50,77.5,79.0,10,86.0,85.0,85.0,85.0,10.0,8500.0,91
2023-05-10 21:42:10,c2311-C-2480,玉米2311购2480,85.0,0.0,0.0,0.0,50,77.5,79.5,80,86.0,85.0,85.0,85.0,10.0,8500.0,91
2023-05-10 21:42:11,c2311-C-2480,玉米2311购2480,85.0,0.0,0.0,0.0,40,77.5,79.5,80,86.0,85.0,85.0,85.0,10.0,8500.0,91
2023-05-10 21:42:15,c2311-C-2480,玉米2311购2480,85.0,0.0,0.0,0.0,30,77.5,79.5,70,86.0,85.0,85.0,85.0,10.0,8500.0,91
2023-05-10 21:42:16,c2311-C-2480,玉米2311购2480,85.0,0.0,0.0,0.0,30,77.5,79.5,60,86.0,85.0,85.0,85.0,10.0,8500.0,91
2023-05-10 21:42:34,c2311-C-2480,玉米2311购2480,85.0,0.0,0.0,0.0,30,77.5,79.0,10,86.0,85.0,85.0,85.0,10.0,8500.0,91
2023-05-10 21:42:35,c2311-C-2480,玉米2311购2480,85.0,0.0,0.0,0.0,40,77.5,79.0,20,86.0,85.0,85.0,85.0,10.0,8500.0,91
2023-05-10 21:42:36,c2311-C-2480,玉米2311购2480,85.0,0.0,0.0,0.0,40,77.5,79.0,30,86.0,85.0,85.0,85.0,10.0,8500.0,91
2023-05-10 21:42:43,c2311-C-2480,玉米2311购2480,85.0,0.0,0.0,0.0,40,77.5,79.0,40,86.0,85.0,85.0,85.0,10.0,8500.0,91
2023-05-10 21:42:53,c2311-C-2480,玉米2311购2480,85.0,0.0,0.0,0.0,40,77.5,78.5,10,86.0,85.0,85.0,85.0,10.0,8500.0,91
2023-05-10 21:42:54,c2311-C-2480,玉米2311购2480,85.0,0.0,0.0,0.0,30,77.5,78.5,10,86.0,85.0,85.0,85.0,10.0,8500.0,91
2023-05-10 21:42:56,c2311-C-2480,玉米2311购2480,85.0,0.0,0.0,0.0,20,77.5,78.5,20,86.0,85.0,85.0,85.0,10.0,8500.0,91
2023-05-10 21:42:58,c2311-C-2480,玉米2311购2480,85.0,0.0,0.0,0.0,30,77.5,78.5,20,86.0,85.0,85.0,85.0,10.0,8500.0,91
2023-05-10 21:43:02,c2311-C-2480,玉米2311购2480,85.0,0.0,0.0,0.0,20,77.5,78.5,20,86.0,85.0,85.0,85.0,10.0,8500.0,91
2023-05-10 21:43:07,c2311-C-2480,玉米2311购2480,85.0,0.0,0.0,0.0,30,77.5,78.5,20,86.0,85.0,85.0,85.0,10.0,8500.0,91
2023-05-10 21:43:24,c2311-C-2480,玉米2311购2480,85.0,0.0,0.0,0.0,20,77.5,78.5,20,86.0,85.0,85.0,85.0,10.0,8500.0,91
2023-05-10 21:43:36,c2311-C-2480,玉米2311购2480,85.0,0.0,0.0,0.0,20,77.5,78.5,10,86.0,85.0,85.0,85.0,10.0,8500.0,91
2023-05-10 21:44:06,c2311-C-2480,玉米2311购2480,85.0,0.0,0.0,0.0,30,77.5,78.5,10,86.0,85.0,85.0,85.0,10.0,8500.0,91
2023-05-10 21:44:07,c2311-C-2480,玉米2311购2480,85.0,0.0,0.0,0.0,20,77.5,78.5,10,86.0,85.0,85.0,85.0,10.0,8500.0,91
2023-05-10 21:44:13,c2311-C-2480,玉米2311购2480,85.0,0.0,0.0,0.0,20,77.5,79.0,70,86.0,85.0,85.0,85.0,10.0,8500.0,91
2023-05-10 21:45:00,c2311-C-2480,玉米2311购2480,85.0,0.0,0.0,0.0,20,77.5,79.0,60,86.0,85.0,85.0,85.0,10.0,8500.0,91
2023-05-10 21:45:00,c2311-C-2480,玉米2311购2480,85.0,0.0,0.0,0.0,50,77.5,79.0,10,86.0,85.0,85.0,85.0,10.0,8500.0,91
2023-05-10 21:45:01,c2311-C-2480,玉米2311购2480,85.0,0.0,0.0,0.0,40,77.5,79.0,20,86.0,85.0,85.0,85.0,10.0,8500.0,91
2023-05-10 21:45:05,c2311-C-2480,玉米2311购2480,85.0,0.0,0.0,0.0,30,77.5,79.0,20,86.0,85.0,85.0,85.0,10.0,8500.0,91
2023-05-10 21:45:09,c2311-C-2480,玉米2311购2480,85.0,0.0,0.0,0.0,30,77.5,79.0,30,86.0,85.0,85.0,85.0,10.0,8500.0,91
2023-05-10 21:45:10,c2311-C-2480,玉米2311购2480,85.0,0.0,0.0,0.0,30,77.5,79.0,20,86.0,85.0,85.0,85.0,10.0,8500.0,91
2023-05-10 21:45:28,c2311-C-2480,玉米2311购2480,85.0,0.0,0.0,0.0,30,77.5,79.0,30,86.0,85.0,85.0,85.0,10.0,8500.0,91
2023-05-10 21:45:35,c2311-C-2480,玉米2311购2480,85.0,0.0,0.0,0.0,40,77.5,79.0,20,86.0,85.0,85.0,85.0,10.0,8500.0,91
2023-05-10 21:45:42,c2311-C-2480,玉米2311购2480,85.0,0.0,0.0,0.0,40,77.5,79.0,10,86.0,85.0,85.0,85.0,10.0,8500.0,91
2023-05-10 21:45:44,c2311-C-2480,玉米2311购2480,85.0,0.0,0.0,0.0,40,77.5,79.0,20,86.0,85.0,85.0,85.0,10.0,8500.0,91
2023-05-10 21:45:57,c2311-C-2480,玉米2311购2480,85.0,0.0,0.0,0.0,30,78.0,79.5,10,86.0,85.0,85.0,85.0,10.0,8500.0,91
2023-05-10 21:45:57,c2311-C-2480,玉米2311购2480,85.0,0.0,0.0,0.0,30,78.0,79.5,20,86.0,85.0,85.0,85.0,10.0,8500.0,91
2023-05-10 21:45:59,c2311-C-2480,玉米2311购2480,85.0,0.0,0.0,0.0,30,78.0,79.5,10,86.0,85.0,85.0,85.0,10.0,8500.0,91
2023-05-10 21:46:02,c2311-C-2480,玉米2311购2480,85.0,0.0,0.0,0.0,30,78.0,79.5,20,86.0,85.0,85.0,85.0,10.0,8500.0,91
2023-05-10 21:46:13,c2311-C-2480,玉米2311购2480,85.0,0.0,0.0,0.0,20,78.0,79.5,30,86.0,85.0,85.0,85.0,10.0,8500.0,91
2023-05-10 21:46:14,c2311-C-2480,玉米2311购2480,85.0,0.0,0.0,0.0,30,78.0,79.5,20,86.0,85.0,85.0,85.0,10.0,8500.0,91
2023-05-10 21:46:17,c2311-C-2480,玉米2311购2480,85.0,0.0,0.0,0.0,20,78.0,79.5,20,86.0,85.0,85.0,85.0,10.0,8500.0,91
2023-05-10 21:46:19,c2311-C-2480,玉米2311购2480,85.0,0.0,0.0,0.0,20,78.0,79.5,30,86.0,85.0,85.0,85.0,10.0,8500.0,91
2023-05-10 21:47:01,c2311-C-2480,玉米2311购2480,85.0,0.0,0.0,0.0,30,78.0,79.5,20,86.0,85.0,85.0,85.0,10.0,8500.0,91
2023-05-10 21:47:02,c2311-C-2480,玉米2311购2480,85.0,0.0,0.0,0.0,20,78.0,79.5,20,86.0,85.0,85.0,85.0,10.0,8500.0,91
2023-05-10 21:47:02,c2311-C-2480,玉米2311购2480,85.0,0.0,0.0,0.0,30,78.0,79.5,20,86.0,85.0,85.0,85.0,10.0,8500.0,91
2023-05-10 21:47:37,c2311-C-2480,玉米2311购2480,85.0,0.0,0.0,0.0,30,78.0,79.5,10,86.0,85.0,85.0,85.0,10.0,8500.0,91
2023-05-10 21:47:38,c2311-C-2480,玉米2311购2480,85.0,0.0,0.0,0.0,30,78.5,80.0,30,86.0,85.0,85.0,85.0,10.0,8500.0,91
2023-05-10 21:47:38,c2311-C-2480,玉米2311购2480,85.0,0.0,0.0,0.0,40,78.5,80.0,40,86.0,85.0,85.0,85.0,10.0,8500.0,91
2023-05-10 21:47:40,c2311-C-2480,玉米2311购2480,85.0,0.0,0.0,0.0,40,78.5,80.0,30,86.0,85.0,85.0,85.0,10.0,8500.0,91
2023-05-10 21:47:44,c2311-C-2480,玉米2311购2480,85.0,0.0,0.0,0.0,30,78.5,80.0,30,86.0,85.0,85.0,85.0,10.0,8500.0,91
2023-05-10 21:47:56,c2311-C-2480,玉米2311购2480,85.0,0.0,0.0,0.0,40,78.5,80.0,30,86.0,85.0,85.0,85.0,10.0,8500.0,91
2023-05-10 21:49:39,c2311-C-2480,玉米2311购2480,85.0,0.0,0.0,0.0,10,79.0,80.0,20,86.0,85.0,85.0,85.0,10.0,8500.0,91
2023-05-10 21:49:40,c2311-C-2480,玉米2311购2480,85.0,0.0,0.0,0.0,30,79.0,80.0,20,86.0,85.0,85.0,85.0,10.0,8500.0,91
2023-05-10 21:49:40,c2311-C-2480,玉米2311购2480,85.0,0.0,0.0,0.0,40,79.0,80.5,20,86.0,85.0,85.0,85.0,10.0,8500.0,91
2023-05-10 21:49:45,c2311-C-2480,玉米2311购2480,85.0,0.0,0.0,0.0,30,79.0,80.5,20,86.0,85.0,85.0,85.0,10.0,8500.0,91
2023-05-10 21:49:51,c2311-C-2480,玉米2311购2480,85.0,0.0,0.0,0.0,20,79.5,80.5,20,86.0,85.0,85.0,85.0,10.0,8500.0,91
2023-05-10 21:49:52,c2311-C-2480,玉米2311购2480,85.0,0.0,0.0,0.0,30,79.5,80.5,20,86.0,85.0,85.0,85.0,10.0,8500.0,91
2023-05-10 21:49:52,c2311-C-2480,玉米2311购2480,85.0,0.0,0.0,0.0,30,79.5,81.0,10,86.0,85.0,85.0,85.0,10.0,8500.0,91
2023-05-10 21:49:58,c2311-C-2480,玉米2311购2480,85.0,0.0,0.0,0.0,20,79.5,81.0,20,86.0,85.0,85.0,85.0,10.0,8500.0,91
2023-05-10 21:49:59,c2311-C-2480,玉米2311购2480,85.0,0.0,0.0,0.0,30,79.5,81.0,10,86.0,85.0,85.0,85.0,10.0,8500.0,91
2023-05-10 21:50:02,c2311-C-2480,玉米2311购2480,85.0,0.0,0.0,0.0,10,79.5,81.0,40,86.0,85.0,85.0,85.0,10.0,8500.0,91
2023-05-10 21:50:05,c2311-C-2480,玉米2311购2480,85.0,0.0,0.0,0.0,20,79.5,81.0,60,86.0,85.0,85.0,85.0,10.0,8500.0,91
2023-05-10 21:50:19,c2311-C-2480,玉米2311购2480,85.0,0.0,0.0,0.0,10,79.5,80.5,10,86.0,85.0,85.0,85.0,10.0,8500.0,91
2023-05-10 21:50:20,c2311-C-2480,玉米2311购2480,85.0,0.0,0.0,0.0,10,79.5,80.5,30,86.0,85.0,85.0,85.0,10.0,8500.0,91
2023-05-10 21:50:49,c2311-C-2480,玉米2311购2480,85.0,0.0,0.0,0.0,10,79.5,80.5,40,86.0,85.0,85.0,85.0,10.0,8500.0,91
2023-05-10 21:50:53,c2311-C-2480,玉米2311购2480,85.0,0.0,0.0,0.0,10,79.5,80.5,30,86.0,85.0,85.0,85.0,10.0,8500.0,91
2023-05-10 21:50:54,c2311-C-2480,玉米2311购2480,85.0,0.0,0.0,0.0,10,79.5,80.5,40,86.0,85.0,85.0,85.0,10.0,8500.0,91
2023-05-10 21:50:55,c2311-C-2480,玉米2311购2480,85.0,0.0,0.0,0.0,10,79.5,80.5,30,86.0,85.0,85.0,85.0,10.0,8500.0,91
2023-05-10 21:51:30,c2311-C-2480,玉米2311购2480,85.0,0.0,0.0,0.0,20,79.5,80.5,40,86.0,85.0,85.0,85.0,10.0,8500.0,91
2023-05-10 21:51:36,c2311-C-2480,玉米2311购2480,85.0,0.0,0.0,0.0,20,79.5,80.5,30,86.0,85.0,85.0,85.0,10.0,8500.0,91
2023-05-10 21:51:52,c2311-C-2480,玉米2311购2480,85.0,0.0,0.0,0.0,10,79.5,80.5,30,86.0,85.0,85.0,85.0,10.0,8500.0,91
2023-05-10 21:51:56,c2311-C-2480,玉米2311购2480,85.0,0.0,0.0,0.0,20,79.5,80.5,30,86.0,85.0,85.0,85.0,10.0,8500.0,91
2023-05-10 21:52:12,c2311-C-2480,玉米2311购2480,85.0,0.0,0.0,0.0,20,79.5,80.5,40,86.0,85.0,85.0,85.0,10.0,8500.0,91
2023-05-10 21:52:33,c2311-C-2480,玉米2311购2480,85.0,0.0,0.0,0.0,20,79.5,80.5,30,86.0,85.0,85.0,85.0,10.0,8500.0,91
2023-05-10 21:53:03,c2311-C-2480,玉米2311购2480,85.0,0.0,0.0,0.0,20,79.5,80.5,40,86.0,85.0,85.0,85.0,10.0,8500.0,91
2023-05-10 21:54:18,c2311-C-2480,玉米2311购2480,85.0,0.0,0.0,0.0,20,79.5,80.5,30,86.0,85.0,85.0,85.0,10.0,8500.0,91
2023-05-10 21:55:00,c2311-C-2480,玉米2311购2480,85.0,0.0,0.0,0.0,20,79.5,80.5,40,86.0,85.0,85.0,85.0,10.0,8500.0,91
2023-05-10 21:55:01,c2311-C-2480,玉米2311购2480,85.0,0.0,0.0,0.0,20,79.5,80.5,30,86.0,85.0,85.0,85.0,10.0,8500.0,91
2023-05-10 21:55:53,c2311-C-2480,玉米2311购2480,85.0,0.0,0.0,0.0,20,79.5,81.0,70,86.0,85.0,85.0,85.0,10.0,8500.0,91
2023-05-10 21:55:59,c2311-C-2480,玉米2311购2480,85.0,0.0,0.0,0.0,30,79.5,81.0,60,86.0,85.0,85.0,85.0,10.0,8500.0,91
2023-05-10 21:55:59,c2311-C-2480,玉米2311购2480,85.0,0.0,0.0,0.0,30,79.5,81.0,70,86.0,85.0,85.0,85.0,10.0,8500.0,91
2023-05-10 21:56:04,c2311-C-2480,玉米2311购2480,85.0,0.0,0.0,0.0,30,79.5,81.0,60,86.0,85.0,85.0,85.0,10.0,8500.0,91
2023-05-10 21:57:39,c2311-C-2480,玉米2311购2480,85.0,0.0,0.0,0.0,40,79.5,81.0,50,86.0,85.0,85.0,85.0,10.0,8500.0,91
2023-05-10 21:58:09,c2311-C-2480,玉米2311购2480,85.0,0.0,0.0,0.0,30,79.5,81.0,60,86.0,85.0,85.0,85.0,10.0,8500.0,91
2023-05-10 21:58:11,c2311-C-2480,玉米2311购2480,85.0,0.0,0.0,0.0,40,79.5,81.0,50,86.0,85.0,85.0,85.0,10.0,8500.0,91
