time,symbol_id,symbol_name,last,trade_volume,trade_amount,open_interest_change,bv1,bp1,ap1,av1,yesterday_close,today_open,today_high,today_low,volume,amount,open_interest
2023-05-10 20:55:03,c2311-C-3200,c2311-C-3200,0.5,0.0,0.0,0.0,100,1.0,2.0,33,0.5,1.0,0.0,0.0,0.0,0.0,169
2023-05-10 21:00:10,c2311-C-3200,c2311-C-3200,0.5,0.0,0.0,0.0,100,1.0,2.0,34,0.5,1.0,0.0,0.0,0.0,0.0,169
2023-05-10 21:14:02,c2311-C-3200,c2311-C-3200,1.0,10.0,100.0,10.0,90,1.0,2.0,34,0.5,1.0,1.0,1.0,10.0,100.0,179
2023-05-10 21:14:03,c2311-C-3200,c2311-C-3200,1.0,10.0,100.0,10.0,111,1.0,2.0,34,0.5,1.0,1.0,1.0,20.0,200.0,189
2023-05-10 21:14:03,c2311-C-3200,c2311-C-3200,1.0,10.0,100.0,10.0,101,1.0,2.0,34,0.5,1.0,1.0,1.0,30.0,300.0,199
2023-05-10 21:14:04,c2311-C-3200,c2311-C-3200,1.0,10.0,100.0,10.0,91,1.0,2.0,34,0.5,1.0,1.0,1.0,40.0,400.0,209
2023-05-10 21:14:04,c2311-C-3200,c2311-C-3200,1.0,10.0,100.0,10.0,50,1.0,2.0,34,0.5,1.0,1.0,1.0,50.0,500.0,219
2023-05-10 21:14:05,c2311-C-3200,c2311-C-3200,1.0,10.0,100.0,10.0,40,1.0,2.0,34,0.5,1.0,1.0,1.0,60.0,600.0,229
2023-05-10 21:14:05,c2311-C-3200,c2311-C-3200,1.0,10.0,100.0,10.0,30,1.0,2.0,34,0.5,1.0,1.0,1.0,70.0,700.0,239
2023-05-10 21:14:06,c2311-C-3200,c2311-C-3200,1.0,10.0,100.0,10.0,20,1.0,2.0,34,0.5,1.0,1.0,1.0,80.0,800.0,249
2023-05-10 21:14:06,c2311-C-3200,c2311-C-3200,1.0,10.0,100.0,10.0,10,1.0,2.0,34,0.5,1.0,1.0,1.0,90.0,900.0,259
2023-05-10 21:14:07,c2311-C-3200,c2311-C-3200,1.0,6.0,60.0,6.0,4,1.0,2.0,34,0.5,1.0,1.0,1.0,96.0,960.0,265
2023-05-10 21:14:07,c2311-C-3200,c2311-C-3200,1.0,1.0,10.0,1.0,3,1.0,2.0,34,0.5,1.0,1.0,1.0,97.0,970.0,266
2023-05-10 21:14:17,c2311-C-3200,c2311-C-3200,1.0,0.0,0.0,0.0,3,1.0,2.0,84,0.5,1.0,1.0,1.0,97.0,970.0,266
2023-05-10 21:15:23,c2311-C-3200,c2311-C-3200,1.0,1.0,10.0,1.0,2,1.0,2.0,84,0.5,1.0,1.0,1.0,98.0,980.0,267
2023-05-10 21:16:37,c2311-C-3200,c2311-C-3200,1.0,1.0,10.0,1.0,1,1.0,2.0,84,0.5,1.0,1.0,1.0,99.0,990.0,268
2023-05-10 21:17:48,c2311-C-3200,c2311-C-3200,1.0,0.0,0.0,0.0,1,1.0,2.0,133,0.5,1.0,1.0,1.0,99.0,990.0,268
2023-05-10 21:19:56,c2311-C-3200,c2311-C-3200,1.0,0.0,0.0,0.0,1,1.0,1.5,50,0.5,1.0,1.0,1.0,99.0,990.0,268
2023-05-10 21:27:06,c2311-C-3200,c2311-C-3200,1.0,0.0,0.0,0.0,1,1.0,1.5,60,0.5,1.0,1.0,1.0,99.0,990.0,268
2023-05-10 21:39:01,c2311-C-3200,c2311-C-3200,1.0,0.0,0.0,0.0,1,1.0,1.5,61,0.5,1.0,1.0,1.0,99.0,990.0,268
2023-05-10 22:56:30,c2311-C-3200,c2311-C-3200,1.0,0.0,0.0,0.0,1,1.0,1.5,60,0.5,1.0,1.0,1.0,99.0,990.0,268
2023-05-10 22:58:59,c2311-C-3200,c2311-C-3200,1.0,0.0,0.0,0.0,1,1.0,1.5,50,0.5,1.0,1.0,1.0,99.0,990.0,268
2023-05-11 09:03:03,c2311-C-3200,c2311-C-3200,1.0,0.0,0.0,0.0,1,1.0,1.5,51,0.5,1.0,1.0,1.0,99.0,990.0,268
2023-05-11 09:03:40,c2311-C-3200,c2311-C-3200,1.0,0.0,0.0,0.0,1,1.0,1.5,61,0.5,1.0,1.0,1.0,99.0,990.0,268
2023-05-11 09:17:00,c2311-C-3200,c2311-C-3200,1.0,1.0,10.0,1.0,140,0.5,1.5,61,0.5,1.0,1.0,1.0,100.0,1000.0,269
2023-05-11 10:14:29,c2311-C-3200,c2311-C-3200,1.0,0.0,0.0,0.0,130,0.5,1.5,51,0.5,1.0,1.0,1.0,100.0,1000.0,269
2023-05-11 10:30:28,c2311-C-3200,c2311-C-3200,1.5,15.0,225.0,-15.0,130,0.5,1.5,66,0.5,1.0,1.5,1.0,115.0,1225.0,254
2023-05-11 10:31:41,c2311-C-3200,c2311-C-3200,1.5,0.0,0.0,0.0,140,0.5,1.5,76,0.5,1.0,1.5,1.0,115.0,1225.0,254
2023-05-11 11:29:24,c2311-C-3200,c2311-C-3200,1.5,0.0,0.0,0.0,140,0.5,1.5,46,0.5,1.0,1.5,1.0,115.0,1225.0,254
2023-05-11 11:29:29,c2311-C-3200,c2311-C-3200,1.5,0.0,0.0,0.0,130,0.5,1.5,36,0.5,1.0,1.5,1.0,115.0,1225.0,254
2023-05-11 13:30:00,c2311-C-3200,c2311-C-3200,1.5,0.0,0.0,0.0,50,1.0,1.5,36,0.5,1.0,1.5,1.0,115.0,1225.0,254
2023-05-11 13:32:44,c2311-C-3200,c2311-C-3200,1.5,0.0,0.0,0.0,50,1.0,1.5,46,0.5,1.0,1.5,1.0,115.0,1225.0,254
2023-05-11 13:33:26,c2311-C-3200,c2311-C-3200,1.5,26.0,390.0,-26.0,50,1.0,1.5,20,0.5,1.0,1.5,1.0,141.0,1615.0,228
2023-05-11 13:34:20,c2311-C-3200,c2311-C-3200,1.5,15.0,225.0,5.0,60,1.0,1.5,10,0.5,1.0,1.5,1.0,156.0,1840.0,233
2023-05-11 13:34:22,c2311-C-3200,c2311-C-3200,1.5,0.0,0.0,0.0,60,1.0,1.5,11,0.5,1.0,1.5,1.0,156.0,1840.0,233
2023-05-11 13:37:02,c2311-C-3200,c2311-C-3200,1.5,0.0,0.0,0.0,50,1.0,1.5,11,0.5,1.0,1.5,1.0,156.0,1840.0,233
2023-05-11 13:37:04,c2311-C-3200,c2311-C-3200,1.5,0.0,0.0,0.0,60,1.0,1.5,11,0.5,1.0,1.5,1.0,156.0,1840.0,233
2023-05-11 13:37:28,c2311-C-3200,c2311-C-3200,1.5,0.0,0.0,0.0,50,1.0,1.5,11,0.5,1.0,1.5,1.0,156.0,1840.0,233
2023-05-11 13:38:14,c2311-C-3200,c2311-C-3200,1.5,0.0,0.0,0.0,50,1.0,1.5,44,0.5,1.0,1.5,1.0,156.0,1840.0,233
2023-05-11 13:43:53,c2311-C-3200,c2311-C-3200,1.5,15.0,225.0,10.0,60,1.0,1.5,39,0.5,1.0,1.5,1.0,171.0,2065.0,243
2023-05-11 13:43:54,c2311-C-3200,c2311-C-3200,1.5,0.0,0.0,0.0,60,1.0,1.5,40,0.5,1.0,1.5,1.0,171.0,2065.0,243
2023-05-11 13:59:48,c2311-C-3200,c2311-C-3200,1.0,16.0,160.0,0.0,44,1.0,1.5,40,0.5,1.0,1.5,1.0,187.0,2225.0,243
2023-05-11 14:03:44,c2311-C-3200,c2311-C-3200,1.0,0.0,0.0,0.0,44,1.0,1.5,56,0.5,1.0,1.5,1.0,187.0,2225.0,243
2023-05-11 14:04:26,c2311-C-3200,c2311-C-3200,1.0,15.0,150.0,15.0,29,1.0,1.5,56,0.5,1.0,1.5,1.0,202.0,2375.0,258
2023-05-11 14:06:15,c2311-C-3200,c2311-C-3200,1.0,0.0,0.0,0.0,79,1.0,1.5,56,0.5,1.0,1.5,1.0,202.0,2375.0,258
2023-05-11 14:09:35,c2311-C-3200,c2311-C-3200,1.0,15.0,150.0,15.0,64,1.0,1.5,56,0.5,1.0,1.5,1.0,217.0,2525.0,273
2023-05-11 14:16:13,c2311-C-3200,c2311-C-3200,1.0,0.0,0.0,0.0,54,1.0,1.5,46,0.5,1.0,1.5,1.0,217.0,2525.0,273
2023-05-11 14:16:40,c2311-C-3200,c2311-C-3200,1.0,0.0,0.0,0.0,54,1.0,1.5,76,0.5,1.0,1.5,1.0,217.0,2525.0,273
2023-05-11 14:17:21,c2311-C-3200,c2311-C-3200,1.0,0.0,0.0,0.0,64,1.0,1.5,86,0.5,1.0,1.5,1.0,217.0,2525.0,273
2023-05-11 14:48:50,c2311-C-3200,c2311-C-3200,1.0,0.0,0.0,0.0,67,1.0,1.5,86,0.5,1.0,1.5,1.0,217.0,2525.0,273
2023-05-11 14:48:52,c2311-C-3200,c2311-C-3200,1.0,0.0,0.0,0.0,70,1.0,1.5,86,0.5,1.0,1.5,1.0,217.0,2525.0,273
2023-05-11 14:48:55,c2311-C-3200,c2311-C-3200,1.0,0.0,0.0,0.0,75,1.0,1.5,86,0.5,1.0,1.5,1.0,217.0,2525.0,273
2023-05-11 14:48:56,c2311-C-3200,c2311-C-3200,1.0,0.0,0.0,0.0,80,1.0,1.5,86,0.5,1.0,1.5,1.0,217.0,2525.0,273
2023-05-11 14:58:59,c2311-C-3200,c2311-C-3200,1.0,0.0,0.0,0.0,70,1.0,1.5,76,0.5,1.0,1.5,1.0,217.0,2525.0,273
2023-05-11 15:01:10,c2311-C-3200,c2311-C-3200,1.0,0.0,0.0,0.0,70,1.0,1.5,76,0.5,1.0,1.5,1.0,217.0,2525.0,273
2023-05-11 15:09:48,c2311-C-3200,c2311-C-3200,1.0,14.0,70.0,-14.0,70,1.0,1.5,76,0.5,1.0,1.5,1.0,231.0,2595.0,259
