time,symbol_id,symbol_name,last,trade_volume,trade_amount,open_interest_change,bv1,bp1,ap1,av1,yesterday_close,today_open,today_high,today_low,volume,amount,open_interest
2023-05-10 20:55:34,c2311-C-2660,c2311-C-2660,26.5,0.0,0.0,0.0,1,0.5,0.0,0,26.5,23.5,0.0,0.0,0.0,0.0,222
2023-05-10 21:00:00,c2311-C-2660,c2311-C-2660,26.5,0.0,0.0,0.0,10,3.5,0.0,0,26.5,23.5,0.0,0.0,0.0,0.0,222
2023-05-10 21:00:07,c2311-C-2660,c2311-C-2660,26.5,0.0,0.0,0.0,10,4.0,73.0,10,26.5,23.5,0.0,0.0,0.0,0.0,222
2023-05-10 21:00:07,c2311-C-2660,c2311-C-2660,26.5,0.0,0.0,0.0,10,7.0,67.0,10,26.5,23.5,0.0,0.0,0.0,0.0,222
2023-05-10 21:00:08,c2311-C-2660,c2311-C-2660,26.5,0.0,0.0,0.0,1,19.5,51.5,10,26.5,23.5,0.0,0.0,0.0,0.0,222
2023-05-10 21:00:08,c2311-C-2660,c2311-C-2660,26.5,0.0,0.0,0.0,10,20.0,48.0,10,26.5,23.5,0.0,0.0,0.0,0.0,222
2023-05-10 21:00:09,c2311-C-2660,c2311-C-2660,26.5,0.0,0.0,0.0,1,22.5,34.5,10,26.5,23.5,0.0,0.0,0.0,0.0,222
2023-05-10 21:00:09,c2311-C-2660,c2311-C-2660,26.5,0.0,0.0,0.0,10,23.0,34.0,10,26.5,23.5,0.0,0.0,0.0,0.0,222
2023-05-10 21:00:10,c2311-C-2660,c2311-C-2660,26.5,0.0,0.0,0.0,10,23.0,31.0,1,26.5,23.5,0.0,0.0,0.0,0.0,222
2023-05-10 21:00:10,c2311-C-2660,c2311-C-2660,26.5,0.0,0.0,0.0,10,23.0,31.0,11,26.5,23.5,0.0,0.0,0.0,0.0,222
2023-05-10 21:00:22,c2311-C-2660,c2311-C-2660,26.5,0.0,0.0,0.0,1,22.5,31.0,11,26.5,23.5,0.0,0.0,0.0,0.0,222
2023-05-10 21:00:22,c2311-C-2660,c2311-C-2660,26.5,0.0,0.0,0.0,11,22.5,31.0,11,26.5,23.5,0.0,0.0,0.0,0.0,222
2023-05-10 21:00:38,c2311-C-2660,c2311-C-2660,26.5,0.0,0.0,0.0,36,22.5,31.0,36,26.5,23.5,0.0,0.0,0.0,0.0,222
2023-05-10 21:00:40,c2311-C-2660,c2311-C-2660,26.5,0.0,0.0,0.0,11,22.5,31.0,11,26.5,23.5,0.0,0.0,0.0,0.0,222
2023-05-10 21:00:46,c2311-C-2660,c2311-C-2660,26.5,0.0,0.0,0.0,10,24.5,26.5,10,26.5,23.5,0.0,0.0,0.0,0.0,222
2023-05-10 21:00:46,c2311-C-2660,c2311-C-2660,26.5,0.0,0.0,0.0,35,24.5,26.5,35,26.5,23.5,0.0,0.0,0.0,0.0,222
2023-05-10 21:00:49,c2311-C-2660,c2311-C-2660,26.5,0.0,0.0,0.0,10,24.5,26.5,10,26.5,23.5,0.0,0.0,0.0,0.0,222
2023-05-10 21:01:00,c2311-C-2660,c2311-C-2660,26.5,0.0,0.0,0.0,10,24.5,26.0,10,26.5,23.5,0.0,0.0,0.0,0.0,222
2023-05-10 21:01:04,c2311-C-2660,c2311-C-2660,26.5,0.0,0.0,0.0,35,24.5,26.0,35,26.5,23.5,0.0,0.0,0.0,0.0,222
2023-05-10 21:01:10,c2311-C-2660,c2311-C-2660,26.5,0.0,0.0,0.0,25,24.5,26.0,35,26.5,23.5,0.0,0.0,0.0,0.0,222
2023-05-10 21:01:10,c2311-C-2660,c2311-C-2660,26.5,0.0,0.0,0.0,35,24.0,26.0,35,26.5,23.5,0.0,0.0,0.0,0.0,222
2023-05-10 21:01:13,c2311-C-2660,c2311-C-2660,26.5,0.0,0.0,0.0,35,24.0,25.5,10,26.5,23.5,0.0,0.0,0.0,0.0,222
2023-05-10 21:01:30,c2311-C-2660,c2311-C-2660,26.5,0.0,0.0,0.0,10,23.5,25.0,10,26.5,23.5,0.0,0.0,0.0,0.0,222
2023-05-10 21:01:30,c2311-C-2660,c2311-C-2660,26.5,0.0,0.0,0.0,35,23.5,25.0,35,26.5,23.5,0.0,0.0,0.0,0.0,222
2023-05-10 21:01:34,c2311-C-2660,c2311-C-2660,26.5,0.0,0.0,0.0,10,24.0,25.5,10,26.5,23.5,0.0,0.0,0.0,0.0,222
2023-05-10 21:01:34,c2311-C-2660,c2311-C-2660,26.5,0.0,0.0,0.0,35,24.0,25.5,35,26.5,23.5,0.0,0.0,0.0,0.0,222
2023-05-10 21:01:41,c2311-C-2660,c2311-C-2660,26.5,0.0,0.0,0.0,35,24.0,25.5,25,26.5,23.5,0.0,0.0,0.0,0.0,222
2023-05-10 21:01:42,c2311-C-2660,c2311-C-2660,26.5,0.0,0.0,0.0,35,24.0,26.0,35,26.5,23.5,0.0,0.0,0.0,0.0,222
2023-05-10 21:01:42,c2311-C-2660,c2311-C-2660,26.5,0.0,0.0,0.0,35,24.0,25.5,10,26.5,23.5,0.0,0.0,0.0,0.0,222
2023-05-10 21:01:51,c2311-C-2660,c2311-C-2660,26.5,0.0,0.0,0.0,10,24.5,26.0,35,26.5,23.5,0.0,0.0,0.0,0.0,222
2023-05-10 21:02:05,c2311-C-2660,c2311-C-2660,26.5,0.0,0.0,0.0,35,24.0,26.0,35,26.5,23.5,0.0,0.0,0.0,0.0,222
2023-05-10 21:02:06,c2311-C-2660,c2311-C-2660,26.5,0.0,0.0,0.0,1,22.5,31.0,1,26.5,23.5,0.0,0.0,0.0,0.0,222
2023-05-10 21:02:06,c2311-C-2660,c2311-C-2660,26.5,0.0,0.0,0.0,36,22.5,30.5,10,26.5,23.5,0.0,0.0,0.0,0.0,222
2023-05-10 21:02:09,c2311-C-2660,c2311-C-2660,26.5,0.0,0.0,0.0,1,22.5,30.5,10,26.5,23.5,0.0,0.0,0.0,0.0,222
2023-05-10 21:02:16,c2311-C-2660,c2311-C-2660,26.5,0.0,0.0,0.0,1,22.5,28.5,1,26.5,23.5,0.0,0.0,0.0,0.0,222
2023-05-10 21:02:16,c2311-C-2660,c2311-C-2660,26.5,0.0,0.0,0.0,1,22.5,28.0,10,26.5,23.5,0.0,0.0,0.0,0.0,222
2023-05-10 21:02:35,c2311-C-2660,c2311-C-2660,26.5,0.0,0.0,0.0,10,23.5,25.0,10,26.5,23.5,0.0,0.0,0.0,0.0,222
2023-05-10 21:02:39,c2311-C-2660,c2311-C-2660,26.5,0.0,0.0,0.0,35,23.5,25.0,35,26.5,23.5,0.0,0.0,0.0,0.0,222
2023-05-10 21:02:43,c2311-C-2660,c2311-C-2660,26.5,0.0,0.0,0.0,25,23.5,25.0,35,26.5,23.5,0.0,0.0,0.0,0.0,222
2023-05-10 21:02:43,c2311-C-2660,c2311-C-2660,26.5,0.0,0.0,0.0,45,23.0,24.5,35,26.5,23.5,0.0,0.0,0.0,0.0,222
2023-05-10 21:03:21,c2311-C-2660,c2311-C-2660,26.5,0.0,0.0,0.0,35,23.5,24.5,25,26.5,23.5,0.0,0.0,0.0,0.0,222
2023-05-10 21:03:21,c2311-C-2660,c2311-C-2660,26.5,0.0,0.0,0.0,35,23.5,25.0,35,26.5,23.5,0.0,0.0,0.0,0.0,222
2023-05-10 21:03:24,c2311-C-2660,c2311-C-2660,26.5,0.0,0.0,0.0,45,23.5,25.0,45,26.5,23.5,0.0,0.0,0.0,0.0,222
2023-05-10 21:03:38,c2311-C-2660,c2311-C-2660,26.5,0.0,0.0,0.0,35,23.5,25.0,45,26.5,23.5,0.0,0.0,0.0,0.0,222
2023-05-10 21:03:40,c2311-C-2660,c2311-C-2660,26.5,0.0,0.0,0.0,45,23.5,25.0,55,26.5,23.5,0.0,0.0,0.0,0.0,222
2023-05-10 21:03:44,c2311-C-2660,c2311-C-2660,26.5,0.0,0.0,0.0,45,23.5,24.5,10,26.5,23.5,0.0,0.0,0.0,0.0,222
2023-05-10 21:03:44,c2311-C-2660,c2311-C-2660,26.5,0.0,0.0,0.0,45,23.5,24.5,20,26.5,23.5,0.0,0.0,0.0,0.0,222
2023-05-10 21:04:08,c2311-C-2660,c2311-C-2660,26.5,0.0,0.0,0.0,45,23.5,24.5,30,26.5,23.5,0.0,0.0,0.0,0.0,222
2023-05-10 21:04:09,c2311-C-2660,c2311-C-2660,26.5,0.0,0.0,0.0,45,23.5,24.5,20,26.5,23.5,0.0,0.0,0.0,0.0,222
2023-05-10 21:04:18,c2311-C-2660,c2311-C-2660,26.5,0.0,0.0,0.0,45,23.5,24.5,10,26.5,23.5,0.0,0.0,0.0,0.0,222
2023-05-10 21:04:18,c2311-C-2660,c2311-C-2660,26.5,0.0,0.0,0.0,45,23.5,25.0,55,26.5,23.5,0.0,0.0,0.0,0.0,222
2023-05-10 21:04:25,c2311-C-2660,c2311-C-2660,26.5,0.0,0.0,0.0,45,23.5,24.5,10,26.5,23.5,0.0,0.0,0.0,0.0,222
2023-05-10 21:04:26,c2311-C-2660,c2311-C-2660,26.5,0.0,0.0,0.0,45,23.5,25.0,55,26.5,23.5,0.0,0.0,0.0,0.0,222
2023-05-10 21:04:32,c2311-C-2660,c2311-C-2660,26.5,0.0,0.0,0.0,45,23.5,24.5,20,26.5,23.5,0.0,0.0,0.0,0.0,222
2023-05-10 21:04:49,c2311-C-2660,c2311-C-2660,26.5,0.0,0.0,0.0,35,23.5,24.5,20,26.5,23.5,0.0,0.0,0.0,0.0,222
2023-05-10 21:04:52,c2311-C-2660,c2311-C-2660,26.5,0.0,0.0,0.0,45,23.5,24.5,20,26.5,23.5,0.0,0.0,0.0,0.0,222
2023-05-10 21:05:02,c2311-C-2660,c2311-C-2660,26.5,0.0,0.0,0.0,55,23.5,24.5,20,26.5,23.5,0.0,0.0,0.0,0.0,222
2023-05-10 21:05:04,c2311-C-2660,c2311-C-2660,26.5,0.0,0.0,0.0,45,23.5,24.5,20,26.5,23.5,0.0,0.0,0.0,0.0,222
2023-05-10 21:05:17,c2311-C-2660,c2311-C-2660,26.5,0.0,0.0,0.0,45,23.5,24.5,30,26.5,23.5,0.0,0.0,0.0,0.0,222
2023-05-10 21:05:18,c2311-C-2660,c2311-C-2660,26.5,0.0,0.0,0.0,45,23.5,24.5,20,26.5,23.5,0.0,0.0,0.0,0.0,222
2023-05-10 21:05:33,c2311-C-2660,c2311-C-2660,26.5,0.0,0.0,0.0,35,23.5,24.5,20,26.5,23.5,0.0,0.0,0.0,0.0,222
2023-05-10 21:05:35,c2311-C-2660,c2311-C-2660,26.5,0.0,0.0,0.0,45,23.5,24.5,20,26.5,23.5,0.0,0.0,0.0,0.0,222
2023-05-10 21:05:47,c2311-C-2660,c2311-C-2660,26.5,0.0,0.0,0.0,55,23.5,24.5,30,26.5,23.5,0.0,0.0,0.0,0.0,222
2023-05-10 21:06:08,c2311-C-2660,c2311-C-2660,26.5,0.0,0.0,0.0,45,23.5,24.5,30,26.5,23.5,0.0,0.0,0.0,0.0,222
2023-05-10 21:06:10,c2311-C-2660,c2311-C-2660,26.5,0.0,0.0,0.0,55,23.5,24.5,30,26.5,23.5,0.0,0.0,0.0,0.0,222
2023-05-10 21:06:12,c2311-C-2660,c2311-C-2660,26.5,0.0,0.0,0.0,45,23.5,24.5,30,26.5,23.5,0.0,0.0,0.0,0.0,222
2023-05-10 21:06:30,c2311-C-2660,c2311-C-2660,26.5,0.0,0.0,0.0,55,23.5,24.5,30,26.5,23.5,0.0,0.0,0.0,0.0,222
2023-05-10 21:06:31,c2311-C-2660,c2311-C-2660,26.5,0.0,0.0,0.0,35,23.5,24.5,50,26.5,23.5,0.0,0.0,0.0,0.0,222
2023-05-10 21:06:36,c2311-C-2660,c2311-C-2660,26.5,0.0,0.0,0.0,55,23.5,24.5,40,26.5,23.5,0.0,0.0,0.0,0.0,222
2023-05-10 21:06:36,c2311-C-2660,c2311-C-2660,26.5,0.0,0.0,0.0,45,23.5,24.5,40,26.5,23.5,0.0,0.0,0.0,0.0,222
2023-05-10 21:06:37,c2311-C-2660,c2311-C-2660,26.5,0.0,0.0,0.0,55,23.5,24.5,30,26.5,23.5,0.0,0.0,0.0,0.0,222
2023-05-10 21:06:45,c2311-C-2660,c2311-C-2660,26.5,0.0,0.0,0.0,45,23.5,24.5,30,26.5,23.5,0.0,0.0,0.0,0.0,222
2023-05-10 21:06:49,c2311-C-2660,c2311-C-2660,26.5,0.0,0.0,0.0,60,23.0,24.5,50,26.5,23.5,0.0,0.0,0.0,0.0,222
2023-05-10 21:06:49,c2311-C-2660,c2311-C-2660,26.5,0.0,0.0,0.0,85,23.0,24.5,75,26.5,23.5,0.0,0.0,0.0,0.0,222
2023-05-10 21:07:10,c2311-C-2660,c2311-C-2660,26.5,0.0,0.0,0.0,10,23.5,24.5,85,26.5,23.5,0.0,0.0,0.0,0.0,222
2023-05-10 21:07:11,c2311-C-2660,c2311-C-2660,26.5,0.0,0.0,0.0,35,23.5,24.0,45,26.5,23.5,0.0,0.0,0.0,0.0,222
2023-05-10 21:07:11,c2311-C-2660,c2311-C-2660,26.5,0.0,0.0,0.0,25,23.5,24.0,45,26.5,23.5,0.0,0.0,0.0,0.0,222
2023-05-10 21:07:12,c2311-C-2660,c2311-C-2660,26.5,0.0,0.0,0.0,60,23.0,24.0,20,26.5,23.5,0.0,0.0,0.0,0.0,222
2023-05-10 21:07:12,c2311-C-2660,c2311-C-2660,26.5,0.0,0.0,0.0,85,23.0,24.0,45,26.5,23.5,0.0,0.0,0.0,0.0,222
2023-05-10 21:07:14,c2311-C-2660,c2311-C-2660,26.5,0.0,0.0,0.0,85,23.0,24.0,65,26.5,23.5,0.0,0.0,0.0,0.0,222
2023-05-10 21:07:14,c2311-C-2660,c2311-C-2660,26.5,0.0,0.0,0.0,75,23.0,24.0,75,26.5,23.5,0.0,0.0,0.0,0.0,222
2023-05-10 21:07:15,c2311-C-2660,c2311-C-2660,26.5,0.0,0.0,0.0,75,23.0,24.0,65,26.5,23.5,0.0,0.0,0.0,0.0,222
2023-05-10 21:07:22,c2311-C-2660,c2311-C-2660,26.5,0.0,0.0,0.0,85,23.0,24.0,65,26.5,23.5,0.0,0.0,0.0,0.0,222
2023-05-10 21:07:22,c2311-C-2660,c2311-C-2660,26.5,0.0,0.0,0.0,85,23.0,24.0,55,26.5,23.5,0.0,0.0,0.0,0.0,222
2023-05-10 21:07:25,c2311-C-2660,c2311-C-2660,26.5,0.0,0.0,0.0,85,23.0,24.0,45,26.5,23.5,0.0,0.0,0.0,0.0,222
2023-05-10 21:07:25,c2311-C-2660,c2311-C-2660,26.5,0.0,0.0,0.0,85,23.0,24.0,65,26.5,23.5,0.0,0.0,0.0,0.0,222
2023-05-10 21:07:26,c2311-C-2660,c2311-C-2660,26.5,0.0,0.0,0.0,75,23.0,24.0,75,26.5,23.5,0.0,0.0,0.0,0.0,222
2023-05-10 21:07:31,c2311-C-2660,c2311-C-2660,26.5,0.0,0.0,0.0,85,23.0,24.0,55,26.5,23.5,0.0,0.0,0.0,0.0,222
2023-05-10 21:07:36,c2311-C-2660,c2311-C-2660,26.5,0.0,0.0,0.0,95,23.0,24.0,45,26.5,23.5,0.0,0.0,0.0,0.0,222
2023-05-10 21:07:36,c2311-C-2660,c2311-C-2660,26.5,0.0,0.0,0.0,95,23.0,24.0,35,26.5,23.5,0.0,0.0,0.0,0.0,222
2023-05-10 21:07:42,c2311-C-2660,c2311-C-2660,26.5,0.0,0.0,0.0,85,23.0,24.0,65,26.5,23.5,0.0,0.0,0.0,0.0,222
2023-05-10 21:07:43,c2311-C-2660,c2311-C-2660,26.5,0.0,0.0,0.0,85,23.0,24.0,75,26.5,23.5,0.0,0.0,0.0,0.0,222
2023-05-10 21:07:55,c2311-C-2660,c2311-C-2660,26.5,0.0,0.0,0.0,85,23.0,24.0,65,26.5,23.5,0.0,0.0,0.0,0.0,222
2023-05-10 21:07:58,c2311-C-2660,c2311-C-2660,26.5,0.0,0.0,0.0,85,23.0,24.0,55,26.5,23.5,0.0,0.0,0.0,0.0,222
2023-05-10 21:08:06,c2311-C-2660,c2311-C-2660,26.5,0.0,0.0,0.0,85,23.0,24.0,45,26.5,23.5,0.0,0.0,0.0,0.0,222
2023-05-10 21:08:09,c2311-C-2660,c2311-C-2660,26.5,0.0,0.0,0.0,10,23.5,24.0,45,26.5,23.5,0.0,0.0,0.0,0.0,222
2023-05-10 21:08:09,c2311-C-2660,c2311-C-2660,26.5,0.0,0.0,0.0,20,23.5,24.0,45,26.5,23.5,0.0,0.0,0.0,0.0,222
2023-05-10 21:08:12,c2311-C-2660,c2311-C-2660,26.5,0.0,0.0,0.0,10,23.5,24.0,45,26.5,23.5,0.0,0.0,0.0,0.0,222
2023-05-10 21:08:13,c2311-C-2660,c2311-C-2660,26.5,0.0,0.0,0.0,10,23.5,24.0,35,26.5,23.5,0.0,0.0,0.0,0.0,222
2023-05-10 21:08:15,c2311-C-2660,c2311-C-2660,26.5,0.0,0.0,0.0,85,23.0,24.0,35,26.5,23.5,0.0,0.0,0.0,0.0,222
2023-05-10 21:08:16,c2311-C-2660,c2311-C-2660,26.5,0.0,0.0,0.0,85,23.0,24.0,45,26.5,23.5,0.0,0.0,0.0,0.0,222
2023-05-10 21:08:16,c2311-C-2660,c2311-C-2660,26.5,0.0,0.0,0.0,85,23.0,24.0,65,26.5,23.5,0.0,0.0,0.0,0.0,222
2023-05-10 21:08:18,c2311-C-2660,c2311-C-2660,26.5,0.0,0.0,0.0,85,23.0,24.0,55,26.5,23.5,0.0,0.0,0.0,0.0,222
2023-05-10 21:08:52,c2311-C-2660,c2311-C-2660,26.5,0.0,0.0,0.0,10,23.5,24.0,55,26.5,23.5,0.0,0.0,0.0,0.0,222
2023-05-10 21:08:53,c2311-C-2660,c2311-C-2660,26.5,0.0,0.0,0.0,85,23.0,24.0,55,26.5,23.5,0.0,0.0,0.0,0.0,222
2023-05-10 21:08:58,c2311-C-2660,c2311-C-2660,26.5,0.0,0.0,0.0,75,23.0,24.0,65,26.5,23.5,0.0,0.0,0.0,0.0,222
2023-05-10 21:08:58,c2311-C-2660,c2311-C-2660,26.5,0.0,0.0,0.0,75,23.0,24.0,75,26.5,23.5,0.0,0.0,0.0,0.0,222
2023-05-10 21:08:59,c2311-C-2660,c2311-C-2660,26.5,0.0,0.0,0.0,85,23.0,24.0,75,26.5,23.5,0.0,0.0,0.0,0.0,222
2023-05-10 21:09:00,c2311-C-2660,c2311-C-2660,26.5,0.0,0.0,0.0,85,23.0,24.0,65,26.5,23.5,0.0,0.0,0.0,0.0,222
2023-05-10 21:09:02,c2311-C-2660,c2311-C-2660,26.5,0.0,0.0,0.0,85,23.0,24.0,55,26.5,23.5,0.0,0.0,0.0,0.0,222
2023-05-10 21:09:16,c2311-C-2660,c2311-C-2660,26.5,0.0,0.0,0.0,85,23.0,24.0,75,26.5,23.5,0.0,0.0,0.0,0.0,222
2023-05-10 21:09:20,c2311-C-2660,c2311-C-2660,26.5,0.0,0.0,0.0,85,23.0,24.0,65,26.5,23.5,0.0,0.0,0.0,0.0,222
2023-05-10 21:09:24,c2311-C-2660,c2311-C-2660,26.5,0.0,0.0,0.0,85,23.0,24.0,75,26.5,23.5,0.0,0.0,0.0,0.0,222
2023-05-10 21:09:27,c2311-C-2660,c2311-C-2660,26.5,0.0,0.0,0.0,85,23.0,24.0,55,26.5,23.5,0.0,0.0,0.0,0.0,222
2023-05-10 21:09:29,c2311-C-2660,c2311-C-2660,26.5,0.0,0.0,0.0,85,23.0,24.0,65,26.5,23.5,0.0,0.0,0.0,0.0,222
2023-05-10 21:09:30,c2311-C-2660,c2311-C-2660,26.5,0.0,0.0,0.0,85,23.0,24.0,55,26.5,23.5,0.0,0.0,0.0,0.0,222
2023-05-10 21:09:31,c2311-C-2660,c2311-C-2660,26.5,0.0,0.0,0.0,85,23.0,24.0,75,26.5,23.5,0.0,0.0,0.0,0.0,222
2023-05-10 21:09:33,c2311-C-2660,c2311-C-2660,26.5,0.0,0.0,0.0,85,23.0,24.0,65,26.5,23.5,0.0,0.0,0.0,0.0,222
2023-05-10 21:09:34,c2311-C-2660,c2311-C-2660,26.5,0.0,0.0,0.0,85,23.0,24.0,55,26.5,23.5,0.0,0.0,0.0,0.0,222
2023-05-10 21:09:44,c2311-C-2660,c2311-C-2660,26.5,0.0,0.0,0.0,85,23.0,24.0,75,26.5,23.5,0.0,0.0,0.0,0.0,222
2023-05-10 21:09:45,c2311-C-2660,c2311-C-2660,26.5,0.0,0.0,0.0,85,23.0,24.0,65,26.5,23.5,0.0,0.0,0.0,0.0,222
2023-05-10 21:09:50,c2311-C-2660,c2311-C-2660,26.5,0.0,0.0,0.0,85,23.0,24.0,55,26.5,23.5,0.0,0.0,0.0,0.0,222
2023-05-10 21:10:11,c2311-C-2660,c2311-C-2660,26.5,0.0,0.0,0.0,10,23.5,24.0,45,26.5,23.5,0.0,0.0,0.0,0.0,222
2023-05-10 21:10:11,c2311-C-2660,c2311-C-2660,26.5,0.0,0.0,0.0,85,23.0,24.0,55,26.5,23.5,0.0,0.0,0.0,0.0,222
2023-05-10 21:10:14,c2311-C-2660,c2311-C-2660,26.5,0.0,0.0,0.0,85,23.0,24.0,45,26.5,23.5,0.0,0.0,0.0,0.0,222
2023-05-10 21:10:16,c2311-C-2660,c2311-C-2660,26.5,0.0,0.0,0.0,85,23.0,24.0,55,26.5,23.5,0.0,0.0,0.0,0.0,222
2023-05-10 21:10:19,c2311-C-2660,c2311-C-2660,26.5,0.0,0.0,0.0,85,23.0,24.0,65,26.5,23.5,0.0,0.0,0.0,0.0,222
2023-05-10 21:10:21,c2311-C-2660,c2311-C-2660,26.5,0.0,0.0,0.0,85,23.0,24.0,55,26.5,23.5,0.0,0.0,0.0,0.0,222
2023-05-10 21:10:27,c2311-C-2660,c2311-C-2660,26.5,0.0,0.0,0.0,85,23.0,24.0,45,26.5,23.5,0.0,0.0,0.0,0.0,222
2023-05-10 21:10:28,c2311-C-2660,c2311-C-2660,26.5,0.0,0.0,0.0,85,23.0,24.0,55,26.5,23.5,0.0,0.0,0.0,0.0,222
2023-05-10 21:10:52,c2311-C-2660,c2311-C-2660,26.5,0.0,0.0,0.0,85,23.0,24.0,65,26.5,23.5,0.0,0.0,0.0,0.0,222
2023-05-10 21:10:53,c2311-C-2660,c2311-C-2660,26.5,0.0,0.0,0.0,85,23.0,24.0,55,26.5,23.5,0.0,0.0,0.0,0.0,222
2023-05-10 21:10:55,c2311-C-2660,c2311-C-2660,26.5,0.0,0.0,0.0,85,23.0,24.0,65,26.5,23.5,0.0,0.0,0.0,0.0,222
2023-05-10 21:11:17,c2311-C-2660,c2311-C-2660,26.5,0.0,0.0,0.0,85,23.0,24.0,75,26.5,23.5,0.0,0.0,0.0,0.0,222
2023-05-10 21:11:28,c2311-C-2660,c2311-C-2660,26.5,0.0,0.0,0.0,95,23.0,24.0,75,26.5,23.5,0.0,0.0,0.0,0.0,222
2023-05-10 21:11:35,c2311-C-2660,c2311-C-2660,26.5,0.0,0.0,0.0,95,23.0,24.0,85,26.5,23.5,0.0,0.0,0.0,0.0,222
2023-05-10 21:12:01,c2311-C-2660,c2311-C-2660,26.5,0.0,0.0,0.0,85,23.0,24.0,85,26.5,23.5,0.0,0.0,0.0,0.0,222
2023-05-10 21:12:02,c2311-C-2660,c2311-C-2660,26.5,0.0,0.0,0.0,75,23.0,24.0,85,26.5,23.5,0.0,0.0,0.0,0.0,222
2023-05-10 21:12:03,c2311-C-2660,c2311-C-2660,26.5,0.0,0.0,0.0,85,23.0,24.0,85,26.5,23.5,0.0,0.0,0.0,0.0,222
2023-05-10 21:12:07,c2311-C-2660,c2311-C-2660,26.5,0.0,0.0,0.0,75,23.0,24.0,85,26.5,23.5,0.0,0.0,0.0,0.0,222
2023-05-10 21:12:08,c2311-C-2660,c2311-C-2660,26.5,0.0,0.0,0.0,55,23.0,24.0,95,26.5,23.5,0.0,0.0,0.0,0.0,222
2023-05-10 21:12:09,c2311-C-2660,c2311-C-2660,26.5,0.0,0.0,0.0,45,23.0,23.5,20,26.5,23.5,0.0,0.0,0.0,0.0,222
2023-05-10 21:12:10,c2311-C-2660,c2311-C-2660,26.5,0.0,0.0,0.0,55,23.0,23.5,10,26.5,23.5,0.0,0.0,0.0,0.0,222
2023-05-10 21:12:14,c2311-C-2660,c2311-C-2660,26.5,0.0,0.0,0.0,65,23.0,23.5,10,26.5,23.5,0.0,0.0,0.0,0.0,222
2023-05-10 21:12:27,c2311-C-2660,c2311-C-2660,26.5,0.0,0.0,0.0,65,23.0,23.5,20,26.5,23.5,0.0,0.0,0.0,0.0,222
2023-05-10 21:12:29,c2311-C-2660,c2311-C-2660,26.5,0.0,0.0,0.0,45,23.0,23.5,20,26.5,23.5,0.0,0.0,0.0,0.0,222
2023-05-10 21:12:29,c2311-C-2660,c2311-C-2660,26.5,0.0,0.0,0.0,55,23.0,23.5,10,26.5,23.5,0.0,0.0,0.0,0.0,222
2023-05-10 21:12:31,c2311-C-2660,c2311-C-2660,26.5,0.0,0.0,0.0,55,23.0,23.5,20,26.5,23.5,0.0,0.0,0.0,0.0,222
2023-05-10 21:12:41,c2311-C-2660,c2311-C-2660,26.5,0.0,0.0,0.0,65,23.0,23.5,20,26.5,23.5,0.0,0.0,0.0,0.0,222
2023-05-10 21:12:56,c2311-C-2660,c2311-C-2660,26.5,0.0,0.0,0.0,75,23.0,23.5,20,26.5,23.5,0.0,0.0,0.0,0.0,222
2023-05-10 21:13:03,c2311-C-2660,c2311-C-2660,26.5,0.0,0.0,0.0,65,23.0,23.5,20,26.5,23.5,0.0,0.0,0.0,0.0,222
2023-05-10 21:13:04,c2311-C-2660,c2311-C-2660,26.5,0.0,0.0,0.0,75,23.0,23.5,20,26.5,23.5,0.0,0.0,0.0,0.0,222
2023-05-10 21:13:14,c2311-C-2660,c2311-C-2660,26.5,0.0,0.0,0.0,55,23.0,23.5,20,26.5,23.5,0.0,0.0,0.0,0.0,222
2023-05-10 21:13:14,c2311-C-2660,c2311-C-2660,26.5,0.0,0.0,0.0,35,23.0,23.5,30,26.5,23.5,0.0,0.0,0.0,0.0,222
2023-05-10 21:13:16,c2311-C-2660,c2311-C-2660,26.5,0.0,0.0,0.0,45,23.0,23.5,20,26.5,23.5,0.0,0.0,0.0,0.0,222
2023-05-10 21:13:50,c2311-C-2660,c2311-C-2660,26.5,0.0,0.0,0.0,65,23.0,23.5,20,26.5,23.5,0.0,0.0,0.0,0.0,222
2023-05-10 21:13:51,c2311-C-2660,c2311-C-2660,26.5,0.0,0.0,0.0,55,23.0,23.5,20,26.5,23.5,0.0,0.0,0.0,0.0,222
2023-05-10 21:13:53,c2311-C-2660,c2311-C-2660,26.5,0.0,0.0,0.0,45,23.0,23.5,20,26.5,23.5,0.0,0.0,0.0,0.0,222
2023-05-10 21:13:54,c2311-C-2660,c2311-C-2660,26.5,0.0,0.0,0.0,55,23.0,23.5,20,26.5,23.5,0.0,0.0,0.0,0.0,222
2023-05-10 21:13:55,c2311-C-2660,c2311-C-2660,26.5,0.0,0.0,0.0,45,23.0,23.5,20,26.5,23.5,0.0,0.0,0.0,0.0,222
2023-05-10 21:13:58,c2311-C-2660,c2311-C-2660,26.5,0.0,0.0,0.0,45,23.0,23.5,10,26.5,23.5,0.0,0.0,0.0,0.0,222
2023-05-10 21:13:59,c2311-C-2660,c2311-C-2660,26.5,0.0,0.0,0.0,55,23.0,23.5,10,26.5,23.5,0.0,0.0,0.0,0.0,222
2023-05-10 21:14:01,c2311-C-2660,c2311-C-2660,26.5,0.0,0.0,0.0,65,23.0,23.5,10,26.5,23.5,0.0,0.0,0.0,0.0,222
2023-05-10 21:14:02,c2311-C-2660,c2311-C-2660,26.5,0.0,0.0,0.0,65,23.0,23.5,20,26.5,23.5,0.0,0.0,0.0,0.0,222
2023-05-10 21:14:03,c2311-C-2660,c2311-C-2660,26.5,0.0,0.0,0.0,65,23.0,23.5,10,26.5,23.5,0.0,0.0,0.0,0.0,222
2023-05-10 21:14:06,c2311-C-2660,c2311-C-2660,23.5,4.0,940.0,0.0,58,23.0,23.5,10,26.5,23.5,23.5,23.5,4.0,940.0,222
2023-05-10 21:14:06,c2311-C-2660,c2311-C-2660,23.5,4.0,940.0,0.0,58,23.0,23.5,10,26.5,23.5,23.5,23.5,8.0,1880.0,222
2023-05-10 21:14:07,c2311-C-2660,c2311-C-2660,23.5,1.0,235.0,0.0,48,23.0,23.5,10,26.5,23.5,23.5,23.5,9.0,2115.0,222
2023-05-10 21:14:07,c2311-C-2660,c2311-C-2660,23.5,0.0,0.0,0.0,45,23.0,23.5,20,26.5,23.5,23.5,23.5,9.0,2115.0,222
2023-05-10 21:14:09,c2311-C-2660,c2311-C-2660,23.5,0.0,0.0,0.0,45,23.0,23.5,10,26.5,23.5,23.5,23.5,9.0,2115.0,222
2023-05-10 21:14:17,c2311-C-2660,c2311-C-2660,23.5,0.0,0.0,0.0,55,23.0,23.5,10,26.5,23.5,23.5,23.5,9.0,2115.0,222
2023-05-10 21:14:27,c2311-C-2660,c2311-C-2660,23.5,1.0,235.0,0.0,45,23.0,24.0,98,26.5,23.5,23.5,23.5,10.0,2350.0,222
2023-05-10 21:14:28,c2311-C-2660,c2311-C-2660,23.5,0.0,0.0,0.0,55,23.0,24.0,108,26.5,23.5,23.5,23.5,10.0,2350.0,222
2023-05-10 21:14:30,c2311-C-2660,c2311-C-2660,23.5,0.0,0.0,0.0,55,23.0,24.0,98,26.5,23.5,23.5,23.5,10.0,2350.0,222
2023-05-10 21:14:34,c2311-C-2660,c2311-C-2660,23.5,0.0,0.0,0.0,55,23.0,24.0,108,26.5,23.5,23.5,23.5,10.0,2350.0,222
2023-05-10 21:14:37,c2311-C-2660,c2311-C-2660,23.5,0.0,0.0,0.0,45,23.0,24.0,108,26.5,23.5,23.5,23.5,10.0,2350.0,222
2023-05-10 21:14:39,c2311-C-2660,c2311-C-2660,23.5,0.0,0.0,0.0,35,23.0,24.0,108,26.5,23.5,23.5,23.5,10.0,2350.0,222
2023-05-10 21:14:42,c2311-C-2660,c2311-C-2660,23.5,0.0,0.0,0.0,45,23.0,24.0,108,26.5,23.5,23.5,23.5,10.0,2350.0,222
2023-05-10 21:14:42,c2311-C-2660,c2311-C-2660,23.5,0.0,0.0,0.0,65,23.0,24.0,108,26.5,23.5,23.5,23.5,10.0,2350.0,222
2023-05-10 21:14:42,c2311-C-2660,c2311-C-2660,23.5,0.0,0.0,0.0,65,23.0,24.0,98,26.5,23.5,23.5,23.5,10.0,2350.0,222
2023-05-10 21:14:49,c2311-C-2660,c2311-C-2660,23.5,0.0,0.0,0.0,55,23.0,24.0,98,26.5,23.5,23.5,23.5,10.0,2350.0,222
2023-05-10 21:14:51,c2311-C-2660,c2311-C-2660,23.5,0.0,0.0,0.0,55,23.0,24.0,108,26.5,23.5,23.5,23.5,10.0,2350.0,222
2023-05-10 21:14:51,c2311-C-2660,c2311-C-2660,23.5,0.0,0.0,0.0,55,23.0,24.0,98,26.5,23.5,23.5,23.5,10.0,2350.0,222
2023-05-10 21:14:52,c2311-C-2660,c2311-C-2660,23.5,0.0,0.0,0.0,45,23.0,24.0,98,26.5,23.5,23.5,23.5,10.0,2350.0,222
2023-05-10 21:14:52,c2311-C-2660,c2311-C-2660,23.5,0.0,0.0,0.0,55,23.0,24.0,98,26.5,23.5,23.5,23.5,10.0,2350.0,222
2023-05-10 21:14:55,c2311-C-2660,c2311-C-2660,23.5,0.0,0.0,0.0,55,23.0,24.0,108,26.5,23.5,23.5,23.5,10.0,2350.0,222
2023-05-10 21:14:55,c2311-C-2660,c2311-C-2660,23.5,0.0,0.0,0.0,55,23.0,24.0,98,26.5,23.5,23.5,23.5,10.0,2350.0,222
2023-05-10 21:14:57,c2311-C-2660,c2311-C-2660,23.5,0.0,0.0,0.0,65,23.0,24.0,98,26.5,23.5,23.5,23.5,10.0,2350.0,222
2023-05-10 21:14:58,c2311-C-2660,c2311-C-2660,23.5,0.0,0.0,0.0,55,23.0,24.0,98,26.5,23.5,23.5,23.5,10.0,2350.0,222
2023-05-10 21:15:01,c2311-C-2660,c2311-C-2660,23.5,0.0,0.0,0.0,55,23.0,24.0,108,26.5,23.5,23.5,23.5,10.0,2350.0,222
2023-05-10 21:15:01,c2311-C-2660,c2311-C-2660,23.5,0.0,0.0,0.0,45,23.0,24.0,108,26.5,23.5,23.5,23.5,10.0,2350.0,222
2023-05-10 21:15:03,c2311-C-2660,c2311-C-2660,23.5,0.0,0.0,0.0,55,23.0,24.0,108,26.5,23.5,23.5,23.5,10.0,2350.0,222
2023-05-10 21:15:08,c2311-C-2660,c2311-C-2660,23.5,0.0,0.0,0.0,55,23.0,24.0,98,26.5,23.5,23.5,23.5,10.0,2350.0,222
2023-05-10 21:15:22,c2311-C-2660,c2311-C-2660,23.5,0.0,0.0,0.0,55,23.0,24.0,108,26.5,23.5,23.5,23.5,10.0,2350.0,222
2023-05-10 21:15:23,c2311-C-2660,c2311-C-2660,23.5,0.0,0.0,0.0,75,23.0,24.0,98,26.5,23.5,23.5,23.5,10.0,2350.0,222
2023-05-10 21:15:35,c2311-C-2660,c2311-C-2660,23.5,0.0,0.0,0.0,65,23.0,24.0,98,26.5,23.5,23.5,23.5,10.0,2350.0,222
2023-05-10 21:15:42,c2311-C-2660,c2311-C-2660,23.5,0.0,0.0,0.0,55,23.0,24.0,108,26.5,23.5,23.5,23.5,10.0,2350.0,222
2023-05-10 21:15:42,c2311-C-2660,c2311-C-2660,23.5,0.0,0.0,0.0,55,23.0,24.0,98,26.5,23.5,23.5,23.5,10.0,2350.0,222
2023-05-10 21:15:44,c2311-C-2660,c2311-C-2660,23.5,0.0,0.0,0.0,65,23.0,24.0,98,26.5,23.5,23.5,23.5,10.0,2350.0,222
2023-05-10 21:15:45,c2311-C-2660,c2311-C-2660,23.5,0.0,0.0,0.0,75,23.0,24.0,98,26.5,23.5,23.5,23.5,10.0,2350.0,222
2023-05-10 21:15:57,c2311-C-2660,c2311-C-2660,23.5,0.0,0.0,0.0,75,23.0,24.0,88,26.5,23.5,23.5,23.5,10.0,2350.0,222
2023-05-10 21:15:58,c2311-C-2660,c2311-C-2660,23.5,0.0,0.0,0.0,75,23.0,24.0,98,26.5,23.5,23.5,23.5,10.0,2350.0,222
2023-05-10 21:16:17,c2311-C-2660,c2311-C-2660,23.5,0.0,0.0,0.0,55,23.0,24.0,98,26.5,23.5,23.5,23.5,10.0,2350.0,222
2023-05-10 21:16:18,c2311-C-2660,c2311-C-2660,23.5,0.0,0.0,0.0,65,23.0,24.0,98,26.5,23.5,23.5,23.5,10.0,2350.0,222
2023-05-10 21:16:26,c2311-C-2660,c2311-C-2660,23.5,0.0,0.0,0.0,75,23.0,24.0,98,26.5,23.5,23.5,23.5,10.0,2350.0,222
2023-05-10 21:16:28,c2311-C-2660,c2311-C-2660,23.5,0.0,0.0,0.0,65,23.0,24.0,98,26.5,23.5,23.5,23.5,10.0,2350.0,222
2023-05-10 21:16:32,c2311-C-2660,c2311-C-2660,23.5,0.0,0.0,0.0,75,23.0,24.0,98,26.5,23.5,23.5,23.5,10.0,2350.0,222
2023-05-10 21:16:37,c2311-C-2660,c2311-C-2660,23.5,0.0,0.0,0.0,45,23.0,24.0,108,26.5,23.5,23.5,23.5,10.0,2350.0,222
2023-05-10 21:16:40,c2311-C-2660,c2311-C-2660,23.5,0.0,0.0,0.0,35,23.0,23.5,30,26.5,23.5,23.5,23.5,10.0,2350.0,222
2023-05-10 21:16:45,c2311-C-2660,c2311-C-2660,23.0,3.0,690.0,3.0,58,22.5,23.5,85,26.5,23.5,23.5,23.0,13.0,3040.0,225
2023-05-10 21:16:46,c2311-C-2660,c2311-C-2660,23.0,0.0,0.0,0.0,58,22.5,23.5,105,26.5,23.5,23.5,23.0,13.0,3040.0,225
2023-05-10 21:16:48,c2311-C-2660,c2311-C-2660,23.0,0.0,0.0,0.0,58,22.5,23.5,95,26.5,23.5,23.5,23.0,13.0,3040.0,225
2023-05-10 21:16:49,c2311-C-2660,c2311-C-2660,23.0,0.0,0.0,0.0,48,22.5,23.5,105,26.5,23.5,23.5,23.0,13.0,3040.0,225
2023-05-10 21:16:49,c2311-C-2660,c2311-C-2660,23.0,0.0,0.0,0.0,58,22.5,23.5,105,26.5,23.5,23.5,23.0,13.0,3040.0,225
2023-05-10 21:16:50,c2311-C-2660,c2311-C-2660,23.0,0.0,0.0,0.0,58,22.5,23.5,95,26.5,23.5,23.5,23.0,13.0,3040.0,225
2023-05-10 21:16:52,c2311-C-2660,c2311-C-2660,23.0,0.0,0.0,0.0,58,22.5,23.5,105,26.5,23.5,23.5,23.0,13.0,3040.0,225
2023-05-10 21:16:54,c2311-C-2660,c2311-C-2660,23.0,0.0,0.0,0.0,58,22.5,23.5,95,26.5,23.5,23.5,23.0,13.0,3040.0,225
2023-05-10 21:16:57,c2311-C-2660,c2311-C-2660,23.0,0.0,0.0,0.0,68,22.5,23.5,95,26.5,23.5,23.5,23.0,13.0,3040.0,225
2023-05-10 21:16:57,c2311-C-2660,c2311-C-2660,23.0,0.0,0.0,0.0,58,22.5,23.5,95,26.5,23.5,23.5,23.0,13.0,3040.0,225
2023-05-10 21:16:58,c2311-C-2660,c2311-C-2660,23.0,0.0,0.0,0.0,68,22.5,23.5,95,26.5,23.5,23.5,23.0,13.0,3040.0,225
2023-05-10 21:16:59,c2311-C-2660,c2311-C-2660,23.0,0.0,0.0,0.0,78,22.5,23.5,95,26.5,23.5,23.5,23.0,13.0,3040.0,225
2023-05-10 21:17:00,c2311-C-2660,c2311-C-2660,23.0,0.0,0.0,0.0,68,22.5,23.5,95,26.5,23.5,23.5,23.0,13.0,3040.0,225
2023-05-10 21:17:00,c2311-C-2660,c2311-C-2660,23.0,0.0,0.0,0.0,58,22.5,23.5,95,26.5,23.5,23.5,23.0,13.0,3040.0,225
2023-05-10 21:17:01,c2311-C-2660,c2311-C-2660,23.0,0.0,0.0,0.0,88,22.5,23.5,95,26.5,23.5,23.5,23.0,13.0,3040.0,225
2023-05-10 21:17:02,c2311-C-2660,c2311-C-2660,23.0,0.0,0.0,0.0,78,22.5,23.5,95,26.5,23.5,23.5,23.0,13.0,3040.0,225
2023-05-10 21:17:04,c2311-C-2660,c2311-C-2660,23.0,0.0,0.0,0.0,98,22.5,23.5,75,26.5,23.5,23.5,23.0,13.0,3040.0,225
2023-05-10 21:17:04,c2311-C-2660,c2311-C-2660,23.0,0.0,0.0,0.0,98,22.5,23.5,65,26.5,23.5,23.5,23.0,13.0,3040.0,225
2023-05-10 21:17:05,c2311-C-2660,c2311-C-2660,23.0,0.0,0.0,0.0,108,22.5,23.5,45,26.5,23.5,23.5,23.0,13.0,3040.0,225
2023-05-10 21:17:06,c2311-C-2660,c2311-C-2660,23.0,0.0,0.0,0.0,108,22.5,23.5,35,26.5,23.5,23.5,23.0,13.0,3040.0,225
2023-05-10 21:17:07,c2311-C-2660,c2311-C-2660,23.0,0.0,0.0,0.0,10,23.0,23.5,45,26.5,23.5,23.5,23.0,13.0,3040.0,225
2023-05-10 21:17:07,c2311-C-2660,c2311-C-2660,23.0,0.0,0.0,0.0,20,23.0,23.5,45,26.5,23.5,23.5,23.0,13.0,3040.0,225
2023-05-10 21:17:08,c2311-C-2660,c2311-C-2660,23.0,0.0,0.0,0.0,10,23.0,23.5,45,26.5,23.5,23.5,23.0,13.0,3040.0,225
2023-05-10 21:17:10,c2311-C-2660,c2311-C-2660,23.0,0.0,0.0,0.0,20,23.0,23.5,35,26.5,23.5,23.5,23.0,13.0,3040.0,225
2023-05-10 21:17:12,c2311-C-2660,c2311-C-2660,23.0,0.0,0.0,0.0,50,23.0,23.5,25,26.5,23.5,23.5,23.0,13.0,3040.0,225
2023-05-10 21:17:13,c2311-C-2660,c2311-C-2660,23.0,0.0,0.0,0.0,85,23.0,24.0,88,26.5,23.5,23.5,23.0,13.0,3040.0,225
2023-05-10 21:17:14,c2311-C-2660,c2311-C-2660,23.0,0.0,0.0,0.0,95,23.0,24.0,78,26.5,23.5,23.5,23.0,13.0,3040.0,225
2023-05-10 21:17:15,c2311-C-2660,c2311-C-2660,23.0,0.0,0.0,0.0,95,23.0,24.0,68,26.5,23.5,23.5,23.0,13.0,3040.0,225
2023-05-10 21:17:19,c2311-C-2660,c2311-C-2660,23.0,0.0,0.0,0.0,95,23.0,24.0,35,26.5,23.5,23.5,23.0,13.0,3040.0,225
2023-05-10 21:17:19,c2311-C-2660,c2311-C-2660,23.0,0.0,0.0,0.0,95,23.0,24.0,45,26.5,23.5,23.5,23.0,13.0,3040.0,225
2023-05-10 21:17:20,c2311-C-2660,c2311-C-2660,23.0,0.0,0.0,0.0,105,23.0,24.0,35,26.5,23.5,23.5,23.0,13.0,3040.0,225
2023-05-10 21:17:20,c2311-C-2660,c2311-C-2660,23.0,0.0,0.0,0.0,80,23.0,24.5,80,26.5,23.5,23.5,23.0,13.0,3040.0,225
2023-05-10 21:17:20,c2311-C-2660,c2311-C-2660,23.0,0.0,0.0,0.0,105,23.0,24.5,105,26.5,23.5,23.5,23.0,13.0,3040.0,225
2023-05-10 21:17:21,c2311-C-2660,c2311-C-2660,23.0,0.0,0.0,0.0,10,23.5,24.5,105,26.5,23.5,23.5,23.0,13.0,3040.0,225
2023-05-10 21:17:22,c2311-C-2660,c2311-C-2660,23.0,0.0,0.0,0.0,20,23.5,24.5,105,26.5,23.5,23.5,23.0,13.0,3040.0,225
2023-05-10 21:17:26,c2311-C-2660,c2311-C-2660,23.0,0.0,0.0,0.0,20,23.5,24.5,115,26.5,23.5,23.5,23.0,13.0,3040.0,225
2023-05-10 21:17:29,c2311-C-2660,c2311-C-2660,23.0,0.0,0.0,0.0,40,23.5,24.5,95,26.5,23.5,23.5,23.0,13.0,3040.0,225
2023-05-10 21:17:29,c2311-C-2660,c2311-C-2660,23.0,0.0,0.0,0.0,30,23.5,24.5,105,26.5,23.5,23.5,23.0,13.0,3040.0,225
2023-05-10 21:17:37,c2311-C-2660,c2311-C-2660,23.0,0.0,0.0,0.0,30,23.5,24.5,115,26.5,23.5,23.5,23.0,13.0,3040.0,225
2023-05-10 21:17:39,c2311-C-2660,c2311-C-2660,23.0,0.0,0.0,0.0,10,23.5,24.5,115,26.5,23.5,23.5,23.0,13.0,3040.0,225
2023-05-10 21:17:46,c2311-C-2660,c2311-C-2660,23.0,0.0,0.0,0.0,35,23.5,24.0,55,26.5,23.5,23.5,23.0,13.0,3040.0,225
2023-05-10 21:17:48,c2311-C-2660,c2311-C-2660,23.0,0.0,0.0,0.0,25,23.5,24.0,75,26.5,23.5,23.5,23.0,13.0,3040.0,225
2023-05-10 21:17:49,c2311-C-2660,c2311-C-2660,23.0,0.0,0.0,0.0,105,23.0,24.0,75,26.5,23.5,23.5,23.0,13.0,3040.0,225
2023-05-10 21:17:51,c2311-C-2660,c2311-C-2660,23.0,0.0,0.0,0.0,105,23.0,24.0,65,26.5,23.5,23.5,23.0,13.0,3040.0,225
2023-05-10 21:17:52,c2311-C-2660,c2311-C-2660,23.0,0.0,0.0,0.0,105,23.0,24.0,55,26.5,23.5,23.5,23.0,13.0,3040.0,225
2023-05-10 21:17:53,c2311-C-2660,c2311-C-2660,23.0,0.0,0.0,0.0,105,23.0,24.0,45,26.5,23.5,23.5,23.0,13.0,3040.0,225
2023-05-10 21:17:53,c2311-C-2660,c2311-C-2660,23.0,0.0,0.0,0.0,105,23.0,24.0,35,26.5,23.5,23.5,23.0,13.0,3040.0,225
2023-05-10 21:17:57,c2311-C-2660,c2311-C-2660,23.0,0.0,0.0,0.0,105,23.0,24.0,25,26.5,23.5,23.5,23.0,13.0,3040.0,225
2023-05-10 21:17:57,c2311-C-2660,c2311-C-2660,23.0,0.0,0.0,0.0,105,23.0,24.5,105,26.5,23.5,23.5,23.0,13.0,3040.0,225
2023-05-10 21:18:03,c2311-C-2660,c2311-C-2660,23.0,0.0,0.0,0.0,105,23.0,24.5,115,26.5,23.5,23.5,23.0,13.0,3040.0,225
2023-05-10 21:18:04,c2311-C-2660,c2311-C-2660,23.0,0.0,0.0,0.0,105,23.0,24.5,105,26.5,23.5,23.5,23.0,13.0,3040.0,225
2023-05-10 21:18:13,c2311-C-2660,c2311-C-2660,23.0,0.0,0.0,0.0,105,23.0,24.5,115,26.5,23.5,23.5,23.0,13.0,3040.0,225
2023-05-10 21:18:17,c2311-C-2660,c2311-C-2660,23.0,0.0,0.0,0.0,105,23.0,24.0,30,26.5,23.5,23.5,23.0,13.0,3040.0,225
2023-05-10 21:18:17,c2311-C-2660,c2311-C-2660,23.0,0.0,0.0,0.0,105,23.0,24.0,40,26.5,23.5,23.5,23.0,13.0,3040.0,225
2023-05-10 21:18:17,c2311-C-2660,c2311-C-2660,23.0,0.0,0.0,0.0,65,23.0,24.0,50,26.5,23.5,23.5,23.0,13.0,3040.0,225
2023-05-10 21:18:26,c2311-C-2660,c2311-C-2660,23.0,0.0,0.0,0.0,75,23.0,24.0,50,26.5,23.5,23.5,23.0,13.0,3040.0,225
2023-05-10 21:18:27,c2311-C-2660,c2311-C-2660,23.0,0.0,0.0,0.0,75,23.0,24.0,60,26.5,23.5,23.5,23.0,13.0,3040.0,225
2023-05-10 21:18:29,c2311-C-2660,c2311-C-2660,23.0,0.0,0.0,0.0,75,23.0,24.0,50,26.5,23.5,23.5,23.0,13.0,3040.0,225
2023-05-10 21:18:38,c2311-C-2660,c2311-C-2660,23.0,0.0,0.0,0.0,75,23.0,24.0,60,26.5,23.5,23.5,23.0,13.0,3040.0,225
2023-05-10 21:18:39,c2311-C-2660,c2311-C-2660,23.0,0.0,0.0,0.0,65,23.0,24.0,60,26.5,23.5,23.5,23.0,13.0,3040.0,225
2023-05-10 21:18:40,c2311-C-2660,c2311-C-2660,23.0,0.0,0.0,0.0,75,23.0,24.0,60,26.5,23.5,23.5,23.0,13.0,3040.0,225
2023-05-10 21:18:42,c2311-C-2660,c2311-C-2660,23.0,0.0,0.0,0.0,55,23.0,24.0,60,26.5,23.5,23.5,23.0,13.0,3040.0,225
2023-05-10 21:18:42,c2311-C-2660,c2311-C-2660,23.0,0.0,0.0,0.0,55,23.0,24.0,70,26.5,23.5,23.5,23.0,13.0,3040.0,225
2023-05-10 21:18:44,c2311-C-2660,c2311-C-2660,23.0,0.0,0.0,0.0,45,23.0,24.0,80,26.5,23.5,23.5,23.0,13.0,3040.0,225
2023-05-10 21:18:52,c2311-C-2660,c2311-C-2660,23.0,0.0,0.0,0.0,55,23.0,24.0,80,26.5,23.5,23.5,23.0,13.0,3040.0,225
2023-05-10 21:18:53,c2311-C-2660,c2311-C-2660,23.0,0.0,0.0,0.0,45,23.0,24.0,80,26.5,23.5,23.5,23.0,13.0,3040.0,225
2023-05-10 21:19:01,c2311-C-2660,c2311-C-2660,23.0,0.0,0.0,0.0,35,23.0,24.0,80,26.5,23.5,23.5,23.0,13.0,3040.0,225
2023-05-10 21:19:04,c2311-C-2660,c2311-C-2660,23.0,0.0,0.0,0.0,45,23.0,24.0,80,26.5,23.5,23.5,23.0,13.0,3040.0,225
2023-05-10 21:19:23,c2311-C-2660,c2311-C-2660,23.0,0.0,0.0,0.0,35,23.0,24.0,80,26.5,23.5,23.5,23.0,13.0,3040.0,225
2023-05-10 21:19:26,c2311-C-2660,c2311-C-2660,23.0,0.0,0.0,0.0,45,23.0,24.0,80,26.5,23.5,23.5,23.0,13.0,3040.0,225
2023-05-10 21:19:54,c2311-C-2660,c2311-C-2660,23.0,0.0,0.0,0.0,45,23.0,23.5,20,26.5,23.5,23.5,23.0,13.0,3040.0,225
2023-05-10 21:19:55,c2311-C-2660,c2311-C-2660,23.0,0.0,0.0,0.0,45,23.0,24.0,80,26.5,23.5,23.5,23.0,13.0,3040.0,225
2023-05-10 21:19:57,c2311-C-2660,c2311-C-2660,23.0,0.0,0.0,0.0,55,23.0,24.0,80,26.5,23.5,23.5,23.0,13.0,3040.0,225
2023-05-10 21:19:57,c2311-C-2660,c2311-C-2660,23.0,0.0,0.0,0.0,45,23.0,24.0,80,26.5,23.5,23.5,23.0,13.0,3040.0,225
2023-05-10 21:20:00,c2311-C-2660,c2311-C-2660,23.0,0.0,0.0,0.0,83,22.5,24.0,80,26.5,23.5,23.5,23.0,13.0,3040.0,225
2023-05-10 21:20:00,c2311-C-2660,c2311-C-2660,23.0,0.0,0.0,0.0,108,22.5,24.0,105,26.5,23.5,23.5,23.0,13.0,3040.0,225
2023-05-10 21:20:03,c2311-C-2660,c2311-C-2660,23.0,0.0,0.0,0.0,108,22.5,23.5,30,26.5,23.5,23.5,23.0,13.0,3040.0,225
2023-05-10 21:20:04,c2311-C-2660,c2311-C-2660,23.0,0.0,0.0,0.0,98,22.5,23.5,50,26.5,23.5,23.5,23.0,13.0,3040.0,225
2023-05-10 21:20:04,c2311-C-2660,c2311-C-2660,23.0,0.0,0.0,0.0,98,22.5,23.5,40,26.5,23.5,23.5,23.0,13.0,3040.0,225
2023-05-10 21:20:05,c2311-C-2660,c2311-C-2660,23.0,0.0,0.0,0.0,108,22.5,23.5,40,26.5,23.5,23.5,23.0,13.0,3040.0,225
2023-05-10 21:20:08,c2311-C-2660,c2311-C-2660,23.0,0.0,0.0,0.0,108,22.5,23.5,50,26.5,23.5,23.5,23.0,13.0,3040.0,225
2023-05-10 21:20:13,c2311-C-2660,c2311-C-2660,23.0,0.0,0.0,0.0,108,22.5,23.5,40,26.5,23.5,23.5,23.0,13.0,3040.0,225
2023-05-10 21:20:14,c2311-C-2660,c2311-C-2660,23.0,0.0,0.0,0.0,108,22.5,23.5,50,26.5,23.5,23.5,23.0,13.0,3040.0,225
2023-05-10 21:20:17,c2311-C-2660,c2311-C-2660,23.0,0.0,0.0,0.0,78,22.5,23.5,50,26.5,23.5,23.5,23.0,13.0,3040.0,225
2023-05-10 21:20:18,c2311-C-2660,c2311-C-2660,23.0,0.0,0.0,0.0,98,22.5,23.5,50,26.5,23.5,23.5,23.0,13.0,3040.0,225
2023-05-10 21:20:22,c2311-C-2660,c2311-C-2660,23.0,0.0,0.0,0.0,108,22.5,23.5,40,26.5,23.5,23.5,23.0,13.0,3040.0,225
2023-05-10 21:20:24,c2311-C-2660,c2311-C-2660,23.0,0.0,0.0,0.0,108,22.5,23.5,30,26.5,23.5,23.5,23.0,13.0,3040.0,225
2023-05-10 21:20:27,c2311-C-2660,c2311-C-2660,23.0,0.0,0.0,0.0,108,22.5,23.5,20,26.5,23.5,23.5,23.0,13.0,3040.0,225
2023-05-10 21:20:27,c2311-C-2660,c2311-C-2660,23.0,0.0,0.0,0.0,108,22.5,24.0,95,26.5,23.5,23.5,23.0,13.0,3040.0,225
2023-05-10 21:20:29,c2311-C-2660,c2311-C-2660,23.0,0.0,0.0,0.0,108,22.5,23.5,10,26.5,23.5,23.5,23.0,13.0,3040.0,225
2023-05-10 21:20:29,c2311-C-2660,c2311-C-2660,23.0,0.0,0.0,0.0,108,22.5,23.5,30,26.5,23.5,23.5,23.0,13.0,3040.0,225
2023-05-10 21:20:36,c2311-C-2660,c2311-C-2660,23.0,0.0,0.0,0.0,108,22.5,23.5,40,26.5,23.5,23.5,23.0,13.0,3040.0,225
2023-05-10 21:20:39,c2311-C-2660,c2311-C-2660,23.0,0.0,0.0,0.0,108,22.5,23.5,20,26.5,23.5,23.5,23.0,13.0,3040.0,225
2023-05-10 21:20:43,c2311-C-2660,c2311-C-2660,23.0,0.0,0.0,0.0,10,23.0,24.0,95,26.5,23.5,23.5,23.0,13.0,3040.0,225
2023-05-10 21:20:43,c2311-C-2660,c2311-C-2660,23.0,0.0,0.0,0.0,20,23.0,24.0,95,26.5,23.5,23.5,23.0,13.0,3040.0,225
2023-05-10 21:20:45,c2311-C-2660,c2311-C-2660,23.0,0.0,0.0,0.0,30,23.0,24.0,95,26.5,23.5,23.5,23.0,13.0,3040.0,225
2023-05-10 21:20:54,c2311-C-2660,c2311-C-2660,23.0,0.0,0.0,0.0,50,23.0,24.0,75,26.5,23.5,23.5,23.0,13.0,3040.0,225
2023-05-10 21:20:56,c2311-C-2660,c2311-C-2660,23.0,0.0,0.0,0.0,60,23.0,24.0,75,26.5,23.5,23.5,23.0,13.0,3040.0,225
2023-05-10 21:20:56,c2311-C-2660,c2311-C-2660,23.0,0.0,0.0,0.0,60,23.0,24.0,85,26.5,23.5,23.5,23.0,13.0,3040.0,225
2023-05-10 21:21:03,c2311-C-2660,c2311-C-2660,23.0,0.0,0.0,0.0,60,23.0,24.0,75,26.5,23.5,23.5,23.0,13.0,3040.0,225
2023-05-10 21:21:07,c2311-C-2660,c2311-C-2660,23.0,0.0,0.0,0.0,40,23.0,24.0,95,26.5,23.5,23.5,23.0,13.0,3040.0,225
2023-05-10 21:21:07,c2311-C-2660,c2311-C-2660,23.0,0.0,0.0,0.0,50,23.0,24.0,85,26.5,23.5,23.5,23.0,13.0,3040.0,225
2023-05-10 21:21:12,c2311-C-2660,c2311-C-2660,23.0,0.0,0.0,0.0,40,23.0,24.0,95,26.5,23.5,23.5,23.0,13.0,3040.0,225
2023-05-10 21:21:12,c2311-C-2660,c2311-C-2660,23.0,0.0,0.0,0.0,40,23.0,24.0,85,26.5,23.5,23.5,23.0,13.0,3040.0,225
2023-05-10 21:21:13,c2311-C-2660,c2311-C-2660,23.0,0.0,0.0,0.0,50,23.0,24.0,85,26.5,23.5,23.5,23.0,13.0,3040.0,225
2023-05-10 21:21:20,c2311-C-2660,c2311-C-2660,23.0,0.0,0.0,0.0,40,23.0,24.0,85,26.5,23.5,23.5,23.0,13.0,3040.0,225
2023-05-10 21:21:28,c2311-C-2660,c2311-C-2660,23.0,0.0,0.0,0.0,10,23.5,24.0,55,26.5,23.5,23.5,23.0,13.0,3040.0,225
2023-05-10 21:21:29,c2311-C-2660,c2311-C-2660,23.0,0.0,0.0,0.0,20,23.5,24.0,25,26.5,23.5,23.5,23.0,13.0,3040.0,225
2023-05-10 21:21:29,c2311-C-2660,c2311-C-2660,23.0,0.0,0.0,0.0,55,23.5,24.5,115,26.5,23.5,23.5,23.0,13.0,3040.0,225
2023-05-10 21:21:32,c2311-C-2660,c2311-C-2660,23.0,0.0,0.0,0.0,55,23.5,24.5,95,26.5,23.5,23.5,23.0,13.0,3040.0,225
2023-05-10 21:21:33,c2311-C-2660,c2311-C-2660,23.0,0.0,0.0,0.0,55,23.5,24.5,105,26.5,23.5,23.5,23.0,13.0,3040.0,225
2023-05-10 21:21:42,c2311-C-2660,c2311-C-2660,23.0,0.0,0.0,0.0,65,23.5,24.5,95,26.5,23.5,23.5,23.0,13.0,3040.0,225
2023-05-10 21:21:43,c2311-C-2660,c2311-C-2660,23.0,0.0,0.0,0.0,65,23.5,24.5,105,26.5,23.5,23.5,23.0,13.0,3040.0,225
2023-05-10 21:21:44,c2311-C-2660,c2311-C-2660,23.0,0.0,0.0,0.0,65,23.5,24.5,95,26.5,23.5,23.5,23.0,13.0,3040.0,225
2023-05-10 21:21:44,c2311-C-2660,c2311-C-2660,23.0,0.0,0.0,0.0,65,23.5,24.5,105,26.5,23.5,23.5,23.0,13.0,3040.0,225
2023-05-10 21:21:47,c2311-C-2660,c2311-C-2660,23.0,0.0,0.0,0.0,65,23.5,24.5,95,26.5,23.5,23.5,23.0,13.0,3040.0,225
2023-05-10 21:21:47,c2311-C-2660,c2311-C-2660,23.0,0.0,0.0,0.0,65,23.5,24.5,75,26.5,23.5,23.5,23.0,13.0,3040.0,225
2023-05-10 21:21:48,c2311-C-2660,c2311-C-2660,23.0,0.0,0.0,0.0,55,23.5,24.5,95,26.5,23.5,23.5,23.0,13.0,3040.0,225
2023-05-10 21:21:50,c2311-C-2660,c2311-C-2660,23.0,0.0,0.0,0.0,45,23.5,24.5,95,26.5,23.5,23.5,23.0,13.0,3040.0,225
2023-05-10 21:21:59,c2311-C-2660,c2311-C-2660,23.0,0.0,0.0,0.0,55,23.5,24.5,95,26.5,23.5,23.5,23.0,13.0,3040.0,225
2023-05-10 21:21:59,c2311-C-2660,c2311-C-2660,23.0,0.0,0.0,0.0,45,23.5,24.5,95,26.5,23.5,23.5,23.0,13.0,3040.0,225
2023-05-10 21:22:18,c2311-C-2660,c2311-C-2660,23.0,0.0,0.0,0.0,35,23.5,24.5,105,26.5,23.5,23.5,23.0,13.0,3040.0,225
2023-05-10 21:22:21,c2311-C-2660,c2311-C-2660,23.5,6.0,1410.0,6.0,10,23.5,24.5,73,26.5,23.5,23.5,23.0,19.0,4450.0,231
2023-05-10 21:22:21,c2311-C-2660,c2311-C-2660,23.5,0.0,0.0,0.0,10,23.5,24.5,83,26.5,23.5,23.5,23.0,19.0,4450.0,231
2023-05-10 21:22:23,c2311-C-2660,c2311-C-2660,23.5,1.0,235.0,1.0,53,23.0,24.5,63,26.5,23.5,23.5,23.0,20.0,4685.0,232
2023-05-10 21:22:23,c2311-C-2660,c2311-C-2660,23.5,0.0,0.0,0.0,63,23.0,24.5,73,26.5,23.5,23.5,23.0,20.0,4685.0,232
2023-05-10 21:22:25,c2311-C-2660,c2311-C-2660,23.5,0.0,0.0,0.0,98,23.0,24.5,108,26.5,23.5,23.5,23.0,20.0,4685.0,232
2023-05-10 21:22:27,c2311-C-2660,c2311-C-2660,23.5,0.0,0.0,0.0,78,23.0,24.0,10,26.5,23.5,23.5,23.0,20.0,4685.0,232
2023-05-10 21:22:27,c2311-C-2660,c2311-C-2660,23.5,0.0,0.0,0.0,78,23.0,24.0,30,26.5,23.5,23.5,23.0,20.0,4685.0,232
2023-05-10 21:22:29,c2311-C-2660,c2311-C-2660,23.5,0.0,0.0,0.0,78,23.0,24.0,40,26.5,23.5,23.5,23.0,20.0,4685.0,232
2023-05-10 21:22:29,c2311-C-2660,c2311-C-2660,23.5,0.0,0.0,0.0,88,23.0,24.0,30,26.5,23.5,23.5,23.0,20.0,4685.0,232
2023-05-10 21:22:32,c2311-C-2660,c2311-C-2660,23.5,0.0,0.0,0.0,88,23.0,24.0,40,26.5,23.5,23.5,23.0,20.0,4685.0,232
2023-05-10 21:22:37,c2311-C-2660,c2311-C-2660,23.5,0.0,0.0,0.0,88,23.0,24.0,30,26.5,23.5,23.5,23.0,20.0,4685.0,232
2023-05-10 21:22:41,c2311-C-2660,c2311-C-2660,23.5,0.0,0.0,0.0,88,23.0,24.0,40,26.5,23.5,23.5,23.0,20.0,4685.0,232
2023-05-10 21:22:47,c2311-C-2660,c2311-C-2660,23.5,0.0,0.0,0.0,48,23.0,24.0,60,26.5,23.5,23.5,23.0,20.0,4685.0,232
2023-05-10 21:22:49,c2311-C-2660,c2311-C-2660,23.5,0.0,0.0,0.0,48,23.0,24.0,50,26.5,23.5,23.5,23.0,20.0,4685.0,232
2023-05-10 21:22:53,c2311-C-2660,c2311-C-2660,23.5,0.0,0.0,0.0,48,23.0,24.0,60,26.5,23.5,23.5,23.0,20.0,4685.0,232
2023-05-10 21:22:54,c2311-C-2660,c2311-C-2660,23.5,0.0,0.0,0.0,58,23.0,24.0,60,26.5,23.5,23.5,23.0,20.0,4685.0,232
2023-05-10 21:22:54,c2311-C-2660,c2311-C-2660,23.5,0.0,0.0,0.0,48,23.0,24.0,60,26.5,23.5,23.5,23.0,20.0,4685.0,232
2023-05-10 21:22:57,c2311-C-2660,c2311-C-2660,23.5,0.0,0.0,0.0,48,23.0,24.0,70,26.5,23.5,23.5,23.0,20.0,4685.0,232
2023-05-10 21:22:58,c2311-C-2660,c2311-C-2660,23.5,0.0,0.0,0.0,48,23.0,24.0,50,26.5,23.5,23.5,23.0,20.0,4685.0,232
2023-05-10 21:22:59,c2311-C-2660,c2311-C-2660,23.5,0.0,0.0,0.0,48,23.0,24.0,60,26.5,23.5,23.5,23.0,20.0,4685.0,232
2023-05-10 21:23:04,c2311-C-2660,c2311-C-2660,23.5,0.0,0.0,0.0,48,23.0,24.0,70,26.5,23.5,23.5,23.0,20.0,4685.0,232
2023-05-10 21:23:11,c2311-C-2660,c2311-C-2660,23.5,0.0,0.0,0.0,48,23.0,24.0,60,26.5,23.5,23.5,23.0,20.0,4685.0,232
2023-05-10 21:23:12,c2311-C-2660,c2311-C-2660,23.5,0.0,0.0,0.0,48,23.0,24.0,50,26.5,23.5,23.5,23.0,20.0,4685.0,232
2023-05-10 21:23:12,c2311-C-2660,c2311-C-2660,23.5,0.0,0.0,0.0,48,23.0,24.0,60,26.5,23.5,23.5,23.0,20.0,4685.0,232
2023-05-10 21:23:17,c2311-C-2660,c2311-C-2660,23.5,0.0,0.0,0.0,48,23.0,24.0,70,26.5,23.5,23.5,23.0,20.0,4685.0,232
2023-05-10 21:23:34,c2311-C-2660,c2311-C-2660,23.5,0.0,0.0,0.0,48,23.0,24.0,60,26.5,23.5,23.5,23.0,20.0,4685.0,232
2023-05-10 21:23:39,c2311-C-2660,c2311-C-2660,23.5,0.0,0.0,0.0,68,23.0,24.0,50,26.5,23.5,23.5,23.0,20.0,4685.0,232
2023-05-10 21:23:39,c2311-C-2660,c2311-C-2660,23.5,0.0,0.0,0.0,68,23.0,24.0,40,26.5,23.5,23.5,23.0,20.0,4685.0,232
2023-05-10 21:23:41,c2311-C-2660,c2311-C-2660,23.5,0.0,0.0,0.0,58,23.0,24.0,40,26.5,23.5,23.5,23.0,20.0,4685.0,232
2023-05-10 21:23:41,c2311-C-2660,c2311-C-2660,23.5,0.0,0.0,0.0,58,23.0,24.0,50,26.5,23.5,23.5,23.0,20.0,4685.0,232
2023-05-10 21:23:43,c2311-C-2660,c2311-C-2660,23.5,0.0,0.0,0.0,78,23.0,24.0,50,26.5,23.5,23.5,23.0,20.0,4685.0,232
2023-05-10 21:23:43,c2311-C-2660,c2311-C-2660,23.5,0.0,0.0,0.0,58,23.0,24.0,40,26.5,23.5,23.5,23.0,20.0,4685.0,232
2023-05-10 21:23:43,c2311-C-2660,c2311-C-2660,23.5,0.0,0.0,0.0,58,23.0,24.0,50,26.5,23.5,23.5,23.0,20.0,4685.0,232
2023-05-10 21:23:49,c2311-C-2660,c2311-C-2660,23.5,0.0,0.0,0.0,68,23.0,24.0,50,26.5,23.5,23.5,23.0,20.0,4685.0,232
2023-05-10 21:23:49,c2311-C-2660,c2311-C-2660,23.5,0.0,0.0,0.0,58,23.0,24.0,50,26.5,23.5,23.5,23.0,20.0,4685.0,232
2023-05-10 21:23:56,c2311-C-2660,c2311-C-2660,23.5,0.0,0.0,0.0,48,23.0,24.0,70,26.5,23.5,23.5,23.0,20.0,4685.0,232
2023-05-10 21:24:00,c2311-C-2660,c2311-C-2660,23.5,0.0,0.0,0.0,48,23.0,24.0,60,26.5,23.5,23.5,23.0,20.0,4685.0,232
2023-05-10 21:24:01,c2311-C-2660,c2311-C-2660,23.5,0.0,0.0,0.0,58,23.0,24.0,60,26.5,23.5,23.5,23.0,20.0,4685.0,232
2023-05-10 21:24:01,c2311-C-2660,c2311-C-2660,23.5,0.0,0.0,0.0,48,23.0,24.0,60,26.5,23.5,23.5,23.0,20.0,4685.0,232
2023-05-10 21:24:01,c2311-C-2660,c2311-C-2660,23.5,0.0,0.0,0.0,58,23.0,24.0,60,26.5,23.5,23.5,23.0,20.0,4685.0,232
2023-05-10 21:24:02,c2311-C-2660,c2311-C-2660,23.5,0.0,0.0,0.0,48,23.0,24.0,60,26.5,23.5,23.5,23.0,20.0,4685.0,232
2023-05-10 21:24:06,c2311-C-2660,c2311-C-2660,23.5,0.0,0.0,0.0,48,23.0,24.0,50,26.5,23.5,23.5,23.0,20.0,4685.0,232
2023-05-10 21:24:07,c2311-C-2660,c2311-C-2660,23.5,0.0,0.0,0.0,68,23.0,24.0,50,26.5,23.5,23.5,23.0,20.0,4685.0,232
2023-05-10 21:24:31,c2311-C-2660,c2311-C-2660,23.5,0.0,0.0,0.0,98,23.0,24.0,30,26.5,23.5,23.5,23.0,20.0,4685.0,232
2023-05-10 21:24:37,c2311-C-2660,c2311-C-2660,23.5,0.0,0.0,0.0,68,23.0,24.0,40,26.5,23.5,23.5,23.0,20.0,4685.0,232
2023-05-10 21:24:44,c2311-C-2660,c2311-C-2660,23.5,0.0,0.0,0.0,58,23.0,24.0,50,26.5,23.5,23.5,23.0,20.0,4685.0,232
2023-05-10 21:24:44,c2311-C-2660,c2311-C-2660,23.5,0.0,0.0,0.0,48,23.0,24.0,70,26.5,23.5,23.5,23.0,20.0,4685.0,232
2023-05-10 21:24:49,c2311-C-2660,c2311-C-2660,23.5,0.0,0.0,0.0,45,23.0,24.0,70,26.5,23.5,23.5,23.0,20.0,4685.0,232
2023-05-10 21:25:01,c2311-C-2660,c2311-C-2660,23.5,0.0,0.0,0.0,35,23.0,24.0,70,26.5,23.5,23.5,23.0,20.0,4685.0,232
2023-05-10 21:25:04,c2311-C-2660,c2311-C-2660,23.5,0.0,0.0,0.0,63,22.5,23.5,30,26.5,23.5,23.5,23.0,20.0,4685.0,232
2023-05-10 21:25:04,c2311-C-2660,c2311-C-2660,23.5,0.0,0.0,0.0,88,22.5,23.5,55,26.5,23.5,23.5,23.0,20.0,4685.0,232
2023-05-10 21:25:06,c2311-C-2660,c2311-C-2660,23.5,0.0,0.0,0.0,88,22.5,23.5,65,26.5,23.5,23.5,23.0,20.0,4685.0,232
2023-05-10 21:25:07,c2311-C-2660,c2311-C-2660,23.5,0.0,0.0,0.0,68,22.5,23.5,75,26.5,23.5,23.5,23.0,20.0,4685.0,232
2023-05-10 21:25:09,c2311-C-2660,c2311-C-2660,23.5,0.0,0.0,0.0,78,22.5,23.5,75,26.5,23.5,23.5,23.0,20.0,4685.0,232
2023-05-10 21:25:10,c2311-C-2660,c2311-C-2660,23.5,0.0,0.0,0.0,88,22.5,23.5,65,26.5,23.5,23.5,23.0,20.0,4685.0,232
2023-05-10 21:25:10,c2311-C-2660,c2311-C-2660,23.5,0.0,0.0,0.0,88,22.5,23.5,75,26.5,23.5,23.5,23.0,20.0,4685.0,232
2023-05-10 21:25:16,c2311-C-2660,c2311-C-2660,23.5,0.0,0.0,0.0,98,22.5,23.5,55,26.5,23.5,23.5,23.0,20.0,4685.0,232
2023-05-10 21:25:19,c2311-C-2660,c2311-C-2660,23.5,0.0,0.0,0.0,98,22.5,23.5,65,26.5,23.5,23.5,23.0,20.0,4685.0,232
2023-05-10 21:25:29,c2311-C-2660,c2311-C-2660,23.5,0.0,0.0,0.0,98,22.5,23.5,45,26.5,23.5,23.5,23.0,20.0,4685.0,232
2023-05-10 21:25:29,c2311-C-2660,c2311-C-2660,23.5,0.0,0.0,0.0,73,22.5,24.0,60,26.5,23.5,23.5,23.0,20.0,4685.0,232
2023-05-10 21:25:29,c2311-C-2660,c2311-C-2660,23.5,0.0,0.0,0.0,98,22.5,24.0,85,26.5,23.5,23.5,23.0,20.0,4685.0,232
2023-05-10 21:25:30,c2311-C-2660,c2311-C-2660,23.5,0.0,0.0,0.0,10,23.0,24.0,85,26.5,23.5,23.5,23.0,20.0,4685.0,232
2023-05-10 21:25:32,c2311-C-2660,c2311-C-2660,23.5,0.0,0.0,0.0,20,23.0,24.0,95,26.5,23.5,23.5,23.0,20.0,4685.0,232
2023-05-10 21:26:10,c2311-C-2660,c2311-C-2660,23.5,0.0,0.0,0.0,20,23.0,24.0,85,26.5,23.5,23.5,23.0,20.0,4685.0,232
2023-05-10 21:26:11,c2311-C-2660,c2311-C-2660,23.5,0.0,0.0,0.0,20,23.0,24.0,95,26.5,23.5,23.5,23.0,20.0,4685.0,232
2023-05-10 21:26:40,c2311-C-2660,c2311-C-2660,23.5,0.0,0.0,0.0,30,23.0,24.0,105,26.5,23.5,23.5,23.0,20.0,4685.0,232
2023-05-10 21:26:42,c2311-C-2660,c2311-C-2660,23.5,0.0,0.0,0.0,30,23.0,23.5,10,26.5,23.5,23.5,23.0,20.0,4685.0,232
2023-05-10 21:26:42,c2311-C-2660,c2311-C-2660,23.5,0.0,0.0,0.0,55,23.0,23.5,55,26.5,23.5,23.5,23.0,20.0,4685.0,232
2023-05-10 21:26:43,c2311-C-2660,c2311-C-2660,23.5,0.0,0.0,0.0,45,23.0,23.5,55,26.5,23.5,23.5,23.0,20.0,4685.0,232
2023-05-10 21:26:44,c2311-C-2660,c2311-C-2660,23.5,0.0,0.0,0.0,55,23.0,23.5,55,26.5,23.5,23.5,23.0,20.0,4685.0,232
2023-05-10 21:26:45,c2311-C-2660,c2311-C-2660,23.5,0.0,0.0,0.0,45,23.0,23.5,65,26.5,23.5,23.5,23.0,20.0,4685.0,232
2023-05-10 21:26:45,c2311-C-2660,c2311-C-2660,23.5,0.0,0.0,0.0,35,23.0,23.5,55,26.5,23.5,23.5,23.0,20.0,4685.0,232
2023-05-10 21:26:45,c2311-C-2660,c2311-C-2660,23.5,0.0,0.0,0.0,45,23.0,23.5,55,26.5,23.5,23.5,23.0,20.0,4685.0,232
2023-05-10 21:26:46,c2311-C-2660,c2311-C-2660,23.5,0.0,0.0,0.0,55,23.0,23.5,55,26.5,23.5,23.5,23.0,20.0,4685.0,232
2023-05-10 21:26:51,c2311-C-2660,c2311-C-2660,23.5,0.0,0.0,0.0,55,23.0,23.5,45,26.5,23.5,23.5,23.0,20.0,4685.0,232
2023-05-10 21:26:52,c2311-C-2660,c2311-C-2660,23.5,0.0,0.0,0.0,55,23.0,23.5,55,26.5,23.5,23.5,23.0,20.0,4685.0,232
2023-05-10 21:27:16,c2311-C-2660,c2311-C-2660,23.5,0.0,0.0,0.0,45,23.0,23.5,55,26.5,23.5,23.5,23.0,20.0,4685.0,232
2023-05-10 21:27:17,c2311-C-2660,c2311-C-2660,23.5,0.0,0.0,0.0,35,23.0,23.5,65,26.5,23.5,23.5,23.0,20.0,4685.0,232
2023-05-10 21:27:19,c2311-C-2660,c2311-C-2660,23.5,0.0,0.0,0.0,45,23.0,23.5,55,26.5,23.5,23.5,23.0,20.0,4685.0,232
2023-05-10 21:27:22,c2311-C-2660,c2311-C-2660,23.5,0.0,0.0,0.0,55,23.0,23.5,55,26.5,23.5,23.5,23.0,20.0,4685.0,232
2023-05-10 21:27:24,c2311-C-2660,c2311-C-2660,23.5,0.0,0.0,0.0,45,23.0,23.5,55,26.5,23.5,23.5,23.0,20.0,4685.0,232
2023-05-10 21:27:26,c2311-C-2660,c2311-C-2660,23.5,0.0,0.0,0.0,35,23.0,23.5,55,26.5,23.5,23.5,23.0,20.0,4685.0,232
2023-05-10 21:27:27,c2311-C-2660,c2311-C-2660,23.5,0.0,0.0,0.0,45,23.0,23.5,55,26.5,23.5,23.5,23.0,20.0,4685.0,232
2023-05-10 21:27:27,c2311-C-2660,c2311-C-2660,23.5,0.0,0.0,0.0,35,23.0,23.5,55,26.5,23.5,23.5,23.0,20.0,4685.0,232
2023-05-10 21:27:28,c2311-C-2660,c2311-C-2660,23.5,0.0,0.0,0.0,45,23.0,23.5,55,26.5,23.5,23.5,23.0,20.0,4685.0,232
2023-05-10 21:27:41,c2311-C-2660,c2311-C-2660,23.5,0.0,0.0,0.0,55,23.0,23.5,55,26.5,23.5,23.5,23.0,20.0,4685.0,232
2023-05-10 21:27:44,c2311-C-2660,c2311-C-2660,23.5,0.0,0.0,0.0,35,23.0,23.5,55,26.5,23.5,23.5,23.0,20.0,4685.0,232
2023-05-10 21:27:46,c2311-C-2660,c2311-C-2660,23.5,0.0,0.0,0.0,45,23.0,23.5,55,26.5,23.5,23.5,23.0,20.0,4685.0,232
2023-05-10 21:27:49,c2311-C-2660,c2311-C-2660,23.5,0.0,0.0,0.0,55,23.0,23.5,55,26.5,23.5,23.5,23.0,20.0,4685.0,232
2023-05-10 21:27:51,c2311-C-2660,c2311-C-2660,23.5,0.0,0.0,0.0,35,23.0,23.5,55,26.5,23.5,23.5,23.0,20.0,4685.0,232
2023-05-10 21:27:51,c2311-C-2660,c2311-C-2660,23.5,0.0,0.0,0.0,45,23.0,23.5,55,26.5,23.5,23.5,23.0,20.0,4685.0,232
2023-05-10 21:27:52,c2311-C-2660,c2311-C-2660,23.5,0.0,0.0,0.0,55,23.0,23.5,55,26.5,23.5,23.5,23.0,20.0,4685.0,232
2023-05-10 21:28:00,c2311-C-2660,c2311-C-2660,23.5,0.0,0.0,0.0,35,23.0,23.5,65,26.5,23.5,23.5,23.0,20.0,4685.0,232
2023-05-10 21:28:00,c2311-C-2660,c2311-C-2660,23.5,0.0,0.0,0.0,35,23.0,23.5,55,26.5,23.5,23.5,23.0,20.0,4685.0,232
2023-05-10 21:28:06,c2311-C-2660,c2311-C-2660,23.5,0.0,0.0,0.0,45,23.0,23.5,55,26.5,23.5,23.5,23.0,20.0,4685.0,232
2023-05-10 21:28:07,c2311-C-2660,c2311-C-2660,23.5,0.0,0.0,0.0,35,23.0,23.5,55,26.5,23.5,23.5,23.0,20.0,4685.0,232
2023-05-10 21:28:07,c2311-C-2660,c2311-C-2660,23.5,0.0,0.0,0.0,45,23.0,23.5,55,26.5,23.5,23.5,23.0,20.0,4685.0,232
2023-05-10 21:28:08,c2311-C-2660,c2311-C-2660,23.5,0.0,0.0,0.0,35,23.0,23.5,55,26.5,23.5,23.5,23.0,20.0,4685.0,232
2023-05-10 21:28:14,c2311-C-2660,c2311-C-2660,23.5,0.0,0.0,0.0,35,23.0,23.5,45,26.5,23.5,23.5,23.0,20.0,4685.0,232
2023-05-10 21:28:28,c2311-C-2660,c2311-C-2660,23.5,0.0,0.0,0.0,45,23.0,23.5,45,26.5,23.5,23.5,23.0,20.0,4685.0,232
2023-05-10 21:28:30,c2311-C-2660,c2311-C-2660,23.5,0.0,0.0,0.0,35,23.0,23.5,45,26.5,23.5,23.5,23.0,20.0,4685.0,232
2023-05-10 21:28:35,c2311-C-2660,c2311-C-2660,23.5,0.0,0.0,0.0,45,23.0,23.5,45,26.5,23.5,23.5,23.0,20.0,4685.0,232
2023-05-10 21:28:35,c2311-C-2660,c2311-C-2660,23.5,0.0,0.0,0.0,35,23.0,23.5,45,26.5,23.5,23.5,23.0,20.0,4685.0,232
2023-05-10 21:28:36,c2311-C-2660,c2311-C-2660,23.5,0.0,0.0,0.0,45,23.0,23.5,45,26.5,23.5,23.5,23.0,20.0,4685.0,232
2023-05-10 21:28:38,c2311-C-2660,c2311-C-2660,23.5,0.0,0.0,0.0,35,23.0,23.5,45,26.5,23.5,23.5,23.0,20.0,4685.0,232
2023-05-10 21:29:39,c2311-C-2660,c2311-C-2660,23.5,0.0,0.0,0.0,35,23.0,23.5,35,26.5,23.5,23.5,23.0,20.0,4685.0,232
2023-05-10 21:29:40,c2311-C-2660,c2311-C-2660,23.5,0.0,0.0,0.0,35,23.0,23.5,45,26.5,23.5,23.5,23.0,20.0,4685.0,232
2023-05-10 21:29:41,c2311-C-2660,c2311-C-2660,23.5,0.0,0.0,0.0,45,23.0,23.5,35,26.5,23.5,23.5,23.0,20.0,4685.0,232
2023-05-10 21:29:42,c2311-C-2660,c2311-C-2660,23.5,0.0,0.0,0.0,45,23.0,23.5,45,26.5,23.5,23.5,23.0,20.0,4685.0,232
2023-05-10 21:29:43,c2311-C-2660,c2311-C-2660,23.5,0.0,0.0,0.0,35,23.0,23.5,45,26.5,23.5,23.5,23.0,20.0,4685.0,232
2023-05-10 21:30:02,c2311-C-2660,c2311-C-2660,23.5,0.0,0.0,0.0,45,23.0,23.5,45,26.5,23.5,23.5,23.0,20.0,4685.0,232
2023-05-10 21:30:06,c2311-C-2660,c2311-C-2660,23.5,0.0,0.0,0.0,35,23.0,23.5,55,26.5,23.5,23.5,23.0,20.0,4685.0,232
2023-05-10 21:30:07,c2311-C-2660,c2311-C-2660,23.5,0.0,0.0,0.0,45,23.0,23.5,45,26.5,23.5,23.5,23.0,20.0,4685.0,232
2023-05-10 21:30:09,c2311-C-2660,c2311-C-2660,23.5,0.0,0.0,0.0,35,23.0,23.5,45,26.5,23.5,23.5,23.0,20.0,4685.0,232
2023-05-10 21:30:09,c2311-C-2660,c2311-C-2660,23.5,0.0,0.0,0.0,45,23.0,23.5,45,26.5,23.5,23.5,23.0,20.0,4685.0,232
2023-05-10 21:30:14,c2311-C-2660,c2311-C-2660,23.5,0.0,0.0,0.0,35,23.0,23.5,55,26.5,23.5,23.5,23.0,20.0,4685.0,232
2023-05-10 21:30:17,c2311-C-2660,c2311-C-2660,23.5,0.0,0.0,0.0,45,23.0,23.5,45,26.5,23.5,23.5,23.0,20.0,4685.0,232
2023-05-10 21:30:17,c2311-C-2660,c2311-C-2660,23.5,0.0,0.0,0.0,35,23.0,23.5,45,26.5,23.5,23.5,23.0,20.0,4685.0,232
2023-05-10 21:30:18,c2311-C-2660,c2311-C-2660,23.5,0.0,0.0,0.0,45,23.0,23.5,45,26.5,23.5,23.5,23.0,20.0,4685.0,232
2023-05-10 21:30:21,c2311-C-2660,c2311-C-2660,23.5,0.0,0.0,0.0,80,22.5,23.5,40,26.5,23.5,23.5,23.0,20.0,4685.0,232
2023-05-10 21:30:21,c2311-C-2660,c2311-C-2660,23.5,0.0,0.0,0.0,105,22.5,23.5,65,26.5,23.5,23.5,23.0,20.0,4685.0,232
2023-05-10 21:30:30,c2311-C-2660,c2311-C-2660,23.5,0.0,0.0,0.0,105,22.5,23.5,55,26.5,23.5,23.5,23.0,20.0,4685.0,232
2023-05-10 21:30:31,c2311-C-2660,c2311-C-2660,23.5,0.0,0.0,0.0,105,22.5,23.5,65,26.5,23.5,23.5,23.0,20.0,4685.0,232
2023-05-10 21:30:33,c2311-C-2660,c2311-C-2660,23.5,0.0,0.0,0.0,105,22.5,23.5,55,26.5,23.5,23.5,23.0,20.0,4685.0,232
2023-05-10 21:30:35,c2311-C-2660,c2311-C-2660,23.5,0.0,0.0,0.0,105,22.5,23.5,65,26.5,23.5,23.5,23.0,20.0,4685.0,232
2023-05-10 21:30:53,c2311-C-2660,c2311-C-2660,23.5,0.0,0.0,0.0,10,23.0,23.5,55,26.5,23.5,23.5,23.0,20.0,4685.0,232
2023-05-10 21:30:53,c2311-C-2660,c2311-C-2660,23.5,0.0,0.0,0.0,105,22.5,23.5,55,26.5,23.5,23.5,23.0,20.0,4685.0,232
2023-05-10 21:30:54,c2311-C-2660,c2311-C-2660,23.5,0.0,0.0,0.0,105,22.5,23.5,65,26.5,23.5,23.5,23.0,20.0,4685.0,232
2023-05-10 21:30:58,c2311-C-2660,c2311-C-2660,23.5,0.0,0.0,0.0,105,22.5,23.5,75,26.5,23.5,23.5,23.0,20.0,4685.0,232
2023-05-10 21:30:58,c2311-C-2660,c2311-C-2660,23.5,0.0,0.0,0.0,105,22.5,23.5,65,26.5,23.5,23.5,23.0,20.0,4685.0,232
2023-05-10 21:31:00,c2311-C-2660,c2311-C-2660,23.5,0.0,0.0,0.0,10,23.0,23.5,35,26.5,23.5,23.5,23.0,20.0,4685.0,232
2023-05-10 21:31:01,c2311-C-2660,c2311-C-2660,23.5,0.0,0.0,0.0,10,23.0,23.5,45,26.5,23.5,23.5,23.0,20.0,4685.0,232
2023-05-10 21:31:01,c2311-C-2660,c2311-C-2660,23.5,0.0,0.0,0.0,20,23.0,23.5,35,26.5,23.5,23.5,23.0,20.0,4685.0,232
2023-05-10 21:31:03,c2311-C-2660,c2311-C-2660,23.5,0.0,0.0,0.0,30,23.0,23.5,35,26.5,23.5,23.5,23.0,20.0,4685.0,232
2023-05-10 21:31:08,c2311-C-2660,c2311-C-2660,23.5,0.0,0.0,0.0,40,23.0,23.5,35,26.5,23.5,23.5,23.0,20.0,4685.0,232
2023-05-10 21:31:10,c2311-C-2660,c2311-C-2660,23.5,0.0,0.0,0.0,40,23.0,23.5,45,26.5,23.5,23.5,23.0,20.0,4685.0,232
2023-05-10 21:31:13,c2311-C-2660,c2311-C-2660,23.5,0.0,0.0,0.0,30,23.0,23.5,45,26.5,23.5,23.5,23.0,20.0,4685.0,232
2023-05-10 21:31:23,c2311-C-2660,c2311-C-2660,23.5,0.0,0.0,0.0,40,23.0,23.5,45,26.5,23.5,23.5,23.0,20.0,4685.0,232
2023-05-10 21:31:26,c2311-C-2660,c2311-C-2660,23.5,0.0,0.0,0.0,30,23.0,23.5,45,26.5,23.5,23.5,23.0,20.0,4685.0,232
2023-05-10 21:31:32,c2311-C-2660,c2311-C-2660,23.5,0.0,0.0,0.0,40,23.0,23.5,45,26.5,23.5,23.5,23.0,20.0,4685.0,232
2023-05-10 21:31:34,c2311-C-2660,c2311-C-2660,23.5,0.0,0.0,0.0,30,23.0,23.5,45,26.5,23.5,23.5,23.0,20.0,4685.0,232
2023-05-10 21:31:37,c2311-C-2660,c2311-C-2660,23.5,0.0,0.0,0.0,40,23.0,23.5,45,26.5,23.5,23.5,23.0,20.0,4685.0,232
2023-05-10 21:31:42,c2311-C-2660,c2311-C-2660,23.5,0.0,0.0,0.0,30,23.0,23.5,45,26.5,23.5,23.5,23.0,20.0,4685.0,232
2023-05-10 21:31:43,c2311-C-2660,c2311-C-2660,23.5,0.0,0.0,0.0,40,23.0,23.5,45,26.5,23.5,23.5,23.0,20.0,4685.0,232
2023-05-10 21:31:46,c2311-C-2660,c2311-C-2660,23.5,0.0,0.0,0.0,30,23.0,23.5,45,26.5,23.5,23.5,23.0,20.0,4685.0,232
2023-05-10 21:31:49,c2311-C-2660,c2311-C-2660,23.5,0.0,0.0,0.0,20,23.0,23.5,45,26.5,23.5,23.5,23.0,20.0,4685.0,232
2023-05-10 21:32:20,c2311-C-2660,c2311-C-2660,23.5,0.0,0.0,0.0,105,22.5,23.5,55,26.5,23.5,23.5,23.0,20.0,4685.0,232
2023-05-10 21:32:22,c2311-C-2660,c2311-C-2660,23.5,0.0,0.0,0.0,105,22.5,23.5,45,26.5,23.5,23.5,23.0,20.0,4685.0,232
2023-05-10 21:32:23,c2311-C-2660,c2311-C-2660,23.5,0.0,0.0,0.0,105,22.5,23.5,55,26.5,23.5,23.5,23.0,20.0,4685.0,232
2023-05-10 21:32:25,c2311-C-2660,c2311-C-2660,23.5,0.0,0.0,0.0,105,22.5,23.5,65,26.5,23.5,23.5,23.0,20.0,4685.0,232
2023-05-10 21:32:27,c2311-C-2660,c2311-C-2660,23.5,0.0,0.0,0.0,20,23.0,23.5,45,26.5,23.5,23.5,23.0,20.0,4685.0,232
2023-05-10 21:32:28,c2311-C-2660,c2311-C-2660,23.5,0.0,0.0,0.0,20,23.0,23.5,35,26.5,23.5,23.5,23.0,20.0,4685.0,232
2023-05-10 21:32:28,c2311-C-2660,c2311-C-2660,23.5,0.0,0.0,0.0,20,23.0,23.5,45,26.5,23.5,23.5,23.0,20.0,4685.0,232
2023-05-10 21:32:31,c2311-C-2660,c2311-C-2660,23.5,0.0,0.0,0.0,30,23.0,23.5,35,26.5,23.5,23.5,23.0,20.0,4685.0,232
2023-05-10 21:33:24,c2311-C-2660,c2311-C-2660,23.5,0.0,0.0,0.0,60,23.0,23.5,35,26.5,23.5,23.5,23.0,20.0,4685.0,232
2023-05-10 21:33:25,c2311-C-2660,c2311-C-2660,23.5,0.0,0.0,0.0,50,23.0,23.5,35,26.5,23.5,23.5,23.0,20.0,4685.0,232
2023-05-10 21:33:25,c2311-C-2660,c2311-C-2660,23.5,0.0,0.0,0.0,30,23.0,23.5,45,26.5,23.5,23.5,23.0,20.0,4685.0,232
2023-05-10 21:33:40,c2311-C-2660,c2311-C-2660,23.5,0.0,0.0,0.0,40,23.0,23.5,45,26.5,23.5,23.5,23.0,20.0,4685.0,232
2023-05-10 21:33:41,c2311-C-2660,c2311-C-2660,23.5,0.0,0.0,0.0,30,23.0,23.5,45,26.5,23.5,23.5,23.0,20.0,4685.0,232
2023-05-10 21:33:50,c2311-C-2660,c2311-C-2660,23.5,0.0,0.0,0.0,40,23.0,23.5,45,26.5,23.5,23.5,23.0,20.0,4685.0,232
2023-05-10 21:33:59,c2311-C-2660,c2311-C-2660,23.5,0.0,0.0,0.0,40,23.0,23.5,35,26.5,23.5,23.5,23.0,20.0,4685.0,232
2023-05-10 21:34:00,c2311-C-2660,c2311-C-2660,23.5,0.0,0.0,0.0,40,23.0,23.5,45,26.5,23.5,23.5,23.0,20.0,4685.0,232
2023-05-10 21:34:12,c2311-C-2660,c2311-C-2660,23.5,0.0,0.0,0.0,40,23.0,23.5,35,26.5,23.5,23.5,23.0,20.0,4685.0,232
2023-05-10 21:34:12,c2311-C-2660,c2311-C-2660,23.5,0.0,0.0,0.0,50,23.0,23.5,35,26.5,23.5,23.5,23.0,20.0,4685.0,232
2023-05-10 21:34:13,c2311-C-2660,c2311-C-2660,23.5,0.0,0.0,0.0,40,23.0,23.5,35,26.5,23.5,23.5,23.0,20.0,4685.0,232
2023-05-10 21:34:14,c2311-C-2660,c2311-C-2660,23.5,0.0,0.0,0.0,40,23.0,23.5,45,26.5,23.5,23.5,23.0,20.0,4685.0,232
2023-05-10 21:34:15,c2311-C-2660,c2311-C-2660,23.5,0.0,0.0,0.0,30,23.0,23.5,55,26.5,23.5,23.5,23.0,20.0,4685.0,232
2023-05-10 21:34:16,c2311-C-2660,c2311-C-2660,23.5,0.0,0.0,0.0,40,23.0,23.5,45,26.5,23.5,23.5,23.0,20.0,4685.0,232
2023-05-10 21:34:23,c2311-C-2660,c2311-C-2660,23.5,0.0,0.0,0.0,40,23.0,23.5,35,26.5,23.5,23.5,23.0,20.0,4685.0,232
2023-05-10 21:34:38,c2311-C-2660,c2311-C-2660,23.5,0.0,0.0,0.0,30,23.0,23.5,35,26.5,23.5,23.5,23.0,20.0,4685.0,232
2023-05-10 21:35:04,c2311-C-2660,c2311-C-2660,23.5,0.0,0.0,0.0,20,23.0,23.5,35,26.5,23.5,23.5,23.0,20.0,4685.0,232
2023-05-10 21:35:05,c2311-C-2660,c2311-C-2660,23.5,0.0,0.0,0.0,30,23.0,23.5,35,26.5,23.5,23.5,23.0,20.0,4685.0,232
2023-05-10 21:35:17,c2311-C-2660,c2311-C-2660,23.5,0.0,0.0,0.0,20,23.0,23.5,35,26.5,23.5,23.5,23.0,20.0,4685.0,232
2023-05-10 21:35:26,c2311-C-2660,c2311-C-2660,23.5,0.0,0.0,0.0,20,23.0,23.5,45,26.5,23.5,23.5,23.0,20.0,4685.0,232
2023-05-10 21:35:27,c2311-C-2660,c2311-C-2660,23.5,0.0,0.0,0.0,10,23.0,23.5,45,26.5,23.5,23.5,23.0,20.0,4685.0,232
2023-05-10 21:35:27,c2311-C-2660,c2311-C-2660,23.5,0.0,0.0,0.0,95,22.5,23.5,55,26.5,23.5,23.5,23.0,20.0,4685.0,232
2023-05-10 21:35:28,c2311-C-2660,c2311-C-2660,23.5,0.0,0.0,0.0,95,22.5,23.5,45,26.5,23.5,23.5,23.0,20.0,4685.0,232
2023-05-10 21:35:44,c2311-C-2660,c2311-C-2660,23.5,0.0,0.0,0.0,95,22.5,23.5,55,26.5,23.5,23.5,23.0,20.0,4685.0,232
2023-05-10 21:35:53,c2311-C-2660,c2311-C-2660,23.5,0.0,0.0,0.0,95,22.5,23.5,45,26.5,23.5,23.5,23.0,20.0,4685.0,232
2023-05-10 21:36:01,c2311-C-2660,c2311-C-2660,23.5,0.0,0.0,0.0,105,22.5,23.5,45,26.5,23.5,23.5,23.0,20.0,4685.0,232
2023-05-10 21:36:03,c2311-C-2660,c2311-C-2660,23.5,0.0,0.0,0.0,105,22.5,23.5,55,26.5,23.5,23.5,23.0,20.0,4685.0,232
2023-05-10 21:36:06,c2311-C-2660,c2311-C-2660,23.5,0.0,0.0,0.0,105,22.5,23.5,65,26.5,23.5,23.5,23.0,20.0,4685.0,232
2023-05-10 21:36:07,c2311-C-2660,c2311-C-2660,23.5,0.0,0.0,0.0,105,22.5,23.5,55,26.5,23.5,23.5,23.0,20.0,4685.0,232
2023-05-10 21:36:08,c2311-C-2660,c2311-C-2660,23.5,0.0,0.0,0.0,105,22.5,23.5,65,26.5,23.5,23.5,23.0,20.0,4685.0,232
2023-05-10 21:36:08,c2311-C-2660,c2311-C-2660,23.5,0.0,0.0,0.0,105,22.5,23.5,55,26.5,23.5,23.5,23.0,20.0,4685.0,232
2023-05-10 21:36:10,c2311-C-2660,c2311-C-2660,23.5,0.0,0.0,0.0,105,22.5,23.5,65,26.5,23.5,23.5,23.0,20.0,4685.0,232
2023-05-10 21:36:11,c2311-C-2660,c2311-C-2660,23.5,0.0,0.0,0.0,105,22.5,23.5,75,26.5,23.5,23.5,23.0,20.0,4685.0,232
2023-05-10 21:36:16,c2311-C-2660,c2311-C-2660,23.5,0.0,0.0,0.0,105,22.5,23.5,65,26.5,23.5,23.5,23.0,20.0,4685.0,232
2023-05-10 21:36:19,c2311-C-2660,c2311-C-2660,23.5,0.0,0.0,0.0,105,22.5,23.5,75,26.5,23.5,23.5,23.0,20.0,4685.0,232
2023-05-10 21:36:42,c2311-C-2660,c2311-C-2660,23.5,0.0,0.0,0.0,105,22.5,23.5,65,26.5,23.5,23.5,23.0,20.0,4685.0,232
2023-05-10 21:36:42,c2311-C-2660,c2311-C-2660,23.5,0.0,0.0,0.0,10,23.0,23.5,45,26.5,23.5,23.5,23.0,20.0,4685.0,232
2023-05-10 21:36:42,c2311-C-2660,c2311-C-2660,23.5,0.0,0.0,0.0,10,23.0,23.5,35,26.5,23.5,23.5,23.0,20.0,4685.0,232
2023-05-10 21:36:43,c2311-C-2660,c2311-C-2660,23.5,0.0,0.0,0.0,20,23.0,23.5,35,26.5,23.5,23.5,23.0,20.0,4685.0,232
2023-05-10 21:36:44,c2311-C-2660,c2311-C-2660,23.5,0.0,0.0,0.0,30,23.0,23.5,35,26.5,23.5,23.5,23.0,20.0,4685.0,232
2023-05-10 21:36:45,c2311-C-2660,c2311-C-2660,23.5,0.0,0.0,0.0,30,23.0,23.5,45,26.5,23.5,23.5,23.0,20.0,4685.0,232
2023-05-10 21:36:56,c2311-C-2660,c2311-C-2660,23.5,0.0,0.0,0.0,20,23.0,23.5,45,26.5,23.5,23.5,23.0,20.0,4685.0,232
2023-05-10 21:37:13,c2311-C-2660,c2311-C-2660,23.5,0.0,0.0,0.0,20,23.0,23.5,55,26.5,23.5,23.5,23.0,20.0,4685.0,232
2023-05-10 21:37:15,c2311-C-2660,c2311-C-2660,23.5,0.0,0.0,0.0,20,23.0,23.5,45,26.5,23.5,23.5,23.0,20.0,4685.0,232
2023-05-10 21:37:23,c2311-C-2660,c2311-C-2660,23.5,0.0,0.0,0.0,10,23.0,23.5,45,26.5,23.5,23.5,23.0,20.0,4685.0,232
2023-05-10 21:37:27,c2311-C-2660,c2311-C-2660,23.5,0.0,0.0,0.0,10,23.0,23.5,65,26.5,23.5,23.5,23.0,20.0,4685.0,232
2023-05-10 21:37:28,c2311-C-2660,c2311-C-2660,23.5,0.0,0.0,0.0,10,23.0,23.5,55,26.5,23.5,23.5,23.0,20.0,4685.0,232
2023-05-10 21:37:28,c2311-C-2660,c2311-C-2660,23.5,0.0,0.0,0.0,105,22.5,23.5,65,26.5,23.5,23.5,23.0,20.0,4685.0,232
2023-05-10 21:37:31,c2311-C-2660,c2311-C-2660,23.5,0.0,0.0,0.0,95,22.5,23.5,75,26.5,23.5,23.5,23.0,20.0,4685.0,232
2023-05-10 21:37:35,c2311-C-2660,c2311-C-2660,23.5,0.0,0.0,0.0,85,22.5,23.5,75,26.5,23.5,23.5,23.0,20.0,4685.0,232
2023-05-10 21:37:46,c2311-C-2660,c2311-C-2660,23.5,0.0,0.0,0.0,85,22.5,23.5,85,26.5,23.5,23.5,23.0,20.0,4685.0,232
2023-05-10 21:37:47,c2311-C-2660,c2311-C-2660,23.5,0.0,0.0,0.0,65,22.5,23.5,85,26.5,23.5,23.5,23.0,20.0,4685.0,232
2023-05-10 21:37:48,c2311-C-2660,c2311-C-2660,23.5,0.0,0.0,0.0,75,22.5,23.5,85,26.5,23.5,23.5,23.0,20.0,4685.0,232
2023-05-10 21:37:50,c2311-C-2660,c2311-C-2660,23.5,0.0,0.0,0.0,65,22.5,23.5,85,26.5,23.5,23.5,23.0,20.0,4685.0,232
2023-05-10 21:37:51,c2311-C-2660,c2311-C-2660,23.5,0.0,0.0,0.0,75,22.5,23.5,85,26.5,23.5,23.5,23.0,20.0,4685.0,232
2023-05-10 21:37:57,c2311-C-2660,c2311-C-2660,23.5,0.0,0.0,0.0,65,22.5,23.5,85,26.5,23.5,23.5,23.0,20.0,4685.0,232
2023-05-10 21:37:58,c2311-C-2660,c2311-C-2660,23.5,0.0,0.0,0.0,75,22.5,23.5,85,26.5,23.5,23.5,23.0,20.0,4685.0,232
2023-05-10 21:38:05,c2311-C-2660,c2311-C-2660,23.5,0.0,0.0,0.0,55,22.5,23.5,95,26.5,23.5,23.5,23.0,20.0,4685.0,232
2023-05-10 21:38:07,c2311-C-2660,c2311-C-2660,23.5,0.0,0.0,0.0,45,22.5,23.5,95,26.5,23.5,23.5,23.0,20.0,4685.0,232
2023-05-10 21:38:09,c2311-C-2660,c2311-C-2660,23.5,0.0,0.0,0.0,35,22.5,23.5,105,26.5,23.5,23.5,23.0,20.0,4685.0,232
2023-05-10 21:38:15,c2311-C-2660,c2311-C-2660,23.5,0.0,0.0,0.0,80,22.0,23.5,80,26.5,23.5,23.5,23.0,20.0,4685.0,232
2023-05-10 21:38:15,c2311-C-2660,c2311-C-2660,23.5,0.0,0.0,0.0,105,22.0,23.5,105,26.5,23.5,23.5,23.0,20.0,4685.0,232
2023-05-10 21:38:17,c2311-C-2660,c2311-C-2660,23.5,0.0,0.0,0.0,105,22.0,23.0,10,26.5,23.5,23.5,23.0,20.0,4685.0,232
2023-05-10 21:38:17,c2311-C-2660,c2311-C-2660,23.5,0.0,0.0,0.0,105,22.0,23.0,30,26.5,23.5,23.5,23.0,20.0,4685.0,232
2023-05-10 21:38:19,c2311-C-2660,c2311-C-2660,23.5,0.0,0.0,0.0,105,22.0,23.0,40,26.5,23.5,23.5,23.0,20.0,4685.0,232
2023-05-10 21:38:36,c2311-C-2660,c2311-C-2660,23.5,0.0,0.0,0.0,95,22.0,23.0,50,26.5,23.5,23.5,23.0,20.0,4685.0,232
2023-05-10 21:38:36,c2311-C-2660,c2311-C-2660,23.5,0.0,0.0,0.0,105,22.0,23.0,50,26.5,23.5,23.5,23.0,20.0,4685.0,232
2023-05-10 21:38:49,c2311-C-2660,c2311-C-2660,23.5,0.0,0.0,0.0,105,22.0,23.0,40,26.5,23.5,23.5,23.0,20.0,4685.0,232
2023-05-10 21:38:54,c2311-C-2660,c2311-C-2660,23.5,0.0,0.0,0.0,105,22.0,23.0,50,26.5,23.5,23.5,23.0,20.0,4685.0,232
2023-05-10 21:39:00,c2311-C-2660,c2311-C-2660,23.5,0.0,0.0,0.0,85,22.0,23.0,60,26.5,23.5,23.5,23.0,20.0,4685.0,232
2023-05-10 21:39:02,c2311-C-2660,c2311-C-2660,23.5,0.0,0.0,0.0,65,22.0,23.0,60,26.5,23.5,23.5,23.0,20.0,4685.0,232
2023-05-10 21:39:11,c2311-C-2660,c2311-C-2660,23.5,0.0,0.0,0.0,75,22.0,23.0,60,26.5,23.5,23.5,23.0,20.0,4685.0,232
2023-05-10 21:39:13,c2311-C-2660,c2311-C-2660,23.5,0.0,0.0,0.0,65,22.0,23.0,70,26.5,23.5,23.5,23.0,20.0,4685.0,232
2023-05-10 21:39:15,c2311-C-2660,c2311-C-2660,23.5,0.0,0.0,0.0,55,22.0,23.0,70,26.5,23.5,23.5,23.0,20.0,4685.0,232
2023-05-10 21:39:18,c2311-C-2660,c2311-C-2660,23.5,0.0,0.0,0.0,65,22.0,23.0,70,26.5,23.5,23.5,23.0,20.0,4685.0,232
2023-05-10 21:39:19,c2311-C-2660,c2311-C-2660,23.5,0.0,0.0,0.0,55,22.0,23.0,70,26.5,23.5,23.5,23.0,20.0,4685.0,232
2023-05-10 21:39:21,c2311-C-2660,c2311-C-2660,23.5,0.0,0.0,0.0,65,22.0,23.0,70,26.5,23.5,23.5,23.0,20.0,4685.0,232
2023-05-10 21:39:23,c2311-C-2660,c2311-C-2660,23.5,0.0,0.0,0.0,55,22.0,23.0,70,26.5,23.5,23.5,23.0,20.0,4685.0,232
2023-05-10 21:39:33,c2311-C-2660,c2311-C-2660,23.5,0.0,0.0,0.0,45,22.0,23.0,70,26.5,23.5,23.5,23.0,20.0,4685.0,232
2023-05-10 21:39:33,c2311-C-2660,c2311-C-2660,23.5,0.0,0.0,0.0,35,22.0,23.0,70,26.5,23.5,23.5,23.0,20.0,4685.0,232
2023-05-10 21:39:35,c2311-C-2660,c2311-C-2660,23.5,0.0,0.0,0.0,45,22.0,23.0,70,26.5,23.5,23.5,23.0,20.0,4685.0,232
2023-05-10 21:39:37,c2311-C-2660,c2311-C-2660,23.5,0.0,0.0,0.0,45,22.0,22.5,10,26.5,23.5,23.5,23.0,20.0,4685.0,232
2023-05-10 21:39:37,c2311-C-2660,c2311-C-2660,23.5,0.0,0.0,0.0,45,22.0,22.5,30,26.5,23.5,23.5,23.0,20.0,4685.0,232
2023-05-10 21:39:47,c2311-C-2660,c2311-C-2660,23.5,0.0,0.0,0.0,35,22.0,22.5,30,26.5,23.5,23.5,23.0,20.0,4685.0,232
2023-05-10 21:39:56,c2311-C-2660,c2311-C-2660,23.5,0.0,0.0,0.0,70,21.5,22.5,40,26.5,23.5,23.5,23.0,20.0,4685.0,232
2023-05-10 21:39:57,c2311-C-2660,c2311-C-2660,23.5,0.0,0.0,0.0,95,21.5,22.5,65,26.5,23.5,23.5,23.0,20.0,4685.0,232
2023-05-10 21:39:57,c2311-C-2660,c2311-C-2660,23.5,0.0,0.0,0.0,95,21.5,22.5,55,26.5,23.5,23.5,23.0,20.0,4685.0,232
2023-05-10 21:40:00,c2311-C-2660,c2311-C-2660,23.5,0.0,0.0,0.0,95,21.5,22.5,65,26.5,23.5,23.5,23.0,20.0,4685.0,232
2023-05-10 21:40:03,c2311-C-2660,c2311-C-2660,23.5,0.0,0.0,0.0,115,21.5,22.5,65,26.5,23.5,23.5,23.0,20.0,4685.0,232
2023-05-10 21:40:04,c2311-C-2660,c2311-C-2660,23.5,0.0,0.0,0.0,105,21.5,22.5,65,26.5,23.5,23.5,23.0,20.0,4685.0,232
2023-05-10 21:40:04,c2311-C-2660,c2311-C-2660,23.5,0.0,0.0,0.0,95,21.5,22.5,75,26.5,23.5,23.5,23.0,20.0,4685.0,232
2023-05-10 21:40:06,c2311-C-2660,c2311-C-2660,23.5,0.0,0.0,0.0,95,21.5,22.5,65,26.5,23.5,23.5,23.0,20.0,4685.0,232
2023-05-10 21:40:06,c2311-C-2660,c2311-C-2660,23.5,0.0,0.0,0.0,105,21.5,22.5,65,26.5,23.5,23.5,23.0,20.0,4685.0,232
2023-05-10 21:40:08,c2311-C-2660,c2311-C-2660,23.5,0.0,0.0,0.0,105,21.5,22.5,75,26.5,23.5,23.5,23.0,20.0,4685.0,232
2023-05-10 21:40:09,c2311-C-2660,c2311-C-2660,23.5,0.0,0.0,0.0,105,21.5,22.5,85,26.5,23.5,23.5,23.0,20.0,4685.0,232
2023-05-10 21:40:14,c2311-C-2660,c2311-C-2660,23.5,0.0,0.0,0.0,105,21.5,22.5,75,26.5,23.5,23.5,23.0,20.0,4685.0,232
2023-05-10 21:40:15,c2311-C-2660,c2311-C-2660,23.5,0.0,0.0,0.0,105,21.5,22.5,85,26.5,23.5,23.5,23.0,20.0,4685.0,232
2023-05-10 21:40:17,c2311-C-2660,c2311-C-2660,23.5,0.0,0.0,0.0,105,21.5,22.5,75,26.5,23.5,23.5,23.0,20.0,4685.0,232
2023-05-10 21:40:17,c2311-C-2660,c2311-C-2660,23.5,0.0,0.0,0.0,105,21.5,22.5,85,26.5,23.5,23.5,23.0,20.0,4685.0,232
2023-05-10 21:40:18,c2311-C-2660,c2311-C-2660,23.5,0.0,0.0,0.0,105,21.5,22.5,75,26.5,23.5,23.5,23.0,20.0,4685.0,232
2023-05-10 21:40:27,c2311-C-2660,c2311-C-2660,23.5,0.0,0.0,0.0,105,21.5,22.5,85,26.5,23.5,23.5,23.0,20.0,4685.0,232
2023-05-10 21:40:34,c2311-C-2660,c2311-C-2660,23.5,0.0,0.0,0.0,105,21.5,22.5,75,26.5,23.5,23.5,23.0,20.0,4685.0,232
2023-05-10 21:40:47,c2311-C-2660,c2311-C-2660,23.5,0.0,0.0,0.0,115,21.5,22.5,65,26.5,23.5,23.5,23.0,20.0,4685.0,232
2023-05-10 21:40:47,c2311-C-2660,c2311-C-2660,23.5,0.0,0.0,0.0,115,21.5,22.5,55,26.5,23.5,23.5,23.0,20.0,4685.0,232
2023-05-10 21:40:50,c2311-C-2660,c2311-C-2660,23.5,0.0,0.0,0.0,115,21.5,22.5,65,26.5,23.5,23.5,23.0,20.0,4685.0,232
2023-05-10 21:40:52,c2311-C-2660,c2311-C-2660,23.5,0.0,0.0,0.0,115,21.5,22.5,75,26.5,23.5,23.5,23.0,20.0,4685.0,232
2023-05-10 21:40:53,c2311-C-2660,c2311-C-2660,23.5,0.0,0.0,0.0,105,21.5,22.5,75,26.5,23.5,23.5,23.0,20.0,4685.0,232
2023-05-10 21:40:54,c2311-C-2660,c2311-C-2660,23.5,0.0,0.0,0.0,115,21.5,22.5,75,26.5,23.5,23.5,23.0,20.0,4685.0,232
2023-05-10 21:40:54,c2311-C-2660,c2311-C-2660,23.5,0.0,0.0,0.0,105,21.5,22.5,75,26.5,23.5,23.5,23.0,20.0,4685.0,232
2023-05-10 21:41:43,c2311-C-2660,c2311-C-2660,23.5,0.0,0.0,0.0,95,21.5,22.5,75,26.5,23.5,23.5,23.0,20.0,4685.0,232
2023-05-10 21:41:49,c2311-C-2660,c2311-C-2660,23.5,0.0,0.0,0.0,105,21.5,22.5,75,26.5,23.5,23.5,23.0,20.0,4685.0,232
2023-05-10 21:41:56,c2311-C-2660,c2311-C-2660,23.5,0.0,0.0,0.0,85,21.5,22.5,85,26.5,23.5,23.5,23.0,20.0,4685.0,232
2023-05-10 21:42:00,c2311-C-2660,c2311-C-2660,23.5,0.0,0.0,0.0,85,21.5,22.5,75,26.5,23.5,23.5,23.0,20.0,4685.0,232
2023-05-10 21:42:09,c2311-C-2660,c2311-C-2660,23.5,0.0,0.0,0.0,95,21.5,22.5,75,26.5,23.5,23.5,23.0,20.0,4685.0,232
2023-05-10 21:42:09,c2311-C-2660,c2311-C-2660,23.5,0.0,0.0,0.0,95,21.5,22.5,55,26.5,23.5,23.5,23.0,20.0,4685.0,232
2023-05-10 21:42:11,c2311-C-2660,c2311-C-2660,23.5,0.0,0.0,0.0,95,21.5,22.5,65,26.5,23.5,23.5,23.0,20.0,4685.0,232
2023-05-10 21:42:16,c2311-C-2660,c2311-C-2660,23.5,0.0,0.0,0.0,95,21.5,22.5,75,26.5,23.5,23.5,23.0,20.0,4685.0,232
2023-05-10 21:42:34,c2311-C-2660,c2311-C-2660,23.5,0.0,0.0,0.0,85,21.5,22.5,85,26.5,23.5,23.5,23.0,20.0,4685.0,232
2023-05-10 21:42:35,c2311-C-2660,c2311-C-2660,23.5,0.0,0.0,0.0,85,21.5,22.5,95,26.5,23.5,23.5,23.0,20.0,4685.0,232
2023-05-10 21:42:36,c2311-C-2660,c2311-C-2660,23.5,0.0,0.0,0.0,75,21.5,22.0,10,26.5,23.5,23.5,23.0,20.0,4685.0,232
2023-05-10 21:42:39,c2311-C-2660,c2311-C-2660,23.5,0.0,0.0,0.0,65,21.5,22.0,10,26.5,23.5,23.5,23.0,20.0,4685.0,232
2023-05-10 21:42:41,c2311-C-2660,c2311-C-2660,23.5,0.0,0.0,0.0,65,21.5,22.5,95,26.5,23.5,23.5,23.0,20.0,4685.0,232
2023-05-10 21:42:53,c2311-C-2660,c2311-C-2660,23.5,0.0,0.0,0.0,65,21.5,22.0,10,26.5,23.5,23.5,23.0,20.0,4685.0,232
2023-05-10 21:42:53,c2311-C-2660,c2311-C-2660,23.5,0.0,0.0,0.0,65,21.5,22.0,30,26.5,23.5,23.5,23.0,20.0,4685.0,232
2023-05-10 21:42:57,c2311-C-2660,c2311-C-2660,23.5,0.0,0.0,0.0,65,21.5,22.0,20,26.5,23.5,23.5,23.0,20.0,4685.0,232
2023-05-10 21:43:25,c2311-C-2660,c2311-C-2660,23.5,0.0,0.0,0.0,45,21.5,22.0,20,26.5,23.5,23.5,23.0,20.0,4685.0,232
2023-05-10 21:43:27,c2311-C-2660,c2311-C-2660,23.5,0.0,0.0,0.0,45,21.5,22.0,30,26.5,23.5,23.5,23.0,20.0,4685.0,232
2023-05-10 21:43:29,c2311-C-2660,c2311-C-2660,23.5,0.0,0.0,0.0,35,21.5,22.0,30,26.5,23.5,23.5,23.0,20.0,4685.0,232
2023-05-10 21:43:30,c2311-C-2660,c2311-C-2660,23.5,0.0,0.0,0.0,45,21.5,22.0,30,26.5,23.5,23.5,23.0,20.0,4685.0,232
2023-05-10 21:43:47,c2311-C-2660,c2311-C-2660,23.5,0.0,0.0,0.0,55,21.5,22.0,30,26.5,23.5,23.5,23.0,20.0,4685.0,232
2023-05-10 21:45:00,c2311-C-2660,c2311-C-2660,23.5,0.0,0.0,0.0,65,21.5,22.0,10,26.5,23.5,23.5,23.0,20.0,4685.0,232
2023-05-10 21:45:00,c2311-C-2660,c2311-C-2660,23.5,0.0,0.0,0.0,65,21.5,22.5,105,26.5,23.5,23.5,23.0,20.0,4685.0,232
2023-05-10 21:45:05,c2311-C-2660,c2311-C-2660,23.5,0.0,0.0,0.0,65,21.5,22.5,95,26.5,23.5,23.5,23.0,20.0,4685.0,232
2023-05-10 21:45:07,c2311-C-2660,c2311-C-2660,23.5,0.0,0.0,0.0,65,21.5,22.5,105,26.5,23.5,23.5,23.0,20.0,4685.0,232
2023-05-10 21:45:34,c2311-C-2660,c2311-C-2660,23.5,0.0,0.0,0.0,65,21.5,22.0,20,26.5,23.5,23.5,23.0,20.0,4685.0,232
2023-05-10 21:45:34,c2311-C-2660,c2311-C-2660,23.5,0.0,0.0,0.0,55,21.5,22.0,20,26.5,23.5,23.5,23.0,20.0,4685.0,232
2023-05-10 21:45:36,c2311-C-2660,c2311-C-2660,23.5,0.0,0.0,0.0,55,21.5,22.0,10,26.5,23.5,23.5,23.0,20.0,4685.0,232
2023-05-10 21:45:56,c2311-C-2660,c2311-C-2660,23.5,0.0,0.0,0.0,45,21.5,22.0,10,26.5,23.5,23.5,23.0,20.0,4685.0,232
2023-05-10 21:45:57,c2311-C-2660,c2311-C-2660,23.5,0.0,0.0,0.0,75,21.5,22.0,10,26.5,23.5,23.5,23.0,20.0,4685.0,232
2023-05-10 21:45:58,c2311-C-2660,c2311-C-2660,23.5,0.0,0.0,0.0,85,21.5,22.0,10,26.5,23.5,23.5,23.0,20.0,4685.0,232
2023-05-10 21:46:01,c2311-C-2660,c2311-C-2660,23.5,0.0,0.0,0.0,75,21.5,22.0,10,26.5,23.5,23.5,23.0,20.0,4685.0,232
2023-05-10 21:46:03,c2311-C-2660,c2311-C-2660,23.5,0.0,0.0,0.0,85,21.5,22.0,10,26.5,23.5,23.5,23.0,20.0,4685.0,232
2023-05-10 21:46:03,c2311-C-2660,c2311-C-2660,23.5,0.0,0.0,0.0,75,21.5,22.0,10,26.5,23.5,23.5,23.0,20.0,4685.0,232
2023-05-10 21:46:24,c2311-C-2660,c2311-C-2660,23.5,0.0,0.0,0.0,65,21.5,22.0,10,26.5,23.5,23.5,23.0,20.0,4685.0,232
2023-05-10 21:46:40,c2311-C-2660,c2311-C-2660,23.5,0.0,0.0,0.0,55,21.5,22.0,10,26.5,23.5,23.5,23.0,20.0,4685.0,232
2023-05-10 21:47:37,c2311-C-2660,c2311-C-2660,22.0,10.0,2200.0,0.0,58,21.5,22.5,85,26.5,23.5,23.5,22.0,30.0,6885.0,232
2023-05-10 21:47:38,c2311-C-2660,c2311-C-2660,22.0,0.0,0.0,0.0,98,21.5,22.5,65,26.5,23.5,23.5,22.0,30.0,6885.0,232
2023-05-10 21:47:38,c2311-C-2660,c2311-C-2660,22.0,0.0,0.0,0.0,98,21.5,22.5,75,26.5,23.5,23.5,22.0,30.0,6885.0,232
2023-05-10 21:49:40,c2311-C-2660,c2311-C-2660,22.0,0.0,0.0,0.0,98,21.5,22.5,65,26.5,23.5,23.5,22.0,30.0,6885.0,232
2023-05-10 21:49:43,c2311-C-2660,c2311-C-2660,22.0,0.0,0.0,0.0,98,21.5,22.5,55,26.5,23.5,23.5,22.0,30.0,6885.0,232
2023-05-10 21:49:53,c2311-C-2660,c2311-C-2660,22.0,0.0,0.0,0.0,20,22.0,22.5,35,26.5,23.5,23.5,22.0,30.0,6885.0,232
2023-05-10 21:49:54,c2311-C-2660,c2311-C-2660,22.0,0.0,0.0,0.0,30,22.0,22.5,35,26.5,23.5,23.5,22.0,30.0,6885.0,232
2023-05-10 21:50:02,c2311-C-2660,c2311-C-2660,22.0,0.0,0.0,0.0,20,22.0,22.5,55,26.5,23.5,23.5,22.0,30.0,6885.0,232
2023-05-10 21:50:02,c2311-C-2660,c2311-C-2660,22.0,0.0,0.0,0.0,10,22.0,22.5,65,26.5,23.5,23.5,22.0,30.0,6885.0,232
2023-05-10 21:50:04,c2311-C-2660,c2311-C-2660,22.0,0.0,0.0,0.0,20,22.0,22.5,55,26.5,23.5,23.5,22.0,30.0,6885.0,232
2023-05-10 21:50:23,c2311-C-2660,c2311-C-2660,22.0,0.0,0.0,0.0,10,22.0,22.5,65,26.5,23.5,23.5,22.0,30.0,6885.0,232
2023-05-10 21:50:54,c2311-C-2660,c2311-C-2660,22.0,0.0,0.0,0.0,20,22.0,22.5,55,26.5,23.5,23.5,22.0,30.0,6885.0,232
2023-05-10 21:50:58,c2311-C-2660,c2311-C-2660,22.0,0.0,0.0,0.0,10,22.0,22.5,65,26.5,23.5,23.5,22.0,30.0,6885.0,232
2023-05-10 21:51:01,c2311-C-2660,c2311-C-2660,22.0,0.0,0.0,0.0,20,22.0,22.5,55,26.5,23.5,23.5,22.0,30.0,6885.0,232
2023-05-10 21:51:02,c2311-C-2660,c2311-C-2660,22.0,0.0,0.0,0.0,20,22.0,22.5,45,26.5,23.5,23.5,22.0,30.0,6885.0,232
2023-05-10 21:51:56,c2311-C-2660,c2311-C-2660,22.0,0.0,0.0,0.0,45,22.0,22.5,45,26.5,23.5,23.5,22.0,30.0,6885.0,232
2023-05-10 21:53:07,c2311-C-2660,c2311-C-2660,22.0,0.0,0.0,0.0,45,22.0,22.5,55,26.5,23.5,23.5,22.0,30.0,6885.0,232
2023-05-10 21:53:13,c2311-C-2660,c2311-C-2660,22.0,0.0,0.0,0.0,45,22.0,22.5,45,26.5,23.5,23.5,22.0,30.0,6885.0,232
2023-05-10 21:55:00,c2311-C-2660,c2311-C-2660,22.0,0.0,0.0,0.0,45,22.0,22.5,35,26.5,23.5,23.5,22.0,30.0,6885.0,232
2023-05-10 21:55:00,c2311-C-2660,c2311-C-2660,22.0,0.0,0.0,0.0,45,22.0,22.5,45,26.5,23.5,23.5,22.0,30.0,6885.0,232
2023-05-10 21:55:06,c2311-C-2660,c2311-C-2660,22.0,0.0,0.0,0.0,45,22.0,22.5,55,26.5,23.5,23.5,22.0,30.0,6885.0,232
2023-05-10 21:55:06,c2311-C-2660,c2311-C-2660,22.0,0.0,0.0,0.0,45,22.0,22.5,45,26.5,23.5,23.5,22.0,30.0,6885.0,232
2023-05-10 21:55:08,c2311-C-2660,c2311-C-2660,22.0,0.0,0.0,0.0,45,22.0,22.5,55,26.5,23.5,23.5,22.0,30.0,6885.0,232
2023-05-10 21:55:10,c2311-C-2660,c2311-C-2660,22.0,0.0,0.0,0.0,45,22.0,22.5,45,26.5,23.5,23.5,22.0,30.0,6885.0,232
2023-05-10 21:55:11,c2311-C-2660,c2311-C-2660,22.0,0.0,0.0,0.0,35,22.0,22.5,55,26.5,23.5,23.5,22.0,30.0,6885.0,232
2023-05-10 21:55:53,c2311-C-2660,c2311-C-2660,22.0,0.0,0.0,0.0,45,22.0,22.5,45,26.5,23.5,23.5,22.0,30.0,6885.0,232
2023-05-10 21:56:49,c2311-C-2660,c2311-C-2660,22.0,1.0,220.0,0.0,45,22.0,22.5,48,26.5,23.5,23.5,22.0,31.0,7105.0,232
2023-05-10 21:58:12,c2311-C-2660,c2311-C-2660,22.0,1.0,220.0,1.0,20,22.0,22.5,23,26.5,23.5,23.5,22.0,32.0,7325.0,233
2023-05-10 21:58:12,c2311-C-2660,c2311-C-2660,22.0,0.0,0.0,0.0,45,22.0,22.5,48,26.5,23.5,23.5,22.0,32.0,7325.0,233
2023-05-10 21:58:14,c2311-C-2660,c2311-C-2660,22.0,1.0,220.0,1.0,35,22.0,22.5,48,26.5,23.5,23.5,22.0,33.0,7545.0,234
2023-05-10 21:58:16,c2311-C-2660,c2311-C-2660,22.0,0.0,0.0,0.0,45,22.0,22.5,48,26.5,23.5,23.5,22.0,33.0,7545.0,234
2023-05-10 21:58:22,c2311-C-2660,c2311-C-2660,22.0,1.0,220.0,0.0,45,22.0,22.5,48,26.5,23.5,23.5,22.0,34.0,7765.0,234
2023-05-10 22:00:09,c2311-C-2660,c2311-C-2660,22.0,0.0,0.0,0.0,35,22.0,22.5,58,26.5,23.5,23.5,22.0,34.0,7765.0,234
2023-05-10 22:00:11,c2311-C-2660,c2311-C-2660,22.0,0.0,0.0,0.0,45,22.0,22.5,48,26.5,23.5,23.5,22.0,34.0,7765.0,234
2023-05-10 22:00:12,c2311-C-2660,c2311-C-2660,22.0,0.0,0.0,0.0,35,22.0,22.5,58,26.5,23.5,23.5,22.0,34.0,7765.0,234
2023-05-10 22:00:14,c2311-C-2660,c2311-C-2660,22.0,0.0,0.0,0.0,35,22.0,22.5,68,26.5,23.5,23.5,22.0,34.0,7765.0,234
2023-05-10 22:00:29,c2311-C-2660,c2311-C-2660,22.0,0.0,0.0,0.0,45,22.0,22.5,58,26.5,23.5,23.5,22.0,34.0,7765.0,234
2023-05-10 22:00:55,c2311-C-2660,c2311-C-2660,22.0,0.0,0.0,0.0,45,22.0,22.5,48,26.5,23.5,23.5,22.0,34.0,7765.0,234
2023-05-10 22:01:16,c2311-C-2660,c2311-C-2660,22.0,0.0,0.0,0.0,35,22.0,22.5,68,26.5,23.5,23.5,22.0,34.0,7765.0,234
2023-05-10 22:02:14,c2311-C-2660,c2311-C-2660,22.0,0.0,0.0,0.0,45,22.0,22.5,58,26.5,23.5,23.5,22.0,34.0,7765.0,234
2023-05-10 22:02:41,c2311-C-2660,c2311-C-2660,22.0,0.0,0.0,0.0,35,22.0,22.5,68,26.5,23.5,23.5,22.0,34.0,7765.0,234
2023-05-10 22:02:41,c2311-C-2660,c2311-C-2660,22.0,0.0,0.0,0.0,50,21.5,22.5,53,26.5,23.5,23.5,22.0,34.0,7765.0,234
2023-05-10 22:02:41,c2311-C-2660,c2311-C-2660,22.0,0.0,0.0,0.0,75,21.5,22.5,78,26.5,23.5,23.5,22.0,34.0,7765.0,234
2023-05-10 22:02:42,c2311-C-2660,c2311-C-2660,22.0,0.0,0.0,0.0,65,21.5,22.5,88,26.5,23.5,23.5,22.0,34.0,7765.0,234
2023-05-10 22:02:44,c2311-C-2660,c2311-C-2660,22.0,0.0,0.0,0.0,65,21.5,22.5,98,26.5,23.5,23.5,22.0,34.0,7765.0,234
2023-05-10 22:02:49,c2311-C-2660,c2311-C-2660,22.0,0.0,0.0,0.0,65,21.5,22.0,10,26.5,23.5,23.5,22.0,34.0,7765.0,234
2023-05-10 22:02:49,c2311-C-2660,c2311-C-2660,22.0,0.0,0.0,0.0,65,21.5,22.0,20,26.5,23.5,23.5,22.0,34.0,7765.0,234
2023-05-10 22:02:54,c2311-C-2660,c2311-C-2660,22.0,0.0,0.0,0.0,65,21.5,22.0,30,26.5,23.5,23.5,22.0,34.0,7765.0,234
2023-05-10 22:02:58,c2311-C-2660,c2311-C-2660,22.0,0.0,0.0,0.0,55,21.5,22.0,30,26.5,23.5,23.5,22.0,34.0,7765.0,234
2023-05-10 22:02:58,c2311-C-2660,c2311-C-2660,22.0,0.0,0.0,0.0,45,21.5,22.0,40,26.5,23.5,23.5,22.0,34.0,7765.0,234
2023-05-10 22:03:01,c2311-C-2660,c2311-C-2660,22.0,0.0,0.0,0.0,35,21.5,22.0,40,26.5,23.5,23.5,22.0,34.0,7765.0,234
2023-05-10 22:03:01,c2311-C-2660,c2311-C-2660,22.0,0.0,0.0,0.0,45,21.5,22.0,30,26.5,23.5,23.5,22.0,34.0,7765.0,234
2023-05-10 22:03:05,c2311-C-2660,c2311-C-2660,22.0,0.0,0.0,0.0,55,21.5,22.0,30,26.5,23.5,23.5,22.0,34.0,7765.0,234
2023-05-10 22:03:06,c2311-C-2660,c2311-C-2660,22.0,0.0,0.0,0.0,45,21.5,22.0,30,26.5,23.5,23.5,22.0,34.0,7765.0,234
2023-05-10 22:03:56,c2311-C-2660,c2311-C-2660,22.0,0.0,0.0,0.0,35,21.5,22.0,30,26.5,23.5,23.5,22.0,34.0,7765.0,234
2023-05-10 22:04:09,c2311-C-2660,c2311-C-2660,22.0,0.0,0.0,0.0,45,21.5,22.0,30,26.5,23.5,23.5,22.0,34.0,7765.0,234
2023-05-10 22:04:25,c2311-C-2660,c2311-C-2660,22.0,0.0,0.0,0.0,45,21.5,22.0,40,26.5,23.5,23.5,22.0,34.0,7765.0,234
2023-05-10 22:04:48,c2311-C-2660,c2311-C-2660,22.0,0.0,0.0,0.0,35,21.5,22.0,40,26.5,23.5,23.5,22.0,34.0,7765.0,234
2023-05-10 22:05:10,c2311-C-2660,c2311-C-2660,22.0,0.0,0.0,0.0,25,21.5,22.0,75,26.5,23.5,23.5,22.0,34.0,7765.0,234
2023-05-10 22:05:11,c2311-C-2660,c2311-C-2660,22.0,0.0,0.0,0.0,108,21.0,22.0,75,26.5,23.5,23.5,22.0,34.0,7765.0,234
2023-05-10 22:05:25,c2311-C-2660,c2311-C-2660,22.0,0.0,0.0,0.0,98,21.0,22.0,75,26.5,23.5,23.5,22.0,34.0,7765.0,234
2023-05-10 22:05:59,c2311-C-2660,c2311-C-2660,22.0,0.0,0.0,0.0,10,21.5,22.0,75,26.5,23.5,23.5,22.0,34.0,7765.0,234
2023-05-10 22:05:59,c2311-C-2660,c2311-C-2660,22.0,0.0,0.0,0.0,10,21.5,22.0,65,26.5,23.5,23.5,22.0,34.0,7765.0,234
2023-05-10 22:06:00,c2311-C-2660,c2311-C-2660,22.0,0.0,0.0,0.0,10,21.5,22.0,75,26.5,23.5,23.5,22.0,34.0,7765.0,234
2023-05-10 22:06:01,c2311-C-2660,c2311-C-2660,22.0,0.0,0.0,0.0,10,21.5,22.0,65,26.5,23.5,23.5,22.0,34.0,7765.0,234
2023-05-10 22:06:02,c2311-C-2660,c2311-C-2660,22.0,0.0,0.0,0.0,20,21.5,22.0,65,26.5,23.5,23.5,22.0,34.0,7765.0,234
2023-05-10 22:06:03,c2311-C-2660,c2311-C-2660,22.0,0.0,0.0,0.0,30,21.5,22.0,55,26.5,23.5,23.5,22.0,34.0,7765.0,234
2023-05-10 22:06:04,c2311-C-2660,c2311-C-2660,22.0,0.0,0.0,0.0,20,21.5,22.0,55,26.5,23.5,23.5,22.0,34.0,7765.0,234
2023-05-10 22:06:10,c2311-C-2660,c2311-C-2660,22.0,0.0,0.0,0.0,20,21.5,22.0,65,26.5,23.5,23.5,22.0,34.0,7765.0,234
2023-05-10 22:06:43,c2311-C-2660,c2311-C-2660,22.0,0.0,0.0,0.0,30,21.5,22.0,65,26.5,23.5,23.5,22.0,34.0,7765.0,234
2023-05-10 22:06:43,c2311-C-2660,c2311-C-2660,22.0,0.0,0.0,0.0,40,21.5,22.0,55,26.5,23.5,23.5,22.0,34.0,7765.0,234
2023-05-10 22:06:45,c2311-C-2660,c2311-C-2660,22.0,0.0,0.0,0.0,40,21.5,22.0,45,26.5,23.5,23.5,22.0,34.0,7765.0,234
2023-05-10 22:06:46,c2311-C-2660,c2311-C-2660,22.0,0.0,0.0,0.0,50,21.5,22.0,25,26.5,23.5,23.5,22.0,34.0,7765.0,234
2023-05-10 22:06:46,c2311-C-2660,c2311-C-2660,22.0,0.0,0.0,0.0,75,21.5,22.0,35,26.5,23.5,23.5,22.0,34.0,7765.0,234
2023-05-10 22:06:47,c2311-C-2660,c2311-C-2660,22.0,0.0,0.0,0.0,65,21.5,22.0,35,26.5,23.5,23.5,22.0,34.0,7765.0,234
2023-05-10 22:07:21,c2311-C-2660,c2311-C-2660,22.0,0.0,0.0,0.0,55,21.5,22.0,35,26.5,23.5,23.5,22.0,34.0,7765.0,234
2023-05-10 22:07:27,c2311-C-2660,c2311-C-2660,22.0,0.0,0.0,0.0,65,21.5,22.0,35,26.5,23.5,23.5,22.0,34.0,7765.0,234
2023-05-10 22:08:11,c2311-C-2660,c2311-C-2660,22.0,0.0,0.0,0.0,55,21.5,22.0,35,26.5,23.5,23.5,22.0,34.0,7765.0,234
2023-05-10 22:08:12,c2311-C-2660,c2311-C-2660,22.0,0.0,0.0,0.0,65,21.5,22.0,35,26.5,23.5,23.5,22.0,34.0,7765.0,234
2023-05-10 22:08:14,c2311-C-2660,c2311-C-2660,22.0,0.0,0.0,0.0,40,21.5,22.5,63,26.5,23.5,23.5,22.0,34.0,7765.0,234
2023-05-10 22:08:14,c2311-C-2660,c2311-C-2660,22.0,0.0,0.0,0.0,65,21.5,22.5,88,26.5,23.5,23.5,22.0,34.0,7765.0,234
2023-05-10 22:08:17,c2311-C-2660,c2311-C-2660,22.0,0.0,0.0,0.0,65,21.5,22.0,10,26.5,23.5,23.5,22.0,34.0,7765.0,234
2023-05-10 22:08:20,c2311-C-2660,c2311-C-2660,22.0,0.0,0.0,0.0,75,21.5,22.0,10,26.5,23.5,23.5,22.0,34.0,7765.0,234
2023-05-10 22:08:21,c2311-C-2660,c2311-C-2660,22.0,0.0,0.0,0.0,75,21.5,22.5,88,26.5,23.5,23.5,22.0,34.0,7765.0,234
2023-05-10 22:08:25,c2311-C-2660,c2311-C-2660,22.0,0.0,0.0,0.0,85,21.5,22.5,88,26.5,23.5,23.5,22.0,34.0,7765.0,234
2023-05-10 22:09:39,c2311-C-2660,c2311-C-2660,22.0,0.0,0.0,0.0,75,21.5,22.5,88,26.5,23.5,23.5,22.0,34.0,7765.0,234
2023-05-10 22:09:42,c2311-C-2660,c2311-C-2660,22.0,0.0,0.0,0.0,65,21.5,22.5,98,26.5,23.5,23.5,22.0,34.0,7765.0,234
2023-05-10 22:09:43,c2311-C-2660,c2311-C-2660,22.0,0.0,0.0,0.0,65,21.5,22.0,10,26.5,23.5,23.5,22.0,34.0,7765.0,234
2023-05-10 22:09:43,c2311-C-2660,c2311-C-2660,22.0,0.0,0.0,0.0,65,21.5,22.5,98,26.5,23.5,23.5,22.0,34.0,7765.0,234
2023-05-10 22:10:11,c2311-C-2660,c2311-C-2660,22.0,0.0,0.0,0.0,55,21.5,22.5,98,26.5,23.5,23.5,22.0,34.0,7765.0,234
2023-05-10 22:10:12,c2311-C-2660,c2311-C-2660,22.0,0.0,0.0,0.0,55,21.5,22.0,10,26.5,23.5,23.5,22.0,34.0,7765.0,234
2023-05-10 22:10:12,c2311-C-2660,c2311-C-2660,22.0,0.0,0.0,0.0,55,21.5,22.0,30,26.5,23.5,23.5,22.0,34.0,7765.0,234
2023-05-10 22:10:33,c2311-C-2660,c2311-C-2660,22.0,0.0,0.0,0.0,55,21.5,22.0,20,26.5,23.5,23.5,22.0,34.0,7765.0,234
2023-05-10 22:10:34,c2311-C-2660,c2311-C-2660,22.0,0.0,0.0,0.0,65,21.5,22.0,10,26.5,23.5,23.5,22.0,34.0,7765.0,234
2023-05-10 22:10:34,c2311-C-2660,c2311-C-2660,22.0,0.0,0.0,0.0,75,21.5,22.5,98,26.5,23.5,23.5,22.0,34.0,7765.0,234
2023-05-10 22:10:36,c2311-C-2660,c2311-C-2660,22.0,0.0,0.0,0.0,75,21.5,22.0,10,26.5,23.5,23.5,22.0,34.0,7765.0,234
2023-05-10 22:10:36,c2311-C-2660,c2311-C-2660,22.0,0.0,0.0,0.0,75,21.5,22.5,98,26.5,23.5,23.5,22.0,34.0,7765.0,234
2023-05-10 22:10:41,c2311-C-2660,c2311-C-2660,22.0,0.0,0.0,0.0,85,21.5,22.5,98,26.5,23.5,23.5,22.0,34.0,7765.0,234
2023-05-10 22:10:42,c2311-C-2660,c2311-C-2660,22.0,0.0,0.0,0.0,75,21.5,22.5,98,26.5,23.5,23.5,22.0,34.0,7765.0,234
2023-05-10 22:10:43,c2311-C-2660,c2311-C-2660,22.0,0.0,0.0,0.0,65,21.5,22.5,98,26.5,23.5,23.5,22.0,34.0,7765.0,234
2023-05-10 22:10:47,c2311-C-2660,c2311-C-2660,22.0,0.0,0.0,0.0,65,21.5,22.0,10,26.5,23.5,23.5,22.0,34.0,7765.0,234
2023-05-10 22:10:49,c2311-C-2660,c2311-C-2660,22.0,0.0,0.0,0.0,45,21.5,22.0,40,26.5,23.5,23.5,22.0,34.0,7765.0,234
2023-05-10 22:10:51,c2311-C-2660,c2311-C-2660,22.0,0.0,0.0,0.0,55,21.5,22.0,30,26.5,23.5,23.5,22.0,34.0,7765.0,234
2023-05-10 22:11:06,c2311-C-2660,c2311-C-2660,22.0,0.0,0.0,0.0,55,21.5,22.0,20,26.5,23.5,23.5,22.0,34.0,7765.0,234
2023-05-10 22:11:24,c2311-C-2660,c2311-C-2660,22.0,0.0,0.0,0.0,65,21.5,22.0,10,26.5,23.5,23.5,22.0,34.0,7765.0,234
2023-05-10 22:11:27,c2311-C-2660,c2311-C-2660,22.0,0.0,0.0,0.0,55,21.5,22.0,10,26.5,23.5,23.5,22.0,34.0,7765.0,234
2023-05-10 22:11:31,c2311-C-2660,c2311-C-2660,22.0,0.0,0.0,0.0,85,21.5,22.5,78,26.5,23.5,23.5,22.0,34.0,7765.0,234
2023-05-10 22:11:32,c2311-C-2660,c2311-C-2660,22.0,0.0,0.0,0.0,75,21.5,22.0,10,26.5,23.5,23.5,22.0,34.0,7765.0,234
2023-05-10 22:11:35,c2311-C-2660,c2311-C-2660,22.0,0.0,0.0,0.0,85,21.5,22.0,10,26.5,23.5,23.5,22.0,34.0,7765.0,234
2023-05-10 22:11:35,c2311-C-2660,c2311-C-2660,22.0,0.0,0.0,0.0,75,21.5,22.0,10,26.5,23.5,23.5,22.0,34.0,7765.0,234
2023-05-10 22:12:09,c2311-C-2660,c2311-C-2660,22.0,0.0,0.0,0.0,65,21.5,22.0,10,26.5,23.5,23.5,22.0,34.0,7765.0,234
2023-05-10 22:12:12,c2311-C-2660,c2311-C-2660,22.0,0.0,0.0,0.0,75,21.5,22.0,10,26.5,23.5,23.5,22.0,34.0,7765.0,234
2023-05-10 22:12:52,c2311-C-2660,c2311-C-2660,22.0,0.0,0.0,0.0,85,21.5,22.0,10,26.5,23.5,23.5,22.0,34.0,7765.0,234
2023-05-10 22:12:53,c2311-C-2660,c2311-C-2660,22.0,0.0,0.0,0.0,85,21.5,22.5,78,26.5,23.5,23.5,22.0,34.0,7765.0,234
2023-05-10 22:13:00,c2311-C-2660,c2311-C-2660,22.0,0.0,0.0,0.0,75,21.5,22.5,78,26.5,23.5,23.5,22.0,34.0,7765.0,234
2023-05-10 22:13:01,c2311-C-2660,c2311-C-2660,22.0,0.0,0.0,0.0,75,21.5,22.0,10,26.5,23.5,23.5,22.0,34.0,7765.0,234
2023-05-10 22:13:02,c2311-C-2660,c2311-C-2660,22.0,0.0,0.0,0.0,65,21.5,22.0,10,26.5,23.5,23.5,22.0,34.0,7765.0,234
2023-05-10 22:13:20,c2311-C-2660,c2311-C-2660,22.0,0.0,0.0,0.0,75,21.5,22.5,88,26.5,23.5,23.5,22.0,34.0,7765.0,234
2023-05-10 22:13:21,c2311-C-2660,c2311-C-2660,22.0,0.0,0.0,0.0,85,21.5,22.5,88,26.5,23.5,23.5,22.0,34.0,7765.0,234
2023-05-10 22:13:21,c2311-C-2660,c2311-C-2660,22.0,0.0,0.0,0.0,85,21.5,22.5,78,26.5,23.5,23.5,22.0,34.0,7765.0,234
2023-05-10 22:13:26,c2311-C-2660,c2311-C-2660,22.0,0.0,0.0,0.0,95,21.5,22.5,78,26.5,23.5,23.5,22.0,34.0,7765.0,234
2023-05-10 22:14:20,c2311-C-2660,c2311-C-2660,22.0,0.0,0.0,0.0,55,21.5,22.0,20,26.5,23.5,23.5,22.0,34.0,7765.0,234
2023-05-10 22:14:21,c2311-C-2660,c2311-C-2660,22.0,0.0,0.0,0.0,55,21.5,22.0,10,26.5,23.5,23.5,22.0,34.0,7765.0,234
2023-05-10 22:14:21,c2311-C-2660,c2311-C-2660,22.0,0.0,0.0,0.0,55,21.5,22.0,20,26.5,23.5,23.5,22.0,34.0,7765.0,234
2023-05-10 22:14:23,c2311-C-2660,c2311-C-2660,22.0,0.0,0.0,0.0,55,21.5,22.0,30,26.5,23.5,23.5,22.0,34.0,7765.0,234
2023-05-10 22:15:05,c2311-C-2660,c2311-C-2660,22.0,0.0,0.0,0.0,55,21.5,22.0,20,26.5,23.5,23.5,22.0,34.0,7765.0,234
2023-05-10 22:15:06,c2311-C-2660,c2311-C-2660,22.0,0.0,0.0,0.0,55,21.5,22.0,30,26.5,23.5,23.5,22.0,34.0,7765.0,234
2023-05-10 22:15:13,c2311-C-2660,c2311-C-2660,22.0,0.0,0.0,0.0,55,21.5,22.0,20,26.5,23.5,23.5,22.0,34.0,7765.0,234
2023-05-10 22:15:16,c2311-C-2660,c2311-C-2660,22.0,0.0,0.0,0.0,55,21.5,22.5,98,26.5,23.5,23.5,22.0,34.0,7765.0,234
2023-05-10 22:16:59,c2311-C-2660,c2311-C-2660,22.0,0.0,0.0,0.0,55,21.5,22.0,10,26.5,23.5,23.5,22.0,34.0,7765.0,234
2023-05-10 22:16:59,c2311-C-2660,c2311-C-2660,22.0,0.0,0.0,0.0,55,21.5,22.0,30,26.5,23.5,23.5,22.0,34.0,7765.0,234
2023-05-10 22:17:05,c2311-C-2660,c2311-C-2660,22.0,0.0,0.0,0.0,55,21.5,22.0,40,26.5,23.5,23.5,22.0,34.0,7765.0,234
2023-05-10 22:17:27,c2311-C-2660,c2311-C-2660,22.0,0.0,0.0,0.0,35,21.5,22.0,50,26.5,23.5,23.5,22.0,34.0,7765.0,234
2023-05-10 22:17:28,c2311-C-2660,c2311-C-2660,22.0,0.0,0.0,0.0,45,21.5,22.0,40,26.5,23.5,23.5,22.0,34.0,7765.0,234
2023-05-10 22:17:49,c2311-C-2660,c2311-C-2660,22.0,0.0,0.0,0.0,55,21.5,22.0,40,26.5,23.5,23.5,22.0,34.0,7765.0,234
2023-05-10 22:17:49,c2311-C-2660,c2311-C-2660,22.0,0.0,0.0,0.0,45,21.5,22.0,40,26.5,23.5,23.5,22.0,34.0,7765.0,234
2023-05-10 22:17:50,c2311-C-2660,c2311-C-2660,22.0,0.0,0.0,0.0,55,21.5,22.0,40,26.5,23.5,23.5,22.0,34.0,7765.0,234
2023-05-10 22:18:38,c2311-C-2660,c2311-C-2660,22.0,0.0,0.0,0.0,45,21.5,22.0,50,26.5,23.5,23.5,22.0,34.0,7765.0,234
2023-05-10 22:18:50,c2311-C-2660,c2311-C-2660,22.0,0.0,0.0,0.0,35,21.5,22.0,50,26.5,23.5,23.5,22.0,34.0,7765.0,234
2023-05-10 22:19:03,c2311-C-2660,c2311-C-2660,22.0,0.0,0.0,0.0,63,21.0,22.0,50,26.5,23.5,23.5,22.0,34.0,7765.0,234
2023-05-10 22:19:03,c2311-C-2660,c2311-C-2660,22.0,0.0,0.0,0.0,88,21.0,22.0,75,26.5,23.5,23.5,22.0,34.0,7765.0,234
2023-05-10 22:19:04,c2311-C-2660,c2311-C-2660,22.0,0.0,0.0,0.0,98,21.0,22.0,65,26.5,23.5,23.5,22.0,34.0,7765.0,234
2023-05-10 22:19:07,c2311-C-2660,c2311-C-2660,22.0,0.0,0.0,0.0,98,21.0,22.0,75,26.5,23.5,23.5,22.0,34.0,7765.0,234
2023-05-10 22:19:09,c2311-C-2660,c2311-C-2660,22.0,0.0,0.0,0.0,88,21.0,22.0,75,26.5,23.5,23.5,22.0,34.0,7765.0,234
2023-05-10 22:19:31,c2311-C-2660,c2311-C-2660,22.0,0.0,0.0,0.0,78,21.0,22.0,75,26.5,23.5,23.5,22.0,34.0,7765.0,234
2023-05-10 22:19:39,c2311-C-2660,c2311-C-2660,22.0,0.0,0.0,0.0,78,21.0,22.0,85,26.5,23.5,23.5,22.0,34.0,7765.0,234
2023-05-10 22:19:42,c2311-C-2660,c2311-C-2660,22.0,0.0,0.0,0.0,68,21.0,22.0,85,26.5,23.5,23.5,22.0,34.0,7765.0,234
2023-05-10 22:19:55,c2311-C-2660,c2311-C-2660,22.0,0.0,0.0,0.0,68,21.0,21.5,10,26.5,23.5,23.5,22.0,34.0,7765.0,234
2023-05-10 22:19:55,c2311-C-2660,c2311-C-2660,22.0,0.0,0.0,0.0,68,21.0,22.0,85,26.5,23.5,23.5,22.0,34.0,7765.0,234
2023-05-10 22:19:57,c2311-C-2660,c2311-C-2660,22.0,0.0,0.0,0.0,58,21.0,22.0,85,26.5,23.5,23.5,22.0,34.0,7765.0,234
2023-05-10 22:20:03,c2311-C-2660,c2311-C-2660,22.0,0.0,0.0,0.0,68,21.0,22.0,75,26.5,23.5,23.5,22.0,34.0,7765.0,234
2023-05-10 22:20:05,c2311-C-2660,c2311-C-2660,22.0,0.0,0.0,0.0,58,21.0,22.0,85,26.5,23.5,23.5,22.0,34.0,7765.0,234
2023-05-10 22:20:06,c2311-C-2660,c2311-C-2660,22.0,0.0,0.0,0.0,68,21.0,22.0,85,26.5,23.5,23.5,22.0,34.0,7765.0,234
2023-05-10 22:20:06,c2311-C-2660,c2311-C-2660,22.0,0.0,0.0,0.0,58,21.0,22.0,85,26.5,23.5,23.5,22.0,34.0,7765.0,234
2023-05-10 22:20:13,c2311-C-2660,c2311-C-2660,22.0,0.0,0.0,0.0,58,21.0,21.5,10,26.5,23.5,23.5,22.0,34.0,7765.0,234
2023-05-10 22:20:13,c2311-C-2660,c2311-C-2660,22.0,0.0,0.0,0.0,58,21.0,22.0,85,26.5,23.5,23.5,22.0,34.0,7765.0,234
2023-05-10 22:20:50,c2311-C-2660,c2311-C-2660,22.0,0.0,0.0,0.0,68,21.0,22.0,85,26.5,23.5,23.5,22.0,34.0,7765.0,234
2023-05-10 22:21:01,c2311-C-2660,c2311-C-2660,22.0,0.0,0.0,0.0,58,21.0,22.0,85,26.5,23.5,23.5,22.0,34.0,7765.0,234
2023-05-10 22:21:05,c2311-C-2660,c2311-C-2660,22.0,0.0,0.0,0.0,68,21.0,22.0,85,26.5,23.5,23.5,22.0,34.0,7765.0,234
2023-05-10 22:21:06,c2311-C-2660,c2311-C-2660,22.0,0.0,0.0,0.0,58,21.0,22.0,85,26.5,23.5,23.5,22.0,34.0,7765.0,234
2023-05-10 22:21:08,c2311-C-2660,c2311-C-2660,22.0,0.0,0.0,0.0,68,21.0,22.0,85,26.5,23.5,23.5,22.0,34.0,7765.0,234
2023-05-10 22:21:18,c2311-C-2660,c2311-C-2660,22.0,0.0,0.0,0.0,10,21.5,22.0,75,26.5,23.5,23.5,22.0,34.0,7765.0,234
2023-05-10 22:21:18,c2311-C-2660,c2311-C-2660,22.0,0.0,0.0,0.0,20,21.5,22.0,75,26.5,23.5,23.5,22.0,34.0,7765.0,234
2023-05-10 22:22:42,c2311-C-2660,c2311-C-2660,22.0,0.0,0.0,0.0,20,21.5,22.0,65,26.5,23.5,23.5,22.0,34.0,7765.0,234
2023-05-10 22:22:42,c2311-C-2660,c2311-C-2660,22.0,0.0,0.0,0.0,30,21.5,22.0,55,26.5,23.5,23.5,22.0,34.0,7765.0,234
2023-05-10 22:22:43,c2311-C-2660,c2311-C-2660,22.0,0.0,0.0,0.0,20,21.5,22.0,65,26.5,23.5,23.5,22.0,34.0,7765.0,234
2023-05-10 22:22:44,c2311-C-2660,c2311-C-2660,22.0,0.0,0.0,0.0,20,21.5,22.0,55,26.5,23.5,23.5,22.0,34.0,7765.0,234
2023-05-10 22:22:46,c2311-C-2660,c2311-C-2660,22.0,0.0,0.0,0.0,30,21.5,22.0,45,26.5,23.5,23.5,22.0,34.0,7765.0,234
2023-05-10 22:23:10,c2311-C-2660,c2311-C-2660,22.0,0.0,0.0,0.0,20,21.5,22.0,65,26.5,23.5,23.5,22.0,34.0,7765.0,234
2023-05-10 22:23:11,c2311-C-2660,c2311-C-2660,22.0,0.0,0.0,0.0,30,21.5,22.0,55,26.5,23.5,23.5,22.0,34.0,7765.0,234
2023-05-10 22:24:00,c2311-C-2660,c2311-C-2660,22.0,0.0,0.0,0.0,30,21.5,22.0,45,26.5,23.5,23.5,22.0,34.0,7765.0,234
2023-05-10 22:25:50,c2311-C-2660,c2311-C-2660,22.0,0.0,0.0,0.0,20,21.5,22.0,45,26.5,23.5,23.5,22.0,34.0,7765.0,234
2023-05-10 22:29:48,c2311-C-2660,c2311-C-2660,22.0,0.0,0.0,0.0,30,21.5,22.0,45,26.5,23.5,23.5,22.0,34.0,7765.0,234
2023-05-10 22:30:07,c2311-C-2660,c2311-C-2660,22.0,0.0,0.0,0.0,20,21.5,22.0,45,26.5,23.5,23.5,22.0,34.0,7765.0,234
2023-05-10 22:30:41,c2311-C-2660,c2311-C-2660,22.0,0.0,0.0,0.0,50,21.5,22.0,35,26.5,23.5,23.5,22.0,34.0,7765.0,234
2023-05-10 22:30:48,c2311-C-2660,c2311-C-2660,22.0,0.0,0.0,0.0,40,21.5,22.0,35,26.5,23.5,23.5,22.0,34.0,7765.0,234
2023-05-10 22:30:49,c2311-C-2660,c2311-C-2660,22.0,0.0,0.0,0.0,30,21.5,22.0,35,26.5,23.5,23.5,22.0,34.0,7765.0,234
2023-05-10 22:30:51,c2311-C-2660,c2311-C-2660,22.0,0.0,0.0,0.0,40,21.5,22.0,35,26.5,23.5,23.5,22.0,34.0,7765.0,234
2023-05-10 22:30:52,c2311-C-2660,c2311-C-2660,22.0,0.0,0.0,0.0,30,21.5,22.0,35,26.5,23.5,23.5,22.0,34.0,7765.0,234
2023-05-10 22:30:57,c2311-C-2660,c2311-C-2660,22.0,0.0,0.0,0.0,40,21.5,22.0,35,26.5,23.5,23.5,22.0,34.0,7765.0,234
2023-05-10 22:30:59,c2311-C-2660,c2311-C-2660,22.0,0.0,0.0,0.0,30,21.5,22.0,35,26.5,23.5,23.5,22.0,34.0,7765.0,234
2023-05-10 22:31:40,c2311-C-2660,c2311-C-2660,22.0,0.0,0.0,0.0,20,21.5,22.0,75,26.5,23.5,23.5,22.0,34.0,7765.0,234
2023-05-10 22:31:43,c2311-C-2660,c2311-C-2660,22.0,0.0,0.0,0.0,30,21.5,22.0,65,26.5,23.5,23.5,22.0,34.0,7765.0,234
2023-05-10 22:31:49,c2311-C-2660,c2311-C-2660,22.0,0.0,0.0,0.0,30,21.5,22.0,55,26.5,23.5,23.5,22.0,34.0,7765.0,234
2023-05-10 22:31:58,c2311-C-2660,c2311-C-2660,22.0,0.0,0.0,0.0,30,21.5,22.0,45,26.5,23.5,23.5,22.0,34.0,7765.0,234
2023-05-10 22:33:55,c2311-C-2660,c2311-C-2660,22.0,0.0,0.0,0.0,20,21.5,22.0,45,26.5,23.5,23.5,22.0,34.0,7765.0,234
2023-05-10 22:33:55,c2311-C-2660,c2311-C-2660,22.0,0.0,0.0,0.0,30,21.5,22.0,35,26.5,23.5,23.5,22.0,34.0,7765.0,234
2023-05-10 22:33:55,c2311-C-2660,c2311-C-2660,22.0,0.0,0.0,0.0,10,21.5,22.0,55,26.5,23.5,23.5,22.0,34.0,7765.0,234
2023-05-10 22:33:58,c2311-C-2660,c2311-C-2660,22.0,0.0,0.0,0.0,20,21.5,22.0,45,26.5,23.5,23.5,22.0,34.0,7765.0,234
2023-05-10 22:33:59,c2311-C-2660,c2311-C-2660,22.0,0.0,0.0,0.0,30,21.5,22.0,45,26.5,23.5,23.5,22.0,34.0,7765.0,234
2023-05-10 22:34:03,c2311-C-2660,c2311-C-2660,22.0,0.0,0.0,0.0,20,21.5,22.0,45,26.5,23.5,23.5,22.0,34.0,7765.0,234
2023-05-10 22:34:06,c2311-C-2660,c2311-C-2660,22.0,0.0,0.0,0.0,10,21.5,22.0,55,26.5,23.5,23.5,22.0,34.0,7765.0,234
2023-05-10 22:34:08,c2311-C-2660,c2311-C-2660,22.0,0.0,0.0,0.0,20,21.5,22.0,45,26.5,23.5,23.5,22.0,34.0,7765.0,234
2023-05-10 22:34:33,c2311-C-2660,c2311-C-2660,22.0,0.0,0.0,0.0,30,21.5,22.0,35,26.5,23.5,23.5,22.0,34.0,7765.0,234
2023-05-10 22:34:33,c2311-C-2660,c2311-C-2660,22.0,0.0,0.0,0.0,30,21.5,22.0,45,26.5,23.5,23.5,22.0,34.0,7765.0,234
2023-05-10 22:34:43,c2311-C-2660,c2311-C-2660,22.0,0.0,0.0,0.0,20,21.5,22.0,45,26.5,23.5,23.5,22.0,34.0,7765.0,234
2023-05-10 22:34:43,c2311-C-2660,c2311-C-2660,22.0,0.0,0.0,0.0,10,21.5,22.0,55,26.5,23.5,23.5,22.0,34.0,7765.0,234
2023-05-10 22:34:43,c2311-C-2660,c2311-C-2660,22.0,0.0,0.0,0.0,10,21.5,22.0,65,26.5,23.5,23.5,22.0,34.0,7765.0,234
2023-05-10 22:34:44,c2311-C-2660,c2311-C-2660,22.0,0.0,0.0,0.0,10,21.5,22.0,55,26.5,23.5,23.5,22.0,34.0,7765.0,234
2023-05-10 22:34:44,c2311-C-2660,c2311-C-2660,22.0,0.0,0.0,0.0,10,21.5,22.0,65,26.5,23.5,23.5,22.0,34.0,7765.0,234
2023-05-10 22:34:45,c2311-C-2660,c2311-C-2660,22.0,0.0,0.0,0.0,20,21.5,22.0,55,26.5,23.5,23.5,22.0,34.0,7765.0,234
2023-05-10 22:34:47,c2311-C-2660,c2311-C-2660,22.0,0.0,0.0,0.0,20,21.5,22.0,65,26.5,23.5,23.5,22.0,34.0,7765.0,234
2023-05-10 22:34:47,c2311-C-2660,c2311-C-2660,22.0,0.0,0.0,0.0,20,21.5,22.0,55,26.5,23.5,23.5,22.0,34.0,7765.0,234
2023-05-10 22:34:48,c2311-C-2660,c2311-C-2660,22.0,0.0,0.0,0.0,20,21.5,22.0,65,26.5,23.5,23.5,22.0,34.0,7765.0,234
2023-05-10 22:34:49,c2311-C-2660,c2311-C-2660,22.0,0.0,0.0,0.0,10,21.5,22.0,75,26.5,23.5,23.5,22.0,34.0,7765.0,234
2023-05-10 22:35:01,c2311-C-2660,c2311-C-2660,22.0,0.0,0.0,0.0,10,21.5,22.0,65,26.5,23.5,23.5,22.0,34.0,7765.0,234
2023-05-10 22:35:02,c2311-C-2660,c2311-C-2660,22.0,0.0,0.0,0.0,10,21.5,22.0,75,26.5,23.5,23.5,22.0,34.0,7765.0,234
2023-05-10 22:35:02,c2311-C-2660,c2311-C-2660,22.0,0.0,0.0,0.0,10,21.5,22.0,65,26.5,23.5,23.5,22.0,34.0,7765.0,234
2023-05-10 22:35:03,c2311-C-2660,c2311-C-2660,22.0,0.0,0.0,0.0,10,21.5,22.0,75,26.5,23.5,23.5,22.0,34.0,7765.0,234
2023-05-10 22:35:20,c2311-C-2660,c2311-C-2660,22.0,0.0,0.0,0.0,20,21.5,22.0,65,26.5,23.5,23.5,22.0,34.0,7765.0,234
2023-05-10 22:35:35,c2311-C-2660,c2311-C-2660,22.0,0.0,0.0,0.0,10,21.5,22.0,75,26.5,23.5,23.5,22.0,34.0,7765.0,234
2023-05-10 22:36:54,c2311-C-2660,c2311-C-2660,22.0,0.0,0.0,0.0,20,21.5,22.0,75,26.5,23.5,23.5,22.0,34.0,7765.0,234
2023-05-10 22:36:54,c2311-C-2660,c2311-C-2660,22.0,0.0,0.0,0.0,30,21.5,22.0,65,26.5,23.5,23.5,22.0,34.0,7765.0,234
2023-05-10 22:36:55,c2311-C-2660,c2311-C-2660,22.0,0.0,0.0,0.0,20,21.5,22.0,75,26.5,23.5,23.5,22.0,34.0,7765.0,234
2023-05-10 22:36:56,c2311-C-2660,c2311-C-2660,22.0,0.0,0.0,0.0,10,21.5,22.0,65,26.5,23.5,23.5,22.0,34.0,7765.0,234
2023-05-10 22:36:56,c2311-C-2660,c2311-C-2660,22.0,0.0,0.0,0.0,10,21.5,22.0,75,26.5,23.5,23.5,22.0,34.0,7765.0,234
2023-05-10 22:37:08,c2311-C-2660,c2311-C-2660,22.0,0.0,0.0,0.0,30,21.5,22.0,65,26.5,23.5,23.5,22.0,34.0,7765.0,234
2023-05-10 22:37:09,c2311-C-2660,c2311-C-2660,22.0,0.0,0.0,0.0,20,21.5,22.0,75,26.5,23.5,23.5,22.0,34.0,7765.0,234
2023-05-10 22:37:11,c2311-C-2660,c2311-C-2660,22.0,0.0,0.0,0.0,20,21.5,22.0,65,26.5,23.5,23.5,22.0,34.0,7765.0,234
2023-05-10 22:37:11,c2311-C-2660,c2311-C-2660,22.0,0.0,0.0,0.0,20,21.5,22.0,75,26.5,23.5,23.5,22.0,34.0,7765.0,234
2023-05-10 22:37:13,c2311-C-2660,c2311-C-2660,22.0,0.0,0.0,0.0,30,21.5,22.0,65,26.5,23.5,23.5,22.0,34.0,7765.0,234
2023-05-10 22:37:21,c2311-C-2660,c2311-C-2660,22.0,0.0,0.0,0.0,20,21.5,22.0,65,26.5,23.5,23.5,22.0,34.0,7765.0,234
2023-05-10 22:37:21,c2311-C-2660,c2311-C-2660,22.0,0.0,0.0,0.0,10,21.5,22.0,75,26.5,23.5,23.5,22.0,34.0,7765.0,234
2023-05-10 22:37:40,c2311-C-2660,c2311-C-2660,22.0,0.0,0.0,0.0,30,21.5,22.0,65,26.5,23.5,23.5,22.0,34.0,7765.0,234
2023-05-10 22:37:41,c2311-C-2660,c2311-C-2660,22.0,0.0,0.0,0.0,20,21.5,22.0,75,26.5,23.5,23.5,22.0,34.0,7765.0,234
2023-05-10 22:37:44,c2311-C-2660,c2311-C-2660,22.0,0.0,0.0,0.0,30,21.5,22.0,65,26.5,23.5,23.5,22.0,34.0,7765.0,234
2023-05-10 22:38:26,c2311-C-2660,c2311-C-2660,22.0,0.0,0.0,0.0,20,21.5,22.0,65,26.5,23.5,23.5,22.0,34.0,7765.0,234
2023-05-10 22:38:29,c2311-C-2660,c2311-C-2660,22.0,0.0,0.0,0.0,10,21.5,22.0,75,26.5,23.5,23.5,22.0,34.0,7765.0,234
2023-05-10 22:38:54,c2311-C-2660,c2311-C-2660,22.0,0.0,0.0,0.0,20,21.5,22.0,75,26.5,23.5,23.5,22.0,34.0,7765.0,234
2023-05-10 22:38:55,c2311-C-2660,c2311-C-2660,22.0,0.0,0.0,0.0,30,21.5,22.0,55,26.5,23.5,23.5,22.0,34.0,7765.0,234
2023-05-10 22:38:56,c2311-C-2660,c2311-C-2660,22.0,0.0,0.0,0.0,30,21.5,22.0,45,26.5,23.5,23.5,22.0,34.0,7765.0,234
2023-05-10 22:38:57,c2311-C-2660,c2311-C-2660,22.0,0.0,0.0,0.0,30,21.5,22.0,55,26.5,23.5,23.5,22.0,34.0,7765.0,234
2023-05-10 22:39:00,c2311-C-2660,c2311-C-2660,22.0,0.0,0.0,0.0,30,21.5,22.0,65,26.5,23.5,23.5,22.0,34.0,7765.0,234
2023-05-10 22:39:00,c2311-C-2660,c2311-C-2660,22.0,0.0,0.0,0.0,30,21.5,22.0,55,26.5,23.5,23.5,22.0,34.0,7765.0,234
2023-05-10 22:39:02,c2311-C-2660,c2311-C-2660,22.0,0.0,0.0,0.0,30,21.5,22.0,65,26.5,23.5,23.5,22.0,34.0,7765.0,234
2023-05-10 22:39:02,c2311-C-2660,c2311-C-2660,22.0,0.0,0.0,0.0,30,21.5,22.0,55,26.5,23.5,23.5,22.0,34.0,7765.0,234
2023-05-10 22:39:04,c2311-C-2660,c2311-C-2660,22.0,0.0,0.0,0.0,30,21.5,22.0,65,26.5,23.5,23.5,22.0,34.0,7765.0,234
2023-05-10 22:39:05,c2311-C-2660,c2311-C-2660,22.0,0.0,0.0,0.0,30,21.5,22.0,55,26.5,23.5,23.5,22.0,34.0,7765.0,234
2023-05-10 22:39:32,c2311-C-2660,c2311-C-2660,22.0,0.0,0.0,0.0,30,21.5,22.0,65,26.5,23.5,23.5,22.0,34.0,7765.0,234
2023-05-10 22:39:38,c2311-C-2660,c2311-C-2660,22.0,0.0,0.0,0.0,30,21.5,22.0,55,26.5,23.5,23.5,22.0,34.0,7765.0,234
2023-05-10 22:39:54,c2311-C-2660,c2311-C-2660,22.0,0.0,0.0,0.0,30,21.5,22.0,65,26.5,23.5,23.5,22.0,34.0,7765.0,234
2023-05-10 22:40:00,c2311-C-2660,c2311-C-2660,22.0,0.0,0.0,0.0,30,21.5,22.0,55,26.5,23.5,23.5,22.0,34.0,7765.0,234
2023-05-10 22:40:02,c2311-C-2660,c2311-C-2660,22.0,0.0,0.0,0.0,30,21.5,22.0,65,26.5,23.5,23.5,22.0,34.0,7765.0,234
2023-05-10 22:40:02,c2311-C-2660,c2311-C-2660,22.0,0.0,0.0,0.0,30,21.5,22.0,55,26.5,23.5,23.5,22.0,34.0,7765.0,234
2023-05-10 22:40:12,c2311-C-2660,c2311-C-2660,22.0,0.0,0.0,0.0,20,21.5,22.0,55,26.5,23.5,23.5,22.0,34.0,7765.0,234
