time,symbol_id,symbol_name,last,trade_volume,trade_amount,open_interest_change,bv1,bp1,ap1,av1,yesterday_close,today_open,today_high,today_low,volume,amount,open_interest
2023-05-10 21:02:05,c2311-P-2840,玉米2311沽2840,345.5,0.0,0.0,0.0,10,198.5,493.0,1,345.5,0.0,0.0,0.0,0.0,0.0,0
2023-05-10 21:02:06,c2311-P-2840,玉米2311沽2840,345.5,0.0,0.0,0.0,1,199.0,492.5,10,345.5,0.0,0.0,0.0,0.0,0.0,0
2023-05-10 21:02:06,c2311-P-2840,玉米2311沽2840,345.5,0.0,0.0,0.0,1,200.5,491.0,1,345.5,0.0,0.0,0.0,0.0,0.0,0
2023-05-10 21:02:06,c2311-P-2840,玉米2311沽2840,345.5,0.0,0.0,0.0,10,201.0,490.5,10,345.5,0.0,0.0,0.0,0.0,0.0,0
2023-05-10 21:02:17,c2311-P-2840,玉米2311沽2840,345.5,0.0,0.0,0.0,1,202.5,490.5,10,345.5,0.0,0.0,0.0,0.0,0.0,0
2023-05-10 21:02:18,c2311-P-2840,玉米2311沽2840,345.5,0.0,0.0,0.0,10,203.0,490.5,10,345.5,0.0,0.0,0.0,0.0,0.0,0
2023-05-10 21:02:18,c2311-P-2840,玉米2311沽2840,345.5,0.0,0.0,0.0,1,204.5,489.0,1,345.5,0.0,0.0,0.0,0.0,0.0,0
2023-05-10 21:02:19,c2311-P-2840,玉米2311沽2840,345.5,0.0,0.0,0.0,10,205.0,488.5,10,345.5,0.0,0.0,0.0,0.0,0.0,0
2023-05-10 21:02:26,c2311-P-2840,玉米2311沽2840,345.5,0.0,0.0,0.0,1,206.5,487.0,1,345.5,0.0,0.0,0.0,0.0,0.0,0
2023-05-10 21:02:26,c2311-P-2840,玉米2311沽2840,345.5,0.0,0.0,0.0,10,207.0,486.5,10,345.5,0.0,0.0,0.0,0.0,0.0,0
2023-05-10 21:02:27,c2311-P-2840,玉米2311沽2840,345.5,0.0,0.0,0.0,1,208.5,485.0,1,345.5,0.0,0.0,0.0,0.0,0.0,0
2023-05-10 21:02:27,c2311-P-2840,玉米2311沽2840,345.5,0.0,0.0,0.0,10,209.0,484.5,10,345.5,0.0,0.0,0.0,0.0,0.0,0
2023-05-10 21:02:35,c2311-P-2840,玉米2311沽2840,345.5,0.0,0.0,0.0,1,210.5,484.5,10,345.5,0.0,0.0,0.0,0.0,0.0,0
2023-05-10 21:02:35,c2311-P-2840,玉米2311沽2840,345.5,0.0,0.0,0.0,10,211.0,484.5,10,345.5,0.0,0.0,0.0,0.0,0.0,0
2023-05-10 21:02:43,c2311-P-2840,玉米2311沽2840,345.5,0.0,0.0,0.0,1,212.5,483.0,1,345.5,0.0,0.0,0.0,0.0,0.0,0
2023-05-10 21:02:43,c2311-P-2840,玉米2311沽2840,345.5,0.0,0.0,0.0,10,213.0,482.5,10,345.5,0.0,0.0,0.0,0.0,0.0,0
2023-05-10 21:02:52,c2311-P-2840,玉米2311沽2840,345.5,0.0,0.0,0.0,1,214.5,481.0,1,345.5,0.0,0.0,0.0,0.0,0.0,0
2023-05-10 21:02:52,c2311-P-2840,玉米2311沽2840,345.5,0.0,0.0,0.0,10,215.0,480.5,10,345.5,0.0,0.0,0.0,0.0,0.0,0
2023-05-10 21:02:53,c2311-P-2840,玉米2311沽2840,345.5,0.0,0.0,0.0,1,216.5,479.0,1,345.5,0.0,0.0,0.0,0.0,0.0,0
2023-05-10 21:02:53,c2311-P-2840,玉米2311沽2840,345.5,0.0,0.0,0.0,10,217.0,478.5,10,345.5,0.0,0.0,0.0,0.0,0.0,0
2023-05-10 21:02:54,c2311-P-2840,玉米2311沽2840,345.5,0.0,0.0,0.0,1,218.5,477.0,1,345.5,0.0,0.0,0.0,0.0,0.0,0
2023-05-10 21:02:54,c2311-P-2840,玉米2311沽2840,345.5,0.0,0.0,0.0,10,219.0,476.5,10,345.5,0.0,0.0,0.0,0.0,0.0,0
2023-05-10 21:03:02,c2311-P-2840,玉米2311沽2840,345.5,0.0,0.0,0.0,1,220.5,475.0,1,345.5,0.0,0.0,0.0,0.0,0.0,0
2023-05-10 21:03:02,c2311-P-2840,玉米2311沽2840,345.5,0.0,0.0,0.0,10,221.0,474.5,10,345.5,0.0,0.0,0.0,0.0,0.0,0
2023-05-10 21:03:08,c2311-P-2840,玉米2311沽2840,345.5,0.0,0.0,0.0,1,222.5,473.0,1,345.5,0.0,0.0,0.0,0.0,0.0,0
2023-05-10 21:03:08,c2311-P-2840,玉米2311沽2840,345.5,0.0,0.0,0.0,10,223.0,472.5,10,345.5,0.0,0.0,0.0,0.0,0.0,0
2023-05-10 21:03:12,c2311-P-2840,玉米2311沽2840,345.5,0.0,0.0,0.0,1,224.5,471.0,1,345.5,0.0,0.0,0.0,0.0,0.0,0
2023-05-10 21:03:12,c2311-P-2840,玉米2311沽2840,345.5,0.0,0.0,0.0,10,225.0,470.5,10,345.5,0.0,0.0,0.0,0.0,0.0,0
2023-05-10 21:03:14,c2311-P-2840,玉米2311沽2840,345.5,0.0,0.0,0.0,1,226.5,470.5,10,345.5,0.0,0.0,0.0,0.0,0.0,0
2023-05-10 21:03:14,c2311-P-2840,玉米2311沽2840,345.5,0.0,0.0,0.0,10,227.0,470.5,10,345.5,0.0,0.0,0.0,0.0,0.0,0
2023-05-10 21:03:17,c2311-P-2840,玉米2311沽2840,345.5,0.0,0.0,0.0,10,227.0,469.0,1,345.5,0.0,0.0,0.0,0.0,0.0,0
2023-05-10 21:03:17,c2311-P-2840,玉米2311沽2840,345.5,0.0,0.0,0.0,10,227.0,468.5,10,345.5,0.0,0.0,0.0,0.0,0.0,0
2023-05-10 21:03:18,c2311-P-2840,玉米2311沽2840,345.5,0.0,0.0,0.0,1,228.5,467.0,1,345.5,0.0,0.0,0.0,0.0,0.0,0
2023-05-10 21:03:18,c2311-P-2840,玉米2311沽2840,345.5,0.0,0.0,0.0,10,229.0,466.5,10,345.5,0.0,0.0,0.0,0.0,0.0,0
2023-05-10 21:03:19,c2311-P-2840,玉米2311沽2840,345.5,0.0,0.0,0.0,1,230.5,465.0,1,345.5,0.0,0.0,0.0,0.0,0.0,0
2023-05-10 21:03:19,c2311-P-2840,玉米2311沽2840,345.5,0.0,0.0,0.0,10,231.0,464.5,10,345.5,0.0,0.0,0.0,0.0,0.0,0
2023-05-10 21:03:29,c2311-P-2840,玉米2311沽2840,345.5,0.0,0.0,0.0,1,232.5,463.0,1,345.5,0.0,0.0,0.0,0.0,0.0,0
2023-05-10 21:03:29,c2311-P-2840,玉米2311沽2840,345.5,0.0,0.0,0.0,10,233.0,462.5,10,345.5,0.0,0.0,0.0,0.0,0.0,0
2023-05-10 21:03:36,c2311-P-2840,玉米2311沽2840,345.5,0.0,0.0,0.0,1,234.5,461.0,1,345.5,0.0,0.0,0.0,0.0,0.0,0
2023-05-10 21:03:36,c2311-P-2840,玉米2311沽2840,345.5,0.0,0.0,0.0,10,235.0,460.5,10,345.5,0.0,0.0,0.0,0.0,0.0,0
2023-05-10 21:03:37,c2311-P-2840,玉米2311沽2840,345.5,0.0,0.0,0.0,1,236.5,459.0,1,345.5,0.0,0.0,0.0,0.0,0.0,0
2023-05-10 21:03:37,c2311-P-2840,玉米2311沽2840,345.5,0.0,0.0,0.0,10,237.0,458.5,10,345.5,0.0,0.0,0.0,0.0,0.0,0
2023-05-10 21:03:38,c2311-P-2840,玉米2311沽2840,345.5,0.0,0.0,0.0,1,238.5,457.0,1,345.5,0.0,0.0,0.0,0.0,0.0,0
2023-05-10 21:03:38,c2311-P-2840,玉米2311沽2840,345.5,0.0,0.0,0.0,10,239.0,456.5,10,345.5,0.0,0.0,0.0,0.0,0.0,0
2023-05-10 21:03:43,c2311-P-2840,玉米2311沽2840,345.5,0.0,0.0,0.0,1,240.5,455.0,1,345.5,0.0,0.0,0.0,0.0,0.0,0
2023-05-10 21:03:43,c2311-P-2840,玉米2311沽2840,345.5,0.0,0.0,0.0,10,241.0,454.5,10,345.5,0.0,0.0,0.0,0.0,0.0,0
2023-05-10 21:03:49,c2311-P-2840,玉米2311沽2840,345.5,0.0,0.0,0.0,1,242.5,453.0,1,345.5,0.0,0.0,0.0,0.0,0.0,0
2023-05-10 21:03:49,c2311-P-2840,玉米2311沽2840,345.5,0.0,0.0,0.0,10,243.0,452.5,10,345.5,0.0,0.0,0.0,0.0,0.0,0
2023-05-10 21:03:50,c2311-P-2840,玉米2311沽2840,345.5,0.0,0.0,0.0,1,244.5,451.0,1,345.5,0.0,0.0,0.0,0.0,0.0,0
2023-05-10 21:03:50,c2311-P-2840,玉米2311沽2840,345.5,0.0,0.0,0.0,10,245.0,450.5,10,345.5,0.0,0.0,0.0,0.0,0.0,0
2023-05-10 21:03:54,c2311-P-2840,玉米2311沽2840,345.5,0.0,0.0,0.0,1,246.5,449.0,1,345.5,0.0,0.0,0.0,0.0,0.0,0
2023-05-10 21:03:54,c2311-P-2840,玉米2311沽2840,345.5,0.0,0.0,0.0,10,247.0,448.5,10,345.5,0.0,0.0,0.0,0.0,0.0,0
2023-05-10 21:03:57,c2311-P-2840,玉米2311沽2840,345.5,0.0,0.0,0.0,1,248.5,447.0,1,345.5,0.0,0.0,0.0,0.0,0.0,0
2023-05-10 21:03:57,c2311-P-2840,玉米2311沽2840,345.5,0.0,0.0,0.0,10,249.0,446.5,10,345.5,0.0,0.0,0.0,0.0,0.0,0
2023-05-10 21:03:58,c2311-P-2840,玉米2311沽2840,345.5,0.0,0.0,0.0,1,250.5,445.0,1,345.5,0.0,0.0,0.0,0.0,0.0,0
2023-05-10 21:03:58,c2311-P-2840,玉米2311沽2840,345.5,0.0,0.0,0.0,10,251.0,444.5,10,345.5,0.0,0.0,0.0,0.0,0.0,0
2023-05-10 21:03:59,c2311-P-2840,玉米2311沽2840,345.5,0.0,0.0,0.0,1,252.5,443.0,1,345.5,0.0,0.0,0.0,0.0,0.0,0
2023-05-10 21:03:59,c2311-P-2840,玉米2311沽2840,345.5,0.0,0.0,0.0,10,253.0,442.5,10,345.5,0.0,0.0,0.0,0.0,0.0,0
2023-05-10 21:04:03,c2311-P-2840,玉米2311沽2840,345.5,0.0,0.0,0.0,1,254.5,441.0,1,345.5,0.0,0.0,0.0,0.0,0.0,0
2023-05-10 21:04:03,c2311-P-2840,玉米2311沽2840,345.5,0.0,0.0,0.0,10,255.0,440.5,10,345.5,0.0,0.0,0.0,0.0,0.0,0
2023-05-10 21:04:04,c2311-P-2840,玉米2311沽2840,345.5,0.0,0.0,0.0,1,256.5,440.5,10,345.5,0.0,0.0,0.0,0.0,0.0,0
2023-05-10 21:04:04,c2311-P-2840,玉米2311沽2840,345.5,0.0,0.0,0.0,10,257.0,439.0,1,345.5,0.0,0.0,0.0,0.0,0.0,0
2023-05-10 21:04:05,c2311-P-2840,玉米2311沽2840,345.5,0.0,0.0,0.0,10,257.0,438.5,10,345.5,0.0,0.0,0.0,0.0,0.0,0
2023-05-10 21:04:05,c2311-P-2840,玉米2311沽2840,345.5,0.0,0.0,0.0,1,258.5,437.0,1,345.5,0.0,0.0,0.0,0.0,0.0,0
2023-05-10 21:04:05,c2311-P-2840,玉米2311沽2840,345.5,0.0,0.0,0.0,10,259.0,436.5,10,345.5,0.0,0.0,0.0,0.0,0.0,0
2023-05-10 21:04:06,c2311-P-2840,玉米2311沽2840,345.5,0.0,0.0,0.0,1,260.5,435.0,1,345.5,0.0,0.0,0.0,0.0,0.0,0
2023-05-10 21:04:06,c2311-P-2840,玉米2311沽2840,345.5,0.0,0.0,0.0,10,261.0,434.5,10,345.5,0.0,0.0,0.0,0.0,0.0,0
2023-05-10 21:04:08,c2311-P-2840,玉米2311沽2840,345.5,0.0,0.0,0.0,1,262.5,434.5,10,345.5,0.0,0.0,0.0,0.0,0.0,0
2023-05-10 21:04:09,c2311-P-2840,玉米2311沽2840,345.5,0.0,0.0,0.0,10,263.0,433.0,1,345.5,0.0,0.0,0.0,0.0,0.0,0
2023-05-10 21:04:09,c2311-P-2840,玉米2311沽2840,345.5,0.0,0.0,0.0,10,263.0,432.5,10,345.5,0.0,0.0,0.0,0.0,0.0,0
2023-05-10 21:04:12,c2311-P-2840,玉米2311沽2840,345.5,0.0,0.0,0.0,1,264.5,431.0,1,345.5,0.0,0.0,0.0,0.0,0.0,0
2023-05-10 21:04:12,c2311-P-2840,玉米2311沽2840,345.5,0.0,0.0,0.0,10,265.0,430.5,10,345.5,0.0,0.0,0.0,0.0,0.0,0
2023-05-10 21:04:17,c2311-P-2840,玉米2311沽2840,345.5,0.0,0.0,0.0,1,266.5,429.0,1,345.5,0.0,0.0,0.0,0.0,0.0,0
2023-05-10 21:04:17,c2311-P-2840,玉米2311沽2840,345.5,0.0,0.0,0.0,10,267.0,428.5,10,345.5,0.0,0.0,0.0,0.0,0.0,0
2023-05-10 21:04:18,c2311-P-2840,玉米2311沽2840,345.5,0.0,0.0,0.0,1,268.5,428.5,10,345.5,0.0,0.0,0.0,0.0,0.0,0
2023-05-10 21:04:18,c2311-P-2840,玉米2311沽2840,345.5,0.0,0.0,0.0,10,269.0,428.5,10,345.5,0.0,0.0,0.0,0.0,0.0,0
2023-05-10 21:04:19,c2311-P-2840,玉米2311沽2840,345.5,0.0,0.0,0.0,1,270.5,427.0,1,345.5,0.0,0.0,0.0,0.0,0.0,0
2023-05-10 21:04:19,c2311-P-2840,玉米2311沽2840,345.5,0.0,0.0,0.0,10,271.0,426.5,10,345.5,0.0,0.0,0.0,0.0,0.0,0
2023-05-10 21:04:22,c2311-P-2840,玉米2311沽2840,345.5,0.0,0.0,0.0,1,272.5,425.0,1,345.5,0.0,0.0,0.0,0.0,0.0,0
2023-05-10 21:04:22,c2311-P-2840,玉米2311沽2840,345.5,0.0,0.0,0.0,10,273.0,424.5,10,345.5,0.0,0.0,0.0,0.0,0.0,0
2023-05-10 21:04:27,c2311-P-2840,玉米2311沽2840,345.5,0.0,0.0,0.0,1,274.5,423.0,1,345.5,0.0,0.0,0.0,0.0,0.0,0
2023-05-10 21:04:27,c2311-P-2840,玉米2311沽2840,345.5,0.0,0.0,0.0,10,275.0,422.5,10,345.5,0.0,0.0,0.0,0.0,0.0,0
2023-05-10 21:04:30,c2311-P-2840,玉米2311沽2840,345.5,0.0,0.0,0.0,1,276.5,421.0,1,345.5,0.0,0.0,0.0,0.0,0.0,0
2023-05-10 21:04:30,c2311-P-2840,玉米2311沽2840,345.5,0.0,0.0,0.0,10,277.0,420.5,10,345.5,0.0,0.0,0.0,0.0,0.0,0
2023-05-10 21:04:31,c2311-P-2840,玉米2311沽2840,345.5,0.0,0.0,0.0,1,278.5,419.0,1,345.5,0.0,0.0,0.0,0.0,0.0,0
2023-05-10 21:04:31,c2311-P-2840,玉米2311沽2840,345.5,0.0,0.0,0.0,10,279.0,418.5,10,345.5,0.0,0.0,0.0,0.0,0.0,0
2023-05-10 21:04:32,c2311-P-2840,玉米2311沽2840,345.5,0.0,0.0,0.0,1,280.5,417.0,1,345.5,0.0,0.0,0.0,0.0,0.0,0
2023-05-10 21:04:32,c2311-P-2840,玉米2311沽2840,345.5,0.0,0.0,0.0,10,281.0,416.5,10,345.5,0.0,0.0,0.0,0.0,0.0,0
2023-05-10 21:04:33,c2311-P-2840,玉米2311沽2840,345.5,0.0,0.0,0.0,1,282.5,415.0,1,345.5,0.0,0.0,0.0,0.0,0.0,0
2023-05-10 21:04:33,c2311-P-2840,玉米2311沽2840,345.5,0.0,0.0,0.0,10,283.0,414.5,10,345.5,0.0,0.0,0.0,0.0,0.0,0
2023-05-10 21:04:35,c2311-P-2840,玉米2311沽2840,345.5,0.0,0.0,0.0,1,284.5,413.0,1,345.5,0.0,0.0,0.0,0.0,0.0,0
2023-05-10 21:04:35,c2311-P-2840,玉米2311沽2840,345.5,0.0,0.0,0.0,10,285.0,412.5,10,345.5,0.0,0.0,0.0,0.0,0.0,0
2023-05-10 21:04:38,c2311-P-2840,玉米2311沽2840,345.5,0.0,0.0,0.0,1,286.5,411.0,1,345.5,0.0,0.0,0.0,0.0,0.0,0
2023-05-10 21:04:38,c2311-P-2840,玉米2311沽2840,345.5,0.0,0.0,0.0,10,287.0,410.5,10,345.5,0.0,0.0,0.0,0.0,0.0,0
2023-05-10 21:04:40,c2311-P-2840,玉米2311沽2840,345.5,0.0,0.0,0.0,1,288.5,410.5,10,345.5,0.0,0.0,0.0,0.0,0.0,0
2023-05-10 21:04:40,c2311-P-2840,玉米2311沽2840,345.5,0.0,0.0,0.0,10,289.0,409.0,1,345.5,0.0,0.0,0.0,0.0,0.0,0
2023-05-10 21:04:41,c2311-P-2840,玉米2311沽2840,345.5,0.0,0.0,0.0,10,289.0,408.5,10,345.5,0.0,0.0,0.0,0.0,0.0,0
2023-05-10 21:04:42,c2311-P-2840,玉米2311沽2840,345.5,0.0,0.0,0.0,1,290.5,408.5,10,345.5,0.0,0.0,0.0,0.0,0.0,0
2023-05-10 21:04:42,c2311-P-2840,玉米2311沽2840,345.5,0.0,0.0,0.0,10,291.0,408.5,10,345.5,0.0,0.0,0.0,0.0,0.0,0
2023-05-10 21:04:43,c2311-P-2840,玉米2311沽2840,345.5,0.0,0.0,0.0,1,292.5,408.5,10,345.5,0.0,0.0,0.0,0.0,0.0,0
2023-05-10 21:04:43,c2311-P-2840,玉米2311沽2840,345.5,0.0,0.0,0.0,10,293.0,408.5,10,345.5,0.0,0.0,0.0,0.0,0.0,0
2023-05-10 21:04:44,c2311-P-2840,玉米2311沽2840,345.5,0.0,0.0,0.0,1,294.5,408.5,10,345.5,0.0,0.0,0.0,0.0,0.0,0
2023-05-10 21:04:44,c2311-P-2840,玉米2311沽2840,345.5,0.0,0.0,0.0,10,295.0,408.5,10,345.5,0.0,0.0,0.0,0.0,0.0,0
2023-05-10 21:04:45,c2311-P-2840,玉米2311沽2840,345.5,0.0,0.0,0.0,1,296.5,408.5,10,345.5,0.0,0.0,0.0,0.0,0.0,0
2023-05-10 21:04:45,c2311-P-2840,玉米2311沽2840,345.5,0.0,0.0,0.0,10,297.0,408.5,10,345.5,0.0,0.0,0.0,0.0,0.0,0
2023-05-10 21:04:47,c2311-P-2840,玉米2311沽2840,345.5,0.0,0.0,0.0,1,298.5,408.5,10,345.5,0.0,0.0,0.0,0.0,0.0,0
2023-05-10 21:04:47,c2311-P-2840,玉米2311沽2840,345.5,0.0,0.0,0.0,10,299.0,408.5,10,345.5,0.0,0.0,0.0,0.0,0.0,0
2023-05-10 21:14:42,c2311-P-2840,玉米2311沽2840,345.5,0.0,0.0,0.0,1,300.5,408.5,10,345.5,0.0,0.0,0.0,0.0,0.0,0
2023-05-10 21:14:42,c2311-P-2840,玉米2311沽2840,345.5,0.0,0.0,0.0,10,301.0,408.5,10,345.5,0.0,0.0,0.0,0.0,0.0,0
2023-05-10 21:14:43,c2311-P-2840,玉米2311沽2840,345.5,0.0,0.0,0.0,1,302.5,408.5,10,345.5,0.0,0.0,0.0,0.0,0.0,0
2023-05-10 21:14:43,c2311-P-2840,玉米2311沽2840,345.5,0.0,0.0,0.0,10,303.0,408.5,10,345.5,0.0,0.0,0.0,0.0,0.0,0
2023-05-10 21:14:44,c2311-P-2840,玉米2311沽2840,345.5,0.0,0.0,0.0,1,304.5,408.5,10,345.5,0.0,0.0,0.0,0.0,0.0,0
2023-05-10 21:14:44,c2311-P-2840,玉米2311沽2840,345.5,0.0,0.0,0.0,10,305.0,408.5,10,345.5,0.0,0.0,0.0,0.0,0.0,0
2023-05-10 21:24:42,c2311-P-2840,玉米2311沽2840,345.5,0.0,0.0,0.0,1,306.5,408.5,10,345.5,0.0,0.0,0.0,0.0,0.0,0
2023-05-10 21:24:42,c2311-P-2840,玉米2311沽2840,345.5,0.0,0.0,0.0,10,307.0,408.5,10,345.5,0.0,0.0,0.0,0.0,0.0,0
2023-05-10 21:24:43,c2311-P-2840,玉米2311沽2840,345.5,0.0,0.0,0.0,1,308.5,408.5,10,345.5,0.0,0.0,0.0,0.0,0.0,0
2023-05-10 21:24:43,c2311-P-2840,玉米2311沽2840,345.5,0.0,0.0,0.0,10,309.0,408.5,10,345.5,0.0,0.0,0.0,0.0,0.0,0
2023-05-10 21:34:42,c2311-P-2840,玉米2311沽2840,345.5,0.0,0.0,0.0,1,310.5,408.5,10,345.5,0.0,0.0,0.0,0.0,0.0,0
2023-05-10 21:34:42,c2311-P-2840,玉米2311沽2840,345.5,0.0,0.0,0.0,10,311.0,408.5,10,345.5,0.0,0.0,0.0,0.0,0.0,0
2023-05-10 21:34:43,c2311-P-2840,玉米2311沽2840,345.5,0.0,0.0,0.0,1,312.5,408.5,10,345.5,0.0,0.0,0.0,0.0,0.0,0
2023-05-10 21:34:43,c2311-P-2840,玉米2311沽2840,345.5,0.0,0.0,0.0,10,313.0,408.5,10,345.5,0.0,0.0,0.0,0.0,0.0,0
2023-05-10 21:44:42,c2311-P-2840,玉米2311沽2840,345.5,0.0,0.0,0.0,1,314.5,408.5,10,345.5,0.0,0.0,0.0,0.0,0.0,0
2023-05-10 21:44:42,c2311-P-2840,玉米2311沽2840,345.5,0.0,0.0,0.0,10,315.0,408.5,10,345.5,0.0,0.0,0.0,0.0,0.0,0
2023-05-10 22:24:42,c2311-P-2840,玉米2311沽2840,345.5,0.0,0.0,0.0,1,316.5,408.5,10,345.5,0.0,0.0,0.0,0.0,0.0,0
2023-05-10 22:24:42,c2311-P-2840,玉米2311沽2840,345.5,0.0,0.0,0.0,10,317.0,408.5,10,345.5,0.0,0.0,0.0,0.0,0.0,0
2023-05-10 22:57:33,c2311-P-2840,玉米2311沽2840,345.5,0.0,0.0,0.0,1,199.0,0.0,0,345.5,0.0,0.0,0.0,0.0,0.0,0
2023-05-10 22:57:37,c2311-P-2840,玉米2311沽2840,345.5,0.0,0.0,0.0,1,200.5,493.0,1,345.5,0.0,0.0,0.0,0.0,0.0,0
2023-05-10 22:59:16,c2311-P-2840,玉米2311沽2840,345.5,0.0,0.0,0.0,10,201.0,492.5,10,345.5,0.0,0.0,0.0,0.0,0.0,0
2023-05-10 22:59:22,c2311-P-2840,玉米2311沽2840,345.5,0.0,0.0,0.0,1,202.5,491.0,1,345.5,0.0,0.0,0.0,0.0,0.0,0
2023-05-10 22:59:22,c2311-P-2840,玉米2311沽2840,345.5,0.0,0.0,0.0,10,203.0,490.5,10,345.5,0.0,0.0,0.0,0.0,0.0,0
2023-05-10 22:59:56,c2311-P-2840,玉米2311沽2840,345.5,0.0,0.0,0.0,1,199.0,0.0,0,345.5,0.0,0.0,0.0,0.0,0.0,0
2023-05-11 09:00:04,c2311-P-2840,玉米2311沽2840,345.5,0.0,0.0,0.0,10,199.5,0.0,0,345.5,0.0,0.0,0.0,0.0,0.0,0
2023-05-11 09:00:49,c2311-P-2840,玉米2311沽2840,345.5,0.0,0.0,0.0,1,214.0,0.0,0,345.5,0.0,0.0,0.0,0.0,0.0,0
2023-05-11 09:00:49,c2311-P-2840,玉米2311沽2840,345.5,0.0,0.0,0.0,10,214.5,0.0,0,345.5,0.0,0.0,0.0,0.0,0.0,0
2023-05-11 09:02:02,c2311-P-2840,玉米2311沽2840,345.5,0.0,0.0,0.0,1,216.0,492.5,10,345.5,0.0,0.0,0.0,0.0,0.0,0
2023-05-11 09:02:03,c2311-P-2840,玉米2311沽2840,345.5,0.0,0.0,0.0,10,216.5,492.5,10,345.5,0.0,0.0,0.0,0.0,0.0,0
2023-05-11 09:02:04,c2311-P-2840,玉米2311沽2840,345.5,0.0,0.0,0.0,1,218.0,491.0,1,345.5,0.0,0.0,0.0,0.0,0.0,0
2023-05-11 09:02:04,c2311-P-2840,玉米2311沽2840,345.5,0.0,0.0,0.0,10,218.5,490.5,10,345.5,0.0,0.0,0.0,0.0,0.0,0
2023-05-11 09:02:05,c2311-P-2840,玉米2311沽2840,345.5,0.0,0.0,0.0,1,220.0,489.0,1,345.5,0.0,0.0,0.0,0.0,0.0,0
2023-05-11 09:02:05,c2311-P-2840,玉米2311沽2840,345.5,0.0,0.0,0.0,10,220.5,488.5,10,345.5,0.0,0.0,0.0,0.0,0.0,0
2023-05-11 09:02:08,c2311-P-2840,玉米2311沽2840,345.5,0.0,0.0,0.0,1,222.0,487.0,1,345.5,0.0,0.0,0.0,0.0,0.0,0
2023-05-11 09:02:08,c2311-P-2840,玉米2311沽2840,345.5,0.0,0.0,0.0,10,222.5,486.5,10,345.5,0.0,0.0,0.0,0.0,0.0,0
2023-05-11 09:02:12,c2311-P-2840,玉米2311沽2840,345.5,0.0,0.0,0.0,1,224.0,485.0,1,345.5,0.0,0.0,0.0,0.0,0.0,0
2023-05-11 09:02:13,c2311-P-2840,玉米2311沽2840,345.5,0.0,0.0,0.0,10,224.5,484.5,10,345.5,0.0,0.0,0.0,0.0,0.0,0
2023-05-11 09:02:18,c2311-P-2840,玉米2311沽2840,345.5,0.0,0.0,0.0,1,226.0,483.0,1,345.5,0.0,0.0,0.0,0.0,0.0,0
2023-05-11 09:02:19,c2311-P-2840,玉米2311沽2840,345.5,0.0,0.0,0.0,10,226.5,482.5,10,345.5,0.0,0.0,0.0,0.0,0.0,0
2023-05-11 09:02:19,c2311-P-2840,玉米2311沽2840,345.5,0.0,0.0,0.0,1,228.0,481.0,1,345.5,0.0,0.0,0.0,0.0,0.0,0
2023-05-11 09:02:19,c2311-P-2840,玉米2311沽2840,345.5,0.0,0.0,0.0,10,228.5,480.5,10,345.5,0.0,0.0,0.0,0.0,0.0,0
2023-05-11 09:02:24,c2311-P-2840,玉米2311沽2840,345.5,0.0,0.0,0.0,1,230.0,479.0,1,345.5,0.0,0.0,0.0,0.0,0.0,0
2023-05-11 09:02:24,c2311-P-2840,玉米2311沽2840,345.5,0.0,0.0,0.0,10,230.5,478.5,10,345.5,0.0,0.0,0.0,0.0,0.0,0
2023-05-11 09:02:28,c2311-P-2840,玉米2311沽2840,345.5,0.0,0.0,0.0,1,232.0,477.0,1,345.5,0.0,0.0,0.0,0.0,0.0,0
2023-05-11 09:02:28,c2311-P-2840,玉米2311沽2840,345.5,0.0,0.0,0.0,10,232.5,476.5,10,345.5,0.0,0.0,0.0,0.0,0.0,0
2023-05-11 09:02:29,c2311-P-2840,玉米2311沽2840,345.5,0.0,0.0,0.0,1,234.0,475.0,1,345.5,0.0,0.0,0.0,0.0,0.0,0
2023-05-11 09:02:29,c2311-P-2840,玉米2311沽2840,345.5,0.0,0.0,0.0,10,234.5,474.5,10,345.5,0.0,0.0,0.0,0.0,0.0,0
2023-05-11 09:02:30,c2311-P-2840,玉米2311沽2840,345.5,0.0,0.0,0.0,1,236.0,473.0,1,345.5,0.0,0.0,0.0,0.0,0.0,0
2023-05-11 09:02:30,c2311-P-2840,玉米2311沽2840,345.5,0.0,0.0,0.0,10,236.5,472.5,10,345.5,0.0,0.0,0.0,0.0,0.0,0
2023-05-11 09:02:36,c2311-P-2840,玉米2311沽2840,345.5,0.0,0.0,0.0,1,238.0,471.0,1,345.5,0.0,0.0,0.0,0.0,0.0,0
2023-05-11 09:02:36,c2311-P-2840,玉米2311沽2840,345.5,0.0,0.0,0.0,10,238.5,470.5,10,345.5,0.0,0.0,0.0,0.0,0.0,0
2023-05-11 09:02:40,c2311-P-2840,玉米2311沽2840,345.5,0.0,0.0,0.0,1,240.0,469.0,1,345.5,0.0,0.0,0.0,0.0,0.0,0
2023-05-11 09:02:40,c2311-P-2840,玉米2311沽2840,345.5,0.0,0.0,0.0,10,240.5,468.5,10,345.5,0.0,0.0,0.0,0.0,0.0,0
2023-05-11 09:02:44,c2311-P-2840,玉米2311沽2840,345.5,0.0,0.0,0.0,1,242.0,467.0,1,345.5,0.0,0.0,0.0,0.0,0.0,0
2023-05-11 09:02:44,c2311-P-2840,玉米2311沽2840,345.5,0.0,0.0,0.0,10,242.5,466.5,10,345.5,0.0,0.0,0.0,0.0,0.0,0
2023-05-11 09:02:45,c2311-P-2840,玉米2311沽2840,345.5,0.0,0.0,0.0,1,244.0,465.0,1,345.5,0.0,0.0,0.0,0.0,0.0,0
2023-05-11 09:02:45,c2311-P-2840,玉米2311沽2840,345.5,0.0,0.0,0.0,10,244.5,464.5,10,345.5,0.0,0.0,0.0,0.0,0.0,0
2023-05-11 09:02:49,c2311-P-2840,玉米2311沽2840,345.5,0.0,0.0,0.0,1,246.0,463.0,1,345.5,0.0,0.0,0.0,0.0,0.0,0
2023-05-11 09:02:49,c2311-P-2840,玉米2311沽2840,345.5,0.0,0.0,0.0,10,246.5,462.5,10,345.5,0.0,0.0,0.0,0.0,0.0,0
2023-05-11 09:02:50,c2311-P-2840,玉米2311沽2840,345.5,0.0,0.0,0.0,1,248.0,461.0,1,345.5,0.0,0.0,0.0,0.0,0.0,0
2023-05-11 09:02:50,c2311-P-2840,玉米2311沽2840,345.5,0.0,0.0,0.0,10,248.5,460.5,10,345.5,0.0,0.0,0.0,0.0,0.0,0
2023-05-11 09:02:51,c2311-P-2840,玉米2311沽2840,345.5,0.0,0.0,0.0,1,250.0,459.0,1,345.5,0.0,0.0,0.0,0.0,0.0,0
2023-05-11 09:02:51,c2311-P-2840,玉米2311沽2840,345.5,0.0,0.0,0.0,10,250.5,458.5,10,345.5,0.0,0.0,0.0,0.0,0.0,0
2023-05-11 09:02:56,c2311-P-2840,玉米2311沽2840,345.5,0.0,0.0,0.0,1,252.0,457.0,1,345.5,0.0,0.0,0.0,0.0,0.0,0
2023-05-11 09:02:56,c2311-P-2840,玉米2311沽2840,345.5,0.0,0.0,0.0,10,252.5,456.5,10,345.5,0.0,0.0,0.0,0.0,0.0,0
2023-05-11 09:02:58,c2311-P-2840,玉米2311沽2840,345.5,0.0,0.0,0.0,1,254.0,455.0,1,345.5,0.0,0.0,0.0,0.0,0.0,0
2023-05-11 09:02:58,c2311-P-2840,玉米2311沽2840,345.5,0.0,0.0,0.0,10,254.5,454.5,10,345.5,0.0,0.0,0.0,0.0,0.0,0
2023-05-11 09:02:59,c2311-P-2840,玉米2311沽2840,345.5,0.0,0.0,0.0,1,256.0,453.0,1,345.5,0.0,0.0,0.0,0.0,0.0,0
2023-05-11 09:02:59,c2311-P-2840,玉米2311沽2840,345.5,0.0,0.0,0.0,10,256.5,452.5,10,345.5,0.0,0.0,0.0,0.0,0.0,0
2023-05-11 09:03:04,c2311-P-2840,玉米2311沽2840,345.5,0.0,0.0,0.0,1,258.0,451.0,1,345.5,0.0,0.0,0.0,0.0,0.0,0
2023-05-11 09:03:04,c2311-P-2840,玉米2311沽2840,345.5,0.0,0.0,0.0,10,258.5,450.5,10,345.5,0.0,0.0,0.0,0.0,0.0,0
2023-05-11 09:03:05,c2311-P-2840,玉米2311沽2840,345.5,0.0,0.0,0.0,1,260.0,449.0,1,345.5,0.0,0.0,0.0,0.0,0.0,0
2023-05-11 09:03:05,c2311-P-2840,玉米2311沽2840,345.5,0.0,0.0,0.0,10,260.5,448.5,10,345.5,0.0,0.0,0.0,0.0,0.0,0
2023-05-11 09:03:06,c2311-P-2840,玉米2311沽2840,345.5,0.0,0.0,0.0,1,262.0,448.5,10,345.5,0.0,0.0,0.0,0.0,0.0,0
2023-05-11 09:03:06,c2311-P-2840,玉米2311沽2840,345.5,0.0,0.0,0.0,10,262.5,447.0,1,345.5,0.0,0.0,0.0,0.0,0.0,0
2023-05-11 09:03:07,c2311-P-2840,玉米2311沽2840,345.5,0.0,0.0,0.0,10,262.5,446.5,10,345.5,0.0,0.0,0.0,0.0,0.0,0
2023-05-11 09:03:07,c2311-P-2840,玉米2311沽2840,345.5,0.0,0.0,0.0,1,264.0,445.0,1,345.5,0.0,0.0,0.0,0.0,0.0,0
2023-05-11 09:03:07,c2311-P-2840,玉米2311沽2840,345.5,0.0,0.0,0.0,10,264.5,444.5,10,345.5,0.0,0.0,0.0,0.0,0.0,0
2023-05-11 09:03:11,c2311-P-2840,玉米2311沽2840,345.5,0.0,0.0,0.0,1,266.0,443.0,1,345.5,0.0,0.0,0.0,0.0,0.0,0
2023-05-11 09:03:11,c2311-P-2840,玉米2311沽2840,345.5,0.0,0.0,0.0,10,266.5,442.5,10,345.5,0.0,0.0,0.0,0.0,0.0,0
2023-05-11 09:03:12,c2311-P-2840,玉米2311沽2840,345.5,0.0,0.0,0.0,1,268.0,441.0,1,345.5,0.0,0.0,0.0,0.0,0.0,0
2023-05-11 09:03:12,c2311-P-2840,玉米2311沽2840,345.5,0.0,0.0,0.0,10,268.5,440.5,10,345.5,0.0,0.0,0.0,0.0,0.0,0
2023-05-11 09:03:13,c2311-P-2840,玉米2311沽2840,345.5,0.0,0.0,0.0,1,270.0,439.0,1,345.5,0.0,0.0,0.0,0.0,0.0,0
2023-05-11 09:03:13,c2311-P-2840,玉米2311沽2840,345.5,0.0,0.0,0.0,10,270.5,438.5,10,345.5,0.0,0.0,0.0,0.0,0.0,0
2023-05-11 09:03:17,c2311-P-2840,玉米2311沽2840,345.5,0.0,0.0,0.0,1,272.0,437.0,1,345.5,0.0,0.0,0.0,0.0,0.0,0
2023-05-11 09:03:17,c2311-P-2840,玉米2311沽2840,345.5,0.0,0.0,0.0,10,272.5,436.5,10,345.5,0.0,0.0,0.0,0.0,0.0,0
2023-05-11 09:03:18,c2311-P-2840,玉米2311沽2840,345.5,0.0,0.0,0.0,1,274.0,435.0,1,345.5,0.0,0.0,0.0,0.0,0.0,0
2023-05-11 09:03:18,c2311-P-2840,玉米2311沽2840,345.5,0.0,0.0,0.0,10,274.5,434.5,10,345.5,0.0,0.0,0.0,0.0,0.0,0
2023-05-11 09:03:22,c2311-P-2840,玉米2311沽2840,345.5,0.0,0.0,0.0,1,276.0,434.5,10,345.5,0.0,0.0,0.0,0.0,0.0,0
2023-05-11 09:03:22,c2311-P-2840,玉米2311沽2840,345.5,0.0,0.0,0.0,10,276.5,434.5,10,345.5,0.0,0.0,0.0,0.0,0.0,0
2023-05-11 09:03:23,c2311-P-2840,玉米2311沽2840,345.5,0.0,0.0,0.0,1,278.0,433.0,1,345.5,0.0,0.0,0.0,0.0,0.0,0
2023-05-11 09:03:23,c2311-P-2840,玉米2311沽2840,345.5,0.0,0.0,0.0,10,278.5,432.5,10,345.5,0.0,0.0,0.0,0.0,0.0,0
2023-05-11 09:03:24,c2311-P-2840,玉米2311沽2840,345.5,0.0,0.0,0.0,1,280.0,431.0,1,345.5,0.0,0.0,0.0,0.0,0.0,0
2023-05-11 09:03:24,c2311-P-2840,玉米2311沽2840,345.5,0.0,0.0,0.0,10,280.5,430.5,10,345.5,0.0,0.0,0.0,0.0,0.0,0
2023-05-11 09:03:28,c2311-P-2840,玉米2311沽2840,345.5,0.0,0.0,0.0,1,282.0,430.5,10,345.5,0.0,0.0,0.0,0.0,0.0,0
2023-05-11 09:03:29,c2311-P-2840,玉米2311沽2840,345.5,0.0,0.0,0.0,10,282.5,430.5,10,345.5,0.0,0.0,0.0,0.0,0.0,0
2023-05-11 09:03:30,c2311-P-2840,玉米2311沽2840,345.5,0.0,0.0,0.0,1,284.0,429.0,1,345.5,0.0,0.0,0.0,0.0,0.0,0
2023-05-11 09:03:30,c2311-P-2840,玉米2311沽2840,345.5,0.0,0.0,0.0,10,284.5,428.5,10,345.5,0.0,0.0,0.0,0.0,0.0,0
2023-05-11 09:03:31,c2311-P-2840,玉米2311沽2840,345.5,0.0,0.0,0.0,1,286.0,427.0,1,345.5,0.0,0.0,0.0,0.0,0.0,0
2023-05-11 09:03:31,c2311-P-2840,玉米2311沽2840,345.5,0.0,0.0,0.0,10,286.5,426.5,10,345.5,0.0,0.0,0.0,0.0,0.0,0
2023-05-11 09:03:32,c2311-P-2840,玉米2311沽2840,345.5,0.0,0.0,0.0,1,288.0,425.0,1,345.5,0.0,0.0,0.0,0.0,0.0,0
2023-05-11 09:03:32,c2311-P-2840,玉米2311沽2840,345.5,0.0,0.0,0.0,10,288.5,424.5,10,345.5,0.0,0.0,0.0,0.0,0.0,0
2023-05-11 09:03:33,c2311-P-2840,玉米2311沽2840,345.5,0.0,0.0,0.0,1,290.0,424.5,10,345.5,0.0,0.0,0.0,0.0,0.0,0
2023-05-11 09:03:33,c2311-P-2840,玉米2311沽2840,345.5,0.0,0.0,0.0,10,290.5,424.5,10,345.5,0.0,0.0,0.0,0.0,0.0,0
2023-05-11 09:03:36,c2311-P-2840,玉米2311沽2840,345.5,0.0,0.0,0.0,1,292.0,424.5,10,345.5,0.0,0.0,0.0,0.0,0.0,0
2023-05-11 09:03:36,c2311-P-2840,玉米2311沽2840,345.5,0.0,0.0,0.0,10,292.5,424.5,10,345.5,0.0,0.0,0.0,0.0,0.0,0
2023-05-11 09:03:37,c2311-P-2840,玉米2311沽2840,345.5,0.0,0.0,0.0,1,294.0,424.5,10,345.5,0.0,0.0,0.0,0.0,0.0,0
2023-05-11 09:03:37,c2311-P-2840,玉米2311沽2840,345.5,0.0,0.0,0.0,10,294.5,424.5,10,345.5,0.0,0.0,0.0,0.0,0.0,0
2023-05-11 09:03:38,c2311-P-2840,玉米2311沽2840,345.5,0.0,0.0,0.0,1,296.0,424.5,10,345.5,0.0,0.0,0.0,0.0,0.0,0
2023-05-11 09:03:38,c2311-P-2840,玉米2311沽2840,345.5,0.0,0.0,0.0,10,296.5,424.5,10,345.5,0.0,0.0,0.0,0.0,0.0,0
2023-05-11 09:03:39,c2311-P-2840,玉米2311沽2840,345.5,0.0,0.0,0.0,1,298.0,424.5,10,345.5,0.0,0.0,0.0,0.0,0.0,0
2023-05-11 09:03:39,c2311-P-2840,玉米2311沽2840,345.5,0.0,0.0,0.0,10,298.5,424.5,10,345.5,0.0,0.0,0.0,0.0,0.0,0
2023-05-11 09:03:41,c2311-P-2840,玉米2311沽2840,345.5,0.0,0.0,0.0,1,300.0,424.5,10,345.5,0.0,0.0,0.0,0.0,0.0,0
2023-05-11 09:03:41,c2311-P-2840,玉米2311沽2840,345.5,0.0,0.0,0.0,10,300.5,424.5,10,345.5,0.0,0.0,0.0,0.0,0.0,0
2023-05-11 09:03:42,c2311-P-2840,玉米2311沽2840,345.5,0.0,0.0,0.0,10,302.5,424.5,10,345.5,0.0,0.0,0.0,0.0,0.0,0
2023-05-11 09:03:44,c2311-P-2840,玉米2311沽2840,345.5,0.0,0.0,0.0,1,304.0,424.5,10,345.5,0.0,0.0,0.0,0.0,0.0,0
2023-05-11 09:03:44,c2311-P-2840,玉米2311沽2840,345.5,0.0,0.0,0.0,10,304.5,424.5,10,345.5,0.0,0.0,0.0,0.0,0.0,0
2023-05-11 09:03:45,c2311-P-2840,玉米2311沽2840,345.5,0.0,0.0,0.0,1,306.0,424.5,10,345.5,0.0,0.0,0.0,0.0,0.0,0
2023-05-11 09:03:45,c2311-P-2840,玉米2311沽2840,345.5,0.0,0.0,0.0,10,306.5,424.5,10,345.5,0.0,0.0,0.0,0.0,0.0,0
2023-05-11 09:03:47,c2311-P-2840,玉米2311沽2840,345.5,0.0,0.0,0.0,1,308.0,424.5,10,345.5,0.0,0.0,0.0,0.0,0.0,0
2023-05-11 09:03:47,c2311-P-2840,玉米2311沽2840,345.5,0.0,0.0,0.0,10,308.5,424.5,10,345.5,0.0,0.0,0.0,0.0,0.0,0
2023-05-11 09:03:48,c2311-P-2840,玉米2311沽2840,345.5,0.0,0.0,0.0,1,310.0,424.5,10,345.5,0.0,0.0,0.0,0.0,0.0,0
2023-05-11 09:03:48,c2311-P-2840,玉米2311沽2840,345.5,0.0,0.0,0.0,10,310.5,424.5,10,345.5,0.0,0.0,0.0,0.0,0.0,0
2023-05-11 09:03:49,c2311-P-2840,玉米2311沽2840,345.5,0.0,0.0,0.0,1,312.0,424.5,10,345.5,0.0,0.0,0.0,0.0,0.0,0
2023-05-11 09:03:49,c2311-P-2840,玉米2311沽2840,345.5,0.0,0.0,0.0,10,312.5,424.5,10,345.5,0.0,0.0,0.0,0.0,0.0,0
2023-05-11 09:24:41,c2311-P-2840,玉米2311沽2840,345.5,0.0,0.0,0.0,10,314.5,424.5,10,345.5,0.0,0.0,0.0,0.0,0.0,0
2023-05-11 09:24:42,c2311-P-2840,玉米2311沽2840,345.5,0.0,0.0,0.0,1,316.0,424.5,10,345.5,0.0,0.0,0.0,0.0,0.0,0
2023-05-11 09:24:42,c2311-P-2840,玉米2311沽2840,345.5,0.0,0.0,0.0,10,316.5,424.5,10,345.5,0.0,0.0,0.0,0.0,0.0,0
2023-05-11 09:54:41,c2311-P-2840,玉米2311沽2840,345.5,0.0,0.0,0.0,1,318.0,424.5,10,345.5,0.0,0.0,0.0,0.0,0.0,0
2023-05-11 09:54:41,c2311-P-2840,玉米2311沽2840,345.5,0.0,0.0,0.0,10,318.5,424.5,10,345.5,0.0,0.0,0.0,0.0,0.0,0
2023-05-11 09:54:42,c2311-P-2840,玉米2311沽2840,345.5,0.0,0.0,0.0,1,320.0,424.5,10,345.5,0.0,0.0,0.0,0.0,0.0,0
2023-05-11 09:54:42,c2311-P-2840,玉米2311沽2840,345.5,0.0,0.0,0.0,10,320.5,424.5,10,345.5,0.0,0.0,0.0,0.0,0.0,0
2023-05-11 09:54:43,c2311-P-2840,玉米2311沽2840,345.5,0.0,0.0,0.0,1,322.0,424.5,10,345.5,0.0,0.0,0.0,0.0,0.0,0
2023-05-11 09:54:43,c2311-P-2840,玉米2311沽2840,345.5,0.0,0.0,0.0,10,322.5,424.5,10,345.5,0.0,0.0,0.0,0.0,0.0,0
2023-05-11 10:14:32,c2311-P-2840,玉米2311沽2840,345.5,0.0,0.0,0.0,1,214.0,0.0,0,345.5,0.0,0.0,0.0,0.0,0.0,0
2023-05-11 10:30:07,c2311-P-2840,玉米2311沽2840,345.5,0.0,0.0,0.0,10,214.5,0.0,0,345.5,0.0,0.0,0.0,0.0,0.0,0
2023-05-11 10:32:02,c2311-P-2840,玉米2311沽2840,345.5,0.0,0.0,0.0,1,216.0,492.5,10,345.5,0.0,0.0,0.0,0.0,0.0,0
2023-05-11 10:32:03,c2311-P-2840,玉米2311沽2840,345.5,0.0,0.0,0.0,10,216.5,492.5,10,345.5,0.0,0.0,0.0,0.0,0.0,0
2023-05-11 10:32:03,c2311-P-2840,玉米2311沽2840,345.5,0.0,0.0,0.0,1,218.0,491.0,1,345.5,0.0,0.0,0.0,0.0,0.0,0
2023-05-11 10:32:04,c2311-P-2840,玉米2311沽2840,345.5,0.0,0.0,0.0,10,218.5,490.5,10,345.5,0.0,0.0,0.0,0.0,0.0,0
2023-05-11 10:32:07,c2311-P-2840,玉米2311沽2840,345.5,0.0,0.0,0.0,1,220.0,489.0,1,345.5,0.0,0.0,0.0,0.0,0.0,0
2023-05-11 10:32:07,c2311-P-2840,玉米2311沽2840,345.5,0.0,0.0,0.0,10,220.5,488.5,10,345.5,0.0,0.0,0.0,0.0,0.0,0
2023-05-11 10:32:08,c2311-P-2840,玉米2311沽2840,345.5,0.0,0.0,0.0,1,222.0,487.0,1,345.5,0.0,0.0,0.0,0.0,0.0,0
2023-05-11 10:32:08,c2311-P-2840,玉米2311沽2840,345.5,0.0,0.0,0.0,10,222.5,486.5,10,345.5,0.0,0.0,0.0,0.0,0.0,0
2023-05-11 10:32:15,c2311-P-2840,玉米2311沽2840,345.5,0.0,0.0,0.0,1,224.0,485.0,1,345.5,0.0,0.0,0.0,0.0,0.0,0
2023-05-11 10:32:16,c2311-P-2840,玉米2311沽2840,345.5,0.0,0.0,0.0,10,224.5,484.5,10,345.5,0.0,0.0,0.0,0.0,0.0,0
2023-05-11 10:32:19,c2311-P-2840,玉米2311沽2840,345.5,0.0,0.0,0.0,1,226.0,483.0,1,345.5,0.0,0.0,0.0,0.0,0.0,0
2023-05-11 10:32:20,c2311-P-2840,玉米2311沽2840,345.5,0.0,0.0,0.0,10,226.5,482.5,10,345.5,0.0,0.0,0.0,0.0,0.0,0
2023-05-11 10:32:20,c2311-P-2840,玉米2311沽2840,345.5,0.0,0.0,0.0,1,228.0,481.0,1,345.5,0.0,0.0,0.0,0.0,0.0,0
2023-05-11 10:32:20,c2311-P-2840,玉米2311沽2840,345.5,0.0,0.0,0.0,10,228.5,480.5,10,345.5,0.0,0.0,0.0,0.0,0.0,0
2023-05-11 10:32:23,c2311-P-2840,玉米2311沽2840,345.5,0.0,0.0,0.0,1,230.0,479.0,1,345.5,0.0,0.0,0.0,0.0,0.0,0
2023-05-11 10:32:23,c2311-P-2840,玉米2311沽2840,345.5,0.0,0.0,0.0,10,230.5,478.5,10,345.5,0.0,0.0,0.0,0.0,0.0,0
2023-05-11 10:32:26,c2311-P-2840,玉米2311沽2840,345.5,0.0,0.0,0.0,1,232.0,477.0,1,345.5,0.0,0.0,0.0,0.0,0.0,0
2023-05-11 10:32:26,c2311-P-2840,玉米2311沽2840,345.5,0.0,0.0,0.0,10,232.5,476.5,10,345.5,0.0,0.0,0.0,0.0,0.0,0
2023-05-11 10:32:27,c2311-P-2840,玉米2311沽2840,345.5,0.0,0.0,0.0,1,234.0,475.0,1,345.5,0.0,0.0,0.0,0.0,0.0,0
2023-05-11 10:32:27,c2311-P-2840,玉米2311沽2840,345.5,0.0,0.0,0.0,10,234.5,474.5,10,345.5,0.0,0.0,0.0,0.0,0.0,0
2023-05-11 10:32:28,c2311-P-2840,玉米2311沽2840,345.5,0.0,0.0,0.0,1,236.0,473.0,1,345.5,0.0,0.0,0.0,0.0,0.0,0
2023-05-11 10:32:28,c2311-P-2840,玉米2311沽2840,345.5,0.0,0.0,0.0,10,236.5,472.5,10,345.5,0.0,0.0,0.0,0.0,0.0,0
2023-05-11 10:32:29,c2311-P-2840,玉米2311沽2840,345.5,0.0,0.0,0.0,1,238.0,472.5,10,345.5,0.0,0.0,0.0,0.0,0.0,0
2023-05-11 10:32:29,c2311-P-2840,玉米2311沽2840,345.5,0.0,0.0,0.0,10,238.5,472.5,10,345.5,0.0,0.0,0.0,0.0,0.0,0
2023-05-11 10:32:31,c2311-P-2840,玉米2311沽2840,345.5,0.0,0.0,0.0,1,240.0,471.0,1,345.5,0.0,0.0,0.0,0.0,0.0,0
2023-05-11 10:32:31,c2311-P-2840,玉米2311沽2840,345.5,0.0,0.0,0.0,10,240.5,470.5,10,345.5,0.0,0.0,0.0,0.0,0.0,0
2023-05-11 10:32:32,c2311-P-2840,玉米2311沽2840,345.5,0.0,0.0,0.0,1,242.0,469.0,1,345.5,0.0,0.0,0.0,0.0,0.0,0
2023-05-11 10:32:32,c2311-P-2840,玉米2311沽2840,345.5,0.0,0.0,0.0,10,242.5,468.5,10,345.5,0.0,0.0,0.0,0.0,0.0,0
2023-05-11 10:32:33,c2311-P-2840,玉米2311沽2840,345.5,0.0,0.0,0.0,1,244.0,467.0,1,345.5,0.0,0.0,0.0,0.0,0.0,0
2023-05-11 10:32:33,c2311-P-2840,玉米2311沽2840,345.5,0.0,0.0,0.0,10,244.5,466.5,10,345.5,0.0,0.0,0.0,0.0,0.0,0
2023-05-11 10:32:38,c2311-P-2840,玉米2311沽2840,345.5,0.0,0.0,0.0,1,246.0,466.5,10,345.5,0.0,0.0,0.0,0.0,0.0,0
2023-05-11 10:32:39,c2311-P-2840,玉米2311沽2840,345.5,0.0,0.0,0.0,10,246.5,465.0,1,345.5,0.0,0.0,0.0,0.0,0.0,0
2023-05-11 10:32:39,c2311-P-2840,玉米2311沽2840,345.5,0.0,0.0,0.0,1,248.0,464.5,10,345.5,0.0,0.0,0.0,0.0,0.0,0
2023-05-11 10:32:40,c2311-P-2840,玉米2311沽2840,345.5,0.0,0.0,0.0,10,248.5,464.5,10,345.5,0.0,0.0,0.0,0.0,0.0,0
2023-05-11 10:32:40,c2311-P-2840,玉米2311沽2840,345.5,0.0,0.0,0.0,1,250.0,463.0,1,345.5,0.0,0.0,0.0,0.0,0.0,0
2023-05-11 10:32:40,c2311-P-2840,玉米2311沽2840,345.5,0.0,0.0,0.0,10,250.5,462.5,10,345.5,0.0,0.0,0.0,0.0,0.0,0
2023-05-11 10:32:41,c2311-P-2840,玉米2311沽2840,345.5,0.0,0.0,0.0,1,252.0,461.0,1,345.5,0.0,0.0,0.0,0.0,0.0,0
2023-05-11 10:32:42,c2311-P-2840,玉米2311沽2840,345.5,0.0,0.0,0.0,10,252.5,460.5,10,345.5,0.0,0.0,0.0,0.0,0.0,0
2023-05-11 10:32:43,c2311-P-2840,玉米2311沽2840,345.5,0.0,0.0,0.0,1,254.0,459.0,1,345.5,0.0,0.0,0.0,0.0,0.0,0
2023-05-11 10:32:43,c2311-P-2840,玉米2311沽2840,345.5,0.0,0.0,0.0,10,254.5,458.5,10,345.5,0.0,0.0,0.0,0.0,0.0,0
2023-05-11 10:32:44,c2311-P-2840,玉米2311沽2840,345.5,0.0,0.0,0.0,1,256.0,457.0,1,345.5,0.0,0.0,0.0,0.0,0.0,0
2023-05-11 10:32:44,c2311-P-2840,玉米2311沽2840,345.5,0.0,0.0,0.0,10,256.5,456.5,10,345.5,0.0,0.0,0.0,0.0,0.0,0
2023-05-11 10:32:46,c2311-P-2840,玉米2311沽2840,345.5,0.0,0.0,0.0,1,258.0,455.0,1,345.5,0.0,0.0,0.0,0.0,0.0,0
2023-05-11 10:32:46,c2311-P-2840,玉米2311沽2840,345.5,0.0,0.0,0.0,10,258.5,454.5,10,345.5,0.0,0.0,0.0,0.0,0.0,0
2023-05-11 10:32:47,c2311-P-2840,玉米2311沽2840,345.5,0.0,0.0,0.0,1,260.0,453.0,1,345.5,0.0,0.0,0.0,0.0,0.0,0
2023-05-11 10:32:47,c2311-P-2840,玉米2311沽2840,345.5,0.0,0.0,0.0,10,260.5,452.5,10,345.5,0.0,0.0,0.0,0.0,0.0,0
2023-05-11 10:32:48,c2311-P-2840,玉米2311沽2840,345.5,0.0,0.0,0.0,1,262.0,451.0,1,345.5,0.0,0.0,0.0,0.0,0.0,0
2023-05-11 10:32:49,c2311-P-2840,玉米2311沽2840,345.5,0.0,0.0,0.0,10,262.5,450.5,10,345.5,0.0,0.0,0.0,0.0,0.0,0
2023-05-11 10:32:49,c2311-P-2840,玉米2311沽2840,345.5,0.0,0.0,0.0,10,262.5,449.0,1,345.5,0.0,0.0,0.0,0.0,0.0,0
2023-05-11 10:32:50,c2311-P-2840,玉米2311沽2840,345.5,0.0,0.0,0.0,1,264.0,448.5,10,345.5,0.0,0.0,0.0,0.0,0.0,0
2023-05-11 10:32:50,c2311-P-2840,玉米2311沽2840,345.5,0.0,0.0,0.0,10,264.5,447.0,1,345.5,0.0,0.0,0.0,0.0,0.0,0
2023-05-11 10:32:51,c2311-P-2840,玉米2311沽2840,345.5,0.0,0.0,0.0,10,264.5,446.5,10,345.5,0.0,0.0,0.0,0.0,0.0,0
2023-05-11 10:32:51,c2311-P-2840,玉米2311沽2840,345.5,0.0,0.0,0.0,1,266.0,445.0,1,345.5,0.0,0.0,0.0,0.0,0.0,0
2023-05-11 10:32:51,c2311-P-2840,玉米2311沽2840,345.5,0.0,0.0,0.0,10,266.5,444.5,10,345.5,0.0,0.0,0.0,0.0,0.0,0
2023-05-11 10:32:52,c2311-P-2840,玉米2311沽2840,345.5,0.0,0.0,0.0,1,268.0,443.0,1,345.5,0.0,0.0,0.0,0.0,0.0,0
2023-05-11 10:32:52,c2311-P-2840,玉米2311沽2840,345.5,0.0,0.0,0.0,10,268.5,442.5,10,345.5,0.0,0.0,0.0,0.0,0.0,0
2023-05-11 10:32:54,c2311-P-2840,玉米2311沽2840,345.5,0.0,0.0,0.0,1,270.0,441.0,1,345.5,0.0,0.0,0.0,0.0,0.0,0
2023-05-11 10:32:54,c2311-P-2840,玉米2311沽2840,345.5,0.0,0.0,0.0,10,270.5,440.5,10,345.5,0.0,0.0,0.0,0.0,0.0,0
2023-05-11 10:32:55,c2311-P-2840,玉米2311沽2840,345.5,0.0,0.0,0.0,1,272.0,439.0,1,345.5,0.0,0.0,0.0,0.0,0.0,0
2023-05-11 10:32:55,c2311-P-2840,玉米2311沽2840,345.5,0.0,0.0,0.0,10,272.5,438.5,10,345.5,0.0,0.0,0.0,0.0,0.0,0
2023-05-11 10:32:56,c2311-P-2840,玉米2311沽2840,345.5,0.0,0.0,0.0,1,274.0,437.0,1,345.5,0.0,0.0,0.0,0.0,0.0,0
2023-05-11 10:32:56,c2311-P-2840,玉米2311沽2840,345.5,0.0,0.0,0.0,10,274.5,436.5,10,345.5,0.0,0.0,0.0,0.0,0.0,0
2023-05-11 10:32:57,c2311-P-2840,玉米2311沽2840,345.5,0.0,0.0,0.0,1,276.0,435.0,1,345.5,0.0,0.0,0.0,0.0,0.0,0
2023-05-11 10:32:57,c2311-P-2840,玉米2311沽2840,345.5,0.0,0.0,0.0,10,276.5,434.5,10,345.5,0.0,0.0,0.0,0.0,0.0,0
2023-05-11 10:32:58,c2311-P-2840,玉米2311沽2840,345.5,0.0,0.0,0.0,1,278.0,434.5,10,345.5,0.0,0.0,0.0,0.0,0.0,0
2023-05-11 10:32:58,c2311-P-2840,玉米2311沽2840,345.5,0.0,0.0,0.0,10,278.5,434.5,10,345.5,0.0,0.0,0.0,0.0,0.0,0
2023-05-11 10:32:59,c2311-P-2840,玉米2311沽2840,345.5,0.0,0.0,0.0,1,280.0,434.5,10,345.5,0.0,0.0,0.0,0.0,0.0,0
2023-05-11 10:32:59,c2311-P-2840,玉米2311沽2840,345.5,0.0,0.0,0.0,10,280.5,434.5,10,345.5,0.0,0.0,0.0,0.0,0.0,0
2023-05-11 10:33:00,c2311-P-2840,玉米2311沽2840,345.5,0.0,0.0,0.0,1,282.0,434.5,10,345.5,0.0,0.0,0.0,0.0,0.0,0
2023-05-11 10:33:00,c2311-P-2840,玉米2311沽2840,345.5,0.0,0.0,0.0,10,282.5,434.5,10,345.5,0.0,0.0,0.0,0.0,0.0,0
2023-05-11 10:33:01,c2311-P-2840,玉米2311沽2840,345.5,0.0,0.0,0.0,1,284.0,434.5,10,345.5,0.0,0.0,0.0,0.0,0.0,0
2023-05-11 10:33:01,c2311-P-2840,玉米2311沽2840,345.5,0.0,0.0,0.0,10,284.5,434.5,10,345.5,0.0,0.0,0.0,0.0,0.0,0
2023-05-11 10:33:02,c2311-P-2840,玉米2311沽2840,345.5,0.0,0.0,0.0,1,286.0,434.5,10,345.5,0.0,0.0,0.0,0.0,0.0,0
2023-05-11 10:33:02,c2311-P-2840,玉米2311沽2840,345.5,0.0,0.0,0.0,10,286.5,434.5,10,345.5,0.0,0.0,0.0,0.0,0.0,0
2023-05-11 10:33:03,c2311-P-2840,玉米2311沽2840,345.5,0.0,0.0,0.0,1,288.0,434.5,10,345.5,0.0,0.0,0.0,0.0,0.0,0
2023-05-11 10:33:03,c2311-P-2840,玉米2311沽2840,345.5,0.0,0.0,0.0,10,288.5,434.5,10,345.5,0.0,0.0,0.0,0.0,0.0,0
2023-05-11 10:33:04,c2311-P-2840,玉米2311沽2840,345.5,0.0,0.0,0.0,1,290.0,434.5,10,345.5,0.0,0.0,0.0,0.0,0.0,0
2023-05-11 10:33:04,c2311-P-2840,玉米2311沽2840,345.5,0.0,0.0,0.0,10,290.5,434.5,10,345.5,0.0,0.0,0.0,0.0,0.0,0
2023-05-11 10:33:05,c2311-P-2840,玉米2311沽2840,345.5,0.0,0.0,0.0,1,292.0,434.5,10,345.5,0.0,0.0,0.0,0.0,0.0,0
2023-05-11 10:33:05,c2311-P-2840,玉米2311沽2840,345.5,0.0,0.0,0.0,10,292.5,434.5,10,345.5,0.0,0.0,0.0,0.0,0.0,0
2023-05-11 10:33:06,c2311-P-2840,玉米2311沽2840,345.5,0.0,0.0,0.0,1,294.0,434.5,10,345.5,0.0,0.0,0.0,0.0,0.0,0
2023-05-11 10:33:06,c2311-P-2840,玉米2311沽2840,345.5,0.0,0.0,0.0,10,294.5,434.5,10,345.5,0.0,0.0,0.0,0.0,0.0,0
2023-05-11 10:33:07,c2311-P-2840,玉米2311沽2840,345.5,0.0,0.0,0.0,1,296.0,434.5,10,345.5,0.0,0.0,0.0,0.0,0.0,0
2023-05-11 10:33:07,c2311-P-2840,玉米2311沽2840,345.5,0.0,0.0,0.0,10,296.5,434.5,10,345.5,0.0,0.0,0.0,0.0,0.0,0
2023-05-11 10:33:08,c2311-P-2840,玉米2311沽2840,345.5,0.0,0.0,0.0,1,298.0,434.5,10,345.5,0.0,0.0,0.0,0.0,0.0,0
2023-05-11 10:33:08,c2311-P-2840,玉米2311沽2840,345.5,0.0,0.0,0.0,10,298.5,434.5,10,345.5,0.0,0.0,0.0,0.0,0.0,0
2023-05-11 10:33:09,c2311-P-2840,玉米2311沽2840,345.5,0.0,0.0,0.0,1,300.0,434.5,10,345.5,0.0,0.0,0.0,0.0,0.0,0
2023-05-11 10:33:09,c2311-P-2840,玉米2311沽2840,345.5,0.0,0.0,0.0,10,300.5,434.5,10,345.5,0.0,0.0,0.0,0.0,0.0,0
2023-05-11 10:33:10,c2311-P-2840,玉米2311沽2840,345.5,0.0,0.0,0.0,1,302.0,434.5,10,345.5,0.0,0.0,0.0,0.0,0.0,0
2023-05-11 10:33:10,c2311-P-2840,玉米2311沽2840,345.5,0.0,0.0,0.0,10,302.5,434.5,10,345.5,0.0,0.0,0.0,0.0,0.0,0
2023-05-11 10:33:11,c2311-P-2840,玉米2311沽2840,345.5,0.0,0.0,0.0,1,304.0,434.5,10,345.5,0.0,0.0,0.0,0.0,0.0,0
2023-05-11 10:33:11,c2311-P-2840,玉米2311沽2840,345.5,0.0,0.0,0.0,10,304.5,434.5,10,345.5,0.0,0.0,0.0,0.0,0.0,0
2023-05-11 10:33:12,c2311-P-2840,玉米2311沽2840,345.5,0.0,0.0,0.0,1,306.0,434.5,10,345.5,0.0,0.0,0.0,0.0,0.0,0
2023-05-11 10:33:12,c2311-P-2840,玉米2311沽2840,345.5,0.0,0.0,0.0,10,306.5,434.5,10,345.5,0.0,0.0,0.0,0.0,0.0,0
2023-05-11 10:33:13,c2311-P-2840,玉米2311沽2840,345.5,0.0,0.0,0.0,1,308.0,434.5,10,345.5,0.0,0.0,0.0,0.0,0.0,0
2023-05-11 10:33:13,c2311-P-2840,玉米2311沽2840,345.5,0.0,0.0,0.0,10,308.5,434.5,10,345.5,0.0,0.0,0.0,0.0,0.0,0
2023-05-11 10:33:14,c2311-P-2840,玉米2311沽2840,345.5,0.0,0.0,0.0,1,310.0,434.5,10,345.5,0.0,0.0,0.0,0.0,0.0,0
2023-05-11 10:33:14,c2311-P-2840,玉米2311沽2840,345.5,0.0,0.0,0.0,10,310.5,434.5,10,345.5,0.0,0.0,0.0,0.0,0.0,0
2023-05-11 10:33:15,c2311-P-2840,玉米2311沽2840,345.5,0.0,0.0,0.0,1,312.0,434.5,10,345.5,0.0,0.0,0.0,0.0,0.0,0
2023-05-11 10:33:15,c2311-P-2840,玉米2311沽2840,345.5,0.0,0.0,0.0,10,312.5,434.5,10,345.5,0.0,0.0,0.0,0.0,0.0,0
2023-05-11 10:33:16,c2311-P-2840,玉米2311沽2840,345.5,0.0,0.0,0.0,1,314.0,434.5,10,345.5,0.0,0.0,0.0,0.0,0.0,0
2023-05-11 10:33:16,c2311-P-2840,玉米2311沽2840,345.5,0.0,0.0,0.0,10,314.5,434.5,10,345.5,0.0,0.0,0.0,0.0,0.0,0
2023-05-11 10:33:17,c2311-P-2840,玉米2311沽2840,345.5,0.0,0.0,0.0,1,316.0,434.5,10,345.5,0.0,0.0,0.0,0.0,0.0,0
2023-05-11 10:33:17,c2311-P-2840,玉米2311沽2840,345.5,0.0,0.0,0.0,10,316.5,434.5,10,345.5,0.0,0.0,0.0,0.0,0.0,0
2023-05-11 10:33:18,c2311-P-2840,玉米2311沽2840,345.5,0.0,0.0,0.0,1,318.0,434.5,10,345.5,0.0,0.0,0.0,0.0,0.0,0
2023-05-11 10:33:18,c2311-P-2840,玉米2311沽2840,345.5,0.0,0.0,0.0,10,318.5,434.5,10,345.5,0.0,0.0,0.0,0.0,0.0,0
2023-05-11 10:33:19,c2311-P-2840,玉米2311沽2840,345.5,0.0,0.0,0.0,1,320.0,434.5,10,345.5,0.0,0.0,0.0,0.0,0.0,0
2023-05-11 10:33:19,c2311-P-2840,玉米2311沽2840,345.5,0.0,0.0,0.0,10,320.5,434.5,10,345.5,0.0,0.0,0.0,0.0,0.0,0
2023-05-11 10:54:41,c2311-P-2840,玉米2311沽2840,345.5,0.0,0.0,0.0,1,322.0,434.5,10,345.5,0.0,0.0,0.0,0.0,0.0,0
2023-05-11 10:54:41,c2311-P-2840,玉米2311沽2840,345.5,0.0,0.0,0.0,10,322.5,434.5,10,345.5,0.0,0.0,0.0,0.0,0.0,0
2023-05-11 10:54:42,c2311-P-2840,玉米2311沽2840,345.5,0.0,0.0,0.0,1,324.0,434.5,10,345.5,0.0,0.0,0.0,0.0,0.0,0
2023-05-11 10:54:42,c2311-P-2840,玉米2311沽2840,345.5,0.0,0.0,0.0,10,324.5,434.5,10,345.5,0.0,0.0,0.0,0.0,0.0,0
2023-05-11 11:29:33,c2311-P-2840,玉米2311沽2840,345.5,0.0,0.0,0.0,1,214.0,0.0,0,345.5,0.0,0.0,0.0,0.0,0.0,0
2023-05-11 13:30:02,c2311-P-2840,玉米2311沽2840,345.5,0.0,0.0,0.0,10,214.5,0.0,0,345.5,0.0,0.0,0.0,0.0,0.0,0
2023-05-11 13:32:02,c2311-P-2840,玉米2311沽2840,345.5,0.0,0.0,0.0,1,216.0,493.0,1,345.5,0.0,0.0,0.0,0.0,0.0,0
2023-05-11 13:32:02,c2311-P-2840,玉米2311沽2840,345.5,0.0,0.0,0.0,10,216.5,492.5,10,345.5,0.0,0.0,0.0,0.0,0.0,0
2023-05-11 13:32:03,c2311-P-2840,玉米2311沽2840,345.5,0.0,0.0,0.0,1,218.0,492.5,10,345.5,0.0,0.0,0.0,0.0,0.0,0
2023-05-11 13:32:03,c2311-P-2840,玉米2311沽2840,345.5,0.0,0.0,0.0,10,218.5,491.0,1,345.5,0.0,0.0,0.0,0.0,0.0,0
2023-05-11 13:32:04,c2311-P-2840,玉米2311沽2840,345.5,0.0,0.0,0.0,1,220.0,490.5,10,345.5,0.0,0.0,0.0,0.0,0.0,0
2023-05-11 13:32:04,c2311-P-2840,玉米2311沽2840,345.5,0.0,0.0,0.0,10,220.5,490.5,10,345.5,0.0,0.0,0.0,0.0,0.0,0
2023-05-11 13:32:05,c2311-P-2840,玉米2311沽2840,345.5,0.0,0.0,0.0,1,222.0,489.0,1,345.5,0.0,0.0,0.0,0.0,0.0,0
2023-05-11 13:32:05,c2311-P-2840,玉米2311沽2840,345.5,0.0,0.0,0.0,10,222.5,488.5,10,345.5,0.0,0.0,0.0,0.0,0.0,0
2023-05-11 13:32:06,c2311-P-2840,玉米2311沽2840,345.5,0.0,0.0,0.0,1,224.0,487.0,1,345.5,0.0,0.0,0.0,0.0,0.0,0
2023-05-11 13:32:06,c2311-P-2840,玉米2311沽2840,345.5,0.0,0.0,0.0,10,224.5,486.5,10,345.5,0.0,0.0,0.0,0.0,0.0,0
2023-05-11 13:32:07,c2311-P-2840,玉米2311沽2840,345.5,0.0,0.0,0.0,1,226.0,485.0,1,345.5,0.0,0.0,0.0,0.0,0.0,0
2023-05-11 13:32:07,c2311-P-2840,玉米2311沽2840,345.5,0.0,0.0,0.0,10,226.5,484.5,10,345.5,0.0,0.0,0.0,0.0,0.0,0
2023-05-11 13:32:09,c2311-P-2840,玉米2311沽2840,345.5,0.0,0.0,0.0,1,228.0,483.0,1,345.5,0.0,0.0,0.0,0.0,0.0,0
2023-05-11 13:32:09,c2311-P-2840,玉米2311沽2840,345.5,0.0,0.0,0.0,10,228.5,482.5,10,345.5,0.0,0.0,0.0,0.0,0.0,0
2023-05-11 13:32:10,c2311-P-2840,玉米2311沽2840,345.5,0.0,0.0,0.0,1,230.0,481.0,1,345.5,0.0,0.0,0.0,0.0,0.0,0
2023-05-11 13:32:10,c2311-P-2840,玉米2311沽2840,345.5,0.0,0.0,0.0,10,230.5,480.5,10,345.5,0.0,0.0,0.0,0.0,0.0,0
2023-05-11 13:32:11,c2311-P-2840,玉米2311沽2840,345.5,0.0,0.0,0.0,1,232.0,479.0,1,345.5,0.0,0.0,0.0,0.0,0.0,0
2023-05-11 13:32:11,c2311-P-2840,玉米2311沽2840,345.5,0.0,0.0,0.0,10,232.5,478.5,10,345.5,0.0,0.0,0.0,0.0,0.0,0
2023-05-11 13:32:12,c2311-P-2840,玉米2311沽2840,345.5,0.0,0.0,0.0,1,234.0,477.0,1,345.5,0.0,0.0,0.0,0.0,0.0,0
2023-05-11 13:32:12,c2311-P-2840,玉米2311沽2840,345.5,0.0,0.0,0.0,10,234.5,476.5,10,345.5,0.0,0.0,0.0,0.0,0.0,0
2023-05-11 13:32:13,c2311-P-2840,玉米2311沽2840,345.5,0.0,0.0,0.0,1,236.0,475.0,1,345.5,0.0,0.0,0.0,0.0,0.0,0
2023-05-11 13:32:13,c2311-P-2840,玉米2311沽2840,345.5,0.0,0.0,0.0,10,236.5,474.5,10,345.5,0.0,0.0,0.0,0.0,0.0,0
2023-05-11 13:32:14,c2311-P-2840,玉米2311沽2840,345.5,0.0,0.0,0.0,1,238.0,473.0,1,345.5,0.0,0.0,0.0,0.0,0.0,0
2023-05-11 13:32:14,c2311-P-2840,玉米2311沽2840,345.5,0.0,0.0,0.0,10,238.5,472.5,10,345.5,0.0,0.0,0.0,0.0,0.0,0
2023-05-11 13:32:15,c2311-P-2840,玉米2311沽2840,345.5,0.0,0.0,0.0,1,240.0,471.0,1,345.5,0.0,0.0,0.0,0.0,0.0,0
2023-05-11 13:32:15,c2311-P-2840,玉米2311沽2840,345.5,0.0,0.0,0.0,10,240.5,470.5,10,345.5,0.0,0.0,0.0,0.0,0.0,0
2023-05-11 13:32:16,c2311-P-2840,玉米2311沽2840,345.5,0.0,0.0,0.0,1,242.0,469.0,1,345.5,0.0,0.0,0.0,0.0,0.0,0
2023-05-11 13:32:16,c2311-P-2840,玉米2311沽2840,345.5,0.0,0.0,0.0,10,242.5,468.5,10,345.5,0.0,0.0,0.0,0.0,0.0,0
2023-05-11 13:32:17,c2311-P-2840,玉米2311沽2840,345.5,0.0,0.0,0.0,1,244.0,467.0,1,345.5,0.0,0.0,0.0,0.0,0.0,0
2023-05-11 13:32:17,c2311-P-2840,玉米2311沽2840,345.5,0.0,0.0,0.0,10,244.5,466.5,10,345.5,0.0,0.0,0.0,0.0,0.0,0
2023-05-11 13:32:18,c2311-P-2840,玉米2311沽2840,345.5,0.0,0.0,0.0,1,246.0,465.0,1,345.5,0.0,0.0,0.0,0.0,0.0,0
2023-05-11 13:32:18,c2311-P-2840,玉米2311沽2840,345.5,0.0,0.0,0.0,10,246.5,464.5,10,345.5,0.0,0.0,0.0,0.0,0.0,0
2023-05-11 13:32:19,c2311-P-2840,玉米2311沽2840,345.5,0.0,0.0,0.0,1,248.0,463.0,1,345.5,0.0,0.0,0.0,0.0,0.0,0
2023-05-11 13:32:19,c2311-P-2840,玉米2311沽2840,345.5,0.0,0.0,0.0,10,248.5,462.5,10,345.5,0.0,0.0,0.0,0.0,0.0,0
2023-05-11 13:32:20,c2311-P-2840,玉米2311沽2840,345.5,0.0,0.0,0.0,1,250.0,461.0,1,345.5,0.0,0.0,0.0,0.0,0.0,0
2023-05-11 13:32:20,c2311-P-2840,玉米2311沽2840,345.5,0.0,0.0,0.0,10,250.5,460.5,10,345.5,0.0,0.0,0.0,0.0,0.0,0
2023-05-11 13:32:21,c2311-P-2840,玉米2311沽2840,345.5,0.0,0.0,0.0,1,252.0,459.0,1,345.5,0.0,0.0,0.0,0.0,0.0,0
2023-05-11 13:32:21,c2311-P-2840,玉米2311沽2840,345.5,0.0,0.0,0.0,10,252.5,458.5,10,345.5,0.0,0.0,0.0,0.0,0.0,0
2023-05-11 13:32:22,c2311-P-2840,玉米2311沽2840,345.5,0.0,0.0,0.0,1,254.0,457.0,1,345.5,0.0,0.0,0.0,0.0,0.0,0
2023-05-11 13:32:22,c2311-P-2840,玉米2311沽2840,345.5,0.0,0.0,0.0,10,254.5,456.5,10,345.5,0.0,0.0,0.0,0.0,0.0,0
2023-05-11 13:32:23,c2311-P-2840,玉米2311沽2840,345.5,0.0,0.0,0.0,1,256.0,455.0,1,345.5,0.0,0.0,0.0,0.0,0.0,0
2023-05-11 13:32:23,c2311-P-2840,玉米2311沽2840,345.5,0.0,0.0,0.0,10,256.5,454.5,10,345.5,0.0,0.0,0.0,0.0,0.0,0
2023-05-11 13:32:24,c2311-P-2840,玉米2311沽2840,345.5,0.0,0.0,0.0,1,258.0,453.0,1,345.5,0.0,0.0,0.0,0.0,0.0,0
2023-05-11 13:32:24,c2311-P-2840,玉米2311沽2840,345.5,0.0,0.0,0.0,10,258.5,452.5,10,345.5,0.0,0.0,0.0,0.0,0.0,0
2023-05-11 13:32:25,c2311-P-2840,玉米2311沽2840,345.5,0.0,0.0,0.0,1,260.0,451.0,1,345.5,0.0,0.0,0.0,0.0,0.0,0
2023-05-11 13:32:25,c2311-P-2840,玉米2311沽2840,345.5,0.0,0.0,0.0,10,260.5,450.5,10,345.5,0.0,0.0,0.0,0.0,0.0,0
2023-05-11 13:32:26,c2311-P-2840,玉米2311沽2840,345.5,0.0,0.0,0.0,1,262.0,449.0,1,345.5,0.0,0.0,0.0,0.0,0.0,0
2023-05-11 13:32:26,c2311-P-2840,玉米2311沽2840,345.5,0.0,0.0,0.0,10,262.5,448.5,10,345.5,0.0,0.0,0.0,0.0,0.0,0
2023-05-11 13:32:27,c2311-P-2840,玉米2311沽2840,345.5,0.0,0.0,0.0,1,264.0,447.0,1,345.5,0.0,0.0,0.0,0.0,0.0,0
2023-05-11 13:32:27,c2311-P-2840,玉米2311沽2840,345.5,0.0,0.0,0.0,10,264.5,446.5,10,345.5,0.0,0.0,0.0,0.0,0.0,0
2023-05-11 13:32:28,c2311-P-2840,玉米2311沽2840,345.5,0.0,0.0,0.0,1,266.0,445.0,1,345.5,0.0,0.0,0.0,0.0,0.0,0
2023-05-11 13:32:28,c2311-P-2840,玉米2311沽2840,345.5,0.0,0.0,0.0,10,266.5,444.5,10,345.5,0.0,0.0,0.0,0.0,0.0,0
2023-05-11 13:32:29,c2311-P-2840,玉米2311沽2840,345.5,0.0,0.0,0.0,1,268.0,443.0,1,345.5,0.0,0.0,0.0,0.0,0.0,0
2023-05-11 13:32:29,c2311-P-2840,玉米2311沽2840,345.5,0.0,0.0,0.0,10,268.5,442.5,10,345.5,0.0,0.0,0.0,0.0,0.0,0
2023-05-11 13:32:30,c2311-P-2840,玉米2311沽2840,345.5,0.0,0.0,0.0,1,270.0,441.0,1,345.5,0.0,0.0,0.0,0.0,0.0,0
2023-05-11 13:32:30,c2311-P-2840,玉米2311沽2840,345.5,0.0,0.0,0.0,10,270.5,440.5,10,345.5,0.0,0.0,0.0,0.0,0.0,0
2023-05-11 13:32:31,c2311-P-2840,玉米2311沽2840,345.5,0.0,0.0,0.0,1,272.0,439.0,1,345.5,0.0,0.0,0.0,0.0,0.0,0
2023-05-11 13:32:31,c2311-P-2840,玉米2311沽2840,345.5,0.0,0.0,0.0,10,272.5,438.5,10,345.5,0.0,0.0,0.0,0.0,0.0,0
2023-05-11 13:32:32,c2311-P-2840,玉米2311沽2840,345.5,0.0,0.0,0.0,1,274.0,437.0,1,345.5,0.0,0.0,0.0,0.0,0.0,0
2023-05-11 13:32:32,c2311-P-2840,玉米2311沽2840,345.5,0.0,0.0,0.0,10,274.5,436.5,10,345.5,0.0,0.0,0.0,0.0,0.0,0
2023-05-11 13:32:33,c2311-P-2840,玉米2311沽2840,345.5,0.0,0.0,0.0,1,276.0,435.0,1,345.5,0.0,0.0,0.0,0.0,0.0,0
2023-05-11 13:32:33,c2311-P-2840,玉米2311沽2840,345.5,0.0,0.0,0.0,10,276.5,434.5,10,345.5,0.0,0.0,0.0,0.0,0.0,0
2023-05-11 13:32:34,c2311-P-2840,玉米2311沽2840,345.5,0.0,0.0,0.0,1,278.0,433.0,1,345.5,0.0,0.0,0.0,0.0,0.0,0
2023-05-11 13:32:34,c2311-P-2840,玉米2311沽2840,345.5,0.0,0.0,0.0,10,278.5,432.5,10,345.5,0.0,0.0,0.0,0.0,0.0,0
2023-05-11 13:32:35,c2311-P-2840,玉米2311沽2840,345.5,0.0,0.0,0.0,1,280.0,431.0,1,345.5,0.0,0.0,0.0,0.0,0.0,0
2023-05-11 13:32:35,c2311-P-2840,玉米2311沽2840,345.5,0.0,0.0,0.0,10,280.5,430.5,10,345.5,0.0,0.0,0.0,0.0,0.0,0
2023-05-11 13:32:36,c2311-P-2840,玉米2311沽2840,345.5,0.0,0.0,0.0,1,282.0,430.5,10,345.5,0.0,0.0,0.0,0.0,0.0,0
2023-05-11 13:32:36,c2311-P-2840,玉米2311沽2840,345.5,0.0,0.0,0.0,10,282.5,430.5,10,345.5,0.0,0.0,0.0,0.0,0.0,0
2023-05-11 13:32:37,c2311-P-2840,玉米2311沽2840,345.5,0.0,0.0,0.0,1,284.0,430.5,10,345.5,0.0,0.0,0.0,0.0,0.0,0
2023-05-11 13:32:37,c2311-P-2840,玉米2311沽2840,345.5,0.0,0.0,0.0,10,284.5,430.5,10,345.5,0.0,0.0,0.0,0.0,0.0,0
2023-05-11 13:32:38,c2311-P-2840,玉米2311沽2840,345.5,0.0,0.0,0.0,1,286.0,430.5,10,345.5,0.0,0.0,0.0,0.0,0.0,0
2023-05-11 13:32:38,c2311-P-2840,玉米2311沽2840,345.5,0.0,0.0,0.0,10,286.5,430.5,10,345.5,0.0,0.0,0.0,0.0,0.0,0
2023-05-11 13:32:39,c2311-P-2840,玉米2311沽2840,345.5,0.0,0.0,0.0,1,288.0,430.5,10,345.5,0.0,0.0,0.0,0.0,0.0,0
2023-05-11 13:32:39,c2311-P-2840,玉米2311沽2840,345.5,0.0,0.0,0.0,10,288.5,430.5,10,345.5,0.0,0.0,0.0,0.0,0.0,0
2023-05-11 13:32:40,c2311-P-2840,玉米2311沽2840,345.5,0.0,0.0,0.0,1,290.0,430.5,10,345.5,0.0,0.0,0.0,0.0,0.0,0
2023-05-11 13:32:40,c2311-P-2840,玉米2311沽2840,345.5,0.0,0.0,0.0,10,290.5,430.5,10,345.5,0.0,0.0,0.0,0.0,0.0,0
2023-05-11 13:32:41,c2311-P-2840,玉米2311沽2840,345.5,0.0,0.0,0.0,1,292.0,430.5,10,345.5,0.0,0.0,0.0,0.0,0.0,0
2023-05-11 13:32:41,c2311-P-2840,玉米2311沽2840,345.5,0.0,0.0,0.0,10,292.5,430.5,10,345.5,0.0,0.0,0.0,0.0,0.0,0
2023-05-11 13:32:42,c2311-P-2840,玉米2311沽2840,345.5,0.0,0.0,0.0,1,294.0,430.5,10,345.5,0.0,0.0,0.0,0.0,0.0,0
2023-05-11 13:32:42,c2311-P-2840,玉米2311沽2840,345.5,0.0,0.0,0.0,10,294.5,430.5,10,345.5,0.0,0.0,0.0,0.0,0.0,0
2023-05-11 13:32:43,c2311-P-2840,玉米2311沽2840,345.5,0.0,0.0,0.0,1,296.0,430.5,10,345.5,0.0,0.0,0.0,0.0,0.0,0
2023-05-11 13:32:43,c2311-P-2840,玉米2311沽2840,345.5,0.0,0.0,0.0,10,296.5,430.5,10,345.5,0.0,0.0,0.0,0.0,0.0,0
2023-05-11 13:32:44,c2311-P-2840,玉米2311沽2840,345.5,0.0,0.0,0.0,1,298.0,430.5,10,345.5,0.0,0.0,0.0,0.0,0.0,0
2023-05-11 13:32:44,c2311-P-2840,玉米2311沽2840,345.5,0.0,0.0,0.0,10,298.5,430.5,10,345.5,0.0,0.0,0.0,0.0,0.0,0
2023-05-11 13:32:45,c2311-P-2840,玉米2311沽2840,345.5,0.0,0.0,0.0,1,300.0,430.5,10,345.5,0.0,0.0,0.0,0.0,0.0,0
2023-05-11 13:32:45,c2311-P-2840,玉米2311沽2840,345.5,0.0,0.0,0.0,10,300.5,430.5,10,345.5,0.0,0.0,0.0,0.0,0.0,0
2023-05-11 13:32:46,c2311-P-2840,玉米2311沽2840,345.5,0.0,0.0,0.0,1,302.0,430.5,10,345.5,0.0,0.0,0.0,0.0,0.0,0
2023-05-11 13:32:46,c2311-P-2840,玉米2311沽2840,345.5,0.0,0.0,0.0,10,302.5,430.5,10,345.5,0.0,0.0,0.0,0.0,0.0,0
2023-05-11 13:32:47,c2311-P-2840,玉米2311沽2840,345.5,0.0,0.0,0.0,1,304.0,430.5,10,345.5,0.0,0.0,0.0,0.0,0.0,0
2023-05-11 13:32:47,c2311-P-2840,玉米2311沽2840,345.5,0.0,0.0,0.0,10,304.5,430.5,10,345.5,0.0,0.0,0.0,0.0,0.0,0
2023-05-11 13:32:48,c2311-P-2840,玉米2311沽2840,345.5,0.0,0.0,0.0,1,306.0,430.5,10,345.5,0.0,0.0,0.0,0.0,0.0,0
2023-05-11 13:32:48,c2311-P-2840,玉米2311沽2840,345.5,0.0,0.0,0.0,10,306.5,430.5,10,345.5,0.0,0.0,0.0,0.0,0.0,0
2023-05-11 13:32:49,c2311-P-2840,玉米2311沽2840,345.5,0.0,0.0,0.0,1,308.0,430.5,10,345.5,0.0,0.0,0.0,0.0,0.0,0
2023-05-11 13:32:49,c2311-P-2840,玉米2311沽2840,345.5,0.0,0.0,0.0,10,308.5,430.5,10,345.5,0.0,0.0,0.0,0.0,0.0,0
2023-05-11 13:32:50,c2311-P-2840,玉米2311沽2840,345.5,0.0,0.0,0.0,1,310.0,430.5,10,345.5,0.0,0.0,0.0,0.0,0.0,0
2023-05-11 13:32:50,c2311-P-2840,玉米2311沽2840,345.5,0.0,0.0,0.0,10,310.5,430.5,10,345.5,0.0,0.0,0.0,0.0,0.0,0
2023-05-11 13:32:51,c2311-P-2840,玉米2311沽2840,345.5,0.0,0.0,0.0,1,312.0,430.5,10,345.5,0.0,0.0,0.0,0.0,0.0,0
2023-05-11 13:32:51,c2311-P-2840,玉米2311沽2840,345.5,0.0,0.0,0.0,10,312.5,430.5,10,345.5,0.0,0.0,0.0,0.0,0.0,0
2023-05-11 13:32:52,c2311-P-2840,玉米2311沽2840,345.5,0.0,0.0,0.0,1,314.0,430.5,10,345.5,0.0,0.0,0.0,0.0,0.0,0
2023-05-11 13:32:52,c2311-P-2840,玉米2311沽2840,345.5,0.0,0.0,0.0,10,314.5,430.5,10,345.5,0.0,0.0,0.0,0.0,0.0,0
2023-05-11 13:32:53,c2311-P-2840,玉米2311沽2840,345.5,0.0,0.0,0.0,1,316.0,430.5,10,345.5,0.0,0.0,0.0,0.0,0.0,0
2023-05-11 13:32:53,c2311-P-2840,玉米2311沽2840,345.5,0.0,0.0,0.0,10,316.5,430.5,10,345.5,0.0,0.0,0.0,0.0,0.0,0
2023-05-11 13:44:41,c2311-P-2840,玉米2311沽2840,345.5,0.0,0.0,0.0,1,318.0,430.5,10,345.5,0.0,0.0,0.0,0.0,0.0,0
2023-05-11 13:44:41,c2311-P-2840,玉米2311沽2840,345.5,0.0,0.0,0.0,10,318.5,430.5,10,345.5,0.0,0.0,0.0,0.0,0.0,0
2023-05-11 13:44:42,c2311-P-2840,玉米2311沽2840,345.5,0.0,0.0,0.0,1,320.0,430.5,10,345.5,0.0,0.0,0.0,0.0,0.0,0
2023-05-11 13:44:42,c2311-P-2840,玉米2311沽2840,345.5,0.0,0.0,0.0,10,320.5,430.5,10,345.5,0.0,0.0,0.0,0.0,0.0,0
2023-05-11 13:44:43,c2311-P-2840,玉米2311沽2840,345.5,0.0,0.0,0.0,1,322.0,430.5,10,345.5,0.0,0.0,0.0,0.0,0.0,0
2023-05-11 13:44:43,c2311-P-2840,玉米2311沽2840,345.5,0.0,0.0,0.0,10,322.5,430.5,10,345.5,0.0,0.0,0.0,0.0,0.0,0
2023-05-11 13:44:44,c2311-P-2840,玉米2311沽2840,345.5,0.0,0.0,0.0,1,324.0,430.5,10,345.5,0.0,0.0,0.0,0.0,0.0,0
2023-05-11 13:44:44,c2311-P-2840,玉米2311沽2840,345.5,0.0,0.0,0.0,10,324.5,430.5,10,345.5,0.0,0.0,0.0,0.0,0.0,0
2023-05-11 14:54:41,c2311-P-2840,玉米2311沽2840,345.5,0.0,0.0,0.0,1,326.0,430.5,10,345.5,0.0,0.0,0.0,0.0,0.0,0
2023-05-11 14:54:41,c2311-P-2840,玉米2311沽2840,345.5,0.0,0.0,0.0,10,326.5,430.5,10,345.5,0.0,0.0,0.0,0.0,0.0,0
2023-05-11 14:54:42,c2311-P-2840,玉米2311沽2840,345.5,0.0,0.0,0.0,10,328.5,430.5,10,345.5,0.0,0.0,0.0,0.0,0.0,0
2023-05-11 14:59:02,c2311-P-2840,玉米2311沽2840,345.5,0.0,0.0,0.0,1,214.0,0.0,0,345.5,0.0,0.0,0.0,0.0,0.0,0
2023-05-11 14:59:03,c2311-P-2840,玉米2311沽2840,345.5,0.0,0.0,0.0,1,215.5,493.0,1,345.5,0.0,0.0,0.0,0.0,0.0,0
2023-05-11 14:59:05,c2311-P-2840,玉米2311沽2840,345.5,0.0,0.0,0.0,10,216.0,492.5,10,345.5,0.0,0.0,0.0,0.0,0.0,0
2023-05-11 14:59:06,c2311-P-2840,玉米2311沽2840,345.5,0.0,0.0,0.0,1,217.5,491.0,1,345.5,0.0,0.0,0.0,0.0,0.0,0
2023-05-11 14:59:06,c2311-P-2840,玉米2311沽2840,345.5,0.0,0.0,0.0,10,218.0,490.5,10,345.5,0.0,0.0,0.0,0.0,0.0,0
2023-05-11 14:59:07,c2311-P-2840,玉米2311沽2840,345.5,0.0,0.0,0.0,1,219.5,489.0,1,345.5,0.0,0.0,0.0,0.0,0.0,0
2023-05-11 14:59:08,c2311-P-2840,玉米2311沽2840,345.5,0.0,0.0,0.0,10,220.0,488.5,10,345.5,0.0,0.0,0.0,0.0,0.0,0
2023-05-11 14:59:08,c2311-P-2840,玉米2311沽2840,345.5,0.0,0.0,0.0,1,221.5,487.0,1,345.5,0.0,0.0,0.0,0.0,0.0,0
2023-05-11 14:59:08,c2311-P-2840,玉米2311沽2840,345.5,0.0,0.0,0.0,10,222.0,486.5,10,345.5,0.0,0.0,0.0,0.0,0.0,0
2023-05-11 14:59:10,c2311-P-2840,玉米2311沽2840,345.5,0.0,0.0,0.0,1,214.0,0.0,0,345.5,0.0,0.0,0.0,0.0,0.0,0
2023-05-11 15:01:10,c2311-P-2840,玉米2311沽2840,345.5,0.0,0.0,0.0,1,214.0,0.0,0,345.5,0.0,0.0,0.0,0.0,0.0,0
