time,symbol_id,symbol_name,last,trade_volume,trade_amount,open_interest_change,bv1,bp1,ap1,av1,yesterday_close,today_open,today_high,today_low,volume,amount,open_interest
2023-05-10 21:00:07,c2311-C-2260,c2311-C-2260,255.5,0.0,0.0,0.0,1,206.0,0.0,0,255.5,241.5,0.0,0.0,0.0,0.0,16
2023-05-10 21:00:10,c2311-C-2260,c2311-C-2260,255.5,0.0,0.0,0.0,1,206.0,306.5,1,255.5,241.5,0.0,0.0,0.0,0.0,16
2023-05-10 21:02:00,c2311-C-2260,c2311-C-2260,255.5,0.0,0.0,0.0,1,228.5,284.0,1,255.5,241.5,0.0,0.0,0.0,0.0,16
2023-05-10 21:18:17,c2311-C-2260,c2311-C-2260,255.5,0.0,0.0,0.0,1,235.0,284.0,1,255.5,241.5,0.0,0.0,0.0,0.0,16
2023-05-10 21:18:41,c2311-C-2260,c2311-C-2260,255.5,0.0,0.0,0.0,1,240.0,284.0,1,255.5,241.5,0.0,0.0,0.0,0.0,16
2023-05-10 21:18:46,c2311-C-2260,c2311-C-2260,255.5,0.0,0.0,0.0,1,241.5,284.0,1,255.5,241.5,0.0,0.0,0.0,0.0,16
2023-05-10 21:18:51,c2311-C-2260,c2311-C-2260,241.5,1.0,2415.0,0.0,1,234.5,284.0,1,255.5,241.5,241.5,241.5,1.0,2415.0,16
2023-05-10 21:18:52,c2311-C-2260,c2311-C-2260,241.5,0.0,0.0,0.0,1,234.5,262.5,1,255.5,241.5,241.5,241.5,1.0,2415.0,16
2023-05-10 21:18:52,c2311-C-2260,c2311-C-2260,241.5,0.0,0.0,0.0,1,234.5,249.5,1,255.5,241.5,241.5,241.5,1.0,2415.0,16
2023-05-10 21:19:24,c2311-C-2260,c2311-C-2260,241.5,0.0,0.0,0.0,1,238.0,249.5,1,255.5,241.5,241.5,241.5,1.0,2415.0,16
2023-05-10 21:19:28,c2311-C-2260,c2311-C-2260,241.5,0.0,0.0,0.0,1,239.5,249.5,1,255.5,241.5,241.5,241.5,1.0,2415.0,16
2023-05-10 21:19:41,c2311-C-2260,c2311-C-2260,241.5,0.0,0.0,0.0,1,239.0,249.5,1,255.5,241.5,241.5,241.5,1.0,2415.0,16
2023-05-10 21:19:56,c2311-C-2260,c2311-C-2260,241.5,0.0,0.0,0.0,1,238.0,249.5,1,255.5,241.5,241.5,241.5,1.0,2415.0,16
2023-05-10 21:20:01,c2311-C-2260,c2311-C-2260,241.5,0.0,0.0,0.0,1,237.0,249.5,1,255.5,241.5,241.5,241.5,1.0,2415.0,16
2023-05-10 21:23:45,c2311-C-2260,c2311-C-2260,241.5,0.0,0.0,0.0,1,234.5,249.5,1,255.5,241.5,241.5,241.5,1.0,2415.0,16
2023-05-10 21:25:06,c2311-C-2260,c2311-C-2260,241.5,0.0,0.0,0.0,1,187.0,249.5,1,255.5,241.5,241.5,241.5,1.0,2415.0,16
2023-05-10 21:25:07,c2311-C-2260,c2311-C-2260,241.5,0.0,0.0,0.0,1,209.5,249.5,1,255.5,241.5,241.5,241.5,1.0,2415.0,16
2023-05-10 21:36:35,c2311-C-2260,c2311-C-2260,241.5,0.0,0.0,0.0,1,209.5,243.0,1,255.5,241.5,241.5,241.5,1.0,2415.0,16
2023-05-10 21:36:40,c2311-C-2260,c2311-C-2260,241.5,0.0,0.0,0.0,1,209.5,242.5,1,255.5,241.5,241.5,241.5,1.0,2415.0,16
2023-05-10 21:36:50,c2311-C-2260,c2311-C-2260,241.5,0.0,0.0,0.0,1,209.5,243.0,1,255.5,241.5,241.5,241.5,1.0,2415.0,16
2023-05-10 22:25:09,c2311-C-2260,c2311-C-2260,241.5,0.0,0.0,0.0,1,208.5,243.0,1,255.5,241.5,241.5,241.5,1.0,2415.0,16
2023-05-10 22:56:30,c2311-C-2260,c2311-C-2260,241.5,0.0,0.0,0.0,1,187.5,243.0,1,255.5,241.5,241.5,241.5,1.0,2415.0,16
2023-05-10 22:56:31,c2311-C-2260,c2311-C-2260,241.5,0.0,0.0,0.0,1,189.0,243.0,1,255.5,241.5,241.5,241.5,1.0,2415.0,16
2023-05-10 22:57:00,c2311-C-2260,c2311-C-2260,241.5,0.0,0.0,0.0,1,189.0,241.0,1,255.5,241.5,241.5,241.5,1.0,2415.0,16
2023-05-10 22:57:03,c2311-C-2260,c2311-C-2260,241.5,0.0,0.0,0.0,1,189.0,262.0,1,255.5,241.5,241.5,241.5,1.0,2415.0,16
2023-05-10 22:57:03,c2311-C-2260,c2311-C-2260,241.5,0.0,0.0,0.0,1,189.0,240.0,1,255.5,241.5,241.5,241.5,1.0,2415.0,16
2023-05-10 22:57:07,c2311-C-2260,c2311-C-2260,241.5,0.0,0.0,0.0,1,189.0,239.0,1,255.5,241.5,241.5,241.5,1.0,2415.0,16
2023-05-10 22:57:18,c2311-C-2260,c2311-C-2260,238.0,1.0,2380.0,-1.0,1,189.0,262.0,1,255.5,241.5,241.5,238.0,2.0,4795.0,15
2023-05-10 22:57:18,c2311-C-2260,c2311-C-2260,238.0,0.0,0.0,0.0,1,189.5,262.0,1,255.5,241.5,241.5,238.0,2.0,4795.0,15
2023-05-10 22:57:19,c2311-C-2260,c2311-C-2260,238.0,0.0,0.0,0.0,1,191.0,262.0,1,255.5,241.5,241.5,238.0,2.0,4795.0,15
2023-05-10 22:57:20,c2311-C-2260,c2311-C-2260,238.0,0.0,0.0,0.0,1,191.5,262.0,1,255.5,241.5,241.5,238.0,2.0,4795.0,15
2023-05-10 22:57:20,c2311-C-2260,c2311-C-2260,238.0,0.0,0.0,0.0,1,193.0,262.0,1,255.5,241.5,241.5,238.0,2.0,4795.0,15
2023-05-10 22:57:20,c2311-C-2260,c2311-C-2260,238.0,0.0,0.0,0.0,1,193.5,262.0,1,255.5,241.5,241.5,238.0,2.0,4795.0,15
2023-05-10 22:57:36,c2311-C-2260,c2311-C-2260,238.0,0.0,0.0,0.0,1,110.5,0.0,0,255.5,241.5,241.5,238.0,2.0,4795.0,15
2023-05-10 22:57:44,c2311-C-2260,c2311-C-2260,238.0,0.0,0.0,0.0,1,112.0,396.0,1,255.5,241.5,241.5,238.0,2.0,4795.0,15
2023-05-10 22:59:45,c2311-C-2260,c2311-C-2260,238.0,0.0,0.0,0.0,0,0.0,396.0,1,255.5,241.5,241.5,238.0,2.0,4795.0,15
2023-05-10 22:59:46,c2311-C-2260,c2311-C-2260,238.0,0.0,0.0,0.0,0,0.0,0.0,0,255.5,241.5,241.5,238.0,2.0,4795.0,15
2023-05-11 09:00:02,c2311-C-2260,c2311-C-2260,238.0,0.0,0.0,0.0,1,100.0,0.0,0,255.5,241.5,241.5,238.0,2.0,4795.0,15
2023-05-11 09:00:06,c2311-C-2260,c2311-C-2260,238.0,0.0,0.0,0.0,1,100.5,0.0,0,255.5,241.5,241.5,238.0,2.0,4795.0,15
2023-05-11 09:00:09,c2311-C-2260,c2311-C-2260,238.0,0.0,0.0,0.0,1,188.0,287.0,1,255.5,241.5,241.5,238.0,2.0,4795.0,15
2023-05-11 09:00:15,c2311-C-2260,c2311-C-2260,238.0,0.0,0.0,0.0,1,188.0,286.5,1,255.5,241.5,241.5,238.0,2.0,4795.0,15
2023-05-11 09:00:15,c2311-C-2260,c2311-C-2260,238.0,0.0,0.0,0.0,1,188.0,274.0,1,255.5,241.5,241.5,238.0,2.0,4795.0,15
2023-05-11 09:01:59,c2311-C-2260,c2311-C-2260,238.0,0.0,0.0,0.0,1,189.5,274.0,1,255.5,241.5,241.5,238.0,2.0,4795.0,15
2023-05-11 09:01:59,c2311-C-2260,c2311-C-2260,238.0,0.0,0.0,0.0,1,210.5,274.0,1,255.5,241.5,241.5,238.0,2.0,4795.0,15
2023-05-11 09:42:12,c2311-C-2260,c2311-C-2260,238.0,0.0,0.0,0.0,1,210.5,252.5,1,255.5,241.5,241.5,238.0,2.0,4795.0,15
2023-05-11 10:02:06,c2311-C-2260,c2311-C-2260,238.0,0.0,0.0,0.0,1,175.0,252.5,1,255.5,241.5,241.5,238.0,2.0,4795.0,15
2023-05-11 10:02:07,c2311-C-2260,c2311-C-2260,238.0,0.0,0.0,0.0,1,197.5,252.5,1,255.5,241.5,241.5,238.0,2.0,4795.0,15
2023-05-11 10:02:48,c2311-C-2260,c2311-C-2260,238.0,0.0,0.0,0.0,1,217.5,252.5,1,255.5,241.5,241.5,238.0,2.0,4795.0,15
2023-05-11 11:29:28,c2311-C-2260,c2311-C-2260,238.0,0.0,0.0,0.0,1,177.0,252.5,1,255.5,241.5,241.5,238.0,2.0,4795.0,15
2023-05-11 11:29:39,c2311-C-2260,c2311-C-2260,238.0,0.0,0.0,0.0,1,177.0,261.0,1,255.5,241.5,241.5,238.0,2.0,4795.0,15
2023-05-11 13:30:07,c2311-C-2260,c2311-C-2260,238.0,0.0,0.0,0.0,1,177.5,261.0,1,255.5,241.5,241.5,238.0,2.0,4795.0,15
2023-05-11 13:30:07,c2311-C-2260,c2311-C-2260,238.0,0.0,0.0,0.0,1,190.0,261.0,1,255.5,241.5,241.5,238.0,2.0,4795.0,15
2023-05-11 13:35:09,c2311-C-2260,c2311-C-2260,238.0,0.0,0.0,0.0,1,190.0,239.5,1,255.5,241.5,241.5,238.0,2.0,4795.0,15
2023-05-11 14:02:17,c2311-C-2260,c2311-C-2260,238.0,0.0,0.0,0.0,1,190.5,239.5,1,255.5,241.5,241.5,238.0,2.0,4795.0,15
2023-05-11 14:02:17,c2311-C-2260,c2311-C-2260,238.0,0.0,0.0,0.0,1,211.5,239.5,1,255.5,241.5,241.5,238.0,2.0,4795.0,15
2023-05-11 14:06:55,c2311-C-2260,c2311-C-2260,238.0,0.0,0.0,0.0,10,224.0,239.5,1,255.5,241.5,241.5,238.0,2.0,4795.0,15
2023-05-11 14:06:57,c2311-C-2260,c2311-C-2260,238.0,0.0,0.0,0.0,1,218.0,239.5,1,255.5,241.5,241.5,238.0,2.0,4795.0,15
2023-05-11 14:50:38,c2311-C-2260,c2311-C-2260,238.0,0.0,0.0,0.0,1,211.5,239.5,1,255.5,241.5,241.5,238.0,2.0,4795.0,15
2023-05-11 14:59:23,c2311-C-2260,c2311-C-2260,238.0,0.0,0.0,0.0,1,203.0,248.0,1,255.5,241.5,241.5,238.0,2.0,4795.0,15
2023-05-11 15:01:10,c2311-C-2260,c2311-C-2260,238.0,0.0,0.0,0.0,1,203.0,248.0,1,255.5,241.5,241.5,238.0,2.0,4795.0,15
