time,symbol_id,symbol_name,last,trade_volume,trade_amount,open_interest_change,bv1,bp1,ap1,av1,yesterday_close,today_open,today_high,today_low,volume,amount,open_interest
2023-05-10 21:00:00,c2311-P-2620,c2311-P-2620,152.0,0.0,0.0,0.0,1,60.0,0.0,0,152.0,0.0,0.0,0.0,0.0,0.0,158
2023-05-10 21:00:07,c2311-P-2620,c2311-P-2620,152.0,0.0,0.0,0.0,10,60.5,0.0,0,152.0,0.0,0.0,0.0,0.0,0.0,158
2023-05-10 21:00:08,c2311-P-2620,c2311-P-2620,152.0,0.0,0.0,0.0,1,99.5,198.5,10,152.0,0.0,0.0,0.0,0.0,0.0,158
2023-05-10 21:00:08,c2311-P-2620,c2311-P-2620,152.0,0.0,0.0,0.0,10,100.0,198.5,10,152.0,0.0,0.0,0.0,0.0,0.0,158
2023-05-10 21:00:09,c2311-P-2620,c2311-P-2620,152.0,0.0,0.0,0.0,1,112.5,186.0,1,152.0,0.0,0.0,0.0,0.0,0.0,158
2023-05-10 21:00:09,c2311-P-2620,c2311-P-2620,152.0,0.0,0.0,0.0,10,113.0,185.5,10,152.0,0.0,0.0,0.0,0.0,0.0,158
2023-05-10 21:00:10,c2311-P-2620,c2311-P-2620,152.0,0.0,0.0,0.0,1,125.5,173.0,1,152.0,0.0,0.0,0.0,0.0,0.0,158
2023-05-10 21:00:10,c2311-P-2620,c2311-P-2620,152.0,0.0,0.0,0.0,10,126.0,172.5,10,152.0,0.0,0.0,0.0,0.0,0.0,158
2023-05-10 21:00:11,c2311-P-2620,c2311-P-2620,152.0,0.0,0.0,0.0,1,138.5,160.0,1,152.0,0.0,0.0,0.0,0.0,0.0,158
2023-05-10 21:00:20,c2311-P-2620,c2311-P-2620,152.0,0.0,0.0,0.0,10,98.5,160.0,1,152.0,0.0,0.0,0.0,0.0,0.0,158
2023-05-10 21:00:20,c2311-P-2620,c2311-P-2620,152.0,0.0,0.0,0.0,1,111.0,160.0,1,152.0,0.0,0.0,0.0,0.0,0.0,158
2023-05-10 21:00:21,c2311-P-2620,c2311-P-2620,152.0,0.0,0.0,0.0,1,124.0,160.0,1,152.0,0.0,0.0,0.0,0.0,0.0,158
2023-05-10 21:00:21,c2311-P-2620,c2311-P-2620,152.0,0.0,0.0,0.0,10,124.5,160.0,1,152.0,0.0,0.0,0.0,0.0,0.0,158
2023-05-10 21:00:22,c2311-P-2620,c2311-P-2620,152.0,0.0,0.0,0.0,1,137.0,160.0,1,152.0,0.0,0.0,0.0,0.0,0.0,158
2023-05-10 21:00:27,c2311-P-2620,c2311-P-2620,152.0,0.0,0.0,0.0,1,100.0,160.0,1,152.0,0.0,0.0,0.0,0.0,0.0,158
2023-05-10 21:00:28,c2311-P-2620,c2311-P-2620,152.0,0.0,0.0,0.0,1,113.0,160.0,1,152.0,0.0,0.0,0.0,0.0,0.0,158
2023-05-10 21:00:28,c2311-P-2620,c2311-P-2620,152.0,0.0,0.0,0.0,10,113.5,160.0,1,152.0,0.0,0.0,0.0,0.0,0.0,158
2023-05-10 21:00:29,c2311-P-2620,c2311-P-2620,152.0,0.0,0.0,0.0,1,126.0,160.0,1,152.0,0.0,0.0,0.0,0.0,0.0,158
2023-05-10 21:00:29,c2311-P-2620,c2311-P-2620,152.0,0.0,0.0,0.0,1,139.0,160.0,1,152.0,0.0,0.0,0.0,0.0,0.0,158
2023-05-10 21:00:36,c2311-P-2620,c2311-P-2620,152.0,0.0,0.0,0.0,1,101.5,160.0,1,152.0,0.0,0.0,0.0,0.0,0.0,158
2023-05-10 21:00:37,c2311-P-2620,c2311-P-2620,152.0,0.0,0.0,0.0,1,114.5,160.0,1,152.0,0.0,0.0,0.0,0.0,0.0,158
2023-05-10 21:00:37,c2311-P-2620,c2311-P-2620,152.0,0.0,0.0,0.0,10,115.0,160.0,1,152.0,0.0,0.0,0.0,0.0,0.0,158
2023-05-10 21:00:38,c2311-P-2620,c2311-P-2620,152.0,0.0,0.0,0.0,1,127.5,160.0,1,152.0,0.0,0.0,0.0,0.0,0.0,158
2023-05-10 21:00:38,c2311-P-2620,c2311-P-2620,152.0,0.0,0.0,0.0,1,140.5,160.0,1,152.0,0.0,0.0,0.0,0.0,0.0,158
2023-05-10 21:00:46,c2311-P-2620,c2311-P-2620,152.0,0.0,0.0,0.0,10,102.0,160.0,1,152.0,0.0,0.0,0.0,0.0,0.0,158
2023-05-10 21:00:47,c2311-P-2620,c2311-P-2620,152.0,0.0,0.0,0.0,1,114.5,160.0,1,152.0,0.0,0.0,0.0,0.0,0.0,158
2023-05-10 21:00:47,c2311-P-2620,c2311-P-2620,152.0,0.0,0.0,0.0,1,127.5,160.0,1,152.0,0.0,0.0,0.0,0.0,0.0,158
2023-05-10 21:00:48,c2311-P-2620,c2311-P-2620,152.0,0.0,0.0,0.0,10,128.0,160.0,1,152.0,0.0,0.0,0.0,0.0,0.0,158
2023-05-10 21:00:48,c2311-P-2620,c2311-P-2620,152.0,0.0,0.0,0.0,1,140.5,160.0,1,152.0,0.0,0.0,0.0,0.0,0.0,158
2023-05-10 21:00:54,c2311-P-2620,c2311-P-2620,152.0,0.0,0.0,0.0,1,115.0,160.0,1,152.0,0.0,0.0,0.0,0.0,0.0,158
2023-05-10 21:00:54,c2311-P-2620,c2311-P-2620,152.0,0.0,0.0,0.0,1,128.0,160.0,1,152.0,0.0,0.0,0.0,0.0,0.0,158
2023-05-10 21:00:55,c2311-P-2620,c2311-P-2620,152.0,0.0,0.0,0.0,10,128.5,160.0,1,152.0,0.0,0.0,0.0,0.0,0.0,158
2023-05-10 21:00:55,c2311-P-2620,c2311-P-2620,152.0,0.0,0.0,0.0,1,141.0,160.0,1,152.0,0.0,0.0,0.0,0.0,0.0,158
2023-05-10 21:01:01,c2311-P-2620,c2311-P-2620,152.0,0.0,0.0,0.0,10,115.5,160.0,1,152.0,0.0,0.0,0.0,0.0,0.0,158
2023-05-10 21:01:02,c2311-P-2620,c2311-P-2620,152.0,0.0,0.0,0.0,1,128.0,160.0,1,152.0,0.0,0.0,0.0,0.0,0.0,158
2023-05-10 21:01:02,c2311-P-2620,c2311-P-2620,152.0,0.0,0.0,0.0,1,141.0,160.0,1,152.0,0.0,0.0,0.0,0.0,0.0,158
2023-05-10 21:06:44,c2311-P-2620,c2311-P-2620,152.0,0.0,0.0,0.0,10,141.5,160.0,1,152.0,0.0,0.0,0.0,0.0,0.0,158
2023-05-10 21:06:44,c2311-P-2620,c2311-P-2620,152.0,0.0,0.0,0.0,1,152.5,160.0,1,152.0,0.0,0.0,0.0,0.0,0.0,158
2023-05-10 21:07:14,c2311-P-2620,c2311-P-2620,152.0,0.0,0.0,0.0,10,153.0,163.5,10,152.0,0.0,0.0,0.0,0.0,0.0,158
2023-05-10 21:12:08,c2311-P-2620,c2311-P-2620,152.0,0.0,0.0,0.0,1,155.5,163.5,10,152.0,0.0,0.0,0.0,0.0,0.0,158
2023-05-10 21:12:09,c2311-P-2620,c2311-P-2620,152.0,0.0,0.0,0.0,10,156.0,163.5,20,152.0,0.0,0.0,0.0,0.0,0.0,158
2023-05-10 21:14:07,c2311-P-2620,c2311-P-2620,152.0,0.0,0.0,0.0,10,156.0,163.5,10,152.0,0.0,0.0,0.0,0.0,0.0,158
2023-05-10 21:14:37,c2311-P-2620,c2311-P-2620,152.0,0.0,0.0,0.0,10,156.0,164.0,11,152.0,0.0,0.0,0.0,0.0,0.0,158
2023-05-10 21:14:37,c2311-P-2620,c2311-P-2620,152.0,0.0,0.0,0.0,10,156.0,164.0,21,152.0,0.0,0.0,0.0,0.0,0.0,158
2023-05-10 21:14:39,c2311-P-2620,c2311-P-2620,152.0,0.0,0.0,0.0,10,156.0,164.0,11,152.0,0.0,0.0,0.0,0.0,0.0,158
2023-05-10 21:14:42,c2311-P-2620,c2311-P-2620,152.0,0.0,0.0,0.0,10,156.0,164.0,21,152.0,0.0,0.0,0.0,0.0,0.0,158
2023-05-10 21:14:52,c2311-P-2620,c2311-P-2620,152.0,0.0,0.0,0.0,10,156.0,164.0,11,152.0,0.0,0.0,0.0,0.0,0.0,158
2023-05-10 21:16:39,c2311-P-2620,c2311-P-2620,152.0,0.0,0.0,0.0,10,156.0,164.0,1,152.0,0.0,0.0,0.0,0.0,0.0,158
2023-05-10 21:16:45,c2311-P-2620,c2311-P-2620,152.0,0.0,0.0,0.0,10,156.0,167.5,10,152.0,0.0,0.0,0.0,0.0,0.0,158
2023-05-10 21:16:47,c2311-P-2620,c2311-P-2620,152.0,0.0,0.0,0.0,1,158.5,167.5,10,152.0,0.0,0.0,0.0,0.0,0.0,158
2023-05-10 21:16:47,c2311-P-2620,c2311-P-2620,152.0,0.0,0.0,0.0,10,159.0,167.5,10,152.0,0.0,0.0,0.0,0.0,0.0,158
2023-05-10 21:16:48,c2311-P-2620,c2311-P-2620,152.0,0.0,0.0,0.0,10,159.0,167.0,10,152.0,0.0,0.0,0.0,0.0,0.0,158
2023-05-10 21:16:48,c2311-P-2620,c2311-P-2620,152.0,0.0,0.0,0.0,10,159.0,166.5,20,152.0,0.0,0.0,0.0,0.0,0.0,158
2023-05-10 21:16:49,c2311-P-2620,c2311-P-2620,152.0,0.0,0.0,0.0,10,159.0,166.5,10,152.0,0.0,0.0,0.0,0.0,0.0,158
2023-05-10 21:16:49,c2311-P-2620,c2311-P-2620,152.0,0.0,0.0,0.0,10,159.0,166.5,20,152.0,0.0,0.0,0.0,0.0,0.0,158
2023-05-10 21:17:18,c2311-P-2620,c2311-P-2620,152.0,0.0,0.0,0.0,11,158.5,166.5,20,152.0,0.0,0.0,0.0,0.0,0.0,158
2023-05-10 21:17:18,c2311-P-2620,c2311-P-2620,152.0,0.0,0.0,0.0,11,158.5,166.5,10,152.0,0.0,0.0,0.0,0.0,0.0,158
2023-05-10 21:17:19,c2311-P-2620,c2311-P-2620,152.0,0.0,0.0,0.0,11,158.5,165.0,1,152.0,0.0,0.0,0.0,0.0,0.0,158
2023-05-10 21:17:19,c2311-P-2620,c2311-P-2620,152.0,0.0,0.0,0.0,11,158.5,164.5,10,152.0,0.0,0.0,0.0,0.0,0.0,158
2023-05-10 21:17:20,c2311-P-2620,c2311-P-2620,152.0,0.0,0.0,0.0,1,154.5,164.5,10,152.0,0.0,0.0,0.0,0.0,0.0,158
2023-05-10 21:17:20,c2311-P-2620,c2311-P-2620,152.0,0.0,0.0,0.0,10,155.0,164.5,10,152.0,0.0,0.0,0.0,0.0,0.0,158
2023-05-10 21:18:51,c2311-P-2620,c2311-P-2620,152.0,0.0,0.0,0.0,1,157.5,164.5,10,152.0,0.0,0.0,0.0,0.0,0.0,158
2023-05-10 21:18:52,c2311-P-2620,c2311-P-2620,152.0,0.0,0.0,0.0,10,158.0,164.5,10,152.0,0.0,0.0,0.0,0.0,0.0,158
2023-05-10 21:19:36,c2311-P-2620,c2311-P-2620,152.0,0.0,0.0,0.0,10,158.0,165.0,11,152.0,0.0,0.0,0.0,0.0,0.0,158
2023-05-10 21:19:54,c2311-P-2620,c2311-P-2620,152.0,0.0,0.0,0.0,10,158.0,165.0,1,152.0,0.0,0.0,0.0,0.0,0.0,158
2023-05-10 21:20:04,c2311-P-2620,c2311-P-2620,152.0,0.0,0.0,0.0,10,158.0,168.5,10,152.0,0.0,0.0,0.0,0.0,0.0,158
2023-05-10 21:22:59,c2311-P-2620,c2311-P-2620,152.0,0.0,0.0,0.0,1,160.5,168.5,10,152.0,0.0,0.0,0.0,0.0,0.0,158
2023-05-10 21:22:59,c2311-P-2620,c2311-P-2620,152.0,0.0,0.0,0.0,10,161.0,168.5,10,152.0,0.0,0.0,0.0,0.0,0.0,158
2023-05-10 21:24:31,c2311-P-2620,c2311-P-2620,152.0,0.0,0.0,0.0,10,161.0,168.0,10,152.0,0.0,0.0,0.0,0.0,0.0,158
2023-05-10 21:24:32,c2311-P-2620,c2311-P-2620,152.0,0.0,0.0,0.0,10,161.0,167.5,20,152.0,0.0,0.0,0.0,0.0,0.0,158
2023-05-10 21:24:37,c2311-P-2620,c2311-P-2620,152.0,0.0,0.0,0.0,10,161.0,167.5,10,152.0,0.0,0.0,0.0,0.0,0.0,158
2023-05-10 21:24:44,c2311-P-2620,c2311-P-2620,152.0,0.0,0.0,0.0,10,161.0,168.0,10,152.0,0.0,0.0,0.0,0.0,0.0,158
2023-05-10 21:24:49,c2311-P-2620,c2311-P-2620,152.0,0.0,0.0,0.0,10,161.0,168.5,10,152.0,0.0,0.0,0.0,0.0,0.0,158
2023-05-10 21:25:02,c2311-P-2620,c2311-P-2620,152.0,0.0,0.0,0.0,10,161.0,169.0,1,152.0,0.0,0.0,0.0,0.0,0.0,158
2023-05-10 21:25:02,c2311-P-2620,c2311-P-2620,152.0,0.0,0.0,0.0,10,161.0,169.0,11,152.0,0.0,0.0,0.0,0.0,0.0,158
2023-05-10 21:25:04,c2311-P-2620,c2311-P-2620,152.0,0.0,0.0,0.0,10,161.0,169.0,1,152.0,0.0,0.0,0.0,0.0,0.0,158
2023-05-10 21:26:00,c2311-P-2620,c2311-P-2620,152.0,0.0,0.0,0.0,10,161.0,168.5,10,152.0,0.0,0.0,0.0,0.0,0.0,158
2023-05-10 21:26:04,c2311-P-2620,c2311-P-2620,152.0,0.0,0.0,0.0,10,161.0,169.0,11,152.0,0.0,0.0,0.0,0.0,0.0,158
2023-05-10 21:26:45,c2311-P-2620,c2311-P-2620,152.0,0.0,0.0,0.0,10,161.0,169.0,1,152.0,0.0,0.0,0.0,0.0,0.0,158
2023-05-10 21:27:25,c2311-P-2620,c2311-P-2620,152.0,0.0,0.0,0.0,10,161.0,173.0,1,152.0,0.0,0.0,0.0,0.0,0.0,158
2023-05-10 21:27:25,c2311-P-2620,c2311-P-2620,152.0,0.0,0.0,0.0,10,161.0,172.5,10,152.0,0.0,0.0,0.0,0.0,0.0,158
2023-05-10 21:36:42,c2311-P-2620,c2311-P-2620,152.0,0.0,0.0,0.0,10,161.0,170.0,1,152.0,0.0,0.0,0.0,0.0,0.0,158
2023-05-10 21:36:42,c2311-P-2620,c2311-P-2620,152.0,0.0,0.0,0.0,10,161.0,169.0,10,152.0,0.0,0.0,0.0,0.0,0.0,158
2023-05-10 21:36:43,c2311-P-2620,c2311-P-2620,152.0,0.0,0.0,0.0,10,161.0,168.5,10,152.0,0.0,0.0,0.0,0.0,0.0,158
2023-05-10 21:36:43,c2311-P-2620,c2311-P-2620,152.0,0.0,0.0,0.0,10,161.0,168.0,10,152.0,0.0,0.0,0.0,0.0,0.0,158
2023-05-10 21:36:43,c2311-P-2620,c2311-P-2620,152.0,0.0,0.0,0.0,10,161.0,167.5,10,152.0,0.0,0.0,0.0,0.0,0.0,158
2023-05-10 21:37:52,c2311-P-2620,c2311-P-2620,152.0,0.0,0.0,0.0,10,161.0,169.0,10,152.0,0.0,0.0,0.0,0.0,0.0,158
2023-05-10 21:37:53,c2311-P-2620,c2311-P-2620,152.0,0.0,0.0,0.0,10,161.0,168.5,10,152.0,0.0,0.0,0.0,0.0,0.0,158
2023-05-10 21:38:10,c2311-P-2620,c2311-P-2620,152.0,0.0,0.0,0.0,10,161.0,169.0,10,152.0,0.0,0.0,0.0,0.0,0.0,158
2023-05-10 21:38:17,c2311-P-2620,c2311-P-2620,152.0,0.0,0.0,0.0,10,161.0,170.0,1,152.0,0.0,0.0,0.0,0.0,0.0,158
2023-05-10 21:38:17,c2311-P-2620,c2311-P-2620,152.0,0.0,0.0,0.0,10,161.0,169.5,10,152.0,0.0,0.0,0.0,0.0,0.0,158
2023-05-10 21:38:36,c2311-P-2620,c2311-P-2620,152.0,0.0,0.0,0.0,10,161.0,170.0,1,152.0,0.0,0.0,0.0,0.0,0.0,158
2023-05-10 21:38:36,c2311-P-2620,c2311-P-2620,152.0,0.0,0.0,0.0,10,161.0,170.0,11,152.0,0.0,0.0,0.0,0.0,0.0,158
2023-05-10 21:39:01,c2311-P-2620,c2311-P-2620,152.0,0.0,0.0,0.0,10,161.0,170.0,1,152.0,0.0,0.0,0.0,0.0,0.0,158
2023-05-10 21:39:02,c2311-P-2620,c2311-P-2620,152.0,0.0,0.0,0.0,1,163.5,170.0,1,152.0,0.0,0.0,0.0,0.0,0.0,158
2023-05-10 21:39:02,c2311-P-2620,c2311-P-2620,152.0,0.0,0.0,0.0,10,164.0,170.0,1,152.0,0.0,0.0,0.0,0.0,0.0,158
2023-05-10 21:39:14,c2311-P-2620,c2311-P-2620,152.0,0.0,0.0,0.0,10,164.0,172.0,10,152.0,0.0,0.0,0.0,0.0,0.0,158
2023-05-10 21:39:14,c2311-P-2620,c2311-P-2620,152.0,0.0,0.0,0.0,10,164.0,171.5,10,152.0,0.0,0.0,0.0,0.0,0.0,158
2023-05-10 21:39:37,c2311-P-2620,c2311-P-2620,152.0,0.0,0.0,0.0,10,164.0,174.0,1,152.0,0.0,0.0,0.0,0.0,0.0,158
2023-05-10 21:39:37,c2311-P-2620,c2311-P-2620,152.0,0.0,0.0,0.0,10,164.0,173.5,10,152.0,0.0,0.0,0.0,0.0,0.0,158
2023-05-10 22:52:26,c2311-P-2620,c2311-P-2620,152.0,0.0,0.0,0.0,10,164.0,170.5,1,152.0,0.0,0.0,0.0,0.0,0.0,158
2023-05-10 22:52:27,c2311-P-2620,c2311-P-2620,152.0,0.0,0.0,0.0,10,164.0,170.0,10,152.0,0.0,0.0,0.0,0.0,0.0,158
2023-05-10 22:52:27,c2311-P-2620,c2311-P-2620,152.0,0.0,0.0,0.0,10,164.0,169.5,10,152.0,0.0,0.0,0.0,0.0,0.0,158
2023-05-10 22:52:27,c2311-P-2620,c2311-P-2620,152.0,0.0,0.0,0.0,10,164.0,169.0,10,152.0,0.0,0.0,0.0,0.0,0.0,158
2023-05-10 22:52:28,c2311-P-2620,c2311-P-2620,152.0,0.0,0.0,0.0,10,164.0,168.5,10,152.0,0.0,0.0,0.0,0.0,0.0,158
2023-05-10 22:52:29,c2311-P-2620,c2311-P-2620,152.0,0.0,0.0,0.0,11,163.5,168.0,10,152.0,0.0,0.0,0.0,0.0,0.0,158
2023-05-10 22:52:32,c2311-P-2620,c2311-P-2620,152.0,0.0,0.0,0.0,1,163.5,168.0,10,152.0,0.0,0.0,0.0,0.0,0.0,158
2023-05-10 22:52:36,c2311-P-2620,c2311-P-2620,152.0,0.0,0.0,0.0,10,124.0,168.0,10,152.0,0.0,0.0,0.0,0.0,0.0,158
2023-05-10 22:52:37,c2311-P-2620,c2311-P-2620,152.0,0.0,0.0,0.0,1,125.5,168.0,10,152.0,0.0,0.0,0.0,0.0,0.0,158
2023-05-10 22:52:37,c2311-P-2620,c2311-P-2620,152.0,0.0,0.0,0.0,1,146.5,168.0,10,152.0,0.0,0.0,0.0,0.0,0.0,158
2023-05-10 22:52:38,c2311-P-2620,c2311-P-2620,152.0,0.0,0.0,0.0,10,147.0,168.0,10,152.0,0.0,0.0,0.0,0.0,0.0,158
2023-05-10 22:52:38,c2311-P-2620,c2311-P-2620,152.0,0.0,0.0,0.0,1,159.5,168.0,10,152.0,0.0,0.0,0.0,0.0,0.0,158
2023-05-10 22:52:38,c2311-P-2620,c2311-P-2620,152.0,0.0,0.0,0.0,10,160.0,168.0,10,152.0,0.0,0.0,0.0,0.0,0.0,158
2023-05-10 22:52:39,c2311-P-2620,c2311-P-2620,152.0,0.0,0.0,0.0,10,160.0,167.5,10,152.0,0.0,0.0,0.0,0.0,0.0,158
2023-05-10 22:52:39,c2311-P-2620,c2311-P-2620,152.0,0.0,0.0,0.0,10,160.0,167.0,10,152.0,0.0,0.0,0.0,0.0,0.0,158
2023-05-10 22:53:09,c2311-P-2620,c2311-P-2620,152.0,0.0,0.0,0.0,10,160.0,166.5,10,152.0,0.0,0.0,0.0,0.0,0.0,158
2023-05-10 22:53:09,c2311-P-2620,c2311-P-2620,152.0,0.0,0.0,0.0,10,160.0,166.0,10,152.0,0.0,0.0,0.0,0.0,0.0,158
2023-05-10 22:57:33,c2311-P-2620,c2311-P-2620,152.0,0.0,0.0,0.0,1,102.5,0.0,0,152.0,0.0,0.0,0.0,0.0,0.0,158
2023-05-10 22:57:33,c2311-P-2620,c2311-P-2620,152.0,0.0,0.0,0.0,6,103.5,0.0,0,152.0,0.0,0.0,0.0,0.0,0.0,158
2023-05-10 22:57:36,c2311-P-2620,c2311-P-2620,152.0,0.0,0.0,0.0,1,105.0,305.0,1,152.0,0.0,0.0,0.0,0.0,0.0,158
2023-05-10 22:57:36,c2311-P-2620,c2311-P-2620,152.0,0.0,0.0,0.0,6,106.0,305.0,1,152.0,0.0,0.0,0.0,0.0,0.0,158
2023-05-10 22:57:45,c2311-P-2620,c2311-P-2620,152.0,0.0,0.0,0.0,1,107.5,305.0,1,152.0,0.0,0.0,0.0,0.0,0.0,158
2023-05-10 22:57:45,c2311-P-2620,c2311-P-2620,152.0,0.0,0.0,0.0,6,108.5,305.0,1,152.0,0.0,0.0,0.0,0.0,0.0,158
2023-05-10 22:57:46,c2311-P-2620,c2311-P-2620,152.0,0.0,0.0,0.0,1,110.0,305.0,1,152.0,0.0,0.0,0.0,0.0,0.0,158
2023-05-10 22:57:46,c2311-P-2620,c2311-P-2620,152.0,0.0,0.0,0.0,6,111.0,305.0,1,152.0,0.0,0.0,0.0,0.0,0.0,158
2023-05-10 22:57:47,c2311-P-2620,c2311-P-2620,152.0,0.0,0.0,0.0,1,112.5,305.0,1,152.0,0.0,0.0,0.0,0.0,0.0,158
2023-05-10 22:57:47,c2311-P-2620,c2311-P-2620,152.0,0.0,0.0,0.0,6,113.5,305.0,1,152.0,0.0,0.0,0.0,0.0,0.0,158
2023-05-10 22:57:48,c2311-P-2620,c2311-P-2620,152.0,0.0,0.0,0.0,1,115.0,305.0,1,152.0,0.0,0.0,0.0,0.0,0.0,158
2023-05-10 22:57:48,c2311-P-2620,c2311-P-2620,152.0,0.0,0.0,0.0,6,116.0,305.0,1,152.0,0.0,0.0,0.0,0.0,0.0,158
2023-05-10 22:57:49,c2311-P-2620,c2311-P-2620,152.0,0.0,0.0,0.0,1,117.5,305.0,1,152.0,0.0,0.0,0.0,0.0,0.0,158
2023-05-10 22:59:16,c2311-P-2620,c2311-P-2620,152.0,0.0,0.0,0.0,10,118.0,304.5,10,152.0,0.0,0.0,0.0,0.0,0.0,158
2023-05-10 22:59:22,c2311-P-2620,c2311-P-2620,152.0,0.0,0.0,0.0,1,119.5,303.0,1,152.0,0.0,0.0,0.0,0.0,0.0,158
2023-05-10 22:59:22,c2311-P-2620,c2311-P-2620,152.0,0.0,0.0,0.0,10,120.0,302.5,10,152.0,0.0,0.0,0.0,0.0,0.0,158
2023-05-10 22:59:56,c2311-P-2620,c2311-P-2620,152.0,0.0,0.0,0.0,1,60.0,0.0,0,152.0,0.0,0.0,0.0,0.0,0.0,158
2023-05-11 09:00:04,c2311-P-2620,c2311-P-2620,152.0,0.0,0.0,0.0,10,60.5,0.0,0,152.0,0.0,0.0,0.0,0.0,0.0,158
2023-05-11 09:00:10,c2311-P-2620,c2311-P-2620,152.0,0.0,0.0,0.0,1,115.0,214.0,1,152.0,0.0,0.0,0.0,0.0,0.0,158
2023-05-11 09:00:10,c2311-P-2620,c2311-P-2620,152.0,0.0,0.0,0.0,10,115.5,213.5,10,152.0,0.0,0.0,0.0,0.0,0.0,158
2023-05-11 09:00:11,c2311-P-2620,c2311-P-2620,152.0,0.0,0.0,0.0,10,115.5,201.0,1,152.0,0.0,0.0,0.0,0.0,0.0,158
2023-05-11 09:00:11,c2311-P-2620,c2311-P-2620,152.0,0.0,0.0,0.0,1,128.0,200.5,10,152.0,0.0,0.0,0.0,0.0,0.0,158
2023-05-11 09:00:12,c2311-P-2620,c2311-P-2620,152.0,0.0,0.0,0.0,10,128.5,188.0,1,152.0,0.0,0.0,0.0,0.0,0.0,158
2023-05-11 09:00:12,c2311-P-2620,c2311-P-2620,152.0,0.0,0.0,0.0,1,141.0,175.0,1,152.0,0.0,0.0,0.0,0.0,0.0,158
2023-05-11 09:00:13,c2311-P-2620,c2311-P-2620,152.0,0.0,0.0,0.0,10,141.5,175.0,1,152.0,0.0,0.0,0.0,0.0,0.0,158
2023-05-11 09:00:13,c2311-P-2620,c2311-P-2620,152.0,0.0,0.0,0.0,1,154.0,175.0,1,152.0,0.0,0.0,0.0,0.0,0.0,158
2023-05-11 09:00:19,c2311-P-2620,c2311-P-2620,152.0,0.0,0.0,0.0,1,116.0,175.0,1,152.0,0.0,0.0,0.0,0.0,0.0,158
2023-05-11 09:00:19,c2311-P-2620,c2311-P-2620,152.0,0.0,0.0,0.0,1,129.0,175.0,1,152.0,0.0,0.0,0.0,0.0,0.0,158
2023-05-11 09:00:20,c2311-P-2620,c2311-P-2620,152.0,0.0,0.0,0.0,10,129.5,175.0,1,152.0,0.0,0.0,0.0,0.0,0.0,158
2023-05-11 09:00:20,c2311-P-2620,c2311-P-2620,152.0,0.0,0.0,0.0,1,142.0,175.0,1,152.0,0.0,0.0,0.0,0.0,0.0,158
2023-05-11 09:00:21,c2311-P-2620,c2311-P-2620,152.0,0.0,0.0,0.0,1,155.0,175.0,1,152.0,0.0,0.0,0.0,0.0,0.0,158
2023-05-11 09:00:28,c2311-P-2620,c2311-P-2620,152.0,0.0,0.0,0.0,1,117.0,175.0,1,152.0,0.0,0.0,0.0,0.0,0.0,158
2023-05-11 09:00:28,c2311-P-2620,c2311-P-2620,152.0,0.0,0.0,0.0,1,130.0,175.0,1,152.0,0.0,0.0,0.0,0.0,0.0,158
2023-05-11 09:00:29,c2311-P-2620,c2311-P-2620,152.0,0.0,0.0,0.0,10,130.5,175.0,1,152.0,0.0,0.0,0.0,0.0,0.0,158
2023-05-11 09:00:29,c2311-P-2620,c2311-P-2620,152.0,0.0,0.0,0.0,1,143.0,175.0,1,152.0,0.0,0.0,0.0,0.0,0.0,158
2023-05-11 09:00:30,c2311-P-2620,c2311-P-2620,152.0,0.0,0.0,0.0,1,156.0,175.0,1,152.0,0.0,0.0,0.0,0.0,0.0,158
2023-05-11 09:00:36,c2311-P-2620,c2311-P-2620,152.0,0.0,0.0,0.0,1,117.5,175.0,1,152.0,0.0,0.0,0.0,0.0,0.0,158
2023-05-11 09:00:36,c2311-P-2620,c2311-P-2620,152.0,0.0,0.0,0.0,1,130.5,175.0,1,152.0,0.0,0.0,0.0,0.0,0.0,158
2023-05-11 09:00:37,c2311-P-2620,c2311-P-2620,152.0,0.0,0.0,0.0,10,131.0,175.0,1,152.0,0.0,0.0,0.0,0.0,0.0,158
2023-05-11 09:00:37,c2311-P-2620,c2311-P-2620,152.0,0.0,0.0,0.0,1,143.5,175.0,1,152.0,0.0,0.0,0.0,0.0,0.0,158
2023-05-11 09:00:38,c2311-P-2620,c2311-P-2620,152.0,0.0,0.0,0.0,1,156.5,175.0,1,152.0,0.0,0.0,0.0,0.0,0.0,158
2023-05-11 09:00:45,c2311-P-2620,c2311-P-2620,152.0,0.0,0.0,0.0,1,117.5,175.0,1,152.0,0.0,0.0,0.0,0.0,0.0,158
2023-05-11 09:00:45,c2311-P-2620,c2311-P-2620,152.0,0.0,0.0,0.0,1,130.5,175.0,1,152.0,0.0,0.0,0.0,0.0,0.0,158
2023-05-11 09:00:46,c2311-P-2620,c2311-P-2620,152.0,0.0,0.0,0.0,10,131.0,175.0,1,152.0,0.0,0.0,0.0,0.0,0.0,158
2023-05-11 09:00:46,c2311-P-2620,c2311-P-2620,152.0,0.0,0.0,0.0,1,143.5,175.0,1,152.0,0.0,0.0,0.0,0.0,0.0,158
2023-05-11 09:00:47,c2311-P-2620,c2311-P-2620,152.0,0.0,0.0,0.0,1,156.5,175.0,1,152.0,0.0,0.0,0.0,0.0,0.0,158
2023-05-11 09:00:53,c2311-P-2620,c2311-P-2620,152.0,0.0,0.0,0.0,1,118.0,175.0,1,152.0,0.0,0.0,0.0,0.0,0.0,158
2023-05-11 09:00:53,c2311-P-2620,c2311-P-2620,152.0,0.0,0.0,0.0,1,131.0,175.0,1,152.0,0.0,0.0,0.0,0.0,0.0,158
2023-05-11 09:00:54,c2311-P-2620,c2311-P-2620,152.0,0.0,0.0,0.0,10,131.5,175.0,1,152.0,0.0,0.0,0.0,0.0,0.0,158
2023-05-11 09:00:54,c2311-P-2620,c2311-P-2620,152.0,0.0,0.0,0.0,1,144.0,175.0,1,152.0,0.0,0.0,0.0,0.0,0.0,158
2023-05-11 09:00:55,c2311-P-2620,c2311-P-2620,152.0,0.0,0.0,0.0,1,157.0,175.0,1,152.0,0.0,0.0,0.0,0.0,0.0,158
2023-05-11 09:01:02,c2311-P-2620,c2311-P-2620,152.0,0.0,0.0,0.0,1,118.0,175.0,1,152.0,0.0,0.0,0.0,0.0,0.0,158
2023-05-11 09:01:02,c2311-P-2620,c2311-P-2620,152.0,0.0,0.0,0.0,1,131.0,175.0,1,152.0,0.0,0.0,0.0,0.0,0.0,158
2023-05-11 09:01:03,c2311-P-2620,c2311-P-2620,152.0,0.0,0.0,0.0,10,131.5,175.0,1,152.0,0.0,0.0,0.0,0.0,0.0,158
2023-05-11 09:01:03,c2311-P-2620,c2311-P-2620,152.0,0.0,0.0,0.0,1,144.0,175.0,1,152.0,0.0,0.0,0.0,0.0,0.0,158
2023-05-11 09:01:04,c2311-P-2620,c2311-P-2620,152.0,0.0,0.0,0.0,1,157.0,175.0,1,152.0,0.0,0.0,0.0,0.0,0.0,158
2023-05-11 09:01:10,c2311-P-2620,c2311-P-2620,152.0,0.0,0.0,0.0,1,117.5,175.0,1,152.0,0.0,0.0,0.0,0.0,0.0,158
2023-05-11 09:01:10,c2311-P-2620,c2311-P-2620,152.0,0.0,0.0,0.0,1,130.5,175.0,1,152.0,0.0,0.0,0.0,0.0,0.0,158
2023-05-11 09:01:11,c2311-P-2620,c2311-P-2620,152.0,0.0,0.0,0.0,10,131.0,175.0,1,152.0,0.0,0.0,0.0,0.0,0.0,158
2023-05-11 09:01:11,c2311-P-2620,c2311-P-2620,152.0,0.0,0.0,0.0,1,143.5,175.0,1,152.0,0.0,0.0,0.0,0.0,0.0,158
2023-05-11 09:01:12,c2311-P-2620,c2311-P-2620,152.0,0.0,0.0,0.0,1,156.5,175.0,1,152.0,0.0,0.0,0.0,0.0,0.0,158
2023-05-11 09:02:57,c2311-P-2620,c2311-P-2620,152.0,0.0,0.0,0.0,10,157.0,174.5,10,152.0,0.0,0.0,0.0,0.0,0.0,158
2023-05-11 09:02:58,c2311-P-2620,c2311-P-2620,152.0,0.0,0.0,0.0,1,163.5,174.5,10,152.0,0.0,0.0,0.0,0.0,0.0,158
2023-05-11 09:02:58,c2311-P-2620,c2311-P-2620,152.0,0.0,0.0,0.0,10,164.0,172.0,1,152.0,0.0,0.0,0.0,0.0,0.0,158
2023-05-11 09:03:05,c2311-P-2620,c2311-P-2620,152.0,0.0,0.0,0.0,11,163.5,172.0,11,152.0,0.0,0.0,0.0,0.0,0.0,158
2023-05-11 09:03:16,c2311-P-2620,c2311-P-2620,152.0,0.0,0.0,0.0,11,163.5,172.0,1,152.0,0.0,0.0,0.0,0.0,0.0,158
2023-05-11 09:03:42,c2311-P-2620,c2311-P-2620,152.0,0.0,0.0,0.0,11,163.5,172.0,11,152.0,0.0,0.0,0.0,0.0,0.0,158
2023-05-11 09:03:59,c2311-P-2620,c2311-P-2620,152.0,0.0,0.0,0.0,11,163.5,172.0,1,152.0,0.0,0.0,0.0,0.0,0.0,158
2023-05-11 09:05:27,c2311-P-2620,c2311-P-2620,152.0,0.0,0.0,0.0,11,163.5,171.5,10,152.0,0.0,0.0,0.0,0.0,0.0,158
2023-05-11 09:08:10,c2311-P-2620,c2311-P-2620,152.0,0.0,0.0,0.0,1,163.5,171.5,10,152.0,0.0,0.0,0.0,0.0,0.0,158
2023-05-11 09:08:19,c2311-P-2620,c2311-P-2620,152.0,0.0,0.0,0.0,10,164.0,171.5,10,152.0,0.0,0.0,0.0,0.0,0.0,158
2023-05-11 09:08:20,c2311-P-2620,c2311-P-2620,152.0,0.0,0.0,0.0,10,164.0,171.0,10,152.0,0.0,0.0,0.0,0.0,0.0,158
2023-05-11 09:08:20,c2311-P-2620,c2311-P-2620,152.0,0.0,0.0,0.0,10,164.0,170.0,10,152.0,0.0,0.0,0.0,0.0,0.0,158
2023-05-11 09:08:21,c2311-P-2620,c2311-P-2620,152.0,0.0,0.0,0.0,10,164.0,169.5,10,152.0,0.0,0.0,0.0,0.0,0.0,158
2023-05-11 09:08:21,c2311-P-2620,c2311-P-2620,152.0,0.0,0.0,0.0,10,164.0,169.0,10,152.0,0.0,0.0,0.0,0.0,0.0,158
2023-05-11 09:08:21,c2311-P-2620,c2311-P-2620,152.0,0.0,0.0,0.0,10,164.0,168.5,10,152.0,0.0,0.0,0.0,0.0,0.0,158
2023-05-11 09:08:24,c2311-P-2620,c2311-P-2620,152.0,0.0,0.0,0.0,11,163.5,168.5,10,152.0,0.0,0.0,0.0,0.0,0.0,158
2023-05-11 09:12:04,c2311-P-2620,c2311-P-2620,152.0,0.0,0.0,0.0,11,163.5,171.5,10,152.0,0.0,0.0,0.0,0.0,0.0,158
2023-05-11 09:18:33,c2311-P-2620,c2311-P-2620,152.0,0.0,0.0,0.0,11,163.5,172.0,1,152.0,0.0,0.0,0.0,0.0,0.0,158
2023-05-11 09:18:33,c2311-P-2620,c2311-P-2620,152.0,0.0,0.0,0.0,11,163.5,171.5,10,152.0,0.0,0.0,0.0,0.0,0.0,158
2023-05-11 09:18:51,c2311-P-2620,c2311-P-2620,152.0,0.0,0.0,0.0,11,163.5,172.0,1,152.0,0.0,0.0,0.0,0.0,0.0,158
2023-05-11 09:18:51,c2311-P-2620,c2311-P-2620,152.0,0.0,0.0,0.0,11,163.5,172.0,11,152.0,0.0,0.0,0.0,0.0,0.0,158
2023-05-11 09:19:22,c2311-P-2620,c2311-P-2620,152.0,0.0,0.0,0.0,1,166.0,172.0,11,152.0,0.0,0.0,0.0,0.0,0.0,158
2023-05-11 09:19:22,c2311-P-2620,c2311-P-2620,152.0,0.0,0.0,0.0,10,166.5,172.0,11,152.0,0.0,0.0,0.0,0.0,0.0,158
2023-05-11 09:19:23,c2311-P-2620,c2311-P-2620,152.0,0.0,0.0,0.0,10,166.5,172.0,1,152.0,0.0,0.0,0.0,0.0,0.0,158
2023-05-11 09:19:47,c2311-P-2620,c2311-P-2620,152.0,0.0,0.0,0.0,10,166.5,173.5,10,152.0,0.0,0.0,0.0,0.0,0.0,158
2023-05-11 09:19:47,c2311-P-2620,c2311-P-2620,152.0,0.0,0.0,0.0,10,166.5,173.0,10,152.0,0.0,0.0,0.0,0.0,0.0,158
2023-05-11 09:20:16,c2311-P-2620,c2311-P-2620,152.0,0.0,0.0,0.0,10,166.5,175.5,1,152.0,0.0,0.0,0.0,0.0,0.0,158
2023-05-11 09:20:16,c2311-P-2620,c2311-P-2620,152.0,0.0,0.0,0.0,10,166.5,175.0,10,152.0,0.0,0.0,0.0,0.0,0.0,158
2023-05-11 09:20:32,c2311-P-2620,c2311-P-2620,152.0,0.0,0.0,0.0,10,166.5,174.5,10,152.0,0.0,0.0,0.0,0.0,0.0,158
2023-05-11 09:20:32,c2311-P-2620,c2311-P-2620,152.0,0.0,0.0,0.0,10,166.5,174.0,10,152.0,0.0,0.0,0.0,0.0,0.0,158
2023-05-11 09:20:32,c2311-P-2620,c2311-P-2620,152.0,0.0,0.0,0.0,10,166.5,174.0,20,152.0,0.0,0.0,0.0,0.0,0.0,158
2023-05-11 09:22:15,c2311-P-2620,c2311-P-2620,152.0,0.0,0.0,0.0,10,166.5,173.0,1,152.0,0.0,0.0,0.0,0.0,0.0,158
2023-05-11 09:22:16,c2311-P-2620,c2311-P-2620,152.0,0.0,0.0,0.0,10,166.5,172.5,10,152.0,0.0,0.0,0.0,0.0,0.0,158
2023-05-11 09:22:16,c2311-P-2620,c2311-P-2620,152.0,0.0,0.0,0.0,10,166.5,172.0,10,152.0,0.0,0.0,0.0,0.0,0.0,158
2023-05-11 09:22:17,c2311-P-2620,c2311-P-2620,152.0,0.0,0.0,0.0,10,166.5,171.0,10,152.0,0.0,0.0,0.0,0.0,0.0,158
2023-05-11 09:22:17,c2311-P-2620,c2311-P-2620,152.0,0.0,0.0,0.0,10,166.5,170.5,10,152.0,0.0,0.0,0.0,0.0,0.0,158
2023-05-11 09:22:34,c2311-P-2620,c2311-P-2620,152.0,0.0,0.0,0.0,10,166.5,171.5,10,152.0,0.0,0.0,0.0,0.0,0.0,158
2023-05-11 09:26:53,c2311-P-2620,c2311-P-2620,152.0,0.0,0.0,0.0,10,166.5,171.0,10,152.0,0.0,0.0,0.0,0.0,0.0,158
2023-05-11 09:26:53,c2311-P-2620,c2311-P-2620,152.0,0.0,0.0,0.0,10,166.5,170.5,10,152.0,0.0,0.0,0.0,0.0,0.0,158
2023-05-11 09:26:54,c2311-P-2620,c2311-P-2620,152.0,0.0,0.0,0.0,11,166.0,170.5,10,152.0,0.0,0.0,0.0,0.0,0.0,158
2023-05-11 09:27:24,c2311-P-2620,c2311-P-2620,152.0,0.0,0.0,0.0,11,166.0,173.0,1,152.0,0.0,0.0,0.0,0.0,0.0,158
2023-05-11 09:27:24,c2311-P-2620,c2311-P-2620,152.0,0.0,0.0,0.0,11,166.0,172.5,10,152.0,0.0,0.0,0.0,0.0,0.0,158
2023-05-11 09:40:56,c2311-P-2620,c2311-P-2620,152.0,0.0,0.0,0.0,11,166.0,173.0,11,152.0,0.0,0.0,0.0,0.0,0.0,158
2023-05-11 09:42:02,c2311-P-2620,c2311-P-2620,152.0,0.0,0.0,0.0,11,166.0,173.0,10,152.0,0.0,0.0,0.0,0.0,0.0,158
2023-05-11 09:42:02,c2311-P-2620,c2311-P-2620,152.0,0.0,0.0,0.0,11,166.0,0.0,0,152.0,0.0,0.0,0.0,0.0,0.0,158
2023-05-11 09:42:03,c2311-P-2620,c2311-P-2620,152.0,0.0,0.0,0.0,11,166.0,221.0,1,152.0,0.0,0.0,0.0,0.0,0.0,158
2023-05-11 09:42:04,c2311-P-2620,c2311-P-2620,152.0,0.0,0.0,0.0,11,166.0,198.5,1,152.0,0.0,0.0,0.0,0.0,0.0,158
2023-05-11 09:42:04,c2311-P-2620,c2311-P-2620,152.0,0.0,0.0,0.0,11,166.0,198.0,10,152.0,0.0,0.0,0.0,0.0,0.0,158
2023-05-11 09:42:05,c2311-P-2620,c2311-P-2620,152.0,0.0,0.0,0.0,11,166.0,177.0,1,152.0,0.0,0.0,0.0,0.0,0.0,158
2023-05-11 09:42:05,c2311-P-2620,c2311-P-2620,152.0,0.0,0.0,0.0,11,166.0,176.5,10,152.0,0.0,0.0,0.0,0.0,0.0,158
2023-05-11 09:46:48,c2311-P-2620,c2311-P-2620,152.0,0.0,0.0,0.0,1,169.0,176.5,10,152.0,0.0,0.0,0.0,0.0,0.0,158
2023-05-11 09:46:48,c2311-P-2620,c2311-P-2620,152.0,0.0,0.0,0.0,10,169.5,176.5,20,152.0,0.0,0.0,0.0,0.0,0.0,158
2023-05-11 09:52:03,c2311-P-2620,c2311-P-2620,152.0,0.0,0.0,0.0,10,169.5,176.5,10,152.0,0.0,0.0,0.0,0.0,0.0,158
2023-05-11 09:52:09,c2311-P-2620,c2311-P-2620,152.0,0.0,0.0,0.0,10,169.5,177.0,1,152.0,0.0,0.0,0.0,0.0,0.0,158
2023-05-11 09:52:10,c2311-P-2620,c2311-P-2620,152.0,0.0,0.0,0.0,10,169.5,177.0,11,152.0,0.0,0.0,0.0,0.0,0.0,158
2023-05-11 09:52:32,c2311-P-2620,c2311-P-2620,152.0,0.0,0.0,0.0,10,169.5,180.0,10,152.0,0.0,0.0,0.0,0.0,0.0,158
2023-05-11 09:52:48,c2311-P-2620,c2311-P-2620,152.0,0.0,0.0,0.0,1,171.5,180.0,10,152.0,0.0,0.0,0.0,0.0,0.0,158
2023-05-11 09:52:49,c2311-P-2620,c2311-P-2620,152.0,0.0,0.0,0.0,10,172.0,179.5,10,152.0,0.0,0.0,0.0,0.0,0.0,158
2023-05-11 09:52:49,c2311-P-2620,c2311-P-2620,152.0,0.0,0.0,0.0,10,172.0,179.0,10,152.0,0.0,0.0,0.0,0.0,0.0,158
2023-05-11 09:52:50,c2311-P-2620,c2311-P-2620,152.0,0.0,0.0,0.0,10,172.0,178.5,10,152.0,0.0,0.0,0.0,0.0,0.0,158
2023-05-11 09:52:50,c2311-P-2620,c2311-P-2620,152.0,0.0,0.0,0.0,10,172.0,178.0,10,152.0,0.0,0.0,0.0,0.0,0.0,158
2023-05-11 09:54:03,c2311-P-2620,c2311-P-2620,152.0,0.0,0.0,0.0,10,172.0,179.0,10,152.0,0.0,0.0,0.0,0.0,0.0,158
2023-05-11 09:54:06,c2311-P-2620,c2311-P-2620,152.0,0.0,0.0,0.0,10,172.0,179.5,10,152.0,0.0,0.0,0.0,0.0,0.0,158
2023-05-11 09:55:14,c2311-P-2620,c2311-P-2620,152.0,0.0,0.0,0.0,10,172.0,179.5,20,152.0,0.0,0.0,0.0,0.0,0.0,158
2023-05-11 10:02:43,c2311-P-2620,c2311-P-2620,152.0,0.0,0.0,0.0,10,172.0,179.5,10,152.0,0.0,0.0,0.0,0.0,0.0,158
2023-05-11 10:03:55,c2311-P-2620,c2311-P-2620,152.0,0.0,0.0,0.0,10,172.0,180.5,11,152.0,0.0,0.0,0.0,0.0,0.0,158
2023-05-11 10:03:55,c2311-P-2620,c2311-P-2620,152.0,0.0,0.0,0.0,10,172.0,180.0,10,152.0,0.0,0.0,0.0,0.0,0.0,158
2023-05-11 10:06:32,c2311-P-2620,c2311-P-2620,152.0,0.0,0.0,0.0,10,172.0,180.5,11,152.0,0.0,0.0,0.0,0.0,0.0,158
2023-05-11 10:08:56,c2311-P-2620,c2311-P-2620,152.0,0.0,0.0,0.0,1,174.0,180.5,11,152.0,0.0,0.0,0.0,0.0,0.0,158
2023-05-11 10:08:57,c2311-P-2620,c2311-P-2620,152.0,0.0,0.0,0.0,10,174.5,180.5,11,152.0,0.0,0.0,0.0,0.0,0.0,158
2023-05-11 10:09:10,c2311-P-2620,c2311-P-2620,152.0,0.0,0.0,0.0,10,174.5,180.5,1,152.0,0.0,0.0,0.0,0.0,0.0,158
2023-05-11 10:10:24,c2311-P-2620,c2311-P-2620,152.0,0.0,0.0,0.0,10,174.5,180.5,11,152.0,0.0,0.0,0.0,0.0,0.0,158
2023-05-11 10:10:34,c2311-P-2620,c2311-P-2620,152.0,0.0,0.0,0.0,10,174.5,180.5,21,152.0,0.0,0.0,0.0,0.0,0.0,158
2023-05-11 10:11:14,c2311-P-2620,c2311-P-2620,152.0,0.0,0.0,0.0,11,174.0,180.5,11,152.0,0.0,0.0,0.0,0.0,0.0,158
2023-05-11 10:11:54,c2311-P-2620,c2311-P-2620,152.0,0.0,0.0,0.0,1,170.0,180.5,11,152.0,0.0,0.0,0.0,0.0,0.0,158
2023-05-11 10:11:54,c2311-P-2620,c2311-P-2620,152.0,0.0,0.0,0.0,10,170.5,180.5,11,152.0,0.0,0.0,0.0,0.0,0.0,158
2023-05-11 10:14:32,c2311-P-2620,c2311-P-2620,152.0,0.0,0.0,0.0,1,170.0,180.5,1,152.0,0.0,0.0,0.0,0.0,0.0,158
2023-05-11 10:30:07,c2311-P-2620,c2311-P-2620,152.0,0.0,0.0,0.0,10,170.5,180.0,10,152.0,0.0,0.0,0.0,0.0,0.0,158
2023-05-11 10:30:07,c2311-P-2620,c2311-P-2620,152.0,0.0,0.0,0.0,10,170.5,177.5,1,152.0,0.0,0.0,0.0,0.0,0.0,158
2023-05-11 10:30:07,c2311-P-2620,c2311-P-2620,152.0,0.0,0.0,0.0,10,170.5,177.0,10,152.0,0.0,0.0,0.0,0.0,0.0,158
2023-05-11 10:30:12,c2311-P-2620,c2311-P-2620,152.0,0.0,0.0,0.0,10,170.5,176.5,10,152.0,0.0,0.0,0.0,0.0,0.0,158
2023-05-11 10:30:12,c2311-P-2620,c2311-P-2620,152.0,0.0,0.0,0.0,10,170.5,176.0,10,152.0,0.0,0.0,0.0,0.0,0.0,158
2023-05-11 10:30:15,c2311-P-2620,c2311-P-2620,152.0,0.0,0.0,0.0,10,170.5,175.5,10,152.0,0.0,0.0,0.0,0.0,0.0,158
2023-05-11 10:30:17,c2311-P-2620,c2311-P-2620,152.0,0.0,0.0,0.0,10,170.5,175.5,20,152.0,0.0,0.0,0.0,0.0,0.0,158
2023-05-11 10:30:21,c2311-P-2620,c2311-P-2620,152.0,0.0,0.0,0.0,10,170.5,175.5,10,152.0,0.0,0.0,0.0,0.0,0.0,158
2023-05-11 10:31:02,c2311-P-2620,c2311-P-2620,152.0,0.0,0.0,0.0,10,170.5,176.0,10,152.0,0.0,0.0,0.0,0.0,0.0,158
2023-05-11 10:31:18,c2311-P-2620,c2311-P-2620,152.0,0.0,0.0,0.0,10,170.5,177.5,1,152.0,0.0,0.0,0.0,0.0,0.0,158
2023-05-11 10:31:18,c2311-P-2620,c2311-P-2620,152.0,0.0,0.0,0.0,10,170.5,177.0,10,152.0,0.0,0.0,0.0,0.0,0.0,158
2023-05-11 10:31:20,c2311-P-2620,c2311-P-2620,152.0,0.0,0.0,0.0,10,170.5,177.5,11,152.0,0.0,0.0,0.0,0.0,0.0,158
2023-05-11 10:31:42,c2311-P-2620,c2311-P-2620,152.0,0.0,0.0,0.0,10,170.5,177.0,10,152.0,0.0,0.0,0.0,0.0,0.0,158
2023-05-11 10:31:43,c2311-P-2620,c2311-P-2620,152.0,0.0,0.0,0.0,10,170.5,176.5,10,152.0,0.0,0.0,0.0,0.0,0.0,158
2023-05-11 10:32:03,c2311-P-2620,c2311-P-2620,152.0,0.0,0.0,0.0,10,170.5,177.5,1,152.0,0.0,0.0,0.0,0.0,0.0,158
2023-05-11 10:32:03,c2311-P-2620,c2311-P-2620,152.0,0.0,0.0,0.0,10,170.5,177.0,10,152.0,0.0,0.0,0.0,0.0,0.0,158
2023-05-11 10:32:40,c2311-P-2620,c2311-P-2620,152.0,0.0,0.0,0.0,10,170.5,176.5,10,152.0,0.0,0.0,0.0,0.0,0.0,158
2023-05-11 10:32:40,c2311-P-2620,c2311-P-2620,152.0,0.0,0.0,0.0,10,170.5,176.0,10,152.0,0.0,0.0,0.0,0.0,0.0,158
2023-05-11 10:33:37,c2311-P-2620,c2311-P-2620,152.0,0.0,0.0,0.0,10,170.5,175.5,10,152.0,0.0,0.0,0.0,0.0,0.0,158
2023-05-11 10:33:37,c2311-P-2620,c2311-P-2620,152.0,0.0,0.0,0.0,10,170.5,175.0,10,152.0,0.0,0.0,0.0,0.0,0.0,158
2023-05-11 10:33:57,c2311-P-2620,c2311-P-2620,152.0,0.0,0.0,0.0,10,170.5,174.5,10,152.0,0.0,0.0,0.0,0.0,0.0,158
2023-05-11 10:33:59,c2311-P-2620,c2311-P-2620,152.0,0.0,0.0,0.0,10,170.5,174.5,20,152.0,0.0,0.0,0.0,0.0,0.0,158
2023-05-11 10:33:59,c2311-P-2620,c2311-P-2620,152.0,0.0,0.0,0.0,11,170.0,174.5,20,152.0,0.0,0.0,0.0,0.0,0.0,158
2023-05-11 10:33:59,c2311-P-2620,c2311-P-2620,152.0,0.0,0.0,0.0,11,170.0,174.5,10,152.0,0.0,0.0,0.0,0.0,0.0,158
2023-05-11 10:34:34,c2311-P-2620,c2311-P-2620,152.0,0.0,0.0,0.0,1,170.0,174.5,10,152.0,0.0,0.0,0.0,0.0,0.0,158
2023-05-11 10:34:37,c2311-P-2620,c2311-P-2620,152.0,0.0,0.0,0.0,11,170.0,174.5,10,152.0,0.0,0.0,0.0,0.0,0.0,158
2023-05-11 10:34:38,c2311-P-2620,c2311-P-2620,152.0,0.0,0.0,0.0,1,170.0,174.5,10,152.0,0.0,0.0,0.0,0.0,0.0,158
2023-05-11 10:34:49,c2311-P-2620,c2311-P-2620,152.0,0.0,0.0,0.0,11,170.0,174.5,10,152.0,0.0,0.0,0.0,0.0,0.0,158
2023-05-11 10:35:04,c2311-P-2620,c2311-P-2620,152.0,0.0,0.0,0.0,1,170.0,174.5,10,152.0,0.0,0.0,0.0,0.0,0.0,158
2023-05-11 10:35:04,c2311-P-2620,c2311-P-2620,152.0,0.0,0.0,0.0,10,62.5,174.5,10,152.0,0.0,0.0,0.0,0.0,0.0,158
2023-05-11 10:35:05,c2311-P-2620,c2311-P-2620,152.0,0.0,0.0,0.0,1,122.0,174.5,10,152.0,0.0,0.0,0.0,0.0,0.0,158
2023-05-11 10:35:05,c2311-P-2620,c2311-P-2620,152.0,0.0,0.0,0.0,1,144.5,174.5,10,152.0,0.0,0.0,0.0,0.0,0.0,158
2023-05-11 10:35:06,c2311-P-2620,c2311-P-2620,152.0,0.0,0.0,0.0,1,166.0,174.5,10,152.0,0.0,0.0,0.0,0.0,0.0,158
2023-05-11 10:35:06,c2311-P-2620,c2311-P-2620,152.0,0.0,0.0,0.0,10,166.5,174.5,10,152.0,0.0,0.0,0.0,0.0,0.0,158
2023-05-11 10:35:07,c2311-P-2620,c2311-P-2620,152.0,0.0,0.0,0.0,10,166.5,174.0,10,152.0,0.0,0.0,0.0,0.0,0.0,158
2023-05-11 10:35:07,c2311-P-2620,c2311-P-2620,152.0,0.0,0.0,0.0,10,166.5,173.5,10,152.0,0.0,0.0,0.0,0.0,0.0,158
2023-05-11 10:35:36,c2311-P-2620,c2311-P-2620,152.0,0.0,0.0,0.0,10,166.5,174.0,10,152.0,0.0,0.0,0.0,0.0,0.0,158
2023-05-11 10:36:02,c2311-P-2620,c2311-P-2620,152.0,0.0,0.0,0.0,10,166.5,177.0,10,152.0,0.0,0.0,0.0,0.0,0.0,158
2023-05-11 10:37:56,c2311-P-2620,c2311-P-2620,152.0,0.0,0.0,0.0,1,169.0,177.0,10,152.0,0.0,0.0,0.0,0.0,0.0,158
2023-05-11 10:37:57,c2311-P-2620,c2311-P-2620,152.0,0.0,0.0,0.0,10,169.5,176.5,10,152.0,0.0,0.0,0.0,0.0,0.0,158
2023-05-11 10:37:57,c2311-P-2620,c2311-P-2620,152.0,0.0,0.0,0.0,10,169.5,176.0,10,152.0,0.0,0.0,0.0,0.0,0.0,158
2023-05-11 10:39:33,c2311-P-2620,c2311-P-2620,152.0,0.0,0.0,0.0,10,169.5,177.5,11,152.0,0.0,0.0,0.0,0.0,0.0,158
2023-05-11 10:39:33,c2311-P-2620,c2311-P-2620,152.0,0.0,0.0,0.0,10,169.5,177.0,10,152.0,0.0,0.0,0.0,0.0,0.0,158
2023-05-11 10:40:09,c2311-P-2620,c2311-P-2620,152.0,0.0,0.0,0.0,10,169.5,177.5,1,152.0,0.0,0.0,0.0,0.0,0.0,158
2023-05-11 10:40:09,c2311-P-2620,c2311-P-2620,152.0,0.0,0.0,0.0,10,169.5,177.5,11,152.0,0.0,0.0,0.0,0.0,0.0,158
2023-05-11 10:40:42,c2311-P-2620,c2311-P-2620,152.0,0.0,0.0,0.0,10,169.5,177.5,1,152.0,0.0,0.0,0.0,0.0,0.0,158
2023-05-11 10:41:33,c2311-P-2620,c2311-P-2620,152.0,0.0,0.0,0.0,1,171.5,177.5,1,152.0,0.0,0.0,0.0,0.0,0.0,158
2023-05-11 10:41:33,c2311-P-2620,c2311-P-2620,152.0,0.0,0.0,0.0,10,172.0,177.5,1,152.0,0.0,0.0,0.0,0.0,0.0,158
2023-05-11 10:42:00,c2311-P-2620,c2311-P-2620,152.0,0.0,0.0,0.0,10,172.0,177.5,11,152.0,0.0,0.0,0.0,0.0,0.0,158
2023-05-11 10:42:29,c2311-P-2620,c2311-P-2620,152.0,0.0,0.0,0.0,10,172.0,177.5,1,152.0,0.0,0.0,0.0,0.0,0.0,158
2023-05-11 10:42:44,c2311-P-2620,c2311-P-2620,152.0,0.0,0.0,0.0,10,172.0,177.5,11,152.0,0.0,0.0,0.0,0.0,0.0,158
2023-05-11 10:46:21,c2311-P-2620,c2311-P-2620,152.0,0.0,0.0,0.0,10,172.0,177.5,1,152.0,0.0,0.0,0.0,0.0,0.0,158
2023-05-11 10:47:49,c2311-P-2620,c2311-P-2620,152.0,0.0,0.0,0.0,10,172.0,177.5,11,152.0,0.0,0.0,0.0,0.0,0.0,158
2023-05-11 10:48:02,c2311-P-2620,c2311-P-2620,152.0,0.0,0.0,0.0,10,172.0,177.5,1,152.0,0.0,0.0,0.0,0.0,0.0,158
2023-05-11 10:49:20,c2311-P-2620,c2311-P-2620,152.0,0.0,0.0,0.0,10,172.0,179.0,10,152.0,0.0,0.0,0.0,0.0,0.0,158
2023-05-11 10:51:42,c2311-P-2620,c2311-P-2620,152.0,0.0,0.0,0.0,10,172.0,179.0,20,152.0,0.0,0.0,0.0,0.0,0.0,158
2023-05-11 10:56:11,c2311-P-2620,c2311-P-2620,152.0,0.0,0.0,0.0,10,172.0,179.0,10,152.0,0.0,0.0,0.0,0.0,0.0,158
2023-05-11 10:56:51,c2311-P-2620,c2311-P-2620,152.0,0.0,0.0,0.0,10,172.0,180.5,10,152.0,0.0,0.0,0.0,0.0,0.0,158
2023-05-11 10:56:51,c2311-P-2620,c2311-P-2620,152.0,0.0,0.0,0.0,10,172.0,180.0,10,152.0,0.0,0.0,0.0,0.0,0.0,158
2023-05-11 11:04:43,c2311-P-2620,c2311-P-2620,152.0,0.0,0.0,0.0,10,172.0,179.5,10,152.0,0.0,0.0,0.0,0.0,0.0,158
2023-05-11 11:04:44,c2311-P-2620,c2311-P-2620,152.0,0.0,0.0,0.0,10,172.0,179.0,10,152.0,0.0,0.0,0.0,0.0,0.0,158
2023-05-11 11:04:44,c2311-P-2620,c2311-P-2620,152.0,0.0,0.0,0.0,10,172.0,179.0,20,152.0,0.0,0.0,0.0,0.0,0.0,158
2023-05-11 11:07:45,c2311-P-2620,c2311-P-2620,152.0,0.0,0.0,0.0,10,172.0,179.0,10,152.0,0.0,0.0,0.0,0.0,0.0,158
2023-05-11 11:07:55,c2311-P-2620,c2311-P-2620,152.0,0.0,0.0,0.0,10,172.0,178.5,10,152.0,0.0,0.0,0.0,0.0,0.0,158
2023-05-11 11:07:56,c2311-P-2620,c2311-P-2620,152.0,0.0,0.0,0.0,10,172.0,178.0,10,152.0,0.0,0.0,0.0,0.0,0.0,158
2023-05-11 11:07:56,c2311-P-2620,c2311-P-2620,152.0,0.0,0.0,0.0,10,172.0,178.0,20,152.0,0.0,0.0,0.0,0.0,0.0,158
2023-05-11 11:08:27,c2311-P-2620,c2311-P-2620,152.0,0.0,0.0,0.0,10,172.0,178.0,10,152.0,0.0,0.0,0.0,0.0,0.0,158
2023-05-11 11:09:06,c2311-P-2620,c2311-P-2620,152.0,0.0,0.0,0.0,10,172.0,178.0,20,152.0,0.0,0.0,0.0,0.0,0.0,158
2023-05-11 11:13:15,c2311-P-2620,c2311-P-2620,152.0,0.0,0.0,0.0,10,172.0,178.0,21,152.0,0.0,0.0,0.0,0.0,0.0,158
2023-05-11 11:13:15,c2311-P-2620,c2311-P-2620,152.0,0.0,0.0,0.0,10,172.0,178.0,11,152.0,0.0,0.0,0.0,0.0,0.0,158
2023-05-11 11:13:16,c2311-P-2620,c2311-P-2620,152.0,0.0,0.0,0.0,1,62.0,178.0,11,152.0,0.0,0.0,0.0,0.0,0.0,158
2023-05-11 11:13:17,c2311-P-2620,c2311-P-2620,152.0,0.0,0.0,0.0,1,63.5,178.0,11,152.0,0.0,0.0,0.0,0.0,0.0,158
2023-05-11 11:13:17,c2311-P-2620,c2311-P-2620,152.0,0.0,0.0,0.0,1,123.5,178.0,11,152.0,0.0,0.0,0.0,0.0,0.0,158
2023-05-11 11:13:18,c2311-P-2620,c2311-P-2620,152.0,0.0,0.0,0.0,1,146.0,178.0,11,152.0,0.0,0.0,0.0,0.0,0.0,158
2023-05-11 11:13:18,c2311-P-2620,c2311-P-2620,152.0,0.0,0.0,0.0,10,146.5,178.0,11,152.0,0.0,0.0,0.0,0.0,0.0,158
2023-05-11 11:13:19,c2311-P-2620,c2311-P-2620,152.0,0.0,0.0,0.0,1,167.5,178.0,11,152.0,0.0,0.0,0.0,0.0,0.0,158
2023-05-11 11:13:19,c2311-P-2620,c2311-P-2620,152.0,0.0,0.0,0.0,10,168.0,178.0,11,152.0,0.0,0.0,0.0,0.0,0.0,158
2023-05-11 11:15:00,c2311-P-2620,c2311-P-2620,152.0,0.0,0.0,0.0,10,168.0,175.0,1,152.0,0.0,0.0,0.0,0.0,0.0,158
2023-05-11 11:15:01,c2311-P-2620,c2311-P-2620,152.0,0.0,0.0,0.0,10,168.0,174.0,10,152.0,0.0,0.0,0.0,0.0,0.0,158
2023-05-11 11:15:01,c2311-P-2620,c2311-P-2620,152.0,0.0,0.0,0.0,10,168.0,173.5,10,152.0,0.0,0.0,0.0,0.0,0.0,158
2023-05-11 11:16:24,c2311-P-2620,c2311-P-2620,152.0,0.0,0.0,0.0,10,168.0,174.5,10,152.0,0.0,0.0,0.0,0.0,0.0,158
2023-05-11 11:19:05,c2311-P-2620,c2311-P-2620,152.0,0.0,0.0,0.0,10,168.0,174.5,20,152.0,0.0,0.0,0.0,0.0,0.0,158
2023-05-11 11:24:00,c2311-P-2620,c2311-P-2620,152.0,0.0,0.0,0.0,10,168.0,174.5,10,152.0,0.0,0.0,0.0,0.0,0.0,158
2023-05-11 11:26:01,c2311-P-2620,c2311-P-2620,152.0,0.0,0.0,0.0,10,168.0,175.0,1,152.0,0.0,0.0,0.0,0.0,0.0,158
2023-05-11 11:26:01,c2311-P-2620,c2311-P-2620,152.0,0.0,0.0,0.0,10,168.0,175.0,11,152.0,0.0,0.0,0.0,0.0,0.0,158
2023-05-11 11:29:17,c2311-P-2620,c2311-P-2620,152.0,0.0,0.0,0.0,10,168.0,175.0,1,152.0,0.0,0.0,0.0,0.0,0.0,158
2023-05-11 11:29:19,c2311-P-2620,c2311-P-2620,152.0,0.0,0.0,0.0,10,168.0,175.0,11,152.0,0.0,0.0,0.0,0.0,0.0,158
2023-05-11 11:29:33,c2311-P-2620,c2311-P-2620,152.0,0.0,0.0,0.0,1,167.5,175.0,1,152.0,0.0,0.0,0.0,0.0,0.0,158
2023-05-11 11:29:39,c2311-P-2620,c2311-P-2620,152.0,0.0,0.0,0.0,1,123.5,175.0,1,152.0,0.0,0.0,0.0,0.0,0.0,158
2023-05-11 13:30:02,c2311-P-2620,c2311-P-2620,152.0,0.0,0.0,0.0,10,124.0,175.0,1,152.0,0.0,0.0,0.0,0.0,0.0,158
2023-05-11 13:30:02,c2311-P-2620,c2311-P-2620,152.0,0.0,0.0,0.0,1,136.5,175.0,1,152.0,0.0,0.0,0.0,0.0,0.0,158
2023-05-11 13:30:03,c2311-P-2620,c2311-P-2620,152.0,0.0,0.0,0.0,10,137.0,175.0,1,152.0,0.0,0.0,0.0,0.0,0.0,158
2023-05-11 13:30:03,c2311-P-2620,c2311-P-2620,152.0,0.0,0.0,0.0,1,149.5,175.0,1,152.0,0.0,0.0,0.0,0.0,0.0,158
2023-05-11 13:30:04,c2311-P-2620,c2311-P-2620,152.0,0.0,0.0,0.0,10,150.0,175.0,1,152.0,0.0,0.0,0.0,0.0,0.0,158
2023-05-11 13:30:04,c2311-P-2620,c2311-P-2620,152.0,0.0,0.0,0.0,1,162.5,175.0,1,152.0,0.0,0.0,0.0,0.0,0.0,158
2023-05-11 13:30:10,c2311-P-2620,c2311-P-2620,152.0,0.0,0.0,0.0,10,121.0,175.0,1,152.0,0.0,0.0,0.0,0.0,0.0,158
2023-05-11 13:30:10,c2311-P-2620,c2311-P-2620,152.0,0.0,0.0,0.0,1,133.5,175.0,1,152.0,0.0,0.0,0.0,0.0,0.0,158
2023-05-11 13:30:11,c2311-P-2620,c2311-P-2620,152.0,0.0,0.0,0.0,1,146.5,175.0,1,152.0,0.0,0.0,0.0,0.0,0.0,158
2023-05-11 13:30:11,c2311-P-2620,c2311-P-2620,152.0,0.0,0.0,0.0,10,147.0,175.0,1,152.0,0.0,0.0,0.0,0.0,0.0,158
2023-05-11 13:30:12,c2311-P-2620,c2311-P-2620,152.0,0.0,0.0,0.0,1,159.5,175.0,1,152.0,0.0,0.0,0.0,0.0,0.0,158
2023-05-11 13:30:12,c2311-P-2620,c2311-P-2620,152.0,0.0,0.0,0.0,1,163.5,175.0,1,152.0,0.0,0.0,0.0,0.0,0.0,158
2023-05-11 13:30:19,c2311-P-2620,c2311-P-2620,152.0,0.0,0.0,0.0,10,121.0,175.0,1,152.0,0.0,0.0,0.0,0.0,0.0,158
2023-05-11 13:30:19,c2311-P-2620,c2311-P-2620,152.0,0.0,0.0,0.0,1,133.5,175.0,1,152.0,0.0,0.0,0.0,0.0,0.0,158
2023-05-11 13:30:20,c2311-P-2620,c2311-P-2620,152.0,0.0,0.0,0.0,1,146.5,175.0,1,152.0,0.0,0.0,0.0,0.0,0.0,158
2023-05-11 13:30:20,c2311-P-2620,c2311-P-2620,152.0,0.0,0.0,0.0,10,147.0,175.0,1,152.0,0.0,0.0,0.0,0.0,0.0,158
2023-05-11 13:30:21,c2311-P-2620,c2311-P-2620,152.0,0.0,0.0,0.0,1,159.5,175.0,1,152.0,0.0,0.0,0.0,0.0,0.0,158
2023-05-11 13:30:21,c2311-P-2620,c2311-P-2620,152.0,0.0,0.0,0.0,1,164.0,175.0,1,152.0,0.0,0.0,0.0,0.0,0.0,158
2023-05-11 13:30:29,c2311-P-2620,c2311-P-2620,152.0,0.0,0.0,0.0,10,121.0,175.0,1,152.0,0.0,0.0,0.0,0.0,0.0,158
2023-05-11 13:30:29,c2311-P-2620,c2311-P-2620,152.0,0.0,0.0,0.0,1,133.5,175.0,1,152.0,0.0,0.0,0.0,0.0,0.0,158
2023-05-11 13:30:30,c2311-P-2620,c2311-P-2620,152.0,0.0,0.0,0.0,1,146.5,175.0,1,152.0,0.0,0.0,0.0,0.0,0.0,158
2023-05-11 13:30:31,c2311-P-2620,c2311-P-2620,152.0,0.0,0.0,0.0,10,147.0,175.0,1,152.0,0.0,0.0,0.0,0.0,0.0,158
2023-05-11 13:30:32,c2311-P-2620,c2311-P-2620,152.0,0.0,0.0,0.0,1,159.5,175.0,1,152.0,0.0,0.0,0.0,0.0,0.0,158
2023-05-11 13:30:32,c2311-P-2620,c2311-P-2620,152.0,0.0,0.0,0.0,1,164.5,175.0,1,152.0,0.0,0.0,0.0,0.0,0.0,158
2023-05-11 13:30:38,c2311-P-2620,c2311-P-2620,152.0,0.0,0.0,0.0,10,121.5,175.0,1,152.0,0.0,0.0,0.0,0.0,0.0,158
2023-05-11 13:30:39,c2311-P-2620,c2311-P-2620,152.0,0.0,0.0,0.0,1,134.0,175.0,1,152.0,0.0,0.0,0.0,0.0,0.0,158
2023-05-11 13:30:39,c2311-P-2620,c2311-P-2620,152.0,0.0,0.0,0.0,1,148.0,175.0,1,152.0,0.0,0.0,0.0,0.0,0.0,158
2023-05-11 13:30:40,c2311-P-2620,c2311-P-2620,152.0,0.0,0.0,0.0,1,161.0,175.0,1,152.0,0.0,0.0,0.0,0.0,0.0,158
2023-05-11 13:32:51,c2311-P-2620,c2311-P-2620,152.0,0.0,0.0,0.0,10,161.5,174.5,10,152.0,0.0,0.0,0.0,0.0,0.0,158
2023-05-11 13:33:18,c2311-P-2620,c2311-P-2620,152.0,0.0,0.0,0.0,1,164.5,174.5,10,152.0,0.0,0.0,0.0,0.0,0.0,158
2023-05-11 13:33:19,c2311-P-2620,c2311-P-2620,152.0,0.0,0.0,0.0,10,165.0,174.5,10,152.0,0.0,0.0,0.0,0.0,0.0,158
2023-05-11 13:37:00,c2311-P-2620,c2311-P-2620,152.0,0.0,0.0,0.0,10,165.0,175.0,11,152.0,0.0,0.0,0.0,0.0,0.0,158
2023-05-11 13:38:07,c2311-P-2620,c2311-P-2620,152.0,0.0,0.0,0.0,10,165.0,175.0,1,152.0,0.0,0.0,0.0,0.0,0.0,158
2023-05-11 13:38:12,c2311-P-2620,c2311-P-2620,152.0,0.0,0.0,0.0,10,165.0,179.0,10,152.0,0.0,0.0,0.0,0.0,0.0,158
2023-05-11 13:40:33,c2311-P-2620,c2311-P-2620,152.0,0.0,0.0,0.0,1,168.0,179.0,10,152.0,0.0,0.0,0.0,0.0,0.0,158
2023-05-11 13:40:33,c2311-P-2620,c2311-P-2620,152.0,0.0,0.0,0.0,10,168.5,179.0,10,152.0,0.0,0.0,0.0,0.0,0.0,158
2023-05-11 14:00:07,c2311-P-2620,c2311-P-2620,152.0,0.0,0.0,0.0,10,168.5,179.5,1,152.0,0.0,0.0,0.0,0.0,0.0,158
2023-05-11 14:00:07,c2311-P-2620,c2311-P-2620,152.0,0.0,0.0,0.0,10,168.5,179.5,11,152.0,0.0,0.0,0.0,0.0,0.0,158
2023-05-11 14:00:33,c2311-P-2620,c2311-P-2620,152.0,0.0,0.0,0.0,1,171.5,179.5,11,152.0,0.0,0.0,0.0,0.0,0.0,158
2023-05-11 14:00:33,c2311-P-2620,c2311-P-2620,152.0,0.0,0.0,0.0,10,172.0,179.5,11,152.0,0.0,0.0,0.0,0.0,0.0,158
2023-05-11 14:01:18,c2311-P-2620,c2311-P-2620,152.0,0.0,0.0,0.0,10,172.0,179.5,1,152.0,0.0,0.0,0.0,0.0,0.0,158
2023-05-11 14:02:01,c2311-P-2620,c2311-P-2620,152.0,0.0,0.0,0.0,10,172.0,183.5,10,152.0,0.0,0.0,0.0,0.0,0.0,158
2023-05-11 14:59:02,c2311-P-2620,c2311-P-2620,152.0,0.0,0.0,0.0,1,171.5,184.0,1,152.0,0.0,0.0,0.0,0.0,0.0,158
2023-05-11 14:59:05,c2311-P-2620,c2311-P-2620,152.0,0.0,0.0,0.0,10,172.0,183.5,10,152.0,0.0,0.0,0.0,0.0,0.0,158
2023-05-11 14:59:10,c2311-P-2620,c2311-P-2620,152.0,0.0,0.0,0.0,1,171.5,184.0,1,152.0,0.0,0.0,0.0,0.0,0.0,158
2023-05-11 14:59:19,c2311-P-2620,c2311-P-2620,152.0,0.0,0.0,0.0,1,134.5,184.0,1,152.0,0.0,0.0,0.0,0.0,0.0,158
2023-05-11 14:59:20,c2311-P-2620,c2311-P-2620,152.0,0.0,0.0,0.0,2,142.5,184.0,1,152.0,0.0,0.0,0.0,0.0,0.0,158
2023-05-11 14:59:20,c2311-P-2620,c2311-P-2620,152.0,0.0,0.0,0.0,1,155.0,184.0,1,152.0,0.0,0.0,0.0,0.0,0.0,158
2023-05-11 14:59:22,c2311-P-2620,c2311-P-2620,152.0,0.0,0.0,0.0,1,168.0,184.0,1,152.0,0.0,0.0,0.0,0.0,0.0,158
2023-05-11 14:59:28,c2311-P-2620,c2311-P-2620,152.0,0.0,0.0,0.0,1,134.5,184.0,1,152.0,0.0,0.0,0.0,0.0,0.0,158
2023-05-11 15:01:10,c2311-P-2620,c2311-P-2620,152.0,0.0,0.0,0.0,1,134.5,184.0,1,152.0,0.0,0.0,0.0,0.0,0.0,158
