time,symbol_id,symbol_name,last,trade_volume,trade_amount,open_interest_change,bv1,bp1,ap1,av1,yesterday_close,today_open,today_high,today_low,volume,amount,open_interest
2023-05-10 20:55:34,c2311-C-2520,c2311-C-2520,72.0,0.0,0.0,0.0,1,0.5,0.0,0,72.0,65.0,0.0,0.0,0.0,0.0,307
2023-05-10 21:00:00,c2311-C-2520,c2311-C-2520,72.0,0.0,0.0,0.0,10,24.0,118.0,10,72.0,65.0,0.0,0.0,0.0,0.0,307
2023-05-10 21:00:02,c2311-C-2520,c2311-C-2520,72.0,0.0,0.0,0.0,1,36.5,105.5,1,72.0,65.0,0.0,0.0,0.0,0.0,307
2023-05-10 21:00:02,c2311-C-2520,c2311-C-2520,72.0,0.0,0.0,0.0,10,39.5,102.5,10,72.0,65.0,0.0,0.0,0.0,0.0,307
2023-05-10 21:00:04,c2311-C-2520,c2311-C-2520,72.0,0.0,0.0,0.0,10,55.0,87.0,10,72.0,65.0,0.0,0.0,0.0,0.0,307
2023-05-10 21:00:05,c2311-C-2520,c2311-C-2520,72.0,0.0,0.0,0.0,1,65.5,76.5,1,72.0,65.0,0.0,0.0,0.0,0.0,307
2023-05-10 21:00:07,c2311-C-2520,c2311-C-2520,72.0,0.0,0.0,0.0,10,66.0,76.5,1,72.0,65.0,0.0,0.0,0.0,0.0,307
2023-05-10 21:00:26,c2311-C-2520,c2311-C-2520,72.0,0.0,0.0,0.0,10,66.0,76.0,10,72.0,65.0,0.0,0.0,0.0,0.0,307
2023-05-10 21:00:32,c2311-C-2520,c2311-C-2520,72.0,0.0,0.0,0.0,11,65.5,76.0,10,72.0,65.0,0.0,0.0,0.0,0.0,307
2023-05-10 21:00:46,c2311-C-2520,c2311-C-2520,72.0,0.0,0.0,0.0,10,69.0,71.5,10,72.0,65.0,0.0,0.0,0.0,0.0,307
2023-05-10 21:00:49,c2311-C-2520,c2311-C-2520,72.0,0.0,0.0,0.0,10,68.5,71.5,10,72.0,65.0,0.0,0.0,0.0,0.0,307
2023-05-10 21:00:50,c2311-C-2520,c2311-C-2520,72.0,0.0,0.0,0.0,10,69.0,71.5,10,72.0,65.0,0.0,0.0,0.0,0.0,307
2023-05-10 21:01:00,c2311-C-2520,c2311-C-2520,72.0,0.0,0.0,0.0,10,68.5,71.0,10,72.0,65.0,0.0,0.0,0.0,0.0,307
2023-05-10 21:01:03,c2311-C-2520,c2311-C-2520,72.0,0.0,0.0,0.0,10,68.0,70.5,10,72.0,65.0,0.0,0.0,0.0,0.0,307
2023-05-10 21:01:10,c2311-C-2520,c2311-C-2520,72.0,0.0,0.0,0.0,10,67.5,70.0,10,72.0,65.0,0.0,0.0,0.0,0.0,307
2023-05-10 21:01:13,c2311-C-2520,c2311-C-2520,72.0,0.0,0.0,0.0,10,67.0,69.5,10,72.0,65.0,0.0,0.0,0.0,0.0,307
2023-05-10 21:01:15,c2311-C-2520,c2311-C-2520,72.0,0.0,0.0,0.0,10,67.0,70.0,10,72.0,65.0,0.0,0.0,0.0,0.0,307
2023-05-10 21:01:15,c2311-C-2520,c2311-C-2520,72.0,0.0,0.0,0.0,10,67.5,70.0,10,72.0,65.0,0.0,0.0,0.0,0.0,307
2023-05-10 21:01:21,c2311-C-2520,c2311-C-2520,72.0,0.0,0.0,0.0,10,67.0,69.5,10,72.0,65.0,0.0,0.0,0.0,0.0,307
2023-05-10 21:01:29,c2311-C-2520,c2311-C-2520,72.0,0.0,0.0,0.0,10,67.0,69.0,10,72.0,65.0,0.0,0.0,0.0,0.0,307
2023-05-10 21:01:29,c2311-C-2520,c2311-C-2520,72.0,0.0,0.0,0.0,10,66.5,68.5,10,72.0,65.0,0.0,0.0,0.0,0.0,307
2023-05-10 21:01:33,c2311-C-2520,c2311-C-2520,72.0,0.0,0.0,0.0,10,67.0,69.0,10,72.0,65.0,0.0,0.0,0.0,0.0,307
2023-05-10 21:01:33,c2311-C-2520,c2311-C-2520,72.0,0.0,0.0,0.0,10,67.5,69.5,10,72.0,65.0,0.0,0.0,0.0,0.0,307
2023-05-10 21:01:39,c2311-C-2520,c2311-C-2520,72.0,0.0,0.0,0.0,10,68.0,70.0,10,72.0,65.0,0.0,0.0,0.0,0.0,307
2023-05-10 21:01:41,c2311-C-2520,c2311-C-2520,72.0,0.0,0.0,0.0,10,68.0,70.5,10,72.0,65.0,0.0,0.0,0.0,0.0,307
2023-05-10 21:01:42,c2311-C-2520,c2311-C-2520,72.0,0.0,0.0,0.0,10,68.0,70.0,10,72.0,65.0,0.0,0.0,0.0,0.0,307
2023-05-10 21:01:44,c2311-C-2520,c2311-C-2520,72.0,0.0,0.0,0.0,10,67.5,69.5,10,72.0,65.0,0.0,0.0,0.0,0.0,307
2023-05-10 21:01:46,c2311-C-2520,c2311-C-2520,72.0,0.0,0.0,0.0,10,68.0,70.5,10,72.0,65.0,0.0,0.0,0.0,0.0,307
2023-05-10 21:01:51,c2311-C-2520,c2311-C-2520,72.0,0.0,0.0,0.0,10,68.5,71.0,10,72.0,65.0,0.0,0.0,0.0,0.0,307
2023-05-10 21:02:00,c2311-C-2520,c2311-C-2520,72.0,0.0,0.0,0.0,10,68.0,70.5,10,72.0,65.0,0.0,0.0,0.0,0.0,307
2023-05-10 21:02:05,c2311-C-2520,c2311-C-2520,72.0,0.0,0.0,0.0,10,67.5,70.0,10,72.0,65.0,0.0,0.0,0.0,0.0,307
2023-05-10 21:02:11,c2311-C-2520,c2311-C-2520,72.0,0.0,0.0,0.0,1,65.5,73.5,1,72.0,65.0,0.0,0.0,0.0,0.0,307
2023-05-10 21:02:11,c2311-C-2520,c2311-C-2520,72.0,0.0,0.0,0.0,1,65.5,73.0,10,72.0,65.0,0.0,0.0,0.0,0.0,307
2023-05-10 21:02:35,c2311-C-2520,c2311-C-2520,72.0,0.0,0.0,0.0,10,66.5,68.5,10,72.0,65.0,0.0,0.0,0.0,0.0,307
2023-05-10 21:02:39,c2311-C-2520,c2311-C-2520,72.0,0.0,0.0,0.0,10,66.0,68.0,10,72.0,65.0,0.0,0.0,0.0,0.0,307
2023-05-10 21:02:43,c2311-C-2520,c2311-C-2520,72.0,0.0,0.0,0.0,11,65.5,68.0,10,72.0,65.0,0.0,0.0,0.0,0.0,307
2023-05-10 21:02:46,c2311-C-2520,c2311-C-2520,72.0,0.0,0.0,0.0,10,65.5,68.0,10,72.0,65.0,0.0,0.0,0.0,0.0,307
2023-05-10 21:03:04,c2311-C-2520,c2311-C-2520,72.0,0.0,0.0,0.0,10,66.0,68.0,10,72.0,65.0,0.0,0.0,0.0,0.0,307
2023-05-10 21:03:05,c2311-C-2520,c2311-C-2520,72.0,0.0,0.0,0.0,10,65.5,68.0,10,72.0,65.0,0.0,0.0,0.0,0.0,307
2023-05-10 21:03:10,c2311-C-2520,c2311-C-2520,72.0,0.0,0.0,0.0,10,66.0,68.0,10,72.0,65.0,0.0,0.0,0.0,0.0,307
2023-05-10 21:03:14,c2311-C-2520,c2311-C-2520,72.0,0.0,0.0,0.0,10,65.5,68.0,10,72.0,65.0,0.0,0.0,0.0,0.0,307
2023-05-10 21:03:15,c2311-C-2520,c2311-C-2520,72.0,0.0,0.0,0.0,10,66.0,68.0,10,72.0,65.0,0.0,0.0,0.0,0.0,307
2023-05-10 21:03:21,c2311-C-2520,c2311-C-2520,72.0,0.0,0.0,0.0,10,66.5,68.5,10,72.0,65.0,0.0,0.0,0.0,0.0,307
2023-05-10 21:03:22,c2311-C-2520,c2311-C-2520,72.0,0.0,0.0,0.0,10,66.0,68.5,10,72.0,65.0,0.0,0.0,0.0,0.0,307
2023-05-10 21:03:22,c2311-C-2520,c2311-C-2520,72.0,0.0,0.0,0.0,10,66.5,68.5,10,72.0,65.0,0.0,0.0,0.0,0.0,307
2023-05-10 21:03:24,c2311-C-2520,c2311-C-2520,72.0,0.0,0.0,0.0,20,66.5,68.5,20,72.0,65.0,0.0,0.0,0.0,0.0,307
2023-05-10 21:03:27,c2311-C-2520,c2311-C-2520,72.0,0.0,0.0,0.0,20,66.0,68.5,20,72.0,65.0,0.0,0.0,0.0,0.0,307
2023-05-10 21:03:40,c2311-C-2520,c2311-C-2520,72.0,0.0,0.0,0.0,20,66.0,68.5,30,72.0,65.0,0.0,0.0,0.0,0.0,307
2023-05-10 21:03:44,c2311-C-2520,c2311-C-2520,72.0,0.0,0.0,0.0,30,65.5,68.0,20,72.0,65.0,0.0,0.0,0.0,0.0,307
2023-05-10 21:03:45,c2311-C-2520,c2311-C-2520,72.0,0.0,0.0,0.0,20,65.5,68.0,30,72.0,65.0,0.0,0.0,0.0,0.0,307
2023-05-10 21:04:03,c2311-C-2520,c2311-C-2520,72.0,0.0,0.0,0.0,10,65.5,67.5,10,72.0,65.0,0.0,0.0,0.0,0.0,307
2023-05-10 21:04:03,c2311-C-2520,c2311-C-2520,72.0,0.0,0.0,0.0,30,65.0,67.5,20,72.0,65.0,0.0,0.0,0.0,0.0,307
2023-05-10 21:04:06,c2311-C-2520,c2311-C-2520,72.0,0.0,0.0,0.0,30,65.0,67.5,30,72.0,65.0,0.0,0.0,0.0,0.0,307
2023-05-10 21:04:14,c2311-C-2520,c2311-C-2520,72.0,0.0,0.0,0.0,10,65.5,67.5,20,72.0,65.0,0.0,0.0,0.0,0.0,307
2023-05-10 21:04:18,c2311-C-2520,c2311-C-2520,72.0,0.0,0.0,0.0,20,65.5,67.5,10,72.0,65.0,0.0,0.0,0.0,0.0,307
2023-05-10 21:04:18,c2311-C-2520,c2311-C-2520,72.0,0.0,0.0,0.0,30,65.5,68.0,20,72.0,65.0,0.0,0.0,0.0,0.0,307
2023-05-10 21:04:19,c2311-C-2520,c2311-C-2520,72.0,0.0,0.0,0.0,20,66.0,68.5,30,72.0,65.0,0.0,0.0,0.0,0.0,307
2023-05-10 21:04:24,c2311-C-2520,c2311-C-2520,72.0,0.0,0.0,0.0,20,65.5,68.0,10,72.0,65.0,0.0,0.0,0.0,0.0,307
2023-05-10 21:04:25,c2311-C-2520,c2311-C-2520,72.0,0.0,0.0,0.0,20,65.5,68.0,20,72.0,65.0,0.0,0.0,0.0,0.0,307
2023-05-10 21:04:26,c2311-C-2520,c2311-C-2520,72.0,0.0,0.0,0.0,10,66.0,68.5,30,72.0,65.0,0.0,0.0,0.0,0.0,307
2023-05-10 21:04:32,c2311-C-2520,c2311-C-2520,72.0,0.0,0.0,0.0,20,65.5,68.0,20,72.0,65.0,0.0,0.0,0.0,0.0,307
2023-05-10 21:04:42,c2311-C-2520,c2311-C-2520,72.0,0.0,0.0,0.0,30,65.0,67.5,10,72.0,65.0,0.0,0.0,0.0,0.0,307
2023-05-10 21:04:43,c2311-C-2520,c2311-C-2520,72.0,0.0,0.0,0.0,30,65.0,67.5,20,72.0,65.0,0.0,0.0,0.0,0.0,307
2023-05-10 21:04:50,c2311-C-2520,c2311-C-2520,72.0,0.0,0.0,0.0,30,64.5,67.0,20,72.0,65.0,0.0,0.0,0.0,0.0,307
2023-05-10 21:05:00,c2311-C-2520,c2311-C-2520,72.0,0.0,0.0,0.0,10,65.0,67.0,10,72.0,65.0,0.0,0.0,0.0,0.0,307
2023-05-10 21:05:00,c2311-C-2520,c2311-C-2520,72.0,0.0,0.0,0.0,20,65.0,67.5,30,72.0,65.0,0.0,0.0,0.0,0.0,307
2023-05-10 21:05:03,c2311-C-2520,c2311-C-2520,72.0,0.0,0.0,0.0,10,65.5,67.5,20,72.0,65.0,0.0,0.0,0.0,0.0,307
2023-05-10 21:05:05,c2311-C-2520,c2311-C-2520,72.0,0.0,0.0,0.0,20,65.0,67.5,30,72.0,65.0,0.0,0.0,0.0,0.0,307
2023-05-10 21:05:33,c2311-C-2520,c2311-C-2520,72.0,0.0,0.0,0.0,20,65.0,67.0,10,72.0,65.0,0.0,0.0,0.0,0.0,307
2023-05-10 21:05:34,c2311-C-2520,c2311-C-2520,72.0,0.0,0.0,0.0,20,65.0,67.5,30,72.0,65.0,0.0,0.0,0.0,0.0,307
2023-05-10 21:05:41,c2311-C-2520,c2311-C-2520,72.0,0.0,0.0,0.0,10,65.5,67.5,20,72.0,65.0,0.0,0.0,0.0,0.0,307
2023-05-10 21:05:42,c2311-C-2520,c2311-C-2520,72.0,0.0,0.0,0.0,20,65.5,68.0,20,72.0,65.0,0.0,0.0,0.0,0.0,307
2023-05-10 21:05:42,c2311-C-2520,c2311-C-2520,72.0,0.0,0.0,0.0,20,65.5,68.0,30,72.0,65.0,0.0,0.0,0.0,0.0,307
2023-05-10 21:05:47,c2311-C-2520,c2311-C-2520,72.0,0.0,0.0,0.0,30,65.5,68.0,40,72.0,65.0,0.0,0.0,0.0,0.0,307
2023-05-10 21:06:12,c2311-C-2520,c2311-C-2520,72.0,0.0,0.0,0.0,30,65.5,67.5,30,72.0,65.0,0.0,0.0,0.0,0.0,307
2023-05-10 21:06:18,c2311-C-2520,c2311-C-2520,72.0,0.0,0.0,0.0,30,65.5,67.5,20,72.0,65.0,0.0,0.0,0.0,0.0,307
2023-05-10 21:06:18,c2311-C-2520,c2311-C-2520,72.0,0.0,0.0,0.0,30,65.5,67.5,30,72.0,65.0,0.0,0.0,0.0,0.0,307
2023-05-10 21:06:31,c2311-C-2520,c2311-C-2520,72.0,0.0,0.0,0.0,10,65.5,67.0,10,72.0,65.0,0.0,0.0,0.0,0.0,307
2023-05-10 21:06:32,c2311-C-2520,c2311-C-2520,72.0,0.0,0.0,0.0,20,65.0,67.0,20,72.0,65.0,0.0,0.0,0.0,0.0,307
2023-05-10 21:06:36,c2311-C-2520,c2311-C-2520,72.0,0.0,0.0,0.0,10,65.5,67.0,10,72.0,65.0,0.0,0.0,0.0,0.0,307
2023-05-10 21:06:36,c2311-C-2520,c2311-C-2520,72.0,0.0,0.0,0.0,20,65.5,67.0,20,72.0,65.0,0.0,0.0,0.0,0.0,307
2023-05-10 21:06:37,c2311-C-2520,c2311-C-2520,72.0,0.0,0.0,0.0,20,65.5,67.0,30,72.0,65.0,0.0,0.0,0.0,0.0,307
2023-05-10 21:06:37,c2311-C-2520,c2311-C-2520,72.0,0.0,0.0,0.0,20,65.5,67.0,20,72.0,65.0,0.0,0.0,0.0,0.0,307
2023-05-10 21:06:38,c2311-C-2520,c2311-C-2520,72.0,0.0,0.0,0.0,20,65.5,67.0,10,72.0,65.0,0.0,0.0,0.0,0.0,307
2023-05-10 21:06:38,c2311-C-2520,c2311-C-2520,72.0,0.0,0.0,0.0,20,65.5,67.5,40,72.0,65.0,0.0,0.0,0.0,0.0,307
2023-05-10 21:06:45,c2311-C-2520,c2311-C-2520,72.0,0.0,0.0,0.0,10,65.5,67.0,20,72.0,65.0,0.0,0.0,0.0,0.0,307
2023-05-10 21:06:48,c2311-C-2520,c2311-C-2520,72.0,0.0,0.0,0.0,10,65.5,67.0,40,72.0,65.0,0.0,0.0,0.0,0.0,307
2023-05-10 21:06:50,c2311-C-2520,c2311-C-2520,72.0,0.0,0.0,0.0,30,65.0,67.0,40,72.0,65.0,0.0,0.0,0.0,0.0,307
2023-05-10 21:07:10,c2311-C-2520,c2311-C-2520,72.0,0.0,0.0,0.0,20,65.0,67.0,60,72.0,65.0,0.0,0.0,0.0,0.0,307
2023-05-10 21:07:10,c2311-C-2520,c2311-C-2520,72.0,0.0,0.0,0.0,20,65.0,66.5,10,72.0,65.0,0.0,0.0,0.0,0.0,307
2023-05-10 21:07:11,c2311-C-2520,c2311-C-2520,72.0,0.0,0.0,0.0,10,65.0,66.5,30,72.0,65.0,0.0,0.0,0.0,0.0,307
2023-05-10 21:07:11,c2311-C-2520,c2311-C-2520,72.0,0.0,0.0,0.0,10,65.0,66.5,40,72.0,65.0,0.0,0.0,0.0,0.0,307
2023-05-10 21:07:12,c2311-C-2520,c2311-C-2520,72.0,0.0,0.0,0.0,20,65.0,66.5,40,72.0,65.0,0.0,0.0,0.0,0.0,307
2023-05-10 21:07:14,c2311-C-2520,c2311-C-2520,72.0,0.0,0.0,0.0,10,65.0,66.0,10,72.0,65.0,0.0,0.0,0.0,0.0,307
2023-05-10 21:07:15,c2311-C-2520,c2311-C-2520,72.0,0.0,0.0,0.0,20,64.5,66.0,30,72.0,65.0,0.0,0.0,0.0,0.0,307
2023-05-10 21:07:15,c2311-C-2520,c2311-C-2520,72.0,0.0,0.0,0.0,20,64.5,66.0,40,72.0,65.0,0.0,0.0,0.0,0.0,307
2023-05-10 21:07:16,c2311-C-2520,c2311-C-2520,72.0,0.0,0.0,0.0,20,64.5,66.0,30,72.0,65.0,0.0,0.0,0.0,0.0,307
2023-05-10 21:07:18,c2311-C-2520,c2311-C-2520,72.0,0.0,0.0,0.0,20,64.5,66.0,40,72.0,65.0,0.0,0.0,0.0,0.0,307
2023-05-10 21:07:20,c2311-C-2520,c2311-C-2520,72.0,0.0,0.0,0.0,20,64.5,66.0,50,72.0,65.0,0.0,0.0,0.0,0.0,307
2023-05-10 21:07:21,c2311-C-2520,c2311-C-2520,72.0,0.0,0.0,0.0,20,64.5,66.0,40,72.0,65.0,0.0,0.0,0.0,0.0,307
2023-05-10 21:07:21,c2311-C-2520,c2311-C-2520,72.0,0.0,0.0,0.0,30,64.5,66.0,30,72.0,65.0,0.0,0.0,0.0,0.0,307
2023-05-10 21:07:23,c2311-C-2520,c2311-C-2520,72.0,0.0,0.0,0.0,30,64.5,66.0,20,72.0,65.0,0.0,0.0,0.0,0.0,307
2023-05-10 21:07:23,c2311-C-2520,c2311-C-2520,72.0,0.0,0.0,0.0,30,64.5,66.0,30,72.0,65.0,0.0,0.0,0.0,0.0,307
2023-05-10 21:07:24,c2311-C-2520,c2311-C-2520,72.0,0.0,0.0,0.0,30,64.5,66.0,20,72.0,65.0,0.0,0.0,0.0,0.0,307
2023-05-10 21:07:25,c2311-C-2520,c2311-C-2520,72.0,0.0,0.0,0.0,10,65.0,66.0,10,72.0,65.0,0.0,0.0,0.0,0.0,307
2023-05-10 21:07:25,c2311-C-2520,c2311-C-2520,72.0,0.0,0.0,0.0,10,65.0,66.5,40,72.0,65.0,0.0,0.0,0.0,0.0,307
2023-05-10 21:07:25,c2311-C-2520,c2311-C-2520,72.0,0.0,0.0,0.0,30,64.5,66.5,50,72.0,65.0,0.0,0.0,0.0,0.0,307
2023-05-10 21:07:26,c2311-C-2520,c2311-C-2520,72.0,0.0,0.0,0.0,20,64.5,66.0,10,72.0,65.0,0.0,0.0,0.0,0.0,307
2023-05-10 21:07:27,c2311-C-2520,c2311-C-2520,72.0,0.0,0.0,0.0,20,64.5,66.0,20,72.0,65.0,0.0,0.0,0.0,0.0,307
2023-05-10 21:07:27,c2311-C-2520,c2311-C-2520,72.0,0.0,0.0,0.0,20,64.5,66.0,30,72.0,65.0,0.0,0.0,0.0,0.0,307
2023-05-10 21:07:30,c2311-C-2520,c2311-C-2520,72.0,0.0,0.0,0.0,20,64.5,66.0,20,72.0,65.0,0.0,0.0,0.0,0.0,307
2023-05-10 21:07:31,c2311-C-2520,c2311-C-2520,72.0,0.0,0.0,0.0,30,64.5,66.5,50,72.0,65.0,0.0,0.0,0.0,0.0,307
2023-05-10 21:07:36,c2311-C-2520,c2311-C-2520,72.0,0.0,0.0,0.0,10,65.0,66.5,30,72.0,65.0,0.0,0.0,0.0,0.0,307
2023-05-10 21:07:36,c2311-C-2520,c2311-C-2520,72.0,0.0,0.0,0.0,40,65.0,67.0,50,72.0,65.0,0.0,0.0,0.0,0.0,307
2023-05-10 21:07:42,c2311-C-2520,c2311-C-2520,72.0,0.0,0.0,0.0,10,65.0,66.5,20,72.0,65.0,0.0,0.0,0.0,0.0,307
2023-05-10 21:07:42,c2311-C-2520,c2311-C-2520,72.0,0.0,0.0,0.0,10,65.0,66.5,40,72.0,65.0,0.0,0.0,0.0,0.0,307
2023-05-10 21:07:42,c2311-C-2520,c2311-C-2520,72.0,0.0,0.0,0.0,20,64.5,66.5,40,72.0,65.0,0.0,0.0,0.0,0.0,307
2023-05-10 21:07:46,c2311-C-2520,c2311-C-2520,72.0,0.0,0.0,0.0,20,64.5,66.0,20,72.0,65.0,0.0,0.0,0.0,0.0,307
2023-05-10 21:07:50,c2311-C-2520,c2311-C-2520,72.0,0.0,0.0,0.0,20,64.5,66.0,10,72.0,65.0,0.0,0.0,0.0,0.0,307
2023-05-10 21:07:51,c2311-C-2520,c2311-C-2520,72.0,0.0,0.0,0.0,20,64.5,66.5,50,72.0,65.0,0.0,0.0,0.0,0.0,307
2023-05-10 21:08:07,c2311-C-2520,c2311-C-2520,72.0,0.0,0.0,0.0,10,65.0,66.5,30,72.0,65.0,0.0,0.0,0.0,0.0,307
2023-05-10 21:08:07,c2311-C-2520,c2311-C-2520,72.0,0.0,0.0,0.0,20,65.0,66.5,30,72.0,65.0,0.0,0.0,0.0,0.0,307
2023-05-10 21:08:08,c2311-C-2520,c2311-C-2520,72.0,0.0,0.0,0.0,20,65.0,66.5,20,72.0,65.0,0.0,0.0,0.0,0.0,307
2023-05-10 21:08:12,c2311-C-2520,c2311-C-2520,72.0,0.0,0.0,0.0,20,65.0,66.5,30,72.0,65.0,0.0,0.0,0.0,0.0,307
2023-05-10 21:08:12,c2311-C-2520,c2311-C-2520,72.0,0.0,0.0,0.0,10,65.0,66.5,30,72.0,65.0,0.0,0.0,0.0,0.0,307
2023-05-10 21:08:14,c2311-C-2520,c2311-C-2520,72.0,0.0,0.0,0.0,20,65.0,66.5,30,72.0,65.0,0.0,0.0,0.0,0.0,307
2023-05-10 21:08:16,c2311-C-2520,c2311-C-2520,72.0,0.0,0.0,0.0,30,64.5,66.5,50,72.0,65.0,0.0,0.0,0.0,0.0,307
2023-05-10 21:08:16,c2311-C-2520,c2311-C-2520,72.0,0.0,0.0,0.0,30,64.5,66.0,10,72.0,65.0,0.0,0.0,0.0,0.0,307
2023-05-10 21:08:17,c2311-C-2520,c2311-C-2520,72.0,0.0,0.0,0.0,40,64.5,66.5,50,72.0,65.0,0.0,0.0,0.0,0.0,307
2023-05-10 21:08:35,c2311-C-2520,c2311-C-2520,72.0,0.0,0.0,0.0,40,64.5,66.0,10,72.0,65.0,0.0,0.0,0.0,0.0,307
2023-05-10 21:08:37,c2311-C-2520,c2311-C-2520,72.0,0.0,0.0,0.0,40,64.5,66.5,50,72.0,65.0,0.0,0.0,0.0,0.0,307
2023-05-10 21:08:37,c2311-C-2520,c2311-C-2520,72.0,0.0,0.0,0.0,40,64.5,66.0,10,72.0,65.0,0.0,0.0,0.0,0.0,307
2023-05-10 21:08:39,c2311-C-2520,c2311-C-2520,72.0,0.0,0.0,0.0,40,64.5,66.5,50,72.0,65.0,0.0,0.0,0.0,0.0,307
2023-05-10 21:08:39,c2311-C-2520,c2311-C-2520,72.0,0.0,0.0,0.0,40,64.5,66.0,10,72.0,65.0,0.0,0.0,0.0,0.0,307
2023-05-10 21:08:43,c2311-C-2520,c2311-C-2520,72.0,0.0,0.0,0.0,40,64.5,66.5,50,72.0,65.0,0.0,0.0,0.0,0.0,307
2023-05-10 21:08:53,c2311-C-2520,c2311-C-2520,72.0,0.0,0.0,0.0,20,64.5,66.0,10,72.0,65.0,0.0,0.0,0.0,0.0,307
2023-05-10 21:08:53,c2311-C-2520,c2311-C-2520,72.0,0.0,0.0,0.0,20,64.5,66.0,20,72.0,65.0,0.0,0.0,0.0,0.0,307
2023-05-10 21:08:56,c2311-C-2520,c2311-C-2520,72.0,0.0,0.0,0.0,20,64.5,66.0,30,72.0,65.0,0.0,0.0,0.0,0.0,307
2023-05-10 21:08:58,c2311-C-2520,c2311-C-2520,72.0,0.0,0.0,0.0,10,64.5,65.5,10,72.0,65.0,0.0,0.0,0.0,0.0,307
2023-05-10 21:08:58,c2311-C-2520,c2311-C-2520,72.0,0.0,0.0,0.0,10,64.5,66.0,30,72.0,65.0,0.0,0.0,0.0,0.0,307
2023-05-10 21:09:01,c2311-C-2520,c2311-C-2520,72.0,0.0,0.0,0.0,20,64.5,66.0,30,72.0,65.0,0.0,0.0,0.0,0.0,307
2023-05-10 21:09:16,c2311-C-2520,c2311-C-2520,72.0,0.0,0.0,0.0,10,64.5,66.0,50,72.0,65.0,0.0,0.0,0.0,0.0,307
2023-05-10 21:09:20,c2311-C-2520,c2311-C-2520,72.0,0.0,0.0,0.0,10,64.5,66.0,40,72.0,65.0,0.0,0.0,0.0,0.0,307
2023-05-10 21:09:20,c2311-C-2520,c2311-C-2520,72.0,0.0,0.0,0.0,20,64.5,66.0,30,72.0,65.0,0.0,0.0,0.0,0.0,307
2023-05-10 21:09:24,c2311-C-2520,c2311-C-2520,72.0,0.0,0.0,0.0,10,64.5,66.0,50,72.0,65.0,0.0,0.0,0.0,0.0,307
2023-05-10 21:09:27,c2311-C-2520,c2311-C-2520,72.0,0.0,0.0,0.0,20,64.5,66.0,50,72.0,65.0,0.0,0.0,0.0,0.0,307
2023-05-10 21:09:29,c2311-C-2520,c2311-C-2520,72.0,0.0,0.0,0.0,10,64.5,66.0,50,72.0,65.0,0.0,0.0,0.0,0.0,307
2023-05-10 21:09:30,c2311-C-2520,c2311-C-2520,72.0,0.0,0.0,0.0,20,64.5,66.0,50,72.0,65.0,0.0,0.0,0.0,0.0,307
2023-05-10 21:09:31,c2311-C-2520,c2311-C-2520,72.0,0.0,0.0,0.0,10,64.5,66.0,50,72.0,65.0,0.0,0.0,0.0,0.0,307
2023-05-10 21:09:34,c2311-C-2520,c2311-C-2520,72.0,0.0,0.0,0.0,20,64.5,66.0,50,72.0,65.0,0.0,0.0,0.0,0.0,307
2023-05-10 21:09:34,c2311-C-2520,c2311-C-2520,72.0,0.0,0.0,0.0,30,64.5,66.0,20,72.0,65.0,0.0,0.0,0.0,0.0,307
2023-05-10 21:09:36,c2311-C-2520,c2311-C-2520,72.0,0.0,0.0,0.0,30,64.5,66.0,30,72.0,65.0,0.0,0.0,0.0,0.0,307
2023-05-10 21:09:44,c2311-C-2520,c2311-C-2520,72.0,0.0,0.0,0.0,10,64.5,66.0,50,72.0,65.0,0.0,0.0,0.0,0.0,307
2023-05-10 21:09:47,c2311-C-2520,c2311-C-2520,72.0,0.0,0.0,0.0,20,64.5,66.0,50,72.0,65.0,0.0,0.0,0.0,0.0,307
2023-05-10 21:09:49,c2311-C-2520,c2311-C-2520,72.0,0.0,0.0,0.0,30,64.5,66.0,30,72.0,65.0,0.0,0.0,0.0,0.0,307
2023-05-10 21:09:59,c2311-C-2520,c2311-C-2520,72.0,0.0,0.0,0.0,20,64.5,66.0,30,72.0,65.0,0.0,0.0,0.0,0.0,307
2023-05-10 21:10:02,c2311-C-2520,c2311-C-2520,72.0,0.0,0.0,0.0,30,64.5,66.0,30,72.0,65.0,0.0,0.0,0.0,0.0,307
2023-05-10 21:10:03,c2311-C-2520,c2311-C-2520,72.0,0.0,0.0,0.0,20,64.5,66.0,30,72.0,65.0,0.0,0.0,0.0,0.0,307
2023-05-10 21:10:04,c2311-C-2520,c2311-C-2520,72.0,0.0,0.0,0.0,30,64.5,66.0,30,72.0,65.0,0.0,0.0,0.0,0.0,307
2023-05-10 21:10:10,c2311-C-2520,c2311-C-2520,72.0,0.0,0.0,0.0,30,64.5,66.0,20,72.0,65.0,0.0,0.0,0.0,0.0,307
2023-05-10 21:10:11,c2311-C-2520,c2311-C-2520,72.0,0.0,0.0,0.0,10,65.0,66.5,40,72.0,65.0,0.0,0.0,0.0,0.0,307
2023-05-10 21:10:11,c2311-C-2520,c2311-C-2520,72.0,0.0,0.0,0.0,30,64.5,66.5,50,72.0,65.0,0.0,0.0,0.0,0.0,307
2023-05-10 21:10:12,c2311-C-2520,c2311-C-2520,72.0,0.0,0.0,0.0,30,64.5,66.0,10,72.0,65.0,0.0,0.0,0.0,0.0,307
2023-05-10 21:10:16,c2311-C-2520,c2311-C-2520,72.0,0.0,0.0,0.0,30,64.5,66.5,50,72.0,65.0,0.0,0.0,0.0,0.0,307
2023-05-10 21:10:16,c2311-C-2520,c2311-C-2520,72.0,0.0,0.0,0.0,30,64.5,66.0,10,72.0,65.0,0.0,0.0,0.0,0.0,307
2023-05-10 21:10:19,c2311-C-2520,c2311-C-2520,72.0,0.0,0.0,0.0,20,64.5,66.0,10,72.0,65.0,0.0,0.0,0.0,0.0,307
2023-05-10 21:10:21,c2311-C-2520,c2311-C-2520,72.0,0.0,0.0,0.0,30,64.5,66.0,10,72.0,65.0,0.0,0.0,0.0,0.0,307
2023-05-10 21:10:24,c2311-C-2520,c2311-C-2520,72.0,0.0,0.0,0.0,30,64.5,66.5,50,72.0,65.0,0.0,0.0,0.0,0.0,307
2023-05-10 21:10:29,c2311-C-2520,c2311-C-2520,72.0,0.0,0.0,0.0,30,64.5,66.0,10,72.0,65.0,0.0,0.0,0.0,0.0,307
2023-05-10 21:10:52,c2311-C-2520,c2311-C-2520,72.0,0.0,0.0,0.0,10,64.5,66.0,20,72.0,65.0,0.0,0.0,0.0,0.0,307
2023-05-10 21:10:57,c2311-C-2520,c2311-C-2520,72.0,0.0,0.0,0.0,20,64.5,66.0,20,72.0,65.0,0.0,0.0,0.0,0.0,307
2023-05-10 21:11:08,c2311-C-2520,c2311-C-2520,72.0,0.0,0.0,0.0,10,64.5,66.0,20,72.0,65.0,0.0,0.0,0.0,0.0,307
2023-05-10 21:11:09,c2311-C-2520,c2311-C-2520,72.0,0.0,0.0,0.0,10,64.5,66.0,30,72.0,65.0,0.0,0.0,0.0,0.0,307
2023-05-10 21:11:11,c2311-C-2520,c2311-C-2520,72.0,0.0,0.0,0.0,20,64.5,66.0,30,72.0,65.0,0.0,0.0,0.0,0.0,307
2023-05-10 21:11:19,c2311-C-2520,c2311-C-2520,72.0,0.0,0.0,0.0,10,64.5,66.0,30,72.0,65.0,0.0,0.0,0.0,0.0,307
2023-05-10 21:11:19,c2311-C-2520,c2311-C-2520,72.0,0.0,0.0,0.0,20,64.5,66.0,30,72.0,65.0,0.0,0.0,0.0,0.0,307
2023-05-10 21:11:20,c2311-C-2520,c2311-C-2520,72.0,0.0,0.0,0.0,10,64.5,66.0,30,72.0,65.0,0.0,0.0,0.0,0.0,307
2023-05-10 21:11:25,c2311-C-2520,c2311-C-2520,72.0,0.0,0.0,0.0,20,64.5,66.0,30,72.0,65.0,0.0,0.0,0.0,0.0,307
2023-05-10 21:11:27,c2311-C-2520,c2311-C-2520,72.0,0.0,0.0,0.0,10,64.5,66.0,30,72.0,65.0,0.0,0.0,0.0,0.0,307
2023-05-10 21:11:28,c2311-C-2520,c2311-C-2520,72.0,0.0,0.0,0.0,20,64.5,66.0,40,72.0,65.0,0.0,0.0,0.0,0.0,307
2023-05-10 21:11:28,c2311-C-2520,c2311-C-2520,72.0,0.0,0.0,0.0,10,64.5,66.0,40,72.0,65.0,0.0,0.0,0.0,0.0,307
2023-05-10 21:11:32,c2311-C-2520,c2311-C-2520,72.0,0.0,0.0,0.0,10,64.5,66.0,50,72.0,65.0,0.0,0.0,0.0,0.0,307
2023-05-10 21:11:35,c2311-C-2520,c2311-C-2520,72.0,0.0,0.0,0.0,5,65.0,66.0,50,72.0,65.0,0.0,0.0,0.0,0.0,307
2023-05-10 21:12:01,c2311-C-2520,c2311-C-2520,72.0,0.0,0.0,0.0,10,65.0,65.5,10,72.0,65.0,0.0,0.0,0.0,0.0,307
2023-05-10 21:12:02,c2311-C-2520,c2311-C-2520,65.0,10.0,6500.0,10.0,43,64.0,65.5,10,72.0,65.0,65.0,65.0,10.0,6500.0,317
2023-05-10 21:12:02,c2311-C-2520,c2311-C-2520,65.0,0.0,0.0,0.0,23,64.0,65.5,40,72.0,65.0,65.0,65.0,10.0,6500.0,317
2023-05-10 21:12:08,c2311-C-2520,c2311-C-2520,65.0,0.0,0.0,0.0,13,64.0,65.5,60,72.0,65.0,65.0,65.0,10.0,6500.0,317
2023-05-10 21:12:08,c2311-C-2520,c2311-C-2520,65.0,0.0,0.0,0.0,3,64.0,65.5,60,72.0,65.0,65.0,65.0,10.0,6500.0,317
2023-05-10 21:12:10,c2311-C-2520,c2311-C-2520,65.0,0.0,0.0,0.0,13,64.0,65.5,60,72.0,65.0,65.0,65.0,10.0,6500.0,317
2023-05-10 21:12:29,c2311-C-2520,c2311-C-2520,65.0,0.0,0.0,0.0,23,64.0,65.5,60,72.0,65.0,65.0,65.0,10.0,6500.0,317
2023-05-10 21:12:30,c2311-C-2520,c2311-C-2520,65.0,0.0,0.0,0.0,13,64.0,65.5,60,72.0,65.0,65.0,65.0,10.0,6500.0,317
2023-05-10 21:12:41,c2311-C-2520,c2311-C-2520,65.0,0.0,0.0,0.0,23,64.0,65.5,60,72.0,65.0,65.0,65.0,10.0,6500.0,317
2023-05-10 21:12:43,c2311-C-2520,c2311-C-2520,65.0,0.0,0.0,0.0,13,64.0,65.5,60,72.0,65.0,65.0,65.0,10.0,6500.0,317
2023-05-10 21:12:56,c2311-C-2520,c2311-C-2520,65.0,0.0,0.0,0.0,23,64.0,65.5,50,72.0,65.0,65.0,65.0,10.0,6500.0,317
2023-05-10 21:13:02,c2311-C-2520,c2311-C-2520,65.0,0.0,0.0,0.0,13,64.0,65.5,50,72.0,65.0,65.0,65.0,10.0,6500.0,317
2023-05-10 21:13:06,c2311-C-2520,c2311-C-2520,65.0,0.0,0.0,0.0,23,64.0,65.5,60,72.0,65.0,65.0,65.0,10.0,6500.0,317
2023-05-10 21:13:08,c2311-C-2520,c2311-C-2520,65.0,0.0,0.0,0.0,13,64.0,65.5,60,72.0,65.0,65.0,65.0,10.0,6500.0,317
2023-05-10 21:13:09,c2311-C-2520,c2311-C-2520,65.0,0.0,0.0,0.0,23,64.0,65.5,60,72.0,65.0,65.0,65.0,10.0,6500.0,317
2023-05-10 21:13:11,c2311-C-2520,c2311-C-2520,65.0,0.0,0.0,0.0,13,64.0,65.5,60,72.0,65.0,65.0,65.0,10.0,6500.0,317
2023-05-10 21:13:14,c2311-C-2520,c2311-C-2520,65.0,0.0,0.0,0.0,13,64.0,65.5,70,72.0,65.0,65.0,65.0,10.0,6500.0,317
2023-05-10 21:13:15,c2311-C-2520,c2311-C-2520,65.0,0.0,0.0,0.0,13,64.0,65.5,60,72.0,65.0,65.0,65.0,10.0,6500.0,317
2023-05-10 21:13:17,c2311-C-2520,c2311-C-2520,65.0,0.0,0.0,0.0,3,64.0,65.5,60,72.0,65.0,65.0,65.0,10.0,6500.0,317
2023-05-10 21:13:17,c2311-C-2520,c2311-C-2520,65.0,0.0,0.0,0.0,3,64.0,65.5,70,72.0,65.0,65.0,65.0,10.0,6500.0,317
2023-05-10 21:13:18,c2311-C-2520,c2311-C-2520,65.0,0.0,0.0,0.0,3,64.0,65.5,60,72.0,65.0,65.0,65.0,10.0,6500.0,317
2023-05-10 21:13:19,c2311-C-2520,c2311-C-2520,65.0,0.0,0.0,0.0,13,64.0,65.5,60,72.0,65.0,65.0,65.0,10.0,6500.0,317
2023-05-10 21:13:20,c2311-C-2520,c2311-C-2520,65.0,0.0,0.0,0.0,3,64.0,65.5,60,72.0,65.0,65.0,65.0,10.0,6500.0,317
2023-05-10 21:13:31,c2311-C-2520,c2311-C-2520,65.0,0.0,0.0,0.0,30,63.5,65.0,10,72.0,65.0,65.0,65.0,10.0,6500.0,317
2023-05-10 21:13:31,c2311-C-2520,c2311-C-2520,65.0,0.0,0.0,0.0,40,63.5,65.5,60,72.0,65.0,65.0,65.0,10.0,6500.0,317
2023-05-10 21:13:33,c2311-C-2520,c2311-C-2520,65.0,0.0,0.0,0.0,40,63.5,65.5,70,72.0,65.0,65.0,65.0,10.0,6500.0,317
2023-05-10 21:13:34,c2311-C-2520,c2311-C-2520,65.0,0.0,0.0,0.0,40,63.5,65.5,60,72.0,65.0,65.0,65.0,10.0,6500.0,317
2023-05-10 21:13:36,c2311-C-2520,c2311-C-2520,65.0,0.0,0.0,0.0,40,63.5,65.5,70,72.0,65.0,65.0,65.0,10.0,6500.0,317
2023-05-10 21:13:39,c2311-C-2520,c2311-C-2520,65.0,0.0,0.0,0.0,40,63.5,65.5,60,72.0,65.0,65.0,65.0,10.0,6500.0,317
2023-05-10 21:13:47,c2311-C-2520,c2311-C-2520,65.0,0.0,0.0,0.0,40,63.5,65.5,70,72.0,65.0,65.0,65.0,10.0,6500.0,317
2023-05-10 21:13:49,c2311-C-2520,c2311-C-2520,65.0,0.0,0.0,0.0,40,63.5,65.5,60,72.0,65.0,65.0,65.0,10.0,6500.0,317
2023-05-10 21:13:50,c2311-C-2520,c2311-C-2520,65.0,0.0,0.0,0.0,10,64.0,65.5,50,72.0,65.0,65.0,65.0,10.0,6500.0,317
2023-05-10 21:13:50,c2311-C-2520,c2311-C-2520,65.0,0.0,0.0,0.0,20,64.0,65.5,50,72.0,65.0,65.0,65.0,10.0,6500.0,317
2023-05-10 21:13:50,c2311-C-2520,c2311-C-2520,65.0,0.0,0.0,0.0,10,64.0,65.5,50,72.0,65.0,65.0,65.0,10.0,6500.0,317
2023-05-10 21:13:51,c2311-C-2520,c2311-C-2520,65.0,0.0,0.0,0.0,40,63.5,65.5,60,72.0,65.0,65.0,65.0,10.0,6500.0,317
2023-05-10 21:13:59,c2311-C-2520,c2311-C-2520,65.0,0.0,0.0,0.0,50,63.5,65.5,50,72.0,65.0,65.0,65.0,10.0,6500.0,317
2023-05-10 21:14:02,c2311-C-2520,c2311-C-2520,65.0,0.0,0.0,0.0,40,63.5,65.5,50,72.0,65.0,65.0,65.0,10.0,6500.0,317
2023-05-10 21:14:03,c2311-C-2520,c2311-C-2520,65.0,0.0,0.0,0.0,40,63.5,65.5,60,72.0,65.0,65.0,65.0,10.0,6500.0,317
2023-05-10 21:14:03,c2311-C-2520,c2311-C-2520,65.0,0.0,0.0,0.0,40,63.5,65.5,50,72.0,65.0,65.0,65.0,10.0,6500.0,317
2023-05-10 21:14:07,c2311-C-2520,c2311-C-2520,65.0,0.0,0.0,0.0,40,63.5,65.5,60,72.0,65.0,65.0,65.0,10.0,6500.0,317
2023-05-10 21:14:08,c2311-C-2520,c2311-C-2520,65.0,0.0,0.0,0.0,40,63.5,65.0,10,72.0,65.0,65.0,65.0,10.0,6500.0,317
2023-05-10 21:14:10,c2311-C-2520,c2311-C-2520,65.0,0.0,0.0,0.0,40,63.5,65.0,20,72.0,65.0,65.0,65.0,10.0,6500.0,317
2023-05-10 21:14:13,c2311-C-2520,c2311-C-2520,65.0,0.0,0.0,0.0,30,63.5,65.0,20,72.0,65.0,65.0,65.0,10.0,6500.0,317
2023-05-10 21:14:15,c2311-C-2520,c2311-C-2520,65.0,0.0,0.0,0.0,20,63.5,65.0,20,72.0,65.0,65.0,65.0,10.0,6500.0,317
2023-05-10 21:14:20,c2311-C-2520,c2311-C-2520,65.0,0.0,0.0,0.0,30,63.5,65.0,10,72.0,65.0,65.0,65.0,10.0,6500.0,317
2023-05-10 21:14:37,c2311-C-2520,c2311-C-2520,65.0,0.0,0.0,0.0,10,63.5,65.0,20,72.0,65.0,65.0,65.0,10.0,6500.0,317
2023-05-10 21:14:38,c2311-C-2520,c2311-C-2520,65.0,0.0,0.0,0.0,20,63.5,65.0,20,72.0,65.0,65.0,65.0,10.0,6500.0,317
2023-05-10 21:14:39,c2311-C-2520,c2311-C-2520,65.0,0.0,0.0,0.0,20,63.5,65.0,30,72.0,65.0,65.0,65.0,10.0,6500.0,317
2023-05-10 21:14:39,c2311-C-2520,c2311-C-2520,65.0,0.0,0.0,0.0,30,63.5,65.0,30,72.0,65.0,65.0,65.0,10.0,6500.0,317
2023-05-10 21:14:39,c2311-C-2520,c2311-C-2520,65.0,0.0,0.0,0.0,30,63.5,65.0,20,72.0,65.0,65.0,65.0,10.0,6500.0,317
2023-05-10 21:15:01,c2311-C-2520,c2311-C-2520,65.0,0.0,0.0,0.0,30,63.5,65.0,30,72.0,65.0,65.0,65.0,10.0,6500.0,317
2023-05-10 21:15:03,c2311-C-2520,c2311-C-2520,65.0,0.0,0.0,0.0,30,63.5,65.0,20,72.0,65.0,65.0,65.0,10.0,6500.0,317
2023-05-10 21:15:23,c2311-C-2520,c2311-C-2520,65.0,6.0,3900.0,6.0,23,64.0,65.0,10,72.0,65.0,65.0,65.0,16.0,10400.0,323
2023-05-10 21:15:23,c2311-C-2520,c2311-C-2520,65.0,2.0,1300.0,2.0,23,64.0,65.5,23,72.0,65.0,65.0,65.0,18.0,11700.0,325
2023-05-10 21:15:23,c2311-C-2520,c2311-C-2520,65.0,0.0,0.0,0.0,33,64.0,65.5,23,72.0,65.0,65.0,65.0,18.0,11700.0,325
2023-05-10 21:15:25,c2311-C-2520,c2311-C-2520,65.0,0.0,0.0,0.0,58,64.0,65.5,48,72.0,65.0,65.0,65.0,18.0,11700.0,325
2023-05-10 21:15:29,c2311-C-2520,c2311-C-2520,65.0,0.0,0.0,0.0,58,64.0,65.5,38,72.0,65.0,65.0,65.0,18.0,11700.0,325
2023-05-10 21:15:31,c2311-C-2520,c2311-C-2520,65.0,0.0,0.0,0.0,58,64.0,65.5,58,72.0,65.0,65.0,65.0,18.0,11700.0,325
2023-05-10 21:15:32,c2311-C-2520,c2311-C-2520,65.0,0.0,0.0,0.0,58,64.0,65.0,10,72.0,65.0,65.0,65.0,18.0,11700.0,325
2023-05-10 21:15:34,c2311-C-2520,c2311-C-2520,65.0,0.0,0.0,0.0,33,64.0,65.0,10,72.0,65.0,65.0,65.0,18.0,11700.0,325
2023-05-10 21:15:34,c2311-C-2520,c2311-C-2520,65.0,0.0,0.0,0.0,23,64.0,65.0,10,72.0,65.0,65.0,65.0,18.0,11700.0,325
2023-05-10 21:15:42,c2311-C-2520,c2311-C-2520,65.0,0.0,0.0,0.0,13,64.0,65.0,10,72.0,65.0,65.0,65.0,18.0,11700.0,325
2023-05-10 21:15:45,c2311-C-2520,c2311-C-2520,65.0,0.0,0.0,0.0,23,64.0,65.0,10,72.0,65.0,65.0,65.0,18.0,11700.0,325
2023-05-10 21:15:46,c2311-C-2520,c2311-C-2520,65.0,0.0,0.0,0.0,33,64.0,65.0,10,72.0,65.0,65.0,65.0,18.0,11700.0,325
2023-05-10 21:15:48,c2311-C-2520,c2311-C-2520,65.0,0.0,0.0,0.0,23,64.0,65.0,10,72.0,65.0,65.0,65.0,18.0,11700.0,325
2023-05-10 21:15:49,c2311-C-2520,c2311-C-2520,65.0,0.0,0.0,0.0,33,64.0,65.0,10,72.0,65.0,65.0,65.0,18.0,11700.0,325
2023-05-10 21:15:57,c2311-C-2520,c2311-C-2520,65.0,0.0,0.0,0.0,33,64.0,65.5,43,72.0,65.0,65.0,65.0,18.0,11700.0,325
2023-05-10 21:15:58,c2311-C-2520,c2311-C-2520,65.0,0.0,0.0,0.0,33,64.0,65.0,10,72.0,65.0,65.0,65.0,18.0,11700.0,325
2023-05-10 21:16:05,c2311-C-2520,c2311-C-2520,65.0,0.0,0.0,0.0,58,64.0,65.0,10,72.0,65.0,65.0,65.0,18.0,11700.0,325
2023-05-10 21:16:17,c2311-C-2520,c2311-C-2520,65.0,0.0,0.0,0.0,38,64.0,65.0,10,72.0,65.0,65.0,65.0,18.0,11700.0,325
2023-05-10 21:16:18,c2311-C-2520,c2311-C-2520,65.0,0.0,0.0,0.0,13,64.0,65.0,10,72.0,65.0,65.0,65.0,18.0,11700.0,325
2023-05-10 21:16:20,c2311-C-2520,c2311-C-2520,65.0,0.0,0.0,0.0,23,64.0,65.0,10,72.0,65.0,65.0,65.0,18.0,11700.0,325
2023-05-10 21:16:37,c2311-C-2520,c2311-C-2520,65.0,0.0,0.0,0.0,20,64.0,65.0,10,72.0,65.0,65.0,65.0,18.0,11700.0,325
2023-05-10 21:16:37,c2311-C-2520,c2311-C-2520,65.0,0.0,0.0,0.0,10,64.0,65.0,55,72.0,65.0,65.0,65.0,18.0,11700.0,325
2023-05-10 21:16:38,c2311-C-2520,c2311-C-2520,65.0,0.0,0.0,0.0,23,63.5,65.0,45,72.0,65.0,65.0,65.0,18.0,11700.0,325
2023-05-10 21:16:39,c2311-C-2520,c2311-C-2520,65.0,0.0,0.0,0.0,23,63.5,65.0,65,72.0,65.0,65.0,65.0,18.0,11700.0,325
2023-05-10 21:16:40,c2311-C-2520,c2311-C-2520,65.0,0.0,0.0,0.0,10,63.5,64.5,30,72.0,65.0,65.0,65.0,18.0,11700.0,325
2023-05-10 21:16:45,c2311-C-2520,c2311-C-2520,65.0,0.0,0.0,0.0,10,63.5,64.5,40,72.0,65.0,65.0,65.0,18.0,11700.0,325
2023-05-10 21:16:45,c2311-C-2520,c2311-C-2520,65.0,0.0,0.0,0.0,10,63.0,64.0,30,72.0,65.0,65.0,65.0,18.0,11700.0,325
2023-05-10 21:16:46,c2311-C-2520,c2311-C-2520,65.0,0.0,0.0,0.0,10,63.0,64.0,40,72.0,65.0,65.0,65.0,18.0,11700.0,325
2023-05-10 21:16:46,c2311-C-2520,c2311-C-2520,65.0,0.0,0.0,0.0,40,62.0,64.0,30,72.0,65.0,65.0,65.0,18.0,11700.0,325
2023-05-10 21:16:47,c2311-C-2520,c2311-C-2520,65.0,0.0,0.0,0.0,50,62.0,64.0,30,72.0,65.0,65.0,65.0,18.0,11700.0,325
2023-05-10 21:16:49,c2311-C-2520,c2311-C-2520,65.0,0.0,0.0,0.0,40,62.0,64.0,30,72.0,65.0,65.0,65.0,18.0,11700.0,325
2023-05-10 21:16:49,c2311-C-2520,c2311-C-2520,65.0,0.0,0.0,0.0,50,62.0,64.0,30,72.0,65.0,65.0,65.0,18.0,11700.0,325
2023-05-10 21:16:50,c2311-C-2520,c2311-C-2520,65.0,0.0,0.0,0.0,50,62.0,64.0,40,72.0,65.0,65.0,65.0,18.0,11700.0,325
2023-05-10 21:16:51,c2311-C-2520,c2311-C-2520,65.0,0.0,0.0,0.0,20,62.5,64.0,50,72.0,65.0,65.0,65.0,18.0,11700.0,325
2023-05-10 21:16:51,c2311-C-2520,c2311-C-2520,65.0,0.0,0.0,0.0,10,62.5,64.0,50,72.0,65.0,65.0,65.0,18.0,11700.0,325
2023-05-10 21:16:58,c2311-C-2520,c2311-C-2520,65.0,0.0,0.0,0.0,20,62.5,64.0,50,72.0,65.0,65.0,65.0,18.0,11700.0,325
2023-05-10 21:16:58,c2311-C-2520,c2311-C-2520,65.0,0.0,0.0,0.0,30,62.5,64.0,50,72.0,65.0,65.0,65.0,18.0,11700.0,325
2023-05-10 21:17:00,c2311-C-2520,c2311-C-2520,65.0,0.0,0.0,0.0,10,62.5,64.0,50,72.0,65.0,65.0,65.0,18.0,11700.0,325
2023-05-10 21:17:01,c2311-C-2520,c2311-C-2520,65.0,0.0,0.0,0.0,20,62.5,64.0,50,72.0,65.0,65.0,65.0,18.0,11700.0,325
2023-05-10 21:17:01,c2311-C-2520,c2311-C-2520,65.0,0.0,0.0,0.0,30,62.5,64.0,40,72.0,65.0,65.0,65.0,18.0,11700.0,325
2023-05-10 21:17:04,c2311-C-2520,c2311-C-2520,65.0,0.0,0.0,0.0,20,63.0,64.5,50,72.0,65.0,65.0,65.0,18.0,11700.0,325
2023-05-10 21:17:05,c2311-C-2520,c2311-C-2520,65.0,0.0,0.0,0.0,30,63.0,64.5,30,72.0,65.0,65.0,65.0,18.0,11700.0,325
2023-05-10 21:17:05,c2311-C-2520,c2311-C-2520,65.0,0.0,0.0,0.0,10,63.5,65.0,60,72.0,65.0,65.0,65.0,18.0,11700.0,325
2023-05-10 21:17:06,c2311-C-2520,c2311-C-2520,65.0,0.0,0.0,0.0,30,63.5,65.0,60,72.0,65.0,65.0,65.0,18.0,11700.0,325
2023-05-10 21:17:07,c2311-C-2520,c2311-C-2520,65.0,0.0,0.0,0.0,30,63.5,65.0,50,72.0,65.0,65.0,65.0,18.0,11700.0,325
2023-05-10 21:17:08,c2311-C-2520,c2311-C-2520,65.0,0.0,0.0,0.0,30,63.5,65.0,60,72.0,65.0,65.0,65.0,18.0,11700.0,325
2023-05-10 21:17:10,c2311-C-2520,c2311-C-2520,65.0,0.0,0.0,0.0,55,63.5,65.0,75,72.0,65.0,65.0,65.0,18.0,11700.0,325
2023-05-10 21:17:12,c2311-C-2520,c2311-C-2520,65.0,0.0,0.0,0.0,75,63.5,65.5,65,72.0,65.0,65.0,65.0,18.0,11700.0,325
2023-05-10 21:17:13,c2311-C-2520,c2311-C-2520,65.0,0.0,0.0,0.0,10,64.0,65.5,65,72.0,65.0,65.0,65.0,18.0,11700.0,325
2023-05-10 21:17:13,c2311-C-2520,c2311-C-2520,65.0,0.0,0.0,0.0,30,64.0,65.5,65,72.0,65.0,65.0,65.0,18.0,11700.0,325
2023-05-10 21:17:14,c2311-C-2520,c2311-C-2520,65.0,0.0,0.0,0.0,65,64.0,65.5,20,72.0,65.0,65.0,65.0,18.0,11700.0,325
2023-05-10 21:17:14,c2311-C-2520,c2311-C-2520,65.0,0.0,0.0,0.0,75,64.0,65.5,10,72.0,65.0,65.0,65.0,18.0,11700.0,325
2023-05-10 21:17:15,c2311-C-2520,c2311-C-2520,65.0,0.0,0.0,0.0,50,64.0,65.5,10,72.0,65.0,65.0,65.0,18.0,11700.0,325
2023-05-10 21:17:15,c2311-C-2520,c2311-C-2520,65.0,0.0,0.0,0.0,10,64.5,65.5,10,72.0,65.0,65.0,65.0,18.0,11700.0,325
2023-05-10 21:17:16,c2311-C-2520,c2311-C-2520,65.0,0.0,0.0,0.0,20,64.5,66.0,50,72.0,65.0,65.0,65.0,18.0,11700.0,325
2023-05-10 21:17:18,c2311-C-2520,c2311-C-2520,65.0,0.0,0.0,0.0,20,64.5,66.0,30,72.0,65.0,65.0,65.0,18.0,11700.0,325
2023-05-10 21:17:19,c2311-C-2520,c2311-C-2520,65.0,0.0,0.0,0.0,20,64.5,66.0,20,72.0,65.0,65.0,65.0,18.0,11700.0,325
2023-05-10 21:17:20,c2311-C-2520,c2311-C-2520,65.0,0.0,0.0,0.0,30,64.5,66.0,10,72.0,65.0,65.0,65.0,18.0,11700.0,325
2023-05-10 21:17:20,c2311-C-2520,c2311-C-2520,65.0,0.0,0.0,0.0,30,64.5,66.5,50,72.0,65.0,65.0,65.0,18.0,11700.0,325
2023-05-10 21:17:28,c2311-C-2520,c2311-C-2520,65.0,0.0,0.0,0.0,40,64.5,66.5,40,72.0,65.0,65.0,65.0,18.0,11700.0,325
2023-05-10 21:17:29,c2311-C-2520,c2311-C-2520,65.0,0.0,0.0,0.0,30,64.5,66.5,50,72.0,65.0,65.0,65.0,18.0,11700.0,325
2023-05-10 21:17:31,c2311-C-2520,c2311-C-2520,65.0,0.0,0.0,0.0,20,65.0,66.5,50,72.0,65.0,65.0,65.0,18.0,11700.0,325
2023-05-10 21:17:35,c2311-C-2520,c2311-C-2520,65.0,0.0,0.0,0.0,45,65.0,66.5,75,72.0,65.0,65.0,65.0,18.0,11700.0,325
2023-05-10 21:17:37,c2311-C-2520,c2311-C-2520,65.0,0.0,0.0,0.0,35,65.0,66.5,85,72.0,65.0,65.0,65.0,18.0,11700.0,325
2023-05-10 21:17:39,c2311-C-2520,c2311-C-2520,65.0,0.0,0.0,0.0,10,65.0,66.0,10,72.0,65.0,65.0,65.0,18.0,11700.0,325
2023-05-10 21:17:39,c2311-C-2520,c2311-C-2520,65.0,0.0,0.0,0.0,55,64.5,66.0,20,72.0,65.0,65.0,65.0,18.0,11700.0,325
2023-05-10 21:17:41,c2311-C-2520,c2311-C-2520,65.0,0.0,0.0,0.0,55,64.5,66.0,30,72.0,65.0,65.0,65.0,18.0,11700.0,325
2023-05-10 21:17:43,c2311-C-2520,c2311-C-2520,65.0,0.0,0.0,0.0,45,64.5,66.0,30,72.0,65.0,65.0,65.0,18.0,11700.0,325
2023-05-10 21:17:43,c2311-C-2520,c2311-C-2520,65.0,0.0,0.0,0.0,10,64.5,66.0,55,72.0,65.0,65.0,65.0,18.0,11700.0,325
2023-05-10 21:17:45,c2311-C-2520,c2311-C-2520,65.0,0.0,0.0,0.0,10,64.5,66.0,30,72.0,65.0,65.0,65.0,18.0,11700.0,325
2023-05-10 21:17:52,c2311-C-2520,c2311-C-2520,65.0,0.0,0.0,0.0,30,64.5,66.0,20,72.0,65.0,65.0,65.0,18.0,11700.0,325
2023-05-10 21:17:53,c2311-C-2520,c2311-C-2520,65.0,0.0,0.0,0.0,40,64.5,66.5,50,72.0,65.0,65.0,65.0,18.0,11700.0,325
2023-05-10 21:17:55,c2311-C-2520,c2311-C-2520,65.0,0.0,0.0,0.0,10,65.0,66.5,50,72.0,65.0,65.0,65.0,18.0,11700.0,325
2023-05-10 21:17:57,c2311-C-2520,c2311-C-2520,65.0,0.0,0.0,0.0,20,65.0,66.5,50,72.0,65.0,65.0,65.0,18.0,11700.0,325
2023-05-10 21:18:00,c2311-C-2520,c2311-C-2520,65.0,0.0,0.0,0.0,45,65.0,66.5,75,72.0,65.0,65.0,65.0,18.0,11700.0,325
2023-05-10 21:18:03,c2311-C-2520,c2311-C-2520,65.0,0.0,0.0,0.0,35,65.0,66.0,10,72.0,65.0,65.0,65.0,18.0,11700.0,325
2023-05-10 21:18:03,c2311-C-2520,c2311-C-2520,65.0,0.0,0.0,0.0,35,65.0,66.5,75,72.0,65.0,65.0,65.0,18.0,11700.0,325
2023-05-10 21:18:04,c2311-C-2520,c2311-C-2520,65.0,0.0,0.0,0.0,45,65.0,66.5,75,72.0,65.0,65.0,65.0,18.0,11700.0,325
2023-05-10 21:18:13,c2311-C-2520,c2311-C-2520,65.0,0.0,0.0,0.0,35,65.0,66.5,75,72.0,65.0,65.0,65.0,18.0,11700.0,325
2023-05-10 21:18:13,c2311-C-2520,c2311-C-2520,65.0,0.0,0.0,0.0,35,65.0,66.0,10,72.0,65.0,65.0,65.0,18.0,11700.0,325
2023-05-10 21:18:15,c2311-C-2520,c2311-C-2520,65.0,0.0,0.0,0.0,10,65.0,66.0,55,72.0,65.0,65.0,65.0,18.0,11700.0,325
2023-05-10 21:18:15,c2311-C-2520,c2311-C-2520,65.0,0.0,0.0,0.0,55,64.5,66.0,55,72.0,65.0,65.0,65.0,18.0,11700.0,325
2023-05-10 21:18:16,c2311-C-2520,c2311-C-2520,65.0,0.0,0.0,0.0,30,64.5,66.0,55,72.0,65.0,65.0,65.0,18.0,11700.0,325
2023-05-10 21:18:17,c2311-C-2520,c2311-C-2520,65.0,0.0,0.0,0.0,20,64.5,66.0,55,72.0,65.0,65.0,65.0,18.0,11700.0,325
2023-05-10 21:18:17,c2311-C-2520,c2311-C-2520,65.0,0.0,0.0,0.0,10,64.5,66.0,55,72.0,65.0,65.0,65.0,18.0,11700.0,325
2023-05-10 21:18:18,c2311-C-2520,c2311-C-2520,65.0,0.0,0.0,0.0,10,64.5,65.5,30,72.0,65.0,65.0,65.0,18.0,11700.0,325
2023-05-10 21:18:25,c2311-C-2520,c2311-C-2520,65.0,0.0,0.0,0.0,10,64.5,65.5,55,72.0,65.0,65.0,65.0,18.0,11700.0,325
2023-05-10 21:18:38,c2311-C-2520,c2311-C-2520,65.0,0.0,0.0,0.0,45,64.0,65.5,55,72.0,65.0,65.0,65.0,18.0,11700.0,325
2023-05-10 21:18:39,c2311-C-2520,c2311-C-2520,65.0,0.0,0.0,0.0,35,64.0,65.5,55,72.0,65.0,65.0,65.0,18.0,11700.0,325
2023-05-10 21:18:42,c2311-C-2520,c2311-C-2520,65.0,0.0,0.0,0.0,10,64.0,65.5,65,72.0,65.0,65.0,65.0,18.0,11700.0,325
2023-05-10 21:18:43,c2311-C-2520,c2311-C-2520,65.0,0.0,0.0,0.0,10,64.0,65.0,10,72.0,65.0,65.0,65.0,18.0,11700.0,325
2023-05-10 21:18:43,c2311-C-2520,c2311-C-2520,65.0,0.0,0.0,0.0,10,64.0,65.0,20,72.0,65.0,65.0,65.0,18.0,11700.0,325
2023-05-10 21:18:44,c2311-C-2520,c2311-C-2520,65.0,0.0,0.0,0.0,10,64.0,65.0,40,72.0,65.0,65.0,65.0,18.0,11700.0,325
2023-05-10 21:18:45,c2311-C-2520,c2311-C-2520,65.0,0.0,0.0,0.0,10,64.0,65.0,30,72.0,65.0,65.0,65.0,18.0,11700.0,325
2023-05-10 21:18:52,c2311-C-2520,c2311-C-2520,65.0,0.0,0.0,0.0,10,64.0,65.0,20,72.0,65.0,65.0,65.0,18.0,11700.0,325
2023-05-10 21:18:54,c2311-C-2520,c2311-C-2520,65.0,0.0,0.0,0.0,10,64.0,65.0,30,72.0,65.0,65.0,65.0,18.0,11700.0,325
2023-05-10 21:19:01,c2311-C-2520,c2311-C-2520,65.0,0.0,0.0,0.0,10,64.0,65.0,40,72.0,65.0,65.0,65.0,18.0,11700.0,325
2023-05-10 21:19:01,c2311-C-2520,c2311-C-2520,65.0,0.0,0.0,0.0,10,64.0,65.0,75,72.0,65.0,65.0,65.0,18.0,11700.0,325
2023-05-10 21:19:02,c2311-C-2520,c2311-C-2520,65.0,0.0,0.0,0.0,10,64.0,65.0,65,72.0,65.0,65.0,65.0,18.0,11700.0,325
2023-05-10 21:19:03,c2311-C-2520,c2311-C-2520,65.0,0.0,0.0,0.0,10,64.0,65.0,75,72.0,65.0,65.0,65.0,18.0,11700.0,325
2023-05-10 21:19:04,c2311-C-2520,c2311-C-2520,65.0,0.0,0.0,0.0,10,63.5,65.0,75,72.0,65.0,65.0,65.0,18.0,11700.0,325
2023-05-10 21:19:05,c2311-C-2520,c2311-C-2520,65.0,0.0,0.0,0.0,10,63.5,65.0,50,72.0,65.0,65.0,65.0,18.0,11700.0,325
2023-05-10 21:19:07,c2311-C-2520,c2311-C-2520,65.0,0.0,0.0,0.0,20,63.5,65.0,50,72.0,65.0,65.0,65.0,18.0,11700.0,325
2023-05-10 21:19:08,c2311-C-2520,c2311-C-2520,65.0,0.0,0.0,0.0,10,63.5,65.0,50,72.0,65.0,65.0,65.0,18.0,11700.0,325
2023-05-10 21:19:11,c2311-C-2520,c2311-C-2520,65.0,0.0,0.0,0.0,20,63.5,65.0,50,72.0,65.0,65.0,65.0,18.0,11700.0,325
2023-05-10 21:19:15,c2311-C-2520,c2311-C-2520,65.0,0.0,0.0,0.0,20,64.0,65.0,50,72.0,65.0,65.0,65.0,18.0,11700.0,325
2023-05-10 21:19:54,c2311-C-2520,c2311-C-2520,65.0,0.0,0.0,0.0,20,64.0,64.5,10,72.0,65.0,65.0,65.0,18.0,11700.0,325
2023-05-10 21:19:55,c2311-C-2520,c2311-C-2520,65.0,0.0,0.0,0.0,20,64.0,65.0,60,72.0,65.0,65.0,65.0,18.0,11700.0,325
2023-05-10 21:19:55,c2311-C-2520,c2311-C-2520,65.0,0.0,0.0,0.0,20,64.0,65.0,85,72.0,65.0,65.0,65.0,18.0,11700.0,325
2023-05-10 21:20:00,c2311-C-2520,c2311-C-2520,65.0,0.0,0.0,0.0,10,64.0,64.5,20,72.0,65.0,65.0,65.0,18.0,11700.0,325
2023-05-10 21:20:01,c2311-C-2520,c2311-C-2520,65.0,0.0,0.0,0.0,10,64.0,64.5,45,72.0,65.0,65.0,65.0,18.0,11700.0,325
2023-05-10 21:20:01,c2311-C-2520,c2311-C-2520,65.0,0.0,0.0,0.0,10,64.0,64.5,55,72.0,65.0,65.0,65.0,18.0,11700.0,325
2023-05-10 21:20:02,c2311-C-2520,c2311-C-2520,65.0,0.0,0.0,0.0,10,64.0,64.5,65,72.0,65.0,65.0,65.0,18.0,11700.0,325
2023-05-10 21:20:03,c2311-C-2520,c2311-C-2520,64.0,1.0,640.0,0.0,9,64.0,64.5,58,72.0,65.0,65.0,64.0,19.0,12340.0,325
2023-05-10 21:20:04,c2311-C-2520,c2311-C-2520,64.0,9.0,5760.0,9.0,13,63.0,64.0,10,72.0,65.0,65.0,64.0,28.0,18100.0,334
2023-05-10 21:20:04,c2311-C-2520,c2311-C-2520,64.0,0.0,0.0,0.0,23,63.0,64.0,20,72.0,65.0,65.0,64.0,28.0,18100.0,334
2023-05-10 21:20:05,c2311-C-2520,c2311-C-2520,64.0,0.0,0.0,0.0,10,63.5,64.0,10,72.0,65.0,65.0,64.0,28.0,18100.0,334
2023-05-10 21:20:05,c2311-C-2520,c2311-C-2520,64.0,0.0,0.0,0.0,10,63.5,64.5,78,72.0,65.0,65.0,64.0,28.0,18100.0,334
2023-05-10 21:20:05,c2311-C-2520,c2311-C-2520,64.0,0.0,0.0,0.0,20,63.5,64.5,78,72.0,65.0,65.0,64.0,28.0,18100.0,334
2023-05-10 21:20:07,c2311-C-2520,c2311-C-2520,64.0,0.0,0.0,0.0,10,63.5,64.5,78,72.0,65.0,65.0,64.0,28.0,18100.0,334
2023-05-10 21:20:07,c2311-C-2520,c2311-C-2520,64.0,0.0,0.0,0.0,20,63.5,64.5,78,72.0,65.0,65.0,64.0,28.0,18100.0,334
2023-05-10 21:20:07,c2311-C-2520,c2311-C-2520,64.0,0.0,0.0,0.0,20,63.5,64.0,10,72.0,65.0,65.0,64.0,28.0,18100.0,334
2023-05-10 21:20:08,c2311-C-2520,c2311-C-2520,64.0,0.0,0.0,0.0,10,63.5,64.0,10,72.0,65.0,65.0,64.0,28.0,18100.0,334
2023-05-10 21:20:09,c2311-C-2520,c2311-C-2520,64.0,0.0,0.0,0.0,20,63.5,64.0,10,72.0,65.0,65.0,64.0,28.0,18100.0,334
2023-05-10 21:20:09,c2311-C-2520,c2311-C-2520,64.0,0.0,0.0,0.0,20,63.5,64.5,78,72.0,65.0,65.0,64.0,28.0,18100.0,334
2023-05-10 21:20:13,c2311-C-2520,c2311-C-2520,64.0,0.0,0.0,0.0,20,63.5,64.5,68,72.0,65.0,65.0,64.0,28.0,18100.0,334
2023-05-10 21:20:15,c2311-C-2520,c2311-C-2520,64.0,0.0,0.0,0.0,20,63.5,64.5,43,72.0,65.0,65.0,64.0,28.0,18100.0,334
2023-05-10 21:20:16,c2311-C-2520,c2311-C-2520,64.0,0.0,0.0,0.0,20,63.5,64.0,10,72.0,65.0,65.0,64.0,28.0,18100.0,334
2023-05-10 21:20:17,c2311-C-2520,c2311-C-2520,64.0,0.0,0.0,0.0,10,63.5,64.0,10,72.0,65.0,65.0,64.0,28.0,18100.0,334
2023-05-10 21:20:18,c2311-C-2520,c2311-C-2520,63.5,10.0,6350.0,10.0,20,63.0,64.0,10,72.0,65.0,65.0,63.5,38.0,24450.0,344
2023-05-10 21:20:20,c2311-C-2520,c2311-C-2520,63.5,0.0,0.0,0.0,20,63.0,64.0,35,72.0,65.0,65.0,63.5,38.0,24450.0,344
2023-05-10 21:20:22,c2311-C-2520,c2311-C-2520,63.5,0.0,0.0,0.0,30,63.0,64.0,35,72.0,65.0,65.0,63.5,38.0,24450.0,344
2023-05-10 21:20:23,c2311-C-2520,c2311-C-2520,63.5,0.0,0.0,0.0,20,63.5,64.5,68,72.0,65.0,65.0,63.5,38.0,24450.0,344
2023-05-10 21:20:23,c2311-C-2520,c2311-C-2520,63.5,0.0,0.0,0.0,20,63.5,64.5,58,72.0,65.0,65.0,63.5,38.0,24450.0,344
2023-05-10 21:20:26,c2311-C-2520,c2311-C-2520,63.5,0.0,0.0,0.0,20,63.5,64.5,48,72.0,65.0,65.0,63.5,38.0,24450.0,344
2023-05-10 21:20:29,c2311-C-2520,c2311-C-2520,63.5,0.0,0.0,0.0,10,63.5,64.5,58,72.0,65.0,65.0,63.5,38.0,24450.0,344
2023-05-10 21:20:30,c2311-C-2520,c2311-C-2520,63.5,0.0,0.0,0.0,10,63.5,64.5,33,72.0,65.0,65.0,63.5,38.0,24450.0,344
2023-05-10 21:20:43,c2311-C-2520,c2311-C-2520,63.5,0.0,0.0,0.0,20,63.5,64.5,13,72.0,65.0,65.0,63.5,38.0,24450.0,344
2023-05-10 21:20:43,c2311-C-2520,c2311-C-2520,63.5,0.0,0.0,0.0,30,63.5,64.5,13,72.0,65.0,65.0,63.5,38.0,24450.0,344
2023-05-10 21:20:45,c2311-C-2520,c2311-C-2520,63.5,0.0,0.0,0.0,20,63.5,64.5,38,72.0,65.0,65.0,63.5,38.0,24450.0,344
2023-05-10 21:20:48,c2311-C-2520,c2311-C-2520,63.5,0.0,0.0,0.0,20,63.5,64.5,28,72.0,65.0,65.0,63.5,38.0,24450.0,344
2023-05-10 21:20:52,c2311-C-2520,c2311-C-2520,63.5,0.0,0.0,0.0,20,63.5,64.5,38,72.0,65.0,65.0,63.5,38.0,24450.0,344
2023-05-10 21:20:52,c2311-C-2520,c2311-C-2520,63.5,0.0,0.0,0.0,20,63.5,64.5,28,72.0,65.0,65.0,63.5,38.0,24450.0,344
2023-05-10 21:20:53,c2311-C-2520,c2311-C-2520,63.5,0.0,0.0,0.0,30,63.5,64.5,28,72.0,65.0,65.0,63.5,38.0,24450.0,344
2023-05-10 21:20:54,c2311-C-2520,c2311-C-2520,63.5,0.0,0.0,0.0,30,63.5,64.5,25,72.0,65.0,65.0,63.5,38.0,24450.0,344
2023-05-10 21:20:55,c2311-C-2520,c2311-C-2520,63.5,0.0,0.0,0.0,40,63.5,65.0,58,72.0,65.0,65.0,63.5,38.0,24450.0,344
2023-05-10 21:20:58,c2311-C-2520,c2311-C-2520,63.5,0.0,0.0,0.0,40,63.5,65.0,68,72.0,65.0,65.0,63.5,38.0,24450.0,344
2023-05-10 21:20:59,c2311-C-2520,c2311-C-2520,63.5,0.0,0.0,0.0,30,63.5,65.0,68,72.0,65.0,65.0,63.5,38.0,24450.0,344
2023-05-10 21:21:00,c2311-C-2520,c2311-C-2520,63.5,0.0,0.0,0.0,30,63.5,65.0,33,72.0,65.0,65.0,63.5,38.0,24450.0,344
2023-05-10 21:21:00,c2311-C-2520,c2311-C-2520,63.5,0.0,0.0,0.0,30,63.5,65.0,43,72.0,65.0,65.0,63.5,38.0,24450.0,344
2023-05-10 21:21:02,c2311-C-2520,c2311-C-2520,63.5,0.0,0.0,0.0,30,63.5,65.0,33,72.0,65.0,65.0,63.5,38.0,24450.0,344
2023-05-10 21:21:04,c2311-C-2520,c2311-C-2520,63.5,0.0,0.0,0.0,40,63.5,65.0,33,72.0,65.0,65.0,63.5,38.0,24450.0,344
2023-05-10 21:21:06,c2311-C-2520,c2311-C-2520,63.5,0.0,0.0,0.0,30,63.5,65.0,33,72.0,65.0,65.0,63.5,38.0,24450.0,344
2023-05-10 21:21:07,c2311-C-2520,c2311-C-2520,63.5,0.0,0.0,0.0,30,63.5,65.0,43,72.0,65.0,65.0,63.5,38.0,24450.0,344
2023-05-10 21:21:07,c2311-C-2520,c2311-C-2520,63.5,0.0,0.0,0.0,30,63.5,65.0,33,72.0,65.0,65.0,63.5,38.0,24450.0,344
2023-05-10 21:21:12,c2311-C-2520,c2311-C-2520,63.5,0.0,0.0,0.0,30,63.5,65.0,43,72.0,65.0,65.0,63.5,38.0,24450.0,344
2023-05-10 21:21:12,c2311-C-2520,c2311-C-2520,63.5,0.0,0.0,0.0,30,63.5,65.0,33,72.0,65.0,65.0,63.5,38.0,24450.0,344
2023-05-10 21:21:28,c2311-C-2520,c2311-C-2520,63.5,0.0,0.0,0.0,30,64.0,65.0,30,72.0,65.0,65.0,63.5,38.0,24450.0,344
2023-05-10 21:21:28,c2311-C-2520,c2311-C-2520,63.5,0.0,0.0,0.0,30,64.0,65.5,40,72.0,65.0,65.0,63.5,38.0,24450.0,344
2023-05-10 21:21:29,c2311-C-2520,c2311-C-2520,63.5,0.0,0.0,0.0,20,64.0,65.5,30,72.0,65.0,65.0,63.5,38.0,24450.0,344
2023-05-10 21:21:30,c2311-C-2520,c2311-C-2520,63.5,0.0,0.0,0.0,45,64.0,65.5,55,72.0,65.0,65.0,63.5,38.0,24450.0,344
2023-05-10 21:21:30,c2311-C-2520,c2311-C-2520,63.5,0.0,0.0,0.0,65,64.0,65.5,55,72.0,65.0,65.0,63.5,38.0,24450.0,344
2023-05-10 21:21:31,c2311-C-2520,c2311-C-2520,63.5,0.0,0.0,0.0,55,64.0,65.5,55,72.0,65.0,65.0,63.5,38.0,24450.0,344
2023-05-10 21:21:32,c2311-C-2520,c2311-C-2520,63.5,0.0,0.0,0.0,10,64.5,65.5,55,72.0,65.0,65.0,63.5,38.0,24450.0,344
2023-05-10 21:21:32,c2311-C-2520,c2311-C-2520,63.5,0.0,0.0,0.0,20,64.5,65.5,55,72.0,65.0,65.0,63.5,38.0,24450.0,344
2023-05-10 21:21:33,c2311-C-2520,c2311-C-2520,63.5,0.0,0.0,0.0,20,64.5,65.5,45,72.0,65.0,65.0,63.5,38.0,24450.0,344
2023-05-10 21:21:47,c2311-C-2520,c2311-C-2520,63.5,0.0,0.0,0.0,30,64.5,65.5,45,72.0,65.0,65.0,63.5,38.0,24450.0,344
2023-05-10 21:21:47,c2311-C-2520,c2311-C-2520,63.5,0.0,0.0,0.0,30,64.5,66.0,30,72.0,65.0,65.0,63.5,38.0,24450.0,344
2023-05-10 21:21:48,c2311-C-2520,c2311-C-2520,63.5,0.0,0.0,0.0,10,64.5,66.0,55,72.0,65.0,65.0,63.5,38.0,24450.0,344
2023-05-10 21:21:50,c2311-C-2520,c2311-C-2520,63.5,0.0,0.0,0.0,10,64.5,66.0,30,72.0,65.0,65.0,63.5,38.0,24450.0,344
2023-05-10 21:22:18,c2311-C-2520,c2311-C-2520,63.5,0.0,0.0,0.0,30,64.0,66.0,70,72.0,65.0,65.0,63.5,38.0,24450.0,344
2023-05-10 21:22:18,c2311-C-2520,c2311-C-2520,63.5,0.0,0.0,0.0,10,64.0,66.0,70,72.0,65.0,65.0,63.5,38.0,24450.0,344
2023-05-10 21:22:22,c2311-C-2520,c2311-C-2520,63.5,0.0,0.0,0.0,10,64.0,65.5,30,72.0,65.0,65.0,63.5,38.0,24450.0,344
2023-05-10 21:22:23,c2311-C-2520,c2311-C-2520,63.5,0.0,0.0,0.0,10,64.0,65.5,40,72.0,65.0,65.0,63.5,38.0,24450.0,344
2023-05-10 21:22:27,c2311-C-2520,c2311-C-2520,63.5,0.0,0.0,0.0,20,63.5,65.5,60,72.0,65.0,65.0,63.5,38.0,24450.0,344
2023-05-10 21:22:29,c2311-C-2520,c2311-C-2520,63.5,0.0,0.0,0.0,10,64.0,65.5,50,72.0,65.0,65.0,63.5,38.0,24450.0,344
2023-05-10 21:22:37,c2311-C-2520,c2311-C-2520,63.5,0.0,0.0,0.0,10,64.0,65.5,40,72.0,65.0,65.0,63.5,38.0,24450.0,344
2023-05-10 21:22:40,c2311-C-2520,c2311-C-2520,63.5,0.0,0.0,0.0,10,64.0,65.5,50,72.0,65.0,65.0,63.5,38.0,24450.0,344
2023-05-10 21:22:47,c2311-C-2520,c2311-C-2520,63.5,0.0,0.0,0.0,20,63.5,65.0,10,72.0,65.0,65.0,63.5,38.0,24450.0,344
2023-05-10 21:22:47,c2311-C-2520,c2311-C-2520,63.5,0.0,0.0,0.0,20,63.5,65.0,20,72.0,65.0,65.0,63.5,38.0,24450.0,344
2023-05-10 21:22:48,c2311-C-2520,c2311-C-2520,63.5,0.0,0.0,0.0,20,63.5,65.0,40,72.0,65.0,65.0,63.5,38.0,24450.0,344
2023-05-10 21:22:49,c2311-C-2520,c2311-C-2520,63.5,0.0,0.0,0.0,10,63.5,65.0,40,72.0,65.0,65.0,63.5,38.0,24450.0,344
2023-05-10 21:22:50,c2311-C-2520,c2311-C-2520,63.5,0.0,0.0,0.0,30,63.0,65.0,40,72.0,65.0,65.0,63.5,38.0,24450.0,344
2023-05-10 21:22:51,c2311-C-2520,c2311-C-2520,63.5,0.0,0.0,0.0,10,63.5,65.0,40,72.0,65.0,65.0,63.5,38.0,24450.0,344
2023-05-10 21:22:53,c2311-C-2520,c2311-C-2520,63.5,0.0,0.0,0.0,20,63.0,65.0,50,72.0,65.0,65.0,63.5,38.0,24450.0,344
2023-05-10 21:22:54,c2311-C-2520,c2311-C-2520,63.5,0.0,0.0,0.0,20,63.0,65.0,60,72.0,65.0,65.0,63.5,38.0,24450.0,344
2023-05-10 21:22:59,c2311-C-2520,c2311-C-2520,63.5,0.0,0.0,0.0,30,63.0,65.0,60,72.0,65.0,65.0,63.5,38.0,24450.0,344
2023-05-10 21:22:59,c2311-C-2520,c2311-C-2520,63.5,0.0,0.0,0.0,20,63.0,65.0,60,72.0,65.0,65.0,63.5,38.0,24450.0,344
2023-05-10 21:23:12,c2311-C-2520,c2311-C-2520,63.5,0.0,0.0,0.0,10,63.5,65.0,50,72.0,65.0,65.0,63.5,38.0,24450.0,344
2023-05-10 21:23:12,c2311-C-2520,c2311-C-2520,63.5,0.0,0.0,0.0,20,63.0,65.0,60,72.0,65.0,65.0,63.5,38.0,24450.0,344
2023-05-10 21:23:13,c2311-C-2520,c2311-C-2520,63.5,0.0,0.0,0.0,30,63.0,65.0,60,72.0,65.0,65.0,63.5,38.0,24450.0,344
2023-05-10 21:23:17,c2311-C-2520,c2311-C-2520,63.5,0.0,0.0,0.0,20,63.0,65.0,60,72.0,65.0,65.0,63.5,38.0,24450.0,344
2023-05-10 21:23:34,c2311-C-2520,c2311-C-2520,63.5,0.0,0.0,0.0,30,63.0,65.0,60,72.0,65.0,65.0,63.5,38.0,24450.0,344
2023-05-10 21:23:35,c2311-C-2520,c2311-C-2520,63.5,0.0,0.0,0.0,20,63.0,65.0,60,72.0,65.0,65.0,63.5,38.0,24450.0,344
2023-05-10 21:23:36,c2311-C-2520,c2311-C-2520,63.5,0.0,0.0,0.0,30,63.0,65.0,60,72.0,65.0,65.0,63.5,38.0,24450.0,344
2023-05-10 21:23:36,c2311-C-2520,c2311-C-2520,63.5,0.0,0.0,0.0,20,63.0,65.0,60,72.0,65.0,65.0,63.5,38.0,24450.0,344
2023-05-10 21:23:39,c2311-C-2520,c2311-C-2520,63.5,0.0,0.0,0.0,30,63.0,65.0,60,72.0,65.0,65.0,63.5,38.0,24450.0,344
2023-05-10 21:23:39,c2311-C-2520,c2311-C-2520,63.5,0.0,0.0,0.0,10,63.5,65.0,40,72.0,65.0,65.0,63.5,38.0,24450.0,344
2023-05-10 21:23:40,c2311-C-2520,c2311-C-2520,63.5,0.0,0.0,0.0,20,63.5,65.0,40,72.0,65.0,65.0,63.5,38.0,24450.0,344
2023-05-10 21:23:41,c2311-C-2520,c2311-C-2520,63.5,0.0,0.0,0.0,40,63.0,65.0,60,72.0,65.0,65.0,63.5,38.0,24450.0,344
2023-05-10 21:23:41,c2311-C-2520,c2311-C-2520,63.5,0.0,0.0,0.0,30,63.0,65.0,60,72.0,65.0,65.0,63.5,38.0,24450.0,344
2023-05-10 21:23:41,c2311-C-2520,c2311-C-2520,63.5,0.0,0.0,0.0,40,63.0,65.0,60,72.0,65.0,65.0,63.5,38.0,24450.0,344
2023-05-10 21:23:43,c2311-C-2520,c2311-C-2520,63.5,0.0,0.0,0.0,10,63.5,65.0,40,72.0,65.0,65.0,63.5,38.0,24450.0,344
2023-05-10 21:23:43,c2311-C-2520,c2311-C-2520,63.5,0.0,0.0,0.0,50,63.0,65.0,60,72.0,65.0,65.0,63.5,38.0,24450.0,344
2023-05-10 21:23:43,c2311-C-2520,c2311-C-2520,63.5,0.0,0.0,0.0,40,63.0,65.0,60,72.0,65.0,65.0,63.5,38.0,24450.0,344
2023-05-10 21:23:49,c2311-C-2520,c2311-C-2520,63.5,0.0,0.0,0.0,40,63.0,65.0,50,72.0,65.0,65.0,63.5,38.0,24450.0,344
2023-05-10 21:23:49,c2311-C-2520,c2311-C-2520,63.5,0.0,0.0,0.0,40,63.0,65.0,60,72.0,65.0,65.0,63.5,38.0,24450.0,344
2023-05-10 21:23:57,c2311-C-2520,c2311-C-2520,63.5,0.0,0.0,0.0,20,63.0,64.5,20,72.0,65.0,65.0,63.5,38.0,24450.0,344
2023-05-10 21:24:00,c2311-C-2520,c2311-C-2520,63.5,0.0,0.0,0.0,20,63.0,64.5,30,72.0,65.0,65.0,63.5,38.0,24450.0,344
2023-05-10 21:24:01,c2311-C-2520,c2311-C-2520,63.5,0.0,0.0,0.0,30,63.0,64.5,30,72.0,65.0,65.0,63.5,38.0,24450.0,344
2023-05-10 21:24:06,c2311-C-2520,c2311-C-2520,63.5,0.0,0.0,0.0,20,63.5,64.5,20,72.0,65.0,65.0,63.5,38.0,24450.0,344
2023-05-10 21:24:31,c2311-C-2520,c2311-C-2520,63.5,0.0,0.0,0.0,20,64.0,65.0,20,72.0,65.0,65.0,63.5,38.0,24450.0,344
2023-05-10 21:24:37,c2311-C-2520,c2311-C-2520,63.5,0.0,0.0,0.0,10,64.0,65.0,20,72.0,65.0,65.0,63.5,38.0,24450.0,344
2023-05-10 21:24:37,c2311-C-2520,c2311-C-2520,63.5,0.0,0.0,0.0,10,64.0,65.0,30,72.0,65.0,65.0,63.5,38.0,24450.0,344
2023-05-10 21:24:44,c2311-C-2520,c2311-C-2520,63.5,0.0,0.0,0.0,10,63.5,65.0,70,72.0,65.0,65.0,63.5,38.0,24450.0,344
2023-05-10 21:24:45,c2311-C-2520,c2311-C-2520,63.5,0.0,0.0,0.0,20,63.0,65.0,70,72.0,65.0,65.0,63.5,38.0,24450.0,344
2023-05-10 21:24:49,c2311-C-2520,c2311-C-2520,63.5,0.0,0.0,0.0,20,63.0,64.5,30,72.0,65.0,65.0,63.5,38.0,24450.0,344
2023-05-10 21:24:50,c2311-C-2520,c2311-C-2520,63.5,0.0,0.0,0.0,10,63.0,64.5,40,72.0,65.0,65.0,63.5,38.0,24450.0,344
2023-05-10 21:24:50,c2311-C-2520,c2311-C-2520,63.5,0.0,0.0,0.0,20,63.0,64.5,30,72.0,65.0,65.0,63.5,38.0,24450.0,344
2023-05-10 21:24:50,c2311-C-2520,c2311-C-2520,63.5,0.0,0.0,0.0,20,63.0,64.5,40,72.0,65.0,65.0,63.5,38.0,24450.0,344
2023-05-10 21:24:51,c2311-C-2520,c2311-C-2520,63.5,0.0,0.0,0.0,20,63.0,64.5,30,72.0,65.0,65.0,63.5,38.0,24450.0,344
2023-05-10 21:24:52,c2311-C-2520,c2311-C-2520,63.5,0.0,0.0,0.0,20,63.0,64.5,40,72.0,65.0,65.0,63.5,38.0,24450.0,344
2023-05-10 21:24:53,c2311-C-2520,c2311-C-2520,63.5,0.0,0.0,0.0,20,63.0,64.5,30,72.0,65.0,65.0,63.5,38.0,24450.0,344
2023-05-10 21:24:53,c2311-C-2520,c2311-C-2520,63.5,0.0,0.0,0.0,20,63.0,64.5,40,72.0,65.0,65.0,63.5,38.0,24450.0,344
2023-05-10 21:24:53,c2311-C-2520,c2311-C-2520,63.5,0.0,0.0,0.0,20,63.0,64.5,30,72.0,65.0,65.0,63.5,38.0,24450.0,344
2023-05-10 21:25:00,c2311-C-2520,c2311-C-2520,63.5,0.0,0.0,0.0,20,63.0,64.5,20,72.0,65.0,65.0,63.5,38.0,24450.0,344
2023-05-10 21:25:00,c2311-C-2520,c2311-C-2520,63.5,0.0,0.0,0.0,20,63.0,64.5,40,72.0,65.0,65.0,63.5,38.0,24450.0,344
2023-05-10 21:25:01,c2311-C-2520,c2311-C-2520,63.5,0.0,0.0,0.0,10,63.0,64.5,50,72.0,65.0,65.0,63.5,38.0,24450.0,344
2023-05-10 21:25:04,c2311-C-2520,c2311-C-2520,63.5,0.0,0.0,0.0,40,62.0,64.0,50,72.0,65.0,65.0,63.5,38.0,24450.0,344
2023-05-10 21:25:05,c2311-C-2520,c2311-C-2520,63.5,0.0,0.0,0.0,50,62.0,64.0,50,72.0,65.0,65.0,63.5,38.0,24450.0,344
2023-05-10 21:25:07,c2311-C-2520,c2311-C-2520,63.5,0.0,0.0,0.0,30,62.0,64.0,60,72.0,65.0,65.0,63.5,38.0,24450.0,344
2023-05-10 21:25:07,c2311-C-2520,c2311-C-2520,63.5,0.0,0.0,0.0,10,62.0,63.5,20,72.0,65.0,65.0,63.5,38.0,24450.0,344
2023-05-10 21:25:09,c2311-C-2520,c2311-C-2520,63.5,0.0,0.0,0.0,20,62.0,63.5,10,72.0,65.0,65.0,63.5,38.0,24450.0,344
2023-05-10 21:25:10,c2311-C-2520,c2311-C-2520,63.5,0.0,0.0,0.0,30,62.0,63.5,20,72.0,65.0,65.0,63.5,38.0,24450.0,344
2023-05-10 21:25:10,c2311-C-2520,c2311-C-2520,63.5,0.0,0.0,0.0,20,62.0,63.5,20,72.0,65.0,65.0,63.5,38.0,24450.0,344
2023-05-10 21:25:11,c2311-C-2520,c2311-C-2520,63.5,0.0,0.0,0.0,30,62.0,63.5,20,72.0,65.0,65.0,63.5,38.0,24450.0,344
2023-05-10 21:25:15,c2311-C-2520,c2311-C-2520,63.5,0.0,0.0,0.0,20,62.0,63.5,20,72.0,65.0,65.0,63.5,38.0,24450.0,344
2023-05-10 21:25:15,c2311-C-2520,c2311-C-2520,63.5,0.0,0.0,0.0,30,62.0,63.5,20,72.0,65.0,65.0,63.5,38.0,24450.0,344
2023-05-10 21:25:17,c2311-C-2520,c2311-C-2520,63.5,0.0,0.0,0.0,20,62.5,64.0,50,72.0,65.0,65.0,63.5,38.0,24450.0,344
2023-05-10 21:25:17,c2311-C-2520,c2311-C-2520,63.5,0.0,0.0,0.0,20,62.5,64.0,40,72.0,65.0,65.0,63.5,38.0,24450.0,344
2023-05-10 21:25:21,c2311-C-2520,c2311-C-2520,63.5,0.0,0.0,0.0,30,62.5,64.0,40,72.0,65.0,65.0,63.5,38.0,24450.0,344
2023-05-10 21:25:29,c2311-C-2520,c2311-C-2520,63.5,0.0,0.0,0.0,20,63.0,64.0,10,72.0,65.0,65.0,63.5,38.0,24450.0,344
2023-05-10 21:25:29,c2311-C-2520,c2311-C-2520,63.5,0.0,0.0,0.0,20,63.0,64.5,40,72.0,65.0,65.0,63.5,38.0,24450.0,344
2023-05-10 21:25:30,c2311-C-2520,c2311-C-2520,63.5,0.0,0.0,0.0,30,63.0,64.5,40,72.0,65.0,65.0,63.5,38.0,24450.0,344
2023-05-10 21:25:31,c2311-C-2520,c2311-C-2520,63.5,0.0,0.0,0.0,20,63.0,64.5,40,72.0,65.0,65.0,63.5,38.0,24450.0,344
2023-05-10 21:25:35,c2311-C-2520,c2311-C-2520,63.5,0.0,0.0,0.0,10,63.0,64.5,50,72.0,65.0,65.0,63.5,38.0,24450.0,344
2023-05-10 21:25:47,c2311-C-2520,c2311-C-2520,63.5,0.0,0.0,0.0,20,63.0,64.5,40,72.0,65.0,65.0,63.5,38.0,24450.0,344
2023-05-10 21:26:04,c2311-C-2520,c2311-C-2520,63.5,0.0,0.0,0.0,10,63.0,64.5,60,72.0,65.0,65.0,63.5,38.0,24450.0,344
2023-05-10 21:26:04,c2311-C-2520,c2311-C-2520,63.5,0.0,0.0,0.0,20,63.0,64.5,40,72.0,65.0,65.0,63.5,38.0,24450.0,344
2023-05-10 21:26:05,c2311-C-2520,c2311-C-2520,63.5,0.0,0.0,0.0,20,63.0,64.5,65,72.0,65.0,65.0,63.5,38.0,24450.0,344
2023-05-10 21:26:10,c2311-C-2520,c2311-C-2520,63.5,0.0,0.0,0.0,20,63.0,64.5,40,72.0,65.0,65.0,63.5,38.0,24450.0,344
2023-05-10 21:26:22,c2311-C-2520,c2311-C-2520,63.5,0.0,0.0,0.0,10,63.5,64.5,40,72.0,65.0,65.0,63.5,38.0,24450.0,344
2023-05-10 21:26:37,c2311-C-2520,c2311-C-2520,63.5,0.0,0.0,0.0,10,63.5,64.5,60,72.0,65.0,65.0,63.5,38.0,24450.0,344
2023-05-10 21:26:40,c2311-C-2520,c2311-C-2520,63.5,0.0,0.0,0.0,10,63.5,64.5,70,72.0,65.0,65.0,63.5,38.0,24450.0,344
2023-05-10 21:26:45,c2311-C-2520,c2311-C-2520,63.5,10.0,6350.0,10.0,10,63.0,64.0,33,72.0,65.0,65.0,63.5,48.0,30800.0,354
2023-05-10 21:26:45,c2311-C-2520,c2311-C-2520,63.5,0.0,0.0,0.0,10,63.0,64.0,43,72.0,65.0,65.0,63.5,48.0,30800.0,354
2023-05-10 21:26:47,c2311-C-2520,c2311-C-2520,63.5,0.0,0.0,0.0,10,63.0,64.0,33,72.0,65.0,65.0,63.5,48.0,30800.0,354
2023-05-10 21:26:50,c2311-C-2520,c2311-C-2520,63.5,0.0,0.0,0.0,20,63.0,64.0,33,72.0,65.0,65.0,63.5,48.0,30800.0,354
2023-05-10 21:26:50,c2311-C-2520,c2311-C-2520,63.5,0.0,0.0,0.0,10,63.0,64.0,33,72.0,65.0,65.0,63.5,48.0,30800.0,354
2023-05-10 21:26:51,c2311-C-2520,c2311-C-2520,63.5,0.0,0.0,0.0,20,63.0,64.0,33,72.0,65.0,65.0,63.5,48.0,30800.0,354
2023-05-10 21:26:52,c2311-C-2520,c2311-C-2520,63.5,0.0,0.0,0.0,20,63.0,64.0,23,72.0,65.0,65.0,63.5,48.0,30800.0,354
2023-05-10 21:26:52,c2311-C-2520,c2311-C-2520,63.5,0.0,0.0,0.0,20,63.0,64.0,33,72.0,65.0,65.0,63.5,48.0,30800.0,354
2023-05-10 21:26:53,c2311-C-2520,c2311-C-2520,63.5,0.0,0.0,0.0,10,63.0,64.0,33,72.0,65.0,65.0,63.5,48.0,30800.0,354
2023-05-10 21:27:04,c2311-C-2520,c2311-C-2520,63.5,0.0,0.0,0.0,20,63.0,64.0,33,72.0,65.0,65.0,63.5,48.0,30800.0,354
2023-05-10 21:27:05,c2311-C-2520,c2311-C-2520,63.5,0.0,0.0,0.0,20,63.0,64.0,48,72.0,65.0,65.0,63.5,48.0,30800.0,354
2023-05-10 21:27:06,c2311-C-2520,c2311-C-2520,63.5,0.0,0.0,0.0,10,63.0,64.0,48,72.0,65.0,65.0,63.5,48.0,30800.0,354
2023-05-10 21:27:10,c2311-C-2520,c2311-C-2520,63.5,0.0,0.0,0.0,20,63.0,64.0,48,72.0,65.0,65.0,63.5,48.0,30800.0,354
2023-05-10 21:27:12,c2311-C-2520,c2311-C-2520,63.5,0.0,0.0,0.0,10,63.0,64.0,48,72.0,65.0,65.0,63.5,48.0,30800.0,354
2023-05-10 21:27:13,c2311-C-2520,c2311-C-2520,63.5,0.0,0.0,0.0,20,63.0,64.0,48,72.0,65.0,65.0,63.5,48.0,30800.0,354
2023-05-10 21:27:13,c2311-C-2520,c2311-C-2520,63.5,0.0,0.0,0.0,10,63.0,64.0,48,72.0,65.0,65.0,63.5,48.0,30800.0,354
2023-05-10 21:27:14,c2311-C-2520,c2311-C-2520,63.5,0.0,0.0,0.0,20,63.0,64.0,48,72.0,65.0,65.0,63.5,48.0,30800.0,354
2023-05-10 21:27:16,c2311-C-2520,c2311-C-2520,63.5,0.0,0.0,0.0,33,62.5,64.0,48,72.0,65.0,65.0,63.5,48.0,30800.0,354
2023-05-10 21:27:17,c2311-C-2520,c2311-C-2520,63.5,0.0,0.0,0.0,23,62.5,64.0,68,72.0,65.0,65.0,63.5,48.0,30800.0,354
2023-05-10 21:27:18,c2311-C-2520,c2311-C-2520,63.5,0.0,0.0,0.0,23,62.5,64.0,78,72.0,65.0,65.0,63.5,48.0,30800.0,354
2023-05-10 21:27:20,c2311-C-2520,c2311-C-2520,63.5,0.0,0.0,0.0,23,62.5,64.0,53,72.0,65.0,65.0,63.5,48.0,30800.0,354
2023-05-10 21:27:20,c2311-C-2520,c2311-C-2520,63.5,0.0,0.0,0.0,23,62.5,64.0,63,72.0,65.0,65.0,63.5,48.0,30800.0,354
2023-05-10 21:27:25,c2311-C-2520,c2311-C-2520,63.5,0.0,0.0,0.0,20,62.5,64.0,63,72.0,65.0,65.0,63.5,48.0,30800.0,354
2023-05-10 21:27:26,c2311-C-2520,c2311-C-2520,63.5,0.0,0.0,0.0,10,62.5,64.0,73,72.0,65.0,65.0,63.5,48.0,30800.0,354
2023-05-10 21:27:27,c2311-C-2520,c2311-C-2520,63.5,0.0,0.0,0.0,20,62.5,64.0,73,72.0,65.0,65.0,63.5,48.0,30800.0,354
2023-05-10 21:27:27,c2311-C-2520,c2311-C-2520,63.5,0.0,0.0,0.0,10,62.5,64.0,73,72.0,65.0,65.0,63.5,48.0,30800.0,354
2023-05-10 21:27:29,c2311-C-2520,c2311-C-2520,63.5,0.0,0.0,0.0,20,62.5,64.0,63,72.0,65.0,65.0,63.5,48.0,30800.0,354
2023-05-10 21:27:29,c2311-C-2520,c2311-C-2520,63.5,0.0,0.0,0.0,20,62.5,64.0,53,72.0,65.0,65.0,63.5,48.0,30800.0,354
2023-05-10 21:27:30,c2311-C-2520,c2311-C-2520,63.5,0.0,0.0,0.0,20,62.5,64.0,63,72.0,65.0,65.0,63.5,48.0,30800.0,354
2023-05-10 21:27:31,c2311-C-2520,c2311-C-2520,63.5,0.0,0.0,0.0,20,62.5,64.0,53,72.0,65.0,65.0,63.5,48.0,30800.0,354
2023-05-10 21:27:33,c2311-C-2520,c2311-C-2520,63.5,0.0,0.0,0.0,20,62.5,64.0,63,72.0,65.0,65.0,63.5,48.0,30800.0,354
2023-05-10 21:27:41,c2311-C-2520,c2311-C-2520,63.5,0.0,0.0,0.0,20,62.5,64.0,53,72.0,65.0,65.0,63.5,48.0,30800.0,354
2023-05-10 21:27:41,c2311-C-2520,c2311-C-2520,63.5,0.0,0.0,0.0,30,62.5,64.0,53,72.0,65.0,65.0,63.5,48.0,30800.0,354
2023-05-10 21:27:42,c2311-C-2520,c2311-C-2520,63.5,0.0,0.0,0.0,20,62.5,64.0,53,72.0,65.0,65.0,63.5,48.0,30800.0,354
2023-05-10 21:27:42,c2311-C-2520,c2311-C-2520,63.5,0.0,0.0,0.0,20,62.5,64.0,63,72.0,65.0,65.0,63.5,48.0,30800.0,354
2023-05-10 21:27:44,c2311-C-2520,c2311-C-2520,63.5,0.0,0.0,0.0,10,62.5,64.0,98,72.0,65.0,65.0,63.5,48.0,30800.0,354
2023-05-10 21:27:45,c2311-C-2520,c2311-C-2520,63.5,0.0,0.0,0.0,10,62.5,64.0,73,72.0,65.0,65.0,63.5,48.0,30800.0,354
2023-05-10 21:27:46,c2311-C-2520,c2311-C-2520,63.5,0.0,0.0,0.0,20,62.5,64.0,73,72.0,65.0,65.0,63.5,48.0,30800.0,354
2023-05-10 21:27:47,c2311-C-2520,c2311-C-2520,63.5,0.0,0.0,0.0,20,62.5,64.0,63,72.0,65.0,65.0,63.5,48.0,30800.0,354
2023-05-10 21:27:51,c2311-C-2520,c2311-C-2520,63.5,0.0,0.0,0.0,10,62.5,64.0,73,72.0,65.0,65.0,63.5,48.0,30800.0,354
2023-05-10 21:27:52,c2311-C-2520,c2311-C-2520,63.5,0.0,0.0,0.0,20,62.5,64.0,73,72.0,65.0,65.0,63.5,48.0,30800.0,354
2023-05-10 21:27:52,c2311-C-2520,c2311-C-2520,63.5,0.0,0.0,0.0,20,62.5,64.0,63,72.0,65.0,65.0,63.5,48.0,30800.0,354
2023-05-10 21:27:57,c2311-C-2520,c2311-C-2520,63.5,0.0,0.0,0.0,20,62.5,64.0,53,72.0,65.0,65.0,63.5,48.0,30800.0,354
2023-05-10 21:27:57,c2311-C-2520,c2311-C-2520,63.5,0.0,0.0,0.0,20,62.5,64.0,63,72.0,65.0,65.0,63.5,48.0,30800.0,354
2023-05-10 21:27:59,c2311-C-2520,c2311-C-2520,63.5,0.0,0.0,0.0,40,62.5,64.0,43,72.0,65.0,65.0,63.5,48.0,30800.0,354
2023-05-10 21:28:00,c2311-C-2520,c2311-C-2520,63.5,0.0,0.0,0.0,10,62.5,64.0,98,72.0,65.0,65.0,63.5,48.0,30800.0,354
2023-05-10 21:28:00,c2311-C-2520,c2311-C-2520,63.5,0.0,0.0,0.0,10,62.5,64.0,88,72.0,65.0,65.0,63.5,48.0,30800.0,354
2023-05-10 21:28:05,c2311-C-2520,c2311-C-2520,63.5,0.0,0.0,0.0,10,62.5,64.0,63,72.0,65.0,65.0,63.5,48.0,30800.0,354
2023-05-10 21:28:06,c2311-C-2520,c2311-C-2520,63.5,0.0,0.0,0.0,20,62.5,64.0,63,72.0,65.0,65.0,63.5,48.0,30800.0,354
2023-05-10 21:28:07,c2311-C-2520,c2311-C-2520,63.5,0.0,0.0,0.0,10,62.5,64.0,63,72.0,65.0,65.0,63.5,48.0,30800.0,354
2023-05-10 21:28:07,c2311-C-2520,c2311-C-2520,63.5,0.0,0.0,0.0,20,62.5,64.0,63,72.0,65.0,65.0,63.5,48.0,30800.0,354
2023-05-10 21:28:08,c2311-C-2520,c2311-C-2520,63.5,0.0,0.0,0.0,10,62.5,64.0,63,72.0,65.0,65.0,63.5,48.0,30800.0,354
2023-05-10 21:28:14,c2311-C-2520,c2311-C-2520,63.5,0.0,0.0,0.0,20,62.5,64.0,53,72.0,65.0,65.0,63.5,48.0,30800.0,354
2023-05-10 21:28:18,c2311-C-2520,c2311-C-2520,63.5,0.0,0.0,0.0,30,62.5,64.0,53,72.0,65.0,65.0,63.5,48.0,30800.0,354
2023-05-10 21:28:19,c2311-C-2520,c2311-C-2520,63.5,0.0,0.0,0.0,20,62.5,64.0,53,72.0,65.0,65.0,63.5,48.0,30800.0,354
2023-05-10 21:28:20,c2311-C-2520,c2311-C-2520,63.5,0.0,0.0,0.0,30,62.5,64.0,53,72.0,65.0,65.0,63.5,48.0,30800.0,354
2023-05-10 21:28:22,c2311-C-2520,c2311-C-2520,63.5,0.0,0.0,0.0,20,62.5,64.0,53,72.0,65.0,65.0,63.5,48.0,30800.0,354
2023-05-10 21:28:23,c2311-C-2520,c2311-C-2520,63.5,0.0,0.0,0.0,30,62.5,64.0,53,72.0,65.0,65.0,63.5,48.0,30800.0,354
2023-05-10 21:28:27,c2311-C-2520,c2311-C-2520,63.5,0.0,0.0,0.0,20,62.5,64.0,53,72.0,65.0,65.0,63.5,48.0,30800.0,354
2023-05-10 21:28:35,c2311-C-2520,c2311-C-2520,63.5,0.0,0.0,0.0,30,62.5,64.0,53,72.0,65.0,65.0,63.5,48.0,30800.0,354
2023-05-10 21:28:41,c2311-C-2520,c2311-C-2520,63.5,0.0,0.0,0.0,20,62.5,64.0,53,72.0,65.0,65.0,63.5,48.0,30800.0,354
2023-05-10 21:29:24,c2311-C-2520,c2311-C-2520,63.5,0.0,0.0,0.0,30,62.5,64.0,53,72.0,65.0,65.0,63.5,48.0,30800.0,354
2023-05-10 21:29:29,c2311-C-2520,c2311-C-2520,63.5,0.0,0.0,0.0,20,62.5,64.0,53,72.0,65.0,65.0,63.5,48.0,30800.0,354
2023-05-10 21:29:38,c2311-C-2520,c2311-C-2520,63.5,0.0,0.0,0.0,30,62.5,64.0,53,72.0,65.0,65.0,63.5,48.0,30800.0,354
2023-05-10 21:29:39,c2311-C-2520,c2311-C-2520,63.5,0.0,0.0,0.0,10,63.0,64.0,53,72.0,65.0,65.0,63.5,48.0,30800.0,354
2023-05-10 21:29:40,c2311-C-2520,c2311-C-2520,63.5,0.0,0.0,0.0,30,62.5,64.0,53,72.0,65.0,65.0,63.5,48.0,30800.0,354
2023-05-10 21:29:41,c2311-C-2520,c2311-C-2520,63.5,0.0,0.0,0.0,40,62.5,64.0,53,72.0,65.0,65.0,63.5,48.0,30800.0,354
2023-05-10 21:29:42,c2311-C-2520,c2311-C-2520,63.5,0.0,0.0,0.0,10,63.0,64.0,13,72.0,65.0,65.0,63.5,48.0,30800.0,354
2023-05-10 21:29:42,c2311-C-2520,c2311-C-2520,63.5,0.0,0.0,0.0,40,62.5,64.0,23,72.0,65.0,65.0,63.5,48.0,30800.0,354
2023-05-10 21:29:43,c2311-C-2520,c2311-C-2520,63.5,0.0,0.0,0.0,30,62.5,64.0,43,72.0,65.0,65.0,63.5,48.0,30800.0,354
2023-05-10 21:30:04,c2311-C-2520,c2311-C-2520,63.5,0.0,0.0,0.0,10,63.0,64.0,23,72.0,65.0,65.0,63.5,48.0,30800.0,354
2023-05-10 21:30:04,c2311-C-2520,c2311-C-2520,63.5,0.0,0.0,0.0,10,63.0,64.0,33,72.0,65.0,65.0,63.5,48.0,30800.0,354
2023-05-10 21:30:05,c2311-C-2520,c2311-C-2520,63.5,0.0,0.0,0.0,10,63.0,64.0,58,72.0,65.0,65.0,63.5,48.0,30800.0,354
2023-05-10 21:30:06,c2311-C-2520,c2311-C-2520,63.5,0.0,0.0,0.0,40,62.5,64.0,68,72.0,65.0,65.0,63.5,48.0,30800.0,354
2023-05-10 21:30:06,c2311-C-2520,c2311-C-2520,63.5,0.0,0.0,0.0,30,62.5,64.0,68,72.0,65.0,65.0,63.5,48.0,30800.0,354
2023-05-10 21:30:09,c2311-C-2520,c2311-C-2520,63.5,0.0,0.0,0.0,10,63.0,64.0,68,72.0,65.0,65.0,63.5,48.0,30800.0,354
2023-05-10 21:30:15,c2311-C-2520,c2311-C-2520,63.5,0.0,0.0,0.0,30,62.5,64.0,43,72.0,65.0,65.0,63.5,48.0,30800.0,354
2023-05-10 21:30:18,c2311-C-2520,c2311-C-2520,63.5,0.0,0.0,0.0,10,63.0,64.0,43,72.0,65.0,65.0,63.5,48.0,30800.0,354
2023-05-10 21:30:20,c2311-C-2520,c2311-C-2520,63.5,0.0,0.0,0.0,10,63.0,64.0,68,72.0,65.0,65.0,63.5,48.0,30800.0,354
2023-05-10 21:30:21,c2311-C-2520,c2311-C-2520,63.5,0.0,0.0,0.0,20,62.5,64.0,78,72.0,65.0,65.0,63.5,48.0,30800.0,354
2023-05-10 21:30:23,c2311-C-2520,c2311-C-2520,63.5,0.0,0.0,0.0,20,62.5,64.0,68,72.0,65.0,65.0,63.5,48.0,30800.0,354
2023-05-10 21:30:25,c2311-C-2520,c2311-C-2520,63.5,0.0,0.0,0.0,20,62.5,64.0,43,72.0,65.0,65.0,63.5,48.0,30800.0,354
2023-05-10 21:30:26,c2311-C-2520,c2311-C-2520,63.5,0.0,0.0,0.0,30,62.5,64.0,43,72.0,65.0,65.0,63.5,48.0,30800.0,354
2023-05-10 21:30:29,c2311-C-2520,c2311-C-2520,63.5,0.0,0.0,0.0,20,62.5,64.0,43,72.0,65.0,65.0,63.5,48.0,30800.0,354
2023-05-10 21:30:30,c2311-C-2520,c2311-C-2520,63.5,0.0,0.0,0.0,10,63.0,64.0,43,72.0,65.0,65.0,63.5,48.0,30800.0,354
2023-05-10 21:30:31,c2311-C-2520,c2311-C-2520,63.5,0.0,0.0,0.0,20,62.5,64.0,43,72.0,65.0,65.0,63.5,48.0,30800.0,354
2023-05-10 21:30:33,c2311-C-2520,c2311-C-2520,63.5,0.0,0.0,0.0,10,63.0,64.0,43,72.0,65.0,65.0,63.5,48.0,30800.0,354
2023-05-10 21:30:35,c2311-C-2520,c2311-C-2520,63.5,0.0,0.0,0.0,10,63.0,64.0,68,72.0,65.0,65.0,63.5,48.0,30800.0,354
2023-05-10 21:30:53,c2311-C-2520,c2311-C-2520,63.5,0.0,0.0,0.0,10,63.0,64.0,45,72.0,65.0,65.0,63.5,48.0,30800.0,354
2023-05-10 21:30:54,c2311-C-2520,c2311-C-2520,63.5,0.0,0.0,0.0,10,63.0,64.0,55,72.0,65.0,65.0,63.5,48.0,30800.0,354
2023-05-10 21:31:00,c2311-C-2520,c2311-C-2520,63.5,0.0,0.0,0.0,10,63.5,64.5,68,72.0,65.0,65.0,63.5,48.0,30800.0,354
2023-05-10 21:31:01,c2311-C-2520,c2311-C-2520,63.5,0.0,0.0,0.0,10,63.5,64.5,75,72.0,65.0,65.0,63.5,48.0,30800.0,354
2023-05-10 21:31:01,c2311-C-2520,c2311-C-2520,63.5,0.0,0.0,0.0,20,63.5,64.5,65,72.0,65.0,65.0,63.5,48.0,30800.0,354
2023-05-10 21:31:18,c2311-C-2520,c2311-C-2520,63.5,0.0,0.0,0.0,10,63.5,64.5,75,72.0,65.0,65.0,63.5,48.0,30800.0,354
2023-05-10 21:31:35,c2311-C-2520,c2311-C-2520,63.5,0.0,0.0,0.0,20,63.5,64.0,10,72.0,65.0,65.0,63.5,48.0,30800.0,354
2023-05-10 21:31:36,c2311-C-2520,c2311-C-2520,63.5,0.0,0.0,0.0,20,63.5,64.5,75,72.0,65.0,65.0,63.5,48.0,30800.0,354
2023-05-10 21:31:49,c2311-C-2520,c2311-C-2520,63.5,0.0,0.0,0.0,10,63.5,64.5,75,72.0,65.0,65.0,63.5,48.0,30800.0,354
2023-05-10 21:32:20,c2311-C-2520,c2311-C-2520,63.5,0.0,0.0,0.0,10,63.0,64.5,75,72.0,65.0,65.0,63.5,48.0,30800.0,354
2023-05-10 21:32:22,c2311-C-2520,c2311-C-2520,63.5,0.0,0.0,0.0,10,63.0,64.0,20,72.0,65.0,65.0,63.5,48.0,30800.0,354
2023-05-10 21:32:25,c2311-C-2520,c2311-C-2520,63.5,0.0,0.0,0.0,10,63.0,64.0,30,72.0,65.0,65.0,63.5,48.0,30800.0,354
2023-05-10 21:32:27,c2311-C-2520,c2311-C-2520,63.5,0.0,0.0,0.0,20,63.5,64.0,10,72.0,65.0,65.0,63.5,48.0,30800.0,354
2023-05-10 21:32:28,c2311-C-2520,c2311-C-2520,63.5,0.0,0.0,0.0,20,63.5,64.0,20,72.0,65.0,65.0,63.5,48.0,30800.0,354
2023-05-10 21:32:28,c2311-C-2520,c2311-C-2520,63.5,0.0,0.0,0.0,20,63.5,64.0,10,72.0,65.0,65.0,63.5,48.0,30800.0,354
2023-05-10 21:32:31,c2311-C-2520,c2311-C-2520,63.5,0.0,0.0,0.0,20,63.5,64.5,75,72.0,65.0,65.0,63.5,48.0,30800.0,354
2023-05-10 21:32:49,c2311-C-2520,c2311-C-2520,63.5,0.0,0.0,0.0,10,63.5,64.5,75,72.0,65.0,65.0,63.5,48.0,30800.0,354
2023-05-10 21:33:24,c2311-C-2520,c2311-C-2520,63.5,0.0,0.0,0.0,45,63.5,64.5,20,72.0,65.0,65.0,63.5,48.0,30800.0,354
2023-05-10 21:33:25,c2311-C-2520,c2311-C-2520,63.5,0.0,0.0,0.0,10,63.5,64.5,45,72.0,65.0,65.0,63.5,48.0,30800.0,354
2023-05-10 21:33:25,c2311-C-2520,c2311-C-2520,63.5,0.0,0.0,0.0,10,63.5,64.5,65,72.0,65.0,65.0,63.5,48.0,30800.0,354
2023-05-10 21:33:45,c2311-C-2520,c2311-C-2520,63.5,0.0,0.0,0.0,10,63.5,64.5,40,72.0,65.0,65.0,63.5,48.0,30800.0,354
2023-05-10 21:33:50,c2311-C-2520,c2311-C-2520,63.5,0.0,0.0,0.0,10,63.5,64.5,65,72.0,65.0,65.0,63.5,48.0,30800.0,354
2023-05-10 21:33:59,c2311-C-2520,c2311-C-2520,63.5,0.0,0.0,0.0,20,63.5,64.5,40,72.0,65.0,65.0,63.5,48.0,30800.0,354
2023-05-10 21:33:59,c2311-C-2520,c2311-C-2520,63.5,0.0,0.0,0.0,20,63.5,64.5,30,72.0,65.0,65.0,63.5,48.0,30800.0,354
2023-05-10 21:34:00,c2311-C-2520,c2311-C-2520,63.5,0.0,0.0,0.0,20,63.5,64.5,45,72.0,65.0,65.0,63.5,48.0,30800.0,354
2023-05-10 21:34:00,c2311-C-2520,c2311-C-2520,63.5,0.0,0.0,0.0,10,63.5,64.5,55,72.0,65.0,65.0,63.5,48.0,30800.0,354
2023-05-10 21:34:03,c2311-C-2520,c2311-C-2520,63.5,0.0,0.0,0.0,10,63.5,64.5,65,72.0,65.0,65.0,63.5,48.0,30800.0,354
2023-05-10 21:34:12,c2311-C-2520,c2311-C-2520,63.5,0.0,0.0,0.0,20,63.5,64.5,45,72.0,65.0,65.0,63.5,48.0,30800.0,354
2023-05-10 21:34:12,c2311-C-2520,c2311-C-2520,63.5,0.0,0.0,0.0,20,63.5,64.5,35,72.0,65.0,65.0,63.5,48.0,30800.0,354
2023-05-10 21:34:14,c2311-C-2520,c2311-C-2520,63.5,0.0,0.0,0.0,10,63.5,64.5,35,72.0,65.0,65.0,63.5,48.0,30800.0,354
2023-05-10 21:34:15,c2311-C-2520,c2311-C-2520,63.5,0.0,0.0,0.0,10,63.5,64.5,55,72.0,65.0,65.0,63.5,48.0,30800.0,354
2023-05-10 21:34:16,c2311-C-2520,c2311-C-2520,63.5,0.0,0.0,0.0,10,63.5,64.5,45,72.0,65.0,65.0,63.5,48.0,30800.0,354
2023-05-10 21:34:20,c2311-C-2520,c2311-C-2520,63.5,0.0,0.0,0.0,10,63.5,64.5,55,72.0,65.0,65.0,63.5,48.0,30800.0,354
2023-05-10 21:34:23,c2311-C-2520,c2311-C-2520,63.5,0.0,0.0,0.0,20,63.5,64.5,55,72.0,65.0,65.0,63.5,48.0,30800.0,354
2023-05-10 21:34:23,c2311-C-2520,c2311-C-2520,63.5,0.0,0.0,0.0,20,63.5,64.5,45,72.0,65.0,65.0,63.5,48.0,30800.0,354
2023-05-10 21:34:24,c2311-C-2520,c2311-C-2520,63.5,0.0,0.0,0.0,20,63.5,64.5,35,72.0,65.0,65.0,63.5,48.0,30800.0,354
2023-05-10 21:34:37,c2311-C-2520,c2311-C-2520,63.5,0.0,0.0,0.0,40,63.5,64.5,35,72.0,65.0,65.0,63.5,48.0,30800.0,354
2023-05-10 21:34:38,c2311-C-2520,c2311-C-2520,63.5,0.0,0.0,0.0,20,63.5,64.5,35,72.0,65.0,65.0,63.5,48.0,30800.0,354
2023-05-10 21:34:38,c2311-C-2520,c2311-C-2520,63.5,0.0,0.0,0.0,20,63.5,64.5,45,72.0,65.0,65.0,63.5,48.0,30800.0,354
2023-05-10 21:34:59,c2311-C-2520,c2311-C-2520,63.5,0.0,0.0,0.0,20,63.5,64.5,55,72.0,65.0,65.0,63.5,48.0,30800.0,354
2023-05-10 21:35:04,c2311-C-2520,c2311-C-2520,63.5,0.0,0.0,0.0,20,63.5,64.5,45,72.0,65.0,65.0,63.5,48.0,30800.0,354
2023-05-10 21:35:04,c2311-C-2520,c2311-C-2520,63.5,0.0,0.0,0.0,20,63.5,64.5,55,72.0,65.0,65.0,63.5,48.0,30800.0,354
2023-05-10 21:35:17,c2311-C-2520,c2311-C-2520,63.5,0.0,0.0,0.0,20,63.5,64.5,65,72.0,65.0,65.0,63.5,48.0,30800.0,354
2023-05-10 21:35:20,c2311-C-2520,c2311-C-2520,63.5,0.0,0.0,0.0,20,63.5,64.5,55,72.0,65.0,65.0,63.5,48.0,30800.0,354
2023-05-10 21:35:23,c2311-C-2520,c2311-C-2520,63.5,0.0,0.0,0.0,10,63.5,64.5,55,72.0,65.0,65.0,63.5,48.0,30800.0,354
2023-05-10 21:35:27,c2311-C-2520,c2311-C-2520,63.5,0.0,0.0,0.0,20,63.0,64.5,55,72.0,65.0,65.0,63.5,48.0,30800.0,354
2023-05-10 21:35:42,c2311-C-2520,c2311-C-2520,63.5,0.0,0.0,0.0,10,63.0,64.5,65,72.0,65.0,65.0,63.5,48.0,30800.0,354
2023-05-10 21:35:43,c2311-C-2520,c2311-C-2520,63.5,0.0,0.0,0.0,20,63.0,64.5,55,72.0,65.0,65.0,63.5,48.0,30800.0,354
2023-05-10 21:35:52,c2311-C-2520,c2311-C-2520,63.5,0.0,0.0,0.0,10,63.0,64.5,65,72.0,65.0,65.0,63.5,48.0,30800.0,354
2023-05-10 21:35:52,c2311-C-2520,c2311-C-2520,63.5,0.0,0.0,0.0,10,63.0,64.5,75,72.0,65.0,65.0,63.5,48.0,30800.0,354
2023-05-10 21:35:55,c2311-C-2520,c2311-C-2520,63.5,0.0,0.0,0.0,10,63.0,64.5,50,72.0,65.0,65.0,63.5,48.0,30800.0,354
2023-05-10 21:36:00,c2311-C-2520,c2311-C-2520,63.5,0.0,0.0,0.0,30,63.0,64.5,40,72.0,65.0,65.0,63.5,48.0,30800.0,354
2023-05-10 21:36:01,c2311-C-2520,c2311-C-2520,63.5,0.0,0.0,0.0,40,63.0,64.5,50,72.0,65.0,65.0,63.5,48.0,30800.0,354
2023-05-10 21:36:01,c2311-C-2520,c2311-C-2520,63.5,0.0,0.0,0.0,30,63.0,64.5,50,72.0,65.0,65.0,63.5,48.0,30800.0,354
2023-05-10 21:36:01,c2311-C-2520,c2311-C-2520,63.5,0.0,0.0,0.0,40,63.0,64.5,50,72.0,65.0,65.0,63.5,48.0,30800.0,354
2023-05-10 21:36:02,c2311-C-2520,c2311-C-2520,63.5,0.0,0.0,0.0,20,63.0,64.5,50,72.0,65.0,65.0,63.5,48.0,30800.0,354
2023-05-10 21:36:03,c2311-C-2520,c2311-C-2520,63.5,0.0,0.0,0.0,40,63.0,64.5,50,72.0,65.0,65.0,63.5,48.0,30800.0,354
2023-05-10 21:36:05,c2311-C-2520,c2311-C-2520,63.5,0.0,0.0,0.0,65,63.0,64.5,75,72.0,65.0,65.0,63.5,48.0,30800.0,354
2023-05-10 21:36:05,c2311-C-2520,c2311-C-2520,63.5,0.0,0.0,0.0,55,63.0,64.5,75,72.0,65.0,65.0,63.5,48.0,30800.0,354
2023-05-10 21:36:06,c2311-C-2520,c2311-C-2520,63.5,0.0,0.0,0.0,55,63.0,64.5,65,72.0,65.0,65.0,63.5,48.0,30800.0,354
2023-05-10 21:36:06,c2311-C-2520,c2311-C-2520,63.5,0.0,0.0,0.0,45,63.0,64.5,65,72.0,65.0,65.0,63.5,48.0,30800.0,354
2023-05-10 21:36:11,c2311-C-2520,c2311-C-2520,63.5,0.0,0.0,0.0,10,63.0,64.0,10,72.0,65.0,65.0,63.5,48.0,30800.0,354
2023-05-10 21:36:11,c2311-C-2520,c2311-C-2520,63.5,0.0,0.0,0.0,10,63.0,64.0,20,72.0,65.0,65.0,63.5,48.0,30800.0,354
2023-05-10 21:36:12,c2311-C-2520,c2311-C-2520,63.5,0.0,0.0,0.0,10,63.0,64.0,30,72.0,65.0,65.0,63.5,48.0,30800.0,354
2023-05-10 21:36:14,c2311-C-2520,c2311-C-2520,63.5,0.0,0.0,0.0,10,63.0,64.0,20,72.0,65.0,65.0,63.5,48.0,30800.0,354
2023-05-10 21:36:16,c2311-C-2520,c2311-C-2520,63.5,0.0,0.0,0.0,20,63.0,64.0,20,72.0,65.0,65.0,63.5,48.0,30800.0,354
2023-05-10 21:36:16,c2311-C-2520,c2311-C-2520,63.5,0.0,0.0,0.0,20,63.0,64.0,10,72.0,65.0,65.0,63.5,48.0,30800.0,354
2023-05-10 21:36:38,c2311-C-2520,c2311-C-2520,63.5,0.0,0.0,0.0,20,63.0,64.0,20,72.0,65.0,65.0,63.5,48.0,30800.0,354
2023-05-10 21:36:42,c2311-C-2520,c2311-C-2520,63.5,0.0,0.0,0.0,10,63.5,64.0,10,72.0,65.0,65.0,63.5,48.0,30800.0,354
2023-05-10 21:36:42,c2311-C-2520,c2311-C-2520,63.5,0.0,0.0,0.0,10,63.5,64.5,35,72.0,65.0,65.0,63.5,48.0,30800.0,354
2023-05-10 21:36:43,c2311-C-2520,c2311-C-2520,63.5,0.0,0.0,0.0,20,63.5,64.5,45,72.0,65.0,65.0,63.5,48.0,30800.0,354
2023-05-10 21:37:13,c2311-C-2520,c2311-C-2520,63.5,0.0,0.0,0.0,20,63.5,64.5,55,72.0,65.0,65.0,63.5,48.0,30800.0,354
2023-05-10 21:37:15,c2311-C-2520,c2311-C-2520,63.5,0.0,0.0,0.0,20,63.5,64.5,45,72.0,65.0,65.0,63.5,48.0,30800.0,354
2023-05-10 21:37:23,c2311-C-2520,c2311-C-2520,63.5,0.0,0.0,0.0,10,63.5,64.5,45,72.0,65.0,65.0,63.5,48.0,30800.0,354
2023-05-10 21:37:27,c2311-C-2520,c2311-C-2520,63.5,0.0,0.0,0.0,10,63.5,64.5,65,72.0,65.0,65.0,63.5,48.0,30800.0,354
2023-05-10 21:37:27,c2311-C-2520,c2311-C-2520,63.5,0.0,0.0,0.0,20,63.0,64.5,65,72.0,65.0,65.0,63.5,48.0,30800.0,354
2023-05-10 21:37:29,c2311-C-2520,c2311-C-2520,63.5,0.0,0.0,0.0,30,63.0,64.5,65,72.0,65.0,65.0,63.5,48.0,30800.0,354
2023-05-10 21:37:29,c2311-C-2520,c2311-C-2520,63.5,0.0,0.0,0.0,40,63.0,64.5,65,72.0,65.0,65.0,63.5,48.0,30800.0,354
2023-05-10 21:37:30,c2311-C-2520,c2311-C-2520,63.5,0.0,0.0,0.0,20,63.0,64.5,85,72.0,65.0,65.0,63.5,48.0,30800.0,354
2023-05-10 21:37:31,c2311-C-2520,c2311-C-2520,63.5,0.0,0.0,0.0,10,63.0,64.5,85,72.0,65.0,65.0,63.5,48.0,30800.0,354
2023-05-10 21:37:35,c2311-C-2520,c2311-C-2520,63.5,0.0,0.0,0.0,10,63.0,64.5,60,72.0,65.0,65.0,63.5,48.0,30800.0,354
2023-05-10 21:37:38,c2311-C-2520,c2311-C-2520,63.5,0.0,0.0,0.0,10,63.0,64.5,70,72.0,65.0,65.0,63.5,48.0,30800.0,354
2023-05-10 21:37:47,c2311-C-2520,c2311-C-2520,63.5,0.0,0.0,0.0,30,62.5,64.0,20,72.0,65.0,65.0,63.5,48.0,30800.0,354
2023-05-10 21:37:47,c2311-C-2520,c2311-C-2520,63.5,0.0,0.0,0.0,30,62.5,64.0,40,72.0,65.0,65.0,63.5,48.0,30800.0,354
2023-05-10 21:37:50,c2311-C-2520,c2311-C-2520,63.5,0.0,0.0,0.0,20,62.5,64.0,40,72.0,65.0,65.0,63.5,48.0,30800.0,354
2023-05-10 21:37:51,c2311-C-2520,c2311-C-2520,63.5,0.0,0.0,0.0,30,62.5,64.0,40,72.0,65.0,65.0,63.5,48.0,30800.0,354
2023-05-10 21:37:52,c2311-C-2520,c2311-C-2520,63.5,0.0,0.0,0.0,20,62.5,64.0,40,72.0,65.0,65.0,63.5,48.0,30800.0,354
2023-05-10 21:37:53,c2311-C-2520,c2311-C-2520,63.5,0.0,0.0,0.0,20,62.5,64.0,50,72.0,65.0,65.0,63.5,48.0,30800.0,354
2023-05-10 21:37:56,c2311-C-2520,c2311-C-2520,63.5,0.0,0.0,0.0,20,62.5,64.0,40,72.0,65.0,65.0,63.5,48.0,30800.0,354
2023-05-10 21:37:57,c2311-C-2520,c2311-C-2520,63.5,0.0,0.0,0.0,20,62.5,64.0,50,72.0,65.0,65.0,63.5,48.0,30800.0,354
2023-05-10 21:38:02,c2311-C-2520,c2311-C-2520,63.5,0.0,0.0,0.0,20,62.5,64.0,40,72.0,65.0,65.0,63.5,48.0,30800.0,354
2023-05-10 21:38:05,c2311-C-2520,c2311-C-2520,63.5,0.0,0.0,0.0,50,62.0,64.0,50,72.0,65.0,65.0,63.5,48.0,30800.0,354
2023-05-10 21:38:05,c2311-C-2520,c2311-C-2520,63.5,0.0,0.0,0.0,40,62.0,64.0,60,72.0,65.0,65.0,63.5,48.0,30800.0,354
2023-05-10 21:38:06,c2311-C-2520,c2311-C-2520,63.5,0.0,0.0,0.0,30,62.0,64.0,60,72.0,65.0,65.0,63.5,48.0,30800.0,354
2023-05-10 21:38:09,c2311-C-2520,c2311-C-2520,63.5,0.0,0.0,0.0,30,62.0,63.5,40,72.0,65.0,65.0,63.5,48.0,30800.0,354
2023-05-10 21:38:09,c2311-C-2520,c2311-C-2520,63.5,0.0,0.0,0.0,30,62.0,63.5,50,72.0,65.0,65.0,63.5,48.0,30800.0,354
2023-05-10 21:38:09,c2311-C-2520,c2311-C-2520,63.5,0.0,0.0,0.0,20,62.0,63.5,60,72.0,65.0,65.0,63.5,48.0,30800.0,354
2023-05-10 21:38:11,c2311-C-2520,c2311-C-2520,63.5,0.0,0.0,0.0,10,62.0,63.5,60,72.0,65.0,65.0,63.5,48.0,30800.0,354
2023-05-10 21:38:11,c2311-C-2520,c2311-C-2520,63.5,0.0,0.0,0.0,20,62.0,63.5,50,72.0,65.0,65.0,63.5,48.0,30800.0,354
2023-05-10 21:38:12,c2311-C-2520,c2311-C-2520,63.5,0.0,0.0,0.0,20,62.0,63.5,60,72.0,65.0,65.0,63.5,48.0,30800.0,354
2023-05-10 21:38:12,c2311-C-2520,c2311-C-2520,63.5,0.0,0.0,0.0,20,62.0,63.5,50,72.0,65.0,65.0,63.5,48.0,30800.0,354
2023-05-10 21:38:14,c2311-C-2520,c2311-C-2520,63.5,0.0,0.0,0.0,10,62.0,63.5,50,72.0,65.0,65.0,63.5,48.0,30800.0,354
2023-05-10 21:38:15,c2311-C-2520,c2311-C-2520,63.5,0.0,0.0,0.0,10,62.0,63.5,70,72.0,65.0,65.0,63.5,48.0,30800.0,354
2023-05-10 21:38:17,c2311-C-2520,c2311-C-2520,63.5,0.0,0.0,0.0,10,62.0,63.0,20,72.0,65.0,65.0,63.5,48.0,30800.0,354
2023-05-10 21:38:19,c2311-C-2520,c2311-C-2520,63.5,0.0,0.0,0.0,10,62.0,63.0,30,72.0,65.0,65.0,63.5,48.0,30800.0,354
2023-05-10 21:38:20,c2311-C-2520,c2311-C-2520,63.5,0.0,0.0,0.0,30,61.5,63.0,30,72.0,65.0,65.0,63.5,48.0,30800.0,354
2023-05-10 21:38:22,c2311-C-2520,c2311-C-2520,63.5,0.0,0.0,0.0,30,61.5,63.0,40,72.0,65.0,65.0,63.5,48.0,30800.0,354
2023-05-10 21:38:22,c2311-C-2520,c2311-C-2520,63.5,0.0,0.0,0.0,40,61.5,63.0,40,72.0,65.0,65.0,63.5,48.0,30800.0,354
2023-05-10 21:38:31,c2311-C-2520,c2311-C-2520,63.5,0.0,0.0,0.0,30,61.5,63.0,40,72.0,65.0,65.0,63.5,48.0,30800.0,354
2023-05-10 21:38:36,c2311-C-2520,c2311-C-2520,63.5,0.0,0.0,0.0,20,61.5,63.0,40,72.0,65.0,65.0,63.5,48.0,30800.0,354
2023-05-10 21:38:37,c2311-C-2520,c2311-C-2520,63.5,0.0,0.0,0.0,20,61.5,63.0,50,72.0,65.0,65.0,63.5,48.0,30800.0,354
2023-05-10 21:38:39,c2311-C-2520,c2311-C-2520,63.5,0.0,0.0,0.0,30,61.5,63.0,50,72.0,65.0,65.0,63.5,48.0,30800.0,354
2023-05-10 21:38:39,c2311-C-2520,c2311-C-2520,63.5,0.0,0.0,0.0,20,61.5,63.0,50,72.0,65.0,65.0,63.5,48.0,30800.0,354
2023-05-10 21:38:40,c2311-C-2520,c2311-C-2520,63.5,0.0,0.0,0.0,30,61.5,63.0,50,72.0,65.0,65.0,63.5,48.0,30800.0,354
2023-05-10 21:39:00,c2311-C-2520,c2311-C-2520,63.5,0.0,0.0,0.0,40,61.0,62.5,10,72.0,65.0,65.0,63.5,48.0,30800.0,354
2023-05-10 21:39:00,c2311-C-2520,c2311-C-2520,63.5,0.0,0.0,0.0,40,61.0,62.5,20,72.0,65.0,65.0,63.5,48.0,30800.0,354
2023-05-10 21:39:02,c2311-C-2520,c2311-C-2520,63.5,0.0,0.0,0.0,30,61.0,62.5,30,72.0,65.0,65.0,63.5,48.0,30800.0,354
2023-05-10 21:39:02,c2311-C-2520,c2311-C-2520,63.5,0.0,0.0,0.0,40,61.0,62.5,30,72.0,65.0,65.0,63.5,48.0,30800.0,354
2023-05-10 21:39:03,c2311-C-2520,c2311-C-2520,63.5,0.0,0.0,0.0,30,61.0,62.5,30,72.0,65.0,65.0,63.5,48.0,30800.0,354
2023-05-10 21:39:03,c2311-C-2520,c2311-C-2520,63.5,0.0,0.0,0.0,20,61.0,62.5,50,72.0,65.0,65.0,63.5,48.0,30800.0,354
2023-05-10 21:39:13,c2311-C-2520,c2311-C-2520,63.5,0.0,0.0,0.0,30,61.0,62.5,40,72.0,65.0,65.0,63.5,48.0,30800.0,354
2023-05-10 21:39:13,c2311-C-2520,c2311-C-2520,63.5,0.0,0.0,0.0,20,61.0,62.5,50,72.0,65.0,65.0,63.5,48.0,30800.0,354
2023-05-10 21:39:14,c2311-C-2520,c2311-C-2520,63.5,0.0,0.0,0.0,10,61.0,62.5,70,72.0,65.0,65.0,63.5,48.0,30800.0,354
2023-05-10 21:39:19,c2311-C-2520,c2311-C-2520,63.5,0.0,0.0,0.0,10,61.0,62.5,60,72.0,65.0,65.0,63.5,48.0,30800.0,354
2023-05-10 21:39:19,c2311-C-2520,c2311-C-2520,63.5,0.0,0.0,0.0,10,61.0,62.5,70,72.0,65.0,65.0,63.5,48.0,30800.0,354
2023-05-10 21:39:33,c2311-C-2520,c2311-C-2520,63.5,0.0,0.0,0.0,30,60.5,62.5,70,72.0,65.0,65.0,63.5,48.0,30800.0,354
2023-05-10 21:39:33,c2311-C-2520,c2311-C-2520,63.5,0.0,0.0,0.0,20,60.5,62.0,20,72.0,65.0,65.0,63.5,48.0,30800.0,354
2023-05-10 21:39:34,c2311-C-2520,c2311-C-2520,63.5,0.0,0.0,0.0,10,60.5,62.0,20,72.0,65.0,65.0,63.5,48.0,30800.0,354
2023-05-10 21:39:35,c2311-C-2520,c2311-C-2520,63.5,0.0,0.0,0.0,10,60.5,62.0,40,72.0,65.0,65.0,63.5,48.0,30800.0,354
2023-05-10 21:39:37,c2311-C-2520,c2311-C-2520,63.5,0.0,0.0,0.0,10,60.5,62.0,50,72.0,65.0,65.0,63.5,48.0,30800.0,354
2023-05-10 21:39:41,c2311-C-2520,c2311-C-2520,63.5,0.0,0.0,0.0,10,60.5,61.5,10,72.0,65.0,65.0,63.5,48.0,30800.0,354
2023-05-10 21:39:41,c2311-C-2520,c2311-C-2520,63.5,0.0,0.0,0.0,10,60.5,61.5,30,72.0,65.0,65.0,63.5,48.0,30800.0,354
2023-05-10 21:39:45,c2311-C-2520,c2311-C-2520,63.5,0.0,0.0,0.0,10,60.5,61.5,55,72.0,65.0,65.0,63.5,48.0,30800.0,354
2023-05-10 21:39:56,c2311-C-2520,c2311-C-2520,63.5,0.0,0.0,0.0,10,60.5,61.5,65,72.0,65.0,65.0,63.5,48.0,30800.0,354
2023-05-10 21:39:57,c2311-C-2520,c2311-C-2520,63.5,0.0,0.0,0.0,40,60.0,61.5,65,72.0,65.0,65.0,63.5,48.0,30800.0,354
2023-05-10 21:39:58,c2311-C-2520,c2311-C-2520,63.5,0.0,0.0,0.0,30,60.0,61.5,65,72.0,65.0,65.0,63.5,48.0,30800.0,354
2023-05-10 21:40:00,c2311-C-2520,c2311-C-2520,63.5,0.0,0.0,0.0,30,60.0,61.5,40,72.0,65.0,65.0,63.5,48.0,30800.0,354
2023-05-10 21:40:02,c2311-C-2520,c2311-C-2520,63.5,0.0,0.0,0.0,40,60.0,61.5,40,72.0,65.0,65.0,63.5,48.0,30800.0,354
2023-05-10 21:40:03,c2311-C-2520,c2311-C-2520,63.5,0.0,0.0,0.0,50,60.0,61.5,30,72.0,65.0,65.0,63.5,48.0,30800.0,354
2023-05-10 21:40:04,c2311-C-2520,c2311-C-2520,63.5,0.0,0.0,0.0,30,60.0,61.5,40,72.0,65.0,65.0,63.5,48.0,30800.0,354
2023-05-10 21:40:06,c2311-C-2520,c2311-C-2520,63.5,0.0,0.0,0.0,40,60.0,61.5,40,72.0,65.0,65.0,63.5,48.0,30800.0,354
2023-05-10 21:40:07,c2311-C-2520,c2311-C-2520,63.5,0.0,0.0,0.0,30,60.0,61.5,40,72.0,65.0,65.0,63.5,48.0,30800.0,354
2023-05-10 21:40:09,c2311-C-2520,c2311-C-2520,63.5,0.0,0.0,0.0,30,60.0,61.5,50,72.0,65.0,65.0,63.5,48.0,30800.0,354
2023-05-10 21:40:31,c2311-C-2520,c2311-C-2520,63.5,0.0,0.0,0.0,30,60.0,61.5,60,72.0,65.0,65.0,63.5,48.0,30800.0,354
2023-05-10 21:40:33,c2311-C-2520,c2311-C-2520,63.5,0.0,0.0,0.0,30,60.0,61.5,85,72.0,65.0,65.0,63.5,48.0,30800.0,354
2023-05-10 21:40:33,c2311-C-2520,c2311-C-2520,63.5,0.0,0.0,0.0,30,60.0,61.5,75,72.0,65.0,65.0,63.5,48.0,30800.0,354
2023-05-10 21:40:35,c2311-C-2520,c2311-C-2520,63.5,0.0,0.0,0.0,30,60.0,61.5,50,72.0,65.0,65.0,63.5,48.0,30800.0,354
2023-05-10 21:40:39,c2311-C-2520,c2311-C-2520,63.5,0.0,0.0,0.0,10,60.0,61.5,60,72.0,65.0,65.0,63.5,48.0,30800.0,354
2023-05-10 21:40:45,c2311-C-2520,c2311-C-2520,63.5,0.0,0.0,0.0,20,60.0,61.5,60,72.0,65.0,65.0,63.5,48.0,30800.0,354
2023-05-10 21:40:47,c2311-C-2520,c2311-C-2520,63.5,0.0,0.0,0.0,30,60.0,61.5,40,72.0,65.0,65.0,63.5,48.0,30800.0,354
2023-05-10 21:40:47,c2311-C-2520,c2311-C-2520,63.5,0.0,0.0,0.0,40,60.0,61.5,30,72.0,65.0,65.0,63.5,48.0,30800.0,354
2023-05-10 21:40:50,c2311-C-2520,c2311-C-2520,63.5,0.0,0.0,0.0,55,60.0,61.5,65,72.0,65.0,65.0,63.5,48.0,30800.0,354
2023-05-10 21:40:51,c2311-C-2520,c2311-C-2520,63.5,0.0,0.0,0.0,55,60.0,61.5,75,72.0,65.0,65.0,63.5,48.0,30800.0,354
2023-05-10 21:41:43,c2311-C-2520,c2311-C-2520,63.5,0.0,0.0,0.0,30,60.0,61.5,75,72.0,65.0,65.0,63.5,48.0,30800.0,354
2023-05-10 21:41:45,c2311-C-2520,c2311-C-2520,63.5,0.0,0.0,0.0,30,60.0,61.5,50,72.0,65.0,65.0,63.5,48.0,30800.0,354
2023-05-10 21:41:46,c2311-C-2520,c2311-C-2520,63.5,0.0,0.0,0.0,20,60.0,61.5,50,72.0,65.0,65.0,63.5,48.0,30800.0,354
2023-05-10 21:41:47,c2311-C-2520,c2311-C-2520,63.5,0.0,0.0,0.0,10,60.5,61.5,50,72.0,65.0,65.0,63.5,48.0,30800.0,354
2023-05-10 21:41:47,c2311-C-2520,c2311-C-2520,63.5,0.0,0.0,0.0,10,60.5,61.5,75,72.0,65.0,65.0,63.5,48.0,30800.0,354
2023-05-10 21:41:51,c2311-C-2520,c2311-C-2520,63.5,0.0,0.0,0.0,20,60.5,61.5,75,72.0,65.0,65.0,63.5,48.0,30800.0,354
2023-05-10 21:41:56,c2311-C-2520,c2311-C-2520,63.5,0.0,0.0,0.0,20,60.5,61.5,85,72.0,65.0,65.0,63.5,48.0,30800.0,354
2023-05-10 21:41:56,c2311-C-2520,c2311-C-2520,63.5,0.0,0.0,0.0,10,60.5,61.5,95,72.0,65.0,65.0,63.5,48.0,30800.0,354
2023-05-10 21:41:57,c2311-C-2520,c2311-C-2520,63.5,0.0,0.0,0.0,10,60.5,61.5,85,72.0,65.0,65.0,63.5,48.0,30800.0,354
2023-05-10 21:42:00,c2311-C-2520,c2311-C-2520,63.5,0.0,0.0,0.0,10,60.5,61.5,60,72.0,65.0,65.0,63.5,48.0,30800.0,354
2023-05-10 21:42:09,c2311-C-2520,c2311-C-2520,63.5,0.0,0.0,0.0,20,60.5,61.5,50,72.0,65.0,65.0,63.5,48.0,30800.0,354
2023-05-10 21:42:09,c2311-C-2520,c2311-C-2520,63.5,0.0,0.0,0.0,20,60.5,61.5,40,72.0,65.0,65.0,63.5,48.0,30800.0,354
2023-05-10 21:42:10,c2311-C-2520,c2311-C-2520,63.5,0.0,0.0,0.0,20,60.5,61.5,65,72.0,65.0,65.0,63.5,48.0,30800.0,354
2023-05-10 21:42:11,c2311-C-2520,c2311-C-2520,63.5,0.0,0.0,0.0,20,60.5,61.5,75,72.0,65.0,65.0,63.5,48.0,30800.0,354
2023-05-10 21:42:12,c2311-C-2520,c2311-C-2520,63.5,0.0,0.0,0.0,20,60.5,61.5,65,72.0,65.0,65.0,63.5,48.0,30800.0,354
2023-05-10 21:42:13,c2311-C-2520,c2311-C-2520,63.5,0.0,0.0,0.0,20,60.5,61.5,75,72.0,65.0,65.0,63.5,48.0,30800.0,354
2023-05-10 21:42:14,c2311-C-2520,c2311-C-2520,63.5,0.0,0.0,0.0,20,60.5,61.5,65,72.0,65.0,65.0,63.5,48.0,30800.0,354
2023-05-10 21:42:16,c2311-C-2520,c2311-C-2520,63.5,0.0,0.0,0.0,20,60.5,61.5,75,72.0,65.0,65.0,63.5,48.0,30800.0,354
2023-05-10 21:42:51,c2311-C-2520,c2311-C-2520,63.5,0.0,0.0,0.0,10,60.5,61.5,75,72.0,65.0,65.0,63.5,48.0,30800.0,354
2023-05-10 21:42:52,c2311-C-2520,c2311-C-2520,63.5,0.0,0.0,0.0,10,60.5,61.5,85,72.0,65.0,65.0,63.5,48.0,30800.0,354
2023-05-10 21:42:55,c2311-C-2520,c2311-C-2520,63.5,0.0,0.0,0.0,10,60.5,61.5,60,72.0,65.0,65.0,63.5,48.0,30800.0,354
2023-05-10 21:43:25,c2311-C-2520,c2311-C-2520,63.5,0.0,0.0,0.0,10,60.5,61.0,30,72.0,65.0,65.0,63.5,48.0,30800.0,354
2023-05-10 21:43:25,c2311-C-2520,c2311-C-2520,63.5,0.0,0.0,0.0,10,60.5,61.0,10,72.0,65.0,65.0,63.5,48.0,30800.0,354
2023-05-10 21:43:27,c2311-C-2520,c2311-C-2520,63.5,0.0,0.0,0.0,10,60.5,61.0,20,72.0,65.0,65.0,63.5,48.0,30800.0,354
2023-05-10 21:43:28,c2311-C-2520,c2311-C-2520,63.5,0.0,0.0,0.0,10,60.5,61.0,30,72.0,65.0,65.0,63.5,48.0,30800.0,354
2023-05-10 21:43:30,c2311-C-2520,c2311-C-2520,63.5,0.0,0.0,0.0,10,60.5,61.0,45,72.0,65.0,65.0,63.5,48.0,30800.0,354
2023-05-10 21:43:34,c2311-C-2520,c2311-C-2520,63.5,0.0,0.0,0.0,10,60.5,61.0,35,72.0,65.0,65.0,63.5,48.0,30800.0,354
2023-05-10 21:43:36,c2311-C-2520,c2311-C-2520,63.5,0.0,0.0,0.0,10,60.5,61.0,45,72.0,65.0,65.0,63.5,48.0,30800.0,354
2023-05-10 21:43:37,c2311-C-2520,c2311-C-2520,63.5,0.0,0.0,0.0,10,60.5,61.0,35,72.0,65.0,65.0,63.5,48.0,30800.0,354
2023-05-10 21:43:40,c2311-C-2520,c2311-C-2520,63.5,0.0,0.0,0.0,10,60.5,61.0,45,72.0,65.0,65.0,63.5,48.0,30800.0,354
2023-05-10 21:43:43,c2311-C-2520,c2311-C-2520,63.5,0.0,0.0,0.0,10,60.5,61.0,35,72.0,65.0,65.0,63.5,48.0,30800.0,354
2023-05-10 21:45:00,c2311-C-2520,c2311-C-2520,63.5,0.0,0.0,0.0,20,60.5,61.5,85,72.0,65.0,65.0,63.5,48.0,30800.0,354
2023-05-10 21:45:00,c2311-C-2520,c2311-C-2520,63.5,0.0,0.0,0.0,20,60.5,61.5,65,72.0,65.0,65.0,63.5,48.0,30800.0,354
2023-05-10 21:45:01,c2311-C-2520,c2311-C-2520,63.5,0.0,0.0,0.0,20,60.5,61.5,75,72.0,65.0,65.0,63.5,48.0,30800.0,354
2023-05-10 21:45:33,c2311-C-2520,c2311-C-2520,63.5,0.0,0.0,0.0,10,60.5,61.5,75,72.0,65.0,65.0,63.5,48.0,30800.0,354
2023-05-10 21:45:34,c2311-C-2520,c2311-C-2520,63.5,0.0,0.0,0.0,20,60.5,61.5,75,72.0,65.0,65.0,63.5,48.0,30800.0,354
2023-05-10 21:45:35,c2311-C-2520,c2311-C-2520,63.5,0.0,0.0,0.0,10,60.5,61.5,75,72.0,65.0,65.0,63.5,48.0,30800.0,354
2023-05-10 21:45:40,c2311-C-2520,c2311-C-2520,63.5,0.0,0.0,0.0,10,60.5,61.5,50,72.0,65.0,65.0,63.5,48.0,30800.0,354
2023-05-10 21:45:42,c2311-C-2520,c2311-C-2520,63.5,0.0,0.0,0.0,20,60.5,61.5,50,72.0,65.0,65.0,63.5,48.0,30800.0,354
2023-05-10 21:45:44,c2311-C-2520,c2311-C-2520,63.5,0.0,0.0,0.0,10,60.5,61.5,50,72.0,65.0,65.0,63.5,48.0,30800.0,354
2023-05-10 21:45:57,c2311-C-2520,c2311-C-2520,63.5,0.0,0.0,0.0,30,60.5,61.5,10,72.0,65.0,65.0,63.5,48.0,30800.0,354
2023-05-10 21:46:00,c2311-C-2520,c2311-C-2520,63.5,0.0,0.0,0.0,55,60.5,61.5,10,72.0,65.0,65.0,63.5,48.0,30800.0,354
2023-05-10 21:46:20,c2311-C-2520,c2311-C-2520,63.5,0.0,0.0,0.0,55,60.5,61.5,20,72.0,65.0,65.0,63.5,48.0,30800.0,354
2023-05-10 21:46:23,c2311-C-2520,c2311-C-2520,63.5,0.0,0.0,0.0,55,60.5,61.5,30,72.0,65.0,65.0,63.5,48.0,30800.0,354
2023-05-10 21:46:24,c2311-C-2520,c2311-C-2520,63.5,0.0,0.0,0.0,55,60.5,61.5,20,72.0,65.0,65.0,63.5,48.0,30800.0,354
2023-05-10 21:46:28,c2311-C-2520,c2311-C-2520,63.5,0.0,0.0,0.0,55,60.5,61.5,30,72.0,65.0,65.0,63.5,48.0,30800.0,354
2023-05-10 21:46:31,c2311-C-2520,c2311-C-2520,63.5,0.0,0.0,0.0,55,60.5,61.5,20,72.0,65.0,65.0,63.5,48.0,30800.0,354
2023-05-10 21:46:35,c2311-C-2520,c2311-C-2520,63.5,0.0,0.0,0.0,55,60.5,61.5,30,72.0,65.0,65.0,63.5,48.0,30800.0,354
2023-05-10 21:46:37,c2311-C-2520,c2311-C-2520,63.5,0.0,0.0,0.0,55,60.5,61.5,20,72.0,65.0,65.0,63.5,48.0,30800.0,354
2023-05-10 21:46:37,c2311-C-2520,c2311-C-2520,63.5,0.0,0.0,0.0,55,60.5,61.5,30,72.0,65.0,65.0,63.5,48.0,30800.0,354
2023-05-10 21:46:39,c2311-C-2520,c2311-C-2520,63.5,0.0,0.0,0.0,55,60.5,61.5,20,72.0,65.0,65.0,63.5,48.0,30800.0,354
2023-05-10 21:46:40,c2311-C-2520,c2311-C-2520,63.5,0.0,0.0,0.0,55,60.5,61.5,30,72.0,65.0,65.0,63.5,48.0,30800.0,354
2023-05-10 21:46:44,c2311-C-2520,c2311-C-2520,63.5,0.0,0.0,0.0,55,60.5,61.5,20,72.0,65.0,65.0,63.5,48.0,30800.0,354
2023-05-10 21:46:44,c2311-C-2520,c2311-C-2520,63.5,0.0,0.0,0.0,55,60.5,61.5,30,72.0,65.0,65.0,63.5,48.0,30800.0,354
2023-05-10 21:46:46,c2311-C-2520,c2311-C-2520,63.5,0.0,0.0,0.0,55,60.5,61.5,20,72.0,65.0,65.0,63.5,48.0,30800.0,354
2023-05-10 21:47:37,c2311-C-2520,c2311-C-2520,63.5,0.0,0.0,0.0,30,60.5,61.5,35,72.0,65.0,65.0,63.5,48.0,30800.0,354
2023-05-10 21:47:38,c2311-C-2520,c2311-C-2520,63.5,0.0,0.0,0.0,20,61.0,61.5,25,72.0,65.0,65.0,63.5,48.0,30800.0,354
2023-05-10 21:47:38,c2311-C-2520,c2311-C-2520,63.5,0.0,0.0,0.0,20,61.0,62.0,40,72.0,65.0,65.0,63.5,48.0,30800.0,354
2023-05-10 21:47:38,c2311-C-2520,c2311-C-2520,63.5,0.0,0.0,0.0,20,61.0,62.0,65,72.0,65.0,65.0,63.5,48.0,30800.0,354
2023-05-10 21:47:41,c2311-C-2520,c2311-C-2520,63.5,0.0,0.0,0.0,20,61.0,62.0,75,72.0,65.0,65.0,63.5,48.0,30800.0,354
2023-05-10 21:47:59,c2311-C-2520,c2311-C-2520,63.5,0.0,0.0,0.0,20,61.0,62.0,65,72.0,65.0,65.0,63.5,48.0,30800.0,354
2023-05-10 21:48:56,c2311-C-2520,c2311-C-2520,63.5,0.0,0.0,0.0,20,61.0,62.0,75,72.0,65.0,65.0,63.5,48.0,30800.0,354
2023-05-10 21:49:08,c2311-C-2520,c2311-C-2520,63.5,0.0,0.0,0.0,20,61.0,62.0,65,72.0,65.0,65.0,63.5,48.0,30800.0,354
2023-05-10 21:49:10,c2311-C-2520,c2311-C-2520,63.5,0.0,0.0,0.0,20,61.0,62.0,75,72.0,65.0,65.0,63.5,48.0,30800.0,354
2023-05-10 21:49:31,c2311-C-2520,c2311-C-2520,63.5,0.0,0.0,0.0,20,61.0,62.0,65,72.0,65.0,65.0,63.5,48.0,30800.0,354
2023-05-10 21:49:39,c2311-C-2520,c2311-C-2520,63.5,0.0,0.0,0.0,45,61.0,62.0,20,72.0,65.0,65.0,63.5,48.0,30800.0,354
2023-05-10 21:49:40,c2311-C-2520,c2311-C-2520,63.5,0.0,0.0,0.0,65,61.0,62.0,20,72.0,65.0,65.0,63.5,48.0,30800.0,354
2023-05-10 21:49:40,c2311-C-2520,c2311-C-2520,63.5,0.0,0.0,0.0,20,61.5,62.5,55,72.0,65.0,65.0,63.5,48.0,30800.0,354
2023-05-10 21:49:40,c2311-C-2520,c2311-C-2520,63.5,0.0,0.0,0.0,20,61.5,62.5,30,72.0,65.0,65.0,63.5,48.0,30800.0,354
2023-05-10 21:49:44,c2311-C-2520,c2311-C-2520,63.5,0.0,0.0,0.0,20,61.5,62.5,20,72.0,65.0,65.0,63.5,48.0,30800.0,354
2023-05-10 21:49:44,c2311-C-2520,c2311-C-2520,63.5,0.0,0.0,0.0,20,61.5,62.5,30,72.0,65.0,65.0,63.5,48.0,30800.0,354
2023-05-10 21:49:45,c2311-C-2520,c2311-C-2520,63.5,0.0,0.0,0.0,20,61.5,62.5,20,72.0,65.0,65.0,63.5,48.0,30800.0,354
2023-05-10 21:49:53,c2311-C-2520,c2311-C-2520,63.5,0.0,0.0,0.0,20,62.0,63.0,75,72.0,65.0,65.0,63.5,48.0,30800.0,354
2023-05-10 21:50:02,c2311-C-2520,c2311-C-2520,63.5,0.0,0.0,0.0,10,62.0,63.0,85,72.0,65.0,65.0,63.5,48.0,30800.0,354
2023-05-10 21:50:02,c2311-C-2520,c2311-C-2520,63.5,0.0,0.0,0.0,20,61.5,63.0,85,72.0,65.0,65.0,63.5,48.0,30800.0,354
2023-05-10 21:50:05,c2311-C-2520,c2311-C-2520,63.5,0.0,0.0,0.0,20,61.5,63.0,60,72.0,65.0,65.0,63.5,48.0,30800.0,354
2023-05-10 21:50:19,c2311-C-2520,c2311-C-2520,63.5,0.0,0.0,0.0,10,61.5,62.5,10,72.0,65.0,65.0,63.5,48.0,30800.0,354
2023-05-10 21:50:20,c2311-C-2520,c2311-C-2520,63.5,0.0,0.0,0.0,10,61.5,62.5,55,72.0,65.0,65.0,63.5,48.0,30800.0,354
2023-05-10 21:50:38,c2311-C-2520,c2311-C-2520,63.5,0.0,0.0,0.0,10,61.5,62.5,45,72.0,65.0,65.0,63.5,48.0,30800.0,354
2023-05-10 21:50:44,c2311-C-2520,c2311-C-2520,63.5,0.0,0.0,0.0,10,61.5,62.5,55,72.0,65.0,65.0,63.5,48.0,30800.0,354
2023-05-10 21:50:49,c2311-C-2520,c2311-C-2520,63.5,0.0,0.0,0.0,10,61.5,62.5,65,72.0,65.0,65.0,63.5,48.0,30800.0,354
2023-05-10 21:50:53,c2311-C-2520,c2311-C-2520,63.5,0.0,0.0,0.0,10,61.5,62.5,55,72.0,65.0,65.0,63.5,48.0,30800.0,354
2023-05-10 21:50:54,c2311-C-2520,c2311-C-2520,63.5,0.0,0.0,0.0,10,61.5,62.5,65,72.0,65.0,65.0,63.5,48.0,30800.0,354
2023-05-10 21:51:00,c2311-C-2520,c2311-C-2520,63.5,0.0,0.0,0.0,10,61.5,62.5,55,72.0,65.0,65.0,63.5,48.0,30800.0,354
2023-05-10 21:51:01,c2311-C-2520,c2311-C-2520,63.5,0.0,0.0,0.0,10,61.5,62.5,65,72.0,65.0,65.0,63.5,48.0,30800.0,354
2023-05-10 21:51:06,c2311-C-2520,c2311-C-2520,63.5,0.0,0.0,0.0,10,61.5,62.5,55,72.0,65.0,65.0,63.5,48.0,30800.0,354
2023-05-10 21:51:09,c2311-C-2520,c2311-C-2520,63.5,0.0,0.0,0.0,10,61.5,62.5,65,72.0,65.0,65.0,63.5,48.0,30800.0,354
2023-05-10 21:51:10,c2311-C-2520,c2311-C-2520,63.5,0.0,0.0,0.0,10,61.5,62.5,55,72.0,65.0,65.0,63.5,48.0,30800.0,354
2023-05-10 21:51:17,c2311-C-2520,c2311-C-2520,63.5,0.0,0.0,0.0,10,61.5,62.5,65,72.0,65.0,65.0,63.5,48.0,30800.0,354
2023-05-10 21:51:21,c2311-C-2520,c2311-C-2520,63.5,0.0,0.0,0.0,10,61.5,62.5,55,72.0,65.0,65.0,63.5,48.0,30800.0,354
2023-05-10 21:51:22,c2311-C-2520,c2311-C-2520,63.5,0.0,0.0,0.0,10,61.5,62.5,65,72.0,65.0,65.0,63.5,48.0,30800.0,354
2023-05-10 21:51:28,c2311-C-2520,c2311-C-2520,63.5,0.0,0.0,0.0,10,61.5,62.5,55,72.0,65.0,65.0,63.5,48.0,30800.0,354
2023-05-10 21:51:32,c2311-C-2520,c2311-C-2520,63.5,0.0,0.0,0.0,10,61.5,62.5,65,72.0,65.0,65.0,63.5,48.0,30800.0,354
2023-05-10 21:51:42,c2311-C-2520,c2311-C-2520,63.5,0.0,0.0,0.0,10,61.5,62.5,55,72.0,65.0,65.0,63.5,48.0,30800.0,354
2023-05-10 21:51:55,c2311-C-2520,c2311-C-2520,63.5,0.0,0.0,0.0,10,61.5,62.5,30,72.0,65.0,65.0,63.5,48.0,30800.0,354
2023-05-10 21:51:56,c2311-C-2520,c2311-C-2520,63.5,0.0,0.0,0.0,10,61.5,62.5,55,72.0,65.0,65.0,63.5,48.0,30800.0,354
2023-05-10 21:52:13,c2311-C-2520,c2311-C-2520,63.5,0.0,0.0,0.0,10,61.5,62.5,65,72.0,65.0,65.0,63.5,48.0,30800.0,354
2023-05-10 21:52:14,c2311-C-2520,c2311-C-2520,63.5,0.0,0.0,0.0,10,61.5,62.5,55,72.0,65.0,65.0,63.5,48.0,30800.0,354
2023-05-10 21:52:15,c2311-C-2520,c2311-C-2520,63.5,0.0,0.0,0.0,10,61.5,62.5,65,72.0,65.0,65.0,63.5,48.0,30800.0,354
2023-05-10 21:52:20,c2311-C-2520,c2311-C-2520,63.5,0.0,0.0,0.0,10,61.5,62.5,55,72.0,65.0,65.0,63.5,48.0,30800.0,354
2023-05-10 21:52:23,c2311-C-2520,c2311-C-2520,63.5,0.0,0.0,0.0,10,61.5,62.5,45,72.0,65.0,65.0,63.5,48.0,30800.0,354
2023-05-10 21:52:30,c2311-C-2520,c2311-C-2520,63.5,0.0,0.0,0.0,10,61.5,62.5,55,72.0,65.0,65.0,63.5,48.0,30800.0,354
2023-05-10 21:52:33,c2311-C-2520,c2311-C-2520,63.5,0.0,0.0,0.0,10,61.5,62.5,45,72.0,65.0,65.0,63.5,48.0,30800.0,354
2023-05-10 21:52:36,c2311-C-2520,c2311-C-2520,63.5,0.0,0.0,0.0,10,61.5,62.5,55,72.0,65.0,65.0,63.5,48.0,30800.0,354
2023-05-10 21:52:39,c2311-C-2520,c2311-C-2520,63.5,0.0,0.0,0.0,10,61.5,62.5,45,72.0,65.0,65.0,63.5,48.0,30800.0,354
2023-05-10 21:52:52,c2311-C-2520,c2311-C-2520,63.5,0.0,0.0,0.0,10,61.5,62.5,55,72.0,65.0,65.0,63.5,48.0,30800.0,354
2023-05-10 21:52:55,c2311-C-2520,c2311-C-2520,63.5,0.0,0.0,0.0,10,61.5,62.5,45,72.0,65.0,65.0,63.5,48.0,30800.0,354
2023-05-10 21:53:04,c2311-C-2520,c2311-C-2520,63.5,0.0,0.0,0.0,10,61.5,62.5,55,72.0,65.0,65.0,63.5,48.0,30800.0,354
2023-05-10 21:53:13,c2311-C-2520,c2311-C-2520,63.5,0.0,0.0,0.0,10,61.5,62.5,45,72.0,65.0,65.0,63.5,48.0,30800.0,354
2023-05-10 21:53:17,c2311-C-2520,c2311-C-2520,63.5,0.0,0.0,0.0,10,61.5,62.5,55,72.0,65.0,65.0,63.5,48.0,30800.0,354
2023-05-10 21:53:35,c2311-C-2520,c2311-C-2520,63.5,0.0,0.0,0.0,10,61.5,62.5,45,72.0,65.0,65.0,63.5,48.0,30800.0,354
2023-05-10 21:54:00,c2311-C-2520,c2311-C-2520,63.5,0.0,0.0,0.0,10,61.5,62.5,35,72.0,65.0,65.0,63.5,48.0,30800.0,354
2023-05-10 21:54:01,c2311-C-2520,c2311-C-2520,63.5,0.0,0.0,0.0,10,61.5,62.5,45,72.0,65.0,65.0,63.5,48.0,30800.0,354
2023-05-10 21:54:21,c2311-C-2520,c2311-C-2520,63.5,0.0,0.0,0.0,10,61.5,62.5,35,72.0,65.0,65.0,63.5,48.0,30800.0,354
2023-05-10 21:54:27,c2311-C-2520,c2311-C-2520,63.5,0.0,0.0,0.0,10,61.5,62.5,45,72.0,65.0,65.0,63.5,48.0,30800.0,354
2023-05-10 21:54:31,c2311-C-2520,c2311-C-2520,63.5,0.0,0.0,0.0,10,61.5,62.5,35,72.0,65.0,65.0,63.5,48.0,30800.0,354
2023-05-10 21:55:00,c2311-C-2520,c2311-C-2520,63.5,0.0,0.0,0.0,10,61.5,62.5,45,72.0,65.0,65.0,63.5,48.0,30800.0,354
2023-05-10 21:55:01,c2311-C-2520,c2311-C-2520,63.5,0.0,0.0,0.0,10,61.5,62.5,35,72.0,65.0,65.0,63.5,48.0,30800.0,354
2023-05-10 21:55:04,c2311-C-2520,c2311-C-2520,63.5,0.0,0.0,0.0,10,61.5,62.5,45,72.0,65.0,65.0,63.5,48.0,30800.0,354
2023-05-10 21:55:05,c2311-C-2520,c2311-C-2520,63.5,0.0,0.0,0.0,10,61.5,62.5,35,72.0,65.0,65.0,63.5,48.0,30800.0,354
2023-05-10 21:55:06,c2311-C-2520,c2311-C-2520,63.5,0.0,0.0,0.0,10,61.5,62.5,55,72.0,65.0,65.0,63.5,48.0,30800.0,354
2023-05-10 21:55:06,c2311-C-2520,c2311-C-2520,63.5,0.0,0.0,0.0,10,61.5,62.5,45,72.0,65.0,65.0,63.5,48.0,30800.0,354
2023-05-10 21:55:09,c2311-C-2520,c2311-C-2520,63.5,0.0,0.0,0.0,10,61.5,62.5,35,72.0,65.0,65.0,63.5,48.0,30800.0,354
2023-05-10 21:55:09,c2311-C-2520,c2311-C-2520,63.5,0.0,0.0,0.0,10,61.5,62.5,45,72.0,65.0,65.0,63.5,48.0,30800.0,354
2023-05-10 21:55:11,c2311-C-2520,c2311-C-2520,63.5,0.0,0.0,0.0,10,61.5,62.5,55,72.0,65.0,65.0,63.5,48.0,30800.0,354
2023-05-10 21:55:13,c2311-C-2520,c2311-C-2520,63.5,0.0,0.0,0.0,10,61.5,62.5,45,72.0,65.0,65.0,63.5,48.0,30800.0,354
2023-05-10 21:55:15,c2311-C-2520,c2311-C-2520,63.5,0.0,0.0,0.0,10,61.5,62.5,55,72.0,65.0,65.0,63.5,48.0,30800.0,354
2023-05-10 21:55:24,c2311-C-2520,c2311-C-2520,63.5,0.0,0.0,0.0,10,61.5,62.5,65,72.0,65.0,65.0,63.5,48.0,30800.0,354
2023-05-10 21:55:32,c2311-C-2520,c2311-C-2520,63.5,0.0,0.0,0.0,10,61.5,62.5,55,72.0,65.0,65.0,63.5,48.0,30800.0,354
2023-05-10 21:55:33,c2311-C-2520,c2311-C-2520,63.5,0.0,0.0,0.0,10,61.5,62.5,45,72.0,65.0,65.0,63.5,48.0,30800.0,354
2023-05-10 21:55:36,c2311-C-2520,c2311-C-2520,63.5,0.0,0.0,0.0,10,61.5,62.5,55,72.0,65.0,65.0,63.5,48.0,30800.0,354
2023-05-10 21:55:37,c2311-C-2520,c2311-C-2520,63.5,0.0,0.0,0.0,10,61.5,62.5,65,72.0,65.0,65.0,63.5,48.0,30800.0,354
2023-05-10 21:55:46,c2311-C-2520,c2311-C-2520,63.5,0.0,0.0,0.0,10,61.5,62.5,55,72.0,65.0,65.0,63.5,48.0,30800.0,354
2023-05-10 21:55:49,c2311-C-2520,c2311-C-2520,63.5,0.0,0.0,0.0,10,61.5,62.5,65,72.0,65.0,65.0,63.5,48.0,30800.0,354
2023-05-10 21:55:50,c2311-C-2520,c2311-C-2520,63.5,0.0,0.0,0.0,10,61.5,62.5,55,72.0,65.0,65.0,63.5,48.0,30800.0,354
2023-05-10 21:55:54,c2311-C-2520,c2311-C-2520,63.5,0.0,0.0,0.0,45,61.5,63.0,85,72.0,65.0,65.0,63.5,48.0,30800.0,354
2023-05-10 21:55:55,c2311-C-2520,c2311-C-2520,63.5,0.0,0.0,0.0,45,61.5,63.0,75,72.0,65.0,65.0,63.5,48.0,30800.0,354
2023-05-10 21:59:02,c2311-C-2520,c2311-C-2520,63.5,0.0,0.0,0.0,55,61.5,63.0,75,72.0,65.0,65.0,63.5,48.0,30800.0,354
2023-05-10 21:59:03,c2311-C-2520,c2311-C-2520,63.5,0.0,0.0,0.0,65,61.5,63.0,75,72.0,65.0,65.0,63.5,48.0,30800.0,354
2023-05-10 21:59:06,c2311-C-2520,c2311-C-2520,63.5,0.0,0.0,0.0,55,61.5,63.0,75,72.0,65.0,65.0,63.5,48.0,30800.0,354
2023-05-10 21:59:07,c2311-C-2520,c2311-C-2520,63.5,0.0,0.0,0.0,45,61.5,63.0,75,72.0,65.0,65.0,63.5,48.0,30800.0,354
2023-05-10 21:59:46,c2311-C-2520,c2311-C-2520,63.5,0.0,0.0,0.0,55,61.5,63.0,75,72.0,65.0,65.0,63.5,48.0,30800.0,354
