time,symbol_id,symbol_name,last,trade_volume,trade_amount,open_interest_change,bv1,bp1,ap1,av1,yesterday_close,today_open,today_high,today_low,volume,amount,open_interest
2023-05-10 21:00:07,c2311-P-2720,c2311-P-2720,229.0,0.0,0.0,0.0,10,180.5,279.0,10,229.0,0.0,0.0,0.0,0.0,0.0,215
2023-05-10 21:00:11,c2311-P-2720,c2311-P-2720,229.0,0.0,0.0,0.0,1,193.0,266.5,1,229.0,0.0,0.0,0.0,0.0,0.0,215
2023-05-10 21:00:11,c2311-P-2720,c2311-P-2720,229.0,0.0,0.0,0.0,10,193.5,266.0,10,229.0,0.0,0.0,0.0,0.0,0.0,215
2023-05-10 21:00:12,c2311-P-2720,c2311-P-2720,229.0,0.0,0.0,0.0,1,206.0,266.0,10,229.0,0.0,0.0,0.0,0.0,0.0,215
2023-05-10 21:00:12,c2311-P-2720,c2311-P-2720,229.0,0.0,0.0,0.0,1,219.0,253.5,1,229.0,0.0,0.0,0.0,0.0,0.0,215
2023-05-10 21:00:13,c2311-P-2720,c2311-P-2720,229.0,0.0,0.0,0.0,1,219.0,240.5,1,229.0,0.0,0.0,0.0,0.0,0.0,215
2023-05-10 21:00:40,c2311-P-2720,c2311-P-2720,229.0,0.0,0.0,0.0,10,181.5,240.5,1,229.0,0.0,0.0,0.0,0.0,0.0,215
2023-05-10 21:00:40,c2311-P-2720,c2311-P-2720,229.0,0.0,0.0,0.0,1,194.0,240.5,1,229.0,0.0,0.0,0.0,0.0,0.0,215
2023-05-10 21:00:41,c2311-P-2720,c2311-P-2720,229.0,0.0,0.0,0.0,1,207.0,240.5,1,229.0,0.0,0.0,0.0,0.0,0.0,215
2023-05-10 21:00:41,c2311-P-2720,c2311-P-2720,229.0,0.0,0.0,0.0,10,207.5,240.5,1,229.0,0.0,0.0,0.0,0.0,0.0,215
2023-05-10 21:00:42,c2311-P-2720,c2311-P-2720,229.0,0.0,0.0,0.0,1,220.0,240.5,1,229.0,0.0,0.0,0.0,0.0,0.0,215
2023-05-10 21:00:47,c2311-P-2720,c2311-P-2720,229.0,0.0,0.0,0.0,1,181.0,240.5,1,229.0,0.0,0.0,0.0,0.0,0.0,215
2023-05-10 21:00:48,c2311-P-2720,c2311-P-2720,229.0,0.0,0.0,0.0,1,194.0,240.5,1,229.0,0.0,0.0,0.0,0.0,0.0,215
2023-05-10 21:00:48,c2311-P-2720,c2311-P-2720,229.0,0.0,0.0,0.0,10,194.5,240.5,1,229.0,0.0,0.0,0.0,0.0,0.0,215
2023-05-10 21:00:49,c2311-P-2720,c2311-P-2720,229.0,0.0,0.0,0.0,1,207.0,240.5,1,229.0,0.0,0.0,0.0,0.0,0.0,215
2023-05-10 21:00:49,c2311-P-2720,c2311-P-2720,229.0,0.0,0.0,0.0,1,220.0,240.5,1,229.0,0.0,0.0,0.0,0.0,0.0,215
2023-05-10 21:00:56,c2311-P-2720,c2311-P-2720,229.0,0.0,0.0,0.0,10,207.5,240.5,1,229.0,0.0,0.0,0.0,0.0,0.0,215
2023-05-10 21:00:57,c2311-P-2720,c2311-P-2720,229.0,0.0,0.0,0.0,1,220.0,240.5,1,229.0,0.0,0.0,0.0,0.0,0.0,215
2023-05-10 21:01:02,c2311-P-2720,c2311-P-2720,229.0,0.0,0.0,0.0,10,207.5,240.5,1,229.0,0.0,0.0,0.0,0.0,0.0,215
2023-05-10 21:01:03,c2311-P-2720,c2311-P-2720,229.0,0.0,0.0,0.0,1,220.0,240.5,1,229.0,0.0,0.0,0.0,0.0,0.0,215
2023-05-10 21:05:33,c2311-P-2720,c2311-P-2720,229.0,0.0,0.0,0.0,1,220.0,246.0,1,229.0,0.0,0.0,0.0,0.0,0.0,215
2023-05-10 21:05:34,c2311-P-2720,c2311-P-2720,229.0,0.0,0.0,0.0,1,231.5,246.0,1,229.0,0.0,0.0,0.0,0.0,0.0,215
2023-05-10 21:07:18,c2311-P-2720,c2311-P-2720,229.0,0.0,0.0,0.0,10,232.0,245.5,10,229.0,0.0,0.0,0.0,0.0,0.0,215
2023-05-10 21:13:20,c2311-P-2720,c2311-P-2720,229.0,0.0,0.0,0.0,1,236.0,245.5,10,229.0,0.0,0.0,0.0,0.0,0.0,215
2023-05-10 21:13:20,c2311-P-2720,c2311-P-2720,229.0,0.0,0.0,0.0,10,236.5,245.5,10,229.0,0.0,0.0,0.0,0.0,0.0,215
2023-05-10 21:13:31,c2311-P-2720,c2311-P-2720,229.0,0.0,0.0,0.0,10,236.5,246.0,1,229.0,0.0,0.0,0.0,0.0,0.0,215
2023-05-10 21:13:31,c2311-P-2720,c2311-P-2720,229.0,0.0,0.0,0.0,10,236.5,245.5,10,229.0,0.0,0.0,0.0,0.0,0.0,215
2023-05-10 21:14:09,c2311-P-2720,c2311-P-2720,229.0,0.0,0.0,0.0,10,236.5,246.0,1,229.0,0.0,0.0,0.0,0.0,0.0,215
2023-05-10 21:14:09,c2311-P-2720,c2311-P-2720,229.0,0.0,0.0,0.0,10,236.5,245.5,10,229.0,0.0,0.0,0.0,0.0,0.0,215
2023-05-10 21:14:10,c2311-P-2720,c2311-P-2720,229.0,0.0,0.0,0.0,10,236.5,246.0,1,229.0,0.0,0.0,0.0,0.0,0.0,215
2023-05-10 21:14:10,c2311-P-2720,c2311-P-2720,229.0,0.0,0.0,0.0,10,236.5,246.0,11,229.0,0.0,0.0,0.0,0.0,0.0,215
2023-05-10 21:14:17,c2311-P-2720,c2311-P-2720,229.0,0.0,0.0,0.0,10,236.5,246.0,1,229.0,0.0,0.0,0.0,0.0,0.0,215
2023-05-10 21:14:27,c2311-P-2720,c2311-P-2720,229.0,0.0,0.0,0.0,10,236.5,246.0,11,229.0,0.0,0.0,0.0,0.0,0.0,215
2023-05-10 21:14:37,c2311-P-2720,c2311-P-2720,229.0,0.0,0.0,0.0,10,236.5,246.0,1,229.0,0.0,0.0,0.0,0.0,0.0,215
2023-05-10 21:15:12,c2311-P-2720,c2311-P-2720,229.0,0.0,0.0,0.0,10,236.5,246.0,11,229.0,0.0,0.0,0.0,0.0,0.0,215
2023-05-10 21:16:37,c2311-P-2720,c2311-P-2720,229.0,0.0,0.0,0.0,10,236.5,246.0,1,229.0,0.0,0.0,0.0,0.0,0.0,215
2023-05-10 21:16:37,c2311-P-2720,c2311-P-2720,229.0,0.0,0.0,0.0,10,236.5,246.0,11,229.0,0.0,0.0,0.0,0.0,0.0,215
2023-05-10 21:16:38,c2311-P-2720,c2311-P-2720,229.0,0.0,0.0,0.0,10,236.5,246.0,1,229.0,0.0,0.0,0.0,0.0,0.0,215
2023-05-10 21:16:42,c2311-P-2720,c2311-P-2720,229.0,0.0,0.0,0.0,10,236.5,251.5,1,229.0,0.0,0.0,0.0,0.0,0.0,215
2023-05-10 21:16:42,c2311-P-2720,c2311-P-2720,229.0,0.0,0.0,0.0,10,236.5,251.0,10,229.0,0.0,0.0,0.0,0.0,0.0,215
2023-05-10 21:22:53,c2311-P-2720,c2311-P-2720,229.0,0.0,0.0,0.0,1,240.5,251.0,10,229.0,0.0,0.0,0.0,0.0,0.0,215
2023-05-10 21:22:54,c2311-P-2720,c2311-P-2720,229.0,0.0,0.0,0.0,10,241.0,251.0,10,229.0,0.0,0.0,0.0,0.0,0.0,215
2023-05-10 21:24:49,c2311-P-2720,c2311-P-2720,229.0,0.0,0.0,0.0,10,241.0,251.5,11,229.0,0.0,0.0,0.0,0.0,0.0,215
2023-05-10 21:25:02,c2311-P-2720,c2311-P-2720,229.0,0.0,0.0,0.0,10,241.0,251.5,1,229.0,0.0,0.0,0.0,0.0,0.0,215
2023-05-10 21:25:07,c2311-P-2720,c2311-P-2720,229.0,0.0,0.0,0.0,10,241.0,299.5,1,229.0,0.0,0.0,0.0,0.0,0.0,215
2023-05-10 21:25:07,c2311-P-2720,c2311-P-2720,229.0,0.0,0.0,0.0,10,241.0,299.0,10,229.0,0.0,0.0,0.0,0.0,0.0,215
2023-05-10 21:25:08,c2311-P-2720,c2311-P-2720,229.0,0.0,0.0,0.0,10,241.0,278.0,1,229.0,0.0,0.0,0.0,0.0,0.0,215
2023-05-10 21:25:09,c2311-P-2720,c2311-P-2720,229.0,0.0,0.0,0.0,10,241.0,256.5,1,229.0,0.0,0.0,0.0,0.0,0.0,215
2023-05-10 21:25:09,c2311-P-2720,c2311-P-2720,229.0,0.0,0.0,0.0,10,241.0,256.0,10,229.0,0.0,0.0,0.0,0.0,0.0,215
2023-05-10 21:39:33,c2311-P-2720,c2311-P-2720,229.0,0.0,0.0,0.0,1,245.5,256.0,10,229.0,0.0,0.0,0.0,0.0,0.0,215
2023-05-10 21:39:33,c2311-P-2720,c2311-P-2720,229.0,0.0,0.0,0.0,10,246.0,256.0,10,229.0,0.0,0.0,0.0,0.0,0.0,215
2023-05-10 21:40:09,c2311-P-2720,c2311-P-2720,229.0,0.0,0.0,0.0,10,246.0,256.5,11,229.0,0.0,0.0,0.0,0.0,0.0,215
2023-05-10 21:43:24,c2311-P-2720,c2311-P-2720,229.0,0.0,0.0,0.0,10,246.0,256.5,1,229.0,0.0,0.0,0.0,0.0,0.0,215
2023-05-10 21:44:06,c2311-P-2720,c2311-P-2720,229.0,0.0,0.0,0.0,10,246.0,256.5,11,229.0,0.0,0.0,0.0,0.0,0.0,215
2023-05-10 22:52:32,c2311-P-2720,c2311-P-2720,229.0,0.0,0.0,0.0,11,245.5,256.5,11,229.0,0.0,0.0,0.0,0.0,0.0,215
2023-05-10 22:52:36,c2311-P-2720,c2311-P-2720,229.0,0.0,0.0,0.0,10,245.5,256.5,11,229.0,0.0,0.0,0.0,0.0,0.0,215
2023-05-10 22:52:37,c2311-P-2720,c2311-P-2720,229.0,0.0,0.0,0.0,10,240.5,256.5,11,229.0,0.0,0.0,0.0,0.0,0.0,215
2023-05-10 22:56:30,c2311-P-2720,c2311-P-2720,229.0,0.0,0.0,0.0,10,240.5,256.5,10,229.0,0.0,0.0,0.0,0.0,0.0,215
2023-05-10 22:57:33,c2311-P-2720,c2311-P-2720,229.0,0.0,0.0,0.0,1,194.5,0.0,0,229.0,0.0,0.0,0.0,0.0,0.0,215
2023-05-10 22:57:36,c2311-P-2720,c2311-P-2720,229.0,0.0,0.0,0.0,1,196.0,384.5,1,229.0,0.0,0.0,0.0,0.0,0.0,215
2023-05-10 22:59:16,c2311-P-2720,c2311-P-2720,229.0,0.0,0.0,0.0,10,196.5,384.0,10,229.0,0.0,0.0,0.0,0.0,0.0,215
2023-05-10 22:59:22,c2311-P-2720,c2311-P-2720,229.0,0.0,0.0,0.0,1,198.0,382.5,1,229.0,0.0,0.0,0.0,0.0,0.0,215
2023-05-10 22:59:22,c2311-P-2720,c2311-P-2720,229.0,0.0,0.0,0.0,10,198.5,382.0,10,229.0,0.0,0.0,0.0,0.0,0.0,215
2023-05-10 22:59:56,c2311-P-2720,c2311-P-2720,229.0,0.0,0.0,0.0,0,0.0,0.0,0,229.0,0.0,0.0,0.0,0.0,0.0,215
2023-05-11 09:00:09,c2311-P-2720,c2311-P-2720,229.0,0.0,0.0,0.0,1,197.5,0.0,0,229.0,0.0,0.0,0.0,0.0,0.0,215
2023-05-11 09:00:10,c2311-P-2720,c2311-P-2720,229.0,0.0,0.0,0.0,10,198.0,296.5,1,229.0,0.0,0.0,0.0,0.0,0.0,215
2023-05-11 09:00:10,c2311-P-2720,c2311-P-2720,229.0,0.0,0.0,0.0,10,198.0,296.0,10,229.0,0.0,0.0,0.0,0.0,0.0,215
2023-05-11 09:00:11,c2311-P-2720,c2311-P-2720,229.0,0.0,0.0,0.0,1,210.5,283.5,1,229.0,0.0,0.0,0.0,0.0,0.0,215
2023-05-11 09:00:11,c2311-P-2720,c2311-P-2720,229.0,0.0,0.0,0.0,10,211.0,283.0,10,229.0,0.0,0.0,0.0,0.0,0.0,215
2023-05-11 09:00:12,c2311-P-2720,c2311-P-2720,229.0,0.0,0.0,0.0,1,223.5,270.5,1,229.0,0.0,0.0,0.0,0.0,0.0,215
2023-05-11 09:00:12,c2311-P-2720,c2311-P-2720,229.0,0.0,0.0,0.0,10,224.0,270.0,10,229.0,0.0,0.0,0.0,0.0,0.0,215
2023-05-11 09:00:13,c2311-P-2720,c2311-P-2720,229.0,0.0,0.0,0.0,1,236.5,257.5,1,229.0,0.0,0.0,0.0,0.0,0.0,215
2023-05-11 09:00:19,c2311-P-2720,c2311-P-2720,229.0,0.0,0.0,0.0,1,198.5,257.5,1,229.0,0.0,0.0,0.0,0.0,0.0,215
2023-05-11 09:00:19,c2311-P-2720,c2311-P-2720,229.0,0.0,0.0,0.0,1,211.5,257.5,1,229.0,0.0,0.0,0.0,0.0,0.0,215
2023-05-11 09:00:20,c2311-P-2720,c2311-P-2720,229.0,0.0,0.0,0.0,10,212.0,257.5,1,229.0,0.0,0.0,0.0,0.0,0.0,215
2023-05-11 09:00:20,c2311-P-2720,c2311-P-2720,229.0,0.0,0.0,0.0,1,224.5,257.5,1,229.0,0.0,0.0,0.0,0.0,0.0,215
2023-05-11 09:00:21,c2311-P-2720,c2311-P-2720,229.0,0.0,0.0,0.0,1,237.5,257.5,1,229.0,0.0,0.0,0.0,0.0,0.0,215
2023-05-11 09:00:28,c2311-P-2720,c2311-P-2720,229.0,0.0,0.0,0.0,1,199.5,257.5,1,229.0,0.0,0.0,0.0,0.0,0.0,215
2023-05-11 09:00:28,c2311-P-2720,c2311-P-2720,229.0,0.0,0.0,0.0,1,212.5,257.5,1,229.0,0.0,0.0,0.0,0.0,0.0,215
2023-05-11 09:00:29,c2311-P-2720,c2311-P-2720,229.0,0.0,0.0,0.0,10,213.0,257.5,1,229.0,0.0,0.0,0.0,0.0,0.0,215
2023-05-11 09:00:29,c2311-P-2720,c2311-P-2720,229.0,0.0,0.0,0.0,1,225.5,257.5,1,229.0,0.0,0.0,0.0,0.0,0.0,215
2023-05-11 09:00:30,c2311-P-2720,c2311-P-2720,229.0,0.0,0.0,0.0,1,238.5,257.5,1,229.0,0.0,0.0,0.0,0.0,0.0,215
2023-05-11 09:00:36,c2311-P-2720,c2311-P-2720,229.0,0.0,0.0,0.0,1,200.0,257.5,1,229.0,0.0,0.0,0.0,0.0,0.0,215
2023-05-11 09:00:36,c2311-P-2720,c2311-P-2720,229.0,0.0,0.0,0.0,1,213.0,257.5,1,229.0,0.0,0.0,0.0,0.0,0.0,215
2023-05-11 09:00:37,c2311-P-2720,c2311-P-2720,229.0,0.0,0.0,0.0,10,213.5,257.5,1,229.0,0.0,0.0,0.0,0.0,0.0,215
2023-05-11 09:00:37,c2311-P-2720,c2311-P-2720,229.0,0.0,0.0,0.0,1,226.0,257.5,1,229.0,0.0,0.0,0.0,0.0,0.0,215
2023-05-11 09:00:38,c2311-P-2720,c2311-P-2720,229.0,0.0,0.0,0.0,1,239.0,257.5,1,229.0,0.0,0.0,0.0,0.0,0.0,215
2023-05-11 09:00:45,c2311-P-2720,c2311-P-2720,229.0,0.0,0.0,0.0,1,200.5,257.5,1,229.0,0.0,0.0,0.0,0.0,0.0,215
2023-05-11 09:00:45,c2311-P-2720,c2311-P-2720,229.0,0.0,0.0,0.0,1,213.5,257.5,1,229.0,0.0,0.0,0.0,0.0,0.0,215
2023-05-11 09:00:46,c2311-P-2720,c2311-P-2720,229.0,0.0,0.0,0.0,10,214.0,257.5,1,229.0,0.0,0.0,0.0,0.0,0.0,215
2023-05-11 09:00:46,c2311-P-2720,c2311-P-2720,229.0,0.0,0.0,0.0,1,226.5,257.5,1,229.0,0.0,0.0,0.0,0.0,0.0,215
2023-05-11 09:00:47,c2311-P-2720,c2311-P-2720,229.0,0.0,0.0,0.0,1,239.5,257.5,1,229.0,0.0,0.0,0.0,0.0,0.0,215
2023-05-11 09:00:53,c2311-P-2720,c2311-P-2720,229.0,0.0,0.0,0.0,1,201.0,257.5,1,229.0,0.0,0.0,0.0,0.0,0.0,215
2023-05-11 09:00:53,c2311-P-2720,c2311-P-2720,229.0,0.0,0.0,0.0,1,214.0,257.5,1,229.0,0.0,0.0,0.0,0.0,0.0,215
2023-05-11 09:00:54,c2311-P-2720,c2311-P-2720,229.0,0.0,0.0,0.0,10,214.5,257.5,1,229.0,0.0,0.0,0.0,0.0,0.0,215
2023-05-11 09:00:54,c2311-P-2720,c2311-P-2720,229.0,0.0,0.0,0.0,1,227.0,257.5,1,229.0,0.0,0.0,0.0,0.0,0.0,215
2023-05-11 09:00:55,c2311-P-2720,c2311-P-2720,229.0,0.0,0.0,0.0,1,240.0,257.5,1,229.0,0.0,0.0,0.0,0.0,0.0,215
2023-05-11 09:01:02,c2311-P-2720,c2311-P-2720,229.0,0.0,0.0,0.0,1,201.0,257.5,1,229.0,0.0,0.0,0.0,0.0,0.0,215
2023-05-11 09:01:02,c2311-P-2720,c2311-P-2720,229.0,0.0,0.0,0.0,1,214.0,257.5,1,229.0,0.0,0.0,0.0,0.0,0.0,215
2023-05-11 09:01:03,c2311-P-2720,c2311-P-2720,229.0,0.0,0.0,0.0,10,214.5,257.5,1,229.0,0.0,0.0,0.0,0.0,0.0,215
2023-05-11 09:01:03,c2311-P-2720,c2311-P-2720,229.0,0.0,0.0,0.0,1,227.0,257.5,1,229.0,0.0,0.0,0.0,0.0,0.0,215
2023-05-11 09:01:04,c2311-P-2720,c2311-P-2720,229.0,0.0,0.0,0.0,1,240.0,257.5,1,229.0,0.0,0.0,0.0,0.0,0.0,215
2023-05-11 09:01:10,c2311-P-2720,c2311-P-2720,229.0,0.0,0.0,0.0,1,200.5,257.5,1,229.0,0.0,0.0,0.0,0.0,0.0,215
2023-05-11 09:01:10,c2311-P-2720,c2311-P-2720,229.0,0.0,0.0,0.0,1,213.5,257.5,1,229.0,0.0,0.0,0.0,0.0,0.0,215
2023-05-11 09:01:11,c2311-P-2720,c2311-P-2720,229.0,0.0,0.0,0.0,10,214.0,257.5,1,229.0,0.0,0.0,0.0,0.0,0.0,215
2023-05-11 09:01:11,c2311-P-2720,c2311-P-2720,229.0,0.0,0.0,0.0,1,226.5,257.5,1,229.0,0.0,0.0,0.0,0.0,0.0,215
2023-05-11 09:01:12,c2311-P-2720,c2311-P-2720,229.0,0.0,0.0,0.0,1,239.5,257.5,1,229.0,0.0,0.0,0.0,0.0,0.0,215
2023-05-11 09:02:57,c2311-P-2720,c2311-P-2720,229.0,0.0,0.0,0.0,10,240.0,257.0,10,229.0,0.0,0.0,0.0,0.0,0.0,215
2023-05-11 09:18:51,c2311-P-2720,c2311-P-2720,229.0,0.0,0.0,0.0,1,245.0,257.0,10,229.0,0.0,0.0,0.0,0.0,0.0,215
2023-05-11 09:18:51,c2311-P-2720,c2311-P-2720,229.0,0.0,0.0,0.0,10,245.5,257.0,10,229.0,0.0,0.0,0.0,0.0,0.0,215
2023-05-11 09:20:16,c2311-P-2720,c2311-P-2720,229.0,0.0,0.0,0.0,10,245.5,257.5,1,229.0,0.0,0.0,0.0,0.0,0.0,215
2023-05-11 09:20:20,c2311-P-2720,c2311-P-2720,229.0,0.0,0.0,0.0,10,245.5,257.0,10,229.0,0.0,0.0,0.0,0.0,0.0,215
2023-05-11 09:21:13,c2311-P-2720,c2311-P-2720,229.0,0.0,0.0,0.0,10,245.5,257.5,11,229.0,0.0,0.0,0.0,0.0,0.0,215
2023-05-11 09:42:02,c2311-P-2720,c2311-P-2720,229.0,0.0,0.0,0.0,10,245.5,257.5,10,229.0,0.0,0.0,0.0,0.0,0.0,215
2023-05-11 09:42:02,c2311-P-2720,c2311-P-2720,229.0,0.0,0.0,0.0,10,245.5,0.0,0,229.0,0.0,0.0,0.0,0.0,0.0,215
2023-05-11 09:42:03,c2311-P-2720,c2311-P-2720,229.0,0.0,0.0,0.0,10,245.5,305.0,1,229.0,0.0,0.0,0.0,0.0,0.0,215
2023-05-11 09:42:04,c2311-P-2720,c2311-P-2720,229.0,0.0,0.0,0.0,10,245.5,304.5,10,229.0,0.0,0.0,0.0,0.0,0.0,215
2023-05-11 09:42:04,c2311-P-2720,c2311-P-2720,229.0,0.0,0.0,0.0,10,245.5,283.5,1,229.0,0.0,0.0,0.0,0.0,0.0,215
2023-05-11 09:42:04,c2311-P-2720,c2311-P-2720,229.0,0.0,0.0,0.0,10,245.5,283.0,10,229.0,0.0,0.0,0.0,0.0,0.0,215
2023-05-11 09:42:05,c2311-P-2720,c2311-P-2720,229.0,0.0,0.0,0.0,10,245.5,264.5,1,229.0,0.0,0.0,0.0,0.0,0.0,215
2023-05-11 09:42:05,c2311-P-2720,c2311-P-2720,229.0,0.0,0.0,0.0,10,245.5,264.0,10,229.0,0.0,0.0,0.0,0.0,0.0,215
2023-05-11 09:52:25,c2311-P-2720,c2311-P-2720,229.0,0.0,0.0,0.0,1,250.5,264.0,10,229.0,0.0,0.0,0.0,0.0,0.0,215
2023-05-11 09:52:25,c2311-P-2720,c2311-P-2720,229.0,0.0,0.0,0.0,10,251.0,264.0,10,229.0,0.0,0.0,0.0,0.0,0.0,215
2023-05-11 09:54:06,c2311-P-2720,c2311-P-2720,229.0,0.0,0.0,0.0,10,251.0,264.5,11,229.0,0.0,0.0,0.0,0.0,0.0,215
2023-05-11 10:03:55,c2311-P-2720,c2311-P-2720,229.0,0.0,0.0,0.0,10,251.0,264.5,1,229.0,0.0,0.0,0.0,0.0,0.0,215
2023-05-11 10:04:48,c2311-P-2720,c2311-P-2720,229.0,0.0,0.0,0.0,10,251.0,271.0,10,229.0,0.0,0.0,0.0,0.0,0.0,215
2023-05-11 10:14:31,c2311-P-2720,c2311-P-2720,229.0,0.0,0.0,0.0,10,251.0,266.0,1,229.0,0.0,0.0,0.0,0.0,0.0,215
2023-05-11 10:14:31,c2311-P-2720,c2311-P-2720,229.0,0.0,0.0,0.0,10,251.0,265.5,10,229.0,0.0,0.0,0.0,0.0,0.0,215
2023-05-11 10:14:32,c2311-P-2720,c2311-P-2720,229.0,0.0,0.0,0.0,1,250.5,266.0,1,229.0,0.0,0.0,0.0,0.0,0.0,215
2023-05-11 10:30:07,c2311-P-2720,c2311-P-2720,229.0,0.0,0.0,0.0,10,251.0,265.5,10,229.0,0.0,0.0,0.0,0.0,0.0,215
2023-05-11 11:29:33,c2311-P-2720,c2311-P-2720,229.0,0.0,0.0,0.0,1,250.5,266.0,1,229.0,0.0,0.0,0.0,0.0,0.0,215
2023-05-11 11:29:39,c2311-P-2720,c2311-P-2720,229.0,0.0,0.0,0.0,1,208.0,266.0,1,229.0,0.0,0.0,0.0,0.0,0.0,215
2023-05-11 13:30:02,c2311-P-2720,c2311-P-2720,229.0,0.0,0.0,0.0,10,208.5,266.0,1,229.0,0.0,0.0,0.0,0.0,0.0,215
2023-05-11 13:30:03,c2311-P-2720,c2311-P-2720,229.0,0.0,0.0,0.0,1,221.0,266.0,1,229.0,0.0,0.0,0.0,0.0,0.0,215
2023-05-11 13:30:04,c2311-P-2720,c2311-P-2720,229.0,0.0,0.0,0.0,10,221.5,266.0,11,229.0,0.0,0.0,0.0,0.0,0.0,215
2023-05-11 13:30:04,c2311-P-2720,c2311-P-2720,229.0,0.0,0.0,0.0,1,234.0,266.0,11,229.0,0.0,0.0,0.0,0.0,0.0,215
2023-05-11 13:30:05,c2311-P-2720,c2311-P-2720,229.0,0.0,0.0,0.0,1,246.5,266.0,11,229.0,0.0,0.0,0.0,0.0,0.0,215
2023-05-11 13:30:10,c2311-P-2720,c2311-P-2720,229.0,0.0,0.0,0.0,1,246.5,261.0,1,229.0,0.0,0.0,0.0,0.0,0.0,215
2023-05-11 13:30:11,c2311-P-2720,c2311-P-2720,229.0,0.0,0.0,0.0,10,205.0,261.0,1,229.0,0.0,0.0,0.0,0.0,0.0,215
2023-05-11 13:30:11,c2311-P-2720,c2311-P-2720,229.0,0.0,0.0,0.0,1,217.5,261.0,1,229.0,0.0,0.0,0.0,0.0,0.0,215
2023-05-11 13:30:12,c2311-P-2720,c2311-P-2720,229.0,0.0,0.0,0.0,1,230.5,261.0,1,229.0,0.0,0.0,0.0,0.0,0.0,215
2023-05-11 13:30:12,c2311-P-2720,c2311-P-2720,229.0,0.0,0.0,0.0,10,231.0,261.0,1,229.0,0.0,0.0,0.0,0.0,0.0,215
2023-05-11 13:30:13,c2311-P-2720,c2311-P-2720,229.0,0.0,0.0,0.0,1,243.5,261.0,1,229.0,0.0,0.0,0.0,0.0,0.0,215
2023-05-11 13:30:13,c2311-P-2720,c2311-P-2720,229.0,0.0,0.0,0.0,10,244.0,261.0,1,229.0,0.0,0.0,0.0,0.0,0.0,215
2023-05-11 13:32:21,c2311-P-2720,c2311-P-2720,229.0,0.0,0.0,0.0,11,243.5,261.0,1,229.0,0.0,0.0,0.0,0.0,0.0,215
2023-05-11 13:32:51,c2311-P-2720,c2311-P-2720,229.0,0.0,0.0,0.0,11,243.5,260.5,10,229.0,0.0,0.0,0.0,0.0,0.0,215
2023-05-11 13:34:15,c2311-P-2720,c2311-P-2720,229.0,0.0,0.0,0.0,1,248.0,260.5,10,229.0,0.0,0.0,0.0,0.0,0.0,215
2023-05-11 13:34:15,c2311-P-2720,c2311-P-2720,229.0,0.0,0.0,0.0,10,248.5,260.5,10,229.0,0.0,0.0,0.0,0.0,0.0,215
2023-05-11 13:38:12,c2311-P-2720,c2311-P-2720,229.0,0.0,0.0,0.0,10,248.5,261.0,1,229.0,0.0,0.0,0.0,0.0,0.0,215
2023-05-11 13:38:31,c2311-P-2720,c2311-P-2720,229.0,0.0,0.0,0.0,10,248.5,260.5,10,229.0,0.0,0.0,0.0,0.0,0.0,215
2023-05-11 13:40:32,c2311-P-2720,c2311-P-2720,229.0,0.0,0.0,0.0,10,248.5,261.0,1,229.0,0.0,0.0,0.0,0.0,0.0,215
2023-05-11 13:40:32,c2311-P-2720,c2311-P-2720,229.0,0.0,0.0,0.0,10,248.5,261.0,11,229.0,0.0,0.0,0.0,0.0,0.0,215
2023-05-11 13:40:33,c2311-P-2720,c2311-P-2720,229.0,0.0,0.0,0.0,10,248.5,261.0,1,229.0,0.0,0.0,0.0,0.0,0.0,215
2023-05-11 13:40:59,c2311-P-2720,c2311-P-2720,229.0,0.0,0.0,0.0,10,248.5,261.0,11,229.0,0.0,0.0,0.0,0.0,0.0,215
2023-05-11 13:40:59,c2311-P-2720,c2311-P-2720,229.0,0.0,0.0,0.0,10,248.5,261.0,1,229.0,0.0,0.0,0.0,0.0,0.0,215
2023-05-11 13:42:29,c2311-P-2720,c2311-P-2720,229.0,0.0,0.0,0.0,10,248.5,267.0,1,229.0,0.0,0.0,0.0,0.0,0.0,215
2023-05-11 13:42:29,c2311-P-2720,c2311-P-2720,229.0,0.0,0.0,0.0,10,248.5,266.5,10,229.0,0.0,0.0,0.0,0.0,0.0,215
2023-05-11 13:42:32,c2311-P-2720,c2311-P-2720,229.0,0.0,0.0,0.0,1,252.5,266.5,10,229.0,0.0,0.0,0.0,0.0,0.0,215
2023-05-11 13:42:32,c2311-P-2720,c2311-P-2720,229.0,0.0,0.0,0.0,10,253.0,266.5,10,229.0,0.0,0.0,0.0,0.0,0.0,215
2023-05-11 14:50:39,c2311-P-2720,c2311-P-2720,229.0,0.0,0.0,0.0,1,257.0,266.5,10,229.0,0.0,0.0,0.0,0.0,0.0,215
2023-05-11 14:50:39,c2311-P-2720,c2311-P-2720,229.0,0.0,0.0,0.0,10,257.5,266.5,10,229.0,0.0,0.0,0.0,0.0,0.0,215
2023-05-11 14:50:41,c2311-P-2720,c2311-P-2720,229.0,0.0,0.0,0.0,10,257.5,267.0,11,229.0,0.0,0.0,0.0,0.0,0.0,215
2023-05-11 14:51:42,c2311-P-2720,c2311-P-2720,229.0,0.0,0.0,0.0,10,257.5,267.0,1,229.0,0.0,0.0,0.0,0.0,0.0,215
2023-05-11 14:51:49,c2311-P-2720,c2311-P-2720,229.0,0.0,0.0,0.0,10,257.5,267.0,11,229.0,0.0,0.0,0.0,0.0,0.0,215
2023-05-11 14:51:54,c2311-P-2720,c2311-P-2720,229.0,0.0,0.0,0.0,10,257.5,267.0,1,229.0,0.0,0.0,0.0,0.0,0.0,215
2023-05-11 14:52:20,c2311-P-2720,c2311-P-2720,229.0,0.0,0.0,0.0,10,257.5,267.0,11,229.0,0.0,0.0,0.0,0.0,0.0,215
2023-05-11 14:52:32,c2311-P-2720,c2311-P-2720,229.0,0.0,0.0,0.0,10,257.5,267.0,1,229.0,0.0,0.0,0.0,0.0,0.0,215
2023-05-11 14:53:20,c2311-P-2720,c2311-P-2720,229.0,0.0,0.0,0.0,10,257.5,273.0,1,229.0,0.0,0.0,0.0,0.0,0.0,215
2023-05-11 14:53:20,c2311-P-2720,c2311-P-2720,229.0,0.0,0.0,0.0,10,257.5,272.5,10,229.0,0.0,0.0,0.0,0.0,0.0,215
2023-05-11 14:59:02,c2311-P-2720,c2311-P-2720,229.0,0.0,0.0,0.0,1,257.0,273.0,1,229.0,0.0,0.0,0.0,0.0,0.0,215
2023-05-11 14:59:05,c2311-P-2720,c2311-P-2720,229.0,0.0,0.0,0.0,10,257.5,272.5,10,229.0,0.0,0.0,0.0,0.0,0.0,215
2023-05-11 14:59:10,c2311-P-2720,c2311-P-2720,229.0,0.0,0.0,0.0,1,257.0,273.0,1,229.0,0.0,0.0,0.0,0.0,0.0,215
2023-05-11 14:59:19,c2311-P-2720,c2311-P-2720,229.0,0.0,0.0,0.0,1,215.5,273.0,1,229.0,0.0,0.0,0.0,0.0,0.0,215
2023-05-11 15:01:10,c2311-P-2720,c2311-P-2720,229.0,0.0,0.0,0.0,1,215.5,273.0,1,229.0,0.0,0.0,0.0,0.0,0.0,215
