time,symbol_id,symbol_name,last,trade_volume,trade_amount,open_interest_change,bv1,bp1,ap1,av1,yesterday_close,today_open,today_high,today_low,volume,amount,open_interest
2023-05-10 20:56:07,c2311-P-2320,c2311-P-2320,21.5,0.0,0.0,0.0,1,0.5,0.0,0,21.5,24.5,0.0,0.0,0.0,0.0,84
2023-05-10 21:00:07,c2311-P-2320,c2311-P-2320,21.5,0.0,0.0,0.0,10,1.0,0.0,0,21.5,24.5,0.0,0.0,0.0,0.0,84
2023-05-10 21:00:08,c2311-P-2320,c2311-P-2320,21.5,0.0,0.0,0.0,1,13.5,71.5,1,21.5,24.5,0.0,0.0,0.0,0.0,84
2023-05-10 21:00:13,c2311-P-2320,c2311-P-2320,21.5,0.0,0.0,0.0,1,13.0,71.5,1,21.5,24.5,0.0,0.0,0.0,0.0,84
2023-05-10 21:00:26,c2311-P-2320,c2311-P-2320,21.5,0.0,0.0,0.0,10,13.5,71.5,1,21.5,24.5,0.0,0.0,0.0,0.0,84
2023-05-10 21:02:00,c2311-P-2320,c2311-P-2320,21.5,0.0,0.0,0.0,10,13.5,70.0,1,21.5,24.5,0.0,0.0,0.0,0.0,84
2023-05-10 21:02:01,c2311-P-2320,c2311-P-2320,21.5,0.0,0.0,0.0,10,13.5,49.0,1,21.5,24.5,0.0,0.0,0.0,0.0,84
2023-05-10 21:03:07,c2311-P-2320,c2311-P-2320,21.5,0.0,0.0,0.0,2,14.0,49.0,1,21.5,24.5,0.0,0.0,0.0,0.0,84
2023-05-10 21:03:08,c2311-P-2320,c2311-P-2320,21.5,0.0,0.0,0.0,10,14.5,49.0,1,21.5,24.5,0.0,0.0,0.0,0.0,84
2023-05-10 21:05:10,c2311-P-2320,c2311-P-2320,21.5,0.0,0.0,0.0,10,14.5,43.5,1,21.5,24.5,0.0,0.0,0.0,0.0,84
2023-05-10 21:05:10,c2311-P-2320,c2311-P-2320,21.5,0.0,0.0,0.0,10,14.5,30.0,1,21.5,24.5,0.0,0.0,0.0,0.0,84
2023-05-10 21:07:11,c2311-P-2320,c2311-P-2320,21.5,0.0,0.0,0.0,1,17.5,30.0,1,21.5,24.5,0.0,0.0,0.0,0.0,84
2023-05-10 21:07:11,c2311-P-2320,c2311-P-2320,21.5,0.0,0.0,0.0,10,18.0,30.0,1,21.5,24.5,0.0,0.0,0.0,0.0,84
2023-05-10 21:14:03,c2311-P-2320,c2311-P-2320,21.5,0.0,0.0,0.0,2,18.5,30.0,1,21.5,24.5,0.0,0.0,0.0,0.0,84
2023-05-10 21:14:03,c2311-P-2320,c2311-P-2320,21.5,0.0,0.0,0.0,10,19.0,30.0,1,21.5,24.5,0.0,0.0,0.0,0.0,84
2023-05-10 21:19:12,c2311-P-2320,c2311-P-2320,24.5,10.0,2450.0,0.0,3,23.5,24.5,10,21.5,24.5,24.5,24.5,10.0,2450.0,84
2023-05-10 21:19:13,c2311-P-2320,c2311-P-2320,24.0,4.0,960.0,0.0,13,23.5,25.5,3,21.5,24.5,24.5,24.0,14.0,3410.0,84
2023-05-10 21:19:13,c2311-P-2320,c2311-P-2320,24.0,0.0,0.0,0.0,13,23.5,25.5,13,21.5,24.5,24.5,24.0,14.0,3410.0,84
2023-05-10 21:19:28,c2311-P-2320,c2311-P-2320,24.0,0.0,0.0,0.0,23,23.5,25.0,20,21.5,24.5,24.5,24.0,14.0,3410.0,84
2023-05-10 21:19:35,c2311-P-2320,c2311-P-2320,24.0,0.0,0.0,0.0,33,23.5,25.0,20,21.5,24.5,24.5,24.0,14.0,3410.0,84
2023-05-10 21:19:36,c2311-P-2320,c2311-P-2320,24.0,0.0,0.0,0.0,34,23.5,25.0,20,21.5,24.5,24.5,24.0,14.0,3410.0,84
2023-05-10 21:19:39,c2311-P-2320,c2311-P-2320,24.0,0.0,0.0,0.0,24,23.5,25.0,20,21.5,24.5,24.5,24.0,14.0,3410.0,84
2023-05-10 21:19:45,c2311-P-2320,c2311-P-2320,24.0,0.0,0.0,0.0,34,23.5,25.0,20,21.5,24.5,24.5,24.0,14.0,3410.0,84
2023-05-10 21:20:03,c2311-P-2320,c2311-P-2320,24.0,0.0,0.0,0.0,34,23.5,25.0,10,21.5,24.5,24.5,24.0,14.0,3410.0,84
2023-05-10 21:20:18,c2311-P-2320,c2311-P-2320,24.0,0.0,0.0,0.0,10,24.0,25.0,10,21.5,24.5,24.5,24.0,14.0,3410.0,84
2023-05-10 21:20:18,c2311-P-2320,c2311-P-2320,24.5,8.0,1960.0,0.0,5,24.5,25.5,10,21.5,24.5,24.5,24.0,22.0,5370.0,84
2023-05-10 21:20:19,c2311-P-2320,c2311-P-2320,24.5,8.0,1960.0,3.0,25,24.5,25.5,10,21.5,24.5,24.5,24.0,30.0,7330.0,87
2023-05-10 21:20:19,c2311-P-2320,c2311-P-2320,24.5,0.0,0.0,0.0,35,24.5,25.5,10,21.5,24.5,24.5,24.0,30.0,7330.0,87
2023-05-10 21:20:19,c2311-P-2320,c2311-P-2320,24.5,3.0,735.0,3.0,32,24.5,25.5,10,21.5,24.5,24.5,24.0,33.0,8065.0,90
2023-05-10 21:20:20,c2311-P-2320,c2311-P-2320,24.5,0.0,0.0,0.0,32,24.5,25.5,20,21.5,24.5,24.5,24.0,33.0,8065.0,90
2023-05-10 21:20:22,c2311-P-2320,c2311-P-2320,24.5,1.0,245.0,1.0,21,24.5,25.5,10,21.5,24.5,24.5,24.0,34.0,8310.0,91
2023-05-10 21:20:23,c2311-P-2320,c2311-P-2320,24.5,8.0,1960.0,8.0,23,24.5,25.5,10,21.5,24.5,24.5,24.0,42.0,10270.0,99
2023-05-10 21:20:23,c2311-P-2320,c2311-P-2320,24.5,8.0,1960.0,8.0,15,24.5,25.5,10,21.5,24.5,24.5,24.0,50.0,12230.0,107
2023-05-10 21:20:24,c2311-P-2320,c2311-P-2320,24.5,6.0,1470.0,6.0,36,24.5,25.5,10,21.5,24.5,24.5,24.0,56.0,13700.0,113
2023-05-10 21:20:24,c2311-P-2320,c2311-P-2320,24.5,0.0,0.0,0.0,36,24.5,25.5,20,21.5,24.5,24.5,24.0,56.0,13700.0,113
2023-05-10 21:21:04,c2311-P-2320,c2311-P-2320,24.5,0.0,0.0,0.0,46,24.5,25.5,20,21.5,24.5,24.5,24.0,56.0,13700.0,113
2023-05-10 21:21:07,c2311-P-2320,c2311-P-2320,24.5,0.0,0.0,0.0,46,24.5,25.5,10,21.5,24.5,24.5,24.0,56.0,13700.0,113
2023-05-10 21:21:07,c2311-P-2320,c2311-P-2320,24.5,0.0,0.0,0.0,46,24.5,25.5,20,21.5,24.5,24.5,24.0,56.0,13700.0,113
2023-05-10 21:21:11,c2311-P-2320,c2311-P-2320,24.5,0.0,0.0,0.0,46,24.5,25.5,10,21.5,24.5,24.5,24.0,56.0,13700.0,113
2023-05-10 21:21:13,c2311-P-2320,c2311-P-2320,24.5,0.0,0.0,0.0,46,24.5,25.5,20,21.5,24.5,24.5,24.0,56.0,13700.0,113
2023-05-10 21:21:16,c2311-P-2320,c2311-P-2320,24.5,0.0,0.0,0.0,46,24.5,25.5,10,21.5,24.5,24.5,24.0,56.0,13700.0,113
2023-05-10 21:21:28,c2311-P-2320,c2311-P-2320,24.5,0.0,0.0,0.0,36,24.5,25.5,20,21.5,24.5,24.5,24.0,56.0,13700.0,113
2023-05-10 21:21:29,c2311-P-2320,c2311-P-2320,24.5,0.0,0.0,0.0,36,24.5,25.5,10,21.5,24.5,24.5,24.0,56.0,13700.0,113
2023-05-10 21:21:30,c2311-P-2320,c2311-P-2320,24.5,8.0,1960.0,8.0,28,24.5,25.5,18,21.5,24.5,24.5,24.0,64.0,15660.0,121
2023-05-10 21:21:31,c2311-P-2320,c2311-P-2320,24.5,1.0,245.0,1.0,37,24.5,25.5,18,21.5,24.5,24.5,24.0,65.0,15905.0,122
2023-05-10 21:21:31,c2311-P-2320,c2311-P-2320,24.5,1.0,245.0,1.0,36,24.5,25.5,18,21.5,24.5,24.5,24.0,66.0,16150.0,123
2023-05-10 21:21:32,c2311-P-2320,c2311-P-2320,24.5,0.0,0.0,0.0,36,24.5,25.5,28,21.5,24.5,24.5,24.0,66.0,16150.0,123
2023-05-10 21:21:47,c2311-P-2320,c2311-P-2320,24.5,0.0,0.0,0.0,26,24.5,25.5,28,21.5,24.5,24.5,24.0,66.0,16150.0,123
2023-05-10 21:21:47,c2311-P-2320,c2311-P-2320,24.5,0.0,0.0,0.0,36,24.5,25.5,28,21.5,24.5,24.5,24.0,66.0,16150.0,123
2023-05-10 21:22:17,c2311-P-2320,c2311-P-2320,24.5,2.0,490.0,2.0,34,24.5,25.5,18,21.5,24.5,24.5,24.0,68.0,16640.0,125
2023-05-10 21:22:18,c2311-P-2320,c2311-P-2320,24.5,0.0,0.0,0.0,34,24.5,25.5,8,21.5,24.5,24.5,24.0,68.0,16640.0,125
2023-05-10 21:22:19,c2311-P-2320,c2311-P-2320,24.5,0.0,0.0,0.0,44,24.5,25.5,18,21.5,24.5,24.5,24.0,68.0,16640.0,125
2023-05-10 21:22:20,c2311-P-2320,c2311-P-2320,24.5,0.0,0.0,0.0,44,24.5,25.5,28,21.5,24.5,24.5,24.0,68.0,16640.0,125
2023-05-10 21:22:27,c2311-P-2320,c2311-P-2320,24.5,0.0,0.0,0.0,44,24.5,25.5,20,21.5,24.5,24.5,24.0,68.0,16640.0,125
2023-05-10 21:22:27,c2311-P-2320,c2311-P-2320,24.5,0.0,0.0,0.0,60,24.5,25.5,10,21.5,24.5,24.5,24.0,68.0,16640.0,125
2023-05-10 21:22:37,c2311-P-2320,c2311-P-2320,24.5,0.0,0.0,0.0,60,24.5,25.5,20,21.5,24.5,24.5,24.0,68.0,16640.0,125
2023-05-10 21:22:41,c2311-P-2320,c2311-P-2320,24.5,0.0,0.0,0.0,60,24.5,25.5,10,21.5,24.5,24.5,24.0,68.0,16640.0,125
2023-05-10 21:22:47,c2311-P-2320,c2311-P-2320,24.5,0.0,0.0,0.0,70,24.5,25.5,10,21.5,24.5,24.5,24.0,68.0,16640.0,125
2023-05-10 21:22:49,c2311-P-2320,c2311-P-2320,24.5,0.0,0.0,0.0,60,24.5,25.5,10,21.5,24.5,24.5,24.0,68.0,16640.0,125
2023-05-10 21:22:59,c2311-P-2320,c2311-P-2320,25.5,10.0,2550.0,10.0,8,25.0,25.5,10,21.5,24.5,25.5,24.0,78.0,19190.0,135
2023-05-10 21:22:59,c2311-P-2320,c2311-P-2320,25.5,0.0,0.0,0.0,18,25.0,25.5,10,21.5,24.5,25.5,24.0,78.0,19190.0,135
2023-05-10 21:23:28,c2311-P-2320,c2311-P-2320,25.5,0.0,0.0,0.0,28,25.0,25.5,10,21.5,24.5,25.5,24.0,78.0,19190.0,135
2023-05-10 21:23:28,c2311-P-2320,c2311-P-2320,25.5,0.0,0.0,0.0,18,25.0,25.5,10,21.5,24.5,25.5,24.0,78.0,19190.0,135
2023-05-10 21:23:39,c2311-P-2320,c2311-P-2320,25.5,0.0,0.0,0.0,8,25.0,25.5,10,21.5,24.5,25.5,24.0,78.0,19190.0,135
2023-05-10 21:23:39,c2311-P-2320,c2311-P-2320,25.5,0.0,0.0,0.0,18,25.0,25.5,10,21.5,24.5,25.5,24.0,78.0,19190.0,135
2023-05-10 21:23:41,c2311-P-2320,c2311-P-2320,25.5,0.0,0.0,0.0,28,25.0,25.5,10,21.5,24.5,25.5,24.0,78.0,19190.0,135
2023-05-10 21:23:41,c2311-P-2320,c2311-P-2320,25.5,0.0,0.0,0.0,18,25.0,25.5,10,21.5,24.5,25.5,24.0,78.0,19190.0,135
2023-05-10 21:23:56,c2311-P-2320,c2311-P-2320,25.5,10.0,2550.0,10.0,28,25.0,25.5,10,21.5,24.5,25.5,24.0,88.0,21740.0,145
2023-05-10 21:23:57,c2311-P-2320,c2311-P-2320,25.5,10.0,2550.0,10.0,28,25.0,26.0,44,21.5,24.5,25.5,24.0,98.0,24290.0,155
2023-05-10 21:24:07,c2311-P-2320,c2311-P-2320,25.5,0.0,0.0,0.0,18,25.0,26.0,44,21.5,24.5,25.5,24.0,98.0,24290.0,155
2023-05-10 21:24:07,c2311-P-2320,c2311-P-2320,25.5,0.0,0.0,0.0,28,25.0,26.0,44,21.5,24.5,25.5,24.0,98.0,24290.0,155
2023-05-10 21:24:31,c2311-P-2320,c2311-P-2320,25.5,0.0,0.0,0.0,18,25.0,26.0,44,21.5,24.5,25.5,24.0,98.0,24290.0,155
2023-05-10 21:24:32,c2311-P-2320,c2311-P-2320,25.0,8.0,2000.0,8.0,10,25.0,25.5,8,21.5,24.5,25.5,24.0,106.0,26290.0,163
2023-05-10 21:24:33,c2311-P-2320,c2311-P-2320,25.0,3.0,750.0,3.0,7,25.0,25.5,8,21.5,24.5,25.5,24.0,109.0,27040.0,166
2023-05-10 21:24:33,c2311-P-2320,c2311-P-2320,25.0,0.0,0.0,0.0,7,25.0,25.5,18,21.5,24.5,25.5,24.0,109.0,27040.0,166
2023-05-10 21:24:44,c2311-P-2320,c2311-P-2320,25.0,0.0,0.0,0.0,7,25.0,25.5,10,21.5,24.5,25.5,24.0,109.0,27040.0,166
2023-05-10 21:24:44,c2311-P-2320,c2311-P-2320,25.0,0.0,0.0,0.0,17,25.0,25.5,10,21.5,24.5,25.5,24.0,109.0,27040.0,166
2023-05-10 21:24:49,c2311-P-2320,c2311-P-2320,25.5,10.0,2550.0,10.0,25,25.0,26.0,34,21.5,24.5,25.5,24.0,119.0,29590.0,176
2023-05-10 21:24:54,c2311-P-2320,c2311-P-2320,25.5,0.0,0.0,0.0,25,25.0,26.0,44,21.5,24.5,25.5,24.0,119.0,29590.0,176
2023-05-10 21:25:00,c2311-P-2320,c2311-P-2320,25.5,0.0,0.0,0.0,25,25.0,26.0,34,21.5,24.5,25.5,24.0,119.0,29590.0,176
2023-05-10 21:25:02,c2311-P-2320,c2311-P-2320,25.5,0.0,0.0,0.0,25,25.0,26.0,10,21.5,24.5,25.5,24.0,119.0,29590.0,176
2023-05-10 21:25:04,c2311-P-2320,c2311-P-2320,25.5,0.0,0.0,0.0,35,25.0,26.0,10,21.5,24.5,25.5,24.0,119.0,29590.0,176
2023-05-10 21:25:05,c2311-P-2320,c2311-P-2320,25.5,0.0,0.0,0.0,41,25.0,26.0,10,21.5,24.5,25.5,24.0,119.0,29590.0,176
2023-05-10 21:25:06,c2311-P-2320,c2311-P-2320,25.5,0.0,0.0,0.0,51,25.0,26.0,10,21.5,24.5,25.5,24.0,119.0,29590.0,176
2023-05-10 21:25:09,c2311-P-2320,c2311-P-2320,25.5,0.0,0.0,0.0,51,25.0,26.5,20,21.5,24.5,25.5,24.0,119.0,29590.0,176
2023-05-10 21:25:09,c2311-P-2320,c2311-P-2320,25.5,0.0,0.0,0.0,51,25.0,26.0,10,21.5,24.5,25.5,24.0,119.0,29590.0,176
2023-05-10 21:25:11,c2311-P-2320,c2311-P-2320,25.5,0.0,0.0,0.0,41,25.0,26.0,10,21.5,24.5,25.5,24.0,119.0,29590.0,176
2023-05-10 21:25:11,c2311-P-2320,c2311-P-2320,25.5,0.0,0.0,0.0,51,25.0,26.0,10,21.5,24.5,25.5,24.0,119.0,29590.0,176
2023-05-10 21:25:12,c2311-P-2320,c2311-P-2320,25.5,0.0,0.0,0.0,41,25.0,26.0,10,21.5,24.5,25.5,24.0,119.0,29590.0,176
2023-05-10 21:25:12,c2311-P-2320,c2311-P-2320,25.5,0.0,0.0,0.0,51,25.0,26.0,10,21.5,24.5,25.5,24.0,119.0,29590.0,176
2023-05-10 21:25:18,c2311-P-2320,c2311-P-2320,25.5,0.0,0.0,0.0,41,25.0,26.0,10,21.5,24.5,25.5,24.0,119.0,29590.0,176
2023-05-10 21:26:03,c2311-P-2320,c2311-P-2320,25.5,0.0,0.0,0.0,51,25.0,26.0,10,21.5,24.5,25.5,24.0,119.0,29590.0,176
2023-05-10 21:26:04,c2311-P-2320,c2311-P-2320,25.5,0.0,0.0,0.0,41,25.0,26.0,10,21.5,24.5,25.5,24.0,119.0,29590.0,176
2023-05-10 21:26:37,c2311-P-2320,c2311-P-2320,25.5,0.0,0.0,0.0,51,25.0,26.0,10,21.5,24.5,25.5,24.0,119.0,29590.0,176
2023-05-10 21:26:38,c2311-P-2320,c2311-P-2320,26.0,10.0,2600.0,10.0,18,25.5,26.0,10,21.5,24.5,26.0,24.0,129.0,32190.0,186
2023-05-10 21:26:38,c2311-P-2320,c2311-P-2320,26.0,0.0,0.0,0.0,28,25.5,26.0,10,21.5,24.5,26.0,24.0,129.0,32190.0,186
2023-05-10 21:26:41,c2311-P-2320,c2311-P-2320,26.0,10.0,2600.0,10.0,28,25.5,26.5,18,21.5,24.5,26.0,24.0,139.0,34790.0,196
2023-05-10 21:26:42,c2311-P-2320,c2311-P-2320,26.0,0.0,0.0,0.0,28,25.5,26.5,28,21.5,24.5,26.0,24.0,139.0,34790.0,196
2023-05-10 21:26:42,c2311-P-2320,c2311-P-2320,26.0,0.0,0.0,0.0,28,25.5,26.5,18,21.5,24.5,26.0,24.0,139.0,34790.0,196
2023-05-10 21:26:45,c2311-P-2320,c2311-P-2320,26.0,0.0,0.0,0.0,28,25.5,26.5,10,21.5,24.5,26.0,24.0,139.0,34790.0,196
2023-05-10 21:26:49,c2311-P-2320,c2311-P-2320,26.0,0.0,0.0,0.0,28,25.5,26.5,20,21.5,24.5,26.0,24.0,139.0,34790.0,196
2023-05-10 21:26:50,c2311-P-2320,c2311-P-2320,26.0,0.0,0.0,0.0,28,25.5,26.5,10,21.5,24.5,26.0,24.0,139.0,34790.0,196
2023-05-10 21:27:17,c2311-P-2320,c2311-P-2320,26.0,0.0,0.0,0.0,44,25.5,26.5,10,21.5,24.5,26.0,24.0,139.0,34790.0,196
2023-05-10 21:27:25,c2311-P-2320,c2311-P-2320,26.5,10.0,2650.0,10.0,8,26.0,26.5,10,21.5,24.5,26.5,24.0,149.0,37440.0,206
2023-05-10 21:27:26,c2311-P-2320,c2311-P-2320,26.5,0.0,0.0,0.0,28,26.0,26.5,10,21.5,24.5,26.5,24.0,149.0,37440.0,206
2023-05-10 21:27:27,c2311-P-2320,c2311-P-2320,26.5,0.0,0.0,0.0,18,26.0,26.5,10,21.5,24.5,26.5,24.0,149.0,37440.0,206
2023-05-10 21:27:27,c2311-P-2320,c2311-P-2320,26.5,0.0,0.0,0.0,28,26.0,26.5,10,21.5,24.5,26.5,24.0,149.0,37440.0,206
2023-05-10 21:27:29,c2311-P-2320,c2311-P-2320,26.5,0.0,0.0,0.0,18,26.0,26.5,10,21.5,24.5,26.5,24.0,149.0,37440.0,206
2023-05-10 21:27:34,c2311-P-2320,c2311-P-2320,26.5,0.0,0.0,0.0,18,26.0,27.0,44,21.5,24.5,26.5,24.0,149.0,37440.0,206
2023-05-10 21:28:00,c2311-P-2320,c2311-P-2320,26.5,0.0,0.0,0.0,28,26.0,27.0,44,21.5,24.5,26.5,24.0,149.0,37440.0,206
2023-05-10 21:28:06,c2311-P-2320,c2311-P-2320,26.5,0.0,0.0,0.0,18,26.0,27.0,44,21.5,24.5,26.5,24.0,149.0,37440.0,206
2023-05-10 21:28:24,c2311-P-2320,c2311-P-2320,26.5,0.0,0.0,0.0,28,26.0,27.0,44,21.5,24.5,26.5,24.0,149.0,37440.0,206
2023-05-10 21:28:42,c2311-P-2320,c2311-P-2320,26.5,0.0,0.0,0.0,28,26.0,27.0,34,21.5,24.5,26.5,24.0,149.0,37440.0,206
2023-05-10 21:28:50,c2311-P-2320,c2311-P-2320,26.5,0.0,0.0,0.0,28,26.0,27.0,44,21.5,24.5,26.5,24.0,149.0,37440.0,206
2023-05-10 21:29:01,c2311-P-2320,c2311-P-2320,26.5,0.0,0.0,0.0,28,26.0,27.0,34,21.5,24.5,26.5,24.0,149.0,37440.0,206
2023-05-10 21:29:10,c2311-P-2320,c2311-P-2320,26.5,0.0,0.0,0.0,28,26.0,27.0,44,21.5,24.5,26.5,24.0,149.0,37440.0,206
2023-05-10 21:29:16,c2311-P-2320,c2311-P-2320,26.5,0.0,0.0,0.0,28,26.0,27.0,34,21.5,24.5,26.5,24.0,149.0,37440.0,206
2023-05-10 21:29:28,c2311-P-2320,c2311-P-2320,26.5,0.0,0.0,0.0,28,26.0,27.0,44,21.5,24.5,26.5,24.0,149.0,37440.0,206
2023-05-10 21:29:29,c2311-P-2320,c2311-P-2320,26.5,0.0,0.0,0.0,28,26.0,27.0,34,21.5,24.5,26.5,24.0,149.0,37440.0,206
2023-05-10 21:29:41,c2311-P-2320,c2311-P-2320,26.5,0.0,0.0,0.0,28,26.0,27.0,44,21.5,24.5,26.5,24.0,149.0,37440.0,206
2023-05-10 21:29:42,c2311-P-2320,c2311-P-2320,26.5,0.0,0.0,0.0,28,26.0,27.0,34,21.5,24.5,26.5,24.0,149.0,37440.0,206
2023-05-10 21:29:50,c2311-P-2320,c2311-P-2320,26.5,0.0,0.0,0.0,28,26.0,27.0,44,21.5,24.5,26.5,24.0,149.0,37440.0,206
2023-05-10 21:29:52,c2311-P-2320,c2311-P-2320,26.5,0.0,0.0,0.0,28,26.0,27.0,34,21.5,24.5,26.5,24.0,149.0,37440.0,206
2023-05-10 21:30:04,c2311-P-2320,c2311-P-2320,26.5,0.0,0.0,0.0,28,26.0,27.0,44,21.5,24.5,26.5,24.0,149.0,37440.0,206
2023-05-10 21:30:07,c2311-P-2320,c2311-P-2320,26.5,0.0,0.0,0.0,28,26.0,27.0,34,21.5,24.5,26.5,24.0,149.0,37440.0,206
2023-05-10 21:30:21,c2311-P-2320,c2311-P-2320,26.5,0.0,0.0,0.0,28,26.0,27.0,18,21.5,24.5,26.5,24.0,149.0,37440.0,206
2023-05-10 21:30:30,c2311-P-2320,c2311-P-2320,26.5,0.0,0.0,0.0,18,26.0,27.0,18,21.5,24.5,26.5,24.0,149.0,37440.0,206
2023-05-10 21:30:34,c2311-P-2320,c2311-P-2320,26.5,0.0,0.0,0.0,18,26.0,26.5,3,21.5,24.5,26.5,24.0,149.0,37440.0,206
2023-05-10 21:30:34,c2311-P-2320,c2311-P-2320,26.5,3.0,795.0,0.0,8,26.5,27.0,18,21.5,24.5,26.5,24.0,152.0,38235.0,206
2023-05-10 21:30:36,c2311-P-2320,c2311-P-2320,26.5,0.0,0.0,0.0,8,26.5,27.0,28,21.5,24.5,26.5,24.0,152.0,38235.0,206
2023-05-10 21:30:36,c2311-P-2320,c2311-P-2320,26.5,0.0,0.0,0.0,18,26.0,27.0,18,21.5,24.5,26.5,24.0,152.0,38235.0,206
2023-05-10 21:30:53,c2311-P-2320,c2311-P-2320,26.5,0.0,0.0,0.0,18,26.0,27.0,28,21.5,24.5,26.5,24.0,152.0,38235.0,206
2023-05-10 21:30:56,c2311-P-2320,c2311-P-2320,26.5,0.0,0.0,0.0,18,26.0,27.0,18,21.5,24.5,26.5,24.0,152.0,38235.0,206
2023-05-10 21:31:00,c2311-P-2320,c2311-P-2320,26.5,0.0,0.0,0.0,8,26.0,27.0,18,21.5,24.5,26.5,24.0,152.0,38235.0,206
2023-05-10 21:31:01,c2311-P-2320,c2311-P-2320,26.5,0.0,0.0,0.0,8,26.0,27.0,28,21.5,24.5,26.5,24.0,152.0,38235.0,206
2023-05-10 21:31:04,c2311-P-2320,c2311-P-2320,26.5,0.0,0.0,0.0,18,26.0,27.0,28,21.5,24.5,26.5,24.0,152.0,38235.0,206
2023-05-10 21:31:05,c2311-P-2320,c2311-P-2320,26.5,0.0,0.0,0.0,8,26.0,27.0,28,21.5,24.5,26.5,24.0,152.0,38235.0,206
2023-05-10 21:31:05,c2311-P-2320,c2311-P-2320,26.5,0.0,0.0,0.0,18,26.0,27.0,28,21.5,24.5,26.5,24.0,152.0,38235.0,206
2023-05-10 21:32:20,c2311-P-2320,c2311-P-2320,26.5,0.0,0.0,0.0,18,26.0,26.5,5,21.5,24.5,26.5,24.0,152.0,38235.0,206
2023-05-10 21:32:20,c2311-P-2320,c2311-P-2320,26.5,5.0,1325.0,0.0,8,26.5,27.0,18,21.5,24.5,26.5,24.0,157.0,39560.0,206
2023-05-10 21:32:22,c2311-P-2320,c2311-P-2320,26.5,0.0,0.0,0.0,18,26.5,27.0,18,21.5,24.5,26.5,24.0,157.0,39560.0,206
2023-05-10 21:32:25,c2311-P-2320,c2311-P-2320,26.5,0.0,0.0,0.0,10,26.5,27.0,18,21.5,24.5,26.5,24.0,157.0,39560.0,206
2023-05-10 21:32:27,c2311-P-2320,c2311-P-2320,26.5,0.0,0.0,0.0,28,26.0,27.0,18,21.5,24.5,26.5,24.0,157.0,39560.0,206
2023-05-10 21:32:28,c2311-P-2320,c2311-P-2320,26.5,0.0,0.0,0.0,18,26.0,27.0,18,21.5,24.5,26.5,24.0,157.0,39560.0,206
2023-05-10 21:32:29,c2311-P-2320,c2311-P-2320,26.5,0.0,0.0,0.0,18,26.0,27.0,28,21.5,24.5,26.5,24.0,157.0,39560.0,206
2023-05-10 21:34:36,c2311-P-2320,c2311-P-2320,26.5,0.0,0.0,0.0,10,26.0,27.0,28,21.5,24.5,26.5,24.0,157.0,39560.0,206
2023-05-10 21:34:37,c2311-P-2320,c2311-P-2320,26.5,0.0,0.0,0.0,36,25.5,27.0,44,21.5,24.5,26.5,24.0,157.0,39560.0,206
2023-05-10 21:34:38,c2311-P-2320,c2311-P-2320,26.5,0.0,0.0,0.0,46,25.5,27.0,44,21.5,24.5,26.5,24.0,157.0,39560.0,206
2023-05-10 21:34:38,c2311-P-2320,c2311-P-2320,26.5,0.0,0.0,0.0,36,25.5,27.0,44,21.5,24.5,26.5,24.0,157.0,39560.0,206
2023-05-10 21:34:44,c2311-P-2320,c2311-P-2320,26.5,0.0,0.0,0.0,20,25.5,27.0,20,21.5,24.5,26.5,24.0,157.0,39560.0,206
2023-05-10 21:34:45,c2311-P-2320,c2311-P-2320,26.5,0.0,0.0,0.0,20,25.5,27.0,21,21.5,24.5,26.5,24.0,157.0,39560.0,206
2023-05-10 21:35:07,c2311-P-2320,c2311-P-2320,26.5,0.0,0.0,0.0,10,25.5,27.0,21,21.5,24.5,26.5,24.0,157.0,39560.0,206
2023-05-10 21:36:00,c2311-P-2320,c2311-P-2320,26.5,0.0,0.0,0.0,10,25.5,26.5,20,21.5,24.5,26.5,24.0,157.0,39560.0,206
2023-05-10 21:36:04,c2311-P-2320,c2311-P-2320,26.5,0.0,0.0,0.0,10,25.5,26.5,25,21.5,24.5,26.5,24.0,157.0,39560.0,206
2023-05-10 21:36:05,c2311-P-2320,c2311-P-2320,26.5,0.0,0.0,0.0,31,25.0,26.5,25,21.5,24.5,26.5,24.0,157.0,39560.0,206
2023-05-10 21:36:42,c2311-P-2320,c2311-P-2320,26.5,0.0,0.0,0.0,21,25.0,26.5,25,21.5,24.5,26.5,24.0,157.0,39560.0,206
2023-05-10 21:36:42,c2311-P-2320,c2311-P-2320,26.5,0.0,0.0,0.0,21,25.0,26.5,26,21.5,24.5,26.5,24.0,157.0,39560.0,206
2023-05-10 21:36:45,c2311-P-2320,c2311-P-2320,26.5,0.0,0.0,0.0,11,25.0,26.5,26,21.5,24.5,26.5,24.0,157.0,39560.0,206
2023-05-10 21:36:51,c2311-P-2320,c2311-P-2320,26.5,0.0,0.0,0.0,10,25.0,26.5,26,21.5,24.5,26.5,24.0,157.0,39560.0,206
2023-05-10 21:37:23,c2311-P-2320,c2311-P-2320,26.5,0.0,0.0,0.0,44,24.5,26.5,26,21.5,24.5,26.5,24.0,157.0,39560.0,206
2023-05-10 21:37:23,c2311-P-2320,c2311-P-2320,26.5,0.0,0.0,0.0,54,24.5,26.5,26,21.5,24.5,26.5,24.0,157.0,39560.0,206
2023-05-10 21:37:47,c2311-P-2320,c2311-P-2320,26.5,0.0,0.0,0.0,20,25.0,26.5,26,21.5,24.5,26.5,24.0,157.0,39560.0,206
2023-05-10 21:37:47,c2311-P-2320,c2311-P-2320,26.5,0.0,0.0,0.0,30,25.0,26.5,26,21.5,24.5,26.5,24.0,157.0,39560.0,206
2023-05-10 21:38:01,c2311-P-2320,c2311-P-2320,26.5,0.0,0.0,0.0,20,25.0,26.5,26,21.5,24.5,26.5,24.0,157.0,39560.0,206
2023-05-10 21:38:06,c2311-P-2320,c2311-P-2320,26.5,0.0,0.0,0.0,30,25.0,26.5,26,21.5,24.5,26.5,24.0,157.0,39560.0,206
2023-05-10 21:38:19,c2311-P-2320,c2311-P-2320,26.5,0.0,0.0,0.0,31,25.0,26.5,26,21.5,24.5,26.5,24.0,157.0,39560.0,206
2023-05-10 21:38:36,c2311-P-2320,c2311-P-2320,26.5,0.0,0.0,0.0,31,25.0,26.5,16,21.5,24.5,26.5,24.0,157.0,39560.0,206
2023-05-10 21:38:36,c2311-P-2320,c2311-P-2320,26.5,0.0,0.0,0.0,31,25.0,26.5,26,21.5,24.5,26.5,24.0,157.0,39560.0,206
2023-05-10 21:39:00,c2311-P-2320,c2311-P-2320,26.5,0.0,0.0,0.0,31,25.0,26.5,15,21.5,24.5,26.5,24.0,157.0,39560.0,206
2023-05-10 21:39:22,c2311-P-2320,c2311-P-2320,26.5,0.0,0.0,0.0,1,25.5,26.5,15,21.5,24.5,26.5,24.0,157.0,39560.0,206
2023-05-10 21:39:23,c2311-P-2320,c2311-P-2320,26.5,0.0,0.0,0.0,21,25.5,26.5,15,21.5,24.5,26.5,24.0,157.0,39560.0,206
2023-05-10 21:39:33,c2311-P-2320,c2311-P-2320,26.5,0.0,0.0,0.0,21,25.5,26.5,5,21.5,24.5,26.5,24.0,157.0,39560.0,206
2023-05-10 21:39:33,c2311-P-2320,c2311-P-2320,26.5,0.0,0.0,0.0,31,25.5,26.5,5,21.5,24.5,26.5,24.0,157.0,39560.0,206
2023-05-10 21:39:37,c2311-P-2320,c2311-P-2320,26.5,5.0,1325.0,-5.0,3,26.0,27.0,23,21.5,24.5,26.5,24.0,162.0,40885.0,201
2023-05-10 21:39:37,c2311-P-2320,c2311-P-2320,26.5,0.0,0.0,0.0,13,26.0,27.0,23,21.5,24.5,26.5,24.0,162.0,40885.0,201
2023-05-10 21:39:37,c2311-P-2320,c2311-P-2320,26.5,0.0,0.0,0.0,13,26.0,27.0,13,21.5,24.5,26.5,24.0,162.0,40885.0,201
2023-05-10 21:40:47,c2311-P-2320,c2311-P-2320,26.5,0.0,0.0,0.0,13,26.0,27.0,23,21.5,24.5,26.5,24.0,162.0,40885.0,201
2023-05-10 21:40:50,c2311-P-2320,c2311-P-2320,26.5,0.0,0.0,0.0,13,26.0,27.0,13,21.5,24.5,26.5,24.0,162.0,40885.0,201
2023-05-10 21:41:11,c2311-P-2320,c2311-P-2320,26.5,0.0,0.0,0.0,13,26.0,27.0,23,21.5,24.5,26.5,24.0,162.0,40885.0,201
2023-05-10 21:41:12,c2311-P-2320,c2311-P-2320,26.5,0.0,0.0,0.0,13,26.0,27.0,13,21.5,24.5,26.5,24.0,162.0,40885.0,201
2023-05-10 21:45:00,c2311-P-2320,c2311-P-2320,26.5,0.0,0.0,0.0,13,26.0,27.0,23,21.5,24.5,26.5,24.0,162.0,40885.0,201
2023-05-10 21:45:56,c2311-P-2320,c2311-P-2320,26.5,0.0,0.0,0.0,3,26.0,27.0,23,21.5,24.5,26.5,24.0,162.0,40885.0,201
2023-05-10 21:49:36,c2311-P-2320,c2311-P-2320,26.5,0.0,0.0,0.0,21,25.5,27.0,23,21.5,24.5,26.5,24.0,162.0,40885.0,201
2023-05-10 21:49:37,c2311-P-2320,c2311-P-2320,26.5,0.0,0.0,0.0,31,25.5,27.0,23,21.5,24.5,26.5,24.0,162.0,40885.0,201
2023-05-10 21:49:39,c2311-P-2320,c2311-P-2320,26.5,0.0,0.0,0.0,21,25.5,27.0,23,21.5,24.5,26.5,24.0,162.0,40885.0,201
2023-05-10 21:49:40,c2311-P-2320,c2311-P-2320,26.5,0.0,0.0,0.0,21,25.5,27.0,24,21.5,24.5,26.5,24.0,162.0,40885.0,201
2023-05-10 21:49:48,c2311-P-2320,c2311-P-2320,26.5,0.0,0.0,0.0,11,25.5,27.0,24,21.5,24.5,26.5,24.0,162.0,40885.0,201
2023-05-10 21:50:19,c2311-P-2320,c2311-P-2320,26.5,0.0,0.0,0.0,21,25.5,27.0,24,21.5,24.5,26.5,24.0,162.0,40885.0,201
2023-05-10 21:50:19,c2311-P-2320,c2311-P-2320,26.5,0.0,0.0,0.0,31,25.5,27.0,24,21.5,24.5,26.5,24.0,162.0,40885.0,201
2023-05-10 21:50:28,c2311-P-2320,c2311-P-2320,26.5,0.0,0.0,0.0,31,25.5,26.5,5,21.5,24.5,26.5,24.0,162.0,40885.0,201
2023-05-10 21:50:38,c2311-P-2320,c2311-P-2320,26.5,0.0,0.0,0.0,21,25.5,26.5,5,21.5,24.5,26.5,24.0,162.0,40885.0,201
2023-05-10 21:50:39,c2311-P-2320,c2311-P-2320,26.5,0.0,0.0,0.0,31,25.5,26.5,5,21.5,24.5,26.5,24.0,162.0,40885.0,201
2023-05-10 21:50:54,c2311-P-2320,c2311-P-2320,26.5,0.0,0.0,0.0,21,25.5,26.5,5,21.5,24.5,26.5,24.0,162.0,40885.0,201
2023-05-10 21:50:54,c2311-P-2320,c2311-P-2320,26.5,0.0,0.0,0.0,31,25.5,26.5,5,21.5,24.5,26.5,24.0,162.0,40885.0,201
2023-05-10 21:51:02,c2311-P-2320,c2311-P-2320,26.5,0.0,0.0,0.0,21,25.5,26.5,5,21.5,24.5,26.5,24.0,162.0,40885.0,201
2023-05-10 21:52:14,c2311-P-2320,c2311-P-2320,26.5,0.0,0.0,0.0,31,25.5,26.5,5,21.5,24.5,26.5,24.0,162.0,40885.0,201
2023-05-10 21:55:53,c2311-P-2320,c2311-P-2320,26.5,0.0,0.0,0.0,31,25.5,26.5,15,21.5,24.5,26.5,24.0,162.0,40885.0,201
2023-05-10 21:55:56,c2311-P-2320,c2311-P-2320,26.5,0.0,0.0,0.0,21,25.5,26.5,15,21.5,24.5,26.5,24.0,162.0,40885.0,201
2023-05-10 22:00:14,c2311-P-2320,c2311-P-2320,26.5,0.0,0.0,0.0,31,25.5,26.5,15,21.5,24.5,26.5,24.0,162.0,40885.0,201
2023-05-10 22:01:16,c2311-P-2320,c2311-P-2320,26.5,0.0,0.0,0.0,31,25.5,26.5,5,21.5,24.5,26.5,24.0,162.0,40885.0,201
2023-05-10 22:02:58,c2311-P-2320,c2311-P-2320,26.5,5.0,1325.0,0.0,13,26.0,27.0,14,21.5,24.5,26.5,24.0,167.0,42210.0,201
2023-05-10 22:03:55,c2311-P-2320,c2311-P-2320,26.5,0.0,0.0,0.0,13,26.0,27.0,24,21.5,24.5,26.5,24.0,167.0,42210.0,201
2023-05-10 22:03:55,c2311-P-2320,c2311-P-2320,26.5,0.0,0.0,0.0,13,26.0,27.0,14,21.5,24.5,26.5,24.0,167.0,42210.0,201
2023-05-10 22:04:09,c2311-P-2320,c2311-P-2320,26.5,0.0,0.0,0.0,13,26.0,27.0,24,21.5,24.5,26.5,24.0,167.0,42210.0,201
2023-05-10 22:06:00,c2311-P-2320,c2311-P-2320,26.5,0.0,0.0,0.0,3,26.0,27.0,24,21.5,24.5,26.5,24.0,167.0,42210.0,201
2023-05-10 22:06:43,c2311-P-2320,c2311-P-2320,26.5,0.0,0.0,0.0,10,26.0,27.0,24,21.5,24.5,26.5,24.0,167.0,42210.0,201
2023-05-10 22:06:44,c2311-P-2320,c2311-P-2320,26.5,0.0,0.0,0.0,24,25.5,27.0,24,21.5,24.5,26.5,24.0,167.0,42210.0,201
2023-05-10 22:06:45,c2311-P-2320,c2311-P-2320,26.5,0.0,0.0,0.0,14,25.5,27.0,24,21.5,24.5,26.5,24.0,167.0,42210.0,201
2023-05-10 22:06:46,c2311-P-2320,c2311-P-2320,26.5,0.0,0.0,0.0,14,25.5,26.5,10,21.5,24.5,26.5,24.0,167.0,42210.0,201
2023-05-10 22:06:46,c2311-P-2320,c2311-P-2320,26.5,0.0,0.0,0.0,14,25.5,26.5,20,21.5,24.5,26.5,24.0,167.0,42210.0,201
2023-05-10 22:06:48,c2311-P-2320,c2311-P-2320,26.5,0.0,0.0,0.0,14,25.5,26.5,10,21.5,24.5,26.5,24.0,167.0,42210.0,201
2023-05-10 22:07:12,c2311-P-2320,c2311-P-2320,26.5,0.0,0.0,0.0,14,25.5,26.5,20,21.5,24.5,26.5,24.0,167.0,42210.0,201
2023-05-10 22:07:21,c2311-P-2320,c2311-P-2320,26.5,0.0,0.0,0.0,14,25.5,26.5,10,21.5,24.5,26.5,24.0,167.0,42210.0,201
2023-05-10 22:07:33,c2311-P-2320,c2311-P-2320,26.5,0.0,0.0,0.0,14,25.5,26.5,20,21.5,24.5,26.5,24.0,167.0,42210.0,201
2023-05-10 22:08:11,c2311-P-2320,c2311-P-2320,26.5,0.0,0.0,0.0,14,25.5,26.5,10,21.5,24.5,26.5,24.0,167.0,42210.0,201
2023-05-10 22:08:12,c2311-P-2320,c2311-P-2320,26.5,0.0,0.0,0.0,14,25.5,26.5,20,21.5,24.5,26.5,24.0,167.0,42210.0,201
2023-05-10 22:08:32,c2311-P-2320,c2311-P-2320,26.5,0.0,0.0,0.0,14,25.5,26.5,10,21.5,24.5,26.5,24.0,167.0,42210.0,201
2023-05-10 22:08:47,c2311-P-2320,c2311-P-2320,26.5,0.0,0.0,0.0,14,25.5,26.5,20,21.5,24.5,26.5,24.0,167.0,42210.0,201
2023-05-10 22:09:39,c2311-P-2320,c2311-P-2320,26.5,0.0,0.0,0.0,14,25.5,26.5,10,21.5,24.5,26.5,24.0,167.0,42210.0,201
2023-05-10 22:10:57,c2311-P-2320,c2311-P-2320,26.5,0.0,0.0,0.0,24,25.5,26.5,10,21.5,24.5,26.5,24.0,167.0,42210.0,201
2023-05-10 22:10:57,c2311-P-2320,c2311-P-2320,26.5,0.0,0.0,0.0,34,25.5,26.5,10,21.5,24.5,26.5,24.0,167.0,42210.0,201
2023-05-10 22:11:25,c2311-P-2320,c2311-P-2320,26.5,0.0,0.0,0.0,24,25.5,26.5,10,21.5,24.5,26.5,24.0,167.0,42210.0,201
2023-05-10 22:11:25,c2311-P-2320,c2311-P-2320,26.5,0.0,0.0,0.0,14,25.5,26.5,10,21.5,24.5,26.5,24.0,167.0,42210.0,201
2023-05-10 22:12:17,c2311-P-2320,c2311-P-2320,26.5,0.0,0.0,0.0,14,25.5,26.5,20,21.5,24.5,26.5,24.0,167.0,42210.0,201
2023-05-10 22:13:00,c2311-P-2320,c2311-P-2320,26.5,0.0,0.0,0.0,14,25.5,26.5,10,21.5,24.5,26.5,24.0,167.0,42210.0,201
2023-05-10 22:13:21,c2311-P-2320,c2311-P-2320,26.5,0.0,0.0,0.0,14,25.5,26.5,20,21.5,24.5,26.5,24.0,167.0,42210.0,201
2023-05-10 22:13:41,c2311-P-2320,c2311-P-2320,26.5,0.0,0.0,0.0,14,25.5,26.5,10,21.5,24.5,26.5,24.0,167.0,42210.0,201
2023-05-10 22:13:49,c2311-P-2320,c2311-P-2320,26.5,0.0,0.0,0.0,14,25.5,26.5,20,21.5,24.5,26.5,24.0,167.0,42210.0,201
2023-05-10 22:13:57,c2311-P-2320,c2311-P-2320,26.5,0.0,0.0,0.0,14,25.5,26.5,10,21.5,24.5,26.5,24.0,167.0,42210.0,201
2023-05-10 22:16:59,c2311-P-2320,c2311-P-2320,26.5,0.0,0.0,0.0,24,25.5,26.5,10,21.5,24.5,26.5,24.0,167.0,42210.0,201
2023-05-10 22:17:28,c2311-P-2320,c2311-P-2320,26.5,0.0,0.0,0.0,24,25.5,27.0,21,21.5,24.5,26.5,24.0,167.0,42210.0,201
2023-05-10 22:17:28,c2311-P-2320,c2311-P-2320,26.5,0.0,0.0,0.0,34,25.5,27.0,21,21.5,24.5,26.5,24.0,167.0,42210.0,201
2023-05-10 22:18:40,c2311-P-2320,c2311-P-2320,26.5,0.0,0.0,0.0,34,25.5,27.0,11,21.5,24.5,26.5,24.0,167.0,42210.0,201
2023-05-10 22:18:41,c2311-P-2320,c2311-P-2320,26.5,0.0,0.0,0.0,34,25.5,27.0,21,21.5,24.5,26.5,24.0,167.0,42210.0,201
2023-05-10 22:18:46,c2311-P-2320,c2311-P-2320,26.5,0.0,0.0,0.0,34,25.5,27.0,11,21.5,24.5,26.5,24.0,167.0,42210.0,201
2023-05-10 22:19:12,c2311-P-2320,c2311-P-2320,26.5,0.0,0.0,0.0,34,25.5,27.0,21,21.5,24.5,26.5,24.0,167.0,42210.0,201
2023-05-10 22:19:30,c2311-P-2320,c2311-P-2320,26.5,0.0,0.0,0.0,34,25.5,27.0,11,21.5,24.5,26.5,24.0,167.0,42210.0,201
2023-05-10 22:21:20,c2311-P-2320,c2311-P-2320,26.5,0.0,0.0,0.0,34,25.5,27.0,21,21.5,24.5,26.5,24.0,167.0,42210.0,201
2023-05-10 22:22:44,c2311-P-2320,c2311-P-2320,26.5,0.0,0.0,0.0,24,25.5,27.0,21,21.5,24.5,26.5,24.0,167.0,42210.0,201
2023-05-10 22:23:11,c2311-P-2320,c2311-P-2320,26.5,0.0,0.0,0.0,34,25.5,27.0,11,21.5,24.5,26.5,24.0,167.0,42210.0,201
2023-05-10 22:30:41,c2311-P-2320,c2311-P-2320,26.5,0.0,0.0,0.0,34,25.5,27.0,21,21.5,24.5,26.5,24.0,167.0,42210.0,201
2023-05-10 22:30:43,c2311-P-2320,c2311-P-2320,26.5,0.0,0.0,0.0,24,25.5,27.0,21,21.5,24.5,26.5,24.0,167.0,42210.0,201
2023-05-10 22:30:54,c2311-P-2320,c2311-P-2320,26.5,0.0,0.0,0.0,34,25.5,27.0,21,21.5,24.5,26.5,24.0,167.0,42210.0,201
2023-05-10 22:31:41,c2311-P-2320,c2311-P-2320,26.5,0.0,0.0,0.0,34,25.5,27.0,11,21.5,24.5,26.5,24.0,167.0,42210.0,201
2023-05-10 22:33:46,c2311-P-2320,c2311-P-2320,26.5,0.0,0.0,0.0,10,26.0,27.0,11,21.5,24.5,26.5,24.0,167.0,42210.0,201
2023-05-10 22:33:46,c2311-P-2320,c2311-P-2320,26.5,0.0,0.0,0.0,20,26.0,27.0,11,21.5,24.5,26.5,24.0,167.0,42210.0,201
2023-05-10 22:33:47,c2311-P-2320,c2311-P-2320,26.5,0.0,0.0,0.0,10,26.0,27.0,11,21.5,24.5,26.5,24.0,167.0,42210.0,201
2023-05-10 22:34:05,c2311-P-2320,c2311-P-2320,26.5,0.0,0.0,0.0,10,26.0,27.0,21,21.5,24.5,26.5,24.0,167.0,42210.0,201
2023-05-10 22:34:06,c2311-P-2320,c2311-P-2320,26.5,0.0,0.0,0.0,10,26.0,27.0,11,21.5,24.5,26.5,24.0,167.0,42210.0,201
2023-05-10 22:34:34,c2311-P-2320,c2311-P-2320,26.5,0.0,0.0,0.0,10,26.0,27.0,21,21.5,24.5,26.5,24.0,167.0,42210.0,201
2023-05-10 22:34:43,c2311-P-2320,c2311-P-2320,26.5,0.0,0.0,0.0,10,26.0,27.0,11,21.5,24.5,26.5,24.0,167.0,42210.0,201
2023-05-10 22:36:54,c2311-P-2320,c2311-P-2320,26.5,0.0,0.0,0.0,24,25.5,27.0,11,21.5,24.5,26.5,24.0,167.0,42210.0,201
2023-05-10 22:36:54,c2311-P-2320,c2311-P-2320,26.5,0.0,0.0,0.0,34,25.5,27.0,11,21.5,24.5,26.5,24.0,167.0,42210.0,201
2023-05-10 22:37:09,c2311-P-2320,c2311-P-2320,26.5,0.0,0.0,0.0,34,25.5,27.0,21,21.5,24.5,26.5,24.0,167.0,42210.0,201
2023-05-10 22:37:12,c2311-P-2320,c2311-P-2320,26.5,0.0,0.0,0.0,24,25.5,27.0,21,21.5,24.5,26.5,24.0,167.0,42210.0,201
2023-05-10 22:38:11,c2311-P-2320,c2311-P-2320,26.5,0.0,0.0,0.0,14,25.5,27.0,21,21.5,24.5,26.5,24.0,167.0,42210.0,201
2023-05-10 22:38:26,c2311-P-2320,c2311-P-2320,26.5,0.0,0.0,0.0,24,25.5,27.0,21,21.5,24.5,26.5,24.0,167.0,42210.0,201
2023-05-10 22:38:29,c2311-P-2320,c2311-P-2320,26.5,0.0,0.0,0.0,14,25.5,27.0,21,21.5,24.5,26.5,24.0,167.0,42210.0,201
2023-05-10 22:38:43,c2311-P-2320,c2311-P-2320,26.5,0.0,0.0,0.0,24,25.5,27.0,21,21.5,24.5,26.5,24.0,167.0,42210.0,201
2023-05-10 22:38:54,c2311-P-2320,c2311-P-2320,26.5,0.0,0.0,0.0,14,25.5,27.0,21,21.5,24.5,26.5,24.0,167.0,42210.0,201
2023-05-10 22:40:13,c2311-P-2320,c2311-P-2320,26.5,0.0,0.0,0.0,13,25.5,27.0,21,21.5,24.5,26.5,24.0,167.0,42210.0,201
2023-05-10 22:40:28,c2311-P-2320,c2311-P-2320,26.5,0.0,0.0,0.0,13,25.5,26.5,10,21.5,24.5,26.5,24.0,167.0,42210.0,201
2023-05-10 22:40:28,c2311-P-2320,c2311-P-2320,26.5,0.0,0.0,0.0,13,25.5,26.5,20,21.5,24.5,26.5,24.0,167.0,42210.0,201
2023-05-10 22:40:35,c2311-P-2320,c2311-P-2320,26.5,0.0,0.0,0.0,10,25.5,26.5,20,21.5,24.5,26.5,24.0,167.0,42210.0,201
2023-05-10 22:40:35,c2311-P-2320,c2311-P-2320,26.5,0.0,0.0,0.0,20,25.0,26.5,20,21.5,24.5,26.5,24.0,167.0,42210.0,201
2023-05-10 22:40:38,c2311-P-2320,c2311-P-2320,26.5,0.0,0.0,0.0,10,25.0,26.5,20,21.5,24.5,26.5,24.0,167.0,42210.0,201
2023-05-10 22:41:27,c2311-P-2320,c2311-P-2320,26.5,0.0,0.0,0.0,20,25.0,26.5,20,21.5,24.5,26.5,24.0,167.0,42210.0,201
2023-05-10 22:43:57,c2311-P-2320,c2311-P-2320,26.5,0.0,0.0,0.0,10,25.0,26.5,20,21.5,24.5,26.5,24.0,167.0,42210.0,201
2023-05-10 22:44:30,c2311-P-2320,c2311-P-2320,26.5,0.0,0.0,0.0,10,25.0,26.5,21,21.5,24.5,26.5,24.0,167.0,42210.0,201
2023-05-10 22:45:02,c2311-P-2320,c2311-P-2320,26.5,0.0,0.0,0.0,45,24.5,26.0,10,21.5,24.5,26.5,24.0,167.0,42210.0,201
2023-05-10 22:45:03,c2311-P-2320,c2311-P-2320,26.5,0.0,0.0,0.0,55,24.5,26.0,20,21.5,24.5,26.5,24.0,167.0,42210.0,201
2023-05-10 22:45:05,c2311-P-2320,c2311-P-2320,26.5,0.0,0.0,0.0,45,24.5,26.0,20,21.5,24.5,26.5,24.0,167.0,42210.0,201
2023-05-10 22:45:20,c2311-P-2320,c2311-P-2320,26.5,0.0,0.0,0.0,55,24.5,26.0,10,21.5,24.5,26.5,24.0,167.0,42210.0,201
2023-05-10 22:47:19,c2311-P-2320,c2311-P-2320,26.5,0.0,0.0,0.0,10,25.0,26.0,10,21.5,24.5,26.5,24.0,167.0,42210.0,201
2023-05-10 22:47:28,c2311-P-2320,c2311-P-2320,26.5,0.0,0.0,0.0,10,25.0,26.5,21,21.5,24.5,26.5,24.0,167.0,42210.0,201
2023-05-10 22:47:29,c2311-P-2320,c2311-P-2320,26.5,0.0,0.0,0.0,20,25.0,26.5,21,21.5,24.5,26.5,24.0,167.0,42210.0,201
2023-05-10 22:47:50,c2311-P-2320,c2311-P-2320,26.5,0.0,0.0,0.0,10,25.0,26.5,21,21.5,24.5,26.5,24.0,167.0,42210.0,201
2023-05-10 22:48:19,c2311-P-2320,c2311-P-2320,26.5,0.0,0.0,0.0,10,25.0,26.0,10,21.5,24.5,26.5,24.0,167.0,42210.0,201
2023-05-10 22:48:19,c2311-P-2320,c2311-P-2320,26.5,0.0,0.0,0.0,10,25.0,26.0,20,21.5,24.5,26.5,24.0,167.0,42210.0,201
2023-05-10 22:48:27,c2311-P-2320,c2311-P-2320,26.5,0.0,0.0,0.0,10,25.0,26.0,10,21.5,24.5,26.5,24.0,167.0,42210.0,201
2023-05-10 22:49:00,c2311-P-2320,c2311-P-2320,26.5,0.0,0.0,0.0,10,25.0,26.0,20,21.5,24.5,26.5,24.0,167.0,42210.0,201
2023-05-10 22:49:19,c2311-P-2320,c2311-P-2320,26.5,0.0,0.0,0.0,10,25.0,26.0,10,21.5,24.5,26.5,24.0,167.0,42210.0,201
2023-05-10 22:49:20,c2311-P-2320,c2311-P-2320,26.5,0.0,0.0,0.0,10,25.0,26.0,20,21.5,24.5,26.5,24.0,167.0,42210.0,201
2023-05-10 22:50:11,c2311-P-2320,c2311-P-2320,26.5,0.0,0.0,0.0,10,25.0,26.0,10,21.5,24.5,26.5,24.0,167.0,42210.0,201
2023-05-10 22:50:13,c2311-P-2320,c2311-P-2320,26.5,0.0,0.0,0.0,10,25.0,26.0,20,21.5,24.5,26.5,24.0,167.0,42210.0,201
2023-05-10 22:52:26,c2311-P-2320,c2311-P-2320,26.5,0.0,0.0,0.0,55,24.5,26.0,20,21.5,24.5,26.5,24.0,167.0,42210.0,201
2023-05-10 22:52:27,c2311-P-2320,c2311-P-2320,26.5,0.0,0.0,0.0,55,24.5,26.0,21,21.5,24.5,26.5,24.0,167.0,42210.0,201
2023-05-10 22:52:29,c2311-P-2320,c2311-P-2320,26.5,0.0,0.0,0.0,45,24.5,26.0,21,21.5,24.5,26.5,24.0,167.0,42210.0,201
2023-05-10 22:52:30,c2311-P-2320,c2311-P-2320,26.5,0.0,0.0,0.0,35,24.5,26.0,21,21.5,24.5,26.5,24.0,167.0,42210.0,201
2023-05-10 22:52:33,c2311-P-2320,c2311-P-2320,26.5,0.0,0.0,0.0,45,24.5,26.0,21,21.5,24.5,26.5,24.0,167.0,42210.0,201
2023-05-10 22:52:33,c2311-P-2320,c2311-P-2320,26.5,0.0,0.0,0.0,35,24.5,26.0,21,21.5,24.5,26.5,24.0,167.0,42210.0,201
2023-05-10 22:52:34,c2311-P-2320,c2311-P-2320,26.5,0.0,0.0,0.0,45,24.5,26.0,21,21.5,24.5,26.5,24.0,167.0,42210.0,201
2023-05-10 22:52:35,c2311-P-2320,c2311-P-2320,26.5,0.0,0.0,0.0,35,24.5,26.0,21,21.5,24.5,26.5,24.0,167.0,42210.0,201
2023-05-10 22:52:42,c2311-P-2320,c2311-P-2320,26.5,0.0,0.0,0.0,35,24.5,25.5,10,21.5,24.5,26.5,24.0,167.0,42210.0,201
2023-05-10 22:52:42,c2311-P-2320,c2311-P-2320,26.5,0.0,0.0,0.0,35,24.5,25.5,20,21.5,24.5,26.5,24.0,167.0,42210.0,201
2023-05-10 22:53:03,c2311-P-2320,c2311-P-2320,26.5,0.0,0.0,0.0,34,24.5,25.5,20,21.5,24.5,26.5,24.0,167.0,42210.0,201
2023-05-10 22:53:04,c2311-P-2320,c2311-P-2320,26.5,0.0,0.0,0.0,10,24.5,25.5,20,21.5,24.5,26.5,24.0,167.0,42210.0,201
2023-05-10 22:54:34,c2311-P-2320,c2311-P-2320,26.5,0.0,0.0,0.0,20,24.0,25.5,20,21.5,24.5,26.5,24.0,167.0,42210.0,201
2023-05-10 22:54:42,c2311-P-2320,c2311-P-2320,26.5,0.0,0.0,0.0,10,24.0,25.5,20,21.5,24.5,26.5,24.0,167.0,42210.0,201
2023-05-10 22:54:45,c2311-P-2320,c2311-P-2320,26.5,0.0,0.0,0.0,20,24.0,25.5,20,21.5,24.5,26.5,24.0,167.0,42210.0,201
2023-05-10 22:54:46,c2311-P-2320,c2311-P-2320,26.5,0.0,0.0,0.0,10,24.0,25.5,20,21.5,24.5,26.5,24.0,167.0,42210.0,201
2023-05-10 22:55:23,c2311-P-2320,c2311-P-2320,26.5,0.0,0.0,0.0,20,24.0,25.5,20,21.5,24.5,26.5,24.0,167.0,42210.0,201
2023-05-10 22:55:29,c2311-P-2320,c2311-P-2320,26.5,0.0,0.0,0.0,10,24.0,25.5,20,21.5,24.5,26.5,24.0,167.0,42210.0,201
2023-05-10 22:56:07,c2311-P-2320,c2311-P-2320,26.5,0.0,0.0,0.0,10,24.0,25.0,20,21.5,24.5,26.5,24.0,167.0,42210.0,201
2023-05-10 22:56:14,c2311-P-2320,c2311-P-2320,26.5,0.0,0.0,0.0,10,24.0,25.0,10,21.5,24.5,26.5,24.0,167.0,42210.0,201
2023-05-10 22:56:30,c2311-P-2320,c2311-P-2320,26.5,0.0,0.0,0.0,10,24.0,25.0,20,21.5,24.5,26.5,24.0,167.0,42210.0,201
2023-05-10 22:56:38,c2311-P-2320,c2311-P-2320,26.5,0.0,0.0,0.0,10,24.0,25.0,10,21.5,24.5,26.5,24.0,167.0,42210.0,201
2023-05-10 22:57:13,c2311-P-2320,c2311-P-2320,26.5,0.0,0.0,0.0,20,24.0,25.0,10,21.5,24.5,26.5,24.0,167.0,42210.0,201
2023-05-10 22:57:14,c2311-P-2320,c2311-P-2320,26.5,0.0,0.0,0.0,10,24.0,25.0,10,21.5,24.5,26.5,24.0,167.0,42210.0,201
2023-05-10 22:58:59,c2311-P-2320,c2311-P-2320,26.5,0.0,0.0,0.0,2,0.5,30.0,3,21.5,24.5,26.5,24.0,167.0,42210.0,201
2023-05-10 22:59:16,c2311-P-2320,c2311-P-2320,26.5,0.0,0.0,0.0,10,1.0,30.0,3,21.5,24.5,26.5,24.0,167.0,42210.0,201
2023-05-10 22:59:56,c2311-P-2320,c2311-P-2320,26.5,0.0,0.0,0.0,1,0.5,30.0,3,21.5,24.5,26.5,24.0,167.0,42210.0,201
2023-05-11 09:00:02,c2311-P-2320,c2311-P-2320,26.5,0.0,0.0,0.0,1,0.5,26.0,1,21.5,24.5,26.5,24.0,167.0,42210.0,201
2023-05-11 09:00:04,c2311-P-2320,c2311-P-2320,26.5,0.0,0.0,0.0,10,1.0,26.0,1,21.5,24.5,26.5,24.0,167.0,42210.0,201
2023-05-11 09:00:10,c2311-P-2320,c2311-P-2320,26.5,0.0,0.0,0.0,1,13.5,26.0,1,21.5,24.5,26.5,24.0,167.0,42210.0,201
2023-05-11 09:00:10,c2311-P-2320,c2311-P-2320,26.5,0.0,0.0,0.0,10,14.0,26.0,1,21.5,24.5,26.5,24.0,167.0,42210.0,201
2023-05-11 09:00:11,c2311-P-2320,c2311-P-2320,26.5,0.0,0.0,0.0,1,23.0,26.0,1,21.5,24.5,26.5,24.0,167.0,42210.0,201
2023-05-11 09:00:19,c2311-P-2320,c2311-P-2320,26.5,0.0,0.0,0.0,1,13.0,26.0,1,21.5,24.5,26.5,24.0,167.0,42210.0,201
2023-05-11 09:00:19,c2311-P-2320,c2311-P-2320,26.5,0.0,0.0,0.0,1,23.0,26.0,1,21.5,24.5,26.5,24.0,167.0,42210.0,201
2023-05-11 09:00:28,c2311-P-2320,c2311-P-2320,26.5,0.0,0.0,0.0,1,13.0,26.0,1,21.5,24.5,26.5,24.0,167.0,42210.0,201
2023-05-11 09:00:28,c2311-P-2320,c2311-P-2320,26.5,0.0,0.0,0.0,1,23.5,26.0,1,21.5,24.5,26.5,24.0,167.0,42210.0,201
2023-05-11 09:00:36,c2311-P-2320,c2311-P-2320,26.5,0.0,0.0,0.0,1,13.0,26.0,1,21.5,24.5,26.5,24.0,167.0,42210.0,201
2023-05-11 09:00:36,c2311-P-2320,c2311-P-2320,26.5,0.0,0.0,0.0,1,23.5,26.0,1,21.5,24.5,26.5,24.0,167.0,42210.0,201
2023-05-11 09:00:42,c2311-P-2320,c2311-P-2320,26.5,0.0,0.0,0.0,1,13.0,26.0,1,21.5,24.5,26.5,24.0,167.0,42210.0,201
2023-05-11 09:00:42,c2311-P-2320,c2311-P-2320,26.5,0.0,0.0,0.0,1,23.5,26.0,1,21.5,24.5,26.5,24.0,167.0,42210.0,201
2023-05-11 09:00:49,c2311-P-2320,c2311-P-2320,26.5,0.0,0.0,0.0,1,13.0,26.0,1,21.5,24.5,26.5,24.0,167.0,42210.0,201
2023-05-11 09:00:49,c2311-P-2320,c2311-P-2320,26.5,0.0,0.0,0.0,1,23.5,26.0,1,21.5,24.5,26.5,24.0,167.0,42210.0,201
2023-05-11 09:00:59,c2311-P-2320,c2311-P-2320,26.5,0.0,0.0,0.0,1,13.0,26.0,1,21.5,24.5,26.5,24.0,167.0,42210.0,201
2023-05-11 09:00:59,c2311-P-2320,c2311-P-2320,26.5,0.0,0.0,0.0,1,23.5,26.0,1,21.5,24.5,26.5,24.0,167.0,42210.0,201
2023-05-11 09:01:05,c2311-P-2320,c2311-P-2320,26.5,0.0,0.0,0.0,1,13.0,26.0,1,21.5,24.5,26.5,24.0,167.0,42210.0,201
2023-05-11 09:01:05,c2311-P-2320,c2311-P-2320,26.5,0.0,0.0,0.0,1,23.5,26.0,1,21.5,24.5,26.5,24.0,167.0,42210.0,201
2023-05-11 09:01:11,c2311-P-2320,c2311-P-2320,26.5,0.0,0.0,0.0,10,13.5,26.0,1,21.5,24.5,26.5,24.0,167.0,42210.0,201
2023-05-11 09:01:12,c2311-P-2320,c2311-P-2320,26.5,0.0,0.0,0.0,1,23.5,26.0,1,21.5,24.5,26.5,24.0,167.0,42210.0,201
2023-05-11 09:03:32,c2311-P-2320,c2311-P-2320,26.5,0.0,0.0,0.0,1,23.5,27.0,1,21.5,24.5,26.5,24.0,167.0,42210.0,201
2023-05-11 09:04:38,c2311-P-2320,c2311-P-2320,26.5,0.0,0.0,0.0,11,23.5,27.0,11,21.5,24.5,26.5,24.0,167.0,42210.0,201
2023-05-11 09:04:38,c2311-P-2320,c2311-P-2320,26.5,0.0,0.0,0.0,11,24.5,27.0,21,21.5,24.5,26.5,24.0,167.0,42210.0,201
2023-05-11 09:04:51,c2311-P-2320,c2311-P-2320,26.5,0.0,0.0,0.0,21,24.5,26.0,20,21.5,24.5,26.5,24.0,167.0,42210.0,201
2023-05-11 09:05:05,c2311-P-2320,c2311-P-2320,26.5,0.0,0.0,0.0,31,24.5,26.0,10,21.5,24.5,26.5,24.0,167.0,42210.0,201
2023-05-11 09:05:06,c2311-P-2320,c2311-P-2320,26.5,0.0,0.0,0.0,31,24.5,26.0,20,21.5,24.5,26.5,24.0,167.0,42210.0,201
2023-05-11 09:05:09,c2311-P-2320,c2311-P-2320,26.5,0.0,0.0,0.0,31,24.5,26.0,10,21.5,24.5,26.5,24.0,167.0,42210.0,201
2023-05-11 09:05:36,c2311-P-2320,c2311-P-2320,26.5,0.0,0.0,0.0,20,25.0,26.0,10,21.5,24.5,26.5,24.0,167.0,42210.0,201
2023-05-11 09:05:54,c2311-P-2320,c2311-P-2320,26.5,0.0,0.0,0.0,21,25.0,26.0,10,21.5,24.5,26.5,24.0,167.0,42210.0,201
2023-05-11 09:05:55,c2311-P-2320,c2311-P-2320,26.5,0.0,0.0,0.0,11,25.0,26.0,10,21.5,24.5,26.5,24.0,167.0,42210.0,201
2023-05-11 09:06:00,c2311-P-2320,c2311-P-2320,26.5,0.0,0.0,0.0,21,25.0,26.0,10,21.5,24.5,26.5,24.0,167.0,42210.0,201
2023-05-11 09:06:03,c2311-P-2320,c2311-P-2320,26.5,0.0,0.0,0.0,21,25.0,26.5,20,21.5,24.5,26.5,24.0,167.0,42210.0,201
2023-05-11 09:06:13,c2311-P-2320,c2311-P-2320,26.5,0.0,0.0,0.0,11,25.0,26.5,20,21.5,24.5,26.5,24.0,167.0,42210.0,201
2023-05-11 09:06:14,c2311-P-2320,c2311-P-2320,26.5,0.0,0.0,0.0,21,25.0,26.5,20,21.5,24.5,26.5,24.0,167.0,42210.0,201
2023-05-11 09:06:17,c2311-P-2320,c2311-P-2320,26.5,0.0,0.0,0.0,11,25.0,26.5,20,21.5,24.5,26.5,24.0,167.0,42210.0,201
2023-05-11 09:06:19,c2311-P-2320,c2311-P-2320,26.5,0.0,0.0,0.0,21,25.0,26.5,20,21.5,24.5,26.5,24.0,167.0,42210.0,201
2023-05-11 09:06:27,c2311-P-2320,c2311-P-2320,26.5,0.0,0.0,0.0,1,25.0,26.5,20,21.5,24.5,26.5,24.0,167.0,42210.0,201
2023-05-11 09:06:33,c2311-P-2320,c2311-P-2320,26.5,0.0,0.0,0.0,1,25.0,26.0,10,21.5,24.5,26.5,24.0,167.0,42210.0,201
2023-05-11 09:06:33,c2311-P-2320,c2311-P-2320,26.5,0.0,0.0,0.0,1,25.0,26.0,20,21.5,24.5,26.5,24.0,167.0,42210.0,201
2023-05-11 09:06:36,c2311-P-2320,c2311-P-2320,26.5,0.0,0.0,0.0,11,25.0,26.0,20,21.5,24.5,26.5,24.0,167.0,42210.0,201
2023-05-11 09:06:38,c2311-P-2320,c2311-P-2320,26.5,0.0,0.0,0.0,11,25.0,26.0,10,21.5,24.5,26.5,24.0,167.0,42210.0,201
2023-05-11 09:07:10,c2311-P-2320,c2311-P-2320,26.5,0.0,0.0,0.0,11,25.0,26.0,20,21.5,24.5,26.5,24.0,167.0,42210.0,201
2023-05-11 09:07:10,c2311-P-2320,c2311-P-2320,26.5,0.0,0.0,0.0,1,25.0,26.0,20,21.5,24.5,26.5,24.0,167.0,42210.0,201
2023-05-11 09:07:33,c2311-P-2320,c2311-P-2320,26.5,0.0,0.0,0.0,10,24.5,26.0,20,21.5,24.5,26.5,24.0,167.0,42210.0,201
2023-05-11 09:08:10,c2311-P-2320,c2311-P-2320,26.5,0.0,0.0,0.0,10,24.5,25.5,10,21.5,24.5,26.5,24.0,167.0,42210.0,201
2023-05-11 09:08:10,c2311-P-2320,c2311-P-2320,26.5,0.0,0.0,0.0,10,24.5,25.5,20,21.5,24.5,26.5,24.0,167.0,42210.0,201
2023-05-11 09:08:18,c2311-P-2320,c2311-P-2320,26.5,0.0,0.0,0.0,10,24.5,25.5,10,21.5,24.5,26.5,24.0,167.0,42210.0,201
2023-05-11 09:08:19,c2311-P-2320,c2311-P-2320,26.5,0.0,0.0,0.0,10,24.5,25.5,20,21.5,24.5,26.5,24.0,167.0,42210.0,201
2023-05-11 09:10:31,c2311-P-2320,c2311-P-2320,26.5,0.0,0.0,0.0,10,24.5,25.5,10,21.5,24.5,26.5,24.0,167.0,42210.0,201
2023-05-11 09:10:31,c2311-P-2320,c2311-P-2320,26.5,0.0,0.0,0.0,10,24.5,25.5,20,21.5,24.5,26.5,24.0,167.0,42210.0,201
2023-05-11 09:10:37,c2311-P-2320,c2311-P-2320,26.5,0.0,0.0,0.0,10,24.5,25.5,10,21.5,24.5,26.5,24.0,167.0,42210.0,201
2023-05-11 09:10:37,c2311-P-2320,c2311-P-2320,26.5,0.0,0.0,0.0,10,24.5,25.5,20,21.5,24.5,26.5,24.0,167.0,42210.0,201
2023-05-11 09:10:38,c2311-P-2320,c2311-P-2320,26.5,0.0,0.0,0.0,10,24.5,25.5,10,21.5,24.5,26.5,24.0,167.0,42210.0,201
2023-05-11 09:10:42,c2311-P-2320,c2311-P-2320,26.5,0.0,0.0,0.0,10,24.5,26.0,21,21.5,24.5,26.5,24.0,167.0,42210.0,201
2023-05-11 09:10:49,c2311-P-2320,c2311-P-2320,26.5,0.0,0.0,0.0,10,24.5,25.5,10,21.5,24.5,26.5,24.0,167.0,42210.0,201
2023-05-11 09:10:50,c2311-P-2320,c2311-P-2320,26.5,0.0,0.0,0.0,10,24.5,26.0,21,21.5,24.5,26.5,24.0,167.0,42210.0,201
2023-05-11 09:11:00,c2311-P-2320,c2311-P-2320,26.5,0.0,0.0,0.0,10,24.5,25.5,10,21.5,24.5,26.5,24.0,167.0,42210.0,201
2023-05-11 09:11:00,c2311-P-2320,c2311-P-2320,26.5,0.0,0.0,0.0,10,24.5,25.5,20,21.5,24.5,26.5,24.0,167.0,42210.0,201
2023-05-11 09:11:20,c2311-P-2320,c2311-P-2320,26.5,0.0,0.0,0.0,10,24.5,25.5,10,21.5,24.5,26.5,24.0,167.0,42210.0,201
2023-05-11 09:11:26,c2311-P-2320,c2311-P-2320,26.5,0.0,0.0,0.0,10,24.5,25.5,20,21.5,24.5,26.5,24.0,167.0,42210.0,201
2023-05-11 09:11:30,c2311-P-2320,c2311-P-2320,26.5,0.0,0.0,0.0,20,24.5,25.5,10,21.5,24.5,26.5,24.0,167.0,42210.0,201
2023-05-11 09:11:30,c2311-P-2320,c2311-P-2320,26.5,0.0,0.0,0.0,20,24.5,25.5,20,21.5,24.5,26.5,24.0,167.0,42210.0,201
2023-05-11 09:11:47,c2311-P-2320,c2311-P-2320,26.5,0.0,0.0,0.0,10,24.5,25.5,20,21.5,24.5,26.5,24.0,167.0,42210.0,201
2023-05-11 09:11:48,c2311-P-2320,c2311-P-2320,26.5,0.0,0.0,0.0,20,24.5,25.5,20,21.5,24.5,26.5,24.0,167.0,42210.0,201
2023-05-11 09:11:55,c2311-P-2320,c2311-P-2320,26.5,0.0,0.0,0.0,20,24.5,25.5,10,21.5,24.5,26.5,24.0,167.0,42210.0,201
2023-05-11 09:11:57,c2311-P-2320,c2311-P-2320,26.5,0.0,0.0,0.0,30,24.5,25.5,10,21.5,24.5,26.5,24.0,167.0,42210.0,201
2023-05-11 09:12:04,c2311-P-2320,c2311-P-2320,26.5,0.0,0.0,0.0,30,24.5,26.0,21,21.5,24.5,26.5,24.0,167.0,42210.0,201
2023-05-11 09:12:53,c2311-P-2320,c2311-P-2320,26.5,0.0,0.0,0.0,31,24.5,26.0,21,21.5,24.5,26.5,24.0,167.0,42210.0,201
2023-05-11 09:13:24,c2311-P-2320,c2311-P-2320,26.5,0.0,0.0,0.0,20,25.0,26.0,21,21.5,24.5,26.5,24.0,167.0,42210.0,201
2023-05-11 09:14:07,c2311-P-2320,c2311-P-2320,26.5,0.0,0.0,0.0,30,25.0,26.0,21,21.5,24.5,26.5,24.0,167.0,42210.0,201
2023-05-11 09:14:50,c2311-P-2320,c2311-P-2320,26.5,0.0,0.0,0.0,20,25.0,26.0,21,21.5,24.5,26.5,24.0,167.0,42210.0,201
2023-05-11 09:14:51,c2311-P-2320,c2311-P-2320,26.5,0.0,0.0,0.0,30,25.0,26.0,21,21.5,24.5,26.5,24.0,167.0,42210.0,201
2023-05-11 09:15:49,c2311-P-2320,c2311-P-2320,26.5,0.0,0.0,0.0,20,25.0,26.0,21,21.5,24.5,26.5,24.0,167.0,42210.0,201
2023-05-11 09:15:55,c2311-P-2320,c2311-P-2320,26.5,0.0,0.0,0.0,30,25.0,26.0,21,21.5,24.5,26.5,24.0,167.0,42210.0,201
2023-05-11 09:16:32,c2311-P-2320,c2311-P-2320,26.5,0.0,0.0,0.0,20,25.0,26.0,21,21.5,24.5,26.5,24.0,167.0,42210.0,201
2023-05-11 09:16:51,c2311-P-2320,c2311-P-2320,26.5,0.0,0.0,0.0,10,25.0,26.0,21,21.5,24.5,26.5,24.0,167.0,42210.0,201
2023-05-11 09:16:51,c2311-P-2320,c2311-P-2320,26.5,0.0,0.0,0.0,20,25.0,26.0,21,21.5,24.5,26.5,24.0,167.0,42210.0,201
2023-05-11 09:16:52,c2311-P-2320,c2311-P-2320,26.5,0.0,0.0,0.0,10,25.0,26.0,21,21.5,24.5,26.5,24.0,167.0,42210.0,201
2023-05-11 09:17:04,c2311-P-2320,c2311-P-2320,26.5,0.0,0.0,0.0,20,25.0,26.0,21,21.5,24.5,26.5,24.0,167.0,42210.0,201
2023-05-11 09:17:37,c2311-P-2320,c2311-P-2320,26.5,0.0,0.0,0.0,30,25.0,26.0,21,21.5,24.5,26.5,24.0,167.0,42210.0,201
2023-05-11 09:18:09,c2311-P-2320,c2311-P-2320,26.5,0.0,0.0,0.0,30,25.0,26.0,10,21.5,24.5,26.5,24.0,167.0,42210.0,201
2023-05-11 09:18:21,c2311-P-2320,c2311-P-2320,26.5,0.0,0.0,0.0,30,25.0,26.5,20,21.5,24.5,26.5,24.0,167.0,42210.0,201
2023-05-11 09:18:30,c2311-P-2320,c2311-P-2320,26.5,0.0,0.0,0.0,10,25.5,26.5,20,21.5,24.5,26.5,24.0,167.0,42210.0,201
2023-05-11 09:18:30,c2311-P-2320,c2311-P-2320,26.5,0.0,0.0,0.0,30,25.5,26.5,20,21.5,24.5,26.5,24.0,167.0,42210.0,201
2023-05-11 09:18:51,c2311-P-2320,c2311-P-2320,26.5,0.0,0.0,0.0,30,25.5,26.5,10,21.5,24.5,26.5,24.0,167.0,42210.0,201
2023-05-11 09:18:51,c2311-P-2320,c2311-P-2320,26.5,0.0,0.0,0.0,30,25.5,26.5,20,21.5,24.5,26.5,24.0,167.0,42210.0,201
2023-05-11 09:19:17,c2311-P-2320,c2311-P-2320,26.5,0.0,0.0,0.0,30,25.5,26.5,10,21.5,24.5,26.5,24.0,167.0,42210.0,201
2023-05-11 09:19:54,c2311-P-2320,c2311-P-2320,26.5,0.0,0.0,0.0,30,25.5,26.5,20,21.5,24.5,26.5,24.0,167.0,42210.0,201
2023-05-11 09:19:55,c2311-P-2320,c2311-P-2320,26.5,0.0,0.0,0.0,30,25.5,26.5,10,21.5,24.5,26.5,24.0,167.0,42210.0,201
2023-05-11 09:20:34,c2311-P-2320,c2311-P-2320,26.5,0.0,0.0,0.0,30,25.5,26.5,20,21.5,24.5,26.5,24.0,167.0,42210.0,201
2023-05-11 09:20:34,c2311-P-2320,c2311-P-2320,26.5,0.0,0.0,0.0,30,25.5,26.5,10,21.5,24.5,26.5,24.0,167.0,42210.0,201
2023-05-11 09:20:35,c2311-P-2320,c2311-P-2320,26.5,0.0,0.0,0.0,30,25.5,27.0,21,21.5,24.5,26.5,24.0,167.0,42210.0,201
2023-05-11 09:21:02,c2311-P-2320,c2311-P-2320,26.5,0.0,0.0,0.0,10,26.0,27.0,21,21.5,24.5,26.5,24.0,167.0,42210.0,201
2023-05-11 09:21:02,c2311-P-2320,c2311-P-2320,26.5,0.0,0.0,0.0,20,26.0,27.0,21,21.5,24.5,26.5,24.0,167.0,42210.0,201
2023-05-11 09:21:25,c2311-P-2320,c2311-P-2320,26.5,0.0,0.0,0.0,30,26.0,27.0,21,21.5,24.5,26.5,24.0,167.0,42210.0,201
2023-05-11 09:21:34,c2311-P-2320,c2311-P-2320,26.5,0.0,0.0,0.0,10,26.0,27.0,21,21.5,24.5,26.5,24.0,167.0,42210.0,201
2023-05-11 09:21:37,c2311-P-2320,c2311-P-2320,26.5,0.0,0.0,0.0,20,26.0,27.0,21,21.5,24.5,26.5,24.0,167.0,42210.0,201
2023-05-11 09:21:38,c2311-P-2320,c2311-P-2320,26.5,0.0,0.0,0.0,10,26.0,27.0,21,21.5,24.5,26.5,24.0,167.0,42210.0,201
2023-05-11 09:21:43,c2311-P-2320,c2311-P-2320,26.5,0.0,0.0,0.0,30,25.5,27.0,21,21.5,24.5,26.5,24.0,167.0,42210.0,201
2023-05-11 09:21:48,c2311-P-2320,c2311-P-2320,26.5,0.0,0.0,0.0,30,25.5,26.5,10,21.5,24.5,26.5,24.0,167.0,42210.0,201
2023-05-11 09:21:48,c2311-P-2320,c2311-P-2320,26.5,0.0,0.0,0.0,30,25.5,26.5,20,21.5,24.5,26.5,24.0,167.0,42210.0,201
2023-05-11 09:21:50,c2311-P-2320,c2311-P-2320,26.5,0.0,0.0,0.0,30,25.5,26.5,10,21.5,24.5,26.5,24.0,167.0,42210.0,201
2023-05-11 09:21:54,c2311-P-2320,c2311-P-2320,26.5,0.0,0.0,0.0,30,25.5,26.5,20,21.5,24.5,26.5,24.0,167.0,42210.0,201
2023-05-11 09:22:05,c2311-P-2320,c2311-P-2320,26.5,0.0,0.0,0.0,20,25.5,26.5,20,21.5,24.5,26.5,24.0,167.0,42210.0,201
2023-05-11 09:22:07,c2311-P-2320,c2311-P-2320,26.5,0.0,0.0,0.0,30,25.5,26.5,20,21.5,24.5,26.5,24.0,167.0,42210.0,201
2023-05-11 09:22:15,c2311-P-2320,c2311-P-2320,26.5,0.0,0.0,0.0,20,25.5,26.5,20,21.5,24.5,26.5,24.0,167.0,42210.0,201
2023-05-11 09:22:19,c2311-P-2320,c2311-P-2320,26.5,0.0,0.0,0.0,10,25.5,26.5,20,21.5,24.5,26.5,24.0,167.0,42210.0,201
2023-05-11 09:22:34,c2311-P-2320,c2311-P-2320,26.5,0.0,0.0,0.0,30,25.5,26.5,20,21.5,24.5,26.5,24.0,167.0,42210.0,201
2023-05-11 09:22:35,c2311-P-2320,c2311-P-2320,26.5,0.0,0.0,0.0,20,25.5,26.5,20,21.5,24.5,26.5,24.0,167.0,42210.0,201
2023-05-11 09:22:40,c2311-P-2320,c2311-P-2320,26.5,0.0,0.0,0.0,30,25.5,26.5,20,21.5,24.5,26.5,24.0,167.0,42210.0,201
2023-05-11 09:22:52,c2311-P-2320,c2311-P-2320,26.5,0.0,0.0,0.0,10,25.5,26.5,20,21.5,24.5,26.5,24.0,167.0,42210.0,201
2023-05-11 09:23:55,c2311-P-2320,c2311-P-2320,26.5,0.0,0.0,0.0,20,25.5,26.5,20,21.5,24.5,26.5,24.0,167.0,42210.0,201
2023-05-11 09:23:59,c2311-P-2320,c2311-P-2320,26.5,0.0,0.0,0.0,10,25.5,26.5,20,21.5,24.5,26.5,24.0,167.0,42210.0,201
2023-05-11 09:24:09,c2311-P-2320,c2311-P-2320,26.5,0.0,0.0,0.0,30,25.5,26.5,20,21.5,24.5,26.5,24.0,167.0,42210.0,201
2023-05-11 09:24:10,c2311-P-2320,c2311-P-2320,26.5,0.0,0.0,0.0,10,25.5,26.5,20,21.5,24.5,26.5,24.0,167.0,42210.0,201
2023-05-11 09:24:18,c2311-P-2320,c2311-P-2320,26.5,0.0,0.0,0.0,20,25.5,26.5,20,21.5,24.5,26.5,24.0,167.0,42210.0,201
2023-05-11 09:24:19,c2311-P-2320,c2311-P-2320,26.5,0.0,0.0,0.0,10,25.5,26.5,20,21.5,24.5,26.5,24.0,167.0,42210.0,201
2023-05-11 09:24:40,c2311-P-2320,c2311-P-2320,26.5,0.0,0.0,0.0,20,25.5,26.5,20,21.5,24.5,26.5,24.0,167.0,42210.0,201
2023-05-11 09:26:53,c2311-P-2320,c2311-P-2320,26.5,0.0,0.0,0.0,10,25.5,26.5,20,21.5,24.5,26.5,24.0,167.0,42210.0,201
2023-05-11 09:27:39,c2311-P-2320,c2311-P-2320,26.5,0.0,0.0,0.0,20,25.5,26.5,20,21.5,24.5,26.5,24.0,167.0,42210.0,201
2023-05-11 09:29:29,c2311-P-2320,c2311-P-2320,26.5,0.0,0.0,0.0,30,25.5,26.5,20,21.5,24.5,26.5,24.0,167.0,42210.0,201
2023-05-11 09:29:33,c2311-P-2320,c2311-P-2320,26.5,0.0,0.0,0.0,20,25.5,26.5,20,21.5,24.5,26.5,24.0,167.0,42210.0,201
2023-05-11 09:29:55,c2311-P-2320,c2311-P-2320,26.5,0.0,0.0,0.0,30,25.5,26.5,20,21.5,24.5,26.5,24.0,167.0,42210.0,201
2023-05-11 09:30:00,c2311-P-2320,c2311-P-2320,26.5,0.0,0.0,0.0,20,25.5,26.5,20,21.5,24.5,26.5,24.0,167.0,42210.0,201
2023-05-11 09:30:01,c2311-P-2320,c2311-P-2320,26.5,0.0,0.0,0.0,30,25.5,26.5,20,21.5,24.5,26.5,24.0,167.0,42210.0,201
2023-05-11 09:30:08,c2311-P-2320,c2311-P-2320,26.5,0.0,0.0,0.0,20,25.5,26.5,20,21.5,24.5,26.5,24.0,167.0,42210.0,201
2023-05-11 09:30:26,c2311-P-2320,c2311-P-2320,26.5,0.0,0.0,0.0,30,25.5,26.5,20,21.5,24.5,26.5,24.0,167.0,42210.0,201
2023-05-11 09:30:31,c2311-P-2320,c2311-P-2320,26.5,0.0,0.0,0.0,20,25.5,26.5,20,21.5,24.5,26.5,24.0,167.0,42210.0,201
2023-05-11 09:30:40,c2311-P-2320,c2311-P-2320,26.5,0.0,0.0,0.0,30,25.5,26.5,10,21.5,24.5,26.5,24.0,167.0,42210.0,201
2023-05-11 09:30:56,c2311-P-2320,c2311-P-2320,26.5,0.0,0.0,0.0,30,25.5,26.5,20,21.5,24.5,26.5,24.0,167.0,42210.0,201
2023-05-11 09:30:59,c2311-P-2320,c2311-P-2320,26.5,0.0,0.0,0.0,30,25.5,26.5,10,21.5,24.5,26.5,24.0,167.0,42210.0,201
2023-05-11 09:31:07,c2311-P-2320,c2311-P-2320,26.5,0.0,0.0,0.0,30,25.5,27.0,21,21.5,24.5,26.5,24.0,167.0,42210.0,201
2023-05-11 09:31:18,c2311-P-2320,c2311-P-2320,26.5,0.0,0.0,0.0,30,25.5,26.5,10,21.5,24.5,26.5,24.0,167.0,42210.0,201
2023-05-11 09:31:18,c2311-P-2320,c2311-P-2320,26.5,0.0,0.0,0.0,30,25.5,26.5,20,21.5,24.5,26.5,24.0,167.0,42210.0,201
2023-05-11 09:31:35,c2311-P-2320,c2311-P-2320,26.5,0.0,0.0,0.0,30,25.5,26.5,10,21.5,24.5,26.5,24.0,167.0,42210.0,201
2023-05-11 09:31:36,c2311-P-2320,c2311-P-2320,26.5,0.0,0.0,0.0,30,25.5,26.5,20,21.5,24.5,26.5,24.0,167.0,42210.0,201
2023-05-11 09:31:39,c2311-P-2320,c2311-P-2320,26.5,0.0,0.0,0.0,20,25.5,26.5,10,21.5,24.5,26.5,24.0,167.0,42210.0,201
2023-05-11 09:31:45,c2311-P-2320,c2311-P-2320,26.5,0.0,0.0,0.0,20,25.5,26.5,20,21.5,24.5,26.5,24.0,167.0,42210.0,201
2023-05-11 09:31:58,c2311-P-2320,c2311-P-2320,26.5,0.0,0.0,0.0,20,25.5,26.5,10,21.5,24.5,26.5,24.0,167.0,42210.0,201
2023-05-11 09:31:59,c2311-P-2320,c2311-P-2320,26.5,0.0,0.0,0.0,20,25.5,26.5,20,21.5,24.5,26.5,24.0,167.0,42210.0,201
2023-05-11 09:32:03,c2311-P-2320,c2311-P-2320,26.5,0.0,0.0,0.0,20,25.5,26.5,10,21.5,24.5,26.5,24.0,167.0,42210.0,201
2023-05-11 09:32:07,c2311-P-2320,c2311-P-2320,26.5,0.0,0.0,0.0,20,25.5,26.5,20,21.5,24.5,26.5,24.0,167.0,42210.0,201
2023-05-11 09:32:09,c2311-P-2320,c2311-P-2320,26.5,0.0,0.0,0.0,20,25.5,26.5,10,21.5,24.5,26.5,24.0,167.0,42210.0,201
2023-05-11 09:33:55,c2311-P-2320,c2311-P-2320,26.5,0.0,0.0,0.0,10,25.5,26.5,10,21.5,24.5,26.5,24.0,167.0,42210.0,201
2023-05-11 09:33:59,c2311-P-2320,c2311-P-2320,26.5,0.0,0.0,0.0,21,25.0,26.5,10,21.5,24.5,26.5,24.0,167.0,42210.0,201
2023-05-11 09:33:59,c2311-P-2320,c2311-P-2320,26.5,0.0,0.0,0.0,31,25.0,26.5,10,21.5,24.5,26.5,24.0,167.0,42210.0,201
2023-05-11 09:34:00,c2311-P-2320,c2311-P-2320,26.5,0.0,0.0,0.0,10,25.5,26.5,10,21.5,24.5,26.5,24.0,167.0,42210.0,201
2023-05-11 09:34:01,c2311-P-2320,c2311-P-2320,26.5,0.0,0.0,0.0,31,25.0,26.5,10,21.5,24.5,26.5,24.0,167.0,42210.0,201
2023-05-11 09:34:01,c2311-P-2320,c2311-P-2320,26.5,0.0,0.0,0.0,10,25.5,26.5,10,21.5,24.5,26.5,24.0,167.0,42210.0,201
2023-05-11 09:34:02,c2311-P-2320,c2311-P-2320,26.5,0.0,0.0,0.0,31,25.0,26.5,10,21.5,24.5,26.5,24.0,167.0,42210.0,201
2023-05-11 09:34:04,c2311-P-2320,c2311-P-2320,26.5,0.0,0.0,0.0,10,25.5,26.5,10,21.5,24.5,26.5,24.0,167.0,42210.0,201
2023-05-11 09:34:05,c2311-P-2320,c2311-P-2320,26.5,0.0,0.0,0.0,31,25.0,26.5,10,21.5,24.5,26.5,24.0,167.0,42210.0,201
2023-05-11 09:34:05,c2311-P-2320,c2311-P-2320,26.5,0.0,0.0,0.0,10,25.5,26.5,10,21.5,24.5,26.5,24.0,167.0,42210.0,201
2023-05-11 09:34:06,c2311-P-2320,c2311-P-2320,26.5,0.0,0.0,0.0,21,25.0,26.5,10,21.5,24.5,26.5,24.0,167.0,42210.0,201
2023-05-11 09:34:06,c2311-P-2320,c2311-P-2320,26.5,0.0,0.0,0.0,31,25.0,26.5,10,21.5,24.5,26.5,24.0,167.0,42210.0,201
2023-05-11 09:34:07,c2311-P-2320,c2311-P-2320,26.5,0.0,0.0,0.0,10,25.5,26.5,10,21.5,24.5,26.5,24.0,167.0,42210.0,201
2023-05-11 09:34:07,c2311-P-2320,c2311-P-2320,26.5,0.0,0.0,0.0,21,25.0,26.5,10,21.5,24.5,26.5,24.0,167.0,42210.0,201
2023-05-11 09:34:08,c2311-P-2320,c2311-P-2320,26.5,0.0,0.0,0.0,10,25.5,26.5,10,21.5,24.5,26.5,24.0,167.0,42210.0,201
2023-05-11 09:34:47,c2311-P-2320,c2311-P-2320,26.5,0.0,0.0,0.0,20,25.5,26.5,10,21.5,24.5,26.5,24.0,167.0,42210.0,201
2023-05-11 09:35:01,c2311-P-2320,c2311-P-2320,26.5,0.0,0.0,0.0,10,25.5,26.5,10,21.5,24.5,26.5,24.0,167.0,42210.0,201
2023-05-11 09:35:08,c2311-P-2320,c2311-P-2320,26.5,0.0,0.0,0.0,20,25.5,26.5,10,21.5,24.5,26.5,24.0,167.0,42210.0,201
2023-05-11 09:35:32,c2311-P-2320,c2311-P-2320,26.5,0.0,0.0,0.0,30,25.5,26.5,10,21.5,24.5,26.5,24.0,167.0,42210.0,201
2023-05-11 09:35:37,c2311-P-2320,c2311-P-2320,26.5,0.0,0.0,0.0,20,25.5,26.5,10,21.5,24.5,26.5,24.0,167.0,42210.0,201
2023-05-11 09:36:41,c2311-P-2320,c2311-P-2320,26.5,0.0,0.0,0.0,30,25.5,26.5,10,21.5,24.5,26.5,24.0,167.0,42210.0,201
2023-05-11 09:36:48,c2311-P-2320,c2311-P-2320,26.5,0.0,0.0,0.0,30,25.5,27.0,21,21.5,24.5,26.5,24.0,167.0,42210.0,201
2023-05-11 09:36:58,c2311-P-2320,c2311-P-2320,26.5,0.0,0.0,0.0,30,25.5,27.0,11,21.5,24.5,26.5,24.0,167.0,42210.0,201
2023-05-11 09:36:58,c2311-P-2320,c2311-P-2320,26.5,0.0,0.0,0.0,30,25.5,27.0,21,21.5,24.5,26.5,24.0,167.0,42210.0,201
2023-05-11 09:37:08,c2311-P-2320,c2311-P-2320,26.5,0.0,0.0,0.0,30,25.5,27.0,11,21.5,24.5,26.5,24.0,167.0,42210.0,201
2023-05-11 09:37:18,c2311-P-2320,c2311-P-2320,26.5,0.0,0.0,0.0,30,25.5,27.0,21,21.5,24.5,26.5,24.0,167.0,42210.0,201
2023-05-11 09:37:18,c2311-P-2320,c2311-P-2320,26.5,0.0,0.0,0.0,30,25.5,27.0,11,21.5,24.5,26.5,24.0,167.0,42210.0,201
2023-05-11 09:37:19,c2311-P-2320,c2311-P-2320,26.5,0.0,0.0,0.0,30,25.5,27.0,21,21.5,24.5,26.5,24.0,167.0,42210.0,201
2023-05-11 09:37:21,c2311-P-2320,c2311-P-2320,26.5,0.0,0.0,0.0,30,25.5,27.0,11,21.5,24.5,26.5,24.0,167.0,42210.0,201
2023-05-11 09:37:21,c2311-P-2320,c2311-P-2320,26.5,0.0,0.0,0.0,30,25.5,27.0,21,21.5,24.5,26.5,24.0,167.0,42210.0,201
2023-05-11 09:37:22,c2311-P-2320,c2311-P-2320,26.5,0.0,0.0,0.0,30,25.5,27.0,11,21.5,24.5,26.5,24.0,167.0,42210.0,201
2023-05-11 09:37:40,c2311-P-2320,c2311-P-2320,26.5,0.0,0.0,0.0,10,26.0,27.0,11,21.5,24.5,26.5,24.0,167.0,42210.0,201
2023-05-11 09:37:40,c2311-P-2320,c2311-P-2320,26.5,0.0,0.0,0.0,30,26.0,27.0,11,21.5,24.5,26.5,24.0,167.0,42210.0,201
2023-05-11 09:38:48,c2311-P-2320,c2311-P-2320,26.5,0.0,0.0,0.0,20,26.0,27.0,11,21.5,24.5,26.5,24.0,167.0,42210.0,201
2023-05-11 09:39:23,c2311-P-2320,c2311-P-2320,26.5,0.0,0.0,0.0,10,26.0,27.0,11,21.5,24.5,26.5,24.0,167.0,42210.0,201
2023-05-11 09:39:25,c2311-P-2320,c2311-P-2320,26.5,0.0,0.0,0.0,20,26.0,27.0,11,21.5,24.5,26.5,24.0,167.0,42210.0,201
2023-05-11 09:39:30,c2311-P-2320,c2311-P-2320,26.5,0.0,0.0,0.0,10,26.0,27.0,21,21.5,24.5,26.5,24.0,167.0,42210.0,201
2023-05-11 09:39:31,c2311-P-2320,c2311-P-2320,26.5,0.0,0.0,0.0,10,26.0,27.0,11,21.5,24.5,26.5,24.0,167.0,42210.0,201
2023-05-11 09:39:38,c2311-P-2320,c2311-P-2320,26.5,0.0,0.0,0.0,20,26.0,27.0,11,21.5,24.5,26.5,24.0,167.0,42210.0,201
2023-05-11 09:39:38,c2311-P-2320,c2311-P-2320,26.5,0.0,0.0,0.0,10,26.0,27.0,11,21.5,24.5,26.5,24.0,167.0,42210.0,201
2023-05-11 09:39:39,c2311-P-2320,c2311-P-2320,26.5,0.0,0.0,0.0,20,26.0,27.0,11,21.5,24.5,26.5,24.0,167.0,42210.0,201
2023-05-11 09:39:40,c2311-P-2320,c2311-P-2320,26.5,0.0,0.0,0.0,10,26.0,27.0,11,21.5,24.5,26.5,24.0,167.0,42210.0,201
2023-05-11 09:39:40,c2311-P-2320,c2311-P-2320,26.5,0.0,0.0,0.0,20,26.0,27.0,11,21.5,24.5,26.5,24.0,167.0,42210.0,201
2023-05-11 09:39:41,c2311-P-2320,c2311-P-2320,26.5,0.0,0.0,0.0,10,26.0,27.0,11,21.5,24.5,26.5,24.0,167.0,42210.0,201
2023-05-11 09:39:44,c2311-P-2320,c2311-P-2320,26.5,0.0,0.0,0.0,20,26.0,27.0,11,21.5,24.5,26.5,24.0,167.0,42210.0,201
2023-05-11 09:39:46,c2311-P-2320,c2311-P-2320,26.5,0.0,0.0,0.0,10,26.0,27.0,11,21.5,24.5,26.5,24.0,167.0,42210.0,201
2023-05-11 09:39:47,c2311-P-2320,c2311-P-2320,26.5,0.0,0.0,0.0,20,26.0,27.0,11,21.5,24.5,26.5,24.0,167.0,42210.0,201
2023-05-11 09:39:55,c2311-P-2320,c2311-P-2320,26.5,0.0,0.0,0.0,10,26.0,27.0,11,21.5,24.5,26.5,24.0,167.0,42210.0,201
2023-05-11 09:39:56,c2311-P-2320,c2311-P-2320,26.5,0.0,0.0,0.0,20,26.0,27.0,11,21.5,24.5,26.5,24.0,167.0,42210.0,201
2023-05-11 09:40:00,c2311-P-2320,c2311-P-2320,26.5,0.0,0.0,0.0,10,26.0,27.0,11,21.5,24.5,26.5,24.0,167.0,42210.0,201
2023-05-11 09:40:03,c2311-P-2320,c2311-P-2320,26.5,0.0,0.0,0.0,20,26.0,27.0,11,21.5,24.5,26.5,24.0,167.0,42210.0,201
2023-05-11 09:40:27,c2311-P-2320,c2311-P-2320,26.5,0.0,0.0,0.0,10,26.0,27.0,11,21.5,24.5,26.5,24.0,167.0,42210.0,201
2023-05-11 09:40:28,c2311-P-2320,c2311-P-2320,26.5,0.0,0.0,0.0,20,26.0,27.0,11,21.5,24.5,26.5,24.0,167.0,42210.0,201
2023-05-11 09:40:37,c2311-P-2320,c2311-P-2320,26.5,0.0,0.0,0.0,10,26.0,27.0,11,21.5,24.5,26.5,24.0,167.0,42210.0,201
2023-05-11 09:40:37,c2311-P-2320,c2311-P-2320,26.5,0.0,0.0,0.0,20,26.0,27.0,11,21.5,24.5,26.5,24.0,167.0,42210.0,201
2023-05-11 09:40:38,c2311-P-2320,c2311-P-2320,26.5,0.0,0.0,0.0,30,26.0,27.0,11,21.5,24.5,26.5,24.0,167.0,42210.0,201
2023-05-11 09:45:28,c2311-P-2320,c2311-P-2320,26.5,0.0,0.0,0.0,30,26.0,27.0,1,21.5,24.5,26.5,24.0,167.0,42210.0,201
2023-05-11 09:45:34,c2311-P-2320,c2311-P-2320,26.5,0.0,0.0,0.0,30,26.0,27.0,11,21.5,24.5,26.5,24.0,167.0,42210.0,201
2023-05-11 09:46:46,c2311-P-2320,c2311-P-2320,26.5,0.0,0.0,0.0,30,26.0,27.0,1,21.5,24.5,26.5,24.0,167.0,42210.0,201
2023-05-11 09:46:49,c2311-P-2320,c2311-P-2320,26.5,0.0,0.0,0.0,10,26.5,27.0,1,21.5,24.5,26.5,24.0,167.0,42210.0,201
2023-05-11 09:46:50,c2311-P-2320,c2311-P-2320,26.5,0.0,0.0,0.0,30,26.5,27.0,1,21.5,24.5,26.5,24.0,167.0,42210.0,201
2023-05-11 09:46:52,c2311-P-2320,c2311-P-2320,26.5,0.0,0.0,0.0,20,26.5,27.0,1,21.5,24.5,26.5,24.0,167.0,42210.0,201
2023-05-11 09:46:52,c2311-P-2320,c2311-P-2320,26.5,0.0,0.0,0.0,30,26.5,27.0,1,21.5,24.5,26.5,24.0,167.0,42210.0,201
2023-05-11 09:47:11,c2311-P-2320,c2311-P-2320,26.5,0.0,0.0,0.0,30,26.5,27.0,11,21.5,24.5,26.5,24.0,167.0,42210.0,201
2023-05-11 09:47:11,c2311-P-2320,c2311-P-2320,26.5,0.0,0.0,0.0,20,26.5,27.0,11,21.5,24.5,26.5,24.0,167.0,42210.0,201
2023-05-11 09:47:27,c2311-P-2320,c2311-P-2320,26.5,0.0,0.0,0.0,20,26.5,27.0,1,21.5,24.5,26.5,24.0,167.0,42210.0,201
2023-05-11 09:47:33,c2311-P-2320,c2311-P-2320,26.5,0.0,0.0,0.0,20,26.5,27.5,10,21.5,24.5,26.5,24.0,167.0,42210.0,201
2023-05-11 09:47:34,c2311-P-2320,c2311-P-2320,26.5,0.0,0.0,0.0,30,26.5,27.5,10,21.5,24.5,26.5,24.0,167.0,42210.0,201
2023-05-11 09:47:34,c2311-P-2320,c2311-P-2320,26.5,0.0,0.0,0.0,20,26.5,27.5,10,21.5,24.5,26.5,24.0,167.0,42210.0,201
2023-05-11 09:47:36,c2311-P-2320,c2311-P-2320,26.5,0.0,0.0,0.0,30,26.5,27.5,10,21.5,24.5,26.5,24.0,167.0,42210.0,201
2023-05-11 09:47:54,c2311-P-2320,c2311-P-2320,26.5,0.0,0.0,0.0,30,26.5,27.0,10,21.5,24.5,26.5,24.0,167.0,42210.0,201
2023-05-11 09:48:02,c2311-P-2320,c2311-P-2320,27.0,20.0,5350.0,0.0,51,26.5,27.5,13,21.5,24.5,27.0,24.0,187.0,47560.0,201
2023-05-11 09:48:12,c2311-P-2320,c2311-P-2320,27.0,0.0,0.0,0.0,61,26.5,27.5,13,21.5,24.5,27.0,24.0,187.0,47560.0,201
2023-05-11 09:48:45,c2311-P-2320,c2311-P-2320,27.0,0.0,0.0,0.0,61,26.5,27.0,5,21.5,24.5,27.0,24.0,187.0,47560.0,201
2023-05-11 09:48:46,c2311-P-2320,c2311-P-2320,27.0,5.0,1350.0,0.0,3,27.0,27.5,13,21.5,24.5,27.0,24.0,192.0,48910.0,201
2023-05-11 09:48:47,c2311-P-2320,c2311-P-2320,27.0,0.0,0.0,0.0,41,27.0,28.0,21,21.5,24.5,27.0,24.0,192.0,48910.0,201
2023-05-11 09:48:58,c2311-P-2320,c2311-P-2320,27.0,0.0,0.0,0.0,41,27.0,27.5,2,21.5,24.5,27.0,24.0,192.0,48910.0,201
2023-05-11 09:48:58,c2311-P-2320,c2311-P-2320,27.0,0.0,0.0,0.0,41,27.0,27.5,12,21.5,24.5,27.0,24.0,192.0,48910.0,201
2023-05-11 09:48:59,c2311-P-2320,c2311-P-2320,27.0,0.0,0.0,0.0,13,27.0,27.5,12,21.5,24.5,27.0,24.0,192.0,48910.0,201
2023-05-11 09:49:17,c2311-P-2320,c2311-P-2320,27.0,0.0,0.0,0.0,13,27.0,27.5,2,21.5,24.5,27.0,24.0,192.0,48910.0,201
2023-05-11 09:49:19,c2311-P-2320,c2311-P-2320,27.0,0.0,0.0,0.0,13,27.0,27.5,12,21.5,24.5,27.0,24.0,192.0,48910.0,201
2023-05-11 09:49:24,c2311-P-2320,c2311-P-2320,27.0,0.0,0.0,0.0,13,27.0,27.5,2,21.5,24.5,27.0,24.0,192.0,48910.0,201
2023-05-11 09:52:03,c2311-P-2320,c2311-P-2320,27.5,2.0,550.0,0.0,13,27.0,28.0,20,21.5,24.5,27.5,24.0,194.0,49460.0,201
2023-05-11 09:52:03,c2311-P-2320,c2311-P-2320,27.5,0.0,0.0,0.0,25,27.5,28.5,10,21.5,24.5,27.5,24.0,194.0,49460.0,201
2023-05-11 09:52:04,c2311-P-2320,c2311-P-2320,27.5,0.0,0.0,0.0,13,27.0,28.5,10,21.5,24.5,27.5,24.0,194.0,49460.0,201
2023-05-11 09:52:06,c2311-P-2320,c2311-P-2320,27.5,0.0,0.0,0.0,33,27.0,28.5,20,21.5,24.5,27.5,24.0,194.0,49460.0,201
2023-05-11 09:52:38,c2311-P-2320,c2311-P-2320,27.5,0.0,0.0,0.0,33,27.0,28.5,10,21.5,24.5,27.5,24.0,194.0,49460.0,201
2023-05-11 09:52:44,c2311-P-2320,c2311-P-2320,27.5,0.0,0.0,0.0,34,27.0,28.5,10,21.5,24.5,27.5,24.0,194.0,49460.0,201
2023-05-11 09:52:55,c2311-P-2320,c2311-P-2320,27.5,0.0,0.0,0.0,34,27.0,28.5,20,21.5,24.5,27.5,24.0,194.0,49460.0,201
2023-05-11 09:53:11,c2311-P-2320,c2311-P-2320,27.5,0.0,0.0,0.0,34,27.0,28.5,10,21.5,24.5,27.5,24.0,194.0,49460.0,201
2023-05-11 09:53:16,c2311-P-2320,c2311-P-2320,27.5,0.0,0.0,0.0,20,27.5,28.5,10,21.5,24.5,27.5,24.0,194.0,49460.0,201
2023-05-11 09:53:31,c2311-P-2320,c2311-P-2320,27.5,0.0,0.0,0.0,30,27.5,28.5,10,21.5,24.5,27.5,24.0,194.0,49460.0,201
2023-05-11 09:53:35,c2311-P-2320,c2311-P-2320,28.0,1.0,280.0,0.0,3,28.0,28.5,13,21.5,24.5,28.0,24.0,195.0,49740.0,201
2023-05-11 09:53:35,c2311-P-2320,c2311-P-2320,28.0,0.0,0.0,0.0,13,28.0,28.5,13,21.5,24.5,28.0,24.0,195.0,49740.0,201
2023-05-11 09:53:55,c2311-P-2320,c2311-P-2320,28.0,0.0,0.0,0.0,13,28.0,28.5,3,21.5,24.5,28.0,24.0,195.0,49740.0,201
2023-05-11 09:53:56,c2311-P-2320,c2311-P-2320,28.0,0.0,0.0,0.0,13,28.0,28.5,13,21.5,24.5,28.0,24.0,195.0,49740.0,201
2023-05-11 09:53:59,c2311-P-2320,c2311-P-2320,28.0,0.0,0.0,0.0,13,28.0,28.5,3,21.5,24.5,28.0,24.0,195.0,49740.0,201
2023-05-11 09:54:05,c2311-P-2320,c2311-P-2320,28.0,0.0,0.0,0.0,13,28.0,29.0,21,21.5,24.5,28.0,24.0,195.0,49740.0,201
2023-05-11 09:54:22,c2311-P-2320,c2311-P-2320,28.0,0.0,0.0,0.0,13,28.0,29.0,11,21.5,24.5,28.0,24.0,195.0,49740.0,201
2023-05-11 09:54:24,c2311-P-2320,c2311-P-2320,28.0,0.0,0.0,0.0,13,28.0,29.0,21,21.5,24.5,28.0,24.0,195.0,49740.0,201
2023-05-11 09:54:26,c2311-P-2320,c2311-P-2320,28.0,0.0,0.0,0.0,13,28.0,29.0,11,21.5,24.5,28.0,24.0,195.0,49740.0,201
2023-05-11 09:54:28,c2311-P-2320,c2311-P-2320,28.0,0.0,0.0,0.0,13,28.0,29.0,21,21.5,24.5,28.0,24.0,195.0,49740.0,201
2023-05-11 09:54:29,c2311-P-2320,c2311-P-2320,28.0,0.0,0.0,0.0,13,28.0,29.0,11,21.5,24.5,28.0,24.0,195.0,49740.0,201
2023-05-11 09:54:39,c2311-P-2320,c2311-P-2320,28.0,0.0,0.0,0.0,13,28.0,29.0,21,21.5,24.5,28.0,24.0,195.0,49740.0,201
2023-05-11 09:55:25,c2311-P-2320,c2311-P-2320,28.0,0.0,0.0,0.0,10,28.0,29.0,21,21.5,24.5,28.0,24.0,195.0,49740.0,201
2023-05-11 09:55:42,c2311-P-2320,c2311-P-2320,28.0,0.0,0.0,0.0,34,27.5,29.0,21,21.5,24.5,28.0,24.0,195.0,49740.0,201
2023-05-11 09:56:04,c2311-P-2320,c2311-P-2320,28.0,0.0,0.0,0.0,24,27.5,29.0,21,21.5,24.5,28.0,24.0,195.0,49740.0,201
2023-05-11 09:56:07,c2311-P-2320,c2311-P-2320,28.0,0.0,0.0,0.0,14,27.5,29.0,21,21.5,24.5,28.0,24.0,195.0,49740.0,201
2023-05-11 09:56:23,c2311-P-2320,c2311-P-2320,28.0,0.0,0.0,0.0,14,27.5,28.5,10,21.5,24.5,28.0,24.0,195.0,49740.0,201
2023-05-11 09:56:23,c2311-P-2320,c2311-P-2320,28.0,0.0,0.0,0.0,14,27.5,28.5,20,21.5,24.5,28.0,24.0,195.0,49740.0,201
2023-05-11 09:56:30,c2311-P-2320,c2311-P-2320,28.0,0.0,0.0,0.0,13,27.5,28.5,20,21.5,24.5,28.0,24.0,195.0,49740.0,201
2023-05-11 09:56:41,c2311-P-2320,c2311-P-2320,28.0,0.0,0.0,0.0,13,27.5,28.5,10,21.5,24.5,28.0,24.0,195.0,49740.0,201
2023-05-11 09:56:45,c2311-P-2320,c2311-P-2320,28.0,0.0,0.0,0.0,13,27.5,28.5,20,21.5,24.5,28.0,24.0,195.0,49740.0,201
2023-05-11 09:57:09,c2311-P-2320,c2311-P-2320,28.0,0.0,0.0,0.0,10,27.5,28.5,20,21.5,24.5,28.0,24.0,195.0,49740.0,201
2023-05-11 10:00:49,c2311-P-2320,c2311-P-2320,28.0,0.0,0.0,0.0,10,27.5,28.5,10,21.5,24.5,28.0,24.0,195.0,49740.0,201
2023-05-11 10:00:49,c2311-P-2320,c2311-P-2320,28.0,0.0,0.0,0.0,10,27.5,28.5,20,21.5,24.5,28.0,24.0,195.0,49740.0,201
2023-05-11 10:01:12,c2311-P-2320,c2311-P-2320,28.0,0.0,0.0,0.0,31,27.0,28.5,20,21.5,24.5,28.0,24.0,195.0,49740.0,201
2023-05-11 10:01:41,c2311-P-2320,c2311-P-2320,28.0,0.0,0.0,0.0,31,27.0,28.5,10,21.5,24.5,28.0,24.0,195.0,49740.0,201
2023-05-11 10:01:42,c2311-P-2320,c2311-P-2320,28.0,0.0,0.0,0.0,20,27.5,28.5,10,21.5,24.5,28.0,24.0,195.0,49740.0,201
2023-05-11 10:03:30,c2311-P-2320,c2311-P-2320,28.0,0.0,0.0,0.0,30,27.5,28.5,20,21.5,24.5,28.0,24.0,195.0,49740.0,201
2023-05-11 10:03:37,c2311-P-2320,c2311-P-2320,28.0,0.0,0.0,0.0,30,27.5,28.5,10,21.5,24.5,28.0,24.0,195.0,49740.0,201
2023-05-11 10:04:02,c2311-P-2320,c2311-P-2320,28.0,0.0,0.0,0.0,20,28.0,28.5,10,21.5,24.5,28.0,24.0,195.0,49740.0,201
2023-05-11 10:04:28,c2311-P-2320,c2311-P-2320,28.0,0.0,0.0,0.0,10,28.0,28.5,10,21.5,24.5,28.0,24.0,195.0,49740.0,201
2023-05-11 10:04:48,c2311-P-2320,c2311-P-2320,28.0,0.0,0.0,0.0,20,28.0,28.5,10,21.5,24.5,28.0,24.0,195.0,49740.0,201
2023-05-11 10:05:11,c2311-P-2320,c2311-P-2320,28.0,0.0,0.0,0.0,10,28.0,28.5,10,21.5,24.5,28.0,24.0,195.0,49740.0,201
2023-05-11 10:05:12,c2311-P-2320,c2311-P-2320,28.0,0.0,0.0,0.0,31,27.5,28.5,10,21.5,24.5,28.0,24.0,195.0,49740.0,201
2023-05-11 10:05:14,c2311-P-2320,c2311-P-2320,28.0,0.0,0.0,0.0,31,27.5,28.5,20,21.5,24.5,28.0,24.0,195.0,49740.0,201
2023-05-11 10:06:03,c2311-P-2320,c2311-P-2320,28.0,0.0,0.0,0.0,31,27.5,28.5,10,21.5,24.5,28.0,24.0,195.0,49740.0,201
2023-05-11 10:06:14,c2311-P-2320,c2311-P-2320,28.0,0.0,0.0,0.0,31,27.5,28.5,20,21.5,24.5,28.0,24.0,195.0,49740.0,201
2023-05-11 10:06:20,c2311-P-2320,c2311-P-2320,28.0,0.0,0.0,0.0,31,27.5,28.5,10,21.5,24.5,28.0,24.0,195.0,49740.0,201
2023-05-11 10:07:10,c2311-P-2320,c2311-P-2320,28.0,0.0,0.0,0.0,31,27.5,28.5,20,21.5,24.5,28.0,24.0,195.0,49740.0,201
2023-05-11 10:07:11,c2311-P-2320,c2311-P-2320,28.0,0.0,0.0,0.0,31,27.5,28.5,10,21.5,24.5,28.0,24.0,195.0,49740.0,201
2023-05-11 10:07:18,c2311-P-2320,c2311-P-2320,28.0,0.0,0.0,0.0,31,27.5,28.5,20,21.5,24.5,28.0,24.0,195.0,49740.0,201
2023-05-11 10:08:56,c2311-P-2320,c2311-P-2320,28.5,20.0,5700.0,10.0,3,28.0,29.0,14,21.5,24.5,28.5,24.0,215.0,55440.0,211
2023-05-11 10:08:57,c2311-P-2320,c2311-P-2320,28.5,0.0,0.0,0.0,13,28.0,29.0,24,21.5,24.5,28.5,24.0,215.0,55440.0,211
2023-05-11 10:09:01,c2311-P-2320,c2311-P-2320,28.5,0.0,0.0,0.0,13,28.0,29.0,14,21.5,24.5,28.5,24.0,215.0,55440.0,211
2023-05-11 10:09:08,c2311-P-2320,c2311-P-2320,28.5,0.0,0.0,0.0,33,28.0,29.0,14,21.5,24.5,28.5,24.0,215.0,55440.0,211
2023-05-11 10:09:13,c2311-P-2320,c2311-P-2320,28.5,0.0,0.0,0.0,23,28.0,29.0,14,21.5,24.5,28.5,24.0,215.0,55440.0,211
2023-05-11 10:09:22,c2311-P-2320,c2311-P-2320,28.5,0.0,0.0,0.0,33,28.0,29.0,14,21.5,24.5,28.5,24.0,215.0,55440.0,211
2023-05-11 10:09:23,c2311-P-2320,c2311-P-2320,28.5,0.0,0.0,0.0,23,28.0,29.0,14,21.5,24.5,28.5,24.0,215.0,55440.0,211
2023-05-11 10:09:27,c2311-P-2320,c2311-P-2320,28.5,0.0,0.0,0.0,23,28.0,29.0,24,21.5,24.5,28.5,24.0,215.0,55440.0,211
2023-05-11 10:09:42,c2311-P-2320,c2311-P-2320,28.5,0.0,0.0,0.0,23,28.0,29.0,34,21.5,24.5,28.5,24.0,215.0,55440.0,211
2023-05-11 10:09:42,c2311-P-2320,c2311-P-2320,28.5,0.0,0.0,0.0,13,28.0,29.0,34,21.5,24.5,28.5,24.0,215.0,55440.0,211
2023-05-11 10:09:50,c2311-P-2320,c2311-P-2320,28.5,0.0,0.0,0.0,23,28.0,29.0,34,21.5,24.5,28.5,24.0,215.0,55440.0,211
2023-05-11 10:09:52,c2311-P-2320,c2311-P-2320,28.5,0.0,0.0,0.0,13,28.0,29.0,34,21.5,24.5,28.5,24.0,215.0,55440.0,211
2023-05-11 10:09:55,c2311-P-2320,c2311-P-2320,28.5,0.0,0.0,0.0,23,28.0,29.0,34,21.5,24.5,28.5,24.0,215.0,55440.0,211
2023-05-11 10:10:34,c2311-P-2320,c2311-P-2320,28.5,0.0,0.0,0.0,13,28.0,29.0,34,21.5,24.5,28.5,24.0,215.0,55440.0,211
2023-05-11 10:10:35,c2311-P-2320,c2311-P-2320,28.5,0.0,0.0,0.0,3,28.0,29.0,34,21.5,24.5,28.5,24.0,215.0,55440.0,211
2023-05-11 10:10:44,c2311-P-2320,c2311-P-2320,28.5,0.0,0.0,0.0,34,27.5,29.0,34,21.5,24.5,28.5,24.0,215.0,55440.0,211
2023-05-11 10:10:45,c2311-P-2320,c2311-P-2320,28.5,0.0,0.0,0.0,34,27.5,28.5,20,21.5,24.5,28.5,24.0,215.0,55440.0,211
2023-05-11 10:10:53,c2311-P-2320,c2311-P-2320,28.5,0.0,0.0,0.0,24,27.5,28.5,20,21.5,24.5,28.5,24.0,215.0,55440.0,211
2023-05-11 10:10:55,c2311-P-2320,c2311-P-2320,28.5,0.0,0.0,0.0,34,27.5,28.5,20,21.5,24.5,28.5,24.0,215.0,55440.0,211
2023-05-11 10:10:58,c2311-P-2320,c2311-P-2320,28.5,0.0,0.0,0.0,34,27.5,28.5,10,21.5,24.5,28.5,24.0,215.0,55440.0,211
2023-05-11 10:10:58,c2311-P-2320,c2311-P-2320,28.5,0.0,0.0,0.0,34,27.5,28.5,20,21.5,24.5,28.5,24.0,215.0,55440.0,211
2023-05-11 10:11:01,c2311-P-2320,c2311-P-2320,28.5,0.0,0.0,0.0,34,27.5,28.5,10,21.5,24.5,28.5,24.0,215.0,55440.0,211
2023-05-11 10:11:04,c2311-P-2320,c2311-P-2320,28.5,0.0,0.0,0.0,34,27.5,28.5,20,21.5,24.5,28.5,24.0,215.0,55440.0,211
2023-05-11 10:11:07,c2311-P-2320,c2311-P-2320,28.5,0.0,0.0,0.0,24,27.5,28.5,20,21.5,24.5,28.5,24.0,215.0,55440.0,211
2023-05-11 10:11:11,c2311-P-2320,c2311-P-2320,28.5,0.0,0.0,0.0,24,27.5,28.5,30,21.5,24.5,28.5,24.0,215.0,55440.0,211
2023-05-11 10:11:12,c2311-P-2320,c2311-P-2320,28.5,0.0,0.0,0.0,14,27.5,28.5,20,21.5,24.5,28.5,24.0,215.0,55440.0,211
2023-05-11 10:11:12,c2311-P-2320,c2311-P-2320,28.5,0.0,0.0,0.0,14,27.5,28.5,30,21.5,24.5,28.5,24.0,215.0,55440.0,211
2023-05-11 10:11:13,c2311-P-2320,c2311-P-2320,28.5,0.0,0.0,0.0,24,27.5,28.5,30,21.5,24.5,28.5,24.0,215.0,55440.0,211
2023-05-11 10:11:14,c2311-P-2320,c2311-P-2320,28.5,0.0,0.0,0.0,14,27.5,28.5,30,21.5,24.5,28.5,24.0,215.0,55440.0,211
2023-05-11 10:11:17,c2311-P-2320,c2311-P-2320,28.5,0.0,0.0,0.0,24,27.5,28.5,30,21.5,24.5,28.5,24.0,215.0,55440.0,211
2023-05-11 10:11:34,c2311-P-2320,c2311-P-2320,28.5,0.0,0.0,0.0,14,27.5,28.5,30,21.5,24.5,28.5,24.0,215.0,55440.0,211
2023-05-11 10:11:46,c2311-P-2320,c2311-P-2320,28.5,0.0,0.0,0.0,13,27.5,28.5,30,21.5,24.5,28.5,24.0,215.0,55440.0,211
2023-05-11 10:11:53,c2311-P-2320,c2311-P-2320,28.5,0.0,0.0,0.0,10,27.5,28.5,30,21.5,24.5,28.5,24.0,215.0,55440.0,211
2023-05-11 10:11:56,c2311-P-2320,c2311-P-2320,28.5,0.0,0.0,0.0,30,27.0,28.5,30,21.5,24.5,28.5,24.0,215.0,55440.0,211
2023-05-11 10:12:44,c2311-P-2320,c2311-P-2320,28.5,0.0,0.0,0.0,30,27.0,28.0,20,21.5,24.5,28.5,24.0,215.0,55440.0,211
2023-05-11 10:12:45,c2311-P-2320,c2311-P-2320,28.5,0.0,0.0,0.0,30,27.0,28.0,10,21.5,24.5,28.5,24.0,215.0,55440.0,211
2023-05-11 10:12:55,c2311-P-2320,c2311-P-2320,28.5,0.0,0.0,0.0,20,27.0,28.0,20,21.5,24.5,28.5,24.0,215.0,55440.0,211
2023-05-11 10:12:58,c2311-P-2320,c2311-P-2320,28.5,0.0,0.0,0.0,10,27.0,28.0,30,21.5,24.5,28.5,24.0,215.0,55440.0,211
2023-05-11 10:14:29,c2311-P-2320,c2311-P-2320,28.5,0.0,0.0,0.0,10,27.0,28.0,20,21.5,24.5,28.5,24.0,215.0,55440.0,211
2023-05-11 10:14:29,c2311-P-2320,c2311-P-2320,28.5,0.0,0.0,0.0,10,27.0,28.0,10,21.5,24.5,28.5,24.0,215.0,55440.0,211
2023-05-11 10:14:30,c2311-P-2320,c2311-P-2320,28.5,0.0,0.0,0.0,1,26.5,28.5,1,21.5,24.5,28.5,24.0,215.0,55440.0,211
2023-05-11 10:31:08,c2311-P-2320,c2311-P-2320,28.5,0.0,0.0,0.0,10,27.0,28.0,10,21.5,24.5,28.5,24.0,215.0,55440.0,211
2023-05-11 10:31:33,c2311-P-2320,c2311-P-2320,28.5,0.0,0.0,0.0,10,27.0,28.0,20,21.5,24.5,28.5,24.0,215.0,55440.0,211
2023-05-11 10:31:41,c2311-P-2320,c2311-P-2320,28.5,0.0,0.0,0.0,20,27.0,28.0,30,21.5,24.5,28.5,24.0,215.0,55440.0,211
2023-05-11 10:31:42,c2311-P-2320,c2311-P-2320,28.5,0.0,0.0,0.0,31,26.5,28.0,30,21.5,24.5,28.5,24.0,215.0,55440.0,211
2023-05-11 10:31:42,c2311-P-2320,c2311-P-2320,28.5,0.0,0.0,0.0,10,27.0,28.0,30,21.5,24.5,28.5,24.0,215.0,55440.0,211
2023-05-11 10:31:45,c2311-P-2320,c2311-P-2320,28.5,0.0,0.0,0.0,31,26.5,28.0,30,21.5,24.5,28.5,24.0,215.0,55440.0,211
2023-05-11 10:32:03,c2311-P-2320,c2311-P-2320,28.5,0.0,0.0,0.0,10,27.0,28.0,30,21.5,24.5,28.5,24.0,215.0,55440.0,211
2023-05-11 10:32:14,c2311-P-2320,c2311-P-2320,28.5,0.0,0.0,0.0,31,26.5,28.0,30,21.5,24.5,28.5,24.0,215.0,55440.0,211
2023-05-11 10:32:17,c2311-P-2320,c2311-P-2320,28.5,0.0,0.0,0.0,10,27.0,28.0,30,21.5,24.5,28.5,24.0,215.0,55440.0,211
2023-05-11 10:32:18,c2311-P-2320,c2311-P-2320,28.5,0.0,0.0,0.0,31,26.5,28.0,30,21.5,24.5,28.5,24.0,215.0,55440.0,211
2023-05-11 10:32:40,c2311-P-2320,c2311-P-2320,28.5,0.0,0.0,0.0,21,26.5,27.5,20,21.5,24.5,28.5,24.0,215.0,55440.0,211
2023-05-11 10:32:40,c2311-P-2320,c2311-P-2320,28.5,0.0,0.0,0.0,21,26.5,27.5,30,21.5,24.5,28.5,24.0,215.0,55440.0,211
2023-05-11 10:32:41,c2311-P-2320,c2311-P-2320,28.5,0.0,0.0,0.0,31,26.5,27.5,10,21.5,24.5,28.5,24.0,215.0,55440.0,211
2023-05-11 10:32:41,c2311-P-2320,c2311-P-2320,28.5,0.0,0.0,0.0,21,26.5,27.5,20,21.5,24.5,28.5,24.0,215.0,55440.0,211
2023-05-11 10:32:42,c2311-P-2320,c2311-P-2320,28.5,0.0,0.0,0.0,21,26.5,27.5,30,21.5,24.5,28.5,24.0,215.0,55440.0,211
2023-05-11 10:32:48,c2311-P-2320,c2311-P-2320,28.5,0.0,0.0,0.0,21,26.5,27.5,20,21.5,24.5,28.5,24.0,215.0,55440.0,211
2023-05-11 10:32:48,c2311-P-2320,c2311-P-2320,28.5,0.0,0.0,0.0,21,26.5,27.5,30,21.5,24.5,28.5,24.0,215.0,55440.0,211
2023-05-11 10:33:06,c2311-P-2320,c2311-P-2320,28.5,0.0,0.0,0.0,21,26.5,27.5,20,21.5,24.5,28.5,24.0,215.0,55440.0,211
2023-05-11 10:33:06,c2311-P-2320,c2311-P-2320,28.5,0.0,0.0,0.0,31,26.5,27.5,10,21.5,24.5,28.5,24.0,215.0,55440.0,211
2023-05-11 10:33:16,c2311-P-2320,c2311-P-2320,28.5,0.0,0.0,0.0,31,26.5,27.5,20,21.5,24.5,28.5,24.0,215.0,55440.0,211
2023-05-11 10:33:17,c2311-P-2320,c2311-P-2320,28.5,0.0,0.0,0.0,31,26.5,27.5,10,21.5,24.5,28.5,24.0,215.0,55440.0,211
2023-05-11 10:33:18,c2311-P-2320,c2311-P-2320,28.5,0.0,0.0,0.0,31,26.5,27.5,20,21.5,24.5,28.5,24.0,215.0,55440.0,211
2023-05-11 10:33:19,c2311-P-2320,c2311-P-2320,28.5,0.0,0.0,0.0,21,26.5,27.5,30,21.5,24.5,28.5,24.0,215.0,55440.0,211
2023-05-11 10:33:25,c2311-P-2320,c2311-P-2320,28.5,0.0,0.0,0.0,21,26.5,27.5,20,21.5,24.5,28.5,24.0,215.0,55440.0,211
2023-05-11 10:33:27,c2311-P-2320,c2311-P-2320,28.5,0.0,0.0,0.0,31,26.5,27.5,10,21.5,24.5,28.5,24.0,215.0,55440.0,211
2023-05-11 10:33:35,c2311-P-2320,c2311-P-2320,28.5,0.0,0.0,0.0,21,26.5,27.5,10,21.5,24.5,28.5,24.0,215.0,55440.0,211
2023-05-11 10:33:36,c2311-P-2320,c2311-P-2320,28.5,0.0,0.0,0.0,31,26.5,27.5,10,21.5,24.5,28.5,24.0,215.0,55440.0,211
2023-05-11 10:33:36,c2311-P-2320,c2311-P-2320,28.5,0.0,0.0,0.0,21,26.5,27.5,30,21.5,24.5,28.5,24.0,215.0,55440.0,211
2023-05-11 10:33:37,c2311-P-2320,c2311-P-2320,28.5,0.0,0.0,0.0,31,26.5,27.5,10,21.5,24.5,28.5,24.0,215.0,55440.0,211
2023-05-11 10:33:38,c2311-P-2320,c2311-P-2320,28.5,0.0,0.0,0.0,31,26.5,27.5,20,21.5,24.5,28.5,24.0,215.0,55440.0,211
2023-05-11 10:33:38,c2311-P-2320,c2311-P-2320,28.5,0.0,0.0,0.0,31,26.5,27.5,10,21.5,24.5,28.5,24.0,215.0,55440.0,211
2023-05-11 10:33:40,c2311-P-2320,c2311-P-2320,28.5,0.0,0.0,0.0,31,26.5,27.5,20,21.5,24.5,28.5,24.0,215.0,55440.0,211
2023-05-11 10:33:41,c2311-P-2320,c2311-P-2320,28.5,0.0,0.0,0.0,21,26.5,27.5,20,21.5,24.5,28.5,24.0,215.0,55440.0,211
2023-05-11 10:33:42,c2311-P-2320,c2311-P-2320,28.5,0.0,0.0,0.0,31,26.5,27.5,10,21.5,24.5,28.5,24.0,215.0,55440.0,211
2023-05-11 10:33:43,c2311-P-2320,c2311-P-2320,28.5,0.0,0.0,0.0,21,26.5,27.5,10,21.5,24.5,28.5,24.0,215.0,55440.0,211
2023-05-11 10:33:51,c2311-P-2320,c2311-P-2320,28.5,0.0,0.0,0.0,31,26.5,27.5,10,21.5,24.5,28.5,24.0,215.0,55440.0,211
2023-05-11 10:33:53,c2311-P-2320,c2311-P-2320,28.5,0.0,0.0,0.0,21,26.5,27.5,30,21.5,24.5,28.5,24.0,215.0,55440.0,211
2023-05-11 10:33:55,c2311-P-2320,c2311-P-2320,28.5,0.0,0.0,0.0,20,26.5,27.5,30,21.5,24.5,28.5,24.0,215.0,55440.0,211
2023-05-11 10:33:55,c2311-P-2320,c2311-P-2320,28.5,0.0,0.0,0.0,10,26.5,27.5,30,21.5,24.5,28.5,24.0,215.0,55440.0,211
2023-05-11 10:34:21,c2311-P-2320,c2311-P-2320,28.5,0.0,0.0,0.0,20,26.5,27.5,10,21.5,24.5,28.5,24.0,215.0,55440.0,211
2023-05-11 10:34:21,c2311-P-2320,c2311-P-2320,28.5,0.0,0.0,0.0,30,26.5,27.5,10,21.5,24.5,28.5,24.0,215.0,55440.0,211
2023-05-11 10:34:22,c2311-P-2320,c2311-P-2320,28.5,0.0,0.0,0.0,10,26.5,27.5,30,21.5,24.5,28.5,24.0,215.0,55440.0,211
2023-05-11 10:35:04,c2311-P-2320,c2311-P-2320,28.5,0.0,0.0,0.0,30,26.0,27.5,31,21.5,24.5,28.5,24.0,215.0,55440.0,211
2023-05-11 10:35:05,c2311-P-2320,c2311-P-2320,28.5,0.0,0.0,0.0,10,26.5,27.5,31,21.5,24.5,28.5,24.0,215.0,55440.0,211
2023-05-11 10:35:52,c2311-P-2320,c2311-P-2320,28.5,0.0,0.0,0.0,30,26.0,27.5,31,21.5,24.5,28.5,24.0,215.0,55440.0,211
2023-05-11 10:35:53,c2311-P-2320,c2311-P-2320,28.5,0.0,0.0,0.0,10,26.5,27.5,31,21.5,24.5,28.5,24.0,215.0,55440.0,211
2023-05-11 10:36:09,c2311-P-2320,c2311-P-2320,28.5,0.0,0.0,0.0,20,26.5,27.5,31,21.5,24.5,28.5,24.0,215.0,55440.0,211
2023-05-11 10:36:17,c2311-P-2320,c2311-P-2320,28.5,0.0,0.0,0.0,20,26.5,27.5,11,21.5,24.5,28.5,24.0,215.0,55440.0,211
2023-05-11 10:36:18,c2311-P-2320,c2311-P-2320,28.5,0.0,0.0,0.0,20,26.5,27.5,21,21.5,24.5,28.5,24.0,215.0,55440.0,211
2023-05-11 10:36:19,c2311-P-2320,c2311-P-2320,28.5,0.0,0.0,0.0,20,26.5,27.5,31,21.5,24.5,28.5,24.0,215.0,55440.0,211
2023-05-11 10:38:28,c2311-P-2320,c2311-P-2320,28.5,0.0,0.0,0.0,20,26.5,27.5,21,21.5,24.5,28.5,24.0,215.0,55440.0,211
2023-05-11 10:38:29,c2311-P-2320,c2311-P-2320,28.5,0.0,0.0,0.0,30,26.5,27.5,21,21.5,24.5,28.5,24.0,215.0,55440.0,211
2023-05-11 10:38:30,c2311-P-2320,c2311-P-2320,28.5,0.0,0.0,0.0,10,27.0,27.5,11,21.5,24.5,28.5,24.0,215.0,55440.0,211
2023-05-11 10:38:32,c2311-P-2320,c2311-P-2320,28.5,0.0,0.0,0.0,30,26.5,27.5,11,21.5,24.5,28.5,24.0,215.0,55440.0,211
2023-05-11 10:38:36,c2311-P-2320,c2311-P-2320,28.5,0.0,0.0,0.0,20,26.5,27.5,11,21.5,24.5,28.5,24.0,215.0,55440.0,211
2023-05-11 10:38:36,c2311-P-2320,c2311-P-2320,28.5,0.0,0.0,0.0,20,26.5,27.5,21,21.5,24.5,28.5,24.0,215.0,55440.0,211
2023-05-11 10:38:38,c2311-P-2320,c2311-P-2320,28.5,0.0,0.0,0.0,20,26.5,27.5,31,21.5,24.5,28.5,24.0,215.0,55440.0,211
2023-05-11 10:38:38,c2311-P-2320,c2311-P-2320,28.5,0.0,0.0,0.0,20,26.5,27.5,21,21.5,24.5,28.5,24.0,215.0,55440.0,211
2023-05-11 10:38:39,c2311-P-2320,c2311-P-2320,28.5,0.0,0.0,0.0,20,26.5,27.5,31,21.5,24.5,28.5,24.0,215.0,55440.0,211
2023-05-11 10:38:40,c2311-P-2320,c2311-P-2320,28.5,0.0,0.0,0.0,20,26.5,27.5,21,21.5,24.5,28.5,24.0,215.0,55440.0,211
2023-05-11 10:38:53,c2311-P-2320,c2311-P-2320,28.5,0.0,0.0,0.0,20,26.5,27.5,11,21.5,24.5,28.5,24.0,215.0,55440.0,211
2023-05-11 10:38:58,c2311-P-2320,c2311-P-2320,28.5,0.0,0.0,0.0,20,26.5,27.5,21,21.5,24.5,28.5,24.0,215.0,55440.0,211
2023-05-11 10:39:01,c2311-P-2320,c2311-P-2320,28.5,0.0,0.0,0.0,20,26.5,27.5,11,21.5,24.5,28.5,24.0,215.0,55440.0,211
2023-05-11 10:39:06,c2311-P-2320,c2311-P-2320,28.5,0.0,0.0,0.0,30,26.5,27.5,11,21.5,24.5,28.5,24.0,215.0,55440.0,211
2023-05-11 10:39:24,c2311-P-2320,c2311-P-2320,28.5,0.0,0.0,0.0,10,27.0,27.5,11,21.5,24.5,28.5,24.0,215.0,55440.0,211
2023-05-11 10:39:50,c2311-P-2320,c2311-P-2320,28.5,0.0,0.0,0.0,20,27.0,27.5,11,21.5,24.5,28.5,24.0,215.0,55440.0,211
2023-05-11 10:39:51,c2311-P-2320,c2311-P-2320,28.5,0.0,0.0,0.0,10,27.0,27.5,11,21.5,24.5,28.5,24.0,215.0,55440.0,211
2023-05-11 10:39:52,c2311-P-2320,c2311-P-2320,28.5,0.0,0.0,0.0,20,27.0,27.5,11,21.5,24.5,28.5,24.0,215.0,55440.0,211
2023-05-11 10:40:26,c2311-P-2320,c2311-P-2320,28.5,0.0,0.0,0.0,20,27.0,28.0,30,21.5,24.5,28.5,24.0,215.0,55440.0,211
2023-05-11 10:40:42,c2311-P-2320,c2311-P-2320,28.5,0.0,0.0,0.0,30,27.0,28.0,10,21.5,24.5,28.5,24.0,215.0,55440.0,211
2023-05-11 10:40:44,c2311-P-2320,c2311-P-2320,28.5,0.0,0.0,0.0,30,27.0,28.0,20,21.5,24.5,28.5,24.0,215.0,55440.0,211
2023-05-11 10:40:45,c2311-P-2320,c2311-P-2320,28.5,0.0,0.0,0.0,20,27.0,28.0,30,21.5,24.5,28.5,24.0,215.0,55440.0,211
2023-05-11 10:40:55,c2311-P-2320,c2311-P-2320,28.5,0.0,0.0,0.0,20,27.0,28.0,20,21.5,24.5,28.5,24.0,215.0,55440.0,211
2023-05-11 10:41:17,c2311-P-2320,c2311-P-2320,28.5,0.0,0.0,0.0,10,27.5,28.0,20,21.5,24.5,28.5,24.0,215.0,55440.0,211
2023-05-11 10:41:18,c2311-P-2320,c2311-P-2320,28.5,0.0,0.0,0.0,10,27.5,28.0,10,21.5,24.5,28.5,24.0,215.0,55440.0,211
2023-05-11 10:41:21,c2311-P-2320,c2311-P-2320,28.5,0.0,0.0,0.0,10,27.5,28.0,20,21.5,24.5,28.5,24.0,215.0,55440.0,211
2023-05-11 10:41:25,c2311-P-2320,c2311-P-2320,28.5,0.0,0.0,0.0,10,27.5,28.0,10,21.5,24.5,28.5,24.0,215.0,55440.0,211
2023-05-11 10:41:34,c2311-P-2320,c2311-P-2320,28.5,0.0,0.0,0.0,20,27.5,28.0,10,21.5,24.5,28.5,24.0,215.0,55440.0,211
2023-05-11 10:41:54,c2311-P-2320,c2311-P-2320,27.5,10.0,2750.0,0.0,23,27.0,28.0,13,21.5,24.5,28.5,24.0,225.0,58190.0,211
2023-05-11 10:41:55,c2311-P-2320,c2311-P-2320,27.5,0.0,0.0,0.0,13,27.0,28.0,23,21.5,24.5,28.5,24.0,225.0,58190.0,211
2023-05-11 10:41:55,c2311-P-2320,c2311-P-2320,27.5,0.0,0.0,0.0,13,27.0,28.0,33,21.5,24.5,28.5,24.0,225.0,58190.0,211
2023-05-11 10:41:56,c2311-P-2320,c2311-P-2320,27.5,0.0,0.0,0.0,3,27.0,28.0,33,21.5,24.5,28.5,24.0,225.0,58190.0,211
2023-05-11 10:41:59,c2311-P-2320,c2311-P-2320,27.5,0.0,0.0,0.0,13,27.0,28.0,33,21.5,24.5,28.5,24.0,225.0,58190.0,211
2023-05-11 10:45:23,c2311-P-2320,c2311-P-2320,27.5,0.0,0.0,0.0,23,27.0,28.0,33,21.5,24.5,28.5,24.0,225.0,58190.0,211
2023-05-11 10:45:41,c2311-P-2320,c2311-P-2320,27.5,0.0,0.0,0.0,13,27.0,28.0,33,21.5,24.5,28.5,24.0,225.0,58190.0,211
2023-05-11 10:45:42,c2311-P-2320,c2311-P-2320,27.5,0.0,0.0,0.0,23,27.0,28.0,33,21.5,24.5,28.5,24.0,225.0,58190.0,211
2023-05-11 10:45:45,c2311-P-2320,c2311-P-2320,27.5,0.0,0.0,0.0,13,27.0,28.0,33,21.5,24.5,28.5,24.0,225.0,58190.0,211
2023-05-11 10:45:46,c2311-P-2320,c2311-P-2320,27.5,0.0,0.0,0.0,23,27.0,28.0,33,21.5,24.5,28.5,24.0,225.0,58190.0,211
2023-05-11 10:45:49,c2311-P-2320,c2311-P-2320,27.5,0.0,0.0,0.0,13,27.0,28.0,33,21.5,24.5,28.5,24.0,225.0,58190.0,211
2023-05-11 10:45:54,c2311-P-2320,c2311-P-2320,27.5,0.0,0.0,0.0,23,27.0,28.0,33,21.5,24.5,28.5,24.0,225.0,58190.0,211
2023-05-11 10:46:00,c2311-P-2320,c2311-P-2320,27.5,0.0,0.0,0.0,13,27.0,28.0,33,21.5,24.5,28.5,24.0,225.0,58190.0,211
2023-05-11 10:48:10,c2311-P-2320,c2311-P-2320,27.5,0.0,0.0,0.0,23,27.0,28.0,33,21.5,24.5,28.5,24.0,225.0,58190.0,211
2023-05-11 10:48:11,c2311-P-2320,c2311-P-2320,27.5,0.0,0.0,0.0,13,27.0,28.0,33,21.5,24.5,28.5,24.0,225.0,58190.0,211
2023-05-11 10:48:14,c2311-P-2320,c2311-P-2320,27.5,0.0,0.0,0.0,23,27.0,28.0,33,21.5,24.5,28.5,24.0,225.0,58190.0,211
2023-05-11 10:48:39,c2311-P-2320,c2311-P-2320,27.5,0.0,0.0,0.0,13,27.0,28.0,33,21.5,24.5,28.5,24.0,225.0,58190.0,211
2023-05-11 10:48:39,c2311-P-2320,c2311-P-2320,27.5,0.0,0.0,0.0,23,27.0,28.0,33,21.5,24.5,28.5,24.0,225.0,58190.0,211
2023-05-11 10:48:39,c2311-P-2320,c2311-P-2320,27.5,0.0,0.0,0.0,13,27.0,28.0,33,21.5,24.5,28.5,24.0,225.0,58190.0,211
2023-05-11 10:49:01,c2311-P-2320,c2311-P-2320,27.5,0.0,0.0,0.0,23,27.0,28.0,33,21.5,24.5,28.5,24.0,225.0,58190.0,211
2023-05-11 10:49:05,c2311-P-2320,c2311-P-2320,27.5,0.0,0.0,0.0,13,27.0,28.0,33,21.5,24.5,28.5,24.0,225.0,58190.0,211
2023-05-11 10:49:08,c2311-P-2320,c2311-P-2320,27.5,0.0,0.0,0.0,23,27.0,28.0,33,21.5,24.5,28.5,24.0,225.0,58190.0,211
2023-05-11 10:49:13,c2311-P-2320,c2311-P-2320,27.5,0.0,0.0,0.0,13,27.0,28.0,33,21.5,24.5,28.5,24.0,225.0,58190.0,211
2023-05-11 10:49:20,c2311-P-2320,c2311-P-2320,27.5,0.0,0.0,0.0,33,27.0,28.0,23,21.5,24.5,28.5,24.0,225.0,58190.0,211
2023-05-11 10:49:21,c2311-P-2320,c2311-P-2320,27.5,0.0,0.0,0.0,23,27.0,28.0,23,21.5,24.5,28.5,24.0,225.0,58190.0,211
2023-05-11 10:49:23,c2311-P-2320,c2311-P-2320,27.5,0.0,0.0,0.0,23,27.0,28.0,33,21.5,24.5,28.5,24.0,225.0,58190.0,211
2023-05-11 10:49:40,c2311-P-2320,c2311-P-2320,27.5,0.0,0.0,0.0,23,27.0,28.0,23,21.5,24.5,28.5,24.0,225.0,58190.0,211
2023-05-11 10:49:41,c2311-P-2320,c2311-P-2320,27.5,0.0,0.0,0.0,23,27.0,28.0,33,21.5,24.5,28.5,24.0,225.0,58190.0,211
2023-05-11 10:49:42,c2311-P-2320,c2311-P-2320,27.5,0.0,0.0,0.0,23,27.0,28.0,23,21.5,24.5,28.5,24.0,225.0,58190.0,211
2023-05-11 10:49:42,c2311-P-2320,c2311-P-2320,27.5,0.0,0.0,0.0,23,27.0,28.0,33,21.5,24.5,28.5,24.0,225.0,58190.0,211
2023-05-11 10:49:44,c2311-P-2320,c2311-P-2320,27.5,0.0,0.0,0.0,23,27.0,28.0,23,21.5,24.5,28.5,24.0,225.0,58190.0,211
2023-05-11 10:49:48,c2311-P-2320,c2311-P-2320,27.5,0.0,0.0,0.0,23,27.0,28.0,33,21.5,24.5,28.5,24.0,225.0,58190.0,211
2023-05-11 10:50:03,c2311-P-2320,c2311-P-2320,27.5,0.0,0.0,0.0,23,27.0,28.0,23,21.5,24.5,28.5,24.0,225.0,58190.0,211
2023-05-11 10:50:11,c2311-P-2320,c2311-P-2320,27.5,0.0,0.0,0.0,33,27.0,28.0,23,21.5,24.5,28.5,24.0,225.0,58190.0,211
2023-05-11 10:51:43,c2311-P-2320,c2311-P-2320,27.5,0.0,0.0,0.0,23,27.0,28.0,23,21.5,24.5,28.5,24.0,225.0,58190.0,211
2023-05-11 10:51:44,c2311-P-2320,c2311-P-2320,27.5,0.0,0.0,0.0,23,27.0,28.0,33,21.5,24.5,28.5,24.0,225.0,58190.0,211
2023-05-11 10:52:39,c2311-P-2320,c2311-P-2320,27.5,0.0,0.0,0.0,23,27.0,28.0,23,21.5,24.5,28.5,24.0,225.0,58190.0,211
2023-05-11 10:53:04,c2311-P-2320,c2311-P-2320,27.5,0.0,0.0,0.0,10,27.5,28.0,13,21.5,24.5,28.5,24.0,225.0,58190.0,211
2023-05-11 10:53:06,c2311-P-2320,c2311-P-2320,27.5,0.0,0.0,0.0,23,27.0,28.0,13,21.5,24.5,28.5,24.0,225.0,58190.0,211
2023-05-11 10:53:06,c2311-P-2320,c2311-P-2320,27.5,0.0,0.0,0.0,23,27.0,28.0,23,21.5,24.5,28.5,24.0,225.0,58190.0,211
2023-05-11 10:53:09,c2311-P-2320,c2311-P-2320,27.5,0.0,0.0,0.0,23,27.0,28.0,13,21.5,24.5,28.5,24.0,225.0,58190.0,211
2023-05-11 10:53:12,c2311-P-2320,c2311-P-2320,27.5,0.0,0.0,0.0,33,27.0,28.0,13,21.5,24.5,28.5,24.0,225.0,58190.0,211
2023-05-11 10:53:13,c2311-P-2320,c2311-P-2320,27.5,0.0,0.0,0.0,10,27.5,28.0,13,21.5,24.5,28.5,24.0,225.0,58190.0,211
2023-05-11 10:53:41,c2311-P-2320,c2311-P-2320,27.5,0.0,0.0,0.0,33,27.0,28.0,13,21.5,24.5,28.5,24.0,225.0,58190.0,211
2023-05-11 10:53:53,c2311-P-2320,c2311-P-2320,27.5,0.0,0.0,0.0,33,27.0,28.0,23,21.5,24.5,28.5,24.0,225.0,58190.0,211
2023-05-11 10:53:59,c2311-P-2320,c2311-P-2320,27.5,0.0,0.0,0.0,23,27.0,28.0,23,21.5,24.5,28.5,24.0,225.0,58190.0,211
2023-05-11 10:54:00,c2311-P-2320,c2311-P-2320,27.5,0.0,0.0,0.0,23,27.0,28.0,33,21.5,24.5,28.5,24.0,225.0,58190.0,211
2023-05-11 10:54:11,c2311-P-2320,c2311-P-2320,27.5,0.0,0.0,0.0,23,27.0,28.0,23,21.5,24.5,28.5,24.0,225.0,58190.0,211
2023-05-11 10:54:14,c2311-P-2320,c2311-P-2320,27.5,0.0,0.0,0.0,33,27.0,28.0,23,21.5,24.5,28.5,24.0,225.0,58190.0,211
2023-05-11 10:55:40,c2311-P-2320,c2311-P-2320,27.5,0.0,0.0,0.0,23,27.0,28.0,33,21.5,24.5,28.5,24.0,225.0,58190.0,211
2023-05-11 10:55:46,c2311-P-2320,c2311-P-2320,27.5,0.0,0.0,0.0,33,27.0,28.0,23,21.5,24.5,28.5,24.0,225.0,58190.0,211
2023-05-11 10:56:12,c2311-P-2320,c2311-P-2320,27.5,0.0,0.0,0.0,33,27.0,28.0,13,21.5,24.5,28.5,24.0,225.0,58190.0,211
2023-05-11 10:56:18,c2311-P-2320,c2311-P-2320,27.5,0.0,0.0,0.0,10,27.5,28.0,13,21.5,24.5,28.5,24.0,225.0,58190.0,211
2023-05-11 10:56:24,c2311-P-2320,c2311-P-2320,27.5,0.0,0.0,0.0,33,27.0,28.0,13,21.5,24.5,28.5,24.0,225.0,58190.0,211
2023-05-11 10:56:55,c2311-P-2320,c2311-P-2320,27.5,0.0,0.0,0.0,33,27.0,28.0,23,21.5,24.5,28.5,24.0,225.0,58190.0,211
2023-05-11 10:57:47,c2311-P-2320,c2311-P-2320,27.5,0.0,0.0,0.0,23,27.0,28.0,33,21.5,24.5,28.5,24.0,225.0,58190.0,211
2023-05-11 10:59:31,c2311-P-2320,c2311-P-2320,27.5,0.0,0.0,0.0,23,27.0,28.0,23,21.5,24.5,28.5,24.0,225.0,58190.0,211
2023-05-11 11:00:03,c2311-P-2320,c2311-P-2320,27.5,0.0,0.0,0.0,33,27.0,28.0,23,21.5,24.5,28.5,24.0,225.0,58190.0,211
2023-05-11 11:00:04,c2311-P-2320,c2311-P-2320,27.5,0.0,0.0,0.0,23,27.0,28.0,23,21.5,24.5,28.5,24.0,225.0,58190.0,211
2023-05-11 11:00:06,c2311-P-2320,c2311-P-2320,27.5,0.0,0.0,0.0,33,27.0,28.0,13,21.5,24.5,28.5,24.0,225.0,58190.0,211
2023-05-11 11:00:18,c2311-P-2320,c2311-P-2320,27.5,0.0,0.0,0.0,10,27.5,28.0,13,21.5,24.5,28.5,24.0,225.0,58190.0,211
2023-05-11 11:00:28,c2311-P-2320,c2311-P-2320,27.5,0.0,0.0,0.0,33,27.0,28.0,13,21.5,24.5,28.5,24.0,225.0,58190.0,211
2023-05-11 11:01:02,c2311-P-2320,c2311-P-2320,27.5,0.0,0.0,0.0,33,27.0,28.0,23,21.5,24.5,28.5,24.0,225.0,58190.0,211
2023-05-11 11:01:24,c2311-P-2320,c2311-P-2320,27.5,0.0,0.0,0.0,33,27.0,28.0,13,21.5,24.5,28.5,24.0,225.0,58190.0,211
2023-05-11 11:01:26,c2311-P-2320,c2311-P-2320,27.5,0.0,0.0,0.0,33,27.0,28.0,23,21.5,24.5,28.5,24.0,225.0,58190.0,211
2023-05-11 11:03:46,c2311-P-2320,c2311-P-2320,27.5,0.0,0.0,0.0,23,27.0,28.0,33,21.5,24.5,28.5,24.0,225.0,58190.0,211
2023-05-11 11:03:47,c2311-P-2320,c2311-P-2320,27.5,0.0,0.0,0.0,23,27.0,28.0,23,21.5,24.5,28.5,24.0,225.0,58190.0,211
2023-05-11 11:03:56,c2311-P-2320,c2311-P-2320,27.5,0.0,0.0,0.0,33,27.0,28.0,23,21.5,24.5,28.5,24.0,225.0,58190.0,211
2023-05-11 11:04:19,c2311-P-2320,c2311-P-2320,27.5,0.0,0.0,0.0,23,27.0,28.0,23,21.5,24.5,28.5,24.0,225.0,58190.0,211
2023-05-11 11:04:19,c2311-P-2320,c2311-P-2320,27.5,0.0,0.0,0.0,23,27.0,28.0,33,21.5,24.5,28.5,24.0,225.0,58190.0,211
2023-05-11 11:04:43,c2311-P-2320,c2311-P-2320,27.5,0.0,0.0,0.0,13,27.0,28.0,33,21.5,24.5,28.5,24.0,225.0,58190.0,211
2023-05-11 11:05:02,c2311-P-2320,c2311-P-2320,27.5,0.0,0.0,0.0,10,27.0,28.0,33,21.5,24.5,28.5,24.0,225.0,58190.0,211
2023-05-11 11:05:20,c2311-P-2320,c2311-P-2320,27.5,0.0,0.0,0.0,20,27.0,28.0,33,21.5,24.5,28.5,24.0,225.0,58190.0,211
2023-05-11 11:06:06,c2311-P-2320,c2311-P-2320,27.5,0.0,0.0,0.0,20,27.0,28.0,23,21.5,24.5,28.5,24.0,225.0,58190.0,211
2023-05-11 11:06:35,c2311-P-2320,c2311-P-2320,27.5,0.0,0.0,0.0,10,27.0,28.0,24,21.5,24.5,28.5,24.0,225.0,58190.0,211
2023-05-11 11:06:36,c2311-P-2320,c2311-P-2320,27.5,0.0,0.0,0.0,10,27.0,28.0,34,21.5,24.5,28.5,24.0,225.0,58190.0,211
2023-05-11 11:07:15,c2311-P-2320,c2311-P-2320,28.0,10.0,2800.0,7.0,10,27.0,27.5,28,21.5,24.5,28.5,24.0,235.0,60990.0,218
2023-05-11 11:07:15,c2311-P-2320,c2311-P-2320,28.0,0.0,0.0,0.0,10,27.0,27.5,38,21.5,24.5,28.5,24.0,235.0,60990.0,218
2023-05-11 11:07:37,c2311-P-2320,c2311-P-2320,28.0,0.0,0.0,0.0,34,26.5,27.5,38,21.5,24.5,28.5,24.0,235.0,60990.0,218
2023-05-11 11:07:38,c2311-P-2320,c2311-P-2320,28.0,0.0,0.0,0.0,10,27.0,27.5,38,21.5,24.5,28.5,24.0,235.0,60990.0,218
2023-05-11 11:07:40,c2311-P-2320,c2311-P-2320,28.0,0.0,0.0,0.0,34,26.5,27.5,38,21.5,24.5,28.5,24.0,235.0,60990.0,218
2023-05-11 11:07:46,c2311-P-2320,c2311-P-2320,28.0,0.0,0.0,0.0,34,26.5,27.5,48,21.5,24.5,28.5,24.0,235.0,60990.0,218
2023-05-11 11:07:46,c2311-P-2320,c2311-P-2320,28.0,0.0,0.0,0.0,24,26.5,27.5,48,21.5,24.5,28.5,24.0,235.0,60990.0,218
2023-05-11 11:07:47,c2311-P-2320,c2311-P-2320,28.0,0.0,0.0,0.0,34,26.5,27.5,48,21.5,24.5,28.5,24.0,235.0,60990.0,218
2023-05-11 11:07:48,c2311-P-2320,c2311-P-2320,28.0,0.0,0.0,0.0,24,26.5,27.5,48,21.5,24.5,28.5,24.0,235.0,60990.0,218
2023-05-11 11:07:49,c2311-P-2320,c2311-P-2320,28.0,0.0,0.0,0.0,34,26.5,27.5,48,21.5,24.5,28.5,24.0,235.0,60990.0,218
2023-05-11 11:07:52,c2311-P-2320,c2311-P-2320,28.0,0.0,0.0,0.0,24,26.5,27.5,58,21.5,24.5,28.5,24.0,235.0,60990.0,218
2023-05-11 11:07:55,c2311-P-2320,c2311-P-2320,28.0,0.0,0.0,0.0,14,26.5,27.5,58,21.5,24.5,28.5,24.0,235.0,60990.0,218
2023-05-11 11:07:58,c2311-P-2320,c2311-P-2320,28.0,0.0,0.0,0.0,24,26.5,27.5,58,21.5,24.5,28.5,24.0,235.0,60990.0,218
2023-05-11 11:07:58,c2311-P-2320,c2311-P-2320,28.0,0.0,0.0,0.0,14,26.5,27.5,58,21.5,24.5,28.5,24.0,235.0,60990.0,218
2023-05-11 11:08:26,c2311-P-2320,c2311-P-2320,28.0,0.0,0.0,0.0,24,26.5,27.5,48,21.5,24.5,28.5,24.0,235.0,60990.0,218
2023-05-11 11:08:27,c2311-P-2320,c2311-P-2320,28.0,0.0,0.0,0.0,34,26.5,27.5,38,21.5,24.5,28.5,24.0,235.0,60990.0,218
2023-05-11 11:08:35,c2311-P-2320,c2311-P-2320,28.0,0.0,0.0,0.0,34,26.5,27.5,48,21.5,24.5,28.5,24.0,235.0,60990.0,218
2023-05-11 11:08:39,c2311-P-2320,c2311-P-2320,28.0,0.0,0.0,0.0,24,26.5,27.5,48,21.5,24.5,28.5,24.0,235.0,60990.0,218
2023-05-11 11:08:42,c2311-P-2320,c2311-P-2320,28.0,0.0,0.0,0.0,34,26.5,27.5,48,21.5,24.5,28.5,24.0,235.0,60990.0,218
2023-05-11 11:08:42,c2311-P-2320,c2311-P-2320,28.0,0.0,0.0,0.0,34,26.5,27.5,38,21.5,24.5,28.5,24.0,235.0,60990.0,218
2023-05-11 11:08:58,c2311-P-2320,c2311-P-2320,28.0,0.0,0.0,0.0,34,26.5,27.5,48,21.5,24.5,28.5,24.0,235.0,60990.0,218
2023-05-11 11:09:12,c2311-P-2320,c2311-P-2320,28.0,0.0,0.0,0.0,24,26.5,27.5,48,21.5,24.5,28.5,24.0,235.0,60990.0,218
2023-05-11 11:09:15,c2311-P-2320,c2311-P-2320,28.0,0.0,0.0,0.0,24,26.5,27.5,58,21.5,24.5,28.5,24.0,235.0,60990.0,218
2023-05-11 11:10:06,c2311-P-2320,c2311-P-2320,28.0,0.0,0.0,0.0,23,26.5,27.5,58,21.5,24.5,28.5,24.0,235.0,60990.0,218
2023-05-11 11:10:35,c2311-P-2320,c2311-P-2320,28.0,0.0,0.0,0.0,23,26.5,27.5,48,21.5,24.5,28.5,24.0,235.0,60990.0,218
2023-05-11 11:10:38,c2311-P-2320,c2311-P-2320,28.0,0.0,0.0,0.0,23,26.5,27.5,58,21.5,24.5,28.5,24.0,235.0,60990.0,218
2023-05-11 11:11:16,c2311-P-2320,c2311-P-2320,28.0,0.0,0.0,0.0,23,26.5,27.5,48,21.5,24.5,28.5,24.0,235.0,60990.0,218
2023-05-11 11:11:31,c2311-P-2320,c2311-P-2320,28.0,0.0,0.0,0.0,33,26.5,27.5,48,21.5,24.5,28.5,24.0,235.0,60990.0,218
2023-05-11 11:11:41,c2311-P-2320,c2311-P-2320,28.0,0.0,0.0,0.0,23,26.5,27.5,48,21.5,24.5,28.5,24.0,235.0,60990.0,218
2023-05-11 11:11:43,c2311-P-2320,c2311-P-2320,28.0,0.0,0.0,0.0,33,26.5,27.5,48,21.5,24.5,28.5,24.0,235.0,60990.0,218
2023-05-11 11:11:43,c2311-P-2320,c2311-P-2320,28.0,0.0,0.0,0.0,23,26.5,27.5,48,21.5,24.5,28.5,24.0,235.0,60990.0,218
2023-05-11 11:11:50,c2311-P-2320,c2311-P-2320,28.0,0.0,0.0,0.0,33,26.5,27.5,48,21.5,24.5,28.5,24.0,235.0,60990.0,218
2023-05-11 11:13:00,c2311-P-2320,c2311-P-2320,28.0,0.0,0.0,0.0,23,26.5,27.5,58,21.5,24.5,28.5,24.0,235.0,60990.0,218
2023-05-11 11:13:05,c2311-P-2320,c2311-P-2320,28.0,0.0,0.0,0.0,20,26.5,27.5,58,21.5,24.5,28.5,24.0,235.0,60990.0,218
2023-05-11 11:13:05,c2311-P-2320,c2311-P-2320,28.0,0.0,0.0,0.0,10,26.5,27.5,58,21.5,24.5,28.5,24.0,235.0,60990.0,218
2023-05-11 11:13:10,c2311-P-2320,c2311-P-2320,28.0,0.0,0.0,0.0,30,26.0,27.5,58,21.5,24.5,28.5,24.0,235.0,60990.0,218
2023-05-11 11:13:15,c2311-P-2320,c2311-P-2320,28.0,0.0,0.0,0.0,30,26.0,27.5,59,21.5,24.5,28.5,24.0,235.0,60990.0,218
2023-05-11 11:13:15,c2311-P-2320,c2311-P-2320,28.0,0.0,0.0,0.0,20,26.0,27.5,49,21.5,24.5,28.5,24.0,235.0,60990.0,218
2023-05-11 11:13:15,c2311-P-2320,c2311-P-2320,28.0,0.0,0.0,0.0,10,26.0,27.5,49,21.5,24.5,28.5,24.0,235.0,60990.0,218
2023-05-11 11:13:16,c2311-P-2320,c2311-P-2320,28.0,0.0,0.0,0.0,10,26.0,27.0,10,21.5,24.5,28.5,24.0,235.0,60990.0,218
2023-05-11 11:13:17,c2311-P-2320,c2311-P-2320,28.0,0.0,0.0,0.0,10,26.0,27.0,20,21.5,24.5,28.5,24.0,235.0,60990.0,218
2023-05-11 11:13:18,c2311-P-2320,c2311-P-2320,28.0,0.0,0.0,0.0,10,26.0,27.0,30,21.5,24.5,28.5,24.0,235.0,60990.0,218
2023-05-11 11:13:26,c2311-P-2320,c2311-P-2320,28.0,0.0,0.0,0.0,20,26.0,27.0,30,21.5,24.5,28.5,24.0,235.0,60990.0,218
2023-05-11 11:13:30,c2311-P-2320,c2311-P-2320,28.0,0.0,0.0,0.0,20,26.0,27.0,20,21.5,24.5,28.5,24.0,235.0,60990.0,218
2023-05-11 11:13:31,c2311-P-2320,c2311-P-2320,28.0,0.0,0.0,0.0,30,26.0,27.0,20,21.5,24.5,28.5,24.0,235.0,60990.0,218
2023-05-11 11:13:32,c2311-P-2320,c2311-P-2320,28.0,0.0,0.0,0.0,30,26.0,27.0,10,21.5,24.5,28.5,24.0,235.0,60990.0,218
2023-05-11 11:14:07,c2311-P-2320,c2311-P-2320,28.0,0.0,0.0,0.0,30,26.0,27.0,20,21.5,24.5,28.5,24.0,235.0,60990.0,218
2023-05-11 11:14:07,c2311-P-2320,c2311-P-2320,28.0,0.0,0.0,0.0,20,26.0,27.0,20,21.5,24.5,28.5,24.0,235.0,60990.0,218
2023-05-11 11:14:08,c2311-P-2320,c2311-P-2320,28.0,0.0,0.0,0.0,20,26.0,27.0,30,21.5,24.5,28.5,24.0,235.0,60990.0,218
2023-05-11 11:14:12,c2311-P-2320,c2311-P-2320,28.0,0.0,0.0,0.0,10,26.0,27.0,30,21.5,24.5,28.5,24.0,235.0,60990.0,218
2023-05-11 11:14:24,c2311-P-2320,c2311-P-2320,28.0,0.0,0.0,0.0,31,25.5,26.5,10,21.5,24.5,28.5,24.0,235.0,60990.0,218
2023-05-11 11:14:25,c2311-P-2320,c2311-P-2320,28.0,0.0,0.0,0.0,10,26.0,26.5,10,21.5,24.5,28.5,24.0,235.0,60990.0,218
2023-05-11 11:14:30,c2311-P-2320,c2311-P-2320,28.0,0.0,0.0,0.0,31,25.5,26.5,10,21.5,24.5,28.5,24.0,235.0,60990.0,218
2023-05-11 11:14:36,c2311-P-2320,c2311-P-2320,28.0,0.0,0.0,0.0,10,26.0,26.5,10,21.5,24.5,28.5,24.0,235.0,60990.0,218
2023-05-11 11:14:38,c2311-P-2320,c2311-P-2320,28.0,0.0,0.0,0.0,31,25.5,26.5,10,21.5,24.5,28.5,24.0,235.0,60990.0,218
2023-05-11 11:14:44,c2311-P-2320,c2311-P-2320,28.0,0.0,0.0,0.0,10,26.0,26.5,10,21.5,24.5,28.5,24.0,235.0,60990.0,218
2023-05-11 11:14:45,c2311-P-2320,c2311-P-2320,28.0,0.0,0.0,0.0,31,25.5,26.5,10,21.5,24.5,28.5,24.0,235.0,60990.0,218
2023-05-11 11:14:46,c2311-P-2320,c2311-P-2320,28.0,0.0,0.0,0.0,10,26.0,26.5,10,21.5,24.5,28.5,24.0,235.0,60990.0,218
2023-05-11 11:14:47,c2311-P-2320,c2311-P-2320,28.0,0.0,0.0,0.0,31,25.5,26.5,10,21.5,24.5,28.5,24.0,235.0,60990.0,218
2023-05-11 11:14:48,c2311-P-2320,c2311-P-2320,26.0,10.0,2600.0,0.0,14,25.5,26.5,3,21.5,24.5,28.5,24.0,245.0,63590.0,218
2023-05-11 11:14:50,c2311-P-2320,c2311-P-2320,26.0,0.0,0.0,0.0,14,25.5,26.5,23,21.5,24.5,28.5,24.0,245.0,63590.0,218
2023-05-11 11:14:52,c2311-P-2320,c2311-P-2320,26.0,0.0,0.0,0.0,4,25.5,26.5,23,21.5,24.5,28.5,24.0,245.0,63590.0,218
2023-05-11 11:14:53,c2311-P-2320,c2311-P-2320,26.0,0.0,0.0,0.0,4,25.5,26.5,33,21.5,24.5,28.5,24.0,245.0,63590.0,218
2023-05-11 11:15:01,c2311-P-2320,c2311-P-2320,26.0,0.0,0.0,0.0,3,25.5,26.5,33,21.5,24.5,28.5,24.0,245.0,63590.0,218
2023-05-11 11:15:20,c2311-P-2320,c2311-P-2320,26.0,0.0,0.0,0.0,13,25.5,26.5,33,21.5,24.5,28.5,24.0,245.0,63590.0,218
2023-05-11 11:15:22,c2311-P-2320,c2311-P-2320,26.0,0.0,0.0,0.0,23,25.5,26.5,13,21.5,24.5,28.5,24.0,245.0,63590.0,218
2023-05-11 11:15:23,c2311-P-2320,c2311-P-2320,26.0,0.0,0.0,0.0,23,25.5,26.5,23,21.5,24.5,28.5,24.0,245.0,63590.0,218
2023-05-11 11:15:24,c2311-P-2320,c2311-P-2320,26.0,0.0,0.0,0.0,13,25.5,26.5,23,21.5,24.5,28.5,24.0,245.0,63590.0,218
2023-05-11 11:15:32,c2311-P-2320,c2311-P-2320,26.0,0.0,0.0,0.0,23,25.5,26.5,23,21.5,24.5,28.5,24.0,245.0,63590.0,218
2023-05-11 11:15:33,c2311-P-2320,c2311-P-2320,26.0,0.0,0.0,0.0,13,25.5,26.5,23,21.5,24.5,28.5,24.0,245.0,63590.0,218
2023-05-11 11:15:35,c2311-P-2320,c2311-P-2320,26.0,0.0,0.0,0.0,13,25.5,26.5,33,21.5,24.5,28.5,24.0,245.0,63590.0,218
