time,symbol_id,symbol_name,last,trade_volume,trade_amount,open_interest_change,bv1,bp1,ap1,av1,yesterday_close,today_open,today_high,today_low,volume,amount,open_interest
2023-05-10 20:55:34,c2311-C-2680,c2311-C-2680,22.5,0.0,0.0,0.0,1,0.5,0.0,0,22.5,19.0,0.0,0.0,0.0,0.0,190
2023-05-10 21:00:00,c2311-C-2680,c2311-C-2680,22.5,0.0,0.0,0.0,1,13.0,0.0,0,22.5,19.0,0.0,0.0,0.0,0.0,190
2023-05-10 21:00:09,c2311-C-2680,c2311-C-2680,22.5,0.0,0.0,0.0,1,13.0,72.0,10,22.5,19.0,0.0,0.0,0.0,0.0,190
2023-05-10 21:00:10,c2311-C-2680,c2311-C-2680,22.5,0.0,0.0,0.0,1,13.0,59.5,1,22.5,19.0,0.0,0.0,0.0,0.0,190
2023-05-10 21:00:10,c2311-C-2680,c2311-C-2680,22.5,0.0,0.0,0.0,1,13.0,59.0,10,22.5,19.0,0.0,0.0,0.0,0.0,190
2023-05-10 21:00:11,c2311-C-2680,c2311-C-2680,22.5,0.0,0.0,0.0,1,13.0,46.5,1,22.5,19.0,0.0,0.0,0.0,0.0,190
2023-05-10 21:00:11,c2311-C-2680,c2311-C-2680,22.5,0.0,0.0,0.0,1,13.0,46.0,10,22.5,19.0,0.0,0.0,0.0,0.0,190
2023-05-10 21:00:12,c2311-C-2680,c2311-C-2680,22.5,0.0,0.0,0.0,1,13.0,33.5,1,22.5,19.0,0.0,0.0,0.0,0.0,190
2023-05-10 21:00:12,c2311-C-2680,c2311-C-2680,22.5,0.0,0.0,0.0,1,13.0,26.5,1,22.5,19.0,0.0,0.0,0.0,0.0,190
2023-05-10 21:00:26,c2311-C-2680,c2311-C-2680,22.5,0.0,0.0,0.0,10,13.5,26.5,1,22.5,19.0,0.0,0.0,0.0,0.0,190
2023-05-10 21:00:27,c2311-C-2680,c2311-C-2680,22.5,0.0,0.0,0.0,1,18.5,26.5,1,22.5,19.0,0.0,0.0,0.0,0.0,190
2023-05-10 21:00:32,c2311-C-2680,c2311-C-2680,22.5,0.0,0.0,0.0,10,13.5,26.5,1,22.5,19.0,0.0,0.0,0.0,0.0,190
2023-05-10 21:00:33,c2311-C-2680,c2311-C-2680,22.5,0.0,0.0,0.0,1,18.0,26.5,1,22.5,19.0,0.0,0.0,0.0,0.0,190
2023-05-10 21:00:40,c2311-C-2680,c2311-C-2680,22.5,0.0,0.0,0.0,10,13.5,26.5,1,22.5,19.0,0.0,0.0,0.0,0.0,190
2023-05-10 21:00:40,c2311-C-2680,c2311-C-2680,22.5,0.0,0.0,0.0,1,18.0,26.5,1,22.5,19.0,0.0,0.0,0.0,0.0,190
2023-05-10 21:00:46,c2311-C-2680,c2311-C-2680,22.5,0.0,0.0,0.0,10,1.0,26.5,1,22.5,19.0,0.0,0.0,0.0,0.0,190
2023-05-10 21:00:47,c2311-C-2680,c2311-C-2680,22.5,0.0,0.0,0.0,1,13.5,26.5,1,22.5,19.0,0.0,0.0,0.0,0.0,190
2023-05-10 21:00:47,c2311-C-2680,c2311-C-2680,22.5,0.0,0.0,0.0,10,14.0,26.5,1,22.5,19.0,0.0,0.0,0.0,0.0,190
2023-05-10 21:00:48,c2311-C-2680,c2311-C-2680,22.5,0.0,0.0,0.0,1,18.0,26.5,1,22.5,19.0,0.0,0.0,0.0,0.0,190
2023-05-10 21:00:54,c2311-C-2680,c2311-C-2680,22.5,0.0,0.0,0.0,1,13.0,26.5,1,22.5,19.0,0.0,0.0,0.0,0.0,190
2023-05-10 21:00:54,c2311-C-2680,c2311-C-2680,22.5,0.0,0.0,0.0,1,18.0,26.5,1,22.5,19.0,0.0,0.0,0.0,0.0,190
2023-05-10 21:01:00,c2311-C-2680,c2311-C-2680,22.5,0.0,0.0,0.0,10,13.5,26.5,1,22.5,19.0,0.0,0.0,0.0,0.0,190
2023-05-10 21:01:01,c2311-C-2680,c2311-C-2680,22.5,0.0,0.0,0.0,1,18.0,26.5,1,22.5,19.0,0.0,0.0,0.0,0.0,190
2023-05-10 21:03:40,c2311-C-2680,c2311-C-2680,22.5,0.0,0.0,0.0,11,18.0,24.5,1,22.5,19.0,0.0,0.0,0.0,0.0,190
2023-05-10 21:03:41,c2311-C-2680,c2311-C-2680,22.5,0.0,0.0,0.0,11,18.0,24.5,11,22.5,19.0,0.0,0.0,0.0,0.0,190
2023-05-10 21:06:24,c2311-C-2680,c2311-C-2680,22.5,0.0,0.0,0.0,10,19.5,22.5,10,22.5,19.0,0.0,0.0,0.0,0.0,190
2023-05-10 21:06:24,c2311-C-2680,c2311-C-2680,22.5,0.0,0.0,0.0,40,19.5,22.5,40,22.5,19.0,0.0,0.0,0.0,0.0,190
2023-05-10 21:07:05,c2311-C-2680,c2311-C-2680,22.5,0.0,0.0,0.0,30,19.5,22.0,10,22.5,19.0,0.0,0.0,0.0,0.0,190
2023-05-10 21:07:05,c2311-C-2680,c2311-C-2680,22.5,0.0,0.0,0.0,30,19.5,22.0,40,22.5,19.0,0.0,0.0,0.0,0.0,190
2023-05-10 21:07:10,c2311-C-2680,c2311-C-2680,22.5,0.0,0.0,0.0,40,19.5,21.5,40,22.5,19.0,0.0,0.0,0.0,0.0,190
2023-05-10 21:07:14,c2311-C-2680,c2311-C-2680,22.5,0.0,0.0,0.0,30,19.5,21.5,40,22.5,19.0,0.0,0.0,0.0,0.0,190
2023-05-10 21:07:20,c2311-C-2680,c2311-C-2680,22.5,0.0,0.0,0.0,30,19.5,21.0,40,22.5,19.0,0.0,0.0,0.0,0.0,190
2023-05-10 21:07:29,c2311-C-2680,c2311-C-2680,22.5,0.0,0.0,0.0,30,19.5,21.0,50,22.5,19.0,0.0,0.0,0.0,0.0,190
2023-05-10 21:07:29,c2311-C-2680,c2311-C-2680,22.5,0.0,0.0,0.0,30,19.5,21.0,40,22.5,19.0,0.0,0.0,0.0,0.0,190
2023-05-10 21:07:30,c2311-C-2680,c2311-C-2680,22.5,0.0,0.0,0.0,30,19.5,21.0,50,22.5,19.0,0.0,0.0,0.0,0.0,190
2023-05-10 21:07:30,c2311-C-2680,c2311-C-2680,22.5,0.0,0.0,0.0,30,19.5,21.0,40,22.5,19.0,0.0,0.0,0.0,0.0,190
2023-05-10 21:08:08,c2311-C-2680,c2311-C-2680,22.5,0.0,0.0,0.0,40,19.5,21.0,30,22.5,19.0,0.0,0.0,0.0,0.0,190
2023-05-10 21:08:14,c2311-C-2680,c2311-C-2680,22.5,0.0,0.0,0.0,40,19.5,21.0,40,22.5,19.0,0.0,0.0,0.0,0.0,190
2023-05-10 21:08:52,c2311-C-2680,c2311-C-2680,22.5,0.0,0.0,0.0,40,19.5,21.0,30,22.5,19.0,0.0,0.0,0.0,0.0,190
2023-05-10 21:08:58,c2311-C-2680,c2311-C-2680,22.5,0.0,0.0,0.0,30,19.5,21.0,30,22.5,19.0,0.0,0.0,0.0,0.0,190
2023-05-10 21:08:58,c2311-C-2680,c2311-C-2680,22.5,0.0,0.0,0.0,40,19.5,21.0,40,22.5,19.0,0.0,0.0,0.0,0.0,190
2023-05-10 21:09:16,c2311-C-2680,c2311-C-2680,22.5,0.0,0.0,0.0,30,19.5,21.0,40,22.5,19.0,0.0,0.0,0.0,0.0,190
2023-05-10 21:10:11,c2311-C-2680,c2311-C-2680,22.5,0.0,0.0,0.0,40,19.5,21.0,30,22.5,19.0,0.0,0.0,0.0,0.0,190
2023-05-10 21:10:14,c2311-C-2680,c2311-C-2680,22.5,0.0,0.0,0.0,40,19.5,21.0,40,22.5,19.0,0.0,0.0,0.0,0.0,190
2023-05-10 21:11:40,c2311-C-2680,c2311-C-2680,22.5,0.0,0.0,0.0,30,19.5,21.0,40,22.5,19.0,0.0,0.0,0.0,0.0,190
2023-05-10 21:11:48,c2311-C-2680,c2311-C-2680,22.5,0.0,0.0,0.0,40,19.5,21.0,40,22.5,19.0,0.0,0.0,0.0,0.0,190
2023-05-10 21:12:01,c2311-C-2680,c2311-C-2680,22.5,0.0,0.0,0.0,30,19.5,21.0,50,22.5,19.0,0.0,0.0,0.0,0.0,190
2023-05-10 21:12:02,c2311-C-2680,c2311-C-2680,22.5,0.0,0.0,0.0,30,19.5,21.0,40,22.5,19.0,0.0,0.0,0.0,0.0,190
2023-05-10 21:12:08,c2311-C-2680,c2311-C-2680,22.5,0.0,0.0,0.0,20,19.5,21.0,50,22.5,19.0,0.0,0.0,0.0,0.0,190
2023-05-10 21:12:20,c2311-C-2680,c2311-C-2680,22.5,0.0,0.0,0.0,20,19.5,21.0,40,22.5,19.0,0.0,0.0,0.0,0.0,190
2023-05-10 21:12:23,c2311-C-2680,c2311-C-2680,22.5,0.0,0.0,0.0,20,19.5,21.0,50,22.5,19.0,0.0,0.0,0.0,0.0,190
2023-05-10 21:12:23,c2311-C-2680,c2311-C-2680,22.5,0.0,0.0,0.0,20,19.5,21.0,40,22.5,19.0,0.0,0.0,0.0,0.0,190
2023-05-10 21:12:52,c2311-C-2680,c2311-C-2680,22.5,0.0,0.0,0.0,20,19.5,21.0,50,22.5,19.0,0.0,0.0,0.0,0.0,190
2023-05-10 21:12:56,c2311-C-2680,c2311-C-2680,22.5,0.0,0.0,0.0,30,19.5,21.0,50,22.5,19.0,0.0,0.0,0.0,0.0,190
2023-05-10 21:12:56,c2311-C-2680,c2311-C-2680,22.5,0.0,0.0,0.0,40,19.5,21.0,50,22.5,19.0,0.0,0.0,0.0,0.0,190
2023-05-10 21:13:14,c2311-C-2680,c2311-C-2680,22.5,0.0,0.0,0.0,20,19.5,21.0,50,22.5,19.0,0.0,0.0,0.0,0.0,190
2023-05-10 21:13:20,c2311-C-2680,c2311-C-2680,22.5,0.0,0.0,0.0,30,19.5,21.0,50,22.5,19.0,0.0,0.0,0.0,0.0,190
2023-05-10 21:13:20,c2311-C-2680,c2311-C-2680,22.5,0.0,0.0,0.0,20,19.5,21.0,50,22.5,19.0,0.0,0.0,0.0,0.0,190
2023-05-10 21:13:21,c2311-C-2680,c2311-C-2680,22.5,0.0,0.0,0.0,40,19.5,21.0,50,22.5,19.0,0.0,0.0,0.0,0.0,190
2023-05-10 21:13:22,c2311-C-2680,c2311-C-2680,22.5,0.0,0.0,0.0,30,19.5,21.0,50,22.5,19.0,0.0,0.0,0.0,0.0,190
2023-05-10 21:13:27,c2311-C-2680,c2311-C-2680,22.5,0.0,0.0,0.0,20,19.5,21.0,50,22.5,19.0,0.0,0.0,0.0,0.0,190
2023-05-10 21:13:31,c2311-C-2680,c2311-C-2680,22.5,0.0,0.0,0.0,20,19.5,21.0,60,22.5,19.0,0.0,0.0,0.0,0.0,190
2023-05-10 21:13:31,c2311-C-2680,c2311-C-2680,22.5,0.0,0.0,0.0,20,19.5,21.0,50,22.5,19.0,0.0,0.0,0.0,0.0,190
2023-05-10 21:13:39,c2311-C-2680,c2311-C-2680,22.5,0.0,0.0,0.0,30,19.5,21.0,50,22.5,19.0,0.0,0.0,0.0,0.0,190
2023-05-10 21:13:43,c2311-C-2680,c2311-C-2680,22.5,0.0,0.0,0.0,20,19.5,21.0,50,22.5,19.0,0.0,0.0,0.0,0.0,190
2023-05-10 21:13:44,c2311-C-2680,c2311-C-2680,22.5,0.0,0.0,0.0,30,19.5,21.0,50,22.5,19.0,0.0,0.0,0.0,0.0,190
2023-05-10 21:13:47,c2311-C-2680,c2311-C-2680,22.5,0.0,0.0,0.0,20,19.5,21.0,50,22.5,19.0,0.0,0.0,0.0,0.0,190
2023-05-10 21:13:50,c2311-C-2680,c2311-C-2680,22.5,0.0,0.0,0.0,40,19.5,21.0,50,22.5,19.0,0.0,0.0,0.0,0.0,190
2023-05-10 21:13:50,c2311-C-2680,c2311-C-2680,22.5,0.0,0.0,0.0,30,19.5,21.0,50,22.5,19.0,0.0,0.0,0.0,0.0,190
2023-05-10 21:13:57,c2311-C-2680,c2311-C-2680,22.5,0.0,0.0,0.0,30,19.5,21.0,60,22.5,19.0,0.0,0.0,0.0,0.0,190
2023-05-10 21:13:57,c2311-C-2680,c2311-C-2680,22.5,0.0,0.0,0.0,30,19.5,21.0,50,22.5,19.0,0.0,0.0,0.0,0.0,190
2023-05-10 21:13:58,c2311-C-2680,c2311-C-2680,22.5,0.0,0.0,0.0,30,19.5,21.0,60,22.5,19.0,0.0,0.0,0.0,0.0,190
2023-05-10 21:14:03,c2311-C-2680,c2311-C-2680,22.5,0.0,0.0,0.0,40,19.5,21.0,60,22.5,19.0,0.0,0.0,0.0,0.0,190
2023-05-10 21:14:07,c2311-C-2680,c2311-C-2680,22.5,0.0,0.0,0.0,30,19.5,21.0,60,22.5,19.0,0.0,0.0,0.0,0.0,190
2023-05-10 21:14:13,c2311-C-2680,c2311-C-2680,22.5,0.0,0.0,0.0,30,19.5,20.5,10,22.5,19.0,0.0,0.0,0.0,0.0,190
2023-05-10 21:14:13,c2311-C-2680,c2311-C-2680,22.5,0.0,0.0,0.0,30,19.5,20.5,30,22.5,19.0,0.0,0.0,0.0,0.0,190
2023-05-10 21:14:14,c2311-C-2680,c2311-C-2680,22.5,0.0,0.0,0.0,30,19.5,20.5,40,22.5,19.0,0.0,0.0,0.0,0.0,190
2023-05-10 21:14:20,c2311-C-2680,c2311-C-2680,22.5,0.0,0.0,0.0,30,19.5,20.5,30,22.5,19.0,0.0,0.0,0.0,0.0,190
2023-05-10 21:14:37,c2311-C-2680,c2311-C-2680,22.5,0.0,0.0,0.0,30,19.5,20.5,50,22.5,19.0,0.0,0.0,0.0,0.0,190
2023-05-10 21:14:38,c2311-C-2680,c2311-C-2680,22.5,0.0,0.0,0.0,30,19.5,20.5,40,22.5,19.0,0.0,0.0,0.0,0.0,190
2023-05-10 21:14:39,c2311-C-2680,c2311-C-2680,22.5,0.0,0.0,0.0,30,19.5,20.5,30,22.5,19.0,0.0,0.0,0.0,0.0,190
2023-05-10 21:15:23,c2311-C-2680,c2311-C-2680,22.5,0.0,0.0,0.0,40,19.5,20.5,20,22.5,19.0,0.0,0.0,0.0,0.0,190
2023-05-10 21:15:32,c2311-C-2680,c2311-C-2680,22.5,0.0,0.0,0.0,40,19.5,20.5,30,22.5,19.0,0.0,0.0,0.0,0.0,190
2023-05-10 21:15:34,c2311-C-2680,c2311-C-2680,22.5,0.0,0.0,0.0,30,19.5,20.5,30,22.5,19.0,0.0,0.0,0.0,0.0,190
2023-05-10 21:15:49,c2311-C-2680,c2311-C-2680,22.5,0.0,0.0,0.0,40,19.5,20.5,30,22.5,19.0,0.0,0.0,0.0,0.0,190
2023-05-10 21:15:57,c2311-C-2680,c2311-C-2680,22.5,0.0,0.0,0.0,40,19.5,20.5,20,22.5,19.0,0.0,0.0,0.0,0.0,190
2023-05-10 21:15:58,c2311-C-2680,c2311-C-2680,22.5,0.0,0.0,0.0,40,19.5,20.5,30,22.5,19.0,0.0,0.0,0.0,0.0,190
2023-05-10 21:16:17,c2311-C-2680,c2311-C-2680,22.5,0.0,0.0,0.0,30,19.5,20.5,30,22.5,19.0,0.0,0.0,0.0,0.0,190
2023-05-10 21:16:39,c2311-C-2680,c2311-C-2680,22.5,0.0,0.0,0.0,30,19.5,20.5,40,22.5,19.0,0.0,0.0,0.0,0.0,190
2023-05-10 21:16:39,c2311-C-2680,c2311-C-2680,22.5,0.0,0.0,0.0,20,19.5,20.5,50,22.5,19.0,0.0,0.0,0.0,0.0,190
2023-05-10 21:16:45,c2311-C-2680,c2311-C-2680,22.5,0.0,0.0,0.0,10,19.5,20.5,50,22.5,19.0,0.0,0.0,0.0,0.0,190
2023-05-10 21:16:45,c2311-C-2680,c2311-C-2680,22.5,0.0,0.0,0.0,30,19.0,20.5,60,22.5,19.0,0.0,0.0,0.0,0.0,190
2023-05-10 21:16:51,c2311-C-2680,c2311-C-2680,22.5,0.0,0.0,0.0,30,19.0,20.5,50,22.5,19.0,0.0,0.0,0.0,0.0,190
2023-05-10 21:16:52,c2311-C-2680,c2311-C-2680,22.5,0.0,0.0,0.0,30,19.0,20.5,60,22.5,19.0,0.0,0.0,0.0,0.0,190
2023-05-10 21:16:56,c2311-C-2680,c2311-C-2680,22.5,0.0,0.0,0.0,40,19.0,20.5,50,22.5,19.0,0.0,0.0,0.0,0.0,190
2023-05-10 21:17:04,c2311-C-2680,c2311-C-2680,22.5,0.0,0.0,0.0,40,19.0,20.5,40,22.5,19.0,0.0,0.0,0.0,0.0,190
2023-05-10 21:17:05,c2311-C-2680,c2311-C-2680,22.5,0.0,0.0,0.0,10,19.5,20.5,50,22.5,19.0,0.0,0.0,0.0,0.0,190
2023-05-10 21:17:05,c2311-C-2680,c2311-C-2680,22.5,0.0,0.0,0.0,30,19.5,20.5,40,22.5,19.0,0.0,0.0,0.0,0.0,190
2023-05-10 21:17:06,c2311-C-2680,c2311-C-2680,22.5,0.0,0.0,0.0,40,19.5,20.5,40,22.5,19.0,0.0,0.0,0.0,0.0,190
2023-05-10 21:17:12,c2311-C-2680,c2311-C-2680,22.5,0.0,0.0,0.0,50,19.5,20.5,40,22.5,19.0,0.0,0.0,0.0,0.0,190
2023-05-10 21:17:14,c2311-C-2680,c2311-C-2680,22.5,0.0,0.0,0.0,50,19.5,20.5,20,22.5,19.0,0.0,0.0,0.0,0.0,190
2023-05-10 21:17:18,c2311-C-2680,c2311-C-2680,22.5,0.0,0.0,0.0,50,19.5,20.5,10,22.5,19.0,0.0,0.0,0.0,0.0,190
2023-05-10 21:17:19,c2311-C-2680,c2311-C-2680,22.5,0.0,0.0,0.0,50,19.5,21.0,50,22.5,19.0,0.0,0.0,0.0,0.0,190
2023-05-10 21:17:20,c2311-C-2680,c2311-C-2680,22.5,0.0,0.0,0.0,10,20.0,21.0,40,22.5,19.0,0.0,0.0,0.0,0.0,190
2023-05-10 21:17:20,c2311-C-2680,c2311-C-2680,22.5,0.0,0.0,0.0,20,20.0,21.0,40,22.5,19.0,0.0,0.0,0.0,0.0,190
2023-05-10 21:17:20,c2311-C-2680,c2311-C-2680,22.5,0.0,0.0,0.0,30,20.0,21.0,40,22.5,19.0,0.0,0.0,0.0,0.0,190
2023-05-10 21:17:27,c2311-C-2680,c2311-C-2680,22.5,0.0,0.0,0.0,30,20.0,21.0,50,22.5,19.0,0.0,0.0,0.0,0.0,190
2023-05-10 21:17:28,c2311-C-2680,c2311-C-2680,22.5,0.0,0.0,0.0,30,20.0,21.0,40,22.5,19.0,0.0,0.0,0.0,0.0,190
2023-05-10 21:17:37,c2311-C-2680,c2311-C-2680,22.5,0.0,0.0,0.0,30,20.0,21.0,50,22.5,19.0,0.0,0.0,0.0,0.0,190
2023-05-10 21:17:38,c2311-C-2680,c2311-C-2680,22.5,0.0,0.0,0.0,30,20.0,21.0,40,22.5,19.0,0.0,0.0,0.0,0.0,190
2023-05-10 21:17:39,c2311-C-2680,c2311-C-2680,22.5,0.0,0.0,0.0,30,20.0,21.0,50,22.5,19.0,0.0,0.0,0.0,0.0,190
2023-05-10 21:17:41,c2311-C-2680,c2311-C-2680,22.5,0.0,0.0,0.0,10,20.0,21.0,50,22.5,19.0,0.0,0.0,0.0,0.0,190
2023-05-10 21:17:41,c2311-C-2680,c2311-C-2680,22.5,0.0,0.0,0.0,50,19.5,21.0,50,22.5,19.0,0.0,0.0,0.0,0.0,190
2023-05-10 21:17:47,c2311-C-2680,c2311-C-2680,22.5,0.0,0.0,0.0,50,19.5,20.5,10,22.5,19.0,0.0,0.0,0.0,0.0,190
2023-05-10 21:17:47,c2311-C-2680,c2311-C-2680,22.5,0.0,0.0,0.0,50,19.5,20.5,30,22.5,19.0,0.0,0.0,0.0,0.0,190
2023-05-10 21:17:50,c2311-C-2680,c2311-C-2680,22.5,0.0,0.0,0.0,50,19.5,20.5,20,22.5,19.0,0.0,0.0,0.0,0.0,190
2023-05-10 21:17:52,c2311-C-2680,c2311-C-2680,22.5,0.0,0.0,0.0,10,20.0,20.5,20,22.5,19.0,0.0,0.0,0.0,0.0,190
2023-05-10 21:17:53,c2311-C-2680,c2311-C-2680,22.5,0.0,0.0,0.0,30,20.0,21.0,50,22.5,19.0,0.0,0.0,0.0,0.0,190
2023-05-10 21:17:54,c2311-C-2680,c2311-C-2680,22.5,0.0,0.0,0.0,30,20.0,21.0,40,22.5,19.0,0.0,0.0,0.0,0.0,190
2023-05-10 21:17:56,c2311-C-2680,c2311-C-2680,22.5,0.0,0.0,0.0,30,20.0,21.0,50,22.5,19.0,0.0,0.0,0.0,0.0,190
2023-05-10 21:17:56,c2311-C-2680,c2311-C-2680,22.5,0.0,0.0,0.0,30,20.0,21.0,40,22.5,19.0,0.0,0.0,0.0,0.0,190
2023-05-10 21:18:01,c2311-C-2680,c2311-C-2680,22.5,0.0,0.0,0.0,20,20.0,21.0,40,22.5,19.0,0.0,0.0,0.0,0.0,190
2023-05-10 21:18:03,c2311-C-2680,c2311-C-2680,22.5,0.0,0.0,0.0,20,20.0,21.0,50,22.5,19.0,0.0,0.0,0.0,0.0,190
2023-05-10 21:18:03,c2311-C-2680,c2311-C-2680,22.5,0.0,0.0,0.0,20,20.0,21.0,40,22.5,19.0,0.0,0.0,0.0,0.0,190
2023-05-10 21:18:08,c2311-C-2680,c2311-C-2680,22.5,0.0,0.0,0.0,30,20.0,21.0,40,22.5,19.0,0.0,0.0,0.0,0.0,190
2023-05-10 21:18:12,c2311-C-2680,c2311-C-2680,22.5,0.0,0.0,0.0,20,20.0,21.0,40,22.5,19.0,0.0,0.0,0.0,0.0,190
2023-05-10 21:18:13,c2311-C-2680,c2311-C-2680,22.5,0.0,0.0,0.0,20,20.0,21.0,50,22.5,19.0,0.0,0.0,0.0,0.0,190
2023-05-10 21:18:15,c2311-C-2680,c2311-C-2680,22.5,0.0,0.0,0.0,50,19.5,21.0,50,22.5,19.0,0.0,0.0,0.0,0.0,190
2023-05-10 21:18:17,c2311-C-2680,c2311-C-2680,22.5,0.0,0.0,0.0,50,19.5,20.5,10,22.5,19.0,0.0,0.0,0.0,0.0,190
2023-05-10 21:18:17,c2311-C-2680,c2311-C-2680,22.5,0.0,0.0,0.0,50,19.5,20.5,30,22.5,19.0,0.0,0.0,0.0,0.0,190
2023-05-10 21:18:17,c2311-C-2680,c2311-C-2680,22.5,0.0,0.0,0.0,40,19.5,20.5,40,22.5,19.0,0.0,0.0,0.0,0.0,190
2023-05-10 21:18:43,c2311-C-2680,c2311-C-2680,22.5,0.0,0.0,0.0,40,19.5,20.5,50,22.5,19.0,0.0,0.0,0.0,0.0,190
2023-05-10 21:18:52,c2311-C-2680,c2311-C-2680,22.5,0.0,0.0,0.0,40,19.5,20.5,40,22.5,19.0,0.0,0.0,0.0,0.0,190
2023-05-10 21:18:58,c2311-C-2680,c2311-C-2680,22.5,0.0,0.0,0.0,40,19.5,20.5,50,22.5,19.0,0.0,0.0,0.0,0.0,190
2023-05-10 21:19:00,c2311-C-2680,c2311-C-2680,22.5,0.0,0.0,0.0,40,19.5,20.5,40,22.5,19.0,0.0,0.0,0.0,0.0,190
2023-05-10 21:19:01,c2311-C-2680,c2311-C-2680,22.5,0.0,0.0,0.0,20,19.5,20.5,50,22.5,19.0,0.0,0.0,0.0,0.0,190
2023-05-10 21:19:02,c2311-C-2680,c2311-C-2680,22.5,0.0,0.0,0.0,30,19.5,20.5,50,22.5,19.0,0.0,0.0,0.0,0.0,190
2023-05-10 21:19:03,c2311-C-2680,c2311-C-2680,22.5,0.0,0.0,0.0,10,19.5,20.5,50,22.5,19.0,0.0,0.0,0.0,0.0,190
2023-05-10 21:19:03,c2311-C-2680,c2311-C-2680,22.5,0.0,0.0,0.0,20,19.5,20.5,50,22.5,19.0,0.0,0.0,0.0,0.0,190
2023-05-10 21:19:06,c2311-C-2680,c2311-C-2680,22.5,0.0,0.0,0.0,20,19.5,20.5,40,22.5,19.0,0.0,0.0,0.0,0.0,190
2023-05-10 21:19:06,c2311-C-2680,c2311-C-2680,22.5,0.0,0.0,0.0,30,19.5,20.5,40,22.5,19.0,0.0,0.0,0.0,0.0,190
2023-05-10 21:19:23,c2311-C-2680,c2311-C-2680,22.5,0.0,0.0,0.0,30,19.5,20.5,50,22.5,19.0,0.0,0.0,0.0,0.0,190
2023-05-10 21:19:37,c2311-C-2680,c2311-C-2680,22.5,0.0,0.0,0.0,40,19.5,20.5,50,22.5,19.0,0.0,0.0,0.0,0.0,190
2023-05-10 21:19:44,c2311-C-2680,c2311-C-2680,22.5,0.0,0.0,0.0,40,19.5,20.5,40,22.5,19.0,0.0,0.0,0.0,0.0,190
2023-05-10 21:19:53,c2311-C-2680,c2311-C-2680,22.5,0.0,0.0,0.0,20,19.5,20.5,50,22.5,19.0,0.0,0.0,0.0,0.0,190
2023-05-10 21:19:54,c2311-C-2680,c2311-C-2680,22.5,0.0,0.0,0.0,30,19.5,20.5,50,22.5,19.0,0.0,0.0,0.0,0.0,190
2023-05-10 21:19:57,c2311-C-2680,c2311-C-2680,22.5,0.0,0.0,0.0,40,19.5,20.5,40,22.5,19.0,0.0,0.0,0.0,0.0,190
2023-05-10 21:19:57,c2311-C-2680,c2311-C-2680,22.5,0.0,0.0,0.0,30,19.5,20.5,40,22.5,19.0,0.0,0.0,0.0,0.0,190
2023-05-10 21:20:00,c2311-C-2680,c2311-C-2680,22.5,0.0,0.0,0.0,20,19.5,20.5,40,22.5,19.0,0.0,0.0,0.0,0.0,190
2023-05-10 21:20:00,c2311-C-2680,c2311-C-2680,22.5,0.0,0.0,0.0,10,19.5,20.5,50,22.5,19.0,0.0,0.0,0.0,0.0,190
2023-05-10 21:20:02,c2311-C-2680,c2311-C-2680,22.5,0.0,0.0,0.0,50,19.0,20.5,50,22.5,19.0,0.0,0.0,0.0,0.0,190
2023-05-10 21:20:04,c2311-C-2680,c2311-C-2680,22.5,0.0,0.0,0.0,40,19.0,20.0,10,22.5,19.0,0.0,0.0,0.0,0.0,190
2023-05-10 21:20:04,c2311-C-2680,c2311-C-2680,22.5,0.0,0.0,0.0,40,19.0,20.0,20,22.5,19.0,0.0,0.0,0.0,0.0,190
2023-05-10 21:20:04,c2311-C-2680,c2311-C-2680,22.5,0.0,0.0,0.0,50,19.0,20.0,30,22.5,19.0,0.0,0.0,0.0,0.0,190
2023-05-10 21:20:05,c2311-C-2680,c2311-C-2680,22.5,0.0,0.0,0.0,50,19.0,20.0,20,22.5,19.0,0.0,0.0,0.0,0.0,190
2023-05-10 21:20:07,c2311-C-2680,c2311-C-2680,22.5,0.0,0.0,0.0,50,19.0,20.0,30,22.5,19.0,0.0,0.0,0.0,0.0,190
2023-05-10 21:20:10,c2311-C-2680,c2311-C-2680,22.5,0.0,0.0,0.0,50,19.0,20.0,20,22.5,19.0,0.0,0.0,0.0,0.0,190
2023-05-10 21:20:14,c2311-C-2680,c2311-C-2680,22.5,0.0,0.0,0.0,20,19.5,20.0,20,22.5,19.0,0.0,0.0,0.0,0.0,190
2023-05-10 21:20:14,c2311-C-2680,c2311-C-2680,22.5,0.0,0.0,0.0,10,19.5,20.0,20,22.5,19.0,0.0,0.0,0.0,0.0,190
2023-05-10 21:20:16,c2311-C-2680,c2311-C-2680,22.5,0.0,0.0,0.0,10,19.5,20.0,30,22.5,19.0,0.0,0.0,0.0,0.0,190
2023-05-10 21:20:18,c2311-C-2680,c2311-C-2680,22.5,0.0,0.0,0.0,50,19.0,20.0,40,22.5,19.0,0.0,0.0,0.0,0.0,190
2023-05-10 21:20:18,c2311-C-2680,c2311-C-2680,22.5,0.0,0.0,0.0,50,19.0,20.0,30,22.5,19.0,0.0,0.0,0.0,0.0,190
2023-05-10 21:20:22,c2311-C-2680,c2311-C-2680,22.5,0.0,0.0,0.0,10,19.5,20.0,20,22.5,19.0,0.0,0.0,0.0,0.0,190
2023-05-10 21:20:23,c2311-C-2680,c2311-C-2680,22.5,0.0,0.0,0.0,10,19.5,20.0,10,22.5,19.0,0.0,0.0,0.0,0.0,190
2023-05-10 21:20:23,c2311-C-2680,c2311-C-2680,22.5,0.0,0.0,0.0,30,19.5,20.5,40,22.5,19.0,0.0,0.0,0.0,0.0,190
2023-05-10 21:20:29,c2311-C-2680,c2311-C-2680,22.5,0.0,0.0,0.0,20,19.5,20.5,40,22.5,19.0,0.0,0.0,0.0,0.0,190
2023-05-10 21:20:29,c2311-C-2680,c2311-C-2680,22.5,0.0,0.0,0.0,10,19.5,20.5,40,22.5,19.0,0.0,0.0,0.0,0.0,190
2023-05-10 21:20:40,c2311-C-2680,c2311-C-2680,22.5,0.0,0.0,0.0,20,19.5,20.5,40,22.5,19.0,0.0,0.0,0.0,0.0,190
2023-05-10 21:20:43,c2311-C-2680,c2311-C-2680,22.5,0.0,0.0,0.0,40,19.5,20.5,40,22.5,19.0,0.0,0.0,0.0,0.0,190
2023-05-10 21:20:55,c2311-C-2680,c2311-C-2680,22.5,0.0,0.0,0.0,50,19.5,20.5,30,22.5,19.0,0.0,0.0,0.0,0.0,190
2023-05-10 21:20:59,c2311-C-2680,c2311-C-2680,22.5,0.0,0.0,0.0,50,19.5,20.5,40,22.5,19.0,0.0,0.0,0.0,0.0,190
2023-05-10 21:20:59,c2311-C-2680,c2311-C-2680,22.5,0.0,0.0,0.0,50,19.5,20.5,30,22.5,19.0,0.0,0.0,0.0,0.0,190
2023-05-10 21:21:07,c2311-C-2680,c2311-C-2680,22.5,0.0,0.0,0.0,40,19.5,20.5,20,22.5,19.0,0.0,0.0,0.0,0.0,190
2023-05-10 21:21:07,c2311-C-2680,c2311-C-2680,22.5,0.0,0.0,0.0,50,19.5,20.5,20,22.5,19.0,0.0,0.0,0.0,0.0,190
2023-05-10 21:21:10,c2311-C-2680,c2311-C-2680,22.5,0.0,0.0,0.0,20,20.0,20.5,20,22.5,19.0,0.0,0.0,0.0,0.0,190
2023-05-10 21:21:11,c2311-C-2680,c2311-C-2680,22.5,0.0,0.0,0.0,10,20.0,20.5,20,22.5,19.0,0.0,0.0,0.0,0.0,190
2023-05-10 21:21:14,c2311-C-2680,c2311-C-2680,22.5,0.0,0.0,0.0,20,20.0,20.5,10,22.5,19.0,0.0,0.0,0.0,0.0,190
2023-05-10 21:21:29,c2311-C-2680,c2311-C-2680,22.5,0.0,0.0,0.0,20,20.0,21.0,50,22.5,19.0,0.0,0.0,0.0,0.0,190
2023-05-10 21:21:31,c2311-C-2680,c2311-C-2680,22.5,0.0,0.0,0.0,30,20.0,21.0,40,22.5,19.0,0.0,0.0,0.0,0.0,190
2023-05-10 21:21:31,c2311-C-2680,c2311-C-2680,22.5,0.0,0.0,0.0,30,20.0,21.0,50,22.5,19.0,0.0,0.0,0.0,0.0,190
2023-05-10 21:21:32,c2311-C-2680,c2311-C-2680,22.5,0.0,0.0,0.0,30,20.0,21.0,40,22.5,19.0,0.0,0.0,0.0,0.0,190
2023-05-10 21:21:32,c2311-C-2680,c2311-C-2680,22.5,0.0,0.0,0.0,30,20.0,21.0,30,22.5,19.0,0.0,0.0,0.0,0.0,190
2023-05-10 21:21:33,c2311-C-2680,c2311-C-2680,22.5,0.0,0.0,0.0,30,20.0,21.0,40,22.5,19.0,0.0,0.0,0.0,0.0,190
2023-05-10 21:21:34,c2311-C-2680,c2311-C-2680,22.5,0.0,0.0,0.0,40,20.0,21.0,40,22.5,19.0,0.0,0.0,0.0,0.0,190
2023-05-10 21:21:35,c2311-C-2680,c2311-C-2680,22.5,0.0,0.0,0.0,40,20.0,21.0,30,22.5,19.0,0.0,0.0,0.0,0.0,190
2023-05-10 21:21:36,c2311-C-2680,c2311-C-2680,22.5,0.0,0.0,0.0,40,20.0,21.0,40,22.5,19.0,0.0,0.0,0.0,0.0,190
2023-05-10 21:21:40,c2311-C-2680,c2311-C-2680,22.5,0.0,0.0,0.0,40,20.0,21.0,30,22.5,19.0,0.0,0.0,0.0,0.0,190
2023-05-10 21:21:40,c2311-C-2680,c2311-C-2680,22.5,0.0,0.0,0.0,40,20.0,21.0,40,22.5,19.0,0.0,0.0,0.0,0.0,190
2023-05-10 21:21:42,c2311-C-2680,c2311-C-2680,22.5,0.0,0.0,0.0,40,20.0,21.0,30,22.5,19.0,0.0,0.0,0.0,0.0,190
2023-05-10 21:21:43,c2311-C-2680,c2311-C-2680,22.5,0.0,0.0,0.0,40,20.0,21.0,40,22.5,19.0,0.0,0.0,0.0,0.0,190
2023-05-10 21:21:44,c2311-C-2680,c2311-C-2680,22.5,0.0,0.0,0.0,40,20.0,21.0,30,22.5,19.0,0.0,0.0,0.0,0.0,190
2023-05-10 21:21:44,c2311-C-2680,c2311-C-2680,22.5,0.0,0.0,0.0,40,20.0,21.0,40,22.5,19.0,0.0,0.0,0.0,0.0,190
2023-05-10 21:21:44,c2311-C-2680,c2311-C-2680,22.5,0.0,0.0,0.0,40,20.0,21.0,30,22.5,19.0,0.0,0.0,0.0,0.0,190
2023-05-10 21:21:47,c2311-C-2680,c2311-C-2680,22.5,0.0,0.0,0.0,40,20.0,21.0,20,22.5,19.0,0.0,0.0,0.0,0.0,190
2023-05-10 21:21:48,c2311-C-2680,c2311-C-2680,22.5,0.0,0.0,0.0,40,20.0,21.0,30,22.5,19.0,0.0,0.0,0.0,0.0,190
2023-05-10 21:21:48,c2311-C-2680,c2311-C-2680,22.5,0.0,0.0,0.0,40,20.0,21.0,20,22.5,19.0,0.0,0.0,0.0,0.0,190
2023-05-10 21:21:50,c2311-C-2680,c2311-C-2680,22.5,0.0,0.0,0.0,30,20.0,21.0,20,22.5,19.0,0.0,0.0,0.0,0.0,190
2023-05-10 21:22:00,c2311-C-2680,c2311-C-2680,22.5,0.0,0.0,0.0,40,20.0,21.0,20,22.5,19.0,0.0,0.0,0.0,0.0,190
2023-05-10 21:22:09,c2311-C-2680,c2311-C-2680,22.5,0.0,0.0,0.0,30,20.0,21.0,20,22.5,19.0,0.0,0.0,0.0,0.0,190
2023-05-10 21:22:18,c2311-C-2680,c2311-C-2680,22.5,0.0,0.0,0.0,10,20.0,21.0,40,22.5,19.0,0.0,0.0,0.0,0.0,190
2023-05-10 21:22:24,c2311-C-2680,c2311-C-2680,22.5,0.0,0.0,0.0,50,19.5,21.0,40,22.5,19.0,0.0,0.0,0.0,0.0,190
2023-05-10 21:22:47,c2311-C-2680,c2311-C-2680,22.5,0.0,0.0,0.0,30,19.5,21.0,40,22.5,19.0,0.0,0.0,0.0,0.0,190
2023-05-10 21:22:48,c2311-C-2680,c2311-C-2680,22.5,0.0,0.0,0.0,40,19.5,21.0,50,22.5,19.0,0.0,0.0,0.0,0.0,190
2023-05-10 21:22:50,c2311-C-2680,c2311-C-2680,22.5,0.0,0.0,0.0,30,19.5,21.0,50,22.5,19.0,0.0,0.0,0.0,0.0,190
2023-05-10 21:22:51,c2311-C-2680,c2311-C-2680,22.5,0.0,0.0,0.0,40,19.5,21.0,50,22.5,19.0,0.0,0.0,0.0,0.0,190
2023-05-10 21:22:53,c2311-C-2680,c2311-C-2680,22.5,0.0,0.0,0.0,30,19.5,21.0,50,22.5,19.0,0.0,0.0,0.0,0.0,190
2023-05-10 21:23:04,c2311-C-2680,c2311-C-2680,22.5,0.0,0.0,0.0,20,19.5,21.0,50,22.5,19.0,0.0,0.0,0.0,0.0,190
2023-05-10 21:23:12,c2311-C-2680,c2311-C-2680,22.5,0.0,0.0,0.0,30,19.5,21.0,50,22.5,19.0,0.0,0.0,0.0,0.0,190
2023-05-10 21:23:39,c2311-C-2680,c2311-C-2680,22.5,0.0,0.0,0.0,50,19.5,21.0,50,22.5,19.0,0.0,0.0,0.0,0.0,190
2023-05-10 21:23:41,c2311-C-2680,c2311-C-2680,22.5,0.0,0.0,0.0,20,19.5,21.0,50,22.5,19.0,0.0,0.0,0.0,0.0,190
2023-05-10 21:23:43,c2311-C-2680,c2311-C-2680,22.5,0.0,0.0,0.0,40,19.5,21.0,50,22.5,19.0,0.0,0.0,0.0,0.0,190
2023-05-10 21:23:43,c2311-C-2680,c2311-C-2680,22.5,0.0,0.0,0.0,20,19.5,21.0,50,22.5,19.0,0.0,0.0,0.0,0.0,190
2023-05-10 21:23:46,c2311-C-2680,c2311-C-2680,22.5,0.0,0.0,0.0,30,19.5,21.0,50,22.5,19.0,0.0,0.0,0.0,0.0,190
2023-05-10 21:23:46,c2311-C-2680,c2311-C-2680,22.5,0.0,0.0,0.0,40,19.5,21.0,50,22.5,19.0,0.0,0.0,0.0,0.0,190
2023-05-10 21:23:56,c2311-C-2680,c2311-C-2680,22.5,0.0,0.0,0.0,20,19.5,21.0,50,22.5,19.0,0.0,0.0,0.0,0.0,190
2023-05-10 21:24:01,c2311-C-2680,c2311-C-2680,22.5,0.0,0.0,0.0,30,19.5,21.0,50,22.5,19.0,0.0,0.0,0.0,0.0,190
2023-05-10 21:24:01,c2311-C-2680,c2311-C-2680,22.5,0.0,0.0,0.0,40,19.5,21.0,50,22.5,19.0,0.0,0.0,0.0,0.0,190
2023-05-10 21:24:06,c2311-C-2680,c2311-C-2680,22.5,0.0,0.0,0.0,50,19.5,21.0,50,22.5,19.0,0.0,0.0,0.0,0.0,190
2023-05-10 21:24:31,c2311-C-2680,c2311-C-2680,22.5,0.0,0.0,0.0,50,19.5,21.0,40,22.5,19.0,0.0,0.0,0.0,0.0,190
2023-05-10 21:24:44,c2311-C-2680,c2311-C-2680,22.5,0.0,0.0,0.0,40,19.5,21.0,40,22.5,19.0,0.0,0.0,0.0,0.0,190
2023-05-10 21:24:44,c2311-C-2680,c2311-C-2680,22.5,0.0,0.0,0.0,40,19.5,21.0,50,22.5,19.0,0.0,0.0,0.0,0.0,190
2023-05-10 21:24:49,c2311-C-2680,c2311-C-2680,22.5,0.0,0.0,0.0,30,19.5,20.5,20,22.5,19.0,0.0,0.0,0.0,0.0,190
2023-05-10 21:24:49,c2311-C-2680,c2311-C-2680,22.5,0.0,0.0,0.0,20,19.5,20.5,30,22.5,19.0,0.0,0.0,0.0,0.0,190
2023-05-10 21:24:50,c2311-C-2680,c2311-C-2680,22.5,0.0,0.0,0.0,30,19.5,20.5,30,22.5,19.0,0.0,0.0,0.0,0.0,190
2023-05-10 21:24:51,c2311-C-2680,c2311-C-2680,22.5,0.0,0.0,0.0,40,19.5,20.5,20,22.5,19.0,0.0,0.0,0.0,0.0,190
2023-05-10 21:24:52,c2311-C-2680,c2311-C-2680,22.5,0.0,0.0,0.0,40,19.5,20.5,30,22.5,19.0,0.0,0.0,0.0,0.0,190
2023-05-10 21:24:55,c2311-C-2680,c2311-C-2680,22.5,0.0,0.0,0.0,40,19.5,20.5,20,22.5,19.0,0.0,0.0,0.0,0.0,190
2023-05-10 21:24:55,c2311-C-2680,c2311-C-2680,22.5,0.0,0.0,0.0,40,19.5,20.5,30,22.5,19.0,0.0,0.0,0.0,0.0,190
2023-05-10 21:24:56,c2311-C-2680,c2311-C-2680,22.5,0.0,0.0,0.0,40,19.5,20.5,20,22.5,19.0,0.0,0.0,0.0,0.0,190
2023-05-10 21:24:57,c2311-C-2680,c2311-C-2680,22.5,0.0,0.0,0.0,30,19.5,20.5,20,22.5,19.0,0.0,0.0,0.0,0.0,190
2023-05-10 21:24:58,c2311-C-2680,c2311-C-2680,22.5,0.0,0.0,0.0,40,19.5,20.5,30,22.5,19.0,0.0,0.0,0.0,0.0,190
2023-05-10 21:25:00,c2311-C-2680,c2311-C-2680,22.5,0.0,0.0,0.0,40,19.5,20.5,20,22.5,19.0,0.0,0.0,0.0,0.0,190
2023-05-10 21:25:00,c2311-C-2680,c2311-C-2680,22.5,0.0,0.0,0.0,30,19.5,20.5,30,22.5,19.0,0.0,0.0,0.0,0.0,190
2023-05-10 21:25:01,c2311-C-2680,c2311-C-2680,22.5,0.0,0.0,0.0,20,19.5,20.5,30,22.5,19.0,0.0,0.0,0.0,0.0,190
2023-05-10 21:25:02,c2311-C-2680,c2311-C-2680,22.5,0.0,0.0,0.0,20,19.5,20.5,40,22.5,19.0,0.0,0.0,0.0,0.0,190
2023-05-10 21:25:02,c2311-C-2680,c2311-C-2680,22.5,0.0,0.0,0.0,20,19.5,20.5,30,22.5,19.0,0.0,0.0,0.0,0.0,190
2023-05-10 21:25:04,c2311-C-2680,c2311-C-2680,22.5,0.0,0.0,0.0,20,19.5,20.5,40,22.5,19.0,0.0,0.0,0.0,0.0,190
2023-05-10 21:25:04,c2311-C-2680,c2311-C-2680,22.5,0.0,0.0,0.0,10,19.5,20.5,40,22.5,19.0,0.0,0.0,0.0,0.0,190
2023-05-10 21:25:16,c2311-C-2680,c2311-C-2680,22.5,0.0,0.0,0.0,20,19.5,20.5,40,22.5,19.0,0.0,0.0,0.0,0.0,190
2023-05-10 21:25:19,c2311-C-2680,c2311-C-2680,22.5,0.0,0.0,0.0,20,19.5,20.5,30,22.5,19.0,0.0,0.0,0.0,0.0,190
2023-05-10 21:25:19,c2311-C-2680,c2311-C-2680,22.5,0.0,0.0,0.0,10,19.5,20.5,30,22.5,19.0,0.0,0.0,0.0,0.0,190
2023-05-10 21:25:29,c2311-C-2680,c2311-C-2680,22.5,0.0,0.0,0.0,40,19.5,20.5,30,22.5,19.0,0.0,0.0,0.0,0.0,190
2023-05-10 21:25:29,c2311-C-2680,c2311-C-2680,22.5,0.0,0.0,0.0,30,19.5,20.5,30,22.5,19.0,0.0,0.0,0.0,0.0,190
2023-05-10 21:25:30,c2311-C-2680,c2311-C-2680,22.5,0.0,0.0,0.0,40,19.5,20.5,30,22.5,19.0,0.0,0.0,0.0,0.0,190
2023-05-10 21:25:30,c2311-C-2680,c2311-C-2680,22.5,0.0,0.0,0.0,30,19.5,20.5,30,22.5,19.0,0.0,0.0,0.0,0.0,190
2023-05-10 21:25:35,c2311-C-2680,c2311-C-2680,22.5,0.0,0.0,0.0,20,19.5,20.5,30,22.5,19.0,0.0,0.0,0.0,0.0,190
2023-05-10 21:25:48,c2311-C-2680,c2311-C-2680,22.5,0.0,0.0,0.0,40,19.5,20.5,30,22.5,19.0,0.0,0.0,0.0,0.0,190
2023-05-10 21:25:48,c2311-C-2680,c2311-C-2680,22.5,0.0,0.0,0.0,30,19.5,20.5,30,22.5,19.0,0.0,0.0,0.0,0.0,190
2023-05-10 21:26:03,c2311-C-2680,c2311-C-2680,22.5,0.0,0.0,0.0,30,19.5,20.5,40,22.5,19.0,0.0,0.0,0.0,0.0,190
2023-05-10 21:26:04,c2311-C-2680,c2311-C-2680,22.5,0.0,0.0,0.0,30,19.5,20.5,30,22.5,19.0,0.0,0.0,0.0,0.0,190
2023-05-10 21:26:37,c2311-C-2680,c2311-C-2680,22.5,0.0,0.0,0.0,20,19.5,20.5,40,22.5,19.0,0.0,0.0,0.0,0.0,190
2023-05-10 21:26:40,c2311-C-2680,c2311-C-2680,22.5,0.0,0.0,0.0,30,19.5,20.5,50,22.5,19.0,0.0,0.0,0.0,0.0,190
2023-05-10 21:26:48,c2311-C-2680,c2311-C-2680,22.5,0.0,0.0,0.0,30,19.5,20.5,40,22.5,19.0,0.0,0.0,0.0,0.0,190
2023-05-10 21:26:49,c2311-C-2680,c2311-C-2680,22.5,0.0,0.0,0.0,30,19.5,20.5,20,22.5,19.0,0.0,0.0,0.0,0.0,190
2023-05-10 21:26:50,c2311-C-2680,c2311-C-2680,22.5,0.0,0.0,0.0,30,19.5,20.5,30,22.5,19.0,0.0,0.0,0.0,0.0,190
2023-05-10 21:26:53,c2311-C-2680,c2311-C-2680,22.5,0.0,0.0,0.0,30,19.5,20.5,40,22.5,19.0,0.0,0.0,0.0,0.0,190
2023-05-10 21:27:00,c2311-C-2680,c2311-C-2680,22.5,0.0,0.0,0.0,30,19.5,20.5,30,22.5,19.0,0.0,0.0,0.0,0.0,190
2023-05-10 21:27:05,c2311-C-2680,c2311-C-2680,22.5,0.0,0.0,0.0,30,19.5,20.5,20,22.5,19.0,0.0,0.0,0.0,0.0,190
2023-05-10 21:27:05,c2311-C-2680,c2311-C-2680,22.5,0.0,0.0,0.0,30,19.5,20.5,30,22.5,19.0,0.0,0.0,0.0,0.0,190
2023-05-10 21:27:16,c2311-C-2680,c2311-C-2680,22.5,0.0,0.0,0.0,30,19.5,20.5,40,22.5,19.0,0.0,0.0,0.0,0.0,190
2023-05-10 21:27:17,c2311-C-2680,c2311-C-2680,22.5,0.0,0.0,0.0,30,19.5,20.5,50,22.5,19.0,0.0,0.0,0.0,0.0,190
2023-05-10 21:27:30,c2311-C-2680,c2311-C-2680,22.5,0.0,0.0,0.0,30,19.5,20.5,40,22.5,19.0,0.0,0.0,0.0,0.0,190
2023-05-10 21:27:30,c2311-C-2680,c2311-C-2680,22.5,0.0,0.0,0.0,30,19.5,20.5,50,22.5,19.0,0.0,0.0,0.0,0.0,190
2023-05-10 21:27:35,c2311-C-2680,c2311-C-2680,22.5,0.0,0.0,0.0,30,19.5,20.5,40,22.5,19.0,0.0,0.0,0.0,0.0,190
2023-05-10 21:27:41,c2311-C-2680,c2311-C-2680,22.5,0.0,0.0,0.0,30,19.5,20.5,50,22.5,19.0,0.0,0.0,0.0,0.0,190
2023-05-10 21:27:59,c2311-C-2680,c2311-C-2680,22.5,0.0,0.0,0.0,30,19.5,20.5,20,22.5,19.0,0.0,0.0,0.0,0.0,190
2023-05-10 21:27:59,c2311-C-2680,c2311-C-2680,22.5,0.0,0.0,0.0,30,19.5,20.5,30,22.5,19.0,0.0,0.0,0.0,0.0,190
2023-05-10 21:28:00,c2311-C-2680,c2311-C-2680,22.5,0.0,0.0,0.0,30,19.5,20.5,50,22.5,19.0,0.0,0.0,0.0,0.0,190
2023-05-10 21:28:03,c2311-C-2680,c2311-C-2680,22.5,0.0,0.0,0.0,30,19.5,20.5,40,22.5,19.0,0.0,0.0,0.0,0.0,190
2023-05-10 21:28:03,c2311-C-2680,c2311-C-2680,22.5,0.0,0.0,0.0,30,19.5,20.5,50,22.5,19.0,0.0,0.0,0.0,0.0,190
2023-05-10 21:28:03,c2311-C-2680,c2311-C-2680,22.5,0.0,0.0,0.0,30,19.5,20.5,40,22.5,19.0,0.0,0.0,0.0,0.0,190
2023-05-10 21:29:41,c2311-C-2680,c2311-C-2680,22.5,0.0,0.0,0.0,20,19.5,20.5,40,22.5,19.0,0.0,0.0,0.0,0.0,190
2023-05-10 21:29:41,c2311-C-2680,c2311-C-2680,22.5,0.0,0.0,0.0,30,19.5,20.5,40,22.5,19.0,0.0,0.0,0.0,0.0,190
2023-05-10 21:29:42,c2311-C-2680,c2311-C-2680,22.5,0.0,0.0,0.0,20,19.5,20.5,40,22.5,19.0,0.0,0.0,0.0,0.0,190
2023-05-10 21:30:04,c2311-C-2680,c2311-C-2680,22.5,0.0,0.0,0.0,40,19.5,20.5,40,22.5,19.0,0.0,0.0,0.0,0.0,190
2023-05-10 21:30:06,c2311-C-2680,c2311-C-2680,22.5,0.0,0.0,0.0,20,19.5,20.5,40,22.5,19.0,0.0,0.0,0.0,0.0,190
2023-05-10 21:30:09,c2311-C-2680,c2311-C-2680,22.5,0.0,0.0,0.0,20,19.5,20.5,50,22.5,19.0,0.0,0.0,0.0,0.0,190
2023-05-10 21:30:09,c2311-C-2680,c2311-C-2680,22.5,0.0,0.0,0.0,20,19.5,20.5,40,22.5,19.0,0.0,0.0,0.0,0.0,190
2023-05-10 21:30:21,c2311-C-2680,c2311-C-2680,22.5,0.0,0.0,0.0,10,19.5,20.5,50,22.5,19.0,0.0,0.0,0.0,0.0,190
2023-05-10 21:30:30,c2311-C-2680,c2311-C-2680,22.5,0.0,0.0,0.0,20,19.5,20.5,50,22.5,19.0,0.0,0.0,0.0,0.0,190
2023-05-10 21:30:31,c2311-C-2680,c2311-C-2680,22.5,0.0,0.0,0.0,10,19.5,20.5,50,22.5,19.0,0.0,0.0,0.0,0.0,190
2023-05-10 21:30:53,c2311-C-2680,c2311-C-2680,22.5,0.0,0.0,0.0,20,19.5,20.5,40,22.5,19.0,0.0,0.0,0.0,0.0,190
2023-05-10 21:30:54,c2311-C-2680,c2311-C-2680,22.5,0.0,0.0,0.0,10,19.5,20.5,50,22.5,19.0,0.0,0.0,0.0,0.0,190
2023-05-10 21:31:00,c2311-C-2680,c2311-C-2680,22.5,0.0,0.0,0.0,20,19.5,20.5,50,22.5,19.0,0.0,0.0,0.0,0.0,190
2023-05-10 21:31:00,c2311-C-2680,c2311-C-2680,22.5,0.0,0.0,0.0,20,19.5,20.5,30,22.5,19.0,0.0,0.0,0.0,0.0,190
2023-05-10 21:31:02,c2311-C-2680,c2311-C-2680,22.5,0.0,0.0,0.0,30,19.5,20.5,30,22.5,19.0,0.0,0.0,0.0,0.0,190
2023-05-10 21:31:06,c2311-C-2680,c2311-C-2680,22.5,0.0,0.0,0.0,40,19.5,20.5,30,22.5,19.0,0.0,0.0,0.0,0.0,190
2023-05-10 21:31:17,c2311-C-2680,c2311-C-2680,22.5,0.0,0.0,0.0,30,19.5,20.5,30,22.5,19.0,0.0,0.0,0.0,0.0,190
2023-05-10 21:31:18,c2311-C-2680,c2311-C-2680,22.5,0.0,0.0,0.0,40,19.5,20.5,40,22.5,19.0,0.0,0.0,0.0,0.0,190
2023-05-10 21:31:37,c2311-C-2680,c2311-C-2680,22.5,0.0,0.0,0.0,40,19.5,20.5,30,22.5,19.0,0.0,0.0,0.0,0.0,190
2023-05-10 21:31:38,c2311-C-2680,c2311-C-2680,22.5,0.0,0.0,0.0,40,19.5,20.5,40,22.5,19.0,0.0,0.0,0.0,0.0,190
2023-05-10 21:32:12,c2311-C-2680,c2311-C-2680,22.5,0.0,0.0,0.0,40,19.5,20.5,30,22.5,19.0,0.0,0.0,0.0,0.0,190
2023-05-10 21:32:12,c2311-C-2680,c2311-C-2680,22.5,0.0,0.0,0.0,40,19.5,20.5,40,22.5,19.0,0.0,0.0,0.0,0.0,190
2023-05-10 21:32:20,c2311-C-2680,c2311-C-2680,22.5,0.0,0.0,0.0,20,19.5,20.5,40,22.5,19.0,0.0,0.0,0.0,0.0,190
2023-05-10 21:32:21,c2311-C-2680,c2311-C-2680,22.5,0.0,0.0,0.0,20,19.5,20.5,50,22.5,19.0,0.0,0.0,0.0,0.0,190
2023-05-10 21:32:22,c2311-C-2680,c2311-C-2680,22.5,0.0,0.0,0.0,10,19.5,20.5,50,22.5,19.0,0.0,0.0,0.0,0.0,190
2023-05-10 21:32:23,c2311-C-2680,c2311-C-2680,22.5,0.0,0.0,0.0,50,19.0,20.5,50,22.5,19.0,0.0,0.0,0.0,0.0,190
2023-05-10 21:32:25,c2311-C-2680,c2311-C-2680,22.5,0.0,0.0,0.0,10,19.5,20.5,50,22.5,19.0,0.0,0.0,0.0,0.0,190
2023-05-10 21:32:27,c2311-C-2680,c2311-C-2680,22.5,0.0,0.0,0.0,30,19.5,20.5,50,22.5,19.0,0.0,0.0,0.0,0.0,190
2023-05-10 21:32:28,c2311-C-2680,c2311-C-2680,22.5,0.0,0.0,0.0,30,19.5,20.5,40,22.5,19.0,0.0,0.0,0.0,0.0,190
2023-05-10 21:32:29,c2311-C-2680,c2311-C-2680,22.5,0.0,0.0,0.0,40,19.5,20.5,40,22.5,19.0,0.0,0.0,0.0,0.0,190
2023-05-10 21:33:24,c2311-C-2680,c2311-C-2680,22.5,0.0,0.0,0.0,50,19.5,20.5,40,22.5,19.0,0.0,0.0,0.0,0.0,190
2023-05-10 21:33:25,c2311-C-2680,c2311-C-2680,22.5,0.0,0.0,0.0,40,19.5,20.5,40,22.5,19.0,0.0,0.0,0.0,0.0,190
2023-05-10 21:34:12,c2311-C-2680,c2311-C-2680,22.5,0.0,0.0,0.0,50,19.5,20.5,30,22.5,19.0,0.0,0.0,0.0,0.0,190
2023-05-10 21:34:13,c2311-C-2680,c2311-C-2680,22.5,0.0,0.0,0.0,50,19.5,20.5,40,22.5,19.0,0.0,0.0,0.0,0.0,190
2023-05-10 21:34:13,c2311-C-2680,c2311-C-2680,22.5,0.0,0.0,0.0,40,19.5,20.5,40,22.5,19.0,0.0,0.0,0.0,0.0,190
2023-05-10 21:34:22,c2311-C-2680,c2311-C-2680,22.5,0.0,0.0,0.0,50,19.5,20.5,40,22.5,19.0,0.0,0.0,0.0,0.0,190
2023-05-10 21:34:23,c2311-C-2680,c2311-C-2680,22.5,0.0,0.0,0.0,40,19.5,20.5,40,22.5,19.0,0.0,0.0,0.0,0.0,190
2023-05-10 21:34:37,c2311-C-2680,c2311-C-2680,22.5,0.0,0.0,0.0,50,19.5,20.5,20,22.5,19.0,0.0,0.0,0.0,0.0,190
2023-05-10 21:34:37,c2311-C-2680,c2311-C-2680,22.5,0.0,0.0,0.0,50,19.5,20.5,30,22.5,19.0,0.0,0.0,0.0,0.0,190
2023-05-10 21:34:37,c2311-C-2680,c2311-C-2680,22.5,0.0,0.0,0.0,50,19.5,20.5,40,22.5,19.0,0.0,0.0,0.0,0.0,190
2023-05-10 21:34:38,c2311-C-2680,c2311-C-2680,22.5,0.0,0.0,0.0,40,19.5,20.5,40,22.5,19.0,0.0,0.0,0.0,0.0,190
2023-05-10 21:35:17,c2311-C-2680,c2311-C-2680,22.5,0.0,0.0,0.0,40,19.5,20.5,50,22.5,19.0,0.0,0.0,0.0,0.0,190
2023-05-10 21:35:19,c2311-C-2680,c2311-C-2680,22.5,0.0,0.0,0.0,40,19.5,20.5,40,22.5,19.0,0.0,0.0,0.0,0.0,190
2023-05-10 21:35:20,c2311-C-2680,c2311-C-2680,22.5,0.0,0.0,0.0,30,19.5,20.5,30,22.5,19.0,0.0,0.0,0.0,0.0,190
2023-05-10 21:35:22,c2311-C-2680,c2311-C-2680,22.5,0.0,0.0,0.0,30,19.5,20.5,40,22.5,19.0,0.0,0.0,0.0,0.0,190
2023-05-10 21:35:23,c2311-C-2680,c2311-C-2680,22.5,0.0,0.0,0.0,30,19.5,20.5,30,22.5,19.0,0.0,0.0,0.0,0.0,190
2023-05-10 21:35:25,c2311-C-2680,c2311-C-2680,22.5,0.0,0.0,0.0,30,19.5,20.5,50,22.5,19.0,0.0,0.0,0.0,0.0,190
2023-05-10 21:35:25,c2311-C-2680,c2311-C-2680,22.5,0.0,0.0,0.0,30,19.5,20.5,30,22.5,19.0,0.0,0.0,0.0,0.0,190
2023-05-10 21:35:26,c2311-C-2680,c2311-C-2680,22.5,0.0,0.0,0.0,30,19.5,20.5,40,22.5,19.0,0.0,0.0,0.0,0.0,190
2023-05-10 21:35:27,c2311-C-2680,c2311-C-2680,22.5,0.0,0.0,0.0,10,19.5,20.5,40,22.5,19.0,0.0,0.0,0.0,0.0,190
2023-05-10 21:35:43,c2311-C-2680,c2311-C-2680,22.5,0.0,0.0,0.0,20,19.5,20.5,40,22.5,19.0,0.0,0.0,0.0,0.0,190
2023-05-10 21:35:52,c2311-C-2680,c2311-C-2680,22.5,0.0,0.0,0.0,10,19.5,20.5,50,22.5,19.0,0.0,0.0,0.0,0.0,190
2023-05-10 21:36:00,c2311-C-2680,c2311-C-2680,22.5,0.0,0.0,0.0,20,19.5,20.5,30,22.5,19.0,0.0,0.0,0.0,0.0,190
2023-05-10 21:36:01,c2311-C-2680,c2311-C-2680,22.5,0.0,0.0,0.0,30,19.5,20.5,40,22.5,19.0,0.0,0.0,0.0,0.0,190
2023-05-10 21:36:06,c2311-C-2680,c2311-C-2680,22.5,0.0,0.0,0.0,20,19.5,20.5,40,22.5,19.0,0.0,0.0,0.0,0.0,190
2023-05-10 21:36:06,c2311-C-2680,c2311-C-2680,22.5,0.0,0.0,0.0,20,19.5,20.5,50,22.5,19.0,0.0,0.0,0.0,0.0,190
2023-05-10 21:36:08,c2311-C-2680,c2311-C-2680,22.5,0.0,0.0,0.0,20,19.5,20.5,40,22.5,19.0,0.0,0.0,0.0,0.0,190
2023-05-10 21:36:09,c2311-C-2680,c2311-C-2680,22.5,0.0,0.0,0.0,20,19.5,20.5,50,22.5,19.0,0.0,0.0,0.0,0.0,190
2023-05-10 21:36:11,c2311-C-2680,c2311-C-2680,22.5,0.0,0.0,0.0,10,19.5,20.5,50,22.5,19.0,0.0,0.0,0.0,0.0,190
2023-05-10 21:36:16,c2311-C-2680,c2311-C-2680,22.5,0.0,0.0,0.0,20,19.5,20.5,50,22.5,19.0,0.0,0.0,0.0,0.0,190
2023-05-10 21:36:42,c2311-C-2680,c2311-C-2680,22.5,0.0,0.0,0.0,30,19.5,20.5,40,22.5,19.0,0.0,0.0,0.0,0.0,190
2023-05-10 21:36:43,c2311-C-2680,c2311-C-2680,22.5,0.0,0.0,0.0,40,19.5,20.5,40,22.5,19.0,0.0,0.0,0.0,0.0,190
2023-05-10 21:36:57,c2311-C-2680,c2311-C-2680,22.5,0.0,0.0,0.0,30,19.5,20.5,40,22.5,19.0,0.0,0.0,0.0,0.0,190
2023-05-10 21:37:02,c2311-C-2680,c2311-C-2680,22.5,0.0,0.0,0.0,30,19.5,20.5,50,22.5,19.0,0.0,0.0,0.0,0.0,190
2023-05-10 21:37:15,c2311-C-2680,c2311-C-2680,22.5,0.0,0.0,0.0,20,19.5,20.5,50,22.5,19.0,0.0,0.0,0.0,0.0,190
2023-05-10 21:37:23,c2311-C-2680,c2311-C-2680,22.5,0.0,0.0,0.0,10,19.5,20.5,50,22.5,19.0,0.0,0.0,0.0,0.0,190
2023-05-10 21:37:27,c2311-C-2680,c2311-C-2680,22.5,0.0,0.0,0.0,50,19.0,20.0,10,22.5,19.0,0.0,0.0,0.0,0.0,190
2023-05-10 21:37:30,c2311-C-2680,c2311-C-2680,22.5,0.0,0.0,0.0,50,19.0,20.0,20,22.5,19.0,0.0,0.0,0.0,0.0,190
2023-05-10 21:37:32,c2311-C-2680,c2311-C-2680,22.5,0.0,0.0,0.0,50,19.0,20.0,30,22.5,19.0,0.0,0.0,0.0,0.0,190
2023-05-10 21:37:46,c2311-C-2680,c2311-C-2680,22.5,0.0,0.0,0.0,40,19.0,20.0,30,22.5,19.0,0.0,0.0,0.0,0.0,190
2023-05-10 21:38:09,c2311-C-2680,c2311-C-2680,22.5,0.0,0.0,0.0,40,19.0,20.0,50,22.5,19.0,0.0,0.0,0.0,0.0,190
2023-05-10 21:38:10,c2311-C-2680,c2311-C-2680,22.5,0.0,0.0,0.0,30,19.0,20.0,50,22.5,19.0,0.0,0.0,0.0,0.0,190
2023-05-10 21:38:11,c2311-C-2680,c2311-C-2680,22.5,0.0,0.0,0.0,20,19.0,20.0,40,22.5,19.0,0.0,0.0,0.0,0.0,190
2023-05-10 21:38:11,c2311-C-2680,c2311-C-2680,22.5,0.0,0.0,0.0,30,19.0,20.0,40,22.5,19.0,0.0,0.0,0.0,0.0,190
2023-05-10 21:38:12,c2311-C-2680,c2311-C-2680,22.5,0.0,0.0,0.0,30,19.0,20.0,50,22.5,19.0,0.0,0.0,0.0,0.0,190
2023-05-10 21:38:13,c2311-C-2680,c2311-C-2680,22.5,0.0,0.0,0.0,40,19.0,20.0,30,22.5,19.0,0.0,0.0,0.0,0.0,190
2023-05-10 21:38:14,c2311-C-2680,c2311-C-2680,22.5,0.0,0.0,0.0,20,19.0,20.0,40,22.5,19.0,0.0,0.0,0.0,0.0,190
2023-05-10 21:38:17,c2311-C-2680,c2311-C-2680,22.5,0.0,0.0,0.0,20,19.0,20.0,50,22.5,19.0,0.0,0.0,0.0,0.0,190
2023-05-10 21:38:17,c2311-C-2680,c2311-C-2680,22.5,0.0,0.0,0.0,10,19.0,20.0,50,22.5,19.0,0.0,0.0,0.0,0.0,190
2023-05-10 21:38:19,c2311-C-2680,c2311-C-2680,22.5,0.0,0.0,0.0,20,19.0,20.0,50,22.5,19.0,0.0,0.0,0.0,0.0,190
2023-05-10 21:38:33,c2311-C-2680,c2311-C-2680,22.5,0.0,0.0,0.0,10,19.0,20.0,50,22.5,19.0,0.0,0.0,0.0,0.0,190
2023-05-10 21:38:33,c2311-C-2680,c2311-C-2680,22.5,0.0,0.0,0.0,20,19.0,20.0,50,22.5,19.0,0.0,0.0,0.0,0.0,190
2023-05-10 21:38:35,c2311-C-2680,c2311-C-2680,22.5,0.0,0.0,0.0,10,19.0,20.0,50,22.5,19.0,0.0,0.0,0.0,0.0,190
2023-05-10 21:38:40,c2311-C-2680,c2311-C-2680,22.5,0.0,0.0,0.0,20,19.0,20.0,50,22.5,19.0,0.0,0.0,0.0,0.0,190
2023-05-10 21:39:00,c2311-C-2680,c2311-C-2680,22.5,0.0,0.0,0.0,10,19.0,20.0,50,22.5,19.0,0.0,0.0,0.0,0.0,190
2023-05-10 21:39:00,c2311-C-2680,c2311-C-2680,19.0,10.0,1900.0,10.0,30,18.5,19.5,23,22.5,19.0,19.0,19.0,10.0,1900.0,200
2023-05-10 21:39:00,c2311-C-2680,c2311-C-2680,19.0,0.0,0.0,0.0,30,18.5,19.5,33,22.5,19.0,19.0,19.0,10.0,1900.0,200
2023-05-10 21:39:12,c2311-C-2680,c2311-C-2680,19.0,0.0,0.0,0.0,30,18.5,19.5,23,22.5,19.0,19.0,19.0,10.0,1900.0,200
2023-05-10 21:39:14,c2311-C-2680,c2311-C-2680,19.0,0.0,0.0,0.0,30,18.5,19.5,33,22.5,19.0,19.0,19.0,10.0,1900.0,200
2023-05-10 21:39:18,c2311-C-2680,c2311-C-2680,19.0,0.0,0.0,0.0,30,18.5,19.5,23,22.5,19.0,19.0,19.0,10.0,1900.0,200
2023-05-10 21:39:19,c2311-C-2680,c2311-C-2680,19.0,0.0,0.0,0.0,30,18.5,19.5,33,22.5,19.0,19.0,19.0,10.0,1900.0,200
2023-05-10 21:39:31,c2311-C-2680,c2311-C-2680,19.0,0.0,0.0,0.0,40,18.5,19.5,33,22.5,19.0,19.0,19.0,10.0,1900.0,200
2023-05-10 21:39:33,c2311-C-2680,c2311-C-2680,19.0,0.0,0.0,0.0,30,18.5,19.5,33,22.5,19.0,19.0,19.0,10.0,1900.0,200
2023-05-10 21:39:34,c2311-C-2680,c2311-C-2680,19.0,0.0,0.0,0.0,40,18.5,19.5,33,22.5,19.0,19.0,19.0,10.0,1900.0,200
2023-05-10 21:39:35,c2311-C-2680,c2311-C-2680,19.0,0.0,0.0,0.0,40,18.5,19.5,43,22.5,19.0,19.0,19.0,10.0,1900.0,200
2023-05-10 21:39:37,c2311-C-2680,c2311-C-2680,19.0,0.0,0.0,0.0,40,18.5,19.5,53,22.5,19.0,19.0,19.0,10.0,1900.0,200
2023-05-10 21:39:56,c2311-C-2680,c2311-C-2680,19.0,0.0,0.0,0.0,30,18.5,19.5,53,22.5,19.0,19.0,19.0,10.0,1900.0,200
2023-05-10 21:40:03,c2311-C-2680,c2311-C-2680,19.0,0.0,0.0,0.0,40,18.5,19.5,53,22.5,19.0,19.0,19.0,10.0,1900.0,200
2023-05-10 21:40:04,c2311-C-2680,c2311-C-2680,19.0,0.0,0.0,0.0,20,18.5,19.5,53,22.5,19.0,19.0,19.0,10.0,1900.0,200
2023-05-10 21:40:06,c2311-C-2680,c2311-C-2680,19.0,0.0,0.0,0.0,30,18.5,19.5,53,22.5,19.0,19.0,19.0,10.0,1900.0,200
2023-05-10 21:40:47,c2311-C-2680,c2311-C-2680,19.0,0.0,0.0,0.0,40,18.5,19.5,53,22.5,19.0,19.0,19.0,10.0,1900.0,200
2023-05-10 21:41:43,c2311-C-2680,c2311-C-2680,19.0,0.0,0.0,0.0,30,18.5,19.5,53,22.5,19.0,19.0,19.0,10.0,1900.0,200
2023-05-10 21:41:56,c2311-C-2680,c2311-C-2680,19.0,0.0,0.0,0.0,10,18.5,19.5,53,22.5,19.0,19.0,19.0,10.0,1900.0,200
2023-05-10 21:41:57,c2311-C-2680,c2311-C-2680,19.0,0.0,0.0,0.0,20,18.5,19.5,53,22.5,19.0,19.0,19.0,10.0,1900.0,200
2023-05-10 21:42:09,c2311-C-2680,c2311-C-2680,19.0,0.0,0.0,0.0,30,18.5,19.5,53,22.5,19.0,19.0,19.0,10.0,1900.0,200
2023-05-10 21:42:34,c2311-C-2680,c2311-C-2680,19.0,0.0,0.0,0.0,30,18.5,19.0,10,22.5,19.0,19.0,19.0,10.0,1900.0,200
2023-05-10 21:42:34,c2311-C-2680,c2311-C-2680,19.0,0.0,0.0,0.0,30,18.5,19.0,20,22.5,19.0,19.0,19.0,10.0,1900.0,200
2023-05-10 21:42:36,c2311-C-2680,c2311-C-2680,19.0,0.0,0.0,0.0,20,18.5,19.0,30,22.5,19.0,19.0,19.0,10.0,1900.0,200
2023-05-10 21:42:44,c2311-C-2680,c2311-C-2680,19.0,0.0,0.0,0.0,10,18.5,19.0,30,22.5,19.0,19.0,19.0,10.0,1900.0,200
2023-05-10 21:42:53,c2311-C-2680,c2311-C-2680,19.0,0.0,0.0,0.0,43,18.0,19.0,30,22.5,19.0,19.0,19.0,10.0,1900.0,200
2023-05-10 21:43:07,c2311-C-2680,c2311-C-2680,19.0,0.0,0.0,0.0,10,18.5,19.0,30,22.5,19.0,19.0,19.0,10.0,1900.0,200
2023-05-10 21:43:24,c2311-C-2680,c2311-C-2680,19.0,0.0,0.0,0.0,43,18.0,19.0,50,22.5,19.0,19.0,19.0,10.0,1900.0,200
2023-05-10 21:43:25,c2311-C-2680,c2311-C-2680,19.0,0.0,0.0,0.0,43,18.0,19.0,30,22.5,19.0,19.0,19.0,10.0,1900.0,200
2023-05-10 21:43:36,c2311-C-2680,c2311-C-2680,19.0,0.0,0.0,0.0,43,18.0,19.0,40,22.5,19.0,19.0,19.0,10.0,1900.0,200
2023-05-10 21:43:36,c2311-C-2680,c2311-C-2680,19.0,0.0,0.0,0.0,43,18.0,19.0,30,22.5,19.0,19.0,19.0,10.0,1900.0,200
2023-05-10 21:43:37,c2311-C-2680,c2311-C-2680,19.0,0.0,0.0,0.0,10,18.5,19.0,30,22.5,19.0,19.0,19.0,10.0,1900.0,200
2023-05-10 21:43:40,c2311-C-2680,c2311-C-2680,19.0,0.0,0.0,0.0,43,18.0,19.0,30,22.5,19.0,19.0,19.0,10.0,1900.0,200
2023-05-10 21:44:04,c2311-C-2680,c2311-C-2680,19.0,0.0,0.0,0.0,10,18.5,19.0,30,22.5,19.0,19.0,19.0,10.0,1900.0,200
2023-05-10 21:44:09,c2311-C-2680,c2311-C-2680,19.0,0.0,0.0,0.0,43,18.0,19.0,30,22.5,19.0,19.0,19.0,10.0,1900.0,200
2023-05-10 21:44:51,c2311-C-2680,c2311-C-2680,19.0,0.0,0.0,0.0,10,18.5,19.0,30,22.5,19.0,19.0,19.0,10.0,1900.0,200
2023-05-10 21:45:00,c2311-C-2680,c2311-C-2680,19.0,0.0,0.0,0.0,20,18.5,19.0,30,22.5,19.0,19.0,19.0,10.0,1900.0,200
2023-05-10 21:45:10,c2311-C-2680,c2311-C-2680,19.0,0.0,0.0,0.0,30,18.5,19.0,20,22.5,19.0,19.0,19.0,10.0,1900.0,200
2023-05-10 21:45:11,c2311-C-2680,c2311-C-2680,19.0,0.0,0.0,0.0,20,18.5,19.0,30,22.5,19.0,19.0,19.0,10.0,1900.0,200
2023-05-10 21:45:13,c2311-C-2680,c2311-C-2680,19.0,0.0,0.0,0.0,10,18.5,19.0,30,22.5,19.0,19.0,19.0,10.0,1900.0,200
2023-05-10 21:45:29,c2311-C-2680,c2311-C-2680,19.0,0.0,0.0,0.0,53,18.0,19.0,30,22.5,19.0,19.0,19.0,10.0,1900.0,200
2023-05-10 21:45:56,c2311-C-2680,c2311-C-2680,19.0,0.0,0.0,0.0,10,18.5,19.0,30,22.5,19.0,19.0,19.0,10.0,1900.0,200
2023-05-10 21:46:04,c2311-C-2680,c2311-C-2680,19.0,0.0,0.0,0.0,53,18.0,19.0,30,22.5,19.0,19.0,19.0,10.0,1900.0,200
2023-05-10 21:47:04,c2311-C-2680,c2311-C-2680,19.0,0.0,0.0,0.0,10,18.5,19.0,30,22.5,19.0,19.0,19.0,10.0,1900.0,200
2023-05-10 21:47:06,c2311-C-2680,c2311-C-2680,19.0,0.0,0.0,0.0,53,18.0,19.0,30,22.5,19.0,19.0,19.0,10.0,1900.0,200
2023-05-10 21:47:37,c2311-C-2680,c2311-C-2680,19.0,0.0,0.0,0.0,10,18.5,19.0,30,22.5,19.0,19.0,19.0,10.0,1900.0,200
2023-05-10 21:47:38,c2311-C-2680,c2311-C-2680,19.0,0.0,0.0,0.0,10,18.5,19.0,20,22.5,19.0,19.0,19.0,10.0,1900.0,200
2023-05-10 21:47:38,c2311-C-2680,c2311-C-2680,19.0,0.0,0.0,0.0,20,18.5,19.0,20,22.5,19.0,19.0,19.0,10.0,1900.0,200
2023-05-10 21:47:40,c2311-C-2680,c2311-C-2680,19.0,0.0,0.0,0.0,30,18.5,19.0,20,22.5,19.0,19.0,19.0,10.0,1900.0,200
2023-05-10 21:48:10,c2311-C-2680,c2311-C-2680,19.0,0.0,0.0,0.0,30,18.5,19.0,10,22.5,19.0,19.0,19.0,10.0,1900.0,200
2023-05-10 21:48:40,c2311-C-2680,c2311-C-2680,19.0,0.0,0.0,0.0,30,18.5,19.0,20,22.5,19.0,19.0,19.0,10.0,1900.0,200
2023-05-10 21:48:41,c2311-C-2680,c2311-C-2680,19.0,0.0,0.0,0.0,20,18.5,19.0,20,22.5,19.0,19.0,19.0,10.0,1900.0,200
2023-05-10 21:48:42,c2311-C-2680,c2311-C-2680,19.0,0.0,0.0,0.0,20,18.5,19.0,10,22.5,19.0,19.0,19.0,10.0,1900.0,200
2023-05-10 21:48:48,c2311-C-2680,c2311-C-2680,19.0,0.0,0.0,0.0,20,18.5,19.0,20,22.5,19.0,19.0,19.0,10.0,1900.0,200
2023-05-10 21:49:05,c2311-C-2680,c2311-C-2680,19.0,0.0,0.0,0.0,20,18.5,19.0,10,22.5,19.0,19.0,19.0,10.0,1900.0,200
2023-05-10 21:49:32,c2311-C-2680,c2311-C-2680,19.0,0.0,0.0,0.0,20,18.5,19.0,20,22.5,19.0,19.0,19.0,10.0,1900.0,200
2023-05-10 21:49:39,c2311-C-2680,c2311-C-2680,19.0,0.0,0.0,0.0,20,18.5,19.0,10,22.5,19.0,19.0,19.0,10.0,1900.0,200
2023-05-10 21:49:40,c2311-C-2680,c2311-C-2680,19.0,0.0,0.0,0.0,30,18.5,19.0,10,22.5,19.0,19.0,19.0,10.0,1900.0,200
2023-05-10 21:49:40,c2311-C-2680,c2311-C-2680,19.0,0.0,0.0,0.0,30,18.5,19.5,53,22.5,19.0,19.0,19.0,10.0,1900.0,200
2023-05-10 21:49:41,c2311-C-2680,c2311-C-2680,19.0,0.0,0.0,0.0,30,18.5,19.5,43,22.5,19.0,19.0,19.0,10.0,1900.0,200
2023-05-10 21:49:53,c2311-C-2680,c2311-C-2680,19.0,0.0,0.0,0.0,30,18.5,19.5,40,22.5,19.0,19.0,19.0,10.0,1900.0,200
2023-05-10 21:50:02,c2311-C-2680,c2311-C-2680,19.0,0.0,0.0,0.0,30,18.5,19.5,50,22.5,19.0,19.0,19.0,10.0,1900.0,200
2023-05-10 21:52:06,c2311-C-2680,c2311-C-2680,19.0,0.0,0.0,0.0,30,18.5,19.5,40,22.5,19.0,19.0,19.0,10.0,1900.0,200
2023-05-10 21:52:12,c2311-C-2680,c2311-C-2680,19.0,0.0,0.0,0.0,30,18.5,19.5,50,22.5,19.0,19.0,19.0,10.0,1900.0,200
2023-05-10 21:52:36,c2311-C-2680,c2311-C-2680,19.0,0.0,0.0,0.0,30,18.5,19.5,40,22.5,19.0,19.0,19.0,10.0,1900.0,200
2023-05-10 21:52:38,c2311-C-2680,c2311-C-2680,19.0,0.0,0.0,0.0,30,18.5,19.5,50,22.5,19.0,19.0,19.0,10.0,1900.0,200
2023-05-10 21:52:39,c2311-C-2680,c2311-C-2680,19.0,0.0,0.0,0.0,30,18.5,19.5,40,22.5,19.0,19.0,19.0,10.0,1900.0,200
2023-05-10 21:52:45,c2311-C-2680,c2311-C-2680,19.0,0.0,0.0,0.0,30,18.5,19.5,50,22.5,19.0,19.0,19.0,10.0,1900.0,200
2023-05-10 21:54:21,c2311-C-2680,c2311-C-2680,19.0,0.0,0.0,0.0,30,18.5,19.5,40,22.5,19.0,19.0,19.0,10.0,1900.0,200
2023-05-10 21:55:06,c2311-C-2680,c2311-C-2680,19.0,0.0,0.0,0.0,30,18.5,19.5,50,22.5,19.0,19.0,19.0,10.0,1900.0,200
2023-05-10 21:55:06,c2311-C-2680,c2311-C-2680,19.0,0.0,0.0,0.0,30,18.5,19.5,40,22.5,19.0,19.0,19.0,10.0,1900.0,200
2023-05-10 21:55:06,c2311-C-2680,c2311-C-2680,19.0,0.0,0.0,0.0,30,18.5,19.5,50,22.5,19.0,19.0,19.0,10.0,1900.0,200
2023-05-10 21:55:10,c2311-C-2680,c2311-C-2680,19.0,0.0,0.0,0.0,30,18.5,19.5,40,22.5,19.0,19.0,19.0,10.0,1900.0,200
2023-05-10 21:55:11,c2311-C-2680,c2311-C-2680,19.0,0.0,0.0,0.0,30,18.5,19.5,50,22.5,19.0,19.0,19.0,10.0,1900.0,200
2023-05-10 21:55:54,c2311-C-2680,c2311-C-2680,19.0,0.0,0.0,0.0,30,18.5,19.5,40,22.5,19.0,19.0,19.0,10.0,1900.0,200
2023-05-10 21:55:59,c2311-C-2680,c2311-C-2680,19.0,0.0,0.0,0.0,40,18.5,19.5,40,22.5,19.0,19.0,19.0,10.0,1900.0,200
2023-05-10 21:56:11,c2311-C-2680,c2311-C-2680,19.0,0.0,0.0,0.0,30,18.5,19.5,40,22.5,19.0,19.0,19.0,10.0,1900.0,200
2023-05-10 21:57:26,c2311-C-2680,c2311-C-2680,19.0,0.0,0.0,0.0,40,18.5,19.5,40,22.5,19.0,19.0,19.0,10.0,1900.0,200
2023-05-10 21:57:30,c2311-C-2680,c2311-C-2680,19.0,0.0,0.0,0.0,30,18.5,19.5,40,22.5,19.0,19.0,19.0,10.0,1900.0,200
2023-05-10 21:57:31,c2311-C-2680,c2311-C-2680,19.0,0.0,0.0,0.0,40,18.5,19.5,40,22.5,19.0,19.0,19.0,10.0,1900.0,200
2023-05-10 22:00:09,c2311-C-2680,c2311-C-2680,19.0,0.0,0.0,0.0,30,18.5,19.5,40,22.5,19.0,19.0,19.0,10.0,1900.0,200
2023-05-10 22:00:10,c2311-C-2680,c2311-C-2680,19.0,0.0,0.0,0.0,40,18.5,19.5,40,22.5,19.0,19.0,19.0,10.0,1900.0,200
2023-05-10 22:00:10,c2311-C-2680,c2311-C-2680,19.0,0.0,0.0,0.0,30,18.5,19.5,40,22.5,19.0,19.0,19.0,10.0,1900.0,200
2023-05-10 22:00:15,c2311-C-2680,c2311-C-2680,19.0,0.0,0.0,0.0,30,18.5,19.5,50,22.5,19.0,19.0,19.0,10.0,1900.0,200
2023-05-10 22:01:16,c2311-C-2680,c2311-C-2680,19.0,0.0,0.0,0.0,20,18.5,19.5,50,22.5,19.0,19.0,19.0,10.0,1900.0,200
2023-05-10 22:01:24,c2311-C-2680,c2311-C-2680,19.0,0.0,0.0,0.0,30,18.5,19.5,50,22.5,19.0,19.0,19.0,10.0,1900.0,200
2023-05-10 22:02:41,c2311-C-2680,c2311-C-2680,19.0,0.0,0.0,0.0,20,18.5,19.5,50,22.5,19.0,19.0,19.0,10.0,1900.0,200
2023-05-10 22:02:43,c2311-C-2680,c2311-C-2680,19.0,0.0,0.0,0.0,20,18.5,19.0,30,22.5,19.0,19.0,19.0,10.0,1900.0,200
2023-05-10 22:02:43,c2311-C-2680,c2311-C-2680,19.0,0.0,0.0,0.0,10,18.5,19.0,30,22.5,19.0,19.0,19.0,10.0,1900.0,200
2023-05-10 22:02:48,c2311-C-2680,c2311-C-2680,19.0,0.0,0.0,0.0,53,18.0,19.0,30,22.5,19.0,19.0,19.0,10.0,1900.0,200
2023-05-10 22:02:58,c2311-C-2680,c2311-C-2680,19.0,0.0,0.0,0.0,43,18.0,19.0,30,22.5,19.0,19.0,19.0,10.0,1900.0,200
2023-05-10 22:03:01,c2311-C-2680,c2311-C-2680,19.0,0.0,0.0,0.0,43,18.0,19.0,40,22.5,19.0,19.0,19.0,10.0,1900.0,200
2023-05-10 22:03:55,c2311-C-2680,c2311-C-2680,19.0,0.0,0.0,0.0,53,18.0,19.0,40,22.5,19.0,19.0,19.0,10.0,1900.0,200
2023-05-10 22:03:55,c2311-C-2680,c2311-C-2680,19.0,0.0,0.0,0.0,43,18.0,19.0,40,22.5,19.0,19.0,19.0,10.0,1900.0,200
2023-05-10 22:03:59,c2311-C-2680,c2311-C-2680,19.0,0.0,0.0,0.0,43,18.0,19.0,50,22.5,19.0,19.0,19.0,10.0,1900.0,200
2023-05-10 22:04:07,c2311-C-2680,c2311-C-2680,19.0,0.0,0.0,0.0,43,18.0,19.0,40,22.5,19.0,19.0,19.0,10.0,1900.0,200
2023-05-10 22:04:10,c2311-C-2680,c2311-C-2680,19.0,0.0,0.0,0.0,53,18.0,19.0,40,22.5,19.0,19.0,19.0,10.0,1900.0,200
2023-05-10 22:05:12,c2311-C-2680,c2311-C-2680,19.0,0.0,0.0,0.0,43,18.0,19.0,40,22.5,19.0,19.0,19.0,10.0,1900.0,200
2023-05-10 22:05:13,c2311-C-2680,c2311-C-2680,19.0,0.0,0.0,0.0,33,18.0,19.0,40,22.5,19.0,19.0,19.0,10.0,1900.0,200
2023-05-10 22:06:01,c2311-C-2680,c2311-C-2680,19.0,0.0,0.0,0.0,43,18.0,19.0,40,22.5,19.0,19.0,19.0,10.0,1900.0,200
2023-05-10 22:06:21,c2311-C-2680,c2311-C-2680,19.0,0.0,0.0,0.0,33,18.0,19.0,40,22.5,19.0,19.0,19.0,10.0,1900.0,200
2023-05-10 22:06:44,c2311-C-2680,c2311-C-2680,19.0,0.0,0.0,0.0,43,18.0,19.0,40,22.5,19.0,19.0,19.0,10.0,1900.0,200
2023-05-10 22:06:46,c2311-C-2680,c2311-C-2680,19.0,0.0,0.0,0.0,53,18.0,19.0,40,22.5,19.0,19.0,19.0,10.0,1900.0,200
2023-05-10 22:08:20,c2311-C-2680,c2311-C-2680,19.0,0.0,0.0,0.0,53,18.0,19.0,30,22.5,19.0,19.0,19.0,10.0,1900.0,200
2023-05-10 22:08:32,c2311-C-2680,c2311-C-2680,19.0,0.0,0.0,0.0,53,18.0,19.0,20,22.5,19.0,19.0,19.0,10.0,1900.0,200
2023-05-10 22:08:47,c2311-C-2680,c2311-C-2680,19.0,0.0,0.0,0.0,10,18.5,19.0,20,22.5,19.0,19.0,19.0,10.0,1900.0,200
2023-05-10 22:08:48,c2311-C-2680,c2311-C-2680,19.0,0.0,0.0,0.0,30,18.5,19.0,10,22.5,19.0,19.0,19.0,10.0,1900.0,200
2023-05-10 22:09:39,c2311-C-2680,c2311-C-2680,19.0,0.0,0.0,0.0,20,18.5,19.0,20,22.5,19.0,19.0,19.0,10.0,1900.0,200
2023-05-10 22:09:39,c2311-C-2680,c2311-C-2680,19.0,0.0,0.0,0.0,53,18.0,19.0,20,22.5,19.0,19.0,19.0,10.0,1900.0,200
2023-05-10 22:09:40,c2311-C-2680,c2311-C-2680,19.0,0.0,0.0,0.0,53,18.0,19.0,30,22.5,19.0,19.0,19.0,10.0,1900.0,200
2023-05-10 22:10:11,c2311-C-2680,c2311-C-2680,19.0,0.0,0.0,0.0,53,18.0,19.0,40,22.5,19.0,19.0,19.0,10.0,1900.0,200
2023-05-10 22:10:35,c2311-C-2680,c2311-C-2680,19.0,0.0,0.0,0.0,53,18.0,19.0,30,22.5,19.0,19.0,19.0,10.0,1900.0,200
2023-05-10 22:10:36,c2311-C-2680,c2311-C-2680,19.0,0.0,0.0,0.0,53,18.0,19.0,40,22.5,19.0,19.0,19.0,10.0,1900.0,200
2023-05-10 22:11:01,c2311-C-2680,c2311-C-2680,19.0,0.0,0.0,0.0,43,18.0,19.0,40,22.5,19.0,19.0,19.0,10.0,1900.0,200
2023-05-10 22:11:02,c2311-C-2680,c2311-C-2680,19.0,0.0,0.0,0.0,53,18.0,19.0,40,22.5,19.0,19.0,19.0,10.0,1900.0,200
2023-05-10 22:13:37,c2311-C-2680,c2311-C-2680,19.0,0.0,0.0,0.0,53,18.0,19.0,30,22.5,19.0,19.0,19.0,10.0,1900.0,200
2023-05-10 22:14:20,c2311-C-2680,c2311-C-2680,19.0,0.0,0.0,0.0,53,18.0,19.0,40,22.5,19.0,19.0,19.0,10.0,1900.0,200
2023-05-10 22:17:00,c2311-C-2680,c2311-C-2680,19.0,0.0,0.0,0.0,43,18.0,19.0,40,22.5,19.0,19.0,19.0,10.0,1900.0,200
2023-05-10 22:17:27,c2311-C-2680,c2311-C-2680,19.0,0.0,0.0,0.0,43,18.0,19.0,50,22.5,19.0,19.0,19.0,10.0,1900.0,200
2023-05-10 22:17:27,c2311-C-2680,c2311-C-2680,19.0,0.0,0.0,0.0,23,18.0,19.0,50,22.5,19.0,19.0,19.0,10.0,1900.0,200
2023-05-10 22:17:47,c2311-C-2680,c2311-C-2680,19.0,0.0,0.0,0.0,33,18.0,19.0,50,22.5,19.0,19.0,19.0,10.0,1900.0,200
2023-05-10 22:17:50,c2311-C-2680,c2311-C-2680,19.0,0.0,0.0,0.0,23,18.0,19.0,50,22.5,19.0,19.0,19.0,10.0,1900.0,200
2023-05-10 22:19:03,c2311-C-2680,c2311-C-2680,19.0,0.0,0.0,0.0,13,18.0,19.0,50,22.5,19.0,19.0,19.0,10.0,1900.0,200
2023-05-10 22:19:04,c2311-C-2680,c2311-C-2680,19.0,0.0,0.0,0.0,23,18.0,19.0,50,22.5,19.0,19.0,19.0,10.0,1900.0,200
2023-05-10 22:19:09,c2311-C-2680,c2311-C-2680,19.0,0.0,0.0,0.0,23,18.0,18.5,20,22.5,19.0,19.0,19.0,10.0,1900.0,200
2023-05-10 22:19:10,c2311-C-2680,c2311-C-2680,19.0,0.0,0.0,0.0,23,18.0,18.5,30,22.5,19.0,19.0,19.0,10.0,1900.0,200
2023-05-10 22:19:31,c2311-C-2680,c2311-C-2680,19.0,0.0,0.0,0.0,13,18.0,18.5,40,22.5,19.0,19.0,19.0,10.0,1900.0,200
2023-05-10 22:19:55,c2311-C-2680,c2311-C-2680,19.0,0.0,0.0,0.0,13,18.0,18.5,30,22.5,19.0,19.0,19.0,10.0,1900.0,200
2023-05-10 22:20:00,c2311-C-2680,c2311-C-2680,19.0,0.0,0.0,0.0,13,18.0,18.5,40,22.5,19.0,19.0,19.0,10.0,1900.0,200
2023-05-10 22:20:12,c2311-C-2680,c2311-C-2680,19.0,0.0,0.0,0.0,13,18.0,18.5,30,22.5,19.0,19.0,19.0,10.0,1900.0,200
2023-05-10 22:20:12,c2311-C-2680,c2311-C-2680,19.0,0.0,0.0,0.0,13,18.0,18.5,40,22.5,19.0,19.0,19.0,10.0,1900.0,200
2023-05-10 22:21:18,c2311-C-2680,c2311-C-2680,19.0,0.0,0.0,0.0,23,18.0,18.5,10,22.5,19.0,19.0,19.0,10.0,1900.0,200
2023-05-10 22:21:18,c2311-C-2680,c2311-C-2680,19.0,0.0,0.0,0.0,23,18.0,19.0,50,22.5,19.0,19.0,19.0,10.0,1900.0,200
2023-05-10 22:21:25,c2311-C-2680,c2311-C-2680,19.0,0.0,0.0,0.0,33,18.0,19.0,50,22.5,19.0,19.0,19.0,10.0,1900.0,200
2023-05-10 22:21:40,c2311-C-2680,c2311-C-2680,19.0,0.0,0.0,0.0,23,18.0,19.0,50,22.5,19.0,19.0,19.0,10.0,1900.0,200
2023-05-10 22:21:49,c2311-C-2680,c2311-C-2680,19.0,0.0,0.0,0.0,33,18.0,19.0,50,22.5,19.0,19.0,19.0,10.0,1900.0,200
2023-05-10 22:21:55,c2311-C-2680,c2311-C-2680,19.0,0.0,0.0,0.0,33,18.0,19.0,40,22.5,19.0,19.0,19.0,10.0,1900.0,200
2023-05-10 22:22:01,c2311-C-2680,c2311-C-2680,19.0,0.0,0.0,0.0,33,18.0,19.0,50,22.5,19.0,19.0,19.0,10.0,1900.0,200
2023-05-10 22:22:09,c2311-C-2680,c2311-C-2680,19.0,0.0,0.0,0.0,33,18.0,19.0,40,22.5,19.0,19.0,19.0,10.0,1900.0,200
2023-05-10 22:22:15,c2311-C-2680,c2311-C-2680,19.0,0.0,0.0,0.0,33,18.0,19.0,50,22.5,19.0,19.0,19.0,10.0,1900.0,200
2023-05-10 22:22:22,c2311-C-2680,c2311-C-2680,19.0,0.0,0.0,0.0,33,18.0,19.0,40,22.5,19.0,19.0,19.0,10.0,1900.0,200
2023-05-10 22:22:43,c2311-C-2680,c2311-C-2680,19.0,0.0,0.0,0.0,43,18.0,19.0,40,22.5,19.0,19.0,19.0,10.0,1900.0,200
2023-05-10 22:22:47,c2311-C-2680,c2311-C-2680,19.0,0.0,0.0,0.0,53,18.0,19.0,40,22.5,19.0,19.0,19.0,10.0,1900.0,200
2023-05-10 22:23:11,c2311-C-2680,c2311-C-2680,19.0,0.0,0.0,0.0,43,18.0,19.0,40,22.5,19.0,19.0,19.0,10.0,1900.0,200
2023-05-10 22:23:18,c2311-C-2680,c2311-C-2680,19.0,0.0,0.0,0.0,43,18.0,19.0,50,22.5,19.0,19.0,19.0,10.0,1900.0,200
2023-05-10 22:23:32,c2311-C-2680,c2311-C-2680,19.0,0.0,0.0,0.0,43,18.0,19.0,40,22.5,19.0,19.0,19.0,10.0,1900.0,200
2023-05-10 22:24:36,c2311-C-2680,c2311-C-2680,19.0,0.0,0.0,0.0,53,18.0,19.0,40,22.5,19.0,19.0,19.0,10.0,1900.0,200
2023-05-10 22:24:39,c2311-C-2680,c2311-C-2680,19.0,0.0,0.0,0.0,43,18.0,19.0,40,22.5,19.0,19.0,19.0,10.0,1900.0,200
2023-05-10 22:24:40,c2311-C-2680,c2311-C-2680,19.0,0.0,0.0,0.0,53,18.0,19.0,40,22.5,19.0,19.0,19.0,10.0,1900.0,200
2023-05-10 22:24:41,c2311-C-2680,c2311-C-2680,19.0,0.0,0.0,0.0,43,18.0,19.0,40,22.5,19.0,19.0,19.0,10.0,1900.0,200
2023-05-10 22:24:44,c2311-C-2680,c2311-C-2680,19.0,0.0,0.0,0.0,53,18.0,19.0,40,22.5,19.0,19.0,19.0,10.0,1900.0,200
2023-05-10 22:25:50,c2311-C-2680,c2311-C-2680,19.0,0.0,0.0,0.0,43,18.0,19.0,40,22.5,19.0,19.0,19.0,10.0,1900.0,200
2023-05-10 22:25:50,c2311-C-2680,c2311-C-2680,19.0,0.0,0.0,0.0,43,18.0,19.0,50,22.5,19.0,19.0,19.0,10.0,1900.0,200
2023-05-10 22:25:51,c2311-C-2680,c2311-C-2680,19.0,0.0,0.0,0.0,43,18.0,19.0,40,22.5,19.0,19.0,19.0,10.0,1900.0,200
2023-05-10 22:25:58,c2311-C-2680,c2311-C-2680,19.0,0.0,0.0,0.0,53,18.0,19.0,40,22.5,19.0,19.0,19.0,10.0,1900.0,200
2023-05-10 22:26:00,c2311-C-2680,c2311-C-2680,19.0,0.0,0.0,0.0,43,18.0,19.0,40,22.5,19.0,19.0,19.0,10.0,1900.0,200
2023-05-10 22:26:48,c2311-C-2680,c2311-C-2680,19.0,0.0,0.0,0.0,53,18.0,19.0,40,22.5,19.0,19.0,19.0,10.0,1900.0,200
2023-05-10 22:26:50,c2311-C-2680,c2311-C-2680,19.0,0.0,0.0,0.0,43,18.0,19.0,40,22.5,19.0,19.0,19.0,10.0,1900.0,200
2023-05-10 22:28:33,c2311-C-2680,c2311-C-2680,19.0,0.0,0.0,0.0,53,18.0,19.0,40,22.5,19.0,19.0,19.0,10.0,1900.0,200
2023-05-10 22:28:34,c2311-C-2680,c2311-C-2680,19.0,0.0,0.0,0.0,43,18.0,19.0,40,22.5,19.0,19.0,19.0,10.0,1900.0,200
2023-05-10 22:28:35,c2311-C-2680,c2311-C-2680,19.0,0.0,0.0,0.0,53,18.0,19.0,40,22.5,19.0,19.0,19.0,10.0,1900.0,200
2023-05-10 22:30:41,c2311-C-2680,c2311-C-2680,19.0,0.0,0.0,0.0,53,18.0,19.0,30,22.5,19.0,19.0,19.0,10.0,1900.0,200
2023-05-10 22:30:44,c2311-C-2680,c2311-C-2680,19.0,0.0,0.0,0.0,53,18.0,19.0,40,22.5,19.0,19.0,19.0,10.0,1900.0,200
2023-05-10 22:30:47,c2311-C-2680,c2311-C-2680,19.0,0.0,0.0,0.0,53,18.0,19.0,30,22.5,19.0,19.0,19.0,10.0,1900.0,200
2023-05-10 22:30:47,c2311-C-2680,c2311-C-2680,19.0,0.0,0.0,0.0,53,18.0,19.0,40,22.5,19.0,19.0,19.0,10.0,1900.0,200
2023-05-10 22:31:42,c2311-C-2680,c2311-C-2680,19.0,0.0,0.0,0.0,43,18.0,19.0,40,22.5,19.0,19.0,19.0,10.0,1900.0,200
2023-05-10 22:31:50,c2311-C-2680,c2311-C-2680,19.0,0.0,0.0,0.0,33,18.0,19.0,40,22.5,19.0,19.0,19.0,10.0,1900.0,200
2023-05-10 22:31:54,c2311-C-2680,c2311-C-2680,19.0,0.0,0.0,0.0,43,18.0,19.0,40,22.5,19.0,19.0,19.0,10.0,1900.0,200
2023-05-10 22:32:11,c2311-C-2680,c2311-C-2680,19.0,0.0,0.0,0.0,53,18.0,19.0,40,22.5,19.0,19.0,19.0,10.0,1900.0,200
2023-05-10 22:33:46,c2311-C-2680,c2311-C-2680,19.0,0.0,0.0,0.0,43,18.0,19.0,40,22.5,19.0,19.0,19.0,10.0,1900.0,200
2023-05-10 22:33:50,c2311-C-2680,c2311-C-2680,19.0,0.0,0.0,0.0,53,18.0,19.0,40,22.5,19.0,19.0,19.0,10.0,1900.0,200
2023-05-10 22:34:43,c2311-C-2680,c2311-C-2680,19.0,0.0,0.0,0.0,43,18.0,19.0,40,22.5,19.0,19.0,19.0,10.0,1900.0,200
2023-05-10 22:34:44,c2311-C-2680,c2311-C-2680,19.0,0.0,0.0,0.0,53,18.0,19.0,40,22.5,19.0,19.0,19.0,10.0,1900.0,200
2023-05-10 22:34:45,c2311-C-2680,c2311-C-2680,19.0,0.0,0.0,0.0,43,18.0,19.0,40,22.5,19.0,19.0,19.0,10.0,1900.0,200
2023-05-10 22:34:47,c2311-C-2680,c2311-C-2680,19.0,0.0,0.0,0.0,33,18.0,19.0,50,22.5,19.0,19.0,19.0,10.0,1900.0,200
2023-05-10 22:34:53,c2311-C-2680,c2311-C-2680,19.0,0.0,0.0,0.0,43,18.0,19.0,50,22.5,19.0,19.0,19.0,10.0,1900.0,200
2023-05-10 22:34:57,c2311-C-2680,c2311-C-2680,19.0,0.0,0.0,0.0,43,18.0,19.0,40,22.5,19.0,19.0,19.0,10.0,1900.0,200
2023-05-10 22:35:02,c2311-C-2680,c2311-C-2680,19.0,0.0,0.0,0.0,33,18.0,19.0,40,22.5,19.0,19.0,19.0,10.0,1900.0,200
2023-05-10 22:35:06,c2311-C-2680,c2311-C-2680,19.0,0.0,0.0,0.0,33,18.0,19.0,50,22.5,19.0,19.0,19.0,10.0,1900.0,200
2023-05-10 22:35:22,c2311-C-2680,c2311-C-2680,19.0,0.0,0.0,0.0,33,18.0,19.0,40,22.5,19.0,19.0,19.0,10.0,1900.0,200
2023-05-10 22:35:33,c2311-C-2680,c2311-C-2680,19.0,0.0,0.0,0.0,33,18.0,19.0,50,22.5,19.0,19.0,19.0,10.0,1900.0,200
2023-05-10 22:35:46,c2311-C-2680,c2311-C-2680,19.0,0.0,0.0,0.0,23,18.0,19.0,50,22.5,19.0,19.0,19.0,10.0,1900.0,200
2023-05-10 22:36:54,c2311-C-2680,c2311-C-2680,19.0,0.0,0.0,0.0,33,18.0,19.0,40,22.5,19.0,19.0,19.0,10.0,1900.0,200
2023-05-10 22:36:55,c2311-C-2680,c2311-C-2680,19.0,0.0,0.0,0.0,23,18.0,19.0,50,22.5,19.0,19.0,19.0,10.0,1900.0,200
2023-05-10 22:37:08,c2311-C-2680,c2311-C-2680,19.0,0.0,0.0,0.0,33,18.0,19.0,50,22.5,19.0,19.0,19.0,10.0,1900.0,200
2023-05-10 22:37:09,c2311-C-2680,c2311-C-2680,19.0,0.0,0.0,0.0,33,18.0,19.0,40,22.5,19.0,19.0,19.0,10.0,1900.0,200
2023-05-10 22:37:10,c2311-C-2680,c2311-C-2680,19.0,0.0,0.0,0.0,43,18.0,19.0,40,22.5,19.0,19.0,19.0,10.0,1900.0,200
2023-05-10 22:37:11,c2311-C-2680,c2311-C-2680,19.0,0.0,0.0,0.0,33,18.0,19.0,40,22.5,19.0,19.0,19.0,10.0,1900.0,200
2023-05-10 22:37:12,c2311-C-2680,c2311-C-2680,19.0,0.0,0.0,0.0,43,18.0,19.0,40,22.5,19.0,19.0,19.0,10.0,1900.0,200
2023-05-10 22:37:20,c2311-C-2680,c2311-C-2680,19.0,0.0,0.0,0.0,23,18.0,19.0,50,22.5,19.0,19.0,19.0,10.0,1900.0,200
2023-05-10 22:37:41,c2311-C-2680,c2311-C-2680,19.0,0.0,0.0,0.0,33,18.0,19.0,50,22.5,19.0,19.0,19.0,10.0,1900.0,200
2023-05-10 22:37:43,c2311-C-2680,c2311-C-2680,19.0,0.0,0.0,0.0,33,18.0,19.0,40,22.5,19.0,19.0,19.0,10.0,1900.0,200
2023-05-10 22:38:09,c2311-C-2680,c2311-C-2680,19.0,0.0,0.0,0.0,23,18.0,19.0,40,22.5,19.0,19.0,19.0,10.0,1900.0,200
2023-05-10 22:38:09,c2311-C-2680,c2311-C-2680,19.0,0.0,0.0,0.0,33,18.0,19.0,40,22.5,19.0,19.0,19.0,10.0,1900.0,200
2023-05-10 22:38:26,c2311-C-2680,c2311-C-2680,19.0,0.0,0.0,0.0,23,18.0,19.0,50,22.5,19.0,19.0,19.0,10.0,1900.0,200
2023-05-10 22:38:40,c2311-C-2680,c2311-C-2680,19.0,0.0,0.0,0.0,23,18.0,19.0,40,22.5,19.0,19.0,19.0,10.0,1900.0,200
2023-05-10 22:38:43,c2311-C-2680,c2311-C-2680,19.0,0.0,0.0,0.0,23,18.0,19.0,50,22.5,19.0,19.0,19.0,10.0,1900.0,200
2023-05-10 22:38:54,c2311-C-2680,c2311-C-2680,19.0,0.0,0.0,0.0,33,18.0,19.0,40,22.5,19.0,19.0,19.0,10.0,1900.0,200
2023-05-10 22:38:56,c2311-C-2680,c2311-C-2680,19.0,0.0,0.0,0.0,43,18.0,19.0,40,22.5,19.0,19.0,19.0,10.0,1900.0,200
2023-05-10 22:39:38,c2311-C-2680,c2311-C-2680,19.0,0.0,0.0,0.0,33,18.0,19.0,40,22.5,19.0,19.0,19.0,10.0,1900.0,200
2023-05-10 22:40:35,c2311-C-2680,c2311-C-2680,19.0,0.0,0.0,0.0,33,18.0,19.0,50,22.5,19.0,19.0,19.0,10.0,1900.0,200
2023-05-10 22:40:35,c2311-C-2680,c2311-C-2680,19.0,0.0,0.0,0.0,33,18.0,19.0,40,22.5,19.0,19.0,19.0,10.0,1900.0,200
2023-05-10 22:40:36,c2311-C-2680,c2311-C-2680,19.0,0.0,0.0,0.0,43,18.0,19.0,40,22.5,19.0,19.0,19.0,10.0,1900.0,200
2023-05-10 22:40:57,c2311-C-2680,c2311-C-2680,19.0,0.0,0.0,0.0,23,18.0,19.0,40,22.5,19.0,19.0,19.0,10.0,1900.0,200
2023-05-10 22:40:58,c2311-C-2680,c2311-C-2680,19.0,0.0,0.0,0.0,33,18.0,19.0,40,22.5,19.0,19.0,19.0,10.0,1900.0,200
2023-05-10 22:40:58,c2311-C-2680,c2311-C-2680,19.0,0.0,0.0,0.0,23,18.0,19.0,40,22.5,19.0,19.0,19.0,10.0,1900.0,200
2023-05-10 22:40:59,c2311-C-2680,c2311-C-2680,19.0,0.0,0.0,0.0,23,18.0,19.0,50,22.5,19.0,19.0,19.0,10.0,1900.0,200
2023-05-10 22:41:18,c2311-C-2680,c2311-C-2680,19.0,0.0,0.0,0.0,33,18.0,19.0,50,22.5,19.0,19.0,19.0,10.0,1900.0,200
2023-05-10 22:41:44,c2311-C-2680,c2311-C-2680,19.0,0.0,0.0,0.0,23,18.0,19.0,50,22.5,19.0,19.0,19.0,10.0,1900.0,200
2023-05-10 22:41:44,c2311-C-2680,c2311-C-2680,19.0,0.0,0.0,0.0,13,18.0,19.0,50,22.5,19.0,19.0,19.0,10.0,1900.0,200
2023-05-10 22:43:31,c2311-C-2680,c2311-C-2680,19.0,0.0,0.0,0.0,13,18.0,18.5,10,22.5,19.0,19.0,19.0,10.0,1900.0,200
2023-05-10 22:43:31,c2311-C-2680,c2311-C-2680,19.0,0.0,0.0,0.0,13,18.0,18.5,30,22.5,19.0,19.0,19.0,10.0,1900.0,200
2023-05-10 22:43:55,c2311-C-2680,c2311-C-2680,19.0,0.0,0.0,0.0,23,18.0,18.5,10,22.5,19.0,19.0,19.0,10.0,1900.0,200
2023-05-10 22:43:56,c2311-C-2680,c2311-C-2680,19.0,0.0,0.0,0.0,23,18.0,19.0,50,22.5,19.0,19.0,19.0,10.0,1900.0,200
2023-05-10 22:44:16,c2311-C-2680,c2311-C-2680,19.0,0.0,0.0,0.0,23,18.0,18.5,10,22.5,19.0,19.0,19.0,10.0,1900.0,200
2023-05-10 22:44:18,c2311-C-2680,c2311-C-2680,19.0,0.0,0.0,0.0,23,18.0,18.5,20,22.5,19.0,19.0,19.0,10.0,1900.0,200
2023-05-10 22:44:30,c2311-C-2680,c2311-C-2680,19.0,0.0,0.0,0.0,23,18.0,18.5,10,22.5,19.0,19.0,19.0,10.0,1900.0,200
2023-05-10 22:44:35,c2311-C-2680,c2311-C-2680,19.0,0.0,0.0,0.0,23,18.0,19.0,40,22.5,19.0,19.0,19.0,10.0,1900.0,200
2023-05-10 22:45:05,c2311-C-2680,c2311-C-2680,19.0,0.0,0.0,0.0,33,18.0,19.0,40,22.5,19.0,19.0,19.0,10.0,1900.0,200
2023-05-10 22:45:06,c2311-C-2680,c2311-C-2680,19.0,0.0,0.0,0.0,43,18.0,19.0,40,22.5,19.0,19.0,19.0,10.0,1900.0,200
2023-05-10 22:45:09,c2311-C-2680,c2311-C-2680,19.0,0.0,0.0,0.0,33,18.0,19.0,40,22.5,19.0,19.0,19.0,10.0,1900.0,200
2023-05-10 22:45:11,c2311-C-2680,c2311-C-2680,19.0,0.0,0.0,0.0,23,18.0,19.0,40,22.5,19.0,19.0,19.0,10.0,1900.0,200
2023-05-10 22:45:15,c2311-C-2680,c2311-C-2680,19.0,0.0,0.0,0.0,33,18.0,19.0,40,22.5,19.0,19.0,19.0,10.0,1900.0,200
2023-05-10 22:45:18,c2311-C-2680,c2311-C-2680,19.0,0.0,0.0,0.0,23,18.0,19.0,40,22.5,19.0,19.0,19.0,10.0,1900.0,200
2023-05-10 22:45:20,c2311-C-2680,c2311-C-2680,19.0,0.0,0.0,0.0,23,18.0,19.0,50,22.5,19.0,19.0,19.0,10.0,1900.0,200
2023-05-10 22:45:21,c2311-C-2680,c2311-C-2680,19.0,0.0,0.0,0.0,23,18.0,18.5,10,22.5,19.0,19.0,19.0,10.0,1900.0,200
2023-05-10 22:45:22,c2311-C-2680,c2311-C-2680,19.0,0.0,0.0,0.0,23,18.0,18.5,20,22.5,19.0,19.0,19.0,10.0,1900.0,200
2023-05-10 22:45:48,c2311-C-2680,c2311-C-2680,19.0,0.0,0.0,0.0,23,18.0,18.5,10,22.5,19.0,19.0,19.0,10.0,1900.0,200
2023-05-10 22:45:56,c2311-C-2680,c2311-C-2680,19.0,0.0,0.0,0.0,23,18.0,19.0,50,22.5,19.0,19.0,19.0,10.0,1900.0,200
2023-05-10 22:46:28,c2311-C-2680,c2311-C-2680,19.0,0.0,0.0,0.0,23,18.0,18.5,10,22.5,19.0,19.0,19.0,10.0,1900.0,200
2023-05-10 22:46:28,c2311-C-2680,c2311-C-2680,19.0,0.0,0.0,0.0,23,18.0,19.0,50,22.5,19.0,19.0,19.0,10.0,1900.0,200
2023-05-10 22:46:34,c2311-C-2680,c2311-C-2680,19.0,0.0,0.0,0.0,23,18.0,18.5,10,22.5,19.0,19.0,19.0,10.0,1900.0,200
2023-05-10 22:46:35,c2311-C-2680,c2311-C-2680,19.0,0.0,0.0,0.0,23,18.0,19.0,50,22.5,19.0,19.0,19.0,10.0,1900.0,200
2023-05-10 22:47:08,c2311-C-2680,c2311-C-2680,19.0,0.0,0.0,0.0,23,18.0,18.5,10,22.5,19.0,19.0,19.0,10.0,1900.0,200
2023-05-10 22:47:09,c2311-C-2680,c2311-C-2680,19.0,0.0,0.0,0.0,23,18.0,19.0,50,22.5,19.0,19.0,19.0,10.0,1900.0,200
2023-05-10 22:47:14,c2311-C-2680,c2311-C-2680,19.0,0.0,0.0,0.0,13,18.0,19.0,50,22.5,19.0,19.0,19.0,10.0,1900.0,200
2023-05-10 22:47:30,c2311-C-2680,c2311-C-2680,19.0,0.0,0.0,0.0,10,18.0,19.0,50,22.5,19.0,19.0,19.0,10.0,1900.0,200
2023-05-10 22:47:31,c2311-C-2680,c2311-C-2680,19.0,0.0,0.0,0.0,20,18.0,19.0,50,22.5,19.0,19.0,19.0,10.0,1900.0,200
2023-05-10 22:47:51,c2311-C-2680,c2311-C-2680,19.0,0.0,0.0,0.0,30,18.0,19.0,40,22.5,19.0,19.0,19.0,10.0,1900.0,200
2023-05-10 22:47:51,c2311-C-2680,c2311-C-2680,19.0,0.0,0.0,0.0,30,18.0,18.5,10,22.5,19.0,19.0,19.0,10.0,1900.0,200
2023-05-10 22:47:52,c2311-C-2680,c2311-C-2680,19.0,0.0,0.0,0.0,20,18.0,18.5,20,22.5,19.0,19.0,19.0,10.0,1900.0,200
2023-05-10 22:48:12,c2311-C-2680,c2311-C-2680,19.0,0.0,0.0,0.0,20,18.0,18.5,30,22.5,19.0,19.0,19.0,10.0,1900.0,200
2023-05-10 22:48:14,c2311-C-2680,c2311-C-2680,19.0,0.0,0.0,0.0,20,18.0,18.5,20,22.5,19.0,19.0,19.0,10.0,1900.0,200
2023-05-10 22:48:16,c2311-C-2680,c2311-C-2680,19.0,0.0,0.0,0.0,20,18.0,19.0,50,22.5,19.0,19.0,19.0,10.0,1900.0,200
2023-05-10 22:48:17,c2311-C-2680,c2311-C-2680,19.0,0.0,0.0,0.0,20,18.0,19.0,40,22.5,19.0,19.0,19.0,10.0,1900.0,200
2023-05-10 22:48:22,c2311-C-2680,c2311-C-2680,19.0,0.0,0.0,0.0,30,18.0,19.0,40,22.5,19.0,19.0,19.0,10.0,1900.0,200
2023-05-10 22:48:26,c2311-C-2680,c2311-C-2680,19.0,0.0,0.0,0.0,20,18.0,19.0,40,22.5,19.0,19.0,19.0,10.0,1900.0,200
2023-05-10 22:48:30,c2311-C-2680,c2311-C-2680,19.0,0.0,0.0,0.0,20,18.0,19.0,50,22.5,19.0,19.0,19.0,10.0,1900.0,200
2023-05-10 22:48:31,c2311-C-2680,c2311-C-2680,19.0,0.0,0.0,0.0,20,18.0,19.0,40,22.5,19.0,19.0,19.0,10.0,1900.0,200
2023-05-10 22:48:31,c2311-C-2680,c2311-C-2680,19.0,0.0,0.0,0.0,30,18.0,19.0,40,22.5,19.0,19.0,19.0,10.0,1900.0,200
2023-05-10 22:48:38,c2311-C-2680,c2311-C-2680,19.0,0.0,0.0,0.0,20,18.0,19.0,40,22.5,19.0,19.0,19.0,10.0,1900.0,200
2023-05-10 22:48:46,c2311-C-2680,c2311-C-2680,19.0,0.0,0.0,0.0,30,18.0,19.0,40,22.5,19.0,19.0,19.0,10.0,1900.0,200
2023-05-10 22:48:46,c2311-C-2680,c2311-C-2680,19.0,0.0,0.0,0.0,20,18.0,19.0,40,22.5,19.0,19.0,19.0,10.0,1900.0,200
2023-05-10 22:49:00,c2311-C-2680,c2311-C-2680,19.0,0.0,0.0,0.0,30,18.0,19.0,40,22.5,19.0,19.0,19.0,10.0,1900.0,200
2023-05-10 22:49:02,c2311-C-2680,c2311-C-2680,19.0,0.0,0.0,0.0,40,18.0,19.0,40,22.5,19.0,19.0,19.0,10.0,1900.0,200
2023-05-10 22:49:19,c2311-C-2680,c2311-C-2680,19.0,0.0,0.0,0.0,20,18.0,19.0,40,22.5,19.0,19.0,19.0,10.0,1900.0,200
2023-05-10 22:49:20,c2311-C-2680,c2311-C-2680,19.0,0.0,0.0,0.0,40,18.0,19.0,40,22.5,19.0,19.0,19.0,10.0,1900.0,200
2023-05-10 22:49:37,c2311-C-2680,c2311-C-2680,19.0,0.0,0.0,0.0,50,18.0,19.0,40,22.5,19.0,19.0,19.0,10.0,1900.0,200
2023-05-10 22:50:11,c2311-C-2680,c2311-C-2680,19.0,0.0,0.0,0.0,40,18.0,19.0,40,22.5,19.0,19.0,19.0,10.0,1900.0,200
2023-05-10 22:50:13,c2311-C-2680,c2311-C-2680,19.0,0.0,0.0,0.0,50,18.0,19.0,40,22.5,19.0,19.0,19.0,10.0,1900.0,200
2023-05-10 22:52:31,c2311-C-2680,c2311-C-2680,19.0,0.0,0.0,0.0,50,18.0,19.0,30,22.5,19.0,19.0,19.0,10.0,1900.0,200
2023-05-10 22:52:34,c2311-C-2680,c2311-C-2680,19.0,0.0,0.0,0.0,50,18.0,19.0,40,22.5,19.0,19.0,19.0,10.0,1900.0,200
2023-05-10 22:52:35,c2311-C-2680,c2311-C-2680,19.0,0.0,0.0,0.0,50,18.0,19.0,30,22.5,19.0,19.0,19.0,10.0,1900.0,200
2023-05-10 22:52:36,c2311-C-2680,c2311-C-2680,19.0,0.0,0.0,0.0,50,18.0,19.0,40,22.5,19.0,19.0,19.0,10.0,1900.0,200
2023-05-10 22:52:36,c2311-C-2680,c2311-C-2680,19.0,0.0,0.0,0.0,50,18.0,19.0,30,22.5,19.0,19.0,19.0,10.0,1900.0,200
2023-05-10 22:52:37,c2311-C-2680,c2311-C-2680,19.0,0.0,0.0,0.0,50,18.0,19.0,10,22.5,19.0,19.0,19.0,10.0,1900.0,200
2023-05-10 22:52:37,c2311-C-2680,c2311-C-2680,19.0,0.0,0.0,0.0,50,18.0,19.5,50,22.5,19.0,19.0,19.0,10.0,1900.0,200
2023-05-10 22:52:50,c2311-C-2680,c2311-C-2680,19.0,0.0,0.0,0.0,50,18.0,19.0,10,22.5,19.0,19.0,19.0,10.0,1900.0,200
2023-05-10 22:52:51,c2311-C-2680,c2311-C-2680,19.0,0.0,0.0,0.0,50,18.0,19.0,30,22.5,19.0,19.0,19.0,10.0,1900.0,200
2023-05-10 22:52:54,c2311-C-2680,c2311-C-2680,19.0,0.0,0.0,0.0,50,18.0,19.0,20,22.5,19.0,19.0,19.0,10.0,1900.0,200
2023-05-10 22:52:57,c2311-C-2680,c2311-C-2680,19.0,0.0,0.0,0.0,50,18.0,19.0,30,22.5,19.0,19.0,19.0,10.0,1900.0,200
2023-05-10 22:53:09,c2311-C-2680,c2311-C-2680,19.0,10.0,1900.0,0.0,13,18.5,19.0,20,22.5,19.0,19.0,19.0,20.0,3800.0,200
2023-05-10 22:53:09,c2311-C-2680,c2311-C-2680,19.0,0.0,0.0,0.0,23,18.5,19.0,10,22.5,19.0,19.0,19.0,20.0,3800.0,200
2023-05-10 22:53:45,c2311-C-2680,c2311-C-2680,19.0,0.0,0.0,0.0,23,18.5,19.0,20,22.5,19.0,19.0,19.0,20.0,3800.0,200
2023-05-10 22:53:46,c2311-C-2680,c2311-C-2680,19.0,0.0,0.0,0.0,23,18.5,19.0,30,22.5,19.0,19.0,19.0,20.0,3800.0,200
2023-05-10 22:54:09,c2311-C-2680,c2311-C-2680,19.0,0.0,0.0,0.0,23,18.5,19.0,20,22.5,19.0,19.0,19.0,20.0,3800.0,200
2023-05-10 22:54:34,c2311-C-2680,c2311-C-2680,19.0,0.0,0.0,0.0,23,18.5,19.5,50,22.5,19.0,19.0,19.0,20.0,3800.0,200
2023-05-10 22:54:37,c2311-C-2680,c2311-C-2680,19.0,0.0,0.0,0.0,23,18.5,19.5,40,22.5,19.0,19.0,19.0,20.0,3800.0,200
2023-05-10 22:54:38,c2311-C-2680,c2311-C-2680,19.0,0.0,0.0,0.0,23,18.5,19.5,50,22.5,19.0,19.0,19.0,20.0,3800.0,200
2023-05-10 22:54:46,c2311-C-2680,c2311-C-2680,19.0,0.0,0.0,0.0,23,18.5,19.0,10,22.5,19.0,19.0,19.0,20.0,3800.0,200
2023-05-10 22:54:46,c2311-C-2680,c2311-C-2680,19.0,0.0,0.0,0.0,23,18.5,19.5,50,22.5,19.0,19.0,19.0,20.0,3800.0,200
2023-05-10 22:54:48,c2311-C-2680,c2311-C-2680,19.0,0.0,0.0,0.0,23,18.5,19.5,40,22.5,19.0,19.0,19.0,20.0,3800.0,200
2023-05-10 22:54:52,c2311-C-2680,c2311-C-2680,19.0,0.0,0.0,0.0,23,18.5,19.0,10,22.5,19.0,19.0,19.0,20.0,3800.0,200
2023-05-10 22:54:53,c2311-C-2680,c2311-C-2680,19.0,0.0,0.0,0.0,23,18.5,19.5,40,22.5,19.0,19.0,19.0,20.0,3800.0,200
2023-05-10 22:55:02,c2311-C-2680,c2311-C-2680,19.0,0.0,0.0,0.0,33,18.5,19.5,40,22.5,19.0,19.0,19.0,20.0,3800.0,200
2023-05-10 22:55:07,c2311-C-2680,c2311-C-2680,19.0,0.0,0.0,0.0,23,18.5,19.5,40,22.5,19.0,19.0,19.0,20.0,3800.0,200
2023-05-10 22:55:08,c2311-C-2680,c2311-C-2680,19.0,0.0,0.0,0.0,23,18.5,19.5,50,22.5,19.0,19.0,19.0,20.0,3800.0,200
2023-05-10 22:55:14,c2311-C-2680,c2311-C-2680,19.0,0.0,0.0,0.0,33,18.5,19.5,50,22.5,19.0,19.0,19.0,20.0,3800.0,200
2023-05-10 22:55:36,c2311-C-2680,c2311-C-2680,19.0,0.0,0.0,0.0,33,18.5,19.5,40,22.5,19.0,19.0,19.0,20.0,3800.0,200
2023-05-10 22:55:55,c2311-C-2680,c2311-C-2680,19.0,0.0,0.0,0.0,43,18.5,19.5,40,22.5,19.0,19.0,19.0,20.0,3800.0,200
2023-05-10 22:55:56,c2311-C-2680,c2311-C-2680,19.0,0.0,0.0,0.0,40,18.5,19.5,40,22.5,19.0,19.0,19.0,20.0,3800.0,200
2023-05-10 22:56:15,c2311-C-2680,c2311-C-2680,19.0,0.0,0.0,0.0,50,18.5,19.5,40,22.5,19.0,19.0,19.0,20.0,3800.0,200
2023-05-10 22:56:19,c2311-C-2680,c2311-C-2680,19.0,0.0,0.0,0.0,40,18.5,19.5,40,22.5,19.0,19.0,19.0,20.0,3800.0,200
2023-05-10 22:56:19,c2311-C-2680,c2311-C-2680,19.0,0.0,0.0,0.0,50,18.5,19.5,40,22.5,19.0,19.0,19.0,20.0,3800.0,200
2023-05-10 22:56:28,c2311-C-2680,c2311-C-2680,19.0,0.0,0.0,0.0,40,18.5,19.5,40,22.5,19.0,19.0,19.0,20.0,3800.0,200
2023-05-10 22:56:28,c2311-C-2680,c2311-C-2680,19.0,0.0,0.0,0.0,50,18.5,19.5,40,22.5,19.0,19.0,19.0,20.0,3800.0,200
2023-05-10 22:56:48,c2311-C-2680,c2311-C-2680,19.0,0.0,0.0,0.0,40,18.5,19.5,40,22.5,19.0,19.0,19.0,20.0,3800.0,200
2023-05-10 22:56:51,c2311-C-2680,c2311-C-2680,19.0,0.0,0.0,0.0,50,18.5,19.5,40,22.5,19.0,19.0,19.0,20.0,3800.0,200
2023-05-10 22:57:13,c2311-C-2680,c2311-C-2680,19.0,0.0,0.0,0.0,20,18.5,19.0,20,22.5,19.0,19.0,19.0,20.0,3800.0,200
2023-05-10 22:57:14,c2311-C-2680,c2311-C-2680,19.0,0.0,0.0,0.0,20,18.5,19.0,10,22.5,19.0,19.0,19.0,20.0,3800.0,200
2023-05-10 22:57:15,c2311-C-2680,c2311-C-2680,19.0,0.0,0.0,0.0,20,18.5,19.0,20,22.5,19.0,19.0,19.0,20.0,3800.0,200
2023-05-10 22:57:31,c2311-C-2680,c2311-C-2680,19.0,0.0,0.0,0.0,20,18.5,19.0,10,22.5,19.0,19.0,19.0,20.0,3800.0,200
2023-05-10 22:57:39,c2311-C-2680,c2311-C-2680,19.0,0.0,0.0,0.0,20,18.5,19.0,20,22.5,19.0,19.0,19.0,20.0,3800.0,200
2023-05-10 22:57:42,c2311-C-2680,c2311-C-2680,19.0,0.0,0.0,0.0,20,18.5,19.0,30,22.5,19.0,19.0,19.0,20.0,3800.0,200
2023-05-10 22:58:07,c2311-C-2680,c2311-C-2680,19.0,0.0,0.0,0.0,10,18.5,19.0,30,22.5,19.0,19.0,19.0,20.0,3800.0,200
2023-05-10 22:58:08,c2311-C-2680,c2311-C-2680,19.0,0.0,0.0,0.0,40,18.0,19.0,30,22.5,19.0,19.0,19.0,20.0,3800.0,200
2023-05-10 22:58:20,c2311-C-2680,c2311-C-2680,19.0,0.0,0.0,0.0,30,18.0,19.0,30,22.5,19.0,19.0,19.0,20.0,3800.0,200
2023-05-10 22:58:47,c2311-C-2680,c2311-C-2680,19.0,0.0,0.0,0.0,20,18.0,19.0,20,22.5,19.0,19.0,19.0,20.0,3800.0,200
2023-05-10 22:58:48,c2311-C-2680,c2311-C-2680,19.0,0.0,0.0,0.0,10,18.0,19.0,10,22.5,19.0,19.0,19.0,20.0,3800.0,200
2023-05-10 22:58:59,c2311-C-2680,c2311-C-2680,19.0,0.0,0.0,0.0,1,2.5,0.0,0,22.5,19.0,19.0,19.0,20.0,3800.0,200
2023-05-10 22:59:00,c2311-C-2680,c2311-C-2680,19.0,0.0,0.0,0.0,1,2.5,171.0,1,22.5,19.0,19.0,19.0,20.0,3800.0,200
2023-05-10 22:59:16,c2311-C-2680,c2311-C-2680,19.0,0.0,0.0,0.0,1,2.5,170.5,10,22.5,19.0,19.0,19.0,20.0,3800.0,200
2023-05-10 22:59:21,c2311-C-2680,c2311-C-2680,19.0,0.0,0.0,0.0,1,2.5,169.0,1,22.5,19.0,19.0,19.0,20.0,3800.0,200
2023-05-10 22:59:21,c2311-C-2680,c2311-C-2680,19.0,0.0,0.0,0.0,1,2.5,168.5,10,22.5,19.0,19.0,19.0,20.0,3800.0,200
2023-05-10 22:59:22,c2311-C-2680,c2311-C-2680,19.0,0.0,0.0,0.0,1,2.5,167.0,1,22.5,19.0,19.0,19.0,20.0,3800.0,200
2023-05-10 22:59:22,c2311-C-2680,c2311-C-2680,19.0,0.0,0.0,0.0,1,2.5,166.5,10,22.5,19.0,19.0,19.0,20.0,3800.0,200
2023-05-10 22:59:56,c2311-C-2680,c2311-C-2680,19.0,0.0,0.0,0.0,1,2.5,0.0,0,22.5,19.0,19.0,19.0,20.0,3800.0,200
2023-05-11 09:00:00,c2311-C-2680,c2311-C-2680,19.0,0.0,0.0,0.0,1,12.5,0.0,0,22.5,19.0,19.0,19.0,20.0,3800.0,200
2023-05-11 09:00:01,c2311-C-2680,c2311-C-2680,19.0,0.0,0.0,0.0,1,16.0,0.0,0,22.5,19.0,19.0,19.0,20.0,3800.0,200
2023-05-11 09:00:08,c2311-C-2680,c2311-C-2680,19.0,0.0,0.0,0.0,10,3.0,0.0,0,22.5,19.0,19.0,19.0,20.0,3800.0,200
2023-05-11 09:00:09,c2311-C-2680,c2311-C-2680,19.0,0.0,0.0,0.0,1,14.5,0.0,0,22.5,19.0,19.0,19.0,20.0,3800.0,200
2023-05-11 09:00:11,c2311-C-2680,c2311-C-2680,19.0,0.0,0.0,0.0,1,14.5,68.0,10,22.5,19.0,19.0,19.0,20.0,3800.0,200
2023-05-11 09:00:12,c2311-C-2680,c2311-C-2680,19.0,0.0,0.0,0.0,1,14.5,55.5,1,22.5,19.0,19.0,19.0,20.0,3800.0,200
2023-05-11 09:00:12,c2311-C-2680,c2311-C-2680,19.0,0.0,0.0,0.0,1,14.5,42.5,1,22.5,19.0,19.0,19.0,20.0,3800.0,200
2023-05-11 09:00:13,c2311-C-2680,c2311-C-2680,19.0,0.0,0.0,0.0,1,14.5,42.0,10,22.5,19.0,19.0,19.0,20.0,3800.0,200
2023-05-11 09:00:13,c2311-C-2680,c2311-C-2680,19.0,0.0,0.0,0.0,1,14.5,29.5,1,22.5,19.0,19.0,19.0,20.0,3800.0,200
2023-05-11 09:00:14,c2311-C-2680,c2311-C-2680,19.0,0.0,0.0,0.0,1,14.5,23.0,1,22.5,19.0,19.0,19.0,20.0,3800.0,200
2023-05-11 09:01:32,c2311-C-2680,c2311-C-2680,19.0,0.0,0.0,0.0,10,17.5,18.5,10,22.5,19.0,19.0,19.0,20.0,3800.0,200
2023-05-11 09:01:37,c2311-C-2680,c2311-C-2680,19.0,0.0,0.0,0.0,20,17.5,19.0,20,22.5,19.0,19.0,19.0,20.0,3800.0,200
2023-05-11 09:01:38,c2311-C-2680,c2311-C-2680,19.0,0.0,0.0,0.0,20,17.5,18.5,10,22.5,19.0,19.0,19.0,20.0,3800.0,200
2023-05-11 09:01:39,c2311-C-2680,c2311-C-2680,19.0,0.0,0.0,0.0,20,17.5,19.0,20,22.5,19.0,19.0,19.0,20.0,3800.0,200
2023-05-11 09:01:44,c2311-C-2680,c2311-C-2680,19.0,0.0,0.0,0.0,20,17.5,18.5,20,22.5,19.0,19.0,19.0,20.0,3800.0,200
2023-05-11 09:01:45,c2311-C-2680,c2311-C-2680,19.0,0.0,0.0,0.0,20,17.5,19.0,20,22.5,19.0,19.0,19.0,20.0,3800.0,200
2023-05-11 09:01:47,c2311-C-2680,c2311-C-2680,19.0,0.0,0.0,0.0,20,17.5,18.5,20,22.5,19.0,19.0,19.0,20.0,3800.0,200
2023-05-11 09:01:47,c2311-C-2680,c2311-C-2680,19.0,0.0,0.0,0.0,20,17.5,18.5,10,22.5,19.0,19.0,19.0,20.0,3800.0,200
2023-05-11 09:01:48,c2311-C-2680,c2311-C-2680,19.0,0.0,0.0,0.0,20,17.5,19.0,20,22.5,19.0,19.0,19.0,20.0,3800.0,200
2023-05-11 09:01:54,c2311-C-2680,c2311-C-2680,19.0,0.0,0.0,0.0,20,18.0,19.0,20,22.5,19.0,19.0,19.0,20.0,3800.0,200
2023-05-11 09:01:56,c2311-C-2680,c2311-C-2680,19.0,0.0,0.0,0.0,20,18.0,19.0,10,22.5,19.0,19.0,19.0,20.0,3800.0,200
2023-05-11 09:01:56,c2311-C-2680,c2311-C-2680,19.0,0.0,0.0,0.0,20,17.5,19.0,20,22.5,19.0,19.0,19.0,20.0,3800.0,200
2023-05-11 09:02:01,c2311-C-2680,c2311-C-2680,19.0,0.0,0.0,0.0,20,17.5,18.5,10,22.5,19.0,19.0,19.0,20.0,3800.0,200
2023-05-11 09:02:01,c2311-C-2680,c2311-C-2680,18.5,10.0,1850.0,-10.0,3,18.0,19.5,3,22.5,19.0,19.0,18.5,30.0,5650.0,190
2023-05-11 09:02:14,c2311-C-2680,c2311-C-2680,18.5,0.0,0.0,0.0,13,17.5,19.5,3,22.5,19.0,19.0,18.5,30.0,5650.0,190
2023-05-11 09:03:40,c2311-C-2680,c2311-C-2680,18.5,0.0,0.0,0.0,23,17.5,19.5,13,22.5,19.0,19.0,18.5,30.0,5650.0,190
2023-05-11 09:03:40,c2311-C-2680,c2311-C-2680,18.5,0.0,0.0,0.0,33,17.5,19.5,23,22.5,19.0,19.0,18.5,30.0,5650.0,190
2023-05-11 09:04:07,c2311-C-2680,c2311-C-2680,18.5,0.0,0.0,0.0,43,17.5,19.0,10,22.5,19.0,19.0,18.5,30.0,5650.0,190
2023-05-11 09:04:07,c2311-C-2680,c2311-C-2680,18.5,0.0,0.0,0.0,43,17.5,19.0,30,22.5,19.0,19.0,18.5,30.0,5650.0,190
2023-05-11 09:04:28,c2311-C-2680,c2311-C-2680,18.5,0.0,0.0,0.0,43,17.5,18.5,10,22.5,19.0,19.0,18.5,30.0,5650.0,190
2023-05-11 09:04:29,c2311-C-2680,c2311-C-2680,18.5,0.0,0.0,0.0,43,17.5,19.0,30,22.5,19.0,19.0,18.5,30.0,5650.0,190
2023-05-11 09:04:51,c2311-C-2680,c2311-C-2680,18.5,0.0,0.0,0.0,53,17.5,19.0,40,22.5,19.0,19.0,18.5,30.0,5650.0,190
2023-05-11 09:05:02,c2311-C-2680,c2311-C-2680,18.5,0.0,0.0,0.0,53,17.5,18.5,10,22.5,19.0,19.0,18.5,30.0,5650.0,190
2023-05-11 09:05:03,c2311-C-2680,c2311-C-2680,18.5,0.0,0.0,0.0,53,17.5,19.0,40,22.5,19.0,19.0,18.5,30.0,5650.0,190
2023-05-11 09:05:04,c2311-C-2680,c2311-C-2680,18.5,0.0,0.0,0.0,53,17.5,18.5,10,22.5,19.0,19.0,18.5,30.0,5650.0,190
2023-05-11 09:05:04,c2311-C-2680,c2311-C-2680,18.5,0.0,0.0,0.0,53,17.5,19.0,40,22.5,19.0,19.0,18.5,30.0,5650.0,190
2023-05-11 09:05:05,c2311-C-2680,c2311-C-2680,18.5,0.0,0.0,0.0,53,17.5,18.5,20,22.5,19.0,19.0,18.5,30.0,5650.0,190
2023-05-11 09:05:06,c2311-C-2680,c2311-C-2680,18.5,0.0,0.0,0.0,53,17.5,19.0,40,22.5,19.0,19.0,18.5,30.0,5650.0,190
2023-05-11 09:05:06,c2311-C-2680,c2311-C-2680,18.5,0.0,0.0,0.0,53,17.5,18.5,20,22.5,19.0,19.0,18.5,30.0,5650.0,190
2023-05-11 09:05:35,c2311-C-2680,c2311-C-2680,18.5,0.0,0.0,0.0,43,17.5,18.5,30,22.5,19.0,19.0,18.5,30.0,5650.0,190
2023-05-11 09:05:54,c2311-C-2680,c2311-C-2680,18.5,0.0,0.0,0.0,23,17.5,18.5,30,22.5,19.0,19.0,18.5,30.0,5650.0,190
2023-05-11 09:05:55,c2311-C-2680,c2311-C-2680,18.5,0.0,0.0,0.0,43,17.5,18.5,20,22.5,19.0,19.0,18.5,30.0,5650.0,190
2023-05-11 09:06:00,c2311-C-2680,c2311-C-2680,18.5,0.0,0.0,0.0,33,17.5,18.5,30,22.5,19.0,19.0,18.5,30.0,5650.0,190
2023-05-11 09:06:02,c2311-C-2680,c2311-C-2680,18.5,0.0,0.0,0.0,33,17.5,18.5,40,22.5,19.0,19.0,18.5,30.0,5650.0,190
2023-05-11 09:06:13,c2311-C-2680,c2311-C-2680,18.5,0.0,0.0,0.0,43,17.5,18.5,30,22.5,19.0,19.0,18.5,30.0,5650.0,190
2023-05-11 09:06:16,c2311-C-2680,c2311-C-2680,18.5,0.0,0.0,0.0,43,17.5,18.5,20,22.5,19.0,19.0,18.5,30.0,5650.0,190
2023-05-11 09:06:27,c2311-C-2680,c2311-C-2680,18.5,0.0,0.0,0.0,43,17.5,18.5,10,22.5,19.0,19.0,18.5,30.0,5650.0,190
2023-05-11 09:06:33,c2311-C-2680,c2311-C-2680,18.5,0.0,0.0,0.0,43,17.5,19.0,40,22.5,19.0,19.0,18.5,30.0,5650.0,190
2023-05-11 09:06:38,c2311-C-2680,c2311-C-2680,18.5,0.0,0.0,0.0,43,17.5,18.5,10,22.5,19.0,19.0,18.5,30.0,5650.0,190
2023-05-11 09:06:49,c2311-C-2680,c2311-C-2680,18.5,0.0,0.0,0.0,43,17.5,18.5,20,22.5,19.0,19.0,18.5,30.0,5650.0,190
2023-05-11 09:07:10,c2311-C-2680,c2311-C-2680,18.5,0.0,0.0,0.0,43,17.5,18.5,10,22.5,19.0,19.0,18.5,30.0,5650.0,190
2023-05-11 09:07:10,c2311-C-2680,c2311-C-2680,18.5,0.0,0.0,0.0,43,17.5,19.0,40,22.5,19.0,19.0,18.5,30.0,5650.0,190
2023-05-11 09:07:24,c2311-C-2680,c2311-C-2680,18.5,0.0,0.0,0.0,10,18.0,19.0,40,22.5,19.0,19.0,18.5,30.0,5650.0,190
2023-05-11 09:07:24,c2311-C-2680,c2311-C-2680,18.5,0.0,0.0,0.0,20,18.0,19.0,40,22.5,19.0,19.0,18.5,30.0,5650.0,190
2023-05-11 09:07:25,c2311-C-2680,c2311-C-2680,18.5,0.0,0.0,0.0,30,18.0,19.0,40,22.5,19.0,19.0,18.5,30.0,5650.0,190
2023-05-11 09:07:25,c2311-C-2680,c2311-C-2680,18.5,0.0,0.0,0.0,30,18.0,19.0,30,22.5,19.0,19.0,18.5,30.0,5650.0,190
2023-05-11 09:07:27,c2311-C-2680,c2311-C-2680,18.5,0.0,0.0,0.0,40,18.0,19.0,20,22.5,19.0,19.0,18.5,30.0,5650.0,190
2023-05-11 09:08:10,c2311-C-2680,c2311-C-2680,18.5,0.0,0.0,0.0,40,18.0,19.0,10,22.5,19.0,19.0,18.5,30.0,5650.0,190
2023-05-11 09:09:57,c2311-C-2680,c2311-C-2680,18.5,0.0,0.0,0.0,40,18.0,19.5,43,22.5,19.0,19.0,18.5,30.0,5650.0,190
2023-05-11 09:10:26,c2311-C-2680,c2311-C-2680,18.5,0.0,0.0,0.0,40,18.0,19.0,20,22.5,19.0,19.0,18.5,30.0,5650.0,190
2023-05-11 09:10:32,c2311-C-2680,c2311-C-2680,18.5,0.0,0.0,0.0,40,18.0,19.5,43,22.5,19.0,19.0,18.5,30.0,5650.0,190
2023-05-11 09:10:33,c2311-C-2680,c2311-C-2680,18.5,0.0,0.0,0.0,40,18.0,19.0,10,22.5,19.0,19.0,18.5,30.0,5650.0,190
2023-05-11 09:10:33,c2311-C-2680,c2311-C-2680,18.5,0.0,0.0,0.0,40,18.0,19.0,20,22.5,19.0,19.0,18.5,30.0,5650.0,190
2023-05-11 09:10:39,c2311-C-2680,c2311-C-2680,18.5,0.0,0.0,0.0,40,18.0,19.0,30,22.5,19.0,19.0,18.5,30.0,5650.0,190
2023-05-11 09:11:20,c2311-C-2680,c2311-C-2680,18.5,0.0,0.0,0.0,40,18.0,19.0,20,22.5,19.0,19.0,18.5,30.0,5650.0,190
2023-05-11 09:11:26,c2311-C-2680,c2311-C-2680,18.5,0.0,0.0,0.0,40,18.0,19.0,30,22.5,19.0,19.0,18.5,30.0,5650.0,190
2023-05-11 09:11:30,c2311-C-2680,c2311-C-2680,18.5,0.0,0.0,0.0,20,18.0,19.0,40,22.5,19.0,19.0,18.5,30.0,5650.0,190
2023-05-11 09:11:30,c2311-C-2680,c2311-C-2680,18.5,0.0,0.0,0.0,30,18.0,19.0,40,22.5,19.0,19.0,18.5,30.0,5650.0,190
2023-05-11 09:11:32,c2311-C-2680,c2311-C-2680,18.5,0.0,0.0,0.0,40,18.0,19.0,40,22.5,19.0,19.0,18.5,30.0,5650.0,190
2023-05-11 09:11:54,c2311-C-2680,c2311-C-2680,18.5,0.0,0.0,0.0,30,18.0,19.0,40,22.5,19.0,19.0,18.5,30.0,5650.0,190
2023-05-11 09:12:02,c2311-C-2680,c2311-C-2680,18.5,0.0,0.0,0.0,20,18.0,19.0,40,22.5,19.0,19.0,18.5,30.0,5650.0,190
2023-05-11 09:12:03,c2311-C-2680,c2311-C-2680,18.5,0.0,0.0,0.0,10,18.0,19.0,40,22.5,19.0,19.0,18.5,30.0,5650.0,190
2023-05-11 09:12:04,c2311-C-2680,c2311-C-2680,18.5,0.0,0.0,0.0,10,18.0,18.5,10,22.5,19.0,19.0,18.5,30.0,5650.0,190
2023-05-11 09:12:04,c2311-C-2680,c2311-C-2680,18.5,0.0,0.0,0.0,10,18.0,18.5,20,22.5,19.0,19.0,18.5,30.0,5650.0,190
2023-05-11 09:12:53,c2311-C-2680,c2311-C-2680,18.5,0.0,0.0,0.0,43,17.5,18.5,20,22.5,19.0,19.0,18.5,30.0,5650.0,190
2023-05-11 09:13:04,c2311-C-2680,c2311-C-2680,18.5,0.0,0.0,0.0,43,17.5,18.5,30,22.5,19.0,19.0,18.5,30.0,5650.0,190
2023-05-11 09:13:50,c2311-C-2680,c2311-C-2680,18.5,0.0,0.0,0.0,33,17.5,18.5,30,22.5,19.0,19.0,18.5,30.0,5650.0,190
2023-05-11 09:13:51,c2311-C-2680,c2311-C-2680,18.5,0.0,0.0,0.0,43,17.5,18.5,40,22.5,19.0,19.0,18.5,30.0,5650.0,190
2023-05-11 09:13:54,c2311-C-2680,c2311-C-2680,18.5,0.0,0.0,0.0,53,17.5,18.5,40,22.5,19.0,19.0,18.5,30.0,5650.0,190
2023-05-11 09:14:03,c2311-C-2680,c2311-C-2680,18.5,0.0,0.0,0.0,43,17.5,18.5,40,22.5,19.0,19.0,18.5,30.0,5650.0,190
2023-05-11 09:14:06,c2311-C-2680,c2311-C-2680,18.5,0.0,0.0,0.0,53,17.5,18.5,40,22.5,19.0,19.0,18.5,30.0,5650.0,190
2023-05-11 09:14:13,c2311-C-2680,c2311-C-2680,18.5,0.0,0.0,0.0,43,17.5,18.5,40,22.5,19.0,19.0,18.5,30.0,5650.0,190
2023-05-11 09:14:16,c2311-C-2680,c2311-C-2680,18.5,0.0,0.0,0.0,43,17.5,18.5,50,22.5,19.0,19.0,18.5,30.0,5650.0,190
2023-05-11 09:14:19,c2311-C-2680,c2311-C-2680,18.5,0.0,0.0,0.0,53,17.5,18.5,50,22.5,19.0,19.0,18.5,30.0,5650.0,190
2023-05-11 09:14:47,c2311-C-2680,c2311-C-2680,18.5,0.0,0.0,0.0,43,17.5,18.5,50,22.5,19.0,19.0,18.5,30.0,5650.0,190
2023-05-11 09:14:50,c2311-C-2680,c2311-C-2680,18.5,0.0,0.0,0.0,53,17.5,18.5,50,22.5,19.0,19.0,18.5,30.0,5650.0,190
2023-05-11 09:15:00,c2311-C-2680,c2311-C-2680,18.5,0.0,0.0,0.0,33,17.5,18.5,50,22.5,19.0,19.0,18.5,30.0,5650.0,190
2023-05-11 09:15:01,c2311-C-2680,c2311-C-2680,18.5,0.0,0.0,0.0,43,17.5,18.5,50,22.5,19.0,19.0,18.5,30.0,5650.0,190
2023-05-11 09:15:46,c2311-C-2680,c2311-C-2680,18.5,0.0,0.0,0.0,53,17.5,18.5,50,22.5,19.0,19.0,18.5,30.0,5650.0,190
2023-05-11 09:15:54,c2311-C-2680,c2311-C-2680,18.5,0.0,0.0,0.0,53,17.5,18.5,40,22.5,19.0,19.0,18.5,30.0,5650.0,190
2023-05-11 09:15:56,c2311-C-2680,c2311-C-2680,18.5,0.0,0.0,0.0,53,17.5,18.5,50,22.5,19.0,19.0,18.5,30.0,5650.0,190
2023-05-11 09:18:09,c2311-C-2680,c2311-C-2680,18.5,0.0,0.0,0.0,23,17.5,18.0,10,22.5,19.0,19.0,18.5,30.0,5650.0,190
2023-05-11 09:18:10,c2311-C-2680,c2311-C-2680,18.5,0.0,0.0,0.0,43,17.5,18.5,50,22.5,19.0,19.0,18.5,30.0,5650.0,190
2023-05-11 09:18:10,c2311-C-2680,c2311-C-2680,18.5,0.0,0.0,0.0,43,17.5,18.0,10,22.5,19.0,19.0,18.5,30.0,5650.0,190
2023-05-11 09:18:15,c2311-C-2680,c2311-C-2680,18.5,0.0,0.0,0.0,33,17.5,18.0,10,22.5,19.0,19.0,18.5,30.0,5650.0,190
2023-05-11 09:18:16,c2311-C-2680,c2311-C-2680,18.5,0.0,0.0,0.0,23,17.5,18.0,10,22.5,19.0,19.0,18.5,30.0,5650.0,190
2023-05-11 09:18:16,c2311-C-2680,c2311-C-2680,18.5,0.0,0.0,0.0,33,17.5,18.0,10,22.5,19.0,19.0,18.5,30.0,5650.0,190
2023-05-11 09:18:17,c2311-C-2680,c2311-C-2680,18.5,0.0,0.0,0.0,23,17.5,18.0,10,22.5,19.0,19.0,18.5,30.0,5650.0,190
2023-05-11 09:18:18,c2311-C-2680,c2311-C-2680,18.5,0.0,0.0,0.0,23,17.5,18.5,50,22.5,19.0,19.0,18.5,30.0,5650.0,190
2023-05-11 09:18:20,c2311-C-2680,c2311-C-2680,18.5,0.0,0.0,0.0,13,17.5,18.5,50,22.5,19.0,19.0,18.5,30.0,5650.0,190
2023-05-11 09:18:21,c2311-C-2680,c2311-C-2680,18.5,0.0,0.0,0.0,13,17.5,18.0,10,22.5,19.0,19.0,18.5,30.0,5650.0,190
2023-05-11 09:18:21,c2311-C-2680,c2311-C-2680,18.5,0.0,0.0,0.0,13,17.5,18.0,30,22.5,19.0,19.0,18.5,30.0,5650.0,190
2023-05-11 09:18:27,c2311-C-2680,c2311-C-2680,18.5,0.0,0.0,0.0,13,17.5,18.0,40,22.5,19.0,19.0,18.5,30.0,5650.0,190
2023-05-11 09:18:50,c2311-C-2680,c2311-C-2680,18.5,0.0,0.0,0.0,10,17.5,18.0,40,22.5,19.0,19.0,18.5,30.0,5650.0,190
2023-05-11 09:19:36,c2311-C-2680,c2311-C-2680,18.5,0.0,0.0,0.0,10,17.5,18.0,50,22.5,19.0,19.0,18.5,30.0,5650.0,190
2023-05-11 09:19:36,c2311-C-2680,c2311-C-2680,18.5,0.0,0.0,0.0,10,17.5,18.0,40,22.5,19.0,19.0,18.5,30.0,5650.0,190
2023-05-11 09:19:43,c2311-C-2680,c2311-C-2680,18.5,0.0,0.0,0.0,10,17.5,18.0,50,22.5,19.0,19.0,18.5,30.0,5650.0,190
2023-05-11 09:19:44,c2311-C-2680,c2311-C-2680,18.5,0.0,0.0,0.0,10,17.5,18.0,40,22.5,19.0,19.0,18.5,30.0,5650.0,190
2023-05-11 09:19:47,c2311-C-2680,c2311-C-2680,18.5,0.0,0.0,0.0,10,17.5,18.0,50,22.5,19.0,19.0,18.5,30.0,5650.0,190
2023-05-11 09:19:54,c2311-C-2680,c2311-C-2680,18.5,0.0,0.0,0.0,10,17.5,18.0,40,22.5,19.0,19.0,18.5,30.0,5650.0,190
2023-05-11 09:20:19,c2311-C-2680,c2311-C-2680,18.5,0.0,0.0,0.0,10,17.5,18.0,30,22.5,19.0,19.0,18.5,30.0,5650.0,190
2023-05-11 09:20:33,c2311-C-2680,c2311-C-2680,18.5,0.0,0.0,0.0,10,17.5,18.0,40,22.5,19.0,19.0,18.5,30.0,5650.0,190
2023-05-11 09:20:34,c2311-C-2680,c2311-C-2680,18.5,0.0,0.0,0.0,10,17.5,18.0,20,22.5,19.0,19.0,18.5,30.0,5650.0,190
2023-05-11 09:20:34,c2311-C-2680,c2311-C-2680,18.5,0.0,0.0,0.0,10,17.5,18.0,30,22.5,19.0,19.0,18.5,30.0,5650.0,190
2023-05-11 09:20:36,c2311-C-2680,c2311-C-2680,18.5,0.0,0.0,0.0,10,17.5,18.0,40,22.5,19.0,19.0,18.5,30.0,5650.0,190
2023-05-11 09:20:46,c2311-C-2680,c2311-C-2680,18.5,0.0,0.0,0.0,10,17.5,18.0,50,22.5,19.0,19.0,18.5,30.0,5650.0,190
2023-05-11 09:20:47,c2311-C-2680,c2311-C-2680,18.5,0.0,0.0,0.0,10,17.5,18.0,40,22.5,19.0,19.0,18.5,30.0,5650.0,190
2023-05-11 09:20:59,c2311-C-2680,c2311-C-2680,18.5,0.0,0.0,0.0,10,17.5,18.0,50,22.5,19.0,19.0,18.5,30.0,5650.0,190
2023-05-11 09:21:25,c2311-C-2680,c2311-C-2680,18.5,0.0,0.0,0.0,50,17.0,18.0,50,22.5,19.0,19.0,18.5,30.0,5650.0,190
2023-05-11 09:21:33,c2311-C-2680,c2311-C-2680,18.5,0.0,0.0,0.0,50,17.0,18.0,40,22.5,19.0,19.0,18.5,30.0,5650.0,190
2023-05-11 09:21:36,c2311-C-2680,c2311-C-2680,18.5,0.0,0.0,0.0,50,17.0,18.0,50,22.5,19.0,19.0,18.5,30.0,5650.0,190
2023-05-11 09:21:38,c2311-C-2680,c2311-C-2680,18.5,0.0,0.0,0.0,50,17.0,18.0,30,22.5,19.0,19.0,18.5,30.0,5650.0,190
2023-05-11 09:21:41,c2311-C-2680,c2311-C-2680,18.5,0.0,0.0,0.0,50,17.0,18.0,40,22.5,19.0,19.0,18.5,30.0,5650.0,190
2023-05-11 09:21:42,c2311-C-2680,c2311-C-2680,18.5,0.0,0.0,0.0,50,17.0,18.0,30,22.5,19.0,19.0,18.5,30.0,5650.0,190
2023-05-11 09:21:46,c2311-C-2680,c2311-C-2680,18.5,0.0,0.0,0.0,50,17.0,18.0,20,22.5,19.0,19.0,18.5,30.0,5650.0,190
2023-05-11 09:21:48,c2311-C-2680,c2311-C-2680,18.5,0.0,0.0,0.0,20,17.5,18.0,10,22.5,19.0,19.0,18.5,30.0,5650.0,190
2023-05-11 09:21:48,c2311-C-2680,c2311-C-2680,18.5,0.0,0.0,0.0,40,17.5,18.5,50,22.5,19.0,19.0,18.5,30.0,5650.0,190
2023-05-11 09:21:51,c2311-C-2680,c2311-C-2680,18.5,0.0,0.0,0.0,40,17.5,18.0,10,22.5,19.0,19.0,18.5,30.0,5650.0,190
2023-05-11 09:21:51,c2311-C-2680,c2311-C-2680,18.5,0.0,0.0,0.0,40,17.5,18.0,20,22.5,19.0,19.0,18.5,30.0,5650.0,190
2023-05-11 09:21:52,c2311-C-2680,c2311-C-2680,18.5,0.0,0.0,0.0,30,17.5,18.0,20,22.5,19.0,19.0,18.5,30.0,5650.0,190
2023-05-11 09:21:54,c2311-C-2680,c2311-C-2680,18.5,0.0,0.0,0.0,20,17.5,18.0,20,22.5,19.0,19.0,18.5,30.0,5650.0,190
2023-05-11 09:21:54,c2311-C-2680,c2311-C-2680,18.5,0.0,0.0,0.0,40,17.5,18.5,50,22.5,19.0,19.0,18.5,30.0,5650.0,190
2023-05-11 09:21:56,c2311-C-2680,c2311-C-2680,18.5,0.0,0.0,0.0,30,17.5,18.5,50,22.5,19.0,19.0,18.5,30.0,5650.0,190
2023-05-11 09:22:04,c2311-C-2680,c2311-C-2680,18.5,0.0,0.0,0.0,20,17.5,18.5,50,22.5,19.0,19.0,18.5,30.0,5650.0,190
2023-05-11 09:22:04,c2311-C-2680,c2311-C-2680,18.5,0.0,0.0,0.0,30,17.5,18.5,50,22.5,19.0,19.0,18.5,30.0,5650.0,190
2023-05-11 09:22:05,c2311-C-2680,c2311-C-2680,18.5,0.0,0.0,0.0,30,17.5,18.0,10,22.5,19.0,19.0,18.5,30.0,5650.0,190
2023-05-11 09:22:05,c2311-C-2680,c2311-C-2680,18.0,10.0,1800.0,-10.0,33,17.5,18.5,40,22.5,19.0,19.0,18.0,40.0,7450.0,180
2023-05-11 09:22:10,c2311-C-2680,c2311-C-2680,18.0,0.0,0.0,0.0,23,17.5,18.5,40,22.5,19.0,19.0,18.0,40.0,7450.0,180
2023-05-11 09:22:10,c2311-C-2680,c2311-C-2680,18.0,0.0,0.0,0.0,23,17.5,18.0,10,22.5,19.0,19.0,18.0,40.0,7450.0,180
2023-05-11 09:22:11,c2311-C-2680,c2311-C-2680,18.0,0.0,0.0,0.0,23,17.5,18.5,40,22.5,19.0,19.0,18.0,40.0,7450.0,180
2023-05-11 09:22:13,c2311-C-2680,c2311-C-2680,18.0,0.0,0.0,0.0,23,17.5,18.0,10,22.5,19.0,19.0,18.0,40.0,7450.0,180
2023-05-11 09:22:14,c2311-C-2680,c2311-C-2680,18.0,0.0,0.0,0.0,23,17.5,18.5,40,22.5,19.0,19.0,18.0,40.0,7450.0,180
2023-05-11 09:22:15,c2311-C-2680,c2311-C-2680,18.0,0.0,0.0,0.0,33,17.5,18.5,40,22.5,19.0,19.0,18.0,40.0,7450.0,180
2023-05-11 09:22:16,c2311-C-2680,c2311-C-2680,18.0,0.0,0.0,0.0,43,17.5,18.5,40,22.5,19.0,19.0,18.0,40.0,7450.0,180
2023-05-11 09:22:34,c2311-C-2680,c2311-C-2680,18.0,0.0,0.0,0.0,33,17.5,18.5,40,22.5,19.0,19.0,18.0,40.0,7450.0,180
2023-05-11 09:22:34,c2311-C-2680,c2311-C-2680,18.0,0.0,0.0,0.0,43,17.5,18.5,40,22.5,19.0,19.0,18.0,40.0,7450.0,180
2023-05-11 09:22:40,c2311-C-2680,c2311-C-2680,18.0,0.0,0.0,0.0,33,17.5,18.5,40,22.5,19.0,19.0,18.0,40.0,7450.0,180
2023-05-11 09:22:42,c2311-C-2680,c2311-C-2680,18.0,0.0,0.0,0.0,43,17.5,18.5,40,22.5,19.0,19.0,18.0,40.0,7450.0,180
2023-05-11 09:22:45,c2311-C-2680,c2311-C-2680,18.0,0.0,0.0,0.0,23,17.5,18.5,40,22.5,19.0,19.0,18.0,40.0,7450.0,180
2023-05-11 09:22:45,c2311-C-2680,c2311-C-2680,18.0,0.0,0.0,0.0,13,17.5,18.5,40,22.5,19.0,19.0,18.0,40.0,7450.0,180
2023-05-11 09:22:48,c2311-C-2680,c2311-C-2680,18.0,0.0,0.0,0.0,23,17.5,18.5,50,22.5,19.0,19.0,18.0,40.0,7450.0,180
2023-05-11 09:22:52,c2311-C-2680,c2311-C-2680,18.0,0.0,0.0,0.0,53,17.5,18.5,50,22.5,19.0,19.0,18.0,40.0,7450.0,180
2023-05-11 09:22:53,c2311-C-2680,c2311-C-2680,18.0,0.0,0.0,0.0,43,17.5,18.5,50,22.5,19.0,19.0,18.0,40.0,7450.0,180
2023-05-11 09:23:05,c2311-C-2680,c2311-C-2680,18.0,0.0,0.0,0.0,33,17.5,18.5,50,22.5,19.0,19.0,18.0,40.0,7450.0,180
2023-05-11 09:23:09,c2311-C-2680,c2311-C-2680,18.0,0.0,0.0,0.0,23,17.5,18.0,10,22.5,19.0,19.0,18.0,40.0,7450.0,180
2023-05-11 09:23:10,c2311-C-2680,c2311-C-2680,18.0,0.0,0.0,0.0,33,17.5,18.5,50,22.5,19.0,19.0,18.0,40.0,7450.0,180
2023-05-11 09:23:15,c2311-C-2680,c2311-C-2680,18.0,0.0,0.0,0.0,33,17.5,18.0,20,22.5,19.0,19.0,18.0,40.0,7450.0,180
2023-05-11 09:23:16,c2311-C-2680,c2311-C-2680,18.0,0.0,0.0,0.0,43,17.5,18.0,10,22.5,19.0,19.0,18.0,40.0,7450.0,180
2023-05-11 09:23:24,c2311-C-2680,c2311-C-2680,18.0,0.0,0.0,0.0,43,17.5,18.0,20,22.5,19.0,19.0,18.0,40.0,7450.0,180
2023-05-11 09:23:28,c2311-C-2680,c2311-C-2680,18.0,0.0,0.0,0.0,43,17.5,18.0,10,22.5,19.0,19.0,18.0,40.0,7450.0,180
2023-05-11 09:23:31,c2311-C-2680,c2311-C-2680,18.0,0.0,0.0,0.0,33,17.5,18.0,20,22.5,19.0,19.0,18.0,40.0,7450.0,180
2023-05-11 09:23:33,c2311-C-2680,c2311-C-2680,18.0,0.0,0.0,0.0,33,17.5,18.0,10,22.5,19.0,19.0,18.0,40.0,7450.0,180
2023-05-11 09:23:35,c2311-C-2680,c2311-C-2680,18.0,0.0,0.0,0.0,33,17.5,18.0,20,22.5,19.0,19.0,18.0,40.0,7450.0,180
2023-05-11 09:23:36,c2311-C-2680,c2311-C-2680,18.0,0.0,0.0,0.0,33,17.5,18.0,10,22.5,19.0,19.0,18.0,40.0,7450.0,180
2023-05-11 09:23:36,c2311-C-2680,c2311-C-2680,18.0,0.0,0.0,0.0,33,17.5,18.0,20,22.5,19.0,19.0,18.0,40.0,7450.0,180
2023-05-11 09:23:37,c2311-C-2680,c2311-C-2680,18.0,0.0,0.0,0.0,33,17.5,18.0,10,22.5,19.0,19.0,18.0,40.0,7450.0,180
2023-05-11 09:23:47,c2311-C-2680,c2311-C-2680,18.0,0.0,0.0,0.0,23,17.5,18.0,20,22.5,19.0,19.0,18.0,40.0,7450.0,180
2023-05-11 09:23:48,c2311-C-2680,c2311-C-2680,18.0,0.0,0.0,0.0,13,17.5,18.0,20,22.5,19.0,19.0,18.0,40.0,7450.0,180
2023-05-11 09:23:49,c2311-C-2680,c2311-C-2680,18.0,0.0,0.0,0.0,13,17.5,18.0,30,22.5,19.0,19.0,18.0,40.0,7450.0,180
2023-05-11 09:23:50,c2311-C-2680,c2311-C-2680,18.0,0.0,0.0,0.0,13,17.5,18.0,20,22.5,19.0,19.0,18.0,40.0,7450.0,180
2023-05-11 09:23:55,c2311-C-2680,c2311-C-2680,18.0,0.0,0.0,0.0,13,17.5,18.0,40,22.5,19.0,19.0,18.0,40.0,7450.0,180
2023-05-11 09:23:56,c2311-C-2680,c2311-C-2680,18.0,0.0,0.0,0.0,13,17.5,18.0,30,22.5,19.0,19.0,18.0,40.0,7450.0,180
2023-05-11 09:23:56,c2311-C-2680,c2311-C-2680,18.0,0.0,0.0,0.0,3,17.5,18.0,40,22.5,19.0,19.0,18.0,40.0,7450.0,180
2023-05-11 09:23:57,c2311-C-2680,c2311-C-2680,18.0,0.0,0.0,0.0,13,17.5,18.0,40,22.5,19.0,19.0,18.0,40.0,7450.0,180
2023-05-11 09:23:57,c2311-C-2680,c2311-C-2680,18.0,0.0,0.0,0.0,23,17.5,18.0,30,22.5,19.0,19.0,18.0,40.0,7450.0,180
2023-05-11 09:23:58,c2311-C-2680,c2311-C-2680,18.0,0.0,0.0,0.0,13,17.5,18.0,40,22.5,19.0,19.0,18.0,40.0,7450.0,180
2023-05-11 09:24:04,c2311-C-2680,c2311-C-2680,18.0,0.0,0.0,0.0,10,17.5,18.0,40,22.5,19.0,19.0,18.0,40.0,7450.0,180
2023-05-11 09:24:09,c2311-C-2680,c2311-C-2680,18.0,0.0,0.0,0.0,10,17.5,18.0,50,22.5,19.0,19.0,18.0,40.0,7450.0,180
2023-05-11 09:24:11,c2311-C-2680,c2311-C-2680,18.0,0.0,0.0,0.0,10,17.5,18.0,40,22.5,19.0,19.0,18.0,40.0,7450.0,180
2023-05-11 09:24:13,c2311-C-2680,c2311-C-2680,18.0,0.0,0.0,0.0,20,17.5,18.0,30,22.5,19.0,19.0,18.0,40.0,7450.0,180
2023-05-11 09:24:13,c2311-C-2680,c2311-C-2680,18.0,0.0,0.0,0.0,10,17.5,18.0,40,22.5,19.0,19.0,18.0,40.0,7450.0,180
2023-05-11 09:25:38,c2311-C-2680,c2311-C-2680,18.0,0.0,0.0,0.0,20,17.5,18.0,40,22.5,19.0,19.0,18.0,40.0,7450.0,180
2023-05-11 09:25:38,c2311-C-2680,c2311-C-2680,18.0,0.0,0.0,0.0,30,17.5,18.0,30,22.5,19.0,19.0,18.0,40.0,7450.0,180
2023-05-11 09:25:39,c2311-C-2680,c2311-C-2680,18.0,0.0,0.0,0.0,20,17.5,18.0,30,22.5,19.0,19.0,18.0,40.0,7450.0,180
2023-05-11 09:25:41,c2311-C-2680,c2311-C-2680,18.0,0.0,0.0,0.0,20,17.5,18.0,40,22.5,19.0,19.0,18.0,40.0,7450.0,180
2023-05-11 09:25:42,c2311-C-2680,c2311-C-2680,18.0,0.0,0.0,0.0,20,17.5,18.0,30,22.5,19.0,19.0,18.0,40.0,7450.0,180
2023-05-11 09:25:43,c2311-C-2680,c2311-C-2680,18.0,0.0,0.0,0.0,30,17.5,18.0,40,22.5,19.0,19.0,18.0,40.0,7450.0,180
2023-05-11 09:25:46,c2311-C-2680,c2311-C-2680,18.0,0.0,0.0,0.0,20,17.5,18.0,40,22.5,19.0,19.0,18.0,40.0,7450.0,180
2023-05-11 09:26:11,c2311-C-2680,c2311-C-2680,18.0,0.0,0.0,0.0,20,17.5,18.0,30,22.5,19.0,19.0,18.0,40.0,7450.0,180
2023-05-11 09:26:29,c2311-C-2680,c2311-C-2680,18.0,0.0,0.0,0.0,20,17.5,18.0,20,22.5,19.0,19.0,18.0,40.0,7450.0,180
2023-05-11 09:26:33,c2311-C-2680,c2311-C-2680,18.0,0.0,0.0,0.0,20,17.5,18.0,40,22.5,19.0,19.0,18.0,40.0,7450.0,180
2023-05-11 09:26:34,c2311-C-2680,c2311-C-2680,18.0,0.0,0.0,0.0,20,17.5,18.0,30,22.5,19.0,19.0,18.0,40.0,7450.0,180
2023-05-11 09:26:36,c2311-C-2680,c2311-C-2680,18.0,0.0,0.0,0.0,20,17.5,18.0,20,22.5,19.0,19.0,18.0,40.0,7450.0,180
2023-05-11 09:26:42,c2311-C-2680,c2311-C-2680,18.0,0.0,0.0,0.0,20,17.5,18.0,10,22.5,19.0,19.0,18.0,40.0,7450.0,180
2023-05-11 09:26:43,c2311-C-2680,c2311-C-2680,18.0,0.0,0.0,0.0,30,17.5,18.5,50,22.5,19.0,19.0,18.0,40.0,7450.0,180
2023-05-11 09:26:53,c2311-C-2680,c2311-C-2680,18.0,0.0,0.0,0.0,40,17.5,18.5,50,22.5,19.0,19.0,18.0,40.0,7450.0,180
2023-05-11 09:26:54,c2311-C-2680,c2311-C-2680,18.0,0.0,0.0,0.0,50,17.5,18.5,50,22.5,19.0,19.0,18.0,40.0,7450.0,180
2023-05-11 09:27:24,c2311-C-2680,c2311-C-2680,18.0,0.0,0.0,0.0,40,17.5,18.5,50,22.5,19.0,19.0,18.0,40.0,7450.0,180
2023-05-11 09:27:25,c2311-C-2680,c2311-C-2680,18.0,0.0,0.0,0.0,50,17.5,18.5,50,22.5,19.0,19.0,18.0,40.0,7450.0,180
2023-05-11 09:30:40,c2311-C-2680,c2311-C-2680,18.0,0.0,0.0,0.0,30,17.5,18.5,50,22.5,19.0,19.0,18.0,40.0,7450.0,180
2023-05-11 09:30:41,c2311-C-2680,c2311-C-2680,18.0,0.0,0.0,0.0,20,17.5,18.5,50,22.5,19.0,19.0,18.0,40.0,7450.0,180
2023-05-11 09:30:43,c2311-C-2680,c2311-C-2680,18.0,0.0,0.0,0.0,20,17.5,18.0,30,22.5,19.0,19.0,18.0,40.0,7450.0,180
2023-05-11 09:30:50,c2311-C-2680,c2311-C-2680,18.0,0.0,0.0,0.0,20,17.5,18.0,40,22.5,19.0,19.0,18.0,40.0,7450.0,180
2023-05-11 09:30:50,c2311-C-2680,c2311-C-2680,18.0,0.0,0.0,0.0,20,17.5,18.0,30,22.5,19.0,19.0,18.0,40.0,7450.0,180
2023-05-11 09:30:52,c2311-C-2680,c2311-C-2680,18.0,0.0,0.0,0.0,10,17.5,18.0,30,22.5,19.0,19.0,18.0,40.0,7450.0,180
2023-05-11 09:30:55,c2311-C-2680,c2311-C-2680,18.0,0.0,0.0,0.0,10,17.5,18.0,40,22.5,19.0,19.0,18.0,40.0,7450.0,180
2023-05-11 09:30:57,c2311-C-2680,c2311-C-2680,18.0,0.0,0.0,0.0,10,17.5,18.0,30,22.5,19.0,19.0,18.0,40.0,7450.0,180
2023-05-11 09:30:57,c2311-C-2680,c2311-C-2680,18.0,0.0,0.0,0.0,10,17.5,18.0,40,22.5,19.0,19.0,18.0,40.0,7450.0,180
2023-05-11 09:31:04,c2311-C-2680,c2311-C-2680,18.0,0.0,0.0,0.0,10,17.5,18.0,50,22.5,19.0,19.0,18.0,40.0,7450.0,180
2023-05-11 09:31:07,c2311-C-2680,c2311-C-2680,18.0,0.0,0.0,0.0,10,17.5,18.0,40,22.5,19.0,19.0,18.0,40.0,7450.0,180
2023-05-11 09:31:17,c2311-C-2680,c2311-C-2680,18.0,0.0,0.0,0.0,10,17.5,18.0,30,22.5,19.0,19.0,18.0,40.0,7450.0,180
2023-05-11 09:31:18,c2311-C-2680,c2311-C-2680,18.0,0.0,0.0,0.0,10,17.5,18.0,40,22.5,19.0,19.0,18.0,40.0,7450.0,180
2023-05-11 09:31:19,c2311-C-2680,c2311-C-2680,18.0,0.0,0.0,0.0,10,17.5,18.0,30,22.5,19.0,19.0,18.0,40.0,7450.0,180
2023-05-11 09:31:21,c2311-C-2680,c2311-C-2680,18.0,0.0,0.0,0.0,10,17.5,18.0,40,22.5,19.0,19.0,18.0,40.0,7450.0,180
2023-05-11 09:31:39,c2311-C-2680,c2311-C-2680,18.0,0.0,0.0,0.0,20,17.5,18.0,30,22.5,19.0,19.0,18.0,40.0,7450.0,180
