time,symbol_id,symbol_name,last,trade_volume,trade_amount,open_interest_change,bv1,bp1,ap1,av1,yesterday_close,today_open,today_high,today_low,volume,amount,open_interest
2023-05-10 21:00:29,c2311-C-2340,c2311-C-2340,182.0,0.0,0.0,0.0,1,33.5,0.0,0,182.0,0.0,0.0,0.0,0.0,0.0,1
2023-05-10 21:00:30,c2311-C-2340,c2311-C-2340,182.0,0.0,0.0,0.0,1,61.0,0.0,0,182.0,0.0,0.0,0.0,0.0,0.0,1
2023-05-10 21:00:44,c2311-C-2340,c2311-C-2340,182.0,0.0,0.0,0.0,1,61.5,0.0,0,182.0,0.0,0.0,0.0,0.0,0.0,1
2023-05-10 21:02:00,c2311-C-2340,c2311-C-2340,182.0,0.0,0.0,0.0,1,63.0,0.0,0,182.0,0.0,0.0,0.0,0.0,0.0,1
2023-05-10 21:02:00,c2311-C-2340,c2311-C-2340,182.0,0.0,0.0,0.0,1,63.0,329.5,1,182.0,0.0,0.0,0.0,0.0,0.0,1
2023-05-10 21:30:44,c2311-C-2340,c2311-C-2340,182.0,0.0,0.0,0.0,1,63.5,329.5,1,182.0,0.0,0.0,0.0,0.0,0.0,1
2023-05-10 21:30:45,c2311-C-2340,c2311-C-2340,182.0,0.0,0.0,0.0,1,65.0,329.5,1,182.0,0.0,0.0,0.0,0.0,0.0,1
2023-05-10 22:00:44,c2311-C-2340,c2311-C-2340,182.0,0.0,0.0,0.0,1,65.5,329.5,1,182.0,0.0,0.0,0.0,0.0,0.0,1
2023-05-10 22:00:45,c2311-C-2340,c2311-C-2340,182.0,0.0,0.0,0.0,1,67.0,329.5,1,182.0,0.0,0.0,0.0,0.0,0.0,1
2023-05-10 22:41:57,c2311-C-2340,c2311-C-2340,182.0,0.0,0.0,0.0,1,67.5,329.5,1,182.0,0.0,0.0,0.0,0.0,0.0,1
2023-05-10 22:41:58,c2311-C-2340,c2311-C-2340,182.0,0.0,0.0,0.0,1,69.0,329.5,1,182.0,0.0,0.0,0.0,0.0,0.0,1
2023-05-10 22:59:45,c2311-C-2340,c2311-C-2340,182.0,0.0,0.0,0.0,1,67.5,0.0,0,182.0,0.0,0.0,0.0,0.0,0.0,1
2023-05-11 09:02:02,c2311-C-2340,c2311-C-2340,182.0,0.0,0.0,0.0,1,69.0,329.5,1,182.0,0.0,0.0,0.0,0.0,0.0,1
2023-05-11 09:02:15,c2311-C-2340,c2311-C-2340,182.0,0.0,0.0,0.0,1,69.5,329.5,1,182.0,0.0,0.0,0.0,0.0,0.0,1
2023-05-11 09:02:22,c2311-C-2340,c2311-C-2340,182.0,0.0,0.0,0.0,1,71.0,329.5,1,182.0,0.0,0.0,0.0,0.0,0.0,1
2023-05-11 09:42:12,c2311-C-2340,c2311-C-2340,182.0,0.0,0.0,0.0,1,71.5,329.5,1,182.0,0.0,0.0,0.0,0.0,0.0,1
2023-05-11 09:42:12,c2311-C-2340,c2311-C-2340,182.0,0.0,0.0,0.0,1,73.0,329.5,1,182.0,0.0,0.0,0.0,0.0,0.0,1
2023-05-11 10:13:19,c2311-C-2340,c2311-C-2340,182.0,0.0,0.0,0.0,1,73.5,329.5,1,182.0,0.0,0.0,0.0,0.0,0.0,1
2023-05-11 10:13:20,c2311-C-2340,c2311-C-2340,182.0,0.0,0.0,0.0,1,75.0,329.5,1,182.0,0.0,0.0,0.0,0.0,0.0,1
2023-05-11 10:14:59,c2311-C-2340,c2311-C-2340,182.0,0.0,0.0,0.0,1,73.5,0.0,0,182.0,0.0,0.0,0.0,0.0,0.0,1
2023-05-11 10:31:59,c2311-C-2340,c2311-C-2340,182.0,0.0,0.0,0.0,1,75.0,329.5,1,182.0,0.0,0.0,0.0,0.0,0.0,1
2023-05-11 10:48:56,c2311-C-2340,c2311-C-2340,182.0,0.0,0.0,0.0,1,75.5,329.5,1,182.0,0.0,0.0,0.0,0.0,0.0,1
2023-05-11 10:48:57,c2311-C-2340,c2311-C-2340,182.0,0.0,0.0,0.0,1,77.0,329.5,1,182.0,0.0,0.0,0.0,0.0,0.0,1
2023-05-11 11:19:45,c2311-C-2340,c2311-C-2340,182.0,0.0,0.0,0.0,1,77.5,329.5,1,182.0,0.0,0.0,0.0,0.0,0.0,1
2023-05-11 11:19:45,c2311-C-2340,c2311-C-2340,182.0,0.0,0.0,0.0,1,79.0,329.5,1,182.0,0.0,0.0,0.0,0.0,0.0,1
2023-05-11 11:29:45,c2311-C-2340,c2311-C-2340,182.0,0.0,0.0,0.0,1,77.5,0.0,0,182.0,0.0,0.0,0.0,0.0,0.0,1
2023-05-11 13:31:12,c2311-C-2340,c2311-C-2340,182.0,0.0,0.0,0.0,2,84.0,0.0,0,182.0,0.0,0.0,0.0,0.0,0.0,1
2023-05-11 13:31:12,c2311-C-2340,c2311-C-2340,182.0,0.0,0.0,0.0,1,85.5,329.5,1,182.0,0.0,0.0,0.0,0.0,0.0,1
2023-05-11 13:31:43,c2311-C-2340,c2311-C-2340,182.0,0.0,0.0,0.0,2,92.0,329.5,1,182.0,0.0,0.0,0.0,0.0,0.0,1
2023-05-11 13:31:44,c2311-C-2340,c2311-C-2340,182.0,0.0,0.0,0.0,1,93.5,329.5,1,182.0,0.0,0.0,0.0,0.0,0.0,1
2023-05-11 13:31:45,c2311-C-2340,c2311-C-2340,182.0,0.0,0.0,0.0,2,100.0,329.5,1,182.0,0.0,0.0,0.0,0.0,0.0,1
2023-05-11 13:31:45,c2311-C-2340,c2311-C-2340,182.0,0.0,0.0,0.0,1,101.5,329.5,1,182.0,0.0,0.0,0.0,0.0,0.0,1
2023-05-11 13:31:49,c2311-C-2340,c2311-C-2340,182.0,0.0,0.0,0.0,2,108.0,329.5,1,182.0,0.0,0.0,0.0,0.0,0.0,1
2023-05-11 13:31:49,c2311-C-2340,c2311-C-2340,182.0,0.0,0.0,0.0,1,109.5,329.5,1,182.0,0.0,0.0,0.0,0.0,0.0,1
2023-05-11 13:31:52,c2311-C-2340,c2311-C-2340,182.0,0.0,0.0,0.0,2,110.0,329.5,1,182.0,0.0,0.0,0.0,0.0,0.0,1
2023-05-11 13:31:52,c2311-C-2340,c2311-C-2340,182.0,0.0,0.0,0.0,1,111.5,329.5,1,182.0,0.0,0.0,0.0,0.0,0.0,1
2023-05-11 13:31:54,c2311-C-2340,c2311-C-2340,182.0,0.0,0.0,0.0,2,112.0,329.5,1,182.0,0.0,0.0,0.0,0.0,0.0,1
2023-05-11 13:31:54,c2311-C-2340,c2311-C-2340,182.0,0.0,0.0,0.0,1,113.5,329.5,1,182.0,0.0,0.0,0.0,0.0,0.0,1
2023-05-11 13:31:55,c2311-C-2340,c2311-C-2340,182.0,0.0,0.0,0.0,2,114.0,329.5,1,182.0,0.0,0.0,0.0,0.0,0.0,1
2023-05-11 13:31:55,c2311-C-2340,c2311-C-2340,182.0,0.0,0.0,0.0,1,115.5,329.5,1,182.0,0.0,0.0,0.0,0.0,0.0,1
2023-05-11 13:53:15,c2311-C-2340,c2311-C-2340,182.0,0.0,0.0,0.0,2,122.0,329.5,1,182.0,0.0,0.0,0.0,0.0,0.0,1
2023-05-11 13:53:15,c2311-C-2340,c2311-C-2340,182.0,0.0,0.0,0.0,1,123.5,329.5,1,182.0,0.0,0.0,0.0,0.0,0.0,1
2023-05-11 13:53:16,c2311-C-2340,c2311-C-2340,182.0,0.0,0.0,0.0,2,124.0,329.5,1,182.0,0.0,0.0,0.0,0.0,0.0,1
2023-05-11 13:53:16,c2311-C-2340,c2311-C-2340,182.0,0.0,0.0,0.0,1,125.5,329.5,1,182.0,0.0,0.0,0.0,0.0,0.0,1
2023-05-11 13:53:17,c2311-C-2340,c2311-C-2340,182.0,0.0,0.0,0.0,2,126.0,329.5,1,182.0,0.0,0.0,0.0,0.0,0.0,1
2023-05-11 13:53:19,c2311-C-2340,c2311-C-2340,182.0,0.0,0.0,0.0,1,84.5,329.5,1,182.0,0.0,0.0,0.0,0.0,0.0,1
2023-05-11 13:53:19,c2311-C-2340,c2311-C-2340,182.0,0.0,0.0,0.0,2,91.0,329.5,1,182.0,0.0,0.0,0.0,0.0,0.0,1
2023-05-11 13:53:20,c2311-C-2340,c2311-C-2340,182.0,0.0,0.0,0.0,1,92.5,329.5,1,182.0,0.0,0.0,0.0,0.0,0.0,1
2023-05-11 13:53:20,c2311-C-2340,c2311-C-2340,182.0,0.0,0.0,0.0,2,99.0,329.5,1,182.0,0.0,0.0,0.0,0.0,0.0,1
2023-05-11 13:53:21,c2311-C-2340,c2311-C-2340,182.0,0.0,0.0,0.0,1,100.5,329.5,1,182.0,0.0,0.0,0.0,0.0,0.0,1
2023-05-11 13:53:21,c2311-C-2340,c2311-C-2340,182.0,0.0,0.0,0.0,2,104.0,329.5,1,182.0,0.0,0.0,0.0,0.0,0.0,1
2023-05-11 13:53:22,c2311-C-2340,c2311-C-2340,182.0,0.0,0.0,0.0,1,105.5,329.5,1,182.0,0.0,0.0,0.0,0.0,0.0,1
2023-05-11 13:53:22,c2311-C-2340,c2311-C-2340,182.0,0.0,0.0,0.0,2,106.0,329.5,1,182.0,0.0,0.0,0.0,0.0,0.0,1
2023-05-11 13:53:23,c2311-C-2340,c2311-C-2340,182.0,0.0,0.0,0.0,1,107.5,329.5,1,182.0,0.0,0.0,0.0,0.0,0.0,1
2023-05-11 13:53:23,c2311-C-2340,c2311-C-2340,182.0,0.0,0.0,0.0,2,108.0,329.5,1,182.0,0.0,0.0,0.0,0.0,0.0,1
2023-05-11 13:53:24,c2311-C-2340,c2311-C-2340,182.0,0.0,0.0,0.0,1,109.5,329.5,1,182.0,0.0,0.0,0.0,0.0,0.0,1
2023-05-11 13:53:24,c2311-C-2340,c2311-C-2340,182.0,0.0,0.0,0.0,2,110.0,329.5,1,182.0,0.0,0.0,0.0,0.0,0.0,1
2023-05-11 13:53:26,c2311-C-2340,c2311-C-2340,182.0,0.0,0.0,0.0,1,111.5,329.5,1,182.0,0.0,0.0,0.0,0.0,0.0,1
2023-05-11 13:59:46,c2311-C-2340,c2311-C-2340,182.0,0.0,0.0,0.0,10,154.0,163.0,10,182.0,0.0,0.0,0.0,0.0,0.0,1
2023-05-11 13:59:47,c2311-C-2340,c2311-C-2340,182.0,0.0,0.0,0.0,20,154.0,163.0,20,182.0,0.0,0.0,0.0,0.0,0.0,1
2023-05-11 13:59:55,c2311-C-2340,c2311-C-2340,182.0,0.0,0.0,0.0,10,157.0,163.0,30,182.0,0.0,0.0,0.0,0.0,0.0,1
2023-05-11 13:59:55,c2311-C-2340,c2311-C-2340,182.0,0.0,0.0,0.0,10,157.0,163.0,40,182.0,0.0,0.0,0.0,0.0,0.0,1
2023-05-11 13:59:58,c2311-C-2340,c2311-C-2340,182.0,0.0,0.0,0.0,10,157.0,163.0,30,182.0,0.0,0.0,0.0,0.0,0.0,1
2023-05-11 13:59:59,c2311-C-2340,c2311-C-2340,182.0,0.0,0.0,0.0,10,157.0,162.5,10,182.0,0.0,0.0,0.0,0.0,0.0,1
2023-05-11 14:00:03,c2311-C-2340,c2311-C-2340,182.0,0.0,0.0,0.0,20,157.0,162.5,20,182.0,0.0,0.0,0.0,0.0,0.0,1
2023-05-11 14:00:06,c2311-C-2340,c2311-C-2340,182.0,0.0,0.0,0.0,10,157.0,162.5,20,182.0,0.0,0.0,0.0,0.0,0.0,1
2023-05-11 14:00:11,c2311-C-2340,c2311-C-2340,182.0,0.0,0.0,0.0,10,157.0,162.5,10,182.0,0.0,0.0,0.0,0.0,0.0,1
2023-05-11 14:00:14,c2311-C-2340,c2311-C-2340,182.0,0.0,0.0,0.0,10,155.5,164.0,10,182.0,0.0,0.0,0.0,0.0,0.0,1
2023-05-11 14:00:17,c2311-C-2340,c2311-C-2340,182.0,0.0,0.0,0.0,1,84.5,0.0,0,182.0,0.0,0.0,0.0,0.0,0.0,1
2023-05-11 14:00:17,c2311-C-2340,c2311-C-2340,182.0,0.0,0.0,0.0,2,91.0,329.5,1,182.0,0.0,0.0,0.0,0.0,0.0,1
2023-05-11 14:00:18,c2311-C-2340,c2311-C-2340,182.0,0.0,0.0,0.0,1,92.5,329.5,1,182.0,0.0,0.0,0.0,0.0,0.0,1
2023-05-11 14:00:18,c2311-C-2340,c2311-C-2340,182.0,0.0,0.0,0.0,2,99.0,329.5,1,182.0,0.0,0.0,0.0,0.0,0.0,1
2023-05-11 14:00:19,c2311-C-2340,c2311-C-2340,182.0,0.0,0.0,0.0,1,100.5,329.5,1,182.0,0.0,0.0,0.0,0.0,0.0,1
2023-05-11 14:00:19,c2311-C-2340,c2311-C-2340,182.0,0.0,0.0,0.0,2,107.0,329.5,1,182.0,0.0,0.0,0.0,0.0,0.0,1
2023-05-11 14:00:20,c2311-C-2340,c2311-C-2340,182.0,0.0,0.0,0.0,1,108.5,329.5,1,182.0,0.0,0.0,0.0,0.0,0.0,1
2023-05-11 14:00:20,c2311-C-2340,c2311-C-2340,182.0,0.0,0.0,0.0,2,109.0,329.5,1,182.0,0.0,0.0,0.0,0.0,0.0,1
2023-05-11 14:00:21,c2311-C-2340,c2311-C-2340,182.0,0.0,0.0,0.0,1,110.5,329.5,1,182.0,0.0,0.0,0.0,0.0,0.0,1
2023-05-11 14:00:21,c2311-C-2340,c2311-C-2340,182.0,0.0,0.0,0.0,2,111.0,329.5,1,182.0,0.0,0.0,0.0,0.0,0.0,1
2023-05-11 14:00:22,c2311-C-2340,c2311-C-2340,182.0,0.0,0.0,0.0,1,112.5,329.5,1,182.0,0.0,0.0,0.0,0.0,0.0,1
2023-05-11 14:00:22,c2311-C-2340,c2311-C-2340,182.0,0.0,0.0,0.0,2,113.0,329.5,1,182.0,0.0,0.0,0.0,0.0,0.0,1
2023-05-11 14:00:24,c2311-C-2340,c2311-C-2340,182.0,0.0,0.0,0.0,1,114.5,329.5,1,182.0,0.0,0.0,0.0,0.0,0.0,1
2023-05-11 14:02:17,c2311-C-2340,c2311-C-2340,182.0,0.0,0.0,0.0,1,115.0,329.5,1,182.0,0.0,0.0,0.0,0.0,0.0,1
2023-05-11 14:02:18,c2311-C-2340,c2311-C-2340,182.0,0.0,0.0,0.0,1,116.5,329.5,1,182.0,0.0,0.0,0.0,0.0,0.0,1
2023-05-11 14:16:19,c2311-C-2340,c2311-C-2340,182.0,0.0,0.0,0.0,2,120.0,329.5,1,182.0,0.0,0.0,0.0,0.0,0.0,1
2023-05-11 14:16:19,c2311-C-2340,c2311-C-2340,182.0,0.0,0.0,0.0,1,121.5,329.5,1,182.0,0.0,0.0,0.0,0.0,0.0,1
2023-05-11 14:16:20,c2311-C-2340,c2311-C-2340,182.0,0.0,0.0,0.0,2,122.0,329.5,1,182.0,0.0,0.0,0.0,0.0,0.0,1
2023-05-11 14:16:20,c2311-C-2340,c2311-C-2340,182.0,0.0,0.0,0.0,1,123.5,329.5,1,182.0,0.0,0.0,0.0,0.0,0.0,1
2023-05-11 14:16:21,c2311-C-2340,c2311-C-2340,182.0,0.0,0.0,0.0,2,124.0,329.5,1,182.0,0.0,0.0,0.0,0.0,0.0,1
2023-05-11 14:16:21,c2311-C-2340,c2311-C-2340,182.0,0.0,0.0,0.0,1,125.5,329.5,1,182.0,0.0,0.0,0.0,0.0,0.0,1
2023-05-11 14:35:56,c2311-C-2340,c2311-C-2340,182.0,0.0,0.0,0.0,1,126.0,329.5,1,182.0,0.0,0.0,0.0,0.0,0.0,1
2023-05-11 14:59:44,c2311-C-2340,c2311-C-2340,182.0,0.0,0.0,0.0,1,126.0,0.0,0,182.0,0.0,0.0,0.0,0.0,0.0,1
2023-05-11 15:01:10,c2311-C-2340,c2311-C-2340,182.0,0.0,0.0,0.0,1,126.0,0.0,0,182.0,0.0,0.0,0.0,0.0,0.0,1
