time,symbol_id,symbol_name,last,trade_volume,trade_amount,open_interest_change,bv1,bp1,ap1,av1,yesterday_close,today_open,today_high,today_low,volume,amount,open_interest
2023-05-10 20:57:59,c2311-P-2480,c2311-P-2480,67.5,0.0,0.0,0.0,1,1.5,0.0,0,67.5,76.0,0.0,0.0,0.0,0.0,1090
2023-05-10 21:00:00,c2311-P-2480,c2311-P-2480,67.5,0.0,0.0,0.0,10,4.5,78.0,10,67.5,76.0,0.0,0.0,0.0,0.0,1090
2023-05-10 21:00:00,c2311-P-2480,c2311-P-2480,67.5,0.0,0.0,0.0,10,4.5,80.0,1,67.5,76.0,0.0,0.0,0.0,0.0,1090
2023-05-10 21:00:00,c2311-P-2480,c2311-P-2480,67.5,0.0,0.0,0.0,10,4.5,78.0,10,67.5,76.0,0.0,0.0,0.0,0.0,1090
2023-05-10 21:00:02,c2311-P-2480,c2311-P-2480,67.5,0.0,0.0,0.0,10,4.5,70.5,25,67.5,76.0,0.0,0.0,0.0,0.0,1090
2023-05-10 21:00:05,c2311-P-2480,c2311-P-2480,67.5,0.0,0.0,0.0,25,17.5,70.5,25,67.5,76.0,0.0,0.0,0.0,0.0,1090
2023-05-10 21:00:05,c2311-P-2480,c2311-P-2480,67.5,0.0,0.0,0.0,10,20.5,70.5,25,67.5,76.0,0.0,0.0,0.0,0.0,1090
2023-05-10 21:00:07,c2311-P-2480,c2311-P-2480,67.5,0.0,0.0,0.0,10,36.0,70.5,25,67.5,76.0,0.0,0.0,0.0,0.0,1090
2023-05-10 21:00:07,c2311-P-2480,c2311-P-2480,67.5,0.0,0.0,0.0,10,42.0,70.5,25,67.5,76.0,0.0,0.0,0.0,0.0,1090
2023-05-10 21:00:08,c2311-P-2480,c2311-P-2480,67.5,0.0,0.0,0.0,10,56.0,70.5,25,67.5,76.0,0.0,0.0,0.0,0.0,1090
2023-05-10 21:00:08,c2311-P-2480,c2311-P-2480,67.5,0.0,0.0,0.0,10,56.5,70.5,25,67.5,76.0,0.0,0.0,0.0,0.0,1090
2023-05-10 21:00:09,c2311-P-2480,c2311-P-2480,67.5,0.0,0.0,0.0,1,1.5,78.0,10,67.5,76.0,0.0,0.0,0.0,0.0,1090
2023-05-10 21:00:09,c2311-P-2480,c2311-P-2480,67.5,0.0,0.0,0.0,10,7.5,77.0,10,67.5,76.0,0.0,0.0,0.0,0.0,1090
2023-05-10 21:00:10,c2311-P-2480,c2311-P-2480,67.5,0.0,0.0,0.0,10,23.0,70.0,16,67.5,76.0,0.0,0.0,0.0,0.0,1090
2023-05-10 21:00:10,c2311-P-2480,c2311-P-2480,67.5,0.0,0.0,0.0,10,26.5,70.0,16,67.5,76.0,0.0,0.0,0.0,0.0,1090
2023-05-10 21:00:11,c2311-P-2480,c2311-P-2480,67.5,0.0,0.0,0.0,16,39.0,70.0,16,67.5,76.0,0.0,0.0,0.0,0.0,1090
2023-05-10 21:00:11,c2311-P-2480,c2311-P-2480,67.5,0.0,0.0,0.0,16,54.5,70.0,16,67.5,76.0,0.0,0.0,0.0,0.0,1090
2023-05-10 21:00:12,c2311-P-2480,c2311-P-2480,67.5,0.0,0.0,0.0,10,55.5,70.0,16,67.5,76.0,0.0,0.0,0.0,0.0,1090
2023-05-10 21:00:12,c2311-P-2480,c2311-P-2480,67.5,0.0,0.0,0.0,16,64.0,70.0,16,67.5,76.0,0.0,0.0,0.0,0.0,1090
2023-05-10 21:00:20,c2311-P-2480,c2311-P-2480,67.5,0.0,0.0,0.0,10,19.0,70.0,16,67.5,76.0,0.0,0.0,0.0,0.0,1090
2023-05-10 21:00:20,c2311-P-2480,c2311-P-2480,67.5,0.0,0.0,0.0,10,34.5,70.0,16,67.5,76.0,0.0,0.0,0.0,0.0,1090
2023-05-10 21:00:21,c2311-P-2480,c2311-P-2480,67.5,0.0,0.0,0.0,10,50.0,70.0,16,67.5,76.0,0.0,0.0,0.0,0.0,1090
2023-05-10 21:00:21,c2311-P-2480,c2311-P-2480,67.5,0.0,0.0,0.0,16,62.5,70.0,16,67.5,76.0,0.0,0.0,0.0,0.0,1090
2023-05-10 21:00:26,c2311-P-2480,c2311-P-2480,67.5,0.0,0.0,0.0,26,62.5,70.0,16,67.5,76.0,0.0,0.0,0.0,0.0,1090
2023-05-10 21:00:27,c2311-P-2480,c2311-P-2480,67.5,0.0,0.0,0.0,16,65.0,70.0,16,67.5,76.0,0.0,0.0,0.0,0.0,1090
2023-05-10 21:00:32,c2311-P-2480,c2311-P-2480,67.5,0.0,0.0,0.0,10,21.5,70.0,16,67.5,76.0,0.0,0.0,0.0,0.0,1090
2023-05-10 21:00:33,c2311-P-2480,c2311-P-2480,67.5,0.0,0.0,0.0,10,37.0,70.0,16,67.5,76.0,0.0,0.0,0.0,0.0,1090
2023-05-10 21:00:33,c2311-P-2480,c2311-P-2480,67.5,0.0,0.0,0.0,10,52.5,70.0,16,67.5,76.0,0.0,0.0,0.0,0.0,1090
2023-05-10 21:00:33,c2311-P-2480,c2311-P-2480,67.5,0.0,0.0,0.0,16,65.0,70.0,16,67.5,76.0,0.0,0.0,0.0,0.0,1090
2023-05-10 21:00:46,c2311-P-2480,c2311-P-2480,67.5,0.0,0.0,0.0,10,67.0,69.0,10,67.5,76.0,0.0,0.0,0.0,0.0,1090
2023-05-10 21:00:49,c2311-P-2480,c2311-P-2480,67.5,0.0,0.0,0.0,10,66.5,69.0,10,67.5,76.0,0.0,0.0,0.0,0.0,1090
2023-05-10 21:00:50,c2311-P-2480,c2311-P-2480,67.5,0.0,0.0,0.0,10,67.0,69.0,10,67.5,76.0,0.0,0.0,0.0,0.0,1090
2023-05-10 21:00:55,c2311-P-2480,c2311-P-2480,67.5,0.0,0.0,0.0,10,66.5,69.0,10,67.5,76.0,0.0,0.0,0.0,0.0,1090
2023-05-10 21:00:58,c2311-P-2480,c2311-P-2480,67.5,0.0,0.0,0.0,10,67.0,69.0,10,67.5,76.0,0.0,0.0,0.0,0.0,1090
2023-05-10 21:01:00,c2311-P-2480,c2311-P-2480,67.5,0.0,0.0,0.0,10,67.0,69.5,10,67.5,76.0,0.0,0.0,0.0,0.0,1090
2023-05-10 21:01:03,c2311-P-2480,c2311-P-2480,67.5,0.0,0.0,0.0,10,67.5,69.5,10,67.5,76.0,0.0,0.0,0.0,0.0,1090
2023-05-10 21:01:10,c2311-P-2480,c2311-P-2480,67.5,0.0,0.0,0.0,10,68.0,70.0,26,67.5,76.0,0.0,0.0,0.0,0.0,1090
2023-05-10 21:01:13,c2311-P-2480,c2311-P-2480,67.5,0.0,0.0,0.0,10,68.5,70.5,10,67.5,76.0,0.0,0.0,0.0,0.0,1090
2023-05-10 21:01:15,c2311-P-2480,c2311-P-2480,67.5,0.0,0.0,0.0,10,68.0,70.0,10,67.5,76.0,0.0,0.0,0.0,0.0,1090
2023-05-10 21:01:21,c2311-P-2480,c2311-P-2480,67.5,0.0,0.0,0.0,10,68.0,70.5,10,67.5,76.0,0.0,0.0,0.0,0.0,1090
2023-05-10 21:01:21,c2311-P-2480,c2311-P-2480,67.5,0.0,0.0,0.0,10,68.5,70.5,10,67.5,76.0,0.0,0.0,0.0,0.0,1090
2023-05-10 21:01:24,c2311-P-2480,c2311-P-2480,67.5,0.0,0.0,0.0,10,68.5,71.0,10,67.5,76.0,0.0,0.0,0.0,0.0,1090
2023-05-10 21:01:27,c2311-P-2480,c2311-P-2480,67.5,0.0,0.0,0.0,10,68.5,70.5,10,67.5,76.0,0.0,0.0,0.0,0.0,1090
2023-05-10 21:01:29,c2311-P-2480,c2311-P-2480,67.5,0.0,0.0,0.0,10,68.5,71.0,10,67.5,76.0,0.0,0.0,0.0,0.0,1090
2023-05-10 21:01:33,c2311-P-2480,c2311-P-2480,67.5,0.0,0.0,0.0,10,68.5,70.5,10,67.5,76.0,0.0,0.0,0.0,0.0,1090
2023-05-10 21:01:33,c2311-P-2480,c2311-P-2480,67.5,0.0,0.0,0.0,10,68.0,70.0,10,67.5,76.0,0.0,0.0,0.0,0.0,1090
2023-05-10 21:01:39,c2311-P-2480,c2311-P-2480,67.5,0.0,0.0,0.0,26,67.5,69.5,10,67.5,76.0,0.0,0.0,0.0,0.0,1090
2023-05-10 21:01:41,c2311-P-2480,c2311-P-2480,67.5,0.0,0.0,0.0,16,67.5,69.0,10,67.5,76.0,0.0,0.0,0.0,0.0,1090
2023-05-10 21:01:42,c2311-P-2480,c2311-P-2480,67.5,0.0,0.0,0.0,16,67.5,69.5,10,67.5,76.0,0.0,0.0,0.0,0.0,1090
2023-05-10 21:01:42,c2311-P-2480,c2311-P-2480,67.5,0.0,0.0,0.0,26,67.5,69.5,10,67.5,76.0,0.0,0.0,0.0,0.0,1090
2023-05-10 21:01:44,c2311-P-2480,c2311-P-2480,67.5,0.0,0.0,0.0,10,68.0,70.0,10,67.5,76.0,0.0,0.0,0.0,0.0,1090
2023-05-10 21:01:46,c2311-P-2480,c2311-P-2480,67.5,0.0,0.0,0.0,26,67.5,69.5,10,67.5,76.0,0.0,0.0,0.0,0.0,1090
2023-05-10 21:02:00,c2311-P-2480,c2311-P-2480,67.5,0.0,0.0,0.0,26,67.5,70.0,10,67.5,76.0,0.0,0.0,0.0,0.0,1090
2023-05-10 21:02:05,c2311-P-2480,c2311-P-2480,67.5,0.0,0.0,0.0,10,68.0,70.0,10,67.5,76.0,0.0,0.0,0.0,0.0,1090
2023-05-10 21:02:09,c2311-P-2480,c2311-P-2480,67.5,0.0,0.0,0.0,16,67.5,73.0,16,67.5,76.0,0.0,0.0,0.0,0.0,1090
2023-05-10 21:02:33,c2311-P-2480,c2311-P-2480,67.5,0.0,0.0,0.0,16,67.5,73.0,26,67.5,76.0,0.0,0.0,0.0,0.0,1090
2023-05-10 21:02:34,c2311-P-2480,c2311-P-2480,67.5,0.0,0.0,0.0,16,67.5,73.0,16,67.5,76.0,0.0,0.0,0.0,0.0,1090
2023-05-10 21:02:35,c2311-P-2480,c2311-P-2480,67.5,0.0,0.0,0.0,10,68.5,71.0,10,67.5,76.0,0.0,0.0,0.0,0.0,1090
2023-05-10 21:02:39,c2311-P-2480,c2311-P-2480,67.5,0.0,0.0,0.0,10,69.0,71.0,10,67.5,76.0,0.0,0.0,0.0,0.0,1090
2023-05-10 21:02:43,c2311-P-2480,c2311-P-2480,67.5,0.0,0.0,0.0,10,69.5,71.5,10,67.5,76.0,0.0,0.0,0.0,0.0,1090
2023-05-10 21:03:04,c2311-P-2480,c2311-P-2480,67.5,0.0,0.0,0.0,10,69.0,71.0,10,67.5,76.0,0.0,0.0,0.0,0.0,1090
2023-05-10 21:03:05,c2311-P-2480,c2311-P-2480,67.5,0.0,0.0,0.0,10,69.5,71.5,10,67.5,76.0,0.0,0.0,0.0,0.0,1090
2023-05-10 21:03:10,c2311-P-2480,c2311-P-2480,67.5,0.0,0.0,0.0,10,69.0,71.0,10,67.5,76.0,0.0,0.0,0.0,0.0,1090
2023-05-10 21:03:14,c2311-P-2480,c2311-P-2480,67.5,0.0,0.0,0.0,10,69.5,71.5,10,67.5,76.0,0.0,0.0,0.0,0.0,1090
2023-05-10 21:03:15,c2311-P-2480,c2311-P-2480,67.5,0.0,0.0,0.0,10,69.0,71.0,10,67.5,76.0,0.0,0.0,0.0,0.0,1090
2023-05-10 21:03:20,c2311-P-2480,c2311-P-2480,67.5,0.0,0.0,0.0,10,69.0,71.5,10,67.5,76.0,0.0,0.0,0.0,0.0,1090
2023-05-10 21:03:20,c2311-P-2480,c2311-P-2480,67.5,0.0,0.0,0.0,10,69.0,71.0,10,67.5,76.0,0.0,0.0,0.0,0.0,1090
2023-05-10 21:03:22,c2311-P-2480,c2311-P-2480,67.5,0.0,0.0,0.0,10,69.0,71.5,10,67.5,76.0,0.0,0.0,0.0,0.0,1090
2023-05-10 21:03:22,c2311-P-2480,c2311-P-2480,67.5,0.0,0.0,0.0,10,69.0,71.0,10,67.5,76.0,0.0,0.0,0.0,0.0,1090
2023-05-10 21:03:31,c2311-P-2480,c2311-P-2480,67.5,0.0,0.0,0.0,10,69.0,71.5,10,67.5,76.0,0.0,0.0,0.0,0.0,1090
2023-05-10 21:03:34,c2311-P-2480,c2311-P-2480,67.5,0.0,0.0,0.0,10,69.5,71.5,10,67.5,76.0,0.0,0.0,0.0,0.0,1090
2023-05-10 21:03:40,c2311-P-2480,c2311-P-2480,67.5,0.0,0.0,0.0,20,69.5,71.5,20,67.5,76.0,0.0,0.0,0.0,0.0,1090
2023-05-10 21:03:44,c2311-P-2480,c2311-P-2480,67.5,0.0,0.0,0.0,20,69.5,71.5,10,67.5,76.0,0.0,0.0,0.0,0.0,1090
2023-05-10 21:03:49,c2311-P-2480,c2311-P-2480,67.5,0.0,0.0,0.0,20,69.5,72.0,20,67.5,76.0,0.0,0.0,0.0,0.0,1090
2023-05-10 21:03:52,c2311-P-2480,c2311-P-2480,67.5,0.0,0.0,0.0,20,69.5,72.0,10,67.5,76.0,0.0,0.0,0.0,0.0,1090
2023-05-10 21:03:52,c2311-P-2480,c2311-P-2480,67.5,0.0,0.0,0.0,20,69.5,72.0,20,67.5,76.0,0.0,0.0,0.0,0.0,1090
2023-05-10 21:04:03,c2311-P-2480,c2311-P-2480,67.5,0.0,0.0,0.0,10,70.0,72.0,20,67.5,76.0,0.0,0.0,0.0,0.0,1090
2023-05-10 21:04:04,c2311-P-2480,c2311-P-2480,67.5,0.0,0.0,0.0,20,70.0,72.0,20,67.5,76.0,0.0,0.0,0.0,0.0,1090
2023-05-10 21:04:08,c2311-P-2480,c2311-P-2480,67.5,0.0,0.0,0.0,20,70.0,72.0,10,67.5,76.0,0.0,0.0,0.0,0.0,1090
2023-05-10 21:04:09,c2311-P-2480,c2311-P-2480,67.5,0.0,0.0,0.0,20,70.0,72.0,20,67.5,76.0,0.0,0.0,0.0,0.0,1090
2023-05-10 21:04:18,c2311-P-2480,c2311-P-2480,67.5,0.0,0.0,0.0,10,70.0,72.0,20,67.5,76.0,0.0,0.0,0.0,0.0,1090
2023-05-10 21:04:18,c2311-P-2480,c2311-P-2480,67.5,0.0,0.0,0.0,36,69.5,72.0,10,67.5,76.0,0.0,0.0,0.0,0.0,1090
2023-05-10 21:04:18,c2311-P-2480,c2311-P-2480,67.5,0.0,0.0,0.0,26,69.5,71.5,10,67.5,76.0,0.0,0.0,0.0,0.0,1090
2023-05-10 21:04:19,c2311-P-2480,c2311-P-2480,67.5,0.0,0.0,0.0,26,69.5,71.5,20,67.5,76.0,0.0,0.0,0.0,0.0,1090
2023-05-10 21:04:20,c2311-P-2480,c2311-P-2480,67.5,0.0,0.0,0.0,36,69.5,71.5,20,67.5,76.0,0.0,0.0,0.0,0.0,1090
2023-05-10 21:04:24,c2311-P-2480,c2311-P-2480,67.5,0.0,0.0,0.0,36,69.5,72.0,20,67.5,76.0,0.0,0.0,0.0,0.0,1090
2023-05-10 21:04:26,c2311-P-2480,c2311-P-2480,67.5,0.0,0.0,0.0,36,69.5,71.5,10,67.5,76.0,0.0,0.0,0.0,0.0,1090
2023-05-10 21:04:27,c2311-P-2480,c2311-P-2480,67.5,0.0,0.0,0.0,36,69.5,71.5,20,67.5,76.0,0.0,0.0,0.0,0.0,1090
2023-05-10 21:04:32,c2311-P-2480,c2311-P-2480,67.5,0.0,0.0,0.0,36,69.5,72.0,20,67.5,76.0,0.0,0.0,0.0,0.0,1090
2023-05-10 21:04:42,c2311-P-2480,c2311-P-2480,67.5,0.0,0.0,0.0,20,70.0,72.5,30,67.5,76.0,0.0,0.0,0.0,0.0,1090
2023-05-10 21:04:47,c2311-P-2480,c2311-P-2480,67.5,0.0,0.0,0.0,45,70.0,72.5,30,67.5,76.0,0.0,0.0,0.0,0.0,1090
2023-05-10 21:04:49,c2311-P-2480,c2311-P-2480,67.5,0.0,0.0,0.0,10,70.5,72.5,30,67.5,76.0,0.0,0.0,0.0,0.0,1090
2023-05-10 21:04:50,c2311-P-2480,c2311-P-2480,67.5,0.0,0.0,0.0,20,70.5,72.5,30,67.5,76.0,0.0,0.0,0.0,0.0,1090
2023-05-10 21:04:58,c2311-P-2480,c2311-P-2480,67.5,0.0,0.0,0.0,20,70.5,72.5,10,67.5,76.0,0.0,0.0,0.0,0.0,1090
2023-05-10 21:05:00,c2311-P-2480,c2311-P-2480,67.5,0.0,0.0,0.0,10,70.5,72.5,20,67.5,76.0,0.0,0.0,0.0,0.0,1090
2023-05-10 21:05:03,c2311-P-2480,c2311-P-2480,67.5,0.0,0.0,0.0,10,70.5,72.0,10,67.5,76.0,0.0,0.0,0.0,0.0,1090
2023-05-10 21:05:04,c2311-P-2480,c2311-P-2480,67.5,0.0,0.0,0.0,20,70.0,72.0,20,67.5,76.0,0.0,0.0,0.0,0.0,1090
2023-05-10 21:05:04,c2311-P-2480,c2311-P-2480,67.5,0.0,0.0,0.0,20,70.0,72.0,10,67.5,76.0,0.0,0.0,0.0,0.0,1090
2023-05-10 21:05:05,c2311-P-2480,c2311-P-2480,67.5,0.0,0.0,0.0,20,70.0,72.5,20,67.5,76.0,0.0,0.0,0.0,0.0,1090
2023-05-10 21:05:09,c2311-P-2480,c2311-P-2480,67.5,0.0,0.0,0.0,45,70.0,72.5,20,67.5,76.0,0.0,0.0,0.0,0.0,1090
2023-05-10 21:05:09,c2311-P-2480,c2311-P-2480,67.5,0.0,0.0,0.0,20,70.0,72.5,20,67.5,76.0,0.0,0.0,0.0,0.0,1090
2023-05-10 21:05:17,c2311-P-2480,c2311-P-2480,67.5,0.0,0.0,0.0,20,70.0,72.5,10,67.5,76.0,0.0,0.0,0.0,0.0,1090
2023-05-10 21:05:23,c2311-P-2480,c2311-P-2480,67.5,0.0,0.0,0.0,20,70.0,72.5,20,67.5,76.0,0.0,0.0,0.0,0.0,1090
2023-05-10 21:05:34,c2311-P-2480,c2311-P-2480,67.5,0.0,0.0,0.0,20,70.5,73.0,36,67.5,76.0,0.0,0.0,0.0,0.0,1090
2023-05-10 21:05:34,c2311-P-2480,c2311-P-2480,67.5,0.0,0.0,0.0,10,70.5,72.5,10,67.5,76.0,0.0,0.0,0.0,0.0,1090
2023-05-10 21:05:35,c2311-P-2480,c2311-P-2480,67.5,0.0,0.0,0.0,20,70.0,72.5,20,67.5,76.0,0.0,0.0,0.0,0.0,1090
2023-05-10 21:05:41,c2311-P-2480,c2311-P-2480,67.5,0.0,0.0,0.0,20,70.0,72.0,10,67.5,76.0,0.0,0.0,0.0,0.0,1090
2023-05-10 21:05:42,c2311-P-2480,c2311-P-2480,67.5,0.0,0.0,0.0,20,70.0,72.0,20,67.5,76.0,0.0,0.0,0.0,0.0,1090
2023-05-10 21:05:47,c2311-P-2480,c2311-P-2480,67.5,0.0,0.0,0.0,20,70.0,72.0,30,67.5,76.0,0.0,0.0,0.0,0.0,1090
2023-05-10 21:05:55,c2311-P-2480,c2311-P-2480,67.5,0.0,0.0,0.0,30,70.0,72.0,20,67.5,76.0,0.0,0.0,0.0,0.0,1090
2023-05-10 21:05:56,c2311-P-2480,c2311-P-2480,67.5,0.0,0.0,0.0,30,70.0,72.0,30,67.5,76.0,0.0,0.0,0.0,0.0,1090
2023-05-10 21:05:57,c2311-P-2480,c2311-P-2480,67.5,0.0,0.0,0.0,20,70.0,72.0,30,67.5,76.0,0.0,0.0,0.0,0.0,1090
2023-05-10 21:06:06,c2311-P-2480,c2311-P-2480,67.5,0.0,0.0,0.0,20,70.0,72.0,20,67.5,76.0,0.0,0.0,0.0,0.0,1090
2023-05-10 21:06:07,c2311-P-2480,c2311-P-2480,67.5,0.0,0.0,0.0,30,70.0,72.0,20,67.5,76.0,0.0,0.0,0.0,0.0,1090
2023-05-10 21:06:12,c2311-P-2480,c2311-P-2480,67.5,0.0,0.0,0.0,20,70.5,72.0,10,67.5,76.0,0.0,0.0,0.0,0.0,1090
2023-05-10 21:06:18,c2311-P-2480,c2311-P-2480,67.5,0.0,0.0,0.0,10,70.5,72.0,20,67.5,76.0,0.0,0.0,0.0,0.0,1090
2023-05-10 21:06:18,c2311-P-2480,c2311-P-2480,67.5,0.0,0.0,0.0,20,70.5,72.0,10,67.5,76.0,0.0,0.0,0.0,0.0,1090
2023-05-10 21:06:31,c2311-P-2480,c2311-P-2480,67.5,0.0,0.0,0.0,30,70.5,72.5,10,67.5,76.0,0.0,0.0,0.0,0.0,1090
2023-05-10 21:06:36,c2311-P-2480,c2311-P-2480,67.5,0.0,0.0,0.0,30,70.5,72.5,30,67.5,76.0,0.0,0.0,0.0,0.0,1090
2023-05-10 21:06:36,c2311-P-2480,c2311-P-2480,67.5,0.0,0.0,0.0,30,70.5,72.5,40,67.5,76.0,0.0,0.0,0.0,0.0,1090
2023-05-10 21:06:36,c2311-P-2480,c2311-P-2480,67.5,0.0,0.0,0.0,30,70.5,72.5,30,67.5,76.0,0.0,0.0,0.0,0.0,1090
2023-05-10 21:06:40,c2311-P-2480,c2311-P-2480,67.5,0.0,0.0,0.0,30,70.5,72.5,40,67.5,76.0,0.0,0.0,0.0,0.0,1090
2023-05-10 21:06:42,c2311-P-2480,c2311-P-2480,67.5,0.0,0.0,0.0,30,70.5,72.5,20,67.5,76.0,0.0,0.0,0.0,0.0,1090
2023-05-10 21:06:45,c2311-P-2480,c2311-P-2480,67.5,0.0,0.0,0.0,30,70.5,72.5,10,67.5,76.0,0.0,0.0,0.0,0.0,1090
2023-05-10 21:07:01,c2311-P-2480,c2311-P-2480,67.5,0.0,0.0,0.0,10,71.0,72.5,10,67.5,76.0,0.0,0.0,0.0,0.0,1090
2023-05-10 21:07:02,c2311-P-2480,c2311-P-2480,67.5,0.0,0.0,0.0,20,71.0,72.5,10,67.5,76.0,0.0,0.0,0.0,0.0,1090
2023-05-10 21:07:02,c2311-P-2480,c2311-P-2480,67.5,0.0,0.0,0.0,30,71.0,72.5,10,67.5,76.0,0.0,0.0,0.0,0.0,1090
2023-05-10 21:07:10,c2311-P-2480,c2311-P-2480,67.5,0.0,0.0,0.0,40,71.0,72.5,10,67.5,76.0,0.0,0.0,0.0,0.0,1090
2023-05-10 21:07:11,c2311-P-2480,c2311-P-2480,67.5,0.0,0.0,0.0,10,71.5,72.5,10,67.5,76.0,0.0,0.0,0.0,0.0,1090
2023-05-10 21:07:12,c2311-P-2480,c2311-P-2480,67.5,0.0,0.0,0.0,20,71.5,72.5,10,67.5,76.0,0.0,0.0,0.0,0.0,1090
2023-05-10 21:07:12,c2311-P-2480,c2311-P-2480,67.5,0.0,0.0,0.0,20,71.5,73.0,10,67.5,76.0,0.0,0.0,0.0,0.0,1090
2023-05-10 21:07:13,c2311-P-2480,c2311-P-2480,67.5,0.0,0.0,0.0,20,71.5,73.0,20,67.5,76.0,0.0,0.0,0.0,0.0,1090
2023-05-10 21:07:14,c2311-P-2480,c2311-P-2480,67.5,0.0,0.0,0.0,10,72.0,73.0,10,67.5,76.0,0.0,0.0,0.0,0.0,1090
2023-05-10 21:07:15,c2311-P-2480,c2311-P-2480,67.5,0.0,0.0,0.0,20,72.0,73.0,10,67.5,76.0,0.0,0.0,0.0,0.0,1090
2023-05-10 21:07:18,c2311-P-2480,c2311-P-2480,67.5,0.0,0.0,0.0,10,72.0,73.0,10,67.5,76.0,0.0,0.0,0.0,0.0,1090
2023-05-10 21:07:20,c2311-P-2480,c2311-P-2480,67.5,0.0,0.0,0.0,10,72.0,73.5,30,67.5,76.0,0.0,0.0,0.0,0.0,1090
2023-05-10 21:07:20,c2311-P-2480,c2311-P-2480,67.5,0.0,0.0,0.0,10,72.0,73.5,20,67.5,76.0,0.0,0.0,0.0,0.0,1090
2023-05-10 21:07:21,c2311-P-2480,c2311-P-2480,67.5,0.0,0.0,0.0,10,72.0,73.5,30,67.5,76.0,0.0,0.0,0.0,0.0,1090
2023-05-10 21:07:24,c2311-P-2480,c2311-P-2480,67.5,0.0,0.0,0.0,30,71.5,73.5,40,67.5,76.0,0.0,0.0,0.0,0.0,1090
2023-05-10 21:07:25,c2311-P-2480,c2311-P-2480,67.5,0.0,0.0,0.0,20,71.5,73.0,10,67.5,76.0,0.0,0.0,0.0,0.0,1090
2023-05-10 21:07:25,c2311-P-2480,c2311-P-2480,67.5,0.0,0.0,0.0,20,71.5,73.0,20,67.5,76.0,0.0,0.0,0.0,0.0,1090
2023-05-10 21:07:26,c2311-P-2480,c2311-P-2480,67.5,0.0,0.0,0.0,30,71.5,73.0,10,67.5,76.0,0.0,0.0,0.0,0.0,1090
2023-05-10 21:07:26,c2311-P-2480,c2311-P-2480,67.5,0.0,0.0,0.0,40,71.5,73.0,10,67.5,76.0,0.0,0.0,0.0,0.0,1090
2023-05-10 21:07:29,c2311-P-2480,c2311-P-2480,67.5,0.0,0.0,0.0,40,71.5,73.5,30,67.5,76.0,0.0,0.0,0.0,0.0,1090
2023-05-10 21:07:31,c2311-P-2480,c2311-P-2480,67.5,0.0,0.0,0.0,30,71.5,73.0,10,67.5,76.0,0.0,0.0,0.0,0.0,1090
2023-05-10 21:07:31,c2311-P-2480,c2311-P-2480,67.5,0.0,0.0,0.0,20,71.5,73.0,20,67.5,76.0,0.0,0.0,0.0,0.0,1090
2023-05-10 21:07:36,c2311-P-2480,c2311-P-2480,67.5,0.0,0.0,0.0,20,71.5,72.5,10,67.5,76.0,0.0,0.0,0.0,0.0,1090
2023-05-10 21:07:37,c2311-P-2480,c2311-P-2480,67.5,0.0,0.0,0.0,46,71.0,72.5,30,67.5,76.0,0.0,0.0,0.0,0.0,1090
2023-05-10 21:07:37,c2311-P-2480,c2311-P-2480,67.5,0.0,0.0,0.0,36,71.0,72.5,30,67.5,76.0,0.0,0.0,0.0,0.0,1090
2023-05-10 21:07:42,c2311-P-2480,c2311-P-2480,67.5,0.0,0.0,0.0,10,71.5,72.5,10,67.5,76.0,0.0,0.0,0.0,0.0,1090
2023-05-10 21:07:42,c2311-P-2480,c2311-P-2480,67.5,0.0,0.0,0.0,10,71.5,73.0,30,67.5,76.0,0.0,0.0,0.0,0.0,1090
2023-05-10 21:07:43,c2311-P-2480,c2311-P-2480,67.5,0.0,0.0,0.0,20,71.5,73.0,30,67.5,76.0,0.0,0.0,0.0,0.0,1090
2023-05-10 21:07:57,c2311-P-2480,c2311-P-2480,67.5,0.0,0.0,0.0,10,71.5,73.0,30,67.5,76.0,0.0,0.0,0.0,0.0,1090
2023-05-10 21:07:58,c2311-P-2480,c2311-P-2480,67.5,0.0,0.0,0.0,56,71.0,73.0,30,67.5,76.0,0.0,0.0,0.0,0.0,1090
2023-05-10 21:07:58,c2311-P-2480,c2311-P-2480,67.5,0.0,0.0,0.0,56,71.0,73.0,40,67.5,76.0,0.0,0.0,0.0,0.0,1090
2023-05-10 21:08:07,c2311-P-2480,c2311-P-2480,67.5,0.0,0.0,0.0,36,71.0,72.5,10,67.5,76.0,0.0,0.0,0.0,0.0,1090
2023-05-10 21:08:07,c2311-P-2480,c2311-P-2480,67.5,0.0,0.0,0.0,36,71.0,72.5,30,67.5,76.0,0.0,0.0,0.0,0.0,1090
2023-05-10 21:08:09,c2311-P-2480,c2311-P-2480,67.5,0.0,0.0,0.0,26,71.0,72.5,30,67.5,76.0,0.0,0.0,0.0,0.0,1090
2023-05-10 21:08:13,c2311-P-2480,c2311-P-2480,67.5,0.0,0.0,0.0,36,71.0,72.5,20,67.5,76.0,0.0,0.0,0.0,0.0,1090
2023-05-10 21:08:13,c2311-P-2480,c2311-P-2480,67.5,0.0,0.0,0.0,36,71.0,72.5,30,67.5,76.0,0.0,0.0,0.0,0.0,1090
2023-05-10 21:08:15,c2311-P-2480,c2311-P-2480,67.5,0.0,0.0,0.0,26,71.0,72.5,30,67.5,76.0,0.0,0.0,0.0,0.0,1090
2023-05-10 21:08:16,c2311-P-2480,c2311-P-2480,67.5,0.0,0.0,0.0,56,71.0,73.0,30,67.5,76.0,0.0,0.0,0.0,0.0,1090
2023-05-10 21:08:18,c2311-P-2480,c2311-P-2480,67.5,0.0,0.0,0.0,56,71.0,72.5,10,67.5,76.0,0.0,0.0,0.0,0.0,1090
2023-05-10 21:08:20,c2311-P-2480,c2311-P-2480,67.5,0.0,0.0,0.0,56,71.0,73.0,40,67.5,76.0,0.0,0.0,0.0,0.0,1090
2023-05-10 21:08:53,c2311-P-2480,c2311-P-2480,67.5,0.0,0.0,0.0,20,71.5,73.0,30,67.5,76.0,0.0,0.0,0.0,0.0,1090
2023-05-10 21:08:58,c2311-P-2480,c2311-P-2480,67.5,0.0,0.0,0.0,20,71.5,73.0,20,67.5,76.0,0.0,0.0,0.0,0.0,1090
2023-05-10 21:09:02,c2311-P-2480,c2311-P-2480,67.5,0.0,0.0,0.0,20,71.5,73.0,30,67.5,76.0,0.0,0.0,0.0,0.0,1090
2023-05-10 21:09:14,c2311-P-2480,c2311-P-2480,67.5,0.0,0.0,0.0,10,71.5,73.0,30,67.5,76.0,0.0,0.0,0.0,0.0,1090
2023-05-10 21:09:16,c2311-P-2480,c2311-P-2480,67.5,0.0,0.0,0.0,40,71.5,73.0,10,67.5,76.0,0.0,0.0,0.0,0.0,1090
2023-05-10 21:09:17,c2311-P-2480,c2311-P-2480,67.5,0.0,0.0,0.0,40,71.5,73.0,20,67.5,76.0,0.0,0.0,0.0,0.0,1090
2023-05-10 21:09:18,c2311-P-2480,c2311-P-2480,67.5,0.0,0.0,0.0,40,71.5,73.0,10,67.5,76.0,0.0,0.0,0.0,0.0,1090
2023-05-10 21:09:19,c2311-P-2480,c2311-P-2480,67.5,0.0,0.0,0.0,40,71.5,73.0,20,67.5,76.0,0.0,0.0,0.0,0.0,1090
2023-05-10 21:09:21,c2311-P-2480,c2311-P-2480,67.5,0.0,0.0,0.0,20,71.5,73.0,30,67.5,76.0,0.0,0.0,0.0,0.0,1090
2023-05-10 21:09:23,c2311-P-2480,c2311-P-2480,67.5,0.0,0.0,0.0,10,71.5,73.0,30,67.5,76.0,0.0,0.0,0.0,0.0,1090
2023-05-10 21:09:24,c2311-P-2480,c2311-P-2480,67.5,0.0,0.0,0.0,40,71.5,73.0,20,67.5,76.0,0.0,0.0,0.0,0.0,1090
2023-05-10 21:09:27,c2311-P-2480,c2311-P-2480,67.5,0.0,0.0,0.0,30,71.5,73.0,20,67.5,76.0,0.0,0.0,0.0,0.0,1090
2023-05-10 21:09:30,c2311-P-2480,c2311-P-2480,67.5,0.0,0.0,0.0,40,71.5,73.0,20,67.5,76.0,0.0,0.0,0.0,0.0,1090
2023-05-10 21:09:31,c2311-P-2480,c2311-P-2480,67.5,0.0,0.0,0.0,40,71.5,73.0,10,67.5,76.0,0.0,0.0,0.0,0.0,1090
2023-05-10 21:09:34,c2311-P-2480,c2311-P-2480,67.5,0.0,0.0,0.0,10,71.5,73.0,30,67.5,76.0,0.0,0.0,0.0,0.0,1090
2023-05-10 21:09:35,c2311-P-2480,c2311-P-2480,67.5,0.0,0.0,0.0,20,71.5,73.0,30,67.5,76.0,0.0,0.0,0.0,0.0,1090
2023-05-10 21:09:40,c2311-P-2480,c2311-P-2480,67.5,0.0,0.0,0.0,45,71.5,73.0,30,67.5,76.0,0.0,0.0,0.0,0.0,1090
2023-05-10 21:09:44,c2311-P-2480,c2311-P-2480,67.5,0.0,0.0,0.0,65,71.5,73.0,10,67.5,76.0,0.0,0.0,0.0,0.0,1090
2023-05-10 21:09:44,c2311-P-2480,c2311-P-2480,67.5,0.0,0.0,0.0,40,71.5,73.0,10,67.5,76.0,0.0,0.0,0.0,0.0,1090
2023-05-10 21:09:45,c2311-P-2480,c2311-P-2480,67.5,0.0,0.0,0.0,40,71.5,73.0,20,67.5,76.0,0.0,0.0,0.0,0.0,1090
2023-05-10 21:09:47,c2311-P-2480,c2311-P-2480,67.5,0.0,0.0,0.0,40,71.5,73.0,10,67.5,76.0,0.0,0.0,0.0,0.0,1090
2023-05-10 21:09:49,c2311-P-2480,c2311-P-2480,67.5,0.0,0.0,0.0,20,71.5,73.0,20,67.5,76.0,0.0,0.0,0.0,0.0,1090
2023-05-10 21:09:50,c2311-P-2480,c2311-P-2480,67.5,0.0,0.0,0.0,20,71.5,73.0,30,67.5,76.0,0.0,0.0,0.0,0.0,1090
2023-05-10 21:09:52,c2311-P-2480,c2311-P-2480,67.5,0.0,0.0,0.0,20,71.5,73.0,20,67.5,76.0,0.0,0.0,0.0,0.0,1090
2023-05-10 21:09:52,c2311-P-2480,c2311-P-2480,67.5,0.0,0.0,0.0,20,71.5,73.0,30,67.5,76.0,0.0,0.0,0.0,0.0,1090
2023-05-10 21:09:57,c2311-P-2480,c2311-P-2480,67.5,0.0,0.0,0.0,30,71.5,73.0,30,67.5,76.0,0.0,0.0,0.0,0.0,1090
2023-05-10 21:10:00,c2311-P-2480,c2311-P-2480,67.5,0.0,0.0,0.0,30,71.5,73.0,20,67.5,76.0,0.0,0.0,0.0,0.0,1090
2023-05-10 21:10:02,c2311-P-2480,c2311-P-2480,67.5,0.0,0.0,0.0,30,71.5,73.0,30,67.5,76.0,0.0,0.0,0.0,0.0,1090
2023-05-10 21:10:03,c2311-P-2480,c2311-P-2480,67.5,0.0,0.0,0.0,30,71.5,73.0,20,67.5,76.0,0.0,0.0,0.0,0.0,1090
2023-05-10 21:10:04,c2311-P-2480,c2311-P-2480,67.5,0.0,0.0,0.0,30,71.5,73.0,30,67.5,76.0,0.0,0.0,0.0,0.0,1090
2023-05-10 21:10:11,c2311-P-2480,c2311-P-2480,67.5,0.0,0.0,0.0,66,71.0,72.5,10,67.5,76.0,0.0,0.0,0.0,0.0,1090
2023-05-10 21:10:11,c2311-P-2480,c2311-P-2480,67.5,0.0,0.0,0.0,10,71.5,73.0,40,67.5,76.0,0.0,0.0,0.0,0.0,1090
2023-05-10 21:10:11,c2311-P-2480,c2311-P-2480,67.5,0.0,0.0,0.0,20,71.5,73.0,40,67.5,76.0,0.0,0.0,0.0,0.0,1090
2023-05-10 21:10:12,c2311-P-2480,c2311-P-2480,67.5,0.0,0.0,0.0,20,71.5,73.0,30,67.5,76.0,0.0,0.0,0.0,0.0,1090
2023-05-10 21:10:15,c2311-P-2480,c2311-P-2480,67.5,0.0,0.0,0.0,10,71.5,73.0,40,67.5,76.0,0.0,0.0,0.0,0.0,1090
2023-05-10 21:10:16,c2311-P-2480,c2311-P-2480,67.5,0.0,0.0,0.0,66,71.0,73.0,40,67.5,76.0,0.0,0.0,0.0,0.0,1090
2023-05-10 21:10:16,c2311-P-2480,c2311-P-2480,67.5,0.0,0.0,0.0,10,71.5,73.0,40,67.5,76.0,0.0,0.0,0.0,0.0,1090
2023-05-10 21:10:16,c2311-P-2480,c2311-P-2480,67.5,0.0,0.0,0.0,20,71.5,73.0,30,67.5,76.0,0.0,0.0,0.0,0.0,1090
2023-05-10 21:10:17,c2311-P-2480,c2311-P-2480,67.5,0.0,0.0,0.0,20,71.5,73.0,40,67.5,76.0,0.0,0.0,0.0,0.0,1090
2023-05-10 21:10:18,c2311-P-2480,c2311-P-2480,67.5,0.0,0.0,0.0,30,71.5,73.0,40,67.5,76.0,0.0,0.0,0.0,0.0,1090
2023-05-10 21:10:19,c2311-P-2480,c2311-P-2480,67.5,0.0,0.0,0.0,30,71.5,73.0,30,67.5,76.0,0.0,0.0,0.0,0.0,1090
2023-05-10 21:10:27,c2311-P-2480,c2311-P-2480,67.5,0.0,0.0,0.0,30,71.5,73.0,20,67.5,76.0,0.0,0.0,0.0,0.0,1090
2023-05-10 21:10:27,c2311-P-2480,c2311-P-2480,67.5,0.0,0.0,0.0,20,71.5,73.0,30,67.5,76.0,0.0,0.0,0.0,0.0,1090
2023-05-10 21:10:28,c2311-P-2480,c2311-P-2480,67.5,0.0,0.0,0.0,20,71.5,73.0,40,67.5,76.0,0.0,0.0,0.0,0.0,1090
2023-05-10 21:10:29,c2311-P-2480,c2311-P-2480,67.5,0.0,0.0,0.0,20,71.5,73.0,30,67.5,76.0,0.0,0.0,0.0,0.0,1090
2023-05-10 21:10:36,c2311-P-2480,c2311-P-2480,67.5,0.0,0.0,0.0,20,71.5,73.0,40,67.5,76.0,0.0,0.0,0.0,0.0,1090
2023-05-10 21:10:42,c2311-P-2480,c2311-P-2480,67.5,0.0,0.0,0.0,20,71.5,73.0,30,67.5,76.0,0.0,0.0,0.0,0.0,1090
2023-05-10 21:10:43,c2311-P-2480,c2311-P-2480,67.5,0.0,0.0,0.0,20,71.5,73.0,40,67.5,76.0,0.0,0.0,0.0,0.0,1090
2023-05-10 21:10:44,c2311-P-2480,c2311-P-2480,67.5,0.0,0.0,0.0,20,71.5,73.0,30,67.5,76.0,0.0,0.0,0.0,0.0,1090
2023-05-10 21:10:51,c2311-P-2480,c2311-P-2480,67.5,0.0,0.0,0.0,30,71.5,73.0,20,67.5,76.0,0.0,0.0,0.0,0.0,1090
2023-05-10 21:10:52,c2311-P-2480,c2311-P-2480,67.5,0.0,0.0,0.0,10,72.0,73.0,10,67.5,76.0,0.0,0.0,0.0,0.0,1090
2023-05-10 21:10:53,c2311-P-2480,c2311-P-2480,67.5,0.0,0.0,0.0,40,71.5,73.0,10,67.5,76.0,0.0,0.0,0.0,0.0,1090
2023-05-10 21:11:28,c2311-P-2480,c2311-P-2480,67.5,0.0,0.0,0.0,40,71.5,73.0,20,67.5,76.0,0.0,0.0,0.0,0.0,1090
2023-05-10 21:11:35,c2311-P-2480,c2311-P-2480,67.5,0.0,0.0,0.0,50,71.5,73.0,10,67.5,76.0,0.0,0.0,0.0,0.0,1090
2023-05-10 21:11:47,c2311-P-2480,c2311-P-2480,67.5,0.0,0.0,0.0,75,71.5,73.0,10,67.5,76.0,0.0,0.0,0.0,0.0,1090
2023-05-10 21:11:50,c2311-P-2480,c2311-P-2480,67.5,0.0,0.0,0.0,50,71.5,73.0,10,67.5,76.0,0.0,0.0,0.0,0.0,1090
2023-05-10 21:12:01,c2311-P-2480,c2311-P-2480,67.5,0.0,0.0,0.0,10,72.0,73.0,10,67.5,76.0,0.0,0.0,0.0,0.0,1090
2023-05-10 21:12:02,c2311-P-2480,c2311-P-2480,67.5,0.0,0.0,0.0,30,72.0,73.5,30,67.5,76.0,0.0,0.0,0.0,0.0,1090
2023-05-10 21:12:02,c2311-P-2480,c2311-P-2480,67.5,0.0,0.0,0.0,50,72.0,73.5,10,67.5,76.0,0.0,0.0,0.0,0.0,1090
2023-05-10 21:12:03,c2311-P-2480,c2311-P-2480,67.5,0.0,0.0,0.0,50,72.0,74.0,70,67.5,76.0,0.0,0.0,0.0,0.0,1090
2023-05-10 21:12:08,c2311-P-2480,c2311-P-2480,67.5,0.0,0.0,0.0,50,72.0,74.0,50,67.5,76.0,0.0,0.0,0.0,0.0,1090
2023-05-10 21:12:09,c2311-P-2480,c2311-P-2480,67.5,0.0,0.0,0.0,40,72.5,74.0,20,67.5,76.0,0.0,0.0,0.0,0.0,1090
2023-05-10 21:12:10,c2311-P-2480,c2311-P-2480,67.5,0.0,0.0,0.0,30,72.5,74.0,40,67.5,76.0,0.0,0.0,0.0,0.0,1090
2023-05-10 21:12:21,c2311-P-2480,c2311-P-2480,67.5,0.0,0.0,0.0,30,72.5,74.0,30,67.5,76.0,0.0,0.0,0.0,0.0,1090
2023-05-10 21:12:21,c2311-P-2480,c2311-P-2480,67.5,0.0,0.0,0.0,30,72.5,74.0,40,67.5,76.0,0.0,0.0,0.0,0.0,1090
2023-05-10 21:12:22,c2311-P-2480,c2311-P-2480,67.5,0.0,0.0,0.0,30,72.5,74.0,30,67.5,76.0,0.0,0.0,0.0,0.0,1090
2023-05-10 21:12:26,c2311-P-2480,c2311-P-2480,67.5,0.0,0.0,0.0,30,72.5,74.0,20,67.5,76.0,0.0,0.0,0.0,0.0,1090
2023-05-10 21:12:29,c2311-P-2480,c2311-P-2480,67.5,0.0,0.0,0.0,50,72.5,74.5,50,67.5,76.0,0.0,0.0,0.0,0.0,1090
2023-05-10 21:12:29,c2311-P-2480,c2311-P-2480,67.5,0.0,0.0,0.0,30,72.5,74.0,30,67.5,76.0,0.0,0.0,0.0,0.0,1090
2023-05-10 21:12:37,c2311-P-2480,c2311-P-2480,67.5,0.0,0.0,0.0,30,72.5,74.0,20,67.5,76.0,0.0,0.0,0.0,0.0,1090
2023-05-10 21:12:41,c2311-P-2480,c2311-P-2480,67.5,0.0,0.0,0.0,30,72.5,74.0,40,67.5,76.0,0.0,0.0,0.0,0.0,1090
2023-05-10 21:12:45,c2311-P-2480,c2311-P-2480,67.5,0.0,0.0,0.0,30,72.5,74.0,20,67.5,76.0,0.0,0.0,0.0,0.0,1090
2023-05-10 21:12:54,c2311-P-2480,c2311-P-2480,67.5,0.0,0.0,0.0,30,72.5,74.0,30,67.5,76.0,0.0,0.0,0.0,0.0,1090
2023-05-10 21:12:56,c2311-P-2480,c2311-P-2480,67.5,0.0,0.0,0.0,10,72.5,74.0,50,67.5,76.0,0.0,0.0,0.0,0.0,1090
2023-05-10 21:12:56,c2311-P-2480,c2311-P-2480,67.5,0.0,0.0,0.0,10,72.5,74.0,40,67.5,76.0,0.0,0.0,0.0,0.0,1090
2023-05-10 21:12:57,c2311-P-2480,c2311-P-2480,67.5,0.0,0.0,0.0,30,72.5,74.0,30,67.5,76.0,0.0,0.0,0.0,0.0,1090
2023-05-10 21:13:03,c2311-P-2480,c2311-P-2480,67.5,0.0,0.0,0.0,30,72.5,74.0,20,67.5,76.0,0.0,0.0,0.0,0.0,1090
2023-05-10 21:13:04,c2311-P-2480,c2311-P-2480,67.5,0.0,0.0,0.0,30,72.5,74.0,30,67.5,76.0,0.0,0.0,0.0,0.0,1090
2023-05-10 21:13:11,c2311-P-2480,c2311-P-2480,67.5,0.0,0.0,0.0,40,72.5,74.0,20,67.5,76.0,0.0,0.0,0.0,0.0,1090
2023-05-10 21:13:11,c2311-P-2480,c2311-P-2480,67.5,0.0,0.0,0.0,50,72.5,74.0,10,67.5,76.0,0.0,0.0,0.0,0.0,1090
2023-05-10 21:13:12,c2311-P-2480,c2311-P-2480,67.5,0.0,0.0,0.0,40,72.5,74.0,20,67.5,76.0,0.0,0.0,0.0,0.0,1090
2023-05-10 21:13:12,c2311-P-2480,c2311-P-2480,67.5,0.0,0.0,0.0,30,72.5,74.0,30,67.5,76.0,0.0,0.0,0.0,0.0,1090
2023-05-10 21:13:13,c2311-P-2480,c2311-P-2480,67.5,0.0,0.0,0.0,40,72.5,74.0,20,67.5,76.0,0.0,0.0,0.0,0.0,1090
2023-05-10 21:13:14,c2311-P-2480,c2311-P-2480,67.5,0.0,0.0,0.0,50,72.5,74.5,60,67.5,76.0,0.0,0.0,0.0,0.0,1090
2023-05-10 21:13:14,c2311-P-2480,c2311-P-2480,67.5,0.0,0.0,0.0,50,72.5,74.5,50,67.5,76.0,0.0,0.0,0.0,0.0,1090
2023-05-10 21:13:16,c2311-P-2480,c2311-P-2480,67.5,0.0,0.0,0.0,50,72.5,74.5,60,67.5,76.0,0.0,0.0,0.0,0.0,1090
2023-05-10 21:13:20,c2311-P-2480,c2311-P-2480,67.5,0.0,0.0,0.0,50,72.5,74.0,10,67.5,76.0,0.0,0.0,0.0,0.0,1090
2023-05-10 21:13:20,c2311-P-2480,c2311-P-2480,67.5,0.0,0.0,0.0,50,72.5,74.5,60,67.5,76.0,0.0,0.0,0.0,0.0,1090
2023-05-10 21:13:20,c2311-P-2480,c2311-P-2480,67.5,0.0,0.0,0.0,50,72.5,74.5,50,67.5,76.0,0.0,0.0,0.0,0.0,1090
2023-05-10 21:13:31,c2311-P-2480,c2311-P-2480,67.5,0.0,0.0,0.0,60,72.5,74.5,50,67.5,76.0,0.0,0.0,0.0,0.0,1090
2023-05-10 21:13:31,c2311-P-2480,c2311-P-2480,67.5,0.0,0.0,0.0,50,72.5,74.5,60,67.5,76.0,0.0,0.0,0.0,0.0,1090
2023-05-10 21:13:34,c2311-P-2480,c2311-P-2480,67.5,0.0,0.0,0.0,50,72.5,74.0,10,67.5,76.0,0.0,0.0,0.0,0.0,1090
2023-05-10 21:13:37,c2311-P-2480,c2311-P-2480,67.5,0.0,0.0,0.0,50,72.5,74.5,60,67.5,76.0,0.0,0.0,0.0,0.0,1090
2023-05-10 21:13:38,c2311-P-2480,c2311-P-2480,67.5,0.0,0.0,0.0,50,72.5,74.0,10,67.5,76.0,0.0,0.0,0.0,0.0,1090
2023-05-10 21:13:40,c2311-P-2480,c2311-P-2480,67.5,0.0,0.0,0.0,50,72.5,74.5,60,67.5,76.0,0.0,0.0,0.0,0.0,1090
2023-05-10 21:13:49,c2311-P-2480,c2311-P-2480,67.5,0.0,0.0,0.0,50,72.5,74.0,10,67.5,76.0,0.0,0.0,0.0,0.0,1090
2023-05-10 21:13:50,c2311-P-2480,c2311-P-2480,67.5,0.0,0.0,0.0,30,72.5,74.0,40,67.5,76.0,0.0,0.0,0.0,0.0,1090
2023-05-10 21:13:51,c2311-P-2480,c2311-P-2480,67.5,0.0,0.0,0.0,30,72.5,74.0,30,67.5,76.0,0.0,0.0,0.0,0.0,1090
2023-05-10 21:13:51,c2311-P-2480,c2311-P-2480,67.5,0.0,0.0,0.0,50,72.5,74.0,10,67.5,76.0,0.0,0.0,0.0,0.0,1090
2023-05-10 21:13:53,c2311-P-2480,c2311-P-2480,67.5,0.0,0.0,0.0,50,72.5,74.5,60,67.5,76.0,0.0,0.0,0.0,0.0,1090
2023-05-10 21:13:54,c2311-P-2480,c2311-P-2480,67.5,0.0,0.0,0.0,50,72.5,74.0,10,67.5,76.0,0.0,0.0,0.0,0.0,1090
2023-05-10 21:13:57,c2311-P-2480,c2311-P-2480,67.5,0.0,0.0,0.0,50,72.5,74.5,70,67.5,76.0,0.0,0.0,0.0,0.0,1090
2023-05-10 21:13:57,c2311-P-2480,c2311-P-2480,67.5,0.0,0.0,0.0,50,72.5,74.0,10,67.5,76.0,0.0,0.0,0.0,0.0,1090
2023-05-10 21:13:58,c2311-P-2480,c2311-P-2480,67.5,0.0,0.0,0.0,50,72.5,74.5,70,67.5,76.0,0.0,0.0,0.0,0.0,1090
2023-05-10 21:13:59,c2311-P-2480,c2311-P-2480,67.5,0.0,0.0,0.0,40,72.5,74.0,10,67.5,76.0,0.0,0.0,0.0,0.0,1090
2023-05-10 21:13:59,c2311-P-2480,c2311-P-2480,67.5,0.0,0.0,0.0,40,72.5,74.5,70,67.5,76.0,0.0,0.0,0.0,0.0,1090
2023-05-10 21:14:01,c2311-P-2480,c2311-P-2480,67.5,0.0,0.0,0.0,40,72.5,74.5,60,67.5,76.0,0.0,0.0,0.0,0.0,1090
2023-05-10 21:14:02,c2311-P-2480,c2311-P-2480,67.5,0.0,0.0,0.0,50,72.5,74.5,60,67.5,76.0,0.0,0.0,0.0,0.0,1090
2023-05-10 21:14:08,c2311-P-2480,c2311-P-2480,67.5,0.0,0.0,0.0,60,72.5,74.5,30,67.5,76.0,0.0,0.0,0.0,0.0,1090
2023-05-10 21:14:09,c2311-P-2480,c2311-P-2480,67.5,0.0,0.0,0.0,60,72.5,74.5,10,67.5,76.0,0.0,0.0,0.0,0.0,1090
2023-05-10 21:14:10,c2311-P-2480,c2311-P-2480,67.5,0.0,0.0,0.0,10,73.0,74.5,20,67.5,76.0,0.0,0.0,0.0,0.0,1090
2023-05-10 21:14:10,c2311-P-2480,c2311-P-2480,67.5,0.0,0.0,0.0,20,73.0,74.5,20,67.5,76.0,0.0,0.0,0.0,0.0,1090
2023-05-10 21:14:11,c2311-P-2480,c2311-P-2480,67.5,0.0,0.0,0.0,30,73.0,74.5,20,67.5,76.0,0.0,0.0,0.0,0.0,1090
2023-05-10 21:14:13,c2311-P-2480,c2311-P-2480,67.5,0.0,0.0,0.0,40,73.0,75.0,70,67.5,76.0,0.0,0.0,0.0,0.0,1090
2023-05-10 21:14:19,c2311-P-2480,c2311-P-2480,67.5,0.0,0.0,0.0,40,73.0,74.5,10,67.5,76.0,0.0,0.0,0.0,0.0,1090
2023-05-10 21:14:19,c2311-P-2480,c2311-P-2480,67.5,0.0,0.0,0.0,30,73.0,74.5,10,67.5,76.0,0.0,0.0,0.0,0.0,1090
2023-05-10 21:14:20,c2311-P-2480,c2311-P-2480,67.5,0.0,0.0,0.0,40,73.0,74.5,10,67.5,76.0,0.0,0.0,0.0,0.0,1090
2023-05-10 21:14:28,c2311-P-2480,c2311-P-2480,67.5,0.0,0.0,0.0,40,73.0,74.5,20,67.5,76.0,0.0,0.0,0.0,0.0,1090
2023-05-10 21:14:28,c2311-P-2480,c2311-P-2480,67.5,0.0,0.0,0.0,40,73.0,74.5,10,67.5,76.0,0.0,0.0,0.0,0.0,1090
2023-05-10 21:14:37,c2311-P-2480,c2311-P-2480,67.5,0.0,0.0,0.0,30,73.5,74.5,10,67.5,76.0,0.0,0.0,0.0,0.0,1090
2023-05-10 21:14:39,c2311-P-2480,c2311-P-2480,67.5,0.0,0.0,0.0,30,73.5,75.0,40,67.5,76.0,0.0,0.0,0.0,0.0,1090
2023-05-10 21:14:39,c2311-P-2480,c2311-P-2480,67.5,0.0,0.0,0.0,40,73.5,75.0,30,67.5,76.0,0.0,0.0,0.0,0.0,1090
2023-05-10 21:14:40,c2311-P-2480,c2311-P-2480,67.5,0.0,0.0,0.0,40,73.5,75.0,40,67.5,76.0,0.0,0.0,0.0,0.0,1090
2023-05-10 21:14:41,c2311-P-2480,c2311-P-2480,67.5,0.0,0.0,0.0,40,73.5,75.0,30,67.5,76.0,0.0,0.0,0.0,0.0,1090
2023-05-10 21:14:42,c2311-P-2480,c2311-P-2480,67.5,0.0,0.0,0.0,30,73.5,74.5,10,67.5,76.0,0.0,0.0,0.0,0.0,1090
2023-05-10 21:14:42,c2311-P-2480,c2311-P-2480,67.5,0.0,0.0,0.0,20,73.5,74.5,10,67.5,76.0,0.0,0.0,0.0,0.0,1090
2023-05-10 21:14:43,c2311-P-2480,c2311-P-2480,67.5,0.0,0.0,0.0,10,73.5,74.5,10,67.5,76.0,0.0,0.0,0.0,0.0,1090
2023-05-10 21:14:55,c2311-P-2480,c2311-P-2480,67.5,0.0,0.0,0.0,20,73.5,74.5,10,67.5,76.0,0.0,0.0,0.0,0.0,1090
2023-05-10 21:14:55,c2311-P-2480,c2311-P-2480,67.5,0.0,0.0,0.0,10,73.5,74.5,10,67.5,76.0,0.0,0.0,0.0,0.0,1090
2023-05-10 21:15:01,c2311-P-2480,c2311-P-2480,67.5,0.0,0.0,0.0,20,73.5,74.5,10,67.5,76.0,0.0,0.0,0.0,0.0,1090
2023-05-10 21:15:01,c2311-P-2480,c2311-P-2480,67.5,0.0,0.0,0.0,30,73.5,74.5,10,67.5,76.0,0.0,0.0,0.0,0.0,1090
2023-05-10 21:15:01,c2311-P-2480,c2311-P-2480,67.5,0.0,0.0,0.0,40,73.5,75.0,30,67.5,76.0,0.0,0.0,0.0,0.0,1090
2023-05-10 21:15:03,c2311-P-2480,c2311-P-2480,67.5,0.0,0.0,0.0,30,73.5,74.5,10,67.5,76.0,0.0,0.0,0.0,0.0,1090
2023-05-10 21:15:04,c2311-P-2480,c2311-P-2480,67.5,0.0,0.0,0.0,30,73.5,74.5,20,67.5,76.0,0.0,0.0,0.0,0.0,1090
2023-05-10 21:15:08,c2311-P-2480,c2311-P-2480,67.5,0.0,0.0,0.0,20,73.5,74.5,20,67.5,76.0,0.0,0.0,0.0,0.0,1090
2023-05-10 21:15:10,c2311-P-2480,c2311-P-2480,67.5,0.0,0.0,0.0,20,73.5,74.5,10,67.5,76.0,0.0,0.0,0.0,0.0,1090
2023-05-10 21:15:23,c2311-P-2480,c2311-P-2480,67.5,0.0,0.0,0.0,10,73.5,74.0,10,67.5,76.0,0.0,0.0,0.0,0.0,1090
2023-05-10 21:15:25,c2311-P-2480,c2311-P-2480,67.5,0.0,0.0,0.0,35,73.5,74.0,10,67.5,76.0,0.0,0.0,0.0,0.0,1090
2023-05-10 21:15:32,c2311-P-2480,c2311-P-2480,67.5,0.0,0.0,0.0,35,73.5,74.5,40,67.5,76.0,0.0,0.0,0.0,0.0,1090
2023-05-10 21:15:33,c2311-P-2480,c2311-P-2480,67.5,0.0,0.0,0.0,35,73.5,74.5,20,67.5,76.0,0.0,0.0,0.0,0.0,1090
2023-05-10 21:15:34,c2311-P-2480,c2311-P-2480,67.5,0.0,0.0,0.0,10,73.5,74.5,20,67.5,76.0,0.0,0.0,0.0,0.0,1090
2023-05-10 21:15:42,c2311-P-2480,c2311-P-2480,67.5,0.0,0.0,0.0,30,73.5,74.5,20,67.5,76.0,0.0,0.0,0.0,0.0,1090
2023-05-10 21:15:44,c2311-P-2480,c2311-P-2480,67.5,0.0,0.0,0.0,20,73.5,74.5,20,67.5,76.0,0.0,0.0,0.0,0.0,1090
2023-05-10 21:15:49,c2311-P-2480,c2311-P-2480,67.5,0.0,0.0,0.0,10,73.5,74.5,30,67.5,76.0,0.0,0.0,0.0,0.0,1090
2023-05-10 21:15:50,c2311-P-2480,c2311-P-2480,67.5,0.0,0.0,0.0,10,73.5,74.5,20,67.5,76.0,0.0,0.0,0.0,0.0,1090
2023-05-10 21:15:58,c2311-P-2480,c2311-P-2480,67.5,0.0,0.0,0.0,10,73.5,74.5,30,67.5,76.0,0.0,0.0,0.0,0.0,1090
2023-05-10 21:15:58,c2311-P-2480,c2311-P-2480,67.5,0.0,0.0,0.0,10,73.5,74.5,20,67.5,76.0,0.0,0.0,0.0,0.0,1090
2023-05-10 21:16:17,c2311-P-2480,c2311-P-2480,67.5,0.0,0.0,0.0,30,73.5,74.5,20,67.5,76.0,0.0,0.0,0.0,0.0,1090
2023-05-10 21:16:20,c2311-P-2480,c2311-P-2480,67.5,0.0,0.0,0.0,20,73.5,74.5,20,67.5,76.0,0.0,0.0,0.0,0.0,1090
2023-05-10 21:16:20,c2311-P-2480,c2311-P-2480,67.5,0.0,0.0,0.0,30,73.5,74.5,20,67.5,76.0,0.0,0.0,0.0,0.0,1090
2023-05-10 21:16:20,c2311-P-2480,c2311-P-2480,67.5,0.0,0.0,0.0,20,73.5,74.5,20,67.5,76.0,0.0,0.0,0.0,0.0,1090
2023-05-10 21:16:37,c2311-P-2480,c2311-P-2480,67.5,0.0,0.0,0.0,40,73.5,75.0,10,67.5,76.0,0.0,0.0,0.0,0.0,1090
2023-05-10 21:16:40,c2311-P-2480,c2311-P-2480,67.5,0.0,0.0,0.0,20,74.0,75.5,46,67.5,76.0,0.0,0.0,0.0,0.0,1090
2023-05-10 21:16:40,c2311-P-2480,c2311-P-2480,67.5,0.0,0.0,0.0,30,74.0,75.5,46,67.5,76.0,0.0,0.0,0.0,0.0,1090
2023-05-10 21:16:41,c2311-P-2480,c2311-P-2480,67.5,0.0,0.0,0.0,40,74.0,75.5,46,67.5,76.0,0.0,0.0,0.0,0.0,1090
2023-05-10 21:16:42,c2311-P-2480,c2311-P-2480,67.5,0.0,0.0,0.0,40,74.0,75.5,30,67.5,76.0,0.0,0.0,0.0,0.0,1090
2023-05-10 21:16:44,c2311-P-2480,c2311-P-2480,67.5,0.0,0.0,0.0,10,74.5,75.5,30,67.5,76.0,0.0,0.0,0.0,0.0,1090
2023-05-10 21:16:44,c2311-P-2480,c2311-P-2480,67.5,0.0,0.0,0.0,20,74.5,75.5,30,67.5,76.0,0.0,0.0,0.0,0.0,1090
2023-05-10 21:16:45,c2311-P-2480,c2311-P-2480,67.5,0.0,0.0,0.0,20,74.5,75.5,10,67.5,76.0,0.0,0.0,0.0,0.0,1090
2023-05-10 21:16:45,c2311-P-2480,c2311-P-2480,67.5,0.0,0.0,0.0,10,75.0,76.0,20,67.5,76.0,0.0,0.0,0.0,0.0,1090
2023-05-10 21:16:46,c2311-P-2480,c2311-P-2480,67.5,0.0,0.0,0.0,30,75.0,76.0,10,67.5,76.0,0.0,0.0,0.0,0.0,1090
2023-05-10 21:16:48,c2311-P-2480,c2311-P-2480,67.5,0.0,0.0,0.0,30,75.0,76.0,20,67.5,76.0,0.0,0.0,0.0,0.0,1090
2023-05-10 21:16:49,c2311-P-2480,c2311-P-2480,67.5,0.0,0.0,0.0,30,75.0,76.0,10,67.5,76.0,0.0,0.0,0.0,0.0,1090
2023-05-10 21:16:49,c2311-P-2480,c2311-P-2480,67.5,0.0,0.0,0.0,30,75.0,76.0,20,67.5,76.0,0.0,0.0,0.0,0.0,1090
2023-05-10 21:16:57,c2311-P-2480,c2311-P-2480,67.5,0.0,0.0,0.0,30,75.0,76.0,10,67.5,76.0,0.0,0.0,0.0,0.0,1090
2023-05-10 21:17:04,c2311-P-2480,c2311-P-2480,67.5,0.0,0.0,0.0,20,75.0,76.0,10,67.5,76.0,0.0,0.0,0.0,0.0,1090
2023-05-10 21:17:04,c2311-P-2480,c2311-P-2480,67.5,0.0,0.0,0.0,40,74.5,76.0,50,67.5,76.0,0.0,0.0,0.0,0.0,1090
2023-05-10 21:17:04,c2311-P-2480,c2311-P-2480,67.5,0.0,0.0,0.0,20,74.5,76.0,60,67.5,76.0,0.0,0.0,0.0,0.0,1090
2023-05-10 21:17:05,c2311-P-2480,c2311-P-2480,67.5,0.0,0.0,0.0,56,74.0,75.5,30,67.5,76.0,0.0,0.0,0.0,0.0,1090
2023-05-10 21:17:06,c2311-P-2480,c2311-P-2480,67.5,0.0,0.0,0.0,46,74.0,75.5,30,67.5,76.0,0.0,0.0,0.0,0.0,1090
2023-05-10 21:17:06,c2311-P-2480,c2311-P-2480,67.5,0.0,0.0,0.0,46,74.0,75.5,50,67.5,76.0,0.0,0.0,0.0,0.0,1090
2023-05-10 21:17:07,c2311-P-2480,c2311-P-2480,67.5,0.0,0.0,0.0,36,74.0,75.5,60,67.5,76.0,0.0,0.0,0.0,0.0,1090
2023-05-10 21:17:07,c2311-P-2480,c2311-P-2480,67.5,0.0,0.0,0.0,20,74.0,75.5,60,67.5,76.0,0.0,0.0,0.0,0.0,1090
2023-05-10 21:17:12,c2311-P-2480,c2311-P-2480,67.5,0.0,0.0,0.0,50,73.5,75.0,20,67.5,76.0,0.0,0.0,0.0,0.0,1090
2023-05-10 21:17:13,c2311-P-2480,c2311-P-2480,67.5,0.0,0.0,0.0,30,73.5,75.0,50,67.5,76.0,0.0,0.0,0.0,0.0,1090
2023-05-10 21:17:13,c2311-P-2480,c2311-P-2480,67.5,0.0,0.0,0.0,20,73.5,75.0,50,67.5,76.0,0.0,0.0,0.0,0.0,1090
2023-05-10 21:17:14,c2311-P-2480,c2311-P-2480,67.5,0.0,0.0,0.0,20,73.5,74.5,10,67.5,76.0,0.0,0.0,0.0,0.0,1090
2023-05-10 21:17:14,c2311-P-2480,c2311-P-2480,67.5,0.0,0.0,0.0,10,73.5,74.5,40,67.5,76.0,0.0,0.0,0.0,0.0,1090
2023-05-10 21:17:15,c2311-P-2480,c2311-P-2480,67.5,0.0,0.0,0.0,10,73.5,74.5,30,67.5,76.0,0.0,0.0,0.0,0.0,1090
2023-05-10 21:17:16,c2311-P-2480,c2311-P-2480,67.5,0.0,0.0,0.0,10,73.5,74.5,40,67.5,76.0,0.0,0.0,0.0,0.0,1090
2023-05-10 21:17:16,c2311-P-2480,c2311-P-2480,67.5,0.0,0.0,0.0,10,73.5,74.5,50,67.5,76.0,0.0,0.0,0.0,0.0,1090
2023-05-10 21:17:17,c2311-P-2480,c2311-P-2480,67.5,0.0,0.0,0.0,30,73.0,74.5,50,67.5,76.0,0.0,0.0,0.0,0.0,1090
2023-05-10 21:17:18,c2311-P-2480,c2311-P-2480,67.5,0.0,0.0,0.0,20,73.0,74.5,50,67.5,76.0,0.0,0.0,0.0,0.0,1090
2023-05-10 21:17:19,c2311-P-2480,c2311-P-2480,67.5,0.0,0.0,0.0,20,73.0,74.0,10,67.5,76.0,0.0,0.0,0.0,0.0,1090
2023-05-10 21:17:20,c2311-P-2480,c2311-P-2480,67.5,0.0,0.0,0.0,20,73.0,74.0,30,67.5,76.0,0.0,0.0,0.0,0.0,1090
2023-05-10 21:17:20,c2311-P-2480,c2311-P-2480,67.5,0.0,0.0,0.0,10,73.0,74.0,40,67.5,76.0,0.0,0.0,0.0,0.0,1090
2023-05-10 21:17:21,c2311-P-2480,c2311-P-2480,67.5,0.0,0.0,0.0,56,72.5,74.0,40,67.5,76.0,0.0,0.0,0.0,0.0,1090
2023-05-10 21:17:23,c2311-P-2480,c2311-P-2480,67.5,0.0,0.0,0.0,46,72.5,74.0,40,67.5,76.0,0.0,0.0,0.0,0.0,1090
2023-05-10 21:17:24,c2311-P-2480,c2311-P-2480,67.5,0.0,0.0,0.0,56,72.5,74.0,40,67.5,76.0,0.0,0.0,0.0,0.0,1090
2023-05-10 21:17:29,c2311-P-2480,c2311-P-2480,67.5,0.0,0.0,0.0,40,72.5,73.5,20,67.5,76.0,0.0,0.0,0.0,0.0,1090
2023-05-10 21:17:29,c2311-P-2480,c2311-P-2480,67.5,0.0,0.0,0.0,40,72.5,74.0,40,67.5,76.0,0.0,0.0,0.0,0.0,1090
2023-05-10 21:17:29,c2311-P-2480,c2311-P-2480,67.5,0.0,0.0,0.0,40,72.5,74.0,50,67.5,76.0,0.0,0.0,0.0,0.0,1090
2023-05-10 21:17:31,c2311-P-2480,c2311-P-2480,67.5,0.0,0.0,0.0,30,72.5,74.0,50,67.5,76.0,0.0,0.0,0.0,0.0,1090
2023-05-10 21:17:37,c2311-P-2480,c2311-P-2480,67.5,0.0,0.0,0.0,40,72.5,74.0,40,67.5,76.0,0.0,0.0,0.0,0.0,1090
2023-05-10 21:17:39,c2311-P-2480,c2311-P-2480,67.5,0.0,0.0,0.0,50,72.5,74.0,20,67.5,76.0,0.0,0.0,0.0,0.0,1090
2023-05-10 21:17:39,c2311-P-2480,c2311-P-2480,67.5,0.0,0.0,0.0,60,72.5,74.0,10,67.5,76.0,0.0,0.0,0.0,0.0,1090
2023-05-10 21:17:40,c2311-P-2480,c2311-P-2480,67.5,0.0,0.0,0.0,60,72.5,74.5,60,67.5,76.0,0.0,0.0,0.0,0.0,1090
2023-05-10 21:17:42,c2311-P-2480,c2311-P-2480,67.5,0.0,0.0,0.0,70,72.5,74.5,60,67.5,76.0,0.0,0.0,0.0,0.0,1090
2023-05-10 21:17:44,c2311-P-2480,c2311-P-2480,67.5,0.0,0.0,0.0,10,73.0,74.5,60,67.5,76.0,0.0,0.0,0.0,0.0,1090
2023-05-10 21:17:44,c2311-P-2480,c2311-P-2480,67.5,0.0,0.0,0.0,20,73.0,74.5,60,67.5,76.0,0.0,0.0,0.0,0.0,1090
2023-05-10 21:17:45,c2311-P-2480,c2311-P-2480,67.5,0.0,0.0,0.0,20,73.0,74.5,50,67.5,76.0,0.0,0.0,0.0,0.0,1090
2023-05-10 21:17:51,c2311-P-2480,c2311-P-2480,67.5,0.0,0.0,0.0,20,73.0,74.5,60,67.5,76.0,0.0,0.0,0.0,0.0,1090
2023-05-10 21:17:52,c2311-P-2480,c2311-P-2480,67.5,0.0,0.0,0.0,10,73.0,74.0,10,67.5,76.0,0.0,0.0,0.0,0.0,1090
2023-05-10 21:17:53,c2311-P-2480,c2311-P-2480,67.5,0.0,0.0,0.0,10,73.0,74.0,30,67.5,76.0,0.0,0.0,0.0,0.0,1090
2023-05-10 21:17:53,c2311-P-2480,c2311-P-2480,67.5,0.0,0.0,0.0,40,72.5,74.0,40,67.5,76.0,0.0,0.0,0.0,0.0,1090
2023-05-10 21:17:54,c2311-P-2480,c2311-P-2480,67.5,0.0,0.0,0.0,40,72.5,74.0,50,67.5,76.0,0.0,0.0,0.0,0.0,1090
2023-05-10 21:17:55,c2311-P-2480,c2311-P-2480,67.5,0.0,0.0,0.0,30,72.5,74.0,50,67.5,76.0,0.0,0.0,0.0,0.0,1090
2023-05-10 21:17:56,c2311-P-2480,c2311-P-2480,67.5,0.0,0.0,0.0,40,72.5,74.0,50,67.5,76.0,0.0,0.0,0.0,0.0,1090
2023-05-10 21:17:57,c2311-P-2480,c2311-P-2480,67.5,0.0,0.0,0.0,30,72.5,74.0,50,67.5,76.0,0.0,0.0,0.0,0.0,1090
2023-05-10 21:18:03,c2311-P-2480,c2311-P-2480,67.5,0.0,0.0,0.0,40,72.5,74.0,40,67.5,76.0,0.0,0.0,0.0,0.0,1090
2023-05-10 21:18:03,c2311-P-2480,c2311-P-2480,67.5,0.0,0.0,0.0,30,72.5,74.0,50,67.5,76.0,0.0,0.0,0.0,0.0,1090
2023-05-10 21:18:13,c2311-P-2480,c2311-P-2480,67.5,0.0,0.0,0.0,40,72.5,74.0,50,67.5,76.0,0.0,0.0,0.0,0.0,1090
2023-05-10 21:18:15,c2311-P-2480,c2311-P-2480,67.5,0.0,0.0,0.0,50,72.5,74.0,20,67.5,76.0,0.0,0.0,0.0,0.0,1090
2023-05-10 21:18:15,c2311-P-2480,c2311-P-2480,67.5,0.0,0.0,0.0,60,72.5,74.0,10,67.5,76.0,0.0,0.0,0.0,0.0,1090
2023-05-10 21:18:17,c2311-P-2480,c2311-P-2480,67.5,0.0,0.0,0.0,60,72.5,74.5,60,67.5,76.0,0.0,0.0,0.0,0.0,1090
2023-05-10 21:18:17,c2311-P-2480,c2311-P-2480,67.5,0.0,0.0,0.0,70,72.5,74.5,50,67.5,76.0,0.0,0.0,0.0,0.0,1090
2023-05-10 21:18:18,c2311-P-2480,c2311-P-2480,67.5,0.0,0.0,0.0,50,73.0,74.5,10,67.5,76.0,0.0,0.0,0.0,0.0,1090
2023-05-10 21:18:38,c2311-P-2480,c2311-P-2480,67.5,0.0,0.0,0.0,50,73.0,75.0,70,67.5,76.0,0.0,0.0,0.0,0.0,1090
2023-05-10 21:18:39,c2311-P-2480,c2311-P-2480,67.5,0.0,0.0,0.0,60,73.0,75.0,70,67.5,76.0,0.0,0.0,0.0,0.0,1090
2023-05-10 21:18:41,c2311-P-2480,c2311-P-2480,67.5,0.0,0.0,0.0,60,73.0,75.0,60,67.5,76.0,0.0,0.0,0.0,0.0,1090
2023-05-10 21:18:42,c2311-P-2480,c2311-P-2480,67.5,0.0,0.0,0.0,60,73.0,75.0,50,67.5,76.0,0.0,0.0,0.0,0.0,1090
2023-05-10 21:18:43,c2311-P-2480,c2311-P-2480,67.5,0.0,0.0,0.0,20,73.5,75.0,40,67.5,76.0,0.0,0.0,0.0,0.0,1090
2023-05-10 21:18:44,c2311-P-2480,c2311-P-2480,67.5,0.0,0.0,0.0,40,73.5,75.0,20,67.5,76.0,0.0,0.0,0.0,0.0,1090
2023-05-10 21:18:44,c2311-P-2480,c2311-P-2480,67.5,0.0,0.0,0.0,40,73.5,75.5,60,67.5,76.0,0.0,0.0,0.0,0.0,1090
2023-05-10 21:18:45,c2311-P-2480,c2311-P-2480,67.5,0.0,0.0,0.0,60,73.5,75.5,60,67.5,76.0,0.0,0.0,0.0,0.0,1090
2023-05-10 21:18:45,c2311-P-2480,c2311-P-2480,67.5,0.0,0.0,0.0,60,73.5,75.5,50,67.5,76.0,0.0,0.0,0.0,0.0,1090
2023-05-10 21:18:46,c2311-P-2480,c2311-P-2480,67.5,0.0,0.0,0.0,60,73.5,75.5,40,67.5,76.0,0.0,0.0,0.0,0.0,1090
2023-05-10 21:18:48,c2311-P-2480,c2311-P-2480,67.5,0.0,0.0,0.0,60,73.5,75.5,60,67.5,76.0,0.0,0.0,0.0,0.0,1090
2023-05-10 21:18:49,c2311-P-2480,c2311-P-2480,67.5,0.0,0.0,0.0,60,73.5,75.5,40,67.5,76.0,0.0,0.0,0.0,0.0,1090
2023-05-10 21:18:52,c2311-P-2480,c2311-P-2480,67.5,0.0,0.0,0.0,50,73.5,75.5,60,67.5,76.0,0.0,0.0,0.0,0.0,1090
2023-05-10 21:18:53,c2311-P-2480,c2311-P-2480,67.5,0.0,0.0,0.0,60,73.5,75.5,60,67.5,76.0,0.0,0.0,0.0,0.0,1090
2023-05-10 21:18:54,c2311-P-2480,c2311-P-2480,67.5,0.0,0.0,0.0,60,73.5,75.5,50,67.5,76.0,0.0,0.0,0.0,0.0,1090
2023-05-10 21:19:01,c2311-P-2480,c2311-P-2480,67.5,0.0,0.0,0.0,30,74.0,75.5,30,67.5,76.0,0.0,0.0,0.0,0.0,1090
2023-05-10 21:19:01,c2311-P-2480,c2311-P-2480,67.5,0.0,0.0,0.0,40,74.0,75.5,20,67.5,76.0,0.0,0.0,0.0,0.0,1090
2023-05-10 21:19:02,c2311-P-2480,c2311-P-2480,67.5,0.0,0.0,0.0,40,74.0,75.5,30,67.5,76.0,0.0,0.0,0.0,0.0,1090
2023-05-10 21:19:03,c2311-P-2480,c2311-P-2480,67.5,0.0,0.0,0.0,40,74.0,75.5,10,67.5,76.0,0.0,0.0,0.0,0.0,1090
2023-05-10 21:19:03,c2311-P-2480,c2311-P-2480,67.5,0.0,0.0,0.0,40,74.0,76.0,60,67.5,76.0,0.0,0.0,0.0,0.0,1090
2023-05-10 21:19:04,c2311-P-2480,c2311-P-2480,67.5,0.0,0.0,0.0,50,74.0,76.0,60,67.5,76.0,0.0,0.0,0.0,0.0,1090
2023-05-10 21:19:04,c2311-P-2480,c2311-P-2480,67.5,0.0,0.0,0.0,50,74.0,76.0,70,67.5,76.0,0.0,0.0,0.0,0.0,1090
2023-05-10 21:19:07,c2311-P-2480,c2311-P-2480,67.5,0.0,0.0,0.0,30,74.0,75.5,30,67.5,76.0,0.0,0.0,0.0,0.0,1090
2023-05-10 21:19:10,c2311-P-2480,c2311-P-2480,67.5,0.0,0.0,0.0,30,74.0,75.5,40,67.5,76.0,0.0,0.0,0.0,0.0,1090
2023-05-10 21:19:21,c2311-P-2480,c2311-P-2480,67.5,0.0,0.0,0.0,30,74.0,75.5,30,67.5,76.0,0.0,0.0,0.0,0.0,1090
2023-05-10 21:19:23,c2311-P-2480,c2311-P-2480,67.5,0.0,0.0,0.0,40,74.0,75.5,20,67.5,76.0,0.0,0.0,0.0,0.0,1090
2023-05-10 21:19:23,c2311-P-2480,c2311-P-2480,67.5,0.0,0.0,0.0,50,74.0,76.0,60,67.5,76.0,0.0,0.0,0.0,0.0,1090
2023-05-10 21:19:25,c2311-P-2480,c2311-P-2480,67.5,0.0,0.0,0.0,60,74.0,76.0,60,67.5,76.0,0.0,0.0,0.0,0.0,1090
2023-05-10 21:19:29,c2311-P-2480,c2311-P-2480,67.5,0.0,0.0,0.0,60,74.0,76.0,50,67.5,76.0,0.0,0.0,0.0,0.0,1090
2023-05-10 21:19:33,c2311-P-2480,c2311-P-2480,67.5,0.0,0.0,0.0,60,74.0,76.0,60,67.5,76.0,0.0,0.0,0.0,0.0,1090
2023-05-10 21:19:34,c2311-P-2480,c2311-P-2480,67.5,0.0,0.0,0.0,60,74.0,76.0,50,67.5,76.0,0.0,0.0,0.0,0.0,1090
2023-05-10 21:19:35,c2311-P-2480,c2311-P-2480,67.5,0.0,0.0,0.0,60,74.0,76.0,40,67.5,76.0,0.0,0.0,0.0,0.0,1090
2023-05-10 21:19:37,c2311-P-2480,c2311-P-2480,67.5,0.0,0.0,0.0,20,74.5,76.0,40,67.5,76.0,0.0,0.0,0.0,0.0,1090
2023-05-10 21:19:37,c2311-P-2480,c2311-P-2480,67.5,0.0,0.0,0.0,30,74.5,76.0,40,67.5,76.0,0.0,0.0,0.0,0.0,1090
2023-05-10 21:19:40,c2311-P-2480,c2311-P-2480,67.5,0.0,0.0,0.0,20,74.5,76.0,40,67.5,76.0,0.0,0.0,0.0,0.0,1090
2023-05-10 21:19:41,c2311-P-2480,c2311-P-2480,67.5,0.0,0.0,0.0,30,74.5,76.0,40,67.5,76.0,0.0,0.0,0.0,0.0,1090
2023-05-10 21:19:44,c2311-P-2480,c2311-P-2480,67.5,0.0,0.0,0.0,20,74.5,76.0,40,67.5,76.0,0.0,0.0,0.0,0.0,1090
2023-05-10 21:19:53,c2311-P-2480,c2311-P-2480,67.5,0.0,0.0,0.0,30,74.5,76.0,30,67.5,76.0,0.0,0.0,0.0,0.0,1090
2023-05-10 21:19:54,c2311-P-2480,c2311-P-2480,67.5,0.0,0.0,0.0,30,74.5,76.0,40,67.5,76.0,0.0,0.0,0.0,0.0,1090
2023-05-10 21:19:56,c2311-P-2480,c2311-P-2480,67.5,0.0,0.0,0.0,20,74.5,76.0,40,67.5,76.0,0.0,0.0,0.0,0.0,1090
2023-05-10 21:19:57,c2311-P-2480,c2311-P-2480,67.5,0.0,0.0,0.0,20,74.5,76.0,60,67.5,76.0,0.0,0.0,0.0,0.0,1090
2023-05-10 21:19:57,c2311-P-2480,c2311-P-2480,67.5,0.0,0.0,0.0,20,74.5,76.0,50,67.5,76.0,0.0,0.0,0.0,0.0,1090
2023-05-10 21:19:58,c2311-P-2480,c2311-P-2480,67.5,0.0,0.0,0.0,20,74.5,76.0,40,67.5,76.0,0.0,0.0,0.0,0.0,1090
2023-05-10 21:19:58,c2311-P-2480,c2311-P-2480,67.5,0.0,0.0,0.0,30,74.5,76.0,30,67.5,76.0,0.0,0.0,0.0,0.0,1090
2023-05-10 21:20:00,c2311-P-2480,c2311-P-2480,67.5,0.0,0.0,0.0,40,74.5,76.0,10,67.5,76.0,0.0,0.0,0.0,0.0,1090
2023-05-10 21:20:00,c2311-P-2480,c2311-P-2480,67.5,0.0,0.0,0.0,50,74.5,76.0,10,67.5,76.0,0.0,0.0,0.0,0.0,1090
2023-05-10 21:20:02,c2311-P-2480,c2311-P-2480,67.5,0.0,0.0,0.0,50,74.5,76.5,86,67.5,76.0,0.0,0.0,0.0,0.0,1090
2023-05-10 21:20:02,c2311-P-2480,c2311-P-2480,67.5,0.0,0.0,0.0,60,74.5,76.5,86,67.5,76.0,0.0,0.0,0.0,0.0,1090
2023-05-10 21:20:03,c2311-P-2480,c2311-P-2480,67.5,0.0,0.0,0.0,60,74.5,76.5,76,67.5,76.0,0.0,0.0,0.0,0.0,1090
2023-05-10 21:20:04,c2311-P-2480,c2311-P-2480,67.5,0.0,0.0,0.0,50,75.0,77.0,30,67.5,76.0,0.0,0.0,0.0,0.0,1090
2023-05-10 21:20:04,c2311-P-2480,c2311-P-2480,67.5,0.0,0.0,0.0,50,75.0,77.0,40,67.5,76.0,0.0,0.0,0.0,0.0,1090
2023-05-10 21:20:05,c2311-P-2480,c2311-P-2480,67.5,0.0,0.0,0.0,40,75.0,77.0,60,67.5,76.0,0.0,0.0,0.0,0.0,1090
2023-05-10 21:20:05,c2311-P-2480,c2311-P-2480,67.5,0.0,0.0,0.0,30,75.0,77.0,60,67.5,76.0,0.0,0.0,0.0,0.0,1090
2023-05-10 21:20:05,c2311-P-2480,c2311-P-2480,67.5,0.0,0.0,0.0,30,75.0,77.0,70,67.5,76.0,0.0,0.0,0.0,0.0,1090
2023-05-10 21:20:07,c2311-P-2480,c2311-P-2480,67.5,0.0,0.0,0.0,50,75.0,77.0,70,67.5,76.0,0.0,0.0,0.0,0.0,1090
2023-05-10 21:20:08,c2311-P-2480,c2311-P-2480,67.5,0.0,0.0,0.0,60,75.0,77.0,50,67.5,76.0,0.0,0.0,0.0,0.0,1090
2023-05-10 21:20:08,c2311-P-2480,c2311-P-2480,67.5,0.0,0.0,0.0,60,75.0,77.0,40,67.5,76.0,0.0,0.0,0.0,0.0,1090
2023-05-10 21:20:13,c2311-P-2480,c2311-P-2480,67.5,0.0,0.0,0.0,50,75.0,77.0,60,67.5,76.0,0.0,0.0,0.0,0.0,1090
2023-05-10 21:20:14,c2311-P-2480,c2311-P-2480,67.5,0.0,0.0,0.0,50,75.0,76.5,20,67.5,76.0,0.0,0.0,0.0,0.0,1090
2023-05-10 21:20:14,c2311-P-2480,c2311-P-2480,67.5,0.0,0.0,0.0,50,75.0,76.5,10,67.5,76.0,0.0,0.0,0.0,0.0,1090
2023-05-10 21:20:15,c2311-P-2480,c2311-P-2480,67.5,0.0,0.0,0.0,60,75.0,76.5,10,67.5,76.0,0.0,0.0,0.0,0.0,1090
2023-05-10 21:20:16,c2311-P-2480,c2311-P-2480,67.5,0.0,0.0,0.0,10,75.5,77.0,50,67.5,76.0,0.0,0.0,0.0,0.0,1090
2023-05-10 21:20:17,c2311-P-2480,c2311-P-2480,67.5,0.0,0.0,0.0,30,75.5,77.0,40,67.5,76.0,0.0,0.0,0.0,0.0,1090
2023-05-10 21:20:17,c2311-P-2480,c2311-P-2480,67.5,0.0,0.0,0.0,50,75.5,77.0,20,67.5,76.0,0.0,0.0,0.0,0.0,1090
2023-05-10 21:20:18,c2311-P-2480,c2311-P-2480,67.5,0.0,0.0,0.0,50,75.5,77.0,10,67.5,76.0,0.0,0.0,0.0,0.0,1090
2023-05-10 21:20:18,c2311-P-2480,c2311-P-2480,67.5,0.0,0.0,0.0,20,76.0,77.5,60,67.5,76.0,0.0,0.0,0.0,0.0,1090
2023-05-10 21:20:18,c2311-P-2480,c2311-P-2480,67.5,0.0,0.0,0.0,10,76.0,77.5,60,67.5,76.0,0.0,0.0,0.0,0.0,1090
2023-05-10 21:20:20,c2311-P-2480,c2311-P-2480,67.5,0.0,0.0,0.0,45,76.0,77.5,60,67.5,76.0,0.0,0.0,0.0,0.0,1090
2023-05-10 21:20:22,c2311-P-2480,c2311-P-2480,67.5,0.0,0.0,0.0,35,76.0,77.0,20,67.5,76.0,0.0,0.0,0.0,0.0,1090
2023-05-10 21:20:23,c2311-P-2480,c2311-P-2480,67.5,0.0,0.0,0.0,10,76.0,77.0,40,67.5,76.0,0.0,0.0,0.0,0.0,1090
2023-05-10 21:20:23,c2311-P-2480,c2311-P-2480,67.5,0.0,0.0,0.0,35,76.0,77.0,65,67.5,76.0,0.0,0.0,0.0,0.0,1090
2023-05-10 21:20:23,c2311-P-2480,c2311-P-2480,67.5,0.0,0.0,0.0,35,76.0,77.0,75,67.5,76.0,0.0,0.0,0.0,0.0,1090
2023-05-10 21:20:29,c2311-P-2480,c2311-P-2480,67.5,0.0,0.0,0.0,35,76.0,77.0,10,67.5,76.0,0.0,0.0,0.0,0.0,1090
2023-05-10 21:20:32,c2311-P-2480,c2311-P-2480,67.5,0.0,0.0,0.0,35,76.0,77.5,95,67.5,76.0,0.0,0.0,0.0,0.0,1090
2023-05-10 21:20:34,c2311-P-2480,c2311-P-2480,67.5,0.0,0.0,0.0,35,76.0,77.5,70,67.5,76.0,0.0,0.0,0.0,0.0,1090
2023-05-10 21:20:40,c2311-P-2480,c2311-P-2480,67.5,0.0,0.0,0.0,10,76.0,77.5,70,67.5,76.0,0.0,0.0,0.0,0.0,1090
2023-05-10 21:20:41,c2311-P-2480,c2311-P-2480,67.5,0.0,0.0,0.0,20,76.0,77.5,60,67.5,76.0,0.0,0.0,0.0,0.0,1090
2023-05-10 21:20:43,c2311-P-2480,c2311-P-2480,67.5,0.0,0.0,0.0,10,76.0,77.0,20,67.5,76.0,0.0,0.0,0.0,0.0,1090
2023-05-10 21:20:45,c2311-P-2480,c2311-P-2480,67.5,0.0,0.0,0.0,35,76.0,77.0,10,67.5,76.0,0.0,0.0,0.0,0.0,1090
2023-05-10 21:20:45,c2311-P-2480,c2311-P-2480,67.5,0.0,0.0,0.0,35,76.0,77.0,20,67.5,76.0,0.0,0.0,0.0,0.0,1090
2023-05-10 21:20:52,c2311-P-2480,c2311-P-2480,67.5,0.0,0.0,0.0,35,76.0,77.0,10,67.5,76.0,0.0,0.0,0.0,0.0,1090
2023-05-10 21:20:52,c2311-P-2480,c2311-P-2480,67.5,0.0,0.0,0.0,35,76.0,77.0,20,67.5,76.0,0.0,0.0,0.0,0.0,1090
2023-05-10 21:20:55,c2311-P-2480,c2311-P-2480,67.5,0.0,0.0,0.0,35,76.0,77.0,50,67.5,76.0,0.0,0.0,0.0,0.0,1090
2023-05-10 21:20:56,c2311-P-2480,c2311-P-2480,67.5,0.0,0.0,0.0,35,76.0,77.0,40,67.5,76.0,0.0,0.0,0.0,0.0,1090
2023-05-10 21:20:58,c2311-P-2480,c2311-P-2480,67.5,0.0,0.0,0.0,35,76.0,77.0,10,67.5,76.0,0.0,0.0,0.0,0.0,1090
2023-05-10 21:21:05,c2311-P-2480,c2311-P-2480,67.5,0.0,0.0,0.0,10,76.0,77.0,10,67.5,76.0,0.0,0.0,0.0,0.0,1090
2023-05-10 21:21:07,c2311-P-2480,c2311-P-2480,67.5,0.0,0.0,0.0,20,76.0,77.0,10,67.5,76.0,0.0,0.0,0.0,0.0,1090
2023-05-10 21:21:07,c2311-P-2480,c2311-P-2480,67.5,0.0,0.0,0.0,10,76.0,77.0,10,67.5,76.0,0.0,0.0,0.0,0.0,1090
2023-05-10 21:21:12,c2311-P-2480,c2311-P-2480,67.5,0.0,0.0,0.0,30,76.0,77.0,10,67.5,76.0,0.0,0.0,0.0,0.0,1090
2023-05-10 21:21:12,c2311-P-2480,c2311-P-2480,67.5,0.0,0.0,0.0,20,76.0,77.0,10,67.5,76.0,0.0,0.0,0.0,0.0,1090
2023-05-10 21:21:13,c2311-P-2480,c2311-P-2480,67.5,0.0,0.0,0.0,10,76.0,77.0,10,67.5,76.0,0.0,0.0,0.0,0.0,1090
2023-05-10 21:21:25,c2311-P-2480,c2311-P-2480,67.5,0.0,0.0,0.0,20,76.0,77.0,10,67.5,76.0,0.0,0.0,0.0,0.0,1090
2023-05-10 21:21:27,c2311-P-2480,c2311-P-2480,67.5,0.0,0.0,0.0,10,76.0,77.0,10,67.5,76.0,0.0,0.0,0.0,0.0,1090
2023-05-10 21:21:28,c2311-P-2480,c2311-P-2480,67.5,0.0,0.0,0.0,10,76.0,77.0,50,67.5,76.0,0.0,0.0,0.0,0.0,1090
2023-05-10 21:21:29,c2311-P-2480,c2311-P-2480,76.0,10.0,7600.0,0.0,18,75.5,76.5,20,67.5,76.0,76.0,76.0,10.0,7600.0,1090
2023-05-10 21:21:30,c2311-P-2480,c2311-P-2480,76.0,0.0,0.0,0.0,43,75.5,76.5,20,67.5,76.0,76.0,76.0,10.0,7600.0,1090
2023-05-10 21:21:30,c2311-P-2480,c2311-P-2480,76.0,0.0,0.0,0.0,53,75.5,76.5,20,67.5,76.0,76.0,76.0,10.0,7600.0,1090
2023-05-10 21:21:31,c2311-P-2480,c2311-P-2480,76.0,0.0,0.0,0.0,45,75.5,76.5,20,67.5,76.0,76.0,76.0,10.0,7600.0,1090
2023-05-10 21:21:32,c2311-P-2480,c2311-P-2480,76.0,0.0,0.0,0.0,45,75.5,76.5,30,67.5,76.0,76.0,76.0,10.0,7600.0,1090
2023-05-10 21:21:47,c2311-P-2480,c2311-P-2480,76.0,0.0,0.0,0.0,35,75.5,76.0,10,67.5,76.0,76.0,76.0,10.0,7600.0,1090
2023-05-10 21:21:48,c2311-P-2480,c2311-P-2480,76.0,0.0,0.0,0.0,35,75.5,76.5,30,67.5,76.0,76.0,76.0,10.0,7600.0,1090
2023-05-10 21:21:48,c2311-P-2480,c2311-P-2480,76.0,0.0,0.0,0.0,35,75.5,76.5,20,67.5,76.0,76.0,76.0,10.0,7600.0,1090
2023-05-10 21:22:17,c2311-P-2480,c2311-P-2480,76.0,0.0,0.0,0.0,35,75.5,76.5,10,67.5,76.0,76.0,76.0,10.0,7600.0,1090
2023-05-10 21:22:18,c2311-P-2480,c2311-P-2480,76.0,0.0,0.0,0.0,45,75.5,77.0,28,67.5,76.0,76.0,76.0,10.0,7600.0,1090
2023-05-10 21:22:18,c2311-P-2480,c2311-P-2480,76.0,0.0,0.0,0.0,55,75.5,77.0,18,67.5,76.0,76.0,76.0,10.0,7600.0,1090
2023-05-10 21:22:20,c2311-P-2480,c2311-P-2480,76.0,0.0,0.0,0.0,30,75.5,77.0,18,67.5,76.0,76.0,76.0,10.0,7600.0,1090
2023-05-10 21:22:27,c2311-P-2480,c2311-P-2480,76.0,0.0,0.0,0.0,40,75.5,77.5,60,67.5,76.0,76.0,76.0,10.0,7600.0,1090
2023-05-10 21:22:27,c2311-P-2480,c2311-P-2480,76.0,0.0,0.0,0.0,50,75.5,77.5,50,67.5,76.0,76.0,76.0,10.0,7600.0,1090
2023-05-10 21:22:28,c2311-P-2480,c2311-P-2480,76.0,0.0,0.0,0.0,50,75.5,77.5,40,67.5,76.0,76.0,76.0,10.0,7600.0,1090
2023-05-10 21:22:29,c2311-P-2480,c2311-P-2480,76.0,0.0,0.0,0.0,50,75.5,77.5,30,67.5,76.0,76.0,76.0,10.0,7600.0,1090
2023-05-10 21:22:29,c2311-P-2480,c2311-P-2480,76.0,0.0,0.0,0.0,50,75.5,77.5,40,67.5,76.0,76.0,76.0,10.0,7600.0,1090
2023-05-10 21:22:30,c2311-P-2480,c2311-P-2480,76.0,0.0,0.0,0.0,30,75.5,77.0,10,67.5,76.0,76.0,76.0,10.0,7600.0,1090
2023-05-10 21:22:30,c2311-P-2480,c2311-P-2480,76.0,0.0,0.0,0.0,40,75.5,77.0,10,67.5,76.0,76.0,76.0,10.0,7600.0,1090
2023-05-10 21:22:37,c2311-P-2480,c2311-P-2480,76.0,0.0,0.0,0.0,30,75.5,77.0,10,67.5,76.0,76.0,76.0,10.0,7600.0,1090
2023-05-10 21:22:41,c2311-P-2480,c2311-P-2480,76.0,0.0,0.0,0.0,40,75.5,77.0,10,67.5,76.0,76.0,76.0,10.0,7600.0,1090
2023-05-10 21:22:47,c2311-P-2480,c2311-P-2480,76.0,0.0,0.0,0.0,10,76.0,77.5,40,67.5,76.0,76.0,76.0,10.0,7600.0,1090
2023-05-10 21:22:47,c2311-P-2480,c2311-P-2480,76.0,0.0,0.0,0.0,20,76.0,77.5,30,67.5,76.0,76.0,76.0,10.0,7600.0,1090
2023-05-10 21:22:48,c2311-P-2480,c2311-P-2480,76.0,0.0,0.0,0.0,40,76.0,77.5,30,67.5,76.0,76.0,76.0,10.0,7600.0,1090
2023-05-10 21:22:49,c2311-P-2480,c2311-P-2480,76.0,0.0,0.0,0.0,40,76.0,77.5,20,67.5,76.0,76.0,76.0,10.0,7600.0,1090
2023-05-10 21:22:50,c2311-P-2480,c2311-P-2480,76.0,0.0,0.0,0.0,40,76.0,77.5,10,67.5,76.0,76.0,76.0,10.0,7600.0,1090
2023-05-10 21:22:50,c2311-P-2480,c2311-P-2480,76.0,0.0,0.0,0.0,40,76.0,78.0,40,67.5,76.0,76.0,76.0,10.0,7600.0,1090
2023-05-10 21:22:51,c2311-P-2480,c2311-P-2480,76.0,0.0,0.0,0.0,40,76.0,77.5,10,67.5,76.0,76.0,76.0,10.0,7600.0,1090
2023-05-10 21:22:52,c2311-P-2480,c2311-P-2480,76.0,0.0,0.0,0.0,30,76.0,77.5,10,67.5,76.0,76.0,76.0,10.0,7600.0,1090
2023-05-10 21:22:53,c2311-P-2480,c2311-P-2480,76.0,0.0,0.0,0.0,50,76.0,78.0,30,67.5,76.0,76.0,76.0,10.0,7600.0,1090
2023-05-10 21:22:54,c2311-P-2480,c2311-P-2480,76.0,0.0,0.0,0.0,50,76.0,78.0,40,67.5,76.0,76.0,76.0,10.0,7600.0,1090
2023-05-10 21:22:54,c2311-P-2480,c2311-P-2480,76.0,0.0,0.0,0.0,50,76.0,78.0,30,67.5,76.0,76.0,76.0,10.0,7600.0,1090
2023-05-10 21:22:55,c2311-P-2480,c2311-P-2480,76.0,0.0,0.0,0.0,50,76.0,78.0,40,67.5,76.0,76.0,76.0,10.0,7600.0,1090
2023-05-10 21:22:59,c2311-P-2480,c2311-P-2480,76.0,0.0,0.0,0.0,40,76.0,78.0,40,67.5,76.0,76.0,76.0,10.0,7600.0,1090
2023-05-10 21:22:59,c2311-P-2480,c2311-P-2480,76.0,0.0,0.0,0.0,50,76.0,78.0,40,67.5,76.0,76.0,76.0,10.0,7600.0,1090
2023-05-10 21:23:04,c2311-P-2480,c2311-P-2480,76.0,0.0,0.0,0.0,50,76.0,78.0,30,67.5,76.0,76.0,76.0,10.0,7600.0,1090
2023-05-10 21:23:07,c2311-P-2480,c2311-P-2480,76.0,0.0,0.0,0.0,50,76.0,78.0,20,67.5,76.0,76.0,76.0,10.0,7600.0,1090
2023-05-10 21:23:11,c2311-P-2480,c2311-P-2480,76.0,0.0,0.0,0.0,40,76.0,78.0,20,67.5,76.0,76.0,76.0,10.0,7600.0,1090
2023-05-10 21:23:11,c2311-P-2480,c2311-P-2480,76.0,0.0,0.0,0.0,40,76.0,78.0,30,67.5,76.0,76.0,76.0,10.0,7600.0,1090
2023-05-10 21:23:12,c2311-P-2480,c2311-P-2480,76.0,0.0,0.0,0.0,40,76.0,77.5,10,67.5,76.0,76.0,76.0,10.0,7600.0,1090
2023-05-10 21:23:12,c2311-P-2480,c2311-P-2480,76.0,0.0,0.0,0.0,50,76.0,78.0,20,67.5,76.0,76.0,76.0,10.0,7600.0,1090
2023-05-10 21:23:39,c2311-P-2480,c2311-P-2480,76.0,0.0,0.0,0.0,30,76.0,77.5,10,67.5,76.0,76.0,76.0,10.0,7600.0,1090
2023-05-10 21:23:40,c2311-P-2480,c2311-P-2480,76.0,0.0,0.0,0.0,40,76.0,77.5,10,67.5,76.0,76.0,76.0,10.0,7600.0,1090
2023-05-10 21:23:41,c2311-P-2480,c2311-P-2480,76.0,0.0,0.0,0.0,1,77.5,78.0,20,67.5,76.0,76.0,76.0,10.0,7600.0,1090
2023-05-10 21:23:41,c2311-P-2480,c2311-P-2480,77.5,1.0,775.0,0.0,10,77.0,78.0,28,67.5,76.0,77.5,76.0,11.0,8375.0,1090
2023-05-10 21:23:41,c2311-P-2480,c2311-P-2480,77.5,0.0,0.0,0.0,20,77.0,78.0,28,67.5,76.0,77.5,76.0,11.0,8375.0,1090
2023-05-10 21:23:43,c2311-P-2480,c2311-P-2480,77.5,0.0,0.0,0.0,10,77.0,77.5,10,67.5,76.0,77.5,76.0,11.0,8375.0,1090
2023-05-10 21:23:43,c2311-P-2480,c2311-P-2480,77.5,0.0,0.0,0.0,10,77.0,78.0,38,67.5,76.0,77.5,76.0,11.0,8375.0,1090
2023-05-10 21:23:43,c2311-P-2480,c2311-P-2480,77.5,0.0,0.0,0.0,10,77.0,78.0,28,67.5,76.0,77.5,76.0,11.0,8375.0,1090
2023-05-10 21:23:56,c2311-P-2480,c2311-P-2480,77.5,0.0,0.0,0.0,10,77.0,78.0,18,67.5,76.0,77.5,76.0,11.0,8375.0,1090
2023-05-10 21:23:57,c2311-P-2480,c2311-P-2480,77.5,0.0,0.0,0.0,20,77.0,78.0,18,67.5,76.0,77.5,76.0,11.0,8375.0,1090
2023-05-10 21:24:01,c2311-P-2480,c2311-P-2480,77.5,0.0,0.0,0.0,10,77.0,78.0,28,67.5,76.0,77.5,76.0,11.0,8375.0,1090
2023-05-10 21:24:01,c2311-P-2480,c2311-P-2480,77.5,0.0,0.0,0.0,20,77.0,78.0,18,67.5,76.0,77.5,76.0,11.0,8375.0,1090
2023-05-10 21:24:01,c2311-P-2480,c2311-P-2480,77.5,0.0,0.0,0.0,10,77.0,78.0,18,67.5,76.0,77.5,76.0,11.0,8375.0,1090
2023-05-10 21:24:06,c2311-P-2480,c2311-P-2480,77.5,2.0,1550.0,0.0,28,76.5,77.5,18,67.5,76.0,77.5,76.0,13.0,9925.0,1090
2023-05-10 21:24:07,c2311-P-2480,c2311-P-2480,77.5,0.0,0.0,0.0,28,76.5,77.5,8,67.5,76.0,77.5,76.0,13.0,9925.0,1090
2023-05-10 21:24:11,c2311-P-2480,c2311-P-2480,77.5,0.0,0.0,0.0,20,76.5,77.5,8,67.5,76.0,77.5,76.0,13.0,9925.0,1090
2023-05-10 21:24:23,c2311-P-2480,c2311-P-2480,77.5,1.0,775.0,0.0,10,76.5,77.5,7,67.5,76.0,77.5,76.0,14.0,10700.0,1090
2023-05-10 21:24:24,c2311-P-2480,c2311-P-2480,77.5,0.0,0.0,0.0,20,76.5,77.5,7,67.5,76.0,77.5,76.0,14.0,10700.0,1090
2023-05-10 21:24:31,c2311-P-2480,c2311-P-2480,77.5,0.0,0.0,0.0,20,76.5,77.5,17,67.5,76.0,77.5,76.0,14.0,10700.0,1090
2023-05-10 21:24:31,c2311-P-2480,c2311-P-2480,77.5,0.0,0.0,0.0,28,76.0,77.5,47,67.5,76.0,77.5,76.0,14.0,10700.0,1090
2023-05-10 21:24:37,c2311-P-2480,c2311-P-2480,77.5,0.0,0.0,0.0,38,76.0,77.5,27,67.5,76.0,77.5,76.0,14.0,10700.0,1090
2023-05-10 21:24:37,c2311-P-2480,c2311-P-2480,77.5,0.0,0.0,0.0,38,76.0,77.5,17,67.5,76.0,77.5,76.0,14.0,10700.0,1090
2023-05-10 21:24:44,c2311-P-2480,c2311-P-2480,77.5,0.0,0.0,0.0,48,76.0,77.5,27,67.5,76.0,77.5,76.0,14.0,10700.0,1090
2023-05-10 21:24:44,c2311-P-2480,c2311-P-2480,77.5,0.0,0.0,0.0,58,76.0,78.0,38,67.5,76.0,77.5,76.0,14.0,10700.0,1090
2023-05-10 21:24:44,c2311-P-2480,c2311-P-2480,77.5,0.0,0.0,0.0,58,76.0,78.0,28,67.5,76.0,77.5,76.0,14.0,10700.0,1090
2023-05-10 21:24:45,c2311-P-2480,c2311-P-2480,77.5,0.0,0.0,0.0,58,76.0,78.0,18,67.5,76.0,77.5,76.0,14.0,10700.0,1090
2023-05-10 21:24:47,c2311-P-2480,c2311-P-2480,77.5,0.0,0.0,0.0,30,76.5,78.0,18,67.5,76.0,77.5,76.0,14.0,10700.0,1090
2023-05-10 21:24:48,c2311-P-2480,c2311-P-2480,77.5,0.0,0.0,0.0,40,76.5,78.0,18,67.5,76.0,77.5,76.0,14.0,10700.0,1090
2023-05-10 21:24:50,c2311-P-2480,c2311-P-2480,77.5,0.0,0.0,0.0,50,76.5,78.0,8,67.5,76.0,77.5,76.0,14.0,10700.0,1090
2023-05-10 21:24:50,c2311-P-2480,c2311-P-2480,77.5,0.0,0.0,0.0,40,76.5,78.0,18,67.5,76.0,77.5,76.0,14.0,10700.0,1090
2023-05-10 21:24:55,c2311-P-2480,c2311-P-2480,77.5,0.0,0.0,0.0,40,76.5,78.0,10,67.5,76.0,77.5,76.0,14.0,10700.0,1090
2023-05-10 21:24:57,c2311-P-2480,c2311-P-2480,77.5,0.0,0.0,0.0,50,76.5,78.5,20,67.5,76.0,77.5,76.0,14.0,10700.0,1090
2023-05-10 21:24:57,c2311-P-2480,c2311-P-2480,77.5,0.0,0.0,0.0,40,76.5,78.0,10,67.5,76.0,77.5,76.0,14.0,10700.0,1090
2023-05-10 21:25:01,c2311-P-2480,c2311-P-2480,77.5,0.0,0.0,0.0,50,76.5,78.5,20,67.5,76.0,77.5,76.0,14.0,10700.0,1090
2023-05-10 21:25:02,c2311-P-2480,c2311-P-2480,77.5,0.0,0.0,0.0,10,77.0,78.5,20,67.5,76.0,77.5,76.0,14.0,10700.0,1090
2023-05-10 21:25:02,c2311-P-2480,c2311-P-2480,77.5,0.0,0.0,0.0,20,77.0,78.5,20,67.5,76.0,77.5,76.0,14.0,10700.0,1090
2023-05-10 21:25:04,c2311-P-2480,c2311-P-2480,77.5,0.0,0.0,0.0,40,77.0,78.5,20,67.5,76.0,77.5,76.0,14.0,10700.0,1090
2023-05-10 21:25:04,c2311-P-2480,c2311-P-2480,77.5,0.0,0.0,0.0,50,77.0,79.0,10,67.5,76.0,77.5,76.0,14.0,10700.0,1090
2023-05-10 21:25:07,c2311-P-2480,c2311-P-2480,77.5,0.0,0.0,0.0,30,77.5,79.5,56,67.5,76.0,77.5,76.0,14.0,10700.0,1090
2023-05-10 21:25:08,c2311-P-2480,c2311-P-2480,77.5,0.0,0.0,0.0,40,77.5,79.5,56,67.5,76.0,77.5,76.0,14.0,10700.0,1090
2023-05-10 21:25:09,c2311-P-2480,c2311-P-2480,77.5,0.0,0.0,0.0,30,77.5,79.0,10,67.5,76.0,77.5,76.0,14.0,10700.0,1090
2023-05-10 21:25:10,c2311-P-2480,c2311-P-2480,77.5,0.0,0.0,0.0,40,77.5,79.0,10,67.5,76.0,77.5,76.0,14.0,10700.0,1090
2023-05-10 21:25:11,c2311-P-2480,c2311-P-2480,77.5,0.0,0.0,0.0,30,77.5,79.0,10,67.5,76.0,77.5,76.0,14.0,10700.0,1090
2023-05-10 21:25:15,c2311-P-2480,c2311-P-2480,77.5,0.0,0.0,0.0,40,77.5,79.0,10,67.5,76.0,77.5,76.0,14.0,10700.0,1090
2023-05-10 21:25:16,c2311-P-2480,c2311-P-2480,77.5,0.0,0.0,0.0,40,77.5,79.0,20,67.5,76.0,77.5,76.0,14.0,10700.0,1090
2023-05-10 21:25:17,c2311-P-2480,c2311-P-2480,77.5,0.0,0.0,0.0,20,77.5,78.5,20,67.5,76.0,77.5,76.0,14.0,10700.0,1090
2023-05-10 21:25:28,c2311-P-2480,c2311-P-2480,77.5,0.0,0.0,0.0,20,77.5,78.5,10,67.5,76.0,77.5,76.0,14.0,10700.0,1090
2023-05-10 21:25:29,c2311-P-2480,c2311-P-2480,77.5,0.0,0.0,0.0,30,77.0,78.5,30,67.5,76.0,77.5,76.0,14.0,10700.0,1090
2023-05-10 21:25:29,c2311-P-2480,c2311-P-2480,77.5,0.0,0.0,0.0,20,77.0,78.5,40,67.5,76.0,77.5,76.0,14.0,10700.0,1090
2023-05-10 21:25:31,c2311-P-2480,c2311-P-2480,77.5,0.0,0.0,0.0,20,77.0,78.5,30,67.5,76.0,77.5,76.0,14.0,10700.0,1090
2023-05-10 21:25:35,c2311-P-2480,c2311-P-2480,77.5,0.0,0.0,0.0,30,77.0,78.5,20,67.5,76.0,77.5,76.0,14.0,10700.0,1090
2023-05-10 21:25:45,c2311-P-2480,c2311-P-2480,77.5,0.0,0.0,0.0,30,77.0,78.5,10,67.5,76.0,77.5,76.0,14.0,10700.0,1090
2023-05-10 21:25:47,c2311-P-2480,c2311-P-2480,77.5,0.0,0.0,0.0,20,77.0,78.5,30,67.5,76.0,77.5,76.0,14.0,10700.0,1090
2023-05-10 21:26:04,c2311-P-2480,c2311-P-2480,77.5,0.0,0.0,0.0,30,77.0,78.5,20,67.5,76.0,77.5,76.0,14.0,10700.0,1090
2023-05-10 21:26:04,c2311-P-2480,c2311-P-2480,77.5,0.0,0.0,0.0,20,77.0,78.5,30,67.5,76.0,77.5,76.0,14.0,10700.0,1090
2023-05-10 21:26:05,c2311-P-2480,c2311-P-2480,77.5,0.0,0.0,0.0,45,77.0,78.5,30,67.5,76.0,77.5,76.0,14.0,10700.0,1090
2023-05-10 21:26:10,c2311-P-2480,c2311-P-2480,77.5,0.0,0.0,0.0,20,77.0,78.5,30,67.5,76.0,77.5,76.0,14.0,10700.0,1090
2023-05-10 21:26:10,c2311-P-2480,c2311-P-2480,77.5,0.0,0.0,0.0,20,77.0,78.0,10,67.5,76.0,77.5,76.0,14.0,10700.0,1090
2023-05-10 21:26:11,c2311-P-2480,c2311-P-2480,77.5,0.0,0.0,0.0,20,77.0,78.0,20,67.5,76.0,77.5,76.0,14.0,10700.0,1090
2023-05-10 21:26:12,c2311-P-2480,c2311-P-2480,77.5,0.0,0.0,0.0,20,77.0,78.0,10,67.5,76.0,77.5,76.0,14.0,10700.0,1090
2023-05-10 21:26:37,c2311-P-2480,c2311-P-2480,77.5,0.0,0.0,0.0,20,77.0,78.5,30,67.5,76.0,77.5,76.0,14.0,10700.0,1090
2023-05-10 21:26:37,c2311-P-2480,c2311-P-2480,77.5,0.0,0.0,0.0,40,77.0,78.5,10,67.5,76.0,77.5,76.0,14.0,10700.0,1090
2023-05-10 21:26:40,c2311-P-2480,c2311-P-2480,77.5,0.0,0.0,0.0,20,77.5,79.0,50,67.5,76.0,77.5,76.0,14.0,10700.0,1090
2023-05-10 21:26:42,c2311-P-2480,c2311-P-2480,77.5,0.0,0.0,0.0,30,77.5,79.0,40,67.5,76.0,77.5,76.0,14.0,10700.0,1090
2023-05-10 21:26:43,c2311-P-2480,c2311-P-2480,77.5,0.0,0.0,0.0,40,77.5,79.0,20,67.5,76.0,77.5,76.0,14.0,10700.0,1090
2023-05-10 21:26:44,c2311-P-2480,c2311-P-2480,77.5,0.0,0.0,0.0,40,77.5,79.0,10,67.5,76.0,77.5,76.0,14.0,10700.0,1090
2023-05-10 21:26:44,c2311-P-2480,c2311-P-2480,77.5,0.0,0.0,0.0,50,77.5,79.0,10,67.5,76.0,77.5,76.0,14.0,10700.0,1090
2023-05-10 21:26:45,c2311-P-2480,c2311-P-2480,77.5,0.0,0.0,0.0,10,78.0,79.0,10,67.5,76.0,77.5,76.0,14.0,10700.0,1090
2023-05-10 21:26:45,c2311-P-2480,c2311-P-2480,77.5,0.0,0.0,0.0,30,78.0,79.0,10,67.5,76.0,77.5,76.0,14.0,10700.0,1090
2023-05-10 21:26:46,c2311-P-2480,c2311-P-2480,77.5,0.0,0.0,0.0,20,78.0,79.0,10,67.5,76.0,77.5,76.0,14.0,10700.0,1090
2023-05-10 21:26:47,c2311-P-2480,c2311-P-2480,77.5,0.0,0.0,0.0,30,78.0,79.0,10,67.5,76.0,77.5,76.0,14.0,10700.0,1090
2023-05-10 21:26:47,c2311-P-2480,c2311-P-2480,77.5,0.0,0.0,0.0,20,78.0,79.0,10,67.5,76.0,77.5,76.0,14.0,10700.0,1090
2023-05-10 21:26:49,c2311-P-2480,c2311-P-2480,77.5,0.0,0.0,0.0,20,78.0,79.0,20,67.5,76.0,77.5,76.0,14.0,10700.0,1090
2023-05-10 21:26:50,c2311-P-2480,c2311-P-2480,77.5,0.0,0.0,0.0,20,78.0,79.0,10,67.5,76.0,77.5,76.0,14.0,10700.0,1090
2023-05-10 21:26:51,c2311-P-2480,c2311-P-2480,77.5,0.0,0.0,0.0,20,78.0,79.0,20,67.5,76.0,77.5,76.0,14.0,10700.0,1090
2023-05-10 21:26:52,c2311-P-2480,c2311-P-2480,77.5,0.0,0.0,0.0,20,78.0,79.0,10,67.5,76.0,77.5,76.0,14.0,10700.0,1090
2023-05-10 21:26:53,c2311-P-2480,c2311-P-2480,77.5,0.0,0.0,0.0,20,78.0,79.5,76,67.5,76.0,77.5,76.0,14.0,10700.0,1090
2023-05-10 21:26:54,c2311-P-2480,c2311-P-2480,77.5,0.0,0.0,0.0,20,78.0,79.5,66,67.5,76.0,77.5,76.0,14.0,10700.0,1090
2023-05-10 21:26:59,c2311-P-2480,c2311-P-2480,77.5,0.0,0.0,0.0,20,78.0,79.0,10,67.5,76.0,77.5,76.0,14.0,10700.0,1090
2023-05-10 21:27:05,c2311-P-2480,c2311-P-2480,77.5,0.0,0.0,0.0,10,78.0,79.0,10,67.5,76.0,77.5,76.0,14.0,10700.0,1090
2023-05-10 21:27:06,c2311-P-2480,c2311-P-2480,77.5,0.0,0.0,0.0,20,78.0,79.0,10,67.5,76.0,77.5,76.0,14.0,10700.0,1090
2023-05-10 21:27:16,c2311-P-2480,c2311-P-2480,77.5,0.0,0.0,0.0,20,78.0,79.5,66,67.5,76.0,77.5,76.0,14.0,10700.0,1090
2023-05-10 21:27:17,c2311-P-2480,c2311-P-2480,77.5,0.0,0.0,0.0,40,78.0,79.5,46,67.5,76.0,77.5,76.0,14.0,10700.0,1090
2023-05-10 21:27:17,c2311-P-2480,c2311-P-2480,77.5,0.0,0.0,0.0,40,78.0,79.5,30,67.5,76.0,77.5,76.0,14.0,10700.0,1090
2023-05-10 21:27:19,c2311-P-2480,c2311-P-2480,77.5,0.0,0.0,0.0,40,78.0,79.5,10,67.5,76.0,77.5,76.0,14.0,10700.0,1090
2023-05-10 21:27:20,c2311-P-2480,c2311-P-2480,77.5,0.0,0.0,0.0,40,78.0,80.0,61,67.5,76.0,77.5,76.0,14.0,10700.0,1090
2023-05-10 21:27:21,c2311-P-2480,c2311-P-2480,77.5,0.0,0.0,0.0,40,78.0,80.0,51,67.5,76.0,77.5,76.0,14.0,10700.0,1090
2023-05-10 21:27:25,c2311-P-2480,c2311-P-2480,77.5,0.0,0.0,0.0,50,78.0,80.0,51,67.5,76.0,77.5,76.0,14.0,10700.0,1090
2023-05-10 21:27:26,c2311-P-2480,c2311-P-2480,77.5,0.0,0.0,0.0,20,78.5,80.0,31,67.5,76.0,77.5,76.0,14.0,10700.0,1090
2023-05-10 21:27:26,c2311-P-2480,c2311-P-2480,77.5,0.0,0.0,0.0,30,78.5,80.0,31,67.5,76.0,77.5,76.0,14.0,10700.0,1090
2023-05-10 21:27:26,c2311-P-2480,c2311-P-2480,77.5,0.0,0.0,0.0,30,78.5,80.0,41,67.5,76.0,77.5,76.0,14.0,10700.0,1090
2023-05-10 21:27:30,c2311-P-2480,c2311-P-2480,77.5,0.0,0.0,0.0,30,78.5,80.0,31,67.5,76.0,77.5,76.0,14.0,10700.0,1090
2023-05-10 21:27:34,c2311-P-2480,c2311-P-2480,79.5,1.0,795.0,0.0,10,79.0,79.5,8,67.5,76.0,79.5,76.0,15.0,11495.0,1090
2023-05-10 21:27:35,c2311-P-2480,c2311-P-2480,79.5,0.0,0.0,0.0,35,79.0,79.5,8,67.5,76.0,79.5,76.0,15.0,11495.0,1090
2023-05-10 21:27:42,c2311-P-2480,c2311-P-2480,79.5,0.0,0.0,0.0,38,78.5,79.5,18,67.5,76.0,79.5,76.0,15.0,11495.0,1090
2023-05-10 21:27:42,c2311-P-2480,c2311-P-2480,79.5,0.0,0.0,0.0,35,79.0,79.5,8,67.5,76.0,79.5,76.0,15.0,11495.0,1090
2023-05-10 21:27:43,c2311-P-2480,c2311-P-2480,79.5,0.0,0.0,0.0,45,79.0,79.5,8,67.5,76.0,79.5,76.0,15.0,11495.0,1090
2023-05-10 21:27:50,c2311-P-2480,c2311-P-2480,79.5,0.0,0.0,0.0,20,79.0,79.5,8,67.5,76.0,79.5,76.0,15.0,11495.0,1090
2023-05-10 21:27:59,c2311-P-2480,c2311-P-2480,79.5,0.0,0.0,0.0,10,79.0,79.5,28,67.5,76.0,79.5,76.0,15.0,11495.0,1090
2023-05-10 21:28:00,c2311-P-2480,c2311-P-2480,79.5,0.0,0.0,0.0,35,79.0,80.0,49,67.5,76.0,79.5,76.0,15.0,11495.0,1090
2023-05-10 21:28:00,c2311-P-2480,c2311-P-2480,79.5,0.0,0.0,0.0,35,79.0,80.0,39,67.5,76.0,79.5,76.0,15.0,11495.0,1090
2023-05-10 21:28:01,c2311-P-2480,c2311-P-2480,79.5,0.0,0.0,0.0,45,79.0,80.0,39,67.5,76.0,79.5,76.0,15.0,11495.0,1090
2023-05-10 21:28:02,c2311-P-2480,c2311-P-2480,79.5,0.0,0.0,0.0,45,79.0,80.0,29,67.5,76.0,79.5,76.0,15.0,11495.0,1090
2023-05-10 21:28:02,c2311-P-2480,c2311-P-2480,79.5,0.0,0.0,0.0,45,79.0,80.0,39,67.5,76.0,79.5,76.0,15.0,11495.0,1090
2023-05-10 21:28:05,c2311-P-2480,c2311-P-2480,79.5,0.0,0.0,0.0,20,79.0,80.0,39,67.5,76.0,79.5,76.0,15.0,11495.0,1090
2023-05-10 21:28:14,c2311-P-2480,c2311-P-2480,79.5,0.0,0.0,0.0,20,79.0,80.0,29,67.5,76.0,79.5,76.0,15.0,11495.0,1090
2023-05-10 21:28:23,c2311-P-2480,c2311-P-2480,79.5,0.0,0.0,0.0,20,79.0,80.0,19,67.5,76.0,79.5,76.0,15.0,11495.0,1090
2023-05-10 21:28:42,c2311-P-2480,c2311-P-2480,79.5,0.0,0.0,0.0,30,79.0,80.0,19,67.5,76.0,79.5,76.0,15.0,11495.0,1090
2023-05-10 21:28:43,c2311-P-2480,c2311-P-2480,79.5,0.0,0.0,0.0,20,79.0,80.0,19,67.5,76.0,79.5,76.0,15.0,11495.0,1090
2023-05-10 21:28:54,c2311-P-2480,c2311-P-2480,80.0,1.0,800.0,1.0,20,79.0,80.0,18,67.5,76.0,80.0,76.0,16.0,12295.0,1091
2023-05-10 21:29:01,c2311-P-2480,c2311-P-2480,80.0,0.0,0.0,0.0,30,79.0,80.0,18,67.5,76.0,80.0,76.0,16.0,12295.0,1091
2023-05-10 21:29:05,c2311-P-2480,c2311-P-2480,80.0,0.0,0.0,0.0,20,79.0,80.0,18,67.5,76.0,80.0,76.0,16.0,12295.0,1091
2023-05-10 21:29:20,c2311-P-2480,c2311-P-2480,80.0,0.0,0.0,0.0,30,79.0,80.0,18,67.5,76.0,80.0,76.0,16.0,12295.0,1091
2023-05-10 21:29:24,c2311-P-2480,c2311-P-2480,80.0,0.0,0.0,0.0,20,79.0,80.0,18,67.5,76.0,80.0,76.0,16.0,12295.0,1091
2023-05-10 21:29:29,c2311-P-2480,c2311-P-2480,80.0,0.0,0.0,0.0,30,79.0,80.0,18,67.5,76.0,80.0,76.0,16.0,12295.0,1091
2023-05-10 21:29:29,c2311-P-2480,c2311-P-2480,80.0,0.0,0.0,0.0,30,79.0,80.0,8,67.5,76.0,80.0,76.0,16.0,12295.0,1091
2023-05-10 21:29:30,c2311-P-2480,c2311-P-2480,80.0,0.0,0.0,0.0,30,79.0,80.0,18,67.5,76.0,80.0,76.0,16.0,12295.0,1091
2023-05-10 21:29:32,c2311-P-2480,c2311-P-2480,80.0,0.0,0.0,0.0,30,79.0,80.0,8,67.5,76.0,80.0,76.0,16.0,12295.0,1091
2023-05-10 21:29:32,c2311-P-2480,c2311-P-2480,80.0,0.0,0.0,0.0,30,79.0,80.0,18,67.5,76.0,80.0,76.0,16.0,12295.0,1091
2023-05-10 21:29:34,c2311-P-2480,c2311-P-2480,80.0,0.0,0.0,0.0,30,79.0,80.0,8,67.5,76.0,80.0,76.0,16.0,12295.0,1091
2023-05-10 21:29:36,c2311-P-2480,c2311-P-2480,80.0,0.0,0.0,0.0,30,79.0,80.0,18,67.5,76.0,80.0,76.0,16.0,12295.0,1091
2023-05-10 21:29:38,c2311-P-2480,c2311-P-2480,80.0,0.0,0.0,0.0,20,79.0,80.0,18,67.5,76.0,80.0,76.0,16.0,12295.0,1091
2023-05-10 21:29:39,c2311-P-2480,c2311-P-2480,80.0,0.0,0.0,0.0,20,79.0,80.0,8,67.5,76.0,80.0,76.0,16.0,12295.0,1091
2023-05-10 21:29:41,c2311-P-2480,c2311-P-2480,80.0,0.0,0.0,0.0,10,79.0,80.0,18,67.5,76.0,80.0,76.0,16.0,12295.0,1091
2023-05-10 21:29:41,c2311-P-2480,c2311-P-2480,80.0,0.0,0.0,0.0,30,78.5,80.0,48,67.5,76.0,80.0,76.0,16.0,12295.0,1091
2023-05-10 21:29:42,c2311-P-2480,c2311-P-2480,80.0,0.0,0.0,0.0,50,78.5,80.0,18,67.5,76.0,80.0,76.0,16.0,12295.0,1091
2023-05-10 21:30:03,c2311-P-2480,c2311-P-2480,80.0,0.0,0.0,0.0,30,78.5,80.0,38,67.5,76.0,80.0,76.0,16.0,12295.0,1091
2023-05-10 21:30:06,c2311-P-2480,c2311-P-2480,80.0,0.0,0.0,0.0,30,78.5,80.0,28,67.5,76.0,80.0,76.0,16.0,12295.0,1091
2023-05-10 21:30:06,c2311-P-2480,c2311-P-2480,80.0,0.0,0.0,0.0,40,78.5,80.0,18,67.5,76.0,80.0,76.0,16.0,12295.0,1091
2023-05-10 21:30:07,c2311-P-2480,c2311-P-2480,80.0,0.0,0.0,0.0,40,78.5,80.0,28,67.5,76.0,80.0,76.0,16.0,12295.0,1091
2023-05-10 21:30:07,c2311-P-2480,c2311-P-2480,80.0,0.0,0.0,0.0,30,78.5,80.0,38,67.5,76.0,80.0,76.0,16.0,12295.0,1091
2023-05-10 21:30:14,c2311-P-2480,c2311-P-2480,80.0,0.0,0.0,0.0,40,78.5,80.0,18,67.5,76.0,80.0,76.0,16.0,12295.0,1091
2023-05-10 21:30:18,c2311-P-2480,c2311-P-2480,80.0,0.0,0.0,0.0,30,78.5,80.0,38,67.5,76.0,80.0,76.0,16.0,12295.0,1091
2023-05-10 21:30:21,c2311-P-2480,c2311-P-2480,80.0,0.0,0.0,0.0,10,79.0,80.0,18,67.5,76.0,80.0,76.0,16.0,12295.0,1091
2023-05-10 21:30:22,c2311-P-2480,c2311-P-2480,80.0,0.0,0.0,0.0,50,78.5,80.0,18,67.5,76.0,80.0,76.0,16.0,12295.0,1091
2023-05-10 21:30:23,c2311-P-2480,c2311-P-2480,80.0,0.0,0.0,0.0,40,78.5,80.0,18,67.5,76.0,80.0,76.0,16.0,12295.0,1091
2023-05-10 21:30:29,c2311-P-2480,c2311-P-2480,80.0,0.0,0.0,0.0,40,78.5,80.0,28,67.5,76.0,80.0,76.0,16.0,12295.0,1091
2023-05-10 21:30:30,c2311-P-2480,c2311-P-2480,80.0,0.0,0.0,0.0,30,78.5,80.0,38,67.5,76.0,80.0,76.0,16.0,12295.0,1091
2023-05-10 21:30:30,c2311-P-2480,c2311-P-2480,80.0,0.0,0.0,0.0,20,78.5,80.0,48,67.5,76.0,80.0,76.0,16.0,12295.0,1091
2023-05-10 21:30:31,c2311-P-2480,c2311-P-2480,80.0,0.0,0.0,0.0,40,78.5,80.0,28,67.5,76.0,80.0,76.0,16.0,12295.0,1091
2023-05-10 21:30:33,c2311-P-2480,c2311-P-2480,80.0,0.0,0.0,0.0,20,78.5,80.0,48,67.5,76.0,80.0,76.0,16.0,12295.0,1091
2023-05-10 21:30:50,c2311-P-2480,c2311-P-2480,80.0,0.0,0.0,0.0,20,78.5,80.0,58,67.5,76.0,80.0,76.0,16.0,12295.0,1091
2023-05-10 21:30:53,c2311-P-2480,c2311-P-2480,80.0,0.0,0.0,0.0,10,78.5,79.5,10,67.5,76.0,80.0,76.0,16.0,12295.0,1091
2023-05-10 21:30:53,c2311-P-2480,c2311-P-2480,80.0,0.0,0.0,0.0,10,78.5,79.5,30,67.5,76.0,80.0,76.0,16.0,12295.0,1091
2023-05-10 21:30:54,c2311-P-2480,c2311-P-2480,80.0,0.0,0.0,0.0,10,78.5,79.5,20,67.5,76.0,80.0,76.0,16.0,12295.0,1091
2023-05-10 21:30:56,c2311-P-2480,c2311-P-2480,80.0,0.0,0.0,0.0,10,78.5,79.5,10,67.5,76.0,80.0,76.0,16.0,12295.0,1091
2023-05-10 21:31:00,c2311-P-2480,c2311-P-2480,80.0,0.0,0.0,0.0,28,78.0,79.5,30,67.5,76.0,80.0,76.0,16.0,12295.0,1091
2023-05-10 21:31:04,c2311-P-2480,c2311-P-2480,80.0,0.0,0.0,0.0,28,78.0,79.5,40,67.5,76.0,80.0,76.0,16.0,12295.0,1091
2023-05-10 21:31:18,c2311-P-2480,c2311-P-2480,80.0,0.0,0.0,0.0,28,78.0,79.0,10,67.5,76.0,80.0,76.0,16.0,12295.0,1091
2023-05-10 21:31:18,c2311-P-2480,c2311-P-2480,80.0,0.0,0.0,0.0,28,78.0,79.0,20,67.5,76.0,80.0,76.0,16.0,12295.0,1091
2023-05-10 21:31:22,c2311-P-2480,c2311-P-2480,80.0,0.0,0.0,0.0,18,78.0,79.0,20,67.5,76.0,80.0,76.0,16.0,12295.0,1091
2023-05-10 21:31:32,c2311-P-2480,c2311-P-2480,80.0,0.0,0.0,0.0,18,78.0,79.0,10,67.5,76.0,80.0,76.0,16.0,12295.0,1091
2023-05-10 21:31:35,c2311-P-2480,c2311-P-2480,80.0,0.0,0.0,0.0,38,78.0,79.0,10,67.5,76.0,80.0,76.0,16.0,12295.0,1091
2023-05-10 21:31:35,c2311-P-2480,c2311-P-2480,80.0,0.0,0.0,0.0,28,78.0,79.0,10,67.5,76.0,80.0,76.0,16.0,12295.0,1091
2023-05-10 21:31:37,c2311-P-2480,c2311-P-2480,80.0,0.0,0.0,0.0,28,78.0,79.0,20,67.5,76.0,80.0,76.0,16.0,12295.0,1091
2023-05-10 21:31:48,c2311-P-2480,c2311-P-2480,80.0,0.0,0.0,0.0,28,78.0,79.0,10,67.5,76.0,80.0,76.0,16.0,12295.0,1091
2023-05-10 21:31:59,c2311-P-2480,c2311-P-2480,80.0,0.0,0.0,0.0,28,78.0,79.0,20,67.5,76.0,80.0,76.0,16.0,12295.0,1091
2023-05-10 21:32:00,c2311-P-2480,c2311-P-2480,80.0,0.0,0.0,0.0,18,78.0,79.0,20,67.5,76.0,80.0,76.0,16.0,12295.0,1091
2023-05-10 21:32:05,c2311-P-2480,c2311-P-2480,80.0,0.0,0.0,0.0,18,78.0,79.0,10,67.5,76.0,80.0,76.0,16.0,12295.0,1091
2023-05-10 21:32:12,c2311-P-2480,c2311-P-2480,80.0,0.0,0.0,0.0,28,78.0,79.0,10,67.5,76.0,80.0,76.0,16.0,12295.0,1091
2023-05-10 21:32:12,c2311-P-2480,c2311-P-2480,80.0,0.0,0.0,0.0,18,78.0,79.0,10,67.5,76.0,80.0,76.0,16.0,12295.0,1091
2023-05-10 21:32:20,c2311-P-2480,c2311-P-2480,80.0,0.0,0.0,0.0,28,78.0,79.0,10,67.5,76.0,80.0,76.0,16.0,12295.0,1091
2023-05-10 21:32:20,c2311-P-2480,c2311-P-2480,80.0,0.0,0.0,0.0,48,78.0,79.5,10,67.5,76.0,80.0,76.0,16.0,12295.0,1091
2023-05-10 21:32:22,c2311-P-2480,c2311-P-2480,80.0,0.0,0.0,0.0,58,78.0,79.5,10,67.5,76.0,80.0,76.0,16.0,12295.0,1091
2023-05-10 21:32:24,c2311-P-2480,c2311-P-2480,80.0,0.0,0.0,0.0,68,78.0,80.0,68,67.5,76.0,80.0,76.0,16.0,12295.0,1091
2023-05-10 21:32:25,c2311-P-2480,c2311-P-2480,80.0,0.0,0.0,0.0,58,78.0,80.0,68,67.5,76.0,80.0,76.0,16.0,12295.0,1091
2023-05-10 21:32:27,c2311-P-2480,c2311-P-2480,80.0,0.0,0.0,0.0,38,78.0,79.5,20,67.5,76.0,80.0,76.0,16.0,12295.0,1091
2023-05-10 21:32:28,c2311-P-2480,c2311-P-2480,80.0,0.0,0.0,0.0,48,78.0,79.5,30,67.5,76.0,80.0,76.0,16.0,12295.0,1091
2023-05-10 21:32:30,c2311-P-2480,c2311-P-2480,80.0,0.0,0.0,0.0,38,78.0,79.5,30,67.5,76.0,80.0,76.0,16.0,12295.0,1091
2023-05-10 21:32:31,c2311-P-2480,c2311-P-2480,80.0,0.0,0.0,0.0,28,78.0,79.5,40,67.5,76.0,80.0,76.0,16.0,12295.0,1091
2023-05-10 21:32:34,c2311-P-2480,c2311-P-2480,80.0,0.0,0.0,0.0,28,78.0,79.5,50,67.5,76.0,80.0,76.0,16.0,12295.0,1091
2023-05-10 21:32:40,c2311-P-2480,c2311-P-2480,80.0,0.0,0.0,0.0,28,78.0,79.5,40,67.5,76.0,80.0,76.0,16.0,12295.0,1091
2023-05-10 21:32:40,c2311-P-2480,c2311-P-2480,80.0,0.0,0.0,0.0,28,78.0,79.5,50,67.5,76.0,80.0,76.0,16.0,12295.0,1091
2023-05-10 21:32:41,c2311-P-2480,c2311-P-2480,80.0,0.0,0.0,0.0,28,78.0,79.5,40,67.5,76.0,80.0,76.0,16.0,12295.0,1091
2023-05-10 21:32:49,c2311-P-2480,c2311-P-2480,80.0,0.0,0.0,0.0,28,78.0,79.5,50,67.5,76.0,80.0,76.0,16.0,12295.0,1091
2023-05-10 21:32:58,c2311-P-2480,c2311-P-2480,80.0,0.0,0.0,0.0,28,78.0,79.5,40,67.5,76.0,80.0,76.0,16.0,12295.0,1091
2023-05-10 21:33:06,c2311-P-2480,c2311-P-2480,80.0,0.0,0.0,0.0,28,78.0,79.5,50,67.5,76.0,80.0,76.0,16.0,12295.0,1091
2023-05-10 21:33:08,c2311-P-2480,c2311-P-2480,80.0,0.0,0.0,0.0,28,78.0,79.5,40,67.5,76.0,80.0,76.0,16.0,12295.0,1091
2023-05-10 21:33:14,c2311-P-2480,c2311-P-2480,80.0,0.0,0.0,0.0,28,78.0,79.5,50,67.5,76.0,80.0,76.0,16.0,12295.0,1091
2023-05-10 21:33:15,c2311-P-2480,c2311-P-2480,80.0,0.0,0.0,0.0,28,78.0,79.5,40,67.5,76.0,80.0,76.0,16.0,12295.0,1091
2023-05-10 21:33:24,c2311-P-2480,c2311-P-2480,80.0,0.0,0.0,0.0,20,78.0,79.5,40,67.5,76.0,80.0,76.0,16.0,12295.0,1091
2023-05-10 21:33:24,c2311-P-2480,c2311-P-2480,80.0,0.0,0.0,0.0,10,78.0,79.0,20,67.5,76.0,80.0,76.0,16.0,12295.0,1091
2023-05-10 21:33:25,c2311-P-2480,c2311-P-2480,80.0,0.0,0.0,0.0,35,78.0,79.0,20,67.5,76.0,80.0,76.0,16.0,12295.0,1091
2023-05-10 21:33:25,c2311-P-2480,c2311-P-2480,80.0,0.0,0.0,0.0,35,78.0,79.0,10,67.5,76.0,80.0,76.0,16.0,12295.0,1091
2023-05-10 21:33:30,c2311-P-2480,c2311-P-2480,80.0,0.0,0.0,0.0,10,78.0,79.0,10,67.5,76.0,80.0,76.0,16.0,12295.0,1091
2023-05-10 21:33:40,c2311-P-2480,c2311-P-2480,80.0,0.0,0.0,0.0,20,78.0,79.0,10,67.5,76.0,80.0,76.0,16.0,12295.0,1091
2023-05-10 21:33:44,c2311-P-2480,c2311-P-2480,80.0,0.0,0.0,0.0,45,78.0,79.0,10,67.5,76.0,80.0,76.0,16.0,12295.0,1091
2023-05-10 21:33:50,c2311-P-2480,c2311-P-2480,80.0,0.0,0.0,0.0,20,78.0,79.0,10,67.5,76.0,80.0,76.0,16.0,12295.0,1091
2023-05-10 21:33:57,c2311-P-2480,c2311-P-2480,80.0,0.0,0.0,0.0,45,78.0,79.0,10,67.5,76.0,80.0,76.0,16.0,12295.0,1091
2023-05-10 21:33:59,c2311-P-2480,c2311-P-2480,80.0,0.0,0.0,0.0,45,78.0,79.0,20,67.5,76.0,80.0,76.0,16.0,12295.0,1091
2023-05-10 21:33:59,c2311-P-2480,c2311-P-2480,80.0,0.0,0.0,0.0,45,78.0,79.0,30,67.5,76.0,80.0,76.0,16.0,12295.0,1091
2023-05-10 21:34:00,c2311-P-2480,c2311-P-2480,80.0,0.0,0.0,0.0,20,78.0,79.0,30,67.5,76.0,80.0,76.0,16.0,12295.0,1091
2023-05-10 21:34:00,c2311-P-2480,c2311-P-2480,80.0,0.0,0.0,0.0,20,78.0,79.0,10,67.5,76.0,80.0,76.0,16.0,12295.0,1091
2023-05-10 21:34:09,c2311-P-2480,c2311-P-2480,80.0,0.0,0.0,0.0,20,78.0,79.0,20,67.5,76.0,80.0,76.0,16.0,12295.0,1091
2023-05-10 21:34:12,c2311-P-2480,c2311-P-2480,80.0,0.0,0.0,0.0,20,78.0,79.0,40,67.5,76.0,80.0,76.0,16.0,12295.0,1091
2023-05-10 21:34:12,c2311-P-2480,c2311-P-2480,80.0,0.0,0.0,0.0,10,78.0,79.0,50,67.5,76.0,80.0,76.0,16.0,12295.0,1091
2023-05-10 21:34:13,c2311-P-2480,c2311-P-2480,80.0,0.0,0.0,0.0,10,78.0,79.0,40,67.5,76.0,80.0,76.0,16.0,12295.0,1091
2023-05-10 21:34:14,c2311-P-2480,c2311-P-2480,80.0,0.0,0.0,0.0,10,78.0,79.0,30,67.5,76.0,80.0,76.0,16.0,12295.0,1091
2023-05-10 21:34:14,c2311-P-2480,c2311-P-2480,80.0,0.0,0.0,0.0,10,78.0,79.0,20,67.5,76.0,80.0,76.0,16.0,12295.0,1091
2023-05-10 21:34:15,c2311-P-2480,c2311-P-2480,80.0,0.0,0.0,0.0,10,78.0,79.0,10,67.5,76.0,80.0,76.0,16.0,12295.0,1091
2023-05-10 21:34:16,c2311-P-2480,c2311-P-2480,80.0,0.0,0.0,0.0,10,78.0,79.0,20,67.5,76.0,80.0,76.0,16.0,12295.0,1091
2023-05-10 21:34:23,c2311-P-2480,c2311-P-2480,80.0,0.0,0.0,0.0,10,78.0,79.0,30,67.5,76.0,80.0,76.0,16.0,12295.0,1091
2023-05-10 21:34:23,c2311-P-2480,c2311-P-2480,80.0,0.0,0.0,0.0,10,78.0,79.0,40,67.5,76.0,80.0,76.0,16.0,12295.0,1091
2023-05-10 21:34:25,c2311-P-2480,c2311-P-2480,80.0,0.0,0.0,0.0,35,78.0,79.0,40,67.5,76.0,80.0,76.0,16.0,12295.0,1091
2023-05-10 21:34:37,c2311-P-2480,c2311-P-2480,80.0,0.0,0.0,0.0,10,77.5,78.5,10,67.5,76.0,80.0,76.0,16.0,12295.0,1091
2023-05-10 21:34:37,c2311-P-2480,c2311-P-2480,80.0,0.0,0.0,0.0,66,77.0,78.5,20,67.5,76.0,80.0,76.0,16.0,12295.0,1091
2023-05-10 21:34:38,c2311-P-2480,c2311-P-2480,80.0,0.0,0.0,0.0,81,77.0,78.5,10,67.5,76.0,80.0,76.0,16.0,12295.0,1091
2023-05-10 21:34:38,c2311-P-2480,c2311-P-2480,80.0,0.0,0.0,0.0,71,77.0,78.5,20,67.5,76.0,80.0,76.0,16.0,12295.0,1091
2023-05-10 21:34:40,c2311-P-2480,c2311-P-2480,80.0,0.0,0.0,0.0,46,77.0,78.5,20,67.5,76.0,80.0,76.0,16.0,12295.0,1091
2023-05-10 21:34:42,c2311-P-2480,c2311-P-2480,80.0,0.0,0.0,0.0,56,77.0,78.5,20,67.5,76.0,80.0,76.0,16.0,12295.0,1091
2023-05-10 21:34:44,c2311-P-2480,c2311-P-2480,80.0,0.0,0.0,0.0,46,77.0,78.5,20,67.5,76.0,80.0,76.0,16.0,12295.0,1091
2023-05-10 21:34:52,c2311-P-2480,c2311-P-2480,80.0,0.0,0.0,0.0,56,77.0,78.5,20,67.5,76.0,80.0,76.0,16.0,12295.0,1091
2023-05-10 21:34:54,c2311-P-2480,c2311-P-2480,80.0,0.0,0.0,0.0,46,77.0,78.5,20,67.5,76.0,80.0,76.0,16.0,12295.0,1091
2023-05-10 21:35:00,c2311-P-2480,c2311-P-2480,80.0,0.0,0.0,0.0,46,77.0,78.5,30,67.5,76.0,80.0,76.0,16.0,12295.0,1091
2023-05-10 21:35:04,c2311-P-2480,c2311-P-2480,80.0,0.0,0.0,0.0,56,77.0,78.5,30,67.5,76.0,80.0,76.0,16.0,12295.0,1091
2023-05-10 21:35:04,c2311-P-2480,c2311-P-2480,80.0,0.0,0.0,0.0,56,77.0,78.5,20,67.5,76.0,80.0,76.0,16.0,12295.0,1091
2023-05-10 21:35:05,c2311-P-2480,c2311-P-2480,80.0,0.0,0.0,0.0,46,77.0,78.5,30,67.5,76.0,80.0,76.0,16.0,12295.0,1091
2023-05-10 21:35:05,c2311-P-2480,c2311-P-2480,80.0,0.0,0.0,0.0,46,77.0,78.5,40,67.5,76.0,80.0,76.0,16.0,12295.0,1091
2023-05-10 21:35:11,c2311-P-2480,c2311-P-2480,80.0,0.0,0.0,0.0,36,77.0,78.5,40,67.5,76.0,80.0,76.0,16.0,12295.0,1091
2023-05-10 21:35:15,c2311-P-2480,c2311-P-2480,80.0,0.0,0.0,0.0,20,77.0,78.5,40,67.5,76.0,80.0,76.0,16.0,12295.0,1091
2023-05-10 21:35:17,c2311-P-2480,c2311-P-2480,80.0,0.0,0.0,0.0,40,77.0,78.5,30,67.5,76.0,80.0,76.0,16.0,12295.0,1091
2023-05-10 21:35:19,c2311-P-2480,c2311-P-2480,80.0,0.0,0.0,0.0,30,77.0,78.5,30,67.5,76.0,80.0,76.0,16.0,12295.0,1091
2023-05-10 21:35:19,c2311-P-2480,c2311-P-2480,80.0,0.0,0.0,0.0,30,77.0,78.5,40,67.5,76.0,80.0,76.0,16.0,12295.0,1091
2023-05-10 21:35:20,c2311-P-2480,c2311-P-2480,80.0,0.0,0.0,0.0,20,77.0,78.5,30,67.5,76.0,80.0,76.0,16.0,12295.0,1091
2023-05-10 21:35:27,c2311-P-2480,c2311-P-2480,80.0,0.0,0.0,0.0,30,77.0,78.5,20,67.5,76.0,80.0,76.0,16.0,12295.0,1091
2023-05-10 21:35:27,c2311-P-2480,c2311-P-2480,80.0,0.0,0.0,0.0,40,77.0,78.5,10,67.5,76.0,80.0,76.0,16.0,12295.0,1091
2023-05-10 21:35:43,c2311-P-2480,c2311-P-2480,80.0,0.0,0.0,0.0,30,77.0,78.5,20,67.5,76.0,80.0,76.0,16.0,12295.0,1091
2023-05-10 21:35:43,c2311-P-2480,c2311-P-2480,80.0,0.0,0.0,0.0,20,77.0,78.5,30,67.5,76.0,80.0,76.0,16.0,12295.0,1091
2023-05-10 21:35:52,c2311-P-2480,c2311-P-2480,80.0,0.0,0.0,0.0,20,77.0,78.5,20,67.5,76.0,80.0,76.0,16.0,12295.0,1091
2023-05-10 21:35:52,c2311-P-2480,c2311-P-2480,80.0,0.0,0.0,0.0,30,77.0,78.5,10,67.5,76.0,80.0,76.0,16.0,12295.0,1091
2023-05-10 21:36:00,c2311-P-2480,c2311-P-2480,80.0,0.0,0.0,0.0,20,77.0,78.5,30,67.5,76.0,80.0,76.0,16.0,12295.0,1091
2023-05-10 21:36:01,c2311-P-2480,c2311-P-2480,80.0,0.0,0.0,0.0,20,77.0,78.5,40,67.5,76.0,80.0,76.0,16.0,12295.0,1091
2023-05-10 21:36:04,c2311-P-2480,c2311-P-2480,80.0,0.0,0.0,0.0,20,77.0,78.5,50,67.5,76.0,80.0,76.0,16.0,12295.0,1091
2023-05-10 21:36:05,c2311-P-2480,c2311-P-2480,80.0,0.0,0.0,0.0,10,77.0,78.5,70,67.5,76.0,80.0,76.0,16.0,12295.0,1091
2023-05-10 21:36:05,c2311-P-2480,c2311-P-2480,80.0,0.0,0.0,0.0,20,77.0,78.5,40,67.5,76.0,80.0,76.0,16.0,12295.0,1091
2023-05-10 21:36:06,c2311-P-2480,c2311-P-2480,80.0,0.0,0.0,0.0,10,77.0,78.5,60,67.5,76.0,80.0,76.0,16.0,12295.0,1091
2023-05-10 21:36:06,c2311-P-2480,c2311-P-2480,80.0,0.0,0.0,0.0,10,77.0,78.5,50,67.5,76.0,80.0,76.0,16.0,12295.0,1091
2023-05-10 21:36:11,c2311-P-2480,c2311-P-2480,80.0,0.0,0.0,0.0,30,77.0,78.5,40,67.5,76.0,80.0,76.0,16.0,12295.0,1091
2023-05-10 21:36:11,c2311-P-2480,c2311-P-2480,80.0,0.0,0.0,0.0,40,77.0,78.5,30,67.5,76.0,80.0,76.0,16.0,12295.0,1091
2023-05-10 21:36:16,c2311-P-2480,c2311-P-2480,80.0,0.0,0.0,0.0,30,77.0,78.5,40,67.5,76.0,80.0,76.0,16.0,12295.0,1091
2023-05-10 21:36:19,c2311-P-2480,c2311-P-2480,80.0,0.0,0.0,0.0,20,77.0,78.5,40,67.5,76.0,80.0,76.0,16.0,12295.0,1091
2023-05-10 21:36:32,c2311-P-2480,c2311-P-2480,80.0,0.0,0.0,0.0,20,77.0,78.0,10,67.5,76.0,80.0,76.0,16.0,12295.0,1091
2023-05-10 21:36:32,c2311-P-2480,c2311-P-2480,80.0,0.0,0.0,0.0,20,77.0,78.0,20,67.5,76.0,80.0,76.0,16.0,12295.0,1091
2023-05-10 21:36:34,c2311-P-2480,c2311-P-2480,80.0,0.0,0.0,0.0,60,76.5,78.0,20,67.5,76.0,80.0,76.0,16.0,12295.0,1091
2023-05-10 21:36:34,c2311-P-2480,c2311-P-2480,80.0,0.0,0.0,0.0,50,76.5,78.0,20,67.5,76.0,80.0,76.0,16.0,12295.0,1091
2023-05-10 21:36:36,c2311-P-2480,c2311-P-2480,80.0,0.0,0.0,0.0,60,76.5,78.0,20,67.5,76.0,80.0,76.0,16.0,12295.0,1091
2023-05-10 21:36:38,c2311-P-2480,c2311-P-2480,80.0,0.0,0.0,0.0,50,76.5,78.0,20,67.5,76.0,80.0,76.0,16.0,12295.0,1091
2023-05-10 21:36:41,c2311-P-2480,c2311-P-2480,80.0,0.0,0.0,0.0,60,76.5,78.0,20,67.5,76.0,80.0,76.0,16.0,12295.0,1091
2023-05-10 21:36:42,c2311-P-2480,c2311-P-2480,80.0,0.0,0.0,0.0,50,76.5,78.0,30,67.5,76.0,80.0,76.0,16.0,12295.0,1091
2023-05-10 21:36:42,c2311-P-2480,c2311-P-2480,80.0,0.0,0.0,0.0,20,76.5,78.0,30,67.5,76.0,80.0,76.0,16.0,12295.0,1091
2023-05-10 21:36:43,c2311-P-2480,c2311-P-2480,80.0,0.0,0.0,0.0,50,76.0,78.0,40,67.5,76.0,80.0,76.0,16.0,12295.0,1091
2023-05-10 21:36:43,c2311-P-2480,c2311-P-2480,80.0,0.0,0.0,0.0,60,76.0,78.0,50,67.5,76.0,80.0,76.0,16.0,12295.0,1091
2023-05-10 21:36:44,c2311-P-2480,c2311-P-2480,80.0,0.0,0.0,0.0,50,76.0,78.0,60,67.5,76.0,80.0,76.0,16.0,12295.0,1091
2023-05-10 21:36:44,c2311-P-2480,c2311-P-2480,80.0,0.0,0.0,0.0,50,76.0,77.5,20,67.5,76.0,80.0,76.0,16.0,12295.0,1091
2023-05-10 21:36:46,c2311-P-2480,c2311-P-2480,80.0,0.0,0.0,0.0,40,76.0,77.5,30,67.5,76.0,80.0,76.0,16.0,12295.0,1091
2023-05-10 21:36:46,c2311-P-2480,c2311-P-2480,80.0,0.0,0.0,0.0,30,76.0,77.5,30,67.5,76.0,80.0,76.0,16.0,12295.0,1091
2023-05-10 21:37:06,c2311-P-2480,c2311-P-2480,80.0,0.0,0.0,0.0,40,76.0,77.5,30,67.5,76.0,80.0,76.0,16.0,12295.0,1091
2023-05-10 21:37:07,c2311-P-2480,c2311-P-2480,80.0,0.0,0.0,0.0,30,76.0,77.5,30,67.5,76.0,80.0,76.0,16.0,12295.0,1091
2023-05-10 21:37:08,c2311-P-2480,c2311-P-2480,80.0,0.0,0.0,0.0,40,76.0,77.5,30,67.5,76.0,80.0,76.0,16.0,12295.0,1091
2023-05-10 21:37:12,c2311-P-2480,c2311-P-2480,80.0,0.0,0.0,0.0,30,76.0,77.5,30,67.5,76.0,80.0,76.0,16.0,12295.0,1091
2023-05-10 21:37:12,c2311-P-2480,c2311-P-2480,80.0,0.0,0.0,0.0,40,76.0,77.5,30,67.5,76.0,80.0,76.0,16.0,12295.0,1091
2023-05-10 21:37:15,c2311-P-2480,c2311-P-2480,80.0,0.0,0.0,0.0,30,76.0,77.5,30,67.5,76.0,80.0,76.0,16.0,12295.0,1091
2023-05-10 21:37:23,c2311-P-2480,c2311-P-2480,80.0,0.0,0.0,0.0,20,76.0,77.5,30,67.5,76.0,80.0,76.0,16.0,12295.0,1091
2023-05-10 21:37:23,c2311-P-2480,c2311-P-2480,80.0,0.0,0.0,0.0,30,76.0,77.5,30,67.5,76.0,80.0,76.0,16.0,12295.0,1091
2023-05-10 21:37:27,c2311-P-2480,c2311-P-2480,80.0,0.0,0.0,0.0,40,76.0,77.5,20,67.5,76.0,80.0,76.0,16.0,12295.0,1091
2023-05-10 21:37:27,c2311-P-2480,c2311-P-2480,80.0,0.0,0.0,0.0,30,76.0,77.5,20,67.5,76.0,80.0,76.0,16.0,12295.0,1091
2023-05-10 21:37:28,c2311-P-2480,c2311-P-2480,80.0,0.0,0.0,0.0,20,76.0,77.5,30,67.5,76.0,80.0,76.0,16.0,12295.0,1091
2023-05-10 21:37:29,c2311-P-2480,c2311-P-2480,80.0,0.0,0.0,0.0,20,76.0,77.5,40,67.5,76.0,80.0,76.0,16.0,12295.0,1091
2023-05-10 21:37:31,c2311-P-2480,c2311-P-2480,80.0,0.0,0.0,0.0,50,76.0,77.5,20,67.5,76.0,80.0,76.0,16.0,12295.0,1091
2023-05-10 21:37:31,c2311-P-2480,c2311-P-2480,80.0,0.0,0.0,0.0,50,76.0,77.5,10,67.5,76.0,80.0,76.0,16.0,12295.0,1091
2023-05-10 21:37:33,c2311-P-2480,c2311-P-2480,80.0,0.0,0.0,0.0,60,76.0,77.5,10,67.5,76.0,80.0,76.0,16.0,12295.0,1091
2023-05-10 21:37:46,c2311-P-2480,c2311-P-2480,80.0,0.0,0.0,0.0,60,76.0,78.0,40,67.5,76.0,80.0,76.0,16.0,12295.0,1091
2023-05-10 21:37:47,c2311-P-2480,c2311-P-2480,80.0,0.0,0.0,0.0,30,76.5,78.5,50,67.5,76.0,80.0,76.0,16.0,12295.0,1091
2023-05-10 21:37:47,c2311-P-2480,c2311-P-2480,80.0,0.0,0.0,0.0,50,76.5,78.5,50,67.5,76.0,80.0,76.0,16.0,12295.0,1091
2023-05-10 21:37:48,c2311-P-2480,c2311-P-2480,80.0,0.0,0.0,0.0,60,76.5,78.5,50,67.5,76.0,80.0,76.0,16.0,12295.0,1091
2023-05-10 21:37:49,c2311-P-2480,c2311-P-2480,80.0,0.0,0.0,0.0,60,76.5,78.5,40,67.5,76.0,80.0,76.0,16.0,12295.0,1091
2023-05-10 21:38:05,c2311-P-2480,c2311-P-2480,80.0,0.0,0.0,0.0,10,77.0,78.5,30,67.5,76.0,80.0,76.0,16.0,12295.0,1091
2023-05-10 21:38:05,c2311-P-2480,c2311-P-2480,80.0,0.0,0.0,0.0,30,77.0,78.5,20,67.5,76.0,80.0,76.0,16.0,12295.0,1091
2023-05-10 21:38:06,c2311-P-2480,c2311-P-2480,80.0,0.0,0.0,0.0,40,77.0,78.5,20,67.5,76.0,80.0,76.0,16.0,12295.0,1091
2023-05-10 21:38:07,c2311-P-2480,c2311-P-2480,80.0,0.0,0.0,0.0,50,77.0,78.5,20,67.5,76.0,80.0,76.0,16.0,12295.0,1091
2023-05-10 21:38:07,c2311-P-2480,c2311-P-2480,80.0,0.0,0.0,0.0,50,77.0,78.5,10,67.5,76.0,80.0,76.0,16.0,12295.0,1091
2023-05-10 21:38:09,c2311-P-2480,c2311-P-2480,80.0,0.0,0.0,0.0,50,77.0,78.5,20,67.5,76.0,80.0,76.0,16.0,12295.0,1091
2023-05-10 21:38:09,c2311-P-2480,c2311-P-2480,80.0,0.0,0.0,0.0,60,77.0,78.5,10,67.5,76.0,80.0,76.0,16.0,12295.0,1091
2023-05-10 21:38:09,c2311-P-2480,c2311-P-2480,80.0,0.0,0.0,0.0,60,77.0,79.0,40,67.5,76.0,80.0,76.0,16.0,12295.0,1091
2023-05-10 21:38:11,c2311-P-2480,c2311-P-2480,80.0,0.0,0.0,0.0,60,77.0,79.0,30,67.5,76.0,80.0,76.0,16.0,12295.0,1091
2023-05-10 21:38:11,c2311-P-2480,c2311-P-2480,80.0,0.0,0.0,0.0,50,77.0,79.0,40,67.5,76.0,80.0,76.0,16.0,12295.0,1091
2023-05-10 21:38:14,c2311-P-2480,c2311-P-2480,80.0,0.0,0.0,0.0,60,77.0,79.0,20,67.5,76.0,80.0,76.0,16.0,12295.0,1091
2023-05-10 21:38:17,c2311-P-2480,c2311-P-2480,80.0,0.0,0.0,0.0,10,77.5,79.0,20,67.5,76.0,80.0,76.0,16.0,12295.0,1091
2023-05-10 21:38:17,c2311-P-2480,c2311-P-2480,80.0,0.0,0.0,0.0,30,77.5,79.0,20,67.5,76.0,80.0,76.0,16.0,12295.0,1091
2023-05-10 21:38:17,c2311-P-2480,c2311-P-2480,80.0,0.0,0.0,0.0,30,77.5,79.0,10,67.5,76.0,80.0,76.0,16.0,12295.0,1091
2023-05-10 21:38:19,c2311-P-2480,c2311-P-2480,80.0,0.0,0.0,0.0,40,77.5,79.0,20,67.5,76.0,80.0,76.0,16.0,12295.0,1091
2023-05-10 21:38:36,c2311-P-2480,c2311-P-2480,80.0,0.0,0.0,0.0,50,77.5,79.0,10,67.5,76.0,80.0,76.0,16.0,12295.0,1091
2023-05-10 21:38:38,c2311-P-2480,c2311-P-2480,80.0,0.0,0.0,0.0,40,77.5,79.0,10,67.5,76.0,80.0,76.0,16.0,12295.0,1091
2023-05-10 21:38:42,c2311-P-2480,c2311-P-2480,80.0,0.0,0.0,0.0,40,77.5,79.0,20,67.5,76.0,80.0,76.0,16.0,12295.0,1091
2023-05-10 21:38:48,c2311-P-2480,c2311-P-2480,80.0,0.0,0.0,0.0,40,77.5,79.0,10,67.5,76.0,80.0,76.0,16.0,12295.0,1091
2023-05-10 21:39:00,c2311-P-2480,c2311-P-2480,80.0,0.0,0.0,0.0,10,78.0,79.5,30,67.5,76.0,80.0,76.0,16.0,12295.0,1091
2023-05-10 21:39:01,c2311-P-2480,c2311-P-2480,80.0,0.0,0.0,0.0,40,78.0,79.5,30,67.5,76.0,80.0,76.0,16.0,12295.0,1091
2023-05-10 21:39:01,c2311-P-2480,c2311-P-2480,80.0,0.0,0.0,0.0,40,78.0,79.5,20,67.5,76.0,80.0,76.0,16.0,12295.0,1091
2023-05-10 21:39:02,c2311-P-2480,c2311-P-2480,80.0,0.0,0.0,0.0,40,78.0,80.0,40,67.5,76.0,80.0,76.0,16.0,12295.0,1091
2023-05-10 21:39:02,c2311-P-2480,c2311-P-2480,80.0,0.0,0.0,0.0,40,78.0,79.5,10,67.5,76.0,80.0,76.0,16.0,12295.0,1091
2023-05-10 21:39:03,c2311-P-2480,c2311-P-2480,80.0,0.0,0.0,0.0,50,78.0,79.5,10,67.5,76.0,80.0,76.0,16.0,12295.0,1091
2023-05-10 21:39:13,c2311-P-2480,c2311-P-2480,80.0,0.0,0.0,0.0,60,78.0,80.0,50,67.5,76.0,80.0,76.0,16.0,12295.0,1091
2023-05-10 21:39:14,c2311-P-2480,c2311-P-2480,80.0,0.0,0.0,0.0,60,78.0,80.0,30,67.5,76.0,80.0,76.0,16.0,12295.0,1091
2023-05-10 21:39:15,c2311-P-2480,c2311-P-2480,80.0,0.0,0.0,0.0,10,78.5,80.0,30,67.5,76.0,80.0,76.0,16.0,12295.0,1091
2023-05-10 21:39:16,c2311-P-2480,c2311-P-2480,80.0,0.0,0.0,0.0,40,78.5,80.0,30,67.5,76.0,80.0,76.0,16.0,12295.0,1091
2023-05-10 21:39:18,c2311-P-2480,c2311-P-2480,80.0,0.0,0.0,0.0,30,78.5,80.0,30,67.5,76.0,80.0,76.0,16.0,12295.0,1091
2023-05-10 21:39:21,c2311-P-2480,c2311-P-2480,80.0,0.0,0.0,0.0,40,78.5,80.0,30,67.5,76.0,80.0,76.0,16.0,12295.0,1091
2023-05-10 21:39:21,c2311-P-2480,c2311-P-2480,80.0,0.0,0.0,0.0,30,78.5,80.0,30,67.5,76.0,80.0,76.0,16.0,12295.0,1091
2023-05-10 21:39:23,c2311-P-2480,c2311-P-2480,80.0,0.0,0.0,0.0,40,78.5,80.0,30,67.5,76.0,80.0,76.0,16.0,12295.0,1091
2023-05-10 21:39:24,c2311-P-2480,c2311-P-2480,80.0,0.0,0.0,0.0,30,78.5,80.0,30,67.5,76.0,80.0,76.0,16.0,12295.0,1091
2023-05-10 21:39:24,c2311-P-2480,c2311-P-2480,80.0,0.0,0.0,0.0,40,78.5,80.0,30,67.5,76.0,80.0,76.0,16.0,12295.0,1091
2023-05-10 21:39:27,c2311-P-2480,c2311-P-2480,80.0,0.0,0.0,0.0,50,78.5,80.0,30,67.5,76.0,80.0,76.0,16.0,12295.0,1091
2023-05-10 21:39:28,c2311-P-2480,c2311-P-2480,80.0,0.0,0.0,0.0,40,78.5,80.0,30,67.5,76.0,80.0,76.0,16.0,12295.0,1091
2023-05-10 21:39:30,c2311-P-2480,c2311-P-2480,80.0,0.0,0.0,0.0,40,78.5,80.0,20,67.5,76.0,80.0,76.0,16.0,12295.0,1091
2023-05-10 21:39:33,c2311-P-2480,c2311-P-2480,80.0,0.0,0.0,0.0,50,78.5,80.0,10,67.5,76.0,80.0,76.0,16.0,12295.0,1091
2023-05-10 21:39:33,c2311-P-2480,c2311-P-2480,80.0,0.0,0.0,0.0,60,78.5,80.5,20,67.5,76.0,80.0,76.0,16.0,12295.0,1091
2023-05-10 21:39:36,c2311-P-2480,c2311-P-2480,80.0,0.0,0.0,0.0,20,79.0,80.5,20,67.5,76.0,80.0,76.0,16.0,12295.0,1091
2023-05-10 21:39:37,c2311-P-2480,c2311-P-2480,80.0,0.0,0.0,0.0,30,79.0,80.5,20,67.5,76.0,80.0,76.0,16.0,12295.0,1091
2023-05-10 21:39:38,c2311-P-2480,c2311-P-2480,80.0,0.0,0.0,0.0,50,79.0,80.5,20,67.5,76.0,80.0,76.0,16.0,12295.0,1091
2023-05-10 21:39:40,c2311-P-2480,c2311-P-2480,80.0,0.0,0.0,0.0,50,79.0,80.5,10,67.5,76.0,80.0,76.0,16.0,12295.0,1091
2023-05-10 21:39:56,c2311-P-2480,c2311-P-2480,80.0,0.0,0.0,0.0,50,79.0,81.0,60,67.5,76.0,80.0,76.0,16.0,12295.0,1091
2023-05-10 21:39:56,c2311-P-2480,c2311-P-2480,80.0,0.0,0.0,0.0,50,79.0,81.0,50,67.5,76.0,80.0,76.0,16.0,12295.0,1091
2023-05-10 21:39:57,c2311-P-2480,c2311-P-2480,80.0,0.0,0.0,0.0,50,79.0,81.0,30,67.5,76.0,80.0,76.0,16.0,12295.0,1091
2023-05-10 21:40:03,c2311-P-2480,c2311-P-2480,80.0,0.0,0.0,0.0,50,79.0,80.5,10,67.5,76.0,80.0,76.0,16.0,12295.0,1091
2023-05-10 21:40:04,c2311-P-2480,c2311-P-2480,80.0,0.0,0.0,0.0,60,79.0,81.0,20,67.5,76.0,80.0,76.0,16.0,12295.0,1091
2023-05-10 21:40:05,c2311-P-2480,c2311-P-2480,80.0,0.0,0.0,0.0,60,79.0,81.0,30,67.5,76.0,80.0,76.0,16.0,12295.0,1091
2023-05-10 21:40:06,c2311-P-2480,c2311-P-2480,80.0,0.0,0.0,0.0,30,79.5,81.0,30,67.5,76.0,80.0,76.0,16.0,12295.0,1091
2023-05-10 21:40:06,c2311-P-2480,c2311-P-2480,80.0,0.0,0.0,0.0,20,79.5,81.0,30,67.5,76.0,80.0,76.0,16.0,12295.0,1091
2023-05-10 21:40:08,c2311-P-2480,c2311-P-2480,80.0,0.0,0.0,0.0,30,79.5,81.0,30,67.5,76.0,80.0,76.0,16.0,12295.0,1091
2023-05-10 21:40:09,c2311-P-2480,c2311-P-2480,80.0,0.0,0.0,0.0,40,79.5,81.0,30,67.5,76.0,80.0,76.0,16.0,12295.0,1091
2023-05-10 21:40:17,c2311-P-2480,c2311-P-2480,80.0,0.0,0.0,0.0,30,79.5,81.0,30,67.5,76.0,80.0,76.0,16.0,12295.0,1091
2023-05-10 21:40:17,c2311-P-2480,c2311-P-2480,80.0,0.0,0.0,0.0,40,79.5,81.0,30,67.5,76.0,80.0,76.0,16.0,12295.0,1091
2023-05-10 21:40:20,c2311-P-2480,c2311-P-2480,80.0,0.0,0.0,0.0,30,79.5,81.0,30,67.5,76.0,80.0,76.0,16.0,12295.0,1091
2023-05-10 21:40:27,c2311-P-2480,c2311-P-2480,80.0,0.0,0.0,0.0,40,79.5,81.0,30,67.5,76.0,80.0,76.0,16.0,12295.0,1091
2023-05-10 21:40:33,c2311-P-2480,c2311-P-2480,80.0,0.0,0.0,0.0,65,79.5,81.0,30,67.5,76.0,80.0,76.0,16.0,12295.0,1091
2023-05-10 21:40:35,c2311-P-2480,c2311-P-2480,80.0,0.0,0.0,0.0,40,79.5,81.0,30,67.5,76.0,80.0,76.0,16.0,12295.0,1091
2023-05-10 21:40:45,c2311-P-2480,c2311-P-2480,80.0,0.0,0.0,0.0,30,79.5,81.0,30,67.5,76.0,80.0,76.0,16.0,12295.0,1091
2023-05-10 21:40:47,c2311-P-2480,c2311-P-2480,80.0,0.0,0.0,0.0,30,79.5,80.5,10,67.5,76.0,80.0,76.0,16.0,12295.0,1091
2023-05-10 21:40:48,c2311-P-2480,c2311-P-2480,80.0,0.0,0.0,0.0,20,79.5,80.5,10,67.5,76.0,80.0,76.0,16.0,12295.0,1091
2023-05-10 21:41:11,c2311-P-2480,c2311-P-2480,80.0,0.0,0.0,0.0,10,79.5,80.5,20,67.5,76.0,80.0,76.0,16.0,12295.0,1091
2023-05-10 21:41:12,c2311-P-2480,c2311-P-2480,80.0,0.0,0.0,0.0,10,79.5,80.5,10,67.5,76.0,80.0,76.0,16.0,12295.0,1091
2023-05-10 21:41:43,c2311-P-2480,c2311-P-2480,80.0,0.0,0.0,0.0,20,79.5,81.0,40,67.5,76.0,80.0,76.0,16.0,12295.0,1091
2023-05-10 21:41:47,c2311-P-2480,c2311-P-2480,80.0,0.0,0.0,0.0,45,79.5,81.0,40,67.5,76.0,80.0,76.0,16.0,12295.0,1091
2023-05-10 21:41:49,c2311-P-2480,c2311-P-2480,80.0,0.0,0.0,0.0,45,79.5,80.5,10,67.5,76.0,80.0,76.0,16.0,12295.0,1091
2023-05-10 21:41:50,c2311-P-2480,c2311-P-2480,80.0,0.0,0.0,0.0,20,79.5,80.5,10,67.5,76.0,80.0,76.0,16.0,12295.0,1091
2023-05-10 21:41:52,c2311-P-2480,c2311-P-2480,80.0,0.0,0.0,0.0,10,79.5,80.5,10,67.5,76.0,80.0,76.0,16.0,12295.0,1091
2023-05-10 21:41:56,c2311-P-2480,c2311-P-2480,80.0,0.0,0.0,0.0,40,79.5,81.0,30,67.5,76.0,80.0,76.0,16.0,12295.0,1091
2023-05-10 21:41:58,c2311-P-2480,c2311-P-2480,80.0,0.0,0.0,0.0,30,79.5,81.0,30,67.5,76.0,80.0,76.0,16.0,12295.0,1091
2023-05-10 21:41:58,c2311-P-2480,c2311-P-2480,80.0,0.0,0.0,0.0,40,79.5,81.0,30,67.5,76.0,80.0,76.0,16.0,12295.0,1091
2023-05-10 21:41:59,c2311-P-2480,c2311-P-2480,80.0,0.0,0.0,0.0,30,79.5,81.0,30,67.5,76.0,80.0,76.0,16.0,12295.0,1091
2023-05-10 21:42:09,c2311-P-2480,c2311-P-2480,80.0,0.0,0.0,0.0,30,79.5,80.5,10,67.5,76.0,80.0,76.0,16.0,12295.0,1091
2023-05-10 21:42:09,c2311-P-2480,c2311-P-2480,80.0,0.0,0.0,0.0,20,79.5,80.5,10,67.5,76.0,80.0,76.0,16.0,12295.0,1091
2023-05-10 21:42:11,c2311-P-2480,c2311-P-2480,80.0,0.0,0.0,0.0,30,79.5,80.5,10,67.5,76.0,80.0,76.0,16.0,12295.0,1091
2023-05-10 21:42:16,c2311-P-2480,c2311-P-2480,80.0,0.0,0.0,0.0,30,79.5,80.5,20,67.5,76.0,80.0,76.0,16.0,12295.0,1091
2023-05-10 21:42:36,c2311-P-2480,c2311-P-2480,80.0,0.0,0.0,0.0,20,79.5,80.5,20,67.5,76.0,80.0,76.0,16.0,12295.0,1091
2023-05-10 21:42:52,c2311-P-2480,c2311-P-2480,80.0,0.0,0.0,0.0,30,79.5,80.5,10,67.5,76.0,80.0,76.0,16.0,12295.0,1091
2023-05-10 21:42:54,c2311-P-2480,c2311-P-2480,80.0,0.0,0.0,0.0,30,79.5,81.0,30,67.5,76.0,80.0,76.0,16.0,12295.0,1091
2023-05-10 21:43:24,c2311-P-2480,c2311-P-2480,80.0,0.0,0.0,0.0,50,79.5,81.0,20,67.5,76.0,80.0,76.0,16.0,12295.0,1091
2023-05-10 21:43:25,c2311-P-2480,c2311-P-2480,80.0,0.0,0.0,0.0,40,79.5,81.0,20,67.5,76.0,80.0,76.0,16.0,12295.0,1091
2023-05-10 21:43:29,c2311-P-2480,c2311-P-2480,80.0,0.0,0.0,0.0,50,79.5,81.0,20,67.5,76.0,80.0,76.0,16.0,12295.0,1091
2023-05-10 21:43:30,c2311-P-2480,c2311-P-2480,80.0,0.0,0.0,0.0,50,79.5,81.0,10,67.5,76.0,80.0,76.0,16.0,12295.0,1091
2023-05-10 21:44:06,c2311-P-2480,c2311-P-2480,80.0,0.0,0.0,0.0,50,79.5,81.0,20,67.5,76.0,80.0,76.0,16.0,12295.0,1091
2023-05-10 21:44:06,c2311-P-2480,c2311-P-2480,80.0,0.0,0.0,0.0,40,79.5,81.0,20,67.5,76.0,80.0,76.0,16.0,12295.0,1091
2023-05-10 21:44:06,c2311-P-2480,c2311-P-2480,80.0,0.0,0.0,0.0,50,79.5,81.0,20,67.5,76.0,80.0,76.0,16.0,12295.0,1091
2023-05-10 21:44:09,c2311-P-2480,c2311-P-2480,80.0,0.0,0.0,0.0,50,79.5,81.0,10,67.5,76.0,80.0,76.0,16.0,12295.0,1091
2023-05-10 21:44:12,c2311-P-2480,c2311-P-2480,80.0,0.0,0.0,0.0,50,79.5,81.0,20,67.5,76.0,80.0,76.0,16.0,12295.0,1091
