time,symbol_id,symbol_name,last,trade_volume,trade_amount,open_interest_change,bv1,bp1,ap1,av1,yesterday_close,today_open,today_high,today_low,volume,amount,open_interest
2023-05-10 21:00:29,c2401-C-2360,c2401-C-2360,164.0,0.0,0.0,0.0,1,54.5,0.0,0,164.0,0.0,0.0,0.0,0.0,0.0,0
2023-05-10 21:00:29,c2401-C-2360,c2401-C-2360,164.0,0.0,0.0,0.0,10,55.0,0.0,0,164.0,0.0,0.0,0.0,0.0,0.0,0
2023-05-10 21:00:46,c2401-C-2360,c2401-C-2360,164.0,0.0,0.0,0.0,1,55.5,0.0,0,164.0,0.0,0.0,0.0,0.0,0.0,0
2023-05-10 21:00:46,c2401-C-2360,c2401-C-2360,164.0,0.0,0.0,0.0,10,56.0,0.0,0,164.0,0.0,0.0,0.0,0.0,0.0,0
2023-05-10 21:02:02,c2401-C-2360,c2401-C-2360,164.0,0.0,0.0,0.0,1,56.5,0.0,0,164.0,0.0,0.0,0.0,0.0,0.0,0
2023-05-10 21:02:02,c2401-C-2360,c2401-C-2360,164.0,0.0,0.0,0.0,10,57.0,0.0,0,164.0,0.0,0.0,0.0,0.0,0.0,0
2023-05-10 21:03:12,c2401-C-2360,c2401-C-2360,164.0,0.0,0.0,0.0,1,57.5,0.0,0,164.0,0.0,0.0,0.0,0.0,0.0,0
2023-05-10 21:03:12,c2401-C-2360,c2401-C-2360,164.0,0.0,0.0,0.0,10,58.0,0.0,0,164.0,0.0,0.0,0.0,0.0,0.0,0
2023-05-10 21:03:17,c2401-C-2360,c2401-C-2360,164.0,0.0,0.0,0.0,1,58.5,0.0,0,164.0,0.0,0.0,0.0,0.0,0.0,0
2023-05-10 21:03:17,c2401-C-2360,c2401-C-2360,164.0,0.0,0.0,0.0,10,59.0,0.0,0,164.0,0.0,0.0,0.0,0.0,0.0,0
2023-05-10 21:03:20,c2401-C-2360,c2401-C-2360,164.0,0.0,0.0,0.0,1,59.5,0.0,0,164.0,0.0,0.0,0.0,0.0,0.0,0
2023-05-10 21:03:20,c2401-C-2360,c2401-C-2360,164.0,0.0,0.0,0.0,10,60.0,0.0,0,164.0,0.0,0.0,0.0,0.0,0.0,0
2023-05-10 21:30:46,c2401-C-2360,c2401-C-2360,164.0,0.0,0.0,0.0,1,60.5,0.0,0,164.0,0.0,0.0,0.0,0.0,0.0,0
2023-05-10 21:30:46,c2401-C-2360,c2401-C-2360,164.0,0.0,0.0,0.0,10,61.0,0.0,0,164.0,0.0,0.0,0.0,0.0,0.0,0
2023-05-10 22:00:46,c2401-C-2360,c2401-C-2360,164.0,0.0,0.0,0.0,1,61.5,0.0,0,164.0,0.0,0.0,0.0,0.0,0.0,0
2023-05-10 22:00:46,c2401-C-2360,c2401-C-2360,164.0,0.0,0.0,0.0,10,62.0,0.0,0,164.0,0.0,0.0,0.0,0.0,0.0,0
2023-05-10 22:41:58,c2401-C-2360,c2401-C-2360,164.0,0.0,0.0,0.0,1,62.5,0.0,0,164.0,0.0,0.0,0.0,0.0,0.0,0
2023-05-10 22:41:58,c2401-C-2360,c2401-C-2360,164.0,0.0,0.0,0.0,10,63.0,0.0,0,164.0,0.0,0.0,0.0,0.0,0.0,0
2023-05-10 22:57:33,c2401-C-2360,c2401-C-2360,164.0,0.0,0.0,0.0,1,62.5,0.0,0,164.0,0.0,0.0,0.0,0.0,0.0,0
2023-05-10 22:59:16,c2401-C-2360,c2401-C-2360,164.0,0.0,0.0,0.0,10,63.0,0.0,0,164.0,0.0,0.0,0.0,0.0,0.0,0
2023-05-10 22:59:56,c2401-C-2360,c2401-C-2360,164.0,0.0,0.0,0.0,1,62.5,0.0,0,164.0,0.0,0.0,0.0,0.0,0.0,0
2023-05-11 09:00:04,c2401-C-2360,c2401-C-2360,164.0,0.0,0.0,0.0,10,63.0,0.0,0,164.0,0.0,0.0,0.0,0.0,0.0,0
2023-05-11 09:01:32,c2401-C-2360,c2401-C-2360,164.0,0.0,0.0,0.0,1,63.5,0.0,0,164.0,0.0,0.0,0.0,0.0,0.0,0
2023-05-11 09:01:32,c2401-C-2360,c2401-C-2360,164.0,0.0,0.0,0.0,10,64.0,0.0,0,164.0,0.0,0.0,0.0,0.0,0.0,0
2023-05-11 09:46:17,c2401-C-2360,c2401-C-2360,164.0,0.0,0.0,0.0,1,64.5,0.0,0,164.0,0.0,0.0,0.0,0.0,0.0,0
2023-05-11 09:46:17,c2401-C-2360,c2401-C-2360,164.0,0.0,0.0,0.0,10,65.0,0.0,0,164.0,0.0,0.0,0.0,0.0,0.0,0
2023-05-11 10:14:32,c2401-C-2360,c2401-C-2360,164.0,0.0,0.0,0.0,1,64.5,0.0,0,164.0,0.0,0.0,0.0,0.0,0.0,0
2023-05-11 10:30:07,c2401-C-2360,c2401-C-2360,164.0,0.0,0.0,0.0,10,65.0,0.0,0,164.0,0.0,0.0,0.0,0.0,0.0,0
2023-05-11 10:48:56,c2401-C-2360,c2401-C-2360,164.0,0.0,0.0,0.0,1,65.5,0.0,0,164.0,0.0,0.0,0.0,0.0,0.0,0
2023-05-11 10:48:56,c2401-C-2360,c2401-C-2360,164.0,0.0,0.0,0.0,10,66.0,0.0,0,164.0,0.0,0.0,0.0,0.0,0.0,0
2023-05-11 11:19:45,c2401-C-2360,c2401-C-2360,164.0,0.0,0.0,0.0,1,66.5,0.0,0,164.0,0.0,0.0,0.0,0.0,0.0,0
2023-05-11 11:19:45,c2401-C-2360,c2401-C-2360,164.0,0.0,0.0,0.0,10,67.0,0.0,0,164.0,0.0,0.0,0.0,0.0,0.0,0
2023-05-11 11:29:33,c2401-C-2360,c2401-C-2360,164.0,0.0,0.0,0.0,1,66.5,0.0,0,164.0,0.0,0.0,0.0,0.0,0.0,0
2023-05-11 13:30:02,c2401-C-2360,c2401-C-2360,164.0,0.0,0.0,0.0,10,67.0,0.0,0,164.0,0.0,0.0,0.0,0.0,0.0,0
2023-05-11 13:30:34,c2401-C-2360,c2401-C-2360,164.0,0.0,0.0,0.0,1,67.5,0.0,0,164.0,0.0,0.0,0.0,0.0,0.0,0
2023-05-11 13:30:34,c2401-C-2360,c2401-C-2360,164.0,0.0,0.0,0.0,10,68.0,0.0,0,164.0,0.0,0.0,0.0,0.0,0.0,0
2023-05-11 13:53:28,c2401-C-2360,c2401-C-2360,164.0,0.0,0.0,0.0,2,74.5,0.0,0,164.0,0.0,0.0,0.0,0.0,0.0,0
2023-05-11 13:53:28,c2401-C-2360,c2401-C-2360,164.0,0.0,0.0,0.0,10,75.0,0.0,0,164.0,0.0,0.0,0.0,0.0,0.0,0
2023-05-11 13:53:29,c2401-C-2360,c2401-C-2360,164.0,0.0,0.0,0.0,2,78.5,0.0,0,164.0,0.0,0.0,0.0,0.0,0.0,0
2023-05-11 13:53:29,c2401-C-2360,c2401-C-2360,164.0,0.0,0.0,0.0,10,79.0,0.0,0,164.0,0.0,0.0,0.0,0.0,0.0,0
2023-05-11 13:53:30,c2401-C-2360,c2401-C-2360,164.0,0.0,0.0,0.0,2,82.5,0.0,0,164.0,0.0,0.0,0.0,0.0,0.0,0
2023-05-11 13:53:30,c2401-C-2360,c2401-C-2360,164.0,0.0,0.0,0.0,10,83.0,0.0,0,164.0,0.0,0.0,0.0,0.0,0.0,0
2023-05-11 13:53:32,c2401-C-2360,c2401-C-2360,164.0,0.0,0.0,0.0,2,83.5,0.0,0,164.0,0.0,0.0,0.0,0.0,0.0,0
2023-05-11 13:53:32,c2401-C-2360,c2401-C-2360,164.0,0.0,0.0,0.0,10,84.0,0.0,0,164.0,0.0,0.0,0.0,0.0,0.0,0
2023-05-11 13:53:33,c2401-C-2360,c2401-C-2360,164.0,0.0,0.0,0.0,2,84.5,0.0,0,164.0,0.0,0.0,0.0,0.0,0.0,0
2023-05-11 13:53:33,c2401-C-2360,c2401-C-2360,164.0,0.0,0.0,0.0,10,85.0,0.0,0,164.0,0.0,0.0,0.0,0.0,0.0,0
2023-05-11 13:53:34,c2401-C-2360,c2401-C-2360,164.0,0.0,0.0,0.0,2,85.5,0.0,0,164.0,0.0,0.0,0.0,0.0,0.0,0
2023-05-11 13:53:34,c2401-C-2360,c2401-C-2360,164.0,0.0,0.0,0.0,10,86.0,0.0,0,164.0,0.0,0.0,0.0,0.0,0.0,0
2023-05-11 13:53:35,c2401-C-2360,c2401-C-2360,164.0,0.0,0.0,0.0,2,86.5,0.0,0,164.0,0.0,0.0,0.0,0.0,0.0,0
2023-05-11 13:53:35,c2401-C-2360,c2401-C-2360,164.0,0.0,0.0,0.0,10,87.0,0.0,0,164.0,0.0,0.0,0.0,0.0,0.0,0
2023-05-11 13:53:39,c2401-C-2360,c2401-C-2360,164.0,0.0,0.0,0.0,2,87.5,0.0,0,164.0,0.0,0.0,0.0,0.0,0.0,0
2023-05-11 13:53:39,c2401-C-2360,c2401-C-2360,164.0,0.0,0.0,0.0,10,88.0,0.0,0,164.0,0.0,0.0,0.0,0.0,0.0,0
2023-05-11 13:54:06,c2401-C-2360,c2401-C-2360,164.0,0.0,0.0,0.0,2,91.5,0.0,0,164.0,0.0,0.0,0.0,0.0,0.0,0
2023-05-11 13:54:06,c2401-C-2360,c2401-C-2360,164.0,0.0,0.0,0.0,10,92.0,0.0,0,164.0,0.0,0.0,0.0,0.0,0.0,0
2023-05-11 13:54:08,c2401-C-2360,c2401-C-2360,164.0,0.0,0.0,0.0,2,92.5,0.0,0,164.0,0.0,0.0,0.0,0.0,0.0,0
2023-05-11 13:54:08,c2401-C-2360,c2401-C-2360,164.0,0.0,0.0,0.0,10,93.0,0.0,0,164.0,0.0,0.0,0.0,0.0,0.0,0
2023-05-11 13:54:09,c2401-C-2360,c2401-C-2360,164.0,0.0,0.0,0.0,2,93.5,0.0,0,164.0,0.0,0.0,0.0,0.0,0.0,0
2023-05-11 13:54:09,c2401-C-2360,c2401-C-2360,164.0,0.0,0.0,0.0,10,94.0,0.0,0,164.0,0.0,0.0,0.0,0.0,0.0,0
2023-05-11 13:54:10,c2401-C-2360,c2401-C-2360,164.0,0.0,0.0,0.0,2,94.5,0.0,0,164.0,0.0,0.0,0.0,0.0,0.0,0
2023-05-11 13:54:10,c2401-C-2360,c2401-C-2360,164.0,0.0,0.0,0.0,10,95.0,0.0,0,164.0,0.0,0.0,0.0,0.0,0.0,0
2023-05-11 13:54:11,c2401-C-2360,c2401-C-2360,164.0,0.0,0.0,0.0,2,95.5,0.0,0,164.0,0.0,0.0,0.0,0.0,0.0,0
2023-05-11 13:54:11,c2401-C-2360,c2401-C-2360,164.0,0.0,0.0,0.0,10,96.0,0.0,0,164.0,0.0,0.0,0.0,0.0,0.0,0
2023-05-11 13:54:15,c2401-C-2360,c2401-C-2360,164.0,0.0,0.0,0.0,2,96.5,0.0,0,164.0,0.0,0.0,0.0,0.0,0.0,0
2023-05-11 13:54:15,c2401-C-2360,c2401-C-2360,164.0,0.0,0.0,0.0,10,97.0,0.0,0,164.0,0.0,0.0,0.0,0.0,0.0,0
2023-05-11 13:54:16,c2401-C-2360,c2401-C-2360,164.0,0.0,0.0,0.0,2,97.5,0.0,0,164.0,0.0,0.0,0.0,0.0,0.0,0
2023-05-11 13:54:16,c2401-C-2360,c2401-C-2360,164.0,0.0,0.0,0.0,10,98.0,0.0,0,164.0,0.0,0.0,0.0,0.0,0.0,0
2023-05-11 14:00:16,c2401-C-2360,c2401-C-2360,164.0,0.0,0.0,0.0,5,130.5,143.5,5,164.0,0.0,0.0,0.0,0.0,0.0,0
2023-05-11 14:00:17,c2401-C-2360,c2401-C-2360,164.0,0.0,0.0,0.0,10,130.5,143.5,10,164.0,0.0,0.0,0.0,0.0,0.0,0
2023-05-11 14:00:25,c2401-C-2360,c2401-C-2360,164.0,0.0,0.0,0.0,5,133.0,143.5,10,164.0,0.0,0.0,0.0,0.0,0.0,0
2023-05-11 14:00:27,c2401-C-2360,c2401-C-2360,164.0,0.0,0.0,0.0,5,133.0,143.5,15,164.0,0.0,0.0,0.0,0.0,0.0,0
2023-05-11 14:00:28,c2401-C-2360,c2401-C-2360,164.0,0.0,0.0,0.0,5,133.5,143.5,10,164.0,0.0,0.0,0.0,0.0,0.0,0
2023-05-11 14:00:29,c2401-C-2360,c2401-C-2360,164.0,0.0,0.0,0.0,5,133.5,142.0,5,164.0,0.0,0.0,0.0,0.0,0.0,0
2023-05-11 14:00:34,c2401-C-2360,c2401-C-2360,164.0,0.0,0.0,0.0,10,133.5,142.0,10,164.0,0.0,0.0,0.0,0.0,0.0,0
2023-05-11 14:00:39,c2401-C-2360,c2401-C-2360,164.0,0.0,0.0,0.0,5,133.5,142.0,10,164.0,0.0,0.0,0.0,0.0,0.0,0
2023-05-11 14:00:41,c2401-C-2360,c2401-C-2360,164.0,0.0,0.0,0.0,5,133.5,142.0,5,164.0,0.0,0.0,0.0,0.0,0.0,0
2023-05-11 14:00:44,c2401-C-2360,c2401-C-2360,164.0,0.0,0.0,0.0,5,131.5,144.0,5,164.0,0.0,0.0,0.0,0.0,0.0,0
2023-05-11 14:00:47,c2401-C-2360,c2401-C-2360,164.0,0.0,0.0,0.0,10,68.0,0.0,0,164.0,0.0,0.0,0.0,0.0,0.0,0
2023-05-11 14:02:17,c2401-C-2360,c2401-C-2360,164.0,0.0,0.0,0.0,1,68.5,0.0,0,164.0,0.0,0.0,0.0,0.0,0.0,0
2023-05-11 14:02:17,c2401-C-2360,c2401-C-2360,164.0,0.0,0.0,0.0,10,69.0,0.0,0,164.0,0.0,0.0,0.0,0.0,0.0,0
2023-05-11 14:35:56,c2401-C-2360,c2401-C-2360,164.0,0.0,0.0,0.0,1,69.5,0.0,0,164.0,0.0,0.0,0.0,0.0,0.0,0
2023-05-11 14:35:56,c2401-C-2360,c2401-C-2360,164.0,0.0,0.0,0.0,10,70.0,0.0,0,164.0,0.0,0.0,0.0,0.0,0.0,0
2023-05-11 14:59:02,c2401-C-2360,c2401-C-2360,164.0,0.0,0.0,0.0,1,69.5,0.0,0,164.0,0.0,0.0,0.0,0.0,0.0,0
2023-05-11 14:59:05,c2401-C-2360,c2401-C-2360,164.0,0.0,0.0,0.0,10,70.0,0.0,0,164.0,0.0,0.0,0.0,0.0,0.0,0
2023-05-11 14:59:10,c2401-C-2360,c2401-C-2360,164.0,0.0,0.0,0.0,1,69.5,0.0,0,164.0,0.0,0.0,0.0,0.0,0.0,0
2023-05-11 15:01:10,c2401-C-2360,c2401-C-2360,164.0,0.0,0.0,0.0,1,69.5,0.0,0,164.0,0.0,0.0,0.0,0.0,0.0,0
