time,symbol_id,symbol_name,last,trade_volume,trade_amount,open_interest_change,bv1,bp1,ap1,av1,yesterday_close,today_open,today_high,today_low,volume,amount,open_interest
2023-05-10 20:58:06,c2401-P-2360,c2401-P-2360,45.5,0.0,0.0,0.0,2,1.5,0.0,0,45.5,0.0,0.0,0.0,0.0,0.0,173
2023-05-10 21:00:07,c2401-P-2360,c2401-P-2360,45.5,0.0,0.0,0.0,10,2.0,0.0,0,45.5,0.0,0.0,0.0,0.0,0.0,173
2023-05-10 21:00:47,c2401-P-2360,c2401-P-2360,45.5,0.0,0.0,0.0,1,2.5,0.0,0,45.5,0.0,0.0,0.0,0.0,0.0,173
2023-05-10 21:00:47,c2401-P-2360,c2401-P-2360,45.5,0.0,0.0,0.0,10,3.0,0.0,0,45.5,0.0,0.0,0.0,0.0,0.0,173
2023-05-10 21:03:05,c2401-P-2360,c2401-P-2360,45.5,0.0,0.0,0.0,2,7.0,0.0,0,45.5,0.0,0.0,0.0,0.0,0.0,173
2023-05-10 21:03:05,c2401-P-2360,c2401-P-2360,45.5,0.0,0.0,0.0,10,7.5,0.0,0,45.5,0.0,0.0,0.0,0.0,0.0,173
2023-05-10 21:04:26,c2401-P-2360,c2401-P-2360,45.5,0.0,0.0,0.0,5,15.0,0.0,0,45.5,0.0,0.0,0.0,0.0,0.0,173
2023-05-10 21:04:27,c2401-P-2360,c2401-P-2360,45.5,0.0,0.0,0.0,10,15.5,0.0,0,45.5,0.0,0.0,0.0,0.0,0.0,173
2023-05-10 21:07:44,c2401-P-2360,c2401-P-2360,45.5,0.0,0.0,0.0,2,16.0,0.0,0,45.5,0.0,0.0,0.0,0.0,0.0,173
2023-05-10 21:07:44,c2401-P-2360,c2401-P-2360,45.5,0.0,0.0,0.0,10,16.5,0.0,0,45.5,0.0,0.0,0.0,0.0,0.0,173
2023-05-10 21:14:38,c2401-P-2360,c2401-P-2360,45.5,0.0,0.0,0.0,2,20.5,0.0,0,45.5,0.0,0.0,0.0,0.0,0.0,173
2023-05-10 21:14:39,c2401-P-2360,c2401-P-2360,45.5,0.0,0.0,0.0,10,21.0,0.0,0,45.5,0.0,0.0,0.0,0.0,0.0,173
2023-05-10 21:16:26,c2401-P-2360,c2401-P-2360,45.5,0.0,0.0,0.0,2,25.0,0.0,0,45.5,0.0,0.0,0.0,0.0,0.0,173
2023-05-10 21:16:26,c2401-P-2360,c2401-P-2360,45.5,0.0,0.0,0.0,10,25.5,0.0,0,45.5,0.0,0.0,0.0,0.0,0.0,173
2023-05-10 21:16:32,c2401-P-2360,c2401-P-2360,45.5,0.0,0.0,0.0,2,26.0,0.0,0,45.5,0.0,0.0,0.0,0.0,0.0,173
2023-05-10 21:16:32,c2401-P-2360,c2401-P-2360,45.5,0.0,0.0,0.0,10,26.5,0.0,0,45.5,0.0,0.0,0.0,0.0,0.0,173
2023-05-10 21:16:36,c2401-P-2360,c2401-P-2360,45.5,0.0,0.0,0.0,2,27.0,0.0,0,45.5,0.0,0.0,0.0,0.0,0.0,173
2023-05-10 21:16:36,c2401-P-2360,c2401-P-2360,45.5,0.0,0.0,0.0,10,27.5,0.0,0,45.5,0.0,0.0,0.0,0.0,0.0,173
2023-05-10 21:16:40,c2401-P-2360,c2401-P-2360,45.5,0.0,0.0,0.0,2,28.0,0.0,0,45.5,0.0,0.0,0.0,0.0,0.0,173
2023-05-10 21:16:40,c2401-P-2360,c2401-P-2360,45.5,0.0,0.0,0.0,10,28.5,0.0,0,45.5,0.0,0.0,0.0,0.0,0.0,173
2023-05-10 21:16:42,c2401-P-2360,c2401-P-2360,45.5,0.0,0.0,0.0,2,29.0,0.0,0,45.5,0.0,0.0,0.0,0.0,0.0,173
2023-05-10 21:16:42,c2401-P-2360,c2401-P-2360,45.5,0.0,0.0,0.0,10,29.5,0.0,0,45.5,0.0,0.0,0.0,0.0,0.0,173
2023-05-10 21:16:45,c2401-P-2360,c2401-P-2360,45.5,0.0,0.0,0.0,2,30.0,0.0,0,45.5,0.0,0.0,0.0,0.0,0.0,173
2023-05-10 21:16:45,c2401-P-2360,c2401-P-2360,45.5,0.0,0.0,0.0,10,30.5,0.0,0,45.5,0.0,0.0,0.0,0.0,0.0,173
2023-05-10 21:16:47,c2401-P-2360,c2401-P-2360,45.5,0.0,0.0,0.0,2,31.0,0.0,0,45.5,0.0,0.0,0.0,0.0,0.0,173
2023-05-10 21:16:47,c2401-P-2360,c2401-P-2360,45.5,0.0,0.0,0.0,10,31.5,0.0,0,45.5,0.0,0.0,0.0,0.0,0.0,173
2023-05-10 21:28:58,c2401-P-2360,c2401-P-2360,45.5,0.0,0.0,0.0,2,32.0,0.0,0,45.5,0.0,0.0,0.0,0.0,0.0,173
2023-05-10 21:28:58,c2401-P-2360,c2401-P-2360,45.5,0.0,0.0,0.0,10,32.5,0.0,0,45.5,0.0,0.0,0.0,0.0,0.0,173
2023-05-10 21:29:05,c2401-P-2360,c2401-P-2360,45.5,0.0,0.0,0.0,2,33.0,0.0,0,45.5,0.0,0.0,0.0,0.0,0.0,173
2023-05-10 21:29:05,c2401-P-2360,c2401-P-2360,45.5,0.0,0.0,0.0,10,33.5,0.0,0,45.5,0.0,0.0,0.0,0.0,0.0,173
2023-05-10 22:29:28,c2401-P-2360,c2401-P-2360,45.5,0.0,0.0,0.0,2,34.0,0.0,0,45.5,0.0,0.0,0.0,0.0,0.0,173
2023-05-10 22:29:28,c2401-P-2360,c2401-P-2360,45.5,0.0,0.0,0.0,10,34.5,0.0,0,45.5,0.0,0.0,0.0,0.0,0.0,173
2023-05-10 22:29:29,c2401-P-2360,c2401-P-2360,45.5,0.0,0.0,0.0,2,35.0,0.0,0,45.5,0.0,0.0,0.0,0.0,0.0,173
2023-05-10 22:29:36,c2401-P-2360,c2401-P-2360,45.5,0.0,0.0,0.0,5,51.5,59.5,5,45.5,0.0,0.0,0.0,0.0,0.0,173
2023-05-10 22:29:37,c2401-P-2360,c2401-P-2360,45.5,0.0,0.0,0.0,10,51.5,59.5,10,45.5,0.0,0.0,0.0,0.0,0.0,173
2023-05-10 22:29:45,c2401-P-2360,c2401-P-2360,45.5,0.0,0.0,0.0,10,51.5,55.0,5,45.5,0.0,0.0,0.0,0.0,0.0,173
2023-05-10 22:29:47,c2401-P-2360,c2401-P-2360,45.5,0.0,0.0,0.0,10,51.5,54.5,5,45.5,0.0,0.0,0.0,0.0,0.0,173
2023-05-10 22:29:48,c2401-P-2360,c2401-P-2360,45.5,0.0,0.0,0.0,5,51.5,54.5,5,45.5,0.0,0.0,0.0,0.0,0.0,173
2023-05-10 22:29:49,c2401-P-2360,c2401-P-2360,45.5,0.0,0.0,0.0,5,51.0,54.5,5,45.5,0.0,0.0,0.0,0.0,0.0,173
2023-05-10 22:29:53,c2401-P-2360,c2401-P-2360,45.5,0.0,0.0,0.0,10,51.0,54.5,10,45.5,0.0,0.0,0.0,0.0,0.0,173
2023-05-10 22:29:58,c2401-P-2360,c2401-P-2360,45.5,0.0,0.0,0.0,5,51.0,54.5,5,45.5,0.0,0.0,0.0,0.0,0.0,173
2023-05-10 22:30:04,c2401-P-2360,c2401-P-2360,45.5,0.0,0.0,0.0,5,49.0,56.5,5,45.5,0.0,0.0,0.0,0.0,0.0,173
2023-05-10 22:30:06,c2401-P-2360,c2401-P-2360,45.5,0.0,0.0,0.0,5,15.0,0.0,0,45.5,0.0,0.0,0.0,0.0,0.0,173
2023-05-10 22:30:07,c2401-P-2360,c2401-P-2360,45.5,0.0,0.0,0.0,2,19.0,0.0,0,45.5,0.0,0.0,0.0,0.0,0.0,173
2023-05-10 22:30:07,c2401-P-2360,c2401-P-2360,45.5,0.0,0.0,0.0,10,19.5,0.0,0,45.5,0.0,0.0,0.0,0.0,0.0,173
2023-05-10 22:30:08,c2401-P-2360,c2401-P-2360,45.5,0.0,0.0,0.0,2,23.5,0.0,0,45.5,0.0,0.0,0.0,0.0,0.0,173
2023-05-10 22:30:08,c2401-P-2360,c2401-P-2360,45.5,0.0,0.0,0.0,10,24.0,0.0,0,45.5,0.0,0.0,0.0,0.0,0.0,173
2023-05-10 22:30:09,c2401-P-2360,c2401-P-2360,45.5,0.0,0.0,0.0,2,24.5,0.0,0,45.5,0.0,0.0,0.0,0.0,0.0,173
2023-05-10 22:30:09,c2401-P-2360,c2401-P-2360,45.5,0.0,0.0,0.0,10,25.0,0.0,0,45.5,0.0,0.0,0.0,0.0,0.0,173
2023-05-10 22:30:10,c2401-P-2360,c2401-P-2360,45.5,0.0,0.0,0.0,2,25.5,0.0,0,45.5,0.0,0.0,0.0,0.0,0.0,173
2023-05-10 22:30:11,c2401-P-2360,c2401-P-2360,45.5,0.0,0.0,0.0,10,26.0,0.0,0,45.5,0.0,0.0,0.0,0.0,0.0,173
2023-05-10 22:57:33,c2401-P-2360,c2401-P-2360,45.5,0.0,0.0,0.0,5,15.0,0.0,0,45.5,0.0,0.0,0.0,0.0,0.0,173
2023-05-10 22:59:16,c2401-P-2360,c2401-P-2360,45.5,0.0,0.0,0.0,10,15.5,0.0,0,45.5,0.0,0.0,0.0,0.0,0.0,173
2023-05-10 22:59:56,c2401-P-2360,c2401-P-2360,45.5,0.0,0.0,0.0,5,15.0,0.0,0,45.5,0.0,0.0,0.0,0.0,0.0,173
2023-05-11 09:00:04,c2401-P-2360,c2401-P-2360,45.5,0.0,0.0,0.0,10,15.5,0.0,0,45.5,0.0,0.0,0.0,0.0,0.0,173
2023-05-11 09:08:29,c2401-P-2360,c2401-P-2360,45.5,0.0,0.0,0.0,5,46.5,53.5,5,45.5,0.0,0.0,0.0,0.0,0.0,173
2023-05-11 09:08:30,c2401-P-2360,c2401-P-2360,45.5,0.0,0.0,0.0,10,46.5,53.5,10,45.5,0.0,0.0,0.0,0.0,0.0,173
2023-05-11 09:08:38,c2401-P-2360,c2401-P-2360,45.5,0.0,0.0,0.0,5,47.0,53.5,10,45.5,0.0,0.0,0.0,0.0,0.0,173
2023-05-11 09:08:39,c2401-P-2360,c2401-P-2360,45.5,0.0,0.0,0.0,5,47.0,53.5,15,45.5,0.0,0.0,0.0,0.0,0.0,173
2023-05-11 09:08:40,c2401-P-2360,c2401-P-2360,45.5,0.0,0.0,0.0,5,47.0,53.5,20,45.5,0.0,0.0,0.0,0.0,0.0,173
2023-05-11 09:08:41,c2401-P-2360,c2401-P-2360,45.5,0.0,0.0,0.0,10,47.0,53.5,25,45.5,0.0,0.0,0.0,0.0,0.0,173
2023-05-11 09:08:41,c2401-P-2360,c2401-P-2360,45.5,0.0,0.0,0.0,10,47.0,53.5,20,45.5,0.0,0.0,0.0,0.0,0.0,173
2023-05-11 09:08:42,c2401-P-2360,c2401-P-2360,45.5,0.0,0.0,0.0,10,47.0,51.0,5,45.5,0.0,0.0,0.0,0.0,0.0,173
2023-05-11 09:08:46,c2401-P-2360,c2401-P-2360,45.5,0.0,0.0,0.0,15,47.0,51.0,10,45.5,0.0,0.0,0.0,0.0,0.0,173
2023-05-11 09:08:49,c2401-P-2360,c2401-P-2360,45.5,0.0,0.0,0.0,10,47.0,51.0,10,45.5,0.0,0.0,0.0,0.0,0.0,173
2023-05-11 09:08:52,c2401-P-2360,c2401-P-2360,45.5,0.0,0.0,0.0,5,47.0,51.0,10,45.5,0.0,0.0,0.0,0.0,0.0,173
2023-05-11 09:08:54,c2401-P-2360,c2401-P-2360,45.5,0.0,0.0,0.0,5,47.0,51.0,5,45.5,0.0,0.0,0.0,0.0,0.0,173
2023-05-11 09:08:57,c2401-P-2360,c2401-P-2360,45.5,0.0,0.0,0.0,5,45.5,52.5,5,45.5,0.0,0.0,0.0,0.0,0.0,173
2023-05-11 09:09:00,c2401-P-2360,c2401-P-2360,45.5,0.0,0.0,0.0,10,15.5,0.0,0,45.5,0.0,0.0,0.0,0.0,0.0,173
2023-05-11 09:09:00,c2401-P-2360,c2401-P-2360,45.5,0.0,0.0,0.0,2,23.5,0.0,0,45.5,0.0,0.0,0.0,0.0,0.0,173
2023-05-11 09:09:00,c2401-P-2360,c2401-P-2360,45.5,0.0,0.0,0.0,10,24.0,0.0,0,45.5,0.0,0.0,0.0,0.0,0.0,173
2023-05-11 10:14:32,c2401-P-2360,c2401-P-2360,45.5,0.0,0.0,0.0,5,15.0,0.0,0,45.5,0.0,0.0,0.0,0.0,0.0,173
2023-05-11 10:30:07,c2401-P-2360,c2401-P-2360,45.5,0.0,0.0,0.0,10,15.5,0.0,0,45.5,0.0,0.0,0.0,0.0,0.0,173
2023-05-11 11:16:00,c2401-P-2360,c2401-P-2360,45.5,0.0,0.0,0.0,2,19.5,0.0,0,45.5,0.0,0.0,0.0,0.0,0.0,173
2023-05-11 11:16:00,c2401-P-2360,c2401-P-2360,45.5,0.0,0.0,0.0,10,20.0,0.0,0,45.5,0.0,0.0,0.0,0.0,0.0,173
2023-05-11 11:16:01,c2401-P-2360,c2401-P-2360,45.5,0.0,0.0,0.0,2,20.5,0.0,0,45.5,0.0,0.0,0.0,0.0,0.0,173
2023-05-11 11:16:01,c2401-P-2360,c2401-P-2360,45.5,0.0,0.0,0.0,10,21.0,0.0,0,45.5,0.0,0.0,0.0,0.0,0.0,173
2023-05-11 11:16:02,c2401-P-2360,c2401-P-2360,45.5,0.0,0.0,0.0,2,21.5,0.0,0,45.5,0.0,0.0,0.0,0.0,0.0,173
2023-05-11 11:16:02,c2401-P-2360,c2401-P-2360,45.5,0.0,0.0,0.0,10,22.0,0.0,0,45.5,0.0,0.0,0.0,0.0,0.0,173
2023-05-11 11:16:03,c2401-P-2360,c2401-P-2360,45.5,0.0,0.0,0.0,2,22.5,0.0,0,45.5,0.0,0.0,0.0,0.0,0.0,173
2023-05-11 11:16:03,c2401-P-2360,c2401-P-2360,45.5,0.0,0.0,0.0,10,23.0,0.0,0,45.5,0.0,0.0,0.0,0.0,0.0,173
2023-05-11 11:18:43,c2401-P-2360,c2401-P-2360,45.5,0.0,0.0,0.0,2,23.5,0.0,0,45.5,0.0,0.0,0.0,0.0,0.0,173
2023-05-11 11:18:43,c2401-P-2360,c2401-P-2360,45.5,0.0,0.0,0.0,10,24.0,0.0,0,45.5,0.0,0.0,0.0,0.0,0.0,173
2023-05-11 11:18:44,c2401-P-2360,c2401-P-2360,45.5,0.0,0.0,0.0,2,24.5,0.0,0,45.5,0.0,0.0,0.0,0.0,0.0,173
2023-05-11 11:18:44,c2401-P-2360,c2401-P-2360,45.5,0.0,0.0,0.0,10,25.0,0.0,0,45.5,0.0,0.0,0.0,0.0,0.0,173
2023-05-11 11:29:33,c2401-P-2360,c2401-P-2360,45.5,0.0,0.0,0.0,5,15.0,0.0,0,45.5,0.0,0.0,0.0,0.0,0.0,173
2023-05-11 13:30:02,c2401-P-2360,c2401-P-2360,45.5,0.0,0.0,0.0,10,15.5,0.0,0,45.5,0.0,0.0,0.0,0.0,0.0,173
2023-05-11 13:31:25,c2401-P-2360,c2401-P-2360,45.5,0.0,0.0,0.0,2,19.5,0.0,0,45.5,0.0,0.0,0.0,0.0,0.0,173
2023-05-11 13:31:25,c2401-P-2360,c2401-P-2360,45.5,0.0,0.0,0.0,10,20.0,0.0,0,45.5,0.0,0.0,0.0,0.0,0.0,173
2023-05-11 13:44:41,c2401-P-2360,c2401-P-2360,45.5,0.0,0.0,0.0,2,20.5,0.0,0,45.5,0.0,0.0,0.0,0.0,0.0,173
2023-05-11 13:44:41,c2401-P-2360,c2401-P-2360,45.5,0.0,0.0,0.0,10,21.0,0.0,0,45.5,0.0,0.0,0.0,0.0,0.0,173
2023-05-11 13:44:45,c2401-P-2360,c2401-P-2360,45.5,0.0,0.0,0.0,2,21.5,0.0,0,45.5,0.0,0.0,0.0,0.0,0.0,173
2023-05-11 13:44:45,c2401-P-2360,c2401-P-2360,45.5,0.0,0.0,0.0,10,22.0,0.0,0,45.5,0.0,0.0,0.0,0.0,0.0,173
2023-05-11 13:44:47,c2401-P-2360,c2401-P-2360,45.5,0.0,0.0,0.0,2,22.5,0.0,0,45.5,0.0,0.0,0.0,0.0,0.0,173
2023-05-11 13:44:47,c2401-P-2360,c2401-P-2360,45.5,0.0,0.0,0.0,10,23.0,0.0,0,45.5,0.0,0.0,0.0,0.0,0.0,173
2023-05-11 14:00:17,c2401-P-2360,c2401-P-2360,45.5,0.0,0.0,0.0,5,52.0,60.0,5,45.5,0.0,0.0,0.0,0.0,0.0,173
2023-05-11 14:00:18,c2401-P-2360,c2401-P-2360,45.5,0.0,0.0,0.0,10,52.0,60.0,10,45.5,0.0,0.0,0.0,0.0,0.0,173
2023-05-11 14:00:25,c2401-P-2360,c2401-P-2360,45.5,0.0,0.0,0.0,10,52.0,58.5,5,45.5,0.0,0.0,0.0,0.0,0.0,173
2023-05-11 14:00:27,c2401-P-2360,c2401-P-2360,45.5,0.0,0.0,0.0,10,52.0,58.5,10,45.5,0.0,0.0,0.0,0.0,0.0,173
2023-05-11 14:00:28,c2401-P-2360,c2401-P-2360,45.5,0.0,0.0,0.0,10,52.0,57.5,5,45.5,0.0,0.0,0.0,0.0,0.0,173
2023-05-11 14:00:29,c2401-P-2360,c2401-P-2360,45.5,0.0,0.0,0.0,5,52.0,57.5,5,45.5,0.0,0.0,0.0,0.0,0.0,173
2023-05-11 14:00:30,c2401-P-2360,c2401-P-2360,45.5,0.0,0.0,0.0,10,51.5,57.5,5,45.5,0.0,0.0,0.0,0.0,0.0,173
2023-05-11 14:00:34,c2401-P-2360,c2401-P-2360,45.5,0.0,0.0,0.0,15,51.5,57.5,10,45.5,0.0,0.0,0.0,0.0,0.0,173
2023-05-11 14:00:39,c2401-P-2360,c2401-P-2360,45.5,0.0,0.0,0.0,5,51.5,57.5,10,45.5,0.0,0.0,0.0,0.0,0.0,173
2023-05-11 14:00:39,c2401-P-2360,c2401-P-2360,45.5,0.0,0.0,0.0,5,51.5,57.5,5,45.5,0.0,0.0,0.0,0.0,0.0,173
2023-05-11 14:00:44,c2401-P-2360,c2401-P-2360,45.5,0.0,0.0,0.0,5,50.5,58.5,5,45.5,0.0,0.0,0.0,0.0,0.0,173
2023-05-11 14:00:47,c2401-P-2360,c2401-P-2360,45.5,0.0,0.0,0.0,10,15.5,0.0,0,45.5,0.0,0.0,0.0,0.0,0.0,173
2023-05-11 14:00:49,c2401-P-2360,c2401-P-2360,45.5,0.0,0.0,0.0,2,16.0,0.0,0,45.5,0.0,0.0,0.0,0.0,0.0,173
2023-05-11 14:00:49,c2401-P-2360,c2401-P-2360,45.5,0.0,0.0,0.0,10,16.5,0.0,0,45.5,0.0,0.0,0.0,0.0,0.0,173
2023-05-11 14:00:58,c2401-P-2360,c2401-P-2360,45.5,0.0,0.0,0.0,2,20.5,0.0,0,45.5,0.0,0.0,0.0,0.0,0.0,173
2023-05-11 14:00:58,c2401-P-2360,c2401-P-2360,45.5,0.0,0.0,0.0,10,21.0,0.0,0,45.5,0.0,0.0,0.0,0.0,0.0,173
2023-05-11 14:01:08,c2401-P-2360,c2401-P-2360,45.5,0.0,0.0,0.0,2,21.5,0.0,0,45.5,0.0,0.0,0.0,0.0,0.0,173
2023-05-11 14:01:08,c2401-P-2360,c2401-P-2360,45.5,0.0,0.0,0.0,10,22.0,0.0,0,45.5,0.0,0.0,0.0,0.0,0.0,173
2023-05-11 14:01:17,c2401-P-2360,c2401-P-2360,45.5,0.0,0.0,0.0,2,22.5,0.0,0,45.5,0.0,0.0,0.0,0.0,0.0,173
2023-05-11 14:01:17,c2401-P-2360,c2401-P-2360,45.5,0.0,0.0,0.0,10,23.0,0.0,0,45.5,0.0,0.0,0.0,0.0,0.0,173
2023-05-11 14:59:02,c2401-P-2360,c2401-P-2360,45.5,0.0,0.0,0.0,5,15.0,0.0,0,45.5,0.0,0.0,0.0,0.0,0.0,173
2023-05-11 14:59:04,c2401-P-2360,c2401-P-2360,45.5,0.0,0.0,0.0,2,19.0,0.0,0,45.5,0.0,0.0,0.0,0.0,0.0,173
2023-05-11 14:59:05,c2401-P-2360,c2401-P-2360,45.5,0.0,0.0,0.0,10,19.5,0.0,0,45.5,0.0,0.0,0.0,0.0,0.0,173
2023-05-11 14:59:10,c2401-P-2360,c2401-P-2360,45.5,0.0,0.0,0.0,2,19.0,0.0,0,45.5,0.0,0.0,0.0,0.0,0.0,173
2023-05-11 15:01:10,c2401-P-2360,c2401-P-2360,45.5,0.0,0.0,0.0,2,19.0,0.0,0,45.5,0.0,0.0,0.0,0.0,0.0,173
