time,symbol_id,symbol_name,last,trade_volume,trade_amount,open_interest_change,bv1,bp1,ap1,av1,yesterday_close,today_open,today_high,today_low,volume,amount,open_interest
2023-05-10 21:03:06,c2401-P-2340,c2401-P-2340,40.0,0.0,0.0,0.0,10,5.0,0.0,0,40.0,0.0,0.0,0.0,0.0,0.0,5
2023-05-10 21:03:07,c2401-P-2340,c2401-P-2340,40.0,0.0,0.0,0.0,1,5.5,0.0,0,40.0,0.0,0.0,0.0,0.0,0.0,5
2023-05-10 21:03:07,c2401-P-2340,c2401-P-2340,40.0,0.0,0.0,0.0,10,6.0,0.0,0,40.0,0.0,0.0,0.0,0.0,0.0,5
2023-05-10 21:08:16,c2401-P-2340,c2401-P-2340,40.0,0.0,0.0,0.0,2,6.5,0.0,0,40.0,0.0,0.0,0.0,0.0,0.0,5
2023-05-10 21:08:16,c2401-P-2340,c2401-P-2340,40.0,0.0,0.0,0.0,10,7.0,0.0,0,40.0,0.0,0.0,0.0,0.0,0.0,5
2023-05-10 21:08:48,c2401-P-2340,c2401-P-2340,40.0,0.0,0.0,0.0,2,7.5,0.0,0,40.0,0.0,0.0,0.0,0.0,0.0,5
2023-05-10 21:08:48,c2401-P-2340,c2401-P-2340,40.0,0.0,0.0,0.0,10,8.0,0.0,0,40.0,0.0,0.0,0.0,0.0,0.0,5
2023-05-10 21:08:52,c2401-P-2340,c2401-P-2340,40.0,0.0,0.0,0.0,2,8.5,0.0,0,40.0,0.0,0.0,0.0,0.0,0.0,5
2023-05-10 21:08:52,c2401-P-2340,c2401-P-2340,40.0,0.0,0.0,0.0,10,9.0,0.0,0,40.0,0.0,0.0,0.0,0.0,0.0,5
2023-05-10 21:08:55,c2401-P-2340,c2401-P-2340,40.0,0.0,0.0,0.0,2,9.5,0.0,0,40.0,0.0,0.0,0.0,0.0,0.0,5
2023-05-10 21:08:55,c2401-P-2340,c2401-P-2340,40.0,0.0,0.0,0.0,10,10.0,0.0,0,40.0,0.0,0.0,0.0,0.0,0.0,5
2023-05-10 21:08:58,c2401-P-2340,c2401-P-2340,40.0,0.0,0.0,0.0,2,10.5,0.0,0,40.0,0.0,0.0,0.0,0.0,0.0,5
2023-05-10 21:08:58,c2401-P-2340,c2401-P-2340,40.0,0.0,0.0,0.0,10,11.0,0.0,0,40.0,0.0,0.0,0.0,0.0,0.0,5
2023-05-10 21:09:00,c2401-P-2340,c2401-P-2340,40.0,0.0,0.0,0.0,2,11.5,0.0,0,40.0,0.0,0.0,0.0,0.0,0.0,5
2023-05-10 21:09:00,c2401-P-2340,c2401-P-2340,40.0,0.0,0.0,0.0,10,12.0,0.0,0,40.0,0.0,0.0,0.0,0.0,0.0,5
2023-05-10 21:14:39,c2401-P-2340,c2401-P-2340,40.0,0.0,0.0,0.0,2,20.0,0.0,0,40.0,0.0,0.0,0.0,0.0,0.0,5
2023-05-10 21:14:39,c2401-P-2340,c2401-P-2340,40.0,0.0,0.0,0.0,10,20.5,0.0,0,40.0,0.0,0.0,0.0,0.0,0.0,5
2023-05-10 21:16:32,c2401-P-2340,c2401-P-2340,40.0,0.0,0.0,0.0,2,24.5,0.0,0,40.0,0.0,0.0,0.0,0.0,0.0,5
2023-05-10 21:16:32,c2401-P-2340,c2401-P-2340,40.0,0.0,0.0,0.0,10,25.0,0.0,0,40.0,0.0,0.0,0.0,0.0,0.0,5
2023-05-10 21:16:37,c2401-P-2340,c2401-P-2340,40.0,0.0,0.0,0.0,2,29.0,0.0,0,40.0,0.0,0.0,0.0,0.0,0.0,5
2023-05-10 21:24:31,c2401-P-2340,c2401-P-2340,40.0,0.0,0.0,0.0,1,5.5,0.0,0,40.0,0.0,0.0,0.0,0.0,0.0,5
2023-05-10 21:24:32,c2401-P-2340,c2401-P-2340,40.0,0.0,0.0,0.0,2,13.5,0.0,0,40.0,0.0,0.0,0.0,0.0,0.0,5
2023-05-10 21:24:32,c2401-P-2340,c2401-P-2340,40.0,0.0,0.0,0.0,10,14.0,0.0,0,40.0,0.0,0.0,0.0,0.0,0.0,5
2023-05-10 21:24:33,c2401-P-2340,c2401-P-2340,40.0,0.0,0.0,0.0,2,18.0,0.0,0,40.0,0.0,0.0,0.0,0.0,0.0,5
2023-05-10 21:24:33,c2401-P-2340,c2401-P-2340,40.0,0.0,0.0,0.0,10,18.5,0.0,0,40.0,0.0,0.0,0.0,0.0,0.0,5
2023-05-10 21:24:34,c2401-P-2340,c2401-P-2340,40.0,0.0,0.0,0.0,2,19.0,0.0,0,40.0,0.0,0.0,0.0,0.0,0.0,5
2023-05-10 21:24:34,c2401-P-2340,c2401-P-2340,40.0,0.0,0.0,0.0,10,19.5,0.0,0,40.0,0.0,0.0,0.0,0.0,0.0,5
2023-05-10 21:24:35,c2401-P-2340,c2401-P-2340,40.0,0.0,0.0,0.0,2,20.0,0.0,0,40.0,0.0,0.0,0.0,0.0,0.0,5
2023-05-10 21:24:35,c2401-P-2340,c2401-P-2340,40.0,0.0,0.0,0.0,10,20.5,0.0,0,40.0,0.0,0.0,0.0,0.0,0.0,5
2023-05-10 21:24:36,c2401-P-2340,c2401-P-2340,40.0,0.0,0.0,0.0,2,21.0,0.0,0,40.0,0.0,0.0,0.0,0.0,0.0,5
2023-05-10 21:24:36,c2401-P-2340,c2401-P-2340,40.0,0.0,0.0,0.0,10,21.5,0.0,0,40.0,0.0,0.0,0.0,0.0,0.0,5
2023-05-10 21:26:18,c2401-P-2340,c2401-P-2340,40.0,0.0,0.0,0.0,2,25.5,0.0,0,40.0,0.0,0.0,0.0,0.0,0.0,5
2023-05-10 21:26:18,c2401-P-2340,c2401-P-2340,40.0,0.0,0.0,0.0,10,26.0,0.0,0,40.0,0.0,0.0,0.0,0.0,0.0,5
2023-05-10 21:26:19,c2401-P-2340,c2401-P-2340,40.0,0.0,0.0,0.0,2,26.5,0.0,0,40.0,0.0,0.0,0.0,0.0,0.0,5
2023-05-10 21:26:19,c2401-P-2340,c2401-P-2340,40.0,0.0,0.0,0.0,10,27.0,0.0,0,40.0,0.0,0.0,0.0,0.0,0.0,5
2023-05-10 21:26:20,c2401-P-2340,c2401-P-2340,40.0,0.0,0.0,0.0,2,27.5,0.0,0,40.0,0.0,0.0,0.0,0.0,0.0,5
2023-05-10 21:26:20,c2401-P-2340,c2401-P-2340,40.0,0.0,0.0,0.0,10,28.0,0.0,0,40.0,0.0,0.0,0.0,0.0,0.0,5
2023-05-10 21:26:21,c2401-P-2340,c2401-P-2340,40.0,0.0,0.0,0.0,2,28.5,0.0,0,40.0,0.0,0.0,0.0,0.0,0.0,5
2023-05-10 21:26:21,c2401-P-2340,c2401-P-2340,40.0,0.0,0.0,0.0,10,29.0,0.0,0,40.0,0.0,0.0,0.0,0.0,0.0,5
2023-05-10 21:26:22,c2401-P-2340,c2401-P-2340,40.0,0.0,0.0,0.0,2,29.5,0.0,0,40.0,0.0,0.0,0.0,0.0,0.0,5
2023-05-10 21:26:41,c2401-P-2340,c2401-P-2340,40.0,0.0,0.0,0.0,12,29.5,0.0,0,40.0,0.0,0.0,0.0,0.0,0.0,5
2023-05-10 21:26:48,c2401-P-2340,c2401-P-2340,40.0,0.0,0.0,0.0,10,29.5,0.0,0,40.0,0.0,0.0,0.0,0.0,0.0,5
2023-05-10 21:28:32,c2401-P-2340,c2401-P-2340,40.0,0.0,0.0,0.0,2,30.0,0.0,0,40.0,0.0,0.0,0.0,0.0,0.0,5
2023-05-10 21:28:33,c2401-P-2340,c2401-P-2340,40.0,0.0,0.0,0.0,12,30.0,0.0,0,40.0,0.0,0.0,0.0,0.0,0.0,5
2023-05-10 21:29:06,c2401-P-2340,c2401-P-2340,40.0,0.0,0.0,0.0,2,30.0,0.0,0,40.0,0.0,0.0,0.0,0.0,0.0,5
2023-05-10 21:29:30,c2401-P-2340,c2401-P-2340,40.0,0.0,0.0,0.0,10,6.0,0.0,0,40.0,0.0,0.0,0.0,0.0,0.0,5
2023-05-10 21:29:30,c2401-P-2340,c2401-P-2340,40.0,0.0,0.0,0.0,2,6.5,0.0,0,40.0,0.0,0.0,0.0,0.0,0.0,5
2023-05-10 21:29:30,c2401-P-2340,c2401-P-2340,40.0,0.0,0.0,0.0,10,7.0,0.0,0,40.0,0.0,0.0,0.0,0.0,0.0,5
2023-05-10 21:29:31,c2401-P-2340,c2401-P-2340,40.0,0.0,0.0,0.0,2,7.5,0.0,0,40.0,0.0,0.0,0.0,0.0,0.0,5
2023-05-10 21:29:31,c2401-P-2340,c2401-P-2340,40.0,0.0,0.0,0.0,10,8.0,0.0,0,40.0,0.0,0.0,0.0,0.0,0.0,5
2023-05-10 21:29:32,c2401-P-2340,c2401-P-2340,40.0,0.0,0.0,0.0,2,8.5,0.0,0,40.0,0.0,0.0,0.0,0.0,0.0,5
2023-05-10 21:29:32,c2401-P-2340,c2401-P-2340,40.0,0.0,0.0,0.0,10,9.0,0.0,0,40.0,0.0,0.0,0.0,0.0,0.0,5
2023-05-10 21:29:33,c2401-P-2340,c2401-P-2340,40.0,0.0,0.0,0.0,2,9.5,0.0,0,40.0,0.0,0.0,0.0,0.0,0.0,5
2023-05-10 21:29:34,c2401-P-2340,c2401-P-2340,40.0,0.0,0.0,0.0,10,10.0,0.0,0,40.0,0.0,0.0,0.0,0.0,0.0,5
2023-05-10 21:29:34,c2401-P-2340,c2401-P-2340,40.0,0.0,0.0,0.0,2,10.5,0.0,0,40.0,0.0,0.0,0.0,0.0,0.0,5
2023-05-10 21:29:34,c2401-P-2340,c2401-P-2340,40.0,0.0,0.0,0.0,10,11.0,0.0,0,40.0,0.0,0.0,0.0,0.0,0.0,5
2023-05-10 21:29:35,c2401-P-2340,c2401-P-2340,40.0,0.0,0.0,0.0,2,11.5,0.0,0,40.0,0.0,0.0,0.0,0.0,0.0,5
2023-05-10 21:29:35,c2401-P-2340,c2401-P-2340,40.0,0.0,0.0,0.0,10,12.0,0.0,0,40.0,0.0,0.0,0.0,0.0,0.0,5
2023-05-10 21:37:57,c2401-P-2340,c2401-P-2340,40.0,0.0,0.0,0.0,2,20.0,0.0,0,40.0,0.0,0.0,0.0,0.0,0.0,5
2023-05-10 21:37:58,c2401-P-2340,c2401-P-2340,40.0,0.0,0.0,0.0,10,20.5,0.0,0,40.0,0.0,0.0,0.0,0.0,0.0,5
2023-05-10 21:37:58,c2401-P-2340,c2401-P-2340,40.0,0.0,0.0,0.0,2,24.5,0.0,0,40.0,0.0,0.0,0.0,0.0,0.0,5
2023-05-10 21:37:58,c2401-P-2340,c2401-P-2340,40.0,0.0,0.0,0.0,10,25.0,0.0,0,40.0,0.0,0.0,0.0,0.0,0.0,5
2023-05-10 21:37:59,c2401-P-2340,c2401-P-2340,40.0,0.0,0.0,0.0,2,25.5,0.0,0,40.0,0.0,0.0,0.0,0.0,0.0,5
2023-05-10 21:37:59,c2401-P-2340,c2401-P-2340,40.0,0.0,0.0,0.0,10,26.0,0.0,0,40.0,0.0,0.0,0.0,0.0,0.0,5
2023-05-10 21:38:00,c2401-P-2340,c2401-P-2340,40.0,0.0,0.0,0.0,2,26.5,0.0,0,40.0,0.0,0.0,0.0,0.0,0.0,5
2023-05-10 21:38:00,c2401-P-2340,c2401-P-2340,40.0,0.0,0.0,0.0,10,27.0,0.0,0,40.0,0.0,0.0,0.0,0.0,0.0,5
2023-05-10 21:38:02,c2401-P-2340,c2401-P-2340,40.0,0.0,0.0,0.0,2,27.5,0.0,0,40.0,0.0,0.0,0.0,0.0,0.0,5
2023-05-10 21:38:02,c2401-P-2340,c2401-P-2340,40.0,0.0,0.0,0.0,10,28.0,0.0,0,40.0,0.0,0.0,0.0,0.0,0.0,5
2023-05-10 21:38:03,c2401-P-2340,c2401-P-2340,40.0,0.0,0.0,0.0,2,28.5,0.0,0,40.0,0.0,0.0,0.0,0.0,0.0,5
2023-05-10 21:38:03,c2401-P-2340,c2401-P-2340,40.0,0.0,0.0,0.0,10,29.0,0.0,0,40.0,0.0,0.0,0.0,0.0,0.0,5
2023-05-10 21:38:04,c2401-P-2340,c2401-P-2340,40.0,0.0,0.0,0.0,2,29.5,0.0,0,40.0,0.0,0.0,0.0,0.0,0.0,5
2023-05-10 21:38:27,c2401-P-2340,c2401-P-2340,40.0,0.0,0.0,0.0,1,5.5,0.0,0,40.0,0.0,0.0,0.0,0.0,0.0,5
2023-05-10 21:38:28,c2401-P-2340,c2401-P-2340,40.0,0.0,0.0,0.0,2,9.5,0.0,0,40.0,0.0,0.0,0.0,0.0,0.0,5
2023-05-10 21:38:28,c2401-P-2340,c2401-P-2340,40.0,0.0,0.0,0.0,10,10.0,0.0,0,40.0,0.0,0.0,0.0,0.0,0.0,5
2023-05-10 21:38:29,c2401-P-2340,c2401-P-2340,40.0,0.0,0.0,0.0,2,10.5,0.0,0,40.0,0.0,0.0,0.0,0.0,0.0,5
2023-05-10 21:38:29,c2401-P-2340,c2401-P-2340,40.0,0.0,0.0,0.0,10,11.0,0.0,0,40.0,0.0,0.0,0.0,0.0,0.0,5
2023-05-10 21:38:30,c2401-P-2340,c2401-P-2340,40.0,0.0,0.0,0.0,2,11.5,0.0,0,40.0,0.0,0.0,0.0,0.0,0.0,5
2023-05-10 21:38:30,c2401-P-2340,c2401-P-2340,40.0,0.0,0.0,0.0,10,12.0,0.0,0,40.0,0.0,0.0,0.0,0.0,0.0,5
2023-05-10 21:41:20,c2401-P-2340,c2401-P-2340,40.0,0.0,0.0,0.0,2,12.5,0.0,0,40.0,0.0,0.0,0.0,0.0,0.0,5
2023-05-10 21:41:20,c2401-P-2340,c2401-P-2340,40.0,0.0,0.0,0.0,10,13.0,0.0,0,40.0,0.0,0.0,0.0,0.0,0.0,5
2023-05-10 21:41:21,c2401-P-2340,c2401-P-2340,40.0,0.0,0.0,0.0,2,13.5,0.0,0,40.0,0.0,0.0,0.0,0.0,0.0,5
2023-05-10 21:41:21,c2401-P-2340,c2401-P-2340,40.0,0.0,0.0,0.0,10,14.0,0.0,0,40.0,0.0,0.0,0.0,0.0,0.0,5
2023-05-10 21:47:10,c2401-P-2340,c2401-P-2340,40.0,0.0,0.0,0.0,2,14.5,0.0,0,40.0,0.0,0.0,0.0,0.0,0.0,5
2023-05-10 21:47:10,c2401-P-2340,c2401-P-2340,40.0,0.0,0.0,0.0,10,15.0,0.0,0,40.0,0.0,0.0,0.0,0.0,0.0,5
2023-05-10 22:29:28,c2401-P-2340,c2401-P-2340,40.0,0.0,0.0,0.0,2,23.0,0.0,0,40.0,0.0,0.0,0.0,0.0,0.0,5
2023-05-10 22:29:28,c2401-P-2340,c2401-P-2340,40.0,0.0,0.0,0.0,10,23.5,0.0,0,40.0,0.0,0.0,0.0,0.0,0.0,5
2023-05-10 22:29:30,c2401-P-2340,c2401-P-2340,40.0,0.0,0.0,0.0,2,27.5,0.0,0,40.0,0.0,0.0,0.0,0.0,0.0,5
2023-05-10 22:29:30,c2401-P-2340,c2401-P-2340,40.0,0.0,0.0,0.0,10,28.0,0.0,0,40.0,0.0,0.0,0.0,0.0,0.0,5
2023-05-10 22:29:31,c2401-P-2340,c2401-P-2340,40.0,0.0,0.0,0.0,2,32.0,0.0,0,40.0,0.0,0.0,0.0,0.0,0.0,5
2023-05-10 22:29:33,c2401-P-2340,c2401-P-2340,40.0,0.0,0.0,0.0,5,42.0,48.5,5,40.0,0.0,0.0,0.0,0.0,0.0,5
2023-05-10 22:29:34,c2401-P-2340,c2401-P-2340,40.0,0.0,0.0,0.0,10,42.0,48.5,10,40.0,0.0,0.0,0.0,0.0,0.0,5
2023-05-10 22:29:42,c2401-P-2340,c2401-P-2340,40.0,0.0,0.0,0.0,15,42.0,48.5,15,40.0,0.0,0.0,0.0,0.0,0.0,5
2023-05-10 22:29:43,c2401-P-2340,c2401-P-2340,40.0,0.0,0.0,0.0,15,42.0,48.5,20,40.0,0.0,0.0,0.0,0.0,0.0,5
2023-05-10 22:29:43,c2401-P-2340,c2401-P-2340,40.0,0.0,0.0,0.0,20,42.0,48.5,25,40.0,0.0,0.0,0.0,0.0,0.0,5
2023-05-10 22:29:44,c2401-P-2340,c2401-P-2340,40.0,0.0,0.0,0.0,25,42.0,48.0,5,40.0,0.0,0.0,0.0,0.0,0.0,5
2023-05-10 22:29:46,c2401-P-2340,c2401-P-2340,40.0,0.0,0.0,0.0,20,42.0,48.0,5,40.0,0.0,0.0,0.0,0.0,0.0,5
2023-05-10 22:29:50,c2401-P-2340,c2401-P-2340,40.0,0.0,0.0,0.0,25,42.0,48.0,10,40.0,0.0,0.0,0.0,0.0,0.0,5
2023-05-10 22:29:51,c2401-P-2340,c2401-P-2340,40.0,0.0,0.0,0.0,30,42.0,48.0,15,40.0,0.0,0.0,0.0,0.0,0.0,5
2023-05-10 22:29:53,c2401-P-2340,c2401-P-2340,40.0,0.0,0.0,0.0,25,42.0,48.0,15,40.0,0.0,0.0,0.0,0.0,0.0,5
2023-05-10 22:29:55,c2401-P-2340,c2401-P-2340,40.0,0.0,0.0,0.0,20,42.0,48.0,10,40.0,0.0,0.0,0.0,0.0,0.0,5
2023-05-10 22:29:55,c2401-P-2340,c2401-P-2340,40.0,0.0,0.0,0.0,15,42.0,48.0,10,40.0,0.0,0.0,0.0,0.0,0.0,5
2023-05-10 22:29:57,c2401-P-2340,c2401-P-2340,40.0,0.0,0.0,0.0,10,42.0,48.0,10,40.0,0.0,0.0,0.0,0.0,0.0,5
2023-05-10 22:30:00,c2401-P-2340,c2401-P-2340,40.0,0.0,0.0,0.0,5,42.0,48.0,5,40.0,0.0,0.0,0.0,0.0,0.0,5
2023-05-10 22:30:03,c2401-P-2340,c2401-P-2340,40.0,0.0,0.0,0.0,10,6.0,0.0,0,40.0,0.0,0.0,0.0,0.0,0.0,5
2023-05-10 22:30:03,c2401-P-2340,c2401-P-2340,40.0,0.0,0.0,0.0,2,14.0,0.0,0,40.0,0.0,0.0,0.0,0.0,0.0,5
2023-05-10 22:30:03,c2401-P-2340,c2401-P-2340,40.0,0.0,0.0,0.0,10,14.5,0.0,0,40.0,0.0,0.0,0.0,0.0,0.0,5
2023-05-10 22:30:04,c2401-P-2340,c2401-P-2340,40.0,0.0,0.0,0.0,2,18.5,0.0,0,40.0,0.0,0.0,0.0,0.0,0.0,5
2023-05-10 22:30:04,c2401-P-2340,c2401-P-2340,40.0,0.0,0.0,0.0,10,19.0,0.0,0,40.0,0.0,0.0,0.0,0.0,0.0,5
2023-05-10 22:30:05,c2401-P-2340,c2401-P-2340,40.0,0.0,0.0,0.0,2,23.0,0.0,0,40.0,0.0,0.0,0.0,0.0,0.0,5
2023-05-10 22:30:05,c2401-P-2340,c2401-P-2340,40.0,0.0,0.0,0.0,10,23.5,0.0,0,40.0,0.0,0.0,0.0,0.0,0.0,5
2023-05-10 22:30:06,c2401-P-2340,c2401-P-2340,40.0,0.0,0.0,0.0,2,24.0,0.0,0,40.0,0.0,0.0,0.0,0.0,0.0,5
2023-05-10 22:30:06,c2401-P-2340,c2401-P-2340,40.0,0.0,0.0,0.0,10,24.5,0.0,0,40.0,0.0,0.0,0.0,0.0,0.0,5
2023-05-10 22:30:08,c2401-P-2340,c2401-P-2340,40.0,0.0,0.0,0.0,2,25.0,0.0,0,40.0,0.0,0.0,0.0,0.0,0.0,5
2023-05-10 22:30:08,c2401-P-2340,c2401-P-2340,40.0,0.0,0.0,0.0,10,25.5,0.0,0,40.0,0.0,0.0,0.0,0.0,0.0,5
2023-05-10 22:30:09,c2401-P-2340,c2401-P-2340,40.0,0.0,0.0,0.0,2,26.0,0.0,0,40.0,0.0,0.0,0.0,0.0,0.0,5
2023-05-10 22:30:09,c2401-P-2340,c2401-P-2340,40.0,0.0,0.0,0.0,10,26.5,0.0,0,40.0,0.0,0.0,0.0,0.0,0.0,5
2023-05-10 22:30:10,c2401-P-2340,c2401-P-2340,40.0,0.0,0.0,0.0,2,27.0,0.0,0,40.0,0.0,0.0,0.0,0.0,0.0,5
2023-05-10 22:30:10,c2401-P-2340,c2401-P-2340,40.0,0.0,0.0,0.0,10,27.5,0.0,0,40.0,0.0,0.0,0.0,0.0,0.0,5
2023-05-10 22:57:33,c2401-P-2340,c2401-P-2340,40.0,0.0,0.0,0.0,1,6.5,0.0,0,40.0,0.0,0.0,0.0,0.0,0.0,5
2023-05-10 22:57:36,c2401-P-2340,c2401-P-2340,40.0,0.0,0.0,0.0,1,0.5,0.0,0,40.0,0.0,0.0,0.0,0.0,0.0,5
2023-05-10 22:59:16,c2401-P-2340,c2401-P-2340,40.0,0.0,0.0,0.0,10,1.0,0.0,0,40.0,0.0,0.0,0.0,0.0,0.0,5
2023-05-10 22:59:56,c2401-P-2340,c2401-P-2340,40.0,0.0,0.0,0.0,0,0.0,0.0,0,40.0,0.0,0.0,0.0,0.0,0.0,5
2023-05-11 09:02:09,c2401-P-2340,c2401-P-2340,40.0,0.0,0.0,0.0,2,1.0,0.0,0,40.0,0.0,0.0,0.0,0.0,0.0,5
2023-05-11 09:02:09,c2401-P-2340,c2401-P-2340,40.0,0.0,0.0,0.0,10,1.5,0.0,0,40.0,0.0,0.0,0.0,0.0,0.0,5
2023-05-11 09:02:15,c2401-P-2340,c2401-P-2340,40.0,0.0,0.0,0.0,1,2.0,0.0,0,40.0,0.0,0.0,0.0,0.0,0.0,5
2023-05-11 09:02:15,c2401-P-2340,c2401-P-2340,40.0,0.0,0.0,0.0,10,2.5,0.0,0,40.0,0.0,0.0,0.0,0.0,0.0,5
2023-05-11 09:05:24,c2401-P-2340,c2401-P-2340,40.0,0.0,0.0,0.0,2,6.5,0.0,0,40.0,0.0,0.0,0.0,0.0,0.0,5
2023-05-11 09:05:24,c2401-P-2340,c2401-P-2340,40.0,0.0,0.0,0.0,10,7.0,0.0,0,40.0,0.0,0.0,0.0,0.0,0.0,5
2023-05-11 09:05:27,c2401-P-2340,c2401-P-2340,40.0,0.0,0.0,0.0,2,11.0,0.0,0,40.0,0.0,0.0,0.0,0.0,0.0,5
2023-05-11 09:05:27,c2401-P-2340,c2401-P-2340,40.0,0.0,0.0,0.0,10,11.5,0.0,0,40.0,0.0,0.0,0.0,0.0,0.0,5
2023-05-11 09:05:31,c2401-P-2340,c2401-P-2340,40.0,0.0,0.0,0.0,2,12.0,0.0,0,40.0,0.0,0.0,0.0,0.0,0.0,5
2023-05-11 09:05:31,c2401-P-2340,c2401-P-2340,40.0,0.0,0.0,0.0,10,12.5,0.0,0,40.0,0.0,0.0,0.0,0.0,0.0,5
2023-05-11 09:05:34,c2401-P-2340,c2401-P-2340,40.0,0.0,0.0,0.0,2,13.0,0.0,0,40.0,0.0,0.0,0.0,0.0,0.0,5
2023-05-11 09:05:34,c2401-P-2340,c2401-P-2340,40.0,0.0,0.0,0.0,10,13.5,0.0,0,40.0,0.0,0.0,0.0,0.0,0.0,5
2023-05-11 09:08:30,c2401-P-2340,c2401-P-2340,40.0,0.0,0.0,0.0,5,37.5,43.5,5,40.0,0.0,0.0,0.0,0.0,0.0,5
2023-05-11 09:08:39,c2401-P-2340,c2401-P-2340,40.0,0.0,0.0,0.0,5,41.5,43.5,5,40.0,0.0,0.0,0.0,0.0,0.0,5
2023-05-11 09:08:42,c2401-P-2340,c2401-P-2340,40.0,0.0,0.0,0.0,10,41.5,43.5,5,40.0,0.0,0.0,0.0,0.0,0.0,5
2023-05-11 09:08:42,c2401-P-2340,c2401-P-2340,40.0,0.0,0.0,0.0,10,41.5,44.0,5,40.0,0.0,0.0,0.0,0.0,0.0,5
2023-05-11 09:08:47,c2401-P-2340,c2401-P-2340,40.0,0.0,0.0,0.0,15,41.5,44.0,10,40.0,0.0,0.0,0.0,0.0,0.0,5
2023-05-11 09:08:50,c2401-P-2340,c2401-P-2340,40.0,0.0,0.0,0.0,10,41.5,44.0,10,40.0,0.0,0.0,0.0,0.0,0.0,5
2023-05-11 09:08:52,c2401-P-2340,c2401-P-2340,40.0,0.0,0.0,0.0,10,41.5,44.0,5,40.0,0.0,0.0,0.0,0.0,0.0,5
2023-05-11 09:08:53,c2401-P-2340,c2401-P-2340,40.0,0.0,0.0,0.0,5,41.5,44.0,5,40.0,0.0,0.0,0.0,0.0,0.0,5
2023-05-11 09:08:58,c2401-P-2340,c2401-P-2340,40.0,0.0,0.0,0.0,5,40.0,45.5,5,40.0,0.0,0.0,0.0,0.0,0.0,5
2023-05-11 09:09:00,c2401-P-2340,c2401-P-2340,40.0,0.0,0.0,0.0,10,2.5,0.0,0,40.0,0.0,0.0,0.0,0.0,0.0,5
2023-05-11 09:09:01,c2401-P-2340,c2401-P-2340,40.0,0.0,0.0,0.0,2,10.5,0.0,0,40.0,0.0,0.0,0.0,0.0,0.0,5
2023-05-11 09:09:01,c2401-P-2340,c2401-P-2340,40.0,0.0,0.0,0.0,10,11.0,0.0,0,40.0,0.0,0.0,0.0,0.0,0.0,5
2023-05-11 09:09:02,c2401-P-2340,c2401-P-2340,40.0,0.0,0.0,0.0,2,15.0,0.0,0,40.0,0.0,0.0,0.0,0.0,0.0,5
2023-05-11 09:09:02,c2401-P-2340,c2401-P-2340,40.0,0.0,0.0,0.0,10,15.5,0.0,0,40.0,0.0,0.0,0.0,0.0,0.0,5
2023-05-11 09:09:13,c2401-P-2340,c2401-P-2340,40.0,0.0,0.0,0.0,2,16.0,0.0,0,40.0,0.0,0.0,0.0,0.0,0.0,5
2023-05-11 09:09:13,c2401-P-2340,c2401-P-2340,40.0,0.0,0.0,0.0,10,16.5,0.0,0,40.0,0.0,0.0,0.0,0.0,0.0,5
2023-05-11 09:09:24,c2401-P-2340,c2401-P-2340,40.0,0.0,0.0,0.0,2,17.0,0.0,0,40.0,0.0,0.0,0.0,0.0,0.0,5
2023-05-11 09:09:24,c2401-P-2340,c2401-P-2340,40.0,0.0,0.0,0.0,10,17.5,0.0,0,40.0,0.0,0.0,0.0,0.0,0.0,5
2023-05-11 09:09:25,c2401-P-2340,c2401-P-2340,40.0,0.0,0.0,0.0,2,18.0,0.0,0,40.0,0.0,0.0,0.0,0.0,0.0,5
2023-05-11 09:09:25,c2401-P-2340,c2401-P-2340,40.0,0.0,0.0,0.0,10,18.5,0.0,0,40.0,0.0,0.0,0.0,0.0,0.0,5
2023-05-11 09:09:27,c2401-P-2340,c2401-P-2340,40.0,0.0,0.0,0.0,2,19.0,0.0,0,40.0,0.0,0.0,0.0,0.0,0.0,5
2023-05-11 09:09:27,c2401-P-2340,c2401-P-2340,40.0,0.0,0.0,0.0,10,19.5,0.0,0,40.0,0.0,0.0,0.0,0.0,0.0,5
2023-05-11 10:09:28,c2401-P-2340,c2401-P-2340,40.0,0.0,0.0,0.0,10,19.5,165.5,10,40.0,0.0,0.0,0.0,0.0,0.0,5
2023-05-11 10:14:32,c2401-P-2340,c2401-P-2340,40.0,0.0,0.0,0.0,1,2.0,0.0,0,40.0,0.0,0.0,0.0,0.0,0.0,5
2023-05-11 10:30:07,c2401-P-2340,c2401-P-2340,40.0,0.0,0.0,0.0,10,2.5,0.0,0,40.0,0.0,0.0,0.0,0.0,0.0,5
2023-05-11 10:30:36,c2401-P-2340,c2401-P-2340,40.0,0.0,0.0,0.0,2,3.0,0.0,0,40.0,0.0,0.0,0.0,0.0,0.0,5
2023-05-11 10:30:36,c2401-P-2340,c2401-P-2340,40.0,0.0,0.0,0.0,10,3.5,0.0,0,40.0,0.0,0.0,0.0,0.0,0.0,5
2023-05-11 10:35:04,c2401-P-2340,c2401-P-2340,40.0,0.0,0.0,0.0,2,7.5,0.0,0,40.0,0.0,0.0,0.0,0.0,0.0,5
2023-05-11 10:35:04,c2401-P-2340,c2401-P-2340,40.0,0.0,0.0,0.0,10,8.0,0.0,0,40.0,0.0,0.0,0.0,0.0,0.0,5
2023-05-11 10:35:06,c2401-P-2340,c2401-P-2340,40.0,0.0,0.0,0.0,2,8.5,0.0,0,40.0,0.0,0.0,0.0,0.0,0.0,5
2023-05-11 10:35:06,c2401-P-2340,c2401-P-2340,40.0,0.0,0.0,0.0,10,9.0,0.0,0,40.0,0.0,0.0,0.0,0.0,0.0,5
2023-05-11 10:35:08,c2401-P-2340,c2401-P-2340,40.0,0.0,0.0,0.0,2,9.5,0.0,0,40.0,0.0,0.0,0.0,0.0,0.0,5
2023-05-11 10:35:08,c2401-P-2340,c2401-P-2340,40.0,0.0,0.0,0.0,10,10.0,0.0,0,40.0,0.0,0.0,0.0,0.0,0.0,5
2023-05-11 10:35:10,c2401-P-2340,c2401-P-2340,40.0,0.0,0.0,0.0,2,10.5,0.0,0,40.0,0.0,0.0,0.0,0.0,0.0,5
2023-05-11 10:35:10,c2401-P-2340,c2401-P-2340,40.0,0.0,0.0,0.0,10,11.0,0.0,0,40.0,0.0,0.0,0.0,0.0,0.0,5
2023-05-11 10:35:12,c2401-P-2340,c2401-P-2340,40.0,0.0,0.0,0.0,2,11.5,0.0,0,40.0,0.0,0.0,0.0,0.0,0.0,5
2023-05-11 10:35:12,c2401-P-2340,c2401-P-2340,40.0,0.0,0.0,0.0,10,12.0,0.0,0,40.0,0.0,0.0,0.0,0.0,0.0,5
2023-05-11 10:35:14,c2401-P-2340,c2401-P-2340,40.0,0.0,0.0,0.0,2,12.5,0.0,0,40.0,0.0,0.0,0.0,0.0,0.0,5
2023-05-11 10:35:14,c2401-P-2340,c2401-P-2340,40.0,0.0,0.0,0.0,10,13.0,0.0,0,40.0,0.0,0.0,0.0,0.0,0.0,5
2023-05-11 10:35:16,c2401-P-2340,c2401-P-2340,40.0,0.0,0.0,0.0,2,13.5,0.0,0,40.0,0.0,0.0,0.0,0.0,0.0,5
2023-05-11 10:35:16,c2401-P-2340,c2401-P-2340,40.0,0.0,0.0,0.0,10,14.0,0.0,0,40.0,0.0,0.0,0.0,0.0,0.0,5
2023-05-11 10:35:17,c2401-P-2340,c2401-P-2340,40.0,0.0,0.0,0.0,2,14.5,0.0,0,40.0,0.0,0.0,0.0,0.0,0.0,5
2023-05-11 10:35:17,c2401-P-2340,c2401-P-2340,40.0,0.0,0.0,0.0,10,15.0,0.0,0,40.0,0.0,0.0,0.0,0.0,0.0,5
2023-05-11 11:16:00,c2401-P-2340,c2401-P-2340,40.0,0.0,0.0,0.0,2,19.0,0.0,0,40.0,0.0,0.0,0.0,0.0,0.0,5
2023-05-11 11:16:00,c2401-P-2340,c2401-P-2340,40.0,0.0,0.0,0.0,10,19.5,0.0,0,40.0,0.0,0.0,0.0,0.0,0.0,5
2023-05-11 11:16:01,c2401-P-2340,c2401-P-2340,40.0,0.0,0.0,0.0,2,20.0,0.0,0,40.0,0.0,0.0,0.0,0.0,0.0,5
2023-05-11 11:16:01,c2401-P-2340,c2401-P-2340,40.0,0.0,0.0,0.0,10,20.5,0.0,0,40.0,0.0,0.0,0.0,0.0,0.0,5
2023-05-11 11:16:02,c2401-P-2340,c2401-P-2340,40.0,0.0,0.0,0.0,2,21.0,0.0,0,40.0,0.0,0.0,0.0,0.0,0.0,5
2023-05-11 11:16:02,c2401-P-2340,c2401-P-2340,40.0,0.0,0.0,0.0,10,21.5,0.0,0,40.0,0.0,0.0,0.0,0.0,0.0,5
2023-05-11 11:16:03,c2401-P-2340,c2401-P-2340,40.0,0.0,0.0,0.0,2,22.0,0.0,0,40.0,0.0,0.0,0.0,0.0,0.0,5
2023-05-11 11:16:03,c2401-P-2340,c2401-P-2340,40.0,0.0,0.0,0.0,10,22.5,0.0,0,40.0,0.0,0.0,0.0,0.0,0.0,5
2023-05-11 11:16:04,c2401-P-2340,c2401-P-2340,40.0,0.0,0.0,0.0,2,23.0,0.0,0,40.0,0.0,0.0,0.0,0.0,0.0,5
2023-05-11 11:16:04,c2401-P-2340,c2401-P-2340,40.0,0.0,0.0,0.0,10,23.5,0.0,0,40.0,0.0,0.0,0.0,0.0,0.0,5
2023-05-11 11:18:43,c2401-P-2340,c2401-P-2340,40.0,0.0,0.0,0.0,2,24.0,0.0,0,40.0,0.0,0.0,0.0,0.0,0.0,5
2023-05-11 11:18:44,c2401-P-2340,c2401-P-2340,40.0,0.0,0.0,0.0,10,24.5,0.0,0,40.0,0.0,0.0,0.0,0.0,0.0,5
2023-05-11 11:29:33,c2401-P-2340,c2401-P-2340,40.0,0.0,0.0,0.0,7,0.5,0.0,0,40.0,0.0,0.0,0.0,0.0,0.0,5
2023-05-11 13:30:02,c2401-P-2340,c2401-P-2340,40.0,0.0,0.0,0.0,10,1.0,0.0,0,40.0,0.0,0.0,0.0,0.0,0.0,5
2023-05-11 13:30:38,c2401-P-2340,c2401-P-2340,40.0,0.0,0.0,0.0,1,1.5,0.0,0,40.0,0.0,0.0,0.0,0.0,0.0,5
2023-05-11 13:30:38,c2401-P-2340,c2401-P-2340,40.0,0.0,0.0,0.0,10,2.0,0.0,0,40.0,0.0,0.0,0.0,0.0,0.0,5
2023-05-11 13:31:35,c2401-P-2340,c2401-P-2340,40.0,0.0,0.0,0.0,2,2.5,0.0,0,40.0,0.0,0.0,0.0,0.0,0.0,5
2023-05-11 13:31:35,c2401-P-2340,c2401-P-2340,40.0,0.0,0.0,0.0,10,3.0,0.0,0,40.0,0.0,0.0,0.0,0.0,0.0,5
2023-05-11 13:44:41,c2401-P-2340,c2401-P-2340,40.0,0.0,0.0,0.0,2,11.0,0.0,0,40.0,0.0,0.0,0.0,0.0,0.0,5
2023-05-11 13:44:41,c2401-P-2340,c2401-P-2340,40.0,0.0,0.0,0.0,10,11.5,0.0,0,40.0,0.0,0.0,0.0,0.0,0.0,5
2023-05-11 13:44:45,c2401-P-2340,c2401-P-2340,40.0,0.0,0.0,0.0,2,15.5,0.0,0,40.0,0.0,0.0,0.0,0.0,0.0,5
2023-05-11 13:44:45,c2401-P-2340,c2401-P-2340,40.0,0.0,0.0,0.0,10,16.0,0.0,0,40.0,0.0,0.0,0.0,0.0,0.0,5
2023-05-11 13:44:48,c2401-P-2340,c2401-P-2340,40.0,0.0,0.0,0.0,2,20.0,0.0,0,40.0,0.0,0.0,0.0,0.0,0.0,5
2023-05-11 13:44:48,c2401-P-2340,c2401-P-2340,40.0,0.0,0.0,0.0,10,20.5,0.0,0,40.0,0.0,0.0,0.0,0.0,0.0,5
2023-05-11 13:44:52,c2401-P-2340,c2401-P-2340,40.0,0.0,0.0,0.0,2,21.0,0.0,0,40.0,0.0,0.0,0.0,0.0,0.0,5
2023-05-11 13:44:52,c2401-P-2340,c2401-P-2340,40.0,0.0,0.0,0.0,10,21.5,0.0,0,40.0,0.0,0.0,0.0,0.0,0.0,5
2023-05-11 13:44:54,c2401-P-2340,c2401-P-2340,40.0,0.0,0.0,0.0,2,22.0,0.0,0,40.0,0.0,0.0,0.0,0.0,0.0,5
2023-05-11 13:44:54,c2401-P-2340,c2401-P-2340,40.0,0.0,0.0,0.0,10,22.5,0.0,0,40.0,0.0,0.0,0.0,0.0,0.0,5
2023-05-11 13:44:55,c2401-P-2340,c2401-P-2340,40.0,0.0,0.0,0.0,2,23.0,0.0,0,40.0,0.0,0.0,0.0,0.0,0.0,5
2023-05-11 13:44:55,c2401-P-2340,c2401-P-2340,40.0,0.0,0.0,0.0,10,23.5,0.0,0,40.0,0.0,0.0,0.0,0.0,0.0,5
2023-05-11 14:00:17,c2401-P-2340,c2401-P-2340,40.0,0.0,0.0,0.0,5,42.0,48.5,5,40.0,0.0,0.0,0.0,0.0,0.0,5
2023-05-11 14:00:25,c2401-P-2340,c2401-P-2340,40.0,0.0,0.0,0.0,5,44.5,48.5,5,40.0,0.0,0.0,0.0,0.0,0.0,5
2023-05-11 14:00:28,c2401-P-2340,c2401-P-2340,40.0,0.0,0.0,0.0,10,44.5,48.5,5,40.0,0.0,0.0,0.0,0.0,0.0,5
2023-05-11 14:00:29,c2401-P-2340,c2401-P-2340,40.0,0.0,0.0,0.0,10,44.5,48.0,5,40.0,0.0,0.0,0.0,0.0,0.0,5
2023-05-11 14:00:34,c2401-P-2340,c2401-P-2340,40.0,0.0,0.0,0.0,15,44.5,48.0,10,40.0,0.0,0.0,0.0,0.0,0.0,5
2023-05-11 14:00:36,c2401-P-2340,c2401-P-2340,40.0,0.0,0.0,0.0,10,44.5,48.0,10,40.0,0.0,0.0,0.0,0.0,0.0,5
2023-05-11 14:00:39,c2401-P-2340,c2401-P-2340,40.0,0.0,0.0,0.0,5,44.5,48.0,10,40.0,0.0,0.0,0.0,0.0,0.0,5
2023-05-11 14:00:41,c2401-P-2340,c2401-P-2340,40.0,0.0,0.0,0.0,5,44.5,48.0,5,40.0,0.0,0.0,0.0,0.0,0.0,5
2023-05-11 14:00:44,c2401-P-2340,c2401-P-2340,40.0,0.0,0.0,0.0,5,43.0,49.5,5,40.0,0.0,0.0,0.0,0.0,0.0,5
2023-05-11 14:00:47,c2401-P-2340,c2401-P-2340,40.0,0.0,0.0,0.0,10,2.0,0.0,0,40.0,0.0,0.0,0.0,0.0,0.0,5
2023-05-11 14:00:49,c2401-P-2340,c2401-P-2340,40.0,0.0,0.0,0.0,2,2.5,0.0,0,40.0,0.0,0.0,0.0,0.0,0.0,5
2023-05-11 14:00:49,c2401-P-2340,c2401-P-2340,40.0,0.0,0.0,0.0,10,3.0,0.0,0,40.0,0.0,0.0,0.0,0.0,0.0,5
2023-05-11 14:01:01,c2401-P-2340,c2401-P-2340,40.0,0.0,0.0,0.0,2,11.0,0.0,0,40.0,0.0,0.0,0.0,0.0,0.0,5
2023-05-11 14:01:01,c2401-P-2340,c2401-P-2340,40.0,0.0,0.0,0.0,10,11.5,0.0,0,40.0,0.0,0.0,0.0,0.0,0.0,5
2023-05-11 14:01:10,c2401-P-2340,c2401-P-2340,40.0,0.0,0.0,0.0,2,15.5,0.0,0,40.0,0.0,0.0,0.0,0.0,0.0,5
2023-05-11 14:01:10,c2401-P-2340,c2401-P-2340,40.0,0.0,0.0,0.0,10,16.0,0.0,0,40.0,0.0,0.0,0.0,0.0,0.0,5
2023-05-11 14:01:17,c2401-P-2340,c2401-P-2340,40.0,0.0,0.0,0.0,2,20.0,0.0,0,40.0,0.0,0.0,0.0,0.0,0.0,5
2023-05-11 14:01:17,c2401-P-2340,c2401-P-2340,40.0,0.0,0.0,0.0,10,20.5,0.0,0,40.0,0.0,0.0,0.0,0.0,0.0,5
2023-05-11 14:01:22,c2401-P-2340,c2401-P-2340,40.0,0.0,0.0,0.0,2,21.0,0.0,0,40.0,0.0,0.0,0.0,0.0,0.0,5
2023-05-11 14:01:22,c2401-P-2340,c2401-P-2340,40.0,0.0,0.0,0.0,10,21.5,0.0,0,40.0,0.0,0.0,0.0,0.0,0.0,5
2023-05-11 14:01:26,c2401-P-2340,c2401-P-2340,40.0,0.0,0.0,0.0,2,22.0,0.0,0,40.0,0.0,0.0,0.0,0.0,0.0,5
2023-05-11 14:01:26,c2401-P-2340,c2401-P-2340,40.0,0.0,0.0,0.0,10,22.5,0.0,0,40.0,0.0,0.0,0.0,0.0,0.0,5
2023-05-11 14:01:27,c2401-P-2340,c2401-P-2340,40.0,0.0,0.0,0.0,2,23.0,0.0,0,40.0,0.0,0.0,0.0,0.0,0.0,5
2023-05-11 14:01:27,c2401-P-2340,c2401-P-2340,40.0,0.0,0.0,0.0,10,23.5,0.0,0,40.0,0.0,0.0,0.0,0.0,0.0,5
2023-05-11 14:59:02,c2401-P-2340,c2401-P-2340,40.0,0.0,0.0,0.0,1,1.5,0.0,0,40.0,0.0,0.0,0.0,0.0,0.0,5
2023-05-11 14:59:04,c2401-P-2340,c2401-P-2340,40.0,0.0,0.0,0.0,2,9.5,0.0,0,40.0,0.0,0.0,0.0,0.0,0.0,5
2023-05-11 14:59:05,c2401-P-2340,c2401-P-2340,40.0,0.0,0.0,0.0,10,10.0,0.0,0,40.0,0.0,0.0,0.0,0.0,0.0,5
2023-05-11 14:59:10,c2401-P-2340,c2401-P-2340,40.0,0.0,0.0,0.0,2,9.5,0.0,0,40.0,0.0,0.0,0.0,0.0,0.0,5
2023-05-11 15:01:10,c2401-P-2340,c2401-P-2340,40.0,0.0,0.0,0.0,2,9.5,0.0,0,40.0,0.0,0.0,0.0,0.0,0.0,5
