time,symbol_id,symbol_name,last,trade_volume,trade_amount,open_interest_change,bv1,bp1,ap1,av1,yesterday_close,today_open,today_high,today_low,volume,amount,open_interest
2023-05-10 20:56:49,c2401-P-2520,c2401-P-2520,115.5,0.0,0.0,0.0,1,1.5,0.0,0,115.5,0.0,0.0,0.0,0.0,0.0,5
2023-05-10 21:00:41,c2401-P-2520,c2401-P-2520,115.5,0.0,0.0,0.0,1,2.0,0.0,0,115.5,0.0,0.0,0.0,0.0,0.0,5
2023-05-10 21:00:46,c2401-P-2520,c2401-P-2520,115.5,0.0,0.0,0.0,1,2.5,0.0,0,115.5,0.0,0.0,0.0,0.0,0.0,5
2023-05-10 21:00:48,c2401-P-2520,c2401-P-2520,115.5,0.0,0.0,0.0,1,3.0,0.0,0,115.5,0.0,0.0,0.0,0.0,0.0,5
2023-05-10 21:00:52,c2401-P-2520,c2401-P-2520,115.5,0.0,0.0,0.0,1,31.5,0.0,0,115.5,0.0,0.0,0.0,0.0,0.0,5
2023-05-10 21:01:13,c2401-P-2520,c2401-P-2520,115.5,0.0,0.0,0.0,1,32.5,0.0,0,115.5,0.0,0.0,0.0,0.0,0.0,5
2023-05-10 21:03:04,c2401-P-2520,c2401-P-2520,115.5,0.0,0.0,0.0,2,40.5,0.0,0,115.5,0.0,0.0,0.0,0.0,0.0,5
2023-05-10 21:30:46,c2401-P-2520,c2401-P-2520,115.5,0.0,0.0,0.0,1,41.0,0.0,0,115.5,0.0,0.0,0.0,0.0,0.0,5
2023-05-10 21:30:48,c2401-P-2520,c2401-P-2520,115.5,0.0,0.0,0.0,2,45.0,0.0,0,115.5,0.0,0.0,0.0,0.0,0.0,5
2023-05-10 21:35:28,c2401-P-2520,c2401-P-2520,115.5,0.0,0.0,0.0,5,120.0,132.0,5,115.5,0.0,0.0,0.0,0.0,0.0,5
2023-05-10 21:35:29,c2401-P-2520,c2401-P-2520,115.5,0.0,0.0,0.0,10,120.0,132.0,10,115.5,0.0,0.0,0.0,0.0,0.0,5
2023-05-10 21:35:38,c2401-P-2520,c2401-P-2520,115.5,0.0,0.0,0.0,10,120.0,132.0,15,115.5,0.0,0.0,0.0,0.0,0.0,5
2023-05-10 21:35:38,c2401-P-2520,c2401-P-2520,115.5,0.0,0.0,0.0,15,120.0,132.0,20,115.5,0.0,0.0,0.0,0.0,0.0,5
2023-05-10 21:35:39,c2401-P-2520,c2401-P-2520,115.5,0.0,0.0,0.0,15,120.0,129.0,5,115.5,0.0,0.0,0.0,0.0,0.0,5
2023-05-10 21:35:40,c2401-P-2520,c2401-P-2520,115.5,0.0,0.0,0.0,10,120.0,129.0,5,115.5,0.0,0.0,0.0,0.0,0.0,5
2023-05-10 21:35:41,c2401-P-2520,c2401-P-2520,115.5,0.0,0.0,0.0,5,120.0,129.0,5,115.5,0.0,0.0,0.0,0.0,0.0,5
2023-05-10 21:35:45,c2401-P-2520,c2401-P-2520,115.5,0.0,0.0,0.0,10,120.0,129.0,10,115.5,0.0,0.0,0.0,0.0,0.0,5
2023-05-10 21:35:50,c2401-P-2520,c2401-P-2520,115.5,0.0,0.0,0.0,10,120.0,129.0,5,115.5,0.0,0.0,0.0,0.0,0.0,5
2023-05-10 21:35:50,c2401-P-2520,c2401-P-2520,115.5,0.0,0.0,0.0,5,120.0,129.0,5,115.5,0.0,0.0,0.0,0.0,0.0,5
2023-05-10 21:35:56,c2401-P-2520,c2401-P-2520,115.5,0.0,0.0,0.0,5,119.0,130.0,5,115.5,0.0,0.0,0.0,0.0,0.0,5
2023-05-10 21:35:58,c2401-P-2520,c2401-P-2520,115.5,0.0,0.0,0.0,1,41.0,0.0,0,115.5,0.0,0.0,0.0,0.0,0.0,5
2023-05-10 21:35:59,c2401-P-2520,c2401-P-2520,115.5,0.0,0.0,0.0,2,45.0,0.0,0,115.5,0.0,0.0,0.0,0.0,0.0,5
2023-05-10 22:00:47,c2401-P-2520,c2401-P-2520,115.5,0.0,0.0,0.0,1,45.5,0.0,0,115.5,0.0,0.0,0.0,0.0,0.0,5
2023-05-10 22:00:49,c2401-P-2520,c2401-P-2520,115.5,0.0,0.0,0.0,2,53.5,0.0,0,115.5,0.0,0.0,0.0,0.0,0.0,5
2023-05-10 22:41:57,c2401-P-2520,c2401-P-2520,115.5,0.0,0.0,0.0,1,54.0,0.0,0,115.5,0.0,0.0,0.0,0.0,0.0,5
2023-05-10 22:41:58,c2401-P-2520,c2401-P-2520,115.5,0.0,0.0,0.0,2,62.0,0.0,0,115.5,0.0,0.0,0.0,0.0,0.0,5
2023-05-10 22:56:12,c2401-P-2520,c2401-P-2520,115.5,0.0,0.0,0.0,1,54.0,0.0,0,115.5,0.0,0.0,0.0,0.0,0.0,5
2023-05-10 22:56:12,c2401-P-2520,c2401-P-2520,115.5,0.0,0.0,0.0,2,54.5,0.0,0,115.5,0.0,0.0,0.0,0.0,0.0,5
2023-05-10 22:57:21,c2401-P-2520,c2401-P-2520,115.5,0.0,0.0,0.0,1,54.0,0.0,0,115.5,0.0,0.0,0.0,0.0,0.0,5
2023-05-10 22:57:37,c2401-P-2520,c2401-P-2520,115.5,0.0,0.0,0.0,1,32.5,0.0,0,115.5,0.0,0.0,0.0,0.0,0.0,5
2023-05-10 22:58:11,c2401-P-2520,c2401-P-2520,115.5,0.0,0.0,0.0,1,31.5,0.0,0,115.5,0.0,0.0,0.0,0.0,0.0,5
2023-05-10 22:59:06,c2401-P-2520,c2401-P-2520,115.5,0.0,0.0,0.0,1,3.5,0.0,0,115.5,0.0,0.0,0.0,0.0,0.0,5
2023-05-10 22:59:07,c2401-P-2520,c2401-P-2520,115.5,0.0,0.0,0.0,1,4.0,0.0,0,115.5,0.0,0.0,0.0,0.0,0.0,5
2023-05-10 22:59:34,c2401-P-2520,c2401-P-2520,115.5,0.0,0.0,0.0,1,3.5,0.0,0,115.5,0.0,0.0,0.0,0.0,0.0,5
2023-05-11 09:00:09,c2401-P-2520,c2401-P-2520,115.5,0.0,0.0,0.0,1,4.0,0.0,0,115.5,0.0,0.0,0.0,0.0,0.0,5
2023-05-11 09:00:50,c2401-P-2520,c2401-P-2520,115.5,0.0,0.0,0.0,1,41.5,0.0,0,115.5,0.0,0.0,0.0,0.0,0.0,5
2023-05-11 09:02:02,c2401-P-2520,c2401-P-2520,115.5,0.0,0.0,0.0,1,42.0,0.0,0,115.5,0.0,0.0,0.0,0.0,0.0,5
2023-05-11 09:02:07,c2401-P-2520,c2401-P-2520,115.5,0.0,0.0,0.0,2,50.0,0.0,0,115.5,0.0,0.0,0.0,0.0,0.0,5
2023-05-11 09:46:17,c2401-P-2520,c2401-P-2520,115.5,0.0,0.0,0.0,1,50.5,0.0,0,115.5,0.0,0.0,0.0,0.0,0.0,5
2023-05-11 09:46:19,c2401-P-2520,c2401-P-2520,115.5,0.0,0.0,0.0,2,58.5,0.0,0,115.5,0.0,0.0,0.0,0.0,0.0,5
2023-05-11 10:02:24,c2401-P-2520,c2401-P-2520,115.5,0.0,0.0,0.0,5,123.5,135.5,5,115.5,0.0,0.0,0.0,0.0,0.0,5
2023-05-11 10:02:25,c2401-P-2520,c2401-P-2520,115.5,0.0,0.0,0.0,10,123.5,135.5,10,115.5,0.0,0.0,0.0,0.0,0.0,5
2023-05-11 10:02:33,c2401-P-2520,c2401-P-2520,115.5,0.0,0.0,0.0,5,124.5,135.5,10,115.5,0.0,0.0,0.0,0.0,0.0,5
2023-05-11 10:02:35,c2401-P-2520,c2401-P-2520,115.5,0.0,0.0,0.0,5,124.5,135.5,15,115.5,0.0,0.0,0.0,0.0,0.0,5
2023-05-11 10:02:36,c2401-P-2520,c2401-P-2520,115.5,0.0,0.0,0.0,5,125.5,135.5,15,115.5,0.0,0.0,0.0,0.0,0.0,5
2023-05-11 10:02:36,c2401-P-2520,c2401-P-2520,115.5,0.0,0.0,0.0,5,125.5,135.5,10,115.5,0.0,0.0,0.0,0.0,0.0,5
2023-05-11 10:02:37,c2401-P-2520,c2401-P-2520,115.5,0.0,0.0,0.0,5,125.5,131.5,5,115.5,0.0,0.0,0.0,0.0,0.0,5
2023-05-11 10:02:41,c2401-P-2520,c2401-P-2520,115.5,0.0,0.0,0.0,10,125.5,131.5,10,115.5,0.0,0.0,0.0,0.0,0.0,5
2023-05-11 10:02:47,c2401-P-2520,c2401-P-2520,115.5,0.0,0.0,0.0,5,125.5,131.5,10,115.5,0.0,0.0,0.0,0.0,0.0,5
2023-05-11 10:02:49,c2401-P-2520,c2401-P-2520,115.5,0.0,0.0,0.0,5,125.5,131.5,5,115.5,0.0,0.0,0.0,0.0,0.0,5
2023-05-11 10:02:52,c2401-P-2520,c2401-P-2520,115.5,0.0,0.0,0.0,5,122.5,134.5,5,115.5,0.0,0.0,0.0,0.0,0.0,5
2023-05-11 10:02:54,c2401-P-2520,c2401-P-2520,115.5,0.0,0.0,0.0,1,50.5,0.0,0,115.5,0.0,0.0,0.0,0.0,0.0,5
2023-05-11 10:02:55,c2401-P-2520,c2401-P-2520,115.5,0.0,0.0,0.0,2,58.5,0.0,0,115.5,0.0,0.0,0.0,0.0,0.0,5
2023-05-11 10:12:22,c2401-P-2520,c2401-P-2520,115.5,0.0,0.0,0.0,1,50.5,0.0,0,115.5,0.0,0.0,0.0,0.0,0.0,5
2023-05-11 10:30:30,c2401-P-2520,c2401-P-2520,115.5,0.0,0.0,0.0,2,58.5,0.0,0,115.5,0.0,0.0,0.0,0.0,0.0,5
2023-05-11 10:48:56,c2401-P-2520,c2401-P-2520,115.5,0.0,0.0,0.0,1,59.0,0.0,0,115.5,0.0,0.0,0.0,0.0,0.0,5
2023-05-11 10:48:57,c2401-P-2520,c2401-P-2520,115.5,0.0,0.0,0.0,2,67.0,0.0,0,115.5,0.0,0.0,0.0,0.0,0.0,5
2023-05-11 11:22:43,c2401-P-2520,c2401-P-2520,115.5,0.0,0.0,0.0,1,67.5,0.0,0,115.5,0.0,0.0,0.0,0.0,0.0,5
2023-05-11 11:22:43,c2401-P-2520,c2401-P-2520,115.5,0.0,0.0,0.0,2,71.5,0.0,0,115.5,0.0,0.0,0.0,0.0,0.0,5
2023-05-11 11:27:18,c2401-P-2520,c2401-P-2520,115.5,0.0,0.0,0.0,1,67.5,0.0,0,115.5,0.0,0.0,0.0,0.0,0.0,5
2023-05-11 11:29:19,c2401-P-2520,c2401-P-2520,115.5,0.0,0.0,0.0,1,41.5,0.0,0,115.5,0.0,0.0,0.0,0.0,0.0,5
2023-05-11 13:30:38,c2401-P-2520,c2401-P-2520,115.5,0.0,0.0,0.0,1,42.0,0.0,0,115.5,0.0,0.0,0.0,0.0,0.0,5
2023-05-11 13:31:17,c2401-P-2520,c2401-P-2520,115.5,0.0,0.0,0.0,2,50.0,0.0,0,115.5,0.0,0.0,0.0,0.0,0.0,5
2023-05-11 14:00:17,c2401-P-2520,c2401-P-2520,115.5,0.0,0.0,0.0,5,124.5,136.5,5,115.5,0.0,0.0,0.0,0.0,0.0,5
2023-05-11 14:00:18,c2401-P-2520,c2401-P-2520,115.5,0.0,0.0,0.0,10,124.5,136.5,10,115.5,0.0,0.0,0.0,0.0,0.0,5
2023-05-11 14:00:25,c2401-P-2520,c2401-P-2520,115.5,0.0,0.0,0.0,5,125.0,136.5,10,115.5,0.0,0.0,0.0,0.0,0.0,5
2023-05-11 14:00:27,c2401-P-2520,c2401-P-2520,115.5,0.0,0.0,0.0,5,125.0,136.5,20,115.5,0.0,0.0,0.0,0.0,0.0,5
2023-05-11 14:00:28,c2401-P-2520,c2401-P-2520,115.5,0.0,0.0,0.0,5,126.0,136.5,20,115.5,0.0,0.0,0.0,0.0,0.0,5
2023-05-11 14:00:29,c2401-P-2520,c2401-P-2520,115.5,0.0,0.0,0.0,5,126.0,132.5,5,115.5,0.0,0.0,0.0,0.0,0.0,5
2023-05-11 14:00:34,c2401-P-2520,c2401-P-2520,115.5,0.0,0.0,0.0,10,126.0,132.5,10,115.5,0.0,0.0,0.0,0.0,0.0,5
2023-05-11 14:00:39,c2401-P-2520,c2401-P-2520,115.5,0.0,0.0,0.0,5,126.0,132.5,10,115.5,0.0,0.0,0.0,0.0,0.0,5
2023-05-11 14:00:41,c2401-P-2520,c2401-P-2520,115.5,0.0,0.0,0.0,5,126.0,132.5,5,115.5,0.0,0.0,0.0,0.0,0.0,5
2023-05-11 14:00:44,c2401-P-2520,c2401-P-2520,115.5,0.0,0.0,0.0,5,123.5,135.0,5,115.5,0.0,0.0,0.0,0.0,0.0,5
2023-05-11 14:00:47,c2401-P-2520,c2401-P-2520,115.5,0.0,0.0,0.0,1,42.0,0.0,0,115.5,0.0,0.0,0.0,0.0,0.0,5
2023-05-11 14:00:48,c2401-P-2520,c2401-P-2520,115.5,0.0,0.0,0.0,2,42.5,0.0,0,115.5,0.0,0.0,0.0,0.0,0.0,5
2023-05-11 14:02:17,c2401-P-2520,c2401-P-2520,115.5,0.0,0.0,0.0,1,43.0,0.0,0,115.5,0.0,0.0,0.0,0.0,0.0,5
2023-05-11 14:02:18,c2401-P-2520,c2401-P-2520,115.5,0.0,0.0,0.0,2,51.0,0.0,0,115.5,0.0,0.0,0.0,0.0,0.0,5
2023-05-11 14:35:56,c2401-P-2520,c2401-P-2520,115.5,0.0,0.0,0.0,1,51.5,0.0,0,115.5,0.0,0.0,0.0,0.0,0.0,5
2023-05-11 14:35:56,c2401-P-2520,c2401-P-2520,115.5,0.0,0.0,0.0,2,55.5,0.0,0,115.5,0.0,0.0,0.0,0.0,0.0,5
2023-05-11 15:01:10,c2401-P-2520,c2401-P-2520,115.5,0.0,0.0,0.0,2,55.5,0.0,0,115.5,0.0,0.0,0.0,0.0,0.0,5
