time,symbol_id,symbol_name,last,trade_volume,trade_amount,open_interest_change,bv1,bp1,ap1,av1,yesterday_close,today_open,today_high,today_low,volume,amount,open_interest
2023-05-10 20:56:49,c2401-P-2560,c2401-P-2560,140.0,0.0,0.0,0.0,1,12.5,0.0,0,140.0,0.0,0.0,0.0,0.0,0.0,6
2023-05-10 21:00:46,c2401-P-2560,c2401-P-2560,140.0,0.0,0.0,0.0,1,13.0,0.0,0,140.0,0.0,0.0,0.0,0.0,0.0,6
2023-05-10 21:00:52,c2401-P-2560,c2401-P-2560,140.0,0.0,0.0,0.0,1,47.5,0.0,0,140.0,0.0,0.0,0.0,0.0,0.0,6
2023-05-10 21:01:13,c2401-P-2560,c2401-P-2560,140.0,0.0,0.0,0.0,1,48.0,0.0,0,140.0,0.0,0.0,0.0,0.0,0.0,6
2023-05-10 21:03:03,c2401-P-2560,c2401-P-2560,140.0,0.0,0.0,0.0,2,48.5,0.0,0,140.0,0.0,0.0,0.0,0.0,0.0,6
2023-05-10 21:30:46,c2401-P-2560,c2401-P-2560,140.0,0.0,0.0,0.0,1,49.0,0.0,0,140.0,0.0,0.0,0.0,0.0,0.0,6
2023-05-10 21:30:47,c2401-P-2560,c2401-P-2560,140.0,0.0,0.0,0.0,2,49.5,0.0,0,140.0,0.0,0.0,0.0,0.0,0.0,6
2023-05-10 22:00:47,c2401-P-2560,c2401-P-2560,140.0,0.0,0.0,0.0,1,50.0,0.0,0,140.0,0.0,0.0,0.0,0.0,0.0,6
2023-05-10 22:00:48,c2401-P-2560,c2401-P-2560,140.0,0.0,0.0,0.0,2,58.0,0.0,0,140.0,0.0,0.0,0.0,0.0,0.0,6
2023-05-10 22:42:03,c2401-P-2560,c2401-P-2560,140.0,0.0,0.0,0.0,1,58.5,0.0,0,140.0,0.0,0.0,0.0,0.0,0.0,6
2023-05-10 22:42:05,c2401-P-2560,c2401-P-2560,140.0,0.0,0.0,0.0,2,62.5,0.0,0,140.0,0.0,0.0,0.0,0.0,0.0,6
2023-05-10 22:56:12,c2401-P-2560,c2401-P-2560,140.0,0.0,0.0,0.0,1,58.5,0.0,0,140.0,0.0,0.0,0.0,0.0,0.0,6
2023-05-10 22:56:51,c2401-P-2560,c2401-P-2560,140.0,0.0,0.0,0.0,2,66.5,0.0,0,140.0,0.0,0.0,0.0,0.0,0.0,6
2023-05-10 22:57:21,c2401-P-2560,c2401-P-2560,140.0,0.0,0.0,0.0,1,58.5,0.0,0,140.0,0.0,0.0,0.0,0.0,0.0,6
2023-05-11 09:00:50,c2401-P-2560,c2401-P-2560,140.0,0.0,0.0,0.0,1,59.0,0.0,0,140.0,0.0,0.0,0.0,0.0,0.0,6
2023-05-11 09:02:02,c2401-P-2560,c2401-P-2560,140.0,0.0,0.0,0.0,1,59.5,0.0,0,140.0,0.0,0.0,0.0,0.0,0.0,6
2023-05-11 09:02:07,c2401-P-2560,c2401-P-2560,140.0,0.0,0.0,0.0,2,67.5,0.0,0,140.0,0.0,0.0,0.0,0.0,0.0,6
2023-05-11 09:46:17,c2401-P-2560,c2401-P-2560,140.0,0.0,0.0,0.0,1,68.0,0.0,0,140.0,0.0,0.0,0.0,0.0,0.0,6
2023-05-11 09:46:18,c2401-P-2560,c2401-P-2560,140.0,0.0,0.0,0.0,2,72.0,0.0,0,140.0,0.0,0.0,0.0,0.0,0.0,6
2023-05-11 10:12:22,c2401-P-2560,c2401-P-2560,140.0,0.0,0.0,0.0,1,68.0,0.0,0,140.0,0.0,0.0,0.0,0.0,0.0,6
2023-05-11 10:30:29,c2401-P-2560,c2401-P-2560,140.0,0.0,0.0,0.0,2,68.5,0.0,0,140.0,0.0,0.0,0.0,0.0,0.0,6
2023-05-11 10:53:56,c2401-P-2560,c2401-P-2560,140.0,0.0,0.0,0.0,1,69.0,0.0,0,140.0,0.0,0.0,0.0,0.0,0.0,6
2023-05-11 10:53:57,c2401-P-2560,c2401-P-2560,140.0,0.0,0.0,0.0,2,69.5,0.0,0,140.0,0.0,0.0,0.0,0.0,0.0,6
2023-05-11 11:27:18,c2401-P-2560,c2401-P-2560,140.0,0.0,0.0,0.0,1,69.0,0.0,0,140.0,0.0,0.0,0.0,0.0,0.0,6
2023-05-11 14:00:17,c2401-P-2560,c2401-P-2560,140.0,0.0,0.0,0.0,5,149.5,164.0,5,140.0,0.0,0.0,0.0,0.0,0.0,6
2023-05-11 14:00:18,c2401-P-2560,c2401-P-2560,140.0,0.0,0.0,0.0,10,149.5,164.0,10,140.0,0.0,0.0,0.0,0.0,0.0,6
2023-05-11 14:00:25,c2401-P-2560,c2401-P-2560,140.0,0.0,0.0,0.0,5,150.5,164.0,10,140.0,0.0,0.0,0.0,0.0,0.0,6
2023-05-11 14:00:27,c2401-P-2560,c2401-P-2560,140.0,0.0,0.0,0.0,5,150.5,164.0,15,140.0,0.0,0.0,0.0,0.0,0.0,6
2023-05-11 14:00:28,c2401-P-2560,c2401-P-2560,140.0,0.0,0.0,0.0,5,151.0,164.0,15,140.0,0.0,0.0,0.0,0.0,0.0,6
2023-05-11 14:00:29,c2401-P-2560,c2401-P-2560,140.0,0.0,0.0,0.0,5,151.0,160.5,5,140.0,0.0,0.0,0.0,0.0,0.0,6
2023-05-11 14:00:34,c2401-P-2560,c2401-P-2560,140.0,0.0,0.0,0.0,10,151.0,160.5,10,140.0,0.0,0.0,0.0,0.0,0.0,6
2023-05-11 14:00:39,c2401-P-2560,c2401-P-2560,140.0,0.0,0.0,0.0,5,151.0,160.5,10,140.0,0.0,0.0,0.0,0.0,0.0,6
2023-05-11 14:00:41,c2401-P-2560,c2401-P-2560,140.0,0.0,0.0,0.0,5,151.0,160.5,5,140.0,0.0,0.0,0.0,0.0,0.0,6
2023-05-11 14:00:44,c2401-P-2560,c2401-P-2560,140.0,0.0,0.0,0.0,5,148.5,163.0,5,140.0,0.0,0.0,0.0,0.0,0.0,6
2023-05-11 14:00:47,c2401-P-2560,c2401-P-2560,140.0,0.0,0.0,0.0,1,69.0,0.0,0,140.0,0.0,0.0,0.0,0.0,0.0,6
2023-05-11 15:01:10,c2401-P-2560,c2401-P-2560,140.0,0.0,0.0,0.0,1,69.0,0.0,0,140.0,0.0,0.0,0.0,0.0,0.0,6
