time,symbol_id,symbol_name,last,trade_volume,trade_amount,open_interest_change,bv1,bp1,ap1,av1,yesterday_close,today_open,today_high,today_low,volume,amount,open_interest
2023-05-10 20:58:06,c2401-P-2380,c2401-P-2380,51.5,0.0,0.0,0.0,3,1.5,0.0,0,51.5,0.0,0.0,0.0,0.0,0.0,61
2023-05-10 21:00:07,c2401-P-2380,c2401-P-2380,51.5,0.0,0.0,0.0,10,2.0,0.0,0,51.5,0.0,0.0,0.0,0.0,0.0,61
2023-05-10 21:00:47,c2401-P-2380,c2401-P-2380,51.5,0.0,0.0,0.0,1,2.5,0.0,0,51.5,0.0,0.0,0.0,0.0,0.0,61
2023-05-10 21:00:47,c2401-P-2380,c2401-P-2380,51.5,0.0,0.0,0.0,10,3.0,0.0,0,51.5,0.0,0.0,0.0,0.0,0.0,61
2023-05-10 21:03:05,c2401-P-2380,c2401-P-2380,51.5,0.0,0.0,0.0,2,7.0,0.0,0,51.5,0.0,0.0,0.0,0.0,0.0,61
2023-05-10 21:03:05,c2401-P-2380,c2401-P-2380,51.5,0.0,0.0,0.0,10,7.5,0.0,0,51.5,0.0,0.0,0.0,0.0,0.0,61
2023-05-10 21:08:15,c2401-P-2380,c2401-P-2380,51.5,0.0,0.0,0.0,2,11.5,0.0,0,51.5,0.0,0.0,0.0,0.0,0.0,61
2023-05-10 21:08:15,c2401-P-2380,c2401-P-2380,51.5,0.0,0.0,0.0,10,12.0,0.0,0,51.5,0.0,0.0,0.0,0.0,0.0,61
2023-05-10 21:08:48,c2401-P-2380,c2401-P-2380,51.5,0.0,0.0,0.0,2,12.5,0.0,0,51.5,0.0,0.0,0.0,0.0,0.0,61
2023-05-10 21:08:48,c2401-P-2380,c2401-P-2380,51.5,0.0,0.0,0.0,10,13.0,0.0,0,51.5,0.0,0.0,0.0,0.0,0.0,61
2023-05-10 21:08:51,c2401-P-2380,c2401-P-2380,51.5,0.0,0.0,0.0,2,13.5,0.0,0,51.5,0.0,0.0,0.0,0.0,0.0,61
2023-05-10 21:08:51,c2401-P-2380,c2401-P-2380,51.5,0.0,0.0,0.0,10,14.0,0.0,0,51.5,0.0,0.0,0.0,0.0,0.0,61
2023-05-10 21:08:54,c2401-P-2380,c2401-P-2380,51.5,0.0,0.0,0.0,2,14.5,0.0,0,51.5,0.0,0.0,0.0,0.0,0.0,61
2023-05-10 21:08:54,c2401-P-2380,c2401-P-2380,51.5,0.0,0.0,0.0,10,15.0,0.0,0,51.5,0.0,0.0,0.0,0.0,0.0,61
2023-05-10 21:14:39,c2401-P-2380,c2401-P-2380,51.5,0.0,0.0,0.0,2,23.0,0.0,0,51.5,0.0,0.0,0.0,0.0,0.0,61
2023-05-10 21:14:39,c2401-P-2380,c2401-P-2380,51.5,0.0,0.0,0.0,10,23.5,0.0,0,51.5,0.0,0.0,0.0,0.0,0.0,61
2023-05-10 21:16:31,c2401-P-2380,c2401-P-2380,51.5,0.0,0.0,0.0,2,27.5,0.0,0,51.5,0.0,0.0,0.0,0.0,0.0,61
2023-05-10 21:16:31,c2401-P-2380,c2401-P-2380,51.5,0.0,0.0,0.0,10,28.0,0.0,0,51.5,0.0,0.0,0.0,0.0,0.0,61
2023-05-10 21:16:35,c2401-P-2380,c2401-P-2380,51.5,0.0,0.0,0.0,2,28.5,0.0,0,51.5,0.0,0.0,0.0,0.0,0.0,61
2023-05-10 21:16:35,c2401-P-2380,c2401-P-2380,51.5,0.0,0.0,0.0,10,29.0,0.0,0,51.5,0.0,0.0,0.0,0.0,0.0,61
2023-05-10 21:16:38,c2401-P-2380,c2401-P-2380,51.5,0.0,0.0,0.0,2,29.5,0.0,0,51.5,0.0,0.0,0.0,0.0,0.0,61
2023-05-10 21:16:38,c2401-P-2380,c2401-P-2380,51.5,0.0,0.0,0.0,10,30.0,0.0,0,51.5,0.0,0.0,0.0,0.0,0.0,61
2023-05-10 21:16:41,c2401-P-2380,c2401-P-2380,51.5,0.0,0.0,0.0,2,30.5,0.0,0,51.5,0.0,0.0,0.0,0.0,0.0,61
2023-05-10 21:16:41,c2401-P-2380,c2401-P-2380,51.5,0.0,0.0,0.0,10,31.0,0.0,0,51.5,0.0,0.0,0.0,0.0,0.0,61
2023-05-10 21:16:45,c2401-P-2380,c2401-P-2380,51.5,0.0,0.0,0.0,2,31.5,0.0,0,51.5,0.0,0.0,0.0,0.0,0.0,61
2023-05-10 21:16:45,c2401-P-2380,c2401-P-2380,51.5,0.0,0.0,0.0,10,32.0,0.0,0,51.5,0.0,0.0,0.0,0.0,0.0,61
2023-05-10 21:28:58,c2401-P-2380,c2401-P-2380,51.5,0.0,0.0,0.0,2,32.5,0.0,0,51.5,0.0,0.0,0.0,0.0,0.0,61
2023-05-10 21:28:58,c2401-P-2380,c2401-P-2380,51.5,0.0,0.0,0.0,10,33.0,0.0,0,51.5,0.0,0.0,0.0,0.0,0.0,61
2023-05-10 21:29:14,c2401-P-2380,c2401-P-2380,51.5,0.0,0.0,0.0,2,33.5,0.0,0,51.5,0.0,0.0,0.0,0.0,0.0,61
2023-05-10 21:29:14,c2401-P-2380,c2401-P-2380,51.5,0.0,0.0,0.0,10,34.0,0.0,0,51.5,0.0,0.0,0.0,0.0,0.0,61
2023-05-10 21:45:46,c2401-P-2380,c2401-P-2380,51.5,0.0,0.0,0.0,1,52.0,0.0,0,51.5,0.0,0.0,0.0,0.0,0.0,61
2023-05-10 21:46:16,c2401-P-2380,c2401-P-2380,51.5,0.0,0.0,0.0,1,53.0,0.0,0,51.5,0.0,0.0,0.0,0.0,0.0,61
2023-05-10 21:47:13,c2401-P-2380,c2401-P-2380,51.5,0.0,0.0,0.0,1,55.0,0.0,0,51.5,0.0,0.0,0.0,0.0,0.0,61
2023-05-10 21:47:47,c2401-P-2380,c2401-P-2380,51.5,0.0,0.0,0.0,1,57.0,0.0,0,51.5,0.0,0.0,0.0,0.0,0.0,61
2023-05-10 21:48:41,c2401-P-2380,c2401-P-2380,51.5,0.0,0.0,0.0,1,2.5,0.0,0,51.5,0.0,0.0,0.0,0.0,0.0,61
2023-05-10 21:48:41,c2401-P-2380,c2401-P-2380,51.5,0.0,0.0,0.0,1,59.0,0.0,0,51.5,0.0,0.0,0.0,0.0,0.0,61
2023-05-10 21:48:53,c2401-P-2380,c2401-P-2380,51.5,0.0,0.0,0.0,1,60.0,0.0,0,51.5,0.0,0.0,0.0,0.0,0.0,61
2023-05-10 21:50:56,c2401-P-2380,c2401-P-2380,51.5,0.0,0.0,0.0,1,2.5,0.0,0,51.5,0.0,0.0,0.0,0.0,0.0,61
2023-05-10 21:50:56,c2401-P-2380,c2401-P-2380,51.5,0.0,0.0,0.0,2,10.5,0.0,0,51.5,0.0,0.0,0.0,0.0,0.0,61
2023-05-10 21:50:56,c2401-P-2380,c2401-P-2380,51.5,0.0,0.0,0.0,11,11.0,0.0,0,51.5,0.0,0.0,0.0,0.0,0.0,61
2023-05-10 21:50:57,c2401-P-2380,c2401-P-2380,51.5,0.0,0.0,0.0,2,19.0,0.0,0,51.5,0.0,0.0,0.0,0.0,0.0,61
2023-05-10 21:50:58,c2401-P-2380,c2401-P-2380,51.5,0.0,0.0,0.0,10,19.5,0.0,0,51.5,0.0,0.0,0.0,0.0,0.0,61
2023-05-10 21:50:58,c2401-P-2380,c2401-P-2380,51.5,0.0,0.0,0.0,2,23.5,0.0,0,51.5,0.0,0.0,0.0,0.0,0.0,61
2023-05-10 21:50:58,c2401-P-2380,c2401-P-2380,51.5,0.0,0.0,0.0,10,24.0,0.0,0,51.5,0.0,0.0,0.0,0.0,0.0,61
2023-05-10 21:50:59,c2401-P-2380,c2401-P-2380,51.5,0.0,0.0,0.0,2,28.0,0.0,0,51.5,0.0,0.0,0.0,0.0,0.0,61
2023-05-10 21:50:59,c2401-P-2380,c2401-P-2380,51.5,0.0,0.0,0.0,10,28.5,0.0,0,51.5,0.0,0.0,0.0,0.0,0.0,61
2023-05-10 21:51:00,c2401-P-2380,c2401-P-2380,51.5,0.0,0.0,0.0,2,29.0,0.0,0,51.5,0.0,0.0,0.0,0.0,0.0,61
2023-05-10 21:51:00,c2401-P-2380,c2401-P-2380,51.5,0.0,0.0,0.0,10,29.5,0.0,0,51.5,0.0,0.0,0.0,0.0,0.0,61
2023-05-10 21:51:01,c2401-P-2380,c2401-P-2380,51.5,0.0,0.0,0.0,2,30.0,0.0,0,51.5,0.0,0.0,0.0,0.0,0.0,61
2023-05-10 21:51:01,c2401-P-2380,c2401-P-2380,51.5,0.0,0.0,0.0,10,30.5,0.0,0,51.5,0.0,0.0,0.0,0.0,0.0,61
2023-05-10 21:51:02,c2401-P-2380,c2401-P-2380,51.5,0.0,0.0,0.0,2,31.0,0.0,0,51.5,0.0,0.0,0.0,0.0,0.0,61
2023-05-10 21:51:03,c2401-P-2380,c2401-P-2380,51.5,0.0,0.0,0.0,10,31.5,0.0,0,51.5,0.0,0.0,0.0,0.0,0.0,61
2023-05-10 21:51:03,c2401-P-2380,c2401-P-2380,51.5,0.0,0.0,0.0,2,32.0,0.0,0,51.5,0.0,0.0,0.0,0.0,0.0,61
2023-05-10 21:51:03,c2401-P-2380,c2401-P-2380,51.5,0.0,0.0,0.0,10,32.5,0.0,0,51.5,0.0,0.0,0.0,0.0,0.0,61
2023-05-10 22:29:28,c2401-P-2380,c2401-P-2380,51.5,0.0,0.0,0.0,2,33.0,0.0,0,51.5,0.0,0.0,0.0,0.0,0.0,61
2023-05-10 22:29:28,c2401-P-2380,c2401-P-2380,51.5,0.0,0.0,0.0,10,33.5,0.0,0,51.5,0.0,0.0,0.0,0.0,0.0,61
2023-05-10 22:29:29,c2401-P-2380,c2401-P-2380,51.5,0.0,0.0,0.0,2,34.0,0.0,0,51.5,0.0,0.0,0.0,0.0,0.0,61
2023-05-10 22:29:29,c2401-P-2380,c2401-P-2380,51.5,0.0,0.0,0.0,10,34.5,0.0,0,51.5,0.0,0.0,0.0,0.0,0.0,61
2023-05-10 22:29:30,c2401-P-2380,c2401-P-2380,51.5,0.0,0.0,0.0,2,35.0,0.0,0,51.5,0.0,0.0,0.0,0.0,0.0,61
2023-05-10 22:29:30,c2401-P-2380,c2401-P-2380,51.5,0.0,0.0,0.0,10,35.5,0.0,0,51.5,0.0,0.0,0.0,0.0,0.0,61
2023-05-10 22:29:33,c2401-P-2380,c2401-P-2380,51.5,0.0,0.0,0.0,2,36.0,0.0,0,51.5,0.0,0.0,0.0,0.0,0.0,61
2023-05-10 22:29:33,c2401-P-2380,c2401-P-2380,51.5,0.0,0.0,0.0,10,36.5,0.0,0,51.5,0.0,0.0,0.0,0.0,0.0,61
2023-05-10 22:29:34,c2401-P-2380,c2401-P-2380,51.5,0.0,0.0,0.0,2,37.0,0.0,0,51.5,0.0,0.0,0.0,0.0,0.0,61
2023-05-10 22:29:35,c2401-P-2380,c2401-P-2380,51.5,0.0,0.0,0.0,10,37.5,0.0,0,51.5,0.0,0.0,0.0,0.0,0.0,61
2023-05-10 22:29:35,c2401-P-2380,c2401-P-2380,51.5,0.0,0.0,0.0,2,38.0,0.0,0,51.5,0.0,0.0,0.0,0.0,0.0,61
2023-05-10 22:29:37,c2401-P-2380,c2401-P-2380,51.5,0.0,0.0,0.0,10,38.5,0.0,0,51.5,0.0,0.0,0.0,0.0,0.0,61
2023-05-10 22:29:38,c2401-P-2380,c2401-P-2380,51.5,0.0,0.0,0.0,2,42.5,0.0,0,51.5,0.0,0.0,0.0,0.0,0.0,61
2023-05-10 22:30:07,c2401-P-2380,c2401-P-2380,51.5,0.0,0.0,0.0,1,11.0,0.0,0,51.5,0.0,0.0,0.0,0.0,0.0,61
2023-05-10 22:30:07,c2401-P-2380,c2401-P-2380,51.5,0.0,0.0,0.0,2,19.0,0.0,0,51.5,0.0,0.0,0.0,0.0,0.0,61
2023-05-10 22:30:07,c2401-P-2380,c2401-P-2380,51.5,0.0,0.0,0.0,10,19.5,0.0,0,51.5,0.0,0.0,0.0,0.0,0.0,61
2023-05-10 22:30:08,c2401-P-2380,c2401-P-2380,51.5,0.0,0.0,0.0,2,23.5,0.0,0,51.5,0.0,0.0,0.0,0.0,0.0,61
2023-05-10 22:30:08,c2401-P-2380,c2401-P-2380,51.5,0.0,0.0,0.0,10,24.0,0.0,0,51.5,0.0,0.0,0.0,0.0,0.0,61
2023-05-10 22:30:10,c2401-P-2380,c2401-P-2380,51.5,0.0,0.0,0.0,2,24.5,0.0,0,51.5,0.0,0.0,0.0,0.0,0.0,61
2023-05-10 22:30:10,c2401-P-2380,c2401-P-2380,51.5,0.0,0.0,0.0,10,25.0,0.0,0,51.5,0.0,0.0,0.0,0.0,0.0,61
2023-05-10 22:30:11,c2401-P-2380,c2401-P-2380,51.5,0.0,0.0,0.0,2,25.5,0.0,0,51.5,0.0,0.0,0.0,0.0,0.0,61
2023-05-10 22:30:11,c2401-P-2380,c2401-P-2380,51.5,0.0,0.0,0.0,10,26.0,0.0,0,51.5,0.0,0.0,0.0,0.0,0.0,61
2023-05-10 22:57:33,c2401-P-2380,c2401-P-2380,51.5,0.0,0.0,0.0,1,11.0,0.0,0,51.5,0.0,0.0,0.0,0.0,0.0,61
2023-05-10 22:57:36,c2401-P-2380,c2401-P-2380,51.5,0.0,0.0,0.0,3,1.5,0.0,0,51.5,0.0,0.0,0.0,0.0,0.0,61
2023-05-10 22:59:16,c2401-P-2380,c2401-P-2380,51.5,0.0,0.0,0.0,10,2.0,0.0,0,51.5,0.0,0.0,0.0,0.0,0.0,61
2023-05-10 22:59:56,c2401-P-2380,c2401-P-2380,51.5,0.0,0.0,0.0,3,1.5,0.0,0,51.5,0.0,0.0,0.0,0.0,0.0,61
2023-05-11 09:00:04,c2401-P-2380,c2401-P-2380,51.5,0.0,0.0,0.0,10,2.0,0.0,0,51.5,0.0,0.0,0.0,0.0,0.0,61
2023-05-11 09:02:02,c2401-P-2380,c2401-P-2380,51.5,0.0,0.0,0.0,1,2.5,0.0,0,51.5,0.0,0.0,0.0,0.0,0.0,61
2023-05-11 09:02:02,c2401-P-2380,c2401-P-2380,51.5,0.0,0.0,0.0,10,3.0,0.0,0,51.5,0.0,0.0,0.0,0.0,0.0,61
2023-05-11 09:02:08,c2401-P-2380,c2401-P-2380,51.5,0.0,0.0,0.0,2,7.0,0.0,0,51.5,0.0,0.0,0.0,0.0,0.0,61
2023-05-11 09:02:08,c2401-P-2380,c2401-P-2380,51.5,0.0,0.0,0.0,10,7.5,0.0,0,51.5,0.0,0.0,0.0,0.0,0.0,61
2023-05-11 09:05:23,c2401-P-2380,c2401-P-2380,51.5,0.0,0.0,0.0,2,11.5,0.0,0,51.5,0.0,0.0,0.0,0.0,0.0,61
2023-05-11 09:05:23,c2401-P-2380,c2401-P-2380,51.5,0.0,0.0,0.0,10,12.0,0.0,0,51.5,0.0,0.0,0.0,0.0,0.0,61
2023-05-11 09:05:27,c2401-P-2380,c2401-P-2380,51.5,0.0,0.0,0.0,2,12.5,0.0,0,51.5,0.0,0.0,0.0,0.0,0.0,61
2023-05-11 09:05:27,c2401-P-2380,c2401-P-2380,51.5,0.0,0.0,0.0,10,13.0,0.0,0,51.5,0.0,0.0,0.0,0.0,0.0,61
2023-05-11 09:05:30,c2401-P-2380,c2401-P-2380,51.5,0.0,0.0,0.0,2,13.5,0.0,0,51.5,0.0,0.0,0.0,0.0,0.0,61
2023-05-11 09:05:30,c2401-P-2380,c2401-P-2380,51.5,0.0,0.0,0.0,10,14.0,0.0,0,51.5,0.0,0.0,0.0,0.0,0.0,61
2023-05-11 09:08:29,c2401-P-2380,c2401-P-2380,51.5,0.0,0.0,0.0,5,49.5,57.0,5,51.5,0.0,0.0,0.0,0.0,0.0,61
2023-05-11 09:08:37,c2401-P-2380,c2401-P-2380,51.5,0.0,0.0,0.0,5,53.5,57.0,5,51.5,0.0,0.0,0.0,0.0,0.0,61
2023-05-11 09:08:40,c2401-P-2380,c2401-P-2380,51.5,0.0,0.0,0.0,10,53.5,57.0,5,51.5,0.0,0.0,0.0,0.0,0.0,61
2023-05-11 09:08:41,c2401-P-2380,c2401-P-2380,51.5,0.0,0.0,0.0,10,53.5,57.5,5,51.5,0.0,0.0,0.0,0.0,0.0,61
2023-05-11 09:08:46,c2401-P-2380,c2401-P-2380,51.5,0.0,0.0,0.0,15,53.5,57.5,10,51.5,0.0,0.0,0.0,0.0,0.0,61
2023-05-11 09:08:48,c2401-P-2380,c2401-P-2380,51.5,0.0,0.0,0.0,10,53.5,57.5,10,51.5,0.0,0.0,0.0,0.0,0.0,61
2023-05-11 09:08:51,c2401-P-2380,c2401-P-2380,51.5,0.0,0.0,0.0,5,53.5,57.5,5,51.5,0.0,0.0,0.0,0.0,0.0,61
2023-05-11 09:08:56,c2401-P-2380,c2401-P-2380,51.5,0.0,0.0,0.0,5,51.5,59.5,5,51.5,0.0,0.0,0.0,0.0,0.0,61
2023-05-11 09:08:59,c2401-P-2380,c2401-P-2380,51.5,0.0,0.0,0.0,10,3.0,0.0,0,51.5,0.0,0.0,0.0,0.0,0.0,61
2023-05-11 09:08:59,c2401-P-2380,c2401-P-2380,51.5,0.0,0.0,0.0,2,11.0,0.0,0,51.5,0.0,0.0,0.0,0.0,0.0,61
2023-05-11 09:08:59,c2401-P-2380,c2401-P-2380,51.5,0.0,0.0,0.0,10,11.5,0.0,0,51.5,0.0,0.0,0.0,0.0,0.0,61
2023-05-11 09:09:01,c2401-P-2380,c2401-P-2380,51.5,0.0,0.0,0.0,2,19.5,0.0,0,51.5,0.0,0.0,0.0,0.0,0.0,61
2023-05-11 09:09:01,c2401-P-2380,c2401-P-2380,51.5,0.0,0.0,0.0,10,20.0,0.0,0,51.5,0.0,0.0,0.0,0.0,0.0,61
2023-05-11 09:09:03,c2401-P-2380,c2401-P-2380,51.5,0.0,0.0,0.0,2,20.5,0.0,0,51.5,0.0,0.0,0.0,0.0,0.0,61
2023-05-11 09:09:03,c2401-P-2380,c2401-P-2380,51.5,0.0,0.0,0.0,10,21.0,0.0,0,51.5,0.0,0.0,0.0,0.0,0.0,61
2023-05-11 09:09:04,c2401-P-2380,c2401-P-2380,51.5,0.0,0.0,0.0,2,21.5,0.0,0,51.5,0.0,0.0,0.0,0.0,0.0,61
2023-05-11 09:09:04,c2401-P-2380,c2401-P-2380,51.5,0.0,0.0,0.0,10,22.0,0.0,0,51.5,0.0,0.0,0.0,0.0,0.0,61
2023-05-11 09:09:06,c2401-P-2380,c2401-P-2380,51.5,0.0,0.0,0.0,2,22.5,0.0,0,51.5,0.0,0.0,0.0,0.0,0.0,61
2023-05-11 09:09:06,c2401-P-2380,c2401-P-2380,51.5,0.0,0.0,0.0,10,23.0,0.0,0,51.5,0.0,0.0,0.0,0.0,0.0,61
2023-05-11 10:14:32,c2401-P-2380,c2401-P-2380,51.5,0.0,0.0,0.0,1,2.5,0.0,0,51.5,0.0,0.0,0.0,0.0,0.0,61
2023-05-11 10:30:07,c2401-P-2380,c2401-P-2380,51.5,0.0,0.0,0.0,10,3.0,0.0,0,51.5,0.0,0.0,0.0,0.0,0.0,61
2023-05-11 10:30:34,c2401-P-2380,c2401-P-2380,51.5,0.0,0.0,0.0,2,7.0,0.0,0,51.5,0.0,0.0,0.0,0.0,0.0,61
2023-05-11 10:30:34,c2401-P-2380,c2401-P-2380,51.5,0.0,0.0,0.0,10,7.5,0.0,0,51.5,0.0,0.0,0.0,0.0,0.0,61
2023-05-11 10:35:04,c2401-P-2380,c2401-P-2380,51.5,0.0,0.0,0.0,2,11.5,0.0,0,51.5,0.0,0.0,0.0,0.0,0.0,61
2023-05-11 10:35:04,c2401-P-2380,c2401-P-2380,51.5,0.0,0.0,0.0,10,12.0,0.0,0,51.5,0.0,0.0,0.0,0.0,0.0,61
2023-05-11 10:35:05,c2401-P-2380,c2401-P-2380,51.5,0.0,0.0,0.0,2,12.5,0.0,0,51.5,0.0,0.0,0.0,0.0,0.0,61
2023-05-11 10:35:05,c2401-P-2380,c2401-P-2380,51.5,0.0,0.0,0.0,10,13.0,0.0,0,51.5,0.0,0.0,0.0,0.0,0.0,61
2023-05-11 10:35:08,c2401-P-2380,c2401-P-2380,51.5,0.0,0.0,0.0,2,13.5,0.0,0,51.5,0.0,0.0,0.0,0.0,0.0,61
2023-05-11 10:35:08,c2401-P-2380,c2401-P-2380,51.5,0.0,0.0,0.0,10,14.0,0.0,0,51.5,0.0,0.0,0.0,0.0,0.0,61
2023-05-11 10:48:56,c2401-P-2380,c2401-P-2380,51.5,0.0,0.0,0.0,1,14.5,0.0,0,51.5,0.0,0.0,0.0,0.0,0.0,61
2023-05-11 10:48:57,c2401-P-2380,c2401-P-2380,51.5,0.0,0.0,0.0,12,15.0,0.0,0,51.5,0.0,0.0,0.0,0.0,0.0,61
2023-05-11 11:22:43,c2401-P-2380,c2401-P-2380,51.5,0.0,0.0,0.0,1,15.5,0.0,0,51.5,0.0,0.0,0.0,0.0,0.0,61
2023-05-11 11:22:43,c2401-P-2380,c2401-P-2380,51.5,0.0,0.0,0.0,2,19.5,0.0,0,51.5,0.0,0.0,0.0,0.0,0.0,61
2023-05-11 11:22:43,c2401-P-2380,c2401-P-2380,51.5,0.0,0.0,0.0,10,20.0,0.0,0,51.5,0.0,0.0,0.0,0.0,0.0,61
2023-05-11 11:22:45,c2401-P-2380,c2401-P-2380,51.5,0.0,0.0,0.0,2,20.5,0.0,0,51.5,0.0,0.0,0.0,0.0,0.0,61
2023-05-11 11:22:45,c2401-P-2380,c2401-P-2380,51.5,0.0,0.0,0.0,10,21.0,0.0,0,51.5,0.0,0.0,0.0,0.0,0.0,61
2023-05-11 11:22:46,c2401-P-2380,c2401-P-2380,51.5,0.0,0.0,0.0,2,21.5,0.0,0,51.5,0.0,0.0,0.0,0.0,0.0,61
2023-05-11 11:22:46,c2401-P-2380,c2401-P-2380,51.5,0.0,0.0,0.0,10,22.0,0.0,0,51.5,0.0,0.0,0.0,0.0,0.0,61
2023-05-11 11:22:47,c2401-P-2380,c2401-P-2380,51.5,0.0,0.0,0.0,2,22.5,0.0,0,51.5,0.0,0.0,0.0,0.0,0.0,61
2023-05-11 11:22:47,c2401-P-2380,c2401-P-2380,51.5,0.0,0.0,0.0,10,23.0,0.0,0,51.5,0.0,0.0,0.0,0.0,0.0,61
2023-05-11 11:22:48,c2401-P-2380,c2401-P-2380,51.5,0.0,0.0,0.0,2,23.5,0.0,0,51.5,0.0,0.0,0.0,0.0,0.0,61
2023-05-11 11:22:49,c2401-P-2380,c2401-P-2380,51.5,0.0,0.0,0.0,10,24.0,0.0,0,51.5,0.0,0.0,0.0,0.0,0.0,61
2023-05-11 11:29:33,c2401-P-2380,c2401-P-2380,51.5,0.0,0.0,0.0,13,1.5,0.0,0,51.5,0.0,0.0,0.0,0.0,0.0,61
2023-05-11 13:30:02,c2401-P-2380,c2401-P-2380,51.5,0.0,0.0,0.0,10,2.0,0.0,0,51.5,0.0,0.0,0.0,0.0,0.0,61
2023-05-11 13:30:38,c2401-P-2380,c2401-P-2380,51.5,0.0,0.0,0.0,1,2.5,0.0,0,51.5,0.0,0.0,0.0,0.0,0.0,61
2023-05-11 13:30:38,c2401-P-2380,c2401-P-2380,51.5,0.0,0.0,0.0,10,3.0,0.0,0,51.5,0.0,0.0,0.0,0.0,0.0,61
2023-05-11 13:31:25,c2401-P-2380,c2401-P-2380,51.5,0.0,0.0,0.0,2,7.0,0.0,0,51.5,0.0,0.0,0.0,0.0,0.0,61
2023-05-11 13:31:25,c2401-P-2380,c2401-P-2380,51.5,0.0,0.0,0.0,10,7.5,0.0,0,51.5,0.0,0.0,0.0,0.0,0.0,61
2023-05-11 13:44:40,c2401-P-2380,c2401-P-2380,51.5,0.0,0.0,0.0,2,15.5,0.0,0,51.5,0.0,0.0,0.0,0.0,0.0,61
2023-05-11 13:44:40,c2401-P-2380,c2401-P-2380,51.5,0.0,0.0,0.0,10,16.0,0.0,0,51.5,0.0,0.0,0.0,0.0,0.0,61
2023-05-11 13:44:44,c2401-P-2380,c2401-P-2380,51.5,0.0,0.0,0.0,2,20.0,0.0,0,51.5,0.0,0.0,0.0,0.0,0.0,61
2023-05-11 13:44:44,c2401-P-2380,c2401-P-2380,51.5,0.0,0.0,0.0,10,20.5,0.0,0,51.5,0.0,0.0,0.0,0.0,0.0,61
2023-05-11 13:44:47,c2401-P-2380,c2401-P-2380,51.5,0.0,0.0,0.0,2,21.0,0.0,0,51.5,0.0,0.0,0.0,0.0,0.0,61
2023-05-11 13:44:47,c2401-P-2380,c2401-P-2380,51.5,0.0,0.0,0.0,10,21.5,0.0,0,51.5,0.0,0.0,0.0,0.0,0.0,61
2023-05-11 13:44:50,c2401-P-2380,c2401-P-2380,51.5,0.0,0.0,0.0,2,22.0,0.0,0,51.5,0.0,0.0,0.0,0.0,0.0,61
2023-05-11 13:44:50,c2401-P-2380,c2401-P-2380,51.5,0.0,0.0,0.0,10,22.5,0.0,0,51.5,0.0,0.0,0.0,0.0,0.0,61
2023-05-11 13:44:53,c2401-P-2380,c2401-P-2380,51.5,0.0,0.0,0.0,2,23.0,0.0,0,51.5,0.0,0.0,0.0,0.0,0.0,61
2023-05-11 13:44:53,c2401-P-2380,c2401-P-2380,51.5,0.0,0.0,0.0,10,23.5,0.0,0,51.5,0.0,0.0,0.0,0.0,0.0,61
2023-05-11 14:00:17,c2401-P-2380,c2401-P-2380,51.5,0.0,0.0,0.0,5,55.5,63.5,5,51.5,0.0,0.0,0.0,0.0,0.0,61
2023-05-11 14:00:18,c2401-P-2380,c2401-P-2380,51.5,0.0,0.0,0.0,10,55.5,63.5,10,51.5,0.0,0.0,0.0,0.0,0.0,61
2023-05-11 14:00:25,c2401-P-2380,c2401-P-2380,51.5,0.0,0.0,0.0,5,57.5,63.5,10,51.5,0.0,0.0,0.0,0.0,0.0,61
2023-05-11 14:00:28,c2401-P-2380,c2401-P-2380,51.5,0.0,0.0,0.0,10,57.5,63.5,10,51.5,0.0,0.0,0.0,0.0,0.0,61
2023-05-11 14:00:29,c2401-P-2380,c2401-P-2380,51.5,0.0,0.0,0.0,10,57.5,63.5,5,51.5,0.0,0.0,0.0,0.0,0.0,61
2023-05-11 14:00:30,c2401-P-2380,c2401-P-2380,51.5,0.0,0.0,0.0,10,57.5,64.0,5,51.5,0.0,0.0,0.0,0.0,0.0,61
2023-05-11 14:00:34,c2401-P-2380,c2401-P-2380,51.5,0.0,0.0,0.0,15,57.5,64.0,10,51.5,0.0,0.0,0.0,0.0,0.0,61
2023-05-11 14:00:36,c2401-P-2380,c2401-P-2380,51.5,0.0,0.0,0.0,10,57.5,64.0,10,51.5,0.0,0.0,0.0,0.0,0.0,61
2023-05-11 14:00:39,c2401-P-2380,c2401-P-2380,51.5,0.0,0.0,0.0,10,57.5,64.0,5,51.5,0.0,0.0,0.0,0.0,0.0,61
2023-05-11 14:00:39,c2401-P-2380,c2401-P-2380,51.5,0.0,0.0,0.0,5,57.5,64.0,5,51.5,0.0,0.0,0.0,0.0,0.0,61
2023-05-11 14:00:44,c2401-P-2380,c2401-P-2380,51.5,0.0,0.0,0.0,5,57.0,64.5,5,51.5,0.0,0.0,0.0,0.0,0.0,61
2023-05-11 14:00:47,c2401-P-2380,c2401-P-2380,51.5,0.0,0.0,0.0,10,3.0,0.0,0,51.5,0.0,0.0,0.0,0.0,0.0,61
2023-05-11 14:00:49,c2401-P-2380,c2401-P-2380,51.5,0.0,0.0,0.0,2,7.0,0.0,0,51.5,0.0,0.0,0.0,0.0,0.0,61
2023-05-11 14:00:49,c2401-P-2380,c2401-P-2380,51.5,0.0,0.0,0.0,10,7.5,0.0,0,51.5,0.0,0.0,0.0,0.0,0.0,61
2023-05-11 14:00:56,c2401-P-2380,c2401-P-2380,51.5,0.0,0.0,0.0,2,15.5,0.0,0,51.5,0.0,0.0,0.0,0.0,0.0,61
2023-05-11 14:00:56,c2401-P-2380,c2401-P-2380,51.5,0.0,0.0,0.0,10,16.0,0.0,0,51.5,0.0,0.0,0.0,0.0,0.0,61
2023-05-11 14:01:07,c2401-P-2380,c2401-P-2380,51.5,0.0,0.0,0.0,2,20.0,0.0,0,51.5,0.0,0.0,0.0,0.0,0.0,61
2023-05-11 14:01:07,c2401-P-2380,c2401-P-2380,51.5,0.0,0.0,0.0,10,20.5,0.0,0,51.5,0.0,0.0,0.0,0.0,0.0,61
2023-05-11 14:01:16,c2401-P-2380,c2401-P-2380,51.5,0.0,0.0,0.0,2,21.0,0.0,0,51.5,0.0,0.0,0.0,0.0,0.0,61
2023-05-11 14:01:16,c2401-P-2380,c2401-P-2380,51.5,0.0,0.0,0.0,10,21.5,0.0,0,51.5,0.0,0.0,0.0,0.0,0.0,61
2023-05-11 14:01:20,c2401-P-2380,c2401-P-2380,51.5,0.0,0.0,0.0,2,22.0,0.0,0,51.5,0.0,0.0,0.0,0.0,0.0,61
2023-05-11 14:01:20,c2401-P-2380,c2401-P-2380,51.5,0.0,0.0,0.0,10,22.5,0.0,0,51.5,0.0,0.0,0.0,0.0,0.0,61
2023-05-11 14:01:25,c2401-P-2380,c2401-P-2380,51.5,0.0,0.0,0.0,2,23.0,0.0,0,51.5,0.0,0.0,0.0,0.0,0.0,61
2023-05-11 14:01:25,c2401-P-2380,c2401-P-2380,51.5,0.0,0.0,0.0,10,23.5,0.0,0,51.5,0.0,0.0,0.0,0.0,0.0,61
2023-05-11 14:59:02,c2401-P-2380,c2401-P-2380,51.5,0.0,0.0,0.0,1,2.5,0.0,0,51.5,0.0,0.0,0.0,0.0,0.0,61
2023-05-11 14:59:04,c2401-P-2380,c2401-P-2380,51.5,0.0,0.0,0.0,2,10.5,0.0,0,51.5,0.0,0.0,0.0,0.0,0.0,61
2023-05-11 14:59:05,c2401-P-2380,c2401-P-2380,51.5,0.0,0.0,0.0,10,11.0,0.0,0,51.5,0.0,0.0,0.0,0.0,0.0,61
2023-05-11 14:59:10,c2401-P-2380,c2401-P-2380,51.5,0.0,0.0,0.0,2,10.5,0.0,0,51.5,0.0,0.0,0.0,0.0,0.0,61
2023-05-11 15:01:10,c2401-P-2380,c2401-P-2380,51.5,0.0,0.0,0.0,2,10.5,0.0,0,51.5,0.0,0.0,0.0,0.0,0.0,61
