time,symbol_id,symbol_name,last,trade_volume,trade_amount,open_interest_change,bv1,bp1,ap1,av1,yesterday_close,today_open,today_high,today_low,volume,amount,open_interest
2023-05-10 20:56:25,c2403-P-2420,c2403-P-2420,94.0,0.0,0.0,0.0,1,0.5,0.0,0,94.0,0.0,0.0,0.0,0.0,0.0,0
2023-05-10 21:00:07,c2403-P-2420,c2403-P-2420,94.0,0.0,0.0,0.0,10,1.0,0.0,0,94.0,0.0,0.0,0.0,0.0,0.0,0
2023-05-10 21:00:50,c2403-P-2420,c2403-P-2420,94.0,0.0,0.0,0.0,1,1.5,0.0,0,94.0,0.0,0.0,0.0,0.0,0.0,0
2023-05-10 21:00:50,c2403-P-2420,c2403-P-2420,94.0,0.0,0.0,0.0,10,2.0,0.0,0,94.0,0.0,0.0,0.0,0.0,0.0,0
2023-05-10 21:00:53,c2403-P-2420,c2403-P-2420,94.0,0.0,0.0,0.0,1,9.0,0.0,0,94.0,0.0,0.0,0.0,0.0,0.0,0
2023-05-10 21:00:53,c2403-P-2420,c2403-P-2420,94.0,0.0,0.0,0.0,10,9.5,0.0,0,94.0,0.0,0.0,0.0,0.0,0.0,0
2023-05-10 21:01:14,c2403-P-2420,c2403-P-2420,94.0,0.0,0.0,0.0,11,9.5,0.0,0,94.0,0.0,0.0,0.0,0.0,0.0,0
2023-05-10 21:30:50,c2403-P-2420,c2403-P-2420,94.0,0.0,0.0,0.0,1,10.0,0.0,0,94.0,0.0,0.0,0.0,0.0,0.0,0
2023-05-10 21:30:50,c2403-P-2420,c2403-P-2420,94.0,0.0,0.0,0.0,10,10.5,0.0,0,94.0,0.0,0.0,0.0,0.0,0.0,0
2023-05-10 22:00:50,c2403-P-2420,c2403-P-2420,94.0,0.0,0.0,0.0,1,11.0,0.0,0,94.0,0.0,0.0,0.0,0.0,0.0,0
2023-05-10 22:00:50,c2403-P-2420,c2403-P-2420,94.0,0.0,0.0,0.0,10,11.5,0.0,0,94.0,0.0,0.0,0.0,0.0,0.0,0
2023-05-10 22:43:45,c2403-P-2420,c2403-P-2420,94.0,0.0,0.0,0.0,10,12.5,0.0,0,94.0,0.0,0.0,0.0,0.0,0.0,0
2023-05-10 22:57:33,c2403-P-2420,c2403-P-2420,94.0,0.0,0.0,0.0,1,12.0,0.0,0,94.0,0.0,0.0,0.0,0.0,0.0,0
2023-05-10 22:59:16,c2403-P-2420,c2403-P-2420,94.0,0.0,0.0,0.0,10,12.5,0.0,0,94.0,0.0,0.0,0.0,0.0,0.0,0
2023-05-10 22:59:56,c2403-P-2420,c2403-P-2420,94.0,0.0,0.0,0.0,1,12.0,0.0,0,94.0,0.0,0.0,0.0,0.0,0.0,0
2023-05-11 09:00:04,c2403-P-2420,c2403-P-2420,94.0,0.0,0.0,0.0,10,12.5,0.0,0,94.0,0.0,0.0,0.0,0.0,0.0,0
2023-05-11 09:00:51,c2403-P-2420,c2403-P-2420,94.0,0.0,0.0,0.0,1,15.5,0.0,0,94.0,0.0,0.0,0.0,0.0,0.0,0
2023-05-11 09:00:51,c2403-P-2420,c2403-P-2420,94.0,0.0,0.0,0.0,10,16.0,0.0,0,94.0,0.0,0.0,0.0,0.0,0.0,0
2023-05-11 09:02:16,c2403-P-2420,c2403-P-2420,94.0,0.0,0.0,0.0,1,16.5,0.0,0,94.0,0.0,0.0,0.0,0.0,0.0,0
2023-05-11 09:02:16,c2403-P-2420,c2403-P-2420,94.0,0.0,0.0,0.0,10,17.0,0.0,0,94.0,0.0,0.0,0.0,0.0,0.0,0
2023-05-11 09:08:51,c2403-P-2420,c2403-P-2420,94.0,0.0,0.0,0.0,1,17.5,0.0,0,94.0,0.0,0.0,0.0,0.0,0.0,0
2023-05-11 09:08:51,c2403-P-2420,c2403-P-2420,94.0,0.0,0.0,0.0,10,18.0,0.0,0,94.0,0.0,0.0,0.0,0.0,0.0,0
2023-05-11 09:08:53,c2403-P-2420,c2403-P-2420,94.0,0.0,0.0,0.0,5,74.5,82.5,5,94.0,0.0,0.0,0.0,0.0,0.0,0
2023-05-11 09:09:01,c2403-P-2420,c2403-P-2420,94.0,0.0,0.0,0.0,5,79.0,82.5,5,94.0,0.0,0.0,0.0,0.0,0.0,0
2023-05-11 09:09:04,c2403-P-2420,c2403-P-2420,94.0,0.0,0.0,0.0,5,80.0,82.5,5,94.0,0.0,0.0,0.0,0.0,0.0,0
2023-05-11 09:09:05,c2403-P-2420,c2403-P-2420,94.0,0.0,0.0,0.0,5,80.0,83.0,5,94.0,0.0,0.0,0.0,0.0,0.0,0
2023-05-11 09:09:10,c2403-P-2420,c2403-P-2420,94.0,0.0,0.0,0.0,10,80.0,83.0,10,94.0,0.0,0.0,0.0,0.0,0.0,0
2023-05-11 09:09:15,c2403-P-2420,c2403-P-2420,94.0,0.0,0.0,0.0,5,80.0,83.0,5,94.0,0.0,0.0,0.0,0.0,0.0,0
2023-05-11 09:09:20,c2403-P-2420,c2403-P-2420,94.0,0.0,0.0,0.0,5,77.5,85.5,5,94.0,0.0,0.0,0.0,0.0,0.0,0
2023-05-11 09:09:23,c2403-P-2420,c2403-P-2420,94.0,0.0,0.0,0.0,10,17.0,0.0,0,94.0,0.0,0.0,0.0,0.0,0.0,0
2023-05-11 09:09:23,c2403-P-2420,c2403-P-2420,94.0,0.0,0.0,0.0,1,25.0,0.0,0,94.0,0.0,0.0,0.0,0.0,0.0,0
2023-05-11 09:09:23,c2403-P-2420,c2403-P-2420,94.0,0.0,0.0,0.0,10,25.5,0.0,0,94.0,0.0,0.0,0.0,0.0,0.0,0
2023-05-11 09:09:25,c2403-P-2420,c2403-P-2420,94.0,0.0,0.0,0.0,1,33.5,0.0,0,94.0,0.0,0.0,0.0,0.0,0.0,0
2023-05-11 09:09:25,c2403-P-2420,c2403-P-2420,94.0,0.0,0.0,0.0,10,34.0,0.0,0,94.0,0.0,0.0,0.0,0.0,0.0,0
2023-05-11 09:09:26,c2403-P-2420,c2403-P-2420,94.0,0.0,0.0,0.0,1,34.5,0.0,0,94.0,0.0,0.0,0.0,0.0,0.0,0
2023-05-11 09:09:26,c2403-P-2420,c2403-P-2420,94.0,0.0,0.0,0.0,10,35.0,0.0,0,94.0,0.0,0.0,0.0,0.0,0.0,0
2023-05-11 09:46:22,c2403-P-2420,c2403-P-2420,94.0,0.0,0.0,0.0,1,35.5,0.0,0,94.0,0.0,0.0,0.0,0.0,0.0,0
2023-05-11 09:46:22,c2403-P-2420,c2403-P-2420,94.0,0.0,0.0,0.0,10,36.0,0.0,0,94.0,0.0,0.0,0.0,0.0,0.0,0
2023-05-11 10:14:32,c2403-P-2420,c2403-P-2420,94.0,0.0,0.0,0.0,1,35.5,0.0,0,94.0,0.0,0.0,0.0,0.0,0.0,0
2023-05-11 10:30:07,c2403-P-2420,c2403-P-2420,94.0,0.0,0.0,0.0,10,36.0,0.0,0,94.0,0.0,0.0,0.0,0.0,0.0,0
2023-05-11 10:56:00,c2403-P-2420,c2403-P-2420,94.0,0.0,0.0,0.0,1,36.5,0.0,0,94.0,0.0,0.0,0.0,0.0,0.0,0
2023-05-11 10:56:00,c2403-P-2420,c2403-P-2420,94.0,0.0,0.0,0.0,10,37.0,0.0,0,94.0,0.0,0.0,0.0,0.0,0.0,0
2023-05-11 11:29:33,c2403-P-2420,c2403-P-2420,94.0,0.0,0.0,0.0,1,15.5,0.0,0,94.0,0.0,0.0,0.0,0.0,0.0,0
2023-05-11 13:30:02,c2403-P-2420,c2403-P-2420,94.0,0.0,0.0,0.0,10,16.0,0.0,0,94.0,0.0,0.0,0.0,0.0,0.0,0
2023-05-11 13:30:41,c2403-P-2420,c2403-P-2420,94.0,0.0,0.0,0.0,1,16.5,0.0,0,94.0,0.0,0.0,0.0,0.0,0.0,0
2023-05-11 13:30:41,c2403-P-2420,c2403-P-2420,94.0,0.0,0.0,0.0,10,17.0,0.0,0,94.0,0.0,0.0,0.0,0.0,0.0,0
2023-05-11 14:00:47,c2403-P-2420,c2403-P-2420,94.0,0.0,0.0,0.0,5,82.5,90.5,5,94.0,0.0,0.0,0.0,0.0,0.0,0
2023-05-11 14:00:55,c2403-P-2420,c2403-P-2420,94.0,0.0,0.0,0.0,5,85.5,90.5,5,94.0,0.0,0.0,0.0,0.0,0.0,0
2023-05-11 14:00:58,c2403-P-2420,c2403-P-2420,94.0,0.0,0.0,0.0,5,86.5,90.5,5,94.0,0.0,0.0,0.0,0.0,0.0,0
2023-05-11 14:00:59,c2403-P-2420,c2403-P-2420,94.0,0.0,0.0,0.0,5,86.5,91.0,5,94.0,0.0,0.0,0.0,0.0,0.0,0
2023-05-11 14:01:04,c2403-P-2420,c2403-P-2420,94.0,0.0,0.0,0.0,10,86.5,91.0,10,94.0,0.0,0.0,0.0,0.0,0.0,0
2023-05-11 14:01:09,c2403-P-2420,c2403-P-2420,94.0,0.0,0.0,0.0,10,86.5,91.0,5,94.0,0.0,0.0,0.0,0.0,0.0,0
2023-05-11 14:01:09,c2403-P-2420,c2403-P-2420,94.0,0.0,0.0,0.0,5,86.5,91.0,5,94.0,0.0,0.0,0.0,0.0,0.0,0
2023-05-11 14:01:14,c2403-P-2420,c2403-P-2420,94.0,0.0,0.0,0.0,5,85.0,92.5,5,94.0,0.0,0.0,0.0,0.0,0.0,0
2023-05-11 14:01:17,c2403-P-2420,c2403-P-2420,94.0,0.0,0.0,0.0,10,17.0,0.0,0,94.0,0.0,0.0,0.0,0.0,0.0,0
2023-05-11 14:02:37,c2403-P-2420,c2403-P-2420,94.0,0.0,0.0,0.0,1,17.5,0.0,0,94.0,0.0,0.0,0.0,0.0,0.0,0
2023-05-11 14:02:37,c2403-P-2420,c2403-P-2420,94.0,0.0,0.0,0.0,10,18.0,0.0,0,94.0,0.0,0.0,0.0,0.0,0.0,0
2023-05-11 14:36:46,c2403-P-2420,c2403-P-2420,94.0,0.0,0.0,0.0,1,18.5,0.0,0,94.0,0.0,0.0,0.0,0.0,0.0,0
2023-05-11 14:36:46,c2403-P-2420,c2403-P-2420,94.0,0.0,0.0,0.0,10,19.0,0.0,0,94.0,0.0,0.0,0.0,0.0,0.0,0
2023-05-11 14:59:02,c2403-P-2420,c2403-P-2420,94.0,0.0,0.0,0.0,1,18.5,0.0,0,94.0,0.0,0.0,0.0,0.0,0.0,0
2023-05-11 14:59:05,c2403-P-2420,c2403-P-2420,94.0,0.0,0.0,0.0,10,19.0,0.0,0,94.0,0.0,0.0,0.0,0.0,0.0,0
2023-05-11 14:59:10,c2403-P-2420,c2403-P-2420,94.0,0.0,0.0,0.0,1,18.5,0.0,0,94.0,0.0,0.0,0.0,0.0,0.0,0
2023-05-11 15:01:10,c2403-P-2420,c2403-P-2420,94.0,0.0,0.0,0.0,1,18.5,0.0,0,94.0,0.0,0.0,0.0,0.0,0.0,0
