time,symbol_id,symbol_name,last,trade_volume,trade_amount,open_interest_change,bv1,bp1,ap1,av1,yesterday_close,today_open,today_high,today_low,volume,amount,open_interest
2023-05-10 19:12:58,OI311C9600,OI311C9600,75.0,0.0,0.0,0.0,0,0.0,0.0,0,75.0,0.0,0.0,0.0,0.0,0.0,83
2023-05-10 20:59:00,OI311C9600,OI311C9600,75.0,0.0,0.0,0.0,1,0.5,0.0,0,75.0,0.0,0.0,0.0,0.0,0.0,83
2023-05-10 21:00:05,OI311C9600,OI311C9600,75.0,0.0,0.0,0.0,1,0.5,234.5,2,75.0,0.0,0.0,0.0,0.0,0.0,83
2023-05-10 21:00:06,OI311C9600,OI311C9600,75.0,0.0,0.0,0.0,2,41.5,234.5,2,75.0,0.0,0.0,0.0,0.0,0.0,83
2023-05-10 21:00:56,OI311C9600,OI311C9600,75.0,0.0,0.0,0.0,3,41.5,196.0,1,75.0,0.0,0.0,0.0,0.0,0.0,83
2023-05-10 21:00:56,OI311C9600,OI311C9600,75.0,0.0,0.0,0.0,1,41.5,196.0,1,75.0,0.0,0.0,0.0,0.0,0.0,83
2023-05-10 21:01:08,OI311C9600,OI311C9600,75.0,0.0,0.0,0.0,2,67.0,196.0,1,75.0,0.0,0.0,0.0,0.0,0.0,83
2023-05-10 21:01:08,OI311C9600,OI311C9600,75.0,0.0,0.0,0.0,2,67.0,125.5,1,75.0,0.0,0.0,0.0,0.0,0.0,83
2023-05-10 21:01:11,OI311C9600,OI311C9600,75.0,0.0,0.0,0.0,2,67.0,70.5,2,75.0,0.0,0.0,0.0,0.0,0.0,83
2023-05-10 21:01:18,OI311C9600,OI311C9600,75.0,0.0,0.0,0.0,2,67.5,70.5,2,75.0,0.0,0.0,0.0,0.0,0.0,83
2023-05-10 21:01:25,OI311C9600,OI311C9600,75.0,0.0,0.0,0.0,2,67.5,125.5,1,75.0,0.0,0.0,0.0,0.0,0.0,83
2023-05-10 21:01:26,OI311C9600,OI311C9600,75.0,0.0,0.0,0.0,2,67.5,71.5,2,75.0,0.0,0.0,0.0,0.0,0.0,83
2023-05-10 21:01:28,OI311C9600,OI311C9600,75.0,0.0,0.0,0.0,2,67.5,71.0,2,75.0,0.0,0.0,0.0,0.0,0.0,83
2023-05-10 21:01:32,OI311C9600,OI311C9600,75.0,0.0,0.0,0.0,2,68.0,71.0,2,75.0,0.0,0.0,0.0,0.0,0.0,83
2023-05-10 21:01:43,OI311C9600,OI311C9600,75.0,0.0,0.0,0.0,2,68.0,70.5,2,75.0,0.0,0.0,0.0,0.0,0.0,83
2023-05-10 21:02:08,OI311C9600,OI311C9600,75.0,0.0,0.0,0.0,2,68.0,70.0,2,75.0,0.0,0.0,0.0,0.0,0.0,83
2023-05-10 21:02:50,OI311C9600,OI311C9600,75.0,0.0,0.0,0.0,2,67.5,69.5,2,75.0,0.0,0.0,0.0,0.0,0.0,83
2023-05-10 21:03:03,OI311C9600,OI311C9600,75.0,0.0,0.0,0.0,2,66.5,69.5,2,75.0,0.0,0.0,0.0,0.0,0.0,83
2023-05-10 21:03:09,OI311C9600,OI311C9600,75.0,0.0,0.0,0.0,2,66.5,69.5,8,75.0,0.0,0.0,0.0,0.0,0.0,83
2023-05-10 21:03:10,OI311C9600,OI311C9600,75.0,0.0,0.0,0.0,6,65.0,69.5,14,75.0,0.0,0.0,0.0,0.0,0.0,83
2023-05-10 21:03:10,OI311C9600,OI311C9600,75.0,0.0,0.0,0.0,2,65.5,69.5,8,75.0,0.0,0.0,0.0,0.0,0.0,83
2023-05-10 21:03:11,OI311C9600,OI311C9600,75.0,0.0,0.0,0.0,2,65.5,68.5,2,75.0,0.0,0.0,0.0,0.0,0.0,83
2023-05-10 21:03:12,OI311C9600,OI311C9600,75.0,0.0,0.0,0.0,2,66.0,68.5,2,75.0,0.0,0.0,0.0,0.0,0.0,83
2023-05-10 21:03:16,OI311C9600,OI311C9600,75.0,0.0,0.0,0.0,2,66.5,68.5,2,75.0,0.0,0.0,0.0,0.0,0.0,83
2023-05-10 21:04:02,OI311C9600,OI311C9600,75.0,0.0,0.0,0.0,8,66.0,68.5,2,75.0,0.0,0.0,0.0,0.0,0.0,83
2023-05-10 21:04:03,OI311C9600,OI311C9600,75.0,0.0,0.0,0.0,8,66.0,68.0,2,75.0,0.0,0.0,0.0,0.0,0.0,83
2023-05-10 21:04:38,OI311C9600,OI311C9600,75.0,0.0,0.0,0.0,2,66.5,68.5,2,75.0,0.0,0.0,0.0,0.0,0.0,83
2023-05-10 21:05:05,OI311C9600,OI311C9600,75.0,0.0,0.0,0.0,2,66.5,71.0,12,75.0,0.0,0.0,0.0,0.0,0.0,83
2023-05-10 21:05:06,OI311C9600,OI311C9600,75.0,0.0,0.0,0.0,2,66.5,77.0,1,75.0,0.0,0.0,0.0,0.0,0.0,83
2023-05-10 21:05:07,OI311C9600,OI311C9600,75.0,0.0,0.0,0.0,8,66.5,75.0,6,75.0,0.0,0.0,0.0,0.0,0.0,83
2023-05-10 21:05:08,OI311C9600,OI311C9600,75.0,0.0,0.0,0.0,8,66.5,69.5,2,75.0,0.0,0.0,0.0,0.0,0.0,83
2023-05-10 21:05:09,OI311C9600,OI311C9600,75.0,0.0,0.0,0.0,2,67.0,69.5,2,75.0,0.0,0.0,0.0,0.0,0.0,83
2023-05-10 21:05:18,OI311C9600,OI311C9600,75.0,0.0,0.0,0.0,2,67.5,69.5,2,75.0,0.0,0.0,0.0,0.0,0.0,83
2023-05-10 21:05:32,OI311C9600,OI311C9600,75.0,0.0,0.0,0.0,8,67.5,69.5,2,75.0,0.0,0.0,0.0,0.0,0.0,83
2023-05-10 21:05:33,OI311C9600,OI311C9600,75.0,0.0,0.0,0.0,6,67.5,69.0,2,75.0,0.0,0.0,0.0,0.0,0.0,83
2023-05-10 21:05:38,OI311C9600,OI311C9600,75.0,0.0,0.0,0.0,8,67.0,69.0,2,75.0,0.0,0.0,0.0,0.0,0.0,83
2023-05-10 21:05:38,OI311C9600,OI311C9600,75.0,0.0,0.0,0.0,2,67.0,69.0,2,75.0,0.0,0.0,0.0,0.0,0.0,83
2023-05-10 21:06:05,OI311C9600,OI311C9600,75.0,0.0,0.0,0.0,8,67.0,69.0,2,75.0,0.0,0.0,0.0,0.0,0.0,83
2023-05-10 21:06:07,OI311C9600,OI311C9600,75.0,0.0,0.0,0.0,2,67.5,69.0,2,75.0,0.0,0.0,0.0,0.0,0.0,83
2023-05-10 21:06:10,OI311C9600,OI311C9600,75.0,0.0,0.0,0.0,2,67.5,69.5,8,75.0,0.0,0.0,0.0,0.0,0.0,83
2023-05-10 21:06:10,OI311C9600,OI311C9600,75.0,0.0,0.0,0.0,2,67.5,69.5,2,75.0,0.0,0.0,0.0,0.0,0.0,83
2023-05-10 21:06:51,OI311C9600,OI311C9600,75.0,0.0,0.0,0.0,2,68.0,70.5,2,75.0,0.0,0.0,0.0,0.0,0.0,83
2023-05-10 21:06:52,OI311C9600,OI311C9600,75.0,0.0,0.0,0.0,8,68.0,70.5,2,75.0,0.0,0.0,0.0,0.0,0.0,83
2023-05-10 21:06:56,OI311C9600,OI311C9600,75.0,0.0,0.0,0.0,8,68.0,70.0,2,75.0,0.0,0.0,0.0,0.0,0.0,83
2023-05-10 21:07:03,OI311C9600,OI311C9600,75.0,0.0,0.0,0.0,6,68.0,69.5,2,75.0,0.0,0.0,0.0,0.0,0.0,83
2023-05-10 21:07:03,OI311C9600,OI311C9600,75.0,0.0,0.0,0.0,8,67.5,69.5,2,75.0,0.0,0.0,0.0,0.0,0.0,83
2023-05-10 21:07:16,OI311C9600,OI311C9600,75.0,0.0,0.0,0.0,2,68.0,69.5,2,75.0,0.0,0.0,0.0,0.0,0.0,83
2023-05-10 21:07:16,OI311C9600,OI311C9600,75.0,0.0,0.0,0.0,2,68.0,70.0,2,75.0,0.0,0.0,0.0,0.0,0.0,83
2023-05-10 21:07:42,OI311C9600,OI311C9600,75.0,0.0,0.0,0.0,8,68.5,70.0,2,75.0,0.0,0.0,0.0,0.0,0.0,83
2023-05-10 21:08:05,OI311C9600,OI311C9600,75.0,0.0,0.0,0.0,6,68.5,70.0,2,75.0,0.0,0.0,0.0,0.0,0.0,83
2023-05-10 21:08:06,OI311C9600,OI311C9600,75.0,0.0,0.0,0.0,8,68.5,73.5,12,75.0,0.0,0.0,0.0,0.0,0.0,83
2023-05-10 21:08:10,OI311C9600,OI311C9600,75.0,0.0,0.0,0.0,8,68.5,71.0,2,75.0,0.0,0.0,0.0,0.0,0.0,83
2023-05-10 21:08:11,OI311C9600,OI311C9600,75.0,0.0,0.0,0.0,8,68.5,70.5,2,75.0,0.0,0.0,0.0,0.0,0.0,83
2023-05-10 21:08:14,OI311C9600,OI311C9600,75.0,0.0,0.0,0.0,6,68.5,70.0,2,75.0,0.0,0.0,0.0,0.0,0.0,83
2023-05-10 21:08:30,OI311C9600,OI311C9600,75.0,0.0,0.0,0.0,8,68.5,70.0,2,75.0,0.0,0.0,0.0,0.0,0.0,83
2023-05-10 21:08:37,OI311C9600,OI311C9600,75.0,0.0,0.0,0.0,8,68.5,70.5,2,75.0,0.0,0.0,0.0,0.0,0.0,83
2023-05-10 21:10:06,OI311C9600,OI311C9600,75.0,0.0,0.0,0.0,2,69.0,71.5,2,75.0,0.0,0.0,0.0,0.0,0.0,83
2023-05-10 21:10:10,OI311C9600,OI311C9600,75.0,0.0,0.0,0.0,2,69.0,71.0,2,75.0,0.0,0.0,0.0,0.0,0.0,83
2023-05-10 21:10:55,OI311C9600,OI311C9600,75.0,0.0,0.0,0.0,2,69.0,70.5,2,75.0,0.0,0.0,0.0,0.0,0.0,83
2023-05-10 21:11:09,OI311C9600,OI311C9600,75.0,0.0,0.0,0.0,8,69.0,71.0,2,75.0,0.0,0.0,0.0,0.0,0.0,83
2023-05-10 21:11:17,OI311C9600,OI311C9600,75.0,0.0,0.0,0.0,8,69.0,70.5,2,75.0,0.0,0.0,0.0,0.0,0.0,83
2023-05-10 21:12:20,OI311C9600,OI311C9600,75.0,0.0,0.0,0.0,6,69.0,70.5,2,75.0,0.0,0.0,0.0,0.0,0.0,83
2023-05-10 21:13:04,OI311C9600,OI311C9600,75.0,0.0,0.0,0.0,8,69.0,70.5,2,75.0,0.0,0.0,0.0,0.0,0.0,83
2023-05-10 21:13:07,OI311C9600,OI311C9600,75.0,0.0,0.0,0.0,8,69.0,71.0,2,75.0,0.0,0.0,0.0,0.0,0.0,83
2023-05-10 21:13:28,OI311C9600,OI311C9600,75.0,0.0,0.0,0.0,8,69.0,70.5,2,75.0,0.0,0.0,0.0,0.0,0.0,83
2023-05-10 21:14:03,OI311C9600,OI311C9600,75.0,0.0,0.0,0.0,8,69.0,71.0,2,75.0,0.0,0.0,0.0,0.0,0.0,83
2023-05-10 21:14:04,OI311C9600,OI311C9600,75.0,0.0,0.0,0.0,2,69.5,71.0,2,75.0,0.0,0.0,0.0,0.0,0.0,83
2023-05-10 21:14:16,OI311C9600,OI311C9600,75.0,0.0,0.0,0.0,2,69.5,72.0,2,75.0,0.0,0.0,0.0,0.0,0.0,83
2023-05-10 21:14:16,OI311C9600,OI311C9600,75.0,0.0,0.0,0.0,8,69.5,72.0,2,75.0,0.0,0.0,0.0,0.0,0.0,83
2023-05-10 21:14:17,OI311C9600,OI311C9600,75.0,0.0,0.0,0.0,2,70.0,72.0,2,75.0,0.0,0.0,0.0,0.0,0.0,83
2023-05-10 21:14:19,OI311C9600,OI311C9600,75.0,0.0,0.0,0.0,2,70.0,71.5,2,75.0,0.0,0.0,0.0,0.0,0.0,83
2023-05-10 21:14:23,OI311C9600,OI311C9600,75.0,0.0,0.0,0.0,8,70.0,71.5,2,75.0,0.0,0.0,0.0,0.0,0.0,83
2023-05-10 21:15:30,OI311C9600,OI311C9600,75.0,0.0,0.0,0.0,6,70.0,71.5,2,75.0,0.0,0.0,0.0,0.0,0.0,83
2023-05-10 21:15:31,OI311C9600,OI311C9600,75.0,0.0,0.0,0.0,6,67.0,71.5,2,75.0,0.0,0.0,0.0,0.0,0.0,83
2023-05-10 21:15:31,OI311C9600,OI311C9600,75.0,0.0,0.0,0.0,8,68.0,71.5,2,75.0,0.0,0.0,0.0,0.0,0.0,83
2023-05-10 21:15:31,OI311C9600,OI311C9600,75.0,0.0,0.0,0.0,8,68.0,70.5,2,75.0,0.0,0.0,0.0,0.0,0.0,83
2023-05-10 21:15:50,OI311C9600,OI311C9600,75.0,0.0,0.0,0.0,8,68.0,70.0,2,75.0,0.0,0.0,0.0,0.0,0.0,83
2023-05-10 21:16:09,OI311C9600,OI311C9600,75.0,0.0,0.0,0.0,2,68.5,70.0,2,75.0,0.0,0.0,0.0,0.0,0.0,83
2023-05-10 21:16:39,OI311C9600,OI311C9600,75.0,0.0,0.0,0.0,8,68.0,70.0,2,75.0,0.0,0.0,0.0,0.0,0.0,83
2023-05-10 21:16:40,OI311C9600,OI311C9600,75.0,0.0,0.0,0.0,8,68.0,69.5,2,75.0,0.0,0.0,0.0,0.0,0.0,83
2023-05-10 21:17:17,OI311C9600,OI311C9600,75.0,0.0,0.0,0.0,6,68.0,69.5,2,75.0,0.0,0.0,0.0,0.0,0.0,83
2023-05-10 21:17:18,OI311C9600,OI311C9600,75.0,0.0,0.0,0.0,8,67.0,69.5,2,75.0,0.0,0.0,0.0,0.0,0.0,83
2023-05-10 21:17:18,OI311C9600,OI311C9600,75.0,0.0,0.0,0.0,8,67.0,69.0,2,75.0,0.0,0.0,0.0,0.0,0.0,83
2023-05-10 21:17:21,OI311C9600,OI311C9600,75.0,0.0,0.0,0.0,2,67.5,69.0,2,75.0,0.0,0.0,0.0,0.0,0.0,83
2023-05-10 21:18:09,OI311C9600,OI311C9600,75.0,0.0,0.0,0.0,2,67.5,69.5,2,75.0,0.0,0.0,0.0,0.0,0.0,83
2023-05-10 21:18:10,OI311C9600,OI311C9600,75.0,0.0,0.0,0.0,8,67.5,69.5,2,75.0,0.0,0.0,0.0,0.0,0.0,83
2023-05-10 21:18:11,OI311C9600,OI311C9600,75.0,0.0,0.0,0.0,2,68.0,69.5,2,75.0,0.0,0.0,0.0,0.0,0.0,83
2023-05-10 21:18:13,OI311C9600,OI311C9600,75.0,0.0,0.0,0.0,2,68.0,70.5,2,75.0,0.0,0.0,0.0,0.0,0.0,83
2023-05-10 21:18:13,OI311C9600,OI311C9600,75.0,0.0,0.0,0.0,2,68.0,70.0,2,75.0,0.0,0.0,0.0,0.0,0.0,83
2023-05-10 21:18:13,OI311C9600,OI311C9600,75.0,0.0,0.0,0.0,2,68.0,70.5,2,75.0,0.0,0.0,0.0,0.0,0.0,83
2023-05-10 21:18:13,OI311C9600,OI311C9600,75.0,0.0,0.0,0.0,2,68.0,70.0,2,75.0,0.0,0.0,0.0,0.0,0.0,83
2023-05-10 21:19:19,OI311C9600,OI311C9600,75.0,0.0,0.0,0.0,8,68.5,70.0,2,75.0,0.0,0.0,0.0,0.0,0.0,83
2023-05-10 21:19:54,OI311C9600,OI311C9600,75.0,0.0,0.0,0.0,6,68.5,70.0,2,75.0,0.0,0.0,0.0,0.0,0.0,83
2023-05-10 21:19:56,OI311C9600,OI311C9600,75.0,0.0,0.0,0.0,6,68.5,69.5,2,75.0,0.0,0.0,0.0,0.0,0.0,83
2023-05-10 21:19:57,OI311C9600,OI311C9600,75.0,0.0,0.0,0.0,14,68.0,69.5,2,75.0,0.0,0.0,0.0,0.0,0.0,83
2023-05-10 21:19:57,OI311C9600,OI311C9600,75.0,0.0,0.0,0.0,8,68.0,69.5,2,75.0,0.0,0.0,0.0,0.0,0.0,83
2023-05-10 21:20:05,OI311C9600,OI311C9600,75.0,0.0,0.0,0.0,8,68.0,70.0,2,75.0,0.0,0.0,0.0,0.0,0.0,83
2023-05-10 21:21:14,OI311C9600,OI311C9600,75.0,0.0,0.0,0.0,8,68.0,69.5,2,75.0,0.0,0.0,0.0,0.0,0.0,83
2023-05-10 21:21:43,OI311C9600,OI311C9600,75.0,0.0,0.0,0.0,6,68.0,69.5,2,75.0,0.0,0.0,0.0,0.0,0.0,83
2023-05-10 21:21:43,OI311C9600,OI311C9600,75.0,0.0,0.0,0.0,8,67.0,69.5,2,75.0,0.0,0.0,0.0,0.0,0.0,83
2023-05-10 21:21:44,OI311C9600,OI311C9600,75.0,0.0,0.0,0.0,8,67.0,69.0,2,75.0,0.0,0.0,0.0,0.0,0.0,83
2023-05-10 21:22:07,OI311C9600,OI311C9600,75.0,0.0,0.0,0.0,8,67.0,68.5,2,75.0,0.0,0.0,0.0,0.0,0.0,83
2023-05-10 21:22:20,OI311C9600,OI311C9600,75.0,0.0,0.0,0.0,6,67.0,68.5,2,75.0,0.0,0.0,0.0,0.0,0.0,83
2023-05-10 21:22:21,OI311C9600,OI311C9600,75.0,0.0,0.0,0.0,8,66.0,68.5,2,75.0,0.0,0.0,0.0,0.0,0.0,83
2023-05-10 21:22:23,OI311C9600,OI311C9600,75.0,0.0,0.0,0.0,8,66.0,68.0,2,75.0,0.0,0.0,0.0,0.0,0.0,83
2023-05-10 21:22:24,OI311C9600,OI311C9600,75.0,0.0,0.0,0.0,2,66.5,68.0,2,75.0,0.0,0.0,0.0,0.0,0.0,83
2023-05-10 21:22:46,OI311C9600,OI311C9600,75.0,0.0,0.0,0.0,8,66.0,68.0,2,75.0,0.0,0.0,0.0,0.0,0.0,83
2023-05-10 21:23:22,OI311C9600,OI311C9600,75.0,0.0,0.0,0.0,2,66.5,68.0,2,75.0,0.0,0.0,0.0,0.0,0.0,83
2023-05-10 21:23:49,OI311C9600,OI311C9600,75.0,0.0,0.0,0.0,2,66.5,68.5,2,75.0,0.0,0.0,0.0,0.0,0.0,83
2023-05-10 21:23:51,OI311C9600,OI311C9600,75.0,0.0,0.0,0.0,2,67.0,68.5,2,75.0,0.0,0.0,0.0,0.0,0.0,83
2023-05-10 21:23:52,OI311C9600,OI311C9600,75.0,0.0,0.0,0.0,8,67.0,68.5,2,75.0,0.0,0.0,0.0,0.0,0.0,83
2023-05-10 21:24:05,OI311C9600,OI311C9600,75.0,0.0,0.0,0.0,8,67.0,69.5,2,75.0,0.0,0.0,0.0,0.0,0.0,83
2023-05-10 21:24:05,OI311C9600,OI311C9600,75.0,0.0,0.0,0.0,8,67.0,69.0,2,75.0,0.0,0.0,0.0,0.0,0.0,83
2023-05-10 21:24:14,OI311C9600,OI311C9600,75.0,0.0,0.0,0.0,2,67.5,69.0,2,75.0,0.0,0.0,0.0,0.0,0.0,83
2023-05-10 21:24:23,OI311C9600,OI311C9600,75.0,0.0,0.0,0.0,8,67.5,69.0,2,75.0,0.0,0.0,0.0,0.0,0.0,83
2023-05-10 21:25:06,OI311C9600,OI311C9600,75.0,0.0,0.0,0.0,8,67.5,69.5,2,75.0,0.0,0.0,0.0,0.0,0.0,83
2023-05-10 21:25:32,OI311C9600,OI311C9600,75.0,0.0,0.0,0.0,2,68.0,69.5,2,75.0,0.0,0.0,0.0,0.0,0.0,83
2023-05-10 21:26:46,OI311C9600,OI311C9600,75.0,0.0,0.0,0.0,8,67.5,69.5,2,75.0,0.0,0.0,0.0,0.0,0.0,83
2023-05-10 21:27:22,OI311C9600,OI311C9600,75.0,0.0,0.0,0.0,8,67.5,69.0,2,75.0,0.0,0.0,0.0,0.0,0.0,83
2023-05-10 21:28:04,OI311C9600,OI311C9600,75.0,0.0,0.0,0.0,8,67.5,69.5,2,75.0,0.0,0.0,0.0,0.0,0.0,83
2023-05-10 21:28:12,OI311C9600,OI311C9600,75.0,0.0,0.0,0.0,2,68.0,69.5,2,75.0,0.0,0.0,0.0,0.0,0.0,83
2023-05-10 21:29:24,OI311C9600,OI311C9600,75.0,0.0,0.0,0.0,8,67.5,69.5,2,75.0,0.0,0.0,0.0,0.0,0.0,83
2023-05-10 21:30:07,OI311C9600,OI311C9600,75.0,0.0,0.0,0.0,2,68.0,69.5,2,75.0,0.0,0.0,0.0,0.0,0.0,83
2023-05-10 21:30:22,OI311C9600,OI311C9600,75.0,0.0,0.0,0.0,8,67.5,69.5,2,75.0,0.0,0.0,0.0,0.0,0.0,83
2023-05-10 21:30:23,OI311C9600,OI311C9600,75.0,0.0,0.0,0.0,8,67.5,69.0,2,75.0,0.0,0.0,0.0,0.0,0.0,83
2023-05-10 21:30:56,OI311C9600,OI311C9600,75.0,0.0,0.0,0.0,8,67.5,69.5,2,75.0,0.0,0.0,0.0,0.0,0.0,83
2023-05-10 21:31:00,OI311C9600,OI311C9600,75.0,0.0,0.0,0.0,2,68.0,69.5,2,75.0,0.0,0.0,0.0,0.0,0.0,83
2023-05-10 21:31:05,OI311C9600,OI311C9600,75.0,0.0,0.0,0.0,2,68.0,70.5,2,75.0,0.0,0.0,0.0,0.0,0.0,83
2023-05-10 21:31:08,OI311C9600,OI311C9600,75.0,0.0,0.0,0.0,2,68.5,70.5,2,75.0,0.0,0.0,0.0,0.0,0.0,83
2023-05-10 21:31:08,OI311C9600,OI311C9600,75.0,0.0,0.0,0.0,8,68.5,70.5,2,75.0,0.0,0.0,0.0,0.0,0.0,83
2023-05-10 21:31:10,OI311C9600,OI311C9600,75.0,0.0,0.0,0.0,2,68.5,70.5,2,75.0,0.0,0.0,0.0,0.0,0.0,83
2023-05-10 21:31:11,OI311C9600,OI311C9600,75.0,0.0,0.0,0.0,8,68.5,70.5,2,75.0,0.0,0.0,0.0,0.0,0.0,83
2023-05-10 21:31:25,OI311C9600,OI311C9600,75.0,0.0,0.0,0.0,2,69.0,70.5,2,75.0,0.0,0.0,0.0,0.0,0.0,83
2023-05-10 21:31:41,OI311C9600,OI311C9600,75.0,0.0,0.0,0.0,8,69.0,70.5,2,75.0,0.0,0.0,0.0,0.0,0.0,83
2023-05-10 21:31:42,OI311C9600,OI311C9600,75.0,0.0,0.0,0.0,6,69.0,70.5,2,75.0,0.0,0.0,0.0,0.0,0.0,83
2023-05-10 21:31:43,OI311C9600,OI311C9600,75.0,0.0,0.0,0.0,6,69.0,70.0,2,75.0,0.0,0.0,0.0,0.0,0.0,83
2023-05-10 21:31:48,OI311C9600,OI311C9600,75.0,0.0,0.0,0.0,13,65.0,70.0,2,75.0,0.0,0.0,0.0,0.0,0.0,83
2023-05-10 21:31:49,OI311C9600,OI311C9600,75.0,0.0,0.0,0.0,2,68.0,70.0,2,75.0,0.0,0.0,0.0,0.0,0.0,83
2023-05-10 21:32:03,OI311C9600,OI311C9600,75.0,0.0,0.0,0.0,2,68.0,69.5,2,75.0,0.0,0.0,0.0,0.0,0.0,83
2023-05-10 21:32:42,OI311C9600,OI311C9600,75.0,0.0,0.0,0.0,2,68.0,70.0,2,75.0,0.0,0.0,0.0,0.0,0.0,83
2023-05-10 21:32:50,OI311C9600,OI311C9600,75.0,0.0,0.0,0.0,2,68.0,69.5,2,75.0,0.0,0.0,0.0,0.0,0.0,83
2023-05-10 21:33:13,OI311C9600,OI311C9600,75.0,0.0,0.0,0.0,2,68.0,70.0,2,75.0,0.0,0.0,0.0,0.0,0.0,83
2023-05-10 21:33:21,OI311C9600,OI311C9600,75.0,0.0,0.0,0.0,8,68.5,70.0,2,75.0,0.0,0.0,0.0,0.0,0.0,83
2023-05-10 21:33:35,OI311C9600,OI311C9600,75.0,0.0,0.0,0.0,8,68.5,72.5,12,75.0,0.0,0.0,0.0,0.0,0.0,83
2023-05-10 21:33:36,OI311C9600,OI311C9600,75.0,0.0,0.0,0.0,8,68.5,70.5,2,75.0,0.0,0.0,0.0,0.0,0.0,83
2023-05-10 21:34:43,OI311C9600,OI311C9600,75.0,0.0,0.0,0.0,8,68.5,70.0,2,75.0,0.0,0.0,0.0,0.0,0.0,83
2023-05-10 21:35:05,OI311C9600,OI311C9600,75.0,0.0,0.0,0.0,8,68.5,70.5,2,75.0,0.0,0.0,0.0,0.0,0.0,83
2023-05-10 21:35:20,OI311C9600,OI311C9600,75.0,0.0,0.0,0.0,8,68.5,70.0,2,75.0,0.0,0.0,0.0,0.0,0.0,83
2023-05-10 21:35:59,OI311C9600,OI311C9600,75.0,0.0,0.0,0.0,8,68.5,70.5,2,75.0,0.0,0.0,0.0,0.0,0.0,83
2023-05-10 21:36:00,OI311C9600,OI311C9600,75.0,0.0,0.0,0.0,2,69.0,70.5,2,75.0,0.0,0.0,0.0,0.0,0.0,83
2023-05-10 21:36:24,OI311C9600,OI311C9600,75.0,0.0,0.0,0.0,8,69.0,70.5,2,75.0,0.0,0.0,0.0,0.0,0.0,83
2023-05-10 21:36:25,OI311C9600,OI311C9600,75.0,0.0,0.0,0.0,8,69.0,71.5,2,75.0,0.0,0.0,0.0,0.0,0.0,83
2023-05-10 21:36:26,OI311C9600,OI311C9600,75.0,0.0,0.0,0.0,8,69.0,71.0,2,75.0,0.0,0.0,0.0,0.0,0.0,83
2023-05-10 21:36:31,OI311C9600,OI311C9600,75.0,0.0,0.0,0.0,8,69.0,70.5,2,75.0,0.0,0.0,0.0,0.0,0.0,83
2023-05-10 21:36:39,OI311C9600,OI311C9600,75.0,0.0,0.0,0.0,8,69.0,71.0,2,75.0,0.0,0.0,0.0,0.0,0.0,83
2023-05-10 21:36:45,OI311C9600,OI311C9600,75.0,0.0,0.0,0.0,2,69.5,71.0,2,75.0,0.0,0.0,0.0,0.0,0.0,83
2023-05-10 21:37:06,OI311C9600,OI311C9600,75.0,0.0,0.0,0.0,2,69.5,71.5,2,75.0,0.0,0.0,0.0,0.0,0.0,83
2023-05-10 21:37:52,OI311C9600,OI311C9600,75.0,0.0,0.0,0.0,2,69.5,71.0,2,75.0,0.0,0.0,0.0,0.0,0.0,83
2023-05-10 21:38:09,OI311C9600,OI311C9600,75.0,0.0,0.0,0.0,8,69.0,71.0,2,75.0,0.0,0.0,0.0,0.0,0.0,83
2023-05-10 21:38:10,OI311C9600,OI311C9600,75.0,0.0,0.0,0.0,8,69.0,70.5,2,75.0,0.0,0.0,0.0,0.0,0.0,83
2023-05-10 21:38:53,OI311C9600,OI311C9600,75.0,0.0,0.0,0.0,8,69.0,71.0,2,75.0,0.0,0.0,0.0,0.0,0.0,83
2023-05-10 21:39:02,OI311C9600,OI311C9600,75.0,0.0,0.0,0.0,8,69.0,70.5,2,75.0,0.0,0.0,0.0,0.0,0.0,83
2023-05-10 21:39:24,OI311C9600,OI311C9600,75.0,0.0,0.0,0.0,6,69.0,70.5,2,75.0,0.0,0.0,0.0,0.0,0.0,83
2023-05-10 21:39:24,OI311C9600,OI311C9600,75.0,0.0,0.0,0.0,8,68.0,70.5,2,75.0,0.0,0.0,0.0,0.0,0.0,83
2023-05-10 21:39:25,OI311C9600,OI311C9600,75.0,0.0,0.0,0.0,8,68.0,70.0,2,75.0,0.0,0.0,0.0,0.0,0.0,83
2023-05-10 21:39:35,OI311C9600,OI311C9600,75.0,0.0,0.0,0.0,2,68.5,70.0,2,75.0,0.0,0.0,0.0,0.0,0.0,83
2023-05-10 21:40:46,OI311C9600,OI311C9600,75.0,0.0,0.0,0.0,8,68.0,70.0,2,75.0,0.0,0.0,0.0,0.0,0.0,83
2023-05-10 21:41:25,OI311C9600,OI311C9600,75.0,0.0,0.0,0.0,8,68.0,69.5,2,75.0,0.0,0.0,0.0,0.0,0.0,83
2023-05-10 21:41:32,OI311C9600,OI311C9600,75.0,0.0,0.0,0.0,14,67.0,69.5,2,75.0,0.0,0.0,0.0,0.0,0.0,83
2023-05-10 21:41:32,OI311C9600,OI311C9600,75.0,0.0,0.0,0.0,8,67.0,69.5,2,75.0,0.0,0.0,0.0,0.0,0.0,83
2023-05-10 21:41:34,OI311C9600,OI311C9600,75.0,0.0,0.0,0.0,2,67.5,69.5,2,75.0,0.0,0.0,0.0,0.0,0.0,83
2023-05-10 21:42:19,OI311C9600,OI311C9600,75.0,0.0,0.0,0.0,2,67.5,69.0,2,75.0,0.0,0.0,0.0,0.0,0.0,83
2023-05-10 21:42:24,OI311C9600,OI311C9600,75.0,0.0,0.0,0.0,8,67.5,69.0,2,75.0,0.0,0.0,0.0,0.0,0.0,83
2023-05-10 21:42:46,OI311C9600,OI311C9600,75.0,0.0,0.0,0.0,6,67.5,69.0,2,75.0,0.0,0.0,0.0,0.0,0.0,83
2023-05-10 21:42:49,OI311C9600,OI311C9600,75.0,0.0,0.0,0.0,6,67.5,68.5,2,75.0,0.0,0.0,0.0,0.0,0.0,83
2023-05-10 21:43:40,OI311C9600,OI311C9600,75.0,0.0,0.0,0.0,7,65.0,68.5,2,75.0,0.0,0.0,0.0,0.0,0.0,83
2023-05-10 21:43:40,OI311C9600,OI311C9600,75.0,0.0,0.0,0.0,2,66.0,68.0,2,75.0,0.0,0.0,0.0,0.0,0.0,83
2023-05-10 21:43:41,OI311C9600,OI311C9600,75.0,0.0,0.0,0.0,8,66.0,68.0,2,75.0,0.0,0.0,0.0,0.0,0.0,83
2023-05-10 21:43:47,OI311C9600,OI311C9600,75.0,0.0,0.0,0.0,2,66.5,68.0,2,75.0,0.0,0.0,0.0,0.0,0.0,83
2023-05-10 21:44:04,OI311C9600,OI311C9600,75.0,0.0,0.0,0.0,2,66.5,68.5,2,75.0,0.0,0.0,0.0,0.0,0.0,83
2023-05-10 21:44:04,OI311C9600,OI311C9600,75.0,0.0,0.0,0.0,2,67.0,68.5,2,75.0,0.0,0.0,0.0,0.0,0.0,83
2023-05-10 21:44:15,OI311C9600,OI311C9600,75.0,0.0,0.0,0.0,2,67.0,69.5,2,75.0,0.0,0.0,0.0,0.0,0.0,83
2023-05-10 21:44:17,OI311C9600,OI311C9600,75.0,0.0,0.0,0.0,2,67.0,69.0,2,75.0,0.0,0.0,0.0,0.0,0.0,83
2023-05-10 21:44:18,OI311C9600,OI311C9600,75.0,0.0,0.0,0.0,8,67.5,69.0,2,75.0,0.0,0.0,0.0,0.0,0.0,83
2023-05-10 21:44:29,OI311C9600,OI311C9600,75.0,0.0,0.0,0.0,8,67.5,69.5,2,75.0,0.0,0.0,0.0,0.0,0.0,83
2023-05-10 21:45:10,OI311C9600,OI311C9600,75.0,0.0,0.0,0.0,2,68.0,69.5,2,75.0,0.0,0.0,0.0,0.0,0.0,83
2023-05-10 21:45:15,OI311C9600,OI311C9600,75.0,0.0,0.0,0.0,2,68.0,72.0,12,75.0,0.0,0.0,0.0,0.0,0.0,83
2023-05-10 21:45:16,OI311C9600,OI311C9600,75.0,0.0,0.0,0.0,8,68.0,70.5,2,75.0,0.0,0.0,0.0,0.0,0.0,83
2023-05-10 21:45:19,OI311C9600,OI311C9600,75.0,0.0,0.0,0.0,2,68.5,70.5,2,75.0,0.0,0.0,0.0,0.0,0.0,83
2023-05-10 21:45:27,OI311C9600,OI311C9600,75.0,0.0,0.0,0.0,2,68.5,70.0,2,75.0,0.0,0.0,0.0,0.0,0.0,83
2023-05-10 21:45:54,OI311C9600,OI311C9600,75.0,0.0,0.0,0.0,6,68.5,70.0,2,75.0,0.0,0.0,0.0,0.0,0.0,83
2023-05-10 21:45:59,OI311C9600,OI311C9600,75.0,0.0,0.0,0.0,6,68.5,69.5,2,75.0,0.0,0.0,0.0,0.0,0.0,83
2023-05-10 21:46:17,OI311C9600,OI311C9600,75.0,0.0,0.0,0.0,7,65.0,69.5,2,75.0,0.0,0.0,0.0,0.0,0.0,83
2023-05-10 21:46:18,OI311C9600,OI311C9600,75.0,0.0,0.0,0.0,2,67.0,69.5,2,75.0,0.0,0.0,0.0,0.0,0.0,83
2023-05-10 21:46:18,OI311C9600,OI311C9600,75.0,0.0,0.0,0.0,8,67.0,69.5,2,75.0,0.0,0.0,0.0,0.0,0.0,83
2023-05-10 21:46:20,OI311C9600,OI311C9600,75.0,0.0,0.0,0.0,8,67.0,69.0,2,75.0,0.0,0.0,0.0,0.0,0.0,83
2023-05-10 21:47:10,OI311C9600,OI311C9600,75.0,0.0,0.0,0.0,2,67.5,69.0,2,75.0,0.0,0.0,0.0,0.0,0.0,83
2023-05-10 21:48:04,OI311C9600,OI311C9600,75.0,0.0,0.0,0.0,8,67.0,69.0,2,75.0,0.0,0.0,0.0,0.0,0.0,83
2023-05-10 21:48:14,OI311C9600,OI311C9600,75.0,0.0,0.0,0.0,8,67.0,68.5,2,75.0,0.0,0.0,0.0,0.0,0.0,83
2023-05-10 21:48:43,OI311C9600,OI311C9600,75.0,0.0,0.0,0.0,2,66.0,68.5,2,75.0,0.0,0.0,0.0,0.0,0.0,83
2023-05-10 21:48:43,OI311C9600,OI311C9600,75.0,0.0,0.0,0.0,8,66.0,68.5,2,75.0,0.0,0.0,0.0,0.0,0.0,83
2023-05-10 21:48:45,OI311C9600,OI311C9600,75.0,0.0,0.0,0.0,2,66.5,68.5,2,75.0,0.0,0.0,0.0,0.0,0.0,83
2023-05-10 21:48:50,OI311C9600,OI311C9600,75.0,0.0,0.0,0.0,2,66.5,68.0,2,75.0,0.0,0.0,0.0,0.0,0.0,83
2023-05-10 21:49:19,OI311C9600,OI311C9600,75.0,0.0,0.0,0.0,2,66.5,68.5,2,75.0,0.0,0.0,0.0,0.0,0.0,83
2023-05-10 21:49:20,OI311C9600,OI311C9600,75.0,0.0,0.0,0.0,8,67.0,68.5,2,75.0,0.0,0.0,0.0,0.0,0.0,83
2023-05-10 21:51:29,OI311C9600,OI311C9600,75.0,0.0,0.0,0.0,8,67.0,69.5,2,75.0,0.0,0.0,0.0,0.0,0.0,83
2023-05-10 21:51:34,OI311C9600,OI311C9600,75.0,0.0,0.0,0.0,2,67.5,69.5,2,75.0,0.0,0.0,0.0,0.0,0.0,83
2023-05-10 21:51:36,OI311C9600,OI311C9600,75.0,0.0,0.0,0.0,8,67.5,69.5,2,75.0,0.0,0.0,0.0,0.0,0.0,83
2023-05-10 21:51:46,OI311C9600,OI311C9600,75.0,0.0,0.0,0.0,2,68.0,69.5,2,75.0,0.0,0.0,0.0,0.0,0.0,83
2023-05-10 21:53:04,OI311C9600,OI311C9600,75.0,0.0,0.0,0.0,8,67.5,69.5,2,75.0,0.0,0.0,0.0,0.0,0.0,83
2023-05-10 21:53:31,OI311C9600,OI311C9600,75.0,0.0,0.0,0.0,2,68.0,69.5,2,75.0,0.0,0.0,0.0,0.0,0.0,83
2023-05-10 21:53:39,OI311C9600,OI311C9600,75.0,0.0,0.0,0.0,2,68.0,70.5,2,75.0,0.0,0.0,0.0,0.0,0.0,83
2023-05-10 21:53:41,OI311C9600,OI311C9600,75.0,0.0,0.0,0.0,2,68.0,70.0,2,75.0,0.0,0.0,0.0,0.0,0.0,83
2023-05-10 21:53:41,OI311C9600,OI311C9600,75.0,0.0,0.0,0.0,8,68.0,70.0,2,75.0,0.0,0.0,0.0,0.0,0.0,83
2023-05-10 21:53:55,OI311C9600,OI311C9600,75.0,0.0,0.0,0.0,8,68.0,69.5,2,75.0,0.0,0.0,0.0,0.0,0.0,83
2023-05-10 21:54:27,OI311C9600,OI311C9600,75.0,0.0,0.0,0.0,8,68.0,70.0,2,75.0,0.0,0.0,0.0,0.0,0.0,83
2023-05-10 21:54:39,OI311C9600,OI311C9600,75.0,0.0,0.0,0.0,8,68.0,69.5,2,75.0,0.0,0.0,0.0,0.0,0.0,83
2023-05-10 21:55:01,OI311C9600,OI311C9600,75.0,0.0,0.0,0.0,2,68.5,70.0,2,75.0,0.0,0.0,0.0,0.0,0.0,83
2023-05-10 21:55:34,OI311C9600,OI311C9600,75.0,0.0,0.0,0.0,8,68.5,71.0,2,75.0,0.0,0.0,0.0,0.0,0.0,83
2023-05-10 21:55:36,OI311C9600,OI311C9600,75.0,0.0,0.0,0.0,2,69.0,71.0,2,75.0,0.0,0.0,0.0,0.0,0.0,83
2023-05-10 21:55:47,OI311C9600,OI311C9600,75.0,0.0,0.0,0.0,2,69.0,70.5,2,75.0,0.0,0.0,0.0,0.0,0.0,83
2023-05-10 21:56:31,OI311C9600,OI311C9600,75.0,0.0,0.0,0.0,2,69.0,71.0,2,75.0,0.0,0.0,0.0,0.0,0.0,83
2023-05-10 21:57:12,OI311C9600,OI311C9600,75.0,0.0,0.0,0.0,8,69.0,71.0,2,75.0,0.0,0.0,0.0,0.0,0.0,83
2023-05-10 21:57:32,OI311C9600,OI311C9600,75.0,0.0,0.0,0.0,2,69.5,71.0,2,75.0,0.0,0.0,0.0,0.0,0.0,83
2023-05-10 21:57:56,OI311C9600,OI311C9600,75.0,0.0,0.0,0.0,8,69.5,71.0,2,75.0,0.0,0.0,0.0,0.0,0.0,83
2023-05-10 21:58:18,OI311C9600,OI311C9600,75.0,0.0,0.0,0.0,6,69.5,71.0,2,75.0,0.0,0.0,0.0,0.0,0.0,83
2023-05-10 21:58:21,OI311C9600,OI311C9600,75.0,0.0,0.0,0.0,6,69.5,70.5,2,75.0,0.0,0.0,0.0,0.0,0.0,83
2023-05-10 21:59:55,OI311C9600,OI311C9600,75.0,0.0,0.0,0.0,6,66.0,70.5,2,75.0,0.0,0.0,0.0,0.0,0.0,83
2023-05-10 21:59:56,OI311C9600,OI311C9600,75.0,0.0,0.0,0.0,8,68.0,70.5,2,75.0,0.0,0.0,0.0,0.0,0.0,83
2023-05-10 21:59:56,OI311C9600,OI311C9600,75.0,0.0,0.0,0.0,2,68.5,70.5,2,75.0,0.0,0.0,0.0,0.0,0.0,83
2023-05-10 22:00:04,OI311C9600,OI311C9600,75.0,0.0,0.0,0.0,2,69.0,70.5,2,75.0,0.0,0.0,0.0,0.0,0.0,83
2023-05-10 22:00:04,OI311C9600,OI311C9600,75.0,0.0,0.0,0.0,8,69.0,70.5,2,75.0,0.0,0.0,0.0,0.0,0.0,83
2023-05-10 22:00:09,OI311C9600,OI311C9600,75.0,0.0,0.0,0.0,8,69.0,71.0,2,75.0,0.0,0.0,0.0,0.0,0.0,83
2023-05-10 22:00:25,OI311C9600,OI311C9600,75.0,0.0,0.0,0.0,2,69.5,71.0,2,75.0,0.0,0.0,0.0,0.0,0.0,83
2023-05-10 22:00:27,OI311C9600,OI311C9600,75.0,0.0,0.0,0.0,2,69.5,73.5,13,75.0,0.0,0.0,0.0,0.0,0.0,83
2023-05-10 22:00:28,OI311C9600,OI311C9600,75.0,0.0,0.0,0.0,8,69.5,73.5,1,75.0,0.0,0.0,0.0,0.0,0.0,83
2023-05-10 22:00:29,OI311C9600,OI311C9600,75.0,0.0,0.0,0.0,8,69.5,72.0,2,75.0,0.0,0.0,0.0,0.0,0.0,83
2023-05-10 22:00:30,OI311C9600,OI311C9600,75.0,0.0,0.0,0.0,2,70.0,72.0,2,75.0,0.0,0.0,0.0,0.0,0.0,83
2023-05-10 22:01:05,OI311C9600,OI311C9600,75.0,0.0,0.0,0.0,2,70.0,71.5,2,75.0,0.0,0.0,0.0,0.0,0.0,83
2023-05-10 22:01:24,OI311C9600,OI311C9600,75.0,0.0,0.0,0.0,2,70.0,72.0,2,75.0,0.0,0.0,0.0,0.0,0.0,83
2023-05-10 22:01:32,OI311C9600,OI311C9600,75.0,0.0,0.0,0.0,2,70.5,72.0,2,75.0,0.0,0.0,0.0,0.0,0.0,83
2023-05-10 22:01:32,OI311C9600,OI311C9600,75.0,0.0,0.0,0.0,8,70.5,72.0,2,75.0,0.0,0.0,0.0,0.0,0.0,83
2023-05-10 22:01:34,OI311C9600,OI311C9600,75.0,0.0,0.0,0.0,8,70.5,73.0,2,75.0,0.0,0.0,0.0,0.0,0.0,83
2023-05-10 22:01:40,OI311C9600,OI311C9600,75.0,0.0,0.0,0.0,2,71.0,73.0,2,75.0,0.0,0.0,0.0,0.0,0.0,83
2023-05-10 22:01:48,OI311C9600,OI311C9600,75.0,0.0,0.0,0.0,8,71.0,72.5,2,75.0,0.0,0.0,0.0,0.0,0.0,83
2023-05-10 22:01:50,OI311C9600,OI311C9600,75.0,0.0,0.0,0.0,6,71.0,72.5,2,75.0,0.0,0.0,0.0,0.0,0.0,83
2023-05-10 22:01:57,OI311C9600,OI311C9600,75.0,0.0,0.0,0.0,6,71.0,72.0,2,75.0,0.0,0.0,0.0,0.0,0.0,83
2023-05-10 22:02:03,OI311C9600,OI311C9600,75.0,0.0,0.0,0.0,6,67.0,72.0,2,75.0,0.0,0.0,0.0,0.0,0.0,83
2023-05-10 22:02:03,OI311C9600,OI311C9600,75.0,0.0,0.0,0.0,8,69.5,72.0,2,75.0,0.0,0.0,0.0,0.0,0.0,83
2023-05-10 22:02:06,OI311C9600,OI311C9600,75.0,0.0,0.0,0.0,8,69.5,71.5,2,75.0,0.0,0.0,0.0,0.0,0.0,83
2023-05-10 22:02:47,OI311C9600,OI311C9600,75.0,0.0,0.0,0.0,2,70.0,71.5,2,75.0,0.0,0.0,0.0,0.0,0.0,83
2023-05-10 22:03:00,OI311C9600,OI311C9600,75.0,0.0,0.0,0.0,8,70.0,71.5,2,75.0,0.0,0.0,0.0,0.0,0.0,83
2023-05-10 22:03:03,OI311C9600,OI311C9600,75.0,0.0,0.0,0.0,6,70.0,71.5,2,75.0,0.0,0.0,0.0,0.0,0.0,83
2023-05-10 22:03:06,OI311C9600,OI311C9600,75.0,0.0,0.0,0.0,6,70.0,71.0,2,75.0,0.0,0.0,0.0,0.0,0.0,83
2023-05-10 22:03:22,OI311C9600,OI311C9600,75.0,0.0,0.0,0.0,2,68.5,71.0,2,75.0,0.0,0.0,0.0,0.0,0.0,83
2023-05-10 22:03:22,OI311C9600,OI311C9600,75.0,0.0,0.0,0.0,8,68.5,71.0,2,75.0,0.0,0.0,0.0,0.0,0.0,83
2023-05-10 22:03:36,OI311C9600,OI311C9600,75.0,0.0,0.0,0.0,2,69.0,71.0,2,75.0,0.0,0.0,0.0,0.0,0.0,83
2023-05-10 22:04:02,OI311C9600,OI311C9600,75.0,0.0,0.0,0.0,2,69.0,70.5,2,75.0,0.0,0.0,0.0,0.0,0.0,83
2023-05-10 22:04:04,OI311C9600,OI311C9600,75.0,0.0,0.0,0.0,8,68.5,70.5,2,75.0,0.0,0.0,0.0,0.0,0.0,83
2023-05-10 22:06:12,OI311C9600,OI311C9600,75.0,0.0,0.0,0.0,2,69.0,70.5,2,75.0,0.0,0.0,0.0,0.0,0.0,83
2023-05-10 22:06:13,OI311C9600,OI311C9600,75.0,0.0,0.0,0.0,8,69.0,70.5,2,75.0,0.0,0.0,0.0,0.0,0.0,83
2023-05-10 22:06:15,OI311C9600,OI311C9600,75.0,0.0,0.0,0.0,8,69.0,71.0,2,75.0,0.0,0.0,0.0,0.0,0.0,83
2023-05-10 22:06:27,OI311C9600,OI311C9600,75.0,0.0,0.0,0.0,2,69.5,71.0,2,75.0,0.0,0.0,0.0,0.0,0.0,83
2023-05-10 22:08:03,OI311C9600,OI311C9600,75.0,0.0,0.0,0.0,2,69.5,72.0,2,75.0,0.0,0.0,0.0,0.0,0.0,83
2023-05-10 22:08:09,OI311C9600,OI311C9600,75.0,0.0,0.0,0.0,2,69.5,71.5,2,75.0,0.0,0.0,0.0,0.0,0.0,83
2023-05-10 22:09:49,OI311C9600,OI311C9600,75.0,0.0,0.0,0.0,8,69.5,71.5,2,75.0,0.0,0.0,0.0,0.0,0.0,83
2023-05-10 22:09:50,OI311C9600,OI311C9600,75.0,0.0,0.0,0.0,8,69.5,71.0,2,75.0,0.0,0.0,0.0,0.0,0.0,83
2023-05-10 22:09:55,OI311C9600,OI311C9600,75.0,0.0,0.0,0.0,6,69.5,71.0,2,75.0,0.0,0.0,0.0,0.0,0.0,83
2023-05-10 22:10:01,OI311C9600,OI311C9600,75.0,0.0,0.0,0.0,6,69.5,70.5,2,75.0,0.0,0.0,0.0,0.0,0.0,83
2023-05-10 22:11:28,OI311C9600,OI311C9600,75.0,0.0,0.0,0.0,6,69.5,71.0,2,75.0,0.0,0.0,0.0,0.0,0.0,83
2023-05-10 22:11:31,OI311C9600,OI311C9600,75.0,0.0,0.0,0.0,14,69.0,71.0,2,75.0,0.0,0.0,0.0,0.0,0.0,83
2023-05-10 22:11:31,OI311C9600,OI311C9600,75.0,0.0,0.0,0.0,8,69.0,71.0,2,75.0,0.0,0.0,0.0,0.0,0.0,83
2023-05-10 22:12:50,OI311C9600,OI311C9600,75.0,0.0,0.0,0.0,2,69.5,71.0,2,75.0,0.0,0.0,0.0,0.0,0.0,83
2023-05-10 22:14:25,OI311C9600,OI311C9600,75.0,0.0,0.0,0.0,8,69.0,71.0,2,75.0,0.0,0.0,0.0,0.0,0.0,83
2023-05-10 22:14:41,OI311C9600,OI311C9600,75.0,0.0,0.0,0.0,2,69.5,71.0,2,75.0,0.0,0.0,0.0,0.0,0.0,83
2023-05-10 22:14:47,OI311C9600,OI311C9600,75.0,0.0,0.0,0.0,2,69.5,72.0,2,75.0,0.0,0.0,0.0,0.0,0.0,83
2023-05-10 22:14:53,OI311C9600,OI311C9600,75.0,0.0,0.0,0.0,2,70.0,72.0,2,75.0,0.0,0.0,0.0,0.0,0.0,83
2023-05-10 22:14:54,OI311C9600,OI311C9600,75.0,0.0,0.0,0.0,8,70.0,72.0,2,75.0,0.0,0.0,0.0,0.0,0.0,83
2023-05-10 22:15:44,OI311C9600,OI311C9600,75.0,0.0,0.0,0.0,8,70.0,71.5,2,75.0,0.0,0.0,0.0,0.0,0.0,83
2023-05-10 22:15:46,OI311C9600,OI311C9600,75.0,0.0,0.0,0.0,6,70.0,71.5,2,75.0,0.0,0.0,0.0,0.0,0.0,83
2023-05-10 22:15:54,OI311C9600,OI311C9600,75.0,0.0,0.0,0.0,6,70.0,71.0,2,75.0,0.0,0.0,0.0,0.0,0.0,83
2023-05-10 22:16:01,OI311C9600,OI311C9600,75.0,0.0,0.0,0.0,6,66.5,71.0,2,75.0,0.0,0.0,0.0,0.0,0.0,83
2023-05-10 22:16:02,OI311C9600,OI311C9600,75.0,0.0,0.0,0.0,2,68.5,71.0,2,75.0,0.0,0.0,0.0,0.0,0.0,83
2023-05-10 22:16:02,OI311C9600,OI311C9600,75.0,0.0,0.0,0.0,8,68.5,71.0,2,75.0,0.0,0.0,0.0,0.0,0.0,83
2023-05-10 22:16:07,OI311C9600,OI311C9600,75.0,0.0,0.0,0.0,2,69.0,71.0,2,75.0,0.0,0.0,0.0,0.0,0.0,83
2023-05-10 22:16:46,OI311C9600,OI311C9600,75.0,0.0,0.0,0.0,8,69.0,71.0,2,75.0,0.0,0.0,0.0,0.0,0.0,83
2023-05-10 22:17:33,OI311C9600,OI311C9600,75.0,0.0,0.0,0.0,8,69.0,70.5,2,75.0,0.0,0.0,0.0,0.0,0.0,83
2023-05-10 22:18:00,OI311C9600,OI311C9600,75.0,0.0,0.0,0.0,6,69.0,70.5,2,75.0,0.0,0.0,0.0,0.0,0.0,83
2023-05-10 22:18:13,OI311C9600,OI311C9600,75.0,0.0,0.0,0.0,6,69.0,70.0,2,75.0,0.0,0.0,0.0,0.0,0.0,83
2023-05-10 22:18:17,OI311C9600,OI311C9600,75.0,0.0,0.0,0.0,8,68.5,70.0,2,75.0,0.0,0.0,0.0,0.0,0.0,83
2023-05-10 22:18:17,OI311C9600,OI311C9600,75.0,0.0,0.0,0.0,6,68.5,70.0,2,75.0,0.0,0.0,0.0,0.0,0.0,83
2023-05-10 22:18:18,OI311C9600,OI311C9600,75.0,0.0,0.0,0.0,2,67.5,70.0,2,75.0,0.0,0.0,0.0,0.0,0.0,83
2023-05-10 22:18:18,OI311C9600,OI311C9600,75.0,0.0,0.0,0.0,8,67.5,70.0,2,75.0,0.0,0.0,0.0,0.0,0.0,83
2023-05-10 22:18:21,OI311C9600,OI311C9600,75.0,0.0,0.0,0.0,2,68.0,70.0,2,75.0,0.0,0.0,0.0,0.0,0.0,83
2023-05-10 22:18:43,OI311C9600,OI311C9600,75.0,0.0,0.0,0.0,2,68.0,69.5,2,75.0,0.0,0.0,0.0,0.0,0.0,83
2023-05-10 22:19:01,OI311C9600,OI311C9600,75.0,0.0,0.0,0.0,8,67.5,69.5,2,75.0,0.0,0.0,0.0,0.0,0.0,83
2023-05-10 22:19:23,OI311C9600,OI311C9600,75.0,0.0,0.0,0.0,8,67.5,69.0,2,75.0,0.0,0.0,0.0,0.0,0.0,83
2023-05-10 22:19:35,OI311C9600,OI311C9600,75.0,0.0,0.0,0.0,6,67.5,69.0,2,75.0,0.0,0.0,0.0,0.0,0.0,83
2023-05-10 22:19:35,OI311C9600,OI311C9600,75.0,0.0,0.0,0.0,8,66.5,69.0,2,75.0,0.0,0.0,0.0,0.0,0.0,83
2023-05-10 22:19:36,OI311C9600,OI311C9600,75.0,0.0,0.0,0.0,2,67.0,69.0,2,75.0,0.0,0.0,0.0,0.0,0.0,83
2023-05-10 22:20:17,OI311C9600,OI311C9600,75.0,0.0,0.0,0.0,8,67.0,69.0,2,75.0,0.0,0.0,0.0,0.0,0.0,83
2023-05-10 22:20:18,OI311C9600,OI311C9600,75.0,0.0,0.0,0.0,2,67.5,69.0,2,75.0,0.0,0.0,0.0,0.0,0.0,83
2023-05-10 22:20:42,OI311C9600,OI311C9600,75.0,0.0,0.0,0.0,2,67.5,69.5,2,75.0,0.0,0.0,0.0,0.0,0.0,83
2023-05-10 22:20:58,OI311C9600,OI311C9600,75.0,0.0,0.0,0.0,2,68.0,69.5,2,75.0,0.0,0.0,0.0,0.0,0.0,83
2023-05-10 22:20:58,OI311C9600,OI311C9600,75.0,0.0,0.0,0.0,8,68.0,69.5,2,75.0,0.0,0.0,0.0,0.0,0.0,83
2023-05-10 22:21:57,OI311C9600,OI311C9600,75.0,0.0,0.0,0.0,8,68.0,70.5,2,75.0,0.0,0.0,0.0,0.0,0.0,83
2023-05-10 22:22:01,OI311C9600,OI311C9600,75.0,0.0,0.0,0.0,2,68.5,70.5,2,75.0,0.0,0.0,0.0,0.0,0.0,83
2023-05-10 22:22:54,OI311C9600,OI311C9600,75.0,0.0,0.0,0.0,8,68.5,70.5,2,75.0,0.0,0.0,0.0,0.0,0.0,83
2023-05-10 22:23:21,OI311C9600,OI311C9600,75.0,0.0,0.0,0.0,8,68.5,70.0,2,75.0,0.0,0.0,0.0,0.0,0.0,83
2023-05-10 22:23:27,OI311C9600,OI311C9600,75.0,0.0,0.0,0.0,6,68.5,70.0,2,75.0,0.0,0.0,0.0,0.0,0.0,83
2023-05-10 22:24:08,OI311C9600,OI311C9600,75.0,0.0,0.0,0.0,8,68.5,70.0,2,75.0,0.0,0.0,0.0,0.0,0.0,83
2023-05-10 22:25:24,OI311C9600,OI311C9600,75.0,0.0,0.0,0.0,8,68.5,70.5,2,75.0,0.0,0.0,0.0,0.0,0.0,83
2023-05-10 22:25:31,OI311C9600,OI311C9600,75.0,0.0,0.0,0.0,2,69.0,70.5,2,75.0,0.0,0.0,0.0,0.0,0.0,83
2023-05-10 22:26:08,OI311C9600,OI311C9600,75.0,0.0,0.0,0.0,6,69.0,70.5,2,75.0,0.0,0.0,0.0,0.0,0.0,83
2023-05-10 22:26:11,OI311C9600,OI311C9600,75.0,0.0,0.0,0.0,6,69.0,70.0,2,75.0,0.0,0.0,0.0,0.0,0.0,83
2023-05-10 22:26:48,OI311C9600,OI311C9600,75.0,0.0,0.0,0.0,6,65.5,70.0,2,75.0,0.0,0.0,0.0,0.0,0.0,83
2023-05-10 22:26:49,OI311C9600,OI311C9600,75.0,0.0,0.0,0.0,8,67.5,70.0,2,75.0,0.0,0.0,0.0,0.0,0.0,83
2023-05-10 22:27:11,OI311C9600,OI311C9600,75.0,0.0,0.0,0.0,2,68.0,70.0,2,75.0,0.0,0.0,0.0,0.0,0.0,83
2023-05-10 22:27:25,OI311C9600,OI311C9600,75.0,0.0,0.0,0.0,8,68.5,70.0,2,75.0,0.0,0.0,0.0,0.0,0.0,83
2023-05-10 22:29:10,OI311C9600,OI311C9600,75.0,0.0,0.0,0.0,6,68.5,70.0,2,75.0,0.0,0.0,0.0,0.0,0.0,83
2023-05-10 22:29:11,OI311C9600,OI311C9600,75.0,0.0,0.0,0.0,8,68.0,70.0,2,75.0,0.0,0.0,0.0,0.0,0.0,83
2023-05-10 22:30:00,OI311C9600,OI311C9600,75.0,0.0,0.0,0.0,2,68.5,70.0,2,75.0,0.0,0.0,0.0,0.0,0.0,83
2023-05-10 22:30:03,OI311C9600,OI311C9600,75.0,0.0,0.0,0.0,2,68.5,70.5,2,75.0,0.0,0.0,0.0,0.0,0.0,83
2023-05-10 22:30:19,OI311C9600,OI311C9600,75.0,0.0,0.0,0.0,2,69.0,70.5,2,75.0,0.0,0.0,0.0,0.0,0.0,83
2023-05-10 22:30:19,OI311C9600,OI311C9600,75.0,0.0,0.0,0.0,8,69.0,70.5,2,75.0,0.0,0.0,0.0,0.0,0.0,83
2023-05-10 22:30:39,OI311C9600,OI311C9600,75.0,0.0,0.0,0.0,8,69.0,71.5,2,75.0,0.0,0.0,0.0,0.0,0.0,83
2023-05-10 22:30:49,OI311C9600,OI311C9600,75.0,0.0,0.0,0.0,2,69.5,71.5,2,75.0,0.0,0.0,0.0,0.0,0.0,83
2023-05-10 22:31:18,OI311C9600,OI311C9600,75.0,0.0,0.0,0.0,8,69.5,71.5,2,75.0,0.0,0.0,0.0,0.0,0.0,83
2023-05-10 22:31:40,OI311C9600,OI311C9600,75.0,0.0,0.0,0.0,8,69.5,71.0,2,75.0,0.0,0.0,0.0,0.0,0.0,83
2023-05-10 22:31:50,OI311C9600,OI311C9600,75.0,0.0,0.0,0.0,6,69.5,71.0,2,75.0,0.0,0.0,0.0,0.0,0.0,83
2023-05-10 22:32:12,OI311C9600,OI311C9600,75.0,0.0,0.0,0.0,6,69.5,70.5,2,75.0,0.0,0.0,0.0,0.0,0.0,83
2023-05-10 22:33:04,OI311C9600,OI311C9600,75.0,0.0,0.0,0.0,14,69.0,70.5,2,75.0,0.0,0.0,0.0,0.0,0.0,83
2023-05-10 22:33:04,OI311C9600,OI311C9600,75.0,0.0,0.0,0.0,8,69.0,70.5,2,75.0,0.0,0.0,0.0,0.0,0.0,83
2023-05-10 22:33:09,OI311C9600,OI311C9600,75.0,0.0,0.0,0.0,6,69.0,70.5,2,75.0,0.0,0.0,0.0,0.0,0.0,83
2023-05-10 22:33:09,OI311C9600,OI311C9600,75.0,0.0,0.0,0.0,8,68.0,70.5,2,75.0,0.0,0.0,0.0,0.0,0.0,83
2023-05-10 22:33:17,OI311C9600,OI311C9600,75.0,0.0,0.0,0.0,2,68.5,70.5,2,75.0,0.0,0.0,0.0,0.0,0.0,83
2023-05-10 22:33:18,OI311C9600,OI311C9600,75.0,0.0,0.0,0.0,8,68.5,70.5,2,75.0,0.0,0.0,0.0,0.0,0.0,83
2023-05-10 22:33:35,OI311C9600,OI311C9600,75.0,0.0,0.0,0.0,8,68.5,70.0,2,75.0,0.0,0.0,0.0,0.0,0.0,83
2023-05-10 22:33:48,OI311C9600,OI311C9600,75.0,0.0,0.0,0.0,6,68.5,70.0,2,75.0,0.0,0.0,0.0,0.0,0.0,83
2023-05-10 22:33:56,OI311C9600,OI311C9600,75.0,0.0,0.0,0.0,6,68.5,69.5,2,75.0,0.0,0.0,0.0,0.0,0.0,83
2023-05-10 22:34:08,OI311C9600,OI311C9600,75.0,0.0,0.0,0.0,2,67.0,69.5,2,75.0,0.0,0.0,0.0,0.0,0.0,83
2023-05-10 22:34:09,OI311C9600,OI311C9600,75.0,0.0,0.0,0.0,8,67.0,69.5,2,75.0,0.0,0.0,0.0,0.0,0.0,83
2023-05-10 22:34:12,OI311C9600,OI311C9600,75.0,0.0,0.0,0.0,8,67.0,69.0,2,75.0,0.0,0.0,0.0,0.0,0.0,83
2023-05-10 22:34:41,OI311C9600,OI311C9600,75.0,0.0,0.0,0.0,2,67.5,69.0,2,75.0,0.0,0.0,0.0,0.0,0.0,83
2023-05-10 22:34:43,OI311C9600,OI311C9600,75.0,0.0,0.0,0.0,2,67.5,69.5,2,75.0,0.0,0.0,0.0,0.0,0.0,83
2023-05-10 22:35:01,OI311C9600,OI311C9600,75.0,0.0,0.0,0.0,2,68.0,69.5,2,75.0,0.0,0.0,0.0,0.0,0.0,83
2023-05-10 22:35:01,OI311C9600,OI311C9600,75.0,0.0,0.0,0.0,8,68.0,69.5,2,75.0,0.0,0.0,0.0,0.0,0.0,83
2023-05-10 22:35:01,OI311C9600,OI311C9600,75.0,0.0,0.0,0.0,8,68.0,72.5,6,75.0,0.0,0.0,0.0,0.0,0.0,83
2023-05-10 22:35:02,OI311C9600,OI311C9600,75.0,0.0,0.0,0.0,8,68.0,73.5,7,75.0,0.0,0.0,0.0,0.0,0.0,83
2023-05-10 22:35:03,OI311C9600,OI311C9600,75.0,0.0,0.0,0.0,8,68.0,70.5,2,75.0,0.0,0.0,0.0,0.0,0.0,83
2023-05-10 22:35:03,OI311C9600,OI311C9600,75.0,0.0,0.0,0.0,8,68.0,70.0,2,75.0,0.0,0.0,0.0,0.0,0.0,83
2023-05-10 22:36:31,OI311C9600,OI311C9600,75.0,0.0,0.0,0.0,2,68.5,70.0,2,75.0,0.0,0.0,0.0,0.0,0.0,83
2023-05-10 22:36:31,OI311C9600,OI311C9600,75.0,0.0,0.0,0.0,8,68.5,70.0,2,75.0,0.0,0.0,0.0,0.0,0.0,83
2023-05-10 22:36:54,OI311C9600,OI311C9600,75.0,0.0,0.0,0.0,6,68.5,70.0,2,75.0,0.0,0.0,0.0,0.0,0.0,83
2023-05-10 22:36:57,OI311C9600,OI311C9600,75.0,0.0,0.0,0.0,6,68.5,69.5,2,75.0,0.0,0.0,0.0,0.0,0.0,83
2023-05-10 22:37:02,OI311C9600,OI311C9600,75.0,0.0,0.0,0.0,13,65.0,69.5,2,75.0,0.0,0.0,0.0,0.0,0.0,83
2023-05-10 22:37:03,OI311C9600,OI311C9600,75.0,0.0,0.0,0.0,8,67.0,69.5,2,75.0,0.0,0.0,0.0,0.0,0.0,83
2023-05-10 22:37:07,OI311C9600,OI311C9600,75.0,0.0,0.0,0.0,2,67.5,69.5,2,75.0,0.0,0.0,0.0,0.0,0.0,83
2023-05-10 22:37:09,OI311C9600,OI311C9600,75.0,0.0,0.0,0.0,8,67.5,69.5,2,75.0,0.0,0.0,0.0,0.0,0.0,83
2023-05-10 22:37:16,OI311C9600,OI311C9600,75.0,0.0,0.0,0.0,8,67.5,69.0,2,75.0,0.0,0.0,0.0,0.0,0.0,83
2023-05-10 22:37:21,OI311C9600,OI311C9600,75.0,0.0,0.0,0.0,6,67.5,69.0,2,75.0,0.0,0.0,0.0,0.0,0.0,83
2023-05-10 22:37:52,OI311C9600,OI311C9600,75.0,0.0,0.0,0.0,8,67.0,69.0,2,75.0,0.0,0.0,0.0,0.0,0.0,83
2023-05-10 22:37:58,OI311C9600,OI311C9600,75.0,0.0,0.0,0.0,2,67.5,69.0,2,75.0,0.0,0.0,0.0,0.0,0.0,83
2023-05-10 22:38:06,OI311C9600,OI311C9600,75.0,0.0,0.0,0.0,2,67.5,69.5,2,75.0,0.0,0.0,0.0,0.0,0.0,83
2023-05-10 22:38:30,OI311C9600,OI311C9600,75.0,0.0,0.0,0.0,8,67.5,69.5,2,75.0,0.0,0.0,0.0,0.0,0.0,83
2023-05-10 22:39:08,OI311C9600,OI311C9600,75.0,0.0,0.0,0.0,2,68.0,70.5,2,75.0,0.0,0.0,0.0,0.0,0.0,83
2023-05-10 22:39:09,OI311C9600,OI311C9600,75.0,0.0,0.0,0.0,2,68.0,70.0,2,75.0,0.0,0.0,0.0,0.0,0.0,83
2023-05-10 22:39:54,OI311C9600,OI311C9600,75.0,0.0,0.0,0.0,8,68.5,70.0,2,75.0,0.0,0.0,0.0,0.0,0.0,83
2023-05-10 22:40:06,OI311C9600,OI311C9600,75.0,0.0,0.0,0.0,8,68.5,70.5,2,75.0,0.0,0.0,0.0,0.0,0.0,83
2023-05-10 22:40:19,OI311C9600,OI311C9600,75.0,0.0,0.0,0.0,2,69.0,70.5,2,75.0,0.0,0.0,0.0,0.0,0.0,83
2023-05-10 22:40:43,OI311C9600,OI311C9600,75.0,0.0,0.0,0.0,8,68.5,70.5,2,75.0,0.0,0.0,0.0,0.0,0.0,83
2023-05-10 22:41:01,OI311C9600,OI311C9600,75.0,0.0,0.0,0.0,8,68.5,70.0,2,75.0,0.0,0.0,0.0,0.0,0.0,83
2023-05-10 22:41:08,OI311C9600,OI311C9600,75.0,0.0,0.0,0.0,6,68.5,70.0,2,75.0,0.0,0.0,0.0,0.0,0.0,83
2023-05-10 22:41:08,OI311C9600,OI311C9600,75.0,0.0,0.0,0.0,8,67.5,70.0,2,75.0,0.0,0.0,0.0,0.0,0.0,83
2023-05-10 22:41:08,OI311C9600,OI311C9600,75.0,0.0,0.0,0.0,2,68.0,70.0,2,75.0,0.0,0.0,0.0,0.0,0.0,83
2023-05-10 22:42:05,OI311C9600,OI311C9600,75.0,0.0,0.0,0.0,2,68.0,69.5,2,75.0,0.0,0.0,0.0,0.0,0.0,83
2023-05-10 22:42:47,OI311C9600,OI311C9600,75.0,0.0,0.0,0.0,2,68.0,70.0,2,75.0,0.0,0.0,0.0,0.0,0.0,83
2023-05-10 22:44:02,OI311C9600,OI311C9600,75.0,0.0,0.0,0.0,2,68.0,69.5,2,75.0,0.0,0.0,0.0,0.0,0.0,83
2023-05-10 22:44:10,OI311C9600,OI311C9600,75.0,0.0,0.0,0.0,8,67.5,69.5,2,75.0,0.0,0.0,0.0,0.0,0.0,83
2023-05-10 22:45:13,OI311C9600,OI311C9600,75.0,0.0,0.0,0.0,8,67.5,69.0,2,75.0,0.0,0.0,0.0,0.0,0.0,83
2023-05-10 22:46:16,OI311C9600,OI311C9600,75.0,0.0,0.0,0.0,6,67.5,69.0,2,75.0,0.0,0.0,0.0,0.0,0.0,83
2023-05-10 22:46:16,OI311C9600,OI311C9600,75.0,0.0,0.0,0.0,8,66.5,69.0,2,75.0,0.0,0.0,0.0,0.0,0.0,83
2023-05-10 22:46:21,OI311C9600,OI311C9600,75.0,0.0,0.0,0.0,2,67.0,69.0,2,75.0,0.0,0.0,0.0,0.0,0.0,83
2023-05-10 22:46:26,OI311C9600,OI311C9600,75.0,0.0,0.0,0.0,8,67.0,69.0,2,75.0,0.0,0.0,0.0,0.0,0.0,83
2023-05-10 22:46:29,OI311C9600,OI311C9600,75.0,0.0,0.0,0.0,2,67.5,69.0,2,75.0,0.0,0.0,0.0,0.0,0.0,83
2023-05-10 22:46:31,OI311C9600,OI311C9600,75.0,0.0,0.0,0.0,2,67.5,69.5,2,75.0,0.0,0.0,0.0,0.0,0.0,83
2023-05-10 22:46:59,OI311C9600,OI311C9600,75.0,0.0,0.0,0.0,8,68.0,69.5,2,75.0,0.0,0.0,0.0,0.0,0.0,83
2023-05-10 22:47:17,OI311C9600,OI311C9600,75.0,0.0,0.0,0.0,6,68.0,69.5,2,75.0,0.0,0.0,0.0,0.0,0.0,83
2023-05-10 22:47:24,OI311C9600,OI311C9600,75.0,0.0,0.0,0.0,14,67.5,69.5,2,75.0,0.0,0.0,0.0,0.0,0.0,83
2023-05-10 22:47:24,OI311C9600,OI311C9600,75.0,0.0,0.0,0.0,8,67.5,69.5,2,75.0,0.0,0.0,0.0,0.0,0.0,83
2023-05-10 22:48:02,OI311C9600,OI311C9600,75.0,0.0,0.0,0.0,8,67.5,69.0,2,75.0,0.0,0.0,0.0,0.0,0.0,83
2023-05-10 22:48:15,OI311C9600,OI311C9600,75.0,0.0,0.0,0.0,8,67.5,69.5,2,75.0,0.0,0.0,0.0,0.0,0.0,83
2023-05-10 22:51:24,OI311C9600,OI311C9600,75.0,0.0,0.0,0.0,2,68.0,69.5,2,75.0,0.0,0.0,0.0,0.0,0.0,83
2023-05-10 22:53:08,OI311C9600,OI311C9600,75.0,0.0,0.0,0.0,2,68.0,70.5,2,75.0,0.0,0.0,0.0,0.0,0.0,83
2023-05-10 22:53:11,OI311C9600,OI311C9600,75.0,0.0,0.0,0.0,8,68.5,70.5,2,75.0,0.0,0.0,0.0,0.0,0.0,83
2023-05-10 22:53:48,OI311C9600,OI311C9600,75.0,0.0,0.0,0.0,8,68.5,70.0,2,75.0,0.0,0.0,0.0,0.0,0.0,83
2023-05-10 22:55:20,OI311C9600,OI311C9600,75.0,0.0,0.0,0.0,6,68.5,70.0,2,75.0,0.0,0.0,0.0,0.0,0.0,83
2023-05-10 22:56:07,OI311C9600,OI311C9600,75.0,0.0,0.0,0.0,6,68.5,70.5,6,75.0,0.0,0.0,0.0,0.0,0.0,83
2023-05-10 22:56:08,OI311C9600,OI311C9600,75.0,0.0,0.0,0.0,6,65.5,73.0,12,75.0,0.0,0.0,0.0,0.0,0.0,83
2023-05-10 22:56:42,OI311C9600,OI311C9600,75.0,0.0,0.0,0.0,1,2.5,0.0,0,75.0,0.0,0.0,0.0,0.0,0.0,83
2023-05-10 22:56:44,OI311C9600,OI311C9600,75.0,0.0,0.0,0.0,1,4.0,731.0,1,75.0,0.0,0.0,0.0,0.0,0.0,83
2023-05-10 22:57:59,OI311C9600,OI311C9600,75.0,0.0,0.0,0.0,1,2.5,731.0,1,75.0,0.0,0.0,0.0,0.0,0.0,83
2023-05-10 22:59:52,OI311C9600,OI311C9600,75.0,0.0,0.0,0.0,1,2.5,0.0,0,75.0,0.0,0.0,0.0,0.0,0.0,83
2023-05-11 09:00:10,OI311C9600,OI311C9600,75.0,0.0,0.0,0.0,1,2.5,232.0,1,75.0,0.0,0.0,0.0,0.0,0.0,83
2023-05-11 09:00:12,OI311C9600,OI311C9600,75.0,0.0,0.0,0.0,1,44.0,232.0,1,75.0,0.0,0.0,0.0,0.0,0.0,83
2023-05-11 09:01:26,OI311C9600,OI311C9600,75.0,0.0,0.0,0.0,1,44.0,69.5,2,75.0,0.0,0.0,0.0,0.0,0.0,83
2023-05-11 09:01:28,OI311C9600,OI311C9600,75.0,0.0,0.0,0.0,2,58.5,69.5,2,75.0,0.0,0.0,0.0,0.0,0.0,83
2023-05-11 09:01:28,OI311C9600,OI311C9600,75.0,0.0,0.0,0.0,2,66.0,69.5,2,75.0,0.0,0.0,0.0,0.0,0.0,83
2023-05-11 09:01:29,OI311C9600,OI311C9600,75.0,0.0,0.0,0.0,2,66.0,69.0,2,75.0,0.0,0.0,0.0,0.0,0.0,83
2023-05-11 09:01:45,OI311C9600,OI311C9600,75.0,0.0,0.0,0.0,2,66.0,68.5,2,75.0,0.0,0.0,0.0,0.0,0.0,83
2023-05-11 09:01:58,OI311C9600,OI311C9600,75.0,0.0,0.0,0.0,8,66.0,68.5,2,75.0,0.0,0.0,0.0,0.0,0.0,83
2023-05-11 09:02:14,OI311C9600,OI311C9600,75.0,0.0,0.0,0.0,2,66.5,68.5,2,75.0,0.0,0.0,0.0,0.0,0.0,83
2023-05-11 09:02:30,OI311C9600,OI311C9600,75.0,0.0,0.0,0.0,8,66.0,68.5,2,75.0,0.0,0.0,0.0,0.0,0.0,83
2023-05-11 09:02:37,OI311C9600,OI311C9600,75.0,0.0,0.0,0.0,8,66.0,68.0,2,75.0,0.0,0.0,0.0,0.0,0.0,83
2023-05-11 09:03:32,OI311C9600,OI311C9600,75.0,0.0,0.0,0.0,6,66.0,68.0,2,75.0,0.0,0.0,0.0,0.0,0.0,83
2023-05-11 09:03:32,OI311C9600,OI311C9600,75.0,0.0,0.0,0.0,8,65.0,68.0,2,75.0,0.0,0.0,0.0,0.0,0.0,83
2023-05-11 09:03:37,OI311C9600,OI311C9600,75.0,0.0,0.0,0.0,2,65.5,68.0,2,75.0,0.0,0.0,0.0,0.0,0.0,83
2023-05-11 09:04:10,OI311C9600,OI311C9600,75.0,0.0,0.0,0.0,8,66.0,68.0,2,75.0,0.0,0.0,0.0,0.0,0.0,83
2023-05-11 09:05:03,OI311C9600,OI311C9600,75.0,0.0,0.0,0.0,2,66.0,68.0,2,75.0,0.0,0.0,0.0,0.0,0.0,83
2023-05-11 09:05:08,OI311C9600,OI311C9600,75.0,0.0,0.0,0.0,8,66.0,68.0,2,75.0,0.0,0.0,0.0,0.0,0.0,83
2023-05-11 09:05:14,OI311C9600,OI311C9600,75.0,0.0,0.0,0.0,2,66.0,68.0,2,75.0,0.0,0.0,0.0,0.0,0.0,83
2023-05-11 09:05:15,OI311C9600,OI311C9600,75.0,0.0,0.0,0.0,2,66.0,67.5,2,75.0,0.0,0.0,0.0,0.0,0.0,83
2023-05-11 09:05:20,OI311C9600,OI311C9600,75.0,0.0,0.0,0.0,8,66.0,67.5,2,75.0,0.0,0.0,0.0,0.0,0.0,83
2023-05-11 09:05:24,OI311C9600,OI311C9600,75.0,0.0,0.0,0.0,2,66.0,67.5,2,75.0,0.0,0.0,0.0,0.0,0.0,83
2023-05-11 09:05:25,OI311C9600,OI311C9600,75.0,0.0,0.0,0.0,8,65.5,67.5,2,75.0,0.0,0.0,0.0,0.0,0.0,83
2023-05-11 09:05:53,OI311C9600,OI311C9600,75.0,0.0,0.0,0.0,8,65.5,67.0,2,75.0,0.0,0.0,0.0,0.0,0.0,83
2023-05-11 09:05:57,OI311C9600,OI311C9600,75.0,0.0,0.0,0.0,6,65.5,67.0,2,75.0,0.0,0.0,0.0,0.0,0.0,83
2023-05-11 09:05:57,OI311C9600,OI311C9600,75.0,0.0,0.0,0.0,8,64.5,67.0,2,75.0,0.0,0.0,0.0,0.0,0.0,83
2023-05-11 09:06:03,OI311C9600,OI311C9600,75.0,0.0,0.0,0.0,2,65.0,67.0,2,75.0,0.0,0.0,0.0,0.0,0.0,83
2023-05-11 09:06:09,OI311C9600,OI311C9600,75.0,0.0,0.0,0.0,8,65.5,67.0,2,75.0,0.0,0.0,0.0,0.0,0.0,83
2023-05-11 09:06:30,OI311C9600,OI311C9600,75.0,0.0,0.0,0.0,2,65.5,67.0,2,75.0,0.0,0.0,0.0,0.0,0.0,83
2023-05-11 09:06:37,OI311C9600,OI311C9600,75.0,0.0,0.0,0.0,8,65.0,67.0,2,75.0,0.0,0.0,0.0,0.0,0.0,83
2023-05-11 09:06:39,OI311C9600,OI311C9600,75.0,0.0,0.0,0.0,8,64.0,66.5,2,75.0,0.0,0.0,0.0,0.0,0.0,83
2023-05-11 09:06:40,OI311C9600,OI311C9600,75.0,0.0,0.0,0.0,2,64.5,66.5,2,75.0,0.0,0.0,0.0,0.0,0.0,83
2023-05-11 09:06:41,OI311C9600,OI311C9600,75.0,0.0,0.0,0.0,8,64.5,66.5,2,75.0,0.0,0.0,0.0,0.0,0.0,83
2023-05-11 09:06:54,OI311C9600,OI311C9600,75.0,0.0,0.0,0.0,2,64.5,66.5,2,75.0,0.0,0.0,0.0,0.0,0.0,83
2023-05-11 09:06:56,OI311C9600,OI311C9600,75.0,0.0,0.0,0.0,2,64.5,66.0,2,75.0,0.0,0.0,0.0,0.0,0.0,83
2023-05-11 09:07:10,OI311C9600,OI311C9600,75.0,0.0,0.0,0.0,8,64.0,66.0,2,75.0,0.0,0.0,0.0,0.0,0.0,83
2023-05-11 09:07:16,OI311C9600,OI311C9600,75.0,0.0,0.0,0.0,8,64.0,65.5,2,75.0,0.0,0.0,0.0,0.0,0.0,83
2023-05-11 09:07:41,OI311C9600,OI311C9600,75.0,0.0,0.0,0.0,14,63.0,65.5,2,75.0,0.0,0.0,0.0,0.0,0.0,83
2023-05-11 09:07:42,OI311C9600,OI311C9600,75.0,0.0,0.0,0.0,8,63.0,65.5,2,75.0,0.0,0.0,0.0,0.0,0.0,83
2023-05-11 09:07:53,OI311C9600,OI311C9600,75.0,0.0,0.0,0.0,2,63.5,65.5,2,75.0,0.0,0.0,0.0,0.0,0.0,83
2023-05-11 09:08:32,OI311C9600,OI311C9600,75.0,0.0,0.0,0.0,2,63.5,65.0,2,75.0,0.0,0.0,0.0,0.0,0.0,83
2023-05-11 09:08:46,OI311C9600,OI311C9600,75.0,0.0,0.0,0.0,2,63.5,65.5,2,75.0,0.0,0.0,0.0,0.0,0.0,83
2023-05-11 09:08:47,OI311C9600,OI311C9600,75.0,0.0,0.0,0.0,8,63.5,65.5,2,75.0,0.0,0.0,0.0,0.0,0.0,83
2023-05-11 09:08:51,OI311C9600,OI311C9600,75.0,0.0,0.0,0.0,2,64.0,65.5,2,75.0,0.0,0.0,0.0,0.0,0.0,83
2023-05-11 09:09:14,OI311C9600,OI311C9600,75.0,0.0,0.0,0.0,2,64.0,66.5,2,75.0,0.0,0.0,0.0,0.0,0.0,83
2023-05-11 09:09:19,OI311C9600,OI311C9600,75.0,0.0,0.0,0.0,2,64.0,66.0,2,75.0,0.0,0.0,0.0,0.0,0.0,83
2023-05-11 09:09:32,OI311C9600,OI311C9600,75.0,0.0,0.0,0.0,8,64.0,66.0,2,75.0,0.0,0.0,0.0,0.0,0.0,83
2023-05-11 09:09:37,OI311C9600,OI311C9600,75.0,0.0,0.0,0.0,8,64.0,65.5,2,75.0,0.0,0.0,0.0,0.0,0.0,83
2023-05-11 09:09:57,OI311C9600,OI311C9600,75.0,0.0,0.0,0.0,6,64.0,65.5,2,75.0,0.0,0.0,0.0,0.0,0.0,83
2023-05-11 09:10:06,OI311C9600,OI311C9600,75.0,0.0,0.0,0.0,6,64.0,65.0,2,75.0,0.0,0.0,0.0,0.0,0.0,83
2023-05-11 09:10:07,OI311C9600,OI311C9600,75.0,0.0,0.0,0.0,1,58.5,65.0,2,75.0,0.0,0.0,0.0,0.0,0.0,83
2023-05-11 09:10:07,OI311C9600,OI311C9600,75.0,0.0,0.0,0.0,6,60.0,65.0,2,75.0,0.0,0.0,0.0,0.0,0.0,83
2023-05-11 09:10:09,OI311C9600,OI311C9600,75.0,0.0,0.0,0.0,8,62.5,65.0,2,75.0,0.0,0.0,0.0,0.0,0.0,83
2023-05-11 09:10:11,OI311C9600,OI311C9600,75.0,0.0,0.0,0.0,2,63.0,65.0,2,75.0,0.0,0.0,0.0,0.0,0.0,83
2023-05-11 09:10:14,OI311C9600,OI311C9600,75.0,0.0,0.0,0.0,2,63.5,65.0,2,75.0,0.0,0.0,0.0,0.0,0.0,83
2023-05-11 09:10:15,OI311C9600,OI311C9600,75.0,0.0,0.0,0.0,8,63.5,65.0,2,75.0,0.0,0.0,0.0,0.0,0.0,83
2023-05-11 09:10:19,OI311C9600,OI311C9600,75.0,0.0,0.0,0.0,8,63.5,65.5,2,75.0,0.0,0.0,0.0,0.0,0.0,83
2023-05-11 09:10:34,OI311C9600,OI311C9600,75.0,0.0,0.0,0.0,8,63.5,65.0,2,75.0,0.0,0.0,0.0,0.0,0.0,83
2023-05-11 09:10:35,OI311C9600,OI311C9600,75.0,0.0,0.0,0.0,8,63.0,65.0,2,75.0,0.0,0.0,0.0,0.0,0.0,83
2023-05-11 09:10:42,OI311C9600,OI311C9600,75.0,0.0,0.0,0.0,8,63.0,64.5,2,75.0,0.0,0.0,0.0,0.0,0.0,83
2023-05-11 09:10:54,OI311C9600,OI311C9600,75.0,0.0,0.0,0.0,8,63.0,65.0,2,75.0,0.0,0.0,0.0,0.0,0.0,83
2023-05-11 09:11:07,OI311C9600,OI311C9600,75.0,0.0,0.0,0.0,8,63.0,64.5,2,75.0,0.0,0.0,0.0,0.0,0.0,83
2023-05-11 09:11:31,OI311C9600,OI311C9600,75.0,0.0,0.0,0.0,6,63.0,64.5,2,75.0,0.0,0.0,0.0,0.0,0.0,83
2023-05-11 09:11:31,OI311C9600,OI311C9600,75.0,0.0,0.0,0.0,8,62.0,64.5,2,75.0,0.0,0.0,0.0,0.0,0.0,83
2023-05-11 09:11:37,OI311C9600,OI311C9600,75.0,0.0,0.0,0.0,8,62.0,64.0,2,75.0,0.0,0.0,0.0,0.0,0.0,83
2023-05-11 09:11:56,OI311C9600,OI311C9600,75.0,0.0,0.0,0.0,8,62.0,63.5,2,75.0,0.0,0.0,0.0,0.0,0.0,83
2023-05-11 09:12:02,OI311C9600,OI311C9600,75.0,0.0,0.0,0.0,6,62.0,63.5,2,75.0,0.0,0.0,0.0,0.0,0.0,83
2023-05-11 09:12:02,OI311C9600,OI311C9600,75.0,0.0,0.0,0.0,6,59.0,63.5,2,75.0,0.0,0.0,0.0,0.0,0.0,83
2023-05-11 09:12:04,OI311C9600,OI311C9600,75.0,0.0,0.0,0.0,2,61.0,63.5,2,75.0,0.0,0.0,0.0,0.0,0.0,83
2023-05-11 09:12:04,OI311C9600,OI311C9600,75.0,0.0,0.0,0.0,8,61.0,63.5,2,75.0,0.0,0.0,0.0,0.0,0.0,83
2023-05-11 09:12:05,OI311C9600,OI311C9600,75.0,0.0,0.0,0.0,2,61.5,63.5,2,75.0,0.0,0.0,0.0,0.0,0.0,83
2023-05-11 09:12:10,OI311C9600,OI311C9600,75.0,0.0,0.0,0.0,2,61.5,63.0,2,75.0,0.0,0.0,0.0,0.0,0.0,83
2023-05-11 09:12:16,OI311C9600,OI311C9600,75.0,0.0,0.0,0.0,8,61.0,63.0,2,75.0,0.0,0.0,0.0,0.0,0.0,83
2023-05-11 09:12:30,OI311C9600,OI311C9600,75.0,0.0,0.0,0.0,8,61.0,62.5,2,75.0,0.0,0.0,0.0,0.0,0.0,83
2023-05-11 09:12:46,OI311C9600,OI311C9600,75.0,0.0,0.0,0.0,8,61.0,63.0,2,75.0,0.0,0.0,0.0,0.0,0.0,83
2023-05-11 09:13:00,OI311C9600,OI311C9600,75.0,0.0,0.0,0.0,2,61.5,63.0,2,75.0,0.0,0.0,0.0,0.0,0.0,83
2023-05-11 09:13:03,OI311C9600,OI311C9600,75.0,0.0,0.0,0.0,8,61.0,63.0,2,75.0,0.0,0.0,0.0,0.0,0.0,83
2023-05-11 09:13:18,OI311C9600,OI311C9600,75.0,0.0,0.0,0.0,2,61.5,63.0,2,75.0,0.0,0.0,0.0,0.0,0.0,83
2023-05-11 09:13:41,OI311C9600,OI311C9600,75.0,0.0,0.0,0.0,8,61.0,63.0,2,75.0,0.0,0.0,0.0,0.0,0.0,83
2023-05-11 09:13:42,OI311C9600,OI311C9600,75.0,0.0,0.0,0.0,8,61.0,62.5,2,75.0,0.0,0.0,0.0,0.0,0.0,83
2023-05-11 09:13:49,OI311C9600,OI311C9600,75.0,0.0,0.0,0.0,8,61.0,63.0,2,75.0,0.0,0.0,0.0,0.0,0.0,83
2023-05-11 09:13:59,OI311C9600,OI311C9600,75.0,0.0,0.0,0.0,8,61.0,62.5,2,75.0,0.0,0.0,0.0,0.0,0.0,83
2023-05-11 09:14:06,OI311C9600,OI311C9600,75.0,0.0,0.0,0.0,8,61.0,63.0,8,75.0,0.0,0.0,0.0,0.0,0.0,83
2023-05-11 09:14:07,OI311C9600,OI311C9600,75.0,0.0,0.0,0.0,8,61.0,63.0,2,75.0,0.0,0.0,0.0,0.0,0.0,83
2023-05-11 09:14:08,OI311C9600,OI311C9600,75.0,0.0,0.0,0.0,2,61.5,63.0,2,75.0,0.0,0.0,0.0,0.0,0.0,83
2023-05-11 09:15:03,OI311C9600,OI311C9600,75.0,0.0,0.0,0.0,2,61.5,64.0,2,75.0,0.0,0.0,0.0,0.0,0.0,83
2023-05-11 09:15:07,OI311C9600,OI311C9600,75.0,0.0,0.0,0.0,8,62.0,64.0,2,75.0,0.0,0.0,0.0,0.0,0.0,83
2023-05-11 09:15:34,OI311C9600,OI311C9600,75.0,0.0,0.0,0.0,2,62.5,64.0,2,75.0,0.0,0.0,0.0,0.0,0.0,83
2023-05-11 09:15:38,OI311C9600,OI311C9600,75.0,0.0,0.0,0.0,2,62.5,65.0,2,75.0,0.0,0.0,0.0,0.0,0.0,83
2023-05-11 09:15:49,OI311C9600,OI311C9600,75.0,0.0,0.0,0.0,8,62.5,65.0,2,75.0,0.0,0.0,0.0,0.0,0.0,83
2023-05-11 09:15:54,OI311C9600,OI311C9600,75.0,0.0,0.0,0.0,2,63.0,65.0,2,75.0,0.0,0.0,0.0,0.0,0.0,83
2023-05-11 09:16:05,OI311C9600,OI311C9600,75.0,0.0,0.0,0.0,8,63.0,65.0,2,75.0,0.0,0.0,0.0,0.0,0.0,83
2023-05-11 09:16:06,OI311C9600,OI311C9600,75.0,0.0,0.0,0.0,2,63.5,65.0,2,75.0,0.0,0.0,0.0,0.0,0.0,83
2023-05-11 09:16:08,OI311C9600,OI311C9600,75.0,0.0,0.0,0.0,2,63.5,67.5,12,75.0,0.0,0.0,0.0,0.0,0.0,83
2023-05-11 09:16:09,OI311C9600,OI311C9600,75.0,0.0,0.0,0.0,2,63.5,66.0,2,75.0,0.0,0.0,0.0,0.0,0.0,83
2023-05-11 09:16:11,OI311C9600,OI311C9600,75.0,0.0,0.0,0.0,2,63.5,65.5,2,75.0,0.0,0.0,0.0,0.0,0.0,83
2023-05-11 09:16:34,OI311C9600,OI311C9600,75.0,0.0,0.0,0.0,2,63.5,65.0,2,75.0,0.0,0.0,0.0,0.0,0.0,83
2023-05-11 09:16:43,OI311C9600,OI311C9600,75.0,0.0,0.0,0.0,8,63.0,65.0,2,75.0,0.0,0.0,0.0,0.0,0.0,83
2023-05-11 09:16:48,OI311C9600,OI311C9600,75.0,0.0,0.0,0.0,8,63.0,64.5,2,75.0,0.0,0.0,0.0,0.0,0.0,83
2023-05-11 09:17:07,OI311C9600,OI311C9600,75.0,0.0,0.0,0.0,6,63.0,64.5,2,75.0,0.0,0.0,0.0,0.0,0.0,83
2023-05-11 09:17:08,OI311C9600,OI311C9600,75.0,0.0,0.0,0.0,8,62.0,64.5,2,75.0,0.0,0.0,0.0,0.0,0.0,83
2023-05-11 09:17:10,OI311C9600,OI311C9600,75.0,0.0,0.0,0.0,8,62.0,64.0,2,75.0,0.0,0.0,0.0,0.0,0.0,83
2023-05-11 09:17:32,OI311C9600,OI311C9600,75.0,0.0,0.0,0.0,8,62.0,63.5,2,75.0,0.0,0.0,0.0,0.0,0.0,83
2023-05-11 09:17:48,OI311C9600,OI311C9600,75.0,0.0,0.0,0.0,14,61.0,63.5,2,75.0,0.0,0.0,0.0,0.0,0.0,83
2023-05-11 09:17:48,OI311C9600,OI311C9600,75.0,0.0,0.0,0.0,8,61.0,63.5,2,75.0,0.0,0.0,0.0,0.0,0.0,83
2023-05-11 09:17:53,OI311C9600,OI311C9600,75.0,0.0,0.0,0.0,8,61.0,63.0,2,75.0,0.0,0.0,0.0,0.0,0.0,83
2023-05-11 09:18:05,OI311C9600,OI311C9600,75.0,0.0,0.0,0.0,6,61.0,63.0,2,75.0,0.0,0.0,0.0,0.0,0.0,83
2023-05-11 09:18:06,OI311C9600,OI311C9600,75.0,0.0,0.0,0.0,7,58.5,63.0,2,75.0,0.0,0.0,0.0,0.0,0.0,83
2023-05-11 09:18:09,OI311C9600,OI311C9600,75.0,0.0,0.0,0.0,2,60.5,63.0,2,75.0,0.0,0.0,0.0,0.0,0.0,83
2023-05-11 09:18:09,OI311C9600,OI311C9600,75.0,0.0,0.0,0.0,8,60.5,63.0,2,75.0,0.0,0.0,0.0,0.0,0.0,83
2023-05-11 09:18:11,OI311C9600,OI311C9600,75.0,0.0,0.0,0.0,8,60.5,62.5,2,75.0,0.0,0.0,0.0,0.0,0.0,83
2023-05-11 09:18:20,OI311C9600,OI311C9600,75.0,0.0,0.0,0.0,8,60.5,62.0,2,75.0,0.0,0.0,0.0,0.0,0.0,83
2023-05-11 09:18:42,OI311C9600,OI311C9600,75.0,0.0,0.0,0.0,13,58.5,62.0,2,75.0,0.0,0.0,0.0,0.0,0.0,83
2023-05-11 09:18:42,OI311C9600,OI311C9600,75.0,0.0,0.0,0.0,2,59.5,62.0,2,75.0,0.0,0.0,0.0,0.0,0.0,83
2023-05-11 09:18:42,OI311C9600,OI311C9600,75.0,0.0,0.0,0.0,8,59.5,62.0,2,75.0,0.0,0.0,0.0,0.0,0.0,83
2023-05-11 09:18:44,OI311C9600,OI311C9600,75.0,0.0,0.0,0.0,2,60.0,62.0,2,75.0,0.0,0.0,0.0,0.0,0.0,83
2023-05-11 09:18:56,OI311C9600,OI311C9600,75.0,0.0,0.0,0.0,8,60.0,62.0,2,75.0,0.0,0.0,0.0,0.0,0.0,83
2023-05-11 09:18:57,OI311C9600,OI311C9600,75.0,0.0,0.0,0.0,2,60.5,62.0,2,75.0,0.0,0.0,0.0,0.0,0.0,83
2023-05-11 09:19:19,OI311C9600,OI311C9600,75.0,0.0,0.0,0.0,8,60.0,62.0,2,75.0,0.0,0.0,0.0,0.0,0.0,83
2023-05-11 09:19:20,OI311C9600,OI311C9600,75.0,0.0,0.0,0.0,6,60.0,62.0,2,75.0,0.0,0.0,0.0,0.0,0.0,83
2023-05-11 09:19:21,OI311C9600,OI311C9600,75.0,0.0,0.0,0.0,1,58.5,62.0,2,75.0,0.0,0.0,0.0,0.0,0.0,83
2023-05-11 09:19:25,OI311C9600,OI311C9600,75.0,0.0,0.0,0.0,8,59.5,62.0,2,75.0,0.0,0.0,0.0,0.0,0.0,83
2023-05-11 09:19:26,OI311C9600,OI311C9600,75.0,0.0,0.0,0.0,8,59.5,61.5,2,75.0,0.0,0.0,0.0,0.0,0.0,83
2023-05-11 09:19:37,OI311C9600,OI311C9600,75.0,0.0,0.0,0.0,2,60.0,61.5,2,75.0,0.0,0.0,0.0,0.0,0.0,83
2023-05-11 09:19:44,OI311C9600,OI311C9600,75.0,0.0,0.0,0.0,8,60.0,61.5,2,75.0,0.0,0.0,0.0,0.0,0.0,83
2023-05-11 09:19:44,OI311C9600,OI311C9600,75.0,0.0,0.0,0.0,8,60.0,62.0,2,75.0,0.0,0.0,0.0,0.0,0.0,83
2023-05-11 09:20:03,OI311C9600,OI311C9600,75.0,0.0,0.0,0.0,8,60.0,65.0,12,75.0,0.0,0.0,0.0,0.0,0.0,83
2023-05-11 09:20:06,OI311C9600,OI311C9600,75.0,0.0,0.0,0.0,2,60.5,63.0,2,75.0,0.0,0.0,0.0,0.0,0.0,83
2023-05-11 09:20:12,OI311C9600,OI311C9600,75.0,0.0,0.0,0.0,2,61.0,63.0,2,75.0,0.0,0.0,0.0,0.0,0.0,83
2023-05-11 09:20:33,OI311C9600,OI311C9600,75.0,0.0,0.0,0.0,8,61.5,63.0,2,75.0,0.0,0.0,0.0,0.0,0.0,83
2023-05-11 09:20:59,OI311C9600,OI311C9600,75.0,0.0,0.0,0.0,8,61.5,64.0,2,75.0,0.0,0.0,0.0,0.0,0.0,83
2023-05-11 09:21:06,OI311C9600,OI311C9600,75.0,0.0,0.0,0.0,2,62.0,64.0,2,75.0,0.0,0.0,0.0,0.0,0.0,83
2023-05-11 09:21:27,OI311C9600,OI311C9600,75.0,0.0,0.0,0.0,2,62.0,63.5,2,75.0,0.0,0.0,0.0,0.0,0.0,83
2023-05-11 09:21:28,OI311C9600,OI311C9600,75.0,0.0,0.0,0.0,6,62.0,63.5,2,75.0,0.0,0.0,0.0,0.0,0.0,83
2023-05-11 09:21:54,OI311C9600,OI311C9600,75.0,0.0,0.0,0.0,8,61.5,63.5,2,75.0,0.0,0.0,0.0,0.0,0.0,83
2023-05-11 09:22:15,OI311C9600,OI311C9600,75.0,0.0,0.0,0.0,2,62.0,63.5,2,75.0,0.0,0.0,0.0,0.0,0.0,83
2023-05-11 09:22:18,OI311C9600,OI311C9600,75.0,0.0,0.0,0.0,2,62.0,64.0,2,75.0,0.0,0.0,0.0,0.0,0.0,83
2023-05-11 09:22:23,OI311C9600,OI311C9600,75.0,0.0,0.0,0.0,2,62.5,64.0,2,75.0,0.0,0.0,0.0,0.0,0.0,83
2023-05-11 09:22:23,OI311C9600,OI311C9600,75.0,0.0,0.0,0.0,8,62.5,64.0,2,75.0,0.0,0.0,0.0,0.0,0.0,83
2023-05-11 09:22:34,OI311C9600,OI311C9600,75.0,0.0,0.0,0.0,6,62.5,64.0,2,75.0,0.0,0.0,0.0,0.0,0.0,83
2023-05-11 09:22:35,OI311C9600,OI311C9600,75.0,0.0,0.0,0.0,6,62.5,63.5,2,75.0,0.0,0.0,0.0,0.0,0.0,83
2023-05-11 09:23:14,OI311C9600,OI311C9600,75.0,0.0,0.0,0.0,6,62.5,64.0,2,75.0,0.0,0.0,0.0,0.0,0.0,83
2023-05-11 09:23:17,OI311C9600,OI311C9600,75.0,0.0,0.0,0.0,8,62.0,64.0,2,75.0,0.0,0.0,0.0,0.0,0.0,83
2023-05-11 09:24:00,OI311C9600,OI311C9600,75.0,0.0,0.0,0.0,2,62.5,64.0,2,75.0,0.0,0.0,0.0,0.0,0.0,83
2023-05-11 09:24:03,OI311C9600,OI311C9600,75.0,0.0,0.0,0.0,2,62.5,65.0,2,75.0,0.0,0.0,0.0,0.0,0.0,83
2023-05-11 09:24:12,OI311C9600,OI311C9600,75.0,0.0,0.0,0.0,8,63.0,65.0,2,75.0,0.0,0.0,0.0,0.0,0.0,83
2023-05-11 09:24:33,OI311C9600,OI311C9600,75.0,0.0,0.0,0.0,8,63.0,64.5,2,75.0,0.0,0.0,0.0,0.0,0.0,83
2023-05-11 09:24:33,OI311C9600,OI311C9600,75.0,0.0,0.0,0.0,6,63.0,64.5,2,75.0,0.0,0.0,0.0,0.0,0.0,83
2023-05-11 09:25:05,OI311C9600,OI311C9600,75.0,0.0,0.0,0.0,8,62.5,64.5,2,75.0,0.0,0.0,0.0,0.0,0.0,83
2023-05-11 09:25:08,OI311C9600,OI311C9600,75.0,0.0,0.0,0.0,2,63.0,64.5,2,75.0,0.0,0.0,0.0,0.0,0.0,83
2023-05-11 09:25:10,OI311C9600,OI311C9600,75.0,0.0,0.0,0.0,2,63.0,65.0,2,75.0,0.0,0.0,0.0,0.0,0.0,83
2023-05-11 09:25:37,OI311C9600,OI311C9600,75.0,0.0,0.0,0.0,2,63.0,64.5,2,75.0,0.0,0.0,0.0,0.0,0.0,83
2023-05-11 09:26:14,OI311C9600,OI311C9600,75.0,0.0,0.0,0.0,2,63.0,65.0,2,75.0,0.0,0.0,0.0,0.0,0.0,83
2023-05-11 09:27:03,OI311C9600,OI311C9600,75.0,0.0,0.0,0.0,2,63.5,65.0,2,75.0,0.0,0.0,0.0,0.0,0.0,83
2023-05-11 09:27:04,OI311C9600,OI311C9600,75.0,0.0,0.0,0.0,2,63.5,66.0,2,75.0,0.0,0.0,0.0,0.0,0.0,83
2023-05-11 09:27:12,OI311C9600,OI311C9600,75.0,0.0,0.0,0.0,2,63.5,65.5,2,75.0,0.0,0.0,0.0,0.0,0.0,83
2023-05-11 09:27:17,OI311C9600,OI311C9600,75.0,0.0,0.0,0.0,8,63.5,65.5,2,75.0,0.0,0.0,0.0,0.0,0.0,83
2023-05-11 09:27:20,OI311C9600,OI311C9600,75.0,0.0,0.0,0.0,8,63.5,65.0,2,75.0,0.0,0.0,0.0,0.0,0.0,83
2023-05-11 09:27:28,OI311C9600,OI311C9600,75.0,0.0,0.0,0.0,6,63.5,65.0,2,75.0,0.0,0.0,0.0,0.0,0.0,83
2023-05-11 09:27:34,OI311C9600,OI311C9600,75.0,0.0,0.0,0.0,6,63.5,64.5,2,75.0,0.0,0.0,0.0,0.0,0.0,83
2023-05-11 09:27:35,OI311C9600,OI311C9600,75.0,0.0,0.0,0.0,6,60.5,64.5,2,75.0,0.0,0.0,0.0,0.0,0.0,83
2023-05-11 09:27:35,OI311C9600,OI311C9600,75.0,0.0,0.0,0.0,8,62.0,64.5,2,75.0,0.0,0.0,0.0,0.0,0.0,83
2023-05-11 09:27:51,OI311C9600,OI311C9600,75.0,0.0,0.0,0.0,2,62.5,64.5,2,75.0,0.0,0.0,0.0,0.0,0.0,83
2023-05-11 09:28:04,OI311C9600,OI311C9600,75.0,0.0,0.0,0.0,2,62.5,64.0,2,75.0,0.0,0.0,0.0,0.0,0.0,83
2023-05-11 09:28:05,OI311C9600,OI311C9600,75.0,0.0,0.0,0.0,8,62.0,64.0,2,75.0,0.0,0.0,0.0,0.0,0.0,83
2023-05-11 09:28:17,OI311C9600,OI311C9600,75.0,0.0,0.0,0.0,8,62.0,63.5,2,75.0,0.0,0.0,0.0,0.0,0.0,83
2023-05-11 09:28:19,OI311C9600,OI311C9600,75.0,0.0,0.0,0.0,14,61.0,63.5,2,75.0,0.0,0.0,0.0,0.0,0.0,83
2023-05-11 09:28:20,OI311C9600,OI311C9600,75.0,0.0,0.0,0.0,8,61.0,63.5,2,75.0,0.0,0.0,0.0,0.0,0.0,83
2023-05-11 09:28:29,OI311C9600,OI311C9600,75.0,0.0,0.0,0.0,2,61.5,63.5,2,75.0,0.0,0.0,0.0,0.0,0.0,83
2023-05-11 09:29:15,OI311C9600,OI311C9600,75.0,0.0,0.0,0.0,8,61.0,63.0,2,75.0,0.0,0.0,0.0,0.0,0.0,83
2023-05-11 09:29:16,OI311C9600,OI311C9600,75.0,0.0,0.0,0.0,6,61.5,63.0,2,75.0,0.0,0.0,0.0,0.0,0.0,83
2023-05-11 09:29:50,OI311C9600,OI311C9600,75.0,0.0,0.0,0.0,8,61.0,63.0,2,75.0,0.0,0.0,0.0,0.0,0.0,83
2023-05-11 09:30:06,OI311C9600,OI311C9600,75.0,0.0,0.0,0.0,7,58.5,63.0,2,75.0,0.0,0.0,0.0,0.0,0.0,83
2023-05-11 09:30:06,OI311C9600,OI311C9600,75.0,0.0,0.0,0.0,2,59.5,63.0,2,75.0,0.0,0.0,0.0,0.0,0.0,83
2023-05-11 09:30:07,OI311C9600,OI311C9600,75.0,0.0,0.0,0.0,8,59.5,63.0,2,75.0,0.0,0.0,0.0,0.0,0.0,83
2023-05-11 09:30:08,OI311C9600,OI311C9600,75.0,0.0,0.0,0.0,2,60.0,63.0,2,75.0,0.0,0.0,0.0,0.0,0.0,83
2023-05-11 09:30:09,OI311C9600,OI311C9600,75.0,0.0,0.0,0.0,2,60.5,63.0,2,75.0,0.0,0.0,0.0,0.0,0.0,83
2023-05-11 09:30:10,OI311C9600,OI311C9600,75.0,0.0,0.0,0.0,8,60.5,63.0,2,75.0,0.0,0.0,0.0,0.0,0.0,83
2023-05-11 09:30:27,OI311C9600,OI311C9600,75.0,0.0,0.0,0.0,8,60.5,62.5,2,75.0,0.0,0.0,0.0,0.0,0.0,83
2023-05-11 09:30:42,OI311C9600,OI311C9600,75.0,0.0,0.0,0.0,8,60.5,62.0,2,75.0,0.0,0.0,0.0,0.0,0.0,83
2023-05-11 09:31:01,OI311C9600,OI311C9600,75.0,0.0,0.0,0.0,6,60.5,62.0,2,75.0,0.0,0.0,0.0,0.0,0.0,83
2023-05-11 09:31:12,OI311C9600,OI311C9600,75.0,0.0,0.0,0.0,6,60.5,61.5,2,75.0,0.0,0.0,0.0,0.0,0.0,83
2023-05-11 09:31:13,OI311C9600,OI311C9600,75.0,0.0,0.0,0.0,6,60.0,61.5,2,75.0,0.0,0.0,0.0,0.0,0.0,83
2023-05-11 09:31:13,OI311C9600,OI311C9600,75.0,0.0,0.0,0.0,1,58.5,61.5,2,75.0,0.0,0.0,0.0,0.0,0.0,83
2023-05-11 09:31:14,OI311C9600,OI311C9600,75.0,0.0,0.0,0.0,9,58.5,61.5,2,75.0,0.0,0.0,0.0,0.0,0.0,83
2023-05-11 09:31:16,OI311C9600,OI311C9600,75.0,0.0,0.0,0.0,2,59.0,61.5,2,75.0,0.0,0.0,0.0,0.0,0.0,83
2023-05-11 09:31:18,OI311C9600,OI311C9600,75.0,0.0,0.0,0.0,2,59.0,61.0,2,75.0,0.0,0.0,0.0,0.0,0.0,83
2023-05-11 09:32:07,OI311C9600,OI311C9600,75.0,0.0,0.0,0.0,2,59.5,61.0,2,75.0,0.0,0.0,0.0,0.0,0.0,83
2023-05-11 09:32:07,OI311C9600,OI311C9600,75.0,0.0,0.0,0.0,8,59.5,61.0,2,75.0,0.0,0.0,0.0,0.0,0.0,83
2023-05-11 09:32:14,OI311C9600,OI311C9600,75.0,0.0,0.0,0.0,8,59.5,61.5,2,75.0,0.0,0.0,0.0,0.0,0.0,83
2023-05-11 09:32:22,OI311C9600,OI311C9600,75.0,0.0,0.0,0.0,8,59.5,61.0,2,75.0,0.0,0.0,0.0,0.0,0.0,83
2023-05-11 09:32:22,OI311C9600,OI311C9600,75.0,0.0,0.0,0.0,6,59.5,61.0,2,75.0,0.0,0.0,0.0,0.0,0.0,83
2023-05-11 09:32:23,OI311C9600,OI311C9600,75.0,0.0,0.0,0.0,8,59.0,61.0,2,75.0,0.0,0.0,0.0,0.0,0.0,83
2023-05-11 09:32:24,OI311C9600,OI311C9600,75.0,0.0,0.0,0.0,6,59.0,60.5,2,75.0,0.0,0.0,0.0,0.0,0.0,83
2023-05-11 09:32:24,OI311C9600,OI311C9600,75.0,0.0,0.0,0.0,1,54.0,60.5,2,75.0,0.0,0.0,0.0,0.0,0.0,83
2023-05-11 09:32:26,OI311C9600,OI311C9600,75.0,0.0,0.0,0.0,6,56.5,60.5,2,75.0,0.0,0.0,0.0,0.0,0.0,83
2023-05-11 09:32:27,OI311C9600,OI311C9600,75.0,0.0,0.0,0.0,2,58.5,60.5,2,75.0,0.0,0.0,0.0,0.0,0.0,83
2023-05-11 09:32:27,OI311C9600,OI311C9600,75.0,0.0,0.0,0.0,8,58.5,60.5,2,75.0,0.0,0.0,0.0,0.0,0.0,83
2023-05-11 09:32:31,OI311C9600,OI311C9600,75.0,0.0,0.0,0.0,2,59.0,60.5,2,75.0,0.0,0.0,0.0,0.0,0.0,83
2023-05-11 09:32:41,OI311C9600,OI311C9600,75.0,0.0,0.0,0.0,8,58.5,60.5,2,75.0,0.0,0.0,0.0,0.0,0.0,83
2023-05-11 09:33:05,OI311C9600,OI311C9600,75.0,0.0,0.0,0.0,2,59.0,60.5,2,75.0,0.0,0.0,0.0,0.0,0.0,83
2023-05-11 09:33:08,OI311C9600,OI311C9600,75.0,0.0,0.0,0.0,2,59.0,61.0,2,75.0,0.0,0.0,0.0,0.0,0.0,83
2023-05-11 09:33:27,OI311C9600,OI311C9600,75.0,0.0,0.0,0.0,8,59.0,61.0,2,75.0,0.0,0.0,0.0,0.0,0.0,83
2023-05-11 09:33:44,OI311C9600,OI311C9600,75.0,0.0,0.0,0.0,2,59.5,61.0,2,75.0,0.0,0.0,0.0,0.0,0.0,83
2023-05-11 09:33:45,OI311C9600,OI311C9600,75.0,0.0,0.0,0.0,8,59.5,61.0,2,75.0,0.0,0.0,0.0,0.0,0.0,83
2023-05-11 09:34:07,OI311C9600,OI311C9600,75.0,0.0,0.0,0.0,8,59.5,62.0,2,75.0,0.0,0.0,0.0,0.0,0.0,83
2023-05-11 09:34:10,OI311C9600,OI311C9600,75.0,0.0,0.0,0.0,2,60.0,62.0,2,75.0,0.0,0.0,0.0,0.0,0.0,83
2023-05-11 09:35:05,OI311C9600,OI311C9600,75.0,0.0,0.0,0.0,2,60.0,61.5,2,75.0,0.0,0.0,0.0,0.0,0.0,83
2023-05-11 09:35:05,OI311C9600,OI311C9600,75.0,0.0,0.0,0.0,8,59.5,61.5,2,75.0,0.0,0.0,0.0,0.0,0.0,83
2023-05-11 09:35:14,OI311C9600,OI311C9600,75.0,0.0,0.0,0.0,8,59.5,61.0,2,75.0,0.0,0.0,0.0,0.0,0.0,83
2023-05-11 09:35:52,OI311C9600,OI311C9600,75.0,0.0,0.0,0.0,8,59.5,61.5,2,75.0,0.0,0.0,0.0,0.0,0.0,83
2023-05-11 09:36:04,OI311C9600,OI311C9600,75.0,0.0,0.0,0.0,8,59.5,61.0,2,75.0,0.0,0.0,0.0,0.0,0.0,83
2023-05-11 09:36:12,OI311C9600,OI311C9600,75.0,0.0,0.0,0.0,8,59.5,61.5,2,75.0,0.0,0.0,0.0,0.0,0.0,83
2023-05-11 09:36:32,OI311C9600,OI311C9600,75.0,0.0,0.0,0.0,8,59.5,61.0,2,75.0,0.0,0.0,0.0,0.0,0.0,83
2023-05-11 09:36:35,OI311C9600,OI311C9600,75.0,0.0,0.0,0.0,6,59.5,61.0,2,75.0,0.0,0.0,0.0,0.0,0.0,83
2023-05-11 09:36:44,OI311C9600,OI311C9600,75.0,0.0,0.0,0.0,8,59.5,61.0,2,75.0,0.0,0.0,0.0,0.0,0.0,83
2023-05-11 09:37:06,OI311C9600,OI311C9600,75.0,0.0,0.0,0.0,8,59.5,61.5,2,75.0,0.0,0.0,0.0,0.0,0.0,83
2023-05-11 09:37:07,OI311C9600,OI311C9600,75.0,0.0,0.0,0.0,2,60.0,61.5,2,75.0,0.0,0.0,0.0,0.0,0.0,83
2023-05-11 09:37:08,OI311C9600,OI311C9600,75.0,0.0,0.0,0.0,2,60.0,62.0,2,75.0,0.0,0.0,0.0,0.0,0.0,83
2023-05-11 09:37:16,OI311C9600,OI311C9600,75.0,0.0,0.0,0.0,8,60.0,61.5,2,75.0,0.0,0.0,0.0,0.0,0.0,83
2023-05-11 09:37:32,OI311C9600,OI311C9600,75.0,0.0,0.0,0.0,6,60.0,61.5,2,75.0,0.0,0.0,0.0,0.0,0.0,83
2023-05-11 09:37:57,OI311C9600,OI311C9600,75.0,0.0,0.0,0.0,6,60.0,61.0,2,75.0,0.0,0.0,0.0,0.0,0.0,83
2023-05-11 09:38:06,OI311C9600,OI311C9600,75.0,0.0,0.0,0.0,6,60.0,61.5,2,75.0,0.0,0.0,0.0,0.0,0.0,83
2023-05-11 09:38:08,OI311C9600,OI311C9600,75.0,0.0,0.0,0.0,8,60.0,61.5,2,75.0,0.0,0.0,0.0,0.0,0.0,83
2023-05-11 09:38:29,OI311C9600,OI311C9600,75.0,0.0,0.0,0.0,8,60.0,62.5,2,75.0,0.0,0.0,0.0,0.0,0.0,83
2023-05-11 09:38:38,OI311C9600,OI311C9600,75.0,0.0,0.0,0.0,8,60.0,62.0,2,75.0,0.0,0.0,0.0,0.0,0.0,83
2023-05-11 09:39:04,OI311C9600,OI311C9600,75.0,0.0,0.0,0.0,8,60.0,62.5,2,75.0,0.0,0.0,0.0,0.0,0.0,83
2023-05-11 09:39:38,OI311C9600,OI311C9600,75.0,0.0,0.0,0.0,8,60.0,62.0,2,75.0,0.0,0.0,0.0,0.0,0.0,83
2023-05-11 09:40:27,OI311C9600,OI311C9600,75.0,0.0,0.0,0.0,6,60.0,61.5,2,75.0,0.0,0.0,0.0,0.0,0.0,83
2023-05-11 09:40:58,OI311C9600,OI311C9600,75.0,0.0,0.0,0.0,6,60.0,61.0,2,75.0,0.0,0.0,0.0,0.0,0.0,83
2023-05-11 09:41:03,OI311C9600,OI311C9600,75.0,0.0,0.0,0.0,2,59.0,61.0,2,75.0,0.0,0.0,0.0,0.0,0.0,83
2023-05-11 09:41:03,OI311C9600,OI311C9600,75.0,0.0,0.0,0.0,8,59.0,61.0,2,75.0,0.0,0.0,0.0,0.0,0.0,83
2023-05-11 09:41:19,OI311C9600,OI311C9600,75.0,0.0,0.0,0.0,2,59.5,61.0,2,75.0,0.0,0.0,0.0,0.0,0.0,83
2023-05-11 09:41:23,OI311C9600,OI311C9600,75.0,0.0,0.0,0.0,8,59.5,61.0,2,75.0,0.0,0.0,0.0,0.0,0.0,83
2023-05-11 09:41:24,OI311C9600,OI311C9600,75.0,0.0,0.0,0.0,8,59.5,61.5,2,75.0,0.0,0.0,0.0,0.0,0.0,83
2023-05-11 09:41:25,OI311C9600,OI311C9600,75.0,0.0,0.0,0.0,2,60.0,61.5,2,75.0,0.0,0.0,0.0,0.0,0.0,83
2023-05-11 09:41:35,OI311C9600,OI311C9600,75.0,0.0,0.0,0.0,2,60.0,62.5,2,75.0,0.0,0.0,0.0,0.0,0.0,83
2023-05-11 09:41:46,OI311C9600,OI311C9600,75.0,0.0,0.0,0.0,2,60.0,62.0,2,75.0,0.0,0.0,0.0,0.0,0.0,83
2023-05-11 09:41:46,OI311C9600,OI311C9600,75.0,0.0,0.0,0.0,8,60.0,62.0,2,75.0,0.0,0.0,0.0,0.0,0.0,83
2023-05-11 09:41:58,OI311C9600,OI311C9600,75.0,0.0,0.0,0.0,8,60.0,61.5,2,75.0,0.0,0.0,0.0,0.0,0.0,83
2023-05-11 09:42:21,OI311C9600,OI311C9600,75.0,0.0,0.0,0.0,6,60.0,61.5,2,75.0,0.0,0.0,0.0,0.0,0.0,83
2023-05-11 09:42:51,OI311C9600,OI311C9600,75.0,0.0,0.0,0.0,6,60.0,61.0,2,75.0,0.0,0.0,0.0,0.0,0.0,83
2023-05-11 09:43:16,OI311C9600,OI311C9600,75.0,0.0,0.0,0.0,14,59.0,61.0,2,75.0,0.0,0.0,0.0,0.0,0.0,83
2023-05-11 09:43:16,OI311C9600,OI311C9600,75.0,0.0,0.0,0.0,8,59.0,61.0,2,75.0,0.0,0.0,0.0,0.0,0.0,83
2023-05-11 09:43:18,OI311C9600,OI311C9600,75.0,0.0,0.0,0.0,8,59.0,60.5,2,75.0,0.0,0.0,0.0,0.0,0.0,83
2023-05-11 09:44:02,OI311C9600,OI311C9600,75.0,0.0,0.0,0.0,2,59.5,61.0,2,75.0,0.0,0.0,0.0,0.0,0.0,83
2023-05-11 09:44:27,OI311C9600,OI311C9600,75.0,0.0,0.0,0.0,8,59.5,61.0,2,75.0,0.0,0.0,0.0,0.0,0.0,83
2023-05-11 09:44:49,OI311C9600,OI311C9600,75.0,0.0,0.0,0.0,8,59.5,62.0,2,75.0,0.0,0.0,0.0,0.0,0.0,83
2023-05-11 09:44:51,OI311C9600,OI311C9600,75.0,0.0,0.0,0.0,8,59.5,61.5,2,75.0,0.0,0.0,0.0,0.0,0.0,83
2023-05-11 09:45:04,OI311C9600,OI311C9600,75.0,0.0,0.0,0.0,2,60.0,61.5,2,75.0,0.0,0.0,0.0,0.0,0.0,83
2023-05-11 09:45:23,OI311C9600,OI311C9600,75.0,0.0,0.0,0.0,8,60.0,61.5,2,75.0,0.0,0.0,0.0,0.0,0.0,83
2023-05-11 09:46:05,OI311C9600,OI311C9600,75.0,0.0,0.0,0.0,2,60.0,62.0,2,75.0,0.0,0.0,0.0,0.0,0.0,83
2023-05-11 09:46:05,OI311C9600,OI311C9600,75.0,0.0,0.0,0.0,8,60.0,62.0,2,75.0,0.0,0.0,0.0,0.0,0.0,83
2023-05-11 09:47:04,OI311C9600,OI311C9600,75.0,0.0,0.0,0.0,8,60.0,61.5,2,75.0,0.0,0.0,0.0,0.0,0.0,83
2023-05-11 09:47:15,OI311C9600,OI311C9600,75.0,0.0,0.0,0.0,6,60.0,61.5,2,75.0,0.0,0.0,0.0,0.0,0.0,83
2023-05-11 09:47:21,OI311C9600,OI311C9600,75.0,0.0,0.0,0.0,8,59.5,61.5,2,75.0,0.0,0.0,0.0,0.0,0.0,83
2023-05-11 09:48:03,OI311C9600,OI311C9600,75.0,0.0,0.0,0.0,8,59.5,61.0,2,75.0,0.0,0.0,0.0,0.0,0.0,83
2023-05-11 09:48:10,OI311C9600,OI311C9600,75.0,0.0,0.0,0.0,2,58.5,61.0,2,75.0,0.0,0.0,0.0,0.0,0.0,83
2023-05-11 09:48:11,OI311C9600,OI311C9600,75.0,0.0,0.0,0.0,2,59.0,61.0,2,75.0,0.0,0.0,0.0,0.0,0.0,83
2023-05-11 09:48:11,OI311C9600,OI311C9600,75.0,0.0,0.0,0.0,8,59.0,61.0,2,75.0,0.0,0.0,0.0,0.0,0.0,83
2023-05-11 09:48:29,OI311C9600,OI311C9600,75.0,0.0,0.0,0.0,8,59.0,60.5,2,75.0,0.0,0.0,0.0,0.0,0.0,83
2023-05-11 09:49:27,OI311C9600,OI311C9600,75.0,0.0,0.0,0.0,6,59.0,60.5,2,75.0,0.0,0.0,0.0,0.0,0.0,83
2023-05-11 09:50:00,OI311C9600,OI311C9600,75.0,0.0,0.0,0.0,8,59.0,60.5,2,75.0,0.0,0.0,0.0,0.0,0.0,83
2023-05-11 09:50:10,OI311C9600,OI311C9600,75.0,0.0,0.0,0.0,8,59.0,61.0,8,75.0,0.0,0.0,0.0,0.0,0.0,83
2023-05-11 09:50:11,OI311C9600,OI311C9600,75.0,0.0,0.0,0.0,8,59.0,61.0,2,75.0,0.0,0.0,0.0,0.0,0.0,83
2023-05-11 09:50:45,OI311C9600,OI311C9600,75.0,0.0,0.0,0.0,8,59.0,60.5,2,75.0,0.0,0.0,0.0,0.0,0.0,83
2023-05-11 09:51:03,OI311C9600,OI311C9600,75.0,0.0,0.0,0.0,6,59.0,60.5,2,75.0,0.0,0.0,0.0,0.0,0.0,83
2023-05-11 09:51:05,OI311C9600,OI311C9600,75.0,0.0,0.0,0.0,6,59.0,60.0,2,75.0,0.0,0.0,0.0,0.0,0.0,83
2023-05-11 09:51:08,OI311C9600,OI311C9600,75.0,0.0,0.0,0.0,8,58.0,60.0,2,75.0,0.0,0.0,0.0,0.0,0.0,83
2023-05-11 09:51:15,OI311C9600,OI311C9600,75.0,0.0,0.0,0.0,8,58.0,59.5,2,75.0,0.0,0.0,0.0,0.0,0.0,83
2023-05-11 09:52:05,OI311C9600,OI311C9600,75.0,0.0,0.0,0.0,8,58.0,60.0,2,75.0,0.0,0.0,0.0,0.0,0.0,83
2023-05-11 09:52:06,OI311C9600,OI311C9600,75.0,0.0,0.0,0.0,2,58.5,60.0,2,75.0,0.0,0.0,0.0,0.0,0.0,83
2023-05-11 09:52:20,OI311C9600,OI311C9600,75.0,0.0,0.0,0.0,8,58.5,60.0,2,75.0,0.0,0.0,0.0,0.0,0.0,83
2023-05-11 09:52:32,OI311C9600,OI311C9600,75.0,0.0,0.0,0.0,6,58.5,60.0,2,75.0,0.0,0.0,0.0,0.0,0.0,83
2023-05-11 09:52:34,OI311C9600,OI311C9600,75.0,0.0,0.0,0.0,6,58.5,59.5,2,75.0,0.0,0.0,0.0,0.0,0.0,83
2023-05-11 09:53:06,OI311C9600,OI311C9600,75.0,0.0,0.0,0.0,2,57.5,59.5,2,75.0,0.0,0.0,0.0,0.0,0.0,83
2023-05-11 09:53:06,OI311C9600,OI311C9600,75.0,0.0,0.0,0.0,8,57.5,59.5,2,75.0,0.0,0.0,0.0,0.0,0.0,83
2023-05-11 09:53:39,OI311C9600,OI311C9600,75.0,0.0,0.0,0.0,2,58.0,59.5,2,75.0,0.0,0.0,0.0,0.0,0.0,83
2023-05-11 09:54:32,OI311C9600,OI311C9600,75.0,0.0,0.0,0.0,8,57.5,59.5,2,75.0,0.0,0.0,0.0,0.0,0.0,83
2023-05-11 09:54:37,OI311C9600,OI311C9600,75.0,0.0,0.0,0.0,2,58.0,59.5,2,75.0,0.0,0.0,0.0,0.0,0.0,83
2023-05-11 09:54:37,OI311C9600,OI311C9600,75.0,0.0,0.0,0.0,8,58.0,59.5,2,75.0,0.0,0.0,0.0,0.0,0.0,83
2023-05-11 09:54:42,OI311C9600,OI311C9600,75.0,0.0,0.0,0.0,6,58.0,59.5,2,75.0,0.0,0.0,0.0,0.0,0.0,83
2023-05-11 09:54:52,OI311C9600,OI311C9600,75.0,0.0,0.0,0.0,14,57.5,59.5,2,75.0,0.0,0.0,0.0,0.0,0.0,83
2023-05-11 09:54:52,OI311C9600,OI311C9600,75.0,0.0,0.0,0.0,8,57.5,59.5,2,75.0,0.0,0.0,0.0,0.0,0.0,83
2023-05-11 09:55:00,OI311C9600,OI311C9600,75.0,0.0,0.0,0.0,2,58.0,59.5,2,75.0,0.0,0.0,0.0,0.0,0.0,83
2023-05-11 09:55:15,OI311C9600,OI311C9600,75.0,0.0,0.0,0.0,8,57.5,59.0,2,75.0,0.0,0.0,0.0,0.0,0.0,83
2023-05-11 09:55:29,OI311C9600,OI311C9600,75.0,0.0,0.0,0.0,6,57.5,59.0,2,75.0,0.0,0.0,0.0,0.0,0.0,83
2023-05-11 09:55:29,OI311C9600,OI311C9600,75.0,0.0,0.0,0.0,8,56.5,59.0,2,75.0,0.0,0.0,0.0,0.0,0.0,83
2023-05-11 09:55:30,OI311C9600,OI311C9600,75.0,0.0,0.0,0.0,8,56.5,58.5,2,75.0,0.0,0.0,0.0,0.0,0.0,83
2023-05-11 09:56:03,OI311C9600,OI311C9600,75.0,0.0,0.0,0.0,2,57.0,58.5,2,75.0,0.0,0.0,0.0,0.0,0.0,83
2023-05-11 09:56:08,OI311C9600,OI311C9600,75.0,0.0,0.0,0.0,2,57.0,59.0,2,75.0,0.0,0.0,0.0,0.0,0.0,83
2023-05-11 09:56:09,OI311C9600,OI311C9600,75.0,0.0,0.0,0.0,8,57.5,59.0,2,75.0,0.0,0.0,0.0,0.0,0.0,83
2023-05-11 09:56:26,OI311C9600,OI311C9600,75.0,0.0,0.0,0.0,8,57.5,60.0,2,75.0,0.0,0.0,0.0,0.0,0.0,83
2023-05-11 09:56:31,OI311C9600,OI311C9600,75.0,0.0,0.0,0.0,8,57.5,59.5,2,75.0,0.0,0.0,0.0,0.0,0.0,83
2023-05-11 09:56:52,OI311C9600,OI311C9600,75.0,0.0,0.0,0.0,8,57.5,59.0,2,75.0,0.0,0.0,0.0,0.0,0.0,83
2023-05-11 09:57:10,OI311C9600,OI311C9600,75.0,0.0,0.0,0.0,6,57.5,59.0,2,75.0,0.0,0.0,0.0,0.0,0.0,83
2023-05-11 09:57:50,OI311C9600,OI311C9600,75.0,0.0,0.0,0.0,6,57.5,58.5,2,75.0,0.0,0.0,0.0,0.0,0.0,83
2023-05-11 09:57:55,OI311C9600,OI311C9600,75.0,0.0,0.0,0.0,2,56.0,58.5,2,75.0,0.0,0.0,0.0,0.0,0.0,83
2023-05-11 09:57:55,OI311C9600,OI311C9600,75.0,0.0,0.0,0.0,2,56.5,58.5,2,75.0,0.0,0.0,0.0,0.0,0.0,83
2023-05-11 09:57:56,OI311C9600,OI311C9600,75.0,0.0,0.0,0.0,2,56.5,58.0,2,75.0,0.0,0.0,0.0,0.0,0.0,83
2023-05-11 09:58:14,OI311C9600,OI311C9600,75.0,0.0,0.0,0.0,2,57.0,58.5,2,75.0,0.0,0.0,0.0,0.0,0.0,83
2023-05-11 09:58:14,OI311C9600,OI311C9600,75.0,0.0,0.0,0.0,8,57.0,58.5,2,75.0,0.0,0.0,0.0,0.0,0.0,83
2023-05-11 09:58:33,OI311C9600,OI311C9600,75.0,0.0,0.0,0.0,6,57.0,58.5,2,75.0,0.0,0.0,0.0,0.0,0.0,83
2023-05-11 09:58:34,OI311C9600,OI311C9600,75.0,0.0,0.0,0.0,6,57.0,58.0,2,75.0,0.0,0.0,0.0,0.0,0.0,83
2023-05-11 09:58:50,OI311C9600,OI311C9600,75.0,0.0,0.0,0.0,2,55.5,58.0,2,75.0,0.0,0.0,0.0,0.0,0.0,83
2023-05-11 09:58:51,OI311C9600,OI311C9600,75.0,0.0,0.0,0.0,8,55.5,58.0,2,75.0,0.0,0.0,0.0,0.0,0.0,83
2023-05-11 09:58:51,OI311C9600,OI311C9600,75.0,0.0,0.0,0.0,2,56.0,58.0,2,75.0,0.0,0.0,0.0,0.0,0.0,83
2023-05-11 09:59:03,OI311C9600,OI311C9600,75.0,0.0,0.0,0.0,2,56.5,58.0,2,75.0,0.0,0.0,0.0,0.0,0.0,83
2023-05-11 09:59:03,OI311C9600,OI311C9600,75.0,0.0,0.0,0.0,8,56.5,58.0,2,75.0,0.0,0.0,0.0,0.0,0.0,83
2023-05-11 09:59:15,OI311C9600,OI311C9600,75.0,0.0,0.0,0.0,8,56.5,58.5,2,75.0,0.0,0.0,0.0,0.0,0.0,83
2023-05-11 09:59:43,OI311C9600,OI311C9600,75.0,0.0,0.0,0.0,8,56.5,58.0,2,75.0,0.0,0.0,0.0,0.0,0.0,83
2023-05-11 10:00:11,OI311C9600,OI311C9600,75.0,0.0,0.0,0.0,8,56.5,58.5,8,75.0,0.0,0.0,0.0,0.0,0.0,83
2023-05-11 10:00:11,OI311C9600,OI311C9600,75.0,0.0,0.0,0.0,8,56.5,58.5,2,75.0,0.0,0.0,0.0,0.0,0.0,83
2023-05-11 10:00:12,OI311C9600,OI311C9600,75.0,0.0,0.0,0.0,2,57.0,58.5,2,75.0,0.0,0.0,0.0,0.0,0.0,83
2023-05-11 10:00:14,OI311C9600,OI311C9600,75.0,0.0,0.0,0.0,8,57.0,59.5,2,75.0,0.0,0.0,0.0,0.0,0.0,83
2023-05-11 10:00:16,OI311C9600,OI311C9600,75.0,0.0,0.0,0.0,8,57.0,59.0,2,75.0,0.0,0.0,0.0,0.0,0.0,83
2023-05-11 10:00:33,OI311C9600,OI311C9600,75.0,0.0,0.0,0.0,8,57.0,58.5,2,75.0,0.0,0.0,0.0,0.0,0.0,83
2023-05-11 10:00:43,OI311C9600,OI311C9600,75.0,0.0,0.0,0.0,6,57.0,58.5,2,75.0,0.0,0.0,0.0,0.0,0.0,83
2023-05-11 10:00:47,OI311C9600,OI311C9600,75.0,0.0,0.0,0.0,6,57.0,58.0,2,75.0,0.0,0.0,0.0,0.0,0.0,83
2023-05-11 10:00:57,OI311C9600,OI311C9600,75.0,0.0,0.0,0.0,2,56.0,58.0,2,75.0,0.0,0.0,0.0,0.0,0.0,83
2023-05-11 10:00:57,OI311C9600,OI311C9600,75.0,0.0,0.0,0.0,8,56.0,58.0,2,75.0,0.0,0.0,0.0,0.0,0.0,83
2023-05-11 10:00:59,OI311C9600,OI311C9600,75.0,0.0,0.0,0.0,2,56.5,58.0,2,75.0,0.0,0.0,0.0,0.0,0.0,83
2023-05-11 10:01:00,OI311C9600,OI311C9600,75.0,0.0,0.0,0.0,8,56.5,58.0,2,75.0,0.0,0.0,0.0,0.0,0.0,83
2023-05-11 10:01:09,OI311C9600,OI311C9600,75.0,0.0,0.0,0.0,8,56.5,58.5,8,75.0,0.0,0.0,0.0,0.0,0.0,83
2023-05-11 10:01:09,OI311C9600,OI311C9600,75.0,0.0,0.0,0.0,8,56.5,58.5,2,75.0,0.0,0.0,0.0,0.0,0.0,83
2023-05-11 10:01:34,OI311C9600,OI311C9600,75.0,0.0,0.0,0.0,8,56.5,58.0,2,75.0,0.0,0.0,0.0,0.0,0.0,83
2023-05-11 10:01:46,OI311C9600,OI311C9600,75.0,0.0,0.0,0.0,6,56.5,58.0,2,75.0,0.0,0.0,0.0,0.0,0.0,83
2023-05-11 10:02:00,OI311C9600,OI311C9600,75.0,0.0,0.0,0.0,6,56.5,57.5,2,75.0,0.0,0.0,0.0,0.0,0.0,83
2023-05-11 10:02:16,OI311C9600,OI311C9600,75.0,0.0,0.0,0.0,6,56.5,58.0,2,75.0,0.0,0.0,0.0,0.0,0.0,83
2023-05-11 10:02:16,OI311C9600,OI311C9600,75.0,0.0,0.0,0.0,8,56.0,58.0,2,75.0,0.0,0.0,0.0,0.0,0.0,83
2023-05-11 10:03:48,OI311C9600,OI311C9600,75.0,0.0,0.0,0.0,2,56.5,58.0,2,75.0,0.0,0.0,0.0,0.0,0.0,83
2023-05-11 10:03:56,OI311C9600,OI311C9600,75.0,0.0,0.0,0.0,2,56.5,59.0,2,75.0,0.0,0.0,0.0,0.0,0.0,83
2023-05-11 10:04:12,OI311C9600,OI311C9600,75.0,0.0,0.0,0.0,2,56.5,58.5,2,75.0,0.0,0.0,0.0,0.0,0.0,83
2023-05-11 10:04:56,OI311C9600,OI311C9600,75.0,0.0,0.0,0.0,2,56.5,58.0,2,75.0,0.0,0.0,0.0,0.0,0.0,83
2023-05-11 10:05:08,OI311C9600,OI311C9600,75.0,0.0,0.0,0.0,8,56.0,58.0,2,75.0,0.0,0.0,0.0,0.0,0.0,83
2023-05-11 10:05:09,OI311C9600,OI311C9600,75.0,0.0,0.0,0.0,2,55.0,57.5,2,75.0,0.0,0.0,0.0,0.0,0.0,83
2023-05-11 10:05:09,OI311C9600,OI311C9600,75.0,0.0,0.0,0.0,8,55.0,57.5,2,75.0,0.0,0.0,0.0,0.0,0.0,83
2023-05-11 10:05:10,OI311C9600,OI311C9600,75.0,0.0,0.0,0.0,2,55.5,57.5,2,75.0,0.0,0.0,0.0,0.0,0.0,83
2023-05-11 10:05:11,OI311C9600,OI311C9600,75.0,0.0,0.0,0.0,8,55.5,57.5,2,75.0,0.0,0.0,0.0,0.0,0.0,83
2023-05-11 10:05:11,OI311C9600,OI311C9600,75.0,0.0,0.0,0.0,2,56.0,57.5,2,75.0,0.0,0.0,0.0,0.0,0.0,83
2023-05-11 10:05:41,OI311C9600,OI311C9600,75.0,0.0,0.0,0.0,2,56.0,58.0,2,75.0,0.0,0.0,0.0,0.0,0.0,83
2023-05-11 10:06:00,OI311C9600,OI311C9600,75.0,0.0,0.0,0.0,2,56.5,58.0,2,75.0,0.0,0.0,0.0,0.0,0.0,83
2023-05-11 10:06:00,OI311C9600,OI311C9600,75.0,0.0,0.0,0.0,8,56.5,59.0,2,75.0,0.0,0.0,0.0,0.0,0.0,83
2023-05-11 10:06:02,OI311C9600,OI311C9600,75.0,0.0,0.0,0.0,8,56.5,58.5,2,75.0,0.0,0.0,0.0,0.0,0.0,83
2023-05-11 10:07:25,OI311C9600,OI311C9600,75.0,0.0,0.0,0.0,6,56.5,58.0,2,75.0,0.0,0.0,0.0,0.0,0.0,83
2023-05-11 10:07:33,OI311C9600,OI311C9600,75.0,0.0,0.0,0.0,8,56.0,58.0,2,75.0,0.0,0.0,0.0,0.0,0.0,83
2023-05-11 10:07:38,OI311C9600,OI311C9600,75.0,0.0,0.0,0.0,6,56.0,57.5,2,75.0,0.0,0.0,0.0,0.0,0.0,83
2023-05-11 10:07:38,OI311C9600,OI311C9600,75.0,0.0,0.0,0.0,8,55.0,57.5,2,75.0,0.0,0.0,0.0,0.0,0.0,83
2023-05-11 10:08:09,OI311C9600,OI311C9600,75.0,0.0,0.0,0.0,8,55.0,57.0,2,75.0,0.0,0.0,0.0,0.0,0.0,83
2023-05-11 10:08:22,OI311C9600,OI311C9600,75.0,0.0,0.0,0.0,6,55.0,57.0,2,75.0,0.0,0.0,0.0,0.0,0.0,83
2023-05-11 10:08:22,OI311C9600,OI311C9600,75.0,0.0,0.0,0.0,3,54.0,57.0,2,75.0,0.0,0.0,0.0,0.0,0.0,83
2023-05-11 10:08:23,OI311C9600,OI311C9600,75.0,0.0,0.0,0.0,9,54.0,57.0,2,75.0,0.0,0.0,0.0,0.0,0.0,83
2023-05-11 10:08:26,OI311C9600,OI311C9600,75.0,0.0,0.0,0.0,2,54.5,57.0,2,75.0,0.0,0.0,0.0,0.0,0.0,83
2023-05-11 10:08:29,OI311C9600,OI311C9600,75.0,0.0,0.0,0.0,2,54.5,56.5,2,75.0,0.0,0.0,0.0,0.0,0.0,83
2023-05-11 10:09:09,OI311C9600,OI311C9600,75.0,0.0,0.0,0.0,8,54.5,56.5,2,75.0,0.0,0.0,0.0,0.0,0.0,83
2023-05-11 10:11:05,OI311C9600,OI311C9600,75.0,0.0,0.0,0.0,2,55.0,57.0,2,75.0,0.0,0.0,0.0,0.0,0.0,83
2023-05-11 10:12:31,OI311C9600,OI311C9600,75.0,0.0,0.0,0.0,8,55.0,57.0,2,75.0,0.0,0.0,0.0,0.0,0.0,83
2023-05-11 10:14:35,OI311C9600,OI311C9600,75.0,0.0,0.0,0.0,8,55.0,58.0,2,75.0,0.0,0.0,0.0,0.0,0.0,83
2023-05-11 10:14:46,OI311C9600,OI311C9600,75.0,0.0,0.0,0.0,2,55.0,58.0,2,75.0,0.0,0.0,0.0,0.0,0.0,83
2023-05-11 10:14:51,OI311C9600,OI311C9600,75.0,0.0,0.0,0.0,2,55.5,58.0,2,75.0,0.0,0.0,0.0,0.0,0.0,83
2023-05-11 10:30:13,OI311C9600,OI311C9600,75.0,0.0,0.0,0.0,2,56.0,58.0,2,75.0,0.0,0.0,0.0,0.0,0.0,83
2023-05-11 10:30:31,OI311C9600,OI311C9600,75.0,0.0,0.0,0.0,8,56.0,58.0,2,75.0,0.0,0.0,0.0,0.0,0.0,83
2023-05-11 10:30:35,OI311C9600,OI311C9600,75.0,0.0,0.0,0.0,6,56.0,58.0,2,75.0,0.0,0.0,0.0,0.0,0.0,83
2023-05-11 10:30:54,OI311C9600,OI311C9600,75.0,0.0,0.0,0.0,14,55.5,58.0,2,75.0,0.0,0.0,0.0,0.0,0.0,83
2023-05-11 10:30:54,OI311C9600,OI311C9600,75.0,0.0,0.0,0.0,8,55.5,58.0,2,75.0,0.0,0.0,0.0,0.0,0.0,83
2023-05-11 10:31:58,OI311C9600,OI311C9600,75.0,0.0,0.0,0.0,8,55.5,57.5,2,75.0,0.0,0.0,0.0,0.0,0.0,83
2023-05-11 10:32:05,OI311C9600,OI311C9600,75.0,0.0,0.0,0.0,7,49.5,57.0,2,75.0,0.0,0.0,0.0,0.0,0.0,83
2023-05-11 10:32:05,OI311C9600,OI311C9600,75.0,0.0,0.0,0.0,6,53.0,57.0,2,75.0,0.0,0.0,0.0,0.0,0.0,83
2023-05-11 10:32:06,OI311C9600,OI311C9600,75.0,0.0,0.0,0.0,2,54.0,57.0,2,75.0,0.0,0.0,0.0,0.0,0.0,83
2023-05-11 10:32:06,OI311C9600,OI311C9600,75.0,0.0,0.0,0.0,8,54.0,57.0,2,75.0,0.0,0.0,0.0,0.0,0.0,83
2023-05-11 10:32:09,OI311C9600,OI311C9600,75.0,0.0,0.0,0.0,2,54.5,57.0,2,75.0,0.0,0.0,0.0,0.0,0.0,83
2023-05-11 10:32:14,OI311C9600,OI311C9600,75.0,0.0,0.0,0.0,2,55.0,57.0,2,75.0,0.0,0.0,0.0,0.0,0.0,83
2023-05-11 10:32:15,OI311C9600,OI311C9600,75.0,0.0,0.0,0.0,2,55.0,57.5,2,75.0,0.0,0.0,0.0,0.0,0.0,83
2023-05-11 10:32:49,OI311C9600,OI311C9600,75.0,0.0,0.0,0.0,8,55.0,57.5,2,75.0,0.0,0.0,0.0,0.0,0.0,83
2023-05-11 10:40:56,OI311C9600,OI311C9600,75.0,0.0,0.0,0.0,8,55.0,57.0,2,75.0,0.0,0.0,0.0,0.0,0.0,83
2023-05-11 10:41:06,OI311C9600,OI311C9600,75.0,0.0,0.0,0.0,6,55.0,57.0,2,75.0,0.0,0.0,0.0,0.0,0.0,83
2023-05-11 10:42:05,OI311C9600,OI311C9600,75.0,0.0,0.0,0.0,6,55.0,56.5,2,75.0,0.0,0.0,0.0,0.0,0.0,83
2023-05-11 10:42:14,OI311C9600,OI311C9600,75.0,0.0,0.0,0.0,6,52.5,56.5,2,75.0,0.0,0.0,0.0,0.0,0.0,83
2023-05-11 10:42:14,OI311C9600,OI311C9600,75.0,0.0,0.0,0.0,2,53.0,56.5,2,75.0,0.0,0.0,0.0,0.0,0.0,83
2023-05-11 10:42:29,OI311C9600,OI311C9600,75.0,0.0,0.0,0.0,8,53.5,56.5,2,75.0,0.0,0.0,0.0,0.0,0.0,83
2023-05-11 10:45:56,OI311C9600,OI311C9600,75.0,0.0,0.0,0.0,8,53.5,56.0,2,75.0,0.0,0.0,0.0,0.0,0.0,83
2023-05-11 10:47:28,OI311C9600,OI311C9600,75.0,0.0,0.0,0.0,6,53.5,56.0,2,75.0,0.0,0.0,0.0,0.0,0.0,83
2023-05-11 10:47:28,OI311C9600,OI311C9600,75.0,0.0,0.0,0.0,6,53.5,55.5,2,75.0,0.0,0.0,0.0,0.0,0.0,83
2023-05-11 10:47:44,OI311C9600,OI311C9600,75.0,0.0,0.0,0.0,8,53.0,55.5,2,75.0,0.0,0.0,0.0,0.0,0.0,83
2023-05-11 10:57:15,OI311C9600,OI311C9600,75.0,0.0,0.0,0.0,2,53.0,56.0,2,75.0,0.0,0.0,0.0,0.0,0.0,83
2023-05-11 10:57:16,OI311C9600,OI311C9600,75.0,0.0,0.0,0.0,8,53.0,56.0,2,75.0,0.0,0.0,0.0,0.0,0.0,83
2023-05-11 10:57:19,OI311C9600,OI311C9600,75.0,0.0,0.0,0.0,2,53.5,56.0,2,75.0,0.0,0.0,0.0,0.0,0.0,83
2023-05-11 11:00:01,OI311C9600,OI311C9600,75.0,0.0,0.0,0.0,8,53.5,56.0,2,75.0,0.0,0.0,0.0,0.0,0.0,83
2023-05-11 11:04:20,OI311C9600,OI311C9600,75.0,0.0,0.0,0.0,8,53.5,57.5,2,75.0,0.0,0.0,0.0,0.0,0.0,83
2023-05-11 11:04:24,OI311C9600,OI311C9600,75.0,0.0,0.0,0.0,2,54.0,57.5,2,75.0,0.0,0.0,0.0,0.0,0.0,83
2023-05-11 11:04:45,OI311C9600,OI311C9600,75.0,0.0,0.0,0.0,8,54.0,57.5,2,75.0,0.0,0.0,0.0,0.0,0.0,83
2023-05-11 11:05:08,OI311C9600,OI311C9600,75.0,0.0,0.0,0.0,2,54.5,57.5,2,75.0,0.0,0.0,0.0,0.0,0.0,83
2023-05-11 11:05:12,OI311C9600,OI311C9600,75.0,0.0,0.0,0.0,8,54.5,57.5,2,75.0,0.0,0.0,0.0,0.0,0.0,83
2023-05-11 11:08:42,OI311C9600,OI311C9600,75.0,0.0,0.0,0.0,6,54.5,57.5,2,75.0,0.0,0.0,0.0,0.0,0.0,83
2023-05-11 11:09:01,OI311C9600,OI311C9600,75.0,0.0,0.0,0.0,6,54.5,57.0,2,75.0,0.0,0.0,0.0,0.0,0.0,83
2023-05-11 11:11:04,OI311C9600,OI311C9600,75.0,0.0,0.0,0.0,8,54.0,57.0,2,75.0,0.0,0.0,0.0,0.0,0.0,83
2023-05-11 11:26:12,OI311C9600,OI311C9600,75.0,0.0,0.0,0.0,8,54.0,57.5,2,75.0,0.0,0.0,0.0,0.0,0.0,83
2023-05-11 11:29:36,OI311C9600,OI311C9600,75.0,0.0,0.0,0.0,6,54.0,59.0,6,75.0,0.0,0.0,0.0,0.0,0.0,83
2023-05-11 11:29:37,OI311C9600,OI311C9600,75.0,0.0,0.0,0.0,6,53.0,61.0,7,75.0,0.0,0.0,0.0,0.0,0.0,83
2023-05-11 11:29:42,OI311C9600,OI311C9600,75.0,0.0,0.0,0.0,1,49.5,61.0,1,75.0,0.0,0.0,0.0,0.0,0.0,83
2023-05-11 11:29:50,OI311C9600,OI311C9600,75.0,0.0,0.0,0.0,2,41.0,61.0,1,75.0,0.0,0.0,0.0,0.0,0.0,83
2023-05-11 13:30:47,OI311C9600,OI311C9600,75.0,0.0,0.0,0.0,1,40.5,61.0,1,75.0,0.0,0.0,0.0,0.0,0.0,83
2023-05-11 13:31:48,OI311C9600,OI311C9600,75.0,0.0,0.0,0.0,6,53.0,61.0,7,75.0,0.0,0.0,0.0,0.0,0.0,83
2023-05-11 13:34:44,OI311C9600,OI311C9600,75.0,0.0,0.0,0.0,6,54.0,61.0,7,75.0,0.0,0.0,0.0,0.0,0.0,83
2023-05-11 13:35:06,OI311C9600,OI311C9600,75.0,0.0,0.0,0.0,6,55.0,61.0,7,75.0,0.0,0.0,0.0,0.0,0.0,83
2023-05-11 13:36:17,OI311C9600,OI311C9600,75.0,0.0,0.0,0.0,6,55.5,61.0,1,75.0,0.0,0.0,0.0,0.0,0.0,83
2023-05-11 13:38:50,OI311C9600,OI311C9600,75.0,0.0,0.0,0.0,6,56.5,61.0,1,75.0,0.0,0.0,0.0,0.0,0.0,83
2023-05-11 13:40:06,OI311C9600,OI311C9600,75.0,0.0,0.0,0.0,6,55.5,61.0,1,75.0,0.0,0.0,0.0,0.0,0.0,83
2023-05-11 13:40:17,OI311C9600,OI311C9600,75.0,0.0,0.0,0.0,6,56.5,61.0,1,75.0,0.0,0.0,0.0,0.0,0.0,83
2023-05-11 13:41:43,OI311C9600,OI311C9600,75.0,0.0,0.0,0.0,6,55.5,61.0,1,75.0,0.0,0.0,0.0,0.0,0.0,83
2023-05-11 13:41:55,OI311C9600,OI311C9600,75.0,0.0,0.0,0.0,6,56.5,61.0,1,75.0,0.0,0.0,0.0,0.0,0.0,83
2023-05-11 13:43:14,OI311C9600,OI311C9600,75.0,0.0,0.0,0.0,6,57.0,61.0,1,75.0,0.0,0.0,0.0,0.0,0.0,83
2023-05-11 13:46:29,OI311C9600,OI311C9600,75.0,0.0,0.0,0.0,6,56.0,61.0,1,75.0,0.0,0.0,0.0,0.0,0.0,83
2023-05-11 13:47:28,OI311C9600,OI311C9600,75.0,0.0,0.0,0.0,6,57.0,61.0,1,75.0,0.0,0.0,0.0,0.0,0.0,83
2023-05-11 13:48:11,OI311C9600,OI311C9600,75.0,0.0,0.0,0.0,6,57.5,61.0,1,75.0,0.0,0.0,0.0,0.0,0.0,83
2023-05-11 13:48:43,OI311C9600,OI311C9600,75.0,0.0,0.0,0.0,6,56.5,61.0,1,75.0,0.0,0.0,0.0,0.0,0.0,83
2023-05-11 13:50:14,OI311C9600,OI311C9600,75.0,0.0,0.0,0.0,6,57.0,61.0,1,75.0,0.0,0.0,0.0,0.0,0.0,83
2023-05-11 13:50:44,OI311C9600,OI311C9600,75.0,0.0,0.0,0.0,6,56.5,61.0,1,75.0,0.0,0.0,0.0,0.0,0.0,83
2023-05-11 13:51:02,OI311C9600,OI311C9600,75.0,0.0,0.0,0.0,6,57.0,61.0,1,75.0,0.0,0.0,0.0,0.0,0.0,83
2023-05-11 13:51:52,OI311C9600,OI311C9600,75.0,0.0,0.0,0.0,6,56.5,61.0,1,75.0,0.0,0.0,0.0,0.0,0.0,83
2023-05-11 13:54:03,OI311C9600,OI311C9600,75.0,0.0,0.0,0.0,6,57.0,61.0,1,75.0,0.0,0.0,0.0,0.0,0.0,83
2023-05-11 13:54:16,OI311C9600,OI311C9600,75.0,0.0,0.0,0.0,6,56.0,61.0,1,75.0,0.0,0.0,0.0,0.0,0.0,83
2023-05-11 13:56:08,OI311C9600,OI311C9600,75.0,0.0,0.0,0.0,6,57.0,61.0,1,75.0,0.0,0.0,0.0,0.0,0.0,83
2023-05-11 13:56:51,OI311C9600,OI311C9600,75.0,0.0,0.0,0.0,6,56.0,61.0,1,75.0,0.0,0.0,0.0,0.0,0.0,83
2023-05-11 13:59:03,OI311C9600,OI311C9600,75.0,0.0,0.0,0.0,6,57.0,61.0,1,75.0,0.0,0.0,0.0,0.0,0.0,83
2023-05-11 13:59:19,OI311C9600,OI311C9600,75.0,0.0,0.0,0.0,6,56.0,61.0,1,75.0,0.0,0.0,0.0,0.0,0.0,83
2023-05-11 14:01:59,OI311C9600,OI311C9600,75.0,0.0,0.0,0.0,6,55.5,61.0,1,75.0,0.0,0.0,0.0,0.0,0.0,83
2023-05-11 14:05:28,OI311C9600,OI311C9600,75.0,0.0,0.0,0.0,7,54.5,61.0,7,75.0,0.0,0.0,0.0,0.0,0.0,83
2023-05-11 14:05:45,OI311C9600,OI311C9600,75.0,0.0,0.0,0.0,1,7.5,0.0,0,75.0,0.0,0.0,0.0,0.0,0.0,83
2023-05-11 14:05:45,OI311C9600,OI311C9600,75.0,0.0,0.0,0.0,2,14.0,731.0,1,75.0,0.0,0.0,0.0,0.0,0.0,83
2023-05-11 14:05:46,OI311C9600,OI311C9600,75.0,0.0,0.0,0.0,2,14.0,725.5,1,75.0,0.0,0.0,0.0,0.0,0.0,83
2023-05-11 14:05:46,OI311C9600,OI311C9600,75.0,0.0,0.0,0.0,2,14.0,724.0,1,75.0,0.0,0.0,0.0,0.0,0.0,83
2023-05-11 14:05:47,OI311C9600,OI311C9600,75.0,0.0,0.0,0.0,2,14.0,718.5,1,75.0,0.0,0.0,0.0,0.0,0.0,83
2023-05-11 14:05:47,OI311C9600,OI311C9600,75.0,0.0,0.0,0.0,2,14.0,717.0,1,75.0,0.0,0.0,0.0,0.0,0.0,83
2023-05-11 14:05:48,OI311C9600,OI311C9600,75.0,0.0,0.0,0.0,2,14.0,711.5,1,75.0,0.0,0.0,0.0,0.0,0.0,83
2023-05-11 14:05:49,OI311C9600,OI311C9600,75.0,0.0,0.0,0.0,2,14.0,710.0,1,75.0,0.0,0.0,0.0,0.0,0.0,83
2023-05-11 14:05:50,OI311C9600,OI311C9600,75.0,0.0,0.0,0.0,2,14.0,704.5,1,75.0,0.0,0.0,0.0,0.0,0.0,83
2023-05-11 14:05:50,OI311C9600,OI311C9600,75.0,0.0,0.0,0.0,2,14.0,703.0,1,75.0,0.0,0.0,0.0,0.0,0.0,83
2023-05-11 14:05:51,OI311C9600,OI311C9600,75.0,0.0,0.0,0.0,2,14.0,697.5,1,75.0,0.0,0.0,0.0,0.0,0.0,83
2023-05-11 14:05:52,OI311C9600,OI311C9600,75.0,0.0,0.0,0.0,2,14.0,696.0,1,75.0,0.0,0.0,0.0,0.0,0.0,83
2023-05-11 14:05:53,OI311C9600,OI311C9600,75.0,0.0,0.0,0.0,2,14.0,690.5,1,75.0,0.0,0.0,0.0,0.0,0.0,83
2023-05-11 14:05:53,OI311C9600,OI311C9600,75.0,0.0,0.0,0.0,2,14.0,689.0,1,75.0,0.0,0.0,0.0,0.0,0.0,83
2023-05-11 14:05:54,OI311C9600,OI311C9600,75.0,0.0,0.0,0.0,2,14.0,683.5,1,75.0,0.0,0.0,0.0,0.0,0.0,83
2023-05-11 14:05:55,OI311C9600,OI311C9600,75.0,0.0,0.0,0.0,2,14.0,682.0,1,75.0,0.0,0.0,0.0,0.0,0.0,83
2023-05-11 14:05:55,OI311C9600,OI311C9600,75.0,0.0,0.0,0.0,2,14.0,676.5,1,75.0,0.0,0.0,0.0,0.0,0.0,83
2023-05-11 14:05:56,OI311C9600,OI311C9600,75.0,0.0,0.0,0.0,2,14.0,675.0,1,75.0,0.0,0.0,0.0,0.0,0.0,83
2023-05-11 14:05:57,OI311C9600,OI311C9600,75.0,0.0,0.0,0.0,2,14.0,669.5,1,75.0,0.0,0.0,0.0,0.0,0.0,83
2023-05-11 14:05:57,OI311C9600,OI311C9600,75.0,0.0,0.0,0.0,2,14.0,668.0,1,75.0,0.0,0.0,0.0,0.0,0.0,83
2023-05-11 14:05:58,OI311C9600,OI311C9600,75.0,0.0,0.0,0.0,2,14.0,662.5,1,75.0,0.0,0.0,0.0,0.0,0.0,83
2023-05-11 14:05:59,OI311C9600,OI311C9600,75.0,0.0,0.0,0.0,2,14.0,661.0,1,75.0,0.0,0.0,0.0,0.0,0.0,83
2023-05-11 14:05:59,OI311C9600,OI311C9600,75.0,0.0,0.0,0.0,2,14.0,655.5,1,75.0,0.0,0.0,0.0,0.0,0.0,83
2023-05-11 14:06:00,OI311C9600,OI311C9600,75.0,0.0,0.0,0.0,1,14.5,654.0,1,75.0,0.0,0.0,0.0,0.0,0.0,83
2023-05-11 14:06:01,OI311C9600,OI311C9600,75.0,0.0,0.0,0.0,2,21.0,654.0,1,75.0,0.0,0.0,0.0,0.0,0.0,83
2023-05-11 14:06:02,OI311C9600,OI311C9600,75.0,0.0,0.0,0.0,2,21.0,648.5,1,75.0,0.0,0.0,0.0,0.0,0.0,83
2023-05-11 14:06:02,OI311C9600,OI311C9600,75.0,0.0,0.0,0.0,2,21.0,647.0,1,75.0,0.0,0.0,0.0,0.0,0.0,83
2023-05-11 14:06:03,OI311C9600,OI311C9600,75.0,0.0,0.0,0.0,2,21.0,641.5,1,75.0,0.0,0.0,0.0,0.0,0.0,83
2023-05-11 14:06:04,OI311C9600,OI311C9600,75.0,0.0,0.0,0.0,2,21.0,640.0,1,75.0,0.0,0.0,0.0,0.0,0.0,83
2023-05-11 14:06:05,OI311C9600,OI311C9600,75.0,0.0,0.0,0.0,2,21.0,634.5,1,75.0,0.0,0.0,0.0,0.0,0.0,83
2023-05-11 14:06:05,OI311C9600,OI311C9600,75.0,0.0,0.0,0.0,2,21.0,633.0,1,75.0,0.0,0.0,0.0,0.0,0.0,83
2023-05-11 14:06:06,OI311C9600,OI311C9600,75.0,0.0,0.0,0.0,2,21.0,627.5,1,75.0,0.0,0.0,0.0,0.0,0.0,83
2023-05-11 14:06:07,OI311C9600,OI311C9600,75.0,0.0,0.0,0.0,2,21.0,626.0,1,75.0,0.0,0.0,0.0,0.0,0.0,83
2023-05-11 14:06:08,OI311C9600,OI311C9600,75.0,0.0,0.0,0.0,2,21.0,620.5,1,75.0,0.0,0.0,0.0,0.0,0.0,83
2023-05-11 14:06:08,OI311C9600,OI311C9600,75.0,0.0,0.0,0.0,2,21.0,619.0,1,75.0,0.0,0.0,0.0,0.0,0.0,83
2023-05-11 14:06:10,OI311C9600,OI311C9600,75.0,0.0,0.0,0.0,2,21.0,613.5,1,75.0,0.0,0.0,0.0,0.0,0.0,83
2023-05-11 14:06:10,OI311C9600,OI311C9600,75.0,0.0,0.0,0.0,2,21.0,612.0,1,75.0,0.0,0.0,0.0,0.0,0.0,83
2023-05-11 14:06:11,OI311C9600,OI311C9600,75.0,0.0,0.0,0.0,2,21.0,606.5,1,75.0,0.0,0.0,0.0,0.0,0.0,83
2023-05-11 14:06:12,OI311C9600,OI311C9600,75.0,0.0,0.0,0.0,2,21.0,605.0,1,75.0,0.0,0.0,0.0,0.0,0.0,83
2023-05-11 14:06:13,OI311C9600,OI311C9600,75.0,0.0,0.0,0.0,2,21.0,599.5,1,75.0,0.0,0.0,0.0,0.0,0.0,83
2023-05-11 14:06:13,OI311C9600,OI311C9600,75.0,0.0,0.0,0.0,2,21.0,598.0,1,75.0,0.0,0.0,0.0,0.0,0.0,83
2023-05-11 14:06:14,OI311C9600,OI311C9600,75.0,0.0,0.0,0.0,2,21.0,592.5,1,75.0,0.0,0.0,0.0,0.0,0.0,83
2023-05-11 14:06:14,OI311C9600,OI311C9600,75.0,0.0,0.0,0.0,2,21.0,591.0,1,75.0,0.0,0.0,0.0,0.0,0.0,83
2023-05-11 14:06:15,OI311C9600,OI311C9600,75.0,0.0,0.0,0.0,2,21.0,585.5,1,75.0,0.0,0.0,0.0,0.0,0.0,83
2023-05-11 14:06:16,OI311C9600,OI311C9600,75.0,0.0,0.0,0.0,2,21.0,584.0,1,75.0,0.0,0.0,0.0,0.0,0.0,83
2023-05-11 14:06:17,OI311C9600,OI311C9600,75.0,0.0,0.0,0.0,2,21.0,578.5,1,75.0,0.0,0.0,0.0,0.0,0.0,83
2023-05-11 14:06:17,OI311C9600,OI311C9600,75.0,0.0,0.0,0.0,2,21.0,577.0,1,75.0,0.0,0.0,0.0,0.0,0.0,83
2023-05-11 14:06:18,OI311C9600,OI311C9600,75.0,0.0,0.0,0.0,2,21.0,571.5,1,75.0,0.0,0.0,0.0,0.0,0.0,83
2023-05-11 14:06:19,OI311C9600,OI311C9600,75.0,0.0,0.0,0.0,2,21.0,570.0,1,75.0,0.0,0.0,0.0,0.0,0.0,83
2023-05-11 14:06:20,OI311C9600,OI311C9600,75.0,0.0,0.0,0.0,2,21.0,564.5,1,75.0,0.0,0.0,0.0,0.0,0.0,83
2023-05-11 14:06:20,OI311C9600,OI311C9600,75.0,0.0,0.0,0.0,2,21.0,563.0,1,75.0,0.0,0.0,0.0,0.0,0.0,83
2023-05-11 14:06:21,OI311C9600,OI311C9600,75.0,0.0,0.0,0.0,2,21.0,557.5,1,75.0,0.0,0.0,0.0,0.0,0.0,83
2023-05-11 14:06:22,OI311C9600,OI311C9600,75.0,0.0,0.0,0.0,2,21.0,556.0,1,75.0,0.0,0.0,0.0,0.0,0.0,83
2023-05-11 14:06:23,OI311C9600,OI311C9600,75.0,0.0,0.0,0.0,2,21.0,550.5,1,75.0,0.0,0.0,0.0,0.0,0.0,83
2023-05-11 14:06:23,OI311C9600,OI311C9600,75.0,0.0,0.0,0.0,2,21.0,549.0,1,75.0,0.0,0.0,0.0,0.0,0.0,83
2023-05-11 14:06:24,OI311C9600,OI311C9600,75.0,0.0,0.0,0.0,2,21.0,543.5,1,75.0,0.0,0.0,0.0,0.0,0.0,83
2023-05-11 14:06:25,OI311C9600,OI311C9600,75.0,0.0,0.0,0.0,2,21.0,542.0,1,75.0,0.0,0.0,0.0,0.0,0.0,83
2023-05-11 14:06:26,OI311C9600,OI311C9600,75.0,0.0,0.0,0.0,2,21.0,536.5,1,75.0,0.0,0.0,0.0,0.0,0.0,83
2023-05-11 14:06:26,OI311C9600,OI311C9600,75.0,0.0,0.0,0.0,2,21.0,535.0,1,75.0,0.0,0.0,0.0,0.0,0.0,83
2023-05-11 14:06:27,OI311C9600,OI311C9600,75.0,0.0,0.0,0.0,2,21.0,529.5,1,75.0,0.0,0.0,0.0,0.0,0.0,83
2023-05-11 14:06:28,OI311C9600,OI311C9600,75.0,0.0,0.0,0.0,2,21.0,528.0,1,75.0,0.0,0.0,0.0,0.0,0.0,83
2023-05-11 14:06:28,OI311C9600,OI311C9600,75.0,0.0,0.0,0.0,2,21.0,522.5,1,75.0,0.0,0.0,0.0,0.0,0.0,83
2023-05-11 14:06:29,OI311C9600,OI311C9600,75.0,0.0,0.0,0.0,2,21.0,521.0,1,75.0,0.0,0.0,0.0,0.0,0.0,83
2023-05-11 14:06:30,OI311C9600,OI311C9600,75.0,0.0,0.0,0.0,2,21.0,515.5,1,75.0,0.0,0.0,0.0,0.0,0.0,83
2023-05-11 14:06:30,OI311C9600,OI311C9600,75.0,0.0,0.0,0.0,2,21.0,514.0,1,75.0,0.0,0.0,0.0,0.0,0.0,83
2023-05-11 14:06:31,OI311C9600,OI311C9600,75.0,0.0,0.0,0.0,2,21.0,508.5,1,75.0,0.0,0.0,0.0,0.0,0.0,83
2023-05-11 14:06:32,OI311C9600,OI311C9600,75.0,0.0,0.0,0.0,2,21.0,507.0,1,75.0,0.0,0.0,0.0,0.0,0.0,83
2023-05-11 14:06:32,OI311C9600,OI311C9600,75.0,0.0,0.0,0.0,2,21.0,501.5,1,75.0,0.0,0.0,0.0,0.0,0.0,83
2023-05-11 14:06:33,OI311C9600,OI311C9600,75.0,0.0,0.0,0.0,2,21.0,500.0,1,75.0,0.0,0.0,0.0,0.0,0.0,83
2023-05-11 14:06:34,OI311C9600,OI311C9600,75.0,0.0,0.0,0.0,2,21.0,494.5,1,75.0,0.0,0.0,0.0,0.0,0.0,83
2023-05-11 14:06:34,OI311C9600,OI311C9600,75.0,0.0,0.0,0.0,2,21.0,493.0,1,75.0,0.0,0.0,0.0,0.0,0.0,83
2023-05-11 14:06:35,OI311C9600,OI311C9600,75.0,0.0,0.0,0.0,2,21.0,487.5,1,75.0,0.0,0.0,0.0,0.0,0.0,83
2023-05-11 14:06:36,OI311C9600,OI311C9600,75.0,0.0,0.0,0.0,2,21.0,486.0,1,75.0,0.0,0.0,0.0,0.0,0.0,83
2023-05-11 14:06:37,OI311C9600,OI311C9600,75.0,0.0,0.0,0.0,2,21.0,480.5,1,75.0,0.0,0.0,0.0,0.0,0.0,83
2023-05-11 14:06:37,OI311C9600,OI311C9600,75.0,0.0,0.0,0.0,2,21.0,479.0,1,75.0,0.0,0.0,0.0,0.0,0.0,83
2023-05-11 14:06:38,OI311C9600,OI311C9600,75.0,0.0,0.0,0.0,2,21.0,473.5,1,75.0,0.0,0.0,0.0,0.0,0.0,83
2023-05-11 14:06:39,OI311C9600,OI311C9600,75.0,0.0,0.0,0.0,2,21.0,472.0,1,75.0,0.0,0.0,0.0,0.0,0.0,83
2023-05-11 14:06:40,OI311C9600,OI311C9600,75.0,0.0,0.0,0.0,2,21.0,466.5,1,75.0,0.0,0.0,0.0,0.0,0.0,83
2023-05-11 14:06:40,OI311C9600,OI311C9600,75.0,0.0,0.0,0.0,2,21.0,465.0,1,75.0,0.0,0.0,0.0,0.0,0.0,83
2023-05-11 14:06:41,OI311C9600,OI311C9600,75.0,0.0,0.0,0.0,2,21.0,459.5,1,75.0,0.0,0.0,0.0,0.0,0.0,83
2023-05-11 14:06:42,OI311C9600,OI311C9600,75.0,0.0,0.0,0.0,2,21.0,458.0,1,75.0,0.0,0.0,0.0,0.0,0.0,83
2023-05-11 14:06:43,OI311C9600,OI311C9600,75.0,0.0,0.0,0.0,2,21.0,452.5,1,75.0,0.0,0.0,0.0,0.0,0.0,83
2023-05-11 14:06:44,OI311C9600,OI311C9600,75.0,0.0,0.0,0.0,2,21.0,451.0,1,75.0,0.0,0.0,0.0,0.0,0.0,83
2023-05-11 14:06:45,OI311C9600,OI311C9600,75.0,0.0,0.0,0.0,2,21.0,445.5,1,75.0,0.0,0.0,0.0,0.0,0.0,83
2023-05-11 14:06:45,OI311C9600,OI311C9600,75.0,0.0,0.0,0.0,2,21.0,444.0,1,75.0,0.0,0.0,0.0,0.0,0.0,83
2023-05-11 14:06:46,OI311C9600,OI311C9600,75.0,0.0,0.0,0.0,2,21.0,438.5,1,75.0,0.0,0.0,0.0,0.0,0.0,83
2023-05-11 14:06:47,OI311C9600,OI311C9600,75.0,0.0,0.0,0.0,2,21.0,437.0,1,75.0,0.0,0.0,0.0,0.0,0.0,83
2023-05-11 14:06:48,OI311C9600,OI311C9600,75.0,0.0,0.0,0.0,2,21.0,431.5,1,75.0,0.0,0.0,0.0,0.0,0.0,83
2023-05-11 14:06:48,OI311C9600,OI311C9600,75.0,0.0,0.0,0.0,2,21.0,430.0,1,75.0,0.0,0.0,0.0,0.0,0.0,83
2023-05-11 14:06:49,OI311C9600,OI311C9600,75.0,0.0,0.0,0.0,2,21.0,424.5,1,75.0,0.0,0.0,0.0,0.0,0.0,83
2023-05-11 14:06:50,OI311C9600,OI311C9600,75.0,0.0,0.0,0.0,2,21.0,423.0,1,75.0,0.0,0.0,0.0,0.0,0.0,83
2023-05-11 14:06:51,OI311C9600,OI311C9600,75.0,0.0,0.0,0.0,2,21.0,417.5,1,75.0,0.0,0.0,0.0,0.0,0.0,83
2023-05-11 14:06:51,OI311C9600,OI311C9600,75.0,0.0,0.0,0.0,2,21.0,416.0,1,75.0,0.0,0.0,0.0,0.0,0.0,83
2023-05-11 14:06:52,OI311C9600,OI311C9600,75.0,0.0,0.0,0.0,2,21.0,410.5,1,75.0,0.0,0.0,0.0,0.0,0.0,83
2023-05-11 14:06:52,OI311C9600,OI311C9600,75.0,0.0,0.0,0.0,2,21.0,409.0,1,75.0,0.0,0.0,0.0,0.0,0.0,83
2023-05-11 14:06:53,OI311C9600,OI311C9600,75.0,0.0,0.0,0.0,2,21.0,403.5,1,75.0,0.0,0.0,0.0,0.0,0.0,83
2023-05-11 14:06:54,OI311C9600,OI311C9600,75.0,0.0,0.0,0.0,2,21.0,402.0,1,75.0,0.0,0.0,0.0,0.0,0.0,83
2023-05-11 14:06:55,OI311C9600,OI311C9600,75.0,0.0,0.0,0.0,2,21.0,396.5,1,75.0,0.0,0.0,0.0,0.0,0.0,83
2023-05-11 14:06:55,OI311C9600,OI311C9600,75.0,0.0,0.0,0.0,2,21.0,395.0,1,75.0,0.0,0.0,0.0,0.0,0.0,83
2023-05-11 14:06:56,OI311C9600,OI311C9600,75.0,0.0,0.0,0.0,2,21.0,389.5,1,75.0,0.0,0.0,0.0,0.0,0.0,83
2023-05-11 14:06:57,OI311C9600,OI311C9600,75.0,0.0,0.0,0.0,2,21.0,388.0,1,75.0,0.0,0.0,0.0,0.0,0.0,83
2023-05-11 14:46:24,OI311C9600,OI311C9600,75.0,0.0,0.0,0.0,3,56.5,59.5,3,75.0,0.0,0.0,0.0,0.0,0.0,83
2023-05-11 14:46:31,OI311C9600,OI311C9600,75.0,0.0,0.0,0.0,3,56.5,59.5,6,75.0,0.0,0.0,0.0,0.0,0.0,83
2023-05-11 14:46:32,OI311C9600,OI311C9600,75.0,0.0,0.0,0.0,9,56.5,59.5,12,75.0,0.0,0.0,0.0,0.0,0.0,83
2023-05-11 14:46:35,OI311C9600,OI311C9600,75.0,0.0,0.0,0.0,12,56.5,59.5,15,75.0,0.0,0.0,0.0,0.0,0.0,83
2023-05-11 14:46:35,OI311C9600,OI311C9600,75.0,0.0,0.0,0.0,15,56.5,59.5,12,75.0,0.0,0.0,0.0,0.0,0.0,83
2023-05-11 14:46:43,OI311C9600,OI311C9600,75.0,0.0,0.0,0.0,15,56.5,59.5,9,75.0,0.0,0.0,0.0,0.0,0.0,83
2023-05-11 14:46:45,OI311C9600,OI311C9600,75.0,0.0,0.0,0.0,9,56.5,59.5,3,75.0,0.0,0.0,0.0,0.0,0.0,83
2023-05-11 14:46:45,OI311C9600,OI311C9600,75.0,0.0,0.0,0.0,6,56.5,60.0,12,75.0,0.0,0.0,0.0,0.0,0.0,83
2023-05-11 14:46:47,OI311C9600,OI311C9600,75.0,0.0,0.0,0.0,6,56.5,60.0,9,75.0,0.0,0.0,0.0,0.0,0.0,83
2023-05-11 14:46:48,OI311C9600,OI311C9600,75.0,0.0,0.0,0.0,6,56.5,60.0,6,75.0,0.0,0.0,0.0,0.0,0.0,83
2023-05-11 14:46:48,OI311C9600,OI311C9600,75.0,0.0,0.0,0.0,1,14.5,0.0,0,75.0,0.0,0.0,0.0,0.0,0.0,83
2023-05-11 14:46:49,OI311C9600,OI311C9600,75.0,0.0,0.0,0.0,2,21.0,731.0,1,75.0,0.0,0.0,0.0,0.0,0.0,83
2023-05-11 14:54:27,OI311C9600,OI311C9600,75.0,0.0,0.0,0.0,1,21.5,731.0,1,75.0,0.0,0.0,0.0,0.0,0.0,83
2023-05-11 14:54:28,OI311C9600,OI311C9600,75.0,0.0,0.0,0.0,2,28.0,731.0,1,75.0,0.0,0.0,0.0,0.0,0.0,83
2023-05-11 14:59:15,OI311C9600,OI311C9600,75.0,0.0,0.0,0.0,2,50.5,731.0,1,75.0,0.0,0.0,0.0,0.0,0.0,83
2023-05-11 14:59:15,OI311C9600,OI311C9600,75.0,0.0,0.0,0.0,2,50.5,216.5,2,75.0,0.0,0.0,0.0,0.0,0.0,83
