time,symbol_id,symbol_name,last,trade_volume,trade_amount,open_interest_change,bv1,bp1,ap1,av1,yesterday_close,today_open,today_high,today_low,volume,amount,open_interest
2023-05-10 19:12:58,OI311C9000,OI311C9000,159.5,0.0,0.0,-27.0,0,0.0,0.0,0,159.5,139.5,0.0,0.0,0.0,0.0,96
2023-05-10 20:59:00,OI311C9000,OI311C9000,159.5,0.0,0.0,0.0,2,100.0,236.0,1,159.5,139.5,0.0,0.0,0.0,0.0,96
2023-05-10 21:00:00,OI311C9000,OI311C9000,159.5,0.0,0.0,0.0,6,103.0,233.0,6,159.5,139.5,0.0,0.0,0.0,0.0,96
2023-05-10 21:00:03,OI311C9000,OI311C9000,159.5,0.0,0.0,0.0,6,104.0,233.0,6,159.5,139.5,0.0,0.0,0.0,0.0,96
2023-05-10 21:00:04,OI311C9000,OI311C9000,159.5,0.0,0.0,0.0,4,143.5,233.0,6,159.5,139.5,0.0,0.0,0.0,0.0,96
2023-05-10 21:00:06,OI311C9000,OI311C9000,159.5,0.0,0.0,0.0,4,143.5,192.0,4,159.5,139.5,0.0,0.0,0.0,0.0,96
2023-05-10 21:00:07,OI311C9000,OI311C9000,159.5,0.0,0.0,0.0,4,143.5,167.0,4,159.5,139.5,0.0,0.0,0.0,0.0,96
2023-05-10 21:00:52,OI311C9000,OI311C9000,159.5,0.0,0.0,0.0,2,131.5,170.0,2,159.5,139.5,0.0,0.0,0.0,0.0,96
2023-05-10 21:01:10,OI311C9000,OI311C9000,159.5,0.0,0.0,0.0,2,148.0,170.0,2,159.5,139.5,0.0,0.0,0.0,0.0,96
2023-05-10 21:01:11,OI311C9000,OI311C9000,159.5,0.0,0.0,0.0,2,148.0,154.0,2,159.5,139.5,0.0,0.0,0.0,0.0,96
2023-05-10 21:01:23,OI311C9000,OI311C9000,159.5,0.0,0.0,0.0,2,148.0,170.0,2,159.5,139.5,0.0,0.0,0.0,0.0,96
2023-05-10 21:01:23,OI311C9000,OI311C9000,159.5,0.0,0.0,0.0,2,148.0,167.0,6,159.5,139.5,0.0,0.0,0.0,0.0,96
2023-05-10 21:01:24,OI311C9000,OI311C9000,159.5,0.0,0.0,0.0,2,148.0,163.5,6,159.5,139.5,0.0,0.0,0.0,0.0,96
2023-05-10 21:01:24,OI311C9000,OI311C9000,159.5,0.0,0.0,0.0,8,148.0,163.5,6,159.5,139.5,0.0,0.0,0.0,0.0,96
2023-05-10 21:01:25,OI311C9000,OI311C9000,159.5,0.0,0.0,0.0,20,148.0,163.5,12,159.5,139.5,0.0,0.0,0.0,0.0,96
2023-05-10 21:01:25,OI311C9000,OI311C9000,159.5,0.0,0.0,0.0,14,148.0,163.5,12,159.5,139.5,0.0,0.0,0.0,0.0,96
2023-05-10 21:01:28,OI311C9000,OI311C9000,159.5,0.0,0.0,0.0,14,148.0,156.0,2,159.5,139.5,0.0,0.0,0.0,0.0,96
2023-05-10 21:01:28,OI311C9000,OI311C9000,159.5,0.0,0.0,0.0,8,148.0,156.0,2,159.5,139.5,0.0,0.0,0.0,0.0,96
2023-05-10 21:01:29,OI311C9000,OI311C9000,159.5,0.0,0.0,0.0,2,148.0,156.0,2,159.5,139.5,0.0,0.0,0.0,0.0,96
2023-05-10 21:01:30,OI311C9000,OI311C9000,159.5,0.0,0.0,0.0,2,149.5,156.0,2,159.5,139.5,0.0,0.0,0.0,0.0,96
2023-05-10 21:01:45,OI311C9000,OI311C9000,159.5,0.0,0.0,0.0,2,149.5,154.5,2,159.5,139.5,0.0,0.0,0.0,0.0,96
2023-05-10 21:02:27,OI311C9000,OI311C9000,159.5,0.0,0.0,0.0,2,149.5,154.5,14,159.5,139.5,0.0,0.0,0.0,0.0,96
2023-05-10 21:02:28,OI311C9000,OI311C9000,159.5,0.0,0.0,0.0,2,149.5,154.5,20,159.5,139.5,0.0,0.0,0.0,0.0,96
2023-05-10 21:02:50,OI311C9000,OI311C9000,159.5,0.0,0.0,0.0,2,149.5,153.5,2,159.5,139.5,0.0,0.0,0.0,0.0,96
2023-05-10 21:02:51,OI311C9000,OI311C9000,159.5,0.0,0.0,0.0,2,149.5,153.5,8,159.5,139.5,0.0,0.0,0.0,0.0,96
2023-05-10 21:02:51,OI311C9000,OI311C9000,159.5,0.0,0.0,0.0,2,148.0,153.5,14,159.5,139.5,0.0,0.0,0.0,0.0,96
2023-05-10 21:03:05,OI311C9000,OI311C9000,159.5,0.0,0.0,0.0,6,145.5,153.5,14,159.5,139.5,0.0,0.0,0.0,0.0,96
2023-05-10 21:03:05,OI311C9000,OI311C9000,159.5,0.0,0.0,0.0,6,134.5,153.5,2,159.5,139.5,0.0,0.0,0.0,0.0,96
2023-05-10 21:03:06,OI311C9000,OI311C9000,159.5,0.0,0.0,0.0,6,138.0,153.5,8,159.5,139.5,0.0,0.0,0.0,0.0,96
2023-05-10 21:03:06,OI311C9000,OI311C9000,159.5,0.0,0.0,0.0,18,138.0,153.5,20,159.5,139.5,0.0,0.0,0.0,0.0,96
2023-05-10 21:03:07,OI311C9000,OI311C9000,159.5,0.0,0.0,0.0,6,138.5,151.0,2,159.5,139.5,0.0,0.0,0.0,0.0,96
2023-05-10 21:03:07,OI311C9000,OI311C9000,159.5,0.0,0.0,0.0,6,141.5,151.0,2,159.5,139.5,0.0,0.0,0.0,0.0,96
2023-05-10 21:03:08,OI311C9000,OI311C9000,159.5,0.0,0.0,0.0,6,134.5,151.0,2,159.5,139.5,0.0,0.0,0.0,0.0,96
2023-05-10 21:03:08,OI311C9000,OI311C9000,159.5,0.0,0.0,0.0,6,138.0,151.0,2,159.5,139.5,0.0,0.0,0.0,0.0,96
2023-05-10 21:03:09,OI311C9000,OI311C9000,159.5,0.0,0.0,0.0,2,145.0,151.0,20,159.5,139.5,0.0,0.0,0.0,0.0,96
2023-05-10 21:03:16,OI311C9000,OI311C9000,159.5,0.0,0.0,0.0,2,145.0,151.0,14,159.5,139.5,0.0,0.0,0.0,0.0,96
2023-05-10 21:03:18,OI311C9000,OI311C9000,159.5,0.0,0.0,0.0,2,146.5,151.0,14,159.5,139.5,0.0,0.0,0.0,0.0,96
2023-05-10 21:03:18,OI311C9000,OI311C9000,159.5,0.0,0.0,0.0,2,146.5,151.0,20,159.5,139.5,0.0,0.0,0.0,0.0,96
2023-05-10 21:04:02,OI311C9000,OI311C9000,159.5,0.0,0.0,0.0,14,145.0,151.0,20,159.5,139.5,0.0,0.0,0.0,0.0,96
2023-05-10 21:04:02,OI311C9000,OI311C9000,159.5,0.0,0.0,0.0,2,145.0,151.0,14,159.5,139.5,0.0,0.0,0.0,0.0,96
2023-05-10 21:04:03,OI311C9000,OI311C9000,159.5,0.0,0.0,0.0,2,145.0,151.0,20,159.5,139.5,0.0,0.0,0.0,0.0,96
2023-05-10 21:04:04,OI311C9000,OI311C9000,159.5,0.0,0.0,0.0,2,145.0,150.0,2,159.5,139.5,0.0,0.0,0.0,0.0,96
2023-05-10 21:04:38,OI311C9000,OI311C9000,159.5,0.0,0.0,0.0,2,146.5,150.0,2,159.5,139.5,0.0,0.0,0.0,0.0,96
2023-05-10 21:04:39,OI311C9000,OI311C9000,159.5,0.0,0.0,0.0,2,146.5,151.0,14,159.5,139.5,0.0,0.0,0.0,0.0,96
2023-05-10 21:04:39,OI311C9000,OI311C9000,159.5,0.0,0.0,0.0,2,146.5,151.0,20,159.5,139.5,0.0,0.0,0.0,0.0,96
2023-05-10 21:04:46,OI311C9000,OI311C9000,159.5,0.0,0.0,0.0,2,146.5,151.0,14,159.5,139.5,0.0,0.0,0.0,0.0,96
2023-05-10 21:05:05,OI311C9000,OI311C9000,159.5,0.0,0.0,0.0,2,146.5,151.0,12,159.5,139.5,0.0,0.0,0.0,0.0,96
2023-05-10 21:05:06,OI311C9000,OI311C9000,159.5,0.0,0.0,0.0,2,146.5,151.5,6,159.5,139.5,0.0,0.0,0.0,0.0,96
2023-05-10 21:05:06,OI311C9000,OI311C9000,159.5,0.0,0.0,0.0,14,146.5,151.5,12,159.5,139.5,0.0,0.0,0.0,0.0,96
2023-05-10 21:05:07,OI311C9000,OI311C9000,159.5,0.0,0.0,0.0,8,146.5,153.5,6,159.5,139.5,0.0,0.0,0.0,0.0,96
2023-05-10 21:05:07,OI311C9000,OI311C9000,159.5,0.0,0.0,0.0,8,146.5,152.0,6,159.5,139.5,0.0,0.0,0.0,0.0,96
2023-05-10 21:05:08,OI311C9000,OI311C9000,159.5,0.0,0.0,0.0,20,146.5,153.5,14,159.5,139.5,0.0,0.0,0.0,0.0,96
2023-05-10 21:05:08,OI311C9000,OI311C9000,159.5,0.0,0.0,0.0,20,146.5,152.5,6,159.5,139.5,0.0,0.0,0.0,0.0,96
2023-05-10 21:05:09,OI311C9000,OI311C9000,159.5,0.0,0.0,0.0,14,146.5,153.5,14,159.5,139.5,0.0,0.0,0.0,0.0,96
2023-05-10 21:05:09,OI311C9000,OI311C9000,159.5,0.0,0.0,0.0,20,146.5,153.0,6,159.5,139.5,0.0,0.0,0.0,0.0,96
2023-05-10 21:05:10,OI311C9000,OI311C9000,159.5,0.0,0.0,0.0,14,146.5,153.5,20,159.5,139.5,0.0,0.0,0.0,0.0,96
2023-05-10 21:05:10,OI311C9000,OI311C9000,159.5,0.0,0.0,0.0,2,148.0,153.5,26,159.5,139.5,0.0,0.0,0.0,0.0,96
2023-05-10 21:05:11,OI311C9000,OI311C9000,159.5,0.0,0.0,0.0,2,148.0,153.5,20,159.5,139.5,0.0,0.0,0.0,0.0,96
2023-05-10 21:05:32,OI311C9000,OI311C9000,159.5,0.0,0.0,0.0,2,148.0,152.5,2,159.5,139.5,0.0,0.0,0.0,0.0,96
2023-05-10 21:05:37,OI311C9000,OI311C9000,159.5,0.0,0.0,0.0,2,148.0,151.5,2,159.5,139.5,0.0,0.0,0.0,0.0,96
2023-05-10 21:06:06,OI311C9000,OI311C9000,159.5,0.0,0.0,0.0,2,148.0,152.5,8,159.5,139.5,0.0,0.0,0.0,0.0,96
2023-05-10 21:06:06,OI311C9000,OI311C9000,159.5,0.0,0.0,0.0,2,148.0,152.5,2,159.5,139.5,0.0,0.0,0.0,0.0,96
2023-05-10 21:06:22,OI311C9000,OI311C9000,159.5,0.0,0.0,0.0,20,148.0,152.5,2,159.5,139.5,0.0,0.0,0.0,0.0,96
2023-05-10 21:06:22,OI311C9000,OI311C9000,159.5,0.0,0.0,0.0,2,149.5,154.0,6,159.5,139.5,0.0,0.0,0.0,0.0,96
2023-05-10 21:06:23,OI311C9000,OI311C9000,159.5,0.0,0.0,0.0,2,149.5,154.5,2,159.5,139.5,0.0,0.0,0.0,0.0,96
2023-05-10 21:06:31,OI311C9000,OI311C9000,159.5,0.0,0.0,0.0,2,149.5,153.5,2,159.5,139.5,0.0,0.0,0.0,0.0,96
2023-05-10 21:06:52,OI311C9000,OI311C9000,159.5,0.0,0.0,0.0,2,149.5,154.5,2,159.5,139.5,0.0,0.0,0.0,0.0,96
2023-05-10 21:07:01,OI311C9000,OI311C9000,159.5,0.0,0.0,0.0,2,149.5,154.5,8,159.5,139.5,0.0,0.0,0.0,0.0,96
2023-05-10 21:07:01,OI311C9000,OI311C9000,159.5,0.0,0.0,0.0,2,149.5,153.5,2,159.5,139.5,0.0,0.0,0.0,0.0,96
2023-05-10 21:07:17,OI311C9000,OI311C9000,159.5,0.0,0.0,0.0,2,149.5,154.5,2,159.5,139.5,0.0,0.0,0.0,0.0,96
2023-05-10 21:07:42,OI311C9000,OI311C9000,159.5,0.0,0.0,0.0,2,151.0,154.5,2,159.5,139.5,0.0,0.0,0.0,0.0,96
2023-05-10 21:08:06,OI311C9000,OI311C9000,159.5,0.0,0.0,0.0,2,151.0,155.0,18,159.5,139.5,0.0,0.0,0.0,0.0,96
2023-05-10 21:08:07,OI311C9000,OI311C9000,159.5,0.0,0.0,0.0,8,151.0,155.0,12,159.5,139.5,0.0,0.0,0.0,0.0,96
2023-05-10 21:08:07,OI311C9000,OI311C9000,159.5,0.0,0.0,0.0,14,151.0,155.5,6,159.5,139.5,0.0,0.0,0.0,0.0,96
2023-05-10 21:08:08,OI311C9000,OI311C9000,159.5,0.0,0.0,0.0,20,151.0,155.5,12,159.5,139.5,0.0,0.0,0.0,0.0,96
2023-05-10 21:08:08,OI311C9000,OI311C9000,159.5,0.0,0.0,0.0,14,151.0,156.0,6,159.5,139.5,0.0,0.0,0.0,0.0,96
2023-05-10 21:08:09,OI311C9000,OI311C9000,159.5,0.0,0.0,0.0,20,151.0,156.0,12,159.5,139.5,0.0,0.0,0.0,0.0,96
2023-05-10 21:08:10,OI311C9000,OI311C9000,159.5,0.0,0.0,0.0,8,151.0,156.0,2,159.5,139.5,0.0,0.0,0.0,0.0,96
2023-05-10 21:08:10,OI311C9000,OI311C9000,159.5,0.0,0.0,0.0,20,151.0,156.0,2,159.5,139.5,0.0,0.0,0.0,0.0,96
2023-05-10 21:08:11,OI311C9000,OI311C9000,159.5,0.0,0.0,0.0,14,151.0,156.0,2,159.5,139.5,0.0,0.0,0.0,0.0,96
2023-05-10 21:08:12,OI311C9000,OI311C9000,159.5,0.0,0.0,0.0,8,151.0,155.0,2,159.5,139.5,0.0,0.0,0.0,0.0,96
2023-05-10 21:08:12,OI311C9000,OI311C9000,159.5,0.0,0.0,0.0,2,151.0,155.0,2,159.5,139.5,0.0,0.0,0.0,0.0,96
2023-05-10 21:09:00,OI311C9000,OI311C9000,159.5,0.0,0.0,0.0,2,151.0,155.5,12,159.5,139.5,0.0,0.0,0.0,0.0,96
2023-05-10 21:09:01,OI311C9000,OI311C9000,159.5,0.0,0.0,0.0,2,151.0,155.5,6,159.5,139.5,0.0,0.0,0.0,0.0,96
2023-05-10 21:09:01,OI311C9000,OI311C9000,159.5,0.0,0.0,0.0,2,151.0,156.0,26,159.5,139.5,0.0,0.0,0.0,0.0,96
2023-05-10 21:09:02,OI311C9000,OI311C9000,159.5,0.0,0.0,0.0,2,151.0,156.0,20,159.5,139.5,0.0,0.0,0.0,0.0,96
2023-05-10 21:09:27,OI311C9000,OI311C9000,159.5,0.0,0.0,0.0,2,151.0,155.0,2,159.5,139.5,0.0,0.0,0.0,0.0,96
2023-05-10 21:10:05,OI311C9000,OI311C9000,159.5,0.0,0.0,0.0,2,151.0,155.5,6,159.5,139.5,0.0,0.0,0.0,0.0,96
2023-05-10 21:10:06,OI311C9000,OI311C9000,159.5,0.0,0.0,0.0,12,151.5,155.5,6,159.5,139.5,0.0,0.0,0.0,0.0,96
2023-05-10 21:10:06,OI311C9000,OI311C9000,159.5,0.0,0.0,0.0,2,152.0,156.0,2,159.5,139.5,0.0,0.0,0.0,0.0,96
2023-05-10 21:10:07,OI311C9000,OI311C9000,159.5,0.0,0.0,0.0,2,152.0,156.0,14,159.5,139.5,0.0,0.0,0.0,0.0,96
2023-05-10 21:10:07,OI311C9000,OI311C9000,159.5,0.0,0.0,0.0,2,152.0,156.0,2,159.5,139.5,0.0,0.0,0.0,0.0,96
2023-05-10 21:12:44,OI311C9000,OI311C9000,159.5,0.0,0.0,0.0,2,152.0,156.0,8,159.5,139.5,0.0,0.0,0.0,0.0,96
2023-05-10 21:12:44,OI311C9000,OI311C9000,159.5,0.0,0.0,0.0,2,152.0,156.0,14,159.5,139.5,0.0,0.0,0.0,0.0,96
2023-05-10 21:12:51,OI311C9000,OI311C9000,159.5,0.0,0.0,0.0,12,151.5,155.0,2,159.5,139.5,0.0,0.0,0.0,0.0,96
2023-05-10 21:12:51,OI311C9000,OI311C9000,159.5,0.0,0.0,0.0,18,151.5,155.0,2,159.5,139.5,0.0,0.0,0.0,0.0,96
2023-05-10 21:12:53,OI311C9000,OI311C9000,159.5,0.0,0.0,0.0,12,151.5,155.0,2,159.5,139.5,0.0,0.0,0.0,0.0,96
2023-05-10 21:12:54,OI311C9000,OI311C9000,159.5,0.0,0.0,0.0,14,151.0,155.0,2,159.5,139.5,0.0,0.0,0.0,0.0,96
2023-05-10 21:12:54,OI311C9000,OI311C9000,159.5,0.0,0.0,0.0,20,151.0,155.0,2,159.5,139.5,0.0,0.0,0.0,0.0,96
2023-05-10 21:12:54,OI311C9000,OI311C9000,159.5,0.0,0.0,0.0,14,151.0,155.0,2,159.5,139.5,0.0,0.0,0.0,0.0,96
2023-05-10 21:13:04,OI311C9000,OI311C9000,159.5,0.0,0.0,0.0,14,151.0,155.5,18,159.5,139.5,0.0,0.0,0.0,0.0,96
2023-05-10 21:13:05,OI311C9000,OI311C9000,159.5,0.0,0.0,0.0,2,152.0,155.5,18,159.5,139.5,0.0,0.0,0.0,0.0,96
2023-05-10 21:13:06,OI311C9000,OI311C9000,159.5,0.0,0.0,0.0,2,152.0,156.0,14,159.5,139.5,0.0,0.0,0.0,0.0,96
2023-05-10 21:13:06,OI311C9000,OI311C9000,159.5,0.0,0.0,0.0,8,152.0,156.0,14,159.5,139.5,0.0,0.0,0.0,0.0,96
2023-05-10 21:13:07,OI311C9000,OI311C9000,159.5,0.0,0.0,0.0,8,152.0,156.0,2,159.5,139.5,0.0,0.0,0.0,0.0,96
2023-05-10 21:13:07,OI311C9000,OI311C9000,159.5,0.0,0.0,0.0,26,152.0,156.0,2,159.5,139.5,0.0,0.0,0.0,0.0,96
2023-05-10 21:13:09,OI311C9000,OI311C9000,159.5,0.0,0.0,0.0,32,152.0,156.5,12,159.5,139.5,0.0,0.0,0.0,0.0,96
2023-05-10 21:13:10,OI311C9000,OI311C9000,159.5,0.0,0.0,0.0,32,152.0,157.0,24,159.5,139.5,0.0,0.0,0.0,0.0,96
2023-05-10 21:13:10,OI311C9000,OI311C9000,159.5,0.0,0.0,0.0,32,152.0,157.0,18,159.5,139.5,0.0,0.0,0.0,0.0,96
2023-05-10 21:13:11,OI311C9000,OI311C9000,159.5,0.0,0.0,0.0,32,152.0,157.0,12,159.5,139.5,0.0,0.0,0.0,0.0,96
2023-05-10 21:13:22,OI311C9000,OI311C9000,159.5,0.0,0.0,0.0,26,152.0,156.5,2,159.5,139.5,0.0,0.0,0.0,0.0,96
2023-05-10 21:13:23,OI311C9000,OI311C9000,159.5,0.0,0.0,0.0,20,152.0,156.5,2,159.5,139.5,0.0,0.0,0.0,0.0,96
2023-05-10 21:13:29,OI311C9000,OI311C9000,159.5,0.0,0.0,0.0,14,152.0,156.5,8,159.5,139.5,0.0,0.0,0.0,0.0,96
2023-05-10 21:13:30,OI311C9000,OI311C9000,159.5,0.0,0.0,0.0,14,152.0,156.5,14,159.5,139.5,0.0,0.0,0.0,0.0,96
2023-05-10 21:13:46,OI311C9000,OI311C9000,159.5,0.0,0.0,0.0,20,152.0,156.5,14,159.5,139.5,0.0,0.0,0.0,0.0,96
2023-05-10 21:13:51,OI311C9000,OI311C9000,159.5,0.0,0.0,0.0,26,152.0,156.5,8,159.5,139.5,0.0,0.0,0.0,0.0,96
2023-05-10 21:14:03,OI311C9000,OI311C9000,159.5,0.0,0.0,0.0,32,152.0,156.5,2,159.5,139.5,0.0,0.0,0.0,0.0,96
2023-05-10 21:14:04,OI311C9000,OI311C9000,159.5,0.0,0.0,0.0,8,153.0,157.0,18,159.5,139.5,0.0,0.0,0.0,0.0,96
2023-05-10 21:14:04,OI311C9000,OI311C9000,159.5,0.0,0.0,0.0,14,153.0,157.0,24,159.5,139.5,0.0,0.0,0.0,0.0,96
2023-05-10 21:14:05,OI311C9000,OI311C9000,159.5,0.0,0.0,0.0,14,153.0,157.0,18,159.5,139.5,0.0,0.0,0.0,0.0,96
2023-05-10 21:14:06,OI311C9000,OI311C9000,159.5,0.0,0.0,0.0,20,153.0,157.0,18,159.5,139.5,0.0,0.0,0.0,0.0,96
2023-05-10 21:14:16,OI311C9000,OI311C9000,159.5,0.0,0.0,0.0,20,153.0,157.0,12,159.5,139.5,0.0,0.0,0.0,0.0,96
2023-05-10 21:14:16,OI311C9000,OI311C9000,159.5,0.0,0.0,0.0,14,153.0,157.5,14,159.5,139.5,0.0,0.0,0.0,0.0,96
2023-05-10 21:14:17,OI311C9000,OI311C9000,159.5,0.0,0.0,0.0,2,154.0,157.5,8,159.5,139.5,0.0,0.0,0.0,0.0,96
2023-05-10 21:14:17,OI311C9000,OI311C9000,159.5,0.0,0.0,0.0,2,154.0,157.5,2,159.5,139.5,0.0,0.0,0.0,0.0,96
2023-05-10 21:14:59,OI311C9000,OI311C9000,159.5,0.0,0.0,0.0,2,154.0,158.0,12,159.5,139.5,0.0,0.0,0.0,0.0,96
2023-05-10 21:14:59,OI311C9000,OI311C9000,159.5,0.0,0.0,0.0,14,154.0,158.0,18,159.5,139.5,0.0,0.0,0.0,0.0,96
2023-05-10 21:15:00,OI311C9000,OI311C9000,159.5,0.0,0.0,0.0,14,154.0,158.0,6,159.5,139.5,0.0,0.0,0.0,0.0,96
2023-05-10 21:15:00,OI311C9000,OI311C9000,159.5,0.0,0.0,0.0,14,154.0,158.5,24,159.5,139.5,0.0,0.0,0.0,0.0,96
2023-05-10 21:15:01,OI311C9000,OI311C9000,159.5,0.0,0.0,0.0,14,154.0,158.5,18,159.5,139.5,0.0,0.0,0.0,0.0,96
2023-05-10 21:15:06,OI311C9000,OI311C9000,159.5,0.0,0.0,0.0,2,154.0,158.5,18,159.5,139.5,0.0,0.0,0.0,0.0,96
2023-05-10 21:15:07,OI311C9000,OI311C9000,159.5,0.0,0.0,0.0,2,154.0,158.0,2,159.5,139.5,0.0,0.0,0.0,0.0,96
2023-05-10 21:15:08,OI311C9000,OI311C9000,159.5,0.0,0.0,0.0,8,154.0,158.0,2,159.5,139.5,0.0,0.0,0.0,0.0,96
2023-05-10 21:15:08,OI311C9000,OI311C9000,159.5,0.0,0.0,0.0,2,154.0,158.0,2,159.5,139.5,0.0,0.0,0.0,0.0,96
2023-05-10 21:15:30,OI311C9000,OI311C9000,159.5,0.0,0.0,0.0,24,153.5,158.0,2,159.5,139.5,0.0,0.0,0.0,0.0,96
2023-05-10 21:15:31,OI311C9000,OI311C9000,159.5,0.0,0.0,0.0,18,153.5,158.0,2,159.5,139.5,0.0,0.0,0.0,0.0,96
2023-05-10 21:15:33,OI311C9000,OI311C9000,159.5,0.0,0.0,0.0,18,153.5,156.5,2,159.5,139.5,0.0,0.0,0.0,0.0,96
2023-05-10 21:15:33,OI311C9000,OI311C9000,159.5,0.0,0.0,0.0,12,153.5,156.5,2,159.5,139.5,0.0,0.0,0.0,0.0,96
2023-05-10 21:15:34,OI311C9000,OI311C9000,159.5,0.0,0.0,0.0,24,153.0,156.5,2,159.5,139.5,0.0,0.0,0.0,0.0,96
2023-05-10 21:15:34,OI311C9000,OI311C9000,159.5,0.0,0.0,0.0,30,153.0,156.5,2,159.5,139.5,0.0,0.0,0.0,0.0,96
2023-05-10 21:15:36,OI311C9000,OI311C9000,159.5,0.0,0.0,0.0,24,153.0,156.5,2,159.5,139.5,0.0,0.0,0.0,0.0,96
2023-05-10 21:15:45,OI311C9000,OI311C9000,159.5,0.0,0.0,0.0,18,153.0,156.5,2,159.5,139.5,0.0,0.0,0.0,0.0,96
2023-05-10 21:15:50,OI311C9000,OI311C9000,159.5,0.0,0.0,0.0,6,153.0,155.5,2,159.5,139.5,0.0,0.0,0.0,0.0,96
2023-05-10 21:15:51,OI311C9000,OI311C9000,159.5,0.0,0.0,0.0,24,152.5,155.5,2,159.5,139.5,0.0,0.0,0.0,0.0,96
2023-05-10 21:15:51,OI311C9000,OI311C9000,159.5,0.0,0.0,0.0,18,152.5,155.5,2,159.5,139.5,0.0,0.0,0.0,0.0,96
2023-05-10 21:16:34,OI311C9000,OI311C9000,159.5,0.0,0.0,0.0,12,152.5,155.5,2,159.5,139.5,0.0,0.0,0.0,0.0,96
2023-05-10 21:16:35,OI311C9000,OI311C9000,159.5,0.0,0.0,0.0,18,152.0,155.5,2,159.5,139.5,0.0,0.0,0.0,0.0,96
2023-05-10 21:16:35,OI311C9000,OI311C9000,159.5,0.0,0.0,0.0,24,152.0,155.5,2,159.5,139.5,0.0,0.0,0.0,0.0,96
2023-05-10 21:16:35,OI311C9000,OI311C9000,159.5,0.0,0.0,0.0,18,152.0,155.5,2,159.5,139.5,0.0,0.0,0.0,0.0,96
2023-05-10 21:16:40,OI311C9000,OI311C9000,159.5,0.0,0.0,0.0,18,152.0,155.5,8,159.5,139.5,0.0,0.0,0.0,0.0,96
2023-05-10 21:16:41,OI311C9000,OI311C9000,159.5,0.0,0.0,0.0,6,152.0,154.5,2,159.5,139.5,0.0,0.0,0.0,0.0,96
2023-05-10 21:16:41,OI311C9000,OI311C9000,159.5,0.0,0.0,0.0,18,151.5,154.5,2,159.5,139.5,0.0,0.0,0.0,0.0,96
2023-05-10 21:16:42,OI311C9000,OI311C9000,159.5,0.0,0.0,0.0,6,151.5,154.5,2,159.5,139.5,0.0,0.0,0.0,0.0,96
2023-05-10 21:16:43,OI311C9000,OI311C9000,159.5,0.0,0.0,0.0,30,151.0,154.5,2,159.5,139.5,0.0,0.0,0.0,0.0,96
2023-05-10 21:16:43,OI311C9000,OI311C9000,159.5,0.0,0.0,0.0,24,151.0,154.5,2,159.5,139.5,0.0,0.0,0.0,0.0,96
2023-05-10 21:17:01,OI311C9000,OI311C9000,159.5,0.0,0.0,0.0,18,151.0,154.5,2,159.5,139.5,0.0,0.0,0.0,0.0,96
2023-05-10 21:17:17,OI311C9000,OI311C9000,159.5,0.0,0.0,0.0,18,151.0,154.5,8,159.5,139.5,0.0,0.0,0.0,0.0,96
2023-05-10 21:17:19,OI311C9000,OI311C9000,159.5,0.0,0.0,0.0,6,151.0,153.5,2,159.5,139.5,0.0,0.0,0.0,0.0,96
2023-05-10 21:17:19,OI311C9000,OI311C9000,159.5,0.0,0.0,0.0,18,150.5,153.5,2,159.5,139.5,0.0,0.0,0.0,0.0,96
2023-05-10 21:17:20,OI311C9000,OI311C9000,159.5,0.0,0.0,0.0,6,150.5,153.5,2,159.5,139.5,0.0,0.0,0.0,0.0,96
2023-05-10 21:17:21,OI311C9000,OI311C9000,159.5,0.0,0.0,0.0,26,150.0,153.5,2,159.5,139.5,0.0,0.0,0.0,0.0,96
2023-05-10 21:17:22,OI311C9000,OI311C9000,159.5,0.0,0.0,0.0,20,150.0,153.5,2,159.5,139.5,0.0,0.0,0.0,0.0,96
2023-05-10 21:18:09,OI311C9000,OI311C9000,159.5,0.0,0.0,0.0,20,150.0,154.0,30,159.5,139.5,0.0,0.0,0.0,0.0,96
2023-05-10 21:18:10,OI311C9000,OI311C9000,159.5,0.0,0.0,0.0,2,151.0,154.0,18,159.5,139.5,0.0,0.0,0.0,0.0,96
2023-05-10 21:18:10,OI311C9000,OI311C9000,159.5,0.0,0.0,0.0,2,151.0,154.5,14,159.5,139.5,0.0,0.0,0.0,0.0,96
2023-05-10 21:18:11,OI311C9000,OI311C9000,159.5,0.0,0.0,0.0,14,151.0,154.5,14,159.5,139.5,0.0,0.0,0.0,0.0,96
2023-05-10 21:18:11,OI311C9000,OI311C9000,159.5,0.0,0.0,0.0,14,151.0,154.5,2,159.5,139.5,0.0,0.0,0.0,0.0,96
2023-05-10 21:18:11,OI311C9000,OI311C9000,159.5,0.0,0.0,0.0,26,151.0,154.5,2,159.5,139.5,0.0,0.0,0.0,0.0,96
2023-05-10 21:18:13,OI311C9000,OI311C9000,159.5,0.0,0.0,0.0,26,151.0,155.0,24,159.5,139.5,0.0,0.0,0.0,0.0,96
2023-05-10 21:18:13,OI311C9000,OI311C9000,159.5,0.0,0.0,0.0,26,151.0,155.0,12,159.5,139.5,0.0,0.0,0.0,0.0,96
2023-05-10 21:18:14,OI311C9000,OI311C9000,159.5,0.0,0.0,0.0,26,151.0,155.5,30,159.5,139.5,0.0,0.0,0.0,0.0,96
2023-05-10 21:18:14,OI311C9000,OI311C9000,159.5,0.0,0.0,0.0,20,151.0,155.5,24,159.5,139.5,0.0,0.0,0.0,0.0,96
2023-05-10 21:18:15,OI311C9000,OI311C9000,159.5,0.0,0.0,0.0,20,151.0,155.5,18,159.5,139.5,0.0,0.0,0.0,0.0,96
2023-05-10 21:18:22,OI311C9000,OI311C9000,159.5,0.0,0.0,0.0,26,151.0,155.0,2,159.5,139.5,0.0,0.0,0.0,0.0,96
2023-05-10 21:19:19,OI311C9000,OI311C9000,159.5,0.0,0.0,0.0,2,152.0,155.0,2,159.5,139.5,0.0,0.0,0.0,0.0,96
2023-05-10 21:19:56,OI311C9000,OI311C9000,159.5,0.0,0.0,0.0,6,151.5,155.0,2,159.5,139.5,0.0,0.0,0.0,0.0,96
2023-05-10 21:19:56,OI311C9000,OI311C9000,159.5,0.0,0.0,0.0,32,151.0,155.0,2,159.5,139.5,0.0,0.0,0.0,0.0,96
2023-05-10 21:20:05,OI311C9000,OI311C9000,159.5,0.0,0.0,0.0,38,151.0,155.0,2,159.5,139.5,0.0,0.0,0.0,0.0,96
2023-05-10 21:20:11,OI311C9000,OI311C9000,159.5,0.0,0.0,0.0,32,151.0,155.0,2,159.5,139.5,0.0,0.0,0.0,0.0,96
2023-05-10 21:21:15,OI311C9000,OI311C9000,159.5,0.0,0.0,0.0,32,151.0,155.0,8,159.5,139.5,0.0,0.0,0.0,0.0,96
2023-05-10 21:21:27,OI311C9000,OI311C9000,159.5,0.0,0.0,0.0,26,151.0,154.0,2,159.5,139.5,0.0,0.0,0.0,0.0,96
2023-05-10 21:21:27,OI311C9000,OI311C9000,159.5,0.0,0.0,0.0,20,151.0,154.0,2,159.5,139.5,0.0,0.0,0.0,0.0,96
2023-05-10 21:21:44,OI311C9000,OI311C9000,159.5,0.0,0.0,0.0,12,151.0,154.0,2,159.5,139.5,0.0,0.0,0.0,0.0,96
2023-05-10 21:21:44,OI311C9000,OI311C9000,159.5,0.0,0.0,0.0,24,150.5,154.0,2,159.5,139.5,0.0,0.0,0.0,0.0,96
2023-05-10 21:21:45,OI311C9000,OI311C9000,159.5,0.0,0.0,0.0,30,150.5,154.0,2,159.5,139.5,0.0,0.0,0.0,0.0,96
2023-05-10 21:21:45,OI311C9000,OI311C9000,159.5,0.0,0.0,0.0,24,150.5,154.0,2,159.5,139.5,0.0,0.0,0.0,0.0,96
2023-05-10 21:21:51,OI311C9000,OI311C9000,159.5,0.0,0.0,0.0,12,150.5,153.0,2,159.5,139.5,0.0,0.0,0.0,0.0,96
2023-05-10 21:21:52,OI311C9000,OI311C9000,159.5,0.0,0.0,0.0,6,150.5,153.0,2,159.5,139.5,0.0,0.0,0.0,0.0,96
2023-05-10 21:21:52,OI311C9000,OI311C9000,159.5,0.0,0.0,0.0,24,150.0,153.0,2,159.5,139.5,0.0,0.0,0.0,0.0,96
2023-05-10 21:21:53,OI311C9000,OI311C9000,159.5,0.0,0.0,0.0,18,150.0,153.0,2,159.5,139.5,0.0,0.0,0.0,0.0,96
2023-05-10 21:22:06,OI311C9000,OI311C9000,159.5,0.0,0.0,0.0,18,150.0,153.0,14,159.5,139.5,0.0,0.0,0.0,0.0,96
2023-05-10 21:22:07,OI311C9000,OI311C9000,159.5,0.0,0.0,0.0,6,150.0,153.0,20,159.5,139.5,0.0,0.0,0.0,0.0,96
2023-05-10 21:22:07,OI311C9000,OI311C9000,159.5,0.0,0.0,0.0,24,149.5,153.0,14,159.5,139.5,0.0,0.0,0.0,0.0,96
2023-05-10 21:22:08,OI311C9000,OI311C9000,159.5,0.0,0.0,0.0,18,149.5,153.0,14,159.5,139.5,0.0,0.0,0.0,0.0,96
2023-05-10 21:22:09,OI311C9000,OI311C9000,159.5,0.0,0.0,0.0,24,149.5,153.0,20,159.5,139.5,0.0,0.0,0.0,0.0,96
2023-05-10 21:22:14,OI311C9000,OI311C9000,159.5,0.0,0.0,0.0,18,149.5,153.0,20,159.5,139.5,0.0,0.0,0.0,0.0,96
2023-05-10 21:22:18,OI311C9000,OI311C9000,159.5,0.0,0.0,0.0,18,149.5,152.0,2,159.5,139.5,0.0,0.0,0.0,0.0,96
2023-05-10 21:22:18,OI311C9000,OI311C9000,159.5,0.0,0.0,0.0,26,149.0,152.0,2,159.5,139.5,0.0,0.0,0.0,0.0,96
2023-05-10 21:22:19,OI311C9000,OI311C9000,159.5,0.0,0.0,0.0,20,149.0,152.0,2,159.5,139.5,0.0,0.0,0.0,0.0,96
2023-05-10 21:22:19,OI311C9000,OI311C9000,159.5,0.0,0.0,0.0,26,149.0,152.0,2,159.5,139.5,0.0,0.0,0.0,0.0,96
2023-05-10 21:22:20,OI311C9000,OI311C9000,159.5,0.0,0.0,0.0,20,149.0,152.0,2,159.5,139.5,0.0,0.0,0.0,0.0,96
2023-05-10 21:22:21,OI311C9000,OI311C9000,159.5,0.0,0.0,0.0,6,149.0,152.0,2,159.5,139.5,0.0,0.0,0.0,0.0,96
2023-05-10 21:22:22,OI311C9000,OI311C9000,159.5,0.0,0.0,0.0,30,148.5,152.0,8,159.5,139.5,0.0,0.0,0.0,0.0,96
2023-05-10 21:22:23,OI311C9000,OI311C9000,159.5,0.0,0.0,0.0,24,148.5,152.0,8,159.5,139.5,0.0,0.0,0.0,0.0,96
2023-05-10 21:22:31,OI311C9000,OI311C9000,159.5,0.0,0.0,0.0,24,148.5,152.0,14,159.5,139.5,0.0,0.0,0.0,0.0,96
2023-05-10 21:22:32,OI311C9000,OI311C9000,159.5,0.0,0.0,0.0,18,148.5,151.0,2,159.5,139.5,0.0,0.0,0.0,0.0,96
2023-05-10 21:22:32,OI311C9000,OI311C9000,159.5,0.0,0.0,0.0,18,148.0,151.0,2,159.5,139.5,0.0,0.0,0.0,0.0,96
2023-05-10 21:22:33,OI311C9000,OI311C9000,159.5,0.0,0.0,0.0,6,148.0,151.0,2,159.5,139.5,0.0,0.0,0.0,0.0,96
2023-05-10 21:22:34,OI311C9000,OI311C9000,159.5,0.0,0.0,0.0,32,147.5,151.0,2,159.5,139.5,0.0,0.0,0.0,0.0,96
2023-05-10 21:22:35,OI311C9000,OI311C9000,159.5,0.0,0.0,0.0,26,147.5,151.0,2,159.5,139.5,0.0,0.0,0.0,0.0,96
2023-05-10 21:23:01,OI311C9000,OI311C9000,159.5,0.0,0.0,0.0,20,147.5,151.0,2,159.5,139.5,0.0,0.0,0.0,0.0,96
2023-05-10 21:23:23,OI311C9000,OI311C9000,159.5,0.0,0.0,0.0,26,147.5,151.0,2,159.5,139.5,0.0,0.0,0.0,0.0,96
2023-05-10 21:23:45,OI311C9000,OI311C9000,159.5,0.0,0.0,0.0,26,147.5,151.5,30,159.5,139.5,0.0,0.0,0.0,0.0,96
2023-05-10 21:23:45,OI311C9000,OI311C9000,159.5,0.0,0.0,0.0,14,147.5,151.5,24,159.5,139.5,0.0,0.0,0.0,0.0,96
2023-05-10 21:23:46,OI311C9000,OI311C9000,159.5,0.0,0.0,0.0,14,147.5,151.5,18,159.5,139.5,0.0,0.0,0.0,0.0,96
2023-05-10 21:23:47,OI311C9000,OI311C9000,159.5,0.0,0.0,0.0,20,147.5,151.5,6,159.5,139.5,0.0,0.0,0.0,0.0,96
2023-05-10 21:23:48,OI311C9000,OI311C9000,159.5,0.0,0.0,0.0,20,147.5,152.0,38,159.5,139.5,0.0,0.0,0.0,0.0,96
2023-05-10 21:23:49,OI311C9000,OI311C9000,159.5,0.0,0.0,0.0,20,147.5,152.0,26,159.5,139.5,0.0,0.0,0.0,0.0,96
2023-05-10 21:23:49,OI311C9000,OI311C9000,159.5,0.0,0.0,0.0,2,148.5,152.0,26,159.5,139.5,0.0,0.0,0.0,0.0,96
2023-05-10 21:23:51,OI311C9000,OI311C9000,159.5,0.0,0.0,0.0,14,148.5,152.0,26,159.5,139.5,0.0,0.0,0.0,0.0,96
2023-05-10 21:23:52,OI311C9000,OI311C9000,159.5,0.0,0.0,0.0,14,148.5,152.0,20,159.5,139.5,0.0,0.0,0.0,0.0,96
2023-05-10 21:24:02,OI311C9000,OI311C9000,159.5,0.0,0.0,0.0,14,148.5,152.0,12,159.5,139.5,0.0,0.0,0.0,0.0,96
2023-05-10 21:24:03,OI311C9000,OI311C9000,159.5,0.0,0.0,0.0,14,148.5,152.5,18,159.5,139.5,0.0,0.0,0.0,0.0,96
2023-05-10 21:24:03,OI311C9000,OI311C9000,159.5,0.0,0.0,0.0,8,148.5,152.5,6,159.5,139.5,0.0,0.0,0.0,0.0,96
2023-05-10 21:24:04,OI311C9000,OI311C9000,159.5,0.0,0.0,0.0,14,148.5,153.0,24,159.5,139.5,0.0,0.0,0.0,0.0,96
2023-05-10 21:24:05,OI311C9000,OI311C9000,159.5,0.0,0.0,0.0,14,148.5,153.0,18,159.5,139.5,0.0,0.0,0.0,0.0,96
2023-05-10 21:24:06,OI311C9000,OI311C9000,159.5,0.0,0.0,0.0,2,149.5,153.0,18,159.5,139.5,0.0,0.0,0.0,0.0,96
2023-05-10 21:24:11,OI311C9000,OI311C9000,159.5,0.0,0.0,0.0,14,149.5,153.0,18,159.5,139.5,0.0,0.0,0.0,0.0,96
2023-05-10 21:24:12,OI311C9000,OI311C9000,159.5,0.0,0.0,0.0,14,149.5,153.0,12,159.5,139.5,0.0,0.0,0.0,0.0,96
2023-05-10 21:24:12,OI311C9000,OI311C9000,159.5,0.0,0.0,0.0,20,149.5,153.5,38,159.5,139.5,0.0,0.0,0.0,0.0,96
2023-05-10 21:24:13,OI311C9000,OI311C9000,159.5,0.0,0.0,0.0,14,149.5,153.5,38,159.5,139.5,0.0,0.0,0.0,0.0,96
2023-05-10 21:24:13,OI311C9000,OI311C9000,159.5,0.0,0.0,0.0,14,149.5,153.5,26,159.5,139.5,0.0,0.0,0.0,0.0,96
2023-05-10 21:24:15,OI311C9000,OI311C9000,159.5,0.0,0.0,0.0,20,149.5,153.5,20,159.5,139.5,0.0,0.0,0.0,0.0,96
2023-05-10 21:25:06,OI311C9000,OI311C9000,159.5,0.0,0.0,0.0,2,150.5,153.5,14,159.5,139.5,0.0,0.0,0.0,0.0,96
2023-05-10 21:25:07,OI311C9000,OI311C9000,159.5,0.0,0.0,0.0,2,150.5,153.5,18,159.5,139.5,0.0,0.0,0.0,0.0,96
2023-05-10 21:25:18,OI311C9000,OI311C9000,159.5,0.0,0.0,0.0,2,150.5,153.5,6,159.5,139.5,0.0,0.0,0.0,0.0,96
2023-05-10 21:25:18,OI311C9000,OI311C9000,159.5,0.0,0.0,0.0,8,150.5,154.0,18,159.5,139.5,0.0,0.0,0.0,0.0,96
2023-05-10 21:25:19,OI311C9000,OI311C9000,159.5,0.0,0.0,0.0,8,150.5,154.0,6,159.5,139.5,0.0,0.0,0.0,0.0,96
2023-05-10 21:25:20,OI311C9000,OI311C9000,159.5,0.0,0.0,0.0,14,150.5,154.5,24,159.5,139.5,0.0,0.0,0.0,0.0,96
2023-05-10 21:25:21,OI311C9000,OI311C9000,159.5,0.0,0.0,0.0,14,150.5,154.5,18,159.5,139.5,0.0,0.0,0.0,0.0,96
2023-05-10 21:25:42,OI311C9000,OI311C9000,159.5,0.0,0.0,0.0,14,150.5,154.5,6,159.5,139.5,0.0,0.0,0.0,0.0,96
2023-05-10 21:25:42,OI311C9000,OI311C9000,159.5,0.0,0.0,0.0,14,150.5,155.0,38,159.5,139.5,0.0,0.0,0.0,0.0,96
2023-05-10 21:25:45,OI311C9000,OI311C9000,159.5,0.0,0.0,0.0,14,150.5,155.0,26,159.5,139.5,0.0,0.0,0.0,0.0,96
2023-05-10 21:26:05,OI311C9000,OI311C9000,159.5,0.0,0.0,0.0,14,150.5,155.0,20,159.5,139.5,0.0,0.0,0.0,0.0,96
2023-05-10 21:26:11,OI311C9000,OI311C9000,159.5,0.0,0.0,0.0,14,150.5,155.0,26,159.5,139.5,0.0,0.0,0.0,0.0,96
2023-05-10 21:26:15,OI311C9000,OI311C9000,159.5,0.0,0.0,0.0,14,150.5,155.0,32,159.5,139.5,0.0,0.0,0.0,0.0,96
2023-05-10 21:26:22,OI311C9000,OI311C9000,159.5,0.0,0.0,0.0,14,150.5,155.0,38,159.5,139.5,0.0,0.0,0.0,0.0,96
2023-05-10 21:26:46,OI311C9000,OI311C9000,159.5,0.0,0.0,0.0,8,150.5,154.0,2,159.5,139.5,0.0,0.0,0.0,0.0,96
2023-05-10 21:26:47,OI311C9000,OI311C9000,159.5,0.0,0.0,0.0,2,150.5,154.0,2,159.5,139.5,0.0,0.0,0.0,0.0,96
2023-05-10 21:26:48,OI311C9000,OI311C9000,159.5,0.0,0.0,0.0,8,150.5,154.0,2,159.5,139.5,0.0,0.0,0.0,0.0,96
2023-05-10 21:26:48,OI311C9000,OI311C9000,159.5,0.0,0.0,0.0,14,150.5,154.0,2,159.5,139.5,0.0,0.0,0.0,0.0,96
2023-05-10 21:27:34,OI311C9000,OI311C9000,159.5,0.0,0.0,0.0,2,150.5,154.0,2,159.5,139.5,0.0,0.0,0.0,0.0,96
2023-05-10 21:27:44,OI311C9000,OI311C9000,159.5,0.0,0.0,0.0,14,150.5,154.0,2,159.5,139.5,0.0,0.0,0.0,0.0,96
2023-05-10 21:28:12,OI311C9000,OI311C9000,159.5,0.0,0.0,0.0,8,150.5,154.5,18,159.5,139.5,0.0,0.0,0.0,0.0,96
2023-05-10 21:28:14,OI311C9000,OI311C9000,159.5,0.0,0.0,0.0,8,150.5,154.5,12,159.5,139.5,0.0,0.0,0.0,0.0,96
2023-05-10 21:28:15,OI311C9000,OI311C9000,159.5,0.0,0.0,0.0,8,150.5,155.0,38,159.5,139.5,0.0,0.0,0.0,0.0,96
2023-05-10 21:28:16,OI311C9000,OI311C9000,159.5,0.0,0.0,0.0,8,150.5,155.0,32,159.5,139.5,0.0,0.0,0.0,0.0,96
2023-05-10 21:28:32,OI311C9000,OI311C9000,159.5,0.0,0.0,0.0,2,151.5,155.0,32,159.5,139.5,0.0,0.0,0.0,0.0,96
2023-05-10 21:29:23,OI311C9000,OI311C9000,159.5,0.0,0.0,0.0,12,151.0,155.0,38,159.5,139.5,0.0,0.0,0.0,0.0,96
2023-05-10 21:29:23,OI311C9000,OI311C9000,159.5,0.0,0.0,0.0,18,151.0,154.0,8,159.5,139.5,0.0,0.0,0.0,0.0,96
2023-05-10 21:29:24,OI311C9000,OI311C9000,159.5,0.0,0.0,0.0,6,151.0,154.0,14,159.5,139.5,0.0,0.0,0.0,0.0,96
2023-05-10 21:29:24,OI311C9000,OI311C9000,159.5,0.0,0.0,0.0,26,150.5,154.0,14,159.5,139.5,0.0,0.0,0.0,0.0,96
2023-05-10 21:29:25,OI311C9000,OI311C9000,159.5,0.0,0.0,0.0,20,150.5,154.0,14,159.5,139.5,0.0,0.0,0.0,0.0,96
2023-05-10 21:29:40,OI311C9000,OI311C9000,159.5,0.0,0.0,0.0,20,150.5,154.0,8,159.5,139.5,0.0,0.0,0.0,0.0,96
2023-05-10 21:29:40,OI311C9000,OI311C9000,159.5,0.0,0.0,0.0,20,150.5,154.0,2,159.5,139.5,0.0,0.0,0.0,0.0,96
2023-05-10 21:29:58,OI311C9000,OI311C9000,159.5,0.0,0.0,0.0,14,150.5,154.0,2,159.5,139.5,0.0,0.0,0.0,0.0,96
2023-05-10 21:29:59,OI311C9000,OI311C9000,159.5,0.0,0.0,0.0,20,150.5,154.0,2,159.5,139.5,0.0,0.0,0.0,0.0,96
2023-05-10 21:30:00,OI311C9000,OI311C9000,159.5,0.0,0.0,0.0,14,150.5,154.0,2,159.5,139.5,0.0,0.0,0.0,0.0,96
2023-05-10 21:30:04,OI311C9000,OI311C9000,159.5,0.0,0.0,0.0,20,150.5,154.0,2,159.5,139.5,0.0,0.0,0.0,0.0,96
2023-05-10 21:30:06,OI311C9000,OI311C9000,159.5,0.0,0.0,0.0,14,150.5,154.0,2,159.5,139.5,0.0,0.0,0.0,0.0,96
2023-05-10 21:30:07,OI311C9000,OI311C9000,159.5,0.0,0.0,0.0,14,150.5,154.5,18,159.5,139.5,0.0,0.0,0.0,0.0,96
2023-05-10 21:30:08,OI311C9000,OI311C9000,159.5,0.0,0.0,0.0,14,150.5,154.5,6,159.5,139.5,0.0,0.0,0.0,0.0,96
2023-05-10 21:30:09,OI311C9000,OI311C9000,159.5,0.0,0.0,0.0,14,150.5,155.0,32,159.5,139.5,0.0,0.0,0.0,0.0,96
2023-05-10 21:30:10,OI311C9000,OI311C9000,159.5,0.0,0.0,0.0,14,150.5,155.0,26,159.5,139.5,0.0,0.0,0.0,0.0,96
2023-05-10 21:30:13,OI311C9000,OI311C9000,159.5,0.0,0.0,0.0,14,150.5,155.0,32,159.5,139.5,0.0,0.0,0.0,0.0,96
2023-05-10 21:30:13,OI311C9000,OI311C9000,159.5,0.0,0.0,0.0,14,150.5,155.0,38,159.5,139.5,0.0,0.0,0.0,0.0,96
2023-05-10 21:30:22,OI311C9000,OI311C9000,159.5,0.0,0.0,0.0,14,150.5,154.0,2,159.5,139.5,0.0,0.0,0.0,0.0,96
2023-05-10 21:30:23,OI311C9000,OI311C9000,159.5,0.0,0.0,0.0,8,150.5,154.0,2,159.5,139.5,0.0,0.0,0.0,0.0,96
2023-05-10 21:30:25,OI311C9000,OI311C9000,159.5,0.0,0.0,0.0,8,150.5,154.0,14,159.5,139.5,0.0,0.0,0.0,0.0,96
2023-05-10 21:30:26,OI311C9000,OI311C9000,159.5,0.0,0.0,0.0,2,150.5,154.0,20,159.5,139.5,0.0,0.0,0.0,0.0,96
2023-05-10 21:30:33,OI311C9000,OI311C9000,159.5,0.0,0.0,0.0,8,150.5,154.0,20,159.5,139.5,0.0,0.0,0.0,0.0,96
2023-05-10 21:30:33,OI311C9000,OI311C9000,159.5,0.0,0.0,0.0,8,150.5,154.0,14,159.5,139.5,0.0,0.0,0.0,0.0,96
2023-05-10 21:30:35,OI311C9000,OI311C9000,159.5,0.0,0.0,0.0,14,150.5,154.0,26,159.5,139.5,0.0,0.0,0.0,0.0,96
2023-05-10 21:30:36,OI311C9000,OI311C9000,159.5,0.0,0.0,0.0,8,150.5,154.0,26,159.5,139.5,0.0,0.0,0.0,0.0,96
2023-05-10 21:30:36,OI311C9000,OI311C9000,159.5,0.0,0.0,0.0,2,150.5,154.0,20,159.5,139.5,0.0,0.0,0.0,0.0,96
2023-05-10 21:30:38,OI311C9000,OI311C9000,159.5,0.0,0.0,0.0,2,150.5,154.0,26,159.5,139.5,0.0,0.0,0.0,0.0,96
2023-05-10 21:30:39,OI311C9000,OI311C9000,159.5,0.0,0.0,0.0,14,150.5,154.0,20,159.5,139.5,0.0,0.0,0.0,0.0,96
2023-05-10 21:30:41,OI311C9000,OI311C9000,159.5,0.0,0.0,0.0,2,150.5,154.0,20,159.5,139.5,0.0,0.0,0.0,0.0,96
2023-05-10 21:30:41,OI311C9000,OI311C9000,159.5,0.0,0.0,0.0,8,150.5,154.0,20,159.5,139.5,0.0,0.0,0.0,0.0,96
2023-05-10 21:30:42,OI311C9000,OI311C9000,159.5,0.0,0.0,0.0,14,150.5,154.0,20,159.5,139.5,0.0,0.0,0.0,0.0,96
2023-05-10 21:30:43,OI311C9000,OI311C9000,159.5,0.0,0.0,0.0,2,150.5,154.0,20,159.5,139.5,0.0,0.0,0.0,0.0,96
2023-05-10 21:30:45,OI311C9000,OI311C9000,159.5,0.0,0.0,0.0,8,150.5,154.0,20,159.5,139.5,0.0,0.0,0.0,0.0,96
2023-05-10 21:30:45,OI311C9000,OI311C9000,159.5,0.0,0.0,0.0,14,150.5,154.0,20,159.5,139.5,0.0,0.0,0.0,0.0,96
2023-05-10 21:30:59,OI311C9000,OI311C9000,159.5,0.0,0.0,0.0,14,150.5,154.0,14,159.5,139.5,0.0,0.0,0.0,0.0,96
2023-05-10 21:31:00,OI311C9000,OI311C9000,159.5,0.0,0.0,0.0,14,150.5,154.0,12,159.5,139.5,0.0,0.0,0.0,0.0,96
2023-05-10 21:31:00,OI311C9000,OI311C9000,159.5,0.0,0.0,0.0,14,150.5,154.5,12,159.5,139.5,0.0,0.0,0.0,0.0,96
2023-05-10 21:31:01,OI311C9000,OI311C9000,159.5,0.0,0.0,0.0,14,150.5,154.5,6,159.5,139.5,0.0,0.0,0.0,0.0,96
2023-05-10 21:31:01,OI311C9000,OI311C9000,159.5,0.0,0.0,0.0,14,150.5,155.0,38,159.5,139.5,0.0,0.0,0.0,0.0,96
2023-05-10 21:31:03,OI311C9000,OI311C9000,159.5,0.0,0.0,0.0,2,151.5,155.0,26,159.5,139.5,0.0,0.0,0.0,0.0,96
2023-05-10 21:31:04,OI311C9000,OI311C9000,159.5,0.0,0.0,0.0,2,151.5,155.0,20,159.5,139.5,0.0,0.0,0.0,0.0,96
2023-05-10 21:31:08,OI311C9000,OI311C9000,159.5,0.0,0.0,0.0,2,151.5,155.0,18,159.5,139.5,0.0,0.0,0.0,0.0,96
2023-05-10 21:31:10,OI311C9000,OI311C9000,159.5,0.0,0.0,0.0,8,151.5,155.0,18,159.5,139.5,0.0,0.0,0.0,0.0,96
2023-05-10 21:31:10,OI311C9000,OI311C9000,159.5,0.0,0.0,0.0,8,151.5,155.5,6,159.5,139.5,0.0,0.0,0.0,0.0,96
2023-05-10 21:31:11,OI311C9000,OI311C9000,159.5,0.0,0.0,0.0,12,152.0,157.0,12,159.5,139.5,0.0,0.0,0.0,0.0,96
2023-05-10 21:31:11,OI311C9000,OI311C9000,159.5,0.0,0.0,0.0,18,152.0,156.5,6,159.5,139.5,0.0,0.0,0.0,0.0,96
2023-05-10 21:31:11,OI311C9000,OI311C9000,159.5,0.0,0.0,0.0,24,152.0,157.0,18,159.5,139.5,0.0,0.0,0.0,0.0,96
2023-05-10 21:31:12,OI311C9000,OI311C9000,159.5,0.0,0.0,0.0,30,152.0,157.0,18,159.5,139.5,0.0,0.0,0.0,0.0,96
2023-05-10 21:31:14,OI311C9000,OI311C9000,159.5,0.0,0.0,0.0,42,152.0,157.0,12,159.5,139.5,0.0,0.0,0.0,0.0,96
2023-05-10 21:31:14,OI311C9000,OI311C9000,159.5,0.0,0.0,0.0,2,153.0,157.0,18,159.5,139.5,0.0,0.0,0.0,0.0,96
2023-05-10 21:31:37,OI311C9000,OI311C9000,159.5,0.0,0.0,0.0,2,153.0,157.0,12,159.5,139.5,0.0,0.0,0.0,0.0,96
2023-05-10 21:31:37,OI311C9000,OI311C9000,159.5,0.0,0.0,0.0,2,153.0,157.5,20,159.5,139.5,0.0,0.0,0.0,0.0,96
2023-05-10 21:31:41,OI311C9000,OI311C9000,159.5,0.0,0.0,0.0,2,153.0,156.5,2,159.5,139.5,0.0,0.0,0.0,0.0,96
2023-05-10 21:31:47,OI311C9000,OI311C9000,159.5,0.0,0.0,0.0,18,152.0,156.5,2,159.5,139.5,0.0,0.0,0.0,0.0,96
2023-05-10 21:31:48,OI311C9000,OI311C9000,159.5,0.0,0.0,0.0,24,152.0,155.5,2,159.5,139.5,0.0,0.0,0.0,0.0,96
2023-05-10 21:31:48,OI311C9000,OI311C9000,159.5,0.0,0.0,0.0,30,152.0,155.5,2,159.5,139.5,0.0,0.0,0.0,0.0,96
2023-05-10 21:31:52,OI311C9000,OI311C9000,159.5,0.0,0.0,0.0,24,152.0,155.5,2,159.5,139.5,0.0,0.0,0.0,0.0,96
2023-05-10 21:32:04,OI311C9000,OI311C9000,159.5,0.0,0.0,0.0,18,152.0,155.5,2,159.5,139.5,0.0,0.0,0.0,0.0,96
2023-05-10 21:32:08,OI311C9000,OI311C9000,159.5,0.0,0.0,0.0,24,152.0,155.5,2,159.5,139.5,0.0,0.0,0.0,0.0,96
2023-05-10 21:32:12,OI311C9000,OI311C9000,159.5,0.0,0.0,0.0,18,152.0,154.5,2,159.5,139.5,0.0,0.0,0.0,0.0,96
2023-05-10 21:32:12,OI311C9000,OI311C9000,159.5,0.0,0.0,0.0,8,151.5,154.5,2,159.5,139.5,0.0,0.0,0.0,0.0,96
2023-05-10 21:32:13,OI311C9000,OI311C9000,159.5,0.0,0.0,0.0,2,151.5,154.5,2,159.5,139.5,0.0,0.0,0.0,0.0,96
2023-05-10 21:32:13,OI311C9000,OI311C9000,159.5,0.0,0.0,0.0,8,151.5,154.5,2,159.5,139.5,0.0,0.0,0.0,0.0,96
2023-05-10 21:32:13,OI311C9000,OI311C9000,159.5,0.0,0.0,0.0,20,151.5,154.5,2,159.5,139.5,0.0,0.0,0.0,0.0,96
2023-05-10 21:32:33,OI311C9000,OI311C9000,159.5,0.0,0.0,0.0,20,151.5,155.0,24,159.5,139.5,0.0,0.0,0.0,0.0,96
2023-05-10 21:32:33,OI311C9000,OI311C9000,159.5,0.0,0.0,0.0,14,151.5,155.0,18,159.5,139.5,0.0,0.0,0.0,0.0,96
2023-05-10 21:32:35,OI311C9000,OI311C9000,159.5,0.0,0.0,0.0,14,151.5,155.0,6,159.5,139.5,0.0,0.0,0.0,0.0,96
2023-05-10 21:32:36,OI311C9000,OI311C9000,159.5,0.0,0.0,0.0,14,151.5,155.5,26,159.5,139.5,0.0,0.0,0.0,0.0,96
2023-05-10 21:32:39,OI311C9000,OI311C9000,159.5,0.0,0.0,0.0,14,151.5,155.5,20,159.5,139.5,0.0,0.0,0.0,0.0,96
2023-05-10 21:32:51,OI311C9000,OI311C9000,159.5,0.0,0.0,0.0,14,151.5,155.5,14,159.5,139.5,0.0,0.0,0.0,0.0,96
2023-05-10 21:33:23,OI311C9000,OI311C9000,159.5,0.0,0.0,0.0,20,151.5,155.5,14,159.5,139.5,0.0,0.0,0.0,0.0,96
2023-05-10 21:33:27,OI311C9000,OI311C9000,159.5,0.0,0.0,0.0,2,152.5,155.5,8,159.5,139.5,0.0,0.0,0.0,0.0,96
2023-05-10 21:33:29,OI311C9000,OI311C9000,159.5,0.0,0.0,0.0,2,152.5,155.5,6,159.5,139.5,0.0,0.0,0.0,0.0,96
2023-05-10 21:33:30,OI311C9000,OI311C9000,159.5,0.0,0.0,0.0,8,152.5,156.0,18,159.5,139.5,0.0,0.0,0.0,0.0,96
2023-05-10 21:33:31,OI311C9000,OI311C9000,159.5,0.0,0.0,0.0,8,152.5,156.0,6,159.5,139.5,0.0,0.0,0.0,0.0,96
2023-05-10 21:33:31,OI311C9000,OI311C9000,159.5,0.0,0.0,0.0,14,152.5,156.5,24,159.5,139.5,0.0,0.0,0.0,0.0,96
2023-05-10 21:33:32,OI311C9000,OI311C9000,159.5,0.0,0.0,0.0,14,152.5,156.5,18,159.5,139.5,0.0,0.0,0.0,0.0,96
2023-05-10 21:34:07,OI311C9000,OI311C9000,159.5,0.0,0.0,0.0,14,152.5,156.5,12,159.5,139.5,0.0,0.0,0.0,0.0,96
2023-05-10 21:34:08,OI311C9000,OI311C9000,159.5,0.0,0.0,0.0,14,152.5,157.0,26,159.5,139.5,0.0,0.0,0.0,0.0,96
2023-05-10 21:34:08,OI311C9000,OI311C9000,159.5,0.0,0.0,0.0,2,153.5,157.0,14,159.5,139.5,0.0,0.0,0.0,0.0,96
2023-05-10 21:34:09,OI311C9000,OI311C9000,159.5,0.0,0.0,0.0,2,153.5,157.0,20,159.5,139.5,0.0,0.0,0.0,0.0,96
2023-05-10 21:34:09,OI311C9000,OI311C9000,159.5,0.0,0.0,0.0,2,153.5,157.0,26,159.5,139.5,0.0,0.0,0.0,0.0,96
2023-05-10 21:34:12,OI311C9000,OI311C9000,159.5,0.0,0.0,0.0,2,153.5,157.0,20,159.5,139.5,0.0,0.0,0.0,0.0,96
2023-05-10 21:34:43,OI311C9000,OI311C9000,159.5,0.0,0.0,0.0,12,153.0,157.0,20,159.5,139.5,0.0,0.0,0.0,0.0,96
2023-05-10 21:34:47,OI311C9000,OI311C9000,159.5,0.0,0.0,0.0,26,152.5,157.0,20,159.5,139.5,0.0,0.0,0.0,0.0,96
2023-05-10 21:34:47,OI311C9000,OI311C9000,159.5,0.0,0.0,0.0,26,152.5,157.0,14,159.5,139.5,0.0,0.0,0.0,0.0,96
2023-05-10 21:34:48,OI311C9000,OI311C9000,159.5,0.0,0.0,0.0,14,152.5,156.0,2,159.5,139.5,0.0,0.0,0.0,0.0,96
2023-05-10 21:34:48,OI311C9000,OI311C9000,159.5,0.0,0.0,0.0,20,152.5,156.0,2,159.5,139.5,0.0,0.0,0.0,0.0,96
2023-05-10 21:35:05,OI311C9000,OI311C9000,159.5,0.0,0.0,0.0,20,152.5,156.5,6,159.5,139.5,0.0,0.0,0.0,0.0,96
2023-05-10 21:35:06,OI311C9000,OI311C9000,159.5,0.0,0.0,0.0,20,152.5,156.0,6,159.5,139.5,0.0,0.0,0.0,0.0,96
2023-05-10 21:35:06,OI311C9000,OI311C9000,159.5,0.0,0.0,0.0,8,152.5,157.0,20,159.5,139.5,0.0,0.0,0.0,0.0,96
2023-05-10 21:35:07,OI311C9000,OI311C9000,159.5,0.0,0.0,0.0,20,152.5,156.5,12,159.5,139.5,0.0,0.0,0.0,0.0,96
2023-05-10 21:35:07,OI311C9000,OI311C9000,159.5,0.0,0.0,0.0,20,152.5,157.0,26,159.5,139.5,0.0,0.0,0.0,0.0,96
2023-05-10 21:35:07,OI311C9000,OI311C9000,159.5,0.0,0.0,0.0,14,152.5,157.0,32,159.5,139.5,0.0,0.0,0.0,0.0,96
2023-05-10 21:35:08,OI311C9000,OI311C9000,159.5,0.0,0.0,0.0,14,152.5,157.0,26,159.5,139.5,0.0,0.0,0.0,0.0,96
2023-05-10 21:35:20,OI311C9000,OI311C9000,159.5,0.0,0.0,0.0,20,152.5,156.5,2,159.5,139.5,0.0,0.0,0.0,0.0,96
2023-05-10 21:35:21,OI311C9000,OI311C9000,159.5,0.0,0.0,0.0,26,152.5,156.5,2,159.5,139.5,0.0,0.0,0.0,0.0,96
2023-05-10 21:35:23,OI311C9000,OI311C9000,159.5,0.0,0.0,0.0,20,152.5,156.5,8,159.5,139.5,0.0,0.0,0.0,0.0,96
2023-05-10 21:35:28,OI311C9000,OI311C9000,159.5,0.0,0.0,0.0,14,152.5,155.5,2,159.5,139.5,0.0,0.0,0.0,0.0,96
2023-05-10 21:35:28,OI311C9000,OI311C9000,159.5,0.0,0.0,0.0,20,152.5,155.5,2,159.5,139.5,0.0,0.0,0.0,0.0,96
2023-05-10 21:35:32,OI311C9000,OI311C9000,159.5,0.0,0.0,0.0,26,152.5,155.5,2,159.5,139.5,0.0,0.0,0.0,0.0,96
2023-05-10 21:35:33,OI311C9000,OI311C9000,159.5,0.0,0.0,0.0,26,152.5,156.0,24,159.5,139.5,0.0,0.0,0.0,0.0,96
2023-05-10 21:35:33,OI311C9000,OI311C9000,159.5,0.0,0.0,0.0,20,152.5,156.0,12,159.5,139.5,0.0,0.0,0.0,0.0,96
2023-05-10 21:35:34,OI311C9000,OI311C9000,159.5,0.0,0.0,0.0,20,152.5,156.5,26,159.5,139.5,0.0,0.0,0.0,0.0,96
2023-05-10 21:35:34,OI311C9000,OI311C9000,159.5,0.0,0.0,0.0,14,152.5,156.5,20,159.5,139.5,0.0,0.0,0.0,0.0,96
2023-05-10 21:35:35,OI311C9000,OI311C9000,159.5,0.0,0.0,0.0,14,152.5,156.5,14,159.5,139.5,0.0,0.0,0.0,0.0,96
2023-05-10 21:35:39,OI311C9000,OI311C9000,159.5,0.0,0.0,0.0,14,152.5,156.5,20,159.5,139.5,0.0,0.0,0.0,0.0,96
2023-05-10 21:35:52,OI311C9000,OI311C9000,159.5,0.0,0.0,0.0,14,152.5,156.5,14,159.5,139.5,0.0,0.0,0.0,0.0,96
2023-05-10 21:36:00,OI311C9000,OI311C9000,159.5,0.0,0.0,0.0,2,153.5,156.5,8,159.5,139.5,0.0,0.0,0.0,0.0,96
2023-05-10 21:36:01,OI311C9000,OI311C9000,159.5,0.0,0.0,0.0,2,153.5,156.5,6,159.5,139.5,0.0,0.0,0.0,0.0,96
2023-05-10 21:36:01,OI311C9000,OI311C9000,159.5,0.0,0.0,0.0,2,153.5,157.0,18,159.5,139.5,0.0,0.0,0.0,0.0,96
2023-05-10 21:36:02,OI311C9000,OI311C9000,159.5,0.0,0.0,0.0,2,153.5,157.0,6,159.5,139.5,0.0,0.0,0.0,0.0,96
2023-05-10 21:36:03,OI311C9000,OI311C9000,159.5,0.0,0.0,0.0,8,153.5,157.5,42,159.5,139.5,0.0,0.0,0.0,0.0,96
2023-05-10 21:36:03,OI311C9000,OI311C9000,159.5,0.0,0.0,0.0,8,153.5,157.5,36,159.5,139.5,0.0,0.0,0.0,0.0,96
2023-05-10 21:36:07,OI311C9000,OI311C9000,159.5,0.0,0.0,0.0,8,153.5,157.5,38,159.5,139.5,0.0,0.0,0.0,0.0,96
2023-05-10 21:36:24,OI311C9000,OI311C9000,159.5,0.0,0.0,0.0,8,153.5,157.5,32,159.5,139.5,0.0,0.0,0.0,0.0,96
2023-05-10 21:36:24,OI311C9000,OI311C9000,159.5,0.0,0.0,0.0,8,153.5,157.5,26,159.5,139.5,0.0,0.0,0.0,0.0,96
2023-05-10 21:36:25,OI311C9000,OI311C9000,159.5,0.0,0.0,0.0,14,153.5,157.5,14,159.5,139.5,0.0,0.0,0.0,0.0,96
2023-05-10 21:36:27,OI311C9000,OI311C9000,159.5,0.0,0.0,0.0,2,154.5,157.5,14,159.5,139.5,0.0,0.0,0.0,0.0,96
2023-05-10 21:36:28,OI311C9000,OI311C9000,159.5,0.0,0.0,0.0,2,154.5,157.5,8,159.5,139.5,0.0,0.0,0.0,0.0,96
2023-05-10 21:36:28,OI311C9000,OI311C9000,159.5,0.0,0.0,0.0,2,154.5,157.5,14,159.5,139.5,0.0,0.0,0.0,0.0,96
2023-05-10 21:36:30,OI311C9000,OI311C9000,159.5,0.0,0.0,0.0,2,154.5,157.5,20,159.5,139.5,0.0,0.0,0.0,0.0,96
2023-05-10 21:36:32,OI311C9000,OI311C9000,159.5,0.0,0.0,0.0,8,154.5,157.5,20,159.5,139.5,0.0,0.0,0.0,0.0,96
2023-05-10 21:36:32,OI311C9000,OI311C9000,159.5,0.0,0.0,0.0,8,154.5,157.5,2,159.5,139.5,0.0,0.0,0.0,0.0,96
2023-05-10 21:36:32,OI311C9000,OI311C9000,159.5,0.0,0.0,0.0,20,154.5,157.5,2,159.5,139.5,0.0,0.0,0.0,0.0,96
2023-05-10 21:36:33,OI311C9000,OI311C9000,159.5,0.0,0.0,0.0,14,154.5,157.5,2,159.5,139.5,0.0,0.0,0.0,0.0,96
2023-05-10 21:36:45,OI311C9000,OI311C9000,159.5,0.0,0.0,0.0,14,154.5,158.0,20,159.5,139.5,0.0,0.0,0.0,0.0,96
2023-05-10 21:36:46,OI311C9000,OI311C9000,159.5,0.0,0.0,0.0,14,154.5,158.0,18,159.5,139.5,0.0,0.0,0.0,0.0,96
2023-05-10 21:36:46,OI311C9000,OI311C9000,159.5,0.0,0.0,0.0,14,154.5,158.0,6,159.5,139.5,0.0,0.0,0.0,0.0,96
2023-05-10 21:36:47,OI311C9000,OI311C9000,159.5,0.0,0.0,0.0,14,154.5,158.5,24,159.5,139.5,0.0,0.0,0.0,0.0,96
2023-05-10 21:36:47,OI311C9000,OI311C9000,159.5,0.0,0.0,0.0,14,154.5,158.5,18,159.5,139.5,0.0,0.0,0.0,0.0,96
2023-05-10 21:36:53,OI311C9000,OI311C9000,159.5,0.0,0.0,0.0,14,154.5,158.5,6,159.5,139.5,0.0,0.0,0.0,0.0,96
2023-05-10 21:36:54,OI311C9000,OI311C9000,159.5,0.0,0.0,0.0,14,154.5,159.0,24,159.5,139.5,0.0,0.0,0.0,0.0,96
2023-05-10 21:36:54,OI311C9000,OI311C9000,159.5,0.0,0.0,0.0,14,154.5,159.0,18,159.5,139.5,0.0,0.0,0.0,0.0,96
2023-05-10 21:37:10,OI311C9000,OI311C9000,159.5,0.0,0.0,0.0,2,155.5,159.0,12,159.5,139.5,0.0,0.0,0.0,0.0,96
2023-05-10 21:37:10,OI311C9000,OI311C9000,159.5,0.0,0.0,0.0,2,155.5,159.0,18,159.5,139.5,0.0,0.0,0.0,0.0,96
2023-05-10 21:37:31,OI311C9000,OI311C9000,159.5,0.0,0.0,0.0,2,155.5,159.0,12,159.5,139.5,0.0,0.0,0.0,0.0,96
2023-05-10 21:37:31,OI311C9000,OI311C9000,159.5,0.0,0.0,0.0,2,155.5,159.5,38,159.5,139.5,0.0,0.0,0.0,0.0,96
2023-05-10 21:37:32,OI311C9000,OI311C9000,159.5,0.0,0.0,0.0,14,155.5,159.5,32,159.5,139.5,0.0,0.0,0.0,0.0,96
2023-05-10 21:37:32,OI311C9000,OI311C9000,159.5,0.0,0.0,0.0,14,155.5,159.5,26,159.5,139.5,0.0,0.0,0.0,0.0,96
2023-05-10 21:37:46,OI311C9000,OI311C9000,159.5,0.0,0.0,0.0,8,155.5,159.0,6,159.5,139.5,0.0,0.0,0.0,0.0,96
2023-05-10 21:37:47,OI311C9000,OI311C9000,159.5,0.0,0.0,0.0,2,155.5,159.0,6,159.5,139.5,0.0,0.0,0.0,0.0,96
2023-05-10 21:37:47,OI311C9000,OI311C9000,159.5,0.0,0.0,0.0,14,155.5,159.0,12,159.5,139.5,0.0,0.0,0.0,0.0,96
2023-05-10 21:37:52,OI311C9000,OI311C9000,159.5,0.0,0.0,0.0,14,155.5,158.5,2,159.5,139.5,0.0,0.0,0.0,0.0,96
2023-05-10 21:38:01,OI311C9000,OI311C9000,159.5,0.0,0.0,0.0,18,155.0,158.5,2,159.5,139.5,0.0,0.0,0.0,0.0,96
2023-05-10 21:38:01,OI311C9000,OI311C9000,159.5,0.0,0.0,0.0,24,155.0,158.5,2,159.5,139.5,0.0,0.0,0.0,0.0,96
2023-05-10 21:38:01,OI311C9000,OI311C9000,159.5,0.0,0.0,0.0,18,155.0,158.5,2,159.5,139.5,0.0,0.0,0.0,0.0,96
2023-05-10 21:38:09,OI311C9000,OI311C9000,159.5,0.0,0.0,0.0,6,155.0,157.5,2,159.5,139.5,0.0,0.0,0.0,0.0,96
2023-05-10 21:38:09,OI311C9000,OI311C9000,159.5,0.0,0.0,0.0,14,154.5,157.5,2,159.5,139.5,0.0,0.0,0.0,0.0,96
2023-05-10 21:38:10,OI311C9000,OI311C9000,159.5,0.0,0.0,0.0,2,154.5,157.5,2,159.5,139.5,0.0,0.0,0.0,0.0,96
2023-05-10 21:38:14,OI311C9000,OI311C9000,159.5,0.0,0.0,0.0,24,154.0,157.5,2,159.5,139.5,0.0,0.0,0.0,0.0,96
2023-05-10 21:38:14,OI311C9000,OI311C9000,159.5,0.0,0.0,0.0,30,154.0,157.5,2,159.5,139.5,0.0,0.0,0.0,0.0,96
2023-05-10 21:38:15,OI311C9000,OI311C9000,159.5,0.0,0.0,0.0,18,154.0,157.5,8,159.5,139.5,0.0,0.0,0.0,0.0,96
2023-05-10 21:38:25,OI311C9000,OI311C9000,159.5,0.0,0.0,0.0,24,154.0,157.5,8,159.5,139.5,0.0,0.0,0.0,0.0,96
2023-05-10 21:38:36,OI311C9000,OI311C9000,159.5,0.0,0.0,0.0,26,154.0,157.5,8,159.5,139.5,0.0,0.0,0.0,0.0,96
2023-05-10 21:38:53,OI311C9000,OI311C9000,159.5,0.0,0.0,0.0,26,154.0,157.5,2,159.5,139.5,0.0,0.0,0.0,0.0,96
2023-05-10 21:39:02,OI311C9000,OI311C9000,159.5,0.0,0.0,0.0,20,154.0,157.5,8,159.5,139.5,0.0,0.0,0.0,0.0,96
2023-05-10 21:39:02,OI311C9000,OI311C9000,159.5,0.0,0.0,0.0,20,154.0,157.5,14,159.5,139.5,0.0,0.0,0.0,0.0,96
2023-05-10 21:39:03,OI311C9000,OI311C9000,159.5,0.0,0.0,0.0,20,154.0,157.5,8,159.5,139.5,0.0,0.0,0.0,0.0,96
2023-05-10 21:39:04,OI311C9000,OI311C9000,159.5,0.0,0.0,0.0,20,154.0,157.5,14,159.5,139.5,0.0,0.0,0.0,0.0,96
2023-05-10 21:39:24,OI311C9000,OI311C9000,159.5,0.0,0.0,0.0,18,154.0,157.5,14,159.5,139.5,0.0,0.0,0.0,0.0,96
2023-05-10 21:39:24,OI311C9000,OI311C9000,159.5,0.0,0.0,0.0,18,154.0,156.5,2,159.5,139.5,0.0,0.0,0.0,0.0,96
2023-05-10 21:39:24,OI311C9000,OI311C9000,159.5,0.0,0.0,0.0,18,153.5,156.5,2,159.5,139.5,0.0,0.0,0.0,0.0,96
2023-05-10 21:39:26,OI311C9000,OI311C9000,159.5,0.0,0.0,0.0,6,153.5,156.5,2,159.5,139.5,0.0,0.0,0.0,0.0,96
2023-05-10 21:39:26,OI311C9000,OI311C9000,159.5,0.0,0.0,0.0,32,153.0,156.5,2,159.5,139.5,0.0,0.0,0.0,0.0,96
2023-05-10 21:39:27,OI311C9000,OI311C9000,159.5,0.0,0.0,0.0,26,153.0,156.5,2,159.5,139.5,0.0,0.0,0.0,0.0,96
2023-05-10 21:39:52,OI311C9000,OI311C9000,159.5,0.0,0.0,0.0,20,153.0,156.5,2,159.5,139.5,0.0,0.0,0.0,0.0,96
2023-05-10 21:39:56,OI311C9000,OI311C9000,159.5,0.0,0.0,0.0,20,153.0,156.5,8,159.5,139.5,0.0,0.0,0.0,0.0,96
2023-05-10 21:39:57,OI311C9000,OI311C9000,159.5,0.0,0.0,0.0,20,153.0,156.5,14,159.5,139.5,0.0,0.0,0.0,0.0,96
2023-05-10 21:39:58,OI311C9000,OI311C9000,159.5,0.0,0.0,0.0,18,153.0,156.5,14,159.5,139.5,0.0,0.0,0.0,0.0,96
2023-05-10 21:40:03,OI311C9000,OI311C9000,159.5,0.0,0.0,0.0,18,153.0,155.5,2,159.5,139.5,0.0,0.0,0.0,0.0,96
2023-05-10 21:40:04,OI311C9000,OI311C9000,159.5,0.0,0.0,0.0,18,152.5,155.5,2,159.5,139.5,0.0,0.0,0.0,0.0,96
2023-05-10 21:40:04,OI311C9000,OI311C9000,159.5,0.0,0.0,0.0,24,152.5,155.5,2,159.5,139.5,0.0,0.0,0.0,0.0,96
2023-05-10 21:40:06,OI311C9000,OI311C9000,159.5,0.0,0.0,0.0,18,152.5,155.5,2,159.5,139.5,0.0,0.0,0.0,0.0,96
2023-05-10 21:40:06,OI311C9000,OI311C9000,159.5,0.0,0.0,0.0,6,152.5,155.5,2,159.5,139.5,0.0,0.0,0.0,0.0,96
2023-05-10 21:40:07,OI311C9000,OI311C9000,159.5,0.0,0.0,0.0,30,152.0,155.5,2,159.5,139.5,0.0,0.0,0.0,0.0,96
2023-05-10 21:40:08,OI311C9000,OI311C9000,159.5,0.0,0.0,0.0,24,152.0,155.5,2,159.5,139.5,0.0,0.0,0.0,0.0,96
2023-05-10 21:40:10,OI311C9000,OI311C9000,159.5,0.0,0.0,0.0,30,152.0,155.5,2,159.5,139.5,0.0,0.0,0.0,0.0,96
2023-05-10 21:40:23,OI311C9000,OI311C9000,159.5,0.0,0.0,0.0,24,152.0,155.5,2,159.5,139.5,0.0,0.0,0.0,0.0,96
2023-05-10 21:40:34,OI311C9000,OI311C9000,159.5,0.0,0.0,0.0,30,152.0,155.5,2,159.5,139.5,0.0,0.0,0.0,0.0,96
2023-05-10 21:40:47,OI311C9000,OI311C9000,159.5,0.0,0.0,0.0,24,152.0,155.5,2,159.5,139.5,0.0,0.0,0.0,0.0,96
2023-05-10 21:40:58,OI311C9000,OI311C9000,159.5,0.0,0.0,0.0,30,152.0,155.5,2,159.5,139.5,0.0,0.0,0.0,0.0,96
2023-05-10 21:41:00,OI311C9000,OI311C9000,159.5,0.0,0.0,0.0,18,152.0,155.5,2,159.5,139.5,0.0,0.0,0.0,0.0,96
2023-05-10 21:41:06,OI311C9000,OI311C9000,159.5,0.0,0.0,0.0,30,152.0,155.5,2,159.5,139.5,0.0,0.0,0.0,0.0,96
2023-05-10 21:41:07,OI311C9000,OI311C9000,159.5,0.0,0.0,0.0,24,152.0,155.5,2,159.5,139.5,0.0,0.0,0.0,0.0,96
2023-05-10 21:41:15,OI311C9000,OI311C9000,159.5,0.0,0.0,0.0,18,152.0,155.5,2,159.5,139.5,0.0,0.0,0.0,0.0,96
2023-05-10 21:41:31,OI311C9000,OI311C9000,159.5,0.0,0.0,0.0,6,152.0,154.5,2,159.5,139.5,0.0,0.0,0.0,0.0,96
2023-05-10 21:41:31,OI311C9000,OI311C9000,159.5,0.0,0.0,0.0,20,151.5,154.5,2,159.5,139.5,0.0,0.0,0.0,0.0,96
2023-05-10 21:41:32,OI311C9000,OI311C9000,159.5,0.0,0.0,0.0,14,151.5,154.5,2,159.5,139.5,0.0,0.0,0.0,0.0,96
2023-05-10 21:41:42,OI311C9000,OI311C9000,159.5,0.0,0.0,0.0,6,151.5,154.5,2,159.5,139.5,0.0,0.0,0.0,0.0,96
2023-05-10 21:41:43,OI311C9000,OI311C9000,159.5,0.0,0.0,0.0,24,151.0,154.5,2,159.5,139.5,0.0,0.0,0.0,0.0,96
2023-05-10 21:41:44,OI311C9000,OI311C9000,159.5,0.0,0.0,0.0,18,151.0,154.5,2,159.5,139.5,0.0,0.0,0.0,0.0,96
2023-05-10 21:42:14,OI311C9000,OI311C9000,159.5,0.0,0.0,0.0,18,151.0,154.5,8,159.5,139.5,0.0,0.0,0.0,0.0,96
2023-05-10 21:42:17,OI311C9000,OI311C9000,159.5,0.0,0.0,0.0,18,151.0,154.5,14,159.5,139.5,0.0,0.0,0.0,0.0,96
2023-05-10 21:42:23,OI311C9000,OI311C9000,159.5,0.0,0.0,0.0,18,151.0,154.5,20,159.5,139.5,0.0,0.0,0.0,0.0,96
2023-05-10 21:42:24,OI311C9000,OI311C9000,159.5,0.0,0.0,0.0,18,151.0,154.5,26,159.5,139.5,0.0,0.0,0.0,0.0,96
2023-05-10 21:42:26,OI311C9000,OI311C9000,159.5,0.0,0.0,0.0,18,151.0,153.5,2,159.5,139.5,0.0,0.0,0.0,0.0,96
2023-05-10 21:42:27,OI311C9000,OI311C9000,159.5,0.0,0.0,0.0,18,150.5,153.5,2,159.5,139.5,0.0,0.0,0.0,0.0,96
2023-05-10 21:42:27,OI311C9000,OI311C9000,159.5,0.0,0.0,0.0,12,150.5,153.5,2,159.5,139.5,0.0,0.0,0.0,0.0,96
2023-05-10 21:42:28,OI311C9000,OI311C9000,159.5,0.0,0.0,0.0,6,150.5,153.5,2,159.5,139.5,0.0,0.0,0.0,0.0,96
2023-05-10 21:42:28,OI311C9000,OI311C9000,159.5,0.0,0.0,0.0,32,150.0,153.5,2,159.5,139.5,0.0,0.0,0.0,0.0,96
2023-05-10 21:42:29,OI311C9000,OI311C9000,159.5,0.0,0.0,0.0,26,150.0,153.5,2,159.5,139.5,0.0,0.0,0.0,0.0,96
2023-05-10 21:42:30,OI311C9000,OI311C9000,159.5,0.0,0.0,0.0,20,150.0,153.5,2,159.5,139.5,0.0,0.0,0.0,0.0,96
2023-05-10 21:42:54,OI311C9000,OI311C9000,159.5,0.0,0.0,0.0,20,150.0,153.5,8,159.5,139.5,0.0,0.0,0.0,0.0,96
2023-05-10 21:43:07,OI311C9000,OI311C9000,159.5,0.0,0.0,0.0,20,150.0,153.5,14,159.5,139.5,0.0,0.0,0.0,0.0,96
2023-05-10 21:43:08,OI311C9000,OI311C9000,159.5,0.0,0.0,0.0,20,150.0,153.5,26,159.5,139.5,0.0,0.0,0.0,0.0,96
2023-05-10 21:43:10,OI311C9000,OI311C9000,159.5,0.0,0.0,0.0,18,150.0,153.5,26,159.5,139.5,0.0,0.0,0.0,0.0,96
2023-05-10 21:43:17,OI311C9000,OI311C9000,159.5,0.0,0.0,0.0,18,150.0,153.5,20,159.5,139.5,0.0,0.0,0.0,0.0,96
2023-05-10 21:43:24,OI311C9000,OI311C9000,159.5,0.0,0.0,0.0,18,150.0,153.5,32,159.5,139.5,0.0,0.0,0.0,0.0,96
2023-05-10 21:43:25,OI311C9000,OI311C9000,159.5,0.0,0.0,0.0,6,150.0,153.5,38,159.5,139.5,0.0,0.0,0.0,0.0,96
2023-05-10 21:43:25,OI311C9000,OI311C9000,159.5,0.0,0.0,0.0,12,149.5,153.5,50,159.5,139.5,0.0,0.0,0.0,0.0,96
2023-05-10 21:43:26,OI311C9000,OI311C9000,159.5,0.0,0.0,0.0,26,149.0,153.5,50,159.5,139.5,0.0,0.0,0.0,0.0,96
2023-05-10 21:43:27,OI311C9000,OI311C9000,159.5,0.0,0.0,0.0,14,149.0,153.5,44,159.5,139.5,0.0,0.0,0.0,0.0,96
2023-05-10 21:43:27,OI311C9000,OI311C9000,159.5,0.0,0.0,0.0,2,149.0,153.5,44,159.5,139.5,0.0,0.0,0.0,0.0,96
2023-05-10 21:43:31,OI311C9000,OI311C9000,159.5,0.0,0.0,0.0,2,149.0,153.5,50,159.5,139.5,0.0,0.0,0.0,0.0,96
2023-05-10 21:43:31,OI311C9000,OI311C9000,159.5,0.0,0.0,0.0,2,149.0,152.5,8,159.5,139.5,0.0,0.0,0.0,0.0,96
2023-05-10 21:43:32,OI311C9000,OI311C9000,159.5,0.0,0.0,0.0,2,149.0,152.5,14,159.5,139.5,0.0,0.0,0.0,0.0,96
2023-05-10 21:43:33,OI311C9000,OI311C9000,159.5,0.0,0.0,0.0,2,149.0,152.5,2,159.5,139.5,0.0,0.0,0.0,0.0,96
2023-05-10 21:43:33,OI311C9000,OI311C9000,159.5,0.0,0.0,0.0,2,149.0,152.5,8,159.5,139.5,0.0,0.0,0.0,0.0,96
2023-05-10 21:43:34,OI311C9000,OI311C9000,159.5,0.0,0.0,0.0,2,149.0,152.5,2,159.5,139.5,0.0,0.0,0.0,0.0,96
2023-05-10 21:43:39,OI311C9000,OI311C9000,159.5,0.0,0.0,0.0,2,149.0,152.5,14,159.5,139.5,0.0,0.0,0.0,0.0,96
2023-05-10 21:43:39,OI311C9000,OI311C9000,159.5,0.0,0.0,0.0,2,149.0,152.5,20,159.5,139.5,0.0,0.0,0.0,0.0,96
2023-05-10 21:43:40,OI311C9000,OI311C9000,159.5,0.0,0.0,0.0,30,148.5,152.5,20,159.5,139.5,0.0,0.0,0.0,0.0,96
2023-05-10 21:43:41,OI311C9000,OI311C9000,159.5,0.0,0.0,0.0,24,148.5,152.5,20,159.5,139.5,0.0,0.0,0.0,0.0,96
2023-05-10 21:43:41,OI311C9000,OI311C9000,159.5,0.0,0.0,0.0,18,148.5,152.5,20,159.5,139.5,0.0,0.0,0.0,0.0,96
2023-05-10 21:43:44,OI311C9000,OI311C9000,159.5,0.0,0.0,0.0,18,148.5,152.5,14,159.5,139.5,0.0,0.0,0.0,0.0,96
2023-05-10 21:43:46,OI311C9000,OI311C9000,159.5,0.0,0.0,0.0,18,148.5,152.5,8,159.5,139.5,0.0,0.0,0.0,0.0,96
2023-05-10 21:43:49,OI311C9000,OI311C9000,159.5,0.0,0.0,0.0,18,148.5,152.5,14,159.5,139.5,0.0,0.0,0.0,0.0,96
2023-05-10 21:43:49,OI311C9000,OI311C9000,159.5,0.0,0.0,0.0,18,148.5,152.5,8,159.5,139.5,0.0,0.0,0.0,0.0,96
2023-05-10 21:44:02,OI311C9000,OI311C9000,159.5,0.0,0.0,0.0,20,148.5,152.5,8,159.5,139.5,0.0,0.0,0.0,0.0,96
2023-05-10 21:44:05,OI311C9000,OI311C9000,159.5,0.0,0.0,0.0,26,148.5,152.5,8,159.5,139.5,0.0,0.0,0.0,0.0,96
2023-05-10 21:44:05,OI311C9000,OI311C9000,159.5,0.0,0.0,0.0,20,148.5,152.5,8,159.5,139.5,0.0,0.0,0.0,0.0,96
2023-05-10 21:44:08,OI311C9000,OI311C9000,159.5,0.0,0.0,0.0,20,148.5,152.5,2,159.5,139.5,0.0,0.0,0.0,0.0,96
2023-05-10 21:44:10,OI311C9000,OI311C9000,159.5,0.0,0.0,0.0,2,149.5,152.5,2,159.5,139.5,0.0,0.0,0.0,0.0,96
2023-05-10 21:44:11,OI311C9000,OI311C9000,159.5,0.0,0.0,0.0,2,149.5,153.0,18,159.5,139.5,0.0,0.0,0.0,0.0,96
2023-05-10 21:44:12,OI311C9000,OI311C9000,159.5,0.0,0.0,0.0,2,149.5,153.0,6,159.5,139.5,0.0,0.0,0.0,0.0,96
2023-05-10 21:44:13,OI311C9000,OI311C9000,159.5,0.0,0.0,0.0,2,149.5,153.5,44,159.5,139.5,0.0,0.0,0.0,0.0,96
2023-05-10 21:44:14,OI311C9000,OI311C9000,159.5,0.0,0.0,0.0,2,149.5,153.5,38,159.5,139.5,0.0,0.0,0.0,0.0,96
2023-05-10 21:44:15,OI311C9000,OI311C9000,159.5,0.0,0.0,0.0,8,149.5,153.5,32,159.5,139.5,0.0,0.0,0.0,0.0,96
2023-05-10 21:44:15,OI311C9000,OI311C9000,159.5,0.0,0.0,0.0,8,149.5,153.5,26,159.5,139.5,0.0,0.0,0.0,0.0,96
2023-05-10 21:44:18,OI311C9000,OI311C9000,159.5,0.0,0.0,0.0,8,149.5,153.5,20,159.5,139.5,0.0,0.0,0.0,0.0,96
2023-05-10 21:44:25,OI311C9000,OI311C9000,159.5,0.0,0.0,0.0,8,149.5,153.5,14,159.5,139.5,0.0,0.0,0.0,0.0,96
2023-05-10 21:44:26,OI311C9000,OI311C9000,159.5,0.0,0.0,0.0,8,150.5,153.5,6,159.5,139.5,0.0,0.0,0.0,0.0,96
2023-05-10 21:44:26,OI311C9000,OI311C9000,159.5,0.0,0.0,0.0,8,150.5,154.0,12,159.5,139.5,0.0,0.0,0.0,0.0,96
2023-05-10 21:44:27,OI311C9000,OI311C9000,159.5,0.0,0.0,0.0,14,150.5,154.0,6,159.5,139.5,0.0,0.0,0.0,0.0,96
2023-05-10 21:44:27,OI311C9000,OI311C9000,159.5,0.0,0.0,0.0,14,150.5,154.5,30,159.5,139.5,0.0,0.0,0.0,0.0,96
2023-05-10 21:44:28,OI311C9000,OI311C9000,159.5,0.0,0.0,0.0,14,150.5,154.5,24,159.5,139.5,0.0,0.0,0.0,0.0,96
2023-05-10 21:44:29,OI311C9000,OI311C9000,159.5,0.0,0.0,0.0,20,150.5,154.5,18,159.5,139.5,0.0,0.0,0.0,0.0,96
2023-05-10 21:45:10,OI311C9000,OI311C9000,159.5,0.0,0.0,0.0,20,150.5,154.5,12,159.5,139.5,0.0,0.0,0.0,0.0,96
2023-05-10 21:45:10,OI311C9000,OI311C9000,159.5,0.0,0.0,0.0,26,150.5,155.0,32,159.5,139.5,0.0,0.0,0.0,0.0,96
2023-05-10 21:45:11,OI311C9000,OI311C9000,159.5,0.0,0.0,0.0,20,150.5,155.0,26,159.5,139.5,0.0,0.0,0.0,0.0,96
2023-05-10 21:45:11,OI311C9000,OI311C9000,159.5,0.0,0.0,0.0,20,150.5,155.0,20,159.5,139.5,0.0,0.0,0.0,0.0,96
2023-05-10 21:45:14,OI311C9000,OI311C9000,159.5,0.0,0.0,0.0,2,151.5,155.0,14,159.5,139.5,0.0,0.0,0.0,0.0,96
2023-05-10 21:45:14,OI311C9000,OI311C9000,159.5,0.0,0.0,0.0,2,151.5,155.0,20,159.5,139.5,0.0,0.0,0.0,0.0,96
2023-05-10 21:45:15,OI311C9000,OI311C9000,159.5,0.0,0.0,0.0,8,151.5,155.0,12,159.5,139.5,0.0,0.0,0.0,0.0,96
2023-05-10 21:45:16,OI311C9000,OI311C9000,159.5,0.0,0.0,0.0,20,151.5,155.5,30,159.5,139.5,0.0,0.0,0.0,0.0,96
2023-05-10 21:45:16,OI311C9000,OI311C9000,159.5,0.0,0.0,0.0,20,151.5,155.5,24,159.5,139.5,0.0,0.0,0.0,0.0,96
2023-05-10 21:45:17,OI311C9000,OI311C9000,159.5,0.0,0.0,0.0,20,151.5,155.5,12,159.5,139.5,0.0,0.0,0.0,0.0,96
2023-05-10 21:45:17,OI311C9000,OI311C9000,159.5,0.0,0.0,0.0,26,151.5,156.0,30,159.5,139.5,0.0,0.0,0.0,0.0,96
2023-05-10 21:45:18,OI311C9000,OI311C9000,159.5,0.0,0.0,0.0,20,151.5,156.0,24,159.5,139.5,0.0,0.0,0.0,0.0,96
2023-05-10 21:45:18,OI311C9000,OI311C9000,159.5,0.0,0.0,0.0,20,151.5,156.0,18,159.5,139.5,0.0,0.0,0.0,0.0,96
2023-05-10 21:45:22,OI311C9000,OI311C9000,159.5,0.0,0.0,0.0,2,152.5,156.0,12,159.5,139.5,0.0,0.0,0.0,0.0,96
2023-05-10 21:45:22,OI311C9000,OI311C9000,159.5,0.0,0.0,0.0,2,152.5,156.0,18,159.5,139.5,0.0,0.0,0.0,0.0,96
2023-05-10 21:45:26,OI311C9000,OI311C9000,159.5,0.0,0.0,0.0,2,152.5,156.0,12,159.5,139.5,0.0,0.0,0.0,0.0,96
2023-05-10 21:45:26,OI311C9000,OI311C9000,159.5,0.0,0.0,0.0,2,152.5,156.5,26,159.5,139.5,0.0,0.0,0.0,0.0,96
2023-05-10 21:45:27,OI311C9000,OI311C9000,159.5,0.0,0.0,0.0,2,152.5,156.5,20,159.5,139.5,0.0,0.0,0.0,0.0,96
2023-05-10 21:45:28,OI311C9000,OI311C9000,159.5,0.0,0.0,0.0,2,152.5,156.5,26,159.5,139.5,0.0,0.0,0.0,0.0,96
2023-05-10 21:45:29,OI311C9000,OI311C9000,159.5,0.0,0.0,0.0,2,152.5,156.5,20,159.5,139.5,0.0,0.0,0.0,0.0,96
2023-05-10 21:45:36,OI311C9000,OI311C9000,159.5,0.0,0.0,0.0,2,152.5,156.5,26,159.5,139.5,0.0,0.0,0.0,0.0,96
2023-05-10 21:45:37,OI311C9000,OI311C9000,159.5,0.0,0.0,0.0,2,152.5,156.5,20,159.5,139.5,0.0,0.0,0.0,0.0,96
2023-05-10 21:45:43,OI311C9000,OI311C9000,159.5,0.0,0.0,0.0,2,152.5,156.0,6,159.5,139.5,0.0,0.0,0.0,0.0,96
2023-05-10 21:45:54,OI311C9000,OI311C9000,159.5,0.0,0.0,0.0,18,152.0,155.5,2,159.5,139.5,0.0,0.0,0.0,0.0,96
2023-05-10 21:45:54,OI311C9000,OI311C9000,159.5,0.0,0.0,0.0,24,152.0,155.5,2,159.5,139.5,0.0,0.0,0.0,0.0,96
2023-05-10 21:45:55,OI311C9000,OI311C9000,159.5,0.0,0.0,0.0,18,152.0,155.5,2,159.5,139.5,0.0,0.0,0.0,0.0,96
2023-05-10 21:46:01,OI311C9000,OI311C9000,159.5,0.0,0.0,0.0,18,152.0,155.5,14,159.5,139.5,0.0,0.0,0.0,0.0,96
2023-05-10 21:46:07,OI311C9000,OI311C9000,159.5,0.0,0.0,0.0,18,152.0,155.5,2,159.5,139.5,0.0,0.0,0.0,0.0,96
2023-05-10 21:46:16,OI311C9000,OI311C9000,159.5,0.0,0.0,0.0,18,152.0,155.5,8,159.5,139.5,0.0,0.0,0.0,0.0,96
2023-05-10 21:46:17,OI311C9000,OI311C9000,159.5,0.0,0.0,0.0,6,152.0,154.5,2,159.5,139.5,0.0,0.0,0.0,0.0,96
2023-05-10 21:46:17,OI311C9000,OI311C9000,159.5,0.0,0.0,0.0,14,151.5,154.5,2,159.5,139.5,0.0,0.0,0.0,0.0,96
2023-05-10 21:46:18,OI311C9000,OI311C9000,159.5,0.0,0.0,0.0,12,151.5,154.5,2,159.5,139.5,0.0,0.0,0.0,0.0,96
2023-05-10 21:46:18,OI311C9000,OI311C9000,159.5,0.0,0.0,0.0,24,151.0,154.5,2,159.5,139.5,0.0,0.0,0.0,0.0,96
2023-05-10 21:46:19,OI311C9000,OI311C9000,159.5,0.0,0.0,0.0,30,151.0,154.5,2,159.5,139.5,0.0,0.0,0.0,0.0,96
2023-05-10 21:46:19,OI311C9000,OI311C9000,159.5,0.0,0.0,0.0,18,151.0,154.5,8,159.5,139.5,0.0,0.0,0.0,0.0,96
2023-05-10 21:46:20,OI311C9000,OI311C9000,159.5,0.0,0.0,0.0,12,151.0,154.5,8,159.5,139.5,0.0,0.0,0.0,0.0,96
2023-05-10 21:46:20,OI311C9000,OI311C9000,159.5,0.0,0.0,0.0,12,151.0,154.5,20,159.5,139.5,0.0,0.0,0.0,0.0,96
2023-05-10 21:46:24,OI311C9000,OI311C9000,159.5,0.0,0.0,0.0,12,151.0,153.5,2,159.5,139.5,0.0,0.0,0.0,0.0,96
2023-05-10 21:46:24,OI311C9000,OI311C9000,159.5,0.0,0.0,0.0,18,150.5,153.5,2,159.5,139.5,0.0,0.0,0.0,0.0,96
2023-05-10 21:46:25,OI311C9000,OI311C9000,159.5,0.0,0.0,0.0,6,150.5,153.5,2,159.5,139.5,0.0,0.0,0.0,0.0,96
2023-05-10 21:46:25,OI311C9000,OI311C9000,159.5,0.0,0.0,0.0,32,150.0,153.5,2,159.5,139.5,0.0,0.0,0.0,0.0,96
2023-05-10 21:46:26,OI311C9000,OI311C9000,159.5,0.0,0.0,0.0,26,150.0,153.5,2,159.5,139.5,0.0,0.0,0.0,0.0,96
2023-05-10 21:46:27,OI311C9000,OI311C9000,159.5,0.0,0.0,0.0,20,150.0,153.5,2,159.5,139.5,0.0,0.0,0.0,0.0,96
2023-05-10 21:47:10,OI311C9000,OI311C9000,159.5,0.0,0.0,0.0,26,150.0,153.5,2,159.5,139.5,0.0,0.0,0.0,0.0,96
2023-05-10 21:47:12,OI311C9000,OI311C9000,159.5,0.0,0.0,0.0,20,150.0,153.5,2,159.5,139.5,0.0,0.0,0.0,0.0,96
2023-05-10 21:48:05,OI311C9000,OI311C9000,159.5,0.0,0.0,0.0,20,150.0,153.5,8,159.5,139.5,0.0,0.0,0.0,0.0,96
2023-05-10 21:48:12,OI311C9000,OI311C9000,159.5,0.0,0.0,0.0,20,150.0,153.5,14,159.5,139.5,0.0,0.0,0.0,0.0,96
2023-05-10 21:48:28,OI311C9000,OI311C9000,159.5,0.0,0.0,0.0,18,150.0,153.5,14,159.5,139.5,0.0,0.0,0.0,0.0,96
2023-05-10 21:48:30,OI311C9000,OI311C9000,159.5,0.0,0.0,0.0,18,150.0,153.5,20,159.5,139.5,0.0,0.0,0.0,0.0,96
2023-05-10 21:48:34,OI311C9000,OI311C9000,159.5,0.0,0.0,0.0,18,150.0,153.5,14,159.5,139.5,0.0,0.0,0.0,0.0,96
2023-05-10 21:48:37,OI311C9000,OI311C9000,159.5,0.0,0.0,0.0,18,150.0,153.5,20,159.5,139.5,0.0,0.0,0.0,0.0,96
2023-05-10 21:48:39,OI311C9000,OI311C9000,159.5,0.0,0.0,0.0,18,150.0,153.5,26,159.5,139.5,0.0,0.0,0.0,0.0,96
2023-05-10 21:48:42,OI311C9000,OI311C9000,159.5,0.0,0.0,0.0,18,150.0,152.5,2,159.5,139.5,0.0,0.0,0.0,0.0,96
2023-05-10 21:48:42,OI311C9000,OI311C9000,159.5,0.0,0.0,0.0,12,149.5,152.5,2,159.5,139.5,0.0,0.0,0.0,0.0,96
2023-05-10 21:48:43,OI311C9000,OI311C9000,159.5,0.0,0.0,0.0,6,149.5,152.5,2,159.5,139.5,0.0,0.0,0.0,0.0,96
2023-05-10 21:48:43,OI311C9000,OI311C9000,159.5,0.0,0.0,0.0,26,149.0,152.5,8,159.5,139.5,0.0,0.0,0.0,0.0,96
2023-05-10 21:48:44,OI311C9000,OI311C9000,159.5,0.0,0.0,0.0,26,149.0,152.5,14,159.5,139.5,0.0,0.0,0.0,0.0,96
2023-05-10 21:48:44,OI311C9000,OI311C9000,159.5,0.0,0.0,0.0,20,149.0,152.5,14,159.5,139.5,0.0,0.0,0.0,0.0,96
2023-05-10 21:48:46,OI311C9000,OI311C9000,159.5,0.0,0.0,0.0,20,149.0,152.5,8,159.5,139.5,0.0,0.0,0.0,0.0,96
2023-05-10 21:48:47,OI311C9000,OI311C9000,159.5,0.0,0.0,0.0,20,149.0,152.5,14,159.5,139.5,0.0,0.0,0.0,0.0,96
2023-05-10 21:48:50,OI311C9000,OI311C9000,159.5,0.0,0.0,0.0,20,149.0,152.5,20,159.5,139.5,0.0,0.0,0.0,0.0,96
2023-05-10 21:48:52,OI311C9000,OI311C9000,159.5,0.0,0.0,0.0,18,149.0,152.5,20,159.5,139.5,0.0,0.0,0.0,0.0,96
2023-05-10 21:48:53,OI311C9000,OI311C9000,159.5,0.0,0.0,0.0,6,149.0,151.5,2,159.5,139.5,0.0,0.0,0.0,0.0,96
2023-05-10 21:48:53,OI311C9000,OI311C9000,159.5,0.0,0.0,0.0,18,148.5,151.5,2,159.5,139.5,0.0,0.0,0.0,0.0,96
2023-05-10 21:48:54,OI311C9000,OI311C9000,159.5,0.0,0.0,0.0,6,148.5,151.5,2,159.5,139.5,0.0,0.0,0.0,0.0,96
2023-05-10 21:48:55,OI311C9000,OI311C9000,159.5,0.0,0.0,0.0,24,148.0,151.5,2,159.5,139.5,0.0,0.0,0.0,0.0,96
2023-05-10 21:48:56,OI311C9000,OI311C9000,159.5,0.0,0.0,0.0,18,148.0,151.5,2,159.5,139.5,0.0,0.0,0.0,0.0,96
2023-05-10 21:49:18,OI311C9000,OI311C9000,159.5,0.0,0.0,0.0,2,148.5,151.5,2,159.5,139.5,0.0,0.0,0.0,0.0,96
2023-05-10 21:49:19,OI311C9000,OI311C9000,159.5,0.0,0.0,0.0,2,148.5,152.0,18,159.5,139.5,0.0,0.0,0.0,0.0,96
2023-05-10 21:49:20,OI311C9000,OI311C9000,159.5,0.0,0.0,0.0,2,148.5,152.0,6,159.5,139.5,0.0,0.0,0.0,0.0,96
2023-05-10 21:49:21,OI311C9000,OI311C9000,159.5,0.0,0.0,0.0,2,148.5,152.5,32,159.5,139.5,0.0,0.0,0.0,0.0,96
2023-05-10 21:49:22,OI311C9000,OI311C9000,159.5,0.0,0.0,0.0,2,148.5,152.5,26,159.5,139.5,0.0,0.0,0.0,0.0,96
2023-05-10 21:49:23,OI311C9000,OI311C9000,159.5,0.0,0.0,0.0,8,148.5,152.5,20,159.5,139.5,0.0,0.0,0.0,0.0,96
2023-05-10 21:49:38,OI311C9000,OI311C9000,159.5,0.0,0.0,0.0,2,149.5,152.5,20,159.5,139.5,0.0,0.0,0.0,0.0,96
2023-05-10 21:49:59,OI311C9000,OI311C9000,159.5,0.0,0.0,0.0,2,149.5,152.5,14,159.5,139.5,0.0,0.0,0.0,0.0,96
2023-05-10 21:51:17,OI311C9000,OI311C9000,159.5,0.0,0.0,0.0,2,149.5,152.5,20,159.5,139.5,0.0,0.0,0.0,0.0,96
2023-05-10 21:51:17,OI311C9000,OI311C9000,159.5,0.0,0.0,0.0,2,149.5,152.5,14,159.5,139.5,0.0,0.0,0.0,0.0,96
2023-05-10 21:51:25,OI311C9000,OI311C9000,159.5,0.0,0.0,0.0,2,149.5,152.5,12,159.5,139.5,0.0,0.0,0.0,0.0,96
2023-05-10 21:51:25,OI311C9000,OI311C9000,159.5,0.0,0.0,0.0,2,149.5,153.0,18,159.5,139.5,0.0,0.0,0.0,0.0,96
2023-05-10 21:51:26,OI311C9000,OI311C9000,159.5,0.0,0.0,0.0,2,149.5,153.0,6,159.5,139.5,0.0,0.0,0.0,0.0,96
2023-05-10 21:51:26,OI311C9000,OI311C9000,159.5,0.0,0.0,0.0,2,149.5,153.5,30,159.5,139.5,0.0,0.0,0.0,0.0,96
2023-05-10 21:51:27,OI311C9000,OI311C9000,159.5,0.0,0.0,0.0,2,149.5,153.5,24,159.5,139.5,0.0,0.0,0.0,0.0,96
2023-05-10 21:51:35,OI311C9000,OI311C9000,159.5,0.0,0.0,0.0,2,149.5,153.5,18,159.5,139.5,0.0,0.0,0.0,0.0,96
2023-05-10 21:51:38,OI311C9000,OI311C9000,159.5,0.0,0.0,0.0,2,150.5,153.5,18,159.5,139.5,0.0,0.0,0.0,0.0,96
2023-05-10 21:51:39,OI311C9000,OI311C9000,159.5,0.0,0.0,0.0,2,150.5,154.0,38,159.5,139.5,0.0,0.0,0.0,0.0,96
2023-05-10 21:51:39,OI311C9000,OI311C9000,159.5,0.0,0.0,0.0,2,150.5,154.0,44,159.5,139.5,0.0,0.0,0.0,0.0,96
2023-05-10 21:51:40,OI311C9000,OI311C9000,159.5,0.0,0.0,0.0,2,150.5,154.0,38,159.5,139.5,0.0,0.0,0.0,0.0,96
2023-05-10 21:51:44,OI311C9000,OI311C9000,159.5,0.0,0.0,0.0,14,150.5,154.0,20,159.5,139.5,0.0,0.0,0.0,0.0,96
2023-05-10 21:51:45,OI311C9000,OI311C9000,159.5,0.0,0.0,0.0,14,150.5,154.0,18,159.5,139.5,0.0,0.0,0.0,0.0,96
2023-05-10 21:51:46,OI311C9000,OI311C9000,159.5,0.0,0.0,0.0,14,150.5,154.0,12,159.5,139.5,0.0,0.0,0.0,0.0,96
2023-05-10 21:51:46,OI311C9000,OI311C9000,159.5,0.0,0.0,0.0,26,150.5,154.5,24,159.5,139.5,0.0,0.0,0.0,0.0,96
2023-05-10 21:51:47,OI311C9000,OI311C9000,159.5,0.0,0.0,0.0,26,150.5,154.5,12,159.5,139.5,0.0,0.0,0.0,0.0,96
2023-05-10 21:51:47,OI311C9000,OI311C9000,159.5,0.0,0.0,0.0,26,150.5,155.0,48,159.5,139.5,0.0,0.0,0.0,0.0,96
2023-05-10 21:51:48,OI311C9000,OI311C9000,159.5,0.0,0.0,0.0,20,150.5,155.0,48,159.5,139.5,0.0,0.0,0.0,0.0,96
2023-05-10 21:51:50,OI311C9000,OI311C9000,159.5,0.0,0.0,0.0,20,150.5,155.0,42,159.5,139.5,0.0,0.0,0.0,0.0,96
2023-05-10 21:51:51,OI311C9000,OI311C9000,159.5,0.0,0.0,0.0,20,150.5,155.0,36,159.5,139.5,0.0,0.0,0.0,0.0,96
2023-05-10 21:51:53,OI311C9000,OI311C9000,159.5,0.0,0.0,0.0,2,151.5,155.0,36,159.5,139.5,0.0,0.0,0.0,0.0,96
2023-05-10 21:51:53,OI311C9000,OI311C9000,159.5,0.0,0.0,0.0,2,151.5,155.0,30,159.5,139.5,0.0,0.0,0.0,0.0,96
2023-05-10 21:51:54,OI311C9000,OI311C9000,159.5,0.0,0.0,0.0,2,151.5,155.0,24,159.5,139.5,0.0,0.0,0.0,0.0,96
2023-05-10 21:52:11,OI311C9000,OI311C9000,159.5,0.0,0.0,0.0,2,151.5,155.0,18,159.5,139.5,0.0,0.0,0.0,0.0,96
2023-05-10 21:52:20,OI311C9000,OI311C9000,159.5,0.0,0.0,0.0,2,151.5,155.0,12,159.5,139.5,0.0,0.0,0.0,0.0,96
2023-05-10 21:52:20,OI311C9000,OI311C9000,159.5,0.0,0.0,0.0,2,151.5,155.5,32,159.5,139.5,0.0,0.0,0.0,0.0,96
2023-05-10 21:52:21,OI311C9000,OI311C9000,159.5,0.0,0.0,0.0,2,151.5,155.5,26,159.5,139.5,0.0,0.0,0.0,0.0,96
2023-05-10 21:53:02,OI311C9000,OI311C9000,159.5,0.0,0.0,0.0,2,151.5,155.5,32,159.5,139.5,0.0,0.0,0.0,0.0,96
2023-05-10 21:53:03,OI311C9000,OI311C9000,159.5,0.0,0.0,0.0,2,151.5,154.5,2,159.5,139.5,0.0,0.0,0.0,0.0,96
2023-05-10 21:53:33,OI311C9000,OI311C9000,159.5,0.0,0.0,0.0,2,151.5,155.0,18,159.5,139.5,0.0,0.0,0.0,0.0,96
2023-05-10 21:53:35,OI311C9000,OI311C9000,159.5,0.0,0.0,0.0,2,151.5,155.0,6,159.5,139.5,0.0,0.0,0.0,0.0,96
2023-05-10 21:53:35,OI311C9000,OI311C9000,159.5,0.0,0.0,0.0,2,151.5,155.5,32,159.5,139.5,0.0,0.0,0.0,0.0,96
2023-05-10 21:53:36,OI311C9000,OI311C9000,159.5,0.0,0.0,0.0,2,151.5,155.5,26,159.5,139.5,0.0,0.0,0.0,0.0,96
2023-05-10 21:53:37,OI311C9000,OI311C9000,159.5,0.0,0.0,0.0,8,151.5,155.5,20,159.5,139.5,0.0,0.0,0.0,0.0,96
2023-05-10 21:53:52,OI311C9000,OI311C9000,159.5,0.0,0.0,0.0,20,151.5,155.0,12,159.5,139.5,0.0,0.0,0.0,0.0,96
2023-05-10 21:53:55,OI311C9000,OI311C9000,159.5,0.0,0.0,0.0,14,151.5,155.0,12,159.5,139.5,0.0,0.0,0.0,0.0,96
2023-05-10 21:54:07,OI311C9000,OI311C9000,159.5,0.0,0.0,0.0,14,151.5,155.5,38,159.5,139.5,0.0,0.0,0.0,0.0,96
2023-05-10 21:54:07,OI311C9000,OI311C9000,159.5,0.0,0.0,0.0,2,151.5,155.5,38,159.5,139.5,0.0,0.0,0.0,0.0,96
2023-05-10 21:54:08,OI311C9000,OI311C9000,159.5,0.0,0.0,0.0,2,151.5,155.5,32,159.5,139.5,0.0,0.0,0.0,0.0,96
2023-05-10 21:54:11,OI311C9000,OI311C9000,159.5,0.0,0.0,0.0,8,151.5,155.5,32,159.5,139.5,0.0,0.0,0.0,0.0,96
2023-05-10 21:54:12,OI311C9000,OI311C9000,159.5,0.0,0.0,0.0,2,151.5,155.5,32,159.5,139.5,0.0,0.0,0.0,0.0,96
2023-05-10 21:54:31,OI311C9000,OI311C9000,159.5,0.0,0.0,0.0,8,151.5,155.5,32,159.5,139.5,0.0,0.0,0.0,0.0,96
2023-05-10 21:54:33,OI311C9000,OI311C9000,159.5,0.0,0.0,0.0,2,151.5,155.0,6,159.5,139.5,0.0,0.0,0.0,0.0,96
2023-05-10 21:54:55,OI311C9000,OI311C9000,159.5,0.0,0.0,0.0,2,151.5,155.5,38,159.5,139.5,0.0,0.0,0.0,0.0,96
2023-05-10 21:54:56,OI311C9000,OI311C9000,159.5,0.0,0.0,0.0,2,151.5,155.5,32,159.5,139.5,0.0,0.0,0.0,0.0,96
2023-05-10 21:55:22,OI311C9000,OI311C9000,159.5,0.0,0.0,0.0,2,151.5,155.5,20,159.5,139.5,0.0,0.0,0.0,0.0,96
2023-05-10 21:55:22,OI311C9000,OI311C9000,159.5,0.0,0.0,0.0,2,152.5,155.5,14,159.5,139.5,0.0,0.0,0.0,0.0,96
2023-05-10 21:55:22,OI311C9000,OI311C9000,159.5,0.0,0.0,0.0,2,152.5,155.5,20,159.5,139.5,0.0,0.0,0.0,0.0,96
2023-05-10 21:55:33,OI311C9000,OI311C9000,159.5,0.0,0.0,0.0,2,152.5,155.5,18,159.5,139.5,0.0,0.0,0.0,0.0,96
2023-05-10 21:55:34,OI311C9000,OI311C9000,159.5,0.0,0.0,0.0,2,152.5,155.5,6,159.5,139.5,0.0,0.0,0.0,0.0,96
2023-05-10 21:55:34,OI311C9000,OI311C9000,159.5,0.0,0.0,0.0,2,152.5,156.0,18,159.5,139.5,0.0,0.0,0.0,0.0,96
2023-05-10 21:55:35,OI311C9000,OI311C9000,159.5,0.0,0.0,0.0,2,152.5,156.0,6,159.5,139.5,0.0,0.0,0.0,0.0,96
2023-05-10 21:55:35,OI311C9000,OI311C9000,159.5,0.0,0.0,0.0,2,152.5,156.5,30,159.5,139.5,0.0,0.0,0.0,0.0,96
2023-05-10 21:55:36,OI311C9000,OI311C9000,159.5,0.0,0.0,0.0,2,152.5,156.5,24,159.5,139.5,0.0,0.0,0.0,0.0,96
2023-05-10 21:55:47,OI311C9000,OI311C9000,159.5,0.0,0.0,0.0,2,152.5,156.5,18,159.5,139.5,0.0,0.0,0.0,0.0,96
2023-05-10 21:56:00,OI311C9000,OI311C9000,159.5,0.0,0.0,0.0,2,152.5,156.5,12,159.5,139.5,0.0,0.0,0.0,0.0,96
2023-05-10 21:56:00,OI311C9000,OI311C9000,159.5,0.0,0.0,0.0,2,152.5,157.0,30,159.5,139.5,0.0,0.0,0.0,0.0,96
2023-05-10 21:56:02,OI311C9000,OI311C9000,159.5,0.0,0.0,0.0,2,152.5,157.0,24,159.5,139.5,0.0,0.0,0.0,0.0,96
2023-05-10 21:56:05,OI311C9000,OI311C9000,159.5,0.0,0.0,0.0,2,153.5,157.0,18,159.5,139.5,0.0,0.0,0.0,0.0,96
2023-05-10 21:56:05,OI311C9000,OI311C9000,159.5,0.0,0.0,0.0,2,153.5,157.0,24,159.5,139.5,0.0,0.0,0.0,0.0,96
2023-05-10 21:56:30,OI311C9000,OI311C9000,159.5,0.0,0.0,0.0,2,153.5,157.0,18,159.5,139.5,0.0,0.0,0.0,0.0,96
2023-05-10 21:56:32,OI311C9000,OI311C9000,159.5,0.0,0.0,0.0,2,153.5,157.0,6,159.5,139.5,0.0,0.0,0.0,0.0,96
2023-05-10 21:56:32,OI311C9000,OI311C9000,159.5,0.0,0.0,0.0,2,153.5,157.5,20,159.5,139.5,0.0,0.0,0.0,0.0,96
2023-05-10 21:56:34,OI311C9000,OI311C9000,159.5,0.0,0.0,0.0,8,153.5,157.5,20,159.5,139.5,0.0,0.0,0.0,0.0,96
2023-05-10 21:56:34,OI311C9000,OI311C9000,159.5,0.0,0.0,0.0,8,153.5,157.5,14,159.5,139.5,0.0,0.0,0.0,0.0,96
2023-05-10 21:56:37,OI311C9000,OI311C9000,159.5,0.0,0.0,0.0,2,153.5,157.5,14,159.5,139.5,0.0,0.0,0.0,0.0,96
2023-05-10 21:57:16,OI311C9000,OI311C9000,159.5,0.0,0.0,0.0,2,154.5,157.5,14,159.5,139.5,0.0,0.0,0.0,0.0,96
2023-05-10 21:57:16,OI311C9000,OI311C9000,159.5,0.0,0.0,0.0,2,154.5,157.5,8,159.5,139.5,0.0,0.0,0.0,0.0,96
2023-05-10 21:57:26,OI311C9000,OI311C9000,159.5,0.0,0.0,0.0,2,154.5,158.0,18,159.5,139.5,0.0,0.0,0.0,0.0,96
2023-05-10 21:57:27,OI311C9000,OI311C9000,159.5,0.0,0.0,0.0,2,154.5,158.0,6,159.5,139.5,0.0,0.0,0.0,0.0,96
2023-05-10 21:57:27,OI311C9000,OI311C9000,159.5,0.0,0.0,0.0,8,154.5,158.5,42,159.5,139.5,0.0,0.0,0.0,0.0,96
2023-05-10 21:57:27,OI311C9000,OI311C9000,159.5,0.0,0.0,0.0,2,154.5,158.0,6,159.5,139.5,0.0,0.0,0.0,0.0,96
2023-05-10 21:57:28,OI311C9000,OI311C9000,159.5,0.0,0.0,0.0,8,154.5,158.5,36,159.5,139.5,0.0,0.0,0.0,0.0,96
2023-05-10 21:57:45,OI311C9000,OI311C9000,159.5,0.0,0.0,0.0,2,154.5,158.5,36,159.5,139.5,0.0,0.0,0.0,0.0,96
2023-05-10 21:58:02,OI311C9000,OI311C9000,159.5,0.0,0.0,0.0,8,154.5,158.5,36,159.5,139.5,0.0,0.0,0.0,0.0,96
2023-05-10 21:58:07,OI311C9000,OI311C9000,159.5,0.0,0.0,0.0,2,154.5,158.5,36,159.5,139.5,0.0,0.0,0.0,0.0,96
2023-05-10 21:58:20,OI311C9000,OI311C9000,159.5,0.0,0.0,0.0,2,154.5,158.0,2,159.5,139.5,0.0,0.0,0.0,0.0,96
2023-05-10 21:58:23,OI311C9000,OI311C9000,159.5,0.0,0.0,0.0,2,154.5,158.0,8,159.5,139.5,0.0,0.0,0.0,0.0,96
2023-05-10 21:58:23,OI311C9000,OI311C9000,159.5,0.0,0.0,0.0,2,154.5,158.0,14,159.5,139.5,0.0,0.0,0.0,0.0,96
2023-05-10 21:58:24,OI311C9000,OI311C9000,159.5,0.0,0.0,0.0,24,154.0,158.0,14,159.5,139.5,0.0,0.0,0.0,0.0,96
2023-05-10 21:58:24,OI311C9000,OI311C9000,159.5,0.0,0.0,0.0,18,154.0,158.0,14,159.5,139.5,0.0,0.0,0.0,0.0,96
2023-05-10 21:58:29,OI311C9000,OI311C9000,159.5,0.0,0.0,0.0,18,154.0,158.0,2,159.5,139.5,0.0,0.0,0.0,0.0,96
2023-05-10 21:59:03,OI311C9000,OI311C9000,159.5,0.0,0.0,0.0,18,154.0,158.0,8,159.5,139.5,0.0,0.0,0.0,0.0,96
2023-05-10 21:59:05,OI311C9000,OI311C9000,159.5,0.0,0.0,0.0,18,154.0,158.0,2,159.5,139.5,0.0,0.0,0.0,0.0,96
2023-05-10 21:59:31,OI311C9000,OI311C9000,159.5,0.0,0.0,0.0,12,154.0,158.0,2,159.5,139.5,0.0,0.0,0.0,0.0,96
2023-05-10 21:59:31,OI311C9000,OI311C9000,159.5,0.0,0.0,0.0,14,153.5,158.0,2,159.5,139.5,0.0,0.0,0.0,0.0,96
2023-05-10 21:59:31,OI311C9000,OI311C9000,159.5,0.0,0.0,0.0,20,153.5,158.0,2,159.5,139.5,0.0,0.0,0.0,0.0,96
2023-05-10 21:59:32,OI311C9000,OI311C9000,159.5,0.0,0.0,0.0,14,153.5,158.0,2,159.5,139.5,0.0,0.0,0.0,0.0,96
2023-05-10 22:00:04,OI311C9000,OI311C9000,159.5,0.0,0.0,0.0,20,153.5,158.0,2,159.5,139.5,0.0,0.0,0.0,0.0,96
2023-05-10 22:00:04,OI311C9000,OI311C9000,159.5,0.0,0.0,0.0,26,153.5,158.0,2,159.5,139.5,0.0,0.0,0.0,0.0,96
2023-05-10 22:00:05,OI311C9000,OI311C9000,159.5,0.0,0.0,0.0,2,154.5,158.0,2,159.5,139.5,0.0,0.0,0.0,0.0,96
2023-05-10 22:00:26,OI311C9000,OI311C9000,159.5,0.0,0.0,0.0,8,154.5,158.5,30,159.5,139.5,0.0,0.0,0.0,0.0,96
2023-05-10 22:00:26,OI311C9000,OI311C9000,159.5,0.0,0.0,0.0,14,154.5,158.5,24,159.5,139.5,0.0,0.0,0.0,0.0,96
2023-05-10 22:00:26,OI311C9000,OI311C9000,159.5,0.0,0.0,0.0,14,154.5,158.5,18,159.5,139.5,0.0,0.0,0.0,0.0,96
2023-05-10 22:00:28,OI311C9000,OI311C9000,159.5,0.0,0.0,0.0,6,155.0,159.0,6,159.5,139.5,0.0,0.0,0.0,0.0,96
2023-05-10 22:00:29,OI311C9000,OI311C9000,159.5,0.0,0.0,0.0,24,155.0,159.0,6,159.5,139.5,0.0,0.0,0.0,0.0,96
2023-05-10 22:00:29,OI311C9000,OI311C9000,159.5,0.0,0.0,0.0,30,155.0,159.5,6,159.5,139.5,0.0,0.0,0.0,0.0,96
2023-05-10 22:00:30,OI311C9000,OI311C9000,159.5,0.0,0.0,0.0,2,156.5,159.5,12,159.5,139.5,0.0,0.0,0.0,0.0,96
2023-05-10 22:00:30,OI311C9000,OI311C9000,159.5,0.0,0.0,0.0,2,156.5,159.5,6,159.5,139.5,0.0,0.0,0.0,0.0,96
2023-05-10 22:00:31,OI311C9000,OI311C9000,159.5,0.0,0.0,0.0,2,156.5,159.5,12,159.5,139.5,0.0,0.0,0.0,0.0,96
2023-05-10 22:00:31,OI311C9000,OI311C9000,159.5,0.0,0.0,0.0,2,156.5,159.5,18,159.5,139.5,0.0,0.0,0.0,0.0,96
2023-05-10 22:00:32,OI311C9000,OI311C9000,159.5,0.0,0.0,0.0,2,156.5,159.5,6,159.5,139.5,0.0,0.0,0.0,0.0,96
2023-05-10 22:00:32,OI311C9000,OI311C9000,159.5,0.0,0.0,0.0,2,156.5,160.0,24,159.5,139.5,0.0,0.0,0.0,0.0,96
2023-05-10 22:00:33,OI311C9000,OI311C9000,159.5,0.0,0.0,0.0,2,156.5,160.0,18,159.5,139.5,0.0,0.0,0.0,0.0,96
2023-05-10 22:00:54,OI311C9000,OI311C9000,159.5,0.0,0.0,0.0,2,156.5,160.0,6,159.5,139.5,0.0,0.0,0.0,0.0,96
2023-05-10 22:00:54,OI311C9000,OI311C9000,159.5,0.0,0.0,0.0,2,156.5,160.5,24,159.5,139.5,0.0,0.0,0.0,0.0,96
2023-05-10 22:00:55,OI311C9000,OI311C9000,159.5,0.0,0.0,0.0,2,156.5,160.5,18,159.5,139.5,0.0,0.0,0.0,0.0,96
2023-05-10 22:00:56,OI311C9000,OI311C9000,159.5,0.0,0.0,0.0,8,156.5,160.5,18,159.5,139.5,0.0,0.0,0.0,0.0,96
2023-05-10 22:00:59,OI311C9000,OI311C9000,159.5,0.0,0.0,0.0,2,156.5,160.5,18,159.5,139.5,0.0,0.0,0.0,0.0,96
2023-05-10 22:01:04,OI311C9000,OI311C9000,159.5,0.0,0.0,0.0,2,156.5,160.0,8,159.5,139.5,0.0,0.0,0.0,0.0,96
2023-05-10 22:01:04,OI311C9000,OI311C9000,159.5,0.0,0.0,0.0,2,156.5,160.0,20,159.5,139.5,0.0,0.0,0.0,0.0,96
2023-05-10 22:01:22,OI311C9000,OI311C9000,159.5,0.0,0.0,0.0,2,156.5,160.0,14,159.5,139.5,0.0,0.0,0.0,0.0,96
2023-05-10 22:01:31,OI311C9000,OI311C9000,159.5,0.0,0.0,0.0,2,156.5,160.0,12,159.5,139.5,0.0,0.0,0.0,0.0,96
2023-05-10 22:01:31,OI311C9000,OI311C9000,159.5,0.0,0.0,0.0,2,156.5,160.5,18,159.5,139.5,0.0,0.0,0.0,0.0,96
2023-05-10 22:01:31,OI311C9000,OI311C9000,159.5,0.0,0.0,0.0,2,156.5,160.5,24,159.5,139.5,0.0,0.0,0.0,0.0,96
2023-05-10 22:01:32,OI311C9000,OI311C9000,159.5,0.0,0.0,0.0,2,156.5,160.5,18,159.5,139.5,0.0,0.0,0.0,0.0,96
2023-05-10 22:01:33,OI311C9000,OI311C9000,159.5,0.0,0.0,0.0,2,157.5,160.5,12,159.5,139.5,0.0,0.0,0.0,0.0,96
2023-05-10 22:01:34,OI311C9000,OI311C9000,159.5,0.0,0.0,0.0,2,157.5,161.0,26,159.5,139.5,0.0,0.0,0.0,0.0,96
2023-05-10 22:01:34,OI311C9000,OI311C9000,159.5,0.0,0.0,0.0,2,157.5,161.0,20,159.5,139.5,0.0,0.0,0.0,0.0,96
2023-05-10 22:01:35,OI311C9000,OI311C9000,159.5,0.0,0.0,0.0,2,157.5,161.0,18,159.5,139.5,0.0,0.0,0.0,0.0,96
2023-05-10 22:01:36,OI311C9000,OI311C9000,159.5,0.0,0.0,0.0,8,157.5,161.0,12,159.5,139.5,0.0,0.0,0.0,0.0,96
2023-05-10 22:01:36,OI311C9000,OI311C9000,159.5,0.0,0.0,0.0,26,157.5,161.5,12,159.5,139.5,0.0,0.0,0.0,0.0,96
2023-05-10 22:01:37,OI311C9000,OI311C9000,159.5,0.0,0.0,0.0,26,157.5,162.0,6,159.5,139.5,0.0,0.0,0.0,0.0,96
2023-05-10 22:01:39,OI311C9000,OI311C9000,159.5,0.0,0.0,0.0,32,157.5,162.0,12,159.5,139.5,0.0,0.0,0.0,0.0,96
2023-05-10 22:01:40,OI311C9000,OI311C9000,159.5,0.0,0.0,0.0,2,158.5,162.0,18,159.5,139.5,0.0,0.0,0.0,0.0,96
2023-05-10 22:01:48,OI311C9000,OI311C9000,159.5,0.0,0.0,0.0,2,158.5,162.0,20,159.5,139.5,0.0,0.0,0.0,0.0,96
2023-05-10 22:01:49,OI311C9000,OI311C9000,159.5,0.0,0.0,0.0,2,158.5,161.5,18,159.5,139.5,0.0,0.0,0.0,0.0,96
2023-05-10 22:01:50,OI311C9000,OI311C9000,159.5,0.0,0.0,0.0,12,158.0,161.5,18,159.5,139.5,0.0,0.0,0.0,0.0,96
2023-05-10 22:01:50,OI311C9000,OI311C9000,159.5,0.0,0.0,0.0,14,157.5,161.5,18,159.5,139.5,0.0,0.0,0.0,0.0,96
2023-05-10 22:01:51,OI311C9000,OI311C9000,159.5,0.0,0.0,0.0,8,157.5,161.5,36,159.5,139.5,0.0,0.0,0.0,0.0,96
2023-05-10 22:01:51,OI311C9000,OI311C9000,159.5,0.0,0.0,0.0,2,157.5,161.5,24,159.5,139.5,0.0,0.0,0.0,0.0,96
2023-05-10 22:01:53,OI311C9000,OI311C9000,159.5,0.0,0.0,0.0,2,157.5,161.5,30,159.5,139.5,0.0,0.0,0.0,0.0,96
2023-05-10 22:01:53,OI311C9000,OI311C9000,159.5,0.0,0.0,0.0,2,157.5,161.0,2,159.5,139.5,0.0,0.0,0.0,0.0,96
2023-05-10 22:02:04,OI311C9000,OI311C9000,159.5,0.0,0.0,0.0,18,157.0,161.0,2,159.5,139.5,0.0,0.0,0.0,0.0,96
2023-05-10 22:02:04,OI311C9000,OI311C9000,159.5,0.0,0.0,0.0,18,157.0,161.0,8,159.5,139.5,0.0,0.0,0.0,0.0,96
2023-05-10 22:02:06,OI311C9000,OI311C9000,159.5,0.0,0.0,0.0,18,157.0,160.0,2,159.5,139.5,0.0,0.0,0.0,0.0,96
2023-05-10 22:02:06,OI311C9000,OI311C9000,159.5,0.0,0.0,0.0,12,156.5,160.0,2,159.5,139.5,0.0,0.0,0.0,0.0,96
2023-05-10 22:02:06,OI311C9000,OI311C9000,159.5,0.0,0.0,0.0,18,156.5,160.0,2,159.5,139.5,0.0,0.0,0.0,0.0,96
2023-05-10 22:02:08,OI311C9000,OI311C9000,159.5,0.0,0.0,0.0,18,156.5,160.0,8,159.5,139.5,0.0,0.0,0.0,0.0,96
2023-05-10 22:02:11,OI311C9000,OI311C9000,159.5,0.0,0.0,0.0,18,156.5,160.0,2,159.5,139.5,0.0,0.0,0.0,0.0,96
2023-05-10 22:03:00,OI311C9000,OI311C9000,159.5,0.0,0.0,0.0,18,156.5,159.0,6,159.5,139.5,0.0,0.0,0.0,0.0,96
2023-05-10 22:03:01,OI311C9000,OI311C9000,159.5,0.0,0.0,0.0,14,156.0,159.0,6,159.5,139.5,0.0,0.0,0.0,0.0,96
2023-05-10 22:03:02,OI311C9000,OI311C9000,159.5,0.0,0.0,0.0,2,156.0,159.0,6,159.5,139.5,0.0,0.0,0.0,0.0,96
2023-05-10 22:03:03,OI311C9000,OI311C9000,159.5,0.0,0.0,0.0,2,156.0,159.0,18,159.5,139.5,0.0,0.0,0.0,0.0,96
2023-05-10 22:03:04,OI311C9000,OI311C9000,159.5,0.0,0.0,0.0,24,155.5,159.0,30,159.5,139.5,0.0,0.0,0.0,0.0,96
2023-05-10 22:03:04,OI311C9000,OI311C9000,159.5,0.0,0.0,0.0,12,155.5,159.0,32,159.5,139.5,0.0,0.0,0.0,0.0,96
2023-05-10 22:03:05,OI311C9000,OI311C9000,159.5,0.0,0.0,0.0,18,155.0,159.0,32,159.5,139.5,0.0,0.0,0.0,0.0,96
2023-05-10 22:03:05,OI311C9000,OI311C9000,159.5,0.0,0.0,0.0,12,155.0,159.0,32,159.5,139.5,0.0,0.0,0.0,0.0,96
2023-05-10 22:03:06,OI311C9000,OI311C9000,159.5,0.0,0.0,0.0,26,154.5,159.0,32,159.5,139.5,0.0,0.0,0.0,0.0,96
2023-05-10 22:03:06,OI311C9000,OI311C9000,159.5,0.0,0.0,0.0,14,154.5,159.0,38,159.5,139.5,0.0,0.0,0.0,0.0,96
2023-05-10 22:03:07,OI311C9000,OI311C9000,159.5,0.0,0.0,0.0,2,154.5,159.0,44,159.5,139.5,0.0,0.0,0.0,0.0,96
2023-05-10 22:03:07,OI311C9000,OI311C9000,159.5,0.0,0.0,0.0,2,154.5,159.0,50,159.5,139.5,0.0,0.0,0.0,0.0,96
2023-05-10 22:03:18,OI311C9000,OI311C9000,159.5,0.0,0.0,0.0,2,154.5,158.0,2,159.5,139.5,0.0,0.0,0.0,0.0,96
2023-05-10 22:03:20,OI311C9000,OI311C9000,159.5,0.0,0.0,0.0,20,154.5,158.0,2,159.5,139.5,0.0,0.0,0.0,0.0,96
2023-05-10 22:03:22,OI311C9000,OI311C9000,159.5,0.0,0.0,0.0,14,154.5,158.0,2,159.5,139.5,0.0,0.0,0.0,0.0,96
2023-05-10 22:04:03,OI311C9000,OI311C9000,159.5,0.0,0.0,0.0,6,154.5,158.0,2,159.5,139.5,0.0,0.0,0.0,0.0,96
2023-05-10 22:04:04,OI311C9000,OI311C9000,159.5,0.0,0.0,0.0,30,154.0,158.0,2,159.5,139.5,0.0,0.0,0.0,0.0,96
2023-05-10 22:04:05,OI311C9000,OI311C9000,159.5,0.0,0.0,0.0,24,154.0,158.0,2,159.5,139.5,0.0,0.0,0.0,0.0,96
2023-05-10 22:05:26,OI311C9000,OI311C9000,159.5,0.0,0.0,0.0,26,154.0,158.0,2,159.5,139.5,0.0,0.0,0.0,0.0,96
2023-05-10 22:05:39,OI311C9000,OI311C9000,159.5,0.0,0.0,0.0,26,154.0,158.0,8,159.5,139.5,0.0,0.0,0.0,0.0,96
2023-05-10 22:05:47,OI311C9000,OI311C9000,159.5,0.0,0.0,0.0,26,154.0,158.0,2,159.5,139.5,0.0,0.0,0.0,0.0,96
2023-05-10 22:06:12,OI311C9000,OI311C9000,159.5,0.0,0.0,0.0,32,154.0,158.0,2,159.5,139.5,0.0,0.0,0.0,0.0,96
2023-05-10 22:06:13,OI311C9000,OI311C9000,159.5,0.0,0.0,0.0,8,155.0,158.5,18,159.5,139.5,0.0,0.0,0.0,0.0,96
2023-05-10 22:06:13,OI311C9000,OI311C9000,159.5,0.0,0.0,0.0,20,155.0,158.5,12,159.5,139.5,0.0,0.0,0.0,0.0,96
2023-05-10 22:06:14,OI311C9000,OI311C9000,159.5,0.0,0.0,0.0,20,155.0,159.0,44,159.5,139.5,0.0,0.0,0.0,0.0,96
2023-05-10 22:06:14,OI311C9000,OI311C9000,159.5,0.0,0.0,0.0,14,155.0,159.0,44,159.5,139.5,0.0,0.0,0.0,0.0,96
2023-05-10 22:06:15,OI311C9000,OI311C9000,159.5,0.0,0.0,0.0,14,155.0,159.0,38,159.5,139.5,0.0,0.0,0.0,0.0,96
2023-05-10 22:06:16,OI311C9000,OI311C9000,159.5,0.0,0.0,0.0,20,155.0,159.0,26,159.5,139.5,0.0,0.0,0.0,0.0,96
2023-05-10 22:06:25,OI311C9000,OI311C9000,159.5,0.0,0.0,0.0,20,155.0,159.0,20,159.5,139.5,0.0,0.0,0.0,0.0,96
2023-05-10 22:06:28,OI311C9000,OI311C9000,159.5,0.0,0.0,0.0,2,156.0,159.0,20,159.5,139.5,0.0,0.0,0.0,0.0,96
2023-05-10 22:06:30,OI311C9000,OI311C9000,159.5,0.0,0.0,0.0,2,156.0,159.0,14,159.5,139.5,0.0,0.0,0.0,0.0,96
2023-05-10 22:06:38,OI311C9000,OI311C9000,159.5,0.0,0.0,0.0,2,156.0,159.0,6,159.5,139.5,0.0,0.0,0.0,0.0,96
2023-05-10 22:06:38,OI311C9000,OI311C9000,159.5,0.0,0.0,0.0,2,156.0,159.5,18,159.5,139.5,0.0,0.0,0.0,0.0,96
2023-05-10 22:06:39,OI311C9000,OI311C9000,159.5,0.0,0.0,0.0,2,156.0,159.5,6,159.5,139.5,0.0,0.0,0.0,0.0,96
2023-05-10 22:06:40,OI311C9000,OI311C9000,159.5,0.0,0.0,0.0,2,156.0,160.0,30,159.5,139.5,0.0,0.0,0.0,0.0,96
2023-05-10 22:06:41,OI311C9000,OI311C9000,159.5,0.0,0.0,0.0,2,156.0,160.0,24,159.5,139.5,0.0,0.0,0.0,0.0,96
2023-05-10 22:06:45,OI311C9000,OI311C9000,159.5,0.0,0.0,0.0,2,156.0,159.5,2,159.5,139.5,0.0,0.0,0.0,0.0,96
2023-05-10 22:08:00,OI311C9000,OI311C9000,159.5,0.0,0.0,0.0,2,156.0,160.0,24,159.5,139.5,0.0,0.0,0.0,0.0,96
2023-05-10 22:08:01,OI311C9000,OI311C9000,159.5,0.0,0.0,0.0,8,156.0,160.0,24,159.5,139.5,0.0,0.0,0.0,0.0,96
2023-05-10 22:08:01,OI311C9000,OI311C9000,159.5,0.0,0.0,0.0,8,156.0,160.0,18,159.5,139.5,0.0,0.0,0.0,0.0,96
2023-05-10 22:08:03,OI311C9000,OI311C9000,159.5,0.0,0.0,0.0,2,157.0,160.0,18,159.5,139.5,0.0,0.0,0.0,0.0,96
2023-05-10 22:08:04,OI311C9000,OI311C9000,159.5,0.0,0.0,0.0,8,157.0,160.0,18,159.5,139.5,0.0,0.0,0.0,0.0,96
2023-05-10 22:08:04,OI311C9000,OI311C9000,159.5,0.0,0.0,0.0,8,157.0,160.0,6,159.5,139.5,0.0,0.0,0.0,0.0,96
2023-05-10 22:08:05,OI311C9000,OI311C9000,159.5,0.0,0.0,0.0,14,157.0,160.5,20,159.5,139.5,0.0,0.0,0.0,0.0,96
2023-05-10 22:08:05,OI311C9000,OI311C9000,159.5,0.0,0.0,0.0,20,157.0,160.5,20,159.5,139.5,0.0,0.0,0.0,0.0,96
2023-05-10 22:08:06,OI311C9000,OI311C9000,159.5,0.0,0.0,0.0,20,157.0,160.5,14,159.5,139.5,0.0,0.0,0.0,0.0,96
2023-05-10 22:08:09,OI311C9000,OI311C9000,159.5,0.0,0.0,0.0,14,157.0,160.5,14,159.5,139.5,0.0,0.0,0.0,0.0,96
2023-05-10 22:08:14,OI311C9000,OI311C9000,159.5,0.0,0.0,0.0,2,157.0,160.5,14,159.5,139.5,0.0,0.0,0.0,0.0,96
2023-05-10 22:08:21,OI311C9000,OI311C9000,159.5,0.0,0.0,0.0,8,157.0,160.5,14,159.5,139.5,0.0,0.0,0.0,0.0,96
2023-05-10 22:08:48,OI311C9000,OI311C9000,159.5,0.0,0.0,0.0,2,157.0,160.5,14,159.5,139.5,0.0,0.0,0.0,0.0,96
2023-05-10 22:09:49,OI311C9000,OI311C9000,159.5,0.0,0.0,0.0,24,156.5,160.5,14,159.5,139.5,0.0,0.0,0.0,0.0,96
2023-05-10 22:09:50,OI311C9000,OI311C9000,159.5,0.0,0.0,0.0,18,156.5,160.5,2,159.5,139.5,0.0,0.0,0.0,0.0,96
2023-05-10 22:09:51,OI311C9000,OI311C9000,159.5,0.0,0.0,0.0,6,156.5,159.5,2,159.5,139.5,0.0,0.0,0.0,0.0,96
2023-05-10 22:09:51,OI311C9000,OI311C9000,159.5,0.0,0.0,0.0,26,156.0,159.5,2,159.5,139.5,0.0,0.0,0.0,0.0,96
2023-05-10 22:09:52,OI311C9000,OI311C9000,159.5,0.0,0.0,0.0,20,156.0,159.5,2,159.5,139.5,0.0,0.0,0.0,0.0,96
2023-05-10 22:09:52,OI311C9000,OI311C9000,159.5,0.0,0.0,0.0,14,156.0,159.5,2,159.5,139.5,0.0,0.0,0.0,0.0,96
2023-05-10 22:10:01,OI311C9000,OI311C9000,159.5,0.0,0.0,0.0,6,156.0,159.5,2,159.5,139.5,0.0,0.0,0.0,0.0,96
2023-05-10 22:10:01,OI311C9000,OI311C9000,159.5,0.0,0.0,0.0,24,155.5,159.5,8,159.5,139.5,0.0,0.0,0.0,0.0,96
2023-05-10 22:10:02,OI311C9000,OI311C9000,159.5,0.0,0.0,0.0,18,155.5,159.5,8,159.5,139.5,0.0,0.0,0.0,0.0,96
2023-05-10 22:10:08,OI311C9000,OI311C9000,159.5,0.0,0.0,0.0,18,155.5,158.5,2,159.5,139.5,0.0,0.0,0.0,0.0,96
2023-05-10 22:10:08,OI311C9000,OI311C9000,159.5,0.0,0.0,0.0,18,155.0,158.5,2,159.5,139.5,0.0,0.0,0.0,0.0,96
2023-05-10 22:10:09,OI311C9000,OI311C9000,159.5,0.0,0.0,0.0,24,155.0,158.5,2,159.5,139.5,0.0,0.0,0.0,0.0,96
2023-05-10 22:10:09,OI311C9000,OI311C9000,159.5,0.0,0.0,0.0,18,155.0,158.5,2,159.5,139.5,0.0,0.0,0.0,0.0,96
2023-05-10 22:11:06,OI311C9000,OI311C9000,159.5,0.0,0.0,0.0,2,155.5,158.5,2,159.5,139.5,0.0,0.0,0.0,0.0,96
2023-05-10 22:11:09,OI311C9000,OI311C9000,159.5,0.0,0.0,0.0,2,155.5,159.0,30,159.5,139.5,0.0,0.0,0.0,0.0,96
2023-05-10 22:11:10,OI311C9000,OI311C9000,159.5,0.0,0.0,0.0,14,155.5,159.0,18,159.5,139.5,0.0,0.0,0.0,0.0,96
2023-05-10 22:11:10,OI311C9000,OI311C9000,159.5,0.0,0.0,0.0,14,155.5,159.0,6,159.5,139.5,0.0,0.0,0.0,0.0,96
2023-05-10 22:11:11,OI311C9000,OI311C9000,159.5,0.0,0.0,0.0,14,155.5,159.5,38,159.5,139.5,0.0,0.0,0.0,0.0,96
2023-05-10 22:11:12,OI311C9000,OI311C9000,159.5,0.0,0.0,0.0,14,155.5,159.5,26,159.5,139.5,0.0,0.0,0.0,0.0,96
2023-05-10 22:11:20,OI311C9000,OI311C9000,159.5,0.0,0.0,0.0,8,155.5,159.5,26,159.5,139.5,0.0,0.0,0.0,0.0,96
2023-05-10 22:11:21,OI311C9000,OI311C9000,159.5,0.0,0.0,0.0,2,155.5,159.0,6,159.5,139.5,0.0,0.0,0.0,0.0,96
2023-05-10 22:11:26,OI311C9000,OI311C9000,159.5,0.0,0.0,0.0,8,155.5,159.5,32,159.5,139.5,0.0,0.0,0.0,0.0,96
2023-05-10 22:11:26,OI311C9000,OI311C9000,159.5,0.0,0.0,0.0,14,155.5,159.5,32,159.5,139.5,0.0,0.0,0.0,0.0,96
2023-05-10 22:11:27,OI311C9000,OI311C9000,159.5,0.0,0.0,0.0,14,155.5,159.5,26,159.5,139.5,0.0,0.0,0.0,0.0,96
2023-05-10 22:11:31,OI311C9000,OI311C9000,159.5,0.0,0.0,0.0,20,155.5,159.5,14,159.5,139.5,0.0,0.0,0.0,0.0,96
2023-05-10 22:12:02,OI311C9000,OI311C9000,159.5,0.0,0.0,0.0,20,155.5,159.5,20,159.5,139.5,0.0,0.0,0.0,0.0,96
2023-05-10 22:12:03,OI311C9000,OI311C9000,159.5,0.0,0.0,0.0,14,155.5,159.5,26,159.5,139.5,0.0,0.0,0.0,0.0,96
2023-05-10 22:12:04,OI311C9000,OI311C9000,159.5,0.0,0.0,0.0,14,155.5,159.0,6,159.5,139.5,0.0,0.0,0.0,0.0,96
2023-05-10 22:12:04,OI311C9000,OI311C9000,159.5,0.0,0.0,0.0,20,155.5,159.0,6,159.5,139.5,0.0,0.0,0.0,0.0,96
2023-05-10 22:12:18,OI311C9000,OI311C9000,159.5,0.0,0.0,0.0,20,155.5,159.5,26,159.5,139.5,0.0,0.0,0.0,0.0,96
2023-05-10 22:12:18,OI311C9000,OI311C9000,159.5,0.0,0.0,0.0,2,155.5,159.5,26,159.5,139.5,0.0,0.0,0.0,0.0,96
2023-05-10 22:12:23,OI311C9000,OI311C9000,159.5,0.0,0.0,0.0,2,155.5,159.5,20,159.5,139.5,0.0,0.0,0.0,0.0,96
2023-05-10 22:12:49,OI311C9000,OI311C9000,159.5,0.0,0.0,0.0,8,155.5,159.5,14,159.5,139.5,0.0,0.0,0.0,0.0,96
2023-05-10 22:12:52,OI311C9000,OI311C9000,159.5,0.0,0.0,0.0,14,155.5,159.5,14,159.5,139.5,0.0,0.0,0.0,0.0,96
2023-05-10 22:12:56,OI311C9000,OI311C9000,159.5,0.0,0.0,0.0,8,155.5,159.5,14,159.5,139.5,0.0,0.0,0.0,0.0,96
2023-05-10 22:13:18,OI311C9000,OI311C9000,159.5,0.0,0.0,0.0,2,156.5,159.5,14,159.5,139.5,0.0,0.0,0.0,0.0,96
2023-05-10 22:13:18,OI311C9000,OI311C9000,159.5,0.0,0.0,0.0,2,156.5,159.5,8,159.5,139.5,0.0,0.0,0.0,0.0,96
2023-05-10 22:13:21,OI311C9000,OI311C9000,159.5,0.0,0.0,0.0,2,156.5,159.5,6,159.5,139.5,0.0,0.0,0.0,0.0,96
2023-05-10 22:13:22,OI311C9000,OI311C9000,159.5,0.0,0.0,0.0,2,156.5,160.0,24,159.5,139.5,0.0,0.0,0.0,0.0,96
2023-05-10 22:13:23,OI311C9000,OI311C9000,159.5,0.0,0.0,0.0,2,156.5,160.0,18,159.5,139.5,0.0,0.0,0.0,0.0,96
2023-05-10 22:14:12,OI311C9000,OI311C9000,159.5,0.0,0.0,0.0,2,156.5,160.0,20,159.5,139.5,0.0,0.0,0.0,0.0,96
2023-05-10 22:14:25,OI311C9000,OI311C9000,159.5,0.0,0.0,0.0,24,156.0,160.0,14,159.5,139.5,0.0,0.0,0.0,0.0,96
2023-05-10 22:14:26,OI311C9000,OI311C9000,159.5,0.0,0.0,0.0,18,156.0,160.0,14,159.5,139.5,0.0,0.0,0.0,0.0,96
2023-05-10 22:14:40,OI311C9000,OI311C9000,159.5,0.0,0.0,0.0,24,156.0,160.0,14,159.5,139.5,0.0,0.0,0.0,0.0,96
2023-05-10 22:14:40,OI311C9000,OI311C9000,159.5,0.0,0.0,0.0,18,156.0,160.0,14,159.5,139.5,0.0,0.0,0.0,0.0,96
2023-05-10 22:14:41,OI311C9000,OI311C9000,159.5,0.0,0.0,0.0,2,156.5,160.0,14,159.5,139.5,0.0,0.0,0.0,0.0,96
2023-05-10 22:14:41,OI311C9000,OI311C9000,159.5,0.0,0.0,0.0,2,156.5,160.0,20,159.5,139.5,0.0,0.0,0.0,0.0,96
2023-05-10 22:14:45,OI311C9000,OI311C9000,159.5,0.0,0.0,0.0,2,156.5,160.0,14,159.5,139.5,0.0,0.0,0.0,0.0,96
2023-05-10 22:14:50,OI311C9000,OI311C9000,159.5,0.0,0.0,0.0,8,156.5,160.0,14,159.5,139.5,0.0,0.0,0.0,0.0,96
2023-05-10 22:14:51,OI311C9000,OI311C9000,159.5,0.0,0.0,0.0,8,156.5,160.0,12,159.5,139.5,0.0,0.0,0.0,0.0,96
2023-05-10 22:14:51,OI311C9000,OI311C9000,159.5,0.0,0.0,0.0,20,156.5,160.5,30,159.5,139.5,0.0,0.0,0.0,0.0,96
2023-05-10 22:14:52,OI311C9000,OI311C9000,159.5,0.0,0.0,0.0,14,156.5,160.5,24,159.5,139.5,0.0,0.0,0.0,0.0,96
2023-05-10 22:14:52,OI311C9000,OI311C9000,159.5,0.0,0.0,0.0,14,156.5,160.5,18,159.5,139.5,0.0,0.0,0.0,0.0,96
2023-05-10 22:14:53,OI311C9000,OI311C9000,159.5,0.0,0.0,0.0,20,156.5,160.5,6,159.5,139.5,0.0,0.0,0.0,0.0,96
2023-05-10 22:14:53,OI311C9000,OI311C9000,159.5,0.0,0.0,0.0,2,157.5,161.0,14,159.5,139.5,0.0,0.0,0.0,0.0,96
2023-05-10 22:14:55,OI311C9000,OI311C9000,159.5,0.0,0.0,0.0,2,157.5,160.5,6,159.5,139.5,0.0,0.0,0.0,0.0,96
2023-05-10 22:14:55,OI311C9000,OI311C9000,159.5,0.0,0.0,0.0,2,157.5,160.5,12,159.5,139.5,0.0,0.0,0.0,0.0,96
2023-05-10 22:14:56,OI311C9000,OI311C9000,159.5,0.0,0.0,0.0,2,157.5,160.5,18,159.5,139.5,0.0,0.0,0.0,0.0,96
2023-05-10 22:15:05,OI311C9000,OI311C9000,159.5,0.0,0.0,0.0,2,157.5,160.5,12,159.5,139.5,0.0,0.0,0.0,0.0,96
2023-05-10 22:15:05,OI311C9000,OI311C9000,159.5,0.0,0.0,0.0,2,157.5,161.0,14,159.5,139.5,0.0,0.0,0.0,0.0,96
2023-05-10 22:15:12,OI311C9000,OI311C9000,159.5,0.0,0.0,0.0,2,157.5,161.0,6,159.5,139.5,0.0,0.0,0.0,0.0,96
2023-05-10 22:15:12,OI311C9000,OI311C9000,159.5,0.0,0.0,0.0,20,157.5,161.5,6,159.5,139.5,0.0,0.0,0.0,0.0,96
2023-05-10 22:15:13,OI311C9000,OI311C9000,159.5,0.0,0.0,0.0,2,158.5,161.5,6,159.5,139.5,0.0,0.0,0.0,0.0,96
2023-05-10 22:15:13,OI311C9000,OI311C9000,159.5,0.0,0.0,0.0,2,158.5,161.5,12,159.5,139.5,0.0,0.0,0.0,0.0,96
2023-05-10 22:15:14,OI311C9000,OI311C9000,159.5,0.0,0.0,0.0,2,158.5,161.5,18,159.5,139.5,0.0,0.0,0.0,0.0,96
2023-05-10 22:15:15,OI311C9000,OI311C9000,159.5,0.0,0.0,0.0,2,158.5,161.5,12,159.5,139.5,0.0,0.0,0.0,0.0,96
2023-05-10 22:15:16,OI311C9000,OI311C9000,159.5,0.0,0.0,0.0,2,158.5,162.0,12,159.5,139.5,0.0,0.0,0.0,0.0,96
2023-05-10 22:15:16,OI311C9000,OI311C9000,159.5,0.0,0.0,0.0,2,158.5,162.0,6,159.5,139.5,0.0,0.0,0.0,0.0,96
2023-05-10 22:15:17,OI311C9000,OI311C9000,159.5,0.0,0.0,0.0,2,158.5,162.5,18,159.5,139.5,0.0,0.0,0.0,0.0,96
2023-05-10 22:15:22,OI311C9000,OI311C9000,159.5,0.0,0.0,0.0,2,158.5,162.0,6,159.5,139.5,0.0,0.0,0.0,0.0,96
2023-05-10 22:15:24,OI311C9000,OI311C9000,159.5,0.0,0.0,0.0,2,158.5,162.0,8,159.5,139.5,0.0,0.0,0.0,0.0,96
2023-05-10 22:15:25,OI311C9000,OI311C9000,159.5,0.0,0.0,0.0,2,158.5,162.0,14,159.5,139.5,0.0,0.0,0.0,0.0,96
2023-05-10 22:15:25,OI311C9000,OI311C9000,159.5,0.0,0.0,0.0,2,158.5,162.0,20,159.5,139.5,0.0,0.0,0.0,0.0,96
2023-05-10 22:15:42,OI311C9000,OI311C9000,159.5,0.0,0.0,0.0,18,158.0,162.0,20,159.5,139.5,0.0,0.0,0.0,0.0,96
2023-05-10 22:15:42,OI311C9000,OI311C9000,159.5,0.0,0.0,0.0,12,158.0,162.0,20,159.5,139.5,0.0,0.0,0.0,0.0,96
2023-05-10 22:15:44,OI311C9000,OI311C9000,159.5,0.0,0.0,0.0,12,158.0,161.0,2,159.5,139.5,0.0,0.0,0.0,0.0,96
2023-05-10 22:15:44,OI311C9000,OI311C9000,159.5,0.0,0.0,0.0,6,158.0,161.0,2,159.5,139.5,0.0,0.0,0.0,0.0,96
2023-05-10 22:15:45,OI311C9000,OI311C9000,159.5,0.0,0.0,0.0,20,157.5,161.0,2,159.5,139.5,0.0,0.0,0.0,0.0,96
2023-05-10 22:15:47,OI311C9000,OI311C9000,159.5,0.0,0.0,0.0,20,157.5,161.0,8,159.5,139.5,0.0,0.0,0.0,0.0,96
2023-05-10 22:15:48,OI311C9000,OI311C9000,159.5,0.0,0.0,0.0,18,157.5,161.0,14,159.5,139.5,0.0,0.0,0.0,0.0,96
2023-05-10 22:15:51,OI311C9000,OI311C9000,159.5,0.0,0.0,0.0,6,157.5,160.0,2,159.5,139.5,0.0,0.0,0.0,0.0,96
2023-05-10 22:15:52,OI311C9000,OI311C9000,159.5,0.0,0.0,0.0,12,157.0,160.0,2,159.5,139.5,0.0,0.0,0.0,0.0,96
2023-05-10 22:15:52,OI311C9000,OI311C9000,159.5,0.0,0.0,0.0,12,156.5,160.0,2,159.5,139.5,0.0,0.0,0.0,0.0,96
2023-05-10 22:15:53,OI311C9000,OI311C9000,159.5,0.0,0.0,0.0,18,156.5,160.0,2,159.5,139.5,0.0,0.0,0.0,0.0,96
2023-05-10 22:16:01,OI311C9000,OI311C9000,159.5,0.0,0.0,0.0,18,156.5,160.0,8,159.5,139.5,0.0,0.0,0.0,0.0,96
2023-05-10 22:16:01,OI311C9000,OI311C9000,159.5,0.0,0.0,0.0,6,156.5,160.0,8,159.5,139.5,0.0,0.0,0.0,0.0,96
2023-05-10 22:16:01,OI311C9000,OI311C9000,159.5,0.0,0.0,0.0,32,156.0,160.0,14,159.5,139.5,0.0,0.0,0.0,0.0,96
2023-05-10 22:16:02,OI311C9000,OI311C9000,159.5,0.0,0.0,0.0,26,156.0,160.0,14,159.5,139.5,0.0,0.0,0.0,0.0,96
2023-05-10 22:16:03,OI311C9000,OI311C9000,159.5,0.0,0.0,0.0,20,156.0,160.0,20,159.5,139.5,0.0,0.0,0.0,0.0,96
2023-05-10 22:16:10,OI311C9000,OI311C9000,159.5,0.0,0.0,0.0,20,156.0,160.0,14,159.5,139.5,0.0,0.0,0.0,0.0,96
2023-05-10 22:16:15,OI311C9000,OI311C9000,159.5,0.0,0.0,0.0,20,156.0,160.0,20,159.5,139.5,0.0,0.0,0.0,0.0,96
2023-05-10 22:16:47,OI311C9000,OI311C9000,159.5,0.0,0.0,0.0,20,156.0,160.0,14,159.5,139.5,0.0,0.0,0.0,0.0,96
2023-05-10 22:16:52,OI311C9000,OI311C9000,159.5,0.0,0.0,0.0,20,156.0,160.0,20,159.5,139.5,0.0,0.0,0.0,0.0,96
2023-05-10 22:16:56,OI311C9000,OI311C9000,159.5,0.0,0.0,0.0,20,156.0,159.5,12,159.5,139.5,0.0,0.0,0.0,0.0,96
2023-05-10 22:17:27,OI311C9000,OI311C9000,159.5,0.0,0.0,0.0,14,156.0,159.0,2,159.5,139.5,0.0,0.0,0.0,0.0,96
2023-05-10 22:17:33,OI311C9000,OI311C9000,159.5,0.0,0.0,0.0,6,156.0,159.0,2,159.5,139.5,0.0,0.0,0.0,0.0,96
2023-05-10 22:17:34,OI311C9000,OI311C9000,159.5,0.0,0.0,0.0,24,155.5,159.0,2,159.5,139.5,0.0,0.0,0.0,0.0,96
2023-05-10 22:17:35,OI311C9000,OI311C9000,159.5,0.0,0.0,0.0,18,155.5,159.0,2,159.5,139.5,0.0,0.0,0.0,0.0,96
2023-05-10 22:18:00,OI311C9000,OI311C9000,159.5,0.0,0.0,0.0,18,155.5,159.0,8,159.5,139.5,0.0,0.0,0.0,0.0,96
2023-05-10 22:18:01,OI311C9000,OI311C9000,159.5,0.0,0.0,0.0,12,155.5,159.0,14,159.5,139.5,0.0,0.0,0.0,0.0,96
2023-05-10 22:18:02,OI311C9000,OI311C9000,159.5,0.0,0.0,0.0,6,155.5,159.0,26,159.5,139.5,0.0,0.0,0.0,0.0,96
2023-05-10 22:18:02,OI311C9000,OI311C9000,159.5,0.0,0.0,0.0,18,155.0,159.0,26,159.5,139.5,0.0,0.0,0.0,0.0,96
2023-05-10 22:18:03,OI311C9000,OI311C9000,159.5,0.0,0.0,0.0,12,155.0,159.0,26,159.5,139.5,0.0,0.0,0.0,0.0,96
2023-05-10 22:18:10,OI311C9000,OI311C9000,159.5,0.0,0.0,0.0,12,155.0,158.0,2,159.5,139.5,0.0,0.0,0.0,0.0,96
2023-05-10 22:18:11,OI311C9000,OI311C9000,159.5,0.0,0.0,0.0,26,154.5,158.0,2,159.5,139.5,0.0,0.0,0.0,0.0,96
2023-05-10 22:18:11,OI311C9000,OI311C9000,159.5,0.0,0.0,0.0,32,154.5,158.0,2,159.5,139.5,0.0,0.0,0.0,0.0,96
2023-05-10 22:18:12,OI311C9000,OI311C9000,159.5,0.0,0.0,0.0,26,154.5,158.0,2,159.5,139.5,0.0,0.0,0.0,0.0,96
2023-05-10 22:18:13,OI311C9000,OI311C9000,159.5,0.0,0.0,0.0,20,154.5,158.0,2,159.5,139.5,0.0,0.0,0.0,0.0,96
2023-05-10 22:18:16,OI311C9000,OI311C9000,159.5,0.0,0.0,0.0,20,154.5,158.0,8,159.5,139.5,0.0,0.0,0.0,0.0,96
2023-05-10 22:18:17,OI311C9000,OI311C9000,159.5,0.0,0.0,0.0,18,154.5,158.0,8,159.5,139.5,0.0,0.0,0.0,0.0,96
2023-05-10 22:18:18,OI311C9000,OI311C9000,159.5,0.0,0.0,0.0,18,154.5,158.0,14,159.5,139.5,0.0,0.0,0.0,0.0,96
2023-05-10 22:18:28,OI311C9000,OI311C9000,159.5,0.0,0.0,0.0,18,154.5,157.0,2,159.5,139.5,0.0,0.0,0.0,0.0,96
2023-05-10 22:18:29,OI311C9000,OI311C9000,159.5,0.0,0.0,0.0,18,154.0,157.0,2,159.5,139.5,0.0,0.0,0.0,0.0,96
2023-05-10 22:18:30,OI311C9000,OI311C9000,159.5,0.0,0.0,0.0,6,154.0,157.0,2,159.5,139.5,0.0,0.0,0.0,0.0,96
2023-05-10 22:18:30,OI311C9000,OI311C9000,159.5,0.0,0.0,0.0,30,153.5,157.0,2,159.5,139.5,0.0,0.0,0.0,0.0,96
2023-05-10 22:18:31,OI311C9000,OI311C9000,159.5,0.0,0.0,0.0,24,153.5,157.0,2,159.5,139.5,0.0,0.0,0.0,0.0,96
2023-05-10 22:18:37,OI311C9000,OI311C9000,159.5,0.0,0.0,0.0,18,153.5,157.0,2,159.5,139.5,0.0,0.0,0.0,0.0,96
2023-05-10 22:18:44,OI311C9000,OI311C9000,159.5,0.0,0.0,0.0,18,153.5,157.0,8,159.5,139.5,0.0,0.0,0.0,0.0,96
2023-05-10 22:19:01,OI311C9000,OI311C9000,159.5,0.0,0.0,0.0,18,153.5,157.0,14,159.5,139.5,0.0,0.0,0.0,0.0,96
2023-05-10 22:19:02,OI311C9000,OI311C9000,159.5,0.0,0.0,0.0,6,153.5,157.0,20,159.5,139.5,0.0,0.0,0.0,0.0,96
2023-05-10 22:19:02,OI311C9000,OI311C9000,159.5,0.0,0.0,0.0,6,153.0,157.0,38,159.5,139.5,0.0,0.0,0.0,0.0,96
2023-05-10 22:19:03,OI311C9000,OI311C9000,159.5,0.0,0.0,0.0,6,153.0,156.0,8,159.5,139.5,0.0,0.0,0.0,0.0,96
2023-05-10 22:19:03,OI311C9000,OI311C9000,159.5,0.0,0.0,0.0,12,152.5,156.0,26,159.5,139.5,0.0,0.0,0.0,0.0,96
2023-05-10 22:19:03,OI311C9000,OI311C9000,159.5,0.0,0.0,0.0,18,152.5,156.0,26,159.5,139.5,0.0,0.0,0.0,0.0,96
2023-05-10 22:19:04,OI311C9000,OI311C9000,159.5,0.0,0.0,0.0,12,152.5,156.0,26,159.5,139.5,0.0,0.0,0.0,0.0,96
2023-05-10 22:19:18,OI311C9000,OI311C9000,159.5,0.0,0.0,0.0,12,152.5,156.0,20,159.5,139.5,0.0,0.0,0.0,0.0,96
2023-05-10 22:19:33,OI311C9000,OI311C9000,159.5,0.0,0.0,0.0,12,152.5,156.0,26,159.5,139.5,0.0,0.0,0.0,0.0,96
2023-05-10 22:19:34,OI311C9000,OI311C9000,159.5,0.0,0.0,0.0,12,152.5,155.0,2,159.5,139.5,0.0,0.0,0.0,0.0,96
2023-05-10 22:19:35,OI311C9000,OI311C9000,159.5,0.0,0.0,0.0,12,152.0,155.0,2,159.5,139.5,0.0,0.0,0.0,0.0,96
2023-05-10 22:19:35,OI311C9000,OI311C9000,159.5,0.0,0.0,0.0,6,152.0,155.0,2,159.5,139.5,0.0,0.0,0.0,0.0,96
2023-05-10 22:19:36,OI311C9000,OI311C9000,159.5,0.0,0.0,0.0,32,151.5,155.0,2,159.5,139.5,0.0,0.0,0.0,0.0,96
2023-05-10 22:19:36,OI311C9000,OI311C9000,159.5,0.0,0.0,0.0,26,151.5,155.0,2,159.5,139.5,0.0,0.0,0.0,0.0,96
2023-05-10 22:19:39,OI311C9000,OI311C9000,159.5,0.0,0.0,0.0,20,151.5,155.0,2,159.5,139.5,0.0,0.0,0.0,0.0,96
2023-05-10 22:19:49,OI311C9000,OI311C9000,159.5,0.0,0.0,0.0,20,151.5,155.0,8,159.5,139.5,0.0,0.0,0.0,0.0,96
2023-05-10 22:19:49,OI311C9000,OI311C9000,159.5,0.0,0.0,0.0,20,151.5,155.0,2,159.5,139.5,0.0,0.0,0.0,0.0,96
2023-05-10 22:20:12,OI311C9000,OI311C9000,159.5,0.0,0.0,0.0,20,151.5,155.0,8,159.5,139.5,0.0,0.0,0.0,0.0,96
2023-05-10 22:20:12,OI311C9000,OI311C9000,159.5,0.0,0.0,0.0,20,151.5,155.0,14,159.5,139.5,0.0,0.0,0.0,0.0,96
2023-05-10 22:20:13,OI311C9000,OI311C9000,159.5,0.0,0.0,0.0,14,151.5,155.0,14,159.5,139.5,0.0,0.0,0.0,0.0,96
2023-05-10 22:20:13,OI311C9000,OI311C9000,159.5,0.0,0.0,0.0,14,151.5,155.0,26,159.5,139.5,0.0,0.0,0.0,0.0,96
2023-05-10 22:20:14,OI311C9000,OI311C9000,159.5,0.0,0.0,0.0,14,151.5,155.0,20,159.5,139.5,0.0,0.0,0.0,0.0,96
2023-05-10 22:20:15,OI311C9000,OI311C9000,159.5,0.0,0.0,0.0,14,151.5,155.0,14,159.5,139.5,0.0,0.0,0.0,0.0,96
2023-05-10 22:20:16,OI311C9000,OI311C9000,159.5,0.0,0.0,0.0,14,151.5,155.0,8,159.5,139.5,0.0,0.0,0.0,0.0,96
2023-05-10 22:20:17,OI311C9000,OI311C9000,159.5,0.0,0.0,0.0,20,151.5,155.0,2,159.5,139.5,0.0,0.0,0.0,0.0,96
2023-05-10 22:20:19,OI311C9000,OI311C9000,159.5,0.0,0.0,0.0,26,151.5,155.0,2,159.5,139.5,0.0,0.0,0.0,0.0,96
2023-05-10 22:20:19,OI311C9000,OI311C9000,159.5,0.0,0.0,0.0,32,151.5,155.0,2,159.5,139.5,0.0,0.0,0.0,0.0,96
2023-05-10 22:20:20,OI311C9000,OI311C9000,159.5,0.0,0.0,0.0,14,151.5,155.5,24,159.5,139.5,0.0,0.0,0.0,0.0,96
2023-05-10 22:20:20,OI311C9000,OI311C9000,159.5,0.0,0.0,0.0,14,151.5,155.5,18,159.5,139.5,0.0,0.0,0.0,0.0,96
2023-05-10 22:20:26,OI311C9000,OI311C9000,159.5,0.0,0.0,0.0,8,151.5,155.5,18,159.5,139.5,0.0,0.0,0.0,0.0,96
2023-05-10 22:20:26,OI311C9000,OI311C9000,159.5,0.0,0.0,0.0,2,151.5,155.5,18,159.5,139.5,0.0,0.0,0.0,0.0,96
2023-05-10 22:20:28,OI311C9000,OI311C9000,159.5,0.0,0.0,0.0,14,151.5,155.5,6,159.5,139.5,0.0,0.0,0.0,0.0,96
