time,symbol_id,symbol_name,last,trade_volume,trade_amount,open_interest_change,bv1,bp1,ap1,av1,yesterday_close,today_open,today_high,today_low,volume,amount,open_interest
2023-05-10 19:12:58,OI311P9500,OI311P9500,1336.0,0.0,0.0,0.0,0,0.0,0.0,0,1336.0,0.0,0.0,0.0,0.0,0.0,10
2023-05-10 21:02:10,OI311P9500,OI311P9500,1336.0,0.0,0.0,0.0,10,679.0,1993.5,1,1336.0,0.0,0.0,0.0,0.0,0.0,10
2023-05-10 21:02:16,OI311P9500,OI311P9500,1336.0,0.0,0.0,0.0,1,680.5,1993.5,1,1336.0,0.0,0.0,0.0,0.0,0.0,10
2023-05-10 21:02:17,OI311P9500,OI311P9500,1336.0,0.0,0.0,0.0,10,681.0,1993.5,1,1336.0,0.0,0.0,0.0,0.0,0.0,10
2023-05-10 21:02:22,OI311P9500,OI311P9500,1336.0,0.0,0.0,0.0,1,682.5,1993.5,1,1336.0,0.0,0.0,0.0,0.0,0.0,10
2023-05-10 21:02:23,OI311P9500,OI311P9500,1336.0,0.0,0.0,0.0,10,683.0,1993.5,1,1336.0,0.0,0.0,0.0,0.0,0.0,10
2023-05-10 21:02:28,OI311P9500,OI311P9500,1336.0,0.0,0.0,0.0,1,684.5,1993.5,1,1336.0,0.0,0.0,0.0,0.0,0.0,10
2023-05-10 21:02:29,OI311P9500,OI311P9500,1336.0,0.0,0.0,0.0,10,685.0,1993.5,1,1336.0,0.0,0.0,0.0,0.0,0.0,10
2023-05-10 21:02:33,OI311P9500,OI311P9500,1336.0,0.0,0.0,0.0,1,686.5,1993.5,1,1336.0,0.0,0.0,0.0,0.0,0.0,10
2023-05-10 21:02:34,OI311P9500,OI311P9500,1336.0,0.0,0.0,0.0,10,687.0,1993.5,1,1336.0,0.0,0.0,0.0,0.0,0.0,10
2023-05-10 21:02:36,OI311P9500,OI311P9500,1336.0,0.0,0.0,0.0,1,688.5,1993.5,1,1336.0,0.0,0.0,0.0,0.0,0.0,10
2023-05-10 21:02:37,OI311P9500,OI311P9500,1336.0,0.0,0.0,0.0,10,689.0,1993.5,1,1336.0,0.0,0.0,0.0,0.0,0.0,10
2023-05-10 21:02:41,OI311P9500,OI311P9500,1336.0,0.0,0.0,0.0,1,690.5,1993.5,1,1336.0,0.0,0.0,0.0,0.0,0.0,10
2023-05-10 21:02:42,OI311P9500,OI311P9500,1336.0,0.0,0.0,0.0,10,691.0,1993.5,1,1336.0,0.0,0.0,0.0,0.0,0.0,10
2023-05-10 21:02:44,OI311P9500,OI311P9500,1336.0,0.0,0.0,0.0,1,692.5,1993.5,1,1336.0,0.0,0.0,0.0,0.0,0.0,10
2023-05-10 21:02:45,OI311P9500,OI311P9500,1336.0,0.0,0.0,0.0,10,693.0,1993.5,1,1336.0,0.0,0.0,0.0,0.0,0.0,10
2023-05-10 21:02:51,OI311P9500,OI311P9500,1336.0,0.0,0.0,0.0,1,694.5,1993.5,1,1336.0,0.0,0.0,0.0,0.0,0.0,10
2023-05-10 21:02:52,OI311P9500,OI311P9500,1336.0,0.0,0.0,0.0,10,695.0,1993.5,1,1336.0,0.0,0.0,0.0,0.0,0.0,10
2023-05-10 21:02:52,OI311P9500,OI311P9500,1336.0,0.0,0.0,0.0,1,696.5,1993.5,1,1336.0,0.0,0.0,0.0,0.0,0.0,10
2023-05-10 21:02:53,OI311P9500,OI311P9500,1336.0,0.0,0.0,0.0,10,697.0,1993.5,1,1336.0,0.0,0.0,0.0,0.0,0.0,10
2023-05-10 21:02:57,OI311P9500,OI311P9500,1336.0,0.0,0.0,0.0,1,698.5,1993.5,1,1336.0,0.0,0.0,0.0,0.0,0.0,10
2023-05-10 21:02:58,OI311P9500,OI311P9500,1336.0,0.0,0.0,0.0,10,699.0,1993.5,1,1336.0,0.0,0.0,0.0,0.0,0.0,10
2023-05-10 21:03:02,OI311P9500,OI311P9500,1336.0,0.0,0.0,0.0,1,700.5,1993.5,1,1336.0,0.0,0.0,0.0,0.0,0.0,10
2023-05-10 21:03:03,OI311P9500,OI311P9500,1336.0,0.0,0.0,0.0,10,701.0,1993.5,1,1336.0,0.0,0.0,0.0,0.0,0.0,10
2023-05-10 21:03:11,OI311P9500,OI311P9500,1336.0,0.0,0.0,0.0,1,702.5,1993.5,1,1336.0,0.0,0.0,0.0,0.0,0.0,10
2023-05-10 21:03:11,OI311P9500,OI311P9500,1336.0,0.0,0.0,0.0,10,703.0,1993.5,1,1336.0,0.0,0.0,0.0,0.0,0.0,10
2023-05-10 21:03:16,OI311P9500,OI311P9500,1336.0,0.0,0.0,0.0,1,704.5,1993.5,1,1336.0,0.0,0.0,0.0,0.0,0.0,10
2023-05-10 21:03:17,OI311P9500,OI311P9500,1336.0,0.0,0.0,0.0,10,705.0,1993.5,1,1336.0,0.0,0.0,0.0,0.0,0.0,10
2023-05-10 21:03:18,OI311P9500,OI311P9500,1336.0,0.0,0.0,0.0,1,706.5,1993.5,1,1336.0,0.0,0.0,0.0,0.0,0.0,10
2023-05-10 21:03:19,OI311P9500,OI311P9500,1336.0,0.0,0.0,0.0,10,707.0,1993.5,1,1336.0,0.0,0.0,0.0,0.0,0.0,10
2023-05-10 21:03:26,OI311P9500,OI311P9500,1336.0,0.0,0.0,0.0,1,708.5,1993.5,1,1336.0,0.0,0.0,0.0,0.0,0.0,10
2023-05-10 21:03:27,OI311P9500,OI311P9500,1336.0,0.0,0.0,0.0,10,709.0,1993.5,1,1336.0,0.0,0.0,0.0,0.0,0.0,10
2023-05-10 21:03:33,OI311P9500,OI311P9500,1336.0,0.0,0.0,0.0,1,710.5,1993.5,1,1336.0,0.0,0.0,0.0,0.0,0.0,10
2023-05-10 21:03:34,OI311P9500,OI311P9500,1336.0,0.0,0.0,0.0,10,711.0,1993.5,1,1336.0,0.0,0.0,0.0,0.0,0.0,10
2023-05-10 21:03:40,OI311P9500,OI311P9500,1336.0,0.0,0.0,0.0,1,712.5,1993.5,1,1336.0,0.0,0.0,0.0,0.0,0.0,10
2023-05-10 21:03:41,OI311P9500,OI311P9500,1336.0,0.0,0.0,0.0,10,713.0,1993.5,1,1336.0,0.0,0.0,0.0,0.0,0.0,10
2023-05-10 21:03:41,OI311P9500,OI311P9500,1336.0,0.0,0.0,0.0,1,714.5,1993.5,1,1336.0,0.0,0.0,0.0,0.0,0.0,10
2023-05-10 21:03:42,OI311P9500,OI311P9500,1336.0,0.0,0.0,0.0,10,715.0,1993.5,1,1336.0,0.0,0.0,0.0,0.0,0.0,10
2023-05-10 21:03:45,OI311P9500,OI311P9500,1336.0,0.0,0.0,0.0,1,716.5,1993.5,1,1336.0,0.0,0.0,0.0,0.0,0.0,10
2023-05-10 21:03:46,OI311P9500,OI311P9500,1336.0,0.0,0.0,0.0,10,717.0,1993.5,1,1336.0,0.0,0.0,0.0,0.0,0.0,10
2023-05-10 21:03:48,OI311P9500,OI311P9500,1336.0,0.0,0.0,0.0,1,718.5,1993.5,1,1336.0,0.0,0.0,0.0,0.0,0.0,10
2023-05-10 21:03:49,OI311P9500,OI311P9500,1336.0,0.0,0.0,0.0,10,719.0,1993.5,1,1336.0,0.0,0.0,0.0,0.0,0.0,10
2023-05-10 21:03:53,OI311P9500,OI311P9500,1336.0,0.0,0.0,0.0,1,720.5,1993.5,1,1336.0,0.0,0.0,0.0,0.0,0.0,10
2023-05-10 21:03:54,OI311P9500,OI311P9500,1336.0,0.0,0.0,0.0,10,721.0,1993.5,1,1336.0,0.0,0.0,0.0,0.0,0.0,10
2023-05-10 21:04:08,OI311P9500,OI311P9500,1336.0,0.0,0.0,0.0,1,722.5,1993.5,1,1336.0,0.0,0.0,0.0,0.0,0.0,10
2023-05-10 21:04:08,OI311P9500,OI311P9500,1336.0,0.0,0.0,0.0,10,723.0,1993.5,1,1336.0,0.0,0.0,0.0,0.0,0.0,10
2023-05-10 21:04:13,OI311P9500,OI311P9500,1336.0,0.0,0.0,0.0,1,724.5,1993.5,1,1336.0,0.0,0.0,0.0,0.0,0.0,10
2023-05-10 21:04:14,OI311P9500,OI311P9500,1336.0,0.0,0.0,0.0,10,725.0,1993.5,1,1336.0,0.0,0.0,0.0,0.0,0.0,10
2023-05-10 21:04:19,OI311P9500,OI311P9500,1336.0,0.0,0.0,0.0,1,726.5,1993.5,1,1336.0,0.0,0.0,0.0,0.0,0.0,10
2023-05-10 21:04:20,OI311P9500,OI311P9500,1336.0,0.0,0.0,0.0,10,727.0,1993.5,1,1336.0,0.0,0.0,0.0,0.0,0.0,10
2023-05-10 21:04:27,OI311P9500,OI311P9500,1336.0,0.0,0.0,0.0,1,728.5,1993.5,1,1336.0,0.0,0.0,0.0,0.0,0.0,10
2023-05-10 21:04:27,OI311P9500,OI311P9500,1336.0,0.0,0.0,0.0,10,729.0,1993.5,1,1336.0,0.0,0.0,0.0,0.0,0.0,10
2023-05-10 21:04:33,OI311P9500,OI311P9500,1336.0,0.0,0.0,0.0,1,730.5,1993.5,1,1336.0,0.0,0.0,0.0,0.0,0.0,10
2023-05-10 21:04:34,OI311P9500,OI311P9500,1336.0,0.0,0.0,0.0,10,731.0,1993.5,1,1336.0,0.0,0.0,0.0,0.0,0.0,10
2023-05-10 21:04:36,OI311P9500,OI311P9500,1336.0,0.0,0.0,0.0,1,732.5,1993.5,1,1336.0,0.0,0.0,0.0,0.0,0.0,10
2023-05-10 21:04:37,OI311P9500,OI311P9500,1336.0,0.0,0.0,0.0,10,733.0,1993.5,1,1336.0,0.0,0.0,0.0,0.0,0.0,10
2023-05-10 21:04:43,OI311P9500,OI311P9500,1336.0,0.0,0.0,0.0,1,734.5,1993.5,1,1336.0,0.0,0.0,0.0,0.0,0.0,10
2023-05-10 21:04:44,OI311P9500,OI311P9500,1336.0,0.0,0.0,0.0,10,735.0,1993.5,1,1336.0,0.0,0.0,0.0,0.0,0.0,10
2023-05-10 21:04:50,OI311P9500,OI311P9500,1336.0,0.0,0.0,0.0,1,736.5,1993.5,1,1336.0,0.0,0.0,0.0,0.0,0.0,10
2023-05-10 21:04:51,OI311P9500,OI311P9500,1336.0,0.0,0.0,0.0,10,737.0,1993.5,1,1336.0,0.0,0.0,0.0,0.0,0.0,10
2023-05-10 21:04:58,OI311P9500,OI311P9500,1336.0,0.0,0.0,0.0,1,738.5,1993.5,1,1336.0,0.0,0.0,0.0,0.0,0.0,10
2023-05-10 21:04:58,OI311P9500,OI311P9500,1336.0,0.0,0.0,0.0,10,739.0,1993.5,1,1336.0,0.0,0.0,0.0,0.0,0.0,10
2023-05-10 21:05:00,OI311P9500,OI311P9500,1336.0,0.0,0.0,0.0,1,740.5,1993.5,1,1336.0,0.0,0.0,0.0,0.0,0.0,10
2023-05-10 21:05:01,OI311P9500,OI311P9500,1336.0,0.0,0.0,0.0,10,741.0,1993.5,1,1336.0,0.0,0.0,0.0,0.0,0.0,10
2023-05-10 21:05:01,OI311P9500,OI311P9500,1336.0,0.0,0.0,0.0,1,742.5,1993.5,1,1336.0,0.0,0.0,0.0,0.0,0.0,10
2023-05-10 21:05:02,OI311P9500,OI311P9500,1336.0,0.0,0.0,0.0,10,743.0,1993.5,1,1336.0,0.0,0.0,0.0,0.0,0.0,10
2023-05-10 21:05:03,OI311P9500,OI311P9500,1336.0,0.0,0.0,0.0,1,744.5,1993.5,1,1336.0,0.0,0.0,0.0,0.0,0.0,10
2023-05-10 21:05:04,OI311P9500,OI311P9500,1336.0,0.0,0.0,0.0,10,745.0,1993.5,1,1336.0,0.0,0.0,0.0,0.0,0.0,10
2023-05-10 21:05:04,OI311P9500,OI311P9500,1336.0,0.0,0.0,0.0,1,746.5,1993.5,1,1336.0,0.0,0.0,0.0,0.0,0.0,10
2023-05-10 21:05:05,OI311P9500,OI311P9500,1336.0,0.0,0.0,0.0,10,747.0,1993.5,1,1336.0,0.0,0.0,0.0,0.0,0.0,10
2023-05-10 21:05:05,OI311P9500,OI311P9500,1336.0,0.0,0.0,0.0,1,748.5,1993.5,1,1336.0,0.0,0.0,0.0,0.0,0.0,10
2023-05-10 21:05:06,OI311P9500,OI311P9500,1336.0,0.0,0.0,0.0,10,749.0,1993.5,1,1336.0,0.0,0.0,0.0,0.0,0.0,10
2023-05-10 21:05:06,OI311P9500,OI311P9500,1336.0,0.0,0.0,0.0,1,750.5,1993.5,1,1336.0,0.0,0.0,0.0,0.0,0.0,10
2023-05-10 21:05:07,OI311P9500,OI311P9500,1336.0,0.0,0.0,0.0,10,751.0,1993.5,1,1336.0,0.0,0.0,0.0,0.0,0.0,10
2023-05-10 21:05:08,OI311P9500,OI311P9500,1336.0,0.0,0.0,0.0,1,752.5,1993.5,1,1336.0,0.0,0.0,0.0,0.0,0.0,10
2023-05-10 21:05:09,OI311P9500,OI311P9500,1336.0,0.0,0.0,0.0,10,753.0,1993.5,1,1336.0,0.0,0.0,0.0,0.0,0.0,10
2023-05-10 21:05:09,OI311P9500,OI311P9500,1336.0,0.0,0.0,0.0,1,754.5,1993.5,1,1336.0,0.0,0.0,0.0,0.0,0.0,10
2023-05-10 21:05:10,OI311P9500,OI311P9500,1336.0,0.0,0.0,0.0,10,755.0,1993.5,1,1336.0,0.0,0.0,0.0,0.0,0.0,10
2023-05-10 21:05:11,OI311P9500,OI311P9500,1336.0,0.0,0.0,0.0,1,756.5,1993.5,1,1336.0,0.0,0.0,0.0,0.0,0.0,10
2023-05-10 21:05:12,OI311P9500,OI311P9500,1336.0,0.0,0.0,0.0,10,757.0,1993.5,1,1336.0,0.0,0.0,0.0,0.0,0.0,10
2023-05-10 21:05:12,OI311P9500,OI311P9500,1336.0,0.0,0.0,0.0,1,758.5,1993.5,1,1336.0,0.0,0.0,0.0,0.0,0.0,10
2023-05-10 21:05:13,OI311P9500,OI311P9500,1336.0,0.0,0.0,0.0,10,759.0,1993.5,1,1336.0,0.0,0.0,0.0,0.0,0.0,10
2023-05-10 21:05:15,OI311P9500,OI311P9500,1336.0,0.0,0.0,0.0,1,760.5,1993.5,1,1336.0,0.0,0.0,0.0,0.0,0.0,10
2023-05-10 21:05:16,OI311P9500,OI311P9500,1336.0,0.0,0.0,0.0,10,761.0,1993.5,1,1336.0,0.0,0.0,0.0,0.0,0.0,10
2023-05-10 21:05:18,OI311P9500,OI311P9500,1336.0,0.0,0.0,0.0,1,762.5,1993.5,1,1336.0,0.0,0.0,0.0,0.0,0.0,10
2023-05-10 21:05:19,OI311P9500,OI311P9500,1336.0,0.0,0.0,0.0,10,763.0,1993.5,1,1336.0,0.0,0.0,0.0,0.0,0.0,10
2023-05-10 21:05:19,OI311P9500,OI311P9500,1336.0,0.0,0.0,0.0,1,764.5,1993.5,1,1336.0,0.0,0.0,0.0,0.0,0.0,10
2023-05-10 21:05:20,OI311P9500,OI311P9500,1336.0,0.0,0.0,0.0,10,765.0,1993.5,1,1336.0,0.0,0.0,0.0,0.0,0.0,10
2023-05-10 21:05:20,OI311P9500,OI311P9500,1336.0,0.0,0.0,0.0,1,766.5,1993.5,1,1336.0,0.0,0.0,0.0,0.0,0.0,10
2023-05-10 21:05:21,OI311P9500,OI311P9500,1336.0,0.0,0.0,0.0,10,767.0,1993.5,1,1336.0,0.0,0.0,0.0,0.0,0.0,10
2023-05-10 21:05:22,OI311P9500,OI311P9500,1336.0,0.0,0.0,0.0,1,768.5,1993.5,1,1336.0,0.0,0.0,0.0,0.0,0.0,10
2023-05-10 21:05:23,OI311P9500,OI311P9500,1336.0,0.0,0.0,0.0,10,769.0,1993.5,1,1336.0,0.0,0.0,0.0,0.0,0.0,10
2023-05-10 21:05:26,OI311P9500,OI311P9500,1336.0,0.0,0.0,0.0,1,770.5,1993.5,1,1336.0,0.0,0.0,0.0,0.0,0.0,10
2023-05-10 21:05:27,OI311P9500,OI311P9500,1336.0,0.0,0.0,0.0,10,771.0,1993.5,1,1336.0,0.0,0.0,0.0,0.0,0.0,10
2023-05-10 21:05:27,OI311P9500,OI311P9500,1336.0,0.0,0.0,0.0,1,772.5,1993.5,1,1336.0,0.0,0.0,0.0,0.0,0.0,10
2023-05-10 21:05:28,OI311P9500,OI311P9500,1336.0,0.0,0.0,0.0,10,773.0,1993.5,1,1336.0,0.0,0.0,0.0,0.0,0.0,10
2023-05-10 21:05:28,OI311P9500,OI311P9500,1336.0,0.0,0.0,0.0,1,774.5,1993.5,1,1336.0,0.0,0.0,0.0,0.0,0.0,10
2023-05-10 21:05:29,OI311P9500,OI311P9500,1336.0,0.0,0.0,0.0,10,775.0,1993.5,1,1336.0,0.0,0.0,0.0,0.0,0.0,10
2023-05-10 21:05:32,OI311P9500,OI311P9500,1336.0,0.0,0.0,0.0,1,776.5,1993.5,1,1336.0,0.0,0.0,0.0,0.0,0.0,10
2023-05-10 21:05:33,OI311P9500,OI311P9500,1336.0,0.0,0.0,0.0,10,777.0,1993.5,1,1336.0,0.0,0.0,0.0,0.0,0.0,10
2023-05-10 21:05:33,OI311P9500,OI311P9500,1336.0,0.0,0.0,0.0,1,778.5,1993.5,1,1336.0,0.0,0.0,0.0,0.0,0.0,10
2023-05-10 21:05:34,OI311P9500,OI311P9500,1336.0,0.0,0.0,0.0,10,779.0,1993.5,1,1336.0,0.0,0.0,0.0,0.0,0.0,10
2023-05-10 21:05:35,OI311P9500,OI311P9500,1336.0,0.0,0.0,0.0,1,780.5,1993.5,1,1336.0,0.0,0.0,0.0,0.0,0.0,10
2023-05-10 21:05:36,OI311P9500,OI311P9500,1336.0,0.0,0.0,0.0,10,781.0,1993.5,1,1336.0,0.0,0.0,0.0,0.0,0.0,10
2023-05-10 21:05:36,OI311P9500,OI311P9500,1336.0,0.0,0.0,0.0,1,782.5,1993.5,1,1336.0,0.0,0.0,0.0,0.0,0.0,10
2023-05-10 21:05:37,OI311P9500,OI311P9500,1336.0,0.0,0.0,0.0,10,783.0,1993.5,1,1336.0,0.0,0.0,0.0,0.0,0.0,10
2023-05-10 21:05:37,OI311P9500,OI311P9500,1336.0,0.0,0.0,0.0,1,784.5,1993.5,1,1336.0,0.0,0.0,0.0,0.0,0.0,10
2023-05-10 21:05:38,OI311P9500,OI311P9500,1336.0,0.0,0.0,0.0,10,785.0,1993.5,1,1336.0,0.0,0.0,0.0,0.0,0.0,10
2023-05-10 21:05:39,OI311P9500,OI311P9500,1336.0,0.0,0.0,0.0,1,786.5,1993.5,1,1336.0,0.0,0.0,0.0,0.0,0.0,10
2023-05-10 21:05:40,OI311P9500,OI311P9500,1336.0,0.0,0.0,0.0,10,787.0,1993.5,1,1336.0,0.0,0.0,0.0,0.0,0.0,10
2023-05-10 21:05:42,OI311P9500,OI311P9500,1336.0,0.0,0.0,0.0,1,788.5,1993.5,1,1336.0,0.0,0.0,0.0,0.0,0.0,10
2023-05-10 21:05:43,OI311P9500,OI311P9500,1336.0,0.0,0.0,0.0,10,789.0,1993.5,1,1336.0,0.0,0.0,0.0,0.0,0.0,10
2023-05-10 21:05:45,OI311P9500,OI311P9500,1336.0,0.0,0.0,0.0,1,790.5,1993.5,1,1336.0,0.0,0.0,0.0,0.0,0.0,10
2023-05-10 21:05:46,OI311P9500,OI311P9500,1336.0,0.0,0.0,0.0,10,791.0,1993.5,1,1336.0,0.0,0.0,0.0,0.0,0.0,10
2023-05-10 21:05:48,OI311P9500,OI311P9500,1336.0,0.0,0.0,0.0,1,792.5,1993.5,1,1336.0,0.0,0.0,0.0,0.0,0.0,10
2023-05-10 21:05:49,OI311P9500,OI311P9500,1336.0,0.0,0.0,0.0,10,793.0,1993.5,1,1336.0,0.0,0.0,0.0,0.0,0.0,10
2023-05-10 21:05:49,OI311P9500,OI311P9500,1336.0,0.0,0.0,0.0,1,794.5,1993.5,1,1336.0,0.0,0.0,0.0,0.0,0.0,10
2023-05-10 21:05:50,OI311P9500,OI311P9500,1336.0,0.0,0.0,0.0,10,795.0,1993.5,1,1336.0,0.0,0.0,0.0,0.0,0.0,10
2023-05-10 21:05:51,OI311P9500,OI311P9500,1336.0,0.0,0.0,0.0,1,796.5,1993.5,1,1336.0,0.0,0.0,0.0,0.0,0.0,10
2023-05-10 21:05:52,OI311P9500,OI311P9500,1336.0,0.0,0.0,0.0,10,797.0,1993.5,1,1336.0,0.0,0.0,0.0,0.0,0.0,10
2023-05-10 21:05:56,OI311P9500,OI311P9500,1336.0,0.0,0.0,0.0,1,798.5,1993.5,1,1336.0,0.0,0.0,0.0,0.0,0.0,10
2023-05-10 21:05:57,OI311P9500,OI311P9500,1336.0,0.0,0.0,0.0,10,799.0,1993.5,1,1336.0,0.0,0.0,0.0,0.0,0.0,10
2023-05-10 21:05:59,OI311P9500,OI311P9500,1336.0,0.0,0.0,0.0,1,800.5,1993.5,1,1336.0,0.0,0.0,0.0,0.0,0.0,10
2023-05-10 21:06:00,OI311P9500,OI311P9500,1336.0,0.0,0.0,0.0,10,801.0,1993.5,1,1336.0,0.0,0.0,0.0,0.0,0.0,10
2023-05-10 21:06:00,OI311P9500,OI311P9500,1336.0,0.0,0.0,0.0,1,802.5,1993.5,1,1336.0,0.0,0.0,0.0,0.0,0.0,10
2023-05-10 21:06:01,OI311P9500,OI311P9500,1336.0,0.0,0.0,0.0,10,803.0,1993.5,1,1336.0,0.0,0.0,0.0,0.0,0.0,10
2023-05-10 21:06:01,OI311P9500,OI311P9500,1336.0,0.0,0.0,0.0,1,804.5,1993.5,1,1336.0,0.0,0.0,0.0,0.0,0.0,10
2023-05-10 21:06:02,OI311P9500,OI311P9500,1336.0,0.0,0.0,0.0,10,805.0,1993.5,1,1336.0,0.0,0.0,0.0,0.0,0.0,10
2023-05-10 21:06:02,OI311P9500,OI311P9500,1336.0,0.0,0.0,0.0,1,806.5,1993.5,1,1336.0,0.0,0.0,0.0,0.0,0.0,10
2023-05-10 21:06:03,OI311P9500,OI311P9500,1336.0,0.0,0.0,0.0,10,807.0,1993.5,1,1336.0,0.0,0.0,0.0,0.0,0.0,10
2023-05-10 21:06:04,OI311P9500,OI311P9500,1336.0,0.0,0.0,0.0,1,808.5,1993.5,1,1336.0,0.0,0.0,0.0,0.0,0.0,10
2023-05-10 21:06:05,OI311P9500,OI311P9500,1336.0,0.0,0.0,0.0,10,809.0,1993.5,1,1336.0,0.0,0.0,0.0,0.0,0.0,10
2023-05-10 21:06:05,OI311P9500,OI311P9500,1336.0,0.0,0.0,0.0,1,810.5,1993.5,1,1336.0,0.0,0.0,0.0,0.0,0.0,10
2023-05-10 21:06:06,OI311P9500,OI311P9500,1336.0,0.0,0.0,0.0,10,811.0,1993.5,1,1336.0,0.0,0.0,0.0,0.0,0.0,10
2023-05-10 21:06:06,OI311P9500,OI311P9500,1336.0,0.0,0.0,0.0,1,812.5,1993.5,1,1336.0,0.0,0.0,0.0,0.0,0.0,10
2023-05-10 21:06:07,OI311P9500,OI311P9500,1336.0,0.0,0.0,0.0,10,813.0,1993.5,1,1336.0,0.0,0.0,0.0,0.0,0.0,10
2023-05-10 21:06:07,OI311P9500,OI311P9500,1336.0,0.0,0.0,0.0,1,814.5,1993.5,1,1336.0,0.0,0.0,0.0,0.0,0.0,10
2023-05-10 21:06:08,OI311P9500,OI311P9500,1336.0,0.0,0.0,0.0,10,815.0,1993.5,1,1336.0,0.0,0.0,0.0,0.0,0.0,10
2023-05-10 21:06:09,OI311P9500,OI311P9500,1336.0,0.0,0.0,0.0,1,816.5,1993.5,1,1336.0,0.0,0.0,0.0,0.0,0.0,10
2023-05-10 21:06:10,OI311P9500,OI311P9500,1336.0,0.0,0.0,0.0,10,817.0,1993.5,1,1336.0,0.0,0.0,0.0,0.0,0.0,10
2023-05-10 21:06:10,OI311P9500,OI311P9500,1336.0,0.0,0.0,0.0,1,818.5,1993.5,1,1336.0,0.0,0.0,0.0,0.0,0.0,10
2023-05-10 21:06:11,OI311P9500,OI311P9500,1336.0,0.0,0.0,0.0,10,819.0,1993.5,1,1336.0,0.0,0.0,0.0,0.0,0.0,10
2023-05-10 21:06:11,OI311P9500,OI311P9500,1336.0,0.0,0.0,0.0,1,820.5,1993.5,1,1336.0,0.0,0.0,0.0,0.0,0.0,10
2023-05-10 21:06:12,OI311P9500,OI311P9500,1336.0,0.0,0.0,0.0,10,821.0,1993.5,1,1336.0,0.0,0.0,0.0,0.0,0.0,10
2023-05-10 21:06:14,OI311P9500,OI311P9500,1336.0,0.0,0.0,0.0,1,822.5,1993.5,1,1336.0,0.0,0.0,0.0,0.0,0.0,10
2023-05-10 21:06:15,OI311P9500,OI311P9500,1336.0,0.0,0.0,0.0,10,823.0,1993.5,1,1336.0,0.0,0.0,0.0,0.0,0.0,10
2023-05-10 21:06:15,OI311P9500,OI311P9500,1336.0,0.0,0.0,0.0,1,824.5,1993.5,1,1336.0,0.0,0.0,0.0,0.0,0.0,10
2023-05-10 21:06:16,OI311P9500,OI311P9500,1336.0,0.0,0.0,0.0,10,825.0,1993.5,1,1336.0,0.0,0.0,0.0,0.0,0.0,10
2023-05-10 21:06:17,OI311P9500,OI311P9500,1336.0,0.0,0.0,0.0,1,826.5,1993.5,1,1336.0,0.0,0.0,0.0,0.0,0.0,10
2023-05-10 21:06:18,OI311P9500,OI311P9500,1336.0,0.0,0.0,0.0,10,827.0,1993.5,1,1336.0,0.0,0.0,0.0,0.0,0.0,10
2023-05-10 21:06:20,OI311P9500,OI311P9500,1336.0,0.0,0.0,0.0,1,828.5,1993.5,1,1336.0,0.0,0.0,0.0,0.0,0.0,10
2023-05-10 21:06:21,OI311P9500,OI311P9500,1336.0,0.0,0.0,0.0,10,829.0,1993.5,1,1336.0,0.0,0.0,0.0,0.0,0.0,10
2023-05-10 21:06:22,OI311P9500,OI311P9500,1336.0,0.0,0.0,0.0,1,830.5,1993.5,1,1336.0,0.0,0.0,0.0,0.0,0.0,10
2023-05-10 21:06:23,OI311P9500,OI311P9500,1336.0,0.0,0.0,0.0,10,831.0,1993.5,1,1336.0,0.0,0.0,0.0,0.0,0.0,10
2023-05-10 21:06:23,OI311P9500,OI311P9500,1336.0,0.0,0.0,0.0,1,832.5,1993.5,1,1336.0,0.0,0.0,0.0,0.0,0.0,10
2023-05-10 21:06:24,OI311P9500,OI311P9500,1336.0,0.0,0.0,0.0,10,833.0,1993.5,1,1336.0,0.0,0.0,0.0,0.0,0.0,10
2023-05-10 21:06:25,OI311P9500,OI311P9500,1336.0,0.0,0.0,0.0,1,834.5,1993.5,1,1336.0,0.0,0.0,0.0,0.0,0.0,10
2023-05-10 21:06:26,OI311P9500,OI311P9500,1336.0,0.0,0.0,0.0,10,835.0,1993.5,1,1336.0,0.0,0.0,0.0,0.0,0.0,10
2023-05-10 21:06:26,OI311P9500,OI311P9500,1336.0,0.0,0.0,0.0,1,836.5,1993.5,1,1336.0,0.0,0.0,0.0,0.0,0.0,10
2023-05-10 21:06:27,OI311P9500,OI311P9500,1336.0,0.0,0.0,0.0,10,837.0,1993.5,1,1336.0,0.0,0.0,0.0,0.0,0.0,10
2023-05-10 21:06:28,OI311P9500,OI311P9500,1336.0,0.0,0.0,0.0,1,838.5,1993.5,1,1336.0,0.0,0.0,0.0,0.0,0.0,10
2023-05-10 21:06:29,OI311P9500,OI311P9500,1336.0,0.0,0.0,0.0,10,839.0,1993.5,1,1336.0,0.0,0.0,0.0,0.0,0.0,10
2023-05-10 21:06:29,OI311P9500,OI311P9500,1336.0,0.0,0.0,0.0,1,840.5,1993.5,1,1336.0,0.0,0.0,0.0,0.0,0.0,10
2023-05-10 21:06:30,OI311P9500,OI311P9500,1336.0,0.0,0.0,0.0,10,841.0,1993.5,1,1336.0,0.0,0.0,0.0,0.0,0.0,10
2023-05-10 21:06:30,OI311P9500,OI311P9500,1336.0,0.0,0.0,0.0,1,842.5,1993.5,1,1336.0,0.0,0.0,0.0,0.0,0.0,10
2023-05-10 21:06:31,OI311P9500,OI311P9500,1336.0,0.0,0.0,0.0,10,843.0,1993.5,1,1336.0,0.0,0.0,0.0,0.0,0.0,10
2023-05-10 21:06:31,OI311P9500,OI311P9500,1336.0,0.0,0.0,0.0,1,844.5,1993.5,1,1336.0,0.0,0.0,0.0,0.0,0.0,10
2023-05-10 21:06:32,OI311P9500,OI311P9500,1336.0,0.0,0.0,0.0,10,845.0,1993.5,1,1336.0,0.0,0.0,0.0,0.0,0.0,10
2023-05-10 21:06:32,OI311P9500,OI311P9500,1336.0,0.0,0.0,0.0,1,846.5,1993.5,1,1336.0,0.0,0.0,0.0,0.0,0.0,10
2023-05-10 21:06:33,OI311P9500,OI311P9500,1336.0,0.0,0.0,0.0,10,847.0,1993.5,1,1336.0,0.0,0.0,0.0,0.0,0.0,10
2023-05-10 21:06:33,OI311P9500,OI311P9500,1336.0,0.0,0.0,0.0,1,848.5,1993.5,1,1336.0,0.0,0.0,0.0,0.0,0.0,10
2023-05-10 21:06:34,OI311P9500,OI311P9500,1336.0,0.0,0.0,0.0,10,849.0,1993.5,1,1336.0,0.0,0.0,0.0,0.0,0.0,10
2023-05-10 21:06:34,OI311P9500,OI311P9500,1336.0,0.0,0.0,0.0,1,850.5,1993.5,1,1336.0,0.0,0.0,0.0,0.0,0.0,10
2023-05-10 21:06:35,OI311P9500,OI311P9500,1336.0,0.0,0.0,0.0,10,851.0,1993.5,1,1336.0,0.0,0.0,0.0,0.0,0.0,10
2023-05-10 21:06:35,OI311P9500,OI311P9500,1336.0,0.0,0.0,0.0,1,852.5,1993.5,1,1336.0,0.0,0.0,0.0,0.0,0.0,10
2023-05-10 21:06:36,OI311P9500,OI311P9500,1336.0,0.0,0.0,0.0,10,853.0,1993.5,1,1336.0,0.0,0.0,0.0,0.0,0.0,10
2023-05-10 21:06:36,OI311P9500,OI311P9500,1336.0,0.0,0.0,0.0,1,854.5,1993.5,1,1336.0,0.0,0.0,0.0,0.0,0.0,10
2023-05-10 21:06:37,OI311P9500,OI311P9500,1336.0,0.0,0.0,0.0,10,855.0,1993.5,1,1336.0,0.0,0.0,0.0,0.0,0.0,10
2023-05-10 21:06:37,OI311P9500,OI311P9500,1336.0,0.0,0.0,0.0,1,856.5,1993.5,1,1336.0,0.0,0.0,0.0,0.0,0.0,10
2023-05-10 21:06:38,OI311P9500,OI311P9500,1336.0,0.0,0.0,0.0,10,857.0,1993.5,1,1336.0,0.0,0.0,0.0,0.0,0.0,10
2023-05-10 21:06:38,OI311P9500,OI311P9500,1336.0,0.0,0.0,0.0,1,858.5,1993.5,1,1336.0,0.0,0.0,0.0,0.0,0.0,10
2023-05-10 21:06:39,OI311P9500,OI311P9500,1336.0,0.0,0.0,0.0,10,859.0,1993.5,1,1336.0,0.0,0.0,0.0,0.0,0.0,10
2023-05-10 21:06:39,OI311P9500,OI311P9500,1336.0,0.0,0.0,0.0,1,860.5,1993.5,1,1336.0,0.0,0.0,0.0,0.0,0.0,10
2023-05-10 21:06:40,OI311P9500,OI311P9500,1336.0,0.0,0.0,0.0,10,861.0,1993.5,1,1336.0,0.0,0.0,0.0,0.0,0.0,10
2023-05-10 21:06:40,OI311P9500,OI311P9500,1336.0,0.0,0.0,0.0,1,862.5,1993.5,1,1336.0,0.0,0.0,0.0,0.0,0.0,10
2023-05-10 21:06:41,OI311P9500,OI311P9500,1336.0,0.0,0.0,0.0,10,863.0,1993.5,1,1336.0,0.0,0.0,0.0,0.0,0.0,10
2023-05-10 21:06:41,OI311P9500,OI311P9500,1336.0,0.0,0.0,0.0,1,864.5,1993.5,1,1336.0,0.0,0.0,0.0,0.0,0.0,10
2023-05-10 21:06:42,OI311P9500,OI311P9500,1336.0,0.0,0.0,0.0,10,865.0,1993.5,1,1336.0,0.0,0.0,0.0,0.0,0.0,10
2023-05-10 21:06:42,OI311P9500,OI311P9500,1336.0,0.0,0.0,0.0,1,866.5,1993.5,1,1336.0,0.0,0.0,0.0,0.0,0.0,10
2023-05-10 21:06:43,OI311P9500,OI311P9500,1336.0,0.0,0.0,0.0,10,867.0,1993.5,1,1336.0,0.0,0.0,0.0,0.0,0.0,10
2023-05-10 21:06:43,OI311P9500,OI311P9500,1336.0,0.0,0.0,0.0,1,868.5,1993.5,1,1336.0,0.0,0.0,0.0,0.0,0.0,10
2023-05-10 21:06:44,OI311P9500,OI311P9500,1336.0,0.0,0.0,0.0,10,869.0,1993.5,1,1336.0,0.0,0.0,0.0,0.0,0.0,10
2023-05-10 21:06:44,OI311P9500,OI311P9500,1336.0,0.0,0.0,0.0,1,870.5,1993.5,1,1336.0,0.0,0.0,0.0,0.0,0.0,10
2023-05-10 21:06:45,OI311P9500,OI311P9500,1336.0,0.0,0.0,0.0,10,871.0,1993.5,1,1336.0,0.0,0.0,0.0,0.0,0.0,10
2023-05-10 21:06:45,OI311P9500,OI311P9500,1336.0,0.0,0.0,0.0,1,872.5,1993.5,1,1336.0,0.0,0.0,0.0,0.0,0.0,10
2023-05-10 21:06:46,OI311P9500,OI311P9500,1336.0,0.0,0.0,0.0,10,873.0,1993.5,1,1336.0,0.0,0.0,0.0,0.0,0.0,10
2023-05-10 21:06:46,OI311P9500,OI311P9500,1336.0,0.0,0.0,0.0,1,874.5,1993.5,1,1336.0,0.0,0.0,0.0,0.0,0.0,10
2023-05-10 21:06:47,OI311P9500,OI311P9500,1336.0,0.0,0.0,0.0,10,875.0,1993.5,1,1336.0,0.0,0.0,0.0,0.0,0.0,10
2023-05-10 21:06:47,OI311P9500,OI311P9500,1336.0,0.0,0.0,0.0,1,876.5,1993.5,1,1336.0,0.0,0.0,0.0,0.0,0.0,10
2023-05-10 21:06:48,OI311P9500,OI311P9500,1336.0,0.0,0.0,0.0,10,877.0,1993.5,1,1336.0,0.0,0.0,0.0,0.0,0.0,10
2023-05-10 21:06:48,OI311P9500,OI311P9500,1336.0,0.0,0.0,0.0,1,878.5,1993.5,1,1336.0,0.0,0.0,0.0,0.0,0.0,10
2023-05-10 21:06:49,OI311P9500,OI311P9500,1336.0,0.0,0.0,0.0,10,879.0,1993.5,1,1336.0,0.0,0.0,0.0,0.0,0.0,10
2023-05-10 21:06:49,OI311P9500,OI311P9500,1336.0,0.0,0.0,0.0,1,880.5,1993.5,1,1336.0,0.0,0.0,0.0,0.0,0.0,10
2023-05-10 21:06:50,OI311P9500,OI311P9500,1336.0,0.0,0.0,0.0,10,881.0,1993.5,1,1336.0,0.0,0.0,0.0,0.0,0.0,10
2023-05-10 21:06:50,OI311P9500,OI311P9500,1336.0,0.0,0.0,0.0,1,882.5,1993.5,1,1336.0,0.0,0.0,0.0,0.0,0.0,10
2023-05-10 21:06:51,OI311P9500,OI311P9500,1336.0,0.0,0.0,0.0,10,883.0,1993.5,1,1336.0,0.0,0.0,0.0,0.0,0.0,10
2023-05-10 21:06:51,OI311P9500,OI311P9500,1336.0,0.0,0.0,0.0,1,884.5,1993.5,1,1336.0,0.0,0.0,0.0,0.0,0.0,10
2023-05-10 21:06:52,OI311P9500,OI311P9500,1336.0,0.0,0.0,0.0,10,885.0,1993.5,1,1336.0,0.0,0.0,0.0,0.0,0.0,10
2023-05-10 21:06:52,OI311P9500,OI311P9500,1336.0,0.0,0.0,0.0,1,886.5,1993.5,1,1336.0,0.0,0.0,0.0,0.0,0.0,10
2023-05-10 21:06:53,OI311P9500,OI311P9500,1336.0,0.0,0.0,0.0,10,887.0,1993.5,1,1336.0,0.0,0.0,0.0,0.0,0.0,10
2023-05-10 21:06:53,OI311P9500,OI311P9500,1336.0,0.0,0.0,0.0,1,888.5,1993.5,1,1336.0,0.0,0.0,0.0,0.0,0.0,10
2023-05-10 21:06:54,OI311P9500,OI311P9500,1336.0,0.0,0.0,0.0,10,889.0,1993.5,1,1336.0,0.0,0.0,0.0,0.0,0.0,10
2023-05-10 21:06:54,OI311P9500,OI311P9500,1336.0,0.0,0.0,0.0,1,890.5,1993.5,1,1336.0,0.0,0.0,0.0,0.0,0.0,10
2023-05-10 21:06:55,OI311P9500,OI311P9500,1336.0,0.0,0.0,0.0,10,891.0,1993.5,1,1336.0,0.0,0.0,0.0,0.0,0.0,10
2023-05-10 21:06:55,OI311P9500,OI311P9500,1336.0,0.0,0.0,0.0,1,892.5,1993.5,1,1336.0,0.0,0.0,0.0,0.0,0.0,10
2023-05-10 21:06:56,OI311P9500,OI311P9500,1336.0,0.0,0.0,0.0,10,893.0,1993.5,1,1336.0,0.0,0.0,0.0,0.0,0.0,10
2023-05-10 21:06:56,OI311P9500,OI311P9500,1336.0,0.0,0.0,0.0,1,894.5,1993.5,1,1336.0,0.0,0.0,0.0,0.0,0.0,10
2023-05-10 21:06:57,OI311P9500,OI311P9500,1336.0,0.0,0.0,0.0,10,895.0,1993.5,1,1336.0,0.0,0.0,0.0,0.0,0.0,10
2023-05-10 21:06:57,OI311P9500,OI311P9500,1336.0,0.0,0.0,0.0,1,896.5,1993.5,1,1336.0,0.0,0.0,0.0,0.0,0.0,10
2023-05-10 21:06:58,OI311P9500,OI311P9500,1336.0,0.0,0.0,0.0,10,897.0,1993.5,1,1336.0,0.0,0.0,0.0,0.0,0.0,10
2023-05-10 21:06:58,OI311P9500,OI311P9500,1336.0,0.0,0.0,0.0,1,898.5,1993.5,1,1336.0,0.0,0.0,0.0,0.0,0.0,10
2023-05-10 21:06:59,OI311P9500,OI311P9500,1336.0,0.0,0.0,0.0,10,899.0,1993.5,1,1336.0,0.0,0.0,0.0,0.0,0.0,10
2023-05-10 21:06:59,OI311P9500,OI311P9500,1336.0,0.0,0.0,0.0,1,900.5,1993.5,1,1336.0,0.0,0.0,0.0,0.0,0.0,10
2023-05-10 21:07:00,OI311P9500,OI311P9500,1336.0,0.0,0.0,0.0,10,901.0,1993.5,1,1336.0,0.0,0.0,0.0,0.0,0.0,10
2023-05-10 21:07:00,OI311P9500,OI311P9500,1336.0,0.0,0.0,0.0,1,902.5,1993.5,1,1336.0,0.0,0.0,0.0,0.0,0.0,10
2023-05-10 21:07:01,OI311P9500,OI311P9500,1336.0,0.0,0.0,0.0,10,903.0,1993.5,1,1336.0,0.0,0.0,0.0,0.0,0.0,10
2023-05-10 21:07:01,OI311P9500,OI311P9500,1336.0,0.0,0.0,0.0,1,904.5,1993.5,1,1336.0,0.0,0.0,0.0,0.0,0.0,10
2023-05-10 21:07:02,OI311P9500,OI311P9500,1336.0,0.0,0.0,0.0,10,905.0,1993.5,1,1336.0,0.0,0.0,0.0,0.0,0.0,10
2023-05-10 21:07:02,OI311P9500,OI311P9500,1336.0,0.0,0.0,0.0,1,906.5,1993.5,1,1336.0,0.0,0.0,0.0,0.0,0.0,10
2023-05-10 21:07:03,OI311P9500,OI311P9500,1336.0,0.0,0.0,0.0,10,907.0,1993.5,1,1336.0,0.0,0.0,0.0,0.0,0.0,10
2023-05-10 21:07:03,OI311P9500,OI311P9500,1336.0,0.0,0.0,0.0,1,908.5,1993.5,1,1336.0,0.0,0.0,0.0,0.0,0.0,10
2023-05-10 21:07:04,OI311P9500,OI311P9500,1336.0,0.0,0.0,0.0,10,909.0,1993.5,1,1336.0,0.0,0.0,0.0,0.0,0.0,10
2023-05-10 21:07:04,OI311P9500,OI311P9500,1336.0,0.0,0.0,0.0,1,910.5,1993.5,1,1336.0,0.0,0.0,0.0,0.0,0.0,10
2023-05-10 21:07:05,OI311P9500,OI311P9500,1336.0,0.0,0.0,0.0,10,911.0,1993.5,1,1336.0,0.0,0.0,0.0,0.0,0.0,10
2023-05-10 21:07:05,OI311P9500,OI311P9500,1336.0,0.0,0.0,0.0,1,912.5,1993.5,1,1336.0,0.0,0.0,0.0,0.0,0.0,10
2023-05-10 21:07:06,OI311P9500,OI311P9500,1336.0,0.0,0.0,0.0,10,913.0,1993.5,1,1336.0,0.0,0.0,0.0,0.0,0.0,10
2023-05-10 21:07:06,OI311P9500,OI311P9500,1336.0,0.0,0.0,0.0,1,914.5,1993.5,1,1336.0,0.0,0.0,0.0,0.0,0.0,10
2023-05-10 21:07:07,OI311P9500,OI311P9500,1336.0,0.0,0.0,0.0,10,915.0,1993.5,1,1336.0,0.0,0.0,0.0,0.0,0.0,10
2023-05-10 21:07:07,OI311P9500,OI311P9500,1336.0,0.0,0.0,0.0,1,916.5,1993.5,1,1336.0,0.0,0.0,0.0,0.0,0.0,10
2023-05-10 21:07:08,OI311P9500,OI311P9500,1336.0,0.0,0.0,0.0,10,917.0,1993.5,1,1336.0,0.0,0.0,0.0,0.0,0.0,10
2023-05-10 21:07:08,OI311P9500,OI311P9500,1336.0,0.0,0.0,0.0,1,918.5,1993.5,1,1336.0,0.0,0.0,0.0,0.0,0.0,10
2023-05-10 21:07:09,OI311P9500,OI311P9500,1336.0,0.0,0.0,0.0,10,919.0,1993.5,1,1336.0,0.0,0.0,0.0,0.0,0.0,10
2023-05-10 21:07:09,OI311P9500,OI311P9500,1336.0,0.0,0.0,0.0,1,920.5,1993.5,1,1336.0,0.0,0.0,0.0,0.0,0.0,10
2023-05-10 21:07:10,OI311P9500,OI311P9500,1336.0,0.0,0.0,0.0,10,921.0,1993.5,1,1336.0,0.0,0.0,0.0,0.0,0.0,10
2023-05-10 21:07:10,OI311P9500,OI311P9500,1336.0,0.0,0.0,0.0,1,922.5,1993.5,1,1336.0,0.0,0.0,0.0,0.0,0.0,10
2023-05-10 21:07:11,OI311P9500,OI311P9500,1336.0,0.0,0.0,0.0,10,923.0,1993.5,1,1336.0,0.0,0.0,0.0,0.0,0.0,10
2023-05-10 21:07:11,OI311P9500,OI311P9500,1336.0,0.0,0.0,0.0,1,924.5,1993.5,1,1336.0,0.0,0.0,0.0,0.0,0.0,10
2023-05-10 21:07:12,OI311P9500,OI311P9500,1336.0,0.0,0.0,0.0,10,925.0,1993.5,1,1336.0,0.0,0.0,0.0,0.0,0.0,10
2023-05-10 21:07:12,OI311P9500,OI311P9500,1336.0,0.0,0.0,0.0,1,926.5,1993.5,1,1336.0,0.0,0.0,0.0,0.0,0.0,10
2023-05-10 21:07:13,OI311P9500,OI311P9500,1336.0,0.0,0.0,0.0,10,927.0,1993.5,1,1336.0,0.0,0.0,0.0,0.0,0.0,10
2023-05-10 21:07:13,OI311P9500,OI311P9500,1336.0,0.0,0.0,0.0,1,928.5,1993.5,1,1336.0,0.0,0.0,0.0,0.0,0.0,10
2023-05-10 21:07:14,OI311P9500,OI311P9500,1336.0,0.0,0.0,0.0,10,929.0,1993.5,1,1336.0,0.0,0.0,0.0,0.0,0.0,10
2023-05-10 21:07:14,OI311P9500,OI311P9500,1336.0,0.0,0.0,0.0,1,930.5,1993.5,1,1336.0,0.0,0.0,0.0,0.0,0.0,10
2023-05-10 21:07:15,OI311P9500,OI311P9500,1336.0,0.0,0.0,0.0,10,931.0,1993.5,1,1336.0,0.0,0.0,0.0,0.0,0.0,10
2023-05-10 21:07:15,OI311P9500,OI311P9500,1336.0,0.0,0.0,0.0,1,932.5,1993.5,1,1336.0,0.0,0.0,0.0,0.0,0.0,10
2023-05-10 21:07:16,OI311P9500,OI311P9500,1336.0,0.0,0.0,0.0,10,933.0,1993.5,1,1336.0,0.0,0.0,0.0,0.0,0.0,10
2023-05-10 21:07:16,OI311P9500,OI311P9500,1336.0,0.0,0.0,0.0,1,934.5,1993.5,1,1336.0,0.0,0.0,0.0,0.0,0.0,10
2023-05-10 21:07:17,OI311P9500,OI311P9500,1336.0,0.0,0.0,0.0,10,935.0,1993.5,1,1336.0,0.0,0.0,0.0,0.0,0.0,10
2023-05-10 21:07:17,OI311P9500,OI311P9500,1336.0,0.0,0.0,0.0,1,936.5,1993.5,1,1336.0,0.0,0.0,0.0,0.0,0.0,10
2023-05-10 21:07:18,OI311P9500,OI311P9500,1336.0,0.0,0.0,0.0,10,937.0,1993.5,1,1336.0,0.0,0.0,0.0,0.0,0.0,10
2023-05-10 21:07:18,OI311P9500,OI311P9500,1336.0,0.0,0.0,0.0,1,938.5,1993.5,1,1336.0,0.0,0.0,0.0,0.0,0.0,10
2023-05-10 21:07:19,OI311P9500,OI311P9500,1336.0,0.0,0.0,0.0,10,939.0,1993.5,1,1336.0,0.0,0.0,0.0,0.0,0.0,10
2023-05-10 21:07:19,OI311P9500,OI311P9500,1336.0,0.0,0.0,0.0,1,940.5,1993.5,1,1336.0,0.0,0.0,0.0,0.0,0.0,10
2023-05-10 21:07:20,OI311P9500,OI311P9500,1336.0,0.0,0.0,0.0,10,941.0,1993.5,1,1336.0,0.0,0.0,0.0,0.0,0.0,10
2023-05-10 21:07:20,OI311P9500,OI311P9500,1336.0,0.0,0.0,0.0,1,942.5,1993.5,1,1336.0,0.0,0.0,0.0,0.0,0.0,10
2023-05-10 21:07:21,OI311P9500,OI311P9500,1336.0,0.0,0.0,0.0,10,943.0,1993.5,1,1336.0,0.0,0.0,0.0,0.0,0.0,10
2023-05-10 21:07:21,OI311P9500,OI311P9500,1336.0,0.0,0.0,0.0,1,944.5,1993.5,1,1336.0,0.0,0.0,0.0,0.0,0.0,10
2023-05-10 21:07:22,OI311P9500,OI311P9500,1336.0,0.0,0.0,0.0,10,945.0,1993.5,1,1336.0,0.0,0.0,0.0,0.0,0.0,10
2023-05-10 21:07:22,OI311P9500,OI311P9500,1336.0,0.0,0.0,0.0,1,946.5,1993.5,1,1336.0,0.0,0.0,0.0,0.0,0.0,10
2023-05-10 21:07:23,OI311P9500,OI311P9500,1336.0,0.0,0.0,0.0,10,947.0,1993.5,1,1336.0,0.0,0.0,0.0,0.0,0.0,10
2023-05-10 21:07:23,OI311P9500,OI311P9500,1336.0,0.0,0.0,0.0,1,948.5,1993.5,1,1336.0,0.0,0.0,0.0,0.0,0.0,10
2023-05-10 21:07:24,OI311P9500,OI311P9500,1336.0,0.0,0.0,0.0,10,949.0,1993.5,1,1336.0,0.0,0.0,0.0,0.0,0.0,10
2023-05-10 21:07:24,OI311P9500,OI311P9500,1336.0,0.0,0.0,0.0,1,950.5,1993.5,1,1336.0,0.0,0.0,0.0,0.0,0.0,10
2023-05-10 21:07:25,OI311P9500,OI311P9500,1336.0,0.0,0.0,0.0,10,951.0,1993.5,1,1336.0,0.0,0.0,0.0,0.0,0.0,10
2023-05-10 21:07:25,OI311P9500,OI311P9500,1336.0,0.0,0.0,0.0,1,952.5,1993.5,1,1336.0,0.0,0.0,0.0,0.0,0.0,10
2023-05-10 21:07:26,OI311P9500,OI311P9500,1336.0,0.0,0.0,0.0,10,953.0,1993.5,1,1336.0,0.0,0.0,0.0,0.0,0.0,10
2023-05-10 21:07:26,OI311P9500,OI311P9500,1336.0,0.0,0.0,0.0,1,954.5,1993.5,1,1336.0,0.0,0.0,0.0,0.0,0.0,10
2023-05-10 21:07:27,OI311P9500,OI311P9500,1336.0,0.0,0.0,0.0,10,955.0,1993.5,1,1336.0,0.0,0.0,0.0,0.0,0.0,10
2023-05-10 21:07:27,OI311P9500,OI311P9500,1336.0,0.0,0.0,0.0,1,956.5,1993.5,1,1336.0,0.0,0.0,0.0,0.0,0.0,10
2023-05-10 21:07:28,OI311P9500,OI311P9500,1336.0,0.0,0.0,0.0,10,957.0,1993.5,1,1336.0,0.0,0.0,0.0,0.0,0.0,10
2023-05-10 21:07:28,OI311P9500,OI311P9500,1336.0,0.0,0.0,0.0,1,958.5,1993.5,1,1336.0,0.0,0.0,0.0,0.0,0.0,10
2023-05-10 21:07:29,OI311P9500,OI311P9500,1336.0,0.0,0.0,0.0,10,959.0,1993.5,1,1336.0,0.0,0.0,0.0,0.0,0.0,10
2023-05-10 21:07:29,OI311P9500,OI311P9500,1336.0,0.0,0.0,0.0,1,960.5,1993.5,1,1336.0,0.0,0.0,0.0,0.0,0.0,10
2023-05-10 21:07:30,OI311P9500,OI311P9500,1336.0,0.0,0.0,0.0,10,961.0,1993.5,1,1336.0,0.0,0.0,0.0,0.0,0.0,10
2023-05-10 21:07:30,OI311P9500,OI311P9500,1336.0,0.0,0.0,0.0,1,962.5,1993.5,1,1336.0,0.0,0.0,0.0,0.0,0.0,10
2023-05-10 21:07:31,OI311P9500,OI311P9500,1336.0,0.0,0.0,0.0,10,963.0,1993.5,1,1336.0,0.0,0.0,0.0,0.0,0.0,10
2023-05-10 21:07:31,OI311P9500,OI311P9500,1336.0,0.0,0.0,0.0,1,964.5,1993.5,1,1336.0,0.0,0.0,0.0,0.0,0.0,10
2023-05-10 21:07:32,OI311P9500,OI311P9500,1336.0,0.0,0.0,0.0,10,965.0,1993.5,1,1336.0,0.0,0.0,0.0,0.0,0.0,10
2023-05-10 21:07:32,OI311P9500,OI311P9500,1336.0,0.0,0.0,0.0,1,966.5,1993.5,1,1336.0,0.0,0.0,0.0,0.0,0.0,10
2023-05-10 21:07:33,OI311P9500,OI311P9500,1336.0,0.0,0.0,0.0,10,967.0,1993.5,1,1336.0,0.0,0.0,0.0,0.0,0.0,10
2023-05-10 21:07:33,OI311P9500,OI311P9500,1336.0,0.0,0.0,0.0,1,968.5,1993.5,1,1336.0,0.0,0.0,0.0,0.0,0.0,10
2023-05-10 21:07:34,OI311P9500,OI311P9500,1336.0,0.0,0.0,0.0,10,969.0,1993.5,1,1336.0,0.0,0.0,0.0,0.0,0.0,10
2023-05-10 21:07:34,OI311P9500,OI311P9500,1336.0,0.0,0.0,0.0,1,970.5,1993.5,1,1336.0,0.0,0.0,0.0,0.0,0.0,10
2023-05-10 21:07:35,OI311P9500,OI311P9500,1336.0,0.0,0.0,0.0,10,971.0,1993.5,1,1336.0,0.0,0.0,0.0,0.0,0.0,10
2023-05-10 21:07:35,OI311P9500,OI311P9500,1336.0,0.0,0.0,0.0,1,972.5,1993.5,1,1336.0,0.0,0.0,0.0,0.0,0.0,10
2023-05-10 21:07:36,OI311P9500,OI311P9500,1336.0,0.0,0.0,0.0,10,973.0,1993.5,1,1336.0,0.0,0.0,0.0,0.0,0.0,10
2023-05-10 21:07:36,OI311P9500,OI311P9500,1336.0,0.0,0.0,0.0,1,974.5,1993.5,1,1336.0,0.0,0.0,0.0,0.0,0.0,10
2023-05-10 21:07:37,OI311P9500,OI311P9500,1336.0,0.0,0.0,0.0,10,975.0,1993.5,1,1336.0,0.0,0.0,0.0,0.0,0.0,10
2023-05-10 21:07:37,OI311P9500,OI311P9500,1336.0,0.0,0.0,0.0,1,976.5,1993.5,1,1336.0,0.0,0.0,0.0,0.0,0.0,10
2023-05-10 21:07:38,OI311P9500,OI311P9500,1336.0,0.0,0.0,0.0,10,977.0,1993.5,1,1336.0,0.0,0.0,0.0,0.0,0.0,10
2023-05-10 21:07:38,OI311P9500,OI311P9500,1336.0,0.0,0.0,0.0,1,978.5,1993.5,1,1336.0,0.0,0.0,0.0,0.0,0.0,10
2023-05-10 21:07:39,OI311P9500,OI311P9500,1336.0,0.0,0.0,0.0,10,979.0,1993.5,1,1336.0,0.0,0.0,0.0,0.0,0.0,10
2023-05-10 21:07:39,OI311P9500,OI311P9500,1336.0,0.0,0.0,0.0,1,980.5,1993.5,1,1336.0,0.0,0.0,0.0,0.0,0.0,10
2023-05-10 21:07:40,OI311P9500,OI311P9500,1336.0,0.0,0.0,0.0,10,981.0,1993.5,1,1336.0,0.0,0.0,0.0,0.0,0.0,10
2023-05-10 21:07:40,OI311P9500,OI311P9500,1336.0,0.0,0.0,0.0,1,982.5,1993.5,1,1336.0,0.0,0.0,0.0,0.0,0.0,10
2023-05-10 21:07:41,OI311P9500,OI311P9500,1336.0,0.0,0.0,0.0,10,983.0,1993.5,1,1336.0,0.0,0.0,0.0,0.0,0.0,10
2023-05-10 21:07:41,OI311P9500,OI311P9500,1336.0,0.0,0.0,0.0,1,984.5,1993.5,1,1336.0,0.0,0.0,0.0,0.0,0.0,10
2023-05-10 21:07:42,OI311P9500,OI311P9500,1336.0,0.0,0.0,0.0,10,985.0,1993.5,1,1336.0,0.0,0.0,0.0,0.0,0.0,10
2023-05-10 21:07:42,OI311P9500,OI311P9500,1336.0,0.0,0.0,0.0,1,986.5,1993.5,1,1336.0,0.0,0.0,0.0,0.0,0.0,10
2023-05-10 21:07:43,OI311P9500,OI311P9500,1336.0,0.0,0.0,0.0,10,987.0,1993.5,1,1336.0,0.0,0.0,0.0,0.0,0.0,10
2023-05-10 21:07:43,OI311P9500,OI311P9500,1336.0,0.0,0.0,0.0,1,988.5,1993.5,1,1336.0,0.0,0.0,0.0,0.0,0.0,10
2023-05-10 21:07:44,OI311P9500,OI311P9500,1336.0,0.0,0.0,0.0,10,989.0,1993.5,1,1336.0,0.0,0.0,0.0,0.0,0.0,10
2023-05-10 21:07:44,OI311P9500,OI311P9500,1336.0,0.0,0.0,0.0,1,990.5,1993.5,1,1336.0,0.0,0.0,0.0,0.0,0.0,10
2023-05-10 21:07:45,OI311P9500,OI311P9500,1336.0,0.0,0.0,0.0,10,991.0,1993.5,1,1336.0,0.0,0.0,0.0,0.0,0.0,10
2023-05-10 21:07:45,OI311P9500,OI311P9500,1336.0,0.0,0.0,0.0,1,992.5,1993.5,1,1336.0,0.0,0.0,0.0,0.0,0.0,10
2023-05-10 21:07:46,OI311P9500,OI311P9500,1336.0,0.0,0.0,0.0,10,993.0,1993.5,1,1336.0,0.0,0.0,0.0,0.0,0.0,10
2023-05-10 21:07:46,OI311P9500,OI311P9500,1336.0,0.0,0.0,0.0,1,994.5,1993.5,1,1336.0,0.0,0.0,0.0,0.0,0.0,10
2023-05-10 21:07:47,OI311P9500,OI311P9500,1336.0,0.0,0.0,0.0,10,995.0,1993.5,1,1336.0,0.0,0.0,0.0,0.0,0.0,10
2023-05-10 21:07:48,OI311P9500,OI311P9500,1336.0,0.0,0.0,0.0,1,996.5,1993.5,1,1336.0,0.0,0.0,0.0,0.0,0.0,10
2023-05-10 21:07:49,OI311P9500,OI311P9500,1336.0,0.0,0.0,0.0,10,997.0,1993.5,1,1336.0,0.0,0.0,0.0,0.0,0.0,10
2023-05-10 21:07:49,OI311P9500,OI311P9500,1336.0,0.0,0.0,0.0,1,998.5,1993.5,1,1336.0,0.0,0.0,0.0,0.0,0.0,10
2023-05-10 21:07:50,OI311P9500,OI311P9500,1336.0,0.0,0.0,0.0,10,999.0,1993.5,1,1336.0,0.0,0.0,0.0,0.0,0.0,10
2023-05-10 21:07:51,OI311P9500,OI311P9500,1336.0,0.0,0.0,0.0,1,1000.5,1993.5,1,1336.0,0.0,0.0,0.0,0.0,0.0,10
2023-05-10 21:07:52,OI311P9500,OI311P9500,1336.0,0.0,0.0,0.0,10,1001.0,1993.5,1,1336.0,0.0,0.0,0.0,0.0,0.0,10
2023-05-10 21:07:53,OI311P9500,OI311P9500,1336.0,0.0,0.0,0.0,1,1002.5,1993.5,1,1336.0,0.0,0.0,0.0,0.0,0.0,10
2023-05-10 21:07:54,OI311P9500,OI311P9500,1336.0,0.0,0.0,0.0,10,1003.0,1993.5,1,1336.0,0.0,0.0,0.0,0.0,0.0,10
2023-05-10 21:07:54,OI311P9500,OI311P9500,1336.0,0.0,0.0,0.0,1,1004.5,1993.5,1,1336.0,0.0,0.0,0.0,0.0,0.0,10
2023-05-10 21:07:55,OI311P9500,OI311P9500,1336.0,0.0,0.0,0.0,10,1005.0,1993.5,1,1336.0,0.0,0.0,0.0,0.0,0.0,10
2023-05-10 21:07:55,OI311P9500,OI311P9500,1336.0,0.0,0.0,0.0,1,1006.5,1993.5,1,1336.0,0.0,0.0,0.0,0.0,0.0,10
2023-05-10 21:07:56,OI311P9500,OI311P9500,1336.0,0.0,0.0,0.0,10,1007.0,1993.5,1,1336.0,0.0,0.0,0.0,0.0,0.0,10
2023-05-10 21:07:56,OI311P9500,OI311P9500,1336.0,0.0,0.0,0.0,1,1008.5,1993.5,1,1336.0,0.0,0.0,0.0,0.0,0.0,10
2023-05-10 21:07:57,OI311P9500,OI311P9500,1336.0,0.0,0.0,0.0,10,1009.0,1993.5,1,1336.0,0.0,0.0,0.0,0.0,0.0,10
2023-05-10 21:07:57,OI311P9500,OI311P9500,1336.0,0.0,0.0,0.0,1,1010.5,1993.5,1,1336.0,0.0,0.0,0.0,0.0,0.0,10
2023-05-10 21:07:58,OI311P9500,OI311P9500,1336.0,0.0,0.0,0.0,10,1011.0,1993.5,1,1336.0,0.0,0.0,0.0,0.0,0.0,10
2023-05-10 21:07:58,OI311P9500,OI311P9500,1336.0,0.0,0.0,0.0,1,1012.5,1993.5,1,1336.0,0.0,0.0,0.0,0.0,0.0,10
2023-05-10 21:07:59,OI311P9500,OI311P9500,1336.0,0.0,0.0,0.0,10,1013.0,1993.5,1,1336.0,0.0,0.0,0.0,0.0,0.0,10
2023-05-10 21:07:59,OI311P9500,OI311P9500,1336.0,0.0,0.0,0.0,1,1014.5,1993.5,1,1336.0,0.0,0.0,0.0,0.0,0.0,10
2023-05-10 21:08:00,OI311P9500,OI311P9500,1336.0,0.0,0.0,0.0,10,1015.0,1993.5,1,1336.0,0.0,0.0,0.0,0.0,0.0,10
2023-05-10 21:08:00,OI311P9500,OI311P9500,1336.0,0.0,0.0,0.0,1,1016.5,1993.5,1,1336.0,0.0,0.0,0.0,0.0,0.0,10
2023-05-10 21:08:01,OI311P9500,OI311P9500,1336.0,0.0,0.0,0.0,10,1017.0,1993.5,1,1336.0,0.0,0.0,0.0,0.0,0.0,10
2023-05-10 21:08:01,OI311P9500,OI311P9500,1336.0,0.0,0.0,0.0,1,1018.5,1993.5,1,1336.0,0.0,0.0,0.0,0.0,0.0,10
2023-05-10 21:08:02,OI311P9500,OI311P9500,1336.0,0.0,0.0,0.0,10,1019.0,1993.5,1,1336.0,0.0,0.0,0.0,0.0,0.0,10
2023-05-10 21:08:02,OI311P9500,OI311P9500,1336.0,0.0,0.0,0.0,1,1020.5,1993.5,1,1336.0,0.0,0.0,0.0,0.0,0.0,10
2023-05-10 21:08:03,OI311P9500,OI311P9500,1336.0,0.0,0.0,0.0,10,1021.0,1993.5,1,1336.0,0.0,0.0,0.0,0.0,0.0,10
2023-05-10 21:23:41,OI311P9500,OI311P9500,1336.0,0.0,0.0,0.0,1,1022.5,1993.5,1,1336.0,0.0,0.0,0.0,0.0,0.0,10
2023-05-10 21:23:42,OI311P9500,OI311P9500,1336.0,0.0,0.0,0.0,10,1023.0,1993.5,1,1336.0,0.0,0.0,0.0,0.0,0.0,10
2023-05-10 21:23:42,OI311P9500,OI311P9500,1336.0,0.0,0.0,0.0,1,1024.5,1993.5,1,1336.0,0.0,0.0,0.0,0.0,0.0,10
2023-05-10 21:23:43,OI311P9500,OI311P9500,1336.0,0.0,0.0,0.0,10,1025.0,1993.5,1,1336.0,0.0,0.0,0.0,0.0,0.0,10
2023-05-10 21:23:43,OI311P9500,OI311P9500,1336.0,0.0,0.0,0.0,1,1026.5,1993.5,1,1336.0,0.0,0.0,0.0,0.0,0.0,10
2023-05-10 21:23:44,OI311P9500,OI311P9500,1336.0,0.0,0.0,0.0,10,1027.0,1993.5,1,1336.0,0.0,0.0,0.0,0.0,0.0,10
2023-05-10 21:23:44,OI311P9500,OI311P9500,1336.0,0.0,0.0,0.0,1,1028.5,1993.5,1,1336.0,0.0,0.0,0.0,0.0,0.0,10
2023-05-10 21:23:45,OI311P9500,OI311P9500,1336.0,0.0,0.0,0.0,10,1029.0,1993.5,1,1336.0,0.0,0.0,0.0,0.0,0.0,10
2023-05-10 21:23:45,OI311P9500,OI311P9500,1336.0,0.0,0.0,0.0,1,1030.5,1993.5,1,1336.0,0.0,0.0,0.0,0.0,0.0,10
2023-05-10 21:23:46,OI311P9500,OI311P9500,1336.0,0.0,0.0,0.0,10,1031.0,1993.5,1,1336.0,0.0,0.0,0.0,0.0,0.0,10
2023-05-10 21:23:46,OI311P9500,OI311P9500,1336.0,0.0,0.0,0.0,1,1032.5,1993.5,1,1336.0,0.0,0.0,0.0,0.0,0.0,10
2023-05-10 21:23:47,OI311P9500,OI311P9500,1336.0,0.0,0.0,0.0,10,1033.0,1993.5,1,1336.0,0.0,0.0,0.0,0.0,0.0,10
2023-05-10 21:23:47,OI311P9500,OI311P9500,1336.0,0.0,0.0,0.0,1,1034.5,1993.5,1,1336.0,0.0,0.0,0.0,0.0,0.0,10
2023-05-10 21:23:48,OI311P9500,OI311P9500,1336.0,0.0,0.0,0.0,10,1035.0,1993.5,1,1336.0,0.0,0.0,0.0,0.0,0.0,10
2023-05-10 21:23:48,OI311P9500,OI311P9500,1336.0,0.0,0.0,0.0,1,1036.5,1993.5,1,1336.0,0.0,0.0,0.0,0.0,0.0,10
2023-05-10 21:23:49,OI311P9500,OI311P9500,1336.0,0.0,0.0,0.0,10,1037.0,1993.5,1,1336.0,0.0,0.0,0.0,0.0,0.0,10
2023-05-10 21:23:49,OI311P9500,OI311P9500,1336.0,0.0,0.0,0.0,1,1038.5,1993.5,1,1336.0,0.0,0.0,0.0,0.0,0.0,10
2023-05-10 21:23:50,OI311P9500,OI311P9500,1336.0,0.0,0.0,0.0,10,1039.0,1993.5,1,1336.0,0.0,0.0,0.0,0.0,0.0,10
2023-05-10 21:23:50,OI311P9500,OI311P9500,1336.0,0.0,0.0,0.0,1,1040.5,1993.5,1,1336.0,0.0,0.0,0.0,0.0,0.0,10
2023-05-10 21:23:51,OI311P9500,OI311P9500,1336.0,0.0,0.0,0.0,10,1041.0,1993.5,1,1336.0,0.0,0.0,0.0,0.0,0.0,10
2023-05-10 21:43:41,OI311P9500,OI311P9500,1336.0,0.0,0.0,0.0,1,1042.5,1993.5,1,1336.0,0.0,0.0,0.0,0.0,0.0,10
2023-05-10 21:43:42,OI311P9500,OI311P9500,1336.0,0.0,0.0,0.0,10,1043.0,1993.5,1,1336.0,0.0,0.0,0.0,0.0,0.0,10
2023-05-10 21:43:42,OI311P9500,OI311P9500,1336.0,0.0,0.0,0.0,1,1044.5,1993.5,1,1336.0,0.0,0.0,0.0,0.0,0.0,10
2023-05-10 21:43:43,OI311P9500,OI311P9500,1336.0,0.0,0.0,0.0,10,1045.0,1993.5,1,1336.0,0.0,0.0,0.0,0.0,0.0,10
2023-05-10 21:43:43,OI311P9500,OI311P9500,1336.0,0.0,0.0,0.0,1,1046.5,1993.5,1,1336.0,0.0,0.0,0.0,0.0,0.0,10
2023-05-10 21:43:44,OI311P9500,OI311P9500,1336.0,0.0,0.0,0.0,10,1047.0,1993.5,1,1336.0,0.0,0.0,0.0,0.0,0.0,10
2023-05-10 21:43:44,OI311P9500,OI311P9500,1336.0,0.0,0.0,0.0,1,1048.5,1993.5,1,1336.0,0.0,0.0,0.0,0.0,0.0,10
2023-05-10 21:43:45,OI311P9500,OI311P9500,1336.0,0.0,0.0,0.0,10,1049.0,1993.5,1,1336.0,0.0,0.0,0.0,0.0,0.0,10
2023-05-10 21:43:45,OI311P9500,OI311P9500,1336.0,0.0,0.0,0.0,1,1050.5,1993.5,1,1336.0,0.0,0.0,0.0,0.0,0.0,10
2023-05-10 21:43:46,OI311P9500,OI311P9500,1336.0,0.0,0.0,0.0,10,1051.0,1993.5,1,1336.0,0.0,0.0,0.0,0.0,0.0,10
2023-05-10 21:43:46,OI311P9500,OI311P9500,1336.0,0.0,0.0,0.0,1,1052.5,1993.5,1,1336.0,0.0,0.0,0.0,0.0,0.0,10
2023-05-10 21:43:46,OI311P9500,OI311P9500,1336.0,0.0,0.0,0.0,10,1053.0,1993.5,1,1336.0,0.0,0.0,0.0,0.0,0.0,10
2023-05-10 21:43:47,OI311P9500,OI311P9500,1336.0,0.0,0.0,0.0,1,1054.5,1993.5,1,1336.0,0.0,0.0,0.0,0.0,0.0,10
2023-05-10 21:43:47,OI311P9500,OI311P9500,1336.0,0.0,0.0,0.0,10,1055.0,1993.5,1,1336.0,0.0,0.0,0.0,0.0,0.0,10
2023-05-10 21:43:48,OI311P9500,OI311P9500,1336.0,0.0,0.0,0.0,1,1056.5,1993.5,1,1336.0,0.0,0.0,0.0,0.0,0.0,10
2023-05-10 21:43:48,OI311P9500,OI311P9500,1336.0,0.0,0.0,0.0,10,1057.0,1993.5,1,1336.0,0.0,0.0,0.0,0.0,0.0,10
2023-05-10 21:43:49,OI311P9500,OI311P9500,1336.0,0.0,0.0,0.0,1,1058.5,1993.5,1,1336.0,0.0,0.0,0.0,0.0,0.0,10
2023-05-10 21:43:50,OI311P9500,OI311P9500,1336.0,0.0,0.0,0.0,10,1059.0,1993.5,1,1336.0,0.0,0.0,0.0,0.0,0.0,10
2023-05-10 21:43:50,OI311P9500,OI311P9500,1336.0,0.0,0.0,0.0,1,1060.5,1993.5,1,1336.0,0.0,0.0,0.0,0.0,0.0,10
2023-05-10 21:43:51,OI311P9500,OI311P9500,1336.0,0.0,0.0,0.0,10,1061.0,1993.5,1,1336.0,0.0,0.0,0.0,0.0,0.0,10
2023-05-10 21:55:05,OI311P9500,OI311P9500,1336.0,0.0,0.0,0.0,0,0.0,1993.5,1,1336.0,0.0,0.0,0.0,0.0,0.0,10
2023-05-10 21:55:06,OI311P9500,OI311P9500,1336.0,0.0,0.0,0.0,1,678.5,1993.5,1,1336.0,0.0,0.0,0.0,0.0,0.0,10
2023-05-10 21:57:28,OI311P9500,OI311P9500,1336.0,0.0,0.0,0.0,10,679.0,1993.5,1,1336.0,0.0,0.0,0.0,0.0,0.0,10
2023-05-10 21:57:28,OI311P9500,OI311P9500,1336.0,0.0,0.0,0.0,1,680.5,1993.5,1,1336.0,0.0,0.0,0.0,0.0,0.0,10
2023-05-10 21:57:29,OI311P9500,OI311P9500,1336.0,0.0,0.0,0.0,10,681.0,1993.5,1,1336.0,0.0,0.0,0.0,0.0,0.0,10
2023-05-10 21:57:30,OI311P9500,OI311P9500,1336.0,0.0,0.0,0.0,1,682.5,1993.5,1,1336.0,0.0,0.0,0.0,0.0,0.0,10
2023-05-10 21:57:31,OI311P9500,OI311P9500,1336.0,0.0,0.0,0.0,10,683.0,1993.5,1,1336.0,0.0,0.0,0.0,0.0,0.0,10
2023-05-10 21:57:31,OI311P9500,OI311P9500,1336.0,0.0,0.0,0.0,1,684.5,1993.5,1,1336.0,0.0,0.0,0.0,0.0,0.0,10
2023-05-10 21:57:32,OI311P9500,OI311P9500,1336.0,0.0,0.0,0.0,10,685.0,1993.5,1,1336.0,0.0,0.0,0.0,0.0,0.0,10
2023-05-10 21:57:32,OI311P9500,OI311P9500,1336.0,0.0,0.0,0.0,1,686.5,1993.5,1,1336.0,0.0,0.0,0.0,0.0,0.0,10
2023-05-10 21:57:33,OI311P9500,OI311P9500,1336.0,0.0,0.0,0.0,10,687.0,1993.5,1,1336.0,0.0,0.0,0.0,0.0,0.0,10
2023-05-10 21:57:33,OI311P9500,OI311P9500,1336.0,0.0,0.0,0.0,1,688.5,1993.5,1,1336.0,0.0,0.0,0.0,0.0,0.0,10
2023-05-10 21:57:34,OI311P9500,OI311P9500,1336.0,0.0,0.0,0.0,10,689.0,1993.5,1,1336.0,0.0,0.0,0.0,0.0,0.0,10
2023-05-10 21:57:35,OI311P9500,OI311P9500,1336.0,0.0,0.0,0.0,10,691.0,1993.5,1,1336.0,0.0,0.0,0.0,0.0,0.0,10
2023-05-10 21:57:35,OI311P9500,OI311P9500,1336.0,0.0,0.0,0.0,1,692.5,1993.5,1,1336.0,0.0,0.0,0.0,0.0,0.0,10
2023-05-10 21:57:35,OI311P9500,OI311P9500,1336.0,0.0,0.0,0.0,10,693.0,1993.5,1,1336.0,0.0,0.0,0.0,0.0,0.0,10
2023-05-10 21:57:37,OI311P9500,OI311P9500,1336.0,0.0,0.0,0.0,1,694.5,1993.5,1,1336.0,0.0,0.0,0.0,0.0,0.0,10
2023-05-10 21:57:38,OI311P9500,OI311P9500,1336.0,0.0,0.0,0.0,10,695.0,1993.5,1,1336.0,0.0,0.0,0.0,0.0,0.0,10
2023-05-10 21:57:38,OI311P9500,OI311P9500,1336.0,0.0,0.0,0.0,1,696.5,1993.5,1,1336.0,0.0,0.0,0.0,0.0,0.0,10
2023-05-10 21:57:39,OI311P9500,OI311P9500,1336.0,0.0,0.0,0.0,10,697.0,1993.5,1,1336.0,0.0,0.0,0.0,0.0,0.0,10
2023-05-10 22:13:41,OI311P9500,OI311P9500,1336.0,0.0,0.0,0.0,1,698.5,1993.5,1,1336.0,0.0,0.0,0.0,0.0,0.0,10
2023-05-10 22:13:42,OI311P9500,OI311P9500,1336.0,0.0,0.0,0.0,10,699.0,1993.5,1,1336.0,0.0,0.0,0.0,0.0,0.0,10
2023-05-10 22:13:42,OI311P9500,OI311P9500,1336.0,0.0,0.0,0.0,1,700.5,1993.5,1,1336.0,0.0,0.0,0.0,0.0,0.0,10
2023-05-10 22:13:43,OI311P9500,OI311P9500,1336.0,0.0,0.0,0.0,10,701.0,1993.5,1,1336.0,0.0,0.0,0.0,0.0,0.0,10
2023-05-10 22:13:43,OI311P9500,OI311P9500,1336.0,0.0,0.0,0.0,1,702.5,1993.5,1,1336.0,0.0,0.0,0.0,0.0,0.0,10
2023-05-10 22:13:44,OI311P9500,OI311P9500,1336.0,0.0,0.0,0.0,10,703.0,1993.5,1,1336.0,0.0,0.0,0.0,0.0,0.0,10
2023-05-10 22:13:44,OI311P9500,OI311P9500,1336.0,0.0,0.0,0.0,1,704.5,1993.5,1,1336.0,0.0,0.0,0.0,0.0,0.0,10
2023-05-10 22:13:45,OI311P9500,OI311P9500,1336.0,0.0,0.0,0.0,10,705.0,1993.5,1,1336.0,0.0,0.0,0.0,0.0,0.0,10
2023-05-10 22:13:45,OI311P9500,OI311P9500,1336.0,0.0,0.0,0.0,1,706.5,1993.5,1,1336.0,0.0,0.0,0.0,0.0,0.0,10
2023-05-10 22:13:46,OI311P9500,OI311P9500,1336.0,0.0,0.0,0.0,10,707.0,1993.5,1,1336.0,0.0,0.0,0.0,0.0,0.0,10
2023-05-10 22:13:46,OI311P9500,OI311P9500,1336.0,0.0,0.0,0.0,1,708.5,1993.5,1,1336.0,0.0,0.0,0.0,0.0,0.0,10
2023-05-10 22:13:47,OI311P9500,OI311P9500,1336.0,0.0,0.0,0.0,10,709.0,1993.5,1,1336.0,0.0,0.0,0.0,0.0,0.0,10
2023-05-10 22:13:47,OI311P9500,OI311P9500,1336.0,0.0,0.0,0.0,1,710.5,1993.5,1,1336.0,0.0,0.0,0.0,0.0,0.0,10
2023-05-10 22:13:48,OI311P9500,OI311P9500,1336.0,0.0,0.0,0.0,10,711.0,1993.5,1,1336.0,0.0,0.0,0.0,0.0,0.0,10
2023-05-10 22:13:48,OI311P9500,OI311P9500,1336.0,0.0,0.0,0.0,1,712.5,1993.5,1,1336.0,0.0,0.0,0.0,0.0,0.0,10
2023-05-10 22:13:49,OI311P9500,OI311P9500,1336.0,0.0,0.0,0.0,10,713.0,1993.5,1,1336.0,0.0,0.0,0.0,0.0,0.0,10
2023-05-10 22:13:49,OI311P9500,OI311P9500,1336.0,0.0,0.0,0.0,1,714.5,1993.5,1,1336.0,0.0,0.0,0.0,0.0,0.0,10
2023-05-10 22:13:50,OI311P9500,OI311P9500,1336.0,0.0,0.0,0.0,10,715.0,1993.5,1,1336.0,0.0,0.0,0.0,0.0,0.0,10
2023-05-10 22:13:50,OI311P9500,OI311P9500,1336.0,0.0,0.0,0.0,1,716.5,1993.5,1,1336.0,0.0,0.0,0.0,0.0,0.0,10
2023-05-10 22:13:51,OI311P9500,OI311P9500,1336.0,0.0,0.0,0.0,10,717.0,1993.5,1,1336.0,0.0,0.0,0.0,0.0,0.0,10
2023-05-10 22:57:33,OI311P9500,OI311P9500,1336.0,0.0,0.0,0.0,0,0.0,1993.5,1,1336.0,0.0,0.0,0.0,0.0,0.0,10
2023-05-10 22:59:53,OI311P9500,OI311P9500,1336.0,0.0,0.0,0.0,0,0.0,0.0,0,1336.0,0.0,0.0,0.0,0.0,0.0,10
2023-05-11 09:02:08,OI311P9500,OI311P9500,1336.0,0.0,0.0,0.0,1,678.5,1993.5,1,1336.0,0.0,0.0,0.0,0.0,0.0,10
2023-05-11 09:02:08,OI311P9500,OI311P9500,1336.0,0.0,0.0,0.0,10,679.0,1993.5,1,1336.0,0.0,0.0,0.0,0.0,0.0,10
2023-05-11 09:02:13,OI311P9500,OI311P9500,1336.0,0.0,0.0,0.0,1,680.5,1993.5,1,1336.0,0.0,0.0,0.0,0.0,0.0,10
2023-05-11 09:02:13,OI311P9500,OI311P9500,1336.0,0.0,0.0,0.0,10,681.0,1993.5,1,1336.0,0.0,0.0,0.0,0.0,0.0,10
2023-05-11 09:02:18,OI311P9500,OI311P9500,1336.0,0.0,0.0,0.0,1,682.5,1993.5,1,1336.0,0.0,0.0,0.0,0.0,0.0,10
2023-05-11 09:02:19,OI311P9500,OI311P9500,1336.0,0.0,0.0,0.0,10,683.0,1993.5,1,1336.0,0.0,0.0,0.0,0.0,0.0,10
2023-05-11 09:02:19,OI311P9500,OI311P9500,1336.0,0.0,0.0,0.0,1,684.5,1993.5,1,1336.0,0.0,0.0,0.0,0.0,0.0,10
2023-05-11 09:02:20,OI311P9500,OI311P9500,1336.0,0.0,0.0,0.0,10,685.0,1993.5,1,1336.0,0.0,0.0,0.0,0.0,0.0,10
2023-05-11 09:02:20,OI311P9500,OI311P9500,1336.0,0.0,0.0,0.0,1,686.5,1993.5,1,1336.0,0.0,0.0,0.0,0.0,0.0,10
2023-05-11 09:02:21,OI311P9500,OI311P9500,1336.0,0.0,0.0,0.0,10,687.0,1993.5,1,1336.0,0.0,0.0,0.0,0.0,0.0,10
2023-05-11 09:02:23,OI311P9500,OI311P9500,1336.0,0.0,0.0,0.0,1,688.5,1993.5,1,1336.0,0.0,0.0,0.0,0.0,0.0,10
2023-05-11 09:02:23,OI311P9500,OI311P9500,1336.0,0.0,0.0,0.0,10,689.0,1993.5,1,1336.0,0.0,0.0,0.0,0.0,0.0,10
2023-05-11 09:02:23,OI311P9500,OI311P9500,1336.0,0.0,0.0,0.0,1,690.5,1993.5,1,1336.0,0.0,0.0,0.0,0.0,0.0,10
2023-05-11 09:02:24,OI311P9500,OI311P9500,1336.0,0.0,0.0,0.0,10,691.0,1993.5,1,1336.0,0.0,0.0,0.0,0.0,0.0,10
2023-05-11 09:02:25,OI311P9500,OI311P9500,1336.0,0.0,0.0,0.0,1,692.5,1993.5,1,1336.0,0.0,0.0,0.0,0.0,0.0,10
2023-05-11 09:02:25,OI311P9500,OI311P9500,1336.0,0.0,0.0,0.0,10,693.0,1993.5,1,1336.0,0.0,0.0,0.0,0.0,0.0,10
2023-05-11 09:02:26,OI311P9500,OI311P9500,1336.0,0.0,0.0,0.0,1,694.5,1993.5,1,1336.0,0.0,0.0,0.0,0.0,0.0,10
2023-05-11 09:02:26,OI311P9500,OI311P9500,1336.0,0.0,0.0,0.0,10,695.0,1993.5,1,1336.0,0.0,0.0,0.0,0.0,0.0,10
2023-05-11 09:02:27,OI311P9500,OI311P9500,1336.0,0.0,0.0,0.0,1,696.5,1993.5,1,1336.0,0.0,0.0,0.0,0.0,0.0,10
2023-05-11 09:02:27,OI311P9500,OI311P9500,1336.0,0.0,0.0,0.0,10,697.0,1993.5,1,1336.0,0.0,0.0,0.0,0.0,0.0,10
2023-05-11 09:02:28,OI311P9500,OI311P9500,1336.0,0.0,0.0,0.0,1,698.5,1993.5,1,1336.0,0.0,0.0,0.0,0.0,0.0,10
2023-05-11 09:02:28,OI311P9500,OI311P9500,1336.0,0.0,0.0,0.0,10,699.0,1993.5,1,1336.0,0.0,0.0,0.0,0.0,0.0,10
2023-05-11 09:02:29,OI311P9500,OI311P9500,1336.0,0.0,0.0,0.0,1,700.5,1993.5,1,1336.0,0.0,0.0,0.0,0.0,0.0,10
2023-05-11 09:02:29,OI311P9500,OI311P9500,1336.0,0.0,0.0,0.0,10,701.0,1993.5,1,1336.0,0.0,0.0,0.0,0.0,0.0,10
2023-05-11 09:02:30,OI311P9500,OI311P9500,1336.0,0.0,0.0,0.0,1,702.5,1993.5,1,1336.0,0.0,0.0,0.0,0.0,0.0,10
2023-05-11 09:02:30,OI311P9500,OI311P9500,1336.0,0.0,0.0,0.0,10,703.0,1993.5,1,1336.0,0.0,0.0,0.0,0.0,0.0,10
2023-05-11 09:02:31,OI311P9500,OI311P9500,1336.0,0.0,0.0,0.0,1,704.5,1993.5,1,1336.0,0.0,0.0,0.0,0.0,0.0,10
2023-05-11 09:02:31,OI311P9500,OI311P9500,1336.0,0.0,0.0,0.0,10,705.0,1993.5,1,1336.0,0.0,0.0,0.0,0.0,0.0,10
2023-05-11 09:02:33,OI311P9500,OI311P9500,1336.0,0.0,0.0,0.0,1,706.5,1993.5,1,1336.0,0.0,0.0,0.0,0.0,0.0,10
2023-05-11 09:02:33,OI311P9500,OI311P9500,1336.0,0.0,0.0,0.0,10,707.0,1993.5,1,1336.0,0.0,0.0,0.0,0.0,0.0,10
2023-05-11 09:02:34,OI311P9500,OI311P9500,1336.0,0.0,0.0,0.0,1,708.5,1993.5,1,1336.0,0.0,0.0,0.0,0.0,0.0,10
2023-05-11 09:02:34,OI311P9500,OI311P9500,1336.0,0.0,0.0,0.0,10,709.0,1993.5,1,1336.0,0.0,0.0,0.0,0.0,0.0,10
2023-05-11 09:02:36,OI311P9500,OI311P9500,1336.0,0.0,0.0,0.0,1,710.5,1993.5,1,1336.0,0.0,0.0,0.0,0.0,0.0,10
2023-05-11 09:02:36,OI311P9500,OI311P9500,1336.0,0.0,0.0,0.0,10,711.0,1993.5,1,1336.0,0.0,0.0,0.0,0.0,0.0,10
2023-05-11 09:02:37,OI311P9500,OI311P9500,1336.0,0.0,0.0,0.0,1,712.5,1993.5,1,1336.0,0.0,0.0,0.0,0.0,0.0,10
2023-05-11 09:02:37,OI311P9500,OI311P9500,1336.0,0.0,0.0,0.0,10,713.0,1993.5,1,1336.0,0.0,0.0,0.0,0.0,0.0,10
2023-05-11 09:02:38,OI311P9500,OI311P9500,1336.0,0.0,0.0,0.0,1,714.5,1993.5,1,1336.0,0.0,0.0,0.0,0.0,0.0,10
2023-05-11 09:02:38,OI311P9500,OI311P9500,1336.0,0.0,0.0,0.0,10,715.0,1993.5,1,1336.0,0.0,0.0,0.0,0.0,0.0,10
2023-05-11 09:02:40,OI311P9500,OI311P9500,1336.0,0.0,0.0,0.0,1,716.5,1993.5,1,1336.0,0.0,0.0,0.0,0.0,0.0,10
2023-05-11 09:02:40,OI311P9500,OI311P9500,1336.0,0.0,0.0,0.0,10,717.0,1993.5,1,1336.0,0.0,0.0,0.0,0.0,0.0,10
2023-05-11 09:02:41,OI311P9500,OI311P9500,1336.0,0.0,0.0,0.0,1,718.5,1993.5,1,1336.0,0.0,0.0,0.0,0.0,0.0,10
2023-05-11 09:02:41,OI311P9500,OI311P9500,1336.0,0.0,0.0,0.0,10,719.0,1993.5,1,1336.0,0.0,0.0,0.0,0.0,0.0,10
2023-05-11 09:02:42,OI311P9500,OI311P9500,1336.0,0.0,0.0,0.0,1,720.5,1993.5,1,1336.0,0.0,0.0,0.0,0.0,0.0,10
2023-05-11 09:02:42,OI311P9500,OI311P9500,1336.0,0.0,0.0,0.0,10,721.0,1993.5,1,1336.0,0.0,0.0,0.0,0.0,0.0,10
2023-05-11 09:02:44,OI311P9500,OI311P9500,1336.0,0.0,0.0,0.0,1,722.5,1993.5,1,1336.0,0.0,0.0,0.0,0.0,0.0,10
2023-05-11 09:02:44,OI311P9500,OI311P9500,1336.0,0.0,0.0,0.0,10,723.0,1993.5,1,1336.0,0.0,0.0,0.0,0.0,0.0,10
2023-05-11 09:02:45,OI311P9500,OI311P9500,1336.0,0.0,0.0,0.0,1,724.5,1993.5,1,1336.0,0.0,0.0,0.0,0.0,0.0,10
2023-05-11 09:02:45,OI311P9500,OI311P9500,1336.0,0.0,0.0,0.0,10,725.0,1993.5,1,1336.0,0.0,0.0,0.0,0.0,0.0,10
2023-05-11 09:02:47,OI311P9500,OI311P9500,1336.0,0.0,0.0,0.0,1,726.5,1993.5,1,1336.0,0.0,0.0,0.0,0.0,0.0,10
2023-05-11 09:02:47,OI311P9500,OI311P9500,1336.0,0.0,0.0,0.0,10,727.0,1993.5,1,1336.0,0.0,0.0,0.0,0.0,0.0,10
2023-05-11 09:02:48,OI311P9500,OI311P9500,1336.0,0.0,0.0,0.0,1,728.5,1993.5,1,1336.0,0.0,0.0,0.0,0.0,0.0,10
2023-05-11 09:02:48,OI311P9500,OI311P9500,1336.0,0.0,0.0,0.0,10,729.0,1993.5,1,1336.0,0.0,0.0,0.0,0.0,0.0,10
2023-05-11 09:02:50,OI311P9500,OI311P9500,1336.0,0.0,0.0,0.0,1,730.5,1993.5,1,1336.0,0.0,0.0,0.0,0.0,0.0,10
2023-05-11 09:02:50,OI311P9500,OI311P9500,1336.0,0.0,0.0,0.0,10,731.0,1993.5,1,1336.0,0.0,0.0,0.0,0.0,0.0,10
2023-05-11 09:02:51,OI311P9500,OI311P9500,1336.0,0.0,0.0,0.0,1,732.5,1993.5,1,1336.0,0.0,0.0,0.0,0.0,0.0,10
2023-05-11 09:02:51,OI311P9500,OI311P9500,1336.0,0.0,0.0,0.0,10,733.0,1993.5,1,1336.0,0.0,0.0,0.0,0.0,0.0,10
2023-05-11 09:02:52,OI311P9500,OI311P9500,1336.0,0.0,0.0,0.0,1,734.5,1993.5,1,1336.0,0.0,0.0,0.0,0.0,0.0,10
2023-05-11 09:02:52,OI311P9500,OI311P9500,1336.0,0.0,0.0,0.0,10,735.0,1993.5,1,1336.0,0.0,0.0,0.0,0.0,0.0,10
2023-05-11 09:02:54,OI311P9500,OI311P9500,1336.0,0.0,0.0,0.0,1,736.5,1993.5,1,1336.0,0.0,0.0,0.0,0.0,0.0,10
2023-05-11 09:02:54,OI311P9500,OI311P9500,1336.0,0.0,0.0,0.0,10,737.0,1993.5,1,1336.0,0.0,0.0,0.0,0.0,0.0,10
2023-05-11 09:02:55,OI311P9500,OI311P9500,1336.0,0.0,0.0,0.0,1,738.5,1993.5,1,1336.0,0.0,0.0,0.0,0.0,0.0,10
2023-05-11 09:02:55,OI311P9500,OI311P9500,1336.0,0.0,0.0,0.0,10,739.0,1993.5,1,1336.0,0.0,0.0,0.0,0.0,0.0,10
2023-05-11 09:02:56,OI311P9500,OI311P9500,1336.0,0.0,0.0,0.0,1,740.5,1993.5,1,1336.0,0.0,0.0,0.0,0.0,0.0,10
2023-05-11 09:02:56,OI311P9500,OI311P9500,1336.0,0.0,0.0,0.0,10,741.0,1993.5,1,1336.0,0.0,0.0,0.0,0.0,0.0,10
2023-05-11 09:02:57,OI311P9500,OI311P9500,1336.0,0.0,0.0,0.0,1,742.5,1993.5,1,1336.0,0.0,0.0,0.0,0.0,0.0,10
2023-05-11 09:02:57,OI311P9500,OI311P9500,1336.0,0.0,0.0,0.0,10,743.0,1993.5,1,1336.0,0.0,0.0,0.0,0.0,0.0,10
2023-05-11 09:02:58,OI311P9500,OI311P9500,1336.0,0.0,0.0,0.0,1,744.5,1993.5,1,1336.0,0.0,0.0,0.0,0.0,0.0,10
2023-05-11 09:02:58,OI311P9500,OI311P9500,1336.0,0.0,0.0,0.0,10,745.0,1993.5,1,1336.0,0.0,0.0,0.0,0.0,0.0,10
2023-05-11 09:02:59,OI311P9500,OI311P9500,1336.0,0.0,0.0,0.0,1,746.5,1993.5,1,1336.0,0.0,0.0,0.0,0.0,0.0,10
2023-05-11 09:02:59,OI311P9500,OI311P9500,1336.0,0.0,0.0,0.0,10,747.0,1993.5,1,1336.0,0.0,0.0,0.0,0.0,0.0,10
2023-05-11 09:03:00,OI311P9500,OI311P9500,1336.0,0.0,0.0,0.0,1,748.5,1993.5,1,1336.0,0.0,0.0,0.0,0.0,0.0,10
2023-05-11 09:03:00,OI311P9500,OI311P9500,1336.0,0.0,0.0,0.0,10,749.0,1993.5,1,1336.0,0.0,0.0,0.0,0.0,0.0,10
2023-05-11 09:03:01,OI311P9500,OI311P9500,1336.0,0.0,0.0,0.0,1,750.5,1993.5,1,1336.0,0.0,0.0,0.0,0.0,0.0,10
2023-05-11 09:03:01,OI311P9500,OI311P9500,1336.0,0.0,0.0,0.0,10,751.0,1993.5,1,1336.0,0.0,0.0,0.0,0.0,0.0,10
2023-05-11 09:03:02,OI311P9500,OI311P9500,1336.0,0.0,0.0,0.0,1,752.5,1993.5,1,1336.0,0.0,0.0,0.0,0.0,0.0,10
2023-05-11 09:03:02,OI311P9500,OI311P9500,1336.0,0.0,0.0,0.0,10,753.0,1993.5,1,1336.0,0.0,0.0,0.0,0.0,0.0,10
2023-05-11 09:03:04,OI311P9500,OI311P9500,1336.0,0.0,0.0,0.0,1,754.5,1993.5,1,1336.0,0.0,0.0,0.0,0.0,0.0,10
2023-05-11 09:03:04,OI311P9500,OI311P9500,1336.0,0.0,0.0,0.0,10,755.0,1993.5,1,1336.0,0.0,0.0,0.0,0.0,0.0,10
2023-05-11 09:03:05,OI311P9500,OI311P9500,1336.0,0.0,0.0,0.0,1,756.5,1993.5,1,1336.0,0.0,0.0,0.0,0.0,0.0,10
2023-05-11 09:03:05,OI311P9500,OI311P9500,1336.0,0.0,0.0,0.0,10,757.0,1993.5,1,1336.0,0.0,0.0,0.0,0.0,0.0,10
2023-05-11 09:03:06,OI311P9500,OI311P9500,1336.0,0.0,0.0,0.0,1,758.5,1993.5,1,1336.0,0.0,0.0,0.0,0.0,0.0,10
2023-05-11 09:03:06,OI311P9500,OI311P9500,1336.0,0.0,0.0,0.0,10,759.0,1993.5,1,1336.0,0.0,0.0,0.0,0.0,0.0,10
2023-05-11 09:03:08,OI311P9500,OI311P9500,1336.0,0.0,0.0,0.0,1,760.5,1993.5,1,1336.0,0.0,0.0,0.0,0.0,0.0,10
2023-05-11 09:03:08,OI311P9500,OI311P9500,1336.0,0.0,0.0,0.0,10,761.0,1993.5,1,1336.0,0.0,0.0,0.0,0.0,0.0,10
2023-05-11 09:03:09,OI311P9500,OI311P9500,1336.0,0.0,0.0,0.0,1,762.5,1993.5,1,1336.0,0.0,0.0,0.0,0.0,0.0,10
2023-05-11 09:03:09,OI311P9500,OI311P9500,1336.0,0.0,0.0,0.0,10,763.0,1993.5,1,1336.0,0.0,0.0,0.0,0.0,0.0,10
2023-05-11 09:03:11,OI311P9500,OI311P9500,1336.0,0.0,0.0,0.0,1,764.5,1993.5,1,1336.0,0.0,0.0,0.0,0.0,0.0,10
2023-05-11 09:03:11,OI311P9500,OI311P9500,1336.0,0.0,0.0,0.0,10,765.0,1993.5,1,1336.0,0.0,0.0,0.0,0.0,0.0,10
2023-05-11 09:03:12,OI311P9500,OI311P9500,1336.0,0.0,0.0,0.0,1,766.5,1993.5,1,1336.0,0.0,0.0,0.0,0.0,0.0,10
2023-05-11 09:03:12,OI311P9500,OI311P9500,1336.0,0.0,0.0,0.0,10,767.0,1993.5,1,1336.0,0.0,0.0,0.0,0.0,0.0,10
2023-05-11 09:03:14,OI311P9500,OI311P9500,1336.0,0.0,0.0,0.0,1,768.5,1993.5,1,1336.0,0.0,0.0,0.0,0.0,0.0,10
2023-05-11 09:03:14,OI311P9500,OI311P9500,1336.0,0.0,0.0,0.0,10,769.0,1993.5,1,1336.0,0.0,0.0,0.0,0.0,0.0,10
2023-05-11 09:03:15,OI311P9500,OI311P9500,1336.0,0.0,0.0,0.0,1,770.5,1993.5,1,1336.0,0.0,0.0,0.0,0.0,0.0,10
2023-05-11 09:03:15,OI311P9500,OI311P9500,1336.0,0.0,0.0,0.0,10,771.0,1993.5,1,1336.0,0.0,0.0,0.0,0.0,0.0,10
2023-05-11 09:03:16,OI311P9500,OI311P9500,1336.0,0.0,0.0,0.0,1,772.5,1993.5,1,1336.0,0.0,0.0,0.0,0.0,0.0,10
2023-05-11 09:03:16,OI311P9500,OI311P9500,1336.0,0.0,0.0,0.0,10,773.0,1993.5,1,1336.0,0.0,0.0,0.0,0.0,0.0,10
2023-05-11 09:03:18,OI311P9500,OI311P9500,1336.0,0.0,0.0,0.0,1,774.5,1993.5,1,1336.0,0.0,0.0,0.0,0.0,0.0,10
2023-05-11 09:03:18,OI311P9500,OI311P9500,1336.0,0.0,0.0,0.0,10,775.0,1993.5,1,1336.0,0.0,0.0,0.0,0.0,0.0,10
2023-05-11 09:03:19,OI311P9500,OI311P9500,1336.0,0.0,0.0,0.0,1,776.5,1993.5,1,1336.0,0.0,0.0,0.0,0.0,0.0,10
2023-05-11 09:03:19,OI311P9500,OI311P9500,1336.0,0.0,0.0,0.0,10,777.0,1993.5,1,1336.0,0.0,0.0,0.0,0.0,0.0,10
2023-05-11 09:03:20,OI311P9500,OI311P9500,1336.0,0.0,0.0,0.0,1,778.5,1993.5,1,1336.0,0.0,0.0,0.0,0.0,0.0,10
2023-05-11 09:03:20,OI311P9500,OI311P9500,1336.0,0.0,0.0,0.0,10,779.0,1993.5,1,1336.0,0.0,0.0,0.0,0.0,0.0,10
2023-05-11 09:03:22,OI311P9500,OI311P9500,1336.0,0.0,0.0,0.0,1,780.5,1993.5,1,1336.0,0.0,0.0,0.0,0.0,0.0,10
2023-05-11 09:03:22,OI311P9500,OI311P9500,1336.0,0.0,0.0,0.0,10,781.0,1993.5,1,1336.0,0.0,0.0,0.0,0.0,0.0,10
2023-05-11 09:03:23,OI311P9500,OI311P9500,1336.0,0.0,0.0,0.0,1,782.5,1993.5,1,1336.0,0.0,0.0,0.0,0.0,0.0,10
2023-05-11 09:03:23,OI311P9500,OI311P9500,1336.0,0.0,0.0,0.0,10,783.0,1993.5,1,1336.0,0.0,0.0,0.0,0.0,0.0,10
2023-05-11 09:03:24,OI311P9500,OI311P9500,1336.0,0.0,0.0,0.0,1,784.5,1993.5,1,1336.0,0.0,0.0,0.0,0.0,0.0,10
2023-05-11 09:03:24,OI311P9500,OI311P9500,1336.0,0.0,0.0,0.0,10,785.0,1993.5,1,1336.0,0.0,0.0,0.0,0.0,0.0,10
2023-05-11 09:03:25,OI311P9500,OI311P9500,1336.0,0.0,0.0,0.0,1,786.5,1993.5,1,1336.0,0.0,0.0,0.0,0.0,0.0,10
2023-05-11 09:03:25,OI311P9500,OI311P9500,1336.0,0.0,0.0,0.0,10,787.0,1993.5,1,1336.0,0.0,0.0,0.0,0.0,0.0,10
2023-05-11 09:03:26,OI311P9500,OI311P9500,1336.0,0.0,0.0,0.0,1,788.5,1993.5,1,1336.0,0.0,0.0,0.0,0.0,0.0,10
2023-05-11 09:03:26,OI311P9500,OI311P9500,1336.0,0.0,0.0,0.0,10,789.0,1993.5,1,1336.0,0.0,0.0,0.0,0.0,0.0,10
2023-05-11 09:03:28,OI311P9500,OI311P9500,1336.0,0.0,0.0,0.0,1,790.5,1993.5,1,1336.0,0.0,0.0,0.0,0.0,0.0,10
2023-05-11 09:03:28,OI311P9500,OI311P9500,1336.0,0.0,0.0,0.0,10,791.0,1993.5,1,1336.0,0.0,0.0,0.0,0.0,0.0,10
2023-05-11 09:03:29,OI311P9500,OI311P9500,1336.0,0.0,0.0,0.0,1,792.5,1993.5,1,1336.0,0.0,0.0,0.0,0.0,0.0,10
2023-05-11 09:03:29,OI311P9500,OI311P9500,1336.0,0.0,0.0,0.0,10,793.0,1993.5,1,1336.0,0.0,0.0,0.0,0.0,0.0,10
2023-05-11 09:03:30,OI311P9500,OI311P9500,1336.0,0.0,0.0,0.0,1,794.5,1993.5,1,1336.0,0.0,0.0,0.0,0.0,0.0,10
2023-05-11 09:03:30,OI311P9500,OI311P9500,1336.0,0.0,0.0,0.0,10,795.0,1993.5,1,1336.0,0.0,0.0,0.0,0.0,0.0,10
2023-05-11 09:03:31,OI311P9500,OI311P9500,1336.0,0.0,0.0,0.0,1,796.5,1993.5,1,1336.0,0.0,0.0,0.0,0.0,0.0,10
2023-05-11 09:03:31,OI311P9500,OI311P9500,1336.0,0.0,0.0,0.0,10,797.0,1993.5,1,1336.0,0.0,0.0,0.0,0.0,0.0,10
2023-05-11 09:03:33,OI311P9500,OI311P9500,1336.0,0.0,0.0,0.0,1,798.5,1993.5,1,1336.0,0.0,0.0,0.0,0.0,0.0,10
2023-05-11 09:03:33,OI311P9500,OI311P9500,1336.0,0.0,0.0,0.0,10,799.0,1993.5,1,1336.0,0.0,0.0,0.0,0.0,0.0,10
2023-05-11 09:03:34,OI311P9500,OI311P9500,1336.0,0.0,0.0,0.0,1,800.5,1993.5,1,1336.0,0.0,0.0,0.0,0.0,0.0,10
2023-05-11 09:03:34,OI311P9500,OI311P9500,1336.0,0.0,0.0,0.0,10,801.0,1993.5,1,1336.0,0.0,0.0,0.0,0.0,0.0,10
2023-05-11 09:03:36,OI311P9500,OI311P9500,1336.0,0.0,0.0,0.0,1,802.5,1993.5,1,1336.0,0.0,0.0,0.0,0.0,0.0,10
2023-05-11 09:03:36,OI311P9500,OI311P9500,1336.0,0.0,0.0,0.0,10,803.0,1993.5,1,1336.0,0.0,0.0,0.0,0.0,0.0,10
2023-05-11 09:03:38,OI311P9500,OI311P9500,1336.0,0.0,0.0,0.0,1,804.5,1993.5,1,1336.0,0.0,0.0,0.0,0.0,0.0,10
2023-05-11 09:03:38,OI311P9500,OI311P9500,1336.0,0.0,0.0,0.0,10,805.0,1993.5,1,1336.0,0.0,0.0,0.0,0.0,0.0,10
2023-05-11 09:03:39,OI311P9500,OI311P9500,1336.0,0.0,0.0,0.0,1,806.5,1993.5,1,1336.0,0.0,0.0,0.0,0.0,0.0,10
2023-05-11 09:03:39,OI311P9500,OI311P9500,1336.0,0.0,0.0,0.0,10,807.0,1993.5,1,1336.0,0.0,0.0,0.0,0.0,0.0,10
2023-05-11 09:03:40,OI311P9500,OI311P9500,1336.0,0.0,0.0,0.0,1,808.5,1993.5,1,1336.0,0.0,0.0,0.0,0.0,0.0,10
2023-05-11 09:03:40,OI311P9500,OI311P9500,1336.0,0.0,0.0,0.0,10,809.0,1993.5,1,1336.0,0.0,0.0,0.0,0.0,0.0,10
2023-05-11 09:03:41,OI311P9500,OI311P9500,1336.0,0.0,0.0,0.0,1,810.5,1993.5,1,1336.0,0.0,0.0,0.0,0.0,0.0,10
2023-05-11 09:03:41,OI311P9500,OI311P9500,1336.0,0.0,0.0,0.0,10,811.0,1993.5,1,1336.0,0.0,0.0,0.0,0.0,0.0,10
2023-05-11 09:03:43,OI311P9500,OI311P9500,1336.0,0.0,0.0,0.0,1,812.5,1993.5,1,1336.0,0.0,0.0,0.0,0.0,0.0,10
2023-05-11 09:03:43,OI311P9500,OI311P9500,1336.0,0.0,0.0,0.0,10,813.0,1993.5,1,1336.0,0.0,0.0,0.0,0.0,0.0,10
2023-05-11 09:03:44,OI311P9500,OI311P9500,1336.0,0.0,0.0,0.0,1,814.5,1993.5,1,1336.0,0.0,0.0,0.0,0.0,0.0,10
2023-05-11 09:03:45,OI311P9500,OI311P9500,1336.0,0.0,0.0,0.0,10,815.0,1993.5,1,1336.0,0.0,0.0,0.0,0.0,0.0,10
2023-05-11 09:03:45,OI311P9500,OI311P9500,1336.0,0.0,0.0,0.0,1,816.5,1993.5,1,1336.0,0.0,0.0,0.0,0.0,0.0,10
2023-05-11 09:03:45,OI311P9500,OI311P9500,1336.0,0.0,0.0,0.0,10,817.0,1993.5,1,1336.0,0.0,0.0,0.0,0.0,0.0,10
2023-05-11 09:03:47,OI311P9500,OI311P9500,1336.0,0.0,0.0,0.0,1,818.5,1993.5,1,1336.0,0.0,0.0,0.0,0.0,0.0,10
2023-05-11 09:03:47,OI311P9500,OI311P9500,1336.0,0.0,0.0,0.0,10,819.0,1993.5,1,1336.0,0.0,0.0,0.0,0.0,0.0,10
2023-05-11 09:03:49,OI311P9500,OI311P9500,1336.0,0.0,0.0,0.0,1,820.5,1993.5,1,1336.0,0.0,0.0,0.0,0.0,0.0,10
2023-05-11 09:03:49,OI311P9500,OI311P9500,1336.0,0.0,0.0,0.0,10,821.0,1993.5,1,1336.0,0.0,0.0,0.0,0.0,0.0,10
2023-05-11 09:03:50,OI311P9500,OI311P9500,1336.0,0.0,0.0,0.0,1,822.5,1993.5,1,1336.0,0.0,0.0,0.0,0.0,0.0,10
2023-05-11 09:03:50,OI311P9500,OI311P9500,1336.0,0.0,0.0,0.0,10,823.0,1993.5,1,1336.0,0.0,0.0,0.0,0.0,0.0,10
2023-05-11 09:03:51,OI311P9500,OI311P9500,1336.0,0.0,0.0,0.0,1,824.5,1993.5,1,1336.0,0.0,0.0,0.0,0.0,0.0,10
2023-05-11 09:03:51,OI311P9500,OI311P9500,1336.0,0.0,0.0,0.0,10,825.0,1993.5,1,1336.0,0.0,0.0,0.0,0.0,0.0,10
2023-05-11 09:03:53,OI311P9500,OI311P9500,1336.0,0.0,0.0,0.0,1,826.5,1993.5,1,1336.0,0.0,0.0,0.0,0.0,0.0,10
2023-05-11 09:03:53,OI311P9500,OI311P9500,1336.0,0.0,0.0,0.0,10,827.0,1993.5,1,1336.0,0.0,0.0,0.0,0.0,0.0,10
2023-05-11 09:03:55,OI311P9500,OI311P9500,1336.0,0.0,0.0,0.0,1,828.5,1993.5,1,1336.0,0.0,0.0,0.0,0.0,0.0,10
2023-05-11 09:03:55,OI311P9500,OI311P9500,1336.0,0.0,0.0,0.0,10,829.0,1993.5,1,1336.0,0.0,0.0,0.0,0.0,0.0,10
2023-05-11 09:03:58,OI311P9500,OI311P9500,1336.0,0.0,0.0,0.0,1,830.5,1993.5,1,1336.0,0.0,0.0,0.0,0.0,0.0,10
2023-05-11 09:03:58,OI311P9500,OI311P9500,1336.0,0.0,0.0,0.0,10,831.0,1993.5,1,1336.0,0.0,0.0,0.0,0.0,0.0,10
2023-05-11 09:03:59,OI311P9500,OI311P9500,1336.0,0.0,0.0,0.0,1,832.5,1993.5,1,1336.0,0.0,0.0,0.0,0.0,0.0,10
2023-05-11 09:03:59,OI311P9500,OI311P9500,1336.0,0.0,0.0,0.0,10,833.0,1993.5,1,1336.0,0.0,0.0,0.0,0.0,0.0,10
2023-05-11 09:04:02,OI311P9500,OI311P9500,1336.0,0.0,0.0,0.0,1,834.5,1993.5,1,1336.0,0.0,0.0,0.0,0.0,0.0,10
2023-05-11 09:04:02,OI311P9500,OI311P9500,1336.0,0.0,0.0,0.0,10,835.0,1993.5,1,1336.0,0.0,0.0,0.0,0.0,0.0,10
2023-05-11 09:04:03,OI311P9500,OI311P9500,1336.0,0.0,0.0,0.0,1,836.5,1993.5,1,1336.0,0.0,0.0,0.0,0.0,0.0,10
2023-05-11 09:04:03,OI311P9500,OI311P9500,1336.0,0.0,0.0,0.0,10,837.0,1993.5,1,1336.0,0.0,0.0,0.0,0.0,0.0,10
2023-05-11 09:04:06,OI311P9500,OI311P9500,1336.0,0.0,0.0,0.0,1,838.5,1993.5,1,1336.0,0.0,0.0,0.0,0.0,0.0,10
2023-05-11 09:04:06,OI311P9500,OI311P9500,1336.0,0.0,0.0,0.0,10,839.0,1993.5,1,1336.0,0.0,0.0,0.0,0.0,0.0,10
2023-05-11 09:04:07,OI311P9500,OI311P9500,1336.0,0.0,0.0,0.0,1,840.5,1993.5,1,1336.0,0.0,0.0,0.0,0.0,0.0,10
2023-05-11 09:04:07,OI311P9500,OI311P9500,1336.0,0.0,0.0,0.0,10,841.0,1993.5,1,1336.0,0.0,0.0,0.0,0.0,0.0,10
2023-05-11 09:04:08,OI311P9500,OI311P9500,1336.0,0.0,0.0,0.0,1,842.5,1993.5,1,1336.0,0.0,0.0,0.0,0.0,0.0,10
2023-05-11 09:04:08,OI311P9500,OI311P9500,1336.0,0.0,0.0,0.0,10,843.0,1993.5,1,1336.0,0.0,0.0,0.0,0.0,0.0,10
2023-05-11 09:04:10,OI311P9500,OI311P9500,1336.0,0.0,0.0,0.0,1,844.5,1993.5,1,1336.0,0.0,0.0,0.0,0.0,0.0,10
2023-05-11 09:04:10,OI311P9500,OI311P9500,1336.0,0.0,0.0,0.0,10,845.0,1993.5,1,1336.0,0.0,0.0,0.0,0.0,0.0,10
2023-05-11 09:04:11,OI311P9500,OI311P9500,1336.0,0.0,0.0,0.0,1,846.5,1993.5,1,1336.0,0.0,0.0,0.0,0.0,0.0,10
2023-05-11 09:04:11,OI311P9500,OI311P9500,1336.0,0.0,0.0,0.0,10,847.0,1993.5,1,1336.0,0.0,0.0,0.0,0.0,0.0,10
2023-05-11 09:04:13,OI311P9500,OI311P9500,1336.0,0.0,0.0,0.0,1,848.5,1993.5,1,1336.0,0.0,0.0,0.0,0.0,0.0,10
2023-05-11 09:04:13,OI311P9500,OI311P9500,1336.0,0.0,0.0,0.0,10,849.0,1993.5,1,1336.0,0.0,0.0,0.0,0.0,0.0,10
2023-05-11 09:04:14,OI311P9500,OI311P9500,1336.0,0.0,0.0,0.0,1,850.5,1993.5,1,1336.0,0.0,0.0,0.0,0.0,0.0,10
2023-05-11 09:04:14,OI311P9500,OI311P9500,1336.0,0.0,0.0,0.0,10,851.0,1993.5,1,1336.0,0.0,0.0,0.0,0.0,0.0,10
2023-05-11 09:04:16,OI311P9500,OI311P9500,1336.0,0.0,0.0,0.0,1,852.5,1993.5,1,1336.0,0.0,0.0,0.0,0.0,0.0,10
2023-05-11 09:04:16,OI311P9500,OI311P9500,1336.0,0.0,0.0,0.0,10,853.0,1993.5,1,1336.0,0.0,0.0,0.0,0.0,0.0,10
2023-05-11 09:04:19,OI311P9500,OI311P9500,1336.0,0.0,0.0,0.0,1,854.5,1993.5,1,1336.0,0.0,0.0,0.0,0.0,0.0,10
2023-05-11 09:04:19,OI311P9500,OI311P9500,1336.0,0.0,0.0,0.0,10,855.0,1993.5,1,1336.0,0.0,0.0,0.0,0.0,0.0,10
2023-05-11 09:04:21,OI311P9500,OI311P9500,1336.0,0.0,0.0,0.0,1,856.5,1993.5,1,1336.0,0.0,0.0,0.0,0.0,0.0,10
2023-05-11 09:04:21,OI311P9500,OI311P9500,1336.0,0.0,0.0,0.0,10,857.0,1993.5,1,1336.0,0.0,0.0,0.0,0.0,0.0,10
2023-05-11 09:04:22,OI311P9500,OI311P9500,1336.0,0.0,0.0,0.0,1,858.5,1993.5,1,1336.0,0.0,0.0,0.0,0.0,0.0,10
2023-05-11 09:04:22,OI311P9500,OI311P9500,1336.0,0.0,0.0,0.0,10,859.0,1993.5,1,1336.0,0.0,0.0,0.0,0.0,0.0,10
2023-05-11 09:04:23,OI311P9500,OI311P9500,1336.0,0.0,0.0,0.0,1,860.5,1993.5,1,1336.0,0.0,0.0,0.0,0.0,0.0,10
2023-05-11 09:04:23,OI311P9500,OI311P9500,1336.0,0.0,0.0,0.0,10,861.0,1993.5,1,1336.0,0.0,0.0,0.0,0.0,0.0,10
2023-05-11 09:04:25,OI311P9500,OI311P9500,1336.0,0.0,0.0,0.0,1,862.5,1993.5,1,1336.0,0.0,0.0,0.0,0.0,0.0,10
2023-05-11 09:04:25,OI311P9500,OI311P9500,1336.0,0.0,0.0,0.0,10,863.0,1993.5,1,1336.0,0.0,0.0,0.0,0.0,0.0,10
2023-05-11 09:04:26,OI311P9500,OI311P9500,1336.0,0.0,0.0,0.0,1,864.5,1993.5,1,1336.0,0.0,0.0,0.0,0.0,0.0,10
2023-05-11 09:04:26,OI311P9500,OI311P9500,1336.0,0.0,0.0,0.0,10,865.0,1993.5,1,1336.0,0.0,0.0,0.0,0.0,0.0,10
2023-05-11 09:04:27,OI311P9500,OI311P9500,1336.0,0.0,0.0,0.0,1,866.5,1993.5,1,1336.0,0.0,0.0,0.0,0.0,0.0,10
2023-05-11 09:04:27,OI311P9500,OI311P9500,1336.0,0.0,0.0,0.0,10,867.0,1993.5,1,1336.0,0.0,0.0,0.0,0.0,0.0,10
2023-05-11 09:04:28,OI311P9500,OI311P9500,1336.0,0.0,0.0,0.0,1,868.5,1993.5,1,1336.0,0.0,0.0,0.0,0.0,0.0,10
2023-05-11 09:04:28,OI311P9500,OI311P9500,1336.0,0.0,0.0,0.0,10,869.0,1993.5,1,1336.0,0.0,0.0,0.0,0.0,0.0,10
2023-05-11 09:04:30,OI311P9500,OI311P9500,1336.0,0.0,0.0,0.0,1,870.5,1993.5,1,1336.0,0.0,0.0,0.0,0.0,0.0,10
2023-05-11 09:04:31,OI311P9500,OI311P9500,1336.0,0.0,0.0,0.0,10,871.0,1993.5,1,1336.0,0.0,0.0,0.0,0.0,0.0,10
2023-05-11 09:04:33,OI311P9500,OI311P9500,1336.0,0.0,0.0,0.0,1,872.5,1993.5,1,1336.0,0.0,0.0,0.0,0.0,0.0,10
2023-05-11 09:04:33,OI311P9500,OI311P9500,1336.0,0.0,0.0,0.0,10,873.0,1993.5,1,1336.0,0.0,0.0,0.0,0.0,0.0,10
2023-05-11 09:04:35,OI311P9500,OI311P9500,1336.0,0.0,0.0,0.0,1,874.5,1993.5,1,1336.0,0.0,0.0,0.0,0.0,0.0,10
2023-05-11 09:04:35,OI311P9500,OI311P9500,1336.0,0.0,0.0,0.0,10,875.0,1993.5,1,1336.0,0.0,0.0,0.0,0.0,0.0,10
2023-05-11 09:04:38,OI311P9500,OI311P9500,1336.0,0.0,0.0,0.0,1,876.5,1993.5,1,1336.0,0.0,0.0,0.0,0.0,0.0,10
2023-05-11 09:04:38,OI311P9500,OI311P9500,1336.0,0.0,0.0,0.0,10,877.0,1993.5,1,1336.0,0.0,0.0,0.0,0.0,0.0,10
2023-05-11 09:04:39,OI311P9500,OI311P9500,1336.0,0.0,0.0,0.0,1,878.5,1993.5,1,1336.0,0.0,0.0,0.0,0.0,0.0,10
2023-05-11 09:04:39,OI311P9500,OI311P9500,1336.0,0.0,0.0,0.0,10,879.0,1993.5,1,1336.0,0.0,0.0,0.0,0.0,0.0,10
2023-05-11 09:04:42,OI311P9500,OI311P9500,1336.0,0.0,0.0,0.0,1,880.5,1993.5,1,1336.0,0.0,0.0,0.0,0.0,0.0,10
2023-05-11 09:04:42,OI311P9500,OI311P9500,1336.0,0.0,0.0,0.0,10,881.0,1993.5,1,1336.0,0.0,0.0,0.0,0.0,0.0,10
2023-05-11 09:04:43,OI311P9500,OI311P9500,1336.0,0.0,0.0,0.0,1,882.5,1993.5,1,1336.0,0.0,0.0,0.0,0.0,0.0,10
2023-05-11 09:04:43,OI311P9500,OI311P9500,1336.0,0.0,0.0,0.0,10,883.0,1993.5,1,1336.0,0.0,0.0,0.0,0.0,0.0,10
2023-05-11 09:04:44,OI311P9500,OI311P9500,1336.0,0.0,0.0,0.0,1,884.5,1993.5,1,1336.0,0.0,0.0,0.0,0.0,0.0,10
2023-05-11 09:04:44,OI311P9500,OI311P9500,1336.0,0.0,0.0,0.0,10,885.0,1993.5,1,1336.0,0.0,0.0,0.0,0.0,0.0,10
2023-05-11 09:04:45,OI311P9500,OI311P9500,1336.0,0.0,0.0,0.0,1,886.5,1993.5,1,1336.0,0.0,0.0,0.0,0.0,0.0,10
2023-05-11 09:04:45,OI311P9500,OI311P9500,1336.0,0.0,0.0,0.0,10,887.0,1993.5,1,1336.0,0.0,0.0,0.0,0.0,0.0,10
2023-05-11 09:04:46,OI311P9500,OI311P9500,1336.0,0.0,0.0,0.0,1,888.5,1993.5,1,1336.0,0.0,0.0,0.0,0.0,0.0,10
2023-05-11 09:04:46,OI311P9500,OI311P9500,1336.0,0.0,0.0,0.0,10,889.0,1993.5,1,1336.0,0.0,0.0,0.0,0.0,0.0,10
2023-05-11 09:04:47,OI311P9500,OI311P9500,1336.0,0.0,0.0,0.0,1,890.5,1993.5,1,1336.0,0.0,0.0,0.0,0.0,0.0,10
2023-05-11 09:04:47,OI311P9500,OI311P9500,1336.0,0.0,0.0,0.0,10,891.0,1993.5,1,1336.0,0.0,0.0,0.0,0.0,0.0,10
2023-05-11 09:04:48,OI311P9500,OI311P9500,1336.0,0.0,0.0,0.0,1,892.5,1993.5,1,1336.0,0.0,0.0,0.0,0.0,0.0,10
2023-05-11 09:04:48,OI311P9500,OI311P9500,1336.0,0.0,0.0,0.0,10,893.0,1993.5,1,1336.0,0.0,0.0,0.0,0.0,0.0,10
2023-05-11 09:04:49,OI311P9500,OI311P9500,1336.0,0.0,0.0,0.0,1,894.5,1993.5,1,1336.0,0.0,0.0,0.0,0.0,0.0,10
2023-05-11 09:04:49,OI311P9500,OI311P9500,1336.0,0.0,0.0,0.0,10,895.0,1993.5,1,1336.0,0.0,0.0,0.0,0.0,0.0,10
2023-05-11 09:04:50,OI311P9500,OI311P9500,1336.0,0.0,0.0,0.0,1,896.5,1993.5,1,1336.0,0.0,0.0,0.0,0.0,0.0,10
2023-05-11 09:04:50,OI311P9500,OI311P9500,1336.0,0.0,0.0,0.0,10,897.0,1993.5,1,1336.0,0.0,0.0,0.0,0.0,0.0,10
2023-05-11 09:04:51,OI311P9500,OI311P9500,1336.0,0.0,0.0,0.0,1,898.5,1993.5,1,1336.0,0.0,0.0,0.0,0.0,0.0,10
2023-05-11 09:04:51,OI311P9500,OI311P9500,1336.0,0.0,0.0,0.0,10,899.0,1993.5,1,1336.0,0.0,0.0,0.0,0.0,0.0,10
2023-05-11 09:04:52,OI311P9500,OI311P9500,1336.0,0.0,0.0,0.0,1,900.5,1993.5,1,1336.0,0.0,0.0,0.0,0.0,0.0,10
2023-05-11 09:04:52,OI311P9500,OI311P9500,1336.0,0.0,0.0,0.0,10,901.0,1993.5,1,1336.0,0.0,0.0,0.0,0.0,0.0,10
2023-05-11 09:04:53,OI311P9500,OI311P9500,1336.0,0.0,0.0,0.0,1,902.5,1993.5,1,1336.0,0.0,0.0,0.0,0.0,0.0,10
2023-05-11 09:04:53,OI311P9500,OI311P9500,1336.0,0.0,0.0,0.0,10,903.0,1993.5,1,1336.0,0.0,0.0,0.0,0.0,0.0,10
2023-05-11 09:04:54,OI311P9500,OI311P9500,1336.0,0.0,0.0,0.0,1,904.5,1993.5,1,1336.0,0.0,0.0,0.0,0.0,0.0,10
2023-05-11 09:04:54,OI311P9500,OI311P9500,1336.0,0.0,0.0,0.0,10,905.0,1993.5,1,1336.0,0.0,0.0,0.0,0.0,0.0,10
2023-05-11 09:04:55,OI311P9500,OI311P9500,1336.0,0.0,0.0,0.0,1,906.5,1993.5,1,1336.0,0.0,0.0,0.0,0.0,0.0,10
2023-05-11 09:04:55,OI311P9500,OI311P9500,1336.0,0.0,0.0,0.0,10,907.0,1993.5,1,1336.0,0.0,0.0,0.0,0.0,0.0,10
2023-05-11 09:04:56,OI311P9500,OI311P9500,1336.0,0.0,0.0,0.0,1,908.5,1993.5,1,1336.0,0.0,0.0,0.0,0.0,0.0,10
2023-05-11 09:04:56,OI311P9500,OI311P9500,1336.0,0.0,0.0,0.0,10,909.0,1993.5,1,1336.0,0.0,0.0,0.0,0.0,0.0,10
2023-05-11 09:04:57,OI311P9500,OI311P9500,1336.0,0.0,0.0,0.0,1,910.5,1993.5,1,1336.0,0.0,0.0,0.0,0.0,0.0,10
2023-05-11 09:04:57,OI311P9500,OI311P9500,1336.0,0.0,0.0,0.0,10,911.0,1993.5,1,1336.0,0.0,0.0,0.0,0.0,0.0,10
2023-05-11 09:04:58,OI311P9500,OI311P9500,1336.0,0.0,0.0,0.0,1,912.5,1993.5,1,1336.0,0.0,0.0,0.0,0.0,0.0,10
2023-05-11 09:05:28,OI311P9500,OI311P9500,1336.0,0.0,0.0,0.0,10,913.0,1993.5,1,1336.0,0.0,0.0,0.0,0.0,0.0,10
2023-05-11 09:05:28,OI311P9500,OI311P9500,1336.0,0.0,0.0,0.0,1,914.5,1993.5,1,1336.0,0.0,0.0,0.0,0.0,0.0,10
2023-05-11 09:05:28,OI311P9500,OI311P9500,1336.0,0.0,0.0,0.0,10,915.0,1993.5,1,1336.0,0.0,0.0,0.0,0.0,0.0,10
2023-05-11 09:05:29,OI311P9500,OI311P9500,1336.0,0.0,0.0,0.0,1,916.5,1993.5,1,1336.0,0.0,0.0,0.0,0.0,0.0,10
2023-05-11 09:05:29,OI311P9500,OI311P9500,1336.0,0.0,0.0,0.0,10,917.0,1993.5,1,1336.0,0.0,0.0,0.0,0.0,0.0,10
2023-05-11 09:05:30,OI311P9500,OI311P9500,1336.0,0.0,0.0,0.0,1,918.5,1993.5,1,1336.0,0.0,0.0,0.0,0.0,0.0,10
2023-05-11 09:05:30,OI311P9500,OI311P9500,1336.0,0.0,0.0,0.0,10,919.0,1993.5,1,1336.0,0.0,0.0,0.0,0.0,0.0,10
2023-05-11 09:05:31,OI311P9500,OI311P9500,1336.0,0.0,0.0,0.0,1,920.5,1993.5,1,1336.0,0.0,0.0,0.0,0.0,0.0,10
2023-05-11 09:05:31,OI311P9500,OI311P9500,1336.0,0.0,0.0,0.0,10,921.0,1993.5,1,1336.0,0.0,0.0,0.0,0.0,0.0,10
2023-05-11 09:05:33,OI311P9500,OI311P9500,1336.0,0.0,0.0,0.0,1,922.5,1993.5,1,1336.0,0.0,0.0,0.0,0.0,0.0,10
2023-05-11 09:05:33,OI311P9500,OI311P9500,1336.0,0.0,0.0,0.0,10,923.0,1993.5,1,1336.0,0.0,0.0,0.0,0.0,0.0,10
2023-05-11 09:05:34,OI311P9500,OI311P9500,1336.0,0.0,0.0,0.0,1,924.5,1993.5,1,1336.0,0.0,0.0,0.0,0.0,0.0,10
2023-05-11 09:05:34,OI311P9500,OI311P9500,1336.0,0.0,0.0,0.0,10,925.0,1993.5,1,1336.0,0.0,0.0,0.0,0.0,0.0,10
2023-05-11 09:05:35,OI311P9500,OI311P9500,1336.0,0.0,0.0,0.0,1,926.5,1993.5,1,1336.0,0.0,0.0,0.0,0.0,0.0,10
2023-05-11 09:05:35,OI311P9500,OI311P9500,1336.0,0.0,0.0,0.0,10,927.0,1993.5,1,1336.0,0.0,0.0,0.0,0.0,0.0,10
2023-05-11 09:05:36,OI311P9500,OI311P9500,1336.0,0.0,0.0,0.0,1,928.5,1993.5,1,1336.0,0.0,0.0,0.0,0.0,0.0,10
2023-05-11 09:05:36,OI311P9500,OI311P9500,1336.0,0.0,0.0,0.0,10,929.0,1993.5,1,1336.0,0.0,0.0,0.0,0.0,0.0,10
2023-05-11 09:05:37,OI311P9500,OI311P9500,1336.0,0.0,0.0,0.0,1,930.5,1993.5,1,1336.0,0.0,0.0,0.0,0.0,0.0,10
2023-05-11 09:05:37,OI311P9500,OI311P9500,1336.0,0.0,0.0,0.0,10,931.0,1993.5,1,1336.0,0.0,0.0,0.0,0.0,0.0,10
2023-05-11 09:05:38,OI311P9500,OI311P9500,1336.0,0.0,0.0,0.0,1,932.5,1993.5,1,1336.0,0.0,0.0,0.0,0.0,0.0,10
2023-05-11 09:05:38,OI311P9500,OI311P9500,1336.0,0.0,0.0,0.0,10,933.0,1993.5,1,1336.0,0.0,0.0,0.0,0.0,0.0,10
2023-05-11 09:05:39,OI311P9500,OI311P9500,1336.0,0.0,0.0,0.0,1,934.5,1993.5,1,1336.0,0.0,0.0,0.0,0.0,0.0,10
2023-05-11 09:05:39,OI311P9500,OI311P9500,1336.0,0.0,0.0,0.0,10,935.0,1993.5,1,1336.0,0.0,0.0,0.0,0.0,0.0,10
2023-05-11 09:05:40,OI311P9500,OI311P9500,1336.0,0.0,0.0,0.0,1,936.5,1993.5,1,1336.0,0.0,0.0,0.0,0.0,0.0,10
2023-05-11 09:05:40,OI311P9500,OI311P9500,1336.0,0.0,0.0,0.0,10,937.0,1993.5,1,1336.0,0.0,0.0,0.0,0.0,0.0,10
2023-05-11 09:05:42,OI311P9500,OI311P9500,1336.0,0.0,0.0,0.0,1,938.5,1993.5,1,1336.0,0.0,0.0,0.0,0.0,0.0,10
2023-05-11 09:05:42,OI311P9500,OI311P9500,1336.0,0.0,0.0,0.0,10,939.0,1993.5,1,1336.0,0.0,0.0,0.0,0.0,0.0,10
2023-05-11 09:05:43,OI311P9500,OI311P9500,1336.0,0.0,0.0,0.0,1,940.5,1993.5,1,1336.0,0.0,0.0,0.0,0.0,0.0,10
2023-05-11 09:05:44,OI311P9500,OI311P9500,1336.0,0.0,0.0,0.0,10,941.0,1993.5,1,1336.0,0.0,0.0,0.0,0.0,0.0,10
2023-05-11 09:05:46,OI311P9500,OI311P9500,1336.0,0.0,0.0,0.0,1,942.5,1993.5,1,1336.0,0.0,0.0,0.0,0.0,0.0,10
2023-05-11 09:05:47,OI311P9500,OI311P9500,1336.0,0.0,0.0,0.0,10,943.0,1993.5,1,1336.0,0.0,0.0,0.0,0.0,0.0,10
2023-05-11 09:05:47,OI311P9500,OI311P9500,1336.0,0.0,0.0,0.0,1,944.5,1993.5,1,1336.0,0.0,0.0,0.0,0.0,0.0,10
2023-05-11 09:05:47,OI311P9500,OI311P9500,1336.0,0.0,0.0,0.0,10,945.0,1993.5,1,1336.0,0.0,0.0,0.0,0.0,0.0,10
2023-05-11 09:05:49,OI311P9500,OI311P9500,1336.0,0.0,0.0,0.0,1,946.5,1993.5,1,1336.0,0.0,0.0,0.0,0.0,0.0,10
2023-05-11 09:05:49,OI311P9500,OI311P9500,1336.0,0.0,0.0,0.0,10,947.0,1993.5,1,1336.0,0.0,0.0,0.0,0.0,0.0,10
2023-05-11 09:05:51,OI311P9500,OI311P9500,1336.0,0.0,0.0,0.0,1,948.5,1993.5,1,1336.0,0.0,0.0,0.0,0.0,0.0,10
2023-05-11 09:05:51,OI311P9500,OI311P9500,1336.0,0.0,0.0,0.0,10,949.0,1993.5,1,1336.0,0.0,0.0,0.0,0.0,0.0,10
2023-05-11 09:05:53,OI311P9500,OI311P9500,1336.0,0.0,0.0,0.0,1,950.5,1993.5,1,1336.0,0.0,0.0,0.0,0.0,0.0,10
2023-05-11 09:05:53,OI311P9500,OI311P9500,1336.0,0.0,0.0,0.0,10,951.0,1993.5,1,1336.0,0.0,0.0,0.0,0.0,0.0,10
2023-05-11 09:05:54,OI311P9500,OI311P9500,1336.0,0.0,0.0,0.0,1,952.5,1993.5,1,1336.0,0.0,0.0,0.0,0.0,0.0,10
2023-05-11 09:05:54,OI311P9500,OI311P9500,1336.0,0.0,0.0,0.0,10,953.0,1993.5,1,1336.0,0.0,0.0,0.0,0.0,0.0,10
2023-05-11 09:05:55,OI311P9500,OI311P9500,1336.0,0.0,0.0,0.0,1,954.5,1993.5,1,1336.0,0.0,0.0,0.0,0.0,0.0,10
2023-05-11 09:05:56,OI311P9500,OI311P9500,1336.0,0.0,0.0,0.0,10,955.0,1993.5,1,1336.0,0.0,0.0,0.0,0.0,0.0,10
2023-05-11 09:05:56,OI311P9500,OI311P9500,1336.0,0.0,0.0,0.0,1,956.5,1993.5,1,1336.0,0.0,0.0,0.0,0.0,0.0,10
2023-05-11 09:05:56,OI311P9500,OI311P9500,1336.0,0.0,0.0,0.0,10,957.0,1993.5,1,1336.0,0.0,0.0,0.0,0.0,0.0,10
2023-05-11 09:05:58,OI311P9500,OI311P9500,1336.0,0.0,0.0,0.0,1,958.5,1993.5,1,1336.0,0.0,0.0,0.0,0.0,0.0,10
2023-05-11 09:05:58,OI311P9500,OI311P9500,1336.0,0.0,0.0,0.0,10,959.0,1993.5,1,1336.0,0.0,0.0,0.0,0.0,0.0,10
2023-05-11 09:06:01,OI311P9500,OI311P9500,1336.0,0.0,0.0,0.0,1,960.5,1993.5,1,1336.0,0.0,0.0,0.0,0.0,0.0,10
2023-05-11 09:06:01,OI311P9500,OI311P9500,1336.0,0.0,0.0,0.0,10,961.0,1993.5,1,1336.0,0.0,0.0,0.0,0.0,0.0,10
2023-05-11 09:06:02,OI311P9500,OI311P9500,1336.0,0.0,0.0,0.0,1,962.5,1993.5,1,1336.0,0.0,0.0,0.0,0.0,0.0,10
2023-05-11 09:06:02,OI311P9500,OI311P9500,1336.0,0.0,0.0,0.0,10,963.0,1993.5,1,1336.0,0.0,0.0,0.0,0.0,0.0,10
2023-05-11 09:06:03,OI311P9500,OI311P9500,1336.0,0.0,0.0,0.0,1,964.5,1993.5,1,1336.0,0.0,0.0,0.0,0.0,0.0,10
2023-05-11 09:06:04,OI311P9500,OI311P9500,1336.0,0.0,0.0,0.0,10,965.0,1993.5,1,1336.0,0.0,0.0,0.0,0.0,0.0,10
2023-05-11 09:06:04,OI311P9500,OI311P9500,1336.0,0.0,0.0,0.0,1,966.5,1993.5,1,1336.0,0.0,0.0,0.0,0.0,0.0,10
2023-05-11 09:06:04,OI311P9500,OI311P9500,1336.0,0.0,0.0,0.0,10,967.0,1993.5,1,1336.0,0.0,0.0,0.0,0.0,0.0,10
2023-05-11 09:06:05,OI311P9500,OI311P9500,1336.0,0.0,0.0,0.0,1,968.5,1993.5,1,1336.0,0.0,0.0,0.0,0.0,0.0,10
2023-05-11 09:06:05,OI311P9500,OI311P9500,1336.0,0.0,0.0,0.0,10,969.0,1993.5,1,1336.0,0.0,0.0,0.0,0.0,0.0,10
2023-05-11 09:06:06,OI311P9500,OI311P9500,1336.0,0.0,0.0,0.0,1,970.5,1993.5,1,1336.0,0.0,0.0,0.0,0.0,0.0,10
2023-05-11 09:06:06,OI311P9500,OI311P9500,1336.0,0.0,0.0,0.0,10,971.0,1993.5,1,1336.0,0.0,0.0,0.0,0.0,0.0,10
2023-05-11 09:06:07,OI311P9500,OI311P9500,1336.0,0.0,0.0,0.0,1,972.5,1993.5,1,1336.0,0.0,0.0,0.0,0.0,0.0,10
2023-05-11 09:06:07,OI311P9500,OI311P9500,1336.0,0.0,0.0,0.0,10,973.0,1993.5,1,1336.0,0.0,0.0,0.0,0.0,0.0,10
2023-05-11 09:06:09,OI311P9500,OI311P9500,1336.0,0.0,0.0,0.0,1,974.5,1993.5,1,1336.0,0.0,0.0,0.0,0.0,0.0,10
2023-05-11 09:06:09,OI311P9500,OI311P9500,1336.0,0.0,0.0,0.0,10,975.0,1993.5,1,1336.0,0.0,0.0,0.0,0.0,0.0,10
2023-05-11 09:06:10,OI311P9500,OI311P9500,1336.0,0.0,0.0,0.0,1,976.5,1993.5,1,1336.0,0.0,0.0,0.0,0.0,0.0,10
2023-05-11 09:06:10,OI311P9500,OI311P9500,1336.0,0.0,0.0,0.0,10,977.0,1993.5,1,1336.0,0.0,0.0,0.0,0.0,0.0,10
2023-05-11 09:06:11,OI311P9500,OI311P9500,1336.0,0.0,0.0,0.0,1,978.5,1993.5,1,1336.0,0.0,0.0,0.0,0.0,0.0,10
2023-05-11 09:06:11,OI311P9500,OI311P9500,1336.0,0.0,0.0,0.0,10,979.0,1993.5,1,1336.0,0.0,0.0,0.0,0.0,0.0,10
2023-05-11 09:06:12,OI311P9500,OI311P9500,1336.0,0.0,0.0,0.0,1,980.5,1993.5,1,1336.0,0.0,0.0,0.0,0.0,0.0,10
2023-05-11 09:06:12,OI311P9500,OI311P9500,1336.0,0.0,0.0,0.0,10,981.0,1993.5,1,1336.0,0.0,0.0,0.0,0.0,0.0,10
2023-05-11 09:06:13,OI311P9500,OI311P9500,1336.0,0.0,0.0,0.0,1,982.5,1993.5,1,1336.0,0.0,0.0,0.0,0.0,0.0,10
2023-05-11 09:06:13,OI311P9500,OI311P9500,1336.0,0.0,0.0,0.0,10,983.0,1993.5,1,1336.0,0.0,0.0,0.0,0.0,0.0,10
2023-05-11 09:06:14,OI311P9500,OI311P9500,1336.0,0.0,0.0,0.0,1,984.5,1993.5,1,1336.0,0.0,0.0,0.0,0.0,0.0,10
2023-05-11 09:06:14,OI311P9500,OI311P9500,1336.0,0.0,0.0,0.0,10,985.0,1993.5,1,1336.0,0.0,0.0,0.0,0.0,0.0,10
2023-05-11 09:06:15,OI311P9500,OI311P9500,1336.0,0.0,0.0,0.0,1,986.5,1993.5,1,1336.0,0.0,0.0,0.0,0.0,0.0,10
2023-05-11 09:06:15,OI311P9500,OI311P9500,1336.0,0.0,0.0,0.0,10,987.0,1993.5,1,1336.0,0.0,0.0,0.0,0.0,0.0,10
2023-05-11 09:06:18,OI311P9500,OI311P9500,1336.0,0.0,0.0,0.0,1,988.5,1993.5,1,1336.0,0.0,0.0,0.0,0.0,0.0,10
2023-05-11 09:06:19,OI311P9500,OI311P9500,1336.0,0.0,0.0,0.0,10,989.0,1993.5,1,1336.0,0.0,0.0,0.0,0.0,0.0,10
2023-05-11 09:06:20,OI311P9500,OI311P9500,1336.0,0.0,0.0,0.0,1,990.5,1993.5,1,1336.0,0.0,0.0,0.0,0.0,0.0,10
2023-05-11 09:06:21,OI311P9500,OI311P9500,1336.0,0.0,0.0,0.0,10,991.0,1993.5,1,1336.0,0.0,0.0,0.0,0.0,0.0,10
2023-05-11 09:06:21,OI311P9500,OI311P9500,1336.0,0.0,0.0,0.0,1,992.5,1993.5,1,1336.0,0.0,0.0,0.0,0.0,0.0,10
2023-05-11 09:06:21,OI311P9500,OI311P9500,1336.0,0.0,0.0,0.0,10,993.0,1993.5,1,1336.0,0.0,0.0,0.0,0.0,0.0,10
2023-05-11 09:06:23,OI311P9500,OI311P9500,1336.0,0.0,0.0,0.0,1,994.5,1993.5,1,1336.0,0.0,0.0,0.0,0.0,0.0,10
2023-05-11 09:06:23,OI311P9500,OI311P9500,1336.0,0.0,0.0,0.0,10,995.0,1993.5,1,1336.0,0.0,0.0,0.0,0.0,0.0,10
2023-05-11 09:06:24,OI311P9500,OI311P9500,1336.0,0.0,0.0,0.0,1,996.5,1993.5,1,1336.0,0.0,0.0,0.0,0.0,0.0,10
2023-05-11 09:06:24,OI311P9500,OI311P9500,1336.0,0.0,0.0,0.0,10,997.0,1993.5,1,1336.0,0.0,0.0,0.0,0.0,0.0,10
2023-05-11 09:06:26,OI311P9500,OI311P9500,1336.0,0.0,0.0,0.0,1,998.5,1993.5,1,1336.0,0.0,0.0,0.0,0.0,0.0,10
2023-05-11 09:06:26,OI311P9500,OI311P9500,1336.0,0.0,0.0,0.0,10,999.0,1993.5,1,1336.0,0.0,0.0,0.0,0.0,0.0,10
2023-05-11 09:06:27,OI311P9500,OI311P9500,1336.0,0.0,0.0,0.0,1,1000.5,1993.5,1,1336.0,0.0,0.0,0.0,0.0,0.0,10
2023-05-11 09:06:27,OI311P9500,OI311P9500,1336.0,0.0,0.0,0.0,10,1001.0,1993.5,1,1336.0,0.0,0.0,0.0,0.0,0.0,10
2023-05-11 09:06:28,OI311P9500,OI311P9500,1336.0,0.0,0.0,0.0,1,1002.5,1993.5,1,1336.0,0.0,0.0,0.0,0.0,0.0,10
2023-05-11 09:06:28,OI311P9500,OI311P9500,1336.0,0.0,0.0,0.0,10,1003.0,1993.5,1,1336.0,0.0,0.0,0.0,0.0,0.0,10
2023-05-11 09:06:29,OI311P9500,OI311P9500,1336.0,0.0,0.0,0.0,1,1004.5,1993.5,1,1336.0,0.0,0.0,0.0,0.0,0.0,10
2023-05-11 09:06:29,OI311P9500,OI311P9500,1336.0,0.0,0.0,0.0,10,1005.0,1993.5,1,1336.0,0.0,0.0,0.0,0.0,0.0,10
2023-05-11 09:06:30,OI311P9500,OI311P9500,1336.0,0.0,0.0,0.0,1,1006.5,1993.5,1,1336.0,0.0,0.0,0.0,0.0,0.0,10
2023-05-11 09:06:30,OI311P9500,OI311P9500,1336.0,0.0,0.0,0.0,10,1007.0,1993.5,1,1336.0,0.0,0.0,0.0,0.0,0.0,10
2023-05-11 09:06:31,OI311P9500,OI311P9500,1336.0,0.0,0.0,0.0,1,1008.5,1993.5,1,1336.0,0.0,0.0,0.0,0.0,0.0,10
2023-05-11 09:06:31,OI311P9500,OI311P9500,1336.0,0.0,0.0,0.0,10,1009.0,1993.5,1,1336.0,0.0,0.0,0.0,0.0,0.0,10
2023-05-11 09:06:32,OI311P9500,OI311P9500,1336.0,0.0,0.0,0.0,1,1010.5,1993.5,1,1336.0,0.0,0.0,0.0,0.0,0.0,10
2023-05-11 09:06:32,OI311P9500,OI311P9500,1336.0,0.0,0.0,0.0,10,1011.0,1993.5,1,1336.0,0.0,0.0,0.0,0.0,0.0,10
2023-05-11 09:06:33,OI311P9500,OI311P9500,1336.0,0.0,0.0,0.0,1,1012.5,1993.5,1,1336.0,0.0,0.0,0.0,0.0,0.0,10
2023-05-11 09:06:33,OI311P9500,OI311P9500,1336.0,0.0,0.0,0.0,10,1013.0,1993.5,1,1336.0,0.0,0.0,0.0,0.0,0.0,10
2023-05-11 09:06:34,OI311P9500,OI311P9500,1336.0,0.0,0.0,0.0,1,1014.5,1993.5,1,1336.0,0.0,0.0,0.0,0.0,0.0,10
2023-05-11 09:06:34,OI311P9500,OI311P9500,1336.0,0.0,0.0,0.0,10,1015.0,1993.5,1,1336.0,0.0,0.0,0.0,0.0,0.0,10
2023-05-11 09:06:34,OI311P9500,OI311P9500,1336.0,0.0,0.0,0.0,1,1014.5,1993.5,1,1336.0,0.0,0.0,0.0,0.0,0.0,10
2023-05-11 09:06:34,OI311P9500,OI311P9500,1336.0,0.0,0.0,0.0,10,1015.0,1993.5,1,1336.0,0.0,0.0,0.0,0.0,0.0,10
2023-05-11 09:23:41,OI311P9500,OI311P9500,1336.0,0.0,0.0,0.0,1,1016.5,1993.5,1,1336.0,0.0,0.0,0.0,0.0,0.0,10
2023-05-11 09:23:42,OI311P9500,OI311P9500,1336.0,0.0,0.0,0.0,10,1017.0,1993.5,1,1336.0,0.0,0.0,0.0,0.0,0.0,10
2023-05-11 09:23:42,OI311P9500,OI311P9500,1336.0,0.0,0.0,0.0,1,1018.5,1993.5,1,1336.0,0.0,0.0,0.0,0.0,0.0,10
2023-05-11 09:23:42,OI311P9500,OI311P9500,1336.0,0.0,0.0,0.0,10,1019.0,1993.5,1,1336.0,0.0,0.0,0.0,0.0,0.0,10
2023-05-11 09:23:43,OI311P9500,OI311P9500,1336.0,0.0,0.0,0.0,1,1020.5,1993.5,1,1336.0,0.0,0.0,0.0,0.0,0.0,10
2023-05-11 09:23:43,OI311P9500,OI311P9500,1336.0,0.0,0.0,0.0,10,1021.0,1993.5,1,1336.0,0.0,0.0,0.0,0.0,0.0,10
2023-05-11 09:23:44,OI311P9500,OI311P9500,1336.0,0.0,0.0,0.0,1,1022.5,1993.5,1,1336.0,0.0,0.0,0.0,0.0,0.0,10
2023-05-11 09:23:44,OI311P9500,OI311P9500,1336.0,0.0,0.0,0.0,10,1023.0,1993.5,1,1336.0,0.0,0.0,0.0,0.0,0.0,10
2023-05-11 09:23:45,OI311P9500,OI311P9500,1336.0,0.0,0.0,0.0,1,1024.5,1993.5,1,1336.0,0.0,0.0,0.0,0.0,0.0,10
2023-05-11 09:23:45,OI311P9500,OI311P9500,1336.0,0.0,0.0,0.0,10,1025.0,1993.5,1,1336.0,0.0,0.0,0.0,0.0,0.0,10
2023-05-11 09:23:46,OI311P9500,OI311P9500,1336.0,0.0,0.0,0.0,1,1026.5,1993.5,1,1336.0,0.0,0.0,0.0,0.0,0.0,10
2023-05-11 09:23:46,OI311P9500,OI311P9500,1336.0,0.0,0.0,0.0,10,1027.0,1993.5,1,1336.0,0.0,0.0,0.0,0.0,0.0,10
2023-05-11 09:23:47,OI311P9500,OI311P9500,1336.0,0.0,0.0,0.0,1,1028.5,1993.5,1,1336.0,0.0,0.0,0.0,0.0,0.0,10
2023-05-11 09:23:47,OI311P9500,OI311P9500,1336.0,0.0,0.0,0.0,10,1029.0,1993.5,1,1336.0,0.0,0.0,0.0,0.0,0.0,10
2023-05-11 09:23:48,OI311P9500,OI311P9500,1336.0,0.0,0.0,0.0,1,1030.5,1993.5,1,1336.0,0.0,0.0,0.0,0.0,0.0,10
2023-05-11 09:23:48,OI311P9500,OI311P9500,1336.0,0.0,0.0,0.0,10,1031.0,1993.5,1,1336.0,0.0,0.0,0.0,0.0,0.0,10
2023-05-11 09:23:49,OI311P9500,OI311P9500,1336.0,0.0,0.0,0.0,1,1032.5,1993.5,1,1336.0,0.0,0.0,0.0,0.0,0.0,10
2023-05-11 09:23:49,OI311P9500,OI311P9500,1336.0,0.0,0.0,0.0,10,1033.0,1993.5,1,1336.0,0.0,0.0,0.0,0.0,0.0,10
2023-05-11 09:23:50,OI311P9500,OI311P9500,1336.0,0.0,0.0,0.0,1,1034.5,1993.5,1,1336.0,0.0,0.0,0.0,0.0,0.0,10
2023-05-11 09:23:50,OI311P9500,OI311P9500,1336.0,0.0,0.0,0.0,10,1035.0,1993.5,1,1336.0,0.0,0.0,0.0,0.0,0.0,10
2023-05-11 09:43:41,OI311P9500,OI311P9500,1336.0,0.0,0.0,0.0,1,1036.5,1993.5,1,1336.0,0.0,0.0,0.0,0.0,0.0,10
2023-05-11 09:43:42,OI311P9500,OI311P9500,1336.0,0.0,0.0,0.0,10,1037.0,1993.5,1,1336.0,0.0,0.0,0.0,0.0,0.0,10
2023-05-11 09:43:42,OI311P9500,OI311P9500,1336.0,0.0,0.0,0.0,1,1038.5,1993.5,1,1336.0,0.0,0.0,0.0,0.0,0.0,10
2023-05-11 09:43:42,OI311P9500,OI311P9500,1336.0,0.0,0.0,0.0,10,1039.0,1993.5,1,1336.0,0.0,0.0,0.0,0.0,0.0,10
2023-05-11 09:43:43,OI311P9500,OI311P9500,1336.0,0.0,0.0,0.0,1,1040.5,1993.5,1,1336.0,0.0,0.0,0.0,0.0,0.0,10
2023-05-11 09:43:43,OI311P9500,OI311P9500,1336.0,0.0,0.0,0.0,10,1041.0,1993.5,1,1336.0,0.0,0.0,0.0,0.0,0.0,10
2023-05-11 09:43:44,OI311P9500,OI311P9500,1336.0,0.0,0.0,0.0,1,1042.5,1993.5,1,1336.0,0.0,0.0,0.0,0.0,0.0,10
2023-05-11 09:43:44,OI311P9500,OI311P9500,1336.0,0.0,0.0,0.0,10,1043.0,1993.5,1,1336.0,0.0,0.0,0.0,0.0,0.0,10
2023-05-11 09:43:45,OI311P9500,OI311P9500,1336.0,0.0,0.0,0.0,1,1044.5,1993.5,1,1336.0,0.0,0.0,0.0,0.0,0.0,10
2023-05-11 09:43:45,OI311P9500,OI311P9500,1336.0,0.0,0.0,0.0,10,1045.0,1993.5,1,1336.0,0.0,0.0,0.0,0.0,0.0,10
2023-05-11 09:43:46,OI311P9500,OI311P9500,1336.0,0.0,0.0,0.0,1,1046.5,1993.5,1,1336.0,0.0,0.0,0.0,0.0,0.0,10
2023-05-11 09:43:46,OI311P9500,OI311P9500,1336.0,0.0,0.0,0.0,10,1047.0,1993.5,1,1336.0,0.0,0.0,0.0,0.0,0.0,10
2023-05-11 09:43:47,OI311P9500,OI311P9500,1336.0,0.0,0.0,0.0,1,1048.5,1993.5,1,1336.0,0.0,0.0,0.0,0.0,0.0,10
2023-05-11 09:43:47,OI311P9500,OI311P9500,1336.0,0.0,0.0,0.0,10,1049.0,1993.5,1,1336.0,0.0,0.0,0.0,0.0,0.0,10
2023-05-11 09:43:48,OI311P9500,OI311P9500,1336.0,0.0,0.0,0.0,1,1050.5,1993.5,1,1336.0,0.0,0.0,0.0,0.0,0.0,10
2023-05-11 09:43:48,OI311P9500,OI311P9500,1336.0,0.0,0.0,0.0,10,1051.0,1993.5,1,1336.0,0.0,0.0,0.0,0.0,0.0,10
2023-05-11 09:43:49,OI311P9500,OI311P9500,1336.0,0.0,0.0,0.0,1,1052.5,1993.5,1,1336.0,0.0,0.0,0.0,0.0,0.0,10
2023-05-11 09:45:33,OI311P9500,OI311P9500,1336.0,0.0,0.0,0.0,10,1053.0,1993.5,1,1336.0,0.0,0.0,0.0,0.0,0.0,10
2023-05-11 09:45:33,OI311P9500,OI311P9500,1336.0,0.0,0.0,0.0,1,1054.5,1993.5,1,1336.0,0.0,0.0,0.0,0.0,0.0,10
2023-05-11 09:45:33,OI311P9500,OI311P9500,1336.0,0.0,0.0,0.0,10,1055.0,1993.5,1,1336.0,0.0,0.0,0.0,0.0,0.0,10
2023-05-11 10:03:41,OI311P9500,OI311P9500,1336.0,0.0,0.0,0.0,1,1056.5,1993.5,1,1336.0,0.0,0.0,0.0,0.0,0.0,10
2023-05-11 10:03:42,OI311P9500,OI311P9500,1336.0,0.0,0.0,0.0,10,1057.0,1993.5,1,1336.0,0.0,0.0,0.0,0.0,0.0,10
2023-05-11 10:03:42,OI311P9500,OI311P9500,1336.0,0.0,0.0,0.0,1,1058.5,1993.5,1,1336.0,0.0,0.0,0.0,0.0,0.0,10
2023-05-11 10:03:43,OI311P9500,OI311P9500,1336.0,0.0,0.0,0.0,10,1059.0,1993.5,1,1336.0,0.0,0.0,0.0,0.0,0.0,10
2023-05-11 10:03:43,OI311P9500,OI311P9500,1336.0,0.0,0.0,0.0,1,1060.5,1993.5,1,1336.0,0.0,0.0,0.0,0.0,0.0,10
2023-05-11 10:03:44,OI311P9500,OI311P9500,1336.0,0.0,0.0,0.0,10,1061.0,1993.5,1,1336.0,0.0,0.0,0.0,0.0,0.0,10
2023-05-11 10:03:44,OI311P9500,OI311P9500,1336.0,0.0,0.0,0.0,1,1062.5,1993.5,1,1336.0,0.0,0.0,0.0,0.0,0.0,10
2023-05-11 10:03:45,OI311P9500,OI311P9500,1336.0,0.0,0.0,0.0,10,1063.0,1993.5,1,1336.0,0.0,0.0,0.0,0.0,0.0,10
2023-05-11 10:03:45,OI311P9500,OI311P9500,1336.0,0.0,0.0,0.0,1,1064.5,1993.5,1,1336.0,0.0,0.0,0.0,0.0,0.0,10
2023-05-11 10:03:46,OI311P9500,OI311P9500,1336.0,0.0,0.0,0.0,10,1065.0,1993.5,1,1336.0,0.0,0.0,0.0,0.0,0.0,10
2023-05-11 10:03:46,OI311P9500,OI311P9500,1336.0,0.0,0.0,0.0,1,1066.5,1993.5,1,1336.0,0.0,0.0,0.0,0.0,0.0,10
2023-05-11 10:03:47,OI311P9500,OI311P9500,1336.0,0.0,0.0,0.0,10,1067.0,1993.5,1,1336.0,0.0,0.0,0.0,0.0,0.0,10
2023-05-11 10:03:47,OI311P9500,OI311P9500,1336.0,0.0,0.0,0.0,1,1068.5,1993.5,1,1336.0,0.0,0.0,0.0,0.0,0.0,10
2023-05-11 10:03:48,OI311P9500,OI311P9500,1336.0,0.0,0.0,0.0,10,1069.0,1993.5,1,1336.0,0.0,0.0,0.0,0.0,0.0,10
2023-05-11 10:03:48,OI311P9500,OI311P9500,1336.0,0.0,0.0,0.0,1,1070.5,1993.5,1,1336.0,0.0,0.0,0.0,0.0,0.0,10
2023-05-11 10:03:49,OI311P9500,OI311P9500,1336.0,0.0,0.0,0.0,10,1071.0,1993.5,1,1336.0,0.0,0.0,0.0,0.0,0.0,10
2023-05-11 10:03:49,OI311P9500,OI311P9500,1336.0,0.0,0.0,0.0,1,1072.5,1993.5,1,1336.0,0.0,0.0,0.0,0.0,0.0,10
2023-05-11 10:03:50,OI311P9500,OI311P9500,1336.0,0.0,0.0,0.0,10,1073.0,1993.5,1,1336.0,0.0,0.0,0.0,0.0,0.0,10
2023-05-11 10:03:50,OI311P9500,OI311P9500,1336.0,0.0,0.0,0.0,1,1074.5,1993.5,1,1336.0,0.0,0.0,0.0,0.0,0.0,10
2023-05-11 10:03:51,OI311P9500,OI311P9500,1336.0,0.0,0.0,0.0,10,1075.0,1993.5,1,1336.0,0.0,0.0,0.0,0.0,0.0,10
2023-05-11 10:14:33,OI311P9500,OI311P9500,1336.0,0.0,0.0,0.0,0,0.0,1993.5,1,1336.0,0.0,0.0,0.0,0.0,0.0,10
2023-05-11 10:30:00,OI311P9500,OI311P9500,1336.0,0.0,0.0,0.0,0,0.0,0.0,0,1336.0,0.0,0.0,0.0,0.0,0.0,10
2023-05-11 10:32:03,OI311P9500,OI311P9500,1336.0,0.0,0.0,0.0,10,679.0,1993.5,1,1336.0,0.0,0.0,0.0,0.0,0.0,10
2023-05-11 10:32:05,OI311P9500,OI311P9500,1336.0,0.0,0.0,0.0,1,680.5,1993.5,1,1336.0,0.0,0.0,0.0,0.0,0.0,10
2023-05-11 10:32:06,OI311P9500,OI311P9500,1336.0,0.0,0.0,0.0,10,681.0,1993.5,1,1336.0,0.0,0.0,0.0,0.0,0.0,10
2023-05-11 10:32:07,OI311P9500,OI311P9500,1336.0,0.0,0.0,0.0,1,682.5,1993.5,1,1336.0,0.0,0.0,0.0,0.0,0.0,10
2023-05-11 10:32:07,OI311P9500,OI311P9500,1336.0,0.0,0.0,0.0,10,683.0,1993.5,1,1336.0,0.0,0.0,0.0,0.0,0.0,10
2023-05-11 10:32:08,OI311P9500,OI311P9500,1336.0,0.0,0.0,0.0,1,684.5,1993.5,1,1336.0,0.0,0.0,0.0,0.0,0.0,10
2023-05-11 10:32:08,OI311P9500,OI311P9500,1336.0,0.0,0.0,0.0,10,685.0,1993.5,1,1336.0,0.0,0.0,0.0,0.0,0.0,10
2023-05-11 10:32:09,OI311P9500,OI311P9500,1336.0,0.0,0.0,0.0,1,686.5,1993.5,1,1336.0,0.0,0.0,0.0,0.0,0.0,10
2023-05-11 10:32:09,OI311P9500,OI311P9500,1336.0,0.0,0.0,0.0,10,687.0,1993.5,1,1336.0,0.0,0.0,0.0,0.0,0.0,10
2023-05-11 10:32:10,OI311P9500,OI311P9500,1336.0,0.0,0.0,0.0,1,688.5,1993.5,1,1336.0,0.0,0.0,0.0,0.0,0.0,10
2023-05-11 10:32:10,OI311P9500,OI311P9500,1336.0,0.0,0.0,0.0,10,689.0,1993.5,1,1336.0,0.0,0.0,0.0,0.0,0.0,10
2023-05-11 10:32:11,OI311P9500,OI311P9500,1336.0,0.0,0.0,0.0,1,690.5,1993.5,1,1336.0,0.0,0.0,0.0,0.0,0.0,10
2023-05-11 10:32:11,OI311P9500,OI311P9500,1336.0,0.0,0.0,0.0,10,691.0,1993.5,1,1336.0,0.0,0.0,0.0,0.0,0.0,10
2023-05-11 10:32:12,OI311P9500,OI311P9500,1336.0,0.0,0.0,0.0,1,692.5,1993.5,1,1336.0,0.0,0.0,0.0,0.0,0.0,10
2023-05-11 10:32:12,OI311P9500,OI311P9500,1336.0,0.0,0.0,0.0,10,693.0,1993.5,1,1336.0,0.0,0.0,0.0,0.0,0.0,10
2023-05-11 10:32:13,OI311P9500,OI311P9500,1336.0,0.0,0.0,0.0,1,694.5,1993.5,1,1336.0,0.0,0.0,0.0,0.0,0.0,10
2023-05-11 10:32:13,OI311P9500,OI311P9500,1336.0,0.0,0.0,0.0,10,695.0,1993.5,1,1336.0,0.0,0.0,0.0,0.0,0.0,10
2023-05-11 11:29:32,OI311P9500,OI311P9500,1336.0,0.0,0.0,0.0,0,0.0,1993.5,1,1336.0,0.0,0.0,0.0,0.0,0.0,10
2023-05-11 11:29:52,OI311P9500,OI311P9500,1336.0,0.0,0.0,0.0,0,0.0,0.0,0,1336.0,0.0,0.0,0.0,0.0,0.0,10
