time,symbol_id,symbol_name,last,trade_volume,trade_amount,open_interest_change,bv1,bp1,ap1,av1,yesterday_close,today_open,today_high,today_low,volume,amount,open_interest
2023-05-10 19:12:58,OI311C11800,OI311C11800,10.5,0.0,0.0,0.0,0,0.0,0.0,0,10.5,7.0,0.0,0.0,0.0,0.0,242
2023-05-10 20:59:00,OI311C11800,OI311C11800,10.5,0.0,0.0,0.0,5,5.0,0.0,0,10.5,7.0,0.0,0.0,0.0,0.0,242
2023-05-10 21:00:06,OI311C11800,OI311C11800,10.5,0.0,0.0,0.0,5,5.0,172.0,2,10.5,7.0,0.0,0.0,0.0,0.0,242
2023-05-10 21:00:36,OI311C11800,OI311C11800,10.5,0.0,0.0,0.0,5,5.0,166.5,1,10.5,7.0,0.0,0.0,0.0,0.0,242
2023-05-10 21:00:36,OI311C11800,OI311C11800,10.5,0.0,0.0,0.0,5,5.0,125.5,2,10.5,7.0,0.0,0.0,0.0,0.0,242
2023-05-10 21:00:56,OI311C11800,OI311C11800,10.5,0.0,0.0,0.0,5,5.0,125.5,3,10.5,7.0,0.0,0.0,0.0,0.0,242
2023-05-10 21:00:56,OI311C11800,OI311C11800,10.5,0.0,0.0,0.0,5,5.0,125.5,1,10.5,7.0,0.0,0.0,0.0,0.0,242
2023-05-10 21:01:14,OI311C11800,OI311C11800,10.5,0.0,0.0,0.0,5,5.0,10.0,2,10.5,7.0,0.0,0.0,0.0,0.0,242
2023-05-10 21:01:16,OI311C11800,OI311C11800,10.5,0.0,0.0,0.0,2,5.5,10.0,2,10.5,7.0,0.0,0.0,0.0,0.0,242
2023-05-10 21:02:10,OI311C11800,OI311C11800,10.5,0.0,0.0,0.0,2,6.0,9.5,2,10.5,7.0,0.0,0.0,0.0,0.0,242
2023-05-10 21:14:16,OI311C11800,OI311C11800,10.5,0.0,0.0,0.0,2,6.5,9.5,2,10.5,7.0,0.0,0.0,0.0,0.0,242
2023-05-10 21:15:34,OI311C11800,OI311C11800,10.5,0.0,0.0,0.0,2,6.5,9.0,2,10.5,7.0,0.0,0.0,0.0,0.0,242
2023-05-10 22:19:22,OI311C11800,OI311C11800,10.5,0.0,0.0,0.0,2,6.5,8.5,2,10.5,7.0,0.0,0.0,0.0,0.0,242
2023-05-10 22:56:07,OI311C11800,OI311C11800,10.5,0.0,0.0,0.0,5,5.0,125.5,1,10.5,7.0,0.0,0.0,0.0,0.0,242
2023-05-10 22:56:08,OI311C11800,OI311C11800,10.5,0.0,0.0,0.0,5,5.0,124.0,1,10.5,7.0,0.0,0.0,0.0,0.0,242
2023-05-10 22:56:09,OI311C11800,OI311C11800,10.5,0.0,0.0,0.0,5,5.0,55.0,1,10.5,7.0,0.0,0.0,0.0,0.0,242
2023-05-10 22:56:16,OI311C11800,OI311C11800,10.5,0.0,0.0,0.0,5,5.0,49.5,1,10.5,7.0,0.0,0.0,0.0,0.0,242
2023-05-10 22:56:16,OI311C11800,OI311C11800,10.5,0.0,0.0,0.0,5,5.0,17.5,1,10.5,7.0,0.0,0.0,0.0,0.0,242
2023-05-10 22:56:41,OI311C11800,OI311C11800,10.5,0.0,0.0,0.0,5,5.0,0.0,0,10.5,7.0,0.0,0.0,0.0,0.0,242
2023-05-10 22:56:44,OI311C11800,OI311C11800,10.5,0.0,0.0,0.0,5,5.0,660.5,1,10.5,7.0,0.0,0.0,0.0,0.0,242
2023-05-10 22:56:58,OI311C11800,OI311C11800,10.5,0.0,0.0,0.0,5,5.0,655.0,1,10.5,7.0,0.0,0.0,0.0,0.0,242
2023-05-10 22:56:59,OI311C11800,OI311C11800,10.5,0.0,0.0,0.0,5,5.0,653.5,1,10.5,7.0,0.0,0.0,0.0,0.0,242
2023-05-10 22:59:52,OI311C11800,OI311C11800,10.5,0.0,0.0,0.0,5,5.0,0.0,0,10.5,7.0,0.0,0.0,0.0,0.0,242
2023-05-11 09:00:11,OI311C11800,OI311C11800,10.5,0.0,0.0,0.0,5,5.0,171.5,1,10.5,7.0,0.0,0.0,0.0,0.0,242
2023-05-11 09:01:22,OI311C11800,OI311C11800,10.5,0.0,0.0,0.0,5,5.0,8.5,2,10.5,7.0,0.0,0.0,0.0,0.0,242
2023-05-11 09:01:27,OI311C11800,OI311C11800,10.5,0.0,0.0,0.0,2,5.5,8.5,2,10.5,7.0,0.0,0.0,0.0,0.0,242
2023-05-11 09:01:46,OI311C11800,OI311C11800,10.5,0.0,0.0,0.0,2,6.5,8.0,2,10.5,7.0,0.0,0.0,0.0,0.0,242
2023-05-11 09:02:37,OI311C11800,OI311C11800,10.5,0.0,0.0,0.0,2,6.5,7.5,2,10.5,7.0,0.0,0.0,0.0,0.0,242
2023-05-11 09:12:10,OI311C11800,OI311C11800,10.5,0.0,0.0,0.0,2,6.0,7.0,2,10.5,7.0,0.0,0.0,0.0,0.0,242
2023-05-11 09:27:07,OI311C11800,OI311C11800,10.5,0.0,0.0,0.0,2,6.0,7.5,2,10.5,7.0,0.0,0.0,0.0,0.0,242
2023-05-11 09:27:08,OI311C11800,OI311C11800,10.5,0.0,0.0,0.0,2,6.5,7.5,2,10.5,7.0,0.0,0.0,0.0,0.0,242
2023-05-11 09:30:05,OI311C11800,OI311C11800,10.5,0.0,0.0,0.0,2,6.0,7.0,2,10.5,7.0,0.0,0.0,0.0,0.0,242
2023-05-11 10:09:02,OI311C11800,OI311C11800,7.0,1.0,7.0,1.0,2,6.0,7.0,1,10.5,7.0,7.0,7.0,1.0,7.0,243
2023-05-11 10:09:59,OI311C11800,OI311C11800,7.0,1.0,7.0,1.0,2,6.0,7.5,2,10.5,7.0,7.0,7.0,2.0,14.0,244
2023-05-11 10:10:00,OI311C11800,OI311C11800,7.0,0.0,0.0,0.0,2,6.0,7.0,2,10.5,7.0,7.0,7.0,2.0,14.0,244
2023-05-11 11:29:36,OI311C11800,OI311C11800,7.0,0.0,0.0,0.0,5,5.0,171.5,1,10.5,7.0,7.0,7.0,2.0,14.0,244
2023-05-11 11:29:37,OI311C11800,OI311C11800,7.0,0.0,0.0,0.0,5,5.0,130.5,1,10.5,7.0,7.0,7.0,2.0,14.0,244
2023-05-11 13:30:14,OI311C11800,OI311C11800,7.0,0.0,0.0,0.0,5,5.0,89.5,1,10.5,7.0,7.0,7.0,2.0,14.0,244
2023-05-11 13:31:26,OI311C11800,OI311C11800,7.0,0.0,0.0,0.0,5,5.0,84.0,1,10.5,7.0,7.0,7.0,2.0,14.0,244
2023-05-11 13:31:26,OI311C11800,OI311C11800,7.0,0.0,0.0,0.0,5,5.0,16.0,1,10.5,7.0,7.0,7.0,2.0,14.0,244
2023-05-11 13:31:26,OI311C11800,OI311C11800,7.0,0.0,0.0,0.0,5,5.0,84.0,1,10.5,7.0,7.0,7.0,2.0,14.0,244
2023-05-11 13:31:26,OI311C11800,OI311C11800,7.0,0.0,0.0,0.0,5,5.0,16.0,1,10.5,7.0,7.0,7.0,2.0,14.0,244
2023-05-11 13:44:15,OI311C11800,OI311C11800,7.0,0.0,0.0,0.0,2,6.0,7.5,2,10.5,7.0,7.0,7.0,2.0,14.0,244
2023-05-11 13:45:39,OI311C11800,OI311C11800,7.0,0.0,0.0,0.0,2,6.5,7.5,2,10.5,7.0,7.0,7.0,2.0,14.0,244
2023-05-11 14:05:29,OI311C11800,OI311C11800,7.0,0.0,0.0,0.0,2,6.0,7.0,2,10.5,7.0,7.0,7.0,2.0,14.0,244
2023-05-11 14:59:06,OI311C11800,OI311C11800,7.0,0.0,0.0,0.0,5,5.0,62.0,1,10.5,7.0,7.0,7.0,2.0,14.0,244
2023-05-11 14:59:07,OI311C11800,OI311C11800,7.0,0.0,0.0,0.0,5,5.0,9.5,1,10.5,7.0,7.0,7.0,2.0,14.0,244
2023-05-11 14:59:16,OI311C11800,OI311C11800,7.0,0.0,0.0,0.0,5,5.0,89.5,1,10.5,7.0,7.0,7.0,2.0,14.0,244
2023-05-11 14:59:57,OI311C11800,OI311C11800,7.0,0.0,0.0,0.0,5,5.0,48.5,1,10.5,7.0,7.0,7.0,2.0,14.0,244
2023-05-11 14:59:57,OI311C11800,OI311C11800,7.0,0.0,0.0,0.0,5,5.0,48.5,1,10.5,7.0,7.0,7.0,2.0,14.0,244
