time,symbol_id,symbol_name,last,trade_volume,trade_amount,open_interest_change,bv1,bp1,ap1,av1,yesterday_close,today_open,today_high,today_low,volume,amount,open_interest
2023-05-10 19:12:58,OI311C9700,OI311C9700,63.5,0.0,0.0,0.0,0,0.0,0.0,0,63.5,0.0,0.0,0.0,0.0,0.0,47
2023-05-10 20:59:00,OI311C9700,OI311C9700,63.5,0.0,0.0,0.0,1,0.5,0.0,0,63.5,0.0,0.0,0.0,0.0,0.0,47
2023-05-10 21:00:05,OI311C9700,OI311C9700,63.5,0.0,0.0,0.0,1,0.5,227.5,2,63.5,0.0,0.0,0.0,0.0,0.0,47
2023-05-10 21:00:07,OI311C9700,OI311C9700,63.5,0.0,0.0,0.0,2,41.5,227.5,2,63.5,0.0,0.0,0.0,0.0,0.0,47
2023-05-10 21:00:56,OI311C9700,OI311C9700,63.5,0.0,0.0,0.0,2,41.5,225.5,1,63.5,0.0,0.0,0.0,0.0,0.0,47
2023-05-10 21:00:56,OI311C9700,OI311C9700,63.5,0.0,0.0,0.0,1,39.5,225.5,1,63.5,0.0,0.0,0.0,0.0,0.0,47
2023-05-10 21:01:08,OI311C9700,OI311C9700,63.5,0.0,0.0,0.0,1,39.5,65.0,2,63.5,0.0,0.0,0.0,0.0,0.0,47
2023-05-10 21:01:10,OI311C9700,OI311C9700,63.5,0.0,0.0,0.0,2,46.0,65.0,2,63.5,0.0,0.0,0.0,0.0,0.0,47
2023-05-10 21:01:16,OI311C9700,OI311C9700,63.5,0.0,0.0,0.0,2,58.0,65.0,2,63.5,0.0,0.0,0.0,0.0,0.0,47
2023-05-10 21:01:16,OI311C9700,OI311C9700,63.5,0.0,0.0,0.0,2,58.5,65.0,2,63.5,0.0,0.0,0.0,0.0,0.0,47
2023-05-10 21:01:28,OI311C9700,OI311C9700,63.5,0.0,0.0,0.0,2,59.0,65.0,2,63.5,0.0,0.0,0.0,0.0,0.0,47
2023-05-10 21:02:10,OI311C9700,OI311C9700,63.5,0.0,0.0,0.0,2,59.0,64.5,2,63.5,0.0,0.0,0.0,0.0,0.0,47
2023-05-10 21:02:52,OI311C9700,OI311C9700,63.5,0.0,0.0,0.0,2,59.0,64.0,2,63.5,0.0,0.0,0.0,0.0,0.0,47
2023-05-10 21:03:10,OI311C9700,OI311C9700,63.5,0.0,0.0,0.0,2,59.0,63.0,2,63.5,0.0,0.0,0.0,0.0,0.0,47
2023-05-10 21:04:03,OI311C9700,OI311C9700,63.5,0.0,0.0,0.0,2,58.5,63.0,2,63.5,0.0,0.0,0.0,0.0,0.0,47
2023-05-10 21:06:22,OI311C9700,OI311C9700,63.5,0.0,0.0,0.0,2,59.0,63.0,2,63.5,0.0,0.0,0.0,0.0,0.0,47
2023-05-10 21:06:52,OI311C9700,OI311C9700,63.5,0.0,0.0,0.0,2,59.0,64.0,2,63.5,0.0,0.0,0.0,0.0,0.0,47
2023-05-10 21:07:23,OI311C9700,OI311C9700,63.5,0.0,0.0,0.0,2,59.5,64.0,2,63.5,0.0,0.0,0.0,0.0,0.0,47
2023-05-10 21:10:05,OI311C9700,OI311C9700,63.5,0.0,0.0,0.0,2,60.0,64.0,2,63.5,0.0,0.0,0.0,0.0,0.0,47
2023-05-10 21:14:04,OI311C9700,OI311C9700,63.5,0.0,0.0,0.0,2,60.5,66.0,2,63.5,0.0,0.0,0.0,0.0,0.0,47
2023-05-10 21:14:07,OI311C9700,OI311C9700,63.5,0.0,0.0,0.0,2,60.5,65.5,2,63.5,0.0,0.0,0.0,0.0,0.0,47
2023-05-10 21:14:57,OI311C9700,OI311C9700,63.5,0.0,0.0,0.0,2,61.0,65.5,2,63.5,0.0,0.0,0.0,0.0,0.0,47
2023-05-10 21:15:30,OI311C9700,OI311C9700,63.5,0.0,0.0,0.0,2,60.5,65.5,2,63.5,0.0,0.0,0.0,0.0,0.0,47
2023-05-10 21:15:31,OI311C9700,OI311C9700,63.5,0.0,0.0,0.0,2,60.5,65.0,2,63.5,0.0,0.0,0.0,0.0,0.0,47
2023-05-10 21:15:42,OI311C9700,OI311C9700,63.5,0.0,0.0,0.0,2,60.5,64.5,2,63.5,0.0,0.0,0.0,0.0,0.0,47
2023-05-10 21:16:39,OI311C9700,OI311C9700,63.5,0.0,0.0,0.0,2,60.5,64.0,2,63.5,0.0,0.0,0.0,0.0,0.0,47
2023-05-10 21:17:17,OI311C9700,OI311C9700,63.5,0.0,0.0,0.0,2,58.5,64.0,2,63.5,0.0,0.0,0.0,0.0,0.0,47
2023-05-10 21:17:18,OI311C9700,OI311C9700,63.5,0.0,0.0,0.0,2,58.5,63.5,2,63.5,0.0,0.0,0.0,0.0,0.0,47
2023-05-10 21:18:06,OI311C9700,OI311C9700,63.5,0.0,0.0,0.0,2,59.0,63.5,2,63.5,0.0,0.0,0.0,0.0,0.0,47
2023-05-10 21:18:13,OI311C9700,OI311C9700,63.5,0.0,0.0,0.0,2,59.5,63.5,2,63.5,0.0,0.0,0.0,0.0,0.0,47
2023-05-10 21:22:08,OI311C9700,OI311C9700,63.5,0.0,0.0,0.0,2,59.5,63.0,2,63.5,0.0,0.0,0.0,0.0,0.0,47
2023-05-10 21:22:21,OI311C9700,OI311C9700,63.5,0.0,0.0,0.0,2,59.0,63.0,2,63.5,0.0,0.0,0.0,0.0,0.0,47
2023-05-10 21:22:31,OI311C9700,OI311C9700,63.5,0.0,0.0,0.0,2,59.0,62.5,2,63.5,0.0,0.0,0.0,0.0,0.0,47
2023-05-10 21:25:33,OI311C9700,OI311C9700,63.5,0.0,0.0,0.0,2,59.0,63.0,2,63.5,0.0,0.0,0.0,0.0,0.0,47
2023-05-10 21:31:05,OI311C9700,OI311C9700,63.5,0.0,0.0,0.0,2,59.5,63.0,2,63.5,0.0,0.0,0.0,0.0,0.0,47
2023-05-10 21:31:08,OI311C9700,OI311C9700,63.5,0.0,0.0,0.0,2,59.5,225.5,1,63.5,0.0,0.0,0.0,0.0,0.0,47
2023-05-10 21:31:09,OI311C9700,OI311C9700,63.5,0.0,0.0,0.0,2,59.5,64.5,2,63.5,0.0,0.0,0.0,0.0,0.0,47
2023-05-10 21:31:25,OI311C9700,OI311C9700,63.5,0.0,0.0,0.0,2,60.0,64.5,2,63.5,0.0,0.0,0.0,0.0,0.0,47
2023-05-10 21:31:52,OI311C9700,OI311C9700,63.5,0.0,0.0,0.0,2,60.0,64.0,2,63.5,0.0,0.0,0.0,0.0,0.0,47
2023-05-10 21:36:45,OI311C9700,OI311C9700,63.5,0.0,0.0,0.0,2,60.5,64.0,2,63.5,0.0,0.0,0.0,0.0,0.0,47
2023-05-10 21:36:58,OI311C9700,OI311C9700,63.5,0.0,0.0,0.0,2,60.5,64.5,2,63.5,0.0,0.0,0.0,0.0,0.0,47
2023-05-10 21:40:46,OI311C9700,OI311C9700,63.5,0.0,0.0,0.0,2,60.5,64.0,2,63.5,0.0,0.0,0.0,0.0,0.0,47
2023-05-10 21:41:28,OI311C9700,OI311C9700,63.5,0.0,0.0,0.0,2,60.0,64.0,2,63.5,0.0,0.0,0.0,0.0,0.0,47
2023-05-10 21:41:42,OI311C9700,OI311C9700,63.5,0.0,0.0,0.0,2,60.0,63.5,2,63.5,0.0,0.0,0.0,0.0,0.0,47
2023-05-10 21:42:34,OI311C9700,OI311C9700,63.5,0.0,0.0,0.0,2,58.0,63.5,2,63.5,0.0,0.0,0.0,0.0,0.0,47
2023-05-10 21:42:36,OI311C9700,OI311C9700,63.5,0.0,0.0,0.0,2,58.5,63.5,2,63.5,0.0,0.0,0.0,0.0,0.0,47
2023-05-10 21:43:10,OI311C9700,OI311C9700,63.5,0.0,0.0,0.0,2,58.5,63.0,2,63.5,0.0,0.0,0.0,0.0,0.0,47
2023-05-10 21:44:28,OI311C9700,OI311C9700,63.5,0.0,0.0,0.0,2,59.0,63.0,2,63.5,0.0,0.0,0.0,0.0,0.0,47
2023-05-10 21:45:16,OI311C9700,OI311C9700,63.5,0.0,0.0,0.0,2,59.5,63.0,2,63.5,0.0,0.0,0.0,0.0,0.0,47
2023-05-10 21:48:43,OI311C9700,OI311C9700,63.5,0.0,0.0,0.0,2,59.0,63.0,2,63.5,0.0,0.0,0.0,0.0,0.0,47
2023-05-10 21:48:52,OI311C9700,OI311C9700,63.5,0.0,0.0,0.0,2,59.0,62.5,2,63.5,0.0,0.0,0.0,0.0,0.0,47
2023-05-10 21:51:53,OI311C9700,OI311C9700,63.5,0.0,0.0,0.0,2,59.0,63.0,2,63.5,0.0,0.0,0.0,0.0,0.0,47
2023-05-10 21:53:40,OI311C9700,OI311C9700,63.5,0.0,0.0,0.0,2,59.5,63.0,2,63.5,0.0,0.0,0.0,0.0,0.0,47
2023-05-10 21:55:22,OI311C9700,OI311C9700,63.5,0.0,0.0,0.0,2,59.5,65.0,2,63.5,0.0,0.0,0.0,0.0,0.0,47
2023-05-10 21:55:34,OI311C9700,OI311C9700,63.5,0.0,0.0,0.0,2,60.0,65.0,2,63.5,0.0,0.0,0.0,0.0,0.0,47
2023-05-10 21:59:25,OI311C9700,OI311C9700,63.5,0.0,0.0,0.0,2,60.0,64.5,2,63.5,0.0,0.0,0.0,0.0,0.0,47
2023-05-10 22:00:26,OI311C9700,OI311C9700,63.5,0.0,0.0,0.0,2,60.5,64.5,2,63.5,0.0,0.0,0.0,0.0,0.0,47
2023-05-10 22:00:38,OI311C9700,OI311C9700,63.5,0.0,0.0,0.0,2,61.0,64.5,2,63.5,0.0,0.0,0.0,0.0,0.0,47
2023-05-10 22:00:54,OI311C9700,OI311C9700,63.5,0.0,0.0,0.0,2,61.0,65.0,2,63.5,0.0,0.0,0.0,0.0,0.0,47
2023-05-10 22:01:34,OI311C9700,OI311C9700,63.5,0.0,0.0,0.0,2,61.5,65.0,2,63.5,0.0,0.0,0.0,0.0,0.0,47
2023-05-10 22:01:35,OI311C9700,OI311C9700,63.5,0.0,0.0,0.0,2,61.5,155.0,1,63.5,0.0,0.0,0.0,0.0,0.0,47
2023-05-10 22:01:35,OI311C9700,OI311C9700,63.5,0.0,0.0,0.0,2,61.5,81.0,1,63.5,0.0,0.0,0.0,0.0,0.0,47
2023-05-10 22:01:35,OI311C9700,OI311C9700,63.5,0.0,0.0,0.0,2,61.5,67.0,2,63.5,0.0,0.0,0.0,0.0,0.0,47
2023-05-10 22:01:47,OI311C9700,OI311C9700,63.5,0.0,0.0,0.0,2,61.5,66.5,2,63.5,0.0,0.0,0.0,0.0,0.0,47
2023-05-10 22:01:54,OI311C9700,OI311C9700,63.5,0.0,0.0,0.0,2,61.5,66.0,2,63.5,0.0,0.0,0.0,0.0,0.0,47
2023-05-10 22:02:09,OI311C9700,OI311C9700,63.5,0.0,0.0,0.0,2,61.5,65.5,2,63.5,0.0,0.0,0.0,0.0,0.0,47
2023-05-10 22:03:18,OI311C9700,OI311C9700,63.5,0.0,0.0,0.0,2,61.5,65.0,2,63.5,0.0,0.0,0.0,0.0,0.0,47
2023-05-10 22:03:58,OI311C9700,OI311C9700,63.5,0.0,0.0,0.0,2,61.0,65.0,2,63.5,0.0,0.0,0.0,0.0,0.0,47
2023-05-10 22:04:03,OI311C9700,OI311C9700,63.5,0.0,0.0,0.0,2,61.0,64.5,2,63.5,0.0,0.0,0.0,0.0,0.0,47
2023-05-10 22:15:12,OI311C9700,OI311C9700,63.5,0.0,0.0,0.0,2,61.0,65.0,2,63.5,0.0,0.0,0.0,0.0,0.0,47
2023-05-10 22:17:36,OI311C9700,OI311C9700,63.5,0.0,0.0,0.0,2,61.0,64.5,2,63.5,0.0,0.0,0.0,0.0,0.0,47
2023-05-10 22:18:10,OI311C9700,OI311C9700,63.5,0.0,0.0,0.0,2,59.0,64.5,2,63.5,0.0,0.0,0.0,0.0,0.0,47
2023-05-10 22:18:17,OI311C9700,OI311C9700,63.5,0.0,0.0,0.0,2,59.0,64.0,2,63.5,0.0,0.0,0.0,0.0,0.0,47
2023-05-10 22:19:01,OI311C9700,OI311C9700,63.5,0.0,0.0,0.0,2,59.0,63.5,2,63.5,0.0,0.0,0.0,0.0,0.0,47
2023-05-10 22:20:11,OI311C9700,OI311C9700,63.5,0.0,0.0,0.0,2,59.0,63.0,2,63.5,0.0,0.0,0.0,0.0,0.0,47
2023-05-10 22:22:01,OI311C9700,OI311C9700,63.5,0.0,0.0,0.0,2,59.5,63.0,2,63.5,0.0,0.0,0.0,0.0,0.0,47
2023-05-10 22:22:53,OI311C9700,OI311C9700,63.5,0.0,0.0,0.0,2,59.5,63.5,2,63.5,0.0,0.0,0.0,0.0,0.0,47
2023-05-10 22:25:31,OI311C9700,OI311C9700,63.5,0.0,0.0,0.0,2,60.0,63.5,2,63.5,0.0,0.0,0.0,0.0,0.0,47
2023-05-10 22:30:39,OI311C9700,OI311C9700,63.5,0.0,0.0,0.0,2,60.0,65.5,2,63.5,0.0,0.0,0.0,0.0,0.0,47
2023-05-10 22:31:04,OI311C9700,OI311C9700,63.5,0.0,0.0,0.0,2,60.0,65.0,2,63.5,0.0,0.0,0.0,0.0,0.0,47
2023-05-10 22:31:16,OI311C9700,OI311C9700,63.5,0.0,0.0,0.0,2,60.5,65.0,2,63.5,0.0,0.0,0.0,0.0,0.0,47
2023-05-10 22:32:13,OI311C9700,OI311C9700,63.5,0.0,0.0,0.0,2,60.5,64.5,2,63.5,0.0,0.0,0.0,0.0,0.0,47
2023-05-10 22:33:39,OI311C9700,OI311C9700,63.5,0.0,0.0,0.0,2,60.5,64.0,2,63.5,0.0,0.0,0.0,0.0,0.0,47
2023-05-10 22:33:55,OI311C9700,OI311C9700,63.5,0.0,0.0,0.0,2,60.0,64.0,2,63.5,0.0,0.0,0.0,0.0,0.0,47
2023-05-10 22:34:08,OI311C9700,OI311C9700,63.5,0.0,0.0,0.0,2,60.0,63.5,2,63.5,0.0,0.0,0.0,0.0,0.0,47
2023-05-10 22:34:11,OI311C9700,OI311C9700,63.5,0.0,0.0,0.0,2,58.0,63.5,2,63.5,0.0,0.0,0.0,0.0,0.0,47
2023-05-10 22:34:27,OI311C9700,OI311C9700,63.5,0.0,0.0,0.0,2,58.0,63.0,2,63.5,0.0,0.0,0.0,0.0,0.0,47
2023-05-10 22:34:35,OI311C9700,OI311C9700,63.5,0.0,0.0,0.0,2,58.5,63.0,2,63.5,0.0,0.0,0.0,0.0,0.0,47
2023-05-10 22:34:48,OI311C9700,OI311C9700,63.5,0.0,0.0,0.0,2,59.0,63.0,2,63.5,0.0,0.0,0.0,0.0,0.0,47
2023-05-10 22:36:31,OI311C9700,OI311C9700,63.5,0.0,0.0,0.0,2,59.5,63.0,2,63.5,0.0,0.0,0.0,0.0,0.0,47
2023-05-10 22:40:06,OI311C9700,OI311C9700,63.5,0.0,0.0,0.0,2,59.5,63.5,2,63.5,0.0,0.0,0.0,0.0,0.0,47
2023-05-10 22:40:24,OI311C9700,OI311C9700,63.5,0.0,0.0,0.0,2,60.0,63.5,2,63.5,0.0,0.0,0.0,0.0,0.0,47
2023-05-10 22:44:11,OI311C9700,OI311C9700,63.5,0.0,0.0,0.0,2,59.5,63.5,2,63.5,0.0,0.0,0.0,0.0,0.0,47
2023-05-10 22:45:21,OI311C9700,OI311C9700,63.5,0.0,0.0,0.0,2,59.5,63.0,2,63.5,0.0,0.0,0.0,0.0,0.0,47
2023-05-10 22:53:17,OI311C9700,OI311C9700,63.5,0.0,0.0,0.0,2,59.5,63.5,2,63.5,0.0,0.0,0.0,0.0,0.0,47
2023-05-10 22:56:07,OI311C9700,OI311C9700,63.5,0.0,0.0,0.0,1,39.5,81.0,1,63.5,0.0,0.0,0.0,0.0,0.0,47
2023-05-10 22:56:12,OI311C9700,OI311C9700,63.5,0.0,0.0,0.0,1,39.5,80.5,1,63.5,0.0,0.0,0.0,0.0,0.0,47
2023-05-10 22:56:41,OI311C9700,OI311C9700,63.5,0.0,0.0,0.0,1,2.5,80.5,1,63.5,0.0,0.0,0.0,0.0,0.0,47
2023-05-10 22:56:45,OI311C9700,OI311C9700,63.5,0.0,0.0,0.0,1,4.0,0.0,0,63.5,0.0,0.0,0.0,0.0,0.0,47
2023-05-10 22:56:46,OI311C9700,OI311C9700,63.5,0.0,0.0,0.0,1,4.0,721.0,1,63.5,0.0,0.0,0.0,0.0,0.0,47
2023-05-10 22:57:59,OI311C9700,OI311C9700,63.5,0.0,0.0,0.0,1,2.5,721.0,1,63.5,0.0,0.0,0.0,0.0,0.0,47
2023-05-10 22:59:52,OI311C9700,OI311C9700,63.5,0.0,0.0,0.0,1,2.5,0.0,0,63.5,0.0,0.0,0.0,0.0,0.0,47
2023-05-11 09:00:00,OI311C9700,OI311C9700,63.5,0.0,0.0,0.0,1,42.0,0.0,0,63.5,0.0,0.0,0.0,0.0,0.0,47
2023-05-11 09:00:10,OI311C9700,OI311C9700,63.5,0.0,0.0,0.0,1,42.0,224.5,1,63.5,0.0,0.0,0.0,0.0,0.0,47
2023-05-11 09:01:26,OI311C9700,OI311C9700,63.5,0.0,0.0,0.0,1,42.0,63.0,2,63.5,0.0,0.0,0.0,0.0,0.0,47
2023-05-11 09:01:27,OI311C9700,OI311C9700,63.5,0.0,0.0,0.0,2,58.0,63.0,2,63.5,0.0,0.0,0.0,0.0,0.0,47
2023-05-11 09:01:38,OI311C9700,OI311C9700,63.5,0.0,0.0,0.0,2,58.0,62.5,2,63.5,0.0,0.0,0.0,0.0,0.0,47
2023-05-11 09:01:58,OI311C9700,OI311C9700,63.5,0.0,0.0,0.0,2,58.0,62.0,2,63.5,0.0,0.0,0.0,0.0,0.0,47
2023-05-11 09:03:32,OI311C9700,OI311C9700,63.5,0.0,0.0,0.0,2,58.0,61.5,2,63.5,0.0,0.0,0.0,0.0,0.0,47
2023-05-11 09:05:52,OI311C9700,OI311C9700,63.5,0.0,0.0,0.0,2,58.0,61.0,2,63.5,0.0,0.0,0.0,0.0,0.0,47
2023-05-11 09:05:57,OI311C9700,OI311C9700,63.5,0.0,0.0,0.0,1,42.0,61.0,2,63.5,0.0,0.0,0.0,0.0,0.0,47
2023-05-11 09:05:58,OI311C9700,OI311C9700,63.5,0.0,0.0,0.0,2,45.5,61.0,2,63.5,0.0,0.0,0.0,0.0,0.0,47
2023-05-11 09:05:59,OI311C9700,OI311C9700,63.5,0.0,0.0,0.0,2,56.5,61.0,2,63.5,0.0,0.0,0.0,0.0,0.0,47
2023-05-11 09:06:06,OI311C9700,OI311C9700,63.5,0.0,0.0,0.0,2,57.0,61.0,2,63.5,0.0,0.0,0.0,0.0,0.0,47
2023-05-11 09:06:39,OI311C9700,OI311C9700,63.5,0.0,0.0,0.0,2,57.0,60.5,2,63.5,0.0,0.0,0.0,0.0,0.0,47
2023-05-11 09:06:59,OI311C9700,OI311C9700,63.5,0.0,0.0,0.0,2,57.0,60.0,2,63.5,0.0,0.0,0.0,0.0,0.0,47
2023-05-11 09:07:16,OI311C9700,OI311C9700,63.5,0.0,0.0,0.0,2,56.5,60.0,2,63.5,0.0,0.0,0.0,0.0,0.0,47
2023-05-11 09:07:38,OI311C9700,OI311C9700,63.5,0.0,0.0,0.0,2,56.5,59.5,2,63.5,0.0,0.0,0.0,0.0,0.0,47
2023-05-11 09:08:32,OI311C9700,OI311C9700,63.5,0.0,0.0,0.0,1,42.0,59.5,2,63.5,0.0,0.0,0.0,0.0,0.0,47
2023-05-11 09:08:33,OI311C9700,OI311C9700,63.5,0.0,0.0,0.0,2,45.5,59.5,2,63.5,0.0,0.0,0.0,0.0,0.0,47
2023-05-11 09:08:33,OI311C9700,OI311C9700,63.5,0.0,0.0,0.0,2,55.0,59.5,2,63.5,0.0,0.0,0.0,0.0,0.0,47
2023-05-11 09:08:34,OI311C9700,OI311C9700,63.5,0.0,0.0,0.0,2,55.5,59.5,2,63.5,0.0,0.0,0.0,0.0,0.0,47
2023-05-11 09:08:47,OI311C9700,OI311C9700,63.5,0.0,0.0,0.0,2,56.0,59.5,2,63.5,0.0,0.0,0.0,0.0,0.0,47
2023-05-11 09:10:10,OI311C9700,OI311C9700,63.5,0.0,0.0,0.0,2,56.0,59.0,2,63.5,0.0,0.0,0.0,0.0,0.0,47
2023-05-11 09:11:19,OI311C9700,OI311C9700,63.5,0.0,0.0,0.0,2,55.5,59.0,2,63.5,0.0,0.0,0.0,0.0,0.0,47
2023-05-11 09:11:34,OI311C9700,OI311C9700,63.5,0.0,0.0,0.0,2,55.5,58.5,2,63.5,0.0,0.0,0.0,0.0,0.0,47
2023-05-11 09:11:42,OI311C9700,OI311C9700,63.5,0.0,0.0,0.0,2,54.0,58.5,2,63.5,0.0,0.0,0.0,0.0,0.0,47
2023-05-11 09:11:54,OI311C9700,OI311C9700,63.5,0.0,0.0,0.0,2,54.0,58.0,2,63.5,0.0,0.0,0.0,0.0,0.0,47
2023-05-11 09:12:10,OI311C9700,OI311C9700,63.5,0.0,0.0,0.0,2,54.0,57.5,2,63.5,0.0,0.0,0.0,0.0,0.0,47
2023-05-11 09:12:31,OI311C9700,OI311C9700,63.5,0.0,0.0,0.0,2,54.0,57.0,2,63.5,0.0,0.0,0.0,0.0,0.0,47
2023-05-11 09:15:07,OI311C9700,OI311C9700,63.5,0.0,0.0,0.0,2,54.0,57.5,2,63.5,0.0,0.0,0.0,0.0,0.0,47
2023-05-11 09:15:28,OI311C9700,OI311C9700,63.5,0.0,0.0,0.0,2,54.5,57.5,2,63.5,0.0,0.0,0.0,0.0,0.0,47
2023-05-11 09:15:30,OI311C9700,OI311C9700,63.5,0.0,0.0,0.0,2,54.5,224.5,1,63.5,0.0,0.0,0.0,0.0,0.0,47
2023-05-11 09:15:30,OI311C9700,OI311C9700,63.5,0.0,0.0,0.0,2,54.5,154.0,1,63.5,0.0,0.0,0.0,0.0,0.0,47
2023-05-11 09:15:30,OI311C9700,OI311C9700,63.5,0.0,0.0,0.0,2,54.5,59.0,2,63.5,0.0,0.0,0.0,0.0,0.0,47
2023-05-11 09:15:41,OI311C9700,OI311C9700,63.5,0.0,0.0,0.0,2,55.0,59.0,2,63.5,0.0,0.0,0.0,0.0,0.0,47
2023-05-11 09:16:05,OI311C9700,OI311C9700,63.5,0.0,0.0,0.0,2,55.5,59.0,2,63.5,0.0,0.0,0.0,0.0,0.0,47
2023-05-11 09:17:07,OI311C9700,OI311C9700,63.5,0.0,0.0,0.0,2,55.5,58.5,2,63.5,0.0,0.0,0.0,0.0,0.0,47
2023-05-11 09:17:21,OI311C9700,OI311C9700,63.5,0.0,0.0,0.0,2,55.0,58.5,2,63.5,0.0,0.0,0.0,0.0,0.0,47
2023-05-11 09:17:27,OI311C9700,OI311C9700,63.5,0.0,0.0,0.0,2,55.0,58.0,2,63.5,0.0,0.0,0.0,0.0,0.0,47
2023-05-11 09:17:49,OI311C9700,OI311C9700,63.5,0.0,0.0,0.0,2,53.5,58.0,2,63.5,0.0,0.0,0.0,0.0,0.0,47
2023-05-11 09:17:53,OI311C9700,OI311C9700,63.5,0.0,0.0,0.0,2,53.5,57.5,2,63.5,0.0,0.0,0.0,0.0,0.0,47
2023-05-11 09:18:11,OI311C9700,OI311C9700,63.5,0.0,0.0,0.0,2,53.5,57.0,2,63.5,0.0,0.0,0.0,0.0,0.0,47
2023-05-11 09:18:22,OI311C9700,OI311C9700,63.5,0.0,0.0,0.0,2,53.5,56.5,2,63.5,0.0,0.0,0.0,0.0,0.0,47
2023-05-11 09:19:25,OI311C9700,OI311C9700,63.5,0.0,0.0,0.0,1,42.0,56.5,2,63.5,0.0,0.0,0.0,0.0,0.0,47
2023-05-11 09:19:25,OI311C9700,OI311C9700,63.5,0.0,0.0,0.0,2,42.5,56.5,2,63.5,0.0,0.0,0.0,0.0,0.0,47
2023-05-11 09:19:26,OI311C9700,OI311C9700,63.5,0.0,0.0,0.0,2,52.0,56.5,2,63.5,0.0,0.0,0.0,0.0,0.0,47
2023-05-11 09:19:29,OI311C9700,OI311C9700,63.5,0.0,0.0,0.0,2,52.5,56.5,2,63.5,0.0,0.0,0.0,0.0,0.0,47
2023-05-11 09:19:29,OI311C9700,OI311C9700,63.5,0.0,0.0,0.0,2,52.5,56.0,2,63.5,0.0,0.0,0.0,0.0,0.0,47
2023-05-11 09:20:04,OI311C9700,OI311C9700,63.5,0.0,0.0,0.0,2,52.5,56.5,2,63.5,0.0,0.0,0.0,0.0,0.0,47
2023-05-11 09:20:06,OI311C9700,OI311C9700,63.5,0.0,0.0,0.0,2,53.0,56.5,2,63.5,0.0,0.0,0.0,0.0,0.0,47
2023-05-11 09:20:12,OI311C9700,OI311C9700,63.5,0.0,0.0,0.0,2,53.5,56.5,2,63.5,0.0,0.0,0.0,0.0,0.0,47
2023-05-11 09:20:30,OI311C9700,OI311C9700,63.5,0.0,0.0,0.0,2,53.5,79.5,1,63.5,0.0,0.0,0.0,0.0,0.0,47
2023-05-11 09:20:31,OI311C9700,OI311C9700,63.5,0.0,0.0,0.0,2,53.5,58.0,2,63.5,0.0,0.0,0.0,0.0,0.0,47
2023-05-11 09:20:39,OI311C9700,OI311C9700,63.5,0.0,0.0,0.0,2,54.0,58.0,2,63.5,0.0,0.0,0.0,0.0,0.0,47
2023-05-11 09:21:07,OI311C9700,OI311C9700,63.5,0.0,0.0,0.0,2,54.5,58.0,2,63.5,0.0,0.0,0.0,0.0,0.0,47
2023-05-11 09:24:03,OI311C9700,OI311C9700,63.5,0.0,0.0,0.0,2,55.0,58.0,2,63.5,0.0,0.0,0.0,0.0,0.0,47
2023-05-11 09:25:09,OI311C9700,OI311C9700,63.5,0.0,0.0,0.0,2,55.0,59.5,2,63.5,0.0,0.0,0.0,0.0,0.0,47
2023-05-11 09:25:12,OI311C9700,OI311C9700,63.5,0.0,0.0,0.0,2,55.0,59.0,2,63.5,0.0,0.0,0.0,0.0,0.0,47
2023-05-11 09:26:26,OI311C9700,OI311C9700,63.5,0.0,0.0,0.0,2,55.5,59.0,2,63.5,0.0,0.0,0.0,0.0,0.0,47
2023-05-11 09:27:57,OI311C9700,OI311C9700,63.5,0.0,0.0,0.0,2,55.5,58.5,2,63.5,0.0,0.0,0.0,0.0,0.0,47
2023-05-11 09:28:15,OI311C9700,OI311C9700,63.5,0.0,0.0,0.0,2,55.0,58.5,2,63.5,0.0,0.0,0.0,0.0,0.0,47
2023-05-11 09:28:15,OI311C9700,OI311C9700,63.5,0.0,0.0,0.0,2,55.0,58.0,2,63.5,0.0,0.0,0.0,0.0,0.0,47
2023-05-11 09:29:03,OI311C9700,OI311C9700,63.5,0.0,0.0,0.0,2,53.5,58.0,2,63.5,0.0,0.0,0.0,0.0,0.0,47
2023-05-11 09:29:04,OI311C9700,OI311C9700,63.5,0.0,0.0,0.0,2,53.5,57.5,2,63.5,0.0,0.0,0.0,0.0,0.0,47
2023-05-11 09:30:14,OI311C9700,OI311C9700,63.5,0.0,0.0,0.0,2,53.5,57.0,2,63.5,0.0,0.0,0.0,0.0,0.0,47
2023-05-11 09:30:42,OI311C9700,OI311C9700,63.5,0.0,0.0,0.0,2,53.5,56.5,2,63.5,0.0,0.0,0.0,0.0,0.0,47
2023-05-11 09:31:02,OI311C9700,OI311C9700,63.5,0.0,0.0,0.0,1,42.0,56.5,2,63.5,0.0,0.0,0.0,0.0,0.0,47
2023-05-11 09:31:03,OI311C9700,OI311C9700,63.5,0.0,0.0,0.0,2,52.0,56.5,2,63.5,0.0,0.0,0.0,0.0,0.0,47
2023-05-11 09:31:13,OI311C9700,OI311C9700,63.5,0.0,0.0,0.0,2,52.0,56.0,2,63.5,0.0,0.0,0.0,0.0,0.0,47
2023-05-11 09:31:30,OI311C9700,OI311C9700,63.5,0.0,0.0,0.0,2,52.0,55.5,2,63.5,0.0,0.0,0.0,0.0,0.0,47
2023-05-11 09:32:24,OI311C9700,OI311C9700,63.5,0.0,0.0,0.0,1,42.0,55.5,2,63.5,0.0,0.0,0.0,0.0,0.0,47
2023-05-11 09:32:25,OI311C9700,OI311C9700,63.5,0.0,0.0,0.0,2,42.5,55.5,2,63.5,0.0,0.0,0.0,0.0,0.0,47
2023-05-11 09:32:27,OI311C9700,OI311C9700,63.5,0.0,0.0,0.0,2,51.0,55.5,2,63.5,0.0,0.0,0.0,0.0,0.0,47
2023-05-11 09:32:30,OI311C9700,OI311C9700,63.5,0.0,0.0,0.0,2,51.5,55.5,2,63.5,0.0,0.0,0.0,0.0,0.0,47
2023-05-11 09:32:52,OI311C9700,OI311C9700,63.5,0.0,0.0,0.0,2,51.5,55.0,2,63.5,0.0,0.0,0.0,0.0,0.0,47
2023-05-11 09:33:35,OI311C9700,OI311C9700,63.5,0.0,0.0,0.0,2,52.0,55.0,2,63.5,0.0,0.0,0.0,0.0,0.0,47
2023-05-11 09:34:07,OI311C9700,OI311C9700,63.5,0.0,0.0,0.0,2,52.0,55.5,2,63.5,0.0,0.0,0.0,0.0,0.0,47
2023-05-11 09:34:09,OI311C9700,OI311C9700,63.5,0.0,0.0,0.0,2,52.5,55.5,2,63.5,0.0,0.0,0.0,0.0,0.0,47
2023-05-11 09:34:10,OI311C9700,OI311C9700,63.5,0.0,0.0,0.0,2,52.5,79.5,1,63.5,0.0,0.0,0.0,0.0,0.0,47
2023-05-11 09:34:10,OI311C9700,OI311C9700,63.5,0.0,0.0,0.0,2,52.5,74.0,1,63.5,0.0,0.0,0.0,0.0,0.0,47
2023-05-11 09:34:10,OI311C9700,OI311C9700,63.5,0.0,0.0,0.0,2,52.5,68.5,1,63.5,0.0,0.0,0.0,0.0,0.0,47
2023-05-11 09:34:11,OI311C9700,OI311C9700,63.5,0.0,0.0,0.0,2,52.5,57.0,2,63.5,0.0,0.0,0.0,0.0,0.0,47
2023-05-11 09:34:33,OI311C9700,OI311C9700,63.5,0.0,0.0,0.0,2,52.5,56.5,2,63.5,0.0,0.0,0.0,0.0,0.0,47
2023-05-11 09:35:09,OI311C9700,OI311C9700,63.5,0.0,0.0,0.0,2,52.5,56.0,2,63.5,0.0,0.0,0.0,0.0,0.0,47
2023-05-11 09:36:35,OI311C9700,OI311C9700,63.5,0.0,0.0,0.0,2,52.5,55.5,2,63.5,0.0,0.0,0.0,0.0,0.0,47
2023-05-11 09:39:02,OI311C9700,OI311C9700,63.5,0.0,0.0,0.0,2,52.5,56.0,2,63.5,0.0,0.0,0.0,0.0,0.0,47
2023-05-11 09:39:03,OI311C9700,OI311C9700,63.5,0.0,0.0,0.0,2,53.0,56.0,2,63.5,0.0,0.0,0.0,0.0,0.0,47
2023-05-11 09:41:03,OI311C9700,OI311C9700,63.5,0.0,0.0,0.0,2,52.5,56.0,2,63.5,0.0,0.0,0.0,0.0,0.0,47
2023-05-11 09:41:09,OI311C9700,OI311C9700,63.5,0.0,0.0,0.0,2,52.5,55.5,2,63.5,0.0,0.0,0.0,0.0,0.0,47
2023-05-11 09:41:35,OI311C9700,OI311C9700,63.5,0.0,0.0,0.0,2,52.5,56.0,2,63.5,0.0,0.0,0.0,0.0,0.0,47
2023-05-11 09:43:16,OI311C9700,OI311C9700,63.5,0.0,0.0,0.0,2,52.5,55.5,2,63.5,0.0,0.0,0.0,0.0,0.0,47
2023-05-11 09:46:05,OI311C9700,OI311C9700,63.5,0.0,0.0,0.0,2,52.5,56.0,2,63.5,0.0,0.0,0.0,0.0,0.0,47
2023-05-11 09:48:27,OI311C9700,OI311C9700,63.5,0.0,0.0,0.0,2,52.5,55.5,2,63.5,0.0,0.0,0.0,0.0,0.0,47
2023-05-11 09:49:27,OI311C9700,OI311C9700,63.5,0.0,0.0,0.0,2,51.0,55.5,2,63.5,0.0,0.0,0.0,0.0,0.0,47
2023-05-11 09:49:52,OI311C9700,OI311C9700,63.5,0.0,0.0,0.0,2,51.5,55.5,2,63.5,0.0,0.0,0.0,0.0,0.0,47
2023-05-11 09:50:13,OI311C9700,OI311C9700,63.5,0.0,0.0,0.0,2,52.0,55.5,2,63.5,0.0,0.0,0.0,0.0,0.0,47
2023-05-11 09:51:05,OI311C9700,OI311C9700,63.5,0.0,0.0,0.0,2,52.0,55.0,2,63.5,0.0,0.0,0.0,0.0,0.0,47
2023-05-11 09:51:15,OI311C9700,OI311C9700,63.5,0.0,0.0,0.0,2,51.5,54.5,2,63.5,0.0,0.0,0.0,0.0,0.0,47
2023-05-11 09:54:36,OI311C9700,OI311C9700,63.5,0.0,0.0,0.0,2,50.5,54.5,2,63.5,0.0,0.0,0.0,0.0,0.0,47
2023-05-11 09:55:15,OI311C9700,OI311C9700,63.5,0.0,0.0,0.0,2,50.5,54.0,2,63.5,0.0,0.0,0.0,0.0,0.0,47
2023-05-11 09:55:35,OI311C9700,OI311C9700,63.5,0.0,0.0,0.0,2,50.5,53.5,2,63.5,0.0,0.0,0.0,0.0,0.0,47
2023-05-11 09:58:03,OI311C9700,OI311C9700,63.5,0.0,0.0,0.0,2,50.0,53.5,2,63.5,0.0,0.0,0.0,0.0,0.0,47
2023-05-11 09:58:46,OI311C9700,OI311C9700,63.5,0.0,0.0,0.0,2,50.0,53.0,2,63.5,0.0,0.0,0.0,0.0,0.0,47
2023-05-11 10:05:08,OI311C9700,OI311C9700,63.5,0.0,0.0,0.0,1,42.0,53.0,2,63.5,0.0,0.0,0.0,0.0,0.0,47
2023-05-11 10:05:09,OI311C9700,OI311C9700,63.5,0.0,0.0,0.0,2,48.5,53.0,2,63.5,0.0,0.0,0.0,0.0,0.0,47
2023-05-11 10:05:11,OI311C9700,OI311C9700,63.5,0.0,0.0,0.0,2,49.0,53.0,2,63.5,0.0,0.0,0.0,0.0,0.0,47
2023-05-11 10:05:49,OI311C9700,OI311C9700,63.5,0.0,0.0,0.0,2,49.5,53.0,2,63.5,0.0,0.0,0.0,0.0,0.0,47
2023-05-11 10:06:07,OI311C9700,OI311C9700,63.5,0.0,0.0,0.0,2,50.0,53.0,2,63.5,0.0,0.0,0.0,0.0,0.0,47
2023-05-11 10:07:32,OI311C9700,OI311C9700,63.5,0.0,0.0,0.0,2,49.5,52.5,2,63.5,0.0,0.0,0.0,0.0,0.0,47
2023-05-11 10:08:09,OI311C9700,OI311C9700,63.5,0.0,0.0,0.0,2,48.0,52.5,2,63.5,0.0,0.0,0.0,0.0,0.0,47
2023-05-11 10:08:10,OI311C9700,OI311C9700,63.5,0.0,0.0,0.0,2,48.0,52.0,2,63.5,0.0,0.0,0.0,0.0,0.0,47
2023-05-11 10:08:30,OI311C9700,OI311C9700,63.5,0.0,0.0,0.0,2,48.0,51.5,2,63.5,0.0,0.0,0.0,0.0,0.0,47
2023-05-11 10:11:05,OI311C9700,OI311C9700,63.5,0.0,0.0,0.0,2,48.5,51.5,2,63.5,0.0,0.0,0.0,0.0,0.0,47
2023-05-11 10:13:02,OI311C9700,OI311C9700,63.5,0.0,0.0,0.0,2,48.5,52.0,2,63.5,0.0,0.0,0.0,0.0,0.0,47
2023-05-11 10:30:03,OI311C9700,OI311C9700,63.5,0.0,0.0,0.0,2,49.0,52.0,2,63.5,0.0,0.0,0.0,0.0,0.0,47
2023-05-11 10:30:13,OI311C9700,OI311C9700,63.5,0.0,0.0,0.0,2,49.0,53.5,2,63.5,0.0,0.0,0.0,0.0,0.0,47
2023-05-11 10:30:29,OI311C9700,OI311C9700,63.5,0.0,0.0,0.0,2,49.0,53.0,2,63.5,0.0,0.0,0.0,0.0,0.0,47
2023-05-11 10:30:35,OI311C9700,OI311C9700,63.5,0.0,0.0,0.0,2,49.0,52.5,2,63.5,0.0,0.0,0.0,0.0,0.0,47
2023-05-11 10:32:04,OI311C9700,OI311C9700,63.5,0.0,0.0,0.0,2,49.0,52.0,2,63.5,0.0,0.0,0.0,0.0,0.0,47
2023-05-11 10:41:08,OI311C9700,OI311C9700,63.5,0.0,0.0,0.0,2,48.5,52.0,2,63.5,0.0,0.0,0.0,0.0,0.0,47
2023-05-11 10:41:15,OI311C9700,OI311C9700,63.5,0.0,0.0,0.0,2,48.5,51.5,2,63.5,0.0,0.0,0.0,0.0,0.0,47
2023-05-11 10:43:25,OI311C9700,OI311C9700,63.5,0.0,0.0,0.0,2,47.0,51.5,2,63.5,0.0,0.0,0.0,0.0,0.0,47
2023-05-11 10:43:39,OI311C9700,OI311C9700,63.5,0.0,0.0,0.0,2,47.5,51.5,2,63.5,0.0,0.0,0.0,0.0,0.0,47
2023-05-11 10:45:23,OI311C9700,OI311C9700,63.5,0.0,0.0,0.0,2,47.5,51.0,2,63.5,0.0,0.0,0.0,0.0,0.0,47
2023-05-11 10:47:27,OI311C9700,OI311C9700,63.5,0.0,0.0,0.0,2,47.5,50.5,2,63.5,0.0,0.0,0.0,0.0,0.0,47
2023-05-11 11:04:11,OI311C9700,OI311C9700,63.5,0.0,0.0,0.0,2,47.5,51.0,2,63.5,0.0,0.0,0.0,0.0,0.0,47
2023-05-11 11:04:12,OI311C9700,OI311C9700,63.5,0.0,0.0,0.0,2,48.0,51.0,2,63.5,0.0,0.0,0.0,0.0,0.0,47
2023-05-11 11:04:45,OI311C9700,OI311C9700,63.5,0.0,0.0,0.0,2,48.0,52.5,2,63.5,0.0,0.0,0.0,0.0,0.0,47
2023-05-11 11:05:05,OI311C9700,OI311C9700,63.5,0.0,0.0,0.0,2,48.5,52.5,2,63.5,0.0,0.0,0.0,0.0,0.0,47
2023-05-11 11:05:12,OI311C9700,OI311C9700,63.5,0.0,0.0,0.0,2,49.0,52.5,2,63.5,0.0,0.0,0.0,0.0,0.0,47
2023-05-11 11:07:21,OI311C9700,OI311C9700,63.5,0.0,0.0,0.0,2,49.0,52.0,2,63.5,0.0,0.0,0.0,0.0,0.0,47
2023-05-11 11:07:47,OI311C9700,OI311C9700,63.5,0.0,0.0,0.0,2,48.5,52.0,2,63.5,0.0,0.0,0.0,0.0,0.0,47
2023-05-11 11:08:27,OI311C9700,OI311C9700,63.5,0.0,0.0,0.0,2,48.5,51.5,2,63.5,0.0,0.0,0.0,0.0,0.0,47
2023-05-11 11:08:45,OI311C9700,OI311C9700,63.5,0.0,0.0,0.0,2,47.0,51.5,2,63.5,0.0,0.0,0.0,0.0,0.0,47
2023-05-11 11:08:51,OI311C9700,OI311C9700,63.5,0.0,0.0,0.0,2,47.5,51.5,2,63.5,0.0,0.0,0.0,0.0,0.0,47
2023-05-11 11:10:37,OI311C9700,OI311C9700,63.5,0.0,0.0,0.0,2,48.0,51.5,2,63.5,0.0,0.0,0.0,0.0,0.0,47
2023-05-11 11:11:56,OI311C9700,OI311C9700,63.5,0.0,0.0,0.0,2,48.5,51.5,2,63.5,0.0,0.0,0.0,0.0,0.0,47
2023-05-11 11:26:12,OI311C9700,OI311C9700,63.5,0.0,0.0,0.0,2,48.5,52.0,2,63.5,0.0,0.0,0.0,0.0,0.0,47
2023-05-11 11:29:36,OI311C9700,OI311C9700,63.5,0.0,0.0,0.0,1,42.0,68.5,1,63.5,0.0,0.0,0.0,0.0,0.0,47
2023-05-11 13:32:52,OI311C9700,OI311C9700,63.5,0.0,0.0,0.0,1,42.0,68.0,1,63.5,0.0,0.0,0.0,0.0,0.0,47
2023-05-11 13:44:12,OI311C9700,OI311C9700,63.5,0.0,0.0,0.0,2,50.5,55.5,2,63.5,0.0,0.0,0.0,0.0,0.0,47
2023-05-11 13:44:27,OI311C9700,OI311C9700,63.5,0.0,0.0,0.0,2,50.5,55.0,2,63.5,0.0,0.0,0.0,0.0,0.0,47
2023-05-11 13:45:36,OI311C9700,OI311C9700,63.5,0.0,0.0,0.0,2,51.0,55.0,2,63.5,0.0,0.0,0.0,0.0,0.0,47
2023-05-11 13:57:15,OI311C9700,OI311C9700,63.5,0.0,0.0,0.0,2,51.0,54.5,2,63.5,0.0,0.0,0.0,0.0,0.0,47
2023-05-11 14:02:04,OI311C9700,OI311C9700,63.5,0.0,0.0,0.0,2,50.5,54.5,2,63.5,0.0,0.0,0.0,0.0,0.0,47
2023-05-11 14:02:07,OI311C9700,OI311C9700,63.5,0.0,0.0,0.0,2,50.5,54.0,2,63.5,0.0,0.0,0.0,0.0,0.0,47
2023-05-11 14:22:44,OI311C9700,OI311C9700,63.5,0.0,0.0,0.0,2,48.5,54.0,2,63.5,0.0,0.0,0.0,0.0,0.0,47
2023-05-11 14:22:47,OI311C9700,OI311C9700,63.5,0.0,0.0,0.0,2,49.0,54.0,2,63.5,0.0,0.0,0.0,0.0,0.0,47
2023-05-11 14:24:14,OI311C9700,OI311C9700,63.5,0.0,0.0,0.0,2,49.0,53.5,2,63.5,0.0,0.0,0.0,0.0,0.0,47
2023-05-11 14:27:15,OI311C9700,OI311C9700,63.5,0.0,0.0,0.0,2,49.5,53.5,2,63.5,0.0,0.0,0.0,0.0,0.0,47
2023-05-11 14:31:41,OI311C9700,OI311C9700,63.5,0.0,0.0,0.0,2,49.5,53.0,2,63.5,0.0,0.0,0.0,0.0,0.0,47
2023-05-11 14:33:24,OI311C9700,OI311C9700,63.5,0.0,0.0,0.0,2,49.0,53.0,2,63.5,0.0,0.0,0.0,0.0,0.0,47
2023-05-11 14:33:32,OI311C9700,OI311C9700,63.5,0.0,0.0,0.0,2,49.0,52.5,2,63.5,0.0,0.0,0.0,0.0,0.0,47
2023-05-11 14:59:06,OI311C9700,OI311C9700,63.5,0.0,0.0,0.0,1,42.0,68.5,1,63.5,0.0,0.0,0.0,0.0,0.0,47
2023-05-11 14:59:07,OI311C9700,OI311C9700,63.5,0.0,0.0,0.0,2,42.5,68.5,1,63.5,0.0,0.0,0.0,0.0,0.0,47
