time,symbol_id,symbol_name,last,trade_volume,trade_amount,open_interest_change,bv1,bp1,ap1,av1,yesterday_close,today_open,today_high,today_low,volume,amount,open_interest
2023-05-10 19:12:58,OI311C8300,OI311C8300,368.0,0.0,0.0,0.0,0,0.0,0.0,0,368.0,374.5,0.0,0.0,0.0,0.0,66
2023-05-10 20:59:00,OI311C8300,OI311C8300,368.0,0.0,0.0,0.0,12,110.0,0.0,0,368.0,374.5,0.0,0.0,0.0,0.0,66
2023-05-10 21:00:00,OI311C8300,OI311C8300,368.0,0.0,0.0,0.0,6,113.0,0.0,0,368.0,374.5,0.0,0.0,0.0,0.0,66
2023-05-10 21:00:01,OI311C8300,OI311C8300,368.0,0.0,0.0,0.0,6,113.0,543.0,4,368.0,374.5,0.0,0.0,0.0,0.0,66
2023-05-10 21:00:02,OI311C8300,OI311C8300,368.0,0.0,0.0,0.0,6,113.0,540.0,6,368.0,374.5,0.0,0.0,0.0,0.0,66
2023-05-10 21:00:03,OI311C8300,OI311C8300,368.0,0.0,0.0,0.0,4,209.5,499.0,4,368.0,374.5,0.0,0.0,0.0,0.0,66
2023-05-10 21:00:05,OI311C8300,OI311C8300,368.0,0.0,0.0,0.0,6,212.5,496.0,6,368.0,374.5,0.0,0.0,0.0,0.0,66
2023-05-10 21:00:05,OI311C8300,OI311C8300,368.0,0.0,0.0,0.0,4,253.5,455.0,4,368.0,374.5,0.0,0.0,0.0,0.0,66
2023-05-10 21:00:06,OI311C8300,OI311C8300,368.0,0.0,0.0,0.0,4,297.5,411.0,4,368.0,374.5,0.0,0.0,0.0,0.0,66
2023-05-10 21:00:07,OI311C8300,OI311C8300,368.0,0.0,0.0,0.0,4,297.5,408.0,6,368.0,374.5,0.0,0.0,0.0,0.0,66
2023-05-10 21:00:09,OI311C8300,OI311C8300,368.0,0.0,0.0,0.0,6,300.5,395.5,4,368.0,374.5,0.0,0.0,0.0,0.0,66
2023-05-10 21:00:10,OI311C8300,OI311C8300,368.0,0.0,0.0,0.0,4,341.5,395.5,4,368.0,374.5,0.0,0.0,0.0,0.0,66
2023-05-10 21:00:52,OI311C8300,OI311C8300,368.0,0.0,0.0,0.0,2,340.5,408.0,6,368.0,374.5,0.0,0.0,0.0,0.0,66
2023-05-10 21:00:53,OI311C8300,OI311C8300,368.0,0.0,0.0,0.0,2,340.5,386.5,2,368.0,374.5,0.0,0.0,0.0,0.0,66
2023-05-10 21:01:09,OI311C8300,OI311C8300,368.0,0.0,0.0,0.0,2,358.0,366.5,2,368.0,374.5,0.0,0.0,0.0,0.0,66
2023-05-10 21:01:20,OI311C8300,OI311C8300,368.0,0.0,0.0,0.0,2,360.0,366.5,2,368.0,374.5,0.0,0.0,0.0,0.0,66
2023-05-10 21:01:21,OI311C8300,OI311C8300,368.0,0.0,0.0,0.0,2,360.0,383.5,12,368.0,374.5,0.0,0.0,0.0,0.0,66
2023-05-10 21:01:21,OI311C8300,OI311C8300,368.0,0.0,0.0,0.0,2,360.0,370.0,2,368.0,374.5,0.0,0.0,0.0,0.0,66
2023-05-10 21:01:23,OI311C8300,OI311C8300,368.0,0.0,0.0,0.0,2,362.0,370.0,2,368.0,374.5,0.0,0.0,0.0,0.0,66
2023-05-10 21:01:25,OI311C8300,OI311C8300,368.0,0.0,0.0,0.0,2,362.0,373.5,2,368.0,374.5,0.0,0.0,0.0,0.0,66
2023-05-10 21:01:27,OI311C8300,OI311C8300,368.0,0.0,0.0,0.0,2,362.0,371.0,2,368.0,374.5,0.0,0.0,0.0,0.0,66
2023-05-10 21:01:33,OI311C8300,OI311C8300,368.0,0.0,0.0,0.0,2,364.0,371.0,2,368.0,374.5,0.0,0.0,0.0,0.0,66
2023-05-10 21:01:45,OI311C8300,OI311C8300,368.0,0.0,0.0,0.0,8,362.0,369.0,2,368.0,374.5,0.0,0.0,0.0,0.0,66
2023-05-10 21:01:45,OI311C8300,OI311C8300,368.0,0.0,0.0,0.0,2,362.0,369.0,2,368.0,374.5,0.0,0.0,0.0,0.0,66
2023-05-10 21:02:27,OI311C8300,OI311C8300,368.0,0.0,0.0,0.0,2,362.0,369.0,14,368.0,374.5,0.0,0.0,0.0,0.0,66
2023-05-10 21:02:49,OI311C8300,OI311C8300,368.0,0.0,0.0,0.0,8,358.5,369.0,14,368.0,374.5,0.0,0.0,0.0,0.0,66
2023-05-10 21:02:50,OI311C8300,OI311C8300,368.0,0.0,0.0,0.0,2,358.5,369.0,14,368.0,374.5,0.0,0.0,0.0,0.0,66
2023-05-10 21:02:51,OI311C8300,OI311C8300,368.0,0.0,0.0,0.0,2,358.5,367.0,8,368.0,374.5,0.0,0.0,0.0,0.0,66
2023-05-10 21:02:52,OI311C8300,OI311C8300,368.0,0.0,0.0,0.0,2,358.5,367.0,14,368.0,374.5,0.0,0.0,0.0,0.0,66
2023-05-10 21:03:03,OI311C8300,OI311C8300,368.0,0.0,0.0,0.0,2,358.5,365.0,2,368.0,374.5,0.0,0.0,0.0,0.0,66
2023-05-10 21:03:03,OI311C8300,OI311C8300,368.0,0.0,0.0,0.0,2,358.5,365.0,14,368.0,374.5,0.0,0.0,0.0,0.0,66
2023-05-10 21:03:04,OI311C8300,OI311C8300,368.0,0.0,0.0,0.0,2,358.5,365.0,8,368.0,374.5,0.0,0.0,0.0,0.0,66
2023-05-10 21:03:04,OI311C8300,OI311C8300,368.0,0.0,0.0,0.0,12,353.5,365.0,14,368.0,374.5,0.0,0.0,0.0,0.0,66
2023-05-10 21:03:05,OI311C8300,OI311C8300,368.0,0.0,0.0,0.0,6,353.5,365.0,14,368.0,374.5,0.0,0.0,0.0,0.0,66
2023-05-10 21:03:05,OI311C8300,OI311C8300,368.0,0.0,0.0,0.0,6,351.0,365.0,8,368.0,374.5,0.0,0.0,0.0,0.0,66
2023-05-10 21:03:06,OI311C8300,OI311C8300,368.0,0.0,0.0,0.0,12,343.5,364.5,6,368.0,374.5,0.0,0.0,0.0,0.0,66
2023-05-10 21:03:06,OI311C8300,OI311C8300,368.0,0.0,0.0,0.0,18,343.5,364.5,12,368.0,374.5,0.0,0.0,0.0,0.0,66
2023-05-10 21:03:07,OI311C8300,OI311C8300,368.0,0.0,0.0,0.0,18,343.5,362.0,2,368.0,374.5,0.0,0.0,0.0,0.0,66
2023-05-10 21:03:07,OI311C8300,OI311C8300,368.0,0.0,0.0,0.0,2,353.5,362.0,2,368.0,374.5,0.0,0.0,0.0,0.0,66
2023-05-10 21:03:09,OI311C8300,OI311C8300,368.0,0.0,0.0,0.0,2,353.5,362.0,14,368.0,374.5,0.0,0.0,0.0,0.0,66
2023-05-10 21:03:17,OI311C8300,OI311C8300,368.0,0.0,0.0,0.0,2,353.5,362.0,2,368.0,374.5,0.0,0.0,0.0,0.0,66
2023-05-10 21:03:20,OI311C8300,OI311C8300,368.0,0.0,0.0,0.0,2,356.0,362.0,2,368.0,374.5,0.0,0.0,0.0,0.0,66
2023-05-10 21:04:00,OI311C8300,OI311C8300,368.0,0.0,0.0,0.0,2,353.5,362.0,2,368.0,374.5,0.0,0.0,0.0,0.0,66
2023-05-10 21:04:01,OI311C8300,OI311C8300,368.0,0.0,0.0,0.0,2,353.5,362.0,8,368.0,374.5,0.0,0.0,0.0,0.0,66
2023-05-10 21:04:01,OI311C8300,OI311C8300,368.0,0.0,0.0,0.0,2,353.5,362.0,14,368.0,374.5,0.0,0.0,0.0,0.0,66
2023-05-10 21:04:04,OI311C8300,OI311C8300,368.0,0.0,0.0,0.0,2,353.5,359.5,2,368.0,374.5,0.0,0.0,0.0,0.0,66
2023-05-10 21:04:38,OI311C8300,OI311C8300,368.0,0.0,0.0,0.0,2,353.5,362.0,8,368.0,374.5,0.0,0.0,0.0,0.0,66
2023-05-10 21:04:39,OI311C8300,OI311C8300,368.0,0.0,0.0,0.0,2,353.5,362.0,2,368.0,374.5,0.0,0.0,0.0,0.0,66
2023-05-10 21:05:05,OI311C8300,OI311C8300,368.0,0.0,0.0,0.0,2,354.5,362.0,2,368.0,374.5,0.0,0.0,0.0,0.0,66
2023-05-10 21:05:06,OI311C8300,OI311C8300,368.0,0.0,0.0,0.0,2,354.5,362.5,18,368.0,374.5,0.0,0.0,0.0,0.0,66
2023-05-10 21:05:06,OI311C8300,OI311C8300,368.0,0.0,0.0,0.0,2,357.5,362.5,6,368.0,374.5,0.0,0.0,0.0,0.0,66
2023-05-10 21:05:06,OI311C8300,OI311C8300,368.0,0.0,0.0,0.0,2,357.5,363.0,12,368.0,374.5,0.0,0.0,0.0,0.0,66
2023-05-10 21:05:07,OI311C8300,OI311C8300,368.0,0.0,0.0,0.0,2,357.5,363.0,6,368.0,374.5,0.0,0.0,0.0,0.0,66
2023-05-10 21:05:07,OI311C8300,OI311C8300,368.0,0.0,0.0,0.0,2,357.5,363.5,6,368.0,374.5,0.0,0.0,0.0,0.0,66
2023-05-10 21:05:08,OI311C8300,OI311C8300,368.0,0.0,0.0,0.0,2,357.5,364.0,6,368.0,374.5,0.0,0.0,0.0,0.0,66
2023-05-10 21:05:09,OI311C8300,OI311C8300,368.0,0.0,0.0,0.0,2,357.5,364.5,6,368.0,374.5,0.0,0.0,0.0,0.0,66
2023-05-10 21:05:10,OI311C8300,OI311C8300,368.0,0.0,0.0,0.0,2,357.5,365.0,8,368.0,374.5,0.0,0.0,0.0,0.0,66
2023-05-10 21:05:11,OI311C8300,OI311C8300,368.0,0.0,0.0,0.0,2,357.5,365.0,2,368.0,374.5,0.0,0.0,0.0,0.0,66
2023-05-10 21:05:33,OI311C8300,OI311C8300,368.0,0.0,0.0,0.0,2,357.5,365.0,8,368.0,374.5,0.0,0.0,0.0,0.0,66
2023-05-10 21:05:38,OI311C8300,OI311C8300,368.0,0.0,0.0,0.0,2,357.5,363.0,2,368.0,374.5,0.0,0.0,0.0,0.0,66
2023-05-10 21:05:38,OI311C8300,OI311C8300,368.0,0.0,0.0,0.0,2,357.5,363.0,14,368.0,374.5,0.0,0.0,0.0,0.0,66
2023-05-10 21:05:46,OI311C8300,OI311C8300,368.0,0.0,0.0,0.0,2,357.5,363.0,8,368.0,374.5,0.0,0.0,0.0,0.0,66
2023-05-10 21:05:46,OI311C8300,OI311C8300,368.0,0.0,0.0,0.0,2,357.5,363.0,2,368.0,374.5,0.0,0.0,0.0,0.0,66
2023-05-10 21:06:06,OI311C8300,OI311C8300,368.0,0.0,0.0,0.0,2,357.5,365.0,20,368.0,374.5,0.0,0.0,0.0,0.0,66
2023-05-10 21:06:06,OI311C8300,OI311C8300,368.0,0.0,0.0,0.0,2,357.5,365.0,14,368.0,374.5,0.0,0.0,0.0,0.0,66
2023-05-10 21:06:10,OI311C8300,OI311C8300,368.0,0.0,0.0,0.0,2,357.5,365.0,2,368.0,374.5,0.0,0.0,0.0,0.0,66
2023-05-10 21:06:11,OI311C8300,OI311C8300,368.0,0.0,0.0,0.0,8,357.5,365.0,2,368.0,374.5,0.0,0.0,0.0,0.0,66
2023-05-10 21:06:11,OI311C8300,OI311C8300,368.0,0.0,0.0,0.0,2,359.5,365.0,2,368.0,374.5,0.0,0.0,0.0,0.0,66
2023-05-10 21:06:21,OI311C8300,OI311C8300,368.0,0.0,0.0,0.0,2,359.5,367.0,18,368.0,374.5,0.0,0.0,0.0,0.0,66
2023-05-10 21:06:22,OI311C8300,OI311C8300,368.0,0.0,0.0,0.0,2,359.5,367.0,12,368.0,374.5,0.0,0.0,0.0,0.0,66
2023-05-10 21:06:32,OI311C8300,OI311C8300,368.0,0.0,0.0,0.0,2,359.5,367.0,18,368.0,374.5,0.0,0.0,0.0,0.0,66
2023-05-10 21:06:35,OI311C8300,OI311C8300,368.0,0.0,0.0,0.0,2,359.5,367.0,12,368.0,374.5,0.0,0.0,0.0,0.0,66
2023-05-10 21:06:51,OI311C8300,OI311C8300,368.0,0.0,0.0,0.0,8,359.5,367.0,6,368.0,374.5,0.0,0.0,0.0,0.0,66
2023-05-10 21:06:52,OI311C8300,OI311C8300,368.0,0.0,0.0,0.0,8,359.5,368.0,8,368.0,374.5,0.0,0.0,0.0,0.0,66
2023-05-10 21:06:53,OI311C8300,OI311C8300,368.0,0.0,0.0,0.0,8,359.5,368.0,2,368.0,374.5,0.0,0.0,0.0,0.0,66
2023-05-10 21:06:53,OI311C8300,OI311C8300,368.0,0.0,0.0,0.0,14,359.5,368.0,2,368.0,374.5,0.0,0.0,0.0,0.0,66
2023-05-10 21:06:55,OI311C8300,OI311C8300,368.0,0.0,0.0,0.0,2,362.0,368.0,2,368.0,374.5,0.0,0.0,0.0,0.0,66
2023-05-10 21:07:03,OI311C8300,OI311C8300,368.0,0.0,0.0,0.0,14,359.5,368.0,2,368.0,374.5,0.0,0.0,0.0,0.0,66
2023-05-10 21:07:03,OI311C8300,OI311C8300,368.0,0.0,0.0,0.0,2,359.5,368.0,8,368.0,374.5,0.0,0.0,0.0,0.0,66
2023-05-10 21:07:06,OI311C8300,OI311C8300,368.0,0.0,0.0,0.0,2,359.5,368.0,14,368.0,374.5,0.0,0.0,0.0,0.0,66
2023-05-10 21:07:14,OI311C8300,OI311C8300,368.0,0.0,0.0,0.0,14,359.5,368.0,2,368.0,374.5,0.0,0.0,0.0,0.0,66
2023-05-10 21:07:15,OI311C8300,OI311C8300,368.0,0.0,0.0,0.0,20,359.5,368.0,2,368.0,374.5,0.0,0.0,0.0,0.0,66
2023-05-10 21:07:16,OI311C8300,OI311C8300,368.0,0.0,0.0,0.0,2,361.5,368.0,2,368.0,374.5,0.0,0.0,0.0,0.0,66
2023-05-10 21:07:17,OI311C8300,OI311C8300,368.0,0.0,0.0,0.0,2,361.5,371.5,6,368.0,374.5,0.0,0.0,0.0,0.0,66
2023-05-10 21:07:18,OI311C8300,OI311C8300,368.0,0.0,0.0,0.0,8,361.5,372.0,6,368.0,374.5,0.0,0.0,0.0,0.0,66
2023-05-10 21:07:18,OI311C8300,OI311C8300,368.0,0.0,0.0,0.0,8,361.5,371.5,12,368.0,374.5,0.0,0.0,0.0,0.0,66
2023-05-10 21:07:19,OI311C8300,OI311C8300,368.0,0.0,0.0,0.0,8,361.5,371.5,14,368.0,374.5,0.0,0.0,0.0,0.0,66
2023-05-10 21:07:20,OI311C8300,OI311C8300,368.0,0.0,0.0,0.0,14,361.5,371.5,20,368.0,374.5,0.0,0.0,0.0,0.0,66
2023-05-10 21:07:41,OI311C8300,OI311C8300,368.0,0.0,0.0,0.0,2,363.5,371.5,20,368.0,374.5,0.0,0.0,0.0,0.0,66
2023-05-10 21:07:51,OI311C8300,OI311C8300,368.0,0.0,0.0,0.0,2,363.5,371.5,14,368.0,374.5,0.0,0.0,0.0,0.0,66
2023-05-10 21:07:52,OI311C8300,OI311C8300,368.0,0.0,0.0,0.0,14,363.5,371.5,2,368.0,374.5,0.0,0.0,0.0,0.0,66
2023-05-10 21:08:03,OI311C8300,OI311C8300,368.0,0.0,0.0,0.0,14,363.5,371.5,8,368.0,374.5,0.0,0.0,0.0,0.0,66
2023-05-10 21:08:04,OI311C8300,OI311C8300,368.0,0.0,0.0,0.0,2,363.5,371.5,20,368.0,374.5,0.0,0.0,0.0,0.0,66
2023-05-10 21:08:06,OI311C8300,OI311C8300,368.0,0.0,0.0,0.0,2,363.5,371.5,14,368.0,374.5,0.0,0.0,0.0,0.0,66
2023-05-10 21:08:06,OI311C8300,OI311C8300,368.0,0.0,0.0,0.0,2,363.5,371.5,8,368.0,374.5,0.0,0.0,0.0,0.0,66
2023-05-10 21:08:07,OI311C8300,OI311C8300,368.0,0.0,0.0,0.0,14,363.5,372.0,12,368.0,374.5,0.0,0.0,0.0,0.0,66
2023-05-10 21:08:07,OI311C8300,OI311C8300,368.0,0.0,0.0,0.0,2,366.5,372.0,6,368.0,374.5,0.0,0.0,0.0,0.0,66
2023-05-10 21:08:08,OI311C8300,OI311C8300,368.0,0.0,0.0,0.0,2,366.5,372.5,6,368.0,374.5,0.0,0.0,0.0,0.0,66
2023-05-10 21:08:09,OI311C8300,OI311C8300,368.0,0.0,0.0,0.0,2,366.5,374.5,12,368.0,374.5,0.0,0.0,0.0,0.0,66
2023-05-10 21:08:10,OI311C8300,OI311C8300,368.0,0.0,0.0,0.0,2,366.5,373.0,8,368.0,374.5,0.0,0.0,0.0,0.0,66
2023-05-10 21:08:10,OI311C8300,OI311C8300,368.0,0.0,0.0,0.0,2,366.5,373.0,2,368.0,374.5,0.0,0.0,0.0,0.0,66
2023-05-10 21:08:11,OI311C8300,OI311C8300,368.0,0.0,0.0,0.0,2,366.5,373.0,8,368.0,374.5,0.0,0.0,0.0,0.0,66
2023-05-10 21:08:11,OI311C8300,OI311C8300,368.0,0.0,0.0,0.0,18,366.0,373.0,8,368.0,374.5,0.0,0.0,0.0,0.0,66
2023-05-10 21:08:12,OI311C8300,OI311C8300,368.0,0.0,0.0,0.0,6,366.0,372.5,6,368.0,374.5,0.0,0.0,0.0,0.0,66
2023-05-10 21:08:13,OI311C8300,OI311C8300,368.0,0.0,0.0,0.0,6,365.5,372.5,12,368.0,374.5,0.0,0.0,0.0,0.0,66
2023-05-10 21:08:13,OI311C8300,OI311C8300,368.0,0.0,0.0,0.0,8,363.5,372.5,12,368.0,374.5,0.0,0.0,0.0,0.0,66
2023-05-10 21:08:14,OI311C8300,OI311C8300,368.0,0.0,0.0,0.0,6,365.0,370.5,2,368.0,374.5,0.0,0.0,0.0,0.0,66
2023-05-10 21:08:14,OI311C8300,OI311C8300,368.0,0.0,0.0,0.0,2,363.5,370.5,2,368.0,374.5,0.0,0.0,0.0,0.0,66
2023-05-10 21:08:17,OI311C8300,OI311C8300,368.0,0.0,0.0,0.0,2,363.5,370.5,14,368.0,374.5,0.0,0.0,0.0,0.0,66
2023-05-10 21:09:00,OI311C8300,OI311C8300,368.0,0.0,0.0,0.0,2,365.5,370.5,12,368.0,374.5,0.0,0.0,0.0,0.0,66
2023-05-10 21:09:00,OI311C8300,OI311C8300,368.0,0.0,0.0,0.0,2,365.5,370.5,6,368.0,374.5,0.0,0.0,0.0,0.0,66
2023-05-10 21:09:29,OI311C8300,OI311C8300,368.0,0.0,0.0,0.0,2,365.5,370.5,12,368.0,374.5,0.0,0.0,0.0,0.0,66
2023-05-10 21:10:04,OI311C8300,OI311C8300,368.0,0.0,0.0,0.0,2,365.5,370.5,6,368.0,374.5,0.0,0.0,0.0,0.0,66
2023-05-10 21:10:05,OI311C8300,OI311C8300,368.0,0.0,0.0,0.0,8,365.5,371.0,8,368.0,374.5,0.0,0.0,0.0,0.0,66
2023-05-10 21:10:05,OI311C8300,OI311C8300,368.0,0.0,0.0,0.0,8,365.5,371.0,6,368.0,374.5,0.0,0.0,0.0,0.0,66
2023-05-10 21:10:06,OI311C8300,OI311C8300,368.0,0.0,0.0,0.0,8,365.5,373.0,8,368.0,374.5,0.0,0.0,0.0,0.0,66
2023-05-10 21:10:06,OI311C8300,OI311C8300,368.0,0.0,0.0,0.0,14,365.5,371.5,6,368.0,374.5,0.0,0.0,0.0,0.0,66
2023-05-10 21:10:07,OI311C8300,OI311C8300,368.0,0.0,0.0,0.0,14,365.5,373.0,8,368.0,374.5,0.0,0.0,0.0,0.0,66
2023-05-10 21:10:07,OI311C8300,OI311C8300,368.0,0.0,0.0,0.0,2,365.5,372.0,6,368.0,374.5,0.0,0.0,0.0,0.0,66
2023-05-10 21:10:08,OI311C8300,OI311C8300,368.0,0.0,0.0,0.0,2,365.5,373.0,2,368.0,374.5,0.0,0.0,0.0,0.0,66
2023-05-10 21:10:08,OI311C8300,OI311C8300,368.0,0.0,0.0,0.0,2,365.5,372.5,6,368.0,374.5,0.0,0.0,0.0,0.0,66
2023-05-10 21:10:09,OI311C8300,OI311C8300,368.0,0.0,0.0,0.0,2,365.5,373.0,2,368.0,374.5,0.0,0.0,0.0,0.0,66
2023-05-10 21:10:09,OI311C8300,OI311C8300,368.0,0.0,0.0,0.0,2,365.5,373.0,8,368.0,374.5,0.0,0.0,0.0,0.0,66
2023-05-10 21:10:09,OI311C8300,OI311C8300,368.0,0.0,0.0,0.0,2,365.5,373.0,2,368.0,374.5,0.0,0.0,0.0,0.0,66
2023-05-10 21:10:17,OI311C8300,OI311C8300,368.0,0.0,0.0,0.0,2,367.5,373.0,2,368.0,374.5,0.0,0.0,0.0,0.0,66
2023-05-10 21:10:19,OI311C8300,OI311C8300,368.0,0.0,0.0,0.0,8,367.5,373.0,2,368.0,374.5,0.0,0.0,0.0,0.0,66
2023-05-10 21:10:21,OI311C8300,OI311C8300,368.0,0.0,0.0,0.0,14,367.5,373.0,2,368.0,374.5,0.0,0.0,0.0,0.0,66
2023-05-10 21:10:32,OI311C8300,OI311C8300,368.0,0.0,0.0,0.0,8,367.5,373.0,2,368.0,374.5,0.0,0.0,0.0,0.0,66
2023-05-10 21:10:32,OI311C8300,OI311C8300,368.0,0.0,0.0,0.0,2,367.5,373.0,2,368.0,374.5,0.0,0.0,0.0,0.0,66
2023-05-10 21:10:40,OI311C8300,OI311C8300,368.0,0.0,0.0,0.0,8,367.5,373.0,2,368.0,374.5,0.0,0.0,0.0,0.0,66
2023-05-10 21:10:40,OI311C8300,OI311C8300,368.0,0.0,0.0,0.0,2,367.5,373.0,2,368.0,374.5,0.0,0.0,0.0,0.0,66
2023-05-10 21:10:55,OI311C8300,OI311C8300,368.0,0.0,0.0,0.0,2,367.5,372.5,6,368.0,374.5,0.0,0.0,0.0,0.0,66
2023-05-10 21:10:55,OI311C8300,OI311C8300,368.0,0.0,0.0,0.0,2,367.5,372.5,12,368.0,374.5,0.0,0.0,0.0,0.0,66
2023-05-10 21:11:06,OI311C8300,OI311C8300,368.0,0.0,0.0,0.0,2,367.5,373.0,14,368.0,374.5,0.0,0.0,0.0,0.0,66
2023-05-10 21:11:06,OI311C8300,OI311C8300,368.0,0.0,0.0,0.0,8,367.5,373.0,14,368.0,374.5,0.0,0.0,0.0,0.0,66
2023-05-10 21:11:07,OI311C8300,OI311C8300,368.0,0.0,0.0,0.0,8,367.5,373.0,8,368.0,374.5,0.0,0.0,0.0,0.0,66
2023-05-10 21:11:09,OI311C8300,OI311C8300,368.0,0.0,0.0,0.0,8,367.5,373.0,2,368.0,374.5,0.0,0.0,0.0,0.0,66
2023-05-10 21:11:13,OI311C8300,OI311C8300,368.0,0.0,0.0,0.0,2,367.5,373.0,2,368.0,374.5,0.0,0.0,0.0,0.0,66
2023-05-10 21:11:17,OI311C8300,OI311C8300,368.0,0.0,0.0,0.0,2,367.5,372.5,12,368.0,374.5,0.0,0.0,0.0,0.0,66
2023-05-10 21:11:31,OI311C8300,OI311C8300,368.0,0.0,0.0,0.0,2,367.5,373.0,14,368.0,374.5,0.0,0.0,0.0,0.0,66
2023-05-10 21:11:33,OI311C8300,OI311C8300,368.0,0.0,0.0,0.0,2,367.5,373.0,2,368.0,374.5,0.0,0.0,0.0,0.0,66
2023-05-10 21:12:04,OI311C8300,OI311C8300,368.0,0.0,0.0,0.0,2,367.5,372.5,6,368.0,374.5,0.0,0.0,0.0,0.0,66
2023-05-10 21:12:06,OI311C8300,OI311C8300,368.0,0.0,0.0,0.0,2,367.5,372.5,12,368.0,374.5,0.0,0.0,0.0,0.0,66
2023-05-10 21:12:20,OI311C8300,OI311C8300,368.0,0.0,0.0,0.0,12,367.0,372.5,12,368.0,374.5,0.0,0.0,0.0,0.0,66
2023-05-10 21:12:20,OI311C8300,OI311C8300,368.0,0.0,0.0,0.0,6,367.0,372.5,12,368.0,374.5,0.0,0.0,0.0,0.0,66
2023-05-10 21:12:21,OI311C8300,OI311C8300,368.0,0.0,0.0,0.0,6,366.5,372.5,18,368.0,374.5,0.0,0.0,0.0,0.0,66
2023-05-10 21:12:22,OI311C8300,OI311C8300,368.0,0.0,0.0,0.0,8,365.5,372.5,18,368.0,374.5,0.0,0.0,0.0,0.0,66
2023-05-10 21:12:22,OI311C8300,OI311C8300,368.0,0.0,0.0,0.0,6,366.0,372.5,18,368.0,374.5,0.0,0.0,0.0,0.0,66
2023-05-10 21:12:22,OI311C8300,OI311C8300,368.0,0.0,0.0,0.0,2,365.5,372.5,18,368.0,374.5,0.0,0.0,0.0,0.0,66
2023-05-10 21:12:23,OI311C8300,OI311C8300,368.0,0.0,0.0,0.0,8,365.5,372.5,18,368.0,374.5,0.0,0.0,0.0,0.0,66
2023-05-10 21:12:23,OI311C8300,OI311C8300,368.0,0.0,0.0,0.0,2,365.5,372.5,18,368.0,374.5,0.0,0.0,0.0,0.0,66
2023-05-10 21:12:35,OI311C8300,OI311C8300,368.0,0.0,0.0,0.0,8,365.5,372.5,18,368.0,374.5,0.0,0.0,0.0,0.0,66
2023-05-10 21:12:42,OI311C8300,OI311C8300,368.0,0.0,0.0,0.0,2,365.5,372.5,18,368.0,374.5,0.0,0.0,0.0,0.0,66
2023-05-10 21:12:55,OI311C8300,OI311C8300,368.0,0.0,0.0,0.0,8,365.5,372.5,12,368.0,374.5,0.0,0.0,0.0,0.0,66
2023-05-10 21:12:59,OI311C8300,OI311C8300,368.0,0.0,0.0,0.0,2,365.5,372.5,12,368.0,374.5,0.0,0.0,0.0,0.0,66
2023-05-10 21:13:06,OI311C8300,OI311C8300,368.0,0.0,0.0,0.0,2,365.5,372.5,6,368.0,374.5,0.0,0.0,0.0,0.0,66
2023-05-10 21:13:06,OI311C8300,OI311C8300,368.0,0.0,0.0,0.0,2,367.5,373.0,8,368.0,374.5,0.0,0.0,0.0,0.0,66
2023-05-10 21:13:07,OI311C8300,OI311C8300,368.0,0.0,0.0,0.0,14,367.5,373.0,2,368.0,374.5,0.0,0.0,0.0,0.0,66
2023-05-10 21:13:09,OI311C8300,OI311C8300,368.0,0.0,0.0,0.0,14,367.5,373.5,12,368.0,374.5,0.0,0.0,0.0,0.0,66
2023-05-10 21:13:09,OI311C8300,OI311C8300,368.0,0.0,0.0,0.0,20,367.5,373.5,6,368.0,374.5,0.0,0.0,0.0,0.0,66
2023-05-10 21:13:10,OI311C8300,OI311C8300,368.0,0.0,0.0,0.0,20,367.5,374.0,12,368.0,374.5,0.0,0.0,0.0,0.0,66
2023-05-10 21:13:11,OI311C8300,OI311C8300,368.0,0.0,0.0,0.0,20,367.5,374.5,24,368.0,374.5,0.0,0.0,0.0,0.0,66
2023-05-10 21:13:11,OI311C8300,OI311C8300,368.0,0.0,0.0,0.0,20,367.5,374.5,18,368.0,374.5,0.0,0.0,0.0,0.0,66
2023-05-10 21:13:11,OI311C8300,OI311C8300,368.0,0.0,0.0,0.0,20,367.5,374.5,12,368.0,374.5,0.0,0.0,0.0,0.0,66
2023-05-10 21:13:13,OI311C8300,OI311C8300,368.0,0.0,0.0,0.0,14,367.5,374.5,12,368.0,374.5,0.0,0.0,0.0,0.0,66
2023-05-10 21:13:15,OI311C8300,OI311C8300,368.0,0.0,0.0,0.0,20,367.5,374.5,12,368.0,374.5,0.0,0.0,0.0,0.0,66
2023-05-10 21:13:19,OI311C8300,OI311C8300,368.0,0.0,0.0,0.0,14,367.5,374.5,12,368.0,374.5,0.0,0.0,0.0,0.0,66
2023-05-10 21:13:23,OI311C8300,OI311C8300,368.0,0.0,0.0,0.0,2,367.5,374.5,12,368.0,374.5,0.0,0.0,0.0,0.0,66
2023-05-10 21:13:25,OI311C8300,OI311C8300,368.0,0.0,0.0,0.0,2,367.5,374.5,18,368.0,374.5,0.0,0.0,0.0,0.0,66
2023-05-10 21:13:27,OI311C8300,OI311C8300,368.0,0.0,0.0,0.0,2,367.5,374.5,12,368.0,374.5,0.0,0.0,0.0,0.0,66
2023-05-10 21:13:27,OI311C8300,OI311C8300,368.0,0.0,0.0,0.0,2,367.5,374.5,18,368.0,374.5,0.0,0.0,0.0,0.0,66
2023-05-10 21:13:28,OI311C8300,OI311C8300,368.0,0.0,0.0,0.0,2,367.5,373.5,2,368.0,374.5,0.0,0.0,0.0,0.0,66
2023-05-10 21:13:28,OI311C8300,OI311C8300,368.0,0.0,0.0,0.0,2,367.5,373.5,8,368.0,374.5,0.0,0.0,0.0,0.0,66
2023-05-10 21:13:30,OI311C8300,OI311C8300,368.0,0.0,0.0,0.0,2,367.5,373.5,14,368.0,374.5,0.0,0.0,0.0,0.0,66
2023-05-10 21:13:46,OI311C8300,OI311C8300,368.0,0.0,0.0,0.0,8,367.5,373.5,14,368.0,374.5,0.0,0.0,0.0,0.0,66
2023-05-10 21:13:48,OI311C8300,OI311C8300,368.0,0.0,0.0,0.0,14,367.5,373.5,20,368.0,374.5,0.0,0.0,0.0,0.0,66
2023-05-10 21:13:51,OI311C8300,OI311C8300,368.0,0.0,0.0,0.0,20,367.5,373.5,14,368.0,374.5,0.0,0.0,0.0,0.0,66
2023-05-10 21:14:03,OI311C8300,OI311C8300,368.0,0.0,0.0,0.0,26,367.5,373.5,8,368.0,374.5,0.0,0.0,0.0,0.0,66
2023-05-10 21:14:03,OI311C8300,OI311C8300,368.0,0.0,0.0,0.0,26,367.5,374.0,12,368.0,374.5,0.0,0.0,0.0,0.0,66
2023-05-10 21:14:04,OI311C8300,OI311C8300,368.0,0.0,0.0,0.0,20,367.5,374.0,6,368.0,374.5,0.0,0.0,0.0,0.0,66
2023-05-10 21:14:04,OI311C8300,OI311C8300,368.0,0.0,0.0,0.0,20,367.5,374.5,6,368.0,374.5,0.0,0.0,0.0,0.0,66
2023-05-10 21:14:05,OI311C8300,OI311C8300,368.0,0.0,0.0,0.0,20,367.5,375.5,2,368.0,374.5,0.0,0.0,0.0,0.0,66
2023-05-10 21:14:06,OI311C8300,OI311C8300,368.0,0.0,0.0,0.0,20,367.5,375.0,12,368.0,374.5,0.0,0.0,0.0,0.0,66
2023-05-10 21:14:06,OI311C8300,OI311C8300,368.0,0.0,0.0,0.0,20,367.5,375.5,14,368.0,374.5,0.0,0.0,0.0,0.0,66
2023-05-10 21:14:08,OI311C8300,OI311C8300,368.0,0.0,0.0,0.0,20,367.5,375.5,2,368.0,374.5,0.0,0.0,0.0,0.0,66
2023-05-10 21:14:12,OI311C8300,OI311C8300,368.0,0.0,0.0,0.0,8,369.5,375.5,2,368.0,374.5,0.0,0.0,0.0,0.0,66
2023-05-10 21:14:13,OI311C8300,OI311C8300,368.0,0.0,0.0,0.0,14,369.5,375.5,2,368.0,374.5,0.0,0.0,0.0,0.0,66
2023-05-10 21:14:13,OI311C8300,OI311C8300,368.0,0.0,0.0,0.0,20,369.5,375.5,2,368.0,374.5,0.0,0.0,0.0,0.0,66
2023-05-10 21:14:16,OI311C8300,OI311C8300,368.0,0.0,0.0,0.0,20,369.5,376.0,12,368.0,374.5,0.0,0.0,0.0,0.0,66
2023-05-10 21:14:17,OI311C8300,OI311C8300,368.0,0.0,0.0,0.0,26,369.5,376.0,6,368.0,374.5,0.0,0.0,0.0,0.0,66
2023-05-10 21:14:17,OI311C8300,OI311C8300,368.0,0.0,0.0,0.0,20,369.5,376.5,6,368.0,374.5,0.0,0.0,0.0,0.0,66
2023-05-10 21:14:18,OI311C8300,OI311C8300,368.0,0.0,0.0,0.0,20,369.5,377.0,6,368.0,374.5,0.0,0.0,0.0,0.0,66
2023-05-10 21:14:19,OI311C8300,OI311C8300,368.0,0.0,0.0,0.0,20,369.5,377.5,12,368.0,374.5,0.0,0.0,0.0,0.0,66
2023-05-10 21:14:20,OI311C8300,OI311C8300,368.0,0.0,0.0,0.0,14,369.5,375.5,6,368.0,374.5,0.0,0.0,0.0,0.0,66
2023-05-10 21:14:21,OI311C8300,OI311C8300,368.0,0.0,0.0,0.0,20,369.5,375.5,6,368.0,374.5,0.0,0.0,0.0,0.0,66
2023-05-10 21:14:22,OI311C8300,OI311C8300,368.0,0.0,0.0,0.0,26,369.5,375.5,12,368.0,374.5,0.0,0.0,0.0,0.0,66
2023-05-10 21:14:23,OI311C8300,OI311C8300,368.0,0.0,0.0,0.0,20,369.5,375.5,12,368.0,374.5,0.0,0.0,0.0,0.0,66
2023-05-10 21:14:24,OI311C8300,OI311C8300,368.0,0.0,0.0,0.0,26,369.5,375.5,12,368.0,374.5,0.0,0.0,0.0,0.0,66
2023-05-10 21:14:29,OI311C8300,OI311C8300,368.0,0.0,0.0,0.0,26,369.5,376.0,18,368.0,374.5,0.0,0.0,0.0,0.0,66
2023-05-10 21:14:29,OI311C8300,OI311C8300,368.0,0.0,0.0,0.0,26,369.5,376.0,12,368.0,374.5,0.0,0.0,0.0,0.0,66
2023-05-10 21:14:30,OI311C8300,OI311C8300,368.0,0.0,0.0,0.0,26,369.5,376.5,18,368.0,374.5,0.0,0.0,0.0,0.0,66
2023-05-10 21:14:30,OI311C8300,OI311C8300,368.0,0.0,0.0,0.0,26,369.5,376.5,12,368.0,374.5,0.0,0.0,0.0,0.0,66
2023-05-10 21:14:31,OI311C8300,OI311C8300,368.0,0.0,0.0,0.0,26,369.5,377.0,18,368.0,374.5,0.0,0.0,0.0,0.0,66
2023-05-10 21:14:31,OI311C8300,OI311C8300,368.0,0.0,0.0,0.0,26,369.5,377.0,12,368.0,374.5,0.0,0.0,0.0,0.0,66
2023-05-10 21:14:32,OI311C8300,OI311C8300,368.0,0.0,0.0,0.0,26,369.5,377.5,36,368.0,374.5,0.0,0.0,0.0,0.0,66
2023-05-10 21:14:32,OI311C8300,OI311C8300,368.0,0.0,0.0,0.0,26,369.5,377.5,30,368.0,374.5,0.0,0.0,0.0,0.0,66
2023-05-10 21:14:33,OI311C8300,OI311C8300,368.0,0.0,0.0,0.0,26,369.5,377.5,24,368.0,374.5,0.0,0.0,0.0,0.0,66
2023-05-10 21:14:37,OI311C8300,OI311C8300,368.0,0.0,0.0,0.0,20,369.5,377.5,24,368.0,374.5,0.0,0.0,0.0,0.0,66
2023-05-10 21:14:39,OI311C8300,OI311C8300,368.0,0.0,0.0,0.0,26,369.5,377.5,24,368.0,374.5,0.0,0.0,0.0,0.0,66
2023-05-10 21:14:40,OI311C8300,OI311C8300,368.0,0.0,0.0,0.0,20,369.5,377.5,18,368.0,374.5,0.0,0.0,0.0,0.0,66
2023-05-10 21:14:40,OI311C8300,OI311C8300,368.0,0.0,0.0,0.0,26,369.5,377.5,18,368.0,374.5,0.0,0.0,0.0,0.0,66
2023-05-10 21:14:41,OI311C8300,OI311C8300,368.0,0.0,0.0,0.0,20,369.5,377.5,18,368.0,374.5,0.0,0.0,0.0,0.0,66
2023-05-10 21:14:59,OI311C8300,OI311C8300,368.0,0.0,0.0,0.0,2,371.5,377.5,18,368.0,374.5,0.0,0.0,0.0,0.0,66
2023-05-10 21:15:00,OI311C8300,OI311C8300,368.0,0.0,0.0,0.0,2,371.5,377.5,12,368.0,374.5,0.0,0.0,0.0,0.0,66
2023-05-10 21:15:01,OI311C8300,OI311C8300,368.0,0.0,0.0,0.0,8,371.5,377.5,12,368.0,374.5,0.0,0.0,0.0,0.0,66
2023-05-10 21:15:06,OI311C8300,OI311C8300,368.0,0.0,0.0,0.0,2,371.5,377.5,12,368.0,374.5,0.0,0.0,0.0,0.0,66
2023-05-10 21:15:08,OI311C8300,OI311C8300,368.0,0.0,0.0,0.0,8,371.5,377.5,12,368.0,374.5,0.0,0.0,0.0,0.0,66
2023-05-10 21:15:08,OI311C8300,OI311C8300,368.0,0.0,0.0,0.0,2,371.5,377.5,12,368.0,374.5,0.0,0.0,0.0,0.0,66
2023-05-10 21:15:09,OI311C8300,OI311C8300,368.0,0.0,0.0,0.0,8,371.5,377.5,12,368.0,374.5,0.0,0.0,0.0,0.0,66
2023-05-10 21:15:10,OI311C8300,OI311C8300,368.0,0.0,0.0,0.0,2,371.5,377.5,12,368.0,374.5,0.0,0.0,0.0,0.0,66
2023-05-10 21:15:30,OI311C8300,OI311C8300,368.0,0.0,0.0,0.0,24,371.0,377.5,12,368.0,374.5,0.0,0.0,0.0,0.0,66
2023-05-10 21:15:30,OI311C8300,OI311C8300,368.0,0.0,0.0,0.0,18,371.0,377.5,12,368.0,374.5,0.0,0.0,0.0,0.0,66
2023-05-10 21:15:31,OI311C8300,OI311C8300,368.0,0.0,0.0,0.0,12,371.0,377.5,12,368.0,374.5,0.0,0.0,0.0,0.0,66
2023-05-10 21:15:32,OI311C8300,OI311C8300,368.0,0.0,0.0,0.0,6,371.0,377.5,12,368.0,374.5,0.0,0.0,0.0,0.0,66
2023-05-10 21:15:33,OI311C8300,OI311C8300,368.0,0.0,0.0,0.0,12,370.5,377.5,12,368.0,374.5,0.0,0.0,0.0,0.0,66
2023-05-10 21:15:33,OI311C8300,OI311C8300,368.0,0.0,0.0,0.0,6,370.5,377.5,12,368.0,374.5,0.0,0.0,0.0,0.0,66
2023-05-10 21:15:33,OI311C8300,OI311C8300,368.0,0.0,0.0,0.0,18,370.0,376.0,2,368.0,374.5,0.0,0.0,0.0,0.0,66
2023-05-10 21:15:36,OI311C8300,OI311C8300,368.0,0.0,0.0,0.0,12,370.0,376.0,2,368.0,374.5,0.0,0.0,0.0,0.0,66
2023-05-10 21:15:46,OI311C8300,OI311C8300,368.0,0.0,0.0,0.0,24,369.5,376.0,2,368.0,374.5,0.0,0.0,0.0,0.0,66
2023-05-10 21:15:46,OI311C8300,OI311C8300,368.0,0.0,0.0,0.0,18,369.5,376.0,2,368.0,374.5,0.0,0.0,0.0,0.0,66
2023-05-10 21:15:51,OI311C8300,OI311C8300,368.0,0.0,0.0,0.0,18,369.0,375.5,12,368.0,374.5,0.0,0.0,0.0,0.0,66
2023-05-10 21:15:51,OI311C8300,OI311C8300,368.0,0.0,0.0,0.0,12,369.0,375.5,12,368.0,374.5,0.0,0.0,0.0,0.0,66
2023-05-10 21:15:52,OI311C8300,OI311C8300,368.0,0.0,0.0,0.0,18,368.5,375.5,12,368.0,374.5,0.0,0.0,0.0,0.0,66
2023-05-10 21:15:52,OI311C8300,OI311C8300,368.0,0.0,0.0,0.0,12,368.5,375.5,12,368.0,374.5,0.0,0.0,0.0,0.0,66
2023-05-10 21:15:54,OI311C8300,OI311C8300,368.0,0.0,0.0,0.0,18,368.0,375.5,12,368.0,374.5,0.0,0.0,0.0,0.0,66
2023-05-10 21:15:55,OI311C8300,OI311C8300,368.0,0.0,0.0,0.0,12,368.0,375.5,12,368.0,374.5,0.0,0.0,0.0,0.0,66
2023-05-10 21:16:01,OI311C8300,OI311C8300,368.0,0.0,0.0,0.0,12,368.0,374.0,2,368.0,374.5,0.0,0.0,0.0,0.0,66
2023-05-10 21:16:13,OI311C8300,OI311C8300,368.0,0.0,0.0,0.0,6,368.0,374.0,2,368.0,374.5,0.0,0.0,0.0,0.0,66
2023-05-10 21:16:13,OI311C8300,OI311C8300,368.0,0.0,0.0,0.0,18,367.5,374.0,2,368.0,374.5,0.0,0.0,0.0,0.0,66
2023-05-10 21:16:15,OI311C8300,OI311C8300,368.0,0.0,0.0,0.0,12,367.5,374.0,2,368.0,374.5,0.0,0.0,0.0,0.0,66
2023-05-10 21:16:34,OI311C8300,OI311C8300,368.0,0.0,0.0,0.0,12,367.5,374.0,8,368.0,374.5,0.0,0.0,0.0,0.0,66
2023-05-10 21:16:35,OI311C8300,OI311C8300,368.0,0.0,0.0,0.0,18,367.5,374.0,8,368.0,374.5,0.0,0.0,0.0,0.0,66
2023-05-10 21:16:36,OI311C8300,OI311C8300,368.0,0.0,0.0,0.0,12,367.5,374.0,14,368.0,374.5,0.0,0.0,0.0,0.0,66
2023-05-10 21:16:38,OI311C8300,OI311C8300,368.0,0.0,0.0,0.0,12,367.5,374.0,20,368.0,374.5,0.0,0.0,0.0,0.0,66
2023-05-10 21:16:40,OI311C8300,OI311C8300,368.0,0.0,0.0,0.0,14,367.0,374.0,20,368.0,374.5,0.0,0.0,0.0,0.0,66
2023-05-10 21:16:41,OI311C8300,OI311C8300,368.0,0.0,0.0,0.0,12,367.0,374.0,20,368.0,374.5,0.0,0.0,0.0,0.0,66
2023-05-10 21:16:41,OI311C8300,OI311C8300,368.0,0.0,0.0,0.0,12,366.5,374.0,26,368.0,374.5,0.0,0.0,0.0,0.0,66
2023-05-10 21:16:42,OI311C8300,OI311C8300,368.0,0.0,0.0,0.0,6,366.5,374.0,26,368.0,374.5,0.0,0.0,0.0,0.0,66
2023-05-10 21:16:43,OI311C8300,OI311C8300,368.0,0.0,0.0,0.0,12,366.0,374.0,26,368.0,374.5,0.0,0.0,0.0,0.0,66
2023-05-10 21:16:43,OI311C8300,OI311C8300,368.0,0.0,0.0,0.0,18,366.0,374.0,26,368.0,374.5,0.0,0.0,0.0,0.0,66
2023-05-10 21:16:43,OI311C8300,OI311C8300,368.0,0.0,0.0,0.0,12,366.0,374.0,26,368.0,374.5,0.0,0.0,0.0,0.0,66
2023-05-10 21:16:45,OI311C8300,OI311C8300,368.0,0.0,0.0,0.0,6,366.0,374.0,26,368.0,374.5,0.0,0.0,0.0,0.0,66
2023-05-10 21:16:45,OI311C8300,OI311C8300,368.0,0.0,0.0,0.0,18,365.5,374.0,26,368.0,374.5,0.0,0.0,0.0,0.0,66
2023-05-10 21:16:46,OI311C8300,OI311C8300,368.0,0.0,0.0,0.0,12,365.5,374.0,26,368.0,374.5,0.0,0.0,0.0,0.0,66
2023-05-10 21:16:53,OI311C8300,OI311C8300,368.0,0.0,0.0,0.0,18,365.5,372.0,2,368.0,374.5,0.0,0.0,0.0,0.0,66
2023-05-10 21:16:54,OI311C8300,OI311C8300,368.0,0.0,0.0,0.0,18,365.5,372.0,14,368.0,374.5,0.0,0.0,0.0,0.0,66
2023-05-10 21:17:07,OI311C8300,OI311C8300,368.0,0.0,0.0,0.0,12,365.5,372.0,20,368.0,374.5,0.0,0.0,0.0,0.0,66
2023-05-10 21:17:16,OI311C8300,OI311C8300,368.0,0.0,0.0,0.0,6,365.5,372.0,20,368.0,374.5,0.0,0.0,0.0,0.0,66
2023-05-10 21:17:16,OI311C8300,OI311C8300,368.0,0.0,0.0,0.0,18,365.0,372.0,20,368.0,374.5,0.0,0.0,0.0,0.0,66
2023-05-10 21:17:17,OI311C8300,OI311C8300,368.0,0.0,0.0,0.0,18,365.0,372.0,26,368.0,374.5,0.0,0.0,0.0,0.0,66
2023-05-10 21:17:18,OI311C8300,OI311C8300,368.0,0.0,0.0,0.0,8,364.5,372.0,32,368.0,374.5,0.0,0.0,0.0,0.0,66
2023-05-10 21:17:19,OI311C8300,OI311C8300,368.0,0.0,0.0,0.0,8,364.5,372.0,26,368.0,374.5,0.0,0.0,0.0,0.0,66
2023-05-10 21:17:20,OI311C8300,OI311C8300,368.0,0.0,0.0,0.0,2,364.5,372.0,32,368.0,374.5,0.0,0.0,0.0,0.0,66
2023-05-10 21:17:20,OI311C8300,OI311C8300,368.0,0.0,0.0,0.0,8,364.5,372.0,26,368.0,374.5,0.0,0.0,0.0,0.0,66
2023-05-10 21:17:47,OI311C8300,OI311C8300,368.0,0.0,0.0,0.0,2,364.5,370.0,6,368.0,374.5,0.0,0.0,0.0,0.0,66
2023-05-10 21:17:47,OI311C8300,OI311C8300,368.0,0.0,0.0,0.0,8,364.5,370.0,12,368.0,374.5,0.0,0.0,0.0,0.0,66
2023-05-10 21:17:47,OI311C8300,OI311C8300,368.0,0.0,0.0,0.0,2,364.5,370.0,6,368.0,374.5,0.0,0.0,0.0,0.0,66
2023-05-10 21:17:47,OI311C8300,OI311C8300,368.0,0.0,0.0,0.0,8,364.5,370.0,12,368.0,374.5,0.0,0.0,0.0,0.0,66
2023-05-10 21:17:56,OI311C8300,OI311C8300,368.0,0.0,0.0,0.0,14,364.5,370.5,24,368.0,374.5,0.0,0.0,0.0,0.0,66
2023-05-10 21:17:56,OI311C8300,OI311C8300,368.0,0.0,0.0,0.0,14,364.5,370.5,12,368.0,374.5,0.0,0.0,0.0,0.0,66
2023-05-10 21:17:57,OI311C8300,OI311C8300,368.0,0.0,0.0,0.0,14,364.5,371.0,18,368.0,374.5,0.0,0.0,0.0,0.0,66
2023-05-10 21:17:57,OI311C8300,OI311C8300,368.0,0.0,0.0,0.0,14,364.5,371.0,12,368.0,374.5,0.0,0.0,0.0,0.0,66
2023-05-10 21:18:00,OI311C8300,OI311C8300,368.0,0.0,0.0,0.0,14,364.5,371.5,18,368.0,374.5,0.0,0.0,0.0,0.0,66
2023-05-10 21:18:00,OI311C8300,OI311C8300,368.0,0.0,0.0,0.0,14,364.5,371.5,12,368.0,374.5,0.0,0.0,0.0,0.0,66
2023-05-10 21:18:02,OI311C8300,OI311C8300,368.0,0.0,0.0,0.0,2,364.5,371.5,12,368.0,374.5,0.0,0.0,0.0,0.0,66
2023-05-10 21:18:02,OI311C8300,OI311C8300,368.0,0.0,0.0,0.0,8,364.5,371.5,12,368.0,374.5,0.0,0.0,0.0,0.0,66
2023-05-10 21:18:07,OI311C8300,OI311C8300,368.0,0.0,0.0,0.0,2,364.5,371.5,12,368.0,374.5,0.0,0.0,0.0,0.0,66
2023-05-10 21:18:10,OI311C8300,OI311C8300,368.0,0.0,0.0,0.0,2,366.5,372.0,14,368.0,374.5,0.0,0.0,0.0,0.0,66
2023-05-10 21:18:10,OI311C8300,OI311C8300,368.0,0.0,0.0,0.0,14,366.5,372.0,8,368.0,374.5,0.0,0.0,0.0,0.0,66
2023-05-10 21:18:11,OI311C8300,OI311C8300,368.0,0.0,0.0,0.0,20,366.5,372.0,2,368.0,374.5,0.0,0.0,0.0,0.0,66
2023-05-10 21:18:13,OI311C8300,OI311C8300,368.0,0.0,0.0,0.0,26,366.5,372.0,2,368.0,374.5,0.0,0.0,0.0,0.0,66
2023-05-10 21:18:16,OI311C8300,OI311C8300,368.0,0.0,0.0,0.0,26,366.5,372.5,12,368.0,374.5,0.0,0.0,0.0,0.0,66
2023-05-10 21:18:16,OI311C8300,OI311C8300,368.0,0.0,0.0,0.0,26,366.5,372.5,6,368.0,374.5,0.0,0.0,0.0,0.0,66
2023-05-10 21:18:17,OI311C8300,OI311C8300,368.0,0.0,0.0,0.0,26,366.5,373.0,6,368.0,374.5,0.0,0.0,0.0,0.0,66
2023-05-10 21:18:17,OI311C8300,OI311C8300,368.0,0.0,0.0,0.0,20,366.5,373.0,6,368.0,374.5,0.0,0.0,0.0,0.0,66
2023-05-10 21:18:18,OI311C8300,OI311C8300,368.0,0.0,0.0,0.0,20,366.5,373.5,6,368.0,374.5,0.0,0.0,0.0,0.0,66
2023-05-10 21:18:18,OI311C8300,OI311C8300,368.0,0.0,0.0,0.0,20,366.5,374.0,14,368.0,374.5,0.0,0.0,0.0,0.0,66
2023-05-10 21:18:21,OI311C8300,OI311C8300,368.0,0.0,0.0,0.0,26,366.5,374.0,14,368.0,374.5,0.0,0.0,0.0,0.0,66
2023-05-10 21:18:22,OI311C8300,OI311C8300,368.0,0.0,0.0,0.0,20,366.5,374.0,14,368.0,374.5,0.0,0.0,0.0,0.0,66
2023-05-10 21:18:34,OI311C8300,OI311C8300,368.0,0.0,0.0,0.0,20,366.5,374.0,20,368.0,374.5,0.0,0.0,0.0,0.0,66
2023-05-10 21:19:02,OI311C8300,OI311C8300,368.0,0.0,0.0,0.0,20,366.5,374.0,26,368.0,374.5,0.0,0.0,0.0,0.0,66
2023-05-10 21:19:05,OI311C8300,OI311C8300,368.0,0.0,0.0,0.0,14,366.5,374.0,26,368.0,374.5,0.0,0.0,0.0,0.0,66
2023-05-10 21:19:11,OI311C8300,OI311C8300,368.0,0.0,0.0,0.0,20,366.5,374.0,26,368.0,374.5,0.0,0.0,0.0,0.0,66
2023-05-10 21:19:13,OI311C8300,OI311C8300,368.0,0.0,0.0,0.0,14,366.5,374.0,26,368.0,374.5,0.0,0.0,0.0,0.0,66
2023-05-10 21:19:16,OI311C8300,OI311C8300,368.0,0.0,0.0,0.0,14,366.5,374.0,20,368.0,374.5,0.0,0.0,0.0,0.0,66
2023-05-10 21:19:25,OI311C8300,OI311C8300,368.0,0.0,0.0,0.0,20,366.5,374.0,20,368.0,374.5,0.0,0.0,0.0,0.0,66
2023-05-10 21:19:27,OI311C8300,OI311C8300,368.0,0.0,0.0,0.0,14,366.5,374.0,20,368.0,374.5,0.0,0.0,0.0,0.0,66
2023-05-10 21:19:49,OI311C8300,OI311C8300,368.0,0.0,0.0,0.0,20,366.5,374.0,20,368.0,374.5,0.0,0.0,0.0,0.0,66
2023-05-10 21:20:05,OI311C8300,OI311C8300,368.0,0.0,0.0,0.0,14,366.5,374.0,20,368.0,374.5,0.0,0.0,0.0,0.0,66
2023-05-10 21:20:05,OI311C8300,OI311C8300,368.0,0.0,0.0,0.0,14,366.5,374.0,14,368.0,374.5,0.0,0.0,0.0,0.0,66
2023-05-10 21:20:05,OI311C8300,OI311C8300,368.0,0.0,0.0,0.0,20,366.5,374.0,14,368.0,374.5,0.0,0.0,0.0,0.0,66
2023-05-10 21:20:08,OI311C8300,OI311C8300,368.0,0.0,0.0,0.0,14,366.5,374.0,14,368.0,374.5,0.0,0.0,0.0,0.0,66
2023-05-10 21:20:08,OI311C8300,OI311C8300,368.0,0.0,0.0,0.0,14,366.5,374.0,20,368.0,374.5,0.0,0.0,0.0,0.0,66
2023-05-10 21:20:11,OI311C8300,OI311C8300,368.0,0.0,0.0,0.0,20,366.5,374.0,20,368.0,374.5,0.0,0.0,0.0,0.0,66
2023-05-10 21:20:15,OI311C8300,OI311C8300,368.0,0.0,0.0,0.0,14,366.5,374.0,20,368.0,374.5,0.0,0.0,0.0,0.0,66
2023-05-10 21:20:34,OI311C8300,OI311C8300,368.0,0.0,0.0,0.0,14,366.5,374.0,14,368.0,374.5,0.0,0.0,0.0,0.0,66
2023-05-10 21:20:44,OI311C8300,OI311C8300,368.0,0.0,0.0,0.0,20,366.5,374.0,14,368.0,374.5,0.0,0.0,0.0,0.0,66
2023-05-10 21:21:01,OI311C8300,OI311C8300,368.0,0.0,0.0,0.0,20,366.5,374.0,20,368.0,374.5,0.0,0.0,0.0,0.0,66
2023-05-10 21:21:14,OI311C8300,OI311C8300,368.0,0.0,0.0,0.0,14,366.5,374.0,32,368.0,374.5,0.0,0.0,0.0,0.0,66
2023-05-10 21:21:15,OI311C8300,OI311C8300,368.0,0.0,0.0,0.0,20,366.5,374.0,32,368.0,374.5,0.0,0.0,0.0,0.0,66
2023-05-10 21:21:19,OI311C8300,OI311C8300,368.0,0.0,0.0,0.0,14,366.5,374.0,32,368.0,374.5,0.0,0.0,0.0,0.0,66
2023-05-10 21:21:26,OI311C8300,OI311C8300,368.0,0.0,0.0,0.0,14,366.5,372.0,2,368.0,374.5,0.0,0.0,0.0,0.0,66
2023-05-10 21:21:27,OI311C8300,OI311C8300,368.0,0.0,0.0,0.0,2,366.5,372.0,8,368.0,374.5,0.0,0.0,0.0,0.0,66
2023-05-10 21:21:27,OI311C8300,OI311C8300,368.0,0.0,0.0,0.0,8,366.5,372.0,8,368.0,374.5,0.0,0.0,0.0,0.0,66
2023-05-10 21:21:35,OI311C8300,OI311C8300,368.0,0.0,0.0,0.0,8,366.5,372.0,14,368.0,374.5,0.0,0.0,0.0,0.0,66
2023-05-10 21:21:43,OI311C8300,OI311C8300,368.0,0.0,0.0,0.0,2,366.5,372.0,20,368.0,374.5,0.0,0.0,0.0,0.0,66
2023-05-10 21:21:44,OI311C8300,OI311C8300,368.0,0.0,0.0,0.0,6,366.0,372.0,14,368.0,374.5,0.0,0.0,0.0,0.0,66
2023-05-10 21:21:44,OI311C8300,OI311C8300,368.0,0.0,0.0,0.0,6,366.0,372.0,26,368.0,374.5,0.0,0.0,0.0,0.0,66
2023-05-10 21:21:45,OI311C8300,OI311C8300,368.0,0.0,0.0,0.0,2,364.5,372.0,20,368.0,374.5,0.0,0.0,0.0,0.0,66
2023-05-10 21:21:45,OI311C8300,OI311C8300,368.0,0.0,0.0,0.0,6,365.5,372.0,32,368.0,374.5,0.0,0.0,0.0,0.0,66
2023-05-10 21:21:46,OI311C8300,OI311C8300,368.0,0.0,0.0,0.0,8,364.5,370.0,2,368.0,374.5,0.0,0.0,0.0,0.0,66
2023-05-10 21:21:47,OI311C8300,OI311C8300,368.0,0.0,0.0,0.0,6,365.0,370.0,8,368.0,374.5,0.0,0.0,0.0,0.0,66
2023-05-10 21:21:47,OI311C8300,OI311C8300,368.0,0.0,0.0,0.0,6,365.0,370.0,14,368.0,374.5,0.0,0.0,0.0,0.0,66
2023-05-10 21:21:48,OI311C8300,OI311C8300,368.0,0.0,0.0,0.0,20,364.5,370.0,14,368.0,374.5,0.0,0.0,0.0,0.0,66
2023-05-10 21:21:49,OI311C8300,OI311C8300,368.0,0.0,0.0,0.0,8,364.5,370.0,14,368.0,374.5,0.0,0.0,0.0,0.0,66
2023-05-10 21:22:06,OI311C8300,OI311C8300,368.0,0.0,0.0,0.0,18,364.0,370.0,14,368.0,374.5,0.0,0.0,0.0,0.0,66
2023-05-10 21:22:07,OI311C8300,OI311C8300,368.0,0.0,0.0,0.0,6,364.0,370.0,14,368.0,374.5,0.0,0.0,0.0,0.0,66
2023-05-10 21:22:07,OI311C8300,OI311C8300,368.0,0.0,0.0,0.0,12,363.5,370.0,20,368.0,374.5,0.0,0.0,0.0,0.0,66
2023-05-10 21:22:08,OI311C8300,OI311C8300,368.0,0.0,0.0,0.0,12,363.5,369.0,6,368.0,374.5,0.0,0.0,0.0,0.0,66
2023-05-10 21:22:08,OI311C8300,OI311C8300,368.0,0.0,0.0,0.0,12,363.0,369.0,12,368.0,374.5,0.0,0.0,0.0,0.0,66
2023-05-10 21:22:09,OI311C8300,OI311C8300,368.0,0.0,0.0,0.0,6,363.0,369.0,18,368.0,374.5,0.0,0.0,0.0,0.0,66
2023-05-10 21:22:10,OI311C8300,OI311C8300,368.0,0.0,0.0,0.0,18,362.5,369.0,18,368.0,374.5,0.0,0.0,0.0,0.0,66
2023-05-10 21:22:10,OI311C8300,OI311C8300,368.0,0.0,0.0,0.0,12,362.5,369.0,18,368.0,374.5,0.0,0.0,0.0,0.0,66
2023-05-10 21:22:11,OI311C8300,OI311C8300,368.0,0.0,0.0,0.0,6,362.5,369.0,18,368.0,374.5,0.0,0.0,0.0,0.0,66
2023-05-10 21:22:11,OI311C8300,OI311C8300,368.0,0.0,0.0,0.0,18,362.0,369.0,18,368.0,374.5,0.0,0.0,0.0,0.0,66
2023-05-10 21:22:12,OI311C8300,OI311C8300,368.0,0.0,0.0,0.0,6,362.0,369.0,18,368.0,374.5,0.0,0.0,0.0,0.0,66
2023-05-10 21:22:13,OI311C8300,OI311C8300,368.0,0.0,0.0,0.0,18,361.5,368.0,2,368.0,374.5,0.0,0.0,0.0,0.0,66
2023-05-10 21:22:14,OI311C8300,OI311C8300,368.0,0.0,0.0,0.0,12,361.5,368.0,2,368.0,374.5,0.0,0.0,0.0,0.0,66
2023-05-10 21:22:20,OI311C8300,OI311C8300,368.0,0.0,0.0,0.0,6,361.5,368.0,2,368.0,374.5,0.0,0.0,0.0,0.0,66
2023-05-10 21:22:20,OI311C8300,OI311C8300,368.0,0.0,0.0,0.0,12,361.0,368.0,8,368.0,374.5,0.0,0.0,0.0,0.0,66
2023-05-10 21:22:21,OI311C8300,OI311C8300,368.0,0.0,0.0,0.0,18,360.5,368.0,8,368.0,374.5,0.0,0.0,0.0,0.0,66
2023-05-10 21:22:22,OI311C8300,OI311C8300,368.0,0.0,0.0,0.0,12,360.5,368.0,20,368.0,374.5,0.0,0.0,0.0,0.0,66
2023-05-10 21:22:22,OI311C8300,OI311C8300,368.0,0.0,0.0,0.0,6,360.5,368.0,20,368.0,374.5,0.0,0.0,0.0,0.0,66
2023-05-10 21:22:23,OI311C8300,OI311C8300,368.0,0.0,0.0,0.0,18,360.0,368.0,26,368.0,374.5,0.0,0.0,0.0,0.0,66
2023-05-10 21:22:24,OI311C8300,OI311C8300,368.0,0.0,0.0,0.0,12,360.0,368.0,26,368.0,374.5,0.0,0.0,0.0,0.0,66
2023-05-10 21:22:24,OI311C8300,OI311C8300,368.0,0.0,0.0,0.0,12,360.0,368.0,20,368.0,374.5,0.0,0.0,0.0,0.0,66
2023-05-10 21:22:29,OI311C8300,OI311C8300,368.0,0.0,0.0,0.0,12,360.0,366.0,2,368.0,374.5,0.0,0.0,0.0,0.0,66
2023-05-10 21:22:30,OI311C8300,OI311C8300,368.0,0.0,0.0,0.0,12,360.0,366.0,8,368.0,374.5,0.0,0.0,0.0,0.0,66
2023-05-10 21:22:30,OI311C8300,OI311C8300,368.0,0.0,0.0,0.0,12,360.0,366.0,14,368.0,374.5,0.0,0.0,0.0,0.0,66
2023-05-10 21:22:31,OI311C8300,OI311C8300,368.0,0.0,0.0,0.0,6,360.0,366.0,14,368.0,374.5,0.0,0.0,0.0,0.0,66
2023-05-10 21:22:32,OI311C8300,OI311C8300,368.0,0.0,0.0,0.0,12,359.5,366.0,14,368.0,374.5,0.0,0.0,0.0,0.0,66
2023-05-10 21:22:33,OI311C8300,OI311C8300,368.0,0.0,0.0,0.0,14,359.0,366.0,14,368.0,374.5,0.0,0.0,0.0,0.0,66
2023-05-10 21:22:34,OI311C8300,OI311C8300,368.0,0.0,0.0,0.0,8,359.0,366.0,14,368.0,374.5,0.0,0.0,0.0,0.0,66
2023-05-10 21:22:34,OI311C8300,OI311C8300,368.0,0.0,0.0,0.0,14,359.0,366.0,14,368.0,374.5,0.0,0.0,0.0,0.0,66
2023-05-10 21:22:46,OI311C8300,OI311C8300,368.0,0.0,0.0,0.0,8,359.0,365.0,18,368.0,374.5,0.0,0.0,0.0,0.0,66
2023-05-10 21:22:50,OI311C8300,OI311C8300,368.0,0.0,0.0,0.0,14,359.0,365.0,24,368.0,374.5,0.0,0.0,0.0,0.0,66
2023-05-10 21:23:24,OI311C8300,OI311C8300,368.0,0.0,0.0,0.0,14,359.0,365.0,18,368.0,374.5,0.0,0.0,0.0,0.0,66
2023-05-10 21:23:25,OI311C8300,OI311C8300,368.0,0.0,0.0,0.0,20,359.0,365.0,12,368.0,374.5,0.0,0.0,0.0,0.0,66
2023-05-10 21:23:29,OI311C8300,OI311C8300,368.0,0.0,0.0,0.0,14,359.0,365.0,12,368.0,374.5,0.0,0.0,0.0,0.0,66
2023-05-10 21:23:31,OI311C8300,OI311C8300,368.0,0.0,0.0,0.0,20,359.0,365.0,12,368.0,374.5,0.0,0.0,0.0,0.0,66
2023-05-10 21:23:41,OI311C8300,OI311C8300,368.0,0.0,0.0,0.0,14,359.0,365.0,12,368.0,374.5,0.0,0.0,0.0,0.0,66
2023-05-10 21:23:42,OI311C8300,OI311C8300,368.0,0.0,0.0,0.0,20,359.0,365.0,6,368.0,374.5,0.0,0.0,0.0,0.0,66
2023-05-10 21:23:42,OI311C8300,OI311C8300,368.0,0.0,0.0,0.0,20,359.0,365.5,6,368.0,374.5,0.0,0.0,0.0,0.0,66
2023-05-10 21:23:43,OI311C8300,OI311C8300,368.0,0.0,0.0,0.0,20,359.0,366.0,8,368.0,374.5,0.0,0.0,0.0,0.0,66
2023-05-10 21:23:44,OI311C8300,OI311C8300,368.0,0.0,0.0,0.0,20,359.0,366.0,2,368.0,374.5,0.0,0.0,0.0,0.0,66
2023-05-10 21:23:49,OI311C8300,OI311C8300,368.0,0.0,0.0,0.0,26,359.0,366.0,2,368.0,374.5,0.0,0.0,0.0,0.0,66
2023-05-10 21:23:49,OI311C8300,OI311C8300,368.0,0.0,0.0,0.0,2,361.0,366.0,2,368.0,374.5,0.0,0.0,0.0,0.0,66
2023-05-10 21:23:52,OI311C8300,OI311C8300,368.0,0.0,0.0,0.0,2,361.0,366.5,18,368.0,374.5,0.0,0.0,0.0,0.0,66
2023-05-10 21:23:52,OI311C8300,OI311C8300,368.0,0.0,0.0,0.0,14,361.0,366.5,6,368.0,374.5,0.0,0.0,0.0,0.0,66
2023-05-10 21:23:53,OI311C8300,OI311C8300,368.0,0.0,0.0,0.0,14,361.0,367.0,18,368.0,374.5,0.0,0.0,0.0,0.0,66
2023-05-10 21:23:54,OI311C8300,OI311C8300,368.0,0.0,0.0,0.0,14,361.0,367.0,12,368.0,374.5,0.0,0.0,0.0,0.0,66
2023-05-10 21:23:55,OI311C8300,OI311C8300,368.0,0.0,0.0,0.0,20,361.0,367.0,6,368.0,374.5,0.0,0.0,0.0,0.0,66
2023-05-10 21:24:02,OI311C8300,OI311C8300,368.0,0.0,0.0,0.0,26,361.0,367.5,12,368.0,374.5,0.0,0.0,0.0,0.0,66
2023-05-10 21:24:03,OI311C8300,OI311C8300,368.0,0.0,0.0,0.0,20,361.0,367.5,6,368.0,374.5,0.0,0.0,0.0,0.0,66
2023-05-10 21:24:03,OI311C8300,OI311C8300,368.0,0.0,0.0,0.0,20,361.0,368.0,8,368.0,374.5,0.0,0.0,0.0,0.0,66
2023-05-10 21:24:04,OI311C8300,OI311C8300,368.0,0.0,0.0,0.0,20,361.0,368.0,2,368.0,374.5,0.0,0.0,0.0,0.0,66
2023-05-10 21:24:05,OI311C8300,OI311C8300,368.0,0.0,0.0,0.0,8,363.0,368.0,2,368.0,374.5,0.0,0.0,0.0,0.0,66
2023-05-10 21:24:05,OI311C8300,OI311C8300,368.0,0.0,0.0,0.0,20,363.0,368.0,2,368.0,374.5,0.0,0.0,0.0,0.0,66
2023-05-10 21:24:06,OI311C8300,OI311C8300,368.0,0.0,0.0,0.0,20,363.0,368.5,12,368.0,374.5,0.0,0.0,0.0,0.0,66
2023-05-10 21:24:06,OI311C8300,OI311C8300,368.0,0.0,0.0,0.0,20,363.0,368.5,6,368.0,374.5,0.0,0.0,0.0,0.0,66
2023-05-10 21:24:07,OI311C8300,OI311C8300,368.0,0.0,0.0,0.0,20,363.0,369.0,24,368.0,374.5,0.0,0.0,0.0,0.0,66
2023-05-10 21:24:08,OI311C8300,OI311C8300,368.0,0.0,0.0,0.0,20,363.0,369.0,18,368.0,374.5,0.0,0.0,0.0,0.0,66
2023-05-10 21:24:12,OI311C8300,OI311C8300,368.0,0.0,0.0,0.0,20,363.0,369.0,12,368.0,374.5,0.0,0.0,0.0,0.0,66
2023-05-10 21:24:13,OI311C8300,OI311C8300,368.0,0.0,0.0,0.0,26,363.0,369.0,6,368.0,374.5,0.0,0.0,0.0,0.0,66
2023-05-10 21:24:14,OI311C8300,OI311C8300,368.0,0.0,0.0,0.0,26,363.0,369.0,12,368.0,374.5,0.0,0.0,0.0,0.0,66
2023-05-10 21:24:14,OI311C8300,OI311C8300,368.0,0.0,0.0,0.0,26,363.0,369.0,6,368.0,374.5,0.0,0.0,0.0,0.0,66
2023-05-10 21:24:15,OI311C8300,OI311C8300,368.0,0.0,0.0,0.0,26,363.0,369.5,12,368.0,374.5,0.0,0.0,0.0,0.0,66
2023-05-10 21:24:16,OI311C8300,OI311C8300,368.0,0.0,0.0,0.0,26,363.0,370.0,18,368.0,374.5,0.0,0.0,0.0,0.0,66
2023-05-10 21:24:17,OI311C8300,OI311C8300,368.0,0.0,0.0,0.0,26,363.0,370.0,12,368.0,374.5,0.0,0.0,0.0,0.0,66
2023-05-10 21:24:17,OI311C8300,OI311C8300,368.0,0.0,0.0,0.0,26,363.0,370.5,30,368.0,374.5,0.0,0.0,0.0,0.0,66
2023-05-10 21:24:18,OI311C8300,OI311C8300,368.0,0.0,0.0,0.0,26,363.0,370.5,24,368.0,374.5,0.0,0.0,0.0,0.0,66
2023-05-10 21:24:18,OI311C8300,OI311C8300,368.0,0.0,0.0,0.0,26,363.0,370.5,18,368.0,374.5,0.0,0.0,0.0,0.0,66
2023-05-10 21:24:23,OI311C8300,OI311C8300,368.0,0.0,0.0,0.0,26,363.0,370.5,12,368.0,374.5,0.0,0.0,0.0,0.0,66
2023-05-10 21:25:06,OI311C8300,OI311C8300,368.0,0.0,0.0,0.0,2,365.0,370.5,12,368.0,374.5,0.0,0.0,0.0,0.0,66
2023-05-10 21:25:07,OI311C8300,OI311C8300,368.0,0.0,0.0,0.0,8,365.0,370.5,6,368.0,374.5,0.0,0.0,0.0,0.0,66
2023-05-10 21:25:08,OI311C8300,OI311C8300,368.0,0.0,0.0,0.0,14,365.0,370.5,6,368.0,374.5,0.0,0.0,0.0,0.0,66
2023-05-10 21:25:18,OI311C8300,OI311C8300,368.0,0.0,0.0,0.0,20,365.0,370.5,6,368.0,374.5,0.0,0.0,0.0,0.0,66
2023-05-10 21:25:20,OI311C8300,OI311C8300,368.0,0.0,0.0,0.0,20,365.0,371.0,12,368.0,374.5,0.0,0.0,0.0,0.0,66
2023-05-10 21:25:20,OI311C8300,OI311C8300,368.0,0.0,0.0,0.0,20,365.0,371.0,6,368.0,374.5,0.0,0.0,0.0,0.0,66
2023-05-10 21:25:21,OI311C8300,OI311C8300,368.0,0.0,0.0,0.0,20,365.0,371.5,8,368.0,374.5,0.0,0.0,0.0,0.0,66
2023-05-10 21:25:22,OI311C8300,OI311C8300,368.0,0.0,0.0,0.0,20,365.0,371.5,2,368.0,374.5,0.0,0.0,0.0,0.0,66
2023-05-10 21:25:43,OI311C8300,OI311C8300,368.0,0.0,0.0,0.0,14,365.0,371.5,2,368.0,374.5,0.0,0.0,0.0,0.0,66
2023-05-10 21:25:49,OI311C8300,OI311C8300,368.0,0.0,0.0,0.0,20,365.0,371.5,2,368.0,374.5,0.0,0.0,0.0,0.0,66
2023-05-10 21:25:50,OI311C8300,OI311C8300,368.0,0.0,0.0,0.0,14,365.0,371.5,2,368.0,374.5,0.0,0.0,0.0,0.0,66
2023-05-10 21:26:06,OI311C8300,OI311C8300,368.0,0.0,0.0,0.0,20,365.0,371.5,2,368.0,374.5,0.0,0.0,0.0,0.0,66
2023-05-10 21:26:07,OI311C8300,OI311C8300,368.0,0.0,0.0,0.0,14,365.0,371.5,2,368.0,374.5,0.0,0.0,0.0,0.0,66
2023-05-10 21:26:09,OI311C8300,OI311C8300,368.0,0.0,0.0,0.0,20,365.0,371.5,2,368.0,374.5,0.0,0.0,0.0,0.0,66
2023-05-10 21:26:15,OI311C8300,OI311C8300,368.0,0.0,0.0,0.0,20,365.0,371.5,8,368.0,374.5,0.0,0.0,0.0,0.0,66
2023-05-10 21:26:17,OI311C8300,OI311C8300,368.0,0.0,0.0,0.0,14,365.0,371.5,8,368.0,374.5,0.0,0.0,0.0,0.0,66
2023-05-10 21:26:22,OI311C8300,OI311C8300,368.0,0.0,0.0,0.0,20,365.0,371.5,14,368.0,374.5,0.0,0.0,0.0,0.0,66
2023-05-10 21:26:27,OI311C8300,OI311C8300,368.0,0.0,0.0,0.0,20,365.0,371.5,8,368.0,374.5,0.0,0.0,0.0,0.0,66
2023-05-10 21:26:38,OI311C8300,OI311C8300,368.0,0.0,0.0,0.0,20,365.0,371.5,14,368.0,374.5,0.0,0.0,0.0,0.0,66
2023-05-10 21:26:43,OI311C8300,OI311C8300,368.0,0.0,0.0,0.0,20,365.0,371.5,8,368.0,374.5,0.0,0.0,0.0,0.0,66
2023-05-10 21:26:46,OI311C8300,OI311C8300,368.0,0.0,0.0,0.0,20,365.0,371.5,14,368.0,374.5,0.0,0.0,0.0,0.0,66
2023-05-10 21:26:52,OI311C8300,OI311C8300,368.0,0.0,0.0,0.0,20,365.0,371.5,8,368.0,374.5,0.0,0.0,0.0,0.0,66
2023-05-10 21:27:05,OI311C8300,OI311C8300,368.0,0.0,0.0,0.0,14,365.0,371.5,8,368.0,374.5,0.0,0.0,0.0,0.0,66
2023-05-10 21:27:05,OI311C8300,OI311C8300,368.0,0.0,0.0,0.0,14,365.0,371.5,14,368.0,374.5,0.0,0.0,0.0,0.0,66
2023-05-10 21:27:19,OI311C8300,OI311C8300,368.0,0.0,0.0,0.0,20,365.0,371.5,8,368.0,374.5,0.0,0.0,0.0,0.0,66
2023-05-10 21:27:21,OI311C8300,OI311C8300,368.0,0.0,0.0,0.0,14,365.0,371.5,14,368.0,374.5,0.0,0.0,0.0,0.0,66
2023-05-10 21:27:44,OI311C8300,OI311C8300,368.0,0.0,0.0,0.0,20,365.0,371.5,8,368.0,374.5,0.0,0.0,0.0,0.0,66
2023-05-10 21:28:05,OI311C8300,OI311C8300,368.0,0.0,0.0,0.0,20,365.0,371.5,2,368.0,374.5,0.0,0.0,0.0,0.0,66
2023-05-10 21:28:14,OI311C8300,OI311C8300,368.0,0.0,0.0,0.0,8,366.5,372.0,6,368.0,374.5,0.0,0.0,0.0,0.0,66
2023-05-10 21:28:15,OI311C8300,OI311C8300,368.0,0.0,0.0,0.0,20,366.5,372.0,6,368.0,374.5,0.0,0.0,0.0,0.0,66
2023-05-10 21:28:15,OI311C8300,OI311C8300,368.0,0.0,0.0,0.0,20,366.5,372.5,12,368.0,374.5,0.0,0.0,0.0,0.0,66
2023-05-10 21:28:33,OI311C8300,OI311C8300,368.0,0.0,0.0,0.0,26,366.5,372.5,6,368.0,374.5,0.0,0.0,0.0,0.0,66
2023-05-10 21:28:44,OI311C8300,OI311C8300,368.0,0.0,0.0,0.0,26,366.5,373.0,12,368.0,374.5,0.0,0.0,0.0,0.0,66
2023-05-10 21:28:44,OI311C8300,OI311C8300,368.0,0.0,0.0,0.0,26,366.5,373.0,6,368.0,374.5,0.0,0.0,0.0,0.0,66
2023-05-10 21:28:45,OI311C8300,OI311C8300,368.0,0.0,0.0,0.0,20,366.5,373.5,24,368.0,374.5,0.0,0.0,0.0,0.0,66
2023-05-10 21:28:46,OI311C8300,OI311C8300,368.0,0.0,0.0,0.0,20,366.5,373.5,18,368.0,374.5,0.0,0.0,0.0,0.0,66
2023-05-10 21:28:53,OI311C8300,OI311C8300,368.0,0.0,0.0,0.0,26,366.5,373.5,18,368.0,374.5,0.0,0.0,0.0,0.0,66
2023-05-10 21:28:55,OI311C8300,OI311C8300,368.0,0.0,0.0,0.0,20,366.5,373.5,18,368.0,374.5,0.0,0.0,0.0,0.0,66
2023-05-10 21:29:10,OI311C8300,OI311C8300,368.0,0.0,0.0,0.0,26,366.5,373.5,18,368.0,374.5,0.0,0.0,0.0,0.0,66
2023-05-10 21:29:14,OI311C8300,OI311C8300,368.0,0.0,0.0,0.0,20,366.5,373.5,18,368.0,374.5,0.0,0.0,0.0,0.0,66
2023-05-10 21:29:19,OI311C8300,OI311C8300,368.0,0.0,0.0,0.0,14,366.5,373.5,30,368.0,374.5,0.0,0.0,0.0,0.0,66
2023-05-10 21:29:22,OI311C8300,OI311C8300,368.0,0.0,0.0,0.0,14,366.5,372.5,8,368.0,374.5,0.0,0.0,0.0,0.0,66
2023-05-10 21:29:23,OI311C8300,OI311C8300,368.0,0.0,0.0,0.0,2,366.5,372.5,26,368.0,374.5,0.0,0.0,0.0,0.0,66
2023-05-10 21:29:23,OI311C8300,OI311C8300,368.0,0.0,0.0,0.0,2,366.5,372.5,32,368.0,374.5,0.0,0.0,0.0,0.0,66
2023-05-10 21:29:24,OI311C8300,OI311C8300,368.0,0.0,0.0,0.0,2,366.5,372.5,26,368.0,374.5,0.0,0.0,0.0,0.0,66
2023-05-10 21:29:58,OI311C8300,OI311C8300,368.0,0.0,0.0,0.0,2,366.5,372.5,32,368.0,374.5,0.0,0.0,0.0,0.0,66
2023-05-10 21:29:59,OI311C8300,OI311C8300,368.0,0.0,0.0,0.0,2,366.5,372.5,26,368.0,374.5,0.0,0.0,0.0,0.0,66
2023-05-10 21:30:00,OI311C8300,OI311C8300,368.0,0.0,0.0,0.0,2,366.5,372.5,32,368.0,374.5,0.0,0.0,0.0,0.0,66
2023-05-10 21:30:01,OI311C8300,OI311C8300,368.0,0.0,0.0,0.0,2,366.5,372.5,26,368.0,374.5,0.0,0.0,0.0,0.0,66
2023-05-10 21:30:04,OI311C8300,OI311C8300,368.0,0.0,0.0,0.0,8,366.5,372.5,8,368.0,374.5,0.0,0.0,0.0,0.0,66
2023-05-10 21:30:05,OI311C8300,OI311C8300,368.0,0.0,0.0,0.0,2,366.5,372.5,14,368.0,374.5,0.0,0.0,0.0,0.0,66
2023-05-10 21:30:06,OI311C8300,OI311C8300,368.0,0.0,0.0,0.0,2,366.5,372.5,20,368.0,374.5,0.0,0.0,0.0,0.0,66
2023-05-10 21:30:07,OI311C8300,OI311C8300,368.0,0.0,0.0,0.0,8,366.5,372.5,14,368.0,374.5,0.0,0.0,0.0,0.0,66
2023-05-10 21:30:08,OI311C8300,OI311C8300,368.0,0.0,0.0,0.0,20,366.5,372.5,2,368.0,374.5,0.0,0.0,0.0,0.0,66
2023-05-10 21:30:12,OI311C8300,OI311C8300,368.0,0.0,0.0,0.0,14,366.5,372.5,8,368.0,374.5,0.0,0.0,0.0,0.0,66
2023-05-10 21:30:15,OI311C8300,OI311C8300,368.0,0.0,0.0,0.0,20,366.5,372.5,2,368.0,374.5,0.0,0.0,0.0,0.0,66
2023-05-10 21:30:17,OI311C8300,OI311C8300,368.0,0.0,0.0,0.0,14,366.5,372.5,8,368.0,374.5,0.0,0.0,0.0,0.0,66
2023-05-10 21:30:19,OI311C8300,OI311C8300,368.0,0.0,0.0,0.0,14,366.5,372.5,14,368.0,374.5,0.0,0.0,0.0,0.0,66
2023-05-10 21:30:21,OI311C8300,OI311C8300,368.0,0.0,0.0,0.0,8,366.5,372.5,20,368.0,374.5,0.0,0.0,0.0,0.0,66
2023-05-10 21:30:22,OI311C8300,OI311C8300,368.0,0.0,0.0,0.0,2,366.5,372.5,20,368.0,374.5,0.0,0.0,0.0,0.0,66
2023-05-10 21:30:24,OI311C8300,OI311C8300,368.0,0.0,0.0,0.0,2,366.5,371.0,18,368.0,374.5,0.0,0.0,0.0,0.0,66
2023-05-10 21:30:25,OI311C8300,OI311C8300,368.0,0.0,0.0,0.0,12,366.0,371.0,18,368.0,374.5,0.0,0.0,0.0,0.0,66
2023-05-10 21:30:25,OI311C8300,OI311C8300,368.0,0.0,0.0,0.0,6,366.0,371.0,18,368.0,374.5,0.0,0.0,0.0,0.0,66
2023-05-10 21:30:26,OI311C8300,OI311C8300,368.0,0.0,0.0,0.0,6,365.5,371.0,24,368.0,374.5,0.0,0.0,0.0,0.0,66
2023-05-10 21:30:27,OI311C8300,OI311C8300,368.0,0.0,0.0,0.0,8,365.0,371.0,24,368.0,374.5,0.0,0.0,0.0,0.0,66
2023-05-10 21:30:28,OI311C8300,OI311C8300,368.0,0.0,0.0,0.0,8,365.0,370.5,2,368.0,374.5,0.0,0.0,0.0,0.0,66
2023-05-10 21:30:28,OI311C8300,OI311C8300,368.0,0.0,0.0,0.0,2,365.0,370.5,20,368.0,374.5,0.0,0.0,0.0,0.0,66
2023-05-10 21:30:31,OI311C8300,OI311C8300,368.0,0.0,0.0,0.0,2,365.0,370.5,14,368.0,374.5,0.0,0.0,0.0,0.0,66
2023-05-10 21:30:32,OI311C8300,OI311C8300,368.0,0.0,0.0,0.0,8,365.0,370.5,14,368.0,374.5,0.0,0.0,0.0,0.0,66
2023-05-10 21:30:33,OI311C8300,OI311C8300,368.0,0.0,0.0,0.0,14,365.0,370.5,14,368.0,374.5,0.0,0.0,0.0,0.0,66
2023-05-10 21:30:35,OI311C8300,OI311C8300,368.0,0.0,0.0,0.0,8,365.0,370.5,14,368.0,374.5,0.0,0.0,0.0,0.0,66
2023-05-10 21:30:35,OI311C8300,OI311C8300,368.0,0.0,0.0,0.0,8,365.0,370.5,20,368.0,374.5,0.0,0.0,0.0,0.0,66
2023-05-10 21:30:39,OI311C8300,OI311C8300,368.0,0.0,0.0,0.0,8,365.0,370.5,14,368.0,374.5,0.0,0.0,0.0,0.0,66
2023-05-10 21:30:55,OI311C8300,OI311C8300,368.0,0.0,0.0,0.0,14,365.0,370.5,2,368.0,374.5,0.0,0.0,0.0,0.0,66
2023-05-10 21:30:57,OI311C8300,OI311C8300,368.0,0.0,0.0,0.0,26,365.0,370.5,2,368.0,374.5,0.0,0.0,0.0,0.0,66
2023-05-10 21:30:59,OI311C8300,OI311C8300,368.0,0.0,0.0,0.0,26,365.0,371.0,6,368.0,374.5,0.0,0.0,0.0,0.0,66
2023-05-10 21:31:00,OI311C8300,OI311C8300,368.0,0.0,0.0,0.0,32,365.0,372.0,12,368.0,374.5,0.0,0.0,0.0,0.0,66
2023-05-10 21:31:00,OI311C8300,OI311C8300,368.0,0.0,0.0,0.0,26,365.0,371.5,6,368.0,374.5,0.0,0.0,0.0,0.0,66
2023-05-10 21:31:01,OI311C8300,OI311C8300,368.0,0.0,0.0,0.0,26,365.0,372.5,26,368.0,374.5,0.0,0.0,0.0,0.0,66
2023-05-10 21:31:01,OI311C8300,OI311C8300,368.0,0.0,0.0,0.0,26,365.0,372.0,6,368.0,374.5,0.0,0.0,0.0,0.0,66
2023-05-10 21:31:02,OI311C8300,OI311C8300,368.0,0.0,0.0,0.0,2,367.0,372.5,20,368.0,374.5,0.0,0.0,0.0,0.0,66
2023-05-10 21:31:02,OI311C8300,OI311C8300,368.0,0.0,0.0,0.0,2,367.0,372.5,14,368.0,374.5,0.0,0.0,0.0,0.0,66
2023-05-10 21:31:03,OI311C8300,OI311C8300,368.0,0.0,0.0,0.0,8,367.0,372.5,14,368.0,374.5,0.0,0.0,0.0,0.0,66
2023-05-10 21:31:03,OI311C8300,OI311C8300,368.0,0.0,0.0,0.0,14,367.0,372.5,8,368.0,374.5,0.0,0.0,0.0,0.0,66
2023-05-10 21:31:04,OI311C8300,OI311C8300,368.0,0.0,0.0,0.0,20,367.0,372.5,2,368.0,374.5,0.0,0.0,0.0,0.0,66
2023-05-10 21:31:05,OI311C8300,OI311C8300,368.0,0.0,0.0,0.0,20,367.0,373.0,18,368.0,374.5,0.0,0.0,0.0,0.0,66
2023-05-10 21:31:05,OI311C8300,OI311C8300,368.0,0.0,0.0,0.0,14,367.0,373.0,12,368.0,374.5,0.0,0.0,0.0,0.0,66
2023-05-10 21:31:05,OI311C8300,OI311C8300,368.0,0.0,0.0,0.0,14,367.0,373.0,6,368.0,374.5,0.0,0.0,0.0,0.0,66
2023-05-10 21:31:06,OI311C8300,OI311C8300,368.0,0.0,0.0,0.0,14,367.0,373.5,12,368.0,374.5,0.0,0.0,0.0,0.0,66
2023-05-10 21:31:06,OI311C8300,OI311C8300,368.0,0.0,0.0,0.0,14,367.0,373.5,6,368.0,374.5,0.0,0.0,0.0,0.0,66
2023-05-10 21:31:07,OI311C8300,OI311C8300,368.0,0.0,0.0,0.0,2,367.0,373.5,6,368.0,374.5,0.0,0.0,0.0,0.0,66
2023-05-10 21:31:08,OI311C8300,OI311C8300,368.0,0.0,0.0,0.0,2,367.0,374.0,6,368.0,374.5,0.0,0.0,0.0,0.0,66
2023-05-10 21:31:09,OI311C8300,OI311C8300,368.0,0.0,0.0,0.0,2,369.0,374.5,24,368.0,374.5,0.0,0.0,0.0,0.0,66
2023-05-10 21:31:09,OI311C8300,OI311C8300,368.0,0.0,0.0,0.0,8,369.0,374.5,18,368.0,374.5,0.0,0.0,0.0,0.0,66
2023-05-10 21:31:09,OI311C8300,OI311C8300,368.0,0.0,0.0,0.0,14,369.0,374.5,6,368.0,374.5,0.0,0.0,0.0,0.0,66
2023-05-10 21:31:10,OI311C8300,OI311C8300,374.5,6.0,2247.0,6.0,26,369.0,375.0,6,368.0,374.5,374.5,374.5,6.0,2247.0,72
2023-05-10 21:31:11,OI311C8300,OI311C8300,374.5,0.0,0.0,0.0,24,370.5,378.0,6,368.0,374.5,374.5,374.5,6.0,2247.0,72
2023-05-10 21:31:11,OI311C8300,OI311C8300,374.5,0.0,0.0,0.0,12,370.5,378.5,18,368.0,374.5,374.5,374.5,6.0,2247.0,72
2023-05-10 21:31:12,OI311C8300,OI311C8300,374.5,0.0,0.0,0.0,2,371.0,378.5,18,368.0,374.5,374.5,374.5,6.0,2247.0,72
2023-05-10 21:31:13,OI311C8300,OI311C8300,374.5,0.0,0.0,0.0,14,371.0,378.5,24,368.0,374.5,374.5,374.5,6.0,2247.0,72
2023-05-10 21:31:14,OI311C8300,OI311C8300,374.5,0.0,0.0,0.0,20,371.0,378.5,18,368.0,374.5,374.5,374.5,6.0,2247.0,72
2023-05-10 21:31:15,OI311C8300,OI311C8300,374.5,0.0,0.0,0.0,14,371.0,378.5,18,368.0,374.5,374.5,374.5,6.0,2247.0,72
2023-05-10 21:31:17,OI311C8300,OI311C8300,374.5,0.0,0.0,0.0,20,371.0,378.5,18,368.0,374.5,374.5,374.5,6.0,2247.0,72
2023-05-10 21:31:18,OI311C8300,OI311C8300,374.5,0.0,0.0,0.0,20,371.0,378.5,24,368.0,374.5,374.5,374.5,6.0,2247.0,72
2023-05-10 21:31:20,OI311C8300,OI311C8300,374.5,0.0,0.0,0.0,20,371.0,378.5,18,368.0,374.5,374.5,374.5,6.0,2247.0,72
2023-05-10 21:31:24,OI311C8300,OI311C8300,374.5,0.0,0.0,0.0,20,371.0,378.5,12,368.0,374.5,374.5,374.5,6.0,2247.0,72
2023-05-10 21:31:25,OI311C8300,OI311C8300,374.5,0.0,0.0,0.0,20,371.0,379.0,20,368.0,374.5,374.5,374.5,6.0,2247.0,72
2023-05-10 21:31:25,OI311C8300,OI311C8300,374.5,0.0,0.0,0.0,20,371.0,379.0,14,368.0,374.5,374.5,374.5,6.0,2247.0,72
2023-05-10 21:31:33,OI311C8300,OI311C8300,374.5,0.0,0.0,0.0,20,371.0,379.0,8,368.0,374.5,374.5,374.5,6.0,2247.0,72
2023-05-10 21:31:33,OI311C8300,OI311C8300,374.5,0.0,0.0,0.0,20,371.0,379.0,2,368.0,374.5,374.5,374.5,6.0,2247.0,72
2023-05-10 21:31:35,OI311C8300,OI311C8300,374.5,0.0,0.0,0.0,20,371.0,379.0,8,368.0,374.5,374.5,374.5,6.0,2247.0,72
2023-05-10 21:31:37,OI311C8300,OI311C8300,374.5,0.0,0.0,0.0,26,371.0,379.0,8,368.0,374.5,374.5,374.5,6.0,2247.0,72
2023-05-10 21:31:41,OI311C8300,OI311C8300,374.5,0.0,0.0,0.0,26,371.0,379.0,14,368.0,374.5,374.5,374.5,6.0,2247.0,72
2023-05-10 21:31:43,OI311C8300,OI311C8300,374.5,0.0,0.0,0.0,14,371.0,378.5,18,368.0,374.5,374.5,374.5,6.0,2247.0,72
2023-05-10 21:31:44,OI311C8300,OI311C8300,374.5,0.0,0.0,0.0,8,371.0,377.0,18,368.0,374.5,374.5,374.5,6.0,2247.0,72
2023-05-10 21:31:46,OI311C8300,OI311C8300,374.5,0.0,0.0,0.0,2,371.0,377.0,24,368.0,374.5,374.5,374.5,6.0,2247.0,72
2023-05-10 21:31:48,OI311C8300,OI311C8300,374.5,0.0,0.0,0.0,6,370.5,376.5,6,368.0,374.5,374.5,374.5,6.0,2247.0,72
2023-05-10 21:31:49,OI311C8300,OI311C8300,374.5,0.0,0.0,0.0,18,369.5,376.5,6,368.0,374.5,374.5,374.5,6.0,2247.0,72
2023-05-10 21:31:49,OI311C8300,OI311C8300,374.5,0.0,0.0,0.0,18,369.5,376.5,12,368.0,374.5,374.5,374.5,6.0,2247.0,72
2023-05-10 21:31:52,OI311C8300,OI311C8300,374.5,0.0,0.0,0.0,18,369.5,375.0,6,368.0,374.5,374.5,374.5,6.0,2247.0,72
2023-05-10 21:31:52,OI311C8300,OI311C8300,374.5,0.0,0.0,0.0,8,369.0,375.0,18,368.0,374.5,374.5,374.5,6.0,2247.0,72
2023-05-10 21:31:56,OI311C8300,OI311C8300,374.5,0.0,0.0,0.0,8,369.0,375.0,24,368.0,374.5,374.5,374.5,6.0,2247.0,72
2023-05-10 21:32:00,OI311C8300,OI311C8300,374.5,0.0,0.0,0.0,14,369.0,375.0,18,368.0,374.5,374.5,374.5,6.0,2247.0,72
2023-05-10 21:32:00,OI311C8300,OI311C8300,374.5,0.0,0.0,0.0,8,369.0,375.0,24,368.0,374.5,374.5,374.5,6.0,2247.0,72
2023-05-10 21:32:02,OI311C8300,OI311C8300,374.5,0.0,0.0,0.0,14,369.0,375.0,18,368.0,374.5,374.5,374.5,6.0,2247.0,72
2023-05-10 21:32:03,OI311C8300,OI311C8300,374.5,0.0,0.0,0.0,8,369.0,375.0,24,368.0,374.5,374.5,374.5,6.0,2247.0,72
2023-05-10 21:32:04,OI311C8300,OI311C8300,374.5,0.0,0.0,0.0,2,369.0,375.0,24,368.0,374.5,374.5,374.5,6.0,2247.0,72
2023-05-10 21:32:05,OI311C8300,OI311C8300,374.5,0.0,0.0,0.0,8,369.0,375.0,24,368.0,374.5,374.5,374.5,6.0,2247.0,72
2023-05-10 21:32:06,OI311C8300,OI311C8300,374.5,0.0,0.0,0.0,2,369.0,375.0,24,368.0,374.5,374.5,374.5,6.0,2247.0,72
2023-05-10 21:32:08,OI311C8300,OI311C8300,374.5,0.0,0.0,0.0,8,369.0,375.0,24,368.0,374.5,374.5,374.5,6.0,2247.0,72
2023-05-10 21:32:10,OI311C8300,OI311C8300,374.5,0.0,0.0,0.0,2,369.0,375.0,24,368.0,374.5,374.5,374.5,6.0,2247.0,72
2023-05-10 21:32:11,OI311C8300,OI311C8300,374.5,0.0,0.0,0.0,12,368.5,375.0,24,368.0,374.5,374.5,374.5,6.0,2247.0,72
2023-05-10 21:32:12,OI311C8300,OI311C8300,374.5,0.0,0.0,0.0,24,367.5,374.0,6,368.0,374.5,374.5,374.5,6.0,2247.0,72
2023-05-10 21:32:12,OI311C8300,OI311C8300,374.5,0.0,0.0,0.0,6,367.5,373.0,12,368.0,374.5,374.5,374.5,6.0,2247.0,72
2023-05-10 21:32:13,OI311C8300,OI311C8300,374.5,0.0,0.0,0.0,6,366.5,373.0,18,368.0,374.5,374.5,374.5,6.0,2247.0,72
2023-05-10 21:32:13,OI311C8300,OI311C8300,374.5,0.0,0.0,0.0,6,366.0,373.0,24,368.0,374.5,374.5,374.5,6.0,2247.0,72
2023-05-10 21:32:14,OI311C8300,OI311C8300,374.5,0.0,0.0,0.0,36,365.5,373.0,24,368.0,374.5,374.5,374.5,6.0,2247.0,72
2023-05-10 21:32:18,OI311C8300,OI311C8300,374.5,0.0,0.0,0.0,30,365.5,373.0,24,368.0,374.5,374.5,374.5,6.0,2247.0,72
2023-05-10 21:32:19,OI311C8300,OI311C8300,374.5,0.0,0.0,0.0,24,365.5,373.0,24,368.0,374.5,374.5,374.5,6.0,2247.0,72
2023-05-10 21:32:23,OI311C8300,OI311C8300,374.5,0.0,0.0,0.0,24,365.5,373.0,30,368.0,374.5,374.5,374.5,6.0,2247.0,72
2023-05-10 21:32:28,OI311C8300,OI311C8300,374.5,0.0,0.0,0.0,24,365.5,373.0,24,368.0,374.5,374.5,374.5,6.0,2247.0,72
2023-05-10 21:32:31,OI311C8300,OI311C8300,374.5,0.0,0.0,0.0,12,366.0,373.0,24,368.0,374.5,374.5,374.5,6.0,2247.0,72
2023-05-10 21:32:32,OI311C8300,OI311C8300,374.5,0.0,0.0,0.0,6,367.5,373.0,12,368.0,374.5,374.5,374.5,6.0,2247.0,72
2023-05-10 21:32:32,OI311C8300,OI311C8300,374.5,0.0,0.0,0.0,18,367.5,373.0,6,368.0,374.5,374.5,374.5,6.0,2247.0,72
2023-05-10 21:32:33,OI311C8300,OI311C8300,374.5,0.0,0.0,0.0,30,367.5,373.0,6,368.0,374.5,374.5,374.5,6.0,2247.0,72
2023-05-10 21:32:35,OI311C8300,OI311C8300,374.5,0.0,0.0,0.0,30,367.5,373.5,12,368.0,374.5,374.5,374.5,6.0,2247.0,72
2023-05-10 21:32:35,OI311C8300,OI311C8300,374.5,0.0,0.0,0.0,30,367.5,373.5,6,368.0,374.5,374.5,374.5,6.0,2247.0,72
2023-05-10 21:32:36,OI311C8300,OI311C8300,374.5,0.0,0.0,0.0,30,367.5,374.0,6,368.0,374.5,374.5,374.5,6.0,2247.0,72
2023-05-10 21:32:37,OI311C8300,OI311C8300,374.5,0.0,0.0,0.0,24,367.5,374.0,6,368.0,374.5,374.5,374.5,6.0,2247.0,72
2023-05-10 21:32:39,OI311C8300,OI311C8300,374.5,0.0,0.0,0.0,24,367.5,374.5,12,368.0,374.5,374.5,374.5,6.0,2247.0,72
2023-05-10 21:32:42,OI311C8300,OI311C8300,374.5,0.0,0.0,0.0,24,367.5,374.5,6,368.0,374.5,374.5,374.5,6.0,2247.0,72
2023-05-10 21:32:42,OI311C8300,OI311C8300,374.5,0.0,0.0,0.0,30,367.5,374.5,6,368.0,374.5,374.5,374.5,6.0,2247.0,72
2023-05-10 21:32:43,OI311C8300,OI311C8300,374.5,0.0,0.0,0.0,30,367.5,375.0,18,368.0,374.5,374.5,374.5,6.0,2247.0,72
2023-05-10 21:32:44,OI311C8300,OI311C8300,374.5,0.0,0.0,0.0,30,367.5,375.0,12,368.0,374.5,374.5,374.5,6.0,2247.0,72
2023-05-10 21:32:50,OI311C8300,OI311C8300,374.5,0.0,0.0,0.0,24,367.5,374.5,12,368.0,374.5,374.5,374.5,6.0,2247.0,72
2023-05-10 21:32:51,OI311C8300,OI311C8300,374.5,0.0,0.0,0.0,18,367.5,374.5,18,368.0,374.5,374.5,374.5,6.0,2247.0,72
2023-05-10 21:32:51,OI311C8300,OI311C8300,374.5,0.0,0.0,0.0,24,367.5,374.5,18,368.0,374.5,374.5,374.5,6.0,2247.0,72
2023-05-10 21:32:52,OI311C8300,OI311C8300,374.5,0.0,0.0,0.0,18,367.5,374.5,24,368.0,374.5,374.5,374.5,6.0,2247.0,72
2023-05-10 21:32:53,OI311C8300,OI311C8300,374.5,0.0,0.0,0.0,24,367.5,374.5,24,368.0,374.5,374.5,374.5,6.0,2247.0,72
2023-05-10 21:32:57,OI311C8300,OI311C8300,374.5,0.0,0.0,0.0,24,367.5,374.5,18,368.0,374.5,374.5,374.5,6.0,2247.0,72
2023-05-10 21:33:05,OI311C8300,OI311C8300,374.5,0.0,0.0,0.0,24,367.5,374.5,24,368.0,374.5,374.5,374.5,6.0,2247.0,72
2023-05-10 21:33:09,OI311C8300,OI311C8300,374.5,0.0,0.0,0.0,24,367.5,374.5,12,368.0,374.5,374.5,374.5,6.0,2247.0,72
2023-05-10 21:33:09,OI311C8300,OI311C8300,374.5,0.0,0.0,0.0,18,367.5,374.5,12,368.0,374.5,374.5,374.5,6.0,2247.0,72
2023-05-10 21:33:10,OI311C8300,OI311C8300,374.5,0.0,0.0,0.0,24,367.5,375.0,18,368.0,374.5,374.5,374.5,6.0,2247.0,72
2023-05-10 21:33:11,OI311C8300,OI311C8300,374.5,0.0,0.0,0.0,30,367.5,375.0,18,368.0,374.5,374.5,374.5,6.0,2247.0,72
2023-05-10 21:33:13,OI311C8300,OI311C8300,374.5,0.0,0.0,0.0,24,367.5,375.0,18,368.0,374.5,374.5,374.5,6.0,2247.0,72
2023-05-10 21:33:14,OI311C8300,OI311C8300,374.5,0.0,0.0,0.0,12,368.0,375.0,12,368.0,374.5,374.5,374.5,6.0,2247.0,72
2023-05-10 21:33:15,OI311C8300,OI311C8300,374.5,0.0,0.0,0.0,12,368.0,375.0,18,368.0,374.5,374.5,374.5,6.0,2247.0,72
2023-05-10 21:33:19,OI311C8300,OI311C8300,374.5,0.0,0.0,0.0,12,368.0,375.0,12,368.0,374.5,374.5,374.5,6.0,2247.0,72
2023-05-10 21:33:21,OI311C8300,OI311C8300,374.5,0.0,0.0,0.0,6,369.0,375.0,12,368.0,374.5,374.5,374.5,6.0,2247.0,72
2023-05-10 21:33:21,OI311C8300,OI311C8300,374.5,0.0,0.0,0.0,18,369.0,375.0,6,368.0,374.5,374.5,374.5,6.0,2247.0,72
2023-05-10 21:33:23,OI311C8300,OI311C8300,374.5,0.0,0.0,0.0,30,369.0,375.0,6,368.0,374.5,374.5,374.5,6.0,2247.0,72
2023-05-10 21:33:25,OI311C8300,OI311C8300,374.5,0.0,0.0,0.0,24,369.0,375.0,6,368.0,374.5,374.5,374.5,6.0,2247.0,72
2023-05-10 21:33:28,OI311C8300,OI311C8300,374.5,0.0,0.0,0.0,24,369.0,375.0,12,368.0,374.5,374.5,374.5,6.0,2247.0,72
2023-05-10 21:33:29,OI311C8300,OI311C8300,374.5,0.0,0.0,0.0,30,369.0,375.0,6,368.0,374.5,374.5,374.5,6.0,2247.0,72
2023-05-10 21:33:29,OI311C8300,OI311C8300,374.5,0.0,0.0,0.0,30,369.0,375.5,12,368.0,374.5,374.5,374.5,6.0,2247.0,72
2023-05-10 21:33:29,OI311C8300,OI311C8300,374.5,0.0,0.0,0.0,30,369.0,375.5,6,368.0,374.5,374.5,374.5,6.0,2247.0,72
2023-05-10 21:33:30,OI311C8300,OI311C8300,374.5,0.0,0.0,0.0,24,369.0,376.0,6,368.0,374.5,374.5,374.5,6.0,2247.0,72
2023-05-10 21:33:31,OI311C8300,OI311C8300,374.5,0.0,0.0,0.0,30,369.0,376.5,12,368.0,374.5,374.5,374.5,6.0,2247.0,72
2023-05-10 21:33:31,OI311C8300,OI311C8300,374.5,0.0,0.0,0.0,30,369.0,376.5,18,368.0,374.5,374.5,374.5,6.0,2247.0,72
2023-05-10 21:33:32,OI311C8300,OI311C8300,374.5,0.0,0.0,0.0,6,369.5,376.5,12,368.0,374.5,374.5,374.5,6.0,2247.0,72
2023-05-10 21:33:36,OI311C8300,OI311C8300,374.5,0.0,0.0,0.0,12,371.0,376.5,12,368.0,374.5,374.5,374.5,6.0,2247.0,72
2023-05-10 21:33:37,OI311C8300,OI311C8300,374.5,0.0,0.0,0.0,18,371.0,376.5,18,368.0,374.5,374.5,374.5,6.0,2247.0,72
2023-05-10 21:33:41,OI311C8300,OI311C8300,374.5,0.0,0.0,0.0,18,371.0,376.5,12,368.0,374.5,374.5,374.5,6.0,2247.0,72
2023-05-10 21:33:42,OI311C8300,OI311C8300,374.5,0.0,0.0,0.0,18,371.0,377.0,18,368.0,374.5,374.5,374.5,6.0,2247.0,72
2023-05-10 21:33:42,OI311C8300,OI311C8300,374.5,0.0,0.0,0.0,18,371.0,377.0,12,368.0,374.5,374.5,374.5,6.0,2247.0,72
2023-05-10 21:34:07,OI311C8300,OI311C8300,374.5,0.0,0.0,0.0,24,371.0,377.5,18,368.0,374.5,374.5,374.5,6.0,2247.0,72
2023-05-10 21:34:07,OI311C8300,OI311C8300,374.5,0.0,0.0,0.0,30,371.0,377.5,12,368.0,374.5,374.5,374.5,6.0,2247.0,72
2023-05-10 21:34:08,OI311C8300,OI311C8300,374.5,0.0,0.0,0.0,30,371.0,378.0,24,368.0,374.5,374.5,374.5,6.0,2247.0,72
2023-05-10 21:34:08,OI311C8300,OI311C8300,374.5,0.0,0.0,0.0,30,371.0,378.0,18,368.0,374.5,374.5,374.5,6.0,2247.0,72
2023-05-10 21:34:09,OI311C8300,OI311C8300,374.5,0.0,0.0,0.0,30,371.0,378.0,12,368.0,374.5,374.5,374.5,6.0,2247.0,72
2023-05-10 21:34:15,OI311C8300,OI311C8300,374.5,0.0,0.0,0.0,36,371.0,378.0,12,368.0,374.5,374.5,374.5,6.0,2247.0,72
2023-05-10 21:34:15,OI311C8300,OI311C8300,374.5,0.0,0.0,0.0,36,371.0,378.0,18,368.0,374.5,374.5,374.5,6.0,2247.0,72
2023-05-10 21:34:17,OI311C8300,OI311C8300,374.5,0.0,0.0,0.0,30,371.0,378.0,24,368.0,374.5,374.5,374.5,6.0,2247.0,72
2023-05-10 21:34:17,OI311C8300,OI311C8300,374.5,0.0,0.0,0.0,24,371.0,378.0,30,368.0,374.5,374.5,374.5,6.0,2247.0,72
2023-05-10 21:34:20,OI311C8300,OI311C8300,374.5,0.0,0.0,0.0,24,371.0,378.0,36,368.0,374.5,374.5,374.5,6.0,2247.0,72
2023-05-10 21:34:47,OI311C8300,OI311C8300,374.5,0.0,0.0,0.0,18,371.0,378.0,36,368.0,374.5,374.5,374.5,6.0,2247.0,72
2023-05-10 21:34:48,OI311C8300,OI311C8300,374.5,0.0,0.0,0.0,12,371.0,378.0,42,368.0,374.5,374.5,374.5,6.0,2247.0,72
2023-05-10 21:34:57,OI311C8300,OI311C8300,374.5,0.0,0.0,0.0,12,371.0,378.0,48,368.0,374.5,374.5,374.5,6.0,2247.0,72
2023-05-10 21:35:04,OI311C8300,OI311C8300,374.5,0.0,0.0,0.0,18,371.0,378.0,48,368.0,374.5,374.5,374.5,6.0,2247.0,72
2023-05-10 21:35:04,OI311C8300,OI311C8300,374.5,0.0,0.0,0.0,18,371.0,378.0,42,368.0,374.5,374.5,374.5,6.0,2247.0,72
2023-05-10 21:35:05,OI311C8300,OI311C8300,374.5,0.0,0.0,0.0,12,371.0,378.0,24,368.0,374.5,374.5,374.5,6.0,2247.0,72
2023-05-10 21:35:06,OI311C8300,OI311C8300,374.5,0.0,0.0,0.0,6,371.0,377.5,6,368.0,374.5,374.5,374.5,6.0,2247.0,72
2023-05-10 21:35:07,OI311C8300,OI311C8300,374.5,0.0,0.0,0.0,12,371.0,377.5,6,368.0,374.5,374.5,374.5,6.0,2247.0,72
2023-05-10 21:35:08,OI311C8300,OI311C8300,374.5,0.0,0.0,0.0,18,371.0,377.5,6,368.0,374.5,374.5,374.5,6.0,2247.0,72
2023-05-10 21:35:12,OI311C8300,OI311C8300,374.5,0.0,0.0,0.0,12,371.0,377.5,12,368.0,374.5,374.5,374.5,6.0,2247.0,72
2023-05-10 21:35:20,OI311C8300,OI311C8300,374.5,0.0,0.0,0.0,12,371.0,377.5,24,368.0,374.5,374.5,374.5,6.0,2247.0,72
2023-05-10 21:35:21,OI311C8300,OI311C8300,374.5,0.0,0.0,0.0,12,371.0,377.5,18,368.0,374.5,374.5,374.5,6.0,2247.0,72
2023-05-10 21:35:24,OI311C8300,OI311C8300,374.5,0.0,0.0,0.0,12,371.0,377.5,24,368.0,374.5,374.5,374.5,6.0,2247.0,72
2023-05-10 21:35:26,OI311C8300,OI311C8300,374.5,0.0,0.0,0.0,6,371.0,376.0,6,368.0,374.5,374.5,374.5,6.0,2247.0,72
2023-05-10 21:35:26,OI311C8300,OI311C8300,374.5,0.0,0.0,0.0,6,371.0,376.0,24,368.0,374.5,374.5,374.5,6.0,2247.0,72
2023-05-10 21:35:28,OI311C8300,OI311C8300,374.5,0.0,0.0,0.0,6,370.5,376.0,24,368.0,374.5,374.5,374.5,6.0,2247.0,72
2023-05-10 21:35:28,OI311C8300,OI311C8300,374.5,0.0,0.0,0.0,6,370.5,376.0,30,368.0,374.5,374.5,374.5,6.0,2247.0,72
2023-05-10 21:35:29,OI311C8300,OI311C8300,374.5,0.0,0.0,0.0,6,370.5,376.0,24,368.0,374.5,374.5,374.5,6.0,2247.0,72
2023-05-10 21:35:29,OI311C8300,OI311C8300,374.5,0.0,0.0,0.0,6,370.0,376.0,18,368.0,374.5,374.5,374.5,6.0,2247.0,72
2023-05-10 21:35:29,OI311C8300,OI311C8300,374.5,0.0,0.0,0.0,18,370.0,376.0,18,368.0,374.5,374.5,374.5,6.0,2247.0,72
2023-05-10 21:35:30,OI311C8300,OI311C8300,374.5,0.0,0.0,0.0,12,370.0,376.0,18,368.0,374.5,374.5,374.5,6.0,2247.0,72
2023-05-10 21:35:32,OI311C8300,OI311C8300,374.5,0.0,0.0,0.0,24,370.0,376.0,18,368.0,374.5,374.5,374.5,6.0,2247.0,72
2023-05-10 21:35:35,OI311C8300,OI311C8300,374.5,0.0,0.0,0.0,24,370.0,376.0,12,368.0,374.5,374.5,374.5,6.0,2247.0,72
2023-05-10 21:35:37,OI311C8300,OI311C8300,374.5,0.0,0.0,0.0,18,370.0,376.0,6,368.0,374.5,374.5,374.5,6.0,2247.0,72
2023-05-10 21:35:49,OI311C8300,OI311C8300,374.5,0.0,0.0,0.0,6,371.0,376.0,6,368.0,374.5,374.5,374.5,6.0,2247.0,72
2023-05-10 21:35:52,OI311C8300,OI311C8300,374.5,0.0,0.0,0.0,18,371.0,376.0,12,368.0,374.5,374.5,374.5,6.0,2247.0,72
2023-05-10 21:35:52,OI311C8300,OI311C8300,374.5,0.0,0.0,0.0,18,371.0,376.0,6,368.0,374.5,374.5,374.5,6.0,2247.0,72
2023-05-10 21:35:56,OI311C8300,OI311C8300,374.5,0.0,0.0,0.0,18,371.0,376.0,12,368.0,374.5,374.5,374.5,6.0,2247.0,72
2023-05-10 21:35:56,OI311C8300,OI311C8300,374.5,0.0,0.0,0.0,18,371.0,376.0,6,368.0,374.5,374.5,374.5,6.0,2247.0,72
2023-05-10 21:35:59,OI311C8300,OI311C8300,374.5,0.0,0.0,0.0,24,371.0,376.0,6,368.0,374.5,374.5,374.5,6.0,2247.0,72
2023-05-10 21:36:00,OI311C8300,OI311C8300,374.5,0.0,0.0,0.0,18,371.0,376.5,6,368.0,374.5,374.5,374.5,6.0,2247.0,72
2023-05-10 21:36:01,OI311C8300,OI311C8300,374.5,0.0,0.0,0.0,12,371.5,378.0,6,368.0,374.5,374.5,374.5,6.0,2247.0,72
2023-05-10 21:36:01,OI311C8300,OI311C8300,374.5,0.0,0.0,0.0,6,371.5,377.0,6,368.0,374.5,374.5,374.5,6.0,2247.0,72
2023-05-10 21:36:02,OI311C8300,OI311C8300,374.5,0.0,0.0,0.0,12,371.5,378.0,6,368.0,374.5,374.5,374.5,6.0,2247.0,72
2023-05-10 21:36:02,OI311C8300,OI311C8300,374.5,0.0,0.0,0.0,12,371.5,377.5,6,368.0,374.5,374.5,374.5,6.0,2247.0,72
2023-05-10 21:36:02,OI311C8300,OI311C8300,374.5,0.0,0.0,0.0,12,371.5,378.0,6,368.0,374.5,374.5,374.5,6.0,2247.0,72
2023-05-10 21:36:03,OI311C8300,OI311C8300,374.5,0.0,0.0,0.0,12,371.5,378.0,12,368.0,374.5,374.5,374.5,6.0,2247.0,72
2023-05-10 21:36:03,OI311C8300,OI311C8300,374.5,0.0,0.0,0.0,12,371.5,378.0,6,368.0,374.5,374.5,374.5,6.0,2247.0,72
2023-05-10 21:36:04,OI311C8300,OI311C8300,374.5,0.0,0.0,0.0,18,371.5,378.0,12,368.0,374.5,374.5,374.5,6.0,2247.0,72
2023-05-10 21:36:05,OI311C8300,OI311C8300,374.5,0.0,0.0,0.0,24,371.5,378.0,12,368.0,374.5,374.5,374.5,6.0,2247.0,72
2023-05-10 21:36:06,OI311C8300,OI311C8300,374.5,0.0,0.0,0.0,12,371.5,378.0,12,368.0,374.5,374.5,374.5,6.0,2247.0,72
2023-05-10 21:36:11,OI311C8300,OI311C8300,374.5,0.0,0.0,0.0,12,371.5,378.0,6,368.0,374.5,374.5,374.5,6.0,2247.0,72
2023-05-10 21:36:13,OI311C8300,OI311C8300,374.5,0.0,0.0,0.0,18,371.5,378.0,6,368.0,374.5,374.5,374.5,6.0,2247.0,72
2023-05-10 21:36:15,OI311C8300,OI311C8300,374.5,0.0,0.0,0.0,12,371.5,378.0,6,368.0,374.5,374.5,374.5,6.0,2247.0,72
2023-05-10 21:36:21,OI311C8300,OI311C8300,374.5,0.0,0.0,0.0,18,371.5,378.0,6,368.0,374.5,374.5,374.5,6.0,2247.0,72
2023-05-10 21:36:24,OI311C8300,OI311C8300,374.5,0.0,0.0,0.0,24,371.5,378.5,6,368.0,374.5,374.5,374.5,6.0,2247.0,72
2023-05-10 21:36:25,OI311C8300,OI311C8300,374.5,0.0,0.0,0.0,18,373.5,378.5,6,368.0,374.5,374.5,374.5,6.0,2247.0,72
2023-05-10 21:36:25,OI311C8300,OI311C8300,374.5,0.0,0.0,0.0,24,373.5,379.5,12,368.0,374.5,374.5,374.5,6.0,2247.0,72
2023-05-10 21:36:25,OI311C8300,OI311C8300,374.5,0.0,0.0,0.0,24,373.5,379.0,6,368.0,374.5,374.5,374.5,6.0,2247.0,72
2023-05-10 21:36:26,OI311C8300,OI311C8300,374.5,0.0,0.0,0.0,24,373.5,379.5,6,368.0,374.5,374.5,374.5,6.0,2247.0,72
2023-05-10 21:36:26,OI311C8300,OI311C8300,374.5,0.0,0.0,0.0,24,373.5,379.5,12,368.0,374.5,374.5,374.5,6.0,2247.0,72
2023-05-10 21:36:27,OI311C8300,OI311C8300,374.5,0.0,0.0,0.0,24,373.5,380.0,12,368.0,374.5,374.5,374.5,6.0,2247.0,72
2023-05-10 21:36:28,OI311C8300,OI311C8300,374.5,0.0,0.0,0.0,12,373.5,379.0,6,368.0,374.5,374.5,374.5,6.0,2247.0,72
2023-05-10 21:36:29,OI311C8300,OI311C8300,374.5,0.0,0.0,0.0,12,373.5,379.0,12,368.0,374.5,374.5,374.5,6.0,2247.0,72
2023-05-10 21:36:32,OI311C8300,OI311C8300,374.5,0.0,0.0,0.0,18,373.5,379.5,18,368.0,374.5,374.5,374.5,6.0,2247.0,72
2023-05-10 21:36:32,OI311C8300,OI311C8300,374.5,0.0,0.0,0.0,18,373.5,379.5,12,368.0,374.5,374.5,374.5,6.0,2247.0,72
2023-05-10 21:36:33,OI311C8300,OI311C8300,374.5,0.0,0.0,0.0,24,373.5,380.0,24,368.0,374.5,374.5,374.5,6.0,2247.0,72
2023-05-10 21:36:33,OI311C8300,OI311C8300,374.5,0.0,0.0,0.0,24,373.5,380.0,18,368.0,374.5,374.5,374.5,6.0,2247.0,72
2023-05-10 21:36:34,OI311C8300,OI311C8300,374.5,0.0,0.0,0.0,24,373.5,380.0,12,368.0,374.5,374.5,374.5,6.0,2247.0,72
2023-05-10 21:36:39,OI311C8300,OI311C8300,374.5,0.0,0.0,0.0,18,373.5,380.0,12,368.0,374.5,374.5,374.5,6.0,2247.0,72
2023-05-10 21:36:45,OI311C8300,OI311C8300,374.5,0.0,0.0,0.0,30,373.5,380.0,12,368.0,374.5,374.5,374.5,6.0,2247.0,72
2023-05-10 21:36:45,OI311C8300,OI311C8300,374.5,0.0,0.0,0.0,30,373.5,380.0,6,368.0,374.5,374.5,374.5,6.0,2247.0,72
2023-05-10 21:36:46,OI311C8300,OI311C8300,374.5,0.0,0.0,0.0,30,373.5,380.5,6,368.0,374.5,374.5,374.5,6.0,2247.0,72
2023-05-10 21:36:46,OI311C8300,OI311C8300,374.5,0.0,0.0,0.0,36,373.5,381.5,12,368.0,374.5,374.5,374.5,6.0,2247.0,72
2023-05-10 21:36:58,OI311C8300,OI311C8300,374.5,0.0,0.0,0.0,6,375.5,381.5,12,368.0,374.5,374.5,374.5,6.0,2247.0,72
2023-05-10 21:36:58,OI311C8300,OI311C8300,374.5,0.0,0.0,0.0,18,375.5,382.0,18,368.0,374.5,374.5,374.5,6.0,2247.0,72
2023-05-10 21:36:58,OI311C8300,OI311C8300,374.5,0.0,0.0,0.0,12,375.5,382.0,18,368.0,374.5,374.5,374.5,6.0,2247.0,72
2023-05-10 21:36:59,OI311C8300,OI311C8300,374.5,0.0,0.0,0.0,18,375.5,382.0,12,368.0,374.5,374.5,374.5,6.0,2247.0,72
2023-05-10 21:37:06,OI311C8300,OI311C8300,374.5,0.0,0.0,0.0,24,375.5,382.0,12,368.0,374.5,374.5,374.5,6.0,2247.0,72
2023-05-10 21:37:11,OI311C8300,OI311C8300,374.5,0.0,0.0,0.0,30,375.5,382.5,30,368.0,374.5,374.5,374.5,6.0,2247.0,72
2023-05-10 21:37:11,OI311C8300,OI311C8300,374.5,0.0,0.0,0.0,24,375.5,382.5,24,368.0,374.5,374.5,374.5,6.0,2247.0,72
2023-05-10 21:37:13,OI311C8300,OI311C8300,374.5,0.0,0.0,0.0,24,375.5,382.5,18,368.0,374.5,374.5,374.5,6.0,2247.0,72
2023-05-10 21:37:13,OI311C8300,OI311C8300,374.5,0.0,0.0,0.0,18,375.5,382.5,18,368.0,374.5,374.5,374.5,6.0,2247.0,72
2023-05-10 21:37:15,OI311C8300,OI311C8300,374.5,0.0,0.0,0.0,24,375.5,382.5,18,368.0,374.5,374.5,374.5,6.0,2247.0,72
2023-05-10 21:37:16,OI311C8300,OI311C8300,374.5,0.0,0.0,0.0,18,375.5,382.5,24,368.0,374.5,374.5,374.5,6.0,2247.0,72
2023-05-10 21:37:26,OI311C8300,OI311C8300,374.5,0.0,0.0,0.0,24,375.5,382.5,24,368.0,374.5,374.5,374.5,6.0,2247.0,72
2023-05-10 21:37:38,OI311C8300,OI311C8300,374.5,0.0,0.0,0.0,24,375.5,382.5,18,368.0,374.5,374.5,374.5,6.0,2247.0,72
2023-05-10 21:37:39,OI311C8300,OI311C8300,374.5,0.0,0.0,0.0,24,375.5,382.5,12,368.0,374.5,374.5,374.5,6.0,2247.0,72
2023-05-10 21:37:39,OI311C8300,OI311C8300,374.5,0.0,0.0,0.0,18,375.5,382.5,12,368.0,374.5,374.5,374.5,6.0,2247.0,72
2023-05-10 21:37:43,OI311C8300,OI311C8300,374.5,0.0,0.0,0.0,24,375.5,382.5,12,368.0,374.5,374.5,374.5,6.0,2247.0,72
2023-05-10 21:37:44,OI311C8300,OI311C8300,374.5,0.0,0.0,0.0,24,375.5,382.5,18,368.0,374.5,374.5,374.5,6.0,2247.0,72
2023-05-10 21:37:46,OI311C8300,OI311C8300,374.5,0.0,0.0,0.0,18,375.5,382.5,30,368.0,374.5,374.5,374.5,6.0,2247.0,72
2023-05-10 21:37:51,OI311C8300,OI311C8300,374.5,0.0,0.0,0.0,12,375.5,382.5,36,368.0,374.5,374.5,374.5,6.0,2247.0,72
2023-05-10 21:37:53,OI311C8300,OI311C8300,374.5,0.0,0.0,0.0,18,375.5,382.5,30,368.0,374.5,374.5,374.5,6.0,2247.0,72
2023-05-10 21:37:55,OI311C8300,OI311C8300,374.5,0.0,0.0,0.0,12,375.5,382.5,36,368.0,374.5,374.5,374.5,6.0,2247.0,72
2023-05-10 21:37:56,OI311C8300,OI311C8300,374.5,0.0,0.0,0.0,6,375.5,382.5,42,368.0,374.5,374.5,374.5,6.0,2247.0,72
2023-05-10 21:37:57,OI311C8300,OI311C8300,374.5,0.0,0.0,0.0,6,375.5,382.5,36,368.0,374.5,374.5,374.5,6.0,2247.0,72
2023-05-10 21:37:58,OI311C8300,OI311C8300,374.5,0.0,0.0,0.0,12,375.5,382.5,36,368.0,374.5,374.5,374.5,6.0,2247.0,72
2023-05-10 21:37:59,OI311C8300,OI311C8300,374.5,0.0,0.0,0.0,6,375.5,382.5,36,368.0,374.5,374.5,374.5,6.0,2247.0,72
2023-05-10 21:38:01,OI311C8300,OI311C8300,374.5,0.0,0.0,0.0,6,375.5,382.0,12,368.0,374.5,374.5,374.5,6.0,2247.0,72
2023-05-10 21:38:05,OI311C8300,OI311C8300,374.5,0.0,0.0,0.0,6,375.0,381.0,18,368.0,374.5,374.5,374.5,6.0,2247.0,72
2023-05-10 21:38:05,OI311C8300,OI311C8300,374.5,0.0,0.0,0.0,6,375.0,381.0,24,368.0,374.5,374.5,374.5,6.0,2247.0,72
2023-05-10 21:38:06,OI311C8300,OI311C8300,374.5,0.0,0.0,0.0,6,374.5,381.0,18,368.0,374.5,374.5,374.5,6.0,2247.0,72
2023-05-10 21:38:06,OI311C8300,OI311C8300,374.5,0.0,0.0,0.0,12,374.5,381.0,18,368.0,374.5,374.5,374.5,6.0,2247.0,72
2023-05-10 21:38:07,OI311C8300,OI311C8300,374.5,0.0,0.0,0.0,6,374.0,381.0,24,368.0,374.5,374.5,374.5,6.0,2247.0,72
2023-05-10 21:38:08,OI311C8300,OI311C8300,374.5,0.0,0.0,0.0,18,373.5,381.0,24,368.0,374.5,374.5,374.5,6.0,2247.0,72
2023-05-10 21:38:08,OI311C8300,OI311C8300,374.5,0.0,0.0,0.0,24,373.5,381.0,36,368.0,374.5,374.5,374.5,6.0,2247.0,72
2023-05-10 21:38:09,OI311C8300,OI311C8300,374.5,0.0,0.0,0.0,12,373.5,380.0,12,368.0,374.5,374.5,374.5,6.0,2247.0,72
2023-05-10 21:38:09,OI311C8300,OI311C8300,374.5,0.0,0.0,0.0,12,373.5,380.0,18,368.0,374.5,374.5,374.5,6.0,2247.0,72
2023-05-10 21:38:10,OI311C8300,OI311C8300,374.5,0.0,0.0,0.0,6,373.5,379.0,6,368.0,374.5,374.5,374.5,6.0,2247.0,72
2023-05-10 21:38:10,OI311C8300,OI311C8300,374.5,0.0,0.0,0.0,6,373.5,379.0,12,368.0,374.5,374.5,374.5,6.0,2247.0,72
2023-05-10 21:38:14,OI311C8300,OI311C8300,374.5,0.0,0.0,0.0,6,373.5,379.0,18,368.0,374.5,374.5,374.5,6.0,2247.0,72
2023-05-10 21:38:15,OI311C8300,OI311C8300,374.5,0.0,0.0,0.0,6,373.5,379.0,24,368.0,374.5,374.5,374.5,6.0,2247.0,72
2023-05-10 21:38:16,OI311C8300,OI311C8300,374.5,0.0,0.0,0.0,6,373.5,379.0,30,368.0,374.5,374.5,374.5,6.0,2247.0,72
2023-05-10 21:38:19,OI311C8300,OI311C8300,374.5,0.0,0.0,0.0,12,373.0,379.0,30,368.0,374.5,374.5,374.5,6.0,2247.0,72
2023-05-10 21:38:19,OI311C8300,OI311C8300,374.5,0.0,0.0,0.0,6,373.0,379.0,30,368.0,374.5,374.5,374.5,6.0,2247.0,72
2023-05-10 21:38:20,OI311C8300,OI311C8300,374.5,0.0,0.0,0.0,12,372.5,379.0,30,368.0,374.5,374.5,374.5,6.0,2247.0,72
2023-05-10 21:38:20,OI311C8300,OI311C8300,374.5,0.0,0.0,0.0,6,372.5,379.0,36,368.0,374.5,374.5,374.5,6.0,2247.0,72
2023-05-10 21:38:21,OI311C8300,OI311C8300,374.5,0.0,0.0,0.0,12,372.5,379.0,30,368.0,374.5,374.5,374.5,6.0,2247.0,72
2023-05-10 21:38:21,OI311C8300,OI311C8300,374.5,0.0,0.0,0.0,6,372.5,379.0,30,368.0,374.5,374.5,374.5,6.0,2247.0,72
2023-05-10 21:38:22,OI311C8300,OI311C8300,374.5,0.0,0.0,0.0,12,372.0,379.0,30,368.0,374.5,374.5,374.5,6.0,2247.0,72
2023-05-10 21:38:24,OI311C8300,OI311C8300,374.5,0.0,0.0,0.0,18,371.5,379.0,24,368.0,374.5,374.5,374.5,6.0,2247.0,72
2023-05-10 21:38:24,OI311C8300,OI311C8300,374.5,0.0,0.0,0.0,24,371.5,379.0,18,368.0,374.5,374.5,374.5,6.0,2247.0,72
2023-05-10 21:38:24,OI311C8300,OI311C8300,374.5,0.0,0.0,0.0,18,371.5,379.0,18,368.0,374.5,374.5,374.5,6.0,2247.0,72
2023-05-10 21:38:27,OI311C8300,OI311C8300,374.5,0.0,0.0,0.0,18,371.5,379.0,24,368.0,374.5,374.5,374.5,6.0,2247.0,72
2023-05-10 21:38:32,OI311C8300,OI311C8300,374.5,0.0,0.0,0.0,18,371.5,379.0,18,368.0,374.5,374.5,374.5,6.0,2247.0,72
2023-05-10 21:38:36,OI311C8300,OI311C8300,374.5,0.0,0.0,0.0,6,372.0,379.0,18,368.0,374.5,374.5,374.5,6.0,2247.0,72
2023-05-10 21:38:36,OI311C8300,OI311C8300,374.5,0.0,0.0,0.0,12,372.0,379.0,18,368.0,374.5,374.5,374.5,6.0,2247.0,72
2023-05-10 21:38:40,OI311C8300,OI311C8300,374.5,0.0,0.0,0.0,12,372.0,379.0,24,368.0,374.5,374.5,374.5,6.0,2247.0,72
2023-05-10 21:38:47,OI311C8300,OI311C8300,374.5,0.0,0.0,0.0,18,372.0,379.0,24,368.0,374.5,374.5,374.5,6.0,2247.0,72
2023-05-10 21:38:49,OI311C8300,OI311C8300,374.5,0.0,0.0,0.0,12,372.0,379.0,24,368.0,374.5,374.5,374.5,6.0,2247.0,72
2023-05-10 21:38:53,OI311C8300,OI311C8300,374.5,0.0,0.0,0.0,12,373.0,379.0,18,368.0,374.5,374.5,374.5,6.0,2247.0,72
2023-05-10 21:38:55,OI311C8300,OI311C8300,374.5,0.0,0.0,0.0,18,373.0,379.0,18,368.0,374.5,374.5,374.5,6.0,2247.0,72
2023-05-10 21:39:04,OI311C8300,OI311C8300,374.5,0.0,0.0,0.0,12,373.0,379.0,30,368.0,374.5,374.5,374.5,6.0,2247.0,72
2023-05-10 21:39:05,OI311C8300,OI311C8300,374.5,0.0,0.0,0.0,6,373.0,378.0,18,368.0,374.5,374.5,374.5,6.0,2247.0,72
2023-05-10 21:39:06,OI311C8300,OI311C8300,374.5,0.0,0.0,0.0,12,373.0,378.0,18,368.0,374.5,374.5,374.5,6.0,2247.0,72
2023-05-10 21:39:08,OI311C8300,OI311C8300,374.5,0.0,0.0,0.0,6,373.0,378.0,18,368.0,374.5,374.5,374.5,6.0,2247.0,72
2023-05-10 21:39:09,OI311C8300,OI311C8300,374.5,0.0,0.0,0.0,6,373.0,378.0,12,368.0,374.5,374.5,374.5,6.0,2247.0,72
2023-05-10 21:39:09,OI311C8300,OI311C8300,374.5,0.0,0.0,0.0,12,373.0,378.0,12,368.0,374.5,374.5,374.5,6.0,2247.0,72
2023-05-10 21:39:10,OI311C8300,OI311C8300,374.5,0.0,0.0,0.0,12,373.0,378.0,18,368.0,374.5,374.5,374.5,6.0,2247.0,72
2023-05-10 21:39:14,OI311C8300,OI311C8300,374.5,0.0,0.0,0.0,12,373.0,378.0,12,368.0,374.5,374.5,374.5,6.0,2247.0,72
2023-05-10 21:39:23,OI311C8300,OI311C8300,374.5,0.0,0.0,0.0,6,373.0,378.0,12,368.0,374.5,374.5,374.5,6.0,2247.0,72
2023-05-10 21:39:24,OI311C8300,OI311C8300,374.5,0.0,0.0,0.0,12,372.5,378.0,18,368.0,374.5,374.5,374.5,6.0,2247.0,72
2023-05-10 21:39:24,OI311C8300,OI311C8300,374.5,0.0,0.0,0.0,6,372.5,378.0,24,368.0,374.5,374.5,374.5,6.0,2247.0,72
2023-05-10 21:39:24,OI311C8300,OI311C8300,374.5,0.0,0.0,0.0,6,372.0,378.0,30,368.0,374.5,374.5,374.5,6.0,2247.0,72
2023-05-10 21:39:25,OI311C8300,OI311C8300,374.5,0.0,0.0,0.0,6,372.0,377.0,6,368.0,374.5,374.5,374.5,6.0,2247.0,72
2023-05-10 21:39:25,OI311C8300,OI311C8300,374.5,0.0,0.0,0.0,6,371.5,377.0,12,368.0,374.5,374.5,374.5,6.0,2247.0,72
2023-05-10 21:39:26,OI311C8300,OI311C8300,374.5,0.0,0.0,0.0,18,371.0,377.0,12,368.0,374.5,374.5,374.5,6.0,2247.0,72
2023-05-10 21:39:30,OI311C8300,OI311C8300,374.5,0.0,0.0,0.0,12,371.0,377.0,18,368.0,374.5,374.5,374.5,6.0,2247.0,72
2023-05-10 21:39:31,OI311C8300,OI311C8300,374.5,0.0,0.0,0.0,12,371.0,377.0,24,368.0,374.5,374.5,374.5,6.0,2247.0,72
2023-05-10 21:39:35,OI311C8300,OI311C8300,374.5,0.0,0.0,0.0,18,371.0,377.0,18,368.0,374.5,374.5,374.5,6.0,2247.0,72
2023-05-10 21:39:40,OI311C8300,OI311C8300,374.5,0.0,0.0,0.0,12,371.0,377.0,24,368.0,374.5,374.5,374.5,6.0,2247.0,72
2023-05-10 21:39:42,OI311C8300,OI311C8300,374.5,0.0,0.0,0.0,6,371.0,377.0,24,368.0,374.5,374.5,374.5,6.0,2247.0,72
2023-05-10 21:39:50,OI311C8300,OI311C8300,374.5,0.0,0.0,0.0,12,371.0,377.0,18,368.0,374.5,374.5,374.5,6.0,2247.0,72
2023-05-10 21:39:51,OI311C8300,OI311C8300,374.5,0.0,0.0,0.0,6,371.0,377.0,24,368.0,374.5,374.5,374.5,6.0,2247.0,72
2023-05-10 21:39:52,OI311C8300,OI311C8300,374.5,0.0,0.0,0.0,6,371.0,377.0,36,368.0,374.5,374.5,374.5,6.0,2247.0,72
2023-05-10 21:39:53,OI311C8300,OI311C8300,374.5,0.0,0.0,0.0,6,371.0,377.0,30,368.0,374.5,374.5,374.5,6.0,2247.0,72
2023-05-10 21:39:55,OI311C8300,OI311C8300,374.5,0.0,0.0,0.0,12,370.5,377.0,36,368.0,374.5,374.5,374.5,6.0,2247.0,72
2023-05-10 21:39:56,OI311C8300,OI311C8300,374.5,0.0,0.0,0.0,6,370.5,376.5,6,368.0,374.5,374.5,374.5,6.0,2247.0,72
2023-05-10 21:39:56,OI311C8300,OI311C8300,374.5,0.0,0.0,0.0,12,370.0,376.5,12,368.0,374.5,374.5,374.5,6.0,2247.0,72
2023-05-10 21:39:57,OI311C8300,OI311C8300,374.5,0.0,0.0,0.0,6,370.0,376.5,24,368.0,374.5,374.5,374.5,6.0,2247.0,72
2023-05-10 21:39:58,OI311C8300,OI311C8300,374.5,0.0,0.0,0.0,12,369.5,376.5,24,368.0,374.5,374.5,374.5,6.0,2247.0,72
2023-05-10 21:39:59,OI311C8300,OI311C8300,374.5,0.0,0.0,0.0,12,369.0,376.5,30,368.0,374.5,374.5,374.5,6.0,2247.0,72
2023-05-10 21:40:00,OI311C8300,OI311C8300,374.5,0.0,0.0,0.0,24,368.5,376.5,24,368.0,374.5,374.5,374.5,6.0,2247.0,72
2023-05-10 21:40:00,OI311C8300,OI311C8300,374.5,0.0,0.0,0.0,24,368.5,376.5,30,368.0,374.5,374.5,374.5,6.0,2247.0,72
2023-05-10 21:40:01,OI311C8300,OI311C8300,374.5,0.0,0.0,0.0,18,368.5,376.5,24,368.0,374.5,374.5,374.5,6.0,2247.0,72
2023-05-10 21:40:02,OI311C8300,OI311C8300,374.5,0.0,0.0,0.0,18,368.5,375.0,6,368.0,374.5,374.5,374.5,6.0,2247.0,72
2023-05-10 21:40:02,OI311C8300,OI311C8300,374.5,0.0,0.0,0.0,12,368.5,375.0,18,368.0,374.5,374.5,374.5,6.0,2247.0,72
2023-05-10 21:40:03,OI311C8300,OI311C8300,374.5,0.0,0.0,0.0,12,368.5,375.0,24,368.0,374.5,374.5,374.5,6.0,2247.0,72
2023-05-10 21:40:04,OI311C8300,OI311C8300,374.5,0.0,0.0,0.0,12,368.5,375.0,18,368.0,374.5,374.5,374.5,6.0,2247.0,72
2023-05-10 21:40:05,OI311C8300,OI311C8300,374.5,0.0,0.0,0.0,18,368.5,375.0,18,368.0,374.5,374.5,374.5,6.0,2247.0,72
2023-05-10 21:40:07,OI311C8300,OI311C8300,374.5,0.0,0.0,0.0,12,368.5,375.0,24,368.0,374.5,374.5,374.5,6.0,2247.0,72
2023-05-10 21:40:13,OI311C8300,OI311C8300,374.5,0.0,0.0,0.0,12,368.5,375.0,18,368.0,374.5,374.5,374.5,6.0,2247.0,72
2023-05-10 21:40:19,OI311C8300,OI311C8300,374.5,0.0,0.0,0.0,18,368.5,375.0,18,368.0,374.5,374.5,374.5,6.0,2247.0,72
2023-05-10 21:40:24,OI311C8300,OI311C8300,374.5,0.0,0.0,0.0,12,368.5,375.0,24,368.0,374.5,374.5,374.5,6.0,2247.0,72
2023-05-10 21:40:34,OI311C8300,OI311C8300,374.5,0.0,0.0,0.0,18,368.5,375.0,18,368.0,374.5,374.5,374.5,6.0,2247.0,72
2023-05-10 21:40:41,OI311C8300,OI311C8300,374.5,0.0,0.0,0.0,18,368.5,375.0,24,368.0,374.5,374.5,374.5,6.0,2247.0,72
2023-05-10 21:40:42,OI311C8300,OI311C8300,374.5,0.0,0.0,0.0,12,368.5,375.0,24,368.0,374.5,374.5,374.5,6.0,2247.0,72
2023-05-10 21:40:47,OI311C8300,OI311C8300,374.5,0.0,0.0,0.0,24,368.0,375.0,24,368.0,374.5,374.5,374.5,6.0,2247.0,72
2023-05-10 21:40:48,OI311C8300,OI311C8300,374.5,0.0,0.0,0.0,18,368.0,375.0,24,368.0,374.5,374.5,374.5,6.0,2247.0,72
2023-05-10 21:40:50,OI311C8300,OI311C8300,374.5,0.0,0.0,0.0,12,368.0,375.0,24,368.0,374.5,374.5,374.5,6.0,2247.0,72
2023-05-10 21:40:58,OI311C8300,OI311C8300,374.5,0.0,0.0,0.0,18,368.0,375.0,24,368.0,374.5,374.5,374.5,6.0,2247.0,72
2023-05-10 21:41:01,OI311C8300,OI311C8300,374.5,0.0,0.0,0.0,12,368.0,375.0,24,368.0,374.5,374.5,374.5,6.0,2247.0,72
2023-05-10 21:41:09,OI311C8300,OI311C8300,374.5,0.0,0.0,0.0,32,367.5,375.0,18,368.0,374.5,374.5,374.5,6.0,2247.0,72
2023-05-10 21:41:09,OI311C8300,OI311C8300,374.5,0.0,0.0,0.0,26,367.5,375.0,18,368.0,374.5,374.5,374.5,6.0,2247.0,72
2023-05-10 21:41:15,OI311C8300,OI311C8300,374.5,0.0,0.0,0.0,20,367.5,375.0,18,368.0,374.5,374.5,374.5,6.0,2247.0,72
2023-05-10 21:41:17,OI311C8300,OI311C8300,374.5,0.0,0.0,0.0,26,367.5,375.0,18,368.0,374.5,374.5,374.5,6.0,2247.0,72
2023-05-10 21:41:28,OI311C8300,OI311C8300,374.5,0.0,0.0,0.0,14,367.5,374.0,14,368.0,374.5,374.5,374.5,6.0,2247.0,72
2023-05-10 21:41:30,OI311C8300,OI311C8300,374.5,0.0,0.0,0.0,2,367.5,374.0,26,368.0,374.5,374.5,374.5,6.0,2247.0,72
2023-05-10 21:41:30,OI311C8300,OI311C8300,374.5,0.0,0.0,0.0,2,367.5,374.0,32,368.0,374.5,374.5,374.5,6.0,2247.0,72
2023-05-10 21:41:42,OI311C8300,OI311C8300,374.5,0.0,0.0,0.0,6,367.0,374.0,32,368.0,374.5,374.5,374.5,6.0,2247.0,72
2023-05-10 21:41:43,OI311C8300,OI311C8300,374.5,0.0,0.0,0.0,6,367.0,374.0,38,368.0,374.5,374.5,374.5,6.0,2247.0,72
2023-05-10 21:41:43,OI311C8300,OI311C8300,374.5,0.0,0.0,0.0,12,366.5,374.0,38,368.0,374.5,374.5,374.5,6.0,2247.0,72
2023-05-10 21:41:43,OI311C8300,OI311C8300,374.5,0.0,0.0,0.0,18,366.5,374.0,38,368.0,374.5,374.5,374.5,6.0,2247.0,72
2023-05-10 21:41:44,OI311C8300,OI311C8300,374.5,0.0,0.0,0.0,6,366.5,374.0,38,368.0,374.5,374.5,374.5,6.0,2247.0,72
2023-05-10 21:41:45,OI311C8300,OI311C8300,374.5,0.0,0.0,0.0,18,366.0,374.0,38,368.0,374.5,374.5,374.5,6.0,2247.0,72
2023-05-10 21:41:46,OI311C8300,OI311C8300,374.5,0.0,0.0,0.0,12,366.0,374.0,38,368.0,374.5,374.5,374.5,6.0,2247.0,72
2023-05-10 21:41:50,OI311C8300,OI311C8300,374.5,0.0,0.0,0.0,18,366.0,374.0,38,368.0,374.5,374.5,374.5,6.0,2247.0,72
2023-05-10 21:41:50,OI311C8300,OI311C8300,374.5,0.0,0.0,0.0,24,366.0,374.0,32,368.0,374.5,374.5,374.5,6.0,2247.0,72
2023-05-10 21:41:53,OI311C8300,OI311C8300,374.5,0.0,0.0,0.0,30,366.0,374.0,32,368.0,374.5,374.5,374.5,6.0,2247.0,72
2023-05-10 21:42:00,OI311C8300,OI311C8300,374.5,0.0,0.0,0.0,24,366.0,374.0,32,368.0,374.5,374.5,374.5,6.0,2247.0,72
2023-05-10 21:42:02,OI311C8300,OI311C8300,374.5,0.0,0.0,0.0,24,366.0,372.5,6,368.0,374.5,374.5,374.5,6.0,2247.0,72
2023-05-10 21:42:02,OI311C8300,OI311C8300,374.5,0.0,0.0,0.0,18,366.0,372.5,18,368.0,374.5,374.5,374.5,6.0,2247.0,72
2023-05-10 21:42:13,OI311C8300,OI311C8300,374.5,0.0,0.0,0.0,12,366.0,372.5,30,368.0,374.5,374.5,374.5,6.0,2247.0,72
2023-05-10 21:42:17,OI311C8300,OI311C8300,374.5,0.0,0.0,0.0,24,365.5,372.5,36,368.0,374.5,374.5,374.5,6.0,2247.0,72
2023-05-10 21:42:18,OI311C8300,OI311C8300,374.5,0.0,0.0,0.0,12,365.5,372.5,42,368.0,374.5,374.5,374.5,6.0,2247.0,72
2023-05-10 21:42:18,OI311C8300,OI311C8300,374.5,0.0,0.0,0.0,26,365.0,372.5,42,368.0,374.5,374.5,374.5,6.0,2247.0,72
2023-05-10 21:42:18,OI311C8300,OI311C8300,374.5,0.0,0.0,0.0,20,365.0,372.5,42,368.0,374.5,374.5,374.5,6.0,2247.0,72
2023-05-10 21:42:19,OI311C8300,OI311C8300,374.5,0.0,0.0,0.0,14,365.0,372.5,42,368.0,374.5,374.5,374.5,6.0,2247.0,72
2023-05-10 21:42:19,OI311C8300,OI311C8300,374.5,0.0,0.0,0.0,14,365.0,372.0,2,368.0,374.5,374.5,374.5,6.0,2247.0,72
2023-05-10 21:42:23,OI311C8300,OI311C8300,374.5,0.0,0.0,0.0,2,365.0,372.0,14,368.0,374.5,374.5,374.5,6.0,2247.0,72
2023-05-10 21:42:23,OI311C8300,OI311C8300,374.5,0.0,0.0,0.0,2,365.0,372.0,20,368.0,374.5,374.5,374.5,6.0,2247.0,72
2023-05-10 21:42:25,OI311C8300,OI311C8300,374.5,0.0,0.0,0.0,2,365.0,372.0,14,368.0,374.5,374.5,374.5,6.0,2247.0,72
2023-05-10 21:42:26,OI311C8300,OI311C8300,374.5,0.0,0.0,0.0,2,365.0,372.0,20,368.0,374.5,374.5,374.5,6.0,2247.0,72
2023-05-10 21:42:34,OI311C8300,OI311C8300,374.5,0.0,0.0,0.0,2,365.0,372.0,26,368.0,374.5,374.5,374.5,6.0,2247.0,72
2023-05-10 21:42:37,OI311C8300,OI311C8300,374.5,0.0,0.0,0.0,2,365.0,372.0,20,368.0,374.5,374.5,374.5,6.0,2247.0,72
2023-05-10 21:42:42,OI311C8300,OI311C8300,374.5,0.0,0.0,0.0,2,365.0,372.0,26,368.0,374.5,374.5,374.5,6.0,2247.0,72
2023-05-10 21:42:49,OI311C8300,OI311C8300,374.5,0.0,0.0,0.0,12,364.5,370.0,2,368.0,374.5,374.5,374.5,6.0,2247.0,72
2023-05-10 21:42:50,OI311C8300,OI311C8300,374.5,0.0,0.0,0.0,6,364.5,370.0,26,368.0,374.5,374.5,374.5,6.0,2247.0,72
2023-05-10 21:42:50,OI311C8300,OI311C8300,374.5,0.0,0.0,0.0,6,364.0,370.0,26,368.0,374.5,374.5,374.5,6.0,2247.0,72
2023-05-10 21:42:51,OI311C8300,OI311C8300,374.5,0.0,0.0,0.0,18,363.0,370.0,26,368.0,374.5,374.5,374.5,6.0,2247.0,72
2023-05-10 21:42:52,OI311C8300,OI311C8300,374.5,0.0,0.0,0.0,6,363.5,370.0,26,368.0,374.5,374.5,374.5,6.0,2247.0,72
2023-05-10 21:42:52,OI311C8300,OI311C8300,374.5,0.0,0.0,0.0,18,363.0,370.0,20,368.0,374.5,374.5,374.5,6.0,2247.0,72
2023-05-10 21:42:53,OI311C8300,OI311C8300,374.5,0.0,0.0,0.0,24,363.0,370.0,20,368.0,374.5,374.5,374.5,6.0,2247.0,72
2023-05-10 21:42:53,OI311C8300,OI311C8300,374.5,0.0,0.0,0.0,18,363.0,370.0,20,368.0,374.5,374.5,374.5,6.0,2247.0,72
2023-05-10 21:43:07,OI311C8300,OI311C8300,374.5,0.0,0.0,0.0,12,363.0,370.0,20,368.0,374.5,374.5,374.5,6.0,2247.0,72
2023-05-10 21:43:08,OI311C8300,OI311C8300,374.5,0.0,0.0,0.0,6,363.0,370.0,26,368.0,374.5,374.5,374.5,6.0,2247.0,72
2023-05-10 21:43:09,OI311C8300,OI311C8300,374.5,0.0,0.0,0.0,24,362.5,370.0,26,368.0,374.5,374.5,374.5,6.0,2247.0,72
2023-05-10 21:43:10,OI311C8300,OI311C8300,374.5,0.0,0.0,0.0,12,362.5,370.0,26,368.0,374.5,374.5,374.5,6.0,2247.0,72
2023-05-10 21:43:17,OI311C8300,OI311C8300,374.5,0.0,0.0,0.0,18,362.5,370.0,14,368.0,374.5,374.5,374.5,6.0,2247.0,72
2023-05-10 21:43:21,OI311C8300,OI311C8300,374.5,0.0,0.0,0.0,18,362.5,370.0,20,368.0,374.5,374.5,374.5,6.0,2247.0,72
2023-05-10 21:43:31,OI311C8300,OI311C8300,374.5,0.0,0.0,0.0,12,362.5,370.0,20,368.0,374.5,374.5,374.5,6.0,2247.0,72
2023-05-10 21:43:31,OI311C8300,OI311C8300,374.5,0.0,0.0,0.0,8,362.0,368.5,36,368.0,374.5,374.5,374.5,6.0,2247.0,72
2023-05-10 21:43:32,OI311C8300,OI311C8300,374.5,0.0,0.0,0.0,2,362.0,368.5,36,368.0,374.5,374.5,374.5,6.0,2247.0,72
2023-05-10 21:43:33,OI311C8300,OI311C8300,374.5,0.0,0.0,0.0,2,362.0,368.5,42,368.0,374.5,374.5,374.5,6.0,2247.0,72
2023-05-10 21:43:34,OI311C8300,OI311C8300,374.5,0.0,0.0,0.0,2,362.0,368.5,36,368.0,374.5,374.5,374.5,6.0,2247.0,72
2023-05-10 21:43:35,OI311C8300,OI311C8300,374.5,0.0,0.0,0.0,2,362.0,368.5,42,368.0,374.5,374.5,374.5,6.0,2247.0,72
2023-05-10 21:43:36,OI311C8300,OI311C8300,374.5,0.0,0.0,0.0,2,362.0,368.5,36,368.0,374.5,374.5,374.5,6.0,2247.0,72
2023-05-10 21:43:37,OI311C8300,OI311C8300,374.5,0.0,0.0,0.0,20,362.0,368.5,30,368.0,374.5,374.5,374.5,6.0,2247.0,72
2023-05-10 21:43:38,OI311C8300,OI311C8300,374.5,0.0,0.0,0.0,20,362.0,368.5,24,368.0,374.5,374.5,374.5,6.0,2247.0,72
2023-05-10 21:43:39,OI311C8300,OI311C8300,374.5,0.0,0.0,0.0,2,362.0,368.5,42,368.0,374.5,374.5,374.5,6.0,2247.0,72
2023-05-10 21:43:39,OI311C8300,OI311C8300,374.5,0.0,0.0,0.0,2,362.0,368.0,2,368.0,374.5,374.5,374.5,6.0,2247.0,72
2023-05-10 21:43:41,OI311C8300,OI311C8300,374.5,0.0,0.0,0.0,2,362.0,368.0,8,368.0,374.5,374.5,374.5,6.0,2247.0,72
2023-05-10 21:43:42,OI311C8300,OI311C8300,374.5,0.0,0.0,0.0,2,362.0,368.0,14,368.0,374.5,374.5,374.5,6.0,2247.0,72
2023-05-10 21:43:44,OI311C8300,OI311C8300,374.5,0.0,0.0,0.0,2,362.0,368.0,8,368.0,374.5,374.5,374.5,6.0,2247.0,72
2023-05-10 21:43:44,OI311C8300,OI311C8300,374.5,0.0,0.0,0.0,2,362.0,368.0,14,368.0,374.5,374.5,374.5,6.0,2247.0,72
2023-05-10 21:43:49,OI311C8300,OI311C8300,374.5,0.0,0.0,0.0,2,362.0,368.0,20,368.0,374.5,374.5,374.5,6.0,2247.0,72
2023-05-10 21:43:49,OI311C8300,OI311C8300,374.5,0.0,0.0,0.0,2,362.0,368.0,14,368.0,374.5,374.5,374.5,6.0,2247.0,72
2023-05-10 21:44:03,OI311C8300,OI311C8300,374.5,0.0,0.0,0.0,8,362.0,368.0,2,368.0,374.5,374.5,374.5,6.0,2247.0,72
2023-05-10 21:44:06,OI311C8300,OI311C8300,374.5,0.0,0.0,0.0,14,362.0,368.0,2,368.0,374.5,374.5,374.5,6.0,2247.0,72
2023-05-10 21:44:10,OI311C8300,OI311C8300,374.5,0.0,0.0,0.0,20,362.0,368.0,2,368.0,374.5,374.5,374.5,6.0,2247.0,72
2023-05-10 21:44:11,OI311C8300,OI311C8300,374.5,0.0,0.0,0.0,26,362.0,368.0,2,368.0,374.5,374.5,374.5,6.0,2247.0,72
2023-05-10 21:44:11,OI311C8300,OI311C8300,374.5,0.0,0.0,0.0,26,362.0,368.5,6,368.0,374.5,374.5,374.5,6.0,2247.0,72
2023-05-10 21:44:12,OI311C8300,OI311C8300,374.5,0.0,0.0,0.0,26,362.0,370.0,14,368.0,374.5,374.5,374.5,6.0,2247.0,72
2023-05-10 21:44:13,OI311C8300,OI311C8300,374.5,0.0,0.0,0.0,26,362.0,369.0,12,368.0,374.5,374.5,374.5,6.0,2247.0,72
2023-05-10 21:44:13,OI311C8300,OI311C8300,374.5,0.0,0.0,0.0,26,362.0,369.5,12,368.0,374.5,374.5,374.5,6.0,2247.0,72
2023-05-10 21:44:14,OI311C8300,OI311C8300,374.5,0.0,0.0,0.0,26,362.0,369.5,18,368.0,374.5,374.5,374.5,6.0,2247.0,72
2023-05-10 21:44:14,OI311C8300,OI311C8300,374.5,0.0,0.0,0.0,32,362.0,369.5,12,368.0,374.5,374.5,374.5,6.0,2247.0,72
2023-05-10 21:44:15,OI311C8300,OI311C8300,374.5,0.0,0.0,0.0,26,362.0,369.5,6,368.0,374.5,374.5,374.5,6.0,2247.0,72
2023-05-10 21:44:15,OI311C8300,OI311C8300,374.5,0.0,0.0,0.0,2,364.0,370.0,14,368.0,374.5,374.5,374.5,6.0,2247.0,72
2023-05-10 21:44:16,OI311C8300,OI311C8300,374.5,0.0,0.0,0.0,14,364.0,370.0,14,368.0,374.5,374.5,374.5,6.0,2247.0,72
2023-05-10 21:44:16,OI311C8300,OI311C8300,374.5,0.0,0.0,0.0,14,364.0,370.0,8,368.0,374.5,374.5,374.5,6.0,2247.0,72
2023-05-10 21:44:17,OI311C8300,OI311C8300,374.5,0.0,0.0,0.0,20,364.0,370.0,8,368.0,374.5,374.5,374.5,6.0,2247.0,72
2023-05-10 21:44:17,OI311C8300,OI311C8300,374.5,0.0,0.0,0.0,26,364.0,370.0,2,368.0,374.5,374.5,374.5,6.0,2247.0,72
2023-05-10 21:44:20,OI311C8300,OI311C8300,374.5,0.0,0.0,0.0,32,364.0,370.0,2,368.0,374.5,374.5,374.5,6.0,2247.0,72
2023-05-10 21:44:25,OI311C8300,OI311C8300,374.5,0.0,0.0,0.0,32,364.0,370.5,12,368.0,374.5,374.5,374.5,6.0,2247.0,72
2023-05-10 21:44:26,OI311C8300,OI311C8300,374.5,0.0,0.0,0.0,6,365.0,370.5,6,368.0,374.5,374.5,374.5,6.0,2247.0,72
2023-05-10 21:44:26,OI311C8300,OI311C8300,374.5,0.0,0.0,0.0,18,365.0,371.0,6,368.0,374.5,374.5,374.5,6.0,2247.0,72
2023-05-10 21:44:27,OI311C8300,OI311C8300,374.5,0.0,0.0,0.0,24,365.0,371.0,6,368.0,374.5,374.5,374.5,6.0,2247.0,72
2023-05-10 21:44:27,OI311C8300,OI311C8300,374.5,0.0,0.0,0.0,24,365.0,371.5,6,368.0,374.5,374.5,374.5,6.0,2247.0,72
2023-05-10 21:44:28,OI311C8300,OI311C8300,374.5,0.0,0.0,0.0,30,365.0,371.5,6,368.0,374.5,374.5,374.5,6.0,2247.0,72
2023-05-10 21:44:28,OI311C8300,OI311C8300,374.5,0.0,0.0,0.0,30,365.0,372.0,12,368.0,374.5,374.5,374.5,6.0,2247.0,72
2023-05-10 21:44:29,OI311C8300,OI311C8300,374.5,0.0,0.0,0.0,2,366.0,372.0,18,368.0,374.5,374.5,374.5,6.0,2247.0,72
2023-05-10 21:44:29,OI311C8300,OI311C8300,374.5,0.0,0.0,0.0,2,366.0,372.0,12,368.0,374.5,374.5,374.5,6.0,2247.0,72
2023-05-10 21:44:31,OI311C8300,OI311C8300,374.5,0.0,0.0,0.0,8,366.0,372.5,24,368.0,374.5,374.5,374.5,6.0,2247.0,72
2023-05-10 21:44:32,OI311C8300,OI311C8300,374.5,0.0,0.0,0.0,8,366.0,372.5,18,368.0,374.5,374.5,374.5,6.0,2247.0,72
2023-05-10 21:44:32,OI311C8300,OI311C8300,374.5,0.0,0.0,0.0,2,366.0,372.5,18,368.0,374.5,374.5,374.5,6.0,2247.0,72
2023-05-10 21:44:33,OI311C8300,OI311C8300,374.5,0.0,0.0,0.0,2,366.0,372.5,12,368.0,374.5,374.5,374.5,6.0,2247.0,72
2023-05-10 21:45:02,OI311C8300,OI311C8300,374.5,0.0,0.0,0.0,8,366.0,372.5,6,368.0,374.5,374.5,374.5,6.0,2247.0,72
2023-05-10 21:45:05,OI311C8300,OI311C8300,374.5,0.0,0.0,0.0,14,366.0,372.5,6,368.0,374.5,374.5,374.5,6.0,2247.0,72
2023-05-10 21:45:10,OI311C8300,OI311C8300,374.5,0.0,0.0,0.0,14,366.0,373.0,18,368.0,374.5,374.5,374.5,6.0,2247.0,72
2023-05-10 21:45:10,OI311C8300,OI311C8300,374.5,0.0,0.0,0.0,14,366.0,373.0,12,368.0,374.5,374.5,374.5,6.0,2247.0,72
2023-05-10 21:45:11,OI311C8300,OI311C8300,374.5,0.0,0.0,0.0,14,366.0,373.5,26,368.0,374.5,374.5,374.5,6.0,2247.0,72
2023-05-10 21:45:11,OI311C8300,OI311C8300,374.5,0.0,0.0,0.0,14,366.0,373.5,20,368.0,374.5,374.5,374.5,6.0,2247.0,72
2023-05-10 21:45:12,OI311C8300,OI311C8300,374.5,0.0,0.0,0.0,14,366.0,373.5,14,368.0,374.5,374.5,374.5,6.0,2247.0,72
2023-05-10 21:45:13,OI311C8300,OI311C8300,374.5,0.0,0.0,0.0,26,366.0,373.5,14,368.0,374.5,374.5,374.5,6.0,2247.0,72
2023-05-10 21:45:14,OI311C8300,OI311C8300,374.5,0.0,0.0,0.0,6,367.0,373.5,8,368.0,374.5,374.5,374.5,6.0,2247.0,72
2023-05-10 21:45:15,OI311C8300,OI311C8300,374.5,0.0,0.0,0.0,8,368.0,373.5,2,368.0,374.5,374.5,374.5,6.0,2247.0,72
2023-05-10 21:45:15,OI311C8300,OI311C8300,374.5,0.0,0.0,0.0,14,368.0,374.0,6,368.0,374.5,374.5,374.5,6.0,2247.0,72
2023-05-10 21:45:16,OI311C8300,OI311C8300,374.5,0.0,0.0,0.0,14,368.0,375.0,12,368.0,374.5,374.5,374.5,6.0,2247.0,72
2023-05-10 21:45:17,OI311C8300,OI311C8300,374.5,0.0,0.0,0.0,14,368.0,374.5,6,368.0,374.5,374.5,374.5,6.0,2247.0,72
2023-05-10 21:45:17,OI311C8300,OI311C8300,374.5,0.0,0.0,0.0,26,368.0,375.5,12,368.0,374.5,374.5,374.5,6.0,2247.0,72
2023-05-10 21:45:18,OI311C8300,OI311C8300,374.5,0.0,0.0,0.0,32,368.0,375.0,6,368.0,374.5,374.5,374.5,6.0,2247.0,72
2023-05-10 21:45:18,OI311C8300,OI311C8300,374.5,0.0,0.0,0.0,26,368.0,376.0,24,368.0,374.5,374.5,374.5,6.0,2247.0,72
2023-05-10 21:45:19,OI311C8300,OI311C8300,374.5,0.0,0.0,0.0,26,368.0,375.5,6,368.0,374.5,374.5,374.5,6.0,2247.0,72
2023-05-10 21:45:19,OI311C8300,OI311C8300,374.5,0.0,0.0,0.0,26,368.0,376.0,18,368.0,374.5,374.5,374.5,6.0,2247.0,72
2023-05-10 21:45:20,OI311C8300,OI311C8300,374.5,0.0,0.0,0.0,26,368.0,376.0,24,368.0,374.5,374.5,374.5,6.0,2247.0,72
2023-05-10 21:45:20,OI311C8300,OI311C8300,374.5,0.0,0.0,0.0,26,368.0,376.0,18,368.0,374.5,374.5,374.5,6.0,2247.0,72
2023-05-10 21:45:22,OI311C8300,OI311C8300,374.5,0.0,0.0,0.0,6,368.5,376.0,18,368.0,374.5,374.5,374.5,6.0,2247.0,72
2023-05-10 21:45:34,OI311C8300,OI311C8300,374.5,0.0,0.0,0.0,12,368.5,376.0,18,368.0,374.5,374.5,374.5,6.0,2247.0,72
2023-05-10 21:45:35,OI311C8300,OI311C8300,374.5,0.0,0.0,0.0,6,368.5,376.0,18,368.0,374.5,374.5,374.5,6.0,2247.0,72
2023-05-10 21:45:36,OI311C8300,OI311C8300,374.5,0.0,0.0,0.0,32,368.0,376.0,18,368.0,374.5,374.5,374.5,6.0,2247.0,72
2023-05-10 21:45:37,OI311C8300,OI311C8300,374.5,0.0,0.0,0.0,26,368.0,376.0,18,368.0,374.5,374.5,374.5,6.0,2247.0,72
2023-05-10 21:45:54,OI311C8300,OI311C8300,374.5,0.0,0.0,0.0,26,368.0,375.5,2,368.0,374.5,374.5,374.5,6.0,2247.0,72
2023-05-10 21:45:59,OI311C8300,OI311C8300,374.5,0.0,0.0,0.0,26,368.0,375.5,8,368.0,374.5,374.5,374.5,6.0,2247.0,72
2023-05-10 21:46:00,OI311C8300,OI311C8300,374.5,0.0,0.0,0.0,20,368.0,375.5,14,368.0,374.5,374.5,374.5,6.0,2247.0,72
2023-05-10 21:46:01,OI311C8300,OI311C8300,374.5,0.0,0.0,0.0,8,368.0,375.0,12,368.0,374.5,374.5,374.5,6.0,2247.0,72
2023-05-10 21:46:02,OI311C8300,OI311C8300,374.5,0.0,0.0,0.0,8,368.0,375.0,18,368.0,374.5,374.5,374.5,6.0,2247.0,72
2023-05-10 21:46:07,OI311C8300,OI311C8300,374.5,0.0,0.0,0.0,20,368.0,375.0,24,368.0,374.5,374.5,374.5,6.0,2247.0,72
2023-05-10 21:46:14,OI311C8300,OI311C8300,374.5,0.0,0.0,0.0,14,368.0,375.0,24,368.0,374.5,374.5,374.5,6.0,2247.0,72
2023-05-10 21:46:15,OI311C8300,OI311C8300,374.5,0.0,0.0,0.0,8,368.0,375.0,24,368.0,374.5,374.5,374.5,6.0,2247.0,72
2023-05-10 21:46:16,OI311C8300,OI311C8300,374.5,0.0,0.0,0.0,2,368.0,374.0,6,368.0,374.5,374.5,374.5,6.0,2247.0,72
2023-05-10 21:46:17,OI311C8300,OI311C8300,374.5,0.0,0.0,0.0,2,368.0,374.0,32,368.0,374.5,374.5,374.5,6.0,2247.0,72
2023-05-10 21:46:17,OI311C8300,OI311C8300,374.5,0.0,0.0,0.0,12,367.5,373.5,18,368.0,374.5,374.5,374.5,6.0,2247.0,72
2023-05-10 21:46:18,OI311C8300,OI311C8300,374.5,0.0,0.0,0.0,6,367.5,373.5,24,368.0,374.5,374.5,374.5,6.0,2247.0,72
2023-05-10 21:46:18,OI311C8300,OI311C8300,374.5,0.0,0.0,0.0,6,367.0,373.5,24,368.0,374.5,374.5,374.5,6.0,2247.0,72
