time,symbol_id,symbol_name,last,trade_volume,trade_amount,open_interest_change,bv1,bp1,ap1,av1,yesterday_close,today_open,today_high,today_low,volume,amount,open_interest
2023-05-10 19:12:58,OI311P8700,OI311P8700,698.5,0.0,0.0,-6.0,0,0.0,0.0,0,698.5,0.0,0.0,0.0,0.0,0.0,41
2023-05-10 20:59:00,OI311P8700,OI311P8700,698.5,0.0,0.0,0.0,1,168.0,0.0,0,698.5,0.0,0.0,0.0,0.0,0.0,41
2023-05-10 21:00:04,OI311P8700,OI311P8700,698.5,0.0,0.0,0.0,2,545.0,873.0,2,698.5,0.0,0.0,0.0,0.0,0.0,41
2023-05-10 21:02:27,OI311P8700,OI311P8700,698.5,0.0,0.0,0.0,12,707.5,736.5,2,698.5,0.0,0.0,0.0,0.0,0.0,41
2023-05-10 21:02:35,OI311P8700,OI311P8700,698.5,0.0,0.0,0.0,6,710.5,736.5,8,698.5,0.0,0.0,0.0,0.0,0.0,41
2023-05-10 21:03:01,OI311P8700,OI311P8700,698.5,0.0,0.0,0.0,6,713.5,736.5,8,698.5,0.0,0.0,0.0,0.0,0.0,41
2023-05-10 21:03:01,OI311P8700,OI311P8700,698.5,0.0,0.0,0.0,12,713.5,736.5,14,698.5,0.0,0.0,0.0,0.0,0.0,41
2023-05-10 21:03:04,OI311P8700,OI311P8700,698.5,0.0,0.0,0.0,6,716.5,736.5,8,698.5,0.0,0.0,0.0,0.0,0.0,41
2023-05-10 21:03:05,OI311P8700,OI311P8700,698.5,0.0,0.0,0.0,12,716.5,736.5,2,698.5,0.0,0.0,0.0,0.0,0.0,41
2023-05-10 21:03:06,OI311P8700,OI311P8700,698.5,0.0,0.0,0.0,6,719.5,742.0,6,698.5,0.0,0.0,0.0,0.0,0.0,41
2023-05-10 21:03:06,OI311P8700,OI311P8700,698.5,0.0,0.0,0.0,6,719.0,749.5,8,698.5,0.0,0.0,0.0,0.0,0.0,41
2023-05-10 21:03:07,OI311P8700,OI311P8700,698.5,0.0,0.0,0.0,12,719.0,749.5,14,698.5,0.0,0.0,0.0,0.0,0.0,41
2023-05-10 21:03:19,OI311P8700,OI311P8700,698.5,0.0,0.0,0.0,12,719.0,746.5,6,698.5,0.0,0.0,0.0,0.0,0.0,41
2023-05-10 21:03:24,OI311P8700,OI311P8700,698.5,0.0,0.0,0.0,12,719.0,749.5,14,698.5,0.0,0.0,0.0,0.0,0.0,41
2023-05-10 21:05:06,OI311P8700,OI311P8700,698.5,0.0,0.0,0.0,12,719.0,745.0,6,698.5,0.0,0.0,0.0,0.0,0.0,41
2023-05-10 21:05:18,OI311P8700,OI311P8700,698.5,0.0,0.0,0.0,12,719.0,742.0,6,698.5,0.0,0.0,0.0,0.0,0.0,41
2023-05-10 21:05:19,OI311P8700,OI311P8700,698.5,0.0,0.0,0.0,6,719.0,742.0,12,698.5,0.0,0.0,0.0,0.0,0.0,41
2023-05-10 21:06:22,OI311P8700,OI311P8700,698.5,0.0,0.0,0.0,6,719.0,739.5,2,698.5,0.0,0.0,0.0,0.0,0.0,41
2023-05-10 21:06:52,OI311P8700,OI311P8700,698.5,0.0,0.0,0.0,12,716.5,739.0,6,698.5,0.0,0.0,0.0,0.0,0.0,41
2023-05-10 21:06:52,OI311P8700,OI311P8700,698.5,0.0,0.0,0.0,6,716.5,739.0,6,698.5,0.0,0.0,0.0,0.0,0.0,41
2023-05-10 21:06:53,OI311P8700,OI311P8700,698.5,0.0,0.0,0.0,12,716.5,739.0,12,698.5,0.0,0.0,0.0,0.0,0.0,41
2023-05-10 21:07:16,OI311P8700,OI311P8700,698.5,0.0,0.0,0.0,6,716.5,739.0,12,698.5,0.0,0.0,0.0,0.0,0.0,41
2023-05-10 21:07:17,OI311P8700,OI311P8700,698.5,0.0,0.0,0.0,2,714.0,736.0,6,698.5,0.0,0.0,0.0,0.0,0.0,41
2023-05-10 21:07:18,OI311P8700,OI311P8700,698.5,0.0,0.0,0.0,2,714.0,736.0,12,698.5,0.0,0.0,0.0,0.0,0.0,41
2023-05-10 21:07:41,OI311P8700,OI311P8700,698.5,0.0,0.0,0.0,6,713.5,736.0,12,698.5,0.0,0.0,0.0,0.0,0.0,41
2023-05-10 21:08:06,OI311P8700,OI311P8700,698.5,0.0,0.0,0.0,6,711.0,732.5,6,698.5,0.0,0.0,0.0,0.0,0.0,41
2023-05-10 21:08:07,OI311P8700,OI311P8700,698.5,0.0,0.0,0.0,2,702.5,729.0,2,698.5,0.0,0.0,0.0,0.0,0.0,41
2023-05-10 21:09:06,OI311P8700,OI311P8700,698.5,0.0,0.0,0.0,14,702.5,729.0,14,698.5,0.0,0.0,0.0,0.0,0.0,41
2023-05-10 21:14:03,OI311P8700,OI311P8700,698.5,0.0,0.0,0.0,14,702.5,726.0,6,698.5,0.0,0.0,0.0,0.0,0.0,41
2023-05-10 21:14:17,OI311P8700,OI311P8700,698.5,0.0,0.0,0.0,8,702.5,723.0,6,698.5,0.0,0.0,0.0,0.0,0.0,41
2023-05-10 21:14:17,OI311P8700,OI311P8700,698.5,0.0,0.0,0.0,2,702.5,723.0,12,698.5,0.0,0.0,0.0,0.0,0.0,41
2023-05-10 21:14:59,OI311P8700,OI311P8700,698.5,0.0,0.0,0.0,6,702.0,720.0,2,698.5,0.0,0.0,0.0,0.0,0.0,41
2023-05-10 21:14:59,OI311P8700,OI311P8700,698.5,0.0,0.0,0.0,12,701.0,720.0,8,698.5,0.0,0.0,0.0,0.0,0.0,41
2023-05-10 21:20:05,OI311P8700,OI311P8700,698.5,0.0,0.0,0.0,6,701.0,720.0,8,698.5,0.0,0.0,0.0,0.0,0.0,41
2023-05-10 21:20:07,OI311P8700,OI311P8700,698.5,0.0,0.0,0.0,6,701.0,720.0,14,698.5,0.0,0.0,0.0,0.0,0.0,41
2023-05-10 21:22:08,OI311P8700,OI311P8700,698.5,0.0,0.0,0.0,6,701.5,720.0,2,698.5,0.0,0.0,0.0,0.0,0.0,41
2023-05-10 21:22:10,OI311P8700,OI311P8700,698.5,0.0,0.0,0.0,12,701.5,720.0,2,698.5,0.0,0.0,0.0,0.0,0.0,41
2023-05-10 21:22:21,OI311P8700,OI311P8700,698.5,0.0,0.0,0.0,12,701.5,723.0,12,698.5,0.0,0.0,0.0,0.0,0.0,41
2023-05-10 21:22:23,OI311P8700,OI311P8700,698.5,0.0,0.0,0.0,12,704.5,725.5,12,698.5,0.0,0.0,0.0,0.0,0.0,41
2023-05-10 21:25:06,OI311P8700,OI311P8700,698.5,0.0,0.0,0.0,6,704.5,722.5,8,698.5,0.0,0.0,0.0,0.0,0.0,41
2023-05-10 21:25:07,OI311P8700,OI311P8700,698.5,0.0,0.0,0.0,8,700.5,722.5,8,698.5,0.0,0.0,0.0,0.0,0.0,41
2023-05-10 21:25:09,OI311P8700,OI311P8700,698.5,0.0,0.0,0.0,14,700.5,722.5,14,698.5,0.0,0.0,0.0,0.0,0.0,41
2023-05-10 21:31:03,OI311P8700,OI311P8700,698.5,0.0,0.0,0.0,8,700.5,722.5,14,698.5,0.0,0.0,0.0,0.0,0.0,41
2023-05-10 21:31:06,OI311P8700,OI311P8700,698.5,0.0,0.0,0.0,6,700.5,722.5,14,698.5,0.0,0.0,0.0,0.0,0.0,41
2023-05-10 21:31:09,OI311P8700,OI311P8700,698.5,0.0,0.0,0.0,6,698.0,719.5,6,698.5,0.0,0.0,0.0,0.0,0.0,41
2023-05-10 21:31:10,OI311P8700,OI311P8700,698.5,0.0,0.0,0.0,14,691.0,719.0,12,698.5,0.0,0.0,0.0,0.0,0.0,41
2023-05-10 21:31:10,OI311P8700,OI311P8700,698.5,0.0,0.0,0.0,14,691.0,714.0,2,698.5,0.0,0.0,0.0,0.0,0.0,41
2023-05-10 21:31:11,OI311P8700,OI311P8700,698.5,0.0,0.0,0.0,14,691.0,714.0,8,698.5,0.0,0.0,0.0,0.0,0.0,41
2023-05-10 21:36:25,OI311P8700,OI311P8700,698.5,0.0,0.0,0.0,8,691.0,711.0,6,698.5,0.0,0.0,0.0,0.0,0.0,41
2023-05-10 21:36:25,OI311P8700,OI311P8700,698.5,0.0,0.0,0.0,2,691.0,711.0,12,698.5,0.0,0.0,0.0,0.0,0.0,41
2023-05-10 21:36:27,OI311P8700,OI311P8700,698.5,0.0,0.0,0.0,6,690.0,711.0,12,698.5,0.0,0.0,0.0,0.0,0.0,41
2023-05-10 21:36:45,OI311P8700,OI311P8700,698.5,0.0,0.0,0.0,6,690.0,706.5,2,698.5,0.0,0.0,0.0,0.0,0.0,41
2023-05-10 21:36:46,OI311P8700,OI311P8700,698.5,0.0,0.0,0.0,6,688.5,706.5,8,698.5,0.0,0.0,0.0,0.0,0.0,41
2023-05-10 21:36:46,OI311P8700,OI311P8700,698.5,0.0,0.0,0.0,14,681.5,706.5,14,698.5,0.0,0.0,0.0,0.0,0.0,41
2023-05-10 21:38:16,OI311P8700,OI311P8700,698.5,0.0,0.0,0.0,6,684.5,706.5,14,698.5,0.0,0.0,0.0,0.0,0.0,41
2023-05-10 21:38:36,OI311P8700,OI311P8700,698.5,0.0,0.0,0.0,14,681.5,706.5,14,698.5,0.0,0.0,0.0,0.0,0.0,41
2023-05-10 21:39:04,OI311P8700,OI311P8700,698.5,0.0,0.0,0.0,6,684.5,706.5,14,698.5,0.0,0.0,0.0,0.0,0.0,41
2023-05-10 21:39:24,OI311P8700,OI311P8700,698.5,0.0,0.0,0.0,8,688.0,706.5,14,698.5,0.0,0.0,0.0,0.0,0.0,41
2023-05-10 21:39:24,OI311P8700,OI311P8700,698.5,0.0,0.0,0.0,14,688.0,706.5,14,698.5,0.0,0.0,0.0,0.0,0.0,41
2023-05-10 21:39:41,OI311P8700,OI311P8700,698.5,0.0,0.0,0.0,14,688.0,706.5,8,698.5,0.0,0.0,0.0,0.0,0.0,41
2023-05-10 21:39:52,OI311P8700,OI311P8700,698.5,0.0,0.0,0.0,14,688.0,706.5,2,698.5,0.0,0.0,0.0,0.0,0.0,41
2023-05-10 21:39:57,OI311P8700,OI311P8700,698.5,0.0,0.0,0.0,14,688.0,709.5,12,698.5,0.0,0.0,0.0,0.0,0.0,41
2023-05-10 21:40:03,OI311P8700,OI311P8700,698.5,0.0,0.0,0.0,14,688.0,709.5,6,698.5,0.0,0.0,0.0,0.0,0.0,41
2023-05-10 21:40:05,OI311P8700,OI311P8700,698.5,0.0,0.0,0.0,8,688.0,716.5,8,698.5,0.0,0.0,0.0,0.0,0.0,41
2023-05-10 21:40:07,OI311P8700,OI311P8700,698.5,0.0,0.0,0.0,14,688.0,716.5,14,698.5,0.0,0.0,0.0,0.0,0.0,41
2023-05-10 21:40:47,OI311P8700,OI311P8700,698.5,0.0,0.0,0.0,6,691.0,716.5,14,698.5,0.0,0.0,0.0,0.0,0.0,41
2023-05-10 21:42:21,OI311P8700,OI311P8700,698.5,0.0,0.0,0.0,6,694.0,716.5,14,698.5,0.0,0.0,0.0,0.0,0.0,41
2023-05-10 21:42:21,OI311P8700,OI311P8700,698.5,0.0,0.0,0.0,12,694.0,716.5,14,698.5,0.0,0.0,0.0,0.0,0.0,41
2023-05-10 21:42:22,OI311P8700,OI311P8700,698.5,0.0,0.0,0.0,2,696.0,716.5,14,698.5,0.0,0.0,0.0,0.0,0.0,41
2023-05-10 21:43:08,OI311P8700,OI311P8700,698.5,0.0,0.0,0.0,6,697.0,716.5,8,698.5,0.0,0.0,0.0,0.0,0.0,41
2023-05-10 21:43:08,OI311P8700,OI311P8700,698.5,0.0,0.0,0.0,6,697.0,716.5,2,698.5,0.0,0.0,0.0,0.0,0.0,41
2023-05-10 21:43:12,OI311P8700,OI311P8700,698.5,0.0,0.0,0.0,12,697.0,716.5,2,698.5,0.0,0.0,0.0,0.0,0.0,41
2023-05-10 21:43:40,OI311P8700,OI311P8700,698.5,0.0,0.0,0.0,12,697.0,718.0,12,698.5,0.0,0.0,0.0,0.0,0.0,41
2023-05-10 21:43:41,OI311P8700,OI311P8700,698.5,0.0,0.0,0.0,6,699.5,718.0,6,698.5,0.0,0.0,0.0,0.0,0.0,41
2023-05-10 21:43:42,OI311P8700,OI311P8700,698.5,0.0,0.0,0.0,12,699.5,721.0,12,698.5,0.0,0.0,0.0,0.0,0.0,41
2023-05-10 21:44:26,OI311P8700,OI311P8700,698.5,0.0,0.0,0.0,12,699.5,718.5,2,698.5,0.0,0.0,0.0,0.0,0.0,41
2023-05-10 21:45:14,OI311P8700,OI311P8700,698.5,0.0,0.0,0.0,6,697.0,718.0,6,698.5,0.0,0.0,0.0,0.0,0.0,41
2023-05-10 21:45:22,OI311P8700,OI311P8700,698.5,0.0,0.0,0.0,2,696.0,715.5,6,698.5,0.0,0.0,0.0,0.0,0.0,41
2023-05-10 21:45:22,OI311P8700,OI311P8700,698.5,0.0,0.0,0.0,2,696.0,715.5,12,698.5,0.0,0.0,0.0,0.0,0.0,41
2023-05-10 21:48:42,OI311P8700,OI311P8700,698.5,0.0,0.0,0.0,6,697.5,715.5,6,698.5,0.0,0.0,0.0,0.0,0.0,41
2023-05-10 21:48:42,OI311P8700,OI311P8700,698.5,0.0,0.0,0.0,6,697.5,718.5,8,698.5,0.0,0.0,0.0,0.0,0.0,41
2023-05-10 21:48:44,OI311P8700,OI311P8700,698.5,0.0,0.0,0.0,12,697.5,718.5,8,698.5,0.0,0.0,0.0,0.0,0.0,41
2023-05-10 21:48:56,OI311P8700,OI311P8700,698.5,0.0,0.0,0.0,6,700.0,718.5,2,698.5,0.0,0.0,0.0,0.0,0.0,41
2023-05-10 21:48:56,OI311P8700,OI311P8700,698.5,0.0,0.0,0.0,12,700.0,718.5,2,698.5,0.0,0.0,0.0,0.0,0.0,41
2023-05-10 21:49:17,OI311P8700,OI311P8700,698.5,0.0,0.0,0.0,12,700.0,718.5,14,698.5,0.0,0.0,0.0,0.0,0.0,41
2023-05-10 21:52:20,OI311P8700,OI311P8700,698.5,0.0,0.0,0.0,6,697.0,718.0,12,698.5,0.0,0.0,0.0,0.0,0.0,41
2023-05-10 21:56:34,OI311P8700,OI311P8700,698.5,0.0,0.0,0.0,6,694.5,715.0,6,698.5,0.0,0.0,0.0,0.0,0.0,41
2023-05-10 21:56:34,OI311P8700,OI311P8700,698.5,0.0,0.0,0.0,6,694.0,715.0,12,698.5,0.0,0.0,0.0,0.0,0.0,41
2023-05-10 21:57:16,OI311P8700,OI311P8700,698.5,0.0,0.0,0.0,6,693.0,710.0,8,698.5,0.0,0.0,0.0,0.0,0.0,41
2023-05-10 21:57:32,OI311P8700,OI311P8700,698.5,0.0,0.0,0.0,6,693.0,710.0,14,698.5,0.0,0.0,0.0,0.0,0.0,41
2023-05-10 21:57:32,OI311P8700,OI311P8700,698.5,0.0,0.0,0.0,12,689.5,710.0,14,698.5,0.0,0.0,0.0,0.0,0.0,41
2023-05-10 22:00:26,OI311P8700,OI311P8700,698.5,0.0,0.0,0.0,6,689.5,710.0,14,698.5,0.0,0.0,0.0,0.0,0.0,41
2023-05-10 22:00:27,OI311P8700,OI311P8700,698.5,0.0,0.0,0.0,6,689.5,710.0,8,698.5,0.0,0.0,0.0,0.0,0.0,41
2023-05-10 22:00:27,OI311P8700,OI311P8700,698.5,0.0,0.0,0.0,8,686.5,708.5,6,698.5,0.0,0.0,0.0,0.0,0.0,41
2023-05-10 22:00:29,OI311P8700,OI311P8700,698.5,0.0,0.0,0.0,2,686.5,705.5,6,698.5,0.0,0.0,0.0,0.0,0.0,41
2023-05-10 22:00:29,OI311P8700,OI311P8700,698.5,0.0,0.0,0.0,2,686.5,705.5,12,698.5,0.0,0.0,0.0,0.0,0.0,41
2023-05-10 22:00:34,OI311P8700,OI311P8700,698.5,0.0,0.0,0.0,2,686.0,698.0,2,698.5,0.0,0.0,0.0,0.0,0.0,41
2023-05-10 22:00:34,OI311P8700,OI311P8700,698.5,0.0,0.0,0.0,8,686.0,698.0,14,698.5,0.0,0.0,0.0,0.0,0.0,41
2023-05-10 22:01:32,OI311P8700,OI311P8700,698.5,0.0,0.0,0.0,8,686.0,695.5,2,698.5,0.0,0.0,0.0,0.0,0.0,41
2023-05-10 22:01:33,OI311P8700,OI311P8700,698.5,0.0,0.0,0.0,6,684.0,695.5,14,698.5,0.0,0.0,0.0,0.0,0.0,41
2023-05-10 22:01:35,OI311P8700,OI311P8700,698.5,0.0,0.0,0.0,6,684.0,695.5,8,698.5,0.0,0.0,0.0,0.0,0.0,41
2023-05-10 22:01:36,OI311P8700,OI311P8700,698.5,0.0,0.0,0.0,1,664.0,695.5,2,698.5,0.0,0.0,0.0,0.0,0.0,41
2023-05-10 22:01:36,OI311P8700,OI311P8700,698.5,0.0,0.0,0.0,6,668.5,695.5,2,698.5,0.0,0.0,0.0,0.0,0.0,41
2023-05-10 22:01:36,OI311P8700,OI311P8700,698.5,0.0,0.0,0.0,6,670.0,695.5,8,698.5,0.0,0.0,0.0,0.0,0.0,41
2023-05-10 22:01:39,OI311P8700,OI311P8700,698.5,0.0,0.0,0.0,12,670.0,695.5,14,698.5,0.0,0.0,0.0,0.0,0.0,41
2023-05-10 22:01:40,OI311P8700,OI311P8700,698.5,0.0,0.0,0.0,2,678.5,690.5,2,698.5,0.0,0.0,0.0,0.0,0.0,41
2023-05-10 22:01:41,OI311P8700,OI311P8700,698.5,0.0,0.0,0.0,14,678.5,690.5,14,698.5,0.0,0.0,0.0,0.0,0.0,41
2023-05-10 22:01:44,OI311P8700,OI311P8700,698.5,0.0,0.0,0.0,2,680.5,690.5,14,698.5,0.0,0.0,0.0,0.0,0.0,41
2023-05-10 22:01:48,OI311P8700,OI311P8700,698.5,0.0,0.0,0.0,2,680.5,690.5,8,698.5,0.0,0.0,0.0,0.0,0.0,41
2023-05-10 22:01:49,OI311P8700,OI311P8700,698.5,0.0,0.0,0.0,8,680.5,690.5,2,698.5,0.0,0.0,0.0,0.0,0.0,41
2023-05-10 22:01:50,OI311P8700,OI311P8700,698.5,0.0,0.0,0.0,2,684.0,693.0,6,698.5,0.0,0.0,0.0,0.0,0.0,41
2023-05-10 22:01:50,OI311P8700,OI311P8700,698.5,0.0,0.0,0.0,14,684.0,694.5,12,698.5,0.0,0.0,0.0,0.0,0.0,41
2023-05-10 22:02:01,OI311P8700,OI311P8700,698.5,0.0,0.0,0.0,14,684.0,694.5,6,698.5,0.0,0.0,0.0,0.0,0.0,41
2023-05-10 22:02:02,OI311P8700,OI311P8700,698.5,0.0,0.0,0.0,14,684.0,695.5,2,698.5,0.0,0.0,0.0,0.0,0.0,41
2023-05-10 22:02:04,OI311P8700,OI311P8700,698.5,0.0,0.0,0.0,2,686.5,695.5,2,698.5,0.0,0.0,0.0,0.0,0.0,41
2023-05-10 22:02:04,OI311P8700,OI311P8700,698.5,0.0,0.0,0.0,8,686.5,695.5,2,698.5,0.0,0.0,0.0,0.0,0.0,41
2023-05-10 22:02:06,OI311P8700,OI311P8700,698.5,0.0,0.0,0.0,14,686.5,695.5,2,698.5,0.0,0.0,0.0,0.0,0.0,41
2023-05-10 22:02:06,OI311P8700,OI311P8700,698.5,0.0,0.0,0.0,8,686.5,695.5,2,698.5,0.0,0.0,0.0,0.0,0.0,41
2023-05-10 22:02:07,OI311P8700,OI311P8700,698.5,0.0,0.0,0.0,14,686.5,699.5,12,698.5,0.0,0.0,0.0,0.0,0.0,41
2023-05-10 22:02:10,OI311P8700,OI311P8700,698.5,0.0,0.0,0.0,8,689.0,699.5,12,698.5,0.0,0.0,0.0,0.0,0.0,41
2023-05-10 22:03:00,OI311P8700,OI311P8700,698.5,0.0,0.0,0.0,14,689.0,699.5,12,698.5,0.0,0.0,0.0,0.0,0.0,41
2023-05-10 22:03:02,OI311P8700,OI311P8700,698.5,0.0,0.0,0.0,14,689.0,699.5,6,698.5,0.0,0.0,0.0,0.0,0.0,41
2023-05-10 22:03:03,OI311P8700,OI311P8700,698.5,0.0,0.0,0.0,2,691.0,699.5,6,698.5,0.0,0.0,0.0,0.0,0.0,41
2023-05-10 22:03:03,OI311P8700,OI311P8700,698.5,0.0,0.0,0.0,2,691.0,700.0,2,698.5,0.0,0.0,0.0,0.0,0.0,41
2023-05-10 22:03:04,OI311P8700,OI311P8700,698.5,0.0,0.0,0.0,2,691.0,703.0,6,698.5,0.0,0.0,0.0,0.0,0.0,41
2023-05-10 22:03:04,OI311P8700,OI311P8700,698.5,0.0,0.0,0.0,2,691.0,703.0,12,698.5,0.0,0.0,0.0,0.0,0.0,41
2023-05-10 22:03:07,OI311P8700,OI311P8700,698.5,0.0,0.0,0.0,2,691.0,703.0,6,698.5,0.0,0.0,0.0,0.0,0.0,41
2023-05-10 22:03:10,OI311P8700,OI311P8700,698.5,0.0,0.0,0.0,2,691.0,703.0,12,698.5,0.0,0.0,0.0,0.0,0.0,41
2023-05-10 22:03:19,OI311P8700,OI311P8700,698.5,0.0,0.0,0.0,8,693.5,704.0,2,698.5,0.0,0.0,0.0,0.0,0.0,41
2023-05-10 22:03:19,OI311P8700,OI311P8700,698.5,0.0,0.0,0.0,14,693.5,704.0,2,698.5,0.0,0.0,0.0,0.0,0.0,41
2023-05-10 22:04:07,OI311P8700,OI311P8700,698.5,0.0,0.0,0.0,8,693.5,704.0,2,698.5,0.0,0.0,0.0,0.0,0.0,41
2023-05-10 22:04:13,OI311P8700,OI311P8700,698.5,0.0,0.0,0.0,14,693.5,704.0,2,698.5,0.0,0.0,0.0,0.0,0.0,41
2023-05-10 22:04:22,OI311P8700,OI311P8700,698.5,0.0,0.0,0.0,8,693.5,704.0,2,698.5,0.0,0.0,0.0,0.0,0.0,41
2023-05-10 22:05:28,OI311P8700,OI311P8700,698.5,0.0,0.0,0.0,6,693.5,704.0,2,698.5,0.0,0.0,0.0,0.0,0.0,41
2023-05-10 22:06:05,OI311P8700,OI311P8700,698.5,0.0,0.0,0.0,2,691.0,700.5,2,698.5,0.0,0.0,0.0,0.0,0.0,41
2023-05-10 22:06:13,OI311P8700,OI311P8700,698.5,0.0,0.0,0.0,6,690.5,700.5,2,698.5,0.0,0.0,0.0,0.0,0.0,41
2023-05-10 22:06:15,OI311P8700,OI311P8700,698.5,0.0,0.0,0.0,12,686.5,700.5,8,698.5,0.0,0.0,0.0,0.0,0.0,41
2023-05-10 22:06:15,OI311P8700,OI311P8700,698.5,0.0,0.0,0.0,14,686.5,700.5,8,698.5,0.0,0.0,0.0,0.0,0.0,41
2023-05-10 22:06:20,OI311P8700,OI311P8700,698.5,0.0,0.0,0.0,14,686.5,697.0,2,698.5,0.0,0.0,0.0,0.0,0.0,41
2023-05-10 22:06:20,OI311P8700,OI311P8700,698.5,0.0,0.0,0.0,8,686.5,697.0,2,698.5,0.0,0.0,0.0,0.0,0.0,41
2023-05-10 22:08:00,OI311P8700,OI311P8700,698.5,0.0,0.0,0.0,12,682.5,697.0,8,698.5,0.0,0.0,0.0,0.0,0.0,41
2023-05-10 22:08:00,OI311P8700,OI311P8700,698.5,0.0,0.0,0.0,2,683.0,697.0,8,698.5,0.0,0.0,0.0,0.0,0.0,41
2023-05-10 22:08:02,OI311P8700,OI311P8700,698.5,0.0,0.0,0.0,2,683.0,692.5,8,698.5,0.0,0.0,0.0,0.0,0.0,41
2023-05-10 22:08:03,OI311P8700,OI311P8700,698.5,0.0,0.0,0.0,2,683.0,692.5,14,698.5,0.0,0.0,0.0,0.0,0.0,41
2023-05-10 22:08:04,OI311P8700,OI311P8700,698.5,0.0,0.0,0.0,6,682.5,692.5,14,698.5,0.0,0.0,0.0,0.0,0.0,41
2023-05-10 22:08:05,OI311P8700,OI311P8700,698.5,0.0,0.0,0.0,2,679.5,692.5,14,698.5,0.0,0.0,0.0,0.0,0.0,41
2023-05-10 22:08:09,OI311P8700,OI311P8700,698.5,0.0,0.0,0.0,2,682.0,692.5,14,698.5,0.0,0.0,0.0,0.0,0.0,41
2023-05-10 22:08:09,OI311P8700,OI311P8700,698.5,0.0,0.0,0.0,8,682.0,692.5,2,698.5,0.0,0.0,0.0,0.0,0.0,41
2023-05-10 22:09:16,OI311P8700,OI311P8700,698.5,0.0,0.0,0.0,14,682.0,692.5,2,698.5,0.0,0.0,0.0,0.0,0.0,41
2023-05-10 22:09:49,OI311P8700,OI311P8700,698.5,0.0,0.0,0.0,8,682.0,692.5,2,698.5,0.0,0.0,0.0,0.0,0.0,41
2023-05-10 22:09:50,OI311P8700,OI311P8700,698.5,0.0,0.0,0.0,2,684.5,692.5,2,698.5,0.0,0.0,0.0,0.0,0.0,41
2023-05-10 22:09:50,OI311P8700,OI311P8700,698.5,0.0,0.0,0.0,8,684.5,692.5,2,698.5,0.0,0.0,0.0,0.0,0.0,41
2023-05-10 22:09:51,OI311P8700,OI311P8700,698.5,0.0,0.0,0.0,8,684.5,695.5,6,698.5,0.0,0.0,0.0,0.0,0.0,41
2023-05-10 22:10:00,OI311P8700,OI311P8700,698.5,0.0,0.0,0.0,14,684.5,697.0,2,698.5,0.0,0.0,0.0,0.0,0.0,41
2023-05-10 22:10:01,OI311P8700,OI311P8700,698.5,0.0,0.0,0.0,2,687.0,697.0,2,698.5,0.0,0.0,0.0,0.0,0.0,41
2023-05-10 22:10:01,OI311P8700,OI311P8700,698.5,0.0,0.0,0.0,8,687.0,697.0,2,698.5,0.0,0.0,0.0,0.0,0.0,41
2023-05-10 22:11:10,OI311P8700,OI311P8700,698.5,0.0,0.0,0.0,6,687.0,697.0,2,698.5,0.0,0.0,0.0,0.0,0.0,41
2023-05-10 22:11:31,OI311P8700,OI311P8700,698.5,0.0,0.0,0.0,2,684.5,697.0,8,698.5,0.0,0.0,0.0,0.0,0.0,41
2023-05-10 22:11:32,OI311P8700,OI311P8700,698.5,0.0,0.0,0.0,2,684.5,693.5,2,698.5,0.0,0.0,0.0,0.0,0.0,41
2023-05-10 22:12:04,OI311P8700,OI311P8700,698.5,0.0,0.0,0.0,8,684.5,693.5,2,698.5,0.0,0.0,0.0,0.0,0.0,41
2023-05-10 22:12:04,OI311P8700,OI311P8700,698.5,0.0,0.0,0.0,14,684.5,693.5,2,698.5,0.0,0.0,0.0,0.0,0.0,41
2023-05-10 22:12:23,OI311P8700,OI311P8700,698.5,0.0,0.0,0.0,8,684.5,693.5,2,698.5,0.0,0.0,0.0,0.0,0.0,41
2023-05-10 22:13:13,OI311P8700,OI311P8700,698.5,0.0,0.0,0.0,12,681.0,693.5,8,698.5,0.0,0.0,0.0,0.0,0.0,41
2023-05-10 22:13:13,OI311P8700,OI311P8700,698.5,0.0,0.0,0.0,2,681.5,693.5,8,698.5,0.0,0.0,0.0,0.0,0.0,41
2023-05-10 22:14:17,OI311P8700,OI311P8700,698.5,0.0,0.0,0.0,8,684.0,693.5,2,698.5,0.0,0.0,0.0,0.0,0.0,41
2023-05-10 22:14:17,OI311P8700,OI311P8700,698.5,0.0,0.0,0.0,14,684.0,693.5,2,698.5,0.0,0.0,0.0,0.0,0.0,41
2023-05-10 22:14:36,OI311P8700,OI311P8700,698.5,0.0,0.0,0.0,8,684.0,693.5,2,698.5,0.0,0.0,0.0,0.0,0.0,41
2023-05-10 22:14:40,OI311P8700,OI311P8700,698.5,0.0,0.0,0.0,6,684.0,693.5,2,698.5,0.0,0.0,0.0,0.0,0.0,41
2023-05-10 22:14:42,OI311P8700,OI311P8700,698.5,0.0,0.0,0.0,8,681.5,693.5,8,698.5,0.0,0.0,0.0,0.0,0.0,41
2023-05-10 22:14:45,OI311P8700,OI311P8700,698.5,0.0,0.0,0.0,8,681.5,690.0,2,698.5,0.0,0.0,0.0,0.0,0.0,41
2023-05-10 22:14:45,OI311P8700,OI311P8700,698.5,0.0,0.0,0.0,2,681.5,690.0,14,698.5,0.0,0.0,0.0,0.0,0.0,41
2023-05-10 22:14:51,OI311P8700,OI311P8700,698.5,0.0,0.0,0.0,6,680.0,690.0,14,698.5,0.0,0.0,0.0,0.0,0.0,41
2023-05-10 22:14:53,OI311P8700,OI311P8700,698.5,0.0,0.0,0.0,6,667.5,690.0,8,698.5,0.0,0.0,0.0,0.0,0.0,41
2023-05-10 22:14:55,OI311P8700,OI311P8700,698.5,0.0,0.0,0.0,6,670.0,690.0,8,698.5,0.0,0.0,0.0,0.0,0.0,41
2023-05-10 22:14:56,OI311P8700,OI311P8700,698.5,0.0,0.0,0.0,2,678.5,690.0,8,698.5,0.0,0.0,0.0,0.0,0.0,41
2023-05-10 22:14:56,OI311P8700,OI311P8700,698.5,0.0,0.0,0.0,14,678.5,690.0,14,698.5,0.0,0.0,0.0,0.0,0.0,41
2023-05-10 22:15:08,OI311P8700,OI311P8700,698.5,0.0,0.0,0.0,8,678.5,690.0,14,698.5,0.0,0.0,0.0,0.0,0.0,41
2023-05-10 22:15:12,OI311P8700,OI311P8700,698.5,0.0,0.0,0.0,6,666.0,690.0,8,698.5,0.0,0.0,0.0,0.0,0.0,41
2023-05-10 22:15:13,OI311P8700,OI311P8700,698.5,0.0,0.0,0.0,6,666.0,686.5,2,698.5,0.0,0.0,0.0,0.0,0.0,41
2023-05-10 22:15:13,OI311P8700,OI311P8700,698.5,0.0,0.0,0.0,12,665.5,686.5,14,698.5,0.0,0.0,0.0,0.0,0.0,41
2023-05-10 22:15:14,OI311P8700,OI311P8700,698.5,0.0,0.0,0.0,2,674.5,686.5,14,698.5,0.0,0.0,0.0,0.0,0.0,41
2023-05-10 22:15:14,OI311P8700,OI311P8700,698.5,0.0,0.0,0.0,14,674.5,686.5,14,698.5,0.0,0.0,0.0,0.0,0.0,41
2023-05-10 22:15:24,OI311P8700,OI311P8700,698.5,0.0,0.0,0.0,2,676.5,686.5,14,698.5,0.0,0.0,0.0,0.0,0.0,41
2023-05-10 22:15:24,OI311P8700,OI311P8700,698.5,0.0,0.0,0.0,2,676.5,686.5,8,698.5,0.0,0.0,0.0,0.0,0.0,41
2023-05-10 22:15:26,OI311P8700,OI311P8700,698.5,0.0,0.0,0.0,14,676.5,686.5,2,698.5,0.0,0.0,0.0,0.0,0.0,41
2023-05-10 22:15:42,OI311P8700,OI311P8700,698.5,0.0,0.0,0.0,2,678.5,686.5,2,698.5,0.0,0.0,0.0,0.0,0.0,41
2023-05-10 22:15:44,OI311P8700,OI311P8700,698.5,0.0,0.0,0.0,2,678.5,689.0,6,698.5,0.0,0.0,0.0,0.0,0.0,41
2023-05-10 22:15:46,OI311P8700,OI311P8700,698.5,0.0,0.0,0.0,8,678.5,690.0,2,698.5,0.0,0.0,0.0,0.0,0.0,41
2023-05-10 22:15:47,OI311P8700,OI311P8700,698.5,0.0,0.0,0.0,14,678.5,690.0,2,698.5,0.0,0.0,0.0,0.0,0.0,41
2023-05-10 22:15:47,OI311P8700,OI311P8700,698.5,0.0,0.0,0.0,2,681.0,690.0,2,698.5,0.0,0.0,0.0,0.0,0.0,41
2023-05-10 22:15:48,OI311P8700,OI311P8700,698.5,0.0,0.0,0.0,8,681.0,690.0,2,698.5,0.0,0.0,0.0,0.0,0.0,41
2023-05-10 22:15:48,OI311P8700,OI311P8700,698.5,0.0,0.0,0.0,14,681.0,690.0,2,698.5,0.0,0.0,0.0,0.0,0.0,41
2023-05-10 22:16:00,OI311P8700,OI311P8700,698.5,0.0,0.0,0.0,14,681.0,692.0,6,698.5,0.0,0.0,0.0,0.0,0.0,41
2023-05-10 22:16:00,OI311P8700,OI311P8700,698.5,0.0,0.0,0.0,2,683.5,694.5,6,698.5,0.0,0.0,0.0,0.0,0.0,41
2023-05-10 22:16:01,OI311P8700,OI311P8700,698.5,0.0,0.0,0.0,8,683.5,706.0,6,698.5,0.0,0.0,0.0,0.0,0.0,41
2023-05-10 22:16:02,OI311P8700,OI311P8700,698.5,0.0,0.0,0.0,8,683.5,695.5,2,698.5,0.0,0.0,0.0,0.0,0.0,41
2023-05-10 22:16:02,OI311P8700,OI311P8700,698.5,0.0,0.0,0.0,14,683.5,695.5,14,698.5,0.0,0.0,0.0,0.0,0.0,41
2023-05-10 22:16:10,OI311P8700,OI311P8700,698.5,0.0,0.0,0.0,8,683.5,695.5,14,698.5,0.0,0.0,0.0,0.0,0.0,41
2023-05-10 22:16:18,OI311P8700,OI311P8700,698.5,0.0,0.0,0.0,14,683.5,695.5,14,698.5,0.0,0.0,0.0,0.0,0.0,41
2023-05-10 22:17:33,OI311P8700,OI311P8700,698.5,0.0,0.0,0.0,2,685.0,695.5,14,698.5,0.0,0.0,0.0,0.0,0.0,41
2023-05-10 22:17:35,OI311P8700,OI311P8700,698.5,0.0,0.0,0.0,8,685.0,695.5,8,698.5,0.0,0.0,0.0,0.0,0.0,41
2023-05-10 22:17:35,OI311P8700,OI311P8700,698.5,0.0,0.0,0.0,14,685.0,695.5,2,698.5,0.0,0.0,0.0,0.0,0.0,41
2023-05-10 22:17:53,OI311P8700,OI311P8700,698.5,0.0,0.0,0.0,14,685.0,695.5,8,698.5,0.0,0.0,0.0,0.0,0.0,41
2023-05-10 22:17:53,OI311P8700,OI311P8700,698.5,0.0,0.0,0.0,8,685.0,695.5,14,698.5,0.0,0.0,0.0,0.0,0.0,41
2023-05-10 22:17:58,OI311P8700,OI311P8700,698.5,0.0,0.0,0.0,14,685.0,695.5,2,698.5,0.0,0.0,0.0,0.0,0.0,41
2023-05-10 22:18:00,OI311P8700,OI311P8700,698.5,0.0,0.0,0.0,2,687.0,695.5,2,698.5,0.0,0.0,0.0,0.0,0.0,41
2023-05-10 22:18:12,OI311P8700,OI311P8700,698.5,0.0,0.0,0.0,2,687.0,698.0,6,698.5,0.0,0.0,0.0,0.0,0.0,41
2023-05-10 22:18:13,OI311P8700,OI311P8700,698.5,0.0,0.0,0.0,14,687.0,700.5,12,698.5,0.0,0.0,0.0,0.0,0.0,41
2023-05-10 22:18:13,OI311P8700,OI311P8700,698.5,0.0,0.0,0.0,14,687.0,700.0,2,698.5,0.0,0.0,0.0,0.0,0.0,41
2023-05-10 22:18:17,OI311P8700,OI311P8700,698.5,0.0,0.0,0.0,2,689.5,700.0,2,698.5,0.0,0.0,0.0,0.0,0.0,41
2023-05-10 22:18:37,OI311P8700,OI311P8700,698.5,0.0,0.0,0.0,8,689.5,700.0,2,698.5,0.0,0.0,0.0,0.0,0.0,41
2023-05-10 22:18:37,OI311P8700,OI311P8700,698.5,0.0,0.0,0.0,14,689.5,700.0,2,698.5,0.0,0.0,0.0,0.0,0.0,41
2023-05-10 22:18:45,OI311P8700,OI311P8700,698.5,0.0,0.0,0.0,2,692.0,700.0,2,698.5,0.0,0.0,0.0,0.0,0.0,41
2023-05-10 22:19:02,OI311P8700,OI311P8700,698.5,0.0,0.0,0.0,2,692.0,703.5,6,698.5,0.0,0.0,0.0,0.0,0.0,41
2023-05-10 22:19:02,OI311P8700,OI311P8700,698.5,0.0,0.0,0.0,8,692.0,704.5,2,698.5,0.0,0.0,0.0,0.0,0.0,41
2023-05-10 22:19:02,OI311P8700,OI311P8700,698.5,0.0,0.0,0.0,14,692.0,704.5,2,698.5,0.0,0.0,0.0,0.0,0.0,41
2023-05-10 22:19:05,OI311P8700,OI311P8700,698.5,0.0,0.0,0.0,2,694.5,704.5,2,698.5,0.0,0.0,0.0,0.0,0.0,41
2023-05-10 22:20:11,OI311P8700,OI311P8700,698.5,0.0,0.0,0.0,2,694.5,706.5,12,698.5,0.0,0.0,0.0,0.0,0.0,41
2023-05-10 22:20:12,OI311P8700,OI311P8700,698.5,0.0,0.0,0.0,8,694.5,710.0,6,698.5,0.0,0.0,0.0,0.0,0.0,41
2023-05-10 22:20:12,OI311P8700,OI311P8700,698.5,0.0,0.0,0.0,8,694.5,721.0,6,698.5,0.0,0.0,0.0,0.0,0.0,41
2023-05-10 22:20:13,OI311P8700,OI311P8700,698.5,0.0,0.0,0.0,8,694.5,709.5,2,698.5,0.0,0.0,0.0,0.0,0.0,41
2023-05-10 22:20:14,OI311P8700,OI311P8700,698.5,0.0,0.0,0.0,14,694.5,709.5,14,698.5,0.0,0.0,0.0,0.0,0.0,41
2023-05-10 22:20:16,OI311P8700,OI311P8700,698.5,0.0,0.0,0.0,14,694.5,706.5,2,698.5,0.0,0.0,0.0,0.0,0.0,41
2023-05-10 22:20:17,OI311P8700,OI311P8700,698.5,0.0,0.0,0.0,8,694.5,706.5,14,698.5,0.0,0.0,0.0,0.0,0.0,41
2023-05-10 22:20:24,OI311P8700,OI311P8700,698.5,0.0,0.0,0.0,8,694.5,703.0,2,698.5,0.0,0.0,0.0,0.0,0.0,41
2023-05-10 22:20:24,OI311P8700,OI311P8700,698.5,0.0,0.0,0.0,6,693.0,703.0,2,698.5,0.0,0.0,0.0,0.0,0.0,41
2023-05-10 22:20:59,OI311P8700,OI311P8700,698.5,0.0,0.0,0.0,2,692.0,703.0,8,698.5,0.0,0.0,0.0,0.0,0.0,41
2023-05-10 22:20:59,OI311P8700,OI311P8700,698.5,0.0,0.0,0.0,2,692.0,703.0,14,698.5,0.0,0.0,0.0,0.0,0.0,41
2023-05-10 22:21:03,OI311P8700,OI311P8700,698.5,0.0,0.0,0.0,6,690.0,703.0,14,698.5,0.0,0.0,0.0,0.0,0.0,41
2023-05-10 22:21:13,OI311P8700,OI311P8700,698.5,0.0,0.0,0.0,12,690.0,703.0,14,698.5,0.0,0.0,0.0,0.0,0.0,41
2023-05-10 22:21:22,OI311P8700,OI311P8700,698.5,0.0,0.0,0.0,2,691.0,703.0,14,698.5,0.0,0.0,0.0,0.0,0.0,41
2023-05-10 22:21:55,OI311P8700,OI311P8700,698.5,0.0,0.0,0.0,2,691.0,703.0,8,698.5,0.0,0.0,0.0,0.0,0.0,41
2023-05-10 22:21:56,OI311P8700,OI311P8700,698.5,0.0,0.0,0.0,2,691.0,703.0,14,698.5,0.0,0.0,0.0,0.0,0.0,41
2023-05-10 22:21:58,OI311P8700,OI311P8700,698.5,0.0,0.0,0.0,2,691.0,699.5,8,698.5,0.0,0.0,0.0,0.0,0.0,41
2023-05-10 22:21:58,OI311P8700,OI311P8700,698.5,0.0,0.0,0.0,8,689.0,699.5,14,698.5,0.0,0.0,0.0,0.0,0.0,41
2023-05-10 22:22:40,OI311P8700,OI311P8700,698.5,0.0,0.0,0.0,2,689.0,699.5,14,698.5,0.0,0.0,0.0,0.0,0.0,41
2023-05-10 22:22:41,OI311P8700,OI311P8700,698.5,0.0,0.0,0.0,6,686.0,699.5,14,698.5,0.0,0.0,0.0,0.0,0.0,41
2023-05-10 22:22:54,OI311P8700,OI311P8700,698.5,0.0,0.0,0.0,2,685.5,696.0,8,698.5,0.0,0.0,0.0,0.0,0.0,41
2023-05-10 22:22:54,OI311P8700,OI311P8700,698.5,0.0,0.0,0.0,2,685.5,696.0,14,698.5,0.0,0.0,0.0,0.0,0.0,41
2023-05-10 22:23:21,OI311P8700,OI311P8700,698.5,0.0,0.0,0.0,8,685.5,696.0,2,698.5,0.0,0.0,0.0,0.0,0.0,41
2023-05-10 22:23:21,OI311P8700,OI311P8700,698.5,0.0,0.0,0.0,14,685.5,696.0,2,698.5,0.0,0.0,0.0,0.0,0.0,41
2023-05-10 22:23:22,OI311P8700,OI311P8700,698.5,0.0,0.0,0.0,2,688.0,696.0,2,698.5,0.0,0.0,0.0,0.0,0.0,41
2023-05-10 22:23:25,OI311P8700,OI311P8700,698.5,0.0,0.0,0.0,2,688.0,699.0,12,698.5,0.0,0.0,0.0,0.0,0.0,41
2023-05-10 22:25:24,OI311P8700,OI311P8700,698.5,0.0,0.0,0.0,14,685.5,696.5,2,698.5,0.0,0.0,0.0,0.0,0.0,41
2023-05-10 22:25:29,OI311P8700,OI311P8700,698.5,0.0,0.0,0.0,8,685.5,696.5,2,698.5,0.0,0.0,0.0,0.0,0.0,41
2023-05-10 22:25:30,OI311P8700,OI311P8700,698.5,0.0,0.0,0.0,6,673.0,696.5,8,698.5,0.0,0.0,0.0,0.0,0.0,41
2023-05-10 22:25:30,OI311P8700,OI311P8700,698.5,0.0,0.0,0.0,12,673.0,696.5,14,698.5,0.0,0.0,0.0,0.0,0.0,41
2023-05-10 22:25:31,OI311P8700,OI311P8700,698.5,0.0,0.0,0.0,2,681.5,696.5,14,698.5,0.0,0.0,0.0,0.0,0.0,41
2023-05-10 22:25:32,OI311P8700,OI311P8700,698.5,0.0,0.0,0.0,14,681.5,696.5,14,698.5,0.0,0.0,0.0,0.0,0.0,41
2023-05-10 22:25:41,OI311P8700,OI311P8700,698.5,0.0,0.0,0.0,2,683.5,696.5,14,698.5,0.0,0.0,0.0,0.0,0.0,41
2023-05-10 22:25:49,OI311P8700,OI311P8700,698.5,0.0,0.0,0.0,8,684.5,696.5,8,698.5,0.0,0.0,0.0,0.0,0.0,41
2023-05-10 22:25:49,OI311P8700,OI311P8700,698.5,0.0,0.0,0.0,8,684.5,696.5,2,698.5,0.0,0.0,0.0,0.0,0.0,41
2023-05-10 22:25:51,OI311P8700,OI311P8700,698.5,0.0,0.0,0.0,14,684.5,696.5,2,698.5,0.0,0.0,0.0,0.0,0.0,41
2023-05-10 22:26:10,OI311P8700,OI311P8700,698.5,0.0,0.0,0.0,2,687.0,696.5,2,698.5,0.0,0.0,0.0,0.0,0.0,41
2023-05-10 22:26:19,OI311P8700,OI311P8700,698.5,0.0,0.0,0.0,8,687.0,696.5,2,698.5,0.0,0.0,0.0,0.0,0.0,41
2023-05-10 22:26:19,OI311P8700,OI311P8700,698.5,0.0,0.0,0.0,14,687.0,696.5,2,698.5,0.0,0.0,0.0,0.0,0.0,41
2023-05-10 22:26:48,OI311P8700,OI311P8700,698.5,0.0,0.0,0.0,2,689.5,699.5,8,698.5,0.0,0.0,0.0,0.0,0.0,41
2023-05-10 22:26:48,OI311P8700,OI311P8700,698.5,0.0,0.0,0.0,2,689.5,699.5,2,698.5,0.0,0.0,0.0,0.0,0.0,41
2023-05-10 22:27:25,OI311P8700,OI311P8700,698.5,0.0,0.0,0.0,14,687.0,699.5,2,698.5,0.0,0.0,0.0,0.0,0.0,41
2023-05-10 22:29:09,OI311P8700,OI311P8700,698.5,0.0,0.0,0.0,2,689.0,699.5,2,698.5,0.0,0.0,0.0,0.0,0.0,41
2023-05-10 22:30:03,OI311P8700,OI311P8700,698.5,0.0,0.0,0.0,8,687.0,696.0,2,698.5,0.0,0.0,0.0,0.0,0.0,41
2023-05-10 22:30:03,OI311P8700,OI311P8700,698.5,0.0,0.0,0.0,2,687.0,696.0,8,698.5,0.0,0.0,0.0,0.0,0.0,41
2023-05-10 22:30:04,OI311P8700,OI311P8700,698.5,0.0,0.0,0.0,6,674.5,696.0,8,698.5,0.0,0.0,0.0,0.0,0.0,41
2023-05-10 22:30:06,OI311P8700,OI311P8700,698.5,0.0,0.0,0.0,8,684.0,696.0,8,698.5,0.0,0.0,0.0,0.0,0.0,41
2023-05-10 22:30:42,OI311P8700,OI311P8700,698.5,0.0,0.0,0.0,8,684.0,692.5,2,698.5,0.0,0.0,0.0,0.0,0.0,41
2023-05-10 22:30:43,OI311P8700,OI311P8700,698.5,0.0,0.0,0.0,2,684.0,692.5,8,698.5,0.0,0.0,0.0,0.0,0.0,41
2023-05-10 22:30:44,OI311P8700,OI311P8700,698.5,0.0,0.0,0.0,6,681.5,692.5,8,698.5,0.0,0.0,0.0,0.0,0.0,41
2023-05-10 22:31:01,OI311P8700,OI311P8700,698.5,0.0,0.0,0.0,6,681.5,692.5,14,698.5,0.0,0.0,0.0,0.0,0.0,41
2023-05-10 22:31:17,OI311P8700,OI311P8700,698.5,0.0,0.0,0.0,2,680.5,692.5,14,698.5,0.0,0.0,0.0,0.0,0.0,41
2023-05-10 22:31:44,OI311P8700,OI311P8700,698.5,0.0,0.0,0.0,2,683.0,692.5,8,698.5,0.0,0.0,0.0,0.0,0.0,41
2023-05-10 22:32:14,OI311P8700,OI311P8700,698.5,0.0,0.0,0.0,8,683.0,692.5,2,698.5,0.0,0.0,0.0,0.0,0.0,41
2023-05-10 22:32:39,OI311P8700,OI311P8700,698.5,0.0,0.0,0.0,2,683.0,692.5,8,698.5,0.0,0.0,0.0,0.0,0.0,41
2023-05-10 22:32:39,OI311P8700,OI311P8700,698.5,0.0,0.0,0.0,2,683.0,692.5,14,698.5,0.0,0.0,0.0,0.0,0.0,41
2023-05-10 22:32:58,OI311P8700,OI311P8700,698.5,0.0,0.0,0.0,2,683.0,692.5,8,698.5,0.0,0.0,0.0,0.0,0.0,41
2023-05-10 22:33:02,OI311P8700,OI311P8700,698.5,0.0,0.0,0.0,8,683.0,692.5,2,698.5,0.0,0.0,0.0,0.0,0.0,41
2023-05-10 22:33:03,OI311P8700,OI311P8700,698.5,0.0,0.0,0.0,14,683.0,692.5,2,698.5,0.0,0.0,0.0,0.0,0.0,41
2023-05-10 22:33:04,OI311P8700,OI311P8700,698.5,0.0,0.0,0.0,2,685.5,695.0,12,698.5,0.0,0.0,0.0,0.0,0.0,41
2023-05-10 22:33:04,OI311P8700,OI311P8700,698.5,0.0,0.0,0.0,8,685.5,696.0,2,698.5,0.0,0.0,0.0,0.0,0.0,41
2023-05-10 22:33:05,OI311P8700,OI311P8700,698.5,0.0,0.0,0.0,14,685.5,696.0,2,698.5,0.0,0.0,0.0,0.0,0.0,41
2023-05-10 22:33:11,OI311P8700,OI311P8700,698.5,0.0,0.0,0.0,8,688.0,696.0,2,698.5,0.0,0.0,0.0,0.0,0.0,41
2023-05-10 22:33:11,OI311P8700,OI311P8700,698.5,0.0,0.0,0.0,14,688.0,696.0,2,698.5,0.0,0.0,0.0,0.0,0.0,41
2023-05-10 22:33:18,OI311P8700,OI311P8700,698.5,0.0,0.0,0.0,2,688.0,696.0,2,698.5,0.0,0.0,0.0,0.0,0.0,41
2023-05-10 22:33:18,OI311P8700,OI311P8700,698.5,0.0,0.0,0.0,6,686.0,696.0,2,698.5,0.0,0.0,0.0,0.0,0.0,41
2023-05-10 22:33:34,OI311P8700,OI311P8700,698.5,0.0,0.0,0.0,8,686.0,696.0,2,698.5,0.0,0.0,0.0,0.0,0.0,41
2023-05-10 22:33:35,OI311P8700,OI311P8700,698.5,0.0,0.0,0.0,2,688.5,696.0,2,698.5,0.0,0.0,0.0,0.0,0.0,41
2023-05-10 22:33:35,OI311P8700,OI311P8700,698.5,0.0,0.0,0.0,14,688.5,696.0,2,698.5,0.0,0.0,0.0,0.0,0.0,41
2023-05-10 22:33:38,OI311P8700,OI311P8700,698.5,0.0,0.0,0.0,14,688.5,700.5,14,698.5,0.0,0.0,0.0,0.0,0.0,41
2023-05-10 22:33:54,OI311P8700,OI311P8700,698.5,0.0,0.0,0.0,14,688.5,700.5,8,698.5,0.0,0.0,0.0,0.0,0.0,41
2023-05-10 22:33:54,OI311P8700,OI311P8700,698.5,0.0,0.0,0.0,14,688.5,700.5,2,698.5,0.0,0.0,0.0,0.0,0.0,41
2023-05-10 22:33:55,OI311P8700,OI311P8700,698.5,0.0,0.0,0.0,2,691.0,700.5,2,698.5,0.0,0.0,0.0,0.0,0.0,41
2023-05-10 22:34:09,OI311P8700,OI311P8700,698.5,0.0,0.0,0.0,2,691.0,703.5,12,698.5,0.0,0.0,0.0,0.0,0.0,41
2023-05-10 22:34:09,OI311P8700,OI311P8700,698.5,0.0,0.0,0.0,8,693.5,704.5,8,698.5,0.0,0.0,0.0,0.0,0.0,41
2023-05-10 22:34:10,OI311P8700,OI311P8700,698.5,0.0,0.0,0.0,8,693.5,704.5,2,698.5,0.0,0.0,0.0,0.0,0.0,41
2023-05-10 22:34:12,OI311P8700,OI311P8700,698.5,0.0,0.0,0.0,14,693.5,704.5,2,698.5,0.0,0.0,0.0,0.0,0.0,41
2023-05-10 22:34:13,OI311P8700,OI311P8700,698.5,0.0,0.0,0.0,8,693.5,704.5,2,698.5,0.0,0.0,0.0,0.0,0.0,41
2023-05-10 22:34:14,OI311P8700,OI311P8700,698.5,0.0,0.0,0.0,14,693.5,704.5,2,698.5,0.0,0.0,0.0,0.0,0.0,41
2023-05-10 22:34:25,OI311P8700,OI311P8700,698.5,0.0,0.0,0.0,2,696.0,704.5,2,698.5,0.0,0.0,0.0,0.0,0.0,41
2023-05-10 22:34:28,OI311P8700,OI311P8700,698.5,0.0,0.0,0.0,2,696.0,708.0,12,698.5,0.0,0.0,0.0,0.0,0.0,41
2023-05-10 22:34:39,OI311P8700,OI311P8700,698.5,0.0,0.0,0.0,2,696.0,705.0,2,698.5,0.0,0.0,0.0,0.0,0.0,41
2023-05-10 22:34:41,OI311P8700,OI311P8700,698.5,0.0,0.0,0.0,14,693.5,705.0,2,698.5,0.0,0.0,0.0,0.0,0.0,41
2023-05-10 22:34:42,OI311P8700,OI311P8700,698.5,0.0,0.0,0.0,8,693.5,705.0,2,698.5,0.0,0.0,0.0,0.0,0.0,41
2023-05-10 22:34:42,OI311P8700,OI311P8700,698.5,0.0,0.0,0.0,2,693.5,705.0,2,698.5,0.0,0.0,0.0,0.0,0.0,41
2023-05-10 22:35:01,OI311P8700,OI311P8700,698.5,0.0,0.0,0.0,2,690.0,701.5,2,698.5,0.0,0.0,0.0,0.0,0.0,41
2023-05-10 22:35:07,OI311P8700,OI311P8700,698.5,0.0,0.0,0.0,6,686.5,701.5,2,698.5,0.0,0.0,0.0,0.0,0.0,41
2023-05-10 22:35:07,OI311P8700,OI311P8700,698.5,0.0,0.0,0.0,8,686.0,701.5,2,698.5,0.0,0.0,0.0,0.0,0.0,41
2023-05-10 22:35:08,OI311P8700,OI311P8700,698.5,0.0,0.0,0.0,6,687.0,701.5,2,698.5,0.0,0.0,0.0,0.0,0.0,41
2023-05-10 22:35:09,OI311P8700,OI311P8700,698.5,0.0,0.0,0.0,6,687.5,701.5,2,698.5,0.0,0.0,0.0,0.0,0.0,41
2023-05-10 22:35:10,OI311P8700,OI311P8700,698.5,0.0,0.0,0.0,6,687.0,701.5,2,698.5,0.0,0.0,0.0,0.0,0.0,41
2023-05-10 22:35:12,OI311P8700,OI311P8700,698.5,0.0,0.0,0.0,6,687.0,698.5,2,698.5,0.0,0.0,0.0,0.0,0.0,41
2023-05-10 22:35:14,OI311P8700,OI311P8700,698.5,0.0,0.0,0.0,14,686.0,698.5,14,698.5,0.0,0.0,0.0,0.0,0.0,41
2023-05-10 22:35:51,OI311P8700,OI311P8700,698.5,0.0,0.0,0.0,8,686.0,698.5,14,698.5,0.0,0.0,0.0,0.0,0.0,41
2023-05-10 22:36:27,OI311P8700,OI311P8700,698.5,0.0,0.0,0.0,2,686.0,695.0,2,698.5,0.0,0.0,0.0,0.0,0.0,41
2023-05-10 22:36:31,OI311P8700,OI311P8700,698.5,0.0,0.0,0.0,6,684.5,695.0,2,698.5,0.0,0.0,0.0,0.0,0.0,41
2023-05-10 22:36:54,OI311P8700,OI311P8700,698.5,0.0,0.0,0.0,2,686.0,695.0,2,698.5,0.0,0.0,0.0,0.0,0.0,41
2023-05-10 22:36:54,OI311P8700,OI311P8700,698.5,0.0,0.0,0.0,14,686.0,695.0,2,698.5,0.0,0.0,0.0,0.0,0.0,41
2023-05-10 22:36:58,OI311P8700,OI311P8700,698.5,0.0,0.0,0.0,14,686.0,698.5,14,698.5,0.0,0.0,0.0,0.0,0.0,41
2023-05-10 22:37:01,OI311P8700,OI311P8700,698.5,0.0,0.0,0.0,2,688.5,698.5,14,698.5,0.0,0.0,0.0,0.0,0.0,41
2023-05-10 22:37:02,OI311P8700,OI311P8700,698.5,0.0,0.0,0.0,2,688.5,698.5,8,698.5,0.0,0.0,0.0,0.0,0.0,41
2023-05-10 22:37:07,OI311P8700,OI311P8700,698.5,0.0,0.0,0.0,2,688.5,698.5,14,698.5,0.0,0.0,0.0,0.0,0.0,41
2023-05-10 22:37:15,OI311P8700,OI311P8700,698.5,0.0,0.0,0.0,8,688.5,698.5,2,698.5,0.0,0.0,0.0,0.0,0.0,41
2023-05-10 22:37:17,OI311P8700,OI311P8700,698.5,0.0,0.0,0.0,14,688.5,698.5,2,698.5,0.0,0.0,0.0,0.0,0.0,41
2023-05-10 22:37:17,OI311P8700,OI311P8700,698.5,0.0,0.0,0.0,14,688.5,701.5,6,698.5,0.0,0.0,0.0,0.0,0.0,41
2023-05-10 22:37:20,OI311P8700,OI311P8700,698.5,0.0,0.0,0.0,8,691.5,702.5,8,698.5,0.0,0.0,0.0,0.0,0.0,41
2023-05-10 22:37:21,OI311P8700,OI311P8700,698.5,0.0,0.0,0.0,14,691.5,702.5,2,698.5,0.0,0.0,0.0,0.0,0.0,41
2023-05-10 22:37:35,OI311P8700,OI311P8700,698.5,0.0,0.0,0.0,8,691.5,702.5,2,698.5,0.0,0.0,0.0,0.0,0.0,41
2023-05-10 22:37:57,OI311P8700,OI311P8700,698.5,0.0,0.0,0.0,8,688.5,699.0,2,698.5,0.0,0.0,0.0,0.0,0.0,41
2023-05-10 22:39:05,OI311P8700,OI311P8700,698.5,0.0,0.0,0.0,6,688.5,699.0,2,698.5,0.0,0.0,0.0,0.0,0.0,41
2023-05-10 22:39:06,OI311P8700,OI311P8700,698.5,0.0,0.0,0.0,12,684.5,699.0,8,698.5,0.0,0.0,0.0,0.0,0.0,41
2023-05-10 22:39:07,OI311P8700,OI311P8700,698.5,0.0,0.0,0.0,14,684.5,699.0,8,698.5,0.0,0.0,0.0,0.0,0.0,41
2023-05-10 22:39:07,OI311P8700,OI311P8700,698.5,0.0,0.0,0.0,8,684.5,699.0,14,698.5,0.0,0.0,0.0,0.0,0.0,41
2023-05-10 22:39:09,OI311P8700,OI311P8700,698.5,0.0,0.0,0.0,8,684.5,695.0,2,698.5,0.0,0.0,0.0,0.0,0.0,41
2023-05-10 22:39:54,OI311P8700,OI311P8700,698.5,0.0,0.0,0.0,6,684.5,695.0,2,698.5,0.0,0.0,0.0,0.0,0.0,41
2023-05-10 22:39:54,OI311P8700,OI311P8700,698.5,0.0,0.0,0.0,6,671.0,695.0,8,698.5,0.0,0.0,0.0,0.0,0.0,41
2023-05-10 22:39:55,OI311P8700,OI311P8700,698.5,0.0,0.0,0.0,2,679.5,691.5,2,698.5,0.0,0.0,0.0,0.0,0.0,41
2023-05-10 22:39:55,OI311P8700,OI311P8700,698.5,0.0,0.0,0.0,8,679.5,691.5,8,698.5,0.0,0.0,0.0,0.0,0.0,41
2023-05-10 22:39:57,OI311P8700,OI311P8700,698.5,0.0,0.0,0.0,8,679.5,691.5,14,698.5,0.0,0.0,0.0,0.0,0.0,41
2023-05-10 22:41:00,OI311P8700,OI311P8700,698.5,0.0,0.0,0.0,2,682.0,691.5,14,698.5,0.0,0.0,0.0,0.0,0.0,41
2023-05-10 22:41:00,OI311P8700,OI311P8700,698.5,0.0,0.0,0.0,14,682.0,691.5,2,698.5,0.0,0.0,0.0,0.0,0.0,41
2023-05-10 22:41:02,OI311P8700,OI311P8700,698.5,0.0,0.0,0.0,14,682.0,695.0,2,698.5,0.0,0.0,0.0,0.0,0.0,41
2023-05-10 22:41:04,OI311P8700,OI311P8700,698.5,0.0,0.0,0.0,2,684.5,695.0,2,698.5,0.0,0.0,0.0,0.0,0.0,41
2023-05-10 22:41:05,OI311P8700,OI311P8700,698.5,0.0,0.0,0.0,14,684.5,695.0,2,698.5,0.0,0.0,0.0,0.0,0.0,41
2023-05-10 22:41:09,OI311P8700,OI311P8700,698.5,0.0,0.0,0.0,8,684.5,695.0,2,698.5,0.0,0.0,0.0,0.0,0.0,41
2023-05-10 22:42:52,OI311P8700,OI311P8700,698.5,0.0,0.0,0.0,6,684.5,695.0,2,698.5,0.0,0.0,0.0,0.0,0.0,41
2023-05-10 22:44:01,OI311P8700,OI311P8700,698.5,0.0,0.0,0.0,2,685.0,695.0,2,698.5,0.0,0.0,0.0,0.0,0.0,41
2023-05-10 22:44:10,OI311P8700,OI311P8700,698.5,0.0,0.0,0.0,8,685.0,695.0,2,698.5,0.0,0.0,0.0,0.0,0.0,41
2023-05-10 22:44:11,OI311P8700,OI311P8700,698.5,0.0,0.0,0.0,8,685.0,710.0,6,698.5,0.0,0.0,0.0,0.0,0.0,41
2023-05-10 22:44:12,OI311P8700,OI311P8700,698.5,0.0,0.0,0.0,8,688.0,700.0,8,698.5,0.0,0.0,0.0,0.0,0.0,41
2023-05-10 22:44:12,OI311P8700,OI311P8700,698.5,0.0,0.0,0.0,8,688.0,700.0,14,698.5,0.0,0.0,0.0,0.0,0.0,41
2023-05-10 22:44:55,OI311P8700,OI311P8700,698.5,0.0,0.0,0.0,8,688.0,697.0,2,698.5,0.0,0.0,0.0,0.0,0.0,41
2023-05-10 22:45:03,OI311P8700,OI311P8700,698.5,0.0,0.0,0.0,2,688.0,697.0,8,698.5,0.0,0.0,0.0,0.0,0.0,41
2023-05-10 22:45:03,OI311P8700,OI311P8700,698.5,0.0,0.0,0.0,2,688.0,697.0,14,698.5,0.0,0.0,0.0,0.0,0.0,41
2023-05-10 22:45:10,OI311P8700,OI311P8700,698.5,0.0,0.0,0.0,2,688.0,697.0,8,698.5,0.0,0.0,0.0,0.0,0.0,41
2023-05-10 22:45:14,OI311P8700,OI311P8700,698.5,0.0,0.0,0.0,8,688.0,697.0,2,698.5,0.0,0.0,0.0,0.0,0.0,41
2023-05-10 22:45:14,OI311P8700,OI311P8700,698.5,0.0,0.0,0.0,14,688.0,697.0,2,698.5,0.0,0.0,0.0,0.0,0.0,41
2023-05-10 22:45:59,OI311P8700,OI311P8700,698.5,0.0,0.0,0.0,8,688.0,697.0,2,698.5,0.0,0.0,0.0,0.0,0.0,41
2023-05-10 22:46:28,OI311P8700,OI311P8700,698.5,0.0,0.0,0.0,2,688.0,697.0,14,698.5,0.0,0.0,0.0,0.0,0.0,41
2023-05-10 22:46:29,OI311P8700,OI311P8700,698.5,0.0,0.0,0.0,6,686.5,697.0,14,698.5,0.0,0.0,0.0,0.0,0.0,41
2023-05-10 22:46:42,OI311P8700,OI311P8700,698.5,0.0,0.0,0.0,2,685.0,697.0,14,698.5,0.0,0.0,0.0,0.0,0.0,41
2023-05-10 22:46:55,OI311P8700,OI311P8700,698.5,0.0,0.0,0.0,2,685.0,693.5,2,698.5,0.0,0.0,0.0,0.0,0.0,41
2023-05-10 22:46:55,OI311P8700,OI311P8700,698.5,0.0,0.0,0.0,6,683.0,693.5,2,698.5,0.0,0.0,0.0,0.0,0.0,41
2023-05-10 22:46:56,OI311P8700,OI311P8700,698.5,0.0,0.0,0.0,6,671.5,693.5,8,698.5,0.0,0.0,0.0,0.0,0.0,41
2023-05-10 22:46:57,OI311P8700,OI311P8700,698.5,0.0,0.0,0.0,8,680.0,693.5,8,698.5,0.0,0.0,0.0,0.0,0.0,41
2023-05-10 22:46:57,OI311P8700,OI311P8700,698.5,0.0,0.0,0.0,14,680.0,693.5,14,698.5,0.0,0.0,0.0,0.0,0.0,41
2023-05-10 22:47:06,OI311P8700,OI311P8700,698.5,0.0,0.0,0.0,2,680.5,693.5,14,698.5,0.0,0.0,0.0,0.0,0.0,41
2023-05-10 22:47:08,OI311P8700,OI311P8700,698.5,0.0,0.0,0.0,8,683.0,693.5,8,698.5,0.0,0.0,0.0,0.0,0.0,41
2023-05-10 22:47:08,OI311P8700,OI311P8700,698.5,0.0,0.0,0.0,14,683.0,693.5,2,698.5,0.0,0.0,0.0,0.0,0.0,41
2023-05-10 22:48:01,OI311P8700,OI311P8700,698.5,0.0,0.0,0.0,2,685.0,693.5,2,698.5,0.0,0.0,0.0,0.0,0.0,41
2023-05-10 22:48:02,OI311P8700,OI311P8700,698.5,0.0,0.0,0.0,8,685.0,693.5,2,698.5,0.0,0.0,0.0,0.0,0.0,41
2023-05-10 22:48:02,OI311P8700,OI311P8700,698.5,0.0,0.0,0.0,14,685.0,693.5,2,698.5,0.0,0.0,0.0,0.0,0.0,41
2023-05-10 22:48:15,OI311P8700,OI311P8700,698.5,0.0,0.0,0.0,6,684.5,693.5,2,698.5,0.0,0.0,0.0,0.0,0.0,41
2023-05-10 22:50:46,OI311P8700,OI311P8700,698.5,0.0,0.0,0.0,2,683.0,693.5,8,698.5,0.0,0.0,0.0,0.0,0.0,41
2023-05-10 22:50:48,OI311P8700,OI311P8700,698.5,0.0,0.0,0.0,6,681.5,693.5,14,698.5,0.0,0.0,0.0,0.0,0.0,41
2023-05-10 22:51:49,OI311P8700,OI311P8700,698.5,0.0,0.0,0.0,6,681.5,691.0,2,698.5,0.0,0.0,0.0,0.0,0.0,41
2023-05-10 22:53:10,OI311P8700,OI311P8700,698.5,0.0,0.0,0.0,12,678.5,691.0,8,698.5,0.0,0.0,0.0,0.0,0.0,41
2023-05-10 22:53:10,OI311P8700,OI311P8700,698.5,0.0,0.0,0.0,6,678.5,691.0,14,698.5,0.0,0.0,0.0,0.0,0.0,41
2023-05-10 22:53:17,OI311P8700,OI311P8700,698.5,0.0,0.0,0.0,6,678.5,687.0,2,698.5,0.0,0.0,0.0,0.0,0.0,41
2023-05-10 22:53:18,OI311P8700,OI311P8700,698.5,0.0,0.0,0.0,6,677.0,687.0,14,698.5,0.0,0.0,0.0,0.0,0.0,41
2023-05-10 22:53:26,OI311P8700,OI311P8700,698.5,0.0,0.0,0.0,6,677.0,687.0,8,698.5,0.0,0.0,0.0,0.0,0.0,41
2023-05-10 22:53:44,OI311P8700,OI311P8700,698.5,0.0,0.0,0.0,14,676.5,687.0,2,698.5,0.0,0.0,0.0,0.0,0.0,41
2023-05-10 22:53:45,OI311P8700,OI311P8700,698.5,0.0,0.0,0.0,8,679.0,687.0,2,698.5,0.0,0.0,0.0,0.0,0.0,41
2023-05-10 22:53:48,OI311P8700,OI311P8700,698.5,0.0,0.0,0.0,8,679.0,690.0,6,698.5,0.0,0.0,0.0,0.0,0.0,41
2023-05-10 22:55:20,OI311P8700,OI311P8700,698.5,0.0,0.0,0.0,14,679.0,690.0,6,698.5,0.0,0.0,0.0,0.0,0.0,41
2023-05-10 22:55:28,OI311P8700,OI311P8700,698.5,0.0,0.0,0.0,14,679.0,690.0,12,698.5,0.0,0.0,0.0,0.0,0.0,41
2023-05-10 22:56:07,OI311P8700,OI311P8700,698.5,0.0,0.0,0.0,12,679.0,690.0,12,698.5,0.0,0.0,0.0,0.0,0.0,41
2023-05-10 22:56:15,OI311P8700,OI311P8700,698.5,0.0,0.0,0.0,12,679.0,690.0,6,698.5,0.0,0.0,0.0,0.0,0.0,41
2023-05-10 22:57:00,OI311P8700,OI311P8700,698.5,0.0,0.0,0.0,12,679.0,690.0,12,698.5,0.0,0.0,0.0,0.0,0.0,41
2023-05-10 22:57:20,OI311P8700,OI311P8700,698.5,0.0,0.0,0.0,12,679.0,690.0,6,698.5,0.0,0.0,0.0,0.0,0.0,41
2023-05-10 22:57:30,OI311P8700,OI311P8700,698.5,0.0,0.0,0.0,12,679.0,692.5,6,698.5,0.0,0.0,0.0,0.0,0.0,41
2023-05-10 22:58:20,OI311P8700,OI311P8700,698.5,0.0,0.0,0.0,6,679.0,692.5,6,698.5,0.0,0.0,0.0,0.0,0.0,41
2023-05-10 22:58:21,OI311P8700,OI311P8700,698.5,0.0,0.0,0.0,1,291.5,0.0,0,698.5,0.0,0.0,0.0,0.0,0.0,41
2023-05-10 22:58:21,OI311P8700,OI311P8700,698.5,0.0,0.0,0.0,1,293.0,1355.5,1,698.5,0.0,0.0,0.0,0.0,0.0,41
2023-05-10 22:59:53,OI311P8700,OI311P8700,698.5,0.0,0.0,0.0,1,168.0,0.0,0,698.5,0.0,0.0,0.0,0.0,0.0,41
2023-05-11 09:00:10,OI311P8700,OI311P8700,698.5,0.0,0.0,0.0,1,527.0,856.0,1,698.5,0.0,0.0,0.0,0.0,0.0,41
2023-05-11 09:01:31,OI311P8700,OI311P8700,698.5,0.0,0.0,0.0,2,686.5,698.5,2,698.5,0.0,0.0,0.0,0.0,0.0,41
2023-05-11 09:01:43,OI311P8700,OI311P8700,698.5,0.0,0.0,0.0,2,689.0,698.5,2,698.5,0.0,0.0,0.0,0.0,0.0,41
2023-05-11 09:01:53,OI311P8700,OI311P8700,698.5,0.0,0.0,0.0,2,691.5,703.0,2,698.5,0.0,0.0,0.0,0.0,0.0,41
2023-05-11 09:01:58,OI311P8700,OI311P8700,698.5,0.0,0.0,0.0,8,691.5,703.0,2,698.5,0.0,0.0,0.0,0.0,0.0,41
2023-05-11 09:02:08,OI311P8700,OI311P8700,698.5,0.0,0.0,0.0,2,691.5,700.5,2,698.5,0.0,0.0,0.0,0.0,0.0,41
2023-05-11 09:02:08,OI311P8700,OI311P8700,698.5,0.0,0.0,0.0,6,689.5,700.5,2,698.5,0.0,0.0,0.0,0.0,0.0,41
2023-05-11 09:02:15,OI311P8700,OI311P8700,698.5,0.0,0.0,0.0,2,689.0,700.5,8,698.5,0.0,0.0,0.0,0.0,0.0,41
2023-05-11 09:02:16,OI311P8700,OI311P8700,698.5,0.0,0.0,0.0,2,689.0,697.5,2,698.5,0.0,0.0,0.0,0.0,0.0,41
2023-05-11 09:02:29,OI311P8700,OI311P8700,698.5,0.0,0.0,0.0,2,689.0,700.5,14,698.5,0.0,0.0,0.0,0.0,0.0,41
2023-05-11 09:02:30,OI311P8700,OI311P8700,698.5,0.0,0.0,0.0,8,689.0,700.5,8,698.5,0.0,0.0,0.0,0.0,0.0,41
2023-05-11 09:02:30,OI311P8700,OI311P8700,698.5,0.0,0.0,0.0,14,689.0,700.5,2,698.5,0.0,0.0,0.0,0.0,0.0,41
2023-05-11 09:02:37,OI311P8700,OI311P8700,698.5,0.0,0.0,0.0,2,690.5,700.5,2,698.5,0.0,0.0,0.0,0.0,0.0,41
2023-05-11 09:02:50,OI311P8700,OI311P8700,698.5,0.0,0.0,0.0,8,690.5,704.0,6,698.5,0.0,0.0,0.0,0.0,0.0,41
2023-05-11 09:02:51,OI311P8700,OI311P8700,698.5,0.0,0.0,0.0,14,690.5,704.0,2,698.5,0.0,0.0,0.0,0.0,0.0,41
2023-05-11 09:02:53,OI311P8700,OI311P8700,698.5,0.0,0.0,0.0,2,693.0,704.0,2,698.5,0.0,0.0,0.0,0.0,0.0,41
2023-05-11 09:03:01,OI311P8700,OI311P8700,698.5,0.0,0.0,0.0,2,693.0,704.0,8,698.5,0.0,0.0,0.0,0.0,0.0,41
2023-05-11 09:03:01,OI311P8700,OI311P8700,698.5,0.0,0.0,0.0,2,693.0,704.0,14,698.5,0.0,0.0,0.0,0.0,0.0,41
2023-05-11 09:03:02,OI311P8700,OI311P8700,698.5,0.0,0.0,0.0,2,693.0,701.0,2,698.5,0.0,0.0,0.0,0.0,0.0,41
2023-05-11 09:03:03,OI311P8700,OI311P8700,698.5,0.0,0.0,0.0,8,690.5,701.0,2,698.5,0.0,0.0,0.0,0.0,0.0,41
2023-05-11 09:03:31,OI311P8700,OI311P8700,698.5,0.0,0.0,0.0,2,692.5,701.0,2,698.5,0.0,0.0,0.0,0.0,0.0,41
2023-05-11 09:03:31,OI311P8700,OI311P8700,698.5,0.0,0.0,0.0,2,692.5,704.0,2,698.5,0.0,0.0,0.0,0.0,0.0,41
2023-05-11 09:04:25,OI311P8700,OI311P8700,698.5,0.0,0.0,0.0,2,692.5,702.0,2,698.5,0.0,0.0,0.0,0.0,0.0,41
2023-05-11 09:05:15,OI311P8700,OI311P8700,698.5,0.0,0.0,0.0,14,692.5,702.0,2,698.5,0.0,0.0,0.0,0.0,0.0,41
2023-05-11 09:05:16,OI311P8700,OI311P8700,698.5,0.0,0.0,0.0,14,692.5,704.0,2,698.5,0.0,0.0,0.0,0.0,0.0,41
2023-05-11 09:05:24,OI311P8700,OI311P8700,698.5,0.0,0.0,0.0,2,695.0,704.0,2,698.5,0.0,0.0,0.0,0.0,0.0,41
2023-05-11 09:05:52,OI311P8700,OI311P8700,698.5,0.0,0.0,0.0,2,695.0,708.0,14,698.5,0.0,0.0,0.0,0.0,0.0,41
2023-05-11 09:05:53,OI311P8700,OI311P8700,698.5,0.0,0.0,0.0,8,695.0,708.0,8,698.5,0.0,0.0,0.0,0.0,0.0,41
2023-05-11 09:05:53,OI311P8700,OI311P8700,698.5,0.0,0.0,0.0,14,695.0,708.0,2,698.5,0.0,0.0,0.0,0.0,0.0,41
2023-05-11 09:05:55,OI311P8700,OI311P8700,698.5,0.0,0.0,0.0,2,698.5,708.0,2,698.5,0.0,0.0,0.0,0.0,0.0,41
2023-05-11 09:05:55,OI311P8700,OI311P8700,698.5,0.0,0.0,0.0,8,698.5,708.0,2,698.5,0.0,0.0,0.0,0.0,0.0,41
2023-05-11 09:05:58,OI311P8700,OI311P8700,698.5,0.0,0.0,0.0,14,698.5,708.0,2,698.5,0.0,0.0,0.0,0.0,0.0,41
2023-05-11 09:05:58,OI311P8700,OI311P8700,698.5,0.0,0.0,0.0,14,698.5,714.5,12,698.5,0.0,0.0,0.0,0.0,0.0,41
2023-05-11 09:06:00,OI311P8700,OI311P8700,698.5,0.0,0.0,0.0,2,701.0,712.0,2,698.5,0.0,0.0,0.0,0.0,0.0,41
2023-05-11 09:06:06,OI311P8700,OI311P8700,698.5,0.0,0.0,0.0,2,701.0,709.0,2,698.5,0.0,0.0,0.0,0.0,0.0,41
2023-05-11 09:06:07,OI311P8700,OI311P8700,698.5,0.0,0.0,0.0,2,698.5,709.0,2,698.5,0.0,0.0,0.0,0.0,0.0,41
2023-05-11 09:06:38,OI311P8700,OI311P8700,698.5,0.0,0.0,0.0,2,701.5,709.0,2,698.5,0.0,0.0,0.0,0.0,0.0,41
2023-05-11 09:06:38,OI311P8700,OI311P8700,698.5,0.0,0.0,0.0,2,701.5,712.0,2,698.5,0.0,0.0,0.0,0.0,0.0,41
2023-05-11 09:06:39,OI311P8700,OI311P8700,698.5,0.0,0.0,0.0,8,701.5,712.0,2,698.5,0.0,0.0,0.0,0.0,0.0,41
2023-05-11 09:06:54,OI311P8700,OI311P8700,698.5,0.0,0.0,0.0,2,704.5,715.5,2,698.5,0.0,0.0,0.0,0.0,0.0,41
2023-05-11 09:06:54,OI311P8700,OI311P8700,698.5,0.0,0.0,0.0,8,704.5,715.5,2,698.5,0.0,0.0,0.0,0.0,0.0,41
2023-05-11 09:06:56,OI311P8700,OI311P8700,698.5,0.0,0.0,0.0,14,704.5,715.5,2,698.5,0.0,0.0,0.0,0.0,0.0,41
2023-05-11 09:07:16,OI311P8700,OI311P8700,698.5,0.0,0.0,0.0,8,704.5,715.5,2,698.5,0.0,0.0,0.0,0.0,0.0,41
2023-05-11 09:07:17,OI311P8700,OI311P8700,698.5,0.0,0.0,0.0,8,707.5,715.5,2,698.5,0.0,0.0,0.0,0.0,0.0,41
2023-05-11 09:07:17,OI311P8700,OI311P8700,698.5,0.0,0.0,0.0,14,707.5,715.5,2,698.5,0.0,0.0,0.0,0.0,0.0,41
2023-05-11 09:07:19,OI311P8700,OI311P8700,698.5,0.0,0.0,0.0,8,707.5,715.5,2,698.5,0.0,0.0,0.0,0.0,0.0,41
2023-05-11 09:07:42,OI311P8700,OI311P8700,698.5,0.0,0.0,0.0,8,707.5,722.5,12,698.5,0.0,0.0,0.0,0.0,0.0,41
2023-05-11 09:07:43,OI311P8700,OI311P8700,698.5,0.0,0.0,0.0,8,707.5,720.0,2,698.5,0.0,0.0,0.0,0.0,0.0,41
2023-05-11 09:07:55,OI311P8700,OI311P8700,698.5,0.0,0.0,0.0,8,707.5,718.5,2,698.5,0.0,0.0,0.0,0.0,0.0,41
2023-05-11 09:08:06,OI311P8700,OI311P8700,698.5,0.0,0.0,0.0,8,707.5,717.5,2,698.5,0.0,0.0,0.0,0.0,0.0,41
2023-05-11 09:08:10,OI311P8700,OI311P8700,698.5,0.0,0.0,0.0,2,707.5,717.5,2,698.5,0.0,0.0,0.0,0.0,0.0,41
2023-05-11 09:08:21,OI311P8700,OI311P8700,698.5,0.0,0.0,0.0,8,707.5,717.5,2,698.5,0.0,0.0,0.0,0.0,0.0,41
2023-05-11 09:08:21,OI311P8700,OI311P8700,698.5,0.0,0.0,0.0,14,707.5,717.5,2,698.5,0.0,0.0,0.0,0.0,0.0,41
2023-05-11 09:08:32,OI311P8700,OI311P8700,698.5,0.0,0.0,0.0,8,707.5,718.5,2,698.5,0.0,0.0,0.0,0.0,0.0,41
2023-05-11 09:08:46,OI311P8700,OI311P8700,698.5,0.0,0.0,0.0,2,707.5,716.5,2,698.5,0.0,0.0,0.0,0.0,0.0,41
2023-05-11 09:08:47,OI311P8700,OI311P8700,698.5,0.0,0.0,0.0,6,706.0,716.5,2,698.5,0.0,0.0,0.0,0.0,0.0,41
2023-05-11 09:08:53,OI311P8700,OI311P8700,698.5,0.0,0.0,0.0,6,706.0,713.5,2,698.5,0.0,0.0,0.0,0.0,0.0,41
2023-05-11 09:08:54,OI311P8700,OI311P8700,698.5,0.0,0.0,0.0,2,704.5,713.5,2,698.5,0.0,0.0,0.0,0.0,0.0,41
2023-05-11 09:09:15,OI311P8700,OI311P8700,698.5,0.0,0.0,0.0,6,703.0,713.5,2,698.5,0.0,0.0,0.0,0.0,0.0,41
2023-05-11 09:09:39,OI311P8700,OI311P8700,698.5,0.0,0.0,0.0,2,705.0,713.5,2,698.5,0.0,0.0,0.0,0.0,0.0,41
2023-05-11 09:09:53,OI311P8700,OI311P8700,698.5,0.0,0.0,0.0,8,705.0,713.5,2,698.5,0.0,0.0,0.0,0.0,0.0,41
2023-05-11 09:09:53,OI311P8700,OI311P8700,698.5,0.0,0.0,0.0,14,705.0,713.5,2,698.5,0.0,0.0,0.0,0.0,0.0,41
2023-05-11 09:09:55,OI311P8700,OI311P8700,698.5,0.0,0.0,0.0,14,705.0,716.5,2,698.5,0.0,0.0,0.0,0.0,0.0,41
2023-05-11 09:10:06,OI311P8700,OI311P8700,698.5,0.0,0.0,0.0,2,707.5,716.5,2,698.5,0.0,0.0,0.0,0.0,0.0,41
2023-05-11 09:10:07,OI311P8700,OI311P8700,698.5,0.0,0.0,0.0,8,707.5,720.0,6,698.5,0.0,0.0,0.0,0.0,0.0,41
2023-05-11 09:10:07,OI311P8700,OI311P8700,698.5,0.0,0.0,0.0,8,707.5,733.5,6,698.5,0.0,0.0,0.0,0.0,0.0,41
2023-05-11 09:10:09,OI311P8700,OI311P8700,698.5,0.0,0.0,0.0,8,707.5,720.0,2,698.5,0.0,0.0,0.0,0.0,0.0,41
2023-05-11 09:10:09,OI311P8700,OI311P8700,698.5,0.0,0.0,0.0,14,707.5,720.0,2,698.5,0.0,0.0,0.0,0.0,0.0,41
2023-05-11 09:10:11,OI311P8700,OI311P8700,698.5,0.0,0.0,0.0,8,707.5,720.0,2,698.5,0.0,0.0,0.0,0.0,0.0,41
2023-05-11 09:10:14,OI311P8700,OI311P8700,698.5,0.0,0.0,0.0,2,707.5,720.0,8,698.5,0.0,0.0,0.0,0.0,0.0,41
2023-05-11 09:10:15,OI311P8700,OI311P8700,698.5,0.0,0.0,0.0,2,707.5,717.5,2,698.5,0.0,0.0,0.0,0.0,0.0,41
2023-05-11 09:10:34,OI311P8700,OI311P8700,698.5,0.0,0.0,0.0,8,707.5,717.5,2,698.5,0.0,0.0,0.0,0.0,0.0,41
2023-05-11 09:10:35,OI311P8700,OI311P8700,698.5,0.0,0.0,0.0,8,707.5,720.0,2,698.5,0.0,0.0,0.0,0.0,0.0,41
2023-05-11 09:10:35,OI311P8700,OI311P8700,698.5,0.0,0.0,0.0,8,710.5,720.0,2,698.5,0.0,0.0,0.0,0.0,0.0,41
2023-05-11 09:10:56,OI311P8700,OI311P8700,698.5,0.0,0.0,0.0,2,710.5,720.0,2,698.5,0.0,0.0,0.0,0.0,0.0,41
2023-05-11 09:11:00,OI311P8700,OI311P8700,698.5,0.0,0.0,0.0,8,710.5,720.0,2,698.5,0.0,0.0,0.0,0.0,0.0,41
2023-05-11 09:11:07,OI311P8700,OI311P8700,698.5,0.0,0.0,0.0,8,710.5,724.0,14,698.5,0.0,0.0,0.0,0.0,0.0,41
2023-05-11 09:11:18,OI311P8700,OI311P8700,698.5,0.0,0.0,0.0,8,710.5,724.0,8,698.5,0.0,0.0,0.0,0.0,0.0,41
2023-05-11 09:11:19,OI311P8700,OI311P8700,698.5,0.0,0.0,0.0,14,710.5,724.0,2,698.5,0.0,0.0,0.0,0.0,0.0,41
2023-05-11 09:11:34,OI311P8700,OI311P8700,698.5,0.0,0.0,0.0,2,713.5,724.0,2,698.5,0.0,0.0,0.0,0.0,0.0,41
2023-05-11 09:11:34,OI311P8700,OI311P8700,698.5,0.0,0.0,0.0,8,713.5,724.0,2,698.5,0.0,0.0,0.0,0.0,0.0,41
2023-05-11 09:11:40,OI311P8700,OI311P8700,698.5,0.0,0.0,0.0,14,713.5,724.0,2,698.5,0.0,0.0,0.0,0.0,0.0,41
2023-05-11 09:11:42,OI311P8700,OI311P8700,698.5,0.0,0.0,0.0,8,716.5,728.0,2,698.5,0.0,0.0,0.0,0.0,0.0,41
2023-05-11 09:11:42,OI311P8700,OI311P8700,698.5,0.0,0.0,0.0,14,716.5,728.0,2,698.5,0.0,0.0,0.0,0.0,0.0,41
2023-05-11 09:12:01,OI311P8700,OI311P8700,698.5,0.0,0.0,0.0,2,720.0,732.0,2,698.5,0.0,0.0,0.0,0.0,0.0,41
2023-05-11 09:12:01,OI311P8700,OI311P8700,698.5,0.0,0.0,0.0,8,720.0,732.0,2,698.5,0.0,0.0,0.0,0.0,0.0,41
2023-05-11 09:12:05,OI311P8700,OI311P8700,698.5,0.0,0.0,0.0,14,720.0,732.0,2,698.5,0.0,0.0,0.0,0.0,0.0,41
2023-05-11 09:12:12,OI311P8700,OI311P8700,698.5,0.0,0.0,0.0,8,723.0,732.0,2,698.5,0.0,0.0,0.0,0.0,0.0,41
2023-05-11 09:12:12,OI311P8700,OI311P8700,698.5,0.0,0.0,0.0,14,723.0,732.0,2,698.5,0.0,0.0,0.0,0.0,0.0,41
2023-05-11 09:12:15,OI311P8700,OI311P8700,698.5,0.0,0.0,0.0,14,723.0,736.0,2,698.5,0.0,0.0,0.0,0.0,0.0,41
2023-05-11 09:12:28,OI311P8700,OI311P8700,698.5,0.0,0.0,0.0,2,725.0,736.0,2,698.5,0.0,0.0,0.0,0.0,0.0,41
2023-05-11 09:12:29,OI311P8700,OI311P8700,698.5,0.0,0.0,0.0,8,725.0,736.0,2,698.5,0.0,0.0,0.0,0.0,0.0,41
2023-05-11 09:12:31,OI311P8700,OI311P8700,698.5,0.0,0.0,0.0,14,725.0,736.0,2,698.5,0.0,0.0,0.0,0.0,0.0,41
2023-05-11 09:12:45,OI311P8700,OI311P8700,698.5,0.0,0.0,0.0,8,725.0,736.0,2,698.5,0.0,0.0,0.0,0.0,0.0,41
2023-05-11 09:13:00,OI311P8700,OI311P8700,698.5,0.0,0.0,0.0,8,725.0,733.0,2,698.5,0.0,0.0,0.0,0.0,0.0,41
2023-05-11 09:13:02,OI311P8700,OI311P8700,698.5,0.0,0.0,0.0,8,725.0,736.0,2,698.5,0.0,0.0,0.0,0.0,0.0,41
2023-05-11 09:13:03,OI311P8700,OI311P8700,698.5,0.0,0.0,0.0,14,725.0,736.0,2,698.5,0.0,0.0,0.0,0.0,0.0,41
2023-05-11 09:13:08,OI311P8700,OI311P8700,698.5,0.0,0.0,0.0,8,725.0,736.0,2,698.5,0.0,0.0,0.0,0.0,0.0,41
2023-05-11 09:13:18,OI311P8700,OI311P8700,698.5,0.0,0.0,0.0,2,725.0,736.0,8,698.5,0.0,0.0,0.0,0.0,0.0,41
2023-05-11 09:13:19,OI311P8700,OI311P8700,698.5,0.0,0.0,0.0,2,725.0,733.0,2,698.5,0.0,0.0,0.0,0.0,0.0,41
2023-05-11 09:13:20,OI311P8700,OI311P8700,698.5,0.0,0.0,0.0,8,723.0,733.0,2,698.5,0.0,0.0,0.0,0.0,0.0,41
2023-05-11 09:13:31,OI311P8700,OI311P8700,698.5,0.0,0.0,0.0,14,723.0,733.0,2,698.5,0.0,0.0,0.0,0.0,0.0,41
2023-05-11 09:13:41,OI311P8700,OI311P8700,698.5,0.0,0.0,0.0,2,726.0,736.0,2,698.5,0.0,0.0,0.0,0.0,0.0,41
2023-05-11 09:13:41,OI311P8700,OI311P8700,698.5,0.0,0.0,0.0,8,726.0,736.0,2,698.5,0.0,0.0,0.0,0.0,0.0,41
2023-05-11 09:13:43,OI311P8700,OI311P8700,698.5,0.0,0.0,0.0,14,726.0,736.0,2,698.5,0.0,0.0,0.0,0.0,0.0,41
2023-05-11 09:13:44,OI311P8700,OI311P8700,698.5,0.0,0.0,0.0,8,726.0,736.0,2,698.5,0.0,0.0,0.0,0.0,0.0,41
2023-05-11 09:13:49,OI311P8700,OI311P8700,698.5,0.0,0.0,0.0,2,726.0,736.0,2,698.5,0.0,0.0,0.0,0.0,0.0,41
2023-05-11 09:13:58,OI311P8700,OI311P8700,698.5,0.0,0.0,0.0,14,726.0,736.0,2,698.5,0.0,0.0,0.0,0.0,0.0,41
2023-05-11 09:14:06,OI311P8700,OI311P8700,698.5,0.0,0.0,0.0,2,726.0,736.0,2,698.5,0.0,0.0,0.0,0.0,0.0,41
2023-05-11 09:14:08,OI311P8700,OI311P8700,698.5,0.0,0.0,0.0,6,723.5,736.0,2,698.5,0.0,0.0,0.0,0.0,0.0,41
2023-05-11 09:14:09,OI311P8700,OI311P8700,698.5,0.0,0.0,0.0,6,723.5,733.0,2,698.5,0.0,0.0,0.0,0.0,0.0,41
2023-05-11 09:15:00,OI311P8700,OI311P8700,698.5,0.0,0.0,0.0,12,723.5,733.0,2,698.5,0.0,0.0,0.0,0.0,0.0,41
2023-05-11 09:15:03,OI311P8700,OI311P8700,698.5,0.0,0.0,0.0,6,723.5,733.0,2,698.5,0.0,0.0,0.0,0.0,0.0,41
2023-05-11 09:15:03,OI311P8700,OI311P8700,698.5,0.0,0.0,0.0,2,723.0,733.0,2,698.5,0.0,0.0,0.0,0.0,0.0,41
2023-05-11 09:15:07,OI311P8700,OI311P8700,698.5,0.0,0.0,0.0,6,721.0,733.0,2,698.5,0.0,0.0,0.0,0.0,0.0,41
2023-05-11 09:15:11,OI311P8700,OI311P8700,698.5,0.0,0.0,0.0,6,721.0,730.5,2,698.5,0.0,0.0,0.0,0.0,0.0,41
2023-05-11 09:15:28,OI311P8700,OI311P8700,698.5,0.0,0.0,0.0,8,718.0,730.5,2,698.5,0.0,0.0,0.0,0.0,0.0,41
2023-05-11 09:15:29,OI311P8700,OI311P8700,698.5,0.0,0.0,0.0,2,718.0,730.5,8,698.5,0.0,0.0,0.0,0.0,0.0,41
2023-05-11 09:15:30,OI311P8700,OI311P8700,698.5,0.0,0.0,0.0,2,718.0,730.5,14,698.5,0.0,0.0,0.0,0.0,0.0,41
2023-05-11 09:15:31,OI311P8700,OI311P8700,698.5,0.0,0.0,0.0,2,718.0,727.0,2,698.5,0.0,0.0,0.0,0.0,0.0,41
2023-05-11 09:15:34,OI311P8700,OI311P8700,698.5,0.0,0.0,0.0,2,718.0,727.0,14,698.5,0.0,0.0,0.0,0.0,0.0,41
2023-05-11 09:15:36,OI311P8700,OI311P8700,698.5,0.0,0.0,0.0,6,715.5,727.0,14,698.5,0.0,0.0,0.0,0.0,0.0,41
2023-05-11 09:15:40,OI311P8700,OI311P8700,698.5,0.0,0.0,0.0,6,715.5,724.0,2,698.5,0.0,0.0,0.0,0.0,0.0,41
2023-05-11 09:15:41,OI311P8700,OI311P8700,698.5,0.0,0.0,0.0,12,712.5,724.0,2,698.5,0.0,0.0,0.0,0.0,0.0,41
2023-05-11 09:15:41,OI311P8700,OI311P8700,698.5,0.0,0.0,0.0,6,712.5,724.0,2,698.5,0.0,0.0,0.0,0.0,0.0,41
2023-05-11 09:15:49,OI311P8700,OI311P8700,698.5,0.0,0.0,0.0,2,714.5,724.0,2,698.5,0.0,0.0,0.0,0.0,0.0,41
2023-05-11 09:16:06,OI311P8700,OI311P8700,698.5,0.0,0.0,0.0,6,712.5,724.0,2,698.5,0.0,0.0,0.0,0.0,0.0,41
2023-05-11 09:16:08,OI311P8700,OI311P8700,698.5,0.0,0.0,0.0,6,712.5,721.0,2,698.5,0.0,0.0,0.0,0.0,0.0,41
2023-05-11 09:16:08,OI311P8700,OI311P8700,698.5,0.0,0.0,0.0,2,712.0,721.0,8,698.5,0.0,0.0,0.0,0.0,0.0,41
2023-05-11 09:16:09,OI311P8700,OI311P8700,698.5,0.0,0.0,0.0,2,712.0,721.0,14,698.5,0.0,0.0,0.0,0.0,0.0,41
2023-05-11 09:16:28,OI311P8700,OI311P8700,698.5,0.0,0.0,0.0,2,712.0,721.0,8,698.5,0.0,0.0,0.0,0.0,0.0,41
2023-05-11 09:16:34,OI311P8700,OI311P8700,698.5,0.0,0.0,0.0,14,712.0,721.0,2,698.5,0.0,0.0,0.0,0.0,0.0,41
2023-05-11 09:16:34,OI311P8700,OI311P8700,698.5,0.0,0.0,0.0,14,712.0,724.0,8,698.5,0.0,0.0,0.0,0.0,0.0,41
2023-05-11 09:16:34,OI311P8700,OI311P8700,698.5,0.0,0.0,0.0,8,712.0,724.0,8,698.5,0.0,0.0,0.0,0.0,0.0,41
2023-05-11 09:16:35,OI311P8700,OI311P8700,698.5,0.0,0.0,0.0,14,712.0,724.0,8,698.5,0.0,0.0,0.0,0.0,0.0,41
2023-05-11 09:16:44,OI311P8700,OI311P8700,698.5,0.0,0.0,0.0,14,712.0,724.0,2,698.5,0.0,0.0,0.0,0.0,0.0,41
2023-05-11 09:16:45,OI311P8700,OI311P8700,698.5,0.0,0.0,0.0,8,715.0,724.0,2,698.5,0.0,0.0,0.0,0.0,0.0,41
2023-05-11 09:16:46,OI311P8700,OI311P8700,698.5,0.0,0.0,0.0,14,715.0,724.0,2,698.5,0.0,0.0,0.0,0.0,0.0,41
2023-05-11 09:17:02,OI311P8700,OI311P8700,698.5,0.0,0.0,0.0,8,715.0,724.0,2,698.5,0.0,0.0,0.0,0.0,0.0,41
2023-05-11 09:17:08,OI311P8700,OI311P8700,698.5,0.0,0.0,0.0,14,715.0,727.5,6,698.5,0.0,0.0,0.0,0.0,0.0,41
2023-05-11 09:17:09,OI311P8700,OI311P8700,698.5,0.0,0.0,0.0,8,715.0,728.0,2,698.5,0.0,0.0,0.0,0.0,0.0,41
2023-05-11 09:17:10,OI311P8700,OI311P8700,698.5,0.0,0.0,0.0,8,718.0,728.0,2,698.5,0.0,0.0,0.0,0.0,0.0,41
2023-05-11 09:17:19,OI311P8700,OI311P8700,698.5,0.0,0.0,0.0,8,718.0,731.5,6,698.5,0.0,0.0,0.0,0.0,0.0,41
2023-05-11 09:17:21,OI311P8700,OI311P8700,698.5,0.0,0.0,0.0,2,721.0,731.5,6,698.5,0.0,0.0,0.0,0.0,0.0,41
2023-05-11 09:17:21,OI311P8700,OI311P8700,698.5,0.0,0.0,0.0,2,721.0,732.0,2,698.5,0.0,0.0,0.0,0.0,0.0,41
2023-05-11 09:17:24,OI311P8700,OI311P8700,698.5,0.0,0.0,0.0,8,721.0,732.0,2,698.5,0.0,0.0,0.0,0.0,0.0,41
2023-05-11 09:17:24,OI311P8700,OI311P8700,698.5,0.0,0.0,0.0,14,721.0,732.0,2,698.5,0.0,0.0,0.0,0.0,0.0,41
2023-05-11 09:17:35,OI311P8700,OI311P8700,698.5,0.0,0.0,0.0,2,724.0,732.0,2,698.5,0.0,0.0,0.0,0.0,0.0,41
2023-05-11 09:17:35,OI311P8700,OI311P8700,698.5,0.0,0.0,0.0,14,724.0,732.0,2,698.5,0.0,0.0,0.0,0.0,0.0,41
2023-05-11 09:17:46,OI311P8700,OI311P8700,698.5,0.0,0.0,0.0,14,724.0,736.0,2,698.5,0.0,0.0,0.0,0.0,0.0,41
2023-05-11 09:17:54,OI311P8700,OI311P8700,698.5,0.0,0.0,0.0,2,726.5,736.0,2,698.5,0.0,0.0,0.0,0.0,0.0,41
2023-05-11 09:18:03,OI311P8700,OI311P8700,698.5,0.0,0.0,0.0,2,726.5,740.0,14,698.5,0.0,0.0,0.0,0.0,0.0,41
2023-05-11 09:18:03,OI311P8700,OI311P8700,698.5,0.0,0.0,0.0,2,726.5,740.0,8,698.5,0.0,0.0,0.0,0.0,0.0,41
2023-05-11 09:18:04,OI311P8700,OI311P8700,698.5,0.0,0.0,0.0,8,726.5,740.0,2,698.5,0.0,0.0,0.0,0.0,0.0,41
2023-05-11 09:18:05,OI311P8700,OI311P8700,698.5,0.0,0.0,0.0,8,726.5,743.5,6,698.5,0.0,0.0,0.0,0.0,0.0,41
2023-05-11 09:18:06,OI311P8700,OI311P8700,698.5,0.0,0.0,0.0,2,726.5,768.0,1,698.5,0.0,0.0,0.0,0.0,0.0,41
2023-05-11 09:18:06,OI311P8700,OI311P8700,698.5,0.0,0.0,0.0,6,730.0,762.5,6,698.5,0.0,0.0,0.0,0.0,0.0,41
2023-05-11 09:18:08,OI311P8700,OI311P8700,698.5,0.0,0.0,0.0,8,736.0,760.5,6,698.5,0.0,0.0,0.0,0.0,0.0,41
2023-05-11 09:18:10,OI311P8700,OI311P8700,698.5,0.0,0.0,0.0,8,736.0,748.0,2,698.5,0.0,0.0,0.0,0.0,0.0,41
2023-05-11 09:18:10,OI311P8700,OI311P8700,698.5,0.0,0.0,0.0,14,736.0,748.0,2,698.5,0.0,0.0,0.0,0.0,0.0,41
2023-05-11 09:18:16,OI311P8700,OI311P8700,698.5,0.0,0.0,0.0,2,738.0,748.0,2,698.5,0.0,0.0,0.0,0.0,0.0,41
2023-05-11 09:18:17,OI311P8700,OI311P8700,698.5,0.0,0.0,0.0,8,738.0,748.0,2,698.5,0.0,0.0,0.0,0.0,0.0,41
2023-05-11 09:18:18,OI311P8700,OI311P8700,698.5,0.0,0.0,0.0,14,738.0,748.0,2,698.5,0.0,0.0,0.0,0.0,0.0,41
2023-05-11 09:18:19,OI311P8700,OI311P8700,698.5,0.0,0.0,0.0,14,738.0,752.5,2,698.5,0.0,0.0,0.0,0.0,0.0,41
2023-05-11 09:18:21,OI311P8700,OI311P8700,698.5,0.0,0.0,0.0,2,741.0,752.5,2,698.5,0.0,0.0,0.0,0.0,0.0,41
2023-05-11 09:18:22,OI311P8700,OI311P8700,698.5,0.0,0.0,0.0,14,741.0,752.5,2,698.5,0.0,0.0,0.0,0.0,0.0,41
2023-05-11 09:18:41,OI311P8700,OI311P8700,698.5,0.0,0.0,0.0,2,744.0,756.0,2,698.5,0.0,0.0,0.0,0.0,0.0,41
2023-05-11 09:18:45,OI311P8700,OI311P8700,698.5,0.0,0.0,0.0,8,744.0,756.0,2,698.5,0.0,0.0,0.0,0.0,0.0,41
2023-05-11 09:18:46,OI311P8700,OI311P8700,698.5,0.0,0.0,0.0,14,744.0,756.0,2,698.5,0.0,0.0,0.0,0.0,0.0,41
2023-05-11 09:18:56,OI311P8700,OI311P8700,698.5,0.0,0.0,0.0,8,744.0,756.0,2,698.5,0.0,0.0,0.0,0.0,0.0,41
2023-05-11 09:18:57,OI311P8700,OI311P8700,698.5,0.0,0.0,0.0,8,744.0,753.0,2,698.5,0.0,0.0,0.0,0.0,0.0,41
2023-05-11 09:19:01,OI311P8700,OI311P8700,698.5,0.0,0.0,0.0,14,744.0,753.0,2,698.5,0.0,0.0,0.0,0.0,0.0,41
2023-05-11 09:19:05,OI311P8700,OI311P8700,698.5,0.0,0.0,0.0,8,744.0,753.0,2,698.5,0.0,0.0,0.0,0.0,0.0,41
2023-05-11 09:19:10,OI311P8700,OI311P8700,698.5,0.0,0.0,0.0,14,744.0,753.0,2,698.5,0.0,0.0,0.0,0.0,0.0,41
2023-05-11 09:19:19,OI311P8700,OI311P8700,698.5,0.0,0.0,0.0,14,744.0,756.0,2,698.5,0.0,0.0,0.0,0.0,0.0,41
2023-05-11 09:19:20,OI311P8700,OI311P8700,698.5,0.0,0.0,0.0,8,744.0,756.0,2,698.5,0.0,0.0,0.0,0.0,0.0,41
2023-05-11 09:19:21,OI311P8700,OI311P8700,698.5,0.0,0.0,0.0,8,744.0,762.0,6,698.5,0.0,0.0,0.0,0.0,0.0,41
2023-05-11 09:19:21,OI311P8700,OI311P8700,698.5,0.0,0.0,0.0,2,744.0,768.0,1,698.5,0.0,0.0,0.0,0.0,0.0,41
2023-05-11 09:19:21,OI311P8700,OI311P8700,698.5,0.0,0.0,0.0,8,744.0,768.0,7,698.5,0.0,0.0,0.0,0.0,0.0,41
2023-05-11 09:19:25,OI311P8700,OI311P8700,698.5,0.0,0.0,0.0,2,749.0,761.5,2,698.5,0.0,0.0,0.0,0.0,0.0,41
2023-05-11 09:19:25,OI311P8700,OI311P8700,698.5,0.0,0.0,0.0,14,749.0,761.5,2,698.5,0.0,0.0,0.0,0.0,0.0,41
2023-05-11 09:19:30,OI311P8700,OI311P8700,698.5,0.0,0.0,0.0,2,752.0,761.5,2,698.5,0.0,0.0,0.0,0.0,0.0,41
2023-05-11 09:19:30,OI311P8700,OI311P8700,698.5,0.0,0.0,0.0,8,752.0,761.5,2,698.5,0.0,0.0,0.0,0.0,0.0,41
2023-05-11 09:19:30,OI311P8700,OI311P8700,698.5,0.0,0.0,0.0,14,752.0,761.5,2,698.5,0.0,0.0,0.0,0.0,0.0,41
2023-05-11 09:19:36,OI311P8700,OI311P8700,698.5,0.0,0.0,0.0,2,752.0,761.5,2,698.5,0.0,0.0,0.0,0.0,0.0,41
2023-05-11 09:19:37,OI311P8700,OI311P8700,698.5,0.0,0.0,0.0,6,751.5,761.5,2,698.5,0.0,0.0,0.0,0.0,0.0,41
2023-05-11 09:19:40,OI311P8700,OI311P8700,698.5,0.0,0.0,0.0,6,751.5,759.0,2,698.5,0.0,0.0,0.0,0.0,0.0,41
2023-05-11 09:19:40,OI311P8700,OI311P8700,698.5,0.0,0.0,0.0,8,749.0,759.0,2,698.5,0.0,0.0,0.0,0.0,0.0,41
2023-05-11 09:19:44,OI311P8700,OI311P8700,698.5,0.0,0.0,0.0,6,749.0,759.0,2,698.5,0.0,0.0,0.0,0.0,0.0,41
2023-05-11 09:19:45,OI311P8700,OI311P8700,698.5,0.0,0.0,0.0,2,744.0,759.0,14,698.5,0.0,0.0,0.0,0.0,0.0,41
2023-05-11 09:19:45,OI311P8700,OI311P8700,698.5,0.0,0.0,0.0,14,744.0,759.0,14,698.5,0.0,0.0,0.0,0.0,0.0,41
2023-05-11 09:19:46,OI311P8700,OI311P8700,698.5,0.0,0.0,0.0,14,744.0,756.5,2,698.5,0.0,0.0,0.0,0.0,0.0,41
2023-05-11 09:20:04,OI311P8700,OI311P8700,698.5,0.0,0.0,0.0,6,744.0,756.5,2,698.5,0.0,0.0,0.0,0.0,0.0,41
2023-05-11 09:20:04,OI311P8700,OI311P8700,698.5,0.0,0.0,0.0,6,731.0,756.5,8,698.5,0.0,0.0,0.0,0.0,0.0,41
2023-05-11 09:20:05,OI311P8700,OI311P8700,698.5,0.0,0.0,0.0,8,738.5,756.5,8,698.5,0.0,0.0,0.0,0.0,0.0,41
2023-05-11 09:20:07,OI311P8700,OI311P8700,698.5,0.0,0.0,0.0,14,738.5,756.5,14,698.5,0.0,0.0,0.0,0.0,0.0,41
2023-05-11 09:20:07,OI311P8700,OI311P8700,698.5,0.0,0.0,0.0,14,738.5,753.0,2,698.5,0.0,0.0,0.0,0.0,0.0,41
2023-05-11 09:20:11,OI311P8700,OI311P8700,698.5,0.0,0.0,0.0,14,738.5,750.0,2,698.5,0.0,0.0,0.0,0.0,0.0,41
2023-05-11 09:20:12,OI311P8700,OI311P8700,698.5,0.0,0.0,0.0,8,738.5,750.0,2,698.5,0.0,0.0,0.0,0.0,0.0,41
2023-05-11 09:20:32,OI311P8700,OI311P8700,698.5,0.0,0.0,0.0,12,735.0,746.5,2,698.5,0.0,0.0,0.0,0.0,0.0,41
2023-05-11 09:20:32,OI311P8700,OI311P8700,698.5,0.0,0.0,0.0,6,735.0,746.5,2,698.5,0.0,0.0,0.0,0.0,0.0,41
2023-05-11 09:21:03,OI311P8700,OI311P8700,698.5,0.0,0.0,0.0,6,735.0,743.0,2,698.5,0.0,0.0,0.0,0.0,0.0,41
2023-05-11 09:21:05,OI311P8700,OI311P8700,698.5,0.0,0.0,0.0,6,734.0,743.0,2,698.5,0.0,0.0,0.0,0.0,0.0,41
2023-05-11 09:21:06,OI311P8700,OI311P8700,698.5,0.0,0.0,0.0,1,710.5,743.0,2,698.5,0.0,0.0,0.0,0.0,0.0,41
2023-05-11 09:21:07,OI311P8700,OI311P8700,698.5,0.0,0.0,0.0,8,728.0,743.0,2,698.5,0.0,0.0,0.0,0.0,0.0,41
2023-05-11 09:21:07,OI311P8700,OI311P8700,698.5,0.0,0.0,0.0,14,728.0,743.0,2,698.5,0.0,0.0,0.0,0.0,0.0,41
2023-05-11 09:21:13,OI311P8700,OI311P8700,698.5,0.0,0.0,0.0,2,731.0,743.0,2,698.5,0.0,0.0,0.0,0.0,0.0,41
2023-05-11 09:21:13,OI311P8700,OI311P8700,698.5,0.0,0.0,0.0,14,731.0,743.0,2,698.5,0.0,0.0,0.0,0.0,0.0,41
2023-05-11 09:21:29,OI311P8700,OI311P8700,698.5,0.0,0.0,0.0,8,734.5,746.5,2,698.5,0.0,0.0,0.0,0.0,0.0,41
2023-05-11 09:21:29,OI311P8700,OI311P8700,698.5,0.0,0.0,0.0,14,734.5,746.5,2,698.5,0.0,0.0,0.0,0.0,0.0,41
2023-05-11 09:21:54,OI311P8700,OI311P8700,698.5,0.0,0.0,0.0,14,734.5,746.5,8,698.5,0.0,0.0,0.0,0.0,0.0,41
2023-05-11 09:21:54,OI311P8700,OI311P8700,698.5,0.0,0.0,0.0,8,734.5,746.5,8,698.5,0.0,0.0,0.0,0.0,0.0,41
2023-05-11 09:21:55,OI311P8700,OI311P8700,698.5,0.0,0.0,0.0,8,734.5,746.5,14,698.5,0.0,0.0,0.0,0.0,0.0,41
2023-05-11 09:22:12,OI311P8700,OI311P8700,698.5,0.0,0.0,0.0,8,734.5,744.5,2,698.5,0.0,0.0,0.0,0.0,0.0,41
2023-05-11 09:22:15,OI311P8700,OI311P8700,698.5,0.0,0.0,0.0,6,734.5,741.0,2,698.5,0.0,0.0,0.0,0.0,0.0,41
2023-05-11 09:22:16,OI311P8700,OI311P8700,698.5,0.0,0.0,0.0,8,731.0,741.0,2,698.5,0.0,0.0,0.0,0.0,0.0,41
2023-05-11 09:22:21,OI311P8700,OI311P8700,698.5,0.0,0.0,0.0,6,731.0,741.0,2,698.5,0.0,0.0,0.0,0.0,0.0,41
2023-05-11 09:22:23,OI311P8700,OI311P8700,698.5,0.0,0.0,0.0,6,731.0,737.5,2,698.5,0.0,0.0,0.0,0.0,0.0,41
2023-05-11 09:22:23,OI311P8700,OI311P8700,698.5,0.0,0.0,0.0,6,728.5,737.5,2,698.5,0.0,0.0,0.0,0.0,0.0,41
2023-05-11 09:22:33,OI311P8700,OI311P8700,698.5,0.0,0.0,0.0,14,727.5,737.5,2,698.5,0.0,0.0,0.0,0.0,0.0,41
2023-05-11 09:22:34,OI311P8700,OI311P8700,698.5,0.0,0.0,0.0,14,727.5,741.0,2,698.5,0.0,0.0,0.0,0.0,0.0,41
2023-05-11 09:22:35,OI311P8700,OI311P8700,698.5,0.0,0.0,0.0,2,729.5,741.0,2,698.5,0.0,0.0,0.0,0.0,0.0,41
2023-05-11 09:22:35,OI311P8700,OI311P8700,698.5,0.0,0.0,0.0,8,729.5,741.0,2,698.5,0.0,0.0,0.0,0.0,0.0,41
2023-05-11 09:23:03,OI311P8700,OI311P8700,698.5,0.0,0.0,0.0,14,729.5,741.0,2,698.5,0.0,0.0,0.0,0.0,0.0,41
2023-05-11 09:23:39,OI311P8700,OI311P8700,698.5,0.0,0.0,0.0,8,729.5,737.5,2,698.5,0.0,0.0,0.0,0.0,0.0,41
2023-05-11 09:23:39,OI311P8700,OI311P8700,698.5,0.0,0.0,0.0,2,729.5,737.5,2,698.5,0.0,0.0,0.0,0.0,0.0,41
2023-05-11 09:24:00,OI311P8700,OI311P8700,698.5,0.0,0.0,0.0,6,728.5,737.5,2,698.5,0.0,0.0,0.0,0.0,0.0,41
2023-05-11 09:24:03,OI311P8700,OI311P8700,698.5,0.0,0.0,0.0,6,725.0,737.5,8,698.5,0.0,0.0,0.0,0.0,0.0,41
2023-05-11 09:24:07,OI311P8700,OI311P8700,698.5,0.0,0.0,0.0,6,725.0,734.5,2,698.5,0.0,0.0,0.0,0.0,0.0,41
2023-05-11 09:24:08,OI311P8700,OI311P8700,698.5,0.0,0.0,0.0,6,724.0,734.5,8,698.5,0.0,0.0,0.0,0.0,0.0,41
2023-05-11 09:24:08,OI311P8700,OI311P8700,698.5,0.0,0.0,0.0,6,724.0,734.5,14,698.5,0.0,0.0,0.0,0.0,0.0,41
2023-05-11 09:24:33,OI311P8700,OI311P8700,698.5,0.0,0.0,0.0,12,724.0,734.5,8,698.5,0.0,0.0,0.0,0.0,0.0,41
2023-05-11 09:24:33,OI311P8700,OI311P8700,698.5,0.0,0.0,0.0,12,724.0,734.5,2,698.5,0.0,0.0,0.0,0.0,0.0,41
2023-05-11 09:24:34,OI311P8700,OI311P8700,698.5,0.0,0.0,0.0,6,716.0,734.5,2,698.5,0.0,0.0,0.0,0.0,0.0,41
2023-05-11 09:24:34,OI311P8700,OI311P8700,698.5,0.0,0.0,0.0,8,724.0,734.5,2,698.5,0.0,0.0,0.0,0.0,0.0,41
2023-05-11 09:24:34,OI311P8700,OI311P8700,698.5,0.0,0.0,0.0,14,724.0,734.5,2,698.5,0.0,0.0,0.0,0.0,0.0,41
2023-05-11 09:25:07,OI311P8700,OI311P8700,698.5,0.0,0.0,0.0,8,724.0,734.5,14,698.5,0.0,0.0,0.0,0.0,0.0,41
2023-05-11 09:25:09,OI311P8700,OI311P8700,698.5,0.0,0.0,0.0,6,724.0,731.5,2,698.5,0.0,0.0,0.0,0.0,0.0,41
2023-05-11 09:25:10,OI311P8700,OI311P8700,698.5,0.0,0.0,0.0,12,719.5,731.5,2,698.5,0.0,0.0,0.0,0.0,0.0,41
2023-05-11 09:25:11,OI311P8700,OI311P8700,698.5,0.0,0.0,0.0,2,719.0,731.5,2,698.5,0.0,0.0,0.0,0.0,0.0,41
2023-05-11 09:25:11,OI311P8700,OI311P8700,698.5,0.0,0.0,0.0,14,719.0,731.5,2,698.5,0.0,0.0,0.0,0.0,0.0,41
2023-05-11 09:25:36,OI311P8700,OI311P8700,698.5,0.0,0.0,0.0,2,722.5,731.5,2,698.5,0.0,0.0,0.0,0.0,0.0,41
2023-05-11 09:25:37,OI311P8700,OI311P8700,698.5,0.0,0.0,0.0,14,722.5,731.5,2,698.5,0.0,0.0,0.0,0.0,0.0,41
2023-05-11 09:25:44,OI311P8700,OI311P8700,698.5,0.0,0.0,0.0,8,722.5,731.5,2,698.5,0.0,0.0,0.0,0.0,0.0,41
2023-05-11 09:25:52,OI311P8700,OI311P8700,698.5,0.0,0.0,0.0,14,722.5,731.5,2,698.5,0.0,0.0,0.0,0.0,0.0,41
2023-05-11 09:26:01,OI311P8700,OI311P8700,698.5,0.0,0.0,0.0,8,722.5,731.5,2,698.5,0.0,0.0,0.0,0.0,0.0,41
2023-05-11 09:26:08,OI311P8700,OI311P8700,698.5,0.0,0.0,0.0,6,722.5,731.5,2,698.5,0.0,0.0,0.0,0.0,0.0,41
2023-05-11 09:26:14,OI311P8700,OI311P8700,698.5,0.0,0.0,0.0,8,719.0,731.5,8,698.5,0.0,0.0,0.0,0.0,0.0,41
2023-05-11 09:26:23,OI311P8700,OI311P8700,698.5,0.0,0.0,0.0,8,719.0,729.5,2,698.5,0.0,0.0,0.0,0.0,0.0,41
2023-05-11 09:26:54,OI311P8700,OI311P8700,698.5,0.0,0.0,0.0,6,719.0,726.5,2,698.5,0.0,0.0,0.0,0.0,0.0,41
2023-05-11 09:26:54,OI311P8700,OI311P8700,698.5,0.0,0.0,0.0,6,716.5,726.5,2,698.5,0.0,0.0,0.0,0.0,0.0,41
2023-05-11 09:26:58,OI311P8700,OI311P8700,698.5,0.0,0.0,0.0,12,716.5,726.5,2,698.5,0.0,0.0,0.0,0.0,0.0,41
2023-05-11 09:27:03,OI311P8700,OI311P8700,698.5,0.0,0.0,0.0,6,716.5,726.5,2,698.5,0.0,0.0,0.0,0.0,0.0,41
2023-05-11 09:27:17,OI311P8700,OI311P8700,698.5,0.0,0.0,0.0,12,716.5,726.5,2,698.5,0.0,0.0,0.0,0.0,0.0,41
2023-05-11 09:27:19,OI311P8700,OI311P8700,698.5,0.0,0.0,0.0,6,716.5,726.5,2,698.5,0.0,0.0,0.0,0.0,0.0,41
2023-05-11 09:27:20,OI311P8700,OI311P8700,698.5,0.0,0.0,0.0,12,716.5,726.5,2,698.5,0.0,0.0,0.0,0.0,0.0,41
2023-05-11 09:27:29,OI311P8700,OI311P8700,698.5,0.0,0.0,0.0,2,718.5,729.5,2,698.5,0.0,0.0,0.0,0.0,0.0,41
2023-05-11 09:27:31,OI311P8700,OI311P8700,698.5,0.0,0.0,0.0,8,718.5,729.5,2,698.5,0.0,0.0,0.0,0.0,0.0,41
2023-05-11 09:27:38,OI311P8700,OI311P8700,698.5,0.0,0.0,0.0,8,718.5,734.0,14,698.5,0.0,0.0,0.0,0.0,0.0,41
2023-05-11 09:27:43,OI311P8700,OI311P8700,698.5,0.0,0.0,0.0,8,721.5,734.0,8,698.5,0.0,0.0,0.0,0.0,0.0,41
2023-05-11 09:27:44,OI311P8700,OI311P8700,698.5,0.0,0.0,0.0,14,721.5,734.0,2,698.5,0.0,0.0,0.0,0.0,0.0,41
2023-05-11 09:28:04,OI311P8700,OI311P8700,698.5,0.0,0.0,0.0,8,721.5,734.0,2,698.5,0.0,0.0,0.0,0.0,0.0,41
2023-05-11 09:28:06,OI311P8700,OI311P8700,698.5,0.0,0.0,0.0,8,724.5,734.0,2,698.5,0.0,0.0,0.0,0.0,0.0,41
2023-05-11 09:28:06,OI311P8700,OI311P8700,698.5,0.0,0.0,0.0,14,724.5,734.0,2,698.5,0.0,0.0,0.0,0.0,0.0,41
2023-05-11 09:28:15,OI311P8700,OI311P8700,698.5,0.0,0.0,0.0,8,724.5,738.5,8,698.5,0.0,0.0,0.0,0.0,0.0,41
2023-05-11 09:28:16,OI311P8700,OI311P8700,698.5,0.0,0.0,0.0,8,724.5,738.5,2,698.5,0.0,0.0,0.0,0.0,0.0,41
2023-05-11 09:28:17,OI311P8700,OI311P8700,698.5,0.0,0.0,0.0,14,724.5,738.5,2,698.5,0.0,0.0,0.0,0.0,0.0,41
2023-05-11 09:28:19,OI311P8700,OI311P8700,698.5,0.0,0.0,0.0,2,728.0,738.5,2,698.5,0.0,0.0,0.0,0.0,0.0,41
2023-05-11 09:28:19,OI311P8700,OI311P8700,698.5,0.0,0.0,0.0,14,728.0,738.5,2,698.5,0.0,0.0,0.0,0.0,0.0,41
2023-05-11 09:29:03,OI311P8700,OI311P8700,698.5,0.0,0.0,0.0,14,728.0,742.5,12,698.5,0.0,0.0,0.0,0.0,0.0,41
2023-05-11 09:29:04,OI311P8700,OI311P8700,698.5,0.0,0.0,0.0,8,728.0,742.5,6,698.5,0.0,0.0,0.0,0.0,0.0,41
2023-05-11 09:29:05,OI311P8700,OI311P8700,698.5,0.0,0.0,0.0,14,728.0,742.5,6,698.5,0.0,0.0,0.0,0.0,0.0,41
2023-05-11 09:29:06,OI311P8700,OI311P8700,698.5,0.0,0.0,0.0,2,730.5,743.0,2,698.5,0.0,0.0,0.0,0.0,0.0,41
2023-05-11 09:29:47,OI311P8700,OI311P8700,698.5,0.0,0.0,0.0,8,734.0,743.0,2,698.5,0.0,0.0,0.0,0.0,0.0,41
2023-05-11 09:29:48,OI311P8700,OI311P8700,698.5,0.0,0.0,0.0,14,734.0,743.0,2,698.5,0.0,0.0,0.0,0.0,0.0,41
2023-05-11 09:29:49,OI311P8700,OI311P8700,698.5,0.0,0.0,0.0,8,734.0,743.0,2,698.5,0.0,0.0,0.0,0.0,0.0,41
2023-05-11 09:29:50,OI311P8700,OI311P8700,698.5,0.0,0.0,0.0,2,734.0,743.0,2,698.5,0.0,0.0,0.0,0.0,0.0,41
2023-05-11 09:30:05,OI311P8700,OI311P8700,698.5,0.0,0.0,0.0,2,734.0,768.0,1,698.5,0.0,0.0,0.0,0.0,0.0,41
2023-05-11 09:30:06,OI311P8700,OI311P8700,698.5,0.0,0.0,0.0,2,734.0,749.5,2,698.5,0.0,0.0,0.0,0.0,0.0,41
2023-05-11 09:30:07,OI311P8700,OI311P8700,698.5,0.0,0.0,0.0,8,734.0,749.5,2,698.5,0.0,0.0,0.0,0.0,0.0,41
2023-05-11 09:30:08,OI311P8700,OI311P8700,698.5,0.0,0.0,0.0,14,734.0,746.5,2,698.5,0.0,0.0,0.0,0.0,0.0,41
2023-05-11 09:30:28,OI311P8700,OI311P8700,698.5,0.0,0.0,0.0,8,734.0,746.5,2,698.5,0.0,0.0,0.0,0.0,0.0,41
2023-05-11 09:30:29,OI311P8700,OI311P8700,698.5,0.0,0.0,0.0,14,734.0,746.5,2,698.5,0.0,0.0,0.0,0.0,0.0,41
2023-05-11 09:30:32,OI311P8700,OI311P8700,698.5,0.0,0.0,0.0,8,737.0,746.5,2,698.5,0.0,0.0,0.0,0.0,0.0,41
2023-05-11 09:30:32,OI311P8700,OI311P8700,698.5,0.0,0.0,0.0,14,737.0,746.5,2,698.5,0.0,0.0,0.0,0.0,0.0,41
2023-05-11 09:30:41,OI311P8700,OI311P8700,698.5,0.0,0.0,0.0,14,737.0,749.5,2,698.5,0.0,0.0,0.0,0.0,0.0,41
2023-05-11 09:31:01,OI311P8700,OI311P8700,698.5,0.0,0.0,0.0,2,740.0,749.5,2,698.5,0.0,0.0,0.0,0.0,0.0,41
2023-05-11 09:31:02,OI311P8700,OI311P8700,698.5,0.0,0.0,0.0,2,740.0,755.5,6,698.5,0.0,0.0,0.0,0.0,0.0,41
2023-05-11 09:31:02,OI311P8700,OI311P8700,698.5,0.0,0.0,0.0,2,740.0,756.5,6,698.5,0.0,0.0,0.0,0.0,0.0,41
2023-05-11 09:31:04,OI311P8700,OI311P8700,698.5,0.0,0.0,0.0,2,740.0,753.5,2,698.5,0.0,0.0,0.0,0.0,0.0,41
2023-05-11 09:31:12,OI311P8700,OI311P8700,698.5,0.0,0.0,0.0,2,743.5,753.5,2,698.5,0.0,0.0,0.0,0.0,0.0,41
2023-05-11 09:31:13,OI311P8700,OI311P8700,698.5,0.0,0.0,0.0,2,743.5,768.0,1,698.5,0.0,0.0,0.0,0.0,0.0,41
2023-05-11 09:31:14,OI311P8700,OI311P8700,698.5,0.0,0.0,0.0,14,743.5,768.0,13,698.5,0.0,0.0,0.0,0.0,0.0,41
2023-05-11 09:31:14,OI311P8700,OI311P8700,698.5,0.0,0.0,0.0,14,743.5,758.5,2,698.5,0.0,0.0,0.0,0.0,0.0,41
2023-05-11 09:31:21,OI311P8700,OI311P8700,698.5,0.0,0.0,0.0,8,743.5,758.5,2,698.5,0.0,0.0,0.0,0.0,0.0,41
2023-05-11 09:31:21,OI311P8700,OI311P8700,698.5,0.0,0.0,0.0,2,748.5,758.5,2,698.5,0.0,0.0,0.0,0.0,0.0,41
2023-05-11 09:31:22,OI311P8700,OI311P8700,698.5,0.0,0.0,0.0,14,748.5,758.5,2,698.5,0.0,0.0,0.0,0.0,0.0,41
2023-05-11 09:31:30,OI311P8700,OI311P8700,698.5,0.0,0.0,0.0,14,748.5,763.0,8,698.5,0.0,0.0,0.0,0.0,0.0,41
2023-05-11 09:31:37,OI311P8700,OI311P8700,698.5,0.0,0.0,0.0,14,748.5,759.5,2,698.5,0.0,0.0,0.0,0.0,0.0,41
2023-05-11 09:31:39,OI311P8700,OI311P8700,698.5,0.0,0.0,0.0,8,748.5,759.5,2,698.5,0.0,0.0,0.0,0.0,0.0,41
2023-05-11 09:31:41,OI311P8700,OI311P8700,698.5,0.0,0.0,0.0,14,748.5,759.5,2,698.5,0.0,0.0,0.0,0.0,0.0,41
2023-05-11 09:31:46,OI311P8700,OI311P8700,698.5,0.0,0.0,0.0,8,748.5,759.5,2,698.5,0.0,0.0,0.0,0.0,0.0,41
2023-05-11 09:31:54,OI311P8700,OI311P8700,698.5,0.0,0.0,0.0,14,748.5,759.5,2,698.5,0.0,0.0,0.0,0.0,0.0,41
2023-05-11 09:32:00,OI311P8700,OI311P8700,698.5,0.0,0.0,0.0,8,748.5,759.5,2,698.5,0.0,0.0,0.0,0.0,0.0,41
2023-05-11 09:32:01,OI311P8700,OI311P8700,698.5,0.0,0.0,0.0,14,748.5,759.5,2,698.5,0.0,0.0,0.0,0.0,0.0,41
2023-05-11 09:32:08,OI311P8700,OI311P8700,698.5,0.0,0.0,0.0,8,748.5,759.5,2,698.5,0.0,0.0,0.0,0.0,0.0,41
2023-05-11 09:32:18,OI311P8700,OI311P8700,698.5,0.0,0.0,0.0,14,748.5,759.5,2,698.5,0.0,0.0,0.0,0.0,0.0,41
2023-05-11 09:32:22,OI311P8700,OI311P8700,698.5,0.0,0.0,0.0,8,748.5,759.5,2,698.5,0.0,0.0,0.0,0.0,0.0,41
2023-05-11 09:32:22,OI311P8700,OI311P8700,698.5,0.0,0.0,0.0,14,748.5,759.5,2,698.5,0.0,0.0,0.0,0.0,0.0,41
2023-05-11 09:32:23,OI311P8700,OI311P8700,698.5,0.0,0.0,0.0,14,748.5,763.0,8,698.5,0.0,0.0,0.0,0.0,0.0,41
2023-05-11 09:32:24,OI311P8700,OI311P8700,698.5,0.0,0.0,0.0,8,748.5,763.0,8,698.5,0.0,0.0,0.0,0.0,0.0,41
2023-05-11 09:32:24,OI311P8700,OI311P8700,698.5,0.0,0.0,0.0,2,748.5,0.0,0,698.5,0.0,0.0,0.0,0.0,0.0,41
2023-05-11 09:32:25,OI311P8700,OI311P8700,698.5,0.0,0.0,0.0,2,748.5,1355.5,1,698.5,0.0,0.0,0.0,0.0,0.0,41
2023-05-11 09:32:25,OI311P8700,OI311P8700,698.5,0.0,0.0,0.0,8,748.5,776.0,6,698.5,0.0,0.0,0.0,0.0,0.0,41
2023-05-11 09:32:27,OI311P8700,OI311P8700,698.5,0.0,0.0,0.0,8,748.5,766.0,8,698.5,0.0,0.0,0.0,0.0,0.0,41
2023-05-11 09:32:28,OI311P8700,OI311P8700,698.5,0.0,0.0,0.0,2,753.0,766.0,8,698.5,0.0,0.0,0.0,0.0,0.0,41
2023-05-11 09:32:28,OI311P8700,OI311P8700,698.5,0.0,0.0,0.0,8,753.0,766.0,2,698.5,0.0,0.0,0.0,0.0,0.0,41
2023-05-11 09:32:35,OI311P8700,OI311P8700,698.5,0.0,0.0,0.0,2,753.0,762.5,2,698.5,0.0,0.0,0.0,0.0,0.0,41
2023-05-11 09:32:40,OI311P8700,OI311P8700,698.5,0.0,0.0,0.0,8,753.0,762.5,2,698.5,0.0,0.0,0.0,0.0,0.0,41
2023-05-11 09:32:51,OI311P8700,OI311P8700,698.5,0.0,0.0,0.0,8,753.0,766.0,2,698.5,0.0,0.0,0.0,0.0,0.0,41
2023-05-11 09:33:07,OI311P8700,OI311P8700,698.5,0.0,0.0,0.0,2,753.0,762.5,2,698.5,0.0,0.0,0.0,0.0,0.0,41
2023-05-11 09:33:19,OI311P8700,OI311P8700,698.5,0.0,0.0,0.0,6,752.5,762.5,2,698.5,0.0,0.0,0.0,0.0,0.0,41
2023-05-11 09:33:19,OI311P8700,OI311P8700,698.5,0.0,0.0,0.0,14,748.5,762.5,14,698.5,0.0,0.0,0.0,0.0,0.0,41
2023-05-11 09:33:27,OI311P8700,OI311P8700,698.5,0.0,0.0,0.0,14,748.5,759.0,2,698.5,0.0,0.0,0.0,0.0,0.0,41
2023-05-11 09:33:27,OI311P8700,OI311P8700,698.5,0.0,0.0,0.0,8,748.5,759.0,2,698.5,0.0,0.0,0.0,0.0,0.0,41
2023-05-11 09:33:53,OI311P8700,OI311P8700,698.5,0.0,0.0,0.0,12,745.0,759.0,8,698.5,0.0,0.0,0.0,0.0,0.0,41
2023-05-11 09:34:07,OI311P8700,OI311P8700,698.5,0.0,0.0,0.0,6,745.0,755.5,2,698.5,0.0,0.0,0.0,0.0,0.0,41
2023-05-11 09:34:08,OI311P8700,OI311P8700,698.5,0.0,0.0,0.0,8,744.0,755.5,8,698.5,0.0,0.0,0.0,0.0,0.0,41
2023-05-11 09:34:09,OI311P8700,OI311P8700,698.5,0.0,0.0,0.0,8,744.0,755.5,14,698.5,0.0,0.0,0.0,0.0,0.0,41
2023-05-11 09:34:21,OI311P8700,OI311P8700,698.5,0.0,0.0,0.0,8,744.0,753.5,2,698.5,0.0,0.0,0.0,0.0,0.0,41
2023-05-11 09:34:21,OI311P8700,OI311P8700,698.5,0.0,0.0,0.0,6,741.0,753.5,8,698.5,0.0,0.0,0.0,0.0,0.0,41
2023-05-11 09:34:22,OI311P8700,OI311P8700,698.5,0.0,0.0,0.0,2,739.0,753.5,8,698.5,0.0,0.0,0.0,0.0,0.0,41
2023-05-11 09:34:22,OI311P8700,OI311P8700,698.5,0.0,0.0,0.0,14,739.0,753.5,14,698.5,0.0,0.0,0.0,0.0,0.0,41
2023-05-11 09:34:34,OI311P8700,OI311P8700,698.5,0.0,0.0,0.0,14,739.0,753.5,8,698.5,0.0,0.0,0.0,0.0,0.0,41
2023-05-11 09:34:35,OI311P8700,OI311P8700,698.5,0.0,0.0,0.0,8,742.5,753.5,2,698.5,0.0,0.0,0.0,0.0,0.0,41
2023-05-11 09:34:36,OI311P8700,OI311P8700,698.5,0.0,0.0,0.0,14,742.5,753.5,2,698.5,0.0,0.0,0.0,0.0,0.0,41
2023-05-11 09:35:05,OI311P8700,OI311P8700,698.5,0.0,0.0,0.0,2,745.5,755.5,2,698.5,0.0,0.0,0.0,0.0,0.0,41
2023-05-11 09:35:06,OI311P8700,OI311P8700,698.5,0.0,0.0,0.0,8,745.5,755.5,2,698.5,0.0,0.0,0.0,0.0,0.0,41
2023-05-11 09:35:11,OI311P8700,OI311P8700,698.5,0.0,0.0,0.0,14,745.5,760.0,8,698.5,0.0,0.0,0.0,0.0,0.0,41
2023-05-11 09:35:17,OI311P8700,OI311P8700,698.5,0.0,0.0,0.0,8,749.0,760.0,2,698.5,0.0,0.0,0.0,0.0,0.0,41
2023-05-11 09:35:17,OI311P8700,OI311P8700,698.5,0.0,0.0,0.0,14,749.0,760.0,2,698.5,0.0,0.0,0.0,0.0,0.0,41
2023-05-11 09:35:33,OI311P8700,OI311P8700,698.5,0.0,0.0,0.0,14,749.0,765.0,12,698.5,0.0,0.0,0.0,0.0,0.0,41
2023-05-11 09:35:33,OI311P8700,OI311P8700,698.5,0.0,0.0,0.0,14,749.0,764.5,2,698.5,0.0,0.0,0.0,0.0,0.0,41
2023-05-11 09:35:54,OI311P8700,OI311P8700,698.5,0.0,0.0,0.0,14,749.0,761.5,2,698.5,0.0,0.0,0.0,0.0,0.0,41
2023-05-11 09:35:54,OI311P8700,OI311P8700,698.5,0.0,0.0,0.0,14,749.0,761.5,8,698.5,0.0,0.0,0.0,0.0,0.0,41
2023-05-11 09:36:03,OI311P8700,OI311P8700,698.5,0.0,0.0,0.0,14,749.0,761.5,2,698.5,0.0,0.0,0.0,0.0,0.0,41
2023-05-11 09:36:04,OI311P8700,OI311P8700,698.5,0.0,0.0,0.0,8,752.0,761.5,2,698.5,0.0,0.0,0.0,0.0,0.0,41
2023-05-11 09:36:04,OI311P8700,OI311P8700,698.5,0.0,0.0,0.0,14,752.0,761.5,2,698.5,0.0,0.0,0.0,0.0,0.0,41
2023-05-11 09:36:06,OI311P8700,OI311P8700,698.5,0.0,0.0,0.0,8,752.0,761.5,2,698.5,0.0,0.0,0.0,0.0,0.0,41
2023-05-11 09:36:11,OI311P8700,OI311P8700,698.5,0.0,0.0,0.0,2,752.0,761.5,2,698.5,0.0,0.0,0.0,0.0,0.0,41
2023-05-11 09:36:32,OI311P8700,OI311P8700,698.5,0.0,0.0,0.0,8,752.0,761.5,2,698.5,0.0,0.0,0.0,0.0,0.0,41
2023-05-11 09:36:33,OI311P8700,OI311P8700,698.5,0.0,0.0,0.0,8,752.0,764.5,2,698.5,0.0,0.0,0.0,0.0,0.0,41
2023-05-11 09:36:35,OI311P8700,OI311P8700,698.5,0.0,0.0,0.0,14,752.0,764.5,2,698.5,0.0,0.0,0.0,0.0,0.0,41
2023-05-11 09:37:05,OI311P8700,OI311P8700,698.5,0.0,0.0,0.0,8,752.0,764.5,2,698.5,0.0,0.0,0.0,0.0,0.0,41
2023-05-11 09:37:06,OI311P8700,OI311P8700,698.5,0.0,0.0,0.0,8,752.0,761.0,2,698.5,0.0,0.0,0.0,0.0,0.0,41
2023-05-11 09:37:06,OI311P8700,OI311P8700,698.5,0.0,0.0,0.0,2,752.0,761.0,2,698.5,0.0,0.0,0.0,0.0,0.0,41
2023-05-11 09:37:07,OI311P8700,OI311P8700,698.5,0.0,0.0,0.0,6,750.5,761.0,2,698.5,0.0,0.0,0.0,0.0,0.0,41
2023-05-11 09:37:07,OI311P8700,OI311P8700,698.5,0.0,0.0,0.0,2,749.0,761.0,8,698.5,0.0,0.0,0.0,0.0,0.0,41
2023-05-11 09:37:10,OI311P8700,OI311P8700,698.5,0.0,0.0,0.0,2,749.0,757.5,2,698.5,0.0,0.0,0.0,0.0,0.0,41
2023-05-11 09:37:16,OI311P8700,OI311P8700,698.5,0.0,0.0,0.0,8,749.0,757.5,2,698.5,0.0,0.0,0.0,0.0,0.0,41
2023-05-11 09:37:31,OI311P8700,OI311P8700,698.5,0.0,0.0,0.0,8,749.0,761.0,8,698.5,0.0,0.0,0.0,0.0,0.0,41
2023-05-11 09:37:32,OI311P8700,OI311P8700,698.5,0.0,0.0,0.0,14,749.0,761.0,8,698.5,0.0,0.0,0.0,0.0,0.0,41
2023-05-11 09:37:33,OI311P8700,OI311P8700,698.5,0.0,0.0,0.0,14,749.0,761.0,2,698.5,0.0,0.0,0.0,0.0,0.0,41
2023-05-11 09:38:06,OI311P8700,OI311P8700,698.5,0.0,0.0,0.0,14,749.0,761.0,8,698.5,0.0,0.0,0.0,0.0,0.0,41
2023-05-11 09:38:06,OI311P8700,OI311P8700,698.5,0.0,0.0,0.0,8,749.0,761.0,8,698.5,0.0,0.0,0.0,0.0,0.0,41
2023-05-11 09:38:12,OI311P8700,OI311P8700,698.5,0.0,0.0,0.0,8,749.0,761.0,14,698.5,0.0,0.0,0.0,0.0,0.0,41
2023-05-11 09:38:18,OI311P8700,OI311P8700,698.5,0.0,0.0,0.0,2,749.0,757.5,8,698.5,0.0,0.0,0.0,0.0,0.0,41
2023-05-11 09:38:21,OI311P8700,OI311P8700,698.5,0.0,0.0,0.0,6,747.0,757.5,8,698.5,0.0,0.0,0.0,0.0,0.0,41
2023-05-11 09:38:28,OI311P8700,OI311P8700,698.5,0.0,0.0,0.0,12,744.0,757.5,14,698.5,0.0,0.0,0.0,0.0,0.0,41
2023-05-11 09:39:03,OI311P8700,OI311P8700,698.5,0.0,0.0,0.0,8,743.0,754.0,8,698.5,0.0,0.0,0.0,0.0,0.0,41
2023-05-11 09:39:03,OI311P8700,OI311P8700,698.5,0.0,0.0,0.0,8,743.0,754.0,14,698.5,0.0,0.0,0.0,0.0,0.0,41
2023-05-11 09:39:05,OI311P8700,OI311P8700,698.5,0.0,0.0,0.0,6,740.0,754.0,8,698.5,0.0,0.0,0.0,0.0,0.0,41
2023-05-11 09:39:05,OI311P8700,OI311P8700,698.5,0.0,0.0,0.0,2,740.0,754.0,8,698.5,0.0,0.0,0.0,0.0,0.0,41
2023-05-11 09:39:06,OI311P8700,OI311P8700,698.5,0.0,0.0,0.0,14,740.0,754.0,14,698.5,0.0,0.0,0.0,0.0,0.0,41
2023-05-11 09:39:35,OI311P8700,OI311P8700,698.5,0.0,0.0,0.0,14,740.0,754.0,8,698.5,0.0,0.0,0.0,0.0,0.0,41
2023-05-11 09:39:38,OI311P8700,OI311P8700,698.5,0.0,0.0,0.0,2,742.5,754.0,8,698.5,0.0,0.0,0.0,0.0,0.0,41
2023-05-11 09:39:39,OI311P8700,OI311P8700,698.5,0.0,0.0,0.0,8,742.5,754.0,2,698.5,0.0,0.0,0.0,0.0,0.0,41
2023-05-11 09:39:42,OI311P8700,OI311P8700,698.5,0.0,0.0,0.0,14,742.5,754.0,2,698.5,0.0,0.0,0.0,0.0,0.0,41
2023-05-11 09:39:43,OI311P8700,OI311P8700,698.5,0.0,0.0,0.0,14,742.5,757.0,6,698.5,0.0,0.0,0.0,0.0,0.0,41
2023-05-11 09:39:54,OI311P8700,OI311P8700,698.5,0.0,0.0,0.0,8,746.0,757.5,2,698.5,0.0,0.0,0.0,0.0,0.0,41
2023-05-11 09:39:54,OI311P8700,OI311P8700,698.5,0.0,0.0,0.0,14,746.0,757.5,2,698.5,0.0,0.0,0.0,0.0,0.0,41
2023-05-11 09:40:01,OI311P8700,OI311P8700,698.5,0.0,0.0,0.0,8,746.0,757.5,2,698.5,0.0,0.0,0.0,0.0,0.0,41
2023-05-11 09:40:01,OI311P8700,OI311P8700,698.5,0.0,0.0,0.0,14,746.0,757.5,2,698.5,0.0,0.0,0.0,0.0,0.0,41
2023-05-11 09:40:10,OI311P8700,OI311P8700,698.5,0.0,0.0,0.0,8,746.0,757.5,2,698.5,0.0,0.0,0.0,0.0,0.0,41
2023-05-11 09:40:23,OI311P8700,OI311P8700,698.5,0.0,0.0,0.0,14,746.0,757.5,2,698.5,0.0,0.0,0.0,0.0,0.0,41
2023-05-11 09:40:28,OI311P8700,OI311P8700,698.5,0.0,0.0,0.0,14,746.0,759.0,6,698.5,0.0,0.0,0.0,0.0,0.0,41
2023-05-11 09:40:28,OI311P8700,OI311P8700,698.5,0.0,0.0,0.0,8,746.0,761.5,2,698.5,0.0,0.0,0.0,0.0,0.0,41
2023-05-11 09:40:30,OI311P8700,OI311P8700,698.5,0.0,0.0,0.0,14,746.0,761.5,2,698.5,0.0,0.0,0.0,0.0,0.0,41
2023-05-11 09:40:32,OI311P8700,OI311P8700,698.5,0.0,0.0,0.0,8,749.0,761.5,2,698.5,0.0,0.0,0.0,0.0,0.0,41
2023-05-11 09:40:33,OI311P8700,OI311P8700,698.5,0.0,0.0,0.0,14,749.0,761.5,2,698.5,0.0,0.0,0.0,0.0,0.0,41
2023-05-11 09:40:52,OI311P8700,OI311P8700,698.5,0.0,0.0,0.0,8,749.0,761.5,2,698.5,0.0,0.0,0.0,0.0,0.0,41
2023-05-11 09:41:02,OI311P8700,OI311P8700,698.5,0.0,0.0,0.0,2,751.5,761.5,2,698.5,0.0,0.0,0.0,0.0,0.0,41
2023-05-11 09:41:03,OI311P8700,OI311P8700,698.5,0.0,0.0,0.0,8,751.5,766.5,6,698.5,0.0,0.0,0.0,0.0,0.0,41
2023-05-11 09:41:03,OI311P8700,OI311P8700,698.5,0.0,0.0,0.0,8,751.5,766.5,2,698.5,0.0,0.0,0.0,0.0,0.0,41
2023-05-11 09:41:03,OI311P8700,OI311P8700,698.5,0.0,0.0,0.0,8,751.5,766.5,8,698.5,0.0,0.0,0.0,0.0,0.0,41
2023-05-11 09:41:05,OI311P8700,OI311P8700,698.5,0.0,0.0,0.0,14,751.5,766.5,14,698.5,0.0,0.0,0.0,0.0,0.0,41
2023-05-11 09:41:09,OI311P8700,OI311P8700,698.5,0.0,0.0,0.0,8,751.5,766.5,8,698.5,0.0,0.0,0.0,0.0,0.0,41
2023-05-11 09:41:09,OI311P8700,OI311P8700,698.5,0.0,0.0,0.0,8,751.5,766.5,2,698.5,0.0,0.0,0.0,0.0,0.0,41
2023-05-11 09:41:10,OI311P8700,OI311P8700,698.5,0.0,0.0,0.0,2,757.0,766.5,2,698.5,0.0,0.0,0.0,0.0,0.0,41
2023-05-11 09:41:10,OI311P8700,OI311P8700,698.5,0.0,0.0,0.0,8,757.0,766.5,2,698.5,0.0,0.0,0.0,0.0,0.0,41
2023-05-11 09:41:11,OI311P8700,OI311P8700,698.5,0.0,0.0,0.0,14,757.0,766.5,2,698.5,0.0,0.0,0.0,0.0,0.0,41
2023-05-11 09:41:17,OI311P8700,OI311P8700,698.5,0.0,0.0,0.0,2,757.0,766.5,2,698.5,0.0,0.0,0.0,0.0,0.0,41
2023-05-11 09:41:19,OI311P8700,OI311P8700,698.5,0.0,0.0,0.0,6,754.0,766.5,2,698.5,0.0,0.0,0.0,0.0,0.0,41
2023-05-11 09:41:20,OI311P8700,OI311P8700,698.5,0.0,0.0,0.0,6,753.5,766.5,2,698.5,0.0,0.0,0.0,0.0,0.0,41
2023-05-11 09:41:20,OI311P8700,OI311P8700,698.5,0.0,0.0,0.0,6,753.0,766.5,2,698.5,0.0,0.0,0.0,0.0,0.0,41
2023-05-11 09:41:21,OI311P8700,OI311P8700,698.5,0.0,0.0,0.0,6,753.0,763.0,2,698.5,0.0,0.0,0.0,0.0,0.0,41
2023-05-11 09:41:25,OI311P8700,OI311P8700,698.5,0.0,0.0,0.0,2,751.5,763.0,8,698.5,0.0,0.0,0.0,0.0,0.0,41
2023-05-11 09:41:28,OI311P8700,OI311P8700,698.5,0.0,0.0,0.0,6,750.0,759.5,2,698.5,0.0,0.0,0.0,0.0,0.0,41
2023-05-11 09:41:29,OI311P8700,OI311P8700,698.5,0.0,0.0,0.0,6,748.0,759.5,14,698.5,0.0,0.0,0.0,0.0,0.0,41
2023-05-11 09:41:47,OI311P8700,OI311P8700,698.5,0.0,0.0,0.0,12,748.0,759.5,8,698.5,0.0,0.0,0.0,0.0,0.0,41
2023-05-11 09:41:53,OI311P8700,OI311P8700,698.5,0.0,0.0,0.0,12,748.0,759.5,2,698.5,0.0,0.0,0.0,0.0,0.0,41
2023-05-11 09:41:53,OI311P8700,OI311P8700,698.5,0.0,0.0,0.0,2,750.5,759.5,2,698.5,0.0,0.0,0.0,0.0,0.0,41
2023-05-11 09:42:04,OI311P8700,OI311P8700,698.5,0.0,0.0,0.0,2,750.5,762.5,6,698.5,0.0,0.0,0.0,0.0,0.0,41
2023-05-11 09:43:02,OI311P8700,OI311P8700,698.5,0.0,0.0,0.0,8,750.5,763.0,2,698.5,0.0,0.0,0.0,0.0,0.0,41
2023-05-11 09:43:10,OI311P8700,OI311P8700,698.5,0.0,0.0,0.0,2,753.5,763.0,2,698.5,0.0,0.0,0.0,0.0,0.0,41
2023-05-11 09:43:10,OI311P8700,OI311P8700,698.5,0.0,0.0,0.0,8,753.5,763.0,2,698.5,0.0,0.0,0.0,0.0,0.0,41
2023-05-11 09:43:11,OI311P8700,OI311P8700,698.5,0.0,0.0,0.0,14,753.5,763.0,2,698.5,0.0,0.0,0.0,0.0,0.0,41
2023-05-11 09:43:16,OI311P8700,OI311P8700,698.5,0.0,0.0,0.0,14,753.5,766.5,6,698.5,0.0,0.0,0.0,0.0,0.0,41
2023-05-11 09:43:18,OI311P8700,OI311P8700,698.5,0.0,0.0,0.0,14,753.5,767.5,2,698.5,0.0,0.0,0.0,0.0,0.0,41
2023-05-11 09:43:32,OI311P8700,OI311P8700,698.5,0.0,0.0,0.0,8,757.5,767.5,2,698.5,0.0,0.0,0.0,0.0,0.0,41
2023-05-11 09:43:32,OI311P8700,OI311P8700,698.5,0.0,0.0,0.0,14,757.5,767.5,2,698.5,0.0,0.0,0.0,0.0,0.0,41
2023-05-11 09:43:49,OI311P8700,OI311P8700,698.5,0.0,0.0,0.0,8,757.5,767.5,2,698.5,0.0,0.0,0.0,0.0,0.0,41
2023-05-11 09:43:52,OI311P8700,OI311P8700,698.5,0.0,0.0,0.0,2,757.5,767.5,8,698.5,0.0,0.0,0.0,0.0,0.0,41
2023-05-11 09:44:02,OI311P8700,OI311P8700,698.5,0.0,0.0,0.0,6,754.5,767.5,8,698.5,0.0,0.0,0.0,0.0,0.0,41
2023-05-11 09:44:04,OI311P8700,OI311P8700,698.5,0.0,0.0,0.0,6,754.5,767.5,14,698.5,0.0,0.0,0.0,0.0,0.0,41
2023-05-11 09:44:05,OI311P8700,OI311P8700,698.5,0.0,0.0,0.0,6,754.5,764.0,2,698.5,0.0,0.0,0.0,0.0,0.0,41
2023-05-11 09:44:05,OI311P8700,OI311P8700,698.5,0.0,0.0,0.0,2,753.5,764.0,14,698.5,0.0,0.0,0.0,0.0,0.0,41
2023-05-11 09:44:49,OI311P8700,OI311P8700,698.5,0.0,0.0,0.0,6,752.5,764.0,14,698.5,0.0,0.0,0.0,0.0,0.0,41
2023-05-11 09:44:49,OI311P8700,OI311P8700,698.5,0.0,0.0,0.0,12,748.0,764.0,14,698.5,0.0,0.0,0.0,0.0,0.0,41
2023-05-11 09:44:50,OI311P8700,OI311P8700,698.5,0.0,0.0,0.0,14,748.0,764.0,14,698.5,0.0,0.0,0.0,0.0,0.0,41
2023-05-11 09:45:02,OI311P8700,OI311P8700,698.5,0.0,0.0,0.0,14,748.0,761.5,2,698.5,0.0,0.0,0.0,0.0,0.0,41
2023-05-11 09:45:03,OI311P8700,OI311P8700,698.5,0.0,0.0,0.0,8,748.0,761.5,2,698.5,0.0,0.0,0.0,0.0,0.0,41
2023-05-11 09:45:12,OI311P8700,OI311P8700,698.5,0.0,0.0,0.0,8,748.0,758.0,2,698.5,0.0,0.0,0.0,0.0,0.0,41
2023-05-11 09:45:12,OI311P8700,OI311P8700,698.5,0.0,0.0,0.0,2,748.0,758.0,8,698.5,0.0,0.0,0.0,0.0,0.0,41
2023-05-11 09:46:05,OI311P8700,OI311P8700,698.5,0.0,0.0,0.0,6,747.0,758.0,14,698.5,0.0,0.0,0.0,0.0,0.0,41
2023-05-11 09:46:05,OI311P8700,OI311P8700,698.5,0.0,0.0,0.0,12,743.0,758.0,14,698.5,0.0,0.0,0.0,0.0,0.0,41
2023-05-11 09:46:40,OI311P8700,OI311P8700,698.5,0.0,0.0,0.0,2,745.5,758.0,14,698.5,0.0,0.0,0.0,0.0,0.0,41
2023-05-11 09:46:45,OI311P8700,OI311P8700,698.5,0.0,0.0,0.0,2,745.5,758.0,8,698.5,0.0,0.0,0.0,0.0,0.0,41
2023-05-11 09:46:58,OI311P8700,OI311P8700,698.5,0.0,0.0,0.0,8,745.5,758.0,2,698.5,0.0,0.0,0.0,0.0,0.0,41
2023-05-11 09:46:58,OI311P8700,OI311P8700,698.5,0.0,0.0,0.0,2,749.0,758.0,2,698.5,0.0,0.0,0.0,0.0,0.0,41
2023-05-11 09:46:58,OI311P8700,OI311P8700,698.5,0.0,0.0,0.0,8,749.0,758.0,2,698.5,0.0,0.0,0.0,0.0,0.0,41
2023-05-11 09:47:03,OI311P8700,OI311P8700,698.5,0.0,0.0,0.0,14,749.0,758.0,2,698.5,0.0,0.0,0.0,0.0,0.0,41
2023-05-11 09:47:15,OI311P8700,OI311P8700,698.5,0.0,0.0,0.0,14,749.0,761.5,8,698.5,0.0,0.0,0.0,0.0,0.0,41
2023-05-11 09:47:17,OI311P8700,OI311P8700,698.5,0.0,0.0,0.0,14,749.0,761.5,2,698.5,0.0,0.0,0.0,0.0,0.0,41
2023-05-11 09:47:21,OI311P8700,OI311P8700,698.5,0.0,0.0,0.0,8,749.0,761.5,8,698.5,0.0,0.0,0.0,0.0,0.0,41
2023-05-11 09:47:24,OI311P8700,OI311P8700,698.5,0.0,0.0,0.0,8,749.0,761.5,14,698.5,0.0,0.0,0.0,0.0,0.0,41
2023-05-11 09:47:29,OI311P8700,OI311P8700,698.5,0.0,0.0,0.0,8,749.0,758.0,2,698.5,0.0,0.0,0.0,0.0,0.0,41
2023-05-11 09:47:56,OI311P8700,OI311P8700,698.5,0.0,0.0,0.0,14,749.0,758.0,2,698.5,0.0,0.0,0.0,0.0,0.0,41
2023-05-11 09:47:57,OI311P8700,OI311P8700,698.5,0.0,0.0,0.0,14,749.0,761.5,8,698.5,0.0,0.0,0.0,0.0,0.0,41
2023-05-11 09:48:02,OI311P8700,OI311P8700,698.5,0.0,0.0,0.0,8,749.0,761.5,2,698.5,0.0,0.0,0.0,0.0,0.0,41
2023-05-11 09:48:02,OI311P8700,OI311P8700,698.5,0.0,0.0,0.0,14,749.0,761.5,2,698.5,0.0,0.0,0.0,0.0,0.0,41
2023-05-11 09:48:07,OI311P8700,OI311P8700,698.5,0.0,0.0,0.0,8,752.5,767.0,12,698.5,0.0,0.0,0.0,0.0,0.0,41
2023-05-11 09:48:07,OI311P8700,OI311P8700,698.5,0.0,0.0,0.0,14,752.5,766.0,2,698.5,0.0,0.0,0.0,0.0,0.0,41
2023-05-11 09:48:10,OI311P8700,OI311P8700,698.5,0.0,0.0,0.0,8,752.5,766.0,2,698.5,0.0,0.0,0.0,0.0,0.0,41
2023-05-11 09:48:11,OI311P8700,OI311P8700,698.5,0.0,0.0,0.0,14,752.5,766.0,2,698.5,0.0,0.0,0.0,0.0,0.0,41
2023-05-11 09:48:18,OI311P8700,OI311P8700,698.5,0.0,0.0,0.0,8,755.5,766.0,2,698.5,0.0,0.0,0.0,0.0,0.0,41
2023-05-11 09:48:29,OI311P8700,OI311P8700,698.5,0.0,0.0,0.0,8,755.5,769.5,6,698.5,0.0,0.0,0.0,0.0,0.0,41
2023-05-11 09:48:29,OI311P8700,OI311P8700,698.5,0.0,0.0,0.0,14,755.5,769.5,6,698.5,0.0,0.0,0.0,0.0,0.0,41
2023-05-11 09:48:36,OI311P8700,OI311P8700,698.5,0.0,0.0,0.0,14,755.5,769.5,12,698.5,0.0,0.0,0.0,0.0,0.0,41
2023-05-11 09:48:37,OI311P8700,OI311P8700,698.5,0.0,0.0,0.0,14,755.5,767.0,2,698.5,0.0,0.0,0.0,0.0,0.0,41
2023-05-11 09:48:42,OI311P8700,OI311P8700,698.5,0.0,0.0,0.0,8,755.5,767.0,2,698.5,0.0,0.0,0.0,0.0,0.0,41
2023-05-11 09:48:42,OI311P8700,OI311P8700,698.5,0.0,0.0,0.0,14,755.5,767.0,2,698.5,0.0,0.0,0.0,0.0,0.0,41
2023-05-11 09:49:03,OI311P8700,OI311P8700,698.5,0.0,0.0,0.0,8,755.5,767.0,2,698.5,0.0,0.0,0.0,0.0,0.0,41
2023-05-11 09:49:08,OI311P8700,OI311P8700,698.5,0.0,0.0,0.0,14,755.5,767.0,2,698.5,0.0,0.0,0.0,0.0,0.0,41
2023-05-11 09:49:27,OI311P8700,OI311P8700,698.5,0.0,0.0,0.0,2,759.0,769.5,6,698.5,0.0,0.0,0.0,0.0,0.0,41
2023-05-11 09:49:28,OI311P8700,OI311P8700,698.5,0.0,0.0,0.0,14,759.0,770.5,2,698.5,0.0,0.0,0.0,0.0,0.0,41
2023-05-11 09:49:51,OI311P8700,OI311P8700,698.5,0.0,0.0,0.0,8,759.0,770.5,2,698.5,0.0,0.0,0.0,0.0,0.0,41
2023-05-11 09:50:06,OI311P8700,OI311P8700,698.5,0.0,0.0,0.0,6,759.0,770.5,2,698.5,0.0,0.0,0.0,0.0,0.0,41
2023-05-11 09:50:06,OI311P8700,OI311P8700,698.5,0.0,0.0,0.0,8,755.5,770.5,14,698.5,0.0,0.0,0.0,0.0,0.0,41
2023-05-11 09:50:07,OI311P8700,OI311P8700,698.5,0.0,0.0,0.0,8,755.5,766.5,2,698.5,0.0,0.0,0.0,0.0,0.0,41
2023-05-11 09:50:33,OI311P8700,OI311P8700,698.5,0.0,0.0,0.0,14,755.5,766.5,2,698.5,0.0,0.0,0.0,0.0,0.0,41
2023-05-11 09:50:45,OI311P8700,OI311P8700,698.5,0.0,0.0,0.0,8,755.5,766.5,2,698.5,0.0,0.0,0.0,0.0,0.0,41
2023-05-11 09:50:46,OI311P8700,OI311P8700,698.5,0.0,0.0,0.0,14,755.5,766.5,2,698.5,0.0,0.0,0.0,0.0,0.0,41
2023-05-11 09:51:03,OI311P8700,OI311P8700,698.5,0.0,0.0,0.0,14,755.5,770.5,8,698.5,0.0,0.0,0.0,0.0,0.0,41
2023-05-11 09:51:03,OI311P8700,OI311P8700,698.5,0.0,0.0,0.0,8,759.0,770.5,2,698.5,0.0,0.0,0.0,0.0,0.0,41
2023-05-11 09:51:04,OI311P8700,OI311P8700,698.5,0.0,0.0,0.0,8,759.0,775.0,6,698.5,0.0,0.0,0.0,0.0,0.0,41
2023-05-11 09:51:05,OI311P8700,OI311P8700,698.5,0.0,0.0,0.0,8,759.0,786.5,6,698.5,0.0,0.0,0.0,0.0,0.0,41
2023-05-11 09:51:07,OI311P8700,OI311P8700,698.5,0.0,0.0,0.0,14,759.0,776.0,8,698.5,0.0,0.0,0.0,0.0,0.0,41
2023-05-11 09:51:08,OI311P8700,OI311P8700,698.5,0.0,0.0,0.0,8,762.5,776.0,8,698.5,0.0,0.0,0.0,0.0,0.0,41
2023-05-11 09:51:08,OI311P8700,OI311P8700,698.5,0.0,0.0,0.0,14,762.5,776.0,8,698.5,0.0,0.0,0.0,0.0,0.0,41
2023-05-11 09:52:05,OI311P8700,OI311P8700,698.5,0.0,0.0,0.0,8,762.5,773.5,2,698.5,0.0,0.0,0.0,0.0,0.0,41
2023-05-11 09:52:10,OI311P8700,OI311P8700,698.5,0.0,0.0,0.0,14,759.0,773.5,8,698.5,0.0,0.0,0.0,0.0,0.0,41
2023-05-11 09:52:14,OI311P8700,OI311P8700,698.5,0.0,0.0,0.0,14,759.0,770.0,2,698.5,0.0,0.0,0.0,0.0,0.0,41
2023-05-11 09:52:14,OI311P8700,OI311P8700,698.5,0.0,0.0,0.0,8,759.0,770.0,2,698.5,0.0,0.0,0.0,0.0,0.0,41
2023-05-11 09:52:27,OI311P8700,OI311P8700,698.5,0.0,0.0,0.0,14,759.0,770.0,2,698.5,0.0,0.0,0.0,0.0,0.0,41
2023-05-11 09:52:32,OI311P8700,OI311P8700,698.5,0.0,0.0,0.0,8,759.0,770.0,2,698.5,0.0,0.0,0.0,0.0,0.0,41
2023-05-11 09:52:33,OI311P8700,OI311P8700,698.5,0.0,0.0,0.0,14,759.0,773.5,2,698.5,0.0,0.0,0.0,0.0,0.0,41
2023-05-11 09:53:04,OI311P8700,OI311P8700,698.5,0.0,0.0,0.0,2,762.0,773.5,2,698.5,0.0,0.0,0.0,0.0,0.0,41
2023-05-11 09:53:05,OI311P8700,OI311P8700,698.5,0.0,0.0,0.0,8,762.0,773.5,2,698.5,0.0,0.0,0.0,0.0,0.0,41
2023-05-11 09:53:36,OI311P8700,OI311P8700,698.5,0.0,0.0,0.0,8,762.0,773.5,8,698.5,0.0,0.0,0.0,0.0,0.0,41
2023-05-11 09:53:58,OI311P8700,OI311P8700,698.5,0.0,0.0,0.0,14,762.0,773.5,8,698.5,0.0,0.0,0.0,0.0,0.0,41
2023-05-11 09:54:01,OI311P8700,OI311P8700,698.5,0.0,0.0,0.0,14,762.0,773.5,2,698.5,0.0,0.0,0.0,0.0,0.0,41
2023-05-11 09:54:05,OI311P8700,OI311P8700,698.5,0.0,0.0,0.0,8,762.0,773.5,2,698.5,0.0,0.0,0.0,0.0,0.0,41
2023-05-11 09:54:07,OI311P8700,OI311P8700,698.5,0.0,0.0,0.0,14,762.0,773.5,2,698.5,0.0,0.0,0.0,0.0,0.0,41
2023-05-11 09:54:30,OI311P8700,OI311P8700,698.5,0.0,0.0,0.0,14,762.0,776.5,6,698.5,0.0,0.0,0.0,0.0,0.0,41
2023-05-11 09:54:30,OI311P8700,OI311P8700,698.5,0.0,0.0,0.0,2,765.5,776.5,6,698.5,0.0,0.0,0.0,0.0,0.0,41
2023-05-11 09:54:31,OI311P8700,OI311P8700,698.5,0.0,0.0,0.0,14,765.5,778.5,6,698.5,0.0,0.0,0.0,0.0,0.0,41
2023-05-11 09:54:32,OI311P8700,OI311P8700,698.5,0.0,0.0,0.0,2,765.5,779.0,2,698.5,0.0,0.0,0.0,0.0,0.0,41
2023-05-11 09:54:33,OI311P8700,OI311P8700,698.5,0.0,0.0,0.0,2,770.0,779.0,2,698.5,0.0,0.0,0.0,0.0,0.0,41
2023-05-11 09:54:33,OI311P8700,OI311P8700,698.5,0.0,0.0,0.0,8,770.0,779.0,2,698.5,0.0,0.0,0.0,0.0,0.0,41
2023-05-11 09:54:39,OI311P8700,OI311P8700,698.5,0.0,0.0,0.0,2,770.0,779.0,8,698.5,0.0,0.0,0.0,0.0,0.0,41
2023-05-11 09:54:42,OI311P8700,OI311P8700,698.5,0.0,0.0,0.0,8,770.0,779.0,2,698.5,0.0,0.0,0.0,0.0,0.0,41
2023-05-11 09:55:01,OI311P8700,OI311P8700,698.5,0.0,0.0,0.0,2,770.0,779.0,2,698.5,0.0,0.0,0.0,0.0,0.0,41
2023-05-11 09:55:14,OI311P8700,OI311P8700,698.5,0.0,0.0,0.0,8,765.5,779.0,8,698.5,0.0,0.0,0.0,0.0,0.0,41
2023-05-11 09:55:15,OI311P8700,OI311P8700,698.5,0.0,0.0,0.0,2,768.0,779.0,2,698.5,0.0,0.0,0.0,0.0,0.0,41
2023-05-11 09:55:15,OI311P8700,OI311P8700,698.5,0.0,0.0,0.0,8,768.0,779.0,2,698.5,0.0,0.0,0.0,0.0,0.0,41
2023-05-11 09:55:28,OI311P8700,OI311P8700,698.5,0.0,0.0,0.0,8,768.0,785.0,6,698.5,0.0,0.0,0.0,0.0,0.0,41
2023-05-11 09:55:28,OI311P8700,OI311P8700,698.5,0.0,0.0,0.0,8,768.0,785.0,2,698.5,0.0,0.0,0.0,0.0,0.0,41
2023-05-11 09:55:29,OI311P8700,OI311P8700,698.5,0.0,0.0,0.0,8,771.5,785.0,2,698.5,0.0,0.0,0.0,0.0,0.0,41
2023-05-11 09:55:37,OI311P8700,OI311P8700,698.5,0.0,0.0,0.0,2,775.0,785.0,2,698.5,0.0,0.0,0.0,0.0,0.0,41
2023-05-11 09:55:37,OI311P8700,OI311P8700,698.5,0.0,0.0,0.0,8,775.0,789.5,6,698.5,0.0,0.0,0.0,0.0,0.0,41
2023-05-11 09:56:02,OI311P8700,OI311P8700,698.5,0.0,0.0,0.0,8,775.0,786.5,2,698.5,0.0,0.0,0.0,0.0,0.0,41
2023-05-11 09:56:02,OI311P8700,OI311P8700,698.5,0.0,0.0,0.0,8,775.0,786.5,8,698.5,0.0,0.0,0.0,0.0,0.0,41
2023-05-11 09:56:08,OI311P8700,OI311P8700,698.5,0.0,0.0,0.0,6,772.0,786.5,8,698.5,0.0,0.0,0.0,0.0,0.0,41
2023-05-11 09:56:09,OI311P8700,OI311P8700,698.5,0.0,0.0,0.0,8,771.5,783.0,8,698.5,0.0,0.0,0.0,0.0,0.0,41
2023-05-11 09:56:17,OI311P8700,OI311P8700,698.5,0.0,0.0,0.0,6,771.5,783.0,8,698.5,0.0,0.0,0.0,0.0,0.0,41
2023-05-11 09:56:17,OI311P8700,OI311P8700,698.5,0.0,0.0,0.0,2,766.0,783.0,8,698.5,0.0,0.0,0.0,0.0,0.0,41
2023-05-11 09:56:18,OI311P8700,OI311P8700,698.5,0.0,0.0,0.0,8,766.0,783.0,8,698.5,0.0,0.0,0.0,0.0,0.0,41
2023-05-11 09:56:24,OI311P8700,OI311P8700,698.5,0.0,0.0,0.0,8,766.0,780.0,2,698.5,0.0,0.0,0.0,0.0,0.0,41
2023-05-11 09:56:24,OI311P8700,OI311P8700,698.5,0.0,0.0,0.0,8,766.0,780.0,8,698.5,0.0,0.0,0.0,0.0,0.0,41
2023-05-11 09:56:52,OI311P8700,OI311P8700,698.5,0.0,0.0,0.0,14,766.0,780.0,2,698.5,0.0,0.0,0.0,0.0,0.0,41
2023-05-11 09:57:04,OI311P8700,OI311P8700,698.5,0.0,0.0,0.0,2,770.0,780.0,2,698.5,0.0,0.0,0.0,0.0,0.0,41
2023-05-11 09:57:04,OI311P8700,OI311P8700,698.5,0.0,0.0,0.0,14,770.0,780.0,2,698.5,0.0,0.0,0.0,0.0,0.0,41
2023-05-11 09:57:10,OI311P8700,OI311P8700,698.5,0.0,0.0,0.0,8,770.0,783.0,2,698.5,0.0,0.0,0.0,0.0,0.0,41
2023-05-11 09:57:11,OI311P8700,OI311P8700,698.5,0.0,0.0,0.0,14,770.0,783.0,2,698.5,0.0,0.0,0.0,0.0,0.0,41
2023-05-11 09:57:56,OI311P8700,OI311P8700,698.5,0.0,0.0,0.0,8,773.0,787.5,2,698.5,0.0,0.0,0.0,0.0,0.0,41
2023-05-11 09:58:16,OI311P8700,OI311P8700,698.5,0.0,0.0,0.0,8,773.0,783.5,8,698.5,0.0,0.0,0.0,0.0,0.0,41
2023-05-11 09:58:32,OI311P8700,OI311P8700,698.5,0.0,0.0,0.0,8,773.0,783.5,2,698.5,0.0,0.0,0.0,0.0,0.0,41
2023-05-11 09:58:33,OI311P8700,OI311P8700,698.5,0.0,0.0,0.0,14,773.0,783.5,2,698.5,0.0,0.0,0.0,0.0,0.0,41
2023-05-11 09:58:34,OI311P8700,OI311P8700,698.5,0.0,0.0,0.0,14,773.0,786.5,6,698.5,0.0,0.0,0.0,0.0,0.0,41
2023-05-11 09:58:35,OI311P8700,OI311P8700,698.5,0.0,0.0,0.0,8,773.0,787.5,2,698.5,0.0,0.0,0.0,0.0,0.0,41
2023-05-11 09:58:36,OI311P8700,OI311P8700,698.5,0.0,0.0,0.0,14,773.0,787.5,2,698.5,0.0,0.0,0.0,0.0,0.0,41
2023-05-11 09:58:48,OI311P8700,OI311P8700,698.5,0.0,0.0,0.0,8,777.0,787.5,2,698.5,0.0,0.0,0.0,0.0,0.0,41
2023-05-11 09:58:50,OI311P8700,OI311P8700,698.5,0.0,0.0,0.0,14,777.0,791.0,6,698.5,0.0,0.0,0.0,0.0,0.0,41
2023-05-11 09:58:53,OI311P8700,OI311P8700,698.5,0.0,0.0,0.0,14,777.0,788.5,2,698.5,0.0,0.0,0.0,0.0,0.0,41
2023-05-11 09:58:53,OI311P8700,OI311P8700,698.5,0.0,0.0,0.0,8,777.0,788.5,2,698.5,0.0,0.0,0.0,0.0,0.0,41
2023-05-11 09:58:58,OI311P8700,OI311P8700,698.5,0.0,0.0,0.0,2,778.5,788.5,2,698.5,0.0,0.0,0.0,0.0,0.0,41
2023-05-11 09:59:04,OI311P8700,OI311P8700,698.5,0.0,0.0,0.0,8,777.0,788.5,2,698.5,0.0,0.0,0.0,0.0,0.0,41
2023-05-11 09:59:21,OI311P8700,OI311P8700,698.5,0.0,0.0,0.0,14,777.0,791.0,6,698.5,0.0,0.0,0.0,0.0,0.0,41
2023-05-11 09:59:27,OI311P8700,OI311P8700,698.5,0.0,0.0,0.0,14,777.0,792.0,2,698.5,0.0,0.0,0.0,0.0,0.0,41
2023-05-11 09:59:28,OI311P8700,OI311P8700,698.5,0.0,0.0,0.0,8,781.0,792.0,2,698.5,0.0,0.0,0.0,0.0,0.0,41
2023-05-11 09:59:28,OI311P8700,OI311P8700,698.5,0.0,0.0,0.0,2,784.0,792.0,2,698.5,0.0,0.0,0.0,0.0,0.0,41
2023-05-11 09:59:29,OI311P8700,OI311P8700,698.5,0.0,0.0,0.0,8,784.0,792.0,2,698.5,0.0,0.0,0.0,0.0,0.0,41
2023-05-11 09:59:36,OI311P8700,OI311P8700,698.5,0.0,0.0,0.0,14,784.0,795.0,6,698.5,0.0,0.0,0.0,0.0,0.0,41
2023-05-11 09:59:38,OI311P8700,OI311P8700,698.5,0.0,0.0,0.0,8,784.0,795.0,6,698.5,0.0,0.0,0.0,0.0,0.0,41
2023-05-11 09:59:41,OI311P8700,OI311P8700,698.5,0.0,0.0,0.0,14,784.0,795.0,6,698.5,0.0,0.0,0.0,0.0,0.0,41
2023-05-11 09:59:42,OI311P8700,OI311P8700,698.5,0.0,0.0,0.0,2,786.5,796.0,2,698.5,0.0,0.0,0.0,0.0,0.0,41
2023-05-11 10:00:11,OI311P8700,OI311P8700,698.5,0.0,0.0,0.0,14,784.0,796.0,2,698.5,0.0,0.0,0.0,0.0,0.0,41
2023-05-11 10:00:11,OI311P8700,OI311P8700,698.5,0.0,0.0,0.0,8,784.0,796.0,2,698.5,0.0,0.0,0.0,0.0,0.0,41
2023-05-11 10:00:12,OI311P8700,OI311P8700,698.5,0.0,0.0,0.0,6,784.0,796.0,2,698.5,0.0,0.0,0.0,0.0,0.0,41
2023-05-11 10:00:12,OI311P8700,OI311P8700,698.5,0.0,0.0,0.0,2,780.5,791.5,2,698.5,0.0,0.0,0.0,0.0,0.0,41
2023-05-11 10:00:12,OI311P8700,OI311P8700,698.5,0.0,0.0,0.0,8,780.5,791.5,8,698.5,0.0,0.0,0.0,0.0,0.0,41
2023-05-11 10:00:15,OI311P8700,OI311P8700,698.5,0.0,0.0,0.0,8,780.5,791.5,14,698.5,0.0,0.0,0.0,0.0,0.0,41
2023-05-11 10:00:19,OI311P8700,OI311P8700,698.5,0.0,0.0,0.0,8,780.5,791.5,8,698.5,0.0,0.0,0.0,0.0,0.0,41
