time,symbol_id,symbol_name,last,trade_volume,trade_amount,open_interest_change,bv1,bp1,ap1,av1,yesterday_close,today_open,today_high,today_low,volume,amount,open_interest
2023-05-10 19:12:58,OI311C9300,OI311C9300,112.0,0.0,0.0,-7.0,0,0.0,0.0,0,112.0,99.5,0.0,0.0,0.0,0.0,143
2023-05-10 20:59:00,OI311C9300,OI311C9300,112.0,0.0,0.0,0.0,12,32.0,0.0,0,112.0,99.5,0.0,0.0,0.0,0.0,143
2023-05-10 21:00:04,OI311C9300,OI311C9300,112.0,0.0,0.0,0.0,12,32.0,269.5,4,112.0,99.5,0.0,0.0,0.0,0.0,143
2023-05-10 21:00:07,OI311C9300,OI311C9300,112.0,0.0,0.0,0.0,4,73.0,269.5,4,112.0,99.5,0.0,0.0,0.0,0.0,143
2023-05-10 21:00:52,OI311C9300,OI311C9300,112.0,0.0,0.0,0.0,12,32.0,0.0,0,112.0,99.5,0.0,0.0,0.0,0.0,143
2023-05-10 21:00:53,OI311C9300,OI311C9300,112.0,0.0,0.0,0.0,2,73.0,266.0,2,112.0,99.5,0.0,0.0,0.0,0.0,143
2023-05-10 21:01:10,OI311C9300,OI311C9300,112.0,0.0,0.0,0.0,2,76.5,266.0,2,112.0,99.5,0.0,0.0,0.0,0.0,143
2023-05-10 21:01:10,OI311C9300,OI311C9300,112.0,0.0,0.0,0.0,2,88.0,195.5,2,112.0,99.5,0.0,0.0,0.0,0.0,143
2023-05-10 21:01:11,OI311C9300,OI311C9300,112.0,0.0,0.0,0.0,2,100.0,104.5,2,112.0,99.5,0.0,0.0,0.0,0.0,143
2023-05-10 21:01:18,OI311C9300,OI311C9300,112.0,0.0,0.0,0.0,2,100.5,104.5,2,112.0,99.5,0.0,0.0,0.0,0.0,143
2023-05-10 21:01:23,OI311C9300,OI311C9300,112.0,0.0,0.0,0.0,2,100.5,195.5,2,112.0,99.5,0.0,0.0,0.0,0.0,143
2023-05-10 21:01:28,OI311C9300,OI311C9300,112.0,0.0,0.0,0.0,2,100.5,106.0,2,112.0,99.5,0.0,0.0,0.0,0.0,143
2023-05-10 21:01:29,OI311C9300,OI311C9300,112.0,0.0,0.0,0.0,2,101.0,105.5,2,112.0,99.5,0.0,0.0,0.0,0.0,143
2023-05-10 21:01:32,OI311C9300,OI311C9300,112.0,0.0,0.0,0.0,2,101.5,105.5,2,112.0,99.5,0.0,0.0,0.0,0.0,143
2023-05-10 21:01:42,OI311C9300,OI311C9300,112.0,0.0,0.0,0.0,2,101.5,105.0,2,112.0,99.5,0.0,0.0,0.0,0.0,143
2023-05-10 21:01:45,OI311C9300,OI311C9300,112.0,0.0,0.0,0.0,2,101.5,104.5,2,112.0,99.5,0.0,0.0,0.0,0.0,143
2023-05-10 21:02:27,OI311C9300,OI311C9300,112.0,0.0,0.0,0.0,2,101.5,104.5,8,112.0,99.5,0.0,0.0,0.0,0.0,143
2023-05-10 21:02:33,OI311C9300,OI311C9300,112.0,0.0,0.0,0.0,2,101.5,104.0,2,112.0,99.5,0.0,0.0,0.0,0.0,143
2023-05-10 21:02:35,OI311C9300,OI311C9300,112.0,0.0,0.0,0.0,2,101.5,104.0,14,112.0,99.5,0.0,0.0,0.0,0.0,143
2023-05-10 21:02:39,OI311C9300,OI311C9300,112.0,0.0,0.0,0.0,2,101.5,104.0,8,112.0,99.5,0.0,0.0,0.0,0.0,143
2023-05-10 21:02:40,OI311C9300,OI311C9300,112.0,0.0,0.0,0.0,2,101.5,104.0,2,112.0,99.5,0.0,0.0,0.0,0.0,143
2023-05-10 21:02:49,OI311C9300,OI311C9300,112.0,0.0,0.0,0.0,2,101.0,104.0,2,112.0,99.5,0.0,0.0,0.0,0.0,143
2023-05-10 21:02:49,OI311C9300,OI311C9300,112.0,0.0,0.0,0.0,2,101.0,104.0,14,112.0,99.5,0.0,0.0,0.0,0.0,143
2023-05-10 21:02:52,OI311C9300,OI311C9300,112.0,0.0,0.0,0.0,2,101.0,103.5,2,112.0,99.5,0.0,0.0,0.0,0.0,143
2023-05-10 21:02:55,OI311C9300,OI311C9300,112.0,0.0,0.0,0.0,2,99.5,103.5,2,112.0,99.5,0.0,0.0,0.0,0.0,143
2023-05-10 21:03:02,OI311C9300,OI311C9300,112.0,0.0,0.0,0.0,2,99.5,103.5,8,112.0,99.5,0.0,0.0,0.0,0.0,143
2023-05-10 21:03:03,OI311C9300,OI311C9300,112.0,0.0,0.0,0.0,2,99.5,103.0,2,112.0,99.5,0.0,0.0,0.0,0.0,143
2023-05-10 21:03:06,OI311C9300,OI311C9300,112.0,0.0,0.0,0.0,2,88.0,103.0,2,112.0,99.5,0.0,0.0,0.0,0.0,143
2023-05-10 21:03:09,OI311C9300,OI311C9300,112.0,0.0,0.0,0.0,6,92.5,102.0,2,112.0,99.5,0.0,0.0,0.0,0.0,143
2023-05-10 21:03:10,OI311C9300,OI311C9300,112.0,0.0,0.0,0.0,12,92.5,102.0,2,112.0,99.5,0.0,0.0,0.0,0.0,143
2023-05-10 21:03:10,OI311C9300,OI311C9300,112.0,0.0,0.0,0.0,2,98.0,102.0,2,112.0,99.5,0.0,0.0,0.0,0.0,143
2023-05-10 21:03:11,OI311C9300,OI311C9300,112.0,0.0,0.0,0.0,2,98.0,102.0,8,112.0,99.5,0.0,0.0,0.0,0.0,143
2023-05-10 21:03:12,OI311C9300,OI311C9300,112.0,0.0,0.0,0.0,2,98.0,102.0,14,112.0,99.5,0.0,0.0,0.0,0.0,143
2023-05-10 21:03:13,OI311C9300,OI311C9300,112.0,0.0,0.0,0.0,2,98.5,102.0,14,112.0,99.5,0.0,0.0,0.0,0.0,143
2023-05-10 21:03:16,OI311C9300,OI311C9300,112.0,0.0,0.0,0.0,2,99.0,102.0,14,112.0,99.5,0.0,0.0,0.0,0.0,143
2023-05-10 21:03:35,OI311C9300,OI311C9300,112.0,0.0,0.0,0.0,2,99.0,102.0,8,112.0,99.5,0.0,0.0,0.0,0.0,143
2023-05-10 21:03:36,OI311C9300,OI311C9300,112.0,0.0,0.0,0.0,2,99.0,102.0,2,112.0,99.5,0.0,0.0,0.0,0.0,143
2023-05-10 21:03:43,OI311C9300,OI311C9300,112.0,0.0,0.0,0.0,2,99.0,102.0,14,112.0,99.5,0.0,0.0,0.0,0.0,143
2023-05-10 21:03:54,OI311C9300,OI311C9300,112.0,0.0,0.0,0.0,2,99.0,102.0,2,112.0,99.5,0.0,0.0,0.0,0.0,143
2023-05-10 21:04:00,OI311C9300,OI311C9300,112.0,0.0,0.0,0.0,2,99.0,102.0,8,112.0,99.5,0.0,0.0,0.0,0.0,143
2023-05-10 21:04:00,OI311C9300,OI311C9300,112.0,0.0,0.0,0.0,2,99.0,102.0,14,112.0,99.5,0.0,0.0,0.0,0.0,143
2023-05-10 21:04:02,OI311C9300,OI311C9300,112.0,0.0,0.0,0.0,2,99.0,101.5,2,112.0,99.5,0.0,0.0,0.0,0.0,143
2023-05-10 21:04:02,OI311C9300,OI311C9300,112.0,0.0,0.0,0.0,2,98.5,101.5,2,112.0,99.5,0.0,0.0,0.0,0.0,143
2023-05-10 21:04:03,OI311C9300,OI311C9300,112.0,0.0,0.0,0.0,2,98.5,101.5,8,112.0,99.5,0.0,0.0,0.0,0.0,143
2023-05-10 21:04:03,OI311C9300,OI311C9300,112.0,0.0,0.0,0.0,2,98.5,101.5,14,112.0,99.5,0.0,0.0,0.0,0.0,143
2023-05-10 21:04:04,OI311C9300,OI311C9300,112.0,0.0,0.0,0.0,2,98.5,101.5,8,112.0,99.5,0.0,0.0,0.0,0.0,143
2023-05-10 21:04:05,OI311C9300,OI311C9300,112.0,0.0,0.0,0.0,2,98.5,101.5,2,112.0,99.5,0.0,0.0,0.0,0.0,143
2023-05-10 21:04:12,OI311C9300,OI311C9300,112.0,0.0,0.0,0.0,2,99.0,101.5,2,112.0,99.5,0.0,0.0,0.0,0.0,143
2023-05-10 21:04:39,OI311C9300,OI311C9300,112.0,0.0,0.0,0.0,2,99.0,102.0,2,112.0,99.5,0.0,0.0,0.0,0.0,143
2023-05-10 21:05:05,OI311C9300,OI311C9300,112.0,0.0,0.0,0.0,8,99.0,102.0,2,112.0,99.5,0.0,0.0,0.0,0.0,143
2023-05-10 21:05:05,OI311C9300,OI311C9300,112.0,0.0,0.0,0.0,8,99.0,103.5,6,112.0,99.5,0.0,0.0,0.0,0.0,143
2023-05-10 21:05:06,OI311C9300,OI311C9300,112.0,0.0,0.0,0.0,2,99.0,116.0,2,112.0,99.5,0.0,0.0,0.0,0.0,143
2023-05-10 21:05:07,OI311C9300,OI311C9300,112.0,0.0,0.0,0.0,8,99.0,108.5,6,112.0,99.5,0.0,0.0,0.0,0.0,143
2023-05-10 21:05:08,OI311C9300,OI311C9300,112.0,0.0,0.0,0.0,8,99.5,103.5,2,112.0,99.5,0.0,0.0,0.0,0.0,143
2023-05-10 21:05:09,OI311C9300,OI311C9300,112.0,0.0,0.0,0.0,14,99.5,103.5,2,112.0,99.5,0.0,0.0,0.0,0.0,143
2023-05-10 21:05:10,OI311C9300,OI311C9300,112.0,0.0,0.0,0.0,2,100.0,103.5,2,112.0,99.5,0.0,0.0,0.0,0.0,143
2023-05-10 21:05:12,OI311C9300,OI311C9300,112.0,0.0,0.0,0.0,8,100.0,103.5,2,112.0,99.5,0.0,0.0,0.0,0.0,143
2023-05-10 21:05:14,OI311C9300,OI311C9300,112.0,0.0,0.0,0.0,14,100.0,103.5,2,112.0,99.5,0.0,0.0,0.0,0.0,143
2023-05-10 21:05:18,OI311C9300,OI311C9300,112.0,0.0,0.0,0.0,2,100.5,103.5,2,112.0,99.5,0.0,0.0,0.0,0.0,143
2023-05-10 21:05:33,OI311C9300,OI311C9300,112.0,0.0,0.0,0.0,2,100.5,103.0,2,112.0,99.5,0.0,0.0,0.0,0.0,143
2023-05-10 21:05:34,OI311C9300,OI311C9300,112.0,0.0,0.0,0.0,8,100.0,103.0,2,112.0,99.5,0.0,0.0,0.0,0.0,143
2023-05-10 21:05:34,OI311C9300,OI311C9300,112.0,0.0,0.0,0.0,2,100.0,103.0,2,112.0,99.5,0.0,0.0,0.0,0.0,143
2023-05-10 21:05:37,OI311C9300,OI311C9300,112.0,0.0,0.0,0.0,2,100.0,102.5,2,112.0,99.5,0.0,0.0,0.0,0.0,143
2023-05-10 21:06:05,OI311C9300,OI311C9300,112.0,0.0,0.0,0.0,2,100.0,103.0,2,112.0,99.5,0.0,0.0,0.0,0.0,143
2023-05-10 21:06:10,OI311C9300,OI311C9300,112.0,0.0,0.0,0.0,2,100.5,103.0,2,112.0,99.5,0.0,0.0,0.0,0.0,143
2023-05-10 21:06:10,OI311C9300,OI311C9300,112.0,0.0,0.0,0.0,2,100.5,104.5,2,112.0,99.5,0.0,0.0,0.0,0.0,143
2023-05-10 21:06:12,OI311C9300,OI311C9300,112.0,0.0,0.0,0.0,2,100.5,104.0,2,112.0,99.5,0.0,0.0,0.0,0.0,143
2023-05-10 21:06:23,OI311C9300,OI311C9300,112.0,0.0,0.0,0.0,2,101.0,104.0,2,112.0,99.5,0.0,0.0,0.0,0.0,143
2023-05-10 21:06:52,OI311C9300,OI311C9300,112.0,0.0,0.0,0.0,8,101.0,104.0,2,112.0,99.5,0.0,0.0,0.0,0.0,143
2023-05-10 21:06:54,OI311C9300,OI311C9300,112.0,0.0,0.0,0.0,14,101.0,104.0,2,112.0,99.5,0.0,0.0,0.0,0.0,143
2023-05-10 21:06:56,OI311C9300,OI311C9300,112.0,0.0,0.0,0.0,2,101.5,104.0,2,112.0,99.5,0.0,0.0,0.0,0.0,143
2023-05-10 21:07:02,OI311C9300,OI311C9300,112.0,0.0,0.0,0.0,8,101.0,104.0,2,112.0,99.5,0.0,0.0,0.0,0.0,143
2023-05-10 21:07:03,OI311C9300,OI311C9300,112.0,0.0,0.0,0.0,2,101.0,103.5,2,112.0,99.5,0.0,0.0,0.0,0.0,143
2023-05-10 21:07:15,OI311C9300,OI311C9300,112.0,0.0,0.0,0.0,2,101.0,104.0,8,112.0,99.5,0.0,0.0,0.0,0.0,143
2023-05-10 21:07:15,OI311C9300,OI311C9300,112.0,0.0,0.0,0.0,2,101.0,104.0,2,112.0,99.5,0.0,0.0,0.0,0.0,143
2023-05-10 21:07:16,OI311C9300,OI311C9300,112.0,0.0,0.0,0.0,8,101.0,104.0,2,112.0,99.5,0.0,0.0,0.0,0.0,143
2023-05-10 21:07:17,OI311C9300,OI311C9300,112.0,0.0,0.0,0.0,14,101.0,106.5,12,112.0,99.5,0.0,0.0,0.0,0.0,143
2023-05-10 21:07:17,OI311C9300,OI311C9300,112.0,0.0,0.0,0.0,14,101.0,105.5,2,112.0,99.5,0.0,0.0,0.0,0.0,143
2023-05-10 21:07:20,OI311C9300,OI311C9300,112.0,0.0,0.0,0.0,14,101.0,105.0,2,112.0,99.5,0.0,0.0,0.0,0.0,143
2023-05-10 21:07:21,OI311C9300,OI311C9300,112.0,0.0,0.0,0.0,2,101.5,105.0,2,112.0,99.5,0.0,0.0,0.0,0.0,143
2023-05-10 21:07:42,OI311C9300,OI311C9300,112.0,0.0,0.0,0.0,8,102.0,105.0,2,112.0,99.5,0.0,0.0,0.0,0.0,143
2023-05-10 21:07:42,OI311C9300,OI311C9300,112.0,0.0,0.0,0.0,14,102.0,105.0,2,112.0,99.5,0.0,0.0,0.0,0.0,143
2023-05-10 21:08:04,OI311C9300,OI311C9300,112.0,0.0,0.0,0.0,2,102.0,104.5,2,112.0,99.5,0.0,0.0,0.0,0.0,143
2023-05-10 21:08:06,OI311C9300,OI311C9300,112.0,0.0,0.0,0.0,8,102.0,104.5,2,112.0,99.5,0.0,0.0,0.0,0.0,143
2023-05-10 21:08:07,OI311C9300,OI311C9300,112.0,0.0,0.0,0.0,14,102.0,105.0,2,112.0,99.5,0.0,0.0,0.0,0.0,143
2023-05-10 21:08:07,OI311C9300,OI311C9300,112.0,0.0,0.0,0.0,8,102.0,107.0,6,112.0,99.5,0.0,0.0,0.0,0.0,143
2023-05-10 21:08:07,OI311C9300,OI311C9300,112.0,0.0,0.0,0.0,2,102.0,116.0,2,112.0,99.5,0.0,0.0,0.0,0.0,143
2023-05-10 21:08:08,OI311C9300,OI311C9300,112.0,0.0,0.0,0.0,2,102.0,111.5,12,112.0,99.5,0.0,0.0,0.0,0.0,143
2023-05-10 21:08:08,OI311C9300,OI311C9300,112.0,0.0,0.0,0.0,2,102.0,106.0,2,112.0,99.5,0.0,0.0,0.0,0.0,143
2023-05-10 21:08:09,OI311C9300,OI311C9300,112.0,0.0,0.0,0.0,14,102.0,106.0,2,112.0,99.5,0.0,0.0,0.0,0.0,143
2023-05-10 21:08:10,OI311C9300,OI311C9300,112.0,0.0,0.0,0.0,14,102.0,105.5,2,112.0,99.5,0.0,0.0,0.0,0.0,143
2023-05-10 21:08:12,OI311C9300,OI311C9300,112.0,0.0,0.0,0.0,14,102.0,105.0,2,112.0,99.5,0.0,0.0,0.0,0.0,143
2023-05-10 21:08:12,OI311C9300,OI311C9300,112.0,0.0,0.0,0.0,8,102.0,105.0,2,112.0,99.5,0.0,0.0,0.0,0.0,143
2023-05-10 21:08:13,OI311C9300,OI311C9300,112.0,0.0,0.0,0.0,2,102.0,105.0,2,112.0,99.5,0.0,0.0,0.0,0.0,143
2023-05-10 21:08:14,OI311C9300,OI311C9300,112.0,0.0,0.0,0.0,2,102.0,104.5,2,112.0,99.5,0.0,0.0,0.0,0.0,143
2023-05-10 21:08:20,OI311C9300,OI311C9300,112.0,0.0,0.0,0.0,8,102.0,104.5,2,112.0,99.5,0.0,0.0,0.0,0.0,143
2023-05-10 21:08:20,OI311C9300,OI311C9300,112.0,0.0,0.0,0.0,14,102.0,104.5,2,112.0,99.5,0.0,0.0,0.0,0.0,143
2023-05-10 21:08:37,OI311C9300,OI311C9300,112.0,0.0,0.0,0.0,14,102.0,105.0,2,112.0,99.5,0.0,0.0,0.0,0.0,143
2023-05-10 21:09:00,OI311C9300,OI311C9300,112.0,0.0,0.0,0.0,2,102.5,105.0,2,112.0,99.5,0.0,0.0,0.0,0.0,143
2023-05-10 21:09:02,OI311C9300,OI311C9300,112.0,0.0,0.0,0.0,2,102.5,106.0,2,112.0,99.5,0.0,0.0,0.0,0.0,143
2023-05-10 21:09:12,OI311C9300,OI311C9300,112.0,0.0,0.0,0.0,2,102.5,105.5,2,112.0,99.5,0.0,0.0,0.0,0.0,143
2023-05-10 21:09:26,OI311C9300,OI311C9300,112.0,0.0,0.0,0.0,2,102.5,105.0,2,112.0,99.5,0.0,0.0,0.0,0.0,143
2023-05-10 21:09:42,OI311C9300,OI311C9300,112.0,0.0,0.0,0.0,8,102.0,105.0,2,112.0,99.5,0.0,0.0,0.0,0.0,143
2023-05-10 21:09:42,OI311C9300,OI311C9300,112.0,0.0,0.0,0.0,2,102.0,105.0,2,112.0,99.5,0.0,0.0,0.0,0.0,143
2023-05-10 21:10:04,OI311C9300,OI311C9300,112.0,0.0,0.0,0.0,14,102.0,105.0,2,112.0,99.5,0.0,0.0,0.0,0.0,143
2023-05-10 21:10:05,OI311C9300,OI311C9300,112.0,0.0,0.0,0.0,2,102.5,105.0,2,112.0,99.5,0.0,0.0,0.0,0.0,143
2023-05-10 21:10:06,OI311C9300,OI311C9300,112.0,0.0,0.0,0.0,2,102.5,105.5,2,112.0,99.5,0.0,0.0,0.0,0.0,143
2023-05-10 21:10:14,OI311C9300,OI311C9300,112.0,0.0,0.0,0.0,2,103.0,105.5,2,112.0,99.5,0.0,0.0,0.0,0.0,143
2023-05-10 21:10:17,OI311C9300,OI311C9300,112.0,0.0,0.0,0.0,8,103.0,105.5,2,112.0,99.5,0.0,0.0,0.0,0.0,143
2023-05-10 21:10:17,OI311C9300,OI311C9300,112.0,0.0,0.0,0.0,14,103.0,105.5,2,112.0,99.5,0.0,0.0,0.0,0.0,143
2023-05-10 21:10:47,OI311C9300,OI311C9300,112.0,0.0,0.0,0.0,8,103.0,105.5,2,112.0,99.5,0.0,0.0,0.0,0.0,143
2023-05-10 21:10:47,OI311C9300,OI311C9300,112.0,0.0,0.0,0.0,2,103.0,105.5,2,112.0,99.5,0.0,0.0,0.0,0.0,143
2023-05-10 21:11:07,OI311C9300,OI311C9300,112.0,0.0,0.0,0.0,14,103.0,105.5,2,112.0,99.5,0.0,0.0,0.0,0.0,143
2023-05-10 21:11:16,OI311C9300,OI311C9300,112.0,0.0,0.0,0.0,8,103.0,105.5,2,112.0,99.5,0.0,0.0,0.0,0.0,143
2023-05-10 21:11:16,OI311C9300,OI311C9300,112.0,0.0,0.0,0.0,2,103.0,105.5,2,112.0,99.5,0.0,0.0,0.0,0.0,143
2023-05-10 21:12:02,OI311C9300,OI311C9300,112.0,0.0,0.0,0.0,14,103.0,105.5,2,112.0,99.5,0.0,0.0,0.0,0.0,143
2023-05-10 21:12:04,OI311C9300,OI311C9300,112.0,0.0,0.0,0.0,8,103.0,105.5,2,112.0,99.5,0.0,0.0,0.0,0.0,143
2023-05-10 21:12:04,OI311C9300,OI311C9300,112.0,0.0,0.0,0.0,2,103.0,105.5,2,112.0,99.5,0.0,0.0,0.0,0.0,143
2023-05-10 21:12:20,OI311C9300,OI311C9300,112.0,0.0,0.0,0.0,8,102.5,105.0,2,112.0,99.5,0.0,0.0,0.0,0.0,143
2023-05-10 21:12:20,OI311C9300,OI311C9300,112.0,0.0,0.0,0.0,2,102.5,105.0,2,112.0,99.5,0.0,0.0,0.0,0.0,143
2023-05-10 21:13:05,OI311C9300,OI311C9300,112.0,0.0,0.0,0.0,2,102.5,105.5,8,112.0,99.5,0.0,0.0,0.0,0.0,143
2023-05-10 21:13:05,OI311C9300,OI311C9300,112.0,0.0,0.0,0.0,2,103.0,105.5,2,112.0,99.5,0.0,0.0,0.0,0.0,143
2023-05-10 21:13:06,OI311C9300,OI311C9300,112.0,0.0,0.0,0.0,8,103.0,105.5,2,112.0,99.5,0.0,0.0,0.0,0.0,143
2023-05-10 21:13:08,OI311C9300,OI311C9300,112.0,0.0,0.0,0.0,14,103.0,105.5,2,112.0,99.5,0.0,0.0,0.0,0.0,143
2023-05-10 21:13:09,OI311C9300,OI311C9300,112.0,0.0,0.0,0.0,14,103.0,106.5,2,112.0,99.5,0.0,0.0,0.0,0.0,143
2023-05-10 21:13:15,OI311C9300,OI311C9300,112.0,0.0,0.0,0.0,14,103.0,106.0,2,112.0,99.5,0.0,0.0,0.0,0.0,143
2023-05-10 21:13:25,OI311C9300,OI311C9300,112.0,0.0,0.0,0.0,14,103.0,105.5,2,112.0,99.5,0.0,0.0,0.0,0.0,143
2023-05-10 21:14:03,OI311C9300,OI311C9300,112.0,0.0,0.0,0.0,14,103.0,106.0,2,112.0,99.5,0.0,0.0,0.0,0.0,143
2023-05-10 21:14:03,OI311C9300,OI311C9300,112.0,0.0,0.0,0.0,8,103.0,106.0,2,112.0,99.5,0.0,0.0,0.0,0.0,143
2023-05-10 21:14:04,OI311C9300,OI311C9300,112.0,0.0,0.0,0.0,2,103.5,106.0,2,112.0,99.5,0.0,0.0,0.0,0.0,143
2023-05-10 21:14:12,OI311C9300,OI311C9300,112.0,0.0,0.0,0.0,2,103.5,107.5,12,112.0,99.5,0.0,0.0,0.0,0.0,143
2023-05-10 21:14:13,OI311C9300,OI311C9300,112.0,0.0,0.0,0.0,2,103.5,107.0,2,112.0,99.5,0.0,0.0,0.0,0.0,143
2023-05-10 21:14:16,OI311C9300,OI311C9300,112.0,0.0,0.0,0.0,8,104.0,107.0,2,112.0,99.5,0.0,0.0,0.0,0.0,143
2023-05-10 21:14:16,OI311C9300,OI311C9300,112.0,0.0,0.0,0.0,14,104.0,107.0,2,112.0,99.5,0.0,0.0,0.0,0.0,143
2023-05-10 21:15:01,OI311C9300,OI311C9300,112.0,0.0,0.0,0.0,2,104.5,107.0,2,112.0,99.5,0.0,0.0,0.0,0.0,143
2023-05-10 21:15:19,OI311C9300,OI311C9300,112.0,0.0,0.0,0.0,2,104.5,106.5,2,112.0,99.5,0.0,0.0,0.0,0.0,143
2023-05-10 21:15:30,OI311C9300,OI311C9300,112.0,0.0,0.0,0.0,12,104.0,106.5,2,112.0,99.5,0.0,0.0,0.0,0.0,143
2023-05-10 21:15:33,OI311C9300,OI311C9300,112.0,0.0,0.0,0.0,12,104.0,105.5,2,112.0,99.5,0.0,0.0,0.0,0.0,143
2023-05-10 21:15:43,OI311C9300,OI311C9300,112.0,0.0,0.0,0.0,12,104.0,105.0,2,112.0,99.5,0.0,0.0,0.0,0.0,143
2023-05-10 21:15:50,OI311C9300,OI311C9300,112.0,0.0,0.0,0.0,12,103.5,105.0,2,112.0,99.5,0.0,0.0,0.0,0.0,143
2023-05-10 21:16:31,OI311C9300,OI311C9300,112.0,0.0,0.0,0.0,12,102.5,105.0,2,112.0,99.5,0.0,0.0,0.0,0.0,143
2023-05-10 21:16:35,OI311C9300,OI311C9300,112.0,0.0,0.0,0.0,12,102.5,104.5,2,112.0,99.5,0.0,0.0,0.0,0.0,143
2023-05-10 21:16:40,OI311C9300,OI311C9300,112.0,0.0,0.0,0.0,6,102.5,104.5,2,112.0,99.5,0.0,0.0,0.0,0.0,143
2023-05-10 21:16:40,OI311C9300,OI311C9300,112.0,0.0,0.0,0.0,8,102.0,104.5,2,112.0,99.5,0.0,0.0,0.0,0.0,143
2023-05-10 21:16:42,OI311C9300,OI311C9300,112.0,0.0,0.0,0.0,14,102.0,104.0,2,112.0,99.5,0.0,0.0,0.0,0.0,143
2023-05-10 21:17:15,OI311C9300,OI311C9300,112.0,0.0,0.0,0.0,8,102.0,104.0,2,112.0,99.5,0.0,0.0,0.0,0.0,143
2023-05-10 21:17:15,OI311C9300,OI311C9300,112.0,0.0,0.0,0.0,2,102.0,104.0,2,112.0,99.5,0.0,0.0,0.0,0.0,143
2023-05-10 21:17:17,OI311C9300,OI311C9300,112.0,0.0,0.0,0.0,12,101.0,104.0,2,112.0,99.5,0.0,0.0,0.0,0.0,143
2023-05-10 21:17:18,OI311C9300,OI311C9300,112.0,0.0,0.0,0.0,12,101.0,103.5,2,112.0,99.5,0.0,0.0,0.0,0.0,143
2023-05-10 21:17:21,OI311C9300,OI311C9300,112.0,0.0,0.0,0.0,14,101.0,103.5,2,112.0,99.5,0.0,0.0,0.0,0.0,143
2023-05-10 21:17:47,OI311C9300,OI311C9300,112.0,0.0,0.0,0.0,8,101.0,103.5,2,112.0,99.5,0.0,0.0,0.0,0.0,143
2023-05-10 21:17:47,OI311C9300,OI311C9300,112.0,0.0,0.0,0.0,2,101.0,103.5,2,112.0,99.5,0.0,0.0,0.0,0.0,143
2023-05-10 21:17:47,OI311C9300,OI311C9300,112.0,0.0,0.0,0.0,8,101.0,103.5,2,112.0,99.5,0.0,0.0,0.0,0.0,143
2023-05-10 21:17:47,OI311C9300,OI311C9300,112.0,0.0,0.0,0.0,2,101.0,103.5,2,112.0,99.5,0.0,0.0,0.0,0.0,143
2023-05-10 21:17:56,OI311C9300,OI311C9300,112.0,0.0,0.0,0.0,14,101.0,103.5,2,112.0,99.5,0.0,0.0,0.0,0.0,143
2023-05-10 21:18:09,OI311C9300,OI311C9300,112.0,0.0,0.0,0.0,2,101.5,104.0,8,112.0,99.5,0.0,0.0,0.0,0.0,143
2023-05-10 21:18:09,OI311C9300,OI311C9300,112.0,0.0,0.0,0.0,2,101.5,104.0,2,112.0,99.5,0.0,0.0,0.0,0.0,143
2023-05-10 21:18:10,OI311C9300,OI311C9300,112.0,0.0,0.0,0.0,8,101.5,106.0,6,112.0,99.5,0.0,0.0,0.0,0.0,143
2023-05-10 21:18:10,OI311C9300,OI311C9300,112.0,0.0,0.0,0.0,8,101.5,110.5,6,112.0,99.5,0.0,0.0,0.0,0.0,143
2023-05-10 21:18:12,OI311C9300,OI311C9300,112.0,0.0,0.0,0.0,2,102.0,110.5,6,112.0,99.5,0.0,0.0,0.0,0.0,143
2023-05-10 21:18:12,OI311C9300,OI311C9300,112.0,0.0,0.0,0.0,2,102.0,105.5,2,112.0,99.5,0.0,0.0,0.0,0.0,143
2023-05-10 21:18:13,OI311C9300,OI311C9300,112.0,0.0,0.0,0.0,14,102.0,105.5,2,112.0,99.5,0.0,0.0,0.0,0.0,143
2023-05-10 21:18:13,OI311C9300,OI311C9300,112.0,0.0,0.0,0.0,14,102.0,105.0,2,112.0,99.5,0.0,0.0,0.0,0.0,143
2023-05-10 21:18:13,OI311C9300,OI311C9300,112.0,0.0,0.0,0.0,14,102.0,105.5,2,112.0,99.5,0.0,0.0,0.0,0.0,143
2023-05-10 21:18:13,OI311C9300,OI311C9300,112.0,0.0,0.0,0.0,14,102.0,105.0,2,112.0,99.5,0.0,0.0,0.0,0.0,143
2023-05-10 21:18:26,OI311C9300,OI311C9300,112.0,0.0,0.0,0.0,8,102.0,104.5,2,112.0,99.5,0.0,0.0,0.0,0.0,143
2023-05-10 21:18:26,OI311C9300,OI311C9300,112.0,0.0,0.0,0.0,2,102.0,104.5,2,112.0,99.5,0.0,0.0,0.0,0.0,143
2023-05-10 21:19:16,OI311C9300,OI311C9300,112.0,0.0,0.0,0.0,8,102.0,104.5,2,112.0,99.5,0.0,0.0,0.0,0.0,143
2023-05-10 21:19:16,OI311C9300,OI311C9300,112.0,0.0,0.0,0.0,14,102.0,104.5,2,112.0,99.5,0.0,0.0,0.0,0.0,143
2023-05-10 21:19:55,OI311C9300,OI311C9300,112.0,0.0,0.0,0.0,8,102.0,104.5,2,112.0,99.5,0.0,0.0,0.0,0.0,143
2023-05-10 21:19:55,OI311C9300,OI311C9300,112.0,0.0,0.0,0.0,2,102.0,104.5,2,112.0,99.5,0.0,0.0,0.0,0.0,143
2023-05-10 21:20:05,OI311C9300,OI311C9300,112.0,0.0,0.0,0.0,14,102.0,104.5,2,112.0,99.5,0.0,0.0,0.0,0.0,143
2023-05-10 21:21:14,OI311C9300,OI311C9300,112.0,0.0,0.0,0.0,8,102.0,104.5,2,112.0,99.5,0.0,0.0,0.0,0.0,143
2023-05-10 21:21:15,OI311C9300,OI311C9300,112.0,0.0,0.0,0.0,2,102.0,104.5,2,112.0,99.5,0.0,0.0,0.0,0.0,143
2023-05-10 21:21:20,OI311C9300,OI311C9300,112.0,0.0,0.0,0.0,2,102.0,104.0,2,112.0,99.5,0.0,0.0,0.0,0.0,143
2023-05-10 21:21:26,OI311C9300,OI311C9300,112.0,0.0,0.0,0.0,14,101.5,104.0,2,112.0,99.5,0.0,0.0,0.0,0.0,143
2023-05-10 21:21:43,OI311C9300,OI311C9300,112.0,0.0,0.0,0.0,2,101.5,104.0,2,112.0,99.5,0.0,0.0,0.0,0.0,143
2023-05-10 21:21:44,OI311C9300,OI311C9300,112.0,0.0,0.0,0.0,12,100.5,104.0,2,112.0,99.5,0.0,0.0,0.0,0.0,143
2023-05-10 21:21:45,OI311C9300,OI311C9300,112.0,0.0,0.0,0.0,12,100.5,103.5,2,112.0,99.5,0.0,0.0,0.0,0.0,143
2023-05-10 21:21:45,OI311C9300,OI311C9300,112.0,0.0,0.0,0.0,14,100.5,103.5,2,112.0,99.5,0.0,0.0,0.0,0.0,143
2023-05-10 21:22:04,OI311C9300,OI311C9300,112.0,0.0,0.0,0.0,8,100.5,103.5,8,112.0,99.5,0.0,0.0,0.0,0.0,143
2023-05-10 21:22:04,OI311C9300,OI311C9300,112.0,0.0,0.0,0.0,2,100.5,103.5,14,112.0,99.5,0.0,0.0,0.0,0.0,143
2023-05-10 21:22:06,OI311C9300,OI311C9300,112.0,0.0,0.0,0.0,2,100.5,103.0,2,112.0,99.5,0.0,0.0,0.0,0.0,143
2023-05-10 21:22:13,OI311C9300,OI311C9300,112.0,0.0,0.0,0.0,2,100.5,103.0,14,112.0,99.5,0.0,0.0,0.0,0.0,143
2023-05-10 21:22:14,OI311C9300,OI311C9300,112.0,0.0,0.0,0.0,2,100.5,102.5,2,112.0,99.5,0.0,0.0,0.0,0.0,143
2023-05-10 21:22:20,OI311C9300,OI311C9300,112.0,0.0,0.0,0.0,14,99.0,102.5,2,112.0,99.5,0.0,0.0,0.0,0.0,143
2023-05-10 21:22:23,OI311C9300,OI311C9300,112.0,0.0,0.0,0.0,14,99.0,102.0,2,112.0,99.5,0.0,0.0,0.0,0.0,143
2023-05-10 21:22:24,OI311C9300,OI311C9300,112.0,0.0,0.0,0.0,2,99.5,102.0,2,112.0,99.5,0.0,0.0,0.0,0.0,143
2023-05-10 21:22:46,OI311C9300,OI311C9300,112.0,0.0,0.0,0.0,2,99.5,101.5,2,112.0,99.5,0.0,0.0,0.0,0.0,143
2023-05-10 21:23:22,OI311C9300,OI311C9300,112.0,0.0,0.0,0.0,2,99.5,102.0,8,112.0,99.5,0.0,0.0,0.0,0.0,143
2023-05-10 21:23:23,OI311C9300,OI311C9300,112.0,0.0,0.0,0.0,2,99.5,102.0,2,112.0,99.5,0.0,0.0,0.0,0.0,143
2023-05-10 21:23:49,OI311C9300,OI311C9300,112.0,0.0,0.0,0.0,2,100.0,103.0,14,112.0,99.5,0.0,0.0,0.0,0.0,143
2023-05-10 21:23:50,OI311C9300,OI311C9300,112.0,0.0,0.0,0.0,14,100.0,103.0,2,112.0,99.5,0.0,0.0,0.0,0.0,143
2023-05-10 21:24:03,OI311C9300,OI311C9300,112.0,0.0,0.0,0.0,2,100.5,103.0,2,112.0,99.5,0.0,0.0,0.0,0.0,143
2023-05-10 21:24:13,OI311C9300,OI311C9300,112.0,0.0,0.0,0.0,8,101.0,103.0,2,112.0,99.5,0.0,0.0,0.0,0.0,143
2023-05-10 21:24:14,OI311C9300,OI311C9300,112.0,0.0,0.0,0.0,14,101.0,104.0,2,112.0,99.5,0.0,0.0,0.0,0.0,143
2023-05-10 21:24:18,OI311C9300,OI311C9300,112.0,0.0,0.0,0.0,14,101.0,103.5,2,112.0,99.5,0.0,0.0,0.0,0.0,143
2023-05-10 21:25:06,OI311C9300,OI311C9300,112.0,0.0,0.0,0.0,14,101.0,104.0,8,112.0,99.5,0.0,0.0,0.0,0.0,143
2023-05-10 21:25:07,OI311C9300,OI311C9300,112.0,0.0,0.0,0.0,8,101.0,104.0,2,112.0,99.5,0.0,0.0,0.0,0.0,143
2023-05-10 21:25:07,OI311C9300,OI311C9300,112.0,0.0,0.0,0.0,2,101.5,104.0,2,112.0,99.5,0.0,0.0,0.0,0.0,143
2023-05-10 21:27:23,OI311C9300,OI311C9300,112.0,0.0,0.0,0.0,2,101.5,103.5,2,112.0,99.5,0.0,0.0,0.0,0.0,143
2023-05-10 21:28:03,OI311C9300,OI311C9300,112.0,0.0,0.0,0.0,2,101.5,104.0,8,112.0,99.5,0.0,0.0,0.0,0.0,143
2023-05-10 21:28:04,OI311C9300,OI311C9300,112.0,0.0,0.0,0.0,2,101.5,104.0,2,112.0,99.5,0.0,0.0,0.0,0.0,143
2023-05-10 21:28:15,OI311C9300,OI311C9300,112.0,0.0,0.0,0.0,2,102.0,104.0,2,112.0,99.5,0.0,0.0,0.0,0.0,143
2023-05-10 21:28:15,OI311C9300,OI311C9300,112.0,0.0,0.0,0.0,14,102.0,104.0,2,112.0,99.5,0.0,0.0,0.0,0.0,143
2023-05-10 21:28:32,OI311C9300,OI311C9300,112.0,0.0,0.0,0.0,14,102.0,105.0,2,112.0,99.5,0.0,0.0,0.0,0.0,143
2023-05-10 21:28:53,OI311C9300,OI311C9300,112.0,0.0,0.0,0.0,14,102.0,104.5,2,112.0,99.5,0.0,0.0,0.0,0.0,143
2023-05-10 21:29:14,OI311C9300,OI311C9300,112.0,0.0,0.0,0.0,2,102.0,104.5,2,112.0,99.5,0.0,0.0,0.0,0.0,143
2023-05-10 21:29:20,OI311C9300,OI311C9300,112.0,0.0,0.0,0.0,2,102.0,104.0,2,112.0,99.5,0.0,0.0,0.0,0.0,143
2023-05-10 21:29:23,OI311C9300,OI311C9300,112.0,0.0,0.0,0.0,2,101.5,104.0,2,112.0,99.5,0.0,0.0,0.0,0.0,143
2023-05-10 21:30:08,OI311C9300,OI311C9300,112.0,0.0,0.0,0.0,2,102.0,104.5,8,112.0,99.5,0.0,0.0,0.0,0.0,143
2023-05-10 21:30:08,OI311C9300,OI311C9300,112.0,0.0,0.0,0.0,2,102.0,104.5,2,112.0,99.5,0.0,0.0,0.0,0.0,143
2023-05-10 21:30:21,OI311C9300,OI311C9300,112.0,0.0,0.0,0.0,2,102.0,104.0,2,112.0,99.5,0.0,0.0,0.0,0.0,143
2023-05-10 21:30:22,OI311C9300,OI311C9300,112.0,0.0,0.0,0.0,8,101.5,104.0,2,112.0,99.5,0.0,0.0,0.0,0.0,143
2023-05-10 21:30:22,OI311C9300,OI311C9300,112.0,0.0,0.0,0.0,2,101.5,104.0,2,112.0,99.5,0.0,0.0,0.0,0.0,143
2023-05-10 21:30:24,OI311C9300,OI311C9300,112.0,0.0,0.0,0.0,2,101.5,103.5,2,112.0,99.5,0.0,0.0,0.0,0.0,143
2023-05-10 21:30:28,OI311C9300,OI311C9300,112.0,0.0,0.0,0.0,14,100.5,103.5,2,112.0,99.5,0.0,0.0,0.0,0.0,143
2023-05-10 21:30:31,OI311C9300,OI311C9300,112.0,0.0,0.0,0.0,2,101.0,103.5,2,112.0,99.5,0.0,0.0,0.0,0.0,143
2023-05-10 21:30:56,OI311C9300,OI311C9300,112.0,0.0,0.0,0.0,8,101.5,103.5,2,112.0,99.5,0.0,0.0,0.0,0.0,143
2023-05-10 21:30:56,OI311C9300,OI311C9300,112.0,0.0,0.0,0.0,14,101.5,104.0,8,112.0,99.5,0.0,0.0,0.0,0.0,143
2023-05-10 21:30:57,OI311C9300,OI311C9300,112.0,0.0,0.0,0.0,14,101.5,104.0,2,112.0,99.5,0.0,0.0,0.0,0.0,143
2023-05-10 21:31:02,OI311C9300,OI311C9300,112.0,0.0,0.0,0.0,2,102.0,105.0,2,112.0,99.5,0.0,0.0,0.0,0.0,143
2023-05-10 21:31:08,OI311C9300,OI311C9300,112.0,0.0,0.0,0.0,2,102.5,105.0,2,112.0,99.5,0.0,0.0,0.0,0.0,143
2023-05-10 21:31:08,OI311C9300,OI311C9300,112.0,0.0,0.0,0.0,14,102.5,105.0,2,112.0,99.5,0.0,0.0,0.0,0.0,143
2023-05-10 21:31:10,OI311C9300,OI311C9300,112.0,0.0,0.0,0.0,8,102.5,106.0,6,112.0,99.5,0.0,0.0,0.0,0.0,143
2023-05-10 21:31:10,OI311C9300,OI311C9300,112.0,0.0,0.0,0.0,2,102.5,110.0,2,112.0,99.5,0.0,0.0,0.0,0.0,143
2023-05-10 21:31:11,OI311C9300,OI311C9300,112.0,0.0,0.0,0.0,8,102.5,110.0,8,112.0,99.5,0.0,0.0,0.0,0.0,143
2023-05-10 21:31:12,OI311C9300,OI311C9300,112.0,0.0,0.0,0.0,14,102.5,106.0,2,112.0,99.5,0.0,0.0,0.0,0.0,143
2023-05-10 21:31:14,OI311C9300,OI311C9300,112.0,0.0,0.0,0.0,2,103.0,106.0,2,112.0,99.5,0.0,0.0,0.0,0.0,143
2023-05-10 21:31:18,OI311C9300,OI311C9300,112.0,0.0,0.0,0.0,2,103.0,105.5,2,112.0,99.5,0.0,0.0,0.0,0.0,143
2023-05-10 21:31:34,OI311C9300,OI311C9300,112.0,0.0,0.0,0.0,8,103.5,105.5,2,112.0,99.5,0.0,0.0,0.0,0.0,143
2023-05-10 21:31:34,OI311C9300,OI311C9300,112.0,0.0,0.0,0.0,14,103.5,105.5,2,112.0,99.5,0.0,0.0,0.0,0.0,143
2023-05-10 21:31:41,OI311C9300,OI311C9300,112.0,0.0,0.0,0.0,8,103.5,105.5,2,112.0,99.5,0.0,0.0,0.0,0.0,143
2023-05-10 21:31:41,OI311C9300,OI311C9300,112.0,0.0,0.0,0.0,2,103.5,105.5,2,112.0,99.5,0.0,0.0,0.0,0.0,143
2023-05-10 21:31:42,OI311C9300,OI311C9300,112.0,0.0,0.0,0.0,14,103.0,105.5,2,112.0,99.5,0.0,0.0,0.0,0.0,143
2023-05-10 21:31:45,OI311C9300,OI311C9300,112.0,0.0,0.0,0.0,14,103.0,105.0,2,112.0,99.5,0.0,0.0,0.0,0.0,143
2023-05-10 21:31:46,OI311C9300,OI311C9300,112.0,0.0,0.0,0.0,6,103.0,105.0,2,112.0,99.5,0.0,0.0,0.0,0.0,143
2023-05-10 21:31:47,OI311C9300,OI311C9300,112.0,0.0,0.0,0.0,14,102.0,105.0,2,112.0,99.5,0.0,0.0,0.0,0.0,143
2023-05-10 21:31:52,OI311C9300,OI311C9300,112.0,0.0,0.0,0.0,14,102.0,104.5,2,112.0,99.5,0.0,0.0,0.0,0.0,143
2023-05-10 21:32:12,OI311C9300,OI311C9300,112.0,0.0,0.0,0.0,2,102.0,104.5,2,112.0,99.5,0.0,0.0,0.0,0.0,143
2023-05-10 21:32:12,OI311C9300,OI311C9300,112.0,0.0,0.0,0.0,2,102.0,104.0,2,112.0,99.5,0.0,0.0,0.0,0.0,143
2023-05-10 21:32:31,OI311C9300,OI311C9300,112.0,0.0,0.0,0.0,14,102.0,104.0,2,112.0,99.5,0.0,0.0,0.0,0.0,143
2023-05-10 21:32:33,OI311C9300,OI311C9300,112.0,0.0,0.0,0.0,14,102.0,104.5,2,112.0,99.5,0.0,0.0,0.0,0.0,143
2023-05-10 21:32:33,OI311C9300,OI311C9300,112.0,0.0,0.0,0.0,8,102.0,104.5,2,112.0,99.5,0.0,0.0,0.0,0.0,143
2023-05-10 21:32:35,OI311C9300,OI311C9300,112.0,0.0,0.0,0.0,14,102.0,104.5,2,112.0,99.5,0.0,0.0,0.0,0.0,143
2023-05-10 21:32:43,OI311C9300,OI311C9300,112.0,0.0,0.0,0.0,2,102.5,104.5,2,112.0,99.5,0.0,0.0,0.0,0.0,143
2023-05-10 21:32:44,OI311C9300,OI311C9300,112.0,0.0,0.0,0.0,2,102.5,105.5,2,112.0,99.5,0.0,0.0,0.0,0.0,143
2023-05-10 21:32:48,OI311C9300,OI311C9300,112.0,0.0,0.0,0.0,2,102.5,105.0,2,112.0,99.5,0.0,0.0,0.0,0.0,143
2023-05-10 21:32:50,OI311C9300,OI311C9300,112.0,0.0,0.0,0.0,2,102.5,104.5,2,112.0,99.5,0.0,0.0,0.0,0.0,143
2023-05-10 21:32:51,OI311C9300,OI311C9300,112.0,0.0,0.0,0.0,8,102.0,104.5,2,112.0,99.5,0.0,0.0,0.0,0.0,143
2023-05-10 21:32:52,OI311C9300,OI311C9300,112.0,0.0,0.0,0.0,14,102.0,104.5,2,112.0,99.5,0.0,0.0,0.0,0.0,143
2023-05-10 21:33:07,OI311C9300,OI311C9300,112.0,0.0,0.0,0.0,8,102.0,104.5,2,112.0,99.5,0.0,0.0,0.0,0.0,143
2023-05-10 21:33:07,OI311C9300,OI311C9300,112.0,0.0,0.0,0.0,2,102.0,104.5,2,112.0,99.5,0.0,0.0,0.0,0.0,143
2023-05-10 21:33:09,OI311C9300,OI311C9300,112.0,0.0,0.0,0.0,14,102.0,104.5,2,112.0,99.5,0.0,0.0,0.0,0.0,143
2023-05-10 21:33:21,OI311C9300,OI311C9300,112.0,0.0,0.0,0.0,2,102.5,105.0,8,112.0,99.5,0.0,0.0,0.0,0.0,143
2023-05-10 21:33:21,OI311C9300,OI311C9300,112.0,0.0,0.0,0.0,2,102.5,105.0,2,112.0,99.5,0.0,0.0,0.0,0.0,143
2023-05-10 21:33:36,OI311C9300,OI311C9300,112.0,0.0,0.0,0.0,8,102.5,106.0,6,112.0,99.5,0.0,0.0,0.0,0.0,143
2023-05-10 21:33:36,OI311C9300,OI311C9300,112.0,0.0,0.0,0.0,14,102.5,106.0,2,112.0,99.5,0.0,0.0,0.0,0.0,143
2023-05-10 21:33:46,OI311C9300,OI311C9300,112.0,0.0,0.0,0.0,14,102.5,105.5,2,112.0,99.5,0.0,0.0,0.0,0.0,143
2023-05-10 21:34:07,OI311C9300,OI311C9300,112.0,0.0,0.0,0.0,2,103.0,105.5,2,112.0,99.5,0.0,0.0,0.0,0.0,143
2023-05-10 21:35:05,OI311C9300,OI311C9300,112.0,0.0,0.0,0.0,14,103.0,105.5,2,112.0,99.5,0.0,0.0,0.0,0.0,143
2023-05-10 21:35:06,OI311C9300,OI311C9300,112.0,0.0,0.0,0.0,8,103.0,105.5,2,112.0,99.5,0.0,0.0,0.0,0.0,143
2023-05-10 21:35:06,OI311C9300,OI311C9300,112.0,0.0,0.0,0.0,2,103.0,105.5,2,112.0,99.5,0.0,0.0,0.0,0.0,143
2023-05-10 21:35:06,OI311C9300,OI311C9300,112.0,0.0,0.0,0.0,8,103.0,105.5,2,112.0,99.5,0.0,0.0,0.0,0.0,143
2023-05-10 21:35:06,OI311C9300,OI311C9300,112.0,0.0,0.0,0.0,2,103.0,105.5,2,112.0,99.5,0.0,0.0,0.0,0.0,143
2023-05-10 21:35:20,OI311C9300,OI311C9300,112.0,0.0,0.0,0.0,2,103.0,105.0,2,112.0,99.5,0.0,0.0,0.0,0.0,143
2023-05-10 21:35:26,OI311C9300,OI311C9300,112.0,0.0,0.0,0.0,2,102.5,105.0,2,112.0,99.5,0.0,0.0,0.0,0.0,143
2023-05-10 21:35:42,OI311C9300,OI311C9300,112.0,0.0,0.0,0.0,8,103.0,105.0,2,112.0,99.5,0.0,0.0,0.0,0.0,143
2023-05-10 21:35:42,OI311C9300,OI311C9300,112.0,0.0,0.0,0.0,14,103.0,105.0,2,112.0,99.5,0.0,0.0,0.0,0.0,143
2023-05-10 21:35:43,OI311C9300,OI311C9300,112.0,0.0,0.0,0.0,14,103.0,105.5,2,112.0,99.5,0.0,0.0,0.0,0.0,143
2023-05-10 21:36:02,OI311C9300,OI311C9300,112.0,0.0,0.0,0.0,2,103.5,105.5,2,112.0,99.5,0.0,0.0,0.0,0.0,143
2023-05-10 21:36:02,OI311C9300,OI311C9300,112.0,0.0,0.0,0.0,2,103.5,106.5,2,112.0,99.5,0.0,0.0,0.0,0.0,143
2023-05-10 21:36:06,OI311C9300,OI311C9300,112.0,0.0,0.0,0.0,2,103.5,106.0,2,112.0,99.5,0.0,0.0,0.0,0.0,143
2023-05-10 21:36:24,OI311C9300,OI311C9300,112.0,0.0,0.0,0.0,8,103.5,106.0,2,112.0,99.5,0.0,0.0,0.0,0.0,143
2023-05-10 21:36:24,OI311C9300,OI311C9300,112.0,0.0,0.0,0.0,14,103.5,106.0,2,112.0,99.5,0.0,0.0,0.0,0.0,143
2023-05-10 21:36:27,OI311C9300,OI311C9300,112.0,0.0,0.0,0.0,2,104.0,106.5,8,112.0,99.5,0.0,0.0,0.0,0.0,143
2023-05-10 21:36:27,OI311C9300,OI311C9300,112.0,0.0,0.0,0.0,2,104.0,106.5,2,112.0,99.5,0.0,0.0,0.0,0.0,143
2023-05-10 21:36:31,OI311C9300,OI311C9300,112.0,0.0,0.0,0.0,2,104.0,106.0,2,112.0,99.5,0.0,0.0,0.0,0.0,143
2023-05-10 21:36:45,OI311C9300,OI311C9300,112.0,0.0,0.0,0.0,2,104.0,106.5,2,112.0,99.5,0.0,0.0,0.0,0.0,143
2023-05-10 21:36:46,OI311C9300,OI311C9300,112.0,0.0,0.0,0.0,8,104.0,107.5,6,112.0,99.5,0.0,0.0,0.0,0.0,143
2023-05-10 21:36:46,OI311C9300,OI311C9300,112.0,0.0,0.0,0.0,8,104.0,107.5,2,112.0,99.5,0.0,0.0,0.0,0.0,143
2023-05-10 21:36:46,OI311C9300,OI311C9300,112.0,0.0,0.0,0.0,14,104.0,107.5,2,112.0,99.5,0.0,0.0,0.0,0.0,143
2023-05-10 21:36:48,OI311C9300,OI311C9300,112.0,0.0,0.0,0.0,2,104.5,107.5,2,112.0,99.5,0.0,0.0,0.0,0.0,143
2023-05-10 21:36:51,OI311C9300,OI311C9300,112.0,0.0,0.0,0.0,2,104.5,107.0,2,112.0,99.5,0.0,0.0,0.0,0.0,143
2023-05-10 21:38:01,OI311C9300,OI311C9300,112.0,0.0,0.0,0.0,2,104.5,107.0,8,112.0,99.5,0.0,0.0,0.0,0.0,143
2023-05-10 21:38:01,OI311C9300,OI311C9300,112.0,0.0,0.0,0.0,2,104.5,106.5,2,112.0,99.5,0.0,0.0,0.0,0.0,143
2023-05-10 21:38:05,OI311C9300,OI311C9300,112.0,0.0,0.0,0.0,2,104.0,106.5,2,112.0,99.5,0.0,0.0,0.0,0.0,143
2023-05-10 21:38:09,OI311C9300,OI311C9300,112.0,0.0,0.0,0.0,2,104.0,106.0,2,112.0,99.5,0.0,0.0,0.0,0.0,143
2023-05-10 21:38:14,OI311C9300,OI311C9300,112.0,0.0,0.0,0.0,14,103.0,106.0,2,112.0,99.5,0.0,0.0,0.0,0.0,143
2023-05-10 21:38:36,OI311C9300,OI311C9300,112.0,0.0,0.0,0.0,2,103.5,106.0,2,112.0,99.5,0.0,0.0,0.0,0.0,143
2023-05-10 21:39:24,OI311C9300,OI311C9300,112.0,0.0,0.0,0.0,14,103.0,105.5,2,112.0,99.5,0.0,0.0,0.0,0.0,143
2023-05-10 21:39:41,OI311C9300,OI311C9300,112.0,0.0,0.0,0.0,8,103.0,105.5,2,112.0,99.5,0.0,0.0,0.0,0.0,143
2023-05-10 21:39:41,OI311C9300,OI311C9300,112.0,0.0,0.0,0.0,2,103.0,105.5,2,112.0,99.5,0.0,0.0,0.0,0.0,143
2023-05-10 21:39:55,OI311C9300,OI311C9300,112.0,0.0,0.0,0.0,2,103.0,105.0,2,112.0,99.5,0.0,0.0,0.0,0.0,143
2023-05-10 21:39:58,OI311C9300,OI311C9300,112.0,0.0,0.0,0.0,14,102.0,105.0,2,112.0,99.5,0.0,0.0,0.0,0.0,143
2023-05-10 21:40:18,OI311C9300,OI311C9300,112.0,0.0,0.0,0.0,2,102.5,105.0,2,112.0,99.5,0.0,0.0,0.0,0.0,143
2023-05-10 21:40:53,OI311C9300,OI311C9300,112.0,0.0,0.0,0.0,2,102.5,104.5,2,112.0,99.5,0.0,0.0,0.0,0.0,143
2023-05-10 21:41:27,OI311C9300,OI311C9300,112.0,0.0,0.0,0.0,14,102.0,104.5,2,112.0,99.5,0.0,0.0,0.0,0.0,143
2023-05-10 21:41:30,OI311C9300,OI311C9300,112.0,0.0,0.0,0.0,2,102.0,104.5,2,112.0,99.5,0.0,0.0,0.0,0.0,143
2023-05-10 21:41:31,OI311C9300,OI311C9300,112.0,0.0,0.0,0.0,2,102.0,104.0,2,112.0,99.5,0.0,0.0,0.0,0.0,143
2023-05-10 21:41:37,OI311C9300,OI311C9300,112.0,0.0,0.0,0.0,12,101.5,104.0,2,112.0,99.5,0.0,0.0,0.0,0.0,143
2023-05-10 21:41:52,OI311C9300,OI311C9300,112.0,0.0,0.0,0.0,14,101.5,104.0,2,112.0,99.5,0.0,0.0,0.0,0.0,143
2023-05-10 21:42:18,OI311C9300,OI311C9300,112.0,0.0,0.0,0.0,8,101.5,104.0,2,112.0,99.5,0.0,0.0,0.0,0.0,143
2023-05-10 21:42:18,OI311C9300,OI311C9300,112.0,0.0,0.0,0.0,2,101.5,104.0,2,112.0,99.5,0.0,0.0,0.0,0.0,143
2023-05-10 21:42:23,OI311C9300,OI311C9300,112.0,0.0,0.0,0.0,2,101.5,103.5,2,112.0,99.5,0.0,0.0,0.0,0.0,143
2023-05-10 21:42:26,OI311C9300,OI311C9300,112.0,0.0,0.0,0.0,2,101.0,103.5,2,112.0,99.5,0.0,0.0,0.0,0.0,143
2023-05-10 21:42:49,OI311C9300,OI311C9300,112.0,0.0,0.0,0.0,2,101.0,103.0,2,112.0,99.5,0.0,0.0,0.0,0.0,143
2023-05-10 21:43:08,OI311C9300,OI311C9300,112.0,0.0,0.0,0.0,12,100.0,103.0,2,112.0,99.5,0.0,0.0,0.0,0.0,143
2023-05-10 21:43:09,OI311C9300,OI311C9300,112.0,0.0,0.0,0.0,14,100.0,103.0,2,112.0,99.5,0.0,0.0,0.0,0.0,143
2023-05-10 21:43:33,OI311C9300,OI311C9300,112.0,0.0,0.0,0.0,14,100.0,102.5,2,112.0,99.5,0.0,0.0,0.0,0.0,143
2023-05-10 21:43:41,OI311C9300,OI311C9300,112.0,0.0,0.0,0.0,8,100.0,102.5,2,112.0,99.5,0.0,0.0,0.0,0.0,143
2023-05-10 21:43:42,OI311C9300,OI311C9300,112.0,0.0,0.0,0.0,2,100.0,102.5,2,112.0,99.5,0.0,0.0,0.0,0.0,143
2023-05-10 21:44:02,OI311C9300,OI311C9300,112.0,0.0,0.0,0.0,14,100.0,102.5,2,112.0,99.5,0.0,0.0,0.0,0.0,143
2023-05-10 21:44:05,OI311C9300,OI311C9300,112.0,0.0,0.0,0.0,2,100.5,102.5,2,112.0,99.5,0.0,0.0,0.0,0.0,143
2023-05-10 21:44:06,OI311C9300,OI311C9300,112.0,0.0,0.0,0.0,2,100.5,103.0,2,112.0,99.5,0.0,0.0,0.0,0.0,143
2023-05-10 21:44:15,OI311C9300,OI311C9300,112.0,0.0,0.0,0.0,8,101.0,104.5,6,112.0,99.5,0.0,0.0,0.0,0.0,143
2023-05-10 21:44:16,OI311C9300,OI311C9300,112.0,0.0,0.0,0.0,8,101.0,104.0,2,112.0,99.5,0.0,0.0,0.0,0.0,143
2023-05-10 21:44:16,OI311C9300,OI311C9300,112.0,0.0,0.0,0.0,14,101.0,104.0,2,112.0,99.5,0.0,0.0,0.0,0.0,143
2023-05-10 21:44:26,OI311C9300,OI311C9300,112.0,0.0,0.0,0.0,8,101.0,104.0,2,112.0,99.5,0.0,0.0,0.0,0.0,143
2023-05-10 21:44:27,OI311C9300,OI311C9300,112.0,0.0,0.0,0.0,2,101.5,104.0,2,112.0,99.5,0.0,0.0,0.0,0.0,143
2023-05-10 21:45:14,OI311C9300,OI311C9300,112.0,0.0,0.0,0.0,8,102.0,105.0,2,112.0,99.5,0.0,0.0,0.0,0.0,143
2023-05-10 21:45:14,OI311C9300,OI311C9300,112.0,0.0,0.0,0.0,14,102.0,105.0,2,112.0,99.5,0.0,0.0,0.0,0.0,143
2023-05-10 21:45:18,OI311C9300,OI311C9300,112.0,0.0,0.0,0.0,2,102.5,105.0,2,112.0,99.5,0.0,0.0,0.0,0.0,143
2023-05-10 21:45:58,OI311C9300,OI311C9300,112.0,0.0,0.0,0.0,2,102.5,104.5,2,112.0,99.5,0.0,0.0,0.0,0.0,143
2023-05-10 21:46:01,OI311C9300,OI311C9300,112.0,0.0,0.0,0.0,14,102.0,104.5,2,112.0,99.5,0.0,0.0,0.0,0.0,143
2023-05-10 21:46:16,OI311C9300,OI311C9300,112.0,0.0,0.0,0.0,8,102.0,104.5,2,112.0,99.5,0.0,0.0,0.0,0.0,143
2023-05-10 21:46:17,OI311C9300,OI311C9300,112.0,0.0,0.0,0.0,2,102.0,104.5,2,112.0,99.5,0.0,0.0,0.0,0.0,143
2023-05-10 21:46:17,OI311C9300,OI311C9300,112.0,0.0,0.0,0.0,6,101.0,104.5,2,112.0,99.5,0.0,0.0,0.0,0.0,143
2023-05-10 21:46:18,OI311C9300,OI311C9300,112.0,0.0,0.0,0.0,12,96.0,104.5,14,112.0,99.5,0.0,0.0,0.0,0.0,143
2023-05-10 21:46:19,OI311C9300,OI311C9300,112.0,0.0,0.0,0.0,2,100.5,104.0,2,112.0,99.5,0.0,0.0,0.0,0.0,143
2023-05-10 21:46:19,OI311C9300,OI311C9300,112.0,0.0,0.0,0.0,8,100.5,104.0,2,112.0,99.5,0.0,0.0,0.0,0.0,143
2023-05-10 21:46:20,OI311C9300,OI311C9300,112.0,0.0,0.0,0.0,8,100.5,103.5,2,112.0,99.5,0.0,0.0,0.0,0.0,143
2023-05-10 21:46:22,OI311C9300,OI311C9300,112.0,0.0,0.0,0.0,14,100.5,103.5,2,112.0,99.5,0.0,0.0,0.0,0.0,143
2023-05-10 21:46:47,OI311C9300,OI311C9300,112.0,0.0,0.0,0.0,2,101.0,103.5,2,112.0,99.5,0.0,0.0,0.0,0.0,143
2023-05-10 21:48:11,OI311C9300,OI311C9300,112.0,0.0,0.0,0.0,2,101.0,103.0,2,112.0,99.5,0.0,0.0,0.0,0.0,143
2023-05-10 21:48:14,OI311C9300,OI311C9300,112.0,0.0,0.0,0.0,14,100.5,103.0,2,112.0,99.5,0.0,0.0,0.0,0.0,143
2023-05-10 21:48:30,OI311C9300,OI311C9300,112.0,0.0,0.0,0.0,2,100.5,103.0,2,112.0,99.5,0.0,0.0,0.0,0.0,143
2023-05-10 21:48:34,OI311C9300,OI311C9300,112.0,0.0,0.0,0.0,8,100.5,103.0,2,112.0,99.5,0.0,0.0,0.0,0.0,143
2023-05-10 21:48:35,OI311C9300,OI311C9300,112.0,0.0,0.0,0.0,14,100.5,103.0,2,112.0,99.5,0.0,0.0,0.0,0.0,143
2023-05-10 21:48:39,OI311C9300,OI311C9300,112.0,0.0,0.0,0.0,8,100.5,103.0,2,112.0,99.5,0.0,0.0,0.0,0.0,143
2023-05-10 21:48:40,OI311C9300,OI311C9300,112.0,0.0,0.0,0.0,2,100.5,103.0,2,112.0,99.5,0.0,0.0,0.0,0.0,143
2023-05-10 21:48:43,OI311C9300,OI311C9300,112.0,0.0,0.0,0.0,12,100.0,102.5,2,112.0,99.5,0.0,0.0,0.0,0.0,143
2023-05-10 21:48:52,OI311C9300,OI311C9300,112.0,0.0,0.0,0.0,2,99.5,102.5,2,112.0,99.5,0.0,0.0,0.0,0.0,143
2023-05-10 21:48:52,OI311C9300,OI311C9300,112.0,0.0,0.0,0.0,2,99.5,102.0,2,112.0,99.5,0.0,0.0,0.0,0.0,143
2023-05-10 21:49:18,OI311C9300,OI311C9300,112.0,0.0,0.0,0.0,2,100.0,102.5,2,112.0,99.5,0.0,0.0,0.0,0.0,143
2023-05-10 21:49:34,OI311C9300,OI311C9300,112.0,0.0,0.0,0.0,2,100.5,102.5,2,112.0,99.5,0.0,0.0,0.0,0.0,143
2023-05-10 21:49:34,OI311C9300,OI311C9300,112.0,0.0,0.0,0.0,8,100.5,103.5,2,112.0,99.5,0.0,0.0,0.0,0.0,143
2023-05-10 21:49:57,OI311C9300,OI311C9300,112.0,0.0,0.0,0.0,8,100.5,103.0,2,112.0,99.5,0.0,0.0,0.0,0.0,143
2023-05-10 21:51:11,OI311C9300,OI311C9300,112.0,0.0,0.0,0.0,2,100.5,103.0,2,112.0,99.5,0.0,0.0,0.0,0.0,143
2023-05-10 21:51:19,OI311C9300,OI311C9300,112.0,0.0,0.0,0.0,8,100.5,103.0,2,112.0,99.5,0.0,0.0,0.0,0.0,143
2023-05-10 21:51:31,OI311C9300,OI311C9300,112.0,0.0,0.0,0.0,2,101.0,103.0,2,112.0,99.5,0.0,0.0,0.0,0.0,143
2023-05-10 21:51:32,OI311C9300,OI311C9300,112.0,0.0,0.0,0.0,2,101.0,103.5,2,112.0,99.5,0.0,0.0,0.0,0.0,143
2023-05-10 21:51:40,OI311C9300,OI311C9300,112.0,0.0,0.0,0.0,2,101.5,104.5,2,112.0,99.5,0.0,0.0,0.0,0.0,143
2023-05-10 21:51:40,OI311C9300,OI311C9300,112.0,0.0,0.0,0.0,14,101.5,104.5,2,112.0,99.5,0.0,0.0,0.0,0.0,143
2023-05-10 21:51:53,OI311C9300,OI311C9300,112.0,0.0,0.0,0.0,2,102.0,104.5,2,112.0,99.5,0.0,0.0,0.0,0.0,143
2023-05-10 21:51:53,OI311C9300,OI311C9300,112.0,0.0,0.0,0.0,8,102.0,104.5,2,112.0,99.5,0.0,0.0,0.0,0.0,143
2023-05-10 21:51:54,OI311C9300,OI311C9300,112.0,0.0,0.0,0.0,14,102.0,104.5,2,112.0,99.5,0.0,0.0,0.0,0.0,143
2023-05-10 21:51:59,OI311C9300,OI311C9300,112.0,0.0,0.0,0.0,2,102.0,104.5,2,112.0,99.5,0.0,0.0,0.0,0.0,143
2023-05-10 21:52:10,OI311C9300,OI311C9300,112.0,0.0,0.0,0.0,14,102.0,104.5,2,112.0,99.5,0.0,0.0,0.0,0.0,143
2023-05-10 21:52:54,OI311C9300,OI311C9300,112.0,0.0,0.0,0.0,2,102.0,104.5,2,112.0,99.5,0.0,0.0,0.0,0.0,143
2023-05-10 21:53:03,OI311C9300,OI311C9300,112.0,0.0,0.0,0.0,2,102.0,104.0,2,112.0,99.5,0.0,0.0,0.0,0.0,143
2023-05-10 21:53:31,OI311C9300,OI311C9300,112.0,0.0,0.0,0.0,14,102.0,104.0,2,112.0,99.5,0.0,0.0,0.0,0.0,143
2023-05-10 21:53:33,OI311C9300,OI311C9300,112.0,0.0,0.0,0.0,14,102.0,104.5,2,112.0,99.5,0.0,0.0,0.0,0.0,143
2023-05-10 21:53:41,OI311C9300,OI311C9300,112.0,0.0,0.0,0.0,2,102.5,104.5,2,112.0,99.5,0.0,0.0,0.0,0.0,143
2023-05-10 21:53:42,OI311C9300,OI311C9300,112.0,0.0,0.0,0.0,2,102.5,105.5,2,112.0,99.5,0.0,0.0,0.0,0.0,143
2023-05-10 21:53:50,OI311C9300,OI311C9300,112.0,0.0,0.0,0.0,2,102.5,105.0,2,112.0,99.5,0.0,0.0,0.0,0.0,143
2023-05-10 21:53:55,OI311C9300,OI311C9300,112.0,0.0,0.0,0.0,14,102.0,104.5,2,112.0,99.5,0.0,0.0,0.0,0.0,143
2023-05-10 21:53:56,OI311C9300,OI311C9300,112.0,0.0,0.0,0.0,2,102.0,104.5,2,112.0,99.5,0.0,0.0,0.0,0.0,143
2023-05-10 21:54:07,OI311C9300,OI311C9300,112.0,0.0,0.0,0.0,14,102.0,104.5,2,112.0,99.5,0.0,0.0,0.0,0.0,143
2023-05-10 21:54:39,OI311C9300,OI311C9300,112.0,0.0,0.0,0.0,2,102.0,104.5,2,112.0,99.5,0.0,0.0,0.0,0.0,143
2023-05-10 21:54:57,OI311C9300,OI311C9300,112.0,0.0,0.0,0.0,14,102.0,104.5,2,112.0,99.5,0.0,0.0,0.0,0.0,143
2023-05-10 21:55:01,OI311C9300,OI311C9300,112.0,0.0,0.0,0.0,2,102.5,105.0,2,112.0,99.5,0.0,0.0,0.0,0.0,143
2023-05-10 21:55:34,OI311C9300,OI311C9300,112.0,0.0,0.0,0.0,2,103.0,106.0,14,112.0,99.5,0.0,0.0,0.0,0.0,143
2023-05-10 21:55:35,OI311C9300,OI311C9300,112.0,0.0,0.0,0.0,8,103.0,106.0,8,112.0,99.5,0.0,0.0,0.0,0.0,143
2023-05-10 21:55:35,OI311C9300,OI311C9300,112.0,0.0,0.0,0.0,14,103.0,106.0,2,112.0,99.5,0.0,0.0,0.0,0.0,143
2023-05-10 21:55:50,OI311C9300,OI311C9300,112.0,0.0,0.0,0.0,8,103.0,106.0,8,112.0,99.5,0.0,0.0,0.0,0.0,143
2023-05-10 21:55:50,OI311C9300,OI311C9300,112.0,0.0,0.0,0.0,2,103.0,106.0,14,112.0,99.5,0.0,0.0,0.0,0.0,143
2023-05-10 21:56:03,OI311C9300,OI311C9300,112.0,0.0,0.0,0.0,8,103.0,106.0,8,112.0,99.5,0.0,0.0,0.0,0.0,143
2023-05-10 21:56:03,OI311C9300,OI311C9300,112.0,0.0,0.0,0.0,14,103.0,106.0,2,112.0,99.5,0.0,0.0,0.0,0.0,143
2023-05-10 21:56:05,OI311C9300,OI311C9300,112.0,0.0,0.0,0.0,2,103.5,106.0,2,112.0,99.5,0.0,0.0,0.0,0.0,143
2023-05-10 21:56:30,OI311C9300,OI311C9300,112.0,0.0,0.0,0.0,14,103.5,106.0,2,112.0,99.5,0.0,0.0,0.0,0.0,143
2023-05-10 21:57:16,OI311C9300,OI311C9300,112.0,0.0,0.0,0.0,2,104.0,106.5,8,112.0,99.5,0.0,0.0,0.0,0.0,143
2023-05-10 21:57:16,OI311C9300,OI311C9300,112.0,0.0,0.0,0.0,2,104.0,106.5,2,112.0,99.5,0.0,0.0,0.0,0.0,143
2023-05-10 21:57:26,OI311C9300,OI311C9300,112.0,0.0,0.0,0.0,14,104.0,106.5,2,112.0,99.5,0.0,0.0,0.0,0.0,143
2023-05-10 21:58:20,OI311C9300,OI311C9300,112.0,0.0,0.0,0.0,2,104.0,106.5,2,112.0,99.5,0.0,0.0,0.0,0.0,143
2023-05-10 21:58:23,OI311C9300,OI311C9300,112.0,0.0,0.0,0.0,8,103.5,106.5,2,112.0,99.5,0.0,0.0,0.0,0.0,143
2023-05-10 21:58:23,OI311C9300,OI311C9300,112.0,0.0,0.0,0.0,2,103.5,106.0,2,112.0,99.5,0.0,0.0,0.0,0.0,143
2023-05-10 22:00:04,OI311C9300,OI311C9300,112.0,0.0,0.0,0.0,8,103.5,106.0,2,112.0,99.5,0.0,0.0,0.0,0.0,143
2023-05-10 22:00:04,OI311C9300,OI311C9300,112.0,0.0,0.0,0.0,14,103.5,106.0,2,112.0,99.5,0.0,0.0,0.0,0.0,143
2023-05-10 22:00:06,OI311C9300,OI311C9300,112.0,0.0,0.0,0.0,14,103.5,106.5,2,112.0,99.5,0.0,0.0,0.0,0.0,143
2023-05-10 22:00:06,OI311C9300,OI311C9300,112.0,0.0,0.0,0.0,2,104.0,106.5,2,112.0,99.5,0.0,0.0,0.0,0.0,143
2023-05-10 22:00:27,OI311C9300,OI311C9300,112.0,0.0,0.0,0.0,8,104.5,108.0,8,112.0,99.5,0.0,0.0,0.0,0.0,143
2023-05-10 22:00:27,OI311C9300,OI311C9300,112.0,0.0,0.0,0.0,14,104.5,108.0,2,112.0,99.5,0.0,0.0,0.0,0.0,143
2023-05-10 22:00:29,OI311C9300,OI311C9300,112.0,0.0,0.0,0.0,8,104.5,108.0,2,112.0,99.5,0.0,0.0,0.0,0.0,143
2023-05-10 22:00:30,OI311C9300,OI311C9300,112.0,0.0,0.0,0.0,2,105.0,108.0,2,112.0,99.5,0.0,0.0,0.0,0.0,143
2023-05-10 22:00:53,OI311C9300,OI311C9300,112.0,0.0,0.0,0.0,8,105.5,108.0,2,112.0,99.5,0.0,0.0,0.0,0.0,143
2023-05-10 22:00:53,OI311C9300,OI311C9300,112.0,0.0,0.0,0.0,14,105.5,108.0,2,112.0,99.5,0.0,0.0,0.0,0.0,143
2023-05-10 22:01:04,OI311C9300,OI311C9300,112.0,0.0,0.0,0.0,8,105.5,108.0,2,112.0,99.5,0.0,0.0,0.0,0.0,143
2023-05-10 22:01:04,OI311C9300,OI311C9300,112.0,0.0,0.0,0.0,2,105.5,108.0,2,112.0,99.5,0.0,0.0,0.0,0.0,143
2023-05-10 22:01:05,OI311C9300,OI311C9300,112.0,0.0,0.0,0.0,2,105.0,108.0,2,112.0,99.5,0.0,0.0,0.0,0.0,143
2023-05-10 22:01:24,OI311C9300,OI311C9300,112.0,0.0,0.0,0.0,2,105.5,108.0,2,112.0,99.5,0.0,0.0,0.0,0.0,143
2023-05-10 22:01:32,OI311C9300,OI311C9300,112.0,0.0,0.0,0.0,2,105.5,109.5,12,112.0,99.5,0.0,0.0,0.0,0.0,143
2023-05-10 22:01:33,OI311C9300,OI311C9300,112.0,0.0,0.0,0.0,2,106.0,109.5,14,112.0,99.5,0.0,0.0,0.0,0.0,143
2023-05-10 22:01:34,OI311C9300,OI311C9300,112.0,0.0,0.0,0.0,14,106.0,109.5,14,112.0,99.5,0.0,0.0,0.0,0.0,143
2023-05-10 22:01:36,OI311C9300,OI311C9300,112.0,0.0,0.0,0.0,14,106.0,109.5,8,112.0,99.5,0.0,0.0,0.0,0.0,143
2023-05-10 22:01:36,OI311C9300,OI311C9300,112.0,0.0,0.0,0.0,8,106.0,109.5,2,112.0,99.5,0.0,0.0,0.0,0.0,143
2023-05-10 22:01:38,OI311C9300,OI311C9300,112.0,0.0,0.0,0.0,14,106.0,109.5,2,112.0,99.5,0.0,0.0,0.0,0.0,143
2023-05-10 22:01:39,OI311C9300,OI311C9300,112.0,0.0,0.0,0.0,2,106.5,109.5,2,112.0,99.5,0.0,0.0,0.0,0.0,143
2023-05-10 22:01:48,OI311C9300,OI311C9300,112.0,0.0,0.0,0.0,2,106.5,109.5,14,112.0,99.5,0.0,0.0,0.0,0.0,143
2023-05-10 22:01:49,OI311C9300,OI311C9300,112.0,0.0,0.0,0.0,2,106.5,109.0,2,112.0,99.5,0.0,0.0,0.0,0.0,143
2023-05-10 22:01:50,OI311C9300,OI311C9300,112.0,0.0,0.0,0.0,2,106.5,109.0,8,112.0,99.5,0.0,0.0,0.0,0.0,143
2023-05-10 22:01:50,OI311C9300,OI311C9300,112.0,0.0,0.0,0.0,8,106.0,109.0,8,112.0,99.5,0.0,0.0,0.0,0.0,143
2023-05-10 22:01:50,OI311C9300,OI311C9300,112.0,0.0,0.0,0.0,2,106.0,109.0,8,112.0,99.5,0.0,0.0,0.0,0.0,143
2023-05-10 22:01:51,OI311C9300,OI311C9300,112.0,0.0,0.0,0.0,2,106.0,108.5,2,112.0,99.5,0.0,0.0,0.0,0.0,143
2023-05-10 22:02:01,OI311C9300,OI311C9300,112.0,0.0,0.0,0.0,12,105.0,108.0,2,112.0,99.5,0.0,0.0,0.0,0.0,143
2023-05-10 22:02:07,OI311C9300,OI311C9300,112.0,0.0,0.0,0.0,8,104.5,108.0,8,112.0,99.5,0.0,0.0,0.0,0.0,143
2023-05-10 22:02:08,OI311C9300,OI311C9300,112.0,0.0,0.0,0.0,8,104.5,107.5,2,112.0,99.5,0.0,0.0,0.0,0.0,143
2023-05-10 22:02:09,OI311C9300,OI311C9300,112.0,0.0,0.0,0.0,14,104.5,107.5,2,112.0,99.5,0.0,0.0,0.0,0.0,143
2023-05-10 22:02:43,OI311C9300,OI311C9300,112.0,0.0,0.0,0.0,2,105.0,107.5,2,112.0,99.5,0.0,0.0,0.0,0.0,143
2023-05-10 22:03:03,OI311C9300,OI311C9300,112.0,0.0,0.0,0.0,14,104.5,107.5,2,112.0,99.5,0.0,0.0,0.0,0.0,143
2023-05-10 22:03:04,OI311C9300,OI311C9300,112.0,0.0,0.0,0.0,2,104.5,107.0,2,112.0,99.5,0.0,0.0,0.0,0.0,143
2023-05-10 22:03:07,OI311C9300,OI311C9300,112.0,0.0,0.0,0.0,12,103.5,107.0,2,112.0,99.5,0.0,0.0,0.0,0.0,143
2023-05-10 22:03:08,OI311C9300,OI311C9300,112.0,0.0,0.0,0.0,14,103.5,107.0,2,112.0,99.5,0.0,0.0,0.0,0.0,143
2023-05-10 22:03:09,OI311C9300,OI311C9300,112.0,0.0,0.0,0.0,2,104.0,107.0,2,112.0,99.5,0.0,0.0,0.0,0.0,143
2023-05-10 22:03:18,OI311C9300,OI311C9300,112.0,0.0,0.0,0.0,2,104.0,106.5,2,112.0,99.5,0.0,0.0,0.0,0.0,143
2023-05-10 22:04:03,OI311C9300,OI311C9300,112.0,0.0,0.0,0.0,14,103.5,106.0,2,112.0,99.5,0.0,0.0,0.0,0.0,143
2023-05-10 22:06:12,OI311C9300,OI311C9300,112.0,0.0,0.0,0.0,2,104.0,106.0,2,112.0,99.5,0.0,0.0,0.0,0.0,143
2023-05-10 22:06:13,OI311C9300,OI311C9300,112.0,0.0,0.0,0.0,2,104.0,106.5,2,112.0,99.5,0.0,0.0,0.0,0.0,143
2023-05-10 22:06:20,OI311C9300,OI311C9300,112.0,0.0,0.0,0.0,8,104.5,108.0,2,112.0,99.5,0.0,0.0,0.0,0.0,143
2023-05-10 22:06:20,OI311C9300,OI311C9300,112.0,0.0,0.0,0.0,14,104.5,108.0,2,112.0,99.5,0.0,0.0,0.0,0.0,143
2023-05-10 22:06:21,OI311C9300,OI311C9300,112.0,0.0,0.0,0.0,14,104.5,107.5,2,112.0,99.5,0.0,0.0,0.0,0.0,143
2023-05-10 22:08:01,OI311C9300,OI311C9300,112.0,0.0,0.0,0.0,2,105.0,107.5,2,112.0,99.5,0.0,0.0,0.0,0.0,143
2023-05-10 22:08:04,OI311C9300,OI311C9300,112.0,0.0,0.0,0.0,2,105.0,108.0,2,112.0,99.5,0.0,0.0,0.0,0.0,143
2023-05-10 22:08:26,OI311C9300,OI311C9300,112.0,0.0,0.0,0.0,8,105.0,108.0,2,112.0,99.5,0.0,0.0,0.0,0.0,143
2023-05-10 22:08:27,OI311C9300,OI311C9300,112.0,0.0,0.0,0.0,2,105.5,108.0,2,112.0,99.5,0.0,0.0,0.0,0.0,143
2023-05-10 22:08:37,OI311C9300,OI311C9300,112.0,0.0,0.0,0.0,8,105.5,108.0,2,112.0,99.5,0.0,0.0,0.0,0.0,143
2023-05-10 22:08:38,OI311C9300,OI311C9300,112.0,0.0,0.0,0.0,14,105.5,108.0,2,112.0,99.5,0.0,0.0,0.0,0.0,143
2023-05-10 22:09:19,OI311C9300,OI311C9300,112.0,0.0,0.0,0.0,8,105.5,108.0,2,112.0,99.5,0.0,0.0,0.0,0.0,143
2023-05-10 22:09:19,OI311C9300,OI311C9300,112.0,0.0,0.0,0.0,2,105.5,108.0,2,112.0,99.5,0.0,0.0,0.0,0.0,143
2023-05-10 22:09:41,OI311C9300,OI311C9300,112.0,0.0,0.0,0.0,8,105.5,108.0,2,112.0,99.5,0.0,0.0,0.0,0.0,143
2023-05-10 22:09:41,OI311C9300,OI311C9300,112.0,0.0,0.0,0.0,14,105.5,108.0,2,112.0,99.5,0.0,0.0,0.0,0.0,143
2023-05-10 22:09:49,OI311C9300,OI311C9300,112.0,0.0,0.0,0.0,2,105.0,108.0,2,112.0,99.5,0.0,0.0,0.0,0.0,143
2023-05-10 22:09:49,OI311C9300,OI311C9300,112.0,0.0,0.0,0.0,2,105.0,107.5,2,112.0,99.5,0.0,0.0,0.0,0.0,143
2023-05-10 22:09:51,OI311C9300,OI311C9300,112.0,0.0,0.0,0.0,12,104.5,107.5,2,112.0,99.5,0.0,0.0,0.0,0.0,143
2023-05-10 22:09:53,OI311C9300,OI311C9300,112.0,0.0,0.0,0.0,14,104.0,107.5,14,112.0,99.5,0.0,0.0,0.0,0.0,143
2023-05-10 22:09:55,OI311C9300,OI311C9300,112.0,0.0,0.0,0.0,14,104.0,107.0,2,112.0,99.5,0.0,0.0,0.0,0.0,143
2023-05-10 22:10:01,OI311C9300,OI311C9300,112.0,0.0,0.0,0.0,14,104.0,106.5,2,112.0,99.5,0.0,0.0,0.0,0.0,143
2023-05-10 22:11:30,OI311C9300,OI311C9300,112.0,0.0,0.0,0.0,14,104.0,107.0,2,112.0,99.5,0.0,0.0,0.0,0.0,143
2023-05-10 22:11:30,OI311C9300,OI311C9300,112.0,0.0,0.0,0.0,2,104.5,107.0,2,112.0,99.5,0.0,0.0,0.0,0.0,143
2023-05-10 22:12:06,OI311C9300,OI311C9300,112.0,0.0,0.0,0.0,8,104.5,107.0,2,112.0,99.5,0.0,0.0,0.0,0.0,143
2023-05-10 22:12:07,OI311C9300,OI311C9300,112.0,0.0,0.0,0.0,14,104.5,107.0,2,112.0,99.5,0.0,0.0,0.0,0.0,143
2023-05-10 22:13:21,OI311C9300,OI311C9300,112.0,0.0,0.0,0.0,14,104.5,108.5,14,112.0,99.5,0.0,0.0,0.0,0.0,143
2023-05-10 22:13:23,OI311C9300,OI311C9300,112.0,0.0,0.0,0.0,2,105.0,108.5,14,112.0,99.5,0.0,0.0,0.0,0.0,143
2023-05-10 22:13:27,OI311C9300,OI311C9300,112.0,0.0,0.0,0.0,2,105.0,108.0,2,112.0,99.5,0.0,0.0,0.0,0.0,143
2023-05-10 22:14:12,OI311C9300,OI311C9300,112.0,0.0,0.0,0.0,2,105.0,107.5,2,112.0,99.5,0.0,0.0,0.0,0.0,143
2023-05-10 22:14:17,OI311C9300,OI311C9300,112.0,0.0,0.0,0.0,14,104.5,107.5,2,112.0,99.5,0.0,0.0,0.0,0.0,143
2023-05-10 22:14:25,OI311C9300,OI311C9300,112.0,0.0,0.0,0.0,14,104.5,107.0,2,112.0,99.5,0.0,0.0,0.0,0.0,143
2023-05-10 22:14:42,OI311C9300,OI311C9300,112.0,0.0,0.0,0.0,2,105.0,107.5,2,112.0,99.5,0.0,0.0,0.0,0.0,143
2023-05-10 22:14:52,OI311C9300,OI311C9300,112.0,0.0,0.0,0.0,2,105.0,108.5,2,112.0,99.5,0.0,0.0,0.0,0.0,143
2023-05-10 22:14:53,OI311C9300,OI311C9300,112.0,0.0,0.0,0.0,2,105.5,108.5,2,112.0,99.5,0.0,0.0,0.0,0.0,143
2023-05-10 22:14:54,OI311C9300,OI311C9300,112.0,0.0,0.0,0.0,14,105.5,108.5,2,112.0,99.5,0.0,0.0,0.0,0.0,143
2023-05-10 22:15:12,OI311C9300,OI311C9300,112.0,0.0,0.0,0.0,2,106.0,108.5,2,112.0,99.5,0.0,0.0,0.0,0.0,143
2023-05-10 22:15:44,OI311C9300,OI311C9300,112.0,0.0,0.0,0.0,14,105.5,108.5,2,112.0,99.5,0.0,0.0,0.0,0.0,143
2023-05-10 22:15:46,OI311C9300,OI311C9300,112.0,0.0,0.0,0.0,14,105.5,108.0,2,112.0,99.5,0.0,0.0,0.0,0.0,143
2023-05-10 22:15:48,OI311C9300,OI311C9300,112.0,0.0,0.0,0.0,8,105.5,108.0,2,112.0,99.5,0.0,0.0,0.0,0.0,143
2023-05-10 22:15:49,OI311C9300,OI311C9300,112.0,0.0,0.0,0.0,14,104.5,108.0,2,112.0,99.5,0.0,0.0,0.0,0.0,143
2023-05-10 22:15:51,OI311C9300,OI311C9300,112.0,0.0,0.0,0.0,14,104.5,107.5,2,112.0,99.5,0.0,0.0,0.0,0.0,143
2023-05-10 22:16:03,OI311C9300,OI311C9300,112.0,0.0,0.0,0.0,2,104.5,107.0,2,112.0,99.5,0.0,0.0,0.0,0.0,143
2023-05-10 22:16:07,OI311C9300,OI311C9300,112.0,0.0,0.0,0.0,14,104.5,107.0,2,112.0,99.5,0.0,0.0,0.0,0.0,143
2023-05-10 22:17:33,OI311C9300,OI311C9300,112.0,0.0,0.0,0.0,12,104.5,107.0,2,112.0,99.5,0.0,0.0,0.0,0.0,143
2023-05-10 22:17:35,OI311C9300,OI311C9300,112.0,0.0,0.0,0.0,12,104.0,107.0,2,112.0,99.5,0.0,0.0,0.0,0.0,143
2023-05-10 22:17:47,OI311C9300,OI311C9300,112.0,0.0,0.0,0.0,14,104.0,107.0,2,112.0,99.5,0.0,0.0,0.0,0.0,143
2023-05-10 22:17:58,OI311C9300,OI311C9300,112.0,0.0,0.0,0.0,14,104.0,106.5,2,112.0,99.5,0.0,0.0,0.0,0.0,143
2023-05-10 22:18:10,OI311C9300,OI311C9300,112.0,0.0,0.0,0.0,12,104.0,106.5,2,112.0,99.5,0.0,0.0,0.0,0.0,143
2023-05-10 22:18:12,OI311C9300,OI311C9300,112.0,0.0,0.0,0.0,12,104.0,106.0,2,112.0,99.5,0.0,0.0,0.0,0.0,143
2023-05-10 22:18:13,OI311C9300,OI311C9300,112.0,0.0,0.0,0.0,2,103.5,106.0,2,112.0,99.5,0.0,0.0,0.0,0.0,143
2023-05-10 22:18:17,OI311C9300,OI311C9300,112.0,0.0,0.0,0.0,12,103.0,106.0,2,112.0,99.5,0.0,0.0,0.0,0.0,143
2023-05-10 22:18:28,OI311C9300,OI311C9300,112.0,0.0,0.0,0.0,12,103.0,105.5,2,112.0,99.5,0.0,0.0,0.0,0.0,143
2023-05-10 22:18:40,OI311C9300,OI311C9300,112.0,0.0,0.0,0.0,6,103.0,105.5,2,112.0,99.5,0.0,0.0,0.0,0.0,143
2023-05-10 22:18:40,OI311C9300,OI311C9300,112.0,0.0,0.0,0.0,14,102.5,105.5,2,112.0,99.5,0.0,0.0,0.0,0.0,143
2023-05-10 22:18:45,OI311C9300,OI311C9300,112.0,0.0,0.0,0.0,14,102.5,105.0,2,112.0,99.5,0.0,0.0,0.0,0.0,143
2023-05-10 22:19:02,OI311C9300,OI311C9300,112.0,0.0,0.0,0.0,2,102.0,105.0,2,112.0,99.5,0.0,0.0,0.0,0.0,143
2023-05-10 22:19:05,OI311C9300,OI311C9300,112.0,0.0,0.0,0.0,2,102.0,104.5,2,112.0,99.5,0.0,0.0,0.0,0.0,143
2023-05-10 22:19:34,OI311C9300,OI311C9300,112.0,0.0,0.0,0.0,12,101.5,104.5,2,112.0,99.5,0.0,0.0,0.0,0.0,143
2023-05-10 22:19:57,OI311C9300,OI311C9300,112.0,0.0,0.0,0.0,14,101.5,104.5,2,112.0,99.5,0.0,0.0,0.0,0.0,143
2023-05-10 22:20:11,OI311C9300,OI311C9300,112.0,0.0,0.0,0.0,14,101.5,104.0,2,112.0,99.5,0.0,0.0,0.0,0.0,143
2023-05-10 22:20:12,OI311C9300,OI311C9300,112.0,0.0,0.0,0.0,2,101.5,104.0,2,112.0,99.5,0.0,0.0,0.0,0.0,143
2023-05-10 22:20:13,OI311C9300,OI311C9300,112.0,0.0,0.0,0.0,8,101.5,104.0,2,112.0,99.5,0.0,0.0,0.0,0.0,143
2023-05-10 22:20:13,OI311C9300,OI311C9300,112.0,0.0,0.0,0.0,14,101.5,104.0,2,112.0,99.5,0.0,0.0,0.0,0.0,143
2023-05-10 22:20:16,OI311C9300,OI311C9300,112.0,0.0,0.0,0.0,8,101.5,104.0,2,112.0,99.5,0.0,0.0,0.0,0.0,143
2023-05-10 22:20:19,OI311C9300,OI311C9300,112.0,0.0,0.0,0.0,14,101.5,104.0,2,112.0,99.5,0.0,0.0,0.0,0.0,143
2023-05-10 22:20:20,OI311C9300,OI311C9300,112.0,0.0,0.0,0.0,14,101.5,104.5,2,112.0,99.5,0.0,0.0,0.0,0.0,143
2023-05-10 22:20:24,OI311C9300,OI311C9300,112.0,0.0,0.0,0.0,2,102.0,104.5,2,112.0,99.5,0.0,0.0,0.0,0.0,143
2023-05-10 22:20:49,OI311C9300,OI311C9300,112.0,0.0,0.0,0.0,2,102.5,106.0,14,112.0,99.5,0.0,0.0,0.0,0.0,143
2023-05-10 22:20:50,OI311C9300,OI311C9300,112.0,0.0,0.0,0.0,14,102.5,106.0,2,112.0,99.5,0.0,0.0,0.0,0.0,143
2023-05-10 22:20:50,OI311C9300,OI311C9300,112.0,0.0,0.0,0.0,8,102.5,106.0,2,112.0,99.5,0.0,0.0,0.0,0.0,143
2023-05-10 22:20:52,OI311C9300,OI311C9300,112.0,0.0,0.0,0.0,14,102.5,106.0,2,112.0,99.5,0.0,0.0,0.0,0.0,143
2023-05-10 22:21:13,OI311C9300,OI311C9300,112.0,0.0,0.0,0.0,14,102.5,105.5,2,112.0,99.5,0.0,0.0,0.0,0.0,143
2023-05-10 22:21:25,OI311C9300,OI311C9300,112.0,0.0,0.0,0.0,2,102.5,105.0,2,112.0,99.5,0.0,0.0,0.0,0.0,143
2023-05-10 22:21:39,OI311C9300,OI311C9300,112.0,0.0,0.0,0.0,8,102.5,105.0,2,112.0,99.5,0.0,0.0,0.0,0.0,143
2023-05-10 22:21:39,OI311C9300,OI311C9300,112.0,0.0,0.0,0.0,14,102.5,105.0,2,112.0,99.5,0.0,0.0,0.0,0.0,143
2023-05-10 22:21:48,OI311C9300,OI311C9300,112.0,0.0,0.0,0.0,2,102.5,105.0,2,112.0,99.5,0.0,0.0,0.0,0.0,143
2023-05-10 22:21:53,OI311C9300,OI311C9300,112.0,0.0,0.0,0.0,14,102.5,105.0,2,112.0,99.5,0.0,0.0,0.0,0.0,143
2023-05-10 22:21:58,OI311C9300,OI311C9300,112.0,0.0,0.0,0.0,2,103.0,105.5,2,112.0,99.5,0.0,0.0,0.0,0.0,143
2023-05-10 22:21:59,OI311C9300,OI311C9300,112.0,0.0,0.0,0.0,14,103.0,105.5,2,112.0,99.5,0.0,0.0,0.0,0.0,143
2023-05-10 22:22:00,OI311C9300,OI311C9300,112.0,0.0,0.0,0.0,14,103.0,107.5,12,112.0,99.5,0.0,0.0,0.0,0.0,143
2023-05-10 22:22:01,OI311C9300,OI311C9300,112.0,0.0,0.0,0.0,14,103.0,107.0,2,112.0,99.5,0.0,0.0,0.0,0.0,143
2023-05-10 22:22:01,OI311C9300,OI311C9300,112.0,0.0,0.0,0.0,14,103.0,106.5,2,112.0,99.5,0.0,0.0,0.0,0.0,143
2023-05-10 22:22:39,OI311C9300,OI311C9300,112.0,0.0,0.0,0.0,2,103.5,106.5,2,112.0,99.5,0.0,0.0,0.0,0.0,143
2023-05-10 22:23:20,OI311C9300,OI311C9300,112.0,0.0,0.0,0.0,2,103.5,106.0,2,112.0,99.5,0.0,0.0,0.0,0.0,143
2023-05-10 22:23:25,OI311C9300,OI311C9300,112.0,0.0,0.0,0.0,14,103.0,106.0,2,112.0,99.5,0.0,0.0,0.0,0.0,143
2023-05-10 22:24:21,OI311C9300,OI311C9300,112.0,0.0,0.0,0.0,2,103.5,106.0,2,112.0,99.5,0.0,0.0,0.0,0.0,143
2023-05-10 22:25:03,OI311C9300,OI311C9300,112.0,0.0,0.0,0.0,8,103.5,106.0,2,112.0,99.5,0.0,0.0,0.0,0.0,143
2023-05-10 22:25:03,OI311C9300,OI311C9300,112.0,0.0,0.0,0.0,14,103.5,106.0,2,112.0,99.5,0.0,0.0,0.0,0.0,143
2023-05-10 22:25:29,OI311C9300,OI311C9300,112.0,0.0,0.0,0.0,2,104.0,106.5,8,112.0,99.5,0.0,0.0,0.0,0.0,143
2023-05-10 22:25:30,OI311C9300,OI311C9300,112.0,0.0,0.0,0.0,8,104.0,106.5,2,112.0,99.5,0.0,0.0,0.0,0.0,143
2023-05-10 22:25:32,OI311C9300,OI311C9300,112.0,0.0,0.0,0.0,14,104.0,106.5,2,112.0,99.5,0.0,0.0,0.0,0.0,143
2023-05-10 22:26:05,OI311C9300,OI311C9300,112.0,0.0,0.0,0.0,2,104.0,106.5,2,112.0,99.5,0.0,0.0,0.0,0.0,143
2023-05-10 22:26:10,OI311C9300,OI311C9300,112.0,0.0,0.0,0.0,8,103.5,106.5,2,112.0,99.5,0.0,0.0,0.0,0.0,143
2023-05-10 22:26:10,OI311C9300,OI311C9300,112.0,0.0,0.0,0.0,2,103.5,106.5,2,112.0,99.5,0.0,0.0,0.0,0.0,143
2023-05-10 22:26:11,OI311C9300,OI311C9300,112.0,0.0,0.0,0.0,2,103.5,106.0,2,112.0,99.5,0.0,0.0,0.0,0.0,143
2023-05-10 22:26:28,OI311C9300,OI311C9300,112.0,0.0,0.0,0.0,12,103.0,106.0,2,112.0,99.5,0.0,0.0,0.0,0.0,143
2023-05-10 22:26:51,OI311C9300,OI311C9300,112.0,0.0,0.0,0.0,6,103.0,106.0,8,112.0,99.5,0.0,0.0,0.0,0.0,143
2023-05-10 22:26:51,OI311C9300,OI311C9300,112.0,0.0,0.0,0.0,14,102.5,106.0,14,112.0,99.5,0.0,0.0,0.0,0.0,143
2023-05-10 22:26:54,OI311C9300,OI311C9300,112.0,0.0,0.0,0.0,14,102.5,105.5,2,112.0,99.5,0.0,0.0,0.0,0.0,143
2023-05-10 22:27:22,OI311C9300,OI311C9300,112.0,0.0,0.0,0.0,2,103.0,105.5,2,112.0,99.5,0.0,0.0,0.0,0.0,143
2023-05-10 22:27:25,OI311C9300,OI311C9300,112.0,0.0,0.0,0.0,2,103.0,106.0,2,112.0,99.5,0.0,0.0,0.0,0.0,143
2023-05-10 22:30:03,OI311C9300,OI311C9300,112.0,0.0,0.0,0.0,2,103.5,106.0,2,112.0,99.5,0.0,0.0,0.0,0.0,143
2023-05-10 22:30:03,OI311C9300,OI311C9300,112.0,0.0,0.0,0.0,2,103.5,108.0,6,112.0,99.5,0.0,0.0,0.0,0.0,143
2023-05-10 22:30:04,OI311C9300,OI311C9300,112.0,0.0,0.0,0.0,8,103.5,107.5,2,112.0,99.5,0.0,0.0,0.0,0.0,143
2023-05-10 22:30:05,OI311C9300,OI311C9300,112.0,0.0,0.0,0.0,8,103.5,107.0,2,112.0,99.5,0.0,0.0,0.0,0.0,143
2023-05-10 22:30:18,OI311C9300,OI311C9300,112.0,0.0,0.0,0.0,2,104.0,107.0,2,112.0,99.5,0.0,0.0,0.0,0.0,143
2023-05-10 22:30:42,OI311C9300,OI311C9300,112.0,0.0,0.0,0.0,2,104.5,107.0,2,112.0,99.5,0.0,0.0,0.0,0.0,143
2023-05-10 22:30:42,OI311C9300,OI311C9300,112.0,0.0,0.0,0.0,8,104.5,107.0,2,112.0,99.5,0.0,0.0,0.0,0.0,143
2023-05-10 22:30:51,OI311C9300,OI311C9300,112.0,0.0,0.0,0.0,8,104.5,107.5,2,112.0,99.5,0.0,0.0,0.0,0.0,143
2023-05-10 22:31:02,OI311C9300,OI311C9300,112.0,0.0,0.0,0.0,14,104.5,107.5,2,112.0,99.5,0.0,0.0,0.0,0.0,143
2023-05-10 22:31:17,OI311C9300,OI311C9300,112.0,0.0,0.0,0.0,2,105.0,107.5,2,112.0,99.5,0.0,0.0,0.0,0.0,143
2023-05-10 22:31:18,OI311C9300,OI311C9300,112.0,0.0,0.0,0.0,8,105.0,107.5,2,112.0,99.5,0.0,0.0,0.0,0.0,143
2023-05-10 22:31:19,OI311C9300,OI311C9300,112.0,0.0,0.0,0.0,14,105.0,107.5,2,112.0,99.5,0.0,0.0,0.0,0.0,143
2023-05-10 22:31:20,OI311C9300,OI311C9300,112.0,0.0,0.0,0.0,8,105.0,107.5,2,112.0,99.5,0.0,0.0,0.0,0.0,143
2023-05-10 22:31:22,OI311C9300,OI311C9300,112.0,0.0,0.0,0.0,14,105.0,107.5,2,112.0,99.5,0.0,0.0,0.0,0.0,143
2023-05-10 22:31:29,OI311C9300,OI311C9300,112.0,0.0,0.0,0.0,14,105.0,108.5,2,112.0,99.5,0.0,0.0,0.0,0.0,143
2023-05-10 22:31:37,OI311C9300,OI311C9300,112.0,0.0,0.0,0.0,14,105.0,108.0,2,112.0,99.5,0.0,0.0,0.0,0.0,143
2023-05-10 22:31:40,OI311C9300,OI311C9300,112.0,0.0,0.0,0.0,14,105.0,107.5,2,112.0,99.5,0.0,0.0,0.0,0.0,143
2023-05-10 22:31:42,OI311C9300,OI311C9300,112.0,0.0,0.0,0.0,8,105.0,107.5,2,112.0,99.5,0.0,0.0,0.0,0.0,143
2023-05-10 22:31:42,OI311C9300,OI311C9300,112.0,0.0,0.0,0.0,2,105.0,107.5,2,112.0,99.5,0.0,0.0,0.0,0.0,143
2023-05-10 22:31:49,OI311C9300,OI311C9300,112.0,0.0,0.0,0.0,14,105.0,107.5,2,112.0,99.5,0.0,0.0,0.0,0.0,143
2023-05-10 22:31:50,OI311C9300,OI311C9300,112.0,0.0,0.0,0.0,12,105.0,107.5,2,112.0,99.5,0.0,0.0,0.0,0.0,143
2023-05-10 22:31:51,OI311C9300,OI311C9300,112.0,0.0,0.0,0.0,6,105.0,107.5,2,112.0,99.5,0.0,0.0,0.0,0.0,143
2023-05-10 22:31:51,OI311C9300,OI311C9300,112.0,0.0,0.0,0.0,2,104.5,107.5,2,112.0,99.5,0.0,0.0,0.0,0.0,143
2023-05-10 22:32:10,OI311C9300,OI311C9300,112.0,0.0,0.0,0.0,2,104.5,107.0,2,112.0,99.5,0.0,0.0,0.0,0.0,143
2023-05-10 22:32:14,OI311C9300,OI311C9300,112.0,0.0,0.0,0.0,12,104.0,107.0,2,112.0,99.5,0.0,0.0,0.0,0.0,143
2023-05-10 22:32:37,OI311C9300,OI311C9300,112.0,0.0,0.0,0.0,14,104.0,107.0,2,112.0,99.5,0.0,0.0,0.0,0.0,143
2023-05-10 22:33:04,OI311C9300,OI311C9300,112.0,0.0,0.0,0.0,2,104.0,107.0,14,112.0,99.5,0.0,0.0,0.0,0.0,143
2023-05-10 22:33:09,OI311C9300,OI311C9300,112.0,0.0,0.0,0.0,2,104.0,106.5,2,112.0,99.5,0.0,0.0,0.0,0.0,143
2023-05-10 22:33:10,OI311C9300,OI311C9300,112.0,0.0,0.0,0.0,2,104.0,106.5,8,112.0,99.5,0.0,0.0,0.0,0.0,143
2023-05-10 22:33:11,OI311C9300,OI311C9300,112.0,0.0,0.0,0.0,2,103.5,106.5,14,112.0,99.5,0.0,0.0,0.0,0.0,143
2023-05-10 22:33:14,OI311C9300,OI311C9300,112.0,0.0,0.0,0.0,8,103.5,106.5,8,112.0,99.5,0.0,0.0,0.0,0.0,143
2023-05-10 22:33:14,OI311C9300,OI311C9300,112.0,0.0,0.0,0.0,14,103.5,106.5,2,112.0,99.5,0.0,0.0,0.0,0.0,143
2023-05-10 22:33:31,OI311C9300,OI311C9300,112.0,0.0,0.0,0.0,8,103.5,106.5,2,112.0,99.5,0.0,0.0,0.0,0.0,143
2023-05-10 22:33:32,OI311C9300,OI311C9300,112.0,0.0,0.0,0.0,2,103.5,106.5,2,112.0,99.5,0.0,0.0,0.0,0.0,143
2023-05-10 22:33:35,OI311C9300,OI311C9300,112.0,0.0,0.0,0.0,2,103.5,106.0,2,112.0,99.5,0.0,0.0,0.0,0.0,143
2023-05-10 22:33:46,OI311C9300,OI311C9300,112.0,0.0,0.0,0.0,12,103.0,106.0,2,112.0,99.5,0.0,0.0,0.0,0.0,143
2023-05-10 22:33:52,OI311C9300,OI311C9300,112.0,0.0,0.0,0.0,12,103.0,105.5,2,112.0,99.5,0.0,0.0,0.0,0.0,143
2023-05-10 22:33:54,OI311C9300,OI311C9300,112.0,0.0,0.0,0.0,12,102.5,105.5,2,112.0,99.5,0.0,0.0,0.0,0.0,143
2023-05-10 22:34:01,OI311C9300,OI311C9300,112.0,0.0,0.0,0.0,12,102.5,105.0,2,112.0,99.5,0.0,0.0,0.0,0.0,143
2023-05-10 22:34:10,OI311C9300,OI311C9300,112.0,0.0,0.0,0.0,2,102.0,105.0,2,112.0,99.5,0.0,0.0,0.0,0.0,143
2023-05-10 22:34:12,OI311C9300,OI311C9300,112.0,0.0,0.0,0.0,2,102.0,104.5,2,112.0,99.5,0.0,0.0,0.0,0.0,143
2023-05-10 22:34:25,OI311C9300,OI311C9300,112.0,0.0,0.0,0.0,12,101.5,104.5,2,112.0,99.5,0.0,0.0,0.0,0.0,143
2023-05-10 22:34:26,OI311C9300,OI311C9300,112.0,0.0,0.0,0.0,6,101.0,104.5,8,112.0,99.5,0.0,0.0,0.0,0.0,143
2023-05-10 22:34:28,OI311C9300,OI311C9300,112.0,0.0,0.0,0.0,12,101.0,104.5,14,112.0,99.5,0.0,0.0,0.0,0.0,143
2023-05-10 22:34:30,OI311C9300,OI311C9300,112.0,0.0,0.0,0.0,12,101.0,104.0,2,112.0,99.5,0.0,0.0,0.0,0.0,143
2023-05-10 22:34:32,OI311C9300,OI311C9300,112.0,0.0,0.0,0.0,14,101.0,104.0,2,112.0,99.5,0.0,0.0,0.0,0.0,143
2023-05-10 22:34:35,OI311C9300,OI311C9300,112.0,0.0,0.0,0.0,2,101.5,104.0,2,112.0,99.5,0.0,0.0,0.0,0.0,143
2023-05-10 22:34:41,OI311C9300,OI311C9300,112.0,0.0,0.0,0.0,2,101.5,104.5,8,112.0,99.5,0.0,0.0,0.0,0.0,143
2023-05-10 22:34:42,OI311C9300,OI311C9300,112.0,0.0,0.0,0.0,8,102.0,104.5,2,112.0,99.5,0.0,0.0,0.0,0.0,143
2023-05-10 22:34:42,OI311C9300,OI311C9300,112.0,0.0,0.0,0.0,14,102.0,104.5,2,112.0,99.5,0.0,0.0,0.0,0.0,143
2023-05-10 22:34:48,OI311C9300,OI311C9300,112.0,0.0,0.0,0.0,14,102.0,106.0,14,112.0,99.5,0.0,0.0,0.0,0.0,143
2023-05-10 22:35:01,OI311C9300,OI311C9300,112.0,0.0,0.0,0.0,2,102.5,106.0,14,112.0,99.5,0.0,0.0,0.0,0.0,143
2023-05-10 22:35:01,OI311C9300,OI311C9300,112.0,0.0,0.0,0.0,8,102.5,106.0,8,112.0,99.5,0.0,0.0,0.0,0.0,143
2023-05-10 22:35:02,OI311C9300,OI311C9300,112.0,0.0,0.0,0.0,8,102.5,106.0,2,112.0,99.5,0.0,0.0,0.0,0.0,143
2023-05-10 22:35:04,OI311C9300,OI311C9300,112.0,0.0,0.0,0.0,14,102.5,106.0,2,112.0,99.5,0.0,0.0,0.0,0.0,143
2023-05-10 22:35:07,OI311C9300,OI311C9300,112.0,0.0,0.0,0.0,2,103.0,106.0,2,112.0,99.5,0.0,0.0,0.0,0.0,143
2023-05-10 22:36:31,OI311C9300,OI311C9300,112.0,0.0,0.0,0.0,2,103.5,106.0,2,112.0,99.5,0.0,0.0,0.0,0.0,143
2023-05-10 22:36:31,OI311C9300,OI311C9300,112.0,0.0,0.0,0.0,8,103.5,106.0,2,112.0,99.5,0.0,0.0,0.0,0.0,143
2023-05-10 22:36:33,OI311C9300,OI311C9300,112.0,0.0,0.0,0.0,14,103.5,106.0,2,112.0,99.5,0.0,0.0,0.0,0.0,143
2023-05-10 22:36:46,OI311C9300,OI311C9300,112.0,0.0,0.0,0.0,2,103.5,106.0,2,112.0,99.5,0.0,0.0,0.0,0.0,143
2023-05-10 22:36:54,OI311C9300,OI311C9300,112.0,0.0,0.0,0.0,14,103.0,106.0,2,112.0,99.5,0.0,0.0,0.0,0.0,143
2023-05-10 22:36:58,OI311C9300,OI311C9300,112.0,0.0,0.0,0.0,8,103.0,105.5,2,112.0,99.5,0.0,0.0,0.0,0.0,143
2023-05-10 22:36:58,OI311C9300,OI311C9300,112.0,0.0,0.0,0.0,2,103.0,105.5,2,112.0,99.5,0.0,0.0,0.0,0.0,143
2023-05-10 22:36:59,OI311C9300,OI311C9300,112.0,0.0,0.0,0.0,12,102.0,105.5,2,112.0,99.5,0.0,0.0,0.0,0.0,143
2023-05-10 22:37:03,OI311C9300,OI311C9300,112.0,0.0,0.0,0.0,12,102.0,105.0,2,112.0,99.5,0.0,0.0,0.0,0.0,143
2023-05-10 22:37:07,OI311C9300,OI311C9300,112.0,0.0,0.0,0.0,14,102.0,105.0,2,112.0,99.5,0.0,0.0,0.0,0.0,143
2023-05-10 22:37:17,OI311C9300,OI311C9300,112.0,0.0,0.0,0.0,2,102.0,105.0,8,112.0,99.5,0.0,0.0,0.0,0.0,143
2023-05-10 22:37:19,OI311C9300,OI311C9300,112.0,0.0,0.0,0.0,2,102.0,105.0,14,112.0,99.5,0.0,0.0,0.0,0.0,143
2023-05-10 22:37:21,OI311C9300,OI311C9300,112.0,0.0,0.0,0.0,2,102.0,104.5,2,112.0,99.5,0.0,0.0,0.0,0.0,143
2023-05-10 22:37:23,OI311C9300,OI311C9300,112.0,0.0,0.0,0.0,14,101.5,104.5,2,112.0,99.5,0.0,0.0,0.0,0.0,143
2023-05-10 22:38:00,OI311C9300,OI311C9300,112.0,0.0,0.0,0.0,2,102.0,104.5,2,112.0,99.5,0.0,0.0,0.0,0.0,143
2023-05-10 22:38:06,OI311C9300,OI311C9300,112.0,0.0,0.0,0.0,8,102.0,105.0,8,112.0,99.5,0.0,0.0,0.0,0.0,143
2023-05-10 22:38:06,OI311C9300,OI311C9300,112.0,0.0,0.0,0.0,14,102.0,105.0,2,112.0,99.5,0.0,0.0,0.0,0.0,143
2023-05-10 22:39:07,OI311C9300,OI311C9300,112.0,0.0,0.0,0.0,2,102.5,105.0,2,112.0,99.5,0.0,0.0,0.0,0.0,143
2023-05-10 22:39:07,OI311C9300,OI311C9300,112.0,0.0,0.0,0.0,8,102.5,106.5,2,112.0,99.5,0.0,0.0,0.0,0.0,143
2023-05-10 22:39:10,OI311C9300,OI311C9300,112.0,0.0,0.0,0.0,14,102.5,106.5,2,112.0,99.5,0.0,0.0,0.0,0.0,143
2023-05-10 22:39:12,OI311C9300,OI311C9300,112.0,0.0,0.0,0.0,2,103.0,106.5,2,112.0,99.5,0.0,0.0,0.0,0.0,143
2023-05-10 22:39:28,OI311C9300,OI311C9300,112.0,0.0,0.0,0.0,2,103.0,106.0,2,112.0,99.5,0.0,0.0,0.0,0.0,143
2023-05-10 22:39:29,OI311C9300,OI311C9300,112.0,0.0,0.0,0.0,2,103.0,106.0,14,112.0,99.5,0.0,0.0,0.0,0.0,143
2023-05-10 22:39:39,OI311C9300,OI311C9300,112.0,0.0,0.0,0.0,8,103.0,106.0,8,112.0,99.5,0.0,0.0,0.0,0.0,143
2023-05-10 22:39:39,OI311C9300,OI311C9300,112.0,0.0,0.0,0.0,14,103.0,106.0,2,112.0,99.5,0.0,0.0,0.0,0.0,143
2023-05-10 22:39:55,OI311C9300,OI311C9300,112.0,0.0,0.0,0.0,2,103.5,106.0,2,112.0,99.5,0.0,0.0,0.0,0.0,143
2023-05-10 22:40:04,OI311C9300,OI311C9300,112.0,0.0,0.0,0.0,8,103.5,106.0,2,112.0,99.5,0.0,0.0,0.0,0.0,143
2023-05-10 22:40:06,OI311C9300,OI311C9300,112.0,0.0,0.0,0.0,14,103.5,106.0,2,112.0,99.5,0.0,0.0,0.0,0.0,143
2023-05-10 22:40:07,OI311C9300,OI311C9300,112.0,0.0,0.0,0.0,14,103.5,106.5,2,112.0,99.5,0.0,0.0,0.0,0.0,143
2023-05-10 22:40:15,OI311C9300,OI311C9300,112.0,0.0,0.0,0.0,2,104.0,106.5,2,112.0,99.5,0.0,0.0,0.0,0.0,143
2023-05-10 22:40:24,OI311C9300,OI311C9300,112.0,0.0,0.0,0.0,2,104.0,108.0,14,112.0,99.5,0.0,0.0,0.0,0.0,143
2023-05-10 22:40:28,OI311C9300,OI311C9300,112.0,0.0,0.0,0.0,2,104.0,107.5,2,112.0,99.5,0.0,0.0,0.0,0.0,143
2023-05-10 22:40:37,OI311C9300,OI311C9300,112.0,0.0,0.0,0.0,2,104.0,107.0,2,112.0,99.5,0.0,0.0,0.0,0.0,143
2023-05-10 22:40:38,OI311C9300,OI311C9300,112.0,0.0,0.0,0.0,2,104.0,107.0,8,112.0,99.5,0.0,0.0,0.0,0.0,143
2023-05-10 22:40:38,OI311C9300,OI311C9300,112.0,0.0,0.0,0.0,2,104.0,107.0,14,112.0,99.5,0.0,0.0,0.0,0.0,143
2023-05-10 22:41:00,OI311C9300,OI311C9300,112.0,0.0,0.0,0.0,14,103.5,106.5,2,112.0,99.5,0.0,0.0,0.0,0.0,143
2023-05-10 22:41:01,OI311C9300,OI311C9300,112.0,0.0,0.0,0.0,8,103.5,106.5,8,112.0,99.5,0.0,0.0,0.0,0.0,143
2023-05-10 22:41:01,OI311C9300,OI311C9300,112.0,0.0,0.0,0.0,2,103.5,106.5,8,112.0,99.5,0.0,0.0,0.0,0.0,143
2023-05-10 22:41:03,OI311C9300,OI311C9300,112.0,0.0,0.0,0.0,2,103.5,106.5,14,112.0,99.5,0.0,0.0,0.0,0.0,143
2023-05-10 22:41:04,OI311C9300,OI311C9300,112.0,0.0,0.0,0.0,2,103.5,106.0,2,112.0,99.5,0.0,0.0,0.0,0.0,143
2023-05-10 22:41:09,OI311C9300,OI311C9300,112.0,0.0,0.0,0.0,8,103.5,106.0,2,112.0,99.5,0.0,0.0,0.0,0.0,143
2023-05-10 22:41:11,OI311C9300,OI311C9300,112.0,0.0,0.0,0.0,14,103.5,106.0,2,112.0,99.5,0.0,0.0,0.0,0.0,143
2023-05-10 22:42:00,OI311C9300,OI311C9300,112.0,0.0,0.0,0.0,6,103.5,106.0,2,112.0,99.5,0.0,0.0,0.0,0.0,143
2023-05-10 22:42:00,OI311C9300,OI311C9300,112.0,0.0,0.0,0.0,12,102.5,106.0,2,112.0,99.5,0.0,0.0,0.0,0.0,143
2023-05-10 22:42:28,OI311C9300,OI311C9300,112.0,0.0,0.0,0.0,14,102.5,106.0,2,112.0,99.5,0.0,0.0,0.0,0.0,143
2023-05-10 22:42:36,OI311C9300,OI311C9300,112.0,0.0,0.0,0.0,2,103.0,106.0,2,112.0,99.5,0.0,0.0,0.0,0.0,143
2023-05-10 22:43:25,OI311C9300,OI311C9300,112.0,0.0,0.0,0.0,8,103.0,106.0,2,112.0,99.5,0.0,0.0,0.0,0.0,143
2023-05-10 22:43:25,OI311C9300,OI311C9300,112.0,0.0,0.0,0.0,14,103.0,106.0,2,112.0,99.5,0.0,0.0,0.0,0.0,143
2023-05-10 22:44:08,OI311C9300,OI311C9300,112.0,0.0,0.0,0.0,14,103.0,105.5,2,112.0,99.5,0.0,0.0,0.0,0.0,143
2023-05-10 22:44:09,OI311C9300,OI311C9300,112.0,0.0,0.0,0.0,12,103.0,105.5,2,112.0,99.5,0.0,0.0,0.0,0.0,143
2023-05-10 22:44:10,OI311C9300,OI311C9300,112.0,0.0,0.0,0.0,6,103.0,105.5,2,112.0,99.5,0.0,0.0,0.0,0.0,143
2023-05-10 22:44:10,OI311C9300,OI311C9300,112.0,0.0,0.0,0.0,2,102.5,105.5,2,112.0,99.5,0.0,0.0,0.0,0.0,143
2023-05-10 22:44:11,OI311C9300,OI311C9300,112.0,0.0,0.0,0.0,2,102.5,105.0,2,112.0,99.5,0.0,0.0,0.0,0.0,143
2023-05-10 22:45:14,OI311C9300,OI311C9300,112.0,0.0,0.0,0.0,12,102.0,105.0,2,112.0,99.5,0.0,0.0,0.0,0.0,143
2023-05-10 22:46:16,OI311C9300,OI311C9300,112.0,0.0,0.0,0.0,12,102.0,104.5,2,112.0,99.5,0.0,0.0,0.0,0.0,143
2023-05-10 22:46:29,OI311C9300,OI311C9300,112.0,0.0,0.0,0.0,14,102.0,104.5,2,112.0,99.5,0.0,0.0,0.0,0.0,143
2023-05-10 22:46:31,OI311C9300,OI311C9300,112.0,0.0,0.0,0.0,14,102.0,105.0,2,112.0,99.5,0.0,0.0,0.0,0.0,143
2023-05-10 22:46:33,OI311C9300,OI311C9300,112.0,0.0,0.0,0.0,2,102.5,105.0,2,112.0,99.5,0.0,0.0,0.0,0.0,143
2023-05-10 22:46:56,OI311C9300,OI311C9300,112.0,0.0,0.0,0.0,2,102.5,106.5,2,112.0,99.5,0.0,0.0,0.0,0.0,143
2023-05-10 22:47:01,OI311C9300,OI311C9300,112.0,0.0,0.0,0.0,8,103.0,106.5,2,112.0,99.5,0.0,0.0,0.0,0.0,143
2023-05-10 22:47:01,OI311C9300,OI311C9300,112.0,0.0,0.0,0.0,14,103.0,106.5,2,112.0,99.5,0.0,0.0,0.0,0.0,143
2023-05-10 22:47:05,OI311C9300,OI311C9300,112.0,0.0,0.0,0.0,14,103.0,106.0,2,112.0,99.5,0.0,0.0,0.0,0.0,143
2023-05-10 22:47:08,OI311C9300,OI311C9300,112.0,0.0,0.0,0.0,8,103.0,106.0,8,112.0,99.5,0.0,0.0,0.0,0.0,143
2023-05-10 22:47:08,OI311C9300,OI311C9300,112.0,0.0,0.0,0.0,2,103.0,106.0,14,112.0,99.5,0.0,0.0,0.0,0.0,143
2023-05-10 22:47:14,OI311C9300,OI311C9300,112.0,0.0,0.0,0.0,2,103.0,105.5,2,112.0,99.5,0.0,0.0,0.0,0.0,143
2023-05-10 22:47:17,OI311C9300,OI311C9300,112.0,0.0,0.0,0.0,14,102.5,105.5,2,112.0,99.5,0.0,0.0,0.0,0.0,143
2023-05-10 22:48:03,OI311C9300,OI311C9300,112.0,0.0,0.0,0.0,2,102.5,105.0,2,112.0,99.5,0.0,0.0,0.0,0.0,143
2023-05-10 22:48:06,OI311C9300,OI311C9300,112.0,0.0,0.0,0.0,8,102.5,105.0,2,112.0,99.5,0.0,0.0,0.0,0.0,143
2023-05-10 22:48:06,OI311C9300,OI311C9300,112.0,0.0,0.0,0.0,14,102.5,105.0,2,112.0,99.5,0.0,0.0,0.0,0.0,143
2023-05-10 22:50:48,OI311C9300,OI311C9300,112.0,0.0,0.0,0.0,8,102.5,105.5,2,112.0,99.5,0.0,0.0,0.0,0.0,143
2023-05-10 22:50:50,OI311C9300,OI311C9300,112.0,0.0,0.0,0.0,14,102.5,105.5,2,112.0,99.5,0.0,0.0,0.0,0.0,143
2023-05-10 22:53:08,OI311C9300,OI311C9300,112.0,0.0,0.0,0.0,2,103.0,107.0,14,112.0,99.5,0.0,0.0,0.0,0.0,143
2023-05-10 22:53:10,OI311C9300,OI311C9300,112.0,0.0,0.0,0.0,8,103.0,107.0,8,112.0,99.5,0.0,0.0,0.0,0.0,143
2023-05-10 22:53:11,OI311C9300,OI311C9300,112.0,0.0,0.0,0.0,14,103.0,107.0,2,112.0,99.5,0.0,0.0,0.0,0.0,143
2023-05-10 22:53:11,OI311C9300,OI311C9300,112.0,0.0,0.0,0.0,2,103.5,107.0,2,112.0,99.5,0.0,0.0,0.0,0.0,143
2023-05-10 22:53:44,OI311C9300,OI311C9300,112.0,0.0,0.0,0.0,8,103.5,107.0,8,112.0,99.5,0.0,0.0,0.0,0.0,143
2023-05-10 22:53:44,OI311C9300,OI311C9300,112.0,0.0,0.0,0.0,14,103.5,107.0,14,112.0,99.5,0.0,0.0,0.0,0.0,143
2023-05-10 22:53:48,OI311C9300,OI311C9300,112.0,0.0,0.0,0.0,14,103.5,106.5,2,112.0,99.5,0.0,0.0,0.0,0.0,143
2023-05-10 22:56:07,OI311C9300,OI311C9300,112.0,0.0,0.0,0.0,12,103.5,107.0,12,112.0,99.5,0.0,0.0,0.0,0.0,143
2023-05-10 22:58:02,OI311C9300,OI311C9300,112.0,0.0,0.0,0.0,6,103.5,107.0,12,112.0,99.5,0.0,0.0,0.0,0.0,143
2023-05-10 22:58:03,OI311C9300,OI311C9300,112.0,0.0,0.0,0.0,12,102.5,107.0,12,112.0,99.5,0.0,0.0,0.0,0.0,143
2023-05-10 22:58:20,OI311C9300,OI311C9300,112.0,0.0,0.0,0.0,6,102.5,107.0,6,112.0,99.5,0.0,0.0,0.0,0.0,143
2023-05-10 22:58:21,OI311C9300,OI311C9300,112.0,0.0,0.0,0.0,12,32.0,0.0,0,112.0,99.5,0.0,0.0,0.0,0.0,143
2023-05-10 22:58:21,OI311C9300,OI311C9300,112.0,0.0,0.0,0.0,6,33.0,768.5,1,112.0,99.5,0.0,0.0,0.0,0.0,143
2023-05-10 22:59:52,OI311C9300,OI311C9300,112.0,0.0,0.0,0.0,6,33.0,0.0,0,112.0,99.5,0.0,0.0,0.0,0.0,143
2023-05-11 09:00:09,OI311C9300,OI311C9300,112.0,0.0,0.0,0.0,6,33.0,267.0,2,112.0,99.5,0.0,0.0,0.0,0.0,143
2023-05-11 09:00:12,OI311C9300,OI311C9300,112.0,0.0,0.0,0.0,2,74.5,267.0,2,112.0,99.5,0.0,0.0,0.0,0.0,143
2023-05-11 09:01:00,OI311C9300,OI311C9300,112.0,0.0,0.0,0.0,4,73.5,267.0,2,112.0,99.5,0.0,0.0,0.0,0.0,143
2023-05-11 09:01:05,OI311C9300,OI311C9300,112.0,0.0,0.0,0.0,4,73.5,265.5,1,112.0,99.5,0.0,0.0,0.0,0.0,143
2023-05-11 09:01:05,OI311C9300,OI311C9300,112.0,0.0,0.0,0.0,4,73.5,224.0,4,112.0,99.5,0.0,0.0,0.0,0.0,143
2023-05-11 09:01:22,OI311C9300,OI311C9300,112.0,0.0,0.0,0.0,4,73.5,105.5,2,112.0,99.5,0.0,0.0,0.0,0.0,143
2023-05-11 09:01:28,OI311C9300,OI311C9300,112.0,0.0,0.0,0.0,4,86.5,105.5,2,112.0,99.5,0.0,0.0,0.0,0.0,143
2023-05-11 09:01:28,OI311C9300,OI311C9300,112.0,0.0,0.0,0.0,2,100.0,105.0,2,112.0,99.5,0.0,0.0,0.0,0.0,143
2023-05-11 09:01:36,OI311C9300,OI311C9300,112.0,0.0,0.0,0.0,2,100.0,104.5,2,112.0,99.5,0.0,0.0,0.0,0.0,143
2023-05-11 09:01:45,OI311C9300,OI311C9300,112.0,0.0,0.0,0.0,2,100.0,104.0,2,112.0,99.5,0.0,0.0,0.0,0.0,143
2023-05-11 09:01:53,OI311C9300,OI311C9300,112.0,0.0,0.0,0.0,2,100.0,103.5,2,112.0,99.5,0.0,0.0,0.0,0.0,143
2023-05-11 09:02:07,OI311C9300,OI311C9300,112.0,0.0,0.0,0.0,8,100.0,103.5,2,112.0,99.5,0.0,0.0,0.0,0.0,143
2023-05-11 09:02:11,OI311C9300,OI311C9300,112.0,0.0,0.0,0.0,14,100.0,103.5,2,112.0,99.5,0.0,0.0,0.0,0.0,143
2023-05-11 09:02:14,OI311C9300,OI311C9300,112.0,0.0,0.0,0.0,2,100.5,103.5,2,112.0,99.5,0.0,0.0,0.0,0.0,143
2023-05-11 09:02:38,OI311C9300,OI311C9300,112.0,0.0,0.0,0.0,8,100.0,103.5,2,112.0,99.5,0.0,0.0,0.0,0.0,143
2023-05-11 09:02:38,OI311C9300,OI311C9300,112.0,0.0,0.0,0.0,2,100.0,103.5,2,112.0,99.5,0.0,0.0,0.0,0.0,143
2023-05-11 09:02:50,OI311C9300,OI311C9300,112.0,0.0,0.0,0.0,2,100.0,103.0,2,112.0,99.5,0.0,0.0,0.0,0.0,143
2023-05-11 09:03:03,OI311C9300,OI311C9300,112.0,0.0,0.0,0.0,14,100.0,103.0,2,112.0,99.5,0.0,0.0,0.0,0.0,143
2023-05-11 09:03:10,OI311C9300,OI311C9300,112.0,0.0,0.0,0.0,2,100.0,103.0,2,112.0,99.5,0.0,0.0,0.0,0.0,143
2023-05-11 09:03:13,OI311C9300,OI311C9300,112.0,0.0,0.0,0.0,8,100.0,103.0,2,112.0,99.5,0.0,0.0,0.0,0.0,143
2023-05-11 09:03:14,OI311C9300,OI311C9300,112.0,0.0,0.0,0.0,8,100.0,103.5,8,112.0,99.5,0.0,0.0,0.0,0.0,143
2023-05-11 09:03:14,OI311C9300,OI311C9300,112.0,0.0,0.0,0.0,14,100.0,103.5,2,112.0,99.5,0.0,0.0,0.0,0.0,143
2023-05-11 09:03:20,OI311C9300,OI311C9300,112.0,0.0,0.0,0.0,2,100.0,103.5,2,112.0,99.5,0.0,0.0,0.0,0.0,143
2023-05-11 09:03:30,OI311C9300,OI311C9300,112.0,0.0,0.0,0.0,2,100.0,103.0,2,112.0,99.5,0.0,0.0,0.0,0.0,143
2023-05-11 09:05:03,OI311C9300,OI311C9300,112.0,0.0,0.0,0.0,2,100.0,103.0,8,112.0,99.5,0.0,0.0,0.0,0.0,143
2023-05-11 09:05:05,OI311C9300,OI311C9300,112.0,0.0,0.0,0.0,2,100.0,103.0,14,112.0,99.5,0.0,0.0,0.0,0.0,143
2023-05-11 09:05:08,OI311C9300,OI311C9300,112.0,0.0,0.0,0.0,2,100.0,103.0,2,112.0,99.5,0.0,0.0,0.0,0.0,143
2023-05-11 09:05:14,OI311C9300,OI311C9300,112.0,0.0,0.0,0.0,2,100.0,103.0,8,112.0,99.5,0.0,0.0,0.0,0.0,143
2023-05-11 09:05:16,OI311C9300,OI311C9300,112.0,0.0,0.0,0.0,2,100.0,103.0,14,112.0,99.5,0.0,0.0,0.0,0.0,143
2023-05-11 09:05:21,OI311C9300,OI311C9300,112.0,0.0,0.0,0.0,2,100.0,103.0,2,112.0,99.5,0.0,0.0,0.0,0.0,143
2023-05-11 09:05:24,OI311C9300,OI311C9300,112.0,0.0,0.0,0.0,2,100.0,103.0,8,112.0,99.5,0.0,0.0,0.0,0.0,143
2023-05-11 09:05:25,OI311C9300,OI311C9300,112.0,0.0,0.0,0.0,2,98.5,103.0,14,112.0,99.5,0.0,0.0,0.0,0.0,143
2023-05-11 09:05:26,OI311C9300,OI311C9300,112.0,0.0,0.0,0.0,2,98.5,102.5,2,112.0,99.5,0.0,0.0,0.0,0.0,143
2023-05-11 09:05:53,OI311C9300,OI311C9300,112.0,0.0,0.0,0.0,2,98.5,102.5,8,112.0,99.5,0.0,0.0,0.0,0.0,143
2023-05-11 09:05:54,OI311C9300,OI311C9300,112.0,0.0,0.0,0.0,2,98.5,102.0,2,112.0,99.5,0.0,0.0,0.0,0.0,143
2023-05-11 09:06:00,OI311C9300,OI311C9300,112.0,0.0,0.0,0.0,2,98.5,101.5,8,112.0,99.5,0.0,0.0,0.0,0.0,143
2023-05-11 09:06:00,OI311C9300,OI311C9300,112.0,0.0,0.0,0.0,2,98.5,101.5,14,112.0,99.5,0.0,0.0,0.0,0.0,143
2023-05-11 09:06:06,OI311C9300,OI311C9300,112.0,0.0,0.0,0.0,2,98.5,101.5,8,112.0,99.5,0.0,0.0,0.0,0.0,143
2023-05-11 09:06:06,OI311C9300,OI311C9300,112.0,0.0,0.0,0.0,2,98.5,101.5,2,112.0,99.5,0.0,0.0,0.0,0.0,143
2023-05-11 09:06:10,OI311C9300,OI311C9300,112.0,0.0,0.0,0.0,2,99.0,101.5,2,112.0,99.5,0.0,0.0,0.0,0.0,143
2023-05-11 09:06:38,OI311C9300,OI311C9300,112.0,0.0,0.0,0.0,2,98.5,101.5,2,112.0,99.5,0.0,0.0,0.0,0.0,143
2023-05-11 09:06:38,OI311C9300,OI311C9300,112.0,0.0,0.0,0.0,6,96.5,101.5,8,112.0,99.5,0.0,0.0,0.0,0.0,143
2023-05-11 09:06:38,OI311C9300,OI311C9300,112.0,0.0,0.0,0.0,6,92.5,101.5,8,112.0,99.5,0.0,0.0,0.0,0.0,143
2023-05-11 09:06:39,OI311C9300,OI311C9300,112.0,0.0,0.0,0.0,2,97.0,101.5,8,112.0,99.5,0.0,0.0,0.0,0.0,143
2023-05-11 09:06:41,OI311C9300,OI311C9300,112.0,0.0,0.0,0.0,2,97.5,101.5,14,112.0,99.5,0.0,0.0,0.0,0.0,143
2023-05-11 09:06:45,OI311C9300,OI311C9300,112.0,0.0,0.0,0.0,2,97.5,101.0,2,112.0,99.5,0.0,0.0,0.0,0.0,143
2023-05-11 09:06:54,OI311C9300,OI311C9300,112.0,0.0,0.0,0.0,2,97.5,101.0,8,112.0,99.5,0.0,0.0,0.0,0.0,143
2023-05-11 09:06:56,OI311C9300,OI311C9300,112.0,0.0,0.0,0.0,2,97.5,100.5,2,112.0,99.5,0.0,0.0,0.0,0.0,143
2023-05-11 09:07:10,OI311C9300,OI311C9300,112.0,0.0,0.0,0.0,2,97.0,100.5,8,112.0,99.5,0.0,0.0,0.0,0.0,143
2023-05-11 09:07:13,OI311C9300,OI311C9300,112.0,0.0,0.0,0.0,2,97.0,100.5,14,112.0,99.5,0.0,0.0,0.0,0.0,143
2023-05-11 09:07:15,OI311C9300,OI311C9300,112.0,0.0,0.0,0.0,2,97.0,100.0,2,112.0,99.5,0.0,0.0,0.0,0.0,143
2023-05-11 09:07:41,OI311C9300,OI311C9300,112.0,0.0,0.0,0.0,14,95.5,99.5,2,112.0,99.5,0.0,0.0,0.0,0.0,143
2023-05-11 09:07:54,OI311C9300,OI311C9300,112.0,0.0,0.0,0.0,2,96.0,99.5,2,112.0,99.5,0.0,0.0,0.0,0.0,143
2023-05-11 09:08:10,OI311C9300,OI311C9300,112.0,0.0,0.0,0.0,8,96.5,99.5,2,112.0,99.5,0.0,0.0,0.0,0.0,143
2023-05-11 09:08:11,OI311C9300,OI311C9300,112.0,0.0,0.0,0.0,14,96.5,99.5,2,112.0,99.5,0.0,0.0,0.0,0.0,143
2023-05-11 09:08:16,OI311C9300,OI311C9300,112.0,0.0,0.0,0.0,8,96.5,99.5,2,112.0,99.5,0.0,0.0,0.0,0.0,143
2023-05-11 09:08:16,OI311C9300,OI311C9300,112.0,0.0,0.0,0.0,2,96.5,99.5,2,112.0,99.5,0.0,0.0,0.0,0.0,143
2023-05-11 09:08:32,OI311C9300,OI311C9300,112.0,0.0,0.0,0.0,2,96.0,99.5,2,112.0,99.5,0.0,0.0,0.0,0.0,143
2023-05-11 09:08:46,OI311C9300,OI311C9300,112.0,0.0,0.0,0.0,8,96.0,99.5,2,112.0,99.5,0.0,0.0,0.0,0.0,143
2023-05-11 09:08:47,OI311C9300,OI311C9300,112.0,0.0,0.0,0.0,2,96.5,99.5,2,112.0,99.5,0.0,0.0,0.0,0.0,143
2023-05-11 09:08:54,OI311C9300,OI311C9300,99.5,1.0,99.5,0.0,2,96.5,99.5,1,112.0,99.5,99.5,99.5,1.0,99.5,143
2023-05-11 09:09:07,OI311C9300,OI311C9300,99.5,0.0,0.0,0.0,8,96.5,99.5,1,112.0,99.5,99.5,99.5,1.0,99.5,143
2023-05-11 09:09:10,OI311C9300,OI311C9300,99.5,0.0,0.0,0.0,14,96.5,99.5,1,112.0,99.5,99.5,99.5,1.0,99.5,143
2023-05-11 09:09:14,OI311C9300,OI311C9300,99.5,0.0,0.0,0.0,2,97.0,100.0,2,112.0,99.5,99.5,99.5,1.0,99.5,143
2023-05-11 09:09:59,OI311C9300,OI311C9300,99.5,0.0,0.0,0.0,2,96.5,99.5,2,112.0,99.5,99.5,99.5,1.0,99.5,143
2023-05-11 09:10:07,OI311C9300,OI311C9300,99.5,0.0,0.0,0.0,2,85.5,99.5,2,112.0,99.5,99.5,99.5,1.0,99.5,143
2023-05-11 09:10:07,OI311C9300,OI311C9300,99.5,0.0,0.0,0.0,6,90.5,99.5,8,112.0,99.5,99.5,99.5,1.0,99.5,143
2023-05-11 09:10:10,OI311C9300,OI311C9300,99.5,0.0,0.0,0.0,8,94.5,99.0,2,112.0,99.5,99.5,99.5,1.0,99.5,143
2023-05-11 09:10:10,OI311C9300,OI311C9300,99.5,0.0,0.0,0.0,14,94.5,99.0,2,112.0,99.5,99.5,99.5,1.0,99.5,143
2023-05-11 09:10:11,OI311C9300,OI311C9300,99.5,0.0,0.0,0.0,2,95.0,99.0,2,112.0,99.5,99.5,99.5,1.0,99.5,143
2023-05-11 09:10:12,OI311C9300,OI311C9300,99.5,0.0,0.0,0.0,2,95.5,99.0,2,112.0,99.5,99.5,99.5,1.0,99.5,143
2023-05-11 09:10:15,OI311C9300,OI311C9300,99.5,0.0,0.0,0.0,2,96.0,99.0,2,112.0,99.5,99.5,99.5,1.0,99.5,143
2023-05-11 09:10:17,OI311C9300,OI311C9300,99.5,0.0,0.0,0.0,8,96.0,99.0,2,112.0,99.5,99.5,99.5,1.0,99.5,143
2023-05-11 09:10:24,OI311C9300,OI311C9300,99.5,0.0,0.0,0.0,14,96.0,99.0,2,112.0,99.5,99.5,99.5,1.0,99.5,143
2023-05-11 09:10:25,OI311C9300,OI311C9300,99.5,0.0,0.0,0.0,8,96.0,99.0,2,112.0,99.5,99.5,99.5,1.0,99.5,143
2023-05-11 09:10:25,OI311C9300,OI311C9300,99.5,0.0,0.0,0.0,2,96.0,99.0,2,112.0,99.5,99.5,99.5,1.0,99.5,143
2023-05-11 09:10:34,OI311C9300,OI311C9300,99.5,0.0,0.0,0.0,2,96.0,99.0,8,112.0,99.5,99.5,99.5,1.0,99.5,143
2023-05-11 09:10:42,OI311C9300,OI311C9300,99.5,0.0,0.0,0.0,8,95.5,99.0,8,112.0,99.5,99.5,99.5,1.0,99.5,143
2023-05-11 09:10:42,OI311C9300,OI311C9300,99.5,0.0,0.0,0.0,2,95.5,99.0,14,112.0,99.5,99.5,99.5,1.0,99.5,143
2023-05-11 09:10:42,OI311C9300,OI311C9300,99.5,0.0,0.0,0.0,2,95.5,98.5,2,112.0,99.5,99.5,99.5,1.0,99.5,143
2023-05-11 09:11:34,OI311C9300,OI311C9300,99.5,0.0,0.0,0.0,12,94.5,98.5,2,112.0,99.5,99.5,99.5,1.0,99.5,143
2023-05-11 09:11:35,OI311C9300,OI311C9300,99.5,0.0,0.0,0.0,12,94.5,98.0,2,112.0,99.5,99.5,99.5,1.0,99.5,143
2023-05-11 09:11:37,OI311C9300,OI311C9300,99.5,0.0,0.0,0.0,2,94.0,98.0,2,112.0,99.5,99.5,99.5,1.0,99.5,143
2023-05-11 09:11:41,OI311C9300,OI311C9300,99.5,0.0,0.0,0.0,2,94.0,97.5,2,112.0,99.5,99.5,99.5,1.0,99.5,143
2023-05-11 09:11:55,OI311C9300,OI311C9300,99.5,0.0,0.0,0.0,2,94.0,97.0,2,112.0,99.5,99.5,99.5,1.0,99.5,143
2023-05-11 09:12:01,OI311C9300,OI311C9300,99.5,0.0,0.0,0.0,6,93.0,97.0,2,112.0,99.5,99.5,99.5,1.0,99.5,143
2023-05-11 09:12:04,OI311C9300,OI311C9300,99.5,0.0,0.0,0.0,6,93.0,96.5,2,112.0,99.5,99.5,99.5,1.0,99.5,143
2023-05-11 09:12:04,OI311C9300,OI311C9300,99.5,0.0,0.0,0.0,12,93.0,96.5,2,112.0,99.5,99.5,99.5,1.0,99.5,143
2023-05-11 09:12:06,OI311C9300,OI311C9300,99.5,0.0,0.0,0.0,14,93.0,96.5,2,112.0,99.5,99.5,99.5,1.0,99.5,143
2023-05-11 09:12:10,OI311C9300,OI311C9300,99.5,0.0,0.0,0.0,8,93.0,96.5,2,112.0,99.5,99.5,99.5,1.0,99.5,143
2023-05-11 09:12:10,OI311C9300,OI311C9300,99.5,0.0,0.0,0.0,2,93.0,96.5,2,112.0,99.5,99.5,99.5,1.0,99.5,143
2023-05-11 09:12:14,OI311C9300,OI311C9300,99.5,0.0,0.0,0.0,2,93.0,96.0,2,112.0,99.5,99.5,99.5,1.0,99.5,143
2023-05-11 09:12:29,OI311C9300,OI311C9300,99.5,0.0,0.0,0.0,2,92.5,96.0,8,112.0,99.5,99.5,99.5,1.0,99.5,143
2023-05-11 09:12:29,OI311C9300,OI311C9300,99.5,0.0,0.0,0.0,2,92.5,95.5,2,112.0,99.5,99.5,99.5,1.0,99.5,143
2023-05-11 09:13:21,OI311C9300,OI311C9300,99.5,0.0,0.0,0.0,2,92.5,96.0,2,112.0,99.5,99.5,99.5,1.0,99.5,143
2023-05-11 09:13:39,OI311C9300,OI311C9300,99.5,0.0,0.0,0.0,2,92.5,96.0,8,112.0,99.5,99.5,99.5,1.0,99.5,143
2023-05-11 09:13:39,OI311C9300,OI311C9300,99.5,0.0,0.0,0.0,2,92.5,96.0,14,112.0,99.5,99.5,99.5,1.0,99.5,143
2023-05-11 09:13:41,OI311C9300,OI311C9300,99.5,0.0,0.0,0.0,2,92.5,95.5,2,112.0,99.5,99.5,99.5,1.0,99.5,143
2023-05-11 09:14:09,OI311C9300,OI311C9300,99.5,0.0,0.0,0.0,2,93.0,96.0,2,112.0,99.5,99.5,99.5,1.0,99.5,143
2023-05-11 09:15:04,OI311C9300,OI311C9300,99.5,0.0,0.0,0.0,14,93.0,96.0,2,112.0,99.5,99.5,99.5,1.0,99.5,143
2023-05-11 09:15:07,OI311C9300,OI311C9300,99.5,0.0,0.0,0.0,14,93.0,97.5,14,112.0,99.5,99.5,99.5,1.0,99.5,143
2023-05-11 09:15:07,OI311C9300,OI311C9300,99.5,0.0,0.0,0.0,2,93.5,97.5,14,112.0,99.5,99.5,99.5,1.0,99.5,143
2023-05-11 09:15:28,OI311C9300,OI311C9300,99.5,0.0,0.0,0.0,8,93.5,97.5,8,112.0,99.5,99.5,99.5,1.0,99.5,143
2023-05-11 09:15:29,OI311C9300,OI311C9300,99.5,0.0,0.0,0.0,8,93.5,97.5,2,112.0,99.5,99.5,99.5,1.0,99.5,143
2023-05-11 09:15:30,OI311C9300,OI311C9300,99.5,0.0,0.0,0.0,2,94.0,97.5,2,112.0,99.5,99.5,99.5,1.0,99.5,143
2023-05-11 09:15:38,OI311C9300,OI311C9300,99.5,0.0,0.0,0.0,8,94.5,97.5,2,112.0,99.5,99.5,99.5,1.0,99.5,143
2023-05-11 09:15:38,OI311C9300,OI311C9300,99.5,0.0,0.0,0.0,14,94.5,97.5,2,112.0,99.5,99.5,99.5,1.0,99.5,143
2023-05-11 09:15:55,OI311C9300,OI311C9300,99.5,0.0,0.0,0.0,14,94.5,99.0,12,112.0,99.5,99.5,99.5,1.0,99.5,143
2023-05-11 09:15:57,OI311C9300,OI311C9300,99.5,0.0,0.0,0.0,14,94.5,99.0,14,112.0,99.5,99.5,99.5,1.0,99.5,143
2023-05-11 09:16:04,OI311C9300,OI311C9300,99.5,0.0,0.0,0.0,2,95.0,99.0,14,112.0,99.5,99.5,99.5,1.0,99.5,143
2023-05-11 09:16:06,OI311C9300,OI311C9300,99.5,0.0,0.0,0.0,2,95.5,99.0,14,112.0,99.5,99.5,99.5,1.0,99.5,143
2023-05-11 09:16:07,OI311C9300,OI311C9300,99.5,0.0,0.0,0.0,14,95.5,99.0,2,112.0,99.5,99.5,99.5,1.0,99.5,143
2023-05-11 09:16:17,OI311C9300,OI311C9300,99.5,0.0,0.0,0.0,2,96.0,99.0,2,112.0,99.5,99.5,99.5,1.0,99.5,143
2023-05-11 09:16:44,OI311C9300,OI311C9300,99.5,0.0,0.0,0.0,14,95.5,99.0,2,112.0,99.5,99.5,99.5,1.0,99.5,143
2023-05-11 09:16:45,OI311C9300,OI311C9300,99.5,0.0,0.0,0.0,8,95.5,98.5,8,112.0,99.5,99.5,99.5,1.0,99.5,143
2023-05-11 09:16:46,OI311C9300,OI311C9300,99.5,0.0,0.0,0.0,2,95.5,98.5,14,112.0,99.5,99.5,99.5,1.0,99.5,143
2023-05-11 09:17:02,OI311C9300,OI311C9300,99.5,0.0,0.0,0.0,14,95.5,98.5,2,112.0,99.5,99.5,99.5,1.0,99.5,143
2023-05-11 09:17:05,OI311C9300,OI311C9300,99.5,0.0,0.0,0.0,8,95.5,98.5,8,112.0,99.5,99.5,99.5,1.0,99.5,143
2023-05-11 09:17:05,OI311C9300,OI311C9300,99.5,0.0,0.0,0.0,2,95.5,98.5,14,112.0,99.5,99.5,99.5,1.0,99.5,143
2023-05-11 09:17:06,OI311C9300,OI311C9300,99.5,0.0,0.0,0.0,12,95.0,98.5,14,112.0,99.5,99.5,99.5,1.0,99.5,143
2023-05-11 09:17:07,OI311C9300,OI311C9300,99.5,0.0,0.0,0.0,12,95.0,98.0,2,112.0,99.5,99.5,99.5,1.0,99.5,143
2023-05-11 09:17:09,OI311C9300,OI311C9300,99.5,0.0,0.0,0.0,6,95.0,98.0,8,112.0,99.5,99.5,99.5,1.0,99.5,143
2023-05-11 09:17:09,OI311C9300,OI311C9300,99.5,0.0,0.0,0.0,6,90.0,98.0,8,112.0,99.5,99.5,99.5,1.0,99.5,143
2023-05-11 09:17:10,OI311C9300,OI311C9300,99.5,0.0,0.0,0.0,8,93.0,98.0,8,112.0,99.5,99.5,99.5,1.0,99.5,143
2023-05-11 09:17:10,OI311C9300,OI311C9300,99.5,0.0,0.0,0.0,14,93.0,98.0,14,112.0,99.5,99.5,99.5,1.0,99.5,143
2023-05-11 09:17:10,OI311C9300,OI311C9300,99.5,0.0,0.0,0.0,14,93.0,97.5,2,112.0,99.5,99.5,99.5,1.0,99.5,143
2023-05-11 09:17:12,OI311C9300,OI311C9300,99.5,0.0,0.0,0.0,2,93.5,97.5,2,112.0,99.5,99.5,99.5,1.0,99.5,143
2023-05-11 09:17:27,OI311C9300,OI311C9300,99.5,0.0,0.0,0.0,2,93.5,97.0,2,112.0,99.5,99.5,99.5,1.0,99.5,143
2023-05-11 09:17:27,OI311C9300,OI311C9300,99.5,0.0,0.0,0.0,8,93.5,97.0,8,112.0,99.5,99.5,99.5,1.0,99.5,143
2023-05-11 09:17:30,OI311C9300,OI311C9300,99.5,0.0,0.0,0.0,14,93.5,97.0,14,112.0,99.5,99.5,99.5,1.0,99.5,143
2023-05-11 09:17:48,OI311C9300,OI311C9300,99.5,0.0,0.0,0.0,14,93.5,96.5,2,112.0,99.5,99.5,99.5,1.0,99.5,143
2023-05-11 09:17:52,OI311C9300,OI311C9300,99.5,0.0,0.0,0.0,8,93.5,96.5,8,112.0,99.5,99.5,99.5,1.0,99.5,143
2023-05-11 09:17:52,OI311C9300,OI311C9300,99.5,0.0,0.0,0.0,2,93.5,96.5,14,112.0,99.5,99.5,99.5,1.0,99.5,143
2023-05-11 09:17:54,OI311C9300,OI311C9300,99.5,0.0,0.0,0.0,2,93.0,96.5,14,112.0,99.5,99.5,99.5,1.0,99.5,143
2023-05-11 09:17:55,OI311C9300,OI311C9300,99.5,0.0,0.0,0.0,2,93.0,96.0,2,112.0,99.5,99.5,99.5,1.0,99.5,143
2023-05-11 09:18:03,OI311C9300,OI311C9300,99.5,0.0,0.0,0.0,12,92.5,96.0,2,112.0,99.5,99.5,99.5,1.0,99.5,143
2023-05-11 09:18:04,OI311C9300,OI311C9300,99.5,0.0,0.0,0.0,6,92.5,96.0,8,112.0,99.5,99.5,99.5,1.0,99.5,143
2023-05-11 09:18:05,OI311C9300,OI311C9300,99.5,0.0,0.0,0.0,6,87.5,96.0,8,112.0,99.5,99.5,99.5,1.0,99.5,143
2023-05-11 09:18:05,OI311C9300,OI311C9300,99.5,0.0,0.0,0.0,12,87.5,96.0,14,112.0,99.5,99.5,99.5,1.0,99.5,143
2023-05-11 09:18:08,OI311C9300,OI311C9300,99.5,0.0,0.0,0.0,8,90.5,96.0,14,112.0,99.5,99.5,99.5,1.0,99.5,143
2023-05-11 09:18:08,OI311C9300,OI311C9300,99.5,0.0,0.0,0.0,8,90.5,96.0,8,112.0,99.5,99.5,99.5,1.0,99.5,143
2023-05-11 09:18:10,OI311C9300,OI311C9300,99.5,0.0,0.0,0.0,8,90.5,95.5,2,112.0,99.5,99.5,99.5,1.0,99.5,143
2023-05-11 09:18:10,OI311C9300,OI311C9300,99.5,0.0,0.0,0.0,14,90.5,95.5,2,112.0,99.5,99.5,99.5,1.0,99.5,143
2023-05-11 09:18:11,OI311C9300,OI311C9300,99.5,0.0,0.0,0.0,2,91.0,95.5,2,112.0,99.5,99.5,99.5,1.0,99.5,143
2023-05-11 09:18:16,OI311C9300,OI311C9300,99.5,0.0,0.0,0.0,2,91.0,95.0,8,112.0,99.5,99.5,99.5,1.0,99.5,143
2023-05-11 09:18:16,OI311C9300,OI311C9300,99.5,0.0,0.0,0.0,2,91.0,95.0,14,112.0,99.5,99.5,99.5,1.0,99.5,143
2023-05-11 09:18:20,OI311C9300,OI311C9300,99.5,0.0,0.0,0.0,2,91.0,94.5,2,112.0,99.5,99.5,99.5,1.0,99.5,143
2023-05-11 09:18:42,OI311C9300,OI311C9300,99.5,0.0,0.0,0.0,2,91.0,94.5,8,112.0,99.5,99.5,99.5,1.0,99.5,143
2023-05-11 09:19:20,OI311C9300,OI311C9300,99.5,0.0,0.0,0.0,14,90.5,94.0,2,112.0,99.5,99.5,99.5,1.0,99.5,143
2023-05-11 09:19:21,OI311C9300,OI311C9300,99.5,0.0,0.0,0.0,2,85.5,94.0,2,112.0,99.5,99.5,99.5,1.0,99.5,143
2023-05-11 09:19:21,OI311C9300,OI311C9300,99.5,0.0,0.0,0.0,8,85.5,94.0,2,112.0,99.5,99.5,99.5,1.0,99.5,143
2023-05-11 09:19:23,OI311C9300,OI311C9300,99.5,0.0,0.0,0.0,14,85.5,94.0,2,112.0,99.5,99.5,99.5,1.0,99.5,143
2023-05-11 09:19:26,OI311C9300,OI311C9300,99.5,0.0,0.0,0.0,2,89.0,94.0,2,112.0,99.5,99.5,99.5,1.0,99.5,143
2023-05-11 09:19:27,OI311C9300,OI311C9300,99.5,0.0,0.0,0.0,14,89.0,94.0,14,112.0,99.5,99.5,99.5,1.0,99.5,143
2023-05-11 09:19:28,OI311C9300,OI311C9300,99.5,0.0,0.0,0.0,2,89.5,94.0,14,112.0,99.5,99.5,99.5,1.0,99.5,143
2023-05-11 09:19:29,OI311C9300,OI311C9300,99.5,0.0,0.0,0.0,2,89.5,93.5,2,112.0,99.5,99.5,99.5,1.0,99.5,143
2023-05-11 09:19:40,OI311C9300,OI311C9300,99.5,0.0,0.0,0.0,2,90.0,93.5,2,112.0,99.5,99.5,99.5,1.0,99.5,143
2023-05-11 09:19:40,OI311C9300,OI311C9300,99.5,0.0,0.0,0.0,14,90.0,93.5,2,112.0,99.5,99.5,99.5,1.0,99.5,143
2023-05-11 09:20:03,OI311C9300,OI311C9300,99.5,0.0,0.0,0.0,14,90.0,94.0,8,112.0,99.5,99.5,99.5,1.0,99.5,143
2023-05-11 09:20:04,OI311C9300,OI311C9300,99.5,0.0,0.0,0.0,2,90.0,94.0,2,112.0,99.5,99.5,99.5,1.0,99.5,143
2023-05-11 09:20:05,OI311C9300,OI311C9300,99.5,0.0,0.0,0.0,8,90.0,94.0,2,112.0,99.5,99.5,99.5,1.0,99.5,143
2023-05-11 09:20:07,OI311C9300,OI311C9300,99.5,0.0,0.0,0.0,2,90.5,94.0,2,112.0,99.5,99.5,99.5,1.0,99.5,143
2023-05-11 09:20:08,OI311C9300,OI311C9300,99.5,0.0,0.0,0.0,8,91.0,94.0,2,112.0,99.5,99.5,99.5,1.0,99.5,143
2023-05-11 09:20:08,OI311C9300,OI311C9300,99.5,0.0,0.0,0.0,14,91.0,94.0,2,112.0,99.5,99.5,99.5,1.0,99.5,143
2023-05-11 09:20:09,OI311C9300,OI311C9300,99.5,0.0,0.0,0.0,14,91.0,95.5,14,112.0,99.5,99.5,99.5,1.0,99.5,143
2023-05-11 09:20:13,OI311C9300,OI311C9300,99.5,0.0,0.0,0.0,14,91.0,95.5,2,112.0,99.5,99.5,99.5,1.0,99.5,143
2023-05-11 09:20:13,OI311C9300,OI311C9300,99.5,0.0,0.0,0.0,2,91.5,95.5,2,112.0,99.5,99.5,99.5,1.0,99.5,143
2023-05-11 09:20:34,OI311C9300,OI311C9300,99.5,0.0,0.0,0.0,8,92.0,95.5,2,112.0,99.5,99.5,99.5,1.0,99.5,143
2023-05-11 09:20:34,OI311C9300,OI311C9300,99.5,0.0,0.0,0.0,14,92.0,95.5,2,112.0,99.5,99.5,99.5,1.0,99.5,143
2023-05-11 09:21:03,OI311C9300,OI311C9300,99.5,0.0,0.0,0.0,2,92.5,97.5,14,112.0,99.5,99.5,99.5,1.0,99.5,143
2023-05-11 09:21:06,OI311C9300,OI311C9300,99.5,0.0,0.0,0.0,8,92.5,97.5,8,112.0,99.5,99.5,99.5,1.0,99.5,143
2023-05-11 09:21:06,OI311C9300,OI311C9300,99.5,0.0,0.0,0.0,2,93.0,97.5,2,112.0,99.5,99.5,99.5,1.0,99.5,143
2023-05-11 09:21:11,OI311C9300,OI311C9300,99.5,0.0,0.0,0.0,14,93.0,97.5,14,112.0,99.5,99.5,99.5,1.0,99.5,143
2023-05-11 09:21:28,OI311C9300,OI311C9300,99.5,0.0,0.0,0.0,14,93.0,97.0,2,112.0,99.5,99.5,99.5,1.0,99.5,143
2023-05-11 09:21:51,OI311C9300,OI311C9300,99.5,0.0,0.0,0.0,14,93.0,96.5,8,112.0,99.5,99.5,99.5,1.0,99.5,143
2023-05-11 09:21:51,OI311C9300,OI311C9300,99.5,0.0,0.0,0.0,14,93.0,96.5,14,112.0,99.5,99.5,99.5,1.0,99.5,143
2023-05-11 09:21:54,OI311C9300,OI311C9300,99.5,0.0,0.0,0.0,8,93.0,96.5,2,112.0,99.5,99.5,99.5,1.0,99.5,143
2023-05-11 09:21:56,OI311C9300,OI311C9300,99.5,0.0,0.0,0.0,14,93.0,96.5,2,112.0,99.5,99.5,99.5,1.0,99.5,143
2023-05-11 09:22:22,OI311C9300,OI311C9300,99.5,0.0,0.0,0.0,14,93.0,97.0,8,112.0,99.5,99.5,99.5,1.0,99.5,143
2023-05-11 09:22:22,OI311C9300,OI311C9300,99.5,0.0,0.0,0.0,14,93.0,97.0,2,112.0,99.5,99.5,99.5,1.0,99.5,143
2023-05-11 09:22:34,OI311C9300,OI311C9300,99.5,0.0,0.0,0.0,8,93.0,97.0,2,112.0,99.5,99.5,99.5,1.0,99.5,143
2023-05-11 09:22:36,OI311C9300,OI311C9300,99.5,0.0,0.0,0.0,14,93.0,97.0,2,112.0,99.5,99.5,99.5,1.0,99.5,143
2023-05-11 09:24:02,OI311C9300,OI311C9300,99.5,0.0,0.0,0.0,2,93.5,97.0,2,112.0,99.5,99.5,99.5,1.0,99.5,143
2023-05-11 09:24:04,OI311C9300,OI311C9300,99.5,0.0,0.0,0.0,2,93.5,98.5,12,112.0,99.5,99.5,99.5,1.0,99.5,143
2023-05-11 09:24:04,OI311C9300,OI311C9300,99.5,0.0,0.0,0.0,2,94.0,98.5,12,112.0,99.5,99.5,99.5,1.0,99.5,143
2023-05-11 09:24:05,OI311C9300,OI311C9300,99.5,0.0,0.0,0.0,14,94.0,99.0,12,112.0,99.5,99.5,99.5,1.0,99.5,143
2023-05-11 09:24:05,OI311C9300,OI311C9300,99.5,0.0,0.0,0.0,14,94.0,99.0,14,112.0,99.5,99.5,99.5,1.0,99.5,143
2023-05-11 09:24:34,OI311C9300,OI311C9300,99.5,0.0,0.0,0.0,14,94.0,98.5,2,112.0,99.5,99.5,99.5,1.0,99.5,143
2023-05-11 09:24:59,OI311C9300,OI311C9300,99.5,0.0,0.0,0.0,14,94.0,98.0,8,112.0,99.5,99.5,99.5,1.0,99.5,143
2023-05-11 09:24:59,OI311C9300,OI311C9300,99.5,0.0,0.0,0.0,14,94.0,98.0,14,112.0,99.5,99.5,99.5,1.0,99.5,143
2023-05-11 09:25:06,OI311C9300,OI311C9300,99.5,0.0,0.0,0.0,8,94.0,98.0,2,112.0,99.5,99.5,99.5,1.0,99.5,143
2023-05-11 09:25:08,OI311C9300,OI311C9300,99.5,0.0,0.0,0.0,14,94.0,98.0,2,112.0,99.5,99.5,99.5,1.0,99.5,143
2023-05-11 09:25:10,OI311C9300,OI311C9300,99.5,0.0,0.0,0.0,2,94.5,98.0,2,112.0,99.5,99.5,99.5,1.0,99.5,143
2023-05-11 09:25:12,OI311C9300,OI311C9300,99.5,0.0,0.0,0.0,8,94.5,98.0,2,112.0,99.5,99.5,99.5,1.0,99.5,143
2023-05-11 09:25:36,OI311C9300,OI311C9300,99.5,0.0,0.0,0.0,8,94.5,98.0,8,112.0,99.5,99.5,99.5,1.0,99.5,143
2023-05-11 09:25:42,OI311C9300,OI311C9300,99.5,0.0,0.0,0.0,8,94.5,98.0,2,112.0,99.5,99.5,99.5,1.0,99.5,143
2023-05-11 09:26:53,OI311C9300,OI311C9300,99.5,0.0,0.0,0.0,8,94.5,98.5,8,112.0,99.5,99.5,99.5,1.0,99.5,143
2023-05-11 09:26:53,OI311C9300,OI311C9300,99.5,0.0,0.0,0.0,8,94.5,98.5,2,112.0,99.5,99.5,99.5,1.0,99.5,143
2023-05-11 09:26:55,OI311C9300,OI311C9300,99.5,0.0,0.0,0.0,14,94.5,98.5,2,112.0,99.5,99.5,99.5,1.0,99.5,143
2023-05-11 09:27:03,OI311C9300,OI311C9300,99.5,0.0,0.0,0.0,8,94.5,98.5,2,112.0,99.5,99.5,99.5,1.0,99.5,143
2023-05-11 09:27:04,OI311C9300,OI311C9300,99.5,0.0,0.0,0.0,2,95.0,98.5,2,112.0,99.5,99.5,99.5,1.0,99.5,143
2023-05-11 09:27:07,OI311C9300,OI311C9300,99.5,0.0,0.0,0.0,2,95.0,100.0,12,112.0,99.5,99.5,99.5,1.0,99.5,143
2023-05-11 09:27:16,OI311C9300,OI311C9300,99.5,0.0,0.0,0.0,2,95.0,100.0,14,112.0,99.5,99.5,99.5,1.0,99.5,143
2023-05-11 09:27:19,OI311C9300,OI311C9300,99.5,0.0,0.0,0.0,2,95.0,99.5,2,112.0,99.5,99.5,99.5,1.0,99.5,143
2023-05-11 09:27:31,OI311C9300,OI311C9300,99.5,0.0,0.0,0.0,2,95.0,99.0,8,112.0,99.5,99.5,99.5,1.0,99.5,143
2023-05-11 09:27:33,OI311C9300,OI311C9300,99.5,0.0,0.0,0.0,2,95.0,99.0,14,112.0,99.5,99.5,99.5,1.0,99.5,143
2023-05-11 09:27:58,OI311C9300,OI311C9300,99.5,0.0,0.0,0.0,14,94.5,98.5,2,112.0,99.5,99.5,99.5,1.0,99.5,143
2023-05-11 09:28:04,OI311C9300,OI311C9300,99.5,0.0,0.0,0.0,14,94.5,98.0,2,112.0,99.5,99.5,99.5,1.0,99.5,143
2023-05-11 09:28:05,OI311C9300,OI311C9300,99.5,0.0,0.0,0.0,12,94.0,98.0,14,112.0,99.5,99.5,99.5,1.0,99.5,143
2023-05-11 09:28:16,OI311C9300,OI311C9300,99.5,0.0,0.0,0.0,12,94.0,97.5,2,112.0,99.5,99.5,99.5,1.0,99.5,143
2023-05-11 09:29:02,OI311C9300,OI311C9300,99.5,0.0,0.0,0.0,12,93.0,97.5,14,112.0,99.5,99.5,99.5,1.0,99.5,143
2023-05-11 09:29:03,OI311C9300,OI311C9300,99.5,0.0,0.0,0.0,12,93.0,97.0,2,112.0,99.5,99.5,99.5,1.0,99.5,143
2023-05-11 09:29:16,OI311C9300,OI311C9300,99.5,0.0,0.0,0.0,12,93.0,96.5,2,112.0,99.5,99.5,99.5,1.0,99.5,143
2023-05-11 09:29:17,OI311C9300,OI311C9300,99.5,0.0,0.0,0.0,12,92.5,96.5,14,112.0,99.5,99.5,99.5,1.0,99.5,143
2023-05-11 09:30:06,OI311C9300,OI311C9300,99.5,0.0,0.0,0.0,2,85.5,96.5,2,112.0,99.5,99.5,99.5,1.0,99.5,143
2023-05-11 09:30:06,OI311C9300,OI311C9300,99.5,0.0,0.0,0.0,2,89.0,96.5,2,112.0,99.5,99.5,99.5,1.0,99.5,143
2023-05-11 09:30:07,OI311C9300,OI311C9300,99.5,0.0,0.0,0.0,8,89.0,96.5,8,112.0,99.5,99.5,99.5,1.0,99.5,143
2023-05-11 09:30:08,OI311C9300,OI311C9300,99.5,0.0,0.0,0.0,8,90.0,96.5,8,112.0,99.5,99.5,99.5,1.0,99.5,143
2023-05-11 09:30:14,OI311C9300,OI311C9300,99.5,0.0,0.0,0.0,8,90.0,96.0,2,112.0,99.5,99.5,99.5,1.0,99.5,143
2023-05-11 09:30:28,OI311C9300,OI311C9300,99.5,0.0,0.0,0.0,8,90.0,95.5,8,112.0,99.5,99.5,99.5,1.0,99.5,143
2023-05-11 09:30:29,OI311C9300,OI311C9300,99.5,0.0,0.0,0.0,14,90.0,95.5,14,112.0,99.5,99.5,99.5,1.0,99.5,143
2023-05-11 09:31:01,OI311C9300,OI311C9300,99.5,0.0,0.0,0.0,14,90.0,95.0,2,112.0,99.5,99.5,99.5,1.0,99.5,143
2023-05-11 09:31:08,OI311C9300,OI311C9300,99.5,0.0,0.0,0.0,14,90.0,94.5,8,112.0,99.5,99.5,99.5,1.0,99.5,143
2023-05-11 09:31:09,OI311C9300,OI311C9300,99.5,0.0,0.0,0.0,14,90.0,94.5,14,112.0,99.5,99.5,99.5,1.0,99.5,143
2023-05-11 09:31:14,OI311C9300,OI311C9300,99.5,0.0,0.0,0.0,14,90.0,94.0,2,112.0,99.5,99.5,99.5,1.0,99.5,143
2023-05-11 09:31:21,OI311C9300,OI311C9300,99.5,0.0,0.0,0.0,8,89.0,94.0,8,112.0,99.5,99.5,99.5,1.0,99.5,143
2023-05-11 09:31:23,OI311C9300,OI311C9300,99.5,0.0,0.0,0.0,14,89.0,94.0,14,112.0,99.5,99.5,99.5,1.0,99.5,143
2023-05-11 09:31:30,OI311C9300,OI311C9300,99.5,0.0,0.0,0.0,14,89.0,93.5,2,112.0,99.5,99.5,99.5,1.0,99.5,143
2023-05-11 09:32:24,OI311C9300,OI311C9300,99.5,0.0,0.0,0.0,12,89.0,93.5,2,112.0,99.5,99.5,99.5,1.0,99.5,143
2023-05-11 09:32:24,OI311C9300,OI311C9300,99.5,0.0,0.0,0.0,2,85.5,93.5,2,112.0,99.5,99.5,99.5,1.0,99.5,143
2023-05-11 09:32:26,OI311C9300,OI311C9300,99.5,0.0,0.0,0.0,2,86.5,93.5,2,112.0,99.5,99.5,99.5,1.0,99.5,143
2023-05-11 09:32:26,OI311C9300,OI311C9300,99.5,0.0,0.0,0.0,8,86.5,93.5,2,112.0,99.5,99.5,99.5,1.0,99.5,143
2023-05-11 09:32:30,OI311C9300,OI311C9300,99.5,0.0,0.0,0.0,2,87.0,93.5,2,112.0,99.5,99.5,99.5,1.0,99.5,143
2023-05-11 09:32:40,OI311C9300,OI311C9300,99.5,0.0,0.0,0.0,2,87.0,93.0,2,112.0,99.5,99.5,99.5,1.0,99.5,143
2023-05-11 09:32:41,OI311C9300,OI311C9300,99.5,0.0,0.0,0.0,8,87.0,93.0,8,112.0,99.5,99.5,99.5,1.0,99.5,143
2023-05-11 09:33:08,OI311C9300,OI311C9300,99.5,0.0,0.0,0.0,2,87.5,93.0,8,112.0,99.5,99.5,99.5,1.0,99.5,143
2023-05-11 09:33:21,OI311C9300,OI311C9300,99.5,0.0,0.0,0.0,2,87.5,93.0,14,112.0,99.5,99.5,99.5,1.0,99.5,143
2023-05-11 09:33:45,OI311C9300,OI311C9300,99.5,0.0,0.0,0.0,2,88.0,93.0,14,112.0,99.5,99.5,99.5,1.0,99.5,143
2023-05-11 09:33:45,OI311C9300,OI311C9300,99.5,0.0,0.0,0.0,14,88.0,93.0,2,112.0,99.5,99.5,99.5,1.0,99.5,143
2023-05-11 09:34:08,OI311C9300,OI311C9300,99.5,0.0,0.0,0.0,2,88.5,93.0,2,112.0,99.5,99.5,99.5,1.0,99.5,143
2023-05-11 09:34:09,OI311C9300,OI311C9300,99.5,0.0,0.0,0.0,8,88.5,93.5,8,112.0,99.5,99.5,99.5,1.0,99.5,143
2023-05-11 09:34:10,OI311C9300,OI311C9300,99.5,0.0,0.0,0.0,8,88.5,93.5,2,112.0,99.5,99.5,99.5,1.0,99.5,143
2023-05-11 09:34:11,OI311C9300,OI311C9300,99.5,0.0,0.0,0.0,2,89.0,93.5,2,112.0,99.5,99.5,99.5,1.0,99.5,143
2023-05-11 09:34:35,OI311C9300,OI311C9300,99.5,0.0,0.0,0.0,8,89.0,93.5,8,112.0,99.5,99.5,99.5,1.0,99.5,143
2023-05-11 09:34:35,OI311C9300,OI311C9300,99.5,0.0,0.0,0.0,14,89.0,93.5,14,112.0,99.5,99.5,99.5,1.0,99.5,143
2023-05-11 09:34:52,OI311C9300,OI311C9300,99.5,0.0,0.0,0.0,14,89.0,93.5,2,112.0,99.5,99.5,99.5,1.0,99.5,143
2023-05-11 09:35:05,OI311C9300,OI311C9300,99.5,0.0,0.0,0.0,14,89.0,93.5,14,112.0,99.5,99.5,99.5,1.0,99.5,143
2023-05-11 09:37:06,OI311C9300,OI311C9300,99.5,0.0,0.0,0.0,8,89.0,93.5,2,112.0,99.5,99.5,99.5,1.0,99.5,143
2023-05-11 09:37:10,OI311C9300,OI311C9300,99.5,0.0,0.0,0.0,14,89.0,93.5,2,112.0,99.5,99.5,99.5,1.0,99.5,143
2023-05-11 09:37:22,OI311C9300,OI311C9300,99.5,0.0,0.0,0.0,14,89.0,93.5,14,112.0,99.5,99.5,99.5,1.0,99.5,143
2023-05-11 09:38:06,OI311C9300,OI311C9300,99.5,0.0,0.0,0.0,14,89.0,93.5,8,112.0,99.5,99.5,99.5,1.0,99.5,143
2023-05-11 09:38:07,OI311C9300,OI311C9300,99.5,0.0,0.0,0.0,14,89.0,93.5,2,112.0,99.5,99.5,99.5,1.0,99.5,143
2023-05-11 09:39:03,OI311C9300,OI311C9300,99.5,0.0,0.0,0.0,14,89.0,94.5,12,112.0,99.5,99.5,99.5,1.0,99.5,143
2023-05-11 09:39:04,OI311C9300,OI311C9300,99.5,0.0,0.0,0.0,14,89.0,94.5,6,112.0,99.5,99.5,99.5,1.0,99.5,143
2023-05-11 09:39:05,OI311C9300,OI311C9300,99.5,0.0,0.0,0.0,8,89.0,100.0,6,112.0,99.5,99.5,99.5,1.0,99.5,143
2023-05-11 09:39:05,OI311C9300,OI311C9300,99.5,0.0,0.0,0.0,8,89.0,96.5,2,112.0,99.5,99.5,99.5,1.0,99.5,143
2023-05-11 09:39:06,OI311C9300,OI311C9300,99.5,0.0,0.0,0.0,14,89.0,96.5,14,112.0,99.5,99.5,99.5,1.0,99.5,143
2023-05-11 09:39:08,OI311C9300,OI311C9300,99.5,0.0,0.0,0.0,14,89.0,96.0,2,112.0,99.5,99.5,99.5,1.0,99.5,143
2023-05-11 09:39:39,OI311C9300,OI311C9300,99.5,0.0,0.0,0.0,14,89.0,95.5,2,112.0,99.5,99.5,99.5,1.0,99.5,143
2023-05-11 09:39:39,OI311C9300,OI311C9300,99.5,0.0,0.0,0.0,14,89.0,95.5,8,112.0,99.5,99.5,99.5,1.0,99.5,143
2023-05-11 09:40:25,OI311C9300,OI311C9300,99.5,0.0,0.0,0.0,14,89.0,95.0,2,112.0,99.5,99.5,99.5,1.0,99.5,143
2023-05-11 09:40:32,OI311C9300,OI311C9300,99.5,0.0,0.0,0.0,14,89.0,94.5,2,112.0,99.5,99.5,99.5,1.0,99.5,143
