time,symbol_id,symbol_name,last,trade_volume,trade_amount,open_interest_change,bv1,bp1,ap1,av1,yesterday_close,today_open,today_high,today_low,volume,amount,open_interest
2023-05-10 19:12:58,OI311P7200,OI311P7200,82.5,0.0,0.0,0.0,0,0.0,0.0,0,82.5,87.0,0.0,0.0,0.0,0.0,94
2023-05-10 21:00:05,OI311P7200,OI311P7200,82.5,0.0,0.0,0.0,0,0.0,252.0,2,82.5,87.0,0.0,0.0,0.0,0.0,94
2023-05-10 21:00:09,OI311P7200,OI311P7200,82.5,0.0,0.0,0.0,0,0.0,249.0,6,82.5,87.0,0.0,0.0,0.0,0.0,94
2023-05-10 21:00:10,OI311P7200,OI311P7200,82.5,0.0,0.0,0.0,0,0.0,205.0,6,82.5,87.0,0.0,0.0,0.0,0.0,94
2023-05-10 21:00:11,OI311P7200,OI311P7200,82.5,0.0,0.0,0.0,0,0.0,161.0,6,82.5,87.0,0.0,0.0,0.0,0.0,94
2023-05-10 21:00:11,OI311P7200,OI311P7200,82.5,0.0,0.0,0.0,0,0.0,117.0,6,82.5,87.0,0.0,0.0,0.0,0.0,94
2023-05-10 21:00:14,OI311P7200,OI311P7200,82.5,0.0,0.0,0.0,0,0.0,104.5,2,82.5,87.0,0.0,0.0,0.0,0.0,94
2023-05-10 21:00:56,OI311P7200,OI311P7200,82.5,0.0,0.0,0.0,0,0.0,107.0,1,82.5,87.0,0.0,0.0,0.0,0.0,94
2023-05-10 21:01:11,OI311P7200,OI311P7200,82.5,0.0,0.0,0.0,2,89.5,94.0,2,82.5,87.0,0.0,0.0,0.0,0.0,94
2023-05-10 21:01:18,OI311P7200,OI311P7200,82.5,0.0,0.0,0.0,2,89.5,93.5,2,82.5,87.0,0.0,0.0,0.0,0.0,94
2023-05-10 21:01:23,OI311P7200,OI311P7200,82.5,0.0,0.0,0.0,1,77.5,93.5,2,82.5,87.0,0.0,0.0,0.0,0.0,94
2023-05-10 21:01:23,OI311P7200,OI311P7200,82.5,0.0,0.0,0.0,6,80.5,93.5,2,82.5,87.0,0.0,0.0,0.0,0.0,94
2023-05-10 21:01:28,OI311P7200,OI311P7200,82.5,0.0,0.0,0.0,2,87.5,92.0,2,82.5,87.0,0.0,0.0,0.0,0.0,94
2023-05-10 21:01:30,OI311P7200,OI311P7200,82.5,0.0,0.0,0.0,2,88.0,92.0,2,82.5,87.0,0.0,0.0,0.0,0.0,94
2023-05-10 21:01:33,OI311P7200,OI311P7200,82.5,0.0,0.0,0.0,2,88.0,91.5,2,82.5,87.0,0.0,0.0,0.0,0.0,94
2023-05-10 21:02:07,OI311P7200,OI311P7200,82.5,0.0,0.0,0.0,2,88.5,91.5,2,82.5,87.0,0.0,0.0,0.0,0.0,94
2023-05-10 21:02:10,OI311P7200,OI311P7200,82.5,0.0,0.0,0.0,2,89.0,91.5,2,82.5,87.0,0.0,0.0,0.0,0.0,94
2023-05-10 21:02:27,OI311P7200,OI311P7200,82.5,0.0,0.0,0.0,8,89.0,91.5,2,82.5,87.0,0.0,0.0,0.0,0.0,94
2023-05-10 21:02:28,OI311P7200,OI311P7200,82.5,0.0,0.0,0.0,8,89.0,91.5,8,82.5,87.0,0.0,0.0,0.0,0.0,94
2023-05-10 21:02:28,OI311P7200,OI311P7200,82.5,0.0,0.0,0.0,14,89.0,91.5,14,82.5,87.0,0.0,0.0,0.0,0.0,94
2023-05-10 21:02:51,OI311P7200,OI311P7200,82.5,0.0,0.0,0.0,2,89.5,91.5,6,82.5,87.0,0.0,0.0,0.0,0.0,94
2023-05-10 21:02:51,OI311P7200,OI311P7200,82.5,0.0,0.0,0.0,2,89.5,92.0,2,82.5,87.0,0.0,0.0,0.0,0.0,94
2023-05-10 21:02:57,OI311P7200,OI311P7200,82.5,0.0,0.0,0.0,8,90.0,92.0,2,82.5,87.0,0.0,0.0,0.0,0.0,94
2023-05-10 21:03:00,OI311P7200,OI311P7200,82.5,0.0,0.0,0.0,8,90.0,92.5,6,82.5,87.0,0.0,0.0,0.0,0.0,94
2023-05-10 21:03:01,OI311P7200,OI311P7200,82.5,0.0,0.0,0.0,8,90.0,93.0,6,82.5,87.0,0.0,0.0,0.0,0.0,94
2023-05-10 21:03:01,OI311P7200,OI311P7200,82.5,0.0,0.0,0.0,8,90.0,93.5,8,82.5,87.0,0.0,0.0,0.0,0.0,94
2023-05-10 21:03:02,OI311P7200,OI311P7200,82.5,0.0,0.0,0.0,8,90.0,93.0,6,82.5,87.0,0.0,0.0,0.0,0.0,94
2023-05-10 21:03:03,OI311P7200,OI311P7200,82.5,0.0,0.0,0.0,14,90.0,93.5,8,82.5,87.0,0.0,0.0,0.0,0.0,94
2023-05-10 21:03:03,OI311P7200,OI311P7200,82.5,0.0,0.0,0.0,8,90.0,93.0,6,82.5,87.0,0.0,0.0,0.0,0.0,94
2023-05-10 21:03:03,OI311P7200,OI311P7200,82.5,0.0,0.0,0.0,14,90.0,93.5,8,82.5,87.0,0.0,0.0,0.0,0.0,94
2023-05-10 21:03:04,OI311P7200,OI311P7200,82.5,0.0,0.0,0.0,8,90.0,93.5,2,82.5,87.0,0.0,0.0,0.0,0.0,94
2023-05-10 21:03:04,OI311P7200,OI311P7200,82.5,0.0,0.0,0.0,14,90.0,93.5,2,82.5,87.0,0.0,0.0,0.0,0.0,94
2023-05-10 21:03:12,OI311P7200,OI311P7200,82.5,0.0,0.0,0.0,2,91.0,93.5,2,82.5,87.0,0.0,0.0,0.0,0.0,94
2023-05-10 21:03:13,OI311P7200,OI311P7200,82.5,0.0,0.0,0.0,14,91.0,93.5,2,82.5,87.0,0.0,0.0,0.0,0.0,94
2023-05-10 21:04:00,OI311P7200,OI311P7200,82.5,0.0,0.0,0.0,2,91.5,95.0,2,82.5,87.0,0.0,0.0,0.0,0.0,94
2023-05-10 21:04:01,OI311P7200,OI311P7200,82.5,0.0,0.0,0.0,2,91.5,95.0,14,82.5,87.0,0.0,0.0,0.0,0.0,94
2023-05-10 21:04:02,OI311P7200,OI311P7200,82.5,0.0,0.0,0.0,8,91.5,95.0,8,82.5,87.0,0.0,0.0,0.0,0.0,94
2023-05-10 21:04:03,OI311P7200,OI311P7200,82.5,0.0,0.0,0.0,8,91.5,94.5,6,82.5,87.0,0.0,0.0,0.0,0.0,94
2023-05-10 21:04:03,OI311P7200,OI311P7200,82.5,0.0,0.0,0.0,14,91.5,95.0,8,82.5,87.0,0.0,0.0,0.0,0.0,94
2023-05-10 21:04:04,OI311P7200,OI311P7200,82.5,0.0,0.0,0.0,8,91.5,94.5,6,82.5,87.0,0.0,0.0,0.0,0.0,94
2023-05-10 21:04:04,OI311P7200,OI311P7200,82.5,0.0,0.0,0.0,14,91.5,95.0,8,82.5,87.0,0.0,0.0,0.0,0.0,94
2023-05-10 21:04:05,OI311P7200,OI311P7200,82.5,0.0,0.0,0.0,14,91.5,95.0,14,82.5,87.0,0.0,0.0,0.0,0.0,94
2023-05-10 21:04:07,OI311P7200,OI311P7200,82.5,0.0,0.0,0.0,8,91.5,95.0,14,82.5,87.0,0.0,0.0,0.0,0.0,94
2023-05-10 21:04:08,OI311P7200,OI311P7200,82.5,0.0,0.0,0.0,2,91.5,95.0,8,82.5,87.0,0.0,0.0,0.0,0.0,94
2023-05-10 21:04:08,OI311P7200,OI311P7200,82.5,0.0,0.0,0.0,2,91.5,95.0,2,82.5,87.0,0.0,0.0,0.0,0.0,94
2023-05-10 21:04:09,OI311P7200,OI311P7200,82.5,0.0,0.0,0.0,2,91.5,95.0,8,82.5,87.0,0.0,0.0,0.0,0.0,94
2023-05-10 21:04:11,OI311P7200,OI311P7200,82.5,0.0,0.0,0.0,2,91.5,94.5,2,82.5,87.0,0.0,0.0,0.0,0.0,94
2023-05-10 21:04:11,OI311P7200,OI311P7200,82.5,0.0,0.0,0.0,2,91.5,94.5,8,82.5,87.0,0.0,0.0,0.0,0.0,94
2023-05-10 21:04:11,OI311P7200,OI311P7200,82.5,0.0,0.0,0.0,2,91.5,94.5,14,82.5,87.0,0.0,0.0,0.0,0.0,94
2023-05-10 21:05:05,OI311P7200,OI311P7200,82.5,0.0,0.0,0.0,8,91.0,94.0,2,82.5,87.0,0.0,0.0,0.0,0.0,94
2023-05-10 21:05:05,OI311P7200,OI311P7200,82.5,0.0,0.0,0.0,2,91.0,94.0,2,82.5,87.0,0.0,0.0,0.0,0.0,94
2023-05-10 21:05:06,OI311P7200,OI311P7200,82.5,0.0,0.0,0.0,6,87.5,94.0,2,82.5,87.0,0.0,0.0,0.0,0.0,94
2023-05-10 21:05:07,OI311P7200,OI311P7200,82.5,0.0,0.0,0.0,12,87.5,94.0,8,82.5,87.0,0.0,0.0,0.0,0.0,94
2023-05-10 21:05:07,OI311P7200,OI311P7200,82.5,0.0,0.0,0.0,18,87.5,94.0,14,82.5,87.0,0.0,0.0,0.0,0.0,94
2023-05-10 21:05:09,OI311P7200,OI311P7200,82.5,0.0,0.0,0.0,2,90.5,93.5,6,82.5,87.0,0.0,0.0,0.0,0.0,94
2023-05-10 21:05:11,OI311P7200,OI311P7200,82.5,0.0,0.0,0.0,2,90.5,93.5,8,82.5,87.0,0.0,0.0,0.0,0.0,94
2023-05-10 21:05:12,OI311P7200,OI311P7200,82.5,0.0,0.0,0.0,2,90.5,93.5,14,82.5,87.0,0.0,0.0,0.0,0.0,94
2023-05-10 21:05:16,OI311P7200,OI311P7200,82.5,0.0,0.0,0.0,2,90.5,93.0,2,82.5,87.0,0.0,0.0,0.0,0.0,94
2023-05-10 21:05:18,OI311P7200,OI311P7200,82.5,0.0,0.0,0.0,2,90.5,93.0,8,82.5,87.0,0.0,0.0,0.0,0.0,94
2023-05-10 21:05:18,OI311P7200,OI311P7200,82.5,0.0,0.0,0.0,2,90.5,93.0,14,82.5,87.0,0.0,0.0,0.0,0.0,94
2023-05-10 21:05:19,OI311P7200,OI311P7200,82.5,0.0,0.0,0.0,8,89.5,93.0,8,82.5,87.0,0.0,0.0,0.0,0.0,94
2023-05-10 21:05:20,OI311P7200,OI311P7200,82.5,0.0,0.0,0.0,14,89.5,93.0,14,82.5,87.0,0.0,0.0,0.0,0.0,94
2023-05-10 21:05:25,OI311P7200,OI311P7200,82.5,0.0,0.0,0.0,2,90.0,93.0,14,82.5,87.0,0.0,0.0,0.0,0.0,94
2023-05-10 21:05:26,OI311P7200,OI311P7200,82.5,0.0,0.0,0.0,2,90.0,92.5,6,82.5,87.0,0.0,0.0,0.0,0.0,94
2023-05-10 21:05:26,OI311P7200,OI311P7200,82.5,0.0,0.0,0.0,2,90.0,93.0,8,82.5,87.0,0.0,0.0,0.0,0.0,94
2023-05-10 21:05:27,OI311P7200,OI311P7200,82.5,0.0,0.0,0.0,2,90.0,93.0,14,82.5,87.0,0.0,0.0,0.0,0.0,94
2023-05-10 21:05:32,OI311P7200,OI311P7200,82.5,0.0,0.0,0.0,2,90.5,93.0,14,82.5,87.0,0.0,0.0,0.0,0.0,94
2023-05-10 21:05:33,OI311P7200,OI311P7200,82.5,0.0,0.0,0.0,8,90.5,93.0,14,82.5,87.0,0.0,0.0,0.0,0.0,94
2023-05-10 21:05:33,OI311P7200,OI311P7200,82.5,0.0,0.0,0.0,14,90.5,93.0,2,82.5,87.0,0.0,0.0,0.0,0.0,94
2023-05-10 21:05:34,OI311P7200,OI311P7200,82.5,0.0,0.0,0.0,2,91.0,93.0,2,82.5,87.0,0.0,0.0,0.0,0.0,94
2023-05-10 21:05:37,OI311P7200,OI311P7200,82.5,0.0,0.0,0.0,2,91.0,93.5,14,82.5,87.0,0.0,0.0,0.0,0.0,94
2023-05-10 21:05:37,OI311P7200,OI311P7200,82.5,0.0,0.0,0.0,14,91.0,93.5,14,82.5,87.0,0.0,0.0,0.0,0.0,94
2023-05-10 21:05:45,OI311P7200,OI311P7200,82.5,0.0,0.0,0.0,2,91.0,93.5,8,82.5,87.0,0.0,0.0,0.0,0.0,94
2023-05-10 21:05:46,OI311P7200,OI311P7200,82.5,0.0,0.0,0.0,2,91.0,93.0,6,82.5,87.0,0.0,0.0,0.0,0.0,94
2023-05-10 21:05:46,OI311P7200,OI311P7200,82.5,0.0,0.0,0.0,2,91.0,93.5,2,82.5,87.0,0.0,0.0,0.0,0.0,94
2023-05-10 21:06:10,OI311P7200,OI311P7200,82.5,0.0,0.0,0.0,2,90.5,93.5,2,82.5,87.0,0.0,0.0,0.0,0.0,94
2023-05-10 21:06:10,OI311P7200,OI311P7200,82.5,0.0,0.0,0.0,2,90.5,93.5,8,82.5,87.0,0.0,0.0,0.0,0.0,94
2023-05-10 21:06:11,OI311P7200,OI311P7200,82.5,0.0,0.0,0.0,2,90.5,93.5,14,82.5,87.0,0.0,0.0,0.0,0.0,94
2023-05-10 21:06:14,OI311P7200,OI311P7200,82.5,0.0,0.0,0.0,2,90.5,93.5,20,82.5,87.0,0.0,0.0,0.0,0.0,94
2023-05-10 21:06:14,OI311P7200,OI311P7200,82.5,0.0,0.0,0.0,2,90.5,93.0,6,82.5,87.0,0.0,0.0,0.0,0.0,94
2023-05-10 21:06:17,OI311P7200,OI311P7200,82.5,0.0,0.0,0.0,2,90.5,93.0,8,82.5,87.0,0.0,0.0,0.0,0.0,94
2023-05-10 21:06:17,OI311P7200,OI311P7200,82.5,0.0,0.0,0.0,2,90.5,93.0,14,82.5,87.0,0.0,0.0,0.0,0.0,94
2023-05-10 21:06:21,OI311P7200,OI311P7200,82.5,0.0,0.0,0.0,14,89.5,93.0,14,82.5,87.0,0.0,0.0,0.0,0.0,94
2023-05-10 21:06:26,OI311P7200,OI311P7200,82.5,0.0,0.0,0.0,2,90.0,93.0,14,82.5,87.0,0.0,0.0,0.0,0.0,94
2023-05-10 21:06:52,OI311P7200,OI311P7200,82.5,0.0,0.0,0.0,2,89.5,93.0,14,82.5,87.0,0.0,0.0,0.0,0.0,94
2023-05-10 21:06:53,OI311P7200,OI311P7200,82.5,0.0,0.0,0.0,2,89.5,92.5,2,82.5,87.0,0.0,0.0,0.0,0.0,94
2023-05-10 21:06:53,OI311P7200,OI311P7200,82.5,0.0,0.0,0.0,2,89.5,92.5,8,82.5,87.0,0.0,0.0,0.0,0.0,94
2023-05-10 21:06:54,OI311P7200,OI311P7200,82.5,0.0,0.0,0.0,2,89.5,92.5,14,82.5,87.0,0.0,0.0,0.0,0.0,94
2023-05-10 21:06:56,OI311P7200,OI311P7200,82.5,0.0,0.0,0.0,2,89.5,92.5,20,82.5,87.0,0.0,0.0,0.0,0.0,94
2023-05-10 21:07:01,OI311P7200,OI311P7200,82.5,0.0,0.0,0.0,14,89.5,92.5,14,82.5,87.0,0.0,0.0,0.0,0.0,94
2023-05-10 21:07:03,OI311P7200,OI311P7200,82.5,0.0,0.0,0.0,2,90.0,92.5,14,82.5,87.0,0.0,0.0,0.0,0.0,94
2023-05-10 21:07:04,OI311P7200,OI311P7200,82.5,0.0,0.0,0.0,2,90.0,92.0,6,82.5,87.0,0.0,0.0,0.0,0.0,94
2023-05-10 21:07:07,OI311P7200,OI311P7200,82.5,0.0,0.0,0.0,2,90.0,92.5,14,82.5,87.0,0.0,0.0,0.0,0.0,94
2023-05-10 21:07:15,OI311P7200,OI311P7200,82.5,0.0,0.0,0.0,2,89.5,92.5,14,82.5,87.0,0.0,0.0,0.0,0.0,94
2023-05-10 21:07:16,OI311P7200,OI311P7200,82.5,0.0,0.0,0.0,2,89.5,92.0,6,82.5,87.0,0.0,0.0,0.0,0.0,94
2023-05-10 21:07:16,OI311P7200,OI311P7200,82.5,0.0,0.0,0.0,2,89.5,92.5,8,82.5,87.0,0.0,0.0,0.0,0.0,94
2023-05-10 21:07:16,OI311P7200,OI311P7200,82.5,0.0,0.0,0.0,2,89.5,92.5,14,82.5,87.0,0.0,0.0,0.0,0.0,94
2023-05-10 21:07:17,OI311P7200,OI311P7200,82.5,0.0,0.0,0.0,12,88.5,92.5,14,82.5,87.0,0.0,0.0,0.0,0.0,94
2023-05-10 21:07:18,OI311P7200,OI311P7200,82.5,0.0,0.0,0.0,12,87.5,92.5,14,82.5,87.0,0.0,0.0,0.0,0.0,94
2023-05-10 21:07:18,OI311P7200,OI311P7200,82.5,0.0,0.0,0.0,2,88.5,92.0,14,82.5,87.0,0.0,0.0,0.0,0.0,94
2023-05-10 21:07:28,OI311P7200,OI311P7200,82.5,0.0,0.0,0.0,2,88.5,91.5,6,82.5,87.0,0.0,0.0,0.0,0.0,94
2023-05-10 21:07:28,OI311P7200,OI311P7200,82.5,0.0,0.0,0.0,2,88.5,92.0,8,82.5,87.0,0.0,0.0,0.0,0.0,94
2023-05-10 21:07:29,OI311P7200,OI311P7200,82.5,0.0,0.0,0.0,2,88.5,92.0,20,82.5,87.0,0.0,0.0,0.0,0.0,94
2023-05-10 21:07:29,OI311P7200,OI311P7200,82.5,0.0,0.0,0.0,2,88.5,91.5,6,82.5,87.0,0.0,0.0,0.0,0.0,94
2023-05-10 21:07:30,OI311P7200,OI311P7200,82.5,0.0,0.0,0.0,2,88.5,92.0,8,82.5,87.0,0.0,0.0,0.0,0.0,94
2023-05-10 21:07:30,OI311P7200,OI311P7200,82.5,0.0,0.0,0.0,2,88.5,92.0,20,82.5,87.0,0.0,0.0,0.0,0.0,94
2023-05-10 21:07:31,OI311P7200,OI311P7200,82.5,0.0,0.0,0.0,2,88.5,91.5,6,82.5,87.0,0.0,0.0,0.0,0.0,94
2023-05-10 21:07:31,OI311P7200,OI311P7200,82.5,0.0,0.0,0.0,2,88.5,92.0,8,82.5,87.0,0.0,0.0,0.0,0.0,94
2023-05-10 21:07:32,OI311P7200,OI311P7200,82.5,0.0,0.0,0.0,2,88.5,92.0,20,82.5,87.0,0.0,0.0,0.0,0.0,94
2023-05-10 21:07:33,OI311P7200,OI311P7200,82.5,0.0,0.0,0.0,2,88.5,92.0,14,82.5,87.0,0.0,0.0,0.0,0.0,94
2023-05-10 21:07:40,OI311P7200,OI311P7200,82.5,0.0,0.0,0.0,2,88.5,91.5,2,82.5,87.0,0.0,0.0,0.0,0.0,94
2023-05-10 21:07:51,OI311P7200,OI311P7200,82.5,0.0,0.0,0.0,2,88.5,91.0,6,82.5,87.0,0.0,0.0,0.0,0.0,94
2023-05-10 21:08:06,OI311P7200,OI311P7200,82.5,0.0,0.0,0.0,2,88.5,91.0,8,82.5,87.0,0.0,0.0,0.0,0.0,94
2023-05-10 21:08:06,OI311P7200,OI311P7200,82.5,0.0,0.0,0.0,6,88.0,91.0,14,82.5,87.0,0.0,0.0,0.0,0.0,94
2023-05-10 21:08:07,OI311P7200,OI311P7200,82.5,0.0,0.0,0.0,2,87.5,91.0,8,82.5,87.0,0.0,0.0,0.0,0.0,94
2023-05-10 21:08:08,OI311P7200,OI311P7200,82.5,0.0,0.0,0.0,14,87.5,91.0,8,82.5,87.0,0.0,0.0,0.0,0.0,94
2023-05-10 21:08:08,OI311P7200,OI311P7200,82.5,0.0,0.0,0.0,2,87.5,91.0,2,82.5,87.0,0.0,0.0,0.0,0.0,94
2023-05-10 21:08:09,OI311P7200,OI311P7200,82.5,0.0,0.0,0.0,2,87.5,91.0,8,82.5,87.0,0.0,0.0,0.0,0.0,94
2023-05-10 21:08:09,OI311P7200,OI311P7200,82.5,0.0,0.0,0.0,2,87.5,91.0,14,82.5,87.0,0.0,0.0,0.0,0.0,94
2023-05-10 21:08:10,OI311P7200,OI311P7200,82.5,0.0,0.0,0.0,2,87.5,91.0,20,82.5,87.0,0.0,0.0,0.0,0.0,94
2023-05-10 21:08:12,OI311P7200,OI311P7200,82.5,0.0,0.0,0.0,8,88.0,91.0,14,82.5,87.0,0.0,0.0,0.0,0.0,94
2023-05-10 21:08:12,OI311P7200,OI311P7200,82.5,0.0,0.0,0.0,14,88.0,91.0,14,82.5,87.0,0.0,0.0,0.0,0.0,94
2023-05-10 21:08:13,OI311P7200,OI311P7200,82.5,0.0,0.0,0.0,14,88.0,90.5,6,82.5,87.0,0.0,0.0,0.0,0.0,94
2023-05-10 21:08:18,OI311P7200,OI311P7200,82.5,0.0,0.0,0.0,14,88.0,90.5,12,82.5,87.0,0.0,0.0,0.0,0.0,94
2023-05-10 21:08:18,OI311P7200,OI311P7200,82.5,0.0,0.0,0.0,14,88.0,90.5,18,82.5,87.0,0.0,0.0,0.0,0.0,94
2023-05-10 21:08:31,OI311P7200,OI311P7200,82.5,0.0,0.0,0.0,2,88.0,90.5,12,82.5,87.0,0.0,0.0,0.0,0.0,94
2023-05-10 21:08:31,OI311P7200,OI311P7200,82.5,0.0,0.0,0.0,2,88.0,90.5,18,82.5,87.0,0.0,0.0,0.0,0.0,94
2023-05-10 21:08:44,OI311P7200,OI311P7200,82.5,0.0,0.0,0.0,2,88.5,90.5,18,82.5,87.0,0.0,0.0,0.0,0.0,94
2023-05-10 21:10:05,OI311P7200,OI311P7200,82.5,0.0,0.0,0.0,2,88.5,89.5,6,82.5,87.0,0.0,0.0,0.0,0.0,94
2023-05-10 21:10:08,OI311P7200,OI311P7200,82.5,0.0,0.0,0.0,2,88.5,89.5,18,82.5,87.0,0.0,0.0,0.0,0.0,94
2023-05-10 21:10:15,OI311P7200,OI311P7200,82.5,0.0,0.0,0.0,2,88.5,89.0,6,82.5,87.0,0.0,0.0,0.0,0.0,94
2023-05-10 21:10:16,OI311P7200,OI311P7200,82.5,0.0,0.0,0.0,14,88.0,89.0,6,82.5,87.0,0.0,0.0,0.0,0.0,94
2023-05-10 21:10:17,OI311P7200,OI311P7200,82.5,0.0,0.0,0.0,2,88.0,89.0,6,82.5,87.0,0.0,0.0,0.0,0.0,94
2023-05-10 21:10:19,OI311P7200,OI311P7200,82.5,0.0,0.0,0.0,2,88.0,89.5,18,82.5,87.0,0.0,0.0,0.0,0.0,94
2023-05-10 21:10:19,OI311P7200,OI311P7200,82.5,0.0,0.0,0.0,2,88.0,89.5,24,82.5,87.0,0.0,0.0,0.0,0.0,94
2023-05-10 21:10:19,OI311P7200,OI311P7200,82.5,0.0,0.0,0.0,2,88.0,89.0,6,82.5,87.0,0.0,0.0,0.0,0.0,94
2023-05-10 21:10:25,OI311P7200,OI311P7200,82.5,0.0,0.0,0.0,2,88.0,89.5,18,82.5,87.0,0.0,0.0,0.0,0.0,94
2023-05-10 21:10:25,OI311P7200,OI311P7200,82.5,0.0,0.0,0.0,2,88.0,89.0,6,82.5,87.0,0.0,0.0,0.0,0.0,94
2023-05-10 21:10:26,OI311P7200,OI311P7200,82.5,0.0,0.0,0.0,2,88.0,89.5,18,82.5,87.0,0.0,0.0,0.0,0.0,94
2023-05-10 21:10:27,OI311P7200,OI311P7200,82.5,0.0,0.0,0.0,2,88.0,89.5,24,82.5,87.0,0.0,0.0,0.0,0.0,94
2023-05-10 21:10:27,OI311P7200,OI311P7200,82.5,0.0,0.0,0.0,2,88.0,89.5,18,82.5,87.0,0.0,0.0,0.0,0.0,94
2023-05-10 21:10:43,OI311P7200,OI311P7200,82.5,0.0,0.0,0.0,2,88.0,89.0,6,82.5,87.0,0.0,0.0,0.0,0.0,94
2023-05-10 21:10:45,OI311P7200,OI311P7200,82.5,0.0,0.0,0.0,2,88.0,89.5,12,82.5,87.0,0.0,0.0,0.0,0.0,94
2023-05-10 21:10:45,OI311P7200,OI311P7200,82.5,0.0,0.0,0.0,2,88.0,89.5,24,82.5,87.0,0.0,0.0,0.0,0.0,94
2023-05-10 21:10:45,OI311P7200,OI311P7200,82.5,0.0,0.0,0.0,2,88.0,89.0,6,82.5,87.0,0.0,0.0,0.0,0.0,94
2023-05-10 21:10:46,OI311P7200,OI311P7200,82.5,0.0,0.0,0.0,2,88.0,89.5,18,82.5,87.0,0.0,0.0,0.0,0.0,94
2023-05-10 21:10:46,OI311P7200,OI311P7200,82.5,0.0,0.0,0.0,2,88.0,89.5,24,82.5,87.0,0.0,0.0,0.0,0.0,94
2023-05-10 21:10:47,OI311P7200,OI311P7200,82.5,0.0,0.0,0.0,2,88.0,89.5,18,82.5,87.0,0.0,0.0,0.0,0.0,94
2023-05-10 21:10:50,OI311P7200,OI311P7200,82.5,0.0,0.0,0.0,2,88.0,89.5,12,82.5,87.0,0.0,0.0,0.0,0.0,94
2023-05-10 21:10:50,OI311P7200,OI311P7200,82.5,0.0,0.0,0.0,2,88.0,89.5,18,82.5,87.0,0.0,0.0,0.0,0.0,94
2023-05-10 21:10:54,OI311P7200,OI311P7200,82.5,0.0,0.0,0.0,2,88.0,89.5,12,82.5,87.0,0.0,0.0,0.0,0.0,94
2023-05-10 21:10:55,OI311P7200,OI311P7200,82.5,0.0,0.0,0.0,2,88.0,90.0,12,82.5,87.0,0.0,0.0,0.0,0.0,94
2023-05-10 21:10:55,OI311P7200,OI311P7200,82.5,0.0,0.0,0.0,2,88.0,89.5,6,82.5,87.0,0.0,0.0,0.0,0.0,94
2023-05-10 21:10:56,OI311P7200,OI311P7200,82.5,0.0,0.0,0.0,2,88.0,90.0,6,82.5,87.0,0.0,0.0,0.0,0.0,94
2023-05-10 21:10:56,OI311P7200,OI311P7200,82.5,0.0,0.0,0.0,2,88.0,90.0,12,82.5,87.0,0.0,0.0,0.0,0.0,94
2023-05-10 21:10:57,OI311P7200,OI311P7200,82.5,0.0,0.0,0.0,2,88.0,89.5,6,82.5,87.0,0.0,0.0,0.0,0.0,94
2023-05-10 21:10:57,OI311P7200,OI311P7200,82.5,0.0,0.0,0.0,2,88.0,90.0,6,82.5,87.0,0.0,0.0,0.0,0.0,94
2023-05-10 21:10:57,OI311P7200,OI311P7200,82.5,0.0,0.0,0.0,2,88.0,90.0,12,82.5,87.0,0.0,0.0,0.0,0.0,94
2023-05-10 21:10:58,OI311P7200,OI311P7200,82.5,0.0,0.0,0.0,2,88.0,90.0,18,82.5,87.0,0.0,0.0,0.0,0.0,94
2023-05-10 21:10:59,OI311P7200,OI311P7200,82.5,0.0,0.0,0.0,2,88.0,90.0,6,82.5,87.0,0.0,0.0,0.0,0.0,94
2023-05-10 21:11:09,OI311P7200,OI311P7200,82.5,0.0,0.0,0.0,2,88.0,89.5,12,82.5,87.0,0.0,0.0,0.0,0.0,94
2023-05-10 21:11:09,OI311P7200,OI311P7200,82.5,0.0,0.0,0.0,2,88.0,89.0,6,82.5,87.0,0.0,0.0,0.0,0.0,94
2023-05-10 21:11:12,OI311P7200,OI311P7200,82.5,0.0,0.0,0.0,2,88.0,89.5,18,82.5,87.0,0.0,0.0,0.0,0.0,94
2023-05-10 21:11:12,OI311P7200,OI311P7200,82.5,0.0,0.0,0.0,2,88.0,89.5,24,82.5,87.0,0.0,0.0,0.0,0.0,94
2023-05-10 21:11:13,OI311P7200,OI311P7200,82.5,0.0,0.0,0.0,2,88.0,89.5,18,82.5,87.0,0.0,0.0,0.0,0.0,94
2023-05-10 21:11:16,OI311P7200,OI311P7200,82.5,0.0,0.0,0.0,2,88.0,89.5,12,82.5,87.0,0.0,0.0,0.0,0.0,94
2023-05-10 21:11:16,OI311P7200,OI311P7200,82.5,0.0,0.0,0.0,2,88.0,89.5,6,82.5,87.0,0.0,0.0,0.0,0.0,94
2023-05-10 21:11:17,OI311P7200,OI311P7200,82.5,0.0,0.0,0.0,2,88.0,90.0,12,82.5,87.0,0.0,0.0,0.0,0.0,94
2023-05-10 21:11:17,OI311P7200,OI311P7200,82.5,0.0,0.0,0.0,2,88.0,89.5,6,82.5,87.0,0.0,0.0,0.0,0.0,94
2023-05-10 21:11:18,OI311P7200,OI311P7200,82.5,0.0,0.0,0.0,2,88.0,90.0,6,82.5,87.0,0.0,0.0,0.0,0.0,94
2023-05-10 21:11:31,OI311P7200,OI311P7200,82.5,0.0,0.0,0.0,2,88.0,90.0,18,82.5,87.0,0.0,0.0,0.0,0.0,94
2023-05-10 21:12:11,OI311P7200,OI311P7200,82.5,0.0,0.0,0.0,2,88.0,89.5,6,82.5,87.0,0.0,0.0,0.0,0.0,94
2023-05-10 21:12:12,OI311P7200,OI311P7200,82.5,0.0,0.0,0.0,2,88.0,90.0,24,82.5,87.0,0.0,0.0,0.0,0.0,94
2023-05-10 21:12:13,OI311P7200,OI311P7200,82.5,0.0,0.0,0.0,2,88.0,90.0,18,82.5,87.0,0.0,0.0,0.0,0.0,94
2023-05-10 21:12:14,OI311P7200,OI311P7200,82.5,0.0,0.0,0.0,2,88.0,89.5,6,82.5,87.0,0.0,0.0,0.0,0.0,94
2023-05-10 21:12:15,OI311P7200,OI311P7200,82.5,0.0,0.0,0.0,2,88.0,90.0,18,82.5,87.0,0.0,0.0,0.0,0.0,94
2023-05-10 21:12:15,OI311P7200,OI311P7200,82.5,0.0,0.0,0.0,2,88.0,90.0,24,82.5,87.0,0.0,0.0,0.0,0.0,94
2023-05-10 21:12:16,OI311P7200,OI311P7200,82.5,0.0,0.0,0.0,2,88.0,90.0,18,82.5,87.0,0.0,0.0,0.0,0.0,94
2023-05-10 21:12:20,OI311P7200,OI311P7200,82.5,0.0,0.0,0.0,2,88.5,90.5,20,82.5,87.0,0.0,0.0,0.0,0.0,94
2023-05-10 21:12:20,OI311P7200,OI311P7200,82.5,0.0,0.0,0.0,2,88.5,90.5,26,82.5,87.0,0.0,0.0,0.0,0.0,94
2023-05-10 21:12:21,OI311P7200,OI311P7200,82.5,0.0,0.0,0.0,2,88.5,90.5,20,82.5,87.0,0.0,0.0,0.0,0.0,94
2023-05-10 21:12:23,OI311P7200,OI311P7200,82.5,0.0,0.0,0.0,2,88.5,90.0,6,82.5,87.0,0.0,0.0,0.0,0.0,94
2023-05-10 21:12:24,OI311P7200,OI311P7200,82.5,0.0,0.0,0.0,2,88.5,90.5,26,82.5,87.0,0.0,0.0,0.0,0.0,94
2023-05-10 21:12:25,OI311P7200,OI311P7200,82.5,0.0,0.0,0.0,2,88.5,90.5,20,82.5,87.0,0.0,0.0,0.0,0.0,94
2023-05-10 21:12:29,OI311P7200,OI311P7200,82.5,0.0,0.0,0.0,2,88.5,90.5,14,82.5,87.0,0.0,0.0,0.0,0.0,94
2023-05-10 21:12:29,OI311P7200,OI311P7200,82.5,0.0,0.0,0.0,2,88.5,90.5,20,82.5,87.0,0.0,0.0,0.0,0.0,94
2023-05-10 21:12:31,OI311P7200,OI311P7200,82.5,0.0,0.0,0.0,2,88.5,90.0,6,82.5,87.0,0.0,0.0,0.0,0.0,94
2023-05-10 21:12:31,OI311P7200,OI311P7200,82.5,0.0,0.0,0.0,2,88.5,90.5,20,82.5,87.0,0.0,0.0,0.0,0.0,94
2023-05-10 21:12:31,OI311P7200,OI311P7200,82.5,0.0,0.0,0.0,2,88.5,90.5,26,82.5,87.0,0.0,0.0,0.0,0.0,94
2023-05-10 21:12:32,OI311P7200,OI311P7200,82.5,0.0,0.0,0.0,2,88.5,90.5,20,82.5,87.0,0.0,0.0,0.0,0.0,94
2023-05-10 21:12:35,OI311P7200,OI311P7200,82.5,0.0,0.0,0.0,2,88.5,90.0,6,82.5,87.0,0.0,0.0,0.0,0.0,94
2023-05-10 21:12:43,OI311P7200,OI311P7200,82.5,0.0,0.0,0.0,2,88.5,90.5,26,82.5,87.0,0.0,0.0,0.0,0.0,94
2023-05-10 21:12:43,OI311P7200,OI311P7200,82.5,0.0,0.0,0.0,2,88.5,90.5,20,82.5,87.0,0.0,0.0,0.0,0.0,94
2023-05-10 21:12:45,OI311P7200,OI311P7200,82.5,0.0,0.0,0.0,2,88.5,90.0,6,82.5,87.0,0.0,0.0,0.0,0.0,94
2023-05-10 21:12:51,OI311P7200,OI311P7200,82.5,0.0,0.0,0.0,2,88.5,90.5,26,82.5,87.0,0.0,0.0,0.0,0.0,94
2023-05-10 21:12:53,OI311P7200,OI311P7200,82.5,0.0,0.0,0.0,2,88.5,90.5,20,82.5,87.0,0.0,0.0,0.0,0.0,94
2023-05-10 21:12:55,OI311P7200,OI311P7200,82.5,0.0,0.0,0.0,2,88.5,90.0,6,82.5,87.0,0.0,0.0,0.0,0.0,94
2023-05-10 21:12:58,OI311P7200,OI311P7200,82.5,0.0,0.0,0.0,14,88.0,89.5,12,82.5,87.0,0.0,0.0,0.0,0.0,94
2023-05-10 21:12:58,OI311P7200,OI311P7200,82.5,0.0,0.0,0.0,14,88.0,89.5,18,82.5,87.0,0.0,0.0,0.0,0.0,94
2023-05-10 21:12:59,OI311P7200,OI311P7200,82.5,0.0,0.0,0.0,2,88.0,89.5,12,82.5,87.0,0.0,0.0,0.0,0.0,94
2023-05-10 21:12:59,OI311P7200,OI311P7200,82.5,0.0,0.0,0.0,2,88.0,89.5,18,82.5,87.0,0.0,0.0,0.0,0.0,94
2023-05-10 21:13:06,OI311P7200,OI311P7200,82.5,0.0,0.0,0.0,2,88.0,89.0,6,82.5,87.0,0.0,0.0,0.0,0.0,94
2023-05-10 21:13:08,OI311P7200,OI311P7200,82.5,0.0,0.0,0.0,6,87.5,89.0,6,82.5,87.0,0.0,0.0,0.0,0.0,94
2023-05-10 21:13:08,OI311P7200,OI311P7200,82.5,0.0,0.0,0.0,8,87.0,89.0,6,82.5,87.0,0.0,0.0,0.0,0.0,94
2023-05-10 21:13:09,OI311P7200,OI311P7200,82.5,0.0,0.0,0.0,14,87.0,89.0,6,82.5,87.0,0.0,0.0,0.0,0.0,94
2023-05-10 21:13:10,OI311P7200,OI311P7200,82.5,0.0,0.0,0.0,2,87.0,89.0,6,82.5,87.0,0.0,0.0,0.0,0.0,94
2023-05-10 21:13:14,OI311P7200,OI311P7200,82.5,0.0,0.0,0.0,8,87.0,89.0,6,82.5,87.0,0.0,0.0,0.0,0.0,94
2023-05-10 21:13:14,OI311P7200,OI311P7200,82.5,0.0,0.0,0.0,14,87.0,89.0,6,82.5,87.0,0.0,0.0,0.0,0.0,94
2023-05-10 21:13:15,OI311P7200,OI311P7200,82.5,0.0,0.0,0.0,2,87.5,89.5,30,82.5,87.0,0.0,0.0,0.0,0.0,94
2023-05-10 21:13:16,OI311P7200,OI311P7200,82.5,0.0,0.0,0.0,2,87.5,89.5,24,82.5,87.0,0.0,0.0,0.0,0.0,94
2023-05-10 21:13:18,OI311P7200,OI311P7200,82.5,0.0,0.0,0.0,2,87.5,89.5,18,82.5,87.0,0.0,0.0,0.0,0.0,94
2023-05-10 21:13:20,OI311P7200,OI311P7200,82.5,0.0,0.0,0.0,2,87.5,89.5,12,82.5,87.0,0.0,0.0,0.0,0.0,94
2023-05-10 21:13:20,OI311P7200,OI311P7200,82.5,0.0,0.0,0.0,2,87.5,89.5,6,82.5,87.0,0.0,0.0,0.0,0.0,94
2023-05-10 21:13:23,OI311P7200,OI311P7200,82.5,0.0,0.0,0.0,2,87.5,90.0,20,82.5,87.0,0.0,0.0,0.0,0.0,94
2023-05-10 21:13:23,OI311P7200,OI311P7200,82.5,0.0,0.0,0.0,2,87.5,89.5,6,82.5,87.0,0.0,0.0,0.0,0.0,94
2023-05-10 21:13:25,OI311P7200,OI311P7200,82.5,0.0,0.0,0.0,8,87.5,89.5,6,82.5,87.0,0.0,0.0,0.0,0.0,94
2023-05-10 21:13:25,OI311P7200,OI311P7200,82.5,0.0,0.0,0.0,14,87.5,89.5,6,82.5,87.0,0.0,0.0,0.0,0.0,94
2023-05-10 21:13:26,OI311P7200,OI311P7200,82.5,0.0,0.0,0.0,14,87.5,90.0,14,82.5,87.0,0.0,0.0,0.0,0.0,94
2023-05-10 21:13:26,OI311P7200,OI311P7200,82.5,0.0,0.0,0.0,14,87.5,89.5,6,82.5,87.0,0.0,0.0,0.0,0.0,94
2023-05-10 21:13:27,OI311P7200,OI311P7200,82.5,0.0,0.0,0.0,14,87.5,90.0,8,82.5,87.0,0.0,0.0,0.0,0.0,94
2023-05-10 21:13:27,OI311P7200,OI311P7200,82.5,0.0,0.0,0.0,14,87.5,90.0,20,82.5,87.0,0.0,0.0,0.0,0.0,94
2023-05-10 21:13:27,OI311P7200,OI311P7200,82.5,0.0,0.0,0.0,14,87.5,90.0,14,82.5,87.0,0.0,0.0,0.0,0.0,94
2023-05-10 21:13:28,OI311P7200,OI311P7200,82.5,0.0,0.0,0.0,2,88.0,90.0,14,82.5,87.0,0.0,0.0,0.0,0.0,94
2023-05-10 21:13:30,OI311P7200,OI311P7200,82.5,0.0,0.0,0.0,2,88.0,90.0,20,82.5,87.0,0.0,0.0,0.0,0.0,94
2023-05-10 21:13:48,OI311P7200,OI311P7200,82.5,0.0,0.0,0.0,2,88.0,89.5,12,82.5,87.0,0.0,0.0,0.0,0.0,94
2023-05-10 21:13:48,OI311P7200,OI311P7200,82.5,0.0,0.0,0.0,2,88.0,89.5,18,82.5,87.0,0.0,0.0,0.0,0.0,94
2023-05-10 21:13:51,OI311P7200,OI311P7200,82.5,0.0,0.0,0.0,2,88.0,89.0,6,82.5,87.0,0.0,0.0,0.0,0.0,94
2023-05-10 21:13:55,OI311P7200,OI311P7200,82.5,0.0,0.0,0.0,2,88.0,89.5,24,82.5,87.0,0.0,0.0,0.0,0.0,94
2023-05-10 21:13:56,OI311P7200,OI311P7200,82.5,0.0,0.0,0.0,2,88.0,89.0,6,82.5,87.0,0.0,0.0,0.0,0.0,94
2023-05-10 21:13:56,OI311P7200,OI311P7200,82.5,0.0,0.0,0.0,2,88.0,89.5,18,82.5,87.0,0.0,0.0,0.0,0.0,94
2023-05-10 21:13:56,OI311P7200,OI311P7200,82.5,0.0,0.0,0.0,2,88.0,89.5,30,82.5,87.0,0.0,0.0,0.0,0.0,94
2023-05-10 21:14:00,OI311P7200,OI311P7200,82.5,0.0,0.0,0.0,2,88.0,89.5,24,82.5,87.0,0.0,0.0,0.0,0.0,94
2023-05-10 21:14:03,OI311P7200,OI311P7200,82.5,0.0,0.0,0.0,8,87.5,89.0,6,82.5,87.0,0.0,0.0,0.0,0.0,94
2023-05-10 21:14:03,OI311P7200,OI311P7200,82.5,0.0,0.0,0.0,14,87.5,89.0,6,82.5,87.0,0.0,0.0,0.0,0.0,94
2023-05-10 21:14:04,OI311P7200,OI311P7200,82.5,0.0,0.0,0.0,2,87.5,89.0,12,82.5,87.0,0.0,0.0,0.0,0.0,94
2023-05-10 21:14:04,OI311P7200,OI311P7200,82.5,0.0,0.0,0.0,12,87.0,89.0,6,82.5,87.0,0.0,0.0,0.0,0.0,94
2023-05-10 21:14:05,OI311P7200,OI311P7200,82.5,0.0,0.0,0.0,12,87.0,88.5,6,82.5,87.0,0.0,0.0,0.0,0.0,94
2023-05-10 21:14:05,OI311P7200,OI311P7200,82.5,0.0,0.0,0.0,8,87.0,89.0,12,82.5,87.0,0.0,0.0,0.0,0.0,94
2023-05-10 21:14:05,OI311P7200,OI311P7200,82.5,0.0,0.0,0.0,14,87.0,89.0,24,82.5,87.0,0.0,0.0,0.0,0.0,94
2023-05-10 21:14:06,OI311P7200,OI311P7200,82.5,0.0,0.0,0.0,14,87.0,89.0,18,82.5,87.0,0.0,0.0,0.0,0.0,94
2023-05-10 21:14:11,OI311P7200,OI311P7200,82.5,0.0,0.0,0.0,14,87.0,88.5,6,82.5,87.0,0.0,0.0,0.0,0.0,94
2023-05-10 21:14:14,OI311P7200,OI311P7200,82.5,0.0,0.0,0.0,8,87.0,88.5,6,82.5,87.0,0.0,0.0,0.0,0.0,94
2023-05-10 21:14:14,OI311P7200,OI311P7200,82.5,0.0,0.0,0.0,2,87.0,88.5,6,82.5,87.0,0.0,0.0,0.0,0.0,94
2023-05-10 21:14:20,OI311P7200,OI311P7200,82.5,0.0,0.0,0.0,2,87.0,89.0,18,82.5,87.0,0.0,0.0,0.0,0.0,94
2023-05-10 21:14:21,OI311P7200,OI311P7200,82.5,0.0,0.0,0.0,2,87.0,89.0,6,82.5,87.0,0.0,0.0,0.0,0.0,94
2023-05-10 21:14:24,OI311P7200,OI311P7200,82.5,0.0,0.0,0.0,2,87.0,89.0,12,82.5,87.0,0.0,0.0,0.0,0.0,94
2023-05-10 21:14:25,OI311P7200,OI311P7200,82.5,0.0,0.0,0.0,2,87.0,89.0,18,82.5,87.0,0.0,0.0,0.0,0.0,94
2023-05-10 21:14:43,OI311P7200,OI311P7200,82.5,0.0,0.0,0.0,2,87.0,89.0,24,82.5,87.0,0.0,0.0,0.0,0.0,94
2023-05-10 21:15:07,OI311P7200,OI311P7200,82.5,0.0,0.0,0.0,2,87.0,89.0,18,82.5,87.0,0.0,0.0,0.0,0.0,94
2023-05-10 21:15:19,OI311P7200,OI311P7200,82.5,0.0,0.0,0.0,14,87.0,89.0,18,82.5,87.0,0.0,0.0,0.0,0.0,94
2023-05-10 21:15:28,OI311P7200,OI311P7200,82.5,0.0,0.0,0.0,14,87.0,89.0,12,82.5,87.0,0.0,0.0,0.0,0.0,94
2023-05-10 21:15:28,OI311P7200,OI311P7200,82.5,0.0,0.0,0.0,14,87.0,89.0,6,82.5,87.0,0.0,0.0,0.0,0.0,94
2023-05-10 21:15:30,OI311P7200,OI311P7200,82.5,0.0,0.0,0.0,12,87.0,89.0,6,82.5,87.0,0.0,0.0,0.0,0.0,94
2023-05-10 21:15:30,OI311P7200,OI311P7200,82.5,0.0,0.0,0.0,6,87.0,89.0,6,82.5,87.0,0.0,0.0,0.0,0.0,94
2023-05-10 21:15:32,OI311P7200,OI311P7200,86.5,12.0,1044.0,5.0,24,85.0,89.0,6,82.5,87.0,87.0,86.5,12.0,1044.0,99
2023-05-10 21:15:32,OI311P7200,OI311P7200,86.5,0.0,0.0,0.0,30,85.0,89.0,6,82.5,87.0,87.0,86.5,12.0,1044.0,99
2023-05-10 21:15:33,OI311P7200,OI311P7200,86.5,0.0,0.0,0.0,30,85.0,88.5,2,82.5,87.0,87.0,86.5,12.0,1044.0,99
2023-05-10 21:15:34,OI311P7200,OI311P7200,86.5,0.0,0.0,0.0,36,85.0,88.5,2,82.5,87.0,87.0,86.5,12.0,1044.0,99
2023-05-10 21:15:34,OI311P7200,OI311P7200,86.5,0.0,0.0,0.0,38,85.0,88.5,2,82.5,87.0,87.0,86.5,12.0,1044.0,99
2023-05-10 21:15:34,OI311P7200,OI311P7200,86.5,0.0,0.0,0.0,32,85.0,88.5,2,82.5,87.0,87.0,86.5,12.0,1044.0,99
2023-05-10 21:15:42,OI311P7200,OI311P7200,86.5,0.0,0.0,0.0,26,85.0,88.5,8,82.5,87.0,87.0,86.5,12.0,1044.0,99
2023-05-10 21:15:42,OI311P7200,OI311P7200,86.5,0.0,0.0,0.0,26,85.0,88.5,14,82.5,87.0,87.0,86.5,12.0,1044.0,99
2023-05-10 21:15:58,OI311P7200,OI311P7200,86.5,0.0,0.0,0.0,8,86.0,88.5,8,82.5,87.0,87.0,86.5,12.0,1044.0,99
2023-05-10 21:15:58,OI311P7200,OI311P7200,86.5,0.0,0.0,0.0,14,86.0,88.5,14,82.5,87.0,87.0,86.5,12.0,1044.0,99
2023-05-10 21:16:07,OI311P7200,OI311P7200,86.5,0.0,0.0,0.0,14,86.0,88.5,20,82.5,87.0,87.0,86.5,12.0,1044.0,99
2023-05-10 21:16:13,OI311P7200,OI311P7200,86.5,0.0,0.0,0.0,14,86.0,88.5,14,82.5,87.0,87.0,86.5,12.0,1044.0,99
2023-05-10 21:16:25,OI311P7200,OI311P7200,86.5,0.0,0.0,0.0,14,86.0,88.5,26,82.5,87.0,87.0,86.5,12.0,1044.0,99
2023-05-10 21:16:40,OI311P7200,OI311P7200,86.5,0.0,0.0,0.0,2,86.5,88.5,26,82.5,87.0,87.0,86.5,12.0,1044.0,99
2023-05-10 21:16:41,OI311P7200,OI311P7200,86.5,0.0,0.0,0.0,2,86.5,88.5,20,82.5,87.0,87.0,86.5,12.0,1044.0,99
2023-05-10 21:16:43,OI311P7200,OI311P7200,86.5,0.0,0.0,0.0,2,86.5,88.5,26,82.5,87.0,87.0,86.5,12.0,1044.0,99
2023-05-10 21:17:17,OI311P7200,OI311P7200,86.5,0.0,0.0,0.0,2,86.5,88.5,20,82.5,87.0,87.0,86.5,12.0,1044.0,99
2023-05-10 21:17:20,OI311P7200,OI311P7200,86.5,0.0,0.0,0.0,2,86.5,88.5,26,82.5,87.0,87.0,86.5,12.0,1044.0,99
2023-05-10 21:17:23,OI311P7200,OI311P7200,86.5,0.0,0.0,0.0,2,86.5,88.0,12,82.5,87.0,87.0,86.5,12.0,1044.0,99
2023-05-10 21:17:23,OI311P7200,OI311P7200,86.5,0.0,0.0,0.0,2,86.5,88.0,18,82.5,87.0,87.0,86.5,12.0,1044.0,99
2023-05-10 21:17:28,OI311P7200,OI311P7200,86.5,0.0,0.0,0.0,2,86.5,88.0,12,82.5,87.0,87.0,86.5,12.0,1044.0,99
2023-05-10 21:17:28,OI311P7200,OI311P7200,86.5,0.0,0.0,0.0,2,86.5,88.5,20,82.5,87.0,87.0,86.5,12.0,1044.0,99
2023-05-10 21:17:29,OI311P7200,OI311P7200,86.5,0.0,0.0,0.0,2,86.5,88.5,32,82.5,87.0,87.0,86.5,12.0,1044.0,99
2023-05-10 21:17:29,OI311P7200,OI311P7200,86.5,0.0,0.0,0.0,2,86.5,88.5,26,82.5,87.0,87.0,86.5,12.0,1044.0,99
2023-05-10 21:17:31,OI311P7200,OI311P7200,86.5,0.0,0.0,0.0,2,86.5,88.0,6,82.5,87.0,87.0,86.5,12.0,1044.0,99
2023-05-10 21:17:32,OI311P7200,OI311P7200,86.5,0.0,0.0,0.0,2,86.5,88.0,18,82.5,87.0,87.0,86.5,12.0,1044.0,99
2023-05-10 21:17:40,OI311P7200,OI311P7200,86.5,0.0,0.0,0.0,2,86.5,88.0,6,82.5,87.0,87.0,86.5,12.0,1044.0,99
2023-05-10 21:17:40,OI311P7200,OI311P7200,86.5,0.0,0.0,0.0,2,86.5,88.5,26,82.5,87.0,87.0,86.5,12.0,1044.0,99
2023-05-10 21:17:40,OI311P7200,OI311P7200,86.5,0.0,0.0,0.0,2,86.5,88.5,32,82.5,87.0,87.0,86.5,12.0,1044.0,99
2023-05-10 21:17:41,OI311P7200,OI311P7200,86.5,0.0,0.0,0.0,2,86.5,88.5,26,82.5,87.0,87.0,86.5,12.0,1044.0,99
2023-05-10 21:17:49,OI311P7200,OI311P7200,86.5,0.0,0.0,0.0,2,86.5,88.5,20,82.5,87.0,87.0,86.5,12.0,1044.0,99
2023-05-10 21:17:56,OI311P7200,OI311P7200,86.5,0.0,0.0,0.0,2,86.5,88.0,6,82.5,87.0,87.0,86.5,12.0,1044.0,99
2023-05-10 21:17:56,OI311P7200,OI311P7200,86.5,0.0,0.0,0.0,2,86.5,88.0,18,82.5,87.0,87.0,86.5,12.0,1044.0,99
2023-05-10 21:17:57,OI311P7200,OI311P7200,86.5,0.0,0.0,0.0,2,86.5,88.0,24,82.5,87.0,87.0,86.5,12.0,1044.0,99
2023-05-10 21:18:01,OI311P7200,OI311P7200,86.5,0.0,0.0,0.0,2,86.5,88.0,18,82.5,87.0,87.0,86.5,12.0,1044.0,99
2023-05-10 21:18:05,OI311P7200,OI311P7200,86.5,0.0,0.0,0.0,2,86.5,88.0,24,82.5,87.0,87.0,86.5,12.0,1044.0,99
2023-05-10 21:18:06,OI311P7200,OI311P7200,86.5,0.0,0.0,0.0,2,86.5,88.0,12,82.5,87.0,87.0,86.5,12.0,1044.0,99
2023-05-10 21:18:06,OI311P7200,OI311P7200,86.5,0.0,0.0,0.0,2,86.5,88.0,18,82.5,87.0,87.0,86.5,12.0,1044.0,99
2023-05-10 21:18:07,OI311P7200,OI311P7200,86.5,0.0,0.0,0.0,2,86.5,88.0,24,82.5,87.0,87.0,86.5,12.0,1044.0,99
2023-05-10 21:18:08,OI311P7200,OI311P7200,86.5,0.0,0.0,0.0,2,86.5,87.5,6,82.5,87.0,87.0,86.5,12.0,1044.0,99
2023-05-10 21:18:10,OI311P7200,OI311P7200,86.5,0.0,0.0,0.0,2,86.5,87.5,12,82.5,87.0,87.0,86.5,12.0,1044.0,99
2023-05-10 21:18:10,OI311P7200,OI311P7200,86.5,0.0,0.0,0.0,14,86.0,87.5,24,82.5,87.0,87.0,86.5,12.0,1044.0,99
2023-05-10 21:18:11,OI311P7200,OI311P7200,86.5,0.0,0.0,0.0,2,86.0,87.5,18,82.5,87.0,87.0,86.5,12.0,1044.0,99
2023-05-10 21:18:11,OI311P7200,OI311P7200,86.5,0.0,0.0,0.0,2,86.0,87.5,24,82.5,87.0,87.0,86.5,12.0,1044.0,99
2023-05-10 21:18:26,OI311P7200,OI311P7200,86.5,0.0,0.0,0.0,2,86.0,87.5,18,82.5,87.0,87.0,86.5,12.0,1044.0,99
2023-05-10 21:18:34,OI311P7200,OI311P7200,86.5,0.0,0.0,0.0,2,86.0,87.5,24,82.5,87.0,87.0,86.5,12.0,1044.0,99
2023-05-10 21:20:05,OI311P7200,OI311P7200,86.5,0.0,0.0,0.0,18,85.5,87.5,24,82.5,87.0,87.0,86.5,12.0,1044.0,99
2023-05-10 21:20:05,OI311P7200,OI311P7200,86.5,0.0,0.0,0.0,18,85.5,87.5,30,82.5,87.0,87.0,86.5,12.0,1044.0,99
2023-05-10 21:20:06,OI311P7200,OI311P7200,86.5,0.0,0.0,0.0,6,85.5,87.5,30,82.5,87.0,87.0,86.5,12.0,1044.0,99
2023-05-10 21:20:06,OI311P7200,OI311P7200,86.5,0.0,0.0,0.0,8,85.0,87.0,18,82.5,87.0,87.0,86.5,12.0,1044.0,99
2023-05-10 21:20:06,OI311P7200,OI311P7200,86.5,0.0,0.0,0.0,14,85.0,87.0,24,82.5,87.0,87.0,86.5,12.0,1044.0,99
2023-05-10 21:20:07,OI311P7200,OI311P7200,86.5,0.0,0.0,0.0,2,85.0,87.0,18,82.5,87.0,87.0,86.5,12.0,1044.0,99
2023-05-10 21:20:08,OI311P7200,OI311P7200,86.5,0.0,0.0,0.0,2,85.0,87.0,24,82.5,87.0,87.0,86.5,12.0,1044.0,99
2023-05-10 21:20:09,OI311P7200,OI311P7200,86.5,0.0,0.0,0.0,8,85.0,87.0,12,82.5,87.0,87.0,86.5,12.0,1044.0,99
2023-05-10 21:20:09,OI311P7200,OI311P7200,86.5,0.0,0.0,0.0,14,85.0,87.0,18,82.5,87.0,87.0,86.5,12.0,1044.0,99
2023-05-10 21:20:13,OI311P7200,OI311P7200,86.5,0.0,0.0,0.0,14,85.0,87.0,24,82.5,87.0,87.0,86.5,12.0,1044.0,99
2023-05-10 21:20:26,OI311P7200,OI311P7200,86.5,0.0,0.0,0.0,14,85.0,87.0,18,82.5,87.0,87.0,86.5,12.0,1044.0,99
2023-05-10 21:20:26,OI311P7200,OI311P7200,86.5,0.0,0.0,0.0,14,85.0,87.0,24,82.5,87.0,87.0,86.5,12.0,1044.0,99
2023-05-10 21:20:29,OI311P7200,OI311P7200,86.5,0.0,0.0,0.0,2,85.5,87.0,18,82.5,87.0,87.0,86.5,12.0,1044.0,99
2023-05-10 21:20:30,OI311P7200,OI311P7200,86.5,0.0,0.0,0.0,2,85.5,87.0,24,82.5,87.0,87.0,86.5,12.0,1044.0,99
2023-05-10 21:20:31,OI311P7200,OI311P7200,86.5,0.0,0.0,0.0,2,85.5,87.0,18,82.5,87.0,87.0,86.5,12.0,1044.0,99
2023-05-10 21:20:32,OI311P7200,OI311P7200,86.5,0.0,0.0,0.0,2,85.5,87.0,12,82.5,87.0,87.0,86.5,12.0,1044.0,99
2023-05-10 21:20:33,OI311P7200,OI311P7200,86.5,0.0,0.0,0.0,2,85.5,87.5,24,82.5,87.0,87.0,86.5,12.0,1044.0,99
2023-05-10 21:20:33,OI311P7200,OI311P7200,86.5,0.0,0.0,0.0,2,85.5,87.0,6,82.5,87.0,87.0,86.5,12.0,1044.0,99
2023-05-10 21:20:34,OI311P7200,OI311P7200,86.5,0.0,0.0,0.0,2,85.5,87.0,12,82.5,87.0,87.0,86.5,12.0,1044.0,99
2023-05-10 21:20:34,OI311P7200,OI311P7200,86.5,0.0,0.0,0.0,2,85.5,87.0,18,82.5,87.0,87.0,86.5,12.0,1044.0,99
2023-05-10 21:20:44,OI311P7200,OI311P7200,86.5,0.0,0.0,0.0,2,85.5,87.0,24,82.5,87.0,87.0,86.5,12.0,1044.0,99
2023-05-10 21:21:01,OI311P7200,OI311P7200,86.5,0.0,0.0,0.0,2,85.5,87.0,18,82.5,87.0,87.0,86.5,12.0,1044.0,99
2023-05-10 21:21:02,OI311P7200,OI311P7200,86.5,0.0,0.0,0.0,2,85.5,87.0,24,82.5,87.0,87.0,86.5,12.0,1044.0,99
2023-05-10 21:21:10,OI311P7200,OI311P7200,86.5,0.0,0.0,0.0,2,85.5,87.0,18,82.5,87.0,87.0,86.5,12.0,1044.0,99
2023-05-10 21:21:17,OI311P7200,OI311P7200,86.5,0.0,0.0,0.0,2,86.0,87.0,6,82.5,87.0,87.0,86.5,12.0,1044.0,99
2023-05-10 21:21:17,OI311P7200,OI311P7200,86.5,0.0,0.0,0.0,2,86.0,87.5,24,82.5,87.0,87.0,86.5,12.0,1044.0,99
2023-05-10 21:21:18,OI311P7200,OI311P7200,86.5,0.0,0.0,0.0,2,86.0,87.5,18,82.5,87.0,87.0,86.5,12.0,1044.0,99
2023-05-10 21:21:19,OI311P7200,OI311P7200,86.5,0.0,0.0,0.0,2,86.0,87.5,12,82.5,87.0,87.0,86.5,12.0,1044.0,99
2023-05-10 21:21:20,OI311P7200,OI311P7200,86.5,0.0,0.0,0.0,2,86.0,88.0,26,82.5,87.0,87.0,86.5,12.0,1044.0,99
2023-05-10 21:21:20,OI311P7200,OI311P7200,86.5,0.0,0.0,0.0,2,86.0,88.0,38,82.5,87.0,87.0,86.5,12.0,1044.0,99
2023-05-10 21:21:21,OI311P7200,OI311P7200,86.5,0.0,0.0,0.0,2,86.0,88.0,32,82.5,87.0,87.0,86.5,12.0,1044.0,99
2023-05-10 21:21:44,OI311P7200,OI311P7200,86.5,0.0,0.0,0.0,2,86.0,88.0,26,82.5,87.0,87.0,86.5,12.0,1044.0,99
2023-05-10 21:21:44,OI311P7200,OI311P7200,86.5,0.0,0.0,0.0,2,86.0,88.0,24,82.5,87.0,87.0,86.5,12.0,1044.0,99
2023-05-10 21:21:46,OI311P7200,OI311P7200,86.5,0.0,0.0,0.0,2,86.5,88.0,24,82.5,87.0,87.0,86.5,12.0,1044.0,99
2023-05-10 21:21:47,OI311P7200,OI311P7200,86.5,0.0,0.0,0.0,2,86.5,88.0,30,82.5,87.0,87.0,86.5,12.0,1044.0,99
2023-05-10 21:21:49,OI311P7200,OI311P7200,86.5,0.0,0.0,0.0,2,86.5,88.0,24,82.5,87.0,87.0,86.5,12.0,1044.0,99
2023-05-10 21:21:52,OI311P7200,OI311P7200,86.5,0.0,0.0,0.0,2,86.5,88.0,30,82.5,87.0,87.0,86.5,12.0,1044.0,99
2023-05-10 21:21:56,OI311P7200,OI311P7200,86.5,0.0,0.0,0.0,8,86.5,88.0,30,82.5,87.0,87.0,86.5,12.0,1044.0,99
2023-05-10 21:21:56,OI311P7200,OI311P7200,86.5,0.0,0.0,0.0,14,86.5,88.0,30,82.5,87.0,87.0,86.5,12.0,1044.0,99
2023-05-10 21:21:57,OI311P7200,OI311P7200,86.5,0.0,0.0,0.0,14,86.5,88.0,24,82.5,87.0,87.0,86.5,12.0,1044.0,99
2023-05-10 21:22:07,OI311P7200,OI311P7200,86.5,0.0,0.0,0.0,14,86.5,88.0,18,82.5,87.0,87.0,86.5,12.0,1044.0,99
2023-05-10 21:22:08,OI311P7200,OI311P7200,86.5,0.0,0.0,0.0,8,86.5,88.0,6,82.5,87.0,87.0,86.5,12.0,1044.0,99
2023-05-10 21:22:09,OI311P7200,OI311P7200,86.5,0.0,0.0,0.0,14,86.5,88.5,12,82.5,87.0,87.0,86.5,12.0,1044.0,99
2023-05-10 21:22:09,OI311P7200,OI311P7200,86.5,0.0,0.0,0.0,14,86.5,88.5,24,82.5,87.0,87.0,86.5,12.0,1044.0,99
2023-05-10 21:22:10,OI311P7200,OI311P7200,86.5,0.0,0.0,0.0,14,86.5,88.5,18,82.5,87.0,87.0,86.5,12.0,1044.0,99
2023-05-10 21:22:11,OI311P7200,OI311P7200,86.5,0.0,0.0,0.0,14,86.5,88.5,24,82.5,87.0,87.0,86.5,12.0,1044.0,99
2023-05-10 21:22:12,OI311P7200,OI311P7200,86.5,0.0,0.0,0.0,2,87.0,88.5,24,82.5,87.0,87.0,86.5,12.0,1044.0,99
2023-05-10 21:22:21,OI311P7200,OI311P7200,86.5,0.0,0.0,0.0,8,87.5,88.5,12,82.5,87.0,87.0,86.5,12.0,1044.0,99
2023-05-10 21:22:22,OI311P7200,OI311P7200,86.5,0.0,0.0,0.0,14,87.5,89.0,18,82.5,87.0,87.0,86.5,12.0,1044.0,99
2023-05-10 21:22:22,OI311P7200,OI311P7200,86.5,0.0,0.0,0.0,14,87.5,89.0,30,82.5,87.0,87.0,86.5,12.0,1044.0,99
2023-05-10 21:22:23,OI311P7200,OI311P7200,86.5,0.0,0.0,0.0,14,87.5,89.0,24,82.5,87.0,87.0,86.5,12.0,1044.0,99
2023-05-10 21:22:24,OI311P7200,OI311P7200,86.5,0.0,0.0,0.0,14,87.5,89.0,30,82.5,87.0,87.0,86.5,12.0,1044.0,99
2023-05-10 21:22:31,OI311P7200,OI311P7200,86.5,0.0,0.0,0.0,14,87.5,89.0,24,82.5,87.0,87.0,86.5,12.0,1044.0,99
2023-05-10 21:22:32,OI311P7200,OI311P7200,86.5,0.0,0.0,0.0,14,87.5,89.0,18,82.5,87.0,87.0,86.5,12.0,1044.0,99
2023-05-10 21:22:33,OI311P7200,OI311P7200,86.5,0.0,0.0,0.0,8,87.5,89.0,6,82.5,87.0,87.0,86.5,12.0,1044.0,99
2023-05-10 21:22:34,OI311P7200,OI311P7200,86.5,0.0,0.0,0.0,14,87.5,89.0,6,82.5,87.0,87.0,86.5,12.0,1044.0,99
2023-05-10 21:22:34,OI311P7200,OI311P7200,86.5,0.0,0.0,0.0,14,87.5,89.5,30,82.5,87.0,87.0,86.5,12.0,1044.0,99
2023-05-10 21:22:35,OI311P7200,OI311P7200,86.5,0.0,0.0,0.0,14,87.5,89.5,24,82.5,87.0,87.0,86.5,12.0,1044.0,99
2023-05-10 21:22:46,OI311P7200,OI311P7200,86.5,0.0,0.0,0.0,2,88.0,89.5,18,82.5,87.0,87.0,86.5,12.0,1044.0,99
2023-05-10 21:22:48,OI311P7200,OI311P7200,86.5,0.0,0.0,0.0,2,88.0,89.5,24,82.5,87.0,87.0,86.5,12.0,1044.0,99
2023-05-10 21:22:50,OI311P7200,OI311P7200,86.5,0.0,0.0,0.0,2,88.0,89.5,30,82.5,87.0,87.0,86.5,12.0,1044.0,99
2023-05-10 21:22:54,OI311P7200,OI311P7200,86.5,0.0,0.0,0.0,2,88.0,89.0,6,82.5,87.0,87.0,86.5,12.0,1044.0,99
2023-05-10 21:22:55,OI311P7200,OI311P7200,86.5,0.0,0.0,0.0,2,88.0,89.5,30,82.5,87.0,87.0,86.5,12.0,1044.0,99
2023-05-10 21:22:56,OI311P7200,OI311P7200,86.5,0.0,0.0,0.0,2,88.0,89.5,36,82.5,87.0,87.0,86.5,12.0,1044.0,99
2023-05-10 21:22:56,OI311P7200,OI311P7200,86.5,0.0,0.0,0.0,2,88.0,89.5,30,82.5,87.0,87.0,86.5,12.0,1044.0,99
2023-05-10 21:23:23,OI311P7200,OI311P7200,86.5,0.0,0.0,0.0,2,88.0,89.0,6,82.5,87.0,87.0,86.5,12.0,1044.0,99
2023-05-10 21:23:25,OI311P7200,OI311P7200,86.5,0.0,0.0,0.0,2,88.0,89.0,18,82.5,87.0,87.0,86.5,12.0,1044.0,99
2023-05-10 21:23:45,OI311P7200,OI311P7200,86.5,0.0,0.0,0.0,14,87.5,89.0,18,82.5,87.0,87.0,86.5,12.0,1044.0,99
2023-05-10 21:23:45,OI311P7200,OI311P7200,86.5,0.0,0.0,0.0,14,87.5,89.0,24,82.5,87.0,87.0,86.5,12.0,1044.0,99
2023-05-10 21:23:46,OI311P7200,OI311P7200,86.5,0.0,0.0,0.0,2,87.5,89.0,18,82.5,87.0,87.0,86.5,12.0,1044.0,99
2023-05-10 21:23:46,OI311P7200,OI311P7200,86.5,0.0,0.0,0.0,2,87.5,88.5,6,82.5,87.0,87.0,86.5,12.0,1044.0,99
2023-05-10 21:23:52,OI311P7200,OI311P7200,86.5,0.0,0.0,0.0,2,87.5,88.5,12,82.5,87.0,87.0,86.5,12.0,1044.0,99
2023-05-10 21:23:52,OI311P7200,OI311P7200,86.5,0.0,0.0,0.0,2,87.5,88.5,18,82.5,87.0,87.0,86.5,12.0,1044.0,99
2023-05-10 21:24:02,OI311P7200,OI311P7200,86.5,0.0,0.0,0.0,12,87.0,88.5,24,82.5,87.0,87.0,86.5,12.0,1044.0,99
2023-05-10 21:24:03,OI311P7200,OI311P7200,86.5,0.0,0.0,0.0,6,87.0,88.5,24,82.5,87.0,87.0,86.5,12.0,1044.0,99
2023-05-10 21:24:03,OI311P7200,OI311P7200,86.5,0.0,0.0,0.0,26,86.5,88.5,24,82.5,87.0,87.0,86.5,12.0,1044.0,99
2023-05-10 21:24:05,OI311P7200,OI311P7200,86.5,0.0,0.0,0.0,20,86.5,88.0,6,82.5,87.0,87.0,86.5,12.0,1044.0,99
2023-05-10 21:24:05,OI311P7200,OI311P7200,86.5,0.0,0.0,0.0,14,86.5,88.0,24,82.5,87.0,87.0,86.5,12.0,1044.0,99
2023-05-10 21:24:06,OI311P7200,OI311P7200,86.5,0.0,0.0,0.0,14,86.5,88.0,18,82.5,87.0,87.0,86.5,12.0,1044.0,99
2023-05-10 21:24:07,OI311P7200,OI311P7200,86.5,0.0,0.0,0.0,8,86.5,88.0,24,82.5,87.0,87.0,86.5,12.0,1044.0,99
2023-05-10 21:24:07,OI311P7200,OI311P7200,86.5,0.0,0.0,0.0,2,86.5,88.0,24,82.5,87.0,87.0,86.5,12.0,1044.0,99
2023-05-10 21:24:09,OI311P7200,OI311P7200,86.5,0.0,0.0,0.0,2,86.5,88.0,18,82.5,87.0,87.0,86.5,12.0,1044.0,99
2023-05-10 21:24:11,OI311P7200,OI311P7200,86.5,0.0,0.0,0.0,2,86.5,88.0,24,82.5,87.0,87.0,86.5,12.0,1044.0,99
2023-05-10 21:24:17,OI311P7200,OI311P7200,86.5,0.0,0.0,0.0,2,86.5,88.0,18,82.5,87.0,87.0,86.5,12.0,1044.0,99
2023-05-10 21:24:25,OI311P7200,OI311P7200,86.5,0.0,0.0,0.0,2,86.5,88.0,24,82.5,87.0,87.0,86.5,12.0,1044.0,99
2023-05-10 21:24:28,OI311P7200,OI311P7200,86.5,0.0,0.0,0.0,2,86.5,88.0,18,82.5,87.0,87.0,86.5,12.0,1044.0,99
2023-05-10 21:24:31,OI311P7200,OI311P7200,86.5,0.0,0.0,0.0,2,86.5,88.0,24,82.5,87.0,87.0,86.5,12.0,1044.0,99
2023-05-10 21:24:33,OI311P7200,OI311P7200,86.5,0.0,0.0,0.0,2,86.5,88.0,18,82.5,87.0,87.0,86.5,12.0,1044.0,99
2023-05-10 21:24:59,OI311P7200,OI311P7200,86.5,0.0,0.0,0.0,2,86.5,88.0,24,82.5,87.0,87.0,86.5,12.0,1044.0,99
2023-05-10 21:25:02,OI311P7200,OI311P7200,86.5,0.0,0.0,0.0,2,86.5,88.0,18,82.5,87.0,87.0,86.5,12.0,1044.0,99
2023-05-10 21:25:02,OI311P7200,OI311P7200,86.5,0.0,0.0,0.0,2,86.5,88.0,24,82.5,87.0,87.0,86.5,12.0,1044.0,99
2023-05-10 21:25:07,OI311P7200,OI311P7200,86.5,0.0,0.0,0.0,2,86.5,88.0,18,82.5,87.0,87.0,86.5,12.0,1044.0,99
2023-05-10 21:25:08,OI311P7200,OI311P7200,86.5,0.0,0.0,0.0,2,86.5,88.0,24,82.5,87.0,87.0,86.5,12.0,1044.0,99
2023-05-10 21:25:08,OI311P7200,OI311P7200,86.5,0.0,0.0,0.0,2,86.5,87.5,6,82.5,87.0,87.0,86.5,12.0,1044.0,99
2023-05-10 21:25:09,OI311P7200,OI311P7200,86.5,0.0,0.0,0.0,2,86.5,87.5,18,82.5,87.0,87.0,86.5,12.0,1044.0,99
2023-05-10 21:25:17,OI311P7200,OI311P7200,86.5,0.0,0.0,0.0,18,86.0,87.5,18,82.5,87.0,87.0,86.5,12.0,1044.0,99
2023-05-10 21:25:17,OI311P7200,OI311P7200,86.5,0.0,0.0,0.0,18,86.0,87.5,24,82.5,87.0,87.0,86.5,12.0,1044.0,99
2023-05-10 21:25:18,OI311P7200,OI311P7200,86.5,0.0,0.0,0.0,6,86.0,87.5,18,82.5,87.0,87.0,86.5,12.0,1044.0,99
2023-05-10 21:25:18,OI311P7200,OI311P7200,86.5,0.0,0.0,0.0,6,86.0,87.5,24,82.5,87.0,87.0,86.5,12.0,1044.0,99
2023-05-10 21:25:25,OI311P7200,OI311P7200,86.5,0.0,0.0,0.0,6,86.0,87.5,18,82.5,87.0,87.0,86.5,12.0,1044.0,99
2023-05-10 21:25:30,OI311P7200,OI311P7200,86.5,0.0,0.0,0.0,14,86.0,87.5,18,82.5,87.0,87.0,86.5,12.0,1044.0,99
2023-05-10 21:25:32,OI311P7200,OI311P7200,86.5,0.0,0.0,0.0,14,86.0,87.5,24,82.5,87.0,87.0,86.5,12.0,1044.0,99
2023-05-10 21:25:33,OI311P7200,OI311P7200,86.5,0.0,0.0,0.0,8,86.0,87.5,24,82.5,87.0,87.0,86.5,12.0,1044.0,99
2023-05-10 21:25:33,OI311P7200,OI311P7200,86.5,0.0,0.0,0.0,2,86.0,87.5,24,82.5,87.0,87.0,86.5,12.0,1044.0,99
2023-05-10 21:25:42,OI311P7200,OI311P7200,86.5,0.0,0.0,0.0,2,86.0,87.5,18,82.5,87.0,87.0,86.5,12.0,1044.0,99
2023-05-10 21:25:50,OI311P7200,OI311P7200,86.5,0.0,0.0,0.0,2,86.0,87.5,12,82.5,87.0,87.0,86.5,12.0,1044.0,99
2023-05-10 21:25:51,OI311P7200,OI311P7200,86.5,0.0,0.0,0.0,2,86.0,88.0,18,82.5,87.0,87.0,86.5,12.0,1044.0,99
2023-05-10 21:25:51,OI311P7200,OI311P7200,86.5,0.0,0.0,0.0,2,86.0,88.0,30,82.5,87.0,87.0,86.5,12.0,1044.0,99
2023-05-10 21:25:52,OI311P7200,OI311P7200,86.5,0.0,0.0,0.0,2,86.0,88.0,24,82.5,87.0,87.0,86.5,12.0,1044.0,99
2023-05-10 21:26:05,OI311P7200,OI311P7200,86.5,0.0,0.0,0.0,2,86.0,87.5,12,82.5,87.0,87.0,86.5,12.0,1044.0,99
2023-05-10 21:26:05,OI311P7200,OI311P7200,86.5,0.0,0.0,0.0,2,86.0,87.5,18,82.5,87.0,87.0,86.5,12.0,1044.0,99
2023-05-10 21:26:10,OI311P7200,OI311P7200,86.5,0.0,0.0,0.0,2,86.0,87.5,12,82.5,87.0,87.0,86.5,12.0,1044.0,99
2023-05-10 21:26:10,OI311P7200,OI311P7200,86.5,0.0,0.0,0.0,2,86.0,88.0,24,82.5,87.0,87.0,86.5,12.0,1044.0,99
2023-05-10 21:26:11,OI311P7200,OI311P7200,86.5,0.0,0.0,0.0,2,86.0,88.0,36,82.5,87.0,87.0,86.5,12.0,1044.0,99
2023-05-10 21:26:12,OI311P7200,OI311P7200,86.5,0.0,0.0,0.0,2,86.0,88.0,30,82.5,87.0,87.0,86.5,12.0,1044.0,99
2023-05-10 21:26:46,OI311P7200,OI311P7200,86.5,0.0,0.0,0.0,8,86.0,88.0,30,82.5,87.0,87.0,86.5,12.0,1044.0,99
2023-05-10 21:26:47,OI311P7200,OI311P7200,86.5,0.0,0.0,0.0,14,86.0,88.0,30,82.5,87.0,87.0,86.5,12.0,1044.0,99
2023-05-10 21:26:52,OI311P7200,OI311P7200,86.5,0.0,0.0,0.0,14,86.0,87.5,6,82.5,87.0,87.0,86.5,12.0,1044.0,99
2023-05-10 21:26:52,OI311P7200,OI311P7200,86.5,0.0,0.0,0.0,14,86.0,87.5,18,82.5,87.0,87.0,86.5,12.0,1044.0,99
2023-05-10 21:26:54,OI311P7200,OI311P7200,86.5,0.0,0.0,0.0,14,86.0,87.5,12,82.5,87.0,87.0,86.5,12.0,1044.0,99
2023-05-10 21:26:55,OI311P7200,OI311P7200,86.5,0.0,0.0,0.0,14,86.0,88.0,24,82.5,87.0,87.0,86.5,12.0,1044.0,99
2023-05-10 21:26:55,OI311P7200,OI311P7200,86.5,0.0,0.0,0.0,14,86.0,88.0,36,82.5,87.0,87.0,86.5,12.0,1044.0,99
2023-05-10 21:26:56,OI311P7200,OI311P7200,86.5,0.0,0.0,0.0,14,86.0,88.0,30,82.5,87.0,87.0,86.5,12.0,1044.0,99
2023-05-10 21:26:59,OI311P7200,OI311P7200,86.5,0.0,0.0,0.0,14,86.0,87.5,6,82.5,87.0,87.0,86.5,12.0,1044.0,99
2023-05-10 21:26:59,OI311P7200,OI311P7200,86.5,0.0,0.0,0.0,14,86.0,87.5,12,82.5,87.0,87.0,86.5,12.0,1044.0,99
2023-05-10 21:27:00,OI311P7200,OI311P7200,86.5,0.0,0.0,0.0,14,86.0,88.0,24,82.5,87.0,87.0,86.5,12.0,1044.0,99
2023-05-10 21:27:00,OI311P7200,OI311P7200,86.5,0.0,0.0,0.0,14,86.0,88.0,36,82.5,87.0,87.0,86.5,12.0,1044.0,99
2023-05-10 21:27:01,OI311P7200,OI311P7200,86.5,0.0,0.0,0.0,14,86.0,88.0,30,82.5,87.0,87.0,86.5,12.0,1044.0,99
2023-05-10 21:27:02,OI311P7200,OI311P7200,86.5,0.0,0.0,0.0,14,86.0,87.5,6,82.5,87.0,87.0,86.5,12.0,1044.0,99
2023-05-10 21:27:02,OI311P7200,OI311P7200,86.5,0.0,0.0,0.0,14,86.0,87.5,18,82.5,87.0,87.0,86.5,12.0,1044.0,99
2023-05-10 21:27:03,OI311P7200,OI311P7200,86.5,0.0,0.0,0.0,2,86.0,87.5,12,82.5,87.0,87.0,86.5,12.0,1044.0,99
2023-05-10 21:27:03,OI311P7200,OI311P7200,86.5,0.0,0.0,0.0,2,86.0,87.5,18,82.5,87.0,87.0,86.5,12.0,1044.0,99
2023-05-10 21:27:07,OI311P7200,OI311P7200,86.5,0.0,0.0,0.0,2,86.0,87.5,12,82.5,87.0,87.0,86.5,12.0,1044.0,99
2023-05-10 21:27:07,OI311P7200,OI311P7200,86.5,0.0,0.0,0.0,2,86.0,88.0,24,82.5,87.0,87.0,86.5,12.0,1044.0,99
2023-05-10 21:27:08,OI311P7200,OI311P7200,86.5,0.0,0.0,0.0,2,86.0,88.0,36,82.5,87.0,87.0,86.5,12.0,1044.0,99
2023-05-10 21:27:08,OI311P7200,OI311P7200,86.5,0.0,0.0,0.0,2,86.0,88.0,30,82.5,87.0,87.0,86.5,12.0,1044.0,99
2023-05-10 21:27:21,OI311P7200,OI311P7200,86.5,0.0,0.0,0.0,14,86.0,88.0,30,82.5,87.0,87.0,86.5,12.0,1044.0,99
2023-05-10 21:27:24,OI311P7200,OI311P7200,86.5,0.0,0.0,0.0,14,86.0,88.0,24,82.5,87.0,87.0,86.5,12.0,1044.0,99
2023-05-10 21:27:32,OI311P7200,OI311P7200,86.5,0.0,0.0,0.0,14,86.0,88.0,30,82.5,87.0,87.0,86.5,12.0,1044.0,99
2023-05-10 21:27:34,OI311P7200,OI311P7200,86.5,0.0,0.0,0.0,14,86.0,88.0,24,82.5,87.0,87.0,86.5,12.0,1044.0,99
2023-05-10 21:27:36,OI311P7200,OI311P7200,86.5,0.0,0.0,0.0,14,86.0,88.0,30,82.5,87.0,87.0,86.5,12.0,1044.0,99
2023-05-10 21:27:37,OI311P7200,OI311P7200,86.5,0.0,0.0,0.0,14,86.0,88.0,24,82.5,87.0,87.0,86.5,12.0,1044.0,99
2023-05-10 21:27:37,OI311P7200,OI311P7200,86.5,0.0,0.0,0.0,14,86.0,88.0,30,82.5,87.0,87.0,86.5,12.0,1044.0,99
2023-05-10 21:27:45,OI311P7200,OI311P7200,86.5,0.0,0.0,0.0,14,86.0,87.5,12,82.5,87.0,87.0,86.5,12.0,1044.0,99
2023-05-10 21:27:46,OI311P7200,OI311P7200,86.5,0.0,0.0,0.0,14,86.0,87.5,18,82.5,87.0,87.0,86.5,12.0,1044.0,99
2023-05-10 21:27:51,OI311P7200,OI311P7200,86.5,0.0,0.0,0.0,14,86.0,87.5,24,82.5,87.0,87.0,86.5,12.0,1044.0,99
2023-05-10 21:27:54,OI311P7200,OI311P7200,86.5,0.0,0.0,0.0,2,86.0,87.5,18,82.5,87.0,87.0,86.5,12.0,1044.0,99
2023-05-10 21:27:55,OI311P7200,OI311P7200,86.5,0.0,0.0,0.0,2,86.0,87.5,24,82.5,87.0,87.0,86.5,12.0,1044.0,99
2023-05-10 21:28:04,OI311P7200,OI311P7200,86.5,0.0,0.0,0.0,2,86.0,87.5,30,82.5,87.0,87.0,86.5,12.0,1044.0,99
2023-05-10 21:28:04,OI311P7200,OI311P7200,86.5,0.0,0.0,0.0,14,85.5,87.5,30,82.5,87.0,87.0,86.5,12.0,1044.0,99
2023-05-10 21:28:05,OI311P7200,OI311P7200,86.5,0.0,0.0,0.0,14,85.5,87.0,6,82.5,87.0,87.0,86.5,12.0,1044.0,99
2023-05-10 21:28:05,OI311P7200,OI311P7200,86.5,0.0,0.0,0.0,8,85.5,87.0,24,82.5,87.0,87.0,86.5,12.0,1044.0,99
2023-05-10 21:28:06,OI311P7200,OI311P7200,86.5,0.0,0.0,0.0,2,85.5,87.0,24,82.5,87.0,87.0,86.5,12.0,1044.0,99
2023-05-10 21:29:03,OI311P7200,OI311P7200,86.5,0.0,0.0,0.0,2,85.5,87.0,18,82.5,87.0,87.0,86.5,12.0,1044.0,99
2023-05-10 21:29:04,OI311P7200,OI311P7200,86.5,0.0,0.0,0.0,2,85.5,87.0,12,82.5,87.0,87.0,86.5,12.0,1044.0,99
2023-05-10 21:29:05,OI311P7200,OI311P7200,86.5,0.0,0.0,0.0,2,85.5,87.0,6,82.5,87.0,87.0,86.5,12.0,1044.0,99
2023-05-10 21:29:10,OI311P7200,OI311P7200,86.5,0.0,0.0,0.0,2,85.5,87.0,18,82.5,87.0,87.0,86.5,12.0,1044.0,99
2023-05-10 21:29:13,OI311P7200,OI311P7200,86.5,0.0,0.0,0.0,2,85.5,87.0,6,82.5,87.0,87.0,86.5,12.0,1044.0,99
2023-05-10 21:29:25,OI311P7200,OI311P7200,86.5,0.0,0.0,0.0,2,85.5,87.5,6,82.5,87.0,87.0,86.5,12.0,1044.0,99
2023-05-10 21:29:28,OI311P7200,OI311P7200,86.5,0.0,0.0,0.0,2,85.5,88.0,26,82.5,87.0,87.0,86.5,12.0,1044.0,99
2023-05-10 21:29:40,OI311P7200,OI311P7200,86.5,0.0,0.0,0.0,2,85.5,88.0,32,82.5,87.0,87.0,86.5,12.0,1044.0,99
2023-05-10 21:29:51,OI311P7200,OI311P7200,86.5,0.0,0.0,0.0,2,86.0,88.0,32,82.5,87.0,87.0,86.5,12.0,1044.0,99
2023-05-10 21:30:02,OI311P7200,OI311P7200,86.5,0.0,0.0,0.0,2,86.0,88.0,26,82.5,87.0,87.0,86.5,12.0,1044.0,99
2023-05-10 21:30:04,OI311P7200,OI311P7200,86.5,0.0,0.0,0.0,2,86.0,87.5,6,82.5,87.0,87.0,86.5,12.0,1044.0,99
2023-05-10 21:30:05,OI311P7200,OI311P7200,86.5,0.0,0.0,0.0,2,86.0,87.5,18,82.5,87.0,87.0,86.5,12.0,1044.0,99
2023-05-10 21:30:05,OI311P7200,OI311P7200,86.5,0.0,0.0,0.0,2,86.0,87.5,12,82.5,87.0,87.0,86.5,12.0,1044.0,99
2023-05-10 21:30:05,OI311P7200,OI311P7200,86.5,0.0,0.0,0.0,2,86.0,87.5,6,82.5,87.0,87.0,86.5,12.0,1044.0,99
2023-05-10 21:30:07,OI311P7200,OI311P7200,86.5,0.0,0.0,0.0,2,86.0,87.5,18,82.5,87.0,87.0,86.5,12.0,1044.0,99
2023-05-10 21:30:07,OI311P7200,OI311P7200,86.5,0.0,0.0,0.0,14,85.5,87.5,18,82.5,87.0,87.0,86.5,12.0,1044.0,99
2023-05-10 21:30:08,OI311P7200,OI311P7200,86.5,0.0,0.0,0.0,2,85.5,87.0,6,82.5,87.0,87.0,86.5,12.0,1044.0,99
2023-05-10 21:30:12,OI311P7200,OI311P7200,86.5,0.0,0.0,0.0,2,85.5,87.5,18,82.5,87.0,87.0,86.5,12.0,1044.0,99
2023-05-10 21:30:12,OI311P7200,OI311P7200,86.5,0.0,0.0,0.0,2,85.5,87.5,24,82.5,87.0,87.0,86.5,12.0,1044.0,99
2023-05-10 21:30:21,OI311P7200,OI311P7200,86.5,0.0,0.0,0.0,2,85.5,87.5,18,82.5,87.0,87.0,86.5,12.0,1044.0,99
2023-05-10 21:30:22,OI311P7200,OI311P7200,86.5,0.0,0.0,0.0,2,85.5,87.5,6,82.5,87.0,87.0,86.5,12.0,1044.0,99
2023-05-10 21:30:22,OI311P7200,OI311P7200,86.5,0.0,0.0,0.0,2,85.5,87.5,12,82.5,87.0,87.0,86.5,12.0,1044.0,99
2023-05-10 21:30:23,OI311P7200,OI311P7200,86.5,0.0,0.0,0.0,2,86.0,87.5,18,82.5,87.0,87.0,86.5,12.0,1044.0,99
2023-05-10 21:30:23,OI311P7200,OI311P7200,86.5,0.0,0.0,0.0,8,86.0,87.5,12,82.5,87.0,87.0,86.5,12.0,1044.0,99
2023-05-10 21:30:24,OI311P7200,OI311P7200,86.5,0.0,0.0,0.0,14,86.0,87.5,18,82.5,87.0,87.0,86.5,12.0,1044.0,99
2023-05-10 21:30:25,OI311P7200,OI311P7200,86.5,0.0,0.0,0.0,8,86.0,87.5,6,82.5,87.0,87.0,86.5,12.0,1044.0,99
2023-05-10 21:30:25,OI311P7200,OI311P7200,86.5,0.0,0.0,0.0,14,86.0,87.5,6,82.5,87.0,87.0,86.5,12.0,1044.0,99
2023-05-10 21:30:33,OI311P7200,OI311P7200,86.5,0.0,0.0,0.0,14,86.0,87.5,12,82.5,87.0,87.0,86.5,12.0,1044.0,99
2023-05-10 21:30:33,OI311P7200,OI311P7200,86.5,0.0,0.0,0.0,14,86.0,87.5,18,82.5,87.0,87.0,86.5,12.0,1044.0,99
2023-05-10 21:30:35,OI311P7200,OI311P7200,86.5,0.0,0.0,0.0,8,86.0,87.5,6,82.5,87.0,87.0,86.5,12.0,1044.0,99
2023-05-10 21:30:35,OI311P7200,OI311P7200,86.5,0.0,0.0,0.0,14,86.0,87.5,6,82.5,87.0,87.0,86.5,12.0,1044.0,99
2023-05-10 21:30:51,OI311P7200,OI311P7200,86.5,0.0,0.0,0.0,14,86.0,87.5,12,82.5,87.0,87.0,86.5,12.0,1044.0,99
2023-05-10 21:30:52,OI311P7200,OI311P7200,86.5,0.0,0.0,0.0,14,86.0,87.5,18,82.5,87.0,87.0,86.5,12.0,1044.0,99
2023-05-10 21:30:56,OI311P7200,OI311P7200,86.5,0.0,0.0,0.0,2,86.0,87.5,12,82.5,87.0,87.0,86.5,12.0,1044.0,99
2023-05-10 21:30:57,OI311P7200,OI311P7200,86.5,0.0,0.0,0.0,2,86.0,87.5,18,82.5,87.0,87.0,86.5,12.0,1044.0,99
2023-05-10 21:30:59,OI311P7200,OI311P7200,86.5,0.0,0.0,0.0,2,86.0,87.0,6,82.5,87.0,87.0,86.5,12.0,1044.0,99
2023-05-10 21:31:00,OI311P7200,OI311P7200,86.5,0.0,0.0,0.0,8,85.5,87.0,12,82.5,87.0,87.0,86.5,12.0,1044.0,99
2023-05-10 21:31:00,OI311P7200,OI311P7200,86.5,0.0,0.0,0.0,14,85.5,87.0,18,82.5,87.0,87.0,86.5,12.0,1044.0,99
2023-05-10 21:31:00,OI311P7200,OI311P7200,86.5,0.0,0.0,0.0,2,85.5,87.0,12,82.5,87.0,87.0,86.5,12.0,1044.0,99
2023-05-10 21:31:01,OI311P7200,OI311P7200,86.5,0.0,0.0,0.0,2,85.5,87.0,18,82.5,87.0,87.0,86.5,12.0,1044.0,99
2023-05-10 21:31:06,OI311P7200,OI311P7200,86.5,0.0,0.0,0.0,18,85.0,87.0,18,82.5,87.0,87.0,86.5,12.0,1044.0,99
2023-05-10 21:31:07,OI311P7200,OI311P7200,86.5,0.0,0.0,0.0,18,85.0,87.0,24,82.5,87.0,87.0,86.5,12.0,1044.0,99
2023-05-10 21:31:08,OI311P7200,OI311P7200,86.5,0.0,0.0,0.0,6,85.0,87.0,18,82.5,87.0,87.0,86.5,12.0,1044.0,99
2023-05-10 21:31:09,OI311P7200,OI311P7200,86.5,0.0,0.0,0.0,14,84.5,86.5,18,82.5,87.0,87.0,86.5,12.0,1044.0,99
2023-05-10 21:31:09,OI311P7200,OI311P7200,86.5,0.0,0.0,0.0,14,84.5,86.5,24,82.5,87.0,87.0,86.5,12.0,1044.0,99
2023-05-10 21:31:10,OI311P7200,OI311P7200,86.5,0.0,0.0,0.0,6,84.5,86.5,24,82.5,87.0,87.0,86.5,12.0,1044.0,99
2023-05-10 21:31:11,OI311P7200,OI311P7200,86.5,0.0,0.0,0.0,18,83.0,86.5,18,82.5,87.0,87.0,86.5,12.0,1044.0,99
2023-05-10 21:31:11,OI311P7200,OI311P7200,86.5,0.0,0.0,0.0,6,83.0,86.5,18,82.5,87.0,87.0,86.5,12.0,1044.0,99
2023-05-10 21:31:11,OI311P7200,OI311P7200,86.5,0.0,0.0,0.0,18,83.0,86.5,18,82.5,87.0,87.0,86.5,12.0,1044.0,99
2023-05-10 21:31:12,OI311P7200,OI311P7200,86.5,0.0,0.0,0.0,18,83.0,86.0,12,82.5,87.0,87.0,86.5,12.0,1044.0,99
2023-05-10 21:31:12,OI311P7200,OI311P7200,86.5,0.0,0.0,0.0,18,83.0,85.5,6,82.5,87.0,87.0,86.5,12.0,1044.0,99
2023-05-10 21:31:13,OI311P7200,OI311P7200,86.5,0.0,0.0,0.0,18,83.0,85.5,18,82.5,87.0,87.0,86.5,12.0,1044.0,99
2023-05-10 21:31:13,OI311P7200,OI311P7200,86.5,0.0,0.0,0.0,18,83.0,85.5,24,82.5,87.0,87.0,86.5,12.0,1044.0,99
2023-05-10 21:31:14,OI311P7200,OI311P7200,86.5,0.0,0.0,0.0,2,83.5,85.5,24,82.5,87.0,87.0,86.5,12.0,1044.0,99
2023-05-10 21:31:16,OI311P7200,OI311P7200,86.5,0.0,0.0,0.0,2,84.0,85.5,24,82.5,87.0,87.0,86.5,12.0,1044.0,99
2023-05-10 21:31:17,OI311P7200,OI311P7200,86.5,0.0,0.0,0.0,2,84.0,85.5,18,82.5,87.0,87.0,86.5,12.0,1044.0,99
2023-05-10 21:31:18,OI311P7200,OI311P7200,86.5,0.0,0.0,0.0,2,84.0,85.5,24,82.5,87.0,87.0,86.5,12.0,1044.0,99
2023-05-10 21:31:18,OI311P7200,OI311P7200,86.5,0.0,0.0,0.0,2,84.0,85.5,18,82.5,87.0,87.0,86.5,12.0,1044.0,99
2023-05-10 21:31:33,OI311P7200,OI311P7200,86.5,0.0,0.0,0.0,2,84.0,85.5,24,82.5,87.0,87.0,86.5,12.0,1044.0,99
2023-05-10 21:31:38,OI311P7200,OI311P7200,86.5,0.0,0.0,0.0,2,84.0,85.5,6,82.5,87.0,87.0,86.5,12.0,1044.0,99
2023-05-10 21:31:39,OI311P7200,OI311P7200,86.5,0.0,0.0,0.0,2,84.0,85.5,12,82.5,87.0,87.0,86.5,12.0,1044.0,99
2023-05-10 21:31:39,OI311P7200,OI311P7200,86.5,0.0,0.0,0.0,2,84.0,85.5,18,82.5,87.0,87.0,86.5,12.0,1044.0,99
2023-05-10 21:31:41,OI311P7200,OI311P7200,86.5,0.0,0.0,0.0,2,84.0,85.5,6,82.5,87.0,87.0,86.5,12.0,1044.0,99
2023-05-10 21:31:42,OI311P7200,OI311P7200,86.5,0.0,0.0,0.0,2,84.0,86.0,18,82.5,87.0,87.0,86.5,12.0,1044.0,99
2023-05-10 21:31:42,OI311P7200,OI311P7200,86.5,0.0,0.0,0.0,2,84.0,86.0,30,82.5,87.0,87.0,86.5,12.0,1044.0,99
2023-05-10 21:31:45,OI311P7200,OI311P7200,86.5,0.0,0.0,0.0,2,84.5,86.0,30,82.5,87.0,87.0,86.5,12.0,1044.0,99
2023-05-10 21:31:45,OI311P7200,OI311P7200,86.5,0.0,0.0,0.0,2,84.5,86.0,24,82.5,87.0,87.0,86.5,12.0,1044.0,99
2023-05-10 21:31:45,OI311P7200,OI311P7200,86.5,0.0,0.0,0.0,2,84.5,86.0,18,82.5,87.0,87.0,86.5,12.0,1044.0,99
2023-05-10 21:31:47,OI311P7200,OI311P7200,86.5,0.0,0.0,0.0,8,84.5,86.0,18,82.5,87.0,87.0,86.5,12.0,1044.0,99
2023-05-10 21:31:47,OI311P7200,OI311P7200,86.5,0.0,0.0,0.0,14,84.5,86.0,12,82.5,87.0,87.0,86.5,12.0,1044.0,99
2023-05-10 21:31:48,OI311P7200,OI311P7200,86.5,0.0,0.0,0.0,14,84.5,86.5,20,82.5,87.0,87.0,86.5,12.0,1044.0,99
2023-05-10 21:31:49,OI311P7200,OI311P7200,86.5,0.0,0.0,0.0,14,84.5,86.5,32,82.5,87.0,87.0,86.5,12.0,1044.0,99
2023-05-10 21:32:02,OI311P7200,OI311P7200,86.5,0.0,0.0,0.0,14,84.5,86.5,26,82.5,87.0,87.0,86.5,12.0,1044.0,99
2023-05-10 21:32:03,OI311P7200,OI311P7200,86.5,0.0,0.0,0.0,14,84.5,86.5,20,82.5,87.0,87.0,86.5,12.0,1044.0,99
2023-05-10 21:32:04,OI311P7200,OI311P7200,86.5,0.0,0.0,0.0,14,84.5,86.5,18,82.5,87.0,87.0,86.5,12.0,1044.0,99
2023-05-10 21:32:05,OI311P7200,OI311P7200,86.5,0.0,0.0,0.0,2,85.0,86.5,12,82.5,87.0,87.0,86.5,12.0,1044.0,99
2023-05-10 21:32:05,OI311P7200,OI311P7200,86.5,0.0,0.0,0.0,2,85.0,86.5,18,82.5,87.0,87.0,86.5,12.0,1044.0,99
2023-05-10 21:32:08,OI311P7200,OI311P7200,86.5,0.0,0.0,0.0,2,85.0,86.5,24,82.5,87.0,87.0,86.5,12.0,1044.0,99
2023-05-10 21:32:09,OI311P7200,OI311P7200,86.5,0.0,0.0,0.0,2,85.0,86.5,18,82.5,87.0,87.0,86.5,12.0,1044.0,99
2023-05-10 21:32:12,OI311P7200,OI311P7200,86.5,0.0,0.0,0.0,14,85.0,86.5,18,82.5,87.0,87.0,86.5,12.0,1044.0,99
2023-05-10 21:32:21,OI311P7200,OI311P7200,86.5,0.0,0.0,0.0,14,85.0,86.5,24,82.5,87.0,87.0,86.5,12.0,1044.0,99
2023-05-10 21:32:31,OI311P7200,OI311P7200,86.5,0.0,0.0,0.0,2,85.0,86.5,18,82.5,87.0,87.0,86.5,12.0,1044.0,99
2023-05-10 21:32:31,OI311P7200,OI311P7200,86.5,0.0,0.0,0.0,2,85.0,86.5,24,82.5,87.0,87.0,86.5,12.0,1044.0,99
2023-05-10 21:32:32,OI311P7200,OI311P7200,86.5,0.0,0.0,0.0,2,85.0,86.0,6,82.5,87.0,87.0,86.5,12.0,1044.0,99
2023-05-10 21:32:42,OI311P7200,OI311P7200,86.5,0.0,0.0,0.0,2,85.0,86.0,12,82.5,87.0,87.0,86.5,12.0,1044.0,99
2023-05-10 21:32:42,OI311P7200,OI311P7200,86.5,0.0,0.0,0.0,2,85.0,86.0,18,82.5,87.0,87.0,86.5,12.0,1044.0,99
2023-05-10 21:32:43,OI311P7200,OI311P7200,86.5,0.0,0.0,0.0,14,84.5,86.0,18,82.5,87.0,87.0,86.5,12.0,1044.0,99
2023-05-10 21:32:43,OI311P7200,OI311P7200,86.5,0.0,0.0,0.0,14,84.5,86.0,24,82.5,87.0,87.0,86.5,12.0,1044.0,99
2023-05-10 21:32:44,OI311P7200,OI311P7200,86.5,0.0,0.0,0.0,2,84.5,86.0,18,82.5,87.0,87.0,86.5,12.0,1044.0,99
2023-05-10 21:32:44,OI311P7200,OI311P7200,86.5,0.0,0.0,0.0,2,84.5,86.0,24,82.5,87.0,87.0,86.5,12.0,1044.0,99
2023-05-10 21:32:44,OI311P7200,OI311P7200,86.5,0.0,0.0,0.0,2,84.5,86.0,18,82.5,87.0,87.0,86.5,12.0,1044.0,99
2023-05-10 21:32:44,OI311P7200,OI311P7200,86.5,0.0,0.0,0.0,2,84.5,86.0,24,82.5,87.0,87.0,86.5,12.0,1044.0,99
2023-05-10 21:32:50,OI311P7200,OI311P7200,86.5,0.0,0.0,0.0,8,84.5,86.0,24,82.5,87.0,87.0,86.5,12.0,1044.0,99
2023-05-10 21:32:50,OI311P7200,OI311P7200,86.5,0.0,0.0,0.0,14,84.5,86.0,18,82.5,87.0,87.0,86.5,12.0,1044.0,99
2023-05-10 21:32:51,OI311P7200,OI311P7200,86.5,0.0,0.0,0.0,2,85.0,86.0,18,82.5,87.0,87.0,86.5,12.0,1044.0,99
2023-05-10 21:32:52,OI311P7200,OI311P7200,86.5,0.0,0.0,0.0,2,85.0,86.0,12,82.5,87.0,87.0,86.5,12.0,1044.0,99
2023-05-10 21:32:53,OI311P7200,OI311P7200,86.5,0.0,0.0,0.0,2,85.0,86.5,24,82.5,87.0,87.0,86.5,12.0,1044.0,99
2023-05-10 21:32:53,OI311P7200,OI311P7200,86.5,0.0,0.0,0.0,2,85.0,86.5,18,82.5,87.0,87.0,86.5,12.0,1044.0,99
2023-05-10 21:33:05,OI311P7200,OI311P7200,86.5,0.0,0.0,0.0,2,85.0,86.5,24,82.5,87.0,87.0,86.5,12.0,1044.0,99
2023-05-10 21:33:07,OI311P7200,OI311P7200,86.5,0.0,0.0,0.0,2,85.0,86.5,18,82.5,87.0,87.0,86.5,12.0,1044.0,99
2023-05-10 21:33:07,OI311P7200,OI311P7200,86.5,0.0,0.0,0.0,2,85.0,86.5,24,82.5,87.0,87.0,86.5,12.0,1044.0,99
2023-05-10 21:33:09,OI311P7200,OI311P7200,86.5,0.0,0.0,0.0,2,85.0,86.0,6,82.5,87.0,87.0,86.5,12.0,1044.0,99
2023-05-10 21:33:10,OI311P7200,OI311P7200,86.5,0.0,0.0,0.0,2,85.0,86.0,18,82.5,87.0,87.0,86.5,12.0,1044.0,99
2023-05-10 21:33:10,OI311P7200,OI311P7200,86.5,0.0,0.0,0.0,2,85.0,86.0,6,82.5,87.0,87.0,86.5,12.0,1044.0,99
2023-05-10 21:33:12,OI311P7200,OI311P7200,86.5,0.0,0.0,0.0,2,85.0,86.0,18,82.5,87.0,87.0,86.5,12.0,1044.0,99
2023-05-10 21:33:14,OI311P7200,OI311P7200,86.5,0.0,0.0,0.0,14,84.5,86.0,24,82.5,87.0,87.0,86.5,12.0,1044.0,99
2023-05-10 21:33:15,OI311P7200,OI311P7200,86.5,0.0,0.0,0.0,2,84.5,86.0,18,82.5,87.0,87.0,86.5,12.0,1044.0,99
2023-05-10 21:33:15,OI311P7200,OI311P7200,86.5,0.0,0.0,0.0,2,84.5,86.0,24,82.5,87.0,87.0,86.5,12.0,1044.0,99
2023-05-10 21:33:22,OI311P7200,OI311P7200,86.5,0.0,0.0,0.0,2,84.5,85.5,6,82.5,87.0,87.0,86.5,12.0,1044.0,99
2023-05-10 21:33:27,OI311P7200,OI311P7200,86.5,0.0,0.0,0.0,2,84.5,86.0,24,82.5,87.0,87.0,86.5,12.0,1044.0,99
2023-05-10 21:33:27,OI311P7200,OI311P7200,86.5,0.0,0.0,0.0,2,84.5,86.0,30,82.5,87.0,87.0,86.5,12.0,1044.0,99
2023-05-10 21:33:28,OI311P7200,OI311P7200,86.5,0.0,0.0,0.0,2,84.5,86.0,24,82.5,87.0,87.0,86.5,12.0,1044.0,99
2023-05-10 21:33:29,OI311P7200,OI311P7200,86.5,0.0,0.0,0.0,2,84.5,85.5,6,82.5,87.0,87.0,86.5,12.0,1044.0,99
2023-05-10 21:33:30,OI311P7200,OI311P7200,86.5,0.0,0.0,0.0,2,84.5,85.5,18,82.5,87.0,87.0,86.5,12.0,1044.0,99
2023-05-10 21:33:35,OI311P7200,OI311P7200,86.5,0.0,0.0,0.0,18,84.0,85.5,24,82.5,87.0,87.0,86.5,12.0,1044.0,99
2023-05-10 21:33:36,OI311P7200,OI311P7200,86.5,0.0,0.0,0.0,6,84.0,85.5,18,82.5,87.0,87.0,86.5,12.0,1044.0,99
2023-05-10 21:33:36,OI311P7200,OI311P7200,86.5,0.0,0.0,0.0,6,84.0,85.5,24,82.5,87.0,87.0,86.5,12.0,1044.0,99
2023-05-10 21:33:42,OI311P7200,OI311P7200,86.5,0.0,0.0,0.0,6,84.0,85.5,18,82.5,87.0,87.0,86.5,12.0,1044.0,99
2023-05-10 21:33:55,OI311P7200,OI311P7200,86.5,0.0,0.0,0.0,8,84.0,85.5,18,82.5,87.0,87.0,86.5,12.0,1044.0,99
2023-05-10 21:33:55,OI311P7200,OI311P7200,86.5,0.0,0.0,0.0,14,84.0,85.5,18,82.5,87.0,87.0,86.5,12.0,1044.0,99
2023-05-10 21:34:04,OI311P7200,OI311P7200,86.5,0.0,0.0,0.0,14,84.0,85.5,24,82.5,87.0,87.0,86.5,12.0,1044.0,99
2023-05-10 21:34:07,OI311P7200,OI311P7200,86.5,0.0,0.0,0.0,8,84.0,85.0,6,82.5,87.0,87.0,86.5,12.0,1044.0,99
2023-05-10 21:34:08,OI311P7200,OI311P7200,86.5,0.0,0.0,0.0,2,84.0,85.5,12,82.5,87.0,87.0,86.5,12.0,1044.0,99
2023-05-10 21:34:08,OI311P7200,OI311P7200,86.5,0.0,0.0,0.0,2,84.0,85.5,24,82.5,87.0,87.0,86.5,12.0,1044.0,99
2023-05-10 21:34:08,OI311P7200,OI311P7200,86.5,0.0,0.0,0.0,2,84.0,85.5,18,82.5,87.0,87.0,86.5,12.0,1044.0,99
2023-05-10 21:34:10,OI311P7200,OI311P7200,86.5,0.0,0.0,0.0,2,84.0,85.5,24,82.5,87.0,87.0,86.5,12.0,1044.0,99
2023-05-10 21:34:17,OI311P7200,OI311P7200,86.5,0.0,0.0,0.0,2,84.0,85.5,18,82.5,87.0,87.0,86.5,12.0,1044.0,99
2023-05-10 21:34:34,OI311P7200,OI311P7200,86.5,0.0,0.0,0.0,2,84.0,85.5,24,82.5,87.0,87.0,86.5,12.0,1044.0,99
2023-05-10 21:34:34,OI311P7200,OI311P7200,86.5,0.0,0.0,0.0,2,84.0,85.5,18,82.5,87.0,87.0,86.5,12.0,1044.0,99
2023-05-10 21:34:47,OI311P7200,OI311P7200,86.5,0.0,0.0,0.0,8,84.0,85.5,18,82.5,87.0,87.0,86.5,12.0,1044.0,99
2023-05-10 21:34:47,OI311P7200,OI311P7200,86.5,0.0,0.0,0.0,14,84.0,85.5,18,82.5,87.0,87.0,86.5,12.0,1044.0,99
2023-05-10 21:34:52,OI311P7200,OI311P7200,86.5,0.0,0.0,0.0,20,84.0,85.5,18,82.5,87.0,87.0,86.5,12.0,1044.0,99
2023-05-10 21:35:04,OI311P7200,OI311P7200,86.5,0.0,0.0,0.0,20,84.0,85.5,24,82.5,87.0,87.0,86.5,12.0,1044.0,99
2023-05-10 21:35:05,OI311P7200,OI311P7200,86.5,0.0,0.0,0.0,14,84.0,85.5,24,82.5,87.0,87.0,86.5,12.0,1044.0,99
2023-05-10 21:35:06,OI311P7200,OI311P7200,86.5,0.0,0.0,0.0,14,84.0,85.5,18,82.5,87.0,87.0,86.5,12.0,1044.0,99
2023-05-10 21:35:06,OI311P7200,OI311P7200,86.5,0.0,0.0,0.0,20,84.0,85.5,18,82.5,87.0,87.0,86.5,12.0,1044.0,99
2023-05-10 21:35:06,OI311P7200,OI311P7200,86.5,0.0,0.0,0.0,14,84.0,85.5,18,82.5,87.0,87.0,86.5,12.0,1044.0,99
2023-05-10 21:35:06,OI311P7200,OI311P7200,86.5,0.0,0.0,0.0,20,84.0,85.5,18,82.5,87.0,87.0,86.5,12.0,1044.0,99
2023-05-10 21:35:26,OI311P7200,OI311P7200,86.5,0.0,0.0,0.0,2,84.5,85.5,6,82.5,87.0,87.0,86.5,12.0,1044.0,99
2023-05-10 21:35:26,OI311P7200,OI311P7200,86.5,0.0,0.0,0.0,2,84.5,86.0,24,82.5,87.0,87.0,86.5,12.0,1044.0,99
2023-05-10 21:35:27,OI311P7200,OI311P7200,86.5,0.0,0.0,0.0,2,84.5,86.0,18,82.5,87.0,87.0,86.5,12.0,1044.0,99
2023-05-10 21:35:29,OI311P7200,OI311P7200,86.5,0.0,0.0,0.0,2,84.5,86.0,24,82.5,87.0,87.0,86.5,12.0,1044.0,99
2023-05-10 21:35:37,OI311P7200,OI311P7200,86.5,0.0,0.0,0.0,2,84.5,85.5,6,82.5,87.0,87.0,86.5,12.0,1044.0,99
2023-05-10 21:35:39,OI311P7200,OI311P7200,86.5,0.0,0.0,0.0,2,84.5,86.0,24,82.5,87.0,87.0,86.5,12.0,1044.0,99
2023-05-10 21:35:39,OI311P7200,OI311P7200,86.5,0.0,0.0,0.0,2,84.5,86.0,30,82.5,87.0,87.0,86.5,12.0,1044.0,99
2023-05-10 21:35:39,OI311P7200,OI311P7200,86.5,0.0,0.0,0.0,2,84.5,86.0,24,82.5,87.0,87.0,86.5,12.0,1044.0,99
2023-05-10 21:35:50,OI311P7200,OI311P7200,86.5,0.0,0.0,0.0,26,84.0,86.0,24,82.5,87.0,87.0,86.5,12.0,1044.0,99
2023-05-10 21:35:50,OI311P7200,OI311P7200,86.5,0.0,0.0,0.0,20,84.0,86.0,24,82.5,87.0,87.0,86.5,12.0,1044.0,99
2023-05-10 21:36:00,OI311P7200,OI311P7200,86.5,0.0,0.0,0.0,14,84.0,85.5,6,82.5,87.0,87.0,86.5,12.0,1044.0,99
2023-05-10 21:36:00,OI311P7200,OI311P7200,86.5,0.0,0.0,0.0,14,84.0,85.5,18,82.5,87.0,87.0,86.5,12.0,1044.0,99
2023-05-10 21:36:08,OI311P7200,OI311P7200,86.5,0.0,0.0,0.0,14,84.0,85.5,12,82.5,87.0,87.0,86.5,12.0,1044.0,99
2023-05-10 21:36:08,OI311P7200,OI311P7200,86.5,0.0,0.0,0.0,14,84.0,85.5,18,82.5,87.0,87.0,86.5,12.0,1044.0,99
2023-05-10 21:36:24,OI311P7200,OI311P7200,86.5,0.0,0.0,0.0,14,84.0,85.0,6,82.5,87.0,87.0,86.5,12.0,1044.0,99
2023-05-10 21:36:24,OI311P7200,OI311P7200,86.5,0.0,0.0,0.0,12,84.0,85.0,6,82.5,87.0,87.0,86.5,12.0,1044.0,99
2023-05-10 21:36:24,OI311P7200,OI311P7200,86.5,0.0,0.0,0.0,6,84.0,85.0,6,82.5,87.0,87.0,86.5,12.0,1044.0,99
2023-05-10 21:36:25,OI311P7200,OI311P7200,86.5,0.0,0.0,0.0,6,84.0,85.0,18,82.5,87.0,87.0,86.5,12.0,1044.0,99
2023-05-10 21:36:28,OI311P7200,OI311P7200,86.5,0.0,0.0,0.0,6,84.0,85.0,6,82.5,87.0,87.0,86.5,12.0,1044.0,99
2023-05-10 21:36:32,OI311P7200,OI311P7200,86.5,0.0,0.0,0.0,6,84.0,85.0,12,82.5,87.0,87.0,86.5,12.0,1044.0,99
2023-05-10 21:36:32,OI311P7200,OI311P7200,86.5,0.0,0.0,0.0,6,84.0,85.0,18,82.5,87.0,87.0,86.5,12.0,1044.0,99
2023-05-10 21:36:35,OI311P7200,OI311P7200,86.5,0.0,0.0,0.0,6,84.0,85.0,12,82.5,87.0,87.0,86.5,12.0,1044.0,99
2023-05-10 21:36:35,OI311P7200,OI311P7200,86.5,0.0,0.0,0.0,6,84.0,85.0,6,82.5,87.0,87.0,86.5,12.0,1044.0,99
2023-05-10 21:36:37,OI311P7200,OI311P7200,86.5,0.0,0.0,0.0,6,84.0,85.0,12,82.5,87.0,87.0,86.5,12.0,1044.0,99
2023-05-10 21:36:37,OI311P7200,OI311P7200,86.5,0.0,0.0,0.0,6,84.0,85.0,18,82.5,87.0,87.0,86.5,12.0,1044.0,99
2023-05-10 21:36:46,OI311P7200,OI311P7200,86.5,0.0,0.0,0.0,6,84.0,85.0,12,82.5,87.0,87.0,86.5,12.0,1044.0,99
2023-05-10 21:36:46,OI311P7200,OI311P7200,86.5,0.0,0.0,0.0,6,84.0,85.0,6,82.5,87.0,87.0,86.5,12.0,1044.0,99
2023-05-10 21:36:47,OI311P7200,OI311P7200,86.5,0.0,0.0,0.0,6,84.0,85.0,18,82.5,87.0,87.0,86.5,12.0,1044.0,99
2023-05-10 21:36:58,OI311P7200,OI311P7200,86.5,0.0,0.0,0.0,6,84.0,84.5,6,82.5,87.0,87.0,86.5,12.0,1044.0,99
2023-05-10 21:36:58,OI311P7200,OI311P7200,86.5,0.0,0.0,0.0,6,84.0,84.5,12,82.5,87.0,87.0,86.5,12.0,1044.0,99
2023-05-10 21:36:59,OI311P7200,OI311P7200,86.5,0.0,0.0,0.0,6,84.0,84.5,6,82.5,87.0,87.0,86.5,12.0,1044.0,99
2023-05-10 21:37:01,OI311P7200,OI311P7200,86.5,0.0,0.0,0.0,20,83.5,84.5,6,82.5,87.0,87.0,86.5,12.0,1044.0,99
2023-05-10 21:37:01,OI311P7200,OI311P7200,86.5,0.0,0.0,0.0,6,84.0,84.5,6,82.5,87.0,87.0,86.5,12.0,1044.0,99
2023-05-10 21:37:06,OI311P7200,OI311P7200,86.5,0.0,0.0,0.0,26,83.5,84.5,12,82.5,87.0,87.0,86.5,12.0,1044.0,99
2023-05-10 21:37:06,OI311P7200,OI311P7200,86.5,0.0,0.0,0.0,18,83.5,84.5,18,82.5,87.0,87.0,86.5,12.0,1044.0,99
2023-05-10 21:37:07,OI311P7200,OI311P7200,86.5,0.0,0.0,0.0,6,83.5,84.5,12,82.5,87.0,87.0,86.5,12.0,1044.0,99
2023-05-10 21:37:07,OI311P7200,OI311P7200,86.5,0.0,0.0,0.0,6,83.5,84.5,18,82.5,87.0,87.0,86.5,12.0,1044.0,99
2023-05-10 21:37:16,OI311P7200,OI311P7200,86.5,0.0,0.0,0.0,6,83.5,84.5,12,82.5,87.0,87.0,86.5,12.0,1044.0,99
2023-05-10 21:37:16,OI311P7200,OI311P7200,86.5,0.0,0.0,0.0,6,83.5,84.5,6,82.5,87.0,87.0,86.5,12.0,1044.0,99
2023-05-10 21:37:17,OI311P7200,OI311P7200,86.5,0.0,0.0,0.0,6,83.5,84.5,12,82.5,87.0,87.0,86.5,12.0,1044.0,99
2023-05-10 21:37:17,OI311P7200,OI311P7200,86.5,0.0,0.0,0.0,6,83.5,84.5,6,82.5,87.0,87.0,86.5,12.0,1044.0,99
2023-05-10 21:37:17,OI311P7200,OI311P7200,86.5,0.0,0.0,0.0,6,83.5,84.5,12,82.5,87.0,87.0,86.5,12.0,1044.0,99
2023-05-10 21:37:18,OI311P7200,OI311P7200,86.5,0.0,0.0,0.0,6,83.5,84.5,6,82.5,87.0,87.0,86.5,12.0,1044.0,99
2023-05-10 21:37:26,OI311P7200,OI311P7200,86.5,0.0,0.0,0.0,6,83.5,84.5,12,82.5,87.0,87.0,86.5,12.0,1044.0,99
2023-05-10 21:37:27,OI311P7200,OI311P7200,86.5,0.0,0.0,0.0,6,83.5,84.5,18,82.5,87.0,87.0,86.5,12.0,1044.0,99
2023-05-10 21:37:29,OI311P7200,OI311P7200,86.5,0.0,0.0,0.0,6,83.5,84.5,6,82.5,87.0,87.0,86.5,12.0,1044.0,99
2023-05-10 21:37:38,OI311P7200,OI311P7200,86.5,0.0,0.0,0.0,6,83.5,84.5,18,82.5,87.0,87.0,86.5,12.0,1044.0,99
2023-05-10 21:37:42,OI311P7200,OI311P7200,86.5,0.0,0.0,0.0,6,83.5,84.5,6,82.5,87.0,87.0,86.5,12.0,1044.0,99
2023-05-10 21:37:51,OI311P7200,OI311P7200,86.5,0.0,0.0,0.0,12,83.5,85.0,12,82.5,87.0,87.0,86.5,12.0,1044.0,99
2023-05-10 21:37:52,OI311P7200,OI311P7200,86.5,0.0,0.0,0.0,20,83.5,85.0,18,82.5,87.0,87.0,86.5,12.0,1044.0,99
2023-05-10 21:37:53,OI311P7200,OI311P7200,86.5,0.0,0.0,0.0,14,83.5,85.0,6,82.5,87.0,87.0,86.5,12.0,1044.0,99
2023-05-10 21:37:53,OI311P7200,OI311P7200,86.5,0.0,0.0,0.0,20,83.5,85.0,12,82.5,87.0,87.0,86.5,12.0,1044.0,99
2023-05-10 21:37:53,OI311P7200,OI311P7200,86.5,0.0,0.0,0.0,20,83.5,85.0,18,82.5,87.0,87.0,86.5,12.0,1044.0,99
2023-05-10 21:37:54,OI311P7200,OI311P7200,86.5,0.0,0.0,0.0,20,83.5,85.0,24,82.5,87.0,87.0,86.5,12.0,1044.0,99
2023-05-10 21:37:55,OI311P7200,OI311P7200,86.5,0.0,0.0,0.0,20,83.5,85.0,18,82.5,87.0,87.0,86.5,12.0,1044.0,99
2023-05-10 21:37:58,OI311P7200,OI311P7200,86.5,0.0,0.0,0.0,20,83.5,85.0,24,82.5,87.0,87.0,86.5,12.0,1044.0,99
2023-05-10 21:37:59,OI311P7200,OI311P7200,86.5,0.0,0.0,0.0,20,83.5,85.0,18,82.5,87.0,87.0,86.5,12.0,1044.0,99
2023-05-10 21:38:08,OI311P7200,OI311P7200,86.5,0.0,0.0,0.0,14,83.5,85.0,6,82.5,87.0,87.0,86.5,12.0,1044.0,99
2023-05-10 21:38:08,OI311P7200,OI311P7200,86.5,0.0,0.0,0.0,14,83.5,85.5,24,82.5,87.0,87.0,86.5,12.0,1044.0,99
2023-05-10 21:38:09,OI311P7200,OI311P7200,86.5,0.0,0.0,0.0,2,84.0,85.5,24,82.5,87.0,87.0,86.5,12.0,1044.0,99
2023-05-10 21:38:09,OI311P7200,OI311P7200,86.5,0.0,0.0,0.0,14,84.0,85.5,18,82.5,87.0,87.0,86.5,12.0,1044.0,99
2023-05-10 21:38:10,OI311P7200,OI311P7200,86.5,0.0,0.0,0.0,20,84.0,85.5,18,82.5,87.0,87.0,86.5,12.0,1044.0,99
2023-05-10 21:38:24,OI311P7200,OI311P7200,86.5,0.0,0.0,0.0,20,84.0,85.5,24,82.5,87.0,87.0,86.5,12.0,1044.0,99
2023-05-10 21:38:26,OI311P7200,OI311P7200,86.5,0.0,0.0,0.0,20,84.0,85.5,18,82.5,87.0,87.0,86.5,12.0,1044.0,99
2023-05-10 21:38:32,OI311P7200,OI311P7200,86.5,0.0,0.0,0.0,20,84.0,85.5,24,82.5,87.0,87.0,86.5,12.0,1044.0,99
2023-05-10 21:38:36,OI311P7200,OI311P7200,86.5,0.0,0.0,0.0,14,84.0,85.5,24,82.5,87.0,87.0,86.5,12.0,1044.0,99
2023-05-10 21:38:36,OI311P7200,OI311P7200,86.5,0.0,0.0,0.0,14,84.0,85.5,18,82.5,87.0,87.0,86.5,12.0,1044.0,99
2023-05-10 21:38:39,OI311P7200,OI311P7200,86.5,0.0,0.0,0.0,14,84.0,85.5,24,82.5,87.0,87.0,86.5,12.0,1044.0,99
2023-05-10 21:38:53,OI311P7200,OI311P7200,86.5,0.0,0.0,0.0,14,84.0,85.0,6,82.5,87.0,87.0,86.5,12.0,1044.0,99
2023-05-10 21:38:54,OI311P7200,OI311P7200,86.5,0.0,0.0,0.0,8,84.0,85.0,6,82.5,87.0,87.0,86.5,12.0,1044.0,99
2023-05-10 21:38:54,OI311P7200,OI311P7200,86.5,0.0,0.0,0.0,14,84.0,85.5,30,82.5,87.0,87.0,86.5,12.0,1044.0,99
2023-05-10 21:38:55,OI311P7200,OI311P7200,86.5,0.0,0.0,0.0,14,84.0,85.5,24,82.5,87.0,87.0,86.5,12.0,1044.0,99
2023-05-10 21:39:02,OI311P7200,OI311P7200,86.5,0.0,0.0,0.0,20,84.0,85.5,18,82.5,87.0,87.0,86.5,12.0,1044.0,99
2023-05-10 21:39:10,OI311P7200,OI311P7200,86.5,0.0,0.0,0.0,20,84.0,85.5,24,82.5,87.0,87.0,86.5,12.0,1044.0,99
2023-05-10 21:39:11,OI311P7200,OI311P7200,86.5,0.0,0.0,0.0,20,84.0,85.5,18,82.5,87.0,87.0,86.5,12.0,1044.0,99
2023-05-10 21:39:12,OI311P7200,OI311P7200,86.5,0.0,0.0,0.0,20,84.0,85.5,24,82.5,87.0,87.0,86.5,12.0,1044.0,99
2023-05-10 21:39:17,OI311P7200,OI311P7200,86.5,0.0,0.0,0.0,20,84.0,85.5,18,82.5,87.0,87.0,86.5,12.0,1044.0,99
2023-05-10 21:39:19,OI311P7200,OI311P7200,86.5,0.0,0.0,0.0,20,84.0,85.5,24,82.5,87.0,87.0,86.5,12.0,1044.0,99
2023-05-10 21:39:20,OI311P7200,OI311P7200,86.5,0.0,0.0,0.0,20,84.0,85.5,18,82.5,87.0,87.0,86.5,12.0,1044.0,99
2023-05-10 21:39:30,OI311P7200,OI311P7200,86.5,0.0,0.0,0.0,2,84.5,85.5,18,82.5,87.0,87.0,86.5,12.0,1044.0,99
2023-05-10 21:39:41,OI311P7200,OI311P7200,86.5,0.0,0.0,0.0,2,84.5,85.5,12,82.5,87.0,87.0,86.5,12.0,1044.0,99
2023-05-10 21:39:41,OI311P7200,OI311P7200,86.5,0.0,0.0,0.0,2,84.5,86.0,18,82.5,87.0,87.0,86.5,12.0,1044.0,99
2023-05-10 21:39:42,OI311P7200,OI311P7200,86.5,0.0,0.0,0.0,2,84.5,86.0,30,82.5,87.0,87.0,86.5,12.0,1044.0,99
2023-05-10 21:39:42,OI311P7200,OI311P7200,86.5,0.0,0.0,0.0,2,84.5,86.0,24,82.5,87.0,87.0,86.5,12.0,1044.0,99
2023-05-10 21:39:43,OI311P7200,OI311P7200,86.5,0.0,0.0,0.0,2,84.5,86.0,18,82.5,87.0,87.0,86.5,12.0,1044.0,99
2023-05-10 21:39:53,OI311P7200,OI311P7200,86.5,0.0,0.0,0.0,2,84.5,86.0,24,82.5,87.0,87.0,86.5,12.0,1044.0,99
2023-05-10 21:39:55,OI311P7200,OI311P7200,86.5,0.0,0.0,0.0,8,84.5,86.0,24,82.5,87.0,87.0,86.5,12.0,1044.0,99
2023-05-10 21:39:56,OI311P7200,OI311P7200,86.5,0.0,0.0,0.0,20,84.5,86.0,18,82.5,87.0,87.0,86.5,12.0,1044.0,99
2023-05-10 21:40:02,OI311P7200,OI311P7200,86.5,0.0,0.0,0.0,2,85.0,86.0,18,82.5,87.0,87.0,86.5,12.0,1044.0,99
2023-05-10 21:40:02,OI311P7200,OI311P7200,86.5,0.0,0.0,0.0,2,85.0,86.0,12,82.5,87.0,87.0,86.5,12.0,1044.0,99
2023-05-10 21:40:03,OI311P7200,OI311P7200,86.5,0.0,0.0,0.0,2,85.0,86.5,18,82.5,87.0,87.0,86.5,12.0,1044.0,99
2023-05-10 21:40:04,OI311P7200,OI311P7200,86.5,0.0,0.0,0.0,2,85.0,86.5,24,82.5,87.0,87.0,86.5,12.0,1044.0,99
2023-05-10 21:40:04,OI311P7200,OI311P7200,86.5,0.0,0.0,0.0,2,85.0,86.5,18,82.5,87.0,87.0,86.5,12.0,1044.0,99
2023-05-10 21:40:05,OI311P7200,OI311P7200,86.5,0.0,0.0,0.0,2,85.0,86.5,24,82.5,87.0,87.0,86.5,12.0,1044.0,99
2023-05-10 21:40:05,OI311P7200,OI311P7200,86.5,0.0,0.0,0.0,2,85.0,86.5,30,82.5,87.0,87.0,86.5,12.0,1044.0,99
2023-05-10 21:40:13,OI311P7200,OI311P7200,86.5,0.0,0.0,0.0,2,85.0,86.0,6,82.5,87.0,87.0,86.5,12.0,1044.0,99
2023-05-10 21:40:23,OI311P7200,OI311P7200,86.5,0.0,0.0,0.0,2,85.0,86.5,36,82.5,87.0,87.0,86.5,12.0,1044.0,99
2023-05-10 21:40:24,OI311P7200,OI311P7200,86.5,0.0,0.0,0.0,2,85.0,86.5,30,82.5,87.0,87.0,86.5,12.0,1044.0,99
2023-05-10 21:40:34,OI311P7200,OI311P7200,86.5,0.0,0.0,0.0,2,85.0,86.0,6,82.5,87.0,87.0,86.5,12.0,1044.0,99
2023-05-10 21:40:41,OI311P7200,OI311P7200,86.5,0.0,0.0,0.0,2,85.0,86.5,30,82.5,87.0,87.0,86.5,12.0,1044.0,99
2023-05-10 21:40:41,OI311P7200,OI311P7200,86.5,0.0,0.0,0.0,2,85.0,86.5,36,82.5,87.0,87.0,86.5,12.0,1044.0,99
2023-05-10 21:40:42,OI311P7200,OI311P7200,86.5,0.0,0.0,0.0,2,85.0,86.5,30,82.5,87.0,87.0,86.5,12.0,1044.0,99
2023-05-10 21:40:42,OI311P7200,OI311P7200,86.5,0.0,0.0,0.0,2,85.0,86.5,24,82.5,87.0,87.0,86.5,12.0,1044.0,99
2023-05-10 21:40:50,OI311P7200,OI311P7200,86.5,0.0,0.0,0.0,2,85.0,86.5,18,82.5,87.0,87.0,86.5,12.0,1044.0,99
2023-05-10 21:40:58,OI311P7200,OI311P7200,86.5,0.0,0.0,0.0,2,85.0,86.5,24,82.5,87.0,87.0,86.5,12.0,1044.0,99
2023-05-10 21:41:01,OI311P7200,OI311P7200,86.5,0.0,0.0,0.0,2,85.0,86.5,18,82.5,87.0,87.0,86.5,12.0,1044.0,99
2023-05-10 21:41:01,OI311P7200,OI311P7200,86.5,0.0,0.0,0.0,2,85.0,86.5,24,82.5,87.0,87.0,86.5,12.0,1044.0,99
2023-05-10 21:41:06,OI311P7200,OI311P7200,86.5,0.0,0.0,0.0,2,85.0,86.0,6,82.5,87.0,87.0,86.5,12.0,1044.0,99
2023-05-10 21:41:06,OI311P7200,OI311P7200,86.5,0.0,0.0,0.0,2,85.0,86.5,18,82.5,87.0,87.0,86.5,12.0,1044.0,99
2023-05-10 21:41:07,OI311P7200,OI311P7200,86.5,0.0,0.0,0.0,2,85.0,86.5,30,82.5,87.0,87.0,86.5,12.0,1044.0,99
2023-05-10 21:41:07,OI311P7200,OI311P7200,86.5,0.0,0.0,0.0,2,85.0,86.0,6,82.5,87.0,87.0,86.5,12.0,1044.0,99
2023-05-10 21:41:16,OI311P7200,OI311P7200,86.5,0.0,0.0,0.0,2,85.0,86.5,30,82.5,87.0,87.0,86.5,12.0,1044.0,99
2023-05-10 21:41:17,OI311P7200,OI311P7200,86.5,0.0,0.0,0.0,2,85.0,86.5,24,82.5,87.0,87.0,86.5,12.0,1044.0,99
2023-05-10 21:41:36,OI311P7200,OI311P7200,86.5,0.0,0.0,0.0,2,85.0,86.5,12,82.5,87.0,87.0,86.5,12.0,1044.0,99
2023-05-10 21:41:36,OI311P7200,OI311P7200,86.5,0.0,0.0,0.0,2,85.0,86.5,6,82.5,87.0,87.0,86.5,12.0,1044.0,99
2023-05-10 21:41:37,OI311P7200,OI311P7200,86.5,0.0,0.0,0.0,2,85.0,87.0,24,82.5,87.0,87.0,86.5,12.0,1044.0,99
2023-05-10 21:41:38,OI311P7200,OI311P7200,86.5,0.0,0.0,0.0,2,85.0,86.5,6,82.5,87.0,87.0,86.5,12.0,1044.0,99
2023-05-10 21:41:38,OI311P7200,OI311P7200,86.5,0.0,0.0,0.0,2,85.0,86.5,12,82.5,87.0,87.0,86.5,12.0,1044.0,99
2023-05-10 21:41:38,OI311P7200,OI311P7200,86.5,0.0,0.0,0.0,2,85.0,86.5,18,82.5,87.0,87.0,86.5,12.0,1044.0,99
2023-05-10 21:41:42,OI311P7200,OI311P7200,86.5,0.0,0.0,0.0,2,85.0,86.5,6,82.5,87.0,87.0,86.5,12.0,1044.0,99
2023-05-10 21:41:43,OI311P7200,OI311P7200,86.5,0.0,0.0,0.0,2,85.0,87.0,18,82.5,87.0,87.0,86.5,12.0,1044.0,99
2023-05-10 21:41:43,OI311P7200,OI311P7200,86.5,0.0,0.0,0.0,2,85.0,87.0,30,82.5,87.0,87.0,86.5,12.0,1044.0,99
2023-05-10 21:41:43,OI311P7200,OI311P7200,86.5,0.0,0.0,0.0,2,85.0,87.0,24,82.5,87.0,87.0,86.5,12.0,1044.0,99
2023-05-10 21:41:46,OI311P7200,OI311P7200,86.5,0.0,0.0,0.0,2,85.0,86.5,6,82.5,87.0,87.0,86.5,12.0,1044.0,99
2023-05-10 21:41:46,OI311P7200,OI311P7200,86.5,0.0,0.0,0.0,2,85.0,86.5,12,82.5,87.0,87.0,86.5,12.0,1044.0,99
2023-05-10 21:41:47,OI311P7200,OI311P7200,86.5,0.0,0.0,0.0,2,85.0,86.5,6,82.5,87.0,87.0,86.5,12.0,1044.0,99
2023-05-10 21:41:47,OI311P7200,OI311P7200,86.5,0.0,0.0,0.0,2,85.0,87.0,30,82.5,87.0,87.0,86.5,12.0,1044.0,99
2023-05-10 21:41:47,OI311P7200,OI311P7200,86.5,0.0,0.0,0.0,2,85.0,87.0,36,82.5,87.0,87.0,86.5,12.0,1044.0,99
2023-05-10 21:41:48,OI311P7200,OI311P7200,86.5,0.0,0.0,0.0,2,85.0,87.0,30,82.5,87.0,87.0,86.5,12.0,1044.0,99
2023-05-10 21:41:50,OI311P7200,OI311P7200,86.5,0.0,0.0,0.0,2,85.0,86.5,6,82.5,87.0,87.0,86.5,12.0,1044.0,99
2023-05-10 21:41:50,OI311P7200,OI311P7200,86.5,0.0,0.0,0.0,2,85.0,86.5,18,82.5,87.0,87.0,86.5,12.0,1044.0,99
2023-05-10 21:41:52,OI311P7200,OI311P7200,86.5,0.0,0.0,0.0,2,85.0,86.5,30,82.5,87.0,87.0,86.5,12.0,1044.0,99
2023-05-10 21:42:02,OI311P7200,OI311P7200,86.5,0.0,0.0,0.0,2,85.0,86.5,18,82.5,87.0,87.0,86.5,12.0,1044.0,99
2023-05-10 21:42:05,OI311P7200,OI311P7200,86.5,0.0,0.0,0.0,2,85.0,86.5,24,82.5,87.0,87.0,86.5,12.0,1044.0,99
2023-05-10 21:42:17,OI311P7200,OI311P7200,86.5,0.0,0.0,0.0,2,85.0,86.5,18,82.5,87.0,87.0,86.5,12.0,1044.0,99
2023-05-10 21:42:21,OI311P7200,OI311P7200,86.5,0.0,0.0,0.0,2,85.0,86.5,6,82.5,87.0,87.0,86.5,12.0,1044.0,99
2023-05-10 21:42:21,OI311P7200,OI311P7200,86.5,0.0,0.0,0.0,2,85.0,87.0,24,82.5,87.0,87.0,86.5,12.0,1044.0,99
2023-05-10 21:42:21,OI311P7200,OI311P7200,86.5,0.0,0.0,0.0,2,85.0,87.0,30,82.5,87.0,87.0,86.5,12.0,1044.0,99
2023-05-10 21:42:22,OI311P7200,OI311P7200,86.5,0.0,0.0,0.0,2,85.0,87.0,24,82.5,87.0,87.0,86.5,12.0,1044.0,99
2023-05-10 21:42:24,OI311P7200,OI311P7200,86.5,0.0,0.0,0.0,2,85.0,87.0,18,82.5,87.0,87.0,86.5,12.0,1044.0,99
2023-05-10 21:42:25,OI311P7200,OI311P7200,86.5,0.0,0.0,0.0,2,85.0,87.0,24,82.5,87.0,87.0,86.5,12.0,1044.0,99
2023-05-10 21:42:26,OI311P7200,OI311P7200,86.5,0.0,0.0,0.0,2,85.0,87.0,18,82.5,87.0,87.0,86.5,12.0,1044.0,99
2023-05-10 21:42:27,OI311P7200,OI311P7200,86.5,0.0,0.0,0.0,2,85.0,87.0,12,82.5,87.0,87.0,86.5,12.0,1044.0,99
2023-05-10 21:42:27,OI311P7200,OI311P7200,86.5,0.0,0.0,0.0,2,85.0,87.5,38,82.5,87.0,87.0,86.5,12.0,1044.0,99
2023-05-10 21:42:28,OI311P7200,OI311P7200,86.5,0.0,0.0,0.0,2,85.0,87.5,50,82.5,87.0,87.0,86.5,12.0,1044.0,99
2023-05-10 21:42:29,OI311P7200,OI311P7200,86.5,0.0,0.0,0.0,2,85.0,87.5,44,82.5,87.0,87.0,86.5,12.0,1044.0,99
2023-05-10 21:42:30,OI311P7200,OI311P7200,86.5,0.0,0.0,0.0,2,85.0,87.5,32,82.5,87.0,87.0,86.5,12.0,1044.0,99
2023-05-10 21:42:30,OI311P7200,OI311P7200,86.5,0.0,0.0,0.0,2,85.0,87.5,44,82.5,87.0,87.0,86.5,12.0,1044.0,99
2023-05-10 21:42:31,OI311P7200,OI311P7200,86.5,0.0,0.0,0.0,2,85.0,87.0,12,82.5,87.0,87.0,86.5,12.0,1044.0,99
2023-05-10 21:42:31,OI311P7200,OI311P7200,86.5,0.0,0.0,0.0,2,85.0,87.0,18,82.5,87.0,87.0,86.5,12.0,1044.0,99
2023-05-10 21:42:36,OI311P7200,OI311P7200,86.5,0.0,0.0,0.0,2,85.0,87.0,24,82.5,87.0,87.0,86.5,12.0,1044.0,99
2023-05-10 21:42:46,OI311P7200,OI311P7200,86.5,0.0,0.0,0.0,2,85.5,87.0,24,82.5,87.0,87.0,86.5,12.0,1044.0,99
2023-05-10 21:42:47,OI311P7200,OI311P7200,86.5,0.0,0.0,0.0,20,85.5,87.0,18,82.5,87.0,87.0,86.5,12.0,1044.0,99
2023-05-10 21:42:50,OI311P7200,OI311P7200,86.5,0.0,0.0,0.0,20,85.5,87.0,12,82.5,87.0,87.0,86.5,12.0,1044.0,99
2023-05-10 21:42:50,OI311P7200,OI311P7200,86.5,0.0,0.0,0.0,20,85.5,87.5,38,82.5,87.0,87.0,86.5,12.0,1044.0,99
2023-05-10 21:42:51,OI311P7200,OI311P7200,86.5,0.0,0.0,0.0,20,85.5,87.5,50,82.5,87.0,87.0,86.5,12.0,1044.0,99
2023-05-10 21:42:51,OI311P7200,OI311P7200,86.5,0.0,0.0,0.0,20,85.5,87.5,44,82.5,87.0,87.0,86.5,12.0,1044.0,99
2023-05-10 21:42:52,OI311P7200,OI311P7200,86.5,0.0,0.0,0.0,20,85.5,87.5,38,82.5,87.0,87.0,86.5,12.0,1044.0,99
2023-05-10 21:43:12,OI311P7200,OI311P7200,86.5,0.0,0.0,0.0,20,85.5,87.5,32,82.5,87.0,87.0,86.5,12.0,1044.0,99
2023-05-10 21:43:17,OI311P7200,OI311P7200,86.5,0.0,0.0,0.0,20,85.5,87.5,38,82.5,87.0,87.0,86.5,12.0,1044.0,99
2023-05-10 21:43:18,OI311P7200,OI311P7200,86.5,0.0,0.0,0.0,20,85.5,87.0,12,82.5,87.0,87.0,86.5,12.0,1044.0,99
2023-05-10 21:43:18,OI311P7200,OI311P7200,86.5,0.0,0.0,0.0,20,85.5,87.0,18,82.5,87.0,87.0,86.5,12.0,1044.0,99
2023-05-10 21:43:21,OI311P7200,OI311P7200,86.5,0.0,0.0,0.0,14,85.5,87.0,6,82.5,87.0,87.0,86.5,12.0,1044.0,99
2023-05-10 21:43:22,OI311P7200,OI311P7200,86.5,0.0,0.0,0.0,20,85.5,87.5,32,82.5,87.0,87.0,86.5,12.0,1044.0,99
2023-05-10 21:43:22,OI311P7200,OI311P7200,86.5,0.0,0.0,0.0,20,85.5,87.5,38,82.5,87.0,87.0,86.5,12.0,1044.0,99
2023-05-10 21:43:23,OI311P7200,OI311P7200,86.5,0.0,0.0,0.0,20,85.5,87.5,32,82.5,87.0,87.0,86.5,12.0,1044.0,99
2023-05-10 21:43:31,OI311P7200,OI311P7200,86.5,0.0,0.0,0.0,20,85.5,87.5,26,82.5,87.0,87.0,86.5,12.0,1044.0,99
2023-05-10 21:43:31,OI311P7200,OI311P7200,86.5,0.0,0.0,0.0,20,85.5,87.5,24,82.5,87.0,87.0,86.5,12.0,1044.0,99
2023-05-10 21:43:32,OI311P7200,OI311P7200,86.5,0.0,0.0,0.0,2,86.0,87.5,24,82.5,87.0,87.0,86.5,12.0,1044.0,99
2023-05-10 21:43:34,OI311P7200,OI311P7200,86.5,0.0,0.0,0.0,2,86.0,87.5,30,82.5,87.0,87.0,86.5,12.0,1044.0,99
2023-05-10 21:43:39,OI311P7200,OI311P7200,86.5,0.0,0.0,0.0,2,86.0,87.5,18,82.5,87.0,87.0,86.5,12.0,1044.0,99
2023-05-10 21:43:40,OI311P7200,OI311P7200,86.5,0.0,0.0,0.0,2,86.0,87.5,6,82.5,87.0,87.0,86.5,12.0,1044.0,99
2023-05-10 21:43:41,OI311P7200,OI311P7200,86.5,0.0,0.0,0.0,2,86.0,88.0,18,82.5,87.0,87.0,86.5,12.0,1044.0,99
2023-05-10 21:43:41,OI311P7200,OI311P7200,86.5,0.0,0.0,0.0,2,86.0,88.0,36,82.5,87.0,87.0,86.5,12.0,1044.0,99
2023-05-10 21:43:42,OI311P7200,OI311P7200,86.5,0.0,0.0,0.0,2,86.0,88.0,30,82.5,87.0,87.0,86.5,12.0,1044.0,99
2023-05-10 21:43:44,OI311P7200,OI311P7200,86.5,0.0,0.0,0.0,2,86.0,88.0,18,82.5,87.0,87.0,86.5,12.0,1044.0,99
2023-05-10 21:43:45,OI311P7200,OI311P7200,86.5,0.0,0.0,0.0,2,86.0,87.5,12,82.5,87.0,87.0,86.5,12.0,1044.0,99
2023-05-10 21:43:45,OI311P7200,OI311P7200,86.5,0.0,0.0,0.0,2,86.0,87.5,18,82.5,87.0,87.0,86.5,12.0,1044.0,99
2023-05-10 21:43:48,OI311P7200,OI311P7200,86.5,0.0,0.0,0.0,2,86.0,87.5,12,82.5,87.0,87.0,86.5,12.0,1044.0,99
2023-05-10 21:43:49,OI311P7200,OI311P7200,86.5,0.0,0.0,0.0,2,86.0,87.5,18,82.5,87.0,87.0,86.5,12.0,1044.0,99
2023-05-10 21:43:50,OI311P7200,OI311P7200,86.5,0.0,0.0,0.0,2,86.0,87.5,12,82.5,87.0,87.0,86.5,12.0,1044.0,99
2023-05-10 21:43:51,OI311P7200,OI311P7200,86.5,0.0,0.0,0.0,2,86.0,87.5,18,82.5,87.0,87.0,86.5,12.0,1044.0,99
2023-05-10 21:44:04,OI311P7200,OI311P7200,86.5,0.0,0.0,0.0,2,86.0,87.0,6,82.5,87.0,87.0,86.5,12.0,1044.0,99
2023-05-10 21:44:10,OI311P7200,OI311P7200,86.5,0.0,0.0,0.0,20,85.5,87.0,6,82.5,87.0,87.0,86.5,12.0,1044.0,99
2023-05-10 21:44:11,OI311P7200,OI311P7200,86.5,0.0,0.0,0.0,20,85.5,87.0,18,82.5,87.0,87.0,86.5,12.0,1044.0,99
2023-05-10 21:44:11,OI311P7200,OI311P7200,86.5,0.0,0.0,0.0,14,85.5,87.0,18,82.5,87.0,87.0,86.5,12.0,1044.0,99
2023-05-10 21:44:21,OI311P7200,OI311P7200,86.5,0.0,0.0,0.0,6,85.5,87.0,12,82.5,87.0,87.0,86.5,12.0,1044.0,99
2023-05-10 21:44:22,OI311P7200,OI311P7200,86.5,0.0,0.0,0.0,6,85.5,87.0,18,82.5,87.0,87.0,86.5,12.0,1044.0,99
2023-05-10 21:44:44,OI311P7200,OI311P7200,86.5,0.0,0.0,0.0,18,85.0,87.0,18,82.5,87.0,87.0,86.5,12.0,1044.0,99
2023-05-10 21:44:44,OI311P7200,OI311P7200,86.5,0.0,0.0,0.0,6,85.5,86.5,6,82.5,87.0,87.0,86.5,12.0,1044.0,99
2023-05-10 21:45:05,OI311P7200,OI311P7200,86.5,0.0,0.0,0.0,6,85.5,86.5,18,82.5,87.0,87.0,86.5,12.0,1044.0,99
2023-05-10 21:45:15,OI311P7200,OI311P7200,86.5,0.0,0.0,0.0,6,85.5,86.5,24,82.5,87.0,87.0,86.5,12.0,1044.0,99
2023-05-10 21:45:16,OI311P7200,OI311P7200,86.5,0.0,0.0,0.0,6,85.5,86.5,30,82.5,87.0,87.0,86.5,12.0,1044.0,99
2023-05-10 21:45:19,OI311P7200,OI311P7200,86.5,0.0,0.0,0.0,6,85.5,86.5,32,82.5,87.0,87.0,86.5,12.0,1044.0,99
2023-05-10 21:45:34,OI311P7200,OI311P7200,86.5,0.0,0.0,0.0,12,85.0,86.0,6,82.5,87.0,87.0,86.5,12.0,1044.0,99
2023-05-10 21:45:34,OI311P7200,OI311P7200,86.5,0.0,0.0,0.0,18,85.0,86.0,6,82.5,87.0,87.0,86.5,12.0,1044.0,99
2023-05-10 21:45:35,OI311P7200,OI311P7200,86.5,0.0,0.0,0.0,6,85.0,86.0,6,82.5,87.0,87.0,86.5,12.0,1044.0,99
2023-05-10 21:45:36,OI311P7200,OI311P7200,86.5,0.0,0.0,0.0,6,85.0,86.5,44,82.5,87.0,87.0,86.5,12.0,1044.0,99
2023-05-10 21:45:37,OI311P7200,OI311P7200,86.5,0.0,0.0,0.0,6,85.0,86.0,6,82.5,87.0,87.0,86.5,12.0,1044.0,99
2023-05-10 21:45:43,OI311P7200,OI311P7200,86.5,0.0,0.0,0.0,6,85.0,86.5,32,82.5,87.0,87.0,86.5,12.0,1044.0,99
2023-05-10 21:45:44,OI311P7200,OI311P7200,86.5,0.0,0.0,0.0,6,85.0,86.5,26,82.5,87.0,87.0,86.5,12.0,1044.0,99
2023-05-10 21:45:54,OI311P7200,OI311P7200,86.5,0.0,0.0,0.0,6,85.0,86.5,20,82.5,87.0,87.0,86.5,12.0,1044.0,99
2023-05-10 21:45:55,OI311P7200,OI311P7200,86.5,0.0,0.0,0.0,6,85.0,86.5,26,82.5,87.0,87.0,86.5,12.0,1044.0,99
2023-05-10 21:45:58,OI311P7200,OI311P7200,86.5,0.0,0.0,0.0,6,85.0,86.5,20,82.5,87.0,87.0,86.5,12.0,1044.0,99
2023-05-10 21:46:07,OI311P7200,OI311P7200,86.5,0.0,0.0,0.0,6,85.0,86.5,26,82.5,87.0,87.0,86.5,12.0,1044.0,99
2023-05-10 21:46:15,OI311P7200,OI311P7200,86.5,0.0,0.0,0.0,6,85.0,86.5,20,82.5,87.0,87.0,86.5,12.0,1044.0,99
2023-05-10 21:46:17,OI311P7200,OI311P7200,86.5,0.0,0.0,0.0,6,85.0,86.5,18,82.5,87.0,87.0,86.5,12.0,1044.0,99
2023-05-10 21:46:17,OI311P7200,OI311P7200,86.5,0.0,0.0,0.0,6,85.0,86.5,12,82.5,87.0,87.0,86.5,12.0,1044.0,99
2023-05-10 21:46:18,OI311P7200,OI311P7200,86.5,0.0,0.0,0.0,8,85.0,87.0,20,82.5,87.0,87.0,86.5,12.0,1044.0,99
2023-05-10 21:46:18,OI311P7200,OI311P7200,86.5,0.0,0.0,0.0,14,85.0,87.0,32,82.5,87.0,87.0,86.5,12.0,1044.0,99
2023-05-10 21:46:19,OI311P7200,OI311P7200,86.5,0.0,0.0,0.0,14,85.0,87.0,26,82.5,87.0,87.0,86.5,12.0,1044.0,99
2023-05-10 21:46:19,OI311P7200,OI311P7200,86.5,0.0,0.0,0.0,14,85.0,87.0,20,82.5,87.0,87.0,86.5,12.0,1044.0,99
2023-05-10 21:46:21,OI311P7200,OI311P7200,86.5,0.0,0.0,0.0,14,85.0,87.0,14,82.5,87.0,87.0,86.5,12.0,1044.0,99
2023-05-10 21:46:24,OI311P7200,OI311P7200,86.5,0.0,0.0,0.0,2,85.5,87.0,12,82.5,87.0,87.0,86.5,12.0,1044.0,99
2023-05-10 21:46:24,OI311P7200,OI311P7200,86.5,0.0,0.0,0.0,2,85.5,87.0,6,82.5,87.0,87.0,86.5,12.0,1044.0,99
2023-05-10 21:46:24,OI311P7200,OI311P7200,86.5,0.0,0.0,0.0,2,85.5,87.5,30,82.5,87.0,87.0,86.5,12.0,1044.0,99
2023-05-10 21:46:25,OI311P7200,OI311P7200,86.5,0.0,0.0,0.0,2,85.5,87.5,36,82.5,87.0,87.0,86.5,12.0,1044.0,99
2023-05-10 21:46:25,OI311P7200,OI311P7200,86.5,0.0,0.0,0.0,2,85.5,87.5,30,82.5,87.0,87.0,86.5,12.0,1044.0,99
2023-05-10 21:46:30,OI311P7200,OI311P7200,86.5,0.0,0.0,0.0,2,85.5,87.0,12,82.5,87.0,87.0,86.5,12.0,1044.0,99
2023-05-10 21:46:30,OI311P7200,OI311P7200,86.5,0.0,0.0,0.0,2,85.5,87.0,18,82.5,87.0,87.0,86.5,12.0,1044.0,99
2023-05-10 21:47:10,OI311P7200,OI311P7200,86.5,0.0,0.0,0.0,2,85.5,87.0,24,82.5,87.0,87.0,86.5,12.0,1044.0,99
2023-05-10 21:47:12,OI311P7200,OI311P7200,86.5,0.0,0.0,0.0,2,85.5,87.0,18,82.5,87.0,87.0,86.5,12.0,1044.0,99
2023-05-10 21:48:05,OI311P7200,OI311P7200,86.5,0.0,0.0,0.0,14,85.5,87.0,12,82.5,87.0,87.0,86.5,12.0,1044.0,99
2023-05-10 21:48:06,OI311P7200,OI311P7200,86.5,0.0,0.0,0.0,20,85.5,87.0,18,82.5,87.0,87.0,86.5,12.0,1044.0,99
2023-05-10 21:48:13,OI311P7200,OI311P7200,86.5,0.0,0.0,0.0,20,85.5,87.0,12,82.5,87.0,87.0,86.5,12.0,1044.0,99
2023-05-10 21:48:13,OI311P7200,OI311P7200,86.5,0.0,0.0,0.0,20,85.5,87.5,24,82.5,87.0,87.0,86.5,12.0,1044.0,99
2023-05-10 21:48:14,OI311P7200,OI311P7200,86.5,0.0,0.0,0.0,20,85.5,87.5,36,82.5,87.0,87.0,86.5,12.0,1044.0,99
2023-05-10 21:48:14,OI311P7200,OI311P7200,86.5,0.0,0.0,0.0,20,85.5,87.5,30,82.5,87.0,87.0,86.5,12.0,1044.0,99
2023-05-10 21:48:15,OI311P7200,OI311P7200,86.5,0.0,0.0,0.0,20,85.5,87.5,24,82.5,87.0,87.0,86.5,12.0,1044.0,99
2023-05-10 21:48:34,OI311P7200,OI311P7200,86.5,0.0,0.0,0.0,20,85.5,87.5,30,82.5,87.0,87.0,86.5,12.0,1044.0,99
2023-05-10 21:48:34,OI311P7200,OI311P7200,86.5,0.0,0.0,0.0,20,85.5,87.0,6,82.5,87.0,87.0,86.5,12.0,1044.0,99
2023-05-10 21:48:35,OI311P7200,OI311P7200,86.5,0.0,0.0,0.0,20,85.5,87.0,18,82.5,87.0,87.0,86.5,12.0,1044.0,99
2023-05-10 21:48:39,OI311P7200,OI311P7200,86.5,0.0,0.0,0.0,20,85.5,87.0,12,82.5,87.0,87.0,86.5,12.0,1044.0,99
2023-05-10 21:48:40,OI311P7200,OI311P7200,86.5,0.0,0.0,0.0,20,85.5,87.5,24,82.5,87.0,87.0,86.5,12.0,1044.0,99
2023-05-10 21:48:40,OI311P7200,OI311P7200,86.5,0.0,0.0,0.0,20,85.5,87.5,36,82.5,87.0,87.0,86.5,12.0,1044.0,99
2023-05-10 21:48:41,OI311P7200,OI311P7200,86.5,0.0,0.0,0.0,20,85.5,87.5,30,82.5,87.0,87.0,86.5,12.0,1044.0,99
2023-05-10 21:48:42,OI311P7200,OI311P7200,86.5,0.0,0.0,0.0,2,86.0,87.5,30,82.5,87.0,87.0,86.5,12.0,1044.0,99
2023-05-10 21:48:42,OI311P7200,OI311P7200,86.5,0.0,0.0,0.0,8,86.0,87.5,24,82.5,87.0,87.0,86.5,12.0,1044.0,99
2023-05-10 21:48:43,OI311P7200,OI311P7200,86.5,0.0,0.0,0.0,20,86.0,87.5,18,82.5,87.0,87.0,86.5,12.0,1044.0,99
2023-05-10 21:48:44,OI311P7200,OI311P7200,86.5,0.0,0.0,0.0,14,86.0,87.5,6,82.5,87.0,87.0,86.5,12.0,1044.0,99
2023-05-10 21:48:44,OI311P7200,OI311P7200,86.5,0.0,0.0,0.0,14,86.0,88.0,38,82.5,87.0,87.0,86.5,12.0,1044.0,99
2023-05-10 21:48:45,OI311P7200,OI311P7200,86.5,0.0,0.0,0.0,20,86.0,88.0,50,82.5,87.0,87.0,86.5,12.0,1044.0,99
2023-05-10 21:48:46,OI311P7200,OI311P7200,86.5,0.0,0.0,0.0,20,86.0,88.0,38,82.5,87.0,87.0,86.5,12.0,1044.0,99
2023-05-10 21:48:50,OI311P7200,OI311P7200,86.5,0.0,0.0,0.0,20,86.0,88.0,32,82.5,87.0,87.0,86.5,12.0,1044.0,99
2023-05-10 21:48:52,OI311P7200,OI311P7200,86.5,0.0,0.0,0.0,2,86.5,88.0,32,82.5,87.0,87.0,86.5,12.0,1044.0,99
2023-05-10 21:48:53,OI311P7200,OI311P7200,86.5,0.0,0.0,0.0,2,86.5,88.0,30,82.5,87.0,87.0,86.5,12.0,1044.0,99
2023-05-10 21:49:13,OI311P7200,OI311P7200,86.5,0.0,0.0,0.0,2,86.5,87.5,6,82.5,87.0,87.0,86.5,12.0,1044.0,99
2023-05-10 21:49:13,OI311P7200,OI311P7200,86.5,0.0,0.0,0.0,2,86.5,88.0,24,82.5,87.0,87.0,86.5,12.0,1044.0,99
2023-05-10 21:49:14,OI311P7200,OI311P7200,86.5,0.0,0.0,0.0,2,86.5,88.0,36,82.5,87.0,87.0,86.5,12.0,1044.0,99
2023-05-10 21:49:14,OI311P7200,OI311P7200,86.5,0.0,0.0,0.0,2,86.5,88.0,30,82.5,87.0,87.0,86.5,12.0,1044.0,99
2023-05-10 21:49:17,OI311P7200,OI311P7200,86.5,0.0,0.0,0.0,2,86.5,87.5,6,82.5,87.0,87.0,86.5,12.0,1044.0,99
2023-05-10 21:49:19,OI311P7200,OI311P7200,86.5,0.0,0.0,0.0,20,86.0,87.5,24,82.5,87.0,87.0,86.5,12.0,1044.0,99
2023-05-10 21:49:20,OI311P7200,OI311P7200,86.5,0.0,0.0,0.0,14,86.0,87.5,24,82.5,87.0,87.0,86.5,12.0,1044.0,99
2023-05-10 21:51:12,OI311P7200,OI311P7200,86.5,0.0,0.0,0.0,20,86.0,87.5,24,82.5,87.0,87.0,86.5,12.0,1044.0,99
2023-05-10 21:51:15,OI311P7200,OI311P7200,86.5,0.0,0.0,0.0,14,86.0,87.5,24,82.5,87.0,87.0,86.5,12.0,1044.0,99
2023-05-10 21:51:29,OI311P7200,OI311P7200,86.5,0.0,0.0,0.0,14,86.0,87.5,30,82.5,87.0,87.0,86.5,12.0,1044.0,99
2023-05-10 21:51:35,OI311P7200,OI311P7200,86.5,0.0,0.0,0.0,12,86.0,87.5,30,82.5,87.0,87.0,86.5,12.0,1044.0,99
2023-05-10 21:51:35,OI311P7200,OI311P7200,86.5,0.0,0.0,0.0,6,86.0,87.5,30,82.5,87.0,87.0,86.5,12.0,1044.0,99
2023-05-10 21:51:45,OI311P7200,OI311P7200,86.5,0.0,0.0,0.0,6,86.0,87.5,32,82.5,87.0,87.0,86.5,12.0,1044.0,99
2023-05-10 21:51:45,OI311P7200,OI311P7200,86.5,0.0,0.0,0.0,6,86.0,87.5,38,82.5,87.0,87.0,86.5,12.0,1044.0,99
2023-05-10 21:51:54,OI311P7200,OI311P7200,86.5,0.0,0.0,0.0,6,86.0,87.5,44,82.5,87.0,87.0,86.5,12.0,1044.0,99
2023-05-10 21:51:55,OI311P7200,OI311P7200,86.5,0.0,0.0,0.0,6,86.0,87.5,50,82.5,87.0,87.0,86.5,12.0,1044.0,99
2023-05-10 21:53:03,OI311P7200,OI311P7200,86.5,0.0,0.0,0.0,6,86.0,87.5,44,82.5,87.0,87.0,86.5,12.0,1044.0,99
2023-05-10 21:53:09,OI311P7200,OI311P7200,86.5,0.0,0.0,0.0,6,86.0,87.5,38,82.5,87.0,87.0,86.5,12.0,1044.0,99
2023-05-10 21:53:28,OI311P7200,OI311P7200,86.5,0.0,0.0,0.0,6,86.0,87.5,44,82.5,87.0,87.0,86.5,12.0,1044.0,99
2023-05-10 21:53:39,OI311P7200,OI311P7200,86.5,0.0,0.0,0.0,6,86.0,87.0,2,82.5,87.0,87.0,86.5,12.0,1044.0,99
2023-05-10 21:53:40,OI311P7200,OI311P7200,86.5,0.0,0.0,0.0,6,86.0,86.5,6,82.5,87.0,87.0,86.5,12.0,1044.0,99
2023-05-10 21:53:40,OI311P7200,OI311P7200,86.5,0.0,0.0,0.0,6,86.0,86.5,12,82.5,87.0,87.0,86.5,12.0,1044.0,99
2023-05-10 21:53:41,OI311P7200,OI311P7200,86.5,0.0,0.0,0.0,6,86.0,86.5,18,82.5,87.0,87.0,86.5,12.0,1044.0,99
2023-05-10 21:53:41,OI311P7200,OI311P7200,86.5,0.0,0.0,0.0,18,85.5,86.5,18,82.5,87.0,87.0,86.5,12.0,1044.0,99
2023-05-10 21:53:42,OI311P7200,OI311P7200,86.5,0.0,0.0,0.0,12,85.5,86.0,12,82.5,87.0,87.0,86.5,12.0,1044.0,99
2023-05-10 21:53:43,OI311P7200,OI311P7200,86.5,0.0,0.0,0.0,6,85.5,86.0,6,82.5,87.0,87.0,86.5,12.0,1044.0,99
2023-05-10 21:53:56,OI311P7200,OI311P7200,86.5,0.0,0.0,0.0,6,85.5,86.5,12,82.5,87.0,87.0,86.5,12.0,1044.0,99
2023-05-10 21:53:56,OI311P7200,OI311P7200,86.5,0.0,0.0,0.0,6,85.5,86.5,18,82.5,87.0,87.0,86.5,12.0,1044.0,99
2023-05-10 21:53:57,OI311P7200,OI311P7200,86.5,0.0,0.0,0.0,6,85.5,86.5,6,82.5,87.0,87.0,86.5,12.0,1044.0,99
2023-05-10 21:53:59,OI311P7200,OI311P7200,86.5,0.0,0.0,0.0,6,85.5,86.5,12,82.5,87.0,87.0,86.5,12.0,1044.0,99
2023-05-10 21:54:00,OI311P7200,OI311P7200,86.5,0.0,0.0,0.0,6,85.5,86.5,18,82.5,87.0,87.0,86.5,12.0,1044.0,99
2023-05-10 21:54:00,OI311P7200,OI311P7200,86.5,0.0,0.0,0.0,6,85.5,86.5,12,82.5,87.0,87.0,86.5,12.0,1044.0,99
2023-05-10 21:54:02,OI311P7200,OI311P7200,86.5,0.0,0.0,0.0,6,85.5,86.5,18,82.5,87.0,87.0,86.5,12.0,1044.0,99
2023-05-10 21:54:04,OI311P7200,OI311P7200,86.5,0.0,0.0,0.0,6,85.5,86.5,12,82.5,87.0,87.0,86.5,12.0,1044.0,99
2023-05-10 21:54:05,OI311P7200,OI311P7200,86.5,0.0,0.0,0.0,6,85.5,86.5,6,82.5,87.0,87.0,86.5,12.0,1044.0,99
2023-05-10 21:54:06,OI311P7200,OI311P7200,86.5,0.0,0.0,0.0,6,85.5,86.5,12,82.5,87.0,87.0,86.5,12.0,1044.0,99
2023-05-10 21:54:06,OI311P7200,OI311P7200,86.5,0.0,0.0,0.0,6,85.5,86.5,18,82.5,87.0,87.0,86.5,12.0,1044.0,99
2023-05-10 21:54:33,OI311P7200,OI311P7200,86.5,0.0,0.0,0.0,6,85.5,86.5,6,82.5,87.0,87.0,86.5,12.0,1044.0,99
2023-05-10 21:54:36,OI311P7200,OI311P7200,86.5,0.0,0.0,0.0,6,85.5,86.5,18,82.5,87.0,87.0,86.5,12.0,1044.0,99
2023-05-10 21:54:38,OI311P7200,OI311P7200,86.5,0.0,0.0,0.0,6,85.5,86.5,6,82.5,87.0,87.0,86.5,12.0,1044.0,99
2023-05-10 21:54:41,OI311P7200,OI311P7200,86.5,0.0,0.0,0.0,6,85.5,86.5,12,82.5,87.0,87.0,86.5,12.0,1044.0,99
2023-05-10 21:54:41,OI311P7200,OI311P7200,86.5,0.0,0.0,0.0,6,85.5,86.5,6,82.5,87.0,87.0,86.5,12.0,1044.0,99
2023-05-10 21:54:45,OI311P7200,OI311P7200,86.5,0.0,0.0,0.0,6,85.5,86.5,12,82.5,87.0,87.0,86.5,12.0,1044.0,99
2023-05-10 21:54:46,OI311P7200,OI311P7200,86.5,0.0,0.0,0.0,6,85.5,86.5,6,82.5,87.0,87.0,86.5,12.0,1044.0,99
2023-05-10 21:54:46,OI311P7200,OI311P7200,86.5,0.0,0.0,0.0,6,85.5,86.5,12,82.5,87.0,87.0,86.5,12.0,1044.0,99
2023-05-10 21:54:47,OI311P7200,OI311P7200,86.5,0.0,0.0,0.0,6,85.5,86.5,6,82.5,87.0,87.0,86.5,12.0,1044.0,99
2023-05-10 21:54:48,OI311P7200,OI311P7200,86.5,0.0,0.0,0.0,6,85.5,86.5,18,82.5,87.0,87.0,86.5,12.0,1044.0,99
2023-05-10 21:54:50,OI311P7200,OI311P7200,86.5,0.0,0.0,0.0,6,85.5,86.5,12,82.5,87.0,87.0,86.5,12.0,1044.0,99
2023-05-10 21:54:50,OI311P7200,OI311P7200,86.5,0.0,0.0,0.0,6,85.5,86.5,6,82.5,87.0,87.0,86.5,12.0,1044.0,99
2023-05-10 21:54:51,OI311P7200,OI311P7200,86.5,0.0,0.0,0.0,6,85.5,86.5,12,82.5,87.0,87.0,86.5,12.0,1044.0,99
2023-05-10 21:54:51,OI311P7200,OI311P7200,86.5,0.0,0.0,0.0,6,85.5,86.5,18,82.5,87.0,87.0,86.5,12.0,1044.0,99
2023-05-10 21:54:53,OI311P7200,OI311P7200,86.5,0.0,0.0,0.0,6,85.5,86.5,6,82.5,87.0,87.0,86.5,12.0,1044.0,99
2023-05-10 21:54:54,OI311P7200,OI311P7200,86.5,0.0,0.0,0.0,6,85.5,86.5,12,82.5,87.0,87.0,86.5,12.0,1044.0,99
2023-05-10 21:54:54,OI311P7200,OI311P7200,86.5,0.0,0.0,0.0,6,85.5,86.5,18,82.5,87.0,87.0,86.5,12.0,1044.0,99
2023-05-10 21:54:57,OI311P7200,OI311P7200,86.5,0.0,0.0,0.0,18,85.0,86.5,18,82.5,87.0,87.0,86.5,12.0,1044.0,99
2023-05-10 21:54:57,OI311P7200,OI311P7200,86.5,0.0,0.0,0.0,6,85.5,86.5,24,82.5,87.0,87.0,86.5,12.0,1044.0,99
2023-05-10 21:55:03,OI311P7200,OI311P7200,86.5,0.0,0.0,0.0,6,85.5,86.5,18,82.5,87.0,87.0,86.5,12.0,1044.0,99
2023-05-10 21:55:09,OI311P7200,OI311P7200,86.5,0.0,0.0,0.0,6,85.5,86.5,6,82.5,87.0,87.0,86.5,12.0,1044.0,99
2023-05-10 21:55:09,OI311P7200,OI311P7200,86.5,0.0,0.0,0.0,6,85.5,87.0,26,82.5,87.0,87.0,86.5,12.0,1044.0,99
2023-05-10 21:55:09,OI311P7200,OI311P7200,86.5,0.0,0.0,0.0,6,85.5,87.0,32,82.5,87.0,87.0,86.5,12.0,1044.0,99
2023-05-10 21:55:16,OI311P7200,OI311P7200,86.5,0.0,0.0,0.0,6,85.5,87.0,26,82.5,87.0,87.0,86.5,12.0,1044.0,99
2023-05-10 21:55:22,OI311P7200,OI311P7200,86.5,0.0,0.0,0.0,6,85.5,86.5,6,82.5,87.0,87.0,86.5,12.0,1044.0,99
2023-05-10 21:55:32,OI311P7200,OI311P7200,86.5,0.0,0.0,0.0,6,85.5,87.0,26,82.5,87.0,87.0,86.5,12.0,1044.0,99
2023-05-10 21:55:32,OI311P7200,OI311P7200,86.5,0.0,0.0,0.0,6,85.5,86.5,6,82.5,87.0,87.0,86.5,12.0,1044.0,99
2023-05-10 21:55:33,OI311P7200,OI311P7200,86.5,0.0,0.0,0.0,6,85.5,86.5,18,82.5,87.0,87.0,86.5,12.0,1044.0,99
2023-05-10 21:55:35,OI311P7200,OI311P7200,86.5,0.0,0.0,0.0,6,85.5,86.5,24,82.5,87.0,87.0,86.5,12.0,1044.0,99
2023-05-10 21:55:55,OI311P7200,OI311P7200,86.5,0.0,0.0,0.0,6,85.5,86.5,12,82.5,87.0,87.0,86.5,12.0,1044.0,99
2023-05-10 21:55:55,OI311P7200,OI311P7200,86.5,0.0,0.0,0.0,6,85.5,86.5,6,82.5,87.0,87.0,86.5,12.0,1044.0,99
2023-05-10 21:55:58,OI311P7200,OI311P7200,86.5,0.0,0.0,0.0,6,85.5,86.5,18,82.5,87.0,87.0,86.5,12.0,1044.0,99
2023-05-10 21:56:00,OI311P7200,OI311P7200,86.5,0.0,0.0,0.0,6,85.5,86.5,24,82.5,87.0,87.0,86.5,12.0,1044.0,99
2023-05-10 21:56:05,OI311P7200,OI311P7200,86.5,0.0,0.0,0.0,6,85.5,86.0,6,82.5,87.0,87.0,86.5,12.0,1044.0,99
2023-05-10 21:56:06,OI311P7200,OI311P7200,86.5,0.0,0.0,0.0,6,85.5,86.5,12,82.5,87.0,87.0,86.5,12.0,1044.0,99
2023-05-10 21:56:06,OI311P7200,OI311P7200,86.5,0.0,0.0,0.0,6,85.5,86.5,24,82.5,87.0,87.0,86.5,12.0,1044.0,99
2023-05-10 21:56:06,OI311P7200,OI311P7200,86.5,0.0,0.0,0.0,6,85.5,86.5,18,82.5,87.0,87.0,86.5,12.0,1044.0,99
2023-05-10 21:56:08,OI311P7200,OI311P7200,86.5,0.0,0.0,0.0,6,85.5,86.5,24,82.5,87.0,87.0,86.5,12.0,1044.0,99
2023-05-10 21:56:09,OI311P7200,OI311P7200,86.5,0.0,0.0,0.0,6,85.5,86.0,6,82.5,87.0,87.0,86.5,12.0,1044.0,99
2023-05-10 21:56:13,OI311P7200,OI311P7200,86.5,0.0,0.0,0.0,20,85.0,86.0,6,82.5,87.0,87.0,86.5,12.0,1044.0,99
2023-05-10 21:56:14,OI311P7200,OI311P7200,86.5,0.0,0.0,0.0,6,85.5,86.5,24,82.5,87.0,87.0,86.5,12.0,1044.0,99
2023-05-10 21:56:14,OI311P7200,OI311P7200,86.5,0.0,0.0,0.0,6,85.5,86.5,30,82.5,87.0,87.0,86.5,12.0,1044.0,99
2023-05-10 21:56:14,OI311P7200,OI311P7200,86.5,0.0,0.0,0.0,6,85.5,86.5,24,82.5,87.0,87.0,86.5,12.0,1044.0,99
2023-05-10 21:56:17,OI311P7200,OI311P7200,86.5,0.0,0.0,0.0,6,85.5,86.0,6,82.5,87.0,87.0,86.5,12.0,1044.0,99
2023-05-10 21:56:36,OI311P7200,OI311P7200,86.5,0.0,0.0,0.0,18,85.0,86.0,6,82.5,87.0,87.0,86.5,12.0,1044.0,99
2023-05-10 21:56:36,OI311P7200,OI311P7200,86.5,0.0,0.0,0.0,6,85.5,86.0,6,82.5,87.0,87.0,86.5,12.0,1044.0,99
2023-05-10 21:56:43,OI311P7200,OI311P7200,86.5,0.0,0.0,0.0,6,85.5,86.5,24,82.5,87.0,87.0,86.5,12.0,1044.0,99
2023-05-10 21:56:43,OI311P7200,OI311P7200,86.5,0.0,0.0,0.0,6,85.5,86.5,30,82.5,87.0,87.0,86.5,12.0,1044.0,99
2023-05-10 21:56:44,OI311P7200,OI311P7200,86.5,0.0,0.0,0.0,6,85.5,86.0,6,82.5,87.0,87.0,86.5,12.0,1044.0,99
2023-05-10 21:56:45,OI311P7200,OI311P7200,86.5,0.0,0.0,0.0,6,85.5,86.5,18,82.5,87.0,87.0,86.5,12.0,1044.0,99
2023-05-10 21:56:45,OI311P7200,OI311P7200,86.5,0.0,0.0,0.0,6,85.5,86.5,30,82.5,87.0,87.0,86.5,12.0,1044.0,99
2023-05-10 21:56:46,OI311P7200,OI311P7200,86.5,0.0,0.0,0.0,6,85.5,86.5,24,82.5,87.0,87.0,86.5,12.0,1044.0,99
2023-05-10 21:56:57,OI311P7200,OI311P7200,86.5,0.0,0.0,0.0,6,85.5,86.5,18,82.5,87.0,87.0,86.5,12.0,1044.0,99
2023-05-10 21:56:57,OI311P7200,OI311P7200,86.5,0.0,0.0,0.0,6,85.5,86.5,24,82.5,87.0,87.0,86.5,12.0,1044.0,99
2023-05-10 21:57:11,OI311P7200,OI311P7200,86.5,0.0,0.0,0.0,6,85.5,86.0,6,82.5,87.0,87.0,86.5,12.0,1044.0,99
