time,symbol_id,symbol_name,last,trade_volume,trade_amount,open_interest_change,bv1,bp1,ap1,av1,yesterday_close,today_open,today_high,today_low,volume,amount,open_interest
2023-05-10 19:12:58,OI311P7300,OI311P7300,99.5,0.0,0.0,-12.0,0,0.0,0.0,0,99.5,132.5,0.0,0.0,0.0,0.0,86
2023-05-10 20:59:00,OI311P7300,OI311P7300,99.5,0.0,0.0,0.0,12,29.0,0.0,0,99.5,132.5,0.0,0.0,0.0,0.0,86
2023-05-10 21:00:00,OI311P7300,OI311P7300,99.5,0.0,0.0,0.0,6,32.0,0.0,0,99.5,132.5,0.0,0.0,0.0,0.0,86
2023-05-10 21:00:03,OI311P7300,OI311P7300,99.5,0.0,0.0,0.0,6,33.0,0.0,0,99.5,132.5,0.0,0.0,0.0,0.0,86
2023-05-10 21:00:04,OI311P7300,OI311P7300,99.5,0.0,0.0,0.0,6,36.0,268.0,4,99.5,132.5,0.0,0.0,0.0,0.0,86
2023-05-10 21:00:05,OI311P7300,OI311P7300,99.5,0.0,0.0,0.0,4,77.0,268.0,4,99.5,132.5,0.0,0.0,0.0,0.0,86
2023-05-10 21:00:06,OI311P7300,OI311P7300,99.5,0.0,0.0,0.0,4,96.5,268.0,4,99.5,132.5,0.0,0.0,0.0,0.0,86
2023-05-10 21:00:09,OI311P7300,OI311P7300,99.5,0.0,0.0,0.0,4,96.5,265.0,6,99.5,132.5,0.0,0.0,0.0,0.0,86
2023-05-10 21:00:10,OI311P7300,OI311P7300,99.5,0.0,0.0,0.0,4,96.5,221.0,6,99.5,132.5,0.0,0.0,0.0,0.0,86
2023-05-10 21:00:11,OI311P7300,OI311P7300,99.5,0.0,0.0,0.0,4,96.5,177.0,6,99.5,132.5,0.0,0.0,0.0,0.0,86
2023-05-10 21:00:12,OI311P7300,OI311P7300,99.5,0.0,0.0,0.0,4,96.5,136.0,4,99.5,132.5,0.0,0.0,0.0,0.0,86
2023-05-10 21:00:12,OI311P7300,OI311P7300,99.5,0.0,0.0,0.0,4,96.5,116.0,4,99.5,132.5,0.0,0.0,0.0,0.0,86
2023-05-10 21:00:56,OI311P7300,OI311P7300,99.5,0.0,0.0,0.0,2,99.0,116.0,4,99.5,132.5,0.0,0.0,0.0,0.0,86
2023-05-10 21:00:56,OI311P7300,OI311P7300,99.5,0.0,0.0,0.0,2,99.0,224.5,6,99.5,132.5,0.0,0.0,0.0,0.0,86
2023-05-10 21:00:57,OI311P7300,OI311P7300,99.5,0.0,0.0,0.0,2,99.0,180.5,6,99.5,132.5,0.0,0.0,0.0,0.0,86
2023-05-10 21:00:57,OI311P7300,OI311P7300,99.5,0.0,0.0,0.0,2,99.0,136.5,6,99.5,132.5,0.0,0.0,0.0,0.0,86
2023-05-10 21:00:58,OI311P7300,OI311P7300,99.5,0.0,0.0,0.0,2,99.0,119.0,2,99.5,132.5,0.0,0.0,0.0,0.0,86
2023-05-10 21:01:13,OI311P7300,OI311P7300,99.5,0.0,0.0,0.0,2,99.0,118.5,10,99.5,132.5,0.0,0.0,0.0,0.0,86
2023-05-10 21:01:14,OI311P7300,OI311P7300,99.5,0.0,0.0,0.0,2,99.0,110.0,2,99.5,132.5,0.0,0.0,0.0,0.0,86
2023-05-10 21:01:16,OI311P7300,OI311P7300,99.5,0.0,0.0,0.0,2,106.5,110.0,2,99.5,132.5,0.0,0.0,0.0,0.0,86
2023-05-10 21:01:17,OI311P7300,OI311P7300,99.5,0.0,0.0,0.0,2,107.0,110.0,2,99.5,132.5,0.0,0.0,0.0,0.0,86
2023-05-10 21:01:19,OI311P7300,OI311P7300,99.5,0.0,0.0,0.0,2,107.0,109.5,2,99.5,132.5,0.0,0.0,0.0,0.0,86
2023-05-10 21:01:20,OI311P7300,OI311P7300,99.5,0.0,0.0,0.0,2,106.5,109.5,2,99.5,132.5,0.0,0.0,0.0,0.0,86
2023-05-10 21:01:21,OI311P7300,OI311P7300,99.5,0.0,0.0,0.0,6,105.5,109.5,2,99.5,132.5,0.0,0.0,0.0,0.0,86
2023-05-10 21:01:22,OI311P7300,OI311P7300,99.5,0.0,0.0,0.0,12,102.0,109.5,2,99.5,132.5,0.0,0.0,0.0,0.0,86
2023-05-10 21:01:22,OI311P7300,OI311P7300,99.5,0.0,0.0,0.0,18,102.0,109.5,2,99.5,132.5,0.0,0.0,0.0,0.0,86
2023-05-10 21:01:24,OI311P7300,OI311P7300,99.5,0.0,0.0,0.0,6,102.0,109.5,2,99.5,132.5,0.0,0.0,0.0,0.0,86
2023-05-10 21:01:25,OI311P7300,OI311P7300,99.5,0.0,0.0,0.0,6,101.0,109.5,2,99.5,132.5,0.0,0.0,0.0,0.0,86
2023-05-10 21:01:25,OI311P7300,OI311P7300,99.5,0.0,0.0,0.0,18,100.5,109.5,2,99.5,132.5,0.0,0.0,0.0,0.0,86
2023-05-10 21:01:28,OI311P7300,OI311P7300,99.5,0.0,0.0,0.0,2,104.5,108.0,2,99.5,132.5,0.0,0.0,0.0,0.0,86
2023-05-10 21:01:29,OI311P7300,OI311P7300,99.5,0.0,0.0,0.0,2,105.0,108.0,2,99.5,132.5,0.0,0.0,0.0,0.0,86
2023-05-10 21:01:33,OI311P7300,OI311P7300,99.5,0.0,0.0,0.0,2,105.0,107.5,2,99.5,132.5,0.0,0.0,0.0,0.0,86
2023-05-10 21:01:46,OI311P7300,OI311P7300,99.5,0.0,0.0,0.0,2,105.5,107.5,2,99.5,132.5,0.0,0.0,0.0,0.0,86
2023-05-10 21:02:08,OI311P7300,OI311P7300,99.5,0.0,0.0,0.0,2,105.5,108.0,8,99.5,132.5,0.0,0.0,0.0,0.0,86
2023-05-10 21:02:08,OI311P7300,OI311P7300,99.5,0.0,0.0,0.0,2,105.5,108.0,2,99.5,132.5,0.0,0.0,0.0,0.0,86
2023-05-10 21:02:27,OI311P7300,OI311P7300,99.5,0.0,0.0,0.0,8,105.5,108.0,2,99.5,132.5,0.0,0.0,0.0,0.0,86
2023-05-10 21:02:28,OI311P7300,OI311P7300,99.5,0.0,0.0,0.0,20,105.5,108.0,2,99.5,132.5,0.0,0.0,0.0,0.0,86
2023-05-10 21:02:33,OI311P7300,OI311P7300,99.5,0.0,0.0,0.0,2,106.0,108.0,2,99.5,132.5,0.0,0.0,0.0,0.0,86
2023-05-10 21:02:35,OI311P7300,OI311P7300,99.5,0.0,0.0,0.0,2,106.0,109.0,2,99.5,132.5,0.0,0.0,0.0,0.0,86
2023-05-10 21:02:39,OI311P7300,OI311P7300,99.5,0.0,0.0,0.0,2,106.0,108.5,2,99.5,132.5,0.0,0.0,0.0,0.0,86
2023-05-10 21:02:51,OI311P7300,OI311P7300,99.5,0.0,0.0,0.0,2,106.5,108.5,2,99.5,132.5,0.0,0.0,0.0,0.0,86
2023-05-10 21:02:56,OI311P7300,OI311P7300,99.5,0.0,0.0,0.0,2,106.5,109.0,8,99.5,132.5,0.0,0.0,0.0,0.0,86
2023-05-10 21:02:57,OI311P7300,OI311P7300,99.5,0.0,0.0,0.0,2,106.5,109.0,2,99.5,132.5,0.0,0.0,0.0,0.0,86
2023-05-10 21:02:57,OI311P7300,OI311P7300,99.5,0.0,0.0,0.0,8,107.0,109.0,2,99.5,132.5,0.0,0.0,0.0,0.0,86
2023-05-10 21:02:58,OI311P7300,OI311P7300,99.5,0.0,0.0,0.0,14,107.0,109.0,2,99.5,132.5,0.0,0.0,0.0,0.0,86
2023-05-10 21:03:03,OI311P7300,OI311P7300,99.5,0.0,0.0,0.0,14,107.0,112.0,18,99.5,132.5,0.0,0.0,0.0,0.0,86
2023-05-10 21:03:04,OI311P7300,OI311P7300,99.5,0.0,0.0,0.0,14,107.0,110.0,2,99.5,132.5,0.0,0.0,0.0,0.0,86
2023-05-10 21:03:05,OI311P7300,OI311P7300,99.5,0.0,0.0,0.0,8,107.0,112.0,6,99.5,132.5,0.0,0.0,0.0,0.0,86
2023-05-10 21:03:06,OI311P7300,OI311P7300,99.5,0.0,0.0,0.0,14,107.0,113.0,12,99.5,132.5,0.0,0.0,0.0,0.0,86
2023-05-10 21:03:06,OI311P7300,OI311P7300,99.5,0.0,0.0,0.0,20,107.0,113.0,18,99.5,132.5,0.0,0.0,0.0,0.0,86
2023-05-10 21:03:08,OI311P7300,OI311P7300,99.5,0.0,0.0,0.0,14,107.0,113.0,12,99.5,132.5,0.0,0.0,0.0,0.0,86
2023-05-10 21:03:08,OI311P7300,OI311P7300,99.5,0.0,0.0,0.0,8,107.0,116.0,12,99.5,132.5,0.0,0.0,0.0,0.0,86
2023-05-10 21:03:09,OI311P7300,OI311P7300,99.5,0.0,0.0,0.0,2,107.0,116.0,6,99.5,132.5,0.0,0.0,0.0,0.0,86
2023-05-10 21:03:10,OI311P7300,OI311P7300,99.5,0.0,0.0,0.0,2,108.5,116.0,12,99.5,132.5,0.0,0.0,0.0,0.0,86
2023-05-10 21:03:11,OI311P7300,OI311P7300,99.5,0.0,0.0,0.0,2,108.5,116.0,18,99.5,132.5,0.0,0.0,0.0,0.0,86
2023-05-10 21:03:11,OI311P7300,OI311P7300,99.5,0.0,0.0,0.0,20,108.5,116.0,24,99.5,132.5,0.0,0.0,0.0,0.0,86
2023-05-10 21:03:12,OI311P7300,OI311P7300,99.5,0.0,0.0,0.0,20,108.5,111.5,2,99.5,132.5,0.0,0.0,0.0,0.0,86
2023-05-10 21:03:13,OI311P7300,OI311P7300,99.5,0.0,0.0,0.0,20,108.5,111.0,2,99.5,132.5,0.0,0.0,0.0,0.0,86
2023-05-10 21:03:17,OI311P7300,OI311P7300,99.5,0.0,0.0,0.0,14,108.5,110.5,2,99.5,132.5,0.0,0.0,0.0,0.0,86
2023-05-10 21:03:19,OI311P7300,OI311P7300,99.5,0.0,0.0,0.0,12,108.5,110.5,2,99.5,132.5,0.0,0.0,0.0,0.0,86
2023-05-10 21:03:19,OI311P7300,OI311P7300,99.5,0.0,0.0,0.0,12,108.0,110.5,2,99.5,132.5,0.0,0.0,0.0,0.0,86
2023-05-10 21:03:20,OI311P7300,OI311P7300,99.5,0.0,0.0,0.0,18,108.0,110.5,2,99.5,132.5,0.0,0.0,0.0,0.0,86
2023-05-10 21:03:21,OI311P7300,OI311P7300,99.5,0.0,0.0,0.0,6,108.0,110.5,2,99.5,132.5,0.0,0.0,0.0,0.0,86
2023-05-10 21:03:21,OI311P7300,OI311P7300,99.5,0.0,0.0,0.0,2,107.5,110.0,2,99.5,132.5,0.0,0.0,0.0,0.0,86
2023-05-10 21:03:23,OI311P7300,OI311P7300,99.5,0.0,0.0,0.0,8,108.0,110.0,2,99.5,132.5,0.0,0.0,0.0,0.0,86
2023-05-10 21:03:24,OI311P7300,OI311P7300,99.5,0.0,0.0,0.0,20,108.0,110.0,2,99.5,132.5,0.0,0.0,0.0,0.0,86
2023-05-10 21:03:42,OI311P7300,OI311P7300,99.5,0.0,0.0,0.0,14,108.0,110.0,2,99.5,132.5,0.0,0.0,0.0,0.0,86
2023-05-10 21:03:43,OI311P7300,OI311P7300,99.5,0.0,0.0,0.0,20,108.0,110.0,2,99.5,132.5,0.0,0.0,0.0,0.0,86
2023-05-10 21:03:43,OI311P7300,OI311P7300,99.5,0.0,0.0,0.0,14,108.0,110.5,2,99.5,132.5,0.0,0.0,0.0,0.0,86
2023-05-10 21:03:51,OI311P7300,OI311P7300,99.5,0.0,0.0,0.0,2,108.5,110.5,2,99.5,132.5,0.0,0.0,0.0,0.0,86
2023-05-10 21:04:00,OI311P7300,OI311P7300,99.5,0.0,0.0,0.0,2,108.5,111.5,8,99.5,132.5,0.0,0.0,0.0,0.0,86
2023-05-10 21:04:02,OI311P7300,OI311P7300,99.5,0.0,0.0,0.0,20,108.5,111.5,14,99.5,132.5,0.0,0.0,0.0,0.0,86
2023-05-10 21:04:02,OI311P7300,OI311P7300,99.5,0.0,0.0,0.0,2,109.0,111.5,14,99.5,132.5,0.0,0.0,0.0,0.0,86
2023-05-10 21:04:10,OI311P7300,OI311P7300,99.5,0.0,0.0,0.0,2,109.0,111.0,2,99.5,132.5,0.0,0.0,0.0,0.0,86
2023-05-10 21:04:12,OI311P7300,OI311P7300,99.5,0.0,0.0,0.0,8,108.5,111.0,2,99.5,132.5,0.0,0.0,0.0,0.0,86
2023-05-10 21:04:14,OI311P7300,OI311P7300,99.5,0.0,0.0,0.0,2,108.5,111.0,2,99.5,132.5,0.0,0.0,0.0,0.0,86
2023-05-10 21:04:39,OI311P7300,OI311P7300,99.5,0.0,0.0,0.0,2,108.5,110.5,2,99.5,132.5,0.0,0.0,0.0,0.0,86
2023-05-10 21:05:05,OI311P7300,OI311P7300,99.5,0.0,0.0,0.0,8,107.5,110.5,2,99.5,132.5,0.0,0.0,0.0,0.0,86
2023-05-10 21:05:06,OI311P7300,OI311P7300,99.5,0.0,0.0,0.0,2,107.5,110.5,2,99.5,132.5,0.0,0.0,0.0,0.0,86
2023-05-10 21:05:10,OI311P7300,OI311P7300,99.5,0.0,0.0,0.0,2,107.5,110.0,2,99.5,132.5,0.0,0.0,0.0,0.0,86
2023-05-10 21:05:12,OI311P7300,OI311P7300,99.5,0.0,0.0,0.0,2,107.5,109.5,2,99.5,132.5,0.0,0.0,0.0,0.0,86
2023-05-10 21:05:18,OI311P7300,OI311P7300,99.5,0.0,0.0,0.0,14,106.5,109.5,2,99.5,132.5,0.0,0.0,0.0,0.0,86
2023-05-10 21:05:19,OI311P7300,OI311P7300,99.5,0.0,0.0,0.0,8,106.5,109.5,2,99.5,132.5,0.0,0.0,0.0,0.0,86
2023-05-10 21:05:19,OI311P7300,OI311P7300,99.5,0.0,0.0,0.0,2,106.5,109.5,2,99.5,132.5,0.0,0.0,0.0,0.0,86
2023-05-10 21:05:26,OI311P7300,OI311P7300,99.5,0.0,0.0,0.0,2,107.0,109.5,2,99.5,132.5,0.0,0.0,0.0,0.0,86
2023-05-10 21:05:32,OI311P7300,OI311P7300,99.5,0.0,0.0,0.0,2,107.5,109.5,2,99.5,132.5,0.0,0.0,0.0,0.0,86
2023-05-10 21:05:33,OI311P7300,OI311P7300,99.5,0.0,0.0,0.0,2,108.0,110.0,8,99.5,132.5,0.0,0.0,0.0,0.0,86
2023-05-10 21:05:33,OI311P7300,OI311P7300,99.5,0.0,0.0,0.0,2,108.0,110.0,2,99.5,132.5,0.0,0.0,0.0,0.0,86
2023-05-10 21:05:37,OI311P7300,OI311P7300,99.5,0.0,0.0,0.0,2,108.0,111.0,2,99.5,132.5,0.0,0.0,0.0,0.0,86
2023-05-10 21:05:39,OI311P7300,OI311P7300,99.5,0.0,0.0,0.0,2,108.5,111.0,2,99.5,132.5,0.0,0.0,0.0,0.0,86
2023-05-10 21:05:42,OI311P7300,OI311P7300,99.5,0.0,0.0,0.0,2,108.5,110.5,2,99.5,132.5,0.0,0.0,0.0,0.0,86
2023-05-10 21:05:46,OI311P7300,OI311P7300,99.5,0.0,0.0,0.0,8,108.0,110.5,2,99.5,132.5,0.0,0.0,0.0,0.0,86
2023-05-10 21:05:47,OI311P7300,OI311P7300,99.5,0.0,0.0,0.0,14,108.0,110.0,2,99.5,132.5,0.0,0.0,0.0,0.0,86
2023-05-10 21:06:10,OI311P7300,OI311P7300,99.5,0.0,0.0,0.0,6,108.0,109.5,2,99.5,132.5,0.0,0.0,0.0,0.0,86
2023-05-10 21:06:10,OI311P7300,OI311P7300,99.5,0.0,0.0,0.0,8,107.0,109.5,2,99.5,132.5,0.0,0.0,0.0,0.0,86
2023-05-10 21:06:11,OI311P7300,OI311P7300,99.5,0.0,0.0,0.0,2,107.0,109.5,2,99.5,132.5,0.0,0.0,0.0,0.0,86
2023-05-10 21:06:23,OI311P7300,OI311P7300,99.5,0.0,0.0,0.0,2,107.0,109.0,2,99.5,132.5,0.0,0.0,0.0,0.0,86
2023-05-10 21:06:51,OI311P7300,OI311P7300,99.5,0.0,0.0,0.0,14,106.0,109.0,2,99.5,132.5,0.0,0.0,0.0,0.0,86
2023-05-10 21:06:52,OI311P7300,OI311P7300,99.5,0.0,0.0,0.0,8,106.0,109.0,2,99.5,132.5,0.0,0.0,0.0,0.0,86
2023-05-10 21:06:53,OI311P7300,OI311P7300,99.5,0.0,0.0,0.0,2,106.0,109.0,2,99.5,132.5,0.0,0.0,0.0,0.0,86
2023-05-10 21:06:54,OI311P7300,OI311P7300,99.5,0.0,0.0,0.0,2,106.0,108.5,2,99.5,132.5,0.0,0.0,0.0,0.0,86
2023-05-10 21:07:01,OI311P7300,OI311P7300,99.5,0.0,0.0,0.0,2,106.5,108.5,2,99.5,132.5,0.0,0.0,0.0,0.0,86
2023-05-10 21:07:03,OI311P7300,OI311P7300,99.5,0.0,0.0,0.0,2,107.0,109.0,8,99.5,132.5,0.0,0.0,0.0,0.0,86
2023-05-10 21:07:03,OI311P7300,OI311P7300,99.5,0.0,0.0,0.0,2,107.0,109.0,14,99.5,132.5,0.0,0.0,0.0,0.0,86
2023-05-10 21:07:15,OI311P7300,OI311P7300,99.5,0.0,0.0,0.0,8,106.5,108.5,2,99.5,132.5,0.0,0.0,0.0,0.0,86
2023-05-10 21:07:15,OI311P7300,OI311P7300,99.5,0.0,0.0,0.0,14,106.5,108.5,2,99.5,132.5,0.0,0.0,0.0,0.0,86
2023-05-10 21:07:17,OI311P7300,OI311P7300,99.5,0.0,0.0,0.0,6,106.5,108.5,2,99.5,132.5,0.0,0.0,0.0,0.0,86
2023-05-10 21:07:17,OI311P7300,OI311P7300,99.5,0.0,0.0,0.0,6,105.0,108.5,2,99.5,132.5,0.0,0.0,0.0,0.0,86
2023-05-10 21:07:18,OI311P7300,OI311P7300,99.5,0.0,0.0,0.0,6,104.0,108.5,2,99.5,132.5,0.0,0.0,0.0,0.0,86
2023-05-10 21:07:18,OI311P7300,OI311P7300,99.5,0.0,0.0,0.0,2,105.0,108.0,2,99.5,132.5,0.0,0.0,0.0,0.0,86
2023-05-10 21:07:19,OI311P7300,OI311P7300,99.5,0.0,0.0,0.0,2,105.5,108.0,2,99.5,132.5,0.0,0.0,0.0,0.0,86
2023-05-10 21:07:26,OI311P7300,OI311P7300,99.5,0.0,0.0,0.0,2,105.5,107.5,2,99.5,132.5,0.0,0.0,0.0,0.0,86
2023-05-10 21:07:50,OI311P7300,OI311P7300,99.5,0.0,0.0,0.0,20,105.0,107.5,2,99.5,132.5,0.0,0.0,0.0,0.0,86
2023-05-10 21:07:51,OI311P7300,OI311P7300,99.5,0.0,0.0,0.0,14,105.0,107.0,2,99.5,132.5,0.0,0.0,0.0,0.0,86
2023-05-10 21:08:06,OI311P7300,OI311P7300,99.5,0.0,0.0,0.0,6,105.0,107.0,2,99.5,132.5,0.0,0.0,0.0,0.0,86
2023-05-10 21:08:07,OI311P7300,OI311P7300,99.5,0.0,0.0,0.0,6,104.5,107.0,2,99.5,132.5,0.0,0.0,0.0,0.0,86
2023-05-10 21:08:08,OI311P7300,OI311P7300,99.5,0.0,0.0,0.0,2,104.0,107.0,2,99.5,132.5,0.0,0.0,0.0,0.0,86
2023-05-10 21:08:08,OI311P7300,OI311P7300,99.5,0.0,0.0,0.0,14,104.0,107.0,2,99.5,132.5,0.0,0.0,0.0,0.0,86
2023-05-10 21:08:09,OI311P7300,OI311P7300,99.5,0.0,0.0,0.0,2,104.0,107.0,2,99.5,132.5,0.0,0.0,0.0,0.0,86
2023-05-10 21:08:12,OI311P7300,OI311P7300,99.5,0.0,0.0,0.0,2,104.5,107.0,2,99.5,132.5,0.0,0.0,0.0,0.0,86
2023-05-10 21:08:12,OI311P7300,OI311P7300,99.5,0.0,0.0,0.0,8,104.5,107.0,2,99.5,132.5,0.0,0.0,0.0,0.0,86
2023-05-10 21:08:13,OI311P7300,OI311P7300,99.5,0.0,0.0,0.0,14,104.5,107.0,2,99.5,132.5,0.0,0.0,0.0,0.0,86
2023-05-10 21:08:15,OI311P7300,OI311P7300,99.5,0.0,0.0,0.0,20,104.5,107.0,2,99.5,132.5,0.0,0.0,0.0,0.0,86
2023-05-10 21:08:20,OI311P7300,OI311P7300,99.5,0.0,0.0,0.0,20,104.5,107.0,8,99.5,132.5,0.0,0.0,0.0,0.0,86
2023-05-10 21:08:20,OI311P7300,OI311P7300,99.5,0.0,0.0,0.0,14,104.5,107.0,20,99.5,132.5,0.0,0.0,0.0,0.0,86
2023-05-10 21:08:40,OI311P7300,OI311P7300,99.5,0.0,0.0,0.0,2,105.0,107.0,20,99.5,132.5,0.0,0.0,0.0,0.0,86
2023-05-10 21:09:26,OI311P7300,OI311P7300,99.5,0.0,0.0,0.0,2,105.0,107.0,18,99.5,132.5,0.0,0.0,0.0,0.0,86
2023-05-10 21:09:27,OI311P7300,OI311P7300,99.5,0.0,0.0,0.0,2,105.0,107.0,12,99.5,132.5,0.0,0.0,0.0,0.0,86
2023-05-10 21:09:27,OI311P7300,OI311P7300,99.5,0.0,0.0,0.0,2,105.5,107.5,14,99.5,132.5,0.0,0.0,0.0,0.0,86
2023-05-10 21:09:27,OI311P7300,OI311P7300,99.5,0.0,0.0,0.0,2,105.5,107.5,20,99.5,132.5,0.0,0.0,0.0,0.0,86
2023-05-10 21:09:28,OI311P7300,OI311P7300,99.5,0.0,0.0,0.0,2,105.5,107.5,14,99.5,132.5,0.0,0.0,0.0,0.0,86
2023-05-10 21:09:36,OI311P7300,OI311P7300,99.5,0.0,0.0,0.0,2,105.5,107.0,6,99.5,132.5,0.0,0.0,0.0,0.0,86
2023-05-10 21:09:37,OI311P7300,OI311P7300,99.5,0.0,0.0,0.0,2,105.5,107.0,18,99.5,132.5,0.0,0.0,0.0,0.0,86
2023-05-10 21:10:05,OI311P7300,OI311P7300,99.5,0.0,0.0,0.0,14,105.0,106.5,6,99.5,132.5,0.0,0.0,0.0,0.0,86
2023-05-10 21:10:06,OI311P7300,OI311P7300,99.5,0.0,0.0,0.0,2,105.0,106.5,6,99.5,132.5,0.0,0.0,0.0,0.0,86
2023-05-10 21:10:08,OI311P7300,OI311P7300,99.5,0.0,0.0,0.0,2,105.0,106.5,12,99.5,132.5,0.0,0.0,0.0,0.0,86
2023-05-10 21:10:08,OI311P7300,OI311P7300,99.5,0.0,0.0,0.0,2,105.0,106.5,18,99.5,132.5,0.0,0.0,0.0,0.0,86
2023-05-10 21:10:16,OI311P7300,OI311P7300,99.5,0.0,0.0,0.0,18,104.5,106.5,18,99.5,132.5,0.0,0.0,0.0,0.0,86
2023-05-10 21:10:16,OI311P7300,OI311P7300,99.5,0.0,0.0,0.0,18,104.5,106.5,20,99.5,132.5,0.0,0.0,0.0,0.0,86
2023-05-10 21:10:17,OI311P7300,OI311P7300,99.5,0.0,0.0,0.0,6,104.5,106.5,14,99.5,132.5,0.0,0.0,0.0,0.0,86
2023-05-10 21:10:18,OI311P7300,OI311P7300,99.5,0.0,0.0,0.0,20,104.0,106.5,20,99.5,132.5,0.0,0.0,0.0,0.0,86
2023-05-10 21:10:18,OI311P7300,OI311P7300,99.5,0.0,0.0,0.0,14,104.0,106.5,20,99.5,132.5,0.0,0.0,0.0,0.0,86
2023-05-10 21:10:32,OI311P7300,OI311P7300,99.5,0.0,0.0,0.0,2,104.5,106.5,20,99.5,132.5,0.0,0.0,0.0,0.0,86
2023-05-10 21:10:55,OI311P7300,OI311P7300,99.5,0.0,0.0,0.0,2,104.5,106.5,14,99.5,132.5,0.0,0.0,0.0,0.0,86
2023-05-10 21:11:06,OI311P7300,OI311P7300,99.5,0.0,0.0,0.0,2,104.5,106.5,20,99.5,132.5,0.0,0.0,0.0,0.0,86
2023-05-10 21:11:16,OI311P7300,OI311P7300,99.5,0.0,0.0,0.0,2,104.5,106.5,14,99.5,132.5,0.0,0.0,0.0,0.0,86
2023-05-10 21:12:20,OI311P7300,OI311P7300,99.5,0.0,0.0,0.0,2,104.5,106.5,6,99.5,132.5,0.0,0.0,0.0,0.0,86
2023-05-10 21:12:21,OI311P7300,OI311P7300,99.5,0.0,0.0,0.0,2,104.5,107.0,20,99.5,132.5,0.0,0.0,0.0,0.0,86
2023-05-10 21:12:22,OI311P7300,OI311P7300,99.5,0.0,0.0,0.0,2,105.0,107.0,20,99.5,132.5,0.0,0.0,0.0,0.0,86
2023-05-10 21:12:38,OI311P7300,OI311P7300,99.5,0.0,0.0,0.0,2,105.0,106.5,6,99.5,132.5,0.0,0.0,0.0,0.0,86
2023-05-10 21:12:38,OI311P7300,OI311P7300,99.5,0.0,0.0,0.0,2,105.0,106.5,18,99.5,132.5,0.0,0.0,0.0,0.0,86
2023-05-10 21:12:51,OI311P7300,OI311P7300,99.5,0.0,0.0,0.0,2,105.0,106.5,6,99.5,132.5,0.0,0.0,0.0,0.0,86
2023-05-10 21:12:51,OI311P7300,OI311P7300,99.5,0.0,0.0,0.0,2,105.0,107.0,20,99.5,132.5,0.0,0.0,0.0,0.0,86
2023-05-10 21:12:52,OI311P7300,OI311P7300,99.5,0.0,0.0,0.0,2,105.0,107.0,26,99.5,132.5,0.0,0.0,0.0,0.0,86
2023-05-10 21:12:53,OI311P7300,OI311P7300,99.5,0.0,0.0,0.0,2,105.0,107.0,20,99.5,132.5,0.0,0.0,0.0,0.0,86
2023-05-10 21:12:57,OI311P7300,OI311P7300,99.5,0.0,0.0,0.0,2,105.0,106.5,6,99.5,132.5,0.0,0.0,0.0,0.0,86
2023-05-10 21:12:58,OI311P7300,OI311P7300,99.5,0.0,0.0,0.0,2,105.0,106.5,18,99.5,132.5,0.0,0.0,0.0,0.0,86
2023-05-10 21:13:01,OI311P7300,OI311P7300,99.5,0.0,0.0,0.0,20,104.5,106.5,20,99.5,132.5,0.0,0.0,0.0,0.0,86
2023-05-10 21:13:03,OI311P7300,OI311P7300,99.5,0.0,0.0,0.0,14,104.5,106.5,20,99.5,132.5,0.0,0.0,0.0,0.0,86
2023-05-10 21:13:07,OI311P7300,OI311P7300,99.5,0.0,0.0,0.0,6,104.5,106.5,14,99.5,132.5,0.0,0.0,0.0,0.0,86
2023-05-10 21:13:08,OI311P7300,OI311P7300,99.5,0.0,0.0,0.0,12,104.0,106.0,2,99.5,132.5,0.0,0.0,0.0,0.0,86
2023-05-10 21:13:08,OI311P7300,OI311P7300,99.5,0.0,0.0,0.0,18,104.0,106.0,2,99.5,132.5,0.0,0.0,0.0,0.0,86
2023-05-10 21:13:09,OI311P7300,OI311P7300,99.5,0.0,0.0,0.0,6,104.0,106.0,2,99.5,132.5,0.0,0.0,0.0,0.0,86
2023-05-10 21:13:09,OI311P7300,OI311P7300,99.5,0.0,0.0,0.0,20,103.5,106.0,2,99.5,132.5,0.0,0.0,0.0,0.0,86
2023-05-10 21:13:10,OI311P7300,OI311P7300,99.5,0.0,0.0,0.0,14,103.5,106.0,2,99.5,132.5,0.0,0.0,0.0,0.0,86
2023-05-10 21:13:19,OI311P7300,OI311P7300,99.5,0.0,0.0,0.0,2,104.0,106.0,2,99.5,132.5,0.0,0.0,0.0,0.0,86
2023-05-10 21:13:28,OI311P7300,OI311P7300,99.5,0.0,0.0,0.0,2,104.0,106.5,20,99.5,132.5,0.0,0.0,0.0,0.0,86
2023-05-10 21:13:29,OI311P7300,OI311P7300,99.5,0.0,0.0,0.0,2,104.5,106.5,26,99.5,132.5,0.0,0.0,0.0,0.0,86
2023-05-10 21:13:29,OI311P7300,OI311P7300,99.5,0.0,0.0,0.0,2,104.5,106.5,14,99.5,132.5,0.0,0.0,0.0,0.0,86
2023-05-10 21:13:45,OI311P7300,OI311P7300,99.5,0.0,0.0,0.0,2,104.5,106.5,26,99.5,132.5,0.0,0.0,0.0,0.0,86
2023-05-10 21:14:03,OI311P7300,OI311P7300,99.5,0.0,0.0,0.0,20,104.0,106.0,2,99.5,132.5,0.0,0.0,0.0,0.0,86
2023-05-10 21:14:04,OI311P7300,OI311P7300,99.5,0.0,0.0,0.0,8,104.0,106.0,14,99.5,132.5,0.0,0.0,0.0,0.0,86
2023-05-10 21:14:04,OI311P7300,OI311P7300,99.5,0.0,0.0,0.0,6,103.5,106.0,14,99.5,132.5,0.0,0.0,0.0,0.0,86
2023-05-10 21:14:05,OI311P7300,OI311P7300,99.5,0.0,0.0,0.0,14,103.0,106.0,14,99.5,132.5,0.0,0.0,0.0,0.0,86
2023-05-10 21:14:05,OI311P7300,OI311P7300,99.5,0.0,0.0,0.0,26,103.0,106.0,20,99.5,132.5,0.0,0.0,0.0,0.0,86
2023-05-10 21:14:06,OI311P7300,OI311P7300,99.5,0.0,0.0,0.0,20,103.0,106.0,20,99.5,132.5,0.0,0.0,0.0,0.0,86
2023-05-10 21:14:11,OI311P7300,OI311P7300,99.5,0.0,0.0,0.0,20,103.0,105.5,2,99.5,132.5,0.0,0.0,0.0,0.0,86
2023-05-10 21:14:13,OI311P7300,OI311P7300,99.5,0.0,0.0,0.0,14,103.0,105.5,2,99.5,132.5,0.0,0.0,0.0,0.0,86
2023-05-10 21:14:17,OI311P7300,OI311P7300,99.5,0.0,0.0,0.0,14,103.0,105.5,8,99.5,132.5,0.0,0.0,0.0,0.0,86
2023-05-10 21:14:17,OI311P7300,OI311P7300,99.5,0.0,0.0,0.0,14,103.0,105.5,20,99.5,132.5,0.0,0.0,0.0,0.0,86
2023-05-10 21:14:19,OI311P7300,OI311P7300,99.5,0.0,0.0,0.0,14,103.0,105.5,14,99.5,132.5,0.0,0.0,0.0,0.0,86
2023-05-10 21:14:25,OI311P7300,OI311P7300,99.5,0.0,0.0,0.0,14,103.0,105.5,20,99.5,132.5,0.0,0.0,0.0,0.0,86
2023-05-10 21:14:36,OI311P7300,OI311P7300,99.5,0.0,0.0,0.0,14,103.0,105.5,14,99.5,132.5,0.0,0.0,0.0,0.0,86
2023-05-10 21:14:42,OI311P7300,OI311P7300,99.5,0.0,0.0,0.0,14,103.0,105.5,20,99.5,132.5,0.0,0.0,0.0,0.0,86
2023-05-10 21:14:48,OI311P7300,OI311P7300,99.5,0.0,0.0,0.0,14,103.0,105.5,26,99.5,132.5,0.0,0.0,0.0,0.0,86
2023-05-10 21:14:59,OI311P7300,OI311P7300,99.5,0.0,0.0,0.0,14,103.0,105.0,2,99.5,132.5,0.0,0.0,0.0,0.0,86
2023-05-10 21:14:59,OI311P7300,OI311P7300,99.5,0.0,0.0,0.0,8,103.0,105.0,2,99.5,132.5,0.0,0.0,0.0,0.0,86
2023-05-10 21:15:16,OI311P7300,OI311P7300,99.5,0.0,0.0,0.0,2,103.0,105.0,2,99.5,132.5,0.0,0.0,0.0,0.0,86
2023-05-10 21:15:19,OI311P7300,OI311P7300,99.5,0.0,0.0,0.0,14,103.0,105.0,2,99.5,132.5,0.0,0.0,0.0,0.0,86
2023-05-10 21:15:28,OI311P7300,OI311P7300,99.5,0.0,0.0,0.0,8,103.0,105.0,2,99.5,132.5,0.0,0.0,0.0,0.0,86
2023-05-10 21:15:28,OI311P7300,OI311P7300,99.5,0.0,0.0,0.0,2,103.0,105.0,2,99.5,132.5,0.0,0.0,0.0,0.0,86
2023-05-10 21:15:30,OI311P7300,OI311P7300,99.5,0.0,0.0,0.0,12,102.5,105.0,2,99.5,132.5,0.0,0.0,0.0,0.0,86
2023-05-10 21:15:30,OI311P7300,OI311P7300,99.5,0.0,0.0,0.0,18,102.5,105.0,2,99.5,132.5,0.0,0.0,0.0,0.0,86
2023-05-10 21:15:31,OI311P7300,OI311P7300,99.5,0.0,0.0,0.0,6,102.5,105.0,2,99.5,132.5,0.0,0.0,0.0,0.0,86
2023-05-10 21:15:32,OI311P7300,OI311P7300,99.5,0.0,0.0,0.0,24,102.0,105.0,2,99.5,132.5,0.0,0.0,0.0,0.0,86
2023-05-10 21:15:33,OI311P7300,OI311P7300,99.5,0.0,0.0,0.0,18,102.0,104.0,2,99.5,132.5,0.0,0.0,0.0,0.0,86
2023-05-10 21:15:33,OI311P7300,OI311P7300,99.5,0.0,0.0,0.0,24,102.0,104.0,2,99.5,132.5,0.0,0.0,0.0,0.0,86
2023-05-10 21:15:45,OI311P7300,OI311P7300,99.5,0.0,0.0,0.0,18,102.0,104.0,2,99.5,132.5,0.0,0.0,0.0,0.0,86
2023-05-10 21:15:51,OI311P7300,OI311P7300,99.5,0.0,0.0,0.0,20,102.0,104.0,2,99.5,132.5,0.0,0.0,0.0,0.0,86
2023-05-10 21:15:54,OI311P7300,OI311P7300,99.5,0.0,0.0,0.0,26,102.0,104.0,2,99.5,132.5,0.0,0.0,0.0,0.0,86
2023-05-10 21:16:13,OI311P7300,OI311P7300,99.5,0.0,0.0,0.0,20,102.0,104.0,2,99.5,132.5,0.0,0.0,0.0,0.0,86
2023-05-10 21:16:18,OI311P7300,OI311P7300,99.5,0.0,0.0,0.0,14,102.0,104.0,2,99.5,132.5,0.0,0.0,0.0,0.0,86
2023-05-10 21:16:40,OI311P7300,OI311P7300,99.5,0.0,0.0,0.0,14,102.0,104.5,24,99.5,132.5,0.0,0.0,0.0,0.0,86
2023-05-10 21:16:40,OI311P7300,OI311P7300,99.5,0.0,0.0,0.0,26,102.0,104.5,18,99.5,132.5,0.0,0.0,0.0,0.0,86
2023-05-10 21:16:41,OI311P7300,OI311P7300,99.5,0.0,0.0,0.0,2,102.5,105.0,14,99.5,132.5,0.0,0.0,0.0,0.0,86
2023-05-10 21:16:41,OI311P7300,OI311P7300,99.5,0.0,0.0,0.0,20,102.5,105.0,20,99.5,132.5,0.0,0.0,0.0,0.0,86
2023-05-10 21:16:41,OI311P7300,OI311P7300,99.5,0.0,0.0,0.0,20,102.5,105.0,14,99.5,132.5,0.0,0.0,0.0,0.0,86
2023-05-10 21:16:51,OI311P7300,OI311P7300,99.5,0.0,0.0,0.0,14,102.5,105.0,14,99.5,132.5,0.0,0.0,0.0,0.0,86
2023-05-10 21:16:58,OI311P7300,OI311P7300,99.5,0.0,0.0,0.0,14,102.5,105.0,20,99.5,132.5,0.0,0.0,0.0,0.0,86
2023-05-10 21:17:17,OI311P7300,OI311P7300,99.5,0.0,0.0,0.0,2,103.0,105.0,20,99.5,132.5,0.0,0.0,0.0,0.0,86
2023-05-10 21:17:18,OI311P7300,OI311P7300,99.5,0.0,0.0,0.0,8,103.0,105.0,14,99.5,132.5,0.0,0.0,0.0,0.0,86
2023-05-10 21:17:18,OI311P7300,OI311P7300,99.5,0.0,0.0,0.0,14,103.0,105.0,20,99.5,132.5,0.0,0.0,0.0,0.0,86
2023-05-10 21:17:23,OI311P7300,OI311P7300,99.5,0.0,0.0,0.0,2,103.0,105.0,20,99.5,132.5,0.0,0.0,0.0,0.0,86
2023-05-10 21:17:23,OI311P7300,OI311P7300,99.5,0.0,0.0,0.0,2,103.0,105.0,26,99.5,132.5,0.0,0.0,0.0,0.0,86
2023-05-10 21:17:49,OI311P7300,OI311P7300,99.5,0.0,0.0,0.0,2,103.0,105.0,20,99.5,132.5,0.0,0.0,0.0,0.0,86
2023-05-10 21:18:01,OI311P7300,OI311P7300,99.5,0.0,0.0,0.0,2,103.0,105.0,26,99.5,132.5,0.0,0.0,0.0,0.0,86
2023-05-10 21:18:10,OI311P7300,OI311P7300,99.5,0.0,0.0,0.0,20,102.5,104.5,8,99.5,132.5,0.0,0.0,0.0,0.0,86
2023-05-10 21:18:10,OI311P7300,OI311P7300,99.5,0.0,0.0,0.0,14,102.5,104.0,6,99.5,132.5,0.0,0.0,0.0,0.0,86
2023-05-10 21:18:11,OI311P7300,OI311P7300,99.5,0.0,0.0,0.0,2,102.5,104.0,6,99.5,132.5,0.0,0.0,0.0,0.0,86
2023-05-10 21:18:11,OI311P7300,OI311P7300,99.5,0.0,0.0,0.0,2,102.5,104.0,12,99.5,132.5,0.0,0.0,0.0,0.0,86
2023-05-10 21:18:12,OI311P7300,OI311P7300,99.5,0.0,0.0,0.0,2,102.5,104.0,20,99.5,132.5,0.0,0.0,0.0,0.0,86
2023-05-10 21:18:13,OI311P7300,OI311P7300,99.5,0.0,0.0,0.0,18,102.0,104.0,20,99.5,132.5,0.0,0.0,0.0,0.0,86
2023-05-10 21:18:13,OI311P7300,OI311P7300,99.5,0.0,0.0,0.0,24,102.0,104.0,20,99.5,132.5,0.0,0.0,0.0,0.0,86
2023-05-10 21:18:14,OI311P7300,OI311P7300,99.5,0.0,0.0,0.0,18,102.0,104.0,20,99.5,132.5,0.0,0.0,0.0,0.0,86
2023-05-10 21:18:14,OI311P7300,OI311P7300,99.5,0.0,0.0,0.0,18,102.0,104.0,26,99.5,132.5,0.0,0.0,0.0,0.0,86
2023-05-10 21:18:16,OI311P7300,OI311P7300,99.5,0.0,0.0,0.0,18,102.0,104.0,32,99.5,132.5,0.0,0.0,0.0,0.0,86
2023-05-10 21:18:22,OI311P7300,OI311P7300,99.5,0.0,0.0,0.0,20,102.0,104.0,26,99.5,132.5,0.0,0.0,0.0,0.0,86
2023-05-10 21:18:22,OI311P7300,OI311P7300,99.5,0.0,0.0,0.0,20,102.0,104.0,20,99.5,132.5,0.0,0.0,0.0,0.0,86
2023-05-10 21:18:26,OI311P7300,OI311P7300,99.5,0.0,0.0,0.0,20,102.0,104.0,14,99.5,132.5,0.0,0.0,0.0,0.0,86
2023-05-10 21:18:34,OI311P7300,OI311P7300,99.5,0.0,0.0,0.0,20,102.0,104.0,20,99.5,132.5,0.0,0.0,0.0,0.0,86
2023-05-10 21:19:19,OI311P7300,OI311P7300,99.5,0.0,0.0,0.0,20,102.0,104.0,32,99.5,132.5,0.0,0.0,0.0,0.0,86
2023-05-10 21:19:54,OI311P7300,OI311P7300,99.5,0.0,0.0,0.0,20,102.0,104.0,20,99.5,132.5,0.0,0.0,0.0,0.0,86
2023-05-10 21:20:05,OI311P7300,OI311P7300,99.5,0.0,0.0,0.0,20,102.0,104.0,32,99.5,132.5,0.0,0.0,0.0,0.0,86
2023-05-10 21:20:06,OI311P7300,OI311P7300,99.5,0.0,0.0,0.0,6,102.0,103.5,8,99.5,132.5,0.0,0.0,0.0,0.0,86
2023-05-10 21:20:06,OI311P7300,OI311P7300,99.5,0.0,0.0,0.0,20,101.5,103.5,14,99.5,132.5,0.0,0.0,0.0,0.0,86
2023-05-10 21:20:07,OI311P7300,OI311P7300,99.5,0.0,0.0,0.0,26,101.5,103.5,20,99.5,132.5,0.0,0.0,0.0,0.0,86
2023-05-10 21:20:07,OI311P7300,OI311P7300,99.5,0.0,0.0,0.0,20,101.5,103.5,20,99.5,132.5,0.0,0.0,0.0,0.0,86
2023-05-10 21:20:31,OI311P7300,OI311P7300,99.5,0.0,0.0,0.0,20,101.5,103.5,14,99.5,132.5,0.0,0.0,0.0,0.0,86
2023-05-10 21:20:38,OI311P7300,OI311P7300,99.5,0.0,0.0,0.0,20,101.5,103.5,20,99.5,132.5,0.0,0.0,0.0,0.0,86
2023-05-10 21:20:44,OI311P7300,OI311P7300,99.5,0.0,0.0,0.0,20,101.5,103.5,26,99.5,132.5,0.0,0.0,0.0,0.0,86
2023-05-10 21:20:59,OI311P7300,OI311P7300,99.5,0.0,0.0,0.0,20,101.5,103.5,20,99.5,132.5,0.0,0.0,0.0,0.0,86
2023-05-10 21:21:14,OI311P7300,OI311P7300,99.5,0.0,0.0,0.0,20,101.5,103.5,18,99.5,132.5,0.0,0.0,0.0,0.0,86
2023-05-10 21:21:15,OI311P7300,OI311P7300,99.5,0.0,0.0,0.0,2,102.0,103.5,12,99.5,132.5,0.0,0.0,0.0,0.0,86
2023-05-10 21:21:15,OI311P7300,OI311P7300,99.5,0.0,0.0,0.0,2,102.0,103.5,18,99.5,132.5,0.0,0.0,0.0,0.0,86
2023-05-10 21:21:17,OI311P7300,OI311P7300,99.5,0.0,0.0,0.0,2,102.0,103.5,6,99.5,132.5,0.0,0.0,0.0,0.0,86
2023-05-10 21:21:17,OI311P7300,OI311P7300,99.5,0.0,0.0,0.0,2,102.0,104.0,14,99.5,132.5,0.0,0.0,0.0,0.0,86
2023-05-10 21:21:18,OI311P7300,OI311P7300,99.5,0.0,0.0,0.0,2,102.0,104.0,20,99.5,132.5,0.0,0.0,0.0,0.0,86
2023-05-10 21:21:18,OI311P7300,OI311P7300,99.5,0.0,0.0,0.0,2,102.0,104.0,14,99.5,132.5,0.0,0.0,0.0,0.0,86
2023-05-10 21:21:43,OI311P7300,OI311P7300,99.5,0.0,0.0,0.0,20,102.0,104.0,12,99.5,132.5,0.0,0.0,0.0,0.0,86
2023-05-10 21:21:44,OI311P7300,OI311P7300,99.5,0.0,0.0,0.0,20,102.0,104.5,18,99.5,132.5,0.0,0.0,0.0,0.0,86
2023-05-10 21:21:44,OI311P7300,OI311P7300,99.5,0.0,0.0,0.0,2,102.5,104.5,18,99.5,132.5,0.0,0.0,0.0,0.0,86
2023-05-10 21:21:45,OI311P7300,OI311P7300,99.5,0.0,0.0,0.0,2,102.5,104.5,6,99.5,132.5,0.0,0.0,0.0,0.0,86
2023-05-10 21:21:46,OI311P7300,OI311P7300,99.5,0.0,0.0,0.0,2,102.5,104.5,18,99.5,132.5,0.0,0.0,0.0,0.0,86
2023-05-10 21:22:06,OI311P7300,OI311P7300,99.5,0.0,0.0,0.0,2,103.0,104.5,12,99.5,132.5,0.0,0.0,0.0,0.0,86
2023-05-10 21:22:07,OI311P7300,OI311P7300,99.5,0.0,0.0,0.0,14,103.0,105.0,20,99.5,132.5,0.0,0.0,0.0,0.0,86
2023-05-10 21:22:08,OI311P7300,OI311P7300,99.5,0.0,0.0,0.0,14,103.0,105.0,8,99.5,132.5,0.0,0.0,0.0,0.0,86
2023-05-10 21:22:08,OI311P7300,OI311P7300,99.5,0.0,0.0,0.0,20,103.0,105.0,2,99.5,132.5,0.0,0.0,0.0,0.0,86
2023-05-10 21:22:13,OI311P7300,OI311P7300,99.5,0.0,0.0,0.0,20,103.0,105.5,24,99.5,132.5,0.0,0.0,0.0,0.0,86
2023-05-10 21:22:13,OI311P7300,OI311P7300,99.5,0.0,0.0,0.0,2,103.5,105.5,30,99.5,132.5,0.0,0.0,0.0,0.0,86
2023-05-10 21:22:14,OI311P7300,OI311P7300,99.5,0.0,0.0,0.0,2,103.5,105.5,24,99.5,132.5,0.0,0.0,0.0,0.0,86
2023-05-10 21:22:22,OI311P7300,OI311P7300,99.5,0.0,0.0,0.0,2,103.5,105.5,18,99.5,132.5,0.0,0.0,0.0,0.0,86
2023-05-10 21:22:22,OI311P7300,OI311P7300,99.5,0.0,0.0,0.0,2,104.0,105.5,18,99.5,132.5,0.0,0.0,0.0,0.0,86
2023-05-10 21:22:31,OI311P7300,OI311P7300,99.5,0.0,0.0,0.0,8,104.0,105.5,6,99.5,132.5,0.0,0.0,0.0,0.0,86
2023-05-10 21:22:32,OI311P7300,OI311P7300,99.5,0.0,0.0,0.0,20,104.0,106.0,20,99.5,132.5,0.0,0.0,0.0,0.0,86
2023-05-10 21:22:32,OI311P7300,OI311P7300,99.5,0.0,0.0,0.0,26,104.0,106.0,26,99.5,132.5,0.0,0.0,0.0,0.0,86
2023-05-10 21:22:33,OI311P7300,OI311P7300,99.5,0.0,0.0,0.0,26,104.0,106.0,20,99.5,132.5,0.0,0.0,0.0,0.0,86
2023-05-10 21:22:33,OI311P7300,OI311P7300,99.5,0.0,0.0,0.0,26,104.0,106.0,12,99.5,132.5,0.0,0.0,0.0,0.0,86
2023-05-10 21:22:34,OI311P7300,OI311P7300,99.5,0.0,0.0,0.0,26,104.0,106.5,30,99.5,132.5,0.0,0.0,0.0,0.0,86
2023-05-10 21:22:34,OI311P7300,OI311P7300,99.5,0.0,0.0,0.0,20,104.0,106.5,30,99.5,132.5,0.0,0.0,0.0,0.0,86
2023-05-10 21:22:35,OI311P7300,OI311P7300,99.5,0.0,0.0,0.0,20,104.0,106.5,24,99.5,132.5,0.0,0.0,0.0,0.0,86
2023-05-10 21:22:46,OI311P7300,OI311P7300,99.5,0.0,0.0,0.0,2,104.5,106.5,24,99.5,132.5,0.0,0.0,0.0,0.0,86
2023-05-10 21:23:24,OI311P7300,OI311P7300,99.5,0.0,0.0,0.0,2,104.5,106.5,26,99.5,132.5,0.0,0.0,0.0,0.0,86
2023-05-10 21:23:47,OI311P7300,OI311P7300,99.5,0.0,0.0,0.0,14,104.0,106.0,2,99.5,132.5,0.0,0.0,0.0,0.0,86
2023-05-10 21:23:47,OI311P7300,OI311P7300,99.5,0.0,0.0,0.0,14,104.0,106.0,14,99.5,132.5,0.0,0.0,0.0,0.0,86
2023-05-10 21:23:47,OI311P7300,OI311P7300,99.5,0.0,0.0,0.0,14,104.0,106.0,20,99.5,132.5,0.0,0.0,0.0,0.0,86
2023-05-10 21:23:55,OI311P7300,OI311P7300,99.5,0.0,0.0,0.0,14,104.0,106.0,26,99.5,132.5,0.0,0.0,0.0,0.0,86
2023-05-10 21:24:02,OI311P7300,OI311P7300,99.5,0.0,0.0,0.0,12,104.0,105.5,2,99.5,132.5,0.0,0.0,0.0,0.0,86
2023-05-10 21:24:03,OI311P7300,OI311P7300,99.5,0.0,0.0,0.0,18,103.5,105.5,2,99.5,132.5,0.0,0.0,0.0,0.0,86
2023-05-10 21:24:04,OI311P7300,OI311P7300,99.5,0.0,0.0,0.0,6,103.5,105.5,2,99.5,132.5,0.0,0.0,0.0,0.0,86
2023-05-10 21:24:04,OI311P7300,OI311P7300,99.5,0.0,0.0,0.0,14,103.0,105.5,8,99.5,132.5,0.0,0.0,0.0,0.0,86
2023-05-10 21:24:05,OI311P7300,OI311P7300,99.5,0.0,0.0,0.0,20,103.0,105.5,14,99.5,132.5,0.0,0.0,0.0,0.0,86
2023-05-10 21:24:05,OI311P7300,OI311P7300,99.5,0.0,0.0,0.0,14,103.0,105.5,14,99.5,132.5,0.0,0.0,0.0,0.0,86
2023-05-10 21:24:06,OI311P7300,OI311P7300,99.5,0.0,0.0,0.0,14,103.0,105.5,20,99.5,132.5,0.0,0.0,0.0,0.0,86
2023-05-10 21:24:12,OI311P7300,OI311P7300,99.5,0.0,0.0,0.0,14,103.0,105.0,2,99.5,132.5,0.0,0.0,0.0,0.0,86
2023-05-10 21:25:06,OI311P7300,OI311P7300,99.5,0.0,0.0,0.0,12,103.0,105.0,26,99.5,132.5,0.0,0.0,0.0,0.0,86
2023-05-10 21:25:07,OI311P7300,OI311P7300,99.5,0.0,0.0,0.0,14,102.5,105.0,20,99.5,132.5,0.0,0.0,0.0,0.0,86
2023-05-10 21:25:07,OI311P7300,OI311P7300,99.5,0.0,0.0,0.0,20,102.5,104.5,8,99.5,132.5,0.0,0.0,0.0,0.0,86
2023-05-10 21:25:08,OI311P7300,OI311P7300,99.5,0.0,0.0,0.0,20,102.5,104.5,20,99.5,132.5,0.0,0.0,0.0,0.0,86
2023-05-10 21:25:33,OI311P7300,OI311P7300,99.5,0.0,0.0,0.0,14,102.5,104.0,2,99.5,132.5,0.0,0.0,0.0,0.0,86
2023-05-10 21:25:37,OI311P7300,OI311P7300,99.5,0.0,0.0,0.0,14,102.5,104.0,8,99.5,132.5,0.0,0.0,0.0,0.0,86
2023-05-10 21:25:38,OI311P7300,OI311P7300,99.5,0.0,0.0,0.0,14,102.5,104.0,20,99.5,132.5,0.0,0.0,0.0,0.0,86
2023-05-10 21:25:42,OI311P7300,OI311P7300,99.5,0.0,0.0,0.0,14,102.5,104.0,14,99.5,132.5,0.0,0.0,0.0,0.0,86
2023-05-10 21:25:43,OI311P7300,OI311P7300,99.5,0.0,0.0,0.0,12,102.5,104.0,14,99.5,132.5,0.0,0.0,0.0,0.0,86
2023-05-10 21:25:43,OI311P7300,OI311P7300,99.5,0.0,0.0,0.0,18,102.0,104.0,8,99.5,132.5,0.0,0.0,0.0,0.0,86
2023-05-10 21:25:44,OI311P7300,OI311P7300,99.5,0.0,0.0,0.0,24,102.0,104.0,8,99.5,132.5,0.0,0.0,0.0,0.0,86
2023-05-10 21:25:45,OI311P7300,OI311P7300,99.5,0.0,0.0,0.0,18,102.0,104.0,8,99.5,132.5,0.0,0.0,0.0,0.0,86
2023-05-10 21:25:50,OI311P7300,OI311P7300,99.5,0.0,0.0,0.0,20,102.0,104.0,8,99.5,132.5,0.0,0.0,0.0,0.0,86
2023-05-10 21:26:05,OI311P7300,OI311P7300,99.5,0.0,0.0,0.0,14,102.0,104.0,2,99.5,132.5,0.0,0.0,0.0,0.0,86
2023-05-10 21:26:07,OI311P7300,OI311P7300,99.5,0.0,0.0,0.0,20,102.0,104.0,2,99.5,132.5,0.0,0.0,0.0,0.0,86
2023-05-10 21:26:17,OI311P7300,OI311P7300,99.5,0.0,0.0,0.0,20,102.0,104.0,8,99.5,132.5,0.0,0.0,0.0,0.0,86
2023-05-10 21:26:18,OI311P7300,OI311P7300,99.5,0.0,0.0,0.0,20,102.0,104.0,20,99.5,132.5,0.0,0.0,0.0,0.0,86
2023-05-10 21:26:46,OI311P7300,OI311P7300,99.5,0.0,0.0,0.0,26,102.0,104.0,20,99.5,132.5,0.0,0.0,0.0,0.0,86
2023-05-10 21:26:52,OI311P7300,OI311P7300,99.5,0.0,0.0,0.0,20,102.0,104.0,20,99.5,132.5,0.0,0.0,0.0,0.0,86
2023-05-10 21:27:21,OI311P7300,OI311P7300,99.5,0.0,0.0,0.0,26,102.0,104.0,20,99.5,132.5,0.0,0.0,0.0,0.0,86
2023-05-10 21:27:24,OI311P7300,OI311P7300,99.5,0.0,0.0,0.0,26,102.0,104.0,14,99.5,132.5,0.0,0.0,0.0,0.0,86
2023-05-10 21:27:36,OI311P7300,OI311P7300,99.5,0.0,0.0,0.0,26,102.0,104.0,20,99.5,132.5,0.0,0.0,0.0,0.0,86
2023-05-10 21:27:37,OI311P7300,OI311P7300,99.5,0.0,0.0,0.0,26,102.0,104.0,14,99.5,132.5,0.0,0.0,0.0,0.0,86
2023-05-10 21:27:37,OI311P7300,OI311P7300,99.5,0.0,0.0,0.0,26,102.0,104.0,20,99.5,132.5,0.0,0.0,0.0,0.0,86
2023-05-10 21:27:44,OI311P7300,OI311P7300,99.5,0.0,0.0,0.0,26,102.0,104.0,26,99.5,132.5,0.0,0.0,0.0,0.0,86
2023-05-10 21:27:51,OI311P7300,OI311P7300,99.5,0.0,0.0,0.0,20,102.0,104.0,26,99.5,132.5,0.0,0.0,0.0,0.0,86
2023-05-10 21:28:14,OI311P7300,OI311P7300,99.5,0.0,0.0,0.0,12,102.0,103.5,8,99.5,132.5,0.0,0.0,0.0,0.0,86
2023-05-10 21:28:15,OI311P7300,OI311P7300,99.5,0.0,0.0,0.0,6,102.0,103.5,14,99.5,132.5,0.0,0.0,0.0,0.0,86
2023-05-10 21:28:15,OI311P7300,OI311P7300,99.5,0.0,0.0,0.0,20,101.5,103.5,14,99.5,132.5,0.0,0.0,0.0,0.0,86
2023-05-10 21:28:16,OI311P7300,OI311P7300,99.5,0.0,0.0,0.0,26,101.5,103.5,20,99.5,132.5,0.0,0.0,0.0,0.0,86
2023-05-10 21:28:16,OI311P7300,OI311P7300,99.5,0.0,0.0,0.0,20,101.5,103.5,20,99.5,132.5,0.0,0.0,0.0,0.0,86
2023-05-10 21:28:16,OI311P7300,OI311P7300,99.5,0.0,0.0,0.0,26,101.5,103.5,20,99.5,132.5,0.0,0.0,0.0,0.0,86
2023-05-10 21:28:16,OI311P7300,OI311P7300,99.5,0.0,0.0,0.0,20,101.5,103.5,20,99.5,132.5,0.0,0.0,0.0,0.0,86
2023-05-10 21:29:03,OI311P7300,OI311P7300,99.5,0.0,0.0,0.0,14,101.5,103.5,20,99.5,132.5,0.0,0.0,0.0,0.0,86
2023-05-10 21:29:23,OI311P7300,OI311P7300,99.5,0.0,0.0,0.0,14,101.5,103.5,6,99.5,132.5,0.0,0.0,0.0,0.0,86
2023-05-10 21:29:23,OI311P7300,OI311P7300,99.5,0.0,0.0,0.0,2,102.0,104.0,20,99.5,132.5,0.0,0.0,0.0,0.0,86
2023-05-10 21:29:24,OI311P7300,OI311P7300,99.5,0.0,0.0,0.0,2,102.0,104.0,14,99.5,132.5,0.0,0.0,0.0,0.0,86
2023-05-10 21:30:00,OI311P7300,OI311P7300,99.5,0.0,0.0,0.0,2,102.0,104.0,8,99.5,132.5,0.0,0.0,0.0,0.0,86
2023-05-10 21:30:01,OI311P7300,OI311P7300,99.5,0.0,0.0,0.0,2,102.0,104.0,2,99.5,132.5,0.0,0.0,0.0,0.0,86
2023-05-10 21:30:04,OI311P7300,OI311P7300,99.5,0.0,0.0,0.0,2,102.0,104.0,14,99.5,132.5,0.0,0.0,0.0,0.0,86
2023-05-10 21:30:06,OI311P7300,OI311P7300,99.5,0.0,0.0,0.0,2,102.0,104.0,20,99.5,132.5,0.0,0.0,0.0,0.0,86
2023-05-10 21:30:08,OI311P7300,OI311P7300,99.5,0.0,0.0,0.0,2,102.0,103.5,2,99.5,132.5,0.0,0.0,0.0,0.0,86
2023-05-10 21:30:08,OI311P7300,OI311P7300,99.5,0.0,0.0,0.0,14,101.5,103.5,2,99.5,132.5,0.0,0.0,0.0,0.0,86
2023-05-10 21:30:08,OI311P7300,OI311P7300,99.5,0.0,0.0,0.0,20,101.5,103.5,20,99.5,132.5,0.0,0.0,0.0,0.0,86
2023-05-10 21:30:09,OI311P7300,OI311P7300,99.5,0.0,0.0,0.0,14,101.5,103.5,20,99.5,132.5,0.0,0.0,0.0,0.0,86
2023-05-10 21:30:12,OI311P7300,OI311P7300,99.5,0.0,0.0,0.0,14,101.5,103.5,14,99.5,132.5,0.0,0.0,0.0,0.0,86
2023-05-10 21:30:16,OI311P7300,OI311P7300,99.5,0.0,0.0,0.0,14,101.5,103.5,20,99.5,132.5,0.0,0.0,0.0,0.0,86
2023-05-10 21:30:22,OI311P7300,OI311P7300,99.5,0.0,0.0,0.0,2,102.0,103.5,6,99.5,132.5,0.0,0.0,0.0,0.0,86
2023-05-10 21:30:22,OI311P7300,OI311P7300,99.5,0.0,0.0,0.0,2,102.0,104.0,20,99.5,132.5,0.0,0.0,0.0,0.0,86
2023-05-10 21:30:24,OI311P7300,OI311P7300,99.5,0.0,0.0,0.0,8,102.0,104.0,8,99.5,132.5,0.0,0.0,0.0,0.0,86
2023-05-10 21:30:24,OI311P7300,OI311P7300,99.5,0.0,0.0,0.0,8,102.0,104.0,2,99.5,132.5,0.0,0.0,0.0,0.0,86
2023-05-10 21:30:24,OI311P7300,OI311P7300,99.5,0.0,0.0,0.0,14,102.0,104.0,2,99.5,132.5,0.0,0.0,0.0,0.0,86
2023-05-10 21:30:28,OI311P7300,OI311P7300,99.5,0.0,0.0,0.0,2,102.5,104.5,18,99.5,132.5,0.0,0.0,0.0,0.0,86
2023-05-10 21:30:28,OI311P7300,OI311P7300,99.5,0.0,0.0,0.0,2,102.5,104.5,24,99.5,132.5,0.0,0.0,0.0,0.0,86
2023-05-10 21:30:29,OI311P7300,OI311P7300,99.5,0.0,0.0,0.0,2,102.5,104.5,18,99.5,132.5,0.0,0.0,0.0,0.0,86
2023-05-10 21:30:32,OI311P7300,OI311P7300,99.5,0.0,0.0,0.0,2,102.5,104.5,20,99.5,132.5,0.0,0.0,0.0,0.0,86
2023-05-10 21:30:34,OI311P7300,OI311P7300,99.5,0.0,0.0,0.0,2,102.5,104.5,26,99.5,132.5,0.0,0.0,0.0,0.0,86
2023-05-10 21:30:36,OI311P7300,OI311P7300,99.5,0.0,0.0,0.0,2,102.5,104.5,20,99.5,132.5,0.0,0.0,0.0,0.0,86
2023-05-10 21:30:52,OI311P7300,OI311P7300,99.5,0.0,0.0,0.0,2,102.5,104.5,26,99.5,132.5,0.0,0.0,0.0,0.0,86
2023-05-10 21:30:57,OI311P7300,OI311P7300,99.5,0.0,0.0,0.0,8,102.0,104.0,2,99.5,132.5,0.0,0.0,0.0,0.0,86
2023-05-10 21:30:57,OI311P7300,OI311P7300,99.5,0.0,0.0,0.0,20,102.0,104.0,20,99.5,132.5,0.0,0.0,0.0,0.0,86
2023-05-10 21:30:57,OI311P7300,OI311P7300,99.5,0.0,0.0,0.0,14,102.0,104.0,20,99.5,132.5,0.0,0.0,0.0,0.0,86
2023-05-10 21:31:02,OI311P7300,OI311P7300,99.5,0.0,0.0,0.0,12,102.0,103.5,2,99.5,132.5,0.0,0.0,0.0,0.0,86
2023-05-10 21:31:02,OI311P7300,OI311P7300,99.5,0.0,0.0,0.0,12,101.5,103.5,2,99.5,132.5,0.0,0.0,0.0,0.0,86
2023-05-10 21:31:03,OI311P7300,OI311P7300,99.5,0.0,0.0,0.0,18,101.5,103.5,2,99.5,132.5,0.0,0.0,0.0,0.0,86
2023-05-10 21:31:03,OI311P7300,OI311P7300,99.5,0.0,0.0,0.0,6,101.5,103.5,2,99.5,132.5,0.0,0.0,0.0,0.0,86
2023-05-10 21:31:04,OI311P7300,OI311P7300,99.5,0.0,0.0,0.0,26,101.0,103.5,2,99.5,132.5,0.0,0.0,0.0,0.0,86
2023-05-10 21:31:04,OI311P7300,OI311P7300,99.5,0.0,0.0,0.0,20,101.0,103.5,2,99.5,132.5,0.0,0.0,0.0,0.0,86
2023-05-10 21:31:05,OI311P7300,OI311P7300,99.5,0.0,0.0,0.0,14,101.0,103.5,2,99.5,132.5,0.0,0.0,0.0,0.0,86
2023-05-10 21:31:08,OI311P7300,OI311P7300,99.5,0.0,0.0,0.0,14,101.0,103.5,8,99.5,132.5,0.0,0.0,0.0,0.0,86
2023-05-10 21:31:08,OI311P7300,OI311P7300,99.5,0.0,0.0,0.0,14,101.0,103.0,2,99.5,132.5,0.0,0.0,0.0,0.0,86
2023-05-10 21:31:09,OI311P7300,OI311P7300,99.5,0.0,0.0,0.0,8,101.0,103.0,20,99.5,132.5,0.0,0.0,0.0,0.0,86
2023-05-10 21:31:09,OI311P7300,OI311P7300,99.5,0.0,0.0,0.0,2,101.0,103.0,14,99.5,132.5,0.0,0.0,0.0,0.0,86
2023-05-10 21:31:09,OI311P7300,OI311P7300,99.5,0.0,0.0,0.0,2,101.0,103.0,20,99.5,132.5,0.0,0.0,0.0,0.0,86
2023-05-10 21:31:10,OI311P7300,OI311P7300,99.5,0.0,0.0,0.0,6,100.5,103.0,20,99.5,132.5,0.0,0.0,0.0,0.0,86
2023-05-10 21:31:10,OI311P7300,OI311P7300,99.5,0.0,0.0,0.0,6,99.5,103.0,14,99.5,132.5,0.0,0.0,0.0,0.0,86
2023-05-10 21:31:11,OI311P7300,OI311P7300,99.5,0.0,0.0,0.0,6,99.0,103.0,20,99.5,132.5,0.0,0.0,0.0,0.0,86
2023-05-10 21:31:11,OI311P7300,OI311P7300,99.5,0.0,0.0,0.0,18,99.0,103.0,32,99.5,132.5,0.0,0.0,0.0,0.0,86
2023-05-10 21:31:12,OI311P7300,OI311P7300,99.5,0.0,0.0,0.0,6,99.0,103.0,26,99.5,132.5,0.0,0.0,0.0,0.0,86
2023-05-10 21:31:12,OI311P7300,OI311P7300,99.5,0.0,0.0,0.0,6,99.0,103.0,32,99.5,132.5,0.0,0.0,0.0,0.0,86
2023-05-10 21:31:13,OI311P7300,OI311P7300,99.5,0.0,0.0,0.0,2,99.5,103.0,38,99.5,132.5,0.0,0.0,0.0,0.0,86
2023-05-10 21:31:14,OI311P7300,OI311P7300,99.5,0.0,0.0,0.0,2,99.5,103.0,44,99.5,132.5,0.0,0.0,0.0,0.0,86
2023-05-10 21:31:14,OI311P7300,OI311P7300,99.5,0.0,0.0,0.0,2,99.5,103.0,50,99.5,132.5,0.0,0.0,0.0,0.0,86
2023-05-10 21:31:14,OI311P7300,OI311P7300,99.5,0.0,0.0,0.0,2,99.5,103.0,44,99.5,132.5,0.0,0.0,0.0,0.0,86
2023-05-10 21:31:15,OI311P7300,OI311P7300,99.5,0.0,0.0,0.0,2,99.5,102.0,8,99.5,132.5,0.0,0.0,0.0,0.0,86
2023-05-10 21:31:16,OI311P7300,OI311P7300,99.5,0.0,0.0,0.0,2,99.5,102.0,20,99.5,132.5,0.0,0.0,0.0,0.0,86
2023-05-10 21:31:18,OI311P7300,OI311P7300,99.5,0.0,0.0,0.0,2,100.0,102.0,20,99.5,132.5,0.0,0.0,0.0,0.0,86
2023-05-10 21:31:20,OI311P7300,OI311P7300,99.5,0.0,0.0,0.0,2,100.0,102.0,14,99.5,132.5,0.0,0.0,0.0,0.0,86
2023-05-10 21:31:24,OI311P7300,OI311P7300,99.5,0.0,0.0,0.0,2,100.0,102.0,20,99.5,132.5,0.0,0.0,0.0,0.0,86
2023-05-10 21:31:26,OI311P7300,OI311P7300,99.5,0.0,0.0,0.0,2,100.0,102.0,26,99.5,132.5,0.0,0.0,0.0,0.0,86
2023-05-10 21:31:38,OI311P7300,OI311P7300,99.5,0.0,0.0,0.0,2,100.0,102.0,20,99.5,132.5,0.0,0.0,0.0,0.0,86
2023-05-10 21:31:42,OI311P7300,OI311P7300,99.5,0.0,0.0,0.0,2,100.0,102.0,14,99.5,132.5,0.0,0.0,0.0,0.0,86
2023-05-10 21:31:45,OI311P7300,OI311P7300,99.5,0.0,0.0,0.0,8,100.0,102.0,14,99.5,132.5,0.0,0.0,0.0,0.0,86
2023-05-10 21:31:45,OI311P7300,OI311P7300,99.5,0.0,0.0,0.0,20,100.0,102.5,12,99.5,132.5,0.0,0.0,0.0,0.0,86
2023-05-10 21:31:46,OI311P7300,OI311P7300,99.5,0.0,0.0,0.0,2,100.5,102.5,18,99.5,132.5,0.0,0.0,0.0,0.0,86
2023-05-10 21:31:47,OI311P7300,OI311P7300,99.5,0.0,0.0,0.0,2,100.5,102.5,12,99.5,132.5,0.0,0.0,0.0,0.0,86
2023-05-10 21:31:48,OI311P7300,OI311P7300,99.5,0.0,0.0,0.0,2,100.5,103.0,20,99.5,132.5,0.0,0.0,0.0,0.0,86
2023-05-10 21:31:49,OI311P7300,OI311P7300,99.5,0.0,0.0,0.0,2,100.5,103.0,26,99.5,132.5,0.0,0.0,0.0,0.0,86
2023-05-10 21:32:06,OI311P7300,OI311P7300,99.5,0.0,0.0,0.0,2,101.0,103.0,20,99.5,132.5,0.0,0.0,0.0,0.0,86
2023-05-10 21:32:12,OI311P7300,OI311P7300,99.5,0.0,0.0,0.0,14,101.0,103.0,14,99.5,132.5,0.0,0.0,0.0,0.0,86
2023-05-10 21:32:14,OI311P7300,OI311P7300,99.5,0.0,0.0,0.0,20,101.0,103.0,20,99.5,132.5,0.0,0.0,0.0,0.0,86
2023-05-10 21:32:21,OI311P7300,OI311P7300,99.5,0.0,0.0,0.0,14,101.0,103.0,20,99.5,132.5,0.0,0.0,0.0,0.0,86
2023-05-10 21:32:32,OI311P7300,OI311P7300,99.5,0.0,0.0,0.0,14,101.0,103.0,26,99.5,132.5,0.0,0.0,0.0,0.0,86
2023-05-10 21:32:44,OI311P7300,OI311P7300,99.5,0.0,0.0,0.0,12,101.0,102.5,2,99.5,132.5,0.0,0.0,0.0,0.0,86
2023-05-10 21:32:45,OI311P7300,OI311P7300,99.5,0.0,0.0,0.0,12,101.0,102.5,20,99.5,132.5,0.0,0.0,0.0,0.0,86
2023-05-10 21:32:45,OI311P7300,OI311P7300,99.5,0.0,0.0,0.0,14,100.5,102.5,20,99.5,132.5,0.0,0.0,0.0,0.0,86
2023-05-10 21:32:46,OI311P7300,OI311P7300,99.5,0.0,0.0,0.0,20,100.5,102.5,20,99.5,132.5,0.0,0.0,0.0,0.0,86
2023-05-10 21:32:46,OI311P7300,OI311P7300,99.5,0.0,0.0,0.0,14,100.5,102.5,20,99.5,132.5,0.0,0.0,0.0,0.0,86
2023-05-10 21:32:51,OI311P7300,OI311P7300,99.5,0.0,0.0,0.0,14,100.5,102.5,18,99.5,132.5,0.0,0.0,0.0,0.0,86
2023-05-10 21:32:52,OI311P7300,OI311P7300,99.5,0.0,0.0,0.0,14,100.5,102.5,12,99.5,132.5,0.0,0.0,0.0,0.0,86
2023-05-10 21:32:53,OI311P7300,OI311P7300,99.5,0.0,0.0,0.0,8,100.5,103.0,26,99.5,132.5,0.0,0.0,0.0,0.0,86
2023-05-10 21:32:53,OI311P7300,OI311P7300,99.5,0.0,0.0,0.0,2,100.5,103.0,26,99.5,132.5,0.0,0.0,0.0,0.0,86
2023-05-10 21:32:54,OI311P7300,OI311P7300,99.5,0.0,0.0,0.0,2,100.5,103.0,20,99.5,132.5,0.0,0.0,0.0,0.0,86
2023-05-10 21:33:05,OI311P7300,OI311P7300,99.5,0.0,0.0,0.0,2,101.0,103.0,20,99.5,132.5,0.0,0.0,0.0,0.0,86
2023-05-10 21:33:19,OI311P7300,OI311P7300,99.5,0.0,0.0,0.0,2,101.0,103.0,26,99.5,132.5,0.0,0.0,0.0,0.0,86
2023-05-10 21:33:20,OI311P7300,OI311P7300,99.5,0.0,0.0,0.0,8,100.5,102.5,2,99.5,132.5,0.0,0.0,0.0,0.0,86
2023-05-10 21:33:21,OI311P7300,OI311P7300,99.5,0.0,0.0,0.0,14,100.5,102.5,2,99.5,132.5,0.0,0.0,0.0,0.0,86
2023-05-10 21:33:22,OI311P7300,OI311P7300,99.5,0.0,0.0,0.0,2,100.5,102.5,2,99.5,132.5,0.0,0.0,0.0,0.0,86
2023-05-10 21:33:22,OI311P7300,OI311P7300,99.5,0.0,0.0,0.0,2,100.5,102.5,20,99.5,132.5,0.0,0.0,0.0,0.0,86
2023-05-10 21:33:34,OI311P7300,OI311P7300,99.5,0.0,0.0,0.0,12,100.0,102.0,2,99.5,132.5,0.0,0.0,0.0,0.0,86
2023-05-10 21:33:34,OI311P7300,OI311P7300,99.5,0.0,0.0,0.0,18,100.0,102.0,2,99.5,132.5,0.0,0.0,0.0,0.0,86
2023-05-10 21:33:35,OI311P7300,OI311P7300,99.5,0.0,0.0,0.0,6,100.0,102.0,2,99.5,132.5,0.0,0.0,0.0,0.0,86
2023-05-10 21:33:35,OI311P7300,OI311P7300,99.5,0.0,0.0,0.0,26,99.5,102.0,2,99.5,132.5,0.0,0.0,0.0,0.0,86
2023-05-10 21:33:36,OI311P7300,OI311P7300,99.5,0.0,0.0,0.0,20,99.5,102.0,2,99.5,132.5,0.0,0.0,0.0,0.0,86
2023-05-10 21:33:53,OI311P7300,OI311P7300,99.5,0.0,0.0,0.0,20,99.5,102.0,20,99.5,132.5,0.0,0.0,0.0,0.0,86
2023-05-10 21:34:07,OI311P7300,OI311P7300,99.5,0.0,0.0,0.0,14,99.5,102.0,26,99.5,132.5,0.0,0.0,0.0,0.0,86
2023-05-10 21:34:17,OI311P7300,OI311P7300,99.5,0.0,0.0,0.0,14,99.5,102.0,20,99.5,132.5,0.0,0.0,0.0,0.0,86
2023-05-10 21:34:19,OI311P7300,OI311P7300,99.5,0.0,0.0,0.0,2,100.0,102.0,14,99.5,132.5,0.0,0.0,0.0,0.0,86
2023-05-10 21:34:19,OI311P7300,OI311P7300,99.5,0.0,0.0,0.0,2,100.0,102.0,20,99.5,132.5,0.0,0.0,0.0,0.0,86
2023-05-10 21:35:04,OI311P7300,OI311P7300,99.5,0.0,0.0,0.0,2,100.0,102.0,26,99.5,132.5,0.0,0.0,0.0,0.0,86
2023-05-10 21:35:20,OI311P7300,OI311P7300,99.5,0.0,0.0,0.0,8,100.0,102.0,20,99.5,132.5,0.0,0.0,0.0,0.0,86
2023-05-10 21:35:20,OI311P7300,OI311P7300,99.5,0.0,0.0,0.0,14,100.0,102.0,14,99.5,132.5,0.0,0.0,0.0,0.0,86
2023-05-10 21:35:21,OI311P7300,OI311P7300,99.5,0.0,0.0,0.0,8,100.0,102.0,14,99.5,132.5,0.0,0.0,0.0,0.0,86
2023-05-10 21:35:22,OI311P7300,OI311P7300,99.5,0.0,0.0,0.0,2,100.0,102.0,20,99.5,132.5,0.0,0.0,0.0,0.0,86
2023-05-10 21:35:26,OI311P7300,OI311P7300,99.5,0.0,0.0,0.0,2,100.5,102.0,6,99.5,132.5,0.0,0.0,0.0,0.0,86
2023-05-10 21:35:28,OI311P7300,OI311P7300,99.5,0.0,0.0,0.0,2,100.5,102.0,12,99.5,132.5,0.0,0.0,0.0,0.0,86
2023-05-10 21:35:28,OI311P7300,OI311P7300,99.5,0.0,0.0,0.0,2,100.5,102.0,18,99.5,132.5,0.0,0.0,0.0,0.0,86
2023-05-10 21:35:35,OI311P7300,OI311P7300,99.5,0.0,0.0,0.0,2,100.5,102.0,12,99.5,132.5,0.0,0.0,0.0,0.0,86
2023-05-10 21:35:36,OI311P7300,OI311P7300,99.5,0.0,0.0,0.0,2,100.5,102.5,20,99.5,132.5,0.0,0.0,0.0,0.0,86
2023-05-10 21:35:36,OI311P7300,OI311P7300,99.5,0.0,0.0,0.0,2,100.5,102.5,26,99.5,132.5,0.0,0.0,0.0,0.0,86
2023-05-10 21:35:36,OI311P7300,OI311P7300,99.5,0.0,0.0,0.0,2,100.5,102.5,20,99.5,132.5,0.0,0.0,0.0,0.0,86
2023-05-10 21:35:43,OI311P7300,OI311P7300,99.5,0.0,0.0,0.0,14,100.0,102.0,2,99.5,132.5,0.0,0.0,0.0,0.0,86
2023-05-10 21:35:43,OI311P7300,OI311P7300,99.5,0.0,0.0,0.0,20,100.0,102.0,2,99.5,132.5,0.0,0.0,0.0,0.0,86
2023-05-10 21:35:44,OI311P7300,OI311P7300,99.5,0.0,0.0,0.0,14,100.0,102.0,2,99.5,132.5,0.0,0.0,0.0,0.0,86
2023-05-10 21:36:01,OI311P7300,OI311P7300,99.5,0.0,0.0,0.0,14,100.0,102.0,20,99.5,132.5,0.0,0.0,0.0,0.0,86
2023-05-10 21:36:06,OI311P7300,OI311P7300,99.5,0.0,0.0,0.0,14,100.0,102.0,14,99.5,132.5,0.0,0.0,0.0,0.0,86
2023-05-10 21:36:23,OI311P7300,OI311P7300,99.5,0.0,0.0,0.0,12,100.0,101.5,2,99.5,132.5,0.0,0.0,0.0,0.0,86
2023-05-10 21:36:24,OI311P7300,OI311P7300,99.5,0.0,0.0,0.0,12,99.5,101.5,8,99.5,132.5,0.0,0.0,0.0,0.0,86
2023-05-10 21:36:24,OI311P7300,OI311P7300,99.5,0.0,0.0,0.0,18,99.5,101.5,20,99.5,132.5,0.0,0.0,0.0,0.0,86
2023-05-10 21:36:25,OI311P7300,OI311P7300,99.5,0.0,0.0,0.0,6,99.5,101.5,14,99.5,132.5,0.0,0.0,0.0,0.0,86
2023-05-10 21:36:25,OI311P7300,OI311P7300,99.5,0.0,0.0,0.0,20,99.0,101.5,20,99.5,132.5,0.0,0.0,0.0,0.0,86
2023-05-10 21:36:26,OI311P7300,OI311P7300,99.5,0.0,0.0,0.0,14,99.0,101.5,20,99.5,132.5,0.0,0.0,0.0,0.0,86
2023-05-10 21:36:30,OI311P7300,OI311P7300,99.5,0.0,0.0,0.0,2,99.5,101.5,20,99.5,132.5,0.0,0.0,0.0,0.0,86
2023-05-10 21:36:31,OI311P7300,OI311P7300,99.5,0.0,0.0,0.0,2,99.5,101.5,26,99.5,132.5,0.0,0.0,0.0,0.0,86
2023-05-10 21:36:32,OI311P7300,OI311P7300,99.5,0.0,0.0,0.0,2,99.5,101.5,20,99.5,132.5,0.0,0.0,0.0,0.0,86
2023-05-10 21:36:45,OI311P7300,OI311P7300,99.5,0.0,0.0,0.0,14,99.0,101.0,2,99.5,132.5,0.0,0.0,0.0,0.0,86
2023-05-10 21:36:45,OI311P7300,OI311P7300,99.5,0.0,0.0,0.0,20,99.0,101.0,2,99.5,132.5,0.0,0.0,0.0,0.0,86
2023-05-10 21:36:46,OI311P7300,OI311P7300,99.5,0.0,0.0,0.0,14,99.0,101.0,2,99.5,132.5,0.0,0.0,0.0,0.0,86
2023-05-10 21:37:05,OI311P7300,OI311P7300,99.5,0.0,0.0,0.0,14,99.0,101.0,20,99.5,132.5,0.0,0.0,0.0,0.0,86
2023-05-10 21:37:11,OI311P7300,OI311P7300,99.5,0.0,0.0,0.0,14,99.0,100.5,2,99.5,132.5,0.0,0.0,0.0,0.0,86
2023-05-10 21:37:11,OI311P7300,OI311P7300,99.5,0.0,0.0,0.0,8,99.0,100.5,20,99.5,132.5,0.0,0.0,0.0,0.0,86
2023-05-10 21:37:17,OI311P7300,OI311P7300,99.5,0.0,0.0,0.0,2,99.0,100.5,20,99.5,132.5,0.0,0.0,0.0,0.0,86
2023-05-10 21:37:46,OI311P7300,OI311P7300,99.5,0.0,0.0,0.0,2,99.0,100.5,8,99.5,132.5,0.0,0.0,0.0,0.0,86
2023-05-10 21:37:46,OI311P7300,OI311P7300,99.5,0.0,0.0,0.0,2,99.0,100.5,2,99.5,132.5,0.0,0.0,0.0,0.0,86
2023-05-10 21:37:51,OI311P7300,OI311P7300,99.5,0.0,0.0,0.0,8,99.0,101.0,20,99.5,132.5,0.0,0.0,0.0,0.0,86
2023-05-10 21:37:52,OI311P7300,OI311P7300,99.5,0.0,0.0,0.0,14,99.0,101.0,20,99.5,132.5,0.0,0.0,0.0,0.0,86
2023-05-10 21:37:52,OI311P7300,OI311P7300,99.5,0.0,0.0,0.0,14,99.0,101.0,14,99.5,132.5,0.0,0.0,0.0,0.0,86
2023-05-10 21:38:01,OI311P7300,OI311P7300,99.5,0.0,0.0,0.0,14,99.0,101.5,18,99.5,132.5,0.0,0.0,0.0,0.0,86
2023-05-10 21:38:01,OI311P7300,OI311P7300,99.5,0.0,0.0,0.0,2,99.5,101.5,18,99.5,132.5,0.0,0.0,0.0,0.0,86
2023-05-10 21:38:09,OI311P7300,OI311P7300,99.5,0.0,0.0,0.0,2,99.5,101.5,12,99.5,132.5,0.0,0.0,0.0,0.0,86
2023-05-10 21:38:10,OI311P7300,OI311P7300,99.5,0.0,0.0,0.0,2,99.5,102.0,20,99.5,132.5,0.0,0.0,0.0,0.0,86
2023-05-10 21:38:10,OI311P7300,OI311P7300,99.5,0.0,0.0,0.0,2,99.5,102.0,26,99.5,132.5,0.0,0.0,0.0,0.0,86
2023-05-10 21:38:10,OI311P7300,OI311P7300,99.5,0.0,0.0,0.0,2,99.5,102.0,20,99.5,132.5,0.0,0.0,0.0,0.0,86
2023-05-10 21:38:14,OI311P7300,OI311P7300,99.5,0.0,0.0,0.0,2,99.5,102.0,14,99.5,132.5,0.0,0.0,0.0,0.0,86
2023-05-10 21:38:15,OI311P7300,OI311P7300,99.5,0.0,0.0,0.0,2,99.5,102.0,20,99.5,132.5,0.0,0.0,0.0,0.0,86
2023-05-10 21:38:19,OI311P7300,OI311P7300,99.5,0.0,0.0,0.0,2,100.0,102.0,20,99.5,132.5,0.0,0.0,0.0,0.0,86
2023-05-10 21:38:28,OI311P7300,OI311P7300,99.5,0.0,0.0,0.0,2,100.0,102.0,26,99.5,132.5,0.0,0.0,0.0,0.0,86
2023-05-10 21:38:53,OI311P7300,OI311P7300,99.5,0.0,0.0,0.0,14,99.5,101.5,2,99.5,132.5,0.0,0.0,0.0,0.0,86
2023-05-10 21:38:54,OI311P7300,OI311P7300,99.5,0.0,0.0,0.0,2,99.5,101.5,2,99.5,132.5,0.0,0.0,0.0,0.0,86
2023-05-10 21:39:00,OI311P7300,OI311P7300,99.5,0.0,0.0,0.0,2,99.5,101.5,8,99.5,132.5,0.0,0.0,0.0,0.0,86
2023-05-10 21:39:00,OI311P7300,OI311P7300,99.5,0.0,0.0,0.0,2,99.5,101.5,20,99.5,132.5,0.0,0.0,0.0,0.0,86
2023-05-10 21:39:05,OI311P7300,OI311P7300,99.5,0.0,0.0,0.0,2,100.0,101.5,12,99.5,132.5,0.0,0.0,0.0,0.0,86
2023-05-10 21:39:05,OI311P7300,OI311P7300,99.5,0.0,0.0,0.0,2,100.0,101.5,6,99.5,132.5,0.0,0.0,0.0,0.0,86
2023-05-10 21:39:06,OI311P7300,OI311P7300,99.5,0.0,0.0,0.0,2,100.0,101.5,18,99.5,132.5,0.0,0.0,0.0,0.0,86
2023-05-10 21:39:23,OI311P7300,OI311P7300,99.5,0.0,0.0,0.0,2,100.0,101.5,12,99.5,132.5,0.0,0.0,0.0,0.0,86
2023-05-10 21:39:23,OI311P7300,OI311P7300,99.5,0.0,0.0,0.0,2,100.0,101.5,6,99.5,132.5,0.0,0.0,0.0,0.0,86
2023-05-10 21:39:24,OI311P7300,OI311P7300,99.5,0.0,0.0,0.0,2,100.0,102.0,20,99.5,132.5,0.0,0.0,0.0,0.0,86
2023-05-10 21:39:25,OI311P7300,OI311P7300,99.5,0.0,0.0,0.0,2,100.0,102.0,14,99.5,132.5,0.0,0.0,0.0,0.0,86
2023-05-10 21:39:30,OI311P7300,OI311P7300,99.5,0.0,0.0,0.0,2,100.0,102.0,12,99.5,132.5,0.0,0.0,0.0,0.0,86
2023-05-10 21:39:31,OI311P7300,OI311P7300,99.5,0.0,0.0,0.0,2,100.0,102.5,18,99.5,132.5,0.0,0.0,0.0,0.0,86
2023-05-10 21:39:31,OI311P7300,OI311P7300,99.5,0.0,0.0,0.0,2,100.0,102.5,24,99.5,132.5,0.0,0.0,0.0,0.0,86
2023-05-10 21:39:31,OI311P7300,OI311P7300,99.5,0.0,0.0,0.0,2,100.0,102.5,18,99.5,132.5,0.0,0.0,0.0,0.0,86
2023-05-10 21:39:42,OI311P7300,OI311P7300,99.5,0.0,0.0,0.0,2,100.5,102.5,18,99.5,132.5,0.0,0.0,0.0,0.0,86
2023-05-10 21:39:56,OI311P7300,OI311P7300,99.5,0.0,0.0,0.0,20,100.5,102.5,18,99.5,132.5,0.0,0.0,0.0,0.0,86
2023-05-10 21:40:03,OI311P7300,OI311P7300,99.5,0.0,0.0,0.0,20,100.5,102.5,12,99.5,132.5,0.0,0.0,0.0,0.0,86
2023-05-10 21:40:03,OI311P7300,OI311P7300,99.5,0.0,0.0,0.0,2,101.0,103.0,20,99.5,132.5,0.0,0.0,0.0,0.0,86
2023-05-10 21:40:04,OI311P7300,OI311P7300,99.5,0.0,0.0,0.0,2,101.0,103.0,14,99.5,132.5,0.0,0.0,0.0,0.0,86
2023-05-10 21:40:05,OI311P7300,OI311P7300,99.5,0.0,0.0,0.0,2,101.0,103.0,20,99.5,132.5,0.0,0.0,0.0,0.0,86
2023-05-10 21:40:06,OI311P7300,OI311P7300,99.5,0.0,0.0,0.0,2,101.0,103.0,26,99.5,132.5,0.0,0.0,0.0,0.0,86
2023-05-10 21:40:43,OI311P7300,OI311P7300,99.5,0.0,0.0,0.0,2,101.0,103.0,20,99.5,132.5,0.0,0.0,0.0,0.0,86
2023-05-10 21:41:09,OI311P7300,OI311P7300,99.5,0.0,0.0,0.0,2,101.0,103.0,26,99.5,132.5,0.0,0.0,0.0,0.0,86
2023-05-10 21:41:16,OI311P7300,OI311P7300,99.5,0.0,0.0,0.0,2,101.0,103.0,20,99.5,132.5,0.0,0.0,0.0,0.0,86
2023-05-10 21:41:30,OI311P7300,OI311P7300,99.5,0.0,0.0,0.0,20,101.0,103.0,20,99.5,132.5,0.0,0.0,0.0,0.0,86
2023-05-10 21:41:36,OI311P7300,OI311P7300,99.5,0.0,0.0,0.0,20,101.0,103.0,14,99.5,132.5,0.0,0.0,0.0,0.0,86
2023-05-10 21:41:52,OI311P7300,OI311P7300,99.5,0.0,0.0,0.0,14,101.0,103.0,20,99.5,132.5,0.0,0.0,0.0,0.0,86
2023-05-10 21:42:02,OI311P7300,OI311P7300,99.5,0.0,0.0,0.0,20,101.0,103.0,14,99.5,132.5,0.0,0.0,0.0,0.0,86
2023-05-10 21:42:27,OI311P7300,OI311P7300,99.5,0.0,0.0,0.0,20,101.0,103.0,8,99.5,132.5,0.0,0.0,0.0,0.0,86
2023-05-10 21:42:27,OI311P7300,OI311P7300,99.5,0.0,0.0,0.0,20,101.0,103.0,2,99.5,132.5,0.0,0.0,0.0,0.0,86
2023-05-10 21:42:28,OI311P7300,OI311P7300,99.5,0.0,0.0,0.0,20,101.0,103.5,24,99.5,132.5,0.0,0.0,0.0,0.0,86
2023-05-10 21:42:29,OI311P7300,OI311P7300,99.5,0.0,0.0,0.0,20,101.0,103.5,18,99.5,132.5,0.0,0.0,0.0,0.0,86
2023-05-10 21:42:34,OI311P7300,OI311P7300,99.5,0.0,0.0,0.0,2,101.5,103.5,18,99.5,132.5,0.0,0.0,0.0,0.0,86
2023-05-10 21:42:47,OI311P7300,OI311P7300,99.5,0.0,0.0,0.0,2,101.5,103.5,12,99.5,132.5,0.0,0.0,0.0,0.0,86
2023-05-10 21:42:47,OI311P7300,OI311P7300,99.5,0.0,0.0,0.0,2,101.5,104.0,20,99.5,132.5,0.0,0.0,0.0,0.0,86
2023-05-10 21:42:48,OI311P7300,OI311P7300,99.5,0.0,0.0,0.0,2,101.5,104.0,14,99.5,132.5,0.0,0.0,0.0,0.0,86
2023-05-10 21:43:31,OI311P7300,OI311P7300,99.5,0.0,0.0,0.0,8,102.0,104.0,14,99.5,132.5,0.0,0.0,0.0,0.0,86
2023-05-10 21:43:32,OI311P7300,OI311P7300,99.5,0.0,0.0,0.0,8,102.0,104.0,2,99.5,132.5,0.0,0.0,0.0,0.0,86
2023-05-10 21:43:32,OI311P7300,OI311P7300,99.5,0.0,0.0,0.0,20,102.0,104.0,2,99.5,132.5,0.0,0.0,0.0,0.0,86
2023-05-10 21:43:39,OI311P7300,OI311P7300,99.5,0.0,0.0,0.0,14,102.0,104.5,24,99.5,132.5,0.0,0.0,0.0,0.0,86
2023-05-10 21:43:40,OI311P7300,OI311P7300,99.5,0.0,0.0,0.0,2,102.5,104.5,24,99.5,132.5,0.0,0.0,0.0,0.0,86
2023-05-10 21:43:40,OI311P7300,OI311P7300,99.5,0.0,0.0,0.0,2,102.5,104.5,18,99.5,132.5,0.0,0.0,0.0,0.0,86
2023-05-10 21:43:41,OI311P7300,OI311P7300,99.5,0.0,0.0,0.0,2,102.5,104.5,24,99.5,132.5,0.0,0.0,0.0,0.0,86
2023-05-10 21:43:46,OI311P7300,OI311P7300,99.5,0.0,0.0,0.0,2,102.5,104.5,18,99.5,132.5,0.0,0.0,0.0,0.0,86
2023-05-10 21:44:02,OI311P7300,OI311P7300,99.5,0.0,0.0,0.0,2,102.5,104.5,20,99.5,132.5,0.0,0.0,0.0,0.0,86
2023-05-10 21:44:05,OI311P7300,OI311P7300,99.5,0.0,0.0,0.0,14,102.0,104.0,2,99.5,132.5,0.0,0.0,0.0,0.0,86
2023-05-10 21:44:05,OI311P7300,OI311P7300,99.5,0.0,0.0,0.0,20,102.0,104.0,2,99.5,132.5,0.0,0.0,0.0,0.0,86
2023-05-10 21:44:06,OI311P7300,OI311P7300,99.5,0.0,0.0,0.0,14,102.0,104.0,2,99.5,132.5,0.0,0.0,0.0,0.0,86
2023-05-10 21:44:10,OI311P7300,OI311P7300,99.5,0.0,0.0,0.0,14,102.0,103.5,6,99.5,132.5,0.0,0.0,0.0,0.0,86
2023-05-10 21:44:11,OI311P7300,OI311P7300,99.5,0.0,0.0,0.0,14,102.0,103.5,18,99.5,132.5,0.0,0.0,0.0,0.0,86
2023-05-10 21:44:15,OI311P7300,OI311P7300,99.5,0.0,0.0,0.0,6,102.0,103.5,14,99.5,132.5,0.0,0.0,0.0,0.0,86
2023-05-10 21:44:16,OI311P7300,OI311P7300,99.5,0.0,0.0,0.0,18,101.5,103.5,14,99.5,132.5,0.0,0.0,0.0,0.0,86
2023-05-10 21:44:17,OI311P7300,OI311P7300,99.5,0.0,0.0,0.0,6,101.5,103.5,8,99.5,132.5,0.0,0.0,0.0,0.0,86
2023-05-10 21:44:17,OI311P7300,OI311P7300,99.5,0.0,0.0,0.0,20,101.0,103.5,20,99.5,132.5,0.0,0.0,0.0,0.0,86
2023-05-10 21:44:18,OI311P7300,OI311P7300,99.5,0.0,0.0,0.0,14,101.0,103.5,20,99.5,132.5,0.0,0.0,0.0,0.0,86
2023-05-10 21:44:26,OI311P7300,OI311P7300,99.5,0.0,0.0,0.0,14,101.0,103.0,2,99.5,132.5,0.0,0.0,0.0,0.0,86
2023-05-10 21:44:26,OI311P7300,OI311P7300,99.5,0.0,0.0,0.0,8,101.0,103.0,2,99.5,132.5,0.0,0.0,0.0,0.0,86
2023-05-10 21:45:06,OI311P7300,OI311P7300,99.5,0.0,0.0,0.0,2,101.0,103.0,2,99.5,132.5,0.0,0.0,0.0,0.0,86
2023-05-10 21:45:14,OI311P7300,OI311P7300,99.5,0.0,0.0,0.0,24,100.5,102.5,2,99.5,132.5,0.0,0.0,0.0,0.0,86
2023-05-10 21:45:15,OI311P7300,OI311P7300,99.5,0.0,0.0,0.0,18,100.5,102.5,8,99.5,132.5,0.0,0.0,0.0,0.0,86
2023-05-10 21:45:15,OI311P7300,OI311P7300,99.5,0.0,0.0,0.0,6,100.5,102.5,8,99.5,132.5,0.0,0.0,0.0,0.0,86
2023-05-10 21:45:16,OI311P7300,OI311P7300,99.5,0.0,0.0,0.0,26,100.0,102.5,26,99.5,132.5,0.0,0.0,0.0,0.0,86
2023-05-10 21:45:16,OI311P7300,OI311P7300,99.5,0.0,0.0,0.0,20,100.0,102.5,26,99.5,132.5,0.0,0.0,0.0,0.0,86
2023-05-10 21:45:17,OI311P7300,OI311P7300,99.5,0.0,0.0,0.0,14,100.0,102.5,20,99.5,132.5,0.0,0.0,0.0,0.0,86
2023-05-10 21:45:18,OI311P7300,OI311P7300,99.5,0.0,0.0,0.0,14,100.0,102.5,26,99.5,132.5,0.0,0.0,0.0,0.0,86
2023-05-10 21:45:19,OI311P7300,OI311P7300,99.5,0.0,0.0,0.0,14,100.0,102.0,2,99.5,132.5,0.0,0.0,0.0,0.0,86
2023-05-10 21:45:58,OI311P7300,OI311P7300,99.5,0.0,0.0,0.0,14,100.0,102.5,14,99.5,132.5,0.0,0.0,0.0,0.0,86
2023-05-10 21:45:59,OI311P7300,OI311P7300,99.5,0.0,0.0,0.0,8,100.0,102.5,14,99.5,132.5,0.0,0.0,0.0,0.0,86
2023-05-10 21:45:59,OI311P7300,OI311P7300,99.5,0.0,0.0,0.0,2,100.5,102.5,2,99.5,132.5,0.0,0.0,0.0,0.0,86
2023-05-10 21:46:17,OI311P7300,OI311P7300,99.5,0.0,0.0,0.0,14,100.5,103.0,18,99.5,132.5,0.0,0.0,0.0,0.0,86
2023-05-10 21:46:18,OI311P7300,OI311P7300,99.5,0.0,0.0,0.0,8,100.5,103.0,6,99.5,132.5,0.0,0.0,0.0,0.0,86
2023-05-10 21:46:18,OI311P7300,OI311P7300,99.5,0.0,0.0,0.0,2,101.0,103.5,24,99.5,132.5,0.0,0.0,0.0,0.0,86
2023-05-10 21:46:19,OI311P7300,OI311P7300,99.5,0.0,0.0,0.0,2,101.0,103.5,18,99.5,132.5,0.0,0.0,0.0,0.0,86
2023-05-10 21:46:24,OI311P7300,OI311P7300,99.5,0.0,0.0,0.0,2,101.5,103.5,18,99.5,132.5,0.0,0.0,0.0,0.0,86
2023-05-10 21:46:24,OI311P7300,OI311P7300,99.5,0.0,0.0,0.0,2,101.5,103.5,6,99.5,132.5,0.0,0.0,0.0,0.0,86
2023-05-10 21:46:24,OI311P7300,OI311P7300,99.5,0.0,0.0,0.0,2,101.5,104.0,26,99.5,132.5,0.0,0.0,0.0,0.0,86
2023-05-10 21:46:25,OI311P7300,OI311P7300,99.5,0.0,0.0,0.0,2,101.5,104.0,20,99.5,132.5,0.0,0.0,0.0,0.0,86
2023-05-10 21:46:27,OI311P7300,OI311P7300,99.5,0.0,0.0,0.0,2,101.5,104.0,14,99.5,132.5,0.0,0.0,0.0,0.0,86
2023-05-10 21:46:39,OI311P7300,OI311P7300,99.5,0.0,0.0,0.0,2,101.5,103.5,6,99.5,132.5,0.0,0.0,0.0,0.0,86
2023-05-10 21:46:39,OI311P7300,OI311P7300,99.5,0.0,0.0,0.0,2,101.5,103.5,12,99.5,132.5,0.0,0.0,0.0,0.0,86
2023-05-10 21:46:40,OI311P7300,OI311P7300,99.5,0.0,0.0,0.0,2,101.5,103.5,18,99.5,132.5,0.0,0.0,0.0,0.0,86
2023-05-10 21:46:57,OI311P7300,OI311P7300,99.5,0.0,0.0,0.0,2,101.5,103.5,12,99.5,132.5,0.0,0.0,0.0,0.0,86
2023-05-10 21:46:58,OI311P7300,OI311P7300,99.5,0.0,0.0,0.0,2,101.5,104.0,14,99.5,132.5,0.0,0.0,0.0,0.0,86
2023-05-10 21:46:58,OI311P7300,OI311P7300,99.5,0.0,0.0,0.0,2,101.5,104.0,20,99.5,132.5,0.0,0.0,0.0,0.0,86
2023-05-10 21:46:59,OI311P7300,OI311P7300,99.5,0.0,0.0,0.0,2,101.5,104.0,14,99.5,132.5,0.0,0.0,0.0,0.0,86
2023-05-10 21:47:09,OI311P7300,OI311P7300,99.5,0.0,0.0,0.0,2,101.5,103.5,6,99.5,132.5,0.0,0.0,0.0,0.0,86
2023-05-10 21:47:09,OI311P7300,OI311P7300,99.5,0.0,0.0,0.0,2,101.5,103.5,12,99.5,132.5,0.0,0.0,0.0,0.0,86
2023-05-10 21:47:10,OI311P7300,OI311P7300,99.5,0.0,0.0,0.0,2,101.5,103.5,20,99.5,132.5,0.0,0.0,0.0,0.0,86
2023-05-10 21:47:23,OI311P7300,OI311P7300,99.5,0.0,0.0,0.0,2,101.5,103.5,14,99.5,132.5,0.0,0.0,0.0,0.0,86
2023-05-10 21:48:14,OI311P7300,OI311P7300,99.5,0.0,0.0,0.0,2,101.5,103.5,6,99.5,132.5,0.0,0.0,0.0,0.0,86
2023-05-10 21:48:14,OI311P7300,OI311P7300,99.5,0.0,0.0,0.0,2,101.5,104.0,14,99.5,132.5,0.0,0.0,0.0,0.0,86
2023-05-10 21:48:15,OI311P7300,OI311P7300,99.5,0.0,0.0,0.0,2,101.5,104.0,20,99.5,132.5,0.0,0.0,0.0,0.0,86
2023-05-10 21:48:15,OI311P7300,OI311P7300,99.5,0.0,0.0,0.0,2,101.5,104.0,14,99.5,132.5,0.0,0.0,0.0,0.0,86
2023-05-10 21:48:35,OI311P7300,OI311P7300,99.5,0.0,0.0,0.0,2,101.5,103.5,6,99.5,132.5,0.0,0.0,0.0,0.0,86
2023-05-10 21:48:37,OI311P7300,OI311P7300,99.5,0.0,0.0,0.0,2,101.5,103.5,12,99.5,132.5,0.0,0.0,0.0,0.0,86
2023-05-10 21:48:38,OI311P7300,OI311P7300,99.5,0.0,0.0,0.0,2,101.5,103.5,18,99.5,132.5,0.0,0.0,0.0,0.0,86
2023-05-10 21:48:39,OI311P7300,OI311P7300,99.5,0.0,0.0,0.0,2,101.5,103.5,12,99.5,132.5,0.0,0.0,0.0,0.0,86
2023-05-10 21:48:40,OI311P7300,OI311P7300,99.5,0.0,0.0,0.0,2,101.5,104.0,14,99.5,132.5,0.0,0.0,0.0,0.0,86
2023-05-10 21:48:40,OI311P7300,OI311P7300,99.5,0.0,0.0,0.0,2,101.5,104.0,20,99.5,132.5,0.0,0.0,0.0,0.0,86
2023-05-10 21:48:41,OI311P7300,OI311P7300,99.5,0.0,0.0,0.0,2,101.5,104.0,14,99.5,132.5,0.0,0.0,0.0,0.0,86
2023-05-10 21:48:42,OI311P7300,OI311P7300,99.5,0.0,0.0,0.0,2,102.0,104.0,14,99.5,132.5,0.0,0.0,0.0,0.0,86
2023-05-10 21:48:42,OI311P7300,OI311P7300,99.5,0.0,0.0,0.0,14,102.0,104.0,8,99.5,132.5,0.0,0.0,0.0,0.0,86
2023-05-10 21:48:43,OI311P7300,OI311P7300,99.5,0.0,0.0,0.0,14,102.0,104.5,30,99.5,132.5,0.0,0.0,0.0,0.0,86
2023-05-10 21:48:44,OI311P7300,OI311P7300,99.5,0.0,0.0,0.0,14,102.0,104.5,18,99.5,132.5,0.0,0.0,0.0,0.0,86
2023-05-10 21:48:45,OI311P7300,OI311P7300,99.5,0.0,0.0,0.0,20,102.0,104.5,24,99.5,132.5,0.0,0.0,0.0,0.0,86
2023-05-10 21:48:49,OI311P7300,OI311P7300,99.5,0.0,0.0,0.0,2,102.5,104.5,24,99.5,132.5,0.0,0.0,0.0,0.0,86
2023-05-10 21:48:52,OI311P7300,OI311P7300,99.5,0.0,0.0,0.0,2,102.5,104.5,18,99.5,132.5,0.0,0.0,0.0,0.0,86
2023-05-10 21:48:53,OI311P7300,OI311P7300,99.5,0.0,0.0,0.0,2,102.5,104.5,6,99.5,132.5,0.0,0.0,0.0,0.0,86
2023-05-10 21:48:53,OI311P7300,OI311P7300,99.5,0.0,0.0,0.0,2,102.5,105.0,32,99.5,132.5,0.0,0.0,0.0,0.0,86
2023-05-10 21:48:54,OI311P7300,OI311P7300,99.5,0.0,0.0,0.0,2,102.5,105.0,26,99.5,132.5,0.0,0.0,0.0,0.0,86
2023-05-10 21:48:57,OI311P7300,OI311P7300,99.5,0.0,0.0,0.0,2,102.5,105.0,32,99.5,132.5,0.0,0.0,0.0,0.0,86
2023-05-10 21:48:58,OI311P7300,OI311P7300,99.5,0.0,0.0,0.0,2,102.5,105.0,26,99.5,132.5,0.0,0.0,0.0,0.0,86
2023-05-10 21:49:16,OI311P7300,OI311P7300,99.5,0.0,0.0,0.0,2,102.5,104.5,6,99.5,132.5,0.0,0.0,0.0,0.0,86
2023-05-10 21:49:16,OI311P7300,OI311P7300,99.5,0.0,0.0,0.0,2,102.5,104.5,18,99.5,132.5,0.0,0.0,0.0,0.0,86
2023-05-10 21:49:19,OI311P7300,OI311P7300,99.5,0.0,0.0,0.0,2,102.5,104.5,26,99.5,132.5,0.0,0.0,0.0,0.0,86
2023-05-10 21:49:34,OI311P7300,OI311P7300,99.5,0.0,0.0,0.0,26,102.0,104.5,26,99.5,132.5,0.0,0.0,0.0,0.0,86
2023-05-10 21:49:35,OI311P7300,OI311P7300,99.5,0.0,0.0,0.0,20,102.0,104.5,26,99.5,132.5,0.0,0.0,0.0,0.0,86
2023-05-10 21:49:38,OI311P7300,OI311P7300,99.5,0.0,0.0,0.0,20,102.0,104.0,2,99.5,132.5,0.0,0.0,0.0,0.0,86
2023-05-10 21:49:45,OI311P7300,OI311P7300,99.5,0.0,0.0,0.0,14,102.0,104.0,14,99.5,132.5,0.0,0.0,0.0,0.0,86
2023-05-10 21:49:45,OI311P7300,OI311P7300,99.5,0.0,0.0,0.0,20,102.0,104.0,20,99.5,132.5,0.0,0.0,0.0,0.0,86
2023-05-10 21:51:11,OI311P7300,OI311P7300,99.5,0.0,0.0,0.0,26,102.0,104.0,20,99.5,132.5,0.0,0.0,0.0,0.0,86
2023-05-10 21:51:16,OI311P7300,OI311P7300,99.5,0.0,0.0,0.0,20,102.0,104.0,20,99.5,132.5,0.0,0.0,0.0,0.0,86
2023-05-10 21:51:39,OI311P7300,OI311P7300,99.5,0.0,0.0,0.0,18,102.0,104.0,20,99.5,132.5,0.0,0.0,0.0,0.0,86
2023-05-10 21:51:39,OI311P7300,OI311P7300,99.5,0.0,0.0,0.0,6,102.0,103.5,14,99.5,132.5,0.0,0.0,0.0,0.0,86
2023-05-10 21:51:40,OI311P7300,OI311P7300,99.5,0.0,0.0,0.0,24,101.5,103.5,26,99.5,132.5,0.0,0.0,0.0,0.0,86
2023-05-10 21:51:41,OI311P7300,OI311P7300,99.5,0.0,0.0,0.0,18,101.5,103.5,26,99.5,132.5,0.0,0.0,0.0,0.0,86
2023-05-10 21:51:51,OI311P7300,OI311P7300,99.5,0.0,0.0,0.0,18,101.5,103.5,32,99.5,132.5,0.0,0.0,0.0,0.0,86
2023-05-10 21:51:53,OI311P7300,OI311P7300,99.5,0.0,0.0,0.0,12,101.5,103.0,2,99.5,132.5,0.0,0.0,0.0,0.0,86
2023-05-10 21:51:53,OI311P7300,OI311P7300,99.5,0.0,0.0,0.0,18,101.0,103.0,2,99.5,132.5,0.0,0.0,0.0,0.0,86
2023-05-10 21:51:54,OI311P7300,OI311P7300,99.5,0.0,0.0,0.0,24,101.0,103.0,2,99.5,132.5,0.0,0.0,0.0,0.0,86
2023-05-10 21:51:54,OI311P7300,OI311P7300,99.5,0.0,0.0,0.0,18,101.0,103.0,2,99.5,132.5,0.0,0.0,0.0,0.0,86
2023-05-10 21:52:03,OI311P7300,OI311P7300,99.5,0.0,0.0,0.0,18,101.0,103.0,8,99.5,132.5,0.0,0.0,0.0,0.0,86
2023-05-10 21:52:03,OI311P7300,OI311P7300,99.5,0.0,0.0,0.0,18,101.0,103.0,20,99.5,132.5,0.0,0.0,0.0,0.0,86
2023-05-10 21:53:02,OI311P7300,OI311P7300,99.5,0.0,0.0,0.0,20,101.0,103.0,14,99.5,132.5,0.0,0.0,0.0,0.0,86
2023-05-10 21:53:03,OI311P7300,OI311P7300,99.5,0.0,0.0,0.0,14,101.0,103.0,2,99.5,132.5,0.0,0.0,0.0,0.0,86
2023-05-10 21:53:05,OI311P7300,OI311P7300,99.5,0.0,0.0,0.0,20,101.0,103.0,2,99.5,132.5,0.0,0.0,0.0,0.0,86
2023-05-10 21:53:22,OI311P7300,OI311P7300,99.5,0.0,0.0,0.0,20,101.0,103.0,8,99.5,132.5,0.0,0.0,0.0,0.0,86
2023-05-10 21:53:22,OI311P7300,OI311P7300,99.5,0.0,0.0,0.0,20,101.0,103.0,20,99.5,132.5,0.0,0.0,0.0,0.0,86
2023-05-10 21:53:36,OI311P7300,OI311P7300,99.5,0.0,0.0,0.0,20,101.0,103.0,26,99.5,132.5,0.0,0.0,0.0,0.0,86
2023-05-10 21:53:42,OI311P7300,OI311P7300,99.5,0.0,0.0,0.0,18,101.0,103.0,26,99.5,132.5,0.0,0.0,0.0,0.0,86
2023-05-10 21:53:52,OI311P7300,OI311P7300,99.5,0.0,0.0,0.0,18,101.0,103.0,20,99.5,132.5,0.0,0.0,0.0,0.0,86
2023-05-10 21:55:07,OI311P7300,OI311P7300,99.5,0.0,0.0,0.0,20,101.0,103.0,20,99.5,132.5,0.0,0.0,0.0,0.0,86
2023-05-10 21:55:08,OI311P7300,OI311P7300,99.5,0.0,0.0,0.0,20,101.0,103.0,14,99.5,132.5,0.0,0.0,0.0,0.0,86
2023-05-10 21:55:32,OI311P7300,OI311P7300,99.5,0.0,0.0,0.0,20,101.0,103.0,20,99.5,132.5,0.0,0.0,0.0,0.0,86
2023-05-10 21:56:32,OI311P7300,OI311P7300,99.5,0.0,0.0,0.0,18,101.0,103.0,20,99.5,132.5,0.0,0.0,0.0,0.0,86
2023-05-10 21:57:13,OI311P7300,OI311P7300,99.5,0.0,0.0,0.0,18,101.0,103.0,26,99.5,132.5,0.0,0.0,0.0,0.0,86
2023-05-10 21:57:16,OI311P7300,OI311P7300,99.5,0.0,0.0,0.0,18,101.0,102.5,2,99.5,132.5,0.0,0.0,0.0,0.0,86
2023-05-10 21:57:16,OI311P7300,OI311P7300,99.5,0.0,0.0,0.0,6,101.0,102.5,2,99.5,132.5,0.0,0.0,0.0,0.0,86
2023-05-10 21:57:16,OI311P7300,OI311P7300,99.5,0.0,0.0,0.0,20,100.5,102.5,2,99.5,132.5,0.0,0.0,0.0,0.0,86
2023-05-10 21:57:17,OI311P7300,OI311P7300,99.5,0.0,0.0,0.0,26,100.5,102.5,2,99.5,132.5,0.0,0.0,0.0,0.0,86
2023-05-10 21:57:17,OI311P7300,OI311P7300,99.5,0.0,0.0,0.0,20,100.5,102.5,2,99.5,132.5,0.0,0.0,0.0,0.0,86
2023-05-10 21:57:26,OI311P7300,OI311P7300,99.5,0.0,0.0,0.0,20,100.5,102.5,20,99.5,132.5,0.0,0.0,0.0,0.0,86
2023-05-10 21:57:28,OI311P7300,OI311P7300,99.5,0.0,0.0,0.0,20,100.5,102.5,26,99.5,132.5,0.0,0.0,0.0,0.0,86
2023-05-10 21:57:56,OI311P7300,OI311P7300,99.5,0.0,0.0,0.0,20,100.5,102.5,20,99.5,132.5,0.0,0.0,0.0,0.0,86
2023-05-10 21:58:02,OI311P7300,OI311P7300,99.5,0.0,0.0,0.0,20,100.5,102.5,26,99.5,132.5,0.0,0.0,0.0,0.0,86
2023-05-10 21:58:20,OI311P7300,OI311P7300,99.5,0.0,0.0,0.0,20,100.5,102.5,20,99.5,132.5,0.0,0.0,0.0,0.0,86
2023-05-10 21:58:22,OI311P7300,OI311P7300,99.5,0.0,0.0,0.0,26,100.5,102.5,20,99.5,132.5,0.0,0.0,0.0,0.0,86
2023-05-10 21:58:32,OI311P7300,OI311P7300,99.5,0.0,0.0,0.0,20,100.5,102.5,20,99.5,132.5,0.0,0.0,0.0,0.0,86
2023-05-10 21:59:31,OI311P7300,OI311P7300,99.5,0.0,0.0,0.0,14,100.5,102.5,20,99.5,132.5,0.0,0.0,0.0,0.0,86
2023-05-10 21:59:33,OI311P7300,OI311P7300,99.5,0.0,0.0,0.0,14,100.5,102.5,26,99.5,132.5,0.0,0.0,0.0,0.0,86
2023-05-10 22:00:04,OI311P7300,OI311P7300,99.5,0.0,0.0,0.0,14,100.5,102.0,6,99.5,132.5,0.0,0.0,0.0,0.0,86
2023-05-10 22:00:04,OI311P7300,OI311P7300,99.5,0.0,0.0,0.0,2,100.5,102.0,6,99.5,132.5,0.0,0.0,0.0,0.0,86
2023-05-10 22:00:05,OI311P7300,OI311P7300,99.5,0.0,0.0,0.0,2,100.5,102.0,18,99.5,132.5,0.0,0.0,0.0,0.0,86
2023-05-10 22:00:05,OI311P7300,OI311P7300,99.5,0.0,0.0,0.0,12,100.0,102.0,18,99.5,132.5,0.0,0.0,0.0,0.0,86
2023-05-10 22:00:05,OI311P7300,OI311P7300,99.5,0.0,0.0,0.0,18,100.0,102.0,18,99.5,132.5,0.0,0.0,0.0,0.0,86
2023-05-10 22:00:06,OI311P7300,OI311P7300,99.5,0.0,0.0,0.0,6,100.0,102.0,12,99.5,132.5,0.0,0.0,0.0,0.0,86
2023-05-10 22:00:07,OI311P7300,OI311P7300,99.5,0.0,0.0,0.0,32,99.5,102.0,18,99.5,132.5,0.0,0.0,0.0,0.0,86
2023-05-10 22:00:07,OI311P7300,OI311P7300,99.5,0.0,0.0,0.0,26,99.5,102.0,18,99.5,132.5,0.0,0.0,0.0,0.0,86
2023-05-10 22:00:08,OI311P7300,OI311P7300,99.5,0.0,0.0,0.0,20,99.5,102.0,18,99.5,132.5,0.0,0.0,0.0,0.0,86
2023-05-10 22:00:09,OI311P7300,OI311P7300,99.5,0.0,0.0,0.0,20,99.5,102.0,20,99.5,132.5,0.0,0.0,0.0,0.0,86
2023-05-10 22:00:09,OI311P7300,OI311P7300,99.5,0.0,0.0,0.0,14,99.5,102.0,26,99.5,132.5,0.0,0.0,0.0,0.0,86
2023-05-10 22:00:28,OI311P7300,OI311P7300,99.5,0.0,0.0,0.0,12,99.5,102.0,26,99.5,132.5,0.0,0.0,0.0,0.0,86
2023-05-10 22:00:29,OI311P7300,OI311P7300,99.5,0.0,0.0,0.0,8,99.0,101.5,8,99.5,132.5,0.0,0.0,0.0,0.0,86
2023-05-10 22:00:29,OI311P7300,OI311P7300,99.5,0.0,0.0,0.0,14,99.0,101.5,20,99.5,132.5,0.0,0.0,0.0,0.0,86
2023-05-10 22:00:30,OI311P7300,OI311P7300,99.5,0.0,0.0,0.0,2,99.0,101.5,14,99.5,132.5,0.0,0.0,0.0,0.0,86
2023-05-10 22:00:30,OI311P7300,OI311P7300,99.5,0.0,0.0,0.0,2,99.0,101.5,20,99.5,132.5,0.0,0.0,0.0,0.0,86
2023-05-10 22:00:32,OI311P7300,OI311P7300,99.5,0.0,0.0,0.0,2,99.0,101.5,26,99.5,132.5,0.0,0.0,0.0,0.0,86
2023-05-10 22:01:02,OI311P7300,OI311P7300,99.5,0.0,0.0,0.0,2,99.0,101.5,32,99.5,132.5,0.0,0.0,0.0,0.0,86
2023-05-10 22:01:05,OI311P7300,OI311P7300,99.5,0.0,0.0,0.0,20,99.0,101.5,32,99.5,132.5,0.0,0.0,0.0,0.0,86
2023-05-10 22:01:07,OI311P7300,OI311P7300,99.5,0.0,0.0,0.0,20,99.0,101.5,26,99.5,132.5,0.0,0.0,0.0,0.0,86
2023-05-10 22:01:10,OI311P7300,OI311P7300,99.5,0.0,0.0,0.0,14,99.0,101.5,26,99.5,132.5,0.0,0.0,0.0,0.0,86
2023-05-10 22:01:32,OI311P7300,OI311P7300,99.5,0.0,0.0,0.0,8,99.0,101.0,8,99.5,132.5,0.0,0.0,0.0,0.0,86
2023-05-10 22:01:32,OI311P7300,OI311P7300,99.5,0.0,0.0,0.0,8,99.0,101.0,14,99.5,132.5,0.0,0.0,0.0,0.0,86
2023-05-10 22:01:35,OI311P7300,OI311P7300,99.5,0.0,0.0,0.0,6,99.0,101.0,14,99.5,132.5,0.0,0.0,0.0,0.0,86
2023-05-10 22:01:35,OI311P7300,OI311P7300,99.5,0.0,0.0,0.0,18,98.5,101.0,20,99.5,132.5,0.0,0.0,0.0,0.0,86
2023-05-10 22:01:36,OI311P7300,OI311P7300,99.5,0.0,0.0,0.0,18,98.5,100.5,8,99.5,132.5,0.0,0.0,0.0,0.0,86
2023-05-10 22:01:36,OI311P7300,OI311P7300,99.5,0.0,0.0,0.0,6,98.5,100.5,14,99.5,132.5,0.0,0.0,0.0,0.0,86
2023-05-10 22:01:37,OI311P7300,OI311P7300,99.5,0.0,0.0,0.0,8,98.0,100.5,26,99.5,132.5,0.0,0.0,0.0,0.0,86
2023-05-10 22:01:37,OI311P7300,OI311P7300,99.5,0.0,0.0,0.0,2,98.0,100.5,32,99.5,132.5,0.0,0.0,0.0,0.0,86
2023-05-10 22:01:42,OI311P7300,OI311P7300,99.5,0.0,0.0,0.0,2,98.0,100.5,38,99.5,132.5,0.0,0.0,0.0,0.0,86
2023-05-10 22:01:44,OI311P7300,OI311P7300,99.5,0.0,0.0,0.0,2,98.0,100.5,32,99.5,132.5,0.0,0.0,0.0,0.0,86
2023-05-10 22:01:49,OI311P7300,OI311P7300,99.5,0.0,0.0,0.0,8,98.0,100.5,32,99.5,132.5,0.0,0.0,0.0,0.0,86
2023-05-10 22:01:49,OI311P7300,OI311P7300,99.5,0.0,0.0,0.0,14,98.0,100.5,32,99.5,132.5,0.0,0.0,0.0,0.0,86
2023-05-10 22:01:51,OI311P7300,OI311P7300,99.5,0.0,0.0,0.0,2,98.5,100.5,32,99.5,132.5,0.0,0.0,0.0,0.0,86
2023-05-10 22:01:51,OI311P7300,OI311P7300,99.5,0.0,0.0,0.0,2,98.5,100.5,26,99.5,132.5,0.0,0.0,0.0,0.0,86
2023-05-10 22:01:54,OI311P7300,OI311P7300,99.5,0.0,0.0,0.0,2,98.5,100.5,20,99.5,132.5,0.0,0.0,0.0,0.0,86
2023-05-10 22:02:01,OI311P7300,OI311P7300,99.5,0.0,0.0,0.0,2,98.5,100.5,18,99.5,132.5,0.0,0.0,0.0,0.0,86
2023-05-10 22:02:03,OI311P7300,OI311P7300,99.5,0.0,0.0,0.0,2,98.5,100.5,6,99.5,132.5,0.0,0.0,0.0,0.0,86
2023-05-10 22:02:04,OI311P7300,OI311P7300,99.5,0.0,0.0,0.0,2,99.0,100.5,6,99.5,132.5,0.0,0.0,0.0,0.0,86
2023-05-10 22:02:05,OI311P7300,OI311P7300,99.5,0.0,0.0,0.0,2,99.0,100.5,18,99.5,132.5,0.0,0.0,0.0,0.0,86
2023-05-10 22:02:06,OI311P7300,OI311P7300,99.5,0.0,0.0,0.0,8,99.0,101.0,12,99.5,132.5,0.0,0.0,0.0,0.0,86
2023-05-10 22:02:07,OI311P7300,OI311P7300,99.5,0.0,0.0,0.0,14,99.0,101.5,24,99.5,132.5,0.0,0.0,0.0,0.0,86
2023-05-10 22:02:07,OI311P7300,OI311P7300,99.5,0.0,0.0,0.0,14,99.0,101.5,18,99.5,132.5,0.0,0.0,0.0,0.0,86
2023-05-10 22:02:09,OI311P7300,OI311P7300,99.5,0.0,0.0,0.0,2,99.5,101.5,24,99.5,132.5,0.0,0.0,0.0,0.0,86
2023-05-10 22:02:10,OI311P7300,OI311P7300,99.5,0.0,0.0,0.0,2,99.5,101.5,18,99.5,132.5,0.0,0.0,0.0,0.0,86
2023-05-10 22:02:11,OI311P7300,OI311P7300,99.5,0.0,0.0,0.0,2,99.5,101.5,24,99.5,132.5,0.0,0.0,0.0,0.0,86
2023-05-10 22:02:11,OI311P7300,OI311P7300,99.5,0.0,0.0,0.0,2,99.5,101.5,18,99.5,132.5,0.0,0.0,0.0,0.0,86
2023-05-10 22:02:43,OI311P7300,OI311P7300,99.5,0.0,0.0,0.0,2,99.5,101.5,24,99.5,132.5,0.0,0.0,0.0,0.0,86
2023-05-10 22:02:44,OI311P7300,OI311P7300,99.5,0.0,0.0,0.0,2,99.5,101.5,26,99.5,132.5,0.0,0.0,0.0,0.0,86
2023-05-10 22:03:00,OI311P7300,OI311P7300,99.5,0.0,0.0,0.0,2,99.5,101.5,18,99.5,132.5,0.0,0.0,0.0,0.0,86
2023-05-10 22:03:01,OI311P7300,OI311P7300,99.5,0.0,0.0,0.0,2,100.0,101.5,18,99.5,132.5,0.0,0.0,0.0,0.0,86
2023-05-10 22:03:04,OI311P7300,OI311P7300,99.5,0.0,0.0,0.0,2,100.0,101.5,6,99.5,132.5,0.0,0.0,0.0,0.0,86
2023-05-10 22:03:04,OI311P7300,OI311P7300,99.5,0.0,0.0,0.0,2,100.0,102.0,12,99.5,132.5,0.0,0.0,0.0,0.0,86
2023-05-10 22:03:05,OI311P7300,OI311P7300,99.5,0.0,0.0,0.0,2,100.0,102.5,12,99.5,132.5,0.0,0.0,0.0,0.0,86
2023-05-10 22:03:06,OI311P7300,OI311P7300,99.5,0.0,0.0,0.0,2,100.0,102.5,30,99.5,132.5,0.0,0.0,0.0,0.0,86
2023-05-10 22:03:06,OI311P7300,OI311P7300,99.5,0.0,0.0,0.0,2,100.0,102.5,24,99.5,132.5,0.0,0.0,0.0,0.0,86
2023-05-10 22:03:18,OI311P7300,OI311P7300,99.5,0.0,0.0,0.0,2,100.5,102.5,18,99.5,132.5,0.0,0.0,0.0,0.0,86
2023-05-10 22:04:05,OI311P7300,OI311P7300,99.5,0.0,0.0,0.0,2,100.5,102.5,20,99.5,132.5,0.0,0.0,0.0,0.0,86
2023-05-10 22:04:08,OI311P7300,OI311P7300,99.5,0.0,0.0,0.0,2,100.5,102.5,26,99.5,132.5,0.0,0.0,0.0,0.0,86
2023-05-10 22:04:36,OI311P7300,OI311P7300,99.5,0.0,0.0,0.0,2,100.5,102.5,20,99.5,132.5,0.0,0.0,0.0,0.0,86
2023-05-10 22:05:26,OI311P7300,OI311P7300,99.5,0.0,0.0,0.0,2,100.5,102.5,26,99.5,132.5,0.0,0.0,0.0,0.0,86
2023-05-10 22:05:27,OI311P7300,OI311P7300,99.5,0.0,0.0,0.0,8,100.0,102.5,26,99.5,132.5,0.0,0.0,0.0,0.0,86
2023-05-10 22:05:27,OI311P7300,OI311P7300,99.5,0.0,0.0,0.0,14,100.0,102.5,26,99.5,132.5,0.0,0.0,0.0,0.0,86
2023-05-10 22:05:28,OI311P7300,OI311P7300,99.5,0.0,0.0,0.0,2,100.0,102.5,20,99.5,132.5,0.0,0.0,0.0,0.0,86
2023-05-10 22:05:29,OI311P7300,OI311P7300,99.5,0.0,0.0,0.0,2,100.0,102.0,2,99.5,132.5,0.0,0.0,0.0,0.0,86
2023-05-10 22:05:38,OI311P7300,OI311P7300,99.5,0.0,0.0,0.0,2,100.0,102.0,8,99.5,132.5,0.0,0.0,0.0,0.0,86
2023-05-10 22:05:38,OI311P7300,OI311P7300,99.5,0.0,0.0,0.0,2,100.0,102.0,20,99.5,132.5,0.0,0.0,0.0,0.0,86
2023-05-10 22:06:02,OI311P7300,OI311P7300,99.5,0.0,0.0,0.0,2,100.0,102.0,26,99.5,132.5,0.0,0.0,0.0,0.0,86
2023-05-10 22:06:13,OI311P7300,OI311P7300,99.5,0.0,0.0,0.0,24,99.5,102.0,26,99.5,132.5,0.0,0.0,0.0,0.0,86
2023-05-10 22:06:14,OI311P7300,OI311P7300,99.5,0.0,0.0,0.0,18,99.5,102.0,26,99.5,132.5,0.0,0.0,0.0,0.0,86
2023-05-10 22:06:15,OI311P7300,OI311P7300,99.5,0.0,0.0,0.0,18,99.5,101.5,14,99.5,132.5,0.0,0.0,0.0,0.0,86
2023-05-10 22:06:16,OI311P7300,OI311P7300,99.5,0.0,0.0,0.0,18,99.5,101.5,26,99.5,132.5,0.0,0.0,0.0,0.0,86
2023-05-10 22:06:29,OI311P7300,OI311P7300,99.5,0.0,0.0,0.0,12,99.5,101.0,8,99.5,132.5,0.0,0.0,0.0,0.0,86
2023-05-10 22:06:29,OI311P7300,OI311P7300,99.5,0.0,0.0,0.0,26,99.0,101.0,20,99.5,132.5,0.0,0.0,0.0,0.0,86
2023-05-10 22:06:30,OI311P7300,OI311P7300,99.5,0.0,0.0,0.0,20,99.0,101.0,20,99.5,132.5,0.0,0.0,0.0,0.0,86
2023-05-10 22:06:38,OI311P7300,OI311P7300,99.5,0.0,0.0,0.0,20,99.0,101.0,26,99.5,132.5,0.0,0.0,0.0,0.0,86
2023-05-10 22:06:47,OI311P7300,OI311P7300,99.5,0.0,0.0,0.0,20,99.0,101.0,20,99.5,132.5,0.0,0.0,0.0,0.0,86
2023-05-10 22:07:02,OI311P7300,OI311P7300,99.5,0.0,0.0,0.0,20,99.0,101.0,26,99.5,132.5,0.0,0.0,0.0,0.0,86
2023-05-10 22:07:04,OI311P7300,OI311P7300,99.5,0.0,0.0,0.0,20,99.0,101.0,20,99.5,132.5,0.0,0.0,0.0,0.0,86
2023-05-10 22:07:05,OI311P7300,OI311P7300,99.5,0.0,0.0,0.0,20,99.0,101.0,26,99.5,132.5,0.0,0.0,0.0,0.0,86
2023-05-10 22:07:16,OI311P7300,OI311P7300,99.5,0.0,0.0,0.0,20,99.0,101.0,32,99.5,132.5,0.0,0.0,0.0,0.0,86
2023-05-10 22:07:45,OI311P7300,OI311P7300,99.5,0.0,0.0,0.0,20,99.0,101.0,26,99.5,132.5,0.0,0.0,0.0,0.0,86
2023-05-10 22:08:00,OI311P7300,OI311P7300,99.5,0.0,0.0,0.0,18,99.0,100.5,2,99.5,132.5,0.0,0.0,0.0,0.0,86
2023-05-10 22:08:00,OI311P7300,OI311P7300,99.5,0.0,0.0,0.0,12,99.0,100.5,20,99.5,132.5,0.0,0.0,0.0,0.0,86
2023-05-10 22:08:01,OI311P7300,OI311P7300,99.5,0.0,0.0,0.0,14,98.5,100.5,20,99.5,132.5,0.0,0.0,0.0,0.0,86
2023-05-10 22:08:01,OI311P7300,OI311P7300,99.5,0.0,0.0,0.0,20,98.5,100.5,20,99.5,132.5,0.0,0.0,0.0,0.0,86
2023-05-10 22:08:02,OI311P7300,OI311P7300,99.5,0.0,0.0,0.0,14,98.5,100.5,20,99.5,132.5,0.0,0.0,0.0,0.0,86
2023-05-10 22:08:03,OI311P7300,OI311P7300,99.5,0.0,0.0,0.0,20,98.5,100.5,32,99.5,132.5,0.0,0.0,0.0,0.0,86
2023-05-10 22:08:03,OI311P7300,OI311P7300,99.5,0.0,0.0,0.0,18,98.5,100.5,32,99.5,132.5,0.0,0.0,0.0,0.0,86
2023-05-10 22:08:04,OI311P7300,OI311P7300,99.5,0.0,0.0,0.0,12,98.5,100.0,2,99.5,132.5,0.0,0.0,0.0,0.0,86
2023-05-10 22:08:05,OI311P7300,OI311P7300,99.5,0.0,0.0,0.0,6,98.5,100.0,26,99.5,132.5,0.0,0.0,0.0,0.0,86
2023-05-10 22:08:05,OI311P7300,OI311P7300,99.5,0.0,0.0,0.0,24,98.0,100.0,26,99.5,132.5,0.0,0.0,0.0,0.0,86
2023-05-10 22:08:06,OI311P7300,OI311P7300,99.5,0.0,0.0,0.0,18,98.0,100.0,26,99.5,132.5,0.0,0.0,0.0,0.0,86
2023-05-10 22:08:09,OI311P7300,OI311P7300,99.5,0.0,0.0,0.0,18,98.0,100.0,20,99.5,132.5,0.0,0.0,0.0,0.0,86
2023-05-10 22:08:32,OI311P7300,OI311P7300,99.5,0.0,0.0,0.0,18,98.0,100.0,26,99.5,132.5,0.0,0.0,0.0,0.0,86
2023-05-10 22:08:47,OI311P7300,OI311P7300,99.5,0.0,0.0,0.0,18,98.0,100.0,20,99.5,132.5,0.0,0.0,0.0,0.0,86
2023-05-10 22:09:49,OI311P7300,OI311P7300,99.5,0.0,0.0,0.0,20,98.0,100.0,20,99.5,132.5,0.0,0.0,0.0,0.0,86
2023-05-10 22:09:50,OI311P7300,OI311P7300,99.5,0.0,0.0,0.0,20,98.0,100.0,14,99.5,132.5,0.0,0.0,0.0,0.0,86
2023-05-10 22:09:51,OI311P7300,OI311P7300,99.5,0.0,0.0,0.0,20,98.0,100.0,12,99.5,132.5,0.0,0.0,0.0,0.0,86
2023-05-10 22:09:51,OI311P7300,OI311P7300,99.5,0.0,0.0,0.0,26,98.0,100.0,6,99.5,132.5,0.0,0.0,0.0,0.0,86
2023-05-10 22:09:52,OI311P7300,OI311P7300,99.5,0.0,0.0,0.0,2,98.5,100.0,6,99.5,132.5,0.0,0.0,0.0,0.0,86
2023-05-10 22:09:54,OI311P7300,OI311P7300,99.5,0.0,0.0,0.0,2,98.5,100.0,12,99.5,132.5,0.0,0.0,0.0,0.0,86
2023-05-10 22:09:55,OI311P7300,OI311P7300,99.5,0.0,0.0,0.0,2,98.5,100.0,18,99.5,132.5,0.0,0.0,0.0,0.0,86
2023-05-10 22:09:56,OI311P7300,OI311P7300,99.5,0.0,0.0,0.0,2,98.5,100.0,12,99.5,132.5,0.0,0.0,0.0,0.0,86
2023-05-10 22:09:56,OI311P7300,OI311P7300,99.5,0.0,0.0,0.0,2,98.5,100.5,20,99.5,132.5,0.0,0.0,0.0,0.0,86
2023-05-10 22:09:57,OI311P7300,OI311P7300,99.5,0.0,0.0,0.0,2,98.5,100.5,14,99.5,132.5,0.0,0.0,0.0,0.0,86
2023-05-10 22:10:08,OI311P7300,OI311P7300,99.5,0.0,0.0,0.0,2,98.5,100.5,12,99.5,132.5,0.0,0.0,0.0,0.0,86
2023-05-10 22:10:08,OI311P7300,OI311P7300,99.5,0.0,0.0,0.0,2,98.5,101.0,24,99.5,132.5,0.0,0.0,0.0,0.0,86
2023-05-10 22:10:09,OI311P7300,OI311P7300,99.5,0.0,0.0,0.0,2,98.5,101.0,18,99.5,132.5,0.0,0.0,0.0,0.0,86
2023-05-10 22:10:11,OI311P7300,OI311P7300,99.5,0.0,0.0,0.0,2,99.0,101.0,18,99.5,132.5,0.0,0.0,0.0,0.0,86
2023-05-10 22:10:37,OI311P7300,OI311P7300,99.5,0.0,0.0,0.0,2,99.0,101.0,24,99.5,132.5,0.0,0.0,0.0,0.0,86
2023-05-10 22:11:04,OI311P7300,OI311P7300,99.5,0.0,0.0,0.0,2,99.0,101.0,26,99.5,132.5,0.0,0.0,0.0,0.0,86
2023-05-10 22:11:09,OI311P7300,OI311P7300,99.5,0.0,0.0,0.0,8,98.5,101.0,26,99.5,132.5,0.0,0.0,0.0,0.0,86
2023-05-10 22:11:10,OI311P7300,OI311P7300,99.5,0.0,0.0,0.0,14,98.5,101.0,26,99.5,132.5,0.0,0.0,0.0,0.0,86
2023-05-10 22:11:10,OI311P7300,OI311P7300,99.5,0.0,0.0,0.0,2,98.5,101.0,20,99.5,132.5,0.0,0.0,0.0,0.0,86
2023-05-10 22:11:11,OI311P7300,OI311P7300,99.5,0.0,0.0,0.0,2,98.5,101.0,26,99.5,132.5,0.0,0.0,0.0,0.0,86
2023-05-10 22:11:30,OI311P7300,OI311P7300,99.5,0.0,0.0,0.0,2,98.5,100.5,2,99.5,132.5,0.0,0.0,0.0,0.0,86
2023-05-10 22:11:31,OI311P7300,OI311P7300,99.5,0.0,0.0,0.0,2,98.5,100.5,26,99.5,132.5,0.0,0.0,0.0,0.0,86
2023-05-10 22:11:44,OI311P7300,OI311P7300,99.5,0.0,0.0,0.0,18,98.0,100.5,20,99.5,132.5,0.0,0.0,0.0,0.0,86
2023-05-10 22:11:45,OI311P7300,OI311P7300,99.5,0.0,0.0,0.0,24,98.0,100.5,26,99.5,132.5,0.0,0.0,0.0,0.0,86
2023-05-10 22:11:47,OI311P7300,OI311P7300,99.5,0.0,0.0,0.0,18,98.0,100.5,26,99.5,132.5,0.0,0.0,0.0,0.0,86
2023-05-10 22:11:48,OI311P7300,OI311P7300,99.5,0.0,0.0,0.0,18,98.0,100.5,20,99.5,132.5,0.0,0.0,0.0,0.0,86
2023-05-10 22:12:02,OI311P7300,OI311P7300,99.5,0.0,0.0,0.0,20,98.0,100.5,20,99.5,132.5,0.0,0.0,0.0,0.0,86
2023-05-10 22:13:12,OI311P7300,OI311P7300,99.5,0.0,0.0,0.0,20,98.0,100.0,8,99.5,132.5,0.0,0.0,0.0,0.0,86
2023-05-10 22:13:13,OI311P7300,OI311P7300,99.5,0.0,0.0,0.0,20,98.0,100.0,20,99.5,132.5,0.0,0.0,0.0,0.0,86
2023-05-10 22:14:42,OI311P7300,OI311P7300,99.5,0.0,0.0,0.0,18,98.0,100.0,20,99.5,132.5,0.0,0.0,0.0,0.0,86
2023-05-10 22:14:42,OI311P7300,OI311P7300,99.5,0.0,0.0,0.0,12,98.0,99.5,8,99.5,132.5,0.0,0.0,0.0,0.0,86
2023-05-10 22:14:43,OI311P7300,OI311P7300,99.5,0.0,0.0,0.0,20,97.5,99.5,20,99.5,132.5,0.0,0.0,0.0,0.0,86
2023-05-10 22:14:43,OI311P7300,OI311P7300,99.5,0.0,0.0,0.0,26,97.5,99.5,20,99.5,132.5,0.0,0.0,0.0,0.0,86
2023-05-10 22:14:44,OI311P7300,OI311P7300,99.5,0.0,0.0,0.0,20,97.5,99.5,20,99.5,132.5,0.0,0.0,0.0,0.0,86
2023-05-10 22:14:52,OI311P7300,OI311P7300,99.5,0.0,0.0,0.0,18,97.5,99.5,20,99.5,132.5,0.0,0.0,0.0,0.0,86
2023-05-10 22:14:53,OI311P7300,OI311P7300,99.5,0.0,0.0,0.0,12,97.5,99.0,8,99.5,132.5,0.0,0.0,0.0,0.0,86
2023-05-10 22:14:53,OI311P7300,OI311P7300,99.5,0.0,0.0,0.0,6,97.0,99.0,8,99.5,132.5,0.0,0.0,0.0,0.0,86
2023-05-10 22:14:54,OI311P7300,OI311P7300,99.5,0.0,0.0,0.0,32,96.5,99.0,20,99.5,132.5,0.0,0.0,0.0,0.0,86
2023-05-10 22:14:54,OI311P7300,OI311P7300,99.5,0.0,0.0,0.0,38,96.5,99.0,20,99.5,132.5,0.0,0.0,0.0,0.0,86
2023-05-10 22:14:55,OI311P7300,OI311P7300,99.5,0.0,0.0,0.0,44,96.5,99.0,20,99.5,132.5,0.0,0.0,0.0,0.0,86
2023-05-10 22:14:55,OI311P7300,OI311P7300,99.5,0.0,0.0,0.0,32,96.5,99.0,20,99.5,132.5,0.0,0.0,0.0,0.0,86
2023-05-10 22:15:00,OI311P7300,OI311P7300,99.5,0.0,0.0,0.0,2,97.0,99.0,20,99.5,132.5,0.0,0.0,0.0,0.0,86
2023-05-10 22:15:16,OI311P7300,OI311P7300,99.5,0.0,0.0,0.0,20,96.5,99.0,20,99.5,132.5,0.0,0.0,0.0,0.0,86
2023-05-10 22:15:44,OI311P7300,OI311P7300,99.5,0.0,0.0,0.0,2,97.0,99.0,20,99.5,132.5,0.0,0.0,0.0,0.0,86
2023-05-10 22:15:47,OI311P7300,OI311P7300,99.5,0.0,0.0,0.0,2,97.0,99.0,14,99.5,132.5,0.0,0.0,0.0,0.0,86
2023-05-10 22:15:48,OI311P7300,OI311P7300,99.5,0.0,0.0,0.0,2,97.0,99.0,12,99.5,132.5,0.0,0.0,0.0,0.0,86
2023-05-10 22:15:48,OI311P7300,OI311P7300,99.5,0.0,0.0,0.0,2,97.0,99.0,18,99.5,132.5,0.0,0.0,0.0,0.0,86
2023-05-10 22:15:49,OI311P7300,OI311P7300,99.5,0.0,0.0,0.0,2,97.0,99.0,6,99.5,132.5,0.0,0.0,0.0,0.0,86
2023-05-10 22:15:50,OI311P7300,OI311P7300,99.5,0.0,0.0,0.0,2,97.5,99.0,6,99.5,132.5,0.0,0.0,0.0,0.0,86
2023-05-10 22:15:51,OI311P7300,OI311P7300,99.5,0.0,0.0,0.0,20,97.5,99.0,6,99.5,132.5,0.0,0.0,0.0,0.0,86
2023-05-10 22:15:53,OI311P7300,OI311P7300,99.5,0.0,0.0,0.0,20,97.5,99.0,18,99.5,132.5,0.0,0.0,0.0,0.0,86
2023-05-10 22:15:54,OI311P7300,OI311P7300,99.5,0.0,0.0,0.0,14,97.5,99.0,6,99.5,132.5,0.0,0.0,0.0,0.0,86
2023-05-10 22:15:54,OI311P7300,OI311P7300,99.5,0.0,0.0,0.0,20,97.5,99.0,6,99.5,132.5,0.0,0.0,0.0,0.0,86
2023-05-10 22:15:55,OI311P7300,OI311P7300,99.5,0.0,0.0,0.0,20,97.5,99.0,12,99.5,132.5,0.0,0.0,0.0,0.0,86
2023-05-10 22:15:56,OI311P7300,OI311P7300,99.5,0.0,0.0,0.0,20,97.5,99.0,6,99.5,132.5,0.0,0.0,0.0,0.0,86
2023-05-10 22:16:00,OI311P7300,OI311P7300,99.5,0.0,0.0,0.0,20,97.5,99.5,20,99.5,132.5,0.0,0.0,0.0,0.0,86
2023-05-10 22:16:01,OI311P7300,OI311P7300,99.5,0.0,0.0,0.0,26,97.5,99.5,18,99.5,132.5,0.0,0.0,0.0,0.0,86
2023-05-10 22:16:01,OI311P7300,OI311P7300,99.5,0.0,0.0,0.0,20,97.5,100.0,18,99.5,132.5,0.0,0.0,0.0,0.0,86
2023-05-10 22:16:02,OI311P7300,OI311P7300,99.5,0.0,0.0,0.0,14,97.5,100.0,6,99.5,132.5,0.0,0.0,0.0,0.0,86
2023-05-10 22:16:02,OI311P7300,OI311P7300,99.5,0.0,0.0,0.0,20,97.5,100.0,6,99.5,132.5,0.0,0.0,0.0,0.0,86
2023-05-10 22:16:03,OI311P7300,OI311P7300,99.5,0.0,0.0,0.0,2,98.0,100.0,18,99.5,132.5,0.0,0.0,0.0,0.0,86
2023-05-10 22:16:46,OI311P7300,OI311P7300,99.5,0.0,0.0,0.0,2,98.0,100.0,20,99.5,132.5,0.0,0.0,0.0,0.0,86
2023-05-10 22:17:36,OI311P7300,OI311P7300,99.5,0.0,0.0,0.0,2,98.0,100.0,18,99.5,132.5,0.0,0.0,0.0,0.0,86
2023-05-10 22:18:00,OI311P7300,OI311P7300,99.5,0.0,0.0,0.0,2,98.5,100.0,18,99.5,132.5,0.0,0.0,0.0,0.0,86
2023-05-10 22:18:01,OI311P7300,OI311P7300,99.5,0.0,0.0,0.0,2,98.5,100.0,12,99.5,132.5,0.0,0.0,0.0,0.0,86
2023-05-10 22:18:02,OI311P7300,OI311P7300,99.5,0.0,0.0,0.0,2,98.5,100.0,18,99.5,132.5,0.0,0.0,0.0,0.0,86
2023-05-10 22:18:12,OI311P7300,OI311P7300,99.5,0.0,0.0,0.0,8,98.5,100.0,6,99.5,132.5,0.0,0.0,0.0,0.0,86
2023-05-10 22:18:13,OI311P7300,OI311P7300,99.5,0.0,0.0,0.0,20,98.5,100.5,12,99.5,132.5,0.0,0.0,0.0,0.0,86
2023-05-10 22:18:13,OI311P7300,OI311P7300,99.5,0.0,0.0,0.0,26,98.5,100.5,18,99.5,132.5,0.0,0.0,0.0,0.0,86
2023-05-10 22:18:14,OI311P7300,OI311P7300,99.5,0.0,0.0,0.0,20,98.5,100.5,6,99.5,132.5,0.0,0.0,0.0,0.0,86
2023-05-10 22:18:14,OI311P7300,OI311P7300,99.5,0.0,0.0,0.0,20,98.5,101.0,30,99.5,132.5,0.0,0.0,0.0,0.0,86
2023-05-10 22:18:14,OI311P7300,OI311P7300,99.5,0.0,0.0,0.0,26,98.5,101.0,36,99.5,132.5,0.0,0.0,0.0,0.0,86
2023-05-10 22:18:15,OI311P7300,OI311P7300,99.5,0.0,0.0,0.0,26,98.5,101.0,24,99.5,132.5,0.0,0.0,0.0,0.0,86
2023-05-10 22:18:16,OI311P7300,OI311P7300,99.5,0.0,0.0,0.0,26,98.5,101.0,18,99.5,132.5,0.0,0.0,0.0,0.0,86
2023-05-10 22:18:17,OI311P7300,OI311P7300,99.5,0.0,0.0,0.0,2,99.0,101.0,18,99.5,132.5,0.0,0.0,0.0,0.0,86
2023-05-10 22:18:37,OI311P7300,OI311P7300,99.5,0.0,0.0,0.0,2,99.0,101.0,12,99.5,132.5,0.0,0.0,0.0,0.0,86
2023-05-10 22:18:37,OI311P7300,OI311P7300,99.5,0.0,0.0,0.0,2,99.0,101.0,6,99.5,132.5,0.0,0.0,0.0,0.0,86
2023-05-10 22:18:38,OI311P7300,OI311P7300,99.5,0.0,0.0,0.0,2,99.0,101.0,18,99.5,132.5,0.0,0.0,0.0,0.0,86
2023-05-10 22:18:44,OI311P7300,OI311P7300,99.5,0.0,0.0,0.0,2,99.0,101.0,6,99.5,132.5,0.0,0.0,0.0,0.0,86
2023-05-10 22:18:45,OI311P7300,OI311P7300,99.5,0.0,0.0,0.0,2,99.5,101.5,20,99.5,132.5,0.0,0.0,0.0,0.0,86
2023-05-10 22:18:45,OI311P7300,OI311P7300,99.5,0.0,0.0,0.0,2,99.5,101.5,26,99.5,132.5,0.0,0.0,0.0,0.0,86
2023-05-10 22:18:45,OI311P7300,OI311P7300,99.5,0.0,0.0,0.0,2,99.5,101.5,20,99.5,132.5,0.0,0.0,0.0,0.0,86
2023-05-10 22:18:45,OI311P7300,OI311P7300,99.5,0.0,0.0,0.0,2,99.5,101.5,26,99.5,132.5,0.0,0.0,0.0,0.0,86
2023-05-10 22:18:45,OI311P7300,OI311P7300,99.5,0.0,0.0,0.0,2,99.5,101.5,20,99.5,132.5,0.0,0.0,0.0,0.0,86
2023-05-10 22:19:01,OI311P7300,OI311P7300,99.5,0.0,0.0,0.0,8,99.5,101.5,20,99.5,132.5,0.0,0.0,0.0,0.0,86
2023-05-10 22:19:02,OI311P7300,OI311P7300,99.5,0.0,0.0,0.0,14,99.5,101.5,12,99.5,132.5,0.0,0.0,0.0,0.0,86
2023-05-10 22:19:02,OI311P7300,OI311P7300,99.5,0.0,0.0,0.0,14,99.5,101.5,6,99.5,132.5,0.0,0.0,0.0,0.0,86
2023-05-10 22:19:03,OI311P7300,OI311P7300,99.5,0.0,0.0,0.0,20,99.5,101.5,6,99.5,132.5,0.0,0.0,0.0,0.0,86
2023-05-10 22:19:04,OI311P7300,OI311P7300,99.5,0.0,0.0,0.0,20,99.5,101.5,18,99.5,132.5,0.0,0.0,0.0,0.0,86
2023-05-10 22:19:05,OI311P7300,OI311P7300,99.5,0.0,0.0,0.0,2,100.0,101.5,18,99.5,132.5,0.0,0.0,0.0,0.0,86
2023-05-10 22:19:23,OI311P7300,OI311P7300,99.5,0.0,0.0,0.0,2,100.0,101.5,12,99.5,132.5,0.0,0.0,0.0,0.0,86
2023-05-10 22:19:23,OI311P7300,OI311P7300,99.5,0.0,0.0,0.0,2,100.0,102.0,18,99.5,132.5,0.0,0.0,0.0,0.0,86
2023-05-10 22:19:24,OI311P7300,OI311P7300,99.5,0.0,0.0,0.0,20,100.0,102.0,18,99.5,132.5,0.0,0.0,0.0,0.0,86
2023-05-10 22:19:24,OI311P7300,OI311P7300,99.5,0.0,0.0,0.0,14,100.0,102.0,6,99.5,132.5,0.0,0.0,0.0,0.0,86
2023-05-10 22:19:25,OI311P7300,OI311P7300,99.5,0.0,0.0,0.0,14,100.0,102.5,20,99.5,132.5,0.0,0.0,0.0,0.0,86
2023-05-10 22:19:25,OI311P7300,OI311P7300,99.5,0.0,0.0,0.0,20,100.0,102.5,26,99.5,132.5,0.0,0.0,0.0,0.0,86
2023-05-10 22:19:25,OI311P7300,OI311P7300,99.5,0.0,0.0,0.0,20,100.0,102.5,20,99.5,132.5,0.0,0.0,0.0,0.0,86
2023-05-10 22:19:27,OI311P7300,OI311P7300,99.5,0.0,0.0,0.0,20,100.0,102.5,14,99.5,132.5,0.0,0.0,0.0,0.0,86
2023-05-10 22:19:34,OI311P7300,OI311P7300,99.5,0.0,0.0,0.0,26,100.0,102.5,14,99.5,132.5,0.0,0.0,0.0,0.0,86
2023-05-10 22:20:12,OI311P7300,OI311P7300,99.5,0.0,0.0,0.0,14,100.0,103.0,18,99.5,132.5,0.0,0.0,0.0,0.0,86
2023-05-10 22:20:12,OI311P7300,OI311P7300,99.5,0.0,0.0,0.0,2,100.5,103.0,18,99.5,132.5,0.0,0.0,0.0,0.0,86
2023-05-10 22:20:13,OI311P7300,OI311P7300,99.5,0.0,0.0,0.0,2,100.5,103.0,6,99.5,132.5,0.0,0.0,0.0,0.0,86
2023-05-10 22:20:14,OI311P7300,OI311P7300,99.5,0.0,0.0,0.0,2,100.5,103.0,8,99.5,132.5,0.0,0.0,0.0,0.0,86
2023-05-10 22:20:14,OI311P7300,OI311P7300,99.5,0.0,0.0,0.0,2,100.5,103.0,14,99.5,132.5,0.0,0.0,0.0,0.0,86
2023-05-10 22:20:16,OI311P7300,OI311P7300,99.5,0.0,0.0,0.0,2,100.5,103.0,2,99.5,132.5,0.0,0.0,0.0,0.0,86
2023-05-10 22:20:16,OI311P7300,OI311P7300,99.5,0.0,0.0,0.0,2,100.5,102.5,2,99.5,132.5,0.0,0.0,0.0,0.0,86
2023-05-10 22:20:19,OI311P7300,OI311P7300,99.5,0.0,0.0,0.0,20,100.0,102.5,8,99.5,132.5,0.0,0.0,0.0,0.0,86
2023-05-10 22:20:20,OI311P7300,OI311P7300,99.5,0.0,0.0,0.0,26,100.0,102.0,2,99.5,132.5,0.0,0.0,0.0,0.0,86
2023-05-10 22:20:20,OI311P7300,OI311P7300,99.5,0.0,0.0,0.0,20,100.0,102.0,2,99.5,132.5,0.0,0.0,0.0,0.0,86
2023-05-10 22:20:20,OI311P7300,OI311P7300,99.5,0.0,0.0,0.0,14,100.0,102.0,2,99.5,132.5,0.0,0.0,0.0,0.0,86
2023-05-10 22:20:28,OI311P7300,OI311P7300,99.5,0.0,0.0,0.0,14,100.0,102.0,20,99.5,132.5,0.0,0.0,0.0,0.0,86
2023-05-10 22:20:49,OI311P7300,OI311P7300,99.5,0.0,0.0,0.0,12,100.0,102.0,20,99.5,132.5,0.0,0.0,0.0,0.0,86
2023-05-10 22:20:50,OI311P7300,OI311P7300,99.5,0.0,0.0,0.0,18,99.5,102.0,20,99.5,132.5,0.0,0.0,0.0,0.0,86
2023-05-10 22:20:50,OI311P7300,OI311P7300,99.5,0.0,0.0,0.0,24,99.5,102.0,20,99.5,132.5,0.0,0.0,0.0,0.0,86
2023-05-10 22:20:54,OI311P7300,OI311P7300,99.5,0.0,0.0,0.0,18,99.5,102.0,20,99.5,132.5,0.0,0.0,0.0,0.0,86
2023-05-10 22:20:58,OI311P7300,OI311P7300,99.5,0.0,0.0,0.0,18,99.5,101.5,2,99.5,132.5,0.0,0.0,0.0,0.0,86
2023-05-10 22:20:59,OI311P7300,OI311P7300,99.5,0.0,0.0,0.0,18,99.5,101.5,8,99.5,132.5,0.0,0.0,0.0,0.0,86
2023-05-10 22:20:59,OI311P7300,OI311P7300,99.5,0.0,0.0,0.0,18,99.5,101.5,20,99.5,132.5,0.0,0.0,0.0,0.0,86
2023-05-10 22:21:25,OI311P7300,OI311P7300,99.5,0.0,0.0,0.0,20,99.5,101.5,20,99.5,132.5,0.0,0.0,0.0,0.0,86
2023-05-10 22:22:00,OI311P7300,OI311P7300,99.5,0.0,0.0,0.0,12,99.5,101.0,8,99.5,132.5,0.0,0.0,0.0,0.0,86
2023-05-10 22:22:00,OI311P7300,OI311P7300,99.5,0.0,0.0,0.0,6,99.5,101.0,14,99.5,132.5,0.0,0.0,0.0,0.0,86
2023-05-10 22:22:01,OI311P7300,OI311P7300,99.5,0.0,0.0,0.0,20,99.0,101.0,14,99.5,132.5,0.0,0.0,0.0,0.0,86
2023-05-10 22:22:01,OI311P7300,OI311P7300,99.5,0.0,0.0,0.0,14,99.0,101.0,14,99.5,132.5,0.0,0.0,0.0,0.0,86
2023-05-10 22:22:02,OI311P7300,OI311P7300,99.5,0.0,0.0,0.0,20,99.0,101.0,20,99.5,132.5,0.0,0.0,0.0,0.0,86
2023-05-10 22:22:25,OI311P7300,OI311P7300,99.5,0.0,0.0,0.0,20,99.0,101.0,14,99.5,132.5,0.0,0.0,0.0,0.0,86
2023-05-10 22:22:33,OI311P7300,OI311P7300,99.5,0.0,0.0,0.0,20,99.0,101.0,20,99.5,132.5,0.0,0.0,0.0,0.0,86
2023-05-10 22:22:54,OI311P7300,OI311P7300,99.5,0.0,0.0,0.0,18,99.0,100.5,2,99.5,132.5,0.0,0.0,0.0,0.0,86
2023-05-10 22:22:55,OI311P7300,OI311P7300,99.5,0.0,0.0,0.0,6,99.0,100.5,2,99.5,132.5,0.0,0.0,0.0,0.0,86
2023-05-10 22:22:55,OI311P7300,OI311P7300,99.5,0.0,0.0,0.0,18,98.5,100.5,2,99.5,132.5,0.0,0.0,0.0,0.0,86
2023-05-10 22:22:55,OI311P7300,OI311P7300,99.5,0.0,0.0,0.0,24,98.5,100.5,2,99.5,132.5,0.0,0.0,0.0,0.0,86
2023-05-10 22:22:56,OI311P7300,OI311P7300,99.5,0.0,0.0,0.0,18,98.5,100.5,2,99.5,132.5,0.0,0.0,0.0,0.0,86
2023-05-10 22:23:10,OI311P7300,OI311P7300,99.5,0.0,0.0,0.0,18,98.5,100.5,8,99.5,132.5,0.0,0.0,0.0,0.0,86
2023-05-10 22:23:10,OI311P7300,OI311P7300,99.5,0.0,0.0,0.0,18,98.5,100.5,20,99.5,132.5,0.0,0.0,0.0,0.0,86
2023-05-10 22:23:14,OI311P7300,OI311P7300,99.5,0.0,0.0,0.0,20,98.5,100.5,20,99.5,132.5,0.0,0.0,0.0,0.0,86
2023-05-10 22:23:22,OI311P7300,OI311P7300,99.5,0.0,0.0,0.0,20,98.5,100.5,18,99.5,132.5,0.0,0.0,0.0,0.0,86
2023-05-10 22:23:23,OI311P7300,OI311P7300,99.5,0.0,0.0,0.0,20,98.5,100.5,12,99.5,132.5,0.0,0.0,0.0,0.0,86
2023-05-10 22:23:24,OI311P7300,OI311P7300,99.5,0.0,0.0,0.0,20,98.5,100.5,6,99.5,132.5,0.0,0.0,0.0,0.0,86
2023-05-10 22:23:24,OI311P7300,OI311P7300,99.5,0.0,0.0,0.0,8,99.0,100.5,6,99.5,132.5,0.0,0.0,0.0,0.0,86
2023-05-10 22:23:24,OI311P7300,OI311P7300,99.5,0.0,0.0,0.0,20,99.0,100.5,6,99.5,132.5,0.0,0.0,0.0,0.0,86
2023-05-10 22:23:25,OI311P7300,OI311P7300,99.5,0.0,0.0,0.0,14,99.0,101.0,14,99.5,132.5,0.0,0.0,0.0,0.0,86
2023-05-10 22:23:25,OI311P7300,OI311P7300,99.5,0.0,0.0,0.0,20,99.0,101.0,20,99.5,132.5,0.0,0.0,0.0,0.0,86
2023-05-10 22:23:26,OI311P7300,OI311P7300,99.5,0.0,0.0,0.0,20,99.0,101.0,14,99.5,132.5,0.0,0.0,0.0,0.0,86
2023-05-10 22:23:27,OI311P7300,OI311P7300,99.5,0.0,0.0,0.0,20,99.0,101.0,20,99.5,132.5,0.0,0.0,0.0,0.0,86
2023-05-10 22:23:34,OI311P7300,OI311P7300,99.5,0.0,0.0,0.0,14,99.0,101.0,20,99.5,132.5,0.0,0.0,0.0,0.0,86
2023-05-10 22:24:39,OI311P7300,OI311P7300,99.5,0.0,0.0,0.0,14,99.0,101.0,14,99.5,132.5,0.0,0.0,0.0,0.0,86
2023-05-10 22:24:47,OI311P7300,OI311P7300,99.5,0.0,0.0,0.0,14,99.0,101.0,20,99.5,132.5,0.0,0.0,0.0,0.0,86
2023-05-10 22:25:20,OI311P7300,OI311P7300,99.5,0.0,0.0,0.0,14,99.0,101.0,14,99.5,132.5,0.0,0.0,0.0,0.0,86
2023-05-10 22:25:24,OI311P7300,OI311P7300,99.5,0.0,0.0,0.0,14,99.0,101.0,20,99.5,132.5,0.0,0.0,0.0,0.0,86
2023-05-10 22:25:29,OI311P7300,OI311P7300,99.5,0.0,0.0,0.0,12,99.0,101.0,20,99.5,132.5,0.0,0.0,0.0,0.0,86
2023-05-10 22:25:30,OI311P7300,OI311P7300,99.5,0.0,0.0,0.0,14,98.5,101.0,20,99.5,132.5,0.0,0.0,0.0,0.0,86
2023-05-10 22:25:30,OI311P7300,OI311P7300,99.5,0.0,0.0,0.0,20,98.5,101.0,26,99.5,132.5,0.0,0.0,0.0,0.0,86
2023-05-10 22:25:31,OI311P7300,OI311P7300,99.5,0.0,0.0,0.0,14,98.5,101.0,26,99.5,132.5,0.0,0.0,0.0,0.0,86
2023-05-10 22:25:31,OI311P7300,OI311P7300,99.5,0.0,0.0,0.0,14,98.5,100.5,2,99.5,132.5,0.0,0.0,0.0,0.0,86
2023-05-10 22:25:32,OI311P7300,OI311P7300,99.5,0.0,0.0,0.0,20,98.5,100.5,20,99.5,132.5,0.0,0.0,0.0,0.0,86
2023-05-10 22:25:49,OI311P7300,OI311P7300,99.5,0.0,0.0,0.0,26,98.5,100.5,20,99.5,132.5,0.0,0.0,0.0,0.0,86
2023-05-10 22:26:08,OI311P7300,OI311P7300,99.5,0.0,0.0,0.0,26,98.5,100.5,14,99.5,132.5,0.0,0.0,0.0,0.0,86
2023-05-10 22:26:10,OI311P7300,OI311P7300,99.5,0.0,0.0,0.0,26,98.5,100.5,20,99.5,132.5,0.0,0.0,0.0,0.0,86
2023-05-10 22:26:10,OI311P7300,OI311P7300,99.5,0.0,0.0,0.0,26,98.5,100.5,14,99.5,132.5,0.0,0.0,0.0,0.0,86
2023-05-10 22:26:12,OI311P7300,OI311P7300,99.5,0.0,0.0,0.0,26,98.5,100.5,20,99.5,132.5,0.0,0.0,0.0,0.0,86
2023-05-10 22:26:19,OI311P7300,OI311P7300,99.5,0.0,0.0,0.0,26,98.5,100.5,12,99.5,132.5,0.0,0.0,0.0,0.0,86
2023-05-10 22:26:20,OI311P7300,OI311P7300,99.5,0.0,0.0,0.0,26,98.5,100.5,6,99.5,132.5,0.0,0.0,0.0,0.0,86
2023-05-10 22:26:20,OI311P7300,OI311P7300,99.5,0.0,0.0,0.0,26,98.5,100.5,18,99.5,132.5,0.0,0.0,0.0,0.0,86
2023-05-10 22:26:26,OI311P7300,OI311P7300,99.5,0.0,0.0,0.0,26,98.5,100.5,12,99.5,132.5,0.0,0.0,0.0,0.0,86
2023-05-10 22:26:27,OI311P7300,OI311P7300,99.5,0.0,0.0,0.0,2,99.0,101.0,14,99.5,132.5,0.0,0.0,0.0,0.0,86
2023-05-10 22:26:27,OI311P7300,OI311P7300,99.5,0.0,0.0,0.0,14,99.0,101.0,20,99.5,132.5,0.0,0.0,0.0,0.0,86
2023-05-10 22:26:28,OI311P7300,OI311P7300,99.5,0.0,0.0,0.0,14,99.0,101.0,14,99.5,132.5,0.0,0.0,0.0,0.0,86
2023-05-10 22:26:31,OI311P7300,OI311P7300,99.5,0.0,0.0,0.0,8,99.0,101.0,14,99.5,132.5,0.0,0.0,0.0,0.0,86
2023-05-10 22:26:31,OI311P7300,OI311P7300,99.5,0.0,0.0,0.0,2,99.0,101.0,8,99.5,132.5,0.0,0.0,0.0,0.0,86
2023-05-10 22:26:32,OI311P7300,OI311P7300,99.5,0.0,0.0,0.0,2,99.0,101.0,14,99.5,132.5,0.0,0.0,0.0,0.0,86
2023-05-10 22:26:32,OI311P7300,OI311P7300,99.5,0.0,0.0,0.0,2,99.0,101.0,20,99.5,132.5,0.0,0.0,0.0,0.0,86
2023-05-10 22:26:48,OI311P7300,OI311P7300,99.5,0.0,0.0,0.0,2,99.0,101.0,18,99.5,132.5,0.0,0.0,0.0,0.0,86
2023-05-10 22:26:55,OI311P7300,OI311P7300,99.5,0.0,0.0,0.0,2,99.0,101.0,6,99.5,132.5,0.0,0.0,0.0,0.0,86
2023-05-10 22:26:58,OI311P7300,OI311P7300,99.5,0.0,0.0,0.0,2,99.5,101.0,6,99.5,132.5,0.0,0.0,0.0,0.0,86
2023-05-10 22:26:59,OI311P7300,OI311P7300,99.5,0.0,0.0,0.0,2,99.5,101.5,18,99.5,132.5,0.0,0.0,0.0,0.0,86
2023-05-10 22:27:00,OI311P7300,OI311P7300,99.5,0.0,0.0,0.0,2,99.5,101.5,24,99.5,132.5,0.0,0.0,0.0,0.0,86
2023-05-10 22:27:00,OI311P7300,OI311P7300,99.5,0.0,0.0,0.0,2,99.5,101.5,18,99.5,132.5,0.0,0.0,0.0,0.0,86
2023-05-10 22:27:22,OI311P7300,OI311P7300,99.5,0.0,0.0,0.0,2,99.5,101.5,20,99.5,132.5,0.0,0.0,0.0,0.0,86
2023-05-10 22:27:25,OI311P7300,OI311P7300,99.5,0.0,0.0,0.0,14,99.0,101.5,20,99.5,132.5,0.0,0.0,0.0,0.0,86
2023-05-10 22:27:25,OI311P7300,OI311P7300,99.5,0.0,0.0,0.0,20,99.0,101.5,20,99.5,132.5,0.0,0.0,0.0,0.0,86
2023-05-10 22:27:26,OI311P7300,OI311P7300,99.5,0.0,0.0,0.0,14,99.0,101.5,20,99.5,132.5,0.0,0.0,0.0,0.0,86
2023-05-10 22:29:31,OI311P7300,OI311P7300,99.5,0.0,0.0,0.0,2,99.0,101.5,14,99.5,132.5,0.0,0.0,0.0,0.0,86
2023-05-10 22:29:31,OI311P7300,OI311P7300,99.5,0.0,0.0,0.0,2,99.0,101.5,20,99.5,132.5,0.0,0.0,0.0,0.0,86
2023-05-10 22:29:45,OI311P7300,OI311P7300,99.5,0.0,0.0,0.0,2,99.0,101.5,14,99.5,132.5,0.0,0.0,0.0,0.0,86
2023-05-10 22:30:03,OI311P7300,OI311P7300,99.5,0.0,0.0,0.0,2,99.0,101.0,2,99.5,132.5,0.0,0.0,0.0,0.0,86
2023-05-10 22:30:04,OI311P7300,OI311P7300,99.5,0.0,0.0,0.0,6,98.5,101.0,2,99.5,132.5,0.0,0.0,0.0,0.0,86
2023-05-10 22:30:05,OI311P7300,OI311P7300,99.5,0.0,0.0,0.0,8,98.0,101.0,2,99.5,132.5,0.0,0.0,0.0,0.0,86
2023-05-10 22:30:05,OI311P7300,OI311P7300,99.5,0.0,0.0,0.0,14,98.0,101.0,2,99.5,132.5,0.0,0.0,0.0,0.0,86
2023-05-10 22:30:06,OI311P7300,OI311P7300,99.5,0.0,0.0,0.0,2,98.0,101.0,2,99.5,132.5,0.0,0.0,0.0,0.0,86
2023-05-10 22:30:18,OI311P7300,OI311P7300,99.5,0.0,0.0,0.0,2,98.0,100.5,2,99.5,132.5,0.0,0.0,0.0,0.0,86
2023-05-10 22:30:19,OI311P7300,OI311P7300,99.5,0.0,0.0,0.0,2,98.0,100.5,14,99.5,132.5,0.0,0.0,0.0,0.0,86
2023-05-10 22:30:42,OI311P7300,OI311P7300,99.5,0.0,0.0,0.0,2,98.0,100.0,2,99.5,132.5,0.0,0.0,0.0,0.0,86
2023-05-10 22:30:43,OI311P7300,OI311P7300,99.5,0.0,0.0,0.0,2,98.0,100.0,14,99.5,132.5,0.0,0.0,0.0,0.0,86
2023-05-10 22:31:02,OI311P7300,OI311P7300,99.5,0.0,0.0,0.0,2,98.0,100.0,20,99.5,132.5,0.0,0.0,0.0,0.0,86
2023-05-10 22:31:17,OI311P7300,OI311P7300,99.5,0.0,0.0,0.0,24,97.5,100.0,20,99.5,132.5,0.0,0.0,0.0,0.0,86
2023-05-10 22:31:18,OI311P7300,OI311P7300,99.5,0.0,0.0,0.0,18,97.5,100.0,20,99.5,132.5,0.0,0.0,0.0,0.0,86
2023-05-10 22:31:18,OI311P7300,OI311P7300,99.5,0.0,0.0,0.0,18,97.5,100.0,26,99.5,132.5,0.0,0.0,0.0,0.0,86
2023-05-10 22:31:21,OI311P7300,OI311P7300,99.5,0.0,0.0,0.0,18,97.5,99.5,2,99.5,132.5,0.0,0.0,0.0,0.0,86
2023-05-10 22:31:21,OI311P7300,OI311P7300,99.5,0.0,0.0,0.0,18,97.5,99.5,20,99.5,132.5,0.0,0.0,0.0,0.0,86
2023-05-10 22:31:21,OI311P7300,OI311P7300,99.5,0.0,0.0,0.0,18,97.5,99.5,2,99.5,132.5,0.0,0.0,0.0,0.0,86
2023-05-10 22:31:21,OI311P7300,OI311P7300,99.5,0.0,0.0,0.0,18,97.5,99.5,20,99.5,132.5,0.0,0.0,0.0,0.0,86
2023-05-10 22:31:40,OI311P7300,OI311P7300,99.5,0.0,0.0,0.0,20,97.5,99.5,20,99.5,132.5,0.0,0.0,0.0,0.0,86
2023-05-10 22:31:40,OI311P7300,OI311P7300,99.5,0.0,0.0,0.0,20,97.5,99.5,14,99.5,132.5,0.0,0.0,0.0,0.0,86
2023-05-10 22:31:41,OI311P7300,OI311P7300,99.5,0.0,0.0,0.0,26,97.5,99.5,14,99.5,132.5,0.0,0.0,0.0,0.0,86
2023-05-10 22:31:43,OI311P7300,OI311P7300,99.5,0.0,0.0,0.0,20,97.5,99.5,6,99.5,132.5,0.0,0.0,0.0,0.0,86
2023-05-10 22:31:43,OI311P7300,OI311P7300,99.5,0.0,0.0,0.0,20,97.5,100.0,14,99.5,132.5,0.0,0.0,0.0,0.0,86
2023-05-10 22:31:44,OI311P7300,OI311P7300,99.5,0.0,0.0,0.0,26,97.5,100.0,20,99.5,132.5,0.0,0.0,0.0,0.0,86
2023-05-10 22:31:44,OI311P7300,OI311P7300,99.5,0.0,0.0,0.0,26,97.5,100.0,14,99.5,132.5,0.0,0.0,0.0,0.0,86
2023-05-10 22:31:45,OI311P7300,OI311P7300,99.5,0.0,0.0,0.0,26,97.5,100.0,20,99.5,132.5,0.0,0.0,0.0,0.0,86
2023-05-10 22:32:14,OI311P7300,OI311P7300,99.5,0.0,0.0,0.0,2,98.0,100.0,20,99.5,132.5,0.0,0.0,0.0,0.0,86
2023-05-10 22:33:03,OI311P7300,OI311P7300,99.5,0.0,0.0,0.0,14,98.0,100.0,20,99.5,132.5,0.0,0.0,0.0,0.0,86
2023-05-10 22:33:03,OI311P7300,OI311P7300,99.5,0.0,0.0,0.0,14,98.0,100.0,18,99.5,132.5,0.0,0.0,0.0,0.0,86
2023-05-10 22:33:05,OI311P7300,OI311P7300,99.5,0.0,0.0,0.0,2,98.5,100.0,6,99.5,132.5,0.0,0.0,0.0,0.0,86
2023-05-10 22:33:05,OI311P7300,OI311P7300,99.5,0.0,0.0,0.0,2,98.5,100.5,18,99.5,132.5,0.0,0.0,0.0,0.0,86
2023-05-10 22:33:05,OI311P7300,OI311P7300,99.5,0.0,0.0,0.0,2,98.5,100.5,6,99.5,132.5,0.0,0.0,0.0,0.0,86
2023-05-10 22:33:06,OI311P7300,OI311P7300,99.5,0.0,0.0,0.0,2,98.5,101.0,18,99.5,132.5,0.0,0.0,0.0,0.0,86
2023-05-10 22:33:06,OI311P7300,OI311P7300,99.5,0.0,0.0,0.0,2,98.5,101.0,24,99.5,132.5,0.0,0.0,0.0,0.0,86
2023-05-10 22:33:07,OI311P7300,OI311P7300,99.5,0.0,0.0,0.0,2,98.5,101.0,18,99.5,132.5,0.0,0.0,0.0,0.0,86
2023-05-10 22:33:10,OI311P7300,OI311P7300,99.5,0.0,0.0,0.0,14,98.5,101.0,18,99.5,132.5,0.0,0.0,0.0,0.0,86
2023-05-10 22:33:11,OI311P7300,OI311P7300,99.5,0.0,0.0,0.0,2,99.0,101.0,18,99.5,132.5,0.0,0.0,0.0,0.0,86
2023-05-10 22:33:18,OI311P7300,OI311P7300,99.5,0.0,0.0,0.0,2,99.0,101.0,32,99.5,132.5,0.0,0.0,0.0,0.0,86
2023-05-10 22:33:31,OI311P7300,OI311P7300,99.5,0.0,0.0,0.0,2,99.0,101.0,20,99.5,132.5,0.0,0.0,0.0,0.0,86
2023-05-10 22:33:48,OI311P7300,OI311P7300,99.5,0.0,0.0,0.0,2,99.0,101.0,18,99.5,132.5,0.0,0.0,0.0,0.0,86
2023-05-10 22:33:51,OI311P7300,OI311P7300,99.5,0.0,0.0,0.0,2,99.5,101.0,18,99.5,132.5,0.0,0.0,0.0,0.0,86
2023-05-10 22:33:54,OI311P7300,OI311P7300,99.5,0.0,0.0,0.0,2,99.5,101.0,12,99.5,132.5,0.0,0.0,0.0,0.0,86
2023-05-10 22:33:54,OI311P7300,OI311P7300,99.5,0.0,0.0,0.0,2,99.5,101.5,20,99.5,132.5,0.0,0.0,0.0,0.0,86
2023-05-10 22:33:55,OI311P7300,OI311P7300,99.5,0.0,0.0,0.0,8,99.5,101.5,20,99.5,132.5,0.0,0.0,0.0,0.0,86
