time,symbol_id,symbol_name,last,trade_volume,trade_amount,open_interest_change,bv1,bp1,ap1,av1,yesterday_close,today_open,today_high,today_low,volume,amount,open_interest
2023-05-10 19:12:58,OI311P9100,OI311P9100,998.5,0.0,0.0,0.0,0,0.0,0.0,0,998.5,0.0,0.0,0.0,0.0,0.0,27
2023-05-10 20:59:00,OI311P9100,OI311P9100,998.5,0.0,0.0,0.0,1,366.5,0.0,0,998.5,0.0,0.0,0.0,0.0,0.0,27
2023-05-10 21:01:13,OI311P9100,OI311P9100,998.5,0.0,0.0,0.0,10,367.0,0.0,0,998.5,0.0,0.0,0.0,0.0,0.0,27
2023-05-10 21:01:18,OI311P9100,OI311P9100,998.5,0.0,0.0,0.0,1,368.5,1656.0,1,998.5,0.0,0.0,0.0,0.0,0.0,27
2023-05-10 21:01:18,OI311P9100,OI311P9100,998.5,0.0,0.0,0.0,10,369.0,1655.5,10,998.5,0.0,0.0,0.0,0.0,0.0,27
2023-05-10 21:01:27,OI311P9100,OI311P9100,998.5,0.0,0.0,0.0,1,370.5,1654.0,1,998.5,0.0,0.0,0.0,0.0,0.0,27
2023-05-10 21:01:27,OI311P9100,OI311P9100,998.5,0.0,0.0,0.0,10,371.0,1653.5,10,998.5,0.0,0.0,0.0,0.0,0.0,27
2023-05-10 21:01:28,OI311P9100,OI311P9100,998.5,0.0,0.0,0.0,1,372.5,1652.0,1,998.5,0.0,0.0,0.0,0.0,0.0,27
2023-05-10 21:01:28,OI311P9100,OI311P9100,998.5,0.0,0.0,0.0,10,373.0,1651.5,10,998.5,0.0,0.0,0.0,0.0,0.0,27
2023-05-10 21:01:34,OI311P9100,OI311P9100,998.5,0.0,0.0,0.0,1,374.5,1650.0,1,998.5,0.0,0.0,0.0,0.0,0.0,27
2023-05-10 21:01:34,OI311P9100,OI311P9100,998.5,0.0,0.0,0.0,10,375.0,1649.5,10,998.5,0.0,0.0,0.0,0.0,0.0,27
2023-05-10 21:01:42,OI311P9100,OI311P9100,998.5,0.0,0.0,0.0,1,376.5,1648.0,1,998.5,0.0,0.0,0.0,0.0,0.0,27
2023-05-10 21:01:42,OI311P9100,OI311P9100,998.5,0.0,0.0,0.0,10,377.0,1647.5,10,998.5,0.0,0.0,0.0,0.0,0.0,27
2023-05-10 21:01:49,OI311P9100,OI311P9100,998.5,0.0,0.0,0.0,1,500.0,1647.5,10,998.5,0.0,0.0,0.0,0.0,0.0,27
2023-05-10 21:01:49,OI311P9100,OI311P9100,998.5,0.0,0.0,0.0,10,500.5,1647.5,10,998.5,0.0,0.0,0.0,0.0,0.0,27
2023-05-10 21:01:50,OI311P9100,OI311P9100,998.5,0.0,0.0,0.0,1,502.0,1646.0,1,998.5,0.0,0.0,0.0,0.0,0.0,27
2023-05-10 21:01:50,OI311P9100,OI311P9100,998.5,0.0,0.0,0.0,10,502.5,1645.5,10,998.5,0.0,0.0,0.0,0.0,0.0,27
2023-05-10 21:01:56,OI311P9100,OI311P9100,998.5,0.0,0.0,0.0,1,504.0,1644.0,1,998.5,0.0,0.0,0.0,0.0,0.0,27
2023-05-10 21:01:56,OI311P9100,OI311P9100,998.5,0.0,0.0,0.0,10,504.5,1643.5,10,998.5,0.0,0.0,0.0,0.0,0.0,27
2023-05-10 21:02:02,OI311P9100,OI311P9100,998.5,0.0,0.0,0.0,1,506.0,1642.0,1,998.5,0.0,0.0,0.0,0.0,0.0,27
2023-05-10 21:02:02,OI311P9100,OI311P9100,998.5,0.0,0.0,0.0,10,506.5,1641.5,10,998.5,0.0,0.0,0.0,0.0,0.0,27
2023-05-10 21:02:07,OI311P9100,OI311P9100,998.5,0.0,0.0,0.0,1,508.0,1640.0,1,998.5,0.0,0.0,0.0,0.0,0.0,27
2023-05-10 21:02:07,OI311P9100,OI311P9100,998.5,0.0,0.0,0.0,10,508.5,1639.5,10,998.5,0.0,0.0,0.0,0.0,0.0,27
2023-05-10 21:02:11,OI311P9100,OI311P9100,998.5,0.0,0.0,0.0,1,510.0,1638.0,1,998.5,0.0,0.0,0.0,0.0,0.0,27
2023-05-10 21:02:11,OI311P9100,OI311P9100,998.5,0.0,0.0,0.0,10,510.5,1637.5,10,998.5,0.0,0.0,0.0,0.0,0.0,27
2023-05-10 21:02:13,OI311P9100,OI311P9100,998.5,0.0,0.0,0.0,1,512.0,1636.0,1,998.5,0.0,0.0,0.0,0.0,0.0,27
2023-05-10 21:02:13,OI311P9100,OI311P9100,998.5,0.0,0.0,0.0,10,512.5,1635.5,10,998.5,0.0,0.0,0.0,0.0,0.0,27
2023-05-10 21:02:19,OI311P9100,OI311P9100,998.5,0.0,0.0,0.0,1,514.0,1634.0,1,998.5,0.0,0.0,0.0,0.0,0.0,27
2023-05-10 21:02:19,OI311P9100,OI311P9100,998.5,0.0,0.0,0.0,10,514.5,1633.5,10,998.5,0.0,0.0,0.0,0.0,0.0,27
2023-05-10 21:02:26,OI311P9100,OI311P9100,998.5,0.0,0.0,0.0,1,516.0,1632.0,1,998.5,0.0,0.0,0.0,0.0,0.0,27
2023-05-10 21:02:26,OI311P9100,OI311P9100,998.5,0.0,0.0,0.0,10,516.5,1631.5,10,998.5,0.0,0.0,0.0,0.0,0.0,27
2023-05-10 21:02:34,OI311P9100,OI311P9100,998.5,0.0,0.0,0.0,1,518.0,1630.0,1,998.5,0.0,0.0,0.0,0.0,0.0,27
2023-05-10 21:02:34,OI311P9100,OI311P9100,998.5,0.0,0.0,0.0,10,518.5,1629.5,10,998.5,0.0,0.0,0.0,0.0,0.0,27
2023-05-10 21:02:41,OI311P9100,OI311P9100,998.5,0.0,0.0,0.0,1,520.0,1628.0,1,998.5,0.0,0.0,0.0,0.0,0.0,27
2023-05-10 21:02:41,OI311P9100,OI311P9100,998.5,0.0,0.0,0.0,10,520.5,1627.5,10,998.5,0.0,0.0,0.0,0.0,0.0,27
2023-05-10 21:02:47,OI311P9100,OI311P9100,998.5,0.0,0.0,0.0,1,522.0,1626.0,1,998.5,0.0,0.0,0.0,0.0,0.0,27
2023-05-10 21:02:47,OI311P9100,OI311P9100,998.5,0.0,0.0,0.0,10,522.5,1625.5,10,998.5,0.0,0.0,0.0,0.0,0.0,27
2023-05-10 21:02:53,OI311P9100,OI311P9100,998.5,0.0,0.0,0.0,1,524.0,1624.0,1,998.5,0.0,0.0,0.0,0.0,0.0,27
2023-05-10 21:02:53,OI311P9100,OI311P9100,998.5,0.0,0.0,0.0,10,524.5,1623.5,10,998.5,0.0,0.0,0.0,0.0,0.0,27
2023-05-10 21:02:55,OI311P9100,OI311P9100,998.5,0.0,0.0,0.0,1,526.0,1622.0,1,998.5,0.0,0.0,0.0,0.0,0.0,27
2023-05-10 21:02:55,OI311P9100,OI311P9100,998.5,0.0,0.0,0.0,10,526.5,1621.5,10,998.5,0.0,0.0,0.0,0.0,0.0,27
2023-05-10 21:03:02,OI311P9100,OI311P9100,998.5,0.0,0.0,0.0,1,528.0,1621.5,10,998.5,0.0,0.0,0.0,0.0,0.0,27
2023-05-10 21:03:02,OI311P9100,OI311P9100,998.5,0.0,0.0,0.0,10,528.5,1621.5,10,998.5,0.0,0.0,0.0,0.0,0.0,27
2023-05-10 21:03:07,OI311P9100,OI311P9100,998.5,0.0,0.0,0.0,1,530.0,1620.0,1,998.5,0.0,0.0,0.0,0.0,0.0,27
2023-05-10 21:03:07,OI311P9100,OI311P9100,998.5,0.0,0.0,0.0,10,530.5,1619.5,10,998.5,0.0,0.0,0.0,0.0,0.0,27
2023-05-10 21:03:14,OI311P9100,OI311P9100,998.5,0.0,0.0,0.0,1,532.0,1618.0,1,998.5,0.0,0.0,0.0,0.0,0.0,27
2023-05-10 21:03:14,OI311P9100,OI311P9100,998.5,0.0,0.0,0.0,10,532.5,1617.5,10,998.5,0.0,0.0,0.0,0.0,0.0,27
2023-05-10 21:03:18,OI311P9100,OI311P9100,998.5,0.0,0.0,0.0,1,534.0,1617.5,10,998.5,0.0,0.0,0.0,0.0,0.0,27
2023-05-10 21:03:18,OI311P9100,OI311P9100,998.5,0.0,0.0,0.0,10,534.5,1617.5,10,998.5,0.0,0.0,0.0,0.0,0.0,27
2023-05-10 21:03:21,OI311P9100,OI311P9100,998.5,0.0,0.0,0.0,1,536.0,1616.0,1,998.5,0.0,0.0,0.0,0.0,0.0,27
2023-05-10 21:03:21,OI311P9100,OI311P9100,998.5,0.0,0.0,0.0,10,536.5,1615.5,10,998.5,0.0,0.0,0.0,0.0,0.0,27
2023-05-10 21:03:26,OI311P9100,OI311P9100,998.5,0.0,0.0,0.0,1,538.0,1614.0,1,998.5,0.0,0.0,0.0,0.0,0.0,27
2023-05-10 21:03:26,OI311P9100,OI311P9100,998.5,0.0,0.0,0.0,10,538.5,1613.5,10,998.5,0.0,0.0,0.0,0.0,0.0,27
2023-05-10 21:03:29,OI311P9100,OI311P9100,998.5,0.0,0.0,0.0,1,540.0,1612.0,1,998.5,0.0,0.0,0.0,0.0,0.0,27
2023-05-10 21:03:29,OI311P9100,OI311P9100,998.5,0.0,0.0,0.0,10,540.5,1611.5,10,998.5,0.0,0.0,0.0,0.0,0.0,27
2023-05-10 21:03:38,OI311P9100,OI311P9100,998.5,0.0,0.0,0.0,1,542.0,1610.0,1,998.5,0.0,0.0,0.0,0.0,0.0,27
2023-05-10 21:03:38,OI311P9100,OI311P9100,998.5,0.0,0.0,0.0,10,542.5,1609.5,10,998.5,0.0,0.0,0.0,0.0,0.0,27
2023-05-10 21:03:42,OI311P9100,OI311P9100,998.5,0.0,0.0,0.0,1,544.0,1608.0,1,998.5,0.0,0.0,0.0,0.0,0.0,27
2023-05-10 21:03:42,OI311P9100,OI311P9100,998.5,0.0,0.0,0.0,10,544.5,1607.5,10,998.5,0.0,0.0,0.0,0.0,0.0,27
2023-05-10 21:03:49,OI311P9100,OI311P9100,998.5,0.0,0.0,0.0,1,546.0,1606.0,1,998.5,0.0,0.0,0.0,0.0,0.0,27
2023-05-10 21:03:49,OI311P9100,OI311P9100,998.5,0.0,0.0,0.0,10,546.5,1605.5,10,998.5,0.0,0.0,0.0,0.0,0.0,27
2023-05-10 21:03:50,OI311P9100,OI311P9100,998.5,0.0,0.0,0.0,1,548.0,1604.0,1,998.5,0.0,0.0,0.0,0.0,0.0,27
2023-05-10 21:03:50,OI311P9100,OI311P9100,998.5,0.0,0.0,0.0,10,548.5,1603.5,10,998.5,0.0,0.0,0.0,0.0,0.0,27
2023-05-10 21:03:51,OI311P9100,OI311P9100,998.5,0.0,0.0,0.0,1,550.0,1602.0,1,998.5,0.0,0.0,0.0,0.0,0.0,27
2023-05-10 21:03:51,OI311P9100,OI311P9100,998.5,0.0,0.0,0.0,10,550.5,1601.5,10,998.5,0.0,0.0,0.0,0.0,0.0,27
2023-05-10 21:03:54,OI311P9100,OI311P9100,998.5,0.0,0.0,0.0,1,552.0,1600.0,1,998.5,0.0,0.0,0.0,0.0,0.0,27
2023-05-10 21:03:54,OI311P9100,OI311P9100,998.5,0.0,0.0,0.0,10,552.5,1599.5,10,998.5,0.0,0.0,0.0,0.0,0.0,27
2023-05-10 21:03:57,OI311P9100,OI311P9100,998.5,0.0,0.0,0.0,1,554.0,1598.0,1,998.5,0.0,0.0,0.0,0.0,0.0,27
2023-05-10 21:03:57,OI311P9100,OI311P9100,998.5,0.0,0.0,0.0,10,554.5,1597.5,10,998.5,0.0,0.0,0.0,0.0,0.0,27
2023-05-10 21:04:00,OI311P9100,OI311P9100,998.5,0.0,0.0,0.0,1,556.0,1596.0,1,998.5,0.0,0.0,0.0,0.0,0.0,27
2023-05-10 21:04:00,OI311P9100,OI311P9100,998.5,0.0,0.0,0.0,10,556.5,1595.5,10,998.5,0.0,0.0,0.0,0.0,0.0,27
2023-05-10 21:04:01,OI311P9100,OI311P9100,998.5,0.0,0.0,0.0,1,558.0,1594.0,1,998.5,0.0,0.0,0.0,0.0,0.0,27
2023-05-10 21:04:01,OI311P9100,OI311P9100,998.5,0.0,0.0,0.0,10,558.5,1593.5,10,998.5,0.0,0.0,0.0,0.0,0.0,27
2023-05-10 21:04:06,OI311P9100,OI311P9100,998.5,0.0,0.0,0.0,1,560.0,1592.0,1,998.5,0.0,0.0,0.0,0.0,0.0,27
2023-05-10 21:04:06,OI311P9100,OI311P9100,998.5,0.0,0.0,0.0,10,560.5,1591.5,10,998.5,0.0,0.0,0.0,0.0,0.0,27
2023-05-10 21:04:10,OI311P9100,OI311P9100,998.5,0.0,0.0,0.0,1,562.0,1590.0,1,998.5,0.0,0.0,0.0,0.0,0.0,27
2023-05-10 21:04:10,OI311P9100,OI311P9100,998.5,0.0,0.0,0.0,10,562.5,1589.5,10,998.5,0.0,0.0,0.0,0.0,0.0,27
2023-05-10 21:04:16,OI311P9100,OI311P9100,998.5,0.0,0.0,0.0,1,564.0,1588.0,1,998.5,0.0,0.0,0.0,0.0,0.0,27
2023-05-10 21:04:16,OI311P9100,OI311P9100,998.5,0.0,0.0,0.0,10,564.5,1587.5,10,998.5,0.0,0.0,0.0,0.0,0.0,27
2023-05-10 21:04:22,OI311P9100,OI311P9100,998.5,0.0,0.0,0.0,1,566.0,1586.0,1,998.5,0.0,0.0,0.0,0.0,0.0,27
2023-05-10 21:04:22,OI311P9100,OI311P9100,998.5,0.0,0.0,0.0,10,566.5,1585.5,10,998.5,0.0,0.0,0.0,0.0,0.0,27
2023-05-10 21:04:29,OI311P9100,OI311P9100,998.5,0.0,0.0,0.0,1,568.0,1585.5,10,998.5,0.0,0.0,0.0,0.0,0.0,27
2023-05-10 21:04:29,OI311P9100,OI311P9100,998.5,0.0,0.0,0.0,10,568.5,1585.5,10,998.5,0.0,0.0,0.0,0.0,0.0,27
2023-05-10 21:04:32,OI311P9100,OI311P9100,998.5,0.0,0.0,0.0,1,570.0,1584.0,1,998.5,0.0,0.0,0.0,0.0,0.0,27
2023-05-10 21:04:33,OI311P9100,OI311P9100,998.5,0.0,0.0,0.0,10,570.5,1583.5,10,998.5,0.0,0.0,0.0,0.0,0.0,27
2023-05-10 21:04:33,OI311P9100,OI311P9100,998.5,0.0,0.0,0.0,1,572.0,1582.0,1,998.5,0.0,0.0,0.0,0.0,0.0,27
2023-05-10 21:04:34,OI311P9100,OI311P9100,998.5,0.0,0.0,0.0,10,572.5,1581.5,10,998.5,0.0,0.0,0.0,0.0,0.0,27
2023-05-10 21:04:36,OI311P9100,OI311P9100,998.5,0.0,0.0,0.0,1,574.0,1580.0,1,998.5,0.0,0.0,0.0,0.0,0.0,27
2023-05-10 21:04:37,OI311P9100,OI311P9100,998.5,0.0,0.0,0.0,10,574.5,1579.5,10,998.5,0.0,0.0,0.0,0.0,0.0,27
2023-05-10 21:04:42,OI311P9100,OI311P9100,998.5,0.0,0.0,0.0,1,576.0,1578.0,1,998.5,0.0,0.0,0.0,0.0,0.0,27
2023-05-10 21:04:43,OI311P9100,OI311P9100,998.5,0.0,0.0,0.0,10,576.5,1577.5,10,998.5,0.0,0.0,0.0,0.0,0.0,27
2023-05-10 21:04:49,OI311P9100,OI311P9100,998.5,0.0,0.0,0.0,1,578.0,1576.0,1,998.5,0.0,0.0,0.0,0.0,0.0,27
2023-05-10 21:04:50,OI311P9100,OI311P9100,998.5,0.0,0.0,0.0,10,578.5,1575.5,10,998.5,0.0,0.0,0.0,0.0,0.0,27
2023-05-10 21:04:59,OI311P9100,OI311P9100,998.5,0.0,0.0,0.0,1,580.0,1574.0,1,998.5,0.0,0.0,0.0,0.0,0.0,27
2023-05-10 21:04:59,OI311P9100,OI311P9100,998.5,0.0,0.0,0.0,10,580.5,1573.5,10,998.5,0.0,0.0,0.0,0.0,0.0,27
2023-05-10 21:05:00,OI311P9100,OI311P9100,998.5,0.0,0.0,0.0,1,582.0,1572.0,1,998.5,0.0,0.0,0.0,0.0,0.0,27
2023-05-10 21:05:00,OI311P9100,OI311P9100,998.5,0.0,0.0,0.0,10,582.5,1571.5,10,998.5,0.0,0.0,0.0,0.0,0.0,27
2023-05-10 21:05:01,OI311P9100,OI311P9100,998.5,0.0,0.0,0.0,1,584.0,1570.0,1,998.5,0.0,0.0,0.0,0.0,0.0,27
2023-05-10 21:05:01,OI311P9100,OI311P9100,998.5,0.0,0.0,0.0,10,584.5,1569.5,10,998.5,0.0,0.0,0.0,0.0,0.0,27
2023-05-10 21:05:02,OI311P9100,OI311P9100,998.5,0.0,0.0,0.0,1,586.0,1568.0,1,998.5,0.0,0.0,0.0,0.0,0.0,27
2023-05-10 21:05:02,OI311P9100,OI311P9100,998.5,0.0,0.0,0.0,10,586.5,1567.5,10,998.5,0.0,0.0,0.0,0.0,0.0,27
2023-05-10 21:05:03,OI311P9100,OI311P9100,998.5,0.0,0.0,0.0,1,588.0,1566.0,1,998.5,0.0,0.0,0.0,0.0,0.0,27
2023-05-10 21:05:03,OI311P9100,OI311P9100,998.5,0.0,0.0,0.0,10,588.5,1565.5,10,998.5,0.0,0.0,0.0,0.0,0.0,27
2023-05-10 21:05:04,OI311P9100,OI311P9100,998.5,0.0,0.0,0.0,1,590.0,1564.0,1,998.5,0.0,0.0,0.0,0.0,0.0,27
2023-05-10 21:05:04,OI311P9100,OI311P9100,998.5,0.0,0.0,0.0,10,590.5,1563.5,10,998.5,0.0,0.0,0.0,0.0,0.0,27
2023-05-10 21:05:06,OI311P9100,OI311P9100,998.5,0.0,0.0,0.0,1,592.0,1562.0,1,998.5,0.0,0.0,0.0,0.0,0.0,27
2023-05-10 21:05:06,OI311P9100,OI311P9100,998.5,0.0,0.0,0.0,10,592.5,1561.5,10,998.5,0.0,0.0,0.0,0.0,0.0,27
2023-05-10 21:05:07,OI311P9100,OI311P9100,998.5,0.0,0.0,0.0,1,594.0,1560.0,1,998.5,0.0,0.0,0.0,0.0,0.0,27
2023-05-10 21:05:07,OI311P9100,OI311P9100,998.5,0.0,0.0,0.0,10,594.5,1559.5,10,998.5,0.0,0.0,0.0,0.0,0.0,27
2023-05-10 21:05:08,OI311P9100,OI311P9100,998.5,0.0,0.0,0.0,1,596.0,1558.0,1,998.5,0.0,0.0,0.0,0.0,0.0,27
2023-05-10 21:05:08,OI311P9100,OI311P9100,998.5,0.0,0.0,0.0,10,596.5,1557.5,10,998.5,0.0,0.0,0.0,0.0,0.0,27
2023-05-10 21:05:10,OI311P9100,OI311P9100,998.5,0.0,0.0,0.0,1,598.0,1556.0,1,998.5,0.0,0.0,0.0,0.0,0.0,27
2023-05-10 21:05:10,OI311P9100,OI311P9100,998.5,0.0,0.0,0.0,10,598.5,1555.5,10,998.5,0.0,0.0,0.0,0.0,0.0,27
2023-05-10 21:05:12,OI311P9100,OI311P9100,998.5,0.0,0.0,0.0,1,600.0,1554.0,1,998.5,0.0,0.0,0.0,0.0,0.0,27
2023-05-10 21:05:12,OI311P9100,OI311P9100,998.5,0.0,0.0,0.0,10,600.5,1553.5,10,998.5,0.0,0.0,0.0,0.0,0.0,27
2023-05-10 21:05:13,OI311P9100,OI311P9100,998.5,0.0,0.0,0.0,1,602.0,1552.0,1,998.5,0.0,0.0,0.0,0.0,0.0,27
2023-05-10 21:05:13,OI311P9100,OI311P9100,998.5,0.0,0.0,0.0,10,602.5,1551.5,10,998.5,0.0,0.0,0.0,0.0,0.0,27
2023-05-10 21:05:14,OI311P9100,OI311P9100,998.5,0.0,0.0,0.0,1,604.0,1550.0,1,998.5,0.0,0.0,0.0,0.0,0.0,27
2023-05-10 21:05:14,OI311P9100,OI311P9100,998.5,0.0,0.0,0.0,10,604.5,1549.5,10,998.5,0.0,0.0,0.0,0.0,0.0,27
2023-05-10 21:05:15,OI311P9100,OI311P9100,998.5,0.0,0.0,0.0,1,606.0,1548.0,1,998.5,0.0,0.0,0.0,0.0,0.0,27
2023-05-10 21:05:15,OI311P9100,OI311P9100,998.5,0.0,0.0,0.0,10,606.5,1547.5,10,998.5,0.0,0.0,0.0,0.0,0.0,27
2023-05-10 21:05:16,OI311P9100,OI311P9100,998.5,0.0,0.0,0.0,1,608.0,1546.0,1,998.5,0.0,0.0,0.0,0.0,0.0,27
2023-05-10 21:05:16,OI311P9100,OI311P9100,998.5,0.0,0.0,0.0,10,608.5,1545.5,10,998.5,0.0,0.0,0.0,0.0,0.0,27
2023-05-10 21:05:17,OI311P9100,OI311P9100,998.5,0.0,0.0,0.0,1,610.0,1544.0,1,998.5,0.0,0.0,0.0,0.0,0.0,27
2023-05-10 21:05:17,OI311P9100,OI311P9100,998.5,0.0,0.0,0.0,10,610.5,1543.5,10,998.5,0.0,0.0,0.0,0.0,0.0,27
2023-05-10 21:05:19,OI311P9100,OI311P9100,998.5,0.0,0.0,0.0,1,612.0,1542.0,1,998.5,0.0,0.0,0.0,0.0,0.0,27
2023-05-10 21:05:19,OI311P9100,OI311P9100,998.5,0.0,0.0,0.0,10,612.5,1541.5,10,998.5,0.0,0.0,0.0,0.0,0.0,27
2023-05-10 21:05:21,OI311P9100,OI311P9100,998.5,0.0,0.0,0.0,1,614.0,1540.0,1,998.5,0.0,0.0,0.0,0.0,0.0,27
2023-05-10 21:05:21,OI311P9100,OI311P9100,998.5,0.0,0.0,0.0,10,614.5,1539.5,10,998.5,0.0,0.0,0.0,0.0,0.0,27
2023-05-10 21:05:22,OI311P9100,OI311P9100,998.5,0.0,0.0,0.0,1,616.0,1538.0,1,998.5,0.0,0.0,0.0,0.0,0.0,27
2023-05-10 21:05:22,OI311P9100,OI311P9100,998.5,0.0,0.0,0.0,10,616.5,1537.5,10,998.5,0.0,0.0,0.0,0.0,0.0,27
2023-05-10 21:05:23,OI311P9100,OI311P9100,998.5,0.0,0.0,0.0,1,618.0,1536.0,1,998.5,0.0,0.0,0.0,0.0,0.0,27
2023-05-10 21:05:23,OI311P9100,OI311P9100,998.5,0.0,0.0,0.0,10,618.5,1535.5,10,998.5,0.0,0.0,0.0,0.0,0.0,27
2023-05-10 21:05:24,OI311P9100,OI311P9100,998.5,0.0,0.0,0.0,1,620.0,1534.0,1,998.5,0.0,0.0,0.0,0.0,0.0,27
2023-05-10 21:05:24,OI311P9100,OI311P9100,998.5,0.0,0.0,0.0,10,620.5,1533.5,10,998.5,0.0,0.0,0.0,0.0,0.0,27
2023-05-10 21:05:25,OI311P9100,OI311P9100,998.5,0.0,0.0,0.0,1,622.0,1532.0,1,998.5,0.0,0.0,0.0,0.0,0.0,27
2023-05-10 21:05:25,OI311P9100,OI311P9100,998.5,0.0,0.0,0.0,10,622.5,1531.5,10,998.5,0.0,0.0,0.0,0.0,0.0,27
2023-05-10 21:05:26,OI311P9100,OI311P9100,998.5,0.0,0.0,0.0,1,624.0,1530.0,1,998.5,0.0,0.0,0.0,0.0,0.0,27
2023-05-10 21:05:26,OI311P9100,OI311P9100,998.5,0.0,0.0,0.0,10,624.5,1529.5,10,998.5,0.0,0.0,0.0,0.0,0.0,27
2023-05-10 21:05:27,OI311P9100,OI311P9100,998.5,0.0,0.0,0.0,1,626.0,1528.0,1,998.5,0.0,0.0,0.0,0.0,0.0,27
2023-05-10 21:05:27,OI311P9100,OI311P9100,998.5,0.0,0.0,0.0,10,626.5,1527.5,10,998.5,0.0,0.0,0.0,0.0,0.0,27
2023-05-10 21:05:29,OI311P9100,OI311P9100,998.5,0.0,0.0,0.0,1,628.0,1526.0,1,998.5,0.0,0.0,0.0,0.0,0.0,27
2023-05-10 21:05:29,OI311P9100,OI311P9100,998.5,0.0,0.0,0.0,10,628.5,1525.5,10,998.5,0.0,0.0,0.0,0.0,0.0,27
2023-05-10 21:05:30,OI311P9100,OI311P9100,998.5,0.0,0.0,0.0,1,630.0,1524.0,1,998.5,0.0,0.0,0.0,0.0,0.0,27
2023-05-10 21:05:30,OI311P9100,OI311P9100,998.5,0.0,0.0,0.0,10,630.5,1523.5,10,998.5,0.0,0.0,0.0,0.0,0.0,27
2023-05-10 21:05:31,OI311P9100,OI311P9100,998.5,0.0,0.0,0.0,1,632.0,1522.0,1,998.5,0.0,0.0,0.0,0.0,0.0,27
2023-05-10 21:05:31,OI311P9100,OI311P9100,998.5,0.0,0.0,0.0,10,632.5,1521.5,10,998.5,0.0,0.0,0.0,0.0,0.0,27
2023-05-10 21:05:32,OI311P9100,OI311P9100,998.5,0.0,0.0,0.0,1,634.0,1520.0,1,998.5,0.0,0.0,0.0,0.0,0.0,27
2023-05-10 21:05:32,OI311P9100,OI311P9100,998.5,0.0,0.0,0.0,10,634.5,1519.5,10,998.5,0.0,0.0,0.0,0.0,0.0,27
2023-05-10 21:05:33,OI311P9100,OI311P9100,998.5,0.0,0.0,0.0,1,636.0,1518.0,1,998.5,0.0,0.0,0.0,0.0,0.0,27
2023-05-10 21:05:33,OI311P9100,OI311P9100,998.5,0.0,0.0,0.0,10,636.5,1517.5,10,998.5,0.0,0.0,0.0,0.0,0.0,27
2023-05-10 21:05:34,OI311P9100,OI311P9100,998.5,0.0,0.0,0.0,1,638.0,1516.0,1,998.5,0.0,0.0,0.0,0.0,0.0,27
2023-05-10 21:05:34,OI311P9100,OI311P9100,998.5,0.0,0.0,0.0,10,638.5,1515.5,10,998.5,0.0,0.0,0.0,0.0,0.0,27
2023-05-10 21:05:36,OI311P9100,OI311P9100,998.5,0.0,0.0,0.0,1,640.0,1514.0,1,998.5,0.0,0.0,0.0,0.0,0.0,27
2023-05-10 21:05:36,OI311P9100,OI311P9100,998.5,0.0,0.0,0.0,10,640.5,1513.5,10,998.5,0.0,0.0,0.0,0.0,0.0,27
2023-05-10 21:05:38,OI311P9100,OI311P9100,998.5,0.0,0.0,0.0,1,642.0,1512.0,1,998.5,0.0,0.0,0.0,0.0,0.0,27
2023-05-10 21:05:38,OI311P9100,OI311P9100,998.5,0.0,0.0,0.0,10,642.5,1511.5,10,998.5,0.0,0.0,0.0,0.0,0.0,27
2023-05-10 21:05:39,OI311P9100,OI311P9100,998.5,0.0,0.0,0.0,1,644.0,1510.0,1,998.5,0.0,0.0,0.0,0.0,0.0,27
2023-05-10 21:05:39,OI311P9100,OI311P9100,998.5,0.0,0.0,0.0,10,644.5,1509.5,10,998.5,0.0,0.0,0.0,0.0,0.0,27
2023-05-10 21:05:40,OI311P9100,OI311P9100,998.5,0.0,0.0,0.0,1,646.0,1508.0,1,998.5,0.0,0.0,0.0,0.0,0.0,27
2023-05-10 21:05:40,OI311P9100,OI311P9100,998.5,0.0,0.0,0.0,10,646.5,1507.5,10,998.5,0.0,0.0,0.0,0.0,0.0,27
2023-05-10 21:05:41,OI311P9100,OI311P9100,998.5,0.0,0.0,0.0,1,648.0,1506.0,1,998.5,0.0,0.0,0.0,0.0,0.0,27
2023-05-10 21:05:41,OI311P9100,OI311P9100,998.5,0.0,0.0,0.0,10,648.5,1505.5,10,998.5,0.0,0.0,0.0,0.0,0.0,27
2023-05-10 21:05:42,OI311P9100,OI311P9100,998.5,0.0,0.0,0.0,1,650.0,1504.0,1,998.5,0.0,0.0,0.0,0.0,0.0,27
2023-05-10 21:05:42,OI311P9100,OI311P9100,998.5,0.0,0.0,0.0,10,650.5,1503.5,10,998.5,0.0,0.0,0.0,0.0,0.0,27
2023-05-10 21:05:43,OI311P9100,OI311P9100,998.5,0.0,0.0,0.0,1,652.0,1502.0,1,998.5,0.0,0.0,0.0,0.0,0.0,27
2023-05-10 21:05:43,OI311P9100,OI311P9100,998.5,0.0,0.0,0.0,10,652.5,1501.5,10,998.5,0.0,0.0,0.0,0.0,0.0,27
2023-05-10 21:05:47,OI311P9100,OI311P9100,998.5,0.0,0.0,0.0,1,654.0,1500.0,1,998.5,0.0,0.0,0.0,0.0,0.0,27
2023-05-10 21:05:47,OI311P9100,OI311P9100,998.5,0.0,0.0,0.0,10,654.5,1499.5,10,998.5,0.0,0.0,0.0,0.0,0.0,27
2023-05-10 21:05:51,OI311P9100,OI311P9100,998.5,0.0,0.0,0.0,1,656.0,1498.0,1,998.5,0.0,0.0,0.0,0.0,0.0,27
2023-05-10 21:05:51,OI311P9100,OI311P9100,998.5,0.0,0.0,0.0,10,656.5,1497.5,10,998.5,0.0,0.0,0.0,0.0,0.0,27
2023-05-10 21:05:52,OI311P9100,OI311P9100,998.5,0.0,0.0,0.0,1,658.0,1496.0,1,998.5,0.0,0.0,0.0,0.0,0.0,27
2023-05-10 21:05:52,OI311P9100,OI311P9100,998.5,0.0,0.0,0.0,10,658.5,1495.5,10,998.5,0.0,0.0,0.0,0.0,0.0,27
2023-05-10 21:05:53,OI311P9100,OI311P9100,998.5,0.0,0.0,0.0,1,660.0,1494.0,1,998.5,0.0,0.0,0.0,0.0,0.0,27
2023-05-10 21:05:53,OI311P9100,OI311P9100,998.5,0.0,0.0,0.0,10,660.5,1493.5,10,998.5,0.0,0.0,0.0,0.0,0.0,27
2023-05-10 21:05:54,OI311P9100,OI311P9100,998.5,0.0,0.0,0.0,1,662.0,1492.0,1,998.5,0.0,0.0,0.0,0.0,0.0,27
2023-05-10 21:05:54,OI311P9100,OI311P9100,998.5,0.0,0.0,0.0,10,662.5,1491.5,10,998.5,0.0,0.0,0.0,0.0,0.0,27
2023-05-10 21:05:55,OI311P9100,OI311P9100,998.5,0.0,0.0,0.0,1,664.0,1490.0,1,998.5,0.0,0.0,0.0,0.0,0.0,27
2023-05-10 21:05:55,OI311P9100,OI311P9100,998.5,0.0,0.0,0.0,10,664.5,1489.5,10,998.5,0.0,0.0,0.0,0.0,0.0,27
2023-05-10 21:05:55,OI311P9100,OI311P9100,998.5,0.0,0.0,0.0,1,664.0,1490.0,1,998.5,0.0,0.0,0.0,0.0,0.0,27
2023-05-10 21:05:55,OI311P9100,OI311P9100,998.5,0.0,0.0,0.0,10,664.5,1489.5,10,998.5,0.0,0.0,0.0,0.0,0.0,27
2023-05-10 21:23:50,OI311P9100,OI311P9100,998.5,0.0,0.0,0.0,1,666.0,1488.0,1,998.5,0.0,0.0,0.0,0.0,0.0,27
2023-05-10 21:23:51,OI311P9100,OI311P9100,998.5,0.0,0.0,0.0,10,666.5,1487.5,10,998.5,0.0,0.0,0.0,0.0,0.0,27
2023-05-10 21:23:51,OI311P9100,OI311P9100,998.5,0.0,0.0,0.0,1,668.0,1486.0,1,998.5,0.0,0.0,0.0,0.0,0.0,27
2023-05-10 21:23:52,OI311P9100,OI311P9100,998.5,0.0,0.0,0.0,10,668.5,1485.5,10,998.5,0.0,0.0,0.0,0.0,0.0,27
2023-05-10 21:23:52,OI311P9100,OI311P9100,998.5,0.0,0.0,0.0,1,670.0,1484.0,1,998.5,0.0,0.0,0.0,0.0,0.0,27
2023-05-10 21:23:53,OI311P9100,OI311P9100,998.5,0.0,0.0,0.0,10,670.5,1483.5,10,998.5,0.0,0.0,0.0,0.0,0.0,27
2023-05-10 21:23:53,OI311P9100,OI311P9100,998.5,0.0,0.0,0.0,1,672.0,1482.0,1,998.5,0.0,0.0,0.0,0.0,0.0,27
2023-05-10 21:23:54,OI311P9100,OI311P9100,998.5,0.0,0.0,0.0,10,672.5,1481.5,10,998.5,0.0,0.0,0.0,0.0,0.0,27
2023-05-10 21:23:54,OI311P9100,OI311P9100,998.5,0.0,0.0,0.0,1,674.0,1480.0,1,998.5,0.0,0.0,0.0,0.0,0.0,27
2023-05-10 21:23:55,OI311P9100,OI311P9100,998.5,0.0,0.0,0.0,10,674.5,1479.5,10,998.5,0.0,0.0,0.0,0.0,0.0,27
2023-05-10 21:23:55,OI311P9100,OI311P9100,998.5,0.0,0.0,0.0,1,676.0,1478.0,1,998.5,0.0,0.0,0.0,0.0,0.0,27
2023-05-10 21:23:56,OI311P9100,OI311P9100,998.5,0.0,0.0,0.0,10,676.5,1477.5,10,998.5,0.0,0.0,0.0,0.0,0.0,27
2023-05-10 21:43:50,OI311P9100,OI311P9100,998.5,0.0,0.0,0.0,1,678.0,1476.0,1,998.5,0.0,0.0,0.0,0.0,0.0,27
2023-05-10 21:43:51,OI311P9100,OI311P9100,998.5,0.0,0.0,0.0,10,678.5,1475.5,10,998.5,0.0,0.0,0.0,0.0,0.0,27
2023-05-10 21:43:51,OI311P9100,OI311P9100,998.5,0.0,0.0,0.0,1,680.0,1474.0,1,998.5,0.0,0.0,0.0,0.0,0.0,27
2023-05-10 21:43:52,OI311P9100,OI311P9100,998.5,0.0,0.0,0.0,10,680.5,1473.5,10,998.5,0.0,0.0,0.0,0.0,0.0,27
2023-05-10 21:43:52,OI311P9100,OI311P9100,998.5,0.0,0.0,0.0,1,682.0,1472.0,1,998.5,0.0,0.0,0.0,0.0,0.0,27
2023-05-10 21:43:53,OI311P9100,OI311P9100,998.5,0.0,0.0,0.0,10,682.5,1471.5,10,998.5,0.0,0.0,0.0,0.0,0.0,27
2023-05-10 21:43:53,OI311P9100,OI311P9100,998.5,0.0,0.0,0.0,1,684.0,1470.0,1,998.5,0.0,0.0,0.0,0.0,0.0,27
2023-05-10 21:43:54,OI311P9100,OI311P9100,998.5,0.0,0.0,0.0,10,684.5,1469.5,10,998.5,0.0,0.0,0.0,0.0,0.0,27
2023-05-10 21:43:54,OI311P9100,OI311P9100,998.5,0.0,0.0,0.0,1,686.0,1468.0,1,998.5,0.0,0.0,0.0,0.0,0.0,27
2023-05-10 21:43:55,OI311P9100,OI311P9100,998.5,0.0,0.0,0.0,10,686.5,1467.5,10,998.5,0.0,0.0,0.0,0.0,0.0,27
2023-05-10 21:55:05,OI311P9100,OI311P9100,998.5,0.0,0.0,0.0,1,500.0,0.0,0,998.5,0.0,0.0,0.0,0.0,0.0,27
2023-05-10 21:55:05,OI311P9100,OI311P9100,998.5,0.0,0.0,0.0,1,501.5,1656.0,1,998.5,0.0,0.0,0.0,0.0,0.0,27
2023-05-10 21:57:28,OI311P9100,OI311P9100,998.5,0.0,0.0,0.0,10,502.0,1655.5,10,998.5,0.0,0.0,0.0,0.0,0.0,27
2023-05-10 21:57:28,OI311P9100,OI311P9100,998.5,0.0,0.0,0.0,1,503.5,1654.0,1,998.5,0.0,0.0,0.0,0.0,0.0,27
2023-05-10 21:57:29,OI311P9100,OI311P9100,998.5,0.0,0.0,0.0,10,504.0,1653.5,10,998.5,0.0,0.0,0.0,0.0,0.0,27
2023-05-10 21:57:30,OI311P9100,OI311P9100,998.5,0.0,0.0,0.0,1,505.5,1652.0,1,998.5,0.0,0.0,0.0,0.0,0.0,27
2023-05-10 21:57:31,OI311P9100,OI311P9100,998.5,0.0,0.0,0.0,10,506.0,1651.5,10,998.5,0.0,0.0,0.0,0.0,0.0,27
2023-05-10 21:57:31,OI311P9100,OI311P9100,998.5,0.0,0.0,0.0,10,506.0,1650.0,1,998.5,0.0,0.0,0.0,0.0,0.0,27
2023-05-10 21:57:32,OI311P9100,OI311P9100,998.5,0.0,0.0,0.0,1,507.5,1649.5,10,998.5,0.0,0.0,0.0,0.0,0.0,27
2023-05-10 21:57:32,OI311P9100,OI311P9100,998.5,0.0,0.0,0.0,10,508.0,1648.0,1,998.5,0.0,0.0,0.0,0.0,0.0,27
2023-05-10 21:57:33,OI311P9100,OI311P9100,998.5,0.0,0.0,0.0,1,509.5,1647.5,10,998.5,0.0,0.0,0.0,0.0,0.0,27
2023-05-10 21:57:33,OI311P9100,OI311P9100,998.5,0.0,0.0,0.0,10,510.0,1647.5,10,998.5,0.0,0.0,0.0,0.0,0.0,27
2023-05-10 22:13:50,OI311P9100,OI311P9100,998.5,0.0,0.0,0.0,1,511.5,1646.0,1,998.5,0.0,0.0,0.0,0.0,0.0,27
2023-05-10 22:13:51,OI311P9100,OI311P9100,998.5,0.0,0.0,0.0,10,512.0,1645.5,10,998.5,0.0,0.0,0.0,0.0,0.0,27
2023-05-10 22:13:51,OI311P9100,OI311P9100,998.5,0.0,0.0,0.0,1,513.5,1644.0,1,998.5,0.0,0.0,0.0,0.0,0.0,27
2023-05-10 22:13:52,OI311P9100,OI311P9100,998.5,0.0,0.0,0.0,10,514.0,1643.5,10,998.5,0.0,0.0,0.0,0.0,0.0,27
2023-05-10 22:13:52,OI311P9100,OI311P9100,998.5,0.0,0.0,0.0,1,515.5,1642.0,1,998.5,0.0,0.0,0.0,0.0,0.0,27
2023-05-10 22:13:53,OI311P9100,OI311P9100,998.5,0.0,0.0,0.0,10,516.0,1641.5,10,998.5,0.0,0.0,0.0,0.0,0.0,27
2023-05-10 22:13:53,OI311P9100,OI311P9100,998.5,0.0,0.0,0.0,1,517.5,1640.0,1,998.5,0.0,0.0,0.0,0.0,0.0,27
2023-05-10 22:13:54,OI311P9100,OI311P9100,998.5,0.0,0.0,0.0,10,518.0,1639.5,10,998.5,0.0,0.0,0.0,0.0,0.0,27
2023-05-10 22:13:54,OI311P9100,OI311P9100,998.5,0.0,0.0,0.0,1,519.5,1638.0,1,998.5,0.0,0.0,0.0,0.0,0.0,27
2023-05-10 22:13:55,OI311P9100,OI311P9100,998.5,0.0,0.0,0.0,10,520.0,1637.5,10,998.5,0.0,0.0,0.0,0.0,0.0,27
2023-05-10 22:57:33,OI311P9100,OI311P9100,998.5,0.0,0.0,0.0,1,500.0,0.0,0,998.5,0.0,0.0,0.0,0.0,0.0,27
2023-05-10 22:57:42,OI311P9100,OI311P9100,998.5,0.0,0.0,0.0,1,366.5,0.0,0,998.5,0.0,0.0,0.0,0.0,0.0,27
2023-05-11 09:00:32,OI311P9100,OI311P9100,998.5,0.0,0.0,0.0,10,367.0,0.0,0,998.5,0.0,0.0,0.0,0.0,0.0,27
2023-05-11 09:02:09,OI311P9100,OI311P9100,998.5,0.0,0.0,0.0,1,368.5,1656.0,1,998.5,0.0,0.0,0.0,0.0,0.0,27
2023-05-11 09:02:09,OI311P9100,OI311P9100,998.5,0.0,0.0,0.0,10,369.0,1655.5,10,998.5,0.0,0.0,0.0,0.0,0.0,27
2023-05-11 09:02:13,OI311P9100,OI311P9100,998.5,0.0,0.0,0.0,1,370.5,1655.5,10,998.5,0.0,0.0,0.0,0.0,0.0,27
2023-05-11 09:02:13,OI311P9100,OI311P9100,998.5,0.0,0.0,0.0,10,371.0,1655.5,10,998.5,0.0,0.0,0.0,0.0,0.0,27
2023-05-11 09:02:17,OI311P9100,OI311P9100,998.5,0.0,0.0,0.0,1,372.5,1654.0,1,998.5,0.0,0.0,0.0,0.0,0.0,27
2023-05-11 09:02:18,OI311P9100,OI311P9100,998.5,0.0,0.0,0.0,10,373.0,1653.5,10,998.5,0.0,0.0,0.0,0.0,0.0,27
2023-05-11 09:02:19,OI311P9100,OI311P9100,998.5,0.0,0.0,0.0,1,374.5,1652.0,1,998.5,0.0,0.0,0.0,0.0,0.0,27
2023-05-11 09:02:20,OI311P9100,OI311P9100,998.5,0.0,0.0,0.0,10,375.0,1651.5,10,998.5,0.0,0.0,0.0,0.0,0.0,27
2023-05-11 09:02:20,OI311P9100,OI311P9100,998.5,0.0,0.0,0.0,1,376.5,1650.0,1,998.5,0.0,0.0,0.0,0.0,0.0,27
2023-05-11 09:02:21,OI311P9100,OI311P9100,998.5,0.0,0.0,0.0,10,377.0,1649.5,10,998.5,0.0,0.0,0.0,0.0,0.0,27
2023-05-11 09:02:21,OI311P9100,OI311P9100,998.5,0.0,0.0,0.0,1,378.5,1649.5,10,998.5,0.0,0.0,0.0,0.0,0.0,27
2023-05-11 09:02:22,OI311P9100,OI311P9100,998.5,0.0,0.0,0.0,10,379.0,1648.0,1,998.5,0.0,0.0,0.0,0.0,0.0,27
2023-05-11 09:02:22,OI311P9100,OI311P9100,998.5,0.0,0.0,0.0,1,380.5,1647.5,10,998.5,0.0,0.0,0.0,0.0,0.0,27
2023-05-11 09:02:23,OI311P9100,OI311P9100,998.5,0.0,0.0,0.0,10,381.0,1646.0,1,998.5,0.0,0.0,0.0,0.0,0.0,27
2023-05-11 09:02:23,OI311P9100,OI311P9100,998.5,0.0,0.0,0.0,1,382.5,1645.5,10,998.5,0.0,0.0,0.0,0.0,0.0,27
2023-05-11 09:02:24,OI311P9100,OI311P9100,998.5,0.0,0.0,0.0,10,383.0,1644.0,1,998.5,0.0,0.0,0.0,0.0,0.0,27
2023-05-11 09:02:25,OI311P9100,OI311P9100,998.5,0.0,0.0,0.0,1,384.5,1643.5,10,998.5,0.0,0.0,0.0,0.0,0.0,27
2023-05-11 09:02:25,OI311P9100,OI311P9100,998.5,0.0,0.0,0.0,10,385.0,1642.0,1,998.5,0.0,0.0,0.0,0.0,0.0,27
2023-05-11 09:02:25,OI311P9100,OI311P9100,998.5,0.0,0.0,0.0,1,386.5,1641.5,10,998.5,0.0,0.0,0.0,0.0,0.0,27
2023-05-11 09:02:26,OI311P9100,OI311P9100,998.5,0.0,0.0,0.0,10,387.0,1640.0,1,998.5,0.0,0.0,0.0,0.0,0.0,27
2023-05-11 09:02:26,OI311P9100,OI311P9100,998.5,0.0,0.0,0.0,1,388.5,1639.5,10,998.5,0.0,0.0,0.0,0.0,0.0,27
2023-05-11 09:02:27,OI311P9100,OI311P9100,998.5,0.0,0.0,0.0,10,389.0,1638.0,1,998.5,0.0,0.0,0.0,0.0,0.0,27
2023-05-11 09:02:27,OI311P9100,OI311P9100,998.5,0.0,0.0,0.0,1,390.5,1637.5,10,998.5,0.0,0.0,0.0,0.0,0.0,27
2023-05-11 09:02:28,OI311P9100,OI311P9100,998.5,0.0,0.0,0.0,10,391.0,1636.0,1,998.5,0.0,0.0,0.0,0.0,0.0,27
2023-05-11 09:02:28,OI311P9100,OI311P9100,998.5,0.0,0.0,0.0,1,392.5,1635.5,10,998.5,0.0,0.0,0.0,0.0,0.0,27
2023-05-11 09:02:29,OI311P9100,OI311P9100,998.5,0.0,0.0,0.0,10,393.0,1634.0,1,998.5,0.0,0.0,0.0,0.0,0.0,27
2023-05-11 09:02:29,OI311P9100,OI311P9100,998.5,0.0,0.0,0.0,1,394.5,1633.5,10,998.5,0.0,0.0,0.0,0.0,0.0,27
2023-05-11 09:02:30,OI311P9100,OI311P9100,998.5,0.0,0.0,0.0,10,395.0,1632.0,1,998.5,0.0,0.0,0.0,0.0,0.0,27
2023-05-11 09:02:30,OI311P9100,OI311P9100,998.5,0.0,0.0,0.0,1,396.5,1631.5,10,998.5,0.0,0.0,0.0,0.0,0.0,27
2023-05-11 09:02:31,OI311P9100,OI311P9100,998.5,0.0,0.0,0.0,10,397.0,1630.0,1,998.5,0.0,0.0,0.0,0.0,0.0,27
2023-05-11 09:02:31,OI311P9100,OI311P9100,998.5,0.0,0.0,0.0,1,398.5,1629.5,10,998.5,0.0,0.0,0.0,0.0,0.0,27
2023-05-11 09:02:32,OI311P9100,OI311P9100,998.5,0.0,0.0,0.0,10,399.0,1629.5,10,998.5,0.0,0.0,0.0,0.0,0.0,27
2023-05-11 09:02:33,OI311P9100,OI311P9100,998.5,0.0,0.0,0.0,1,400.5,1628.0,1,998.5,0.0,0.0,0.0,0.0,0.0,27
2023-05-11 09:02:33,OI311P9100,OI311P9100,998.5,0.0,0.0,0.0,10,401.0,1627.5,10,998.5,0.0,0.0,0.0,0.0,0.0,27
2023-05-11 09:02:34,OI311P9100,OI311P9100,998.5,0.0,0.0,0.0,1,402.5,1626.0,1,998.5,0.0,0.0,0.0,0.0,0.0,27
2023-05-11 09:02:35,OI311P9100,OI311P9100,998.5,0.0,0.0,0.0,10,403.0,1625.5,10,998.5,0.0,0.0,0.0,0.0,0.0,27
2023-05-11 09:02:35,OI311P9100,OI311P9100,998.5,0.0,0.0,0.0,1,404.5,1624.0,1,998.5,0.0,0.0,0.0,0.0,0.0,27
2023-05-11 09:02:36,OI311P9100,OI311P9100,998.5,0.0,0.0,0.0,10,405.0,1623.5,10,998.5,0.0,0.0,0.0,0.0,0.0,27
2023-05-11 09:02:36,OI311P9100,OI311P9100,998.5,0.0,0.0,0.0,1,406.5,1622.0,1,998.5,0.0,0.0,0.0,0.0,0.0,27
2023-05-11 09:02:37,OI311P9100,OI311P9100,998.5,0.0,0.0,0.0,10,407.0,1621.5,10,998.5,0.0,0.0,0.0,0.0,0.0,27
2023-05-11 09:02:37,OI311P9100,OI311P9100,998.5,0.0,0.0,0.0,1,408.5,1620.0,1,998.5,0.0,0.0,0.0,0.0,0.0,27
2023-05-11 09:02:38,OI311P9100,OI311P9100,998.5,0.0,0.0,0.0,10,409.0,1619.5,10,998.5,0.0,0.0,0.0,0.0,0.0,27
2023-05-11 09:02:38,OI311P9100,OI311P9100,998.5,0.0,0.0,0.0,1,410.5,1618.0,1,998.5,0.0,0.0,0.0,0.0,0.0,27
2023-05-11 09:02:39,OI311P9100,OI311P9100,998.5,0.0,0.0,0.0,10,411.0,1617.5,10,998.5,0.0,0.0,0.0,0.0,0.0,27
2023-05-11 09:02:39,OI311P9100,OI311P9100,998.5,0.0,0.0,0.0,1,412.5,1616.0,1,998.5,0.0,0.0,0.0,0.0,0.0,27
2023-05-11 09:02:40,OI311P9100,OI311P9100,998.5,0.0,0.0,0.0,10,413.0,1615.5,10,998.5,0.0,0.0,0.0,0.0,0.0,27
2023-05-11 09:02:40,OI311P9100,OI311P9100,998.5,0.0,0.0,0.0,1,414.5,1614.0,1,998.5,0.0,0.0,0.0,0.0,0.0,27
2023-05-11 09:02:41,OI311P9100,OI311P9100,998.5,0.0,0.0,0.0,10,415.0,1613.5,10,998.5,0.0,0.0,0.0,0.0,0.0,27
2023-05-11 09:02:41,OI311P9100,OI311P9100,998.5,0.0,0.0,0.0,1,416.5,1613.5,10,998.5,0.0,0.0,0.0,0.0,0.0,27
2023-05-11 09:02:42,OI311P9100,OI311P9100,998.5,0.0,0.0,0.0,10,417.0,1612.0,1,998.5,0.0,0.0,0.0,0.0,0.0,27
2023-05-11 09:02:43,OI311P9100,OI311P9100,998.5,0.0,0.0,0.0,1,418.5,1611.5,10,998.5,0.0,0.0,0.0,0.0,0.0,27
2023-05-11 09:02:43,OI311P9100,OI311P9100,998.5,0.0,0.0,0.0,10,419.0,1611.5,10,998.5,0.0,0.0,0.0,0.0,0.0,27
2023-05-11 09:02:43,OI311P9100,OI311P9100,998.5,0.0,0.0,0.0,1,420.5,1610.0,1,998.5,0.0,0.0,0.0,0.0,0.0,27
2023-05-11 09:02:44,OI311P9100,OI311P9100,998.5,0.0,0.0,0.0,10,421.0,1609.5,10,998.5,0.0,0.0,0.0,0.0,0.0,27
2023-05-11 09:02:45,OI311P9100,OI311P9100,998.5,0.0,0.0,0.0,1,422.5,1608.0,1,998.5,0.0,0.0,0.0,0.0,0.0,27
2023-05-11 09:02:46,OI311P9100,OI311P9100,998.5,0.0,0.0,0.0,10,423.0,1607.5,10,998.5,0.0,0.0,0.0,0.0,0.0,27
2023-05-11 09:02:46,OI311P9100,OI311P9100,998.5,0.0,0.0,0.0,1,424.5,1606.0,1,998.5,0.0,0.0,0.0,0.0,0.0,27
2023-05-11 09:02:47,OI311P9100,OI311P9100,998.5,0.0,0.0,0.0,10,425.0,1605.5,10,998.5,0.0,0.0,0.0,0.0,0.0,27
2023-05-11 09:02:47,OI311P9100,OI311P9100,998.5,0.0,0.0,0.0,1,426.5,1605.5,10,998.5,0.0,0.0,0.0,0.0,0.0,27
2023-05-11 09:02:48,OI311P9100,OI311P9100,998.5,0.0,0.0,0.0,10,427.0,1604.0,1,998.5,0.0,0.0,0.0,0.0,0.0,27
2023-05-11 09:02:48,OI311P9100,OI311P9100,998.5,0.0,0.0,0.0,1,428.5,1603.5,10,998.5,0.0,0.0,0.0,0.0,0.0,27
2023-05-11 09:02:49,OI311P9100,OI311P9100,998.5,0.0,0.0,0.0,10,429.0,1603.5,10,998.5,0.0,0.0,0.0,0.0,0.0,27
2023-05-11 09:02:50,OI311P9100,OI311P9100,998.5,0.0,0.0,0.0,1,430.5,1602.0,1,998.5,0.0,0.0,0.0,0.0,0.0,27
2023-05-11 09:02:50,OI311P9100,OI311P9100,998.5,0.0,0.0,0.0,10,431.0,1601.5,10,998.5,0.0,0.0,0.0,0.0,0.0,27
2023-05-11 09:02:51,OI311P9100,OI311P9100,998.5,0.0,0.0,0.0,1,432.5,1600.0,1,998.5,0.0,0.0,0.0,0.0,0.0,27
2023-05-11 09:02:52,OI311P9100,OI311P9100,998.5,0.0,0.0,0.0,10,433.0,1599.5,10,998.5,0.0,0.0,0.0,0.0,0.0,27
2023-05-11 09:02:53,OI311P9100,OI311P9100,998.5,0.0,0.0,0.0,1,434.5,1598.0,1,998.5,0.0,0.0,0.0,0.0,0.0,27
2023-05-11 09:02:53,OI311P9100,OI311P9100,998.5,0.0,0.0,0.0,10,435.0,1597.5,10,998.5,0.0,0.0,0.0,0.0,0.0,27
2023-05-11 09:02:53,OI311P9100,OI311P9100,998.5,0.0,0.0,0.0,1,436.5,1596.0,1,998.5,0.0,0.0,0.0,0.0,0.0,27
2023-05-11 09:02:54,OI311P9100,OI311P9100,998.5,0.0,0.0,0.0,10,437.0,1595.5,10,998.5,0.0,0.0,0.0,0.0,0.0,27
2023-05-11 09:02:54,OI311P9100,OI311P9100,998.5,0.0,0.0,0.0,1,438.5,1594.0,1,998.5,0.0,0.0,0.0,0.0,0.0,27
2023-05-11 09:02:55,OI311P9100,OI311P9100,998.5,0.0,0.0,0.0,10,439.0,1593.5,10,998.5,0.0,0.0,0.0,0.0,0.0,27
2023-05-11 09:02:56,OI311P9100,OI311P9100,998.5,0.0,0.0,0.0,1,440.5,1592.0,1,998.5,0.0,0.0,0.0,0.0,0.0,27
2023-05-11 09:02:56,OI311P9100,OI311P9100,998.5,0.0,0.0,0.0,10,441.0,1591.5,10,998.5,0.0,0.0,0.0,0.0,0.0,27
2023-05-11 09:02:57,OI311P9100,OI311P9100,998.5,0.0,0.0,0.0,1,442.5,1590.0,1,998.5,0.0,0.0,0.0,0.0,0.0,27
2023-05-11 09:02:57,OI311P9100,OI311P9100,998.5,0.0,0.0,0.0,10,443.0,1589.5,10,998.5,0.0,0.0,0.0,0.0,0.0,27
2023-05-11 09:02:57,OI311P9100,OI311P9100,998.5,0.0,0.0,0.0,1,444.5,1589.5,10,998.5,0.0,0.0,0.0,0.0,0.0,27
2023-05-11 09:02:58,OI311P9100,OI311P9100,998.5,0.0,0.0,0.0,10,445.0,1588.0,1,998.5,0.0,0.0,0.0,0.0,0.0,27
2023-05-11 09:02:58,OI311P9100,OI311P9100,998.5,0.0,0.0,0.0,1,446.5,1587.5,10,998.5,0.0,0.0,0.0,0.0,0.0,27
2023-05-11 09:02:59,OI311P9100,OI311P9100,998.5,0.0,0.0,0.0,10,447.0,1586.0,1,998.5,0.0,0.0,0.0,0.0,0.0,27
2023-05-11 09:03:00,OI311P9100,OI311P9100,998.5,0.0,0.0,0.0,1,448.5,1585.5,10,998.5,0.0,0.0,0.0,0.0,0.0,27
2023-05-11 09:03:00,OI311P9100,OI311P9100,998.5,0.0,0.0,0.0,10,449.0,1584.0,1,998.5,0.0,0.0,0.0,0.0,0.0,27
2023-05-11 09:03:00,OI311P9100,OI311P9100,998.5,0.0,0.0,0.0,10,449.0,1583.5,10,998.5,0.0,0.0,0.0,0.0,0.0,27
2023-05-11 09:03:01,OI311P9100,OI311P9100,998.5,0.0,0.0,0.0,1,450.5,1582.0,1,998.5,0.0,0.0,0.0,0.0,0.0,27
2023-05-11 09:03:01,OI311P9100,OI311P9100,998.5,0.0,0.0,0.0,10,451.0,1581.5,10,998.5,0.0,0.0,0.0,0.0,0.0,27
2023-05-11 09:03:02,OI311P9100,OI311P9100,998.5,0.0,0.0,0.0,1,452.5,1580.0,1,998.5,0.0,0.0,0.0,0.0,0.0,27
2023-05-11 09:03:02,OI311P9100,OI311P9100,998.5,0.0,0.0,0.0,10,453.0,1579.5,10,998.5,0.0,0.0,0.0,0.0,0.0,27
2023-05-11 09:03:04,OI311P9100,OI311P9100,998.5,0.0,0.0,0.0,1,454.5,1578.0,1,998.5,0.0,0.0,0.0,0.0,0.0,27
2023-05-11 09:03:04,OI311P9100,OI311P9100,998.5,0.0,0.0,0.0,10,455.0,1577.5,10,998.5,0.0,0.0,0.0,0.0,0.0,27
2023-05-11 09:03:05,OI311P9100,OI311P9100,998.5,0.0,0.0,0.0,1,456.5,1576.0,1,998.5,0.0,0.0,0.0,0.0,0.0,27
2023-05-11 09:03:05,OI311P9100,OI311P9100,998.5,0.0,0.0,0.0,10,457.0,1575.5,10,998.5,0.0,0.0,0.0,0.0,0.0,27
2023-05-11 09:03:06,OI311P9100,OI311P9100,998.5,0.0,0.0,0.0,1,458.5,1574.0,1,998.5,0.0,0.0,0.0,0.0,0.0,27
2023-05-11 09:03:06,OI311P9100,OI311P9100,998.5,0.0,0.0,0.0,10,459.0,1573.5,10,998.5,0.0,0.0,0.0,0.0,0.0,27
2023-05-11 09:03:08,OI311P9100,OI311P9100,998.5,0.0,0.0,0.0,1,460.5,1572.0,1,998.5,0.0,0.0,0.0,0.0,0.0,27
2023-05-11 09:03:08,OI311P9100,OI311P9100,998.5,0.0,0.0,0.0,10,461.0,1571.5,10,998.5,0.0,0.0,0.0,0.0,0.0,27
2023-05-11 09:03:09,OI311P9100,OI311P9100,998.5,0.0,0.0,0.0,1,462.5,1570.0,1,998.5,0.0,0.0,0.0,0.0,0.0,27
2023-05-11 09:03:09,OI311P9100,OI311P9100,998.5,0.0,0.0,0.0,10,463.0,1569.5,10,998.5,0.0,0.0,0.0,0.0,0.0,27
2023-05-11 09:03:10,OI311P9100,OI311P9100,998.5,0.0,0.0,0.0,1,464.5,1569.5,10,998.5,0.0,0.0,0.0,0.0,0.0,27
2023-05-11 09:03:10,OI311P9100,OI311P9100,998.5,0.0,0.0,0.0,10,465.0,1568.0,1,998.5,0.0,0.0,0.0,0.0,0.0,27
2023-05-11 09:03:11,OI311P9100,OI311P9100,998.5,0.0,0.0,0.0,1,466.5,1567.5,10,998.5,0.0,0.0,0.0,0.0,0.0,27
2023-05-11 09:03:11,OI311P9100,OI311P9100,998.5,0.0,0.0,0.0,10,467.0,1567.5,10,998.5,0.0,0.0,0.0,0.0,0.0,27
2023-05-11 09:03:12,OI311P9100,OI311P9100,998.5,0.0,0.0,0.0,1,468.5,1566.0,1,998.5,0.0,0.0,0.0,0.0,0.0,27
2023-05-11 09:03:12,OI311P9100,OI311P9100,998.5,0.0,0.0,0.0,10,469.0,1565.5,10,998.5,0.0,0.0,0.0,0.0,0.0,27
2023-05-11 09:03:14,OI311P9100,OI311P9100,998.5,0.0,0.0,0.0,1,470.5,1564.0,1,998.5,0.0,0.0,0.0,0.0,0.0,27
2023-05-11 09:03:14,OI311P9100,OI311P9100,998.5,0.0,0.0,0.0,10,471.0,1563.5,10,998.5,0.0,0.0,0.0,0.0,0.0,27
2023-05-11 09:03:15,OI311P9100,OI311P9100,998.5,0.0,0.0,0.0,1,472.5,1562.0,1,998.5,0.0,0.0,0.0,0.0,0.0,27
2023-05-11 09:03:15,OI311P9100,OI311P9100,998.5,0.0,0.0,0.0,10,473.0,1561.5,10,998.5,0.0,0.0,0.0,0.0,0.0,27
2023-05-11 09:03:16,OI311P9100,OI311P9100,998.5,0.0,0.0,0.0,1,474.5,1560.0,1,998.5,0.0,0.0,0.0,0.0,0.0,27
2023-05-11 09:03:16,OI311P9100,OI311P9100,998.5,0.0,0.0,0.0,10,475.0,1559.5,10,998.5,0.0,0.0,0.0,0.0,0.0,27
2023-05-11 09:03:18,OI311P9100,OI311P9100,998.5,0.0,0.0,0.0,1,476.5,1558.0,1,998.5,0.0,0.0,0.0,0.0,0.0,27
2023-05-11 09:03:18,OI311P9100,OI311P9100,998.5,0.0,0.0,0.0,10,477.0,1557.5,10,998.5,0.0,0.0,0.0,0.0,0.0,27
2023-05-11 09:03:19,OI311P9100,OI311P9100,998.5,0.0,0.0,0.0,1,478.5,1556.0,1,998.5,0.0,0.0,0.0,0.0,0.0,27
2023-05-11 09:03:19,OI311P9100,OI311P9100,998.5,0.0,0.0,0.0,10,479.0,1555.5,10,998.5,0.0,0.0,0.0,0.0,0.0,27
2023-05-11 09:03:20,OI311P9100,OI311P9100,998.5,0.0,0.0,0.0,1,480.5,1554.0,1,998.5,0.0,0.0,0.0,0.0,0.0,27
2023-05-11 09:03:20,OI311P9100,OI311P9100,998.5,0.0,0.0,0.0,10,481.0,1553.5,10,998.5,0.0,0.0,0.0,0.0,0.0,27
2023-05-11 09:03:21,OI311P9100,OI311P9100,998.5,0.0,0.0,0.0,1,482.5,1553.5,10,998.5,0.0,0.0,0.0,0.0,0.0,27
2023-05-11 09:03:21,OI311P9100,OI311P9100,998.5,0.0,0.0,0.0,10,483.0,1552.0,1,998.5,0.0,0.0,0.0,0.0,0.0,27
2023-05-11 09:03:22,OI311P9100,OI311P9100,998.5,0.0,0.0,0.0,1,484.5,1551.5,10,998.5,0.0,0.0,0.0,0.0,0.0,27
2023-05-11 09:03:22,OI311P9100,OI311P9100,998.5,0.0,0.0,0.0,10,485.0,1551.5,10,998.5,0.0,0.0,0.0,0.0,0.0,27
2023-05-11 09:03:23,OI311P9100,OI311P9100,998.5,0.0,0.0,0.0,1,486.5,1550.0,1,998.5,0.0,0.0,0.0,0.0,0.0,27
2023-05-11 09:03:23,OI311P9100,OI311P9100,998.5,0.0,0.0,0.0,10,487.0,1549.5,10,998.5,0.0,0.0,0.0,0.0,0.0,27
2023-05-11 09:03:24,OI311P9100,OI311P9100,998.5,0.0,0.0,0.0,1,488.5,1548.0,1,998.5,0.0,0.0,0.0,0.0,0.0,27
2023-05-11 09:03:24,OI311P9100,OI311P9100,998.5,0.0,0.0,0.0,10,489.0,1547.5,10,998.5,0.0,0.0,0.0,0.0,0.0,27
2023-05-11 09:03:25,OI311P9100,OI311P9100,998.5,0.0,0.0,0.0,1,490.5,1546.0,1,998.5,0.0,0.0,0.0,0.0,0.0,27
2023-05-11 09:03:25,OI311P9100,OI311P9100,998.5,0.0,0.0,0.0,10,491.0,1545.5,10,998.5,0.0,0.0,0.0,0.0,0.0,27
2023-05-11 09:03:26,OI311P9100,OI311P9100,998.5,0.0,0.0,0.0,1,492.5,1544.0,1,998.5,0.0,0.0,0.0,0.0,0.0,27
2023-05-11 09:03:26,OI311P9100,OI311P9100,998.5,0.0,0.0,0.0,10,493.0,1543.5,10,998.5,0.0,0.0,0.0,0.0,0.0,27
2023-05-11 09:03:28,OI311P9100,OI311P9100,998.5,0.0,0.0,0.0,1,494.5,1542.0,1,998.5,0.0,0.0,0.0,0.0,0.0,27
2023-05-11 09:03:28,OI311P9100,OI311P9100,998.5,0.0,0.0,0.0,10,495.0,1541.5,10,998.5,0.0,0.0,0.0,0.0,0.0,27
2023-05-11 09:03:29,OI311P9100,OI311P9100,998.5,0.0,0.0,0.0,1,496.5,1540.0,1,998.5,0.0,0.0,0.0,0.0,0.0,27
2023-05-11 09:03:29,OI311P9100,OI311P9100,998.5,0.0,0.0,0.0,10,497.0,1539.5,10,998.5,0.0,0.0,0.0,0.0,0.0,27
2023-05-11 09:03:30,OI311P9100,OI311P9100,998.5,0.0,0.0,0.0,1,498.5,1538.0,1,998.5,0.0,0.0,0.0,0.0,0.0,27
2023-05-11 09:03:30,OI311P9100,OI311P9100,998.5,0.0,0.0,0.0,10,499.0,1537.5,10,998.5,0.0,0.0,0.0,0.0,0.0,27
2023-05-11 09:03:31,OI311P9100,OI311P9100,998.5,0.0,0.0,0.0,1,500.5,1536.0,1,998.5,0.0,0.0,0.0,0.0,0.0,27
2023-05-11 09:03:31,OI311P9100,OI311P9100,998.5,0.0,0.0,0.0,10,501.0,1535.5,10,998.5,0.0,0.0,0.0,0.0,0.0,27
2023-05-11 09:03:33,OI311P9100,OI311P9100,998.5,0.0,0.0,0.0,1,502.5,1534.0,1,998.5,0.0,0.0,0.0,0.0,0.0,27
2023-05-11 09:03:33,OI311P9100,OI311P9100,998.5,0.0,0.0,0.0,10,503.0,1533.5,10,998.5,0.0,0.0,0.0,0.0,0.0,27
2023-05-11 09:03:34,OI311P9100,OI311P9100,998.5,0.0,0.0,0.0,1,504.5,1532.0,1,998.5,0.0,0.0,0.0,0.0,0.0,27
2023-05-11 09:03:34,OI311P9100,OI311P9100,998.5,0.0,0.0,0.0,10,505.0,1531.5,10,998.5,0.0,0.0,0.0,0.0,0.0,27
2023-05-11 09:03:36,OI311P9100,OI311P9100,998.5,0.0,0.0,0.0,1,506.5,1530.0,1,998.5,0.0,0.0,0.0,0.0,0.0,27
2023-05-11 09:03:36,OI311P9100,OI311P9100,998.5,0.0,0.0,0.0,10,507.0,1529.5,10,998.5,0.0,0.0,0.0,0.0,0.0,27
2023-05-11 09:03:38,OI311P9100,OI311P9100,998.5,0.0,0.0,0.0,1,508.5,1528.0,1,998.5,0.0,0.0,0.0,0.0,0.0,27
2023-05-11 09:03:38,OI311P9100,OI311P9100,998.5,0.0,0.0,0.0,10,509.0,1527.5,10,998.5,0.0,0.0,0.0,0.0,0.0,27
2023-05-11 09:03:39,OI311P9100,OI311P9100,998.5,0.0,0.0,0.0,1,510.5,1526.0,1,998.5,0.0,0.0,0.0,0.0,0.0,27
2023-05-11 09:03:39,OI311P9100,OI311P9100,998.5,0.0,0.0,0.0,10,511.0,1525.5,10,998.5,0.0,0.0,0.0,0.0,0.0,27
2023-05-11 09:03:40,OI311P9100,OI311P9100,998.5,0.0,0.0,0.0,1,512.5,1524.0,1,998.5,0.0,0.0,0.0,0.0,0.0,27
2023-05-11 09:03:40,OI311P9100,OI311P9100,998.5,0.0,0.0,0.0,10,513.0,1523.5,10,998.5,0.0,0.0,0.0,0.0,0.0,27
2023-05-11 09:03:41,OI311P9100,OI311P9100,998.5,0.0,0.0,0.0,1,514.5,1522.0,1,998.5,0.0,0.0,0.0,0.0,0.0,27
2023-05-11 09:03:41,OI311P9100,OI311P9100,998.5,0.0,0.0,0.0,10,515.0,1521.5,10,998.5,0.0,0.0,0.0,0.0,0.0,27
2023-05-11 09:03:43,OI311P9100,OI311P9100,998.5,0.0,0.0,0.0,1,516.5,1520.0,1,998.5,0.0,0.0,0.0,0.0,0.0,27
2023-05-11 09:03:43,OI311P9100,OI311P9100,998.5,0.0,0.0,0.0,10,517.0,1519.5,10,998.5,0.0,0.0,0.0,0.0,0.0,27
2023-05-11 09:03:44,OI311P9100,OI311P9100,998.5,0.0,0.0,0.0,1,518.5,1518.0,1,998.5,0.0,0.0,0.0,0.0,0.0,27
2023-05-11 09:03:44,OI311P9100,OI311P9100,998.5,0.0,0.0,0.0,10,519.0,1517.5,10,998.5,0.0,0.0,0.0,0.0,0.0,27
2023-05-11 09:03:45,OI311P9100,OI311P9100,998.5,0.0,0.0,0.0,10,519.0,1516.0,1,998.5,0.0,0.0,0.0,0.0,0.0,27
2023-05-11 09:03:46,OI311P9100,OI311P9100,998.5,0.0,0.0,0.0,1,520.5,1515.5,10,998.5,0.0,0.0,0.0,0.0,0.0,27
2023-05-11 09:03:46,OI311P9100,OI311P9100,998.5,0.0,0.0,0.0,10,521.0,1515.5,10,998.5,0.0,0.0,0.0,0.0,0.0,27
2023-05-11 09:03:47,OI311P9100,OI311P9100,998.5,0.0,0.0,0.0,1,522.5,1514.0,1,998.5,0.0,0.0,0.0,0.0,0.0,27
2023-05-11 09:03:47,OI311P9100,OI311P9100,998.5,0.0,0.0,0.0,10,523.0,1513.5,10,998.5,0.0,0.0,0.0,0.0,0.0,27
2023-05-11 09:03:48,OI311P9100,OI311P9100,998.5,0.0,0.0,0.0,1,524.5,1512.0,1,998.5,0.0,0.0,0.0,0.0,0.0,27
2023-05-11 09:03:49,OI311P9100,OI311P9100,998.5,0.0,0.0,0.0,10,525.0,1511.5,10,998.5,0.0,0.0,0.0,0.0,0.0,27
2023-05-11 09:03:50,OI311P9100,OI311P9100,998.5,0.0,0.0,0.0,1,526.5,1510.0,1,998.5,0.0,0.0,0.0,0.0,0.0,27
2023-05-11 09:03:50,OI311P9100,OI311P9100,998.5,0.0,0.0,0.0,10,527.0,1509.5,10,998.5,0.0,0.0,0.0,0.0,0.0,27
2023-05-11 09:03:53,OI311P9100,OI311P9100,998.5,0.0,0.0,0.0,1,528.5,1508.0,1,998.5,0.0,0.0,0.0,0.0,0.0,27
2023-05-11 09:03:53,OI311P9100,OI311P9100,998.5,0.0,0.0,0.0,10,529.0,1507.5,10,998.5,0.0,0.0,0.0,0.0,0.0,27
2023-05-11 09:03:55,OI311P9100,OI311P9100,998.5,0.0,0.0,0.0,1,530.5,1506.0,1,998.5,0.0,0.0,0.0,0.0,0.0,27
2023-05-11 09:03:55,OI311P9100,OI311P9100,998.5,0.0,0.0,0.0,10,531.0,1505.5,10,998.5,0.0,0.0,0.0,0.0,0.0,27
2023-05-11 09:03:56,OI311P9100,OI311P9100,998.5,0.0,0.0,0.0,1,532.5,1505.5,10,998.5,0.0,0.0,0.0,0.0,0.0,27
2023-05-11 09:03:56,OI311P9100,OI311P9100,998.5,0.0,0.0,0.0,10,533.0,1505.5,10,998.5,0.0,0.0,0.0,0.0,0.0,27
2023-05-11 09:03:57,OI311P9100,OI311P9100,998.5,0.0,0.0,0.0,1,534.5,1504.0,1,998.5,0.0,0.0,0.0,0.0,0.0,27
2023-05-11 09:03:57,OI311P9100,OI311P9100,998.5,0.0,0.0,0.0,10,535.0,1503.5,10,998.5,0.0,0.0,0.0,0.0,0.0,27
2023-05-11 09:03:58,OI311P9100,OI311P9100,998.5,0.0,0.0,0.0,1,536.5,1503.5,10,998.5,0.0,0.0,0.0,0.0,0.0,27
2023-05-11 09:03:58,OI311P9100,OI311P9100,998.5,0.0,0.0,0.0,10,537.0,1503.5,10,998.5,0.0,0.0,0.0,0.0,0.0,27
2023-05-11 09:04:01,OI311P9100,OI311P9100,998.5,0.0,0.0,0.0,1,538.5,1502.0,1,998.5,0.0,0.0,0.0,0.0,0.0,27
2023-05-11 09:04:01,OI311P9100,OI311P9100,998.5,0.0,0.0,0.0,10,539.0,1501.5,10,998.5,0.0,0.0,0.0,0.0,0.0,27
2023-05-11 09:04:04,OI311P9100,OI311P9100,998.5,0.0,0.0,0.0,1,540.5,1500.0,1,998.5,0.0,0.0,0.0,0.0,0.0,27
2023-05-11 09:04:04,OI311P9100,OI311P9100,998.5,0.0,0.0,0.0,10,541.0,1499.5,10,998.5,0.0,0.0,0.0,0.0,0.0,27
2023-05-11 09:04:05,OI311P9100,OI311P9100,998.5,0.0,0.0,0.0,1,542.5,1498.0,1,998.5,0.0,0.0,0.0,0.0,0.0,27
2023-05-11 09:04:05,OI311P9100,OI311P9100,998.5,0.0,0.0,0.0,10,543.0,1497.5,10,998.5,0.0,0.0,0.0,0.0,0.0,27
2023-05-11 09:04:06,OI311P9100,OI311P9100,998.5,0.0,0.0,0.0,10,543.0,1496.0,1,998.5,0.0,0.0,0.0,0.0,0.0,27
2023-05-11 09:04:06,OI311P9100,OI311P9100,998.5,0.0,0.0,0.0,10,543.0,1495.5,10,998.5,0.0,0.0,0.0,0.0,0.0,27
2023-05-11 09:04:06,OI311P9100,OI311P9100,998.5,0.0,0.0,0.0,10,543.0,1496.0,1,998.5,0.0,0.0,0.0,0.0,0.0,27
2023-05-11 09:04:06,OI311P9100,OI311P9100,998.5,0.0,0.0,0.0,10,543.0,1495.5,10,998.5,0.0,0.0,0.0,0.0,0.0,27
2023-05-11 09:23:50,OI311P9100,OI311P9100,998.5,0.0,0.0,0.0,1,544.5,1494.0,1,998.5,0.0,0.0,0.0,0.0,0.0,27
2023-05-11 09:23:51,OI311P9100,OI311P9100,998.5,0.0,0.0,0.0,10,545.0,1493.5,10,998.5,0.0,0.0,0.0,0.0,0.0,27
2023-05-11 09:23:51,OI311P9100,OI311P9100,998.5,0.0,0.0,0.0,1,546.5,1492.0,1,998.5,0.0,0.0,0.0,0.0,0.0,27
2023-05-11 09:23:51,OI311P9100,OI311P9100,998.5,0.0,0.0,0.0,10,547.0,1491.5,10,998.5,0.0,0.0,0.0,0.0,0.0,27
2023-05-11 09:23:52,OI311P9100,OI311P9100,998.5,0.0,0.0,0.0,1,548.5,1490.0,1,998.5,0.0,0.0,0.0,0.0,0.0,27
2023-05-11 09:23:52,OI311P9100,OI311P9100,998.5,0.0,0.0,0.0,10,549.0,1489.5,10,998.5,0.0,0.0,0.0,0.0,0.0,27
2023-05-11 09:23:53,OI311P9100,OI311P9100,998.5,0.0,0.0,0.0,1,550.5,1488.0,1,998.5,0.0,0.0,0.0,0.0,0.0,27
2023-05-11 09:23:53,OI311P9100,OI311P9100,998.5,0.0,0.0,0.0,10,551.0,1487.5,10,998.5,0.0,0.0,0.0,0.0,0.0,27
2023-05-11 09:23:54,OI311P9100,OI311P9100,998.5,0.0,0.0,0.0,1,552.5,1486.0,1,998.5,0.0,0.0,0.0,0.0,0.0,27
2023-05-11 09:23:54,OI311P9100,OI311P9100,998.5,0.0,0.0,0.0,10,553.0,1485.5,10,998.5,0.0,0.0,0.0,0.0,0.0,27
2023-05-11 09:23:55,OI311P9100,OI311P9100,998.5,0.0,0.0,0.0,1,554.5,1484.0,1,998.5,0.0,0.0,0.0,0.0,0.0,27
2023-05-11 09:23:55,OI311P9100,OI311P9100,998.5,0.0,0.0,0.0,10,555.0,1483.5,10,998.5,0.0,0.0,0.0,0.0,0.0,27
2023-05-11 09:43:50,OI311P9100,OI311P9100,998.5,0.0,0.0,0.0,1,556.5,1482.0,1,998.5,0.0,0.0,0.0,0.0,0.0,27
2023-05-11 09:43:51,OI311P9100,OI311P9100,998.5,0.0,0.0,0.0,10,557.0,1481.5,10,998.5,0.0,0.0,0.0,0.0,0.0,27
2023-05-11 09:43:51,OI311P9100,OI311P9100,998.5,0.0,0.0,0.0,1,558.5,1480.0,1,998.5,0.0,0.0,0.0,0.0,0.0,27
2023-05-11 09:43:51,OI311P9100,OI311P9100,998.5,0.0,0.0,0.0,10,559.0,1479.5,10,998.5,0.0,0.0,0.0,0.0,0.0,27
2023-05-11 09:43:52,OI311P9100,OI311P9100,998.5,0.0,0.0,0.0,1,560.5,1478.0,1,998.5,0.0,0.0,0.0,0.0,0.0,27
2023-05-11 09:43:52,OI311P9100,OI311P9100,998.5,0.0,0.0,0.0,10,561.0,1477.5,10,998.5,0.0,0.0,0.0,0.0,0.0,27
2023-05-11 09:43:53,OI311P9100,OI311P9100,998.5,0.0,0.0,0.0,1,562.5,1476.0,1,998.5,0.0,0.0,0.0,0.0,0.0,27
2023-05-11 09:43:53,OI311P9100,OI311P9100,998.5,0.0,0.0,0.0,10,563.0,1475.5,10,998.5,0.0,0.0,0.0,0.0,0.0,27
2023-05-11 09:43:54,OI311P9100,OI311P9100,998.5,0.0,0.0,0.0,1,564.5,1474.0,1,998.5,0.0,0.0,0.0,0.0,0.0,27
2023-05-11 09:43:54,OI311P9100,OI311P9100,998.5,0.0,0.0,0.0,10,565.0,1473.5,10,998.5,0.0,0.0,0.0,0.0,0.0,27
2023-05-11 10:03:50,OI311P9100,OI311P9100,998.5,0.0,0.0,0.0,1,566.5,1472.0,1,998.5,0.0,0.0,0.0,0.0,0.0,27
2023-05-11 10:03:51,OI311P9100,OI311P9100,998.5,0.0,0.0,0.0,10,567.0,1471.5,10,998.5,0.0,0.0,0.0,0.0,0.0,27
2023-05-11 10:03:51,OI311P9100,OI311P9100,998.5,0.0,0.0,0.0,1,568.5,1470.0,1,998.5,0.0,0.0,0.0,0.0,0.0,27
2023-05-11 10:03:51,OI311P9100,OI311P9100,998.5,0.0,0.0,0.0,10,569.0,1469.5,10,998.5,0.0,0.0,0.0,0.0,0.0,27
2023-05-11 10:03:52,OI311P9100,OI311P9100,998.5,0.0,0.0,0.0,1,570.5,1468.0,1,998.5,0.0,0.0,0.0,0.0,0.0,27
2023-05-11 10:03:52,OI311P9100,OI311P9100,998.5,0.0,0.0,0.0,10,571.0,1467.5,10,998.5,0.0,0.0,0.0,0.0,0.0,27
2023-05-11 10:03:53,OI311P9100,OI311P9100,998.5,0.0,0.0,0.0,1,572.5,1466.0,1,998.5,0.0,0.0,0.0,0.0,0.0,27
2023-05-11 10:03:53,OI311P9100,OI311P9100,998.5,0.0,0.0,0.0,10,573.0,1465.5,10,998.5,0.0,0.0,0.0,0.0,0.0,27
2023-05-11 10:03:54,OI311P9100,OI311P9100,998.5,0.0,0.0,0.0,1,574.5,1464.0,1,998.5,0.0,0.0,0.0,0.0,0.0,27
2023-05-11 10:03:54,OI311P9100,OI311P9100,998.5,0.0,0.0,0.0,10,575.0,1463.5,10,998.5,0.0,0.0,0.0,0.0,0.0,27
2023-05-11 10:14:33,OI311P9100,OI311P9100,998.5,0.0,0.0,0.0,1,366.5,0.0,0,998.5,0.0,0.0,0.0,0.0,0.0,27
2023-05-11 10:31:48,OI311P9100,OI311P9100,998.5,0.0,0.0,0.0,10,367.0,0.0,0,998.5,0.0,0.0,0.0,0.0,0.0,27
2023-05-11 10:31:49,OI311P9100,OI311P9100,998.5,0.0,0.0,0.0,1,368.5,1655.5,10,998.5,0.0,0.0,0.0,0.0,0.0,27
2023-05-11 10:31:49,OI311P9100,OI311P9100,998.5,0.0,0.0,0.0,10,369.0,1654.0,1,998.5,0.0,0.0,0.0,0.0,0.0,27
2023-05-11 10:31:50,OI311P9100,OI311P9100,998.5,0.0,0.0,0.0,1,370.5,1653.5,10,998.5,0.0,0.0,0.0,0.0,0.0,27
2023-05-11 10:31:50,OI311P9100,OI311P9100,998.5,0.0,0.0,0.0,10,371.0,1652.0,1,998.5,0.0,0.0,0.0,0.0,0.0,27
2023-05-11 10:31:51,OI311P9100,OI311P9100,998.5,0.0,0.0,0.0,1,372.5,1651.5,10,998.5,0.0,0.0,0.0,0.0,0.0,27
2023-05-11 10:31:51,OI311P9100,OI311P9100,998.5,0.0,0.0,0.0,10,373.0,1650.0,1,998.5,0.0,0.0,0.0,0.0,0.0,27
2023-05-11 10:31:52,OI311P9100,OI311P9100,998.5,0.0,0.0,0.0,1,374.5,1649.5,10,998.5,0.0,0.0,0.0,0.0,0.0,27
2023-05-11 10:31:52,OI311P9100,OI311P9100,998.5,0.0,0.0,0.0,10,375.0,1648.0,1,998.5,0.0,0.0,0.0,0.0,0.0,27
2023-05-11 10:31:53,OI311P9100,OI311P9100,998.5,0.0,0.0,0.0,10,375.0,1647.5,10,998.5,0.0,0.0,0.0,0.0,0.0,27
2023-05-11 11:29:32,OI311P9100,OI311P9100,998.5,0.0,0.0,0.0,1,366.5,0.0,0,998.5,0.0,0.0,0.0,0.0,0.0,27
2023-05-11 13:30:11,OI311P9100,OI311P9100,998.5,0.0,0.0,0.0,10,367.0,0.0,0,998.5,0.0,0.0,0.0,0.0,0.0,27
2023-05-11 14:47:48,OI311P9100,OI311P9100,998.5,0.0,0.0,0.0,1,366.5,0.0,0,998.5,0.0,0.0,0.0,0.0,0.0,27
2023-05-11 14:49:04,OI311P9100,OI311P9100,998.5,0.0,0.0,0.0,10,367.0,0.0,0,998.5,0.0,0.0,0.0,0.0,0.0,27
2023-05-11 14:59:03,OI311P9100,OI311P9100,998.5,0.0,0.0,0.0,1,366.5,0.0,0,998.5,0.0,0.0,0.0,0.0,0.0,27
2023-05-11 14:59:37,OI311P9100,OI311P9100,998.5,0.0,0.0,0.0,0,0.0,0.0,0,998.5,0.0,0.0,0.0,0.0,0.0,27
