time,symbol_id,symbol_name,last,trade_volume,trade_amount,open_interest_change,bv1,bp1,ap1,av1,yesterday_close,today_open,today_high,today_low,volume,amount,open_interest
2023-05-10 19:12:58,OI311C7900,OI311C7900,634.0,0.0,0.0,-6.0,0,0.0,0.0,0,634.0,557.0,0.0,0.0,0.0,0.0,60
2023-05-10 20:59:00,OI311C7900,OI311C7900,634.0,0.0,0.0,0.0,8,120.0,0.0,0,634.0,557.0,0.0,0.0,0.0,0.0,60
2023-05-10 21:00:00,OI311C7900,OI311C7900,634.0,0.0,0.0,0.0,6,123.0,0.0,0,634.0,557.0,0.0,0.0,0.0,0.0,60
2023-05-10 21:00:06,OI311C7900,OI311C7900,634.0,0.0,0.0,0.0,2,416.0,741.0,6,634.0,557.0,0.0,0.0,0.0,0.0,60
2023-05-10 21:00:06,OI311C7900,OI311C7900,634.0,0.0,0.0,0.0,6,419.0,741.0,6,634.0,557.0,0.0,0.0,0.0,0.0,60
2023-05-10 21:00:06,OI311C7900,OI311C7900,634.0,0.0,0.0,0.0,2,460.0,700.0,2,634.0,557.0,0.0,0.0,0.0,0.0,60
2023-05-10 21:00:07,OI311C7900,OI311C7900,634.0,0.0,0.0,0.0,2,504.0,656.0,2,634.0,557.0,0.0,0.0,0.0,0.0,60
2023-05-10 21:00:08,OI311C7900,OI311C7900,634.0,0.0,0.0,0.0,2,548.0,653.0,6,634.0,557.0,0.0,0.0,0.0,0.0,60
2023-05-10 21:00:09,OI311C7900,OI311C7900,634.0,0.0,0.0,0.0,2,548.0,612.0,2,634.0,557.0,0.0,0.0,0.0,0.0,60
2023-05-10 21:00:13,OI311C7900,OI311C7900,634.0,0.0,0.0,0.0,2,548.0,611.0,6,634.0,557.0,0.0,0.0,0.0,0.0,60
2023-05-10 21:00:13,OI311C7900,OI311C7900,634.0,0.0,0.0,0.0,2,548.0,611.5,6,634.0,557.0,0.0,0.0,0.0,0.0,60
2023-05-10 21:00:14,OI311C7900,OI311C7900,634.0,0.0,0.0,0.0,2,548.0,612.0,2,634.0,557.0,0.0,0.0,0.0,0.0,60
2023-05-10 21:00:16,OI311C7900,OI311C7900,634.0,0.0,0.0,0.0,2,548.0,612.0,8,634.0,557.0,0.0,0.0,0.0,0.0,60
2023-05-10 21:00:16,OI311C7900,OI311C7900,634.0,0.0,0.0,0.0,2,548.0,612.0,2,634.0,557.0,0.0,0.0,0.0,0.0,60
2023-05-10 21:00:19,OI311C7900,OI311C7900,634.0,0.0,0.0,0.0,2,548.0,611.0,6,634.0,557.0,0.0,0.0,0.0,0.0,60
2023-05-10 21:00:52,OI311C7900,OI311C7900,634.0,0.0,0.0,0.0,1,537.5,597.5,1,634.0,557.0,0.0,0.0,0.0,0.0,60
2023-05-10 21:00:52,OI311C7900,OI311C7900,634.0,0.0,0.0,0.0,6,540.5,594.5,6,634.0,557.0,0.0,0.0,0.0,0.0,60
2023-05-10 21:01:05,OI311C7900,OI311C7900,634.0,0.0,0.0,0.0,6,540.0,594.5,6,634.0,557.0,0.0,0.0,0.0,0.0,60
2023-05-10 21:01:06,OI311C7900,OI311C7900,634.0,0.0,0.0,0.0,6,539.5,594.5,6,634.0,557.0,0.0,0.0,0.0,0.0,60
2023-05-10 21:01:11,OI311C7900,OI311C7900,634.0,0.0,0.0,0.0,6,539.0,594.5,6,634.0,557.0,0.0,0.0,0.0,0.0,60
2023-05-10 21:01:12,OI311C7900,OI311C7900,634.0,0.0,0.0,0.0,6,538.5,594.5,6,634.0,557.0,0.0,0.0,0.0,0.0,60
2023-05-10 21:01:12,OI311C7900,OI311C7900,634.0,0.0,0.0,0.0,6,538.0,594.5,6,634.0,557.0,0.0,0.0,0.0,0.0,60
2023-05-10 21:01:13,OI311C7900,OI311C7900,634.0,0.0,0.0,0.0,10,538.5,594.0,10,634.0,557.0,0.0,0.0,0.0,0.0,60
2023-05-10 21:01:13,OI311C7900,OI311C7900,634.0,0.0,0.0,0.0,6,539.5,591.0,6,634.0,557.0,0.0,0.0,0.0,0.0,60
2023-05-10 21:01:14,OI311C7900,OI311C7900,634.0,0.0,0.0,0.0,16,540.0,590.5,10,634.0,557.0,0.0,0.0,0.0,0.0,60
2023-05-10 21:01:14,OI311C7900,OI311C7900,634.0,0.0,0.0,0.0,2,560.0,590.5,10,634.0,557.0,0.0,0.0,0.0,0.0,60
2023-05-10 21:01:16,OI311C7900,OI311C7900,634.0,0.0,0.0,0.0,2,560.0,571.0,2,634.0,557.0,0.0,0.0,0.0,0.0,60
2023-05-10 21:01:19,OI311C7900,OI311C7900,634.0,0.0,0.0,0.0,2,560.5,571.0,2,634.0,557.0,0.0,0.0,0.0,0.0,60
2023-05-10 21:01:20,OI311C7900,OI311C7900,634.0,0.0,0.0,0.0,6,561.5,575.0,2,634.0,557.0,0.0,0.0,0.0,0.0,60
2023-05-10 21:01:24,OI311C7900,OI311C7900,634.0,0.0,0.0,0.0,6,561.5,588.0,6,634.0,557.0,0.0,0.0,0.0,0.0,60
2023-05-10 21:01:27,OI311C7900,OI311C7900,634.0,0.0,0.0,0.0,6,561.5,578.0,2,634.0,557.0,0.0,0.0,0.0,0.0,60
2023-05-10 21:01:28,OI311C7900,OI311C7900,634.0,0.0,0.0,0.0,2,567.5,578.0,2,634.0,557.0,0.0,0.0,0.0,0.0,60
2023-05-10 21:01:45,OI311C7900,OI311C7900,634.0,0.0,0.0,0.0,6,561.0,578.0,2,634.0,557.0,0.0,0.0,0.0,0.0,60
2023-05-10 21:01:45,OI311C7900,OI311C7900,634.0,0.0,0.0,0.0,2,560.5,576.0,6,634.0,557.0,0.0,0.0,0.0,0.0,60
2023-05-10 21:01:46,OI311C7900,OI311C7900,634.0,0.0,0.0,0.0,2,560.5,573.5,2,634.0,557.0,0.0,0.0,0.0,0.0,60
2023-05-10 21:01:47,OI311C7900,OI311C7900,634.0,0.0,0.0,0.0,2,564.0,573.5,2,634.0,557.0,0.0,0.0,0.0,0.0,60
2023-05-10 21:02:34,OI311C7900,OI311C7900,634.0,0.0,0.0,0.0,2,564.0,573.5,14,634.0,557.0,0.0,0.0,0.0,0.0,60
2023-05-10 21:02:40,OI311C7900,OI311C7900,634.0,0.0,0.0,0.0,2,564.0,573.5,8,634.0,557.0,0.0,0.0,0.0,0.0,60
2023-05-10 21:02:56,OI311C7900,OI311C7900,634.0,0.0,0.0,0.0,2,560.5,573.5,14,634.0,557.0,0.0,0.0,0.0,0.0,60
2023-05-10 21:02:57,OI311C7900,OI311C7900,634.0,0.0,0.0,0.0,2,560.5,570.5,8,634.0,557.0,0.0,0.0,0.0,0.0,60
2023-05-10 21:02:57,OI311C7900,OI311C7900,634.0,0.0,0.0,0.0,2,560.5,570.5,14,634.0,557.0,0.0,0.0,0.0,0.0,60
2023-05-10 21:03:04,OI311C7900,OI311C7900,634.0,0.0,0.0,0.0,12,554.5,570.5,14,634.0,557.0,0.0,0.0,0.0,0.0,60
2023-05-10 21:03:05,OI311C7900,OI311C7900,634.0,0.0,0.0,0.0,6,552.0,569.0,6,634.0,557.0,0.0,0.0,0.0,0.0,60
2023-05-10 21:03:06,OI311C7900,OI311C7900,634.0,0.0,0.0,0.0,6,542.0,569.0,12,634.0,557.0,0.0,0.0,0.0,0.0,60
2023-05-10 21:03:06,OI311C7900,OI311C7900,634.0,0.0,0.0,0.0,6,545.0,569.0,18,634.0,557.0,0.0,0.0,0.0,0.0,60
2023-05-10 21:03:07,OI311C7900,OI311C7900,634.0,0.0,0.0,0.0,12,545.0,569.0,18,634.0,557.0,0.0,0.0,0.0,0.0,60
2023-05-10 21:03:10,OI311C7900,OI311C7900,634.0,0.0,0.0,0.0,2,552.5,569.0,18,634.0,557.0,0.0,0.0,0.0,0.0,60
2023-05-10 21:03:12,OI311C7900,OI311C7900,634.0,0.0,0.0,0.0,2,552.5,564.5,2,634.0,557.0,0.0,0.0,0.0,0.0,60
2023-05-10 21:03:13,OI311C7900,OI311C7900,634.0,0.0,0.0,0.0,2,552.5,564.5,8,634.0,557.0,0.0,0.0,0.0,0.0,60
2023-05-10 21:03:16,OI311C7900,OI311C7900,634.0,0.0,0.0,0.0,2,555.5,564.5,8,634.0,557.0,0.0,0.0,0.0,0.0,60
2023-05-10 21:03:18,OI311C7900,OI311C7900,634.0,0.0,0.0,0.0,2,555.5,564.5,2,634.0,557.0,0.0,0.0,0.0,0.0,60
2023-05-10 21:03:20,OI311C7900,OI311C7900,634.0,0.0,0.0,0.0,2,555.5,567.0,6,634.0,557.0,0.0,0.0,0.0,0.0,60
2023-05-10 21:03:21,OI311C7900,OI311C7900,634.0,0.0,0.0,0.0,8,555.5,567.0,6,634.0,557.0,0.0,0.0,0.0,0.0,60
2023-05-10 21:03:21,OI311C7900,OI311C7900,634.0,0.0,0.0,0.0,2,555.5,567.0,6,634.0,557.0,0.0,0.0,0.0,0.0,60
2023-05-10 21:03:24,OI311C7900,OI311C7900,634.0,0.0,0.0,0.0,2,555.5,567.5,14,634.0,557.0,0.0,0.0,0.0,0.0,60
2023-05-10 21:03:35,OI311C7900,OI311C7900,634.0,0.0,0.0,0.0,8,555.5,567.5,14,634.0,557.0,0.0,0.0,0.0,0.0,60
2023-05-10 21:03:36,OI311C7900,OI311C7900,634.0,0.0,0.0,0.0,14,555.5,567.5,14,634.0,557.0,0.0,0.0,0.0,0.0,60
2023-05-10 21:03:43,OI311C7900,OI311C7900,634.0,0.0,0.0,0.0,8,555.5,567.5,14,634.0,557.0,0.0,0.0,0.0,0.0,60
2023-05-10 21:03:43,OI311C7900,OI311C7900,634.0,0.0,0.0,0.0,2,555.5,567.5,14,634.0,557.0,0.0,0.0,0.0,0.0,60
2023-05-10 21:04:00,OI311C7900,OI311C7900,634.0,0.0,0.0,0.0,2,555.5,564.5,2,634.0,557.0,0.0,0.0,0.0,0.0,60
2023-05-10 21:04:00,OI311C7900,OI311C7900,634.0,0.0,0.0,0.0,2,555.5,564.5,14,634.0,557.0,0.0,0.0,0.0,0.0,60
2023-05-10 21:04:02,OI311C7900,OI311C7900,634.0,0.0,0.0,0.0,8,552.5,564.5,14,634.0,557.0,0.0,0.0,0.0,0.0,60
2023-05-10 21:04:02,OI311C7900,OI311C7900,634.0,0.0,0.0,0.0,2,552.5,564.5,14,634.0,557.0,0.0,0.0,0.0,0.0,60
2023-05-10 21:04:11,OI311C7900,OI311C7900,634.0,0.0,0.0,0.0,2,555.5,564.5,14,634.0,557.0,0.0,0.0,0.0,0.0,60
2023-05-10 21:04:11,OI311C7900,OI311C7900,634.0,0.0,0.0,0.0,2,555.5,564.5,8,634.0,557.0,0.0,0.0,0.0,0.0,60
2023-05-10 21:04:38,OI311C7900,OI311C7900,634.0,0.0,0.0,0.0,2,555.5,564.5,2,634.0,557.0,0.0,0.0,0.0,0.0,60
2023-05-10 21:05:05,OI311C7900,OI311C7900,634.0,0.0,0.0,0.0,2,555.5,567.5,8,634.0,557.0,0.0,0.0,0.0,0.0,60
2023-05-10 21:05:06,OI311C7900,OI311C7900,634.0,0.0,0.0,0.0,6,557.0,567.5,8,634.0,557.0,0.0,0.0,0.0,0.0,60
2023-05-10 21:05:06,OI311C7900,OI311C7900,634.0,0.0,0.0,0.0,12,557.0,567.5,2,634.0,557.0,0.0,0.0,0.0,0.0,60
2023-05-10 21:05:07,OI311C7900,OI311C7900,634.0,0.0,0.0,0.0,12,557.0,570.0,6,634.0,557.0,0.0,0.0,0.0,0.0,60
2023-05-10 21:05:08,OI311C7900,OI311C7900,634.0,0.0,0.0,0.0,12,556.5,570.0,12,634.0,557.0,0.0,0.0,0.0,0.0,60
2023-05-10 21:05:08,OI311C7900,OI311C7900,634.0,0.0,0.0,0.0,6,556.5,570.0,12,634.0,557.0,0.0,0.0,0.0,0.0,60
2023-05-10 21:05:09,OI311C7900,OI311C7900,634.0,0.0,0.0,0.0,6,556.0,570.0,12,634.0,557.0,0.0,0.0,0.0,0.0,60
2023-05-10 21:05:09,OI311C7900,OI311C7900,634.0,0.0,0.0,0.0,2,558.5,570.0,14,634.0,557.0,0.0,0.0,0.0,0.0,60
2023-05-10 21:05:10,OI311C7900,OI311C7900,634.0,0.0,0.0,0.0,8,558.5,570.0,8,634.0,557.0,0.0,0.0,0.0,0.0,60
2023-05-10 21:05:10,OI311C7900,OI311C7900,634.0,0.0,0.0,0.0,8,558.5,570.0,2,634.0,557.0,0.0,0.0,0.0,0.0,60
2023-05-10 21:05:12,OI311C7900,OI311C7900,634.0,0.0,0.0,0.0,14,558.5,570.0,2,634.0,557.0,0.0,0.0,0.0,0.0,60
2023-05-10 21:05:16,OI311C7900,OI311C7900,634.0,0.0,0.0,0.0,2,561.5,570.0,2,634.0,557.0,0.0,0.0,0.0,0.0,60
2023-05-10 21:05:33,OI311C7900,OI311C7900,634.0,0.0,0.0,0.0,2,558.5,570.0,8,634.0,557.0,0.0,0.0,0.0,0.0,60
2023-05-10 21:05:37,OI311C7900,OI311C7900,634.0,0.0,0.0,0.0,2,558.5,570.0,14,634.0,557.0,0.0,0.0,0.0,0.0,60
2023-05-10 21:05:38,OI311C7900,OI311C7900,634.0,0.0,0.0,0.0,2,558.5,567.0,8,634.0,557.0,0.0,0.0,0.0,0.0,60
2023-05-10 21:05:40,OI311C7900,OI311C7900,634.0,0.0,0.0,0.0,2,558.5,567.0,14,634.0,557.0,0.0,0.0,0.0,0.0,60
2023-05-10 21:05:42,OI311C7900,OI311C7900,634.0,0.0,0.0,0.0,8,558.5,567.0,8,634.0,557.0,0.0,0.0,0.0,0.0,60
2023-05-10 21:05:45,OI311C7900,OI311C7900,634.0,0.0,0.0,0.0,8,558.5,567.0,2,634.0,557.0,0.0,0.0,0.0,0.0,60
2023-05-10 21:05:46,OI311C7900,OI311C7900,634.0,0.0,0.0,0.0,6,559.0,567.0,2,634.0,557.0,0.0,0.0,0.0,0.0,60
2023-05-10 21:05:46,OI311C7900,OI311C7900,634.0,0.0,0.0,0.0,12,559.0,567.0,2,634.0,557.0,0.0,0.0,0.0,0.0,60
2023-05-10 21:05:52,OI311C7900,OI311C7900,634.0,0.0,0.0,0.0,8,558.5,567.0,2,634.0,557.0,0.0,0.0,0.0,0.0,60
2023-05-10 21:05:53,OI311C7900,OI311C7900,634.0,0.0,0.0,0.0,2,558.5,567.0,2,634.0,557.0,0.0,0.0,0.0,0.0,60
2023-05-10 21:06:05,OI311C7900,OI311C7900,634.0,0.0,0.0,0.0,6,559.0,568.5,6,634.0,557.0,0.0,0.0,0.0,0.0,60
2023-05-10 21:06:07,OI311C7900,OI311C7900,634.0,0.0,0.0,0.0,6,559.5,570.0,2,634.0,557.0,0.0,0.0,0.0,0.0,60
2023-05-10 21:06:07,OI311C7900,OI311C7900,634.0,0.0,0.0,0.0,12,559.5,570.0,2,634.0,557.0,0.0,0.0,0.0,0.0,60
2023-05-10 21:06:09,OI311C7900,OI311C7900,634.0,0.0,0.0,0.0,6,560.0,570.0,2,634.0,557.0,0.0,0.0,0.0,0.0,60
2023-05-10 21:06:10,OI311C7900,OI311C7900,634.0,0.0,0.0,0.0,2,561.5,570.0,2,634.0,557.0,0.0,0.0,0.0,0.0,60
2023-05-10 21:06:11,OI311C7900,OI311C7900,634.0,0.0,0.0,0.0,8,561.5,570.0,2,634.0,557.0,0.0,0.0,0.0,0.0,60
2023-05-10 21:06:13,OI311C7900,OI311C7900,634.0,0.0,0.0,0.0,2,561.5,570.0,2,634.0,557.0,0.0,0.0,0.0,0.0,60
2023-05-10 21:06:21,OI311C7900,OI311C7900,634.0,0.0,0.0,0.0,14,561.5,573.5,18,634.0,557.0,0.0,0.0,0.0,0.0,60
2023-05-10 21:06:31,OI311C7900,OI311C7900,634.0,0.0,0.0,0.0,8,561.5,573.0,6,634.0,557.0,0.0,0.0,0.0,0.0,60
2023-05-10 21:06:36,OI311C7900,OI311C7900,634.0,0.0,0.0,0.0,14,561.5,573.5,18,634.0,557.0,0.0,0.0,0.0,0.0,60
2023-05-10 21:06:51,OI311C7900,OI311C7900,634.0,0.0,0.0,0.0,6,562.0,573.5,12,634.0,557.0,0.0,0.0,0.0,0.0,60
2023-05-10 21:06:52,OI311C7900,OI311C7900,634.0,0.0,0.0,0.0,6,562.5,574.5,2,634.0,557.0,0.0,0.0,0.0,0.0,60
2023-05-10 21:06:53,OI311C7900,OI311C7900,634.0,0.0,0.0,0.0,6,562.0,574.5,2,634.0,557.0,0.0,0.0,0.0,0.0,60
2023-05-10 21:06:53,OI311C7900,OI311C7900,634.0,0.0,0.0,0.0,12,562.5,574.5,2,634.0,557.0,0.0,0.0,0.0,0.0,60
2023-05-10 21:06:54,OI311C7900,OI311C7900,634.0,0.0,0.0,0.0,2,565.0,574.5,2,634.0,557.0,0.0,0.0,0.0,0.0,60
2023-05-10 21:06:58,OI311C7900,OI311C7900,634.0,0.0,0.0,0.0,2,565.0,574.5,8,634.0,557.0,0.0,0.0,0.0,0.0,60
2023-05-10 21:07:01,OI311C7900,OI311C7900,634.0,0.0,0.0,0.0,2,565.0,574.0,12,634.0,557.0,0.0,0.0,0.0,0.0,60
2023-05-10 21:07:01,OI311C7900,OI311C7900,634.0,0.0,0.0,0.0,2,565.0,573.5,12,634.0,557.0,0.0,0.0,0.0,0.0,60
2023-05-10 21:07:03,OI311C7900,OI311C7900,634.0,0.0,0.0,0.0,8,561.5,573.5,12,634.0,557.0,0.0,0.0,0.0,0.0,60
2023-05-10 21:07:03,OI311C7900,OI311C7900,634.0,0.0,0.0,0.0,2,561.5,573.0,6,634.0,557.0,0.0,0.0,0.0,0.0,60
2023-05-10 21:07:04,OI311C7900,OI311C7900,634.0,0.0,0.0,0.0,2,561.5,571.5,8,634.0,557.0,0.0,0.0,0.0,0.0,60
2023-05-10 21:07:04,OI311C7900,OI311C7900,634.0,0.0,0.0,0.0,2,561.5,571.5,14,634.0,557.0,0.0,0.0,0.0,0.0,60
2023-05-10 21:07:05,OI311C7900,OI311C7900,634.0,0.0,0.0,0.0,8,561.5,571.5,8,634.0,557.0,0.0,0.0,0.0,0.0,60
2023-05-10 21:07:05,OI311C7900,OI311C7900,634.0,0.0,0.0,0.0,14,561.5,571.5,2,634.0,557.0,0.0,0.0,0.0,0.0,60
2023-05-10 21:07:09,OI311C7900,OI311C7900,634.0,0.0,0.0,0.0,18,562.0,571.5,2,634.0,557.0,0.0,0.0,0.0,0.0,60
2023-05-10 21:07:14,OI311C7900,OI311C7900,634.0,0.0,0.0,0.0,6,562.5,571.5,2,634.0,557.0,0.0,0.0,0.0,0.0,60
2023-05-10 21:07:15,OI311C7900,OI311C7900,634.0,0.0,0.0,0.0,2,564.0,574.0,6,634.0,557.0,0.0,0.0,0.0,0.0,60
2023-05-10 21:07:15,OI311C7900,OI311C7900,634.0,0.0,0.0,0.0,6,564.5,574.0,6,634.0,557.0,0.0,0.0,0.0,0.0,60
2023-05-10 21:07:16,OI311C7900,OI311C7900,634.0,0.0,0.0,0.0,12,564.5,574.5,2,634.0,557.0,0.0,0.0,0.0,0.0,60
2023-05-10 21:07:17,OI311C7900,OI311C7900,634.0,0.0,0.0,0.0,6,565.0,574.5,2,634.0,557.0,0.0,0.0,0.0,0.0,60
2023-05-10 21:07:17,OI311C7900,OI311C7900,634.0,0.0,0.0,0.0,6,565.0,576.5,6,634.0,557.0,0.0,0.0,0.0,0.0,60
2023-05-10 21:07:18,OI311C7900,OI311C7900,634.0,0.0,0.0,0.0,6,565.0,579.0,6,634.0,557.0,0.0,0.0,0.0,0.0,60
2023-05-10 21:07:18,OI311C7900,OI311C7900,634.0,0.0,0.0,0.0,12,565.5,578.5,12,634.0,557.0,0.0,0.0,0.0,0.0,60
2023-05-10 21:07:19,OI311C7900,OI311C7900,634.0,0.0,0.0,0.0,12,565.5,578.0,6,634.0,557.0,0.0,0.0,0.0,0.0,60
2023-05-10 21:07:19,OI311C7900,OI311C7900,634.0,0.0,0.0,0.0,2,567.0,578.0,12,634.0,557.0,0.0,0.0,0.0,0.0,60
2023-05-10 21:07:20,OI311C7900,OI311C7900,634.0,0.0,0.0,0.0,2,567.0,577.5,6,634.0,557.0,0.0,0.0,0.0,0.0,60
2023-05-10 21:07:42,OI311C7900,OI311C7900,634.0,0.0,0.0,0.0,8,567.0,578.0,6,634.0,557.0,0.0,0.0,0.0,0.0,60
2023-05-10 21:07:42,OI311C7900,OI311C7900,634.0,0.0,0.0,0.0,14,567.0,578.5,14,634.0,557.0,0.0,0.0,0.0,0.0,60
2023-05-10 21:07:51,OI311C7900,OI311C7900,634.0,0.0,0.0,0.0,20,567.0,578.5,8,634.0,557.0,0.0,0.0,0.0,0.0,60
2023-05-10 21:07:58,OI311C7900,OI311C7900,634.0,0.0,0.0,0.0,20,567.0,578.5,14,634.0,557.0,0.0,0.0,0.0,0.0,60
2023-05-10 21:08:02,OI311C7900,OI311C7900,634.0,0.0,0.0,0.0,14,567.0,578.0,6,634.0,557.0,0.0,0.0,0.0,0.0,60
2023-05-10 21:08:04,OI311C7900,OI311C7900,634.0,0.0,0.0,0.0,8,567.0,578.0,12,634.0,557.0,0.0,0.0,0.0,0.0,60
2023-05-10 21:08:05,OI311C7900,OI311C7900,634.0,0.0,0.0,0.0,2,567.0,577.5,6,634.0,557.0,0.0,0.0,0.0,0.0,60
2023-05-10 21:08:06,OI311C7900,OI311C7900,634.0,0.0,0.0,0.0,2,567.0,578.0,18,634.0,557.0,0.0,0.0,0.0,0.0,60
2023-05-10 21:08:06,OI311C7900,OI311C7900,634.0,0.0,0.0,0.0,6,567.5,578.5,2,634.0,557.0,0.0,0.0,0.0,0.0,60
2023-05-10 21:08:07,OI311C7900,OI311C7900,634.0,0.0,0.0,0.0,6,568.0,581.5,6,634.0,557.0,0.0,0.0,0.0,0.0,60
2023-05-10 21:08:07,OI311C7900,OI311C7900,634.0,0.0,0.0,0.0,6,568.0,582.5,6,634.0,557.0,0.0,0.0,0.0,0.0,60
2023-05-10 21:08:08,OI311C7900,OI311C7900,634.0,0.0,0.0,0.0,12,568.0,582.5,6,634.0,557.0,0.0,0.0,0.0,0.0,60
2023-05-10 21:08:09,OI311C7900,OI311C7900,634.0,0.0,0.0,0.0,6,568.5,583.0,6,634.0,557.0,0.0,0.0,0.0,0.0,60
2023-05-10 21:08:11,OI311C7900,OI311C7900,634.0,0.0,0.0,0.0,6,568.5,580.5,2,634.0,557.0,0.0,0.0,0.0,0.0,60
2023-05-10 21:08:11,OI311C7900,OI311C7900,634.0,0.0,0.0,0.0,12,568.0,580.0,12,634.0,557.0,0.0,0.0,0.0,0.0,60
2023-05-10 21:08:11,OI311C7900,OI311C7900,634.0,0.0,0.0,0.0,12,568.0,579.5,6,634.0,557.0,0.0,0.0,0.0,0.0,60
2023-05-10 21:08:13,OI311C7900,OI311C7900,634.0,0.0,0.0,0.0,6,568.0,579.0,6,634.0,557.0,0.0,0.0,0.0,0.0,60
2023-05-10 21:08:14,OI311C7900,OI311C7900,634.0,0.0,0.0,0.0,2,567.0,579.0,12,634.0,557.0,0.0,0.0,0.0,0.0,60
2023-05-10 21:08:16,OI311C7900,OI311C7900,634.0,0.0,0.0,0.0,2,567.0,577.5,2,634.0,557.0,0.0,0.0,0.0,0.0,60
2023-05-10 21:08:16,OI311C7900,OI311C7900,634.0,0.0,0.0,0.0,2,567.0,576.5,6,634.0,557.0,0.0,0.0,0.0,0.0,60
2023-05-10 21:08:17,OI311C7900,OI311C7900,634.0,0.0,0.0,0.0,6,567.5,576.5,6,634.0,557.0,0.0,0.0,0.0,0.0,60
2023-05-10 21:08:25,OI311C7900,OI311C7900,634.0,0.0,0.0,0.0,2,567.0,576.5,6,634.0,557.0,0.0,0.0,0.0,0.0,60
2023-05-10 21:08:56,OI311C7900,OI311C7900,634.0,0.0,0.0,0.0,2,569.5,576.5,6,634.0,557.0,0.0,0.0,0.0,0.0,60
2023-05-10 21:09:27,OI311C7900,OI311C7900,634.0,0.0,0.0,0.0,2,569.5,575.0,6,634.0,557.0,0.0,0.0,0.0,0.0,60
2023-05-10 21:09:34,OI311C7900,OI311C7900,634.0,0.0,0.0,0.0,2,569.5,576.5,6,634.0,557.0,0.0,0.0,0.0,0.0,60
2023-05-10 21:10:05,OI311C7900,OI311C7900,634.0,0.0,0.0,0.0,2,569.5,578.5,6,634.0,557.0,0.0,0.0,0.0,0.0,60
2023-05-10 21:10:05,OI311C7900,OI311C7900,634.0,0.0,0.0,0.0,8,569.5,578.5,6,634.0,557.0,0.0,0.0,0.0,0.0,60
2023-05-10 21:10:05,OI311C7900,OI311C7900,634.0,0.0,0.0,0.0,6,570.0,580.5,8,634.0,557.0,0.0,0.0,0.0,0.0,60
2023-05-10 21:10:08,OI311C7900,OI311C7900,634.0,0.0,0.0,0.0,2,572.5,580.5,8,634.0,557.0,0.0,0.0,0.0,0.0,60
2023-05-10 21:10:17,OI311C7900,OI311C7900,634.0,0.0,0.0,0.0,2,572.5,580.5,6,634.0,557.0,0.0,0.0,0.0,0.0,60
2023-05-10 21:10:58,OI311C7900,OI311C7900,634.0,0.0,0.0,0.0,2,572.5,579.0,6,634.0,557.0,0.0,0.0,0.0,0.0,60
2023-05-10 21:11:05,OI311C7900,OI311C7900,634.0,0.0,0.0,0.0,2,572.5,580.5,6,634.0,557.0,0.0,0.0,0.0,0.0,60
2023-05-10 21:11:09,OI311C7900,OI311C7900,634.0,0.0,0.0,0.0,12,573.0,581.5,2,634.0,557.0,0.0,0.0,0.0,0.0,60
2023-05-10 21:11:13,OI311C7900,OI311C7900,634.0,0.0,0.0,0.0,2,572.5,580.5,6,634.0,557.0,0.0,0.0,0.0,0.0,60
2023-05-10 21:11:17,OI311C7900,OI311C7900,634.0,0.0,0.0,0.0,2,572.5,578.5,6,634.0,557.0,0.0,0.0,0.0,0.0,60
2023-05-10 21:11:20,OI311C7900,OI311C7900,634.0,0.0,0.0,0.0,2,572.5,580.5,12,634.0,557.0,0.0,0.0,0.0,0.0,60
2023-05-10 21:11:31,OI311C7900,OI311C7900,634.0,0.0,0.0,0.0,2,572.5,580.5,6,634.0,557.0,0.0,0.0,0.0,0.0,60
2023-05-10 21:12:20,OI311C7900,OI311C7900,634.0,0.0,0.0,0.0,2,572.5,578.5,6,634.0,557.0,0.0,0.0,0.0,0.0,60
2023-05-10 21:12:28,OI311C7900,OI311C7900,634.0,0.0,0.0,0.0,2,569.5,578.5,12,634.0,557.0,0.0,0.0,0.0,0.0,60
2023-05-10 21:12:35,OI311C7900,OI311C7900,634.0,0.0,0.0,0.0,6,570.0,579.0,6,634.0,557.0,0.0,0.0,0.0,0.0,60
2023-05-10 21:12:35,OI311C7900,OI311C7900,634.0,0.0,0.0,0.0,6,570.0,580.5,12,634.0,557.0,0.0,0.0,0.0,0.0,60
2023-05-10 21:12:42,OI311C7900,OI311C7900,634.0,0.0,0.0,0.0,8,569.5,578.5,6,634.0,557.0,0.0,0.0,0.0,0.0,60
2023-05-10 21:12:42,OI311C7900,OI311C7900,634.0,0.0,0.0,0.0,2,569.5,578.5,6,634.0,557.0,0.0,0.0,0.0,0.0,60
2023-05-10 21:12:55,OI311C7900,OI311C7900,634.0,0.0,0.0,0.0,6,570.0,578.5,6,634.0,557.0,0.0,0.0,0.0,0.0,60
2023-05-10 21:12:55,OI311C7900,OI311C7900,634.0,0.0,0.0,0.0,12,570.0,580.5,6,634.0,557.0,0.0,0.0,0.0,0.0,60
2023-05-10 21:13:03,OI311C7900,OI311C7900,634.0,0.0,0.0,0.0,6,570.0,580.5,6,634.0,557.0,0.0,0.0,0.0,0.0,60
2023-05-10 21:13:04,OI311C7900,OI311C7900,634.0,0.0,0.0,0.0,6,570.5,580.5,6,634.0,557.0,0.0,0.0,0.0,0.0,60
2023-05-10 21:13:05,OI311C7900,OI311C7900,634.0,0.0,0.0,0.0,2,572.5,580.5,6,634.0,557.0,0.0,0.0,0.0,0.0,60
2023-05-10 21:13:06,OI311C7900,OI311C7900,634.0,0.0,0.0,0.0,2,572.5,581.5,2,634.0,557.0,0.0,0.0,0.0,0.0,60
2023-05-10 21:13:12,OI311C7900,OI311C7900,634.0,0.0,0.0,0.0,2,572.5,582.0,6,634.0,557.0,0.0,0.0,0.0,0.0,60
2023-05-10 21:13:24,OI311C7900,OI311C7900,634.0,0.0,0.0,0.0,2,572.5,580.5,6,634.0,557.0,0.0,0.0,0.0,0.0,60
2023-05-10 21:13:29,OI311C7900,OI311C7900,634.0,0.0,0.0,0.0,2,572.5,580.5,12,634.0,557.0,0.0,0.0,0.0,0.0,60
2023-05-10 21:13:45,OI311C7900,OI311C7900,634.0,0.0,0.0,0.0,2,572.5,580.5,6,634.0,557.0,0.0,0.0,0.0,0.0,60
2023-05-10 21:13:46,OI311C7900,OI311C7900,634.0,0.0,0.0,0.0,14,572.5,582.0,6,634.0,557.0,0.0,0.0,0.0,0.0,60
2023-05-10 21:13:50,OI311C7900,OI311C7900,634.0,0.0,0.0,0.0,8,572.5,582.0,6,634.0,557.0,0.0,0.0,0.0,0.0,60
2023-05-10 21:14:03,OI311C7900,OI311C7900,634.0,0.0,0.0,0.0,14,572.5,582.0,6,634.0,557.0,0.0,0.0,0.0,0.0,60
2023-05-10 21:14:03,OI311C7900,OI311C7900,634.0,0.0,0.0,0.0,6,573.0,582.0,6,634.0,557.0,0.0,0.0,0.0,0.0,60
2023-05-10 21:14:04,OI311C7900,OI311C7900,634.0,0.0,0.0,0.0,12,573.0,583.0,2,634.0,557.0,0.0,0.0,0.0,0.0,60
2023-05-10 21:14:04,OI311C7900,OI311C7900,634.0,0.0,0.0,0.0,18,573.0,584.0,6,634.0,557.0,0.0,0.0,0.0,0.0,60
2023-05-10 21:14:05,OI311C7900,OI311C7900,634.0,0.0,0.0,0.0,8,575.5,584.0,6,634.0,557.0,0.0,0.0,0.0,0.0,60
2023-05-10 21:14:06,OI311C7900,OI311C7900,634.0,0.0,0.0,0.0,14,575.5,584.0,6,634.0,557.0,0.0,0.0,0.0,0.0,60
2023-05-10 21:14:16,OI311C7900,OI311C7900,634.0,0.0,0.0,0.0,14,575.5,586.0,6,634.0,557.0,0.0,0.0,0.0,0.0,60
2023-05-10 21:14:17,OI311C7900,OI311C7900,634.0,0.0,0.0,0.0,2,578.5,586.0,6,634.0,557.0,0.0,0.0,0.0,0.0,60
2023-05-10 21:14:17,OI311C7900,OI311C7900,634.0,0.0,0.0,0.0,8,578.5,586.0,6,634.0,557.0,0.0,0.0,0.0,0.0,60
2023-05-10 21:14:20,OI311C7900,OI311C7900,634.0,0.0,0.0,0.0,2,578.5,584.0,6,634.0,557.0,0.0,0.0,0.0,0.0,60
2023-05-10 21:14:30,OI311C7900,OI311C7900,634.0,0.0,0.0,0.0,2,578.5,586.0,12,634.0,557.0,0.0,0.0,0.0,0.0,60
2023-05-10 21:15:30,OI311C7900,OI311C7900,634.0,0.0,0.0,0.0,6,577.5,586.0,12,634.0,557.0,0.0,0.0,0.0,0.0,60
2023-05-10 21:15:31,OI311C7900,OI311C7900,634.0,0.0,0.0,0.0,24,576.0,586.0,12,634.0,557.0,0.0,0.0,0.0,0.0,60
2023-05-10 21:15:31,OI311C7900,OI311C7900,634.0,0.0,0.0,0.0,18,576.0,586.0,12,634.0,557.0,0.0,0.0,0.0,0.0,60
2023-05-10 21:15:34,OI311C7900,OI311C7900,634.0,0.0,0.0,0.0,12,576.0,586.0,12,634.0,557.0,0.0,0.0,0.0,0.0,60
2023-05-10 21:15:36,OI311C7900,OI311C7900,634.0,0.0,0.0,0.0,6,576.0,586.0,18,634.0,557.0,0.0,0.0,0.0,0.0,60
2023-05-10 21:15:44,OI311C7900,OI311C7900,634.0,0.0,0.0,0.0,6,576.0,584.0,2,634.0,557.0,0.0,0.0,0.0,0.0,60
2023-05-10 21:15:50,OI311C7900,OI311C7900,634.0,0.0,0.0,0.0,6,576.0,584.0,8,634.0,557.0,0.0,0.0,0.0,0.0,60
2023-05-10 21:16:29,OI311C7900,OI311C7900,634.0,0.0,0.0,0.0,6,576.0,584.0,14,634.0,557.0,0.0,0.0,0.0,0.0,60
2023-05-10 21:16:33,OI311C7900,OI311C7900,634.0,0.0,0.0,0.0,12,574.5,584.0,20,634.0,557.0,0.0,0.0,0.0,0.0,60
2023-05-10 21:16:33,OI311C7900,OI311C7900,634.0,0.0,0.0,0.0,12,573.5,582.5,6,634.0,557.0,0.0,0.0,0.0,0.0,60
2023-05-10 21:16:36,OI311C7900,OI311C7900,634.0,0.0,0.0,0.0,6,573.5,582.5,6,634.0,557.0,0.0,0.0,0.0,0.0,60
2023-05-10 21:16:40,OI311C7900,OI311C7900,634.0,0.0,0.0,0.0,6,573.0,582.0,6,634.0,557.0,0.0,0.0,0.0,0.0,60
2023-05-10 21:16:40,OI311C7900,OI311C7900,634.0,0.0,0.0,0.0,2,572.5,580.5,6,634.0,557.0,0.0,0.0,0.0,0.0,60
2023-05-10 21:16:41,OI311C7900,OI311C7900,634.0,0.0,0.0,0.0,2,572.5,580.5,12,634.0,557.0,0.0,0.0,0.0,0.0,60
2023-05-10 21:16:41,OI311C7900,OI311C7900,634.0,0.0,0.0,0.0,2,572.5,580.5,14,634.0,557.0,0.0,0.0,0.0,0.0,60
2023-05-10 21:16:44,OI311C7900,OI311C7900,634.0,0.0,0.0,0.0,2,572.5,580.5,8,634.0,557.0,0.0,0.0,0.0,0.0,60
2023-05-10 21:17:17,OI311C7900,OI311C7900,634.0,0.0,0.0,0.0,6,571.0,580.5,14,634.0,557.0,0.0,0.0,0.0,0.0,60
2023-05-10 21:17:18,OI311C7900,OI311C7900,634.0,0.0,0.0,0.0,24,568.5,578.5,6,634.0,557.0,0.0,0.0,0.0,0.0,60
2023-05-10 21:17:18,OI311C7900,OI311C7900,634.0,0.0,0.0,0.0,18,568.5,578.5,6,634.0,557.0,0.0,0.0,0.0,0.0,60
2023-05-10 21:17:20,OI311C7900,OI311C7900,634.0,0.0,0.0,0.0,6,569.0,578.5,6,634.0,557.0,0.0,0.0,0.0,0.0,60
2023-05-10 21:17:21,OI311C7900,OI311C7900,634.0,0.0,0.0,0.0,12,569.0,580.0,6,634.0,557.0,0.0,0.0,0.0,0.0,60
2023-05-10 21:17:22,OI311C7900,OI311C7900,634.0,0.0,0.0,0.0,6,569.5,580.0,6,634.0,557.0,0.0,0.0,0.0,0.0,60
2023-05-10 21:17:24,OI311C7900,OI311C7900,634.0,0.0,0.0,0.0,12,569.5,580.0,6,634.0,557.0,0.0,0.0,0.0,0.0,60
2023-05-10 21:17:25,OI311C7900,OI311C7900,634.0,0.0,0.0,0.0,6,569.5,580.0,6,634.0,557.0,0.0,0.0,0.0,0.0,60
2023-05-10 21:17:39,OI311C7900,OI311C7900,634.0,0.0,0.0,0.0,6,569.5,578.5,6,634.0,557.0,0.0,0.0,0.0,0.0,60
2023-05-10 21:17:41,OI311C7900,OI311C7900,634.0,0.0,0.0,0.0,12,568.5,578.5,6,634.0,557.0,0.0,0.0,0.0,0.0,60
2023-05-10 21:17:56,OI311C7900,OI311C7900,634.0,0.0,0.0,0.0,12,569.0,579.0,6,634.0,557.0,0.0,0.0,0.0,0.0,60
2023-05-10 21:17:56,OI311C7900,OI311C7900,634.0,0.0,0.0,0.0,12,569.0,580.0,6,634.0,557.0,0.0,0.0,0.0,0.0,60
2023-05-10 21:17:56,OI311C7900,OI311C7900,634.0,0.0,0.0,0.0,12,569.0,579.0,6,634.0,557.0,0.0,0.0,0.0,0.0,60
2023-05-10 21:17:56,OI311C7900,OI311C7900,634.0,0.0,0.0,0.0,12,569.0,580.0,6,634.0,557.0,0.0,0.0,0.0,0.0,60
2023-05-10 21:18:01,OI311C7900,OI311C7900,634.0,0.0,0.0,0.0,18,568.5,578.5,6,634.0,557.0,0.0,0.0,0.0,0.0,60
2023-05-10 21:18:05,OI311C7900,OI311C7900,634.0,0.0,0.0,0.0,6,569.0,578.5,6,634.0,557.0,0.0,0.0,0.0,0.0,60
2023-05-10 21:18:06,OI311C7900,OI311C7900,634.0,0.0,0.0,0.0,6,571.0,580.0,6,634.0,557.0,0.0,0.0,0.0,0.0,60
2023-05-10 21:18:06,OI311C7900,OI311C7900,634.0,0.0,0.0,0.0,12,571.0,580.0,6,634.0,557.0,0.0,0.0,0.0,0.0,60
2023-05-10 21:18:08,OI311C7900,OI311C7900,634.0,0.0,0.0,0.0,6,571.0,580.0,6,634.0,557.0,0.0,0.0,0.0,0.0,60
2023-05-10 21:18:09,OI311C7900,OI311C7900,634.0,0.0,0.0,0.0,8,570.5,580.0,6,634.0,557.0,0.0,0.0,0.0,0.0,60
2023-05-10 21:18:09,OI311C7900,OI311C7900,634.0,0.0,0.0,0.0,2,570.5,580.0,6,634.0,557.0,0.0,0.0,0.0,0.0,60
2023-05-10 21:18:10,OI311C7900,OI311C7900,634.0,0.0,0.0,0.0,6,571.0,580.0,6,634.0,557.0,0.0,0.0,0.0,0.0,60
2023-05-10 21:18:10,OI311C7900,OI311C7900,634.0,0.0,0.0,0.0,12,571.0,580.5,2,634.0,557.0,0.0,0.0,0.0,0.0,60
2023-05-10 21:18:11,OI311C7900,OI311C7900,634.0,0.0,0.0,0.0,12,571.0,582.5,12,634.0,557.0,0.0,0.0,0.0,0.0,60
2023-05-10 21:18:12,OI311C7900,OI311C7900,634.0,0.0,0.0,0.0,12,571.0,582.5,6,634.0,557.0,0.0,0.0,0.0,0.0,60
2023-05-10 21:18:13,OI311C7900,OI311C7900,634.0,0.0,0.0,0.0,8,574.0,582.5,6,634.0,557.0,0.0,0.0,0.0,0.0,60
2023-05-10 21:18:13,OI311C7900,OI311C7900,634.0,0.0,0.0,0.0,14,574.0,582.5,6,634.0,557.0,0.0,0.0,0.0,0.0,60
2023-05-10 21:18:21,OI311C7900,OI311C7900,634.0,0.0,0.0,0.0,8,574.0,582.5,6,634.0,557.0,0.0,0.0,0.0,0.0,60
2023-05-10 21:18:22,OI311C7900,OI311C7900,634.0,0.0,0.0,0.0,8,574.0,582.0,6,634.0,557.0,0.0,0.0,0.0,0.0,60
2023-05-10 21:18:26,OI311C7900,OI311C7900,634.0,0.0,0.0,0.0,8,574.0,580.5,6,634.0,557.0,0.0,0.0,0.0,0.0,60
2023-05-10 21:18:28,OI311C7900,OI311C7900,634.0,0.0,0.0,0.0,2,574.0,580.5,6,634.0,557.0,0.0,0.0,0.0,0.0,60
2023-05-10 21:18:38,OI311C7900,OI311C7900,634.0,0.0,0.0,0.0,2,574.0,581.0,6,634.0,557.0,0.0,0.0,0.0,0.0,60
2023-05-10 21:19:16,OI311C7900,OI311C7900,634.0,0.0,0.0,0.0,8,574.0,582.5,6,634.0,557.0,0.0,0.0,0.0,0.0,60
2023-05-10 21:19:19,OI311C7900,OI311C7900,634.0,0.0,0.0,0.0,14,574.0,582.5,6,634.0,557.0,0.0,0.0,0.0,0.0,60
2023-05-10 21:19:19,OI311C7900,OI311C7900,634.0,0.0,0.0,0.0,6,575.0,583.5,6,634.0,557.0,0.0,0.0,0.0,0.0,60
2023-05-10 21:19:23,OI311C7900,OI311C7900,634.0,0.0,0.0,0.0,20,574.0,581.5,6,634.0,557.0,0.0,0.0,0.0,0.0,60
2023-05-10 21:19:23,OI311C7900,OI311C7900,634.0,0.0,0.0,0.0,8,574.0,581.5,6,634.0,557.0,0.0,0.0,0.0,0.0,60
2023-05-10 21:19:57,OI311C7900,OI311C7900,634.0,0.0,0.0,0.0,2,574.0,581.5,12,634.0,557.0,0.0,0.0,0.0,0.0,60
2023-05-10 21:20:05,OI311C7900,OI311C7900,634.0,0.0,0.0,0.0,8,574.0,583.0,6,634.0,557.0,0.0,0.0,0.0,0.0,60
2023-05-10 21:20:05,OI311C7900,OI311C7900,634.0,0.0,0.0,0.0,6,575.5,583.5,6,634.0,557.0,0.0,0.0,0.0,0.0,60
2023-05-10 21:20:06,OI311C7900,OI311C7900,634.0,0.0,0.0,0.0,6,575.5,584.0,2,634.0,557.0,0.0,0.0,0.0,0.0,60
2023-05-10 21:20:08,OI311C7900,OI311C7900,634.0,0.0,0.0,0.0,6,575.0,583.5,6,634.0,557.0,0.0,0.0,0.0,0.0,60
2023-05-10 21:20:09,OI311C7900,OI311C7900,634.0,0.0,0.0,0.0,8,574.0,583.5,6,634.0,557.0,0.0,0.0,0.0,0.0,60
2023-05-10 21:20:28,OI311C7900,OI311C7900,634.0,0.0,0.0,0.0,8,574.0,582.0,6,634.0,557.0,0.0,0.0,0.0,0.0,60
2023-05-10 21:20:33,OI311C7900,OI311C7900,634.0,0.0,0.0,0.0,8,574.0,583.5,6,634.0,557.0,0.0,0.0,0.0,0.0,60
2023-05-10 21:20:34,OI311C7900,OI311C7900,634.0,0.0,0.0,0.0,14,574.0,583.5,6,634.0,557.0,0.0,0.0,0.0,0.0,60
2023-05-10 21:21:01,OI311C7900,OI311C7900,634.0,0.0,0.0,0.0,8,574.0,582.0,6,634.0,557.0,0.0,0.0,0.0,0.0,60
2023-05-10 21:21:02,OI311C7900,OI311C7900,634.0,0.0,0.0,0.0,14,574.0,583.5,6,634.0,557.0,0.0,0.0,0.0,0.0,60
2023-05-10 21:21:10,OI311C7900,OI311C7900,634.0,0.0,0.0,0.0,8,574.0,581.5,6,634.0,557.0,0.0,0.0,0.0,0.0,60
2023-05-10 21:21:18,OI311C7900,OI311C7900,634.0,0.0,0.0,0.0,2,574.0,581.5,12,634.0,557.0,0.0,0.0,0.0,0.0,60
2023-05-10 21:21:20,OI311C7900,OI311C7900,634.0,0.0,0.0,0.0,2,574.0,581.0,2,634.0,557.0,0.0,0.0,0.0,0.0,60
2023-05-10 21:21:27,OI311C7900,OI311C7900,634.0,0.0,0.0,0.0,2,574.0,580.0,6,634.0,557.0,0.0,0.0,0.0,0.0,60
2023-05-10 21:21:32,OI311C7900,OI311C7900,634.0,0.0,0.0,0.0,2,574.0,581.0,8,634.0,557.0,0.0,0.0,0.0,0.0,60
2023-05-10 21:21:35,OI311C7900,OI311C7900,634.0,0.0,0.0,0.0,2,574.0,581.0,2,634.0,557.0,0.0,0.0,0.0,0.0,60
2023-05-10 21:21:43,OI311C7900,OI311C7900,634.0,0.0,0.0,0.0,12,571.5,581.0,2,634.0,557.0,0.0,0.0,0.0,0.0,60
2023-05-10 21:21:43,OI311C7900,OI311C7900,634.0,0.0,0.0,0.0,6,572.0,579.5,6,634.0,557.0,0.0,0.0,0.0,0.0,60
2023-05-10 21:21:44,OI311C7900,OI311C7900,634.0,0.0,0.0,0.0,2,570.5,579.5,6,634.0,557.0,0.0,0.0,0.0,0.0,60
2023-05-10 21:21:46,OI311C7900,OI311C7900,634.0,0.0,0.0,0.0,2,570.5,579.5,12,634.0,557.0,0.0,0.0,0.0,0.0,60
2023-05-10 21:21:46,OI311C7900,OI311C7900,634.0,0.0,0.0,0.0,2,570.5,578.5,2,634.0,557.0,0.0,0.0,0.0,0.0,60
2023-05-10 21:21:56,OI311C7900,OI311C7900,634.0,0.0,0.0,0.0,2,570.5,578.5,8,634.0,557.0,0.0,0.0,0.0,0.0,60
2023-05-10 21:21:58,OI311C7900,OI311C7900,634.0,0.0,0.0,0.0,2,570.5,578.5,14,634.0,557.0,0.0,0.0,0.0,0.0,60
2023-05-10 21:22:04,OI311C7900,OI311C7900,634.0,0.0,0.0,0.0,2,570.5,577.5,12,634.0,557.0,0.0,0.0,0.0,0.0,60
2023-05-10 21:22:06,OI311C7900,OI311C7900,634.0,0.0,0.0,0.0,12,568.0,577.5,12,634.0,557.0,0.0,0.0,0.0,0.0,60
2023-05-10 21:22:07,OI311C7900,OI311C7900,634.0,0.0,0.0,0.0,6,568.0,576.5,6,634.0,557.0,0.0,0.0,0.0,0.0,60
2023-05-10 21:22:07,OI311C7900,OI311C7900,634.0,0.0,0.0,0.0,12,566.5,576.5,6,634.0,557.0,0.0,0.0,0.0,0.0,60
2023-05-10 21:22:08,OI311C7900,OI311C7900,634.0,0.0,0.0,0.0,12,566.0,575.5,6,634.0,557.0,0.0,0.0,0.0,0.0,60
2023-05-10 21:22:08,OI311C7900,OI311C7900,634.0,0.0,0.0,0.0,12,565.5,575.5,8,634.0,557.0,0.0,0.0,0.0,0.0,60
2023-05-10 21:22:09,OI311C7900,OI311C7900,634.0,0.0,0.0,0.0,6,566.0,575.5,8,634.0,557.0,0.0,0.0,0.0,0.0,60
2023-05-10 21:22:11,OI311C7900,OI311C7900,634.0,0.0,0.0,0.0,12,565.5,575.5,8,634.0,557.0,0.0,0.0,0.0,0.0,60
2023-05-10 21:22:20,OI311C7900,OI311C7900,634.0,0.0,0.0,0.0,6,565.5,575.5,20,634.0,557.0,0.0,0.0,0.0,0.0,60
2023-05-10 21:22:20,OI311C7900,OI311C7900,634.0,0.0,0.0,0.0,8,565.0,575.0,6,634.0,557.0,0.0,0.0,0.0,0.0,60
2023-05-10 21:22:21,OI311C7900,OI311C7900,634.0,0.0,0.0,0.0,2,565.0,575.0,6,634.0,557.0,0.0,0.0,0.0,0.0,60
2023-05-10 21:22:22,OI311C7900,OI311C7900,634.0,0.0,0.0,0.0,2,565.0,574.0,12,634.0,557.0,0.0,0.0,0.0,0.0,60
2023-05-10 21:22:23,OI311C7900,OI311C7900,634.0,0.0,0.0,0.0,2,565.0,573.0,2,634.0,557.0,0.0,0.0,0.0,0.0,60
2023-05-10 21:22:31,OI311C7900,OI311C7900,634.0,0.0,0.0,0.0,2,565.0,572.0,6,634.0,557.0,0.0,0.0,0.0,0.0,60
2023-05-10 21:22:33,OI311C7900,OI311C7900,634.0,0.0,0.0,0.0,6,563.5,572.0,6,634.0,557.0,0.0,0.0,0.0,0.0,60
2023-05-10 21:22:34,OI311C7900,OI311C7900,634.0,0.0,0.0,0.0,6,562.0,572.0,6,634.0,557.0,0.0,0.0,0.0,0.0,60
2023-05-10 21:22:54,OI311C7900,OI311C7900,634.0,0.0,0.0,0.0,6,562.5,572.0,6,634.0,557.0,0.0,0.0,0.0,0.0,60
2023-05-10 21:22:56,OI311C7900,OI311C7900,634.0,0.0,0.0,0.0,6,562.0,572.0,6,634.0,557.0,0.0,0.0,0.0,0.0,60
2023-05-10 21:23:01,OI311C7900,OI311C7900,634.0,0.0,0.0,0.0,6,562.0,570.5,6,634.0,557.0,0.0,0.0,0.0,0.0,60
2023-05-10 21:23:02,OI311C7900,OI311C7900,634.0,0.0,0.0,0.0,6,562.0,570.5,12,634.0,557.0,0.0,0.0,0.0,0.0,60
2023-05-10 21:23:22,OI311C7900,OI311C7900,634.0,0.0,0.0,0.0,6,562.0,570.5,6,634.0,557.0,0.0,0.0,0.0,0.0,60
2023-05-10 21:23:24,OI311C7900,OI311C7900,634.0,0.0,0.0,0.0,6,562.5,570.5,6,634.0,557.0,0.0,0.0,0.0,0.0,60
2023-05-10 21:23:25,OI311C7900,OI311C7900,634.0,0.0,0.0,0.0,2,564.0,572.0,6,634.0,557.0,0.0,0.0,0.0,0.0,60
2023-05-10 21:23:49,OI311C7900,OI311C7900,634.0,0.0,0.0,0.0,6,565.5,572.0,6,634.0,557.0,0.0,0.0,0.0,0.0,60
2023-05-10 21:23:50,OI311C7900,OI311C7900,634.0,0.0,0.0,0.0,18,565.5,572.0,6,634.0,557.0,0.0,0.0,0.0,0.0,60
2023-05-10 21:23:52,OI311C7900,OI311C7900,634.0,0.0,0.0,0.0,18,565.5,574.0,12,634.0,557.0,0.0,0.0,0.0,0.0,60
2023-05-10 21:23:52,OI311C7900,OI311C7900,634.0,0.0,0.0,0.0,2,566.5,574.0,12,634.0,557.0,0.0,0.0,0.0,0.0,60
2023-05-10 21:23:53,OI311C7900,OI311C7900,634.0,0.0,0.0,0.0,2,566.5,574.0,6,634.0,557.0,0.0,0.0,0.0,0.0,60
2023-05-10 21:24:02,OI311C7900,OI311C7900,634.0,0.0,0.0,0.0,12,567.0,574.0,6,634.0,557.0,0.0,0.0,0.0,0.0,60
2023-05-10 21:24:03,OI311C7900,OI311C7900,634.0,0.0,0.0,0.0,18,567.0,575.5,2,634.0,557.0,0.0,0.0,0.0,0.0,60
2023-05-10 21:24:05,OI311C7900,OI311C7900,634.0,0.0,0.0,0.0,6,569.0,575.5,2,634.0,557.0,0.0,0.0,0.0,0.0,60
2023-05-10 21:24:06,OI311C7900,OI311C7900,634.0,0.0,0.0,0.0,14,569.0,576.0,6,634.0,557.0,0.0,0.0,0.0,0.0,60
2023-05-10 21:24:13,OI311C7900,OI311C7900,634.0,0.0,0.0,0.0,14,569.0,577.5,12,634.0,557.0,0.0,0.0,0.0,0.0,60
2023-05-10 21:24:14,OI311C7900,OI311C7900,634.0,0.0,0.0,0.0,14,569.0,577.5,6,634.0,557.0,0.0,0.0,0.0,0.0,60
2023-05-10 21:24:15,OI311C7900,OI311C7900,634.0,0.0,0.0,0.0,20,569.0,578.0,6,634.0,557.0,0.0,0.0,0.0,0.0,60
2023-05-10 21:24:23,OI311C7900,OI311C7900,634.0,0.0,0.0,0.0,26,569.0,578.0,6,634.0,557.0,0.0,0.0,0.0,0.0,60
2023-05-10 21:24:29,OI311C7900,OI311C7900,634.0,0.0,0.0,0.0,20,569.0,578.0,6,634.0,557.0,0.0,0.0,0.0,0.0,60
2023-05-10 21:25:06,OI311C7900,OI311C7900,634.0,0.0,0.0,0.0,6,571.0,579.0,2,634.0,557.0,0.0,0.0,0.0,0.0,60
2023-05-10 21:25:07,OI311C7900,OI311C7900,634.0,0.0,0.0,0.0,12,571.0,579.0,2,634.0,557.0,0.0,0.0,0.0,0.0,60
2023-05-10 21:25:08,OI311C7900,OI311C7900,634.0,0.0,0.0,0.0,2,572.0,579.0,2,634.0,557.0,0.0,0.0,0.0,0.0,60
2023-05-10 21:25:17,OI311C7900,OI311C7900,634.0,0.0,0.0,0.0,2,572.0,580.0,6,634.0,557.0,0.0,0.0,0.0,0.0,60
2023-05-10 21:25:33,OI311C7900,OI311C7900,634.0,0.0,0.0,0.0,6,572.5,581.5,12,634.0,557.0,0.0,0.0,0.0,0.0,60
2023-05-10 21:25:33,OI311C7900,OI311C7900,634.0,0.0,0.0,0.0,12,572.5,582.0,12,634.0,557.0,0.0,0.0,0.0,0.0,60
2023-05-10 21:25:34,OI311C7900,OI311C7900,634.0,0.0,0.0,0.0,12,572.5,582.0,6,634.0,557.0,0.0,0.0,0.0,0.0,60
2023-05-10 21:25:35,OI311C7900,OI311C7900,634.0,0.0,0.0,0.0,12,572.5,580.0,6,634.0,557.0,0.0,0.0,0.0,0.0,60
2023-05-10 21:25:37,OI311C7900,OI311C7900,634.0,0.0,0.0,0.0,6,572.5,580.0,6,634.0,557.0,0.0,0.0,0.0,0.0,60
2023-05-10 21:25:42,OI311C7900,OI311C7900,634.0,0.0,0.0,0.0,6,572.5,582.0,12,634.0,557.0,0.0,0.0,0.0,0.0,60
2023-05-10 21:25:45,OI311C7900,OI311C7900,634.0,0.0,0.0,0.0,6,572.5,582.0,6,634.0,557.0,0.0,0.0,0.0,0.0,60
2023-05-10 21:25:50,OI311C7900,OI311C7900,634.0,0.0,0.0,0.0,6,572.5,580.0,6,634.0,557.0,0.0,0.0,0.0,0.0,60
2023-05-10 21:25:50,OI311C7900,OI311C7900,634.0,0.0,0.0,0.0,2,572.0,580.0,6,634.0,557.0,0.0,0.0,0.0,0.0,60
2023-05-10 21:26:05,OI311C7900,OI311C7900,634.0,0.0,0.0,0.0,6,572.5,582.0,12,634.0,557.0,0.0,0.0,0.0,0.0,60
2023-05-10 21:26:06,OI311C7900,OI311C7900,634.0,0.0,0.0,0.0,12,572.5,582.0,6,634.0,557.0,0.0,0.0,0.0,0.0,60
2023-05-10 21:26:10,OI311C7900,OI311C7900,634.0,0.0,0.0,0.0,6,572.5,582.0,6,634.0,557.0,0.0,0.0,0.0,0.0,60
2023-05-10 21:26:11,OI311C7900,OI311C7900,634.0,0.0,0.0,0.0,6,572.5,582.0,12,634.0,557.0,0.0,0.0,0.0,0.0,60
2023-05-10 21:26:18,OI311C7900,OI311C7900,634.0,0.0,0.0,0.0,6,572.5,580.5,6,634.0,557.0,0.0,0.0,0.0,0.0,60
2023-05-10 21:26:22,OI311C7900,OI311C7900,634.0,0.0,0.0,0.0,12,572.5,580.5,12,634.0,557.0,0.0,0.0,0.0,0.0,60
2023-05-10 21:26:38,OI311C7900,OI311C7900,634.0,0.0,0.0,0.0,6,572.5,580.5,12,634.0,557.0,0.0,0.0,0.0,0.0,60
2023-05-10 21:26:38,OI311C7900,OI311C7900,634.0,0.0,0.0,0.0,8,572.0,580.5,12,634.0,557.0,0.0,0.0,0.0,0.0,60
2023-05-10 21:27:03,OI311C7900,OI311C7900,634.0,0.0,0.0,0.0,8,572.0,580.5,6,634.0,557.0,0.0,0.0,0.0,0.0,60
2023-05-10 21:27:03,OI311C7900,OI311C7900,634.0,0.0,0.0,0.0,8,572.0,581.0,8,634.0,557.0,0.0,0.0,0.0,0.0,60
2023-05-10 21:27:06,OI311C7900,OI311C7900,634.0,0.0,0.0,0.0,8,572.0,580.5,6,634.0,557.0,0.0,0.0,0.0,0.0,60
2023-05-10 21:27:06,OI311C7900,OI311C7900,634.0,0.0,0.0,0.0,8,572.0,580.5,12,634.0,557.0,0.0,0.0,0.0,0.0,60
2023-05-10 21:27:07,OI311C7900,OI311C7900,634.0,0.0,0.0,0.0,2,572.0,580.5,12,634.0,557.0,0.0,0.0,0.0,0.0,60
2023-05-10 21:27:19,OI311C7900,OI311C7900,634.0,0.0,0.0,0.0,8,572.0,580.5,12,634.0,557.0,0.0,0.0,0.0,0.0,60
2023-05-10 21:27:21,OI311C7900,OI311C7900,634.0,0.0,0.0,0.0,8,572.0,580.5,18,634.0,557.0,0.0,0.0,0.0,0.0,60
2023-05-10 21:27:22,OI311C7900,OI311C7900,634.0,0.0,0.0,0.0,2,572.0,580.5,18,634.0,557.0,0.0,0.0,0.0,0.0,60
2023-05-10 21:27:30,OI311C7900,OI311C7900,634.0,0.0,0.0,0.0,2,572.0,580.5,24,634.0,557.0,0.0,0.0,0.0,0.0,60
2023-05-10 21:27:43,OI311C7900,OI311C7900,634.0,0.0,0.0,0.0,8,572.0,580.5,24,634.0,557.0,0.0,0.0,0.0,0.0,60
2023-05-10 21:27:44,OI311C7900,OI311C7900,634.0,0.0,0.0,0.0,8,572.0,580.5,18,634.0,557.0,0.0,0.0,0.0,0.0,60
2023-05-10 21:27:54,OI311C7900,OI311C7900,634.0,0.0,0.0,0.0,14,572.0,580.5,12,634.0,557.0,0.0,0.0,0.0,0.0,60
2023-05-10 21:28:04,OI311C7900,OI311C7900,634.0,0.0,0.0,0.0,14,572.0,581.0,8,634.0,557.0,0.0,0.0,0.0,0.0,60
2023-05-10 21:28:05,OI311C7900,OI311C7900,634.0,0.0,0.0,0.0,12,572.5,581.0,8,634.0,557.0,0.0,0.0,0.0,0.0,60
2023-05-10 21:28:15,OI311C7900,OI311C7900,634.0,0.0,0.0,0.0,18,572.5,581.0,6,634.0,557.0,0.0,0.0,0.0,0.0,60
2023-05-10 21:28:15,OI311C7900,OI311C7900,634.0,0.0,0.0,0.0,18,572.5,581.5,12,634.0,557.0,0.0,0.0,0.0,0.0,60
2023-05-10 21:28:32,OI311C7900,OI311C7900,634.0,0.0,0.0,0.0,2,574.0,581.5,12,634.0,557.0,0.0,0.0,0.0,0.0,60
2023-05-10 21:28:33,OI311C7900,OI311C7900,634.0,0.0,0.0,0.0,18,574.5,582.0,12,634.0,557.0,0.0,0.0,0.0,0.0,60
2023-05-10 21:28:53,OI311C7900,OI311C7900,634.0,0.0,0.0,0.0,12,574.5,582.0,12,634.0,557.0,0.0,0.0,0.0,0.0,60
2023-05-10 21:28:55,OI311C7900,OI311C7900,634.0,0.0,0.0,0.0,6,574.5,582.0,12,634.0,557.0,0.0,0.0,0.0,0.0,60
2023-05-10 21:29:04,OI311C7900,OI311C7900,634.0,0.0,0.0,0.0,2,574.0,582.0,12,634.0,557.0,0.0,0.0,0.0,0.0,60
2023-05-10 21:29:10,OI311C7900,OI311C7900,634.0,0.0,0.0,0.0,8,574.0,582.0,12,634.0,557.0,0.0,0.0,0.0,0.0,60
2023-05-10 21:29:11,OI311C7900,OI311C7900,634.0,0.0,0.0,0.0,8,574.0,582.0,6,634.0,557.0,0.0,0.0,0.0,0.0,60
2023-05-10 21:29:12,OI311C7900,OI311C7900,634.0,0.0,0.0,0.0,8,574.0,582.0,12,634.0,557.0,0.0,0.0,0.0,0.0,60
2023-05-10 21:29:14,OI311C7900,OI311C7900,634.0,0.0,0.0,0.0,2,574.0,582.0,12,634.0,557.0,0.0,0.0,0.0,0.0,60
2023-05-10 21:29:19,OI311C7900,OI311C7900,634.0,0.0,0.0,0.0,2,574.0,582.0,18,634.0,557.0,0.0,0.0,0.0,0.0,60
2023-05-10 21:29:24,OI311C7900,OI311C7900,634.0,0.0,0.0,0.0,2,574.0,580.0,12,634.0,557.0,0.0,0.0,0.0,0.0,60
2023-05-10 21:29:25,OI311C7900,OI311C7900,634.0,0.0,0.0,0.0,8,572.0,580.0,12,634.0,557.0,0.0,0.0,0.0,0.0,60
2023-05-10 21:29:33,OI311C7900,OI311C7900,634.0,0.0,0.0,0.0,8,572.0,580.0,6,634.0,557.0,0.0,0.0,0.0,0.0,60
2023-05-10 21:29:40,OI311C7900,OI311C7900,634.0,0.0,0.0,0.0,8,572.0,580.0,12,634.0,557.0,0.0,0.0,0.0,0.0,60
2023-05-10 21:29:58,OI311C7900,OI311C7900,634.0,0.0,0.0,0.0,8,572.0,580.0,18,634.0,557.0,0.0,0.0,0.0,0.0,60
2023-05-10 21:30:02,OI311C7900,OI311C7900,634.0,0.0,0.0,0.0,8,572.0,580.0,12,634.0,557.0,0.0,0.0,0.0,0.0,60
2023-05-10 21:30:02,OI311C7900,OI311C7900,634.0,0.0,0.0,0.0,8,572.0,580.0,6,634.0,557.0,0.0,0.0,0.0,0.0,60
2023-05-10 21:30:03,OI311C7900,OI311C7900,634.0,0.0,0.0,0.0,8,572.0,580.5,8,634.0,557.0,0.0,0.0,0.0,0.0,60
2023-05-10 21:30:04,OI311C7900,OI311C7900,634.0,0.0,0.0,0.0,8,572.0,580.5,2,634.0,557.0,0.0,0.0,0.0,0.0,60
2023-05-10 21:30:05,OI311C7900,OI311C7900,634.0,0.0,0.0,0.0,14,572.0,580.5,2,634.0,557.0,0.0,0.0,0.0,0.0,60
2023-05-10 21:30:08,OI311C7900,OI311C7900,634.0,0.0,0.0,0.0,12,572.5,582.0,12,634.0,557.0,0.0,0.0,0.0,0.0,60
2023-05-10 21:30:08,OI311C7900,OI311C7900,634.0,0.0,0.0,0.0,12,573.0,582.0,6,634.0,557.0,0.0,0.0,0.0,0.0,60
2023-05-10 21:30:08,OI311C7900,OI311C7900,634.0,0.0,0.0,0.0,18,573.0,582.0,6,634.0,557.0,0.0,0.0,0.0,0.0,60
2023-05-10 21:30:12,OI311C7900,OI311C7900,634.0,0.0,0.0,0.0,12,573.0,582.0,18,634.0,557.0,0.0,0.0,0.0,0.0,60
2023-05-10 21:30:22,OI311C7900,OI311C7900,634.0,0.0,0.0,0.0,8,572.0,582.0,24,634.0,557.0,0.0,0.0,0.0,0.0,60
2023-05-10 21:30:22,OI311C7900,OI311C7900,634.0,0.0,0.0,0.0,2,572.0,580.0,12,634.0,557.0,0.0,0.0,0.0,0.0,60
2023-05-10 21:30:23,OI311C7900,OI311C7900,634.0,0.0,0.0,0.0,2,572.0,580.0,18,634.0,557.0,0.0,0.0,0.0,0.0,60
2023-05-10 21:30:28,OI311C7900,OI311C7900,634.0,0.0,0.0,0.0,2,572.0,578.0,6,634.0,557.0,0.0,0.0,0.0,0.0,60
2023-05-10 21:30:29,OI311C7900,OI311C7900,634.0,0.0,0.0,0.0,2,572.0,578.0,12,634.0,557.0,0.0,0.0,0.0,0.0,60
2023-05-10 21:30:31,OI311C7900,OI311C7900,634.0,0.0,0.0,0.0,2,572.0,578.0,6,634.0,557.0,0.0,0.0,0.0,0.0,60
2023-05-10 21:30:31,OI311C7900,OI311C7900,634.0,0.0,0.0,0.0,2,572.0,579.5,6,634.0,557.0,0.0,0.0,0.0,0.0,60
2023-05-10 21:30:32,OI311C7900,OI311C7900,634.0,0.0,0.0,0.0,8,572.0,580.0,30,634.0,557.0,0.0,0.0,0.0,0.0,60
2023-05-10 21:30:32,OI311C7900,OI311C7900,634.0,0.0,0.0,0.0,8,572.0,580.0,12,634.0,557.0,0.0,0.0,0.0,0.0,60
2023-05-10 21:30:33,OI311C7900,OI311C7900,634.0,0.0,0.0,0.0,8,572.0,580.0,6,634.0,557.0,0.0,0.0,0.0,0.0,60
2023-05-10 21:30:34,OI311C7900,OI311C7900,634.0,0.0,0.0,0.0,8,572.0,580.5,8,634.0,557.0,0.0,0.0,0.0,0.0,60
2023-05-10 21:30:35,OI311C7900,OI311C7900,634.0,0.0,0.0,0.0,8,572.0,580.5,14,634.0,557.0,0.0,0.0,0.0,0.0,60
2023-05-10 21:30:36,OI311C7900,OI311C7900,634.0,0.0,0.0,0.0,2,572.0,579.5,12,634.0,557.0,0.0,0.0,0.0,0.0,60
2023-05-10 21:30:36,OI311C7900,OI311C7900,634.0,0.0,0.0,0.0,2,572.0,579.5,18,634.0,557.0,0.0,0.0,0.0,0.0,60
2023-05-10 21:30:39,OI311C7900,OI311C7900,634.0,0.0,0.0,0.0,8,572.0,579.5,18,634.0,557.0,0.0,0.0,0.0,0.0,60
2023-05-10 21:30:41,OI311C7900,OI311C7900,634.0,0.0,0.0,0.0,2,572.0,579.5,18,634.0,557.0,0.0,0.0,0.0,0.0,60
2023-05-10 21:30:52,OI311C7900,OI311C7900,634.0,0.0,0.0,0.0,8,572.0,579.5,18,634.0,557.0,0.0,0.0,0.0,0.0,60
2023-05-10 21:30:57,OI311C7900,OI311C7900,634.0,0.0,0.0,0.0,20,572.0,580.5,2,634.0,557.0,0.0,0.0,0.0,0.0,60
2023-05-10 21:30:59,OI311C7900,OI311C7900,634.0,0.0,0.0,0.0,6,572.5,580.5,2,634.0,557.0,0.0,0.0,0.0,0.0,60
2023-05-10 21:31:00,OI311C7900,OI311C7900,634.0,0.0,0.0,0.0,12,572.5,580.5,2,634.0,557.0,0.0,0.0,0.0,0.0,60
2023-05-10 21:31:01,OI311C7900,OI311C7900,634.0,0.0,0.0,0.0,18,572.5,580.5,2,634.0,557.0,0.0,0.0,0.0,0.0,60
2023-05-10 21:31:02,OI311C7900,OI311C7900,634.0,0.0,0.0,0.0,18,572.5,581.5,12,634.0,557.0,0.0,0.0,0.0,0.0,60
2023-05-10 21:31:04,OI311C7900,OI311C7900,634.0,0.0,0.0,0.0,2,575.0,581.5,12,634.0,557.0,0.0,0.0,0.0,0.0,60
2023-05-10 21:31:04,OI311C7900,OI311C7900,634.0,0.0,0.0,0.0,8,575.0,583.0,14,634.0,557.0,0.0,0.0,0.0,0.0,60
2023-05-10 21:31:04,OI311C7900,OI311C7900,634.0,0.0,0.0,0.0,14,575.0,583.0,8,634.0,557.0,0.0,0.0,0.0,0.0,60
2023-05-10 21:31:08,OI311C7900,OI311C7900,634.0,0.0,0.0,0.0,14,575.0,583.0,6,634.0,557.0,0.0,0.0,0.0,0.0,60
2023-05-10 21:31:09,OI311C7900,OI311C7900,634.0,0.0,0.0,0.0,12,576.0,583.5,12,634.0,557.0,0.0,0.0,0.0,0.0,60
2023-05-10 21:31:09,OI311C7900,OI311C7900,634.0,0.0,0.0,0.0,18,576.0,585.0,12,634.0,557.0,0.0,0.0,0.0,0.0,60
2023-05-10 21:31:10,OI311C7900,OI311C7900,634.0,0.0,0.0,0.0,18,576.0,585.5,24,634.0,557.0,0.0,0.0,0.0,0.0,60
2023-05-10 21:31:10,OI311C7900,OI311C7900,634.0,0.0,0.0,0.0,6,579.0,587.0,6,634.0,557.0,0.0,0.0,0.0,0.0,60
2023-05-10 21:31:11,OI311C7900,OI311C7900,634.0,0.0,0.0,0.0,6,581.0,588.5,6,634.0,557.0,0.0,0.0,0.0,0.0,60
2023-05-10 21:31:11,OI311C7900,OI311C7900,634.0,0.0,0.0,0.0,6,579.5,588.0,6,634.0,557.0,0.0,0.0,0.0,0.0,60
2023-05-10 21:31:11,OI311C7900,OI311C7900,634.0,0.0,0.0,0.0,12,579.0,588.0,12,634.0,557.0,0.0,0.0,0.0,0.0,60
2023-05-10 21:31:12,OI311C7900,OI311C7900,634.0,0.0,0.0,0.0,24,579.0,588.0,12,634.0,557.0,0.0,0.0,0.0,0.0,60
2023-05-10 21:31:13,OI311C7900,OI311C7900,634.0,0.0,0.0,0.0,30,579.0,588.0,6,634.0,557.0,0.0,0.0,0.0,0.0,60
2023-05-10 21:31:14,OI311C7900,OI311C7900,634.0,0.0,0.0,0.0,12,581.0,589.5,6,634.0,557.0,0.0,0.0,0.0,0.0,60
2023-05-10 21:31:14,OI311C7900,OI311C7900,634.0,0.0,0.0,0.0,12,581.0,590.0,12,634.0,557.0,0.0,0.0,0.0,0.0,60
2023-05-10 21:31:14,OI311C7900,OI311C7900,634.0,0.0,0.0,0.0,12,581.0,589.5,6,634.0,557.0,0.0,0.0,0.0,0.0,60
2023-05-10 21:31:16,OI311C7900,OI311C7900,634.0,0.0,0.0,0.0,6,580.0,590.0,12,634.0,557.0,0.0,0.0,0.0,0.0,60
2023-05-10 21:31:16,OI311C7900,OI311C7900,634.0,0.0,0.0,0.0,2,580.0,590.0,12,634.0,557.0,0.0,0.0,0.0,0.0,60
2023-05-10 21:31:17,OI311C7900,OI311C7900,634.0,0.0,0.0,0.0,2,580.0,588.0,6,634.0,557.0,0.0,0.0,0.0,0.0,60
2023-05-10 21:31:18,OI311C7900,OI311C7900,634.0,0.0,0.0,0.0,8,580.0,588.0,12,634.0,557.0,0.0,0.0,0.0,0.0,60
2023-05-10 21:31:22,OI311C7900,OI311C7900,634.0,0.0,0.0,0.0,8,580.0,589.5,6,634.0,557.0,0.0,0.0,0.0,0.0,60
2023-05-10 21:31:23,OI311C7900,OI311C7900,634.0,0.0,0.0,0.0,8,580.0,590.0,12,634.0,557.0,0.0,0.0,0.0,0.0,60
2023-05-10 21:31:25,OI311C7900,OI311C7900,634.0,0.0,0.0,0.0,14,580.0,590.0,12,634.0,557.0,0.0,0.0,0.0,0.0,60
2023-05-10 21:31:25,OI311C7900,OI311C7900,634.0,0.0,0.0,0.0,12,581.0,590.0,12,634.0,557.0,0.0,0.0,0.0,0.0,60
2023-05-10 21:31:35,OI311C7900,OI311C7900,634.0,0.0,0.0,0.0,6,581.0,590.0,12,634.0,557.0,0.0,0.0,0.0,0.0,60
2023-05-10 21:31:39,OI311C7900,OI311C7900,634.0,0.0,0.0,0.0,20,580.0,590.0,18,634.0,557.0,0.0,0.0,0.0,0.0,60
2023-05-10 21:31:39,OI311C7900,OI311C7900,634.0,0.0,0.0,0.0,14,580.0,590.0,18,634.0,557.0,0.0,0.0,0.0,0.0,60
2023-05-10 21:31:42,OI311C7900,OI311C7900,634.0,0.0,0.0,0.0,8,580.0,588.0,12,634.0,557.0,0.0,0.0,0.0,0.0,60
2023-05-10 21:31:42,OI311C7900,OI311C7900,634.0,0.0,0.0,0.0,2,580.0,588.0,12,634.0,557.0,0.0,0.0,0.0,0.0,60
2023-05-10 21:31:43,OI311C7900,OI311C7900,634.0,0.0,0.0,0.0,2,580.0,588.0,14,634.0,557.0,0.0,0.0,0.0,0.0,60
2023-05-10 21:31:47,OI311C7900,OI311C7900,634.0,0.0,0.0,0.0,6,579.0,588.0,14,634.0,557.0,0.0,0.0,0.0,0.0,60
2023-05-10 21:31:48,OI311C7900,OI311C7900,634.0,0.0,0.0,0.0,6,578.0,586.5,12,634.0,557.0,0.0,0.0,0.0,0.0,60
2023-05-10 21:31:49,OI311C7900,OI311C7900,634.0,0.0,0.0,0.0,6,576.5,586.5,24,634.0,557.0,0.0,0.0,0.0,0.0,60
2023-05-10 21:31:50,OI311C7900,OI311C7900,634.0,0.0,0.0,0.0,18,576.0,586.5,24,634.0,557.0,0.0,0.0,0.0,0.0,60
2023-05-10 21:31:53,OI311C7900,OI311C7900,634.0,0.0,0.0,0.0,18,576.0,585.0,2,634.0,557.0,0.0,0.0,0.0,0.0,60
2023-05-10 21:31:56,OI311C7900,OI311C7900,634.0,0.0,0.0,0.0,18,576.0,585.0,8,634.0,557.0,0.0,0.0,0.0,0.0,60
2023-05-10 21:32:03,OI311C7900,OI311C7900,634.0,0.0,0.0,0.0,12,576.0,585.0,8,634.0,557.0,0.0,0.0,0.0,0.0,60
2023-05-10 21:32:03,OI311C7900,OI311C7900,634.0,0.0,0.0,0.0,6,576.0,585.0,8,634.0,557.0,0.0,0.0,0.0,0.0,60
2023-05-10 21:32:04,OI311C7900,OI311C7900,634.0,0.0,0.0,0.0,6,576.0,584.5,18,634.0,557.0,0.0,0.0,0.0,0.0,60
2023-05-10 21:32:08,OI311C7900,OI311C7900,634.0,0.0,0.0,0.0,12,576.0,584.5,18,634.0,557.0,0.0,0.0,0.0,0.0,60
2023-05-10 21:32:08,OI311C7900,OI311C7900,634.0,0.0,0.0,0.0,12,576.0,584.5,12,634.0,557.0,0.0,0.0,0.0,0.0,60
2023-05-10 21:32:10,OI311C7900,OI311C7900,634.0,0.0,0.0,0.0,12,576.0,584.5,18,634.0,557.0,0.0,0.0,0.0,0.0,60
2023-05-10 21:32:10,OI311C7900,OI311C7900,634.0,0.0,0.0,0.0,6,576.0,584.5,18,634.0,557.0,0.0,0.0,0.0,0.0,60
2023-05-10 21:32:11,OI311C7900,OI311C7900,634.0,0.0,0.0,0.0,2,575.0,584.5,30,634.0,557.0,0.0,0.0,0.0,0.0,60
2023-05-10 21:32:13,OI311C7900,OI311C7900,634.0,0.0,0.0,0.0,2,575.0,583.0,12,634.0,557.0,0.0,0.0,0.0,0.0,60
2023-05-10 21:32:21,OI311C7900,OI311C7900,634.0,0.0,0.0,0.0,8,575.0,583.0,6,634.0,557.0,0.0,0.0,0.0,0.0,60
2023-05-10 21:32:22,OI311C7900,OI311C7900,634.0,0.0,0.0,0.0,8,575.0,583.5,6,634.0,557.0,0.0,0.0,0.0,0.0,60
2023-05-10 21:32:23,OI311C7900,OI311C7900,634.0,0.0,0.0,0.0,2,575.0,584.5,30,634.0,557.0,0.0,0.0,0.0,0.0,60
2023-05-10 21:32:23,OI311C7900,OI311C7900,634.0,0.0,0.0,0.0,2,575.0,584.5,24,634.0,557.0,0.0,0.0,0.0,0.0,60
2023-05-10 21:32:32,OI311C7900,OI311C7900,634.0,0.0,0.0,0.0,8,575.0,584.5,24,634.0,557.0,0.0,0.0,0.0,0.0,60
2023-05-10 21:32:33,OI311C7900,OI311C7900,634.0,0.0,0.0,0.0,18,575.5,584.5,12,634.0,557.0,0.0,0.0,0.0,0.0,60
2023-05-10 21:32:33,OI311C7900,OI311C7900,634.0,0.0,0.0,0.0,24,575.5,584.5,12,634.0,557.0,0.0,0.0,0.0,0.0,60
2023-05-10 21:32:43,OI311C7900,OI311C7900,634.0,0.0,0.0,0.0,18,577.5,585.0,2,634.0,557.0,0.0,0.0,0.0,0.0,60
2023-05-10 21:32:44,OI311C7900,OI311C7900,634.0,0.0,0.0,0.0,2,578.0,585.0,2,634.0,557.0,0.0,0.0,0.0,0.0,60
2023-05-10 21:32:45,OI311C7900,OI311C7900,634.0,0.0,0.0,0.0,2,578.0,585.0,8,634.0,557.0,0.0,0.0,0.0,0.0,60
2023-05-10 21:32:48,OI311C7900,OI311C7900,634.0,0.0,0.0,0.0,2,578.0,584.5,12,634.0,557.0,0.0,0.0,0.0,0.0,60
2023-05-10 21:32:51,OI311C7900,OI311C7900,634.0,0.0,0.0,0.0,6,576.0,584.5,12,634.0,557.0,0.0,0.0,0.0,0.0,60
2023-05-10 21:32:51,OI311C7900,OI311C7900,634.0,0.0,0.0,0.0,6,575.5,584.5,12,634.0,557.0,0.0,0.0,0.0,0.0,60
2023-05-10 21:32:53,OI311C7900,OI311C7900,634.0,0.0,0.0,0.0,12,575.5,584.5,12,634.0,557.0,0.0,0.0,0.0,0.0,60
2023-05-10 21:33:01,OI311C7900,OI311C7900,634.0,0.0,0.0,0.0,18,575.5,584.5,12,634.0,557.0,0.0,0.0,0.0,0.0,60
2023-05-10 21:33:05,OI311C7900,OI311C7900,634.0,0.0,0.0,0.0,12,575.5,584.5,12,634.0,557.0,0.0,0.0,0.0,0.0,60
2023-05-10 21:33:09,OI311C7900,OI311C7900,634.0,0.0,0.0,0.0,6,576.0,584.5,12,634.0,557.0,0.0,0.0,0.0,0.0,60
2023-05-10 21:33:09,OI311C7900,OI311C7900,634.0,0.0,0.0,0.0,12,576.0,585.0,8,634.0,557.0,0.0,0.0,0.0,0.0,60
2023-05-10 21:33:10,OI311C7900,OI311C7900,634.0,0.0,0.0,0.0,18,576.0,585.0,2,634.0,557.0,0.0,0.0,0.0,0.0,60
2023-05-10 21:33:11,OI311C7900,OI311C7900,634.0,0.0,0.0,0.0,18,576.0,585.0,8,634.0,557.0,0.0,0.0,0.0,0.0,60
2023-05-10 21:33:13,OI311C7900,OI311C7900,634.0,0.0,0.0,0.0,18,576.0,585.0,2,634.0,557.0,0.0,0.0,0.0,0.0,60
2023-05-10 21:33:15,OI311C7900,OI311C7900,634.0,0.0,0.0,0.0,18,576.0,585.0,8,634.0,557.0,0.0,0.0,0.0,0.0,60
2023-05-10 21:33:21,OI311C7900,OI311C7900,634.0,0.0,0.0,0.0,2,577.5,585.0,8,634.0,557.0,0.0,0.0,0.0,0.0,60
2023-05-10 21:33:21,OI311C7900,OI311C7900,634.0,0.0,0.0,0.0,6,578.0,585.5,6,634.0,557.0,0.0,0.0,0.0,0.0,60
2023-05-10 21:33:22,OI311C7900,OI311C7900,634.0,0.0,0.0,0.0,12,578.0,585.5,12,634.0,557.0,0.0,0.0,0.0,0.0,60
2023-05-10 21:33:23,OI311C7900,OI311C7900,634.0,0.0,0.0,0.0,18,578.0,585.5,12,634.0,557.0,0.0,0.0,0.0,0.0,60
2023-05-10 21:33:26,OI311C7900,OI311C7900,634.0,0.0,0.0,0.0,24,578.0,585.5,6,634.0,557.0,0.0,0.0,0.0,0.0,60
2023-05-10 21:33:26,OI311C7900,OI311C7900,634.0,0.0,0.0,0.0,24,578.0,586.5,12,634.0,557.0,0.0,0.0,0.0,0.0,60
2023-05-10 21:33:28,OI311C7900,OI311C7900,634.0,0.0,0.0,0.0,18,578.0,586.5,12,634.0,557.0,0.0,0.0,0.0,0.0,60
2023-05-10 21:33:29,OI311C7900,OI311C7900,634.0,0.0,0.0,0.0,24,578.0,586.5,12,634.0,557.0,0.0,0.0,0.0,0.0,60
2023-05-10 21:33:30,OI311C7900,OI311C7900,634.0,0.0,0.0,0.0,24,578.0,588.0,20,634.0,557.0,0.0,0.0,0.0,0.0,60
2023-05-10 21:33:30,OI311C7900,OI311C7900,634.0,0.0,0.0,0.0,24,578.0,588.0,14,634.0,557.0,0.0,0.0,0.0,0.0,60
2023-05-10 21:33:32,OI311C7900,OI311C7900,634.0,0.0,0.0,0.0,6,579.5,588.0,14,634.0,557.0,0.0,0.0,0.0,0.0,60
2023-05-10 21:33:32,OI311C7900,OI311C7900,634.0,0.0,0.0,0.0,12,579.5,588.0,14,634.0,557.0,0.0,0.0,0.0,0.0,60
2023-05-10 21:33:34,OI311C7900,OI311C7900,634.0,0.0,0.0,0.0,6,579.5,588.0,14,634.0,557.0,0.0,0.0,0.0,0.0,60
2023-05-10 21:33:41,OI311C7900,OI311C7900,634.0,0.0,0.0,0.0,12,579.5,588.0,14,634.0,557.0,0.0,0.0,0.0,0.0,60
2023-05-10 21:34:07,OI311C7900,OI311C7900,634.0,0.0,0.0,0.0,20,579.5,589.0,6,634.0,557.0,0.0,0.0,0.0,0.0,60
2023-05-10 21:34:08,OI311C7900,OI311C7900,634.0,0.0,0.0,0.0,12,581.5,590.0,12,634.0,557.0,0.0,0.0,0.0,0.0,60
2023-05-10 21:34:14,OI311C7900,OI311C7900,634.0,0.0,0.0,0.0,6,581.5,590.0,12,634.0,557.0,0.0,0.0,0.0,0.0,60
2023-05-10 21:34:16,OI311C7900,OI311C7900,634.0,0.0,0.0,0.0,12,580.5,590.0,12,634.0,557.0,0.0,0.0,0.0,0.0,60
2023-05-10 21:34:16,OI311C7900,OI311C7900,634.0,0.0,0.0,0.0,32,579.5,588.0,6,634.0,557.0,0.0,0.0,0.0,0.0,60
2023-05-10 21:34:16,OI311C7900,OI311C7900,634.0,0.0,0.0,0.0,26,579.5,588.0,12,634.0,557.0,0.0,0.0,0.0,0.0,60
2023-05-10 21:34:17,OI311C7900,OI311C7900,634.0,0.0,0.0,0.0,20,579.5,588.0,12,634.0,557.0,0.0,0.0,0.0,0.0,60
2023-05-10 21:34:18,OI311C7900,OI311C7900,634.0,0.0,0.0,0.0,14,579.5,588.0,12,634.0,557.0,0.0,0.0,0.0,0.0,60
2023-05-10 21:34:43,OI311C7900,OI311C7900,634.0,0.0,0.0,0.0,14,579.5,588.0,14,634.0,557.0,0.0,0.0,0.0,0.0,60
2023-05-10 21:34:47,OI311C7900,OI311C7900,634.0,0.0,0.0,0.0,14,579.5,588.0,20,634.0,557.0,0.0,0.0,0.0,0.0,60
2023-05-10 21:34:57,OI311C7900,OI311C7900,634.0,0.0,0.0,0.0,14,579.5,588.0,26,634.0,557.0,0.0,0.0,0.0,0.0,60
2023-05-10 21:35:04,OI311C7900,OI311C7900,634.0,0.0,0.0,0.0,14,579.5,588.0,20,634.0,557.0,0.0,0.0,0.0,0.0,60
2023-05-10 21:35:04,OI311C7900,OI311C7900,634.0,0.0,0.0,0.0,14,579.5,588.0,8,634.0,557.0,0.0,0.0,0.0,0.0,60
2023-05-10 21:35:04,OI311C7900,OI311C7900,634.0,0.0,0.0,0.0,14,579.5,588.0,2,634.0,557.0,0.0,0.0,0.0,0.0,60
2023-05-10 21:35:05,OI311C7900,OI311C7900,634.0,0.0,0.0,0.0,12,580.0,588.0,2,634.0,557.0,0.0,0.0,0.0,0.0,60
2023-05-10 21:35:06,OI311C7900,OI311C7900,634.0,0.0,0.0,0.0,8,579.5,588.0,14,634.0,557.0,0.0,0.0,0.0,0.0,60
2023-05-10 21:35:06,OI311C7900,OI311C7900,634.0,0.0,0.0,0.0,14,579.5,588.0,20,634.0,557.0,0.0,0.0,0.0,0.0,60
2023-05-10 21:35:06,OI311C7900,OI311C7900,634.0,0.0,0.0,0.0,8,579.5,588.0,14,634.0,557.0,0.0,0.0,0.0,0.0,60
2023-05-10 21:35:06,OI311C7900,OI311C7900,634.0,0.0,0.0,0.0,14,579.5,588.0,20,634.0,557.0,0.0,0.0,0.0,0.0,60
2023-05-10 21:35:20,OI311C7900,OI311C7900,634.0,0.0,0.0,0.0,2,579.5,588.0,32,634.0,557.0,0.0,0.0,0.0,0.0,60
2023-05-10 21:35:21,OI311C7900,OI311C7900,634.0,0.0,0.0,0.0,8,579.5,588.0,32,634.0,557.0,0.0,0.0,0.0,0.0,60
2023-05-10 21:35:22,OI311C7900,OI311C7900,634.0,0.0,0.0,0.0,8,579.5,588.0,26,634.0,557.0,0.0,0.0,0.0,0.0,60
2023-05-10 21:35:23,OI311C7900,OI311C7900,634.0,0.0,0.0,0.0,2,579.5,588.0,26,634.0,557.0,0.0,0.0,0.0,0.0,60
2023-05-10 21:35:24,OI311C7900,OI311C7900,634.0,0.0,0.0,0.0,8,579.5,588.0,26,634.0,557.0,0.0,0.0,0.0,0.0,60
2023-05-10 21:35:25,OI311C7900,OI311C7900,634.0,0.0,0.0,0.0,2,579.5,588.0,26,634.0,557.0,0.0,0.0,0.0,0.0,60
2023-05-10 21:35:26,OI311C7900,OI311C7900,634.0,0.0,0.0,0.0,2,579.5,586.0,6,634.0,557.0,0.0,0.0,0.0,0.0,60
2023-05-10 21:35:26,OI311C7900,OI311C7900,634.0,0.0,0.0,0.0,2,579.5,586.0,12,634.0,557.0,0.0,0.0,0.0,0.0,60
2023-05-10 21:35:27,OI311C7900,OI311C7900,634.0,0.0,0.0,0.0,2,579.5,586.0,18,634.0,557.0,0.0,0.0,0.0,0.0,60
2023-05-10 21:35:28,OI311C7900,OI311C7900,634.0,0.0,0.0,0.0,2,579.5,586.0,24,634.0,557.0,0.0,0.0,0.0,0.0,60
2023-05-10 21:35:29,OI311C7900,OI311C7900,634.0,0.0,0.0,0.0,8,579.5,586.0,6,634.0,557.0,0.0,0.0,0.0,0.0,60
2023-05-10 21:35:30,OI311C7900,OI311C7900,634.0,0.0,0.0,0.0,8,579.5,587.0,6,634.0,557.0,0.0,0.0,0.0,0.0,60
2023-05-10 21:35:30,OI311C7900,OI311C7900,634.0,0.0,0.0,0.0,8,579.5,587.0,12,634.0,557.0,0.0,0.0,0.0,0.0,60
2023-05-10 21:35:32,OI311C7900,OI311C7900,634.0,0.0,0.0,0.0,8,579.5,587.5,12,634.0,557.0,0.0,0.0,0.0,0.0,60
2023-05-10 21:35:32,OI311C7900,OI311C7900,634.0,0.0,0.0,0.0,8,579.5,588.0,38,634.0,557.0,0.0,0.0,0.0,0.0,60
2023-05-10 21:35:32,OI311C7900,OI311C7900,634.0,0.0,0.0,0.0,8,579.5,588.0,26,634.0,557.0,0.0,0.0,0.0,0.0,60
2023-05-10 21:35:37,OI311C7900,OI311C7900,634.0,0.0,0.0,0.0,14,579.5,588.0,20,634.0,557.0,0.0,0.0,0.0,0.0,60
2023-05-10 21:35:37,OI311C7900,OI311C7900,634.0,0.0,0.0,0.0,26,579.5,588.0,20,634.0,557.0,0.0,0.0,0.0,0.0,60
2023-05-10 21:35:50,OI311C7900,OI311C7900,634.0,0.0,0.0,0.0,20,579.5,588.0,20,634.0,557.0,0.0,0.0,0.0,0.0,60
2023-05-10 21:35:55,OI311C7900,OI311C7900,634.0,0.0,0.0,0.0,26,579.5,588.0,20,634.0,557.0,0.0,0.0,0.0,0.0,60
2023-05-10 21:35:57,OI311C7900,OI311C7900,634.0,0.0,0.0,0.0,20,579.5,588.0,20,634.0,557.0,0.0,0.0,0.0,0.0,60
2023-05-10 21:35:58,OI311C7900,OI311C7900,634.0,0.0,0.0,0.0,26,579.5,588.0,20,634.0,557.0,0.0,0.0,0.0,0.0,60
2023-05-10 21:36:00,OI311C7900,OI311C7900,634.0,0.0,0.0,0.0,6,581.0,588.0,2,634.0,557.0,0.0,0.0,0.0,0.0,60
2023-05-10 21:36:00,OI311C7900,OI311C7900,634.0,0.0,0.0,0.0,12,581.0,590.0,6,634.0,557.0,0.0,0.0,0.0,0.0,60
2023-05-10 21:36:01,OI311C7900,OI311C7900,634.0,0.0,0.0,0.0,18,581.0,590.0,6,634.0,557.0,0.0,0.0,0.0,0.0,60
2023-05-10 21:36:01,OI311C7900,OI311C7900,634.0,0.0,0.0,0.0,12,581.0,590.5,18,634.0,557.0,0.0,0.0,0.0,0.0,60
2023-05-10 21:36:02,OI311C7900,OI311C7900,634.0,0.0,0.0,0.0,18,581.0,590.5,12,634.0,557.0,0.0,0.0,0.0,0.0,60
2023-05-10 21:36:02,OI311C7900,OI311C7900,634.0,0.0,0.0,0.0,24,581.0,590.5,12,634.0,557.0,0.0,0.0,0.0,0.0,60
2023-05-10 21:36:06,OI311C7900,OI311C7900,634.0,0.0,0.0,0.0,12,581.0,590.5,12,634.0,557.0,0.0,0.0,0.0,0.0,60
2023-05-10 21:36:11,OI311C7900,OI311C7900,634.0,0.0,0.0,0.0,18,581.0,590.5,12,634.0,557.0,0.0,0.0,0.0,0.0,60
2023-05-10 21:36:21,OI311C7900,OI311C7900,634.0,0.0,0.0,0.0,2,582.0,590.5,12,634.0,557.0,0.0,0.0,0.0,0.0,60
2023-05-10 21:36:21,OI311C7900,OI311C7900,634.0,0.0,0.0,0.0,14,582.0,590.5,12,634.0,557.0,0.0,0.0,0.0,0.0,60
2023-05-10 21:36:24,OI311C7900,OI311C7900,634.0,0.0,0.0,0.0,12,583.0,591.0,2,634.0,557.0,0.0,0.0,0.0,0.0,60
2023-05-10 21:36:25,OI311C7900,OI311C7900,634.0,0.0,0.0,0.0,18,583.0,591.0,2,634.0,557.0,0.0,0.0,0.0,0.0,60
2023-05-10 21:36:26,OI311C7900,OI311C7900,634.0,0.0,0.0,0.0,18,583.0,591.0,8,634.0,557.0,0.0,0.0,0.0,0.0,60
2023-05-10 21:36:27,OI311C7900,OI311C7900,634.0,0.0,0.0,0.0,18,583.0,592.5,24,634.0,557.0,0.0,0.0,0.0,0.0,60
2023-05-10 21:36:28,OI311C7900,OI311C7900,634.0,0.0,0.0,0.0,12,583.0,590.0,12,634.0,557.0,0.0,0.0,0.0,0.0,60
2023-05-10 21:36:30,OI311C7900,OI311C7900,634.0,0.0,0.0,0.0,6,583.0,590.0,12,634.0,557.0,0.0,0.0,0.0,0.0,60
2023-05-10 21:36:32,OI311C7900,OI311C7900,634.0,0.0,0.0,0.0,18,583.0,590.0,6,634.0,557.0,0.0,0.0,0.0,0.0,60
2023-05-10 21:36:32,OI311C7900,OI311C7900,634.0,0.0,0.0,0.0,24,583.0,591.5,6,634.0,557.0,0.0,0.0,0.0,0.0,60
2023-05-10 21:36:32,OI311C7900,OI311C7900,634.0,0.0,0.0,0.0,24,583.0,592.0,18,634.0,557.0,0.0,0.0,0.0,0.0,60
2023-05-10 21:36:33,OI311C7900,OI311C7900,634.0,0.0,0.0,0.0,24,583.0,592.0,12,634.0,557.0,0.0,0.0,0.0,0.0,60
2023-05-10 21:36:38,OI311C7900,OI311C7900,634.0,0.0,0.0,0.0,30,583.0,592.0,12,634.0,557.0,0.0,0.0,0.0,0.0,60
2023-05-10 21:36:45,OI311C7900,OI311C7900,634.0,0.0,0.0,0.0,12,584.5,593.0,2,634.0,557.0,0.0,0.0,0.0,0.0,60
2023-05-10 21:36:46,OI311C7900,OI311C7900,634.0,0.0,0.0,0.0,18,584.5,593.0,2,634.0,557.0,0.0,0.0,0.0,0.0,60
2023-05-10 21:36:47,OI311C7900,OI311C7900,634.0,0.0,0.0,0.0,24,584.5,593.0,2,634.0,557.0,0.0,0.0,0.0,0.0,60
2023-05-10 21:36:50,OI311C7900,OI311C7900,634.0,0.0,0.0,0.0,24,584.5,593.0,8,634.0,557.0,0.0,0.0,0.0,0.0,60
2023-05-10 21:36:58,OI311C7900,OI311C7900,634.0,0.0,0.0,0.0,24,584.5,593.0,2,634.0,557.0,0.0,0.0,0.0,0.0,60
2023-05-10 21:36:59,OI311C7900,OI311C7900,634.0,0.0,0.0,0.0,24,584.5,593.0,8,634.0,557.0,0.0,0.0,0.0,0.0,60
2023-05-10 21:37:04,OI311C7900,OI311C7900,634.0,0.0,0.0,0.0,18,584.5,593.0,8,634.0,557.0,0.0,0.0,0.0,0.0,60
2023-05-10 21:37:06,OI311C7900,OI311C7900,634.0,0.0,0.0,0.0,18,584.5,593.0,2,634.0,557.0,0.0,0.0,0.0,0.0,60
2023-05-10 21:37:06,OI311C7900,OI311C7900,634.0,0.0,0.0,0.0,6,586.5,594.5,24,634.0,557.0,0.0,0.0,0.0,0.0,60
2023-05-10 21:37:06,OI311C7900,OI311C7900,634.0,0.0,0.0,0.0,12,586.5,594.5,12,634.0,557.0,0.0,0.0,0.0,0.0,60
2023-05-10 21:37:08,OI311C7900,OI311C7900,634.0,0.0,0.0,0.0,18,586.5,594.5,6,634.0,557.0,0.0,0.0,0.0,0.0,60
2023-05-10 21:37:10,OI311C7900,OI311C7900,634.0,0.0,0.0,0.0,24,586.5,594.5,6,634.0,557.0,0.0,0.0,0.0,0.0,60
2023-05-10 21:37:10,OI311C7900,OI311C7900,634.0,0.0,0.0,0.0,2,587.0,594.5,6,634.0,557.0,0.0,0.0,0.0,0.0,60
2023-05-10 21:37:13,OI311C7900,OI311C7900,634.0,0.0,0.0,0.0,2,587.0,594.5,12,634.0,557.0,0.0,0.0,0.0,0.0,60
2023-05-10 21:37:16,OI311C7900,OI311C7900,634.0,0.0,0.0,0.0,2,587.0,594.5,18,634.0,557.0,0.0,0.0,0.0,0.0,60
2023-05-10 21:37:21,OI311C7900,OI311C7900,634.0,0.0,0.0,0.0,8,587.0,594.5,18,634.0,557.0,0.0,0.0,0.0,0.0,60
2023-05-10 21:37:22,OI311C7900,OI311C7900,634.0,0.0,0.0,0.0,2,587.0,594.5,18,634.0,557.0,0.0,0.0,0.0,0.0,60
2023-05-10 21:37:26,OI311C7900,OI311C7900,634.0,0.0,0.0,0.0,8,587.0,594.5,18,634.0,557.0,0.0,0.0,0.0,0.0,60
2023-05-10 21:37:26,OI311C7900,OI311C7900,634.0,0.0,0.0,0.0,8,587.0,594.5,12,634.0,557.0,0.0,0.0,0.0,0.0,60
2023-05-10 21:37:28,OI311C7900,OI311C7900,634.0,0.0,0.0,0.0,8,587.0,594.5,18,634.0,557.0,0.0,0.0,0.0,0.0,60
2023-05-10 21:37:30,OI311C7900,OI311C7900,634.0,0.0,0.0,0.0,8,587.0,594.5,6,634.0,557.0,0.0,0.0,0.0,0.0,60
2023-05-10 21:37:31,OI311C7900,OI311C7900,634.0,0.0,0.0,0.0,8,587.0,595.5,2,634.0,557.0,0.0,0.0,0.0,0.0,60
2023-05-10 21:37:42,OI311C7900,OI311C7900,634.0,0.0,0.0,0.0,8,587.0,595.5,8,634.0,557.0,0.0,0.0,0.0,0.0,60
2023-05-10 21:37:44,OI311C7900,OI311C7900,634.0,0.0,0.0,0.0,2,587.0,595.5,8,634.0,557.0,0.0,0.0,0.0,0.0,60
2023-05-10 21:37:46,OI311C7900,OI311C7900,634.0,0.0,0.0,0.0,2,587.0,594.0,12,634.0,557.0,0.0,0.0,0.0,0.0,60
2023-05-10 21:37:51,OI311C7900,OI311C7900,634.0,0.0,0.0,0.0,2,587.0,594.0,18,634.0,557.0,0.0,0.0,0.0,0.0,60
2023-05-10 21:37:52,OI311C7900,OI311C7900,634.0,0.0,0.0,0.0,18,584.5,594.0,18,634.0,557.0,0.0,0.0,0.0,0.0,60
2023-05-10 21:37:53,OI311C7900,OI311C7900,634.0,0.0,0.0,0.0,12,584.5,594.0,24,634.0,557.0,0.0,0.0,0.0,0.0,60
2023-05-10 21:38:01,OI311C7900,OI311C7900,634.0,0.0,0.0,0.0,8,584.0,593.5,12,634.0,557.0,0.0,0.0,0.0,0.0,60
2023-05-10 21:38:02,OI311C7900,OI311C7900,634.0,0.0,0.0,0.0,8,584.0,592.5,2,634.0,557.0,0.0,0.0,0.0,0.0,60
2023-05-10 21:38:05,OI311C7900,OI311C7900,634.0,0.0,0.0,0.0,8,584.0,592.0,6,634.0,557.0,0.0,0.0,0.0,0.0,60
2023-05-10 21:38:07,OI311C7900,OI311C7900,634.0,0.0,0.0,0.0,8,584.0,592.0,12,634.0,557.0,0.0,0.0,0.0,0.0,60
2023-05-10 21:38:09,OI311C7900,OI311C7900,634.0,0.0,0.0,0.0,2,584.0,591.0,6,634.0,557.0,0.0,0.0,0.0,0.0,60
2023-05-10 21:38:09,OI311C7900,OI311C7900,634.0,0.0,0.0,0.0,6,582.5,591.0,12,634.0,557.0,0.0,0.0,0.0,0.0,60
2023-05-10 21:38:10,OI311C7900,OI311C7900,634.0,0.0,0.0,0.0,18,581.0,591.0,18,634.0,557.0,0.0,0.0,0.0,0.0,60
2023-05-10 21:38:10,OI311C7900,OI311C7900,634.0,0.0,0.0,0.0,12,581.0,591.0,18,634.0,557.0,0.0,0.0,0.0,0.0,60
2023-05-10 21:38:16,OI311C7900,OI311C7900,634.0,0.0,0.0,0.0,12,581.0,591.0,24,634.0,557.0,0.0,0.0,0.0,0.0,60
2023-05-10 21:38:19,OI311C7900,OI311C7900,634.0,0.0,0.0,0.0,12,581.0,589.5,2,634.0,557.0,0.0,0.0,0.0,0.0,60
2023-05-10 21:38:19,OI311C7900,OI311C7900,634.0,0.0,0.0,0.0,12,581.0,589.5,8,634.0,557.0,0.0,0.0,0.0,0.0,60
2023-05-10 21:38:20,OI311C7900,OI311C7900,634.0,0.0,0.0,0.0,6,581.0,589.5,8,634.0,557.0,0.0,0.0,0.0,0.0,60
2023-05-10 21:38:21,OI311C7900,OI311C7900,634.0,0.0,0.0,0.0,20,580.0,589.5,8,634.0,557.0,0.0,0.0,0.0,0.0,60
2023-05-10 21:38:24,OI311C7900,OI311C7900,634.0,0.0,0.0,0.0,20,580.0,589.5,2,634.0,557.0,0.0,0.0,0.0,0.0,60
2023-05-10 21:38:24,OI311C7900,OI311C7900,634.0,0.0,0.0,0.0,12,581.0,589.5,2,634.0,557.0,0.0,0.0,0.0,0.0,60
2023-05-10 21:38:26,OI311C7900,OI311C7900,634.0,0.0,0.0,0.0,12,581.0,589.5,8,634.0,557.0,0.0,0.0,0.0,0.0,60
2023-05-10 21:38:28,OI311C7900,OI311C7900,634.0,0.0,0.0,0.0,12,580.5,589.5,8,634.0,557.0,0.0,0.0,0.0,0.0,60
2023-05-10 21:38:32,OI311C7900,OI311C7900,634.0,0.0,0.0,0.0,12,580.5,589.5,2,634.0,557.0,0.0,0.0,0.0,0.0,60
2023-05-10 21:38:33,OI311C7900,OI311C7900,634.0,0.0,0.0,0.0,12,581.0,589.5,2,634.0,557.0,0.0,0.0,0.0,0.0,60
2023-05-10 21:38:36,OI311C7900,OI311C7900,634.0,0.0,0.0,0.0,12,582.0,589.5,2,634.0,557.0,0.0,0.0,0.0,0.0,60
2023-05-10 21:38:37,OI311C7900,OI311C7900,634.0,0.0,0.0,0.0,18,582.0,589.5,2,634.0,557.0,0.0,0.0,0.0,0.0,60
2023-05-10 21:38:40,OI311C7900,OI311C7900,634.0,0.0,0.0,0.0,18,582.0,589.5,8,634.0,557.0,0.0,0.0,0.0,0.0,60
2023-05-10 21:38:42,OI311C7900,OI311C7900,634.0,0.0,0.0,0.0,18,582.0,589.5,2,634.0,557.0,0.0,0.0,0.0,0.0,60
2023-05-10 21:38:45,OI311C7900,OI311C7900,634.0,0.0,0.0,0.0,18,582.0,589.5,8,634.0,557.0,0.0,0.0,0.0,0.0,60
2023-05-10 21:38:53,OI311C7900,OI311C7900,634.0,0.0,0.0,0.0,2,582.5,591.0,6,634.0,557.0,0.0,0.0,0.0,0.0,60
2023-05-10 21:38:54,OI311C7900,OI311C7900,634.0,0.0,0.0,0.0,8,582.5,591.5,12,634.0,557.0,0.0,0.0,0.0,0.0,60
2023-05-10 21:38:54,OI311C7900,OI311C7900,634.0,0.0,0.0,0.0,14,582.5,592.0,18,634.0,557.0,0.0,0.0,0.0,0.0,60
2023-05-10 21:38:55,OI311C7900,OI311C7900,634.0,0.0,0.0,0.0,8,582.5,592.0,18,634.0,557.0,0.0,0.0,0.0,0.0,60
2023-05-10 21:39:02,OI311C7900,OI311C7900,634.0,0.0,0.0,0.0,2,582.5,590.0,6,634.0,557.0,0.0,0.0,0.0,0.0,60
2023-05-10 21:39:02,OI311C7900,OI311C7900,634.0,0.0,0.0,0.0,2,582.5,590.0,12,634.0,557.0,0.0,0.0,0.0,0.0,60
2023-05-10 21:39:04,OI311C7900,OI311C7900,634.0,0.0,0.0,0.0,2,582.5,590.0,14,634.0,557.0,0.0,0.0,0.0,0.0,60
2023-05-10 21:39:05,OI311C7900,OI311C7900,634.0,0.0,0.0,0.0,14,580.0,588.0,6,634.0,557.0,0.0,0.0,0.0,0.0,60
2023-05-10 21:39:05,OI311C7900,OI311C7900,634.0,0.0,0.0,0.0,20,580.0,588.0,18,634.0,557.0,0.0,0.0,0.0,0.0,60
2023-05-10 21:39:09,OI311C7900,OI311C7900,634.0,0.0,0.0,0.0,20,580.0,588.0,6,634.0,557.0,0.0,0.0,0.0,0.0,60
2023-05-10 21:39:11,OI311C7900,OI311C7900,634.0,0.0,0.0,0.0,20,580.0,589.5,12,634.0,557.0,0.0,0.0,0.0,0.0,60
2023-05-10 21:39:24,OI311C7900,OI311C7900,634.0,0.0,0.0,0.0,14,580.0,589.5,18,634.0,557.0,0.0,0.0,0.0,0.0,60
2023-05-10 21:39:27,OI311C7900,OI311C7900,634.0,0.0,0.0,0.0,14,580.0,589.5,24,634.0,557.0,0.0,0.0,0.0,0.0,60
2023-05-10 21:39:31,OI311C7900,OI311C7900,634.0,0.0,0.0,0.0,2,580.0,588.0,12,634.0,557.0,0.0,0.0,0.0,0.0,60
2023-05-10 21:39:32,OI311C7900,OI311C7900,634.0,0.0,0.0,0.0,2,580.0,588.0,18,634.0,557.0,0.0,0.0,0.0,0.0,60
2023-05-10 21:39:35,OI311C7900,OI311C7900,634.0,0.0,0.0,0.0,8,580.0,588.0,18,634.0,557.0,0.0,0.0,0.0,0.0,60
2023-05-10 21:39:40,OI311C7900,OI311C7900,634.0,0.0,0.0,0.0,2,580.0,588.0,18,634.0,557.0,0.0,0.0,0.0,0.0,60
2023-05-10 21:39:40,OI311C7900,OI311C7900,634.0,0.0,0.0,0.0,2,580.0,587.5,6,634.0,557.0,0.0,0.0,0.0,0.0,60
2023-05-10 21:39:41,OI311C7900,OI311C7900,634.0,0.0,0.0,0.0,2,580.0,587.5,12,634.0,557.0,0.0,0.0,0.0,0.0,60
2023-05-10 21:39:43,OI311C7900,OI311C7900,634.0,0.0,0.0,0.0,2,580.0,587.0,2,634.0,557.0,0.0,0.0,0.0,0.0,60
2023-05-10 21:39:43,OI311C7900,OI311C7900,634.0,0.0,0.0,0.0,2,580.0,587.0,8,634.0,557.0,0.0,0.0,0.0,0.0,60
2023-05-10 21:39:49,OI311C7900,OI311C7900,634.0,0.0,0.0,0.0,8,580.0,587.0,8,634.0,557.0,0.0,0.0,0.0,0.0,60
2023-05-10 21:39:52,OI311C7900,OI311C7900,634.0,0.0,0.0,0.0,6,579.0,587.0,8,634.0,557.0,0.0,0.0,0.0,0.0,60
2023-05-10 21:39:52,OI311C7900,OI311C7900,634.0,0.0,0.0,0.0,12,577.5,587.0,14,634.0,557.0,0.0,0.0,0.0,0.0,60
2023-05-10 21:39:53,OI311C7900,OI311C7900,634.0,0.0,0.0,0.0,24,577.0,587.0,14,634.0,557.0,0.0,0.0,0.0,0.0,60
2023-05-10 21:39:53,OI311C7900,OI311C7900,634.0,0.0,0.0,0.0,18,577.0,587.0,14,634.0,557.0,0.0,0.0,0.0,0.0,60
2023-05-10 21:39:56,OI311C7900,OI311C7900,634.0,0.0,0.0,0.0,12,577.0,586.5,6,634.0,557.0,0.0,0.0,0.0,0.0,60
2023-05-10 21:39:56,OI311C7900,OI311C7900,634.0,0.0,0.0,0.0,12,577.0,586.5,12,634.0,557.0,0.0,0.0,0.0,0.0,60
2023-05-10 21:39:58,OI311C7900,OI311C7900,634.0,0.0,0.0,0.0,18,576.5,586.5,18,634.0,557.0,0.0,0.0,0.0,0.0,60
2023-05-10 21:39:58,OI311C7900,OI311C7900,634.0,0.0,0.0,0.0,12,576.5,586.5,24,634.0,557.0,0.0,0.0,0.0,0.0,60
2023-05-10 21:40:02,OI311C7900,OI311C7900,634.0,0.0,0.0,0.0,6,576.5,586.0,6,634.0,557.0,0.0,0.0,0.0,0.0,60
2023-05-10 21:40:03,OI311C7900,OI311C7900,634.0,0.0,0.0,0.0,8,576.0,586.0,12,634.0,557.0,0.0,0.0,0.0,0.0,60
2023-05-10 21:40:05,OI311C7900,OI311C7900,634.0,0.0,0.0,0.0,6,576.5,586.0,6,634.0,557.0,0.0,0.0,0.0,0.0,60
2023-05-10 21:40:05,OI311C7900,OI311C7900,634.0,0.0,0.0,0.0,6,577.5,586.5,6,634.0,557.0,0.0,0.0,0.0,0.0,60
2023-05-10 21:40:06,OI311C7900,OI311C7900,634.0,0.0,0.0,0.0,6,577.5,586.5,18,634.0,557.0,0.0,0.0,0.0,0.0,60
2023-05-10 21:40:06,OI311C7900,OI311C7900,634.0,0.0,0.0,0.0,12,576.5,586.5,18,634.0,557.0,0.0,0.0,0.0,0.0,60
2023-05-10 21:40:29,OI311C7900,OI311C7900,634.0,0.0,0.0,0.0,12,576.5,584.5,12,634.0,557.0,0.0,0.0,0.0,0.0,60
2023-05-10 21:40:34,OI311C7900,OI311C7900,634.0,0.0,0.0,0.0,12,576.5,584.5,6,634.0,557.0,0.0,0.0,0.0,0.0,60
2023-05-10 21:40:35,OI311C7900,OI311C7900,634.0,0.0,0.0,0.0,12,576.5,586.5,24,634.0,557.0,0.0,0.0,0.0,0.0,60
2023-05-10 21:40:35,OI311C7900,OI311C7900,634.0,0.0,0.0,0.0,12,576.5,586.5,18,634.0,557.0,0.0,0.0,0.0,0.0,60
2023-05-10 21:40:42,OI311C7900,OI311C7900,634.0,0.0,0.0,0.0,6,576.5,584.5,6,634.0,557.0,0.0,0.0,0.0,0.0,60
2023-05-10 21:40:43,OI311C7900,OI311C7900,634.0,0.0,0.0,0.0,14,576.0,584.5,12,634.0,557.0,0.0,0.0,0.0,0.0,60
2023-05-10 21:40:43,OI311C7900,OI311C7900,634.0,0.0,0.0,0.0,8,576.0,584.5,12,634.0,557.0,0.0,0.0,0.0,0.0,60
2023-05-10 21:40:48,OI311C7900,OI311C7900,634.0,0.0,0.0,0.0,8,576.0,584.5,14,634.0,557.0,0.0,0.0,0.0,0.0,60
2023-05-10 21:40:50,OI311C7900,OI311C7900,634.0,0.0,0.0,0.0,2,576.0,584.5,14,634.0,557.0,0.0,0.0,0.0,0.0,60
2023-05-10 21:40:59,OI311C7900,OI311C7900,634.0,0.0,0.0,0.0,8,576.0,584.5,14,634.0,557.0,0.0,0.0,0.0,0.0,60
2023-05-10 21:41:00,OI311C7900,OI311C7900,634.0,0.0,0.0,0.0,2,576.0,584.5,14,634.0,557.0,0.0,0.0,0.0,0.0,60
2023-05-10 21:41:05,OI311C7900,OI311C7900,634.0,0.0,0.0,0.0,8,576.0,584.5,8,634.0,557.0,0.0,0.0,0.0,0.0,60
2023-05-10 21:41:09,OI311C7900,OI311C7900,634.0,0.0,0.0,0.0,14,576.0,584.5,8,634.0,557.0,0.0,0.0,0.0,0.0,60
2023-05-10 21:41:16,OI311C7900,OI311C7900,634.0,0.0,0.0,0.0,8,576.0,584.5,14,634.0,557.0,0.0,0.0,0.0,0.0,60
2023-05-10 21:41:17,OI311C7900,OI311C7900,634.0,0.0,0.0,0.0,2,576.0,584.5,14,634.0,557.0,0.0,0.0,0.0,0.0,60
2023-05-10 21:41:28,OI311C7900,OI311C7900,634.0,0.0,0.0,0.0,2,576.0,584.5,20,634.0,557.0,0.0,0.0,0.0,0.0,60
2023-05-10 21:41:30,OI311C7900,OI311C7900,634.0,0.0,0.0,0.0,6,574.0,582.5,30,634.0,557.0,0.0,0.0,0.0,0.0,60
2023-05-10 21:41:30,OI311C7900,OI311C7900,634.0,0.0,0.0,0.0,12,572.5,582.5,30,634.0,557.0,0.0,0.0,0.0,0.0,60
2023-05-10 21:41:42,OI311C7900,OI311C7900,634.0,0.0,0.0,0.0,12,572.5,582.5,32,634.0,557.0,0.0,0.0,0.0,0.0,60
2023-05-10 21:41:50,OI311C7900,OI311C7900,634.0,0.0,0.0,0.0,18,572.5,582.5,26,634.0,557.0,0.0,0.0,0.0,0.0,60
2023-05-10 21:41:52,OI311C7900,OI311C7900,634.0,0.0,0.0,0.0,24,572.5,582.5,20,634.0,557.0,0.0,0.0,0.0,0.0,60
2023-05-10 21:42:02,OI311C7900,OI311C7900,634.0,0.0,0.0,0.0,18,572.5,582.5,20,634.0,557.0,0.0,0.0,0.0,0.0,60
2023-05-10 21:42:02,OI311C7900,OI311C7900,634.0,0.0,0.0,0.0,12,572.5,580.5,12,634.0,557.0,0.0,0.0,0.0,0.0,60
2023-05-10 21:42:18,OI311C7900,OI311C7900,634.0,0.0,0.0,0.0,6,572.5,580.5,12,634.0,557.0,0.0,0.0,0.0,0.0,60
2023-05-10 21:42:18,OI311C7900,OI311C7900,634.0,0.0,0.0,0.0,14,572.0,580.5,12,634.0,557.0,0.0,0.0,0.0,0.0,60
2023-05-10 21:42:23,OI311C7900,OI311C7900,634.0,0.0,0.0,0.0,8,572.0,580.5,18,634.0,557.0,0.0,0.0,0.0,0.0,60
2023-05-10 21:42:24,OI311C7900,OI311C7900,634.0,0.0,0.0,0.0,2,572.0,580.5,18,634.0,557.0,0.0,0.0,0.0,0.0,60
2023-05-10 21:42:26,OI311C7900,OI311C7900,634.0,0.0,0.0,0.0,2,572.0,579.5,14,634.0,557.0,0.0,0.0,0.0,0.0,60
2023-05-10 21:42:28,OI311C7900,OI311C7900,634.0,0.0,0.0,0.0,2,572.0,579.5,20,634.0,557.0,0.0,0.0,0.0,0.0,60
2023-05-10 21:42:36,OI311C7900,OI311C7900,634.0,0.0,0.0,0.0,2,572.0,579.5,14,634.0,557.0,0.0,0.0,0.0,0.0,60
2023-05-10 21:42:46,OI311C7900,OI311C7900,634.0,0.0,0.0,0.0,6,570.5,579.5,20,634.0,557.0,0.0,0.0,0.0,0.0,60
2023-05-10 21:42:47,OI311C7900,OI311C7900,634.0,0.0,0.0,0.0,24,569.5,579.5,20,634.0,557.0,0.0,0.0,0.0,0.0,60
2023-05-10 21:42:47,OI311C7900,OI311C7900,634.0,0.0,0.0,0.0,18,569.5,579.5,20,634.0,557.0,0.0,0.0,0.0,0.0,60
2023-05-10 21:42:50,OI311C7900,OI311C7900,634.0,0.0,0.0,0.0,6,569.5,578.5,18,634.0,557.0,0.0,0.0,0.0,0.0,60
2023-05-10 21:42:50,OI311C7900,OI311C7900,634.0,0.0,0.0,0.0,6,569.0,578.5,24,634.0,557.0,0.0,0.0,0.0,0.0,60
2023-05-10 21:42:51,OI311C7900,OI311C7900,634.0,0.0,0.0,0.0,14,568.5,578.5,24,634.0,557.0,0.0,0.0,0.0,0.0,60
2023-05-10 21:43:10,OI311C7900,OI311C7900,634.0,0.0,0.0,0.0,8,568.5,578.0,6,634.0,557.0,0.0,0.0,0.0,0.0,60
2023-05-10 21:43:11,OI311C7900,OI311C7900,634.0,0.0,0.0,0.0,8,568.5,578.0,12,634.0,557.0,0.0,0.0,0.0,0.0,60
2023-05-10 21:43:17,OI311C7900,OI311C7900,634.0,0.0,0.0,0.0,14,568.5,578.0,6,634.0,557.0,0.0,0.0,0.0,0.0,60
2023-05-10 21:43:18,OI311C7900,OI311C7900,634.0,0.0,0.0,0.0,14,568.5,578.5,18,634.0,557.0,0.0,0.0,0.0,0.0,60
2023-05-10 21:43:20,OI311C7900,OI311C7900,634.0,0.0,0.0,0.0,14,568.5,578.5,24,634.0,557.0,0.0,0.0,0.0,0.0,60
2023-05-10 21:43:24,OI311C7900,OI311C7900,634.0,0.0,0.0,0.0,8,568.5,576.5,6,634.0,557.0,0.0,0.0,0.0,0.0,60
2023-05-10 21:43:25,OI311C7900,OI311C7900,634.0,0.0,0.0,0.0,8,568.5,576.5,12,634.0,557.0,0.0,0.0,0.0,0.0,60
2023-05-10 21:43:27,OI311C7900,OI311C7900,634.0,0.0,0.0,0.0,8,568.5,578.0,6,634.0,557.0,0.0,0.0,0.0,0.0,60
2023-05-10 21:43:28,OI311C7900,OI311C7900,634.0,0.0,0.0,0.0,14,568.5,578.5,24,634.0,557.0,0.0,0.0,0.0,0.0,60
2023-05-10 21:43:30,OI311C7900,OI311C7900,634.0,0.0,0.0,0.0,14,568.5,577.0,6,634.0,557.0,0.0,0.0,0.0,0.0,60
2023-05-10 21:43:31,OI311C7900,OI311C7900,634.0,0.0,0.0,0.0,8,568.5,577.0,12,634.0,557.0,0.0,0.0,0.0,0.0,60
2023-05-10 21:43:31,OI311C7900,OI311C7900,634.0,0.0,0.0,0.0,2,568.5,575.0,6,634.0,557.0,0.0,0.0,0.0,0.0,60
2023-05-10 21:43:32,OI311C7900,OI311C7900,634.0,0.0,0.0,0.0,2,568.5,575.0,24,634.0,557.0,0.0,0.0,0.0,0.0,60
2023-05-10 21:43:34,OI311C7900,OI311C7900,634.0,0.0,0.0,0.0,8,568.5,575.0,18,634.0,557.0,0.0,0.0,0.0,0.0,60
2023-05-10 21:43:35,OI311C7900,OI311C7900,634.0,0.0,0.0,0.0,2,568.5,575.0,24,634.0,557.0,0.0,0.0,0.0,0.0,60
2023-05-10 21:43:36,OI311C7900,OI311C7900,634.0,0.0,0.0,0.0,8,568.5,575.0,18,634.0,557.0,0.0,0.0,0.0,0.0,60
2023-05-10 21:43:37,OI311C7900,OI311C7900,634.0,0.0,0.0,0.0,8,568.5,575.0,12,634.0,557.0,0.0,0.0,0.0,0.0,60
2023-05-10 21:43:37,OI311C7900,OI311C7900,634.0,0.0,0.0,0.0,8,568.5,575.0,6,634.0,557.0,0.0,0.0,0.0,0.0,60
2023-05-10 21:43:39,OI311C7900,OI311C7900,634.0,0.0,0.0,0.0,2,568.5,575.0,12,634.0,557.0,0.0,0.0,0.0,0.0,60
2023-05-10 21:43:39,OI311C7900,OI311C7900,634.0,0.0,0.0,0.0,2,568.5,575.0,24,634.0,557.0,0.0,0.0,0.0,0.0,60
2023-05-10 21:43:40,OI311C7900,OI311C7900,634.0,0.0,0.0,0.0,6,567.0,575.0,24,634.0,557.0,0.0,0.0,0.0,0.0,60
2023-05-10 21:43:40,OI311C7900,OI311C7900,634.0,0.0,0.0,0.0,12,566.0,575.0,24,634.0,557.0,0.0,0.0,0.0,0.0,60
2023-05-10 21:43:41,OI311C7900,OI311C7900,634.0,0.0,0.0,0.0,30,565.0,575.0,24,634.0,557.0,0.0,0.0,0.0,0.0,60
2023-05-10 21:43:41,OI311C7900,OI311C7900,634.0,0.0,0.0,0.0,18,565.0,575.0,24,634.0,557.0,0.0,0.0,0.0,0.0,60
2023-05-10 21:44:02,OI311C7900,OI311C7900,634.0,0.0,0.0,0.0,6,566.5,575.0,6,634.0,557.0,0.0,0.0,0.0,0.0,60
2023-05-10 21:44:03,OI311C7900,OI311C7900,634.0,0.0,0.0,0.0,12,566.5,575.0,6,634.0,557.0,0.0,0.0,0.0,0.0,60
2023-05-10 21:44:04,OI311C7900,OI311C7900,634.0,0.0,0.0,0.0,2,567.0,575.0,6,634.0,557.0,0.0,0.0,0.0,0.0,60
2023-05-10 21:44:04,OI311C7900,OI311C7900,634.0,0.0,0.0,0.0,12,568.5,576.5,2,634.0,557.0,0.0,0.0,0.0,0.0,60
2023-05-10 21:44:05,OI311C7900,OI311C7900,634.0,0.0,0.0,0.0,24,568.5,576.5,2,634.0,557.0,0.0,0.0,0.0,0.0,60
2023-05-10 21:44:06,OI311C7900,OI311C7900,634.0,0.0,0.0,0.0,24,568.5,576.5,8,634.0,557.0,0.0,0.0,0.0,0.0,60
2023-05-10 21:44:10,OI311C7900,OI311C7900,634.0,0.0,0.0,0.0,24,568.5,576.5,2,634.0,557.0,0.0,0.0,0.0,0.0,60
2023-05-10 21:44:11,OI311C7900,OI311C7900,634.0,0.0,0.0,0.0,2,569.5,577.5,6,634.0,557.0,0.0,0.0,0.0,0.0,60
2023-05-10 21:44:13,OI311C7900,OI311C7900,634.0,0.0,0.0,0.0,2,569.5,577.5,12,634.0,557.0,0.0,0.0,0.0,0.0,60
2023-05-10 21:44:15,OI311C7900,OI311C7900,634.0,0.0,0.0,0.0,6,570.5,578.5,6,634.0,557.0,0.0,0.0,0.0,0.0,60
2023-05-10 21:44:15,OI311C7900,OI311C7900,634.0,0.0,0.0,0.0,12,570.5,578.5,12,634.0,557.0,0.0,0.0,0.0,0.0,60
2023-05-10 21:44:16,OI311C7900,OI311C7900,634.0,0.0,0.0,0.0,24,570.5,578.5,12,634.0,557.0,0.0,0.0,0.0,0.0,60
2023-05-10 21:44:17,OI311C7900,OI311C7900,634.0,0.0,0.0,0.0,24,570.5,579.5,2,634.0,557.0,0.0,0.0,0.0,0.0,60
2023-05-10 21:44:25,OI311C7900,OI311C7900,634.0,0.0,0.0,0.0,6,573.0,579.5,2,634.0,557.0,0.0,0.0,0.0,0.0,60
2023-05-10 21:44:26,OI311C7900,OI311C7900,634.0,0.0,0.0,0.0,12,573.0,579.5,2,634.0,557.0,0.0,0.0,0.0,0.0,60
2023-05-10 21:44:26,OI311C7900,OI311C7900,634.0,0.0,0.0,0.0,12,573.0,580.5,6,634.0,557.0,0.0,0.0,0.0,0.0,60
2023-05-10 21:44:29,OI311C7900,OI311C7900,634.0,0.0,0.0,0.0,12,573.0,582.0,12,634.0,557.0,0.0,0.0,0.0,0.0,60
2023-05-10 21:44:32,OI311C7900,OI311C7900,634.0,0.0,0.0,0.0,18,573.0,582.0,12,634.0,557.0,0.0,0.0,0.0,0.0,60
2023-05-10 21:45:05,OI311C7900,OI311C7900,634.0,0.0,0.0,0.0,24,573.0,582.0,6,634.0,557.0,0.0,0.0,0.0,0.0,60
2023-05-10 21:45:06,OI311C7900,OI311C7900,634.0,0.0,0.0,0.0,24,573.0,582.0,12,634.0,557.0,0.0,0.0,0.0,0.0,60
2023-05-10 21:45:10,OI311C7900,OI311C7900,634.0,0.0,0.0,0.0,6,575.0,582.0,12,634.0,557.0,0.0,0.0,0.0,0.0,60
2023-05-10 21:45:10,OI311C7900,OI311C7900,634.0,0.0,0.0,0.0,20,575.0,583.5,12,634.0,557.0,0.0,0.0,0.0,0.0,60
2023-05-10 21:45:11,OI311C7900,OI311C7900,634.0,0.0,0.0,0.0,20,575.0,584.0,18,634.0,557.0,0.0,0.0,0.0,0.0,60
2023-05-10 21:45:11,OI311C7900,OI311C7900,634.0,0.0,0.0,0.0,20,575.0,584.0,12,634.0,557.0,0.0,0.0,0.0,0.0,60
2023-05-10 21:45:14,OI311C7900,OI311C7900,634.0,0.0,0.0,0.0,14,575.0,584.0,12,634.0,557.0,0.0,0.0,0.0,0.0,60
2023-05-10 21:45:15,OI311C7900,OI311C7900,634.0,0.0,0.0,0.0,6,577.0,584.0,12,634.0,557.0,0.0,0.0,0.0,0.0,60
2023-05-10 21:45:15,OI311C7900,OI311C7900,634.0,0.0,0.0,0.0,12,577.0,585.5,12,634.0,557.0,0.0,0.0,0.0,0.0,60
2023-05-10 21:45:19,OI311C7900,OI311C7900,634.0,0.0,0.0,0.0,2,578.0,585.5,12,634.0,557.0,0.0,0.0,0.0,0.0,60
2023-05-10 21:45:20,OI311C7900,OI311C7900,634.0,0.0,0.0,0.0,8,578.0,585.5,12,634.0,557.0,0.0,0.0,0.0,0.0,60
2023-05-10 21:45:20,OI311C7900,OI311C7900,634.0,0.0,0.0,0.0,14,578.0,585.5,12,634.0,557.0,0.0,0.0,0.0,0.0,60
2023-05-10 21:45:22,OI311C7900,OI311C7900,634.0,0.0,0.0,0.0,6,578.5,585.5,12,634.0,557.0,0.0,0.0,0.0,0.0,60
2023-05-10 21:45:24,OI311C7900,OI311C7900,634.0,0.0,0.0,0.0,14,578.0,585.5,12,634.0,557.0,0.0,0.0,0.0,0.0,60
2023-05-10 21:45:26,OI311C7900,OI311C7900,634.0,0.0,0.0,0.0,8,578.0,585.5,12,634.0,557.0,0.0,0.0,0.0,0.0,60
2023-05-10 21:45:28,OI311C7900,OI311C7900,634.0,0.0,0.0,0.0,2,578.0,585.5,12,634.0,557.0,0.0,0.0,0.0,0.0,60
2023-05-10 21:45:30,OI311C7900,OI311C7900,634.0,0.0,0.0,0.0,8,578.0,585.5,12,634.0,557.0,0.0,0.0,0.0,0.0,60
2023-05-10 21:45:34,OI311C7900,OI311C7900,634.0,0.0,0.0,0.0,8,578.0,585.5,6,634.0,557.0,0.0,0.0,0.0,0.0,60
2023-05-10 21:45:43,OI311C7900,OI311C7900,634.0,0.0,0.0,0.0,8,578.0,585.5,12,634.0,557.0,0.0,0.0,0.0,0.0,60
2023-05-10 21:45:54,OI311C7900,OI311C7900,634.0,0.0,0.0,0.0,2,578.0,585.5,12,634.0,557.0,0.0,0.0,0.0,0.0,60
2023-05-10 21:45:54,OI311C7900,OI311C7900,634.0,0.0,0.0,0.0,12,576.0,585.5,12,634.0,557.0,0.0,0.0,0.0,0.0,60
2023-05-10 21:45:56,OI311C7900,OI311C7900,634.0,0.0,0.0,0.0,20,575.0,585.5,18,634.0,557.0,0.0,0.0,0.0,0.0,60
2023-05-10 21:46:01,OI311C7900,OI311C7900,634.0,0.0,0.0,0.0,14,575.0,584.5,18,634.0,557.0,0.0,0.0,0.0,0.0,60
2023-05-10 21:46:16,OI311C7900,OI311C7900,634.0,0.0,0.0,0.0,8,575.0,583.0,6,634.0,557.0,0.0,0.0,0.0,0.0,60
2023-05-10 21:46:17,OI311C7900,OI311C7900,634.0,0.0,0.0,0.0,2,575.0,582.5,12,634.0,557.0,0.0,0.0,0.0,0.0,60
2023-05-10 21:46:18,OI311C7900,OI311C7900,634.0,0.0,0.0,0.0,2,575.0,582.5,18,634.0,557.0,0.0,0.0,0.0,0.0,60
2023-05-10 21:46:19,OI311C7900,OI311C7900,634.0,0.0,0.0,0.0,6,573.5,582.5,18,634.0,557.0,0.0,0.0,0.0,0.0,60
2023-05-10 21:46:19,OI311C7900,OI311C7900,634.0,0.0,0.0,0.0,6,572.5,581.0,18,634.0,557.0,0.0,0.0,0.0,0.0,60
2023-05-10 21:46:20,OI311C7900,OI311C7900,634.0,0.0,0.0,0.0,6,571.5,580.0,2,634.0,557.0,0.0,0.0,0.0,0.0,60
2023-05-10 21:46:20,OI311C7900,OI311C7900,634.0,0.0,0.0,0.0,12,571.0,580.0,8,634.0,557.0,0.0,0.0,0.0,0.0,60
2023-05-10 21:46:27,OI311C7900,OI311C7900,634.0,0.0,0.0,0.0,12,571.0,580.0,14,634.0,557.0,0.0,0.0,0.0,0.0,60
2023-05-10 21:46:33,OI311C7900,OI311C7900,634.0,0.0,0.0,0.0,12,571.0,579.0,6,634.0,557.0,0.0,0.0,0.0,0.0,60
2023-05-10 21:46:33,OI311C7900,OI311C7900,634.0,0.0,0.0,0.0,12,571.0,579.0,12,634.0,557.0,0.0,0.0,0.0,0.0,60
2023-05-10 21:46:39,OI311C7900,OI311C7900,634.0,0.0,0.0,0.0,12,571.0,580.0,2,634.0,557.0,0.0,0.0,0.0,0.0,60
2023-05-10 21:46:43,OI311C7900,OI311C7900,634.0,0.0,0.0,0.0,12,571.0,580.0,8,634.0,557.0,0.0,0.0,0.0,0.0,60
2023-05-10 21:46:52,OI311C7900,OI311C7900,634.0,0.0,0.0,0.0,6,571.0,579.0,6,634.0,557.0,0.0,0.0,0.0,0.0,60
2023-05-10 21:46:52,OI311C7900,OI311C7900,634.0,0.0,0.0,0.0,6,571.0,579.0,18,634.0,557.0,0.0,0.0,0.0,0.0,60
2023-05-10 21:46:55,OI311C7900,OI311C7900,634.0,0.0,0.0,0.0,6,571.0,579.0,12,634.0,557.0,0.0,0.0,0.0,0.0,60
2023-05-10 21:46:57,OI311C7900,OI311C7900,634.0,0.0,0.0,0.0,12,571.0,579.0,12,634.0,557.0,0.0,0.0,0.0,0.0,60
2023-05-10 21:46:58,OI311C7900,OI311C7900,634.0,0.0,0.0,0.0,6,571.0,579.0,12,634.0,557.0,0.0,0.0,0.0,0.0,60
2023-05-10 21:47:01,OI311C7900,OI311C7900,634.0,0.0,0.0,0.0,12,571.0,579.0,12,634.0,557.0,0.0,0.0,0.0,0.0,60
2023-05-10 21:47:09,OI311C7900,OI311C7900,634.0,0.0,0.0,0.0,6,571.5,580.0,2,634.0,557.0,0.0,0.0,0.0,0.0,60
2023-05-10 21:47:09,OI311C7900,OI311C7900,634.0,0.0,0.0,0.0,12,571.5,580.0,8,634.0,557.0,0.0,0.0,0.0,0.0,60
2023-05-10 21:47:15,OI311C7900,OI311C7900,634.0,0.0,0.0,0.0,6,571.5,580.0,8,634.0,557.0,0.0,0.0,0.0,0.0,60
2023-05-10 21:47:16,OI311C7900,OI311C7900,634.0,0.0,0.0,0.0,6,571.5,579.0,12,634.0,557.0,0.0,0.0,0.0,0.0,60
2023-05-10 21:47:20,OI311C7900,OI311C7900,634.0,0.0,0.0,0.0,12,571.5,579.0,12,634.0,557.0,0.0,0.0,0.0,0.0,60
2023-05-10 21:47:29,OI311C7900,OI311C7900,634.0,0.0,0.0,0.0,12,571.5,580.0,2,634.0,557.0,0.0,0.0,0.0,0.0,60
2023-05-10 21:47:31,OI311C7900,OI311C7900,634.0,0.0,0.0,0.0,12,571.5,580.0,8,634.0,557.0,0.0,0.0,0.0,0.0,60
2023-05-10 21:47:31,OI311C7900,OI311C7900,634.0,0.0,0.0,0.0,18,571.0,580.0,8,634.0,557.0,0.0,0.0,0.0,0.0,60
2023-05-10 21:47:34,OI311C7900,OI311C7900,634.0,0.0,0.0,0.0,6,571.0,579.0,6,634.0,557.0,0.0,0.0,0.0,0.0,60
2023-05-10 21:47:35,OI311C7900,OI311C7900,634.0,0.0,0.0,0.0,12,571.0,579.0,12,634.0,557.0,0.0,0.0,0.0,0.0,60
2023-05-10 21:47:40,OI311C7900,OI311C7900,634.0,0.0,0.0,0.0,12,571.0,579.0,6,634.0,557.0,0.0,0.0,0.0,0.0,60
2023-05-10 21:47:40,OI311C7900,OI311C7900,634.0,0.0,0.0,0.0,12,571.0,579.0,12,634.0,557.0,0.0,0.0,0.0,0.0,60
2023-05-10 21:47:49,OI311C7900,OI311C7900,634.0,0.0,0.0,0.0,12,571.0,579.0,6,634.0,557.0,0.0,0.0,0.0,0.0,60
2023-05-10 21:47:53,OI311C7900,OI311C7900,634.0,0.0,0.0,0.0,12,571.0,579.0,12,634.0,557.0,0.0,0.0,0.0,0.0,60
2023-05-10 21:48:04,OI311C7900,OI311C7900,634.0,0.0,0.0,0.0,6,571.0,579.0,18,634.0,557.0,0.0,0.0,0.0,0.0,60
2023-05-10 21:48:04,OI311C7900,OI311C7900,634.0,0.0,0.0,0.0,8,570.0,579.0,18,634.0,557.0,0.0,0.0,0.0,0.0,60
2023-05-10 21:48:05,OI311C7900,OI311C7900,634.0,0.0,0.0,0.0,8,570.0,579.0,24,634.0,557.0,0.0,0.0,0.0,0.0,60
2023-05-10 21:48:13,OI311C7900,OI311C7900,634.0,0.0,0.0,0.0,8,570.0,579.0,30,634.0,557.0,0.0,0.0,0.0,0.0,60
2023-05-10 21:48:14,OI311C7900,OI311C7900,634.0,0.0,0.0,0.0,8,570.0,579.0,36,634.0,557.0,0.0,0.0,0.0,0.0,60
2023-05-10 21:48:21,OI311C7900,OI311C7900,634.0,0.0,0.0,0.0,2,570.0,579.0,36,634.0,557.0,0.0,0.0,0.0,0.0,60
2023-05-10 21:48:32,OI311C7900,OI311C7900,634.0,0.0,0.0,0.0,8,570.0,579.0,36,634.0,557.0,0.0,0.0,0.0,0.0,60
2023-05-10 21:48:35,OI311C7900,OI311C7900,634.0,0.0,0.0,0.0,8,570.0,579.0,18,634.0,557.0,0.0,0.0,0.0,0.0,60
2023-05-10 21:48:38,OI311C7900,OI311C7900,634.0,0.0,0.0,0.0,2,570.0,579.0,24,634.0,557.0,0.0,0.0,0.0,0.0,60
2023-05-10 21:48:39,OI311C7900,OI311C7900,634.0,0.0,0.0,0.0,2,570.0,579.0,30,634.0,557.0,0.0,0.0,0.0,0.0,60
2023-05-10 21:48:39,OI311C7900,OI311C7900,634.0,0.0,0.0,0.0,2,570.0,577.0,6,634.0,557.0,0.0,0.0,0.0,0.0,60
2023-05-10 21:48:40,OI311C7900,OI311C7900,634.0,0.0,0.0,0.0,2,570.0,577.0,18,634.0,557.0,0.0,0.0,0.0,0.0,60
2023-05-10 21:48:42,OI311C7900,OI311C7900,634.0,0.0,0.0,0.0,12,568.5,577.0,38,634.0,557.0,0.0,0.0,0.0,0.0,60
2023-05-10 21:48:42,OI311C7900,OI311C7900,634.0,0.0,0.0,0.0,12,567.0,577.0,38,634.0,557.0,0.0,0.0,0.0,0.0,60
2023-05-10 21:48:43,OI311C7900,OI311C7900,634.0,0.0,0.0,0.0,30,566.0,575.0,12,634.0,557.0,0.0,0.0,0.0,0.0,60
2023-05-10 21:48:43,OI311C7900,OI311C7900,634.0,0.0,0.0,0.0,24,566.0,575.0,12,634.0,557.0,0.0,0.0,0.0,0.0,60
2023-05-10 21:48:49,OI311C7900,OI311C7900,634.0,0.0,0.0,0.0,18,566.0,575.0,12,634.0,557.0,0.0,0.0,0.0,0.0,60
2023-05-10 21:48:52,OI311C7900,OI311C7900,634.0,0.0,0.0,0.0,8,565.5,574.0,2,634.0,557.0,0.0,0.0,0.0,0.0,60
2023-05-10 21:48:53,OI311C7900,OI311C7900,634.0,0.0,0.0,0.0,8,565.5,574.0,14,634.0,557.0,0.0,0.0,0.0,0.0,60
2023-05-10 21:49:13,OI311C7900,OI311C7900,634.0,0.0,0.0,0.0,14,565.5,574.0,14,634.0,557.0,0.0,0.0,0.0,0.0,60
2023-05-10 21:49:13,OI311C7900,OI311C7900,634.0,0.0,0.0,0.0,14,565.5,574.0,8,634.0,557.0,0.0,0.0,0.0,0.0,60
2023-05-10 21:49:16,OI311C7900,OI311C7900,634.0,0.0,0.0,0.0,20,565.5,574.0,8,634.0,557.0,0.0,0.0,0.0,0.0,60
2023-05-10 21:49:17,OI311C7900,OI311C7900,634.0,0.0,0.0,0.0,20,565.5,574.0,2,634.0,557.0,0.0,0.0,0.0,0.0,60
2023-05-10 21:49:19,OI311C7900,OI311C7900,634.0,0.0,0.0,0.0,6,567.5,575.0,6,634.0,557.0,0.0,0.0,0.0,0.0,60
2023-05-10 21:49:20,OI311C7900,OI311C7900,634.0,0.0,0.0,0.0,18,567.5,576.5,18,634.0,557.0,0.0,0.0,0.0,0.0,60
2023-05-10 21:49:21,OI311C7900,OI311C7900,634.0,0.0,0.0,0.0,18,567.5,577.0,20,634.0,557.0,0.0,0.0,0.0,0.0,60
2023-05-10 21:49:21,OI311C7900,OI311C7900,634.0,0.0,0.0,0.0,18,567.5,577.0,14,634.0,557.0,0.0,0.0,0.0,0.0,60
2023-05-10 21:49:23,OI311C7900,OI311C7900,634.0,0.0,0.0,0.0,2,568.5,577.0,14,634.0,557.0,0.0,0.0,0.0,0.0,60
2023-05-10 21:49:26,OI311C7900,OI311C7900,634.0,0.0,0.0,0.0,8,568.5,577.0,14,634.0,557.0,0.0,0.0,0.0,0.0,60
2023-05-10 21:49:27,OI311C7900,OI311C7900,634.0,0.0,0.0,0.0,2,568.5,577.0,14,634.0,557.0,0.0,0.0,0.0,0.0,60
2023-05-10 21:49:30,OI311C7900,OI311C7900,634.0,0.0,0.0,0.0,8,568.5,577.0,14,634.0,557.0,0.0,0.0,0.0,0.0,60
2023-05-10 21:49:31,OI311C7900,OI311C7900,634.0,0.0,0.0,0.0,2,568.5,577.0,14,634.0,557.0,0.0,0.0,0.0,0.0,60
2023-05-10 21:49:34,OI311C7900,OI311C7900,634.0,0.0,0.0,0.0,8,568.5,577.0,14,634.0,557.0,0.0,0.0,0.0,0.0,60
2023-05-10 21:49:36,OI311C7900,OI311C7900,634.0,0.0,0.0,0.0,2,568.5,577.0,14,634.0,557.0,0.0,0.0,0.0,0.0,60
2023-05-10 21:49:37,OI311C7900,OI311C7900,634.0,0.0,0.0,0.0,6,569.0,577.0,14,634.0,557.0,0.0,0.0,0.0,0.0,60
2023-05-10 21:49:37,OI311C7900,OI311C7900,634.0,0.0,0.0,0.0,12,569.0,577.0,14,634.0,557.0,0.0,0.0,0.0,0.0,60
2023-05-10 21:49:38,OI311C7900,OI311C7900,634.0,0.0,0.0,0.0,18,569.0,577.0,14,634.0,557.0,0.0,0.0,0.0,0.0,60
2023-05-10 21:49:52,OI311C7900,OI311C7900,634.0,0.0,0.0,0.0,12,569.0,577.0,14,634.0,557.0,0.0,0.0,0.0,0.0,60
2023-05-10 21:49:56,OI311C7900,OI311C7900,634.0,0.0,0.0,0.0,6,569.0,577.0,14,634.0,557.0,0.0,0.0,0.0,0.0,60
2023-05-10 21:50:00,OI311C7900,OI311C7900,634.0,0.0,0.0,0.0,12,569.0,577.0,14,634.0,557.0,0.0,0.0,0.0,0.0,60
2023-05-10 21:50:01,OI311C7900,OI311C7900,634.0,0.0,0.0,0.0,6,569.0,577.0,14,634.0,557.0,0.0,0.0,0.0,0.0,60
2023-05-10 21:50:04,OI311C7900,OI311C7900,634.0,0.0,0.0,0.0,12,569.0,577.0,14,634.0,557.0,0.0,0.0,0.0,0.0,60
2023-05-10 21:50:05,OI311C7900,OI311C7900,634.0,0.0,0.0,0.0,24,569.0,577.0,8,634.0,557.0,0.0,0.0,0.0,0.0,60
2023-05-10 21:50:09,OI311C7900,OI311C7900,634.0,0.0,0.0,0.0,18,569.0,577.0,8,634.0,557.0,0.0,0.0,0.0,0.0,60
2023-05-10 21:50:12,OI311C7900,OI311C7900,634.0,0.0,0.0,0.0,18,569.0,577.0,14,634.0,557.0,0.0,0.0,0.0,0.0,60
2023-05-10 21:50:34,OI311C7900,OI311C7900,634.0,0.0,0.0,0.0,24,569.0,577.0,14,634.0,557.0,0.0,0.0,0.0,0.0,60
2023-05-10 21:50:39,OI311C7900,OI311C7900,634.0,0.0,0.0,0.0,18,569.0,577.0,14,634.0,557.0,0.0,0.0,0.0,0.0,60
2023-05-10 21:51:00,OI311C7900,OI311C7900,634.0,0.0,0.0,0.0,12,569.0,577.0,14,634.0,557.0,0.0,0.0,0.0,0.0,60
2023-05-10 21:51:01,OI311C7900,OI311C7900,634.0,0.0,0.0,0.0,24,569.0,577.0,14,634.0,557.0,0.0,0.0,0.0,0.0,60
2023-05-10 21:51:03,OI311C7900,OI311C7900,634.0,0.0,0.0,0.0,18,569.0,577.0,14,634.0,557.0,0.0,0.0,0.0,0.0,60
2023-05-10 21:51:05,OI311C7900,OI311C7900,634.0,0.0,0.0,0.0,12,569.0,577.0,14,634.0,557.0,0.0,0.0,0.0,0.0,60
2023-05-10 21:51:08,OI311C7900,OI311C7900,634.0,0.0,0.0,0.0,6,569.0,577.0,14,634.0,557.0,0.0,0.0,0.0,0.0,60
2023-05-10 21:51:11,OI311C7900,OI311C7900,634.0,0.0,0.0,0.0,2,568.5,577.0,20,634.0,557.0,0.0,0.0,0.0,0.0,60
2023-05-10 21:51:12,OI311C7900,OI311C7900,634.0,0.0,0.0,0.0,2,568.5,575.0,12,634.0,557.0,0.0,0.0,0.0,0.0,60
2023-05-10 21:51:14,OI311C7900,OI311C7900,634.0,0.0,0.0,0.0,8,568.5,575.5,6,634.0,557.0,0.0,0.0,0.0,0.0,60
2023-05-10 21:51:14,OI311C7900,OI311C7900,634.0,0.0,0.0,0.0,8,568.5,577.0,32,634.0,557.0,0.0,0.0,0.0,0.0,60
2023-05-10 21:51:15,OI311C7900,OI311C7900,634.0,0.0,0.0,0.0,8,568.5,577.0,20,634.0,557.0,0.0,0.0,0.0,0.0,60
2023-05-10 21:51:17,OI311C7900,OI311C7900,634.0,0.0,0.0,0.0,2,568.5,577.0,20,634.0,557.0,0.0,0.0,0.0,0.0,60
2023-05-10 21:51:19,OI311C7900,OI311C7900,634.0,0.0,0.0,0.0,8,568.5,577.0,20,634.0,557.0,0.0,0.0,0.0,0.0,60
2023-05-10 21:51:24,OI311C7900,OI311C7900,634.0,0.0,0.0,0.0,14,568.5,577.0,20,634.0,557.0,0.0,0.0,0.0,0.0,60
2023-05-10 21:51:25,OI311C7900,OI311C7900,634.0,0.0,0.0,0.0,6,569.0,577.0,14,634.0,557.0,0.0,0.0,0.0,0.0,60
2023-05-10 21:51:25,OI311C7900,OI311C7900,634.0,0.0,0.0,0.0,18,569.0,577.0,14,634.0,557.0,0.0,0.0,0.0,0.0,60
2023-05-10 21:51:27,OI311C7900,OI311C7900,634.0,0.0,0.0,0.0,24,569.0,577.0,14,634.0,557.0,0.0,0.0,0.0,0.0,60
2023-05-10 21:51:28,OI311C7900,OI311C7900,634.0,0.0,0.0,0.0,30,569.0,577.0,8,634.0,557.0,0.0,0.0,0.0,0.0,60
2023-05-10 21:51:29,OI311C7900,OI311C7900,634.0,0.0,0.0,0.0,30,569.0,577.0,2,634.0,557.0,0.0,0.0,0.0,0.0,60
2023-05-10 21:51:31,OI311C7900,OI311C7900,634.0,0.0,0.0,0.0,30,569.0,578.5,12,634.0,557.0,0.0,0.0,0.0,0.0,60
2023-05-10 21:51:32,OI311C7900,OI311C7900,634.0,0.0,0.0,0.0,30,569.0,579.0,18,634.0,557.0,0.0,0.0,0.0,0.0,60
2023-05-10 21:51:32,OI311C7900,OI311C7900,634.0,0.0,0.0,0.0,30,569.0,579.0,12,634.0,557.0,0.0,0.0,0.0,0.0,60
2023-05-10 21:51:33,OI311C7900,OI311C7900,634.0,0.0,0.0,0.0,6,571.0,579.0,12,634.0,557.0,0.0,0.0,0.0,0.0,60
2023-05-10 21:51:34,OI311C7900,OI311C7900,634.0,0.0,0.0,0.0,12,571.0,579.0,12,634.0,557.0,0.0,0.0,0.0,0.0,60
2023-05-10 21:51:34,OI311C7900,OI311C7900,634.0,0.0,0.0,0.0,6,571.0,579.0,12,634.0,557.0,0.0,0.0,0.0,0.0,60
2023-05-10 21:51:35,OI311C7900,OI311C7900,634.0,0.0,0.0,0.0,8,571.0,579.0,12,634.0,557.0,0.0,0.0,0.0,0.0,60
2023-05-10 21:51:35,OI311C7900,OI311C7900,634.0,0.0,0.0,0.0,14,571.0,579.0,12,634.0,557.0,0.0,0.0,0.0,0.0,60
2023-05-10 21:51:36,OI311C7900,OI311C7900,634.0,0.0,0.0,0.0,20,571.0,579.0,12,634.0,557.0,0.0,0.0,0.0,0.0,60
2023-05-10 21:51:37,OI311C7900,OI311C7900,634.0,0.0,0.0,0.0,26,571.0,579.0,12,634.0,557.0,0.0,0.0,0.0,0.0,60
2023-05-10 21:51:39,OI311C7900,OI311C7900,634.0,0.0,0.0,0.0,6,572.5,580.5,18,634.0,557.0,0.0,0.0,0.0,0.0,60
2023-05-10 21:51:40,OI311C7900,OI311C7900,634.0,0.0,0.0,0.0,12,572.5,580.5,12,634.0,557.0,0.0,0.0,0.0,0.0,60
2023-05-10 21:51:41,OI311C7900,OI311C7900,634.0,0.0,0.0,0.0,18,572.5,580.5,12,634.0,557.0,0.0,0.0,0.0,0.0,60
2023-05-10 21:51:45,OI311C7900,OI311C7900,634.0,0.0,0.0,0.0,2,573.5,580.5,12,634.0,557.0,0.0,0.0,0.0,0.0,60
2023-05-10 21:51:45,OI311C7900,OI311C7900,634.0,0.0,0.0,0.0,8,573.5,580.5,6,634.0,557.0,0.0,0.0,0.0,0.0,60
2023-05-10 21:51:46,OI311C7900,OI311C7900,634.0,0.0,0.0,0.0,12,574.5,580.5,6,634.0,557.0,0.0,0.0,0.0,0.0,60
2023-05-10 21:51:48,OI311C7900,OI311C7900,634.0,0.0,0.0,0.0,12,574.5,582.0,18,634.0,557.0,0.0,0.0,0.0,0.0,60
2023-05-10 21:51:48,OI311C7900,OI311C7900,634.0,0.0,0.0,0.0,12,574.5,582.0,12,634.0,557.0,0.0,0.0,0.0,0.0,60
2023-05-10 21:51:50,OI311C7900,OI311C7900,634.0,0.0,0.0,0.0,12,574.5,582.0,6,634.0,557.0,0.0,0.0,0.0,0.0,60
2023-05-10 21:51:51,OI311C7900,OI311C7900,634.0,0.0,0.0,0.0,12,574.5,582.5,12,634.0,557.0,0.0,0.0,0.0,0.0,60
2023-05-10 21:51:51,OI311C7900,OI311C7900,634.0,0.0,0.0,0.0,18,574.5,582.5,12,634.0,557.0,0.0,0.0,0.0,0.0,60
2023-05-10 21:51:53,OI311C7900,OI311C7900,634.0,0.0,0.0,0.0,24,574.5,582.5,12,634.0,557.0,0.0,0.0,0.0,0.0,60
2023-05-10 21:51:58,OI311C7900,OI311C7900,634.0,0.0,0.0,0.0,18,574.5,582.5,12,634.0,557.0,0.0,0.0,0.0,0.0,60
2023-05-10 21:51:59,OI311C7900,OI311C7900,634.0,0.0,0.0,0.0,12,574.5,582.5,12,634.0,557.0,0.0,0.0,0.0,0.0,60
2023-05-10 21:52:03,OI311C7900,OI311C7900,634.0,0.0,0.0,0.0,6,574.5,582.5,12,634.0,557.0,0.0,0.0,0.0,0.0,60
2023-05-10 21:52:08,OI311C7900,OI311C7900,634.0,0.0,0.0,0.0,12,574.5,582.5,12,634.0,557.0,0.0,0.0,0.0,0.0,60
2023-05-10 21:52:09,OI311C7900,OI311C7900,634.0,0.0,0.0,0.0,24,574.5,582.5,6,634.0,557.0,0.0,0.0,0.0,0.0,60
2023-05-10 21:52:10,OI311C7900,OI311C7900,634.0,0.0,0.0,0.0,24,574.5,583.0,6,634.0,557.0,0.0,0.0,0.0,0.0,60
2023-05-10 21:52:10,OI311C7900,OI311C7900,634.0,0.0,0.0,0.0,24,574.5,584.0,18,634.0,557.0,0.0,0.0,0.0,0.0,60
2023-05-10 21:52:20,OI311C7900,OI311C7900,634.0,0.0,0.0,0.0,30,574.5,584.0,12,634.0,557.0,0.0,0.0,0.0,0.0,60
2023-05-10 21:52:28,OI311C7900,OI311C7900,634.0,0.0,0.0,0.0,30,574.5,582.5,6,634.0,557.0,0.0,0.0,0.0,0.0,60
2023-05-10 21:52:29,OI311C7900,OI311C7900,634.0,0.0,0.0,0.0,24,574.5,582.5,12,634.0,557.0,0.0,0.0,0.0,0.0,60
2023-05-10 21:52:31,OI311C7900,OI311C7900,634.0,0.0,0.0,0.0,24,574.5,584.0,12,634.0,557.0,0.0,0.0,0.0,0.0,60
2023-05-10 21:52:39,OI311C7900,OI311C7900,634.0,0.0,0.0,0.0,18,574.5,584.0,12,634.0,557.0,0.0,0.0,0.0,0.0,60
2023-05-10 21:52:53,OI311C7900,OI311C7900,634.0,0.0,0.0,0.0,12,574.5,582.5,12,634.0,557.0,0.0,0.0,0.0,0.0,60
2023-05-10 21:52:53,OI311C7900,OI311C7900,634.0,0.0,0.0,0.0,12,574.0,582.5,12,634.0,557.0,0.0,0.0,0.0,0.0,60
2023-05-10 21:52:54,OI311C7900,OI311C7900,634.0,0.0,0.0,0.0,26,573.5,582.5,12,634.0,557.0,0.0,0.0,0.0,0.0,60
2023-05-10 21:52:54,OI311C7900,OI311C7900,634.0,0.0,0.0,0.0,20,573.5,582.5,12,634.0,557.0,0.0,0.0,0.0,0.0,60
2023-05-10 21:53:03,OI311C7900,OI311C7900,634.0,0.0,0.0,0.0,20,573.5,582.5,14,634.0,557.0,0.0,0.0,0.0,0.0,60
2023-05-10 21:53:03,OI311C7900,OI311C7900,634.0,0.0,0.0,0.0,14,573.5,582.5,26,634.0,557.0,0.0,0.0,0.0,0.0,60
2023-05-10 21:53:03,OI311C7900,OI311C7900,634.0,0.0,0.0,0.0,8,573.5,582.5,26,634.0,557.0,0.0,0.0,0.0,0.0,60
2023-05-10 21:53:08,OI311C7900,OI311C7900,634.0,0.0,0.0,0.0,14,573.5,582.5,26,634.0,557.0,0.0,0.0,0.0,0.0,60
2023-05-10 21:53:09,OI311C7900,OI311C7900,634.0,0.0,0.0,0.0,20,573.5,582.5,20,634.0,557.0,0.0,0.0,0.0,0.0,60
2023-05-10 21:53:23,OI311C7900,OI311C7900,634.0,0.0,0.0,0.0,20,573.5,582.5,14,634.0,557.0,0.0,0.0,0.0,0.0,60
2023-05-10 21:53:29,OI311C7900,OI311C7900,634.0,0.0,0.0,0.0,20,573.5,582.5,8,634.0,557.0,0.0,0.0,0.0,0.0,60
2023-05-10 21:53:31,OI311C7900,OI311C7900,634.0,0.0,0.0,0.0,6,574.5,582.5,8,634.0,557.0,0.0,0.0,0.0,0.0,60
2023-05-10 21:53:32,OI311C7900,OI311C7900,634.0,0.0,0.0,0.0,12,574.5,582.5,8,634.0,557.0,0.0,0.0,0.0,0.0,60
2023-05-10 21:53:32,OI311C7900,OI311C7900,634.0,0.0,0.0,0.0,12,574.5,582.5,2,634.0,557.0,0.0,0.0,0.0,0.0,60
2023-05-10 21:53:33,OI311C7900,OI311C7900,634.0,0.0,0.0,0.0,18,574.5,582.5,2,634.0,557.0,0.0,0.0,0.0,0.0,60
2023-05-10 21:53:38,OI311C7900,OI311C7900,634.0,0.0,0.0,0.0,18,574.5,582.5,8,634.0,557.0,0.0,0.0,0.0,0.0,60
2023-05-10 21:53:39,OI311C7900,OI311C7900,634.0,0.0,0.0,0.0,18,574.5,582.5,6,634.0,557.0,0.0,0.0,0.0,0.0,60
2023-05-10 21:53:39,OI311C7900,OI311C7900,634.0,0.0,0.0,0.0,8,576.5,584.0,12,634.0,557.0,0.0,0.0,0.0,0.0,60
2023-05-10 21:53:40,OI311C7900,OI311C7900,634.0,0.0,0.0,0.0,20,576.5,584.0,12,634.0,557.0,0.0,0.0,0.0,0.0,60
2023-05-10 21:53:40,OI311C7900,OI311C7900,634.0,0.0,0.0,0.0,14,576.5,584.0,12,634.0,557.0,0.0,0.0,0.0,0.0,60
2023-05-10 21:53:50,OI311C7900,OI311C7900,634.0,0.0,0.0,0.0,8,576.5,584.0,12,634.0,557.0,0.0,0.0,0.0,0.0,60
2023-05-10 21:53:51,OI311C7900,OI311C7900,634.0,0.0,0.0,0.0,2,576.5,584.0,12,634.0,557.0,0.0,0.0,0.0,0.0,60
2023-05-10 21:53:55,OI311C7900,OI311C7900,634.0,0.0,0.0,0.0,2,576.5,582.0,6,634.0,557.0,0.0,0.0,0.0,0.0,60
2023-05-10 21:53:56,OI311C7900,OI311C7900,634.0,0.0,0.0,0.0,2,576.5,582.0,18,634.0,557.0,0.0,0.0,0.0,0.0,60
2023-05-10 21:53:59,OI311C7900,OI311C7900,634.0,0.0,0.0,0.0,2,576.5,582.0,12,634.0,557.0,0.0,0.0,0.0,0.0,60
2023-05-10 21:54:01,OI311C7900,OI311C7900,634.0,0.0,0.0,0.0,2,576.5,582.0,6,634.0,557.0,0.0,0.0,0.0,0.0,60
2023-05-10 21:54:01,OI311C7900,OI311C7900,634.0,0.0,0.0,0.0,2,576.5,583.5,12,634.0,557.0,0.0,0.0,0.0,0.0,60
2023-05-10 21:54:07,OI311C7900,OI311C7900,634.0,0.0,0.0,0.0,8,576.5,583.5,6,634.0,557.0,0.0,0.0,0.0,0.0,60
2023-05-10 21:54:08,OI311C7900,OI311C7900,634.0,0.0,0.0,0.0,8,576.5,585.0,14,634.0,557.0,0.0,0.0,0.0,0.0,60
2023-05-10 21:54:27,OI311C7900,OI311C7900,634.0,0.0,0.0,0.0,20,576.5,585.0,8,634.0,557.0,0.0,0.0,0.0,0.0,60
2023-05-10 21:54:32,OI311C7900,OI311C7900,634.0,0.0,0.0,0.0,14,576.5,585.0,8,634.0,557.0,0.0,0.0,0.0,0.0,60
2023-05-10 21:54:32,OI311C7900,OI311C7900,634.0,0.0,0.0,0.0,14,576.5,583.5,6,634.0,557.0,0.0,0.0,0.0,0.0,60
2023-05-10 21:54:33,OI311C7900,OI311C7900,634.0,0.0,0.0,0.0,8,576.5,583.5,12,634.0,557.0,0.0,0.0,0.0,0.0,60
2023-05-10 21:54:33,OI311C7900,OI311C7900,634.0,0.0,0.0,0.0,2,576.5,583.5,12,634.0,557.0,0.0,0.0,0.0,0.0,60
2023-05-10 21:54:39,OI311C7900,OI311C7900,634.0,0.0,0.0,0.0,2,576.5,583.5,18,634.0,557.0,0.0,0.0,0.0,0.0,60
2023-05-10 21:54:55,OI311C7900,OI311C7900,634.0,0.0,0.0,0.0,8,576.5,583.5,12,634.0,557.0,0.0,0.0,0.0,0.0,60
2023-05-10 21:54:57,OI311C7900,OI311C7900,634.0,0.0,0.0,0.0,8,576.5,585.0,8,634.0,557.0,0.0,0.0,0.0,0.0,60
2023-05-10 21:55:02,OI311C7900,OI311C7900,634.0,0.0,0.0,0.0,2,576.5,585.0,8,634.0,557.0,0.0,0.0,0.0,0.0,60
2023-05-10 21:55:22,OI311C7900,OI311C7900,634.0,0.0,0.0,0.0,8,576.5,585.0,8,634.0,557.0,0.0,0.0,0.0,0.0,60
2023-05-10 21:55:22,OI311C7900,OI311C7900,634.0,0.0,0.0,0.0,12,577.0,585.0,8,634.0,557.0,0.0,0.0,0.0,0.0,60
2023-05-10 21:55:34,OI311C7900,OI311C7900,634.0,0.0,0.0,0.0,24,577.0,585.0,2,634.0,557.0,0.0,0.0,0.0,0.0,60
2023-05-10 21:55:35,OI311C7900,OI311C7900,634.0,0.0,0.0,0.0,30,577.0,586.5,6,634.0,557.0,0.0,0.0,0.0,0.0,60
2023-05-10 21:55:35,OI311C7900,OI311C7900,634.0,0.0,0.0,0.0,30,577.0,587.0,12,634.0,557.0,0.0,0.0,0.0,0.0,60
2023-05-10 21:55:36,OI311C7900,OI311C7900,634.0,0.0,0.0,0.0,6,578.5,587.5,12,634.0,557.0,0.0,0.0,0.0,0.0,60
2023-05-10 21:55:36,OI311C7900,OI311C7900,634.0,0.0,0.0,0.0,12,578.5,588.0,12,634.0,557.0,0.0,0.0,0.0,0.0,60
2023-05-10 21:55:40,OI311C7900,OI311C7900,634.0,0.0,0.0,0.0,6,578.5,588.0,12,634.0,557.0,0.0,0.0,0.0,0.0,60
2023-05-10 21:55:49,OI311C7900,OI311C7900,634.0,0.0,0.0,0.0,24,577.0,587.5,12,634.0,557.0,0.0,0.0,0.0,0.0,60
2023-05-10 21:55:50,OI311C7900,OI311C7900,634.0,0.0,0.0,0.0,24,577.0,587.5,18,634.0,557.0,0.0,0.0,0.0,0.0,60
2023-05-10 21:55:54,OI311C7900,OI311C7900,634.0,0.0,0.0,0.0,12,577.0,587.5,24,634.0,557.0,0.0,0.0,0.0,0.0,60
2023-05-10 21:56:02,OI311C7900,OI311C7900,634.0,0.0,0.0,0.0,24,577.0,587.5,12,634.0,557.0,0.0,0.0,0.0,0.0,60
2023-05-10 21:56:05,OI311C7900,OI311C7900,634.0,0.0,0.0,0.0,20,579.0,588.0,18,634.0,557.0,0.0,0.0,0.0,0.0,60
2023-05-10 21:56:05,OI311C7900,OI311C7900,634.0,0.0,0.0,0.0,20,579.0,588.0,12,634.0,557.0,0.0,0.0,0.0,0.0,60
2023-05-10 21:56:31,OI311C7900,OI311C7900,634.0,0.0,0.0,0.0,26,579.0,588.0,6,634.0,557.0,0.0,0.0,0.0,0.0,60
2023-05-10 21:56:31,OI311C7900,OI311C7900,634.0,0.0,0.0,0.0,26,579.0,589.0,8,634.0,557.0,0.0,0.0,0.0,0.0,60
2023-05-10 21:56:32,OI311C7900,OI311C7900,634.0,0.0,0.0,0.0,32,579.0,589.0,8,634.0,557.0,0.0,0.0,0.0,0.0,60
2023-05-10 21:56:34,OI311C7900,OI311C7900,634.0,0.0,0.0,0.0,6,581.0,589.0,8,634.0,557.0,0.0,0.0,0.0,0.0,60
2023-05-10 21:56:34,OI311C7900,OI311C7900,634.0,0.0,0.0,0.0,12,581.0,589.0,8,634.0,557.0,0.0,0.0,0.0,0.0,60
2023-05-10 21:56:36,OI311C7900,OI311C7900,634.0,0.0,0.0,0.0,6,581.0,589.0,8,634.0,557.0,0.0,0.0,0.0,0.0,60
2023-05-10 21:56:49,OI311C7900,OI311C7900,634.0,0.0,0.0,0.0,6,579.5,589.0,8,634.0,557.0,0.0,0.0,0.0,0.0,60
2023-05-10 21:56:49,OI311C7900,OI311C7900,634.0,0.0,0.0,0.0,20,579.0,589.0,8,634.0,557.0,0.0,0.0,0.0,0.0,60
2023-05-10 21:57:11,OI311C7900,OI311C7900,634.0,0.0,0.0,0.0,6,581.0,589.0,8,634.0,557.0,0.0,0.0,0.0,0.0,60
2023-05-10 21:57:11,OI311C7900,OI311C7900,634.0,0.0,0.0,0.0,24,581.0,589.0,8,634.0,557.0,0.0,0.0,0.0,0.0,60
2023-05-10 21:57:12,OI311C7900,OI311C7900,634.0,0.0,0.0,0.0,8,581.5,589.0,2,634.0,557.0,0.0,0.0,0.0,0.0,60
2023-05-10 21:57:12,OI311C7900,OI311C7900,634.0,0.0,0.0,0.0,8,581.5,590.0,6,634.0,557.0,0.0,0.0,0.0,0.0,60
2023-05-10 21:57:15,OI311C7900,OI311C7900,634.0,0.0,0.0,0.0,6,583.0,590.0,6,634.0,557.0,0.0,0.0,0.0,0.0,60
2023-05-10 21:57:15,OI311C7900,OI311C7900,634.0,0.0,0.0,0.0,12,583.0,590.0,6,634.0,557.0,0.0,0.0,0.0,0.0,60
2023-05-10 21:57:19,OI311C7900,OI311C7900,634.0,0.0,0.0,0.0,12,583.0,590.0,12,634.0,557.0,0.0,0.0,0.0,0.0,60
2023-05-10 21:57:20,OI311C7900,OI311C7900,634.0,0.0,0.0,0.0,6,583.0,590.0,12,634.0,557.0,0.0,0.0,0.0,0.0,60
2023-05-10 21:57:25,OI311C7900,OI311C7900,634.0,0.0,0.0,0.0,12,583.0,591.5,12,634.0,557.0,0.0,0.0,0.0,0.0,60
2023-05-10 21:57:25,OI311C7900,OI311C7900,634.0,0.0,0.0,0.0,18,583.0,592.0,18,634.0,557.0,0.0,0.0,0.0,0.0,60
2023-05-10 21:57:25,OI311C7900,OI311C7900,634.0,0.0,0.0,0.0,2,584.5,592.0,12,634.0,557.0,0.0,0.0,0.0,0.0,60
2023-05-10 21:57:30,OI311C7900,OI311C7900,634.0,0.0,0.0,0.0,6,585.0,592.0,12,634.0,557.0,0.0,0.0,0.0,0.0,60
2023-05-10 21:57:32,OI311C7900,OI311C7900,634.0,0.0,0.0,0.0,12,585.0,592.0,12,634.0,557.0,0.0,0.0,0.0,0.0,60
2023-05-10 21:57:33,OI311C7900,OI311C7900,634.0,0.0,0.0,0.0,18,585.0,593.5,24,634.0,557.0,0.0,0.0,0.0,0.0,60
