time,symbol_id,symbol_name,last,trade_volume,trade_amount,open_interest_change,bv1,bp1,ap1,av1,yesterday_close,today_open,today_high,today_low,volume,amount,open_interest
2023-05-10 19:12:58,OI401C8100,OI401C8100,567.0,0.0,0.0,0.0,0,0.0,0.0,0,567.0,0.0,0.0,0.0,0.0,0.0,3
2023-05-10 20:59:00,OI401C8100,OI401C8100,567.0,0.0,0.0,0.0,1,1.5,0.0,0,567.0,0.0,0.0,0.0,0.0,0.0,3
2023-05-10 21:00:03,OI401C8100,OI401C8100,567.0,0.0,0.0,0.0,1,369.5,697.0,1,567.0,0.0,0.0,0.0,0.0,0.0,3
2023-05-10 21:01:09,OI401C8100,OI401C8100,567.0,0.0,0.0,0.0,1,510.0,697.0,1,567.0,0.0,0.0,0.0,0.0,0.0,3
2023-05-10 21:01:11,OI401C8100,OI401C8100,567.0,0.0,0.0,0.0,1,510.0,537.5,1,567.0,0.0,0.0,0.0,0.0,0.0,3
2023-05-10 21:03:04,OI401C8100,OI401C8100,567.0,0.0,0.0,0.0,1,510.0,530.0,1,567.0,0.0,0.0,0.0,0.0,0.0,3
2023-05-10 21:04:02,OI401C8100,OI401C8100,567.0,0.0,0.0,0.0,1,503.0,530.0,1,567.0,0.0,0.0,0.0,0.0,0.0,3
2023-05-10 21:05:05,OI401C8100,OI401C8100,567.0,0.0,0.0,0.0,1,508.5,530.0,1,567.0,0.0,0.0,0.0,0.0,0.0,3
2023-05-10 21:06:22,OI401C8100,OI401C8100,567.0,0.0,0.0,0.0,1,513.5,530.0,1,567.0,0.0,0.0,0.0,0.0,0.0,3
2023-05-10 21:06:52,OI401C8100,OI401C8100,567.0,0.0,0.0,0.0,1,513.5,537.5,1,567.0,0.0,0.0,0.0,0.0,0.0,3
2023-05-10 21:07:41,OI401C8100,OI401C8100,567.0,0.0,0.0,0.0,1,519.0,537.5,1,567.0,0.0,0.0,0.0,0.0,0.0,3
2023-05-10 21:10:15,OI401C8100,OI401C8100,567.0,0.0,0.0,0.0,1,523.5,537.5,1,567.0,0.0,0.0,0.0,0.0,0.0,3
2023-05-10 21:12:51,OI401C8100,OI401C8100,567.0,0.0,0.0,0.0,1,519.0,537.5,1,567.0,0.0,0.0,0.0,0.0,0.0,3
2023-05-10 21:13:09,OI401C8100,OI401C8100,567.0,0.0,0.0,0.0,1,523.5,537.5,1,567.0,0.0,0.0,0.0,0.0,0.0,3
2023-05-10 21:14:12,OI401C8100,OI401C8100,567.0,0.0,0.0,0.0,1,523.5,545.0,1,567.0,0.0,0.0,0.0,0.0,0.0,3
2023-05-10 21:15:35,OI401C8100,OI401C8100,567.0,0.0,0.0,0.0,1,523.5,539.5,1,567.0,0.0,0.0,0.0,0.0,0.0,3
2023-05-10 21:16:40,OI401C8100,OI401C8100,567.0,0.0,0.0,0.0,1,519.0,539.5,1,567.0,0.0,0.0,0.0,0.0,0.0,3
2023-05-10 21:17:17,OI401C8100,OI401C8100,567.0,0.0,0.0,0.0,1,519.0,534.0,1,567.0,0.0,0.0,0.0,0.0,0.0,3
2023-05-10 21:19:19,OI401C8100,OI401C8100,567.0,0.0,0.0,0.0,1,523.0,534.0,1,567.0,0.0,0.0,0.0,0.0,0.0,3
2023-05-10 21:20:05,OI401C8100,OI401C8100,567.0,0.0,0.0,0.0,1,523.0,539.5,1,567.0,0.0,0.0,0.0,0.0,0.0,3
2023-05-10 21:21:46,OI401C8100,OI401C8100,567.0,0.0,0.0,0.0,1,519.0,539.5,1,567.0,0.0,0.0,0.0,0.0,0.0,3
2023-05-10 21:21:56,OI401C8100,OI401C8100,567.0,0.0,0.0,0.0,1,519.0,534.0,1,567.0,0.0,0.0,0.0,0.0,0.0,3
2023-05-10 21:22:12,OI401C8100,OI401C8100,567.0,0.0,0.0,0.0,1,514.0,534.0,1,567.0,0.0,0.0,0.0,0.0,0.0,3
2023-05-10 21:22:31,OI401C8100,OI401C8100,567.0,0.0,0.0,0.0,1,514.0,528.5,1,567.0,0.0,0.0,0.0,0.0,0.0,3
2023-05-10 21:24:02,OI401C8100,OI401C8100,567.0,0.0,0.0,0.0,1,518.5,534.0,1,567.0,0.0,0.0,0.0,0.0,0.0,3
2023-05-10 21:25:05,OI401C8100,OI401C8100,567.0,0.0,0.0,0.0,1,522.5,534.0,1,567.0,0.0,0.0,0.0,0.0,0.0,3
2023-05-10 21:25:06,OI401C8100,OI401C8100,567.0,0.0,0.0,0.0,1,522.5,541.0,1,567.0,0.0,0.0,0.0,0.0,0.0,3
2023-05-10 21:30:27,OI401C8100,OI401C8100,567.0,0.0,0.0,0.0,1,522.5,535.5,1,567.0,0.0,0.0,0.0,0.0,0.0,3
2023-05-10 21:31:06,OI401C8100,OI401C8100,567.0,0.0,0.0,0.0,1,522.5,541.0,1,567.0,0.0,0.0,0.0,0.0,0.0,3
2023-05-10 21:31:09,OI401C8100,OI401C8100,567.0,0.0,0.0,0.0,1,526.5,541.0,1,567.0,0.0,0.0,0.0,0.0,0.0,3
2023-05-10 21:31:13,OI401C8100,OI401C8100,567.0,0.0,0.0,0.0,1,526.5,697.0,1,567.0,0.0,0.0,0.0,0.0,0.0,3
2023-05-10 21:31:14,OI401C8100,OI401C8100,567.0,0.0,0.0,0.0,1,530.5,547.0,1,567.0,0.0,0.0,0.0,0.0,0.0,3
2023-05-10 21:31:47,OI401C8100,OI401C8100,567.0,0.0,0.0,0.0,1,526.5,547.0,1,567.0,0.0,0.0,0.0,0.0,0.0,3
2023-05-10 21:31:52,OI401C8100,OI401C8100,567.0,0.0,0.0,0.0,1,526.5,541.5,1,567.0,0.0,0.0,0.0,0.0,0.0,3
2023-05-10 21:34:07,OI401C8100,OI401C8100,567.0,0.0,0.0,0.0,1,530.0,547.0,1,567.0,0.0,0.0,0.0,0.0,0.0,3
2023-05-10 21:36:45,OI401C8100,OI401C8100,567.0,0.0,0.0,0.0,1,534.0,547.0,1,567.0,0.0,0.0,0.0,0.0,0.0,3
2023-05-10 21:38:16,OI401C8100,OI401C8100,567.0,0.0,0.0,0.0,1,530.0,547.0,1,567.0,0.0,0.0,0.0,0.0,0.0,3
2023-05-10 21:39:58,OI401C8100,OI401C8100,567.0,0.0,0.0,0.0,1,524.5,547.0,1,567.0,0.0,0.0,0.0,0.0,0.0,3
2023-05-10 21:40:02,OI401C8100,OI401C8100,567.0,0.0,0.0,0.0,1,524.5,541.5,1,567.0,0.0,0.0,0.0,0.0,0.0,3
2023-05-10 21:42:27,OI401C8100,OI401C8100,567.0,0.0,0.0,0.0,1,369.5,541.5,1,567.0,0.0,0.0,0.0,0.0,0.0,3
2023-05-10 21:42:27,OI401C8100,OI401C8100,567.0,0.0,0.0,0.0,1,519.5,541.5,1,567.0,0.0,0.0,0.0,0.0,0.0,3
2023-05-10 21:42:34,OI401C8100,OI401C8100,567.0,0.0,0.0,0.0,1,519.5,536.0,1,567.0,0.0,0.0,0.0,0.0,0.0,3
2023-05-10 21:43:42,OI401C8100,OI401C8100,567.0,0.0,0.0,0.0,1,514.5,536.0,1,567.0,0.0,0.0,0.0,0.0,0.0,3
2023-05-10 21:44:04,OI401C8100,OI401C8100,567.0,0.0,0.0,0.0,1,518.5,536.0,1,567.0,0.0,0.0,0.0,0.0,0.0,3
2023-05-10 21:44:25,OI401C8100,OI401C8100,567.0,0.0,0.0,0.0,1,522.5,536.0,1,567.0,0.0,0.0,0.0,0.0,0.0,3
2023-05-10 21:45:14,OI401C8100,OI401C8100,567.0,0.0,0.0,0.0,1,522.5,541.5,1,567.0,0.0,0.0,0.0,0.0,0.0,3
2023-05-10 21:45:15,OI401C8100,OI401C8100,567.0,0.0,0.0,0.0,1,527.0,541.5,1,567.0,0.0,0.0,0.0,0.0,0.0,3
2023-05-10 21:46:19,OI401C8100,OI401C8100,567.0,0.0,0.0,0.0,1,522.5,541.5,1,567.0,0.0,0.0,0.0,0.0,0.0,3
2023-05-10 21:48:21,OI401C8100,OI401C8100,567.0,0.0,0.0,0.0,1,522.5,536.0,1,567.0,0.0,0.0,0.0,0.0,0.0,3
2023-05-10 21:48:42,OI401C8100,OI401C8100,567.0,0.0,0.0,0.0,1,517.0,536.0,1,567.0,0.0,0.0,0.0,0.0,0.0,3
2023-05-10 21:49:38,OI401C8100,OI401C8100,567.0,0.0,0.0,0.0,1,521.0,536.0,1,567.0,0.0,0.0,0.0,0.0,0.0,3
2023-05-10 21:51:45,OI401C8100,OI401C8100,567.0,0.0,0.0,0.0,1,525.5,536.0,1,567.0,0.0,0.0,0.0,0.0,0.0,3
2023-05-10 21:51:45,OI401C8100,OI401C8100,567.0,0.0,0.0,0.0,1,525.5,541.5,1,567.0,0.0,0.0,0.0,0.0,0.0,3
2023-05-10 21:56:03,OI401C8100,OI401C8100,567.0,0.0,0.0,0.0,1,529.5,541.5,1,567.0,0.0,0.0,0.0,0.0,0.0,3
2023-05-10 21:56:09,OI401C8100,OI401C8100,567.0,0.0,0.0,0.0,1,529.5,548.5,1,567.0,0.0,0.0,0.0,0.0,0.0,3
2023-05-10 21:57:25,OI401C8100,OI401C8100,567.0,0.0,0.0,0.0,1,533.5,548.5,1,567.0,0.0,0.0,0.0,0.0,0.0,3
2023-05-10 22:00:28,OI401C8100,OI401C8100,567.0,0.0,0.0,0.0,1,537.5,548.5,1,567.0,0.0,0.0,0.0,0.0,0.0,3
2023-05-10 22:00:28,OI401C8100,OI401C8100,567.0,0.0,0.0,0.0,1,537.5,697.0,1,567.0,0.0,0.0,0.0,0.0,0.0,3
2023-05-10 22:00:29,OI401C8100,OI401C8100,567.0,0.0,0.0,0.0,1,537.5,554.0,1,567.0,0.0,0.0,0.0,0.0,0.0,3
2023-05-10 22:01:36,OI401C8100,OI401C8100,567.0,0.0,0.0,0.0,1,542.5,560.0,1,567.0,0.0,0.0,0.0,0.0,0.0,3
2023-05-10 22:02:01,OI401C8100,OI401C8100,567.0,0.0,0.0,0.0,1,537.5,554.5,1,567.0,0.0,0.0,0.0,0.0,0.0,3
2023-05-10 22:03:04,OI401C8100,OI401C8100,567.0,0.0,0.0,0.0,1,445.0,554.5,1,567.0,0.0,0.0,0.0,0.0,0.0,3
2023-05-10 22:03:04,OI401C8100,OI401C8100,567.0,0.0,0.0,0.0,1,532.5,554.5,1,567.0,0.0,0.0,0.0,0.0,0.0,3
2023-05-10 22:03:06,OI401C8100,OI401C8100,567.0,0.0,0.0,0.0,1,532.5,549.0,1,567.0,0.0,0.0,0.0,0.0,0.0,3
2023-05-10 22:06:20,OI401C8100,OI401C8100,567.0,0.0,0.0,0.0,1,537.0,549.0,1,567.0,0.0,0.0,0.0,0.0,0.0,3
2023-05-10 22:07:48,OI401C8100,OI401C8100,567.0,0.0,0.0,0.0,1,537.0,554.5,1,567.0,0.0,0.0,0.0,0.0,0.0,3
2023-05-10 22:08:01,OI401C8100,OI401C8100,567.0,0.0,0.0,0.0,1,541.0,554.5,1,567.0,0.0,0.0,0.0,0.0,0.0,3
2023-05-10 22:09:51,OI401C8100,OI401C8100,567.0,0.0,0.0,0.0,1,537.0,554.5,1,567.0,0.0,0.0,0.0,0.0,0.0,3
2023-05-10 22:14:51,OI401C8100,OI401C8100,567.0,0.0,0.0,0.0,1,541.0,554.5,1,567.0,0.0,0.0,0.0,0.0,0.0,3
2023-05-10 22:15:14,OI401C8100,OI401C8100,567.0,0.0,0.0,0.0,1,541.0,561.5,1,567.0,0.0,0.0,0.0,0.0,0.0,3
2023-05-10 22:15:44,OI401C8100,OI401C8100,567.0,0.0,0.0,0.0,1,541.0,556.0,1,567.0,0.0,0.0,0.0,0.0,0.0,3
2023-05-10 22:16:00,OI401C8100,OI401C8100,567.0,0.0,0.0,0.0,1,537.0,556.0,1,567.0,0.0,0.0,0.0,0.0,0.0,3
2023-05-10 22:17:33,OI401C8100,OI401C8100,567.0,0.0,0.0,0.0,1,537.0,550.5,1,567.0,0.0,0.0,0.0,0.0,0.0,3
2023-05-10 22:18:00,OI401C8100,OI401C8100,567.0,0.0,0.0,0.0,1,531.5,550.5,1,567.0,0.0,0.0,0.0,0.0,0.0,3
2023-05-10 22:18:37,OI401C8100,OI401C8100,567.0,0.0,0.0,0.0,1,531.5,545.0,1,567.0,0.0,0.0,0.0,0.0,0.0,3
2023-05-10 22:19:01,OI401C8100,OI401C8100,567.0,0.0,0.0,0.0,1,490.0,545.0,1,567.0,0.0,0.0,0.0,0.0,0.0,3
2023-05-10 22:19:02,OI401C8100,OI401C8100,567.0,0.0,0.0,0.0,1,526.0,545.0,1,567.0,0.0,0.0,0.0,0.0,0.0,3
2023-05-10 22:20:43,OI401C8100,OI401C8100,567.0,0.0,0.0,0.0,1,530.0,545.0,1,567.0,0.0,0.0,0.0,0.0,0.0,3
2023-05-10 22:22:00,OI401C8100,OI401C8100,567.0,0.0,0.0,0.0,1,534.5,545.0,1,567.0,0.0,0.0,0.0,0.0,0.0,3
2023-05-10 22:22:39,OI401C8100,OI401C8100,567.0,0.0,0.0,0.0,1,534.5,550.5,1,567.0,0.0,0.0,0.0,0.0,0.0,3
2023-05-10 22:26:58,OI401C8100,OI401C8100,567.0,0.0,0.0,0.0,1,530.0,550.5,1,567.0,0.0,0.0,0.0,0.0,0.0,3
2023-05-10 22:27:26,OI401C8100,OI401C8100,567.0,0.0,0.0,0.0,1,534.0,550.5,1,567.0,0.0,0.0,0.0,0.0,0.0,3
2023-05-10 22:30:48,OI401C8100,OI401C8100,567.0,0.0,0.0,0.0,1,538.0,550.5,1,567.0,0.0,0.0,0.0,0.0,0.0,3
2023-05-10 22:31:17,OI401C8100,OI401C8100,567.0,0.0,0.0,0.0,1,538.0,557.5,1,567.0,0.0,0.0,0.0,0.0,0.0,3
2023-05-10 22:32:12,OI401C8100,OI401C8100,567.0,0.0,0.0,0.0,1,538.0,552.0,1,567.0,0.0,0.0,0.0,0.0,0.0,3
2023-05-10 22:33:04,OI401C8100,OI401C8100,567.0,0.0,0.0,0.0,1,534.0,552.0,1,567.0,0.0,0.0,0.0,0.0,0.0,3
2023-05-10 22:33:54,OI401C8100,OI401C8100,567.0,0.0,0.0,0.0,1,534.0,546.5,1,567.0,0.0,0.0,0.0,0.0,0.0,3
2023-05-10 22:34:01,OI401C8100,OI401C8100,567.0,0.0,0.0,0.0,1,528.5,546.5,1,567.0,0.0,0.0,0.0,0.0,0.0,3
2023-05-10 22:34:28,OI401C8100,OI401C8100,567.0,0.0,0.0,0.0,1,528.5,541.0,1,567.0,0.0,0.0,0.0,0.0,0.0,3
2023-05-10 22:34:43,OI401C8100,OI401C8100,567.0,0.0,0.0,0.0,1,528.5,546.5,1,567.0,0.0,0.0,0.0,0.0,0.0,3
2023-05-10 22:35:01,OI401C8100,OI401C8100,567.0,0.0,0.0,0.0,1,532.5,546.5,1,567.0,0.0,0.0,0.0,0.0,0.0,3
2023-05-10 22:35:18,OI401C8100,OI401C8100,567.0,0.0,0.0,0.0,1,532.5,553.5,1,567.0,0.0,0.0,0.0,0.0,0.0,3
2023-05-10 22:35:51,OI401C8100,OI401C8100,567.0,0.0,0.0,0.0,1,536.5,553.5,1,567.0,0.0,0.0,0.0,0.0,0.0,3
2023-05-10 22:37:03,OI401C8100,OI401C8100,567.0,0.0,0.0,0.0,1,532.5,553.5,1,567.0,0.0,0.0,0.0,0.0,0.0,3
2023-05-10 22:37:15,OI401C8100,OI401C8100,567.0,0.0,0.0,0.0,1,532.5,548.0,1,567.0,0.0,0.0,0.0,0.0,0.0,3
2023-05-10 22:39:07,OI401C8100,OI401C8100,567.0,0.0,0.0,0.0,1,536.5,548.0,1,567.0,0.0,0.0,0.0,0.0,0.0,3
2023-05-10 22:39:15,OI401C8100,OI401C8100,567.0,0.0,0.0,0.0,1,536.5,553.5,1,567.0,0.0,0.0,0.0,0.0,0.0,3
2023-05-10 22:40:00,OI401C8100,OI401C8100,567.0,0.0,0.0,0.0,1,540.5,553.5,1,567.0,0.0,0.0,0.0,0.0,0.0,3
2023-05-10 22:40:24,OI401C8100,OI401C8100,567.0,0.0,0.0,0.0,1,540.5,697.0,1,567.0,0.0,0.0,0.0,0.0,0.0,3
2023-05-10 22:40:25,OI401C8100,OI401C8100,567.0,0.0,0.0,0.0,1,540.5,560.5,1,567.0,0.0,0.0,0.0,0.0,0.0,3
2023-05-10 22:41:00,OI401C8100,OI401C8100,567.0,0.0,0.0,0.0,1,540.5,555.0,1,567.0,0.0,0.0,0.0,0.0,0.0,3
2023-05-10 22:42:00,OI401C8100,OI401C8100,567.0,0.0,0.0,0.0,1,536.5,555.0,1,567.0,0.0,0.0,0.0,0.0,0.0,3
2023-05-10 22:45:21,OI401C8100,OI401C8100,567.0,0.0,0.0,0.0,1,536.5,549.5,1,567.0,0.0,0.0,0.0,0.0,0.0,3
2023-05-10 22:50:48,OI401C8100,OI401C8100,567.0,0.0,0.0,0.0,1,536.5,555.0,1,567.0,0.0,0.0,0.0,0.0,0.0,3
2023-05-10 22:51:49,OI401C8100,OI401C8100,567.0,0.0,0.0,0.0,1,540.5,555.0,1,567.0,0.0,0.0,0.0,0.0,0.0,3
2023-05-10 22:56:05,OI401C8100,OI401C8100,567.0,0.0,0.0,0.0,1,490.0,697.0,1,567.0,0.0,0.0,0.0,0.0,0.0,3
2023-05-10 22:56:39,OI401C8100,OI401C8100,567.0,0.0,0.0,0.0,2,170.5,0.0,0,567.0,0.0,0.0,0.0,0.0,0.0,3
2023-05-10 22:56:40,OI401C8100,OI401C8100,567.0,0.0,0.0,0.0,2,177.0,0.0,0,567.0,0.0,0.0,0.0,0.0,0.0,3
2023-05-10 22:57:10,OI401C8100,OI401C8100,567.0,0.0,0.0,0.0,2,170.5,0.0,0,567.0,0.0,0.0,0.0,0.0,0.0,3
2023-05-10 22:59:08,OI401C8100,OI401C8100,567.0,0.0,0.0,0.0,1,170.5,0.0,0,567.0,0.0,0.0,0.0,0.0,0.0,3
2023-05-10 22:59:51,OI401C8100,OI401C8100,567.0,0.0,0.0,0.0,1,3.5,0.0,0,567.0,0.0,0.0,0.0,0.0,0.0,3
2023-05-11 09:00:03,OI401C8100,OI401C8100,567.0,0.0,0.0,0.0,1,377.0,0.0,0,567.0,0.0,0.0,0.0,0.0,0.0,3
2023-05-11 09:00:04,OI401C8100,OI401C8100,567.0,0.0,0.0,0.0,1,377.0,706.0,1,567.0,0.0,0.0,0.0,0.0,0.0,3
2023-05-11 09:01:11,OI401C8100,OI401C8100,567.0,0.0,0.0,0.0,1,425.0,706.0,1,567.0,0.0,0.0,0.0,0.0,0.0,3
2023-05-11 09:01:15,OI401C8100,OI401C8100,567.0,0.0,0.0,0.0,2,431.5,706.0,1,567.0,0.0,0.0,0.0,0.0,0.0,3
2023-05-11 09:01:22,OI401C8100,OI401C8100,567.0,0.0,0.0,0.0,1,529.5,706.0,1,567.0,0.0,0.0,0.0,0.0,0.0,3
2023-05-11 09:01:26,OI401C8100,OI401C8100,567.0,0.0,0.0,0.0,1,529.5,557.0,1,567.0,0.0,0.0,0.0,0.0,0.0,3
2023-05-11 09:02:50,OI401C8100,OI401C8100,567.0,0.0,0.0,0.0,1,529.5,549.0,1,567.0,0.0,0.0,0.0,0.0,0.0,3
2023-05-11 09:05:39,OI401C8100,OI401C8100,567.0,0.0,0.0,0.0,1,523.5,549.0,1,567.0,0.0,0.0,0.0,0.0,0.0,3
2023-05-11 09:05:52,OI401C8100,OI401C8100,567.0,0.0,0.0,0.0,1,523.5,542.5,1,567.0,0.0,0.0,0.0,0.0,0.0,3
2023-05-11 09:06:53,OI401C8100,OI401C8100,567.0,0.0,0.0,0.0,1,425.0,542.5,1,567.0,0.0,0.0,0.0,0.0,0.0,3
2023-05-11 09:06:54,OI401C8100,OI401C8100,567.0,0.0,0.0,0.0,1,516.5,542.5,1,567.0,0.0,0.0,0.0,0.0,0.0,3
2023-05-11 09:06:56,OI401C8100,OI401C8100,567.0,0.0,0.0,0.0,1,516.5,536.0,1,567.0,0.0,0.0,0.0,0.0,0.0,3
2023-05-11 09:10:35,OI401C8100,OI401C8100,567.0,0.0,0.0,0.0,1,510.5,536.0,1,567.0,0.0,0.0,0.0,0.0,0.0,3
2023-05-11 09:10:42,OI401C8100,OI401C8100,567.0,0.0,0.0,0.0,1,510.5,529.5,1,567.0,0.0,0.0,0.0,0.0,0.0,3
2023-05-11 09:11:59,OI401C8100,OI401C8100,567.0,0.0,0.0,0.0,1,504.5,529.5,1,567.0,0.0,0.0,0.0,0.0,0.0,3
2023-05-11 09:12:02,OI401C8100,OI401C8100,567.0,0.0,0.0,0.0,1,504.5,523.0,1,567.0,0.0,0.0,0.0,0.0,0.0,3
2023-05-11 09:12:29,OI401C8100,OI401C8100,567.0,0.0,0.0,0.0,1,498.5,523.0,1,567.0,0.0,0.0,0.0,0.0,0.0,3
2023-05-11 09:12:59,OI401C8100,OI401C8100,567.0,0.0,0.0,0.0,1,503.5,523.0,1,567.0,0.0,0.0,0.0,0.0,0.0,3
2023-05-11 09:15:35,OI401C8100,OI401C8100,567.0,0.0,0.0,0.0,1,508.5,523.0,1,567.0,0.0,0.0,0.0,0.0,0.0,3
2023-05-11 09:16:04,OI401C8100,OI401C8100,567.0,0.0,0.0,0.0,1,508.5,529.5,1,567.0,0.0,0.0,0.0,0.0,0.0,3
2023-05-11 09:16:06,OI401C8100,OI401C8100,567.0,0.0,0.0,0.0,1,513.5,529.5,1,567.0,0.0,0.0,0.0,0.0,0.0,3
2023-05-11 09:16:50,OI401C8100,OI401C8100,567.0,0.0,0.0,0.0,1,508.5,529.5,1,567.0,0.0,0.0,0.0,0.0,0.0,3
2023-05-11 09:17:19,OI401C8100,OI401C8100,567.0,0.0,0.0,0.0,1,508.5,523.0,1,567.0,0.0,0.0,0.0,0.0,0.0,3
2023-05-11 09:17:22,OI401C8100,OI401C8100,567.0,0.0,0.0,0.0,1,502.5,523.0,1,567.0,0.0,0.0,0.0,0.0,0.0,3
2023-05-11 09:18:04,OI401C8100,OI401C8100,567.0,0.0,0.0,0.0,1,469.0,516.5,1,567.0,0.0,0.0,0.0,0.0,0.0,3
2023-05-11 09:18:04,OI401C8100,OI401C8100,567.0,0.0,0.0,0.0,1,495.5,516.5,1,567.0,0.0,0.0,0.0,0.0,0.0,3
2023-05-11 09:18:06,OI401C8100,OI401C8100,567.0,0.0,0.0,0.0,1,495.5,510.0,1,567.0,0.0,0.0,0.0,0.0,0.0,3
2023-05-11 09:18:19,OI401C8100,OI401C8100,567.0,0.0,0.0,0.0,1,489.5,510.0,1,567.0,0.0,0.0,0.0,0.0,0.0,3
2023-05-11 09:19:20,OI401C8100,OI401C8100,567.0,0.0,0.0,0.0,1,489.5,503.5,1,567.0,0.0,0.0,0.0,0.0,0.0,3
2023-05-11 09:19:21,OI401C8100,OI401C8100,567.0,0.0,0.0,0.0,1,469.0,503.5,1,567.0,0.0,0.0,0.0,0.0,0.0,3
2023-05-11 09:19:23,OI401C8100,OI401C8100,567.0,0.0,0.0,0.0,1,484.0,503.5,1,567.0,0.0,0.0,0.0,0.0,0.0,3
2023-05-11 09:19:58,OI401C8100,OI401C8100,567.0,0.0,0.0,0.0,1,489.0,503.5,1,567.0,0.0,0.0,0.0,0.0,0.0,3
2023-05-11 09:20:03,OI401C8100,OI401C8100,567.0,0.0,0.0,0.0,1,489.0,510.0,1,567.0,0.0,0.0,0.0,0.0,0.0,3
2023-05-11 09:20:12,OI401C8100,OI401C8100,567.0,0.0,0.0,0.0,1,494.0,510.0,1,567.0,0.0,0.0,0.0,0.0,0.0,3
2023-05-11 09:21:00,OI401C8100,OI401C8100,567.0,0.0,0.0,0.0,1,494.0,706.0,1,567.0,0.0,0.0,0.0,0.0,0.0,3
2023-05-11 09:21:01,OI401C8100,OI401C8100,567.0,0.0,0.0,0.0,1,494.0,517.5,1,567.0,0.0,0.0,0.0,0.0,0.0,3
2023-05-11 09:21:05,OI401C8100,OI401C8100,567.0,0.0,0.0,0.0,1,499.0,517.5,1,567.0,0.0,0.0,0.0,0.0,0.0,3
2023-05-11 09:21:29,OI401C8100,OI401C8100,567.0,0.0,0.0,0.0,1,494.0,517.5,1,567.0,0.0,0.0,0.0,0.0,0.0,3
2023-05-11 09:22:18,OI401C8100,OI401C8100,567.0,0.0,0.0,0.0,1,499.0,517.5,1,567.0,0.0,0.0,0.0,0.0,0.0,3
2023-05-11 09:24:08,OI401C8100,OI401C8100,567.0,0.0,0.0,0.0,1,504.0,517.5,1,567.0,0.0,0.0,0.0,0.0,0.0,3
2023-05-11 09:25:10,OI401C8100,OI401C8100,567.0,0.0,0.0,0.0,1,504.0,524.5,1,567.0,0.0,0.0,0.0,0.0,0.0,3
2023-05-11 09:27:07,OI401C8100,OI401C8100,567.0,0.0,0.0,0.0,1,509.0,524.5,1,567.0,0.0,0.0,0.0,0.0,0.0,3
2023-05-11 09:27:30,OI401C8100,OI401C8100,567.0,0.0,0.0,0.0,1,504.0,524.5,1,567.0,0.0,0.0,0.0,0.0,0.0,3
2023-05-11 09:28:05,OI401C8100,OI401C8100,567.0,0.0,0.0,0.0,1,504.0,518.0,1,567.0,0.0,0.0,0.0,0.0,0.0,3
2023-05-11 09:28:11,OI401C8100,OI401C8100,567.0,0.0,0.0,0.0,1,498.0,518.0,1,567.0,0.0,0.0,0.0,0.0,0.0,3
2023-05-11 09:29:15,OI401C8100,OI401C8100,567.0,0.0,0.0,0.0,1,492.0,511.5,1,567.0,0.0,0.0,0.0,0.0,0.0,3
2023-05-11 09:31:02,OI401C8100,OI401C8100,567.0,0.0,0.0,0.0,1,469.0,511.5,1,567.0,0.0,0.0,0.0,0.0,0.0,3
2023-05-11 09:31:02,OI401C8100,OI401C8100,567.0,0.0,0.0,0.0,1,485.5,505.0,1,567.0,0.0,0.0,0.0,0.0,0.0,3
2023-05-11 09:32:23,OI401C8100,OI401C8100,567.0,0.0,0.0,0.0,1,469.0,498.5,1,567.0,0.0,0.0,0.0,0.0,0.0,3
2023-05-11 09:32:24,OI401C8100,OI401C8100,567.0,0.0,0.0,0.0,1,475.5,498.5,1,567.0,0.0,0.0,0.0,0.0,0.0,3
2023-05-11 09:32:30,OI401C8100,OI401C8100,567.0,0.0,0.0,0.0,1,480.5,498.5,1,567.0,0.0,0.0,0.0,0.0,0.0,3
2023-05-11 09:33:45,OI401C8100,OI401C8100,567.0,0.0,0.0,0.0,1,485.5,498.5,1,567.0,0.0,0.0,0.0,0.0,0.0,3
2023-05-11 09:34:07,OI401C8100,OI401C8100,567.0,0.0,0.0,0.0,1,485.5,505.0,1,567.0,0.0,0.0,0.0,0.0,0.0,3
2023-05-11 09:36:35,OI401C8100,OI401C8100,567.0,0.0,0.0,0.0,1,480.5,505.0,1,567.0,0.0,0.0,0.0,0.0,0.0,3
2023-05-11 09:36:55,OI401C8100,OI401C8100,567.0,0.0,0.0,0.0,1,480.5,498.5,1,567.0,0.0,0.0,0.0,0.0,0.0,3
2023-05-11 09:37:07,OI401C8100,OI401C8100,567.0,0.0,0.0,0.0,1,485.5,498.5,1,567.0,0.0,0.0,0.0,0.0,0.0,3
2023-05-11 09:37:10,OI401C8100,OI401C8100,567.0,0.0,0.0,0.0,1,485.5,505.0,1,567.0,0.0,0.0,0.0,0.0,0.0,3
2023-05-11 09:39:05,OI401C8100,OI401C8100,567.0,0.0,0.0,0.0,1,491.5,505.0,1,567.0,0.0,0.0,0.0,0.0,0.0,3
2023-05-11 09:39:40,OI401C8100,OI401C8100,567.0,0.0,0.0,0.0,1,485.5,505.0,1,567.0,0.0,0.0,0.0,0.0,0.0,3
2023-05-11 09:41:02,OI401C8100,OI401C8100,567.0,0.0,0.0,0.0,1,469.0,505.0,1,567.0,0.0,0.0,0.0,0.0,0.0,3
2023-05-11 09:41:03,OI401C8100,OI401C8100,567.0,0.0,0.0,0.0,1,479.5,505.0,1,567.0,0.0,0.0,0.0,0.0,0.0,3
2023-05-11 09:41:09,OI401C8100,OI401C8100,567.0,0.0,0.0,0.0,1,479.5,498.5,1,567.0,0.0,0.0,0.0,0.0,0.0,3
2023-05-11 09:41:24,OI401C8100,OI401C8100,567.0,0.0,0.0,0.0,1,484.5,498.5,1,567.0,0.0,0.0,0.0,0.0,0.0,3
2023-05-11 09:41:35,OI401C8100,OI401C8100,567.0,0.0,0.0,0.0,1,484.5,505.0,1,567.0,0.0,0.0,0.0,0.0,0.0,3
2023-05-11 09:43:16,OI401C8100,OI401C8100,567.0,0.0,0.0,0.0,1,484.5,498.5,1,567.0,0.0,0.0,0.0,0.0,0.0,3
2023-05-11 09:43:16,OI401C8100,OI401C8100,567.0,0.0,0.0,0.0,1,479.5,498.5,1,567.0,0.0,0.0,0.0,0.0,0.0,3
2023-05-11 09:44:49,OI401C8100,OI401C8100,567.0,0.0,0.0,0.0,1,484.5,498.5,1,567.0,0.0,0.0,0.0,0.0,0.0,3
2023-05-11 09:45:12,OI401C8100,OI401C8100,567.0,0.0,0.0,0.0,1,484.5,505.0,1,567.0,0.0,0.0,0.0,0.0,0.0,3
2023-05-11 09:48:09,OI401C8100,OI401C8100,567.0,0.0,0.0,0.0,1,484.5,498.5,1,567.0,0.0,0.0,0.0,0.0,0.0,3
2023-05-11 09:48:09,OI401C8100,OI401C8100,567.0,0.0,0.0,0.0,1,479.5,498.5,1,567.0,0.0,0.0,0.0,0.0,0.0,3
2023-05-11 09:51:04,OI401C8100,OI401C8100,567.0,0.0,0.0,0.0,1,469.0,498.5,1,567.0,0.0,0.0,0.0,0.0,0.0,3
2023-05-11 09:51:05,OI401C8100,OI401C8100,567.0,0.0,0.0,0.0,1,473.0,498.5,1,567.0,0.0,0.0,0.0,0.0,0.0,3
2023-05-11 09:51:06,OI401C8100,OI401C8100,567.0,0.0,0.0,0.0,1,473.0,492.0,1,567.0,0.0,0.0,0.0,0.0,0.0,3
2023-05-11 09:52:09,OI401C8100,OI401C8100,567.0,0.0,0.0,0.0,1,477.5,492.0,1,567.0,0.0,0.0,0.0,0.0,0.0,3
2023-05-11 09:53:05,OI401C8100,OI401C8100,567.0,0.0,0.0,0.0,1,473.0,492.0,1,567.0,0.0,0.0,0.0,0.0,0.0,3
2023-05-11 09:55:28,OI401C8100,OI401C8100,567.0,0.0,0.0,0.0,1,467.0,492.0,1,567.0,0.0,0.0,0.0,0.0,0.0,3
2023-05-11 09:55:28,OI401C8100,OI401C8100,567.0,0.0,0.0,0.0,1,467.0,485.5,1,567.0,0.0,0.0,0.0,0.0,0.0,3
2023-05-11 09:56:24,OI401C8100,OI401C8100,567.0,0.0,0.0,0.0,1,472.0,485.5,1,567.0,0.0,0.0,0.0,0.0,0.0,3
2023-05-11 09:57:53,OI401C8100,OI401C8100,567.0,0.0,0.0,0.0,1,467.0,485.5,1,567.0,0.0,0.0,0.0,0.0,0.0,3
2023-05-11 09:59:42,OI401C8100,OI401C8100,567.0,0.0,0.0,0.0,1,460.5,485.5,1,567.0,0.0,0.0,0.0,0.0,0.0,3
2023-05-11 10:00:12,OI401C8100,OI401C8100,567.0,0.0,0.0,0.0,1,465.0,485.5,1,567.0,0.0,0.0,0.0,0.0,0.0,3
2023-05-11 10:00:55,OI401C8100,OI401C8100,567.0,0.0,0.0,0.0,1,465.0,479.0,1,567.0,0.0,0.0,0.0,0.0,0.0,3
2023-05-11 10:00:55,OI401C8100,OI401C8100,567.0,0.0,0.0,0.0,1,460.5,479.0,1,567.0,0.0,0.0,0.0,0.0,0.0,3
2023-05-11 10:01:17,OI401C8100,OI401C8100,567.0,0.0,0.0,0.0,1,465.5,479.0,1,567.0,0.0,0.0,0.0,0.0,0.0,3
2023-05-11 10:01:46,OI401C8100,OI401C8100,567.0,0.0,0.0,0.0,1,460.5,479.0,1,567.0,0.0,0.0,0.0,0.0,0.0,3
2023-05-11 10:06:06,OI401C8100,OI401C8100,567.0,0.0,0.0,0.0,1,465.0,479.0,1,567.0,0.0,0.0,0.0,0.0,0.0,3
2023-05-11 10:07:38,OI401C8100,OI401C8100,567.0,0.0,0.0,0.0,1,460.5,479.0,1,567.0,0.0,0.0,0.0,0.0,0.0,3
2023-05-11 10:08:10,OI401C8100,OI401C8100,567.0,0.0,0.0,0.0,1,454.5,479.0,1,567.0,0.0,0.0,0.0,0.0,0.0,3
2023-05-11 10:08:12,OI401C8100,OI401C8100,567.0,0.0,0.0,0.0,1,454.5,472.5,1,567.0,0.0,0.0,0.0,0.0,0.0,3
2023-05-11 10:08:31,OI401C8100,OI401C8100,567.0,0.0,0.0,0.0,1,448.5,472.5,1,567.0,0.0,0.0,0.0,0.0,0.0,3
2023-05-11 10:09:08,OI401C8100,OI401C8100,567.0,0.0,0.0,0.0,1,453.0,472.5,1,567.0,0.0,0.0,0.0,0.0,0.0,3
2023-05-11 10:12:34,OI401C8100,OI401C8100,567.0,0.0,0.0,0.0,1,457.5,472.5,1,567.0,0.0,0.0,0.0,0.0,0.0,3
2023-05-11 10:14:51,OI401C8100,OI401C8100,567.0,0.0,0.0,0.0,1,457.5,479.0,1,567.0,0.0,0.0,0.0,0.0,0.0,3
2023-05-11 10:30:11,OI401C8100,OI401C8100,567.0,0.0,0.0,0.0,1,462.5,479.0,1,567.0,0.0,0.0,0.0,0.0,0.0,3
2023-05-11 10:30:36,OI401C8100,OI401C8100,567.0,0.0,0.0,0.0,1,457.5,479.0,1,567.0,0.0,0.0,0.0,0.0,0.0,3
2023-05-11 10:30:57,OI401C8100,OI401C8100,567.0,0.0,0.0,0.0,1,462.5,479.0,1,567.0,0.0,0.0,0.0,0.0,0.0,3
2023-05-11 10:31:07,OI401C8100,OI401C8100,567.0,0.0,0.0,0.0,1,457.5,479.0,1,567.0,0.0,0.0,0.0,0.0,0.0,3
2023-05-11 10:32:04,OI401C8100,OI401C8100,567.0,0.0,0.0,0.0,1,457.5,472.5,1,567.0,0.0,0.0,0.0,0.0,0.0,3
2023-05-11 10:39:51,OI401C8100,OI401C8100,567.0,0.0,0.0,0.0,1,457.5,479.0,1,567.0,0.0,0.0,0.0,0.0,0.0,3
2023-05-11 10:40:32,OI401C8100,OI401C8100,567.0,0.0,0.0,0.0,1,457.5,472.5,1,567.0,0.0,0.0,0.0,0.0,0.0,3
2023-05-11 10:41:04,OI401C8100,OI401C8100,567.0,0.0,0.0,0.0,1,451.5,472.5,1,567.0,0.0,0.0,0.0,0.0,0.0,3
2023-05-11 10:43:25,OI401C8100,OI401C8100,567.0,0.0,0.0,0.0,1,451.5,465.5,1,567.0,0.0,0.0,0.0,0.0,0.0,3
2023-05-11 10:45:54,OI401C8100,OI401C8100,567.0,0.0,0.0,0.0,1,446.0,465.5,1,567.0,0.0,0.0,0.0,0.0,0.0,3
2023-05-11 10:53:03,OI401C8100,OI401C8100,567.0,0.0,0.0,0.0,1,319.5,459.0,1,567.0,0.0,0.0,0.0,0.0,0.0,3
2023-05-11 10:53:04,OI401C8100,OI401C8100,567.0,0.0,0.0,0.0,2,326.0,459.0,1,567.0,0.0,0.0,0.0,0.0,0.0,3
2023-05-11 10:53:04,OI401C8100,OI401C8100,567.0,0.0,0.0,0.0,1,440.5,459.0,1,567.0,0.0,0.0,0.0,0.0,0.0,3
2023-05-11 10:57:14,OI401C8100,OI401C8100,567.0,0.0,0.0,0.0,1,445.5,459.0,1,567.0,0.0,0.0,0.0,0.0,0.0,3
2023-05-11 10:57:40,OI401C8100,OI401C8100,567.0,0.0,0.0,0.0,1,445.5,465.5,1,567.0,0.0,0.0,0.0,0.0,0.0,3
2023-05-11 11:03:58,OI401C8100,OI401C8100,567.0,0.0,0.0,0.0,1,450.0,465.5,1,567.0,0.0,0.0,0.0,0.0,0.0,3
2023-05-11 11:04:24,OI401C8100,OI401C8100,567.0,0.0,0.0,0.0,1,450.0,473.0,1,567.0,0.0,0.0,0.0,0.0,0.0,3
2023-05-11 11:04:44,OI401C8100,OI401C8100,567.0,0.0,0.0,0.0,1,455.0,473.0,1,567.0,0.0,0.0,0.0,0.0,0.0,3
2023-05-11 11:05:08,OI401C8100,OI401C8100,567.0,0.0,0.0,0.0,1,460.0,473.0,1,567.0,0.0,0.0,0.0,0.0,0.0,3
2023-05-11 11:05:11,OI401C8100,OI401C8100,567.0,0.0,0.0,0.0,1,460.0,706.0,1,567.0,0.0,0.0,0.0,0.0,0.0,3
2023-05-11 11:05:12,OI401C8100,OI401C8100,567.0,0.0,0.0,0.0,1,460.0,481.0,1,567.0,0.0,0.0,0.0,0.0,0.0,3
2023-05-11 11:07:26,OI401C8100,OI401C8100,567.0,0.0,0.0,0.0,1,460.0,474.5,1,567.0,0.0,0.0,0.0,0.0,0.0,3
2023-05-11 11:07:29,OI401C8100,OI401C8100,567.0,0.0,0.0,0.0,1,455.0,474.5,1,567.0,0.0,0.0,0.0,0.0,0.0,3
2023-05-11 11:08:29,OI401C8100,OI401C8100,567.0,0.0,0.0,0.0,1,394.0,474.5,1,567.0,0.0,0.0,0.0,0.0,0.0,3
2023-05-11 11:08:30,OI401C8100,OI401C8100,567.0,0.0,0.0,0.0,2,400.5,474.5,1,567.0,0.0,0.0,0.0,0.0,0.0,3
2023-05-11 11:08:30,OI401C8100,OI401C8100,567.0,0.0,0.0,0.0,1,450.0,474.5,1,567.0,0.0,0.0,0.0,0.0,0.0,3
2023-05-11 11:08:40,OI401C8100,OI401C8100,567.0,0.0,0.0,0.0,1,450.0,468.5,1,567.0,0.0,0.0,0.0,0.0,0.0,3
2023-05-11 11:11:04,OI401C8100,OI401C8100,567.0,0.0,0.0,0.0,1,454.5,468.5,1,567.0,0.0,0.0,0.0,0.0,0.0,3
2023-05-11 11:12:01,OI401C8100,OI401C8100,567.0,0.0,0.0,0.0,1,454.5,474.5,1,567.0,0.0,0.0,0.0,0.0,0.0,3
2023-05-11 11:16:42,OI401C8100,OI401C8100,567.0,0.0,0.0,0.0,1,450.0,468.0,1,567.0,0.0,0.0,0.0,0.0,0.0,3
2023-05-11 11:18:44,OI401C8100,OI401C8100,567.0,0.0,0.0,0.0,1,454.5,468.0,1,567.0,0.0,0.0,0.0,0.0,0.0,3
2023-05-11 11:19:31,OI401C8100,OI401C8100,567.0,0.0,0.0,0.0,1,454.5,474.5,1,567.0,0.0,0.0,0.0,0.0,0.0,3
2023-05-11 11:24:27,OI401C8100,OI401C8100,567.0,0.0,0.0,0.0,1,459.0,474.5,1,567.0,0.0,0.0,0.0,0.0,0.0,3
2023-05-11 11:29:35,OI401C8100,OI401C8100,567.0,0.0,0.0,0.0,1,303.5,630.5,1,567.0,0.0,0.0,0.0,0.0,0.0,3
2023-05-11 13:31:32,OI401C8100,OI401C8100,567.0,0.0,0.0,0.0,1,378.0,630.5,1,567.0,0.0,0.0,0.0,0.0,0.0,3
2023-05-11 13:43:45,OI401C8100,OI401C8100,567.0,0.0,0.0,0.0,2,378.5,630.5,1,567.0,0.0,0.0,0.0,0.0,0.0,3
2023-05-11 13:43:45,OI401C8100,OI401C8100,567.0,0.0,0.0,0.0,1,427.5,630.5,1,567.0,0.0,0.0,0.0,0.0,0.0,3
2023-05-11 13:44:11,OI401C8100,OI401C8100,567.0,0.0,0.0,0.0,1,467.5,484.0,1,567.0,0.0,0.0,0.0,0.0,0.0,3
2023-05-11 13:46:00,OI401C8100,OI401C8100,567.0,0.0,0.0,0.0,1,471.5,484.0,1,567.0,0.0,0.0,0.0,0.0,0.0,3
2023-05-11 13:46:32,OI401C8100,OI401C8100,567.0,0.0,0.0,0.0,1,467.5,484.0,1,567.0,0.0,0.0,0.0,0.0,0.0,3
2023-05-11 13:48:09,OI401C8100,OI401C8100,567.0,0.0,0.0,0.0,1,472.0,484.0,1,567.0,0.0,0.0,0.0,0.0,0.0,3
2023-05-11 13:50:06,OI401C8100,OI401C8100,567.0,0.0,0.0,0.0,1,467.5,484.0,1,567.0,0.0,0.0,0.0,0.0,0.0,3
2023-05-11 13:57:19,OI401C8100,OI401C8100,567.0,0.0,0.0,0.0,1,462.5,479.0,1,567.0,0.0,0.0,0.0,0.0,0.0,3
2023-05-11 13:59:02,OI401C8100,OI401C8100,567.0,0.0,0.0,0.0,1,466.5,479.0,1,567.0,0.0,0.0,0.0,0.0,0.0,3
2023-05-11 14:02:03,OI401C8100,OI401C8100,567.0,0.0,0.0,0.0,1,462.5,479.0,1,567.0,0.0,0.0,0.0,0.0,0.0,3
2023-05-11 14:10:02,OI401C8100,OI401C8100,567.0,0.0,0.0,0.0,1,466.5,479.0,1,567.0,0.0,0.0,0.0,0.0,0.0,3
2023-05-11 14:21:50,OI401C8100,OI401C8100,567.0,0.0,0.0,0.0,1,462.5,479.0,1,567.0,0.0,0.0,0.0,0.0,0.0,3
2023-05-11 14:30:13,OI401C8100,OI401C8100,567.0,0.0,0.0,0.0,1,462.5,474.0,1,567.0,0.0,0.0,0.0,0.0,0.0,3
2023-05-11 14:30:14,OI401C8100,OI401C8100,567.0,0.0,0.0,0.0,1,427.5,474.0,1,567.0,0.0,0.0,0.0,0.0,0.0,3
2023-05-11 14:30:14,OI401C8100,OI401C8100,567.0,0.0,0.0,0.0,1,457.5,474.0,1,567.0,0.0,0.0,0.0,0.0,0.0,3
2023-05-11 14:31:47,OI401C8100,OI401C8100,567.0,0.0,0.0,0.0,1,427.5,468.5,1,567.0,0.0,0.0,0.0,0.0,0.0,3
2023-05-11 14:31:48,OI401C8100,OI401C8100,567.0,0.0,0.0,0.0,1,452.5,468.5,1,567.0,0.0,0.0,0.0,0.0,0.0,3
2023-05-11 14:32:20,OI401C8100,OI401C8100,567.0,0.0,0.0,0.0,1,456.5,468.5,1,567.0,0.0,0.0,0.0,0.0,0.0,3
2023-05-11 14:34:32,OI401C8100,OI401C8100,567.0,0.0,0.0,0.0,1,452.5,468.5,1,567.0,0.0,0.0,0.0,0.0,0.0,3
2023-05-11 14:37:12,OI401C8100,OI401C8100,567.0,0.0,0.0,0.0,1,456.5,468.5,1,567.0,0.0,0.0,0.0,0.0,0.0,3
2023-05-11 14:39:07,OI401C8100,OI401C8100,567.0,0.0,0.0,0.0,1,452.5,468.5,1,567.0,0.0,0.0,0.0,0.0,0.0,3
2023-05-11 14:43:23,OI401C8100,OI401C8100,567.0,0.0,0.0,0.0,1,427.5,468.5,1,567.0,0.0,0.0,0.0,0.0,0.0,3
2023-05-11 14:43:23,OI401C8100,OI401C8100,567.0,0.0,0.0,0.0,1,448.5,468.5,1,567.0,0.0,0.0,0.0,0.0,0.0,3
2023-05-11 14:43:33,OI401C8100,OI401C8100,567.0,0.0,0.0,0.0,1,448.5,463.5,1,567.0,0.0,0.0,0.0,0.0,0.0,3
2023-05-11 14:44:06,OI401C8100,OI401C8100,567.0,0.0,0.0,0.0,1,452.5,463.5,1,567.0,0.0,0.0,0.0,0.0,0.0,3
2023-05-11 14:44:09,OI401C8100,OI401C8100,567.0,0.0,0.0,0.0,1,452.5,468.5,1,567.0,0.0,0.0,0.0,0.0,0.0,3
2023-05-11 14:44:50,OI401C8100,OI401C8100,567.0,0.0,0.0,0.0,1,448.5,463.5,1,567.0,0.0,0.0,0.0,0.0,0.0,3
2023-05-11 14:56:01,OI401C8100,OI401C8100,567.0,0.0,0.0,0.0,1,453.0,463.5,1,567.0,0.0,0.0,0.0,0.0,0.0,3
2023-05-11 14:56:05,OI401C8100,OI401C8100,567.0,0.0,0.0,0.0,1,453.0,468.5,1,567.0,0.0,0.0,0.0,0.0,0.0,3
2023-05-11 14:56:14,OI401C8100,OI401C8100,567.0,0.0,0.0,0.0,1,457.0,468.5,1,567.0,0.0,0.0,0.0,0.0,0.0,3
2023-05-11 14:57:14,OI401C8100,OI401C8100,567.0,0.0,0.0,0.0,1,453.0,468.5,1,567.0,0.0,0.0,0.0,0.0,0.0,3
2023-05-11 14:59:05,OI401C8100,OI401C8100,567.0,0.0,0.0,0.0,1,297.0,630.5,1,567.0,0.0,0.0,0.0,0.0,0.0,3
2023-05-11 14:59:07,OI401C8100,OI401C8100,567.0,0.0,0.0,0.0,1,371.5,630.5,1,567.0,0.0,0.0,0.0,0.0,0.0,3
2023-05-11 14:59:11,OI401C8100,OI401C8100,567.0,0.0,0.0,0.0,2,378.0,630.5,1,567.0,0.0,0.0,0.0,0.0,0.0,3
2023-05-11 14:59:11,OI401C8100,OI401C8100,567.0,0.0,0.0,0.0,1,371.5,630.5,1,567.0,0.0,0.0,0.0,0.0,0.0,3
2023-05-11 14:59:16,OI401C8100,OI401C8100,567.0,0.0,0.0,0.0,1,293.5,630.5,1,567.0,0.0,0.0,0.0,0.0,0.0,3
