time,symbol_id,symbol_name,last,trade_volume,trade_amount,open_interest_change,bv1,bp1,ap1,av1,yesterday_close,today_open,today_high,today_low,volume,amount,open_interest
2023-05-10 19:12:58,OI401C8200,OI401C8200,517.0,0.0,0.0,0.0,0,0.0,0.0,0,517.0,0.0,0.0,0.0,0.0,0.0,3
2023-05-10 20:59:00,OI401C8200,OI401C8200,517.0,0.0,0.0,0.0,1,1.5,0.0,0,517.0,0.0,0.0,0.0,0.0,0.0,3
2023-05-10 21:00:03,OI401C8200,OI401C8200,517.0,0.0,0.0,0.0,1,321.5,648.5,1,517.0,0.0,0.0,0.0,0.0,0.0,3
2023-05-10 21:01:10,OI401C8200,OI401C8200,517.0,0.0,0.0,0.0,1,321.5,493.5,1,517.0,0.0,0.0,0.0,0.0,0.0,3
2023-05-10 21:01:10,OI401C8200,OI401C8200,517.0,0.0,0.0,0.0,2,328.0,493.5,1,517.0,0.0,0.0,0.0,0.0,0.0,3
2023-05-10 21:01:12,OI401C8200,OI401C8200,517.0,0.0,0.0,0.0,1,459.0,493.5,1,517.0,0.0,0.0,0.0,0.0,0.0,3
2023-05-10 21:02:28,OI401C8200,OI401C8200,517.0,0.0,0.0,0.0,1,465.5,493.5,1,517.0,0.0,0.0,0.0,0.0,0.0,3
2023-05-10 21:03:04,OI401C8200,OI401C8200,517.0,0.0,0.0,0.0,1,465.5,485.0,1,517.0,0.0,0.0,0.0,0.0,0.0,3
2023-05-10 21:03:05,OI401C8200,OI401C8200,517.0,0.0,0.0,0.0,1,459.0,485.0,1,517.0,0.0,0.0,0.0,0.0,0.0,3
2023-05-10 21:06:22,OI401C8200,OI401C8200,517.0,0.0,0.0,0.0,1,465.5,485.0,1,517.0,0.0,0.0,0.0,0.0,0.0,3
2023-05-10 21:07:42,OI401C8200,OI401C8200,517.0,0.0,0.0,0.0,1,465.5,493.5,1,517.0,0.0,0.0,0.0,0.0,0.0,3
2023-05-10 21:08:06,OI401C8200,OI401C8200,517.0,0.0,0.0,0.0,1,471.5,493.5,1,517.0,0.0,0.0,0.0,0.0,0.0,3
2023-05-10 21:14:16,OI401C8200,OI401C8200,517.0,0.0,0.0,0.0,1,477.0,493.5,1,517.0,0.0,0.0,0.0,0.0,0.0,3
2023-05-10 21:15:50,OI401C8200,OI401C8200,517.0,0.0,0.0,0.0,1,471.5,493.5,1,517.0,0.0,0.0,0.0,0.0,0.0,3
2023-05-10 21:17:43,OI401C8200,OI401C8200,517.0,0.0,0.0,0.0,1,471.5,487.0,1,517.0,0.0,0.0,0.0,0.0,0.0,3
2023-05-10 21:20:05,OI401C8200,OI401C8200,517.0,0.0,0.0,0.0,1,471.5,493.5,1,517.0,0.0,0.0,0.0,0.0,0.0,3
2023-05-10 21:22:06,OI401C8200,OI401C8200,517.0,0.0,0.0,0.0,1,471.5,487.0,1,517.0,0.0,0.0,0.0,0.0,0.0,3
2023-05-10 21:22:06,OI401C8200,OI401C8200,517.0,0.0,0.0,0.0,1,321.5,487.0,1,517.0,0.0,0.0,0.0,0.0,0.0,3
2023-05-10 21:22:07,OI401C8200,OI401C8200,517.0,0.0,0.0,0.0,2,328.0,487.0,1,517.0,0.0,0.0,0.0,0.0,0.0,3
2023-05-10 21:22:07,OI401C8200,OI401C8200,517.0,0.0,0.0,0.0,1,465.5,487.0,1,517.0,0.0,0.0,0.0,0.0,0.0,3
2023-05-10 21:24:07,OI401C8200,OI401C8200,517.0,0.0,0.0,0.0,1,470.0,487.0,1,517.0,0.0,0.0,0.0,0.0,0.0,3
2023-05-10 21:25:17,OI401C8200,OI401C8200,517.0,0.0,0.0,0.0,1,474.5,487.0,1,517.0,0.0,0.0,0.0,0.0,0.0,3
2023-05-10 21:25:20,OI401C8200,OI401C8200,517.0,0.0,0.0,0.0,1,474.5,493.5,1,517.0,0.0,0.0,0.0,0.0,0.0,3
2023-05-10 21:31:12,OI401C8200,OI401C8200,517.0,0.0,0.0,0.0,1,480.5,493.5,1,517.0,0.0,0.0,0.0,0.0,0.0,3
2023-05-10 21:32:04,OI401C8200,OI401C8200,517.0,0.0,0.0,0.0,1,474.5,493.5,1,517.0,0.0,0.0,0.0,0.0,0.0,3
2023-05-10 21:33:29,OI401C8200,OI401C8200,517.0,0.0,0.0,0.0,1,479.5,493.5,1,517.0,0.0,0.0,0.0,0.0,0.0,3
2023-05-10 21:34:07,OI401C8200,OI401C8200,517.0,0.0,0.0,0.0,1,479.5,648.5,1,517.0,0.0,0.0,0.0,0.0,0.0,3
2023-05-10 21:34:08,OI401C8200,OI401C8200,517.0,0.0,0.0,0.0,1,479.5,501.0,1,517.0,0.0,0.0,0.0,0.0,0.0,3
2023-05-10 21:36:45,OI401C8200,OI401C8200,517.0,0.0,0.0,0.0,1,484.0,501.0,1,517.0,0.0,0.0,0.0,0.0,0.0,3
2023-05-10 21:39:24,OI401C8200,OI401C8200,517.0,0.0,0.0,0.0,1,479.5,501.0,1,517.0,0.0,0.0,0.0,0.0,0.0,3
2023-05-10 21:41:28,OI401C8200,OI401C8200,517.0,0.0,0.0,0.0,1,479.5,494.5,1,517.0,0.0,0.0,0.0,0.0,0.0,3
2023-05-10 21:41:29,OI401C8200,OI401C8200,517.0,0.0,0.0,0.0,1,473.5,494.5,1,517.0,0.0,0.0,0.0,0.0,0.0,3
2023-05-10 21:43:08,OI401C8200,OI401C8200,517.0,0.0,0.0,0.0,1,473.5,488.0,1,517.0,0.0,0.0,0.0,0.0,0.0,3
2023-05-10 21:43:31,OI401C8200,OI401C8200,517.0,0.0,0.0,0.0,1,467.5,488.0,1,517.0,0.0,0.0,0.0,0.0,0.0,3
2023-05-10 21:44:18,OI401C8200,OI401C8200,517.0,0.0,0.0,0.0,1,472.5,488.0,1,517.0,0.0,0.0,0.0,0.0,0.0,3
2023-05-10 21:45:10,OI401C8200,OI401C8200,517.0,0.0,0.0,0.0,1,472.5,494.5,1,517.0,0.0,0.0,0.0,0.0,0.0,3
2023-05-10 21:45:15,OI401C8200,OI401C8200,517.0,0.0,0.0,0.0,1,477.5,494.5,1,517.0,0.0,0.0,0.0,0.0,0.0,3
2023-05-10 21:46:20,OI401C8200,OI401C8200,517.0,0.0,0.0,0.0,1,472.5,494.5,1,517.0,0.0,0.0,0.0,0.0,0.0,3
2023-05-10 21:48:42,OI401C8200,OI401C8200,517.0,0.0,0.0,0.0,1,472.5,488.0,1,517.0,0.0,0.0,0.0,0.0,0.0,3
2023-05-10 21:48:53,OI401C8200,OI401C8200,517.0,0.0,0.0,0.0,1,466.5,488.0,1,517.0,0.0,0.0,0.0,0.0,0.0,3
2023-05-10 21:49:31,OI401C8200,OI401C8200,517.0,0.0,0.0,0.0,1,471.0,488.0,1,517.0,0.0,0.0,0.0,0.0,0.0,3
2023-05-10 21:51:45,OI401C8200,OI401C8200,517.0,0.0,0.0,0.0,1,476.0,494.5,1,517.0,0.0,0.0,0.0,0.0,0.0,3
2023-05-10 21:56:05,OI401C8200,OI401C8200,517.0,0.0,0.0,0.0,1,481.0,494.5,1,517.0,0.0,0.0,0.0,0.0,0.0,3
2023-05-10 21:56:34,OI401C8200,OI401C8200,517.0,0.0,0.0,0.0,1,481.0,502.5,1,517.0,0.0,0.0,0.0,0.0,0.0,3
2023-05-10 22:00:26,OI401C8200,OI401C8200,517.0,0.0,0.0,0.0,1,486.0,502.5,1,517.0,0.0,0.0,0.0,0.0,0.0,3
2023-05-10 22:01:33,OI401C8200,OI401C8200,517.0,0.0,0.0,0.0,1,486.0,510.5,1,517.0,0.0,0.0,0.0,0.0,0.0,3
2023-05-10 22:01:35,OI401C8200,OI401C8200,517.0,0.0,0.0,0.0,1,491.0,510.5,1,517.0,0.0,0.0,0.0,0.0,0.0,3
2023-05-10 22:02:06,OI401C8200,OI401C8200,517.0,0.0,0.0,0.0,1,486.0,510.5,1,517.0,0.0,0.0,0.0,0.0,0.0,3
2023-05-10 22:03:01,OI401C8200,OI401C8200,517.0,0.0,0.0,0.0,1,486.0,504.0,1,517.0,0.0,0.0,0.0,0.0,0.0,3
2023-05-10 22:04:02,OI401C8200,OI401C8200,517.0,0.0,0.0,0.0,1,480.0,504.0,1,517.0,0.0,0.0,0.0,0.0,0.0,3
2023-05-10 22:06:12,OI401C8200,OI401C8200,517.0,0.0,0.0,0.0,1,484.5,504.0,1,517.0,0.0,0.0,0.0,0.0,0.0,3
2023-05-10 22:08:00,OI401C8200,OI401C8200,517.0,0.0,0.0,0.0,1,489.5,504.0,1,517.0,0.0,0.0,0.0,0.0,0.0,3
2023-05-10 22:10:05,OI401C8200,OI401C8200,517.0,0.0,0.0,0.0,1,484.5,504.0,1,517.0,0.0,0.0,0.0,0.0,0.0,3
2023-05-10 22:13:39,OI401C8200,OI401C8200,517.0,0.0,0.0,0.0,1,489.5,504.0,1,517.0,0.0,0.0,0.0,0.0,0.0,3
2023-05-10 22:14:53,OI401C8200,OI401C8200,517.0,0.0,0.0,0.0,1,489.5,510.5,1,517.0,0.0,0.0,0.0,0.0,0.0,3
2023-05-10 22:16:55,OI401C8200,OI401C8200,517.0,0.0,0.0,0.0,1,489.5,504.0,1,517.0,0.0,0.0,0.0,0.0,0.0,3
2023-05-10 22:17:33,OI401C8200,OI401C8200,517.0,0.0,0.0,0.0,1,484.5,504.0,1,517.0,0.0,0.0,0.0,0.0,0.0,3
2023-05-10 22:18:37,OI401C8200,OI401C8200,517.0,0.0,0.0,0.0,1,478.5,504.0,1,517.0,0.0,0.0,0.0,0.0,0.0,3
2023-05-10 22:19:01,OI401C8200,OI401C8200,517.0,0.0,0.0,0.0,1,478.5,497.5,1,517.0,0.0,0.0,0.0,0.0,0.0,3
2023-05-10 22:20:11,OI401C8200,OI401C8200,517.0,0.0,0.0,0.0,1,397.0,497.5,1,517.0,0.0,0.0,0.0,0.0,0.0,3
2023-05-10 22:20:11,OI401C8200,OI401C8200,517.0,0.0,0.0,0.0,2,403.5,497.5,1,517.0,0.0,0.0,0.0,0.0,0.0,3
2023-05-10 22:20:12,OI401C8200,OI401C8200,517.0,0.0,0.0,0.0,1,473.5,497.5,1,517.0,0.0,0.0,0.0,0.0,0.0,3
2023-05-10 22:20:19,OI401C8200,OI401C8200,517.0,0.0,0.0,0.0,1,478.5,497.5,1,517.0,0.0,0.0,0.0,0.0,0.0,3
2023-05-10 22:21:59,OI401C8200,OI401C8200,517.0,0.0,0.0,0.0,1,483.5,497.5,1,517.0,0.0,0.0,0.0,0.0,0.0,3
2023-05-10 22:22:54,OI401C8200,OI401C8200,517.0,0.0,0.0,0.0,1,483.5,504.0,1,517.0,0.0,0.0,0.0,0.0,0.0,3
2023-05-10 22:30:49,OI401C8200,OI401C8200,517.0,0.0,0.0,0.0,1,488.0,504.0,1,517.0,0.0,0.0,0.0,0.0,0.0,3
2023-05-10 22:33:10,OI401C8200,OI401C8200,517.0,0.0,0.0,0.0,1,483.5,504.0,1,517.0,0.0,0.0,0.0,0.0,0.0,3
2023-05-10 22:34:10,OI401C8200,OI401C8200,517.0,0.0,0.0,0.0,1,477.5,497.5,1,517.0,0.0,0.0,0.0,0.0,0.0,3
2023-05-10 22:34:48,OI401C8200,OI401C8200,517.0,0.0,0.0,0.0,1,482.0,497.5,1,517.0,0.0,0.0,0.0,0.0,0.0,3
2023-05-10 22:35:15,OI401C8200,OI401C8200,517.0,0.0,0.0,0.0,1,482.0,504.0,1,517.0,0.0,0.0,0.0,0.0,0.0,3
2023-05-10 22:36:27,OI401C8200,OI401C8200,517.0,0.0,0.0,0.0,1,487.0,504.0,1,517.0,0.0,0.0,0.0,0.0,0.0,3
2023-05-10 22:37:03,OI401C8200,OI401C8200,517.0,0.0,0.0,0.0,1,482.0,504.0,1,517.0,0.0,0.0,0.0,0.0,0.0,3
2023-05-10 22:39:12,OI401C8200,OI401C8200,517.0,0.0,0.0,0.0,1,487.0,504.0,1,517.0,0.0,0.0,0.0,0.0,0.0,3
2023-05-10 22:40:24,OI401C8200,OI401C8200,517.0,0.0,0.0,0.0,1,492.0,512.0,1,517.0,0.0,0.0,0.0,0.0,0.0,3
2023-05-10 22:41:00,OI401C8200,OI401C8200,517.0,0.0,0.0,0.0,1,487.0,512.0,1,517.0,0.0,0.0,0.0,0.0,0.0,3
2023-05-10 22:41:53,OI401C8200,OI401C8200,517.0,0.0,0.0,0.0,1,487.0,505.5,1,517.0,0.0,0.0,0.0,0.0,0.0,3
2023-05-10 22:53:17,OI401C8200,OI401C8200,517.0,0.0,0.0,0.0,1,487.0,512.0,1,517.0,0.0,0.0,0.0,0.0,0.0,3
2023-05-10 22:56:05,OI401C8200,OI401C8200,517.0,0.0,0.0,0.0,1,397.0,648.5,1,517.0,0.0,0.0,0.0,0.0,0.0,3
2023-05-10 22:56:06,OI401C8200,OI401C8200,517.0,0.0,0.0,0.0,2,403.5,648.5,1,517.0,0.0,0.0,0.0,0.0,0.0,3
2023-05-10 22:56:39,OI401C8200,OI401C8200,517.0,0.0,0.0,0.0,2,403.5,0.0,0,517.0,0.0,0.0,0.0,0.0,0.0,3
2023-05-10 22:57:12,OI401C8200,OI401C8200,517.0,0.0,0.0,0.0,2,142.0,0.0,0,517.0,0.0,0.0,0.0,0.0,0.0,3
2023-05-10 22:59:08,OI401C8200,OI401C8200,517.0,0.0,0.0,0.0,1,142.0,0.0,0,517.0,0.0,0.0,0.0,0.0,0.0,3
2023-05-10 22:59:51,OI401C8200,OI401C8200,517.0,0.0,0.0,0.0,1,3.5,0.0,0,517.0,0.0,0.0,0.0,0.0,0.0,3
2023-05-11 09:00:03,OI401C8200,OI401C8200,517.0,0.0,0.0,0.0,1,328.0,656.0,1,517.0,0.0,0.0,0.0,0.0,0.0,3
2023-05-11 09:01:11,OI401C8200,OI401C8200,517.0,0.0,0.0,0.0,2,334.5,656.0,1,517.0,0.0,0.0,0.0,0.0,0.0,3
2023-05-11 09:01:11,OI401C8200,OI401C8200,517.0,0.0,0.0,0.0,1,376.0,656.0,1,517.0,0.0,0.0,0.0,0.0,0.0,3
2023-05-11 09:01:16,OI401C8200,OI401C8200,517.0,0.0,0.0,0.0,2,382.5,656.0,1,517.0,0.0,0.0,0.0,0.0,0.0,3
2023-05-11 09:01:16,OI401C8200,OI401C8200,517.0,0.0,0.0,0.0,1,424.0,656.0,1,517.0,0.0,0.0,0.0,0.0,0.0,3
2023-05-11 09:01:19,OI401C8200,OI401C8200,517.0,0.0,0.0,0.0,2,430.5,656.0,1,517.0,0.0,0.0,0.0,0.0,0.0,3
2023-05-11 09:01:22,OI401C8200,OI401C8200,517.0,0.0,0.0,0.0,1,482.5,656.0,1,517.0,0.0,0.0,0.0,0.0,0.0,3
2023-05-11 09:01:23,OI401C8200,OI401C8200,517.0,0.0,0.0,0.0,1,482.5,505.5,1,517.0,0.0,0.0,0.0,0.0,0.0,3
2023-05-11 09:02:37,OI401C8200,OI401C8200,517.0,0.0,0.0,0.0,1,482.5,499.0,1,517.0,0.0,0.0,0.0,0.0,0.0,3
2023-05-11 09:05:26,OI401C8200,OI401C8200,517.0,0.0,0.0,0.0,1,424.0,493.5,1,517.0,0.0,0.0,0.0,0.0,0.0,3
2023-05-11 09:05:27,OI401C8200,OI401C8200,517.0,0.0,0.0,0.0,1,478.0,493.5,1,517.0,0.0,0.0,0.0,0.0,0.0,3
2023-05-11 09:06:38,OI401C8200,OI401C8200,517.0,0.0,0.0,0.0,1,473.0,493.5,1,517.0,0.0,0.0,0.0,0.0,0.0,3
2023-05-11 09:06:52,OI401C8200,OI401C8200,517.0,0.0,0.0,0.0,1,473.0,488.5,1,517.0,0.0,0.0,0.0,0.0,0.0,3
2023-05-11 09:07:15,OI401C8200,OI401C8200,517.0,0.0,0.0,0.0,1,468.0,488.5,1,517.0,0.0,0.0,0.0,0.0,0.0,3
2023-05-11 09:07:41,OI401C8200,OI401C8200,517.0,0.0,0.0,0.0,1,468.0,483.0,1,517.0,0.0,0.0,0.0,0.0,0.0,3
2023-05-11 09:08:53,OI401C8200,OI401C8200,517.0,0.0,0.0,0.0,1,472.0,483.0,1,517.0,0.0,0.0,0.0,0.0,0.0,3
2023-05-11 09:09:15,OI401C8200,OI401C8200,517.0,0.0,0.0,0.0,1,472.0,488.5,1,517.0,0.0,0.0,0.0,0.0,0.0,3
2023-05-11 09:09:59,OI401C8200,OI401C8200,517.0,0.0,0.0,0.0,1,468.0,483.0,1,517.0,0.0,0.0,0.0,0.0,0.0,3
2023-05-11 09:11:07,OI401C8200,OI401C8200,517.0,0.0,0.0,0.0,1,463.0,483.0,1,517.0,0.0,0.0,0.0,0.0,0.0,3
2023-05-11 09:11:36,OI401C8200,OI401C8200,517.0,0.0,0.0,0.0,1,463.0,478.0,1,517.0,0.0,0.0,0.0,0.0,0.0,3
2023-05-11 09:12:00,OI401C8200,OI401C8200,517.0,0.0,0.0,0.0,1,424.0,478.0,1,517.0,0.0,0.0,0.0,0.0,0.0,3
2023-05-11 09:12:01,OI401C8200,OI401C8200,517.0,0.0,0.0,0.0,1,458.0,478.0,1,517.0,0.0,0.0,0.0,0.0,0.0,3
2023-05-11 09:12:02,OI401C8200,OI401C8200,517.0,0.0,0.0,0.0,1,458.0,473.0,1,517.0,0.0,0.0,0.0,0.0,0.0,3
2023-05-11 09:12:29,OI401C8200,OI401C8200,517.0,0.0,0.0,0.0,1,453.0,473.0,1,517.0,0.0,0.0,0.0,0.0,0.0,3
2023-05-11 09:12:59,OI401C8200,OI401C8200,517.0,0.0,0.0,0.0,1,456.5,473.0,1,517.0,0.0,0.0,0.0,0.0,0.0,3
2023-05-11 09:15:07,OI401C8200,OI401C8200,517.0,0.0,0.0,0.0,1,460.5,473.0,1,517.0,0.0,0.0,0.0,0.0,0.0,3
2023-05-11 09:15:38,OI401C8200,OI401C8200,517.0,0.0,0.0,0.0,1,460.5,478.0,1,517.0,0.0,0.0,0.0,0.0,0.0,3
2023-05-11 09:16:04,OI401C8200,OI401C8200,517.0,0.0,0.0,0.0,1,464.5,478.0,1,517.0,0.0,0.0,0.0,0.0,0.0,3
2023-05-11 09:16:08,OI401C8200,OI401C8200,517.0,0.0,0.0,0.0,1,464.5,656.0,1,517.0,0.0,0.0,0.0,0.0,0.0,3
2023-05-11 09:16:09,OI401C8200,OI401C8200,517.0,0.0,0.0,0.0,1,464.5,483.5,1,517.0,0.0,0.0,0.0,0.0,0.0,3
2023-05-11 09:16:49,OI401C8200,OI401C8200,517.0,0.0,0.0,0.0,1,464.5,478.0,1,517.0,0.0,0.0,0.0,0.0,0.0,3
2023-05-11 09:17:08,OI401C8200,OI401C8200,517.0,0.0,0.0,0.0,1,460.5,478.0,1,517.0,0.0,0.0,0.0,0.0,0.0,3
2023-05-11 09:17:27,OI401C8200,OI401C8200,517.0,0.0,0.0,0.0,1,460.5,473.0,1,517.0,0.0,0.0,0.0,0.0,0.0,3
2023-05-11 09:17:33,OI401C8200,OI401C8200,517.0,0.0,0.0,0.0,1,455.5,473.0,1,517.0,0.0,0.0,0.0,0.0,0.0,3
2023-05-11 09:18:04,OI401C8200,OI401C8200,517.0,0.0,0.0,0.0,1,424.0,473.0,1,517.0,0.0,0.0,0.0,0.0,0.0,3
2023-05-11 09:18:04,OI401C8200,OI401C8200,517.0,0.0,0.0,0.0,1,450.5,473.0,1,517.0,0.0,0.0,0.0,0.0,0.0,3
2023-05-11 09:18:05,OI401C8200,OI401C8200,517.0,0.0,0.0,0.0,1,450.5,464.5,1,517.0,0.0,0.0,0.0,0.0,0.0,3
2023-05-11 09:18:06,OI401C8200,OI401C8200,517.0,0.0,0.0,0.0,1,424.0,464.5,1,517.0,0.0,0.0,0.0,0.0,0.0,3
2023-05-11 09:18:06,OI401C8200,OI401C8200,517.0,0.0,0.0,0.0,1,445.5,464.5,1,517.0,0.0,0.0,0.0,0.0,0.0,3
2023-05-11 09:18:11,OI401C8200,OI401C8200,517.0,0.0,0.0,0.0,1,449.0,464.5,1,517.0,0.0,0.0,0.0,0.0,0.0,3
2023-05-11 09:18:20,OI401C8200,OI401C8200,517.0,0.0,0.0,0.0,1,445.5,464.5,1,517.0,0.0,0.0,0.0,0.0,0.0,3
2023-05-11 09:18:41,OI401C8200,OI401C8200,517.0,0.0,0.0,0.0,1,445.5,459.5,1,517.0,0.0,0.0,0.0,0.0,0.0,3
2023-05-11 09:19:20,OI401C8200,OI401C8200,517.0,0.0,0.0,0.0,1,424.0,459.5,1,517.0,0.0,0.0,0.0,0.0,0.0,3
2023-05-11 09:19:21,OI401C8200,OI401C8200,517.0,0.0,0.0,0.0,1,424.0,454.5,1,517.0,0.0,0.0,0.0,0.0,0.0,3
2023-05-11 09:19:23,OI401C8200,OI401C8200,517.0,0.0,0.0,0.0,1,439.5,454.5,1,517.0,0.0,0.0,0.0,0.0,0.0,3
2023-05-11 09:19:40,OI401C8200,OI401C8200,517.0,0.0,0.0,0.0,1,443.0,454.5,1,517.0,0.0,0.0,0.0,0.0,0.0,3
2023-05-11 09:20:03,OI401C8200,OI401C8200,517.0,0.0,0.0,0.0,1,443.0,459.5,1,517.0,0.0,0.0,0.0,0.0,0.0,3
2023-05-11 09:20:04,OI401C8200,OI401C8200,517.0,0.0,0.0,0.0,1,448.0,459.5,1,517.0,0.0,0.0,0.0,0.0,0.0,3
2023-05-11 09:20:30,OI401C8200,OI401C8200,517.0,0.0,0.0,0.0,1,448.0,466.0,1,517.0,0.0,0.0,0.0,0.0,0.0,3
2023-05-11 09:20:39,OI401C8200,OI401C8200,517.0,0.0,0.0,0.0,1,451.5,466.0,1,517.0,0.0,0.0,0.0,0.0,0.0,3
2023-05-11 09:22:21,OI401C8200,OI401C8200,517.0,0.0,0.0,0.0,1,455.0,466.0,1,517.0,0.0,0.0,0.0,0.0,0.0,3
2023-05-11 09:22:36,OI401C8200,OI401C8200,517.0,0.0,0.0,0.0,1,451.5,466.0,1,517.0,0.0,0.0,0.0,0.0,0.0,3
2023-05-11 09:23:39,OI401C8200,OI401C8200,517.0,0.0,0.0,0.0,1,455.0,466.0,1,517.0,0.0,0.0,0.0,0.0,0.0,3
2023-05-11 09:24:00,OI401C8200,OI401C8200,517.0,0.0,0.0,0.0,1,455.0,472.5,1,517.0,0.0,0.0,0.0,0.0,0.0,3
2023-05-11 09:24:12,OI401C8200,OI401C8200,517.0,0.0,0.0,0.0,1,458.5,472.5,1,517.0,0.0,0.0,0.0,0.0,0.0,3
2023-05-11 09:24:58,OI401C8200,OI401C8200,517.0,0.0,0.0,0.0,1,455.0,472.5,1,517.0,0.0,0.0,0.0,0.0,0.0,3
2023-05-11 09:25:08,OI401C8200,OI401C8200,517.0,0.0,0.0,0.0,1,458.5,472.5,1,517.0,0.0,0.0,0.0,0.0,0.0,3
2023-05-11 09:27:03,OI401C8200,OI401C8200,517.0,0.0,0.0,0.0,1,462.0,478.5,1,517.0,0.0,0.0,0.0,0.0,0.0,3
2023-05-11 09:27:30,OI401C8200,OI401C8200,517.0,0.0,0.0,0.0,1,458.5,473.5,1,517.0,0.0,0.0,0.0,0.0,0.0,3
2023-05-11 09:28:03,OI401C8200,OI401C8200,517.0,0.0,0.0,0.0,1,453.5,473.5,1,517.0,0.0,0.0,0.0,0.0,0.0,3
2023-05-11 09:28:15,OI401C8200,OI401C8200,517.0,0.0,0.0,0.0,1,453.5,468.5,1,517.0,0.0,0.0,0.0,0.0,0.0,3
2023-05-11 09:29:03,OI401C8200,OI401C8200,517.0,0.0,0.0,0.0,1,424.0,468.5,1,517.0,0.0,0.0,0.0,0.0,0.0,3
2023-05-11 09:29:04,OI401C8200,OI401C8200,517.0,0.0,0.0,0.0,1,448.5,468.5,1,517.0,0.0,0.0,0.0,0.0,0.0,3
2023-05-11 09:29:15,OI401C8200,OI401C8200,517.0,0.0,0.0,0.0,1,448.5,463.0,1,517.0,0.0,0.0,0.0,0.0,0.0,3
2023-05-11 09:30:06,OI401C8200,OI401C8200,517.0,0.0,0.0,0.0,1,424.0,463.0,1,517.0,0.0,0.0,0.0,0.0,0.0,3
2023-05-11 09:30:06,OI401C8200,OI401C8200,517.0,0.0,0.0,0.0,1,443.5,463.0,1,517.0,0.0,0.0,0.0,0.0,0.0,3
2023-05-11 09:31:02,OI401C8200,OI401C8200,517.0,0.0,0.0,0.0,1,443.5,457.0,1,517.0,0.0,0.0,0.0,0.0,0.0,3
2023-05-11 09:31:14,OI401C8200,OI401C8200,517.0,0.0,0.0,0.0,1,424.0,457.0,1,517.0,0.0,0.0,0.0,0.0,0.0,3
2023-05-11 09:31:15,OI401C8200,OI401C8200,517.0,0.0,0.0,0.0,1,440.0,457.0,1,517.0,0.0,0.0,0.0,0.0,0.0,3
2023-05-11 09:32:23,OI401C8200,OI401C8200,517.0,0.0,0.0,0.0,1,424.0,451.0,1,517.0,0.0,0.0,0.0,0.0,0.0,3
2023-05-11 09:32:24,OI401C8200,OI401C8200,517.0,0.0,0.0,0.0,1,435.5,451.0,1,517.0,0.0,0.0,0.0,0.0,0.0,3
2023-05-11 09:33:27,OI401C8200,OI401C8200,517.0,0.0,0.0,0.0,1,439.0,451.0,1,517.0,0.0,0.0,0.0,0.0,0.0,3
2023-05-11 09:33:45,OI401C8200,OI401C8200,517.0,0.0,0.0,0.0,1,439.0,457.0,1,517.0,0.0,0.0,0.0,0.0,0.0,3
2023-05-11 09:34:07,OI401C8200,OI401C8200,517.0,0.0,0.0,0.0,1,442.5,457.0,1,517.0,0.0,0.0,0.0,0.0,0.0,3
2023-05-11 09:35:17,OI401C8200,OI401C8200,517.0,0.0,0.0,0.0,1,439.0,457.0,1,517.0,0.0,0.0,0.0,0.0,0.0,3
2023-05-11 09:36:35,OI401C8200,OI401C8200,517.0,0.0,0.0,0.0,1,439.0,452.0,1,517.0,0.0,0.0,0.0,0.0,0.0,3
2023-05-11 09:37:10,OI401C8200,OI401C8200,517.0,0.0,0.0,0.0,1,439.0,457.0,1,517.0,0.0,0.0,0.0,0.0,0.0,3
2023-05-11 09:38:21,OI401C8200,OI401C8200,517.0,0.0,0.0,0.0,1,442.5,457.0,1,517.0,0.0,0.0,0.0,0.0,0.0,3
2023-05-11 09:39:05,OI401C8200,OI401C8200,517.0,0.0,0.0,0.0,1,446.5,457.0,1,517.0,0.0,0.0,0.0,0.0,0.0,3
2023-05-11 09:39:39,OI401C8200,OI401C8200,517.0,0.0,0.0,0.0,1,442.5,457.0,1,517.0,0.0,0.0,0.0,0.0,0.0,3
2023-05-11 09:40:32,OI401C8200,OI401C8200,517.0,0.0,0.0,0.0,1,437.5,457.0,1,517.0,0.0,0.0,0.0,0.0,0.0,3
2023-05-11 09:41:02,OI401C8200,OI401C8200,517.0,0.0,0.0,0.0,1,437.5,452.0,1,517.0,0.0,0.0,0.0,0.0,0.0,3
2023-05-11 09:41:10,OI401C8200,OI401C8200,517.0,0.0,0.0,0.0,1,433.0,452.0,1,517.0,0.0,0.0,0.0,0.0,0.0,3
2023-05-11 09:41:17,OI401C8200,OI401C8200,517.0,0.0,0.0,0.0,1,437.0,452.0,1,517.0,0.0,0.0,0.0,0.0,0.0,3
2023-05-11 09:41:28,OI401C8200,OI401C8200,517.0,0.0,0.0,0.0,1,440.5,452.0,1,517.0,0.0,0.0,0.0,0.0,0.0,3
2023-05-11 09:41:35,OI401C8200,OI401C8200,517.0,0.0,0.0,0.0,1,440.5,457.0,1,517.0,0.0,0.0,0.0,0.0,0.0,3
2023-05-11 09:43:02,OI401C8200,OI401C8200,517.0,0.0,0.0,0.0,1,440.5,452.0,1,517.0,0.0,0.0,0.0,0.0,0.0,3
2023-05-11 09:43:03,OI401C8200,OI401C8200,517.0,0.0,0.0,0.0,1,437.0,452.0,1,517.0,0.0,0.0,0.0,0.0,0.0,3
2023-05-11 09:45:02,OI401C8200,OI401C8200,517.0,0.0,0.0,0.0,1,441.0,452.0,1,517.0,0.0,0.0,0.0,0.0,0.0,3
2023-05-11 09:45:12,OI401C8200,OI401C8200,517.0,0.0,0.0,0.0,1,441.0,457.0,1,517.0,0.0,0.0,0.0,0.0,0.0,3
2023-05-11 09:48:02,OI401C8200,OI401C8200,517.0,0.0,0.0,0.0,1,437.0,457.0,1,517.0,0.0,0.0,0.0,0.0,0.0,3
2023-05-11 09:48:07,OI401C8200,OI401C8200,517.0,0.0,0.0,0.0,1,437.0,452.0,1,517.0,0.0,0.0,0.0,0.0,0.0,3
2023-05-11 09:48:30,OI401C8200,OI401C8200,517.0,0.0,0.0,0.0,1,424.0,452.0,1,517.0,0.0,0.0,0.0,0.0,0.0,3
2023-05-11 09:48:31,OI401C8200,OI401C8200,517.0,0.0,0.0,0.0,1,431.5,452.0,1,517.0,0.0,0.0,0.0,0.0,0.0,3
2023-05-11 09:48:37,OI401C8200,OI401C8200,517.0,0.0,0.0,0.0,1,435.5,452.0,1,517.0,0.0,0.0,0.0,0.0,0.0,3
2023-05-11 09:51:04,OI401C8200,OI401C8200,517.0,0.0,0.0,0.0,1,431.5,447.0,1,517.0,0.0,0.0,0.0,0.0,0.0,3
2023-05-11 09:54:31,OI401C8200,OI401C8200,517.0,0.0,0.0,0.0,1,273.0,447.0,1,517.0,0.0,0.0,0.0,0.0,0.0,3
2023-05-11 09:54:32,OI401C8200,OI401C8200,517.0,0.0,0.0,0.0,1,348.5,447.0,1,517.0,0.0,0.0,0.0,0.0,0.0,3
2023-05-11 09:54:33,OI401C8200,OI401C8200,517.0,0.0,0.0,0.0,1,424.5,440.5,1,517.0,0.0,0.0,0.0,0.0,0.0,3
2023-05-11 09:54:37,OI401C8200,OI401C8200,517.0,0.0,0.0,0.0,1,428.5,440.5,1,517.0,0.0,0.0,0.0,0.0,0.0,3
2023-05-11 09:55:28,OI401C8200,OI401C8200,517.0,0.0,0.0,0.0,1,424.5,440.5,1,517.0,0.0,0.0,0.0,0.0,0.0,3
2023-05-11 09:56:24,OI401C8200,OI401C8200,517.0,0.0,0.0,0.0,1,428.5,440.5,1,517.0,0.0,0.0,0.0,0.0,0.0,3
2023-05-11 09:57:50,OI401C8200,OI401C8200,517.0,0.0,0.0,0.0,1,424.5,440.5,1,517.0,0.0,0.0,0.0,0.0,0.0,3
2023-05-11 09:58:48,OI401C8200,OI401C8200,517.0,0.0,0.0,0.0,1,419.5,440.5,1,517.0,0.0,0.0,0.0,0.0,0.0,3
2023-05-11 09:58:49,OI401C8200,OI401C8200,517.0,0.0,0.0,0.0,1,419.5,435.5,1,517.0,0.0,0.0,0.0,0.0,0.0,3
2023-05-11 09:59:04,OI401C8200,OI401C8200,517.0,0.0,0.0,0.0,1,423.0,435.5,1,517.0,0.0,0.0,0.0,0.0,0.0,3
2023-05-11 09:59:42,OI401C8200,OI401C8200,517.0,0.0,0.0,0.0,1,419.5,435.5,1,517.0,0.0,0.0,0.0,0.0,0.0,3
2023-05-11 10:00:13,OI401C8200,OI401C8200,517.0,0.0,0.0,0.0,1,423.0,435.5,1,517.0,0.0,0.0,0.0,0.0,0.0,3
2023-05-11 10:00:47,OI401C8200,OI401C8200,517.0,0.0,0.0,0.0,1,419.5,435.5,1,517.0,0.0,0.0,0.0,0.0,0.0,3
2023-05-11 10:01:17,OI401C8200,OI401C8200,517.0,0.0,0.0,0.0,1,423.0,435.5,1,517.0,0.0,0.0,0.0,0.0,0.0,3
2023-05-11 10:01:41,OI401C8200,OI401C8200,517.0,0.0,0.0,0.0,1,419.5,435.5,1,517.0,0.0,0.0,0.0,0.0,0.0,3
2023-05-11 10:05:08,OI401C8200,OI401C8200,517.0,0.0,0.0,0.0,1,415.0,435.5,1,517.0,0.0,0.0,0.0,0.0,0.0,3
2023-05-11 10:05:10,OI401C8200,OI401C8200,517.0,0.0,0.0,0.0,1,415.0,430.5,1,517.0,0.0,0.0,0.0,0.0,0.0,3
2023-05-11 10:05:39,OI401C8200,OI401C8200,517.0,0.0,0.0,0.0,1,418.5,430.5,1,517.0,0.0,0.0,0.0,0.0,0.0,3
2023-05-11 10:06:00,OI401C8200,OI401C8200,517.0,0.0,0.0,0.0,1,418.5,435.5,1,517.0,0.0,0.0,0.0,0.0,0.0,3
2023-05-11 10:06:06,OI401C8200,OI401C8200,517.0,0.0,0.0,0.0,1,422.5,435.5,1,517.0,0.0,0.0,0.0,0.0,0.0,3
2023-05-11 10:07:32,OI401C8200,OI401C8200,517.0,0.0,0.0,0.0,1,418.5,435.5,1,517.0,0.0,0.0,0.0,0.0,0.0,3
2023-05-11 10:08:04,OI401C8200,OI401C8200,517.0,0.0,0.0,0.0,1,418.5,430.5,1,517.0,0.0,0.0,0.0,0.0,0.0,3
2023-05-11 10:08:05,OI401C8200,OI401C8200,517.0,0.0,0.0,0.0,1,388.0,430.5,1,517.0,0.0,0.0,0.0,0.0,0.0,3
2023-05-11 10:08:05,OI401C8200,OI401C8200,517.0,0.0,0.0,0.0,1,414.0,430.5,1,517.0,0.0,0.0,0.0,0.0,0.0,3
2023-05-11 10:08:22,OI401C8200,OI401C8200,517.0,0.0,0.0,0.0,1,388.0,430.5,1,517.0,0.0,0.0,0.0,0.0,0.0,3
2023-05-11 10:08:22,OI401C8200,OI401C8200,517.0,0.0,0.0,0.0,1,409.5,425.5,1,517.0,0.0,0.0,0.0,0.0,0.0,3
2023-05-11 10:11:05,OI401C8200,OI401C8200,517.0,0.0,0.0,0.0,1,413.0,425.5,1,517.0,0.0,0.0,0.0,0.0,0.0,3
2023-05-11 10:13:18,OI401C8200,OI401C8200,517.0,0.0,0.0,0.0,1,413.0,430.5,1,517.0,0.0,0.0,0.0,0.0,0.0,3
2023-05-11 10:13:44,OI401C8200,OI401C8200,517.0,0.0,0.0,0.0,1,417.0,430.5,1,517.0,0.0,0.0,0.0,0.0,0.0,3
2023-05-11 10:30:13,OI401C8200,OI401C8200,517.0,0.0,0.0,0.0,1,420.5,430.5,1,517.0,0.0,0.0,0.0,0.0,0.0,3
2023-05-11 10:30:21,OI401C8200,OI401C8200,517.0,0.0,0.0,0.0,1,420.5,437.0,1,517.0,0.0,0.0,0.0,0.0,0.0,3
2023-05-11 10:30:33,OI401C8200,OI401C8200,517.0,0.0,0.0,0.0,1,417.0,432.0,1,517.0,0.0,0.0,0.0,0.0,0.0,3
2023-05-11 10:31:59,OI401C8200,OI401C8200,517.0,0.0,0.0,0.0,1,412.0,432.0,1,517.0,0.0,0.0,0.0,0.0,0.0,3
2023-05-11 10:32:04,OI401C8200,OI401C8200,517.0,0.0,0.0,0.0,1,412.0,427.0,1,517.0,0.0,0.0,0.0,0.0,0.0,3
2023-05-11 10:32:14,OI401C8200,OI401C8200,517.0,0.0,0.0,0.0,1,416.0,427.0,1,517.0,0.0,0.0,0.0,0.0,0.0,3
2023-05-11 10:36:34,OI401C8200,OI401C8200,517.0,0.0,0.0,0.0,1,416.0,432.0,1,517.0,0.0,0.0,0.0,0.0,0.0,3
2023-05-11 10:40:32,OI401C8200,OI401C8200,517.0,0.0,0.0,0.0,1,412.0,432.0,1,517.0,0.0,0.0,0.0,0.0,0.0,3
2023-05-11 10:40:39,OI401C8200,OI401C8200,517.0,0.0,0.0,0.0,1,412.0,427.0,1,517.0,0.0,0.0,0.0,0.0,0.0,3
2023-05-11 10:42:05,OI401C8200,OI401C8200,517.0,0.0,0.0,0.0,1,407.5,427.0,1,517.0,0.0,0.0,0.0,0.0,0.0,3
2023-05-11 10:43:24,OI401C8200,OI401C8200,517.0,0.0,0.0,0.0,1,407.5,422.0,1,517.0,0.0,0.0,0.0,0.0,0.0,3
2023-05-11 10:47:16,OI401C8200,OI401C8200,517.0,0.0,0.0,0.0,1,402.5,422.0,1,517.0,0.0,0.0,0.0,0.0,0.0,3
2023-05-11 10:47:27,OI401C8200,OI401C8200,517.0,0.0,0.0,0.0,1,402.5,416.5,1,517.0,0.0,0.0,0.0,0.0,0.0,3
2023-05-11 10:48:17,OI401C8200,OI401C8200,517.0,0.0,0.0,0.0,1,406.0,416.5,1,517.0,0.0,0.0,0.0,0.0,0.0,3
2023-05-11 10:49:37,OI401C8200,OI401C8200,517.0,0.0,0.0,0.0,1,402.5,416.5,1,517.0,0.0,0.0,0.0,0.0,0.0,3
2023-05-11 10:58:14,OI401C8200,OI401C8200,517.0,0.0,0.0,0.0,1,406.0,416.5,1,517.0,0.0,0.0,0.0,0.0,0.0,3
2023-05-11 10:58:20,OI401C8200,OI401C8200,517.0,0.0,0.0,0.0,1,406.0,422.0,1,517.0,0.0,0.0,0.0,0.0,0.0,3
2023-05-11 11:01:30,OI401C8200,OI401C8200,517.0,0.0,0.0,0.0,1,402.5,422.0,1,517.0,0.0,0.0,0.0,0.0,0.0,3
2023-05-11 11:01:32,OI401C8200,OI401C8200,517.0,0.0,0.0,0.0,1,402.5,417.0,1,517.0,0.0,0.0,0.0,0.0,0.0,3
2023-05-11 11:02:11,OI401C8200,OI401C8200,517.0,0.0,0.0,0.0,1,406.0,417.0,1,517.0,0.0,0.0,0.0,0.0,0.0,3
2023-05-11 11:02:27,OI401C8200,OI401C8200,517.0,0.0,0.0,0.0,1,406.0,422.0,1,517.0,0.0,0.0,0.0,0.0,0.0,3
2023-05-11 11:04:12,OI401C8200,OI401C8200,517.0,0.0,0.0,0.0,1,410.0,422.0,1,517.0,0.0,0.0,0.0,0.0,0.0,3
2023-05-11 11:04:37,OI401C8200,OI401C8200,517.0,0.0,0.0,0.0,1,410.0,428.5,1,517.0,0.0,0.0,0.0,0.0,0.0,3
2023-05-11 11:04:46,OI401C8200,OI401C8200,517.0,0.0,0.0,0.0,1,413.5,428.5,1,517.0,0.0,0.0,0.0,0.0,0.0,3
2023-05-11 11:05:08,OI401C8200,OI401C8200,517.0,0.0,0.0,0.0,1,417.5,428.5,1,517.0,0.0,0.0,0.0,0.0,0.0,3
2023-05-11 11:05:11,OI401C8200,OI401C8200,517.0,0.0,0.0,0.0,1,417.5,581.5,1,517.0,0.0,0.0,0.0,0.0,0.0,3
2023-05-11 11:05:12,OI401C8200,OI401C8200,517.0,0.0,0.0,0.0,1,417.5,435.0,1,517.0,0.0,0.0,0.0,0.0,0.0,3
2023-05-11 11:07:21,OI401C8200,OI401C8200,517.0,0.0,0.0,0.0,1,417.5,430.0,1,517.0,0.0,0.0,0.0,0.0,0.0,3
2023-05-11 11:07:26,OI401C8200,OI401C8200,517.0,0.0,0.0,0.0,1,413.5,430.0,1,517.0,0.0,0.0,0.0,0.0,0.0,3
2023-05-11 11:08:27,OI401C8200,OI401C8200,517.0,0.0,0.0,0.0,1,248.0,425.0,1,517.0,0.0,0.0,0.0,0.0,0.0,3
2023-05-11 11:08:27,OI401C8200,OI401C8200,517.0,0.0,0.0,0.0,2,254.5,425.0,1,517.0,0.0,0.0,0.0,0.0,0.0,3
2023-05-11 11:08:27,OI401C8200,OI401C8200,517.0,0.0,0.0,0.0,1,409.0,425.0,1,517.0,0.0,0.0,0.0,0.0,0.0,3
2023-05-11 11:09:03,OI401C8200,OI401C8200,517.0,0.0,0.0,0.0,1,404.5,425.0,1,517.0,0.0,0.0,0.0,0.0,0.0,3
2023-05-11 11:10:33,OI401C8200,OI401C8200,517.0,0.0,0.0,0.0,1,408.5,425.0,1,517.0,0.0,0.0,0.0,0.0,0.0,3
2023-05-11 11:11:04,OI401C8200,OI401C8200,517.0,0.0,0.0,0.0,1,412.0,425.0,1,517.0,0.0,0.0,0.0,0.0,0.0,3
2023-05-11 11:15:02,OI401C8200,OI401C8200,517.0,0.0,0.0,0.0,1,415.5,430.0,1,517.0,0.0,0.0,0.0,0.0,0.0,3
2023-05-11 11:15:23,OI401C8200,OI401C8200,517.0,0.0,0.0,0.0,1,412.0,430.0,1,517.0,0.0,0.0,0.0,0.0,0.0,3
2023-05-11 11:16:19,OI401C8200,OI401C8200,517.0,0.0,0.0,0.0,1,412.0,425.0,1,517.0,0.0,0.0,0.0,0.0,0.0,3
2023-05-11 11:16:30,OI401C8200,OI401C8200,517.0,0.0,0.0,0.0,1,407.5,425.0,1,517.0,0.0,0.0,0.0,0.0,0.0,3
2023-05-11 11:17:07,OI401C8200,OI401C8200,517.0,0.0,0.0,0.0,1,411.0,425.0,1,517.0,0.0,0.0,0.0,0.0,0.0,3
2023-05-11 11:19:31,OI401C8200,OI401C8200,517.0,0.0,0.0,0.0,1,414.5,425.0,1,517.0,0.0,0.0,0.0,0.0,0.0,3
2023-05-11 11:19:33,OI401C8200,OI401C8200,517.0,0.0,0.0,0.0,1,414.5,430.0,1,517.0,0.0,0.0,0.0,0.0,0.0,3
2023-05-11 11:22:43,OI401C8200,OI401C8200,517.0,0.0,0.0,0.0,1,411.0,430.0,1,517.0,0.0,0.0,0.0,0.0,0.0,3
2023-05-11 11:23:16,OI401C8200,OI401C8200,517.0,0.0,0.0,0.0,1,411.0,424.5,1,517.0,0.0,0.0,0.0,0.0,0.0,3
2023-05-11 11:24:07,OI401C8200,OI401C8200,517.0,0.0,0.0,0.0,1,414.5,430.0,1,517.0,0.0,0.0,0.0,0.0,0.0,3
2023-05-11 11:29:36,OI401C8200,OI401C8200,517.0,0.0,0.0,0.0,1,259.0,508.0,1,517.0,0.0,0.0,0.0,0.0,0.0,3
2023-05-11 13:31:32,OI401C8200,OI401C8200,517.0,0.0,0.0,0.0,2,265.5,508.0,1,517.0,0.0,0.0,0.0,0.0,0.0,3
2023-05-11 13:31:32,OI401C8200,OI401C8200,517.0,0.0,0.0,0.0,1,333.5,508.0,1,517.0,0.0,0.0,0.0,0.0,0.0,3
2023-05-11 13:31:35,OI401C8200,OI401C8200,517.0,0.0,0.0,0.0,2,340.0,508.0,1,517.0,0.0,0.0,0.0,0.0,0.0,3
2023-05-11 13:33:10,OI401C8200,OI401C8200,517.0,0.0,0.0,0.0,1,370.0,508.0,1,517.0,0.0,0.0,0.0,0.0,0.0,3
2023-05-11 13:43:45,OI401C8200,OI401C8200,517.0,0.0,0.0,0.0,2,373.5,508.0,1,517.0,0.0,0.0,0.0,0.0,0.0,3
2023-05-11 13:44:13,OI401C8200,OI401C8200,517.0,0.0,0.0,0.0,2,373.5,440.5,1,517.0,0.0,0.0,0.0,0.0,0.0,3
2023-05-11 13:44:17,OI401C8200,OI401C8200,517.0,0.0,0.0,0.0,1,421.5,440.5,1,517.0,0.0,0.0,0.0,0.0,0.0,3
2023-05-11 13:46:00,OI401C8200,OI401C8200,517.0,0.0,0.0,0.0,1,426.0,440.5,1,517.0,0.0,0.0,0.0,0.0,0.0,3
2023-05-11 13:46:35,OI401C8200,OI401C8200,517.0,0.0,0.0,0.0,1,421.5,440.5,1,517.0,0.0,0.0,0.0,0.0,0.0,3
2023-05-11 13:48:09,OI401C8200,OI401C8200,517.0,0.0,0.0,0.0,1,426.5,440.5,1,517.0,0.0,0.0,0.0,0.0,0.0,3
2023-05-11 13:50:44,OI401C8200,OI401C8200,517.0,0.0,0.0,0.0,1,421.5,440.5,1,517.0,0.0,0.0,0.0,0.0,0.0,3
2023-05-11 14:02:07,OI401C8200,OI401C8200,517.0,0.0,0.0,0.0,1,416.0,440.5,1,517.0,0.0,0.0,0.0,0.0,0.0,3
2023-05-11 14:02:09,OI401C8200,OI401C8200,517.0,0.0,0.0,0.0,1,416.0,434.5,1,517.0,0.0,0.0,0.0,0.0,0.0,3
2023-05-11 14:10:02,OI401C8200,OI401C8200,517.0,0.0,0.0,0.0,1,420.5,434.5,1,517.0,0.0,0.0,0.0,0.0,0.0,3
2023-05-11 14:13:11,OI401C8200,OI401C8200,517.0,0.0,0.0,0.0,1,420.5,440.5,1,517.0,0.0,0.0,0.0,0.0,0.0,3
2023-05-11 14:22:18,OI401C8200,OI401C8200,517.0,0.0,0.0,0.0,1,420.5,434.5,1,517.0,0.0,0.0,0.0,0.0,0.0,3
2023-05-11 14:22:18,OI401C8200,OI401C8200,517.0,0.0,0.0,0.0,1,416.0,434.5,1,517.0,0.0,0.0,0.0,0.0,0.0,3
2023-05-11 14:30:29,OI401C8200,OI401C8200,517.0,0.0,0.0,0.0,1,410.5,434.5,1,517.0,0.0,0.0,0.0,0.0,0.0,3
2023-05-11 14:31:41,OI401C8200,OI401C8200,517.0,0.0,0.0,0.0,1,410.5,428.5,1,517.0,0.0,0.0,0.0,0.0,0.0,3
2023-05-11 14:34:55,OI401C8200,OI401C8200,517.0,0.0,0.0,0.0,1,404.5,428.5,1,517.0,0.0,0.0,0.0,0.0,0.0,3
2023-05-11 14:35:01,OI401C8200,OI401C8200,517.0,0.0,0.0,0.0,1,409.0,428.5,1,517.0,0.0,0.0,0.0,0.0,0.0,3
2023-05-11 14:43:24,OI401C8200,OI401C8200,517.0,0.0,0.0,0.0,1,409.0,422.5,1,517.0,0.0,0.0,0.0,0.0,0.0,3
2023-05-11 14:43:33,OI401C8200,OI401C8200,517.0,0.0,0.0,0.0,1,404.5,422.5,1,517.0,0.0,0.0,0.0,0.0,0.0,3
2023-05-11 14:44:06,OI401C8200,OI401C8200,517.0,0.0,0.0,0.0,1,409.0,422.5,1,517.0,0.0,0.0,0.0,0.0,0.0,3
2023-05-11 14:44:50,OI401C8200,OI401C8200,517.0,0.0,0.0,0.0,1,404.5,422.5,1,517.0,0.0,0.0,0.0,0.0,0.0,3
2023-05-11 14:56:05,OI401C8200,OI401C8200,517.0,0.0,0.0,0.0,1,409.0,422.5,1,517.0,0.0,0.0,0.0,0.0,0.0,3
2023-05-11 14:56:06,OI401C8200,OI401C8200,517.0,0.0,0.0,0.0,1,409.0,428.5,1,517.0,0.0,0.0,0.0,0.0,0.0,3
2023-05-11 14:59:05,OI401C8200,OI401C8200,517.0,0.0,0.0,0.0,1,256.0,508.0,1,517.0,0.0,0.0,0.0,0.0,0.0,3
2023-05-11 14:59:07,OI401C8200,OI401C8200,517.0,0.0,0.0,0.0,1,330.5,508.0,1,517.0,0.0,0.0,0.0,0.0,0.0,3
2023-05-11 14:59:11,OI401C8200,OI401C8200,517.0,0.0,0.0,0.0,2,337.0,508.0,1,517.0,0.0,0.0,0.0,0.0,0.0,3
