time,symbol_id,symbol_name,last,trade_volume,trade_amount,open_interest_change,bv1,bp1,ap1,av1,yesterday_close,today_open,today_high,today_low,volume,amount,open_interest
2023-05-10 19:12:58,OI401P7200,OI401P7200,130.0,0.0,0.0,0.0,0,0.0,0.0,0,130.0,133.5,0.0,0.0,0.0,0.0,342
2023-05-10 20:59:00,OI401P7200,OI401P7200,130.0,0.0,0.0,0.0,3,32.0,178.5,1,130.0,133.5,0.0,0.0,0.0,0.0,342
2023-05-10 21:00:04,OI401P7200,OI401P7200,130.0,0.0,0.0,0.0,1,73.0,178.5,1,130.0,133.5,0.0,0.0,0.0,0.0,342
2023-05-10 21:00:58,OI401P7200,OI401P7200,130.0,0.0,0.0,0.0,1,73.5,178.5,1,130.0,133.5,0.0,0.0,0.0,0.0,342
2023-05-10 21:01:13,OI401P7200,OI401P7200,130.0,0.0,0.0,0.0,10,74.0,178.5,1,130.0,133.5,0.0,0.0,0.0,0.0,342
2023-05-10 21:01:14,OI401P7200,OI401P7200,130.0,0.0,0.0,0.0,1,130.5,153.0,1,130.0,133.5,0.0,0.0,0.0,0.0,342
2023-05-10 21:01:15,OI401P7200,OI401P7200,130.0,0.0,0.0,0.0,1,130.5,152.5,1,130.0,133.5,0.0,0.0,0.0,0.0,342
2023-05-10 21:01:20,OI401P7200,OI401P7200,130.0,0.0,0.0,0.0,1,130.5,152.0,1,130.0,133.5,0.0,0.0,0.0,0.0,342
2023-05-10 21:01:21,OI401P7200,OI401P7200,130.0,0.0,0.0,0.0,1,130.5,151.5,1,130.0,133.5,0.0,0.0,0.0,0.0,342
2023-05-10 21:01:23,OI401P7200,OI401P7200,130.0,0.0,0.0,0.0,1,130.5,151.0,1,130.0,133.5,0.0,0.0,0.0,0.0,342
2023-05-10 21:01:24,OI401P7200,OI401P7200,130.0,0.0,0.0,0.0,1,130.5,150.5,1,130.0,133.5,0.0,0.0,0.0,0.0,342
2023-05-10 21:02:12,OI401P7200,OI401P7200,130.0,0.0,0.0,0.0,1,131.5,149.5,1,130.0,133.5,0.0,0.0,0.0,0.0,342
2023-05-10 21:02:15,OI401P7200,OI401P7200,130.0,0.0,0.0,0.0,1,131.5,149.0,1,130.0,133.5,0.0,0.0,0.0,0.0,342
2023-05-10 21:02:22,OI401P7200,OI401P7200,130.0,0.0,0.0,0.0,1,132.0,149.0,1,130.0,133.5,0.0,0.0,0.0,0.0,342
2023-05-10 21:02:33,OI401P7200,OI401P7200,130.0,0.0,0.0,0.0,1,132.5,149.0,1,130.0,133.5,0.0,0.0,0.0,0.0,342
2023-05-10 21:02:51,OI401P7200,OI401P7200,130.0,0.0,0.0,0.0,1,133.0,149.0,1,130.0,133.5,0.0,0.0,0.0,0.0,342
2023-05-10 21:03:01,OI401P7200,OI401P7200,130.0,0.0,0.0,0.0,1,133.5,149.0,1,130.0,133.5,0.0,0.0,0.0,0.0,342
2023-05-10 21:03:04,OI401P7200,OI401P7200,130.0,0.0,0.0,0.0,1,134.0,149.0,1,130.0,133.5,0.0,0.0,0.0,0.0,342
2023-05-10 21:03:06,OI401P7200,OI401P7200,130.0,0.0,0.0,0.0,1,134.5,149.0,1,130.0,133.5,0.0,0.0,0.0,0.0,342
2023-05-10 21:03:07,OI401P7200,OI401P7200,130.0,0.0,0.0,0.0,1,135.0,149.0,1,130.0,133.5,0.0,0.0,0.0,0.0,342
2023-05-10 21:04:00,OI401P7200,OI401P7200,130.0,0.0,0.0,0.0,1,135.5,149.0,1,130.0,133.5,0.0,0.0,0.0,0.0,342
2023-05-10 21:04:03,OI401P7200,OI401P7200,130.0,0.0,0.0,0.0,1,136.0,149.0,1,130.0,133.5,0.0,0.0,0.0,0.0,342
2023-05-10 21:05:37,OI401P7200,OI401P7200,130.0,0.0,0.0,0.0,1,136.5,149.0,1,130.0,133.5,0.0,0.0,0.0,0.0,342
2023-05-10 21:07:17,OI401P7200,OI401P7200,130.0,0.0,0.0,0.0,1,136.5,148.5,1,130.0,133.5,0.0,0.0,0.0,0.0,342
2023-05-10 21:07:30,OI401P7200,OI401P7200,130.0,0.0,0.0,0.0,1,136.5,148.0,1,130.0,133.5,0.0,0.0,0.0,0.0,342
2023-05-10 21:07:42,OI401P7200,OI401P7200,130.0,0.0,0.0,0.0,1,136.5,147.5,1,130.0,133.5,0.0,0.0,0.0,0.0,342
2023-05-10 21:08:06,OI401P7200,OI401P7200,130.0,0.0,0.0,0.0,1,136.0,147.0,1,130.0,133.5,0.0,0.0,0.0,0.0,342
2023-05-10 21:08:07,OI401P7200,OI401P7200,130.0,0.0,0.0,0.0,10,85.5,147.0,1,130.0,133.5,0.0,0.0,0.0,0.0,342
2023-05-10 21:08:08,OI401P7200,OI401P7200,130.0,0.0,0.0,0.0,1,130.5,146.5,1,130.0,133.5,0.0,0.0,0.0,0.0,342
2023-05-10 21:08:08,OI401P7200,OI401P7200,130.0,0.0,0.0,0.0,1,131.0,146.5,1,130.0,133.5,0.0,0.0,0.0,0.0,342
2023-05-10 21:08:09,OI401P7200,OI401P7200,130.0,0.0,0.0,0.0,1,131.5,146.5,1,130.0,133.5,0.0,0.0,0.0,0.0,342
2023-05-10 21:08:11,OI401P7200,OI401P7200,130.0,0.0,0.0,0.0,1,132.0,146.5,1,130.0,133.5,0.0,0.0,0.0,0.0,342
2023-05-10 21:08:44,OI401P7200,OI401P7200,130.0,0.0,0.0,0.0,1,132.5,146.5,1,130.0,133.5,0.0,0.0,0.0,0.0,342
2023-05-10 21:10:11,OI401P7200,OI401P7200,130.0,0.0,0.0,0.0,1,133.0,146.5,1,130.0,133.5,0.0,0.0,0.0,0.0,342
2023-05-10 21:10:15,OI401P7200,OI401P7200,130.0,0.0,0.0,0.0,1,133.0,146.0,1,130.0,133.5,0.0,0.0,0.0,0.0,342
2023-05-10 21:10:21,OI401P7200,OI401P7200,130.0,0.0,0.0,0.0,1,133.0,145.5,1,130.0,133.5,0.0,0.0,0.0,0.0,342
2023-05-10 21:12:07,OI401P7200,OI401P7200,130.0,0.0,0.0,0.0,1,133.5,145.5,1,130.0,133.5,0.0,0.0,0.0,0.0,342
2023-05-10 21:12:51,OI401P7200,OI401P7200,130.0,0.0,0.0,0.0,1,134.0,145.5,1,130.0,133.5,0.0,0.0,0.0,0.0,342
2023-05-10 21:14:03,OI401P7200,OI401P7200,130.0,0.0,0.0,0.0,1,134.0,145.0,1,130.0,133.5,0.0,0.0,0.0,0.0,342
2023-05-10 21:14:12,OI401P7200,OI401P7200,130.0,0.0,0.0,0.0,1,134.0,144.5,1,130.0,133.5,0.0,0.0,0.0,0.0,342
2023-05-10 21:15:10,OI401P7200,OI401P7200,130.0,0.0,0.0,0.0,1,134.0,144.0,1,130.0,133.5,0.0,0.0,0.0,0.0,342
2023-05-10 21:15:30,OI401P7200,OI401P7200,130.0,0.0,0.0,0.0,1,133.5,144.0,1,130.0,133.5,0.0,0.0,0.0,0.0,342
2023-05-10 21:15:31,OI401P7200,OI401P7200,130.0,0.0,0.0,0.0,1,133.5,143.0,1,130.0,133.5,0.0,0.0,0.0,0.0,342
2023-05-10 21:20:05,OI401P7200,OI401P7200,130.0,0.0,0.0,0.0,1,133.5,142.5,1,130.0,133.5,0.0,0.0,0.0,0.0,342
2023-05-10 21:20:05,OI401P7200,OI401P7200,130.0,0.0,0.0,0.0,1,133.5,142.0,1,130.0,133.5,0.0,0.0,0.0,0.0,342
2023-05-10 21:22:20,OI401P7200,OI401P7200,130.0,0.0,0.0,0.0,1,134.0,142.0,1,130.0,133.5,0.0,0.0,0.0,0.0,342
2023-05-10 21:22:23,OI401P7200,OI401P7200,130.0,0.0,0.0,0.0,1,134.5,142.0,1,130.0,133.5,0.0,0.0,0.0,0.0,342
2023-05-10 21:22:46,OI401P7200,OI401P7200,130.0,0.0,0.0,0.0,1,134.5,142.5,1,130.0,133.5,0.0,0.0,0.0,0.0,342
2023-05-10 21:22:48,OI401P7200,OI401P7200,130.0,0.0,0.0,0.0,1,135.0,142.5,1,130.0,133.5,0.0,0.0,0.0,0.0,342
2023-05-10 21:23:02,OI401P7200,OI401P7200,130.0,0.0,0.0,0.0,1,135.0,147.0,1,130.0,133.5,0.0,0.0,0.0,0.0,342
2023-05-10 21:23:22,OI401P7200,OI401P7200,130.0,0.0,0.0,0.0,1,135.0,146.5,1,130.0,133.5,0.0,0.0,0.0,0.0,342
2023-05-10 21:23:24,OI401P7200,OI401P7200,130.0,0.0,0.0,0.0,1,135.0,146.0,1,130.0,133.5,0.0,0.0,0.0,0.0,342
2023-05-10 21:23:49,OI401P7200,OI401P7200,130.0,0.0,0.0,0.0,1,135.0,145.5,1,130.0,133.5,0.0,0.0,0.0,0.0,342
2023-05-10 21:23:55,OI401P7200,OI401P7200,130.0,0.0,0.0,0.0,1,135.0,145.0,1,130.0,133.5,0.0,0.0,0.0,0.0,342
2023-05-10 21:24:06,OI401P7200,OI401P7200,130.0,0.0,0.0,0.0,1,135.0,144.5,1,130.0,133.5,0.0,0.0,0.0,0.0,342
2023-05-10 21:24:15,OI401P7200,OI401P7200,130.0,0.0,0.0,0.0,1,135.0,144.0,1,130.0,133.5,0.0,0.0,0.0,0.0,342
2023-05-10 21:25:07,OI401P7200,OI401P7200,130.0,0.0,0.0,0.0,1,135.0,143.5,1,130.0,133.5,0.0,0.0,0.0,0.0,342
2023-05-10 21:26:05,OI401P7200,OI401P7200,130.0,0.0,0.0,0.0,1,134.5,143.5,1,130.0,133.5,0.0,0.0,0.0,0.0,342
2023-05-10 21:26:05,OI401P7200,OI401P7200,130.0,0.0,0.0,0.0,1,134.5,143.0,1,130.0,133.5,0.0,0.0,0.0,0.0,342
2023-05-10 21:28:33,OI401P7200,OI401P7200,130.0,0.0,0.0,0.0,1,130.5,142.5,1,130.0,133.5,0.0,0.0,0.0,0.0,342
2023-05-10 21:28:36,OI401P7200,OI401P7200,130.0,0.0,0.0,0.0,1,131.0,142.5,1,130.0,133.5,0.0,0.0,0.0,0.0,342
2023-05-10 21:28:53,OI401P7200,OI401P7200,130.0,0.0,0.0,0.0,1,131.5,142.5,1,130.0,133.5,0.0,0.0,0.0,0.0,342
2023-05-10 21:29:14,OI401P7200,OI401P7200,130.0,0.0,0.0,0.0,1,132.0,142.5,1,130.0,133.5,0.0,0.0,0.0,0.0,342
2023-05-10 21:29:51,OI401P7200,OI401P7200,130.0,0.0,0.0,0.0,1,132.5,142.5,1,130.0,133.5,0.0,0.0,0.0,0.0,342
2023-05-10 21:30:27,OI401P7200,OI401P7200,130.0,0.0,0.0,0.0,1,133.0,142.5,1,130.0,133.5,0.0,0.0,0.0,0.0,342
2023-05-10 21:31:09,OI401P7200,OI401P7200,130.0,0.0,0.0,0.0,1,133.0,142.0,1,130.0,133.5,0.0,0.0,0.0,0.0,342
2023-05-10 21:31:12,OI401P7200,OI401P7200,130.0,0.0,0.0,0.0,1,132.5,142.0,1,130.0,133.5,0.0,0.0,0.0,0.0,342
2023-05-10 21:31:13,OI401P7200,OI401P7200,130.0,0.0,0.0,0.0,1,132.5,141.0,1,130.0,133.5,0.0,0.0,0.0,0.0,342
2023-05-10 21:34:07,OI401P7200,OI401P7200,130.0,0.0,0.0,0.0,1,128.5,140.5,1,130.0,133.5,0.0,0.0,0.0,0.0,342
2023-05-10 21:34:08,OI401P7200,OI401P7200,130.0,0.0,0.0,0.0,1,129.0,140.5,1,130.0,133.5,0.0,0.0,0.0,0.0,342
2023-05-10 21:34:15,OI401P7200,OI401P7200,130.0,0.0,0.0,0.0,1,129.5,140.5,1,130.0,133.5,0.0,0.0,0.0,0.0,342
2023-05-10 21:34:50,OI401P7200,OI401P7200,130.0,0.0,0.0,0.0,1,130.0,140.5,1,130.0,133.5,0.0,0.0,0.0,0.0,342
2023-05-10 21:35:26,OI401P7200,OI401P7200,130.0,0.0,0.0,0.0,1,130.5,140.5,1,130.0,133.5,0.0,0.0,0.0,0.0,342
2023-05-10 21:36:27,OI401P7200,OI401P7200,130.0,0.0,0.0,0.0,1,130.5,140.0,1,130.0,133.5,0.0,0.0,0.0,0.0,342
2023-05-10 21:36:58,OI401P7200,OI401P7200,130.0,0.0,0.0,0.0,1,130.5,139.5,1,130.0,133.5,0.0,0.0,0.0,0.0,342
2023-05-10 21:40:02,OI401P7200,OI401P7200,130.0,0.0,0.0,0.0,1,131.0,139.5,1,130.0,133.5,0.0,0.0,0.0,0.0,342
2023-05-10 21:42:23,OI401P7200,OI401P7200,130.0,0.0,0.0,0.0,1,131.5,139.5,1,130.0,133.5,0.0,0.0,0.0,0.0,342
2023-05-10 21:42:46,OI401P7200,OI401P7200,130.0,0.0,0.0,0.0,1,132.0,139.5,1,130.0,133.5,0.0,0.0,0.0,0.0,342
2023-05-10 21:42:50,OI401P7200,OI401P7200,130.0,0.0,0.0,0.0,1,132.0,140.0,1,130.0,133.5,0.0,0.0,0.0,0.0,342
2023-05-10 21:43:08,OI401P7200,OI401P7200,130.0,0.0,0.0,0.0,1,132.5,140.0,1,130.0,133.5,0.0,0.0,0.0,0.0,342
2023-05-10 21:43:31,OI401P7200,OI401P7200,130.0,0.0,0.0,0.0,1,132.5,178.5,1,130.0,133.5,0.0,0.0,0.0,0.0,342
2023-05-10 21:43:32,OI401P7200,OI401P7200,130.0,0.0,0.0,0.0,1,132.5,175.5,1,130.0,133.5,0.0,0.0,0.0,0.0,342
2023-05-10 21:43:32,OI401P7200,OI401P7200,130.0,0.0,0.0,0.0,1,132.5,144.5,1,130.0,133.5,0.0,0.0,0.0,0.0,342
2023-05-10 21:43:37,OI401P7200,OI401P7200,130.0,0.0,0.0,0.0,1,132.5,144.0,1,130.0,133.5,0.0,0.0,0.0,0.0,342
2023-05-10 21:43:39,OI401P7200,OI401P7200,130.0,0.0,0.0,0.0,1,133.0,144.0,1,130.0,133.5,0.0,0.0,0.0,0.0,342
2023-05-10 21:44:05,OI401P7200,OI401P7200,130.0,0.0,0.0,0.0,1,133.0,143.5,1,130.0,133.5,0.0,0.0,0.0,0.0,342
2023-05-10 21:44:16,OI401P7200,OI401P7200,130.0,0.0,0.0,0.0,1,133.0,143.0,1,130.0,133.5,0.0,0.0,0.0,0.0,342
2023-05-10 21:44:24,OI401P7200,OI401P7200,130.0,0.0,0.0,0.0,1,133.5,143.0,1,130.0,133.5,0.0,0.0,0.0,0.0,342
2023-05-10 21:44:25,OI401P7200,OI401P7200,130.0,0.0,0.0,0.0,1,133.5,142.5,1,130.0,133.5,0.0,0.0,0.0,0.0,342
2023-05-10 21:45:02,OI401P7200,OI401P7200,130.0,0.0,0.0,0.0,1,133.5,142.0,1,130.0,133.5,0.0,0.0,0.0,0.0,342
2023-05-10 21:45:15,OI401P7200,OI401P7200,130.0,0.0,0.0,0.0,1,133.5,141.5,1,130.0,133.5,0.0,0.0,0.0,0.0,342
2023-05-10 21:45:22,OI401P7200,OI401P7200,130.0,0.0,0.0,0.0,1,133.5,141.0,1,130.0,133.5,0.0,0.0,0.0,0.0,342
2023-05-10 22:00:09,OI401P7200,OI401P7200,130.0,0.0,0.0,0.0,1,133.5,140.5,1,130.0,133.5,0.0,0.0,0.0,0.0,342
2023-05-10 22:00:27,OI401P7200,OI401P7200,130.0,0.0,0.0,0.0,1,133.5,140.0,1,130.0,133.5,0.0,0.0,0.0,0.0,342
2023-05-10 22:00:30,OI401P7200,OI401P7200,130.0,0.0,0.0,0.0,1,133.5,139.5,1,130.0,133.5,0.0,0.0,0.0,0.0,342
2023-05-10 22:01:33,OI401P7200,OI401P7200,130.0,0.0,0.0,0.0,1,133.5,139.0,1,130.0,133.5,0.0,0.0,0.0,0.0,342
2023-05-10 22:01:35,OI401P7200,OI401P7200,133.5,1.0,133.5,-1.0,11,102.0,139.0,1,130.0,133.5,133.5,133.5,1.0,133.5,341
2023-05-10 22:01:36,OI401P7200,OI401P7200,133.5,0.0,0.0,0.0,2,106.0,139.0,1,130.0,133.5,133.5,133.5,1.0,133.5,341
2023-05-10 22:01:37,OI401P7200,OI401P7200,133.5,0.0,0.0,0.0,2,106.0,138.5,1,130.0,133.5,133.5,133.5,1.0,133.5,341
2023-05-10 22:01:38,OI401P7200,OI401P7200,133.5,0.0,0.0,0.0,1,126.5,138.5,1,130.0,133.5,133.5,133.5,1.0,133.5,341
2023-05-10 22:01:39,OI401P7200,OI401P7200,133.5,0.0,0.0,0.0,1,127.0,138.5,1,130.0,133.5,133.5,133.5,1.0,133.5,341
2023-05-10 22:01:44,OI401P7200,OI401P7200,133.5,0.0,0.0,0.0,1,127.5,138.5,1,130.0,133.5,133.5,133.5,1.0,133.5,341
2023-05-10 22:01:49,OI401P7200,OI401P7200,133.5,0.0,0.0,0.0,1,128.0,138.5,1,130.0,133.5,133.5,133.5,1.0,133.5,341
2023-05-10 22:02:02,OI401P7200,OI401P7200,133.5,0.0,0.0,0.0,1,128.5,138.5,1,130.0,133.5,133.5,133.5,1.0,133.5,341
2023-05-10 22:02:06,OI401P7200,OI401P7200,133.5,0.0,0.0,0.0,1,129.0,138.5,1,130.0,133.5,133.5,133.5,1.0,133.5,341
2023-05-10 22:03:00,OI401P7200,OI401P7200,133.5,0.0,0.0,0.0,1,129.5,138.5,1,130.0,133.5,133.5,133.5,1.0,133.5,341
2023-05-10 22:03:03,OI401P7200,OI401P7200,133.5,0.0,0.0,0.0,1,130.0,138.5,1,130.0,133.5,133.5,133.5,1.0,133.5,341
2023-05-10 22:08:24,OI401P7200,OI401P7200,133.5,0.0,0.0,0.0,1,129.5,138.0,1,130.0,133.5,133.5,133.5,1.0,133.5,341
2023-05-10 22:14:52,OI401P7200,OI401P7200,133.5,0.0,0.0,0.0,1,125.5,137.5,1,130.0,133.5,133.5,133.5,1.0,133.5,341
2023-05-10 22:14:54,OI401P7200,OI401P7200,133.5,0.0,0.0,0.0,1,126.0,137.5,1,130.0,133.5,133.5,133.5,1.0,133.5,341
2023-05-10 22:14:55,OI401P7200,OI401P7200,133.5,0.0,0.0,0.0,1,126.5,137.5,1,130.0,133.5,133.5,133.5,1.0,133.5,341
2023-05-10 22:15:15,OI401P7200,OI401P7200,133.5,0.0,0.0,0.0,1,126.5,137.0,1,130.0,133.5,133.5,133.5,1.0,133.5,341
2023-05-10 22:15:46,OI401P7200,OI401P7200,133.5,0.0,0.0,0.0,1,127.0,137.0,1,130.0,133.5,133.5,133.5,1.0,133.5,341
2023-05-10 22:15:54,OI401P7200,OI401P7200,133.5,0.0,0.0,0.0,1,127.5,137.0,1,130.0,133.5,133.5,133.5,1.0,133.5,341
2023-05-10 22:16:03,OI401P7200,OI401P7200,133.5,0.0,0.0,0.0,1,128.0,137.0,1,130.0,133.5,133.5,133.5,1.0,133.5,341
2023-05-10 22:17:44,OI401P7200,OI401P7200,133.5,0.0,0.0,0.0,1,128.5,137.0,1,130.0,133.5,133.5,133.5,1.0,133.5,341
2023-05-10 22:18:12,OI401P7200,OI401P7200,133.5,0.0,0.0,0.0,1,129.0,137.0,1,130.0,133.5,133.5,133.5,1.0,133.5,341
2023-05-10 22:18:18,OI401P7200,OI401P7200,133.5,0.0,0.0,0.0,1,129.5,137.0,1,130.0,133.5,133.5,133.5,1.0,133.5,341
2023-05-10 22:18:37,OI401P7200,OI401P7200,133.5,0.0,0.0,0.0,1,129.5,137.5,1,130.0,133.5,133.5,133.5,1.0,133.5,341
2023-05-10 22:19:02,OI401P7200,OI401P7200,133.5,0.0,0.0,0.0,1,130.0,178.5,1,130.0,133.5,133.5,133.5,1.0,133.5,341
2023-05-10 22:19:02,OI401P7200,OI401P7200,133.5,0.0,0.0,0.0,1,130.0,178.0,10,130.0,133.5,133.5,133.5,1.0,133.5,341
2023-05-10 22:19:02,OI401P7200,OI401P7200,133.5,0.0,0.0,0.0,1,130.0,142.0,1,130.0,133.5,133.5,133.5,1.0,133.5,341
2023-05-10 22:19:18,OI401P7200,OI401P7200,133.5,0.0,0.0,0.0,1,130.0,141.5,1,130.0,133.5,133.5,133.5,1.0,133.5,341
2023-05-10 22:19:22,OI401P7200,OI401P7200,133.5,0.0,0.0,0.0,1,130.5,141.5,1,130.0,133.5,133.5,133.5,1.0,133.5,341
2023-05-10 22:20:11,OI401P7200,OI401P7200,133.5,0.0,0.0,0.0,1,131.0,141.5,1,130.0,133.5,133.5,133.5,1.0,133.5,341
2023-05-10 22:20:42,OI401P7200,OI401P7200,133.5,0.0,0.0,0.0,1,131.0,141.0,1,130.0,133.5,133.5,133.5,1.0,133.5,341
2023-05-10 22:21:02,OI401P7200,OI401P7200,133.5,0.0,0.0,0.0,1,131.0,140.5,1,130.0,133.5,133.5,133.5,1.0,133.5,341
2023-05-10 22:21:59,OI401P7200,OI401P7200,133.5,0.0,0.0,0.0,1,131.0,140.0,1,130.0,133.5,133.5,133.5,1.0,133.5,341
2023-05-10 22:22:54,OI401P7200,OI401P7200,133.5,0.0,0.0,0.0,1,131.0,139.5,1,130.0,133.5,133.5,133.5,1.0,133.5,341
2023-05-10 22:30:22,OI401P7200,OI401P7200,133.5,0.0,0.0,0.0,1,130.5,139.0,1,130.0,133.5,133.5,133.5,1.0,133.5,341
2023-05-10 22:30:51,OI401P7200,OI401P7200,133.5,0.0,0.0,0.0,1,126.5,138.5,1,130.0,133.5,133.5,133.5,1.0,133.5,341
2023-05-10 22:30:52,OI401P7200,OI401P7200,133.5,0.0,0.0,0.0,1,127.0,138.5,1,130.0,133.5,133.5,133.5,1.0,133.5,341
2023-05-10 22:31:04,OI401P7200,OI401P7200,133.5,0.0,0.0,0.0,1,127.5,138.5,1,130.0,133.5,133.5,133.5,1.0,133.5,341
2023-05-10 22:31:29,OI401P7200,OI401P7200,133.5,0.0,0.0,0.0,1,127.5,138.0,1,130.0,133.5,133.5,133.5,1.0,133.5,341
2023-05-10 22:32:12,OI401P7200,OI401P7200,133.5,0.0,0.0,0.0,1,128.0,138.0,1,130.0,133.5,133.5,133.5,1.0,133.5,341
2023-05-10 22:33:04,OI401P7200,OI401P7200,133.5,0.0,0.0,0.0,1,128.5,138.0,1,130.0,133.5,133.5,133.5,1.0,133.5,341
2023-05-10 22:33:10,OI401P7200,OI401P7200,133.5,0.0,0.0,0.0,1,129.0,138.0,1,130.0,133.5,133.5,133.5,1.0,133.5,341
2023-05-10 22:33:51,OI401P7200,OI401P7200,133.5,0.0,0.0,0.0,1,129.5,138.0,1,130.0,133.5,133.5,133.5,1.0,133.5,341
2023-05-10 22:34:08,OI401P7200,OI401P7200,133.5,0.0,0.0,0.0,1,130.0,138.0,1,130.0,133.5,133.5,133.5,1.0,133.5,341
2023-05-10 22:34:11,OI401P7200,OI401P7200,133.5,0.0,0.0,0.0,1,130.5,138.0,1,130.0,133.5,133.5,133.5,1.0,133.5,341
2023-05-10 22:34:25,OI401P7200,OI401P7200,133.5,0.0,0.0,0.0,1,130.5,138.5,1,130.0,133.5,133.5,133.5,1.0,133.5,341
2023-05-10 22:34:27,OI401P7200,OI401P7200,133.5,0.0,0.0,0.0,1,131.0,138.5,1,130.0,133.5,133.5,133.5,1.0,133.5,341
2023-05-10 22:36:25,OI401P7200,OI401P7200,133.5,0.0,0.0,0.0,1,130.5,138.5,1,130.0,133.5,133.5,133.5,1.0,133.5,341
2023-05-10 22:36:31,OI401P7200,OI401P7200,133.5,0.0,0.0,0.0,10,102.5,138.5,1,130.0,133.5,133.5,133.5,1.0,133.5,341
2023-05-10 22:36:32,OI401P7200,OI401P7200,133.5,0.0,0.0,0.0,2,103.0,138.5,1,130.0,133.5,133.5,133.5,1.0,133.5,341
2023-05-10 22:36:32,OI401P7200,OI401P7200,133.5,0.0,0.0,0.0,1,126.5,138.5,1,130.0,133.5,133.5,133.5,1.0,133.5,341
2023-05-10 22:36:34,OI401P7200,OI401P7200,133.5,0.0,0.0,0.0,1,127.0,138.5,1,130.0,133.5,133.5,133.5,1.0,133.5,341
2023-05-10 22:36:41,OI401P7200,OI401P7200,133.5,0.0,0.0,0.0,1,127.5,138.5,1,130.0,133.5,133.5,133.5,1.0,133.5,341
2023-05-10 22:36:50,OI401P7200,OI401P7200,133.5,0.0,0.0,0.0,1,128.0,138.5,1,130.0,133.5,133.5,133.5,1.0,133.5,341
2023-05-10 22:36:58,OI401P7200,OI401P7200,133.5,0.0,0.0,0.0,1,128.5,138.5,1,130.0,133.5,133.5,133.5,1.0,133.5,341
2023-05-10 22:37:17,OI401P7200,OI401P7200,133.5,0.0,0.0,0.0,1,129.0,138.5,1,130.0,133.5,133.5,133.5,1.0,133.5,341
2023-05-10 22:39:54,OI401P7200,OI401P7200,133.5,0.0,0.0,0.0,1,129.0,138.0,1,130.0,133.5,133.5,133.5,1.0,133.5,341
2023-05-10 22:40:06,OI401P7200,OI401P7200,133.5,0.0,0.0,0.0,1,129.0,137.5,1,130.0,133.5,133.5,133.5,1.0,133.5,341
2023-05-10 22:40:24,OI401P7200,OI401P7200,133.5,0.0,0.0,0.0,1,128.5,137.5,1,130.0,133.5,133.5,133.5,1.0,133.5,341
2023-05-10 22:40:25,OI401P7200,OI401P7200,133.5,0.0,0.0,0.0,1,128.5,137.0,1,130.0,133.5,133.5,133.5,1.0,133.5,341
2023-05-10 22:53:10,OI401P7200,OI401P7200,133.5,0.0,0.0,0.0,1,124.0,137.0,1,130.0,133.5,133.5,133.5,1.0,133.5,341
2023-05-10 22:53:27,OI401P7200,OI401P7200,133.5,0.0,0.0,0.0,1,124.5,137.0,1,130.0,133.5,133.5,133.5,1.0,133.5,341
2023-05-10 22:53:48,OI401P7200,OI401P7200,133.5,0.0,0.0,0.0,1,125.0,137.0,1,130.0,133.5,133.5,133.5,1.0,133.5,341
2023-05-10 22:56:05,OI401P7200,OI401P7200,133.5,0.0,0.0,0.0,1,102.0,178.5,1,130.0,133.5,133.5,133.5,1.0,133.5,341
2023-05-10 22:56:06,OI401P7200,OI401P7200,133.5,0.0,0.0,0.0,11,102.0,178.0,10,130.0,133.5,133.5,133.5,1.0,133.5,341
2023-05-10 22:56:39,OI401P7200,OI401P7200,133.5,0.0,0.0,0.0,10,102.0,178.0,10,130.0,133.5,133.5,133.5,1.0,133.5,341
2023-05-10 22:57:01,OI401P7200,OI401P7200,133.5,0.0,0.0,0.0,10,85.5,178.0,10,130.0,133.5,133.5,133.5,1.0,133.5,341
2023-05-10 22:57:33,OI401P7200,OI401P7200,133.5,0.0,0.0,0.0,1,85.0,178.5,1,130.0,133.5,133.5,133.5,1.0,133.5,341
2023-05-11 09:00:01,OI401P7200,OI401P7200,133.5,0.0,0.0,0.0,1,86.0,178.5,1,130.0,133.5,133.5,133.5,1.0,133.5,341
2023-05-11 09:00:32,OI401P7200,OI401P7200,133.5,0.0,0.0,0.0,10,86.5,178.0,10,130.0,133.5,133.5,133.5,1.0,133.5,341
2023-05-11 09:01:25,OI401P7200,OI401P7200,133.5,0.0,0.0,0.0,2,87.0,178.0,10,130.0,133.5,133.5,133.5,1.0,133.5,341
2023-05-11 09:01:25,OI401P7200,OI401P7200,133.5,0.0,0.0,0.0,10,87.5,178.0,10,130.0,133.5,133.5,133.5,1.0,133.5,341
2023-05-11 09:01:26,OI401P7200,OI401P7200,133.5,0.0,0.0,0.0,10,87.5,140.0,1,130.0,133.5,133.5,133.5,1.0,133.5,341
2023-05-11 09:01:27,OI401P7200,OI401P7200,133.5,0.0,0.0,0.0,1,125.5,140.0,1,130.0,133.5,133.5,133.5,1.0,133.5,341
2023-05-11 09:01:29,OI401P7200,OI401P7200,133.5,0.0,0.0,0.0,1,126.0,140.0,1,130.0,133.5,133.5,133.5,1.0,133.5,341
2023-05-11 09:01:36,OI401P7200,OI401P7200,133.5,0.0,0.0,0.0,1,126.5,140.0,1,130.0,133.5,133.5,133.5,1.0,133.5,341
2023-05-11 09:01:51,OI401P7200,OI401P7200,133.5,0.0,0.0,0.0,1,127.0,140.0,1,130.0,133.5,133.5,133.5,1.0,133.5,341
2023-05-11 09:02:14,OI401P7200,OI401P7200,133.5,0.0,0.0,0.0,1,127.0,139.5,1,130.0,133.5,133.5,133.5,1.0,133.5,341
2023-05-11 09:02:29,OI401P7200,OI401P7200,133.5,0.0,0.0,0.0,1,127.5,139.5,1,130.0,133.5,133.5,133.5,1.0,133.5,341
2023-05-11 09:02:37,OI401P7200,OI401P7200,133.5,0.0,0.0,0.0,1,128.0,139.5,1,130.0,133.5,133.5,133.5,1.0,133.5,341
2023-05-11 09:03:13,OI401P7200,OI401P7200,133.5,0.0,0.0,0.0,1,128.0,139.0,1,130.0,133.5,133.5,133.5,1.0,133.5,341
2023-05-11 09:03:19,OI401P7200,OI401P7200,133.5,0.0,0.0,0.0,1,128.5,139.0,1,130.0,133.5,133.5,133.5,1.0,133.5,341
2023-05-11 09:03:31,OI401P7200,OI401P7200,133.5,0.0,0.0,0.0,1,129.0,139.0,1,130.0,133.5,133.5,133.5,1.0,133.5,341
2023-05-11 09:05:03,OI401P7200,OI401P7200,133.5,0.0,0.0,0.0,1,129.5,139.0,1,130.0,133.5,133.5,133.5,1.0,133.5,341
2023-05-11 09:05:15,OI401P7200,OI401P7200,133.5,0.0,0.0,0.0,1,130.0,139.0,1,130.0,133.5,133.5,133.5,1.0,133.5,341
2023-05-11 09:05:16,OI401P7200,OI401P7200,133.5,0.0,0.0,0.0,1,130.5,139.0,1,130.0,133.5,133.5,133.5,1.0,133.5,341
2023-05-11 09:05:32,OI401P7200,OI401P7200,133.5,0.0,0.0,0.0,1,131.0,139.0,1,130.0,133.5,133.5,133.5,1.0,133.5,341
2023-05-11 09:05:54,OI401P7200,OI401P7200,133.5,0.0,0.0,0.0,1,131.5,139.0,1,130.0,133.5,133.5,133.5,1.0,133.5,341
2023-05-11 09:05:57,OI401P7200,OI401P7200,133.5,0.0,0.0,0.0,1,132.0,139.0,1,130.0,133.5,133.5,133.5,1.0,133.5,341
2023-05-11 09:06:38,OI401P7200,OI401P7200,133.5,0.0,0.0,0.0,1,132.5,139.0,1,130.0,133.5,133.5,133.5,1.0,133.5,341
2023-05-11 09:06:53,OI401P7200,OI401P7200,133.5,0.0,0.0,0.0,1,133.0,139.0,1,130.0,133.5,133.5,133.5,1.0,133.5,341
2023-05-11 09:06:54,OI401P7200,OI401P7200,133.5,0.0,0.0,0.0,1,133.0,139.5,1,130.0,133.5,133.5,133.5,1.0,133.5,341
2023-05-11 09:07:03,OI401P7200,OI401P7200,133.5,0.0,0.0,0.0,1,133.5,139.5,1,130.0,133.5,133.5,133.5,1.0,133.5,341
2023-05-11 09:07:16,OI401P7200,OI401P7200,133.5,0.0,0.0,0.0,1,133.5,143.5,1,130.0,133.5,133.5,133.5,1.0,133.5,341
2023-05-11 09:07:16,OI401P7200,OI401P7200,133.5,0.0,0.0,0.0,1,133.5,143.0,1,130.0,133.5,133.5,133.5,1.0,133.5,341
2023-05-11 09:07:18,OI401P7200,OI401P7200,133.5,0.0,0.0,0.0,1,133.5,142.5,1,130.0,133.5,133.5,133.5,1.0,133.5,341
2023-05-11 09:07:41,OI401P7200,OI401P7200,133.5,0.0,0.0,0.0,1,134.0,142.5,1,130.0,133.5,133.5,133.5,1.0,133.5,341
2023-05-11 09:08:10,OI401P7200,OI401P7200,133.5,0.0,0.0,0.0,1,134.0,142.0,1,130.0,133.5,133.5,133.5,1.0,133.5,341
2023-05-11 09:08:32,OI401P7200,OI401P7200,133.5,0.0,0.0,0.0,1,134.5,142.0,1,130.0,133.5,133.5,133.5,1.0,133.5,341
2023-05-11 09:08:53,OI401P7200,OI401P7200,133.5,0.0,0.0,0.0,1,134.5,141.5,1,130.0,133.5,133.5,133.5,1.0,133.5,341
2023-05-11 09:11:07,OI401P7200,OI401P7200,133.5,0.0,0.0,0.0,1,135.0,141.5,1,130.0,133.5,133.5,133.5,1.0,133.5,341
2023-05-11 09:11:38,OI401P7200,OI401P7200,133.5,0.0,0.0,0.0,1,135.5,141.5,1,130.0,133.5,133.5,133.5,1.0,133.5,341
2023-05-11 09:11:42,OI401P7200,OI401P7200,133.5,0.0,0.0,0.0,1,135.5,142.0,1,130.0,133.5,133.5,133.5,1.0,133.5,341
2023-05-11 09:11:54,OI401P7200,OI401P7200,133.5,0.0,0.0,0.0,1,136.0,142.0,1,130.0,133.5,133.5,133.5,1.0,133.5,341
2023-05-11 09:12:00,OI401P7200,OI401P7200,133.5,0.0,0.0,0.0,1,136.0,178.5,1,130.0,133.5,133.5,133.5,1.0,133.5,341
2023-05-11 09:12:01,OI401P7200,OI401P7200,133.5,0.0,0.0,0.0,1,136.0,146.0,1,130.0,133.5,133.5,133.5,1.0,133.5,341
2023-05-11 09:12:02,OI401P7200,OI401P7200,133.5,0.0,0.0,0.0,1,136.5,146.0,1,130.0,133.5,133.5,133.5,1.0,133.5,341
2023-05-11 09:12:05,OI401P7200,OI401P7200,133.5,0.0,0.0,0.0,1,136.5,145.5,1,130.0,133.5,133.5,133.5,1.0,133.5,341
2023-05-11 09:12:10,OI401P7200,OI401P7200,133.5,0.0,0.0,0.0,1,137.0,145.5,1,130.0,133.5,133.5,133.5,1.0,133.5,341
2023-05-11 09:12:15,OI401P7200,OI401P7200,133.5,0.0,0.0,0.0,1,137.5,145.5,1,130.0,133.5,133.5,133.5,1.0,133.5,341
2023-05-11 09:12:18,OI401P7200,OI401P7200,133.5,0.0,0.0,0.0,1,138.0,145.5,1,130.0,133.5,133.5,133.5,1.0,133.5,341
2023-05-11 09:13:58,OI401P7200,OI401P7200,133.5,0.0,0.0,0.0,1,138.5,145.5,1,130.0,133.5,133.5,133.5,1.0,133.5,341
2023-05-11 09:15:36,OI401P7200,OI401P7200,133.5,0.0,0.0,0.0,1,138.0,145.0,1,130.0,133.5,133.5,133.5,1.0,133.5,341
2023-05-11 09:16:05,OI401P7200,OI401P7200,133.5,0.0,0.0,0.0,10,86.5,145.0,1,130.0,133.5,133.5,133.5,1.0,133.5,341
2023-05-11 09:16:05,OI401P7200,OI401P7200,133.5,0.0,0.0,0.0,1,135.0,144.5,1,130.0,133.5,133.5,133.5,1.0,133.5,341
2023-05-11 09:16:08,OI401P7200,OI401P7200,133.5,0.0,0.0,0.0,1,135.0,144.0,1,130.0,133.5,133.5,133.5,1.0,133.5,341
2023-05-11 09:16:34,OI401P7200,OI401P7200,133.5,0.0,0.0,0.0,1,135.5,144.0,1,130.0,133.5,133.5,133.5,1.0,133.5,341
2023-05-11 09:17:06,OI401P7200,OI401P7200,133.5,0.0,0.0,0.0,1,136.0,144.0,1,130.0,133.5,133.5,133.5,1.0,133.5,341
2023-05-11 09:17:08,OI401P7200,OI401P7200,133.5,0.0,0.0,0.0,1,136.5,144.0,1,130.0,133.5,133.5,133.5,1.0,133.5,341
2023-05-11 09:17:13,OI401P7200,OI401P7200,133.5,0.0,0.0,0.0,1,137.0,144.0,1,130.0,133.5,133.5,133.5,1.0,133.5,341
2023-05-11 09:17:26,OI401P7200,OI401P7200,133.5,0.0,0.0,0.0,1,137.5,144.0,1,130.0,133.5,133.5,133.5,1.0,133.5,341
2023-05-11 09:17:34,OI401P7200,OI401P7200,133.5,0.0,0.0,0.0,1,138.0,144.0,1,130.0,133.5,133.5,133.5,1.0,133.5,341
2023-05-11 09:17:49,OI401P7200,OI401P7200,133.5,0.0,0.0,0.0,1,138.0,144.5,1,130.0,133.5,133.5,133.5,1.0,133.5,341
2023-05-11 09:17:50,OI401P7200,OI401P7200,133.5,0.0,0.0,0.0,1,138.0,178.5,1,130.0,133.5,133.5,133.5,1.0,133.5,341
2023-05-11 09:17:50,OI401P7200,OI401P7200,133.5,0.0,0.0,0.0,1,138.5,178.5,1,130.0,133.5,133.5,133.5,1.0,133.5,341
2023-05-11 09:17:51,OI401P7200,OI401P7200,133.5,0.0,0.0,0.0,1,138.5,148.5,1,130.0,133.5,133.5,133.5,1.0,133.5,341
2023-05-11 09:17:51,OI401P7200,OI401P7200,133.5,0.0,0.0,0.0,1,138.5,148.0,1,130.0,133.5,133.5,133.5,1.0,133.5,341
2023-05-11 09:17:57,OI401P7200,OI401P7200,133.5,0.0,0.0,0.0,1,139.0,148.0,1,130.0,133.5,133.5,133.5,1.0,133.5,341
2023-05-11 09:18:05,OI401P7200,OI401P7200,133.5,0.0,0.0,0.0,1,140.5,148.0,1,130.0,133.5,133.5,133.5,1.0,133.5,341
2023-05-11 09:18:11,OI401P7200,OI401P7200,133.5,0.0,0.0,0.0,1,141.0,148.0,1,130.0,133.5,133.5,133.5,1.0,133.5,341
2023-05-11 09:18:13,OI401P7200,OI401P7200,133.5,0.0,0.0,0.0,1,141.5,148.0,1,130.0,133.5,133.5,133.5,1.0,133.5,341
2023-05-11 09:18:16,OI401P7200,OI401P7200,133.5,0.0,0.0,0.0,1,142.0,148.0,1,130.0,133.5,133.5,133.5,1.0,133.5,341
2023-05-11 09:18:19,OI401P7200,OI401P7200,133.5,0.0,0.0,0.0,1,142.5,148.5,1,130.0,133.5,133.5,133.5,1.0,133.5,341
2023-05-11 09:18:21,OI401P7200,OI401P7200,133.5,0.0,0.0,0.0,1,143.0,152.5,1,130.0,133.5,133.5,133.5,1.0,133.5,341
2023-05-11 09:18:22,OI401P7200,OI401P7200,133.5,0.0,0.0,0.0,1,143.0,152.0,1,130.0,133.5,133.5,133.5,1.0,133.5,341
2023-05-11 09:18:24,OI401P7200,OI401P7200,133.5,0.0,0.0,0.0,1,143.0,151.5,1,130.0,133.5,133.5,133.5,1.0,133.5,341
2023-05-11 09:18:27,OI401P7200,OI401P7200,133.5,0.0,0.0,0.0,1,143.5,151.5,1,130.0,133.5,133.5,133.5,1.0,133.5,341
2023-05-11 09:18:41,OI401P7200,OI401P7200,133.5,0.0,0.0,0.0,1,144.0,151.5,1,130.0,133.5,133.5,133.5,1.0,133.5,341
2023-05-11 09:18:49,OI401P7200,OI401P7200,133.5,0.0,0.0,0.0,1,144.5,151.5,1,130.0,133.5,133.5,133.5,1.0,133.5,341
2023-05-11 09:19:21,OI401P7200,OI401P7200,133.5,0.0,0.0,0.0,1,144.5,152.0,1,130.0,133.5,133.5,133.5,1.0,133.5,341
2023-05-11 09:19:24,OI401P7200,OI401P7200,133.5,0.0,0.0,0.0,1,145.0,152.0,1,130.0,133.5,133.5,133.5,1.0,133.5,341
2023-05-11 09:19:24,OI401P7200,OI401P7200,133.5,0.0,0.0,0.0,1,145.5,152.0,1,130.0,133.5,133.5,133.5,1.0,133.5,341
2023-05-11 09:19:30,OI401P7200,OI401P7200,133.5,0.0,0.0,0.0,1,146.0,152.0,1,130.0,133.5,133.5,133.5,1.0,133.5,341
2023-05-11 09:20:03,OI401P7200,OI401P7200,133.5,0.0,0.0,0.0,1,145.5,152.0,1,130.0,133.5,133.5,133.5,1.0,133.5,341
2023-05-11 09:20:04,OI401P7200,OI401P7200,133.5,0.0,0.0,0.0,10,111.5,152.0,1,130.0,133.5,133.5,133.5,1.0,133.5,341
2023-05-11 09:20:05,OI401P7200,OI401P7200,133.5,0.0,0.0,0.0,2,115.5,152.0,1,130.0,133.5,133.5,133.5,1.0,133.5,341
2023-05-11 09:20:05,OI401P7200,OI401P7200,133.5,0.0,0.0,0.0,1,143.0,152.0,1,130.0,133.5,133.5,133.5,1.0,133.5,341
2023-05-11 09:20:11,OI401P7200,OI401P7200,133.5,0.0,0.0,0.0,1,143.0,151.5,1,130.0,133.5,133.5,133.5,1.0,133.5,341
2023-05-11 09:20:30,OI401P7200,OI401P7200,133.5,0.0,0.0,0.0,1,143.0,151.0,1,130.0,133.5,133.5,133.5,1.0,133.5,341
2023-05-11 09:20:32,OI401P7200,OI401P7200,133.5,0.0,0.0,0.0,1,143.0,150.5,1,130.0,133.5,133.5,133.5,1.0,133.5,341
2023-05-11 09:21:00,OI401P7200,OI401P7200,133.5,0.0,0.0,0.0,1,143.0,150.0,1,130.0,133.5,133.5,133.5,1.0,133.5,341
2023-05-11 09:21:06,OI401P7200,OI401P7200,133.5,0.0,0.0,0.0,10,111.5,150.0,1,130.0,133.5,133.5,133.5,1.0,133.5,341
2023-05-11 09:21:06,OI401P7200,OI401P7200,133.5,0.0,0.0,0.0,1,140.5,150.0,1,130.0,133.5,133.5,133.5,1.0,133.5,341
2023-05-11 09:21:13,OI401P7200,OI401P7200,133.5,0.0,0.0,0.0,1,141.0,150.0,1,130.0,133.5,133.5,133.5,1.0,133.5,341
2023-05-11 09:21:28,OI401P7200,OI401P7200,133.5,0.0,0.0,0.0,1,141.5,150.0,1,130.0,133.5,133.5,133.5,1.0,133.5,341
2023-05-11 09:21:38,OI401P7200,OI401P7200,133.5,0.0,0.0,0.0,1,142.0,150.0,1,130.0,133.5,133.5,133.5,1.0,133.5,341
2023-05-11 09:22:18,OI401P7200,OI401P7200,133.5,0.0,0.0,0.0,1,142.0,149.5,1,130.0,133.5,133.5,133.5,1.0,133.5,341
2023-05-11 09:22:21,OI401P7200,OI401P7200,133.5,0.0,0.0,0.0,1,142.0,149.0,1,130.0,133.5,133.5,133.5,1.0,133.5,341
2023-05-11 09:24:00,OI401P7200,OI401P7200,133.5,0.0,0.0,0.0,1,141.5,148.5,1,130.0,133.5,133.5,133.5,1.0,133.5,341
2023-05-11 09:24:01,OI401P7200,OI401P7200,133.5,0.0,0.0,0.0,1,111.0,148.5,1,130.0,133.5,133.5,133.5,1.0,133.5,341
2023-05-11 09:24:01,OI401P7200,OI401P7200,133.5,0.0,0.0,0.0,2,115.0,148.5,1,130.0,133.5,133.5,133.5,1.0,133.5,341
2023-05-11 09:24:02,OI401P7200,OI401P7200,133.5,0.0,0.0,0.0,1,138.5,148.0,1,130.0,133.5,133.5,133.5,1.0,133.5,341
2023-05-11 09:24:03,OI401P7200,OI401P7200,133.5,0.0,0.0,0.0,1,138.5,147.5,1,130.0,133.5,133.5,133.5,1.0,133.5,341
2023-05-11 09:24:11,OI401P7200,OI401P7200,133.5,0.0,0.0,0.0,1,138.5,147.0,1,130.0,133.5,133.5,133.5,1.0,133.5,341
2023-05-11 09:24:50,OI401P7200,OI401P7200,133.5,0.0,0.0,0.0,1,139.0,147.0,1,130.0,133.5,133.5,133.5,1.0,133.5,341
2023-05-11 09:26:04,OI401P7200,OI401P7200,133.5,0.0,0.0,0.0,1,139.0,146.5,1,130.0,133.5,133.5,133.5,1.0,133.5,341
2023-05-11 09:26:14,OI401P7200,OI401P7200,133.5,0.0,0.0,0.0,1,139.0,146.0,1,130.0,133.5,133.5,133.5,1.0,133.5,341
2023-05-11 09:26:52,OI401P7200,OI401P7200,133.5,0.0,0.0,0.0,1,138.5,146.0,1,130.0,133.5,133.5,133.5,1.0,133.5,341
2023-05-11 09:26:54,OI401P7200,OI401P7200,133.5,0.0,0.0,0.0,1,138.5,145.5,1,130.0,133.5,133.5,133.5,1.0,133.5,341
2023-05-11 09:27:03,OI401P7200,OI401P7200,133.5,0.0,0.0,0.0,1,135.5,145.0,1,130.0,133.5,133.5,133.5,1.0,133.5,341
2023-05-11 09:27:05,OI401P7200,OI401P7200,133.5,0.0,0.0,0.0,1,136.0,145.0,1,130.0,133.5,133.5,133.5,1.0,133.5,341
2023-05-11 09:27:19,OI401P7200,OI401P7200,133.5,0.0,0.0,0.0,1,136.5,145.0,1,130.0,133.5,133.5,133.5,1.0,133.5,341
2023-05-11 09:27:28,OI401P7200,OI401P7200,133.5,0.0,0.0,0.0,1,137.0,145.0,1,130.0,133.5,133.5,133.5,1.0,133.5,341
2023-05-11 09:27:31,OI401P7200,OI401P7200,133.5,0.0,0.0,0.0,1,137.5,145.0,1,130.0,133.5,133.5,133.5,1.0,133.5,341
2023-05-11 09:27:56,OI401P7200,OI401P7200,133.5,0.0,0.0,0.0,1,138.0,145.0,1,130.0,133.5,133.5,133.5,1.0,133.5,341
2023-05-11 09:28:03,OI401P7200,OI401P7200,133.5,0.0,0.0,0.0,1,138.5,145.0,1,130.0,133.5,133.5,133.5,1.0,133.5,341
2023-05-11 09:28:13,OI401P7200,OI401P7200,133.5,0.0,0.0,0.0,1,139.0,145.0,1,130.0,133.5,133.5,133.5,1.0,133.5,341
2023-05-11 09:28:15,OI401P7200,OI401P7200,133.5,0.0,0.0,0.0,1,139.0,145.5,1,130.0,133.5,133.5,133.5,1.0,133.5,341
2023-05-11 09:28:38,OI401P7200,OI401P7200,133.5,0.0,0.0,0.0,1,139.5,145.5,1,130.0,133.5,133.5,133.5,1.0,133.5,341
2023-05-11 09:29:03,OI401P7200,OI401P7200,133.5,0.0,0.0,0.0,1,139.5,149.5,1,130.0,133.5,133.5,133.5,1.0,133.5,341
2023-05-11 09:29:05,OI401P7200,OI401P7200,133.5,0.0,0.0,0.0,1,140.0,149.5,1,130.0,133.5,133.5,133.5,1.0,133.5,341
2023-05-11 09:29:17,OI401P7200,OI401P7200,133.5,0.0,0.0,0.0,1,140.5,149.5,1,130.0,133.5,133.5,133.5,1.0,133.5,341
2023-05-11 09:30:05,OI401P7200,OI401P7200,133.5,0.0,0.0,0.0,1,141.0,149.5,1,130.0,133.5,133.5,133.5,1.0,133.5,341
2023-05-11 09:30:28,OI401P7200,OI401P7200,133.5,0.0,0.0,0.0,1,141.5,149.5,1,130.0,133.5,133.5,133.5,1.0,133.5,341
2023-05-11 09:30:42,OI401P7200,OI401P7200,133.5,0.0,0.0,0.0,1,142.0,149.5,1,130.0,133.5,133.5,133.5,1.0,133.5,341
2023-05-11 09:31:04,OI401P7200,OI401P7200,133.5,0.0,0.0,0.0,1,142.5,149.5,1,130.0,133.5,133.5,133.5,1.0,133.5,341
2023-05-11 09:31:10,OI401P7200,OI401P7200,133.5,0.0,0.0,0.0,1,143.0,149.5,1,130.0,133.5,133.5,133.5,1.0,133.5,341
2023-05-11 09:31:17,OI401P7200,OI401P7200,133.5,0.0,0.0,0.0,1,143.5,149.5,1,130.0,133.5,133.5,133.5,1.0,133.5,341
2023-05-11 09:31:18,OI401P7200,OI401P7200,133.5,0.0,0.0,0.0,1,143.5,153.0,1,130.0,133.5,133.5,133.5,1.0,133.5,341
2023-05-11 09:31:20,OI401P7200,OI401P7200,133.5,0.0,0.0,0.0,1,144.0,153.0,1,130.0,133.5,133.5,133.5,1.0,133.5,341
2023-05-11 09:31:25,OI401P7200,OI401P7200,133.5,0.0,0.0,0.0,1,144.5,153.0,1,130.0,133.5,133.5,133.5,1.0,133.5,341
2023-05-11 09:32:22,OI401P7200,OI401P7200,133.5,0.0,0.0,0.0,1,145.0,153.0,1,130.0,133.5,133.5,133.5,1.0,133.5,341
2023-05-11 09:32:26,OI401P7200,OI401P7200,133.5,0.0,0.0,0.0,1,145.5,153.0,1,130.0,133.5,133.5,133.5,1.0,133.5,341
2023-05-11 09:32:52,OI401P7200,OI401P7200,133.5,0.0,0.0,0.0,1,146.0,153.0,1,130.0,133.5,133.5,133.5,1.0,133.5,341
2023-05-11 09:34:07,OI401P7200,OI401P7200,133.5,0.0,0.0,0.0,1,145.5,152.5,1,130.0,133.5,133.5,133.5,1.0,133.5,341
2023-05-11 09:34:21,OI401P7200,OI401P7200,133.5,0.0,0.0,0.0,1,142.5,152.0,1,130.0,133.5,133.5,133.5,1.0,133.5,341
2023-05-11 09:34:31,OI401P7200,OI401P7200,133.5,0.0,0.0,0.0,1,143.0,152.0,1,130.0,133.5,133.5,133.5,1.0,133.5,341
2023-05-11 09:34:34,OI401P7200,OI401P7200,133.5,0.0,0.0,0.0,1,143.5,152.0,1,130.0,133.5,133.5,133.5,1.0,133.5,341
2023-05-11 09:34:36,OI401P7200,OI401P7200,133.5,0.0,0.0,0.0,1,144.0,152.0,1,130.0,133.5,133.5,133.5,1.0,133.5,341
2023-05-11 09:35:05,OI401P7200,OI401P7200,133.5,0.0,0.0,0.0,1,144.5,152.0,1,130.0,133.5,133.5,133.5,1.0,133.5,341
2023-05-11 09:35:12,OI401P7200,OI401P7200,133.5,0.0,0.0,0.0,1,145.0,152.0,1,130.0,133.5,133.5,133.5,1.0,133.5,341
2023-05-11 09:35:17,OI401P7200,OI401P7200,133.5,0.0,0.0,0.0,1,145.5,152.0,1,130.0,133.5,133.5,133.5,1.0,133.5,341
2023-05-11 09:35:30,OI401P7200,OI401P7200,133.5,0.0,0.0,0.0,1,146.0,152.0,1,130.0,133.5,133.5,133.5,1.0,133.5,341
2023-05-11 09:35:33,OI401P7200,OI401P7200,133.5,0.0,0.0,0.0,1,146.0,152.5,1,130.0,133.5,133.5,133.5,1.0,133.5,341
2023-05-11 09:36:04,OI401P7200,OI401P7200,133.5,0.0,0.0,0.0,1,146.5,152.5,1,130.0,133.5,133.5,133.5,1.0,133.5,341
2023-05-11 09:36:35,OI401P7200,OI401P7200,133.5,0.0,0.0,0.0,1,146.5,156.0,1,130.0,133.5,133.5,133.5,1.0,133.5,341
2023-05-11 09:36:43,OI401P7200,OI401P7200,133.5,0.0,0.0,0.0,1,146.5,155.5,1,130.0,133.5,133.5,133.5,1.0,133.5,341
2023-05-11 09:36:55,OI401P7200,OI401P7200,133.5,0.0,0.0,0.0,1,147.0,155.5,1,130.0,133.5,133.5,133.5,1.0,133.5,341
2023-05-11 09:37:06,OI401P7200,OI401P7200,133.5,0.0,0.0,0.0,1,147.0,155.0,1,130.0,133.5,133.5,133.5,1.0,133.5,341
2023-05-11 09:37:07,OI401P7200,OI401P7200,133.5,0.0,0.0,0.0,1,147.0,154.5,1,130.0,133.5,133.5,133.5,1.0,133.5,341
2023-05-11 09:37:10,OI401P7200,OI401P7200,133.5,0.0,0.0,0.0,1,147.0,154.0,1,130.0,133.5,133.5,133.5,1.0,133.5,341
2023-05-11 09:38:21,OI401P7200,OI401P7200,133.5,0.0,0.0,0.0,1,146.5,153.5,1,130.0,133.5,133.5,133.5,1.0,133.5,341
2023-05-11 09:39:02,OI401P7200,OI401P7200,133.5,0.0,0.0,0.0,1,143.5,153.0,1,130.0,133.5,133.5,133.5,1.0,133.5,341
2023-05-11 09:39:06,OI401P7200,OI401P7200,133.5,0.0,0.0,0.0,1,143.5,152.5,1,130.0,133.5,133.5,133.5,1.0,133.5,341
2023-05-11 09:39:38,OI401P7200,OI401P7200,133.5,0.0,0.0,0.0,1,144.0,152.5,1,130.0,133.5,133.5,133.5,1.0,133.5,341
2023-05-11 09:39:42,OI401P7200,OI401P7200,133.5,0.0,0.0,0.0,1,144.5,152.5,1,130.0,133.5,133.5,133.5,1.0,133.5,341
2023-05-11 09:39:54,OI401P7200,OI401P7200,133.5,0.0,0.0,0.0,1,145.0,152.5,1,130.0,133.5,133.5,133.5,1.0,133.5,341
2023-05-11 09:40:28,OI401P7200,OI401P7200,133.5,0.0,0.0,0.0,1,145.5,152.5,1,130.0,133.5,133.5,133.5,1.0,133.5,341
2023-05-11 09:40:58,OI401P7200,OI401P7200,133.5,0.0,0.0,0.0,1,146.0,152.5,1,130.0,133.5,133.5,133.5,1.0,133.5,341
2023-05-11 09:41:02,OI401P7200,OI401P7200,133.5,0.0,0.0,0.0,1,146.5,153.0,1,130.0,133.5,133.5,133.5,1.0,133.5,341
2023-05-11 09:41:09,OI401P7200,OI401P7200,133.5,0.0,0.0,0.0,1,147.0,157.0,1,130.0,133.5,133.5,133.5,1.0,133.5,341
2023-05-11 09:41:12,OI401P7200,OI401P7200,133.5,0.0,0.0,0.0,1,147.5,157.0,1,130.0,133.5,133.5,133.5,1.0,133.5,341
2023-05-11 09:41:14,OI401P7200,OI401P7200,133.5,0.0,0.0,0.0,1,147.5,156.5,1,130.0,133.5,133.5,133.5,1.0,133.5,341
2023-05-11 09:41:17,OI401P7200,OI401P7200,133.5,0.0,0.0,0.0,1,147.5,156.0,1,130.0,133.5,133.5,133.5,1.0,133.5,341
2023-05-11 09:41:20,OI401P7200,OI401P7200,133.5,0.0,0.0,0.0,1,147.5,155.5,1,130.0,133.5,133.5,133.5,1.0,133.5,341
2023-05-11 09:41:22,OI401P7200,OI401P7200,133.5,0.0,0.0,0.0,1,147.5,155.0,1,130.0,133.5,133.5,133.5,1.0,133.5,341
2023-05-11 09:41:28,OI401P7200,OI401P7200,133.5,0.0,0.0,0.0,1,147.5,154.5,1,130.0,133.5,133.5,133.5,1.0,133.5,341
2023-05-11 09:41:35,OI401P7200,OI401P7200,133.5,0.0,0.0,0.0,1,147.0,154.0,1,130.0,133.5,133.5,133.5,1.0,133.5,341
2023-05-11 09:43:17,OI401P7200,OI401P7200,133.5,0.0,0.0,0.0,1,147.5,154.0,1,130.0,133.5,133.5,133.5,1.0,133.5,341
2023-05-11 09:43:23,OI401P7200,OI401P7200,133.5,0.0,0.0,0.0,1,148.0,154.0,1,130.0,133.5,133.5,133.5,1.0,133.5,341
2023-05-11 09:44:49,OI401P7200,OI401P7200,133.5,0.0,0.0,0.0,1,147.5,154.0,1,130.0,133.5,133.5,133.5,1.0,133.5,341
2023-05-11 09:45:02,OI401P7200,OI401P7200,133.5,0.0,0.0,0.0,1,144.5,154.0,1,130.0,133.5,133.5,133.5,1.0,133.5,341
2023-05-11 09:45:07,OI401P7200,OI401P7200,133.5,0.0,0.0,0.0,1,145.0,154.0,1,130.0,133.5,133.5,133.5,1.0,133.5,341
2023-05-11 09:45:52,OI401P7200,OI401P7200,133.5,0.0,0.0,0.0,1,145.0,153.5,1,130.0,133.5,133.5,133.5,1.0,133.5,341
2023-05-11 09:46:05,OI401P7200,OI401P7200,133.5,0.0,0.0,0.0,1,145.0,153.0,1,130.0,133.5,133.5,133.5,1.0,133.5,341
2023-05-11 09:46:58,OI401P7200,OI401P7200,133.5,0.0,0.0,0.0,1,145.5,153.0,1,130.0,133.5,133.5,133.5,1.0,133.5,341
2023-05-11 09:47:16,OI401P7200,OI401P7200,133.5,0.0,0.0,0.0,1,146.0,153.0,1,130.0,133.5,133.5,133.5,1.0,133.5,341
2023-05-11 09:48:04,OI401P7200,OI401P7200,133.5,0.0,0.0,0.0,1,146.5,153.0,1,130.0,133.5,133.5,133.5,1.0,133.5,341
2023-05-11 09:48:09,OI401P7200,OI401P7200,133.5,0.0,0.0,0.0,1,147.0,153.0,1,130.0,133.5,133.5,133.5,1.0,133.5,341
2023-05-11 09:48:09,OI401P7200,OI401P7200,133.5,0.0,0.0,0.0,1,147.0,153.5,1,130.0,133.5,133.5,133.5,1.0,133.5,341
2023-05-11 09:48:10,OI401P7200,OI401P7200,133.5,0.0,0.0,0.0,1,147.5,153.5,1,130.0,133.5,133.5,133.5,1.0,133.5,341
2023-05-11 09:48:27,OI401P7200,OI401P7200,133.5,0.0,0.0,0.0,1,147.5,157.5,1,130.0,133.5,133.5,133.5,1.0,133.5,341
2023-05-11 09:48:27,OI401P7200,OI401P7200,133.5,0.0,0.0,0.0,1,147.5,157.0,1,130.0,133.5,133.5,133.5,1.0,133.5,341
2023-05-11 09:48:30,OI401P7200,OI401P7200,133.5,0.0,0.0,0.0,1,148.0,157.0,1,130.0,133.5,133.5,133.5,1.0,133.5,341
2023-05-11 09:48:32,OI401P7200,OI401P7200,133.5,0.0,0.0,0.0,1,148.0,156.5,1,130.0,133.5,133.5,133.5,1.0,133.5,341
2023-05-11 09:48:36,OI401P7200,OI401P7200,133.5,0.0,0.0,0.0,1,148.0,156.0,1,130.0,133.5,133.5,133.5,1.0,133.5,341
2023-05-11 09:48:37,OI401P7200,OI401P7200,133.5,0.0,0.0,0.0,1,148.0,155.5,1,130.0,133.5,133.5,133.5,1.0,133.5,341
2023-05-11 09:51:06,OI401P7200,OI401P7200,133.5,0.0,0.0,0.0,1,148.5,155.5,1,130.0,133.5,133.5,133.5,1.0,133.5,341
2023-05-11 09:51:11,OI401P7200,OI401P7200,133.5,0.0,0.0,0.0,1,149.0,155.5,1,130.0,133.5,133.5,133.5,1.0,133.5,341
2023-05-11 09:54:27,OI401P7200,OI401P7200,133.5,0.0,0.0,0.0,1,149.5,155.5,1,130.0,133.5,133.5,133.5,1.0,133.5,341
2023-05-11 09:54:28,OI401P7200,OI401P7200,133.5,0.0,0.0,0.0,1,150.0,156.0,1,130.0,133.5,133.5,133.5,1.0,133.5,341
2023-05-11 09:54:30,OI401P7200,OI401P7200,133.5,0.0,0.0,0.0,1,150.0,159.5,1,130.0,133.5,133.5,133.5,1.0,133.5,341
2023-05-11 09:54:31,OI401P7200,OI401P7200,133.5,0.0,0.0,0.0,1,150.5,159.5,1,130.0,133.5,133.5,133.5,1.0,133.5,341
2023-05-11 09:54:43,OI401P7200,OI401P7200,133.5,0.0,0.0,0.0,1,151.0,159.5,1,130.0,133.5,133.5,133.5,1.0,133.5,341
2023-05-11 09:55:29,OI401P7200,OI401P7200,133.5,0.0,0.0,0.0,1,151.5,159.5,1,130.0,133.5,133.5,133.5,1.0,133.5,341
2023-05-11 09:55:36,OI401P7200,OI401P7200,133.5,0.0,0.0,0.0,1,152.0,159.5,1,130.0,133.5,133.5,133.5,1.0,133.5,341
2023-05-11 09:55:38,OI401P7200,OI401P7200,133.5,0.0,0.0,0.0,1,152.5,159.5,1,130.0,133.5,133.5,133.5,1.0,133.5,341
2023-05-11 09:56:24,OI401P7200,OI401P7200,133.5,0.0,0.0,0.0,1,152.0,159.0,1,130.0,133.5,133.5,133.5,1.0,133.5,341
2023-05-11 09:58:08,OI401P7200,OI401P7200,133.5,0.0,0.0,0.0,1,152.5,159.0,1,130.0,133.5,133.5,133.5,1.0,133.5,341
2023-05-11 09:59:15,OI401P7200,OI401P7200,133.5,0.0,0.0,0.0,1,153.0,159.0,1,130.0,133.5,133.5,133.5,1.0,133.5,341
2023-05-11 09:59:16,OI401P7200,OI401P7200,133.5,0.0,0.0,0.0,1,153.0,159.5,1,130.0,133.5,133.5,133.5,1.0,133.5,341
2023-05-11 09:59:20,OI401P7200,OI401P7200,133.5,0.0,0.0,0.0,1,153.5,159.5,1,130.0,133.5,133.5,133.5,1.0,133.5,341
2023-05-11 09:59:21,OI401P7200,OI401P7200,133.5,0.0,0.0,0.0,1,153.5,163.5,1,130.0,133.5,133.5,133.5,1.0,133.5,341
2023-05-11 09:59:23,OI401P7200,OI401P7200,133.5,0.0,0.0,0.0,1,153.5,163.0,1,130.0,133.5,133.5,133.5,1.0,133.5,341
2023-05-11 09:59:26,OI401P7200,OI401P7200,133.5,0.0,0.0,0.0,1,154.0,163.0,1,130.0,133.5,133.5,133.5,1.0,133.5,341
2023-05-11 09:59:28,OI401P7200,OI401P7200,133.5,0.0,0.0,0.0,1,154.5,163.0,1,130.0,133.5,133.5,133.5,1.0,133.5,341
2023-05-11 09:59:41,OI401P7200,OI401P7200,133.5,0.0,0.0,0.0,1,155.0,163.0,1,130.0,133.5,133.5,133.5,1.0,133.5,341
2023-05-11 09:59:42,OI401P7200,OI401P7200,133.5,0.0,0.0,0.0,1,155.5,163.0,1,130.0,133.5,133.5,133.5,1.0,133.5,341
2023-05-11 10:00:14,OI401P7200,OI401P7200,133.5,0.0,0.0,0.0,1,155.5,162.5,1,130.0,133.5,133.5,133.5,1.0,133.5,341
2023-05-11 10:01:17,OI401P7200,OI401P7200,133.5,0.0,0.0,0.0,1,155.0,162.5,1,130.0,133.5,133.5,133.5,1.0,133.5,341
2023-05-11 10:02:00,OI401P7200,OI401P7200,133.5,0.0,0.0,0.0,1,155.5,162.5,1,130.0,133.5,133.5,133.5,1.0,133.5,341
2023-05-11 10:07:26,OI401P7200,OI401P7200,133.5,0.0,0.0,0.0,1,155.0,162.0,1,130.0,133.5,133.5,133.5,1.0,133.5,341
2023-05-11 10:08:11,OI401P7200,OI401P7200,133.5,0.0,0.0,0.0,1,155.5,162.5,1,130.0,133.5,133.5,133.5,1.0,133.5,341
2023-05-11 10:08:11,OI401P7200,OI401P7200,133.5,0.0,0.0,0.0,1,155.5,178.5,1,130.0,133.5,133.5,133.5,1.0,133.5,341
2023-05-11 10:08:13,OI401P7200,OI401P7200,133.5,0.0,0.0,0.0,1,155.5,165.5,1,130.0,133.5,133.5,133.5,1.0,133.5,341
2023-05-11 10:08:14,OI401P7200,OI401P7200,133.5,0.0,0.0,0.0,1,156.0,165.5,1,130.0,133.5,133.5,133.5,1.0,133.5,341
2023-05-11 10:08:16,OI401P7200,OI401P7200,133.5,0.0,0.0,0.0,1,156.5,165.5,1,130.0,133.5,133.5,133.5,1.0,133.5,341
2023-05-11 10:08:21,OI401P7200,OI401P7200,133.5,0.0,0.0,0.0,1,157.0,165.5,1,130.0,133.5,133.5,133.5,1.0,133.5,341
2023-05-11 10:08:25,OI401P7200,OI401P7200,133.5,0.0,0.0,0.0,1,157.5,165.5,1,130.0,133.5,133.5,133.5,1.0,133.5,341
2023-05-11 10:08:26,OI401P7200,OI401P7200,133.5,0.0,0.0,0.0,1,158.0,165.5,1,130.0,133.5,133.5,133.5,1.0,133.5,341
2023-05-11 10:08:28,OI401P7200,OI401P7200,133.5,0.0,0.0,0.0,1,158.5,165.5,1,130.0,133.5,133.5,133.5,1.0,133.5,341
2023-05-11 10:08:37,OI401P7200,OI401P7200,133.5,0.0,0.0,0.0,1,159.0,165.5,1,130.0,133.5,133.5,133.5,1.0,133.5,341
2023-05-11 10:08:45,OI401P7200,OI401P7200,133.5,0.0,0.0,0.0,1,159.5,169.5,1,130.0,133.5,133.5,133.5,1.0,133.5,341
2023-05-11 10:08:47,OI401P7200,OI401P7200,133.5,0.0,0.0,0.0,1,159.5,168.5,1,130.0,133.5,133.5,133.5,1.0,133.5,341
2023-05-11 10:08:58,OI401P7200,OI401P7200,133.5,0.0,0.0,0.0,1,159.5,168.0,1,130.0,133.5,133.5,133.5,1.0,133.5,341
2023-05-11 10:09:02,OI401P7200,OI401P7200,133.5,0.0,0.0,0.0,1,159.5,167.5,1,130.0,133.5,133.5,133.5,1.0,133.5,341
2023-05-11 10:09:08,OI401P7200,OI401P7200,133.5,0.0,0.0,0.0,1,159.5,167.0,1,130.0,133.5,133.5,133.5,1.0,133.5,341
2023-05-11 10:09:43,OI401P7200,OI401P7200,133.5,0.0,0.0,0.0,1,159.5,166.5,1,130.0,133.5,133.5,133.5,1.0,133.5,341
2023-05-11 10:09:50,OI401P7200,OI401P7200,133.5,0.0,0.0,0.0,1,159.0,166.5,1,130.0,133.5,133.5,133.5,1.0,133.5,341
2023-05-11 10:09:51,OI401P7200,OI401P7200,133.5,0.0,0.0,0.0,1,159.0,166.0,1,130.0,133.5,133.5,133.5,1.0,133.5,341
2023-05-11 10:11:12,OI401P7200,OI401P7200,133.5,0.0,0.0,0.0,1,156.0,166.0,1,130.0,133.5,133.5,133.5,1.0,133.5,341
2023-05-11 10:11:20,OI401P7200,OI401P7200,133.5,0.0,0.0,0.0,1,156.0,165.5,1,130.0,133.5,133.5,133.5,1.0,133.5,341
2023-05-11 10:11:22,OI401P7200,OI401P7200,133.5,0.0,0.0,0.0,1,156.5,165.5,1,130.0,133.5,133.5,133.5,1.0,133.5,341
2023-05-11 10:11:26,OI401P7200,OI401P7200,133.5,0.0,0.0,0.0,1,157.0,165.5,1,130.0,133.5,133.5,133.5,1.0,133.5,341
2023-05-11 10:12:04,OI401P7200,OI401P7200,133.5,0.0,0.0,0.0,1,157.5,165.5,1,130.0,133.5,133.5,133.5,1.0,133.5,341
2023-05-11 10:12:08,OI401P7200,OI401P7200,133.5,0.0,0.0,0.0,1,158.0,165.5,1,130.0,133.5,133.5,133.5,1.0,133.5,341
2023-05-11 10:12:56,OI401P7200,OI401P7200,133.5,0.0,0.0,0.0,1,158.0,165.0,1,130.0,133.5,133.5,133.5,1.0,133.5,341
2023-05-11 10:13:10,OI401P7200,OI401P7200,133.5,0.0,0.0,0.0,1,157.5,165.0,1,130.0,133.5,133.5,133.5,1.0,133.5,341
2023-05-11 10:13:15,OI401P7200,OI401P7200,133.5,0.0,0.0,0.0,1,157.5,164.5,1,130.0,133.5,133.5,133.5,1.0,133.5,341
2023-05-11 10:13:31,OI401P7200,OI401P7200,133.5,0.0,0.0,0.0,1,154.5,164.5,1,130.0,133.5,133.5,133.5,1.0,133.5,341
2023-05-11 10:13:32,OI401P7200,OI401P7200,133.5,0.0,0.0,0.0,1,155.0,164.5,1,130.0,133.5,133.5,133.5,1.0,133.5,341
2023-05-11 10:13:44,OI401P7200,OI401P7200,133.5,0.0,0.0,0.0,1,155.0,164.0,1,130.0,133.5,133.5,133.5,1.0,133.5,341
2023-05-11 10:30:03,OI401P7200,OI401P7200,133.5,0.0,0.0,0.0,1,155.0,163.5,1,130.0,133.5,133.5,133.5,1.0,133.5,341
2023-05-11 10:30:04,OI401P7200,OI401P7200,133.5,0.0,0.0,0.0,1,155.0,163.0,1,130.0,133.5,133.5,133.5,1.0,133.5,341
2023-05-11 10:30:20,OI401P7200,OI401P7200,133.5,0.0,0.0,0.0,1,155.0,162.5,1,130.0,133.5,133.5,133.5,1.0,133.5,341
2023-05-11 10:30:39,OI401P7200,OI401P7200,133.5,0.0,0.0,0.0,1,155.5,162.5,1,130.0,133.5,133.5,133.5,1.0,133.5,341
2023-05-11 10:31:59,OI401P7200,OI401P7200,133.5,0.0,0.0,0.0,1,156.0,162.5,1,130.0,133.5,133.5,133.5,1.0,133.5,341
2023-05-11 10:32:04,OI401P7200,OI401P7200,133.5,0.0,0.0,0.0,1,156.5,163.0,1,130.0,133.5,133.5,133.5,1.0,133.5,341
2023-05-11 10:36:32,OI401P7200,OI401P7200,133.5,0.0,0.0,0.0,1,156.0,163.0,1,130.0,133.5,133.5,133.5,1.0,133.5,341
2023-05-11 10:40:38,OI401P7200,OI401P7200,133.5,0.0,0.0,0.0,1,156.5,163.0,1,130.0,133.5,133.5,133.5,1.0,133.5,341
2023-05-11 10:40:46,OI401P7200,OI401P7200,133.5,0.0,0.0,0.0,1,157.0,166.5,1,130.0,133.5,133.5,133.5,1.0,133.5,341
2023-05-11 10:41:11,OI401P7200,OI401P7200,133.5,0.0,0.0,0.0,1,157.5,166.5,1,130.0,133.5,133.5,133.5,1.0,133.5,341
2023-05-11 10:42:11,OI401P7200,OI401P7200,133.5,0.0,0.0,0.0,1,158.0,166.5,1,130.0,133.5,133.5,133.5,1.0,133.5,341
2023-05-11 10:43:25,OI401P7200,OI401P7200,133.5,0.0,0.0,0.0,1,158.5,166.5,1,130.0,133.5,133.5,133.5,1.0,133.5,341
2023-05-11 10:43:26,OI401P7200,OI401P7200,133.5,0.0,0.0,0.0,1,159.0,166.5,1,130.0,133.5,133.5,133.5,1.0,133.5,341
2023-05-11 10:46:08,OI401P7200,OI401P7200,133.5,0.0,0.0,0.0,1,159.5,166.5,1,130.0,133.5,133.5,133.5,1.0,133.5,341
2023-05-11 10:47:15,OI401P7200,OI401P7200,133.5,0.0,0.0,0.0,1,160.0,166.5,1,130.0,133.5,133.5,133.5,1.0,133.5,341
2023-05-11 10:47:25,OI401P7200,OI401P7200,133.5,0.0,0.0,0.0,1,160.5,167.0,1,130.0,133.5,133.5,133.5,1.0,133.5,341
2023-05-11 10:47:27,OI401P7200,OI401P7200,133.5,0.0,0.0,0.0,1,160.5,178.5,1,130.0,133.5,133.5,133.5,1.0,133.5,341
2023-05-11 10:47:29,OI401P7200,OI401P7200,133.5,0.0,0.0,0.0,1,160.5,171.0,1,130.0,133.5,133.5,133.5,1.0,133.5,341
2023-05-11 10:47:29,OI401P7200,OI401P7200,133.5,0.0,0.0,0.0,1,161.0,171.0,1,130.0,133.5,133.5,133.5,1.0,133.5,341
2023-05-11 10:47:33,OI401P7200,OI401P7200,133.5,0.0,0.0,0.0,1,161.5,171.0,1,130.0,133.5,133.5,133.5,1.0,133.5,341
2023-05-11 10:47:34,OI401P7200,OI401P7200,133.5,0.0,0.0,0.0,1,161.5,170.5,1,130.0,133.5,133.5,133.5,1.0,133.5,341
2023-05-11 10:47:44,OI401P7200,OI401P7200,133.5,0.0,0.0,0.0,1,161.5,170.0,1,130.0,133.5,133.5,133.5,1.0,133.5,341
2023-05-11 10:47:45,OI401P7200,OI401P7200,133.5,0.0,0.0,0.0,1,161.5,169.5,1,130.0,133.5,133.5,133.5,1.0,133.5,341
2023-05-11 10:50:22,OI401P7200,OI401P7200,133.5,0.0,0.0,0.0,1,162.0,169.5,1,130.0,133.5,133.5,133.5,1.0,133.5,341
2023-05-11 10:50:32,OI401P7200,OI401P7200,133.5,0.0,0.0,0.0,1,162.5,169.5,1,130.0,133.5,133.5,133.5,1.0,133.5,341
2023-05-11 10:50:41,OI401P7200,OI401P7200,133.5,0.0,0.0,0.0,1,163.0,169.5,1,130.0,133.5,133.5,133.5,1.0,133.5,341
2023-05-11 10:51:01,OI401P7200,OI401P7200,133.5,0.0,0.0,0.0,1,163.5,169.5,1,130.0,133.5,133.5,133.5,1.0,133.5,341
2023-05-11 10:51:01,OI401P7200,OI401P7200,133.5,0.0,0.0,0.0,1,163.5,170.0,1,130.0,133.5,133.5,133.5,1.0,133.5,341
2023-05-11 10:53:03,OI401P7200,OI401P7200,133.5,0.0,0.0,0.0,1,164.0,178.5,1,130.0,133.5,133.5,133.5,1.0,133.5,341
2023-05-11 10:53:04,OI401P7200,OI401P7200,133.5,0.0,0.0,0.0,1,164.0,173.5,1,130.0,133.5,133.5,133.5,1.0,133.5,341
2023-05-11 10:53:05,OI401P7200,OI401P7200,133.5,0.0,0.0,0.0,1,164.0,173.0,1,130.0,133.5,133.5,133.5,1.0,133.5,341
2023-05-11 10:54:28,OI401P7200,OI401P7200,133.5,0.0,0.0,0.0,1,164.5,173.0,1,130.0,133.5,133.5,133.5,1.0,133.5,341
2023-05-11 10:55:03,OI401P7200,OI401P7200,133.5,0.0,0.0,0.0,1,165.0,173.0,1,130.0,133.5,133.5,133.5,1.0,133.5,341
2023-05-11 10:55:32,OI401P7200,OI401P7200,133.5,0.0,0.0,0.0,1,165.5,173.0,1,130.0,133.5,133.5,133.5,1.0,133.5,341
2023-05-11 10:55:36,OI401P7200,OI401P7200,133.5,0.0,0.0,0.0,1,166.0,173.0,1,130.0,133.5,133.5,133.5,1.0,133.5,341
2023-05-11 10:57:23,OI401P7200,OI401P7200,133.5,0.0,0.0,0.0,1,165.5,173.0,1,130.0,133.5,133.5,133.5,1.0,133.5,341
2023-05-11 10:57:26,OI401P7200,OI401P7200,133.5,0.0,0.0,0.0,1,165.5,172.5,1,130.0,133.5,133.5,133.5,1.0,133.5,341
2023-05-11 10:57:27,OI401P7200,OI401P7200,133.5,0.0,0.0,0.0,1,162.5,172.5,1,130.0,133.5,133.5,133.5,1.0,133.5,341
2023-05-11 10:57:31,OI401P7200,OI401P7200,133.5,0.0,0.0,0.0,1,163.0,172.5,1,130.0,133.5,133.5,133.5,1.0,133.5,341
2023-05-11 10:58:02,OI401P7200,OI401P7200,133.5,0.0,0.0,0.0,1,163.0,172.0,1,130.0,133.5,133.5,133.5,1.0,133.5,341
2023-05-11 10:58:14,OI401P7200,OI401P7200,133.5,0.0,0.0,0.0,1,163.0,171.5,1,130.0,133.5,133.5,133.5,1.0,133.5,341
2023-05-11 10:58:17,OI401P7200,OI401P7200,133.5,0.0,0.0,0.0,1,163.0,171.0,1,130.0,133.5,133.5,133.5,1.0,133.5,341
2023-05-11 11:00:35,OI401P7200,OI401P7200,133.5,0.0,0.0,0.0,1,163.5,171.0,1,130.0,133.5,133.5,133.5,1.0,133.5,341
2023-05-11 11:00:39,OI401P7200,OI401P7200,133.5,0.0,0.0,0.0,1,164.0,171.0,1,130.0,133.5,133.5,133.5,1.0,133.5,341
2023-05-11 11:02:19,OI401P7200,OI401P7200,133.5,0.0,0.0,0.0,1,163.5,171.0,1,130.0,133.5,133.5,133.5,1.0,133.5,341
2023-05-11 11:03:40,OI401P7200,OI401P7200,133.5,0.0,0.0,0.0,1,163.5,170.5,1,130.0,133.5,133.5,133.5,1.0,133.5,341
2023-05-11 11:03:51,OI401P7200,OI401P7200,133.5,0.0,0.0,0.0,1,160.5,170.5,1,130.0,133.5,133.5,133.5,1.0,133.5,341
2023-05-11 11:03:58,OI401P7200,OI401P7200,133.5,0.0,0.0,0.0,1,160.5,170.0,1,130.0,133.5,133.5,133.5,1.0,133.5,341
2023-05-11 11:04:12,OI401P7200,OI401P7200,133.5,0.0,0.0,0.0,1,160.5,169.5,1,130.0,133.5,133.5,133.5,1.0,133.5,341
2023-05-11 11:04:19,OI401P7200,OI401P7200,133.5,0.0,0.0,0.0,1,160.5,169.0,1,130.0,133.5,133.5,133.5,1.0,133.5,341
2023-05-11 11:04:22,OI401P7200,OI401P7200,133.5,0.0,0.0,0.0,1,160.5,168.5,1,130.0,133.5,133.5,133.5,1.0,133.5,341
2023-05-11 11:04:26,OI401P7200,OI401P7200,133.5,0.0,0.0,0.0,1,160.5,168.0,1,130.0,133.5,133.5,133.5,1.0,133.5,341
2023-05-11 11:04:41,OI401P7200,OI401P7200,133.5,0.0,0.0,0.0,1,160.5,167.5,1,130.0,133.5,133.5,133.5,1.0,133.5,341
2023-05-11 11:04:44,OI401P7200,OI401P7200,133.5,0.0,0.0,0.0,1,157.5,167.5,1,130.0,133.5,133.5,133.5,1.0,133.5,341
2023-05-11 11:04:45,OI401P7200,OI401P7200,133.5,0.0,0.0,0.0,1,157.5,167.0,1,130.0,133.5,133.5,133.5,1.0,133.5,341
2023-05-11 11:04:53,OI401P7200,OI401P7200,133.5,0.0,0.0,0.0,1,157.5,166.5,1,130.0,133.5,133.5,133.5,1.0,133.5,341
2023-05-11 11:04:57,OI401P7200,OI401P7200,133.5,0.0,0.0,0.0,1,157.5,166.0,1,130.0,133.5,133.5,133.5,1.0,133.5,341
2023-05-11 11:05:05,OI401P7200,OI401P7200,133.5,0.0,0.0,0.0,1,157.5,165.5,1,130.0,133.5,133.5,133.5,1.0,133.5,341
2023-05-11 11:05:10,OI401P7200,OI401P7200,133.5,0.0,0.0,0.0,1,157.5,165.0,1,130.0,133.5,133.5,133.5,1.0,133.5,341
2023-05-11 11:05:11,OI401P7200,OI401P7200,133.5,0.0,0.0,0.0,1,154.5,164.5,1,130.0,133.5,133.5,133.5,1.0,133.5,341
2023-05-11 11:05:14,OI401P7200,OI401P7200,133.5,0.0,0.0,0.0,1,154.5,164.0,1,130.0,133.5,133.5,133.5,1.0,133.5,341
2023-05-11 11:05:16,OI401P7200,OI401P7200,133.5,0.0,0.0,0.0,1,154.5,163.5,1,130.0,133.5,133.5,133.5,1.0,133.5,341
2023-05-11 11:05:22,OI401P7200,OI401P7200,133.5,0.0,0.0,0.0,1,155.0,163.5,1,130.0,133.5,133.5,133.5,1.0,133.5,341
2023-05-11 11:05:43,OI401P7200,OI401P7200,133.5,0.0,0.0,0.0,1,155.0,163.0,1,130.0,133.5,133.5,133.5,1.0,133.5,341
2023-05-11 11:07:05,OI401P7200,OI401P7200,133.5,0.0,0.0,0.0,1,155.0,162.5,1,130.0,133.5,133.5,133.5,1.0,133.5,341
2023-05-11 11:07:26,OI401P7200,OI401P7200,133.5,0.0,0.0,0.0,1,155.5,162.5,1,130.0,133.5,133.5,133.5,1.0,133.5,341
2023-05-11 11:07:32,OI401P7200,OI401P7200,133.5,0.0,0.0,0.0,1,156.0,162.5,1,130.0,133.5,133.5,133.5,1.0,133.5,341
2023-05-11 11:07:56,OI401P7200,OI401P7200,133.5,0.0,0.0,0.0,1,156.0,163.0,1,130.0,133.5,133.5,133.5,1.0,133.5,341
2023-05-11 11:08:05,OI401P7200,OI401P7200,133.5,0.0,0.0,0.0,1,156.5,163.0,1,130.0,133.5,133.5,133.5,1.0,133.5,341
2023-05-11 11:08:22,OI401P7200,OI401P7200,133.5,0.0,0.0,0.0,1,156.5,167.0,1,130.0,133.5,133.5,133.5,1.0,133.5,341
2023-05-11 11:08:24,OI401P7200,OI401P7200,133.5,0.0,0.0,0.0,1,156.5,166.5,1,130.0,133.5,133.5,133.5,1.0,133.5,341
2023-05-11 11:08:26,OI401P7200,OI401P7200,133.5,0.0,0.0,0.0,1,157.0,166.5,1,130.0,133.5,133.5,133.5,1.0,133.5,341
2023-05-11 11:08:29,OI401P7200,OI401P7200,133.5,0.0,0.0,0.0,1,157.5,166.5,1,130.0,133.5,133.5,133.5,1.0,133.5,341
2023-05-11 11:08:31,OI401P7200,OI401P7200,133.5,0.0,0.0,0.0,1,158.0,166.5,1,130.0,133.5,133.5,133.5,1.0,133.5,341
2023-05-11 11:08:41,OI401P7200,OI401P7200,133.5,0.0,0.0,0.0,1,158.5,166.5,1,130.0,133.5,133.5,133.5,1.0,133.5,341
2023-05-11 11:08:44,OI401P7200,OI401P7200,133.5,0.0,0.0,0.0,1,159.0,166.5,1,130.0,133.5,133.5,133.5,1.0,133.5,341
2023-05-11 11:09:00,OI401P7200,OI401P7200,133.5,0.0,0.0,0.0,1,159.5,166.5,1,130.0,133.5,133.5,133.5,1.0,133.5,341
2023-05-11 11:09:06,OI401P7200,OI401P7200,133.5,0.0,0.0,0.0,1,160.0,166.5,1,130.0,133.5,133.5,133.5,1.0,133.5,341
2023-05-11 11:10:49,OI401P7200,OI401P7200,133.5,0.0,0.0,0.0,1,159.5,166.5,1,130.0,133.5,133.5,133.5,1.0,133.5,341
2023-05-11 11:11:09,OI401P7200,OI401P7200,133.5,0.0,0.0,0.0,1,156.5,166.5,1,130.0,133.5,133.5,133.5,1.0,133.5,341
2023-05-11 11:11:26,OI401P7200,OI401P7200,133.5,0.0,0.0,0.0,1,157.0,166.5,1,130.0,133.5,133.5,133.5,1.0,133.5,341
2023-05-11 11:11:34,OI401P7200,OI401P7200,133.5,0.0,0.0,0.0,1,157.0,166.0,1,130.0,133.5,133.5,133.5,1.0,133.5,341
2023-05-11 11:11:47,OI401P7200,OI401P7200,133.5,0.0,0.0,0.0,1,157.0,165.5,1,130.0,133.5,133.5,133.5,1.0,133.5,341
2023-05-11 11:12:01,OI401P7200,OI401P7200,133.5,0.0,0.0,0.0,1,157.0,165.0,1,130.0,133.5,133.5,133.5,1.0,133.5,341
2023-05-11 11:13:08,OI401P7200,OI401P7200,133.5,0.0,0.0,0.0,1,157.0,164.5,1,130.0,133.5,133.5,133.5,1.0,133.5,341
2023-05-11 11:13:24,OI401P7200,OI401P7200,133.5,0.0,0.0,0.0,1,157.0,164.0,1,130.0,133.5,133.5,133.5,1.0,133.5,341
2023-05-11 11:15:02,OI401P7200,OI401P7200,133.5,0.0,0.0,0.0,1,156.5,164.0,1,130.0,133.5,133.5,133.5,1.0,133.5,341
2023-05-11 11:16:19,OI401P7200,OI401P7200,133.5,0.0,0.0,0.0,1,157.0,164.0,1,130.0,133.5,133.5,133.5,1.0,133.5,341
2023-05-11 11:16:28,OI401P7200,OI401P7200,133.5,0.0,0.0,0.0,1,157.5,164.0,1,130.0,133.5,133.5,133.5,1.0,133.5,341
2023-05-11 11:16:42,OI401P7200,OI401P7200,133.5,0.0,0.0,0.0,1,158.0,164.5,1,130.0,133.5,133.5,133.5,1.0,133.5,341
2023-05-11 11:19:30,OI401P7200,OI401P7200,133.5,0.0,0.0,0.0,1,157.5,164.5,1,130.0,133.5,133.5,133.5,1.0,133.5,341
2023-05-11 11:19:32,OI401P7200,OI401P7200,133.5,0.0,0.0,0.0,1,154.5,164.5,1,130.0,133.5,133.5,133.5,1.0,133.5,341
2023-05-11 11:19:33,OI401P7200,OI401P7200,133.5,0.0,0.0,0.0,1,154.5,164.0,1,130.0,133.5,133.5,133.5,1.0,133.5,341
2023-05-11 11:20:02,OI401P7200,OI401P7200,133.5,0.0,0.0,0.0,1,154.5,163.5,1,130.0,133.5,133.5,133.5,1.0,133.5,341
2023-05-11 11:20:05,OI401P7200,OI401P7200,133.5,0.0,0.0,0.0,1,155.0,163.5,1,130.0,133.5,133.5,133.5,1.0,133.5,341
2023-05-11 11:20:24,OI401P7200,OI401P7200,133.5,0.0,0.0,0.0,1,155.5,163.5,1,130.0,133.5,133.5,133.5,1.0,133.5,341
2023-05-11 11:20:51,OI401P7200,OI401P7200,133.5,0.0,0.0,0.0,1,156.0,163.5,1,130.0,133.5,133.5,133.5,1.0,133.5,341
2023-05-11 11:23:11,OI401P7200,OI401P7200,133.5,0.0,0.0,0.0,1,156.5,163.5,1,130.0,133.5,133.5,133.5,1.0,133.5,341
2023-05-11 11:23:26,OI401P7200,OI401P7200,133.5,0.0,0.0,0.0,1,157.0,163.5,1,130.0,133.5,133.5,133.5,1.0,133.5,341
2023-05-11 11:24:07,OI401P7200,OI401P7200,133.5,0.0,0.0,0.0,1,156.5,163.5,1,130.0,133.5,133.5,133.5,1.0,133.5,341
2023-05-11 11:24:24,OI401P7200,OI401P7200,133.5,0.0,0.0,0.0,1,153.5,163.5,1,130.0,133.5,133.5,133.5,1.0,133.5,341
2023-05-11 11:24:27,OI401P7200,OI401P7200,133.5,0.0,0.0,0.0,1,153.5,163.0,1,130.0,133.5,133.5,133.5,1.0,133.5,341
2023-05-11 11:24:51,OI401P7200,OI401P7200,133.5,0.0,0.0,0.0,1,154.0,163.0,1,130.0,133.5,133.5,133.5,1.0,133.5,341
2023-05-11 11:25:00,OI401P7200,OI401P7200,133.5,0.0,0.0,0.0,1,154.5,163.0,1,130.0,133.5,133.5,133.5,1.0,133.5,341
2023-05-11 11:25:41,OI401P7200,OI401P7200,133.5,0.0,0.0,0.0,1,155.0,163.0,1,130.0,133.5,133.5,133.5,1.0,133.5,341
2023-05-11 11:27:25,OI401P7200,OI401P7200,133.5,0.0,0.0,0.0,1,155.5,163.0,1,130.0,133.5,133.5,133.5,1.0,133.5,341
2023-05-11 11:28:30,OI401P7200,OI401P7200,133.5,0.0,0.0,0.0,1,156.0,163.0,1,130.0,133.5,133.5,133.5,1.0,133.5,341
2023-05-11 11:29:36,OI401P7200,OI401P7200,133.5,0.0,0.0,0.0,1,111.0,178.5,1,130.0,133.5,133.5,133.5,1.0,133.5,341
2023-05-11 13:30:11,OI401P7200,OI401P7200,133.5,0.0,0.0,0.0,10,111.5,178.5,1,130.0,133.5,133.5,133.5,1.0,133.5,341
2023-05-11 13:44:15,OI401P7200,OI401P7200,133.5,0.0,0.0,0.0,10,111.5,160.0,1,130.0,133.5,133.5,133.5,1.0,133.5,341
2023-05-11 13:44:18,OI401P7200,OI401P7200,133.5,0.0,0.0,0.0,1,148.5,160.0,1,130.0,133.5,133.5,133.5,1.0,133.5,341
2023-05-11 13:44:27,OI401P7200,OI401P7200,133.5,0.0,0.0,0.0,1,149.0,160.0,1,130.0,133.5,133.5,133.5,1.0,133.5,341
2023-05-11 13:45:32,OI401P7200,OI401P7200,133.5,0.0,0.0,0.0,1,149.0,159.5,1,130.0,133.5,133.5,133.5,1.0,133.5,341
2023-05-11 13:45:32,OI401P7200,OI401P7200,133.5,0.0,0.0,0.0,1,149.0,159.0,1,130.0,133.5,133.5,133.5,1.0,133.5,341
2023-05-11 13:46:00,OI401P7200,OI401P7200,133.5,0.0,0.0,0.0,1,149.0,158.5,1,130.0,133.5,133.5,133.5,1.0,133.5,341
2023-05-11 13:46:02,OI401P7200,OI401P7200,133.5,0.0,0.0,0.0,1,149.0,158.0,1,130.0,133.5,133.5,133.5,1.0,133.5,341
2023-05-11 13:48:11,OI401P7200,OI401P7200,133.5,0.0,0.0,0.0,1,149.0,157.5,1,130.0,133.5,133.5,133.5,1.0,133.5,341
2023-05-11 13:57:16,OI401P7200,OI401P7200,133.5,0.0,0.0,0.0,1,149.5,157.5,1,130.0,133.5,133.5,133.5,1.0,133.5,341
2023-05-11 13:57:21,OI401P7200,OI401P7200,133.5,0.0,0.0,0.0,1,150.0,157.5,1,130.0,133.5,133.5,133.5,1.0,133.5,341
2023-05-11 14:02:08,OI401P7200,OI401P7200,133.5,0.0,0.0,0.0,1,150.5,158.0,1,130.0,133.5,133.5,133.5,1.0,133.5,341
2023-05-11 14:04:58,OI401P7200,OI401P7200,133.5,0.0,0.0,0.0,1,150.5,162.5,1,130.0,133.5,133.5,133.5,1.0,133.5,341
2023-05-11 14:05:03,OI401P7200,OI401P7200,133.5,0.0,0.0,0.0,1,150.5,162.0,1,130.0,133.5,133.5,133.5,1.0,133.5,341
2023-05-11 14:05:12,OI401P7200,OI401P7200,133.5,0.0,0.0,0.0,1,150.5,161.5,1,130.0,133.5,133.5,133.5,1.0,133.5,341
2023-05-11 14:06:03,OI401P7200,OI401P7200,133.5,0.0,0.0,0.0,1,150.5,161.0,1,130.0,133.5,133.5,133.5,1.0,133.5,341
2023-05-11 14:06:07,OI401P7200,OI401P7200,133.5,0.0,0.0,0.0,1,150.5,160.5,1,130.0,133.5,133.5,133.5,1.0,133.5,341
2023-05-11 14:30:29,OI401P7200,OI401P7200,133.5,0.0,0.0,0.0,1,151.0,160.5,1,130.0,133.5,133.5,133.5,1.0,133.5,341
2023-05-11 14:31:41,OI401P7200,OI401P7200,133.5,0.0,0.0,0.0,1,151.0,161.0,1,130.0,133.5,133.5,133.5,1.0,133.5,341
2023-05-11 14:31:47,OI401P7200,OI401P7200,133.5,0.0,0.0,0.0,1,151.0,178.5,1,130.0,133.5,133.5,133.5,1.0,133.5,341
2023-05-11 14:31:49,OI401P7200,OI401P7200,133.5,0.0,0.0,0.0,1,151.0,169.5,1,130.0,133.5,133.5,133.5,1.0,133.5,341
2023-05-11 14:31:57,OI401P7200,OI401P7200,133.5,0.0,0.0,0.0,1,151.0,169.0,1,130.0,133.5,133.5,133.5,1.0,133.5,341
2023-05-11 14:32:04,OI401P7200,OI401P7200,133.5,0.0,0.0,0.0,1,151.0,168.5,1,130.0,133.5,133.5,133.5,1.0,133.5,341
2023-05-11 14:32:20,OI401P7200,OI401P7200,133.5,0.0,0.0,0.0,1,151.0,168.0,1,130.0,133.5,133.5,133.5,1.0,133.5,341
2023-05-11 14:32:35,OI401P7200,OI401P7200,133.5,0.0,0.0,0.0,1,151.0,167.5,1,130.0,133.5,133.5,133.5,1.0,133.5,341
2023-05-11 14:34:37,OI401P7200,OI401P7200,133.5,0.0,0.0,0.0,1,152.5,167.5,1,130.0,133.5,133.5,133.5,1.0,133.5,341
2023-05-11 14:34:38,OI401P7200,OI401P7200,133.5,0.0,0.0,0.0,1,153.0,167.5,1,130.0,133.5,133.5,133.5,1.0,133.5,341
2023-05-11 14:34:54,OI401P7200,OI401P7200,133.5,0.0,0.0,0.0,1,153.5,167.5,1,130.0,133.5,133.5,133.5,1.0,133.5,341
2023-05-11 14:34:56,OI401P7200,OI401P7200,133.5,0.0,0.0,0.0,1,85.0,178.5,1,130.0,133.5,133.5,133.5,1.0,133.5,341
2023-05-11 14:34:56,OI401P7200,OI401P7200,133.5,0.0,0.0,0.0,2,93.0,178.5,1,130.0,133.5,133.5,133.5,1.0,133.5,341
2023-05-11 14:34:56,OI401P7200,OI401P7200,133.5,0.0,0.0,0.0,10,93.5,178.5,1,130.0,133.5,133.5,133.5,1.0,133.5,341
2023-05-11 14:34:57,OI401P7200,OI401P7200,133.5,0.0,0.0,0.0,2,101.5,178.5,1,130.0,133.5,133.5,133.5,1.0,133.5,341
2023-05-11 14:34:58,OI401P7200,OI401P7200,133.5,0.0,0.0,0.0,10,102.0,178.5,1,130.0,133.5,133.5,133.5,1.0,133.5,341
2023-05-11 14:34:59,OI401P7200,OI401P7200,133.5,0.0,0.0,0.0,2,110.0,178.5,1,130.0,133.5,133.5,133.5,1.0,133.5,341
2023-05-11 14:34:59,OI401P7200,OI401P7200,133.5,0.0,0.0,0.0,10,110.5,178.5,1,130.0,133.5,133.5,133.5,1.0,133.5,341
2023-05-11 14:35:00,OI401P7200,OI401P7200,133.5,0.0,0.0,0.0,2,118.5,178.5,1,130.0,133.5,133.5,133.5,1.0,133.5,341
2023-05-11 14:35:00,OI401P7200,OI401P7200,133.5,0.0,0.0,0.0,10,119.0,178.5,1,130.0,133.5,133.5,133.5,1.0,133.5,341
2023-05-11 14:35:01,OI401P7200,OI401P7200,133.5,0.0,0.0,0.0,2,127.0,178.5,1,130.0,133.5,133.5,133.5,1.0,133.5,341
2023-05-11 14:35:01,OI401P7200,OI401P7200,133.5,0.0,0.0,0.0,10,127.5,178.5,1,130.0,133.5,133.5,133.5,1.0,133.5,341
2023-05-11 14:35:02,OI401P7200,OI401P7200,133.5,0.0,0.0,0.0,2,131.5,178.5,1,130.0,133.5,133.5,133.5,1.0,133.5,341
2023-05-11 14:46:55,OI401P7200,OI401P7200,133.5,0.0,0.0,0.0,3,163.5,178.5,1,130.0,133.5,133.5,133.5,1.0,133.5,341
2023-05-11 14:46:55,OI401P7200,OI401P7200,133.5,0.0,0.0,0.0,3,163.5,171.5,3,130.0,133.5,133.5,133.5,1.0,133.5,341
2023-05-11 14:47:02,OI401P7200,OI401P7200,133.5,0.0,0.0,0.0,6,163.5,171.5,6,130.0,133.5,133.5,133.5,1.0,133.5,341
2023-05-11 14:47:03,OI401P7200,OI401P7200,133.5,0.0,0.0,0.0,3,163.5,171.5,3,130.0,133.5,133.5,133.5,1.0,133.5,341
2023-05-11 14:47:06,OI401P7200,OI401P7200,133.5,0.0,0.0,0.0,3,163.5,172.0,3,130.0,133.5,133.5,133.5,1.0,133.5,341
2023-05-11 14:47:07,OI401P7200,OI401P7200,133.5,0.0,0.0,0.0,3,163.0,172.0,3,130.0,133.5,133.5,133.5,1.0,133.5,341
2023-05-11 14:47:17,OI401P7200,OI401P7200,133.5,0.0,0.0,0.0,3,161.0,177.5,3,130.0,133.5,133.5,133.5,1.0,133.5,341
2023-05-11 14:47:20,OI401P7200,OI401P7200,133.5,0.0,0.0,0.0,10,85.5,178.5,1,130.0,133.5,133.5,133.5,1.0,133.5,341
2023-05-11 14:47:20,OI401P7200,OI401P7200,133.5,0.0,0.0,0.0,2,93.5,178.5,1,130.0,133.5,133.5,133.5,1.0,133.5,341
2023-05-11 14:47:20,OI401P7200,OI401P7200,133.5,0.0,0.0,0.0,10,94.0,178.5,1,130.0,133.5,133.5,133.5,1.0,133.5,341
2023-05-11 14:47:21,OI401P7200,OI401P7200,133.5,0.0,0.0,0.0,2,102.0,178.5,1,130.0,133.5,133.5,133.5,1.0,133.5,341
2023-05-11 14:47:22,OI401P7200,OI401P7200,133.5,0.0,0.0,0.0,10,102.5,178.5,1,130.0,133.5,133.5,133.5,1.0,133.5,341
2023-05-11 14:47:22,OI401P7200,OI401P7200,133.5,0.0,0.0,0.0,2,110.5,178.5,1,130.0,133.5,133.5,133.5,1.0,133.5,341
2023-05-11 14:47:23,OI401P7200,OI401P7200,133.5,0.0,0.0,0.0,10,111.0,178.5,1,130.0,133.5,133.5,133.5,1.0,133.5,341
2023-05-11 14:47:23,OI401P7200,OI401P7200,133.5,0.0,0.0,0.0,2,119.0,178.5,1,130.0,133.5,133.5,133.5,1.0,133.5,341
2023-05-11 14:47:24,OI401P7200,OI401P7200,133.5,0.0,0.0,0.0,10,119.5,178.5,1,130.0,133.5,133.5,133.5,1.0,133.5,341
2023-05-11 14:47:24,OI401P7200,OI401P7200,133.5,0.0,0.0,0.0,2,127.5,178.5,1,130.0,133.5,133.5,133.5,1.0,133.5,341
2023-05-11 14:47:25,OI401P7200,OI401P7200,133.5,0.0,0.0,0.0,10,128.0,178.5,1,130.0,133.5,133.5,133.5,1.0,133.5,341
2023-05-11 14:47:25,OI401P7200,OI401P7200,133.5,0.0,0.0,0.0,2,132.0,178.5,1,130.0,133.5,133.5,133.5,1.0,133.5,341
2023-05-11 14:56:06,OI401P7200,OI401P7200,133.5,0.0,0.0,0.0,1,85.0,178.5,1,130.0,133.5,133.5,133.5,1.0,133.5,341
2023-05-11 14:56:06,OI401P7200,OI401P7200,133.5,0.0,0.0,0.0,2,93.0,178.5,1,130.0,133.5,133.5,133.5,1.0,133.5,341
2023-05-11 14:56:07,OI401P7200,OI401P7200,133.5,0.0,0.0,0.0,10,93.5,178.5,1,130.0,133.5,133.5,133.5,1.0,133.5,341
2023-05-11 14:56:08,OI401P7200,OI401P7200,133.5,0.0,0.0,0.0,2,101.5,178.5,1,130.0,133.5,133.5,133.5,1.0,133.5,341
2023-05-11 14:56:08,OI401P7200,OI401P7200,133.5,0.0,0.0,0.0,10,102.0,178.5,1,130.0,133.5,133.5,133.5,1.0,133.5,341
2023-05-11 14:56:09,OI401P7200,OI401P7200,133.5,0.0,0.0,0.0,2,110.0,178.5,1,130.0,133.5,133.5,133.5,1.0,133.5,341
2023-05-11 14:56:09,OI401P7200,OI401P7200,133.5,0.0,0.0,0.0,10,110.5,178.5,1,130.0,133.5,133.5,133.5,1.0,133.5,341
2023-05-11 14:56:10,OI401P7200,OI401P7200,133.5,0.0,0.0,0.0,2,118.5,178.5,1,130.0,133.5,133.5,133.5,1.0,133.5,341
2023-05-11 14:56:10,OI401P7200,OI401P7200,133.5,0.0,0.0,0.0,10,119.0,178.5,1,130.0,133.5,133.5,133.5,1.0,133.5,341
2023-05-11 14:56:11,OI401P7200,OI401P7200,133.5,0.0,0.0,0.0,2,127.0,178.5,1,130.0,133.5,133.5,133.5,1.0,133.5,341
2023-05-11 14:56:11,OI401P7200,OI401P7200,133.5,0.0,0.0,0.0,10,127.5,178.5,1,130.0,133.5,133.5,133.5,1.0,133.5,341
2023-05-11 14:56:12,OI401P7200,OI401P7200,133.5,0.0,0.0,0.0,2,131.5,178.5,1,130.0,133.5,133.5,133.5,1.0,133.5,341
2023-05-11 14:59:13,OI401P7200,OI401P7200,133.5,0.0,0.0,0.0,1,85.0,178.5,1,130.0,133.5,133.5,133.5,1.0,133.5,341
2023-05-11 14:59:13,OI401P7200,OI401P7200,133.5,0.0,0.0,0.0,2,93.0,178.5,1,130.0,133.5,133.5,133.5,1.0,133.5,341
2023-05-11 14:59:15,OI401P7200,OI401P7200,133.5,0.0,0.0,0.0,1,122.5,178.5,1,130.0,133.5,133.5,133.5,1.0,133.5,341
2023-05-11 14:59:15,OI401P7200,OI401P7200,133.5,0.0,0.0,0.0,2,126.5,178.5,1,130.0,133.5,133.5,133.5,1.0,133.5,341
2023-05-11 14:59:43,OI401P7200,OI401P7200,133.5,0.0,0.0,0.0,2,126.5,216.5,1,130.0,133.5,133.5,133.5,1.0,133.5,341
2023-05-11 14:59:43,OI401P7200,OI401P7200,133.5,0.0,0.0,0.0,10,127.0,216.0,10,130.0,133.5,133.5,133.5,1.0,133.5,341
2023-05-11 14:59:54,OI401P7200,OI401P7200,133.5,0.0,0.0,0.0,2,126.5,216.5,1,130.0,133.5,133.5,133.5,1.0,133.5,341
