time,symbol_id,symbol_name,last,trade_volume,trade_amount,open_interest_change,bv1,bp1,ap1,av1,yesterday_close,today_open,today_high,today_low,volume,amount,open_interest
2023-05-10 19:12:58,OI401P7400,OI401P7400,192.0,0.0,0.0,0.0,0,0.0,0.0,0,192.0,0.0,0.0,0.0,0.0,0.0,202
2023-05-10 20:59:00,OI401P7400,OI401P7400,192.0,0.0,0.0,0.0,1,110.0,0.0,0,192.0,0.0,0.0,0.0,0.0,0.0,202
2023-05-10 21:00:01,OI401P7400,OI401P7400,192.0,0.0,0.0,0.0,1,126.0,0.0,0,192.0,0.0,0.0,0.0,0.0,0.0,202
2023-05-10 21:00:04,OI401P7400,OI401P7400,192.0,0.0,0.0,0.0,1,126.0,347.5,1,192.0,0.0,0.0,0.0,0.0,0.0,202
2023-05-10 21:01:13,OI401P7400,OI401P7400,192.0,0.0,0.0,0.0,10,126.5,347.0,10,192.0,0.0,0.0,0.0,0.0,0.0,202
2023-05-10 21:01:13,OI401P7400,OI401P7400,192.0,0.0,0.0,0.0,10,126.5,278.5,1,192.0,0.0,0.0,0.0,0.0,0.0,202
2023-05-10 21:01:14,OI401P7400,OI401P7400,192.0,0.0,0.0,0.0,10,126.5,278.0,10,192.0,0.0,0.0,0.0,0.0,0.0,202
2023-05-10 21:01:14,OI401P7400,OI401P7400,192.0,0.0,0.0,0.0,1,175.5,202.0,1,192.0,0.0,0.0,0.0,0.0,0.0,202
2023-05-10 21:01:14,OI401P7400,OI401P7400,192.0,0.0,0.0,0.0,10,126.5,278.0,10,192.0,0.0,0.0,0.0,0.0,0.0,202
2023-05-10 21:01:14,OI401P7400,OI401P7400,192.0,0.0,0.0,0.0,1,175.5,202.0,1,192.0,0.0,0.0,0.0,0.0,0.0,202
2023-05-10 21:04:00,OI401P7400,OI401P7400,192.0,0.0,0.0,0.0,1,181.5,202.0,1,192.0,0.0,0.0,0.0,0.0,0.0,202
2023-05-10 21:07:25,OI401P7400,OI401P7400,192.0,0.0,0.0,0.0,1,181.5,196.5,1,192.0,0.0,0.0,0.0,0.0,0.0,202
2023-05-10 21:14:12,OI401P7400,OI401P7400,192.0,0.0,0.0,0.0,1,175.5,196.5,1,192.0,0.0,0.0,0.0,0.0,0.0,202
2023-05-10 21:14:16,OI401P7400,OI401P7400,192.0,0.0,0.0,0.0,1,175.5,192.0,1,192.0,0.0,0.0,0.0,0.0,0.0,202
2023-05-10 21:22:20,OI401P7400,OI401P7400,192.0,0.0,0.0,0.0,1,179.5,192.0,1,192.0,0.0,0.0,0.0,0.0,0.0,202
2023-05-10 21:31:10,OI401P7400,OI401P7400,192.0,0.0,0.0,0.0,1,175.5,192.0,1,192.0,0.0,0.0,0.0,0.0,0.0,202
2023-05-10 21:31:15,OI401P7400,OI401P7400,192.0,0.0,0.0,0.0,1,175.5,188.0,1,192.0,0.0,0.0,0.0,0.0,0.0,202
2023-05-10 21:43:40,OI401P7400,OI401P7400,192.0,0.0,0.0,0.0,1,175.5,192.0,1,192.0,0.0,0.0,0.0,0.0,0.0,202
2023-05-10 21:57:25,OI401P7400,OI401P7400,192.0,0.0,0.0,0.0,1,175.5,188.0,1,192.0,0.0,0.0,0.0,0.0,0.0,202
2023-05-10 22:01:35,OI401P7400,OI401P7400,192.0,0.0,0.0,0.0,1,170.0,188.0,1,192.0,0.0,0.0,0.0,0.0,0.0,202
2023-05-10 22:03:06,OI401P7400,OI401P7400,192.0,0.0,0.0,0.0,1,174.0,188.0,1,192.0,0.0,0.0,0.0,0.0,0.0,202
2023-05-10 22:14:45,OI401P7400,OI401P7400,192.0,0.0,0.0,0.0,1,174.0,184.0,1,192.0,0.0,0.0,0.0,0.0,0.0,202
2023-05-10 22:14:52,OI401P7400,OI401P7400,192.0,0.0,0.0,0.0,1,170.0,184.0,1,192.0,0.0,0.0,0.0,0.0,0.0,202
2023-05-10 22:19:02,OI401P7400,OI401P7400,192.0,0.0,0.0,0.0,1,174.0,188.0,1,192.0,0.0,0.0,0.0,0.0,0.0,202
2023-05-10 22:39:54,OI401P7400,OI401P7400,192.0,0.0,0.0,0.0,1,174.0,184.0,1,192.0,0.0,0.0,0.0,0.0,0.0,202
2023-05-10 22:39:55,OI401P7400,OI401P7400,192.0,0.0,0.0,0.0,1,170.0,184.0,1,192.0,0.0,0.0,0.0,0.0,0.0,202
2023-05-10 22:56:05,OI401P7400,OI401P7400,192.0,0.0,0.0,0.0,1,126.0,278.5,1,192.0,0.0,0.0,0.0,0.0,0.0,202
2023-05-10 22:56:06,OI401P7400,OI401P7400,192.0,0.0,0.0,0.0,10,126.5,278.0,10,192.0,0.0,0.0,0.0,0.0,0.0,202
2023-05-10 22:56:07,OI401P7400,OI401P7400,192.0,0.0,0.0,0.0,10,126.5,275.0,1,192.0,0.0,0.0,0.0,0.0,0.0,202
2023-05-10 22:56:07,OI401P7400,OI401P7400,192.0,0.0,0.0,0.0,10,126.5,274.5,10,192.0,0.0,0.0,0.0,0.0,0.0,202
2023-05-10 22:56:11,OI401P7400,OI401P7400,192.0,0.0,0.0,0.0,10,126.5,271.5,1,192.0,0.0,0.0,0.0,0.0,0.0,202
2023-05-10 22:56:12,OI401P7400,OI401P7400,192.0,0.0,0.0,0.0,10,126.5,271.0,10,192.0,0.0,0.0,0.0,0.0,0.0,202
2023-05-10 22:56:14,OI401P7400,OI401P7400,192.0,0.0,0.0,0.0,10,126.5,270.5,1,192.0,0.0,0.0,0.0,0.0,0.0,202
2023-05-10 22:56:14,OI401P7400,OI401P7400,192.0,0.0,0.0,0.0,10,126.5,270.0,10,192.0,0.0,0.0,0.0,0.0,0.0,202
2023-05-10 22:56:17,OI401P7400,OI401P7400,192.0,0.0,0.0,0.0,10,126.5,269.5,1,192.0,0.0,0.0,0.0,0.0,0.0,202
2023-05-10 22:56:17,OI401P7400,OI401P7400,192.0,0.0,0.0,0.0,10,126.5,269.0,10,192.0,0.0,0.0,0.0,0.0,0.0,202
2023-05-10 22:56:18,OI401P7400,OI401P7400,192.0,0.0,0.0,0.0,10,126.5,268.5,1,192.0,0.0,0.0,0.0,0.0,0.0,202
2023-05-10 22:56:18,OI401P7400,OI401P7400,192.0,0.0,0.0,0.0,10,126.5,268.0,10,192.0,0.0,0.0,0.0,0.0,0.0,202
2023-05-10 22:57:33,OI401P7400,OI401P7400,192.0,0.0,0.0,0.0,1,110.0,0.0,0,192.0,0.0,0.0,0.0,0.0,0.0,202
2023-05-11 09:00:02,OI401P7400,OI401P7400,192.0,0.0,0.0,0.0,1,116.0,0.0,0,192.0,0.0,0.0,0.0,0.0,0.0,202
2023-05-11 09:00:05,OI401P7400,OI401P7400,192.0,0.0,0.0,0.0,1,116.0,342.0,1,192.0,0.0,0.0,0.0,0.0,0.0,202
2023-05-11 09:00:32,OI401P7400,OI401P7400,192.0,0.0,0.0,0.0,10,116.5,300.0,1,192.0,0.0,0.0,0.0,0.0,0.0,202
2023-05-11 09:00:33,OI401P7400,OI401P7400,192.0,0.0,0.0,0.0,10,116.5,299.5,10,192.0,0.0,0.0,0.0,0.0,0.0,202
2023-05-11 09:00:33,OI401P7400,OI401P7400,192.0,0.0,0.0,0.0,10,116.5,258.0,1,192.0,0.0,0.0,0.0,0.0,0.0,202
2023-05-11 09:00:33,OI401P7400,OI401P7400,192.0,0.0,0.0,0.0,10,116.5,257.5,10,192.0,0.0,0.0,0.0,0.0,0.0,202
2023-05-11 09:01:27,OI401P7400,OI401P7400,192.0,0.0,0.0,0.0,1,169.0,257.5,10,192.0,0.0,0.0,0.0,0.0,0.0,202
2023-05-11 09:01:28,OI401P7400,OI401P7400,192.0,0.0,0.0,0.0,1,169.0,186.5,1,192.0,0.0,0.0,0.0,0.0,0.0,202
2023-05-11 09:03:31,OI401P7400,OI401P7400,192.0,0.0,0.0,0.0,1,173.0,186.5,1,192.0,0.0,0.0,0.0,0.0,0.0,202
2023-05-11 09:05:56,OI401P7400,OI401P7400,192.0,0.0,0.0,0.0,1,176.5,186.5,1,192.0,0.0,0.0,0.0,0.0,0.0,202
2023-05-11 09:07:15,OI401P7400,OI401P7400,192.0,0.0,0.0,0.0,1,176.5,190.5,1,192.0,0.0,0.0,0.0,0.0,0.0,202
2023-05-11 09:08:32,OI401P7400,OI401P7400,192.0,0.0,0.0,0.0,1,180.0,190.5,1,192.0,0.0,0.0,0.0,0.0,0.0,202
2023-05-11 09:12:00,OI401P7400,OI401P7400,192.0,0.0,0.0,0.0,1,180.0,257.5,10,192.0,0.0,0.0,0.0,0.0,0.0,202
2023-05-11 09:12:00,OI401P7400,OI401P7400,192.0,0.0,0.0,0.0,1,180.0,228.5,1,192.0,0.0,0.0,0.0,0.0,0.0,202
2023-05-11 09:12:02,OI401P7400,OI401P7400,192.0,0.0,0.0,0.0,1,180.0,194.5,1,192.0,0.0,0.0,0.0,0.0,0.0,202
2023-05-11 09:12:10,OI401P7400,OI401P7400,192.0,0.0,0.0,0.0,1,183.5,194.5,1,192.0,0.0,0.0,0.0,0.0,0.0,202
2023-05-11 09:18:04,OI401P7400,OI401P7400,192.0,0.0,0.0,0.0,1,183.5,228.5,1,192.0,0.0,0.0,0.0,0.0,0.0,202
2023-05-11 09:18:10,OI401P7400,OI401P7400,192.0,0.0,0.0,0.0,1,188.5,200.5,1,192.0,0.0,0.0,0.0,0.0,0.0,202
2023-05-11 09:18:40,OI401P7400,OI401P7400,192.0,0.0,0.0,0.0,1,192.0,200.5,1,192.0,0.0,0.0,0.0,0.0,0.0,202
2023-05-11 09:18:49,OI401P7400,OI401P7400,192.0,0.0,0.0,0.0,1,192.0,205.0,1,192.0,0.0,0.0,0.0,0.0,0.0,202
2023-05-11 09:20:11,OI401P7400,OI401P7400,192.0,0.0,0.0,0.0,1,192.0,201.5,1,192.0,0.0,0.0,0.0,0.0,0.0,202
2023-05-11 09:21:00,OI401P7400,OI401P7400,192.0,0.0,0.0,0.0,1,188.5,201.5,1,192.0,0.0,0.0,0.0,0.0,0.0,202
2023-05-11 09:22:23,OI401P7400,OI401P7400,192.0,0.0,0.0,0.0,1,188.5,198.0,1,192.0,0.0,0.0,0.0,0.0,0.0,202
2023-05-11 09:24:07,OI401P7400,OI401P7400,192.0,0.0,0.0,0.0,1,184.5,198.0,1,192.0,0.0,0.0,0.0,0.0,0.0,202
2023-05-11 09:26:23,OI401P7400,OI401P7400,192.0,0.0,0.0,0.0,1,184.5,194.5,1,192.0,0.0,0.0,0.0,0.0,0.0,202
2023-05-11 09:28:38,OI401P7400,OI401P7400,192.0,0.0,0.0,0.0,1,184.5,198.0,1,192.0,0.0,0.0,0.0,0.0,0.0,202
2023-05-11 09:29:17,OI401P7400,OI401P7400,192.0,0.0,0.0,0.0,1,188.0,198.0,1,192.0,0.0,0.0,0.0,0.0,0.0,202
2023-05-11 09:31:01,OI401P7400,OI401P7400,192.0,0.0,0.0,0.0,1,188.0,202.5,1,192.0,0.0,0.0,0.0,0.0,0.0,202
2023-05-11 09:31:13,OI401P7400,OI401P7400,192.0,0.0,0.0,0.0,1,191.5,202.5,1,192.0,0.0,0.0,0.0,0.0,0.0,202
2023-05-11 09:32:24,OI401P7400,OI401P7400,192.0,0.0,0.0,0.0,1,191.5,228.5,1,192.0,0.0,0.0,0.0,0.0,0.0,202
2023-05-11 09:32:26,OI401P7400,OI401P7400,192.0,0.0,0.0,0.0,1,191.5,205.5,1,192.0,0.0,0.0,0.0,0.0,0.0,202
2023-05-11 09:32:40,OI401P7400,OI401P7400,192.0,0.0,0.0,0.0,1,195.0,205.5,1,192.0,0.0,0.0,0.0,0.0,0.0,202
2023-05-11 09:34:09,OI401P7400,OI401P7400,192.0,0.0,0.0,0.0,1,191.5,205.5,1,192.0,0.0,0.0,0.0,0.0,0.0,202
2023-05-11 09:35:30,OI401P7400,OI401P7400,192.0,0.0,0.0,0.0,1,195.0,205.5,1,192.0,0.0,0.0,0.0,0.0,0.0,202
2023-05-11 09:39:04,OI401P7400,OI401P7400,192.0,0.0,0.0,0.0,1,191.5,205.5,1,192.0,0.0,0.0,0.0,0.0,0.0,202
2023-05-11 09:40:58,OI401P7400,OI401P7400,192.0,0.0,0.0,0.0,1,195.0,205.5,1,192.0,0.0,0.0,0.0,0.0,0.0,202
2023-05-11 09:51:04,OI401P7400,OI401P7400,192.0,0.0,0.0,0.0,1,195.0,209.5,1,192.0,0.0,0.0,0.0,0.0,0.0,202
2023-05-11 09:51:06,OI401P7400,OI401P7400,192.0,0.0,0.0,0.0,1,198.5,209.5,1,192.0,0.0,0.0,0.0,0.0,0.0,202
2023-05-11 09:54:32,OI401P7400,OI401P7400,192.0,0.0,0.0,0.0,1,198.5,228.5,1,192.0,0.0,0.0,0.0,0.0,0.0,202
2023-05-11 09:54:34,OI401P7400,OI401P7400,192.0,0.0,0.0,0.0,1,198.5,213.0,1,192.0,0.0,0.0,0.0,0.0,0.0,202
2023-05-11 09:54:46,OI401P7400,OI401P7400,192.0,0.0,0.0,0.0,1,202.0,213.0,1,192.0,0.0,0.0,0.0,0.0,0.0,202
2023-05-11 09:59:21,OI401P7400,OI401P7400,192.0,0.0,0.0,0.0,1,202.0,217.0,1,192.0,0.0,0.0,0.0,0.0,0.0,202
2023-05-11 09:59:27,OI401P7400,OI401P7400,192.0,0.0,0.0,0.0,1,205.5,217.0,1,192.0,0.0,0.0,0.0,0.0,0.0,202
2023-05-11 10:08:21,OI401P7400,OI401P7400,192.0,0.0,0.0,0.0,1,209.0,221.0,1,192.0,0.0,0.0,0.0,0.0,0.0,202
2023-05-11 10:08:41,OI401P7400,OI401P7400,192.0,0.0,0.0,0.0,1,212.5,221.0,1,192.0,0.0,0.0,0.0,0.0,0.0,202
2023-05-11 10:11:08,OI401P7400,OI401P7400,192.0,0.0,0.0,0.0,1,209.0,221.0,1,192.0,0.0,0.0,0.0,0.0,0.0,202
2023-05-11 10:13:44,OI401P7400,OI401P7400,192.0,0.0,0.0,0.0,1,209.0,217.5,1,192.0,0.0,0.0,0.0,0.0,0.0,202
2023-05-11 10:14:51,OI401P7400,OI401P7400,192.0,0.0,0.0,0.0,1,204.0,217.5,1,192.0,0.0,0.0,0.0,0.0,0.0,202
2023-05-11 10:30:39,OI401P7400,OI401P7400,192.0,0.0,0.0,0.0,1,207.5,217.5,1,192.0,0.0,0.0,0.0,0.0,0.0,202
2023-05-11 10:41:06,OI401P7400,OI401P7400,192.0,0.0,0.0,0.0,1,207.5,221.0,1,192.0,0.0,0.0,0.0,0.0,0.0,202
2023-05-11 10:42:12,OI401P7400,OI401P7400,192.0,0.0,0.0,0.0,1,211.0,221.0,1,192.0,0.0,0.0,0.0,0.0,0.0,202
2023-05-11 10:47:15,OI401P7400,OI401P7400,192.0,0.0,0.0,0.0,1,211.0,225.5,1,192.0,0.0,0.0,0.0,0.0,0.0,202
2023-05-11 10:47:25,OI401P7400,OI401P7400,192.0,0.0,0.0,0.0,1,214.5,225.5,1,192.0,0.0,0.0,0.0,0.0,0.0,202
2023-05-11 10:53:02,OI401P7400,OI401P7400,192.0,0.0,0.0,0.0,1,214.5,230.0,1,192.0,0.0,0.0,0.0,0.0,0.0,202
2023-05-11 10:53:03,OI401P7400,OI401P7400,192.0,0.0,0.0,0.0,1,218.0,230.0,1,192.0,0.0,0.0,0.0,0.0,0.0,202
2023-05-11 10:58:17,OI401P7400,OI401P7400,192.0,0.0,0.0,0.0,1,218.0,226.5,1,192.0,0.0,0.0,0.0,0.0,0.0,202
2023-05-11 11:01:37,OI401P7400,OI401P7400,192.0,0.0,0.0,0.0,1,218.0,230.0,1,192.0,0.0,0.0,0.0,0.0,0.0,202
2023-05-11 11:02:18,OI401P7400,OI401P7400,192.0,0.0,0.0,0.0,1,218.0,226.5,1,192.0,0.0,0.0,0.0,0.0,0.0,202
2023-05-11 11:03:50,OI401P7400,OI401P7400,192.0,0.0,0.0,0.0,1,214.5,226.5,1,192.0,0.0,0.0,0.0,0.0,0.0,202
2023-05-11 11:04:25,OI401P7400,OI401P7400,192.0,0.0,0.0,0.0,1,214.5,223.0,1,192.0,0.0,0.0,0.0,0.0,0.0,202
2023-05-11 11:04:41,OI401P7400,OI401P7400,192.0,0.0,0.0,0.0,1,210.0,223.0,1,192.0,0.0,0.0,0.0,0.0,0.0,202
2023-05-11 11:05:05,OI401P7400,OI401P7400,192.0,0.0,0.0,0.0,1,210.0,219.5,1,192.0,0.0,0.0,0.0,0.0,0.0,202
2023-05-11 11:05:11,OI401P7400,OI401P7400,192.0,0.0,0.0,0.0,10,116.5,219.5,1,192.0,0.0,0.0,0.0,0.0,0.0,202
2023-05-11 11:05:12,OI401P7400,OI401P7400,192.0,0.0,0.0,0.0,1,171.5,219.5,1,192.0,0.0,0.0,0.0,0.0,0.0,202
2023-05-11 11:05:12,OI401P7400,OI401P7400,192.0,0.0,0.0,0.0,11,171.5,219.5,1,192.0,0.0,0.0,0.0,0.0,0.0,202
2023-05-11 11:05:13,OI401P7400,OI401P7400,192.0,0.0,0.0,0.0,1,206.0,219.5,1,192.0,0.0,0.0,0.0,0.0,0.0,202
2023-05-11 11:05:46,OI401P7400,OI401P7400,192.0,0.0,0.0,0.0,1,206.0,216.0,1,192.0,0.0,0.0,0.0,0.0,0.0,202
2023-05-11 11:07:29,OI401P7400,OI401P7400,192.0,0.0,0.0,0.0,1,206.0,219.5,1,192.0,0.0,0.0,0.0,0.0,0.0,202
2023-05-11 11:08:28,OI401P7400,OI401P7400,192.0,0.0,0.0,0.0,1,210.0,219.5,1,192.0,0.0,0.0,0.0,0.0,0.0,202
2023-05-11 11:08:38,OI401P7400,OI401P7400,192.0,0.0,0.0,0.0,1,210.0,223.5,1,192.0,0.0,0.0,0.0,0.0,0.0,202
2023-05-11 11:10:15,OI401P7400,OI401P7400,192.0,0.0,0.0,0.0,1,213.5,223.5,1,192.0,0.0,0.0,0.0,0.0,0.0,202
2023-05-11 11:11:03,OI401P7400,OI401P7400,192.0,0.0,0.0,0.0,1,210.0,223.5,1,192.0,0.0,0.0,0.0,0.0,0.0,202
2023-05-11 11:11:47,OI401P7400,OI401P7400,192.0,0.0,0.0,0.0,1,210.0,220.0,1,192.0,0.0,0.0,0.0,0.0,0.0,202
2023-05-11 11:15:02,OI401P7400,OI401P7400,192.0,0.0,0.0,0.0,1,206.0,220.0,1,192.0,0.0,0.0,0.0,0.0,0.0,202
2023-05-11 11:16:19,OI401P7400,OI401P7400,192.0,0.0,0.0,0.0,1,209.5,220.0,1,192.0,0.0,0.0,0.0,0.0,0.0,202
2023-05-11 11:24:13,OI401P7400,OI401P7400,192.0,0.0,0.0,0.0,1,206.0,220.0,1,192.0,0.0,0.0,0.0,0.0,0.0,202
2023-05-11 11:29:36,OI401P7400,OI401P7400,192.0,0.0,0.0,0.0,1,140.5,260.0,1,192.0,0.0,0.0,0.0,0.0,0.0,202
2023-05-11 13:30:11,OI401P7400,OI401P7400,192.0,0.0,0.0,0.0,10,141.0,260.0,1,192.0,0.0,0.0,0.0,0.0,0.0,202
2023-05-11 13:31:35,OI401P7400,OI401P7400,192.0,0.0,0.0,0.0,2,149.0,260.0,11,192.0,0.0,0.0,0.0,0.0,0.0,202
2023-05-11 13:31:35,OI401P7400,OI401P7400,192.0,0.0,0.0,0.0,10,149.5,260.0,11,192.0,0.0,0.0,0.0,0.0,0.0,202
2023-05-11 13:31:37,OI401P7400,OI401P7400,192.0,0.0,0.0,0.0,2,150.0,260.0,11,192.0,0.0,0.0,0.0,0.0,0.0,202
2023-05-11 13:31:38,OI401P7400,OI401P7400,192.0,0.0,0.0,0.0,10,150.5,260.0,11,192.0,0.0,0.0,0.0,0.0,0.0,202
2023-05-11 13:31:39,OI401P7400,OI401P7400,192.0,0.0,0.0,0.0,2,151.0,260.0,11,192.0,0.0,0.0,0.0,0.0,0.0,202
2023-05-11 13:31:39,OI401P7400,OI401P7400,192.0,0.0,0.0,0.0,10,151.5,260.0,11,192.0,0.0,0.0,0.0,0.0,0.0,202
2023-05-11 13:31:40,OI401P7400,OI401P7400,192.0,0.0,0.0,0.0,2,152.0,260.0,11,192.0,0.0,0.0,0.0,0.0,0.0,202
2023-05-11 13:31:41,OI401P7400,OI401P7400,192.0,0.0,0.0,0.0,10,152.5,260.0,11,192.0,0.0,0.0,0.0,0.0,0.0,202
2023-05-11 13:31:42,OI401P7400,OI401P7400,192.0,0.0,0.0,0.0,2,153.0,260.0,11,192.0,0.0,0.0,0.0,0.0,0.0,202
2023-05-11 13:31:43,OI401P7400,OI401P7400,192.0,0.0,0.0,0.0,10,153.5,260.0,11,192.0,0.0,0.0,0.0,0.0,0.0,202
2023-05-11 13:31:44,OI401P7400,OI401P7400,192.0,0.0,0.0,0.0,2,154.0,260.0,11,192.0,0.0,0.0,0.0,0.0,0.0,202
2023-05-11 13:31:44,OI401P7400,OI401P7400,192.0,0.0,0.0,0.0,10,154.5,260.0,11,192.0,0.0,0.0,0.0,0.0,0.0,202
2023-05-11 13:32:21,OI401P7400,OI401P7400,192.0,0.0,0.0,0.0,10,154.5,260.0,1,192.0,0.0,0.0,0.0,0.0,0.0,202
2023-05-11 13:33:23,OI401P7400,OI401P7400,192.0,0.0,0.0,0.0,10,154.5,259.5,10,192.0,0.0,0.0,0.0,0.0,0.0,202
2023-05-11 13:33:42,OI401P7400,OI401P7400,192.0,0.0,0.0,0.0,10,154.5,260.0,1,192.0,0.0,0.0,0.0,0.0,0.0,202
2023-05-11 13:33:42,OI401P7400,OI401P7400,192.0,0.0,0.0,0.0,10,154.5,260.0,11,192.0,0.0,0.0,0.0,0.0,0.0,202
2023-05-11 13:34:28,OI401P7400,OI401P7400,192.0,0.0,0.0,0.0,10,154.5,260.0,1,192.0,0.0,0.0,0.0,0.0,0.0,202
2023-05-11 13:34:51,OI401P7400,OI401P7400,192.0,0.0,0.0,0.0,10,154.5,259.5,10,192.0,0.0,0.0,0.0,0.0,0.0,202
2023-05-11 13:35:01,OI401P7400,OI401P7400,192.0,0.0,0.0,0.0,10,154.5,260.0,11,192.0,0.0,0.0,0.0,0.0,0.0,202
2023-05-11 13:35:38,OI401P7400,OI401P7400,192.0,0.0,0.0,0.0,10,154.5,260.0,1,192.0,0.0,0.0,0.0,0.0,0.0,202
2023-05-11 13:40:04,OI401P7400,OI401P7400,192.0,0.0,0.0,0.0,10,154.5,259.5,10,192.0,0.0,0.0,0.0,0.0,0.0,202
2023-05-11 13:40:06,OI401P7400,OI401P7400,192.0,0.0,0.0,0.0,10,154.5,260.0,1,192.0,0.0,0.0,0.0,0.0,0.0,202
2023-05-11 13:40:06,OI401P7400,OI401P7400,192.0,0.0,0.0,0.0,10,154.5,260.0,11,192.0,0.0,0.0,0.0,0.0,0.0,202
2023-05-11 13:44:18,OI401P7400,OI401P7400,192.0,0.0,0.0,0.0,1,199.0,213.5,1,192.0,0.0,0.0,0.0,0.0,0.0,202
2023-05-11 14:22:39,OI401P7400,OI401P7400,192.0,0.0,0.0,0.0,1,203.0,213.5,1,192.0,0.0,0.0,0.0,0.0,0.0,202
2023-05-11 14:30:24,OI401P7400,OI401P7400,192.0,0.0,0.0,0.0,1,203.0,218.5,1,192.0,0.0,0.0,0.0,0.0,0.0,202
2023-05-11 14:31:50,OI401P7400,OI401P7400,192.0,0.0,0.0,0.0,1,207.5,218.5,1,192.0,0.0,0.0,0.0,0.0,0.0,202
2023-05-11 14:34:35,OI401P7400,OI401P7400,192.0,0.0,0.0,0.0,1,207.5,225.0,1,192.0,0.0,0.0,0.0,0.0,0.0,202
2023-05-11 14:39:56,OI401P7400,OI401P7400,192.0,0.0,0.0,0.0,1,211.5,225.0,1,192.0,0.0,0.0,0.0,0.0,0.0,202
2023-05-11 14:44:52,OI401P7400,OI401P7400,192.0,0.0,0.0,0.0,1,215.5,225.0,1,192.0,0.0,0.0,0.0,0.0,0.0,202
2023-05-11 14:44:53,OI401P7400,OI401P7400,192.0,0.0,0.0,0.0,1,215.5,230.0,1,192.0,0.0,0.0,0.0,0.0,0.0,202
2023-05-11 14:52:49,OI401P7400,OI401P7400,192.0,0.0,0.0,0.0,1,215.5,226.0,1,192.0,0.0,0.0,0.0,0.0,0.0,202
2023-05-11 14:55:59,OI401P7400,OI401P7400,192.0,0.0,0.0,0.0,1,211.5,226.0,1,192.0,0.0,0.0,0.0,0.0,0.0,202
2023-05-11 14:59:05,OI401P7400,OI401P7400,192.0,0.0,0.0,0.0,1,140.5,260.0,1,192.0,0.0,0.0,0.0,0.0,0.0,202
2023-05-11 14:59:13,OI401P7400,OI401P7400,192.0,0.0,0.0,0.0,2,148.5,260.0,1,192.0,0.0,0.0,0.0,0.0,0.0,202
2023-05-11 14:59:43,OI401P7400,OI401P7400,192.0,0.0,0.0,0.0,10,149.0,260.0,1,192.0,0.0,0.0,0.0,0.0,0.0,202
2023-05-11 14:59:54,OI401P7400,OI401P7400,192.0,0.0,0.0,0.0,2,148.5,260.0,1,192.0,0.0,0.0,0.0,0.0,0.0,202
