time,symbol_id,symbol_name,last,trade_volume,trade_amount,open_interest_change,bv1,bp1,ap1,av1,yesterday_close,today_open,today_high,today_low,volume,amount,open_interest
2023-05-10 19:12:58,OI401P8500,OI401P8500,666.5,0.0,0.0,0.0,0,0.0,0.0,0,666.5,0.0,0.0,0.0,0.0,0.0,21
2023-05-10 21:00:00,OI401P8500,OI401P8500,666.5,0.0,0.0,0.0,0,0.0,813.0,1,666.5,0.0,0.0,0.0,0.0,0.0,21
2023-05-10 21:00:03,OI401P8500,OI401P8500,666.5,0.0,0.0,0.0,1,497.0,813.0,1,666.5,0.0,0.0,0.0,0.0,0.0,21
2023-05-10 21:01:10,OI401P8500,OI401P8500,666.5,0.0,0.0,0.0,1,661.5,813.0,1,666.5,0.0,0.0,0.0,0.0,0.0,21
2023-05-10 21:01:13,OI401P8500,OI401P8500,666.5,0.0,0.0,0.0,1,661.5,812.5,10,666.5,0.0,0.0,0.0,0.0,0.0,21
2023-05-10 21:01:13,OI401P8500,OI401P8500,666.5,0.0,0.0,0.0,1,661.5,689.0,1,666.5,0.0,0.0,0.0,0.0,0.0,21
2023-05-10 21:03:03,OI401P8500,OI401P8500,666.5,0.0,0.0,0.0,1,667.0,689.0,1,666.5,0.0,0.0,0.0,0.0,0.0,21
2023-05-10 21:04:00,OI401P8500,OI401P8500,666.5,0.0,0.0,0.0,1,673.0,689.0,1,666.5,0.0,0.0,0.0,0.0,0.0,21
2023-05-10 21:04:03,OI401P8500,OI401P8500,666.5,0.0,0.0,0.0,1,673.0,698.0,1,666.5,0.0,0.0,0.0,0.0,0.0,21
2023-05-10 21:05:05,OI401P8500,OI401P8500,666.5,0.0,0.0,0.0,1,673.0,691.5,1,666.5,0.0,0.0,0.0,0.0,0.0,21
2023-05-10 21:05:16,OI401P8500,OI401P8500,666.5,0.0,0.0,0.0,1,667.0,691.5,1,666.5,0.0,0.0,0.0,0.0,0.0,21
2023-05-10 21:05:34,OI401P8500,OI401P8500,666.5,0.0,0.0,0.0,1,672.0,691.5,1,666.5,0.0,0.0,0.0,0.0,0.0,21
2023-05-10 21:06:22,OI401P8500,OI401P8500,666.5,0.0,0.0,0.0,1,667.0,691.5,1,666.5,0.0,0.0,0.0,0.0,0.0,21
2023-05-10 21:06:51,OI401P8500,OI401P8500,666.5,0.0,0.0,0.0,1,667.0,684.5,1,666.5,0.0,0.0,0.0,0.0,0.0,21
2023-05-10 21:07:23,OI401P8500,OI401P8500,666.5,0.0,0.0,0.0,1,660.5,684.5,1,666.5,0.0,0.0,0.0,0.0,0.0,21
2023-05-10 21:08:06,OI401P8500,OI401P8500,666.5,0.0,0.0,0.0,1,660.5,678.0,1,666.5,0.0,0.0,0.0,0.0,0.0,21
2023-05-10 21:14:03,OI401P8500,OI401P8500,666.5,0.0,0.0,0.0,1,655.0,678.0,1,666.5,0.0,0.0,0.0,0.0,0.0,21
2023-05-10 21:14:12,OI401P8500,OI401P8500,666.5,0.0,0.0,0.0,1,655.0,672.0,1,666.5,0.0,0.0,0.0,0.0,0.0,21
2023-05-10 21:16:40,OI401P8500,OI401P8500,666.5,0.0,0.0,0.0,1,659.0,672.0,1,666.5,0.0,0.0,0.0,0.0,0.0,21
2023-05-10 21:19:16,OI401P8500,OI401P8500,666.5,0.0,0.0,0.0,1,655.0,672.0,1,666.5,0.0,0.0,0.0,0.0,0.0,21
2023-05-10 21:21:59,OI401P8500,OI401P8500,666.5,0.0,0.0,0.0,1,659.0,672.0,1,666.5,0.0,0.0,0.0,0.0,0.0,21
2023-05-10 21:22:08,OI401P8500,OI401P8500,666.5,0.0,0.0,0.0,1,659.0,678.0,1,666.5,0.0,0.0,0.0,0.0,0.0,21
2023-05-10 21:22:18,OI401P8500,OI401P8500,666.5,0.0,0.0,0.0,1,663.0,678.0,1,666.5,0.0,0.0,0.0,0.0,0.0,21
2023-05-10 21:23:01,OI401P8500,OI401P8500,666.5,0.0,0.0,0.0,1,667.0,678.0,1,666.5,0.0,0.0,0.0,0.0,0.0,21
2023-05-10 21:23:49,OI401P8500,OI401P8500,666.5,0.0,0.0,0.0,1,663.0,678.0,1,666.5,0.0,0.0,0.0,0.0,0.0,21
2023-05-10 21:24:13,OI401P8500,OI401P8500,666.5,0.0,0.0,0.0,1,657.5,678.0,1,666.5,0.0,0.0,0.0,0.0,0.0,21
2023-05-10 21:25:20,OI401P8500,OI401P8500,666.5,0.0,0.0,0.0,1,657.5,672.5,1,666.5,0.0,0.0,0.0,0.0,0.0,21
2023-05-10 21:31:08,OI401P8500,OI401P8500,666.5,0.0,0.0,0.0,1,652.5,672.5,1,666.5,0.0,0.0,0.0,0.0,0.0,21
2023-05-10 21:31:12,OI401P8500,OI401P8500,666.5,0.0,0.0,0.0,10,497.5,672.5,1,666.5,0.0,0.0,0.0,0.0,0.0,21
2023-05-10 21:31:13,OI401P8500,OI401P8500,666.5,0.0,0.0,0.0,1,648.5,666.0,1,666.5,0.0,0.0,0.0,0.0,0.0,21
2023-05-10 21:31:52,OI401P8500,OI401P8500,666.5,0.0,0.0,0.0,1,652.5,666.0,1,666.5,0.0,0.0,0.0,0.0,0.0,21
2023-05-10 21:33:35,OI401P8500,OI401P8500,666.5,0.0,0.0,0.0,1,648.5,666.0,1,666.5,0.0,0.0,0.0,0.0,0.0,21
2023-05-10 21:36:45,OI401P8500,OI401P8500,666.5,0.0,0.0,0.0,1,643.5,666.0,1,666.5,0.0,0.0,0.0,0.0,0.0,21
2023-05-10 21:36:46,OI401P8500,OI401P8500,666.5,0.0,0.0,0.0,1,643.5,660.5,1,666.5,0.0,0.0,0.0,0.0,0.0,21
2023-05-10 21:38:07,OI401P8500,OI401P8500,666.5,0.0,0.0,0.0,1,647.5,660.5,1,666.5,0.0,0.0,0.0,0.0,0.0,21
2023-05-10 21:39:30,OI401P8500,OI401P8500,666.5,0.0,0.0,0.0,1,647.5,666.0,1,666.5,0.0,0.0,0.0,0.0,0.0,21
2023-05-10 21:39:41,OI401P8500,OI401P8500,666.5,0.0,0.0,0.0,1,651.5,666.0,1,666.5,0.0,0.0,0.0,0.0,0.0,21
2023-05-10 21:41:43,OI401P8500,OI401P8500,666.5,0.0,0.0,0.0,1,655.5,666.0,1,666.5,0.0,0.0,0.0,0.0,0.0,21
2023-05-10 21:42:02,OI401P8500,OI401P8500,666.5,0.0,0.0,0.0,1,655.5,673.0,1,666.5,0.0,0.0,0.0,0.0,0.0,21
2023-05-10 21:42:49,OI401P8500,OI401P8500,666.5,0.0,0.0,0.0,1,659.5,673.0,1,666.5,0.0,0.0,0.0,0.0,0.0,21
2023-05-10 21:43:42,OI401P8500,OI401P8500,666.5,0.0,0.0,0.0,1,659.5,680.0,1,666.5,0.0,0.0,0.0,0.0,0.0,21
2023-05-10 21:44:06,OI401P8500,OI401P8500,666.5,0.0,0.0,0.0,1,659.5,674.5,1,666.5,0.0,0.0,0.0,0.0,0.0,21
2023-05-10 21:44:25,OI401P8500,OI401P8500,666.5,0.0,0.0,0.0,1,655.5,674.5,1,666.5,0.0,0.0,0.0,0.0,0.0,21
2023-05-10 21:45:10,OI401P8500,OI401P8500,666.5,0.0,0.0,0.0,1,655.5,669.0,1,666.5,0.0,0.0,0.0,0.0,0.0,21
2023-05-10 21:45:15,OI401P8500,OI401P8500,666.5,0.0,0.0,0.0,1,566.5,669.0,1,666.5,0.0,0.0,0.0,0.0,0.0,21
2023-05-10 21:45:16,OI401P8500,OI401P8500,666.5,0.0,0.0,0.0,1,609.0,669.0,1,666.5,0.0,0.0,0.0,0.0,0.0,21
2023-05-10 21:45:16,OI401P8500,OI401P8500,666.5,0.0,0.0,0.0,1,649.5,669.0,1,666.5,0.0,0.0,0.0,0.0,0.0,21
2023-05-10 21:46:02,OI401P8500,OI401P8500,666.5,0.0,0.0,0.0,1,653.5,669.0,1,666.5,0.0,0.0,0.0,0.0,0.0,21
2023-05-10 21:46:24,OI401P8500,OI401P8500,666.5,0.0,0.0,0.0,1,657.5,669.0,1,666.5,0.0,0.0,0.0,0.0,0.0,21
2023-05-10 21:48:42,OI401P8500,OI401P8500,666.5,0.0,0.0,0.0,1,657.5,674.5,1,666.5,0.0,0.0,0.0,0.0,0.0,21
2023-05-10 21:48:52,OI401P8500,OI401P8500,666.5,0.0,0.0,0.0,1,661.5,674.5,1,666.5,0.0,0.0,0.0,0.0,0.0,21
2023-05-10 21:49:34,OI401P8500,OI401P8500,666.5,0.0,0.0,0.0,1,657.5,674.5,1,666.5,0.0,0.0,0.0,0.0,0.0,21
2023-05-10 21:51:44,OI401P8500,OI401P8500,666.5,0.0,0.0,0.0,1,652.5,674.5,1,666.5,0.0,0.0,0.0,0.0,0.0,21
2023-05-10 21:51:45,OI401P8500,OI401P8500,666.5,0.0,0.0,0.0,1,652.5,669.0,1,666.5,0.0,0.0,0.0,0.0,0.0,21
2023-05-10 21:56:34,OI401P8500,OI401P8500,666.5,0.0,0.0,0.0,1,647.0,669.0,1,666.5,0.0,0.0,0.0,0.0,0.0,21
2023-05-10 21:57:12,OI401P8500,OI401P8500,666.5,0.0,0.0,0.0,1,647.0,663.5,1,666.5,0.0,0.0,0.0,0.0,0.0,21
2023-05-10 22:00:27,OI401P8500,OI401P8500,666.5,0.0,0.0,0.0,1,642.0,663.5,1,666.5,0.0,0.0,0.0,0.0,0.0,21
2023-05-10 22:00:29,OI401P8500,OI401P8500,666.5,0.0,0.0,0.0,1,642.0,657.5,1,666.5,0.0,0.0,0.0,0.0,0.0,21
2023-05-10 22:01:35,OI401P8500,OI401P8500,666.5,0.0,0.0,0.0,1,609.0,657.5,1,666.5,0.0,0.0,0.0,0.0,0.0,21
2023-05-10 22:01:36,OI401P8500,OI401P8500,666.5,0.0,0.0,0.0,1,636.5,657.5,1,666.5,0.0,0.0,0.0,0.0,0.0,21
2023-05-10 22:01:50,OI401P8500,OI401P8500,666.5,0.0,0.0,0.0,1,640.5,657.5,1,666.5,0.0,0.0,0.0,0.0,0.0,21
2023-05-10 22:03:00,OI401P8500,OI401P8500,666.5,0.0,0.0,0.0,1,644.5,657.5,1,666.5,0.0,0.0,0.0,0.0,0.0,21
2023-05-10 22:03:04,OI401P8500,OI401P8500,666.5,0.0,0.0,0.0,1,644.5,663.5,1,666.5,0.0,0.0,0.0,0.0,0.0,21
2023-05-10 22:03:07,OI401P8500,OI401P8500,666.5,0.0,0.0,0.0,1,648.5,663.5,1,666.5,0.0,0.0,0.0,0.0,0.0,21
2023-05-10 22:06:05,OI401P8500,OI401P8500,666.5,0.0,0.0,0.0,1,644.5,663.5,1,666.5,0.0,0.0,0.0,0.0,0.0,21
2023-05-10 22:06:20,OI401P8500,OI401P8500,666.5,0.0,0.0,0.0,1,644.5,657.5,1,666.5,0.0,0.0,0.0,0.0,0.0,21
2023-05-10 22:07:16,OI401P8500,OI401P8500,666.5,0.0,0.0,0.0,1,639.5,657.5,1,666.5,0.0,0.0,0.0,0.0,0.0,21
2023-05-10 22:10:05,OI401P8500,OI401P8500,666.5,0.0,0.0,0.0,1,643.5,657.5,1,666.5,0.0,0.0,0.0,0.0,0.0,21
2023-05-10 22:12:49,OI401P8500,OI401P8500,666.5,0.0,0.0,0.0,1,639.5,657.5,1,666.5,0.0,0.0,0.0,0.0,0.0,21
2023-05-10 22:14:52,OI401P8500,OI401P8500,666.5,0.0,0.0,0.0,1,635.0,652.0,1,666.5,0.0,0.0,0.0,0.0,0.0,21
2023-05-10 22:15:50,OI401P8500,OI401P8500,666.5,0.0,0.0,0.0,1,639.0,652.0,1,666.5,0.0,0.0,0.0,0.0,0.0,21
2023-05-10 22:16:55,OI401P8500,OI401P8500,666.5,0.0,0.0,0.0,1,639.0,657.5,1,666.5,0.0,0.0,0.0,0.0,0.0,21
2023-05-10 22:17:33,OI401P8500,OI401P8500,666.5,0.0,0.0,0.0,1,643.0,657.5,1,666.5,0.0,0.0,0.0,0.0,0.0,21
2023-05-10 22:18:18,OI401P8500,OI401P8500,666.5,0.0,0.0,0.0,1,647.5,813.0,1,666.5,0.0,0.0,0.0,0.0,0.0,21
2023-05-10 22:18:18,OI401P8500,OI401P8500,666.5,0.0,0.0,0.0,1,647.5,743.5,1,666.5,0.0,0.0,0.0,0.0,0.0,21
2023-05-10 22:18:19,OI401P8500,OI401P8500,666.5,0.0,0.0,0.0,1,647.5,663.5,1,666.5,0.0,0.0,0.0,0.0,0.0,21
2023-05-10 22:19:34,OI401P8500,OI401P8500,666.5,0.0,0.0,0.0,1,652.0,663.5,1,666.5,0.0,0.0,0.0,0.0,0.0,21
2023-05-10 22:20:11,OI401P8500,OI401P8500,666.5,0.0,0.0,0.0,1,652.0,670.5,1,666.5,0.0,0.0,0.0,0.0,0.0,21
2023-05-10 22:20:24,OI401P8500,OI401P8500,666.5,0.0,0.0,0.0,1,652.0,665.0,1,666.5,0.0,0.0,0.0,0.0,0.0,21
2023-05-10 22:20:42,OI401P8500,OI401P8500,666.5,0.0,0.0,0.0,1,647.5,665.0,1,666.5,0.0,0.0,0.0,0.0,0.0,21
2023-05-10 22:22:20,OI401P8500,OI401P8500,666.5,0.0,0.0,0.0,1,642.5,665.0,1,666.5,0.0,0.0,0.0,0.0,0.0,21
2023-05-10 22:22:39,OI401P8500,OI401P8500,666.5,0.0,0.0,0.0,1,642.5,659.5,1,666.5,0.0,0.0,0.0,0.0,0.0,21
2023-05-10 22:26:48,OI401P8500,OI401P8500,666.5,0.0,0.0,0.0,1,646.5,659.5,1,666.5,0.0,0.0,0.0,0.0,0.0,21
2023-05-10 22:30:03,OI401P8500,OI401P8500,666.5,0.0,0.0,0.0,1,642.5,659.5,1,666.5,0.0,0.0,0.0,0.0,0.0,21
2023-05-10 22:30:51,OI401P8500,OI401P8500,666.5,0.0,0.0,0.0,1,637.0,659.5,1,666.5,0.0,0.0,0.0,0.0,0.0,21
2023-05-10 22:31:17,OI401P8500,OI401P8500,666.5,0.0,0.0,0.0,1,637.0,653.5,1,666.5,0.0,0.0,0.0,0.0,0.0,21
2023-05-10 22:32:12,OI401P8500,OI401P8500,666.5,0.0,0.0,0.0,1,641.0,653.5,1,666.5,0.0,0.0,0.0,0.0,0.0,21
2023-05-10 22:33:04,OI401P8500,OI401P8500,666.5,0.0,0.0,0.0,1,641.0,659.5,1,666.5,0.0,0.0,0.0,0.0,0.0,21
2023-05-10 22:33:11,OI401P8500,OI401P8500,666.5,0.0,0.0,0.0,1,645.0,659.5,1,666.5,0.0,0.0,0.0,0.0,0.0,21
2023-05-10 22:34:09,OI401P8500,OI401P8500,666.5,0.0,0.0,0.0,1,649.0,659.5,1,666.5,0.0,0.0,0.0,0.0,0.0,21
2023-05-10 22:34:10,OI401P8500,OI401P8500,666.5,0.0,0.0,0.0,1,649.0,666.5,1,666.5,0.0,0.0,0.0,0.0,0.0,21
2023-05-10 22:34:28,OI401P8500,OI401P8500,666.5,0.0,0.0,0.0,1,653.0,666.5,1,666.5,0.0,0.0,0.0,0.0,0.0,21
2023-05-10 22:34:39,OI401P8500,OI401P8500,666.5,0.0,0.0,0.0,1,649.0,666.5,1,666.5,0.0,0.0,0.0,0.0,0.0,21
2023-05-10 22:35:01,OI401P8500,OI401P8500,666.5,0.0,0.0,0.0,1,644.0,666.5,1,666.5,0.0,0.0,0.0,0.0,0.0,21
2023-05-10 22:35:01,OI401P8500,OI401P8500,666.5,0.0,0.0,0.0,1,644.0,660.5,1,666.5,0.0,0.0,0.0,0.0,0.0,21
2023-05-10 22:36:27,OI401P8500,OI401P8500,666.5,0.0,0.0,0.0,1,638.5,660.5,1,666.5,0.0,0.0,0.0,0.0,0.0,21
2023-05-10 22:36:31,OI401P8500,OI401P8500,666.5,0.0,0.0,0.0,1,638.5,655.0,1,666.5,0.0,0.0,0.0,0.0,0.0,21
2023-05-10 22:36:56,OI401P8500,OI401P8500,666.5,0.0,0.0,0.0,1,642.5,655.0,1,666.5,0.0,0.0,0.0,0.0,0.0,21
2023-05-10 22:37:15,OI401P8500,OI401P8500,666.5,0.0,0.0,0.0,1,642.5,660.5,1,666.5,0.0,0.0,0.0,0.0,0.0,21
2023-05-10 22:37:21,OI401P8500,OI401P8500,666.5,0.0,0.0,0.0,1,646.5,660.5,1,666.5,0.0,0.0,0.0,0.0,0.0,21
2023-05-10 22:37:59,OI401P8500,OI401P8500,666.5,0.0,0.0,0.0,1,642.5,660.5,1,666.5,0.0,0.0,0.0,0.0,0.0,21
2023-05-10 22:39:15,OI401P8500,OI401P8500,666.5,0.0,0.0,0.0,1,637.0,654.5,1,666.5,0.0,0.0,0.0,0.0,0.0,21
2023-05-10 22:40:24,OI401P8500,OI401P8500,666.5,0.0,0.0,0.0,1,609.0,654.5,1,666.5,0.0,0.0,0.0,0.0,0.0,21
2023-05-10 22:40:25,OI401P8500,OI401P8500,666.5,0.0,0.0,0.0,1,632.0,654.5,1,666.5,0.0,0.0,0.0,0.0,0.0,21
2023-05-10 22:40:42,OI401P8500,OI401P8500,666.5,0.0,0.0,0.0,1,636.0,654.5,1,666.5,0.0,0.0,0.0,0.0,0.0,21
2023-05-10 22:42:00,OI401P8500,OI401P8500,666.5,0.0,0.0,0.0,1,640.0,654.5,1,666.5,0.0,0.0,0.0,0.0,0.0,21
2023-05-10 22:50:48,OI401P8500,OI401P8500,666.5,0.0,0.0,0.0,1,636.0,654.5,1,666.5,0.0,0.0,0.0,0.0,0.0,21
2023-05-10 22:53:11,OI401P8500,OI401P8500,666.5,0.0,0.0,0.0,1,630.5,654.5,1,666.5,0.0,0.0,0.0,0.0,0.0,21
2023-05-10 22:56:05,OI401P8500,OI401P8500,666.5,0.0,0.0,0.0,1,483.5,743.5,1,666.5,0.0,0.0,0.0,0.0,0.0,21
2023-05-10 22:56:06,OI401P8500,OI401P8500,666.5,0.0,0.0,0.0,10,484.0,743.0,10,666.5,0.0,0.0,0.0,0.0,0.0,21
2023-05-10 22:56:06,OI401P8500,OI401P8500,666.5,0.0,0.0,0.0,2,492.0,743.0,10,666.5,0.0,0.0,0.0,0.0,0.0,21
2023-05-10 22:56:07,OI401P8500,OI401P8500,666.5,0.0,0.0,0.0,10,492.5,743.0,10,666.5,0.0,0.0,0.0,0.0,0.0,21
2023-05-10 22:56:08,OI401P8500,OI401P8500,666.5,0.0,0.0,0.0,2,496.5,743.0,10,666.5,0.0,0.0,0.0,0.0,0.0,21
2023-05-10 22:56:08,OI401P8500,OI401P8500,666.5,0.0,0.0,0.0,1,565.5,743.0,10,666.5,0.0,0.0,0.0,0.0,0.0,21
2023-05-10 22:56:09,OI401P8500,OI401P8500,666.5,0.0,0.0,0.0,10,566.0,743.0,10,666.5,0.0,0.0,0.0,0.0,0.0,21
2023-05-10 22:57:33,OI401P8500,OI401P8500,666.5,0.0,0.0,0.0,1,296.0,0.0,0,666.5,0.0,0.0,0.0,0.0,0.0,21
2023-05-10 22:57:42,OI401P8500,OI401P8500,666.5,0.0,0.0,0.0,1,294.5,0.0,0,666.5,0.0,0.0,0.0,0.0,0.0,21
2023-05-10 22:59:35,OI401P8500,OI401P8500,666.5,0.0,0.0,0.0,0,0.0,0.0,0,666.5,0.0,0.0,0.0,0.0,0.0,21
2023-05-11 09:00:00,OI401P8500,OI401P8500,666.5,0.0,0.0,0.0,1,477.5,806.0,1,666.5,0.0,0.0,0.0,0.0,0.0,21
2023-05-11 09:00:32,OI401P8500,OI401P8500,666.5,0.0,0.0,0.0,1,519.5,805.5,10,666.5,0.0,0.0,0.0,0.0,0.0,21
2023-05-11 09:00:33,OI401P8500,OI401P8500,666.5,0.0,0.0,0.0,10,520.0,805.5,10,666.5,0.0,0.0,0.0,0.0,0.0,21
2023-05-11 09:01:25,OI401P8500,OI401P8500,666.5,0.0,0.0,0.0,2,528.0,661.5,1,666.5,0.0,0.0,0.0,0.0,0.0,21
2023-05-11 09:01:25,OI401P8500,OI401P8500,666.5,0.0,0.0,0.0,10,528.5,661.5,1,666.5,0.0,0.0,0.0,0.0,0.0,21
2023-05-11 09:01:27,OI401P8500,OI401P8500,666.5,0.0,0.0,0.0,1,634.5,661.5,1,666.5,0.0,0.0,0.0,0.0,0.0,21
2023-05-11 09:02:37,OI401P8500,OI401P8500,666.5,0.0,0.0,0.0,1,641.0,661.5,1,666.5,0.0,0.0,0.0,0.0,0.0,21
2023-05-11 09:05:14,OI401P8500,OI401P8500,666.5,0.0,0.0,0.0,1,645.5,661.5,1,666.5,0.0,0.0,0.0,0.0,0.0,21
2023-05-11 09:05:53,OI401P8500,OI401P8500,666.5,0.0,0.0,0.0,1,645.5,805.5,10,666.5,0.0,0.0,0.0,0.0,0.0,21
2023-05-11 09:05:54,OI401P8500,OI401P8500,666.5,0.0,0.0,0.0,1,645.5,669.5,1,666.5,0.0,0.0,0.0,0.0,0.0,21
2023-05-11 09:05:55,OI401P8500,OI401P8500,666.5,0.0,0.0,0.0,1,650.0,669.5,1,666.5,0.0,0.0,0.0,0.0,0.0,21
2023-05-11 09:06:53,OI401P8500,OI401P8500,666.5,0.0,0.0,0.0,1,655.0,669.5,1,666.5,0.0,0.0,0.0,0.0,0.0,21
2023-05-11 09:07:16,OI401P8500,OI401P8500,666.5,0.0,0.0,0.0,1,655.0,677.5,1,666.5,0.0,0.0,0.0,0.0,0.0,21
2023-05-11 09:07:42,OI401P8500,OI401P8500,666.5,0.0,0.0,0.0,1,659.5,677.5,1,666.5,0.0,0.0,0.0,0.0,0.0,21
2023-05-11 09:08:47,OI401P8500,OI401P8500,666.5,0.0,0.0,0.0,1,655.0,677.5,1,666.5,0.0,0.0,0.0,0.0,0.0,21
2023-05-11 09:10:07,OI401P8500,OI401P8500,666.5,0.0,0.0,0.0,1,659.5,677.5,1,666.5,0.0,0.0,0.0,0.0,0.0,21
2023-05-11 09:11:36,OI401P8500,OI401P8500,666.5,0.0,0.0,0.0,1,664.0,677.5,1,666.5,0.0,0.0,0.0,0.0,0.0,21
2023-05-11 09:11:42,OI401P8500,OI401P8500,666.5,0.0,0.0,0.0,1,664.0,685.5,1,666.5,0.0,0.0,0.0,0.0,0.0,21
2023-05-11 09:12:02,OI401P8500,OI401P8500,666.5,0.0,0.0,0.0,1,669.0,685.5,1,666.5,0.0,0.0,0.0,0.0,0.0,21
2023-05-11 09:12:16,OI401P8500,OI401P8500,666.5,0.0,0.0,0.0,1,673.5,736.5,1,666.5,0.0,0.0,0.0,0.0,0.0,21
2023-05-11 09:12:16,OI401P8500,OI401P8500,666.5,0.0,0.0,0.0,1,673.5,693.0,1,666.5,0.0,0.0,0.0,0.0,0.0,21
2023-05-11 09:15:06,OI401P8500,OI401P8500,666.5,0.0,0.0,0.0,1,669.0,693.0,1,666.5,0.0,0.0,0.0,0.0,0.0,21
2023-05-11 09:15:29,OI401P8500,OI401P8500,666.5,0.0,0.0,0.0,1,669.0,686.5,1,666.5,0.0,0.0,0.0,0.0,0.0,21
2023-05-11 09:15:41,OI401P8500,OI401P8500,666.5,0.0,0.0,0.0,1,663.0,686.5,1,666.5,0.0,0.0,0.0,0.0,0.0,21
2023-05-11 09:16:08,OI401P8500,OI401P8500,666.5,0.0,0.0,0.0,1,663.0,680.0,1,666.5,0.0,0.0,0.0,0.0,0.0,21
2023-05-11 09:17:08,OI401P8500,OI401P8500,666.5,0.0,0.0,0.0,1,667.5,680.0,1,666.5,0.0,0.0,0.0,0.0,0.0,21
2023-05-11 09:17:09,OI401P8500,OI401P8500,666.5,0.0,0.0,0.0,1,667.5,686.5,1,666.5,0.0,0.0,0.0,0.0,0.0,21
2023-05-11 09:17:27,OI401P8500,OI401P8500,666.5,0.0,0.0,0.0,1,672.0,686.5,1,666.5,0.0,0.0,0.0,0.0,0.0,21
2023-05-11 09:17:50,OI401P8500,OI401P8500,666.5,0.0,0.0,0.0,1,672.0,736.5,1,666.5,0.0,0.0,0.0,0.0,0.0,21
2023-05-11 09:17:51,OI401P8500,OI401P8500,666.5,0.0,0.0,0.0,1,672.0,695.0,1,666.5,0.0,0.0,0.0,0.0,0.0,21
2023-05-11 09:17:58,OI401P8500,OI401P8500,666.5,0.0,0.0,0.0,1,676.5,695.0,1,666.5,0.0,0.0,0.0,0.0,0.0,21
2023-05-11 09:18:06,OI401P8500,OI401P8500,666.5,0.0,0.0,0.0,1,681.5,695.0,1,666.5,0.0,0.0,0.0,0.0,0.0,21
2023-05-11 09:18:10,OI401P8500,OI401P8500,666.5,0.0,0.0,0.0,1,681.5,703.0,1,666.5,0.0,0.0,0.0,0.0,0.0,21
2023-05-11 09:18:16,OI401P8500,OI401P8500,666.5,0.0,0.0,0.0,1,686.0,703.0,1,666.5,0.0,0.0,0.0,0.0,0.0,21
2023-05-11 09:18:33,OI401P8500,OI401P8500,666.5,0.0,0.0,0.0,1,690.5,703.0,1,666.5,0.0,0.0,0.0,0.0,0.0,21
2023-05-11 09:18:41,OI401P8500,OI401P8500,666.5,0.0,0.0,0.0,1,690.5,711.0,1,666.5,0.0,0.0,0.0,0.0,0.0,21
2023-05-11 09:19:20,OI401P8500,OI401P8500,666.5,0.0,0.0,0.0,1,696.5,711.0,1,666.5,0.0,0.0,0.0,0.0,0.0,21
2023-05-11 09:19:21,OI401P8500,OI401P8500,666.5,0.0,0.0,0.0,1,696.5,736.5,1,666.5,0.0,0.0,0.0,0.0,0.0,21
2023-05-11 09:19:23,OI401P8500,OI401P8500,666.5,0.0,0.0,0.0,1,696.5,716.0,1,666.5,0.0,0.0,0.0,0.0,0.0,21
2023-05-11 09:19:59,OI401P8500,OI401P8500,666.5,0.0,0.0,0.0,1,690.5,716.0,1,666.5,0.0,0.0,0.0,0.0,0.0,21
2023-05-11 09:20:03,OI401P8500,OI401P8500,666.5,0.0,0.0,0.0,1,690.5,709.5,1,666.5,0.0,0.0,0.0,0.0,0.0,21
2023-05-11 09:20:12,OI401P8500,OI401P8500,666.5,0.0,0.0,0.0,1,519.5,709.5,1,666.5,0.0,0.0,0.0,0.0,0.0,21
2023-05-11 09:20:13,OI401P8500,OI401P8500,666.5,0.0,0.0,0.0,1,589.0,709.5,1,666.5,0.0,0.0,0.0,0.0,0.0,21
2023-05-11 09:20:13,OI401P8500,OI401P8500,666.5,0.0,0.0,0.0,1,685.0,709.5,1,666.5,0.0,0.0,0.0,0.0,0.0,21
2023-05-11 09:20:30,OI401P8500,OI401P8500,666.5,0.0,0.0,0.0,1,685.0,703.0,1,666.5,0.0,0.0,0.0,0.0,0.0,21
2023-05-11 09:21:06,OI401P8500,OI401P8500,666.5,0.0,0.0,0.0,10,589.5,703.0,1,666.5,0.0,0.0,0.0,0.0,0.0,21
2023-05-11 09:21:06,OI401P8500,OI401P8500,666.5,0.0,0.0,0.0,1,632.5,703.0,1,666.5,0.0,0.0,0.0,0.0,0.0,21
2023-05-11 09:21:06,OI401P8500,OI401P8500,666.5,0.0,0.0,0.0,1,680.5,703.0,1,666.5,0.0,0.0,0.0,0.0,0.0,21
2023-05-11 09:21:29,OI401P8500,OI401P8500,666.5,0.0,0.0,0.0,1,685.5,703.0,1,666.5,0.0,0.0,0.0,0.0,0.0,21
2023-05-11 09:22:16,OI401P8500,OI401P8500,666.5,0.0,0.0,0.0,1,680.5,703.0,1,666.5,0.0,0.0,0.0,0.0,0.0,21
2023-05-11 09:23:39,OI401P8500,OI401P8500,666.5,0.0,0.0,0.0,1,680.5,696.5,1,666.5,0.0,0.0,0.0,0.0,0.0,21
2023-05-11 09:24:01,OI401P8500,OI401P8500,666.5,0.0,0.0,0.0,1,632.5,696.5,1,666.5,0.0,0.0,0.0,0.0,0.0,21
2023-05-11 09:24:01,OI401P8500,OI401P8500,666.5,0.0,0.0,0.0,1,674.5,696.5,1,666.5,0.0,0.0,0.0,0.0,0.0,21
2023-05-11 09:26:04,OI401P8500,OI401P8500,666.5,0.0,0.0,0.0,1,674.5,690.0,1,666.5,0.0,0.0,0.0,0.0,0.0,21
2023-05-11 09:26:23,OI401P8500,OI401P8500,666.5,0.0,0.0,0.0,1,669.0,690.0,1,666.5,0.0,0.0,0.0,0.0,0.0,21
2023-05-11 09:27:39,OI401P8500,OI401P8500,666.5,0.0,0.0,0.0,1,673.5,690.0,1,666.5,0.0,0.0,0.0,0.0,0.0,21
2023-05-11 09:28:15,OI401P8500,OI401P8500,666.5,0.0,0.0,0.0,1,678.5,696.5,1,666.5,0.0,0.0,0.0,0.0,0.0,21
2023-05-11 09:29:15,OI401P8500,OI401P8500,666.5,0.0,0.0,0.0,1,683.0,696.5,1,666.5,0.0,0.0,0.0,0.0,0.0,21
2023-05-11 09:30:05,OI401P8500,OI401P8500,666.5,0.0,0.0,0.0,1,683.0,705.0,1,666.5,0.0,0.0,0.0,0.0,0.0,21
2023-05-11 09:30:28,OI401P8500,OI401P8500,666.5,0.0,0.0,0.0,1,687.5,705.0,1,666.5,0.0,0.0,0.0,0.0,0.0,21
2023-05-11 09:31:12,OI401P8500,OI401P8500,666.5,0.0,0.0,0.0,1,692.0,705.0,1,666.5,0.0,0.0,0.0,0.0,0.0,21
2023-05-11 09:31:13,OI401P8500,OI401P8500,666.5,0.0,0.0,0.0,1,692.0,736.5,1,666.5,0.0,0.0,0.0,0.0,0.0,21
2023-05-11 09:31:14,OI401P8500,OI401P8500,666.5,0.0,0.0,0.0,1,692.0,713.0,1,666.5,0.0,0.0,0.0,0.0,0.0,21
2023-05-11 09:31:21,OI401P8500,OI401P8500,666.5,0.0,0.0,0.0,1,697.5,713.0,1,666.5,0.0,0.0,0.0,0.0,0.0,21
2023-05-11 09:32:24,OI401P8500,OI401P8500,666.5,0.0,0.0,0.0,1,697.5,736.5,1,666.5,0.0,0.0,0.0,0.0,0.0,21
2023-05-11 09:32:25,OI401P8500,OI401P8500,666.5,0.0,0.0,0.0,1,697.5,722.0,1,666.5,0.0,0.0,0.0,0.0,0.0,21
2023-05-11 09:33:20,OI401P8500,OI401P8500,666.5,0.0,0.0,0.0,1,697.5,715.0,1,666.5,0.0,0.0,0.0,0.0,0.0,21
2023-05-11 09:33:46,OI401P8500,OI401P8500,666.5,0.0,0.0,0.0,1,692.0,715.0,1,666.5,0.0,0.0,0.0,0.0,0.0,21
2023-05-11 09:34:20,OI401P8500,OI401P8500,666.5,0.0,0.0,0.0,1,692.0,708.5,1,666.5,0.0,0.0,0.0,0.0,0.0,21
2023-05-11 09:35:14,OI401P8500,OI401P8500,666.5,0.0,0.0,0.0,1,696.5,715.0,1,666.5,0.0,0.0,0.0,0.0,0.0,21
2023-05-11 09:36:33,OI401P8500,OI401P8500,666.5,0.0,0.0,0.0,1,701.0,715.0,1,666.5,0.0,0.0,0.0,0.0,0.0,21
2023-05-11 09:36:57,OI401P8500,OI401P8500,666.5,0.0,0.0,0.0,1,701.0,723.0,1,666.5,0.0,0.0,0.0,0.0,0.0,21
2023-05-11 09:37:07,OI401P8500,OI401P8500,666.5,0.0,0.0,0.0,1,696.5,716.5,1,666.5,0.0,0.0,0.0,0.0,0.0,21
2023-05-11 09:39:02,OI401P8500,OI401P8500,666.5,0.0,0.0,0.0,1,690.5,716.5,1,666.5,0.0,0.0,0.0,0.0,0.0,21
2023-05-11 09:39:03,OI401P8500,OI401P8500,666.5,0.0,0.0,0.0,1,690.5,710.0,1,666.5,0.0,0.0,0.0,0.0,0.0,21
2023-05-11 09:39:52,OI401P8500,OI401P8500,666.5,0.0,0.0,0.0,1,695.0,710.0,1,666.5,0.0,0.0,0.0,0.0,0.0,21
2023-05-11 09:40:32,OI401P8500,OI401P8500,666.5,0.0,0.0,0.0,1,695.0,716.5,1,666.5,0.0,0.0,0.0,0.0,0.0,21
2023-05-11 09:41:01,OI401P8500,OI401P8500,666.5,0.0,0.0,0.0,1,699.5,716.5,1,666.5,0.0,0.0,0.0,0.0,0.0,21
2023-05-11 09:41:09,OI401P8500,OI401P8500,666.5,0.0,0.0,0.0,1,699.5,736.5,1,666.5,0.0,0.0,0.0,0.0,0.0,21
2023-05-11 09:41:11,OI401P8500,OI401P8500,666.5,0.0,0.0,0.0,1,704.0,724.0,1,666.5,0.0,0.0,0.0,0.0,0.0,21
2023-05-11 09:41:22,OI401P8500,OI401P8500,666.5,0.0,0.0,0.0,1,699.5,724.0,1,666.5,0.0,0.0,0.0,0.0,0.0,21
2023-05-11 09:41:24,OI401P8500,OI401P8500,666.5,0.0,0.0,0.0,1,699.5,717.0,1,666.5,0.0,0.0,0.0,0.0,0.0,21
2023-05-11 09:43:17,OI401P8500,OI401P8500,666.5,0.0,0.0,0.0,1,704.0,717.0,1,666.5,0.0,0.0,0.0,0.0,0.0,21
2023-05-11 09:43:23,OI401P8500,OI401P8500,666.5,0.0,0.0,0.0,1,704.0,724.0,1,666.5,0.0,0.0,0.0,0.0,0.0,21
2023-05-11 09:44:06,OI401P8500,OI401P8500,666.5,0.0,0.0,0.0,1,699.5,724.0,1,666.5,0.0,0.0,0.0,0.0,0.0,21
2023-05-11 09:44:14,OI401P8500,OI401P8500,666.5,0.0,0.0,0.0,1,699.5,717.5,1,666.5,0.0,0.0,0.0,0.0,0.0,21
2023-05-11 09:45:12,OI401P8500,OI401P8500,666.5,0.0,0.0,0.0,1,693.5,717.5,1,666.5,0.0,0.0,0.0,0.0,0.0,21
2023-05-11 09:46:10,OI401P8500,OI401P8500,666.5,0.0,0.0,0.0,1,693.5,711.0,1,666.5,0.0,0.0,0.0,0.0,0.0,21
2023-05-11 09:46:58,OI401P8500,OI401P8500,666.5,0.0,0.0,0.0,1,698.0,711.0,1,666.5,0.0,0.0,0.0,0.0,0.0,21
2023-05-11 09:47:16,OI401P8500,OI401P8500,666.5,0.0,0.0,0.0,1,698.0,717.5,1,666.5,0.0,0.0,0.0,0.0,0.0,21
2023-05-11 09:48:09,OI401P8500,OI401P8500,666.5,0.0,0.0,0.0,1,702.5,717.5,1,666.5,0.0,0.0,0.0,0.0,0.0,21
2023-05-11 09:48:29,OI401P8500,OI401P8500,666.5,0.0,0.0,0.0,1,702.5,725.0,1,666.5,0.0,0.0,0.0,0.0,0.0,21
2023-05-11 09:49:27,OI401P8500,OI401P8500,666.5,0.0,0.0,0.0,1,707.0,725.0,1,666.5,0.0,0.0,0.0,0.0,0.0,21
2023-05-11 09:50:09,OI401P8500,OI401P8500,666.5,0.0,0.0,0.0,1,702.5,725.0,1,666.5,0.0,0.0,0.0,0.0,0.0,21
2023-05-11 09:51:03,OI401P8500,OI401P8500,666.5,0.0,0.0,0.0,1,707.0,725.0,1,666.5,0.0,0.0,0.0,0.0,0.0,21
2023-05-11 09:51:24,OI401P8500,OI401P8500,666.5,0.0,0.0,0.0,1,711.5,725.0,1,666.5,0.0,0.0,0.0,0.0,0.0,21
2023-05-11 09:52:05,OI401P8500,OI401P8500,666.5,0.0,0.0,0.0,1,707.0,725.0,1,666.5,0.0,0.0,0.0,0.0,0.0,21
2023-05-11 09:54:01,OI401P8500,OI401P8500,666.5,0.0,0.0,0.0,1,711.5,725.0,1,666.5,0.0,0.0,0.0,0.0,0.0,21
2023-05-11 09:54:30,OI401P8500,OI401P8500,666.5,0.0,0.0,0.0,1,711.5,733.0,1,666.5,0.0,0.0,0.0,0.0,0.0,21
2023-05-11 09:54:42,OI401P8500,OI401P8500,666.5,0.0,0.0,0.0,1,716.0,733.0,1,666.5,0.0,0.0,0.0,0.0,0.0,21
2023-05-11 09:55:37,OI401P8500,OI401P8500,666.5,0.0,0.0,0.0,1,720.5,741.0,1,666.5,0.0,0.0,0.0,0.0,0.0,21
2023-05-11 09:56:14,OI401P8500,OI401P8500,666.5,0.0,0.0,0.0,1,716.0,741.0,1,666.5,0.0,0.0,0.0,0.0,0.0,21
2023-05-11 09:56:15,OI401P8500,OI401P8500,666.5,0.0,0.0,0.0,1,716.0,734.5,1,666.5,0.0,0.0,0.0,0.0,0.0,21
2023-05-11 09:58:02,OI401P8500,OI401P8500,666.5,0.0,0.0,0.0,1,720.5,734.5,1,666.5,0.0,0.0,0.0,0.0,0.0,21
2023-05-11 09:58:49,OI401P8500,OI401P8500,666.5,0.0,0.0,0.0,1,720.5,741.0,1,666.5,0.0,0.0,0.0,0.0,0.0,21
2023-05-11 09:59:21,OI401P8500,OI401P8500,666.5,0.0,0.0,0.0,1,725.0,741.0,1,666.5,0.0,0.0,0.0,0.0,0.0,21
2023-05-11 09:59:42,OI401P8500,OI401P8500,666.5,0.0,0.0,0.0,1,725.0,798.0,10,666.5,0.0,0.0,0.0,0.0,0.0,21
2023-05-11 09:59:42,OI401P8500,OI401P8500,666.5,0.0,0.0,0.0,1,725.0,749.0,1,666.5,0.0,0.0,0.0,0.0,0.0,21
2023-05-11 10:00:14,OI401P8500,OI401P8500,666.5,0.0,0.0,0.0,1,725.0,742.5,1,666.5,0.0,0.0,0.0,0.0,0.0,21
2023-05-11 10:00:55,OI401P8500,OI401P8500,666.5,0.0,0.0,0.0,1,729.5,742.5,1,666.5,0.0,0.0,0.0,0.0,0.0,21
2023-05-11 10:01:15,OI401P8500,OI401P8500,666.5,0.0,0.0,0.0,1,725.0,742.5,1,666.5,0.0,0.0,0.0,0.0,0.0,21
2023-05-11 10:01:46,OI401P8500,OI401P8500,666.5,0.0,0.0,0.0,1,729.5,742.5,1,666.5,0.0,0.0,0.0,0.0,0.0,21
2023-05-11 10:02:00,OI401P8500,OI401P8500,666.5,0.0,0.0,0.0,1,729.5,749.0,1,666.5,0.0,0.0,0.0,0.0,0.0,21
2023-05-11 10:06:06,OI401P8500,OI401P8500,666.5,0.0,0.0,0.0,1,725.0,742.5,1,666.5,0.0,0.0,0.0,0.0,0.0,21
2023-05-11 10:08:03,OI401P8500,OI401P8500,666.5,0.0,0.0,0.0,1,729.5,742.5,1,666.5,0.0,0.0,0.0,0.0,0.0,21
2023-05-11 10:08:04,OI401P8500,OI401P8500,666.5,0.0,0.0,0.0,1,729.5,749.0,1,666.5,0.0,0.0,0.0,0.0,0.0,21
2023-05-11 10:08:12,OI401P8500,OI401P8500,666.5,0.0,0.0,0.0,1,734.0,749.0,1,666.5,0.0,0.0,0.0,0.0,0.0,21
2023-05-11 10:08:22,OI401P8500,OI401P8500,666.5,0.0,0.0,0.0,1,734.0,798.5,1,666.5,0.0,0.0,0.0,0.0,0.0,21
2023-05-11 10:08:22,OI401P8500,OI401P8500,666.5,0.0,0.0,0.0,1,734.0,757.5,1,666.5,0.0,0.0,0.0,0.0,0.0,21
2023-05-11 10:08:25,OI401P8500,OI401P8500,666.5,0.0,0.0,0.0,1,738.5,757.5,1,666.5,0.0,0.0,0.0,0.0,0.0,21
2023-05-11 10:08:41,OI401P8500,OI401P8500,666.5,0.0,0.0,0.0,1,743.0,757.5,1,666.5,0.0,0.0,0.0,0.0,0.0,21
2023-05-11 10:09:08,OI401P8500,OI401P8500,666.5,0.0,0.0,0.0,1,738.5,757.5,1,666.5,0.0,0.0,0.0,0.0,0.0,21
2023-05-11 10:12:31,OI401P8500,OI401P8500,666.5,0.0,0.0,0.0,1,732.5,757.5,1,666.5,0.0,0.0,0.0,0.0,0.0,21
2023-05-11 10:13:00,OI401P8500,OI401P8500,666.5,0.0,0.0,0.0,1,732.5,751.0,1,666.5,0.0,0.0,0.0,0.0,0.0,21
2023-05-11 10:14:35,OI401P8500,OI401P8500,666.5,0.0,0.0,0.0,1,726.0,751.0,1,666.5,0.0,0.0,0.0,0.0,0.0,21
2023-05-11 10:30:11,OI401P8500,OI401P8500,666.5,0.0,0.0,0.0,1,726.0,744.0,1,666.5,0.0,0.0,0.0,0.0,0.0,21
2023-05-11 10:30:36,OI401P8500,OI401P8500,666.5,0.0,0.0,0.0,1,730.5,744.0,1,666.5,0.0,0.0,0.0,0.0,0.0,21
2023-05-11 10:30:57,OI401P8500,OI401P8500,666.5,0.0,0.0,0.0,1,726.0,744.0,1,666.5,0.0,0.0,0.0,0.0,0.0,21
2023-05-11 10:31:07,OI401P8500,OI401P8500,666.5,0.0,0.0,0.0,1,730.5,744.0,1,666.5,0.0,0.0,0.0,0.0,0.0,21
2023-05-11 10:31:58,OI401P8500,OI401P8500,666.5,0.0,0.0,0.0,1,730.5,751.0,1,666.5,0.0,0.0,0.0,0.0,0.0,21
2023-05-11 10:32:04,OI401P8500,OI401P8500,666.5,0.0,0.0,0.0,1,735.5,751.0,1,666.5,0.0,0.0,0.0,0.0,0.0,21
2023-05-11 10:32:15,OI401P8500,OI401P8500,666.5,0.0,0.0,0.0,1,730.5,751.0,1,666.5,0.0,0.0,0.0,0.0,0.0,21
2023-05-11 10:40:38,OI401P8500,OI401P8500,666.5,0.0,0.0,0.0,1,735.5,751.0,1,666.5,0.0,0.0,0.0,0.0,0.0,21
2023-05-11 10:41:15,OI401P8500,OI401P8500,666.5,0.0,0.0,0.0,1,735.5,759.0,1,666.5,0.0,0.0,0.0,0.0,0.0,21
2023-05-11 10:42:05,OI401P8500,OI401P8500,666.5,0.0,0.0,0.0,1,740.0,759.0,1,666.5,0.0,0.0,0.0,0.0,0.0,21
2023-05-11 10:46:08,OI401P8500,OI401P8500,666.5,0.0,0.0,0.0,1,744.5,759.0,1,666.5,0.0,0.0,0.0,0.0,0.0,21
2023-05-11 10:47:16,OI401P8500,OI401P8500,666.5,0.0,0.0,0.0,1,744.5,767.0,1,666.5,0.0,0.0,0.0,0.0,0.0,21
2023-05-11 10:47:27,OI401P8500,OI401P8500,666.5,0.0,0.0,0.0,1,749.5,767.0,1,666.5,0.0,0.0,0.0,0.0,0.0,21
2023-05-11 10:48:17,OI401P8500,OI401P8500,666.5,0.0,0.0,0.0,1,744.5,767.0,1,666.5,0.0,0.0,0.0,0.0,0.0,21
2023-05-11 10:49:07,OI401P8500,OI401P8500,666.5,0.0,0.0,0.0,1,749.5,767.0,1,666.5,0.0,0.0,0.0,0.0,0.0,21
2023-05-11 10:50:53,OI401P8500,OI401P8500,666.5,0.0,0.0,0.0,1,754.0,767.0,1,666.5,0.0,0.0,0.0,0.0,0.0,21
2023-05-11 10:53:02,OI401P8500,OI401P8500,666.5,0.0,0.0,0.0,1,754.0,775.0,1,666.5,0.0,0.0,0.0,0.0,0.0,21
2023-05-11 10:55:30,OI401P8500,OI401P8500,666.5,0.0,0.0,0.0,1,758.5,775.0,1,666.5,0.0,0.0,0.0,0.0,0.0,21
2023-05-11 10:57:14,OI401P8500,OI401P8500,666.5,0.0,0.0,0.0,1,754.0,775.0,1,666.5,0.0,0.0,0.0,0.0,0.0,21
2023-05-11 10:58:14,OI401P8500,OI401P8500,666.5,0.0,0.0,0.0,1,748.0,768.0,1,666.5,0.0,0.0,0.0,0.0,0.0,21
2023-05-11 11:00:01,OI401P8500,OI401P8500,666.5,0.0,0.0,0.0,1,752.5,768.0,1,666.5,0.0,0.0,0.0,0.0,0.0,21
2023-05-11 11:00:17,OI401P8500,OI401P8500,666.5,0.0,0.0,0.0,1,748.0,768.0,1,666.5,0.0,0.0,0.0,0.0,0.0,21
2023-05-11 11:00:34,OI401P8500,OI401P8500,666.5,0.0,0.0,0.0,1,753.0,768.0,1,666.5,0.0,0.0,0.0,0.0,0.0,21
2023-05-11 11:01:36,OI401P8500,OI401P8500,666.5,0.0,0.0,0.0,1,753.0,775.0,1,666.5,0.0,0.0,0.0,0.0,0.0,21
2023-05-11 11:02:13,OI401P8500,OI401P8500,666.5,0.0,0.0,0.0,1,753.0,768.0,1,666.5,0.0,0.0,0.0,0.0,0.0,21
2023-05-11 11:02:14,OI401P8500,OI401P8500,666.5,0.0,0.0,0.0,1,748.0,768.0,1,666.5,0.0,0.0,0.0,0.0,0.0,21
2023-05-11 11:04:11,OI401P8500,OI401P8500,666.5,0.0,0.0,0.0,1,743.0,768.0,1,666.5,0.0,0.0,0.0,0.0,0.0,21
2023-05-11 11:04:19,OI401P8500,OI401P8500,666.5,0.0,0.0,0.0,1,743.0,761.5,1,666.5,0.0,0.0,0.0,0.0,0.0,21
2023-05-11 11:04:37,OI401P8500,OI401P8500,666.5,0.0,0.0,0.0,1,737.5,761.5,1,666.5,0.0,0.0,0.0,0.0,0.0,21
2023-05-11 11:04:48,OI401P8500,OI401P8500,666.5,0.0,0.0,0.0,1,737.5,754.5,1,666.5,0.0,0.0,0.0,0.0,0.0,21
2023-05-11 11:05:05,OI401P8500,OI401P8500,666.5,0.0,0.0,0.0,1,731.5,754.5,1,666.5,0.0,0.0,0.0,0.0,0.0,21
2023-05-11 11:05:11,OI401P8500,OI401P8500,666.5,0.0,0.0,0.0,1,731.5,748.0,1,666.5,0.0,0.0,0.0,0.0,0.0,21
2023-05-11 11:05:11,OI401P8500,OI401P8500,666.5,0.0,0.0,0.0,10,633.0,748.0,1,666.5,0.0,0.0,0.0,0.0,0.0,21
2023-05-11 11:05:12,OI401P8500,OI401P8500,666.5,0.0,0.0,0.0,1,726.5,748.0,1,666.5,0.0,0.0,0.0,0.0,0.0,21
2023-05-11 11:07:24,OI401P8500,OI401P8500,666.5,0.0,0.0,0.0,1,731.5,748.0,1,666.5,0.0,0.0,0.0,0.0,0.0,21
2023-05-11 11:08:22,OI401P8500,OI401P8500,666.5,0.0,0.0,0.0,1,731.5,754.5,1,666.5,0.0,0.0,0.0,0.0,0.0,21
2023-05-11 11:08:23,OI401P8500,OI401P8500,666.5,0.0,0.0,0.0,1,736.5,754.5,1,666.5,0.0,0.0,0.0,0.0,0.0,21
2023-05-11 11:08:41,OI401P8500,OI401P8500,666.5,0.0,0.0,0.0,1,741.5,754.5,1,666.5,0.0,0.0,0.0,0.0,0.0,21
2023-05-11 11:08:42,OI401P8500,OI401P8500,666.5,0.0,0.0,0.0,1,741.5,762.5,1,666.5,0.0,0.0,0.0,0.0,0.0,21
2023-05-11 11:10:15,OI401P8500,OI401P8500,666.5,0.0,0.0,0.0,1,746.5,762.5,1,666.5,0.0,0.0,0.0,0.0,0.0,21
2023-05-11 11:10:37,OI401P8500,OI401P8500,666.5,0.0,0.0,0.0,1,741.5,762.5,1,666.5,0.0,0.0,0.0,0.0,0.0,21
2023-05-11 11:11:04,OI401P8500,OI401P8500,666.5,0.0,0.0,0.0,1,736.0,756.0,1,666.5,0.0,0.0,0.0,0.0,0.0,21
2023-05-11 11:13:12,OI401P8500,OI401P8500,666.5,0.0,0.0,0.0,1,730.0,756.0,1,666.5,0.0,0.0,0.0,0.0,0.0,21
2023-05-11 11:13:24,OI401P8500,OI401P8500,666.5,0.0,0.0,0.0,1,730.0,749.5,1,666.5,0.0,0.0,0.0,0.0,0.0,21
2023-05-11 11:13:57,OI401P8500,OI401P8500,666.5,0.0,0.0,0.0,1,734.5,749.5,1,666.5,0.0,0.0,0.0,0.0,0.0,21
2023-05-11 11:14:14,OI401P8500,OI401P8500,666.5,0.0,0.0,0.0,1,734.5,756.0,1,666.5,0.0,0.0,0.0,0.0,0.0,21
2023-05-11 11:15:02,OI401P8500,OI401P8500,666.5,0.0,0.0,0.0,1,730.0,749.5,1,666.5,0.0,0.0,0.0,0.0,0.0,21
2023-05-11 11:15:19,OI401P8500,OI401P8500,666.5,0.0,0.0,0.0,1,734.5,749.5,1,666.5,0.0,0.0,0.0,0.0,0.0,21
2023-05-11 11:16:19,OI401P8500,OI401P8500,666.5,0.0,0.0,0.0,1,734.5,756.0,1,666.5,0.0,0.0,0.0,0.0,0.0,21
2023-05-11 11:16:28,OI401P8500,OI401P8500,666.5,0.0,0.0,0.0,1,739.0,756.0,1,666.5,0.0,0.0,0.0,0.0,0.0,21
2023-05-11 11:18:44,OI401P8500,OI401P8500,666.5,0.0,0.0,0.0,1,734.5,756.0,1,666.5,0.0,0.0,0.0,0.0,0.0,21
2023-05-11 11:19:33,OI401P8500,OI401P8500,666.5,0.0,0.0,0.0,1,734.5,749.5,1,666.5,0.0,0.0,0.0,0.0,0.0,21
2023-05-11 11:19:34,OI401P8500,OI401P8500,666.5,0.0,0.0,0.0,1,728.5,749.5,1,666.5,0.0,0.0,0.0,0.0,0.0,21
2023-05-11 11:20:22,OI401P8500,OI401P8500,666.5,0.0,0.0,0.0,1,733.0,749.5,1,666.5,0.0,0.0,0.0,0.0,0.0,21
2023-05-11 11:23:16,OI401P8500,OI401P8500,666.5,0.0,0.0,0.0,1,738.0,756.0,1,666.5,0.0,0.0,0.0,0.0,0.0,21
2023-05-11 11:23:52,OI401P8500,OI401P8500,666.5,0.0,0.0,0.0,1,733.0,756.0,1,666.5,0.0,0.0,0.0,0.0,0.0,21
2023-05-11 11:24:07,OI401P8500,OI401P8500,666.5,0.0,0.0,0.0,1,733.0,749.0,1,666.5,0.0,0.0,0.0,0.0,0.0,21
2023-05-11 11:24:27,OI401P8500,OI401P8500,666.5,0.0,0.0,0.0,1,727.0,749.0,1,666.5,0.0,0.0,0.0,0.0,0.0,21
2023-05-11 11:26:04,OI401P8500,OI401P8500,666.5,0.0,0.0,0.0,1,731.5,749.0,1,666.5,0.0,0.0,0.0,0.0,0.0,21
2023-05-11 11:29:36,OI401P8500,OI401P8500,666.5,0.0,0.0,0.0,1,580.0,798.5,1,666.5,0.0,0.0,0.0,0.0,0.0,21
2023-05-11 13:30:11,OI401P8500,OI401P8500,666.5,0.0,0.0,0.0,10,580.5,798.5,1,666.5,0.0,0.0,0.0,0.0,0.0,21
2023-05-11 13:30:11,OI401P8500,OI401P8500,666.5,0.0,0.0,0.0,1,621.0,798.5,1,666.5,0.0,0.0,0.0,0.0,0.0,21
2023-05-11 13:30:12,OI401P8500,OI401P8500,666.5,0.0,0.0,0.0,10,621.5,798.5,11,666.5,0.0,0.0,0.0,0.0,0.0,21
2023-05-11 13:30:12,OI401P8500,OI401P8500,666.5,0.0,0.0,0.0,1,662.0,798.5,1,666.5,0.0,0.0,0.0,0.0,0.0,21
2023-05-11 13:30:13,OI401P8500,OI401P8500,666.5,0.0,0.0,0.0,10,662.5,798.5,11,666.5,0.0,0.0,0.0,0.0,0.0,21
2023-05-11 13:30:16,OI401P8500,OI401P8500,666.5,0.0,0.0,0.0,1,695.5,798.5,11,666.5,0.0,0.0,0.0,0.0,0.0,21
2023-05-11 13:30:20,OI401P8500,OI401P8500,666.5,0.0,0.0,0.0,1,695.5,798.5,1,666.5,0.0,0.0,0.0,0.0,0.0,21
2023-05-11 13:30:29,OI401P8500,OI401P8500,666.5,0.0,0.0,0.0,1,581.5,798.5,1,666.5,0.0,0.0,0.0,0.0,0.0,21
2023-05-11 13:30:30,OI401P8500,OI401P8500,666.5,0.0,0.0,0.0,1,622.5,798.5,1,666.5,0.0,0.0,0.0,0.0,0.0,21
2023-05-11 13:30:30,OI401P8500,OI401P8500,666.5,0.0,0.0,0.0,10,623.0,798.5,1,666.5,0.0,0.0,0.0,0.0,0.0,21
2023-05-11 13:30:31,OI401P8500,OI401P8500,666.5,0.0,0.0,0.0,1,663.5,798.5,1,666.5,0.0,0.0,0.0,0.0,0.0,21
2023-05-11 13:30:36,OI401P8500,OI401P8500,666.5,0.0,0.0,0.0,10,584.0,798.5,1,666.5,0.0,0.0,0.0,0.0,0.0,21
2023-05-11 13:30:37,OI401P8500,OI401P8500,666.5,0.0,0.0,0.0,1,624.5,798.5,1,666.5,0.0,0.0,0.0,0.0,0.0,21
2023-05-11 13:30:37,OI401P8500,OI401P8500,666.5,0.0,0.0,0.0,1,665.5,798.5,1,666.5,0.0,0.0,0.0,0.0,0.0,21
2023-05-11 13:30:38,OI401P8500,OI401P8500,666.5,0.0,0.0,0.0,10,666.0,798.5,1,666.5,0.0,0.0,0.0,0.0,0.0,21
2023-05-11 13:30:38,OI401P8500,OI401P8500,666.5,0.0,0.0,0.0,1,699.0,798.5,1,666.5,0.0,0.0,0.0,0.0,0.0,21
2023-05-11 13:30:44,OI401P8500,OI401P8500,666.5,0.0,0.0,0.0,10,586.0,798.5,1,666.5,0.0,0.0,0.0,0.0,0.0,21
2023-05-11 13:30:45,OI401P8500,OI401P8500,666.5,0.0,0.0,0.0,1,626.5,798.5,1,666.5,0.0,0.0,0.0,0.0,0.0,21
2023-05-11 13:30:45,OI401P8500,OI401P8500,666.5,0.0,0.0,0.0,1,667.5,798.5,1,666.5,0.0,0.0,0.0,0.0,0.0,21
2023-05-11 13:30:46,OI401P8500,OI401P8500,666.5,0.0,0.0,0.0,10,668.0,798.5,1,666.5,0.0,0.0,0.0,0.0,0.0,21
2023-05-11 13:30:47,OI401P8500,OI401P8500,666.5,0.0,0.0,0.0,1,699.5,798.5,1,666.5,0.0,0.0,0.0,0.0,0.0,21
2023-05-11 13:33:23,OI401P8500,OI401P8500,666.5,0.0,0.0,0.0,1,699.5,798.0,10,666.5,0.0,0.0,0.0,0.0,0.0,21
2023-05-11 13:34:28,OI401P8500,OI401P8500,666.5,0.0,0.0,0.0,1,699.5,798.5,11,666.5,0.0,0.0,0.0,0.0,0.0,21
2023-05-11 13:35:38,OI401P8500,OI401P8500,666.5,0.0,0.0,0.0,1,699.5,798.5,1,666.5,0.0,0.0,0.0,0.0,0.0,21
2023-05-11 13:40:04,OI401P8500,OI401P8500,666.5,0.0,0.0,0.0,1,699.5,798.0,10,666.5,0.0,0.0,0.0,0.0,0.0,21
2023-05-11 13:44:12,OI401P8500,OI401P8500,666.5,0.0,0.0,0.0,1,720.0,798.0,10,666.5,0.0,0.0,0.0,0.0,0.0,21
2023-05-11 13:44:15,OI401P8500,OI401P8500,666.5,0.0,0.0,0.0,1,720.0,737.5,1,666.5,0.0,0.0,0.0,0.0,0.0,21
2023-05-11 13:46:00,OI401P8500,OI401P8500,666.5,0.0,0.0,0.0,1,715.0,732.0,1,666.5,0.0,0.0,0.0,0.0,0.0,21
2023-05-11 13:46:29,OI401P8500,OI401P8500,666.5,0.0,0.0,0.0,1,719.5,732.0,1,666.5,0.0,0.0,0.0,0.0,0.0,21
2023-05-11 13:46:42,OI401P8500,OI401P8500,666.5,0.0,0.0,0.0,1,719.5,737.5,1,666.5,0.0,0.0,0.0,0.0,0.0,21
2023-05-11 13:48:02,OI401P8500,OI401P8500,666.5,0.0,0.0,0.0,1,719.5,732.0,1,666.5,0.0,0.0,0.0,0.0,0.0,21
2023-05-11 13:48:09,OI401P8500,OI401P8500,666.5,0.0,0.0,0.0,1,715.0,732.0,1,666.5,0.0,0.0,0.0,0.0,0.0,21
2023-05-11 13:50:06,OI401P8500,OI401P8500,666.5,0.0,0.0,0.0,1,719.0,732.0,1,666.5,0.0,0.0,0.0,0.0,0.0,21
2023-05-11 13:52:45,OI401P8500,OI401P8500,666.5,0.0,0.0,0.0,1,719.0,737.5,1,666.5,0.0,0.0,0.0,0.0,0.0,21
2023-05-11 13:57:15,OI401P8500,OI401P8500,666.5,0.0,0.0,0.0,1,723.0,737.5,1,666.5,0.0,0.0,0.0,0.0,0.0,21
2023-05-11 13:59:51,OI401P8500,OI401P8500,666.5,0.0,0.0,0.0,1,719.0,737.5,1,666.5,0.0,0.0,0.0,0.0,0.0,21
2023-05-11 14:01:43,OI401P8500,OI401P8500,666.5,0.0,0.0,0.0,1,723.0,737.5,1,666.5,0.0,0.0,0.0,0.0,0.0,21
2023-05-11 14:02:08,OI401P8500,OI401P8500,666.5,0.0,0.0,0.0,1,727.0,737.5,1,666.5,0.0,0.0,0.0,0.0,0.0,21
2023-05-11 14:02:15,OI401P8500,OI401P8500,666.5,0.0,0.0,0.0,1,727.0,744.5,1,666.5,0.0,0.0,0.0,0.0,0.0,21
2023-05-11 14:06:07,OI401P8500,OI401P8500,666.5,0.0,0.0,0.0,1,723.0,739.0,1,666.5,0.0,0.0,0.0,0.0,0.0,21
2023-05-11 14:07:00,OI401P8500,OI401P8500,666.5,0.0,0.0,0.0,1,727.0,739.0,1,666.5,0.0,0.0,0.0,0.0,0.0,21
2023-05-11 14:09:02,OI401P8500,OI401P8500,666.5,0.0,0.0,0.0,1,723.0,739.0,1,666.5,0.0,0.0,0.0,0.0,0.0,21
2023-05-11 14:11:54,OI401P8500,OI401P8500,666.5,0.0,0.0,0.0,1,718.0,739.0,1,666.5,0.0,0.0,0.0,0.0,0.0,21
2023-05-11 14:15:32,OI401P8500,OI401P8500,666.5,0.0,0.0,0.0,1,718.0,733.5,1,666.5,0.0,0.0,0.0,0.0,0.0,21
2023-05-11 14:16:18,OI401P8500,OI401P8500,666.5,0.0,0.0,0.0,1,722.0,733.5,1,666.5,0.0,0.0,0.0,0.0,0.0,21
2023-05-11 14:21:24,OI401P8500,OI401P8500,666.5,0.0,0.0,0.0,1,722.0,739.0,1,666.5,0.0,0.0,0.0,0.0,0.0,21
2023-05-11 14:21:50,OI401P8500,OI401P8500,666.5,0.0,0.0,0.0,1,726.0,739.0,1,666.5,0.0,0.0,0.0,0.0,0.0,21
2023-05-11 14:22:18,OI401P8500,OI401P8500,666.5,0.0,0.0,0.0,1,726.0,746.0,1,666.5,0.0,0.0,0.0,0.0,0.0,21
2023-05-11 14:22:37,OI401P8500,OI401P8500,666.5,0.0,0.0,0.0,1,730.0,746.0,1,666.5,0.0,0.0,0.0,0.0,0.0,21
2023-05-11 14:27:15,OI401P8500,OI401P8500,666.5,0.0,0.0,0.0,1,726.0,746.0,1,666.5,0.0,0.0,0.0,0.0,0.0,21
2023-05-11 14:27:25,OI401P8500,OI401P8500,666.5,0.0,0.0,0.0,1,730.0,746.0,1,666.5,0.0,0.0,0.0,0.0,0.0,21
2023-05-11 14:29:45,OI401P8500,OI401P8500,666.5,0.0,0.0,0.0,1,726.0,746.0,1,666.5,0.0,0.0,0.0,0.0,0.0,21
2023-05-11 14:30:11,OI401P8500,OI401P8500,666.5,0.0,0.0,0.0,1,730.0,746.0,1,666.5,0.0,0.0,0.0,0.0,0.0,21
2023-05-11 14:30:27,OI401P8500,OI401P8500,666.5,0.0,0.0,0.0,1,734.0,746.0,1,666.5,0.0,0.0,0.0,0.0,0.0,21
2023-05-11 14:31:41,OI401P8500,OI401P8500,666.5,0.0,0.0,0.0,1,734.0,753.0,1,666.5,0.0,0.0,0.0,0.0,0.0,21
2023-05-11 14:31:47,OI401P8500,OI401P8500,666.5,0.0,0.0,0.0,1,738.5,753.0,1,666.5,0.0,0.0,0.0,0.0,0.0,21
2023-05-11 14:32:24,OI401P8500,OI401P8500,666.5,0.0,0.0,0.0,1,734.0,753.0,1,666.5,0.0,0.0,0.0,0.0,0.0,21
2023-05-11 14:33:23,OI401P8500,OI401P8500,666.5,0.0,0.0,0.0,1,738.0,753.0,1,666.5,0.0,0.0,0.0,0.0,0.0,21
2023-05-11 14:34:35,OI401P8500,OI401P8500,666.5,0.0,0.0,0.0,1,738.0,761.0,1,666.5,0.0,0.0,0.0,0.0,0.0,21
2023-05-11 14:34:35,OI401P8500,OI401P8500,666.5,0.0,0.0,0.0,1,742.0,761.0,1,666.5,0.0,0.0,0.0,0.0,0.0,21
2023-05-11 14:34:43,OI401P8500,OI401P8500,666.5,0.0,0.0,0.0,1,745.5,761.0,1,666.5,0.0,0.0,0.0,0.0,0.0,21
2023-05-11 14:37:10,OI401P8500,OI401P8500,666.5,0.0,0.0,0.0,1,742.0,761.0,1,666.5,0.0,0.0,0.0,0.0,0.0,21
2023-05-11 14:39:07,OI401P8500,OI401P8500,666.5,0.0,0.0,0.0,1,746.0,761.0,1,666.5,0.0,0.0,0.0,0.0,0.0,21
2023-05-11 14:39:38,OI401P8500,OI401P8500,666.5,0.0,0.0,0.0,1,742.0,761.0,1,666.5,0.0,0.0,0.0,0.0,0.0,21
2023-05-11 14:39:49,OI401P8500,OI401P8500,666.5,0.0,0.0,0.0,1,746.0,761.0,1,666.5,0.0,0.0,0.0,0.0,0.0,21
2023-05-11 14:43:22,OI401P8500,OI401P8500,666.5,0.0,0.0,0.0,1,750.0,768.0,1,666.5,0.0,0.0,0.0,0.0,0.0,21
2023-05-11 14:44:09,OI401P8500,OI401P8500,666.5,0.0,0.0,0.0,1,750.0,762.5,1,666.5,0.0,0.0,0.0,0.0,0.0,21
2023-05-11 14:44:22,OI401P8500,OI401P8500,666.5,0.0,0.0,0.0,1,746.0,762.5,1,666.5,0.0,0.0,0.0,0.0,0.0,21
2023-05-11 14:44:37,OI401P8500,OI401P8500,666.5,0.0,0.0,0.0,1,750.5,762.5,1,666.5,0.0,0.0,0.0,0.0,0.0,21
2023-05-11 14:44:44,OI401P8500,OI401P8500,666.5,0.0,0.0,0.0,1,750.5,768.0,1,666.5,0.0,0.0,0.0,0.0,0.0,21
2023-05-11 14:44:50,OI401P8500,OI401P8500,666.5,0.0,0.0,0.0,1,754.0,768.0,1,666.5,0.0,0.0,0.0,0.0,0.0,21
2023-05-11 14:47:39,OI401P8500,OI401P8500,666.5,0.0,0.0,0.0,1,750.5,768.0,1,666.5,0.0,0.0,0.0,0.0,0.0,21
2023-05-11 14:49:16,OI401P8500,OI401P8500,666.5,0.0,0.0,0.0,1,754.5,768.0,1,666.5,0.0,0.0,0.0,0.0,0.0,21
2023-05-11 14:51:06,OI401P8500,OI401P8500,666.5,0.0,0.0,0.0,1,750.5,768.0,1,666.5,0.0,0.0,0.0,0.0,0.0,21
2023-05-11 14:55:40,OI401P8500,OI401P8500,666.5,0.0,0.0,0.0,1,745.5,768.0,1,666.5,0.0,0.0,0.0,0.0,0.0,21
2023-05-11 14:55:59,OI401P8500,OI401P8500,666.5,0.0,0.0,0.0,1,745.5,762.0,1,666.5,0.0,0.0,0.0,0.0,0.0,21
2023-05-11 14:56:06,OI401P8500,OI401P8500,666.5,0.0,0.0,0.0,10,578.5,762.0,1,666.5,0.0,0.0,0.0,0.0,0.0,21
2023-05-11 14:56:06,OI401P8500,OI401P8500,666.5,0.0,0.0,0.0,1,740.0,762.0,1,666.5,0.0,0.0,0.0,0.0,0.0,21
2023-05-11 14:56:14,OI401P8500,OI401P8500,666.5,0.0,0.0,0.0,1,740.0,756.0,1,666.5,0.0,0.0,0.0,0.0,0.0,21
2023-05-11 14:57:10,OI401P8500,OI401P8500,666.5,0.0,0.0,0.0,1,744.0,756.0,1,666.5,0.0,0.0,0.0,0.0,0.0,21
2023-05-11 14:57:57,OI401P8500,OI401P8500,666.5,0.0,0.0,0.0,1,744.0,762.0,1,666.5,0.0,0.0,0.0,0.0,0.0,21
2023-05-11 14:58:55,OI401P8500,OI401P8500,666.5,0.0,0.0,0.0,1,748.0,762.0,1,666.5,0.0,0.0,0.0,0.0,0.0,21
2023-05-11 14:59:06,OI401P8500,OI401P8500,666.5,0.0,0.0,0.0,1,654.5,798.5,1,666.5,0.0,0.0,0.0,0.0,0.0,21
2023-05-11 14:59:12,OI401P8500,OI401P8500,666.5,0.0,0.0,0.0,2,662.5,798.5,1,666.5,0.0,0.0,0.0,0.0,0.0,21
2023-05-11 14:59:12,OI401P8500,OI401P8500,666.5,0.0,0.0,0.0,1,704.0,798.5,1,666.5,0.0,0.0,0.0,0.0,0.0,21
2023-05-11 14:59:19,OI401P8500,OI401P8500,666.5,0.0,0.0,0.0,1,598.5,798.5,1,666.5,0.0,0.0,0.0,0.0,0.0,21
2023-05-11 14:59:45,OI401P8500,OI401P8500,666.5,0.0,0.0,0.0,1,639.5,798.5,1,666.5,0.0,0.0,0.0,0.0,0.0,21
2023-05-11 14:59:45,OI401P8500,OI401P8500,666.5,0.0,0.0,0.0,10,640.0,798.5,1,666.5,0.0,0.0,0.0,0.0,0.0,21
2023-05-11 14:59:46,OI401P8500,OI401P8500,666.5,0.0,0.0,0.0,1,680.5,798.5,1,666.5,0.0,0.0,0.0,0.0,0.0,21
2023-05-11 14:59:46,OI401P8500,OI401P8500,666.5,0.0,0.0,0.0,10,681.0,798.5,1,666.5,0.0,0.0,0.0,0.0,0.0,21
2023-05-11 14:59:54,OI401P8500,OI401P8500,666.5,0.0,0.0,0.0,1,680.5,798.5,1,666.5,0.0,0.0,0.0,0.0,0.0,21
2023-05-11 14:59:59,OI401P8500,OI401P8500,666.5,0.0,0.0,0.0,1,595.5,798.5,1,666.5,0.0,0.0,0.0,0.0,0.0,21
