time,symbol_id,symbol_name,last,trade_volume,trade_amount,open_interest_change,bv1,bp1,ap1,av1,yesterday_close,today_open,today_high,today_low,volume,amount,open_interest
2023-05-10 19:12:58,OI401C8600,OI401C8600,360.5,0.0,0.0,0.0,0,0.0,0.0,0,360.5,0.0,0.0,0.0,0.0,0.0,3
2023-05-10 20:59:00,OI401C8600,OI401C8600,360.5,0.0,0.0,0.0,1,1.5,0.0,0,360.5,0.0,0.0,0.0,0.0,0.0,3
2023-05-10 21:00:02,OI401C8600,OI401C8600,360.5,0.0,0.0,0.0,1,160.5,0.0,0,360.5,0.0,0.0,0.0,0.0,0.0,3
2023-05-10 21:00:04,OI401C8600,OI401C8600,360.5,0.0,0.0,0.0,1,160.5,487.5,1,360.5,0.0,0.0,0.0,0.0,0.0,3
2023-05-10 21:00:57,OI401C8600,OI401C8600,360.5,0.0,0.0,0.0,1,161.0,487.5,1,360.5,0.0,0.0,0.0,0.0,0.0,3
2023-05-10 21:01:08,OI401C8600,OI401C8600,360.5,0.0,0.0,0.0,1,303.0,487.5,1,360.5,0.0,0.0,0.0,0.0,0.0,3
2023-05-10 21:01:09,OI401C8600,OI401C8600,360.5,0.0,0.0,0.0,1,303.0,335.0,1,360.5,0.0,0.0,0.0,0.0,0.0,3
2023-05-10 21:03:07,OI401C8600,OI401C8600,360.5,0.0,0.0,0.0,1,303.0,326.5,1,360.5,0.0,0.0,0.0,0.0,0.0,3
2023-05-10 21:06:51,OI401C8600,OI401C8600,360.5,0.0,0.0,0.0,1,309.0,326.5,1,360.5,0.0,0.0,0.0,0.0,0.0,3
2023-05-10 21:08:06,OI401C8600,OI401C8600,360.5,0.0,0.0,0.0,1,309.0,335.0,1,360.5,0.0,0.0,0.0,0.0,0.0,3
2023-05-10 21:10:13,OI401C8600,OI401C8600,360.5,0.0,0.0,0.0,1,314.0,335.0,1,360.5,0.0,0.0,0.0,0.0,0.0,3
2023-05-10 21:17:17,OI401C8600,OI401C8600,360.5,0.0,0.0,0.0,1,314.0,328.5,1,360.5,0.0,0.0,0.0,0.0,0.0,3
2023-05-10 21:22:06,OI401C8600,OI401C8600,360.5,0.0,0.0,0.0,1,309.0,328.5,1,360.5,0.0,0.0,0.0,0.0,0.0,3
2023-05-10 21:24:23,OI401C8600,OI401C8600,360.5,0.0,0.0,0.0,1,313.5,328.5,1,360.5,0.0,0.0,0.0,0.0,0.0,3
2023-05-10 21:31:09,OI401C8600,OI401C8600,360.5,0.0,0.0,0.0,1,313.5,335.0,1,360.5,0.0,0.0,0.0,0.0,0.0,3
2023-05-10 21:31:10,OI401C8600,OI401C8600,360.5,0.0,0.0,0.0,1,318.0,335.0,1,360.5,0.0,0.0,0.0,0.0,0.0,3
2023-05-10 21:36:46,OI401C8600,OI401C8600,360.5,0.0,0.0,0.0,1,322.5,335.0,1,360.5,0.0,0.0,0.0,0.0,0.0,3
2023-05-10 21:39:30,OI401C8600,OI401C8600,360.5,0.0,0.0,0.0,1,318.0,335.0,1,360.5,0.0,0.0,0.0,0.0,0.0,3
2023-05-10 21:42:18,OI401C8600,OI401C8600,360.5,0.0,0.0,0.0,1,312.5,335.0,1,360.5,0.0,0.0,0.0,0.0,0.0,3
2023-05-10 21:43:31,OI401C8600,OI401C8600,360.5,0.0,0.0,0.0,1,312.5,328.5,1,360.5,0.0,0.0,0.0,0.0,0.0,3
2023-05-10 21:45:15,OI401C8600,OI401C8600,360.5,0.0,0.0,0.0,1,317.0,328.5,1,360.5,0.0,0.0,0.0,0.0,0.0,3
2023-05-10 21:45:15,OI401C8600,OI401C8600,360.5,0.0,0.0,0.0,1,317.0,335.0,1,360.5,0.0,0.0,0.0,0.0,0.0,3
2023-05-10 21:48:21,OI401C8600,OI401C8600,360.5,0.0,0.0,0.0,1,312.5,335.0,1,360.5,0.0,0.0,0.0,0.0,0.0,3
2023-05-10 21:48:49,OI401C8600,OI401C8600,360.5,0.0,0.0,0.0,1,312.5,328.5,1,360.5,0.0,0.0,0.0,0.0,0.0,3
2023-05-10 21:51:53,OI401C8600,OI401C8600,360.5,0.0,0.0,0.0,1,317.0,328.5,1,360.5,0.0,0.0,0.0,0.0,0.0,3
2023-05-10 21:52:16,OI401C8600,OI401C8600,360.5,0.0,0.0,0.0,1,317.0,335.0,1,360.5,0.0,0.0,0.0,0.0,0.0,3
2023-05-10 21:57:12,OI401C8600,OI401C8600,360.5,0.0,0.0,0.0,1,321.5,335.0,1,360.5,0.0,0.0,0.0,0.0,0.0,3
2023-05-10 22:00:27,OI401C8600,OI401C8600,360.5,0.0,0.0,0.0,1,321.5,342.5,1,360.5,0.0,0.0,0.0,0.0,0.0,3
2023-05-10 22:00:54,OI401C8600,OI401C8600,360.5,0.0,0.0,0.0,1,326.0,342.5,1,360.5,0.0,0.0,0.0,0.0,0.0,3
2023-05-10 22:03:06,OI401C8600,OI401C8600,360.5,0.0,0.0,0.0,1,321.5,342.5,1,360.5,0.0,0.0,0.0,0.0,0.0,3
2023-05-10 22:08:00,OI401C8600,OI401C8600,360.5,0.0,0.0,0.0,1,326.0,342.5,1,360.5,0.0,0.0,0.0,0.0,0.0,3
2023-05-10 22:10:11,OI401C8600,OI401C8600,360.5,0.0,0.0,0.0,1,321.5,342.5,1,360.5,0.0,0.0,0.0,0.0,0.0,3
2023-05-10 22:13:39,OI401C8600,OI401C8600,360.5,0.0,0.0,0.0,1,325.5,342.5,1,360.5,0.0,0.0,0.0,0.0,0.0,3
2023-05-10 22:18:00,OI401C8600,OI401C8600,360.5,0.0,0.0,0.0,1,321.5,342.5,1,360.5,0.0,0.0,0.0,0.0,0.0,3
2023-05-10 22:18:37,OI401C8600,OI401C8600,360.5,0.0,0.0,0.0,1,321.5,336.0,1,360.5,0.0,0.0,0.0,0.0,0.0,3
2023-05-10 22:19:02,OI401C8600,OI401C8600,360.5,0.0,0.0,0.0,1,230.0,336.0,1,360.5,0.0,0.0,0.0,0.0,0.0,3
2023-05-10 22:19:02,OI401C8600,OI401C8600,360.5,0.0,0.0,0.0,2,236.5,336.0,1,360.5,0.0,0.0,0.0,0.0,0.0,3
2023-05-10 22:19:02,OI401C8600,OI401C8600,360.5,0.0,0.0,0.0,1,316.0,336.0,1,360.5,0.0,0.0,0.0,0.0,0.0,3
2023-05-10 22:21:03,OI401C8600,OI401C8600,360.5,0.0,0.0,0.0,1,320.5,336.0,1,360.5,0.0,0.0,0.0,0.0,0.0,3
2023-05-10 22:30:49,OI401C8600,OI401C8600,360.5,0.0,0.0,0.0,1,325.0,342.5,1,360.5,0.0,0.0,0.0,0.0,0.0,3
2023-05-10 22:33:39,OI401C8600,OI401C8600,360.5,0.0,0.0,0.0,1,320.5,342.5,1,360.5,0.0,0.0,0.0,0.0,0.0,3
2023-05-10 22:34:09,OI401C8600,OI401C8600,360.5,0.0,0.0,0.0,1,320.5,336.0,1,360.5,0.0,0.0,0.0,0.0,0.0,3
2023-05-10 22:34:25,OI401C8600,OI401C8600,360.5,0.0,0.0,0.0,1,315.0,336.0,1,360.5,0.0,0.0,0.0,0.0,0.0,3
2023-05-10 22:34:42,OI401C8600,OI401C8600,360.5,0.0,0.0,0.0,1,319.0,336.0,1,360.5,0.0,0.0,0.0,0.0,0.0,3
2023-05-10 22:35:19,OI401C8600,OI401C8600,360.5,0.0,0.0,0.0,1,323.0,336.0,1,360.5,0.0,0.0,0.0,0.0,0.0,3
2023-05-10 22:37:23,OI401C8600,OI401C8600,360.5,0.0,0.0,0.0,1,319.0,336.0,1,360.5,0.0,0.0,0.0,0.0,0.0,3
2023-05-10 22:39:11,OI401C8600,OI401C8600,360.5,0.0,0.0,0.0,1,323.5,336.0,1,360.5,0.0,0.0,0.0,0.0,0.0,3
2023-05-10 22:39:54,OI401C8600,OI401C8600,360.5,0.0,0.0,0.0,1,323.5,342.5,1,360.5,0.0,0.0,0.0,0.0,0.0,3
2023-05-10 22:40:24,OI401C8600,OI401C8600,360.5,0.0,0.0,0.0,1,328.0,342.5,1,360.5,0.0,0.0,0.0,0.0,0.0,3
2023-05-10 22:41:53,OI401C8600,OI401C8600,360.5,0.0,0.0,0.0,1,323.5,342.5,1,360.5,0.0,0.0,0.0,0.0,0.0,3
2023-05-10 22:56:05,OI401C8600,OI401C8600,360.5,0.0,0.0,0.0,1,272.0,487.5,1,360.5,0.0,0.0,0.0,0.0,0.0,3
2023-05-10 22:56:14,OI401C8600,OI401C8600,360.5,0.0,0.0,0.0,1,272.0,423.5,1,360.5,0.0,0.0,0.0,0.0,0.0,3
2023-05-10 22:56:16,OI401C8600,OI401C8600,360.5,0.0,0.0,0.0,1,272.0,420.5,1,360.5,0.0,0.0,0.0,0.0,0.0,3
2023-05-10 22:56:39,OI401C8600,OI401C8600,360.5,0.0,0.0,0.0,1,161.0,420.5,1,360.5,0.0,0.0,0.0,0.0,0.0,3
2023-05-10 22:56:41,OI401C8600,OI401C8600,360.5,0.0,0.0,0.0,2,164.5,420.5,1,360.5,0.0,0.0,0.0,0.0,0.0,3
2023-05-10 22:56:47,OI401C8600,OI401C8600,360.5,0.0,0.0,0.0,2,164.5,0.0,0,360.5,0.0,0.0,0.0,0.0,0.0,3
2023-05-10 22:57:10,OI401C8600,OI401C8600,360.5,0.0,0.0,0.0,1,161.0,0.0,0,360.5,0.0,0.0,0.0,0.0,0.0,3
2023-05-10 22:57:51,OI401C8600,OI401C8600,360.5,0.0,0.0,0.0,1,53.0,0.0,0,360.5,0.0,0.0,0.0,0.0,0.0,3
2023-05-10 22:59:51,OI401C8600,OI401C8600,360.5,0.0,0.0,0.0,1,3.5,0.0,0,360.5,0.0,0.0,0.0,0.0,0.0,3
2023-05-11 09:00:03,OI401C8600,OI401C8600,360.5,0.0,0.0,0.0,1,164.5,492.5,1,360.5,0.0,0.0,0.0,0.0,0.0,3
2023-05-11 09:01:08,OI401C8600,OI401C8600,360.5,0.0,0.0,0.0,1,206.5,492.5,1,360.5,0.0,0.0,0.0,0.0,0.0,3
2023-05-11 09:01:23,OI401C8600,OI401C8600,360.5,0.0,0.0,0.0,2,213.0,492.5,1,360.5,0.0,0.0,0.0,0.0,0.0,3
2023-05-11 09:01:23,OI401C8600,OI401C8600,360.5,0.0,0.0,0.0,1,265.0,341.5,1,360.5,0.0,0.0,0.0,0.0,0.0,3
2023-05-11 09:01:24,OI401C8600,OI401C8600,360.5,0.0,0.0,0.0,2,271.5,341.5,1,360.5,0.0,0.0,0.0,0.0,0.0,3
2023-05-11 09:01:25,OI401C8600,OI401C8600,360.5,0.0,0.0,0.0,1,319.5,341.5,1,360.5,0.0,0.0,0.0,0.0,0.0,3
2023-05-11 09:03:25,OI401C8600,OI401C8600,360.5,0.0,0.0,0.0,1,319.5,335.5,1,360.5,0.0,0.0,0.0,0.0,0.0,3
2023-05-11 09:05:53,OI401C8600,OI401C8600,360.5,0.0,0.0,0.0,1,316.0,335.5,1,360.5,0.0,0.0,0.0,0.0,0.0,3
2023-05-11 09:05:56,OI401C8600,OI401C8600,360.5,0.0,0.0,0.0,1,316.0,330.5,1,360.5,0.0,0.0,0.0,0.0,0.0,3
2023-05-11 09:06:54,OI401C8600,OI401C8600,360.5,0.0,0.0,0.0,1,265.0,330.5,1,360.5,0.0,0.0,0.0,0.0,0.0,3
2023-05-11 09:06:54,OI401C8600,OI401C8600,360.5,0.0,0.0,0.0,2,271.5,330.5,1,360.5,0.0,0.0,0.0,0.0,0.0,3
2023-05-11 09:06:55,OI401C8600,OI401C8600,360.5,0.0,0.0,0.0,1,311.5,330.5,1,360.5,0.0,0.0,0.0,0.0,0.0,3
2023-05-11 09:07:14,OI401C8600,OI401C8600,360.5,0.0,0.0,0.0,1,311.5,325.5,1,360.5,0.0,0.0,0.0,0.0,0.0,3
2023-05-11 09:08:32,OI401C8600,OI401C8600,360.5,0.0,0.0,0.0,1,307.0,325.5,1,360.5,0.0,0.0,0.0,0.0,0.0,3
2023-05-11 09:08:34,OI401C8600,OI401C8600,360.5,0.0,0.0,0.0,1,310.5,325.5,1,360.5,0.0,0.0,0.0,0.0,0.0,3
2023-05-11 09:11:07,OI401C8600,OI401C8600,360.5,0.0,0.0,0.0,1,307.0,325.5,1,360.5,0.0,0.0,0.0,0.0,0.0,3
2023-05-11 09:11:36,OI401C8600,OI401C8600,360.5,0.0,0.0,0.0,1,307.0,320.5,1,360.5,0.0,0.0,0.0,0.0,0.0,3
2023-05-11 09:11:59,OI401C8600,OI401C8600,360.5,0.0,0.0,0.0,1,302.5,320.5,1,360.5,0.0,0.0,0.0,0.0,0.0,3
2023-05-11 09:12:10,OI401C8600,OI401C8600,360.5,0.0,0.0,0.0,1,302.5,315.5,1,360.5,0.0,0.0,0.0,0.0,0.0,3
2023-05-11 09:12:29,OI401C8600,OI401C8600,360.5,0.0,0.0,0.0,1,265.0,315.5,1,360.5,0.0,0.0,0.0,0.0,0.0,3
2023-05-11 09:12:29,OI401C8600,OI401C8600,360.5,0.0,0.0,0.0,2,265.5,315.5,1,360.5,0.0,0.0,0.0,0.0,0.0,3
2023-05-11 09:12:30,OI401C8600,OI401C8600,360.5,0.0,0.0,0.0,1,298.0,315.5,1,360.5,0.0,0.0,0.0,0.0,0.0,3
2023-05-11 09:12:59,OI401C8600,OI401C8600,360.5,0.0,0.0,0.0,1,301.5,315.5,1,360.5,0.0,0.0,0.0,0.0,0.0,3
2023-05-11 09:15:30,OI401C8600,OI401C8600,360.5,0.0,0.0,0.0,1,305.0,315.5,1,360.5,0.0,0.0,0.0,0.0,0.0,3
2023-05-11 09:15:41,OI401C8600,OI401C8600,360.5,0.0,0.0,0.0,1,305.0,320.5,1,360.5,0.0,0.0,0.0,0.0,0.0,3
2023-05-11 09:16:05,OI401C8600,OI401C8600,360.5,0.0,0.0,0.0,1,308.5,320.5,1,360.5,0.0,0.0,0.0,0.0,0.0,3
2023-05-11 09:17:08,OI401C8600,OI401C8600,360.5,0.0,0.0,0.0,1,305.0,320.5,1,360.5,0.0,0.0,0.0,0.0,0.0,3
2023-05-11 09:17:32,OI401C8600,OI401C8600,360.5,0.0,0.0,0.0,1,300.5,320.5,1,360.5,0.0,0.0,0.0,0.0,0.0,3
2023-05-11 09:17:35,OI401C8600,OI401C8600,360.5,0.0,0.0,0.0,1,300.5,315.5,1,360.5,0.0,0.0,0.0,0.0,0.0,3
2023-05-11 09:18:05,OI401C8600,OI401C8600,360.5,0.0,0.0,0.0,1,265.0,315.5,1,360.5,0.0,0.0,0.0,0.0,0.0,3
2023-05-11 09:18:09,OI401C8600,OI401C8600,360.5,0.0,0.0,0.0,1,295.5,315.5,1,360.5,0.0,0.0,0.0,0.0,0.0,3
2023-05-11 09:18:10,OI401C8600,OI401C8600,360.5,0.0,0.0,0.0,1,295.5,310.5,1,360.5,0.0,0.0,0.0,0.0,0.0,3
2023-05-11 09:19:19,OI401C8600,OI401C8600,360.5,0.0,0.0,0.0,1,291.0,310.5,1,360.5,0.0,0.0,0.0,0.0,0.0,3
2023-05-11 09:19:20,OI401C8600,OI401C8600,360.5,0.0,0.0,0.0,1,291.0,304.5,1,360.5,0.0,0.0,0.0,0.0,0.0,3
2023-05-11 09:20:04,OI401C8600,OI401C8600,360.5,0.0,0.0,0.0,1,291.0,310.5,1,360.5,0.0,0.0,0.0,0.0,0.0,3
2023-05-11 09:20:05,OI401C8600,OI401C8600,360.5,0.0,0.0,0.0,1,294.5,310.5,1,360.5,0.0,0.0,0.0,0.0,0.0,3
2023-05-11 09:20:32,OI401C8600,OI401C8600,360.5,0.0,0.0,0.0,1,298.0,310.5,1,360.5,0.0,0.0,0.0,0.0,0.0,3
2023-05-11 09:24:00,OI401C8600,OI401C8600,360.5,0.0,0.0,0.0,1,298.0,317.0,1,360.5,0.0,0.0,0.0,0.0,0.0,3
2023-05-11 09:24:01,OI401C8600,OI401C8600,360.5,0.0,0.0,0.0,1,302.0,317.0,1,360.5,0.0,0.0,0.0,0.0,0.0,3
2023-05-11 09:26:52,OI401C8600,OI401C8600,360.5,0.0,0.0,0.0,1,305.5,317.0,1,360.5,0.0,0.0,0.0,0.0,0.0,3
2023-05-11 09:27:35,OI401C8600,OI401C8600,360.5,0.0,0.0,0.0,1,302.0,317.0,1,360.5,0.0,0.0,0.0,0.0,0.0,3
2023-05-11 09:28:15,OI401C8600,OI401C8600,360.5,0.0,0.0,0.0,1,265.0,317.0,1,360.5,0.0,0.0,0.0,0.0,0.0,3
2023-05-11 09:28:16,OI401C8600,OI401C8600,360.5,0.0,0.0,0.0,2,265.5,317.0,1,360.5,0.0,0.0,0.0,0.0,0.0,3
2023-05-11 09:28:16,OI401C8600,OI401C8600,360.5,0.0,0.0,0.0,1,297.5,317.0,1,360.5,0.0,0.0,0.0,0.0,0.0,3
2023-05-11 09:28:38,OI401C8600,OI401C8600,360.5,0.0,0.0,0.0,1,297.5,312.0,1,360.5,0.0,0.0,0.0,0.0,0.0,3
2023-05-11 09:30:06,OI401C8600,OI401C8600,360.5,0.0,0.0,0.0,1,265.0,312.0,1,360.5,0.0,0.0,0.0,0.0,0.0,3
2023-05-11 09:30:06,OI401C8600,OI401C8600,360.5,0.0,0.0,0.0,1,292.0,312.0,1,360.5,0.0,0.0,0.0,0.0,0.0,3
2023-05-11 09:30:42,OI401C8600,OI401C8600,360.5,0.0,0.0,0.0,1,292.0,307.0,1,360.5,0.0,0.0,0.0,0.0,0.0,3
2023-05-11 09:31:21,OI401C8600,OI401C8600,360.5,0.0,0.0,0.0,1,265.0,307.0,1,360.5,0.0,0.0,0.0,0.0,0.0,3
2023-05-11 09:31:22,OI401C8600,OI401C8600,360.5,0.0,0.0,0.0,1,287.5,307.0,1,360.5,0.0,0.0,0.0,0.0,0.0,3
2023-05-11 09:31:42,OI401C8600,OI401C8600,360.5,0.0,0.0,0.0,1,287.5,302.0,1,360.5,0.0,0.0,0.0,0.0,0.0,3
2023-05-11 09:32:14,OI401C8600,OI401C8600,360.5,0.0,0.0,0.0,1,291.0,302.0,1,360.5,0.0,0.0,0.0,0.0,0.0,3
2023-05-11 09:32:23,OI401C8600,OI401C8600,360.5,0.0,0.0,0.0,1,287.5,302.0,1,360.5,0.0,0.0,0.0,0.0,0.0,3
2023-05-11 09:32:24,OI401C8600,OI401C8600,360.5,0.0,0.0,0.0,1,265.0,302.0,1,360.5,0.0,0.0,0.0,0.0,0.0,3
2023-05-11 09:32:25,OI401C8600,OI401C8600,360.5,0.0,0.0,0.0,1,285.5,302.0,1,360.5,0.0,0.0,0.0,0.0,0.0,3
2023-05-11 09:33:27,OI401C8600,OI401C8600,360.5,0.0,0.0,0.0,1,289.5,302.0,1,360.5,0.0,0.0,0.0,0.0,0.0,3
2023-05-11 09:34:09,OI401C8600,OI401C8600,360.5,0.0,0.0,0.0,1,289.5,307.0,1,360.5,0.0,0.0,0.0,0.0,0.0,3
2023-05-11 09:34:10,OI401C8600,OI401C8600,360.5,0.0,0.0,0.0,1,293.0,307.0,1,360.5,0.0,0.0,0.0,0.0,0.0,3
2023-05-11 09:35:12,OI401C8600,OI401C8600,360.5,0.0,0.0,0.0,1,289.5,307.0,1,360.5,0.0,0.0,0.0,0.0,0.0,3
2023-05-11 09:36:35,OI401C8600,OI401C8600,360.5,0.0,0.0,0.0,1,289.5,302.0,1,360.5,0.0,0.0,0.0,0.0,0.0,3
2023-05-11 09:39:03,OI401C8600,OI401C8600,360.5,0.0,0.0,0.0,1,293.0,307.0,1,360.5,0.0,0.0,0.0,0.0,0.0,3
2023-05-11 09:40:28,OI401C8600,OI401C8600,360.5,0.0,0.0,0.0,1,289.5,307.0,1,360.5,0.0,0.0,0.0,0.0,0.0,3
2023-05-11 09:41:02,OI401C8600,OI401C8600,360.5,0.0,0.0,0.0,1,289.5,302.0,1,360.5,0.0,0.0,0.0,0.0,0.0,3
2023-05-11 09:41:09,OI401C8600,OI401C8600,360.5,0.0,0.0,0.0,1,265.0,302.0,1,360.5,0.0,0.0,0.0,0.0,0.0,3
2023-05-11 09:41:11,OI401C8600,OI401C8600,360.5,0.0,0.0,0.0,1,285.5,302.0,1,360.5,0.0,0.0,0.0,0.0,0.0,3
2023-05-11 09:41:23,OI401C8600,OI401C8600,360.5,0.0,0.0,0.0,1,289.0,302.0,1,360.5,0.0,0.0,0.0,0.0,0.0,3
2023-05-11 09:43:32,OI401C8600,OI401C8600,360.5,0.0,0.0,0.0,1,285.5,302.0,1,360.5,0.0,0.0,0.0,0.0,0.0,3
2023-05-11 09:44:05,OI401C8600,OI401C8600,360.5,0.0,0.0,0.0,1,289.0,302.0,1,360.5,0.0,0.0,0.0,0.0,0.0,3
2023-05-11 09:46:05,OI401C8600,OI401C8600,360.5,0.0,0.0,0.0,1,292.5,302.0,1,360.5,0.0,0.0,0.0,0.0,0.0,3
2023-05-11 09:47:15,OI401C8600,OI401C8600,360.5,0.0,0.0,0.0,1,289.0,302.0,1,360.5,0.0,0.0,0.0,0.0,0.0,3
2023-05-11 09:48:10,OI401C8600,OI401C8600,360.5,0.0,0.0,0.0,1,284.5,302.0,1,360.5,0.0,0.0,0.0,0.0,0.0,3
2023-05-11 09:51:08,OI401C8600,OI401C8600,360.5,0.0,0.0,0.0,1,284.5,297.0,1,360.5,0.0,0.0,0.0,0.0,0.0,3
2023-05-11 09:54:31,OI401C8600,OI401C8600,360.5,0.0,0.0,0.0,1,265.0,297.0,1,360.5,0.0,0.0,0.0,0.0,0.0,3
2023-05-11 09:54:33,OI401C8600,OI401C8600,360.5,0.0,0.0,0.0,1,278.5,297.0,1,360.5,0.0,0.0,0.0,0.0,0.0,3
2023-05-11 09:55:14,OI401C8600,OI401C8600,360.5,0.0,0.0,0.0,1,282.0,297.0,1,360.5,0.0,0.0,0.0,0.0,0.0,3
2023-05-11 09:55:28,OI401C8600,OI401C8600,360.5,0.0,0.0,0.0,1,278.5,297.0,1,360.5,0.0,0.0,0.0,0.0,0.0,3
2023-05-11 09:55:35,OI401C8600,OI401C8600,360.5,0.0,0.0,0.0,1,278.5,292.0,1,360.5,0.0,0.0,0.0,0.0,0.0,3
2023-05-11 09:56:27,OI401C8600,OI401C8600,360.5,0.0,0.0,0.0,1,282.0,292.0,1,360.5,0.0,0.0,0.0,0.0,0.0,3
2023-05-11 09:57:50,OI401C8600,OI401C8600,360.5,0.0,0.0,0.0,1,278.5,292.0,1,360.5,0.0,0.0,0.0,0.0,0.0,3
2023-05-11 09:59:42,OI401C8600,OI401C8600,360.5,0.0,0.0,0.0,1,265.0,292.0,1,360.5,0.0,0.0,0.0,0.0,0.0,3
2023-05-11 09:59:43,OI401C8600,OI401C8600,360.5,0.0,0.0,0.0,1,274.5,292.0,1,360.5,0.0,0.0,0.0,0.0,0.0,3
2023-05-11 10:00:13,OI401C8600,OI401C8600,360.5,0.0,0.0,0.0,1,278.0,292.0,1,360.5,0.0,0.0,0.0,0.0,0.0,3
2023-05-11 10:00:49,OI401C8600,OI401C8600,360.5,0.0,0.0,0.0,1,274.5,292.0,1,360.5,0.0,0.0,0.0,0.0,0.0,3
2023-05-11 10:01:17,OI401C8600,OI401C8600,360.5,0.0,0.0,0.0,1,278.0,292.0,1,360.5,0.0,0.0,0.0,0.0,0.0,3
2023-05-11 10:01:46,OI401C8600,OI401C8600,360.5,0.0,0.0,0.0,1,274.5,292.0,1,360.5,0.0,0.0,0.0,0.0,0.0,3
2023-05-11 10:05:08,OI401C8600,OI401C8600,360.5,0.0,0.0,0.0,1,274.5,287.0,1,360.5,0.0,0.0,0.0,0.0,0.0,3
2023-05-11 10:06:52,OI401C8600,OI401C8600,360.5,0.0,0.0,0.0,1,278.0,287.0,1,360.5,0.0,0.0,0.0,0.0,0.0,3
2023-05-11 10:07:32,OI401C8600,OI401C8600,360.5,0.0,0.0,0.0,1,274.5,287.0,1,360.5,0.0,0.0,0.0,0.0,0.0,3
2023-05-11 10:08:09,OI401C8600,OI401C8600,360.5,0.0,0.0,0.0,1,265.0,287.0,1,360.5,0.0,0.0,0.0,0.0,0.0,3
2023-05-11 10:08:10,OI401C8600,OI401C8600,360.5,0.0,0.0,0.0,1,270.0,287.0,1,360.5,0.0,0.0,0.0,0.0,0.0,3
2023-05-11 10:08:29,OI401C8600,OI401C8600,360.5,0.0,0.0,0.0,1,270.0,282.0,1,360.5,0.0,0.0,0.0,0.0,0.0,3
2023-05-11 10:08:45,OI401C8600,OI401C8600,360.5,0.0,0.0,0.0,1,265.5,282.0,1,360.5,0.0,0.0,0.0,0.0,0.0,3
2023-05-11 10:09:02,OI401C8600,OI401C8600,360.5,0.0,0.0,0.0,1,269.0,282.0,1,360.5,0.0,0.0,0.0,0.0,0.0,3
2023-05-11 10:13:00,OI401C8600,OI401C8600,360.5,0.0,0.0,0.0,1,272.5,282.0,1,360.5,0.0,0.0,0.0,0.0,0.0,3
2023-05-11 10:13:44,OI401C8600,OI401C8600,360.5,0.0,0.0,0.0,1,272.5,287.0,1,360.5,0.0,0.0,0.0,0.0,0.0,3
2023-05-11 10:30:13,OI401C8600,OI401C8600,360.5,0.0,0.0,0.0,1,276.0,287.0,1,360.5,0.0,0.0,0.0,0.0,0.0,3
2023-05-11 10:30:36,OI401C8600,OI401C8600,360.5,0.0,0.0,0.0,1,272.5,287.0,1,360.5,0.0,0.0,0.0,0.0,0.0,3
2023-05-11 10:32:05,OI401C8600,OI401C8600,360.5,0.0,0.0,0.0,1,232.5,287.0,1,360.5,0.0,0.0,0.0,0.0,0.0,3
2023-05-11 10:32:06,OI401C8600,OI401C8600,360.5,0.0,0.0,0.0,1,269.0,287.0,1,360.5,0.0,0.0,0.0,0.0,0.0,3
2023-05-11 10:32:14,OI401C8600,OI401C8600,360.5,0.0,0.0,0.0,1,272.5,287.0,1,360.5,0.0,0.0,0.0,0.0,0.0,3
2023-05-11 10:40:56,OI401C8600,OI401C8600,360.5,0.0,0.0,0.0,1,269.0,287.0,1,360.5,0.0,0.0,0.0,0.0,0.0,3
2023-05-11 10:41:15,OI401C8600,OI401C8600,360.5,0.0,0.0,0.0,1,269.0,282.0,1,360.5,0.0,0.0,0.0,0.0,0.0,3
2023-05-11 10:43:25,OI401C8600,OI401C8600,360.5,0.0,0.0,0.0,1,232.5,282.0,1,360.5,0.0,0.0,0.0,0.0,0.0,3
2023-05-11 10:43:25,OI401C8600,OI401C8600,360.5,0.0,0.0,0.0,2,233.0,282.0,1,360.5,0.0,0.0,0.0,0.0,0.0,3
2023-05-11 10:43:26,OI401C8600,OI401C8600,360.5,0.0,0.0,0.0,1,264.5,282.0,1,360.5,0.0,0.0,0.0,0.0,0.0,3
2023-05-11 10:47:27,OI401C8600,OI401C8600,360.5,0.0,0.0,0.0,1,264.5,276.5,1,360.5,0.0,0.0,0.0,0.0,0.0,3
2023-05-11 11:03:58,OI401C8600,OI401C8600,360.5,0.0,0.0,0.0,1,264.5,282.0,1,360.5,0.0,0.0,0.0,0.0,0.0,3
2023-05-11 11:03:59,OI401C8600,OI401C8600,360.5,0.0,0.0,0.0,1,268.0,282.0,1,360.5,0.0,0.0,0.0,0.0,0.0,3
2023-05-11 11:04:48,OI401C8600,OI401C8600,360.5,0.0,0.0,0.0,1,271.5,282.0,1,360.5,0.0,0.0,0.0,0.0,0.0,3
2023-05-11 11:05:06,OI401C8600,OI401C8600,360.5,0.0,0.0,0.0,1,271.5,492.5,1,360.5,0.0,0.0,0.0,0.0,0.0,3
2023-05-11 11:05:06,OI401C8600,OI401C8600,360.5,0.0,0.0,0.0,1,271.5,487.0,1,360.5,0.0,0.0,0.0,0.0,0.0,3
2023-05-11 11:05:06,OI401C8600,OI401C8600,360.5,0.0,0.0,0.0,1,271.5,288.0,1,360.5,0.0,0.0,0.0,0.0,0.0,3
2023-05-11 11:05:12,OI401C8600,OI401C8600,360.5,0.0,0.0,0.0,1,275.0,288.0,1,360.5,0.0,0.0,0.0,0.0,0.0,3
2023-05-11 11:07:21,OI401C8600,OI401C8600,360.5,0.0,0.0,0.0,1,271.5,288.0,1,360.5,0.0,0.0,0.0,0.0,0.0,3
2023-05-11 11:08:27,OI401C8600,OI401C8600,360.5,0.0,0.0,0.0,1,232.5,288.0,1,360.5,0.0,0.0,0.0,0.0,0.0,3
2023-05-11 11:08:28,OI401C8600,OI401C8600,360.5,0.0,0.0,0.0,1,267.0,283.0,1,360.5,0.0,0.0,0.0,0.0,0.0,3
2023-05-11 11:11:04,OI401C8600,OI401C8600,360.5,0.0,0.0,0.0,1,270.5,283.0,1,360.5,0.0,0.0,0.0,0.0,0.0,3
2023-05-11 11:16:42,OI401C8600,OI401C8600,360.5,0.0,0.0,0.0,1,267.0,283.0,1,360.5,0.0,0.0,0.0,0.0,0.0,3
2023-05-11 11:18:44,OI401C8600,OI401C8600,360.5,0.0,0.0,0.0,1,270.5,283.0,1,360.5,0.0,0.0,0.0,0.0,0.0,3
2023-05-11 11:26:15,OI401C8600,OI401C8600,360.5,0.0,0.0,0.0,1,274.0,283.0,1,360.5,0.0,0.0,0.0,0.0,0.0,3
2023-05-11 11:29:36,OI401C8600,OI401C8600,360.5,0.0,0.0,0.0,1,116.5,419.0,1,360.5,0.0,0.0,0.0,0.0,0.0,3
2023-05-11 13:30:33,OI401C8600,OI401C8600,360.5,0.0,0.0,0.0,1,116.5,413.5,1,360.5,0.0,0.0,0.0,0.0,0.0,3
2023-05-11 13:30:33,OI401C8600,OI401C8600,360.5,0.0,0.0,0.0,1,116.5,373.0,1,360.5,0.0,0.0,0.0,0.0,0.0,3
2023-05-11 13:31:22,OI401C8600,OI401C8600,360.5,0.0,0.0,0.0,1,185.0,373.0,1,360.5,0.0,0.0,0.0,0.0,0.0,3
2023-05-11 13:31:34,OI401C8600,OI401C8600,360.5,0.0,0.0,0.0,2,191.5,373.0,1,360.5,0.0,0.0,0.0,0.0,0.0,3
2023-05-11 13:31:34,OI401C8600,OI401C8600,360.5,0.0,0.0,0.0,1,228.5,373.0,1,360.5,0.0,0.0,0.0,0.0,0.0,3
2023-05-11 13:32:04,OI401C8600,OI401C8600,360.5,0.0,0.0,0.0,1,228.5,367.5,1,360.5,0.0,0.0,0.0,0.0,0.0,3
2023-05-11 13:44:12,OI401C8600,OI401C8600,360.5,0.0,0.0,0.0,1,228.5,295.0,1,360.5,0.0,0.0,0.0,0.0,0.0,3
2023-05-11 13:44:14,OI401C8600,OI401C8600,360.5,0.0,0.0,0.0,1,276.5,295.0,1,360.5,0.0,0.0,0.0,0.0,0.0,3
2023-05-11 13:46:02,OI401C8600,OI401C8600,360.5,0.0,0.0,0.0,1,280.5,295.0,1,360.5,0.0,0.0,0.0,0.0,0.0,3
2023-05-11 13:52:45,OI401C8600,OI401C8600,360.5,0.0,0.0,0.0,1,276.5,295.0,1,360.5,0.0,0.0,0.0,0.0,0.0,3
2023-05-11 14:22:37,OI401C8600,OI401C8600,360.5,0.0,0.0,0.0,1,271.5,295.0,1,360.5,0.0,0.0,0.0,0.0,0.0,3
2023-05-11 14:22:44,OI401C8600,OI401C8600,360.5,0.0,0.0,0.0,1,271.5,289.0,1,360.5,0.0,0.0,0.0,0.0,0.0,3
2023-05-11 14:31:47,OI401C8600,OI401C8600,360.5,0.0,0.0,0.0,1,185.0,289.0,1,360.5,0.0,0.0,0.0,0.0,0.0,3
2023-05-11 14:31:47,OI401C8600,OI401C8600,360.5,0.0,0.0,0.0,1,225.5,289.0,1,360.5,0.0,0.0,0.0,0.0,0.0,3
2023-05-11 14:31:48,OI401C8600,OI401C8600,360.5,0.0,0.0,0.0,1,267.5,289.0,1,360.5,0.0,0.0,0.0,0.0,0.0,3
2023-05-11 14:43:23,OI401C8600,OI401C8600,360.5,0.0,0.0,0.0,1,267.5,283.0,1,360.5,0.0,0.0,0.0,0.0,0.0,3
2023-05-11 14:49:29,OI401C8600,OI401C8600,360.5,0.0,0.0,0.0,1,262.5,283.0,1,360.5,0.0,0.0,0.0,0.0,0.0,3
2023-05-11 14:52:49,OI401C8600,OI401C8600,360.5,0.0,0.0,0.0,1,266.5,283.0,1,360.5,0.0,0.0,0.0,0.0,0.0,3
2023-05-11 14:56:14,OI401C8600,OI401C8600,360.5,0.0,0.0,0.0,1,270.5,283.0,1,360.5,0.0,0.0,0.0,0.0,0.0,3
2023-05-11 14:58:56,OI401C8600,OI401C8600,360.5,0.0,0.0,0.0,1,266.5,283.0,1,360.5,0.0,0.0,0.0,0.0,0.0,3
2023-05-11 14:59:06,OI401C8600,OI401C8600,360.5,0.0,0.0,0.0,1,225.5,373.0,1,360.5,0.0,0.0,0.0,0.0,0.0,3
2023-05-11 14:59:09,OI401C8600,OI401C8600,360.5,0.0,0.0,0.0,2,232.0,373.0,1,360.5,0.0,0.0,0.0,0.0,0.0,3
2023-05-11 14:59:09,OI401C8600,OI401C8600,360.5,0.0,0.0,0.0,1,225.5,373.0,1,360.5,0.0,0.0,0.0,0.0,0.0,3
2023-05-11 14:59:10,OI401C8600,OI401C8600,360.5,0.0,0.0,0.0,2,232.0,373.0,1,360.5,0.0,0.0,0.0,0.0,0.0,3
2023-05-11 14:59:10,OI401C8600,OI401C8600,360.5,0.0,0.0,0.0,1,225.5,373.0,1,360.5,0.0,0.0,0.0,0.0,0.0,3
2023-05-11 14:59:11,OI401C8600,OI401C8600,360.5,0.0,0.0,0.0,2,232.0,373.0,1,360.5,0.0,0.0,0.0,0.0,0.0,3
2023-05-11 14:59:12,OI401C8600,OI401C8600,360.5,0.0,0.0,0.0,1,225.5,373.0,1,360.5,0.0,0.0,0.0,0.0,0.0,3
2023-05-11 14:59:19,OI401C8600,OI401C8600,360.5,0.0,0.0,0.0,1,157.5,373.0,1,360.5,0.0,0.0,0.0,0.0,0.0,3
