time,symbol_id,symbol_name,last,trade_volume,trade_amount,open_interest_change,bv1,bp1,ap1,av1,yesterday_close,today_open,today_high,today_low,volume,amount,open_interest
2023-05-10 19:12:58,OI401C9400,OI401C9400,161.5,0.0,0.0,0.0,0,0.0,0.0,0,161.5,0.0,0.0,0.0,0.0,0.0,98
2023-05-10 20:59:00,OI401C9400,OI401C9400,161.5,0.0,0.0,0.0,1,1.5,0.0,0,161.5,0.0,0.0,0.0,0.0,0.0,98
2023-05-10 21:00:04,OI401C9400,OI401C9400,161.5,0.0,0.0,0.0,1,42.5,301.5,1,161.5,0.0,0.0,0.0,0.0,0.0,98
2023-05-10 21:00:58,OI401C9400,OI401C9400,161.5,0.0,0.0,0.0,1,43.0,301.5,1,161.5,0.0,0.0,0.0,0.0,0.0,98
2023-05-10 21:01:12,OI401C9400,OI401C9400,161.5,0.0,0.0,0.0,2,49.5,301.5,1,161.5,0.0,0.0,0.0,0.0,0.0,98
2023-05-10 21:01:13,OI401C9400,OI401C9400,161.5,0.0,0.0,0.0,10,50.0,301.0,10,161.5,0.0,0.0,0.0,0.0,0.0,98
2023-05-10 21:01:13,OI401C9400,OI401C9400,161.5,0.0,0.0,0.0,1,124.5,150.0,1,161.5,0.0,0.0,0.0,0.0,0.0,98
2023-05-10 21:01:16,OI401C9400,OI401C9400,161.5,0.0,0.0,0.0,1,124.5,149.5,1,161.5,0.0,0.0,0.0,0.0,0.0,98
2023-05-10 21:01:19,OI401C9400,OI401C9400,161.5,0.0,0.0,0.0,1,125.0,149.5,1,161.5,0.0,0.0,0.0,0.0,0.0,98
2023-05-10 21:01:21,OI401C9400,OI401C9400,161.5,0.0,0.0,0.0,1,125.5,149.5,1,161.5,0.0,0.0,0.0,0.0,0.0,98
2023-05-10 21:01:23,OI401C9400,OI401C9400,161.5,0.0,0.0,0.0,1,126.0,149.5,1,161.5,0.0,0.0,0.0,0.0,0.0,98
2023-05-10 21:02:08,OI401C9400,OI401C9400,161.5,0.0,0.0,0.0,1,126.0,149.0,1,161.5,0.0,0.0,0.0,0.0,0.0,98
2023-05-10 21:02:12,OI401C9400,OI401C9400,161.5,0.0,0.0,0.0,1,126.5,147.5,1,161.5,0.0,0.0,0.0,0.0,0.0,98
2023-05-10 21:02:13,OI401C9400,OI401C9400,161.5,0.0,0.0,0.0,1,127.0,147.5,1,161.5,0.0,0.0,0.0,0.0,0.0,98
2023-05-10 21:02:28,OI401C9400,OI401C9400,161.5,0.0,0.0,0.0,1,127.5,147.5,1,161.5,0.0,0.0,0.0,0.0,0.0,98
2023-05-10 21:02:32,OI401C9400,OI401C9400,161.5,0.0,0.0,0.0,1,127.5,147.0,1,161.5,0.0,0.0,0.0,0.0,0.0,98
2023-05-10 21:02:49,OI401C9400,OI401C9400,161.5,0.0,0.0,0.0,1,127.5,146.5,1,161.5,0.0,0.0,0.0,0.0,0.0,98
2023-05-10 21:02:51,OI401C9400,OI401C9400,161.5,0.0,0.0,0.0,1,127.5,146.0,1,161.5,0.0,0.0,0.0,0.0,0.0,98
2023-05-10 21:03:03,OI401C9400,OI401C9400,161.5,0.0,0.0,0.0,1,127.5,145.5,1,161.5,0.0,0.0,0.0,0.0,0.0,98
2023-05-10 21:03:05,OI401C9400,OI401C9400,161.5,0.0,0.0,0.0,1,127.5,145.0,1,161.5,0.0,0.0,0.0,0.0,0.0,98
2023-05-10 21:04:00,OI401C9400,OI401C9400,161.5,0.0,0.0,0.0,1,127.5,144.5,1,161.5,0.0,0.0,0.0,0.0,0.0,98
2023-05-10 21:04:02,OI401C9400,OI401C9400,161.5,0.0,0.0,0.0,1,127.5,144.0,1,161.5,0.0,0.0,0.0,0.0,0.0,98
2023-05-10 21:06:22,OI401C9400,OI401C9400,161.5,0.0,0.0,0.0,1,128.0,144.0,1,161.5,0.0,0.0,0.0,0.0,0.0,98
2023-05-10 21:06:55,OI401C9400,OI401C9400,161.5,0.0,0.0,0.0,1,128.5,144.0,1,161.5,0.0,0.0,0.0,0.0,0.0,98
2023-05-10 21:07:17,OI401C9400,OI401C9400,161.5,0.0,0.0,0.0,1,129.0,144.0,1,161.5,0.0,0.0,0.0,0.0,0.0,98
2023-05-10 21:07:42,OI401C9400,OI401C9400,161.5,0.0,0.0,0.0,1,129.5,144.0,1,161.5,0.0,0.0,0.0,0.0,0.0,98
2023-05-10 21:08:08,OI401C9400,OI401C9400,161.5,0.0,0.0,0.0,1,130.0,144.0,1,161.5,0.0,0.0,0.0,0.0,0.0,98
2023-05-10 21:10:06,OI401C9400,OI401C9400,161.5,0.0,0.0,0.0,1,130.5,144.0,1,161.5,0.0,0.0,0.0,0.0,0.0,98
2023-05-10 21:10:13,OI401C9400,OI401C9400,161.5,0.0,0.0,0.0,1,131.0,144.0,1,161.5,0.0,0.0,0.0,0.0,0.0,98
2023-05-10 21:10:17,OI401C9400,OI401C9400,161.5,0.0,0.0,0.0,1,131.5,144.0,1,161.5,0.0,0.0,0.0,0.0,0.0,98
2023-05-10 21:14:16,OI401C9400,OI401C9400,161.5,0.0,0.0,0.0,1,132.0,144.0,1,161.5,0.0,0.0,0.0,0.0,0.0,98
2023-05-10 21:15:27,OI401C9400,OI401C9400,161.5,0.0,0.0,0.0,1,132.5,144.0,1,161.5,0.0,0.0,0.0,0.0,0.0,98
2023-05-10 21:17:17,OI401C9400,OI401C9400,161.5,0.0,0.0,0.0,1,132.0,143.5,1,161.5,0.0,0.0,0.0,0.0,0.0,98
2023-05-10 21:22:06,OI401C9400,OI401C9400,161.5,0.0,0.0,0.0,1,128.0,143.0,1,161.5,0.0,0.0,0.0,0.0,0.0,98
2023-05-10 21:22:08,OI401C9400,OI401C9400,161.5,0.0,0.0,0.0,1,128.0,142.5,1,161.5,0.0,0.0,0.0,0.0,0.0,98
2023-05-10 21:22:20,OI401C9400,OI401C9400,161.5,0.0,0.0,0.0,1,128.0,142.0,1,161.5,0.0,0.0,0.0,0.0,0.0,98
2023-05-10 21:22:46,OI401C9400,OI401C9400,161.5,0.0,0.0,0.0,1,128.0,141.5,1,161.5,0.0,0.0,0.0,0.0,0.0,98
2023-05-10 21:23:22,OI401C9400,OI401C9400,161.5,0.0,0.0,0.0,1,128.5,141.5,1,161.5,0.0,0.0,0.0,0.0,0.0,98
2023-05-10 21:23:49,OI401C9400,OI401C9400,161.5,0.0,0.0,0.0,1,129.0,141.5,1,161.5,0.0,0.0,0.0,0.0,0.0,98
2023-05-10 21:23:52,OI401C9400,OI401C9400,161.5,0.0,0.0,0.0,1,129.5,141.5,1,161.5,0.0,0.0,0.0,0.0,0.0,98
2023-05-10 21:24:05,OI401C9400,OI401C9400,161.5,0.0,0.0,0.0,1,130.0,141.5,1,161.5,0.0,0.0,0.0,0.0,0.0,98
2023-05-10 21:24:13,OI401C9400,OI401C9400,161.5,0.0,0.0,0.0,1,130.5,141.5,1,161.5,0.0,0.0,0.0,0.0,0.0,98
2023-05-10 21:24:25,OI401C9400,OI401C9400,161.5,0.0,0.0,0.0,1,131.0,141.5,1,161.5,0.0,0.0,0.0,0.0,0.0,98
2023-05-10 21:24:53,OI401C9400,OI401C9400,161.5,0.0,0.0,0.0,1,131.5,141.5,1,161.5,0.0,0.0,0.0,0.0,0.0,98
2023-05-10 21:25:05,OI401C9400,OI401C9400,161.5,0.0,0.0,0.0,1,132.0,141.5,1,161.5,0.0,0.0,0.0,0.0,0.0,98
2023-05-10 21:25:17,OI401C9400,OI401C9400,161.5,0.0,0.0,0.0,1,132.5,141.5,1,161.5,0.0,0.0,0.0,0.0,0.0,98
2023-05-10 21:31:08,OI401C9400,OI401C9400,161.5,0.0,0.0,0.0,1,133.0,142.0,1,161.5,0.0,0.0,0.0,0.0,0.0,98
2023-05-10 21:31:10,OI401C9400,OI401C9400,161.5,0.0,0.0,0.0,1,133.0,301.5,1,161.5,0.0,0.0,0.0,0.0,0.0,98
2023-05-10 21:31:10,OI401C9400,OI401C9400,161.5,0.0,0.0,0.0,1,133.0,301.0,10,161.5,0.0,0.0,0.0,0.0,0.0,98
2023-05-10 21:31:12,OI401C9400,OI401C9400,161.5,0.0,0.0,0.0,1,133.0,148.5,1,161.5,0.0,0.0,0.0,0.0,0.0,98
2023-05-10 21:31:13,OI401C9400,OI401C9400,161.5,0.0,0.0,0.0,1,133.5,148.5,1,161.5,0.0,0.0,0.0,0.0,0.0,98
2023-05-10 21:31:14,OI401C9400,OI401C9400,161.5,0.0,0.0,0.0,1,134.0,148.5,1,161.5,0.0,0.0,0.0,0.0,0.0,98
2023-05-10 21:31:18,OI401C9400,OI401C9400,161.5,0.0,0.0,0.0,1,134.0,148.0,1,161.5,0.0,0.0,0.0,0.0,0.0,98
2023-05-10 21:31:45,OI401C9400,OI401C9400,161.5,0.0,0.0,0.0,1,134.0,147.5,1,161.5,0.0,0.0,0.0,0.0,0.0,98
2023-05-10 21:31:51,OI401C9400,OI401C9400,161.5,0.0,0.0,0.0,1,134.0,147.0,1,161.5,0.0,0.0,0.0,0.0,0.0,98
2023-05-10 21:32:06,OI401C9400,OI401C9400,161.5,0.0,0.0,0.0,1,134.0,146.5,1,161.5,0.0,0.0,0.0,0.0,0.0,98
2023-05-10 21:36:23,OI401C9400,OI401C9400,161.5,0.0,0.0,0.0,1,134.5,146.5,1,161.5,0.0,0.0,0.0,0.0,0.0,98
2023-05-10 21:36:27,OI401C9400,OI401C9400,161.5,0.0,0.0,0.0,1,135.0,146.5,1,161.5,0.0,0.0,0.0,0.0,0.0,98
2023-05-10 21:36:47,OI401C9400,OI401C9400,161.5,0.0,0.0,0.0,1,135.5,146.5,1,161.5,0.0,0.0,0.0,0.0,0.0,98
2023-05-10 21:41:29,OI401C9400,OI401C9400,161.5,0.0,0.0,0.0,1,135.0,146.5,1,161.5,0.0,0.0,0.0,0.0,0.0,98
2023-05-10 21:41:43,OI401C9400,OI401C9400,161.5,0.0,0.0,0.0,1,135.0,146.0,1,161.5,0.0,0.0,0.0,0.0,0.0,98
2023-05-10 21:41:44,OI401C9400,OI401C9400,161.5,0.0,0.0,0.0,1,131.0,146.0,1,161.5,0.0,0.0,0.0,0.0,0.0,98
2023-05-10 21:41:45,OI401C9400,OI401C9400,161.5,0.0,0.0,0.0,1,131.5,146.0,1,161.5,0.0,0.0,0.0,0.0,0.0,98
2023-05-10 21:41:52,OI401C9400,OI401C9400,161.5,0.0,0.0,0.0,1,132.0,146.0,1,161.5,0.0,0.0,0.0,0.0,0.0,98
2023-05-10 21:42:26,OI401C9400,OI401C9400,161.5,0.0,0.0,0.0,1,132.0,145.5,1,161.5,0.0,0.0,0.0,0.0,0.0,98
2023-05-10 21:42:49,OI401C9400,OI401C9400,161.5,0.0,0.0,0.0,1,132.0,145.0,1,161.5,0.0,0.0,0.0,0.0,0.0,98
2023-05-10 21:43:31,OI401C9400,OI401C9400,161.5,0.0,0.0,0.0,1,132.0,144.5,1,161.5,0.0,0.0,0.0,0.0,0.0,98
2023-05-10 21:43:39,OI401C9400,OI401C9400,161.5,0.0,0.0,0.0,1,132.0,144.0,1,161.5,0.0,0.0,0.0,0.0,0.0,98
2023-05-10 21:45:10,OI401C9400,OI401C9400,161.5,0.0,0.0,0.0,1,132.5,144.0,1,161.5,0.0,0.0,0.0,0.0,0.0,98
2023-05-10 21:45:16,OI401C9400,OI401C9400,161.5,0.0,0.0,0.0,1,133.0,144.0,1,161.5,0.0,0.0,0.0,0.0,0.0,98
2023-05-10 21:53:39,OI401C9400,OI401C9400,161.5,0.0,0.0,0.0,1,133.5,144.0,1,161.5,0.0,0.0,0.0,0.0,0.0,98
2023-05-10 21:55:34,OI401C9400,OI401C9400,161.5,0.0,0.0,0.0,1,134.0,144.0,1,161.5,0.0,0.0,0.0,0.0,0.0,98
2023-05-10 21:56:05,OI401C9400,OI401C9400,161.5,0.0,0.0,0.0,1,134.5,144.0,1,161.5,0.0,0.0,0.0,0.0,0.0,98
2023-05-10 21:56:34,OI401C9400,OI401C9400,161.5,0.0,0.0,0.0,1,135.0,144.0,1,161.5,0.0,0.0,0.0,0.0,0.0,98
2023-05-10 22:00:25,OI401C9400,OI401C9400,161.5,0.0,0.0,0.0,1,135.5,144.5,1,161.5,0.0,0.0,0.0,0.0,0.0,98
2023-05-10 22:00:27,OI401C9400,OI401C9400,161.5,0.0,0.0,0.0,1,136.0,151.0,1,161.5,0.0,0.0,0.0,0.0,0.0,98
2023-05-10 22:00:30,OI401C9400,OI401C9400,161.5,0.0,0.0,0.0,1,136.5,151.0,1,161.5,0.0,0.0,0.0,0.0,0.0,98
2023-05-10 22:00:34,OI401C9400,OI401C9400,161.5,0.0,0.0,0.0,1,136.5,150.5,1,161.5,0.0,0.0,0.0,0.0,0.0,98
2023-05-10 22:00:58,OI401C9400,OI401C9400,161.5,0.0,0.0,0.0,1,137.0,150.5,1,161.5,0.0,0.0,0.0,0.0,0.0,98
2023-05-10 22:01:35,OI401C9400,OI401C9400,161.5,0.0,0.0,0.0,1,137.5,150.5,1,161.5,0.0,0.0,0.0,0.0,0.0,98
2023-05-10 22:01:37,OI401C9400,OI401C9400,161.5,0.0,0.0,0.0,1,138.0,150.5,1,161.5,0.0,0.0,0.0,0.0,0.0,98
2023-05-10 22:03:03,OI401C9400,OI401C9400,161.5,0.0,0.0,0.0,1,138.0,150.0,1,161.5,0.0,0.0,0.0,0.0,0.0,98
2023-05-10 22:03:04,OI401C9400,OI401C9400,161.5,0.0,0.0,0.0,1,138.0,149.5,1,161.5,0.0,0.0,0.0,0.0,0.0,98
2023-05-10 22:03:07,OI401C9400,OI401C9400,161.5,0.0,0.0,0.0,1,138.0,149.0,1,161.5,0.0,0.0,0.0,0.0,0.0,98
2023-05-10 22:03:18,OI401C9400,OI401C9400,161.5,0.0,0.0,0.0,1,137.5,149.0,1,161.5,0.0,0.0,0.0,0.0,0.0,98
2023-05-10 22:04:03,OI401C9400,OI401C9400,161.5,0.0,0.0,0.0,1,133.5,148.5,1,161.5,0.0,0.0,0.0,0.0,0.0,98
2023-05-10 22:04:05,OI401C9400,OI401C9400,161.5,0.0,0.0,0.0,1,134.0,148.5,1,161.5,0.0,0.0,0.0,0.0,0.0,98
2023-05-10 22:05:26,OI401C9400,OI401C9400,161.5,0.0,0.0,0.0,1,134.5,148.5,1,161.5,0.0,0.0,0.0,0.0,0.0,98
2023-05-10 22:06:05,OI401C9400,OI401C9400,161.5,0.0,0.0,0.0,1,135.0,148.5,1,161.5,0.0,0.0,0.0,0.0,0.0,98
2023-05-10 22:06:15,OI401C9400,OI401C9400,161.5,0.0,0.0,0.0,1,135.5,148.5,1,161.5,0.0,0.0,0.0,0.0,0.0,98
2023-05-10 22:06:20,OI401C9400,OI401C9400,161.5,0.0,0.0,0.0,1,136.0,148.5,1,161.5,0.0,0.0,0.0,0.0,0.0,98
2023-05-10 22:08:00,OI401C9400,OI401C9400,161.5,0.0,0.0,0.0,1,136.5,148.5,1,161.5,0.0,0.0,0.0,0.0,0.0,98
2023-05-10 22:08:03,OI401C9400,OI401C9400,161.5,0.0,0.0,0.0,1,137.0,148.5,1,161.5,0.0,0.0,0.0,0.0,0.0,98
2023-05-10 22:15:12,OI401C9400,OI401C9400,161.5,0.0,0.0,0.0,1,137.5,148.5,1,161.5,0.0,0.0,0.0,0.0,0.0,98
2023-05-10 22:18:00,OI401C9400,OI401C9400,161.5,0.0,0.0,0.0,1,137.0,148.5,1,161.5,0.0,0.0,0.0,0.0,0.0,98
2023-05-10 22:18:12,OI401C9400,OI401C9400,161.5,0.0,0.0,0.0,1,137.0,148.0,1,161.5,0.0,0.0,0.0,0.0,0.0,98
2023-05-10 22:18:16,OI401C9400,OI401C9400,161.5,0.0,0.0,0.0,1,133.0,148.0,1,161.5,0.0,0.0,0.0,0.0,0.0,98
2023-05-10 22:18:18,OI401C9400,OI401C9400,161.5,0.0,0.0,0.0,1,133.0,147.5,1,161.5,0.0,0.0,0.0,0.0,0.0,98
2023-05-10 22:19:01,OI401C9400,OI401C9400,161.5,0.0,0.0,0.0,1,133.0,147.0,1,161.5,0.0,0.0,0.0,0.0,0.0,98
2023-05-10 22:19:22,OI401C9400,OI401C9400,161.5,0.0,0.0,0.0,1,133.0,146.5,1,161.5,0.0,0.0,0.0,0.0,0.0,98
2023-05-10 22:19:34,OI401C9400,OI401C9400,161.5,0.0,0.0,0.0,1,133.0,146.0,1,161.5,0.0,0.0,0.0,0.0,0.0,98
2023-05-10 22:20:57,OI401C9400,OI401C9400,161.5,0.0,0.0,0.0,1,133.5,146.0,1,161.5,0.0,0.0,0.0,0.0,0.0,98
2023-05-10 22:21:56,OI401C9400,OI401C9400,161.5,0.0,0.0,0.0,1,134.0,146.0,1,161.5,0.0,0.0,0.0,0.0,0.0,98
2023-05-10 22:22:00,OI401C9400,OI401C9400,161.5,0.0,0.0,0.0,1,134.5,146.0,1,161.5,0.0,0.0,0.0,0.0,0.0,98
2023-05-10 22:22:54,OI401C9400,OI401C9400,161.5,0.0,0.0,0.0,1,135.0,146.0,1,161.5,0.0,0.0,0.0,0.0,0.0,98
2023-05-10 22:30:22,OI401C9400,OI401C9400,161.5,0.0,0.0,0.0,1,135.5,146.0,1,161.5,0.0,0.0,0.0,0.0,0.0,98
2023-05-10 22:30:53,OI401C9400,OI401C9400,161.5,0.0,0.0,0.0,1,136.0,146.0,1,161.5,0.0,0.0,0.0,0.0,0.0,98
2023-05-10 22:31:28,OI401C9400,OI401C9400,161.5,0.0,0.0,0.0,1,136.5,146.0,1,161.5,0.0,0.0,0.0,0.0,0.0,98
2023-05-10 22:34:07,OI401C9400,OI401C9400,161.5,0.0,0.0,0.0,1,136.0,146.0,1,161.5,0.0,0.0,0.0,0.0,0.0,98
2023-05-10 22:34:10,OI401C9400,OI401C9400,161.5,0.0,0.0,0.0,1,131.5,146.0,1,161.5,0.0,0.0,0.0,0.0,0.0,98
2023-05-10 22:34:11,OI401C9400,OI401C9400,161.5,0.0,0.0,0.0,1,132.0,146.0,1,161.5,0.0,0.0,0.0,0.0,0.0,98
2023-05-10 22:34:36,OI401C9400,OI401C9400,161.5,0.0,0.0,0.0,1,132.5,146.0,1,161.5,0.0,0.0,0.0,0.0,0.0,98
2023-05-10 22:34:41,OI401C9400,OI401C9400,161.5,0.0,0.0,0.0,1,133.0,146.0,1,161.5,0.0,0.0,0.0,0.0,0.0,98
2023-05-10 22:34:43,OI401C9400,OI401C9400,161.5,0.0,0.0,0.0,1,133.5,146.0,1,161.5,0.0,0.0,0.0,0.0,0.0,98
2023-05-10 22:35:00,OI401C9400,OI401C9400,161.5,0.0,0.0,0.0,1,134.0,146.0,1,161.5,0.0,0.0,0.0,0.0,0.0,98
2023-05-10 22:35:02,OI401C9400,OI401C9400,161.5,0.0,0.0,0.0,1,134.5,146.0,1,161.5,0.0,0.0,0.0,0.0,0.0,98
2023-05-10 22:35:18,OI401C9400,OI401C9400,161.5,0.0,0.0,0.0,1,135.0,146.0,1,161.5,0.0,0.0,0.0,0.0,0.0,98
2023-05-10 22:36:31,OI401C9400,OI401C9400,161.5,0.0,0.0,0.0,1,135.5,146.0,1,161.5,0.0,0.0,0.0,0.0,0.0,98
2023-05-10 22:39:55,OI401C9400,OI401C9400,161.5,0.0,0.0,0.0,1,136.0,146.0,1,161.5,0.0,0.0,0.0,0.0,0.0,98
2023-05-10 22:40:07,OI401C9400,OI401C9400,161.5,0.0,0.0,0.0,1,136.5,146.0,1,161.5,0.0,0.0,0.0,0.0,0.0,98
2023-05-10 22:40:25,OI401C9400,OI401C9400,161.5,0.0,0.0,0.0,1,137.0,146.0,1,161.5,0.0,0.0,0.0,0.0,0.0,98
2023-05-10 22:46:16,OI401C9400,OI401C9400,161.5,0.0,0.0,0.0,1,136.5,146.0,1,161.5,0.0,0.0,0.0,0.0,0.0,98
2023-05-10 22:56:05,OI401C9400,OI401C9400,161.5,0.0,0.0,0.0,1,83.5,301.5,1,161.5,0.0,0.0,0.0,0.0,0.0,98
2023-05-10 22:56:06,OI401C9400,OI401C9400,161.5,0.0,0.0,0.0,10,84.0,301.0,10,161.5,0.0,0.0,0.0,0.0,0.0,98
2023-05-10 22:56:06,OI401C9400,OI401C9400,161.5,0.0,0.0,0.0,2,90.0,296.0,1,161.5,0.0,0.0,0.0,0.0,0.0,98
2023-05-10 22:56:07,OI401C9400,OI401C9400,161.5,0.0,0.0,0.0,10,90.5,295.5,10,161.5,0.0,0.0,0.0,0.0,0.0,98
2023-05-10 22:56:08,OI401C9400,OI401C9400,161.5,0.0,0.0,0.0,2,94.0,295.5,10,161.5,0.0,0.0,0.0,0.0,0.0,98
2023-05-10 22:56:08,OI401C9400,OI401C9400,161.5,0.0,0.0,0.0,10,94.5,290.0,1,161.5,0.0,0.0,0.0,0.0,0.0,98
2023-05-10 22:56:09,OI401C9400,OI401C9400,161.5,0.0,0.0,0.0,2,95.0,289.5,10,161.5,0.0,0.0,0.0,0.0,0.0,98
2023-05-10 22:56:10,OI401C9400,OI401C9400,161.5,0.0,0.0,0.0,2,95.0,220.5,1,161.5,0.0,0.0,0.0,0.0,0.0,98
2023-05-10 22:56:10,OI401C9400,OI401C9400,161.5,0.0,0.0,0.0,10,95.5,220.0,10,161.5,0.0,0.0,0.0,0.0,0.0,98
2023-05-10 22:56:11,OI401C9400,OI401C9400,161.5,0.0,0.0,0.0,2,96.0,220.0,10,161.5,0.0,0.0,0.0,0.0,0.0,98
2023-05-10 22:56:11,OI401C9400,OI401C9400,161.5,0.0,0.0,0.0,10,96.5,220.0,10,161.5,0.0,0.0,0.0,0.0,0.0,98
2023-05-10 22:56:12,OI401C9400,OI401C9400,161.5,0.0,0.0,0.0,2,97.0,220.0,10,161.5,0.0,0.0,0.0,0.0,0.0,98
2023-05-10 22:56:18,OI401C9400,OI401C9400,161.5,0.0,0.0,0.0,10,97.5,220.0,10,161.5,0.0,0.0,0.0,0.0,0.0,98
2023-05-10 22:56:19,OI401C9400,OI401C9400,161.5,0.0,0.0,0.0,2,98.0,220.0,10,161.5,0.0,0.0,0.0,0.0,0.0,98
2023-05-10 22:56:19,OI401C9400,OI401C9400,161.5,0.0,0.0,0.0,10,98.5,220.0,10,161.5,0.0,0.0,0.0,0.0,0.0,98
2023-05-10 22:57:33,OI401C9400,OI401C9400,161.5,0.0,0.0,0.0,1,43.0,0.0,0,161.5,0.0,0.0,0.0,0.0,0.0,98
2023-05-10 22:58:04,OI401C9400,OI401C9400,161.5,0.0,0.0,0.0,1,3.5,0.0,0,161.5,0.0,0.0,0.0,0.0,0.0,98
2023-05-11 09:00:05,OI401C9400,OI401C9400,161.5,0.0,0.0,0.0,1,3.5,303.0,1,161.5,0.0,0.0,0.0,0.0,0.0,98
2023-05-11 09:00:06,OI401C9400,OI401C9400,161.5,0.0,0.0,0.0,1,45.0,303.0,1,161.5,0.0,0.0,0.0,0.0,0.0,98
2023-05-11 09:00:32,OI401C9400,OI401C9400,161.5,0.0,0.0,0.0,1,84.5,261.0,1,161.5,0.0,0.0,0.0,0.0,0.0,98
2023-05-11 09:00:33,OI401C9400,OI401C9400,161.5,0.0,0.0,0.0,10,85.0,260.5,10,161.5,0.0,0.0,0.0,0.0,0.0,98
2023-05-11 09:01:12,OI401C9400,OI401C9400,161.5,0.0,0.0,0.0,10,85.0,219.0,1,161.5,0.0,0.0,0.0,0.0,0.0,98
2023-05-11 09:01:12,OI401C9400,OI401C9400,161.5,0.0,0.0,0.0,10,85.0,218.5,10,161.5,0.0,0.0,0.0,0.0,0.0,98
2023-05-11 09:01:23,OI401C9400,OI401C9400,161.5,0.0,0.0,0.0,2,88.5,218.5,10,161.5,0.0,0.0,0.0,0.0,0.0,98
2023-05-11 09:01:23,OI401C9400,OI401C9400,161.5,0.0,0.0,0.0,10,89.0,218.5,10,161.5,0.0,0.0,0.0,0.0,0.0,98
2023-05-11 09:01:25,OI401C9400,OI401C9400,161.5,0.0,0.0,0.0,2,89.5,218.5,10,161.5,0.0,0.0,0.0,0.0,0.0,98
2023-05-11 09:01:25,OI401C9400,OI401C9400,161.5,0.0,0.0,0.0,10,90.0,218.5,10,161.5,0.0,0.0,0.0,0.0,0.0,98
2023-05-11 09:01:26,OI401C9400,OI401C9400,161.5,0.0,0.0,0.0,2,90.5,218.5,10,161.5,0.0,0.0,0.0,0.0,0.0,98
2023-05-11 09:01:27,OI401C9400,OI401C9400,161.5,0.0,0.0,0.0,10,91.0,218.5,10,161.5,0.0,0.0,0.0,0.0,0.0,98
2023-05-11 09:01:27,OI401C9400,OI401C9400,161.5,0.0,0.0,0.0,2,91.5,218.5,10,161.5,0.0,0.0,0.0,0.0,0.0,98
2023-05-11 09:01:28,OI401C9400,OI401C9400,161.5,0.0,0.0,0.0,10,92.0,218.5,10,161.5,0.0,0.0,0.0,0.0,0.0,98
2023-05-11 09:01:28,OI401C9400,OI401C9400,161.5,0.0,0.0,0.0,1,131.5,149.5,1,161.5,0.0,0.0,0.0,0.0,0.0,98
2023-05-11 09:01:29,OI401C9400,OI401C9400,161.5,0.0,0.0,0.0,1,131.5,149.0,1,161.5,0.0,0.0,0.0,0.0,0.0,98
2023-05-11 09:01:29,OI401C9400,OI401C9400,161.5,0.0,0.0,0.0,1,131.5,148.5,1,161.5,0.0,0.0,0.0,0.0,0.0,98
2023-05-11 09:01:36,OI401C9400,OI401C9400,161.5,0.0,0.0,0.0,1,131.5,148.0,1,161.5,0.0,0.0,0.0,0.0,0.0,98
2023-05-11 09:01:52,OI401C9400,OI401C9400,161.5,0.0,0.0,0.0,1,131.5,147.5,1,161.5,0.0,0.0,0.0,0.0,0.0,98
2023-05-11 09:02:08,OI401C9400,OI401C9400,161.5,0.0,0.0,0.0,1,132.0,147.5,1,161.5,0.0,0.0,0.0,0.0,0.0,98
2023-05-11 09:02:14,OI401C9400,OI401C9400,161.5,0.0,0.0,0.0,1,132.5,147.5,1,161.5,0.0,0.0,0.0,0.0,0.0,98
2023-05-11 09:02:30,OI401C9400,OI401C9400,161.5,0.0,0.0,0.0,1,132.5,147.0,1,161.5,0.0,0.0,0.0,0.0,0.0,98
2023-05-11 09:02:45,OI401C9400,OI401C9400,161.5,0.0,0.0,0.0,1,132.5,146.5,1,161.5,0.0,0.0,0.0,0.0,0.0,98
2023-05-11 09:03:13,OI401C9400,OI401C9400,161.5,0.0,0.0,0.0,1,133.0,146.5,1,161.5,0.0,0.0,0.0,0.0,0.0,98
2023-05-11 09:03:19,OI401C9400,OI401C9400,161.5,0.0,0.0,0.0,1,133.0,146.0,1,161.5,0.0,0.0,0.0,0.0,0.0,98
2023-05-11 09:03:31,OI401C9400,OI401C9400,161.5,0.0,0.0,0.0,1,133.0,145.5,1,161.5,0.0,0.0,0.0,0.0,0.0,98
2023-05-11 09:05:13,OI401C9400,OI401C9400,161.5,0.0,0.0,0.0,1,133.0,145.0,1,161.5,0.0,0.0,0.0,0.0,0.0,98
2023-05-11 09:05:14,OI401C9400,OI401C9400,161.5,0.0,0.0,0.0,1,133.0,144.5,1,161.5,0.0,0.0,0.0,0.0,0.0,98
2023-05-11 09:05:16,OI401C9400,OI401C9400,161.5,0.0,0.0,0.0,1,133.0,144.0,1,161.5,0.0,0.0,0.0,0.0,0.0,98
2023-05-11 09:05:45,OI401C9400,OI401C9400,161.5,0.0,0.0,0.0,1,133.0,143.5,1,161.5,0.0,0.0,0.0,0.0,0.0,98
2023-05-11 09:05:57,OI401C9400,OI401C9400,161.5,0.0,0.0,0.0,1,133.0,143.0,1,161.5,0.0,0.0,0.0,0.0,0.0,98
2023-05-11 09:06:38,OI401C9400,OI401C9400,161.5,0.0,0.0,0.0,1,133.0,142.5,1,161.5,0.0,0.0,0.0,0.0,0.0,98
2023-05-11 09:06:53,OI401C9400,OI401C9400,161.5,0.0,0.0,0.0,1,133.0,142.0,1,161.5,0.0,0.0,0.0,0.0,0.0,98
2023-05-11 09:06:53,OI401C9400,OI401C9400,161.5,0.0,0.0,0.0,1,132.5,142.0,1,161.5,0.0,0.0,0.0,0.0,0.0,98
2023-05-11 09:06:56,OI401C9400,OI401C9400,161.5,0.0,0.0,0.0,1,132.5,141.5,1,161.5,0.0,0.0,0.0,0.0,0.0,98
2023-05-11 09:07:02,OI401C9400,OI401C9400,161.5,0.0,0.0,0.0,1,129.0,141.5,1,161.5,0.0,0.0,0.0,0.0,0.0,98
2023-05-11 09:07:02,OI401C9400,OI401C9400,161.5,0.0,0.0,0.0,1,129.5,141.5,1,161.5,0.0,0.0,0.0,0.0,0.0,98
2023-05-11 09:07:07,OI401C9400,OI401C9400,161.5,0.0,0.0,0.0,1,130.0,141.5,1,161.5,0.0,0.0,0.0,0.0,0.0,98
2023-05-11 09:07:11,OI401C9400,OI401C9400,161.5,0.0,0.0,0.0,1,130.0,141.0,1,161.5,0.0,0.0,0.0,0.0,0.0,98
2023-05-11 09:07:16,OI401C9400,OI401C9400,161.5,0.0,0.0,0.0,1,130.0,140.5,1,161.5,0.0,0.0,0.0,0.0,0.0,98
2023-05-11 09:07:43,OI401C9400,OI401C9400,161.5,0.0,0.0,0.0,1,130.0,140.0,1,161.5,0.0,0.0,0.0,0.0,0.0,98
2023-05-11 09:08:32,OI401C9400,OI401C9400,161.5,0.0,0.0,0.0,1,130.0,139.5,1,161.5,0.0,0.0,0.0,0.0,0.0,98
2023-05-11 09:11:07,OI401C9400,OI401C9400,161.5,0.0,0.0,0.0,1,130.0,139.0,1,161.5,0.0,0.0,0.0,0.0,0.0,98
2023-05-11 09:11:07,OI401C9400,OI401C9400,161.5,0.0,0.0,0.0,1,129.5,139.0,1,161.5,0.0,0.0,0.0,0.0,0.0,98
2023-05-11 09:11:36,OI401C9400,OI401C9400,161.5,0.0,0.0,0.0,1,129.5,138.5,1,161.5,0.0,0.0,0.0,0.0,0.0,98
2023-05-11 09:11:37,OI401C9400,OI401C9400,161.5,0.0,0.0,0.0,1,126.5,138.5,1,161.5,0.0,0.0,0.0,0.0,0.0,98
2023-05-11 09:11:42,OI401C9400,OI401C9400,161.5,0.0,0.0,0.0,1,126.5,138.0,1,161.5,0.0,0.0,0.0,0.0,0.0,98
2023-05-11 09:11:59,OI401C9400,OI401C9400,161.5,0.0,0.0,0.0,1,126.5,137.5,1,161.5,0.0,0.0,0.0,0.0,0.0,98
2023-05-11 09:12:03,OI401C9400,OI401C9400,161.5,0.0,0.0,0.0,1,126.5,137.0,1,161.5,0.0,0.0,0.0,0.0,0.0,98
2023-05-11 09:12:10,OI401C9400,OI401C9400,161.5,0.0,0.0,0.0,1,126.5,136.5,1,161.5,0.0,0.0,0.0,0.0,0.0,98
2023-05-11 09:12:15,OI401C9400,OI401C9400,161.5,0.0,0.0,0.0,1,126.5,136.0,1,161.5,0.0,0.0,0.0,0.0,0.0,98
2023-05-11 09:12:30,OI401C9400,OI401C9400,161.5,0.0,0.0,0.0,1,126.5,135.5,1,161.5,0.0,0.0,0.0,0.0,0.0,98
2023-05-11 09:15:35,OI401C9400,OI401C9400,161.5,0.0,0.0,0.0,1,127.0,135.5,1,161.5,0.0,0.0,0.0,0.0,0.0,98
2023-05-11 09:15:41,OI401C9400,OI401C9400,161.5,0.0,0.0,0.0,1,127.5,135.5,1,161.5,0.0,0.0,0.0,0.0,0.0,98
2023-05-11 09:16:04,OI401C9400,OI401C9400,161.5,0.0,0.0,0.0,1,128.0,135.5,1,161.5,0.0,0.0,0.0,0.0,0.0,98
2023-05-11 09:16:06,OI401C9400,OI401C9400,161.5,0.0,0.0,0.0,1,128.0,136.0,1,161.5,0.0,0.0,0.0,0.0,0.0,98
2023-05-11 09:16:06,OI401C9400,OI401C9400,161.5,0.0,0.0,0.0,1,128.5,136.0,1,161.5,0.0,0.0,0.0,0.0,0.0,98
2023-05-11 09:16:08,OI401C9400,OI401C9400,161.5,0.0,0.0,0.0,1,128.5,218.5,10,161.5,0.0,0.0,0.0,0.0,0.0,98
2023-05-11 09:16:09,OI401C9400,OI401C9400,161.5,0.0,0.0,0.0,1,128.5,141.0,1,161.5,0.0,0.0,0.0,0.0,0.0,98
2023-05-11 09:16:09,OI401C9400,OI401C9400,161.5,0.0,0.0,0.0,1,128.5,140.5,1,161.5,0.0,0.0,0.0,0.0,0.0,98
2023-05-11 09:16:10,OI401C9400,OI401C9400,161.5,0.0,0.0,0.0,1,129.0,140.5,1,161.5,0.0,0.0,0.0,0.0,0.0,98
2023-05-11 09:16:28,OI401C9400,OI401C9400,161.5,0.0,0.0,0.0,1,129.0,140.0,1,161.5,0.0,0.0,0.0,0.0,0.0,98
2023-05-11 09:16:34,OI401C9400,OI401C9400,161.5,0.0,0.0,0.0,1,129.0,139.5,1,161.5,0.0,0.0,0.0,0.0,0.0,98
2023-05-11 09:16:44,OI401C9400,OI401C9400,161.5,0.0,0.0,0.0,1,129.0,139.0,1,161.5,0.0,0.0,0.0,0.0,0.0,98
2023-05-11 09:17:05,OI401C9400,OI401C9400,161.5,0.0,0.0,0.0,1,129.0,138.5,1,161.5,0.0,0.0,0.0,0.0,0.0,98
2023-05-11 09:17:09,OI401C9400,OI401C9400,161.5,0.0,0.0,0.0,1,128.5,138.0,1,161.5,0.0,0.0,0.0,0.0,0.0,98
2023-05-11 09:17:19,OI401C9400,OI401C9400,161.5,0.0,0.0,0.0,1,128.5,137.5,1,161.5,0.0,0.0,0.0,0.0,0.0,98
2023-05-11 09:17:21,OI401C9400,OI401C9400,161.5,0.0,0.0,0.0,1,125.0,137.5,1,161.5,0.0,0.0,0.0,0.0,0.0,98
2023-05-11 09:17:23,OI401C9400,OI401C9400,161.5,0.0,0.0,0.0,1,125.5,137.5,1,161.5,0.0,0.0,0.0,0.0,0.0,98
2023-05-11 09:17:27,OI401C9400,OI401C9400,161.5,0.0,0.0,0.0,1,125.5,137.0,1,161.5,0.0,0.0,0.0,0.0,0.0,98
2023-05-11 09:17:48,OI401C9400,OI401C9400,161.5,0.0,0.0,0.0,1,125.5,136.5,1,161.5,0.0,0.0,0.0,0.0,0.0,98
2023-05-11 09:17:55,OI401C9400,OI401C9400,161.5,0.0,0.0,0.0,1,125.5,136.0,1,161.5,0.0,0.0,0.0,0.0,0.0,98
2023-05-11 09:18:05,OI401C9400,OI401C9400,161.5,0.0,0.0,0.0,1,125.0,136.0,1,161.5,0.0,0.0,0.0,0.0,0.0,98
2023-05-11 09:18:10,OI401C9400,OI401C9400,161.5,0.0,0.0,0.0,1,122.5,136.0,1,161.5,0.0,0.0,0.0,0.0,0.0,98
2023-05-11 09:18:11,OI401C9400,OI401C9400,161.5,0.0,0.0,0.0,1,123.0,135.5,1,161.5,0.0,0.0,0.0,0.0,0.0,98
2023-05-11 09:18:11,OI401C9400,OI401C9400,161.5,0.0,0.0,0.0,1,123.5,135.5,1,161.5,0.0,0.0,0.0,0.0,0.0,98
2023-05-11 09:18:12,OI401C9400,OI401C9400,161.5,0.0,0.0,0.0,1,123.5,135.0,1,161.5,0.0,0.0,0.0,0.0,0.0,98
2023-05-11 09:18:13,OI401C9400,OI401C9400,161.5,0.0,0.0,0.0,1,123.5,134.5,1,161.5,0.0,0.0,0.0,0.0,0.0,98
2023-05-11 09:18:17,OI401C9400,OI401C9400,161.5,0.0,0.0,0.0,1,123.5,134.0,1,161.5,0.0,0.0,0.0,0.0,0.0,98
2023-05-11 09:18:20,OI401C9400,OI401C9400,161.5,0.0,0.0,0.0,1,123.5,133.5,1,161.5,0.0,0.0,0.0,0.0,0.0,98
2023-05-11 09:19:21,OI401C9400,OI401C9400,161.5,0.0,0.0,0.0,1,123.0,133.5,1,161.5,0.0,0.0,0.0,0.0,0.0,98
2023-05-11 09:19:21,OI401C9400,OI401C9400,161.5,0.0,0.0,0.0,1,84.5,133.5,1,161.5,0.0,0.0,0.0,0.0,0.0,98
2023-05-11 09:19:22,OI401C9400,OI401C9400,161.5,0.0,0.0,0.0,12,85.0,133.5,1,161.5,0.0,0.0,0.0,0.0,0.0,98
2023-05-11 09:19:23,OI401C9400,OI401C9400,161.5,0.0,0.0,0.0,1,120.5,133.5,1,161.5,0.0,0.0,0.0,0.0,0.0,98
2023-05-11 09:19:24,OI401C9400,OI401C9400,161.5,0.0,0.0,0.0,1,120.5,132.5,1,161.5,0.0,0.0,0.0,0.0,0.0,98
2023-05-11 09:19:25,OI401C9400,OI401C9400,161.5,0.0,0.0,0.0,1,121.0,132.5,1,161.5,0.0,0.0,0.0,0.0,0.0,98
2023-05-11 09:19:30,OI401C9400,OI401C9400,161.5,0.0,0.0,0.0,1,121.0,132.0,1,161.5,0.0,0.0,0.0,0.0,0.0,98
2023-05-11 09:19:37,OI401C9400,OI401C9400,161.5,0.0,0.0,0.0,1,121.5,132.0,1,161.5,0.0,0.0,0.0,0.0,0.0,98
2023-05-11 09:19:44,OI401C9400,OI401C9400,161.5,0.0,0.0,0.0,1,122.0,132.0,1,161.5,0.0,0.0,0.0,0.0,0.0,98
2023-05-11 09:20:03,OI401C9400,OI401C9400,161.5,0.0,0.0,0.0,1,122.5,132.0,1,161.5,0.0,0.0,0.0,0.0,0.0,98
2023-05-11 09:20:05,OI401C9400,OI401C9400,161.5,0.0,0.0,0.0,1,123.0,132.0,1,161.5,0.0,0.0,0.0,0.0,0.0,98
2023-05-11 09:20:12,OI401C9400,OI401C9400,161.5,0.0,0.0,0.0,1,123.5,132.0,1,161.5,0.0,0.0,0.0,0.0,0.0,98
2023-05-11 09:20:30,OI401C9400,OI401C9400,161.5,0.0,0.0,0.0,1,124.0,132.0,1,161.5,0.0,0.0,0.0,0.0,0.0,98
2023-05-11 09:20:32,OI401C9400,OI401C9400,161.5,0.0,0.0,0.0,1,124.5,132.0,1,161.5,0.0,0.0,0.0,0.0,0.0,98
2023-05-11 09:21:01,OI401C9400,OI401C9400,161.5,0.0,0.0,0.0,1,125.0,132.0,1,161.5,0.0,0.0,0.0,0.0,0.0,98
2023-05-11 09:21:05,OI401C9400,OI401C9400,161.5,0.0,0.0,0.0,1,125.0,132.5,1,161.5,0.0,0.0,0.0,0.0,0.0,98
2023-05-11 09:22:20,OI401C9400,OI401C9400,161.5,0.0,0.0,0.0,1,125.5,132.5,1,161.5,0.0,0.0,0.0,0.0,0.0,98
2023-05-11 09:22:21,OI401C9400,OI401C9400,161.5,0.0,0.0,0.0,1,125.5,219.0,1,161.5,0.0,0.0,0.0,0.0,0.0,98
2023-05-11 09:22:21,OI401C9400,OI401C9400,161.5,0.0,0.0,0.0,1,125.5,137.5,1,161.5,0.0,0.0,0.0,0.0,0.0,98
2023-05-11 09:22:23,OI401C9400,OI401C9400,161.5,0.0,0.0,0.0,1,125.5,137.0,1,161.5,0.0,0.0,0.0,0.0,0.0,98
2023-05-11 09:22:34,OI401C9400,OI401C9400,161.5,0.0,0.0,0.0,1,125.5,136.5,1,161.5,0.0,0.0,0.0,0.0,0.0,98
2023-05-11 09:22:35,OI401C9400,OI401C9400,161.5,0.0,0.0,0.0,1,125.5,136.0,1,161.5,0.0,0.0,0.0,0.0,0.0,98
2023-05-11 09:24:01,OI401C9400,OI401C9400,161.5,0.0,0.0,0.0,1,126.0,136.0,1,161.5,0.0,0.0,0.0,0.0,0.0,98
2023-05-11 09:24:04,OI401C9400,OI401C9400,161.5,0.0,0.0,0.0,1,126.5,136.0,1,161.5,0.0,0.0,0.0,0.0,0.0,98
2023-05-11 09:25:10,OI401C9400,OI401C9400,161.5,0.0,0.0,0.0,1,127.0,136.0,1,161.5,0.0,0.0,0.0,0.0,0.0,98
2023-05-11 09:26:53,OI401C9400,OI401C9400,161.5,0.0,0.0,0.0,1,127.5,136.0,1,161.5,0.0,0.0,0.0,0.0,0.0,98
2023-05-11 09:27:07,OI401C9400,OI401C9400,161.5,0.0,0.0,0.0,1,128.0,136.0,1,161.5,0.0,0.0,0.0,0.0,0.0,98
2023-05-11 09:28:03,OI401C9400,OI401C9400,161.5,0.0,0.0,0.0,1,127.5,136.0,1,161.5,0.0,0.0,0.0,0.0,0.0,98
2023-05-11 09:28:11,OI401C9400,OI401C9400,161.5,0.0,0.0,0.0,1,124.5,136.0,1,161.5,0.0,0.0,0.0,0.0,0.0,98
2023-05-11 09:28:18,OI401C9400,OI401C9400,161.5,0.0,0.0,0.0,1,124.5,135.5,1,161.5,0.0,0.0,0.0,0.0,0.0,98
2023-05-11 09:29:04,OI401C9400,OI401C9400,161.5,0.0,0.0,0.0,1,124.5,135.0,1,161.5,0.0,0.0,0.0,0.0,0.0,98
2023-05-11 09:29:17,OI401C9400,OI401C9400,161.5,0.0,0.0,0.0,1,124.5,134.5,1,161.5,0.0,0.0,0.0,0.0,0.0,98
2023-05-11 09:30:05,OI401C9400,OI401C9400,161.5,0.0,0.0,0.0,1,124.5,134.0,1,161.5,0.0,0.0,0.0,0.0,0.0,98
2023-05-11 09:30:06,OI401C9400,OI401C9400,161.5,0.0,0.0,0.0,1,124.0,134.0,1,161.5,0.0,0.0,0.0,0.0,0.0,98
2023-05-11 09:30:28,OI401C9400,OI401C9400,161.5,0.0,0.0,0.0,1,124.0,133.5,1,161.5,0.0,0.0,0.0,0.0,0.0,98
2023-05-11 09:30:33,OI401C9400,OI401C9400,161.5,0.0,0.0,0.0,1,124.0,133.0,1,161.5,0.0,0.0,0.0,0.0,0.0,98
2023-05-11 09:31:02,OI401C9400,OI401C9400,161.5,0.0,0.0,0.0,1,84.5,133.0,1,161.5,0.0,0.0,0.0,0.0,0.0,98
2023-05-11 09:31:02,OI401C9400,OI401C9400,161.5,0.0,0.0,0.0,2,91.0,133.0,1,161.5,0.0,0.0,0.0,0.0,0.0,98
2023-05-11 09:31:04,OI401C9400,OI401C9400,161.5,0.0,0.0,0.0,1,121.0,133.0,1,161.5,0.0,0.0,0.0,0.0,0.0,98
2023-05-11 09:31:08,OI401C9400,OI401C9400,161.5,0.0,0.0,0.0,1,121.0,132.5,1,161.5,0.0,0.0,0.0,0.0,0.0,98
2023-05-11 09:31:14,OI401C9400,OI401C9400,161.5,0.0,0.0,0.0,1,121.0,132.0,1,161.5,0.0,0.0,0.0,0.0,0.0,98
2023-05-11 09:31:22,OI401C9400,OI401C9400,161.5,0.0,0.0,0.0,1,121.0,131.0,1,161.5,0.0,0.0,0.0,0.0,0.0,98
2023-05-11 09:32:24,OI401C9400,OI401C9400,161.5,0.0,0.0,0.0,10,85.0,131.0,1,161.5,0.0,0.0,0.0,0.0,0.0,98
2023-05-11 09:32:25,OI401C9400,OI401C9400,161.5,0.0,0.0,0.0,2,91.5,131.0,1,161.5,0.0,0.0,0.0,0.0,0.0,98
2023-05-11 09:32:26,OI401C9400,OI401C9400,161.5,0.0,0.0,0.0,1,119.0,131.0,1,161.5,0.0,0.0,0.0,0.0,0.0,98
2023-05-11 09:32:27,OI401C9400,OI401C9400,161.5,0.0,0.0,0.0,1,119.0,130.5,1,161.5,0.0,0.0,0.0,0.0,0.0,98
2023-05-11 09:32:30,OI401C9400,OI401C9400,161.5,0.0,0.0,0.0,1,119.5,130.5,1,161.5,0.0,0.0,0.0,0.0,0.0,98
2023-05-11 09:33:08,OI401C9400,OI401C9400,161.5,0.0,0.0,0.0,1,120.0,130.5,1,161.5,0.0,0.0,0.0,0.0,0.0,98
2023-05-11 09:33:30,OI401C9400,OI401C9400,161.5,0.0,0.0,0.0,1,120.5,130.5,1,161.5,0.0,0.0,0.0,0.0,0.0,98
2023-05-11 09:33:45,OI401C9400,OI401C9400,161.5,0.0,0.0,0.0,1,121.0,130.5,1,161.5,0.0,0.0,0.0,0.0,0.0,98
2023-05-11 09:34:08,OI401C9400,OI401C9400,161.5,0.0,0.0,0.0,1,121.5,130.5,1,161.5,0.0,0.0,0.0,0.0,0.0,98
2023-05-11 09:34:09,OI401C9400,OI401C9400,161.5,0.0,0.0,0.0,1,122.0,130.5,1,161.5,0.0,0.0,0.0,0.0,0.0,98
2023-05-11 09:39:06,OI401C9400,OI401C9400,161.5,0.0,0.0,0.0,1,122.5,130.5,1,161.5,0.0,0.0,0.0,0.0,0.0,98
2023-05-11 09:41:02,OI401C9400,OI401C9400,161.5,0.0,0.0,0.0,1,122.0,130.5,1,161.5,0.0,0.0,0.0,0.0,0.0,98
2023-05-11 09:41:09,OI401C9400,OI401C9400,161.5,0.0,0.0,0.0,1,84.5,130.5,1,161.5,0.0,0.0,0.0,0.0,0.0,98
2023-05-11 09:41:10,OI401C9400,OI401C9400,161.5,0.0,0.0,0.0,2,91.0,130.5,1,161.5,0.0,0.0,0.0,0.0,0.0,98
2023-05-11 09:41:11,OI401C9400,OI401C9400,161.5,0.0,0.0,0.0,1,118.5,130.5,1,161.5,0.0,0.0,0.0,0.0,0.0,98
2023-05-11 09:41:11,OI401C9400,OI401C9400,161.5,0.0,0.0,0.0,1,119.0,130.5,1,161.5,0.0,0.0,0.0,0.0,0.0,98
2023-05-11 09:41:17,OI401C9400,OI401C9400,161.5,0.0,0.0,0.0,1,119.5,130.5,1,161.5,0.0,0.0,0.0,0.0,0.0,98
2023-05-11 09:41:18,OI401C9400,OI401C9400,161.5,0.0,0.0,0.0,1,120.0,130.5,1,161.5,0.0,0.0,0.0,0.0,0.0,98
2023-05-11 09:41:22,OI401C9400,OI401C9400,161.5,0.0,0.0,0.0,1,120.5,130.5,1,161.5,0.0,0.0,0.0,0.0,0.0,98
2023-05-11 09:41:24,OI401C9400,OI401C9400,161.5,0.0,0.0,0.0,1,121.0,130.5,1,161.5,0.0,0.0,0.0,0.0,0.0,98
2023-05-11 09:41:31,OI401C9400,OI401C9400,161.5,0.0,0.0,0.0,1,121.5,130.5,1,161.5,0.0,0.0,0.0,0.0,0.0,98
2023-05-11 09:46:05,OI401C9400,OI401C9400,161.5,0.0,0.0,0.0,1,122.0,130.5,1,161.5,0.0,0.0,0.0,0.0,0.0,98
2023-05-11 09:48:09,OI401C9400,OI401C9400,161.5,0.0,0.0,0.0,1,121.5,130.5,1,161.5,0.0,0.0,0.0,0.0,0.0,98
2023-05-11 09:48:30,OI401C9400,OI401C9400,161.5,0.0,0.0,0.0,1,118.5,130.5,1,161.5,0.0,0.0,0.0,0.0,0.0,98
2023-05-11 09:48:32,OI401C9400,OI401C9400,161.5,0.0,0.0,0.0,1,118.5,130.0,1,161.5,0.0,0.0,0.0,0.0,0.0,98
2023-05-11 09:48:36,OI401C9400,OI401C9400,161.5,0.0,0.0,0.0,1,119.0,130.0,1,161.5,0.0,0.0,0.0,0.0,0.0,98
2023-05-11 09:48:37,OI401C9400,OI401C9400,161.5,0.0,0.0,0.0,1,119.5,130.0,1,161.5,0.0,0.0,0.0,0.0,0.0,98
2023-05-11 09:51:04,OI401C9400,OI401C9400,161.5,0.0,0.0,0.0,1,119.5,129.5,1,161.5,0.0,0.0,0.0,0.0,0.0,98
2023-05-11 09:51:19,OI401C9400,OI401C9400,161.5,0.0,0.0,0.0,1,119.5,129.0,1,161.5,0.0,0.0,0.0,0.0,0.0,98
2023-05-11 09:53:05,OI401C9400,OI401C9400,161.5,0.0,0.0,0.0,1,119.5,128.5,1,161.5,0.0,0.0,0.0,0.0,0.0,98
2023-05-11 09:54:32,OI401C9400,OI401C9400,161.5,0.0,0.0,0.0,1,119.0,128.5,1,161.5,0.0,0.0,0.0,0.0,0.0,98
2023-05-11 09:54:34,OI401C9400,OI401C9400,161.5,0.0,0.0,0.0,1,119.0,128.0,1,161.5,0.0,0.0,0.0,0.0,0.0,98
2023-05-11 09:55:28,OI401C9400,OI401C9400,161.5,0.0,0.0,0.0,1,116.0,127.5,1,161.5,0.0,0.0,0.0,0.0,0.0,98
2023-05-11 09:55:30,OI401C9400,OI401C9400,161.5,0.0,0.0,0.0,1,116.0,127.0,1,161.5,0.0,0.0,0.0,0.0,0.0,98
2023-05-11 09:55:38,OI401C9400,OI401C9400,161.5,0.0,0.0,0.0,1,116.0,126.5,1,161.5,0.0,0.0,0.0,0.0,0.0,98
2023-05-11 09:56:08,OI401C9400,OI401C9400,161.5,0.0,0.0,0.0,1,116.5,126.5,1,161.5,0.0,0.0,0.0,0.0,0.0,98
2023-05-11 09:56:15,OI401C9400,OI401C9400,161.5,0.0,0.0,0.0,1,117.0,126.5,1,161.5,0.0,0.0,0.0,0.0,0.0,98
2023-05-11 09:56:26,OI401C9400,OI401C9400,161.5,0.0,0.0,0.0,1,117.5,126.5,1,161.5,0.0,0.0,0.0,0.0,0.0,98
2023-05-11 09:58:34,OI401C9400,OI401C9400,161.5,0.0,0.0,0.0,1,117.0,126.5,1,161.5,0.0,0.0,0.0,0.0,0.0,98
2023-05-11 09:58:49,OI401C9400,OI401C9400,161.5,0.0,0.0,0.0,1,117.0,126.0,1,161.5,0.0,0.0,0.0,0.0,0.0,98
2023-05-11 10:00:56,OI401C9400,OI401C9400,161.5,0.0,0.0,0.0,1,114.0,125.5,1,161.5,0.0,0.0,0.0,0.0,0.0,98
2023-05-11 10:00:57,OI401C9400,OI401C9400,161.5,0.0,0.0,0.0,1,114.5,125.5,1,161.5,0.0,0.0,0.0,0.0,0.0,98
2023-05-11 10:00:59,OI401C9400,OI401C9400,161.5,0.0,0.0,0.0,1,115.0,125.5,1,161.5,0.0,0.0,0.0,0.0,0.0,98
2023-05-11 10:01:05,OI401C9400,OI401C9400,161.5,0.0,0.0,0.0,1,115.5,125.5,1,161.5,0.0,0.0,0.0,0.0,0.0,98
2023-05-11 10:01:17,OI401C9400,OI401C9400,161.5,0.0,0.0,0.0,1,116.0,125.5,1,161.5,0.0,0.0,0.0,0.0,0.0,98
2023-05-11 10:05:08,OI401C9400,OI401C9400,161.5,0.0,0.0,0.0,1,116.0,125.0,1,161.5,0.0,0.0,0.0,0.0,0.0,98
2023-05-11 10:05:08,OI401C9400,OI401C9400,161.5,0.0,0.0,0.0,1,115.5,125.0,1,161.5,0.0,0.0,0.0,0.0,0.0,98
2023-05-11 10:06:06,OI401C9400,OI401C9400,161.5,0.0,0.0,0.0,1,116.0,125.0,1,161.5,0.0,0.0,0.0,0.0,0.0,98
2023-05-11 10:07:53,OI401C9400,OI401C9400,161.5,0.0,0.0,0.0,1,115.5,124.5,1,161.5,0.0,0.0,0.0,0.0,0.0,98
2023-05-11 10:08:09,OI401C9400,OI401C9400,161.5,0.0,0.0,0.0,1,112.5,124.0,1,161.5,0.0,0.0,0.0,0.0,0.0,98
2023-05-11 10:08:23,OI401C9400,OI401C9400,161.5,0.0,0.0,0.0,1,112.5,123.5,1,161.5,0.0,0.0,0.0,0.0,0.0,98
2023-05-11 10:08:25,OI401C9400,OI401C9400,161.5,0.0,0.0,0.0,1,112.5,123.0,1,161.5,0.0,0.0,0.0,0.0,0.0,98
2023-05-11 10:08:30,OI401C9400,OI401C9400,161.5,0.0,0.0,0.0,1,112.5,122.5,1,161.5,0.0,0.0,0.0,0.0,0.0,98
2023-05-11 10:11:07,OI401C9400,OI401C9400,161.5,0.0,0.0,0.0,1,113.0,122.5,1,161.5,0.0,0.0,0.0,0.0,0.0,98
2023-05-11 10:12:32,OI401C9400,OI401C9400,161.5,0.0,0.0,0.0,1,113.5,122.5,1,161.5,0.0,0.0,0.0,0.0,0.0,98
2023-05-11 10:13:31,OI401C9400,OI401C9400,161.5,0.0,0.0,0.0,1,114.0,122.5,1,161.5,0.0,0.0,0.0,0.0,0.0,98
2023-05-11 10:30:04,OI401C9400,OI401C9400,161.5,0.0,0.0,0.0,1,114.5,122.5,1,161.5,0.0,0.0,0.0,0.0,0.0,98
2023-05-11 10:30:11,OI401C9400,OI401C9400,161.5,0.0,0.0,0.0,1,115.0,122.5,1,161.5,0.0,0.0,0.0,0.0,0.0,98
2023-05-11 10:32:04,OI401C9400,OI401C9400,161.5,0.0,0.0,0.0,1,114.5,122.5,1,161.5,0.0,0.0,0.0,0.0,0.0,98
2023-05-11 10:41:06,OI401C9400,OI401C9400,161.5,0.0,0.0,0.0,1,111.5,122.5,1,161.5,0.0,0.0,0.0,0.0,0.0,98
2023-05-11 10:41:37,OI401C9400,OI401C9400,161.5,0.0,0.0,0.0,1,112.0,122.5,1,161.5,0.0,0.0,0.0,0.0,0.0,98
2023-05-11 10:43:24,OI401C9400,OI401C9400,161.5,0.0,0.0,0.0,1,112.0,122.0,1,161.5,0.0,0.0,0.0,0.0,0.0,98
2023-05-11 10:45:54,OI401C9400,OI401C9400,161.5,0.0,0.0,0.0,1,112.0,121.5,1,161.5,0.0,0.0,0.0,0.0,0.0,98
2023-05-11 10:46:11,OI401C9400,OI401C9400,161.5,0.0,0.0,0.0,1,112.0,121.0,1,161.5,0.0,0.0,0.0,0.0,0.0,98
2023-05-11 10:47:27,OI401C9400,OI401C9400,161.5,0.0,0.0,0.0,1,111.5,121.0,1,161.5,0.0,0.0,0.0,0.0,0.0,98
2023-05-11 10:47:28,OI401C9400,OI401C9400,161.5,0.0,0.0,0.0,1,111.5,120.5,1,161.5,0.0,0.0,0.0,0.0,0.0,98
2023-05-11 11:00:15,OI401C9400,OI401C9400,161.5,0.0,0.0,0.0,1,112.0,120.5,1,161.5,0.0,0.0,0.0,0.0,0.0,98
2023-05-11 11:04:12,OI401C9400,OI401C9400,161.5,0.0,0.0,0.0,1,112.5,120.5,1,161.5,0.0,0.0,0.0,0.0,0.0,98
2023-05-11 11:04:22,OI401C9400,OI401C9400,161.5,0.0,0.0,0.0,1,113.0,120.5,1,161.5,0.0,0.0,0.0,0.0,0.0,98
2023-05-11 11:04:45,OI401C9400,OI401C9400,161.5,0.0,0.0,0.0,1,113.5,120.5,1,161.5,0.0,0.0,0.0,0.0,0.0,98
2023-05-11 11:05:02,OI401C9400,OI401C9400,161.5,0.0,0.0,0.0,1,114.0,120.5,1,161.5,0.0,0.0,0.0,0.0,0.0,98
2023-05-11 11:05:04,OI401C9400,OI401C9400,161.5,0.0,0.0,0.0,1,114.0,121.0,1,161.5,0.0,0.0,0.0,0.0,0.0,98
2023-05-11 11:05:08,OI401C9400,OI401C9400,161.5,0.0,0.0,0.0,1,114.5,180.0,10,161.5,0.0,0.0,0.0,0.0,0.0,98
2023-05-11 11:05:09,OI401C9400,OI401C9400,161.5,0.0,0.0,0.0,1,114.5,174.5,1,161.5,0.0,0.0,0.0,0.0,0.0,98
2023-05-11 11:05:09,OI401C9400,OI401C9400,161.5,0.0,0.0,0.0,1,114.5,174.0,10,161.5,0.0,0.0,0.0,0.0,0.0,98
2023-05-11 11:05:10,OI401C9400,OI401C9400,161.5,0.0,0.0,0.0,1,114.5,126.0,1,161.5,0.0,0.0,0.0,0.0,0.0,98
2023-05-11 11:05:10,OI401C9400,OI401C9400,161.5,0.0,0.0,0.0,1,114.5,125.5,1,161.5,0.0,0.0,0.0,0.0,0.0,98
2023-05-11 11:05:13,OI401C9400,OI401C9400,161.5,0.0,0.0,0.0,1,115.0,125.5,1,161.5,0.0,0.0,0.0,0.0,0.0,98
2023-05-11 11:05:14,OI401C9400,OI401C9400,161.5,0.0,0.0,0.0,1,115.5,125.5,1,161.5,0.0,0.0,0.0,0.0,0.0,98
2023-05-11 11:07:19,OI401C9400,OI401C9400,161.5,0.0,0.0,0.0,1,115.5,125.0,1,161.5,0.0,0.0,0.0,0.0,0.0,98
2023-05-11 11:07:21,OI401C9400,OI401C9400,161.5,0.0,0.0,0.0,1,115.5,124.5,1,161.5,0.0,0.0,0.0,0.0,0.0,98
2023-05-11 11:07:28,OI401C9400,OI401C9400,161.5,0.0,0.0,0.0,1,115.0,124.5,1,161.5,0.0,0.0,0.0,0.0,0.0,98
2023-05-11 11:07:30,OI401C9400,OI401C9400,161.5,0.0,0.0,0.0,1,115.0,124.0,1,161.5,0.0,0.0,0.0,0.0,0.0,98
2023-05-11 11:08:05,OI401C9400,OI401C9400,161.5,0.0,0.0,0.0,1,112.0,124.0,1,161.5,0.0,0.0,0.0,0.0,0.0,98
2023-05-11 11:08:22,OI401C9400,OI401C9400,161.5,0.0,0.0,0.0,1,112.0,123.5,1,161.5,0.0,0.0,0.0,0.0,0.0,98
2023-05-11 11:08:29,OI401C9400,OI401C9400,161.5,0.0,0.0,0.0,1,112.0,123.0,1,161.5,0.0,0.0,0.0,0.0,0.0,98
2023-05-11 11:09:00,OI401C9400,OI401C9400,161.5,0.0,0.0,0.0,1,112.0,122.5,1,161.5,0.0,0.0,0.0,0.0,0.0,98
2023-05-11 11:09:03,OI401C9400,OI401C9400,161.5,0.0,0.0,0.0,1,112.0,122.0,1,161.5,0.0,0.0,0.0,0.0,0.0,98
2023-05-11 11:10:38,OI401C9400,OI401C9400,161.5,0.0,0.0,0.0,1,112.5,122.0,1,161.5,0.0,0.0,0.0,0.0,0.0,98
2023-05-11 11:10:49,OI401C9400,OI401C9400,161.5,0.0,0.0,0.0,1,113.0,122.0,1,161.5,0.0,0.0,0.0,0.0,0.0,98
2023-05-11 11:11:09,OI401C9400,OI401C9400,161.5,0.0,0.0,0.0,1,113.5,122.0,1,161.5,0.0,0.0,0.0,0.0,0.0,98
2023-05-11 11:15:02,OI401C9400,OI401C9400,161.5,0.0,0.0,0.0,1,114.0,122.0,1,161.5,0.0,0.0,0.0,0.0,0.0,98
2023-05-11 11:26:12,OI401C9400,OI401C9400,161.5,0.0,0.0,0.0,1,114.5,122.0,1,161.5,0.0,0.0,0.0,0.0,0.0,98
2023-05-11 11:29:36,OI401C9400,OI401C9400,161.5,0.0,0.0,0.0,1,48.0,180.5,1,161.5,0.0,0.0,0.0,0.0,0.0,98
2023-05-11 13:30:11,OI401C9400,OI401C9400,161.5,0.0,0.0,0.0,10,48.5,180.0,10,161.5,0.0,0.0,0.0,0.0,0.0,98
2023-05-11 13:30:16,OI401C9400,OI401C9400,161.5,0.0,0.0,0.0,1,81.0,180.0,10,161.5,0.0,0.0,0.0,0.0,0.0,98
2023-05-11 13:30:17,OI401C9400,OI401C9400,161.5,0.0,0.0,0.0,10,81.5,180.0,10,161.5,0.0,0.0,0.0,0.0,0.0,98
2023-05-11 13:30:35,OI401C9400,OI401C9400,161.5,0.0,0.0,0.0,11,81.0,180.0,10,161.5,0.0,0.0,0.0,0.0,0.0,98
2023-05-11 13:30:43,OI401C9400,OI401C9400,161.5,0.0,0.0,0.0,1,81.0,180.0,10,161.5,0.0,0.0,0.0,0.0,0.0,98
2023-05-11 13:31:33,OI401C9400,OI401C9400,161.5,0.0,0.0,0.0,2,81.5,180.0,10,161.5,0.0,0.0,0.0,0.0,0.0,98
2023-05-11 13:31:34,OI401C9400,OI401C9400,161.5,0.0,0.0,0.0,10,82.0,180.0,10,161.5,0.0,0.0,0.0,0.0,0.0,98
2023-05-11 13:31:36,OI401C9400,OI401C9400,161.5,0.0,0.0,0.0,2,82.5,180.0,10,161.5,0.0,0.0,0.0,0.0,0.0,98
2023-05-11 13:33:23,OI401C9400,OI401C9400,161.5,0.0,0.0,0.0,12,82.5,180.0,10,161.5,0.0,0.0,0.0,0.0,0.0,98
2023-05-11 13:33:38,OI401C9400,OI401C9400,161.5,0.0,0.0,0.0,2,82.5,180.0,10,161.5,0.0,0.0,0.0,0.0,0.0,98
2023-05-11 13:40:04,OI401C9400,OI401C9400,161.5,0.0,0.0,0.0,12,82.5,180.0,10,161.5,0.0,0.0,0.0,0.0,0.0,98
2023-05-11 13:40:06,OI401C9400,OI401C9400,161.5,0.0,0.0,0.0,2,82.5,180.0,10,161.5,0.0,0.0,0.0,0.0,0.0,98
2023-05-11 13:40:28,OI401C9400,OI401C9400,161.5,0.0,0.0,0.0,10,83.0,180.0,10,161.5,0.0,0.0,0.0,0.0,0.0,98
2023-05-11 13:40:28,OI401C9400,OI401C9400,161.5,0.0,0.0,0.0,2,83.5,180.0,10,161.5,0.0,0.0,0.0,0.0,0.0,98
2023-05-11 13:42:15,OI401C9400,OI401C9400,161.5,0.0,0.0,0.0,12,83.5,180.0,10,161.5,0.0,0.0,0.0,0.0,0.0,98
2023-05-11 13:44:17,OI401C9400,OI401C9400,161.5,0.0,0.0,0.0,12,83.5,130.0,1,161.5,0.0,0.0,0.0,0.0,0.0,98
2023-05-11 13:44:18,OI401C9400,OI401C9400,161.5,0.0,0.0,0.0,1,116.0,130.0,1,161.5,0.0,0.0,0.0,0.0,0.0,98
2023-05-11 13:44:27,OI401C9400,OI401C9400,161.5,0.0,0.0,0.0,1,116.0,129.5,1,161.5,0.0,0.0,0.0,0.0,0.0,98
2023-05-11 13:45:28,OI401C9400,OI401C9400,161.5,0.0,0.0,0.0,1,116.5,129.5,1,161.5,0.0,0.0,0.0,0.0,0.0,98
2023-05-11 13:45:32,OI401C9400,OI401C9400,161.5,0.0,0.0,0.0,1,117.0,129.5,1,161.5,0.0,0.0,0.0,0.0,0.0,98
2023-05-11 13:45:36,OI401C9400,OI401C9400,161.5,0.0,0.0,0.0,1,117.5,129.5,1,161.5,0.0,0.0,0.0,0.0,0.0,98
2023-05-11 13:46:02,OI401C9400,OI401C9400,161.5,0.0,0.0,0.0,1,118.0,129.5,1,161.5,0.0,0.0,0.0,0.0,0.0,98
2023-05-11 13:57:15,OI401C9400,OI401C9400,161.5,0.0,0.0,0.0,1,118.0,129.0,1,161.5,0.0,0.0,0.0,0.0,0.0,98
2023-05-11 13:57:21,OI401C9400,OI401C9400,161.5,0.0,0.0,0.0,1,118.0,128.5,1,161.5,0.0,0.0,0.0,0.0,0.0,98
2023-05-11 14:02:03,OI401C9400,OI401C9400,161.5,0.0,0.0,0.0,1,117.5,128.0,1,161.5,0.0,0.0,0.0,0.0,0.0,98
2023-05-11 14:03:03,OI401C9400,OI401C9400,161.5,0.0,0.0,0.0,1,114.0,128.0,1,161.5,0.0,0.0,0.0,0.0,0.0,98
2023-05-11 14:03:07,OI401C9400,OI401C9400,161.5,0.0,0.0,0.0,1,114.5,128.0,1,161.5,0.0,0.0,0.0,0.0,0.0,98
2023-05-11 14:03:09,OI401C9400,OI401C9400,161.5,0.0,0.0,0.0,1,115.0,128.0,1,161.5,0.0,0.0,0.0,0.0,0.0,98
2023-05-11 14:06:07,OI401C9400,OI401C9400,161.5,0.0,0.0,0.0,1,115.5,128.0,1,161.5,0.0,0.0,0.0,0.0,0.0,98
2023-05-11 14:10:02,OI401C9400,OI401C9400,161.5,0.0,0.0,0.0,1,116.0,128.0,1,161.5,0.0,0.0,0.0,0.0,0.0,98
2023-05-11 14:11:54,OI401C9400,OI401C9400,161.5,0.0,0.0,0.0,1,116.5,128.0,1,161.5,0.0,0.0,0.0,0.0,0.0,98
2023-05-11 14:22:23,OI401C9400,OI401C9400,161.5,0.0,0.0,0.0,1,116.5,127.5,1,161.5,0.0,0.0,0.0,0.0,0.0,98
2023-05-11 14:30:21,OI401C9400,OI401C9400,161.5,0.0,0.0,0.0,1,116.5,127.0,1,161.5,0.0,0.0,0.0,0.0,0.0,98
2023-05-11 14:30:27,OI401C9400,OI401C9400,161.5,0.0,0.0,0.0,1,116.0,126.5,1,161.5,0.0,0.0,0.0,0.0,0.0,98
2023-05-11 14:31:41,OI401C9400,OI401C9400,161.5,0.0,0.0,0.0,1,112.0,126.0,1,161.5,0.0,0.0,0.0,0.0,0.0,98
2023-05-11 14:31:42,OI401C9400,OI401C9400,161.5,0.0,0.0,0.0,1,112.5,126.0,1,161.5,0.0,0.0,0.0,0.0,0.0,98
2023-05-11 14:31:50,OI401C9400,OI401C9400,161.5,0.0,0.0,0.0,1,112.5,125.5,1,161.5,0.0,0.0,0.0,0.0,0.0,98
2023-05-11 14:32:04,OI401C9400,OI401C9400,161.5,0.0,0.0,0.0,1,113.0,125.5,1,161.5,0.0,0.0,0.0,0.0,0.0,98
2023-05-11 14:32:23,OI401C9400,OI401C9400,161.5,0.0,0.0,0.0,1,113.5,125.5,1,161.5,0.0,0.0,0.0,0.0,0.0,98
2023-05-11 14:34:32,OI401C9400,OI401C9400,161.5,0.0,0.0,0.0,1,113.5,125.0,1,161.5,0.0,0.0,0.0,0.0,0.0,98
2023-05-11 14:44:53,OI401C9400,OI401C9400,161.5,0.0,0.0,0.0,1,113.5,124.5,1,161.5,0.0,0.0,0.0,0.0,0.0,98
2023-05-11 14:48:23,OI401C9400,OI401C9400,161.5,0.0,0.0,0.0,1,113.5,124.0,1,161.5,0.0,0.0,0.0,0.0,0.0,98
2023-05-11 14:59:05,OI401C9400,OI401C9400,161.5,0.0,0.0,0.0,1,75.5,180.5,1,161.5,0.0,0.0,0.0,0.0,0.0,98
2023-05-11 14:59:10,OI401C9400,OI401C9400,161.5,0.0,0.0,0.0,2,82.0,180.5,1,161.5,0.0,0.0,0.0,0.0,0.0,98
2023-05-11 14:59:11,OI401C9400,OI401C9400,161.5,0.0,0.0,0.0,1,75.5,180.5,1,161.5,0.0,0.0,0.0,0.0,0.0,98
2023-05-11 14:59:12,OI401C9400,OI401C9400,161.5,0.0,0.0,0.0,2,88.5,180.5,1,161.5,0.0,0.0,0.0,0.0,0.0,98
2023-05-11 14:59:45,OI401C9400,OI401C9400,161.5,0.0,0.0,0.0,2,88.5,180.0,10,161.5,0.0,0.0,0.0,0.0,0.0,98
2023-05-11 14:59:54,OI401C9400,OI401C9400,161.5,0.0,0.0,0.0,2,88.5,180.5,1,161.5,0.0,0.0,0.0,0.0,0.0,98
