time,symbol_id,symbol_name,last,trade_volume,trade_amount,open_interest_change,bv1,bp1,ap1,av1,yesterday_close,today_open,today_high,today_low,volume,amount,open_interest
2023-05-09 20:59:00,pb2310,pb2310,15270.0,0.0,0.0,0.0,2,14910.0,15555.0,2,15270.0,15300.0,0.0,0.0,0.0,0.0,77
2023-05-09 21:00:01,pb2310,pb2310,15270.0,0.0,0.0,0.0,3,14915.0,15550.0,2,15270.0,15300.0,0.0,0.0,0.0,0.0,77
2023-05-09 21:00:01,pb2310,pb2310,15270.0,0.0,0.0,0.0,2,14920.0,15545.0,1,15270.0,15300.0,0.0,0.0,0.0,0.0,77
2023-05-09 21:00:02,pb2310,pb2310,15270.0,0.0,0.0,0.0,2,14920.0,15545.0,1,15270.0,15300.0,0.0,0.0,0.0,0.0,77
2023-05-09 21:00:02,pb2310,pb2310,15270.0,0.0,0.0,0.0,3,14920.0,15545.0,3,15270.0,15300.0,0.0,0.0,0.0,0.0,77
2023-05-09 21:00:03,pb2310,pb2310,15270.0,0.0,0.0,0.0,4,14925.0,15540.0,1,15270.0,15300.0,0.0,0.0,0.0,0.0,77
2023-05-09 21:00:03,pb2310,pb2310,15270.0,0.0,0.0,0.0,4,14925.0,15535.0,1,15270.0,15300.0,0.0,0.0,0.0,0.0,77
2023-05-09 21:00:04,pb2310,pb2310,15270.0,0.0,0.0,0.0,5,14925.0,15535.0,1,15270.0,15300.0,0.0,0.0,0.0,0.0,77
2023-05-09 21:00:04,pb2310,pb2310,15270.0,0.0,0.0,0.0,1,14935.0,15300.0,5,15270.0,15300.0,0.0,0.0,0.0,0.0,77
2023-05-09 21:00:05,pb2310,pb2310,15270.0,0.0,0.0,0.0,3,14940.0,15390.0,1,15270.0,15300.0,0.0,0.0,0.0,0.0,77
2023-05-09 21:00:05,pb2310,pb2310,15270.0,0.0,0.0,0.0,1,14950.0,15290.0,5,15270.0,15300.0,0.0,0.0,0.0,0.0,77
2023-05-09 21:00:06,pb2310,pb2310,15270.0,0.0,0.0,0.0,3,14955.0,15290.0,5,15270.0,15300.0,0.0,0.0,0.0,0.0,77
2023-05-09 21:00:06,pb2310,pb2310,15270.0,0.0,0.0,0.0,5,14955.0,15395.0,1,15270.0,15300.0,0.0,0.0,0.0,0.0,77
2023-05-09 21:00:07,pb2310,pb2310,15270.0,0.0,0.0,0.0,5,14955.0,15390.0,1,15270.0,15300.0,0.0,0.0,0.0,0.0,77
2023-05-09 21:00:07,pb2310,pb2310,15270.0,0.0,0.0,0.0,1,14965.0,15300.0,5,15270.0,15300.0,0.0,0.0,0.0,0.0,77
2023-05-09 21:00:08,pb2310,pb2310,15270.0,0.0,0.0,0.0,3,14970.0,15300.0,5,15270.0,15300.0,0.0,0.0,0.0,0.0,77
2023-05-09 21:00:08,pb2310,pb2310,15270.0,0.0,0.0,0.0,1,14980.0,15300.0,5,15270.0,15300.0,0.0,0.0,0.0,0.0,77
2023-05-09 21:00:09,pb2310,pb2310,15270.0,0.0,0.0,0.0,3,14985.0,15295.0,5,15270.0,15300.0,0.0,0.0,0.0,0.0,77
2023-05-09 21:00:09,pb2310,pb2310,15270.0,0.0,0.0,0.0,1,14995.0,15290.0,5,15270.0,15300.0,0.0,0.0,0.0,0.0,77
2023-05-09 21:00:10,pb2310,pb2310,15270.0,0.0,0.0,0.0,3,15000.0,15290.0,5,15270.0,15300.0,0.0,0.0,0.0,0.0,77
2023-05-09 21:00:10,pb2310,pb2310,15270.0,0.0,0.0,0.0,1,15010.0,15405.0,1,15270.0,15300.0,0.0,0.0,0.0,0.0,77
2023-05-09 21:00:11,pb2310,pb2310,15270.0,0.0,0.0,0.0,3,15015.0,15300.0,5,15270.0,15300.0,0.0,0.0,0.0,0.0,77
2023-05-09 21:00:11,pb2310,pb2310,15270.0,0.0,0.0,0.0,1,15025.0,15300.0,5,15270.0,15300.0,0.0,0.0,0.0,0.0,77
2023-05-09 21:00:12,pb2310,pb2310,15270.0,0.0,0.0,0.0,3,15030.0,15300.0,5,15270.0,15300.0,0.0,0.0,0.0,0.0,77
2023-05-09 21:00:12,pb2310,pb2310,15270.0,0.0,0.0,0.0,1,15040.0,15300.0,5,15270.0,15300.0,0.0,0.0,0.0,0.0,77
2023-05-09 21:00:13,pb2310,pb2310,15270.0,0.0,0.0,0.0,3,15045.0,15300.0,5,15270.0,15300.0,0.0,0.0,0.0,0.0,77
2023-05-09 21:00:13,pb2310,pb2310,15270.0,0.0,0.0,0.0,1,15055.0,15300.0,5,15270.0,15300.0,0.0,0.0,0.0,0.0,77
2023-05-09 21:00:14,pb2310,pb2310,15270.0,0.0,0.0,0.0,3,15060.0,15300.0,5,15270.0,15300.0,0.0,0.0,0.0,0.0,77
2023-05-09 21:00:14,pb2310,pb2310,15270.0,0.0,0.0,0.0,1,15070.0,15290.0,5,15270.0,15300.0,0.0,0.0,0.0,0.0,77
2023-05-09 21:00:15,pb2310,pb2310,15270.0,0.0,0.0,0.0,3,15075.0,15290.0,5,15270.0,15300.0,0.0,0.0,0.0,0.0,77
2023-05-09 21:00:15,pb2310,pb2310,15270.0,0.0,0.0,0.0,2,15080.0,15290.0,5,15270.0,15300.0,0.0,0.0,0.0,0.0,77
2023-05-09 21:00:16,pb2310,pb2310,15270.0,0.0,0.0,0.0,3,15085.0,15290.0,5,15270.0,15300.0,0.0,0.0,0.0,0.0,77
2023-05-09 21:00:17,pb2310,pb2310,15270.0,0.0,0.0,0.0,3,15085.0,15290.0,5,15270.0,15300.0,0.0,0.0,0.0,0.0,77
2023-05-09 21:00:17,pb2310,pb2310,15270.0,0.0,0.0,0.0,1,15090.0,15290.0,5,15270.0,15300.0,0.0,0.0,0.0,0.0,77
2023-05-09 21:00:18,pb2310,pb2310,15270.0,0.0,0.0,0.0,3,15095.0,15375.0,1,15270.0,15300.0,0.0,0.0,0.0,0.0,77
2023-05-09 21:00:18,pb2310,pb2310,15270.0,0.0,0.0,0.0,4,15095.0,15295.0,5,15270.0,15300.0,0.0,0.0,0.0,0.0,77
2023-05-09 21:00:19,pb2310,pb2310,15270.0,0.0,0.0,0.0,1,15100.0,15295.0,5,15270.0,15300.0,0.0,0.0,0.0,0.0,77
2023-05-09 21:00:19,pb2310,pb2310,15270.0,0.0,0.0,0.0,3,15105.0,15295.0,5,15270.0,15300.0,0.0,0.0,0.0,0.0,77
2023-05-09 21:00:21,pb2310,pb2310,15270.0,0.0,0.0,0.0,3,15105.0,15295.0,5,15270.0,15300.0,0.0,0.0,0.0,0.0,77
2023-05-09 21:00:22,pb2310,pb2310,15270.0,0.0,0.0,0.0,3,15110.0,15375.0,1,15270.0,15300.0,0.0,0.0,0.0,0.0,77
2023-05-09 21:00:22,pb2310,pb2310,15270.0,0.0,0.0,0.0,3,15115.0,15300.0,5,15270.0,15300.0,0.0,0.0,0.0,0.0,77
2023-05-09 21:00:23,pb2310,pb2310,15270.0,0.0,0.0,0.0,3,15115.0,15300.0,5,15270.0,15300.0,0.0,0.0,0.0,0.0,77
2023-05-09 21:00:24,pb2310,pb2310,15270.0,0.0,0.0,0.0,2,15120.0,15300.0,5,15270.0,15300.0,0.0,0.0,0.0,0.0,77
2023-05-09 21:00:24,pb2310,pb2310,15270.0,0.0,0.0,0.0,3,15125.0,15295.0,5,15270.0,15300.0,0.0,0.0,0.0,0.0,77
2023-05-09 21:00:25,pb2310,pb2310,15270.0,0.0,0.0,0.0,2,15130.0,15370.0,1,15270.0,15300.0,0.0,0.0,0.0,0.0,77
2023-05-09 21:00:25,pb2310,pb2310,15270.0,0.0,0.0,0.0,3,15135.0,15300.0,5,15270.0,15300.0,0.0,0.0,0.0,0.0,77
2023-05-09 21:00:26,pb2310,pb2310,15270.0,0.0,0.0,0.0,3,15135.0,15300.0,5,15270.0,15300.0,0.0,0.0,0.0,0.0,77
2023-05-09 21:00:27,pb2310,pb2310,15270.0,0.0,0.0,0.0,3,15135.0,15300.0,5,15270.0,15300.0,0.0,0.0,0.0,0.0,77
2023-05-09 21:00:28,pb2310,pb2310,15270.0,0.0,0.0,0.0,3,15140.0,15300.0,5,15270.0,15300.0,0.0,0.0,0.0,0.0,77
2023-05-09 21:00:28,pb2310,pb2310,15270.0,0.0,0.0,0.0,2,15145.0,15300.0,5,15270.0,15300.0,0.0,0.0,0.0,0.0,77
2023-05-09 21:00:29,pb2310,pb2310,15270.0,0.0,0.0,0.0,2,15145.0,15300.0,5,15270.0,15300.0,0.0,0.0,0.0,0.0,77
2023-05-09 21:00:30,pb2310,pb2310,15270.0,0.0,0.0,0.0,2,15145.0,15300.0,5,15270.0,15300.0,0.0,0.0,0.0,0.0,77
2023-05-09 21:00:31,pb2310,pb2310,15270.0,0.0,0.0,0.0,3,15150.0,15300.0,5,15270.0,15300.0,0.0,0.0,0.0,0.0,77
2023-05-09 21:00:31,pb2310,pb2310,15270.0,0.0,0.0,0.0,2,15155.0,15300.0,5,15270.0,15300.0,0.0,0.0,0.0,0.0,77
2023-05-09 21:00:32,pb2310,pb2310,15270.0,0.0,0.0,0.0,3,15155.0,15375.0,1,15270.0,15300.0,0.0,0.0,0.0,0.0,77
2023-05-09 21:00:32,pb2310,pb2310,15270.0,0.0,0.0,0.0,3,15155.0,15305.0,5,15270.0,15300.0,0.0,0.0,0.0,0.0,77
2023-05-09 21:00:33,pb2310,pb2310,15270.0,0.0,0.0,0.0,2,15160.0,15305.0,5,15270.0,15300.0,0.0,0.0,0.0,0.0,77
2023-05-09 21:00:33,pb2310,pb2310,15270.0,0.0,0.0,0.0,2,15165.0,15305.0,5,15270.0,15300.0,0.0,0.0,0.0,0.0,77
2023-05-09 21:00:34,pb2310,pb2310,15270.0,0.0,0.0,0.0,2,15165.0,15305.0,5,15270.0,15300.0,0.0,0.0,0.0,0.0,77
2023-05-09 21:00:35,pb2310,pb2310,15270.0,0.0,0.0,0.0,2,15165.0,15305.0,5,15270.0,15300.0,0.0,0.0,0.0,0.0,77
2023-05-09 21:00:35,pb2310,pb2310,15270.0,0.0,0.0,0.0,2,15170.0,15305.0,5,15270.0,15300.0,0.0,0.0,0.0,0.0,77
2023-05-09 21:00:36,pb2310,pb2310,15270.0,0.0,0.0,0.0,2,15175.0,15305.0,5,15270.0,15300.0,0.0,0.0,0.0,0.0,77
2023-05-09 21:00:37,pb2310,pb2310,15270.0,0.0,0.0,0.0,1,15180.0,15305.0,5,15270.0,15300.0,0.0,0.0,0.0,0.0,77
2023-05-09 21:00:37,pb2310,pb2310,15270.0,0.0,0.0,0.0,2,15185.0,15305.0,5,15270.0,15300.0,0.0,0.0,0.0,0.0,77
2023-05-09 21:00:38,pb2310,pb2310,15270.0,0.0,0.0,0.0,2,15185.0,15305.0,5,15270.0,15300.0,0.0,0.0,0.0,0.0,77
2023-05-09 21:00:39,pb2310,pb2310,15270.0,0.0,0.0,0.0,1,15190.0,15305.0,5,15270.0,15300.0,0.0,0.0,0.0,0.0,77
2023-05-09 21:00:39,pb2310,pb2310,15270.0,0.0,0.0,0.0,2,15195.0,15305.0,5,15270.0,15300.0,0.0,0.0,0.0,0.0,77
2023-05-09 21:00:45,pb2310,pb2310,15270.0,0.0,0.0,0.0,2,15195.0,15305.0,5,15270.0,15300.0,0.0,0.0,0.0,0.0,77
2023-05-09 21:00:45,pb2310,pb2310,15270.0,0.0,0.0,0.0,1,15200.0,15305.0,5,15270.0,15300.0,0.0,0.0,0.0,0.0,77
2023-05-09 21:00:46,pb2310,pb2310,15270.0,0.0,0.0,0.0,1,15205.0,15305.0,5,15270.0,15300.0,0.0,0.0,0.0,0.0,77
2023-05-09 21:00:47,pb2310,pb2310,15270.0,0.0,0.0,0.0,1,15210.0,15305.0,5,15270.0,15300.0,0.0,0.0,0.0,0.0,77
2023-05-09 21:00:48,pb2310,pb2310,15270.0,0.0,0.0,0.0,1,15215.0,15305.0,5,15270.0,15300.0,0.0,0.0,0.0,0.0,77
2023-05-09 21:00:48,pb2310,pb2310,15270.0,0.0,0.0,0.0,1,15215.0,15305.0,5,15270.0,15300.0,0.0,0.0,0.0,0.0,77
2023-05-09 21:00:49,pb2310,pb2310,15270.0,0.0,0.0,0.0,2,15220.0,15305.0,5,15270.0,15300.0,0.0,0.0,0.0,0.0,77
2023-05-09 21:00:49,pb2310,pb2310,15270.0,0.0,0.0,0.0,1,15225.0,15305.0,5,15270.0,15300.0,0.0,0.0,0.0,0.0,77
2023-05-09 21:00:53,pb2310,pb2310,15270.0,0.0,0.0,0.0,1,15225.0,15305.0,5,15270.0,15300.0,0.0,0.0,0.0,0.0,77
2023-05-09 21:00:54,pb2310,pb2310,15270.0,0.0,0.0,0.0,1,15230.0,15305.0,5,15270.0,15300.0,0.0,0.0,0.0,0.0,77
2023-05-09 21:00:54,pb2310,pb2310,15270.0,0.0,0.0,0.0,1,15235.0,15305.0,5,15270.0,15300.0,0.0,0.0,0.0,0.0,77
2023-05-09 21:00:58,pb2310,pb2310,15270.0,0.0,0.0,0.0,1,15235.0,15305.0,5,15270.0,15300.0,0.0,0.0,0.0,0.0,77
2023-05-09 21:00:59,pb2310,pb2310,15270.0,0.0,0.0,0.0,1,15235.0,15305.0,5,15270.0,15300.0,0.0,0.0,0.0,0.0,77
2023-05-09 21:01:00,pb2310,pb2310,15270.0,0.0,0.0,0.0,1,15235.0,15305.0,5,15270.0,15300.0,0.0,0.0,0.0,0.0,77
2023-05-09 21:01:01,pb2310,pb2310,15270.0,0.0,0.0,0.0,1,15235.0,15305.0,5,15270.0,15300.0,0.0,0.0,0.0,0.0,77
2023-05-09 21:01:01,pb2310,pb2310,15270.0,0.0,0.0,0.0,1,15235.0,15305.0,5,15270.0,15300.0,0.0,0.0,0.0,0.0,77
2023-05-09 21:01:03,pb2310,pb2310,15270.0,0.0,0.0,0.0,1,15235.0,15305.0,5,15270.0,15300.0,0.0,0.0,0.0,0.0,77
2023-05-09 21:01:03,pb2310,pb2310,15270.0,0.0,0.0,0.0,1,15235.0,15305.0,5,15270.0,15300.0,0.0,0.0,0.0,0.0,77
2023-05-09 21:01:04,pb2310,pb2310,15270.0,0.0,0.0,0.0,2,15240.0,15305.0,5,15270.0,15300.0,0.0,0.0,0.0,0.0,77
2023-05-09 21:01:04,pb2310,pb2310,15270.0,0.0,0.0,0.0,2,15240.0,15305.0,5,15270.0,15300.0,0.0,0.0,0.0,0.0,77
2023-05-09 21:01:10,pb2310,pb2310,15270.0,0.0,0.0,0.0,2,15240.0,15305.0,5,15270.0,15300.0,0.0,0.0,0.0,0.0,77
2023-05-09 21:01:11,pb2310,pb2310,15270.0,0.0,0.0,0.0,2,15240.0,15305.0,5,15270.0,15300.0,0.0,0.0,0.0,0.0,77
2023-05-09 21:01:11,pb2310,pb2310,15270.0,0.0,0.0,0.0,2,15240.0,15305.0,5,15270.0,15300.0,0.0,0.0,0.0,0.0,77
2023-05-09 21:01:12,pb2310,pb2310,15270.0,0.0,0.0,0.0,2,15240.0,15305.0,5,15270.0,15300.0,0.0,0.0,0.0,0.0,77
2023-05-09 21:01:13,pb2310,pb2310,15270.0,0.0,0.0,0.0,2,15240.0,15305.0,5,15270.0,15300.0,0.0,0.0,0.0,0.0,77
2023-05-09 21:01:13,pb2310,pb2310,15270.0,0.0,0.0,0.0,2,15240.0,15305.0,5,15270.0,15300.0,0.0,0.0,0.0,0.0,77
2023-05-09 21:01:14,pb2310,pb2310,15270.0,0.0,0.0,0.0,2,15240.0,15305.0,5,15270.0,15300.0,0.0,0.0,0.0,0.0,77
2023-05-09 21:01:14,pb2310,pb2310,15270.0,0.0,0.0,0.0,2,15240.0,15305.0,5,15270.0,15300.0,0.0,0.0,0.0,0.0,77
2023-05-09 21:01:15,pb2310,pb2310,15270.0,0.0,0.0,0.0,2,15240.0,15305.0,5,15270.0,15300.0,0.0,0.0,0.0,0.0,77
2023-05-09 21:01:15,pb2310,pb2310,15270.0,0.0,0.0,0.0,2,15240.0,15305.0,5,15270.0,15300.0,0.0,0.0,0.0,0.0,77
2023-05-09 21:01:16,pb2310,pb2310,15270.0,0.0,0.0,0.0,2,15240.0,15305.0,5,15270.0,15300.0,0.0,0.0,0.0,0.0,77
2023-05-09 21:01:16,pb2310,pb2310,15270.0,0.0,0.0,0.0,2,15240.0,15305.0,5,15270.0,15300.0,0.0,0.0,0.0,0.0,77
2023-05-09 21:01:17,pb2310,pb2310,15270.0,0.0,0.0,0.0,2,15240.0,15300.0,5,15270.0,15300.0,0.0,0.0,0.0,0.0,77
2023-05-09 21:01:18,pb2310,pb2310,15270.0,0.0,0.0,0.0,2,15240.0,15300.0,5,15270.0,15300.0,0.0,0.0,0.0,0.0,77
2023-05-09 21:01:21,pb2310,pb2310,15270.0,0.0,0.0,0.0,2,15240.0,15300.0,5,15270.0,15300.0,0.0,0.0,0.0,0.0,77
2023-05-09 21:01:21,pb2310,pb2310,15270.0,0.0,0.0,0.0,2,15240.0,15300.0,5,15270.0,15300.0,0.0,0.0,0.0,0.0,77
2023-05-09 21:01:24,pb2310,pb2310,15270.0,0.0,0.0,0.0,2,15240.0,15300.0,5,15270.0,15300.0,0.0,0.0,0.0,0.0,77
2023-05-09 21:01:24,pb2310,pb2310,15270.0,0.0,0.0,0.0,2,15240.0,15300.0,5,15270.0,15300.0,0.0,0.0,0.0,0.0,77
2023-05-09 21:01:31,pb2310,pb2310,15270.0,0.0,0.0,0.0,2,15240.0,15300.0,5,15270.0,15300.0,0.0,0.0,0.0,0.0,77
2023-05-09 21:01:31,pb2310,pb2310,15270.0,0.0,0.0,0.0,2,15240.0,15300.0,5,15270.0,15300.0,0.0,0.0,0.0,0.0,77
2023-05-09 21:01:34,pb2310,pb2310,15270.0,0.0,0.0,0.0,2,15240.0,15300.0,5,15270.0,15300.0,0.0,0.0,0.0,0.0,77
2023-05-09 21:01:35,pb2310,pb2310,15270.0,0.0,0.0,0.0,1,15250.0,15300.0,5,15270.0,15300.0,0.0,0.0,0.0,0.0,77
2023-05-09 21:02:13,pb2310,pb2310,15270.0,0.0,0.0,0.0,1,15250.0,15300.0,5,15270.0,15300.0,0.0,0.0,0.0,0.0,77
2023-05-09 21:02:17,pb2310,pb2310,15270.0,0.0,0.0,0.0,1,15250.0,15300.0,5,15270.0,15300.0,0.0,0.0,0.0,0.0,77
2023-05-09 21:02:18,pb2310,pb2310,15270.0,0.0,0.0,0.0,1,15250.0,15300.0,5,15270.0,15300.0,0.0,0.0,0.0,0.0,77
2023-05-09 21:02:21,pb2310,pb2310,15270.0,0.0,0.0,0.0,1,15250.0,15300.0,5,15270.0,15300.0,0.0,0.0,0.0,0.0,77
2023-05-09 21:02:22,pb2310,pb2310,15270.0,0.0,0.0,0.0,1,15250.0,15300.0,5,15270.0,15300.0,0.0,0.0,0.0,0.0,77
2023-05-09 21:02:22,pb2310,pb2310,15270.0,0.0,0.0,0.0,1,15250.0,15300.0,5,15270.0,15300.0,0.0,0.0,0.0,0.0,77
2023-05-09 21:02:24,pb2310,pb2310,15270.0,0.0,0.0,0.0,1,15250.0,15300.0,5,15270.0,15300.0,0.0,0.0,0.0,0.0,77
2023-05-09 21:02:24,pb2310,pb2310,15270.0,0.0,0.0,0.0,1,15250.0,15300.0,5,15270.0,15300.0,0.0,0.0,0.0,0.0,77
2023-05-09 21:02:30,pb2310,pb2310,15270.0,0.0,0.0,0.0,1,15250.0,15300.0,5,15270.0,15300.0,0.0,0.0,0.0,0.0,77
2023-05-09 21:02:31,pb2310,pb2310,15270.0,0.0,0.0,0.0,1,15250.0,15300.0,5,15270.0,15300.0,0.0,0.0,0.0,0.0,77
2023-05-09 21:02:34,pb2310,pb2310,15270.0,0.0,0.0,0.0,2,15255.0,15300.0,5,15270.0,15300.0,0.0,0.0,0.0,0.0,77
2023-05-09 21:03:01,pb2310,pb2310,15270.0,0.0,0.0,0.0,2,15255.0,15295.0,2,15270.0,15300.0,0.0,0.0,0.0,0.0,77
2023-05-09 21:05:00,pb2310,pb2310,15270.0,0.0,0.0,0.0,2,15255.0,15300.0,5,15270.0,15300.0,0.0,0.0,0.0,0.0,77
2023-05-09 21:05:05,pb2310,pb2310,15270.0,0.0,0.0,0.0,2,15255.0,15375.0,1,15270.0,15300.0,0.0,0.0,0.0,0.0,77
2023-05-09 21:05:05,pb2310,pb2310,15270.0,0.0,0.0,0.0,2,15255.0,15305.0,5,15270.0,15300.0,0.0,0.0,0.0,0.0,77
2023-05-09 21:05:06,pb2310,pb2310,15270.0,0.0,0.0,0.0,2,15255.0,15305.0,5,15270.0,15300.0,0.0,0.0,0.0,0.0,77
2023-05-09 21:05:06,pb2310,pb2310,15270.0,0.0,0.0,0.0,2,15255.0,15305.0,5,15270.0,15300.0,0.0,0.0,0.0,0.0,77
2023-05-09 21:05:07,pb2310,pb2310,15270.0,0.0,0.0,0.0,2,15255.0,15305.0,5,15270.0,15300.0,0.0,0.0,0.0,0.0,77
2023-05-09 21:05:09,pb2310,pb2310,15270.0,0.0,0.0,0.0,2,15255.0,15305.0,5,15270.0,15300.0,0.0,0.0,0.0,0.0,77
2023-05-09 21:05:11,pb2310,pb2310,15270.0,0.0,0.0,0.0,2,15255.0,15305.0,5,15270.0,15300.0,0.0,0.0,0.0,0.0,77
2023-05-09 21:05:12,pb2310,pb2310,15270.0,0.0,0.0,0.0,2,15255.0,15305.0,5,15270.0,15300.0,0.0,0.0,0.0,0.0,77
2023-05-09 21:05:14,pb2310,pb2310,15270.0,0.0,0.0,0.0,2,15255.0,15305.0,5,15270.0,15300.0,0.0,0.0,0.0,0.0,77
2023-05-09 21:05:15,pb2310,pb2310,15270.0,0.0,0.0,0.0,2,15255.0,15300.0,5,15270.0,15300.0,0.0,0.0,0.0,0.0,77
2023-05-09 21:05:34,pb2310,pb2310,15270.0,0.0,0.0,0.0,2,15255.0,15370.0,2,15270.0,15300.0,0.0,0.0,0.0,0.0,77
2023-05-09 21:05:35,pb2310,pb2310,15270.0,0.0,0.0,0.0,2,15255.0,15305.0,5,15270.0,15300.0,0.0,0.0,0.0,0.0,77
2023-05-09 21:05:35,pb2310,pb2310,15270.0,0.0,0.0,0.0,2,15255.0,15305.0,5,15270.0,15300.0,0.0,0.0,0.0,0.0,77
2023-05-09 21:05:38,pb2310,pb2310,15270.0,0.0,0.0,0.0,2,15255.0,15305.0,5,15270.0,15300.0,0.0,0.0,0.0,0.0,77
2023-05-09 21:05:52,pb2310,pb2310,15270.0,0.0,0.0,0.0,2,15255.0,15300.0,5,15270.0,15300.0,0.0,0.0,0.0,0.0,77
2023-05-09 21:05:52,pb2310,pb2310,15270.0,0.0,0.0,0.0,2,15255.0,15300.0,5,15270.0,15300.0,0.0,0.0,0.0,0.0,77
2023-05-09 21:05:53,pb2310,pb2310,15270.0,0.0,0.0,0.0,2,15255.0,15370.0,2,15270.0,15300.0,0.0,0.0,0.0,0.0,77
2023-05-09 21:05:54,pb2310,pb2310,15270.0,0.0,0.0,0.0,2,15255.0,15305.0,5,15270.0,15300.0,0.0,0.0,0.0,0.0,77
2023-05-09 21:05:54,pb2310,pb2310,15270.0,0.0,0.0,0.0,2,15255.0,15305.0,5,15270.0,15300.0,0.0,0.0,0.0,0.0,77
2023-05-09 21:07:35,pb2310,pb2310,15270.0,0.0,0.0,0.0,1,15250.0,15305.0,5,15270.0,15300.0,0.0,0.0,0.0,0.0,77
2023-05-09 21:07:36,pb2310,pb2310,15270.0,0.0,0.0,0.0,1,15255.0,15305.0,5,15270.0,15300.0,0.0,0.0,0.0,0.0,77
2023-05-09 21:07:49,pb2310,pb2310,15270.0,0.0,0.0,0.0,1,15250.0,15305.0,5,15270.0,15300.0,0.0,0.0,0.0,0.0,77
2023-05-09 21:07:49,pb2310,pb2310,15270.0,0.0,0.0,0.0,1,15255.0,15305.0,5,15270.0,15300.0,0.0,0.0,0.0,0.0,77
2023-05-09 21:07:52,pb2310,pb2310,15270.0,0.0,0.0,0.0,1,15250.0,15305.0,5,15270.0,15300.0,0.0,0.0,0.0,0.0,77
2023-05-09 21:07:56,pb2310,pb2310,15270.0,0.0,0.0,0.0,1,15250.0,15305.0,5,15270.0,15300.0,0.0,0.0,0.0,0.0,77
2023-05-09 21:07:56,pb2310,pb2310,15270.0,0.0,0.0,0.0,1,15250.0,15305.0,5,15270.0,15300.0,0.0,0.0,0.0,0.0,77
2023-05-09 21:07:57,pb2310,pb2310,15270.0,0.0,0.0,0.0,1,15250.0,15305.0,5,15270.0,15300.0,0.0,0.0,0.0,0.0,77
2023-05-09 21:07:57,pb2310,pb2310,15270.0,0.0,0.0,0.0,1,15250.0,15305.0,5,15270.0,15300.0,0.0,0.0,0.0,0.0,77
2023-05-09 21:07:59,pb2310,pb2310,15270.0,0.0,0.0,0.0,1,15255.0,15305.0,5,15270.0,15300.0,0.0,0.0,0.0,0.0,77
2023-05-09 21:08:05,pb2310,pb2310,15270.0,0.0,0.0,0.0,1,15250.0,15305.0,5,15270.0,15300.0,0.0,0.0,0.0,0.0,77
2023-05-09 21:08:07,pb2310,pb2310,15270.0,0.0,0.0,0.0,1,15250.0,15305.0,5,15270.0,15300.0,0.0,0.0,0.0,0.0,77
2023-05-09 21:08:08,pb2310,pb2310,15270.0,0.0,0.0,0.0,1,15250.0,15305.0,5,15270.0,15300.0,0.0,0.0,0.0,0.0,77
2023-05-09 21:08:09,pb2310,pb2310,15270.0,0.0,0.0,0.0,1,15250.0,15305.0,5,15270.0,15300.0,0.0,0.0,0.0,0.0,77
2023-05-09 21:08:10,pb2310,pb2310,15270.0,0.0,0.0,0.0,1,15250.0,15305.0,5,15270.0,15300.0,0.0,0.0,0.0,0.0,77
2023-05-09 21:08:12,pb2310,pb2310,15270.0,0.0,0.0,0.0,1,15255.0,15305.0,5,15270.0,15300.0,0.0,0.0,0.0,0.0,77
2023-05-09 21:08:16,pb2310,pb2310,15270.0,0.0,0.0,0.0,2,15260.0,15305.0,5,15270.0,15300.0,0.0,0.0,0.0,0.0,77
2023-05-09 21:08:19,pb2310,pb2310,15270.0,0.0,0.0,0.0,2,15260.0,15305.0,5,15270.0,15300.0,0.0,0.0,0.0,0.0,77
2023-05-09 21:11:27,pb2310,pb2310,15270.0,0.0,0.0,0.0,2,15260.0,15300.0,5,15270.0,15300.0,0.0,0.0,0.0,0.0,77
2023-05-09 21:11:29,pb2310,pb2310,15270.0,0.0,0.0,0.0,2,15260.0,15370.0,2,15270.0,15300.0,0.0,0.0,0.0,0.0,77
2023-05-09 21:11:29,pb2310,pb2310,15270.0,0.0,0.0,0.0,2,15260.0,15305.0,5,15270.0,15300.0,0.0,0.0,0.0,0.0,77
2023-05-09 21:11:30,pb2310,pb2310,15270.0,0.0,0.0,0.0,2,15260.0,15305.0,5,15270.0,15300.0,0.0,0.0,0.0,0.0,77
2023-05-09 21:11:34,pb2310,pb2310,15270.0,0.0,0.0,0.0,2,15260.0,15305.0,5,15270.0,15300.0,0.0,0.0,0.0,0.0,77
2023-05-09 21:13:15,pb2310,pb2310,15270.0,0.0,0.0,0.0,1,15250.0,15305.0,5,15270.0,15300.0,0.0,0.0,0.0,0.0,77
2023-05-09 21:13:15,pb2310,pb2310,15270.0,0.0,0.0,0.0,1,15250.0,15305.0,5,15270.0,15300.0,0.0,0.0,0.0,0.0,77
2023-05-09 21:13:16,pb2310,pb2310,15270.0,0.0,0.0,0.0,1,15250.0,15305.0,5,15270.0,15300.0,0.0,0.0,0.0,0.0,77
2023-05-09 21:13:18,pb2310,pb2310,15270.0,0.0,0.0,0.0,1,15255.0,15305.0,5,15270.0,15300.0,0.0,0.0,0.0,0.0,77
2023-05-09 21:13:19,pb2310,pb2310,15270.0,0.0,0.0,0.0,3,15255.0,15305.0,5,15270.0,15300.0,0.0,0.0,0.0,0.0,77
2023-05-09 21:13:30,pb2310,pb2310,15270.0,0.0,0.0,0.0,2,15255.0,15305.0,5,15270.0,15300.0,0.0,0.0,0.0,0.0,77
2023-05-09 21:13:40,pb2310,pb2310,15270.0,0.0,0.0,0.0,2,15255.0,15305.0,5,15270.0,15300.0,0.0,0.0,0.0,0.0,77
2023-05-09 21:13:47,pb2310,pb2310,15270.0,0.0,0.0,0.0,2,15255.0,15305.0,5,15270.0,15300.0,0.0,0.0,0.0,0.0,77
2023-05-09 21:13:48,pb2310,pb2310,15270.0,0.0,0.0,0.0,2,15255.0,15305.0,5,15270.0,15300.0,0.0,0.0,0.0,0.0,77
2023-05-09 21:13:54,pb2310,pb2310,15270.0,0.0,0.0,0.0,2,15255.0,15305.0,5,15270.0,15300.0,0.0,0.0,0.0,0.0,77
2023-05-09 21:13:54,pb2310,pb2310,15270.0,0.0,0.0,0.0,2,15255.0,15305.0,5,15270.0,15300.0,0.0,0.0,0.0,0.0,77
2023-05-09 21:14:04,pb2310,pb2310,15270.0,0.0,0.0,0.0,2,15255.0,15305.0,5,15270.0,15300.0,0.0,0.0,0.0,0.0,77
2023-05-09 21:14:05,pb2310,pb2310,15270.0,0.0,0.0,0.0,2,15255.0,15305.0,5,15270.0,15300.0,0.0,0.0,0.0,0.0,77
2023-05-09 21:14:06,pb2310,pb2310,15270.0,0.0,0.0,0.0,2,15255.0,15300.0,5,15270.0,15300.0,0.0,0.0,0.0,0.0,77
2023-05-09 21:14:11,pb2310,pb2310,15270.0,0.0,0.0,0.0,2,15255.0,15300.0,5,15270.0,15300.0,0.0,0.0,0.0,0.0,77
2023-05-09 21:14:12,pb2310,pb2310,15270.0,0.0,0.0,0.0,2,15255.0,15300.0,5,15270.0,15300.0,0.0,0.0,0.0,0.0,77
2023-05-09 21:14:17,pb2310,pb2310,15270.0,0.0,0.0,0.0,2,15255.0,15300.0,5,15270.0,15300.0,0.0,0.0,0.0,0.0,77
2023-05-09 21:14:18,pb2310,pb2310,15270.0,0.0,0.0,0.0,2,15255.0,15300.0,5,15270.0,15300.0,0.0,0.0,0.0,0.0,77
2023-05-09 21:14:20,pb2310,pb2310,15270.0,0.0,0.0,0.0,2,15255.0,15300.0,5,15270.0,15300.0,0.0,0.0,0.0,0.0,77
2023-05-09 21:14:20,pb2310,pb2310,15270.0,0.0,0.0,0.0,2,15255.0,15300.0,5,15270.0,15300.0,0.0,0.0,0.0,0.0,77
2023-05-09 21:14:30,pb2310,pb2310,15270.0,0.0,0.0,0.0,2,15255.0,15300.0,5,15270.0,15300.0,0.0,0.0,0.0,0.0,77
2023-05-09 21:14:31,pb2310,pb2310,15270.0,0.0,0.0,0.0,2,15255.0,15300.0,5,15270.0,15300.0,0.0,0.0,0.0,0.0,77
2023-05-09 21:14:38,pb2310,pb2310,15270.0,0.0,0.0,0.0,2,15255.0,15300.0,5,15270.0,15300.0,0.0,0.0,0.0,0.0,77
2023-05-09 21:14:38,pb2310,pb2310,15270.0,0.0,0.0,0.0,2,15255.0,15300.0,5,15270.0,15300.0,0.0,0.0,0.0,0.0,77
2023-05-09 21:14:40,pb2310,pb2310,15270.0,0.0,0.0,0.0,2,15255.0,15300.0,5,15270.0,15300.0,0.0,0.0,0.0,0.0,77
2023-05-09 21:14:41,pb2310,pb2310,15270.0,0.0,0.0,0.0,2,15255.0,15300.0,5,15270.0,15300.0,0.0,0.0,0.0,0.0,77
2023-05-09 21:14:45,pb2310,pb2310,15270.0,0.0,0.0,0.0,2,15255.0,15300.0,5,15270.0,15300.0,0.0,0.0,0.0,0.0,77
2023-05-09 21:14:46,pb2310,pb2310,15270.0,0.0,0.0,0.0,2,15255.0,15300.0,5,15270.0,15300.0,0.0,0.0,0.0,0.0,77
2023-05-09 21:14:55,pb2310,pb2310,15270.0,0.0,0.0,0.0,2,15255.0,15300.0,5,15270.0,15300.0,0.0,0.0,0.0,0.0,77
2023-05-09 21:14:55,pb2310,pb2310,15270.0,0.0,0.0,0.0,2,15255.0,15300.0,5,15270.0,15300.0,0.0,0.0,0.0,0.0,77
2023-05-09 21:14:58,pb2310,pb2310,15270.0,0.0,0.0,0.0,2,15255.0,15300.0,5,15270.0,15300.0,0.0,0.0,0.0,0.0,77
2023-05-09 21:14:59,pb2310,pb2310,15270.0,0.0,0.0,0.0,2,15255.0,15300.0,5,15270.0,15300.0,0.0,0.0,0.0,0.0,77
2023-05-09 21:14:59,pb2310,pb2310,15270.0,0.0,0.0,0.0,2,15255.0,15300.0,5,15270.0,15300.0,0.0,0.0,0.0,0.0,77
2023-05-09 21:15:00,pb2310,pb2310,15270.0,0.0,0.0,0.0,2,15255.0,15300.0,5,15270.0,15300.0,0.0,0.0,0.0,0.0,77
2023-05-09 21:15:25,pb2310,pb2310,15270.0,0.0,0.0,0.0,2,15255.0,15300.0,5,15270.0,15300.0,0.0,0.0,0.0,0.0,77
2023-05-09 21:15:25,pb2310,pb2310,15270.0,0.0,0.0,0.0,2,15255.0,15300.0,5,15270.0,15300.0,0.0,0.0,0.0,0.0,77
2023-05-09 21:15:37,pb2310,pb2310,15270.0,0.0,0.0,0.0,2,15255.0,15300.0,5,15270.0,15300.0,0.0,0.0,0.0,0.0,77
2023-05-09 21:15:37,pb2310,pb2310,15270.0,0.0,0.0,0.0,2,15255.0,15300.0,5,15270.0,15300.0,0.0,0.0,0.0,0.0,77
2023-05-09 21:16:02,pb2310,pb2310,15270.0,0.0,0.0,0.0,2,15255.0,15300.0,5,15270.0,15300.0,0.0,0.0,0.0,0.0,77
2023-05-09 21:16:03,pb2310,pb2310,15270.0,0.0,0.0,0.0,2,15255.0,15300.0,5,15270.0,15300.0,0.0,0.0,0.0,0.0,77
2023-05-09 21:16:47,pb2310,pb2310,15270.0,0.0,0.0,0.0,2,15255.0,15300.0,5,15270.0,15300.0,0.0,0.0,0.0,0.0,77
2023-05-09 21:16:47,pb2310,pb2310,15270.0,0.0,0.0,0.0,2,15255.0,15300.0,5,15270.0,15300.0,0.0,0.0,0.0,0.0,77
2023-05-09 21:16:52,pb2310,pb2310,15270.0,0.0,0.0,0.0,1,15260.0,15300.0,5,15270.0,15300.0,0.0,0.0,0.0,0.0,77
2023-05-09 21:16:52,pb2310,pb2310,15270.0,0.0,0.0,0.0,1,15260.0,15300.0,5,15270.0,15300.0,0.0,0.0,0.0,0.0,77
2023-05-09 21:16:58,pb2310,pb2310,15270.0,0.0,0.0,0.0,2,15255.0,15300.0,5,15270.0,15300.0,0.0,0.0,0.0,0.0,77
2023-05-09 21:16:59,pb2310,pb2310,15270.0,0.0,0.0,0.0,1,15260.0,15300.0,5,15270.0,15300.0,0.0,0.0,0.0,0.0,77
2023-05-09 21:17:03,pb2310,pb2310,15270.0,0.0,0.0,0.0,2,15255.0,15300.0,5,15270.0,15300.0,0.0,0.0,0.0,0.0,77
2023-05-09 21:17:03,pb2310,pb2310,15270.0,0.0,0.0,0.0,1,15260.0,15300.0,5,15270.0,15300.0,0.0,0.0,0.0,0.0,77
2023-05-09 21:17:07,pb2310,pb2310,15270.0,0.0,0.0,0.0,2,15255.0,15300.0,5,15270.0,15300.0,0.0,0.0,0.0,0.0,77
2023-05-09 21:17:07,pb2310,pb2310,15270.0,0.0,0.0,0.0,1,15260.0,15300.0,5,15270.0,15300.0,0.0,0.0,0.0,0.0,77
2023-05-09 21:17:13,pb2310,pb2310,15270.0,0.0,0.0,0.0,2,15255.0,15300.0,5,15270.0,15300.0,0.0,0.0,0.0,0.0,77
2023-05-09 21:17:14,pb2310,pb2310,15270.0,0.0,0.0,0.0,1,15260.0,15300.0,5,15270.0,15300.0,0.0,0.0,0.0,0.0,77
2023-05-09 21:17:16,pb2310,pb2310,15270.0,0.0,0.0,0.0,2,15255.0,15300.0,5,15270.0,15300.0,0.0,0.0,0.0,0.0,77
2023-05-09 21:17:17,pb2310,pb2310,15270.0,0.0,0.0,0.0,1,15260.0,15300.0,5,15270.0,15300.0,0.0,0.0,0.0,0.0,77
2023-05-09 21:17:23,pb2310,pb2310,15270.0,0.0,0.0,0.0,2,15255.0,15300.0,5,15270.0,15300.0,0.0,0.0,0.0,0.0,77
2023-05-09 21:17:27,pb2310,pb2310,15270.0,0.0,0.0,0.0,1,15260.0,15300.0,5,15270.0,15300.0,0.0,0.0,0.0,0.0,77
2023-05-09 21:17:34,pb2310,pb2310,15270.0,0.0,0.0,0.0,2,15255.0,15300.0,5,15270.0,15300.0,0.0,0.0,0.0,0.0,77
2023-05-09 21:17:35,pb2310,pb2310,15270.0,0.0,0.0,0.0,1,15260.0,15300.0,5,15270.0,15300.0,0.0,0.0,0.0,0.0,77
2023-05-09 21:17:41,pb2310,pb2310,15270.0,0.0,0.0,0.0,2,15255.0,15300.0,5,15270.0,15300.0,0.0,0.0,0.0,0.0,77
2023-05-09 21:17:41,pb2310,pb2310,15270.0,0.0,0.0,0.0,1,15260.0,15300.0,5,15270.0,15300.0,0.0,0.0,0.0,0.0,77
2023-05-09 21:17:47,pb2310,pb2310,15270.0,0.0,0.0,0.0,2,15255.0,15300.0,5,15270.0,15300.0,0.0,0.0,0.0,0.0,77
2023-05-09 21:17:48,pb2310,pb2310,15270.0,0.0,0.0,0.0,1,15260.0,15300.0,5,15270.0,15300.0,0.0,0.0,0.0,0.0,77
2023-05-09 21:17:53,pb2310,pb2310,15270.0,0.0,0.0,0.0,2,15255.0,15300.0,5,15270.0,15300.0,0.0,0.0,0.0,0.0,77
2023-05-09 21:17:55,pb2310,pb2310,15270.0,0.0,0.0,0.0,2,15255.0,15300.0,5,15270.0,15300.0,0.0,0.0,0.0,0.0,77
2023-05-09 21:17:55,pb2310,pb2310,15270.0,0.0,0.0,0.0,2,15255.0,15300.0,5,15270.0,15300.0,0.0,0.0,0.0,0.0,77
2023-05-09 21:17:57,pb2310,pb2310,15270.0,0.0,0.0,0.0,1,15260.0,15300.0,5,15270.0,15300.0,0.0,0.0,0.0,0.0,77
2023-05-09 21:18:03,pb2310,pb2310,15270.0,0.0,0.0,0.0,2,15255.0,15300.0,5,15270.0,15300.0,0.0,0.0,0.0,0.0,77
2023-05-09 21:18:04,pb2310,pb2310,15270.0,0.0,0.0,0.0,1,15260.0,15300.0,5,15270.0,15300.0,0.0,0.0,0.0,0.0,77
2023-05-09 21:18:10,pb2310,pb2310,15270.0,0.0,0.0,0.0,2,15255.0,15300.0,5,15270.0,15300.0,0.0,0.0,0.0,0.0,77
2023-05-09 21:18:10,pb2310,pb2310,15270.0,0.0,0.0,0.0,1,15260.0,15300.0,5,15270.0,15300.0,0.0,0.0,0.0,0.0,77
2023-05-09 21:18:16,pb2310,pb2310,15270.0,0.0,0.0,0.0,2,15255.0,15300.0,5,15270.0,15300.0,0.0,0.0,0.0,0.0,77
2023-05-09 21:18:17,pb2310,pb2310,15270.0,0.0,0.0,0.0,1,15260.0,15300.0,5,15270.0,15300.0,0.0,0.0,0.0,0.0,77
2023-05-09 21:18:18,pb2310,pb2310,15270.0,0.0,0.0,0.0,1,15260.0,15300.0,5,15270.0,15300.0,0.0,0.0,0.0,0.0,77
2023-05-09 21:18:22,pb2310,pb2310,15270.0,0.0,0.0,0.0,2,15265.0,15300.0,5,15270.0,15300.0,0.0,0.0,0.0,0.0,77
2023-05-09 21:18:29,pb2310,pb2310,15270.0,0.0,0.0,0.0,2,15265.0,15300.0,5,15270.0,15300.0,0.0,0.0,0.0,0.0,77
2023-05-09 21:18:33,pb2310,pb2310,15270.0,0.0,0.0,0.0,2,15265.0,15300.0,5,15270.0,15300.0,0.0,0.0,0.0,0.0,77
2023-05-09 21:18:33,pb2310,pb2310,15270.0,0.0,0.0,0.0,2,15265.0,15300.0,5,15270.0,15300.0,0.0,0.0,0.0,0.0,77
2023-05-09 21:18:34,pb2310,pb2310,15270.0,0.0,0.0,0.0,2,15265.0,15300.0,5,15270.0,15300.0,0.0,0.0,0.0,0.0,77
2023-05-09 21:18:34,pb2310,pb2310,15270.0,0.0,0.0,0.0,2,15265.0,15300.0,5,15270.0,15300.0,0.0,0.0,0.0,0.0,77
2023-05-09 21:19:06,pb2310,pb2310,15270.0,0.0,0.0,0.0,2,15265.0,15300.0,5,15270.0,15300.0,0.0,0.0,0.0,0.0,77
2023-05-09 21:19:07,pb2310,pb2310,15270.0,0.0,0.0,0.0,2,15265.0,15300.0,5,15270.0,15300.0,0.0,0.0,0.0,0.0,77
2023-05-09 21:19:41,pb2310,pb2310,15270.0,0.0,0.0,0.0,2,15265.0,15300.0,5,15270.0,15300.0,0.0,0.0,0.0,0.0,77
2023-05-09 21:19:41,pb2310,pb2310,15270.0,0.0,0.0,0.0,2,15265.0,15300.0,5,15270.0,15300.0,0.0,0.0,0.0,0.0,77
2023-05-09 21:20:20,pb2310,pb2310,15270.0,0.0,0.0,0.0,2,15265.0,15300.0,5,15270.0,15300.0,0.0,0.0,0.0,0.0,77
2023-05-09 21:20:20,pb2310,pb2310,15270.0,0.0,0.0,0.0,2,15265.0,15300.0,5,15270.0,15300.0,0.0,0.0,0.0,0.0,77
2023-05-09 21:20:47,pb2310,pb2310,15270.0,0.0,0.0,0.0,2,15265.0,15300.0,5,15270.0,15300.0,0.0,0.0,0.0,0.0,77
2023-05-09 21:20:48,pb2310,pb2310,15270.0,0.0,0.0,0.0,2,15265.0,15300.0,5,15270.0,15300.0,0.0,0.0,0.0,0.0,77
2023-05-09 21:21:54,pb2310,pb2310,15270.0,0.0,0.0,0.0,2,15265.0,15370.0,2,15270.0,15300.0,0.0,0.0,0.0,0.0,77
2023-05-09 21:21:55,pb2310,pb2310,15270.0,0.0,0.0,0.0,2,15265.0,15295.0,5,15270.0,15300.0,0.0,0.0,0.0,0.0,77
2023-05-09 21:21:55,pb2310,pb2310,15270.0,0.0,0.0,0.0,2,15265.0,15295.0,5,15270.0,15300.0,0.0,0.0,0.0,0.0,77
2023-05-09 21:21:58,pb2310,pb2310,15270.0,0.0,0.0,0.0,2,15265.0,15370.0,2,15270.0,15300.0,0.0,0.0,0.0,0.0,77
2023-05-09 21:21:58,pb2310,pb2310,15270.0,0.0,0.0,0.0,2,15265.0,15300.0,5,15270.0,15300.0,0.0,0.0,0.0,0.0,77
2023-05-09 21:21:59,pb2310,pb2310,15270.0,0.0,0.0,0.0,2,15265.0,15300.0,5,15270.0,15300.0,0.0,0.0,0.0,0.0,77
2023-05-09 21:22:25,pb2310,pb2310,15270.0,0.0,0.0,0.0,2,15265.0,15370.0,3,15270.0,15300.0,0.0,0.0,0.0,0.0,77
2023-05-09 21:22:25,pb2310,pb2310,15270.0,0.0,0.0,0.0,2,15265.0,15295.0,5,15270.0,15300.0,0.0,0.0,0.0,0.0,77
2023-05-09 21:22:26,pb2310,pb2310,15270.0,0.0,0.0,0.0,2,15265.0,15295.0,5,15270.0,15300.0,0.0,0.0,0.0,0.0,77
2023-05-09 21:22:28,pb2310,pb2310,15270.0,0.0,0.0,0.0,2,15265.0,15295.0,5,15270.0,15300.0,0.0,0.0,0.0,0.0,77
2023-05-09 21:22:32,pb2310,pb2310,15270.0,0.0,0.0,0.0,2,15265.0,15295.0,5,15270.0,15300.0,0.0,0.0,0.0,0.0,77
2023-05-09 21:22:38,pb2310,pb2310,15270.0,0.0,0.0,0.0,2,15265.0,15290.0,5,15270.0,15300.0,0.0,0.0,0.0,0.0,77
2023-05-09 21:22:39,pb2310,pb2310,15270.0,0.0,0.0,0.0,2,15265.0,15290.0,5,15270.0,15300.0,0.0,0.0,0.0,0.0,77
2023-05-09 21:22:46,pb2310,pb2310,15270.0,0.0,0.0,0.0,2,15265.0,15290.0,5,15270.0,15300.0,0.0,0.0,0.0,0.0,77
2023-05-09 21:22:46,pb2310,pb2310,15270.0,0.0,0.0,0.0,2,15265.0,15290.0,5,15270.0,15300.0,0.0,0.0,0.0,0.0,77
2023-05-09 21:23:08,pb2310,pb2310,15270.0,0.0,0.0,0.0,2,15265.0,15370.0,2,15270.0,15300.0,0.0,0.0,0.0,0.0,77
2023-05-09 21:23:08,pb2310,pb2310,15270.0,0.0,0.0,0.0,2,15265.0,15295.0,5,15270.0,15300.0,0.0,0.0,0.0,0.0,77
2023-05-09 21:23:09,pb2310,pb2310,15270.0,0.0,0.0,0.0,2,15265.0,15295.0,5,15270.0,15300.0,0.0,0.0,0.0,0.0,77
2023-05-09 21:23:09,pb2310,pb2310,15270.0,0.0,0.0,0.0,2,15265.0,15295.0,5,15270.0,15300.0,0.0,0.0,0.0,0.0,77
2023-05-09 21:23:11,pb2310,pb2310,15270.0,0.0,0.0,0.0,2,15265.0,15295.0,5,15270.0,15300.0,0.0,0.0,0.0,0.0,77
2023-05-09 21:23:21,pb2310,pb2310,15270.0,0.0,0.0,0.0,1,15195.0,15295.0,5,15270.0,15300.0,0.0,0.0,0.0,0.0,77
2023-05-09 21:23:21,pb2310,pb2310,15270.0,0.0,0.0,0.0,4,15200.0,15295.0,5,15270.0,15300.0,0.0,0.0,0.0,0.0,77
2023-05-09 21:23:24,pb2310,pb2310,15270.0,0.0,0.0,0.0,2,15205.0,15295.0,5,15270.0,15300.0,0.0,0.0,0.0,0.0,77
2023-05-09 21:23:24,pb2310,pb2310,15270.0,0.0,0.0,0.0,2,15210.0,15295.0,5,15270.0,15300.0,0.0,0.0,0.0,0.0,77
2023-05-09 21:23:25,pb2310,pb2310,15270.0,0.0,0.0,0.0,3,15215.0,15295.0,5,15270.0,15300.0,0.0,0.0,0.0,0.0,77
2023-05-09 21:23:26,pb2310,pb2310,15270.0,0.0,0.0,0.0,4,15220.0,15295.0,5,15270.0,15300.0,0.0,0.0,0.0,0.0,77
2023-05-09 21:23:26,pb2310,pb2310,15270.0,0.0,0.0,0.0,4,15220.0,15295.0,5,15270.0,15300.0,0.0,0.0,0.0,0.0,77
2023-05-09 21:23:28,pb2310,pb2310,15270.0,0.0,0.0,0.0,4,15220.0,15295.0,5,15270.0,15300.0,0.0,0.0,0.0,0.0,77
2023-05-09 21:23:29,pb2310,pb2310,15270.0,0.0,0.0,0.0,2,15225.0,15295.0,5,15270.0,15300.0,0.0,0.0,0.0,0.0,77
2023-05-09 21:23:29,pb2310,pb2310,15270.0,0.0,0.0,0.0,1,15230.0,15295.0,5,15270.0,15300.0,0.0,0.0,0.0,0.0,77
2023-05-09 21:23:35,pb2310,pb2310,15270.0,0.0,0.0,0.0,1,15230.0,15295.0,5,15270.0,15300.0,0.0,0.0,0.0,0.0,77
2023-05-09 21:23:35,pb2310,pb2310,15270.0,0.0,0.0,0.0,1,15235.0,15295.0,5,15270.0,15300.0,0.0,0.0,0.0,0.0,77
2023-05-09 21:23:36,pb2310,pb2310,15270.0,0.0,0.0,0.0,1,15235.0,15295.0,5,15270.0,15300.0,0.0,0.0,0.0,0.0,77
2023-05-09 21:23:41,pb2310,pb2310,15270.0,0.0,0.0,0.0,2,15225.0,15295.0,5,15270.0,15300.0,0.0,0.0,0.0,0.0,77
2023-05-09 21:23:42,pb2310,pb2310,15270.0,0.0,0.0,0.0,2,15230.0,15295.0,5,15270.0,15300.0,0.0,0.0,0.0,0.0,77
2023-05-09 21:23:48,pb2310,pb2310,15270.0,0.0,0.0,0.0,1,15230.0,15295.0,5,15270.0,15300.0,0.0,0.0,0.0,0.0,77
2023-05-09 21:23:48,pb2310,pb2310,15270.0,0.0,0.0,0.0,1,15235.0,15295.0,5,15270.0,15300.0,0.0,0.0,0.0,0.0,77
2023-05-09 21:23:49,pb2310,pb2310,15270.0,0.0,0.0,0.0,1,15235.0,15295.0,5,15270.0,15300.0,0.0,0.0,0.0,0.0,77
2023-05-09 21:23:54,pb2310,pb2310,15270.0,0.0,0.0,0.0,2,15225.0,15295.0,5,15270.0,15300.0,0.0,0.0,0.0,0.0,77
2023-05-09 21:23:55,pb2310,pb2310,15270.0,0.0,0.0,0.0,2,15230.0,15295.0,5,15270.0,15300.0,0.0,0.0,0.0,0.0,77
2023-05-09 21:23:55,pb2310,pb2310,15270.0,0.0,0.0,0.0,2,15230.0,15295.0,5,15270.0,15300.0,0.0,0.0,0.0,0.0,77
2023-05-09 21:24:01,pb2310,pb2310,15270.0,0.0,0.0,0.0,1,15230.0,15295.0,5,15270.0,15300.0,0.0,0.0,0.0,0.0,77
2023-05-09 21:24:02,pb2310,pb2310,15270.0,0.0,0.0,0.0,1,15235.0,15295.0,5,15270.0,15300.0,0.0,0.0,0.0,0.0,77
2023-05-09 21:24:02,pb2310,pb2310,15270.0,0.0,0.0,0.0,1,15235.0,15295.0,5,15270.0,15300.0,0.0,0.0,0.0,0.0,77
2023-05-09 21:24:07,pb2310,pb2310,15270.0,0.0,0.0,0.0,2,15240.0,15295.0,5,15270.0,15300.0,0.0,0.0,0.0,0.0,77
2023-05-09 21:24:08,pb2310,pb2310,15270.0,0.0,0.0,0.0,2,15240.0,15295.0,5,15270.0,15300.0,0.0,0.0,0.0,0.0,77
2023-05-09 21:24:08,pb2310,pb2310,15270.0,0.0,0.0,0.0,1,15245.0,15295.0,5,15270.0,15300.0,0.0,0.0,0.0,0.0,77
2023-05-09 21:24:14,pb2310,pb2310,15270.0,0.0,0.0,0.0,2,15240.0,15295.0,5,15270.0,15300.0,0.0,0.0,0.0,0.0,77
2023-05-09 21:24:15,pb2310,pb2310,15270.0,0.0,0.0,0.0,1,15245.0,15295.0,5,15270.0,15300.0,0.0,0.0,0.0,0.0,77
2023-05-09 21:24:27,pb2310,pb2310,15270.0,0.0,0.0,0.0,2,15240.0,15295.0,5,15270.0,15300.0,0.0,0.0,0.0,0.0,77
2023-05-09 21:24:27,pb2310,pb2310,15270.0,0.0,0.0,0.0,1,15245.0,15295.0,5,15270.0,15300.0,0.0,0.0,0.0,0.0,77
2023-05-09 21:24:39,pb2310,pb2310,15270.0,0.0,0.0,0.0,2,15240.0,15295.0,5,15270.0,15300.0,0.0,0.0,0.0,0.0,77
2023-05-09 21:24:40,pb2310,pb2310,15270.0,0.0,0.0,0.0,1,15245.0,15295.0,5,15270.0,15300.0,0.0,0.0,0.0,0.0,77
2023-05-09 21:24:41,pb2310,pb2310,15270.0,0.0,0.0,0.0,1,15245.0,15295.0,5,15270.0,15300.0,0.0,0.0,0.0,0.0,77
2023-05-09 21:24:42,pb2310,pb2310,15270.0,0.0,0.0,0.0,1,15245.0,15295.0,5,15270.0,15300.0,0.0,0.0,0.0,0.0,77
2023-05-09 21:24:52,pb2310,pb2310,15270.0,0.0,0.0,0.0,2,15240.0,15295.0,5,15270.0,15300.0,0.0,0.0,0.0,0.0,77
2023-05-09 21:24:52,pb2310,pb2310,15270.0,0.0,0.0,0.0,1,15245.0,15295.0,5,15270.0,15300.0,0.0,0.0,0.0,0.0,77
2023-05-09 21:24:53,pb2310,pb2310,15270.0,0.0,0.0,0.0,1,15245.0,15295.0,5,15270.0,15300.0,0.0,0.0,0.0,0.0,77
2023-05-09 21:25:03,pb2310,pb2310,15270.0,0.0,0.0,0.0,2,15190.0,15295.0,5,15270.0,15300.0,0.0,0.0,0.0,0.0,77
2023-05-09 21:25:03,pb2310,pb2310,15270.0,0.0,0.0,0.0,5,15195.0,15295.0,5,15270.0,15300.0,0.0,0.0,0.0,0.0,77
2023-05-09 21:25:04,pb2310,pb2310,15270.0,0.0,0.0,0.0,5,15195.0,15295.0,5,15270.0,15300.0,0.0,0.0,0.0,0.0,77
2023-05-09 21:25:04,pb2310,pb2310,15270.0,0.0,0.0,0.0,5,15195.0,15295.0,5,15270.0,15300.0,0.0,0.0,0.0,0.0,77
2023-05-09 21:25:05,pb2310,pb2310,15270.0,0.0,0.0,0.0,5,15195.0,15295.0,5,15270.0,15300.0,0.0,0.0,0.0,0.0,77
2023-05-09 21:25:09,pb2310,pb2310,15270.0,0.0,0.0,0.0,2,15200.0,15295.0,5,15270.0,15300.0,0.0,0.0,0.0,0.0,77
2023-05-09 21:25:09,pb2310,pb2310,15270.0,0.0,0.0,0.0,2,15205.0,15295.0,5,15270.0,15300.0,0.0,0.0,0.0,0.0,77
2023-05-09 21:25:10,pb2310,pb2310,15270.0,0.0,0.0,0.0,1,15210.0,15295.0,5,15270.0,15300.0,0.0,0.0,0.0,0.0,77
2023-05-09 21:25:10,pb2310,pb2310,15270.0,0.0,0.0,0.0,2,15215.0,15295.0,5,15270.0,15300.0,0.0,0.0,0.0,0.0,77
2023-05-09 21:25:11,pb2310,pb2310,15270.0,0.0,0.0,0.0,2,15215.0,15295.0,5,15270.0,15300.0,0.0,0.0,0.0,0.0,77
2023-05-09 21:25:15,pb2310,pb2310,15270.0,0.0,0.0,0.0,2,15215.0,15295.0,5,15270.0,15300.0,0.0,0.0,0.0,0.0,77
2023-05-09 21:25:16,pb2310,pb2310,15270.0,0.0,0.0,0.0,2,15215.0,15295.0,5,15270.0,15300.0,0.0,0.0,0.0,0.0,77
2023-05-09 21:25:17,pb2310,pb2310,15270.0,0.0,0.0,0.0,2,15220.0,15370.0,2,15270.0,15300.0,0.0,0.0,0.0,0.0,77
2023-05-09 21:25:17,pb2310,pb2310,15270.0,0.0,0.0,0.0,1,15225.0,15300.0,5,15270.0,15300.0,0.0,0.0,0.0,0.0,77
2023-05-09 21:25:18,pb2310,pb2310,15270.0,0.0,0.0,0.0,1,15225.0,15300.0,5,15270.0,15300.0,0.0,0.0,0.0,0.0,77
2023-05-09 21:25:23,pb2310,pb2310,15270.0,0.0,0.0,0.0,1,15225.0,15300.0,5,15270.0,15300.0,0.0,0.0,0.0,0.0,77
2023-05-09 21:25:23,pb2310,pb2310,15270.0,0.0,0.0,0.0,1,15230.0,15300.0,5,15270.0,15300.0,0.0,0.0,0.0,0.0,77
2023-05-09 21:25:24,pb2310,pb2310,15270.0,0.0,0.0,0.0,1,15230.0,15300.0,5,15270.0,15300.0,0.0,0.0,0.0,0.0,77
2023-05-09 21:25:31,pb2310,pb2310,15270.0,0.0,0.0,0.0,2,15190.0,15300.0,5,15270.0,15300.0,0.0,0.0,0.0,0.0,77
2023-05-09 21:25:31,pb2310,pb2310,15270.0,0.0,0.0,0.0,5,15195.0,15300.0,5,15270.0,15300.0,0.0,0.0,0.0,0.0,77
2023-05-09 21:25:33,pb2310,pb2310,15270.0,0.0,0.0,0.0,2,15200.0,15300.0,5,15270.0,15300.0,0.0,0.0,0.0,0.0,77
2023-05-09 21:25:34,pb2310,pb2310,15270.0,0.0,0.0,0.0,2,15205.0,15300.0,5,15270.0,15300.0,0.0,0.0,0.0,0.0,77
2023-05-09 21:25:35,pb2310,pb2310,15270.0,0.0,0.0,0.0,1,15210.0,15300.0,5,15270.0,15300.0,0.0,0.0,0.0,0.0,77
2023-05-09 21:25:36,pb2310,pb2310,15270.0,0.0,0.0,0.0,3,15215.0,15300.0,5,15270.0,15300.0,0.0,0.0,0.0,0.0,77
2023-05-09 21:25:36,pb2310,pb2310,15270.0,0.0,0.0,0.0,3,15215.0,15300.0,5,15270.0,15300.0,0.0,0.0,0.0,0.0,77
2023-05-09 21:25:37,pb2310,pb2310,15270.0,0.0,0.0,0.0,3,15215.0,15300.0,5,15270.0,15300.0,0.0,0.0,0.0,0.0,77
2023-05-09 21:25:38,pb2310,pb2310,15270.0,0.0,0.0,0.0,1,15220.0,15300.0,5,15270.0,15300.0,0.0,0.0,0.0,0.0,77
2023-05-09 21:25:39,pb2310,pb2310,15270.0,0.0,0.0,0.0,1,15225.0,15300.0,5,15270.0,15300.0,0.0,0.0,0.0,0.0,77
2023-05-09 21:25:42,pb2310,pb2310,15270.0,0.0,0.0,0.0,1,15225.0,15300.0,5,15270.0,15300.0,0.0,0.0,0.0,0.0,77
2023-05-09 21:25:44,pb2310,pb2310,15270.0,0.0,0.0,0.0,1,15225.0,15300.0,5,15270.0,15300.0,0.0,0.0,0.0,0.0,77
2023-05-09 21:25:45,pb2310,pb2310,15270.0,0.0,0.0,0.0,1,15230.0,15300.0,5,15270.0,15300.0,0.0,0.0,0.0,0.0,77
2023-05-09 21:25:45,pb2310,pb2310,15270.0,0.0,0.0,0.0,1,15230.0,15300.0,5,15270.0,15300.0,0.0,0.0,0.0,0.0,77
2023-05-09 21:25:47,pb2310,pb2310,15270.0,0.0,0.0,0.0,1,15230.0,15300.0,5,15270.0,15300.0,0.0,0.0,0.0,0.0,77
2023-05-09 21:25:51,pb2310,pb2310,15270.0,0.0,0.0,0.0,2,15200.0,15300.0,5,15270.0,15300.0,0.0,0.0,0.0,0.0,77
2023-05-09 21:25:51,pb2310,pb2310,15270.0,0.0,0.0,0.0,3,15205.0,15300.0,5,15270.0,15300.0,0.0,0.0,0.0,0.0,77
2023-05-09 21:25:54,pb2310,pb2310,15270.0,0.0,0.0,0.0,1,15210.0,15300.0,5,15270.0,15300.0,0.0,0.0,0.0,0.0,77
2023-05-09 21:25:54,pb2310,pb2310,15270.0,0.0,0.0,0.0,2,15215.0,15300.0,5,15270.0,15300.0,0.0,0.0,0.0,0.0,77
2023-05-09 21:25:57,pb2310,pb2310,15270.0,0.0,0.0,0.0,2,15215.0,15300.0,5,15270.0,15300.0,0.0,0.0,0.0,0.0,77
2023-05-09 21:25:58,pb2310,pb2310,15270.0,0.0,0.0,0.0,1,15220.0,15300.0,5,15270.0,15300.0,0.0,0.0,0.0,0.0,77
2023-05-09 21:25:58,pb2310,pb2310,15270.0,0.0,0.0,0.0,1,15225.0,15300.0,5,15270.0,15300.0,0.0,0.0,0.0,0.0,77
2023-05-09 21:26:00,pb2310,pb2310,15270.0,0.0,0.0,0.0,1,15225.0,15300.0,5,15270.0,15300.0,0.0,0.0,0.0,0.0,77
2023-05-09 21:26:10,pb2310,pb2310,15270.0,0.0,0.0,0.0,1,15225.0,15300.0,5,15270.0,15300.0,0.0,0.0,0.0,0.0,77
2023-05-09 21:26:10,pb2310,pb2310,15270.0,0.0,0.0,0.0,1,15230.0,15300.0,5,15270.0,15300.0,0.0,0.0,0.0,0.0,77
2023-05-09 21:26:11,pb2310,pb2310,15270.0,0.0,0.0,0.0,1,15230.0,15300.0,5,15270.0,15300.0,0.0,0.0,0.0,0.0,77
2023-05-09 21:26:22,pb2310,pb2310,15270.0,0.0,0.0,0.0,2,15200.0,15300.0,5,15270.0,15300.0,0.0,0.0,0.0,0.0,77
2023-05-09 21:26:23,pb2310,pb2310,15270.0,0.0,0.0,0.0,2,15205.0,15300.0,5,15270.0,15300.0,0.0,0.0,0.0,0.0,77
2023-05-09 21:26:23,pb2310,pb2310,15270.0,0.0,0.0,0.0,3,15205.0,15300.0,5,15270.0,15300.0,0.0,0.0,0.0,0.0,77
2023-05-09 21:26:25,pb2310,pb2310,15270.0,0.0,0.0,0.0,1,15210.0,15300.0,5,15270.0,15300.0,0.0,0.0,0.0,0.0,77
2023-05-09 21:26:25,pb2310,pb2310,15270.0,0.0,0.0,0.0,3,15215.0,15300.0,5,15270.0,15300.0,0.0,0.0,0.0,0.0,77
2023-05-09 21:26:29,pb2310,pb2310,15270.0,0.0,0.0,0.0,3,15215.0,15300.0,5,15270.0,15300.0,0.0,0.0,0.0,0.0,77
2023-05-09 21:26:30,pb2310,pb2310,15270.0,0.0,0.0,0.0,1,15220.0,15300.0,5,15270.0,15300.0,0.0,0.0,0.0,0.0,77
2023-05-09 21:26:30,pb2310,pb2310,15270.0,0.0,0.0,0.0,1,15225.0,15300.0,5,15270.0,15300.0,0.0,0.0,0.0,0.0,77
2023-05-09 21:26:31,pb2310,pb2310,15270.0,0.0,0.0,0.0,1,15225.0,15300.0,5,15270.0,15300.0,0.0,0.0,0.0,0.0,77
2023-05-09 21:26:31,pb2310,pb2310,15270.0,0.0,0.0,0.0,1,15225.0,15300.0,5,15270.0,15300.0,0.0,0.0,0.0,0.0,77
2023-05-09 21:26:36,pb2310,pb2310,15270.0,0.0,0.0,0.0,1,15225.0,15300.0,5,15270.0,15300.0,0.0,0.0,0.0,0.0,77
2023-05-09 21:26:36,pb2310,pb2310,15270.0,0.0,0.0,0.0,1,15230.0,15300.0,5,15270.0,15300.0,0.0,0.0,0.0,0.0,77
2023-05-09 21:26:37,pb2310,pb2310,15270.0,0.0,0.0,0.0,1,15230.0,15300.0,5,15270.0,15300.0,0.0,0.0,0.0,0.0,77
2023-05-09 21:26:42,pb2310,pb2310,15270.0,0.0,0.0,0.0,2,15200.0,15300.0,5,15270.0,15300.0,0.0,0.0,0.0,0.0,77
2023-05-09 21:26:43,pb2310,pb2310,15270.0,0.0,0.0,0.0,3,15205.0,15300.0,5,15270.0,15300.0,0.0,0.0,0.0,0.0,77
2023-05-09 21:26:43,pb2310,pb2310,15270.0,0.0,0.0,0.0,1,15210.0,15300.0,5,15270.0,15300.0,0.0,0.0,0.0,0.0,77
2023-05-09 21:26:44,pb2310,pb2310,15270.0,0.0,0.0,0.0,3,15215.0,15300.0,5,15270.0,15300.0,0.0,0.0,0.0,0.0,77
2023-05-09 21:26:49,pb2310,pb2310,15270.0,0.0,0.0,0.0,3,15215.0,15300.0,5,15270.0,15300.0,0.0,0.0,0.0,0.0,77
2023-05-09 21:26:49,pb2310,pb2310,15270.0,0.0,0.0,0.0,1,15220.0,15300.0,5,15270.0,15300.0,0.0,0.0,0.0,0.0,77
2023-05-09 21:26:50,pb2310,pb2310,15270.0,0.0,0.0,0.0,2,15225.0,15300.0,5,15270.0,15300.0,0.0,0.0,0.0,0.0,77
2023-05-09 21:26:54,pb2310,pb2310,15270.0,0.0,0.0,0.0,1,15225.0,15300.0,5,15270.0,15300.0,0.0,0.0,0.0,0.0,77
2023-05-09 21:26:55,pb2310,pb2310,15270.0,0.0,0.0,0.0,1,15230.0,15300.0,5,15270.0,15300.0,0.0,0.0,0.0,0.0,77
2023-05-09 21:26:55,pb2310,pb2310,15270.0,0.0,0.0,0.0,1,15235.0,15300.0,5,15270.0,15300.0,0.0,0.0,0.0,0.0,77
2023-05-09 21:27:01,pb2310,pb2310,15270.0,0.0,0.0,0.0,1,15235.0,15300.0,5,15270.0,15300.0,0.0,0.0,0.0,0.0,77
2023-05-09 21:27:01,pb2310,pb2310,15270.0,0.0,0.0,0.0,1,15240.0,15300.0,5,15270.0,15300.0,0.0,0.0,0.0,0.0,77
2023-05-09 21:27:02,pb2310,pb2310,15270.0,0.0,0.0,0.0,1,15240.0,15300.0,5,15270.0,15300.0,0.0,0.0,0.0,0.0,77
2023-05-09 21:27:02,pb2310,pb2310,15270.0,0.0,0.0,0.0,1,15240.0,15300.0,5,15270.0,15300.0,0.0,0.0,0.0,0.0,77
2023-05-09 21:27:07,pb2310,pb2310,15270.0,0.0,0.0,0.0,2,15190.0,15300.0,5,15270.0,15300.0,0.0,0.0,0.0,0.0,77
2023-05-09 21:27:08,pb2310,pb2310,15270.0,0.0,0.0,0.0,2,15195.0,15300.0,5,15270.0,15300.0,0.0,0.0,0.0,0.0,77
2023-05-09 21:27:08,pb2310,pb2310,15270.0,0.0,0.0,0.0,3,15195.0,15300.0,5,15270.0,15300.0,0.0,0.0,0.0,0.0,77
2023-05-09 21:27:13,pb2310,pb2310,15270.0,0.0,0.0,0.0,2,15200.0,15300.0,5,15270.0,15300.0,0.0,0.0,0.0,0.0,77
2023-05-09 21:27:13,pb2310,pb2310,15270.0,0.0,0.0,0.0,2,15205.0,15300.0,5,15270.0,15300.0,0.0,0.0,0.0,0.0,77
2023-05-09 21:27:14,pb2310,pb2310,15270.0,0.0,0.0,0.0,2,15205.0,15300.0,5,15270.0,15300.0,0.0,0.0,0.0,0.0,77
2023-05-09 21:27:14,pb2310,pb2310,15270.0,0.0,0.0,0.0,2,15205.0,15300.0,5,15270.0,15300.0,0.0,0.0,0.0,0.0,77
2023-05-09 21:27:15,pb2310,pb2310,15270.0,0.0,0.0,0.0,1,15210.0,15300.0,5,15270.0,15300.0,0.0,0.0,0.0,0.0,77
2023-05-09 21:27:15,pb2310,pb2310,15270.0,0.0,0.0,0.0,2,15215.0,15300.0,5,15270.0,15300.0,0.0,0.0,0.0,0.0,77
2023-05-09 21:27:25,pb2310,pb2310,15270.0,0.0,0.0,0.0,2,15215.0,15300.0,5,15270.0,15300.0,0.0,0.0,0.0,0.0,77
2023-05-09 21:27:25,pb2310,pb2310,15270.0,0.0,0.0,0.0,1,15220.0,15300.0,5,15270.0,15300.0,0.0,0.0,0.0,0.0,77
2023-05-09 21:27:26,pb2310,pb2310,15270.0,0.0,0.0,0.0,1,15225.0,15300.0,5,15270.0,15300.0,0.0,0.0,0.0,0.0,77
2023-05-09 21:27:27,pb2310,pb2310,15270.0,0.0,0.0,0.0,1,15225.0,15300.0,5,15270.0,15300.0,0.0,0.0,0.0,0.0,77
2023-05-09 21:27:27,pb2310,pb2310,15270.0,0.0,0.0,0.0,1,15230.0,15300.0,5,15270.0,15300.0,0.0,0.0,0.0,0.0,77
2023-05-09 21:27:28,pb2310,pb2310,15270.0,0.0,0.0,0.0,1,15235.0,15300.0,5,15270.0,15300.0,0.0,0.0,0.0,0.0,77
2023-05-09 21:27:31,pb2310,pb2310,15270.0,0.0,0.0,0.0,1,15235.0,15300.0,5,15270.0,15300.0,0.0,0.0,0.0,0.0,77
2023-05-09 21:27:36,pb2310,pb2310,15270.0,0.0,0.0,0.0,1,15235.0,15300.0,5,15270.0,15300.0,0.0,0.0,0.0,0.0,77
2023-05-09 21:27:37,pb2310,pb2310,15270.0,0.0,0.0,0.0,1,15240.0,15300.0,5,15270.0,15300.0,0.0,0.0,0.0,0.0,77
2023-05-09 21:27:37,pb2310,pb2310,15270.0,0.0,0.0,0.0,1,15240.0,15300.0,5,15270.0,15300.0,0.0,0.0,0.0,0.0,77
2023-05-09 21:27:41,pb2310,pb2310,15270.0,0.0,0.0,0.0,2,15190.0,15300.0,5,15270.0,15300.0,0.0,0.0,0.0,0.0,77
2023-05-09 21:27:41,pb2310,pb2310,15270.0,0.0,0.0,0.0,1,15245.0,15300.0,5,15270.0,15300.0,0.0,0.0,0.0,0.0,77
2023-05-09 21:27:42,pb2310,pb2310,15270.0,0.0,0.0,0.0,1,15245.0,15300.0,5,15270.0,15300.0,0.0,0.0,0.0,0.0,77
2023-05-09 21:27:42,pb2310,pb2310,15270.0,0.0,0.0,0.0,3,15245.0,15300.0,5,15270.0,15300.0,0.0,0.0,0.0,0.0,77
2023-05-09 21:27:47,pb2310,pb2310,15270.0,0.0,0.0,0.0,2,15245.0,15300.0,5,15270.0,15300.0,0.0,0.0,0.0,0.0,77
2023-05-09 21:27:48,pb2310,pb2310,15270.0,0.0,0.0,0.0,1,15250.0,15300.0,5,15270.0,15300.0,0.0,0.0,0.0,0.0,77
2023-05-09 21:27:54,pb2310,pb2310,15270.0,0.0,0.0,0.0,2,15245.0,15300.0,5,15270.0,15300.0,0.0,0.0,0.0,0.0,77
2023-05-09 21:27:55,pb2310,pb2310,15270.0,0.0,0.0,0.0,1,15250.0,15300.0,5,15270.0,15300.0,0.0,0.0,0.0,0.0,77
2023-05-09 21:28:01,pb2310,pb2310,15270.0,0.0,0.0,0.0,2,15245.0,15300.0,5,15270.0,15300.0,0.0,0.0,0.0,0.0,77
2023-05-09 21:28:01,pb2310,pb2310,15270.0,0.0,0.0,0.0,1,15250.0,15300.0,5,15270.0,15300.0,0.0,0.0,0.0,0.0,77
2023-05-09 21:28:07,pb2310,pb2310,15270.0,0.0,0.0,0.0,2,15245.0,15300.0,5,15270.0,15300.0,0.0,0.0,0.0,0.0,77
2023-05-09 21:28:08,pb2310,pb2310,15270.0,0.0,0.0,0.0,1,15250.0,15300.0,5,15270.0,15300.0,0.0,0.0,0.0,0.0,77
2023-05-09 21:28:14,pb2310,pb2310,15270.0,0.0,0.0,0.0,2,15245.0,15300.0,5,15270.0,15300.0,0.0,0.0,0.0,0.0,77
2023-05-09 21:28:20,pb2310,pb2310,15270.0,0.0,0.0,0.0,1,15250.0,15300.0,5,15270.0,15300.0,0.0,0.0,0.0,0.0,77
2023-05-09 21:28:26,pb2310,pb2310,15270.0,0.0,0.0,0.0,2,15245.0,15300.0,5,15270.0,15300.0,0.0,0.0,0.0,0.0,77
2023-05-09 21:28:27,pb2310,pb2310,15270.0,0.0,0.0,0.0,1,15250.0,15300.0,5,15270.0,15300.0,0.0,0.0,0.0,0.0,77
2023-05-09 21:28:39,pb2310,pb2310,15270.0,0.0,0.0,0.0,2,15245.0,15300.0,5,15270.0,15300.0,0.0,0.0,0.0,0.0,77
2023-05-09 21:28:40,pb2310,pb2310,15270.0,0.0,0.0,0.0,1,15250.0,15300.0,5,15270.0,15300.0,0.0,0.0,0.0,0.0,77
2023-05-09 21:28:47,pb2310,pb2310,15270.0,0.0,0.0,0.0,1,15250.0,15300.0,5,15270.0,15300.0,0.0,0.0,0.0,0.0,77
2023-05-09 21:28:48,pb2310,pb2310,15270.0,0.0,0.0,0.0,1,15250.0,15300.0,5,15270.0,15300.0,0.0,0.0,0.0,0.0,77
2023-05-09 21:28:52,pb2310,pb2310,15270.0,0.0,0.0,0.0,2,15245.0,15300.0,5,15270.0,15300.0,0.0,0.0,0.0,0.0,77
2023-05-09 21:28:52,pb2310,pb2310,15270.0,0.0,0.0,0.0,1,15250.0,15300.0,5,15270.0,15300.0,0.0,0.0,0.0,0.0,77
2023-05-09 21:29:04,pb2310,pb2310,15270.0,0.0,0.0,0.0,2,15245.0,15300.0,5,15270.0,15300.0,0.0,0.0,0.0,0.0,77
2023-05-09 21:29:05,pb2310,pb2310,15270.0,0.0,0.0,0.0,1,15250.0,15300.0,5,15270.0,15300.0,0.0,0.0,0.0,0.0,77
2023-05-09 21:29:17,pb2310,pb2310,15270.0,0.0,0.0,0.0,2,15245.0,15300.0,5,15270.0,15300.0,0.0,0.0,0.0,0.0,77
2023-05-09 21:29:17,pb2310,pb2310,15270.0,0.0,0.0,0.0,1,15250.0,15300.0,5,15270.0,15300.0,0.0,0.0,0.0,0.0,77
2023-05-09 21:29:18,pb2310,pb2310,15270.0,0.0,0.0,0.0,1,15250.0,15300.0,5,15270.0,15300.0,0.0,0.0,0.0,0.0,77
2023-05-09 21:29:29,pb2310,pb2310,15270.0,0.0,0.0,0.0,2,15190.0,15300.0,5,15270.0,15300.0,0.0,0.0,0.0,0.0,77
2023-05-09 21:29:30,pb2310,pb2310,15270.0,0.0,0.0,0.0,5,15195.0,15300.0,5,15270.0,15300.0,0.0,0.0,0.0,0.0,77
2023-05-09 21:29:35,pb2310,pb2310,15270.0,0.0,0.0,0.0,2,15200.0,15300.0,5,15270.0,15300.0,0.0,0.0,0.0,0.0,77
2023-05-09 21:29:36,pb2310,pb2310,15270.0,0.0,0.0,0.0,2,15205.0,15300.0,5,15270.0,15300.0,0.0,0.0,0.0,0.0,77
2023-05-09 21:29:36,pb2310,pb2310,15270.0,0.0,0.0,0.0,2,15205.0,15300.0,5,15270.0,15300.0,0.0,0.0,0.0,0.0,77
2023-05-09 21:29:37,pb2310,pb2310,15270.0,0.0,0.0,0.0,1,15210.0,15300.0,5,15270.0,15300.0,0.0,0.0,0.0,0.0,77
2023-05-09 21:29:37,pb2310,pb2310,15270.0,0.0,0.0,0.0,2,15215.0,15300.0,5,15270.0,15300.0,0.0,0.0,0.0,0.0,77
2023-05-09 21:29:38,pb2310,pb2310,15270.0,0.0,0.0,0.0,2,15215.0,15300.0,5,15270.0,15300.0,0.0,0.0,0.0,0.0,77
2023-05-09 21:29:41,pb2310,pb2310,15270.0,0.0,0.0,0.0,2,15215.0,15300.0,5,15270.0,15300.0,0.0,0.0,0.0,0.0,77
2023-05-09 21:29:42,pb2310,pb2310,15270.0,0.0,0.0,0.0,3,15220.0,15300.0,5,15270.0,15300.0,0.0,0.0,0.0,0.0,77
2023-05-09 21:29:42,pb2310,pb2310,15270.0,0.0,0.0,0.0,2,15225.0,15300.0,5,15270.0,15300.0,0.0,0.0,0.0,0.0,77
2023-05-09 21:29:43,pb2310,pb2310,15270.0,0.0,0.0,0.0,2,15225.0,15300.0,5,15270.0,15300.0,0.0,0.0,0.0,0.0,77
2023-05-09 21:29:48,pb2310,pb2310,15270.0,0.0,0.0,0.0,2,15225.0,15300.0,5,15270.0,15300.0,0.0,0.0,0.0,0.0,77
2023-05-09 21:29:48,pb2310,pb2310,15270.0,0.0,0.0,0.0,2,15230.0,15300.0,5,15270.0,15300.0,0.0,0.0,0.0,0.0,77
2023-05-09 21:29:49,pb2310,pb2310,15270.0,0.0,0.0,0.0,1,15235.0,15300.0,5,15270.0,15300.0,0.0,0.0,0.0,0.0,77
2023-05-09 21:29:52,pb2310,pb2310,15270.0,0.0,0.0,0.0,2,15240.0,15300.0,5,15270.0,15300.0,0.0,0.0,0.0,0.0,77
2023-05-09 21:29:52,pb2310,pb2310,15270.0,0.0,0.0,0.0,2,15240.0,15300.0,5,15270.0,15300.0,0.0,0.0,0.0,0.0,77
2023-05-09 21:29:54,pb2310,pb2310,15270.0,0.0,0.0,0.0,2,15240.0,15300.0,5,15270.0,15300.0,0.0,0.0,0.0,0.0,77
2023-05-09 21:29:54,pb2310,pb2310,15270.0,0.0,0.0,0.0,1,15245.0,15300.0,5,15270.0,15300.0,0.0,0.0,0.0,0.0,77
2023-05-09 21:30:00,pb2310,pb2310,15270.0,0.0,0.0,0.0,2,15240.0,15300.0,5,15270.0,15300.0,0.0,0.0,0.0,0.0,77
2023-05-09 21:30:01,pb2310,pb2310,15270.0,0.0,0.0,0.0,1,15245.0,15300.0,5,15270.0,15300.0,0.0,0.0,0.0,0.0,77
2023-05-09 21:30:13,pb2310,pb2310,15270.0,0.0,0.0,0.0,2,15240.0,15300.0,5,15270.0,15300.0,0.0,0.0,0.0,0.0,77
2023-05-09 21:30:13,pb2310,pb2310,15270.0,0.0,0.0,0.0,1,15245.0,15300.0,5,15270.0,15300.0,0.0,0.0,0.0,0.0,77
2023-05-09 21:30:25,pb2310,pb2310,15270.0,0.0,0.0,0.0,2,15240.0,15300.0,5,15270.0,15300.0,0.0,0.0,0.0,0.0,77
2023-05-09 21:30:26,pb2310,pb2310,15270.0,0.0,0.0,0.0,2,15240.0,15300.0,5,15270.0,15300.0,0.0,0.0,0.0,0.0,77
2023-05-09 21:30:26,pb2310,pb2310,15270.0,0.0,0.0,0.0,1,15245.0,15300.0,5,15270.0,15300.0,0.0,0.0,0.0,0.0,77
2023-05-09 21:30:32,pb2310,pb2310,15270.0,0.0,0.0,0.0,2,15240.0,15300.0,5,15270.0,15300.0,0.0,0.0,0.0,0.0,77
2023-05-09 21:30:33,pb2310,pb2310,15270.0,0.0,0.0,0.0,1,15245.0,15300.0,5,15270.0,15300.0,0.0,0.0,0.0,0.0,77
2023-05-09 21:30:39,pb2310,pb2310,15270.0,0.0,0.0,0.0,2,15240.0,15300.0,5,15270.0,15300.0,0.0,0.0,0.0,0.0,77
2023-05-09 21:30:39,pb2310,pb2310,15270.0,0.0,0.0,0.0,1,15245.0,15300.0,5,15270.0,15300.0,0.0,0.0,0.0,0.0,77
2023-05-09 21:30:51,pb2310,pb2310,15270.0,0.0,0.0,0.0,2,15240.0,15300.0,5,15270.0,15300.0,0.0,0.0,0.0,0.0,77
2023-05-09 21:30:52,pb2310,pb2310,15270.0,0.0,0.0,0.0,1,15245.0,15300.0,5,15270.0,15300.0,0.0,0.0,0.0,0.0,77
2023-05-09 21:30:56,pb2310,pb2310,15270.0,0.0,0.0,0.0,2,15240.0,15300.0,5,15270.0,15300.0,0.0,0.0,0.0,0.0,77
2023-05-09 21:30:56,pb2310,pb2310,15270.0,0.0,0.0,0.0,1,15245.0,15300.0,5,15270.0,15300.0,0.0,0.0,0.0,0.0,77
2023-05-09 21:31:03,pb2310,pb2310,15270.0,0.0,0.0,0.0,2,15240.0,15300.0,5,15270.0,15300.0,0.0,0.0,0.0,0.0,77
2023-05-09 21:31:04,pb2310,pb2310,15270.0,0.0,0.0,0.0,1,15245.0,15300.0,5,15270.0,15300.0,0.0,0.0,0.0,0.0,77
2023-05-09 21:31:08,pb2310,pb2310,15270.0,0.0,0.0,0.0,2,15190.0,15300.0,5,15270.0,15300.0,0.0,0.0,0.0,0.0,77
2023-05-09 21:31:08,pb2310,pb2310,15270.0,0.0,0.0,0.0,7,15195.0,15300.0,5,15270.0,15300.0,0.0,0.0,0.0,0.0,77
2023-05-09 21:31:10,pb2310,pb2310,15270.0,0.0,0.0,0.0,8,15195.0,15300.0,5,15270.0,15300.0,0.0,0.0,0.0,0.0,77
2023-05-09 21:31:10,pb2310,pb2310,15270.0,0.0,0.0,0.0,8,15195.0,15300.0,5,15270.0,15300.0,0.0,0.0,0.0,0.0,77
2023-05-09 21:31:14,pb2310,pb2310,15270.0,0.0,0.0,0.0,5,15195.0,15300.0,5,15270.0,15300.0,0.0,0.0,0.0,0.0,77
2023-05-09 21:31:15,pb2310,pb2310,15270.0,0.0,0.0,0.0,3,15200.0,15300.0,5,15270.0,15300.0,0.0,0.0,0.0,0.0,77
2023-05-09 21:31:15,pb2310,pb2310,15270.0,0.0,0.0,0.0,2,15205.0,15300.0,5,15270.0,15300.0,0.0,0.0,0.0,0.0,77
2023-05-09 21:31:20,pb2310,pb2310,15270.0,0.0,0.0,0.0,2,15210.0,15300.0,5,15270.0,15300.0,0.0,0.0,0.0,0.0,77
2023-05-09 21:31:20,pb2310,pb2310,15270.0,0.0,0.0,0.0,2,15215.0,15300.0,5,15270.0,15300.0,0.0,0.0,0.0,0.0,77
2023-05-09 21:31:21,pb2310,pb2310,15270.0,0.0,0.0,0.0,2,15215.0,15300.0,5,15270.0,15300.0,0.0,0.0,0.0,0.0,77
2023-05-09 21:31:21,pb2310,pb2310,15270.0,0.0,0.0,0.0,1,15220.0,15300.0,5,15270.0,15300.0,0.0,0.0,0.0,0.0,77
2023-05-09 21:31:22,pb2310,pb2310,15270.0,0.0,0.0,0.0,2,15225.0,15300.0,5,15270.0,15300.0,0.0,0.0,0.0,0.0,77
2023-05-09 21:31:27,pb2310,pb2310,15270.0,0.0,0.0,0.0,2,15225.0,15300.0,5,15270.0,15300.0,0.0,0.0,0.0,0.0,77
2023-05-09 21:31:27,pb2310,pb2310,15270.0,0.0,0.0,0.0,1,15230.0,15300.0,5,15270.0,15300.0,0.0,0.0,0.0,0.0,77
2023-05-09 21:31:28,pb2310,pb2310,15270.0,0.0,0.0,0.0,1,15235.0,15300.0,5,15270.0,15300.0,0.0,0.0,0.0,0.0,77
2023-05-09 21:31:33,pb2310,pb2310,15270.0,0.0,0.0,0.0,1,15235.0,15300.0,5,15270.0,15300.0,0.0,0.0,0.0,0.0,77
2023-05-09 21:31:40,pb2310,pb2310,15270.0,0.0,0.0,0.0,2,15210.0,15300.0,5,15270.0,15300.0,0.0,0.0,0.0,0.0,77
2023-05-09 21:31:40,pb2310,pb2310,15270.0,0.0,0.0,0.0,3,15215.0,15300.0,5,15270.0,15300.0,0.0,0.0,0.0,0.0,77
2023-05-09 21:31:46,pb2310,pb2310,15270.0,0.0,0.0,0.0,1,15220.0,15300.0,5,15270.0,15300.0,0.0,0.0,0.0,0.0,77
2023-05-09 21:31:46,pb2310,pb2310,15270.0,0.0,0.0,0.0,2,15225.0,15300.0,5,15270.0,15300.0,0.0,0.0,0.0,0.0,77
2023-05-09 21:31:47,pb2310,pb2310,15270.0,0.0,0.0,0.0,1,15230.0,15300.0,5,15270.0,15300.0,0.0,0.0,0.0,0.0,77
2023-05-09 21:31:48,pb2310,pb2310,15270.0,0.0,0.0,0.0,1,15230.0,15300.0,5,15270.0,15300.0,0.0,0.0,0.0,0.0,77
2023-05-09 21:31:52,pb2310,pb2310,15270.0,0.0,0.0,0.0,1,15230.0,15300.0,5,15270.0,15300.0,0.0,0.0,0.0,0.0,77
2023-05-09 21:31:52,pb2310,pb2310,15270.0,0.0,0.0,0.0,1,15230.0,15300.0,5,15270.0,15300.0,0.0,0.0,0.0,0.0,77
2023-05-09 21:31:53,pb2310,pb2310,15270.0,0.0,0.0,0.0,2,15210.0,15300.0,5,15270.0,15300.0,0.0,0.0,0.0,0.0,77
2023-05-09 21:31:54,pb2310,pb2310,15270.0,0.0,0.0,0.0,3,15215.0,15300.0,5,15270.0,15300.0,0.0,0.0,0.0,0.0,77
2023-05-09 21:31:58,pb2310,pb2310,15270.0,0.0,0.0,0.0,1,15220.0,15300.0,5,15270.0,15300.0,0.0,0.0,0.0,0.0,77
2023-05-09 21:31:59,pb2310,pb2310,15270.0,0.0,0.0,0.0,3,15225.0,15300.0,5,15270.0,15300.0,0.0,0.0,0.0,0.0,77
2023-05-09 21:32:04,pb2310,pb2310,15270.0,0.0,0.0,0.0,3,15225.0,15300.0,5,15270.0,15300.0,0.0,0.0,0.0,0.0,77
2023-05-09 21:32:05,pb2310,pb2310,15270.0,0.0,0.0,0.0,2,15225.0,15300.0,5,15270.0,15300.0,0.0,0.0,0.0,0.0,77
2023-05-09 21:32:05,pb2310,pb2310,15270.0,0.0,0.0,0.0,1,15230.0,15300.0,5,15270.0,15300.0,0.0,0.0,0.0,0.0,77
2023-05-09 21:32:06,pb2310,pb2310,15270.0,0.0,0.0,0.0,1,15230.0,15300.0,5,15270.0,15300.0,0.0,0.0,0.0,0.0,77
2023-05-09 21:32:06,pb2310,pb2310,15270.0,0.0,0.0,0.0,1,15235.0,15300.0,5,15270.0,15300.0,0.0,0.0,0.0,0.0,77
2023-05-09 21:32:11,pb2310,pb2310,15270.0,0.0,0.0,0.0,1,15235.0,15300.0,5,15270.0,15300.0,0.0,0.0,0.0,0.0,77
2023-05-09 21:32:18,pb2310,pb2310,15270.0,0.0,0.0,0.0,1,15235.0,15300.0,5,15270.0,15300.0,0.0,0.0,0.0,0.0,77
2023-05-09 21:32:18,pb2310,pb2310,15270.0,0.0,0.0,0.0,1,15195.0,15300.0,5,15270.0,15300.0,0.0,0.0,0.0,0.0,77
2023-05-09 21:32:19,pb2310,pb2310,15270.0,0.0,0.0,0.0,3,15200.0,15300.0,5,15270.0,15300.0,0.0,0.0,0.0,0.0,77
2023-05-09 21:32:23,pb2310,pb2310,15270.0,0.0,0.0,0.0,1,15205.0,15300.0,5,15270.0,15300.0,0.0,0.0,0.0,0.0,77
2023-05-09 21:32:23,pb2310,pb2310,15270.0,0.0,0.0,0.0,2,15210.0,15300.0,5,15270.0,15300.0,0.0,0.0,0.0,0.0,77
2023-05-09 21:32:24,pb2310,pb2310,15270.0,0.0,0.0,0.0,2,15210.0,15300.0,5,15270.0,15300.0,0.0,0.0,0.0,0.0,77
2023-05-09 21:32:24,pb2310,pb2310,15270.0,0.0,0.0,0.0,1,15215.0,15300.0,5,15270.0,15300.0,0.0,0.0,0.0,0.0,77
2023-05-09 21:32:25,pb2310,pb2310,15270.0,0.0,0.0,0.0,2,15220.0,15300.0,5,15270.0,15300.0,0.0,0.0,0.0,0.0,77
2023-05-09 21:32:29,pb2310,pb2310,15270.0,0.0,0.0,0.0,2,15220.0,15300.0,5,15270.0,15300.0,0.0,0.0,0.0,0.0,77
2023-05-09 21:32:30,pb2310,pb2310,15270.0,0.0,0.0,0.0,2,15220.0,15300.0,5,15270.0,15300.0,0.0,0.0,0.0,0.0,77
2023-05-09 21:32:31,pb2310,pb2310,15270.0,0.0,0.0,0.0,1,15225.0,15300.0,5,15270.0,15300.0,0.0,0.0,0.0,0.0,77
2023-05-09 21:32:31,pb2310,pb2310,15270.0,0.0,0.0,0.0,2,15230.0,15300.0,5,15270.0,15300.0,0.0,0.0,0.0,0.0,77
2023-05-09 21:32:37,pb2310,pb2310,15270.0,0.0,0.0,0.0,1,15230.0,15300.0,5,15270.0,15300.0,0.0,0.0,0.0,0.0,77
2023-05-09 21:32:38,pb2310,pb2310,15270.0,0.0,0.0,0.0,1,15235.0,15300.0,5,15270.0,15300.0,0.0,0.0,0.0,0.0,77
2023-05-09 21:32:39,pb2310,pb2310,15270.0,0.0,0.0,0.0,1,15235.0,15300.0,5,15270.0,15300.0,0.0,0.0,0.0,0.0,77
2023-05-09 21:32:43,pb2310,pb2310,15270.0,0.0,0.0,0.0,1,15235.0,15300.0,5,15270.0,15300.0,0.0,0.0,0.0,0.0,77
2023-05-09 21:32:44,pb2310,pb2310,15270.0,0.0,0.0,0.0,1,15195.0,15300.0,5,15270.0,15300.0,0.0,0.0,0.0,0.0,77
2023-05-09 21:32:45,pb2310,pb2310,15270.0,0.0,0.0,0.0,2,15240.0,15300.0,5,15270.0,15300.0,0.0,0.0,0.0,0.0,77
2023-05-09 21:32:45,pb2310,pb2310,15270.0,0.0,0.0,0.0,3,15240.0,15300.0,5,15270.0,15300.0,0.0,0.0,0.0,0.0,77
2023-05-09 21:32:49,pb2310,pb2310,15270.0,0.0,0.0,0.0,2,15240.0,15300.0,5,15270.0,15300.0,0.0,0.0,0.0,0.0,77
2023-05-09 21:32:50,pb2310,pb2310,15270.0,0.0,0.0,0.0,1,15245.0,15300.0,5,15270.0,15300.0,0.0,0.0,0.0,0.0,77
2023-05-09 21:32:56,pb2310,pb2310,15270.0,0.0,0.0,0.0,2,15240.0,15300.0,5,15270.0,15300.0,0.0,0.0,0.0,0.0,77
2023-05-09 21:32:56,pb2310,pb2310,15270.0,0.0,0.0,0.0,1,15245.0,15300.0,5,15270.0,15300.0,0.0,0.0,0.0,0.0,77
2023-05-09 21:33:08,pb2310,pb2310,15270.0,0.0,0.0,0.0,2,15240.0,15300.0,5,15270.0,15300.0,0.0,0.0,0.0,0.0,77
2023-05-09 21:33:09,pb2310,pb2310,15270.0,0.0,0.0,0.0,1,15245.0,15300.0,5,15270.0,15300.0,0.0,0.0,0.0,0.0,77
2023-05-09 21:33:21,pb2310,pb2310,15270.0,0.0,0.0,0.0,2,15240.0,15300.0,5,15270.0,15300.0,0.0,0.0,0.0,0.0,77
2023-05-09 21:33:21,pb2310,pb2310,15270.0,0.0,0.0,0.0,1,15245.0,15300.0,5,15270.0,15300.0,0.0,0.0,0.0,0.0,77
2023-05-09 21:33:27,pb2310,pb2310,15270.0,0.0,0.0,0.0,2,15240.0,15300.0,5,15270.0,15300.0,0.0,0.0,0.0,0.0,77
2023-05-09 21:33:28,pb2310,pb2310,15270.0,0.0,0.0,0.0,1,15245.0,15300.0,5,15270.0,15300.0,0.0,0.0,0.0,0.0,77
2023-05-09 21:33:34,pb2310,pb2310,15270.0,0.0,0.0,0.0,1,15195.0,15300.0,5,15270.0,15300.0,0.0,0.0,0.0,0.0,77
2023-05-09 21:33:34,pb2310,pb2310,15270.0,0.0,0.0,0.0,4,15200.0,15300.0,5,15270.0,15300.0,0.0,0.0,0.0,0.0,77
2023-05-09 21:33:35,pb2310,pb2310,15270.0,0.0,0.0,0.0,5,15200.0,15300.0,5,15270.0,15300.0,0.0,0.0,0.0,0.0,77
2023-05-09 21:33:43,pb2310,pb2310,15270.0,0.0,0.0,0.0,2,15205.0,15300.0,5,15270.0,15300.0,0.0,0.0,0.0,0.0,77
2023-05-09 21:33:44,pb2310,pb2310,15270.0,0.0,0.0,0.0,2,15210.0,15300.0,5,15270.0,15300.0,0.0,0.0,0.0,0.0,77
2023-05-09 21:33:47,pb2310,pb2310,15270.0,0.0,0.0,0.0,2,15210.0,15300.0,5,15270.0,15300.0,0.0,0.0,0.0,0.0,77
2023-05-09 21:33:48,pb2310,pb2310,15270.0,0.0,0.0,0.0,1,15215.0,15300.0,5,15270.0,15300.0,0.0,0.0,0.0,0.0,77
2023-05-09 21:33:48,pb2310,pb2310,15270.0,0.0,0.0,0.0,2,15220.0,15300.0,5,15270.0,15300.0,0.0,0.0,0.0,0.0,77
2023-05-09 21:33:49,pb2310,pb2310,15270.0,0.0,0.0,0.0,2,15220.0,15300.0,5,15270.0,15300.0,0.0,0.0,0.0,0.0,77
2023-05-09 21:33:49,pb2310,pb2310,15270.0,0.0,0.0,0.0,2,15220.0,15300.0,5,15270.0,15300.0,0.0,0.0,0.0,0.0,77
2023-05-09 21:33:50,pb2310,pb2310,15270.0,0.0,0.0,0.0,1,15225.0,15300.0,5,15270.0,15300.0,0.0,0.0,0.0,0.0,77
2023-05-09 21:33:50,pb2310,pb2310,15270.0,0.0,0.0,0.0,1,15230.0,15300.0,5,15270.0,15300.0,0.0,0.0,0.0,0.0,77
2023-05-09 21:33:54,pb2310,pb2310,15270.0,0.0,0.0,0.0,1,15230.0,15300.0,5,15270.0,15300.0,0.0,0.0,0.0,0.0,77
2023-05-09 21:33:54,pb2310,pb2310,15270.0,0.0,0.0,0.0,1,15235.0,15300.0,5,15270.0,15300.0,0.0,0.0,0.0,0.0,77
2023-05-09 21:33:55,pb2310,pb2310,15270.0,0.0,0.0,0.0,1,15235.0,15300.0,5,15270.0,15300.0,0.0,0.0,0.0,0.0,77
2023-05-09 21:33:55,pb2310,pb2310,15270.0,0.0,0.0,0.0,1,15235.0,15300.0,5,15270.0,15300.0,0.0,0.0,0.0,0.0,77
2023-05-09 21:33:56,pb2310,pb2310,15270.0,0.0,0.0,0.0,1,15235.0,15300.0,5,15270.0,15300.0,0.0,0.0,0.0,0.0,77
2023-05-09 21:34:00,pb2310,pb2310,15270.0,0.0,0.0,0.0,1,15195.0,15300.0,5,15270.0,15300.0,0.0,0.0,0.0,0.0,77
2023-05-09 21:34:01,pb2310,pb2310,15270.0,0.0,0.0,0.0,5,15200.0,15300.0,5,15270.0,15300.0,0.0,0.0,0.0,0.0,77
2023-05-09 21:34:02,pb2310,pb2310,15270.0,0.0,0.0,0.0,1,15205.0,15300.0,5,15270.0,15300.0,0.0,0.0,0.0,0.0,77
2023-05-09 21:34:02,pb2310,pb2310,15270.0,0.0,0.0,0.0,2,15210.0,15300.0,5,15270.0,15300.0,0.0,0.0,0.0,0.0,77
2023-05-09 21:34:07,pb2310,pb2310,15270.0,0.0,0.0,0.0,2,15210.0,15300.0,5,15270.0,15300.0,0.0,0.0,0.0,0.0,77
2023-05-09 21:34:07,pb2310,pb2310,15270.0,0.0,0.0,0.0,1,15215.0,15300.0,5,15270.0,15300.0,0.0,0.0,0.0,0.0,77
2023-05-09 21:34:08,pb2310,pb2310,15270.0,0.0,0.0,0.0,2,15220.0,15300.0,5,15270.0,15300.0,0.0,0.0,0.0,0.0,77
2023-05-09 21:34:08,pb2310,pb2310,15270.0,0.0,0.0,0.0,2,15220.0,15300.0,5,15270.0,15300.0,0.0,0.0,0.0,0.0,77
2023-05-09 21:34:09,pb2310,pb2310,15270.0,0.0,0.0,0.0,1,15225.0,15300.0,5,15270.0,15300.0,0.0,0.0,0.0,0.0,77
2023-05-09 21:34:09,pb2310,pb2310,15270.0,0.0,0.0,0.0,1,15230.0,15300.0,5,15270.0,15300.0,0.0,0.0,0.0,0.0,77
2023-05-09 21:34:12,pb2310,pb2310,15270.0,0.0,0.0,0.0,2,15235.0,15300.0,5,15270.0,15300.0,0.0,0.0,0.0,0.0,77
2023-05-09 21:34:13,pb2310,pb2310,15270.0,0.0,0.0,0.0,2,15235.0,15300.0,5,15270.0,15300.0,0.0,0.0,0.0,0.0,77
2023-05-09 21:34:13,pb2310,pb2310,15270.0,0.0,0.0,0.0,2,15235.0,15300.0,5,15270.0,15300.0,0.0,0.0,0.0,0.0,77
2023-05-09 21:34:14,pb2310,pb2310,15270.0,0.0,0.0,0.0,1,15240.0,15300.0,5,15270.0,15300.0,0.0,0.0,0.0,0.0,77
2023-05-09 21:34:21,pb2310,pb2310,15270.0,0.0,0.0,0.0,1,15240.0,15300.0,5,15270.0,15300.0,0.0,0.0,0.0,0.0,77
2023-05-09 21:34:26,pb2310,pb2310,15270.0,0.0,0.0,0.0,2,15235.0,15300.0,5,15270.0,15300.0,0.0,0.0,0.0,0.0,77
2023-05-09 21:34:27,pb2310,pb2310,15270.0,0.0,0.0,0.0,1,15240.0,15300.0,5,15270.0,15300.0,0.0,0.0,0.0,0.0,77
2023-05-09 21:34:39,pb2310,pb2310,15270.0,0.0,0.0,0.0,2,15235.0,15300.0,5,15270.0,15300.0,0.0,0.0,0.0,0.0,77
2023-05-09 21:34:39,pb2310,pb2310,15270.0,0.0,0.0,0.0,1,15240.0,15300.0,5,15270.0,15300.0,0.0,0.0,0.0,0.0,77
2023-05-09 21:34:51,pb2310,pb2310,15270.0,0.0,0.0,0.0,2,15235.0,15300.0,5,15270.0,15300.0,0.0,0.0,0.0,0.0,77
2023-05-09 21:34:52,pb2310,pb2310,15270.0,0.0,0.0,0.0,1,15240.0,15300.0,5,15270.0,15300.0,0.0,0.0,0.0,0.0,77
2023-05-09 21:34:58,pb2310,pb2310,15270.0,0.0,0.0,0.0,2,15235.0,15300.0,5,15270.0,15300.0,0.0,0.0,0.0,0.0,77
2023-05-09 21:34:59,pb2310,pb2310,15270.0,0.0,0.0,0.0,1,15240.0,15300.0,5,15270.0,15300.0,0.0,0.0,0.0,0.0,77
2023-05-09 21:35:05,pb2310,pb2310,15270.0,0.0,0.0,0.0,2,15235.0,15300.0,5,15270.0,15300.0,0.0,0.0,0.0,0.0,77
2023-05-09 21:35:05,pb2310,pb2310,15270.0,0.0,0.0,0.0,1,15240.0,15300.0,5,15270.0,15300.0,0.0,0.0,0.0,0.0,77
2023-05-09 21:35:17,pb2310,pb2310,15270.0,0.0,0.0,0.0,2,15235.0,15300.0,5,15270.0,15300.0,0.0,0.0,0.0,0.0,77
2023-05-09 21:35:18,pb2310,pb2310,15270.0,0.0,0.0,0.0,1,15240.0,15300.0,5,15270.0,15300.0,0.0,0.0,0.0,0.0,77
2023-05-09 21:35:24,pb2310,pb2310,15270.0,0.0,0.0,0.0,2,15235.0,15300.0,5,15270.0,15300.0,0.0,0.0,0.0,0.0,77
2023-05-09 21:35:24,pb2310,pb2310,15270.0,0.0,0.0,0.0,1,15240.0,15300.0,5,15270.0,15300.0,0.0,0.0,0.0,0.0,77
2023-05-09 21:35:30,pb2310,pb2310,15270.0,0.0,0.0,0.0,2,15235.0,15300.0,5,15270.0,15300.0,0.0,0.0,0.0,0.0,77
2023-05-09 21:35:31,pb2310,pb2310,15270.0,0.0,0.0,0.0,1,15240.0,15300.0,5,15270.0,15300.0,0.0,0.0,0.0,0.0,77
2023-05-09 21:35:43,pb2310,pb2310,15270.0,0.0,0.0,0.0,2,15235.0,15300.0,5,15270.0,15300.0,0.0,0.0,0.0,0.0,77
2023-05-09 21:35:44,pb2310,pb2310,15270.0,0.0,0.0,0.0,1,15245.0,15300.0,5,15270.0,15300.0,0.0,0.0,0.0,0.0,77
2023-05-09 21:35:50,pb2310,pb2310,15270.0,0.0,0.0,0.0,2,15235.0,15300.0,5,15270.0,15300.0,0.0,0.0,0.0,0.0,77
2023-05-09 21:35:50,pb2310,pb2310,15270.0,0.0,0.0,0.0,1,15240.0,15300.0,5,15270.0,15300.0,0.0,0.0,0.0,0.0,77
2023-05-09 21:35:56,pb2310,pb2310,15270.0,0.0,0.0,0.0,2,15235.0,15300.0,5,15270.0,15300.0,0.0,0.0,0.0,0.0,77
2023-05-09 21:35:57,pb2310,pb2310,15270.0,0.0,0.0,0.0,1,15240.0,15300.0,5,15270.0,15300.0,0.0,0.0,0.0,0.0,77
2023-05-09 21:36:03,pb2310,pb2310,15270.0,0.0,0.0,0.0,2,15235.0,15300.0,5,15270.0,15300.0,0.0,0.0,0.0,0.0,77
2023-05-09 21:36:03,pb2310,pb2310,15270.0,0.0,0.0,0.0,1,15240.0,15300.0,5,15270.0,15300.0,0.0,0.0,0.0,0.0,77
2023-05-09 21:36:09,pb2310,pb2310,15270.0,0.0,0.0,0.0,2,15235.0,15300.0,5,15270.0,15300.0,0.0,0.0,0.0,0.0,77
2023-05-09 21:36:10,pb2310,pb2310,15270.0,0.0,0.0,0.0,1,15240.0,15300.0,5,15270.0,15300.0,0.0,0.0,0.0,0.0,77
2023-05-09 21:36:22,pb2310,pb2310,15270.0,0.0,0.0,0.0,2,15235.0,15300.0,5,15270.0,15300.0,0.0,0.0,0.0,0.0,77
2023-05-09 21:36:23,pb2310,pb2310,15270.0,0.0,0.0,0.0,1,15240.0,15300.0,5,15270.0,15300.0,0.0,0.0,0.0,0.0,77
2023-05-09 21:36:29,pb2310,pb2310,15270.0,0.0,0.0,0.0,2,15235.0,15300.0,5,15270.0,15300.0,0.0,0.0,0.0,0.0,77
2023-05-09 21:36:29,pb2310,pb2310,15270.0,0.0,0.0,0.0,1,15240.0,15300.0,5,15270.0,15300.0,0.0,0.0,0.0,0.0,77
2023-05-09 21:36:35,pb2310,pb2310,15270.0,0.0,0.0,0.0,2,15235.0,15300.0,5,15270.0,15300.0,0.0,0.0,0.0,0.0,77
2023-05-09 21:36:36,pb2310,pb2310,15270.0,0.0,0.0,0.0,1,15240.0,15300.0,5,15270.0,15300.0,0.0,0.0,0.0,0.0,77
2023-05-09 21:36:42,pb2310,pb2310,15270.0,0.0,0.0,0.0,2,15235.0,15300.0,5,15270.0,15300.0,0.0,0.0,0.0,0.0,77
2023-05-09 21:36:42,pb2310,pb2310,15270.0,0.0,0.0,0.0,1,15240.0,15300.0,5,15270.0,15300.0,0.0,0.0,0.0,0.0,77
2023-05-09 21:36:48,pb2310,pb2310,15270.0,0.0,0.0,0.0,2,15235.0,15300.0,5,15270.0,15300.0,0.0,0.0,0.0,0.0,77
2023-05-09 21:36:49,pb2310,pb2310,15270.0,0.0,0.0,0.0,1,15240.0,15300.0,5,15270.0,15300.0,0.0,0.0,0.0,0.0,77
2023-05-09 21:37:01,pb2310,pb2310,15270.0,0.0,0.0,0.0,2,15235.0,15300.0,5,15270.0,15300.0,0.0,0.0,0.0,0.0,77
2023-05-09 21:37:02,pb2310,pb2310,15270.0,0.0,0.0,0.0,1,15240.0,15300.0,5,15270.0,15300.0,0.0,0.0,0.0,0.0,77
2023-05-09 21:37:08,pb2310,pb2310,15270.0,0.0,0.0,0.0,2,15235.0,15300.0,5,15270.0,15300.0,0.0,0.0,0.0,0.0,77
2023-05-09 21:37:08,pb2310,pb2310,15270.0,0.0,0.0,0.0,1,15240.0,15300.0,5,15270.0,15300.0,0.0,0.0,0.0,0.0,77
2023-05-09 21:37:14,pb2310,pb2310,15270.0,0.0,0.0,0.0,2,15235.0,15300.0,5,15270.0,15300.0,0.0,0.0,0.0,0.0,77
2023-05-09 21:37:15,pb2310,pb2310,15270.0,0.0,0.0,0.0,1,15240.0,15300.0,5,15270.0,15300.0,0.0,0.0,0.0,0.0,77
2023-05-09 21:37:26,pb2310,pb2310,15270.0,0.0,0.0,0.0,1,15240.0,15300.0,5,15270.0,15300.0,0.0,0.0,0.0,0.0,77
2023-05-09 21:37:27,pb2310,pb2310,15270.0,0.0,0.0,0.0,1,15195.0,15300.0,5,15270.0,15300.0,0.0,0.0,0.0,0.0,77
2023-05-09 21:37:27,pb2310,pb2310,15270.0,0.0,0.0,0.0,5,15200.0,15300.0,5,15270.0,15300.0,0.0,0.0,0.0,0.0,77
2023-05-09 21:37:28,pb2310,pb2310,15270.0,0.0,0.0,0.0,1,15205.0,15300.0,5,15270.0,15300.0,0.0,0.0,0.0,0.0,77
2023-05-09 21:37:29,pb2310,pb2310,15270.0,0.0,0.0,0.0,3,15210.0,15300.0,5,15270.0,15300.0,0.0,0.0,0.0,0.0,77
2023-05-09 21:37:29,pb2310,pb2310,15270.0,0.0,0.0,0.0,4,15210.0,15300.0,5,15270.0,15300.0,0.0,0.0,0.0,0.0,77
2023-05-09 21:37:33,pb2310,pb2310,15270.0,0.0,0.0,0.0,3,15210.0,15300.0,5,15270.0,15300.0,0.0,0.0,0.0,0.0,77
2023-05-09 21:37:33,pb2310,pb2310,15270.0,0.0,0.0,0.0,2,15215.0,15300.0,5,15270.0,15300.0,0.0,0.0,0.0,0.0,77
2023-05-09 21:37:34,pb2310,pb2310,15270.0,0.0,0.0,0.0,2,15220.0,15300.0,5,15270.0,15300.0,0.0,0.0,0.0,0.0,77
2023-05-09 21:37:34,pb2310,pb2310,15270.0,0.0,0.0,0.0,2,15220.0,15300.0,5,15270.0,15300.0,0.0,0.0,0.0,0.0,77
2023-05-09 21:37:40,pb2310,pb2310,15270.0,0.0,0.0,0.0,2,15220.0,15300.0,5,15270.0,15300.0,0.0,0.0,0.0,0.0,77
2023-05-09 21:37:41,pb2310,pb2310,15270.0,0.0,0.0,0.0,2,15225.0,15300.0,5,15270.0,15300.0,0.0,0.0,0.0,0.0,77
2023-05-09 21:37:41,pb2310,pb2310,15270.0,0.0,0.0,0.0,1,15230.0,15300.0,5,15270.0,15300.0,0.0,0.0,0.0,0.0,77
2023-05-09 21:37:44,pb2310,pb2310,15270.0,0.0,0.0,0.0,2,15235.0,15300.0,5,15270.0,15300.0,0.0,0.0,0.0,0.0,77
2023-05-09 21:37:44,pb2310,pb2310,15270.0,0.0,0.0,0.0,2,15235.0,15300.0,5,15270.0,15300.0,0.0,0.0,0.0,0.0,77
2023-05-09 21:37:47,pb2310,pb2310,15270.0,0.0,0.0,0.0,2,15235.0,15300.0,5,15270.0,15300.0,0.0,0.0,0.0,0.0,77
2023-05-09 21:37:53,pb2310,pb2310,15270.0,0.0,0.0,0.0,2,15235.0,15300.0,5,15270.0,15300.0,0.0,0.0,0.0,0.0,77
2023-05-09 21:37:53,pb2310,pb2310,15270.0,0.0,0.0,0.0,1,15240.0,15300.0,5,15270.0,15300.0,0.0,0.0,0.0,0.0,77
2023-05-09 21:38:05,pb2310,pb2310,15270.0,0.0,0.0,0.0,2,15235.0,15300.0,5,15270.0,15300.0,0.0,0.0,0.0,0.0,77
2023-05-09 21:38:06,pb2310,pb2310,15270.0,0.0,0.0,0.0,1,15240.0,15300.0,5,15270.0,15300.0,0.0,0.0,0.0,0.0,77
2023-05-09 21:38:13,pb2310,pb2310,15270.0,0.0,0.0,0.0,2,15235.0,15300.0,5,15270.0,15300.0,0.0,0.0,0.0,0.0,77
2023-05-09 21:38:13,pb2310,pb2310,15270.0,0.0,0.0,0.0,1,15240.0,15300.0,5,15270.0,15300.0,0.0,0.0,0.0,0.0,77
2023-05-09 21:38:25,pb2310,pb2310,15270.0,0.0,0.0,0.0,2,15235.0,15300.0,5,15270.0,15300.0,0.0,0.0,0.0,0.0,77
2023-05-09 21:38:26,pb2310,pb2310,15270.0,0.0,0.0,0.0,1,15240.0,15300.0,5,15270.0,15300.0,0.0,0.0,0.0,0.0,77
2023-05-09 21:38:31,pb2310,pb2310,15270.0,0.0,0.0,0.0,1,15240.0,15300.0,5,15270.0,15300.0,0.0,0.0,0.0,0.0,77
2023-05-09 21:38:38,pb2310,pb2310,15270.0,0.0,0.0,0.0,1,15210.0,15300.0,5,15270.0,15300.0,0.0,0.0,0.0,0.0,77
2023-05-09 21:38:39,pb2310,pb2310,15270.0,0.0,0.0,0.0,1,15245.0,15300.0,5,15270.0,15300.0,0.0,0.0,0.0,0.0,77
2023-05-09 21:38:39,pb2310,pb2310,15270.0,0.0,0.0,0.0,1,15245.0,15300.0,5,15270.0,15300.0,0.0,0.0,0.0,0.0,77
2023-05-09 21:38:45,pb2310,pb2310,15270.0,0.0,0.0,0.0,1,15210.0,15300.0,5,15270.0,15300.0,0.0,0.0,0.0,0.0,77
2023-05-09 21:38:45,pb2310,pb2310,15270.0,0.0,0.0,0.0,2,15215.0,15300.0,5,15270.0,15300.0,0.0,0.0,0.0,0.0,77
2023-05-09 21:38:46,pb2310,pb2310,15270.0,0.0,0.0,0.0,3,15215.0,15300.0,5,15270.0,15300.0,0.0,0.0,0.0,0.0,77
2023-05-09 21:38:49,pb2310,pb2310,15270.0,0.0,0.0,0.0,2,15220.0,15300.0,5,15270.0,15300.0,0.0,0.0,0.0,0.0,77
2023-05-09 21:38:49,pb2310,pb2310,15270.0,0.0,0.0,0.0,2,15225.0,15300.0,5,15270.0,15300.0,0.0,0.0,0.0,0.0,77
2023-05-09 21:38:52,pb2310,pb2310,15270.0,0.0,0.0,0.0,2,15225.0,15300.0,5,15270.0,15300.0,0.0,0.0,0.0,0.0,77
2023-05-09 21:38:52,pb2310,pb2310,15270.0,0.0,0.0,0.0,1,15230.0,15300.0,5,15270.0,15300.0,0.0,0.0,0.0,0.0,77
2023-05-09 21:38:53,pb2310,pb2310,15270.0,0.0,0.0,0.0,1,15235.0,15300.0,5,15270.0,15300.0,0.0,0.0,0.0,0.0,77
2023-05-09 21:38:55,pb2310,pb2310,15270.0,0.0,0.0,0.0,1,15235.0,15300.0,5,15270.0,15300.0,0.0,0.0,0.0,0.0,77
2023-05-09 21:38:58,pb2310,pb2310,15270.0,0.0,0.0,0.0,1,15235.0,15300.0,5,15270.0,15300.0,0.0,0.0,0.0,0.0,77
2023-05-09 21:38:59,pb2310,pb2310,15270.0,0.0,0.0,0.0,1,15240.0,15300.0,5,15270.0,15300.0,0.0,0.0,0.0,0.0,77
2023-05-09 21:38:59,pb2310,pb2310,15270.0,0.0,0.0,0.0,1,15240.0,15300.0,5,15270.0,15300.0,0.0,0.0,0.0,0.0,77
2023-05-09 21:39:05,pb2310,pb2310,15270.0,0.0,0.0,0.0,1,15210.0,15300.0,5,15270.0,15300.0,0.0,0.0,0.0,0.0,77
2023-05-09 21:39:05,pb2310,pb2310,15270.0,0.0,0.0,0.0,3,15215.0,15300.0,5,15270.0,15300.0,0.0,0.0,0.0,0.0,77
2023-05-09 21:39:08,pb2310,pb2310,15270.0,0.0,0.0,0.0,2,15220.0,15300.0,5,15270.0,15300.0,0.0,0.0,0.0,0.0,77
2023-05-09 21:39:08,pb2310,pb2310,15270.0,0.0,0.0,0.0,2,15225.0,15300.0,5,15270.0,15300.0,0.0,0.0,0.0,0.0,77
2023-05-09 21:39:09,pb2310,pb2310,15270.0,0.0,0.0,0.0,2,15225.0,15300.0,5,15270.0,15300.0,0.0,0.0,0.0,0.0,77
2023-05-09 21:39:13,pb2310,pb2310,15270.0,0.0,0.0,0.0,2,15225.0,15300.0,5,15270.0,15300.0,0.0,0.0,0.0,0.0,77
2023-05-09 21:39:14,pb2310,pb2310,15270.0,0.0,0.0,0.0,2,15230.0,15300.0,5,15270.0,15300.0,0.0,0.0,0.0,0.0,77
2023-05-09 21:39:14,pb2310,pb2310,15270.0,0.0,0.0,0.0,1,15235.0,15300.0,5,15270.0,15300.0,0.0,0.0,0.0,0.0,77
2023-05-09 21:39:20,pb2310,pb2310,15270.0,0.0,0.0,0.0,1,15235.0,15300.0,5,15270.0,15300.0,0.0,0.0,0.0,0.0,77
2023-05-09 21:39:20,pb2310,pb2310,15270.0,0.0,0.0,0.0,1,15240.0,15300.0,5,15270.0,15300.0,0.0,0.0,0.0,0.0,77
2023-05-09 21:39:21,pb2310,pb2310,15270.0,0.0,0.0,0.0,1,15240.0,15300.0,5,15270.0,15300.0,0.0,0.0,0.0,0.0,77
2023-05-09 21:39:32,pb2310,pb2310,15270.0,0.0,0.0,0.0,2,15220.0,15300.0,5,15270.0,15300.0,0.0,0.0,0.0,0.0,77
2023-05-09 21:39:33,pb2310,pb2310,15270.0,0.0,0.0,0.0,3,15225.0,15300.0,5,15270.0,15300.0,0.0,0.0,0.0,0.0,77
2023-05-09 21:39:38,pb2310,pb2310,15270.0,0.0,0.0,0.0,1,15230.0,15300.0,5,15270.0,15300.0,0.0,0.0,0.0,0.0,77
2023-05-09 21:39:39,pb2310,pb2310,15270.0,0.0,0.0,0.0,1,15235.0,15300.0,5,15270.0,15300.0,0.0,0.0,0.0,0.0,77
2023-05-09 21:39:44,pb2310,pb2310,15270.0,0.0,0.0,0.0,1,15235.0,15300.0,5,15270.0,15300.0,0.0,0.0,0.0,0.0,77
2023-05-09 21:39:45,pb2310,pb2310,15270.0,0.0,0.0,0.0,1,15235.0,15300.0,5,15270.0,15300.0,0.0,0.0,0.0,0.0,77
2023-05-09 21:39:45,pb2310,pb2310,15270.0,0.0,0.0,0.0,1,15240.0,15300.0,5,15270.0,15300.0,0.0,0.0,0.0,0.0,77
2023-05-09 21:39:46,pb2310,pb2310,15270.0,0.0,0.0,0.0,1,15240.0,15300.0,5,15270.0,15300.0,0.0,0.0,0.0,0.0,77
2023-05-09 21:39:51,pb2310,pb2310,15270.0,0.0,0.0,0.0,2,15220.0,15300.0,5,15270.0,15300.0,0.0,0.0,0.0,0.0,77
2023-05-09 21:39:52,pb2310,pb2310,15270.0,0.0,0.0,0.0,3,15225.0,15300.0,5,15270.0,15300.0,0.0,0.0,0.0,0.0,77
2023-05-09 21:39:57,pb2310,pb2310,15270.0,0.0,0.0,0.0,1,15230.0,15300.0,5,15270.0,15300.0,0.0,0.0,0.0,0.0,77
2023-05-09 21:39:57,pb2310,pb2310,15270.0,0.0,0.0,0.0,1,15235.0,15300.0,5,15270.0,15300.0,0.0,0.0,0.0,0.0,77
2023-05-09 21:39:58,pb2310,pb2310,15270.0,0.0,0.0,0.0,1,15235.0,15300.0,5,15270.0,15300.0,0.0,0.0,0.0,0.0,77
2023-05-09 21:39:59,pb2310,pb2310,15270.0,0.0,0.0,0.0,1,15240.0,15300.0,5,15270.0,15300.0,0.0,0.0,0.0,0.0,77
2023-05-09 21:39:59,pb2310,pb2310,15270.0,0.0,0.0,0.0,1,15240.0,15300.0,5,15270.0,15300.0,0.0,0.0,0.0,0.0,77
2023-05-09 21:40:09,pb2310,pb2310,15270.0,0.0,0.0,0.0,1,15240.0,15300.0,5,15270.0,15300.0,0.0,0.0,0.0,0.0,77
2023-05-09 21:40:11,pb2310,pb2310,15270.0,0.0,0.0,0.0,1,15210.0,15300.0,5,15270.0,15300.0,0.0,0.0,0.0,0.0,77
2023-05-09 21:40:11,pb2310,pb2310,15270.0,0.0,0.0,0.0,3,15215.0,15300.0,5,15270.0,15300.0,0.0,0.0,0.0,0.0,77
2023-05-09 21:40:14,pb2310,pb2310,15270.0,0.0,0.0,0.0,1,15220.0,15300.0,5,15270.0,15300.0,0.0,0.0,0.0,0.0,77
2023-05-09 21:40:15,pb2310,pb2310,15270.0,0.0,0.0,0.0,3,15225.0,15300.0,5,15270.0,15300.0,0.0,0.0,0.0,0.0,77
2023-05-09 21:40:15,pb2310,pb2310,15270.0,0.0,0.0,0.0,4,15225.0,15300.0,5,15270.0,15300.0,0.0,0.0,0.0,0.0,77
2023-05-09 21:40:21,pb2310,pb2310,15270.0,0.0,0.0,0.0,3,15225.0,15300.0,5,15270.0,15300.0,0.0,0.0,0.0,0.0,77
2023-05-09 21:40:21,pb2310,pb2310,15270.0,0.0,0.0,0.0,1,15230.0,15300.0,5,15270.0,15300.0,0.0,0.0,0.0,0.0,77
2023-05-09 21:40:22,pb2310,pb2310,15270.0,0.0,0.0,0.0,2,15235.0,15300.0,5,15270.0,15300.0,0.0,0.0,0.0,0.0,77
2023-05-09 21:40:27,pb2310,pb2310,15270.0,0.0,0.0,0.0,2,15235.0,15300.0,5,15270.0,15300.0,0.0,0.0,0.0,0.0,77
2023-05-09 21:40:28,pb2310,pb2310,15270.0,0.0,0.0,0.0,1,15235.0,15300.0,5,15270.0,15300.0,0.0,0.0,0.0,0.0,77
2023-05-09 21:40:28,pb2310,pb2310,15270.0,0.0,0.0,0.0,1,15240.0,15300.0,5,15270.0,15300.0,0.0,0.0,0.0,0.0,77
2023-05-09 21:40:29,pb2310,pb2310,15270.0,0.0,0.0,0.0,1,15240.0,15300.0,5,15270.0,15300.0,0.0,0.0,0.0,0.0,77
2023-05-09 21:40:34,pb2310,pb2310,15270.0,0.0,0.0,0.0,2,15245.0,15300.0,5,15270.0,15300.0,0.0,0.0,0.0,0.0,77
2023-05-09 21:40:34,pb2310,pb2310,15270.0,0.0,0.0,0.0,2,15245.0,15300.0,5,15270.0,15300.0,0.0,0.0,0.0,0.0,77
2023-05-09 21:40:35,pb2310,pb2310,15270.0,0.0,0.0,0.0,1,15250.0,15300.0,5,15270.0,15300.0,0.0,0.0,0.0,0.0,77
2023-05-09 21:40:41,pb2310,pb2310,15270.0,0.0,0.0,0.0,2,15245.0,15300.0,5,15270.0,15300.0,0.0,0.0,0.0,0.0,77
2023-05-09 21:40:48,pb2310,pb2310,15270.0,0.0,0.0,0.0,1,15250.0,15300.0,5,15270.0,15300.0,0.0,0.0,0.0,0.0,77
2023-05-09 21:41:00,pb2310,pb2310,15270.0,0.0,0.0,0.0,2,15245.0,15300.0,5,15270.0,15300.0,0.0,0.0,0.0,0.0,77
2023-05-09 21:41:06,pb2310,pb2310,15270.0,0.0,0.0,0.0,1,15250.0,15300.0,5,15270.0,15300.0,0.0,0.0,0.0,0.0,77
2023-05-09 21:41:12,pb2310,pb2310,15270.0,0.0,0.0,0.0,2,15245.0,15300.0,5,15270.0,15300.0,0.0,0.0,0.0,0.0,77
2023-05-09 21:41:13,pb2310,pb2310,15270.0,0.0,0.0,0.0,1,15250.0,15300.0,5,15270.0,15300.0,0.0,0.0,0.0,0.0,77
2023-05-09 21:41:21,pb2310,pb2310,15270.0,0.0,0.0,0.0,2,15245.0,15300.0,5,15270.0,15300.0,0.0,0.0,0.0,0.0,77
2023-05-09 21:41:21,pb2310,pb2310,15270.0,0.0,0.0,0.0,1,15250.0,15300.0,5,15270.0,15300.0,0.0,0.0,0.0,0.0,77
2023-05-09 21:41:33,pb2310,pb2310,15270.0,0.0,0.0,0.0,2,15245.0,15300.0,5,15270.0,15300.0,0.0,0.0,0.0,0.0,77
2023-05-09 21:41:34,pb2310,pb2310,15270.0,0.0,0.0,0.0,1,15250.0,15300.0,5,15270.0,15300.0,0.0,0.0,0.0,0.0,77
2023-05-09 21:41:46,pb2310,pb2310,15270.0,0.0,0.0,0.0,2,15245.0,15300.0,5,15270.0,15300.0,0.0,0.0,0.0,0.0,77
2023-05-09 21:41:46,pb2310,pb2310,15270.0,0.0,0.0,0.0,1,15250.0,15300.0,5,15270.0,15300.0,0.0,0.0,0.0,0.0,77
2023-05-09 21:41:58,pb2310,pb2310,15270.0,0.0,0.0,0.0,2,15245.0,15300.0,5,15270.0,15300.0,0.0,0.0,0.0,0.0,77
2023-05-09 21:42:05,pb2310,pb2310,15270.0,0.0,0.0,0.0,1,15250.0,15300.0,5,15270.0,15300.0,0.0,0.0,0.0,0.0,77
2023-05-09 21:42:11,pb2310,pb2310,15270.0,0.0,0.0,0.0,2,15245.0,15300.0,5,15270.0,15300.0,0.0,0.0,0.0,0.0,77
2023-05-09 21:42:12,pb2310,pb2310,15270.0,0.0,0.0,0.0,1,15250.0,15300.0,5,15270.0,15300.0,0.0,0.0,0.0,0.0,77
2023-05-09 21:42:24,pb2310,pb2310,15270.0,0.0,0.0,0.0,2,15245.0,15300.0,5,15270.0,15300.0,0.0,0.0,0.0,0.0,77
2023-05-09 21:42:24,pb2310,pb2310,15270.0,0.0,0.0,0.0,1,15250.0,15300.0,5,15270.0,15300.0,0.0,0.0,0.0,0.0,77
2023-05-09 21:42:36,pb2310,pb2310,15270.0,0.0,0.0,0.0,2,15245.0,15300.0,5,15270.0,15300.0,0.0,0.0,0.0,0.0,77
2023-05-09 21:42:37,pb2310,pb2310,15270.0,0.0,0.0,0.0,1,15250.0,15300.0,5,15270.0,15300.0,0.0,0.0,0.0,0.0,77
2023-05-09 21:42:43,pb2310,pb2310,15270.0,0.0,0.0,0.0,2,15245.0,15300.0,5,15270.0,15300.0,0.0,0.0,0.0,0.0,77
2023-05-09 21:42:49,pb2310,pb2310,15270.0,0.0,0.0,0.0,1,15250.0,15300.0,5,15270.0,15300.0,0.0,0.0,0.0,0.0,77
2023-05-09 21:43:01,pb2310,pb2310,15270.0,0.0,0.0,0.0,2,15245.0,15300.0,5,15270.0,15300.0,0.0,0.0,0.0,0.0,77
2023-05-09 21:43:02,pb2310,pb2310,15270.0,0.0,0.0,0.0,1,15250.0,15300.0,5,15270.0,15300.0,0.0,0.0,0.0,0.0,77
2023-05-09 21:43:14,pb2310,pb2310,15270.0,0.0,0.0,0.0,2,15245.0,15300.0,5,15270.0,15300.0,0.0,0.0,0.0,0.0,77
2023-05-09 21:43:21,pb2310,pb2310,15270.0,0.0,0.0,0.0,1,15250.0,15300.0,5,15270.0,15300.0,0.0,0.0,0.0,0.0,77
2023-05-09 21:43:27,pb2310,pb2310,15270.0,0.0,0.0,0.0,2,15245.0,15300.0,5,15270.0,15300.0,0.0,0.0,0.0,0.0,77
2023-05-09 21:43:27,pb2310,pb2310,15270.0,0.0,0.0,0.0,1,15250.0,15300.0,5,15270.0,15300.0,0.0,0.0,0.0,0.0,77
2023-05-09 21:43:33,pb2310,pb2310,15270.0,0.0,0.0,0.0,2,15245.0,15300.0,5,15270.0,15300.0,0.0,0.0,0.0,0.0,77
2023-05-09 21:43:34,pb2310,pb2310,15270.0,0.0,0.0,0.0,1,15250.0,15300.0,5,15270.0,15300.0,0.0,0.0,0.0,0.0,77
2023-05-09 21:43:37,pb2310,pb2310,15270.0,0.0,0.0,0.0,2,15245.0,15300.0,5,15270.0,15300.0,0.0,0.0,0.0,0.0,77
2023-05-09 21:43:38,pb2310,pb2310,15270.0,0.0,0.0,0.0,1,15250.0,15300.0,5,15270.0,15300.0,0.0,0.0,0.0,0.0,77
2023-05-09 21:43:40,pb2310,pb2310,15270.0,0.0,0.0,0.0,2,15245.0,15300.0,5,15270.0,15300.0,0.0,0.0,0.0,0.0,77
2023-05-09 21:43:41,pb2310,pb2310,15270.0,0.0,0.0,0.0,1,15250.0,15300.0,5,15270.0,15300.0,0.0,0.0,0.0,0.0,77
2023-05-09 21:43:46,pb2310,pb2310,15270.0,0.0,0.0,0.0,2,15245.0,15300.0,5,15270.0,15300.0,0.0,0.0,0.0,0.0,77
2023-05-09 21:43:47,pb2310,pb2310,15270.0,0.0,0.0,0.0,1,15250.0,15300.0,5,15270.0,15300.0,0.0,0.0,0.0,0.0,77
2023-05-09 21:43:53,pb2310,pb2310,15270.0,0.0,0.0,0.0,2,15245.0,15300.0,5,15270.0,15300.0,0.0,0.0,0.0,0.0,77
2023-05-09 21:43:53,pb2310,pb2310,15270.0,0.0,0.0,0.0,1,15250.0,15300.0,5,15270.0,15300.0,0.0,0.0,0.0,0.0,77
2023-05-09 21:43:59,pb2310,pb2310,15270.0,0.0,0.0,0.0,2,15245.0,15300.0,5,15270.0,15300.0,0.0,0.0,0.0,0.0,77
2023-05-09 21:44:00,pb2310,pb2310,15270.0,0.0,0.0,0.0,1,15250.0,15300.0,5,15270.0,15300.0,0.0,0.0,0.0,0.0,77
2023-05-09 21:44:06,pb2310,pb2310,15270.0,0.0,0.0,0.0,2,15245.0,15300.0,5,15270.0,15300.0,0.0,0.0,0.0,0.0,77
2023-05-09 21:44:07,pb2310,pb2310,15270.0,0.0,0.0,0.0,1,15250.0,15300.0,5,15270.0,15300.0,0.0,0.0,0.0,0.0,77
2023-05-09 21:44:19,pb2310,pb2310,15270.0,0.0,0.0,0.0,2,15245.0,15300.0,5,15270.0,15300.0,0.0,0.0,0.0,0.0,77
2023-05-09 21:44:19,pb2310,pb2310,15270.0,0.0,0.0,0.0,1,15250.0,15300.0,5,15270.0,15300.0,0.0,0.0,0.0,0.0,77
2023-05-09 21:44:25,pb2310,pb2310,15270.0,0.0,0.0,0.0,2,15245.0,15300.0,5,15270.0,15300.0,0.0,0.0,0.0,0.0,77
2023-05-09 21:44:26,pb2310,pb2310,15270.0,0.0,0.0,0.0,1,15250.0,15300.0,5,15270.0,15300.0,0.0,0.0,0.0,0.0,77
2023-05-09 21:44:32,pb2310,pb2310,15270.0,0.0,0.0,0.0,2,15245.0,15300.0,5,15270.0,15300.0,0.0,0.0,0.0,0.0,77
2023-05-09 21:44:33,pb2310,pb2310,15270.0,0.0,0.0,0.0,1,15255.0,15300.0,5,15270.0,15300.0,0.0,0.0,0.0,0.0,77
2023-05-09 21:44:39,pb2310,pb2310,15270.0,0.0,0.0,0.0,2,15245.0,15300.0,5,15270.0,15300.0,0.0,0.0,0.0,0.0,77
2023-05-09 21:44:39,pb2310,pb2310,15270.0,0.0,0.0,0.0,1,15250.0,15300.0,5,15270.0,15300.0,0.0,0.0,0.0,0.0,77
2023-05-09 21:44:45,pb2310,pb2310,15270.0,0.0,0.0,0.0,2,15245.0,15300.0,5,15270.0,15300.0,0.0,0.0,0.0,0.0,77
2023-05-09 21:44:46,pb2310,pb2310,15270.0,0.0,0.0,0.0,1,15250.0,15300.0,5,15270.0,15300.0,0.0,0.0,0.0,0.0,77
2023-05-09 21:44:52,pb2310,pb2310,15270.0,0.0,0.0,0.0,2,15245.0,15300.0,5,15270.0,15300.0,0.0,0.0,0.0,0.0,77
2023-05-09 21:44:52,pb2310,pb2310,15270.0,0.0,0.0,0.0,1,15250.0,15300.0,5,15270.0,15300.0,0.0,0.0,0.0,0.0,77
2023-05-09 21:44:58,pb2310,pb2310,15270.0,0.0,0.0,0.0,2,15245.0,15300.0,5,15270.0,15300.0,0.0,0.0,0.0,0.0,77
2023-05-09 21:44:59,pb2310,pb2310,15270.0,0.0,0.0,0.0,1,15250.0,15300.0,5,15270.0,15300.0,0.0,0.0,0.0,0.0,77
2023-05-09 21:45:05,pb2310,pb2310,15270.0,0.0,0.0,0.0,2,15245.0,15300.0,5,15270.0,15300.0,0.0,0.0,0.0,0.0,77
2023-05-09 21:45:06,pb2310,pb2310,15270.0,0.0,0.0,0.0,1,15250.0,15300.0,5,15270.0,15300.0,0.0,0.0,0.0,0.0,77
2023-05-09 21:45:12,pb2310,pb2310,15270.0,0.0,0.0,0.0,2,15245.0,15300.0,5,15270.0,15300.0,0.0,0.0,0.0,0.0,77
2023-05-09 21:45:12,pb2310,pb2310,15270.0,0.0,0.0,0.0,1,15250.0,15300.0,5,15270.0,15300.0,0.0,0.0,0.0,0.0,77
2023-05-09 21:45:18,pb2310,pb2310,15270.0,0.0,0.0,0.0,2,15245.0,15300.0,5,15270.0,15300.0,0.0,0.0,0.0,0.0,77
2023-05-09 21:45:19,pb2310,pb2310,15270.0,0.0,0.0,0.0,1,15250.0,15300.0,5,15270.0,15300.0,0.0,0.0,0.0,0.0,77
2023-05-09 21:45:24,pb2310,pb2310,15270.0,0.0,0.0,0.0,2,15245.0,15300.0,5,15270.0,15300.0,0.0,0.0,0.0,0.0,77
2023-05-09 21:45:24,pb2310,pb2310,15270.0,0.0,0.0,0.0,1,15255.0,15300.0,5,15270.0,15300.0,0.0,0.0,0.0,0.0,77
2023-05-09 21:45:30,pb2310,pb2310,15270.0,0.0,0.0,0.0,2,15245.0,15300.0,5,15270.0,15300.0,0.0,0.0,0.0,0.0,77
2023-05-09 21:45:31,pb2310,pb2310,15270.0,0.0,0.0,0.0,1,15250.0,15300.0,5,15270.0,15300.0,0.0,0.0,0.0,0.0,77
2023-05-09 21:45:34,pb2310,pb2310,15270.0,0.0,0.0,0.0,1,15250.0,15300.0,5,15270.0,15300.0,0.0,0.0,0.0,0.0,77
2023-05-09 21:45:43,pb2310,pb2310,15270.0,0.0,0.0,0.0,1,15210.0,15300.0,5,15270.0,15300.0,0.0,0.0,0.0,0.0,77
2023-05-09 21:45:43,pb2310,pb2310,15270.0,0.0,0.0,0.0,5,15215.0,15300.0,5,15270.0,15300.0,0.0,0.0,0.0,0.0,77
2023-05-09 21:45:48,pb2310,pb2310,15270.0,0.0,0.0,0.0,1,15220.0,15300.0,5,15270.0,15300.0,0.0,0.0,0.0,0.0,77
2023-05-09 21:45:48,pb2310,pb2310,15270.0,0.0,0.0,0.0,2,15225.0,15300.0,5,15270.0,15300.0,0.0,0.0,0.0,0.0,77
2023-05-09 21:45:49,pb2310,pb2310,15270.0,0.0,0.0,0.0,3,15225.0,15300.0,5,15270.0,15300.0,0.0,0.0,0.0,0.0,77
2023-05-09 21:45:49,pb2310,pb2310,15270.0,0.0,0.0,0.0,3,15225.0,15300.0,5,15270.0,15300.0,0.0,0.0,0.0,0.0,77
2023-05-09 21:45:50,pb2310,pb2310,15270.0,0.0,0.0,0.0,1,15230.0,15300.0,5,15270.0,15300.0,0.0,0.0,0.0,0.0,77
2023-05-09 21:45:50,pb2310,pb2310,15270.0,0.0,0.0,0.0,1,15235.0,15300.0,5,15270.0,15300.0,0.0,0.0,0.0,0.0,77
2023-05-09 21:45:51,pb2310,pb2310,15270.0,0.0,0.0,0.0,1,15235.0,15300.0,5,15270.0,15300.0,0.0,0.0,0.0,0.0,77
2023-05-09 21:45:54,pb2310,pb2310,15270.0,0.0,0.0,0.0,1,15235.0,15300.0,5,15270.0,15300.0,0.0,0.0,0.0,0.0,77
2023-05-09 21:45:56,pb2310,pb2310,15270.0,0.0,0.0,0.0,1,15235.0,15300.0,5,15270.0,15300.0,0.0,0.0,0.0,0.0,77
2023-05-09 21:45:57,pb2310,pb2310,15270.0,0.0,0.0,0.0,1,15240.0,15300.0,5,15270.0,15300.0,0.0,0.0,0.0,0.0,77
2023-05-09 21:45:57,pb2310,pb2310,15270.0,0.0,0.0,0.0,1,15240.0,15300.0,5,15270.0,15300.0,0.0,0.0,0.0,0.0,77
2023-05-09 21:46:09,pb2310,pb2310,15270.0,0.0,0.0,0.0,1,15225.0,15300.0,5,15270.0,15300.0,0.0,0.0,0.0,0.0,77
2023-05-09 21:46:09,pb2310,pb2310,15270.0,0.0,0.0,0.0,3,15230.0,15300.0,5,15270.0,15300.0,0.0,0.0,0.0,0.0,77
2023-05-09 21:46:11,pb2310,pb2310,15270.0,0.0,0.0,0.0,3,15230.0,15300.0,5,15270.0,15300.0,0.0,0.0,0.0,0.0,77
2023-05-09 21:46:12,pb2310,pb2310,15270.0,0.0,0.0,0.0,1,15235.0,15300.0,5,15270.0,15300.0,0.0,0.0,0.0,0.0,77
2023-05-09 21:46:12,pb2310,pb2310,15270.0,0.0,0.0,0.0,1,15240.0,15300.0,5,15270.0,15300.0,0.0,0.0,0.0,0.0,77
2023-05-09 21:46:15,pb2310,pb2310,15270.0,0.0,0.0,0.0,2,15245.0,15300.0,5,15270.0,15300.0,0.0,0.0,0.0,0.0,77
2023-05-09 21:46:16,pb2310,pb2310,15270.0,0.0,0.0,0.0,1,15250.0,15300.0,5,15270.0,15300.0,0.0,0.0,0.0,0.0,77
2023-05-09 21:46:18,pb2310,pb2310,15270.0,0.0,0.0,0.0,1,15250.0,15300.0,5,15270.0,15300.0,0.0,0.0,0.0,0.0,77
2023-05-09 21:46:22,pb2310,pb2310,15270.0,0.0,0.0,0.0,2,15245.0,15300.0,5,15270.0,15300.0,0.0,0.0,0.0,0.0,77
2023-05-09 21:46:22,pb2310,pb2310,15270.0,0.0,0.0,0.0,1,15250.0,15300.0,5,15270.0,15300.0,0.0,0.0,0.0,0.0,77
2023-05-09 21:46:25,pb2310,pb2310,15270.0,0.0,0.0,0.0,2,15245.0,15300.0,5,15270.0,15300.0,0.0,0.0,0.0,0.0,77
2023-05-09 21:46:26,pb2310,pb2310,15270.0,0.0,0.0,0.0,1,15250.0,15300.0,5,15270.0,15300.0,0.0,0.0,0.0,0.0,77
2023-05-09 21:46:32,pb2310,pb2310,15270.0,0.0,0.0,0.0,2,15245.0,15300.0,5,15270.0,15300.0,0.0,0.0,0.0,0.0,77
2023-05-09 21:46:32,pb2310,pb2310,15270.0,0.0,0.0,0.0,1,15250.0,15300.0,5,15270.0,15300.0,0.0,0.0,0.0,0.0,77
2023-05-09 21:46:44,pb2310,pb2310,15270.0,0.0,0.0,0.0,2,15245.0,15300.0,5,15270.0,15300.0,0.0,0.0,0.0,0.0,77
2023-05-09 21:46:45,pb2310,pb2310,15270.0,0.0,0.0,0.0,1,15250.0,15300.0,5,15270.0,15300.0,0.0,0.0,0.0,0.0,77
2023-05-09 21:46:53,pb2310,pb2310,15270.0,0.0,0.0,0.0,2,15245.0,15300.0,5,15270.0,15300.0,0.0,0.0,0.0,0.0,77
2023-05-09 21:46:53,pb2310,pb2310,15270.0,0.0,0.0,0.0,1,15250.0,15300.0,5,15270.0,15300.0,0.0,0.0,0.0,0.0,77
2023-05-09 21:47:05,pb2310,pb2310,15270.0,0.0,0.0,0.0,2,15245.0,15300.0,5,15270.0,15300.0,0.0,0.0,0.0,0.0,77
2023-05-09 21:47:06,pb2310,pb2310,15270.0,0.0,0.0,0.0,1,15250.0,15300.0,5,15270.0,15300.0,0.0,0.0,0.0,0.0,77
2023-05-09 21:47:12,pb2310,pb2310,15270.0,0.0,0.0,0.0,2,15245.0,15300.0,5,15270.0,15300.0,0.0,0.0,0.0,0.0,77
2023-05-09 21:47:12,pb2310,pb2310,15270.0,0.0,0.0,0.0,1,15250.0,15300.0,5,15270.0,15300.0,0.0,0.0,0.0,0.0,77
2023-05-09 21:47:18,pb2310,pb2310,15270.0,0.0,0.0,0.0,2,15245.0,15300.0,5,15270.0,15300.0,0.0,0.0,0.0,0.0,77
2023-05-09 21:47:19,pb2310,pb2310,15270.0,0.0,0.0,0.0,1,15250.0,15300.0,5,15270.0,15300.0,0.0,0.0,0.0,0.0,77
2023-05-09 21:47:25,pb2310,pb2310,15270.0,0.0,0.0,0.0,2,15245.0,15300.0,5,15270.0,15300.0,0.0,0.0,0.0,0.0,77
2023-05-09 21:47:26,pb2310,pb2310,15270.0,0.0,0.0,0.0,1,15250.0,15300.0,5,15270.0,15300.0,0.0,0.0,0.0,0.0,77
2023-05-09 21:47:32,pb2310,pb2310,15270.0,0.0,0.0,0.0,2,15245.0,15300.0,5,15270.0,15300.0,0.0,0.0,0.0,0.0,77
2023-05-09 21:47:32,pb2310,pb2310,15270.0,0.0,0.0,0.0,1,15250.0,15300.0,5,15270.0,15300.0,0.0,0.0,0.0,0.0,77
2023-05-09 21:47:38,pb2310,pb2310,15270.0,0.0,0.0,0.0,2,15245.0,15300.0,5,15270.0,15300.0,0.0,0.0,0.0,0.0,77
2023-05-09 21:47:39,pb2310,pb2310,15270.0,0.0,0.0,0.0,1,15250.0,15300.0,5,15270.0,15300.0,0.0,0.0,0.0,0.0,77
2023-05-09 21:47:45,pb2310,pb2310,15270.0,0.0,0.0,0.0,2,15245.0,15300.0,5,15270.0,15300.0,0.0,0.0,0.0,0.0,77
2023-05-09 21:47:45,pb2310,pb2310,15270.0,0.0,0.0,0.0,1,15250.0,15300.0,5,15270.0,15300.0,0.0,0.0,0.0,0.0,77
2023-05-09 21:47:57,pb2310,pb2310,15270.0,0.0,0.0,0.0,2,15245.0,15300.0,5,15270.0,15300.0,0.0,0.0,0.0,0.0,77
2023-05-09 21:47:58,pb2310,pb2310,15270.0,0.0,0.0,0.0,1,15250.0,15300.0,5,15270.0,15300.0,0.0,0.0,0.0,0.0,77
2023-05-09 21:48:04,pb2310,pb2310,15270.0,0.0,0.0,0.0,2,15245.0,15300.0,5,15270.0,15300.0,0.0,0.0,0.0,0.0,77
2023-05-09 21:48:05,pb2310,pb2310,15270.0,0.0,0.0,0.0,1,15250.0,15300.0,5,15270.0,15300.0,0.0,0.0,0.0,0.0,77
2023-05-09 21:48:11,pb2310,pb2310,15270.0,0.0,0.0,0.0,2,15245.0,15300.0,5,15270.0,15300.0,0.0,0.0,0.0,0.0,77
2023-05-09 21:48:11,pb2310,pb2310,15270.0,0.0,0.0,0.0,1,15250.0,15300.0,5,15270.0,15300.0,0.0,0.0,0.0,0.0,77
2023-05-09 21:48:21,pb2310,pb2310,15270.0,0.0,0.0,0.0,2,15245.0,15300.0,5,15270.0,15300.0,0.0,0.0,0.0,0.0,77
2023-05-09 21:48:22,pb2310,pb2310,15270.0,0.0,0.0,0.0,1,15250.0,15300.0,5,15270.0,15300.0,0.0,0.0,0.0,0.0,77
2023-05-09 21:48:26,pb2310,pb2310,15270.0,0.0,0.0,0.0,2,15245.0,15300.0,5,15270.0,15300.0,0.0,0.0,0.0,0.0,77
2023-05-09 21:48:26,pb2310,pb2310,15270.0,0.0,0.0,0.0,1,15255.0,15300.0,5,15270.0,15300.0,0.0,0.0,0.0,0.0,77
2023-05-09 21:48:34,pb2310,pb2310,15270.0,0.0,0.0,0.0,2,15245.0,15300.0,5,15270.0,15300.0,0.0,0.0,0.0,0.0,77
2023-05-09 21:48:41,pb2310,pb2310,15270.0,0.0,0.0,0.0,1,15250.0,15300.0,5,15270.0,15300.0,0.0,0.0,0.0,0.0,77
2023-05-09 21:48:47,pb2310,pb2310,15270.0,0.0,0.0,0.0,2,15245.0,15300.0,5,15270.0,15300.0,0.0,0.0,0.0,0.0,77
2023-05-09 21:48:47,pb2310,pb2310,15270.0,0.0,0.0,0.0,1,15250.0,15300.0,5,15270.0,15300.0,0.0,0.0,0.0,0.0,77
2023-05-09 21:48:53,pb2310,pb2310,15270.0,0.0,0.0,0.0,2,15245.0,15300.0,5,15270.0,15300.0,0.0,0.0,0.0,0.0,77
2023-05-09 21:48:54,pb2310,pb2310,15270.0,0.0,0.0,0.0,1,15255.0,15300.0,5,15270.0,15300.0,0.0,0.0,0.0,0.0,77
2023-05-09 21:49:00,pb2310,pb2310,15270.0,0.0,0.0,0.0,2,15245.0,15300.0,5,15270.0,15300.0,0.0,0.0,0.0,0.0,77
2023-05-09 21:49:01,pb2310,pb2310,15270.0,0.0,0.0,0.0,1,15250.0,15300.0,5,15270.0,15300.0,0.0,0.0,0.0,0.0,77
2023-05-09 21:49:13,pb2310,pb2310,15270.0,0.0,0.0,0.0,2,15245.0,15300.0,5,15270.0,15300.0,0.0,0.0,0.0,0.0,77
2023-05-09 21:49:13,pb2310,pb2310,15270.0,0.0,0.0,0.0,1,15250.0,15300.0,5,15270.0,15300.0,0.0,0.0,0.0,0.0,77
2023-05-09 21:49:19,pb2310,pb2310,15270.0,0.0,0.0,0.0,2,15245.0,15300.0,5,15270.0,15300.0,0.0,0.0,0.0,0.0,77
2023-05-09 21:49:20,pb2310,pb2310,15270.0,0.0,0.0,0.0,1,15250.0,15300.0,5,15270.0,15300.0,0.0,0.0,0.0,0.0,77
2023-05-09 21:49:26,pb2310,pb2310,15270.0,0.0,0.0,0.0,2,15245.0,15300.0,5,15270.0,15300.0,0.0,0.0,0.0,0.0,77
2023-05-09 21:49:26,pb2310,pb2310,15270.0,0.0,0.0,0.0,1,15250.0,15300.0,5,15270.0,15300.0,0.0,0.0,0.0,0.0,77
2023-05-09 21:49:32,pb2310,pb2310,15270.0,0.0,0.0,0.0,2,15245.0,15300.0,5,15270.0,15300.0,0.0,0.0,0.0,0.0,77
2023-05-09 21:49:33,pb2310,pb2310,15270.0,0.0,0.0,0.0,1,15250.0,15300.0,5,15270.0,15300.0,0.0,0.0,0.0,0.0,77
2023-05-09 21:49:39,pb2310,pb2310,15270.0,0.0,0.0,0.0,2,15245.0,15300.0,5,15270.0,15300.0,0.0,0.0,0.0,0.0,77
2023-05-09 21:49:40,pb2310,pb2310,15270.0,0.0,0.0,0.0,1,15250.0,15300.0,5,15270.0,15300.0,0.0,0.0,0.0,0.0,77
2023-05-09 21:49:52,pb2310,pb2310,15270.0,0.0,0.0,0.0,2,15245.0,15300.0,5,15270.0,15300.0,0.0,0.0,0.0,0.0,77
2023-05-09 21:49:52,pb2310,pb2310,15270.0,0.0,0.0,0.0,1,15250.0,15300.0,5,15270.0,15300.0,0.0,0.0,0.0,0.0,77
2023-05-09 21:50:04,pb2310,pb2310,15270.0,0.0,0.0,0.0,2,15245.0,15300.0,5,15270.0,15300.0,0.0,0.0,0.0,0.0,77
2023-05-09 21:50:05,pb2310,pb2310,15270.0,0.0,0.0,0.0,1,15250.0,15300.0,5,15270.0,15300.0,0.0,0.0,0.0,0.0,77
2023-05-09 21:50:17,pb2310,pb2310,15270.0,0.0,0.0,0.0,2,15245.0,15300.0,5,15270.0,15300.0,0.0,0.0,0.0,0.0,77
2023-05-09 21:50:17,pb2310,pb2310,15270.0,0.0,0.0,0.0,1,15250.0,15300.0,5,15270.0,15300.0,0.0,0.0,0.0,0.0,77
2023-05-09 21:50:29,pb2310,pb2310,15270.0,0.0,0.0,0.0,2,15245.0,15300.0,5,15270.0,15300.0,0.0,0.0,0.0,0.0,77
2023-05-09 21:50:30,pb2310,pb2310,15270.0,0.0,0.0,0.0,1,15250.0,15300.0,5,15270.0,15300.0,0.0,0.0,0.0,0.0,77
2023-05-09 21:50:37,pb2310,pb2310,15270.0,0.0,0.0,0.0,2,15245.0,15300.0,5,15270.0,15300.0,0.0,0.0,0.0,0.0,77
2023-05-09 21:50:37,pb2310,pb2310,15270.0,0.0,0.0,0.0,1,15250.0,15300.0,5,15270.0,15300.0,0.0,0.0,0.0,0.0,77
2023-05-09 21:50:45,pb2310,pb2310,15270.0,0.0,0.0,0.0,2,15245.0,15300.0,5,15270.0,15300.0,0.0,0.0,0.0,0.0,77
2023-05-09 21:50:46,pb2310,pb2310,15270.0,0.0,0.0,0.0,1,15250.0,15300.0,5,15270.0,15300.0,0.0,0.0,0.0,0.0,77
2023-05-09 21:50:58,pb2310,pb2310,15270.0,0.0,0.0,0.0,2,15245.0,15300.0,5,15270.0,15300.0,0.0,0.0,0.0,0.0,77
2023-05-09 21:50:58,pb2310,pb2310,15270.0,0.0,0.0,0.0,1,15250.0,15300.0,5,15270.0,15300.0,0.0,0.0,0.0,0.0,77
2023-05-09 21:51:10,pb2310,pb2310,15270.0,0.0,0.0,0.0,2,15245.0,15300.0,5,15270.0,15300.0,0.0,0.0,0.0,0.0,77
2023-05-09 21:51:11,pb2310,pb2310,15270.0,0.0,0.0,0.0,1,15250.0,15300.0,5,15270.0,15300.0,0.0,0.0,0.0,0.0,77
2023-05-09 21:51:16,pb2310,pb2310,15270.0,0.0,0.0,0.0,1,15250.0,15300.0,5,15270.0,15300.0,0.0,0.0,0.0,0.0,77
2023-05-09 21:51:23,pb2310,pb2310,15270.0,0.0,0.0,0.0,1,15225.0,15300.0,5,15270.0,15300.0,0.0,0.0,0.0,0.0,77
2023-05-09 21:51:23,pb2310,pb2310,15270.0,0.0,0.0,0.0,3,15230.0,15300.0,5,15270.0,15300.0,0.0,0.0,0.0,0.0,77
2023-05-09 21:51:29,pb2310,pb2310,15270.0,0.0,0.0,0.0,1,15235.0,15300.0,5,15270.0,15300.0,0.0,0.0,0.0,0.0,77
2023-05-09 21:51:29,pb2310,pb2310,15270.0,0.0,0.0,0.0,1,15235.0,15300.0,5,15270.0,15300.0,0.0,0.0,0.0,0.0,77
2023-05-09 21:51:30,pb2310,pb2310,15270.0,0.0,0.0,0.0,2,15235.0,15300.0,5,15270.0,15300.0,0.0,0.0,0.0,0.0,77
2023-05-09 21:51:34,pb2310,pb2310,15270.0,0.0,0.0,0.0,1,15235.0,15300.0,5,15270.0,15300.0,0.0,0.0,0.0,0.0,77
2023-05-09 21:51:35,pb2310,pb2310,15270.0,0.0,0.0,0.0,1,15235.0,15300.0,5,15270.0,15300.0,0.0,0.0,0.0,0.0,77
2023-05-09 21:51:36,pb2310,pb2310,15270.0,0.0,0.0,0.0,1,15240.0,15300.0,5,15270.0,15300.0,0.0,0.0,0.0,0.0,77
2023-05-09 21:51:45,pb2310,pb2310,15270.0,0.0,0.0,0.0,1,15240.0,15300.0,5,15270.0,15300.0,0.0,0.0,0.0,0.0,77
2023-05-09 21:51:46,pb2310,pb2310,15270.0,0.0,0.0,0.0,1,15240.0,15300.0,5,15270.0,15300.0,0.0,0.0,0.0,0.0,77
2023-05-09 21:51:48,pb2310,pb2310,15270.0,0.0,0.0,0.0,1,15235.0,15300.0,5,15270.0,15300.0,0.0,0.0,0.0,0.0,77
2023-05-09 21:51:49,pb2310,pb2310,15270.0,0.0,0.0,0.0,1,15240.0,15300.0,5,15270.0,15300.0,0.0,0.0,0.0,0.0,77
2023-05-09 21:51:49,pb2310,pb2310,15270.0,0.0,0.0,0.0,1,15240.0,15300.0,5,15270.0,15300.0,0.0,0.0,0.0,0.0,77
2023-05-09 21:51:55,pb2310,pb2310,15270.0,0.0,0.0,0.0,1,15235.0,15300.0,5,15270.0,15300.0,0.0,0.0,0.0,0.0,77
2023-05-09 21:51:55,pb2310,pb2310,15270.0,0.0,0.0,0.0,1,15240.0,15300.0,5,15270.0,15300.0,0.0,0.0,0.0,0.0,77
2023-05-09 21:51:58,pb2310,pb2310,15270.0,0.0,0.0,0.0,3,15240.0,15300.0,5,15270.0,15300.0,0.0,0.0,0.0,0.0,77
2023-05-09 21:52:01,pb2310,pb2310,15270.0,0.0,0.0,0.0,2,15240.0,15300.0,5,15270.0,15300.0,0.0,0.0,0.0,0.0,77
2023-05-09 21:52:02,pb2310,pb2310,15270.0,0.0,0.0,0.0,1,15245.0,15300.0,5,15270.0,15300.0,0.0,0.0,0.0,0.0,77
2023-05-09 21:52:14,pb2310,pb2310,15270.0,0.0,0.0,0.0,2,15240.0,15300.0,5,15270.0,15300.0,0.0,0.0,0.0,0.0,77
2023-05-09 21:52:14,pb2310,pb2310,15270.0,0.0,0.0,0.0,1,15245.0,15300.0,5,15270.0,15300.0,0.0,0.0,0.0,0.0,77
2023-05-09 21:52:26,pb2310,pb2310,15270.0,0.0,0.0,0.0,2,15240.0,15300.0,5,15270.0,15300.0,0.0,0.0,0.0,0.0,77
2023-05-09 21:52:27,pb2310,pb2310,15270.0,0.0,0.0,0.0,1,15245.0,15300.0,5,15270.0,15300.0,0.0,0.0,0.0,0.0,77
2023-05-09 21:52:39,pb2310,pb2310,15270.0,0.0,0.0,0.0,2,15240.0,15300.0,5,15270.0,15300.0,0.0,0.0,0.0,0.0,77
2023-05-09 21:52:40,pb2310,pb2310,15270.0,0.0,0.0,0.0,1,15245.0,15300.0,5,15270.0,15300.0,0.0,0.0,0.0,0.0,77
2023-05-09 21:52:46,pb2310,pb2310,15270.0,0.0,0.0,0.0,2,15240.0,15300.0,5,15270.0,15300.0,0.0,0.0,0.0,0.0,77
2023-05-09 21:52:46,pb2310,pb2310,15270.0,0.0,0.0,0.0,1,15245.0,15300.0,5,15270.0,15300.0,0.0,0.0,0.0,0.0,77
2023-05-09 21:52:52,pb2310,pb2310,15270.0,0.0,0.0,0.0,2,15240.0,15300.0,5,15270.0,15300.0,0.0,0.0,0.0,0.0,77
2023-05-09 21:52:53,pb2310,pb2310,15270.0,0.0,0.0,0.0,1,15245.0,15300.0,5,15270.0,15300.0,0.0,0.0,0.0,0.0,77
2023-05-09 21:53:05,pb2310,pb2310,15270.0,0.0,0.0,0.0,1,15235.0,15300.0,5,15270.0,15300.0,0.0,0.0,0.0,0.0,77
2023-05-09 21:53:06,pb2310,pb2310,15270.0,0.0,0.0,0.0,1,15240.0,15300.0,5,15270.0,15300.0,0.0,0.0,0.0,0.0,77
2023-05-09 21:53:12,pb2310,pb2310,15270.0,0.0,0.0,0.0,1,15235.0,15300.0,5,15270.0,15300.0,0.0,0.0,0.0,0.0,77
2023-05-09 21:53:12,pb2310,pb2310,15270.0,0.0,0.0,0.0,1,15240.0,15300.0,5,15270.0,15300.0,0.0,0.0,0.0,0.0,77
2023-05-09 21:53:16,pb2310,pb2310,15270.0,0.0,0.0,0.0,1,15240.0,15300.0,5,15270.0,15300.0,0.0,0.0,0.0,0.0,77
2023-05-09 21:53:17,pb2310,pb2310,15270.0,0.0,0.0,0.0,1,15240.0,15300.0,5,15270.0,15300.0,0.0,0.0,0.0,0.0,77
2023-05-09 21:53:18,pb2310,pb2310,15270.0,0.0,0.0,0.0,1,15235.0,15300.0,5,15270.0,15300.0,0.0,0.0,0.0,0.0,77
2023-05-09 21:53:19,pb2310,pb2310,15270.0,0.0,0.0,0.0,1,15240.0,15300.0,5,15270.0,15300.0,0.0,0.0,0.0,0.0,77
2023-05-09 21:53:25,pb2310,pb2310,15270.0,0.0,0.0,0.0,1,15240.0,15300.0,5,15270.0,15300.0,0.0,0.0,0.0,0.0,77
2023-05-09 21:53:25,pb2310,pb2310,15270.0,0.0,0.0,0.0,1,15240.0,15300.0,5,15270.0,15300.0,0.0,0.0,0.0,0.0,77
2023-05-09 21:53:29,pb2310,pb2310,15270.0,0.0,0.0,0.0,2,15245.0,15300.0,5,15270.0,15300.0,0.0,0.0,0.0,0.0,77
2023-05-09 21:53:31,pb2310,pb2310,15270.0,0.0,0.0,0.0,2,15245.0,15300.0,5,15270.0,15300.0,0.0,0.0,0.0,0.0,77
2023-05-09 21:53:32,pb2310,pb2310,15270.0,0.0,0.0,0.0,1,15250.0,15300.0,5,15270.0,15300.0,0.0,0.0,0.0,0.0,77
2023-05-09 21:53:38,pb2310,pb2310,15270.0,0.0,0.0,0.0,2,15245.0,15300.0,5,15270.0,15300.0,0.0,0.0,0.0,0.0,77
2023-05-09 21:53:38,pb2310,pb2310,15270.0,0.0,0.0,0.0,1,15250.0,15300.0,5,15270.0,15300.0,0.0,0.0,0.0,0.0,77
2023-05-09 21:53:44,pb2310,pb2310,15270.0,0.0,0.0,0.0,2,15245.0,15300.0,5,15270.0,15300.0,0.0,0.0,0.0,0.0,77
2023-05-09 21:53:45,pb2310,pb2310,15270.0,0.0,0.0,0.0,1,15250.0,15300.0,5,15270.0,15300.0,0.0,0.0,0.0,0.0,77
2023-05-09 21:53:57,pb2310,pb2310,15270.0,0.0,0.0,0.0,2,15245.0,15300.0,5,15270.0,15300.0,0.0,0.0,0.0,0.0,77
2023-05-09 21:53:58,pb2310,pb2310,15270.0,0.0,0.0,0.0,1,15250.0,15300.0,5,15270.0,15300.0,0.0,0.0,0.0,0.0,77
2023-05-09 21:54:04,pb2310,pb2310,15270.0,0.0,0.0,0.0,2,15245.0,15300.0,5,15270.0,15300.0,0.0,0.0,0.0,0.0,77
2023-05-09 21:54:04,pb2310,pb2310,15270.0,0.0,0.0,0.0,1,15250.0,15300.0,5,15270.0,15300.0,0.0,0.0,0.0,0.0,77
2023-05-09 21:54:10,pb2310,pb2310,15270.0,0.0,0.0,0.0,2,15245.0,15300.0,5,15270.0,15300.0,0.0,0.0,0.0,0.0,77
2023-05-09 21:54:11,pb2310,pb2310,15270.0,0.0,0.0,0.0,1,15250.0,15300.0,5,15270.0,15300.0,0.0,0.0,0.0,0.0,77
2023-05-09 21:54:17,pb2310,pb2310,15270.0,0.0,0.0,0.0,2,15245.0,15300.0,5,15270.0,15300.0,0.0,0.0,0.0,0.0,77
2023-05-09 21:54:18,pb2310,pb2310,15270.0,0.0,0.0,0.0,1,15250.0,15300.0,5,15270.0,15300.0,0.0,0.0,0.0,0.0,77
2023-05-09 21:54:24,pb2310,pb2310,15270.0,0.0,0.0,0.0,2,15245.0,15300.0,5,15270.0,15300.0,0.0,0.0,0.0,0.0,77
2023-05-09 21:54:24,pb2310,pb2310,15270.0,0.0,0.0,0.0,1,15250.0,15300.0,5,15270.0,15300.0,0.0,0.0,0.0,0.0,77
2023-05-09 21:54:36,pb2310,pb2310,15270.0,0.0,0.0,0.0,1,15235.0,15300.0,5,15270.0,15300.0,0.0,0.0,0.0,0.0,77
2023-05-09 21:54:37,pb2310,pb2310,15270.0,0.0,0.0,0.0,1,15240.0,15300.0,5,15270.0,15300.0,0.0,0.0,0.0,0.0,77
2023-05-09 21:54:43,pb2310,pb2310,15270.0,0.0,0.0,0.0,1,15235.0,15300.0,5,15270.0,15300.0,0.0,0.0,0.0,0.0,77
2023-05-09 21:54:44,pb2310,pb2310,15270.0,0.0,0.0,0.0,1,15240.0,15300.0,5,15270.0,15300.0,0.0,0.0,0.0,0.0,77
2023-05-09 21:54:50,pb2310,pb2310,15270.0,0.0,0.0,0.0,1,15235.0,15300.0,5,15270.0,15300.0,0.0,0.0,0.0,0.0,77
2023-05-09 21:54:50,pb2310,pb2310,15270.0,0.0,0.0,0.0,1,15240.0,15300.0,5,15270.0,15300.0,0.0,0.0,0.0,0.0,77
2023-05-09 21:54:54,pb2310,pb2310,15270.0,0.0,0.0,0.0,2,15245.0,15300.0,5,15270.0,15300.0,0.0,0.0,0.0,0.0,77
2023-05-09 21:54:56,pb2310,pb2310,15270.0,0.0,0.0,0.0,2,15245.0,15300.0,5,15270.0,15300.0,0.0,0.0,0.0,0.0,77
2023-05-09 21:54:57,pb2310,pb2310,15270.0,0.0,0.0,0.0,1,15250.0,15300.0,5,15270.0,15300.0,0.0,0.0,0.0,0.0,77
2023-05-09 21:55:01,pb2310,pb2310,15270.0,0.0,0.0,0.0,2,15245.0,15300.0,5,15270.0,15300.0,0.0,0.0,0.0,0.0,77
2023-05-09 21:55:01,pb2310,pb2310,15270.0,0.0,0.0,0.0,1,15250.0,15300.0,5,15270.0,15300.0,0.0,0.0,0.0,0.0,77
2023-05-09 21:55:08,pb2310,pb2310,15270.0,0.0,0.0,0.0,2,15245.0,15300.0,5,15270.0,15300.0,0.0,0.0,0.0,0.0,77
2023-05-09 21:55:09,pb2310,pb2310,15270.0,0.0,0.0,0.0,1,15250.0,15300.0,5,15270.0,15300.0,0.0,0.0,0.0,0.0,77
2023-05-09 21:55:21,pb2310,pb2310,15270.0,0.0,0.0,0.0,2,15245.0,15300.0,5,15270.0,15300.0,0.0,0.0,0.0,0.0,77
2023-05-09 21:55:21,pb2310,pb2310,15270.0,0.0,0.0,0.0,1,15250.0,15300.0,5,15270.0,15300.0,0.0,0.0,0.0,0.0,77
2023-05-09 21:55:27,pb2310,pb2310,15270.0,0.0,0.0,0.0,2,15245.0,15300.0,5,15270.0,15300.0,0.0,0.0,0.0,0.0,77
2023-05-09 21:55:28,pb2310,pb2310,15270.0,0.0,0.0,0.0,1,15250.0,15300.0,5,15270.0,15300.0,0.0,0.0,0.0,0.0,77
2023-05-09 21:55:34,pb2310,pb2310,15270.0,0.0,0.0,0.0,2,15245.0,15300.0,5,15270.0,15300.0,0.0,0.0,0.0,0.0,77
2023-05-09 21:55:34,pb2310,pb2310,15270.0,0.0,0.0,0.0,1,15250.0,15300.0,5,15270.0,15300.0,0.0,0.0,0.0,0.0,77
2023-05-09 21:55:46,pb2310,pb2310,15270.0,0.0,0.0,0.0,2,15245.0,15300.0,5,15270.0,15300.0,0.0,0.0,0.0,0.0,77
2023-05-09 21:55:47,pb2310,pb2310,15270.0,0.0,0.0,0.0,2,15245.0,15300.0,5,15270.0,15300.0,0.0,0.0,0.0,0.0,77
2023-05-09 21:55:47,pb2310,pb2310,15270.0,0.0,0.0,0.0,1,15250.0,15300.0,5,15270.0,15300.0,0.0,0.0,0.0,0.0,77
