time,symbol_id,symbol_name,last,trade_volume,trade_amount,open_interest_change,bv1,bp1,ap1,av1,yesterday_close,today_open,today_high,today_low,volume,amount,open_interest
2023-05-09 20:59:00,pb2307,pb2307,15270.0,9.0,687150.0,0.0,5,15260.0,15270.0,2,15245.0,15270.0,15270.0,15270.0,9.0,687150.0,19870
2023-05-09 21:00:00,pb2307,pb2307,15260.0,3.0,228900.0,3.0,2,15260.0,15265.0,2,15245.0,15270.0,15270.0,15260.0,12.0,916050.0,19873
2023-05-09 21:00:01,pb2307,pb2307,15260.0,14.0,1068200.0,14.0,26,15250.0,15260.0,23,15245.0,15270.0,15270.0,15260.0,26.0,1984250.0,19887
2023-05-09 21:00:01,pb2307,pb2307,15260.0,0.0,0.0,0.0,34,15250.0,15260.0,2,15245.0,15270.0,15270.0,15260.0,26.0,1984250.0,19887
2023-05-09 21:00:02,pb2307,pb2307,15260.0,2.0,152600.0,2.0,1,15260.0,15270.0,11,15245.0,15270.0,15270.0,15260.0,28.0,2136850.0,19889
2023-05-09 21:00:02,pb2307,pb2307,15260.0,0.0,0.0,0.0,3,15265.0,15270.0,17,15245.0,15270.0,15270.0,15260.0,28.0,2136850.0,19889
2023-05-09 21:00:03,pb2307,pb2307,15265.0,3.0,228975.0,0.0,2,15260.0,15270.0,41,15245.0,15270.0,15270.0,15260.0,31.0,2365825.0,19889
2023-05-09 21:00:03,pb2307,pb2307,15270.0,35.0,2672250.0,-3.0,8,15265.0,15270.0,1,15245.0,15270.0,15270.0,15260.0,66.0,5038075.0,19886
2023-05-09 21:00:04,pb2307,pb2307,15270.0,1.0,76350.0,-1.0,34,15265.0,15270.0,4,15245.0,15270.0,15270.0,15260.0,67.0,5114425.0,19885
2023-05-09 21:00:04,pb2307,pb2307,15270.0,2.0,152700.0,0.0,14,15265.0,15270.0,2,15245.0,15270.0,15270.0,15260.0,69.0,5267125.0,19885
2023-05-09 21:00:05,pb2307,pb2307,15270.0,0.0,0.0,0.0,6,15265.0,15270.0,4,15245.0,15270.0,15270.0,15260.0,69.0,5267125.0,19885
2023-05-09 21:00:05,pb2307,pb2307,15270.0,4.0,305400.0,-1.0,43,15270.0,15275.0,18,15245.0,15270.0,15270.0,15260.0,73.0,5572525.0,19884
2023-05-09 21:00:06,pb2307,pb2307,15270.0,7.0,534450.0,2.0,4,15270.0,15275.0,20,15245.0,15270.0,15270.0,15260.0,80.0,6106975.0,19886
2023-05-09 21:00:06,pb2307,pb2307,15270.0,5.0,381750.0,3.0,4,15270.0,15275.0,26,15245.0,15270.0,15270.0,15260.0,85.0,6488725.0,19889
2023-05-09 21:00:07,pb2307,pb2307,15270.0,5.0,381750.0,1.0,3,15265.0,15270.0,6,15245.0,15270.0,15270.0,15260.0,90.0,6870475.0,19890
2023-05-09 21:00:07,pb2307,pb2307,15265.0,1.0,76325.0,0.0,15,15260.0,15270.0,8,15245.0,15270.0,15270.0,15260.0,91.0,6946800.0,19890
2023-05-09 21:00:08,pb2307,pb2307,15265.0,3.0,228975.0,2.0,48,15260.0,15265.0,5,15245.0,15270.0,15270.0,15260.0,94.0,7175775.0,19892
2023-05-09 21:00:08,pb2307,pb2307,15265.0,5.0,381625.0,-4.0,19,15260.0,15270.0,16,15245.0,15270.0,15270.0,15260.0,99.0,7557400.0,19888
2023-05-09 21:00:09,pb2307,pb2307,15270.0,9.0,687150.0,1.0,7,15265.0,15270.0,4,15245.0,15270.0,15270.0,15260.0,108.0,8244550.0,19889
2023-05-09 21:00:09,pb2307,pb2307,15270.0,4.0,305400.0,0.0,23,15265.0,15275.0,27,15245.0,15270.0,15270.0,15260.0,112.0,8549950.0,19889
2023-05-09 21:00:10,pb2307,pb2307,15270.0,0.0,0.0,0.0,2,15270.0,15275.0,27,15245.0,15270.0,15270.0,15260.0,112.0,8549950.0,19889
2023-05-09 21:00:10,pb2307,pb2307,15270.0,0.0,0.0,0.0,16,15270.0,15275.0,27,15245.0,15270.0,15270.0,15260.0,112.0,8549950.0,19889
2023-05-09 21:00:11,pb2307,pb2307,15275.0,1.0,76375.0,1.0,16,15270.0,15275.0,26,15245.0,15270.0,15275.0,15260.0,113.0,8626325.0,19890
2023-05-09 21:00:11,pb2307,pb2307,15275.0,25.0,1909375.0,3.0,54,15270.0,15280.0,24,15245.0,15270.0,15275.0,15260.0,138.0,10535700.0,19893
2023-05-09 21:00:12,pb2307,pb2307,15280.0,2.0,152800.0,0.0,1,15275.0,15280.0,24,15245.0,15270.0,15280.0,15260.0,140.0,10688500.0,19893
2023-05-09 21:00:12,pb2307,pb2307,15280.0,1.0,76400.0,0.0,15,15270.0,15275.0,6,15245.0,15270.0,15280.0,15260.0,141.0,10764900.0,19893
2023-05-09 21:00:13,pb2307,pb2307,15265.0,31.0,2366450.0,11.0,11,15260.0,15265.0,5,15245.0,15270.0,15280.0,15260.0,172.0,13131350.0,19904
2023-05-09 21:00:13,pb2307,pb2307,15260.0,10.0,763075.0,2.0,1,15260.0,15265.0,16,15245.0,15270.0,15280.0,15260.0,182.0,13894425.0,19906
2023-05-09 21:00:14,pb2307,pb2307,15260.0,1.0,76300.0,0.0,5,15260.0,15265.0,16,15245.0,15270.0,15280.0,15260.0,183.0,13970725.0,19906
2023-05-09 21:00:15,pb2307,pb2307,15260.0,0.0,0.0,0.0,5,15260.0,15265.0,8,15245.0,15270.0,15280.0,15260.0,183.0,13970725.0,19906
2023-05-09 21:00:15,pb2307,pb2307,15260.0,0.0,0.0,0.0,7,15260.0,15265.0,8,15245.0,15270.0,15280.0,15260.0,183.0,13970725.0,19906
2023-05-09 21:00:16,pb2307,pb2307,15265.0,1.0,76325.0,0.0,12,15260.0,15265.0,1,15245.0,15270.0,15280.0,15260.0,184.0,14047050.0,19906
2023-05-09 21:00:16,pb2307,pb2307,15265.0,1.0,76325.0,1.0,2,15265.0,15270.0,34,15245.0,15270.0,15280.0,15260.0,185.0,14123375.0,19907
2023-05-09 21:00:17,pb2307,pb2307,15265.0,0.0,0.0,0.0,7,15265.0,15270.0,63,15245.0,15270.0,15280.0,15260.0,185.0,14123375.0,19907
2023-05-09 21:00:17,pb2307,pb2307,15265.0,1.0,76325.0,1.0,10,15265.0,15270.0,17,15245.0,15270.0,15280.0,15260.0,186.0,14199700.0,19908
2023-05-09 21:00:18,pb2307,pb2307,15270.0,3.0,229050.0,0.0,9,15265.0,15270.0,14,15245.0,15270.0,15280.0,15260.0,189.0,14428750.0,19908
2023-05-09 21:00:18,pb2307,pb2307,15265.0,5.0,381625.0,-4.0,9,15265.0,15270.0,14,15245.0,15270.0,15280.0,15260.0,194.0,14810375.0,19904
2023-05-09 21:00:19,pb2307,pb2307,15265.0,0.0,0.0,0.0,52,15265.0,15270.0,12,15245.0,15270.0,15280.0,15260.0,194.0,14810375.0,19904
2023-05-09 21:00:19,pb2307,pb2307,15270.0,1.0,76350.0,-1.0,18,15265.0,15270.0,12,15245.0,15270.0,15280.0,15260.0,195.0,14886725.0,19903
2023-05-09 21:00:20,pb2307,pb2307,15270.0,0.0,0.0,0.0,54,15265.0,15270.0,12,15245.0,15270.0,15280.0,15260.0,195.0,14886725.0,19903
2023-05-09 21:00:20,pb2307,pb2307,15270.0,11.0,839850.0,-7.0,6,15270.0,15275.0,22,15245.0,15270.0,15280.0,15260.0,206.0,15726575.0,19896
2023-05-09 21:00:21,pb2307,pb2307,15270.0,9.0,687225.0,0.0,25,15265.0,15275.0,21,15245.0,15270.0,15280.0,15260.0,215.0,16413800.0,19896
2023-05-09 21:00:21,pb2307,pb2307,15270.0,2.0,152700.0,-2.0,4,15270.0,15275.0,21,15245.0,15270.0,15280.0,15260.0,217.0,16566500.0,19894
2023-05-09 21:00:22,pb2307,pb2307,15275.0,1.0,76375.0,0.0,4,15270.0,15275.0,20,15245.0,15270.0,15280.0,15260.0,218.0,16642875.0,19894
2023-05-09 21:00:22,pb2307,pb2307,15275.0,0.0,0.0,0.0,33,15265.0,15275.0,55,15245.0,15270.0,15280.0,15260.0,218.0,16642875.0,19894
2023-05-09 21:00:23,pb2307,pb2307,15270.0,1.0,76350.0,0.0,62,15265.0,15270.0,7,15245.0,15270.0,15280.0,15260.0,219.0,16719225.0,19894
2023-05-09 21:00:23,pb2307,pb2307,15270.0,7.0,534450.0,-1.0,7,15270.0,15275.0,55,15245.0,15270.0,15280.0,15260.0,226.0,17253675.0,19893
2023-05-09 21:00:24,pb2307,pb2307,15270.0,0.0,0.0,0.0,8,15270.0,15275.0,55,15245.0,15270.0,15280.0,15260.0,226.0,17253675.0,19893
2023-05-09 21:00:25,pb2307,pb2307,15275.0,3.0,229125.0,0.0,9,15270.0,15275.0,52,15245.0,15270.0,15280.0,15260.0,229.0,17482800.0,19893
2023-05-09 21:00:25,pb2307,pb2307,15275.0,0.0,0.0,0.0,39,15270.0,15275.0,50,15245.0,15270.0,15280.0,15260.0,229.0,17482800.0,19893
2023-05-09 21:00:26,pb2307,pb2307,15275.0,49.0,3742375.0,-2.0,50,15270.0,15280.0,34,15245.0,15270.0,15280.0,15260.0,278.0,21225175.0,19891
2023-05-09 21:00:26,pb2307,pb2307,15275.0,0.0,0.0,0.0,14,15275.0,15280.0,35,15245.0,15270.0,15280.0,15260.0,278.0,21225175.0,19891
2023-05-09 21:00:27,pb2307,pb2307,15275.0,0.0,0.0,0.0,18,15275.0,15280.0,34,15245.0,15270.0,15280.0,15260.0,278.0,21225175.0,19891
2023-05-09 21:00:27,pb2307,pb2307,15275.0,1.0,76375.0,0.0,17,15275.0,15280.0,34,15245.0,15270.0,15280.0,15260.0,279.0,21301550.0,19891
2023-05-09 21:00:28,pb2307,pb2307,15275.0,0.0,0.0,0.0,22,15275.0,15280.0,26,15245.0,15270.0,15280.0,15260.0,279.0,21301550.0,19891
2023-05-09 21:00:29,pb2307,pb2307,15275.0,0.0,0.0,0.0,22,15275.0,15280.0,20,15245.0,15270.0,15280.0,15260.0,279.0,21301550.0,19891
2023-05-09 21:00:29,pb2307,pb2307,15280.0,19.0,1451600.0,-14.0,62,15275.0,15285.0,14,15245.0,15270.0,15280.0,15260.0,298.0,22753150.0,19877
2023-05-09 21:00:30,pb2307,pb2307,15285.0,4.0,305700.0,0.0,8,15280.0,15285.0,20,15245.0,15270.0,15285.0,15260.0,302.0,23058850.0,19877
2023-05-09 21:00:30,pb2307,pb2307,15285.0,4.0,305700.0,-4.0,7,15280.0,15285.0,18,15245.0,15270.0,15285.0,15260.0,306.0,23364550.0,19873
2023-05-09 21:00:31,pb2307,pb2307,15285.0,1.0,76425.0,-1.0,12,15280.0,15285.0,9,15245.0,15270.0,15285.0,15260.0,307.0,23440975.0,19872
2023-05-09 21:00:32,pb2307,pb2307,15285.0,0.0,0.0,0.0,19,15280.0,15285.0,14,15245.0,15270.0,15285.0,15260.0,307.0,23440975.0,19872
2023-05-09 21:00:32,pb2307,pb2307,15285.0,0.0,0.0,0.0,19,15280.0,15285.0,14,15245.0,15270.0,15285.0,15260.0,307.0,23440975.0,19872
2023-05-09 21:00:33,pb2307,pb2307,15285.0,0.0,0.0,0.0,19,15280.0,15285.0,14,15245.0,15270.0,15285.0,15260.0,307.0,23440975.0,19872
2023-05-09 21:00:33,pb2307,pb2307,15285.0,3.0,229275.0,1.0,19,15280.0,15285.0,11,15245.0,15270.0,15285.0,15260.0,310.0,23670250.0,19873
2023-05-09 21:00:34,pb2307,pb2307,15285.0,2.0,152850.0,0.0,20,15280.0,15285.0,11,15245.0,15270.0,15285.0,15260.0,312.0,23823100.0,19873
2023-05-09 21:00:34,pb2307,pb2307,15280.0,19.0,1451600.0,11.0,28,15275.0,15280.0,7,15245.0,15270.0,15285.0,15260.0,331.0,25274700.0,19884
2023-05-09 21:00:35,pb2307,pb2307,15280.0,0.0,0.0,0.0,16,15275.0,15280.0,1,15245.0,15270.0,15285.0,15260.0,331.0,25274700.0,19884
2023-05-09 21:00:35,pb2307,pb2307,15280.0,0.0,0.0,0.0,21,15275.0,15280.0,8,15245.0,15270.0,15285.0,15260.0,331.0,25274700.0,19884
2023-05-09 21:00:36,pb2307,pb2307,15280.0,0.0,0.0,0.0,21,15275.0,15285.0,25,15245.0,15270.0,15285.0,15260.0,331.0,25274700.0,19884
2023-05-09 21:00:36,pb2307,pb2307,15280.0,0.0,0.0,0.0,1,15280.0,15285.0,14,15245.0,15270.0,15285.0,15260.0,331.0,25274700.0,19884
2023-05-09 21:00:37,pb2307,pb2307,15280.0,1.0,76400.0,0.0,7,15280.0,15285.0,14,15245.0,15270.0,15285.0,15260.0,332.0,25351100.0,19884
2023-05-09 21:00:37,pb2307,pb2307,15280.0,0.0,0.0,0.0,40,15275.0,15280.0,7,15245.0,15270.0,15285.0,15260.0,332.0,25351100.0,19884
2023-05-09 21:00:38,pb2307,pb2307,15280.0,0.0,0.0,0.0,21,15275.0,15280.0,9,15245.0,15270.0,15285.0,15260.0,332.0,25351100.0,19884
2023-05-09 21:00:38,pb2307,pb2307,15280.0,0.0,0.0,0.0,18,15275.0,15280.0,20,15245.0,15270.0,15285.0,15260.0,332.0,25351100.0,19884
2023-05-09 21:00:39,pb2307,pb2307,15280.0,0.0,0.0,0.0,18,15275.0,15280.0,20,15245.0,15270.0,15285.0,15260.0,332.0,25351100.0,19884
2023-05-09 21:00:39,pb2307,pb2307,15280.0,0.0,0.0,0.0,18,15275.0,15280.0,14,15245.0,15270.0,15285.0,15260.0,332.0,25351100.0,19884
2023-05-09 21:00:42,pb2307,pb2307,15280.0,0.0,0.0,0.0,15,15275.0,15280.0,14,15245.0,15270.0,15285.0,15260.0,332.0,25351100.0,19884
2023-05-09 21:00:43,pb2307,pb2307,15280.0,0.0,0.0,0.0,22,15275.0,15280.0,15,15245.0,15270.0,15285.0,15260.0,332.0,25351100.0,19884
2023-05-09 21:00:43,pb2307,pb2307,15280.0,0.0,0.0,0.0,22,15275.0,15280.0,15,15245.0,15270.0,15285.0,15260.0,332.0,25351100.0,19884
2023-05-09 21:00:44,pb2307,pb2307,15280.0,2.0,152800.0,0.0,18,15275.0,15280.0,13,15245.0,15270.0,15285.0,15260.0,334.0,25503900.0,19884
2023-05-09 21:00:44,pb2307,pb2307,15280.0,0.0,0.0,0.0,18,15275.0,15280.0,14,15245.0,15270.0,15285.0,15260.0,334.0,25503900.0,19884
2023-05-09 21:00:46,pb2307,pb2307,15280.0,0.0,0.0,0.0,22,15275.0,15280.0,9,15245.0,15270.0,15285.0,15260.0,334.0,25503900.0,19884
2023-05-09 21:00:46,pb2307,pb2307,15280.0,10.0,764000.0,6.0,6,15280.0,15285.0,29,15245.0,15270.0,15285.0,15260.0,344.0,26267900.0,19890
2023-05-09 21:00:47,pb2307,pb2307,15280.0,1.0,76400.0,1.0,40,15275.0,15285.0,15,15245.0,15270.0,15285.0,15260.0,345.0,26344300.0,19891
2023-05-09 21:00:47,pb2307,pb2307,15280.0,0.0,0.0,0.0,8,15280.0,15285.0,17,15245.0,15270.0,15285.0,15260.0,345.0,26344300.0,19891
2023-05-09 21:00:48,pb2307,pb2307,15285.0,3.0,229275.0,2.0,8,15280.0,15285.0,14,15245.0,15270.0,15285.0,15260.0,348.0,26573575.0,19893
2023-05-09 21:00:48,pb2307,pb2307,15285.0,0.0,0.0,0.0,18,15280.0,15285.0,16,15245.0,15270.0,15285.0,15260.0,348.0,26573575.0,19893
2023-05-09 21:00:49,pb2307,pb2307,15285.0,0.0,0.0,0.0,21,15280.0,15285.0,16,15245.0,15270.0,15285.0,15260.0,348.0,26573575.0,19893
2023-05-09 21:00:49,pb2307,pb2307,15285.0,0.0,0.0,0.0,25,15280.0,15285.0,16,15245.0,15270.0,15285.0,15260.0,348.0,26573575.0,19893
2023-05-09 21:00:50,pb2307,pb2307,15285.0,0.0,0.0,0.0,25,15280.0,15285.0,16,15245.0,15270.0,15285.0,15260.0,348.0,26573575.0,19893
2023-05-09 21:00:50,pb2307,pb2307,15285.0,0.0,0.0,0.0,25,15280.0,15285.0,31,15245.0,15270.0,15285.0,15260.0,348.0,26573575.0,19893
2023-05-09 21:00:51,pb2307,pb2307,15285.0,0.0,0.0,0.0,25,15280.0,15285.0,32,15245.0,15270.0,15285.0,15260.0,348.0,26573575.0,19893
2023-05-09 21:00:52,pb2307,pb2307,15285.0,0.0,0.0,0.0,25,15280.0,15285.0,31,15245.0,15270.0,15285.0,15260.0,348.0,26573575.0,19893
2023-05-09 21:00:53,pb2307,pb2307,15285.0,0.0,0.0,0.0,18,15280.0,15285.0,32,15245.0,15270.0,15285.0,15260.0,348.0,26573575.0,19893
2023-05-09 21:00:54,pb2307,pb2307,15280.0,18.0,1375200.0,-10.0,36,15275.0,15285.0,37,15245.0,15270.0,15285.0,15260.0,366.0,27948775.0,19883
2023-05-09 21:00:54,pb2307,pb2307,15280.0,0.0,0.0,0.0,63,15275.0,15280.0,11,15245.0,15270.0,15285.0,15260.0,366.0,27948775.0,19883
2023-05-09 21:00:55,pb2307,pb2307,15280.0,2.0,152800.0,0.0,21,15275.0,15280.0,11,15245.0,15270.0,15285.0,15260.0,368.0,28101575.0,19883
2023-05-09 21:00:55,pb2307,pb2307,15280.0,0.0,0.0,0.0,28,15275.0,15280.0,10,15245.0,15270.0,15285.0,15260.0,368.0,28101575.0,19883
2023-05-09 21:00:56,pb2307,pb2307,15280.0,0.0,0.0,0.0,32,15275.0,15280.0,10,15245.0,15270.0,15285.0,15260.0,368.0,28101575.0,19883
2023-05-09 21:00:59,pb2307,pb2307,15280.0,8.0,611200.0,-5.0,6,15280.0,15285.0,53,15245.0,15270.0,15285.0,15260.0,376.0,28712775.0,19878
2023-05-09 21:00:59,pb2307,pb2307,15280.0,0.0,0.0,0.0,6,15280.0,15285.0,39,15245.0,15270.0,15285.0,15260.0,376.0,28712775.0,19878
2023-05-09 21:01:00,pb2307,pb2307,15280.0,0.0,0.0,0.0,6,15280.0,15285.0,40,15245.0,15270.0,15285.0,15260.0,376.0,28712775.0,19878
2023-05-09 21:01:00,pb2307,pb2307,15280.0,0.0,0.0,0.0,6,15280.0,15285.0,40,15245.0,15270.0,15285.0,15260.0,376.0,28712775.0,19878
2023-05-09 21:01:01,pb2307,pb2307,15280.0,0.0,0.0,0.0,6,15280.0,15285.0,40,15245.0,15270.0,15285.0,15260.0,376.0,28712775.0,19878
2023-05-09 21:01:01,pb2307,pb2307,15280.0,6.0,458400.0,0.0,43,15275.0,15280.0,24,15245.0,15270.0,15285.0,15260.0,382.0,29171175.0,19878
2023-05-09 21:01:02,pb2307,pb2307,15280.0,5.0,382000.0,-5.0,79,15275.0,15280.0,21,15245.0,15270.0,15285.0,15260.0,387.0,29553175.0,19873
2023-05-09 21:01:02,pb2307,pb2307,15280.0,0.0,0.0,0.0,89,15275.0,15280.0,21,15245.0,15270.0,15285.0,15260.0,387.0,29553175.0,19873
2023-05-09 21:01:03,pb2307,pb2307,15280.0,0.0,0.0,0.0,88,15275.0,15280.0,32,15245.0,15270.0,15285.0,15260.0,387.0,29553175.0,19873
2023-05-09 21:01:03,pb2307,pb2307,15280.0,0.0,0.0,0.0,40,15275.0,15280.0,36,15245.0,15270.0,15285.0,15260.0,387.0,29553175.0,19873
2023-05-09 21:01:04,pb2307,pb2307,15280.0,1.0,76400.0,0.0,77,15275.0,15280.0,49,15245.0,15270.0,15285.0,15260.0,388.0,29629575.0,19873
2023-05-09 21:01:05,pb2307,pb2307,15280.0,0.0,0.0,0.0,75,15275.0,15280.0,49,15245.0,15270.0,15285.0,15260.0,388.0,29629575.0,19873
2023-05-09 21:01:05,pb2307,pb2307,15280.0,0.0,0.0,0.0,39,15275.0,15280.0,50,15245.0,15270.0,15285.0,15260.0,388.0,29629575.0,19873
2023-05-09 21:01:06,pb2307,pb2307,15280.0,0.0,0.0,0.0,39,15275.0,15280.0,50,15245.0,15270.0,15285.0,15260.0,388.0,29629575.0,19873
2023-05-09 21:01:06,pb2307,pb2307,15275.0,1.0,76375.0,-1.0,38,15275.0,15280.0,50,15245.0,15270.0,15285.0,15260.0,389.0,29705950.0,19872
2023-05-09 21:01:07,pb2307,pb2307,15280.0,10.0,764000.0,0.0,86,15275.0,15280.0,40,15245.0,15270.0,15285.0,15260.0,399.0,30469950.0,19872
2023-05-09 21:01:07,pb2307,pb2307,15280.0,33.0,2521200.0,-10.0,88,15275.0,15285.0,26,15245.0,15270.0,15285.0,15260.0,432.0,32991150.0,19862
2023-05-09 21:01:08,pb2307,pb2307,15285.0,2.0,152850.0,0.0,10,15280.0,15285.0,28,15245.0,15270.0,15285.0,15260.0,434.0,33144000.0,19862
2023-05-09 21:01:08,pb2307,pb2307,15285.0,0.0,0.0,0.0,1,15280.0,15285.0,28,15245.0,15270.0,15285.0,15260.0,434.0,33144000.0,19862
2023-05-09 21:01:09,pb2307,pb2307,15285.0,1.0,76425.0,0.0,14,15280.0,15285.0,27,15245.0,15270.0,15285.0,15260.0,435.0,33220425.0,19862
2023-05-09 21:01:09,pb2307,pb2307,15285.0,0.0,0.0,0.0,17,15280.0,15285.0,27,15245.0,15270.0,15285.0,15260.0,435.0,33220425.0,19862
2023-05-09 21:01:10,pb2307,pb2307,15285.0,3.0,229275.0,0.0,14,15280.0,15285.0,33,15245.0,15270.0,15285.0,15260.0,438.0,33449700.0,19862
2023-05-09 21:01:11,pb2307,pb2307,15280.0,5.0,382000.0,0.0,5,15280.0,15285.0,28,15245.0,15270.0,15285.0,15260.0,443.0,33831700.0,19862
2023-05-09 21:01:12,pb2307,pb2307,15280.0,0.0,0.0,0.0,14,15280.0,15285.0,28,15245.0,15270.0,15285.0,15260.0,443.0,33831700.0,19862
2023-05-09 21:01:12,pb2307,pb2307,15280.0,14.0,1069600.0,0.0,48,15275.0,15285.0,28,15245.0,15270.0,15285.0,15260.0,457.0,34901300.0,19862
2023-05-09 21:01:13,pb2307,pb2307,15280.0,0.0,0.0,0.0,30,15275.0,15280.0,13,15245.0,15270.0,15285.0,15260.0,457.0,34901300.0,19862
2023-05-09 21:01:13,pb2307,pb2307,15280.0,0.0,0.0,0.0,28,15275.0,15280.0,11,15245.0,15270.0,15285.0,15260.0,457.0,34901300.0,19862
2023-05-09 21:01:14,pb2307,pb2307,15280.0,0.0,0.0,0.0,68,15275.0,15280.0,11,15245.0,15270.0,15285.0,15260.0,457.0,34901300.0,19862
2023-05-09 21:01:14,pb2307,pb2307,15280.0,0.0,0.0,0.0,29,15275.0,15280.0,10,15245.0,15270.0,15285.0,15260.0,457.0,34901300.0,19862
2023-05-09 21:01:15,pb2307,pb2307,15280.0,0.0,0.0,0.0,31,15275.0,15280.0,16,15245.0,15270.0,15285.0,15260.0,457.0,34901300.0,19862
2023-05-09 21:01:15,pb2307,pb2307,15275.0,3.0,229125.0,3.0,16,15275.0,15280.0,16,15245.0,15270.0,15285.0,15260.0,460.0,35130425.0,19865
2023-05-09 21:01:16,pb2307,pb2307,15275.0,16.0,1222000.0,12.0,21,15270.0,15275.0,9,15245.0,15270.0,15285.0,15260.0,476.0,36352425.0,19877
2023-05-09 21:01:16,pb2307,pb2307,15275.0,9.0,687375.0,0.0,23,15270.0,15275.0,15,15245.0,15270.0,15285.0,15260.0,485.0,37039800.0,19877
2023-05-09 21:01:17,pb2307,pb2307,15275.0,0.0,0.0,0.0,23,15270.0,15275.0,17,15245.0,15270.0,15285.0,15260.0,485.0,37039800.0,19877
2023-05-09 21:01:17,pb2307,pb2307,15275.0,0.0,0.0,0.0,29,15270.0,15275.0,17,15245.0,15270.0,15285.0,15260.0,485.0,37039800.0,19877
2023-05-09 21:01:18,pb2307,pb2307,15275.0,0.0,0.0,0.0,30,15270.0,15275.0,17,15245.0,15270.0,15285.0,15260.0,485.0,37039800.0,19877
2023-05-09 21:01:18,pb2307,pb2307,15275.0,0.0,0.0,0.0,32,15270.0,15275.0,17,15245.0,15270.0,15285.0,15260.0,485.0,37039800.0,19877
2023-05-09 21:01:19,pb2307,pb2307,15275.0,0.0,0.0,0.0,32,15270.0,15275.0,17,15245.0,15270.0,15285.0,15260.0,485.0,37039800.0,19877
2023-05-09 21:01:19,pb2307,pb2307,15275.0,0.0,0.0,0.0,32,15270.0,15275.0,15,15245.0,15270.0,15285.0,15260.0,485.0,37039800.0,19877
2023-05-09 21:01:20,pb2307,pb2307,15275.0,0.0,0.0,0.0,32,15270.0,15275.0,12,15245.0,15270.0,15285.0,15260.0,485.0,37039800.0,19877
2023-05-09 21:01:21,pb2307,pb2307,15275.0,0.0,0.0,0.0,1,15275.0,15280.0,36,15245.0,15270.0,15285.0,15260.0,485.0,37039800.0,19877
2023-05-09 21:01:21,pb2307,pb2307,15275.0,4.0,305500.0,-3.0,52,15270.0,15275.0,5,15245.0,15270.0,15285.0,15260.0,489.0,37345300.0,19874
2023-05-09 21:01:22,pb2307,pb2307,15275.0,0.0,0.0,0.0,33,15270.0,15275.0,6,15245.0,15270.0,15285.0,15260.0,489.0,37345300.0,19874
2023-05-09 21:01:22,pb2307,pb2307,15275.0,0.0,0.0,0.0,32,15270.0,15275.0,12,15245.0,15270.0,15285.0,15260.0,489.0,37345300.0,19874
2023-05-09 21:01:23,pb2307,pb2307,15275.0,0.0,0.0,0.0,31,15270.0,15275.0,12,15245.0,15270.0,15285.0,15260.0,489.0,37345300.0,19874
2023-05-09 21:01:23,pb2307,pb2307,15275.0,0.0,0.0,0.0,29,15270.0,15275.0,12,15245.0,15270.0,15285.0,15260.0,489.0,37345300.0,19874
2023-05-09 21:01:24,pb2307,pb2307,15275.0,0.0,0.0,0.0,30,15270.0,15275.0,12,15245.0,15270.0,15285.0,15260.0,489.0,37345300.0,19874
2023-05-09 21:01:25,pb2307,pb2307,15275.0,0.0,0.0,0.0,29,15270.0,15275.0,12,15245.0,15270.0,15285.0,15260.0,489.0,37345300.0,19874
2023-05-09 21:01:26,pb2307,pb2307,15275.0,0.0,0.0,0.0,29,15270.0,15275.0,9,15245.0,15270.0,15285.0,15260.0,489.0,37345300.0,19874
2023-05-09 21:01:26,pb2307,pb2307,15275.0,0.0,0.0,0.0,32,15270.0,15275.0,3,15245.0,15270.0,15285.0,15260.0,489.0,37345300.0,19874
2023-05-09 21:01:27,pb2307,pb2307,15275.0,3.0,229125.0,-1.0,2,15275.0,15280.0,22,15245.0,15270.0,15285.0,15260.0,492.0,37574425.0,19873
2023-05-09 21:01:28,pb2307,pb2307,15275.0,3.0,229125.0,3.0,35,15270.0,15275.0,7,15245.0,15270.0,15285.0,15260.0,495.0,37803550.0,19876
2023-05-09 21:01:28,pb2307,pb2307,15275.0,0.0,0.0,0.0,34,15270.0,15275.0,7,15245.0,15270.0,15285.0,15260.0,495.0,37803550.0,19876
2023-05-09 21:01:29,pb2307,pb2307,15275.0,0.0,0.0,0.0,34,15270.0,15275.0,7,15245.0,15270.0,15285.0,15260.0,495.0,37803550.0,19876
2023-05-09 21:01:29,pb2307,pb2307,15275.0,0.0,0.0,0.0,79,15270.0,15275.0,7,15245.0,15270.0,15285.0,15260.0,495.0,37803550.0,19876
2023-05-09 21:01:30,pb2307,pb2307,15275.0,0.0,0.0,0.0,38,15270.0,15275.0,11,15245.0,15270.0,15285.0,15260.0,495.0,37803550.0,19876
2023-05-09 21:01:30,pb2307,pb2307,15275.0,0.0,0.0,0.0,38,15270.0,15275.0,13,15245.0,15270.0,15285.0,15260.0,495.0,37803550.0,19876
2023-05-09 21:01:31,pb2307,pb2307,15270.0,26.0,1985100.0,-10.0,12,15270.0,15275.0,13,15245.0,15270.0,15285.0,15260.0,521.0,39788650.0,19866
2023-05-09 21:01:31,pb2307,pb2307,15270.0,0.0,0.0,0.0,11,15270.0,15275.0,19,15245.0,15270.0,15285.0,15260.0,521.0,39788650.0,19866
2023-05-09 21:01:32,pb2307,pb2307,15270.0,0.0,0.0,0.0,20,15270.0,15275.0,19,15245.0,15270.0,15285.0,15260.0,521.0,39788650.0,19866
2023-05-09 21:01:33,pb2307,pb2307,15270.0,0.0,0.0,0.0,22,15270.0,15275.0,19,15245.0,15270.0,15285.0,15260.0,521.0,39788650.0,19866
2023-05-09 21:01:34,pb2307,pb2307,15270.0,0.0,0.0,0.0,26,15270.0,15275.0,19,15245.0,15270.0,15285.0,15260.0,521.0,39788650.0,19866
2023-05-09 21:01:34,pb2307,pb2307,15270.0,0.0,0.0,0.0,26,15270.0,15275.0,19,15245.0,15270.0,15285.0,15260.0,521.0,39788650.0,19866
2023-05-09 21:01:36,pb2307,pb2307,15270.0,0.0,0.0,0.0,26,15270.0,15275.0,19,15245.0,15270.0,15285.0,15260.0,521.0,39788650.0,19866
2023-05-09 21:01:36,pb2307,pb2307,15270.0,0.0,0.0,0.0,36,15270.0,15275.0,13,15245.0,15270.0,15285.0,15260.0,521.0,39788650.0,19866
2023-05-09 21:01:37,pb2307,pb2307,15270.0,0.0,0.0,0.0,1,15275.0,15280.0,24,15245.0,15270.0,15285.0,15260.0,521.0,39788650.0,19866
2023-05-09 21:01:37,pb2307,pb2307,15270.0,4.0,305475.0,0.0,47,15270.0,15275.0,2,15245.0,15270.0,15285.0,15260.0,525.0,40094125.0,19866
2023-05-09 21:01:38,pb2307,pb2307,15270.0,0.0,0.0,0.0,33,15270.0,15275.0,15,15245.0,15270.0,15285.0,15260.0,525.0,40094125.0,19866
2023-05-09 21:01:38,pb2307,pb2307,15270.0,0.0,0.0,0.0,32,15270.0,15275.0,15,15245.0,15270.0,15285.0,15260.0,525.0,40094125.0,19866
2023-05-09 21:01:39,pb2307,pb2307,15270.0,0.0,0.0,0.0,32,15270.0,15275.0,16,15245.0,15270.0,15285.0,15260.0,525.0,40094125.0,19866
2023-05-09 21:01:39,pb2307,pb2307,15270.0,0.0,0.0,0.0,32,15270.0,15275.0,16,15245.0,15270.0,15285.0,15260.0,525.0,40094125.0,19866
2023-05-09 21:01:40,pb2307,pb2307,15270.0,0.0,0.0,0.0,32,15270.0,15275.0,21,15245.0,15270.0,15285.0,15260.0,525.0,40094125.0,19866
2023-05-09 21:01:41,pb2307,pb2307,15270.0,0.0,0.0,0.0,60,15270.0,15275.0,9,15245.0,15270.0,15285.0,15260.0,525.0,40094125.0,19866
2023-05-09 21:01:41,pb2307,pb2307,15275.0,9.0,687375.0,0.0,9,15275.0,15280.0,28,15245.0,15270.0,15285.0,15260.0,534.0,40781500.0,19866
2023-05-09 21:01:42,pb2307,pb2307,15275.0,0.0,0.0,0.0,13,15275.0,15280.0,26,15245.0,15270.0,15285.0,15260.0,534.0,40781500.0,19866
2023-05-09 21:01:42,pb2307,pb2307,15275.0,0.0,0.0,0.0,15,15275.0,15280.0,26,15245.0,15270.0,15285.0,15260.0,534.0,40781500.0,19866
2023-05-09 21:01:43,pb2307,pb2307,15275.0,0.0,0.0,0.0,15,15275.0,15280.0,25,15245.0,15270.0,15285.0,15260.0,534.0,40781500.0,19866
2023-05-09 21:01:43,pb2307,pb2307,15275.0,1.0,76375.0,1.0,14,15275.0,15280.0,26,15245.0,15270.0,15285.0,15260.0,535.0,40857875.0,19867
2023-05-09 21:01:47,pb2307,pb2307,15280.0,3.0,229200.0,1.0,15,15275.0,15280.0,22,15245.0,15270.0,15285.0,15260.0,538.0,41087075.0,19868
2023-05-09 21:01:47,pb2307,pb2307,15280.0,0.0,0.0,0.0,21,15275.0,15280.0,23,15245.0,15270.0,15285.0,15260.0,538.0,41087075.0,19868
2023-05-09 21:01:48,pb2307,pb2307,15280.0,0.0,0.0,0.0,22,15275.0,15280.0,23,15245.0,15270.0,15285.0,15260.0,538.0,41087075.0,19868
2023-05-09 21:01:49,pb2307,pb2307,15280.0,0.0,0.0,0.0,22,15275.0,15280.0,24,15245.0,15270.0,15285.0,15260.0,538.0,41087075.0,19868
2023-05-09 21:01:49,pb2307,pb2307,15280.0,0.0,0.0,0.0,23,15275.0,15280.0,24,15245.0,15270.0,15285.0,15260.0,538.0,41087075.0,19868
2023-05-09 21:01:50,pb2307,pb2307,15280.0,0.0,0.0,0.0,28,15275.0,15280.0,25,15245.0,15270.0,15285.0,15260.0,538.0,41087075.0,19868
2023-05-09 21:01:51,pb2307,pb2307,15280.0,0.0,0.0,0.0,28,15275.0,15280.0,27,15245.0,15270.0,15285.0,15260.0,538.0,41087075.0,19868
2023-05-09 21:01:52,pb2307,pb2307,15280.0,2.0,152800.0,0.0,28,15275.0,15280.0,25,15245.0,15270.0,15285.0,15260.0,540.0,41239875.0,19868
2023-05-09 21:01:52,pb2307,pb2307,15280.0,0.0,0.0,0.0,28,15275.0,15280.0,25,15245.0,15270.0,15285.0,15260.0,540.0,41239875.0,19868
2023-05-09 21:01:53,pb2307,pb2307,15280.0,0.0,0.0,0.0,34,15275.0,15280.0,25,15245.0,15270.0,15285.0,15260.0,540.0,41239875.0,19868
2023-05-09 21:01:53,pb2307,pb2307,15280.0,0.0,0.0,0.0,35,15275.0,15280.0,25,15245.0,15270.0,15285.0,15260.0,540.0,41239875.0,19868
2023-05-09 21:01:54,pb2307,pb2307,15280.0,0.0,0.0,0.0,38,15275.0,15280.0,25,15245.0,15270.0,15285.0,15260.0,540.0,41239875.0,19868
2023-05-09 21:01:54,pb2307,pb2307,15280.0,0.0,0.0,0.0,38,15275.0,15280.0,25,15245.0,15270.0,15285.0,15260.0,540.0,41239875.0,19868
2023-05-09 21:01:59,pb2307,pb2307,15280.0,0.0,0.0,0.0,40,15275.0,15280.0,25,15245.0,15270.0,15285.0,15260.0,540.0,41239875.0,19868
2023-05-09 21:02:04,pb2307,pb2307,15280.0,0.0,0.0,0.0,40,15275.0,15280.0,25,15245.0,15270.0,15285.0,15260.0,540.0,41239875.0,19868
2023-05-09 21:02:05,pb2307,pb2307,15280.0,0.0,0.0,0.0,40,15275.0,15280.0,25,15245.0,15270.0,15285.0,15260.0,540.0,41239875.0,19868
2023-05-09 21:02:06,pb2307,pb2307,15280.0,3.0,229200.0,0.0,35,15275.0,15280.0,22,15245.0,15270.0,15285.0,15260.0,543.0,41469075.0,19868
2023-05-09 21:02:08,pb2307,pb2307,15280.0,0.0,0.0,0.0,40,15275.0,15280.0,22,15245.0,15270.0,15285.0,15260.0,543.0,41469075.0,19868
2023-05-09 21:02:13,pb2307,pb2307,15280.0,2.0,152800.0,0.0,36,15275.0,15280.0,20,15245.0,15270.0,15285.0,15260.0,545.0,41621875.0,19868
2023-05-09 21:02:14,pb2307,pb2307,15280.0,0.0,0.0,0.0,36,15275.0,15280.0,29,15245.0,15270.0,15285.0,15260.0,545.0,41621875.0,19868
2023-05-09 21:02:15,pb2307,pb2307,15280.0,0.0,0.0,0.0,40,15275.0,15280.0,29,15245.0,15270.0,15285.0,15260.0,545.0,41621875.0,19868
2023-05-09 21:02:15,pb2307,pb2307,15280.0,0.0,0.0,0.0,40,15275.0,15280.0,29,15245.0,15270.0,15285.0,15260.0,545.0,41621875.0,19868
2023-05-09 21:02:18,pb2307,pb2307,15280.0,1.0,76400.0,0.0,40,15275.0,15280.0,28,15245.0,15270.0,15285.0,15260.0,546.0,41698275.0,19868
2023-05-09 21:02:18,pb2307,pb2307,15280.0,0.0,0.0,0.0,40,15275.0,15280.0,28,15245.0,15270.0,15285.0,15260.0,546.0,41698275.0,19868
2023-05-09 21:02:19,pb2307,pb2307,15280.0,0.0,0.0,0.0,40,15275.0,15280.0,28,15245.0,15270.0,15285.0,15260.0,546.0,41698275.0,19868
2023-05-09 21:02:19,pb2307,pb2307,15280.0,0.0,0.0,0.0,40,15275.0,15280.0,29,15245.0,15270.0,15285.0,15260.0,546.0,41698275.0,19868
2023-05-09 21:02:20,pb2307,pb2307,15280.0,0.0,0.0,0.0,39,15275.0,15280.0,29,15245.0,15270.0,15285.0,15260.0,546.0,41698275.0,19868
2023-05-09 21:02:20,pb2307,pb2307,15280.0,0.0,0.0,0.0,40,15275.0,15280.0,29,15245.0,15270.0,15285.0,15260.0,546.0,41698275.0,19868
2023-05-09 21:02:22,pb2307,pb2307,15280.0,4.0,305600.0,2.0,34,15275.0,15280.0,25,15245.0,15270.0,15285.0,15260.0,550.0,42003875.0,19870
2023-05-09 21:02:22,pb2307,pb2307,15280.0,0.0,0.0,0.0,34,15275.0,15280.0,27,15245.0,15270.0,15285.0,15260.0,550.0,42003875.0,19870
2023-05-09 21:02:23,pb2307,pb2307,15280.0,2.0,152800.0,0.0,31,15275.0,15280.0,25,15245.0,15270.0,15285.0,15260.0,552.0,42156675.0,19870
2023-05-09 21:02:23,pb2307,pb2307,15280.0,0.0,0.0,0.0,31,15275.0,15280.0,27,15245.0,15270.0,15285.0,15260.0,552.0,42156675.0,19870
2023-05-09 21:02:24,pb2307,pb2307,15280.0,0.0,0.0,0.0,34,15275.0,15280.0,27,15245.0,15270.0,15285.0,15260.0,552.0,42156675.0,19870
2023-05-09 21:02:26,pb2307,pb2307,15280.0,0.0,0.0,0.0,35,15275.0,15280.0,27,15245.0,15270.0,15285.0,15260.0,552.0,42156675.0,19870
2023-05-09 21:02:27,pb2307,pb2307,15280.0,0.0,0.0,0.0,38,15275.0,15280.0,27,15245.0,15270.0,15285.0,15260.0,552.0,42156675.0,19870
2023-05-09 21:02:28,pb2307,pb2307,15280.0,0.0,0.0,0.0,30,15275.0,15280.0,29,15245.0,15270.0,15285.0,15260.0,552.0,42156675.0,19870
2023-05-09 21:02:29,pb2307,pb2307,15280.0,0.0,0.0,0.0,24,15275.0,15280.0,29,15245.0,15270.0,15285.0,15260.0,552.0,42156675.0,19870
2023-05-09 21:02:29,pb2307,pb2307,15280.0,0.0,0.0,0.0,34,15275.0,15280.0,30,15245.0,15270.0,15285.0,15260.0,552.0,42156675.0,19870
2023-05-09 21:02:30,pb2307,pb2307,15280.0,0.0,0.0,0.0,38,15275.0,15280.0,30,15245.0,15270.0,15285.0,15260.0,552.0,42156675.0,19870
2023-05-09 21:02:32,pb2307,pb2307,15280.0,0.0,0.0,0.0,38,15275.0,15280.0,35,15245.0,15270.0,15285.0,15260.0,552.0,42156675.0,19870
2023-05-09 21:02:35,pb2307,pb2307,15280.0,0.0,0.0,0.0,38,15275.0,15280.0,35,15245.0,15270.0,15285.0,15260.0,552.0,42156675.0,19870
2023-05-09 21:02:37,pb2307,pb2307,15280.0,2.0,152800.0,1.0,34,15275.0,15280.0,33,15245.0,15270.0,15285.0,15260.0,554.0,42309475.0,19871
2023-05-09 21:02:37,pb2307,pb2307,15280.0,0.0,0.0,0.0,35,15275.0,15280.0,33,15245.0,15270.0,15285.0,15260.0,554.0,42309475.0,19871
2023-05-09 21:02:39,pb2307,pb2307,15280.0,0.0,0.0,0.0,35,15275.0,15280.0,34,15245.0,15270.0,15285.0,15260.0,554.0,42309475.0,19871
2023-05-09 21:02:40,pb2307,pb2307,15280.0,3.0,229200.0,0.0,34,15275.0,15280.0,31,15245.0,15270.0,15285.0,15260.0,557.0,42538675.0,19871
2023-05-09 21:02:40,pb2307,pb2307,15280.0,0.0,0.0,0.0,35,15275.0,15280.0,31,15245.0,15270.0,15285.0,15260.0,557.0,42538675.0,19871
2023-05-09 21:02:42,pb2307,pb2307,15280.0,0.0,0.0,0.0,41,15275.0,15280.0,31,15245.0,15270.0,15285.0,15260.0,557.0,42538675.0,19871
2023-05-09 21:02:42,pb2307,pb2307,15280.0,0.0,0.0,0.0,41,15275.0,15280.0,31,15245.0,15270.0,15285.0,15260.0,557.0,42538675.0,19871
2023-05-09 21:02:46,pb2307,pb2307,15280.0,0.0,0.0,0.0,42,15275.0,15280.0,31,15245.0,15270.0,15285.0,15260.0,557.0,42538675.0,19871
2023-05-09 21:02:46,pb2307,pb2307,15280.0,0.0,0.0,0.0,43,15275.0,15280.0,31,15245.0,15270.0,15285.0,15260.0,557.0,42538675.0,19871
2023-05-09 21:02:47,pb2307,pb2307,15280.0,0.0,0.0,0.0,43,15275.0,15280.0,31,15245.0,15270.0,15285.0,15260.0,557.0,42538675.0,19871
2023-05-09 21:02:48,pb2307,pb2307,15280.0,0.0,0.0,0.0,44,15275.0,15280.0,31,15245.0,15270.0,15285.0,15260.0,557.0,42538675.0,19871
2023-05-09 21:02:49,pb2307,pb2307,15280.0,0.0,0.0,0.0,44,15275.0,15280.0,22,15245.0,15270.0,15285.0,15260.0,557.0,42538675.0,19871
2023-05-09 21:02:49,pb2307,pb2307,15280.0,0.0,0.0,0.0,47,15275.0,15280.0,22,15245.0,15270.0,15285.0,15260.0,557.0,42538675.0,19871
2023-05-09 21:02:50,pb2307,pb2307,15280.0,22.0,1680800.0,9.0,10,15280.0,15285.0,44,15245.0,15270.0,15285.0,15260.0,579.0,44219475.0,19880
2023-05-09 21:02:51,pb2307,pb2307,15280.0,2.0,152800.0,2.0,9,15280.0,15285.0,90,15245.0,15270.0,15285.0,15260.0,581.0,44372275.0,19882
2023-05-09 21:02:51,pb2307,pb2307,15280.0,0.0,0.0,0.0,9,15280.0,15285.0,43,15245.0,15270.0,15285.0,15260.0,581.0,44372275.0,19882
2023-05-09 21:02:52,pb2307,pb2307,15280.0,0.0,0.0,0.0,12,15280.0,15285.0,43,15245.0,15270.0,15285.0,15260.0,581.0,44372275.0,19882
2023-05-09 21:02:53,pb2307,pb2307,15280.0,0.0,0.0,0.0,13,15280.0,15285.0,43,15245.0,15270.0,15285.0,15260.0,581.0,44372275.0,19882
2023-05-09 21:02:55,pb2307,pb2307,15280.0,0.0,0.0,0.0,10,15280.0,15285.0,43,15245.0,15270.0,15285.0,15260.0,581.0,44372275.0,19882
2023-05-09 21:02:56,pb2307,pb2307,15280.0,0.0,0.0,0.0,11,15280.0,15285.0,43,15245.0,15270.0,15285.0,15260.0,581.0,44372275.0,19882
2023-05-09 21:02:57,pb2307,pb2307,15285.0,1.0,76425.0,1.0,11,15280.0,15285.0,42,15245.0,15270.0,15285.0,15260.0,582.0,44448700.0,19883
2023-05-09 21:02:57,pb2307,pb2307,15285.0,0.0,0.0,0.0,16,15280.0,15285.0,42,15245.0,15270.0,15285.0,15260.0,582.0,44448700.0,19883
2023-05-09 21:02:58,pb2307,pb2307,15285.0,0.0,0.0,0.0,16,15280.0,15285.0,42,15245.0,15270.0,15285.0,15260.0,582.0,44448700.0,19883
2023-05-09 21:02:58,pb2307,pb2307,15285.0,0.0,0.0,0.0,18,15280.0,15285.0,42,15245.0,15270.0,15285.0,15260.0,582.0,44448700.0,19883
2023-05-09 21:02:59,pb2307,pb2307,15285.0,3.0,229275.0,2.0,23,15280.0,15285.0,39,15245.0,15270.0,15285.0,15260.0,585.0,44677975.0,19885
2023-05-09 21:02:59,pb2307,pb2307,15285.0,0.0,0.0,0.0,33,15280.0,15285.0,39,15245.0,15270.0,15285.0,15260.0,585.0,44677975.0,19885
2023-05-09 21:03:00,pb2307,pb2307,15280.0,4.0,305650.0,1.0,30,15280.0,15285.0,37,15245.0,15270.0,15285.0,15260.0,589.0,44983625.0,19886
2023-05-09 21:03:00,pb2307,pb2307,15280.0,5.0,382000.0,0.0,25,15280.0,15285.0,36,15245.0,15270.0,15285.0,15260.0,594.0,45365625.0,19886
2023-05-09 21:03:01,pb2307,pb2307,15280.0,0.0,0.0,0.0,30,15280.0,15285.0,36,15245.0,15270.0,15285.0,15260.0,594.0,45365625.0,19886
2023-05-09 21:03:01,pb2307,pb2307,15280.0,0.0,0.0,0.0,32,15280.0,15285.0,36,15245.0,15270.0,15285.0,15260.0,594.0,45365625.0,19886
2023-05-09 21:03:02,pb2307,pb2307,15280.0,0.0,0.0,0.0,37,15280.0,15285.0,36,15245.0,15270.0,15285.0,15260.0,594.0,45365625.0,19886
2023-05-09 21:03:02,pb2307,pb2307,15280.0,1.0,76400.0,0.0,46,15280.0,15285.0,36,15245.0,15270.0,15285.0,15260.0,595.0,45442025.0,19886
2023-05-09 21:03:04,pb2307,pb2307,15285.0,2.0,152850.0,1.0,46,15280.0,15285.0,34,15245.0,15270.0,15285.0,15260.0,597.0,45594875.0,19887
2023-05-09 21:03:05,pb2307,pb2307,15285.0,0.0,0.0,0.0,47,15280.0,15285.0,34,15245.0,15270.0,15285.0,15260.0,597.0,45594875.0,19887
2023-05-09 21:03:05,pb2307,pb2307,15285.0,0.0,0.0,0.0,47,15280.0,15285.0,36,15245.0,15270.0,15285.0,15260.0,597.0,45594875.0,19887
2023-05-09 21:03:07,pb2307,pb2307,15285.0,0.0,0.0,0.0,51,15280.0,15285.0,36,15245.0,15270.0,15285.0,15260.0,597.0,45594875.0,19887
2023-05-09 21:03:07,pb2307,pb2307,15285.0,0.0,0.0,0.0,53,15280.0,15285.0,36,15245.0,15270.0,15285.0,15260.0,597.0,45594875.0,19887
2023-05-09 21:03:10,pb2307,pb2307,15280.0,53.0,4049200.0,31.0,36,15275.0,15285.0,47,15245.0,15270.0,15285.0,15260.0,650.0,49644075.0,19918
2023-05-09 21:03:10,pb2307,pb2307,15280.0,1.0,76400.0,-1.0,66,15275.0,15280.0,18,15245.0,15270.0,15285.0,15260.0,651.0,49720475.0,19917
2023-05-09 21:03:11,pb2307,pb2307,15280.0,0.0,0.0,0.0,37,15275.0,15280.0,26,15245.0,15270.0,15285.0,15260.0,651.0,49720475.0,19917
2023-05-09 21:03:11,pb2307,pb2307,15280.0,0.0,0.0,0.0,37,15275.0,15280.0,26,15245.0,15270.0,15285.0,15260.0,651.0,49720475.0,19917
2023-05-09 21:03:13,pb2307,pb2307,15280.0,0.0,0.0,0.0,38,15275.0,15280.0,26,15245.0,15270.0,15285.0,15260.0,651.0,49720475.0,19917
2023-05-09 21:03:14,pb2307,pb2307,15280.0,0.0,0.0,0.0,37,15275.0,15280.0,26,15245.0,15270.0,15285.0,15260.0,651.0,49720475.0,19917
2023-05-09 21:03:14,pb2307,pb2307,15280.0,0.0,0.0,0.0,38,15275.0,15280.0,26,15245.0,15270.0,15285.0,15260.0,651.0,49720475.0,19917
2023-05-09 21:03:17,pb2307,pb2307,15280.0,0.0,0.0,0.0,38,15275.0,15280.0,28,15245.0,15270.0,15285.0,15260.0,651.0,49720475.0,19917
2023-05-09 21:03:18,pb2307,pb2307,15280.0,0.0,0.0,0.0,39,15275.0,15280.0,28,15245.0,15270.0,15285.0,15260.0,651.0,49720475.0,19917
2023-05-09 21:03:23,pb2307,pb2307,15280.0,0.0,0.0,0.0,39,15275.0,15280.0,34,15245.0,15270.0,15285.0,15260.0,651.0,49720475.0,19917
2023-05-09 21:03:24,pb2307,pb2307,15280.0,0.0,0.0,0.0,39,15275.0,15280.0,36,15245.0,15270.0,15285.0,15260.0,651.0,49720475.0,19917
2023-05-09 21:03:24,pb2307,pb2307,15280.0,0.0,0.0,0.0,37,15275.0,15280.0,36,15245.0,15270.0,15285.0,15260.0,651.0,49720475.0,19917
2023-05-09 21:03:27,pb2307,pb2307,15280.0,1.0,76400.0,0.0,37,15275.0,15280.0,35,15245.0,15270.0,15285.0,15260.0,652.0,49796875.0,19917
2023-05-09 21:03:27,pb2307,pb2307,15280.0,0.0,0.0,0.0,38,15275.0,15280.0,36,15245.0,15270.0,15285.0,15260.0,652.0,49796875.0,19917
2023-05-09 21:03:32,pb2307,pb2307,15280.0,0.0,0.0,0.0,38,15275.0,15280.0,46,15245.0,15270.0,15285.0,15260.0,652.0,49796875.0,19917
2023-05-09 21:03:34,pb2307,pb2307,15280.0,0.0,0.0,0.0,32,15275.0,15280.0,46,15245.0,15270.0,15285.0,15260.0,652.0,49796875.0,19917
2023-05-09 21:03:34,pb2307,pb2307,15280.0,0.0,0.0,0.0,28,15275.0,15280.0,48,15245.0,15270.0,15285.0,15260.0,652.0,49796875.0,19917
2023-05-09 21:03:35,pb2307,pb2307,15280.0,0.0,0.0,0.0,26,15275.0,15280.0,48,15245.0,15270.0,15285.0,15260.0,652.0,49796875.0,19917
2023-05-09 21:03:39,pb2307,pb2307,15280.0,0.0,0.0,0.0,31,15275.0,15280.0,48,15245.0,15270.0,15285.0,15260.0,652.0,49796875.0,19917
2023-05-09 21:03:39,pb2307,pb2307,15280.0,1.0,76400.0,0.0,31,15275.0,15280.0,47,15245.0,15270.0,15285.0,15260.0,653.0,49873275.0,19917
2023-05-09 21:03:43,pb2307,pb2307,15280.0,0.0,0.0,0.0,35,15275.0,15280.0,47,15245.0,15270.0,15285.0,15260.0,653.0,49873275.0,19917
2023-05-09 21:03:45,pb2307,pb2307,15280.0,2.0,152800.0,0.0,35,15275.0,15280.0,45,15245.0,15270.0,15285.0,15260.0,655.0,50026075.0,19917
2023-05-09 21:03:46,pb2307,pb2307,15280.0,0.0,0.0,0.0,38,15275.0,15280.0,45,15245.0,15270.0,15285.0,15260.0,655.0,50026075.0,19917
2023-05-09 21:03:48,pb2307,pb2307,15280.0,0.0,0.0,0.0,39,15275.0,15280.0,45,15245.0,15270.0,15285.0,15260.0,655.0,50026075.0,19917
2023-05-09 21:03:53,pb2307,pb2307,15280.0,0.0,0.0,0.0,39,15275.0,15280.0,45,15245.0,15270.0,15285.0,15260.0,655.0,50026075.0,19917
2023-05-09 21:03:54,pb2307,pb2307,15280.0,0.0,0.0,0.0,40,15275.0,15280.0,45,15245.0,15270.0,15285.0,15260.0,655.0,50026075.0,19917
2023-05-09 21:03:57,pb2307,pb2307,15280.0,0.0,0.0,0.0,40,15275.0,15280.0,46,15245.0,15270.0,15285.0,15260.0,655.0,50026075.0,19917
2023-05-09 21:04:00,pb2307,pb2307,15280.0,0.0,0.0,0.0,42,15275.0,15280.0,46,15245.0,15270.0,15285.0,15260.0,655.0,50026075.0,19917
2023-05-09 21:04:02,pb2307,pb2307,15280.0,3.0,229200.0,0.0,37,15275.0,15280.0,43,15245.0,15270.0,15285.0,15260.0,658.0,50255275.0,19917
2023-05-09 21:04:03,pb2307,pb2307,15280.0,0.0,0.0,0.0,37,15275.0,15280.0,43,15245.0,15270.0,15285.0,15260.0,658.0,50255275.0,19917
2023-05-09 21:04:05,pb2307,pb2307,15280.0,0.0,0.0,0.0,46,15275.0,15280.0,43,15245.0,15270.0,15285.0,15260.0,658.0,50255275.0,19917
2023-05-09 21:04:09,pb2307,pb2307,15280.0,0.0,0.0,0.0,46,15275.0,15280.0,43,15245.0,15270.0,15285.0,15260.0,658.0,50255275.0,19917
2023-05-09 21:04:09,pb2307,pb2307,15280.0,0.0,0.0,0.0,46,15275.0,15280.0,41,15245.0,15270.0,15285.0,15260.0,658.0,50255275.0,19917
2023-05-09 21:04:10,pb2307,pb2307,15280.0,0.0,0.0,0.0,46,15275.0,15280.0,39,15245.0,15270.0,15285.0,15260.0,658.0,50255275.0,19917
2023-05-09 21:04:12,pb2307,pb2307,15280.0,3.0,229200.0,-2.0,47,15275.0,15280.0,36,15245.0,15270.0,15285.0,15260.0,661.0,50484475.0,19915
2023-05-09 21:04:12,pb2307,pb2307,15280.0,0.0,0.0,0.0,47,15275.0,15280.0,34,15245.0,15270.0,15285.0,15260.0,661.0,50484475.0,19915
2023-05-09 21:04:16,pb2307,pb2307,15280.0,0.0,0.0,0.0,48,15275.0,15280.0,34,15245.0,15270.0,15285.0,15260.0,661.0,50484475.0,19915
2023-05-09 21:04:17,pb2307,pb2307,15280.0,0.0,0.0,0.0,48,15275.0,15280.0,46,15245.0,15270.0,15285.0,15260.0,661.0,50484475.0,19915
2023-05-09 21:04:18,pb2307,pb2307,15280.0,0.0,0.0,0.0,47,15275.0,15280.0,46,15245.0,15270.0,15285.0,15260.0,661.0,50484475.0,19915
2023-05-09 21:04:20,pb2307,pb2307,15280.0,0.0,0.0,0.0,47,15275.0,15280.0,46,15245.0,15270.0,15285.0,15260.0,661.0,50484475.0,19915
2023-05-09 21:04:22,pb2307,pb2307,15280.0,5.0,382000.0,2.0,39,15275.0,15280.0,41,15245.0,15270.0,15285.0,15260.0,666.0,50866475.0,19917
2023-05-09 21:04:22,pb2307,pb2307,15280.0,0.0,0.0,0.0,39,15275.0,15280.0,43,15245.0,15270.0,15285.0,15260.0,666.0,50866475.0,19917
2023-05-09 21:04:23,pb2307,pb2307,15280.0,0.0,0.0,0.0,38,15275.0,15280.0,43,15245.0,15270.0,15285.0,15260.0,666.0,50866475.0,19917
2023-05-09 21:04:23,pb2307,pb2307,15280.0,0.0,0.0,0.0,39,15275.0,15280.0,43,15245.0,15270.0,15285.0,15260.0,666.0,50866475.0,19917
2023-05-09 21:04:25,pb2307,pb2307,15280.0,14.0,1069600.0,2.0,43,15275.0,15280.0,29,15245.0,15270.0,15285.0,15260.0,680.0,51936075.0,19919
2023-05-09 21:04:27,pb2307,pb2307,15280.0,0.0,0.0,0.0,46,15275.0,15280.0,29,15245.0,15270.0,15285.0,15260.0,680.0,51936075.0,19919
2023-05-09 21:04:29,pb2307,pb2307,15280.0,0.0,0.0,0.0,47,15275.0,15280.0,29,15245.0,15270.0,15285.0,15260.0,680.0,51936075.0,19919
2023-05-09 21:04:29,pb2307,pb2307,15280.0,17.0,1298800.0,-5.0,47,15275.0,15285.0,55,15245.0,15270.0,15285.0,15260.0,697.0,53234875.0,19914
2023-05-09 21:04:30,pb2307,pb2307,15280.0,0.0,0.0,0.0,15,15280.0,15285.0,42,15245.0,15270.0,15285.0,15260.0,697.0,53234875.0,19914
2023-05-09 21:04:30,pb2307,pb2307,15280.0,0.0,0.0,0.0,15,15280.0,15285.0,40,15245.0,15270.0,15285.0,15260.0,697.0,53234875.0,19914
2023-05-09 21:04:31,pb2307,pb2307,15280.0,0.0,0.0,0.0,18,15280.0,15285.0,38,15245.0,15270.0,15285.0,15260.0,697.0,53234875.0,19914
2023-05-09 21:04:33,pb2307,pb2307,15280.0,0.0,0.0,0.0,30,15280.0,15285.0,29,15245.0,15270.0,15285.0,15260.0,697.0,53234875.0,19914
2023-05-09 21:04:33,pb2307,pb2307,15280.0,0.0,0.0,0.0,30,15280.0,15285.0,29,15245.0,15270.0,15285.0,15260.0,697.0,53234875.0,19914
2023-05-09 21:04:35,pb2307,pb2307,15280.0,0.0,0.0,0.0,31,15280.0,15285.0,29,15245.0,15270.0,15285.0,15260.0,697.0,53234875.0,19914
2023-05-09 21:04:36,pb2307,pb2307,15285.0,1.0,76425.0,1.0,31,15280.0,15285.0,28,15245.0,15270.0,15285.0,15260.0,698.0,53311300.0,19915
2023-05-09 21:04:36,pb2307,pb2307,15285.0,0.0,0.0,0.0,31,15280.0,15285.0,35,15245.0,15270.0,15285.0,15260.0,698.0,53311300.0,19915
2023-05-09 21:04:38,pb2307,pb2307,15285.0,0.0,0.0,0.0,31,15280.0,15285.0,35,15245.0,15270.0,15285.0,15260.0,698.0,53311300.0,19915
2023-05-09 21:04:38,pb2307,pb2307,15285.0,0.0,0.0,0.0,31,15280.0,15285.0,35,15245.0,15270.0,15285.0,15260.0,698.0,53311300.0,19915
2023-05-09 21:04:39,pb2307,pb2307,15285.0,0.0,0.0,0.0,31,15280.0,15285.0,47,15245.0,15270.0,15285.0,15260.0,698.0,53311300.0,19915
2023-05-09 21:04:40,pb2307,pb2307,15280.0,4.0,305650.0,1.0,29,15280.0,15285.0,45,15245.0,15270.0,15285.0,15260.0,702.0,53616950.0,19916
2023-05-09 21:04:40,pb2307,pb2307,15280.0,0.0,0.0,0.0,31,15280.0,15285.0,45,15245.0,15270.0,15285.0,15260.0,702.0,53616950.0,19916
2023-05-09 21:04:43,pb2307,pb2307,15280.0,0.0,0.0,0.0,31,15280.0,15285.0,45,15245.0,15270.0,15285.0,15260.0,702.0,53616950.0,19916
2023-05-09 21:04:43,pb2307,pb2307,15280.0,0.0,0.0,0.0,33,15280.0,15285.0,45,15245.0,15270.0,15285.0,15260.0,702.0,53616950.0,19916
2023-05-09 21:04:45,pb2307,pb2307,15285.0,1.0,76425.0,0.0,36,15280.0,15285.0,44,15245.0,15270.0,15285.0,15260.0,703.0,53693375.0,19916
2023-05-09 21:04:46,pb2307,pb2307,15285.0,0.0,0.0,0.0,38,15280.0,15285.0,44,15245.0,15270.0,15285.0,15260.0,703.0,53693375.0,19916
2023-05-09 21:04:48,pb2307,pb2307,15285.0,3.0,229275.0,0.0,38,15280.0,15285.0,41,15245.0,15270.0,15285.0,15260.0,706.0,53922650.0,19916
2023-05-09 21:04:48,pb2307,pb2307,15285.0,0.0,0.0,0.0,39,15280.0,15285.0,41,15245.0,15270.0,15285.0,15260.0,706.0,53922650.0,19916
2023-05-09 21:04:49,pb2307,pb2307,15285.0,0.0,0.0,0.0,39,15280.0,15285.0,30,15245.0,15270.0,15285.0,15260.0,706.0,53922650.0,19916
2023-05-09 21:04:50,pb2307,pb2307,15285.0,0.0,0.0,0.0,40,15280.0,15285.0,30,15245.0,15270.0,15285.0,15260.0,706.0,53922650.0,19916
2023-05-09 21:04:51,pb2307,pb2307,15285.0,0.0,0.0,0.0,45,15280.0,15285.0,30,15245.0,15270.0,15285.0,15260.0,706.0,53922650.0,19916
2023-05-09 21:04:51,pb2307,pb2307,15285.0,0.0,0.0,0.0,45,15280.0,15285.0,32,15245.0,15270.0,15285.0,15260.0,706.0,53922650.0,19916
2023-05-09 21:04:55,pb2307,pb2307,15285.0,0.0,0.0,0.0,45,15280.0,15285.0,44,15245.0,15270.0,15285.0,15260.0,706.0,53922650.0,19916
2023-05-09 21:04:56,pb2307,pb2307,15285.0,0.0,0.0,0.0,46,15280.0,15285.0,44,15245.0,15270.0,15285.0,15260.0,706.0,53922650.0,19916
2023-05-09 21:04:56,pb2307,pb2307,15285.0,0.0,0.0,0.0,46,15280.0,15285.0,44,15245.0,15270.0,15285.0,15260.0,706.0,53922650.0,19916
2023-05-09 21:04:57,pb2307,pb2307,15285.0,0.0,0.0,0.0,47,15280.0,15285.0,44,15245.0,15270.0,15285.0,15260.0,706.0,53922650.0,19916
2023-05-09 21:05:00,pb2307,pb2307,15285.0,0.0,0.0,0.0,47,15280.0,15285.0,44,15245.0,15270.0,15285.0,15260.0,706.0,53922650.0,19916
2023-05-09 21:05:02,pb2307,pb2307,15285.0,0.0,0.0,0.0,47,15280.0,15285.0,44,15245.0,15270.0,15285.0,15260.0,706.0,53922650.0,19916
2023-05-09 21:05:02,pb2307,pb2307,15280.0,44.0,3361600.0,26.0,39,15275.0,15285.0,45,15245.0,15270.0,15285.0,15260.0,750.0,57284250.0,19942
2023-05-09 21:05:03,pb2307,pb2307,15280.0,0.0,0.0,0.0,67,15275.0,15280.0,19,15245.0,15270.0,15285.0,15260.0,750.0,57284250.0,19942
2023-05-09 21:05:03,pb2307,pb2307,15280.0,0.0,0.0,0.0,26,15275.0,15280.0,29,15245.0,15270.0,15285.0,15260.0,750.0,57284250.0,19942
2023-05-09 21:05:04,pb2307,pb2307,15280.0,0.0,0.0,0.0,26,15275.0,15280.0,31,15245.0,15270.0,15285.0,15260.0,750.0,57284250.0,19942
2023-05-09 21:05:04,pb2307,pb2307,15280.0,0.0,0.0,0.0,26,15275.0,15280.0,35,15245.0,15270.0,15285.0,15260.0,750.0,57284250.0,19942
2023-05-09 21:05:05,pb2307,pb2307,15280.0,0.0,0.0,0.0,31,15275.0,15280.0,35,15245.0,15270.0,15285.0,15260.0,750.0,57284250.0,19942
2023-05-09 21:05:05,pb2307,pb2307,15280.0,0.0,0.0,0.0,32,15275.0,15280.0,35,15245.0,15270.0,15285.0,15260.0,750.0,57284250.0,19942
2023-05-09 21:05:06,pb2307,pb2307,15280.0,0.0,0.0,0.0,34,15275.0,15280.0,35,15245.0,15270.0,15285.0,15260.0,750.0,57284250.0,19942
2023-05-09 21:05:07,pb2307,pb2307,15280.0,3.0,229200.0,0.0,30,15275.0,15280.0,32,15245.0,15270.0,15285.0,15260.0,753.0,57513450.0,19942
2023-05-09 21:05:09,pb2307,pb2307,15280.0,0.0,0.0,0.0,28,15275.0,15280.0,32,15245.0,15270.0,15285.0,15260.0,753.0,57513450.0,19942
2023-05-09 21:05:09,pb2307,pb2307,15280.0,0.0,0.0,0.0,29,15275.0,15280.0,32,15245.0,15270.0,15285.0,15260.0,753.0,57513450.0,19942
2023-05-09 21:05:12,pb2307,pb2307,15280.0,0.0,0.0,0.0,30,15275.0,15280.0,32,15245.0,15270.0,15285.0,15260.0,753.0,57513450.0,19942
2023-05-09 21:05:13,pb2307,pb2307,15280.0,0.0,0.0,0.0,27,15275.0,15280.0,33,15245.0,15270.0,15285.0,15260.0,753.0,57513450.0,19942
2023-05-09 21:05:13,pb2307,pb2307,15275.0,28.0,2138500.0,19.0,45,15270.0,15275.0,13,15245.0,15270.0,15285.0,15260.0,781.0,59651950.0,19961
2023-05-09 21:05:14,pb2307,pb2307,15275.0,0.0,0.0,0.0,43,15270.0,15275.0,20,15245.0,15270.0,15285.0,15260.0,781.0,59651950.0,19961
2023-05-09 21:05:14,pb2307,pb2307,15275.0,0.0,0.0,0.0,43,15270.0,15275.0,28,15245.0,15270.0,15285.0,15260.0,781.0,59651950.0,19961
2023-05-09 21:05:15,pb2307,pb2307,15275.0,0.0,0.0,0.0,43,15270.0,15275.0,32,15245.0,15270.0,15285.0,15260.0,781.0,59651950.0,19961
2023-05-09 21:05:15,pb2307,pb2307,15275.0,0.0,0.0,0.0,43,15270.0,15275.0,33,15245.0,15270.0,15285.0,15260.0,781.0,59651950.0,19961
2023-05-09 21:05:22,pb2307,pb2307,15275.0,0.0,0.0,0.0,34,15270.0,15275.0,33,15245.0,15270.0,15285.0,15260.0,781.0,59651950.0,19961
2023-05-09 21:05:22,pb2307,pb2307,15275.0,0.0,0.0,0.0,36,15270.0,15275.0,34,15245.0,15270.0,15285.0,15260.0,781.0,59651950.0,19961
2023-05-09 21:05:28,pb2307,pb2307,15275.0,0.0,0.0,0.0,41,15270.0,15275.0,34,15245.0,15270.0,15285.0,15260.0,781.0,59651950.0,19961
2023-05-09 21:05:28,pb2307,pb2307,15275.0,0.0,0.0,0.0,43,15270.0,15275.0,34,15245.0,15270.0,15285.0,15260.0,781.0,59651950.0,19961
2023-05-09 21:05:29,pb2307,pb2307,15275.0,0.0,0.0,0.0,44,15270.0,15275.0,34,15245.0,15270.0,15285.0,15260.0,781.0,59651950.0,19961
2023-05-09 21:05:30,pb2307,pb2307,15275.0,0.0,0.0,0.0,56,15270.0,15275.0,34,15245.0,15270.0,15285.0,15260.0,781.0,59651950.0,19961
2023-05-09 21:05:31,pb2307,pb2307,15275.0,8.0,611000.0,-8.0,56,15270.0,15275.0,23,15245.0,15270.0,15285.0,15260.0,789.0,60262950.0,19953
2023-05-09 21:05:31,pb2307,pb2307,15275.0,1.0,76375.0,-1.0,56,15270.0,15275.0,12,15245.0,15270.0,15285.0,15260.0,790.0,60339325.0,19952
2023-05-09 21:05:32,pb2307,pb2307,15275.0,0.0,0.0,0.0,56,15270.0,15275.0,10,15245.0,15270.0,15285.0,15260.0,790.0,60339325.0,19952
2023-05-09 21:05:32,pb2307,pb2307,15275.0,9.0,687375.0,2.0,14,15275.0,15280.0,50,15245.0,15270.0,15285.0,15260.0,799.0,61026700.0,19954
2023-05-09 21:05:33,pb2307,pb2307,15275.0,0.0,0.0,0.0,17,15275.0,15280.0,37,15245.0,15270.0,15285.0,15260.0,799.0,61026700.0,19954
2023-05-09 21:05:33,pb2307,pb2307,15275.0,0.0,0.0,0.0,19,15275.0,15280.0,37,15245.0,15270.0,15285.0,15260.0,799.0,61026700.0,19954
2023-05-09 21:05:34,pb2307,pb2307,15275.0,0.0,0.0,0.0,19,15275.0,15280.0,36,15245.0,15270.0,15285.0,15260.0,799.0,61026700.0,19954
2023-05-09 21:05:34,pb2307,pb2307,15275.0,0.0,0.0,0.0,19,15275.0,15280.0,36,15245.0,15270.0,15285.0,15260.0,799.0,61026700.0,19954
2023-05-09 21:05:36,pb2307,pb2307,15280.0,1.0,76400.0,0.0,19,15275.0,15280.0,35,15245.0,15270.0,15285.0,15260.0,800.0,61103100.0,19954
2023-05-09 21:05:36,pb2307,pb2307,15280.0,0.0,0.0,0.0,20,15275.0,15280.0,35,15245.0,15270.0,15285.0,15260.0,800.0,61103100.0,19954
2023-05-09 21:05:38,pb2307,pb2307,15280.0,1.0,76400.0,0.0,20,15275.0,15280.0,34,15245.0,15270.0,15285.0,15260.0,801.0,61179500.0,19954
2023-05-09 21:05:38,pb2307,pb2307,15280.0,0.0,0.0,0.0,24,15275.0,15280.0,34,15245.0,15270.0,15285.0,15260.0,801.0,61179500.0,19954
2023-05-09 21:05:39,pb2307,pb2307,15280.0,0.0,0.0,0.0,34,15275.0,15280.0,34,15245.0,15270.0,15285.0,15260.0,801.0,61179500.0,19954
2023-05-09 21:05:39,pb2307,pb2307,15280.0,0.0,0.0,0.0,32,15275.0,15280.0,36,15245.0,15270.0,15285.0,15260.0,801.0,61179500.0,19954
2023-05-09 21:05:43,pb2307,pb2307,15280.0,0.0,0.0,0.0,32,15275.0,15280.0,38,15245.0,15270.0,15285.0,15260.0,801.0,61179500.0,19954
2023-05-09 21:05:44,pb2307,pb2307,15275.0,2.0,152775.0,1.0,35,15275.0,15280.0,37,15245.0,15270.0,15285.0,15260.0,803.0,61332275.0,19955
2023-05-09 21:05:44,pb2307,pb2307,15275.0,0.0,0.0,0.0,35,15275.0,15280.0,37,15245.0,15270.0,15285.0,15260.0,803.0,61332275.0,19955
2023-05-09 21:05:45,pb2307,pb2307,15275.0,0.0,0.0,0.0,35,15275.0,15280.0,41,15245.0,15270.0,15285.0,15260.0,803.0,61332275.0,19955
2023-05-09 21:05:49,pb2307,pb2307,15280.0,41.0,3132400.0,-2.0,38,15275.0,15285.0,44,15245.0,15270.0,15285.0,15260.0,844.0,64464675.0,19953
2023-05-09 21:05:49,pb2307,pb2307,15280.0,0.0,0.0,0.0,13,15280.0,15285.0,41,15245.0,15270.0,15285.0,15260.0,844.0,64464675.0,19953
2023-05-09 21:05:50,pb2307,pb2307,15280.0,0.0,0.0,0.0,16,15280.0,15285.0,40,15245.0,15270.0,15285.0,15260.0,844.0,64464675.0,19953
2023-05-09 21:05:50,pb2307,pb2307,15280.0,0.0,0.0,0.0,18,15280.0,15285.0,39,15245.0,15270.0,15285.0,15260.0,844.0,64464675.0,19953
2023-05-09 21:05:52,pb2307,pb2307,15280.0,0.0,0.0,0.0,19,15280.0,15285.0,39,15245.0,15270.0,15285.0,15260.0,844.0,64464675.0,19953
2023-05-09 21:05:54,pb2307,pb2307,15285.0,3.0,229275.0,0.0,19,15280.0,15285.0,36,15245.0,15270.0,15285.0,15260.0,847.0,64693950.0,19953
2023-05-09 21:05:54,pb2307,pb2307,15285.0,0.0,0.0,0.0,19,15280.0,15285.0,40,15245.0,15270.0,15285.0,15260.0,847.0,64693950.0,19953
2023-05-09 21:05:57,pb2307,pb2307,15285.0,0.0,0.0,0.0,31,15280.0,15285.0,40,15245.0,15270.0,15285.0,15260.0,847.0,64693950.0,19953
2023-05-09 21:05:57,pb2307,pb2307,15285.0,0.0,0.0,0.0,31,15280.0,15285.0,40,15245.0,15270.0,15285.0,15260.0,847.0,64693950.0,19953
2023-05-09 21:05:59,pb2307,pb2307,15285.0,0.0,0.0,0.0,36,15280.0,15285.0,40,15245.0,15270.0,15285.0,15260.0,847.0,64693950.0,19953
2023-05-09 21:06:00,pb2307,pb2307,15285.0,1.0,76425.0,0.0,36,15280.0,15285.0,39,15245.0,15270.0,15285.0,15260.0,848.0,64770375.0,19953
2023-05-09 21:06:00,pb2307,pb2307,15285.0,0.0,0.0,0.0,36,15280.0,15285.0,27,15245.0,15270.0,15285.0,15260.0,848.0,64770375.0,19953
2023-05-09 21:06:01,pb2307,pb2307,15285.0,26.0,1987050.0,14.0,14,15285.0,15290.0,27,15245.0,15270.0,15285.0,15260.0,874.0,66757425.0,19967
2023-05-09 21:06:01,pb2307,pb2307,15285.0,0.0,0.0,0.0,25,15285.0,15290.0,40,15245.0,15270.0,15285.0,15260.0,874.0,66757425.0,19967
2023-05-09 21:06:02,pb2307,pb2307,15285.0,0.0,0.0,0.0,27,15285.0,15290.0,40,15245.0,15270.0,15285.0,15260.0,874.0,66757425.0,19967
2023-05-09 21:06:02,pb2307,pb2307,15285.0,0.0,0.0,0.0,31,15285.0,15290.0,40,15245.0,15270.0,15285.0,15260.0,874.0,66757425.0,19967
2023-05-09 21:06:03,pb2307,pb2307,15285.0,0.0,0.0,0.0,31,15285.0,15290.0,40,15245.0,15270.0,15285.0,15260.0,874.0,66757425.0,19967
2023-05-09 21:06:03,pb2307,pb2307,15285.0,0.0,0.0,0.0,31,15285.0,15290.0,40,15245.0,15270.0,15285.0,15260.0,874.0,66757425.0,19967
2023-05-09 21:06:08,pb2307,pb2307,15285.0,0.0,0.0,0.0,31,15285.0,15290.0,41,15245.0,15270.0,15285.0,15260.0,874.0,66757425.0,19967
2023-05-09 21:06:09,pb2307,pb2307,15285.0,0.0,0.0,0.0,31,15285.0,15290.0,46,15245.0,15270.0,15285.0,15260.0,874.0,66757425.0,19967
2023-05-09 21:06:09,pb2307,pb2307,15285.0,0.0,0.0,0.0,32,15285.0,15290.0,46,15245.0,15270.0,15285.0,15260.0,874.0,66757425.0,19967
2023-05-09 21:06:10,pb2307,pb2307,15285.0,0.0,0.0,0.0,32,15285.0,15290.0,46,15245.0,15270.0,15285.0,15260.0,874.0,66757425.0,19967
2023-05-09 21:06:11,pb2307,pb2307,15285.0,2.0,152850.0,0.0,30,15285.0,15290.0,46,15245.0,15270.0,15285.0,15260.0,876.0,66910275.0,19967
2023-05-09 21:06:11,pb2307,pb2307,15285.0,0.0,0.0,0.0,29,15285.0,15290.0,46,15245.0,15270.0,15285.0,15260.0,876.0,66910275.0,19967
2023-05-09 21:06:14,pb2307,pb2307,15285.0,0.0,0.0,0.0,29,15285.0,15290.0,46,15245.0,15270.0,15285.0,15260.0,876.0,66910275.0,19967
2023-05-09 21:06:14,pb2307,pb2307,15285.0,0.0,0.0,0.0,30,15285.0,15290.0,46,15245.0,15270.0,15285.0,15260.0,876.0,66910275.0,19967
2023-05-09 21:06:15,pb2307,pb2307,15285.0,0.0,0.0,0.0,30,15285.0,15290.0,46,15245.0,15270.0,15285.0,15260.0,876.0,66910275.0,19967
2023-05-09 21:06:18,pb2307,pb2307,15285.0,0.0,0.0,0.0,30,15285.0,15290.0,41,15245.0,15270.0,15285.0,15260.0,876.0,66910275.0,19967
2023-05-09 21:06:19,pb2307,pb2307,15285.0,5.0,382125.0,0.0,18,15285.0,15290.0,41,15245.0,15270.0,15285.0,15260.0,881.0,67292400.0,19967
2023-05-09 21:06:20,pb2307,pb2307,15285.0,0.0,0.0,0.0,30,15285.0,15290.0,41,15245.0,15270.0,15285.0,15260.0,881.0,67292400.0,19967
2023-05-09 21:06:23,pb2307,pb2307,15285.0,0.0,0.0,0.0,30,15285.0,15290.0,41,15245.0,15270.0,15285.0,15260.0,881.0,67292400.0,19967
2023-05-09 21:06:24,pb2307,pb2307,15290.0,11.0,840750.0,-2.0,8,15285.0,15290.0,38,15245.0,15270.0,15290.0,15260.0,892.0,68133150.0,19965
2023-05-09 21:06:24,pb2307,pb2307,15285.0,6.0,458550.0,-4.0,39,15280.0,15290.0,40,15245.0,15270.0,15290.0,15260.0,898.0,68591700.0,19961
2023-05-09 21:06:25,pb2307,pb2307,15285.0,0.0,0.0,0.0,72,15280.0,15285.0,2,15245.0,15270.0,15290.0,15260.0,898.0,68591700.0,19961
2023-05-09 21:06:25,pb2307,pb2307,15285.0,2.0,152850.0,-1.0,2,15285.0,15290.0,40,15245.0,15270.0,15290.0,15260.0,900.0,68744550.0,19960
2023-05-09 21:06:26,pb2307,pb2307,15285.0,0.0,0.0,0.0,4,15285.0,15290.0,40,15245.0,15270.0,15290.0,15260.0,900.0,68744550.0,19960
2023-05-09 21:06:26,pb2307,pb2307,15285.0,0.0,0.0,0.0,5,15285.0,15290.0,40,15245.0,15270.0,15290.0,15260.0,900.0,68744550.0,19960
2023-05-09 21:06:27,pb2307,pb2307,15285.0,0.0,0.0,0.0,17,15285.0,15290.0,40,15245.0,15270.0,15290.0,15260.0,900.0,68744550.0,19960
2023-05-09 21:06:27,pb2307,pb2307,15285.0,0.0,0.0,0.0,17,15285.0,15290.0,40,15245.0,15270.0,15290.0,15260.0,900.0,68744550.0,19960
2023-05-09 21:06:28,pb2307,pb2307,15285.0,0.0,0.0,0.0,22,15285.0,15290.0,40,15245.0,15270.0,15290.0,15260.0,900.0,68744550.0,19960
2023-05-09 21:06:29,pb2307,pb2307,15285.0,0.0,0.0,0.0,22,15285.0,15290.0,40,15245.0,15270.0,15290.0,15260.0,900.0,68744550.0,19960
2023-05-09 21:06:29,pb2307,pb2307,15285.0,0.0,0.0,0.0,23,15285.0,15290.0,38,15245.0,15270.0,15290.0,15260.0,900.0,68744550.0,19960
2023-05-09 21:06:30,pb2307,pb2307,15285.0,0.0,0.0,0.0,26,15285.0,15290.0,38,15245.0,15270.0,15290.0,15260.0,900.0,68744550.0,19960
2023-05-09 21:06:30,pb2307,pb2307,15285.0,0.0,0.0,0.0,30,15285.0,15290.0,38,15245.0,15270.0,15290.0,15260.0,900.0,68744550.0,19960
2023-05-09 21:06:31,pb2307,pb2307,15290.0,1.0,76450.0,0.0,29,15285.0,15290.0,37,15245.0,15270.0,15290.0,15260.0,901.0,68821000.0,19960
2023-05-09 21:06:32,pb2307,pb2307,15290.0,2.0,152900.0,1.0,29,15285.0,15290.0,35,15245.0,15270.0,15290.0,15260.0,903.0,68973900.0,19961
2023-05-09 21:06:32,pb2307,pb2307,15290.0,0.0,0.0,0.0,35,15285.0,15290.0,35,15245.0,15270.0,15290.0,15260.0,903.0,68973900.0,19961
2023-05-09 21:06:35,pb2307,pb2307,15290.0,0.0,0.0,0.0,35,15285.0,15290.0,35,15245.0,15270.0,15290.0,15260.0,903.0,68973900.0,19961
2023-05-09 21:06:35,pb2307,pb2307,15290.0,0.0,0.0,0.0,36,15285.0,15290.0,39,15245.0,15270.0,15290.0,15260.0,903.0,68973900.0,19961
2023-05-09 21:06:36,pb2307,pb2307,15290.0,0.0,0.0,0.0,38,15285.0,15290.0,39,15245.0,15270.0,15290.0,15260.0,903.0,68973900.0,19961
2023-05-09 21:06:37,pb2307,pb2307,15285.0,2.0,152850.0,2.0,41,15285.0,15290.0,39,15245.0,15270.0,15290.0,15260.0,905.0,69126750.0,19963
2023-05-09 21:06:37,pb2307,pb2307,15285.0,0.0,0.0,0.0,42,15285.0,15290.0,39,15245.0,15270.0,15290.0,15260.0,905.0,69126750.0,19963
2023-05-09 21:06:38,pb2307,pb2307,15285.0,0.0,0.0,0.0,42,15285.0,15290.0,39,15245.0,15270.0,15290.0,15260.0,905.0,69126750.0,19963
2023-05-09 21:06:41,pb2307,pb2307,15285.0,0.0,0.0,0.0,44,15285.0,15290.0,39,15245.0,15270.0,15290.0,15260.0,905.0,69126750.0,19963
2023-05-09 21:06:41,pb2307,pb2307,15285.0,0.0,0.0,0.0,46,15285.0,15290.0,39,15245.0,15270.0,15290.0,15260.0,905.0,69126750.0,19963
2023-05-09 21:06:43,pb2307,pb2307,15285.0,0.0,0.0,0.0,47,15285.0,15290.0,39,15245.0,15270.0,15290.0,15260.0,905.0,69126750.0,19963
2023-05-09 21:06:43,pb2307,pb2307,15285.0,0.0,0.0,0.0,48,15285.0,15290.0,39,15245.0,15270.0,15290.0,15260.0,905.0,69126750.0,19963
2023-05-09 21:06:45,pb2307,pb2307,15285.0,0.0,0.0,0.0,48,15285.0,15290.0,39,15245.0,15270.0,15290.0,15260.0,905.0,69126750.0,19963
2023-05-09 21:06:47,pb2307,pb2307,15285.0,0.0,0.0,0.0,46,15285.0,15290.0,39,15245.0,15270.0,15290.0,15260.0,905.0,69126750.0,19963
2023-05-09 21:06:47,pb2307,pb2307,15285.0,29.0,2216325.0,8.0,6,15285.0,15290.0,40,15245.0,15270.0,15290.0,15260.0,934.0,71343075.0,19971
2023-05-09 21:06:48,pb2307,pb2307,15285.0,6.0,458550.0,0.0,30,15280.0,15285.0,19,15245.0,15270.0,15290.0,15260.0,940.0,71801625.0,19971
2023-05-09 21:06:48,pb2307,pb2307,15285.0,9.0,687825.0,2.0,30,15280.0,15285.0,24,15245.0,15270.0,15290.0,15260.0,949.0,72489450.0,19973
2023-05-09 21:06:51,pb2307,pb2307,15285.0,0.0,0.0,0.0,30,15280.0,15285.0,21,15245.0,15270.0,15290.0,15260.0,949.0,72489450.0,19973
2023-05-09 21:06:51,pb2307,pb2307,15285.0,0.0,0.0,0.0,30,15280.0,15285.0,23,15245.0,15270.0,15290.0,15260.0,949.0,72489450.0,19973
2023-05-09 21:06:53,pb2307,pb2307,15285.0,1.0,76425.0,0.0,30,15280.0,15285.0,22,15245.0,15270.0,15290.0,15260.0,950.0,72565875.0,19973
2023-05-09 21:06:58,pb2307,pb2307,15285.0,0.0,0.0,0.0,30,15280.0,15285.0,22,15245.0,15270.0,15290.0,15260.0,950.0,72565875.0,19973
2023-05-09 21:06:59,pb2307,pb2307,15285.0,0.0,0.0,0.0,31,15280.0,15285.0,22,15245.0,15270.0,15290.0,15260.0,950.0,72565875.0,19973
2023-05-09 21:07:00,pb2307,pb2307,15280.0,35.0,2674075.0,-14.0,11,15280.0,15285.0,19,15245.0,15270.0,15290.0,15260.0,985.0,75239950.0,19959
2023-05-09 21:07:01,pb2307,pb2307,15280.0,19.0,1451450.0,-2.0,36,15275.0,15280.0,10,15245.0,15270.0,15290.0,15260.0,1004.0,76691400.0,19957
2023-05-09 21:07:01,pb2307,pb2307,15285.0,16.0,1222475.0,-14.0,68,15275.0,15285.0,30,15245.0,15270.0,15290.0,15260.0,1020.0,77913875.0,19943
2023-05-09 21:07:02,pb2307,pb2307,15285.0,0.0,0.0,0.0,4,15280.0,15285.0,30,15245.0,15270.0,15290.0,15260.0,1020.0,77913875.0,19943
2023-05-09 21:07:02,pb2307,pb2307,15285.0,0.0,0.0,0.0,21,15280.0,15285.0,30,15245.0,15270.0,15290.0,15260.0,1020.0,77913875.0,19943
2023-05-09 21:07:03,pb2307,pb2307,15285.0,0.0,0.0,0.0,27,15280.0,15285.0,30,15245.0,15270.0,15290.0,15260.0,1020.0,77913875.0,19943
2023-05-09 21:07:03,pb2307,pb2307,15285.0,0.0,0.0,0.0,15,15280.0,15285.0,30,15245.0,15270.0,15290.0,15260.0,1020.0,77913875.0,19943
2023-05-09 21:07:04,pb2307,pb2307,15285.0,0.0,0.0,0.0,6,15280.0,15285.0,30,15245.0,15270.0,15290.0,15260.0,1020.0,77913875.0,19943
2023-05-09 21:07:04,pb2307,pb2307,15285.0,0.0,0.0,0.0,6,15280.0,15285.0,30,15245.0,15270.0,15290.0,15260.0,1020.0,77913875.0,19943
2023-05-09 21:07:07,pb2307,pb2307,15285.0,0.0,0.0,0.0,6,15280.0,15285.0,30,15245.0,15270.0,15290.0,15260.0,1020.0,77913875.0,19943
2023-05-09 21:07:08,pb2307,pb2307,15285.0,0.0,0.0,0.0,18,15280.0,15285.0,31,15245.0,15270.0,15290.0,15260.0,1020.0,77913875.0,19943
2023-05-09 21:07:11,pb2307,pb2307,15285.0,0.0,0.0,0.0,24,15280.0,15285.0,31,15245.0,15270.0,15290.0,15260.0,1020.0,77913875.0,19943
2023-05-09 21:07:12,pb2307,pb2307,15285.0,0.0,0.0,0.0,24,15280.0,15285.0,31,15245.0,15270.0,15290.0,15260.0,1020.0,77913875.0,19943
2023-05-09 21:07:15,pb2307,pb2307,15285.0,0.0,0.0,0.0,12,15280.0,15285.0,31,15245.0,15270.0,15290.0,15260.0,1020.0,77913875.0,19943
2023-05-09 21:07:16,pb2307,pb2307,15285.0,0.0,0.0,0.0,6,15280.0,15285.0,31,15245.0,15270.0,15290.0,15260.0,1020.0,77913875.0,19943
2023-05-09 21:07:17,pb2307,pb2307,15285.0,0.0,0.0,0.0,6,15280.0,15285.0,36,15245.0,15270.0,15290.0,15260.0,1020.0,77913875.0,19943
2023-05-09 21:07:21,pb2307,pb2307,15285.0,0.0,0.0,0.0,18,15280.0,15285.0,36,15245.0,15270.0,15290.0,15260.0,1020.0,77913875.0,19943
2023-05-09 21:07:21,pb2307,pb2307,15285.0,0.0,0.0,0.0,24,15280.0,15285.0,36,15245.0,15270.0,15290.0,15260.0,1020.0,77913875.0,19943
2023-05-09 21:07:25,pb2307,pb2307,15280.0,12.0,916800.0,0.0,58,15275.0,15285.0,36,15245.0,15270.0,15290.0,15260.0,1032.0,78830675.0,19943
2023-05-09 21:07:25,pb2307,pb2307,15280.0,0.0,0.0,0.0,83,15275.0,15280.0,13,15245.0,15270.0,15290.0,15260.0,1032.0,78830675.0,19943
2023-05-09 21:07:26,pb2307,pb2307,15280.0,0.0,0.0,0.0,89,15275.0,15280.0,12,15245.0,15270.0,15290.0,15260.0,1032.0,78830675.0,19943
2023-05-09 21:07:27,pb2307,pb2307,15280.0,0.0,0.0,0.0,89,15275.0,15280.0,12,15245.0,15270.0,15290.0,15260.0,1032.0,78830675.0,19943
2023-05-09 21:07:27,pb2307,pb2307,15280.0,1.0,76400.0,0.0,89,15275.0,15280.0,11,15245.0,15270.0,15290.0,15260.0,1033.0,78907075.0,19943
2023-05-09 21:07:28,pb2307,pb2307,15280.0,1.0,76400.0,0.0,89,15275.0,15280.0,10,15245.0,15270.0,15290.0,15260.0,1034.0,78983475.0,19943
2023-05-09 21:07:28,pb2307,pb2307,15280.0,0.0,0.0,0.0,89,15275.0,15280.0,10,15245.0,15270.0,15290.0,15260.0,1034.0,78983475.0,19943
2023-05-09 21:07:29,pb2307,pb2307,15280.0,0.0,0.0,0.0,89,15275.0,15280.0,12,15245.0,15270.0,15290.0,15260.0,1034.0,78983475.0,19943
2023-05-09 21:07:29,pb2307,pb2307,15280.0,0.0,0.0,0.0,82,15275.0,15280.0,12,15245.0,15270.0,15290.0,15260.0,1034.0,78983475.0,19943
2023-05-09 21:07:30,pb2307,pb2307,15280.0,0.0,0.0,0.0,38,15275.0,15280.0,26,15245.0,15270.0,15290.0,15260.0,1034.0,78983475.0,19943
2023-05-09 21:07:30,pb2307,pb2307,15280.0,0.0,0.0,0.0,37,15275.0,15280.0,23,15245.0,15270.0,15290.0,15260.0,1034.0,78983475.0,19943
2023-05-09 21:07:31,pb2307,pb2307,15280.0,0.0,0.0,0.0,37,15275.0,15280.0,25,15245.0,15270.0,15290.0,15260.0,1034.0,78983475.0,19943
2023-05-09 21:07:35,pb2307,pb2307,15280.0,0.0,0.0,0.0,41,15275.0,15280.0,25,15245.0,15270.0,15290.0,15260.0,1034.0,78983475.0,19943
2023-05-09 21:07:43,pb2307,pb2307,15275.0,4.0,305500.0,0.0,39,15275.0,15280.0,25,15245.0,15270.0,15290.0,15260.0,1038.0,79288975.0,19943
2023-05-09 21:07:44,pb2307,pb2307,15275.0,0.0,0.0,0.0,39,15275.0,15280.0,25,15245.0,15270.0,15290.0,15260.0,1038.0,79288975.0,19943
2023-05-09 21:07:45,pb2307,pb2307,15275.0,0.0,0.0,0.0,39,15275.0,15280.0,27,15245.0,15270.0,15290.0,15260.0,1038.0,79288975.0,19943
2023-05-09 21:07:48,pb2307,pb2307,15275.0,0.0,0.0,0.0,67,15275.0,15280.0,15,15245.0,15270.0,15290.0,15260.0,1038.0,79288975.0,19943
2023-05-09 21:07:49,pb2307,pb2307,15280.0,15.0,1146000.0,4.0,2,15280.0,15285.0,67,15245.0,15270.0,15290.0,15260.0,1053.0,80434975.0,19947
2023-05-09 21:07:49,pb2307,pb2307,15280.0,0.0,0.0,0.0,19,15280.0,15285.0,67,15245.0,15270.0,15290.0,15260.0,1053.0,80434975.0,19947
2023-05-09 21:07:50,pb2307,pb2307,15280.0,0.0,0.0,0.0,19,15280.0,15285.0,67,15245.0,15270.0,15290.0,15260.0,1053.0,80434975.0,19947
2023-05-09 21:07:51,pb2307,pb2307,15280.0,0.0,0.0,0.0,19,15280.0,15285.0,68,15245.0,15270.0,15290.0,15260.0,1053.0,80434975.0,19947
2023-05-09 21:07:51,pb2307,pb2307,15280.0,0.0,0.0,0.0,14,15280.0,15285.0,68,15245.0,15270.0,15290.0,15260.0,1053.0,80434975.0,19947
2023-05-09 21:07:52,pb2307,pb2307,15280.0,0.0,0.0,0.0,14,15280.0,15285.0,67,15245.0,15270.0,15290.0,15260.0,1053.0,80434975.0,19947
2023-05-09 21:07:57,pb2307,pb2307,15280.0,0.0,0.0,0.0,14,15280.0,15285.0,67,15245.0,15270.0,15290.0,15260.0,1053.0,80434975.0,19947
2023-05-09 21:07:59,pb2307,pb2307,15280.0,0.0,0.0,0.0,14,15280.0,15285.0,67,15245.0,15270.0,15290.0,15260.0,1053.0,80434975.0,19947
2023-05-09 21:08:03,pb2307,pb2307,15285.0,1.0,76425.0,1.0,14,15280.0,15285.0,66,15245.0,15270.0,15290.0,15260.0,1054.0,80511400.0,19948
2023-05-09 21:08:03,pb2307,pb2307,15285.0,0.0,0.0,0.0,15,15280.0,15285.0,66,15245.0,15270.0,15290.0,15260.0,1054.0,80511400.0,19948
2023-05-09 21:08:05,pb2307,pb2307,15285.0,4.0,305700.0,2.0,14,15280.0,15285.0,62,15245.0,15270.0,15290.0,15260.0,1058.0,80817100.0,19950
2023-05-09 21:08:07,pb2307,pb2307,15285.0,0.0,0.0,0.0,16,15280.0,15285.0,62,15245.0,15270.0,15290.0,15260.0,1058.0,80817100.0,19950
2023-05-09 21:08:08,pb2307,pb2307,15285.0,0.0,0.0,0.0,20,15280.0,15285.0,62,15245.0,15270.0,15290.0,15260.0,1058.0,80817100.0,19950
2023-05-09 21:08:13,pb2307,pb2307,15285.0,0.0,0.0,0.0,26,15280.0,15285.0,62,15245.0,15270.0,15290.0,15260.0,1058.0,80817100.0,19950
2023-05-09 21:08:14,pb2307,pb2307,15285.0,0.0,0.0,0.0,30,15280.0,15285.0,62,15245.0,15270.0,15290.0,15260.0,1058.0,80817100.0,19950
2023-05-09 21:08:14,pb2307,pb2307,15285.0,0.0,0.0,0.0,32,15280.0,15285.0,62,15245.0,15270.0,15290.0,15260.0,1058.0,80817100.0,19950
2023-05-09 21:08:17,pb2307,pb2307,15285.0,0.0,0.0,0.0,38,15280.0,15285.0,62,15245.0,15270.0,15290.0,15260.0,1058.0,80817100.0,19950
2023-05-09 21:08:22,pb2307,pb2307,15285.0,0.0,0.0,0.0,41,15280.0,15285.0,62,15245.0,15270.0,15290.0,15260.0,1058.0,80817100.0,19950
2023-05-09 21:08:22,pb2307,pb2307,15285.0,0.0,0.0,0.0,43,15280.0,15285.0,62,15245.0,15270.0,15290.0,15260.0,1058.0,80817100.0,19950
2023-05-09 21:08:24,pb2307,pb2307,15285.0,0.0,0.0,0.0,43,15280.0,15285.0,62,15245.0,15270.0,15290.0,15260.0,1058.0,80817100.0,19950
2023-05-09 21:08:36,pb2307,pb2307,15285.0,2.0,152850.0,0.0,43,15280.0,15285.0,60,15245.0,15270.0,15290.0,15260.0,1060.0,80969950.0,19950
2023-05-09 21:08:40,pb2307,pb2307,15285.0,0.0,0.0,0.0,48,15280.0,15285.0,48,15245.0,15270.0,15290.0,15260.0,1060.0,80969950.0,19950
2023-05-09 21:08:40,pb2307,pb2307,15285.0,0.0,0.0,0.0,49,15280.0,15285.0,58,15245.0,15270.0,15290.0,15260.0,1060.0,80969950.0,19950
2023-05-09 21:08:41,pb2307,pb2307,15285.0,0.0,0.0,0.0,50,15280.0,15285.0,58,15245.0,15270.0,15290.0,15260.0,1060.0,80969950.0,19950
2023-05-09 21:08:48,pb2307,pb2307,15285.0,3.0,229275.0,0.0,45,15280.0,15285.0,68,15245.0,15270.0,15290.0,15260.0,1063.0,81199225.0,19950
2023-05-09 21:08:48,pb2307,pb2307,15285.0,0.0,0.0,0.0,33,15280.0,15285.0,68,15245.0,15270.0,15290.0,15260.0,1063.0,81199225.0,19950
2023-05-09 21:08:50,pb2307,pb2307,15285.0,0.0,0.0,0.0,32,15280.0,15285.0,68,15245.0,15270.0,15290.0,15260.0,1063.0,81199225.0,19950
2023-05-09 21:08:50,pb2307,pb2307,15285.0,0.0,0.0,0.0,33,15280.0,15285.0,68,15245.0,15270.0,15290.0,15260.0,1063.0,81199225.0,19950
2023-05-09 21:08:51,pb2307,pb2307,15285.0,0.0,0.0,0.0,39,15280.0,15285.0,68,15245.0,15270.0,15290.0,15260.0,1063.0,81199225.0,19950
2023-05-09 21:08:52,pb2307,pb2307,15285.0,1.0,76425.0,0.0,38,15280.0,15285.0,67,15245.0,15270.0,15290.0,15260.0,1064.0,81275650.0,19950
2023-05-09 21:08:54,pb2307,pb2307,15285.0,0.0,0.0,0.0,43,15280.0,15285.0,67,15245.0,15270.0,15290.0,15260.0,1064.0,81275650.0,19950
2023-05-09 21:08:54,pb2307,pb2307,15285.0,0.0,0.0,0.0,43,15280.0,15285.0,67,15245.0,15270.0,15290.0,15260.0,1064.0,81275650.0,19950
2023-05-09 21:08:59,pb2307,pb2307,15285.0,0.0,0.0,0.0,44,15280.0,15285.0,67,15245.0,15270.0,15290.0,15260.0,1064.0,81275650.0,19950
2023-05-09 21:09:00,pb2307,pb2307,15285.0,1.0,76425.0,0.0,44,15280.0,15285.0,66,15245.0,15270.0,15290.0,15260.0,1065.0,81352075.0,19950
2023-05-09 21:09:01,pb2307,pb2307,15285.0,0.0,0.0,0.0,44,15280.0,15285.0,53,15245.0,15270.0,15290.0,15260.0,1065.0,81352075.0,19950
2023-05-09 21:09:01,pb2307,pb2307,15285.0,0.0,0.0,0.0,82,15280.0,15285.0,49,15245.0,15270.0,15290.0,15260.0,1065.0,81352075.0,19950
2023-05-09 21:09:02,pb2307,pb2307,15285.0,0.0,0.0,0.0,84,15280.0,15285.0,39,15245.0,15270.0,15290.0,15260.0,1065.0,81352075.0,19950
2023-05-09 21:09:02,pb2307,pb2307,15280.0,10.0,764000.0,-2.0,72,15280.0,15285.0,41,15245.0,15270.0,15290.0,15260.0,1075.0,82116075.0,19948
2023-05-09 21:09:03,pb2307,pb2307,15280.0,0.0,0.0,0.0,76,15280.0,15285.0,40,15245.0,15270.0,15290.0,15260.0,1075.0,82116075.0,19948
2023-05-09 21:09:03,pb2307,pb2307,15280.0,0.0,0.0,0.0,78,15280.0,15285.0,40,15245.0,15270.0,15290.0,15260.0,1075.0,82116075.0,19948
2023-05-09 21:09:09,pb2307,pb2307,15285.0,1.0,76425.0,1.0,78,15280.0,15285.0,39,15245.0,15270.0,15290.0,15260.0,1076.0,82192500.0,19949
2023-05-09 21:09:10,pb2307,pb2307,15285.0,0.0,0.0,0.0,78,15280.0,15285.0,38,15245.0,15270.0,15290.0,15260.0,1076.0,82192500.0,19949
2023-05-09 21:09:10,pb2307,pb2307,15285.0,1.0,76425.0,0.0,78,15280.0,15285.0,37,15245.0,15270.0,15290.0,15260.0,1077.0,82268925.0,19949
2023-05-09 21:09:11,pb2307,pb2307,15285.0,1.0,76425.0,0.0,78,15280.0,15285.0,36,15245.0,15270.0,15290.0,15260.0,1078.0,82345350.0,19949
2023-05-09 21:09:15,pb2307,pb2307,15280.0,1.0,76400.0,0.0,77,15280.0,15285.0,36,15245.0,15270.0,15290.0,15260.0,1079.0,82421750.0,19949
2023-05-09 21:09:16,pb2307,pb2307,15280.0,0.0,0.0,0.0,77,15280.0,15285.0,38,15245.0,15270.0,15290.0,15260.0,1079.0,82421750.0,19949
2023-05-09 21:09:18,pb2307,pb2307,15285.0,1.0,76425.0,0.0,77,15280.0,15285.0,37,15245.0,15270.0,15290.0,15260.0,1080.0,82498175.0,19949
2023-05-09 21:09:19,pb2307,pb2307,15285.0,2.0,152850.0,0.0,72,15280.0,15285.0,35,15245.0,15270.0,15290.0,15260.0,1082.0,82651025.0,19949
2023-05-09 21:09:19,pb2307,pb2307,15285.0,0.0,0.0,0.0,73,15280.0,15285.0,35,15245.0,15270.0,15290.0,15260.0,1082.0,82651025.0,19949
2023-05-09 21:09:21,pb2307,pb2307,15285.0,1.0,76425.0,0.0,73,15280.0,15285.0,34,15245.0,15270.0,15290.0,15260.0,1083.0,82727450.0,19949
2023-05-09 21:09:21,pb2307,pb2307,15285.0,0.0,0.0,0.0,73,15280.0,15285.0,34,15245.0,15270.0,15290.0,15260.0,1083.0,82727450.0,19949
2023-05-09 21:09:23,pb2307,pb2307,15285.0,0.0,0.0,0.0,77,15280.0,15285.0,34,15245.0,15270.0,15290.0,15260.0,1083.0,82727450.0,19949
2023-05-09 21:09:29,pb2307,pb2307,15285.0,2.0,152850.0,1.0,74,15280.0,15285.0,32,15245.0,15270.0,15290.0,15260.0,1085.0,82880300.0,19950
2023-05-09 21:09:29,pb2307,pb2307,15285.0,0.0,0.0,0.0,75,15280.0,15285.0,32,15245.0,15270.0,15290.0,15260.0,1085.0,82880300.0,19950
2023-05-09 21:09:30,pb2307,pb2307,15285.0,3.0,229275.0,3.0,70,15280.0,15285.0,29,15245.0,15270.0,15290.0,15260.0,1088.0,83109575.0,19953
2023-05-09 21:09:33,pb2307,pb2307,15285.0,0.0,0.0,0.0,74,15280.0,15285.0,29,15245.0,15270.0,15290.0,15260.0,1088.0,83109575.0,19953
2023-05-09 21:09:34,pb2307,pb2307,15285.0,0.0,0.0,0.0,76,15280.0,15285.0,29,15245.0,15270.0,15290.0,15260.0,1088.0,83109575.0,19953
2023-05-09 21:09:34,pb2307,pb2307,15285.0,0.0,0.0,0.0,76,15280.0,15285.0,27,15245.0,15270.0,15290.0,15260.0,1088.0,83109575.0,19953
2023-05-09 21:09:43,pb2307,pb2307,15285.0,1.0,76425.0,1.0,75,15280.0,15285.0,26,15245.0,15270.0,15290.0,15260.0,1089.0,83186000.0,19954
2023-05-09 21:09:45,pb2307,pb2307,15285.0,0.0,0.0,0.0,75,15280.0,15285.0,26,15245.0,15270.0,15290.0,15260.0,1089.0,83186000.0,19954
2023-05-09 21:09:46,pb2307,pb2307,15285.0,0.0,0.0,0.0,76,15280.0,15285.0,26,15245.0,15270.0,15290.0,15260.0,1089.0,83186000.0,19954
2023-05-09 21:09:58,pb2307,pb2307,15285.0,1.0,76425.0,1.0,76,15280.0,15285.0,25,15245.0,15270.0,15290.0,15260.0,1090.0,83262425.0,19955
2023-05-09 21:10:00,pb2307,pb2307,15285.0,0.0,0.0,0.0,76,15280.0,15285.0,125,15245.0,15270.0,15290.0,15260.0,1090.0,83262425.0,19955
2023-05-09 21:10:00,pb2307,pb2307,15285.0,0.0,0.0,0.0,76,15280.0,15285.0,127,15245.0,15270.0,15290.0,15260.0,1090.0,83262425.0,19955
2023-05-09 21:10:09,pb2307,pb2307,15285.0,0.0,0.0,0.0,75,15280.0,15285.0,127,15245.0,15270.0,15290.0,15260.0,1090.0,83262425.0,19955
2023-05-09 21:10:10,pb2307,pb2307,15285.0,0.0,0.0,0.0,74,15280.0,15285.0,127,15245.0,15270.0,15290.0,15260.0,1090.0,83262425.0,19955
2023-05-09 21:10:10,pb2307,pb2307,15285.0,0.0,0.0,0.0,74,15280.0,15285.0,128,15245.0,15270.0,15290.0,15260.0,1090.0,83262425.0,19955
2023-05-09 21:10:13,pb2307,pb2307,15285.0,3.0,229275.0,3.0,70,15280.0,15285.0,125,15245.0,15270.0,15290.0,15260.0,1093.0,83491700.0,19958
2023-05-09 21:10:17,pb2307,pb2307,15285.0,2.0,152850.0,2.0,66,15280.0,15285.0,123,15245.0,15270.0,15290.0,15260.0,1095.0,83644550.0,19960
2023-05-09 21:10:17,pb2307,pb2307,15285.0,0.0,0.0,0.0,65,15280.0,15285.0,123,15245.0,15270.0,15290.0,15260.0,1095.0,83644550.0,19960
2023-05-09 21:10:18,pb2307,pb2307,15285.0,0.0,0.0,0.0,70,15280.0,15285.0,123,15245.0,15270.0,15290.0,15260.0,1095.0,83644550.0,19960
2023-05-09 21:10:22,pb2307,pb2307,15285.0,1.0,76425.0,1.0,70,15280.0,15285.0,122,15245.0,15270.0,15290.0,15260.0,1096.0,83720975.0,19961
2023-05-09 21:10:26,pb2307,pb2307,15285.0,0.0,0.0,0.0,73,15280.0,15285.0,122,15245.0,15270.0,15290.0,15260.0,1096.0,83720975.0,19961
2023-05-09 21:10:26,pb2307,pb2307,15285.0,0.0,0.0,0.0,74,15280.0,15285.0,122,15245.0,15270.0,15290.0,15260.0,1096.0,83720975.0,19961
2023-05-09 21:10:27,pb2307,pb2307,15285.0,0.0,0.0,0.0,73,15280.0,15285.0,122,15245.0,15270.0,15290.0,15260.0,1096.0,83720975.0,19961
2023-05-09 21:10:27,pb2307,pb2307,15285.0,0.0,0.0,0.0,74,15280.0,15285.0,122,15245.0,15270.0,15290.0,15260.0,1096.0,83720975.0,19961
2023-05-09 21:10:28,pb2307,pb2307,15285.0,1.0,76425.0,1.0,73,15280.0,15285.0,121,15245.0,15270.0,15290.0,15260.0,1097.0,83797400.0,19962
2023-05-09 21:10:29,pb2307,pb2307,15285.0,1.0,76425.0,1.0,72,15280.0,15285.0,120,15245.0,15270.0,15290.0,15260.0,1098.0,83873825.0,19963
2023-05-09 21:10:36,pb2307,pb2307,15285.0,0.0,0.0,0.0,73,15280.0,15285.0,120,15245.0,15270.0,15290.0,15260.0,1098.0,83873825.0,19963
2023-05-09 21:10:40,pb2307,pb2307,15285.0,2.0,152850.0,2.0,71,15280.0,15285.0,118,15245.0,15270.0,15290.0,15260.0,1100.0,84026675.0,19965
2023-05-09 21:10:43,pb2307,pb2307,15280.0,9.0,687600.0,-1.0,62,15280.0,15285.0,118,15245.0,15270.0,15290.0,15260.0,1109.0,84714275.0,19964
2023-05-09 21:10:43,pb2307,pb2307,15280.0,0.0,0.0,0.0,64,15280.0,15285.0,118,15245.0,15270.0,15290.0,15260.0,1109.0,84714275.0,19964
2023-05-09 21:10:44,pb2307,pb2307,15280.0,0.0,0.0,0.0,65,15280.0,15285.0,118,15245.0,15270.0,15290.0,15260.0,1109.0,84714275.0,19964
2023-05-09 21:10:45,pb2307,pb2307,15280.0,0.0,0.0,0.0,66,15280.0,15285.0,118,15245.0,15270.0,15290.0,15260.0,1109.0,84714275.0,19964
2023-05-09 21:10:48,pb2307,pb2307,15285.0,3.0,229275.0,3.0,61,15280.0,15285.0,115,15245.0,15270.0,15290.0,15260.0,1112.0,84943550.0,19967
2023-05-09 21:10:48,pb2307,pb2307,15285.0,0.0,0.0,0.0,61,15280.0,15285.0,115,15245.0,15270.0,15290.0,15260.0,1112.0,84943550.0,19967
2023-05-09 21:10:55,pb2307,pb2307,15280.0,17.0,1298800.0,-8.0,44,15280.0,15285.0,132,15245.0,15270.0,15290.0,15260.0,1129.0,86242350.0,19959
2023-05-09 21:10:55,pb2307,pb2307,15280.0,36.0,2750400.0,6.0,44,15275.0,15280.0,21,15245.0,15270.0,15290.0,15260.0,1165.0,88992750.0,19965
2023-05-09 21:10:56,pb2307,pb2307,15280.0,0.0,0.0,0.0,47,15275.0,15280.0,32,15245.0,15270.0,15290.0,15260.0,1165.0,88992750.0,19965
2023-05-09 21:10:56,pb2307,pb2307,15280.0,0.0,0.0,0.0,71,15275.0,15280.0,34,15245.0,15270.0,15290.0,15260.0,1165.0,88992750.0,19965
2023-05-09 21:10:57,pb2307,pb2307,15280.0,0.0,0.0,0.0,75,15275.0,15280.0,30,15245.0,15270.0,15290.0,15260.0,1165.0,88992750.0,19965
2023-05-09 21:10:58,pb2307,pb2307,15280.0,0.0,0.0,0.0,80,15275.0,15280.0,30,15245.0,15270.0,15290.0,15260.0,1165.0,88992750.0,19965
2023-05-09 21:11:00,pb2307,pb2307,15280.0,0.0,0.0,0.0,80,15275.0,15280.0,30,15245.0,15270.0,15290.0,15260.0,1165.0,88992750.0,19965
2023-05-09 21:11:11,pb2307,pb2307,15280.0,1.0,76400.0,0.0,80,15275.0,15280.0,29,15245.0,15270.0,15290.0,15260.0,1166.0,89069150.0,19965
2023-05-09 21:11:14,pb2307,pb2307,15280.0,1.0,76400.0,0.0,80,15275.0,15280.0,28,15245.0,15270.0,15290.0,15260.0,1167.0,89145550.0,19965
2023-05-09 21:11:17,pb2307,pb2307,15280.0,0.0,0.0,0.0,80,15275.0,15280.0,32,15245.0,15270.0,15290.0,15260.0,1167.0,89145550.0,19965
2023-05-09 21:11:20,pb2307,pb2307,15280.0,0.0,0.0,0.0,80,15275.0,15280.0,37,15245.0,15270.0,15290.0,15260.0,1167.0,89145550.0,19965
2023-05-09 21:11:24,pb2307,pb2307,15280.0,0.0,0.0,0.0,81,15275.0,15280.0,37,15245.0,15270.0,15290.0,15260.0,1167.0,89145550.0,19965
2023-05-09 21:11:24,pb2307,pb2307,15280.0,0.0,0.0,0.0,81,15275.0,15280.0,32,15245.0,15270.0,15290.0,15260.0,1167.0,89145550.0,19965
2023-05-09 21:11:29,pb2307,pb2307,15280.0,1.0,76400.0,0.0,81,15275.0,15280.0,31,15245.0,15270.0,15290.0,15260.0,1168.0,89221950.0,19965
2023-05-09 21:11:29,pb2307,pb2307,15280.0,0.0,0.0,0.0,81,15275.0,15280.0,33,15245.0,15270.0,15290.0,15260.0,1168.0,89221950.0,19965
2023-05-09 21:11:34,pb2307,pb2307,15280.0,0.0,0.0,0.0,80,15275.0,15280.0,33,15245.0,15270.0,15290.0,15260.0,1168.0,89221950.0,19965
2023-05-09 21:11:34,pb2307,pb2307,15280.0,0.0,0.0,0.0,80,15275.0,15280.0,43,15245.0,15270.0,15290.0,15260.0,1168.0,89221950.0,19965
2023-05-09 21:11:38,pb2307,pb2307,15280.0,0.0,0.0,0.0,80,15275.0,15280.0,43,15245.0,15270.0,15290.0,15260.0,1168.0,89221950.0,19965
2023-05-09 21:11:43,pb2307,pb2307,15280.0,0.0,0.0,0.0,81,15275.0,15280.0,43,15245.0,15270.0,15290.0,15260.0,1168.0,89221950.0,19965
2023-05-09 21:11:46,pb2307,pb2307,15280.0,0.0,0.0,0.0,82,15275.0,15280.0,43,15245.0,15270.0,15290.0,15260.0,1168.0,89221950.0,19965
2023-05-09 21:11:47,pb2307,pb2307,15280.0,0.0,0.0,0.0,84,15275.0,15280.0,43,15245.0,15270.0,15290.0,15260.0,1168.0,89221950.0,19965
2023-05-09 21:11:47,pb2307,pb2307,15280.0,0.0,0.0,0.0,84,15275.0,15280.0,41,15245.0,15270.0,15290.0,15260.0,1168.0,89221950.0,19965
2023-05-09 21:11:51,pb2307,pb2307,15280.0,0.0,0.0,0.0,86,15275.0,15280.0,41,15245.0,15270.0,15290.0,15260.0,1168.0,89221950.0,19965
2023-05-09 21:11:56,pb2307,pb2307,15280.0,3.0,229200.0,0.0,81,15275.0,15280.0,38,15245.0,15270.0,15290.0,15260.0,1171.0,89451150.0,19965
2023-05-09 21:11:57,pb2307,pb2307,15280.0,5.0,382000.0,-5.0,81,15275.0,15280.0,33,15245.0,15270.0,15290.0,15260.0,1176.0,89833150.0,19960
2023-05-09 21:11:58,pb2307,pb2307,15280.0,1.0,76400.0,0.0,81,15275.0,15280.0,32,15245.0,15270.0,15290.0,15260.0,1177.0,89909550.0,19960
2023-05-09 21:11:58,pb2307,pb2307,15280.0,0.0,0.0,0.0,85,15275.0,15280.0,32,15245.0,15270.0,15290.0,15260.0,1177.0,89909550.0,19960
2023-05-09 21:11:59,pb2307,pb2307,15280.0,0.0,0.0,0.0,90,15275.0,15280.0,32,15245.0,15270.0,15290.0,15260.0,1177.0,89909550.0,19960
2023-05-09 21:12:01,pb2307,pb2307,15280.0,0.0,0.0,0.0,95,15275.0,15280.0,26,15245.0,15270.0,15290.0,15260.0,1177.0,89909550.0,19960
2023-05-09 21:12:01,pb2307,pb2307,15280.0,0.0,0.0,0.0,95,15275.0,15280.0,22,15245.0,15270.0,15290.0,15260.0,1177.0,89909550.0,19960
2023-05-09 21:12:02,pb2307,pb2307,15280.0,0.0,0.0,0.0,95,15275.0,15280.0,17,15245.0,15270.0,15290.0,15260.0,1177.0,89909550.0,19960
2023-05-09 21:12:02,pb2307,pb2307,15280.0,0.0,0.0,0.0,94,15275.0,15280.0,17,15245.0,15270.0,15290.0,15260.0,1177.0,89909550.0,19960
2023-05-09 21:12:04,pb2307,pb2307,15280.0,0.0,0.0,0.0,94,15275.0,15280.0,17,15245.0,15270.0,15290.0,15260.0,1177.0,89909550.0,19960
2023-05-09 21:12:05,pb2307,pb2307,15280.0,0.0,0.0,0.0,94,15275.0,15280.0,19,15245.0,15270.0,15290.0,15260.0,1177.0,89909550.0,19960
2023-05-09 21:12:06,pb2307,pb2307,15280.0,0.0,0.0,0.0,95,15275.0,15280.0,19,15245.0,15270.0,15290.0,15260.0,1177.0,89909550.0,19960
2023-05-09 21:12:07,pb2307,pb2307,15280.0,0.0,0.0,0.0,96,15275.0,15280.0,19,15245.0,15270.0,15290.0,15260.0,1177.0,89909550.0,19960
2023-05-09 21:12:07,pb2307,pb2307,15280.0,0.0,0.0,0.0,96,15275.0,15280.0,19,15245.0,15270.0,15290.0,15260.0,1177.0,89909550.0,19960
2023-05-09 21:12:08,pb2307,pb2307,15280.0,0.0,0.0,0.0,97,15275.0,15280.0,19,15245.0,15270.0,15290.0,15260.0,1177.0,89909550.0,19960
2023-05-09 21:12:09,pb2307,pb2307,15280.0,0.0,0.0,0.0,96,15275.0,15280.0,19,15245.0,15270.0,15290.0,15260.0,1177.0,89909550.0,19960
2023-05-09 21:12:09,pb2307,pb2307,15280.0,0.0,0.0,0.0,97,15275.0,15280.0,19,15245.0,15270.0,15290.0,15260.0,1177.0,89909550.0,19960
2023-05-09 21:12:10,pb2307,pb2307,15280.0,0.0,0.0,0.0,97,15275.0,15280.0,19,15245.0,15270.0,15290.0,15260.0,1177.0,89909550.0,19960
2023-05-09 21:12:17,pb2307,pb2307,15280.0,1.0,76400.0,0.0,96,15275.0,15280.0,18,15245.0,15270.0,15290.0,15260.0,1178.0,89985950.0,19960
2023-05-09 21:12:17,pb2307,pb2307,15280.0,0.0,0.0,0.0,97,15275.0,15280.0,16,15245.0,15270.0,15290.0,15260.0,1178.0,89985950.0,19960
2023-05-09 21:12:18,pb2307,pb2307,15280.0,0.0,0.0,0.0,97,15275.0,15280.0,34,15245.0,15270.0,15290.0,15260.0,1178.0,89985950.0,19960
2023-05-09 21:12:19,pb2307,pb2307,15280.0,0.0,0.0,0.0,97,15275.0,15280.0,46,15245.0,15270.0,15290.0,15260.0,1178.0,89985950.0,19960
2023-05-09 21:12:19,pb2307,pb2307,15280.0,0.0,0.0,0.0,98,15275.0,15280.0,46,15245.0,15270.0,15290.0,15260.0,1178.0,89985950.0,19960
2023-05-09 21:12:20,pb2307,pb2307,15280.0,0.0,0.0,0.0,97,15275.0,15280.0,46,15245.0,15270.0,15290.0,15260.0,1178.0,89985950.0,19960
2023-05-09 21:12:21,pb2307,pb2307,15280.0,0.0,0.0,0.0,98,15275.0,15280.0,46,15245.0,15270.0,15290.0,15260.0,1178.0,89985950.0,19960
2023-05-09 21:12:22,pb2307,pb2307,15280.0,0.0,0.0,0.0,98,15275.0,15280.0,40,15245.0,15270.0,15290.0,15260.0,1178.0,89985950.0,19960
2023-05-09 21:12:24,pb2307,pb2307,15280.0,0.0,0.0,0.0,97,15275.0,15280.0,40,15245.0,15270.0,15290.0,15260.0,1178.0,89985950.0,19960
2023-05-09 21:12:24,pb2307,pb2307,15280.0,0.0,0.0,0.0,104,15275.0,15280.0,40,15245.0,15270.0,15290.0,15260.0,1178.0,89985950.0,19960
2023-05-09 21:12:25,pb2307,pb2307,15280.0,1.0,76400.0,-1.0,119,15275.0,15280.0,21,15245.0,15270.0,15290.0,15260.0,1179.0,90062350.0,19959
2023-05-09 21:12:25,pb2307,pb2307,15280.0,20.0,1528000.0,0.0,27,15280.0,15285.0,139,15245.0,15270.0,15290.0,15260.0,1199.0,91590350.0,19959
2023-05-09 21:12:26,pb2307,pb2307,15285.0,1.0,76425.0,0.0,52,15280.0,15285.0,136,15245.0,15270.0,15290.0,15260.0,1200.0,91666775.0,19959
2023-05-09 21:12:26,pb2307,pb2307,15285.0,0.0,0.0,0.0,85,15280.0,15285.0,136,15245.0,15270.0,15290.0,15260.0,1200.0,91666775.0,19959
2023-05-09 21:12:27,pb2307,pb2307,15285.0,0.0,0.0,0.0,111,15280.0,15285.0,136,15245.0,15270.0,15290.0,15260.0,1200.0,91666775.0,19959
2023-05-09 21:12:27,pb2307,pb2307,15285.0,0.0,0.0,0.0,113,15280.0,15285.0,136,15245.0,15270.0,15290.0,15260.0,1200.0,91666775.0,19959
2023-05-09 21:12:35,pb2307,pb2307,15285.0,0.0,0.0,0.0,113,15280.0,15285.0,136,15245.0,15270.0,15290.0,15260.0,1200.0,91666775.0,19959
2023-05-09 21:12:39,pb2307,pb2307,15285.0,1.0,76425.0,1.0,113,15280.0,15285.0,135,15245.0,15270.0,15290.0,15260.0,1201.0,91743200.0,19960
2023-05-09 21:12:41,pb2307,pb2307,15285.0,0.0,0.0,0.0,115,15280.0,15285.0,135,15245.0,15270.0,15290.0,15260.0,1201.0,91743200.0,19960
2023-05-09 21:12:47,pb2307,pb2307,15285.0,1.0,76425.0,1.0,118,15280.0,15285.0,134,15245.0,15270.0,15290.0,15260.0,1202.0,91819625.0,19961
2023-05-09 21:12:50,pb2307,pb2307,15285.0,2.0,152850.0,2.0,118,15280.0,15285.0,132,15245.0,15270.0,15290.0,15260.0,1204.0,91972475.0,19963
2023-05-09 21:12:56,pb2307,pb2307,15285.0,0.0,0.0,0.0,119,15280.0,15285.0,132,15245.0,15270.0,15290.0,15260.0,1204.0,91972475.0,19963
2023-05-09 21:12:57,pb2307,pb2307,15285.0,0.0,0.0,0.0,119,15280.0,15285.0,115,15245.0,15270.0,15290.0,15260.0,1204.0,91972475.0,19963
2023-05-09 21:13:04,pb2307,pb2307,15285.0,1.0,76425.0,1.0,119,15280.0,15285.0,114,15245.0,15270.0,15290.0,15260.0,1205.0,92048900.0,19964
2023-05-09 21:13:05,pb2307,pb2307,15285.0,0.0,0.0,0.0,121,15280.0,15285.0,114,15245.0,15270.0,15290.0,15260.0,1205.0,92048900.0,19964
2023-05-09 21:13:07,pb2307,pb2307,15285.0,1.0,76425.0,1.0,121,15280.0,15285.0,113,15245.0,15270.0,15290.0,15260.0,1206.0,92125325.0,19965
2023-05-09 21:13:09,pb2307,pb2307,15285.0,0.0,0.0,0.0,121,15280.0,15285.0,113,15245.0,15270.0,15290.0,15260.0,1206.0,92125325.0,19965
2023-05-09 21:13:09,pb2307,pb2307,15285.0,0.0,0.0,0.0,122,15280.0,15285.0,113,15245.0,15270.0,15290.0,15260.0,1206.0,92125325.0,19965
2023-05-09 21:13:11,pb2307,pb2307,15285.0,4.0,305700.0,4.0,121,15280.0,15285.0,109,15245.0,15270.0,15290.0,15260.0,1210.0,92431025.0,19969
2023-05-09 21:13:13,pb2307,pb2307,15285.0,0.0,0.0,0.0,121,15280.0,15285.0,109,15245.0,15270.0,15290.0,15260.0,1210.0,92431025.0,19969
2023-05-09 21:13:17,pb2307,pb2307,15285.0,0.0,0.0,0.0,122,15280.0,15285.0,109,15245.0,15270.0,15290.0,15260.0,1210.0,92431025.0,19969
2023-05-09 21:13:18,pb2307,pb2307,15285.0,1.0,76425.0,-1.0,127,15280.0,15285.0,108,15245.0,15270.0,15290.0,15260.0,1211.0,92507450.0,19968
2023-05-09 21:13:18,pb2307,pb2307,15285.0,0.0,0.0,0.0,127,15280.0,15285.0,109,15245.0,15270.0,15290.0,15260.0,1211.0,92507450.0,19968
2023-05-09 21:13:31,pb2307,pb2307,15285.0,0.0,0.0,0.0,126,15280.0,15285.0,109,15245.0,15270.0,15290.0,15260.0,1211.0,92507450.0,19968
2023-05-09 21:13:46,pb2307,pb2307,15285.0,0.0,0.0,0.0,126,15280.0,15285.0,110,15245.0,15270.0,15290.0,15260.0,1211.0,92507450.0,19968
2023-05-09 21:13:47,pb2307,pb2307,15285.0,0.0,0.0,0.0,127,15280.0,15285.0,110,15245.0,15270.0,15290.0,15260.0,1211.0,92507450.0,19968
2023-05-09 21:13:48,pb2307,pb2307,15285.0,1.0,76425.0,1.0,127,15280.0,15285.0,109,15245.0,15270.0,15290.0,15260.0,1212.0,92583875.0,19969
2023-05-09 21:13:50,pb2307,pb2307,15285.0,1.0,76425.0,0.0,127,15280.0,15285.0,108,15245.0,15270.0,15290.0,15260.0,1213.0,92660300.0,19969
2023-05-09 21:13:59,pb2307,pb2307,15285.0,1.0,76425.0,1.0,127,15280.0,15285.0,107,15245.0,15270.0,15290.0,15260.0,1214.0,92736725.0,19970
2023-05-09 21:13:59,pb2307,pb2307,15280.0,4.0,305600.0,-1.0,123,15280.0,15285.0,107,15245.0,15270.0,15290.0,15260.0,1218.0,93042325.0,19969
2023-05-09 21:14:03,pb2307,pb2307,15285.0,1.0,76425.0,1.0,123,15280.0,15285.0,106,15245.0,15270.0,15290.0,15260.0,1219.0,93118750.0,19970
2023-05-09 21:14:04,pb2307,pb2307,15285.0,0.0,0.0,0.0,122,15280.0,15285.0,106,15245.0,15270.0,15290.0,15260.0,1219.0,93118750.0,19970
2023-05-09 21:14:04,pb2307,pb2307,15285.0,0.0,0.0,0.0,123,15280.0,15285.0,106,15245.0,15270.0,15290.0,15260.0,1219.0,93118750.0,19970
2023-05-09 21:14:06,pb2307,pb2307,15285.0,1.0,76425.0,1.0,122,15280.0,15285.0,105,15245.0,15270.0,15290.0,15260.0,1220.0,93195175.0,19971
2023-05-09 21:14:11,pb2307,pb2307,15285.0,0.0,0.0,0.0,123,15280.0,15285.0,105,15245.0,15270.0,15290.0,15260.0,1220.0,93195175.0,19971
2023-05-09 21:14:21,pb2307,pb2307,15285.0,4.0,305700.0,4.0,118,15280.0,15285.0,101,15245.0,15270.0,15290.0,15260.0,1224.0,93500875.0,19975
2023-05-09 21:14:25,pb2307,pb2307,15285.0,0.0,0.0,0.0,120,15280.0,15285.0,101,15245.0,15270.0,15290.0,15260.0,1224.0,93500875.0,19975
2023-05-09 21:14:45,pb2307,pb2307,15285.0,2.0,152850.0,2.0,117,15280.0,15285.0,99,15245.0,15270.0,15290.0,15260.0,1226.0,93653725.0,19977
2023-05-09 21:14:47,pb2307,pb2307,15285.0,0.0,0.0,0.0,118,15280.0,15285.0,99,15245.0,15270.0,15290.0,15260.0,1226.0,93653725.0,19977
2023-05-09 21:14:50,pb2307,pb2307,15285.0,0.0,0.0,0.0,113,15280.0,15285.0,99,15245.0,15270.0,15290.0,15260.0,1226.0,93653725.0,19977
2023-05-09 21:14:51,pb2307,pb2307,15285.0,5.0,382125.0,0.0,113,15280.0,15285.0,94,15245.0,15270.0,15290.0,15260.0,1231.0,94035850.0,19977
2023-05-09 21:14:54,pb2307,pb2307,15285.0,1.0,76425.0,1.0,112,15280.0,15285.0,93,15245.0,15270.0,15290.0,15260.0,1232.0,94112275.0,19978
2023-05-09 21:14:55,pb2307,pb2307,15285.0,0.0,0.0,0.0,92,15280.0,15285.0,93,15245.0,15270.0,15290.0,15260.0,1232.0,94112275.0,19978
2023-05-09 21:14:57,pb2307,pb2307,15285.0,1.0,76425.0,1.0,91,15280.0,15285.0,92,15245.0,15270.0,15290.0,15260.0,1233.0,94188700.0,19979
2023-05-09 21:15:00,pb2307,pb2307,15285.0,1.0,76425.0,1.0,90,15280.0,15285.0,91,15245.0,15270.0,15290.0,15260.0,1234.0,94265125.0,19980
2023-05-09 21:15:02,pb2307,pb2307,15285.0,2.0,152850.0,2.0,88,15280.0,15285.0,89,15245.0,15270.0,15290.0,15260.0,1236.0,94417975.0,19982
2023-05-09 21:15:04,pb2307,pb2307,15285.0,2.0,152850.0,2.0,86,15280.0,15285.0,87,15245.0,15270.0,15290.0,15260.0,1238.0,94570825.0,19984
2023-05-09 21:15:13,pb2307,pb2307,15285.0,0.0,0.0,0.0,85,15280.0,15285.0,87,15245.0,15270.0,15290.0,15260.0,1238.0,94570825.0,19984
2023-05-09 21:15:13,pb2307,pb2307,15285.0,0.0,0.0,0.0,86,15280.0,15285.0,87,15245.0,15270.0,15290.0,15260.0,1238.0,94570825.0,19984
2023-05-09 21:15:15,pb2307,pb2307,15285.0,0.0,0.0,0.0,85,15280.0,15285.0,87,15245.0,15270.0,15290.0,15260.0,1238.0,94570825.0,19984
2023-05-09 21:15:20,pb2307,pb2307,15285.0,0.0,0.0,0.0,85,15280.0,15285.0,87,15245.0,15270.0,15290.0,15260.0,1238.0,94570825.0,19984
2023-05-09 21:15:25,pb2307,pb2307,15285.0,0.0,0.0,0.0,85,15280.0,15285.0,87,15245.0,15270.0,15290.0,15260.0,1238.0,94570825.0,19984
2023-05-09 21:15:29,pb2307,pb2307,15285.0,0.0,0.0,0.0,85,15280.0,15285.0,87,15245.0,15270.0,15290.0,15260.0,1238.0,94570825.0,19984
2023-05-09 21:15:29,pb2307,pb2307,15285.0,0.0,0.0,0.0,89,15280.0,15285.0,87,15245.0,15270.0,15290.0,15260.0,1238.0,94570825.0,19984
2023-05-09 21:15:30,pb2307,pb2307,15285.0,0.0,0.0,0.0,89,15280.0,15285.0,87,15245.0,15270.0,15290.0,15260.0,1238.0,94570825.0,19984
2023-05-09 21:15:41,pb2307,pb2307,15285.0,1.0,76425.0,0.0,89,15280.0,15285.0,86,15245.0,15270.0,15290.0,15260.0,1239.0,94647250.0,19984
2023-05-09 21:15:41,pb2307,pb2307,15285.0,0.0,0.0,0.0,90,15280.0,15285.0,86,15245.0,15270.0,15290.0,15260.0,1239.0,94647250.0,19984
2023-05-09 21:15:45,pb2307,pb2307,15285.0,0.0,0.0,0.0,90,15280.0,15285.0,86,15245.0,15270.0,15290.0,15260.0,1239.0,94647250.0,19984
2023-05-09 21:15:46,pb2307,pb2307,15285.0,0.0,0.0,0.0,89,15280.0,15285.0,86,15245.0,15270.0,15290.0,15260.0,1239.0,94647250.0,19984
2023-05-09 21:15:50,pb2307,pb2307,15285.0,5.0,382125.0,0.0,89,15280.0,15285.0,81,15245.0,15270.0,15290.0,15260.0,1244.0,95029375.0,19984
2023-05-09 21:16:00,pb2307,pb2307,15285.0,5.0,382125.0,2.0,89,15280.0,15285.0,76,15245.0,15270.0,15290.0,15260.0,1249.0,95411500.0,19986
2023-05-09 21:16:19,pb2307,pb2307,15285.0,0.0,0.0,0.0,89,15280.0,15285.0,76,15245.0,15270.0,15290.0,15260.0,1249.0,95411500.0,19986
2023-05-09 21:16:19,pb2307,pb2307,15285.0,0.0,0.0,0.0,90,15280.0,15285.0,76,15245.0,15270.0,15290.0,15260.0,1249.0,95411500.0,19986
2023-05-09 21:16:22,pb2307,pb2307,15285.0,0.0,0.0,0.0,90,15280.0,15285.0,76,15245.0,15270.0,15290.0,15260.0,1249.0,95411500.0,19986
2023-05-09 21:16:29,pb2307,pb2307,15285.0,5.0,382125.0,5.0,90,15280.0,15285.0,71,15245.0,15270.0,15290.0,15260.0,1254.0,95793625.0,19991
2023-05-09 21:16:30,pb2307,pb2307,15285.0,26.0,1987050.0,26.0,90,15280.0,15285.0,43,15245.0,15270.0,15290.0,15260.0,1280.0,97780675.0,20017
2023-05-09 21:16:30,pb2307,pb2307,15285.0,43.0,3286275.0,37.0,9,15285.0,15290.0,59,15245.0,15270.0,15290.0,15260.0,1323.0,101066950.0,20054
2023-05-09 21:16:31,pb2307,pb2307,15285.0,5.0,382125.0,3.0,4,15285.0,15290.0,63,15245.0,15270.0,15290.0,15260.0,1328.0,101449075.0,20057
2023-05-09 21:16:31,pb2307,pb2307,15285.0,0.0,0.0,0.0,5,15285.0,15290.0,63,15245.0,15270.0,15290.0,15260.0,1328.0,101449075.0,20057
2023-05-09 21:16:32,pb2307,pb2307,15285.0,0.0,0.0,0.0,10,15285.0,15290.0,63,15245.0,15270.0,15290.0,15260.0,1328.0,101449075.0,20057
2023-05-09 21:16:33,pb2307,pb2307,15285.0,0.0,0.0,0.0,15,15285.0,15290.0,63,15245.0,15270.0,15290.0,15260.0,1328.0,101449075.0,20057
2023-05-09 21:16:33,pb2307,pb2307,15285.0,0.0,0.0,0.0,15,15285.0,15290.0,63,15245.0,15270.0,15290.0,15260.0,1328.0,101449075.0,20057
2023-05-09 21:16:36,pb2307,pb2307,15285.0,0.0,0.0,0.0,15,15285.0,15290.0,63,15245.0,15270.0,15290.0,15260.0,1328.0,101449075.0,20057
2023-05-09 21:16:39,pb2307,pb2307,15285.0,0.0,0.0,0.0,15,15285.0,15290.0,63,15245.0,15270.0,15290.0,15260.0,1328.0,101449075.0,20057
2023-05-09 21:16:40,pb2307,pb2307,15285.0,0.0,0.0,0.0,15,15285.0,15290.0,63,15245.0,15270.0,15290.0,15260.0,1328.0,101449075.0,20057
2023-05-09 21:16:40,pb2307,pb2307,15285.0,0.0,0.0,0.0,14,15285.0,15290.0,63,15245.0,15270.0,15290.0,15260.0,1328.0,101449075.0,20057
2023-05-09 21:16:41,pb2307,pb2307,15285.0,0.0,0.0,0.0,14,15285.0,15290.0,63,15245.0,15270.0,15290.0,15260.0,1328.0,101449075.0,20057
2023-05-09 21:16:42,pb2307,pb2307,15285.0,0.0,0.0,0.0,14,15285.0,15290.0,63,15245.0,15270.0,15290.0,15260.0,1328.0,101449075.0,20057
2023-05-09 21:16:44,pb2307,pb2307,15285.0,0.0,0.0,0.0,12,15285.0,15290.0,64,15245.0,15270.0,15290.0,15260.0,1328.0,101449075.0,20057
2023-05-09 21:16:44,pb2307,pb2307,15285.0,12.0,917100.0,0.0,63,15280.0,15290.0,64,15245.0,15270.0,15290.0,15260.0,1340.0,102366175.0,20057
2023-05-09 21:16:45,pb2307,pb2307,15285.0,0.0,0.0,0.0,88,15280.0,15285.0,29,15245.0,15270.0,15290.0,15260.0,1340.0,102366175.0,20057
2023-05-09 21:16:45,pb2307,pb2307,15285.0,2.0,152850.0,2.0,94,15280.0,15285.0,27,15245.0,15270.0,15290.0,15260.0,1342.0,102519025.0,20059
2023-05-09 21:16:51,pb2307,pb2307,15285.0,0.0,0.0,0.0,94,15280.0,15285.0,27,15245.0,15270.0,15290.0,15260.0,1342.0,102519025.0,20059
2023-05-09 21:16:52,pb2307,pb2307,15285.0,0.0,0.0,0.0,99,15280.0,15285.0,27,15245.0,15270.0,15290.0,15260.0,1342.0,102519025.0,20059
2023-05-09 21:16:53,pb2307,pb2307,15285.0,0.0,0.0,0.0,98,15280.0,15285.0,27,15245.0,15270.0,15290.0,15260.0,1342.0,102519025.0,20059
2023-05-09 21:16:53,pb2307,pb2307,15285.0,0.0,0.0,0.0,99,15280.0,15285.0,27,15245.0,15270.0,15290.0,15260.0,1342.0,102519025.0,20059
2023-05-09 21:16:57,pb2307,pb2307,15285.0,0.0,0.0,0.0,99,15280.0,15285.0,27,15245.0,15270.0,15290.0,15260.0,1342.0,102519025.0,20059
2023-05-09 21:16:59,pb2307,pb2307,15285.0,0.0,0.0,0.0,99,15280.0,15285.0,29,15245.0,15270.0,15290.0,15260.0,1342.0,102519025.0,20059
2023-05-09 21:17:00,pb2307,pb2307,15285.0,0.0,0.0,0.0,99,15280.0,15285.0,39,15245.0,15270.0,15290.0,15260.0,1342.0,102519025.0,20059
2023-05-09 21:17:02,pb2307,pb2307,15280.0,1.0,76400.0,0.0,98,15280.0,15285.0,39,15245.0,15270.0,15290.0,15260.0,1343.0,102595425.0,20059
2023-05-09 21:17:03,pb2307,pb2307,15280.0,0.0,0.0,0.0,102,15280.0,15285.0,39,15245.0,15270.0,15290.0,15260.0,1343.0,102595425.0,20059
2023-05-09 21:17:10,pb2307,pb2307,15285.0,2.0,152850.0,0.0,102,15280.0,15285.0,37,15245.0,15270.0,15290.0,15260.0,1345.0,102748275.0,20059
2023-05-09 21:17:14,pb2307,pb2307,15285.0,2.0,152850.0,0.0,102,15280.0,15285.0,35,15245.0,15270.0,15290.0,15260.0,1347.0,102901125.0,20059
2023-05-09 21:17:26,pb2307,pb2307,15285.0,0.0,0.0,0.0,102,15280.0,15285.0,36,15245.0,15270.0,15290.0,15260.0,1347.0,102901125.0,20059
2023-05-09 21:17:32,pb2307,pb2307,15280.0,3.0,229200.0,0.0,99,15280.0,15285.0,36,15245.0,15270.0,15290.0,15260.0,1350.0,103130325.0,20059
2023-05-09 21:17:34,pb2307,pb2307,15280.0,0.0,0.0,0.0,98,15280.0,15285.0,36,15245.0,15270.0,15290.0,15260.0,1350.0,103130325.0,20059
2023-05-09 21:17:36,pb2307,pb2307,15280.0,1.0,76400.0,1.0,97,15280.0,15285.0,36,15245.0,15270.0,15290.0,15260.0,1351.0,103206725.0,20060
2023-05-09 21:17:53,pb2307,pb2307,15285.0,3.0,229275.0,3.0,97,15280.0,15285.0,33,15245.0,15270.0,15290.0,15260.0,1354.0,103436000.0,20063
2023-05-09 21:17:53,pb2307,pb2307,15285.0,0.0,0.0,0.0,98,15280.0,15285.0,33,15245.0,15270.0,15290.0,15260.0,1354.0,103436000.0,20063
2023-05-09 21:17:57,pb2307,pb2307,15285.0,0.0,0.0,0.0,98,15280.0,15285.0,33,15245.0,15270.0,15290.0,15260.0,1354.0,103436000.0,20063
2023-05-09 21:18:06,pb2307,pb2307,15285.0,0.0,0.0,0.0,98,15280.0,15285.0,33,15245.0,15270.0,15290.0,15260.0,1354.0,103436000.0,20063
2023-05-09 21:18:07,pb2307,pb2307,15285.0,0.0,0.0,0.0,98,15280.0,15285.0,34,15245.0,15270.0,15290.0,15260.0,1354.0,103436000.0,20063
2023-05-09 21:18:12,pb2307,pb2307,15285.0,0.0,0.0,0.0,98,15280.0,15285.0,34,15245.0,15270.0,15290.0,15260.0,1354.0,103436000.0,20063
2023-05-09 21:18:13,pb2307,pb2307,15285.0,0.0,0.0,0.0,97,15280.0,15285.0,34,15245.0,15270.0,15290.0,15260.0,1354.0,103436000.0,20063
2023-05-09 21:18:14,pb2307,pb2307,15285.0,0.0,0.0,0.0,98,15280.0,15285.0,34,15245.0,15270.0,15290.0,15260.0,1354.0,103436000.0,20063
2023-05-09 21:18:14,pb2307,pb2307,15285.0,0.0,0.0,0.0,100,15280.0,15285.0,34,15245.0,15270.0,15290.0,15260.0,1354.0,103436000.0,20063
2023-05-09 21:18:19,pb2307,pb2307,15285.0,0.0,0.0,0.0,99,15280.0,15285.0,34,15245.0,15270.0,15290.0,15260.0,1354.0,103436000.0,20063
2023-05-09 21:18:19,pb2307,pb2307,15285.0,0.0,0.0,0.0,100,15280.0,15285.0,34,15245.0,15270.0,15290.0,15260.0,1354.0,103436000.0,20063
2023-05-09 21:18:26,pb2307,pb2307,15285.0,0.0,0.0,0.0,100,15280.0,15285.0,35,15245.0,15270.0,15290.0,15260.0,1354.0,103436000.0,20063
2023-05-09 21:18:27,pb2307,pb2307,15285.0,0.0,0.0,0.0,100,15280.0,15285.0,37,15245.0,15270.0,15290.0,15260.0,1354.0,103436000.0,20063
2023-05-09 21:18:27,pb2307,pb2307,15285.0,0.0,0.0,0.0,98,15280.0,15285.0,37,15245.0,15270.0,15290.0,15260.0,1354.0,103436000.0,20063
2023-05-09 21:18:28,pb2307,pb2307,15285.0,0.0,0.0,0.0,98,15280.0,15285.0,36,15245.0,15270.0,15290.0,15260.0,1354.0,103436000.0,20063
2023-05-09 21:18:29,pb2307,pb2307,15285.0,0.0,0.0,0.0,98,15280.0,15285.0,37,15245.0,15270.0,15290.0,15260.0,1354.0,103436000.0,20063
2023-05-09 21:18:30,pb2307,pb2307,15285.0,0.0,0.0,0.0,98,15280.0,15285.0,37,15245.0,15270.0,15290.0,15260.0,1354.0,103436000.0,20063
2023-05-09 21:18:31,pb2307,pb2307,15285.0,0.0,0.0,0.0,98,15280.0,15285.0,35,15245.0,15270.0,15290.0,15260.0,1354.0,103436000.0,20063
2023-05-09 21:18:31,pb2307,pb2307,15285.0,0.0,0.0,0.0,97,15280.0,15285.0,34,15245.0,15270.0,15290.0,15260.0,1354.0,103436000.0,20063
2023-05-09 21:18:32,pb2307,pb2307,15285.0,0.0,0.0,0.0,98,15280.0,15285.0,34,15245.0,15270.0,15290.0,15260.0,1354.0,103436000.0,20063
2023-05-09 21:18:42,pb2307,pb2307,15285.0,0.0,0.0,0.0,93,15280.0,15285.0,34,15245.0,15270.0,15290.0,15260.0,1354.0,103436000.0,20063
2023-05-09 21:18:52,pb2307,pb2307,15285.0,0.0,0.0,0.0,93,15280.0,15285.0,36,15245.0,15270.0,15290.0,15260.0,1354.0,103436000.0,20063
2023-05-09 21:18:53,pb2307,pb2307,15285.0,0.0,0.0,0.0,92,15280.0,15285.0,38,15245.0,15270.0,15290.0,15260.0,1354.0,103436000.0,20063
2023-05-09 21:18:57,pb2307,pb2307,15285.0,0.0,0.0,0.0,92,15280.0,15285.0,38,15245.0,15270.0,15290.0,15260.0,1354.0,103436000.0,20063
2023-05-09 21:18:57,pb2307,pb2307,15285.0,0.0,0.0,0.0,92,15280.0,15285.0,39,15245.0,15270.0,15290.0,15260.0,1354.0,103436000.0,20063
2023-05-09 21:18:59,pb2307,pb2307,15285.0,0.0,0.0,0.0,92,15280.0,15285.0,39,15245.0,15270.0,15290.0,15260.0,1354.0,103436000.0,20063
2023-05-09 21:19:06,pb2307,pb2307,15285.0,1.0,76425.0,0.0,92,15280.0,15285.0,38,15245.0,15270.0,15290.0,15260.0,1355.0,103512425.0,20063
2023-05-09 21:19:06,pb2307,pb2307,15285.0,0.0,0.0,0.0,92,15280.0,15285.0,36,15245.0,15270.0,15290.0,15260.0,1355.0,103512425.0,20063
2023-05-09 21:19:20,pb2307,pb2307,15285.0,0.0,0.0,0.0,92,15280.0,15285.0,36,15245.0,15270.0,15290.0,15260.0,1355.0,103512425.0,20063
2023-05-09 21:19:21,pb2307,pb2307,15285.0,0.0,0.0,0.0,92,15280.0,15285.0,38,15245.0,15270.0,15290.0,15260.0,1355.0,103512425.0,20063
2023-05-09 21:19:35,pb2307,pb2307,15285.0,15.0,1146375.0,15.0,92,15280.0,15285.0,19,15245.0,15270.0,15290.0,15260.0,1370.0,104658800.0,20078
2023-05-09 21:19:36,pb2307,pb2307,15285.0,0.0,0.0,0.0,92,15280.0,15285.0,43,15245.0,15270.0,15290.0,15260.0,1370.0,104658800.0,20078
2023-05-09 21:19:37,pb2307,pb2307,15280.0,5.0,382000.0,0.0,87,15280.0,15285.0,43,15245.0,15270.0,15290.0,15260.0,1375.0,105040800.0,20078
2023-05-09 21:19:38,pb2307,pb2307,15280.0,0.0,0.0,0.0,86,15280.0,15285.0,43,15245.0,15270.0,15290.0,15260.0,1375.0,105040800.0,20078
2023-05-09 21:19:40,pb2307,pb2307,15280.0,0.0,0.0,0.0,91,15280.0,15285.0,43,15245.0,15270.0,15290.0,15260.0,1375.0,105040800.0,20078
2023-05-09 21:19:42,pb2307,pb2307,15280.0,0.0,0.0,0.0,91,15280.0,15285.0,43,15245.0,15270.0,15290.0,15260.0,1375.0,105040800.0,20078
2023-05-09 21:19:49,pb2307,pb2307,15280.0,0.0,0.0,0.0,91,15280.0,15285.0,43,15245.0,15270.0,15290.0,15260.0,1375.0,105040800.0,20078
2023-05-09 21:19:50,pb2307,pb2307,15280.0,0.0,0.0,0.0,92,15280.0,15285.0,43,15245.0,15270.0,15290.0,15260.0,1375.0,105040800.0,20078
2023-05-09 21:20:00,pb2307,pb2307,15285.0,2.0,152850.0,2.0,92,15280.0,15285.0,41,15245.0,15270.0,15290.0,15260.0,1377.0,105193650.0,20080
2023-05-09 21:20:05,pb2307,pb2307,15285.0,0.0,0.0,0.0,92,15280.0,15285.0,42,15245.0,15270.0,15290.0,15260.0,1377.0,105193650.0,20080
