time,symbol_id,symbol_name,last,trade_volume,trade_amount,open_interest_change,bv1,bp1,ap1,av1,yesterday_close,today_open,today_high,today_low,volume,amount,open_interest
2023-05-09 20:59:00,pb2403,pb2403,15335.0,0.0,0.0,0.0,1,14735.0,16135.0,1,15335.0,0.0,0.0,0.0,0.0,0.0,31
2023-05-09 21:00:01,pb2403,pb2403,15335.0,0.0,0.0,0.0,1,14735.0,16135.0,1,15335.0,0.0,0.0,0.0,0.0,0.0,31
2023-05-09 21:00:02,pb2403,pb2403,15335.0,0.0,0.0,0.0,1,14740.0,16130.0,1,15335.0,0.0,0.0,0.0,0.0,0.0,31
2023-05-09 21:00:02,pb2403,pb2403,15335.0,0.0,0.0,0.0,3,14745.0,16125.0,1,15335.0,0.0,0.0,0.0,0.0,0.0,31
2023-05-09 21:00:03,pb2403,pb2403,15335.0,0.0,0.0,0.0,3,14745.0,16125.0,1,15335.0,0.0,0.0,0.0,0.0,0.0,31
2023-05-09 21:00:03,pb2403,pb2403,15335.0,0.0,0.0,0.0,3,14745.0,16120.0,5,15335.0,0.0,0.0,0.0,0.0,0.0,31
2023-05-09 21:00:04,pb2403,pb2403,15335.0,0.0,0.0,0.0,1,14755.0,16115.0,1,15335.0,0.0,0.0,0.0,0.0,0.0,31
2023-05-09 21:00:04,pb2403,pb2403,15335.0,0.0,0.0,0.0,2,14760.0,16110.0,2,15335.0,0.0,0.0,0.0,0.0,0.0,31
2023-05-09 21:00:05,pb2403,pb2403,15335.0,0.0,0.0,0.0,2,14760.0,16110.0,2,15335.0,0.0,0.0,0.0,0.0,0.0,31
2023-05-09 21:00:05,pb2403,pb2403,15335.0,0.0,0.0,0.0,1,14765.0,16105.0,1,15335.0,0.0,0.0,0.0,0.0,0.0,31
2023-05-09 21:00:06,pb2403,pb2403,15335.0,0.0,0.0,0.0,1,14770.0,16100.0,1,15335.0,0.0,0.0,0.0,0.0,0.0,31
2023-05-09 21:00:06,pb2403,pb2403,15335.0,0.0,0.0,0.0,2,14775.0,16095.0,2,15335.0,0.0,0.0,0.0,0.0,0.0,31
2023-05-09 21:00:07,pb2403,pb2403,15335.0,0.0,0.0,0.0,3,14775.0,16095.0,2,15335.0,0.0,0.0,0.0,0.0,0.0,31
2023-05-09 21:00:07,pb2403,pb2403,15335.0,0.0,0.0,0.0,3,14775.0,16095.0,2,15335.0,0.0,0.0,0.0,0.0,0.0,31
2023-05-09 21:00:08,pb2403,pb2403,15335.0,0.0,0.0,0.0,3,14775.0,16095.0,2,15335.0,0.0,0.0,0.0,0.0,0.0,31
2023-05-09 21:00:08,pb2403,pb2403,15335.0,0.0,0.0,0.0,1,14785.0,16085.0,1,15335.0,0.0,0.0,0.0,0.0,0.0,31
2023-05-09 21:00:09,pb2403,pb2403,15335.0,0.0,0.0,0.0,2,14790.0,16085.0,1,15335.0,0.0,0.0,0.0,0.0,0.0,31
2023-05-09 21:00:09,pb2403,pb2403,15335.0,0.0,0.0,0.0,1,14800.0,16080.0,6,15335.0,0.0,0.0,0.0,0.0,0.0,31
2023-05-09 21:00:10,pb2403,pb2403,15335.0,0.0,0.0,0.0,2,14805.0,16070.0,1,15335.0,0.0,0.0,0.0,0.0,0.0,31
2023-05-09 21:00:10,pb2403,pb2403,15335.0,0.0,0.0,0.0,1,14815.0,16065.0,2,15335.0,0.0,0.0,0.0,0.0,0.0,31
2023-05-09 21:00:11,pb2403,pb2403,15335.0,0.0,0.0,0.0,2,14820.0,16055.0,1,15335.0,0.0,0.0,0.0,0.0,0.0,31
2023-05-09 21:00:11,pb2403,pb2403,15335.0,0.0,0.0,0.0,1,14830.0,16050.0,3,15335.0,0.0,0.0,0.0,0.0,0.0,31
2023-05-09 21:00:12,pb2403,pb2403,15335.0,0.0,0.0,0.0,2,14835.0,16040.0,1,15335.0,0.0,0.0,0.0,0.0,0.0,31
2023-05-09 21:00:12,pb2403,pb2403,15335.0,0.0,0.0,0.0,1,14845.0,16035.0,3,15335.0,0.0,0.0,0.0,0.0,0.0,31
2023-05-09 21:00:13,pb2403,pb2403,15335.0,0.0,0.0,0.0,2,14850.0,16025.0,1,15335.0,0.0,0.0,0.0,0.0,0.0,31
2023-05-09 21:00:13,pb2403,pb2403,15335.0,0.0,0.0,0.0,1,14860.0,16020.0,2,15335.0,0.0,0.0,0.0,0.0,0.0,31
2023-05-09 21:00:14,pb2403,pb2403,15335.0,0.0,0.0,0.0,2,14865.0,16010.0,1,15335.0,0.0,0.0,0.0,0.0,0.0,31
2023-05-09 21:00:14,pb2403,pb2403,15335.0,0.0,0.0,0.0,1,14875.0,16005.0,2,15335.0,0.0,0.0,0.0,0.0,0.0,31
2023-05-09 21:00:15,pb2403,pb2403,15335.0,0.0,0.0,0.0,2,14880.0,15995.0,1,15335.0,0.0,0.0,0.0,0.0,0.0,31
2023-05-09 21:00:15,pb2403,pb2403,15335.0,0.0,0.0,0.0,1,14890.0,15990.0,3,15335.0,0.0,0.0,0.0,0.0,0.0,31
2023-05-09 21:00:16,pb2403,pb2403,15335.0,0.0,0.0,0.0,1,14930.0,15685.0,1,15335.0,0.0,0.0,0.0,0.0,0.0,31
2023-05-09 21:00:16,pb2403,pb2403,15335.0,0.0,0.0,0.0,1,14940.0,15675.0,1,15335.0,0.0,0.0,0.0,0.0,0.0,31
2023-05-09 21:00:17,pb2403,pb2403,15335.0,0.0,0.0,0.0,2,14945.0,15670.0,2,15335.0,0.0,0.0,0.0,0.0,0.0,31
2023-05-09 21:00:17,pb2403,pb2403,15335.0,0.0,0.0,0.0,1,14955.0,15660.0,1,15335.0,0.0,0.0,0.0,0.0,0.0,31
2023-05-09 21:00:18,pb2403,pb2403,15335.0,0.0,0.0,0.0,2,14960.0,15655.0,2,15335.0,0.0,0.0,0.0,0.0,0.0,31
2023-05-09 21:00:18,pb2403,pb2403,15335.0,0.0,0.0,0.0,1,14970.0,15645.0,1,15335.0,0.0,0.0,0.0,0.0,0.0,31
2023-05-09 21:00:19,pb2403,pb2403,15335.0,0.0,0.0,0.0,2,14975.0,15640.0,2,15335.0,0.0,0.0,0.0,0.0,0.0,31
2023-05-09 21:00:19,pb2403,pb2403,15335.0,0.0,0.0,0.0,1,14985.0,15630.0,1,15335.0,0.0,0.0,0.0,0.0,0.0,31
2023-05-09 21:00:20,pb2403,pb2403,15335.0,0.0,0.0,0.0,3,14990.0,15625.0,2,15335.0,0.0,0.0,0.0,0.0,0.0,31
2023-05-09 21:00:20,pb2403,pb2403,15335.0,0.0,0.0,0.0,1,15000.0,15615.0,1,15335.0,0.0,0.0,0.0,0.0,0.0,31
2023-05-09 21:00:21,pb2403,pb2403,15335.0,0.0,0.0,0.0,2,15005.0,15610.0,2,15335.0,0.0,0.0,0.0,0.0,0.0,31
2023-05-09 21:00:21,pb2403,pb2403,15335.0,0.0,0.0,0.0,1,15015.0,15600.0,1,15335.0,0.0,0.0,0.0,0.0,0.0,31
2023-05-09 21:00:22,pb2403,pb2403,15335.0,0.0,0.0,0.0,3,15020.0,15595.0,2,15335.0,0.0,0.0,0.0,0.0,0.0,31
2023-05-09 21:00:22,pb2403,pb2403,15335.0,0.0,0.0,0.0,1,15030.0,15585.0,1,15335.0,0.0,0.0,0.0,0.0,0.0,31
2023-05-09 21:00:23,pb2403,pb2403,15335.0,0.0,0.0,0.0,3,15035.0,15580.0,2,15335.0,0.0,0.0,0.0,0.0,0.0,31
2023-05-09 21:00:23,pb2403,pb2403,15335.0,0.0,0.0,0.0,1,15045.0,15570.0,1,15335.0,0.0,0.0,0.0,0.0,0.0,31
2023-05-09 21:00:24,pb2403,pb2403,15335.0,0.0,0.0,0.0,2,15050.0,15565.0,2,15335.0,0.0,0.0,0.0,0.0,0.0,31
2023-05-09 21:00:24,pb2403,pb2403,15335.0,0.0,0.0,0.0,1,15060.0,15555.0,1,15335.0,0.0,0.0,0.0,0.0,0.0,31
2023-05-09 21:00:25,pb2403,pb2403,15335.0,0.0,0.0,0.0,2,15065.0,15550.0,2,15335.0,0.0,0.0,0.0,0.0,0.0,31
2023-05-09 21:00:25,pb2403,pb2403,15335.0,0.0,0.0,0.0,1,15075.0,15545.0,1,15335.0,0.0,0.0,0.0,0.0,0.0,31
2023-05-09 21:00:26,pb2403,pb2403,15335.0,0.0,0.0,0.0,3,15080.0,15540.0,2,15335.0,0.0,0.0,0.0,0.0,0.0,31
2023-05-09 21:00:26,pb2403,pb2403,15335.0,0.0,0.0,0.0,1,15090.0,15535.0,1,15335.0,0.0,0.0,0.0,0.0,0.0,31
2023-05-09 21:00:27,pb2403,pb2403,15335.0,0.0,0.0,0.0,2,15095.0,15530.0,2,15335.0,0.0,0.0,0.0,0.0,0.0,31
2023-05-09 21:00:27,pb2403,pb2403,15335.0,0.0,0.0,0.0,1,15105.0,15530.0,2,15335.0,0.0,0.0,0.0,0.0,0.0,31
2023-05-09 21:00:28,pb2403,pb2403,15335.0,0.0,0.0,0.0,3,15110.0,15530.0,2,15335.0,0.0,0.0,0.0,0.0,0.0,31
2023-05-09 21:00:28,pb2403,pb2403,15335.0,0.0,0.0,0.0,1,15120.0,15525.0,1,15335.0,0.0,0.0,0.0,0.0,0.0,31
2023-05-09 21:00:29,pb2403,pb2403,15335.0,0.0,0.0,0.0,2,15125.0,15520.0,2,15335.0,0.0,0.0,0.0,0.0,0.0,31
2023-05-09 21:00:29,pb2403,pb2403,15335.0,0.0,0.0,0.0,1,15135.0,15520.0,3,15335.0,0.0,0.0,0.0,0.0,0.0,31
2023-05-09 21:00:30,pb2403,pb2403,15335.0,0.0,0.0,0.0,3,15140.0,15515.0,1,15335.0,0.0,0.0,0.0,0.0,0.0,31
2023-05-09 21:00:30,pb2403,pb2403,15335.0,0.0,0.0,0.0,1,15150.0,15510.0,3,15335.0,0.0,0.0,0.0,0.0,0.0,31
2023-05-09 21:00:31,pb2403,pb2403,15335.0,0.0,0.0,0.0,2,15155.0,15510.0,5,15335.0,0.0,0.0,0.0,0.0,0.0,31
2023-05-09 21:00:31,pb2403,pb2403,15335.0,0.0,0.0,0.0,2,15155.0,15505.0,1,15335.0,0.0,0.0,0.0,0.0,0.0,31
2023-05-09 21:00:32,pb2403,pb2403,15335.0,0.0,0.0,0.0,3,15155.0,15500.0,3,15335.0,0.0,0.0,0.0,0.0,0.0,31
2023-05-09 21:00:32,pb2403,pb2403,15335.0,0.0,0.0,0.0,3,15155.0,15500.0,3,15335.0,0.0,0.0,0.0,0.0,0.0,31
2023-05-09 21:00:33,pb2403,pb2403,15335.0,0.0,0.0,0.0,1,15160.0,15495.0,1,15335.0,0.0,0.0,0.0,0.0,0.0,31
2023-05-09 21:00:33,pb2403,pb2403,15335.0,0.0,0.0,0.0,2,15165.0,15490.0,2,15335.0,0.0,0.0,0.0,0.0,0.0,31
2023-05-09 21:00:34,pb2403,pb2403,15335.0,0.0,0.0,0.0,2,15165.0,15490.0,2,15335.0,0.0,0.0,0.0,0.0,0.0,31
2023-05-09 21:00:35,pb2403,pb2403,15335.0,0.0,0.0,0.0,2,15165.0,15490.0,2,15335.0,0.0,0.0,0.0,0.0,0.0,31
2023-05-09 21:00:35,pb2403,pb2403,15335.0,0.0,0.0,0.0,2,15165.0,15485.0,1,15335.0,0.0,0.0,0.0,0.0,0.0,31
2023-05-09 21:00:36,pb2403,pb2403,15335.0,0.0,0.0,0.0,3,15170.0,15480.0,3,15335.0,0.0,0.0,0.0,0.0,0.0,31
2023-05-09 21:00:36,pb2403,pb2403,15335.0,0.0,0.0,0.0,2,15175.0,15480.0,3,15335.0,0.0,0.0,0.0,0.0,0.0,31
2023-05-09 21:00:37,pb2403,pb2403,15335.0,0.0,0.0,0.0,3,15175.0,15480.0,5,15335.0,0.0,0.0,0.0,0.0,0.0,31
2023-05-09 21:00:38,pb2403,pb2403,15335.0,0.0,0.0,0.0,3,15175.0,15480.0,5,15335.0,0.0,0.0,0.0,0.0,0.0,31
2023-05-09 21:00:38,pb2403,pb2403,15335.0,0.0,0.0,0.0,3,15175.0,15480.0,5,15335.0,0.0,0.0,0.0,0.0,0.0,31
2023-05-09 21:00:39,pb2403,pb2403,15335.0,0.0,0.0,0.0,1,15180.0,15475.0,1,15335.0,0.0,0.0,0.0,0.0,0.0,31
2023-05-09 21:00:39,pb2403,pb2403,15335.0,0.0,0.0,0.0,2,15185.0,15470.0,2,15335.0,0.0,0.0,0.0,0.0,0.0,31
2023-05-09 21:00:40,pb2403,pb2403,15335.0,0.0,0.0,0.0,2,15185.0,15470.0,3,15335.0,0.0,0.0,0.0,0.0,0.0,31
2023-05-09 21:00:41,pb2403,pb2403,15335.0,0.0,0.0,0.0,2,15185.0,15465.0,2,15335.0,0.0,0.0,0.0,0.0,0.0,31
2023-05-09 21:00:41,pb2403,pb2403,15335.0,0.0,0.0,0.0,2,15185.0,15460.0,2,15335.0,0.0,0.0,0.0,0.0,0.0,31
2023-05-09 21:00:42,pb2403,pb2403,15335.0,0.0,0.0,0.0,2,15185.0,15460.0,2,15335.0,0.0,0.0,0.0,0.0,0.0,31
2023-05-09 21:00:43,pb2403,pb2403,15335.0,0.0,0.0,0.0,2,15185.0,15460.0,2,15335.0,0.0,0.0,0.0,0.0,0.0,31
2023-05-09 21:00:43,pb2403,pb2403,15335.0,0.0,0.0,0.0,1,15190.0,15455.0,2,15335.0,0.0,0.0,0.0,0.0,0.0,31
2023-05-09 21:00:44,pb2403,pb2403,15335.0,0.0,0.0,0.0,2,15195.0,15450.0,1,15335.0,0.0,0.0,0.0,0.0,0.0,31
2023-05-09 21:00:44,pb2403,pb2403,15335.0,0.0,0.0,0.0,2,15195.0,15450.0,1,15335.0,0.0,0.0,0.0,0.0,0.0,31
2023-05-09 21:00:45,pb2403,pb2403,15335.0,0.0,0.0,0.0,2,15195.0,15450.0,1,15335.0,0.0,0.0,0.0,0.0,0.0,31
2023-05-09 21:00:45,pb2403,pb2403,15335.0,0.0,0.0,0.0,2,15195.0,15445.0,3,15335.0,0.0,0.0,0.0,0.0,0.0,31
2023-05-09 21:00:46,pb2403,pb2403,15335.0,0.0,0.0,0.0,2,15195.0,15440.0,1,15335.0,0.0,0.0,0.0,0.0,0.0,31
2023-05-09 21:00:46,pb2403,pb2403,15335.0,0.0,0.0,0.0,2,15195.0,15440.0,2,15335.0,0.0,0.0,0.0,0.0,0.0,31
2023-05-09 21:00:47,pb2403,pb2403,15335.0,0.0,0.0,0.0,1,15200.0,15440.0,2,15335.0,0.0,0.0,0.0,0.0,0.0,31
2023-05-09 21:00:47,pb2403,pb2403,15335.0,0.0,0.0,0.0,2,15205.0,15440.0,2,15335.0,0.0,0.0,0.0,0.0,0.0,31
2023-05-09 21:00:48,pb2403,pb2403,15335.0,0.0,0.0,0.0,2,15205.0,15440.0,2,15335.0,0.0,0.0,0.0,0.0,0.0,31
2023-05-09 21:00:48,pb2403,pb2403,15335.0,0.0,0.0,0.0,2,15205.0,15435.0,1,15335.0,0.0,0.0,0.0,0.0,0.0,31
2023-05-09 21:00:49,pb2403,pb2403,15335.0,0.0,0.0,0.0,2,15205.0,15430.0,1,15335.0,0.0,0.0,0.0,0.0,0.0,31
2023-05-09 21:00:49,pb2403,pb2403,15335.0,0.0,0.0,0.0,2,15205.0,15430.0,1,15335.0,0.0,0.0,0.0,0.0,0.0,31
2023-05-09 21:00:50,pb2403,pb2403,15335.0,0.0,0.0,0.0,1,15210.0,15430.0,1,15335.0,0.0,0.0,0.0,0.0,0.0,31
2023-05-09 21:00:50,pb2403,pb2403,15335.0,0.0,0.0,0.0,2,15215.0,15430.0,1,15335.0,0.0,0.0,0.0,0.0,0.0,31
2023-05-09 21:00:52,pb2403,pb2403,15335.0,0.0,0.0,0.0,2,15215.0,15430.0,1,15335.0,0.0,0.0,0.0,0.0,0.0,31
2023-05-09 21:00:53,pb2403,pb2403,15335.0,0.0,0.0,0.0,1,15220.0,15430.0,1,15335.0,0.0,0.0,0.0,0.0,0.0,31
2023-05-09 21:00:53,pb2403,pb2403,15335.0,0.0,0.0,0.0,2,15225.0,15430.0,1,15335.0,0.0,0.0,0.0,0.0,0.0,31
2023-05-09 21:00:54,pb2403,pb2403,15335.0,0.0,0.0,0.0,3,15225.0,15430.0,1,15335.0,0.0,0.0,0.0,0.0,0.0,31
2023-05-09 21:00:55,pb2403,pb2403,15335.0,0.0,0.0,0.0,3,15225.0,15430.0,1,15335.0,0.0,0.0,0.0,0.0,0.0,31
2023-05-09 21:00:56,pb2403,pb2403,15335.0,0.0,0.0,0.0,1,15230.0,15430.0,1,15335.0,0.0,0.0,0.0,0.0,0.0,31
2023-05-09 21:00:56,pb2403,pb2403,15335.0,0.0,0.0,0.0,2,15235.0,15430.0,1,15335.0,0.0,0.0,0.0,0.0,0.0,31
2023-05-09 21:00:59,pb2403,pb2403,15335.0,0.0,0.0,0.0,2,15235.0,15430.0,1,15335.0,0.0,0.0,0.0,0.0,0.0,31
2023-05-09 21:01:00,pb2403,pb2403,15335.0,0.0,0.0,0.0,1,15240.0,15430.0,1,15335.0,0.0,0.0,0.0,0.0,0.0,31
2023-05-09 21:01:00,pb2403,pb2403,15335.0,0.0,0.0,0.0,2,15245.0,15430.0,1,15335.0,0.0,0.0,0.0,0.0,0.0,31
2023-05-09 21:01:02,pb2403,pb2403,15335.0,0.0,0.0,0.0,2,15245.0,15430.0,1,15335.0,0.0,0.0,0.0,0.0,0.0,31
2023-05-09 21:01:03,pb2403,pb2403,15335.0,0.0,0.0,0.0,1,15250.0,15430.0,1,15335.0,0.0,0.0,0.0,0.0,0.0,31
2023-05-09 21:01:03,pb2403,pb2403,15335.0,0.0,0.0,0.0,1,15255.0,15430.0,1,15335.0,0.0,0.0,0.0,0.0,0.0,31
2023-05-09 21:01:04,pb2403,pb2403,15335.0,0.0,0.0,0.0,2,15255.0,15430.0,1,15335.0,0.0,0.0,0.0,0.0,0.0,31
2023-05-09 21:01:05,pb2403,pb2403,15335.0,0.0,0.0,0.0,2,15255.0,15425.0,1,15335.0,0.0,0.0,0.0,0.0,0.0,31
2023-05-09 21:01:06,pb2403,pb2403,15335.0,0.0,0.0,0.0,1,15260.0,15420.0,1,15335.0,0.0,0.0,0.0,0.0,0.0,31
2023-05-09 21:01:06,pb2403,pb2403,15335.0,0.0,0.0,0.0,1,15265.0,15420.0,1,15335.0,0.0,0.0,0.0,0.0,0.0,31
2023-05-09 21:01:08,pb2403,pb2403,15335.0,0.0,0.0,0.0,1,15265.0,15420.0,1,15335.0,0.0,0.0,0.0,0.0,0.0,31
2023-05-09 21:01:09,pb2403,pb2403,15335.0,0.0,0.0,0.0,1,15270.0,15420.0,1,15335.0,0.0,0.0,0.0,0.0,0.0,31
2023-05-09 21:01:09,pb2403,pb2403,15335.0,0.0,0.0,0.0,1,15275.0,15420.0,1,15335.0,0.0,0.0,0.0,0.0,0.0,31
2023-05-09 21:01:12,pb2403,pb2403,15335.0,0.0,0.0,0.0,1,15275.0,15420.0,1,15335.0,0.0,0.0,0.0,0.0,0.0,31
2023-05-09 21:01:12,pb2403,pb2403,15335.0,0.0,0.0,0.0,1,15280.0,15420.0,1,15335.0,0.0,0.0,0.0,0.0,0.0,31
2023-05-09 21:01:13,pb2403,pb2403,15335.0,0.0,0.0,0.0,1,15285.0,15420.0,1,15335.0,0.0,0.0,0.0,0.0,0.0,31
2023-05-09 21:01:15,pb2403,pb2403,15335.0,0.0,0.0,0.0,1,15285.0,15420.0,1,15335.0,0.0,0.0,0.0,0.0,0.0,31
2023-05-09 21:01:15,pb2403,pb2403,15335.0,0.0,0.0,0.0,1,15290.0,15420.0,1,15335.0,0.0,0.0,0.0,0.0,0.0,31
2023-05-09 21:01:16,pb2403,pb2403,15335.0,0.0,0.0,0.0,1,15295.0,15420.0,1,15335.0,0.0,0.0,0.0,0.0,0.0,31
2023-05-09 21:01:16,pb2403,pb2403,15335.0,0.0,0.0,0.0,1,15295.0,15420.0,1,15335.0,0.0,0.0,0.0,0.0,0.0,31
2023-05-09 21:01:18,pb2403,pb2403,15335.0,0.0,0.0,0.0,1,15295.0,15420.0,1,15335.0,0.0,0.0,0.0,0.0,0.0,31
2023-05-09 21:01:18,pb2403,pb2403,15335.0,0.0,0.0,0.0,1,15300.0,15420.0,1,15335.0,0.0,0.0,0.0,0.0,0.0,31
2023-05-09 21:01:19,pb2403,pb2403,15335.0,0.0,0.0,0.0,1,15300.0,15420.0,1,15335.0,0.0,0.0,0.0,0.0,0.0,31
2023-05-09 21:01:20,pb2403,pb2403,15335.0,0.0,0.0,0.0,1,15300.0,15420.0,1,15335.0,0.0,0.0,0.0,0.0,0.0,31
2023-05-09 21:01:21,pb2403,pb2403,15335.0,0.0,0.0,0.0,1,15300.0,15420.0,1,15335.0,0.0,0.0,0.0,0.0,0.0,31
2023-05-09 21:01:35,pb2403,pb2403,15335.0,0.0,0.0,0.0,1,15300.0,15420.0,1,15335.0,0.0,0.0,0.0,0.0,0.0,31
2023-05-09 21:01:36,pb2403,pb2403,15335.0,0.0,0.0,0.0,1,15300.0,15420.0,1,15335.0,0.0,0.0,0.0,0.0,0.0,31
2023-05-09 21:01:40,pb2403,pb2403,15335.0,0.0,0.0,0.0,1,15300.0,15420.0,1,15335.0,0.0,0.0,0.0,0.0,0.0,31
2023-05-09 21:01:40,pb2403,pb2403,15335.0,0.0,0.0,0.0,1,15300.0,15420.0,1,15335.0,0.0,0.0,0.0,0.0,0.0,31
2023-05-09 21:01:43,pb2403,pb2403,15335.0,0.0,0.0,0.0,1,15300.0,15420.0,1,15335.0,0.0,0.0,0.0,0.0,0.0,31
2023-05-09 21:01:43,pb2403,pb2403,15335.0,0.0,0.0,0.0,1,15300.0,15420.0,1,15335.0,0.0,0.0,0.0,0.0,0.0,31
2023-05-09 21:01:44,pb2403,pb2403,15335.0,0.0,0.0,0.0,1,15300.0,15420.0,1,15335.0,0.0,0.0,0.0,0.0,0.0,31
2023-05-09 21:01:45,pb2403,pb2403,15335.0,0.0,0.0,0.0,1,15300.0,15420.0,1,15335.0,0.0,0.0,0.0,0.0,0.0,31
2023-05-09 21:01:46,pb2403,pb2403,15335.0,0.0,0.0,0.0,1,15300.0,15420.0,1,15335.0,0.0,0.0,0.0,0.0,0.0,31
2023-05-09 21:01:46,pb2403,pb2403,15335.0,0.0,0.0,0.0,1,15300.0,15420.0,1,15335.0,0.0,0.0,0.0,0.0,0.0,31
2023-05-09 21:01:51,pb2403,pb2403,15335.0,0.0,0.0,0.0,1,15300.0,15415.0,1,15335.0,0.0,0.0,0.0,0.0,0.0,31
2023-05-09 21:01:51,pb2403,pb2403,15335.0,0.0,0.0,0.0,1,15300.0,15410.0,1,15335.0,0.0,0.0,0.0,0.0,0.0,31
2023-05-09 21:01:56,pb2403,pb2403,15335.0,0.0,0.0,0.0,1,15300.0,15410.0,1,15335.0,0.0,0.0,0.0,0.0,0.0,31
2023-05-09 21:01:57,pb2403,pb2403,15335.0,0.0,0.0,0.0,1,15300.0,15410.0,1,15335.0,0.0,0.0,0.0,0.0,0.0,31
2023-05-09 21:01:59,pb2403,pb2403,15335.0,0.0,0.0,0.0,1,15300.0,15410.0,1,15335.0,0.0,0.0,0.0,0.0,0.0,31
2023-05-09 21:01:59,pb2403,pb2403,15335.0,0.0,0.0,0.0,1,15300.0,15410.0,1,15335.0,0.0,0.0,0.0,0.0,0.0,31
2023-05-09 21:02:00,pb2403,pb2403,15335.0,0.0,0.0,0.0,1,15300.0,15410.0,1,15335.0,0.0,0.0,0.0,0.0,0.0,31
2023-05-09 21:02:00,pb2403,pb2403,15335.0,0.0,0.0,0.0,1,15300.0,15410.0,1,15335.0,0.0,0.0,0.0,0.0,0.0,31
2023-05-09 21:02:04,pb2403,pb2403,15335.0,0.0,0.0,0.0,1,15300.0,15410.0,1,15335.0,0.0,0.0,0.0,0.0,0.0,31
2023-05-09 21:02:04,pb2403,pb2403,15335.0,0.0,0.0,0.0,1,15300.0,15410.0,1,15335.0,0.0,0.0,0.0,0.0,0.0,31
2023-05-09 21:02:05,pb2403,pb2403,15335.0,0.0,0.0,0.0,1,15300.0,15410.0,1,15335.0,0.0,0.0,0.0,0.0,0.0,31
2023-05-09 21:02:06,pb2403,pb2403,15335.0,0.0,0.0,0.0,1,15300.0,15410.0,1,15335.0,0.0,0.0,0.0,0.0,0.0,31
2023-05-09 21:02:08,pb2403,pb2403,15335.0,0.0,0.0,0.0,1,15300.0,15410.0,1,15335.0,0.0,0.0,0.0,0.0,0.0,31
2023-05-09 21:02:08,pb2403,pb2403,15335.0,0.0,0.0,0.0,1,15300.0,15410.0,1,15335.0,0.0,0.0,0.0,0.0,0.0,31
2023-05-09 21:02:09,pb2403,pb2403,15335.0,0.0,0.0,0.0,1,15300.0,15410.0,1,15335.0,0.0,0.0,0.0,0.0,0.0,31
2023-05-09 21:02:10,pb2403,pb2403,15335.0,0.0,0.0,0.0,1,15300.0,15410.0,1,15335.0,0.0,0.0,0.0,0.0,0.0,31
2023-05-09 21:02:12,pb2403,pb2403,15335.0,0.0,0.0,0.0,1,15300.0,15410.0,1,15335.0,0.0,0.0,0.0,0.0,0.0,31
2023-05-09 21:02:13,pb2403,pb2403,15335.0,0.0,0.0,0.0,1,15300.0,15410.0,1,15335.0,0.0,0.0,0.0,0.0,0.0,31
2023-05-09 21:02:17,pb2403,pb2403,15335.0,0.0,0.0,0.0,1,15300.0,15410.0,1,15335.0,0.0,0.0,0.0,0.0,0.0,31
2023-05-09 21:02:18,pb2403,pb2403,15335.0,0.0,0.0,0.0,1,15300.0,15410.0,1,15335.0,0.0,0.0,0.0,0.0,0.0,31
2023-05-09 21:02:20,pb2403,pb2403,15335.0,0.0,0.0,0.0,1,15300.0,15410.0,1,15335.0,0.0,0.0,0.0,0.0,0.0,31
2023-05-09 21:02:20,pb2403,pb2403,15335.0,0.0,0.0,0.0,1,15300.0,15410.0,1,15335.0,0.0,0.0,0.0,0.0,0.0,31
2023-05-09 21:02:24,pb2403,pb2403,15335.0,0.0,0.0,0.0,1,15300.0,15410.0,1,15335.0,0.0,0.0,0.0,0.0,0.0,31
2023-05-09 21:02:25,pb2403,pb2403,15335.0,0.0,0.0,0.0,1,15300.0,15410.0,1,15335.0,0.0,0.0,0.0,0.0,0.0,31
2023-05-09 21:02:25,pb2403,pb2403,15335.0,0.0,0.0,0.0,1,15300.0,15410.0,1,15335.0,0.0,0.0,0.0,0.0,0.0,31
2023-05-09 21:02:26,pb2403,pb2403,15335.0,0.0,0.0,0.0,1,15300.0,15410.0,1,15335.0,0.0,0.0,0.0,0.0,0.0,31
2023-05-09 21:02:30,pb2403,pb2403,15335.0,0.0,0.0,0.0,1,15300.0,15410.0,1,15335.0,0.0,0.0,0.0,0.0,0.0,31
2023-05-09 21:02:33,pb2403,pb2403,15335.0,0.0,0.0,0.0,1,15300.0,15410.0,1,15335.0,0.0,0.0,0.0,0.0,0.0,31
2023-05-09 21:02:34,pb2403,pb2403,15335.0,0.0,0.0,0.0,1,15300.0,15410.0,1,15335.0,0.0,0.0,0.0,0.0,0.0,31
2023-05-09 21:02:35,pb2403,pb2403,15335.0,0.0,0.0,0.0,1,15300.0,15410.0,1,15335.0,0.0,0.0,0.0,0.0,0.0,31
2023-05-09 21:02:35,pb2403,pb2403,15335.0,0.0,0.0,0.0,1,15300.0,15405.0,1,15335.0,0.0,0.0,0.0,0.0,0.0,31
2023-05-09 21:02:36,pb2403,pb2403,15335.0,0.0,0.0,0.0,1,15300.0,15405.0,1,15335.0,0.0,0.0,0.0,0.0,0.0,31
2023-05-09 21:02:42,pb2403,pb2403,15335.0,0.0,0.0,0.0,1,15300.0,15405.0,1,15335.0,0.0,0.0,0.0,0.0,0.0,31
2023-05-09 21:02:43,pb2403,pb2403,15335.0,0.0,0.0,0.0,1,15300.0,15405.0,1,15335.0,0.0,0.0,0.0,0.0,0.0,31
2023-05-09 21:02:45,pb2403,pb2403,15335.0,0.0,0.0,0.0,1,15300.0,15405.0,1,15335.0,0.0,0.0,0.0,0.0,0.0,31
2023-05-09 21:02:45,pb2403,pb2403,15335.0,0.0,0.0,0.0,1,15300.0,15405.0,1,15335.0,0.0,0.0,0.0,0.0,0.0,31
2023-05-09 21:02:46,pb2403,pb2403,15335.0,0.0,0.0,0.0,1,15300.0,15405.0,1,15335.0,0.0,0.0,0.0,0.0,0.0,31
2023-05-09 21:02:46,pb2403,pb2403,15335.0,0.0,0.0,0.0,1,15300.0,15405.0,1,15335.0,0.0,0.0,0.0,0.0,0.0,31
2023-05-09 21:02:47,pb2403,pb2403,15335.0,0.0,0.0,0.0,1,15300.0,15405.0,1,15335.0,0.0,0.0,0.0,0.0,0.0,31
2023-05-09 21:02:47,pb2403,pb2403,15335.0,0.0,0.0,0.0,1,15300.0,15405.0,1,15335.0,0.0,0.0,0.0,0.0,0.0,31
2023-05-09 21:02:48,pb2403,pb2403,15335.0,0.0,0.0,0.0,1,15300.0,15405.0,1,15335.0,0.0,0.0,0.0,0.0,0.0,31
2023-05-09 21:02:48,pb2403,pb2403,15335.0,0.0,0.0,0.0,1,15300.0,15405.0,1,15335.0,0.0,0.0,0.0,0.0,0.0,31
2023-05-09 21:02:49,pb2403,pb2403,15335.0,0.0,0.0,0.0,1,15300.0,15405.0,1,15335.0,0.0,0.0,0.0,0.0,0.0,31
2023-05-09 21:02:51,pb2403,pb2403,15335.0,0.0,0.0,0.0,1,15305.0,15405.0,1,15335.0,0.0,0.0,0.0,0.0,0.0,31
2023-05-09 21:02:51,pb2403,pb2403,15335.0,0.0,0.0,0.0,1,15305.0,15405.0,1,15335.0,0.0,0.0,0.0,0.0,0.0,31
2023-05-09 21:02:52,pb2403,pb2403,15335.0,0.0,0.0,0.0,1,15310.0,15405.0,1,15335.0,0.0,0.0,0.0,0.0,0.0,31
2023-05-09 21:02:52,pb2403,pb2403,15335.0,0.0,0.0,0.0,1,15310.0,15405.0,1,15335.0,0.0,0.0,0.0,0.0,0.0,31
2023-05-09 21:02:53,pb2403,pb2403,15335.0,0.0,0.0,0.0,1,15310.0,15405.0,1,15335.0,0.0,0.0,0.0,0.0,0.0,31
2023-05-09 21:02:54,pb2403,pb2403,15335.0,0.0,0.0,0.0,1,15310.0,15405.0,1,15335.0,0.0,0.0,0.0,0.0,0.0,31
2023-05-09 21:02:55,pb2403,pb2403,15335.0,0.0,0.0,0.0,1,15310.0,15405.0,1,15335.0,0.0,0.0,0.0,0.0,0.0,31
2023-05-09 21:02:56,pb2403,pb2403,15335.0,0.0,0.0,0.0,1,15310.0,15405.0,1,15335.0,0.0,0.0,0.0,0.0,0.0,31
2023-05-09 21:02:58,pb2403,pb2403,15335.0,0.0,0.0,0.0,1,15310.0,15405.0,1,15335.0,0.0,0.0,0.0,0.0,0.0,31
2023-05-09 21:02:58,pb2403,pb2403,15335.0,0.0,0.0,0.0,1,15310.0,15405.0,1,15335.0,0.0,0.0,0.0,0.0,0.0,31
2023-05-09 21:03:01,pb2403,pb2403,15335.0,0.0,0.0,0.0,1,15310.0,15400.0,1,15335.0,0.0,0.0,0.0,0.0,0.0,31
2023-05-09 21:03:01,pb2403,pb2403,15335.0,0.0,0.0,0.0,1,15310.0,15400.0,3,15335.0,0.0,0.0,0.0,0.0,0.0,31
2023-05-09 21:03:03,pb2403,pb2403,15335.0,0.0,0.0,0.0,1,15310.0,15400.0,3,15335.0,0.0,0.0,0.0,0.0,0.0,31
2023-05-09 21:03:04,pb2403,pb2403,15335.0,0.0,0.0,0.0,1,15310.0,15400.0,3,15335.0,0.0,0.0,0.0,0.0,0.0,31
2023-05-09 21:03:04,pb2403,pb2403,15335.0,0.0,0.0,0.0,1,15310.0,15400.0,3,15335.0,0.0,0.0,0.0,0.0,0.0,31
2023-05-09 21:03:05,pb2403,pb2403,15335.0,0.0,0.0,0.0,1,15310.0,15400.0,3,15335.0,0.0,0.0,0.0,0.0,0.0,31
2023-05-09 21:03:14,pb2403,pb2403,15335.0,0.0,0.0,0.0,1,15310.0,15400.0,3,15335.0,0.0,0.0,0.0,0.0,0.0,31
2023-05-09 21:03:15,pb2403,pb2403,15335.0,0.0,0.0,0.0,1,15310.0,15400.0,3,15335.0,0.0,0.0,0.0,0.0,0.0,31
2023-05-09 21:03:15,pb2403,pb2403,15335.0,0.0,0.0,0.0,1,15310.0,15400.0,3,15335.0,0.0,0.0,0.0,0.0,0.0,31
2023-05-09 21:03:16,pb2403,pb2403,15335.0,0.0,0.0,0.0,1,15310.0,15400.0,3,15335.0,0.0,0.0,0.0,0.0,0.0,31
2023-05-09 21:03:17,pb2403,pb2403,15335.0,0.0,0.0,0.0,1,15310.0,15400.0,3,15335.0,0.0,0.0,0.0,0.0,0.0,31
2023-05-09 21:03:17,pb2403,pb2403,15335.0,0.0,0.0,0.0,1,15310.0,15400.0,3,15335.0,0.0,0.0,0.0,0.0,0.0,31
2023-05-09 21:03:24,pb2403,pb2403,15335.0,0.0,0.0,0.0,1,15310.0,15400.0,3,15335.0,0.0,0.0,0.0,0.0,0.0,31
2023-05-09 21:03:24,pb2403,pb2403,15335.0,0.0,0.0,0.0,1,15310.0,15400.0,3,15335.0,0.0,0.0,0.0,0.0,0.0,31
2023-05-09 21:03:25,pb2403,pb2403,15335.0,0.0,0.0,0.0,1,15310.0,15400.0,4,15335.0,0.0,0.0,0.0,0.0,0.0,31
2023-05-09 21:03:29,pb2403,pb2403,15335.0,0.0,0.0,0.0,1,15310.0,15400.0,4,15335.0,0.0,0.0,0.0,0.0,0.0,31
2023-05-09 21:03:30,pb2403,pb2403,15335.0,0.0,0.0,0.0,1,15310.0,15400.0,4,15335.0,0.0,0.0,0.0,0.0,0.0,31
2023-05-09 21:03:32,pb2403,pb2403,15335.0,0.0,0.0,0.0,1,15310.0,15400.0,4,15335.0,0.0,0.0,0.0,0.0,0.0,31
2023-05-09 21:03:32,pb2403,pb2403,15335.0,0.0,0.0,0.0,1,15310.0,15400.0,4,15335.0,0.0,0.0,0.0,0.0,0.0,31
2023-05-09 21:03:34,pb2403,pb2403,15335.0,0.0,0.0,0.0,1,15310.0,15400.0,4,15335.0,0.0,0.0,0.0,0.0,0.0,31
2023-05-09 21:03:34,pb2403,pb2403,15335.0,0.0,0.0,0.0,1,15310.0,15400.0,4,15335.0,0.0,0.0,0.0,0.0,0.0,31
2023-05-09 21:03:35,pb2403,pb2403,15335.0,0.0,0.0,0.0,1,15310.0,15400.0,4,15335.0,0.0,0.0,0.0,0.0,0.0,31
2023-05-09 21:03:36,pb2403,pb2403,15335.0,0.0,0.0,0.0,1,15310.0,15400.0,4,15335.0,0.0,0.0,0.0,0.0,0.0,31
2023-05-09 21:03:36,pb2403,pb2403,15335.0,0.0,0.0,0.0,1,15310.0,15400.0,3,15335.0,0.0,0.0,0.0,0.0,0.0,31
2023-05-09 21:03:39,pb2403,pb2403,15335.0,0.0,0.0,0.0,1,15310.0,15400.0,3,15335.0,0.0,0.0,0.0,0.0,0.0,31
2023-05-09 21:03:46,pb2403,pb2403,15335.0,0.0,0.0,0.0,1,15310.0,15400.0,3,15335.0,0.0,0.0,0.0,0.0,0.0,31
2023-05-09 21:03:46,pb2403,pb2403,15335.0,0.0,0.0,0.0,1,15310.0,15400.0,3,15335.0,0.0,0.0,0.0,0.0,0.0,31
2023-05-09 21:03:47,pb2403,pb2403,15335.0,0.0,0.0,0.0,1,15310.0,15400.0,3,15335.0,0.0,0.0,0.0,0.0,0.0,31
2023-05-09 21:03:47,pb2403,pb2403,15335.0,0.0,0.0,0.0,1,15310.0,15400.0,4,15335.0,0.0,0.0,0.0,0.0,0.0,31
2023-05-09 21:03:49,pb2403,pb2403,15335.0,0.0,0.0,0.0,1,15310.0,15400.0,4,15335.0,0.0,0.0,0.0,0.0,0.0,31
2023-05-09 21:03:50,pb2403,pb2403,15335.0,0.0,0.0,0.0,1,15310.0,15400.0,4,15335.0,0.0,0.0,0.0,0.0,0.0,31
2023-05-09 21:03:51,pb2403,pb2403,15335.0,0.0,0.0,0.0,1,15310.0,15400.0,4,15335.0,0.0,0.0,0.0,0.0,0.0,31
2023-05-09 21:03:52,pb2403,pb2403,15335.0,0.0,0.0,0.0,1,15310.0,15400.0,4,15335.0,0.0,0.0,0.0,0.0,0.0,31
2023-05-09 21:03:56,pb2403,pb2403,15335.0,0.0,0.0,0.0,1,15310.0,15400.0,4,15335.0,0.0,0.0,0.0,0.0,0.0,31
2023-05-09 21:03:56,pb2403,pb2403,15335.0,0.0,0.0,0.0,1,15310.0,15400.0,4,15335.0,0.0,0.0,0.0,0.0,0.0,31
2023-05-09 21:03:57,pb2403,pb2403,15335.0,0.0,0.0,0.0,1,15310.0,15400.0,4,15335.0,0.0,0.0,0.0,0.0,0.0,31
2023-05-09 21:03:58,pb2403,pb2403,15335.0,0.0,0.0,0.0,1,15310.0,15400.0,4,15335.0,0.0,0.0,0.0,0.0,0.0,31
2023-05-09 21:04:00,pb2403,pb2403,15335.0,0.0,0.0,0.0,1,15310.0,15395.0,1,15335.0,0.0,0.0,0.0,0.0,0.0,31
2023-05-09 21:04:01,pb2403,pb2403,15335.0,0.0,0.0,0.0,1,15310.0,15395.0,1,15335.0,0.0,0.0,0.0,0.0,0.0,31
2023-05-09 21:04:02,pb2403,pb2403,15335.0,0.0,0.0,0.0,1,15310.0,15390.0,3,15335.0,0.0,0.0,0.0,0.0,0.0,31
2023-05-09 21:04:06,pb2403,pb2403,15335.0,0.0,0.0,0.0,1,15310.0,15390.0,3,15335.0,0.0,0.0,0.0,0.0,0.0,31
2023-05-09 21:04:06,pb2403,pb2403,15335.0,0.0,0.0,0.0,1,15310.0,15390.0,3,15335.0,0.0,0.0,0.0,0.0,0.0,31
2023-05-09 21:04:09,pb2403,pb2403,15335.0,0.0,0.0,0.0,1,15310.0,15390.0,3,15335.0,0.0,0.0,0.0,0.0,0.0,31
2023-05-09 21:04:10,pb2403,pb2403,15335.0,0.0,0.0,0.0,1,15310.0,15390.0,3,15335.0,0.0,0.0,0.0,0.0,0.0,31
2023-05-09 21:04:20,pb2403,pb2403,15335.0,0.0,0.0,0.0,1,15310.0,15390.0,3,15335.0,0.0,0.0,0.0,0.0,0.0,31
2023-05-09 21:04:21,pb2403,pb2403,15335.0,0.0,0.0,0.0,1,15310.0,15390.0,3,15335.0,0.0,0.0,0.0,0.0,0.0,31
2023-05-09 21:04:21,pb2403,pb2403,15335.0,0.0,0.0,0.0,1,15310.0,15390.0,3,15335.0,0.0,0.0,0.0,0.0,0.0,31
2023-05-09 21:04:22,pb2403,pb2403,15335.0,0.0,0.0,0.0,1,15310.0,15390.0,3,15335.0,0.0,0.0,0.0,0.0,0.0,31
2023-05-09 21:04:25,pb2403,pb2403,15335.0,0.0,0.0,0.0,1,15310.0,15390.0,3,15335.0,0.0,0.0,0.0,0.0,0.0,31
2023-05-09 21:04:25,pb2403,pb2403,15335.0,0.0,0.0,0.0,1,15310.0,15390.0,3,15335.0,0.0,0.0,0.0,0.0,0.0,31
2023-05-09 21:04:26,pb2403,pb2403,15335.0,0.0,0.0,0.0,1,15310.0,15390.0,3,15335.0,0.0,0.0,0.0,0.0,0.0,31
2023-05-09 21:04:26,pb2403,pb2403,15335.0,0.0,0.0,0.0,1,15310.0,15390.0,3,15335.0,0.0,0.0,0.0,0.0,0.0,31
2023-05-09 21:04:30,pb2403,pb2403,15335.0,0.0,0.0,0.0,1,15310.0,15390.0,3,15335.0,0.0,0.0,0.0,0.0,0.0,31
2023-05-09 21:04:31,pb2403,pb2403,15335.0,0.0,0.0,0.0,1,15310.0,15395.0,1,15335.0,0.0,0.0,0.0,0.0,0.0,31
2023-05-09 21:04:32,pb2403,pb2403,15335.0,0.0,0.0,0.0,1,15310.0,15395.0,1,15335.0,0.0,0.0,0.0,0.0,0.0,31
2023-05-09 21:04:32,pb2403,pb2403,15335.0,0.0,0.0,0.0,1,15310.0,15395.0,1,15335.0,0.0,0.0,0.0,0.0,0.0,31
2023-05-09 21:04:35,pb2403,pb2403,15335.0,0.0,0.0,0.0,1,15310.0,15395.0,1,15335.0,0.0,0.0,0.0,0.0,0.0,31
2023-05-09 21:04:35,pb2403,pb2403,15335.0,0.0,0.0,0.0,1,15310.0,15395.0,1,15335.0,0.0,0.0,0.0,0.0,0.0,31
2023-05-09 21:04:38,pb2403,pb2403,15335.0,0.0,0.0,0.0,1,15310.0,15395.0,1,15335.0,0.0,0.0,0.0,0.0,0.0,31
2023-05-09 21:04:38,pb2403,pb2403,15335.0,0.0,0.0,0.0,1,15310.0,15395.0,1,15335.0,0.0,0.0,0.0,0.0,0.0,31
2023-05-09 21:04:39,pb2403,pb2403,15335.0,0.0,0.0,0.0,1,15310.0,15395.0,1,15335.0,0.0,0.0,0.0,0.0,0.0,31
2023-05-09 21:04:39,pb2403,pb2403,15335.0,0.0,0.0,0.0,1,15310.0,15395.0,1,15335.0,0.0,0.0,0.0,0.0,0.0,31
2023-05-09 21:04:41,pb2403,pb2403,15335.0,0.0,0.0,0.0,1,15310.0,15395.0,1,15335.0,0.0,0.0,0.0,0.0,0.0,31
2023-05-09 21:04:41,pb2403,pb2403,15335.0,0.0,0.0,0.0,1,15310.0,15395.0,1,15335.0,0.0,0.0,0.0,0.0,0.0,31
2023-05-09 21:04:42,pb2403,pb2403,15335.0,0.0,0.0,0.0,1,15310.0,15395.0,1,15335.0,0.0,0.0,0.0,0.0,0.0,31
2023-05-09 21:04:42,pb2403,pb2403,15335.0,0.0,0.0,0.0,1,15310.0,15395.0,1,15335.0,0.0,0.0,0.0,0.0,0.0,31
2023-05-09 21:04:43,pb2403,pb2403,15335.0,0.0,0.0,0.0,1,15310.0,15395.0,1,15335.0,0.0,0.0,0.0,0.0,0.0,31
2023-05-09 21:04:44,pb2403,pb2403,15335.0,0.0,0.0,0.0,1,15310.0,15395.0,1,15335.0,0.0,0.0,0.0,0.0,0.0,31
2023-05-09 21:04:46,pb2403,pb2403,15335.0,0.0,0.0,0.0,1,15310.0,15395.0,1,15335.0,0.0,0.0,0.0,0.0,0.0,31
2023-05-09 21:04:47,pb2403,pb2403,15335.0,0.0,0.0,0.0,1,15310.0,15395.0,1,15335.0,0.0,0.0,0.0,0.0,0.0,31
2023-05-09 21:04:48,pb2403,pb2403,15335.0,0.0,0.0,0.0,1,15310.0,15395.0,1,15335.0,0.0,0.0,0.0,0.0,0.0,31
2023-05-09 21:04:48,pb2403,pb2403,15335.0,0.0,0.0,0.0,1,15310.0,15395.0,1,15335.0,0.0,0.0,0.0,0.0,0.0,31
2023-05-09 21:04:49,pb2403,pb2403,15335.0,0.0,0.0,0.0,1,15310.0,15395.0,1,15335.0,0.0,0.0,0.0,0.0,0.0,31
2023-05-09 21:04:49,pb2403,pb2403,15335.0,0.0,0.0,0.0,1,15310.0,15395.0,1,15335.0,0.0,0.0,0.0,0.0,0.0,31
2023-05-09 21:04:57,pb2403,pb2403,15335.0,0.0,0.0,0.0,1,15310.0,15395.0,1,15335.0,0.0,0.0,0.0,0.0,0.0,31
2023-05-09 21:04:58,pb2403,pb2403,15335.0,0.0,0.0,0.0,1,15310.0,15395.0,1,15335.0,0.0,0.0,0.0,0.0,0.0,31
2023-05-09 21:05:01,pb2403,pb2403,15335.0,0.0,0.0,0.0,1,15310.0,15395.0,1,15335.0,0.0,0.0,0.0,0.0,0.0,31
2023-05-09 21:05:02,pb2403,pb2403,15335.0,0.0,0.0,0.0,1,15310.0,15395.0,1,15335.0,0.0,0.0,0.0,0.0,0.0,31
2023-05-09 21:05:03,pb2403,pb2403,15335.0,0.0,0.0,0.0,1,15310.0,15395.0,1,15335.0,0.0,0.0,0.0,0.0,0.0,31
2023-05-09 21:05:03,pb2403,pb2403,15335.0,0.0,0.0,0.0,1,15310.0,15395.0,1,15335.0,0.0,0.0,0.0,0.0,0.0,31
2023-05-09 21:05:09,pb2403,pb2403,15335.0,0.0,0.0,0.0,1,15310.0,15395.0,1,15335.0,0.0,0.0,0.0,0.0,0.0,31
2023-05-09 21:05:09,pb2403,pb2403,15335.0,0.0,0.0,0.0,1,15310.0,15395.0,1,15335.0,0.0,0.0,0.0,0.0,0.0,31
2023-05-09 21:05:13,pb2403,pb2403,15335.0,0.0,0.0,0.0,1,15310.0,15395.0,1,15335.0,0.0,0.0,0.0,0.0,0.0,31
2023-05-09 21:05:13,pb2403,pb2403,15335.0,0.0,0.0,0.0,1,15310.0,15395.0,1,15335.0,0.0,0.0,0.0,0.0,0.0,31
2023-05-09 21:05:14,pb2403,pb2403,15335.0,0.0,0.0,0.0,1,15310.0,15395.0,1,15335.0,0.0,0.0,0.0,0.0,0.0,31
2023-05-09 21:05:14,pb2403,pb2403,15335.0,0.0,0.0,0.0,1,15310.0,15395.0,1,15335.0,0.0,0.0,0.0,0.0,0.0,31
2023-05-09 21:05:16,pb2403,pb2403,15335.0,0.0,0.0,0.0,1,15310.0,15395.0,1,15335.0,0.0,0.0,0.0,0.0,0.0,31
2023-05-09 21:05:17,pb2403,pb2403,15335.0,0.0,0.0,0.0,1,15310.0,15395.0,1,15335.0,0.0,0.0,0.0,0.0,0.0,31
2023-05-09 21:05:25,pb2403,pb2403,15335.0,0.0,0.0,0.0,1,15310.0,15395.0,1,15335.0,0.0,0.0,0.0,0.0,0.0,31
2023-05-09 21:05:25,pb2403,pb2403,15335.0,0.0,0.0,0.0,1,15310.0,15395.0,1,15335.0,0.0,0.0,0.0,0.0,0.0,31
2023-05-09 21:05:30,pb2403,pb2403,15335.0,0.0,0.0,0.0,1,15310.0,15395.0,1,15335.0,0.0,0.0,0.0,0.0,0.0,31
2023-05-09 21:05:31,pb2403,pb2403,15335.0,0.0,0.0,0.0,1,15310.0,15395.0,1,15335.0,0.0,0.0,0.0,0.0,0.0,31
2023-05-09 21:05:33,pb2403,pb2403,15335.0,0.0,0.0,0.0,1,15310.0,15395.0,1,15335.0,0.0,0.0,0.0,0.0,0.0,31
2023-05-09 21:05:33,pb2403,pb2403,15335.0,0.0,0.0,0.0,1,15310.0,15395.0,1,15335.0,0.0,0.0,0.0,0.0,0.0,31
2023-05-09 21:05:40,pb2403,pb2403,15335.0,0.0,0.0,0.0,1,15310.0,15395.0,1,15335.0,0.0,0.0,0.0,0.0,0.0,31
2023-05-09 21:05:41,pb2403,pb2403,15335.0,0.0,0.0,0.0,1,15310.0,15395.0,1,15335.0,0.0,0.0,0.0,0.0,0.0,31
2023-05-09 21:05:41,pb2403,pb2403,15335.0,0.0,0.0,0.0,1,15310.0,15395.0,1,15335.0,0.0,0.0,0.0,0.0,0.0,31
2023-05-09 21:05:42,pb2403,pb2403,15335.0,0.0,0.0,0.0,1,15310.0,15395.0,1,15335.0,0.0,0.0,0.0,0.0,0.0,31
2023-05-09 21:05:45,pb2403,pb2403,15335.0,0.0,0.0,0.0,1,15310.0,15395.0,1,15335.0,0.0,0.0,0.0,0.0,0.0,31
2023-05-09 21:05:46,pb2403,pb2403,15335.0,0.0,0.0,0.0,1,15310.0,15395.0,1,15335.0,0.0,0.0,0.0,0.0,0.0,31
2023-05-09 21:05:53,pb2403,pb2403,15335.0,0.0,0.0,0.0,1,15310.0,15395.0,1,15335.0,0.0,0.0,0.0,0.0,0.0,31
2023-05-09 21:05:54,pb2403,pb2403,15335.0,0.0,0.0,0.0,1,15310.0,15395.0,1,15335.0,0.0,0.0,0.0,0.0,0.0,31
2023-05-09 21:05:55,pb2403,pb2403,15335.0,0.0,0.0,0.0,1,15310.0,15395.0,1,15335.0,0.0,0.0,0.0,0.0,0.0,31
2023-05-09 21:05:55,pb2403,pb2403,15335.0,0.0,0.0,0.0,1,15310.0,15395.0,1,15335.0,0.0,0.0,0.0,0.0,0.0,31
2023-05-09 21:06:02,pb2403,pb2403,15335.0,0.0,0.0,0.0,1,15310.0,15395.0,1,15335.0,0.0,0.0,0.0,0.0,0.0,31
2023-05-09 21:06:03,pb2403,pb2403,15335.0,0.0,0.0,0.0,1,15310.0,15395.0,1,15335.0,0.0,0.0,0.0,0.0,0.0,31
2023-05-09 21:06:04,pb2403,pb2403,15335.0,0.0,0.0,0.0,1,15310.0,15395.0,1,15335.0,0.0,0.0,0.0,0.0,0.0,31
2023-05-09 21:06:05,pb2403,pb2403,15335.0,0.0,0.0,0.0,1,15310.0,15395.0,1,15335.0,0.0,0.0,0.0,0.0,0.0,31
2023-05-09 21:06:20,pb2403,pb2403,15335.0,0.0,0.0,0.0,1,15310.0,15395.0,1,15335.0,0.0,0.0,0.0,0.0,0.0,31
2023-05-09 21:06:20,pb2403,pb2403,15335.0,0.0,0.0,0.0,1,15310.0,15395.0,1,15335.0,0.0,0.0,0.0,0.0,0.0,31
2023-05-09 21:06:29,pb2403,pb2403,15335.0,0.0,0.0,0.0,1,15310.0,15395.0,1,15335.0,0.0,0.0,0.0,0.0,0.0,31
2023-05-09 21:06:30,pb2403,pb2403,15335.0,0.0,0.0,0.0,1,15310.0,15395.0,1,15335.0,0.0,0.0,0.0,0.0,0.0,31
2023-05-09 21:06:36,pb2403,pb2403,15335.0,0.0,0.0,0.0,1,15310.0,15395.0,1,15335.0,0.0,0.0,0.0,0.0,0.0,31
2023-05-09 21:06:37,pb2403,pb2403,15335.0,0.0,0.0,0.0,1,15310.0,15395.0,1,15335.0,0.0,0.0,0.0,0.0,0.0,31
2023-05-09 21:06:38,pb2403,pb2403,15335.0,0.0,0.0,0.0,1,15310.0,15395.0,1,15335.0,0.0,0.0,0.0,0.0,0.0,31
2023-05-09 21:06:38,pb2403,pb2403,15335.0,0.0,0.0,0.0,1,15310.0,15395.0,1,15335.0,0.0,0.0,0.0,0.0,0.0,31
2023-05-09 21:06:42,pb2403,pb2403,15335.0,0.0,0.0,0.0,1,15310.0,15395.0,1,15335.0,0.0,0.0,0.0,0.0,0.0,31
2023-05-09 21:06:43,pb2403,pb2403,15335.0,0.0,0.0,0.0,1,15310.0,15395.0,1,15335.0,0.0,0.0,0.0,0.0,0.0,31
2023-05-09 21:06:49,pb2403,pb2403,15335.0,0.0,0.0,0.0,1,15310.0,15395.0,1,15335.0,0.0,0.0,0.0,0.0,0.0,31
2023-05-09 21:06:49,pb2403,pb2403,15335.0,0.0,0.0,0.0,1,15310.0,15395.0,1,15335.0,0.0,0.0,0.0,0.0,0.0,31
2023-05-09 21:06:51,pb2403,pb2403,15335.0,0.0,0.0,0.0,1,15310.0,15395.0,1,15335.0,0.0,0.0,0.0,0.0,0.0,31
2023-05-09 21:06:52,pb2403,pb2403,15335.0,0.0,0.0,0.0,1,15310.0,15395.0,1,15335.0,0.0,0.0,0.0,0.0,0.0,31
2023-05-09 21:06:53,pb2403,pb2403,15335.0,0.0,0.0,0.0,1,15310.0,15395.0,1,15335.0,0.0,0.0,0.0,0.0,0.0,31
2023-05-09 21:06:53,pb2403,pb2403,15335.0,0.0,0.0,0.0,1,15310.0,15395.0,1,15335.0,0.0,0.0,0.0,0.0,0.0,31
2023-05-09 21:07:06,pb2403,pb2403,15335.0,0.0,0.0,0.0,1,15310.0,15395.0,1,15335.0,0.0,0.0,0.0,0.0,0.0,31
2023-05-09 21:07:07,pb2403,pb2403,15335.0,0.0,0.0,0.0,1,15310.0,15395.0,1,15335.0,0.0,0.0,0.0,0.0,0.0,31
2023-05-09 21:07:09,pb2403,pb2403,15335.0,0.0,0.0,0.0,1,15310.0,15395.0,1,15335.0,0.0,0.0,0.0,0.0,0.0,31
2023-05-09 21:07:10,pb2403,pb2403,15335.0,0.0,0.0,0.0,1,15310.0,15395.0,1,15335.0,0.0,0.0,0.0,0.0,0.0,31
2023-05-09 21:07:17,pb2403,pb2403,15335.0,0.0,0.0,0.0,1,15310.0,15395.0,1,15335.0,0.0,0.0,0.0,0.0,0.0,31
2023-05-09 21:07:18,pb2403,pb2403,15335.0,0.0,0.0,0.0,1,15310.0,15395.0,1,15335.0,0.0,0.0,0.0,0.0,0.0,31
2023-05-09 21:07:23,pb2403,pb2403,15335.0,0.0,0.0,0.0,1,15310.0,15395.0,1,15335.0,0.0,0.0,0.0,0.0,0.0,31
2023-05-09 21:07:23,pb2403,pb2403,15335.0,0.0,0.0,0.0,1,15310.0,15395.0,1,15335.0,0.0,0.0,0.0,0.0,0.0,31
2023-05-09 21:07:28,pb2403,pb2403,15335.0,0.0,0.0,0.0,1,15310.0,15395.0,1,15335.0,0.0,0.0,0.0,0.0,0.0,31
2023-05-09 21:07:29,pb2403,pb2403,15335.0,0.0,0.0,0.0,1,15310.0,15395.0,1,15335.0,0.0,0.0,0.0,0.0,0.0,31
2023-05-09 21:07:42,pb2403,pb2403,15335.0,0.0,0.0,0.0,1,15310.0,15395.0,1,15335.0,0.0,0.0,0.0,0.0,0.0,31
2023-05-09 21:07:42,pb2403,pb2403,15335.0,0.0,0.0,0.0,1,15310.0,15395.0,1,15335.0,0.0,0.0,0.0,0.0,0.0,31
2023-05-09 21:07:43,pb2403,pb2403,15335.0,0.0,0.0,0.0,1,15310.0,15395.0,1,15335.0,0.0,0.0,0.0,0.0,0.0,31
2023-05-09 21:07:43,pb2403,pb2403,15335.0,0.0,0.0,0.0,1,15310.0,15395.0,1,15335.0,0.0,0.0,0.0,0.0,0.0,31
2023-05-09 21:07:44,pb2403,pb2403,15335.0,0.0,0.0,0.0,1,15310.0,15395.0,1,15335.0,0.0,0.0,0.0,0.0,0.0,31
2023-05-09 21:07:44,pb2403,pb2403,15335.0,0.0,0.0,0.0,1,15310.0,15395.0,1,15335.0,0.0,0.0,0.0,0.0,0.0,31
2023-05-09 21:07:48,pb2403,pb2403,15335.0,0.0,0.0,0.0,1,15310.0,15395.0,1,15335.0,0.0,0.0,0.0,0.0,0.0,31
2023-05-09 21:07:48,pb2403,pb2403,15335.0,0.0,0.0,0.0,1,15310.0,15395.0,1,15335.0,0.0,0.0,0.0,0.0,0.0,31
2023-05-09 21:07:50,pb2403,pb2403,15335.0,0.0,0.0,0.0,1,15310.0,15395.0,1,15335.0,0.0,0.0,0.0,0.0,0.0,31
2023-05-09 21:07:51,pb2403,pb2403,15335.0,0.0,0.0,0.0,1,15310.0,15395.0,1,15335.0,0.0,0.0,0.0,0.0,0.0,31
2023-05-09 21:07:52,pb2403,pb2403,15335.0,0.0,0.0,0.0,1,15310.0,15395.0,1,15335.0,0.0,0.0,0.0,0.0,0.0,31
2023-05-09 21:07:53,pb2403,pb2403,15335.0,0.0,0.0,0.0,1,15310.0,15395.0,1,15335.0,0.0,0.0,0.0,0.0,0.0,31
2023-05-09 21:07:55,pb2403,pb2403,15335.0,0.0,0.0,0.0,1,15310.0,15395.0,1,15335.0,0.0,0.0,0.0,0.0,0.0,31
2023-05-09 21:07:55,pb2403,pb2403,15335.0,0.0,0.0,0.0,1,15310.0,15395.0,1,15335.0,0.0,0.0,0.0,0.0,0.0,31
2023-05-09 21:07:56,pb2403,pb2403,15335.0,0.0,0.0,0.0,1,15310.0,15395.0,1,15335.0,0.0,0.0,0.0,0.0,0.0,31
2023-05-09 21:07:57,pb2403,pb2403,15335.0,0.0,0.0,0.0,1,15310.0,15395.0,1,15335.0,0.0,0.0,0.0,0.0,0.0,31
2023-05-09 21:08:01,pb2403,pb2403,15335.0,0.0,0.0,0.0,1,15310.0,15395.0,1,15335.0,0.0,0.0,0.0,0.0,0.0,31
2023-05-09 21:08:01,pb2403,pb2403,15335.0,0.0,0.0,0.0,1,15310.0,15395.0,1,15335.0,0.0,0.0,0.0,0.0,0.0,31
2023-05-09 21:08:03,pb2403,pb2403,15335.0,0.0,0.0,0.0,1,15310.0,15395.0,1,15335.0,0.0,0.0,0.0,0.0,0.0,31
2023-05-09 21:08:04,pb2403,pb2403,15335.0,0.0,0.0,0.0,1,15310.0,15395.0,1,15335.0,0.0,0.0,0.0,0.0,0.0,31
2023-05-09 21:08:07,pb2403,pb2403,15335.0,0.0,0.0,0.0,1,15310.0,15395.0,1,15335.0,0.0,0.0,0.0,0.0,0.0,31
2023-05-09 21:08:08,pb2403,pb2403,15335.0,0.0,0.0,0.0,1,15310.0,15390.0,3,15335.0,0.0,0.0,0.0,0.0,0.0,31
2023-05-09 21:08:12,pb2403,pb2403,15335.0,0.0,0.0,0.0,1,15310.0,15390.0,3,15335.0,0.0,0.0,0.0,0.0,0.0,31
2023-05-09 21:08:13,pb2403,pb2403,15335.0,0.0,0.0,0.0,1,15310.0,15390.0,3,15335.0,0.0,0.0,0.0,0.0,0.0,31
2023-05-09 21:08:14,pb2403,pb2403,15335.0,0.0,0.0,0.0,1,15310.0,15390.0,3,15335.0,0.0,0.0,0.0,0.0,0.0,31
2023-05-09 21:08:15,pb2403,pb2403,15335.0,0.0,0.0,0.0,1,15310.0,15390.0,3,15335.0,0.0,0.0,0.0,0.0,0.0,31
2023-05-09 21:08:18,pb2403,pb2403,15335.0,0.0,0.0,0.0,1,15310.0,15395.0,1,15335.0,0.0,0.0,0.0,0.0,0.0,31
2023-05-09 21:08:18,pb2403,pb2403,15335.0,0.0,0.0,0.0,1,15310.0,15395.0,1,15335.0,0.0,0.0,0.0,0.0,0.0,31
2023-05-09 21:08:27,pb2403,pb2403,15335.0,0.0,0.0,0.0,1,15310.0,15395.0,1,15335.0,0.0,0.0,0.0,0.0,0.0,31
2023-05-09 21:08:28,pb2403,pb2403,15335.0,0.0,0.0,0.0,1,15310.0,15395.0,1,15335.0,0.0,0.0,0.0,0.0,0.0,31
2023-05-09 21:08:28,pb2403,pb2403,15335.0,0.0,0.0,0.0,1,15310.0,15395.0,1,15335.0,0.0,0.0,0.0,0.0,0.0,31
2023-05-09 21:08:29,pb2403,pb2403,15335.0,0.0,0.0,0.0,1,15310.0,15395.0,1,15335.0,0.0,0.0,0.0,0.0,0.0,31
2023-05-09 21:08:30,pb2403,pb2403,15335.0,0.0,0.0,0.0,1,15310.0,15395.0,1,15335.0,0.0,0.0,0.0,0.0,0.0,31
2023-05-09 21:08:32,pb2403,pb2403,15335.0,0.0,0.0,0.0,1,15310.0,15395.0,1,15335.0,0.0,0.0,0.0,0.0,0.0,31
2023-05-09 21:08:32,pb2403,pb2403,15335.0,0.0,0.0,0.0,1,15310.0,15395.0,1,15335.0,0.0,0.0,0.0,0.0,0.0,31
2023-05-09 21:08:33,pb2403,pb2403,15335.0,0.0,0.0,0.0,1,15310.0,15395.0,1,15335.0,0.0,0.0,0.0,0.0,0.0,31
2023-05-09 21:08:36,pb2403,pb2403,15335.0,0.0,0.0,0.0,1,15310.0,15395.0,1,15335.0,0.0,0.0,0.0,0.0,0.0,31
2023-05-09 21:08:37,pb2403,pb2403,15335.0,0.0,0.0,0.0,1,15310.0,15395.0,1,15335.0,0.0,0.0,0.0,0.0,0.0,31
2023-05-09 21:08:37,pb2403,pb2403,15335.0,0.0,0.0,0.0,1,15310.0,15395.0,1,15335.0,0.0,0.0,0.0,0.0,0.0,31
2023-05-09 21:08:38,pb2403,pb2403,15335.0,0.0,0.0,0.0,1,15310.0,15395.0,1,15335.0,0.0,0.0,0.0,0.0,0.0,31
2023-05-09 21:08:39,pb2403,pb2403,15335.0,0.0,0.0,0.0,1,15310.0,15395.0,1,15335.0,0.0,0.0,0.0,0.0,0.0,31
2023-05-09 21:08:40,pb2403,pb2403,15335.0,0.0,0.0,0.0,1,15310.0,15395.0,1,15335.0,0.0,0.0,0.0,0.0,0.0,31
2023-05-09 21:08:52,pb2403,pb2403,15335.0,0.0,0.0,0.0,1,15310.0,15395.0,1,15335.0,0.0,0.0,0.0,0.0,0.0,31
2023-05-09 21:08:53,pb2403,pb2403,15335.0,0.0,0.0,0.0,1,15310.0,15395.0,1,15335.0,0.0,0.0,0.0,0.0,0.0,31
2023-05-09 21:08:53,pb2403,pb2403,15335.0,0.0,0.0,0.0,1,15310.0,15395.0,1,15335.0,0.0,0.0,0.0,0.0,0.0,31
2023-05-09 21:08:54,pb2403,pb2403,15335.0,0.0,0.0,0.0,1,15310.0,15395.0,1,15335.0,0.0,0.0,0.0,0.0,0.0,31
2023-05-09 21:08:54,pb2403,pb2403,15335.0,0.0,0.0,0.0,1,15310.0,15395.0,1,15335.0,0.0,0.0,0.0,0.0,0.0,31
2023-05-09 21:08:55,pb2403,pb2403,15335.0,0.0,0.0,0.0,1,15310.0,15395.0,1,15335.0,0.0,0.0,0.0,0.0,0.0,31
2023-05-09 21:08:57,pb2403,pb2403,15335.0,0.0,0.0,0.0,1,15310.0,15395.0,1,15335.0,0.0,0.0,0.0,0.0,0.0,31
2023-05-09 21:08:57,pb2403,pb2403,15335.0,0.0,0.0,0.0,1,15310.0,15395.0,1,15335.0,0.0,0.0,0.0,0.0,0.0,31
2023-05-09 21:08:58,pb2403,pb2403,15335.0,0.0,0.0,0.0,1,15310.0,15440.0,1,15335.0,0.0,0.0,0.0,0.0,0.0,31
2023-05-09 21:08:58,pb2403,pb2403,15335.0,0.0,0.0,0.0,1,15310.0,15435.0,6,15335.0,0.0,0.0,0.0,0.0,0.0,31
2023-05-09 21:08:59,pb2403,pb2403,15335.0,0.0,0.0,0.0,1,15310.0,15435.0,7,15335.0,0.0,0.0,0.0,0.0,0.0,31
2023-05-09 21:09:01,pb2403,pb2403,15335.0,0.0,0.0,0.0,1,15310.0,15430.0,1,15335.0,0.0,0.0,0.0,0.0,0.0,31
2023-05-09 21:09:02,pb2403,pb2403,15335.0,0.0,0.0,0.0,1,15310.0,15425.0,1,15335.0,0.0,0.0,0.0,0.0,0.0,31
2023-05-09 21:09:02,pb2403,pb2403,15335.0,0.0,0.0,0.0,1,15310.0,15425.0,2,15335.0,0.0,0.0,0.0,0.0,0.0,31
2023-05-09 21:09:03,pb2403,pb2403,15335.0,0.0,0.0,0.0,1,15310.0,15420.0,1,15335.0,0.0,0.0,0.0,0.0,0.0,31
2023-05-09 21:09:03,pb2403,pb2403,15335.0,0.0,0.0,0.0,1,15310.0,15415.0,1,15335.0,0.0,0.0,0.0,0.0,0.0,31
2023-05-09 21:09:04,pb2403,pb2403,15335.0,0.0,0.0,0.0,1,15310.0,15415.0,1,15335.0,0.0,0.0,0.0,0.0,0.0,31
2023-05-09 21:09:04,pb2403,pb2403,15335.0,0.0,0.0,0.0,1,15310.0,15415.0,1,15335.0,0.0,0.0,0.0,0.0,0.0,31
2023-05-09 21:09:05,pb2403,pb2403,15335.0,0.0,0.0,0.0,1,15310.0,15395.0,3,15335.0,0.0,0.0,0.0,0.0,0.0,31
2023-05-09 21:09:05,pb2403,pb2403,15335.0,0.0,0.0,0.0,1,15310.0,15395.0,3,15335.0,0.0,0.0,0.0,0.0,0.0,31
2023-05-09 21:09:06,pb2403,pb2403,15335.0,0.0,0.0,0.0,1,15310.0,15395.0,3,15335.0,0.0,0.0,0.0,0.0,0.0,31
2023-05-09 21:09:06,pb2403,pb2403,15335.0,0.0,0.0,0.0,1,15310.0,15395.0,3,15335.0,0.0,0.0,0.0,0.0,0.0,31
2023-05-09 21:09:08,pb2403,pb2403,15335.0,0.0,0.0,0.0,1,15310.0,15395.0,3,15335.0,0.0,0.0,0.0,0.0,0.0,31
2023-05-09 21:09:08,pb2403,pb2403,15335.0,0.0,0.0,0.0,1,15310.0,15395.0,3,15335.0,0.0,0.0,0.0,0.0,0.0,31
2023-05-09 21:09:14,pb2403,pb2403,15335.0,0.0,0.0,0.0,1,15310.0,15395.0,3,15335.0,0.0,0.0,0.0,0.0,0.0,31
2023-05-09 21:09:14,pb2403,pb2403,15335.0,0.0,0.0,0.0,1,15310.0,15395.0,3,15335.0,0.0,0.0,0.0,0.0,0.0,31
2023-05-09 21:09:15,pb2403,pb2403,15335.0,0.0,0.0,0.0,1,15310.0,15395.0,3,15335.0,0.0,0.0,0.0,0.0,0.0,31
2023-05-09 21:09:16,pb2403,pb2403,15335.0,0.0,0.0,0.0,1,15310.0,15395.0,3,15335.0,0.0,0.0,0.0,0.0,0.0,31
2023-05-09 21:09:16,pb2403,pb2403,15335.0,0.0,0.0,0.0,1,15310.0,15395.0,3,15335.0,0.0,0.0,0.0,0.0,0.0,31
2023-05-09 21:09:17,pb2403,pb2403,15335.0,0.0,0.0,0.0,1,15310.0,15395.0,3,15335.0,0.0,0.0,0.0,0.0,0.0,31
2023-05-09 21:09:18,pb2403,pb2403,15335.0,0.0,0.0,0.0,1,15310.0,15395.0,3,15335.0,0.0,0.0,0.0,0.0,0.0,31
2023-05-09 21:09:19,pb2403,pb2403,15335.0,0.0,0.0,0.0,1,15310.0,15395.0,3,15335.0,0.0,0.0,0.0,0.0,0.0,31
2023-05-09 21:09:20,pb2403,pb2403,15335.0,0.0,0.0,0.0,1,15310.0,15395.0,3,15335.0,0.0,0.0,0.0,0.0,0.0,31
2023-05-09 21:09:21,pb2403,pb2403,15335.0,0.0,0.0,0.0,1,15310.0,15395.0,3,15335.0,0.0,0.0,0.0,0.0,0.0,31
2023-05-09 21:09:23,pb2403,pb2403,15335.0,0.0,0.0,0.0,1,15310.0,15395.0,3,15335.0,0.0,0.0,0.0,0.0,0.0,31
2023-05-09 21:09:23,pb2403,pb2403,15335.0,0.0,0.0,0.0,1,15310.0,15395.0,3,15335.0,0.0,0.0,0.0,0.0,0.0,31
2023-05-09 21:09:25,pb2403,pb2403,15335.0,0.0,0.0,0.0,1,15310.0,15395.0,3,15335.0,0.0,0.0,0.0,0.0,0.0,31
2023-05-09 21:09:25,pb2403,pb2403,15335.0,0.0,0.0,0.0,1,15310.0,15395.0,3,15335.0,0.0,0.0,0.0,0.0,0.0,31
2023-05-09 21:09:28,pb2403,pb2403,15335.0,0.0,0.0,0.0,1,15310.0,15395.0,3,15335.0,0.0,0.0,0.0,0.0,0.0,31
2023-05-09 21:09:29,pb2403,pb2403,15335.0,0.0,0.0,0.0,1,15310.0,15395.0,3,15335.0,0.0,0.0,0.0,0.0,0.0,31
2023-05-09 21:09:34,pb2403,pb2403,15335.0,0.0,0.0,0.0,1,15310.0,15395.0,3,15335.0,0.0,0.0,0.0,0.0,0.0,31
2023-05-09 21:09:35,pb2403,pb2403,15335.0,0.0,0.0,0.0,1,15310.0,15395.0,3,15335.0,0.0,0.0,0.0,0.0,0.0,31
2023-05-09 21:09:37,pb2403,pb2403,15335.0,0.0,0.0,0.0,1,15310.0,15395.0,3,15335.0,0.0,0.0,0.0,0.0,0.0,31
2023-05-09 21:09:37,pb2403,pb2403,15335.0,0.0,0.0,0.0,1,15310.0,15395.0,3,15335.0,0.0,0.0,0.0,0.0,0.0,31
2023-05-09 21:09:39,pb2403,pb2403,15335.0,0.0,0.0,0.0,1,15310.0,15395.0,3,15335.0,0.0,0.0,0.0,0.0,0.0,31
2023-05-09 21:09:41,pb2403,pb2403,15335.0,0.0,0.0,0.0,1,15310.0,15395.0,3,15335.0,0.0,0.0,0.0,0.0,0.0,31
2023-05-09 21:09:42,pb2403,pb2403,15335.0,0.0,0.0,0.0,1,15310.0,15395.0,3,15335.0,0.0,0.0,0.0,0.0,0.0,31
2023-05-09 21:09:44,pb2403,pb2403,15335.0,0.0,0.0,0.0,1,15310.0,15390.0,1,15335.0,0.0,0.0,0.0,0.0,0.0,31
2023-05-09 21:09:51,pb2403,pb2403,15335.0,0.0,0.0,0.0,1,15310.0,15390.0,1,15335.0,0.0,0.0,0.0,0.0,0.0,31
2023-05-09 21:09:52,pb2403,pb2403,15335.0,0.0,0.0,0.0,1,15310.0,15390.0,1,15335.0,0.0,0.0,0.0,0.0,0.0,31
2023-05-09 21:09:55,pb2403,pb2403,15335.0,0.0,0.0,0.0,1,15310.0,15390.0,1,15335.0,0.0,0.0,0.0,0.0,0.0,31
2023-05-09 21:09:55,pb2403,pb2403,15335.0,0.0,0.0,0.0,1,15310.0,15390.0,1,15335.0,0.0,0.0,0.0,0.0,0.0,31
2023-05-09 21:10:00,pb2403,pb2403,15335.0,0.0,0.0,0.0,1,15310.0,15390.0,1,15335.0,0.0,0.0,0.0,0.0,0.0,31
2023-05-09 21:10:01,pb2403,pb2403,15335.0,0.0,0.0,0.0,1,15310.0,15390.0,1,15335.0,0.0,0.0,0.0,0.0,0.0,31
2023-05-09 21:10:04,pb2403,pb2403,15335.0,0.0,0.0,0.0,1,15310.0,15390.0,1,15335.0,0.0,0.0,0.0,0.0,0.0,31
2023-05-09 21:10:05,pb2403,pb2403,15335.0,0.0,0.0,0.0,1,15310.0,15390.0,1,15335.0,0.0,0.0,0.0,0.0,0.0,31
2023-05-09 21:10:10,pb2403,pb2403,15335.0,0.0,0.0,0.0,1,15310.0,15390.0,1,15335.0,0.0,0.0,0.0,0.0,0.0,31
2023-05-09 21:10:10,pb2403,pb2403,15335.0,0.0,0.0,0.0,1,15310.0,15390.0,1,15335.0,0.0,0.0,0.0,0.0,0.0,31
2023-05-09 21:10:14,pb2403,pb2403,15335.0,0.0,0.0,0.0,1,15310.0,15390.0,1,15335.0,0.0,0.0,0.0,0.0,0.0,31
2023-05-09 21:10:15,pb2403,pb2403,15335.0,0.0,0.0,0.0,1,15310.0,15390.0,1,15335.0,0.0,0.0,0.0,0.0,0.0,31
2023-05-09 21:10:22,pb2403,pb2403,15335.0,0.0,0.0,0.0,1,15310.0,15390.0,1,15335.0,0.0,0.0,0.0,0.0,0.0,31
2023-05-09 21:10:23,pb2403,pb2403,15335.0,0.0,0.0,0.0,1,15310.0,15390.0,1,15335.0,0.0,0.0,0.0,0.0,0.0,31
2023-05-09 21:10:27,pb2403,pb2403,15335.0,0.0,0.0,0.0,1,15310.0,15390.0,1,15335.0,0.0,0.0,0.0,0.0,0.0,31
2023-05-09 21:10:28,pb2403,pb2403,15335.0,0.0,0.0,0.0,1,15310.0,15390.0,1,15335.0,0.0,0.0,0.0,0.0,0.0,31
2023-05-09 21:10:29,pb2403,pb2403,15335.0,0.0,0.0,0.0,1,15310.0,15390.0,1,15335.0,0.0,0.0,0.0,0.0,0.0,31
2023-05-09 21:10:29,pb2403,pb2403,15335.0,0.0,0.0,0.0,1,15310.0,15390.0,1,15335.0,0.0,0.0,0.0,0.0,0.0,31
2023-05-09 21:10:32,pb2403,pb2403,15335.0,0.0,0.0,0.0,1,15310.0,15390.0,1,15335.0,0.0,0.0,0.0,0.0,0.0,31
2023-05-09 21:10:33,pb2403,pb2403,15335.0,0.0,0.0,0.0,1,15310.0,15390.0,1,15335.0,0.0,0.0,0.0,0.0,0.0,31
2023-05-09 21:10:44,pb2403,pb2403,15335.0,0.0,0.0,0.0,1,15310.0,15390.0,1,15335.0,0.0,0.0,0.0,0.0,0.0,31
2023-05-09 21:10:44,pb2403,pb2403,15335.0,0.0,0.0,0.0,1,15310.0,15390.0,1,15335.0,0.0,0.0,0.0,0.0,0.0,31
2023-05-09 21:10:52,pb2403,pb2403,15335.0,0.0,0.0,0.0,1,15310.0,15390.0,1,15335.0,0.0,0.0,0.0,0.0,0.0,31
2023-05-09 21:10:52,pb2403,pb2403,15335.0,0.0,0.0,0.0,1,15310.0,15390.0,1,15335.0,0.0,0.0,0.0,0.0,0.0,31
2023-05-09 21:10:57,pb2403,pb2403,15335.0,0.0,0.0,0.0,1,15310.0,15390.0,1,15335.0,0.0,0.0,0.0,0.0,0.0,31
2023-05-09 21:10:57,pb2403,pb2403,15335.0,0.0,0.0,0.0,1,15310.0,15385.0,2,15335.0,0.0,0.0,0.0,0.0,0.0,31
2023-05-09 21:10:59,pb2403,pb2403,15335.0,0.0,0.0,0.0,1,15310.0,15385.0,2,15335.0,0.0,0.0,0.0,0.0,0.0,31
2023-05-09 21:10:59,pb2403,pb2403,15335.0,0.0,0.0,0.0,1,15310.0,15385.0,2,15335.0,0.0,0.0,0.0,0.0,0.0,31
2023-05-09 21:11:02,pb2403,pb2403,15335.0,0.0,0.0,0.0,1,15310.0,15385.0,2,15335.0,0.0,0.0,0.0,0.0,0.0,31
2023-05-09 21:11:02,pb2403,pb2403,15335.0,0.0,0.0,0.0,1,15310.0,15390.0,1,15335.0,0.0,0.0,0.0,0.0,0.0,31
2023-05-09 21:11:06,pb2403,pb2403,15335.0,0.0,0.0,0.0,1,15310.0,15390.0,1,15335.0,0.0,0.0,0.0,0.0,0.0,31
2023-05-09 21:11:07,pb2403,pb2403,15335.0,0.0,0.0,0.0,1,15310.0,15390.0,1,15335.0,0.0,0.0,0.0,0.0,0.0,31
2023-05-09 21:11:13,pb2403,pb2403,15335.0,0.0,0.0,0.0,1,15310.0,15390.0,1,15335.0,0.0,0.0,0.0,0.0,0.0,31
2023-05-09 21:11:14,pb2403,pb2403,15335.0,0.0,0.0,0.0,1,15310.0,15390.0,1,15335.0,0.0,0.0,0.0,0.0,0.0,31
2023-05-09 21:11:15,pb2403,pb2403,15335.0,0.0,0.0,0.0,1,15310.0,15390.0,1,15335.0,0.0,0.0,0.0,0.0,0.0,31
2023-05-09 21:11:16,pb2403,pb2403,15335.0,0.0,0.0,0.0,1,15310.0,15390.0,1,15335.0,0.0,0.0,0.0,0.0,0.0,31
2023-05-09 21:11:23,pb2403,pb2403,15335.0,0.0,0.0,0.0,1,15310.0,15390.0,1,15335.0,0.0,0.0,0.0,0.0,0.0,31
2023-05-09 21:11:24,pb2403,pb2403,15335.0,0.0,0.0,0.0,1,15310.0,15390.0,1,15335.0,0.0,0.0,0.0,0.0,0.0,31
2023-05-09 21:11:27,pb2403,pb2403,15335.0,0.0,0.0,0.0,1,15310.0,15390.0,1,15335.0,0.0,0.0,0.0,0.0,0.0,31
2023-05-09 21:11:28,pb2403,pb2403,15335.0,0.0,0.0,0.0,1,15310.0,15390.0,1,15335.0,0.0,0.0,0.0,0.0,0.0,31
2023-05-09 21:11:29,pb2403,pb2403,15335.0,0.0,0.0,0.0,1,15310.0,15390.0,1,15335.0,0.0,0.0,0.0,0.0,0.0,31
2023-05-09 21:11:29,pb2403,pb2403,15335.0,0.0,0.0,0.0,1,15310.0,15390.0,1,15335.0,0.0,0.0,0.0,0.0,0.0,31
2023-05-09 21:11:34,pb2403,pb2403,15335.0,0.0,0.0,0.0,1,15310.0,15390.0,1,15335.0,0.0,0.0,0.0,0.0,0.0,31
2023-05-09 21:11:36,pb2403,pb2403,15335.0,0.0,0.0,0.0,1,15310.0,15390.0,1,15335.0,0.0,0.0,0.0,0.0,0.0,31
2023-05-09 21:11:38,pb2403,pb2403,15335.0,0.0,0.0,0.0,1,15310.0,15390.0,1,15335.0,0.0,0.0,0.0,0.0,0.0,31
2023-05-09 21:11:39,pb2403,pb2403,15335.0,0.0,0.0,0.0,1,15310.0,15390.0,1,15335.0,0.0,0.0,0.0,0.0,0.0,31
2023-05-09 21:11:42,pb2403,pb2403,15335.0,0.0,0.0,0.0,1,15310.0,15390.0,1,15335.0,0.0,0.0,0.0,0.0,0.0,31
2023-05-09 21:11:42,pb2403,pb2403,15335.0,0.0,0.0,0.0,1,15310.0,15390.0,1,15335.0,0.0,0.0,0.0,0.0,0.0,31
2023-05-09 21:11:50,pb2403,pb2403,15335.0,0.0,0.0,0.0,1,15310.0,15390.0,1,15335.0,0.0,0.0,0.0,0.0,0.0,31
2023-05-09 21:11:50,pb2403,pb2403,15335.0,0.0,0.0,0.0,1,15310.0,15390.0,1,15335.0,0.0,0.0,0.0,0.0,0.0,31
2023-05-09 21:11:51,pb2403,pb2403,15335.0,0.0,0.0,0.0,1,15310.0,15390.0,1,15335.0,0.0,0.0,0.0,0.0,0.0,31
2023-05-09 21:11:52,pb2403,pb2403,15335.0,0.0,0.0,0.0,1,15310.0,15390.0,1,15335.0,0.0,0.0,0.0,0.0,0.0,31
2023-05-09 21:11:55,pb2403,pb2403,15335.0,0.0,0.0,0.0,1,15310.0,15385.0,2,15335.0,0.0,0.0,0.0,0.0,0.0,31
2023-05-09 21:11:56,pb2403,pb2403,15335.0,0.0,0.0,0.0,1,15310.0,15385.0,2,15335.0,0.0,0.0,0.0,0.0,0.0,31
2023-05-09 21:11:57,pb2403,pb2403,15335.0,0.0,0.0,0.0,1,15310.0,15385.0,2,15335.0,0.0,0.0,0.0,0.0,0.0,31
2023-05-09 21:12:02,pb2403,pb2403,15335.0,0.0,0.0,0.0,1,15310.0,15385.0,2,15335.0,0.0,0.0,0.0,0.0,0.0,31
2023-05-09 21:12:03,pb2403,pb2403,15335.0,0.0,0.0,0.0,1,15310.0,15385.0,2,15335.0,0.0,0.0,0.0,0.0,0.0,31
2023-05-09 21:12:13,pb2403,pb2403,15335.0,0.0,0.0,0.0,1,15310.0,15385.0,2,15335.0,0.0,0.0,0.0,0.0,0.0,31
2023-05-09 21:12:14,pb2403,pb2403,15335.0,0.0,0.0,0.0,1,15310.0,15385.0,2,15335.0,0.0,0.0,0.0,0.0,0.0,31
2023-05-09 21:12:14,pb2403,pb2403,15335.0,0.0,0.0,0.0,1,15310.0,15385.0,2,15335.0,0.0,0.0,0.0,0.0,0.0,31
2023-05-09 21:12:15,pb2403,pb2403,15335.0,0.0,0.0,0.0,1,15310.0,15385.0,2,15335.0,0.0,0.0,0.0,0.0,0.0,31
2023-05-09 21:12:15,pb2403,pb2403,15335.0,0.0,0.0,0.0,1,15310.0,15385.0,2,15335.0,0.0,0.0,0.0,0.0,0.0,31
2023-05-09 21:12:16,pb2403,pb2403,15335.0,0.0,0.0,0.0,1,15310.0,15385.0,2,15335.0,0.0,0.0,0.0,0.0,0.0,31
2023-05-09 21:12:17,pb2403,pb2403,15335.0,0.0,0.0,0.0,1,15310.0,15385.0,2,15335.0,0.0,0.0,0.0,0.0,0.0,31
2023-05-09 21:12:17,pb2403,pb2403,15335.0,0.0,0.0,0.0,1,15310.0,15385.0,2,15335.0,0.0,0.0,0.0,0.0,0.0,31
2023-05-09 21:12:18,pb2403,pb2403,15335.0,0.0,0.0,0.0,1,15310.0,15385.0,2,15335.0,0.0,0.0,0.0,0.0,0.0,31
2023-05-09 21:12:22,pb2403,pb2403,15335.0,0.0,0.0,0.0,1,15310.0,15385.0,2,15335.0,0.0,0.0,0.0,0.0,0.0,31
2023-05-09 21:12:23,pb2403,pb2403,15335.0,0.0,0.0,0.0,1,15310.0,15385.0,2,15335.0,0.0,0.0,0.0,0.0,0.0,31
2023-05-09 21:12:24,pb2403,pb2403,15335.0,0.0,0.0,0.0,1,15310.0,15385.0,2,15335.0,0.0,0.0,0.0,0.0,0.0,31
2023-05-09 21:12:25,pb2403,pb2403,15335.0,0.0,0.0,0.0,1,15310.0,15385.0,2,15335.0,0.0,0.0,0.0,0.0,0.0,31
2023-05-09 21:12:29,pb2403,pb2403,15335.0,0.0,0.0,0.0,1,15310.0,15385.0,2,15335.0,0.0,0.0,0.0,0.0,0.0,31
2023-05-09 21:12:30,pb2403,pb2403,15335.0,0.0,0.0,0.0,1,15310.0,15385.0,2,15335.0,0.0,0.0,0.0,0.0,0.0,31
2023-05-09 21:12:31,pb2403,pb2403,15335.0,0.0,0.0,0.0,1,15310.0,15385.0,2,15335.0,0.0,0.0,0.0,0.0,0.0,31
2023-05-09 21:12:31,pb2403,pb2403,15335.0,0.0,0.0,0.0,1,15310.0,15385.0,2,15335.0,0.0,0.0,0.0,0.0,0.0,31
2023-05-09 21:12:32,pb2403,pb2403,15335.0,0.0,0.0,0.0,1,15310.0,15385.0,2,15335.0,0.0,0.0,0.0,0.0,0.0,31
2023-05-09 21:12:34,pb2403,pb2403,15335.0,0.0,0.0,0.0,1,15310.0,15385.0,2,15335.0,0.0,0.0,0.0,0.0,0.0,31
2023-05-09 21:12:35,pb2403,pb2403,15335.0,0.0,0.0,0.0,1,15310.0,15385.0,2,15335.0,0.0,0.0,0.0,0.0,0.0,31
2023-05-09 21:12:37,pb2403,pb2403,15335.0,0.0,0.0,0.0,1,15310.0,15380.0,1,15335.0,0.0,0.0,0.0,0.0,0.0,31
2023-05-09 21:12:42,pb2403,pb2403,15335.0,0.0,0.0,0.0,1,15310.0,15380.0,1,15335.0,0.0,0.0,0.0,0.0,0.0,31
2023-05-09 21:12:42,pb2403,pb2403,15335.0,0.0,0.0,0.0,1,15310.0,15380.0,1,15335.0,0.0,0.0,0.0,0.0,0.0,31
2023-05-09 21:12:48,pb2403,pb2403,15335.0,0.0,0.0,0.0,1,15310.0,15380.0,1,15335.0,0.0,0.0,0.0,0.0,0.0,31
2023-05-09 21:12:48,pb2403,pb2403,15335.0,0.0,0.0,0.0,1,15310.0,15380.0,1,15335.0,0.0,0.0,0.0,0.0,0.0,31
2023-05-09 21:12:51,pb2403,pb2403,15335.0,0.0,0.0,0.0,1,15310.0,15380.0,1,15335.0,0.0,0.0,0.0,0.0,0.0,31
2023-05-09 21:12:51,pb2403,pb2403,15335.0,0.0,0.0,0.0,1,15310.0,15380.0,1,15335.0,0.0,0.0,0.0,0.0,0.0,31
2023-05-09 21:12:54,pb2403,pb2403,15335.0,0.0,0.0,0.0,1,15310.0,15380.0,1,15335.0,0.0,0.0,0.0,0.0,0.0,31
2023-05-09 21:12:55,pb2403,pb2403,15335.0,0.0,0.0,0.0,1,15310.0,15380.0,1,15335.0,0.0,0.0,0.0,0.0,0.0,31
2023-05-09 21:12:58,pb2403,pb2403,15335.0,0.0,0.0,0.0,1,15310.0,15380.0,1,15335.0,0.0,0.0,0.0,0.0,0.0,31
2023-05-09 21:12:59,pb2403,pb2403,15335.0,0.0,0.0,0.0,1,15310.0,15380.0,1,15335.0,0.0,0.0,0.0,0.0,0.0,31
2023-05-09 21:13:03,pb2403,pb2403,15335.0,0.0,0.0,0.0,1,15310.0,15380.0,1,15335.0,0.0,0.0,0.0,0.0,0.0,31
2023-05-09 21:13:03,pb2403,pb2403,15335.0,0.0,0.0,0.0,1,15310.0,15380.0,1,15335.0,0.0,0.0,0.0,0.0,0.0,31
2023-05-09 21:13:06,pb2403,pb2403,15335.0,0.0,0.0,0.0,1,15310.0,15380.0,1,15335.0,0.0,0.0,0.0,0.0,0.0,31
2023-05-09 21:13:07,pb2403,pb2403,15335.0,0.0,0.0,0.0,1,15310.0,15380.0,1,15335.0,0.0,0.0,0.0,0.0,0.0,31
2023-05-09 21:13:09,pb2403,pb2403,15335.0,0.0,0.0,0.0,1,15310.0,15380.0,1,15335.0,0.0,0.0,0.0,0.0,0.0,31
2023-05-09 21:13:10,pb2403,pb2403,15335.0,0.0,0.0,0.0,1,15310.0,15380.0,1,15335.0,0.0,0.0,0.0,0.0,0.0,31
2023-05-09 21:13:15,pb2403,pb2403,15335.0,0.0,0.0,0.0,1,15310.0,15380.0,1,15335.0,0.0,0.0,0.0,0.0,0.0,31
2023-05-09 21:13:16,pb2403,pb2403,15335.0,0.0,0.0,0.0,1,15310.0,15380.0,1,15335.0,0.0,0.0,0.0,0.0,0.0,31
2023-05-09 21:13:23,pb2403,pb2403,15335.0,0.0,0.0,0.0,1,15310.0,15380.0,1,15335.0,0.0,0.0,0.0,0.0,0.0,31
2023-05-09 21:13:23,pb2403,pb2403,15335.0,0.0,0.0,0.0,1,15310.0,15380.0,1,15335.0,0.0,0.0,0.0,0.0,0.0,31
2023-05-09 21:13:25,pb2403,pb2403,15335.0,0.0,0.0,0.0,1,15310.0,15380.0,1,15335.0,0.0,0.0,0.0,0.0,0.0,31
2023-05-09 21:13:26,pb2403,pb2403,15335.0,0.0,0.0,0.0,1,15310.0,15380.0,1,15335.0,0.0,0.0,0.0,0.0,0.0,31
2023-05-09 21:13:29,pb2403,pb2403,15335.0,0.0,0.0,0.0,1,15310.0,15380.0,1,15335.0,0.0,0.0,0.0,0.0,0.0,31
2023-05-09 21:13:29,pb2403,pb2403,15335.0,0.0,0.0,0.0,1,15310.0,15380.0,1,15335.0,0.0,0.0,0.0,0.0,0.0,31
2023-05-09 21:13:30,pb2403,pb2403,15335.0,0.0,0.0,0.0,1,15310.0,15380.0,1,15335.0,0.0,0.0,0.0,0.0,0.0,31
2023-05-09 21:13:31,pb2403,pb2403,15335.0,0.0,0.0,0.0,1,15310.0,15380.0,1,15335.0,0.0,0.0,0.0,0.0,0.0,31
2023-05-09 21:13:42,pb2403,pb2403,15335.0,0.0,0.0,0.0,1,15310.0,15380.0,1,15335.0,0.0,0.0,0.0,0.0,0.0,31
2023-05-09 21:13:43,pb2403,pb2403,15335.0,0.0,0.0,0.0,1,15310.0,15380.0,1,15335.0,0.0,0.0,0.0,0.0,0.0,31
2023-05-09 21:13:45,pb2403,pb2403,15335.0,0.0,0.0,0.0,1,15310.0,15380.0,1,15335.0,0.0,0.0,0.0,0.0,0.0,31
2023-05-09 21:13:45,pb2403,pb2403,15335.0,0.0,0.0,0.0,1,15310.0,15380.0,1,15335.0,0.0,0.0,0.0,0.0,0.0,31
2023-05-09 21:13:52,pb2403,pb2403,15335.0,0.0,0.0,0.0,1,15310.0,15380.0,1,15335.0,0.0,0.0,0.0,0.0,0.0,31
2023-05-09 21:13:52,pb2403,pb2403,15335.0,0.0,0.0,0.0,1,15310.0,15380.0,1,15335.0,0.0,0.0,0.0,0.0,0.0,31
2023-05-09 21:14:01,pb2403,pb2403,15335.0,0.0,0.0,0.0,1,15310.0,15380.0,1,15335.0,0.0,0.0,0.0,0.0,0.0,31
2023-05-09 21:14:02,pb2403,pb2403,15335.0,0.0,0.0,0.0,1,15310.0,15380.0,1,15335.0,0.0,0.0,0.0,0.0,0.0,31
2023-05-09 21:14:06,pb2403,pb2403,15335.0,0.0,0.0,0.0,1,15310.0,15380.0,1,15335.0,0.0,0.0,0.0,0.0,0.0,31
2023-05-09 21:14:15,pb2403,pb2403,15335.0,0.0,0.0,0.0,1,15310.0,15380.0,1,15335.0,0.0,0.0,0.0,0.0,0.0,31
2023-05-09 21:14:16,pb2403,pb2403,15335.0,0.0,0.0,0.0,1,15310.0,15380.0,1,15335.0,0.0,0.0,0.0,0.0,0.0,31
2023-05-09 21:14:18,pb2403,pb2403,15335.0,0.0,0.0,0.0,1,15310.0,15380.0,1,15335.0,0.0,0.0,0.0,0.0,0.0,31
2023-05-09 21:14:19,pb2403,pb2403,15335.0,0.0,0.0,0.0,1,15310.0,15380.0,1,15335.0,0.0,0.0,0.0,0.0,0.0,31
2023-05-09 21:14:21,pb2403,pb2403,15335.0,0.0,0.0,0.0,1,15310.0,15380.0,1,15335.0,0.0,0.0,0.0,0.0,0.0,31
2023-05-09 21:14:22,pb2403,pb2403,15335.0,0.0,0.0,0.0,1,15310.0,15380.0,1,15335.0,0.0,0.0,0.0,0.0,0.0,31
2023-05-09 21:14:26,pb2403,pb2403,15335.0,0.0,0.0,0.0,1,15310.0,15380.0,1,15335.0,0.0,0.0,0.0,0.0,0.0,31
2023-05-09 21:14:26,pb2403,pb2403,15335.0,0.0,0.0,0.0,1,15315.0,15380.0,1,15335.0,0.0,0.0,0.0,0.0,0.0,31
2023-05-09 21:14:28,pb2403,pb2403,15335.0,0.0,0.0,0.0,1,15315.0,15380.0,1,15335.0,0.0,0.0,0.0,0.0,0.0,31
2023-05-09 21:14:28,pb2403,pb2403,15335.0,0.0,0.0,0.0,1,15315.0,15380.0,1,15335.0,0.0,0.0,0.0,0.0,0.0,31
2023-05-09 21:14:31,pb2403,pb2403,15335.0,0.0,0.0,0.0,1,15315.0,15380.0,1,15335.0,0.0,0.0,0.0,0.0,0.0,31
2023-05-09 21:14:32,pb2403,pb2403,15335.0,0.0,0.0,0.0,1,15320.0,15380.0,1,15335.0,0.0,0.0,0.0,0.0,0.0,31
2023-05-09 21:14:32,pb2403,pb2403,15335.0,0.0,0.0,0.0,1,15320.0,15380.0,1,15335.0,0.0,0.0,0.0,0.0,0.0,31
2023-05-09 21:14:33,pb2403,pb2403,15335.0,0.0,0.0,0.0,1,15320.0,15380.0,1,15335.0,0.0,0.0,0.0,0.0,0.0,31
2023-05-09 21:14:41,pb2403,pb2403,15335.0,0.0,0.0,0.0,1,15320.0,15380.0,1,15335.0,0.0,0.0,0.0,0.0,0.0,31
2023-05-09 21:14:42,pb2403,pb2403,15335.0,0.0,0.0,0.0,1,15320.0,15380.0,1,15335.0,0.0,0.0,0.0,0.0,0.0,31
2023-05-09 21:14:50,pb2403,pb2403,15335.0,0.0,0.0,0.0,1,15320.0,15380.0,1,15335.0,0.0,0.0,0.0,0.0,0.0,31
2023-05-09 21:14:51,pb2403,pb2403,15335.0,0.0,0.0,0.0,1,15320.0,15380.0,1,15335.0,0.0,0.0,0.0,0.0,0.0,31
2023-05-09 21:14:52,pb2403,pb2403,15335.0,0.0,0.0,0.0,1,15325.0,15380.0,1,15335.0,0.0,0.0,0.0,0.0,0.0,31
2023-05-09 21:14:53,pb2403,pb2403,15335.0,0.0,0.0,0.0,1,15325.0,15380.0,1,15335.0,0.0,0.0,0.0,0.0,0.0,31
2023-05-09 21:14:53,pb2403,pb2403,15335.0,0.0,0.0,0.0,1,15325.0,15380.0,1,15335.0,0.0,0.0,0.0,0.0,0.0,31
2023-05-09 21:14:54,pb2403,pb2403,15335.0,0.0,0.0,0.0,1,15325.0,15380.0,1,15335.0,0.0,0.0,0.0,0.0,0.0,31
2023-05-09 21:14:55,pb2403,pb2403,15335.0,0.0,0.0,0.0,1,15330.0,15380.0,1,15335.0,0.0,0.0,0.0,0.0,0.0,31
2023-05-09 21:14:55,pb2403,pb2403,15335.0,0.0,0.0,0.0,1,15330.0,15380.0,1,15335.0,0.0,0.0,0.0,0.0,0.0,31
2023-05-09 21:14:59,pb2403,pb2403,15335.0,0.0,0.0,0.0,1,15330.0,15380.0,1,15335.0,0.0,0.0,0.0,0.0,0.0,31
2023-05-09 21:15:01,pb2403,pb2403,15335.0,0.0,0.0,0.0,1,15330.0,15380.0,1,15335.0,0.0,0.0,0.0,0.0,0.0,31
2023-05-09 21:15:45,pb2403,pb2403,15335.0,0.0,0.0,0.0,1,15330.0,15380.0,1,15335.0,0.0,0.0,0.0,0.0,0.0,31
2023-05-09 21:15:46,pb2403,pb2403,15335.0,0.0,0.0,0.0,1,15330.0,15380.0,1,15335.0,0.0,0.0,0.0,0.0,0.0,31
2023-05-09 21:15:46,pb2403,pb2403,15335.0,0.0,0.0,0.0,1,15335.0,15380.0,1,15335.0,0.0,0.0,0.0,0.0,0.0,31
2023-05-09 21:15:47,pb2403,pb2403,15335.0,0.0,0.0,0.0,1,15335.0,15380.0,1,15335.0,0.0,0.0,0.0,0.0,0.0,31
2023-05-09 21:15:47,pb2403,pb2403,15335.0,0.0,0.0,0.0,1,15340.0,15380.0,1,15335.0,0.0,0.0,0.0,0.0,0.0,31
2023-05-09 21:15:48,pb2403,pb2403,15335.0,0.0,0.0,0.0,1,15340.0,15380.0,1,15335.0,0.0,0.0,0.0,0.0,0.0,31
2023-05-09 21:16:03,pb2403,pb2403,15335.0,0.0,0.0,0.0,1,15340.0,15380.0,1,15335.0,0.0,0.0,0.0,0.0,0.0,31
2023-05-09 21:16:04,pb2403,pb2403,15335.0,0.0,0.0,0.0,1,15340.0,15380.0,1,15335.0,0.0,0.0,0.0,0.0,0.0,31
2023-05-09 21:16:15,pb2403,pb2403,15335.0,0.0,0.0,0.0,1,15340.0,15380.0,1,15335.0,0.0,0.0,0.0,0.0,0.0,31
2023-05-09 21:16:16,pb2403,pb2403,15335.0,0.0,0.0,0.0,1,15340.0,15380.0,1,15335.0,0.0,0.0,0.0,0.0,0.0,31
2023-05-09 21:17:06,pb2403,pb2403,15335.0,0.0,0.0,0.0,1,15340.0,15380.0,1,15335.0,0.0,0.0,0.0,0.0,0.0,31
2023-05-09 21:17:06,pb2403,pb2403,15335.0,0.0,0.0,0.0,1,15340.0,15380.0,1,15335.0,0.0,0.0,0.0,0.0,0.0,31
2023-05-09 21:17:12,pb2403,pb2403,15335.0,0.0,0.0,0.0,1,15340.0,15375.0,3,15335.0,0.0,0.0,0.0,0.0,0.0,31
2023-05-09 21:17:16,pb2403,pb2403,15335.0,0.0,0.0,0.0,1,15340.0,15380.0,1,15335.0,0.0,0.0,0.0,0.0,0.0,31
2023-05-09 21:17:36,pb2403,pb2403,15335.0,0.0,0.0,0.0,1,15340.0,15435.0,1,15335.0,0.0,0.0,0.0,0.0,0.0,31
2023-05-09 21:17:36,pb2403,pb2403,15335.0,0.0,0.0,0.0,1,15340.0,15430.0,6,15335.0,0.0,0.0,0.0,0.0,0.0,31
2023-05-09 21:17:37,pb2403,pb2403,15335.0,0.0,0.0,0.0,1,15340.0,15430.0,7,15335.0,0.0,0.0,0.0,0.0,0.0,31
2023-05-09 21:17:39,pb2403,pb2403,15335.0,0.0,0.0,0.0,1,15340.0,15425.0,1,15335.0,0.0,0.0,0.0,0.0,0.0,31
2023-05-09 21:17:40,pb2403,pb2403,15335.0,0.0,0.0,0.0,1,15340.0,15420.0,1,15335.0,0.0,0.0,0.0,0.0,0.0,31
2023-05-09 21:17:40,pb2403,pb2403,15335.0,0.0,0.0,0.0,1,15340.0,15420.0,1,15335.0,0.0,0.0,0.0,0.0,0.0,31
2023-05-09 21:17:41,pb2403,pb2403,15335.0,0.0,0.0,0.0,1,15340.0,15415.0,1,15335.0,0.0,0.0,0.0,0.0,0.0,31
2023-05-09 21:17:41,pb2403,pb2403,15335.0,0.0,0.0,0.0,1,15340.0,15410.0,1,15335.0,0.0,0.0,0.0,0.0,0.0,31
2023-05-09 21:17:42,pb2403,pb2403,15335.0,0.0,0.0,0.0,1,15340.0,15410.0,1,15335.0,0.0,0.0,0.0,0.0,0.0,31
2023-05-09 21:17:42,pb2403,pb2403,15335.0,0.0,0.0,0.0,1,15340.0,15390.0,2,15335.0,0.0,0.0,0.0,0.0,0.0,31
2023-05-09 21:17:43,pb2403,pb2403,15335.0,0.0,0.0,0.0,1,15340.0,15390.0,2,15335.0,0.0,0.0,0.0,0.0,0.0,31
2023-05-09 21:18:04,pb2403,pb2403,15335.0,0.0,0.0,0.0,1,15340.0,15390.0,2,15335.0,0.0,0.0,0.0,0.0,0.0,31
2023-05-09 21:18:04,pb2403,pb2403,15335.0,0.0,0.0,0.0,1,15340.0,15390.0,2,15335.0,0.0,0.0,0.0,0.0,0.0,31
2023-05-09 21:18:05,pb2403,pb2403,15335.0,0.0,0.0,0.0,1,15340.0,15390.0,2,15335.0,0.0,0.0,0.0,0.0,0.0,31
2023-05-09 21:18:06,pb2403,pb2403,15335.0,0.0,0.0,0.0,1,15340.0,15390.0,2,15335.0,0.0,0.0,0.0,0.0,0.0,31
2023-05-09 21:18:17,pb2403,pb2403,15335.0,0.0,0.0,0.0,1,15340.0,15390.0,2,15335.0,0.0,0.0,0.0,0.0,0.0,31
2023-05-09 21:18:23,pb2403,pb2403,15335.0,0.0,0.0,0.0,1,15340.0,15385.0,1,15335.0,0.0,0.0,0.0,0.0,0.0,31
2023-05-09 21:19:35,pb2403,pb2403,15335.0,0.0,0.0,0.0,1,15340.0,15385.0,1,15335.0,0.0,0.0,0.0,0.0,0.0,31
2023-05-09 21:19:35,pb2403,pb2403,15335.0,0.0,0.0,0.0,1,15340.0,15385.0,1,15335.0,0.0,0.0,0.0,0.0,0.0,31
2023-05-09 21:19:55,pb2403,pb2403,15335.0,0.0,0.0,0.0,1,15340.0,15385.0,1,15335.0,0.0,0.0,0.0,0.0,0.0,31
2023-05-09 21:19:56,pb2403,pb2403,15335.0,0.0,0.0,0.0,1,15340.0,15385.0,1,15335.0,0.0,0.0,0.0,0.0,0.0,31
2023-05-09 21:20:00,pb2403,pb2403,15335.0,0.0,0.0,0.0,1,15340.0,15385.0,1,15335.0,0.0,0.0,0.0,0.0,0.0,31
2023-05-09 21:20:01,pb2403,pb2403,15335.0,0.0,0.0,0.0,1,15340.0,15380.0,1,15335.0,0.0,0.0,0.0,0.0,0.0,31
2023-05-09 21:20:38,pb2403,pb2403,15335.0,0.0,0.0,0.0,1,15340.0,15380.0,1,15335.0,0.0,0.0,0.0,0.0,0.0,31
2023-05-09 21:21:06,pb2403,pb2403,15335.0,0.0,0.0,0.0,1,15255.0,15380.0,1,15335.0,0.0,0.0,0.0,0.0,0.0,31
2023-05-09 21:21:06,pb2403,pb2403,15335.0,0.0,0.0,0.0,4,15260.0,15380.0,1,15335.0,0.0,0.0,0.0,0.0,0.0,31
2023-05-09 21:21:07,pb2403,pb2403,15335.0,0.0,0.0,0.0,5,15260.0,15380.0,1,15335.0,0.0,0.0,0.0,0.0,0.0,31
2023-05-09 21:21:07,pb2403,pb2403,15335.0,0.0,0.0,0.0,6,15260.0,15380.0,1,15335.0,0.0,0.0,0.0,0.0,0.0,31
2023-05-09 21:21:15,pb2403,pb2403,15335.0,0.0,0.0,0.0,6,15260.0,15375.0,1,15335.0,0.0,0.0,0.0,0.0,0.0,31
2023-05-09 21:21:24,pb2403,pb2403,15335.0,0.0,0.0,0.0,6,15260.0,15375.0,1,15335.0,0.0,0.0,0.0,0.0,0.0,31
2023-05-09 21:21:25,pb2403,pb2403,15335.0,0.0,0.0,0.0,6,15260.0,15375.0,1,15335.0,0.0,0.0,0.0,0.0,0.0,31
2023-05-09 21:22:05,pb2403,pb2403,15335.0,0.0,0.0,0.0,4,15260.0,15375.0,1,15335.0,0.0,0.0,0.0,0.0,0.0,31
2023-05-09 21:22:20,pb2403,pb2403,15335.0,0.0,0.0,0.0,4,15260.0,15370.0,2,15335.0,0.0,0.0,0.0,0.0,0.0,31
2023-05-09 21:22:21,pb2403,pb2403,15335.0,0.0,0.0,0.0,4,15260.0,15370.0,3,15335.0,0.0,0.0,0.0,0.0,0.0,31
2023-05-09 21:22:21,pb2403,pb2403,15335.0,0.0,0.0,0.0,4,15260.0,15370.0,3,15335.0,0.0,0.0,0.0,0.0,0.0,31
2023-05-09 21:22:26,pb2403,pb2403,15335.0,0.0,0.0,0.0,4,15260.0,15375.0,1,15335.0,0.0,0.0,0.0,0.0,0.0,31
2023-05-09 21:23:09,pb2403,pb2403,15335.0,0.0,0.0,0.0,1,15265.0,15375.0,1,15335.0,0.0,0.0,0.0,0.0,0.0,31
2023-05-09 21:23:10,pb2403,pb2403,15335.0,0.0,0.0,0.0,1,15270.0,15375.0,1,15335.0,0.0,0.0,0.0,0.0,0.0,31
2023-05-09 21:23:10,pb2403,pb2403,15335.0,0.0,0.0,0.0,1,15270.0,15375.0,1,15335.0,0.0,0.0,0.0,0.0,0.0,31
2023-05-09 21:23:11,pb2403,pb2403,15335.0,0.0,0.0,0.0,1,15270.0,15375.0,1,15335.0,0.0,0.0,0.0,0.0,0.0,31
2023-05-09 21:23:12,pb2403,pb2403,15335.0,0.0,0.0,0.0,1,15275.0,15375.0,1,15335.0,0.0,0.0,0.0,0.0,0.0,31
2023-05-09 21:23:12,pb2403,pb2403,15335.0,0.0,0.0,0.0,1,15280.0,15375.0,1,15335.0,0.0,0.0,0.0,0.0,0.0,31
2023-05-09 21:23:15,pb2403,pb2403,15335.0,0.0,0.0,0.0,1,15280.0,15375.0,1,15335.0,0.0,0.0,0.0,0.0,0.0,31
2023-05-09 21:23:15,pb2403,pb2403,15335.0,0.0,0.0,0.0,1,15285.0,15375.0,1,15335.0,0.0,0.0,0.0,0.0,0.0,31
2023-05-09 21:23:16,pb2403,pb2403,15335.0,0.0,0.0,0.0,1,15290.0,15375.0,1,15335.0,0.0,0.0,0.0,0.0,0.0,31
2023-05-09 21:23:17,pb2403,pb2403,15335.0,0.0,0.0,0.0,1,15295.0,15375.0,1,15335.0,0.0,0.0,0.0,0.0,0.0,31
2023-05-09 21:23:18,pb2403,pb2403,15335.0,0.0,0.0,0.0,1,15295.0,15375.0,1,15335.0,0.0,0.0,0.0,0.0,0.0,31
2023-05-09 21:23:22,pb2403,pb2403,15335.0,0.0,0.0,0.0,1,15295.0,15375.0,1,15335.0,0.0,0.0,0.0,0.0,0.0,31
2023-05-09 21:23:23,pb2403,pb2403,15335.0,0.0,0.0,0.0,1,15300.0,15375.0,1,15335.0,0.0,0.0,0.0,0.0,0.0,31
2023-05-09 21:23:23,pb2403,pb2403,15335.0,0.0,0.0,0.0,1,15300.0,15375.0,1,15335.0,0.0,0.0,0.0,0.0,0.0,31
2023-05-09 21:23:44,pb2403,pb2403,15335.0,0.0,0.0,0.0,1,15300.0,15375.0,1,15335.0,0.0,0.0,0.0,0.0,0.0,31
2023-05-09 21:23:44,pb2403,pb2403,15335.0,0.0,0.0,0.0,1,15300.0,15375.0,1,15335.0,0.0,0.0,0.0,0.0,0.0,31
2023-05-09 21:24:51,pb2403,pb2403,15335.0,0.0,0.0,0.0,1,15300.0,15375.0,1,15335.0,0.0,0.0,0.0,0.0,0.0,31
2023-05-09 21:24:51,pb2403,pb2403,15335.0,0.0,0.0,0.0,1,15300.0,15375.0,1,15335.0,0.0,0.0,0.0,0.0,0.0,31
2023-05-09 21:25:45,pb2403,pb2403,15335.0,0.0,0.0,0.0,1,15300.0,15375.0,1,15335.0,0.0,0.0,0.0,0.0,0.0,31
2023-05-09 21:25:45,pb2403,pb2403,15335.0,0.0,0.0,0.0,1,15300.0,15375.0,1,15335.0,0.0,0.0,0.0,0.0,0.0,31
2023-05-09 21:25:47,pb2403,pb2403,15335.0,0.0,0.0,0.0,1,15300.0,15375.0,1,15335.0,0.0,0.0,0.0,0.0,0.0,31
2023-05-09 21:25:48,pb2403,pb2403,15335.0,0.0,0.0,0.0,1,15300.0,15375.0,1,15335.0,0.0,0.0,0.0,0.0,0.0,31
2023-05-09 21:26:10,pb2403,pb2403,15335.0,0.0,0.0,0.0,1,15300.0,15375.0,1,15335.0,0.0,0.0,0.0,0.0,0.0,31
2023-05-09 21:26:11,pb2403,pb2403,15335.0,0.0,0.0,0.0,1,15300.0,15375.0,1,15335.0,0.0,0.0,0.0,0.0,0.0,31
2023-05-09 21:26:14,pb2403,pb2403,15335.0,0.0,0.0,0.0,1,15300.0,15430.0,1,15335.0,0.0,0.0,0.0,0.0,0.0,31
2023-05-09 21:26:14,pb2403,pb2403,15335.0,0.0,0.0,0.0,1,15300.0,15425.0,6,15335.0,0.0,0.0,0.0,0.0,0.0,31
2023-05-09 21:26:15,pb2403,pb2403,15335.0,0.0,0.0,0.0,1,15300.0,15425.0,6,15335.0,0.0,0.0,0.0,0.0,0.0,31
2023-05-09 21:26:17,pb2403,pb2403,15335.0,0.0,0.0,0.0,1,15300.0,15420.0,1,15335.0,0.0,0.0,0.0,0.0,0.0,31
2023-05-09 21:26:18,pb2403,pb2403,15335.0,0.0,0.0,0.0,1,15300.0,15415.0,1,15335.0,0.0,0.0,0.0,0.0,0.0,31
2023-05-09 21:26:18,pb2403,pb2403,15335.0,0.0,0.0,0.0,1,15300.0,15395.0,1,15335.0,0.0,0.0,0.0,0.0,0.0,31
2023-05-09 21:26:19,pb2403,pb2403,15335.0,0.0,0.0,0.0,1,15300.0,15395.0,1,15335.0,0.0,0.0,0.0,0.0,0.0,31
2023-05-09 21:26:19,pb2403,pb2403,15335.0,0.0,0.0,0.0,1,15300.0,15395.0,1,15335.0,0.0,0.0,0.0,0.0,0.0,31
2023-05-09 21:26:20,pb2403,pb2403,15335.0,0.0,0.0,0.0,1,15300.0,15395.0,3,15335.0,0.0,0.0,0.0,0.0,0.0,31
2023-05-09 21:26:20,pb2403,pb2403,15335.0,0.0,0.0,0.0,1,15300.0,15395.0,3,15335.0,0.0,0.0,0.0,0.0,0.0,31
2023-05-09 21:26:21,pb2403,pb2403,15335.0,0.0,0.0,0.0,1,15300.0,15395.0,3,15335.0,0.0,0.0,0.0,0.0,0.0,31
2023-05-09 21:26:38,pb2403,pb2403,15335.0,0.0,0.0,0.0,1,15300.0,15395.0,3,15335.0,0.0,0.0,0.0,0.0,0.0,31
2023-05-09 21:26:39,pb2403,pb2403,15335.0,0.0,0.0,0.0,1,15300.0,15395.0,3,15335.0,0.0,0.0,0.0,0.0,0.0,31
2023-05-09 21:26:47,pb2403,pb2403,15335.0,0.0,0.0,0.0,1,15305.0,15395.0,3,15335.0,0.0,0.0,0.0,0.0,0.0,31
2023-05-09 21:26:48,pb2403,pb2403,15335.0,0.0,0.0,0.0,1,15305.0,15395.0,3,15335.0,0.0,0.0,0.0,0.0,0.0,31
2023-05-09 21:26:48,pb2403,pb2403,15335.0,0.0,0.0,0.0,1,15310.0,15395.0,3,15335.0,0.0,0.0,0.0,0.0,0.0,31
2023-05-09 21:26:49,pb2403,pb2403,15335.0,0.0,0.0,0.0,1,15310.0,15395.0,3,15335.0,0.0,0.0,0.0,0.0,0.0,31
2023-05-09 21:26:49,pb2403,pb2403,15335.0,0.0,0.0,0.0,1,15310.0,15395.0,3,15335.0,0.0,0.0,0.0,0.0,0.0,31
2023-05-09 21:26:55,pb2403,pb2403,15335.0,0.0,0.0,0.0,1,15310.0,15395.0,3,15335.0,0.0,0.0,0.0,0.0,0.0,31
2023-05-09 21:27:01,pb2403,pb2403,15335.0,0.0,0.0,0.0,1,15310.0,15390.0,1,15335.0,0.0,0.0,0.0,0.0,0.0,31
2023-05-09 21:27:26,pb2403,pb2403,15335.0,0.0,0.0,0.0,1,15310.0,15390.0,1,15335.0,0.0,0.0,0.0,0.0,0.0,31
2023-05-09 21:27:27,pb2403,pb2403,15335.0,0.0,0.0,0.0,1,15310.0,15390.0,1,15335.0,0.0,0.0,0.0,0.0,0.0,31
2023-05-09 21:28:10,pb2403,pb2403,15335.0,0.0,0.0,0.0,1,15310.0,15390.0,1,15335.0,0.0,0.0,0.0,0.0,0.0,31
2023-05-09 21:28:11,pb2403,pb2403,15335.0,0.0,0.0,0.0,1,15310.0,15390.0,1,15335.0,0.0,0.0,0.0,0.0,0.0,31
2023-05-09 21:28:35,pb2403,pb2403,15335.0,0.0,0.0,0.0,1,15310.0,15390.0,1,15335.0,0.0,0.0,0.0,0.0,0.0,31
2023-05-09 21:28:35,pb2403,pb2403,15335.0,0.0,0.0,0.0,1,15310.0,15390.0,1,15335.0,0.0,0.0,0.0,0.0,0.0,31
2023-05-09 21:28:59,pb2403,pb2403,15335.0,0.0,0.0,0.0,1,15310.0,15390.0,1,15335.0,0.0,0.0,0.0,0.0,0.0,31
2023-05-09 21:28:59,pb2403,pb2403,15335.0,0.0,0.0,0.0,1,15310.0,15390.0,1,15335.0,0.0,0.0,0.0,0.0,0.0,31
2023-05-09 21:29:18,pb2403,pb2403,15335.0,0.0,0.0,0.0,1,15310.0,15390.0,1,15335.0,0.0,0.0,0.0,0.0,0.0,31
2023-05-09 21:29:19,pb2403,pb2403,15335.0,0.0,0.0,0.0,1,15310.0,15390.0,1,15335.0,0.0,0.0,0.0,0.0,0.0,31
2023-05-09 21:29:24,pb2403,pb2403,15335.0,0.0,0.0,0.0,1,15310.0,15390.0,1,15335.0,0.0,0.0,0.0,0.0,0.0,31
2023-05-09 21:29:24,pb2403,pb2403,15335.0,0.0,0.0,0.0,1,15310.0,15390.0,1,15335.0,0.0,0.0,0.0,0.0,0.0,31
2023-05-09 21:30:00,pb2403,pb2403,15335.0,0.0,0.0,0.0,1,15310.0,15390.0,1,15335.0,0.0,0.0,0.0,0.0,0.0,31
2023-05-09 21:30:01,pb2403,pb2403,15335.0,0.0,0.0,0.0,1,15310.0,15385.0,2,15335.0,0.0,0.0,0.0,0.0,0.0,31
2023-05-09 21:30:25,pb2403,pb2403,15335.0,0.0,0.0,0.0,1,15315.0,15385.0,2,15335.0,0.0,0.0,0.0,0.0,0.0,31
2023-05-09 21:30:27,pb2403,pb2403,15335.0,0.0,0.0,0.0,1,15315.0,15385.0,2,15335.0,0.0,0.0,0.0,0.0,0.0,31
2023-05-09 21:30:28,pb2403,pb2403,15335.0,0.0,0.0,0.0,1,15320.0,15385.0,2,15335.0,0.0,0.0,0.0,0.0,0.0,31
2023-05-09 21:30:28,pb2403,pb2403,15335.0,0.0,0.0,0.0,1,15320.0,15385.0,2,15335.0,0.0,0.0,0.0,0.0,0.0,31
2023-05-09 21:30:39,pb2403,pb2403,15335.0,0.0,0.0,0.0,1,15320.0,15385.0,2,15335.0,0.0,0.0,0.0,0.0,0.0,31
2023-05-09 21:30:43,pb2403,pb2403,15335.0,0.0,0.0,0.0,1,15320.0,15385.0,2,15335.0,0.0,0.0,0.0,0.0,0.0,31
2023-05-09 21:30:43,pb2403,pb2403,15335.0,0.0,0.0,0.0,1,15320.0,15385.0,2,15335.0,0.0,0.0,0.0,0.0,0.0,31
2023-05-09 21:30:45,pb2403,pb2403,15335.0,0.0,0.0,0.0,1,15320.0,15385.0,2,15335.0,0.0,0.0,0.0,0.0,0.0,31
2023-05-09 21:30:46,pb2403,pb2403,15335.0,0.0,0.0,0.0,1,15320.0,15385.0,2,15335.0,0.0,0.0,0.0,0.0,0.0,31
2023-05-09 21:31:08,pb2403,pb2403,15335.0,0.0,0.0,0.0,1,15325.0,15385.0,2,15335.0,0.0,0.0,0.0,0.0,0.0,31
2023-05-09 21:31:09,pb2403,pb2403,15335.0,0.0,0.0,0.0,1,15325.0,15385.0,2,15335.0,0.0,0.0,0.0,0.0,0.0,31
2023-05-09 21:31:09,pb2403,pb2403,15335.0,0.0,0.0,0.0,1,15330.0,15385.0,2,15335.0,0.0,0.0,0.0,0.0,0.0,31
2023-05-09 21:31:10,pb2403,pb2403,15335.0,0.0,0.0,0.0,1,15330.0,15385.0,2,15335.0,0.0,0.0,0.0,0.0,0.0,31
2023-05-09 21:31:20,pb2403,pb2403,15335.0,0.0,0.0,0.0,1,15330.0,15380.0,1,15335.0,0.0,0.0,0.0,0.0,0.0,31
2023-05-09 21:31:42,pb2403,pb2403,15335.0,0.0,0.0,0.0,1,15330.0,15380.0,1,15335.0,0.0,0.0,0.0,0.0,0.0,31
2023-05-09 21:31:43,pb2403,pb2403,15335.0,0.0,0.0,0.0,1,15330.0,15380.0,1,15335.0,0.0,0.0,0.0,0.0,0.0,31
2023-05-09 21:31:57,pb2403,pb2403,15335.0,0.0,0.0,0.0,1,15330.0,15380.0,1,15335.0,0.0,0.0,0.0,0.0,0.0,31
2023-05-09 21:31:58,pb2403,pb2403,15335.0,0.0,0.0,0.0,1,15330.0,15380.0,1,15335.0,0.0,0.0,0.0,0.0,0.0,31
2023-05-09 21:32:52,pb2403,pb2403,15335.0,0.0,0.0,0.0,1,15330.0,15380.0,1,15335.0,0.0,0.0,0.0,0.0,0.0,31
2023-05-09 21:32:53,pb2403,pb2403,15335.0,0.0,0.0,0.0,1,15330.0,15380.0,1,15335.0,0.0,0.0,0.0,0.0,0.0,31
2023-05-09 21:32:59,pb2403,pb2403,15335.0,0.0,0.0,0.0,1,15330.0,15380.0,1,15335.0,0.0,0.0,0.0,0.0,0.0,31
2023-05-09 21:32:59,pb2403,pb2403,15335.0,0.0,0.0,0.0,1,15330.0,15380.0,1,15335.0,0.0,0.0,0.0,0.0,0.0,31
2023-05-09 21:33:14,pb2403,pb2403,15335.0,0.0,0.0,0.0,1,15330.0,15380.0,1,15335.0,0.0,0.0,0.0,0.0,0.0,31
2023-05-09 21:33:43,pb2403,pb2403,15335.0,0.0,0.0,0.0,1,15330.0,15380.0,1,15335.0,0.0,0.0,0.0,0.0,0.0,31
2023-05-09 21:33:44,pb2403,pb2403,15335.0,0.0,0.0,0.0,1,15330.0,15380.0,1,15335.0,0.0,0.0,0.0,0.0,0.0,31
2023-05-09 21:35:01,pb2403,pb2403,15335.0,0.0,0.0,0.0,1,15330.0,15375.0,3,15335.0,0.0,0.0,0.0,0.0,0.0,31
2023-05-09 21:35:03,pb2403,pb2403,15335.0,0.0,0.0,0.0,1,15330.0,15375.0,3,15335.0,0.0,0.0,0.0,0.0,0.0,31
2023-05-09 21:35:03,pb2403,pb2403,15335.0,0.0,0.0,0.0,1,15330.0,15375.0,3,15335.0,0.0,0.0,0.0,0.0,0.0,31
2023-05-09 21:35:39,pb2403,pb2403,15335.0,0.0,0.0,0.0,1,15330.0,15375.0,3,15335.0,0.0,0.0,0.0,0.0,0.0,31
2023-05-09 21:36:20,pb2403,pb2403,15335.0,0.0,0.0,0.0,1,15330.0,15370.0,1,15335.0,0.0,0.0,0.0,0.0,0.0,31
2023-05-09 21:36:26,pb2403,pb2403,15335.0,0.0,0.0,0.0,1,15330.0,15370.0,1,15335.0,0.0,0.0,0.0,0.0,0.0,31
2023-05-09 21:36:40,pb2403,pb2403,15335.0,0.0,0.0,0.0,1,15330.0,15370.0,1,15335.0,0.0,0.0,0.0,0.0,0.0,31
2023-05-09 21:36:40,pb2403,pb2403,15335.0,0.0,0.0,0.0,1,15330.0,15370.0,1,15335.0,0.0,0.0,0.0,0.0,0.0,31
2023-05-09 21:37:03,pb2403,pb2403,15335.0,0.0,0.0,0.0,1,15330.0,15370.0,1,15335.0,0.0,0.0,0.0,0.0,0.0,31
2023-05-09 21:37:04,pb2403,pb2403,15335.0,0.0,0.0,0.0,1,15330.0,15370.0,1,15335.0,0.0,0.0,0.0,0.0,0.0,31
2023-05-09 21:37:34,pb2403,pb2403,15335.0,0.0,0.0,0.0,1,15335.0,15370.0,1,15335.0,0.0,0.0,0.0,0.0,0.0,31
2023-05-09 21:37:35,pb2403,pb2403,15335.0,0.0,0.0,0.0,1,15335.0,15430.0,1,15335.0,0.0,0.0,0.0,0.0,0.0,31
2023-05-09 21:37:36,pb2403,pb2403,15335.0,0.0,0.0,0.0,1,15335.0,15425.0,6,15335.0,0.0,0.0,0.0,0.0,0.0,31
2023-05-09 21:37:39,pb2403,pb2403,15335.0,0.0,0.0,0.0,1,15335.0,15425.0,7,15335.0,0.0,0.0,0.0,0.0,0.0,31
2023-05-09 21:37:44,pb2403,pb2403,15335.0,0.0,0.0,0.0,1,15335.0,15425.0,7,15335.0,0.0,0.0,0.0,0.0,0.0,31
2023-05-09 21:37:44,pb2403,pb2403,15335.0,0.0,0.0,0.0,2,15335.0,15420.0,1,15335.0,0.0,0.0,0.0,0.0,0.0,31
2023-05-09 21:37:45,pb2403,pb2403,15335.0,0.0,0.0,0.0,2,15335.0,15415.0,1,15335.0,0.0,0.0,0.0,0.0,0.0,31
2023-05-09 21:37:45,pb2403,pb2403,15335.0,0.0,0.0,0.0,2,15335.0,15395.0,1,15335.0,0.0,0.0,0.0,0.0,0.0,31
2023-05-09 21:37:46,pb2403,pb2403,15335.0,0.0,0.0,0.0,2,15335.0,15395.0,3,15335.0,0.0,0.0,0.0,0.0,0.0,31
2023-05-09 21:38:22,pb2403,pb2403,15335.0,0.0,0.0,0.0,2,15335.0,15395.0,3,15335.0,0.0,0.0,0.0,0.0,0.0,31
2023-05-09 21:38:27,pb2403,pb2403,15335.0,0.0,0.0,0.0,2,15335.0,15390.0,1,15335.0,0.0,0.0,0.0,0.0,0.0,31
2023-05-09 21:38:27,pb2403,pb2403,15335.0,0.0,0.0,0.0,2,15335.0,15390.0,1,15335.0,0.0,0.0,0.0,0.0,0.0,31
2023-05-09 21:38:28,pb2403,pb2403,15335.0,0.0,0.0,0.0,2,15335.0,15385.0,3,15335.0,0.0,0.0,0.0,0.0,0.0,31
2023-05-09 21:39:06,pb2403,pb2403,15335.0,0.0,0.0,0.0,2,15335.0,15385.0,3,15335.0,0.0,0.0,0.0,0.0,0.0,31
2023-05-09 21:39:09,pb2403,pb2403,15335.0,0.0,0.0,0.0,2,15335.0,15380.0,1,15335.0,0.0,0.0,0.0,0.0,0.0,31
2023-05-09 21:39:36,pb2403,pb2403,15335.0,0.0,0.0,0.0,2,15335.0,15380.0,1,15335.0,0.0,0.0,0.0,0.0,0.0,31
2023-05-09 21:39:37,pb2403,pb2403,15335.0,0.0,0.0,0.0,2,15335.0,15380.0,1,15335.0,0.0,0.0,0.0,0.0,0.0,31
2023-05-09 21:40:18,pb2403,pb2403,15335.0,0.0,0.0,0.0,1,15335.0,15380.0,1,15335.0,0.0,0.0,0.0,0.0,0.0,31
2023-05-09 21:40:37,pb2403,pb2403,15335.0,0.0,0.0,0.0,1,15335.0,15380.0,1,15335.0,0.0,0.0,0.0,0.0,0.0,31
2023-05-09 21:40:38,pb2403,pb2403,15335.0,0.0,0.0,0.0,1,15335.0,15375.0,1,15335.0,0.0,0.0,0.0,0.0,0.0,31
2023-05-09 21:40:38,pb2403,pb2403,15335.0,0.0,0.0,0.0,1,15335.0,15375.0,3,15335.0,0.0,0.0,0.0,0.0,0.0,31
2023-05-09 21:41:15,pb2403,pb2403,15335.0,0.0,0.0,0.0,1,15335.0,15375.0,3,15335.0,0.0,0.0,0.0,0.0,0.0,31
2023-05-09 21:41:18,pb2403,pb2403,15335.0,0.0,0.0,0.0,1,15335.0,15370.0,1,15335.0,0.0,0.0,0.0,0.0,0.0,31
2023-05-09 21:41:19,pb2403,pb2403,15335.0,0.0,0.0,0.0,1,15335.0,15375.0,3,15335.0,0.0,0.0,0.0,0.0,0.0,31
2023-05-09 21:41:25,pb2403,pb2403,15335.0,0.0,0.0,0.0,1,15335.0,15375.0,3,15335.0,0.0,0.0,0.0,0.0,0.0,31
2023-05-09 21:41:25,pb2403,pb2403,15335.0,0.0,0.0,0.0,1,15335.0,15375.0,3,15335.0,0.0,0.0,0.0,0.0,0.0,31
2023-05-09 21:42:00,pb2403,pb2403,15335.0,0.0,0.0,0.0,1,15335.0,15370.0,1,15335.0,0.0,0.0,0.0,0.0,0.0,31
2023-05-09 21:42:01,pb2403,pb2403,15335.0,0.0,0.0,0.0,1,15335.0,15375.0,3,15335.0,0.0,0.0,0.0,0.0,0.0,31
2023-05-09 21:42:42,pb2403,pb2403,15335.0,0.0,0.0,0.0,1,15335.0,15370.0,1,15335.0,0.0,0.0,0.0,0.0,0.0,31
2023-05-09 21:42:43,pb2403,pb2403,15335.0,0.0,0.0,0.0,1,15335.0,15370.0,1,15335.0,0.0,0.0,0.0,0.0,0.0,31
2023-05-09 21:42:44,pb2403,pb2403,15335.0,0.0,0.0,0.0,1,15335.0,15370.0,1,15335.0,0.0,0.0,0.0,0.0,0.0,31
2023-05-09 21:42:44,pb2403,pb2403,15335.0,0.0,0.0,0.0,1,15335.0,15375.0,3,15335.0,0.0,0.0,0.0,0.0,0.0,31
2023-05-09 21:43:01,pb2403,pb2403,15335.0,0.0,0.0,0.0,1,15335.0,15375.0,3,15335.0,0.0,0.0,0.0,0.0,0.0,31
2023-05-09 21:43:02,pb2403,pb2403,15335.0,0.0,0.0,0.0,1,15335.0,15375.0,3,15335.0,0.0,0.0,0.0,0.0,0.0,31
2023-05-09 21:43:26,pb2403,pb2403,15335.0,0.0,0.0,0.0,1,15335.0,15370.0,1,15335.0,0.0,0.0,0.0,0.0,0.0,31
2023-05-09 21:43:28,pb2403,pb2403,15335.0,0.0,0.0,0.0,1,15335.0,15375.0,3,15335.0,0.0,0.0,0.0,0.0,0.0,31
2023-05-09 21:43:43,pb2403,pb2403,15335.0,0.0,0.0,0.0,1,15335.0,15425.0,1,15335.0,0.0,0.0,0.0,0.0,0.0,31
2023-05-09 21:43:44,pb2403,pb2403,15335.0,0.0,0.0,0.0,1,15260.0,15420.0,3,15335.0,0.0,0.0,0.0,0.0,0.0,31
2023-05-09 21:43:44,pb2403,pb2403,15335.0,0.0,0.0,0.0,1,15340.0,15415.0,2,15335.0,0.0,0.0,0.0,0.0,0.0,31
2023-05-09 21:43:45,pb2403,pb2403,15335.0,0.0,0.0,0.0,1,15340.0,15410.0,1,15335.0,0.0,0.0,0.0,0.0,0.0,31
2023-05-09 21:43:45,pb2403,pb2403,15335.0,0.0,0.0,0.0,1,15340.0,15410.0,1,15335.0,0.0,0.0,0.0,0.0,0.0,31
2023-05-09 21:43:46,pb2403,pb2403,15335.0,0.0,0.0,0.0,1,15340.0,15385.0,1,15335.0,0.0,0.0,0.0,0.0,0.0,31
2023-05-09 21:43:46,pb2403,pb2403,15335.0,0.0,0.0,0.0,1,15340.0,15385.0,1,15335.0,0.0,0.0,0.0,0.0,0.0,31
2023-05-09 21:43:49,pb2403,pb2403,15335.0,0.0,0.0,0.0,1,15340.0,15385.0,1,15335.0,0.0,0.0,0.0,0.0,0.0,31
2023-05-09 21:43:49,pb2403,pb2403,15335.0,0.0,0.0,0.0,1,15340.0,15385.0,1,15335.0,0.0,0.0,0.0,0.0,0.0,31
2023-05-09 21:44:04,pb2403,pb2403,15335.0,0.0,0.0,0.0,1,15340.0,15385.0,1,15335.0,0.0,0.0,0.0,0.0,0.0,31
2023-05-09 21:44:05,pb2403,pb2403,15335.0,0.0,0.0,0.0,1,15340.0,15385.0,1,15335.0,0.0,0.0,0.0,0.0,0.0,31
2023-05-09 21:44:09,pb2403,pb2403,15335.0,0.0,0.0,0.0,1,15340.0,15380.0,1,15335.0,0.0,0.0,0.0,0.0,0.0,31
2023-05-09 21:44:16,pb2403,pb2403,15335.0,0.0,0.0,0.0,1,15340.0,15380.0,1,15335.0,0.0,0.0,0.0,0.0,0.0,31
2023-05-09 21:45:09,pb2403,pb2403,15335.0,0.0,0.0,0.0,1,15340.0,15380.0,1,15335.0,0.0,0.0,0.0,0.0,0.0,31
2023-05-09 21:45:09,pb2403,pb2403,15335.0,0.0,0.0,0.0,1,15340.0,15380.0,1,15335.0,0.0,0.0,0.0,0.0,0.0,31
2023-05-09 21:45:58,pb2403,pb2403,15335.0,0.0,0.0,0.0,1,15340.0,15380.0,1,15335.0,0.0,0.0,0.0,0.0,0.0,31
2023-05-09 21:45:58,pb2403,pb2403,15335.0,0.0,0.0,0.0,1,15340.0,15380.0,1,15335.0,0.0,0.0,0.0,0.0,0.0,31
2023-05-09 21:46:16,pb2403,pb2403,15335.0,0.0,0.0,0.0,1,15340.0,15380.0,1,15335.0,0.0,0.0,0.0,0.0,0.0,31
2023-05-09 21:46:17,pb2403,pb2403,15335.0,0.0,0.0,0.0,1,15340.0,15380.0,1,15335.0,0.0,0.0,0.0,0.0,0.0,31
2023-05-09 21:46:25,pb2403,pb2403,15335.0,0.0,0.0,0.0,1,15310.0,15380.0,1,15335.0,0.0,0.0,0.0,0.0,0.0,31
2023-05-09 21:46:25,pb2403,pb2403,15335.0,0.0,0.0,0.0,1,15315.0,15380.0,1,15335.0,0.0,0.0,0.0,0.0,0.0,31
2023-05-09 21:47:00,pb2403,pb2403,15335.0,0.0,0.0,0.0,1,15315.0,15380.0,1,15335.0,0.0,0.0,0.0,0.0,0.0,31
2023-05-09 21:47:01,pb2403,pb2403,15335.0,0.0,0.0,0.0,1,15315.0,15375.0,3,15335.0,0.0,0.0,0.0,0.0,0.0,31
2023-05-09 21:47:38,pb2403,pb2403,15335.0,0.0,0.0,0.0,1,15315.0,15375.0,3,15335.0,0.0,0.0,0.0,0.0,0.0,31
2023-05-09 21:47:41,pb2403,pb2403,15335.0,0.0,0.0,0.0,1,15315.0,15370.0,1,15335.0,0.0,0.0,0.0,0.0,0.0,31
2023-05-09 21:48:01,pb2403,pb2403,15335.0,0.0,0.0,0.0,1,15315.0,15370.0,1,15335.0,0.0,0.0,0.0,0.0,0.0,31
2023-05-09 21:48:01,pb2403,pb2403,15335.0,0.0,0.0,0.0,1,15315.0,15370.0,1,15335.0,0.0,0.0,0.0,0.0,0.0,31
2023-05-09 21:48:02,pb2403,pb2403,15335.0,0.0,0.0,0.0,1,15315.0,15370.0,1,15335.0,0.0,0.0,0.0,0.0,0.0,31
2023-05-09 21:48:09,pb2403,pb2403,15335.0,0.0,0.0,0.0,1,15315.0,15370.0,1,15335.0,0.0,0.0,0.0,0.0,0.0,31
2023-05-09 21:48:10,pb2403,pb2403,15335.0,0.0,0.0,0.0,1,15315.0,15370.0,1,15335.0,0.0,0.0,0.0,0.0,0.0,31
2023-05-09 21:48:29,pb2403,pb2403,15335.0,0.0,0.0,0.0,1,15320.0,15370.0,1,15335.0,0.0,0.0,0.0,0.0,0.0,31
2023-05-09 21:48:33,pb2403,pb2403,15335.0,0.0,0.0,0.0,1,15320.0,15370.0,1,15335.0,0.0,0.0,0.0,0.0,0.0,31
2023-05-09 21:48:33,pb2403,pb2403,15335.0,0.0,0.0,0.0,1,15325.0,15370.0,1,15335.0,0.0,0.0,0.0,0.0,0.0,31
2023-05-09 21:48:34,pb2403,pb2403,15335.0,0.0,0.0,0.0,1,15325.0,15370.0,1,15335.0,0.0,0.0,0.0,0.0,0.0,31
2023-05-09 21:49:14,pb2403,pb2403,15335.0,0.0,0.0,0.0,1,15325.0,15370.0,1,15335.0,0.0,0.0,0.0,0.0,0.0,31
2023-05-09 21:49:14,pb2403,pb2403,15335.0,0.0,0.0,0.0,1,15325.0,15370.0,1,15335.0,0.0,0.0,0.0,0.0,0.0,31
2023-05-09 21:50:05,pb2403,pb2403,15335.0,0.0,0.0,0.0,1,15325.0,15370.0,1,15335.0,0.0,0.0,0.0,0.0,0.0,31
2023-05-09 21:50:19,pb2403,pb2403,15335.0,0.0,0.0,0.0,1,15325.0,15370.0,1,15335.0,0.0,0.0,0.0,0.0,0.0,31
2023-05-09 21:50:19,pb2403,pb2403,15335.0,0.0,0.0,0.0,1,15325.0,15370.0,1,15335.0,0.0,0.0,0.0,0.0,0.0,31
2023-05-09 21:50:37,pb2403,pb2403,15335.0,0.0,0.0,0.0,1,15325.0,15370.0,1,15335.0,0.0,0.0,0.0,0.0,0.0,31
2023-05-09 21:50:38,pb2403,pb2403,15335.0,0.0,0.0,0.0,1,15325.0,15370.0,1,15335.0,0.0,0.0,0.0,0.0,0.0,31
2023-05-09 21:51:09,pb2403,pb2403,15335.0,0.0,0.0,0.0,1,15325.0,15370.0,1,15335.0,0.0,0.0,0.0,0.0,0.0,31
2023-05-09 21:51:10,pb2403,pb2403,15335.0,0.0,0.0,0.0,1,15325.0,15370.0,1,15335.0,0.0,0.0,0.0,0.0,0.0,31
2023-05-09 21:52:27,pb2403,pb2403,15335.0,0.0,0.0,0.0,1,15325.0,15370.0,1,15335.0,0.0,0.0,0.0,0.0,0.0,31
2023-05-09 21:52:28,pb2403,pb2403,15335.0,0.0,0.0,0.0,1,15325.0,15370.0,1,15335.0,0.0,0.0,0.0,0.0,0.0,31
2023-05-09 21:52:41,pb2403,pb2403,15335.0,0.0,0.0,0.0,1,15325.0,15375.0,2,15335.0,0.0,0.0,0.0,0.0,0.0,31
2023-05-09 21:52:45,pb2403,pb2403,15335.0,0.0,0.0,0.0,1,15325.0,15370.0,1,15335.0,0.0,0.0,0.0,0.0,0.0,31
2023-05-09 21:54:00,pb2403,pb2403,15335.0,0.0,0.0,0.0,1,15325.0,15370.0,1,15335.0,0.0,0.0,0.0,0.0,0.0,31
2023-05-09 21:54:01,pb2403,pb2403,15335.0,0.0,0.0,0.0,1,15325.0,15370.0,1,15335.0,0.0,0.0,0.0,0.0,0.0,31
2023-05-09 21:54:15,pb2403,pb2403,15335.0,0.0,0.0,0.0,1,15325.0,15370.0,1,15335.0,0.0,0.0,0.0,0.0,0.0,31
2023-05-09 21:54:15,pb2403,pb2403,15335.0,0.0,0.0,0.0,1,15325.0,15370.0,1,15335.0,0.0,0.0,0.0,0.0,0.0,31
2023-05-09 21:54:26,pb2403,pb2403,15335.0,0.0,0.0,0.0,1,15325.0,15370.0,1,15335.0,0.0,0.0,0.0,0.0,0.0,31
2023-05-09 21:54:26,pb2403,pb2403,15335.0,0.0,0.0,0.0,1,15325.0,15370.0,1,15335.0,0.0,0.0,0.0,0.0,0.0,31
2023-05-09 21:54:40,pb2403,pb2403,15335.0,0.0,0.0,0.0,1,15325.0,15370.0,1,15335.0,0.0,0.0,0.0,0.0,0.0,31
2023-05-09 21:54:40,pb2403,pb2403,15335.0,0.0,0.0,0.0,1,15325.0,15370.0,1,15335.0,0.0,0.0,0.0,0.0,0.0,31
2023-05-09 21:55:11,pb2403,pb2403,15335.0,0.0,0.0,0.0,1,15325.0,15370.0,1,15335.0,0.0,0.0,0.0,0.0,0.0,31
2023-05-09 21:55:12,pb2403,pb2403,15335.0,0.0,0.0,0.0,1,15325.0,15370.0,1,15335.0,0.0,0.0,0.0,0.0,0.0,31
2023-05-09 21:55:33,pb2403,pb2403,15335.0,0.0,0.0,0.0,1,15325.0,15370.0,1,15335.0,0.0,0.0,0.0,0.0,0.0,31
2023-05-09 21:55:33,pb2403,pb2403,15335.0,0.0,0.0,0.0,1,15325.0,15370.0,1,15335.0,0.0,0.0,0.0,0.0,0.0,31
2023-05-09 21:55:45,pb2403,pb2403,15335.0,0.0,0.0,0.0,1,15325.0,15370.0,1,15335.0,0.0,0.0,0.0,0.0,0.0,31
2023-05-09 21:55:46,pb2403,pb2403,15335.0,0.0,0.0,0.0,1,15325.0,15370.0,1,15335.0,0.0,0.0,0.0,0.0,0.0,31
2023-05-09 21:56:11,pb2403,pb2403,15335.0,0.0,0.0,0.0,1,15325.0,15370.0,1,15335.0,0.0,0.0,0.0,0.0,0.0,31
2023-05-09 21:56:12,pb2403,pb2403,15335.0,0.0,0.0,0.0,1,15325.0,15370.0,1,15335.0,0.0,0.0,0.0,0.0,0.0,31
2023-05-09 21:56:40,pb2403,pb2403,15335.0,0.0,0.0,0.0,1,15325.0,15370.0,1,15335.0,0.0,0.0,0.0,0.0,0.0,31
2023-05-09 21:56:40,pb2403,pb2403,15335.0,0.0,0.0,0.0,1,15325.0,15370.0,1,15335.0,0.0,0.0,0.0,0.0,0.0,31
2023-05-09 21:56:47,pb2403,pb2403,15335.0,0.0,0.0,0.0,1,15325.0,15370.0,1,15335.0,0.0,0.0,0.0,0.0,0.0,31
2023-05-09 21:56:47,pb2403,pb2403,15335.0,0.0,0.0,0.0,1,15325.0,15370.0,1,15335.0,0.0,0.0,0.0,0.0,0.0,31
2023-05-09 21:57:45,pb2403,pb2403,15335.0,0.0,0.0,0.0,1,15325.0,15375.0,2,15335.0,0.0,0.0,0.0,0.0,0.0,31
2023-05-09 21:58:27,pb2403,pb2403,15335.0,0.0,0.0,0.0,1,15325.0,15370.0,1,15335.0,0.0,0.0,0.0,0.0,0.0,31
2023-05-09 21:58:27,pb2403,pb2403,15335.0,0.0,0.0,0.0,1,15325.0,15370.0,1,15335.0,0.0,0.0,0.0,0.0,0.0,31
2023-05-09 21:58:35,pb2403,pb2403,15335.0,0.0,0.0,0.0,1,15325.0,15370.0,1,15335.0,0.0,0.0,0.0,0.0,0.0,31
2023-05-09 21:58:35,pb2403,pb2403,15335.0,0.0,0.0,0.0,1,15325.0,15370.0,1,15335.0,0.0,0.0,0.0,0.0,0.0,31
2023-05-09 21:58:49,pb2403,pb2403,15335.0,0.0,0.0,0.0,1,15325.0,15370.0,1,15335.0,0.0,0.0,0.0,0.0,0.0,31
2023-05-09 21:58:50,pb2403,pb2403,15335.0,0.0,0.0,0.0,1,15325.0,15370.0,1,15335.0,0.0,0.0,0.0,0.0,0.0,31
2023-05-09 21:59:12,pb2403,pb2403,15335.0,0.0,0.0,0.0,1,15325.0,15370.0,1,15335.0,0.0,0.0,0.0,0.0,0.0,31
2023-05-09 21:59:13,pb2403,pb2403,15335.0,0.0,0.0,0.0,1,15325.0,15370.0,1,15335.0,0.0,0.0,0.0,0.0,0.0,31
2023-05-09 22:00:59,pb2403,pb2403,15335.0,0.0,0.0,0.0,1,15325.0,15370.0,1,15335.0,0.0,0.0,0.0,0.0,0.0,31
2023-05-09 22:00:59,pb2403,pb2403,15335.0,0.0,0.0,0.0,1,15325.0,15370.0,1,15335.0,0.0,0.0,0.0,0.0,0.0,31
2023-05-09 22:01:04,pb2403,pb2403,15335.0,0.0,0.0,0.0,1,15325.0,15370.0,1,15335.0,0.0,0.0,0.0,0.0,0.0,31
2023-05-09 22:01:05,pb2403,pb2403,15335.0,0.0,0.0,0.0,1,15325.0,15370.0,1,15335.0,0.0,0.0,0.0,0.0,0.0,31
2023-05-09 22:02:20,pb2403,pb2403,15335.0,0.0,0.0,0.0,1,15325.0,15370.0,1,15335.0,0.0,0.0,0.0,0.0,0.0,31
2023-05-09 22:02:20,pb2403,pb2403,15335.0,0.0,0.0,0.0,1,15325.0,15370.0,1,15335.0,0.0,0.0,0.0,0.0,0.0,31
2023-05-09 22:03:24,pb2403,pb2403,15335.0,0.0,0.0,0.0,1,15325.0,15420.0,1,15335.0,0.0,0.0,0.0,0.0,0.0,31
2023-05-09 22:03:25,pb2403,pb2403,15335.0,0.0,0.0,0.0,1,15325.0,15415.0,6,15335.0,0.0,0.0,0.0,0.0,0.0,31
2023-05-09 22:03:28,pb2403,pb2403,15335.0,0.0,0.0,0.0,1,15325.0,15415.0,7,15335.0,0.0,0.0,0.0,0.0,0.0,31
2023-05-09 22:03:30,pb2403,pb2403,15335.0,0.0,0.0,0.0,1,15325.0,15410.0,1,15335.0,0.0,0.0,0.0,0.0,0.0,31
2023-05-09 22:03:30,pb2403,pb2403,15335.0,0.0,0.0,0.0,1,15325.0,15405.0,1,15335.0,0.0,0.0,0.0,0.0,0.0,31
2023-05-09 22:03:31,pb2403,pb2403,15335.0,0.0,0.0,0.0,1,15325.0,15385.0,1,15335.0,0.0,0.0,0.0,0.0,0.0,31
2023-05-09 22:03:31,pb2403,pb2403,15335.0,0.0,0.0,0.0,1,15325.0,15385.0,3,15335.0,0.0,0.0,0.0,0.0,0.0,31
2023-05-09 22:03:33,pb2403,pb2403,15335.0,0.0,0.0,0.0,1,15325.0,15385.0,3,15335.0,0.0,0.0,0.0,0.0,0.0,31
2023-05-09 22:03:33,pb2403,pb2403,15335.0,0.0,0.0,0.0,1,15325.0,15385.0,3,15335.0,0.0,0.0,0.0,0.0,0.0,31
2023-05-09 22:03:47,pb2403,pb2403,15335.0,0.0,0.0,0.0,1,15325.0,15385.0,3,15335.0,0.0,0.0,0.0,0.0,0.0,31
2023-05-09 22:03:47,pb2403,pb2403,15335.0,0.0,0.0,0.0,1,15325.0,15385.0,3,15335.0,0.0,0.0,0.0,0.0,0.0,31
2023-05-09 22:04:08,pb2403,pb2403,15335.0,0.0,0.0,0.0,1,15325.0,15385.0,3,15335.0,0.0,0.0,0.0,0.0,0.0,31
2023-05-09 22:04:14,pb2403,pb2403,15335.0,0.0,0.0,0.0,1,15325.0,15380.0,1,15335.0,0.0,0.0,0.0,0.0,0.0,31
2023-05-09 22:04:14,pb2403,pb2403,15335.0,0.0,0.0,0.0,1,15325.0,15380.0,1,15335.0,0.0,0.0,0.0,0.0,0.0,31
2023-05-09 22:04:15,pb2403,pb2403,15335.0,0.0,0.0,0.0,1,15325.0,15375.0,3,15335.0,0.0,0.0,0.0,0.0,0.0,31
2023-05-09 22:04:15,pb2403,pb2403,15335.0,0.0,0.0,0.0,1,15325.0,15375.0,3,15335.0,0.0,0.0,0.0,0.0,0.0,31
2023-05-09 22:04:53,pb2403,pb2403,15335.0,0.0,0.0,0.0,1,15325.0,15375.0,3,15335.0,0.0,0.0,0.0,0.0,0.0,31
2023-05-09 22:04:56,pb2403,pb2403,15335.0,0.0,0.0,0.0,1,15325.0,15370.0,1,15335.0,0.0,0.0,0.0,0.0,0.0,31
2023-05-09 22:05:29,pb2403,pb2403,15335.0,0.0,0.0,0.0,1,15325.0,15370.0,1,15335.0,0.0,0.0,0.0,0.0,0.0,31
2023-05-09 22:05:29,pb2403,pb2403,15335.0,0.0,0.0,0.0,1,15325.0,15370.0,1,15335.0,0.0,0.0,0.0,0.0,0.0,31
2023-05-09 22:06:51,pb2403,pb2403,15335.0,0.0,0.0,0.0,1,15325.0,15370.0,1,15335.0,0.0,0.0,0.0,0.0,0.0,31
2023-05-09 22:06:51,pb2403,pb2403,15335.0,0.0,0.0,0.0,1,15325.0,15370.0,1,15335.0,0.0,0.0,0.0,0.0,0.0,31
2023-05-09 22:07:14,pb2403,pb2403,15335.0,0.0,0.0,0.0,1,15325.0,15370.0,1,15335.0,0.0,0.0,0.0,0.0,0.0,31
2023-05-09 22:07:15,pb2403,pb2403,15335.0,0.0,0.0,0.0,1,15325.0,15370.0,1,15335.0,0.0,0.0,0.0,0.0,0.0,31
2023-05-09 22:07:50,pb2403,pb2403,15335.0,0.0,0.0,0.0,1,15325.0,15370.0,1,15335.0,0.0,0.0,0.0,0.0,0.0,31
2023-05-09 22:07:50,pb2403,pb2403,15335.0,0.0,0.0,0.0,1,15325.0,15370.0,1,15335.0,0.0,0.0,0.0,0.0,0.0,31
2023-05-09 22:08:23,pb2403,pb2403,15335.0,0.0,0.0,0.0,1,15325.0,15370.0,1,15335.0,0.0,0.0,0.0,0.0,0.0,31
2023-05-09 22:08:24,pb2403,pb2403,15335.0,0.0,0.0,0.0,1,15325.0,15370.0,1,15335.0,0.0,0.0,0.0,0.0,0.0,31
2023-05-09 22:08:58,pb2403,pb2403,15335.0,0.0,0.0,0.0,1,15325.0,15370.0,1,15335.0,0.0,0.0,0.0,0.0,0.0,31
2023-05-09 22:08:59,pb2403,pb2403,15335.0,0.0,0.0,0.0,1,15325.0,15370.0,1,15335.0,0.0,0.0,0.0,0.0,0.0,31
2023-05-09 22:09:54,pb2403,pb2403,15335.0,0.0,0.0,0.0,1,15325.0,15375.0,3,15335.0,0.0,0.0,0.0,0.0,0.0,31
2023-05-09 22:10:37,pb2403,pb2403,15335.0,0.0,0.0,0.0,1,15325.0,15370.0,1,15335.0,0.0,0.0,0.0,0.0,0.0,31
2023-05-09 22:10:47,pb2403,pb2403,15335.0,0.0,0.0,0.0,1,15325.0,15370.0,1,15335.0,0.0,0.0,0.0,0.0,0.0,31
2023-05-09 22:10:48,pb2403,pb2403,15335.0,0.0,0.0,0.0,1,15325.0,15370.0,1,15335.0,0.0,0.0,0.0,0.0,0.0,31
2023-05-09 22:11:00,pb2403,pb2403,15335.0,0.0,0.0,0.0,1,15325.0,15370.0,1,15335.0,0.0,0.0,0.0,0.0,0.0,31
2023-05-09 22:11:00,pb2403,pb2403,15335.0,0.0,0.0,0.0,1,15325.0,15370.0,1,15335.0,0.0,0.0,0.0,0.0,0.0,31
2023-05-09 22:12:04,pb2403,pb2403,15335.0,0.0,0.0,0.0,1,15325.0,15370.0,1,15335.0,0.0,0.0,0.0,0.0,0.0,31
2023-05-09 22:12:04,pb2403,pb2403,15335.0,0.0,0.0,0.0,1,15325.0,15365.0,1,15335.0,0.0,0.0,0.0,0.0,0.0,31
2023-05-09 22:12:05,pb2403,pb2403,15335.0,0.0,0.0,0.0,1,15325.0,15365.0,3,15335.0,0.0,0.0,0.0,0.0,0.0,31
2023-05-09 22:12:05,pb2403,pb2403,15335.0,0.0,0.0,0.0,1,15325.0,15365.0,2,15335.0,0.0,0.0,0.0,0.0,0.0,31
2023-05-09 22:12:42,pb2403,pb2403,15335.0,0.0,0.0,0.0,1,15325.0,15365.0,2,15335.0,0.0,0.0,0.0,0.0,0.0,31
2023-05-09 22:12:45,pb2403,pb2403,15335.0,0.0,0.0,0.0,1,15325.0,15360.0,1,15335.0,0.0,0.0,0.0,0.0,0.0,31
2023-05-09 22:12:46,pb2403,pb2403,15335.0,0.0,0.0,0.0,1,15325.0,15360.0,1,15335.0,0.0,0.0,0.0,0.0,0.0,31
2023-05-09 22:12:47,pb2403,pb2403,15335.0,0.0,0.0,0.0,1,15325.0,15415.0,1,15335.0,0.0,0.0,0.0,0.0,0.0,31
2023-05-09 22:12:47,pb2403,pb2403,15335.0,0.0,0.0,0.0,1,15325.0,15410.0,6,15335.0,0.0,0.0,0.0,0.0,0.0,31
2023-05-09 22:13:00,pb2403,pb2403,15335.0,0.0,0.0,0.0,1,15325.0,15410.0,7,15335.0,0.0,0.0,0.0,0.0,0.0,31
2023-05-09 22:13:28,pb2403,pb2403,15335.0,0.0,0.0,0.0,1,15325.0,15405.0,1,15335.0,0.0,0.0,0.0,0.0,0.0,31
2023-05-09 22:13:29,pb2403,pb2403,15335.0,0.0,0.0,0.0,1,15325.0,15405.0,1,15335.0,0.0,0.0,0.0,0.0,0.0,31
2023-05-09 22:13:29,pb2403,pb2403,15335.0,0.0,0.0,0.0,1,15325.0,15400.0,1,15335.0,0.0,0.0,0.0,0.0,0.0,31
2023-05-09 22:13:30,pb2403,pb2403,15335.0,0.0,0.0,0.0,1,15325.0,15400.0,3,15335.0,0.0,0.0,0.0,0.0,0.0,31
2023-05-09 22:13:48,pb2403,pb2403,15335.0,0.0,0.0,0.0,1,15325.0,15400.0,3,15335.0,0.0,0.0,0.0,0.0,0.0,31
2023-05-09 22:13:48,pb2403,pb2403,15335.0,0.0,0.0,0.0,1,15325.0,15400.0,3,15335.0,0.0,0.0,0.0,0.0,0.0,31
2023-05-09 22:13:58,pb2403,pb2403,15335.0,0.0,0.0,0.0,1,15325.0,15400.0,3,15335.0,0.0,0.0,0.0,0.0,0.0,31
2023-05-09 22:13:59,pb2403,pb2403,15335.0,0.0,0.0,0.0,1,15325.0,15400.0,3,15335.0,0.0,0.0,0.0,0.0,0.0,31
2023-05-09 22:13:59,pb2403,pb2403,15335.0,0.0,0.0,0.0,1,15325.0,15400.0,3,15335.0,0.0,0.0,0.0,0.0,0.0,31
2023-05-09 22:14:05,pb2403,pb2403,15335.0,0.0,0.0,0.0,1,15325.0,15400.0,3,15335.0,0.0,0.0,0.0,0.0,0.0,31
2023-05-09 22:14:05,pb2403,pb2403,15335.0,0.0,0.0,0.0,1,15325.0,15400.0,3,15335.0,0.0,0.0,0.0,0.0,0.0,31
2023-05-09 22:14:07,pb2403,pb2403,15335.0,0.0,0.0,0.0,1,15325.0,15400.0,3,15335.0,0.0,0.0,0.0,0.0,0.0,31
2023-05-09 22:14:10,pb2403,pb2403,15335.0,0.0,0.0,0.0,1,15325.0,15395.0,1,15335.0,0.0,0.0,0.0,0.0,0.0,31
2023-05-09 22:14:11,pb2403,pb2403,15335.0,0.0,0.0,0.0,1,15325.0,15395.0,1,15335.0,0.0,0.0,0.0,0.0,0.0,31
2023-05-09 22:14:11,pb2403,pb2403,15335.0,0.0,0.0,0.0,1,15325.0,15390.0,3,15335.0,0.0,0.0,0.0,0.0,0.0,31
2023-05-09 22:14:48,pb2403,pb2403,15335.0,0.0,0.0,0.0,1,15325.0,15390.0,3,15335.0,0.0,0.0,0.0,0.0,0.0,31
2023-05-09 22:14:53,pb2403,pb2403,15335.0,0.0,0.0,0.0,1,15325.0,15385.0,1,15335.0,0.0,0.0,0.0,0.0,0.0,31
2023-05-09 22:14:54,pb2403,pb2403,15335.0,0.0,0.0,0.0,1,15325.0,15385.0,1,15335.0,0.0,0.0,0.0,0.0,0.0,31
2023-05-09 22:14:55,pb2403,pb2403,15335.0,0.0,0.0,0.0,1,15325.0,15380.0,1,15335.0,0.0,0.0,0.0,0.0,0.0,31
2023-05-09 22:14:55,pb2403,pb2403,15335.0,0.0,0.0,0.0,1,15325.0,15380.0,3,15335.0,0.0,0.0,0.0,0.0,0.0,31
2023-05-09 22:15:32,pb2403,pb2403,15335.0,0.0,0.0,0.0,1,15325.0,15380.0,3,15335.0,0.0,0.0,0.0,0.0,0.0,31
2023-05-09 22:15:37,pb2403,pb2403,15335.0,0.0,0.0,0.0,1,15325.0,15375.0,1,15335.0,0.0,0.0,0.0,0.0,0.0,31
2023-05-09 22:15:41,pb2403,pb2403,15335.0,0.0,0.0,0.0,1,15325.0,15375.0,1,15335.0,0.0,0.0,0.0,0.0,0.0,31
2023-05-09 22:15:42,pb2403,pb2403,15335.0,0.0,0.0,0.0,1,15325.0,15375.0,1,15335.0,0.0,0.0,0.0,0.0,0.0,31
2023-05-09 22:17:46,pb2403,pb2403,15335.0,0.0,0.0,0.0,1,15325.0,15375.0,1,15335.0,0.0,0.0,0.0,0.0,0.0,31
2023-05-09 22:17:47,pb2403,pb2403,15335.0,0.0,0.0,0.0,1,15325.0,15370.0,3,15335.0,0.0,0.0,0.0,0.0,0.0,31
2023-05-09 22:18:00,pb2403,pb2403,15335.0,0.0,0.0,0.0,1,15325.0,15370.0,2,15335.0,0.0,0.0,0.0,0.0,0.0,31
2023-05-09 22:18:27,pb2403,pb2403,15335.0,0.0,0.0,0.0,1,15325.0,15370.0,2,15335.0,0.0,0.0,0.0,0.0,0.0,31
2023-05-09 22:18:27,pb2403,pb2403,15335.0,0.0,0.0,0.0,1,15325.0,15410.0,1,15335.0,0.0,0.0,0.0,0.0,0.0,31
2023-05-09 22:18:28,pb2403,pb2403,15335.0,0.0,0.0,0.0,1,15325.0,15405.0,6,15335.0,0.0,0.0,0.0,0.0,0.0,31
2023-05-09 22:18:29,pb2403,pb2403,15335.0,0.0,0.0,0.0,1,15325.0,15405.0,7,15335.0,0.0,0.0,0.0,0.0,0.0,31
2023-05-09 22:18:48,pb2403,pb2403,15335.0,0.0,0.0,0.0,1,15325.0,15405.0,5,15335.0,0.0,0.0,0.0,0.0,0.0,31
2023-05-09 22:18:52,pb2403,pb2403,15335.0,0.0,0.0,0.0,1,15325.0,15405.0,5,15335.0,0.0,0.0,0.0,0.0,0.0,31
2023-05-09 22:19:08,pb2403,pb2403,15335.0,0.0,0.0,0.0,1,15325.0,15400.0,1,15335.0,0.0,0.0,0.0,0.0,0.0,31
2023-05-09 22:19:09,pb2403,pb2403,15335.0,0.0,0.0,0.0,1,15325.0,15400.0,1,15335.0,0.0,0.0,0.0,0.0,0.0,31
2023-05-09 22:19:09,pb2403,pb2403,15335.0,0.0,0.0,0.0,1,15325.0,15400.0,1,15335.0,0.0,0.0,0.0,0.0,0.0,31
2023-05-09 22:19:10,pb2403,pb2403,15335.0,0.0,0.0,0.0,1,15325.0,15395.0,1,15335.0,0.0,0.0,0.0,0.0,0.0,31
2023-05-09 22:19:10,pb2403,pb2403,15335.0,0.0,0.0,0.0,1,15325.0,15395.0,3,15335.0,0.0,0.0,0.0,0.0,0.0,31
2023-05-09 22:19:30,pb2403,pb2403,15335.0,0.0,0.0,0.0,1,15325.0,15395.0,3,15335.0,0.0,0.0,0.0,0.0,0.0,31
2023-05-09 22:19:30,pb2403,pb2403,15335.0,0.0,0.0,0.0,1,15325.0,15395.0,3,15335.0,0.0,0.0,0.0,0.0,0.0,31
2023-05-09 22:19:48,pb2403,pb2403,15335.0,0.0,0.0,0.0,1,15325.0,15395.0,3,15335.0,0.0,0.0,0.0,0.0,0.0,31
2023-05-09 22:19:51,pb2403,pb2403,15335.0,0.0,0.0,0.0,1,15325.0,15390.0,1,15335.0,0.0,0.0,0.0,0.0,0.0,31
2023-05-09 22:19:52,pb2403,pb2403,15335.0,0.0,0.0,0.0,1,15325.0,15390.0,1,15335.0,0.0,0.0,0.0,0.0,0.0,31
2023-05-09 22:19:52,pb2403,pb2403,15335.0,0.0,0.0,0.0,1,15325.0,15385.0,3,15335.0,0.0,0.0,0.0,0.0,0.0,31
2023-05-09 22:20:30,pb2403,pb2403,15335.0,0.0,0.0,0.0,1,15325.0,15385.0,3,15335.0,0.0,0.0,0.0,0.0,0.0,31
2023-05-09 22:20:34,pb2403,pb2403,15335.0,0.0,0.0,0.0,1,15325.0,15380.0,1,15335.0,0.0,0.0,0.0,0.0,0.0,31
2023-05-09 22:20:36,pb2403,pb2403,15335.0,0.0,0.0,0.0,1,15325.0,15380.0,1,15335.0,0.0,0.0,0.0,0.0,0.0,31
2023-05-09 22:20:36,pb2403,pb2403,15335.0,0.0,0.0,0.0,1,15325.0,15380.0,1,15335.0,0.0,0.0,0.0,0.0,0.0,31
2023-05-09 22:20:37,pb2403,pb2403,15335.0,0.0,0.0,0.0,1,15325.0,15375.0,2,15335.0,0.0,0.0,0.0,0.0,0.0,31
2023-05-09 22:21:01,pb2403,pb2403,15335.0,0.0,0.0,0.0,1,15325.0,15375.0,2,15335.0,0.0,0.0,0.0,0.0,0.0,31
2023-05-09 22:21:02,pb2403,pb2403,15335.0,0.0,0.0,0.0,1,15325.0,15375.0,2,15335.0,0.0,0.0,0.0,0.0,0.0,31
2023-05-09 22:21:14,pb2403,pb2403,15335.0,0.0,0.0,0.0,1,15325.0,15375.0,2,15335.0,0.0,0.0,0.0,0.0,0.0,31
2023-05-09 22:21:17,pb2403,pb2403,15335.0,0.0,0.0,0.0,1,15325.0,15370.0,1,15335.0,0.0,0.0,0.0,0.0,0.0,31
2023-05-09 22:21:50,pb2403,pb2403,15335.0,0.0,0.0,0.0,1,15325.0,15370.0,1,15335.0,0.0,0.0,0.0,0.0,0.0,31
2023-05-09 22:21:50,pb2403,pb2403,15335.0,0.0,0.0,0.0,1,15325.0,15370.0,1,15335.0,0.0,0.0,0.0,0.0,0.0,31
2023-05-09 22:22:35,pb2403,pb2403,15335.0,0.0,0.0,0.0,1,15325.0,15370.0,1,15335.0,0.0,0.0,0.0,0.0,0.0,31
2023-05-09 22:22:36,pb2403,pb2403,15335.0,0.0,0.0,0.0,1,15325.0,15370.0,1,15335.0,0.0,0.0,0.0,0.0,0.0,31
2023-05-09 22:23:20,pb2403,pb2403,15335.0,0.0,0.0,0.0,1,15325.0,15370.0,1,15335.0,0.0,0.0,0.0,0.0,0.0,31
2023-05-09 22:23:20,pb2403,pb2403,15335.0,0.0,0.0,0.0,1,15325.0,15370.0,1,15335.0,0.0,0.0,0.0,0.0,0.0,31
2023-05-09 22:23:27,pb2403,pb2403,15335.0,0.0,0.0,0.0,1,15325.0,15370.0,1,15335.0,0.0,0.0,0.0,0.0,0.0,31
2023-05-09 22:23:27,pb2403,pb2403,15335.0,0.0,0.0,0.0,1,15325.0,15370.0,1,15335.0,0.0,0.0,0.0,0.0,0.0,31
2023-05-09 22:23:28,pb2403,pb2403,15335.0,0.0,0.0,0.0,1,15325.0,15365.0,2,15335.0,0.0,0.0,0.0,0.0,0.0,31
2023-05-09 22:23:52,pb2403,pb2403,15335.0,0.0,0.0,0.0,1,15325.0,15370.0,1,15335.0,0.0,0.0,0.0,0.0,0.0,31
2023-05-09 22:24:15,pb2403,pb2403,15335.0,0.0,0.0,0.0,1,15325.0,15370.0,1,15335.0,0.0,0.0,0.0,0.0,0.0,31
2023-05-09 22:24:15,pb2403,pb2403,15335.0,0.0,0.0,0.0,1,15325.0,15370.0,1,15335.0,0.0,0.0,0.0,0.0,0.0,31
2023-05-09 22:24:59,pb2403,pb2403,15335.0,0.0,0.0,0.0,1,15325.0,15370.0,1,15335.0,0.0,0.0,0.0,0.0,0.0,31
2023-05-09 22:25:00,pb2403,pb2403,15335.0,0.0,0.0,0.0,1,15325.0,15370.0,1,15335.0,0.0,0.0,0.0,0.0,0.0,31
2023-05-09 22:25:18,pb2403,pb2403,15335.0,0.0,0.0,0.0,1,15325.0,15370.0,1,15335.0,0.0,0.0,0.0,0.0,0.0,31
2023-05-09 22:25:18,pb2403,pb2403,15335.0,0.0,0.0,0.0,1,15325.0,15370.0,1,15335.0,0.0,0.0,0.0,0.0,0.0,31
2023-05-09 22:25:29,pb2403,pb2403,15335.0,0.0,0.0,0.0,1,15325.0,15370.0,1,15335.0,0.0,0.0,0.0,0.0,0.0,31
2023-05-09 22:25:29,pb2403,pb2403,15335.0,0.0,0.0,0.0,1,15325.0,15370.0,1,15335.0,0.0,0.0,0.0,0.0,0.0,31
2023-05-09 22:25:31,pb2403,pb2403,15335.0,0.0,0.0,0.0,1,15325.0,15370.0,1,15335.0,0.0,0.0,0.0,0.0,0.0,31
2023-05-09 22:25:32,pb2403,pb2403,15335.0,0.0,0.0,0.0,1,15325.0,15370.0,1,15335.0,0.0,0.0,0.0,0.0,0.0,31
2023-05-09 22:26:16,pb2403,pb2403,15335.0,0.0,0.0,0.0,1,15325.0,15405.0,1,15335.0,0.0,0.0,0.0,0.0,0.0,31
2023-05-09 22:26:16,pb2403,pb2403,15335.0,0.0,0.0,0.0,1,15325.0,15405.0,2,15335.0,0.0,0.0,0.0,0.0,0.0,31
2023-05-09 22:26:17,pb2403,pb2403,15335.0,0.0,0.0,0.0,1,15325.0,15400.0,3,15335.0,0.0,0.0,0.0,0.0,0.0,31
2023-05-09 22:26:21,pb2403,pb2403,15335.0,0.0,0.0,0.0,1,15325.0,15400.0,4,15335.0,0.0,0.0,0.0,0.0,0.0,31
2023-05-09 22:26:21,pb2403,pb2403,15335.0,0.0,0.0,0.0,1,15325.0,15400.0,5,15335.0,0.0,0.0,0.0,0.0,0.0,31
2023-05-09 22:26:22,pb2403,pb2403,15335.0,0.0,0.0,0.0,1,15325.0,15400.0,5,15335.0,0.0,0.0,0.0,0.0,0.0,31
2023-05-09 22:26:30,pb2403,pb2403,15335.0,0.0,0.0,0.0,1,15325.0,15400.0,5,15335.0,0.0,0.0,0.0,0.0,0.0,31
2023-05-09 22:26:30,pb2403,pb2403,15335.0,0.0,0.0,0.0,1,15325.0,15400.0,5,15335.0,0.0,0.0,0.0,0.0,0.0,31
2023-05-09 22:26:56,pb2403,pb2403,15335.0,0.0,0.0,0.0,1,15325.0,15395.0,1,15335.0,0.0,0.0,0.0,0.0,0.0,31
2023-05-09 22:26:56,pb2403,pb2403,15335.0,0.0,0.0,0.0,1,15325.0,15395.0,1,15335.0,0.0,0.0,0.0,0.0,0.0,31
2023-05-09 22:26:57,pb2403,pb2403,15335.0,0.0,0.0,0.0,1,15325.0,15390.0,1,15335.0,0.0,0.0,0.0,0.0,0.0,31
2023-05-09 22:26:57,pb2403,pb2403,15335.0,0.0,0.0,0.0,1,15325.0,15390.0,3,15335.0,0.0,0.0,0.0,0.0,0.0,31
2023-05-09 22:27:07,pb2403,pb2403,15335.0,0.0,0.0,0.0,1,15325.0,15390.0,3,15335.0,0.0,0.0,0.0,0.0,0.0,31
2023-05-09 22:27:08,pb2403,pb2403,15335.0,0.0,0.0,0.0,1,15325.0,15390.0,3,15335.0,0.0,0.0,0.0,0.0,0.0,31
2023-05-09 22:27:34,pb2403,pb2403,15335.0,0.0,0.0,0.0,1,15325.0,15390.0,3,15335.0,0.0,0.0,0.0,0.0,0.0,31
2023-05-09 22:27:38,pb2403,pb2403,15335.0,0.0,0.0,0.0,1,15325.0,15385.0,1,15335.0,0.0,0.0,0.0,0.0,0.0,31
