time,symbol_id,symbol_name,last,trade_volume,trade_amount,open_interest_change,bv1,bp1,ap1,av1,yesterday_close,today_open,today_high,today_low,volume,amount,open_interest
2023-05-09 20:59:00,pb2404,pb2404,15335.0,0.0,0.0,0.0,2,15325.0,15495.0,1,15335.0,15340.0,0.0,0.0,0.0,0.0,46
2023-05-09 21:00:01,pb2404,pb2404,15335.0,0.0,0.0,0.0,2,15325.0,15490.0,1,15335.0,15340.0,0.0,0.0,0.0,0.0,46
2023-05-09 21:00:02,pb2404,pb2404,15335.0,0.0,0.0,0.0,2,15325.0,15495.0,1,15335.0,15340.0,0.0,0.0,0.0,0.0,46
2023-05-09 21:00:02,pb2404,pb2404,15335.0,0.0,0.0,0.0,2,15325.0,15490.0,2,15335.0,15340.0,0.0,0.0,0.0,0.0,46
2023-05-09 21:00:03,pb2404,pb2404,15335.0,0.0,0.0,0.0,2,15325.0,15485.0,2,15335.0,15340.0,0.0,0.0,0.0,0.0,46
2023-05-09 21:00:04,pb2404,pb2404,15335.0,0.0,0.0,0.0,2,15325.0,15480.0,2,15335.0,15340.0,0.0,0.0,0.0,0.0,46
2023-05-09 21:00:06,pb2404,pb2404,15335.0,0.0,0.0,0.0,2,15325.0,15480.0,3,15335.0,15340.0,0.0,0.0,0.0,0.0,46
2023-05-09 21:00:08,pb2404,pb2404,15335.0,0.0,0.0,0.0,2,15325.0,15475.0,1,15335.0,15340.0,0.0,0.0,0.0,0.0,46
2023-05-09 21:00:09,pb2404,pb2404,15335.0,0.0,0.0,0.0,2,15325.0,15470.0,2,15335.0,15340.0,0.0,0.0,0.0,0.0,46
2023-05-09 21:00:10,pb2404,pb2404,15335.0,0.0,0.0,0.0,2,15325.0,15470.0,2,15335.0,15340.0,0.0,0.0,0.0,0.0,46
2023-05-09 21:00:11,pb2404,pb2404,15335.0,0.0,0.0,0.0,2,15325.0,15465.0,1,15335.0,15340.0,0.0,0.0,0.0,0.0,46
2023-05-09 21:00:12,pb2404,pb2404,15335.0,0.0,0.0,0.0,2,15325.0,15460.0,1,15335.0,15340.0,0.0,0.0,0.0,0.0,46
2023-05-09 21:00:13,pb2404,pb2404,15335.0,0.0,0.0,0.0,2,15325.0,15460.0,1,15335.0,15340.0,0.0,0.0,0.0,0.0,46
2023-05-09 21:00:14,pb2404,pb2404,15335.0,0.0,0.0,0.0,2,15325.0,15455.0,1,15335.0,15340.0,0.0,0.0,0.0,0.0,46
2023-05-09 21:00:15,pb2404,pb2404,15335.0,0.0,0.0,0.0,2,15325.0,15455.0,1,15335.0,15340.0,0.0,0.0,0.0,0.0,46
2023-05-09 21:00:15,pb2404,pb2404,15335.0,0.0,0.0,0.0,2,15325.0,15450.0,1,15335.0,15340.0,0.0,0.0,0.0,0.0,46
2023-05-09 21:00:17,pb2404,pb2404,15335.0,0.0,0.0,0.0,2,15325.0,15450.0,1,15335.0,15340.0,0.0,0.0,0.0,0.0,46
2023-05-09 21:00:19,pb2404,pb2404,15335.0,0.0,0.0,0.0,2,15325.0,15445.0,1,15335.0,15340.0,0.0,0.0,0.0,0.0,46
2023-05-09 21:00:19,pb2404,pb2404,15335.0,0.0,0.0,0.0,2,15325.0,15440.0,1,15335.0,15340.0,0.0,0.0,0.0,0.0,46
2023-05-09 21:00:20,pb2404,pb2404,15335.0,0.0,0.0,0.0,2,15325.0,15440.0,1,15335.0,15340.0,0.0,0.0,0.0,0.0,46
2023-05-09 21:00:21,pb2404,pb2404,15335.0,0.0,0.0,0.0,2,15325.0,15440.0,1,15335.0,15340.0,0.0,0.0,0.0,0.0,46
2023-05-09 21:00:22,pb2404,pb2404,15335.0,0.0,0.0,0.0,2,15325.0,15435.0,1,15335.0,15340.0,0.0,0.0,0.0,0.0,46
2023-05-09 21:00:22,pb2404,pb2404,15335.0,0.0,0.0,0.0,2,15325.0,15430.0,1,15335.0,15340.0,0.0,0.0,0.0,0.0,46
2023-05-09 21:00:24,pb2404,pb2404,15335.0,0.0,0.0,0.0,2,15325.0,15430.0,1,15335.0,15340.0,0.0,0.0,0.0,0.0,46
2023-05-09 21:00:25,pb2404,pb2404,15335.0,0.0,0.0,0.0,2,15325.0,15425.0,1,15335.0,15340.0,0.0,0.0,0.0,0.0,46
2023-05-09 21:00:25,pb2404,pb2404,15335.0,0.0,0.0,0.0,2,15325.0,15425.0,1,15335.0,15340.0,0.0,0.0,0.0,0.0,46
2023-05-09 21:00:30,pb2404,pb2404,15335.0,0.0,0.0,0.0,2,15325.0,15425.0,1,15335.0,15340.0,0.0,0.0,0.0,0.0,46
2023-05-09 21:00:31,pb2404,pb2404,15335.0,0.0,0.0,0.0,2,15325.0,15480.0,1,15335.0,15340.0,0.0,0.0,0.0,0.0,46
2023-05-09 21:00:32,pb2404,pb2404,15335.0,0.0,0.0,0.0,2,15325.0,15475.0,2,15335.0,15340.0,0.0,0.0,0.0,0.0,46
2023-05-09 21:00:45,pb2404,pb2404,15335.0,0.0,0.0,0.0,2,15325.0,15470.0,1,15335.0,15340.0,0.0,0.0,0.0,0.0,46
2023-05-09 21:00:45,pb2404,pb2404,15335.0,0.0,0.0,0.0,2,15325.0,15465.0,1,15335.0,15340.0,0.0,0.0,0.0,0.0,46
2023-05-09 21:00:47,pb2404,pb2404,15335.0,0.0,0.0,0.0,2,15325.0,15465.0,1,15335.0,15340.0,0.0,0.0,0.0,0.0,46
2023-05-09 21:00:48,pb2404,pb2404,15335.0,0.0,0.0,0.0,2,15325.0,15460.0,2,15335.0,15340.0,0.0,0.0,0.0,0.0,46
2023-05-09 21:00:48,pb2404,pb2404,15335.0,0.0,0.0,0.0,2,15325.0,15455.0,1,15335.0,15340.0,0.0,0.0,0.0,0.0,46
2023-05-09 21:00:53,pb2404,pb2404,15335.0,0.0,0.0,0.0,2,15325.0,15455.0,1,15335.0,15340.0,0.0,0.0,0.0,0.0,46
2023-05-09 21:00:54,pb2404,pb2404,15335.0,0.0,0.0,0.0,2,15325.0,15450.0,1,15335.0,15340.0,0.0,0.0,0.0,0.0,46
2023-05-09 21:00:54,pb2404,pb2404,15335.0,0.0,0.0,0.0,2,15325.0,15445.0,2,15335.0,15340.0,0.0,0.0,0.0,0.0,46
2023-05-09 21:01:00,pb2404,pb2404,15335.0,0.0,0.0,0.0,2,15325.0,15445.0,2,15335.0,15340.0,0.0,0.0,0.0,0.0,46
2023-05-09 21:01:00,pb2404,pb2404,15335.0,0.0,0.0,0.0,2,15325.0,15445.0,3,15335.0,15340.0,0.0,0.0,0.0,0.0,46
2023-05-09 21:01:06,pb2404,pb2404,15335.0,0.0,0.0,0.0,2,15325.0,15440.0,2,15335.0,15340.0,0.0,0.0,0.0,0.0,46
2023-05-09 21:01:06,pb2404,pb2404,15335.0,0.0,0.0,0.0,2,15325.0,15435.0,1,15335.0,15340.0,0.0,0.0,0.0,0.0,46
2023-05-09 21:01:08,pb2404,pb2404,15335.0,0.0,0.0,0.0,2,15325.0,15435.0,1,15335.0,15340.0,0.0,0.0,0.0,0.0,46
2023-05-09 21:01:09,pb2404,pb2404,15335.0,0.0,0.0,0.0,2,15325.0,15430.0,1,15335.0,15340.0,0.0,0.0,0.0,0.0,46
2023-05-09 21:01:09,pb2404,pb2404,15335.0,0.0,0.0,0.0,2,15325.0,15430.0,1,15335.0,15340.0,0.0,0.0,0.0,0.0,46
2023-05-09 21:01:17,pb2404,pb2404,15335.0,0.0,0.0,0.0,2,15325.0,15425.0,1,15335.0,15340.0,0.0,0.0,0.0,0.0,46
2023-05-09 21:01:17,pb2404,pb2404,15335.0,0.0,0.0,0.0,2,15325.0,15425.0,1,15335.0,15340.0,0.0,0.0,0.0,0.0,46
2023-05-09 21:01:18,pb2404,pb2404,15335.0,0.0,0.0,0.0,2,15325.0,15420.0,1,15335.0,15340.0,0.0,0.0,0.0,0.0,46
2023-05-09 21:01:18,pb2404,pb2404,15335.0,0.0,0.0,0.0,2,15325.0,15420.0,1,15335.0,15340.0,0.0,0.0,0.0,0.0,46
2023-05-09 21:01:44,pb2404,pb2404,15335.0,0.0,0.0,0.0,2,15325.0,15420.0,1,15335.0,15340.0,0.0,0.0,0.0,0.0,46
2023-05-09 21:01:48,pb2404,pb2404,15335.0,0.0,0.0,0.0,2,15325.0,15415.0,1,15335.0,15340.0,0.0,0.0,0.0,0.0,46
2023-05-09 21:01:51,pb2404,pb2404,15335.0,0.0,0.0,0.0,2,15330.0,15415.0,1,15335.0,15340.0,0.0,0.0,0.0,0.0,46
2023-05-09 21:01:52,pb2404,pb2404,15335.0,0.0,0.0,0.0,2,15330.0,15415.0,1,15335.0,15340.0,0.0,0.0,0.0,0.0,46
2023-05-09 21:03:00,pb2404,pb2404,15335.0,0.0,0.0,0.0,2,15330.0,15415.0,1,15335.0,15340.0,0.0,0.0,0.0,0.0,46
2023-05-09 21:03:01,pb2404,pb2404,15335.0,0.0,0.0,0.0,2,15330.0,15410.0,2,15335.0,15340.0,0.0,0.0,0.0,0.0,46
2023-05-09 21:03:01,pb2404,pb2404,15335.0,0.0,0.0,0.0,2,15330.0,15410.0,2,15335.0,15340.0,0.0,0.0,0.0,0.0,46
2023-05-09 21:03:02,pb2404,pb2404,15335.0,0.0,0.0,0.0,2,15330.0,15410.0,3,15335.0,15340.0,0.0,0.0,0.0,0.0,46
2023-05-09 21:05:04,pb2404,pb2404,15335.0,0.0,0.0,0.0,2,15330.0,15410.0,2,15335.0,15340.0,0.0,0.0,0.0,0.0,46
2023-05-09 21:05:14,pb2404,pb2404,15335.0,0.0,0.0,0.0,2,15330.0,15410.0,3,15335.0,15340.0,0.0,0.0,0.0,0.0,46
2023-05-09 21:05:33,pb2404,pb2404,15335.0,0.0,0.0,0.0,2,15330.0,15410.0,2,15335.0,15340.0,0.0,0.0,0.0,0.0,46
2023-05-09 21:05:51,pb2404,pb2404,15335.0,0.0,0.0,0.0,2,15330.0,15410.0,3,15335.0,15340.0,0.0,0.0,0.0,0.0,46
2023-05-09 21:05:56,pb2404,pb2404,15335.0,0.0,0.0,0.0,2,15330.0,15400.0,1,15335.0,15340.0,0.0,0.0,0.0,0.0,46
2023-05-09 21:05:57,pb2404,pb2404,15335.0,0.0,0.0,0.0,2,15330.0,15400.0,1,15335.0,15340.0,0.0,0.0,0.0,0.0,46
2023-05-09 21:05:59,pb2404,pb2404,15335.0,0.0,0.0,0.0,2,15330.0,15400.0,1,15335.0,15340.0,0.0,0.0,0.0,0.0,46
2023-05-09 21:06:48,pb2404,pb2404,15335.0,0.0,0.0,0.0,2,15325.0,15400.0,1,15335.0,15340.0,0.0,0.0,0.0,0.0,46
2023-05-09 21:06:51,pb2404,pb2404,15335.0,0.0,0.0,0.0,2,15330.0,15400.0,1,15335.0,15340.0,0.0,0.0,0.0,0.0,46
2023-05-09 21:10:01,pb2404,pb2404,15335.0,0.0,0.0,0.0,2,15330.0,15395.0,1,15335.0,15340.0,0.0,0.0,0.0,0.0,46
2023-05-09 21:11:50,pb2404,pb2404,15335.0,0.0,0.0,0.0,2,15325.0,15395.0,1,15335.0,15340.0,0.0,0.0,0.0,0.0,46
2023-05-09 21:11:54,pb2404,pb2404,15335.0,0.0,0.0,0.0,2,15330.0,15395.0,1,15335.0,15340.0,0.0,0.0,0.0,0.0,46
2023-05-09 21:11:59,pb2404,pb2404,15335.0,0.0,0.0,0.0,2,15330.0,15400.0,1,15335.0,15340.0,0.0,0.0,0.0,0.0,46
2023-05-09 21:12:02,pb2404,pb2404,15335.0,0.0,0.0,0.0,2,15330.0,15395.0,1,15335.0,15340.0,0.0,0.0,0.0,0.0,46
2023-05-09 21:14:00,pb2404,pb2404,15335.0,0.0,0.0,0.0,2,15330.0,15400.0,1,15335.0,15340.0,0.0,0.0,0.0,0.0,46
2023-05-09 21:14:03,pb2404,pb2404,15335.0,0.0,0.0,0.0,2,15330.0,15395.0,2,15335.0,15340.0,0.0,0.0,0.0,0.0,46
2023-05-09 21:14:28,pb2404,pb2404,15335.0,0.0,0.0,0.0,2,15330.0,15395.0,1,15335.0,15340.0,0.0,0.0,0.0,0.0,46
2023-05-09 21:14:53,pb2404,pb2404,15335.0,0.0,0.0,0.0,2,15330.0,15400.0,1,15335.0,15340.0,0.0,0.0,0.0,0.0,46
2023-05-09 21:16:52,pb2404,pb2404,15335.0,0.0,0.0,0.0,2,15325.0,15400.0,1,15335.0,15340.0,0.0,0.0,0.0,0.0,46
2023-05-09 21:16:56,pb2404,pb2404,15335.0,0.0,0.0,0.0,2,15330.0,15400.0,1,15335.0,15340.0,0.0,0.0,0.0,0.0,46
2023-05-09 21:21:07,pb2404,pb2404,15335.0,0.0,0.0,0.0,2,15330.0,15395.0,2,15335.0,15340.0,0.0,0.0,0.0,0.0,46
2023-05-09 21:21:54,pb2404,pb2404,15335.0,0.0,0.0,0.0,2,15325.0,15395.0,2,15335.0,15340.0,0.0,0.0,0.0,0.0,46
2023-05-09 21:21:59,pb2404,pb2404,15335.0,0.0,0.0,0.0,2,15330.0,15395.0,2,15335.0,15340.0,0.0,0.0,0.0,0.0,46
2023-05-09 21:26:15,pb2404,pb2404,15335.0,0.0,0.0,0.0,2,15330.0,15400.0,1,15335.0,15340.0,0.0,0.0,0.0,0.0,46
2023-05-09 21:26:19,pb2404,pb2404,15335.0,0.0,0.0,0.0,2,15330.0,15395.0,2,15335.0,15340.0,0.0,0.0,0.0,0.0,46
2023-05-09 21:26:53,pb2404,pb2404,15335.0,0.0,0.0,0.0,2,15330.0,15400.0,1,15335.0,15340.0,0.0,0.0,0.0,0.0,46
2023-05-09 21:26:57,pb2404,pb2404,15335.0,0.0,0.0,0.0,2,15325.0,15400.0,1,15335.0,15340.0,0.0,0.0,0.0,0.0,46
2023-05-09 21:27:01,pb2404,pb2404,15335.0,0.0,0.0,0.0,2,15330.0,15400.0,1,15335.0,15340.0,0.0,0.0,0.0,0.0,46
2023-05-09 21:27:01,pb2404,pb2404,15335.0,0.0,0.0,0.0,2,15330.0,15395.0,2,15335.0,15340.0,0.0,0.0,0.0,0.0,46
2023-05-09 21:30:33,pb2404,pb2404,15335.0,0.0,0.0,0.0,2,15330.0,15400.0,1,15335.0,15340.0,0.0,0.0,0.0,0.0,46
2023-05-09 21:30:34,pb2404,pb2404,15335.0,0.0,0.0,0.0,2,15325.0,15400.0,1,15335.0,15340.0,0.0,0.0,0.0,0.0,46
2023-05-09 21:30:37,pb2404,pb2404,15335.0,0.0,0.0,0.0,2,15325.0,15395.0,2,15335.0,15340.0,0.0,0.0,0.0,0.0,46
2023-05-09 21:35:37,pb2404,pb2404,15335.0,0.0,0.0,0.0,2,15325.0,15400.0,1,15335.0,15340.0,0.0,0.0,0.0,0.0,46
2023-05-09 21:36:20,pb2404,pb2404,15335.0,0.0,0.0,0.0,2,15325.0,15395.0,2,15335.0,15340.0,0.0,0.0,0.0,0.0,46
2023-05-09 21:40:49,pb2404,pb2404,15335.0,0.0,0.0,0.0,2,15325.0,15380.0,2,15335.0,15340.0,0.0,0.0,0.0,0.0,46
2023-05-09 21:40:50,pb2404,pb2404,15335.0,0.0,0.0,0.0,2,15325.0,15380.0,2,15335.0,15340.0,0.0,0.0,0.0,0.0,46
2023-05-09 21:41:18,pb2404,pb2404,15335.0,0.0,0.0,0.0,2,15330.0,15380.0,2,15335.0,15340.0,0.0,0.0,0.0,0.0,46
2023-05-09 21:46:17,pb2404,pb2404,15335.0,0.0,0.0,0.0,2,15325.0,15380.0,2,15335.0,15340.0,0.0,0.0,0.0,0.0,46
2023-05-09 21:46:58,pb2404,pb2404,15335.0,0.0,0.0,0.0,2,15330.0,15380.0,2,15335.0,15340.0,0.0,0.0,0.0,0.0,46
2023-05-09 21:52:00,pb2404,pb2404,15335.0,0.0,0.0,0.0,2,15325.0,15380.0,2,15335.0,15340.0,0.0,0.0,0.0,0.0,46
2023-05-09 21:52:46,pb2404,pb2404,15335.0,0.0,0.0,0.0,2,15330.0,15380.0,2,15335.0,15340.0,0.0,0.0,0.0,0.0,46
2023-05-09 21:57:45,pb2404,pb2404,15335.0,0.0,0.0,0.0,2,15325.0,15380.0,2,15335.0,15340.0,0.0,0.0,0.0,0.0,46
2023-05-09 21:58:27,pb2404,pb2404,15335.0,0.0,0.0,0.0,2,15330.0,15380.0,2,15335.0,15340.0,0.0,0.0,0.0,0.0,46
2023-05-09 22:03:24,pb2404,pb2404,15335.0,0.0,0.0,0.0,2,15325.0,15380.0,2,15335.0,15340.0,0.0,0.0,0.0,0.0,46
2023-05-09 22:03:30,pb2404,pb2404,15335.0,0.0,0.0,0.0,2,15330.0,15380.0,2,15335.0,15340.0,0.0,0.0,0.0,0.0,46
2023-05-09 22:08:26,pb2404,pb2404,15335.0,0.0,0.0,0.0,2,15325.0,15380.0,2,15335.0,15340.0,0.0,0.0,0.0,0.0,46
2023-05-09 22:08:29,pb2404,pb2404,15335.0,0.0,0.0,0.0,2,15330.0,15380.0,2,15335.0,15340.0,0.0,0.0,0.0,0.0,46
2023-05-09 22:13:16,pb2404,pb2404,15335.0,0.0,0.0,0.0,2,15330.0,15380.0,2,15335.0,15340.0,0.0,0.0,0.0,0.0,46
2023-05-09 22:13:30,pb2404,pb2404,15335.0,0.0,0.0,0.0,2,15325.0,15380.0,2,15335.0,15340.0,0.0,0.0,0.0,0.0,46
2023-05-09 22:14:11,pb2404,pb2404,15335.0,0.0,0.0,0.0,2,15330.0,15380.0,2,15335.0,15340.0,0.0,0.0,0.0,0.0,46
2023-05-09 22:19:10,pb2404,pb2404,15335.0,0.0,0.0,0.0,2,15325.0,15380.0,2,15335.0,15340.0,0.0,0.0,0.0,0.0,46
2023-05-09 22:19:51,pb2404,pb2404,15335.0,0.0,0.0,0.0,2,15330.0,15380.0,2,15335.0,15340.0,0.0,0.0,0.0,0.0,46
2023-05-09 22:24:50,pb2404,pb2404,15335.0,0.0,0.0,0.0,2,15325.0,15380.0,2,15335.0,15340.0,0.0,0.0,0.0,0.0,46
2023-05-09 22:25:31,pb2404,pb2404,15335.0,0.0,0.0,0.0,2,15330.0,15380.0,2,15335.0,15340.0,0.0,0.0,0.0,0.0,46
2023-05-09 22:30:29,pb2404,pb2404,15335.0,0.0,0.0,0.0,2,15325.0,15380.0,2,15335.0,15340.0,0.0,0.0,0.0,0.0,46
2023-05-09 22:31:09,pb2404,pb2404,15335.0,0.0,0.0,0.0,2,15330.0,15380.0,2,15335.0,15340.0,0.0,0.0,0.0,0.0,46
2023-05-09 22:36:08,pb2404,pb2404,15335.0,0.0,0.0,0.0,2,15325.0,15380.0,2,15335.0,15340.0,0.0,0.0,0.0,0.0,46
2023-05-09 22:36:50,pb2404,pb2404,15335.0,0.0,0.0,0.0,2,15330.0,15380.0,2,15335.0,15340.0,0.0,0.0,0.0,0.0,46
2023-05-09 22:41:50,pb2404,pb2404,15335.0,0.0,0.0,0.0,2,15325.0,15380.0,2,15335.0,15340.0,0.0,0.0,0.0,0.0,46
2023-05-09 22:42:33,pb2404,pb2404,15335.0,0.0,0.0,0.0,2,15330.0,15380.0,2,15335.0,15340.0,0.0,0.0,0.0,0.0,46
2023-05-09 22:47:31,pb2404,pb2404,15335.0,0.0,0.0,0.0,2,15325.0,15380.0,2,15335.0,15340.0,0.0,0.0,0.0,0.0,46
2023-05-09 22:47:36,pb2404,pb2404,15335.0,0.0,0.0,0.0,2,15330.0,15380.0,2,15335.0,15340.0,0.0,0.0,0.0,0.0,46
2023-05-09 22:52:33,pb2404,pb2404,15335.0,0.0,0.0,0.0,2,15325.0,15380.0,2,15335.0,15340.0,0.0,0.0,0.0,0.0,46
2023-05-09 22:52:37,pb2404,pb2404,15335.0,0.0,0.0,0.0,2,15330.0,15380.0,2,15335.0,15340.0,0.0,0.0,0.0,0.0,46
2023-05-09 22:57:37,pb2404,pb2404,15335.0,0.0,0.0,0.0,2,15325.0,15380.0,2,15335.0,15340.0,0.0,0.0,0.0,0.0,46
2023-05-09 22:58:19,pb2404,pb2404,15335.0,0.0,0.0,0.0,2,15330.0,15380.0,2,15335.0,15340.0,0.0,0.0,0.0,0.0,46
2023-05-09 23:03:17,pb2404,pb2404,15335.0,0.0,0.0,0.0,2,15325.0,15380.0,2,15335.0,15340.0,0.0,0.0,0.0,0.0,46
2023-05-09 23:03:33,pb2404,pb2404,15335.0,0.0,0.0,0.0,2,15330.0,15380.0,2,15335.0,15340.0,0.0,0.0,0.0,0.0,46
2023-05-09 23:08:33,pb2404,pb2404,15335.0,0.0,0.0,0.0,2,15325.0,15380.0,2,15335.0,15340.0,0.0,0.0,0.0,0.0,46
2023-05-09 23:08:56,pb2404,pb2404,15335.0,0.0,0.0,0.0,2,15330.0,15380.0,2,15335.0,15340.0,0.0,0.0,0.0,0.0,46
2023-05-09 23:12:06,pb2404,pb2404,15335.0,0.0,0.0,0.0,1,15335.0,15380.0,2,15335.0,15340.0,0.0,0.0,0.0,0.0,46
2023-05-09 23:12:44,pb2404,pb2404,15335.0,0.0,0.0,0.0,1,15335.0,15380.0,2,15335.0,15340.0,0.0,0.0,0.0,0.0,46
2023-05-09 23:12:45,pb2404,pb2404,15335.0,0.0,0.0,0.0,2,15340.0,15380.0,2,15335.0,15340.0,0.0,0.0,0.0,0.0,46
2023-05-09 23:12:45,pb2404,pb2404,15335.0,0.0,0.0,0.0,2,15340.0,15380.0,2,15335.0,15340.0,0.0,0.0,0.0,0.0,46
2023-05-09 23:16:07,pb2404,pb2404,15335.0,0.0,0.0,0.0,1,15345.0,15380.0,2,15335.0,15340.0,0.0,0.0,0.0,0.0,46
2023-05-09 23:16:45,pb2404,pb2404,15335.0,0.0,0.0,0.0,1,15345.0,15380.0,2,15335.0,15340.0,0.0,0.0,0.0,0.0,46
2023-05-09 23:17:24,pb2404,pb2404,15335.0,0.0,0.0,0.0,2,15350.0,15380.0,2,15335.0,15340.0,0.0,0.0,0.0,0.0,46
2023-05-09 23:17:25,pb2404,pb2404,15335.0,0.0,0.0,0.0,2,15350.0,15380.0,2,15335.0,15340.0,0.0,0.0,0.0,0.0,46
2023-05-09 23:17:26,pb2404,pb2404,15335.0,0.0,0.0,0.0,2,15325.0,15380.0,2,15335.0,15340.0,0.0,0.0,0.0,0.0,46
2023-05-09 23:17:26,pb2404,pb2404,15335.0,0.0,0.0,0.0,1,15330.0,15380.0,2,15335.0,15340.0,0.0,0.0,0.0,0.0,46
2023-05-09 23:18:05,pb2404,pb2404,15335.0,0.0,0.0,0.0,2,15335.0,15380.0,2,15335.0,15340.0,0.0,0.0,0.0,0.0,46
2023-05-09 23:18:06,pb2404,pb2404,15335.0,0.0,0.0,0.0,1,15340.0,15380.0,2,15335.0,15340.0,0.0,0.0,0.0,0.0,46
2023-05-09 23:18:43,pb2404,pb2404,15335.0,0.0,0.0,0.0,1,15340.0,15380.0,2,15335.0,15340.0,0.0,0.0,0.0,0.0,46
2023-05-09 23:18:46,pb2404,pb2404,15335.0,0.0,0.0,0.0,2,15345.0,15380.0,2,15335.0,15340.0,0.0,0.0,0.0,0.0,46
2023-05-09 23:18:47,pb2404,pb2404,15335.0,0.0,0.0,0.0,2,15345.0,15380.0,2,15335.0,15340.0,0.0,0.0,0.0,0.0,46
2023-05-09 23:18:48,pb2404,pb2404,15335.0,0.0,0.0,0.0,2,15325.0,15380.0,2,15335.0,15340.0,0.0,0.0,0.0,0.0,46
2023-05-09 23:18:48,pb2404,pb2404,15335.0,0.0,0.0,0.0,1,15330.0,15380.0,2,15335.0,15340.0,0.0,0.0,0.0,0.0,46
2023-05-09 23:19:28,pb2404,pb2404,15335.0,0.0,0.0,0.0,2,15335.0,15380.0,2,15335.0,15340.0,0.0,0.0,0.0,0.0,46
2023-05-09 23:19:28,pb2404,pb2404,15335.0,0.0,0.0,0.0,1,15340.0,15380.0,2,15335.0,15340.0,0.0,0.0,0.0,0.0,46
2023-05-09 23:20:05,pb2404,pb2404,15335.0,0.0,0.0,0.0,1,15340.0,15380.0,2,15335.0,15340.0,0.0,0.0,0.0,0.0,46
2023-05-09 23:20:10,pb2404,pb2404,15335.0,0.0,0.0,0.0,2,15345.0,15380.0,2,15335.0,15340.0,0.0,0.0,0.0,0.0,46
2023-05-09 23:20:10,pb2404,pb2404,15335.0,0.0,0.0,0.0,2,15345.0,15380.0,2,15335.0,15340.0,0.0,0.0,0.0,0.0,46
2023-05-09 23:20:11,pb2404,pb2404,15335.0,0.0,0.0,0.0,2,15325.0,15380.0,2,15335.0,15340.0,0.0,0.0,0.0,0.0,46
2023-05-09 23:20:11,pb2404,pb2404,15335.0,0.0,0.0,0.0,1,15330.0,15380.0,2,15335.0,15340.0,0.0,0.0,0.0,0.0,46
2023-05-09 23:20:53,pb2404,pb2404,15335.0,0.0,0.0,0.0,2,15335.0,15380.0,2,15335.0,15340.0,0.0,0.0,0.0,0.0,46
2023-05-09 23:20:53,pb2404,pb2404,15335.0,0.0,0.0,0.0,1,15340.0,15380.0,2,15335.0,15340.0,0.0,0.0,0.0,0.0,46
2023-05-09 23:21:31,pb2404,pb2404,15335.0,0.0,0.0,0.0,1,15340.0,15380.0,2,15335.0,15340.0,0.0,0.0,0.0,0.0,46
2023-05-09 23:21:33,pb2404,pb2404,15335.0,0.0,0.0,0.0,2,15345.0,15380.0,2,15335.0,15340.0,0.0,0.0,0.0,0.0,46
2023-05-09 23:21:34,pb2404,pb2404,15335.0,0.0,0.0,0.0,2,15345.0,15380.0,2,15335.0,15340.0,0.0,0.0,0.0,0.0,46
2023-05-09 23:21:35,pb2404,pb2404,15335.0,0.0,0.0,0.0,2,15325.0,15380.0,2,15335.0,15340.0,0.0,0.0,0.0,0.0,46
2023-05-09 23:21:35,pb2404,pb2404,15335.0,0.0,0.0,0.0,1,15330.0,15380.0,2,15335.0,15340.0,0.0,0.0,0.0,0.0,46
2023-05-09 23:22:15,pb2404,pb2404,15335.0,0.0,0.0,0.0,2,15335.0,15380.0,2,15335.0,15340.0,0.0,0.0,0.0,0.0,46
2023-05-09 23:22:15,pb2404,pb2404,15335.0,0.0,0.0,0.0,1,15340.0,15380.0,2,15335.0,15340.0,0.0,0.0,0.0,0.0,46
2023-05-09 23:22:53,pb2404,pb2404,15335.0,0.0,0.0,0.0,1,15340.0,15380.0,2,15335.0,15340.0,0.0,0.0,0.0,0.0,46
2023-05-09 23:22:56,pb2404,pb2404,15335.0,0.0,0.0,0.0,2,15345.0,15380.0,2,15335.0,15340.0,0.0,0.0,0.0,0.0,46
2023-05-09 23:22:56,pb2404,pb2404,15335.0,0.0,0.0,0.0,2,15345.0,15380.0,2,15335.0,15340.0,0.0,0.0,0.0,0.0,46
2023-05-09 23:22:57,pb2404,pb2404,15335.0,0.0,0.0,0.0,2,15325.0,15380.0,2,15335.0,15340.0,0.0,0.0,0.0,0.0,46
2023-05-09 23:22:58,pb2404,pb2404,15335.0,0.0,0.0,0.0,1,15330.0,15380.0,2,15335.0,15340.0,0.0,0.0,0.0,0.0,46
2023-05-09 23:23:36,pb2404,pb2404,15335.0,0.0,0.0,0.0,2,15335.0,15380.0,2,15335.0,15340.0,0.0,0.0,0.0,0.0,46
2023-05-09 23:23:37,pb2404,pb2404,15335.0,0.0,0.0,0.0,1,15340.0,15380.0,2,15335.0,15340.0,0.0,0.0,0.0,0.0,46
2023-05-09 23:24:15,pb2404,pb2404,15335.0,0.0,0.0,0.0,1,15340.0,15380.0,2,15335.0,15340.0,0.0,0.0,0.0,0.0,46
2023-05-09 23:24:17,pb2404,pb2404,15335.0,0.0,0.0,0.0,2,15345.0,15380.0,2,15335.0,15340.0,0.0,0.0,0.0,0.0,46
2023-05-09 23:24:18,pb2404,pb2404,15335.0,0.0,0.0,0.0,2,15345.0,15380.0,2,15335.0,15340.0,0.0,0.0,0.0,0.0,46
2023-05-09 23:24:19,pb2404,pb2404,15335.0,0.0,0.0,0.0,2,15325.0,15380.0,2,15335.0,15340.0,0.0,0.0,0.0,0.0,46
2023-05-09 23:24:19,pb2404,pb2404,15335.0,0.0,0.0,0.0,1,15330.0,15380.0,2,15335.0,15340.0,0.0,0.0,0.0,0.0,46
2023-05-09 23:24:58,pb2404,pb2404,15335.0,0.0,0.0,0.0,2,15335.0,15380.0,2,15335.0,15340.0,0.0,0.0,0.0,0.0,46
2023-05-09 23:24:59,pb2404,pb2404,15335.0,0.0,0.0,0.0,1,15340.0,15380.0,2,15335.0,15340.0,0.0,0.0,0.0,0.0,46
2023-05-09 23:25:36,pb2404,pb2404,15335.0,0.0,0.0,0.0,1,15340.0,15380.0,2,15335.0,15340.0,0.0,0.0,0.0,0.0,46
2023-05-09 23:25:40,pb2404,pb2404,15335.0,0.0,0.0,0.0,2,15345.0,15380.0,2,15335.0,15340.0,0.0,0.0,0.0,0.0,46
2023-05-09 23:25:40,pb2404,pb2404,15335.0,0.0,0.0,0.0,2,15345.0,15380.0,2,15335.0,15340.0,0.0,0.0,0.0,0.0,46
2023-05-09 23:25:41,pb2404,pb2404,15335.0,0.0,0.0,0.0,2,15325.0,15380.0,2,15335.0,15340.0,0.0,0.0,0.0,0.0,46
2023-05-09 23:25:42,pb2404,pb2404,15335.0,0.0,0.0,0.0,1,15330.0,15380.0,2,15335.0,15340.0,0.0,0.0,0.0,0.0,46
2023-05-09 23:26:21,pb2404,pb2404,15335.0,0.0,0.0,0.0,2,15335.0,15380.0,2,15335.0,15340.0,0.0,0.0,0.0,0.0,46
2023-05-09 23:26:21,pb2404,pb2404,15335.0,0.0,0.0,0.0,1,15340.0,15380.0,2,15335.0,15340.0,0.0,0.0,0.0,0.0,46
2023-05-09 23:26:59,pb2404,pb2404,15335.0,0.0,0.0,0.0,1,15340.0,15380.0,2,15335.0,15340.0,0.0,0.0,0.0,0.0,46
2023-05-09 23:27:02,pb2404,pb2404,15335.0,0.0,0.0,0.0,2,15345.0,15380.0,2,15335.0,15340.0,0.0,0.0,0.0,0.0,46
2023-05-09 23:27:02,pb2404,pb2404,15335.0,0.0,0.0,0.0,2,15345.0,15380.0,2,15335.0,15340.0,0.0,0.0,0.0,0.0,46
2023-05-09 23:27:03,pb2404,pb2404,15335.0,0.0,0.0,0.0,2,15325.0,15380.0,2,15335.0,15340.0,0.0,0.0,0.0,0.0,46
2023-05-09 23:27:04,pb2404,pb2404,15335.0,0.0,0.0,0.0,1,15330.0,15380.0,2,15335.0,15340.0,0.0,0.0,0.0,0.0,46
2023-05-09 23:27:43,pb2404,pb2404,15335.0,0.0,0.0,0.0,2,15335.0,15380.0,2,15335.0,15340.0,0.0,0.0,0.0,0.0,46
2023-05-09 23:27:43,pb2404,pb2404,15335.0,0.0,0.0,0.0,1,15340.0,15380.0,2,15335.0,15340.0,0.0,0.0,0.0,0.0,46
2023-05-09 23:28:21,pb2404,pb2404,15335.0,0.0,0.0,0.0,1,15340.0,15380.0,2,15335.0,15340.0,0.0,0.0,0.0,0.0,46
2023-05-09 23:28:23,pb2404,pb2404,15335.0,0.0,0.0,0.0,2,15345.0,15380.0,2,15335.0,15340.0,0.0,0.0,0.0,0.0,46
2023-05-09 23:28:24,pb2404,pb2404,15335.0,0.0,0.0,0.0,2,15345.0,15380.0,2,15335.0,15340.0,0.0,0.0,0.0,0.0,46
2023-05-09 23:28:24,pb2404,pb2404,15335.0,0.0,0.0,0.0,2,15325.0,15380.0,2,15335.0,15340.0,0.0,0.0,0.0,0.0,46
2023-05-09 23:28:25,pb2404,pb2404,15335.0,0.0,0.0,0.0,1,15330.0,15380.0,2,15335.0,15340.0,0.0,0.0,0.0,0.0,46
2023-05-09 23:29:03,pb2404,pb2404,15335.0,0.0,0.0,0.0,2,15335.0,15380.0,2,15335.0,15340.0,0.0,0.0,0.0,0.0,46
2023-05-09 23:29:04,pb2404,pb2404,15335.0,0.0,0.0,0.0,1,15340.0,15380.0,2,15335.0,15340.0,0.0,0.0,0.0,0.0,46
2023-05-09 23:29:41,pb2404,pb2404,15335.0,0.0,0.0,0.0,1,15340.0,15380.0,2,15335.0,15340.0,0.0,0.0,0.0,0.0,46
2023-05-09 23:29:44,pb2404,pb2404,15335.0,0.0,0.0,0.0,2,15345.0,15380.0,2,15335.0,15340.0,0.0,0.0,0.0,0.0,46
2023-05-09 23:29:44,pb2404,pb2404,15335.0,0.0,0.0,0.0,2,15345.0,15380.0,2,15335.0,15340.0,0.0,0.0,0.0,0.0,46
2023-05-09 23:29:45,pb2404,pb2404,15335.0,0.0,0.0,0.0,2,15325.0,15380.0,2,15335.0,15340.0,0.0,0.0,0.0,0.0,46
2023-05-09 23:29:46,pb2404,pb2404,15335.0,0.0,0.0,0.0,1,15330.0,15380.0,2,15335.0,15340.0,0.0,0.0,0.0,0.0,46
2023-05-09 23:30:25,pb2404,pb2404,15335.0,0.0,0.0,0.0,2,15335.0,15380.0,2,15335.0,15340.0,0.0,0.0,0.0,0.0,46
2023-05-09 23:30:26,pb2404,pb2404,15335.0,0.0,0.0,0.0,1,15340.0,15380.0,2,15335.0,15340.0,0.0,0.0,0.0,0.0,46
2023-05-09 23:31:03,pb2404,pb2404,15335.0,0.0,0.0,0.0,1,15340.0,15380.0,2,15335.0,15340.0,0.0,0.0,0.0,0.0,46
2023-05-09 23:31:06,pb2404,pb2404,15335.0,0.0,0.0,0.0,2,15345.0,15380.0,2,15335.0,15340.0,0.0,0.0,0.0,0.0,46
2023-05-09 23:31:07,pb2404,pb2404,15335.0,0.0,0.0,0.0,2,15345.0,15380.0,2,15335.0,15340.0,0.0,0.0,0.0,0.0,46
2023-05-09 23:31:08,pb2404,pb2404,15335.0,0.0,0.0,0.0,2,15325.0,15380.0,2,15335.0,15340.0,0.0,0.0,0.0,0.0,46
2023-05-09 23:31:08,pb2404,pb2404,15335.0,0.0,0.0,0.0,1,15330.0,15380.0,2,15335.0,15340.0,0.0,0.0,0.0,0.0,46
2023-05-09 23:31:47,pb2404,pb2404,15335.0,0.0,0.0,0.0,2,15335.0,15380.0,2,15335.0,15340.0,0.0,0.0,0.0,0.0,46
2023-05-09 23:31:47,pb2404,pb2404,15335.0,0.0,0.0,0.0,1,15340.0,15380.0,2,15335.0,15340.0,0.0,0.0,0.0,0.0,46
2023-05-09 23:32:25,pb2404,pb2404,15335.0,0.0,0.0,0.0,1,15340.0,15380.0,2,15335.0,15340.0,0.0,0.0,0.0,0.0,46
2023-05-09 23:32:28,pb2404,pb2404,15335.0,0.0,0.0,0.0,2,15345.0,15380.0,2,15335.0,15340.0,0.0,0.0,0.0,0.0,46
2023-05-09 23:32:29,pb2404,pb2404,15335.0,0.0,0.0,0.0,2,15345.0,15380.0,2,15335.0,15340.0,0.0,0.0,0.0,0.0,46
2023-05-09 23:32:29,pb2404,pb2404,15335.0,0.0,0.0,0.0,2,15325.0,15380.0,2,15335.0,15340.0,0.0,0.0,0.0,0.0,46
2023-05-09 23:32:30,pb2404,pb2404,15335.0,0.0,0.0,0.0,1,15330.0,15380.0,2,15335.0,15340.0,0.0,0.0,0.0,0.0,46
2023-05-09 23:33:09,pb2404,pb2404,15335.0,0.0,0.0,0.0,2,15335.0,15380.0,2,15335.0,15340.0,0.0,0.0,0.0,0.0,46
2023-05-09 23:33:10,pb2404,pb2404,15335.0,0.0,0.0,0.0,1,15340.0,15380.0,2,15335.0,15340.0,0.0,0.0,0.0,0.0,46
2023-05-09 23:33:47,pb2404,pb2404,15335.0,0.0,0.0,0.0,1,15340.0,15380.0,2,15335.0,15340.0,0.0,0.0,0.0,0.0,46
2023-05-09 23:33:50,pb2404,pb2404,15335.0,0.0,0.0,0.0,2,15345.0,15380.0,2,15335.0,15340.0,0.0,0.0,0.0,0.0,46
2023-05-09 23:33:51,pb2404,pb2404,15335.0,0.0,0.0,0.0,2,15345.0,15380.0,2,15335.0,15340.0,0.0,0.0,0.0,0.0,46
2023-05-09 23:33:52,pb2404,pb2404,15335.0,0.0,0.0,0.0,2,15325.0,15380.0,2,15335.0,15340.0,0.0,0.0,0.0,0.0,46
2023-05-09 23:33:52,pb2404,pb2404,15335.0,0.0,0.0,0.0,1,15330.0,15380.0,2,15335.0,15340.0,0.0,0.0,0.0,0.0,46
2023-05-09 23:34:31,pb2404,pb2404,15335.0,0.0,0.0,0.0,2,15335.0,15380.0,2,15335.0,15340.0,0.0,0.0,0.0,0.0,46
2023-05-09 23:34:31,pb2404,pb2404,15335.0,0.0,0.0,0.0,1,15340.0,15380.0,2,15335.0,15340.0,0.0,0.0,0.0,0.0,46
2023-05-09 23:35:09,pb2404,pb2404,15335.0,0.0,0.0,0.0,1,15340.0,15380.0,2,15335.0,15340.0,0.0,0.0,0.0,0.0,46
2023-05-09 23:35:11,pb2404,pb2404,15335.0,0.0,0.0,0.0,1,15340.0,15375.0,2,15335.0,15340.0,0.0,0.0,0.0,0.0,46
2023-05-09 23:35:13,pb2404,pb2404,15335.0,0.0,0.0,0.0,1,15340.0,15380.0,2,15335.0,15340.0,0.0,0.0,0.0,0.0,46
2023-05-09 23:35:52,pb2404,pb2404,15335.0,0.0,0.0,0.0,1,15340.0,15375.0,2,15335.0,15340.0,0.0,0.0,0.0,0.0,46
2023-05-09 23:35:54,pb2404,pb2404,15335.0,0.0,0.0,0.0,1,15340.0,15380.0,2,15335.0,15340.0,0.0,0.0,0.0,0.0,46
2023-05-09 23:36:34,pb2404,pb2404,15335.0,0.0,0.0,0.0,1,15340.0,15375.0,2,15335.0,15340.0,0.0,0.0,0.0,0.0,46
2023-05-09 23:36:35,pb2404,pb2404,15335.0,0.0,0.0,0.0,1,15340.0,15380.0,2,15335.0,15340.0,0.0,0.0,0.0,0.0,46
2023-05-09 23:37:15,pb2404,pb2404,15335.0,0.0,0.0,0.0,1,15340.0,15375.0,2,15335.0,15340.0,0.0,0.0,0.0,0.0,46
2023-05-09 23:37:17,pb2404,pb2404,15335.0,0.0,0.0,0.0,1,15340.0,15380.0,2,15335.0,15340.0,0.0,0.0,0.0,0.0,46
2023-05-09 23:37:33,pb2404,pb2404,15335.0,0.0,0.0,0.0,2,15325.0,15380.0,2,15335.0,15340.0,0.0,0.0,0.0,0.0,46
2023-05-09 23:37:34,pb2404,pb2404,15335.0,0.0,0.0,0.0,1,15330.0,15380.0,2,15335.0,15340.0,0.0,0.0,0.0,0.0,46
2023-05-09 23:37:56,pb2404,pb2404,15335.0,0.0,0.0,0.0,2,15335.0,15380.0,2,15335.0,15340.0,0.0,0.0,0.0,0.0,46
2023-05-09 23:37:57,pb2404,pb2404,15335.0,0.0,0.0,0.0,1,15340.0,15380.0,2,15335.0,15340.0,0.0,0.0,0.0,0.0,46
2023-05-09 23:38:02,pb2404,pb2404,15335.0,0.0,0.0,0.0,2,15325.0,15380.0,2,15335.0,15340.0,0.0,0.0,0.0,0.0,46
2023-05-09 23:38:03,pb2404,pb2404,15335.0,0.0,0.0,0.0,1,15330.0,15380.0,2,15335.0,15340.0,0.0,0.0,0.0,0.0,46
2023-05-09 23:38:38,pb2404,pb2404,15335.0,0.0,0.0,0.0,2,15335.0,15380.0,2,15335.0,15340.0,0.0,0.0,0.0,0.0,46
2023-05-09 23:38:39,pb2404,pb2404,15335.0,0.0,0.0,0.0,2,15335.0,15380.0,2,15335.0,15340.0,0.0,0.0,0.0,0.0,46
2023-05-09 23:42:33,pb2404,pb2404,15335.0,0.0,0.0,0.0,2,15335.0,15380.0,2,15335.0,15340.0,0.0,0.0,0.0,0.0,46
2023-05-09 23:42:33,pb2404,pb2404,15335.0,0.0,0.0,0.0,1,15340.0,15380.0,2,15335.0,15340.0,0.0,0.0,0.0,0.0,46
2023-05-09 23:43:10,pb2404,pb2404,15335.0,0.0,0.0,0.0,1,15340.0,15380.0,2,15335.0,15340.0,0.0,0.0,0.0,0.0,46
2023-05-09 23:43:38,pb2404,pb2404,15335.0,0.0,0.0,0.0,2,15345.0,15380.0,2,15335.0,15340.0,0.0,0.0,0.0,0.0,46
2023-05-09 23:43:38,pb2404,pb2404,15335.0,0.0,0.0,0.0,2,15345.0,15380.0,2,15335.0,15340.0,0.0,0.0,0.0,0.0,46
2023-05-09 23:43:39,pb2404,pb2404,15335.0,0.0,0.0,0.0,2,15325.0,15380.0,2,15335.0,15340.0,0.0,0.0,0.0,0.0,46
2023-05-09 23:43:40,pb2404,pb2404,15335.0,0.0,0.0,0.0,1,15330.0,15380.0,2,15335.0,15340.0,0.0,0.0,0.0,0.0,46
2023-05-09 23:44:21,pb2404,pb2404,15335.0,0.0,0.0,0.0,2,15335.0,15380.0,2,15335.0,15340.0,0.0,0.0,0.0,0.0,46
2023-05-09 23:44:22,pb2404,pb2404,15335.0,0.0,0.0,0.0,1,15340.0,15380.0,2,15335.0,15340.0,0.0,0.0,0.0,0.0,46
2023-05-09 23:44:59,pb2404,pb2404,15335.0,0.0,0.0,0.0,1,15340.0,15380.0,2,15335.0,15340.0,0.0,0.0,0.0,0.0,46
2023-05-09 23:45:03,pb2404,pb2404,15335.0,0.0,0.0,0.0,2,15345.0,15380.0,2,15335.0,15340.0,0.0,0.0,0.0,0.0,46
2023-05-09 23:45:03,pb2404,pb2404,15335.0,0.0,0.0,0.0,2,15345.0,15380.0,2,15335.0,15340.0,0.0,0.0,0.0,0.0,46
2023-05-09 23:45:04,pb2404,pb2404,15335.0,0.0,0.0,0.0,2,15325.0,15380.0,2,15335.0,15340.0,0.0,0.0,0.0,0.0,46
2023-05-09 23:45:04,pb2404,pb2404,15335.0,0.0,0.0,0.0,1,15330.0,15380.0,2,15335.0,15340.0,0.0,0.0,0.0,0.0,46
2023-05-09 23:45:44,pb2404,pb2404,15335.0,0.0,0.0,0.0,2,15335.0,15380.0,2,15335.0,15340.0,0.0,0.0,0.0,0.0,46
2023-05-09 23:45:44,pb2404,pb2404,15335.0,0.0,0.0,0.0,1,15340.0,15380.0,2,15335.0,15340.0,0.0,0.0,0.0,0.0,46
2023-05-09 23:46:22,pb2404,pb2404,15335.0,0.0,0.0,0.0,1,15340.0,15380.0,2,15335.0,15340.0,0.0,0.0,0.0,0.0,46
2023-05-09 23:46:26,pb2404,pb2404,15335.0,0.0,0.0,0.0,2,15345.0,15380.0,2,15335.0,15340.0,0.0,0.0,0.0,0.0,46
2023-05-09 23:46:26,pb2404,pb2404,15335.0,0.0,0.0,0.0,2,15345.0,15380.0,2,15335.0,15340.0,0.0,0.0,0.0,0.0,46
2023-05-09 23:46:27,pb2404,pb2404,15335.0,0.0,0.0,0.0,2,15325.0,15380.0,2,15335.0,15340.0,0.0,0.0,0.0,0.0,46
2023-05-09 23:46:27,pb2404,pb2404,15335.0,0.0,0.0,0.0,1,15330.0,15380.0,2,15335.0,15340.0,0.0,0.0,0.0,0.0,46
2023-05-09 23:47:06,pb2404,pb2404,15335.0,0.0,0.0,0.0,2,15335.0,15380.0,2,15335.0,15340.0,0.0,0.0,0.0,0.0,46
2023-05-09 23:47:07,pb2404,pb2404,15335.0,0.0,0.0,0.0,1,15340.0,15380.0,2,15335.0,15340.0,0.0,0.0,0.0,0.0,46
2023-05-09 23:47:45,pb2404,pb2404,15335.0,0.0,0.0,0.0,1,15340.0,15380.0,2,15335.0,15340.0,0.0,0.0,0.0,0.0,46
2023-05-09 23:47:48,pb2404,pb2404,15335.0,0.0,0.0,0.0,2,15345.0,15380.0,2,15335.0,15340.0,0.0,0.0,0.0,0.0,46
2023-05-09 23:47:48,pb2404,pb2404,15335.0,0.0,0.0,0.0,2,15345.0,15380.0,2,15335.0,15340.0,0.0,0.0,0.0,0.0,46
2023-05-09 23:47:49,pb2404,pb2404,15335.0,0.0,0.0,0.0,2,15325.0,15380.0,2,15335.0,15340.0,0.0,0.0,0.0,0.0,46
2023-05-09 23:47:50,pb2404,pb2404,15335.0,0.0,0.0,0.0,1,15330.0,15380.0,2,15335.0,15340.0,0.0,0.0,0.0,0.0,46
2023-05-09 23:48:29,pb2404,pb2404,15335.0,0.0,0.0,0.0,2,15335.0,15380.0,2,15335.0,15340.0,0.0,0.0,0.0,0.0,46
2023-05-09 23:48:30,pb2404,pb2404,15335.0,0.0,0.0,0.0,1,15340.0,15380.0,2,15335.0,15340.0,0.0,0.0,0.0,0.0,46
2023-05-09 23:49:07,pb2404,pb2404,15335.0,0.0,0.0,0.0,1,15340.0,15380.0,2,15335.0,15340.0,0.0,0.0,0.0,0.0,46
2023-05-09 23:49:10,pb2404,pb2404,15335.0,0.0,0.0,0.0,2,15345.0,15380.0,2,15335.0,15340.0,0.0,0.0,0.0,0.0,46
2023-05-09 23:49:11,pb2404,pb2404,15335.0,0.0,0.0,0.0,2,15345.0,15380.0,2,15335.0,15340.0,0.0,0.0,0.0,0.0,46
2023-05-09 23:49:12,pb2404,pb2404,15335.0,0.0,0.0,0.0,2,15325.0,15380.0,2,15335.0,15340.0,0.0,0.0,0.0,0.0,46
2023-05-09 23:49:12,pb2404,pb2404,15335.0,0.0,0.0,0.0,1,15330.0,15380.0,2,15335.0,15340.0,0.0,0.0,0.0,0.0,46
2023-05-09 23:49:51,pb2404,pb2404,15335.0,0.0,0.0,0.0,2,15335.0,15380.0,2,15335.0,15340.0,0.0,0.0,0.0,0.0,46
2023-05-09 23:49:51,pb2404,pb2404,15335.0,0.0,0.0,0.0,1,15340.0,15380.0,2,15335.0,15340.0,0.0,0.0,0.0,0.0,46
2023-05-09 23:50:29,pb2404,pb2404,15335.0,0.0,0.0,0.0,1,15340.0,15380.0,2,15335.0,15340.0,0.0,0.0,0.0,0.0,46
2023-05-09 23:50:32,pb2404,pb2404,15335.0,0.0,0.0,0.0,2,15345.0,15380.0,2,15335.0,15340.0,0.0,0.0,0.0,0.0,46
2023-05-09 23:50:32,pb2404,pb2404,15335.0,0.0,0.0,0.0,2,15345.0,15380.0,2,15335.0,15340.0,0.0,0.0,0.0,0.0,46
2023-05-09 23:50:33,pb2404,pb2404,15335.0,0.0,0.0,0.0,2,15325.0,15380.0,2,15335.0,15340.0,0.0,0.0,0.0,0.0,46
2023-05-09 23:50:34,pb2404,pb2404,15335.0,0.0,0.0,0.0,1,15330.0,15380.0,2,15335.0,15340.0,0.0,0.0,0.0,0.0,46
2023-05-09 23:51:13,pb2404,pb2404,15335.0,0.0,0.0,0.0,2,15335.0,15380.0,2,15335.0,15340.0,0.0,0.0,0.0,0.0,46
2023-05-09 23:51:13,pb2404,pb2404,15335.0,0.0,0.0,0.0,1,15340.0,15380.0,2,15335.0,15340.0,0.0,0.0,0.0,0.0,46
2023-05-09 23:51:51,pb2404,pb2404,15335.0,0.0,0.0,0.0,1,15340.0,15380.0,2,15335.0,15340.0,0.0,0.0,0.0,0.0,46
2023-05-09 23:51:54,pb2404,pb2404,15335.0,0.0,0.0,0.0,2,15345.0,15380.0,2,15335.0,15340.0,0.0,0.0,0.0,0.0,46
2023-05-09 23:51:55,pb2404,pb2404,15335.0,0.0,0.0,0.0,2,15345.0,15380.0,2,15335.0,15340.0,0.0,0.0,0.0,0.0,46
2023-05-09 23:51:56,pb2404,pb2404,15335.0,0.0,0.0,0.0,2,15325.0,15380.0,2,15335.0,15340.0,0.0,0.0,0.0,0.0,46
2023-05-09 23:51:56,pb2404,pb2404,15335.0,0.0,0.0,0.0,1,15330.0,15380.0,2,15335.0,15340.0,0.0,0.0,0.0,0.0,46
2023-05-09 23:52:35,pb2404,pb2404,15335.0,0.0,0.0,0.0,2,15335.0,15380.0,2,15335.0,15340.0,0.0,0.0,0.0,0.0,46
2023-05-09 23:52:35,pb2404,pb2404,15335.0,0.0,0.0,0.0,1,15340.0,15380.0,2,15335.0,15340.0,0.0,0.0,0.0,0.0,46
2023-05-09 23:53:13,pb2404,pb2404,15335.0,0.0,0.0,0.0,1,15340.0,15380.0,2,15335.0,15340.0,0.0,0.0,0.0,0.0,46
2023-05-09 23:53:16,pb2404,pb2404,15335.0,0.0,0.0,0.0,1,15340.0,15375.0,2,15335.0,15340.0,0.0,0.0,0.0,0.0,46
2023-05-09 23:53:18,pb2404,pb2404,15335.0,0.0,0.0,0.0,1,15340.0,15380.0,2,15335.0,15340.0,0.0,0.0,0.0,0.0,46
2023-05-09 23:53:57,pb2404,pb2404,15335.0,0.0,0.0,0.0,1,15340.0,15375.0,2,15335.0,15340.0,0.0,0.0,0.0,0.0,46
2023-05-09 23:53:59,pb2404,pb2404,15335.0,0.0,0.0,0.0,1,15340.0,15380.0,2,15335.0,15340.0,0.0,0.0,0.0,0.0,46
2023-05-09 23:54:39,pb2404,pb2404,15335.0,0.0,0.0,0.0,1,15340.0,15375.0,2,15335.0,15340.0,0.0,0.0,0.0,0.0,46
2023-05-09 23:54:40,pb2404,pb2404,15335.0,0.0,0.0,0.0,1,15340.0,15380.0,2,15335.0,15340.0,0.0,0.0,0.0,0.0,46
2023-05-09 23:55:19,pb2404,pb2404,15335.0,0.0,0.0,0.0,1,15340.0,15375.0,2,15335.0,15340.0,0.0,0.0,0.0,0.0,46
2023-05-09 23:55:21,pb2404,pb2404,15335.0,0.0,0.0,0.0,1,15340.0,15380.0,2,15335.0,15340.0,0.0,0.0,0.0,0.0,46
2023-05-09 23:56:00,pb2404,pb2404,15335.0,0.0,0.0,0.0,1,15340.0,15375.0,2,15335.0,15340.0,0.0,0.0,0.0,0.0,46
2023-05-09 23:56:00,pb2404,pb2404,15335.0,0.0,0.0,0.0,2,15325.0,15375.0,2,15335.0,15340.0,0.0,0.0,0.0,0.0,46
2023-05-09 23:56:01,pb2404,pb2404,15335.0,0.0,0.0,0.0,1,15330.0,15375.0,2,15335.0,15340.0,0.0,0.0,0.0,0.0,46
2023-05-09 23:56:01,pb2404,pb2404,15335.0,0.0,0.0,0.0,1,15330.0,15380.0,2,15335.0,15340.0,0.0,0.0,0.0,0.0,46
2023-05-09 23:56:41,pb2404,pb2404,15335.0,0.0,0.0,0.0,2,15335.0,15380.0,2,15335.0,15340.0,0.0,0.0,0.0,0.0,46
2023-05-09 23:56:41,pb2404,pb2404,15335.0,0.0,0.0,0.0,1,15340.0,15380.0,2,15335.0,15340.0,0.0,0.0,0.0,0.0,46
2023-05-09 23:57:19,pb2404,pb2404,15335.0,0.0,0.0,0.0,1,15340.0,15380.0,2,15335.0,15340.0,0.0,0.0,0.0,0.0,46
2023-05-09 23:57:22,pb2404,pb2404,15335.0,0.0,0.0,0.0,1,15340.0,15375.0,2,15335.0,15340.0,0.0,0.0,0.0,0.0,46
2023-05-09 23:57:23,pb2404,pb2404,15335.0,0.0,0.0,0.0,1,15340.0,15380.0,2,15335.0,15340.0,0.0,0.0,0.0,0.0,46
2023-05-09 23:58:04,pb2404,pb2404,15335.0,0.0,0.0,0.0,1,15340.0,15375.0,2,15335.0,15340.0,0.0,0.0,0.0,0.0,46
2023-05-09 23:58:05,pb2404,pb2404,15335.0,0.0,0.0,0.0,1,15340.0,15380.0,2,15335.0,15340.0,0.0,0.0,0.0,0.0,46
2023-05-09 23:58:45,pb2404,pb2404,15335.0,0.0,0.0,0.0,2,15345.0,15380.0,2,15335.0,15340.0,0.0,0.0,0.0,0.0,46
2023-05-09 23:58:45,pb2404,pb2404,15335.0,0.0,0.0,0.0,2,15345.0,15380.0,2,15335.0,15340.0,0.0,0.0,0.0,0.0,46
2023-05-09 23:58:46,pb2404,pb2404,15335.0,0.0,0.0,0.0,2,15325.0,15380.0,2,15335.0,15340.0,0.0,0.0,0.0,0.0,46
2023-05-09 23:58:47,pb2404,pb2404,15335.0,0.0,0.0,0.0,1,15330.0,15380.0,2,15335.0,15340.0,0.0,0.0,0.0,0.0,46
2023-05-09 23:59:27,pb2404,pb2404,15335.0,0.0,0.0,0.0,2,15335.0,15380.0,2,15335.0,15340.0,0.0,0.0,0.0,0.0,46
2023-05-09 23:59:27,pb2404,pb2404,15335.0,0.0,0.0,0.0,1,15340.0,15380.0,2,15335.0,15340.0,0.0,0.0,0.0,0.0,46
2023-05-09 23:59:45,pb2404,pb2404,15335.0,0.0,0.0,0.0,1,15340.0,15380.0,2,15335.0,15340.0,0.0,0.0,0.0,0.0,46
2023-05-10 00:00:16,pb2404,pb2404,15335.0,0.0,0.0,0.0,2,15345.0,15380.0,2,15335.0,15340.0,0.0,0.0,0.0,0.0,46
2023-05-10 00:00:17,pb2404,pb2404,15335.0,0.0,0.0,0.0,1,15350.0,15380.0,2,15335.0,15340.0,0.0,0.0,0.0,0.0,46
2023-05-10 00:00:18,pb2404,pb2404,15335.0,0.0,0.0,0.0,1,15350.0,15380.0,2,15335.0,15340.0,0.0,0.0,0.0,0.0,46
2023-05-10 00:02:26,pb2404,pb2404,15335.0,0.0,0.0,0.0,2,15325.0,15380.0,2,15335.0,15340.0,0.0,0.0,0.0,0.0,46
2023-05-10 00:02:26,pb2404,pb2404,15335.0,0.0,0.0,0.0,1,15330.0,15380.0,2,15335.0,15340.0,0.0,0.0,0.0,0.0,46
2023-05-10 00:02:53,pb2404,pb2404,15335.0,0.0,0.0,0.0,2,15335.0,15380.0,2,15335.0,15340.0,0.0,0.0,0.0,0.0,46
2023-05-10 00:02:53,pb2404,pb2404,15335.0,0.0,0.0,0.0,1,15340.0,15380.0,2,15335.0,15340.0,0.0,0.0,0.0,0.0,46
2023-05-10 00:03:31,pb2404,pb2404,15335.0,0.0,0.0,0.0,1,15340.0,15380.0,2,15335.0,15340.0,0.0,0.0,0.0,0.0,46
2023-05-10 00:03:34,pb2404,pb2404,15335.0,0.0,0.0,0.0,2,15345.0,15380.0,2,15335.0,15340.0,0.0,0.0,0.0,0.0,46
2023-05-10 00:03:35,pb2404,pb2404,15335.0,0.0,0.0,0.0,2,15345.0,15380.0,2,15335.0,15340.0,0.0,0.0,0.0,0.0,46
2023-05-10 00:03:36,pb2404,pb2404,15335.0,0.0,0.0,0.0,2,15325.0,15380.0,2,15335.0,15340.0,0.0,0.0,0.0,0.0,46
2023-05-10 00:03:36,pb2404,pb2404,15335.0,0.0,0.0,0.0,1,15330.0,15380.0,2,15335.0,15340.0,0.0,0.0,0.0,0.0,46
2023-05-10 00:04:16,pb2404,pb2404,15335.0,0.0,0.0,0.0,2,15335.0,15380.0,2,15335.0,15340.0,0.0,0.0,0.0,0.0,46
2023-05-10 00:04:16,pb2404,pb2404,15335.0,0.0,0.0,0.0,1,15340.0,15380.0,2,15335.0,15340.0,0.0,0.0,0.0,0.0,46
2023-05-10 00:04:54,pb2404,pb2404,15335.0,0.0,0.0,0.0,1,15340.0,15380.0,2,15335.0,15340.0,0.0,0.0,0.0,0.0,46
2023-05-10 00:04:56,pb2404,pb2404,15335.0,0.0,0.0,0.0,1,15340.0,15375.0,2,15335.0,15340.0,0.0,0.0,0.0,0.0,46
2023-05-10 00:04:57,pb2404,pb2404,15335.0,0.0,0.0,0.0,1,15340.0,15380.0,2,15335.0,15340.0,0.0,0.0,0.0,0.0,46
2023-05-10 00:05:38,pb2404,pb2404,15335.0,0.0,0.0,0.0,1,15340.0,15375.0,2,15335.0,15340.0,0.0,0.0,0.0,0.0,46
2023-05-10 00:05:39,pb2404,pb2404,15335.0,0.0,0.0,0.0,1,15340.0,15380.0,2,15335.0,15340.0,0.0,0.0,0.0,0.0,46
2023-05-10 00:06:18,pb2404,pb2404,15335.0,0.0,0.0,0.0,1,15340.0,15375.0,2,15335.0,15340.0,0.0,0.0,0.0,0.0,46
2023-05-10 00:06:19,pb2404,pb2404,15335.0,0.0,0.0,0.0,1,15340.0,15380.0,2,15335.0,15340.0,0.0,0.0,0.0,0.0,46
2023-05-10 00:06:59,pb2404,pb2404,15335.0,0.0,0.0,0.0,1,15340.0,15375.0,2,15335.0,15340.0,0.0,0.0,0.0,0.0,46
2023-05-10 00:07:00,pb2404,pb2404,15335.0,0.0,0.0,0.0,1,15340.0,15380.0,2,15335.0,15340.0,0.0,0.0,0.0,0.0,46
2023-05-10 00:07:39,pb2404,pb2404,15335.0,0.0,0.0,0.0,1,15340.0,15375.0,2,15335.0,15340.0,0.0,0.0,0.0,0.0,46
2023-05-10 00:07:40,pb2404,pb2404,15335.0,0.0,0.0,0.0,1,15345.0,15375.0,2,15335.0,15340.0,0.0,0.0,0.0,0.0,46
2023-05-10 00:07:41,pb2404,pb2404,15335.0,0.0,0.0,0.0,1,15345.0,15380.0,2,15335.0,15340.0,0.0,0.0,0.0,0.0,46
2023-05-10 00:08:22,pb2404,pb2404,15335.0,0.0,0.0,0.0,1,15345.0,15375.0,2,15335.0,15340.0,0.0,0.0,0.0,0.0,46
2023-05-10 00:08:24,pb2404,pb2404,15335.0,0.0,0.0,0.0,1,15345.0,15380.0,2,15335.0,15340.0,0.0,0.0,0.0,0.0,46
2023-05-10 00:09:03,pb2404,pb2404,15335.0,0.0,0.0,0.0,1,15345.0,15375.0,2,15335.0,15340.0,0.0,0.0,0.0,0.0,46
2023-05-10 00:09:04,pb2404,pb2404,15335.0,0.0,0.0,0.0,1,15345.0,15380.0,2,15335.0,15340.0,0.0,0.0,0.0,0.0,46
2023-05-10 00:09:44,pb2404,pb2404,15335.0,0.0,0.0,0.0,1,15345.0,15375.0,2,15335.0,15340.0,0.0,0.0,0.0,0.0,46
2023-05-10 00:09:45,pb2404,pb2404,15335.0,0.0,0.0,0.0,1,15345.0,15380.0,2,15335.0,15340.0,0.0,0.0,0.0,0.0,46
2023-05-10 00:10:25,pb2404,pb2404,15335.0,0.0,0.0,0.0,1,15345.0,15375.0,2,15335.0,15340.0,0.0,0.0,0.0,0.0,46
2023-05-10 00:10:26,pb2404,pb2404,15335.0,0.0,0.0,0.0,1,15345.0,15380.0,2,15335.0,15340.0,0.0,0.0,0.0,0.0,46
2023-05-10 00:11:07,pb2404,pb2404,15335.0,0.0,0.0,0.0,1,15345.0,15375.0,2,15335.0,15340.0,0.0,0.0,0.0,0.0,46
2023-05-10 00:11:08,pb2404,pb2404,15335.0,0.0,0.0,0.0,2,15325.0,15375.0,2,15335.0,15340.0,0.0,0.0,0.0,0.0,46
2023-05-10 00:11:08,pb2404,pb2404,15335.0,0.0,0.0,0.0,1,15330.0,15380.0,2,15335.0,15340.0,0.0,0.0,0.0,0.0,46
2023-05-10 00:11:48,pb2404,pb2404,15335.0,0.0,0.0,0.0,2,15335.0,15380.0,2,15335.0,15340.0,0.0,0.0,0.0,0.0,46
2023-05-10 00:11:48,pb2404,pb2404,15335.0,0.0,0.0,0.0,1,15340.0,15380.0,2,15335.0,15340.0,0.0,0.0,0.0,0.0,46
2023-05-10 00:12:25,pb2404,pb2404,15335.0,0.0,0.0,0.0,1,15340.0,15380.0,2,15335.0,15340.0,0.0,0.0,0.0,0.0,46
2023-05-10 00:12:29,pb2404,pb2404,15335.0,0.0,0.0,0.0,1,15340.0,15375.0,2,15335.0,15340.0,0.0,0.0,0.0,0.0,46
2023-05-10 00:12:30,pb2404,pb2404,15335.0,0.0,0.0,0.0,1,15340.0,15380.0,2,15335.0,15340.0,0.0,0.0,0.0,0.0,46
2023-05-10 00:13:09,pb2404,pb2404,15335.0,0.0,0.0,0.0,1,15340.0,15375.0,2,15335.0,15340.0,0.0,0.0,0.0,0.0,46
2023-05-10 00:13:11,pb2404,pb2404,15335.0,0.0,0.0,0.0,1,15340.0,15380.0,2,15335.0,15340.0,0.0,0.0,0.0,0.0,46
2023-05-10 00:13:51,pb2404,pb2404,15335.0,0.0,0.0,0.0,1,15340.0,15375.0,2,15335.0,15340.0,0.0,0.0,0.0,0.0,46
2023-05-10 00:13:52,pb2404,pb2404,15335.0,0.0,0.0,0.0,1,15340.0,15380.0,2,15335.0,15340.0,0.0,0.0,0.0,0.0,46
2023-05-10 00:14:31,pb2404,pb2404,15335.0,0.0,0.0,0.0,1,15340.0,15375.0,2,15335.0,15340.0,0.0,0.0,0.0,0.0,46
2023-05-10 00:14:32,pb2404,pb2404,15335.0,0.0,0.0,0.0,1,15340.0,15380.0,2,15335.0,15340.0,0.0,0.0,0.0,0.0,46
2023-05-10 00:15:12,pb2404,pb2404,15335.0,0.0,0.0,0.0,1,15340.0,15375.0,2,15335.0,15340.0,0.0,0.0,0.0,0.0,46
2023-05-10 00:15:13,pb2404,pb2404,15335.0,0.0,0.0,0.0,1,15345.0,15375.0,2,15335.0,15340.0,0.0,0.0,0.0,0.0,46
2023-05-10 00:15:14,pb2404,pb2404,15335.0,0.0,0.0,0.0,1,15345.0,15380.0,2,15335.0,15340.0,0.0,0.0,0.0,0.0,46
2023-05-10 00:15:54,pb2404,pb2404,15335.0,0.0,0.0,0.0,1,15345.0,15375.0,2,15335.0,15340.0,0.0,0.0,0.0,0.0,46
2023-05-10 00:15:55,pb2404,pb2404,15335.0,0.0,0.0,0.0,1,15345.0,15380.0,2,15335.0,15340.0,0.0,0.0,0.0,0.0,46
2023-05-10 00:16:36,pb2404,pb2404,15335.0,0.0,0.0,0.0,1,15345.0,15375.0,2,15335.0,15340.0,0.0,0.0,0.0,0.0,46
2023-05-10 00:16:37,pb2404,pb2404,15335.0,0.0,0.0,0.0,1,15345.0,15380.0,2,15335.0,15340.0,0.0,0.0,0.0,0.0,46
2023-05-10 00:17:17,pb2404,pb2404,15335.0,0.0,0.0,0.0,1,15345.0,15375.0,2,15335.0,15340.0,0.0,0.0,0.0,0.0,46
2023-05-10 00:17:19,pb2404,pb2404,15335.0,0.0,0.0,0.0,1,15345.0,15380.0,2,15335.0,15340.0,0.0,0.0,0.0,0.0,46
2023-05-10 00:17:58,pb2404,pb2404,15335.0,0.0,0.0,0.0,1,15345.0,15375.0,2,15335.0,15340.0,0.0,0.0,0.0,0.0,46
2023-05-10 00:17:59,pb2404,pb2404,15335.0,0.0,0.0,0.0,1,15345.0,15380.0,2,15335.0,15340.0,0.0,0.0,0.0,0.0,46
2023-05-10 00:18:39,pb2404,pb2404,15335.0,0.0,0.0,0.0,1,15345.0,15375.0,2,15335.0,15340.0,0.0,0.0,0.0,0.0,46
2023-05-10 00:18:40,pb2404,pb2404,15335.0,0.0,0.0,0.0,2,15325.0,15375.0,2,15335.0,15340.0,0.0,0.0,0.0,0.0,46
2023-05-10 00:18:40,pb2404,pb2404,15335.0,0.0,0.0,0.0,1,15330.0,15375.0,2,15335.0,15340.0,0.0,0.0,0.0,0.0,46
2023-05-10 00:18:41,pb2404,pb2404,15335.0,0.0,0.0,0.0,1,15330.0,15380.0,2,15335.0,15340.0,0.0,0.0,0.0,0.0,46
2023-05-10 00:19:20,pb2404,pb2404,15335.0,0.0,0.0,0.0,2,15335.0,15380.0,2,15335.0,15340.0,0.0,0.0,0.0,0.0,46
2023-05-10 00:19:20,pb2404,pb2404,15335.0,0.0,0.0,0.0,1,15340.0,15380.0,2,15335.0,15340.0,0.0,0.0,0.0,0.0,46
2023-05-10 00:19:58,pb2404,pb2404,15335.0,0.0,0.0,0.0,1,15340.0,15380.0,2,15335.0,15340.0,0.0,0.0,0.0,0.0,46
2023-05-10 00:20:01,pb2404,pb2404,15335.0,0.0,0.0,0.0,1,15340.0,15375.0,2,15335.0,15340.0,0.0,0.0,0.0,0.0,46
2023-05-10 00:20:02,pb2404,pb2404,15335.0,0.0,0.0,0.0,1,15340.0,15380.0,2,15335.0,15340.0,0.0,0.0,0.0,0.0,46
2023-05-10 00:20:41,pb2404,pb2404,15335.0,0.0,0.0,0.0,1,15340.0,15375.0,2,15335.0,15340.0,0.0,0.0,0.0,0.0,46
2023-05-10 00:20:43,pb2404,pb2404,15335.0,0.0,0.0,0.0,1,15340.0,15380.0,2,15335.0,15340.0,0.0,0.0,0.0,0.0,46
2023-05-10 00:21:22,pb2404,pb2404,15335.0,0.0,0.0,0.0,1,15340.0,15375.0,2,15335.0,15340.0,0.0,0.0,0.0,0.0,46
2023-05-10 00:21:23,pb2404,pb2404,15335.0,0.0,0.0,0.0,1,15340.0,15380.0,2,15335.0,15340.0,0.0,0.0,0.0,0.0,46
2023-05-10 00:22:04,pb2404,pb2404,15335.0,0.0,0.0,0.0,1,15340.0,15375.0,2,15335.0,15340.0,0.0,0.0,0.0,0.0,46
2023-05-10 00:22:05,pb2404,pb2404,15335.0,0.0,0.0,0.0,1,15340.0,15380.0,2,15335.0,15340.0,0.0,0.0,0.0,0.0,46
2023-05-10 00:22:46,pb2404,pb2404,15335.0,0.0,0.0,0.0,1,15340.0,15375.0,2,15335.0,15340.0,0.0,0.0,0.0,0.0,46
2023-05-10 00:22:46,pb2404,pb2404,15335.0,0.0,0.0,0.0,1,15345.0,15375.0,2,15335.0,15340.0,0.0,0.0,0.0,0.0,46
2023-05-10 00:22:47,pb2404,pb2404,15335.0,0.0,0.0,0.0,1,15345.0,15380.0,2,15335.0,15340.0,0.0,0.0,0.0,0.0,46
2023-05-10 00:23:27,pb2404,pb2404,15335.0,0.0,0.0,0.0,1,15345.0,15375.0,2,15335.0,15340.0,0.0,0.0,0.0,0.0,46
2023-05-10 00:23:28,pb2404,pb2404,15335.0,0.0,0.0,0.0,1,15345.0,15380.0,2,15335.0,15340.0,0.0,0.0,0.0,0.0,46
2023-05-10 00:24:08,pb2404,pb2404,15335.0,0.0,0.0,0.0,1,15345.0,15375.0,2,15335.0,15340.0,0.0,0.0,0.0,0.0,46
2023-05-10 00:24:10,pb2404,pb2404,15335.0,0.0,0.0,0.0,1,15345.0,15380.0,2,15335.0,15340.0,0.0,0.0,0.0,0.0,46
2023-05-10 00:24:49,pb2404,pb2404,15335.0,0.0,0.0,0.0,1,15345.0,15375.0,2,15335.0,15340.0,0.0,0.0,0.0,0.0,46
2023-05-10 00:24:50,pb2404,pb2404,15335.0,0.0,0.0,0.0,1,15345.0,15380.0,2,15335.0,15340.0,0.0,0.0,0.0,0.0,46
2023-05-10 00:25:30,pb2404,pb2404,15335.0,0.0,0.0,0.0,1,15345.0,15375.0,2,15335.0,15340.0,0.0,0.0,0.0,0.0,46
2023-05-10 00:25:31,pb2404,pb2404,15335.0,0.0,0.0,0.0,1,15345.0,15380.0,2,15335.0,15340.0,0.0,0.0,0.0,0.0,46
2023-05-10 00:26:11,pb2404,pb2404,15335.0,0.0,0.0,0.0,1,15345.0,15375.0,2,15335.0,15340.0,0.0,0.0,0.0,0.0,46
2023-05-10 00:26:12,pb2404,pb2404,15335.0,0.0,0.0,0.0,1,15350.0,15375.0,2,15335.0,15340.0,0.0,0.0,0.0,0.0,46
2023-05-10 00:26:13,pb2404,pb2404,15335.0,0.0,0.0,0.0,1,15350.0,15380.0,2,15335.0,15340.0,0.0,0.0,0.0,0.0,46
2023-05-10 00:46:28,pb2404,pb2404,15335.0,0.0,0.0,0.0,2,15325.0,15380.0,2,15335.0,15340.0,0.0,0.0,0.0,0.0,46
2023-05-10 00:46:29,pb2404,pb2404,15335.0,0.0,0.0,0.0,1,15330.0,15380.0,2,15335.0,15340.0,0.0,0.0,0.0,0.0,46
2023-05-10 00:46:29,pb2404,pb2404,15335.0,0.0,0.0,0.0,3,15330.0,15380.0,2,15335.0,15340.0,0.0,0.0,0.0,0.0,46
2023-05-10 00:51:30,pb2404,pb2404,15335.0,0.0,0.0,0.0,1,15330.0,15380.0,2,15335.0,15340.0,0.0,0.0,0.0,0.0,46
2023-05-10 00:51:31,pb2404,pb2404,15335.0,0.0,0.0,0.0,1,15335.0,15380.0,2,15335.0,15340.0,0.0,0.0,0.0,0.0,46
2023-05-10 00:51:32,pb2404,pb2404,15335.0,0.0,0.0,0.0,2,15340.0,15380.0,2,15335.0,15340.0,0.0,0.0,0.0,0.0,46
2023-05-10 00:51:32,pb2404,pb2404,15335.0,0.0,0.0,0.0,1,15345.0,15380.0,2,15335.0,15340.0,0.0,0.0,0.0,0.0,46
2023-05-10 00:52:09,pb2404,pb2404,15335.0,0.0,0.0,0.0,1,15345.0,15380.0,2,15335.0,15340.0,0.0,0.0,0.0,0.0,46
2023-05-10 00:52:13,pb2404,pb2404,15335.0,0.0,0.0,0.0,2,15350.0,15380.0,2,15335.0,15340.0,0.0,0.0,0.0,0.0,46
2023-05-10 00:52:13,pb2404,pb2404,15335.0,0.0,0.0,0.0,2,15350.0,15380.0,2,15335.0,15340.0,0.0,0.0,0.0,0.0,46
2023-05-10 00:52:14,pb2404,pb2404,15335.0,0.0,0.0,0.0,2,15325.0,15380.0,2,15335.0,15340.0,0.0,0.0,0.0,0.0,46
2023-05-10 00:52:15,pb2404,pb2404,15335.0,0.0,0.0,0.0,1,15330.0,15380.0,2,15335.0,15340.0,0.0,0.0,0.0,0.0,46
2023-05-10 00:52:54,pb2404,pb2404,15335.0,0.0,0.0,0.0,2,15335.0,15380.0,2,15335.0,15340.0,0.0,0.0,0.0,0.0,46
2023-05-10 00:52:55,pb2404,pb2404,15335.0,0.0,0.0,0.0,1,15340.0,15380.0,2,15335.0,15340.0,0.0,0.0,0.0,0.0,46
2023-05-10 00:53:32,pb2404,pb2404,15335.0,0.0,0.0,0.0,1,15340.0,15380.0,2,15335.0,15340.0,0.0,0.0,0.0,0.0,46
2023-05-10 00:53:35,pb2404,pb2404,15335.0,0.0,0.0,0.0,2,15345.0,15380.0,2,15335.0,15340.0,0.0,0.0,0.0,0.0,46
2023-05-10 00:53:36,pb2404,pb2404,15335.0,0.0,0.0,0.0,1,15350.0,15380.0,2,15335.0,15340.0,0.0,0.0,0.0,0.0,46
2023-05-10 00:53:37,pb2404,pb2404,15335.0,0.0,0.0,0.0,1,15350.0,15380.0,2,15335.0,15340.0,0.0,0.0,0.0,0.0,46
2023-05-10 00:57:10,pb2404,pb2404,15335.0,0.0,0.0,0.0,2,15325.0,15380.0,2,15335.0,15340.0,0.0,0.0,0.0,0.0,46
2023-05-10 00:57:11,pb2404,pb2404,15335.0,0.0,0.0,0.0,1,15330.0,15380.0,2,15335.0,15340.0,0.0,0.0,0.0,0.0,46
2023-05-10 00:57:11,pb2404,pb2404,15335.0,0.0,0.0,0.0,2,15335.0,15380.0,2,15335.0,15340.0,0.0,0.0,0.0,0.0,46
2023-05-10 00:57:12,pb2404,pb2404,15335.0,0.0,0.0,0.0,1,15340.0,15380.0,2,15335.0,15340.0,0.0,0.0,0.0,0.0,46
2023-05-10 00:57:49,pb2404,pb2404,15335.0,0.0,0.0,0.0,1,15340.0,15380.0,2,15335.0,15340.0,0.0,0.0,0.0,0.0,46
2023-05-10 00:57:53,pb2404,pb2404,15335.0,0.0,0.0,0.0,2,15345.0,15380.0,2,15335.0,15340.0,0.0,0.0,0.0,0.0,46
2023-05-10 00:57:53,pb2404,pb2404,15335.0,0.0,0.0,0.0,2,15345.0,15380.0,2,15335.0,15340.0,0.0,0.0,0.0,0.0,46
2023-05-10 00:57:54,pb2404,pb2404,15335.0,0.0,0.0,0.0,2,15325.0,15380.0,2,15335.0,15340.0,0.0,0.0,0.0,0.0,46
2023-05-10 00:57:55,pb2404,pb2404,15335.0,0.0,0.0,0.0,1,15330.0,15380.0,2,15335.0,15340.0,0.0,0.0,0.0,0.0,46
2023-05-10 00:58:34,pb2404,pb2404,15335.0,0.0,0.0,0.0,2,15335.0,15380.0,2,15335.0,15340.0,0.0,0.0,0.0,0.0,46
2023-05-10 00:58:35,pb2404,pb2404,15335.0,0.0,0.0,0.0,1,15340.0,15380.0,2,15335.0,15340.0,0.0,0.0,0.0,0.0,46
2023-05-10 00:58:59,pb2404,pb2404,15335.0,0.0,0.0,0.0,1,15340.0,15380.0,2,15335.0,15340.0,0.0,0.0,0.0,0.0,46
2023-05-10 00:59:01,pb2404,pb2404,15335.0,0.0,0.0,0.0,1,15340.0,15380.0,2,15335.0,15340.0,0.0,0.0,0.0,0.0,46
2023-05-10 00:59:13,pb2404,pb2404,15335.0,0.0,0.0,0.0,1,15340.0,15380.0,2,15335.0,15340.0,0.0,0.0,0.0,0.0,46
2023-05-10 00:59:15,pb2404,pb2404,15335.0,0.0,0.0,0.0,2,15325.0,15380.0,2,15335.0,15340.0,0.0,0.0,0.0,0.0,46
2023-05-10 00:59:16,pb2404,pb2404,15335.0,0.0,0.0,0.0,2,15345.0,15380.0,2,15335.0,15340.0,0.0,0.0,0.0,0.0,46
2023-05-10 00:59:16,pb2404,pb2404,15335.0,0.0,0.0,0.0,2,15345.0,15380.0,2,15335.0,15340.0,0.0,0.0,0.0,0.0,46
2023-05-10 00:59:17,pb2404,pb2404,15335.0,0.0,0.0,0.0,2,15325.0,15380.0,2,15335.0,15340.0,0.0,0.0,0.0,0.0,46
2023-05-10 00:59:17,pb2404,pb2404,15335.0,0.0,0.0,0.0,1,15330.0,15380.0,2,15335.0,15340.0,0.0,0.0,0.0,0.0,46
2023-05-10 00:59:37,pb2404,pb2404,15335.0,0.0,0.0,0.0,1,15330.0,15380.0,2,15335.0,15340.0,0.0,0.0,0.0,0.0,46
2023-05-10 00:59:39,pb2404,pb2404,15335.0,0.0,0.0,0.0,2,15325.0,15380.0,2,15335.0,15340.0,0.0,0.0,0.0,0.0,46
2023-05-10 00:59:44,pb2404,pb2404,15335.0,0.0,0.0,0.0,2,15325.0,15380.0,2,15335.0,15340.0,0.0,0.0,0.0,0.0,46
2023-05-10 00:59:56,pb2404,pb2404,15335.0,0.0,0.0,0.0,2,15325.0,15380.0,2,15335.0,15340.0,0.0,0.0,0.0,0.0,46
2023-05-10 09:00:01,pb2404,pb2404,15335.0,0.0,0.0,0.0,1,15330.0,15380.0,2,15335.0,15340.0,0.0,0.0,0.0,0.0,46
2023-05-10 09:00:01,pb2404,pb2404,15335.0,0.0,0.0,0.0,1,15330.0,15380.0,2,15335.0,15340.0,0.0,0.0,0.0,0.0,46
2023-05-10 09:00:03,pb2404,pb2404,15335.0,0.0,0.0,0.0,1,15330.0,15380.0,2,15335.0,15340.0,0.0,0.0,0.0,0.0,46
2023-05-10 09:00:06,pb2404,pb2404,15335.0,0.0,0.0,0.0,1,15330.0,15380.0,2,15335.0,15340.0,0.0,0.0,0.0,0.0,46
2023-05-10 09:00:20,pb2404,pb2404,15335.0,0.0,0.0,0.0,2,15335.0,15380.0,2,15335.0,15340.0,0.0,0.0,0.0,0.0,46
2023-05-10 09:00:21,pb2404,pb2404,15335.0,0.0,0.0,0.0,1,15340.0,15380.0,2,15335.0,15340.0,0.0,0.0,0.0,0.0,46
2023-05-10 09:00:22,pb2404,pb2404,15335.0,0.0,0.0,0.0,1,15340.0,15400.0,1,15335.0,15340.0,0.0,0.0,0.0,0.0,46
2023-05-10 09:00:23,pb2404,pb2404,15335.0,0.0,0.0,0.0,1,15340.0,15400.0,1,15335.0,15340.0,0.0,0.0,0.0,0.0,46
2023-05-10 09:00:26,pb2404,pb2404,15335.0,0.0,0.0,0.0,1,15340.0,15450.0,1,15335.0,15340.0,0.0,0.0,0.0,0.0,46
2023-05-10 09:00:27,pb2404,pb2404,15335.0,0.0,0.0,0.0,1,15340.0,15445.0,2,15335.0,15340.0,0.0,0.0,0.0,0.0,46
2023-05-10 09:01:00,pb2404,pb2404,15335.0,0.0,0.0,0.0,1,15340.0,15445.0,2,15335.0,15340.0,0.0,0.0,0.0,0.0,46
2023-05-10 09:01:05,pb2404,pb2404,15335.0,0.0,0.0,0.0,1,15340.0,15440.0,2,15335.0,15340.0,0.0,0.0,0.0,0.0,46
2023-05-10 09:03:00,pb2404,pb2404,15335.0,0.0,0.0,0.0,1,15340.0,15440.0,2,15335.0,15340.0,0.0,0.0,0.0,0.0,46
2023-05-10 09:03:01,pb2404,pb2404,15335.0,0.0,0.0,0.0,1,15340.0,15435.0,2,15335.0,15340.0,0.0,0.0,0.0,0.0,46
2023-05-10 09:03:21,pb2404,pb2404,15335.0,0.0,0.0,0.0,1,15345.0,15435.0,2,15335.0,15340.0,0.0,0.0,0.0,0.0,46
2023-05-10 09:03:38,pb2404,pb2404,15335.0,0.0,0.0,0.0,1,15345.0,15435.0,2,15335.0,15340.0,0.0,0.0,0.0,0.0,46
2023-05-10 09:04:00,pb2404,pb2404,15335.0,0.0,0.0,0.0,1,15345.0,15430.0,2,15335.0,15340.0,0.0,0.0,0.0,0.0,46
2023-05-10 09:04:01,pb2404,pb2404,15335.0,0.0,0.0,0.0,1,15345.0,15430.0,2,15335.0,15340.0,0.0,0.0,0.0,0.0,46
2023-05-10 09:04:01,pb2404,pb2404,15335.0,0.0,0.0,0.0,1,15345.0,15425.0,2,15335.0,15340.0,0.0,0.0,0.0,0.0,46
2023-05-10 09:04:39,pb2404,pb2404,15335.0,0.0,0.0,0.0,1,15345.0,15425.0,2,15335.0,15340.0,0.0,0.0,0.0,0.0,46
2023-05-10 09:04:45,pb2404,pb2404,15335.0,0.0,0.0,0.0,1,15345.0,15420.0,2,15335.0,15340.0,0.0,0.0,0.0,0.0,46
2023-05-10 09:04:45,pb2404,pb2404,15335.0,0.0,0.0,0.0,1,15345.0,15420.0,2,15335.0,15340.0,0.0,0.0,0.0,0.0,46
2023-05-10 09:04:46,pb2404,pb2404,15335.0,0.0,0.0,0.0,1,15345.0,15415.0,2,15335.0,15340.0,0.0,0.0,0.0,0.0,46
2023-05-10 09:05:00,pb2404,pb2404,15335.0,0.0,0.0,0.0,1,15345.0,15420.0,2,15335.0,15340.0,0.0,0.0,0.0,0.0,46
2023-05-10 09:06:23,pb2404,pb2404,15335.0,0.0,0.0,0.0,1,15350.0,15420.0,2,15335.0,15340.0,0.0,0.0,0.0,0.0,46
2023-05-10 09:09:24,pb2404,pb2404,15335.0,0.0,0.0,0.0,1,15355.0,15420.0,2,15335.0,15340.0,0.0,0.0,0.0,0.0,46
2023-05-10 09:09:42,pb2404,pb2404,15335.0,0.0,0.0,0.0,1,15355.0,15450.0,1,15335.0,15340.0,0.0,0.0,0.0,0.0,46
2023-05-10 09:09:42,pb2404,pb2404,15335.0,0.0,0.0,0.0,1,15355.0,15445.0,2,15335.0,15340.0,0.0,0.0,0.0,0.0,46
2023-05-10 09:09:45,pb2404,pb2404,15335.0,0.0,0.0,0.0,1,15355.0,15445.0,3,15335.0,15340.0,0.0,0.0,0.0,0.0,46
2023-05-10 09:09:46,pb2404,pb2404,15335.0,0.0,0.0,0.0,1,15355.0,15440.0,2,15335.0,15340.0,0.0,0.0,0.0,0.0,46
2023-05-10 09:09:51,pb2404,pb2404,15335.0,0.0,0.0,0.0,1,15355.0,15440.0,2,15335.0,15340.0,0.0,0.0,0.0,0.0,46
2023-05-10 09:09:52,pb2404,pb2404,15335.0,0.0,0.0,0.0,1,15355.0,15435.0,2,15335.0,15340.0,0.0,0.0,0.0,0.0,46
2023-05-10 09:09:56,pb2404,pb2404,15335.0,0.0,0.0,0.0,2,15325.0,15435.0,2,15335.0,15340.0,0.0,0.0,0.0,0.0,46
2023-05-10 09:09:57,pb2404,pb2404,15335.0,0.0,0.0,0.0,1,15330.0,15435.0,2,15335.0,15340.0,0.0,0.0,0.0,0.0,46
2023-05-10 09:10:27,pb2404,pb2404,15335.0,0.0,0.0,0.0,1,15330.0,15435.0,3,15335.0,15340.0,0.0,0.0,0.0,0.0,46
2023-05-10 09:10:31,pb2404,pb2404,15335.0,0.0,0.0,0.0,1,15330.0,15435.0,3,15335.0,15340.0,0.0,0.0,0.0,0.0,46
2023-05-10 09:11:11,pb2404,pb2404,15335.0,0.0,0.0,0.0,1,15330.0,15435.0,1,15335.0,15340.0,0.0,0.0,0.0,0.0,46
2023-05-10 09:11:13,pb2404,pb2404,15335.0,0.0,0.0,0.0,1,15330.0,15430.0,2,15335.0,15340.0,0.0,0.0,0.0,0.0,46
2023-05-10 09:11:17,pb2404,pb2404,15335.0,0.0,0.0,0.0,1,15330.0,15425.0,1,15335.0,15340.0,0.0,0.0,0.0,0.0,46
2023-05-10 09:11:24,pb2404,pb2404,15335.0,0.0,0.0,0.0,1,15330.0,15425.0,1,15335.0,15340.0,0.0,0.0,0.0,0.0,46
2023-05-10 09:11:54,pb2404,pb2404,15335.0,0.0,0.0,0.0,1,15330.0,15425.0,1,15335.0,15340.0,0.0,0.0,0.0,0.0,46
2023-05-10 09:11:57,pb2404,pb2404,15335.0,0.0,0.0,0.0,1,15330.0,15420.0,2,15335.0,15340.0,0.0,0.0,0.0,0.0,46
2023-05-10 09:12:59,pb2404,pb2404,15335.0,0.0,0.0,0.0,1,15335.0,15420.0,2,15335.0,15340.0,0.0,0.0,0.0,0.0,46
2023-05-10 09:13:22,pb2404,pb2404,15335.0,0.0,0.0,0.0,1,15335.0,15420.0,2,15335.0,15340.0,0.0,0.0,0.0,0.0,46
2023-05-10 09:13:23,pb2404,pb2404,15335.0,0.0,0.0,0.0,1,15335.0,15415.0,1,15335.0,15340.0,0.0,0.0,0.0,0.0,46
2023-05-10 09:13:28,pb2404,pb2404,15335.0,0.0,0.0,0.0,1,15335.0,15420.0,2,15335.0,15340.0,0.0,0.0,0.0,0.0,46
2023-05-10 09:16:26,pb2404,pb2404,15335.0,0.0,0.0,0.0,1,15340.0,15420.0,2,15335.0,15340.0,0.0,0.0,0.0,0.0,46
2023-05-10 09:16:35,pb2404,pb2404,15335.0,0.0,0.0,0.0,2,15325.0,15420.0,2,15335.0,15340.0,0.0,0.0,0.0,0.0,46
2023-05-10 09:16:35,pb2404,pb2404,15335.0,0.0,0.0,0.0,1,15330.0,15420.0,2,15335.0,15340.0,0.0,0.0,0.0,0.0,46
2023-05-10 09:16:57,pb2404,pb2404,15335.0,0.0,0.0,0.0,1,15330.0,15445.0,1,15335.0,15340.0,0.0,0.0,0.0,0.0,46
2023-05-10 09:16:57,pb2404,pb2404,15335.0,0.0,0.0,0.0,1,15330.0,15440.0,2,15335.0,15340.0,0.0,0.0,0.0,0.0,46
2023-05-10 09:16:58,pb2404,pb2404,15335.0,0.0,0.0,0.0,1,15330.0,15435.0,2,15335.0,15340.0,0.0,0.0,0.0,0.0,46
2023-05-10 09:16:58,pb2404,pb2404,15335.0,0.0,0.0,0.0,1,15330.0,15435.0,3,15335.0,15340.0,0.0,0.0,0.0,0.0,46
2023-05-10 09:17:01,pb2404,pb2404,15335.0,0.0,0.0,0.0,1,15330.0,15435.0,5,15335.0,15340.0,0.0,0.0,0.0,0.0,46
2023-05-10 09:17:01,pb2404,pb2404,15335.0,0.0,0.0,0.0,1,15330.0,15430.0,1,15335.0,15340.0,0.0,0.0,0.0,0.0,46
2023-05-10 09:17:02,pb2404,pb2404,15335.0,0.0,0.0,0.0,1,15330.0,15430.0,1,15335.0,15340.0,0.0,0.0,0.0,0.0,46
2023-05-10 09:17:39,pb2404,pb2404,15335.0,0.0,0.0,0.0,1,15330.0,15430.0,1,15335.0,15340.0,0.0,0.0,0.0,0.0,46
2023-05-10 09:17:45,pb2404,pb2404,15335.0,0.0,0.0,0.0,1,15330.0,15425.0,2,15335.0,15340.0,0.0,0.0,0.0,0.0,46
2023-05-10 09:17:55,pb2404,pb2404,15335.0,0.0,0.0,0.0,1,15330.0,15425.0,2,15335.0,15340.0,0.0,0.0,0.0,0.0,46
2023-05-10 09:17:56,pb2404,pb2404,15335.0,0.0,0.0,0.0,1,15330.0,15425.0,3,15335.0,15340.0,0.0,0.0,0.0,0.0,46
2023-05-10 09:19:48,pb2404,pb2404,15335.0,0.0,0.0,0.0,1,15335.0,15425.0,3,15335.0,15340.0,0.0,0.0,0.0,0.0,46
2023-05-10 09:20:55,pb2404,pb2404,15335.0,0.0,0.0,0.0,1,15335.0,15425.0,3,15335.0,15340.0,0.0,0.0,0.0,0.0,46
2023-05-10 09:20:56,pb2404,pb2404,15335.0,0.0,0.0,0.0,1,15335.0,15425.0,2,15335.0,15340.0,0.0,0.0,0.0,0.0,46
2023-05-10 09:22:08,pb2404,pb2404,15335.0,0.0,0.0,0.0,1,15335.0,15425.0,3,15335.0,15340.0,0.0,0.0,0.0,0.0,46
2023-05-10 09:22:43,pb2404,pb2404,15335.0,0.0,0.0,0.0,1,15335.0,15425.0,1,15335.0,15340.0,0.0,0.0,0.0,0.0,46
2023-05-10 09:22:48,pb2404,pb2404,15335.0,0.0,0.0,0.0,1,15335.0,15420.0,2,15335.0,15340.0,0.0,0.0,0.0,0.0,46
2023-05-10 09:22:49,pb2404,pb2404,15335.0,0.0,0.0,0.0,1,15340.0,15420.0,2,15335.0,15340.0,0.0,0.0,0.0,0.0,46
2023-05-10 09:24:27,pb2404,pb2404,15335.0,0.0,0.0,0.0,1,15340.0,15420.0,2,15335.0,15340.0,0.0,0.0,0.0,0.0,46
2023-05-10 09:24:27,pb2404,pb2404,15335.0,0.0,0.0,0.0,1,15340.0,15420.0,3,15335.0,15340.0,0.0,0.0,0.0,0.0,46
2023-05-10 09:24:32,pb2404,pb2404,15335.0,0.0,0.0,0.0,1,15340.0,15390.0,1,15335.0,15340.0,0.0,0.0,0.0,0.0,46
2023-05-10 09:25:10,pb2404,pb2404,15335.0,0.0,0.0,0.0,1,15340.0,15390.0,1,15335.0,15340.0,0.0,0.0,0.0,0.0,46
2023-05-10 09:25:38,pb2404,pb2404,15335.0,0.0,0.0,0.0,2,15345.0,15390.0,1,15335.0,15340.0,0.0,0.0,0.0,0.0,46
2023-05-10 09:25:39,pb2404,pb2404,15335.0,0.0,0.0,0.0,2,15345.0,15390.0,1,15335.0,15340.0,0.0,0.0,0.0,0.0,46
2023-05-10 09:26:42,pb2404,pb2404,15335.0,0.0,0.0,0.0,2,15345.0,15390.0,1,15335.0,15340.0,0.0,0.0,0.0,0.0,46
2023-05-10 09:27:30,pb2404,pb2404,15335.0,0.0,0.0,0.0,2,15345.0,15435.0,3,15335.0,15340.0,0.0,0.0,0.0,0.0,46
2023-05-10 09:27:30,pb2404,pb2404,15335.0,0.0,0.0,0.0,2,15345.0,15435.0,2,15335.0,15340.0,0.0,0.0,0.0,0.0,46
2023-05-10 09:27:31,pb2404,pb2404,15335.0,0.0,0.0,0.0,2,15325.0,15380.0,1,15335.0,15340.0,0.0,0.0,0.0,0.0,46
2023-05-10 09:27:31,pb2404,pb2404,15335.0,0.0,0.0,0.0,1,15330.0,15380.0,1,15335.0,15340.0,0.0,0.0,0.0,0.0,46
2023-05-10 09:27:33,pb2404,pb2404,15335.0,0.0,0.0,0.0,1,15330.0,15395.0,1,15335.0,15340.0,0.0,0.0,0.0,0.0,46
2023-05-10 09:27:45,pb2404,pb2404,15335.0,0.0,0.0,0.0,2,15335.0,15395.0,1,15335.0,15340.0,0.0,0.0,0.0,0.0,46
2023-05-10 09:27:46,pb2404,pb2404,15335.0,0.0,0.0,0.0,1,15340.0,15395.0,1,15335.0,15340.0,0.0,0.0,0.0,0.0,46
2023-05-10 09:27:49,pb2404,pb2404,15340.0,1.0,76700.0,1.0,2,15335.0,15395.0,1,15335.0,15340.0,15340.0,15340.0,1.0,76700.0,47
2023-05-10 09:27:50,pb2404,pb2404,15340.0,0.0,0.0,0.0,2,15340.0,15395.0,1,15335.0,15340.0,15340.0,15340.0,1.0,76700.0,47
2023-05-10 09:28:29,pb2404,pb2404,15340.0,0.0,0.0,0.0,2,15340.0,15395.0,1,15335.0,15340.0,15340.0,15340.0,1.0,76700.0,47
2023-05-10 09:29:10,pb2404,pb2404,15340.0,0.0,0.0,0.0,2,15345.0,15395.0,1,15335.0,15340.0,15340.0,15340.0,1.0,76700.0,47
2023-05-10 09:32:47,pb2404,pb2404,15340.0,0.0,0.0,0.0,2,15345.0,15470.0,1,15335.0,15340.0,15340.0,15340.0,1.0,76700.0,47
2023-05-10 09:32:47,pb2404,pb2404,15340.0,0.0,0.0,0.0,2,15345.0,15465.0,4,15335.0,15340.0,15340.0,15340.0,1.0,76700.0,47
2023-05-10 09:32:48,pb2404,pb2404,15340.0,0.0,0.0,0.0,2,15340.0,15460.0,2,15335.0,15340.0,15340.0,15340.0,1.0,76700.0,47
2023-05-10 09:32:48,pb2404,pb2404,15340.0,0.0,0.0,0.0,2,15340.0,15455.0,2,15335.0,15340.0,15340.0,15340.0,1.0,76700.0,47
2023-05-10 09:32:49,pb2404,pb2404,15340.0,0.0,0.0,0.0,2,15340.0,15455.0,2,15335.0,15340.0,15340.0,15340.0,1.0,76700.0,47
2023-05-10 09:32:49,pb2404,pb2404,15340.0,0.0,0.0,0.0,2,15340.0,15435.0,2,15335.0,15340.0,15340.0,15340.0,1.0,76700.0,47
2023-05-10 09:32:50,pb2404,pb2404,15340.0,0.0,0.0,0.0,2,15340.0,15430.0,1,15335.0,15340.0,15340.0,15340.0,1.0,76700.0,47
2023-05-10 09:32:50,pb2404,pb2404,15340.0,0.0,0.0,0.0,2,15340.0,15430.0,1,15335.0,15340.0,15340.0,15340.0,1.0,76700.0,47
2023-05-10 09:32:51,pb2404,pb2404,15340.0,0.0,0.0,0.0,2,15340.0,15410.0,1,15335.0,15340.0,15340.0,15340.0,1.0,76700.0,47
2023-05-10 09:32:51,pb2404,pb2404,15340.0,0.0,0.0,0.0,2,15340.0,15405.0,1,15335.0,15340.0,15340.0,15340.0,1.0,76700.0,47
2023-05-10 09:32:52,pb2404,pb2404,15340.0,0.0,0.0,0.0,2,15340.0,15405.0,1,15335.0,15340.0,15340.0,15340.0,1.0,76700.0,47
2023-05-10 09:33:27,pb2404,pb2404,15340.0,0.0,0.0,0.0,2,15345.0,15405.0,1,15335.0,15340.0,15340.0,15340.0,1.0,76700.0,47
2023-05-10 09:33:31,pb2404,pb2404,15340.0,0.0,0.0,0.0,2,15345.0,15405.0,1,15335.0,15340.0,15340.0,15340.0,1.0,76700.0,47
2023-05-10 09:36:05,pb2404,pb2404,15340.0,0.0,0.0,0.0,2,15345.0,15470.0,1,15335.0,15340.0,15340.0,15340.0,1.0,76700.0,47
2023-05-10 09:36:06,pb2404,pb2404,15340.0,0.0,0.0,0.0,2,15345.0,15465.0,4,15335.0,15340.0,15340.0,15340.0,1.0,76700.0,47
2023-05-10 09:36:06,pb2404,pb2404,15340.0,0.0,0.0,0.0,2,15345.0,15460.0,2,15335.0,15340.0,15340.0,15340.0,1.0,76700.0,47
2023-05-10 09:36:07,pb2404,pb2404,15340.0,0.0,0.0,0.0,2,15340.0,15455.0,2,15335.0,15340.0,15340.0,15340.0,1.0,76700.0,47
2023-05-10 09:36:07,pb2404,pb2404,15340.0,0.0,0.0,0.0,2,15340.0,15455.0,2,15335.0,15340.0,15340.0,15340.0,1.0,76700.0,47
2023-05-10 09:36:08,pb2404,pb2404,15340.0,0.0,0.0,0.0,2,15340.0,15435.0,2,15335.0,15340.0,15340.0,15340.0,1.0,76700.0,47
2023-05-10 09:36:08,pb2404,pb2404,15340.0,0.0,0.0,0.0,2,15340.0,15430.0,1,15335.0,15340.0,15340.0,15340.0,1.0,76700.0,47
2023-05-10 09:36:09,pb2404,pb2404,15340.0,0.0,0.0,0.0,2,15340.0,15430.0,2,15335.0,15340.0,15340.0,15340.0,1.0,76700.0,47
2023-05-10 09:36:09,pb2404,pb2404,15340.0,0.0,0.0,0.0,2,15340.0,15420.0,1,15335.0,15340.0,15340.0,15340.0,1.0,76700.0,47
2023-05-10 09:36:10,pb2404,pb2404,15340.0,0.0,0.0,0.0,2,15340.0,15415.0,1,15335.0,15340.0,15340.0,15340.0,1.0,76700.0,47
2023-05-10 09:36:10,pb2404,pb2404,15340.0,0.0,0.0,0.0,2,15340.0,15415.0,1,15335.0,15340.0,15340.0,15340.0,1.0,76700.0,47
2023-05-10 09:36:12,pb2404,pb2404,15340.0,0.0,0.0,0.0,2,15340.0,15415.0,2,15335.0,15340.0,15340.0,15340.0,1.0,76700.0,47
2023-05-10 09:36:15,pb2404,pb2404,15340.0,0.0,0.0,0.0,2,15340.0,15415.0,2,15335.0,15340.0,15340.0,15340.0,1.0,76700.0,47
2023-05-10 09:36:16,pb2404,pb2404,15340.0,0.0,0.0,0.0,2,15340.0,15415.0,2,15335.0,15340.0,15340.0,15340.0,1.0,76700.0,47
2023-05-10 09:36:22,pb2404,pb2404,15340.0,0.0,0.0,0.0,2,15345.0,15415.0,2,15335.0,15340.0,15340.0,15340.0,1.0,76700.0,47
2023-05-10 09:36:52,pb2404,pb2404,15340.0,0.0,0.0,0.0,2,15340.0,15415.0,2,15335.0,15340.0,15340.0,15340.0,1.0,76700.0,47
2023-05-10 09:37:05,pb2404,pb2404,15340.0,0.0,0.0,0.0,2,15340.0,15410.0,2,15335.0,15340.0,15340.0,15340.0,1.0,76700.0,47
2023-05-10 09:37:05,pb2404,pb2404,15340.0,0.0,0.0,0.0,2,15340.0,15405.0,1,15335.0,15340.0,15340.0,15340.0,1.0,76700.0,47
2023-05-10 09:37:13,pb2404,pb2404,15340.0,0.0,0.0,0.0,2,15340.0,15405.0,2,15335.0,15340.0,15340.0,15340.0,1.0,76700.0,47
2023-05-10 09:37:23,pb2404,pb2404,15340.0,0.0,0.0,0.0,2,15340.0,15405.0,1,15335.0,15340.0,15340.0,15340.0,1.0,76700.0,47
2023-05-10 09:37:50,pb2404,pb2404,15340.0,0.0,0.0,0.0,2,15345.0,15405.0,1,15335.0,15340.0,15340.0,15340.0,1.0,76700.0,47
2023-05-10 09:40:06,pb2404,pb2404,15340.0,0.0,0.0,0.0,2,15345.0,15405.0,1,15335.0,15340.0,15340.0,15340.0,1.0,76700.0,47
2023-05-10 09:40:07,pb2404,pb2404,15340.0,0.0,0.0,0.0,2,15345.0,15470.0,1,15335.0,15340.0,15340.0,15340.0,1.0,76700.0,47
2023-05-10 09:40:07,pb2404,pb2404,15340.0,0.0,0.0,0.0,2,15340.0,15465.0,6,15335.0,15340.0,15340.0,15340.0,1.0,76700.0,47
2023-05-10 09:40:08,pb2404,pb2404,15340.0,0.0,0.0,0.0,2,15340.0,15465.0,6,15335.0,15340.0,15340.0,15340.0,1.0,76700.0,47
2023-05-10 09:40:09,pb2404,pb2404,15340.0,0.0,0.0,0.0,2,15340.0,15465.0,7,15335.0,15340.0,15340.0,15340.0,1.0,76700.0,47
2023-05-10 09:40:18,pb2404,pb2404,15340.0,0.0,0.0,0.0,2,15340.0,15460.0,1,15335.0,15340.0,15340.0,15340.0,1.0,76700.0,47
2023-05-10 09:40:18,pb2404,pb2404,15340.0,0.0,0.0,0.0,2,15340.0,15455.0,2,15335.0,15340.0,15340.0,15340.0,1.0,76700.0,47
2023-05-10 09:40:19,pb2404,pb2404,15340.0,0.0,0.0,0.0,2,15340.0,15450.0,2,15335.0,15340.0,15340.0,15340.0,1.0,76700.0,47
2023-05-10 09:40:19,pb2404,pb2404,15340.0,0.0,0.0,0.0,2,15340.0,15445.0,1,15335.0,15340.0,15340.0,15340.0,1.0,76700.0,47
2023-05-10 09:40:20,pb2404,pb2404,15340.0,0.0,0.0,0.0,2,15340.0,15445.0,1,15335.0,15340.0,15340.0,15340.0,1.0,76700.0,47
2023-05-10 09:40:20,pb2404,pb2404,15340.0,0.0,0.0,0.0,2,15340.0,15430.0,1,15335.0,15340.0,15340.0,15340.0,1.0,76700.0,47
2023-05-10 09:40:21,pb2404,pb2404,15340.0,0.0,0.0,0.0,2,15340.0,15425.0,1,15335.0,15340.0,15340.0,15340.0,1.0,76700.0,47
2023-05-10 09:40:30,pb2404,pb2404,15340.0,0.0,0.0,0.0,2,15340.0,15425.0,1,15335.0,15340.0,15340.0,15340.0,1.0,76700.0,47
2023-05-10 09:40:30,pb2404,pb2404,15340.0,0.0,0.0,0.0,2,15340.0,15425.0,2,15335.0,15340.0,15340.0,15340.0,1.0,76700.0,47
2023-05-10 09:40:43,pb2404,pb2404,15340.0,0.0,0.0,0.0,2,15340.0,15420.0,2,15335.0,15340.0,15340.0,15340.0,1.0,76700.0,47
2023-05-10 09:40:43,pb2404,pb2404,15340.0,0.0,0.0,0.0,2,15340.0,15415.0,1,15335.0,15340.0,15340.0,15340.0,1.0,76700.0,47
2023-05-10 09:40:56,pb2404,pb2404,15340.0,0.0,0.0,0.0,2,15340.0,15415.0,2,15335.0,15340.0,15340.0,15340.0,1.0,76700.0,47
2023-05-10 09:41:20,pb2404,pb2404,15340.0,0.0,0.0,0.0,2,15340.0,15415.0,2,15335.0,15340.0,15340.0,15340.0,1.0,76700.0,47
2023-05-10 09:41:26,pb2404,pb2404,15340.0,0.0,0.0,0.0,2,15345.0,15415.0,2,15335.0,15340.0,15340.0,15340.0,1.0,76700.0,47
2023-05-10 09:41:52,pb2404,pb2404,15340.0,0.0,0.0,0.0,2,15350.0,15415.0,2,15335.0,15340.0,15340.0,15340.0,1.0,76700.0,47
2023-05-10 09:41:57,pb2404,pb2404,15340.0,0.0,0.0,0.0,2,15350.0,15415.0,2,15335.0,15340.0,15340.0,15340.0,1.0,76700.0,47
2023-05-10 09:42:09,pb2404,pb2404,15340.0,0.0,0.0,0.0,2,15350.0,15410.0,2,15335.0,15340.0,15340.0,15340.0,1.0,76700.0,47
2023-05-10 09:42:10,pb2404,pb2404,15340.0,0.0,0.0,0.0,2,15350.0,15405.0,1,15335.0,15340.0,15340.0,15340.0,1.0,76700.0,47
2023-05-10 09:42:25,pb2404,pb2404,15340.0,0.0,0.0,0.0,2,15340.0,15405.0,1,15335.0,15340.0,15340.0,15340.0,1.0,76700.0,47
2023-05-10 09:42:26,pb2404,pb2404,15340.0,0.0,0.0,0.0,2,15340.0,15405.0,1,15335.0,15340.0,15340.0,15340.0,1.0,76700.0,47
2023-05-10 09:42:53,pb2404,pb2404,15340.0,0.0,0.0,0.0,2,15345.0,15405.0,1,15335.0,15340.0,15340.0,15340.0,1.0,76700.0,47
2023-05-10 09:45:20,pb2404,pb2404,15340.0,0.0,0.0,0.0,2,15345.0,15430.0,1,15335.0,15340.0,15340.0,15340.0,1.0,76700.0,47
2023-05-10 09:45:20,pb2404,pb2404,15340.0,0.0,0.0,0.0,2,15345.0,15425.0,1,15335.0,15340.0,15340.0,15340.0,1.0,76700.0,47
2023-05-10 09:45:21,pb2404,pb2404,15340.0,0.0,0.0,0.0,2,15340.0,15425.0,1,15335.0,15340.0,15340.0,15340.0,1.0,76700.0,47
2023-05-10 09:45:26,pb2404,pb2404,15340.0,0.0,0.0,0.0,2,15340.0,15425.0,2,15335.0,15340.0,15340.0,15340.0,1.0,76700.0,47
2023-05-10 09:45:40,pb2404,pb2404,15340.0,0.0,0.0,0.0,2,15340.0,15425.0,2,15335.0,15340.0,15340.0,15340.0,1.0,76700.0,47
2023-05-10 09:45:45,pb2404,pb2404,15340.0,0.0,0.0,0.0,2,15340.0,15420.0,2,15335.0,15340.0,15340.0,15340.0,1.0,76700.0,47
2023-05-10 09:45:45,pb2404,pb2404,15340.0,0.0,0.0,0.0,2,15340.0,15415.0,1,15335.0,15340.0,15340.0,15340.0,1.0,76700.0,47
2023-05-10 09:46:09,pb2404,pb2404,15340.0,0.0,0.0,0.0,2,15340.0,15415.0,2,15335.0,15340.0,15340.0,15340.0,1.0,76700.0,47
2023-05-10 09:46:23,pb2404,pb2404,15340.0,0.0,0.0,0.0,2,15340.0,15415.0,2,15335.0,15340.0,15340.0,15340.0,1.0,76700.0,47
2023-05-10 09:46:27,pb2404,pb2404,15340.0,0.0,0.0,0.0,2,15345.0,15415.0,2,15335.0,15340.0,15340.0,15340.0,1.0,76700.0,47
2023-05-10 09:49:13,pb2404,pb2404,15340.0,0.0,0.0,0.0,2,15345.0,15410.0,1,15335.0,15340.0,15340.0,15340.0,1.0,76700.0,47
2023-05-10 09:49:14,pb2404,pb2404,15340.0,0.0,0.0,0.0,2,15345.0,15410.0,1,15335.0,15340.0,15340.0,15340.0,1.0,76700.0,47
2023-05-10 09:51:26,pb2404,pb2404,15340.0,0.0,0.0,0.0,2,15340.0,15410.0,1,15335.0,15340.0,15340.0,15340.0,1.0,76700.0,47
2023-05-10 09:51:30,pb2404,pb2404,15340.0,0.0,0.0,0.0,2,15345.0,15410.0,1,15335.0,15340.0,15340.0,15340.0,1.0,76700.0,47
2023-05-10 09:52:37,pb2404,pb2404,15340.0,0.0,0.0,0.0,2,15345.0,15405.0,1,15335.0,15340.0,15340.0,15340.0,1.0,76700.0,47
2023-05-10 09:52:51,pb2404,pb2404,15340.0,0.0,0.0,0.0,2,15350.0,15405.0,1,15335.0,15340.0,15340.0,15340.0,1.0,76700.0,47
2023-05-10 09:52:54,pb2404,pb2404,15340.0,0.0,0.0,0.0,2,15345.0,15405.0,1,15335.0,15340.0,15340.0,15340.0,1.0,76700.0,47
2023-05-10 09:52:55,pb2404,pb2404,15340.0,0.0,0.0,0.0,2,15360.0,15405.0,1,15335.0,15340.0,15340.0,15340.0,1.0,76700.0,47
2023-05-10 09:53:04,pb2404,pb2404,15340.0,0.0,0.0,0.0,2,15360.0,15405.0,1,15335.0,15340.0,15340.0,15340.0,1.0,76700.0,47
2023-05-10 09:53:40,pb2404,pb2404,15340.0,0.0,0.0,0.0,2,15360.0,15400.0,2,15335.0,15340.0,15340.0,15340.0,1.0,76700.0,47
2023-05-10 09:53:41,pb2404,pb2404,15340.0,0.0,0.0,0.0,2,15360.0,15400.0,2,15335.0,15340.0,15340.0,15340.0,1.0,76700.0,47
2023-05-10 09:58:39,pb2404,pb2404,15340.0,0.0,0.0,0.0,2,15360.0,15465.0,1,15335.0,15340.0,15340.0,15340.0,1.0,76700.0,47
2023-05-10 09:58:39,pb2404,pb2404,15340.0,0.0,0.0,0.0,2,15360.0,15460.0,6,15335.0,15340.0,15340.0,15340.0,1.0,76700.0,47
2023-05-10 09:58:40,pb2404,pb2404,15340.0,0.0,0.0,0.0,2,15360.0,15460.0,6,15335.0,15340.0,15340.0,15340.0,1.0,76700.0,47
2023-05-10 09:58:40,pb2404,pb2404,15340.0,0.0,0.0,0.0,2,15360.0,15460.0,7,15335.0,15340.0,15340.0,15340.0,1.0,76700.0,47
2023-05-10 09:58:41,pb2404,pb2404,15340.0,0.0,0.0,0.0,2,15360.0,15460.0,8,15335.0,15340.0,15340.0,15340.0,1.0,76700.0,47
2023-05-10 09:58:42,pb2404,pb2404,15340.0,0.0,0.0,0.0,2,15360.0,15455.0,2,15335.0,15340.0,15340.0,15340.0,1.0,76700.0,47
2023-05-10 09:58:43,pb2404,pb2404,15340.0,0.0,0.0,0.0,2,15360.0,15450.0,2,15335.0,15340.0,15340.0,15340.0,1.0,76700.0,47
2023-05-10 09:58:43,pb2404,pb2404,15340.0,0.0,0.0,0.0,2,15360.0,15450.0,2,15335.0,15340.0,15340.0,15340.0,1.0,76700.0,47
2023-05-10 09:58:44,pb2404,pb2404,15340.0,0.0,0.0,0.0,2,15360.0,15445.0,2,15335.0,15340.0,15340.0,15340.0,1.0,76700.0,47
2023-05-10 09:58:44,pb2404,pb2404,15340.0,0.0,0.0,0.0,2,15360.0,15440.0,1,15335.0,15340.0,15340.0,15340.0,1.0,76700.0,47
2023-05-10 09:58:45,pb2404,pb2404,15340.0,0.0,0.0,0.0,2,15360.0,15440.0,1,15335.0,15340.0,15340.0,15340.0,1.0,76700.0,47
2023-05-10 09:58:45,pb2404,pb2404,15340.0,0.0,0.0,0.0,2,15360.0,15425.0,1,15335.0,15340.0,15340.0,15340.0,1.0,76700.0,47
2023-05-10 09:58:46,pb2404,pb2404,15340.0,0.0,0.0,0.0,2,15360.0,15420.0,1,15335.0,15340.0,15340.0,15340.0,1.0,76700.0,47
2023-05-10 09:58:46,pb2404,pb2404,15340.0,0.0,0.0,0.0,2,15360.0,15420.0,2,15335.0,15340.0,15340.0,15340.0,1.0,76700.0,47
2023-05-10 09:58:55,pb2404,pb2404,15340.0,0.0,0.0,0.0,2,15360.0,15420.0,2,15335.0,15340.0,15340.0,15340.0,1.0,76700.0,47
2023-05-10 09:59:20,pb2404,pb2404,15340.0,0.0,0.0,0.0,2,15360.0,15420.0,2,15335.0,15340.0,15340.0,15340.0,1.0,76700.0,47
2023-05-10 09:59:25,pb2404,pb2404,15340.0,0.0,0.0,0.0,2,15360.0,15415.0,2,15335.0,15340.0,15340.0,15340.0,1.0,76700.0,47
2023-05-10 09:59:25,pb2404,pb2404,15340.0,0.0,0.0,0.0,2,15360.0,15410.0,1,15335.0,15340.0,15340.0,15340.0,1.0,76700.0,47
2023-05-10 10:00:03,pb2404,pb2404,15340.0,0.0,0.0,0.0,2,15360.0,15410.0,1,15335.0,15340.0,15340.0,15340.0,1.0,76700.0,47
2023-05-10 10:00:09,pb2404,pb2404,15340.0,0.0,0.0,0.0,2,15360.0,15405.0,2,15335.0,15340.0,15340.0,15340.0,1.0,76700.0,47
2023-05-10 10:00:09,pb2404,pb2404,15340.0,0.0,0.0,0.0,2,15360.0,15405.0,2,15335.0,15340.0,15340.0,15340.0,1.0,76700.0,47
2023-05-10 10:05:07,pb2404,pb2404,15340.0,0.0,0.0,0.0,2,15360.0,15425.0,1,15335.0,15340.0,15340.0,15340.0,1.0,76700.0,47
2023-05-10 10:05:08,pb2404,pb2404,15340.0,0.0,0.0,0.0,2,15360.0,15420.0,1,15335.0,15340.0,15340.0,15340.0,1.0,76700.0,47
2023-05-10 10:05:08,pb2404,pb2404,15340.0,0.0,0.0,0.0,2,15360.0,15420.0,1,15335.0,15340.0,15340.0,15340.0,1.0,76700.0,47
2023-05-10 10:05:15,pb2404,pb2404,15340.0,0.0,0.0,0.0,2,15360.0,15415.0,2,15335.0,15340.0,15340.0,15340.0,1.0,76700.0,47
2023-05-10 10:05:15,pb2404,pb2404,15340.0,0.0,0.0,0.0,2,15360.0,15410.0,1,15335.0,15340.0,15340.0,15340.0,1.0,76700.0,47
2023-05-10 10:05:53,pb2404,pb2404,15340.0,0.0,0.0,0.0,2,15360.0,15410.0,1,15335.0,15340.0,15340.0,15340.0,1.0,76700.0,47
2023-05-10 10:05:59,pb2404,pb2404,15340.0,0.0,0.0,0.0,2,15360.0,15405.0,2,15335.0,15340.0,15340.0,15340.0,1.0,76700.0,47
2023-05-10 10:05:59,pb2404,pb2404,15340.0,0.0,0.0,0.0,2,15360.0,15405.0,2,15335.0,15340.0,15340.0,15340.0,1.0,76700.0,47
2023-05-10 10:06:36,pb2404,pb2404,15340.0,0.0,0.0,0.0,2,15360.0,15405.0,2,15335.0,15340.0,15340.0,15340.0,1.0,76700.0,47
2023-05-10 10:08:53,pb2404,pb2404,15340.0,0.0,0.0,0.0,2,15340.0,15405.0,2,15335.0,15340.0,15340.0,15340.0,1.0,76700.0,47
2023-05-10 10:08:54,pb2404,pb2404,15340.0,0.0,0.0,0.0,2,15340.0,15460.0,1,15335.0,15340.0,15340.0,15340.0,1.0,76700.0,47
2023-05-10 10:08:55,pb2404,pb2404,15340.0,0.0,0.0,0.0,2,15340.0,15455.0,6,15335.0,15340.0,15340.0,15340.0,1.0,76700.0,47
2023-05-10 10:08:55,pb2404,pb2404,15340.0,0.0,0.0,0.0,2,15340.0,15450.0,1,15335.0,15340.0,15340.0,15340.0,1.0,76700.0,47
2023-05-10 10:08:56,pb2404,pb2404,15340.0,0.0,0.0,0.0,2,15340.0,15445.0,1,15335.0,15340.0,15340.0,15340.0,1.0,76700.0,47
2023-05-10 10:08:56,pb2404,pb2404,15340.0,0.0,0.0,0.0,2,15340.0,15425.0,2,15335.0,15340.0,15340.0,15340.0,1.0,76700.0,47
2023-05-10 10:08:57,pb2404,pb2404,15340.0,0.0,0.0,0.0,2,15340.0,15420.0,1,15335.0,15340.0,15340.0,15340.0,1.0,76700.0,47
2023-05-10 10:08:57,pb2404,pb2404,15340.0,0.0,0.0,0.0,2,15340.0,15420.0,1,15335.0,15340.0,15340.0,15340.0,1.0,76700.0,47
2023-05-10 10:09:01,pb2404,pb2404,15340.0,0.0,0.0,0.0,2,15340.0,15420.0,1,15335.0,15340.0,15340.0,15340.0,1.0,76700.0,47
2023-05-10 10:09:08,pb2404,pb2404,15340.0,0.0,0.0,0.0,2,15340.0,15420.0,1,15335.0,15340.0,15340.0,15340.0,1.0,76700.0,47
2023-05-10 10:09:36,pb2404,pb2404,15340.0,0.0,0.0,0.0,2,15345.0,15420.0,1,15335.0,15340.0,15340.0,15340.0,1.0,76700.0,47
2023-05-10 10:10:00,pb2404,pb2404,15340.0,0.0,0.0,0.0,2,15345.0,15420.0,1,15335.0,15340.0,15340.0,15340.0,1.0,76700.0,47
2023-05-10 10:10:26,pb2404,pb2404,15340.0,0.0,0.0,0.0,2,15345.0,15390.0,1,15335.0,15340.0,15340.0,15340.0,1.0,76700.0,47
2023-05-10 10:10:27,pb2404,pb2404,15340.0,0.0,0.0,0.0,2,15345.0,15390.0,1,15335.0,15340.0,15340.0,15340.0,1.0,76700.0,47
2023-05-10 10:14:30,pb2404,pb2404,15340.0,0.0,0.0,0.0,2,15345.0,15390.0,1,15335.0,15340.0,15340.0,15340.0,1.0,76700.0,47
2023-05-10 10:14:30,pb2404,pb2404,15340.0,0.0,0.0,0.0,2,15345.0,15390.0,1,15335.0,15340.0,15340.0,15340.0,1.0,76700.0,47
2023-05-10 10:14:33,pb2404,pb2404,15340.0,0.0,0.0,0.0,2,15340.0,15390.0,1,15335.0,15340.0,15340.0,15340.0,1.0,76700.0,47
2023-05-10 10:14:36,pb2404,pb2404,15340.0,0.0,0.0,0.0,2,15340.0,15390.0,1,15335.0,15340.0,15340.0,15340.0,1.0,76700.0,47
2023-05-10 10:14:37,pb2404,pb2404,15340.0,0.0,0.0,0.0,2,15345.0,15390.0,1,15335.0,15340.0,15340.0,15340.0,1.0,76700.0,47
2023-05-10 10:14:49,pb2404,pb2404,15340.0,0.0,0.0,0.0,2,15345.0,15390.0,1,15335.0,15340.0,15340.0,15340.0,1.0,76700.0,47
2023-05-10 10:14:52,pb2404,pb2404,15340.0,0.0,0.0,0.0,2,15345.0,15385.0,2,15335.0,15340.0,15340.0,15340.0,1.0,76700.0,47
2023-05-10 10:30:01,pb2404,pb2404,15340.0,0.0,0.0,0.0,2,15345.0,15385.0,2,15335.0,15340.0,15340.0,15340.0,1.0,76700.0,47
2023-05-10 10:30:04,pb2404,pb2404,15340.0,0.0,0.0,0.0,2,15345.0,15385.0,2,15335.0,15340.0,15340.0,15340.0,1.0,76700.0,47
2023-05-10 10:30:06,pb2404,pb2404,15340.0,0.0,0.0,0.0,2,15345.0,15385.0,2,15335.0,15340.0,15340.0,15340.0,1.0,76700.0,47
2023-05-10 10:30:16,pb2404,pb2404,15340.0,0.0,0.0,0.0,2,15340.0,15385.0,2,15335.0,15340.0,15340.0,15340.0,1.0,76700.0,47
2023-05-10 10:30:57,pb2404,pb2404,15340.0,0.0,0.0,0.0,2,15345.0,15385.0,2,15335.0,15340.0,15340.0,15340.0,1.0,76700.0,47
2023-05-10 10:31:06,pb2404,pb2404,15340.0,0.0,0.0,0.0,2,15345.0,15385.0,2,15335.0,15340.0,15340.0,15340.0,1.0,76700.0,47
2023-05-10 10:31:21,pb2404,pb2404,15340.0,0.0,0.0,0.0,2,15345.0,15385.0,1,15335.0,15340.0,15340.0,15340.0,1.0,76700.0,47
2023-05-10 10:31:21,pb2404,pb2404,15340.0,0.0,0.0,0.0,2,15345.0,15390.0,1,15335.0,15340.0,15340.0,15340.0,1.0,76700.0,47
2023-05-10 10:31:22,pb2404,pb2404,15340.0,0.0,0.0,0.0,2,15345.0,15405.0,1,15335.0,15340.0,15340.0,15340.0,1.0,76700.0,47
2023-05-10 10:31:22,pb2404,pb2404,15340.0,0.0,0.0,0.0,2,15345.0,15400.0,1,15335.0,15340.0,15340.0,15340.0,1.0,76700.0,47
2023-05-10 10:31:26,pb2404,pb2404,15340.0,0.0,0.0,0.0,2,15345.0,15380.0,1,15335.0,15340.0,15340.0,15340.0,1.0,76700.0,47
2023-05-10 10:31:26,pb2404,pb2404,15340.0,0.0,0.0,0.0,2,15345.0,15380.0,1,15335.0,15340.0,15340.0,15340.0,1.0,76700.0,47
2023-05-10 10:31:49,pb2404,pb2404,15340.0,0.0,0.0,0.0,2,15345.0,15405.0,1,15335.0,15340.0,15340.0,15340.0,1.0,76700.0,47
2023-05-10 10:31:50,pb2404,pb2404,15340.0,0.0,0.0,0.0,2,15345.0,15400.0,1,15335.0,15340.0,15340.0,15340.0,1.0,76700.0,47
2023-05-10 10:31:50,pb2404,pb2404,15340.0,0.0,0.0,0.0,2,15345.0,15370.0,1,15335.0,15340.0,15340.0,15340.0,1.0,76700.0,47
2023-05-10 10:31:51,pb2404,pb2404,15340.0,0.0,0.0,0.0,2,15345.0,15370.0,1,15335.0,15340.0,15340.0,15340.0,1.0,76700.0,47
2023-05-10 10:31:51,pb2404,pb2404,15340.0,0.0,0.0,0.0,2,15340.0,15370.0,1,15335.0,15340.0,15340.0,15340.0,1.0,76700.0,47
2023-05-10 10:32:11,pb2404,pb2404,15340.0,0.0,0.0,0.0,2,15340.0,15405.0,1,15335.0,15340.0,15340.0,15340.0,1.0,76700.0,47
2023-05-10 10:32:11,pb2404,pb2404,15340.0,0.0,0.0,0.0,2,15340.0,15400.0,1,15335.0,15340.0,15340.0,15340.0,1.0,76700.0,47
2023-05-10 10:32:19,pb2404,pb2404,15340.0,0.0,0.0,0.0,2,15340.0,15370.0,1,15335.0,15340.0,15340.0,15340.0,1.0,76700.0,47
2023-05-10 10:32:20,pb2404,pb2404,15340.0,0.0,0.0,0.0,2,15340.0,15370.0,1,15335.0,15340.0,15340.0,15340.0,1.0,76700.0,47
2023-05-10 10:38:28,pb2404,pb2404,15340.0,0.0,0.0,0.0,2,15340.0,15405.0,1,15335.0,15340.0,15340.0,15340.0,1.0,76700.0,47
2023-05-10 10:38:28,pb2404,pb2404,15340.0,0.0,0.0,0.0,2,15340.0,15465.0,1,15335.0,15340.0,15340.0,15340.0,1.0,76700.0,47
2023-05-10 10:38:29,pb2404,pb2404,15340.0,0.0,0.0,0.0,2,15340.0,15460.0,6,15335.0,15340.0,15340.0,15340.0,1.0,76700.0,47
2023-05-10 10:38:29,pb2404,pb2404,15340.0,0.0,0.0,0.0,2,15340.0,15460.0,6,15335.0,15340.0,15340.0,15340.0,1.0,76700.0,47
2023-05-10 10:38:30,pb2404,pb2404,15340.0,0.0,0.0,0.0,2,15340.0,15455.0,1,15335.0,15340.0,15340.0,15340.0,1.0,76700.0,47
2023-05-10 10:38:30,pb2404,pb2404,15340.0,0.0,0.0,0.0,2,15340.0,15450.0,1,15335.0,15340.0,15340.0,15340.0,1.0,76700.0,47
2023-05-10 10:38:31,pb2404,pb2404,15340.0,0.0,0.0,0.0,2,15340.0,15450.0,2,15335.0,15340.0,15340.0,15340.0,1.0,76700.0,47
2023-05-10 10:38:31,pb2404,pb2404,15340.0,0.0,0.0,0.0,2,15340.0,15390.0,1,15335.0,15340.0,15340.0,15340.0,1.0,76700.0,47
2023-05-10 10:38:32,pb2404,pb2404,15340.0,0.0,0.0,0.0,2,15340.0,15390.0,1,15335.0,15340.0,15340.0,15340.0,1.0,76700.0,47
2023-05-10 10:38:36,pb2404,pb2404,15340.0,0.0,0.0,0.0,2,15340.0,15390.0,1,15335.0,15340.0,15340.0,15340.0,1.0,76700.0,47
2023-05-10 10:38:54,pb2404,pb2404,15340.0,0.0,0.0,0.0,2,15345.0,15390.0,1,15335.0,15340.0,15340.0,15340.0,1.0,76700.0,47
2023-05-10 10:39:05,pb2404,pb2404,15340.0,0.0,0.0,0.0,2,15345.0,15445.0,2,15335.0,15340.0,15340.0,15340.0,1.0,76700.0,47
2023-05-10 10:39:06,pb2404,pb2404,15340.0,0.0,0.0,0.0,2,15340.0,15440.0,1,15335.0,15340.0,15340.0,15340.0,1.0,76700.0,47
2023-05-10 10:39:06,pb2404,pb2404,15340.0,0.0,0.0,0.0,2,15340.0,15435.0,1,15335.0,15340.0,15340.0,15340.0,1.0,76700.0,47
2023-05-10 10:39:07,pb2404,pb2404,15340.0,0.0,0.0,0.0,2,15340.0,15430.0,1,15335.0,15340.0,15340.0,15340.0,1.0,76700.0,47
2023-05-10 10:39:07,pb2404,pb2404,15340.0,0.0,0.0,0.0,2,15340.0,15425.0,2,15335.0,15340.0,15340.0,15340.0,1.0,76700.0,47
2023-05-10 10:39:08,pb2404,pb2404,15340.0,0.0,0.0,0.0,2,15340.0,15420.0,1,15335.0,15340.0,15340.0,15340.0,1.0,76700.0,47
2023-05-10 10:39:08,pb2404,pb2404,15340.0,0.0,0.0,0.0,2,15340.0,15420.0,1,15335.0,15340.0,15340.0,15340.0,1.0,76700.0,47
2023-05-10 10:39:09,pb2404,pb2404,15340.0,0.0,0.0,0.0,2,15340.0,15420.0,1,15335.0,15340.0,15340.0,15340.0,1.0,76700.0,47
2023-05-10 10:39:09,pb2404,pb2404,15340.0,0.0,0.0,0.0,2,15340.0,15415.0,2,15335.0,15340.0,15340.0,15340.0,1.0,76700.0,47
2023-05-10 10:39:10,pb2404,pb2404,15340.0,0.0,0.0,0.0,2,15340.0,15410.0,1,15335.0,15340.0,15340.0,15340.0,1.0,76700.0,47
2023-05-10 10:39:10,pb2404,pb2404,15340.0,0.0,0.0,0.0,2,15340.0,15410.0,1,15335.0,15340.0,15340.0,15340.0,1.0,76700.0,47
2023-05-10 10:39:12,pb2404,pb2404,15340.0,0.0,0.0,0.0,2,15340.0,15410.0,1,15335.0,15340.0,15340.0,15340.0,1.0,76700.0,47
2023-05-10 10:39:14,pb2404,pb2404,15340.0,0.0,0.0,0.0,2,15340.0,15405.0,1,15335.0,15340.0,15340.0,15340.0,1.0,76700.0,47
2023-05-10 10:39:14,pb2404,pb2404,15340.0,0.0,0.0,0.0,2,15340.0,15405.0,1,15335.0,15340.0,15340.0,15340.0,1.0,76700.0,47
2023-05-10 10:39:20,pb2404,pb2404,15340.0,0.0,0.0,0.0,2,15340.0,15415.0,2,15335.0,15340.0,15340.0,15340.0,1.0,76700.0,47
2023-05-10 10:39:20,pb2404,pb2404,15340.0,0.0,0.0,0.0,2,15340.0,15410.0,1,15335.0,15340.0,15340.0,15340.0,1.0,76700.0,47
2023-05-10 10:39:21,pb2404,pb2404,15340.0,0.0,0.0,0.0,2,15340.0,15410.0,1,15335.0,15340.0,15340.0,15340.0,1.0,76700.0,47
2023-05-10 10:39:36,pb2404,pb2404,15340.0,0.0,0.0,0.0,2,15340.0,15405.0,2,15335.0,15340.0,15340.0,15340.0,1.0,76700.0,47
2023-05-10 10:39:36,pb2404,pb2404,15340.0,0.0,0.0,0.0,2,15340.0,15405.0,2,15335.0,15340.0,15340.0,15340.0,1.0,76700.0,47
2023-05-10 10:40:01,pb2404,pb2404,15340.0,0.0,0.0,0.0,2,15340.0,15405.0,2,15335.0,15340.0,15340.0,15340.0,1.0,76700.0,47
2023-05-10 10:40:22,pb2404,pb2404,15405.0,1.0,77025.0,0.0,2,15340.0,15405.0,1,15335.0,15340.0,15405.0,15340.0,2.0,153725.0,47
2023-05-10 10:40:55,pb2404,pb2404,15405.0,0.0,0.0,0.0,2,15340.0,15400.0,1,15335.0,15340.0,15405.0,15340.0,2.0,153725.0,47
2023-05-10 10:40:59,pb2404,pb2404,15405.0,0.0,0.0,0.0,2,15340.0,15405.0,1,15335.0,15340.0,15405.0,15340.0,2.0,153725.0,47
2023-05-10 10:44:35,pb2404,pb2404,15405.0,0.0,0.0,0.0,2,15340.0,15460.0,1,15335.0,15340.0,15405.0,15340.0,2.0,153725.0,47
2023-05-10 10:44:36,pb2404,pb2404,15405.0,0.0,0.0,0.0,2,15340.0,15455.0,6,15335.0,15340.0,15405.0,15340.0,2.0,153725.0,47
2023-05-10 10:44:36,pb2404,pb2404,15405.0,0.0,0.0,0.0,2,15340.0,15450.0,1,15335.0,15340.0,15405.0,15340.0,2.0,153725.0,47
2023-05-10 10:44:37,pb2404,pb2404,15405.0,0.0,0.0,0.0,2,15340.0,15445.0,1,15335.0,15340.0,15405.0,15340.0,2.0,153725.0,47
2023-05-10 10:44:37,pb2404,pb2404,15405.0,0.0,0.0,0.0,2,15340.0,15425.0,2,15335.0,15340.0,15405.0,15340.0,2.0,153725.0,47
2023-05-10 10:44:38,pb2404,pb2404,15405.0,0.0,0.0,0.0,2,15340.0,15420.0,1,15335.0,15340.0,15405.0,15340.0,2.0,153725.0,47
2023-05-10 10:44:38,pb2404,pb2404,15405.0,0.0,0.0,0.0,2,15340.0,15420.0,1,15335.0,15340.0,15405.0,15340.0,2.0,153725.0,47
2023-05-10 10:44:39,pb2404,pb2404,15405.0,0.0,0.0,0.0,2,15340.0,15420.0,2,15335.0,15340.0,15405.0,15340.0,2.0,153725.0,47
2023-05-10 10:44:42,pb2404,pb2404,15405.0,0.0,0.0,0.0,2,15340.0,15420.0,2,15335.0,15340.0,15405.0,15340.0,2.0,153725.0,47
2023-05-10 10:45:00,pb2404,pb2404,15405.0,0.0,0.0,0.0,2,15340.0,15420.0,2,15335.0,15340.0,15405.0,15340.0,2.0,153725.0,47
2023-05-10 10:45:16,pb2404,pb2404,15405.0,0.0,0.0,0.0,1,15345.0,15420.0,2,15335.0,15340.0,15405.0,15340.0,2.0,153725.0,47
2023-05-10 10:46:28,pb2404,pb2404,15405.0,0.0,0.0,0.0,1,15345.0,15420.0,2,15335.0,15340.0,15405.0,15340.0,2.0,153725.0,47
2023-05-10 10:47:50,pb2404,pb2404,15405.0,0.0,0.0,0.0,1,15345.0,15415.0,1,15335.0,15340.0,15405.0,15340.0,2.0,153725.0,47
2023-05-10 10:47:51,pb2404,pb2404,15405.0,0.0,0.0,0.0,1,15345.0,15415.0,1,15335.0,15340.0,15405.0,15340.0,2.0,153725.0,47
2023-05-10 10:47:53,pb2404,pb2404,15405.0,0.0,0.0,0.0,1,15345.0,15415.0,2,15335.0,15340.0,15405.0,15340.0,2.0,153725.0,47
2023-05-10 10:48:11,pb2404,pb2404,15405.0,0.0,0.0,0.0,3,15360.0,15415.0,2,15335.0,15340.0,15405.0,15340.0,2.0,153725.0,47
2023-05-10 10:48:16,pb2404,pb2404,15405.0,0.0,0.0,0.0,1,15345.0,15415.0,2,15335.0,15340.0,15405.0,15340.0,2.0,153725.0,47
2023-05-10 10:48:18,pb2404,pb2404,15405.0,0.0,0.0,0.0,3,15350.0,15415.0,2,15335.0,15340.0,15405.0,15340.0,2.0,153725.0,47
2023-05-10 10:48:56,pb2404,pb2404,15405.0,0.0,0.0,0.0,3,15350.0,15415.0,2,15335.0,15340.0,15405.0,15340.0,2.0,153725.0,47
2023-05-10 10:49:36,pb2404,pb2404,15405.0,0.0,0.0,0.0,1,15355.0,15415.0,2,15335.0,15340.0,15405.0,15340.0,2.0,153725.0,47
2023-05-10 10:50:50,pb2404,pb2404,15405.0,0.0,0.0,0.0,1,15355.0,15410.0,1,15335.0,15340.0,15405.0,15340.0,2.0,153725.0,47
2023-05-10 10:50:51,pb2404,pb2404,15405.0,0.0,0.0,0.0,1,15355.0,15410.0,1,15335.0,15340.0,15405.0,15340.0,2.0,153725.0,47
2023-05-10 10:50:58,pb2404,pb2404,15405.0,0.0,0.0,0.0,1,15355.0,15410.0,1,15335.0,15340.0,15405.0,15340.0,2.0,153725.0,47
2023-05-10 10:51:00,pb2404,pb2404,15405.0,0.0,0.0,0.0,3,15360.0,15410.0,1,15335.0,15340.0,15405.0,15340.0,2.0,153725.0,47
2023-05-10 10:51:39,pb2404,pb2404,15405.0,0.0,0.0,0.0,3,15360.0,15410.0,1,15335.0,15340.0,15405.0,15340.0,2.0,153725.0,47
2023-05-10 10:51:44,pb2404,pb2404,15405.0,0.0,0.0,0.0,1,15365.0,15410.0,1,15335.0,15340.0,15405.0,15340.0,2.0,153725.0,47
2023-05-10 10:51:50,pb2404,pb2404,15405.0,0.0,0.0,0.0,1,15365.0,15410.0,1,15335.0,15340.0,15405.0,15340.0,2.0,153725.0,47
2023-05-10 10:52:47,pb2404,pb2404,15405.0,0.0,0.0,0.0,1,15365.0,15410.0,1,15335.0,15340.0,15405.0,15340.0,2.0,153725.0,47
2023-05-10 10:52:54,pb2404,pb2404,15405.0,0.0,0.0,0.0,1,15370.0,15410.0,1,15335.0,15340.0,15405.0,15340.0,2.0,153725.0,47
2023-05-10 10:53:26,pb2404,pb2404,15405.0,0.0,0.0,0.0,1,15365.0,15410.0,1,15335.0,15340.0,15405.0,15340.0,2.0,153725.0,47
2023-05-10 10:53:31,pb2404,pb2404,15405.0,0.0,0.0,0.0,1,15370.0,15410.0,1,15335.0,15340.0,15405.0,15340.0,2.0,153725.0,47
2023-05-10 10:53:56,pb2404,pb2404,15405.0,0.0,0.0,0.0,1,15370.0,15405.0,1,15335.0,15340.0,15405.0,15340.0,2.0,153725.0,47
2023-05-10 10:54:09,pb2404,pb2404,15405.0,0.0,0.0,0.0,1,15370.0,15405.0,1,15335.0,15340.0,15405.0,15340.0,2.0,153725.0,47
2023-05-10 10:54:38,pb2404,pb2404,15405.0,0.0,0.0,0.0,2,15370.0,15405.0,1,15335.0,15340.0,15405.0,15340.0,2.0,153725.0,47
2023-05-10 10:56:12,pb2404,pb2404,15370.0,1.0,76850.0,0.0,1,15370.0,15405.0,1,15335.0,15340.0,15405.0,15340.0,3.0,230575.0,47
2023-05-10 10:56:59,pb2404,pb2404,15370.0,0.0,0.0,0.0,1,15370.0,15405.0,1,15335.0,15340.0,15405.0,15340.0,3.0,230575.0,47
2023-05-10 10:57:00,pb2404,pb2404,15370.0,0.0,0.0,0.0,1,15370.0,15450.0,1,15335.0,15340.0,15405.0,15340.0,3.0,230575.0,47
2023-05-10 10:57:00,pb2404,pb2404,15370.0,0.0,0.0,0.0,1,15370.0,15445.0,3,15335.0,15340.0,15405.0,15340.0,3.0,230575.0,47
2023-05-10 10:57:01,pb2404,pb2404,15370.0,0.0,0.0,0.0,1,15370.0,15440.0,2,15335.0,15340.0,15405.0,15340.0,3.0,230575.0,47
2023-05-10 10:57:01,pb2404,pb2404,15370.0,0.0,0.0,0.0,1,15370.0,15435.0,1,15335.0,15340.0,15405.0,15340.0,3.0,230575.0,47
2023-05-10 10:57:02,pb2404,pb2404,15370.0,0.0,0.0,0.0,1,15370.0,15435.0,1,15335.0,15340.0,15405.0,15340.0,3.0,230575.0,47
2023-05-10 10:57:03,pb2404,pb2404,15370.0,0.0,0.0,0.0,1,15370.0,15430.0,2,15335.0,15340.0,15405.0,15340.0,3.0,230575.0,47
2023-05-10 10:57:03,pb2404,pb2404,15370.0,0.0,0.0,0.0,1,15370.0,15425.0,1,15335.0,15340.0,15405.0,15340.0,3.0,230575.0,47
2023-05-10 10:57:04,pb2404,pb2404,15370.0,0.0,0.0,0.0,1,15370.0,15425.0,1,15335.0,15340.0,15405.0,15340.0,3.0,230575.0,47
2023-05-10 10:57:05,pb2404,pb2404,15370.0,0.0,0.0,0.0,1,15370.0,15425.0,2,15335.0,15340.0,15405.0,15340.0,3.0,230575.0,47
2023-05-10 10:57:06,pb2404,pb2404,15370.0,0.0,0.0,0.0,1,15370.0,15425.0,2,15335.0,15340.0,15405.0,15340.0,3.0,230575.0,47
2023-05-10 10:59:36,pb2404,pb2404,15370.0,0.0,0.0,0.0,2,15350.0,15425.0,2,15335.0,15340.0,15405.0,15340.0,3.0,230575.0,47
2023-05-10 10:59:40,pb2404,pb2404,15370.0,0.0,0.0,0.0,1,15355.0,15425.0,2,15335.0,15340.0,15405.0,15340.0,3.0,230575.0,47
2023-05-10 11:00:03,pb2404,pb2404,15370.0,0.0,0.0,0.0,1,15355.0,15425.0,2,15335.0,15340.0,15405.0,15340.0,3.0,230575.0,47
2023-05-10 11:00:04,pb2404,pb2404,15370.0,0.0,0.0,0.0,1,15355.0,15420.0,2,15335.0,15340.0,15405.0,15340.0,3.0,230575.0,47
2023-05-10 11:00:04,pb2404,pb2404,15370.0,0.0,0.0,0.0,1,15355.0,15420.0,2,15335.0,15340.0,15405.0,15340.0,3.0,230575.0,47
2023-05-10 11:00:06,pb2404,pb2404,15370.0,0.0,0.0,0.0,1,15355.0,15420.0,3,15335.0,15340.0,15405.0,15340.0,3.0,230575.0,47
2023-05-10 11:00:34,pb2404,pb2404,15370.0,0.0,0.0,0.0,1,15355.0,15420.0,3,15335.0,15340.0,15405.0,15340.0,3.0,230575.0,47
2023-05-10 11:00:36,pb2404,pb2404,15370.0,0.0,0.0,0.0,3,15355.0,15420.0,3,15335.0,15340.0,15405.0,15340.0,3.0,230575.0,47
2023-05-10 11:03:52,pb2404,pb2404,15370.0,0.0,0.0,0.0,3,15355.0,15415.0,1,15335.0,15340.0,15405.0,15340.0,3.0,230575.0,47
2023-05-10 11:03:52,pb2404,pb2404,15370.0,0.0,0.0,0.0,3,15355.0,15415.0,1,15335.0,15340.0,15405.0,15340.0,3.0,230575.0,47
2023-05-10 11:03:55,pb2404,pb2404,15370.0,0.0,0.0,0.0,3,15355.0,15415.0,2,15335.0,15340.0,15405.0,15340.0,3.0,230575.0,47
2023-05-10 11:04:39,pb2404,pb2404,15370.0,0.0,0.0,0.0,2,15355.0,15415.0,2,15335.0,15340.0,15405.0,15340.0,3.0,230575.0,47
2023-05-10 11:04:42,pb2404,pb2404,15370.0,0.0,0.0,0.0,1,15360.0,15415.0,2,15335.0,15340.0,15405.0,15340.0,3.0,230575.0,47
2023-05-10 11:06:22,pb2404,pb2404,15415.0,2.0,154150.0,-1.0,1,15360.0,15420.0,1,15335.0,15340.0,15415.0,15340.0,5.0,384725.0,46
2023-05-10 11:06:23,pb2404,pb2404,15415.0,0.0,0.0,0.0,1,15360.0,15430.0,1,15335.0,15340.0,15415.0,15340.0,5.0,384725.0,46
2023-05-10 11:06:23,pb2404,pb2404,15415.0,0.0,0.0,0.0,1,15360.0,15440.0,1,15335.0,15340.0,15415.0,15340.0,5.0,384725.0,46
2023-05-10 11:06:24,pb2404,pb2404,15415.0,0.0,0.0,0.0,1,15360.0,15440.0,2,15335.0,15340.0,15415.0,15340.0,5.0,384725.0,46
2023-05-10 11:06:29,pb2404,pb2404,15415.0,0.0,0.0,0.0,1,15360.0,15435.0,2,15335.0,15340.0,15415.0,15340.0,5.0,384725.0,46
2023-05-10 11:06:29,pb2404,pb2404,15415.0,0.0,0.0,0.0,1,15360.0,15430.0,2,15335.0,15340.0,15415.0,15340.0,5.0,384725.0,46
2023-05-10 11:06:35,pb2404,pb2404,15415.0,0.0,0.0,0.0,1,15360.0,15430.0,2,15335.0,15340.0,15415.0,15340.0,5.0,384725.0,46
2023-05-10 11:06:41,pb2404,pb2404,15415.0,0.0,0.0,0.0,1,15360.0,15430.0,2,15335.0,15340.0,15415.0,15340.0,5.0,384725.0,46
2023-05-10 11:06:41,pb2404,pb2404,15415.0,0.0,0.0,0.0,1,15360.0,15425.0,1,15335.0,15340.0,15415.0,15340.0,5.0,384725.0,46
2023-05-10 11:06:42,pb2404,pb2404,15415.0,0.0,0.0,0.0,1,15360.0,15425.0,1,15335.0,15340.0,15415.0,15340.0,5.0,384725.0,46
2023-05-10 11:06:42,pb2404,pb2404,15415.0,0.0,0.0,0.0,1,15360.0,15420.0,1,15335.0,15340.0,15415.0,15340.0,5.0,384725.0,46
2023-05-10 11:06:43,pb2404,pb2404,15415.0,0.0,0.0,0.0,1,15360.0,15420.0,1,15335.0,15340.0,15415.0,15340.0,5.0,384725.0,46
2023-05-10 11:06:53,pb2404,pb2404,15415.0,0.0,0.0,0.0,1,15360.0,15420.0,1,15335.0,15340.0,15415.0,15340.0,5.0,384725.0,46
2023-05-10 11:07:00,pb2404,pb2404,15415.0,0.0,0.0,0.0,1,15360.0,15420.0,1,15335.0,15340.0,15415.0,15340.0,5.0,384725.0,46
2023-05-10 11:08:41,pb2404,pb2404,15415.0,0.0,0.0,0.0,1,15360.0,15430.0,1,15335.0,15340.0,15415.0,15340.0,5.0,384725.0,46
2023-05-10 11:08:42,pb2404,pb2404,15415.0,0.0,0.0,0.0,1,15360.0,15435.0,1,15335.0,15340.0,15415.0,15340.0,5.0,384725.0,46
2023-05-10 11:08:42,pb2404,pb2404,15415.0,0.0,0.0,0.0,1,15360.0,15435.0,1,15335.0,15340.0,15415.0,15340.0,5.0,384725.0,46
2023-05-10 11:08:51,pb2404,pb2404,15415.0,0.0,0.0,0.0,1,15360.0,15430.0,1,15335.0,15340.0,15415.0,15340.0,5.0,384725.0,46
2023-05-10 11:08:51,pb2404,pb2404,15415.0,0.0,0.0,0.0,1,15360.0,15425.0,2,15335.0,15340.0,15415.0,15340.0,5.0,384725.0,46
2023-05-10 11:08:57,pb2404,pb2404,15415.0,0.0,0.0,0.0,1,15360.0,15425.0,2,15335.0,15340.0,15415.0,15340.0,5.0,384725.0,46
2023-05-10 11:08:57,pb2404,pb2404,15415.0,0.0,0.0,0.0,1,15360.0,15425.0,3,15335.0,15340.0,15415.0,15340.0,5.0,384725.0,46
2023-05-10 11:09:41,pb2404,pb2404,15415.0,0.0,0.0,0.0,2,15340.0,15425.0,3,15335.0,15340.0,15415.0,15340.0,5.0,384725.0,46
2023-05-10 11:09:42,pb2404,pb2404,15415.0,0.0,0.0,0.0,1,15345.0,15425.0,3,15335.0,15340.0,15415.0,15340.0,5.0,384725.0,46
2023-05-10 11:09:42,pb2404,pb2404,15415.0,0.0,0.0,0.0,2,15345.0,15425.0,3,15335.0,15340.0,15415.0,15340.0,5.0,384725.0,46
2023-05-10 11:09:47,pb2404,pb2404,15415.0,0.0,0.0,0.0,2,15345.0,15425.0,1,15335.0,15340.0,15415.0,15340.0,5.0,384725.0,46
2023-05-10 11:09:48,pb2404,pb2404,15415.0,0.0,0.0,0.0,2,15345.0,15435.0,1,15335.0,15340.0,15415.0,15340.0,5.0,384725.0,46
2023-05-10 11:09:48,pb2404,pb2404,15415.0,0.0,0.0,0.0,2,15345.0,15430.0,2,15335.0,15340.0,15415.0,15340.0,5.0,384725.0,46
2023-05-10 11:10:24,pb2404,pb2404,15415.0,0.0,0.0,0.0,1,15350.0,15430.0,2,15335.0,15340.0,15415.0,15340.0,5.0,384725.0,46
2023-05-10 11:10:24,pb2404,pb2404,15415.0,0.0,0.0,0.0,1,15350.0,15430.0,2,15335.0,15340.0,15415.0,15340.0,5.0,384725.0,46
2023-05-10 11:10:25,pb2404,pb2404,15415.0,0.0,0.0,0.0,2,15350.0,15430.0,2,15335.0,15340.0,15415.0,15340.0,5.0,384725.0,46
2023-05-10 11:10:46,pb2404,pb2404,15415.0,0.0,0.0,0.0,1,15350.0,15430.0,2,15335.0,15340.0,15415.0,15340.0,5.0,384725.0,46
2023-05-10 11:11:01,pb2404,pb2404,15415.0,0.0,0.0,0.0,2,15350.0,15430.0,2,15335.0,15340.0,15415.0,15340.0,5.0,384725.0,46
2023-05-10 11:11:24,pb2404,pb2404,15415.0,0.0,0.0,0.0,1,15350.0,15430.0,2,15335.0,15340.0,15415.0,15340.0,5.0,384725.0,46
2023-05-10 11:11:38,pb2404,pb2404,15415.0,0.0,0.0,0.0,2,15355.0,15430.0,2,15335.0,15340.0,15415.0,15340.0,5.0,384725.0,46
2023-05-10 11:12:14,pb2404,pb2404,15415.0,0.0,0.0,0.0,2,15355.0,15430.0,2,15335.0,15340.0,15415.0,15340.0,5.0,384725.0,46
2023-05-10 11:12:36,pb2404,pb2404,15415.0,0.0,0.0,0.0,1,15360.0,15430.0,2,15335.0,15340.0,15415.0,15340.0,5.0,384725.0,46
2023-05-10 11:13:17,pb2404,pb2404,15415.0,0.0,0.0,0.0,1,15360.0,15430.0,1,15335.0,15340.0,15415.0,15340.0,5.0,384725.0,46
2023-05-10 11:13:17,pb2404,pb2404,15415.0,0.0,0.0,0.0,1,15360.0,15435.0,1,15335.0,15340.0,15415.0,15340.0,5.0,384725.0,46
2023-05-10 11:13:18,pb2404,pb2404,15415.0,0.0,0.0,0.0,1,15360.0,15440.0,2,15335.0,15340.0,15415.0,15340.0,5.0,384725.0,46
2023-05-10 11:13:21,pb2404,pb2404,15415.0,0.0,0.0,0.0,1,15360.0,15435.0,2,15335.0,15340.0,15415.0,15340.0,5.0,384725.0,46
2023-05-10 11:13:21,pb2404,pb2404,15415.0,0.0,0.0,0.0,1,15360.0,15435.0,3,15335.0,15340.0,15415.0,15340.0,5.0,384725.0,46
2023-05-10 11:13:58,pb2404,pb2404,15415.0,0.0,0.0,0.0,1,15360.0,15435.0,4,15335.0,15340.0,15415.0,15340.0,5.0,384725.0,46
2023-05-10 11:14:03,pb2404,pb2404,15415.0,0.0,0.0,0.0,1,15360.0,15435.0,6,15335.0,15340.0,15415.0,15340.0,5.0,384725.0,46
2023-05-10 11:14:14,pb2404,pb2404,15415.0,0.0,0.0,0.0,1,15360.0,15435.0,6,15335.0,15340.0,15415.0,15340.0,5.0,384725.0,46
2023-05-10 11:14:16,pb2404,pb2404,15415.0,0.0,0.0,0.0,3,15360.0,15435.0,6,15335.0,15340.0,15415.0,15340.0,5.0,384725.0,46
2023-05-10 11:17:36,pb2404,pb2404,15415.0,0.0,0.0,0.0,2,15360.0,15435.0,6,15335.0,15340.0,15415.0,15340.0,5.0,384725.0,46
2023-05-10 11:18:18,pb2404,pb2404,15415.0,0.0,0.0,0.0,1,15365.0,15435.0,6,15335.0,15340.0,15415.0,15340.0,5.0,384725.0,46
2023-05-10 11:18:56,pb2404,pb2404,15415.0,0.0,0.0,0.0,1,15365.0,15435.0,6,15335.0,15340.0,15415.0,15340.0,5.0,384725.0,46
2023-05-10 11:23:16,pb2404,pb2404,15415.0,0.0,0.0,0.0,2,15340.0,15435.0,6,15335.0,15340.0,15415.0,15340.0,5.0,384725.0,46
2023-05-10 11:23:17,pb2404,pb2404,15415.0,0.0,0.0,0.0,1,15345.0,15435.0,6,15335.0,15340.0,15415.0,15340.0,5.0,384725.0,46
2023-05-10 11:23:17,pb2404,pb2404,15415.0,0.0,0.0,0.0,1,15345.0,15435.0,6,15335.0,15340.0,15415.0,15340.0,5.0,384725.0,46
2023-05-10 11:23:18,pb2404,pb2404,15415.0,0.0,0.0,0.0,2,15345.0,15435.0,6,15335.0,15340.0,15415.0,15340.0,5.0,384725.0,46
2023-05-10 11:23:20,pb2404,pb2404,15415.0,0.0,0.0,0.0,1,15350.0,15435.0,6,15335.0,15340.0,15415.0,15340.0,5.0,384725.0,46
2023-05-10 11:23:20,pb2404,pb2404,15415.0,0.0,0.0,0.0,1,15350.0,15435.0,6,15335.0,15340.0,15415.0,15340.0,5.0,384725.0,46
2023-05-10 11:23:21,pb2404,pb2404,15415.0,0.0,0.0,0.0,2,15350.0,15435.0,6,15335.0,15340.0,15415.0,15340.0,5.0,384725.0,46
2023-05-10 11:24:27,pb2404,pb2404,15415.0,0.0,0.0,0.0,2,15350.0,15435.0,4,15335.0,15340.0,15415.0,15340.0,5.0,384725.0,46
2023-05-10 11:24:27,pb2404,pb2404,15415.0,0.0,0.0,0.0,2,15350.0,15435.0,2,15335.0,15340.0,15415.0,15340.0,5.0,384725.0,46
2023-05-10 11:25:28,pb2404,pb2404,15415.0,0.0,0.0,0.0,2,15350.0,15435.0,3,15335.0,15340.0,15415.0,15340.0,5.0,384725.0,46
2023-05-10 11:25:29,pb2404,pb2404,15415.0,0.0,0.0,0.0,2,15350.0,15435.0,4,15335.0,15340.0,15415.0,15340.0,5.0,384725.0,46
2023-05-10 11:28:18,pb2404,pb2404,15415.0,0.0,0.0,0.0,1,15350.0,15435.0,4,15335.0,15340.0,15415.0,15340.0,5.0,384725.0,46
2023-05-10 11:28:22,pb2404,pb2404,15415.0,0.0,0.0,0.0,1,15355.0,15435.0,4,15335.0,15340.0,15415.0,15340.0,5.0,384725.0,46
2023-05-10 11:28:22,pb2404,pb2404,15415.0,0.0,0.0,0.0,1,15355.0,15435.0,4,15335.0,15340.0,15415.0,15340.0,5.0,384725.0,46
2023-05-10 11:29:18,pb2404,pb2404,15415.0,0.0,0.0,0.0,3,15355.0,15435.0,4,15335.0,15340.0,15415.0,15340.0,5.0,384725.0,46
2023-05-10 11:29:30,pb2404,pb2404,15415.0,0.0,0.0,0.0,3,15355.0,15435.0,4,15335.0,15340.0,15415.0,15340.0,5.0,384725.0,46
2023-05-10 11:29:31,pb2404,pb2404,15415.0,0.0,0.0,0.0,3,15355.0,15435.0,2,15335.0,15340.0,15415.0,15340.0,5.0,384725.0,46
2023-05-10 11:29:39,pb2404,pb2404,15415.0,0.0,0.0,0.0,3,15355.0,15435.0,2,15335.0,15340.0,15415.0,15340.0,5.0,384725.0,46
2023-05-10 11:29:43,pb2404,pb2404,15415.0,0.0,0.0,0.0,3,15355.0,15440.0,3,15335.0,15340.0,15415.0,15340.0,5.0,384725.0,46
2023-05-10 11:29:46,pb2404,pb2404,15415.0,0.0,0.0,0.0,2,15355.0,15440.0,4,15335.0,15340.0,15415.0,15340.0,5.0,384725.0,46
2023-05-10 11:29:49,pb2404,pb2404,15415.0,0.0,0.0,0.0,2,15355.0,15440.0,4,15335.0,15340.0,15415.0,15340.0,5.0,384725.0,46
2023-05-10 11:29:49,pb2404,pb2404,15415.0,0.0,0.0,0.0,2,15355.0,15440.0,2,15335.0,15340.0,15415.0,15340.0,5.0,384725.0,46
2023-05-10 11:29:55,pb2404,pb2404,15415.0,0.0,0.0,0.0,2,15355.0,15495.0,2,15335.0,15340.0,15415.0,15340.0,5.0,384725.0,46
2023-05-10 13:30:01,pb2404,pb2404,15415.0,0.0,0.0,0.0,2,15355.0,15490.0,3,15335.0,15340.0,15415.0,15340.0,5.0,384725.0,46
2023-05-10 13:30:01,pb2404,pb2404,15415.0,0.0,0.0,0.0,2,15355.0,15485.0,1,15335.0,15340.0,15415.0,15340.0,5.0,384725.0,46
2023-05-10 13:30:02,pb2404,pb2404,15415.0,0.0,0.0,0.0,2,15355.0,15485.0,1,15335.0,15340.0,15415.0,15340.0,5.0,384725.0,46
2023-05-10 13:30:02,pb2404,pb2404,15415.0,0.0,0.0,0.0,2,15355.0,15480.0,1,15335.0,15340.0,15415.0,15340.0,5.0,384725.0,46
2023-05-10 13:30:03,pb2404,pb2404,15415.0,0.0,0.0,0.0,2,15355.0,15480.0,2,15335.0,15340.0,15415.0,15340.0,5.0,384725.0,46
2023-05-10 13:30:04,pb2404,pb2404,15415.0,0.0,0.0,0.0,3,15355.0,15480.0,2,15335.0,15340.0,15415.0,15340.0,5.0,384725.0,46
2023-05-10 13:30:05,pb2404,pb2404,15415.0,0.0,0.0,0.0,3,15355.0,15475.0,1,15335.0,15340.0,15415.0,15340.0,5.0,384725.0,46
2023-05-10 13:30:06,pb2404,pb2404,15415.0,0.0,0.0,0.0,3,15355.0,15470.0,2,15335.0,15340.0,15415.0,15340.0,5.0,384725.0,46
2023-05-10 13:30:08,pb2404,pb2404,15415.0,0.0,0.0,0.0,3,15355.0,15470.0,2,15335.0,15340.0,15415.0,15340.0,5.0,384725.0,46
2023-05-10 13:30:09,pb2404,pb2404,15415.0,0.0,0.0,0.0,3,15355.0,15465.0,1,15335.0,15340.0,15415.0,15340.0,5.0,384725.0,46
2023-05-10 13:30:09,pb2404,pb2404,15415.0,0.0,0.0,0.0,3,15355.0,15460.0,1,15335.0,15340.0,15415.0,15340.0,5.0,384725.0,46
2023-05-10 13:30:11,pb2404,pb2404,15415.0,0.0,0.0,0.0,3,15355.0,15455.0,1,15335.0,15340.0,15415.0,15340.0,5.0,384725.0,46
2023-05-10 13:30:11,pb2404,pb2404,15415.0,0.0,0.0,0.0,3,15355.0,15450.0,1,15335.0,15340.0,15415.0,15340.0,5.0,384725.0,46
2023-05-10 13:30:12,pb2404,pb2404,15415.0,0.0,0.0,0.0,3,15355.0,15450.0,1,15335.0,15340.0,15415.0,15340.0,5.0,384725.0,46
2023-05-10 13:30:13,pb2404,pb2404,15415.0,0.0,0.0,0.0,3,15355.0,15445.0,1,15335.0,15340.0,15415.0,15340.0,5.0,384725.0,46
2023-05-10 13:30:13,pb2404,pb2404,15415.0,0.0,0.0,0.0,3,15355.0,15445.0,1,15335.0,15340.0,15415.0,15340.0,5.0,384725.0,46
2023-05-10 13:30:14,pb2404,pb2404,15415.0,0.0,0.0,0.0,3,15355.0,15440.0,1,15335.0,15340.0,15415.0,15340.0,5.0,384725.0,46
2023-05-10 13:30:15,pb2404,pb2404,15415.0,0.0,0.0,0.0,3,15355.0,15440.0,1,15335.0,15340.0,15415.0,15340.0,5.0,384725.0,46
2023-05-10 13:30:17,pb2404,pb2404,15415.0,0.0,0.0,0.0,3,15355.0,15435.0,1,15335.0,15340.0,15415.0,15340.0,5.0,384725.0,46
2023-05-10 13:30:17,pb2404,pb2404,15415.0,0.0,0.0,0.0,3,15355.0,15435.0,3,15335.0,15340.0,15415.0,15340.0,5.0,384725.0,46
2023-05-10 13:30:20,pb2404,pb2404,15415.0,0.0,0.0,0.0,1,15360.0,15435.0,3,15335.0,15340.0,15415.0,15340.0,5.0,384725.0,46
2023-05-10 13:30:20,pb2404,pb2404,15415.0,0.0,0.0,0.0,1,15360.0,15435.0,3,15335.0,15340.0,15415.0,15340.0,5.0,384725.0,46
2023-05-10 13:30:21,pb2404,pb2404,15415.0,0.0,0.0,0.0,1,15360.0,15435.0,3,15335.0,15340.0,15415.0,15340.0,5.0,384725.0,46
2023-05-10 13:30:21,pb2404,pb2404,15415.0,0.0,0.0,0.0,1,15360.0,15435.0,4,15335.0,15340.0,15415.0,15340.0,5.0,384725.0,46
2023-05-10 13:30:49,pb2404,pb2404,15415.0,0.0,0.0,0.0,1,15360.0,15435.0,4,15335.0,15340.0,15415.0,15340.0,5.0,384725.0,46
2023-05-10 13:31:00,pb2404,pb2404,15415.0,0.0,0.0,0.0,1,15360.0,15435.0,4,15335.0,15340.0,15415.0,15340.0,5.0,384725.0,46
2023-05-10 13:31:01,pb2404,pb2404,15415.0,0.0,0.0,0.0,1,15360.0,15435.0,3,15335.0,15340.0,15415.0,15340.0,5.0,384725.0,46
