time,symbol_id,symbol_name,last,trade_volume,trade_amount,open_interest_change,bv1,bp1,ap1,av1,yesterday_close,today_open,today_high,today_low,volume,amount,open_interest
2023-05-10 21:00:00,jm2311,jm2311,1393.5,0.0,0.0,0.0,1,1184.5,1602.5,1,1393.5,0.0,0.0,0.0,0.0,0.0,1
2023-05-10 21:00:01,jm2311,jm2311,1393.5,0.0,0.0,0.0,1,1184.5,1602.0,2,1393.5,0.0,0.0,0.0,0.0,0.0,1
2023-05-10 21:00:02,jm2311,jm2311,1393.5,0.0,0.0,0.0,1,1184.5,1599.5,1,1393.5,0.0,0.0,0.0,0.0,0.0,1
2023-05-10 21:00:03,jm2311,jm2311,1393.5,0.0,0.0,0.0,4,1185.0,1599.0,4,1393.5,0.0,0.0,0.0,0.0,0.0,1
2023-05-10 21:00:03,jm2311,jm2311,1393.5,0.0,0.0,0.0,1,1187.5,1596.5,1,1393.5,0.0,0.0,0.0,0.0,0.0,1
2023-05-10 21:00:05,jm2311,jm2311,1393.5,0.0,0.0,0.0,1,1188.5,1595.5,1,1393.5,0.0,0.0,0.0,0.0,0.0,1
2023-05-10 21:00:05,jm2311,jm2311,1393.5,0.0,0.0,0.0,1,1191.0,1593.0,1,1393.5,0.0,0.0,0.0,0.0,0.0,1
2023-05-10 21:00:07,jm2311,jm2311,1393.5,0.0,0.0,0.0,1,1192.0,1592.0,1,1393.5,0.0,0.0,0.0,0.0,0.0,1
2023-05-10 21:00:07,jm2311,jm2311,1393.5,0.0,0.0,0.0,1,1194.5,1589.5,1,1393.5,0.0,0.0,0.0,0.0,0.0,1
2023-05-10 21:00:09,jm2311,jm2311,1393.5,0.0,0.0,0.0,1,1195.5,1588.5,1,1393.5,0.0,0.0,0.0,0.0,0.0,1
2023-05-10 21:00:09,jm2311,jm2311,1393.5,0.0,0.0,0.0,1,1198.0,1586.0,1,1393.5,0.0,0.0,0.0,0.0,0.0,1
2023-05-10 21:00:11,jm2311,jm2311,1393.5,0.0,0.0,0.0,1,1198.0,1585.0,1,1393.5,0.0,0.0,0.0,0.0,0.0,1
2023-05-10 21:00:11,jm2311,jm2311,1393.5,0.0,0.0,0.0,1,1305.5,1451.0,1,1393.5,0.0,0.0,0.0,0.0,0.0,1
2023-05-10 21:00:12,jm2311,jm2311,1393.5,0.0,0.0,0.0,1,1308.0,1448.5,1,1393.5,0.0,0.0,0.0,0.0,0.0,1
2023-05-10 21:00:13,jm2311,jm2311,1393.5,0.0,0.0,0.0,1,1308.0,1448.0,2,1393.5,0.0,0.0,0.0,0.0,0.0,1
2023-05-10 21:00:13,jm2311,jm2311,1393.5,0.0,0.0,0.0,1,1308.0,1445.5,1,1393.5,0.0,0.0,0.0,0.0,0.0,1
2023-05-10 21:00:15,jm2311,jm2311,1393.5,0.0,0.0,0.0,1,1308.0,1445.0,2,1393.5,0.0,0.0,0.0,0.0,0.0,1
2023-05-10 21:00:15,jm2311,jm2311,1393.5,0.0,0.0,0.0,1,1308.0,1442.5,1,1393.5,0.0,0.0,0.0,0.0,0.0,1
2023-05-10 21:00:17,jm2311,jm2311,1393.5,0.0,0.0,0.0,1,1308.0,1442.0,2,1393.5,0.0,0.0,0.0,0.0,0.0,1
2023-05-10 21:00:17,jm2311,jm2311,1393.5,0.0,0.0,0.0,1,1308.0,1439.5,1,1393.5,0.0,0.0,0.0,0.0,0.0,1
2023-05-10 21:00:19,jm2311,jm2311,1393.5,0.0,0.0,0.0,1,1308.5,1439.0,2,1393.5,0.0,0.0,0.0,0.0,0.0,1
2023-05-10 21:00:19,jm2311,jm2311,1393.5,0.0,0.0,0.0,1,1311.0,1436.5,1,1393.5,0.0,0.0,0.0,0.0,0.0,1
2023-05-10 21:00:21,jm2311,jm2311,1393.5,0.0,0.0,0.0,1,1311.0,1436.0,2,1393.5,0.0,0.0,0.0,0.0,0.0,1
2023-05-10 21:00:21,jm2311,jm2311,1393.5,0.0,0.0,0.0,1,1311.0,1433.5,1,1393.5,0.0,0.0,0.0,0.0,0.0,1
2023-05-10 21:00:23,jm2311,jm2311,1393.5,0.0,0.0,0.0,1,1311.0,1433.0,2,1393.5,0.0,0.0,0.0,0.0,0.0,1
2023-05-10 21:00:23,jm2311,jm2311,1393.5,0.0,0.0,0.0,1,1311.0,1430.5,1,1393.5,0.0,0.0,0.0,0.0,0.0,1
2023-05-10 21:00:25,jm2311,jm2311,1393.5,0.0,0.0,0.0,1,1311.0,1430.0,2,1393.5,0.0,0.0,0.0,0.0,0.0,1
2023-05-10 21:00:25,jm2311,jm2311,1393.5,0.0,0.0,0.0,1,1311.0,1427.5,1,1393.5,0.0,0.0,0.0,0.0,0.0,1
2023-05-10 21:00:27,jm2311,jm2311,1393.5,0.0,0.0,0.0,1,1311.0,1427.0,2,1393.5,0.0,0.0,0.0,0.0,0.0,1
2023-05-10 21:00:27,jm2311,jm2311,1393.5,0.0,0.0,0.0,1,1311.0,1424.5,1,1393.5,0.0,0.0,0.0,0.0,0.0,1
2023-05-10 21:00:29,jm2311,jm2311,1393.5,0.0,0.0,0.0,1,1311.0,1424.0,2,1393.5,0.0,0.0,0.0,0.0,0.0,1
2023-05-10 21:00:29,jm2311,jm2311,1393.5,0.0,0.0,0.0,1,1311.0,1421.5,1,1393.5,0.0,0.0,0.0,0.0,0.0,1
2023-05-10 21:00:31,jm2311,jm2311,1393.5,0.0,0.0,0.0,1,1311.0,1421.0,2,1393.5,0.0,0.0,0.0,0.0,0.0,1
2023-05-10 21:00:31,jm2311,jm2311,1393.5,0.0,0.0,0.0,1,1311.0,1418.5,1,1393.5,0.0,0.0,0.0,0.0,0.0,1
2023-05-10 21:00:33,jm2311,jm2311,1393.5,0.0,0.0,0.0,2,1311.0,1418.0,2,1393.5,0.0,0.0,0.0,0.0,0.0,1
2023-05-10 21:00:33,jm2311,jm2311,1393.5,0.0,0.0,0.0,2,1311.0,1415.5,1,1393.5,0.0,0.0,0.0,0.0,0.0,1
2023-05-10 21:00:35,jm2311,jm2311,1393.5,0.0,0.0,0.0,2,1311.0,1415.0,2,1393.5,0.0,0.0,0.0,0.0,0.0,1
2023-05-10 21:00:35,jm2311,jm2311,1393.5,0.0,0.0,0.0,2,1311.0,1412.5,1,1393.5,0.0,0.0,0.0,0.0,0.0,1
2023-05-10 21:00:37,jm2311,jm2311,1393.5,0.0,0.0,0.0,2,1311.0,1412.0,2,1393.5,0.0,0.0,0.0,0.0,0.0,1
2023-05-10 21:00:37,jm2311,jm2311,1393.5,0.0,0.0,0.0,2,1311.0,1409.5,1,1393.5,0.0,0.0,0.0,0.0,0.0,1
2023-05-10 21:00:39,jm2311,jm2311,1393.5,0.0,0.0,0.0,2,1311.0,1409.0,2,1393.5,0.0,0.0,0.0,0.0,0.0,1
2023-05-10 21:00:39,jm2311,jm2311,1393.5,0.0,0.0,0.0,2,1311.0,1406.5,1,1393.5,0.0,0.0,0.0,0.0,0.0,1
2023-05-10 21:01:00,jm2311,jm2311,1393.5,0.0,0.0,0.0,2,1311.0,1406.5,3,1393.5,0.0,0.0,0.0,0.0,0.0,1
2023-05-10 21:01:02,jm2311,jm2311,1393.5,0.0,0.0,0.0,2,1311.0,1406.5,1,1393.5,0.0,0.0,0.0,0.0,0.0,1
2023-05-10 21:01:03,jm2311,jm2311,1393.5,0.0,0.0,0.0,1,1311.5,1406.5,1,1393.5,0.0,0.0,0.0,0.0,0.0,1
2023-05-10 21:01:04,jm2311,jm2311,1393.5,0.0,0.0,0.0,1,1314.0,1406.5,1,1393.5,0.0,0.0,0.0,0.0,0.0,1
2023-05-10 21:01:47,jm2311,jm2311,1393.5,0.0,0.0,0.0,1,1314.5,1406.5,1,1393.5,0.0,0.0,0.0,0.0,0.0,1
2023-05-10 21:01:48,jm2311,jm2311,1393.5,0.0,0.0,0.0,1,1317.0,1406.5,1,1393.5,0.0,0.0,0.0,0.0,0.0,1
2023-05-10 21:02:31,jm2311,jm2311,1393.5,0.0,0.0,0.0,1,1317.5,1406.5,1,1393.5,0.0,0.0,0.0,0.0,0.0,1
2023-05-10 21:02:32,jm2311,jm2311,1393.5,0.0,0.0,0.0,1,1320.0,1406.5,1,1393.5,0.0,0.0,0.0,0.0,0.0,1
2023-05-10 21:02:50,jm2311,jm2311,1393.5,0.0,0.0,0.0,1,1320.0,1451.0,1,1393.5,0.0,0.0,0.0,0.0,0.0,1
2023-05-10 21:02:51,jm2311,jm2311,1393.5,0.0,0.0,0.0,1,1320.0,1448.5,1,1393.5,0.0,0.0,0.0,0.0,0.0,1
2023-05-10 21:02:53,jm2311,jm2311,1393.5,0.0,0.0,0.0,1,1320.0,1448.0,2,1393.5,0.0,0.0,0.0,0.0,0.0,1
2023-05-10 21:02:53,jm2311,jm2311,1393.5,0.0,0.0,0.0,1,1320.0,1445.5,1,1393.5,0.0,0.0,0.0,0.0,0.0,1
2023-05-10 21:02:55,jm2311,jm2311,1393.5,0.0,0.0,0.0,1,1320.0,1445.0,2,1393.5,0.0,0.0,0.0,0.0,0.0,1
2023-05-10 21:02:55,jm2311,jm2311,1393.5,0.0,0.0,0.0,1,1320.0,1442.5,1,1393.5,0.0,0.0,0.0,0.0,0.0,1
2023-05-10 21:02:57,jm2311,jm2311,1393.5,0.0,0.0,0.0,1,1320.0,1442.0,2,1393.5,0.0,0.0,0.0,0.0,0.0,1
2023-05-10 21:02:57,jm2311,jm2311,1393.5,0.0,0.0,0.0,1,1320.0,1439.5,1,1393.5,0.0,0.0,0.0,0.0,0.0,1
2023-05-10 21:02:59,jm2311,jm2311,1393.5,0.0,0.0,0.0,1,1320.0,1439.0,2,1393.5,0.0,0.0,0.0,0.0,0.0,1
2023-05-10 21:02:59,jm2311,jm2311,1393.5,0.0,0.0,0.0,1,1320.0,1436.5,1,1393.5,0.0,0.0,0.0,0.0,0.0,1
2023-05-10 21:03:01,jm2311,jm2311,1393.5,0.0,0.0,0.0,1,1320.0,1436.0,2,1393.5,0.0,0.0,0.0,0.0,0.0,1
2023-05-10 21:03:01,jm2311,jm2311,1393.5,0.0,0.0,0.0,1,1320.0,1433.5,1,1393.5,0.0,0.0,0.0,0.0,0.0,1
2023-05-10 21:03:03,jm2311,jm2311,1393.5,0.0,0.0,0.0,1,1320.0,1433.0,2,1393.5,0.0,0.0,0.0,0.0,0.0,1
2023-05-10 21:03:03,jm2311,jm2311,1393.5,0.0,0.0,0.0,1,1320.0,1430.5,1,1393.5,0.0,0.0,0.0,0.0,0.0,1
2023-05-10 21:03:05,jm2311,jm2311,1393.5,0.0,0.0,0.0,1,1320.0,1430.0,2,1393.5,0.0,0.0,0.0,0.0,0.0,1
2023-05-10 21:03:05,jm2311,jm2311,1393.5,0.0,0.0,0.0,1,1320.0,1427.5,1,1393.5,0.0,0.0,0.0,0.0,0.0,1
2023-05-10 21:03:07,jm2311,jm2311,1393.5,0.0,0.0,0.0,1,1320.0,1427.0,2,1393.5,0.0,0.0,0.0,0.0,0.0,1
2023-05-10 21:03:07,jm2311,jm2311,1393.5,0.0,0.0,0.0,1,1320.0,1424.5,1,1393.5,0.0,0.0,0.0,0.0,0.0,1
2023-05-10 21:03:09,jm2311,jm2311,1393.5,0.0,0.0,0.0,1,1320.0,1424.0,2,1393.5,0.0,0.0,0.0,0.0,0.0,1
2023-05-10 21:03:09,jm2311,jm2311,1393.5,0.0,0.0,0.0,1,1320.0,1421.5,1,1393.5,0.0,0.0,0.0,0.0,0.0,1
2023-05-10 21:03:11,jm2311,jm2311,1393.5,0.0,0.0,0.0,1,1320.0,1421.0,2,1393.5,0.0,0.0,0.0,0.0,0.0,1
2023-05-10 21:03:11,jm2311,jm2311,1393.5,0.0,0.0,0.0,1,1320.0,1418.5,1,1393.5,0.0,0.0,0.0,0.0,0.0,1
2023-05-10 21:03:15,jm2311,jm2311,1393.5,0.0,0.0,0.0,1,1320.5,1418.5,1,1393.5,0.0,0.0,0.0,0.0,0.0,1
2023-05-10 21:03:16,jm2311,jm2311,1393.5,0.0,0.0,0.0,1,1323.0,1418.5,1,1393.5,0.0,0.0,0.0,0.0,0.0,1
2023-05-10 21:03:56,jm2311,jm2311,1393.5,0.0,0.0,0.0,1,1323.0,1418.5,3,1393.5,0.0,0.0,0.0,0.0,0.0,1
2023-05-10 21:03:58,jm2311,jm2311,1393.5,0.0,0.0,0.0,1,1323.0,1418.5,1,1393.5,0.0,0.0,0.0,0.0,0.0,1
2023-05-10 21:03:59,jm2311,jm2311,1393.5,0.0,0.0,0.0,1,1323.0,1418.5,3,1393.5,0.0,0.0,0.0,0.0,0.0,1
2023-05-10 21:03:59,jm2311,jm2311,1393.5,0.0,0.0,0.0,1,1323.5,1418.5,3,1393.5,0.0,0.0,0.0,0.0,0.0,1
2023-05-10 21:04:00,jm2311,jm2311,1393.5,0.0,0.0,0.0,1,1326.0,1418.5,3,1393.5,0.0,0.0,0.0,0.0,0.0,1
2023-05-10 21:04:00,jm2311,jm2311,1393.5,0.0,0.0,0.0,1,1326.0,1418.5,1,1393.5,0.0,0.0,0.0,0.0,0.0,1
2023-05-10 21:04:01,jm2311,jm2311,1393.5,0.0,0.0,0.0,1,1326.0,1418.5,3,1393.5,0.0,0.0,0.0,0.0,0.0,1
2023-05-10 21:04:03,jm2311,jm2311,1393.5,0.0,0.0,0.0,1,1326.0,1418.5,1,1393.5,0.0,0.0,0.0,0.0,0.0,1
2023-05-10 21:04:04,jm2311,jm2311,1393.5,0.0,0.0,0.0,1,1326.0,1418.0,2,1393.5,0.0,0.0,0.0,0.0,0.0,1
2023-05-10 21:04:04,jm2311,jm2311,1393.5,0.0,0.0,0.0,1,1326.0,1415.5,1,1393.5,0.0,0.0,0.0,0.0,0.0,1
2023-05-10 21:04:44,jm2311,jm2311,1393.5,0.0,0.0,0.0,1,1326.5,1415.5,1,1393.5,0.0,0.0,0.0,0.0,0.0,1
2023-05-10 21:04:44,jm2311,jm2311,1393.5,0.0,0.0,0.0,1,1329.0,1415.5,1,1393.5,0.0,0.0,0.0,0.0,0.0,1
2023-05-10 21:05:27,jm2311,jm2311,1393.5,0.0,0.0,0.0,1,1329.5,1415.5,1,1393.5,0.0,0.0,0.0,0.0,0.0,1
2023-05-10 21:05:28,jm2311,jm2311,1393.5,0.0,0.0,0.0,1,1332.0,1415.5,1,1393.5,0.0,0.0,0.0,0.0,0.0,1
2023-05-10 21:06:14,jm2311,jm2311,1393.5,0.0,0.0,0.0,1,1332.5,1415.5,1,1393.5,0.0,0.0,0.0,0.0,0.0,1
2023-05-10 21:06:14,jm2311,jm2311,1393.5,0.0,0.0,0.0,1,1335.0,1415.5,1,1393.5,0.0,0.0,0.0,0.0,0.0,1
2023-05-10 21:07:01,jm2311,jm2311,1393.5,0.0,0.0,0.0,1,1335.5,1415.5,1,1393.5,0.0,0.0,0.0,0.0,0.0,1
2023-05-10 21:07:02,jm2311,jm2311,1393.5,0.0,0.0,0.0,1,1338.0,1415.5,1,1393.5,0.0,0.0,0.0,0.0,0.0,1
2023-05-10 21:07:44,jm2311,jm2311,1393.5,0.0,0.0,0.0,1,1338.5,1415.5,1,1393.5,0.0,0.0,0.0,0.0,0.0,1
2023-05-10 21:07:45,jm2311,jm2311,1393.5,0.0,0.0,0.0,1,1341.0,1415.5,1,1393.5,0.0,0.0,0.0,0.0,0.0,1
2023-05-10 21:08:29,jm2311,jm2311,1393.5,0.0,0.0,0.0,1,1341.5,1415.5,1,1393.5,0.0,0.0,0.0,0.0,0.0,1
2023-05-10 21:08:30,jm2311,jm2311,1393.5,0.0,0.0,0.0,1,1344.0,1415.5,1,1393.5,0.0,0.0,0.0,0.0,0.0,1
2023-05-10 21:09:13,jm2311,jm2311,1393.5,0.0,0.0,0.0,1,1344.5,1415.5,1,1393.5,0.0,0.0,0.0,0.0,0.0,1
2023-05-10 21:09:13,jm2311,jm2311,1393.5,0.0,0.0,0.0,1,1347.0,1415.5,1,1393.5,0.0,0.0,0.0,0.0,0.0,1
2023-05-10 21:09:29,jm2311,jm2311,1393.5,0.0,0.0,0.0,1,1347.0,1415.5,3,1393.5,0.0,0.0,0.0,0.0,0.0,1
2023-05-10 21:09:33,jm2311,jm2311,1393.5,0.0,0.0,0.0,1,1347.0,1415.5,1,1393.5,0.0,0.0,0.0,0.0,0.0,1
2023-05-10 21:09:42,jm2311,jm2311,1393.5,0.0,0.0,0.0,1,1347.0,1415.5,3,1393.5,0.0,0.0,0.0,0.0,0.0,1
2023-05-10 21:09:44,jm2311,jm2311,1393.5,0.0,0.0,0.0,1,1347.0,1415.5,1,1393.5,0.0,0.0,0.0,0.0,0.0,1
2023-05-10 21:09:48,jm2311,jm2311,1393.5,0.0,0.0,0.0,1,1347.0,1415.5,3,1393.5,0.0,0.0,0.0,0.0,0.0,1
2023-05-10 21:09:57,jm2311,jm2311,1393.5,0.0,0.0,0.0,1,1347.0,1415.5,1,1393.5,0.0,0.0,0.0,0.0,0.0,1
2023-05-10 21:09:57,jm2311,jm2311,1393.5,0.0,0.0,0.0,1,1347.5,1415.0,2,1393.5,0.0,0.0,0.0,0.0,0.0,1
2023-05-10 21:09:58,jm2311,jm2311,1393.5,0.0,0.0,0.0,1,1347.5,1412.5,1,1393.5,0.0,0.0,0.0,0.0,0.0,1
2023-05-10 21:10:06,jm2311,jm2311,1393.5,0.0,0.0,0.0,1,1347.5,1412.5,3,1393.5,0.0,0.0,0.0,0.0,0.0,1
2023-05-10 21:10:07,jm2311,jm2311,1393.5,0.0,0.0,0.0,1,1347.5,1412.5,1,1393.5,0.0,0.0,0.0,0.0,0.0,1
2023-05-10 21:10:10,jm2311,jm2311,1393.5,0.0,0.0,0.0,1,1347.5,1412.5,3,1393.5,0.0,0.0,0.0,0.0,0.0,1
2023-05-10 21:10:11,jm2311,jm2311,1393.5,0.0,0.0,0.0,1,1347.5,1412.5,1,1393.5,0.0,0.0,0.0,0.0,0.0,1
2023-05-10 21:10:12,jm2311,jm2311,1393.5,0.0,0.0,0.0,1,1347.5,1412.0,2,1393.5,0.0,0.0,0.0,0.0,0.0,1
2023-05-10 21:10:12,jm2311,jm2311,1393.5,0.0,0.0,0.0,1,1347.5,1409.5,1,1393.5,0.0,0.0,0.0,0.0,0.0,1
2023-05-10 21:11:15,jm2311,jm2311,1393.5,0.0,0.0,0.0,1,1347.5,1409.0,2,1393.5,0.0,0.0,0.0,0.0,0.0,1
2023-05-10 21:11:15,jm2311,jm2311,1393.5,0.0,0.0,0.0,1,1347.5,1406.5,1,1393.5,0.0,0.0,0.0,0.0,0.0,1
2023-05-10 21:12:29,jm2311,jm2311,1393.5,0.0,0.0,0.0,1,1347.5,1451.0,1,1393.5,0.0,0.0,0.0,0.0,0.0,1
2023-05-10 21:12:29,jm2311,jm2311,1393.5,0.0,0.0,0.0,1,1347.5,1448.5,1,1393.5,0.0,0.0,0.0,0.0,0.0,1
2023-05-10 21:12:30,jm2311,jm2311,1393.5,0.0,0.0,0.0,1,1347.5,1448.0,2,1393.5,0.0,0.0,0.0,0.0,0.0,1
2023-05-10 21:12:31,jm2311,jm2311,1393.5,0.0,0.0,0.0,1,1347.5,1445.5,1,1393.5,0.0,0.0,0.0,0.0,0.0,1
2023-05-10 21:12:31,jm2311,jm2311,1393.5,0.0,0.0,0.0,1,1347.5,1445.0,2,1393.5,0.0,0.0,0.0,0.0,0.0,1
2023-05-10 21:12:32,jm2311,jm2311,1393.5,0.0,0.0,0.0,1,1347.5,1442.5,1,1393.5,0.0,0.0,0.0,0.0,0.0,1
2023-05-10 21:12:33,jm2311,jm2311,1393.5,0.0,0.0,0.0,1,1347.5,1442.0,2,1393.5,0.0,0.0,0.0,0.0,0.0,1
2023-05-10 21:12:33,jm2311,jm2311,1393.5,0.0,0.0,0.0,1,1347.5,1439.5,1,1393.5,0.0,0.0,0.0,0.0,0.0,1
2023-05-10 21:12:34,jm2311,jm2311,1393.5,0.0,0.0,0.0,1,1347.5,1439.0,2,1393.5,0.0,0.0,0.0,0.0,0.0,1
2023-05-10 21:12:35,jm2311,jm2311,1393.5,0.0,0.0,0.0,1,1347.5,1436.5,1,1393.5,0.0,0.0,0.0,0.0,0.0,1
2023-05-10 21:12:36,jm2311,jm2311,1393.5,0.0,0.0,0.0,1,1347.5,1436.0,2,1393.5,0.0,0.0,0.0,0.0,0.0,1
2023-05-10 21:12:37,jm2311,jm2311,1393.5,0.0,0.0,0.0,1,1347.5,1433.5,1,1393.5,0.0,0.0,0.0,0.0,0.0,1
2023-05-10 21:12:37,jm2311,jm2311,1393.5,0.0,0.0,0.0,1,1347.5,1433.0,2,1393.5,0.0,0.0,0.0,0.0,0.0,1
2023-05-10 21:12:38,jm2311,jm2311,1393.5,0.0,0.0,0.0,1,1347.5,1430.5,1,1393.5,0.0,0.0,0.0,0.0,0.0,1
2023-05-10 21:12:38,jm2311,jm2311,1393.5,0.0,0.0,0.0,1,1347.5,1430.0,2,1393.5,0.0,0.0,0.0,0.0,0.0,1
2023-05-10 21:12:39,jm2311,jm2311,1393.5,0.0,0.0,0.0,1,1347.5,1427.5,1,1393.5,0.0,0.0,0.0,0.0,0.0,1
2023-05-10 21:12:39,jm2311,jm2311,1393.5,0.0,0.0,0.0,1,1347.5,1427.0,2,1393.5,0.0,0.0,0.0,0.0,0.0,1
2023-05-10 21:12:40,jm2311,jm2311,1393.5,0.0,0.0,0.0,1,1347.5,1424.5,1,1393.5,0.0,0.0,0.0,0.0,0.0,1
2023-05-10 21:12:41,jm2311,jm2311,1393.5,0.0,0.0,0.0,1,1347.5,1424.0,2,1393.5,0.0,0.0,0.0,0.0,0.0,1
2023-05-10 21:12:41,jm2311,jm2311,1393.5,0.0,0.0,0.0,1,1347.5,1421.5,1,1393.5,0.0,0.0,0.0,0.0,0.0,1
2023-05-10 21:12:43,jm2311,jm2311,1393.5,0.0,0.0,0.0,1,1347.5,1421.0,2,1393.5,0.0,0.0,0.0,0.0,0.0,1
2023-05-10 21:12:44,jm2311,jm2311,1393.5,0.0,0.0,0.0,1,1347.5,1418.5,1,1393.5,0.0,0.0,0.0,0.0,0.0,1
2023-05-10 21:12:45,jm2311,jm2311,1393.5,0.0,0.0,0.0,1,1347.5,1418.0,2,1393.5,0.0,0.0,0.0,0.0,0.0,1
2023-05-10 21:12:45,jm2311,jm2311,1393.5,0.0,0.0,0.0,1,1347.5,1415.5,1,1393.5,0.0,0.0,0.0,0.0,0.0,1
2023-05-10 21:12:47,jm2311,jm2311,1393.5,0.0,0.0,0.0,1,1347.5,1415.0,2,1393.5,0.0,0.0,0.0,0.0,0.0,1
2023-05-10 21:12:47,jm2311,jm2311,1393.5,0.0,0.0,0.0,1,1347.5,1412.5,1,1393.5,0.0,0.0,0.0,0.0,0.0,1
2023-05-10 21:12:48,jm2311,jm2311,1393.5,0.0,0.0,0.0,1,1347.5,1412.0,2,1393.5,0.0,0.0,0.0,0.0,0.0,1
2023-05-10 21:12:49,jm2311,jm2311,1393.5,0.0,0.0,0.0,1,1347.5,1409.5,1,1393.5,0.0,0.0,0.0,0.0,0.0,1
2023-05-10 21:12:50,jm2311,jm2311,1393.5,0.0,0.0,0.0,1,1347.5,1409.0,2,1393.5,0.0,0.0,0.0,0.0,0.0,1
2023-05-10 21:12:51,jm2311,jm2311,1393.5,0.0,0.0,0.0,1,1347.5,1406.5,1,1393.5,0.0,0.0,0.0,0.0,0.0,1
2023-05-10 21:14:57,jm2311,jm2311,1393.5,0.0,0.0,0.0,1,1324.5,1406.5,1,1393.5,0.0,0.0,0.0,0.0,0.0,1
2023-05-10 21:14:58,jm2311,jm2311,1393.5,0.0,0.0,0.0,1,1327.0,1406.5,1,1393.5,0.0,0.0,0.0,0.0,0.0,1
2023-05-10 21:15:05,jm2311,jm2311,1393.5,0.0,0.0,0.0,1,1327.5,1406.5,1,1393.5,0.0,0.0,0.0,0.0,0.0,1
2023-05-10 21:15:05,jm2311,jm2311,1393.5,0.0,0.0,0.0,1,1330.0,1406.5,1,1393.5,0.0,0.0,0.0,0.0,0.0,1
2023-05-10 21:15:47,jm2311,jm2311,1393.5,0.0,0.0,0.0,1,1330.5,1406.5,1,1393.5,0.0,0.0,0.0,0.0,0.0,1
2023-05-10 21:15:48,jm2311,jm2311,1393.5,0.0,0.0,0.0,1,1333.0,1406.5,1,1393.5,0.0,0.0,0.0,0.0,0.0,1
2023-05-10 21:16:23,jm2311,jm2311,1393.5,0.0,0.0,0.0,1,1333.0,1406.5,3,1393.5,0.0,0.0,0.0,0.0,0.0,1
2023-05-10 21:16:24,jm2311,jm2311,1393.5,0.0,0.0,0.0,1,1333.0,1406.5,1,1393.5,0.0,0.0,0.0,0.0,0.0,1
2023-05-10 21:16:25,jm2311,jm2311,1393.5,0.0,0.0,0.0,1,1333.0,1406.0,2,1393.5,0.0,0.0,0.0,0.0,0.0,1
2023-05-10 21:16:25,jm2311,jm2311,1393.5,0.0,0.0,0.0,1,1333.0,1403.5,1,1393.5,0.0,0.0,0.0,0.0,0.0,1
2023-05-10 21:16:32,jm2311,jm2311,1393.5,0.0,0.0,0.0,1,1333.5,1403.5,1,1393.5,0.0,0.0,0.0,0.0,0.0,1
2023-05-10 21:16:32,jm2311,jm2311,1393.5,0.0,0.0,0.0,1,1336.0,1403.5,1,1393.5,0.0,0.0,0.0,0.0,0.0,1
2023-05-10 21:17:16,jm2311,jm2311,1393.5,0.0,0.0,0.0,1,1336.5,1403.5,1,1393.5,0.0,0.0,0.0,0.0,0.0,1
2023-05-10 21:17:16,jm2311,jm2311,1393.5,0.0,0.0,0.0,1,1339.0,1403.5,1,1393.5,0.0,0.0,0.0,0.0,0.0,1
2023-05-10 21:18:00,jm2311,jm2311,1393.5,0.0,0.0,0.0,1,1339.5,1403.5,1,1393.5,0.0,0.0,0.0,0.0,0.0,1
2023-05-10 21:18:12,jm2311,jm2311,1393.5,0.0,0.0,0.0,1,1342.0,1403.5,1,1393.5,0.0,0.0,0.0,0.0,0.0,1
2023-05-10 21:19:28,jm2311,jm2311,1393.5,0.0,0.0,0.0,1,1342.5,1403.5,1,1393.5,0.0,0.0,0.0,0.0,0.0,1
2023-05-10 21:24:28,jm2311,jm2311,1393.5,0.0,0.0,0.0,1,1327.0,1403.5,1,1393.5,0.0,0.0,0.0,0.0,0.0,1
2023-05-10 21:24:48,jm2311,jm2311,1393.5,0.0,0.0,0.0,1,1327.5,1403.5,1,1393.5,0.0,0.0,0.0,0.0,0.0,1
2023-05-10 21:24:49,jm2311,jm2311,1393.5,0.0,0.0,0.0,1,1330.0,1403.5,1,1393.5,0.0,0.0,0.0,0.0,0.0,1
2023-05-10 21:25:32,jm2311,jm2311,1393.5,0.0,0.0,0.0,1,1330.5,1403.5,1,1393.5,0.0,0.0,0.0,0.0,0.0,1
2023-05-10 21:25:33,jm2311,jm2311,1393.5,0.0,0.0,0.0,1,1333.0,1403.5,1,1393.5,0.0,0.0,0.0,0.0,0.0,1
2023-05-10 21:26:15,jm2311,jm2311,1393.5,0.0,0.0,0.0,1,1333.0,1447.5,1,1393.5,0.0,0.0,0.0,0.0,0.0,1
2023-05-10 21:26:16,jm2311,jm2311,1393.5,0.0,0.0,0.0,1,1333.5,1445.0,1,1393.5,0.0,0.0,0.0,0.0,0.0,1
2023-05-10 21:26:16,jm2311,jm2311,1393.5,0.0,0.0,0.0,1,1336.0,1445.0,1,1393.5,0.0,0.0,0.0,0.0,0.0,1
2023-05-10 21:26:17,jm2311,jm2311,1393.5,0.0,0.0,0.0,1,1336.0,1444.5,2,1393.5,0.0,0.0,0.0,0.0,0.0,1
2023-05-10 21:26:17,jm2311,jm2311,1393.5,0.0,0.0,0.0,1,1336.0,1442.0,1,1393.5,0.0,0.0,0.0,0.0,0.0,1
2023-05-10 21:26:18,jm2311,jm2311,1393.5,0.0,0.0,0.0,1,1336.0,1441.5,2,1393.5,0.0,0.0,0.0,0.0,0.0,1
2023-05-10 21:26:18,jm2311,jm2311,1393.5,0.0,0.0,0.0,1,1336.0,1439.0,1,1393.5,0.0,0.0,0.0,0.0,0.0,1
2023-05-10 21:26:19,jm2311,jm2311,1393.5,0.0,0.0,0.0,1,1336.0,1438.5,2,1393.5,0.0,0.0,0.0,0.0,0.0,1
2023-05-10 21:26:20,jm2311,jm2311,1393.5,0.0,0.0,0.0,1,1336.0,1436.0,1,1393.5,0.0,0.0,0.0,0.0,0.0,1
2023-05-10 21:26:21,jm2311,jm2311,1393.5,0.0,0.0,0.0,1,1336.0,1435.5,2,1393.5,0.0,0.0,0.0,0.0,0.0,1
2023-05-10 21:26:21,jm2311,jm2311,1393.5,0.0,0.0,0.0,1,1336.0,1433.0,1,1393.5,0.0,0.0,0.0,0.0,0.0,1
2023-05-10 21:26:22,jm2311,jm2311,1393.5,0.0,0.0,0.0,1,1336.0,1432.5,2,1393.5,0.0,0.0,0.0,0.0,0.0,1
2023-05-10 21:26:22,jm2311,jm2311,1393.5,0.0,0.0,0.0,1,1336.0,1430.0,1,1393.5,0.0,0.0,0.0,0.0,0.0,1
2023-05-10 21:26:24,jm2311,jm2311,1393.5,0.0,0.0,0.0,1,1336.0,1429.5,4,1393.5,0.0,0.0,0.0,0.0,0.0,1
2023-05-10 21:26:24,jm2311,jm2311,1393.5,0.0,0.0,0.0,1,1336.0,1427.0,1,1393.5,0.0,0.0,0.0,0.0,0.0,1
2023-05-10 21:26:26,jm2311,jm2311,1393.5,0.0,0.0,0.0,1,1336.0,1426.5,2,1393.5,0.0,0.0,0.0,0.0,0.0,1
2023-05-10 21:26:26,jm2311,jm2311,1393.5,0.0,0.0,0.0,1,1336.0,1424.0,1,1393.5,0.0,0.0,0.0,0.0,0.0,1
2023-05-10 21:26:27,jm2311,jm2311,1393.5,0.0,0.0,0.0,1,1336.0,1423.5,2,1393.5,0.0,0.0,0.0,0.0,0.0,1
2023-05-10 21:26:28,jm2311,jm2311,1393.5,0.0,0.0,0.0,1,1336.0,1421.0,1,1393.5,0.0,0.0,0.0,0.0,0.0,1
2023-05-10 21:26:29,jm2311,jm2311,1393.5,0.0,0.0,0.0,1,1336.0,1420.5,2,1393.5,0.0,0.0,0.0,0.0,0.0,1
2023-05-10 21:26:29,jm2311,jm2311,1393.5,0.0,0.0,0.0,1,1336.0,1418.0,1,1393.5,0.0,0.0,0.0,0.0,0.0,1
2023-05-10 21:26:30,jm2311,jm2311,1393.5,0.0,0.0,0.0,1,1336.0,1417.5,2,1393.5,0.0,0.0,0.0,0.0,0.0,1
2023-05-10 21:26:31,jm2311,jm2311,1393.5,0.0,0.0,0.0,1,1336.0,1415.0,1,1393.5,0.0,0.0,0.0,0.0,0.0,1
2023-05-10 21:26:32,jm2311,jm2311,1393.5,0.0,0.0,0.0,1,1336.0,1414.5,2,1393.5,0.0,0.0,0.0,0.0,0.0,1
2023-05-10 21:26:33,jm2311,jm2311,1393.5,0.0,0.0,0.0,1,1336.0,1412.0,1,1393.5,0.0,0.0,0.0,0.0,0.0,1
2023-05-10 21:26:34,jm2311,jm2311,1393.5,0.0,0.0,0.0,1,1336.0,1411.5,2,1393.5,0.0,0.0,0.0,0.0,0.0,1
2023-05-10 21:26:35,jm2311,jm2311,1393.5,0.0,0.0,0.0,1,1336.0,1409.0,1,1393.5,0.0,0.0,0.0,0.0,0.0,1
2023-05-10 21:27:00,jm2311,jm2311,1393.5,0.0,0.0,0.0,1,1336.5,1409.0,1,1393.5,0.0,0.0,0.0,0.0,0.0,1
2023-05-10 21:27:00,jm2311,jm2311,1393.5,0.0,0.0,0.0,1,1339.0,1409.0,1,1393.5,0.0,0.0,0.0,0.0,0.0,1
2023-05-10 21:27:43,jm2311,jm2311,1393.5,0.0,0.0,0.0,1,1339.5,1409.0,1,1393.5,0.0,0.0,0.0,0.0,0.0,1
2023-05-10 21:27:44,jm2311,jm2311,1393.5,0.0,0.0,0.0,1,1342.0,1409.0,1,1393.5,0.0,0.0,0.0,0.0,0.0,1
2023-05-10 21:28:27,jm2311,jm2311,1393.5,0.0,0.0,0.0,1,1342.5,1409.0,1,1393.5,0.0,0.0,0.0,0.0,0.0,1
2023-05-10 21:29:30,jm2311,jm2311,1393.5,0.0,0.0,0.0,1,1342.5,1409.0,3,1393.5,0.0,0.0,0.0,0.0,0.0,1
2023-05-10 21:29:31,jm2311,jm2311,1393.5,0.0,0.0,0.0,1,1342.5,1409.0,1,1393.5,0.0,0.0,0.0,0.0,0.0,1
2023-05-10 21:29:33,jm2311,jm2311,1393.5,0.0,0.0,0.0,1,1342.5,1409.0,3,1393.5,0.0,0.0,0.0,0.0,0.0,1
2023-05-10 21:29:34,jm2311,jm2311,1393.5,0.0,0.0,0.0,1,1342.5,1409.0,1,1393.5,0.0,0.0,0.0,0.0,0.0,1
2023-05-10 21:29:35,jm2311,jm2311,1393.5,0.0,0.0,0.0,1,1342.5,1409.0,3,1393.5,0.0,0.0,0.0,0.0,0.0,1
2023-05-10 21:29:38,jm2311,jm2311,1393.5,0.0,0.0,0.0,1,1342.5,1409.0,1,1393.5,0.0,0.0,0.0,0.0,0.0,1
2023-05-10 21:29:38,jm2311,jm2311,1393.5,0.0,0.0,0.0,1,1342.5,1408.5,2,1393.5,0.0,0.0,0.0,0.0,0.0,1
2023-05-10 21:29:39,jm2311,jm2311,1393.5,0.0,0.0,0.0,1,1342.5,1406.0,1,1393.5,0.0,0.0,0.0,0.0,0.0,1
2023-05-10 21:30:37,jm2311,jm2311,1393.5,0.0,0.0,0.0,1,1342.5,1406.0,3,1393.5,0.0,0.0,0.0,0.0,0.0,1
2023-05-10 21:30:38,jm2311,jm2311,1393.5,0.0,0.0,0.0,1,1342.5,1406.0,1,1393.5,0.0,0.0,0.0,0.0,0.0,1
2023-05-10 21:30:39,jm2311,jm2311,1393.5,0.0,0.0,0.0,1,1342.5,1405.5,2,1393.5,0.0,0.0,0.0,0.0,0.0,1
2023-05-10 21:30:39,jm2311,jm2311,1393.5,0.0,0.0,0.0,1,1342.5,1403.0,1,1393.5,0.0,0.0,0.0,0.0,0.0,1
2023-05-10 21:33:27,jm2311,jm2311,1393.5,0.0,0.0,0.0,1,1327.0,1403.0,1,1393.5,0.0,0.0,0.0,0.0,0.0,1
2023-05-10 21:33:38,jm2311,jm2311,1393.5,0.0,0.0,0.0,1,1327.5,1403.0,1,1393.5,0.0,0.0,0.0,0.0,0.0,1
2023-05-10 21:33:39,jm2311,jm2311,1393.5,0.0,0.0,0.0,1,1330.0,1403.0,1,1393.5,0.0,0.0,0.0,0.0,0.0,1
2023-05-10 21:34:22,jm2311,jm2311,1393.5,0.0,0.0,0.0,1,1330.5,1403.0,1,1393.5,0.0,0.0,0.0,0.0,0.0,1
2023-05-10 21:34:22,jm2311,jm2311,1393.5,0.0,0.0,0.0,1,1333.0,1403.0,1,1393.5,0.0,0.0,0.0,0.0,0.0,1
2023-05-10 21:35:06,jm2311,jm2311,1393.5,0.0,0.0,0.0,1,1333.5,1403.0,1,1393.5,0.0,0.0,0.0,0.0,0.0,1
2023-05-10 21:35:06,jm2311,jm2311,1393.5,0.0,0.0,0.0,1,1336.0,1403.0,1,1393.5,0.0,0.0,0.0,0.0,0.0,1
2023-05-10 21:35:50,jm2311,jm2311,1393.5,0.0,0.0,0.0,1,1336.5,1403.0,1,1393.5,0.0,0.0,0.0,0.0,0.0,1
2023-05-10 21:35:51,jm2311,jm2311,1393.5,0.0,0.0,0.0,1,1339.0,1403.0,1,1393.5,0.0,0.0,0.0,0.0,0.0,1
2023-05-10 21:36:12,jm2311,jm2311,1393.5,0.0,0.0,0.0,1,1336.5,1403.0,1,1393.5,0.0,0.0,0.0,0.0,0.0,1
2023-05-10 21:36:46,jm2311,jm2311,1393.5,0.0,0.0,0.0,1,1339.0,1403.0,1,1393.5,0.0,0.0,0.0,0.0,0.0,1
2023-05-10 21:38:02,jm2311,jm2311,1393.5,0.0,0.0,0.0,1,1339.5,1403.0,1,1393.5,0.0,0.0,0.0,0.0,0.0,1
2023-05-10 21:39:46,jm2311,jm2311,1393.5,0.0,0.0,0.0,1,1339.5,1403.0,3,1393.5,0.0,0.0,0.0,0.0,0.0,1
2023-05-10 21:39:48,jm2311,jm2311,1393.5,0.0,0.0,0.0,1,1339.5,1403.0,1,1393.5,0.0,0.0,0.0,0.0,0.0,1
2023-05-10 21:39:55,jm2311,jm2311,1393.5,0.0,0.0,0.0,1,1339.5,1403.0,3,1393.5,0.0,0.0,0.0,0.0,0.0,1
2023-05-10 21:39:56,jm2311,jm2311,1393.5,0.0,0.0,0.0,1,1339.5,1403.0,1,1393.5,0.0,0.0,0.0,0.0,0.0,1
2023-05-10 21:39:57,jm2311,jm2311,1393.5,0.0,0.0,0.0,1,1339.5,1403.0,3,1393.5,0.0,0.0,0.0,0.0,0.0,1
2023-05-10 21:39:58,jm2311,jm2311,1393.5,0.0,0.0,0.0,1,1339.5,1403.0,1,1393.5,0.0,0.0,0.0,0.0,0.0,1
2023-05-10 21:40:00,jm2311,jm2311,1393.5,0.0,0.0,0.0,1,1339.5,1403.0,3,1393.5,0.0,0.0,0.0,0.0,0.0,1
2023-05-10 21:40:03,jm2311,jm2311,1393.5,0.0,0.0,0.0,1,1339.5,1403.0,1,1393.5,0.0,0.0,0.0,0.0,0.0,1
2023-05-10 21:40:29,jm2311,jm2311,1393.5,0.0,0.0,0.0,1,1339.5,1448.0,1,1393.5,0.0,0.0,0.0,0.0,0.0,1
2023-05-10 21:40:30,jm2311,jm2311,1393.5,0.0,0.0,0.0,1,1339.5,1445.5,1,1393.5,0.0,0.0,0.0,0.0,0.0,1
2023-05-10 21:40:30,jm2311,jm2311,1393.5,0.0,0.0,0.0,1,1339.5,1445.0,2,1393.5,0.0,0.0,0.0,0.0,0.0,1
2023-05-10 21:40:31,jm2311,jm2311,1393.5,0.0,0.0,0.0,1,1339.5,1442.5,1,1393.5,0.0,0.0,0.0,0.0,0.0,1
2023-05-10 21:40:32,jm2311,jm2311,1393.5,0.0,0.0,0.0,1,1339.5,1442.0,4,1393.5,0.0,0.0,0.0,0.0,0.0,1
2023-05-10 21:40:32,jm2311,jm2311,1393.5,0.0,0.0,0.0,1,1339.5,1439.5,1,1393.5,0.0,0.0,0.0,0.0,0.0,1
2023-05-10 21:40:33,jm2311,jm2311,1393.5,0.0,0.0,0.0,1,1339.5,1439.0,2,1393.5,0.0,0.0,0.0,0.0,0.0,1
2023-05-10 21:40:34,jm2311,jm2311,1393.5,0.0,0.0,0.0,1,1339.5,1436.5,1,1393.5,0.0,0.0,0.0,0.0,0.0,1
2023-05-10 21:40:35,jm2311,jm2311,1393.5,0.0,0.0,0.0,1,1339.5,1436.0,2,1393.5,0.0,0.0,0.0,0.0,0.0,1
2023-05-10 21:40:35,jm2311,jm2311,1393.5,0.0,0.0,0.0,1,1339.5,1433.5,1,1393.5,0.0,0.0,0.0,0.0,0.0,1
2023-05-10 21:40:36,jm2311,jm2311,1393.5,0.0,0.0,0.0,1,1339.5,1433.0,2,1393.5,0.0,0.0,0.0,0.0,0.0,1
2023-05-10 21:40:37,jm2311,jm2311,1393.5,0.0,0.0,0.0,1,1339.5,1430.5,1,1393.5,0.0,0.0,0.0,0.0,0.0,1
2023-05-10 21:40:38,jm2311,jm2311,1393.5,0.0,0.0,0.0,1,1339.5,1430.0,2,1393.5,0.0,0.0,0.0,0.0,0.0,1
2023-05-10 21:40:38,jm2311,jm2311,1393.5,0.0,0.0,0.0,1,1339.5,1427.5,1,1393.5,0.0,0.0,0.0,0.0,0.0,1
2023-05-10 21:40:39,jm2311,jm2311,1393.5,0.0,0.0,0.0,1,1339.5,1427.0,2,1393.5,0.0,0.0,0.0,0.0,0.0,1
2023-05-10 21:40:40,jm2311,jm2311,1393.5,0.0,0.0,0.0,1,1339.5,1424.5,1,1393.5,0.0,0.0,0.0,0.0,0.0,1
2023-05-10 21:40:41,jm2311,jm2311,1393.5,0.0,0.0,0.0,1,1339.5,1424.0,2,1393.5,0.0,0.0,0.0,0.0,0.0,1
2023-05-10 21:40:41,jm2311,jm2311,1393.5,0.0,0.0,0.0,1,1339.5,1421.5,1,1393.5,0.0,0.0,0.0,0.0,0.0,1
2023-05-10 21:40:42,jm2311,jm2311,1393.5,0.0,0.0,0.0,1,1339.5,1421.0,2,1393.5,0.0,0.0,0.0,0.0,0.0,1
2023-05-10 21:40:42,jm2311,jm2311,1393.5,0.0,0.0,0.0,1,1339.5,1418.5,1,1393.5,0.0,0.0,0.0,0.0,0.0,1
2023-05-10 21:40:44,jm2311,jm2311,1393.5,0.0,0.0,0.0,1,1339.5,1418.0,4,1393.5,0.0,0.0,0.0,0.0,0.0,1
2023-05-10 21:40:44,jm2311,jm2311,1393.5,0.0,0.0,0.0,1,1339.5,1415.5,1,1393.5,0.0,0.0,0.0,0.0,0.0,1
2023-05-10 21:40:45,jm2311,jm2311,1393.5,0.0,0.0,0.0,1,1339.5,1415.0,2,1393.5,0.0,0.0,0.0,0.0,0.0,1
2023-05-10 21:40:46,jm2311,jm2311,1393.5,0.0,0.0,0.0,1,1339.5,1412.5,1,1393.5,0.0,0.0,0.0,0.0,0.0,1
2023-05-10 21:40:48,jm2311,jm2311,1393.5,0.0,0.0,0.0,1,1339.5,1412.0,2,1393.5,0.0,0.0,0.0,0.0,0.0,1
2023-05-10 21:40:48,jm2311,jm2311,1393.5,0.0,0.0,0.0,1,1339.5,1409.5,1,1393.5,0.0,0.0,0.0,0.0,0.0,1
2023-05-10 21:40:50,jm2311,jm2311,1393.5,0.0,0.0,0.0,1,1339.5,1409.0,2,1393.5,0.0,0.0,0.0,0.0,0.0,1
2023-05-10 21:40:50,jm2311,jm2311,1393.5,0.0,0.0,0.0,1,1339.5,1406.5,1,1393.5,0.0,0.0,0.0,0.0,0.0,1
2023-05-10 21:40:53,jm2311,jm2311,1393.5,0.0,0.0,0.0,1,1339.5,1406.0,2,1393.5,0.0,0.0,0.0,0.0,0.0,1
2023-05-10 21:40:53,jm2311,jm2311,1393.5,0.0,0.0,0.0,1,1339.5,1403.5,1,1393.5,0.0,0.0,0.0,0.0,0.0,1
2023-05-10 21:41:31,jm2311,jm2311,1393.5,0.0,0.0,0.0,1,1339.5,1403.5,3,1393.5,0.0,0.0,0.0,0.0,0.0,1
2023-05-10 21:41:33,jm2311,jm2311,1393.5,0.0,0.0,0.0,1,1339.5,1403.5,1,1393.5,0.0,0.0,0.0,0.0,0.0,1
2023-05-10 21:41:33,jm2311,jm2311,1393.5,0.0,0.0,0.0,1,1339.5,1403.0,2,1393.5,0.0,0.0,0.0,0.0,0.0,1
2023-05-10 21:41:34,jm2311,jm2311,1393.5,0.0,0.0,0.0,1,1339.5,1400.5,1,1393.5,0.0,0.0,0.0,0.0,0.0,1
2023-05-10 21:42:28,jm2311,jm2311,1393.5,0.0,0.0,0.0,1,1339.5,1400.5,3,1393.5,0.0,0.0,0.0,0.0,0.0,1
2023-05-10 21:42:31,jm2311,jm2311,1393.5,0.0,0.0,0.0,1,1339.5,1400.5,1,1393.5,0.0,0.0,0.0,0.0,0.0,1
2023-05-10 21:42:55,jm2311,jm2311,1393.5,0.0,0.0,0.0,1,1339.5,1400.5,3,1393.5,0.0,0.0,0.0,0.0,0.0,1
2023-05-10 21:43:01,jm2311,jm2311,1393.5,0.0,0.0,0.0,1,1327.0,1400.5,3,1393.5,0.0,0.0,0.0,0.0,0.0,1
2023-05-10 21:43:05,jm2311,jm2311,1393.5,0.0,0.0,0.0,1,1327.0,1400.5,1,1393.5,0.0,0.0,0.0,0.0,0.0,1
2023-05-10 21:43:05,jm2311,jm2311,1393.5,0.0,0.0,0.0,1,1327.0,1400.0,2,1393.5,0.0,0.0,0.0,0.0,0.0,1
2023-05-10 21:43:06,jm2311,jm2311,1393.5,0.0,0.0,0.0,1,1327.0,1397.5,1,1393.5,0.0,0.0,0.0,0.0,0.0,1
2023-05-10 21:43:08,jm2311,jm2311,1393.5,0.0,0.0,0.0,1,1327.5,1397.5,1,1393.5,0.0,0.0,0.0,0.0,0.0,1
2023-05-10 21:43:09,jm2311,jm2311,1393.5,0.0,0.0,0.0,1,1330.0,1397.5,1,1393.5,0.0,0.0,0.0,0.0,0.0,1
2023-05-10 21:43:55,jm2311,jm2311,1393.5,0.0,0.0,0.0,1,1330.5,1397.5,1,1393.5,0.0,0.0,0.0,0.0,0.0,1
2023-05-10 21:43:55,jm2311,jm2311,1393.5,0.0,0.0,0.0,1,1333.0,1397.5,1,1393.5,0.0,0.0,0.0,0.0,0.0,1
2023-05-10 21:44:39,jm2311,jm2311,1393.5,0.0,0.0,0.0,1,1333.5,1397.5,1,1393.5,0.0,0.0,0.0,0.0,0.0,1
2023-05-10 21:45:17,jm2311,jm2311,1393.5,0.0,0.0,0.0,1,1336.0,1397.5,1,1393.5,0.0,0.0,0.0,0.0,0.0,1
2023-05-10 21:45:34,jm2311,jm2311,1393.5,0.0,0.0,0.0,1,1333.5,1397.5,1,1393.5,0.0,0.0,0.0,0.0,0.0,1
2023-05-10 21:45:39,jm2311,jm2311,1393.5,0.0,0.0,0.0,1,1336.0,1397.5,1,1393.5,0.0,0.0,0.0,0.0,0.0,1
2023-05-10 21:45:41,jm2311,jm2311,1393.5,0.0,0.0,0.0,1,1333.5,1397.5,1,1393.5,0.0,0.0,0.0,0.0,0.0,1
2023-05-10 21:48:43,jm2311,jm2311,1393.5,0.0,0.0,0.0,1,1333.5,1397.5,3,1393.5,0.0,0.0,0.0,0.0,0.0,1
2023-05-10 21:48:46,jm2311,jm2311,1393.5,0.0,0.0,0.0,1,1333.5,1397.5,1,1393.5,0.0,0.0,0.0,0.0,0.0,1
2023-05-10 21:48:46,jm2311,jm2311,1393.5,0.0,0.0,0.0,1,1333.5,1397.0,2,1393.5,0.0,0.0,0.0,0.0,0.0,1
2023-05-10 21:48:47,jm2311,jm2311,1393.5,0.0,0.0,0.0,1,1333.5,1394.5,1,1393.5,0.0,0.0,0.0,0.0,0.0,1
2023-05-10 21:49:39,jm2311,jm2311,1393.5,0.0,0.0,0.0,1,1327.0,1394.5,1,1393.5,0.0,0.0,0.0,0.0,0.0,1
2023-05-10 21:49:42,jm2311,jm2311,1393.5,0.0,0.0,0.0,1,1327.5,1394.5,1,1393.5,0.0,0.0,0.0,0.0,0.0,1
2023-05-10 21:49:49,jm2311,jm2311,1393.5,0.0,0.0,0.0,1,1330.0,1394.5,1,1393.5,0.0,0.0,0.0,0.0,0.0,1
2023-05-10 21:51:05,jm2311,jm2311,1393.5,0.0,0.0,0.0,1,1313.0,1394.5,1,1393.5,0.0,0.0,0.0,0.0,0.0,1
2023-05-10 21:51:06,jm2311,jm2311,1393.5,0.0,0.0,0.0,1,1315.5,1394.5,1,1393.5,0.0,0.0,0.0,0.0,0.0,1
2023-05-10 21:51:11,jm2311,jm2311,1393.5,0.0,0.0,0.0,1,1316.0,1394.5,1,1393.5,0.0,0.0,0.0,0.0,0.0,1
2023-05-10 21:51:12,jm2311,jm2311,1393.5,0.0,0.0,0.0,1,1318.5,1394.5,1,1393.5,0.0,0.0,0.0,0.0,0.0,1
2023-05-10 21:51:54,jm2311,jm2311,1393.5,0.0,0.0,0.0,1,1319.0,1394.5,1,1393.5,0.0,0.0,0.0,0.0,0.0,1
2023-05-10 21:51:55,jm2311,jm2311,1393.5,0.0,0.0,0.0,1,1321.5,1394.5,1,1393.5,0.0,0.0,0.0,0.0,0.0,1
2023-05-10 21:52:09,jm2311,jm2311,1393.5,0.0,0.0,0.0,1,1321.5,1394.5,3,1393.5,0.0,0.0,0.0,0.0,0.0,1
2023-05-10 21:52:10,jm2311,jm2311,1393.5,0.0,0.0,0.0,1,1321.5,1394.5,1,1393.5,0.0,0.0,0.0,0.0,0.0,1
2023-05-10 21:52:38,jm2311,jm2311,1393.5,0.0,0.0,0.0,1,1322.0,1394.5,1,1393.5,0.0,0.0,0.0,0.0,0.0,1
2023-05-10 21:52:38,jm2311,jm2311,1393.5,0.0,0.0,0.0,1,1324.5,1394.5,1,1393.5,0.0,0.0,0.0,0.0,0.0,1
2023-05-10 21:53:21,jm2311,jm2311,1393.5,0.0,0.0,0.0,1,1325.0,1394.5,1,1393.5,0.0,0.0,0.0,0.0,0.0,1
2023-05-10 21:53:22,jm2311,jm2311,1393.5,0.0,0.0,0.0,1,1327.5,1394.5,1,1393.5,0.0,0.0,0.0,0.0,0.0,1
2023-05-10 21:54:05,jm2311,jm2311,1393.5,0.0,0.0,0.0,1,1328.0,1394.5,1,1393.5,0.0,0.0,0.0,0.0,0.0,1
2023-05-10 21:55:22,jm2311,jm2311,1393.5,0.0,0.0,0.0,1,1328.0,1394.5,3,1393.5,0.0,0.0,0.0,0.0,0.0,1
2023-05-10 21:55:23,jm2311,jm2311,1393.5,0.0,0.0,0.0,1,1328.0,1394.5,1,1393.5,0.0,0.0,0.0,0.0,0.0,1
2023-05-10 21:55:24,jm2311,jm2311,1393.5,0.0,0.0,0.0,1,1328.0,1394.0,2,1393.5,0.0,0.0,0.0,0.0,0.0,1
2023-05-10 21:55:24,jm2311,jm2311,1393.5,0.0,0.0,0.0,1,1328.0,1391.5,1,1393.5,0.0,0.0,0.0,0.0,0.0,1
2023-05-10 21:57:29,jm2311,jm2311,1393.5,0.0,0.0,0.0,1,1330.5,1391.5,1,1393.5,0.0,0.0,0.0,0.0,0.0,1
2023-05-10 21:57:56,jm2311,jm2311,1393.5,0.0,0.0,0.0,1,1328.0,1391.5,1,1393.5,0.0,0.0,0.0,0.0,0.0,1
2023-05-10 21:59:05,jm2311,jm2311,1393.5,0.0,0.0,0.0,1,1315.5,1391.5,1,1393.5,0.0,0.0,0.0,0.0,0.0,1
2023-05-10 21:59:13,jm2311,jm2311,1393.5,0.0,0.0,0.0,1,1316.0,1391.5,1,1393.5,0.0,0.0,0.0,0.0,0.0,1
2023-05-10 21:59:14,jm2311,jm2311,1393.5,0.0,0.0,0.0,1,1318.5,1391.5,1,1393.5,0.0,0.0,0.0,0.0,0.0,1
2023-05-10 21:59:58,jm2311,jm2311,1393.5,0.0,0.0,0.0,1,1319.0,1391.5,1,1393.5,0.0,0.0,0.0,0.0,0.0,1
2023-05-10 21:59:58,jm2311,jm2311,1393.5,0.0,0.0,0.0,1,1321.5,1391.5,1,1393.5,0.0,0.0,0.0,0.0,0.0,1
2023-05-10 22:00:41,jm2311,jm2311,1393.5,0.0,0.0,0.0,1,1322.0,1391.5,1,1393.5,0.0,0.0,0.0,0.0,0.0,1
2023-05-10 22:00:42,jm2311,jm2311,1393.5,0.0,0.0,0.0,1,1324.5,1391.5,1,1393.5,0.0,0.0,0.0,0.0,0.0,1
2023-05-10 22:01:26,jm2311,jm2311,1393.5,0.0,0.0,0.0,1,1325.0,1391.5,1,1393.5,0.0,0.0,0.0,0.0,0.0,1
2023-05-10 22:01:26,jm2311,jm2311,1393.5,0.0,0.0,0.0,1,1327.5,1391.5,1,1393.5,0.0,0.0,0.0,0.0,0.0,1
2023-05-10 22:02:10,jm2311,jm2311,1393.5,0.0,0.0,0.0,1,1328.0,1391.5,1,1393.5,0.0,0.0,0.0,0.0,0.0,1
2023-05-10 22:02:10,jm2311,jm2311,1393.5,0.0,0.0,0.0,1,1330.5,1391.5,1,1393.5,0.0,0.0,0.0,0.0,0.0,1
2023-05-10 22:02:52,jm2311,jm2311,1393.5,0.0,0.0,0.0,1,1330.5,1415.0,2,1393.5,0.0,0.0,0.0,0.0,0.0,1
2023-05-10 22:02:53,jm2311,jm2311,1393.5,0.0,0.0,0.0,1,1330.5,1412.5,1,1393.5,0.0,0.0,0.0,0.0,0.0,1
2023-05-10 22:02:54,jm2311,jm2311,1393.5,0.0,0.0,0.0,1,1331.0,1412.5,1,1393.5,0.0,0.0,0.0,0.0,0.0,1
2023-05-10 22:02:54,jm2311,jm2311,1393.5,0.0,0.0,0.0,1,1333.5,1412.5,1,1393.5,0.0,0.0,0.0,0.0,0.0,1
2023-05-10 22:02:55,jm2311,jm2311,1393.5,0.0,0.0,0.0,1,1333.5,1412.0,2,1393.5,0.0,0.0,0.0,0.0,0.0,1
2023-05-10 22:02:55,jm2311,jm2311,1393.5,0.0,0.0,0.0,1,1333.5,1409.5,1,1393.5,0.0,0.0,0.0,0.0,0.0,1
2023-05-10 22:02:57,jm2311,jm2311,1393.5,0.0,0.0,0.0,1,1333.5,1409.0,2,1393.5,0.0,0.0,0.0,0.0,0.0,1
2023-05-10 22:02:57,jm2311,jm2311,1393.5,0.0,0.0,0.0,1,1333.5,1406.5,1,1393.5,0.0,0.0,0.0,0.0,0.0,1
2023-05-10 22:02:59,jm2311,jm2311,1393.5,0.0,0.0,0.0,1,1333.5,1406.0,2,1393.5,0.0,0.0,0.0,0.0,0.0,1
2023-05-10 22:02:59,jm2311,jm2311,1393.5,0.0,0.0,0.0,1,1333.5,1403.5,1,1393.5,0.0,0.0,0.0,0.0,0.0,1
2023-05-10 22:03:01,jm2311,jm2311,1393.5,0.0,0.0,0.0,1,1333.5,1403.5,3,1393.5,0.0,0.0,0.0,0.0,0.0,1
2023-05-10 22:03:08,jm2311,jm2311,1393.5,0.0,0.0,0.0,1,1333.5,1403.5,1,1393.5,0.0,0.0,0.0,0.0,0.0,1
2023-05-10 22:03:08,jm2311,jm2311,1393.5,0.0,0.0,0.0,1,1333.5,1403.0,2,1393.5,0.0,0.0,0.0,0.0,0.0,1
2023-05-10 22:03:09,jm2311,jm2311,1393.5,0.0,0.0,0.0,1,1333.5,1400.5,1,1393.5,0.0,0.0,0.0,0.0,0.0,1
2023-05-10 22:03:25,jm2311,jm2311,1393.5,0.0,0.0,0.0,1,1331.0,1400.5,1,1393.5,0.0,0.0,0.0,0.0,0.0,1
2023-05-10 22:03:51,jm2311,jm2311,1393.5,0.0,0.0,0.0,1,1333.5,1400.5,1,1393.5,0.0,0.0,0.0,0.0,0.0,1
2023-05-10 22:05:07,jm2311,jm2311,1393.5,0.0,0.0,0.0,1,1334.0,1400.5,1,1393.5,0.0,0.0,0.0,0.0,0.0,1
2023-05-10 22:05:07,jm2311,jm2311,1393.5,0.0,0.0,0.0,1,1336.5,1400.5,1,1393.5,0.0,0.0,0.0,0.0,0.0,1
2023-05-10 22:05:51,jm2311,jm2311,1393.5,0.0,0.0,0.0,1,1337.0,1400.5,1,1393.5,0.0,0.0,0.0,0.0,0.0,1
2023-05-10 22:06:31,jm2311,jm2311,1393.5,0.0,0.0,0.0,1,1339.5,1400.5,1,1393.5,0.0,0.0,0.0,0.0,0.0,1
2023-05-10 22:07:00,jm2311,jm2311,1393.5,0.0,0.0,0.0,1,1337.0,1400.5,1,1393.5,0.0,0.0,0.0,0.0,0.0,1
2023-05-10 22:08:01,jm2311,jm2311,1393.5,0.0,0.0,0.0,1,1339.5,1400.5,1,1393.5,0.0,0.0,0.0,0.0,0.0,1
2023-05-10 22:08:46,jm2311,jm2311,1393.5,0.0,0.0,0.0,1,1340.0,1400.5,1,1393.5,0.0,0.0,0.0,0.0,0.0,1
2023-05-10 22:12:59,jm2311,jm2311,1393.5,0.0,0.0,0.0,1,1340.0,1446.0,1,1393.5,0.0,0.0,0.0,0.0,0.0,1
2023-05-10 22:12:59,jm2311,jm2311,1393.5,0.0,0.0,0.0,1,1340.0,1443.5,1,1393.5,0.0,0.0,0.0,0.0,0.0,1
2023-05-10 22:13:00,jm2311,jm2311,1393.5,0.0,0.0,0.0,1,1340.0,1443.0,2,1393.5,0.0,0.0,0.0,0.0,0.0,1
2023-05-10 22:13:00,jm2311,jm2311,1393.5,0.0,0.0,0.0,1,1340.0,1440.5,1,1393.5,0.0,0.0,0.0,0.0,0.0,1
2023-05-10 22:13:01,jm2311,jm2311,1393.5,0.0,0.0,0.0,1,1340.0,1440.0,4,1393.5,0.0,0.0,0.0,0.0,0.0,1
2023-05-10 22:13:02,jm2311,jm2311,1393.5,0.0,0.0,0.0,1,1340.0,1437.5,1,1393.5,0.0,0.0,0.0,0.0,0.0,1
2023-05-10 22:13:03,jm2311,jm2311,1393.5,0.0,0.0,0.0,1,1340.0,1437.0,2,1393.5,0.0,0.0,0.0,0.0,0.0,1
2023-05-10 22:13:03,jm2311,jm2311,1393.5,0.0,0.0,0.0,1,1340.0,1434.5,1,1393.5,0.0,0.0,0.0,0.0,0.0,1
2023-05-10 22:13:05,jm2311,jm2311,1393.5,0.0,0.0,0.0,1,1340.0,1434.0,4,1393.5,0.0,0.0,0.0,0.0,0.0,1
2023-05-10 22:13:06,jm2311,jm2311,1393.5,0.0,0.0,0.0,1,1340.0,1431.5,1,1393.5,0.0,0.0,0.0,0.0,0.0,1
2023-05-10 22:13:07,jm2311,jm2311,1393.5,0.0,0.0,0.0,1,1340.0,1431.0,4,1393.5,0.0,0.0,0.0,0.0,0.0,1
2023-05-10 22:13:07,jm2311,jm2311,1393.5,0.0,0.0,0.0,1,1340.0,1428.5,1,1393.5,0.0,0.0,0.0,0.0,0.0,1
2023-05-10 22:13:08,jm2311,jm2311,1393.5,0.0,0.0,0.0,1,1340.0,1428.0,2,1393.5,0.0,0.0,0.0,0.0,0.0,1
2023-05-10 22:13:09,jm2311,jm2311,1393.5,0.0,0.0,0.0,1,1340.0,1425.5,1,1393.5,0.0,0.0,0.0,0.0,0.0,1
2023-05-10 22:13:10,jm2311,jm2311,1393.5,0.0,0.0,0.0,1,1340.0,1425.0,2,1393.5,0.0,0.0,0.0,0.0,0.0,1
2023-05-10 22:13:11,jm2311,jm2311,1393.5,0.0,0.0,0.0,1,1340.0,1422.5,1,1393.5,0.0,0.0,0.0,0.0,0.0,1
2023-05-10 22:13:12,jm2311,jm2311,1393.5,0.0,0.0,0.0,1,1340.0,1422.0,2,1393.5,0.0,0.0,0.0,0.0,0.0,1
2023-05-10 22:13:12,jm2311,jm2311,1393.5,0.0,0.0,0.0,1,1340.0,1419.5,1,1393.5,0.0,0.0,0.0,0.0,0.0,1
2023-05-10 22:13:13,jm2311,jm2311,1393.5,0.0,0.0,0.0,1,1340.0,1419.0,2,1393.5,0.0,0.0,0.0,0.0,0.0,1
2023-05-10 22:13:14,jm2311,jm2311,1393.5,0.0,0.0,0.0,1,1340.0,1416.5,1,1393.5,0.0,0.0,0.0,0.0,0.0,1
2023-05-10 22:13:15,jm2311,jm2311,1393.5,0.0,0.0,0.0,1,1340.0,1416.0,2,1393.5,0.0,0.0,0.0,0.0,0.0,1
2023-05-10 22:13:15,jm2311,jm2311,1393.5,0.0,0.0,0.0,1,1340.0,1413.5,1,1393.5,0.0,0.0,0.0,0.0,0.0,1
2023-05-10 22:13:16,jm2311,jm2311,1393.5,0.0,0.0,0.0,1,1340.0,1413.0,2,1393.5,0.0,0.0,0.0,0.0,0.0,1
2023-05-10 22:13:17,jm2311,jm2311,1393.5,0.0,0.0,0.0,1,1340.0,1410.5,1,1393.5,0.0,0.0,0.0,0.0,0.0,1
2023-05-10 22:13:19,jm2311,jm2311,1393.5,0.0,0.0,0.0,1,1340.0,1410.0,2,1393.5,0.0,0.0,0.0,0.0,0.0,1
2023-05-10 22:13:19,jm2311,jm2311,1393.5,0.0,0.0,0.0,1,1340.0,1407.5,1,1393.5,0.0,0.0,0.0,0.0,0.0,1
2023-05-10 22:13:21,jm2311,jm2311,1393.5,0.0,0.0,0.0,1,1340.0,1407.0,2,1393.5,0.0,0.0,0.0,0.0,0.0,1
2023-05-10 22:13:21,jm2311,jm2311,1393.5,0.0,0.0,0.0,1,1340.0,1404.5,1,1393.5,0.0,0.0,0.0,0.0,0.0,1
2023-05-10 22:13:23,jm2311,jm2311,1393.5,0.0,0.0,0.0,1,1340.0,1404.0,2,1393.5,0.0,0.0,0.0,0.0,0.0,1
2023-05-10 22:13:23,jm2311,jm2311,1393.5,0.0,0.0,0.0,1,1340.0,1401.5,1,1393.5,0.0,0.0,0.0,0.0,0.0,1
2023-05-10 22:13:45,jm2311,jm2311,1393.5,0.0,0.0,0.0,1,1318.0,1401.5,1,1393.5,0.0,0.0,0.0,0.0,0.0,1
2023-05-10 22:13:45,jm2311,jm2311,1393.5,0.0,0.0,0.0,1,1320.5,1401.5,1,1393.5,0.0,0.0,0.0,0.0,0.0,1
2023-05-10 22:13:47,jm2311,jm2311,1393.5,0.0,0.0,0.0,1,1321.0,1401.5,1,1393.5,0.0,0.0,0.0,0.0,0.0,1
2023-05-10 22:13:48,jm2311,jm2311,1393.5,0.0,0.0,0.0,1,1323.5,1401.5,1,1393.5,0.0,0.0,0.0,0.0,0.0,1
2023-05-10 22:14:16,jm2311,jm2311,1393.5,0.0,0.0,0.0,1,1323.5,1401.5,3,1393.5,0.0,0.0,0.0,0.0,0.0,1
2023-05-10 22:14:23,jm2311,jm2311,1393.5,0.0,0.0,0.0,1,1323.5,1401.5,1,1393.5,0.0,0.0,0.0,0.0,0.0,1
2023-05-10 22:14:24,jm2311,jm2311,1393.5,0.0,0.0,0.0,1,1323.5,1401.0,2,1393.5,0.0,0.0,0.0,0.0,0.0,1
2023-05-10 22:14:24,jm2311,jm2311,1393.5,0.0,0.0,0.0,1,1323.5,1398.5,1,1393.5,0.0,0.0,0.0,0.0,0.0,1
2023-05-10 22:14:30,jm2311,jm2311,1393.5,0.0,0.0,0.0,1,1324.0,1398.5,1,1393.5,0.0,0.0,0.0,0.0,0.0,1
2023-05-10 22:14:31,jm2311,jm2311,1393.5,0.0,0.0,0.0,1,1326.5,1398.5,1,1393.5,0.0,0.0,0.0,0.0,0.0,1
2023-05-10 22:15:15,jm2311,jm2311,1393.5,0.0,0.0,0.0,1,1327.0,1398.5,1,1393.5,0.0,0.0,0.0,0.0,0.0,1
2023-05-10 22:15:15,jm2311,jm2311,1393.5,0.0,0.0,0.0,1,1329.5,1398.5,1,1393.5,0.0,0.0,0.0,0.0,0.0,1
2023-05-10 22:15:58,jm2311,jm2311,1393.5,0.0,0.0,0.0,1,1330.0,1398.5,1,1393.5,0.0,0.0,0.0,0.0,0.0,1
2023-05-10 22:15:58,jm2311,jm2311,1393.5,0.0,0.0,0.0,1,1332.5,1398.5,1,1393.5,0.0,0.0,0.0,0.0,0.0,1
2023-05-10 22:16:42,jm2311,jm2311,1393.5,0.0,0.0,0.0,1,1333.0,1398.5,1,1393.5,0.0,0.0,0.0,0.0,0.0,1
2023-05-10 22:21:42,jm2311,jm2311,1393.5,0.0,0.0,0.0,1,1316.0,1398.5,1,1393.5,0.0,0.0,0.0,0.0,0.0,1
2023-05-10 22:21:42,jm2311,jm2311,1393.5,0.0,0.0,0.0,1,1318.5,1398.5,1,1393.5,0.0,0.0,0.0,0.0,0.0,1
2023-05-10 22:21:45,jm2311,jm2311,1393.5,0.0,0.0,0.0,1,1319.0,1398.5,1,1393.5,0.0,0.0,0.0,0.0,0.0,1
2023-05-10 22:21:46,jm2311,jm2311,1393.5,0.0,0.0,0.0,1,1321.5,1398.5,1,1393.5,0.0,0.0,0.0,0.0,0.0,1
2023-05-10 22:22:22,jm2311,jm2311,1393.5,0.0,0.0,0.0,1,1321.5,1398.5,3,1393.5,0.0,0.0,0.0,0.0,0.0,1
2023-05-10 22:22:23,jm2311,jm2311,1393.5,0.0,0.0,0.0,1,1321.5,1398.5,1,1393.5,0.0,0.0,0.0,0.0,0.0,1
2023-05-10 22:22:25,jm2311,jm2311,1393.5,0.0,0.0,0.0,1,1321.5,1398.5,3,1393.5,0.0,0.0,0.0,0.0,0.0,1
2023-05-10 22:22:27,jm2311,jm2311,1393.5,0.0,0.0,0.0,1,1321.5,1398.5,1,1393.5,0.0,0.0,0.0,0.0,0.0,1
2023-05-10 22:22:29,jm2311,jm2311,1393.5,0.0,0.0,0.0,1,1322.0,1398.5,1,1393.5,0.0,0.0,0.0,0.0,0.0,1
2023-05-10 22:22:29,jm2311,jm2311,1393.5,0.0,0.0,0.0,1,1324.5,1398.5,1,1393.5,0.0,0.0,0.0,0.0,0.0,1
2023-05-10 22:22:30,jm2311,jm2311,1393.5,0.0,0.0,0.0,1,1324.5,1398.5,3,1393.5,0.0,0.0,0.0,0.0,0.0,1
2023-05-10 22:22:37,jm2311,jm2311,1393.5,0.0,0.0,0.0,1,1324.5,1398.5,1,1393.5,0.0,0.0,0.0,0.0,0.0,1
2023-05-10 22:22:48,jm2311,jm2311,1393.5,0.0,0.0,0.0,1,1324.5,1398.5,3,1393.5,0.0,0.0,0.0,0.0,0.0,1
2023-05-10 22:22:57,jm2311,jm2311,1393.5,0.0,0.0,0.0,1,1324.5,1398.5,1,1393.5,0.0,0.0,0.0,0.0,0.0,1
2023-05-10 22:23:00,jm2311,jm2311,1393.5,0.0,0.0,0.0,1,1324.5,1398.5,3,1393.5,0.0,0.0,0.0,0.0,0.0,1
2023-05-10 22:23:04,jm2311,jm2311,1393.5,0.0,0.0,0.0,1,1324.5,1398.5,1,1393.5,0.0,0.0,0.0,0.0,0.0,1
2023-05-10 22:23:04,jm2311,jm2311,1393.5,0.0,0.0,0.0,1,1324.5,1398.0,2,1393.5,0.0,0.0,0.0,0.0,0.0,1
2023-05-10 22:23:05,jm2311,jm2311,1393.5,0.0,0.0,0.0,1,1324.5,1395.5,1,1393.5,0.0,0.0,0.0,0.0,0.0,1
2023-05-10 22:23:11,jm2311,jm2311,1393.5,0.0,0.0,0.0,1,1325.0,1395.5,1,1393.5,0.0,0.0,0.0,0.0,0.0,1
2023-05-10 22:23:12,jm2311,jm2311,1393.5,0.0,0.0,0.0,1,1327.5,1395.5,1,1393.5,0.0,0.0,0.0,0.0,0.0,1
2023-05-10 22:23:54,jm2311,jm2311,1393.5,0.0,0.0,0.0,1,1328.0,1395.5,1,1393.5,0.0,0.0,0.0,0.0,0.0,1
2023-05-10 22:25:14,jm2311,jm2311,1393.5,0.0,0.0,0.0,1,1330.5,1395.5,1,1393.5,0.0,0.0,0.0,0.0,0.0,1
2023-05-10 22:25:50,jm2311,jm2311,1393.5,0.0,0.0,0.0,1,1328.0,1395.5,1,1393.5,0.0,0.0,0.0,0.0,0.0,1
2023-05-10 22:27:11,jm2311,jm2311,1393.5,0.0,0.0,0.0,1,1328.0,1395.5,3,1393.5,0.0,0.0,0.0,0.0,0.0,1
2023-05-10 22:27:17,jm2311,jm2311,1393.5,0.0,0.0,0.0,1,1328.0,1395.5,1,1393.5,0.0,0.0,0.0,0.0,0.0,1
2023-05-10 22:28:30,jm2311,jm2311,1393.5,0.0,0.0,0.0,1,1330.5,1395.5,1,1393.5,0.0,0.0,0.0,0.0,0.0,1
2023-05-10 22:28:59,jm2311,jm2311,1393.5,0.0,0.0,0.0,1,1312.0,1395.5,1,1393.5,0.0,0.0,0.0,0.0,0.0,1
2023-05-10 22:29:00,jm2311,jm2311,1393.5,0.0,0.0,0.0,1,1331.0,1395.5,1,1393.5,0.0,0.0,0.0,0.0,0.0,1
2023-05-10 22:30:21,jm2311,jm2311,1393.5,0.0,0.0,0.0,1,1333.5,1395.5,1,1393.5,0.0,0.0,0.0,0.0,0.0,1
2023-05-10 22:31:13,jm2311,jm2311,1393.5,0.0,0.0,0.0,1,1334.0,1395.5,1,1393.5,0.0,0.0,0.0,0.0,0.0,1
2023-05-10 22:32:55,jm2311,jm2311,1393.5,0.0,0.0,0.0,1,1334.0,1446.0,1,1393.5,0.0,0.0,0.0,0.0,0.0,1
2023-05-10 22:32:55,jm2311,jm2311,1393.5,0.0,0.0,0.0,1,1334.0,1443.5,1,1393.5,0.0,0.0,0.0,0.0,0.0,1
2023-05-10 22:32:56,jm2311,jm2311,1393.5,0.0,0.0,0.0,1,1334.0,1443.0,2,1393.5,0.0,0.0,0.0,0.0,0.0,1
2023-05-10 22:32:56,jm2311,jm2311,1393.5,0.0,0.0,0.0,1,1334.0,1440.5,1,1393.5,0.0,0.0,0.0,0.0,0.0,1
2023-05-10 22:32:57,jm2311,jm2311,1393.5,0.0,0.0,0.0,1,1334.0,1440.0,2,1393.5,0.0,0.0,0.0,0.0,0.0,1
2023-05-10 22:32:58,jm2311,jm2311,1393.5,0.0,0.0,0.0,1,1334.0,1437.5,1,1393.5,0.0,0.0,0.0,0.0,0.0,1
2023-05-10 22:32:59,jm2311,jm2311,1393.5,0.0,0.0,0.0,1,1334.0,1437.0,2,1393.5,0.0,0.0,0.0,0.0,0.0,1
2023-05-10 22:33:00,jm2311,jm2311,1393.5,0.0,0.0,0.0,1,1334.0,1434.5,1,1393.5,0.0,0.0,0.0,0.0,0.0,1
2023-05-10 22:33:02,jm2311,jm2311,1393.5,0.0,0.0,0.0,1,1334.0,1434.0,2,1393.5,0.0,0.0,0.0,0.0,0.0,1
2023-05-10 22:33:02,jm2311,jm2311,1393.5,0.0,0.0,0.0,1,1334.0,1431.5,1,1393.5,0.0,0.0,0.0,0.0,0.0,1
2023-05-10 22:33:03,jm2311,jm2311,1393.5,0.0,0.0,0.0,1,1334.0,1431.0,2,1393.5,0.0,0.0,0.0,0.0,0.0,1
2023-05-10 22:33:04,jm2311,jm2311,1393.5,0.0,0.0,0.0,1,1334.0,1428.5,1,1393.5,0.0,0.0,0.0,0.0,0.0,1
2023-05-10 22:33:06,jm2311,jm2311,1393.5,0.0,0.0,0.0,1,1334.0,1428.0,2,1393.5,0.0,0.0,0.0,0.0,0.0,1
2023-05-10 22:33:06,jm2311,jm2311,1393.5,0.0,0.0,0.0,1,1334.0,1425.5,1,1393.5,0.0,0.0,0.0,0.0,0.0,1
2023-05-10 22:33:07,jm2311,jm2311,1393.5,0.0,0.0,0.0,1,1334.0,1425.0,2,1393.5,0.0,0.0,0.0,0.0,0.0,1
2023-05-10 22:33:08,jm2311,jm2311,1393.5,0.0,0.0,0.0,1,1334.0,1422.5,1,1393.5,0.0,0.0,0.0,0.0,0.0,1
2023-05-10 22:33:08,jm2311,jm2311,1393.5,0.0,0.0,0.0,1,1334.0,1422.0,2,1393.5,0.0,0.0,0.0,0.0,0.0,1
2023-05-10 22:33:09,jm2311,jm2311,1393.5,0.0,0.0,0.0,1,1334.0,1419.5,1,1393.5,0.0,0.0,0.0,0.0,0.0,1
2023-05-10 22:33:09,jm2311,jm2311,1393.5,0.0,0.0,0.0,1,1334.0,1419.0,1,1393.5,0.0,0.0,0.0,0.0,0.0,1
2023-05-10 22:33:10,jm2311,jm2311,1393.5,0.0,0.0,0.0,1,1334.0,1416.5,1,1393.5,0.0,0.0,0.0,0.0,0.0,1
2023-05-10 22:33:10,jm2311,jm2311,1393.5,0.0,0.0,0.0,1,1334.0,1416.0,1,1393.5,0.0,0.0,0.0,0.0,0.0,1
2023-05-10 22:33:11,jm2311,jm2311,1393.5,0.0,0.0,0.0,1,1334.0,1413.5,1,1393.5,0.0,0.0,0.0,0.0,0.0,1
2023-05-10 22:33:12,jm2311,jm2311,1393.5,0.0,0.0,0.0,1,1334.0,1413.0,2,1393.5,0.0,0.0,0.0,0.0,0.0,1
2023-05-10 22:33:12,jm2311,jm2311,1393.5,0.0,0.0,0.0,1,1334.0,1410.5,1,1393.5,0.0,0.0,0.0,0.0,0.0,1
2023-05-10 22:33:14,jm2311,jm2311,1393.5,0.0,0.0,0.0,1,1334.0,1410.0,2,1393.5,0.0,0.0,0.0,0.0,0.0,1
2023-05-10 22:33:15,jm2311,jm2311,1393.5,0.0,0.0,0.0,1,1334.0,1407.5,1,1393.5,0.0,0.0,0.0,0.0,0.0,1
2023-05-10 22:33:18,jm2311,jm2311,1393.5,0.0,0.0,0.0,1,1334.0,1407.0,2,1393.5,0.0,0.0,0.0,0.0,0.0,1
2023-05-10 22:33:18,jm2311,jm2311,1393.5,0.0,0.0,0.0,1,1334.0,1404.5,1,1393.5,0.0,0.0,0.0,0.0,0.0,1
2023-05-10 22:33:20,jm2311,jm2311,1393.5,0.0,0.0,0.0,1,1334.0,1404.0,2,1393.5,0.0,0.0,0.0,0.0,0.0,1
2023-05-10 22:33:20,jm2311,jm2311,1393.5,0.0,0.0,0.0,1,1334.0,1401.5,1,1393.5,0.0,0.0,0.0,0.0,0.0,1
2023-05-10 22:33:33,jm2311,jm2311,1393.5,0.0,0.0,0.0,1,1334.0,1401.5,3,1393.5,0.0,0.0,0.0,0.0,0.0,1
2023-05-10 22:33:43,jm2311,jm2311,1393.5,0.0,0.0,0.0,1,1334.0,1401.5,1,1393.5,0.0,0.0,0.0,0.0,0.0,1
2023-05-10 22:33:43,jm2311,jm2311,1393.5,0.0,0.0,0.0,1,1334.0,1401.0,2,1393.5,0.0,0.0,0.0,0.0,0.0,1
2023-05-10 22:33:44,jm2311,jm2311,1393.5,0.0,0.0,0.0,1,1334.0,1398.5,1,1393.5,0.0,0.0,0.0,0.0,0.0,1
2023-05-10 22:33:46,jm2311,jm2311,1393.5,0.0,0.0,0.0,1,1334.0,1398.5,3,1393.5,0.0,0.0,0.0,0.0,0.0,1
2023-05-10 22:33:47,jm2311,jm2311,1393.5,0.0,0.0,0.0,1,1334.0,1398.5,1,1393.5,0.0,0.0,0.0,0.0,0.0,1
2023-05-10 22:33:48,jm2311,jm2311,1393.5,0.0,0.0,0.0,1,1334.0,1398.5,3,1393.5,0.0,0.0,0.0,0.0,0.0,1
2023-05-10 22:33:49,jm2311,jm2311,1393.5,0.0,0.0,0.0,1,1334.0,1398.5,1,1393.5,0.0,0.0,0.0,0.0,0.0,1
2023-05-10 22:34:04,jm2311,jm2311,1393.5,0.0,0.0,0.0,1,1334.0,1398.5,3,1393.5,0.0,0.0,0.0,0.0,0.0,1
2023-05-10 22:34:16,jm2311,jm2311,1393.5,0.0,0.0,0.0,1,1334.0,1398.5,1,1393.5,0.0,0.0,0.0,0.0,0.0,1
2023-05-10 22:34:17,jm2311,jm2311,1393.5,0.0,0.0,0.0,1,1334.0,1398.0,2,1393.5,0.0,0.0,0.0,0.0,0.0,1
2023-05-10 22:34:17,jm2311,jm2311,1393.5,0.0,0.0,0.0,1,1334.0,1395.5,1,1393.5,0.0,0.0,0.0,0.0,0.0,1
2023-05-10 22:36:12,jm2311,jm2311,1393.5,0.0,0.0,0.0,1,1314.5,1395.5,1,1393.5,0.0,0.0,0.0,0.0,0.0,1
2023-05-10 22:36:17,jm2311,jm2311,1393.5,0.0,0.0,0.0,1,1315.0,1395.5,1,1393.5,0.0,0.0,0.0,0.0,0.0,1
2023-05-10 22:36:17,jm2311,jm2311,1393.5,0.0,0.0,0.0,1,1317.5,1395.5,1,1393.5,0.0,0.0,0.0,0.0,0.0,1
2023-05-10 22:36:58,jm2311,jm2311,1393.5,0.0,0.0,0.0,1,1318.0,1395.5,1,1393.5,0.0,0.0,0.0,0.0,0.0,1
2023-05-10 22:36:59,jm2311,jm2311,1393.5,0.0,0.0,0.0,1,1320.5,1395.5,1,1393.5,0.0,0.0,0.0,0.0,0.0,1
2023-05-10 22:37:41,jm2311,jm2311,1393.5,0.0,0.0,0.0,1,1321.0,1395.5,1,1393.5,0.0,0.0,0.0,0.0,0.0,1
2023-05-10 22:37:42,jm2311,jm2311,1393.5,0.0,0.0,0.0,1,1323.5,1395.5,1,1393.5,0.0,0.0,0.0,0.0,0.0,1
2023-05-10 22:38:20,jm2311,jm2311,1393.5,0.0,0.0,0.0,1,1323.5,1395.5,3,1393.5,0.0,0.0,0.0,0.0,0.0,1
2023-05-10 22:38:24,jm2311,jm2311,1393.5,0.0,0.0,0.0,1,1324.0,1395.5,3,1393.5,0.0,0.0,0.0,0.0,0.0,1
2023-05-10 22:38:24,jm2311,jm2311,1393.5,0.0,0.0,0.0,1,1326.5,1395.5,1,1393.5,0.0,0.0,0.0,0.0,0.0,1
2023-05-10 22:38:25,jm2311,jm2311,1393.5,0.0,0.0,0.0,1,1326.5,1395.0,2,1393.5,0.0,0.0,0.0,0.0,0.0,1
2023-05-10 22:38:25,jm2311,jm2311,1393.5,0.0,0.0,0.0,1,1326.5,1392.5,1,1393.5,0.0,0.0,0.0,0.0,0.0,1
2023-05-10 22:38:38,jm2311,jm2311,1393.5,0.0,0.0,0.0,1,1324.0,1392.5,1,1393.5,0.0,0.0,0.0,0.0,0.0,1
2023-05-10 22:38:42,jm2311,jm2311,1393.5,0.0,0.0,0.0,1,1326.5,1392.5,1,1393.5,0.0,0.0,0.0,0.0,0.0,1
2023-05-10 22:38:45,jm2311,jm2311,1393.5,0.0,0.0,0.0,1,1324.0,1392.5,1,1393.5,0.0,0.0,0.0,0.0,0.0,1
2023-05-10 22:38:58,jm2311,jm2311,1393.5,0.0,0.0,0.0,1,1326.5,1392.5,1,1393.5,0.0,0.0,0.0,0.0,0.0,1
2023-05-10 22:39:15,jm2311,jm2311,1393.5,0.0,0.0,0.0,1,1324.0,1392.5,1,1393.5,0.0,0.0,0.0,0.0,0.0,1
2023-05-10 22:39:16,jm2311,jm2311,1393.5,0.0,0.0,0.0,1,1326.5,1392.5,1,1393.5,0.0,0.0,0.0,0.0,0.0,1
2023-05-10 22:40:35,jm2311,jm2311,1393.5,0.0,0.0,0.0,1,1327.0,1392.5,1,1393.5,0.0,0.0,0.0,0.0,0.0,1
2023-05-10 22:41:02,jm2311,jm2311,1393.5,0.0,0.0,0.0,1,1327.0,1392.5,3,1393.5,0.0,0.0,0.0,0.0,0.0,1
2023-05-10 22:41:05,jm2311,jm2311,1393.5,0.0,0.0,0.0,1,1327.0,1392.5,1,1393.5,0.0,0.0,0.0,0.0,0.0,1
2023-05-10 22:41:05,jm2311,jm2311,1393.5,0.0,0.0,0.0,1,1327.0,1392.0,2,1393.5,0.0,0.0,0.0,0.0,0.0,1
2023-05-10 22:41:06,jm2311,jm2311,1393.5,0.0,0.0,0.0,1,1327.0,1389.5,1,1393.5,0.0,0.0,0.0,0.0,0.0,1
2023-05-10 22:45:35,jm2311,jm2311,1393.5,0.0,0.0,0.0,1,1314.5,1389.5,1,1393.5,0.0,0.0,0.0,0.0,0.0,1
2023-05-10 22:45:41,jm2311,jm2311,1393.5,0.0,0.0,0.0,1,1315.0,1389.5,1,1393.5,0.0,0.0,0.0,0.0,0.0,1
2023-05-10 22:45:42,jm2311,jm2311,1393.5,0.0,0.0,0.0,1,1317.5,1389.5,1,1393.5,0.0,0.0,0.0,0.0,0.0,1
2023-05-10 22:46:24,jm2311,jm2311,1393.5,0.0,0.0,0.0,1,1318.0,1389.5,1,1393.5,0.0,0.0,0.0,0.0,0.0,1
2023-05-10 22:46:25,jm2311,jm2311,1393.5,0.0,0.0,0.0,1,1320.5,1389.5,1,1393.5,0.0,0.0,0.0,0.0,0.0,1
2023-05-10 22:47:07,jm2311,jm2311,1393.5,0.0,0.0,0.0,1,1321.0,1389.5,1,1393.5,0.0,0.0,0.0,0.0,0.0,1
2023-05-10 22:47:07,jm2311,jm2311,1393.5,0.0,0.0,0.0,1,1323.5,1389.5,1,1393.5,0.0,0.0,0.0,0.0,0.0,1
2023-05-10 22:47:50,jm2311,jm2311,1393.5,0.0,0.0,0.0,1,1324.0,1389.5,1,1393.5,0.0,0.0,0.0,0.0,0.0,1
2023-05-10 22:50:56,jm2311,jm2311,1393.5,0.0,0.0,0.0,1,1324.0,1430.5,1,1393.5,0.0,0.0,0.0,0.0,0.0,1
2023-05-10 22:50:56,jm2311,jm2311,1393.5,0.0,0.0,0.0,1,1324.0,1428.0,1,1393.5,0.0,0.0,0.0,0.0,0.0,1
2023-05-10 22:50:58,jm2311,jm2311,1393.5,0.0,0.0,0.0,1,1324.0,1427.5,2,1393.5,0.0,0.0,0.0,0.0,0.0,1
2023-05-10 22:50:59,jm2311,jm2311,1393.5,0.0,0.0,0.0,1,1324.0,1425.0,1,1393.5,0.0,0.0,0.0,0.0,0.0,1
2023-05-10 22:51:00,jm2311,jm2311,1393.5,0.0,0.0,0.0,1,1324.0,1424.5,2,1393.5,0.0,0.0,0.0,0.0,0.0,1
2023-05-10 22:51:00,jm2311,jm2311,1393.5,0.0,0.0,0.0,1,1324.0,1422.0,1,1393.5,0.0,0.0,0.0,0.0,0.0,1
2023-05-10 22:51:01,jm2311,jm2311,1393.5,0.0,0.0,0.0,1,1324.0,1421.5,2,1393.5,0.0,0.0,0.0,0.0,0.0,1
2023-05-10 22:51:01,jm2311,jm2311,1393.5,0.0,0.0,0.0,1,1324.0,1419.0,1,1393.5,0.0,0.0,0.0,0.0,0.0,1
2023-05-10 22:51:03,jm2311,jm2311,1393.5,0.0,0.0,0.0,1,1324.0,1418.5,4,1393.5,0.0,0.0,0.0,0.0,0.0,1
2023-05-10 22:51:03,jm2311,jm2311,1393.5,0.0,0.0,0.0,1,1324.0,1416.0,1,1393.5,0.0,0.0,0.0,0.0,0.0,1
2023-05-10 22:51:04,jm2311,jm2311,1393.5,0.0,0.0,0.0,1,1324.0,1415.5,2,1393.5,0.0,0.0,0.0,0.0,0.0,1
2023-05-10 22:51:05,jm2311,jm2311,1393.5,0.0,0.0,0.0,1,1324.0,1413.0,1,1393.5,0.0,0.0,0.0,0.0,0.0,1
2023-05-10 22:51:07,jm2311,jm2311,1393.5,0.0,0.0,0.0,1,1324.0,1412.5,4,1393.5,0.0,0.0,0.0,0.0,0.0,1
2023-05-10 22:51:08,jm2311,jm2311,1393.5,0.0,0.0,0.0,1,1324.0,1410.0,1,1393.5,0.0,0.0,0.0,0.0,0.0,1
2023-05-10 22:51:09,jm2311,jm2311,1393.5,0.0,0.0,0.0,1,1324.0,1409.5,4,1393.5,0.0,0.0,0.0,0.0,0.0,1
2023-05-10 22:51:10,jm2311,jm2311,1393.5,0.0,0.0,0.0,1,1324.0,1407.0,1,1393.5,0.0,0.0,0.0,0.0,0.0,1
2023-05-10 22:51:11,jm2311,jm2311,1393.5,0.0,0.0,0.0,1,1324.0,1406.5,2,1393.5,0.0,0.0,0.0,0.0,0.0,1
2023-05-10 22:51:11,jm2311,jm2311,1393.5,0.0,0.0,0.0,1,1324.0,1404.0,1,1393.5,0.0,0.0,0.0,0.0,0.0,1
2023-05-10 22:51:13,jm2311,jm2311,1393.5,0.0,0.0,0.0,1,1324.0,1403.5,2,1393.5,0.0,0.0,0.0,0.0,0.0,1
2023-05-10 22:51:13,jm2311,jm2311,1393.5,0.0,0.0,0.0,1,1324.0,1401.0,1,1393.5,0.0,0.0,0.0,0.0,0.0,1
2023-05-10 22:51:15,jm2311,jm2311,1393.5,0.0,0.0,0.0,1,1324.0,1400.5,2,1393.5,0.0,0.0,0.0,0.0,0.0,1
2023-05-10 22:51:15,jm2311,jm2311,1393.5,0.0,0.0,0.0,1,1324.0,1398.0,1,1393.5,0.0,0.0,0.0,0.0,0.0,1
2023-05-10 22:51:17,jm2311,jm2311,1393.5,0.0,0.0,0.0,1,1324.0,1397.5,2,1393.5,0.0,0.0,0.0,0.0,0.0,1
2023-05-10 22:51:18,jm2311,jm2311,1393.5,0.0,0.0,0.0,1,1324.0,1395.0,1,1393.5,0.0,0.0,0.0,0.0,0.0,1
2023-05-10 22:51:19,jm2311,jm2311,1393.5,0.0,0.0,0.0,1,1324.0,1394.5,2,1393.5,0.0,0.0,0.0,0.0,0.0,1
2023-05-10 22:51:20,jm2311,jm2311,1393.5,0.0,0.0,0.0,1,1324.0,1392.0,1,1393.5,0.0,0.0,0.0,0.0,0.0,1
2023-05-10 22:51:21,jm2311,jm2311,1393.5,0.0,0.0,0.0,1,1324.0,1391.5,2,1393.5,0.0,0.0,0.0,0.0,0.0,1
2023-05-10 22:51:22,jm2311,jm2311,1393.5,0.0,0.0,0.0,1,1324.0,1389.0,1,1393.5,0.0,0.0,0.0,0.0,0.0,1
2023-05-10 22:52:52,jm2311,jm2311,1393.5,0.0,0.0,0.0,1,1314.5,1389.0,1,1393.5,0.0,0.0,0.0,0.0,0.0,1
2023-05-10 22:53:35,jm2311,jm2311,1393.5,0.0,0.0,0.0,1,1315.0,1389.0,1,1393.5,0.0,0.0,0.0,0.0,0.0,1
2023-05-10 22:53:35,jm2311,jm2311,1393.5,0.0,0.0,0.0,1,1317.5,1389.0,1,1393.5,0.0,0.0,0.0,0.0,0.0,1
2023-05-10 22:54:19,jm2311,jm2311,1393.5,0.0,0.0,0.0,1,1318.0,1389.0,1,1393.5,0.0,0.0,0.0,0.0,0.0,1
2023-05-10 22:54:19,jm2311,jm2311,1393.5,0.0,0.0,0.0,1,1320.5,1389.0,1,1393.5,0.0,0.0,0.0,0.0,0.0,1
2023-05-10 22:55:01,jm2311,jm2311,1393.5,0.0,0.0,0.0,1,1321.0,1389.0,1,1393.5,0.0,0.0,0.0,0.0,0.0,1
2023-05-10 22:55:02,jm2311,jm2311,1393.5,0.0,0.0,0.0,1,1323.5,1389.0,1,1393.5,0.0,0.0,0.0,0.0,0.0,1
2023-05-10 22:55:46,jm2311,jm2311,1393.5,0.0,0.0,0.0,1,1324.0,1389.0,1,1393.5,0.0,0.0,0.0,0.0,0.0,1
2023-05-10 22:55:46,jm2311,jm2311,1393.5,0.0,0.0,0.0,1,1326.5,1389.0,1,1393.5,0.0,0.0,0.0,0.0,0.0,1
2023-05-10 22:56:30,jm2311,jm2311,1393.5,0.0,0.0,0.0,1,1327.0,1389.0,1,1393.5,0.0,0.0,0.0,0.0,0.0,1
2023-05-10 22:56:38,jm2311,jm2311,1393.5,0.0,0.0,0.0,1,1329.5,1389.0,1,1393.5,0.0,0.0,0.0,0.0,0.0,1
2023-05-10 22:56:45,jm2311,jm2311,1393.5,0.0,0.0,0.0,1,1327.0,1389.0,1,1393.5,0.0,0.0,0.0,0.0,0.0,1
2023-05-10 22:59:39,jm2311,jm2311,1393.5,0.0,0.0,0.0,1,1327.0,1431.5,1,1393.5,0.0,0.0,0.0,0.0,0.0,1
2023-05-10 22:59:40,jm2311,jm2311,1393.5,0.0,0.0,0.0,1,1327.0,1431.0,2,1393.5,0.0,0.0,0.0,0.0,0.0,1
2023-05-10 22:59:48,jm2311,jm2311,1393.5,0.0,0.0,0.0,1,1305.5,1431.0,2,1393.5,0.0,0.0,0.0,0.0,0.0,1
2023-05-10 22:59:51,jm2311,jm2311,1393.5,0.0,0.0,0.0,1,1305.5,0.0,0,1393.5,0.0,0.0,0.0,0.0,0.0,1
2023-05-10 22:59:54,jm2311,jm2311,1393.5,0.0,0.0,0.0,0,0.0,0.0,0,1393.5,0.0,0.0,0.0,0.0,0.0,1
2023-05-11 09:00:00,jm2311,jm2311,1393.5,0.0,0.0,0.0,1,1184.5,1602.5,1,1393.5,0.0,0.0,0.0,0.0,0.0,1
2023-05-11 09:00:01,jm2311,jm2311,1393.5,0.0,0.0,0.0,1,1184.5,1602.0,2,1393.5,0.0,0.0,0.0,0.0,0.0,1
2023-05-11 09:00:02,jm2311,jm2311,1393.5,0.0,0.0,0.0,1,1184.5,1599.5,1,1393.5,0.0,0.0,0.0,0.0,0.0,1
2023-05-11 09:00:02,jm2311,jm2311,1393.5,0.0,0.0,0.0,4,1185.0,1599.5,1,1393.5,0.0,0.0,0.0,0.0,0.0,1
2023-05-11 09:00:03,jm2311,jm2311,1393.5,0.0,0.0,0.0,1,1187.5,1599.0,2,1393.5,0.0,0.0,0.0,0.0,0.0,1
2023-05-11 09:00:03,jm2311,jm2311,1393.5,0.0,0.0,0.0,4,1188.0,1596.5,1,1393.5,0.0,0.0,0.0,0.0,0.0,1
2023-05-11 09:00:04,jm2311,jm2311,1393.5,0.0,0.0,0.0,1,1190.5,1596.5,1,1393.5,0.0,0.0,0.0,0.0,0.0,1
2023-05-11 09:00:04,jm2311,jm2311,1393.5,0.0,0.0,0.0,4,1191.0,1596.5,1,1393.5,0.0,0.0,0.0,0.0,0.0,1
2023-05-11 09:00:05,jm2311,jm2311,1393.5,0.0,0.0,0.0,1,1193.5,1596.5,1,1393.5,0.0,0.0,0.0,0.0,0.0,1
2023-05-11 09:00:05,jm2311,jm2311,1393.5,0.0,0.0,0.0,4,1194.0,1595.5,1,1393.5,0.0,0.0,0.0,0.0,0.0,1
2023-05-11 09:00:06,jm2311,jm2311,1393.5,0.0,0.0,0.0,1,1196.5,1593.0,1,1393.5,0.0,0.0,0.0,0.0,0.0,1
2023-05-11 09:00:06,jm2311,jm2311,1393.5,0.0,0.0,0.0,4,1197.0,1593.0,1,1393.5,0.0,0.0,0.0,0.0,0.0,1
2023-05-11 09:00:07,jm2311,jm2311,1393.5,0.0,0.0,0.0,1,1199.5,1592.5,2,1393.5,0.0,0.0,0.0,0.0,0.0,1
2023-05-11 09:00:07,jm2311,jm2311,1393.5,0.0,0.0,0.0,4,1200.0,1590.0,1,1393.5,0.0,0.0,0.0,0.0,0.0,1
2023-05-11 09:00:08,jm2311,jm2311,1393.5,0.0,0.0,0.0,1,1202.5,1590.0,1,1393.5,0.0,0.0,0.0,0.0,0.0,1
2023-05-11 09:00:08,jm2311,jm2311,1393.5,0.0,0.0,0.0,1,1281.0,1449.5,1,1393.5,0.0,0.0,0.0,0.0,0.0,1
2023-05-11 09:00:09,jm2311,jm2311,1393.5,0.0,0.0,0.0,1,1283.5,1447.0,1,1393.5,0.0,0.0,0.0,0.0,0.0,1
2023-05-11 09:00:09,jm2311,jm2311,1393.5,0.0,0.0,0.0,1,1284.0,1447.0,1,1393.5,0.0,0.0,0.0,0.0,0.0,1
2023-05-11 09:00:10,jm2311,jm2311,1393.5,0.0,0.0,0.0,1,1286.5,1447.0,1,1393.5,0.0,0.0,0.0,0.0,0.0,1
2023-05-11 09:00:10,jm2311,jm2311,1393.5,0.0,0.0,0.0,1,1287.0,1447.0,1,1393.5,0.0,0.0,0.0,0.0,0.0,1
2023-05-11 09:00:11,jm2311,jm2311,1393.5,0.0,0.0,0.0,1,1289.5,1446.5,2,1393.5,0.0,0.0,0.0,0.0,0.0,1
2023-05-11 09:00:11,jm2311,jm2311,1393.5,0.0,0.0,0.0,1,1289.5,1444.0,1,1393.5,0.0,0.0,0.0,0.0,0.0,1
2023-05-11 09:00:13,jm2311,jm2311,1393.5,0.0,0.0,0.0,1,1290.5,1435.0,1,1393.5,0.0,0.0,0.0,0.0,0.0,1
2023-05-11 09:00:13,jm2311,jm2311,1393.5,0.0,0.0,0.0,1,1293.0,1432.5,1,1393.5,0.0,0.0,0.0,0.0,0.0,1
2023-05-11 09:00:15,jm2311,jm2311,1393.5,0.0,0.0,0.0,1,1293.0,1432.0,2,1393.5,0.0,0.0,0.0,0.0,0.0,1
2023-05-11 09:00:15,jm2311,jm2311,1393.5,0.0,0.0,0.0,1,1293.0,1429.5,1,1393.5,0.0,0.0,0.0,0.0,0.0,1
2023-05-11 09:00:17,jm2311,jm2311,1393.5,0.0,0.0,0.0,1,1293.0,1429.0,2,1393.5,0.0,0.0,0.0,0.0,0.0,1
2023-05-11 09:00:17,jm2311,jm2311,1393.5,0.0,0.0,0.0,1,1293.0,1426.5,1,1393.5,0.0,0.0,0.0,0.0,0.0,1
2023-05-11 09:00:19,jm2311,jm2311,1393.5,0.0,0.0,0.0,1,1293.5,1426.0,2,1393.5,0.0,0.0,0.0,0.0,0.0,1
2023-05-11 09:00:19,jm2311,jm2311,1393.5,0.0,0.0,0.0,1,1296.0,1423.5,1,1393.5,0.0,0.0,0.0,0.0,0.0,1
2023-05-11 09:00:21,jm2311,jm2311,1393.5,0.0,0.0,0.0,1,1296.0,1423.0,2,1393.5,0.0,0.0,0.0,0.0,0.0,1
2023-05-11 09:00:21,jm2311,jm2311,1393.5,0.0,0.0,0.0,1,1296.0,1420.5,1,1393.5,0.0,0.0,0.0,0.0,0.0,1
2023-05-11 09:00:23,jm2311,jm2311,1393.5,0.0,0.0,0.0,1,1296.0,1420.0,2,1393.5,0.0,0.0,0.0,0.0,0.0,1
2023-05-11 09:00:23,jm2311,jm2311,1393.5,0.0,0.0,0.0,1,1296.0,1417.5,1,1393.5,0.0,0.0,0.0,0.0,0.0,1
2023-05-11 09:00:25,jm2311,jm2311,1393.5,0.0,0.0,0.0,1,1296.0,1417.0,2,1393.5,0.0,0.0,0.0,0.0,0.0,1
2023-05-11 09:00:25,jm2311,jm2311,1393.5,0.0,0.0,0.0,1,1296.0,1414.5,1,1393.5,0.0,0.0,0.0,0.0,0.0,1
2023-05-11 09:00:27,jm2311,jm2311,1393.5,0.0,0.0,0.0,1,1296.0,1414.0,2,1393.5,0.0,0.0,0.0,0.0,0.0,1
2023-05-11 09:00:27,jm2311,jm2311,1393.5,0.0,0.0,0.0,1,1296.0,1411.5,1,1393.5,0.0,0.0,0.0,0.0,0.0,1
2023-05-11 09:00:29,jm2311,jm2311,1393.5,0.0,0.0,0.0,1,1296.0,1411.0,2,1393.5,0.0,0.0,0.0,0.0,0.0,1
2023-05-11 09:00:29,jm2311,jm2311,1393.5,0.0,0.0,0.0,1,1296.0,1408.5,1,1393.5,0.0,0.0,0.0,0.0,0.0,1
2023-05-11 09:00:31,jm2311,jm2311,1393.5,0.0,0.0,0.0,1,1296.0,1408.0,2,1393.5,0.0,0.0,0.0,0.0,0.0,1
2023-05-11 09:00:31,jm2311,jm2311,1393.5,0.0,0.0,0.0,2,1296.0,1405.5,1,1393.5,0.0,0.0,0.0,0.0,0.0,1
2023-05-11 09:00:33,jm2311,jm2311,1393.5,0.0,0.0,0.0,2,1296.0,1405.0,2,1393.5,0.0,0.0,0.0,0.0,0.0,1
2023-05-11 09:00:34,jm2311,jm2311,1393.5,0.0,0.0,0.0,2,1296.0,1402.5,1,1393.5,0.0,0.0,0.0,0.0,0.0,1
2023-05-11 09:00:35,jm2311,jm2311,1393.5,0.0,0.0,0.0,2,1296.0,1402.0,2,1393.5,0.0,0.0,0.0,0.0,0.0,1
2023-05-11 09:00:36,jm2311,jm2311,1393.5,0.0,0.0,0.0,2,1296.0,1399.5,1,1393.5,0.0,0.0,0.0,0.0,0.0,1
2023-05-11 09:00:37,jm2311,jm2311,1393.5,0.0,0.0,0.0,2,1296.0,1399.0,2,1393.5,0.0,0.0,0.0,0.0,0.0,1
2023-05-11 09:00:38,jm2311,jm2311,1393.5,0.0,0.0,0.0,2,1296.0,1396.5,1,1393.5,0.0,0.0,0.0,0.0,0.0,1
2023-05-11 09:00:39,jm2311,jm2311,1393.5,0.0,0.0,0.0,2,1296.0,1396.0,2,1393.5,0.0,0.0,0.0,0.0,0.0,1
2023-05-11 09:00:40,jm2311,jm2311,1393.5,0.0,0.0,0.0,2,1296.0,1393.5,1,1393.5,0.0,0.0,0.0,0.0,0.0,1
2023-05-11 09:00:47,jm2311,jm2311,1393.5,0.0,0.0,0.0,2,1296.0,1393.5,3,1393.5,0.0,0.0,0.0,0.0,0.0,1
2023-05-11 09:00:52,jm2311,jm2311,1393.5,0.0,0.0,0.0,2,1296.0,1393.5,1,1393.5,0.0,0.0,0.0,0.0,0.0,1
2023-05-11 09:01:03,jm2311,jm2311,1393.5,0.0,0.0,0.0,1,1296.5,1393.5,1,1393.5,0.0,0.0,0.0,0.0,0.0,1
2023-05-11 09:01:04,jm2311,jm2311,1393.5,0.0,0.0,0.0,1,1299.0,1393.5,1,1393.5,0.0,0.0,0.0,0.0,0.0,1
2023-05-11 09:01:48,jm2311,jm2311,1393.5,0.0,0.0,0.0,1,1299.5,1393.5,1,1393.5,0.0,0.0,0.0,0.0,0.0,1
2023-05-11 09:01:48,jm2311,jm2311,1393.5,0.0,0.0,0.0,1,1302.0,1393.5,1,1393.5,0.0,0.0,0.0,0.0,0.0,1
2023-05-11 09:01:51,jm2311,jm2311,1393.5,0.0,0.0,0.0,1,1302.0,1393.5,3,1393.5,0.0,0.0,0.0,0.0,0.0,1
2023-05-11 09:01:53,jm2311,jm2311,1393.5,0.0,0.0,0.0,1,1302.0,1393.5,1,1393.5,0.0,0.0,0.0,0.0,0.0,1
2023-05-11 09:01:53,jm2311,jm2311,1393.5,0.0,0.0,0.0,1,1302.0,1393.0,2,1393.5,0.0,0.0,0.0,0.0,0.0,1
2023-05-11 09:01:54,jm2311,jm2311,1393.5,0.0,0.0,0.0,1,1302.0,1390.5,1,1393.5,0.0,0.0,0.0,0.0,0.0,1
2023-05-11 09:02:32,jm2311,jm2311,1393.5,0.0,0.0,0.0,1,1302.5,1390.5,1,1393.5,0.0,0.0,0.0,0.0,0.0,1
2023-05-11 09:02:33,jm2311,jm2311,1393.5,0.0,0.0,0.0,1,1305.0,1390.5,1,1393.5,0.0,0.0,0.0,0.0,0.0,1
2023-05-11 09:03:16,jm2311,jm2311,1393.5,0.0,0.0,0.0,1,1305.5,1390.5,1,1393.5,0.0,0.0,0.0,0.0,0.0,1
2023-05-11 09:03:17,jm2311,jm2311,1393.5,0.0,0.0,0.0,1,1308.0,1390.5,1,1393.5,0.0,0.0,0.0,0.0,0.0,1
2023-05-11 09:04:01,jm2311,jm2311,1393.5,0.0,0.0,0.0,1,1308.5,1390.5,1,1393.5,0.0,0.0,0.0,0.0,0.0,1
2023-05-11 09:04:01,jm2311,jm2311,1393.5,0.0,0.0,0.0,1,1311.0,1390.5,1,1393.5,0.0,0.0,0.0,0.0,0.0,1
2023-05-11 09:04:46,jm2311,jm2311,1393.5,0.0,0.0,0.0,1,1311.5,1390.5,1,1393.5,0.0,0.0,0.0,0.0,0.0,1
2023-05-11 09:04:46,jm2311,jm2311,1393.5,0.0,0.0,0.0,1,1314.0,1390.5,1,1393.5,0.0,0.0,0.0,0.0,0.0,1
2023-05-11 09:05:30,jm2311,jm2311,1393.5,0.0,0.0,0.0,1,1314.5,1390.5,1,1393.5,0.0,0.0,0.0,0.0,0.0,1
2023-05-11 09:05:31,jm2311,jm2311,1393.5,0.0,0.0,0.0,1,1317.0,1390.5,1,1393.5,0.0,0.0,0.0,0.0,0.0,1
2023-05-11 09:06:14,jm2311,jm2311,1393.5,0.0,0.0,0.0,1,1317.5,1390.5,1,1393.5,0.0,0.0,0.0,0.0,0.0,1
2023-05-11 09:06:14,jm2311,jm2311,1393.5,0.0,0.0,0.0,1,1320.0,1390.5,3,1393.5,0.0,0.0,0.0,0.0,0.0,1
2023-05-11 09:06:15,jm2311,jm2311,1393.5,0.0,0.0,0.0,1,1320.0,1390.5,1,1393.5,0.0,0.0,0.0,0.0,0.0,1
2023-05-11 09:06:16,jm2311,jm2311,1393.5,0.0,0.0,0.0,1,1320.0,1390.0,2,1393.5,0.0,0.0,0.0,0.0,0.0,1
2023-05-11 09:06:16,jm2311,jm2311,1393.5,0.0,0.0,0.0,1,1320.0,1387.5,1,1393.5,0.0,0.0,0.0,0.0,0.0,1
2023-05-11 09:06:58,jm2311,jm2311,1393.5,0.0,0.0,0.0,1,1320.5,1387.5,1,1393.5,0.0,0.0,0.0,0.0,0.0,1
2023-05-11 09:07:06,jm2311,jm2311,1393.5,0.0,0.0,0.0,1,1320.5,1387.5,3,1393.5,0.0,0.0,0.0,0.0,0.0,1
2023-05-11 09:07:08,jm2311,jm2311,1393.5,0.0,0.0,0.0,1,1320.5,1387.5,1,1393.5,0.0,0.0,0.0,0.0,0.0,1
2023-05-11 09:07:08,jm2311,jm2311,1393.5,0.0,0.0,0.0,1,1320.5,1387.0,2,1393.5,0.0,0.0,0.0,0.0,0.0,1
2023-05-11 09:07:09,jm2311,jm2311,1393.5,0.0,0.0,0.0,1,1320.5,1384.5,1,1393.5,0.0,0.0,0.0,0.0,0.0,1
2023-05-11 09:09:44,jm2311,jm2311,1393.5,0.0,0.0,0.0,1,1320.5,1384.5,3,1393.5,0.0,0.0,0.0,0.0,0.0,1
2023-05-11 09:09:47,jm2311,jm2311,1393.5,0.0,0.0,0.0,1,1320.5,1384.5,1,1393.5,0.0,0.0,0.0,0.0,0.0,1
2023-05-11 09:10:35,jm2311,jm2311,1393.5,0.0,0.0,0.0,1,1320.5,1384.5,3,1393.5,0.0,0.0,0.0,0.0,0.0,1
2023-05-11 09:10:36,jm2311,jm2311,1393.5,0.0,0.0,0.0,1,1320.5,1384.5,1,1393.5,0.0,0.0,0.0,0.0,0.0,1
2023-05-11 09:10:37,jm2311,jm2311,1393.5,0.0,0.0,0.0,1,1320.5,1384.0,2,1393.5,0.0,0.0,0.0,0.0,0.0,1
2023-05-11 09:10:37,jm2311,jm2311,1393.5,0.0,0.0,0.0,1,1320.5,1381.5,1,1393.5,0.0,0.0,0.0,0.0,0.0,1
2023-05-11 09:11:18,jm2311,jm2311,1393.5,0.0,0.0,0.0,1,1320.5,1381.5,3,1393.5,0.0,0.0,0.0,0.0,0.0,1
2023-05-11 09:11:20,jm2311,jm2311,1393.5,0.0,0.0,0.0,1,1320.5,1381.5,1,1393.5,0.0,0.0,0.0,0.0,0.0,1
2023-05-11 09:11:20,jm2311,jm2311,1393.5,0.0,0.0,0.0,1,1320.5,1381.0,2,1393.5,0.0,0.0,0.0,0.0,0.0,1
2023-05-11 09:11:21,jm2311,jm2311,1393.5,0.0,0.0,0.0,1,1320.5,1378.5,1,1393.5,0.0,0.0,0.0,0.0,0.0,1
2023-05-11 09:11:23,jm2311,jm2311,1393.5,0.0,0.0,0.0,1,1320.5,1378.5,3,1393.5,0.0,0.0,0.0,0.0,0.0,1
2023-05-11 09:11:24,jm2311,jm2311,1393.5,0.0,0.0,0.0,1,1320.5,1378.5,1,1393.5,0.0,0.0,0.0,0.0,0.0,1
2023-05-11 09:11:25,jm2311,jm2311,1393.5,0.0,0.0,0.0,1,1320.5,1378.5,3,1393.5,0.0,0.0,0.0,0.0,0.0,1
2023-05-11 09:11:26,jm2311,jm2311,1393.5,0.0,0.0,0.0,1,1320.5,1378.5,1,1393.5,0.0,0.0,0.0,0.0,0.0,1
2023-05-11 09:11:27,jm2311,jm2311,1393.5,0.0,0.0,0.0,1,1320.5,1378.5,3,1393.5,0.0,0.0,0.0,0.0,0.0,1
2023-05-11 09:11:29,jm2311,jm2311,1393.5,0.0,0.0,0.0,1,1320.5,1378.5,1,1393.5,0.0,0.0,0.0,0.0,0.0,1
2023-05-11 09:11:30,jm2311,jm2311,1393.5,0.0,0.0,0.0,1,1320.5,1378.5,3,1393.5,0.0,0.0,0.0,0.0,0.0,1
2023-05-11 09:11:31,jm2311,jm2311,1393.5,0.0,0.0,0.0,1,1320.5,1378.5,1,1393.5,0.0,0.0,0.0,0.0,0.0,1
2023-05-11 09:11:58,jm2311,jm2311,1393.5,0.0,0.0,0.0,1,1293.5,1378.5,1,1393.5,0.0,0.0,0.0,0.0,0.0,1
2023-05-11 09:11:58,jm2311,jm2311,1393.5,0.0,0.0,0.0,1,1296.0,1378.5,1,1393.5,0.0,0.0,0.0,0.0,0.0,1
2023-05-11 09:12:04,jm2311,jm2311,1393.5,0.0,0.0,0.0,1,1296.0,1378.5,3,1393.5,0.0,0.0,0.0,0.0,0.0,1
2023-05-11 09:12:06,jm2311,jm2311,1393.5,0.0,0.0,0.0,1,1296.5,1378.5,3,1393.5,0.0,0.0,0.0,0.0,0.0,1
2023-05-11 09:12:06,jm2311,jm2311,1393.5,0.0,0.0,0.0,1,1299.0,1378.5,3,1393.5,0.0,0.0,0.0,0.0,0.0,1
2023-05-11 09:12:07,jm2311,jm2311,1393.5,0.0,0.0,0.0,1,1299.0,1378.5,1,1393.5,0.0,0.0,0.0,0.0,0.0,1
2023-05-11 09:12:51,jm2311,jm2311,1393.5,0.0,0.0,0.0,1,1299.5,1378.5,1,1393.5,0.0,0.0,0.0,0.0,0.0,1
2023-05-11 09:12:51,jm2311,jm2311,1393.5,0.0,0.0,0.0,1,1302.0,1378.5,1,1393.5,0.0,0.0,0.0,0.0,0.0,1
2023-05-11 09:13:34,jm2311,jm2311,1393.5,0.0,0.0,0.0,1,1302.5,1378.5,1,1393.5,0.0,0.0,0.0,0.0,0.0,1
2023-05-11 09:13:35,jm2311,jm2311,1393.5,0.0,0.0,0.0,1,1305.0,1378.5,1,1393.5,0.0,0.0,0.0,0.0,0.0,1
2023-05-11 09:14:20,jm2311,jm2311,1393.5,0.0,0.0,0.0,1,1305.5,1378.5,1,1393.5,0.0,0.0,0.0,0.0,0.0,1
2023-05-11 09:14:21,jm2311,jm2311,1393.5,0.0,0.0,0.0,1,1308.0,1378.5,1,1393.5,0.0,0.0,0.0,0.0,0.0,1
2023-05-11 09:15:03,jm2311,jm2311,1393.5,0.0,0.0,0.0,1,1308.5,1378.5,1,1393.5,0.0,0.0,0.0,0.0,0.0,1
2023-05-11 09:15:04,jm2311,jm2311,1393.5,0.0,0.0,0.0,1,1311.0,1378.5,1,1393.5,0.0,0.0,0.0,0.0,0.0,1
2023-05-11 09:15:46,jm2311,jm2311,1393.5,0.0,0.0,0.0,1,1311.5,1378.5,1,1393.5,0.0,0.0,0.0,0.0,0.0,1
2023-05-11 09:15:46,jm2311,jm2311,1393.5,0.0,0.0,0.0,1,1314.0,1378.5,1,1393.5,0.0,0.0,0.0,0.0,0.0,1
2023-05-11 09:16:11,jm2311,jm2311,1393.5,0.0,0.0,0.0,1,1314.0,1435.0,1,1393.5,0.0,0.0,0.0,0.0,0.0,1
2023-05-11 09:16:12,jm2311,jm2311,1393.5,0.0,0.0,0.0,1,1314.0,1432.5,1,1393.5,0.0,0.0,0.0,0.0,0.0,1
2023-05-11 09:16:13,jm2311,jm2311,1393.5,0.0,0.0,0.0,1,1314.0,1432.0,2,1393.5,0.0,0.0,0.0,0.0,0.0,1
2023-05-11 09:16:13,jm2311,jm2311,1393.5,0.0,0.0,0.0,1,1314.0,1429.5,1,1393.5,0.0,0.0,0.0,0.0,0.0,1
2023-05-11 09:16:14,jm2311,jm2311,1393.5,0.0,0.0,0.0,1,1314.0,1429.0,2,1393.5,0.0,0.0,0.0,0.0,0.0,1
2023-05-11 09:16:14,jm2311,jm2311,1393.5,0.0,0.0,0.0,1,1314.0,1426.5,1,1393.5,0.0,0.0,0.0,0.0,0.0,1
2023-05-11 09:16:16,jm2311,jm2311,1393.5,0.0,0.0,0.0,1,1314.0,1426.0,4,1393.5,0.0,0.0,0.0,0.0,0.0,1
2023-05-11 09:16:16,jm2311,jm2311,1393.5,0.0,0.0,0.0,1,1314.0,1423.5,1,1393.5,0.0,0.0,0.0,0.0,0.0,1
2023-05-11 09:16:18,jm2311,jm2311,1393.5,0.0,0.0,0.0,1,1314.0,1423.0,4,1393.5,0.0,0.0,0.0,0.0,0.0,1
2023-05-11 09:16:18,jm2311,jm2311,1393.5,0.0,0.0,0.0,1,1314.0,1420.5,1,1393.5,0.0,0.0,0.0,0.0,0.0,1
2023-05-11 09:16:20,jm2311,jm2311,1393.5,0.0,0.0,0.0,1,1314.0,1420.0,4,1393.5,0.0,0.0,0.0,0.0,0.0,1
2023-05-11 09:16:20,jm2311,jm2311,1393.5,0.0,0.0,0.0,1,1314.0,1417.5,1,1393.5,0.0,0.0,0.0,0.0,0.0,1
2023-05-11 09:16:21,jm2311,jm2311,1393.5,0.0,0.0,0.0,1,1314.0,1417.0,2,1393.5,0.0,0.0,0.0,0.0,0.0,1
2023-05-11 09:16:22,jm2311,jm2311,1393.5,0.0,0.0,0.0,1,1314.0,1414.5,1,1393.5,0.0,0.0,0.0,0.0,0.0,1
2023-05-11 09:16:23,jm2311,jm2311,1393.5,0.0,0.0,0.0,1,1314.0,1414.0,4,1393.5,0.0,0.0,0.0,0.0,0.0,1
2023-05-11 09:16:24,jm2311,jm2311,1393.5,0.0,0.0,0.0,1,1314.0,1411.5,1,1393.5,0.0,0.0,0.0,0.0,0.0,1
2023-05-11 09:16:25,jm2311,jm2311,1393.5,0.0,0.0,0.0,1,1314.0,1411.0,4,1393.5,0.0,0.0,0.0,0.0,0.0,1
2023-05-11 09:16:26,jm2311,jm2311,1393.5,0.0,0.0,0.0,1,1314.0,1408.5,1,1393.5,0.0,0.0,0.0,0.0,0.0,1
2023-05-11 09:16:27,jm2311,jm2311,1393.5,0.0,0.0,0.0,1,1314.0,1408.0,4,1393.5,0.0,0.0,0.0,0.0,0.0,1
2023-05-11 09:16:27,jm2311,jm2311,1393.5,0.0,0.0,0.0,1,1314.0,1405.5,1,1393.5,0.0,0.0,0.0,0.0,0.0,1
2023-05-11 09:16:29,jm2311,jm2311,1393.5,0.0,0.0,0.0,1,1314.0,1405.0,4,1393.5,0.0,0.0,0.0,0.0,0.0,1
2023-05-11 09:16:29,jm2311,jm2311,1393.5,0.0,0.0,0.0,1,1314.0,1402.5,1,1393.5,0.0,0.0,0.0,0.0,0.0,1
2023-05-11 09:16:30,jm2311,jm2311,1393.5,0.0,0.0,0.0,1,1314.5,1402.5,1,1393.5,0.0,0.0,0.0,0.0,0.0,1
2023-05-11 09:16:30,jm2311,jm2311,1393.5,0.0,0.0,0.0,1,1317.0,1402.5,1,1393.5,0.0,0.0,0.0,0.0,0.0,1
2023-05-11 09:16:31,jm2311,jm2311,1393.5,0.0,0.0,0.0,1,1317.0,1402.0,2,1393.5,0.0,0.0,0.0,0.0,0.0,1
2023-05-11 09:16:31,jm2311,jm2311,1393.5,0.0,0.0,0.0,1,1317.0,1399.5,1,1393.5,0.0,0.0,0.0,0.0,0.0,1
2023-05-11 09:16:33,jm2311,jm2311,1393.5,0.0,0.0,0.0,1,1317.0,1399.0,2,1393.5,0.0,0.0,0.0,0.0,0.0,1
2023-05-11 09:16:33,jm2311,jm2311,1393.5,0.0,0.0,0.0,1,1317.0,1396.5,1,1393.5,0.0,0.0,0.0,0.0,0.0,1
2023-05-11 09:16:34,jm2311,jm2311,1393.5,0.0,0.0,0.0,1,1317.0,1396.0,2,1393.5,0.0,0.0,0.0,0.0,0.0,1
2023-05-11 09:16:35,jm2311,jm2311,1393.5,0.0,0.0,0.0,1,1317.0,1393.5,1,1393.5,0.0,0.0,0.0,0.0,0.0,1
2023-05-11 09:16:36,jm2311,jm2311,1393.5,0.0,0.0,0.0,1,1317.0,1393.0,2,1393.5,0.0,0.0,0.0,0.0,0.0,1
2023-05-11 09:16:37,jm2311,jm2311,1393.5,0.0,0.0,0.0,1,1317.0,1390.5,1,1393.5,0.0,0.0,0.0,0.0,0.0,1
2023-05-11 09:16:38,jm2311,jm2311,1393.5,0.0,0.0,0.0,1,1317.0,1390.5,3,1393.5,0.0,0.0,0.0,0.0,0.0,1
2023-05-11 09:16:42,jm2311,jm2311,1393.5,0.0,0.0,0.0,1,1317.0,1390.5,1,1393.5,0.0,0.0,0.0,0.0,0.0,1
2023-05-11 09:16:43,jm2311,jm2311,1393.5,0.0,0.0,0.0,1,1317.0,1390.5,3,1393.5,0.0,0.0,0.0,0.0,0.0,1
2023-05-11 09:16:45,jm2311,jm2311,1393.5,0.0,0.0,0.0,1,1317.0,1390.5,1,1393.5,0.0,0.0,0.0,0.0,0.0,1
2023-05-11 09:16:46,jm2311,jm2311,1393.5,0.0,0.0,0.0,1,1317.0,1390.0,2,1393.5,0.0,0.0,0.0,0.0,0.0,1
2023-05-11 09:16:46,jm2311,jm2311,1393.5,0.0,0.0,0.0,1,1317.0,1387.5,1,1393.5,0.0,0.0,0.0,0.0,0.0,1
2023-05-11 09:17:08,jm2311,jm2311,1393.5,0.0,0.0,0.0,1,1317.0,1387.5,3,1393.5,0.0,0.0,0.0,0.0,0.0,1
2023-05-11 09:17:10,jm2311,jm2311,1393.5,0.0,0.0,0.0,1,1317.0,1387.5,1,1393.5,0.0,0.0,0.0,0.0,0.0,1
2023-05-11 09:17:13,jm2311,jm2311,1393.5,0.0,0.0,0.0,1,1317.5,1387.5,3,1393.5,0.0,0.0,0.0,0.0,0.0,1
2023-05-11 09:17:19,jm2311,jm2311,1393.5,0.0,0.0,0.0,1,1317.5,1387.5,1,1393.5,0.0,0.0,0.0,0.0,0.0,1
2023-05-11 09:17:19,jm2311,jm2311,1393.5,0.0,0.0,0.0,1,1317.5,1387.0,2,1393.5,0.0,0.0,0.0,0.0,0.0,1
2023-05-11 09:17:20,jm2311,jm2311,1393.5,0.0,0.0,0.0,1,1317.5,1384.5,1,1393.5,0.0,0.0,0.0,0.0,0.0,1
2023-05-11 09:17:45,jm2311,jm2311,1393.5,0.0,0.0,0.0,1,1317.5,1384.5,3,1393.5,0.0,0.0,0.0,0.0,0.0,1
2023-05-11 09:17:47,jm2311,jm2311,1393.5,0.0,0.0,0.0,1,1317.5,1384.5,1,1393.5,0.0,0.0,0.0,0.0,0.0,1
2023-05-11 09:17:47,jm2311,jm2311,1393.5,0.0,0.0,0.0,1,1317.5,1384.5,3,1393.5,0.0,0.0,0.0,0.0,0.0,1
2023-05-11 09:17:53,jm2311,jm2311,1393.5,0.0,0.0,0.0,1,1317.5,1384.5,1,1393.5,0.0,0.0,0.0,0.0,0.0,1
2023-05-11 09:17:53,jm2311,jm2311,1393.5,0.0,0.0,0.0,1,1317.5,1384.0,2,1393.5,0.0,0.0,0.0,0.0,0.0,1
2023-05-11 09:17:54,jm2311,jm2311,1393.5,0.0,0.0,0.0,1,1317.5,1381.5,1,1393.5,0.0,0.0,0.0,0.0,0.0,1
2023-05-11 09:22:13,jm2311,jm2311,1393.5,0.0,0.0,0.0,1,1293.5,1381.5,1,1393.5,0.0,0.0,0.0,0.0,0.0,1
2023-05-11 09:22:14,jm2311,jm2311,1393.5,0.0,0.0,0.0,1,1296.0,1381.5,1,1393.5,0.0,0.0,0.0,0.0,0.0,1
2023-05-11 09:22:15,jm2311,jm2311,1393.5,0.0,0.0,0.0,2,1296.0,1381.5,1,1393.5,0.0,0.0,0.0,0.0,0.0,1
2023-05-11 09:22:17,jm2311,jm2311,1393.5,0.0,0.0,0.0,1,1296.5,1381.5,1,1393.5,0.0,0.0,0.0,0.0,0.0,1
2023-05-11 09:22:17,jm2311,jm2311,1393.5,0.0,0.0,0.0,1,1299.0,1381.5,1,1393.5,0.0,0.0,0.0,0.0,0.0,1
2023-05-11 09:22:59,jm2311,jm2311,1393.5,0.0,0.0,0.0,1,1299.5,1381.5,1,1393.5,0.0,0.0,0.0,0.0,0.0,1
2023-05-11 09:23:00,jm2311,jm2311,1393.5,0.0,0.0,0.0,1,1302.0,1381.5,1,1393.5,0.0,0.0,0.0,0.0,0.0,1
2023-05-11 09:23:41,jm2311,jm2311,1393.5,0.0,0.0,0.0,1,1302.5,1381.5,1,1393.5,0.0,0.0,0.0,0.0,0.0,1
2023-05-11 09:23:42,jm2311,jm2311,1393.5,0.0,0.0,0.0,1,1305.0,1381.5,1,1393.5,0.0,0.0,0.0,0.0,0.0,1
2023-05-11 09:24:24,jm2311,jm2311,1393.5,0.0,0.0,0.0,1,1305.5,1381.5,1,1393.5,0.0,0.0,0.0,0.0,0.0,1
2023-05-11 09:24:24,jm2311,jm2311,1393.5,0.0,0.0,0.0,1,1308.0,1381.5,1,1393.5,0.0,0.0,0.0,0.0,0.0,1
2023-05-11 09:25:07,jm2311,jm2311,1393.5,0.0,0.0,0.0,1,1308.5,1381.5,1,1393.5,0.0,0.0,0.0,0.0,0.0,1
2023-05-11 09:25:07,jm2311,jm2311,1393.5,0.0,0.0,0.0,1,1311.0,1381.5,1,1393.5,0.0,0.0,0.0,0.0,0.0,1
2023-05-11 09:25:49,jm2311,jm2311,1393.5,0.0,0.0,0.0,1,1311.5,1381.5,1,1393.5,0.0,0.0,0.0,0.0,0.0,1
2023-05-11 09:25:49,jm2311,jm2311,1393.5,0.0,0.0,0.0,1,1314.0,1381.5,1,1393.5,0.0,0.0,0.0,0.0,0.0,1
2023-05-11 09:26:31,jm2311,jm2311,1393.5,0.0,0.0,0.0,1,1314.5,1381.5,1,1393.5,0.0,0.0,0.0,0.0,0.0,1
2023-05-11 09:26:32,jm2311,jm2311,1393.5,0.0,0.0,0.0,1,1317.0,1381.5,1,1393.5,0.0,0.0,0.0,0.0,0.0,1
2023-05-11 09:27:14,jm2311,jm2311,1393.5,0.0,0.0,0.0,1,1317.5,1381.5,1,1393.5,0.0,0.0,0.0,0.0,0.0,1
2023-05-11 09:27:15,jm2311,jm2311,1393.5,0.0,0.0,0.0,1,1320.0,1381.5,1,1393.5,0.0,0.0,0.0,0.0,0.0,1
2023-05-11 09:27:44,jm2311,jm2311,1393.5,0.0,0.0,0.0,1,1320.0,1405.0,2,1393.5,0.0,0.0,0.0,0.0,0.0,1
2023-05-11 09:27:44,jm2311,jm2311,1393.5,0.0,0.0,0.0,1,1320.0,1402.5,1,1393.5,0.0,0.0,0.0,0.0,0.0,1
2023-05-11 09:27:46,jm2311,jm2311,1393.5,0.0,0.0,0.0,1,1320.0,1402.0,2,1393.5,0.0,0.0,0.0,0.0,0.0,1
2023-05-11 09:27:46,jm2311,jm2311,1393.5,0.0,0.0,0.0,1,1320.0,1399.5,1,1393.5,0.0,0.0,0.0,0.0,0.0,1
2023-05-11 09:27:49,jm2311,jm2311,1393.5,0.0,0.0,0.0,1,1320.0,1399.0,2,1393.5,0.0,0.0,0.0,0.0,0.0,1
2023-05-11 09:27:49,jm2311,jm2311,1393.5,0.0,0.0,0.0,1,1320.0,1396.5,1,1393.5,0.0,0.0,0.0,0.0,0.0,1
2023-05-11 09:27:53,jm2311,jm2311,1393.5,0.0,0.0,0.0,1,1320.0,1396.0,2,1393.5,0.0,0.0,0.0,0.0,0.0,1
2023-05-11 09:27:53,jm2311,jm2311,1393.5,0.0,0.0,0.0,1,1320.0,1393.5,1,1393.5,0.0,0.0,0.0,0.0,0.0,1
2023-05-11 09:27:55,jm2311,jm2311,1393.5,0.0,0.0,0.0,1,1320.0,1393.0,2,1393.5,0.0,0.0,0.0,0.0,0.0,1
2023-05-11 09:27:55,jm2311,jm2311,1393.5,0.0,0.0,0.0,1,1320.0,1390.5,1,1393.5,0.0,0.0,0.0,0.0,0.0,1
2023-05-11 09:27:57,jm2311,jm2311,1393.5,0.0,0.0,0.0,1,1320.5,1390.5,1,1393.5,0.0,0.0,0.0,0.0,0.0,1
2023-05-11 09:27:58,jm2311,jm2311,1393.5,0.0,0.0,0.0,1,1320.5,1390.0,2,1393.5,0.0,0.0,0.0,0.0,0.0,1
2023-05-11 09:27:58,jm2311,jm2311,1393.5,0.0,0.0,0.0,1,1320.5,1387.5,1,1393.5,0.0,0.0,0.0,0.0,0.0,1
2023-05-11 09:28:13,jm2311,jm2311,1393.5,0.0,0.0,0.0,1,1320.5,1387.5,3,1393.5,0.0,0.0,0.0,0.0,0.0,1
2023-05-11 09:28:16,jm2311,jm2311,1393.5,0.0,0.0,0.0,1,1320.5,1387.5,1,1393.5,0.0,0.0,0.0,0.0,0.0,1
2023-05-11 09:28:16,jm2311,jm2311,1393.5,0.0,0.0,0.0,1,1320.5,1387.0,2,1393.5,0.0,0.0,0.0,0.0,0.0,1
2023-05-11 09:28:17,jm2311,jm2311,1393.5,0.0,0.0,0.0,1,1320.5,1384.5,1,1393.5,0.0,0.0,0.0,0.0,0.0,1
2023-05-11 09:30:30,jm2311,jm2311,1393.5,0.0,0.0,0.0,1,1320.5,1384.5,3,1393.5,0.0,0.0,0.0,0.0,0.0,1
2023-05-11 09:30:32,jm2311,jm2311,1393.5,0.0,0.0,0.0,1,1320.5,1384.5,1,1393.5,0.0,0.0,0.0,0.0,0.0,1
2023-05-11 09:30:32,jm2311,jm2311,1393.5,0.0,0.0,0.0,1,1320.5,1384.0,2,1393.5,0.0,0.0,0.0,0.0,0.0,1
2023-05-11 09:30:33,jm2311,jm2311,1393.5,0.0,0.0,0.0,1,1320.5,1381.5,1,1393.5,0.0,0.0,0.0,0.0,0.0,1
2023-05-11 09:32:58,jm2311,jm2311,1393.5,0.0,0.0,0.0,1,1296.0,1381.5,1,1393.5,0.0,0.0,0.0,0.0,0.0,1
2023-05-11 09:32:58,jm2311,jm2311,1393.5,0.0,0.0,0.0,1,1298.5,1381.5,1,1393.5,0.0,0.0,0.0,0.0,0.0,1
2023-05-11 09:32:59,jm2311,jm2311,1393.5,0.0,0.0,0.0,2,1298.5,1381.5,1,1393.5,0.0,0.0,0.0,0.0,0.0,1
2023-05-11 09:33:00,jm2311,jm2311,1393.5,0.0,0.0,0.0,1,1299.0,1381.5,1,1393.5,0.0,0.0,0.0,0.0,0.0,1
2023-05-11 09:33:01,jm2311,jm2311,1393.5,0.0,0.0,0.0,1,1301.5,1381.5,1,1393.5,0.0,0.0,0.0,0.0,0.0,1
2023-05-11 09:33:44,jm2311,jm2311,1393.5,0.0,0.0,0.0,1,1302.0,1381.5,1,1393.5,0.0,0.0,0.0,0.0,0.0,1
2023-05-11 09:33:45,jm2311,jm2311,1393.5,0.0,0.0,0.0,1,1304.5,1381.5,1,1393.5,0.0,0.0,0.0,0.0,0.0,1
2023-05-11 09:34:28,jm2311,jm2311,1393.5,0.0,0.0,0.0,1,1305.0,1381.5,1,1393.5,0.0,0.0,0.0,0.0,0.0,1
2023-05-11 09:34:29,jm2311,jm2311,1393.5,0.0,0.0,0.0,1,1307.5,1381.5,1,1393.5,0.0,0.0,0.0,0.0,0.0,1
2023-05-11 09:35:05,jm2311,jm2311,1393.5,0.0,0.0,0.0,1,1307.5,1381.5,3,1393.5,0.0,0.0,0.0,0.0,0.0,1
2023-05-11 09:35:08,jm2311,jm2311,1393.5,0.0,0.0,0.0,1,1307.5,1381.5,1,1393.5,0.0,0.0,0.0,0.0,0.0,1
2023-05-11 09:35:08,jm2311,jm2311,1393.5,0.0,0.0,0.0,1,1307.5,1381.0,2,1393.5,0.0,0.0,0.0,0.0,0.0,1
2023-05-11 09:35:09,jm2311,jm2311,1393.5,0.0,0.0,0.0,1,1307.5,1378.5,1,1393.5,0.0,0.0,0.0,0.0,0.0,1
2023-05-11 09:35:12,jm2311,jm2311,1393.5,0.0,0.0,0.0,1,1308.0,1378.5,1,1393.5,0.0,0.0,0.0,0.0,0.0,1
2023-05-11 09:35:12,jm2311,jm2311,1393.5,0.0,0.0,0.0,1,1310.5,1378.5,1,1393.5,0.0,0.0,0.0,0.0,0.0,1
2023-05-11 09:35:55,jm2311,jm2311,1393.5,0.0,0.0,0.0,1,1311.0,1378.5,1,1393.5,0.0,0.0,0.0,0.0,0.0,1
2023-05-11 09:36:16,jm2311,jm2311,1393.5,0.0,0.0,0.0,1,1313.5,1378.5,1,1393.5,0.0,0.0,0.0,0.0,0.0,1
2023-05-11 09:36:22,jm2311,jm2311,1393.5,0.0,0.0,0.0,1,1311.0,1378.5,1,1393.5,0.0,0.0,0.0,0.0,0.0,1
2023-05-11 09:37:09,jm2311,jm2311,1393.5,0.0,0.0,0.0,1,1313.5,1378.5,1,1393.5,0.0,0.0,0.0,0.0,0.0,1
2023-05-11 09:37:56,jm2311,jm2311,1393.5,0.0,0.0,0.0,1,1296.5,1378.5,1,1393.5,0.0,0.0,0.0,0.0,0.0,1
2023-05-11 09:37:57,jm2311,jm2311,1393.5,0.0,0.0,0.0,1,1299.0,1378.5,1,1393.5,0.0,0.0,0.0,0.0,0.0,1
2023-05-11 09:38:10,jm2311,jm2311,1393.5,0.0,0.0,0.0,1,1299.5,1378.5,1,1393.5,0.0,0.0,0.0,0.0,0.0,1
2023-05-11 09:38:10,jm2311,jm2311,1393.5,0.0,0.0,0.0,1,1302.0,1378.5,1,1393.5,0.0,0.0,0.0,0.0,0.0,1
2023-05-11 09:38:54,jm2311,jm2311,1393.5,0.0,0.0,0.0,1,1302.5,1378.5,1,1393.5,0.0,0.0,0.0,0.0,0.0,1
2023-05-11 09:38:54,jm2311,jm2311,1393.5,0.0,0.0,0.0,1,1305.0,1378.5,1,1393.5,0.0,0.0,0.0,0.0,0.0,1
2023-05-11 09:39:37,jm2311,jm2311,1393.5,0.0,0.0,0.0,1,1305.5,1378.5,1,1393.5,0.0,0.0,0.0,0.0,0.0,1
2023-05-11 09:39:38,jm2311,jm2311,1393.5,0.0,0.0,0.0,1,1308.0,1378.5,1,1393.5,0.0,0.0,0.0,0.0,0.0,1
2023-05-11 09:40:24,jm2311,jm2311,1393.5,0.0,0.0,0.0,1,1308.5,1378.5,1,1393.5,0.0,0.0,0.0,0.0,0.0,1
2023-05-11 09:40:24,jm2311,jm2311,1393.5,0.0,0.0,0.0,1,1311.0,1378.5,1,1393.5,0.0,0.0,0.0,0.0,0.0,1
2023-05-11 09:41:00,jm2311,jm2311,1393.5,0.0,0.0,0.0,1,1308.5,1378.5,3,1393.5,0.0,0.0,0.0,0.0,0.0,1
2023-05-11 09:41:06,jm2311,jm2311,1393.5,0.0,0.0,0.0,1,1308.5,1378.5,1,1393.5,0.0,0.0,0.0,0.0,0.0,1
2023-05-11 09:41:12,jm2311,jm2311,1393.5,0.0,0.0,0.0,1,1311.0,1378.5,1,1393.5,0.0,0.0,0.0,0.0,0.0,1
2023-05-11 09:41:53,jm2311,jm2311,1393.5,0.0,0.0,0.0,1,1311.5,1378.5,1,1393.5,0.0,0.0,0.0,0.0,0.0,1
2023-05-11 09:42:17,jm2311,jm2311,1393.5,0.0,0.0,0.0,1,1311.5,1378.5,3,1393.5,0.0,0.0,0.0,0.0,0.0,1
2023-05-11 09:42:19,jm2311,jm2311,1393.5,0.0,0.0,0.0,1,1311.5,1378.5,1,1393.5,0.0,0.0,0.0,0.0,0.0,1
2023-05-11 09:42:19,jm2311,jm2311,1393.5,0.0,0.0,0.0,1,1311.5,1378.5,3,1393.5,0.0,0.0,0.0,0.0,0.0,1
2023-05-11 09:42:22,jm2311,jm2311,1393.5,0.0,0.0,0.0,1,1311.5,1378.5,1,1393.5,0.0,0.0,0.0,0.0,0.0,1
2023-05-11 09:42:23,jm2311,jm2311,1393.5,0.0,0.0,0.0,1,1311.5,1378.5,3,1393.5,0.0,0.0,0.0,0.0,0.0,1
2023-05-11 09:42:25,jm2311,jm2311,1393.5,0.0,0.0,0.0,1,1311.5,1378.5,1,1393.5,0.0,0.0,0.0,0.0,0.0,1
2023-05-11 09:42:29,jm2311,jm2311,1393.5,0.0,0.0,0.0,1,1311.5,1378.5,3,1393.5,0.0,0.0,0.0,0.0,0.0,1
2023-05-11 09:42:30,jm2311,jm2311,1393.5,0.0,0.0,0.0,1,1311.5,1378.5,1,1393.5,0.0,0.0,0.0,0.0,0.0,1
2023-05-11 09:42:31,jm2311,jm2311,1393.5,0.0,0.0,0.0,1,1311.5,1378.0,2,1393.5,0.0,0.0,0.0,0.0,0.0,1
2023-05-11 09:42:31,jm2311,jm2311,1393.5,0.0,0.0,0.0,1,1311.5,1375.5,1,1393.5,0.0,0.0,0.0,0.0,0.0,1
2023-05-11 09:46:26,jm2311,jm2311,1393.5,0.0,0.0,0.0,1,1314.0,1375.5,1,1393.5,0.0,0.0,0.0,0.0,0.0,1
2023-05-11 09:47:02,jm2311,jm2311,1393.5,0.0,0.0,0.0,1,1314.5,1375.5,1,1393.5,0.0,0.0,0.0,0.0,0.0,1
2023-05-11 09:52:03,jm2311,jm2311,1393.5,0.0,0.0,0.0,1,1294.5,1375.5,1,1393.5,0.0,0.0,0.0,0.0,0.0,1
2023-05-11 09:52:03,jm2311,jm2311,1393.5,0.0,0.0,0.0,1,1297.0,1375.5,1,1393.5,0.0,0.0,0.0,0.0,0.0,1
2023-05-11 09:52:04,jm2311,jm2311,1393.5,0.0,0.0,0.0,2,1297.0,1375.5,1,1393.5,0.0,0.0,0.0,0.0,0.0,1
2023-05-11 09:52:08,jm2311,jm2311,1393.5,0.0,0.0,0.0,1,1297.5,1375.5,1,1393.5,0.0,0.0,0.0,0.0,0.0,1
2023-05-11 09:52:08,jm2311,jm2311,1393.5,0.0,0.0,0.0,1,1300.0,1375.5,1,1393.5,0.0,0.0,0.0,0.0,0.0,1
2023-05-11 09:52:21,jm2311,jm2311,1393.5,0.0,0.0,0.0,1,1300.0,1427.5,1,1393.5,0.0,0.0,0.0,0.0,0.0,1
2023-05-11 09:52:22,jm2311,jm2311,1393.5,0.0,0.0,0.0,1,1300.0,1425.0,1,1393.5,0.0,0.0,0.0,0.0,0.0,1
2023-05-11 09:52:23,jm2311,jm2311,1393.5,0.0,0.0,0.0,1,1300.0,1424.5,2,1393.5,0.0,0.0,0.0,0.0,0.0,1
2023-05-11 09:52:23,jm2311,jm2311,1393.5,0.0,0.0,0.0,1,1300.0,1422.0,1,1393.5,0.0,0.0,0.0,0.0,0.0,1
2023-05-11 09:52:24,jm2311,jm2311,1393.5,0.0,0.0,0.0,1,1300.0,1421.5,2,1393.5,0.0,0.0,0.0,0.0,0.0,1
2023-05-11 09:52:24,jm2311,jm2311,1393.5,0.0,0.0,0.0,1,1300.0,1419.0,1,1393.5,0.0,0.0,0.0,0.0,0.0,1
2023-05-11 09:52:25,jm2311,jm2311,1393.5,0.0,0.0,0.0,1,1300.0,1418.5,2,1393.5,0.0,0.0,0.0,0.0,0.0,1
2023-05-11 09:52:26,jm2311,jm2311,1393.5,0.0,0.0,0.0,1,1300.0,1416.0,1,1393.5,0.0,0.0,0.0,0.0,0.0,1
2023-05-11 09:52:27,jm2311,jm2311,1393.5,0.0,0.0,0.0,1,1300.0,1415.5,2,1393.5,0.0,0.0,0.0,0.0,0.0,1
2023-05-11 09:52:27,jm2311,jm2311,1393.5,0.0,0.0,0.0,1,1300.0,1413.0,1,1393.5,0.0,0.0,0.0,0.0,0.0,1
2023-05-11 09:52:30,jm2311,jm2311,1393.5,0.0,0.0,0.0,1,1300.0,1412.5,2,1393.5,0.0,0.0,0.0,0.0,0.0,1
2023-05-11 09:52:31,jm2311,jm2311,1393.5,0.0,0.0,0.0,1,1300.0,1410.0,1,1393.5,0.0,0.0,0.0,0.0,0.0,1
2023-05-11 09:52:32,jm2311,jm2311,1393.5,0.0,0.0,0.0,1,1300.0,1409.5,2,1393.5,0.0,0.0,0.0,0.0,0.0,1
2023-05-11 09:52:32,jm2311,jm2311,1393.5,0.0,0.0,0.0,1,1300.0,1407.0,1,1393.5,0.0,0.0,0.0,0.0,0.0,1
2023-05-11 09:52:33,jm2311,jm2311,1393.5,0.0,0.0,0.0,1,1300.0,1406.5,2,1393.5,0.0,0.0,0.0,0.0,0.0,1
2023-05-11 09:52:33,jm2311,jm2311,1393.5,0.0,0.0,0.0,1,1300.0,1404.0,1,1393.5,0.0,0.0,0.0,0.0,0.0,1
2023-05-11 09:52:35,jm2311,jm2311,1393.5,0.0,0.0,0.0,1,1300.0,1403.5,2,1393.5,0.0,0.0,0.0,0.0,0.0,1
2023-05-11 09:52:35,jm2311,jm2311,1393.5,0.0,0.0,0.0,1,1300.0,1401.0,1,1393.5,0.0,0.0,0.0,0.0,0.0,1
2023-05-11 09:52:36,jm2311,jm2311,1393.5,0.0,0.0,0.0,1,1300.0,1400.5,2,1393.5,0.0,0.0,0.0,0.0,0.0,1
2023-05-11 09:52:37,jm2311,jm2311,1393.5,0.0,0.0,0.0,1,1300.0,1398.0,1,1393.5,0.0,0.0,0.0,0.0,0.0,1
2023-05-11 09:52:37,jm2311,jm2311,1393.5,0.0,0.0,0.0,1,1300.0,1397.5,2,1393.5,0.0,0.0,0.0,0.0,0.0,1
2023-05-11 09:52:38,jm2311,jm2311,1393.5,0.0,0.0,0.0,1,1300.0,1395.0,1,1393.5,0.0,0.0,0.0,0.0,0.0,1
2023-05-11 09:52:39,jm2311,jm2311,1393.5,0.0,0.0,0.0,1,1300.0,1394.5,4,1393.5,0.0,0.0,0.0,0.0,0.0,1
2023-05-11 09:52:40,jm2311,jm2311,1393.5,0.0,0.0,0.0,1,1300.0,1392.0,1,1393.5,0.0,0.0,0.0,0.0,0.0,1
2023-05-11 09:52:41,jm2311,jm2311,1393.5,0.0,0.0,0.0,1,1300.0,1391.5,2,1393.5,0.0,0.0,0.0,0.0,0.0,1
2023-05-11 09:52:41,jm2311,jm2311,1393.5,0.0,0.0,0.0,1,1300.0,1389.0,1,1393.5,0.0,0.0,0.0,0.0,0.0,1
2023-05-11 09:52:44,jm2311,jm2311,1393.5,0.0,0.0,0.0,1,1300.0,1388.5,2,1393.5,0.0,0.0,0.0,0.0,0.0,1
2023-05-11 09:52:45,jm2311,jm2311,1393.5,0.0,0.0,0.0,1,1300.0,1386.0,1,1393.5,0.0,0.0,0.0,0.0,0.0,1
2023-05-11 09:52:46,jm2311,jm2311,1393.5,0.0,0.0,0.0,1,1300.0,1385.5,2,1393.5,0.0,0.0,0.0,0.0,0.0,1
2023-05-11 09:52:47,jm2311,jm2311,1393.5,0.0,0.0,0.0,1,1300.0,1383.0,1,1393.5,0.0,0.0,0.0,0.0,0.0,1
2023-05-11 09:52:48,jm2311,jm2311,1393.5,0.0,0.0,0.0,1,1300.0,1382.5,2,1393.5,0.0,0.0,0.0,0.0,0.0,1
2023-05-11 09:52:49,jm2311,jm2311,1393.5,0.0,0.0,0.0,1,1300.0,1380.0,1,1393.5,0.0,0.0,0.0,0.0,0.0,1
2023-05-11 09:52:52,jm2311,jm2311,1393.5,0.0,0.0,0.0,1,1300.5,1380.0,1,1393.5,0.0,0.0,0.0,0.0,0.0,1
2023-05-11 09:52:52,jm2311,jm2311,1393.5,0.0,0.0,0.0,1,1303.0,1380.0,1,1393.5,0.0,0.0,0.0,0.0,0.0,1
2023-05-11 09:53:36,jm2311,jm2311,1393.5,0.0,0.0,0.0,1,1303.5,1380.0,1,1393.5,0.0,0.0,0.0,0.0,0.0,1
2023-05-11 09:53:37,jm2311,jm2311,1393.5,0.0,0.0,0.0,1,1306.0,1380.0,1,1393.5,0.0,0.0,0.0,0.0,0.0,1
2023-05-11 09:54:19,jm2311,jm2311,1393.5,0.0,0.0,0.0,1,1306.5,1380.0,1,1393.5,0.0,0.0,0.0,0.0,0.0,1
2023-05-11 09:54:20,jm2311,jm2311,1393.5,0.0,0.0,0.0,1,1309.0,1380.0,1,1393.5,0.0,0.0,0.0,0.0,0.0,1
2023-05-11 09:55:02,jm2311,jm2311,1393.5,0.0,0.0,0.0,1,1309.5,1380.0,1,1393.5,0.0,0.0,0.0,0.0,0.0,1
2023-05-11 09:55:03,jm2311,jm2311,1393.5,0.0,0.0,0.0,1,1312.0,1380.0,1,1393.5,0.0,0.0,0.0,0.0,0.0,1
2023-05-11 09:55:10,jm2311,jm2311,1393.5,0.0,0.0,0.0,1,1312.0,1380.0,3,1393.5,0.0,0.0,0.0,0.0,0.0,1
2023-05-11 09:55:11,jm2311,jm2311,1393.5,0.0,0.0,0.0,1,1309.5,1380.0,3,1393.5,0.0,0.0,0.0,0.0,0.0,1
2023-05-11 09:55:12,jm2311,jm2311,1393.5,0.0,0.0,0.0,1,1309.5,1380.0,1,1393.5,0.0,0.0,0.0,0.0,0.0,1
2023-05-11 09:55:14,jm2311,jm2311,1393.5,0.0,0.0,0.0,1,1312.0,1380.0,1,1393.5,0.0,0.0,0.0,0.0,0.0,1
2023-05-11 09:55:41,jm2311,jm2311,1393.5,0.0,0.0,0.0,1,1312.0,1380.0,3,1393.5,0.0,0.0,0.0,0.0,0.0,1
2023-05-11 09:55:42,jm2311,jm2311,1393.5,0.0,0.0,0.0,1,1312.0,1380.0,1,1393.5,0.0,0.0,0.0,0.0,0.0,1
2023-05-11 09:55:46,jm2311,jm2311,1393.5,0.0,0.0,0.0,1,1312.0,1380.0,3,1393.5,0.0,0.0,0.0,0.0,0.0,1
2023-05-11 09:55:48,jm2311,jm2311,1393.5,0.0,0.0,0.0,1,1312.0,1380.0,1,1393.5,0.0,0.0,0.0,0.0,0.0,1
2023-05-11 09:56:30,jm2311,jm2311,1393.5,0.0,0.0,0.0,1,1312.5,1380.0,1,1393.5,0.0,0.0,0.0,0.0,0.0,1
2023-05-11 09:56:30,jm2311,jm2311,1393.5,0.0,0.0,0.0,1,1315.0,1380.0,1,1393.5,0.0,0.0,0.0,0.0,0.0,1
2023-05-11 09:57:00,jm2311,jm2311,1393.5,0.0,0.0,0.0,1,1312.5,1380.0,1,1393.5,0.0,0.0,0.0,0.0,0.0,1
2023-05-11 09:57:11,jm2311,jm2311,1393.5,0.0,0.0,0.0,1,1315.0,1380.0,1,1393.5,0.0,0.0,0.0,0.0,0.0,1
2023-05-11 09:57:39,jm2311,jm2311,1393.5,0.0,0.0,0.0,1,1312.5,1380.0,1,1393.5,0.0,0.0,0.0,0.0,0.0,1
2023-05-11 09:58:12,jm2311,jm2311,1393.5,0.0,0.0,0.0,1,1315.0,1380.0,1,1393.5,0.0,0.0,0.0,0.0,0.0,1
2023-05-11 09:58:24,jm2311,jm2311,1393.5,0.0,0.0,0.0,1,1312.5,1380.0,1,1393.5,0.0,0.0,0.0,0.0,0.0,1
2023-05-11 09:58:31,jm2311,jm2311,1393.5,0.0,0.0,0.0,1,1315.0,1380.0,1,1393.5,0.0,0.0,0.0,0.0,0.0,1
2023-05-11 09:59:04,jm2311,jm2311,1393.5,0.0,0.0,0.0,1,1312.5,1380.0,1,1393.5,0.0,0.0,0.0,0.0,0.0,1
2023-05-11 10:00:02,jm2311,jm2311,1393.5,0.0,0.0,0.0,1,1312.5,1380.0,3,1393.5,0.0,0.0,0.0,0.0,0.0,1
2023-05-11 10:00:04,jm2311,jm2311,1393.5,0.0,0.0,0.0,1,1312.5,1380.0,1,1393.5,0.0,0.0,0.0,0.0,0.0,1
2023-05-11 10:00:04,jm2311,jm2311,1393.5,0.0,0.0,0.0,1,1312.5,1379.5,2,1393.5,0.0,0.0,0.0,0.0,0.0,1
2023-05-11 10:00:05,jm2311,jm2311,1393.5,0.0,0.0,0.0,1,1312.5,1377.0,1,1393.5,0.0,0.0,0.0,0.0,0.0,1
2023-05-11 10:01:30,jm2311,jm2311,1393.5,0.0,0.0,0.0,1,1295.5,1377.0,1,1393.5,0.0,0.0,0.0,0.0,0.0,1
2023-05-11 10:01:30,jm2311,jm2311,1393.5,0.0,0.0,0.0,1,1298.0,1377.0,1,1393.5,0.0,0.0,0.0,0.0,0.0,1
2023-05-11 10:01:32,jm2311,jm2311,1393.5,0.0,0.0,0.0,1,1298.5,1377.0,1,1393.5,0.0,0.0,0.0,0.0,0.0,1
2023-05-11 10:01:33,jm2311,jm2311,1393.5,0.0,0.0,0.0,1,1301.0,1377.0,1,1393.5,0.0,0.0,0.0,0.0,0.0,1
2023-05-11 10:02:16,jm2311,jm2311,1393.5,0.0,0.0,0.0,1,1301.5,1377.0,1,1393.5,0.0,0.0,0.0,0.0,0.0,1
2023-05-11 10:02:16,jm2311,jm2311,1393.5,0.0,0.0,0.0,1,1304.0,1377.0,1,1393.5,0.0,0.0,0.0,0.0,0.0,1
2023-05-11 10:02:58,jm2311,jm2311,1393.5,0.0,0.0,0.0,1,1304.5,1377.0,1,1393.5,0.0,0.0,0.0,0.0,0.0,1
2023-05-11 10:02:59,jm2311,jm2311,1393.5,0.0,0.0,0.0,1,1307.0,1377.0,1,1393.5,0.0,0.0,0.0,0.0,0.0,1
2023-05-11 10:03:42,jm2311,jm2311,1393.5,0.0,0.0,0.0,1,1307.5,1377.0,1,1393.5,0.0,0.0,0.0,0.0,0.0,1
2023-05-11 10:03:43,jm2311,jm2311,1393.5,0.0,0.0,0.0,1,1310.0,1377.0,1,1393.5,0.0,0.0,0.0,0.0,0.0,1
2023-05-11 10:04:28,jm2311,jm2311,1393.5,0.0,0.0,0.0,1,1310.5,1377.0,1,1393.5,0.0,0.0,0.0,0.0,0.0,1
2023-05-11 10:04:34,jm2311,jm2311,1393.5,0.0,0.0,0.0,1,1313.0,1377.0,1,1393.5,0.0,0.0,0.0,0.0,0.0,1
2023-05-11 10:04:45,jm2311,jm2311,1393.5,0.0,0.0,0.0,1,1310.5,1377.0,1,1393.5,0.0,0.0,0.0,0.0,0.0,1
2023-05-11 10:05:13,jm2311,jm2311,1393.5,0.0,0.0,0.0,1,1313.0,1377.0,1,1393.5,0.0,0.0,0.0,0.0,0.0,1
2023-05-11 10:05:20,jm2311,jm2311,1393.5,0.0,0.0,0.0,1,1310.5,1377.0,1,1393.5,0.0,0.0,0.0,0.0,0.0,1
2023-05-11 10:05:28,jm2311,jm2311,1393.5,0.0,0.0,0.0,1,1313.0,1377.0,1,1393.5,0.0,0.0,0.0,0.0,0.0,1
2023-05-11 10:06:42,jm2311,jm2311,1393.5,0.0,0.0,0.0,1,1313.5,1377.0,1,1393.5,0.0,0.0,0.0,0.0,0.0,1
2023-05-11 10:09:55,jm2311,jm2311,1393.5,0.0,0.0,0.0,1,1313.5,1424.5,1,1393.5,0.0,0.0,0.0,0.0,0.0,1
2023-05-11 10:09:55,jm2311,jm2311,1393.5,0.0,0.0,0.0,1,1313.5,1422.0,1,1393.5,0.0,0.0,0.0,0.0,0.0,1
2023-05-11 10:09:56,jm2311,jm2311,1393.5,0.0,0.0,0.0,1,1313.5,1421.5,2,1393.5,0.0,0.0,0.0,0.0,0.0,1
2023-05-11 10:09:56,jm2311,jm2311,1393.5,0.0,0.0,0.0,1,1313.5,1419.0,1,1393.5,0.0,0.0,0.0,0.0,0.0,1
2023-05-11 10:09:57,jm2311,jm2311,1393.5,0.0,0.0,0.0,1,1313.5,1418.5,4,1393.5,0.0,0.0,0.0,0.0,0.0,1
2023-05-11 10:09:58,jm2311,jm2311,1393.5,0.0,0.0,0.0,1,1313.5,1416.0,1,1393.5,0.0,0.0,0.0,0.0,0.0,1
2023-05-11 10:09:59,jm2311,jm2311,1393.5,0.0,0.0,0.0,1,1313.5,1415.5,2,1393.5,0.0,0.0,0.0,0.0,0.0,1
2023-05-11 10:09:59,jm2311,jm2311,1393.5,0.0,0.0,0.0,1,1313.5,1413.0,1,1393.5,0.0,0.0,0.0,0.0,0.0,1
2023-05-11 10:10:00,jm2311,jm2311,1393.5,0.0,0.0,0.0,1,1313.5,1412.5,1,1393.5,0.0,0.0,0.0,0.0,0.0,1
2023-05-11 10:10:01,jm2311,jm2311,1393.5,0.0,0.0,0.0,1,1313.5,1410.0,1,1393.5,0.0,0.0,0.0,0.0,0.0,1
2023-05-11 10:10:01,jm2311,jm2311,1393.5,0.0,0.0,0.0,1,1313.5,1409.5,2,1393.5,0.0,0.0,0.0,0.0,0.0,1
2023-05-11 10:10:02,jm2311,jm2311,1393.5,0.0,0.0,0.0,1,1313.5,1407.0,1,1393.5,0.0,0.0,0.0,0.0,0.0,1
2023-05-11 10:10:02,jm2311,jm2311,1393.5,0.0,0.0,0.0,1,1313.5,1406.5,2,1393.5,0.0,0.0,0.0,0.0,0.0,1
2023-05-11 10:10:03,jm2311,jm2311,1393.5,0.0,0.0,0.0,1,1313.5,1404.0,1,1393.5,0.0,0.0,0.0,0.0,0.0,1
2023-05-11 10:10:04,jm2311,jm2311,1393.5,0.0,0.0,0.0,1,1313.5,1403.5,2,1393.5,0.0,0.0,0.0,0.0,0.0,1
2023-05-11 10:10:04,jm2311,jm2311,1393.5,0.0,0.0,0.0,1,1313.5,1401.0,1,1393.5,0.0,0.0,0.0,0.0,0.0,1
2023-05-11 10:10:05,jm2311,jm2311,1393.5,0.0,0.0,0.0,1,1313.5,1400.5,2,1393.5,0.0,0.0,0.0,0.0,0.0,1
2023-05-11 10:10:06,jm2311,jm2311,1393.5,0.0,0.0,0.0,1,1313.5,1398.0,1,1393.5,0.0,0.0,0.0,0.0,0.0,1
2023-05-11 10:10:07,jm2311,jm2311,1393.5,0.0,0.0,0.0,1,1313.5,1397.5,4,1393.5,0.0,0.0,0.0,0.0,0.0,1
2023-05-11 10:10:08,jm2311,jm2311,1393.5,0.0,0.0,0.0,1,1313.5,1395.0,1,1393.5,0.0,0.0,0.0,0.0,0.0,1
2023-05-11 10:10:09,jm2311,jm2311,1393.5,0.0,0.0,0.0,1,1313.5,1394.5,2,1393.5,0.0,0.0,0.0,0.0,0.0,1
2023-05-11 10:10:09,jm2311,jm2311,1393.5,0.0,0.0,0.0,1,1313.5,1392.0,1,1393.5,0.0,0.0,0.0,0.0,0.0,1
2023-05-11 10:10:11,jm2311,jm2311,1393.5,0.0,0.0,0.0,1,1313.5,1391.5,2,1393.5,0.0,0.0,0.0,0.0,0.0,1
2023-05-11 10:10:11,jm2311,jm2311,1393.5,0.0,0.0,0.0,1,1313.5,1389.0,1,1393.5,0.0,0.0,0.0,0.0,0.0,1
2023-05-11 10:10:13,jm2311,jm2311,1393.5,0.0,0.0,0.0,1,1313.5,1388.5,2,1393.5,0.0,0.0,0.0,0.0,0.0,1
2023-05-11 10:10:14,jm2311,jm2311,1393.5,0.0,0.0,0.0,1,1313.5,1386.0,1,1393.5,0.0,0.0,0.0,0.0,0.0,1
2023-05-11 10:10:15,jm2311,jm2311,1393.5,0.0,0.0,0.0,1,1313.5,1385.5,2,1393.5,0.0,0.0,0.0,0.0,0.0,1
2023-05-11 10:10:15,jm2311,jm2311,1393.5,0.0,0.0,0.0,1,1313.5,1383.0,1,1393.5,0.0,0.0,0.0,0.0,0.0,1
2023-05-11 10:10:17,jm2311,jm2311,1393.5,0.0,0.0,0.0,1,1313.5,1382.5,2,1393.5,0.0,0.0,0.0,0.0,0.0,1
2023-05-11 10:10:18,jm2311,jm2311,1393.5,0.0,0.0,0.0,1,1313.5,1380.0,1,1393.5,0.0,0.0,0.0,0.0,0.0,1
2023-05-11 10:11:42,jm2311,jm2311,1393.5,0.0,0.0,0.0,1,1295.5,1380.0,1,1393.5,0.0,0.0,0.0,0.0,0.0,1
2023-05-11 10:11:42,jm2311,jm2311,1393.5,0.0,0.0,0.0,1,1298.0,1380.0,1,1393.5,0.0,0.0,0.0,0.0,0.0,1
2023-05-11 10:11:53,jm2311,jm2311,1393.5,0.0,0.0,0.0,1,1298.5,1380.0,1,1393.5,0.0,0.0,0.0,0.0,0.0,1
2023-05-11 10:11:54,jm2311,jm2311,1393.5,0.0,0.0,0.0,1,1301.0,1380.0,1,1393.5,0.0,0.0,0.0,0.0,0.0,1
2023-05-11 10:12:37,jm2311,jm2311,1393.5,0.0,0.0,0.0,1,1301.5,1380.0,1,1393.5,0.0,0.0,0.0,0.0,0.0,1
2023-05-11 10:12:37,jm2311,jm2311,1393.5,0.0,0.0,0.0,1,1304.0,1380.0,1,1393.5,0.0,0.0,0.0,0.0,0.0,1
2023-05-11 10:13:20,jm2311,jm2311,1393.5,0.0,0.0,0.0,1,1304.5,1380.0,1,1393.5,0.0,0.0,0.0,0.0,0.0,1
2023-05-11 10:13:21,jm2311,jm2311,1393.5,0.0,0.0,0.0,1,1307.0,1380.0,1,1393.5,0.0,0.0,0.0,0.0,0.0,1
2023-05-11 10:14:04,jm2311,jm2311,1393.5,0.0,0.0,0.0,1,1307.5,1380.0,1,1393.5,0.0,0.0,0.0,0.0,0.0,1
2023-05-11 10:14:04,jm2311,jm2311,1393.5,0.0,0.0,0.0,1,1310.0,1380.0,1,1393.5,0.0,0.0,0.0,0.0,0.0,1
2023-05-11 10:14:48,jm2311,jm2311,1393.5,0.0,0.0,0.0,1,1310.5,1380.0,1,1393.5,0.0,0.0,0.0,0.0,0.0,1
2023-05-11 10:14:48,jm2311,jm2311,1393.5,0.0,0.0,0.0,1,1313.0,1380.0,1,1393.5,0.0,0.0,0.0,0.0,0.0,1
2023-05-11 10:30:22,jm2311,jm2311,1393.5,0.0,0.0,0.0,1,1313.5,1380.0,1,1393.5,0.0,0.0,0.0,0.0,0.0,1
2023-05-11 10:30:22,jm2311,jm2311,1393.5,0.0,0.0,0.0,1,1316.0,1380.0,1,1393.5,0.0,0.0,0.0,0.0,0.0,1
2023-05-11 10:31:06,jm2311,jm2311,1393.5,0.0,0.0,0.0,1,1316.5,1380.0,1,1393.5,0.0,0.0,0.0,0.0,0.0,1
2023-05-11 10:32:26,jm2311,jm2311,1393.5,0.0,0.0,0.0,1,1319.0,1380.0,1,1393.5,0.0,0.0,0.0,0.0,0.0,1
2023-05-11 10:32:37,jm2311,jm2311,1393.5,0.0,0.0,0.0,1,1316.5,1380.0,1,1393.5,0.0,0.0,0.0,0.0,0.0,1
2023-05-11 10:32:52,jm2311,jm2311,1393.5,0.0,0.0,0.0,1,1319.0,1380.0,1,1393.5,0.0,0.0,0.0,0.0,0.0,1
2023-05-11 10:33:58,jm2311,jm2311,1393.5,0.0,0.0,0.0,1,1319.5,1380.0,1,1393.5,0.0,0.0,0.0,0.0,0.0,1
2023-05-11 10:38:58,jm2311,jm2311,1393.5,0.0,0.0,0.0,1,1300.5,1380.0,1,1393.5,0.0,0.0,0.0,0.0,0.0,1
2023-05-11 10:38:58,jm2311,jm2311,1393.5,0.0,0.0,0.0,1,1303.0,1380.0,1,1393.5,0.0,0.0,0.0,0.0,0.0,1
2023-05-11 10:38:59,jm2311,jm2311,1393.5,0.0,0.0,0.0,2,1303.0,1380.0,1,1393.5,0.0,0.0,0.0,0.0,0.0,1
2023-05-11 10:39:04,jm2311,jm2311,1393.5,0.0,0.0,0.0,1,1303.5,1380.0,1,1393.5,0.0,0.0,0.0,0.0,0.0,1
2023-05-11 10:39:04,jm2311,jm2311,1393.5,0.0,0.0,0.0,1,1306.0,1380.0,1,1393.5,0.0,0.0,0.0,0.0,0.0,1
2023-05-11 10:39:47,jm2311,jm2311,1393.5,0.0,0.0,0.0,1,1306.5,1380.0,1,1393.5,0.0,0.0,0.0,0.0,0.0,1
2023-05-11 10:39:48,jm2311,jm2311,1393.5,0.0,0.0,0.0,1,1309.0,1425.5,1,1393.5,0.0,0.0,0.0,0.0,0.0,1
2023-05-11 10:39:48,jm2311,jm2311,1393.5,0.0,0.0,0.0,1,1309.0,1423.0,1,1393.5,0.0,0.0,0.0,0.0,0.0,1
2023-05-11 10:39:50,jm2311,jm2311,1393.5,0.0,0.0,0.0,1,1309.0,1422.5,2,1393.5,0.0,0.0,0.0,0.0,0.0,1
2023-05-11 10:39:50,jm2311,jm2311,1393.5,0.0,0.0,0.0,1,1309.0,1420.0,1,1393.5,0.0,0.0,0.0,0.0,0.0,1
2023-05-11 10:39:52,jm2311,jm2311,1393.5,0.0,0.0,0.0,1,1309.0,1419.5,2,1393.5,0.0,0.0,0.0,0.0,0.0,1
2023-05-11 10:39:52,jm2311,jm2311,1393.5,0.0,0.0,0.0,1,1309.0,1417.0,1,1393.5,0.0,0.0,0.0,0.0,0.0,1
2023-05-11 10:39:53,jm2311,jm2311,1393.5,0.0,0.0,0.0,1,1309.0,1416.5,2,1393.5,0.0,0.0,0.0,0.0,0.0,1
2023-05-11 10:39:54,jm2311,jm2311,1393.5,0.0,0.0,0.0,1,1309.0,1414.0,1,1393.5,0.0,0.0,0.0,0.0,0.0,1
2023-05-11 10:39:54,jm2311,jm2311,1393.5,0.0,0.0,0.0,1,1309.0,1413.5,2,1393.5,0.0,0.0,0.0,0.0,0.0,1
2023-05-11 10:39:55,jm2311,jm2311,1393.5,0.0,0.0,0.0,1,1309.0,1411.0,1,1393.5,0.0,0.0,0.0,0.0,0.0,1
2023-05-11 10:39:55,jm2311,jm2311,1393.5,0.0,0.0,0.0,1,1309.0,1410.5,2,1393.5,0.0,0.0,0.0,0.0,0.0,1
2023-05-11 10:39:56,jm2311,jm2311,1393.5,0.0,0.0,0.0,1,1309.0,1408.0,1,1393.5,0.0,0.0,0.0,0.0,0.0,1
2023-05-11 10:39:57,jm2311,jm2311,1393.5,0.0,0.0,0.0,1,1309.0,1407.5,2,1393.5,0.0,0.0,0.0,0.0,0.0,1
2023-05-11 10:39:57,jm2311,jm2311,1393.5,0.0,0.0,0.0,1,1309.0,1405.0,1,1393.5,0.0,0.0,0.0,0.0,0.0,1
2023-05-11 10:39:58,jm2311,jm2311,1393.5,0.0,0.0,0.0,1,1309.0,1404.5,4,1393.5,0.0,0.0,0.0,0.0,0.0,1
2023-05-11 10:39:59,jm2311,jm2311,1393.5,0.0,0.0,0.0,1,1309.0,1402.0,1,1393.5,0.0,0.0,0.0,0.0,0.0,1
2023-05-11 10:40:00,jm2311,jm2311,1393.5,0.0,0.0,0.0,1,1309.0,1401.5,4,1393.5,0.0,0.0,0.0,0.0,0.0,1
2023-05-11 10:40:01,jm2311,jm2311,1393.5,0.0,0.0,0.0,1,1309.0,1399.0,1,1393.5,0.0,0.0,0.0,0.0,0.0,1
2023-05-11 10:40:03,jm2311,jm2311,1393.5,0.0,0.0,0.0,1,1309.0,1398.5,2,1393.5,0.0,0.0,0.0,0.0,0.0,1
2023-05-11 10:40:03,jm2311,jm2311,1393.5,0.0,0.0,0.0,1,1309.0,1396.0,1,1393.5,0.0,0.0,0.0,0.0,0.0,1
2023-05-11 10:40:05,jm2311,jm2311,1393.5,0.0,0.0,0.0,1,1309.0,1395.5,2,1393.5,0.0,0.0,0.0,0.0,0.0,1
2023-05-11 10:40:05,jm2311,jm2311,1393.5,0.0,0.0,0.0,1,1309.0,1393.0,1,1393.5,0.0,0.0,0.0,0.0,0.0,1
2023-05-11 10:40:08,jm2311,jm2311,1393.5,0.0,0.0,0.0,1,1309.0,1392.5,2,1393.5,0.0,0.0,0.0,0.0,0.0,1
2023-05-11 10:40:09,jm2311,jm2311,1393.5,0.0,0.0,0.0,1,1309.0,1390.0,1,1393.5,0.0,0.0,0.0,0.0,0.0,1
2023-05-11 10:40:10,jm2311,jm2311,1393.5,0.0,0.0,0.0,1,1309.0,1389.5,2,1393.5,0.0,0.0,0.0,0.0,0.0,1
2023-05-11 10:40:10,jm2311,jm2311,1393.5,0.0,0.0,0.0,1,1309.0,1387.0,1,1393.5,0.0,0.0,0.0,0.0,0.0,1
2023-05-11 10:40:12,jm2311,jm2311,1393.5,0.0,0.0,0.0,1,1309.0,1386.5,2,1393.5,0.0,0.0,0.0,0.0,0.0,1
2023-05-11 10:40:13,jm2311,jm2311,1393.5,0.0,0.0,0.0,1,1309.0,1384.0,1,1393.5,0.0,0.0,0.0,0.0,0.0,1
2023-05-11 10:40:16,jm2311,jm2311,1393.5,0.0,0.0,0.0,1,1309.0,1384.0,3,1393.5,0.0,0.0,0.0,0.0,0.0,1
2023-05-11 10:40:18,jm2311,jm2311,1393.5,0.0,0.0,0.0,1,1309.0,1384.0,1,1393.5,0.0,0.0,0.0,0.0,0.0,1
2023-05-11 10:40:22,jm2311,jm2311,1393.5,0.0,0.0,0.0,1,1309.0,1384.0,3,1393.5,0.0,0.0,0.0,0.0,0.0,1
2023-05-11 10:40:24,jm2311,jm2311,1393.5,0.0,0.0,0.0,1,1309.0,1384.0,1,1393.5,0.0,0.0,0.0,0.0,0.0,1
2023-05-11 10:40:24,jm2311,jm2311,1393.5,0.0,0.0,0.0,1,1309.0,1383.5,2,1393.5,0.0,0.0,0.0,0.0,0.0,1
2023-05-11 10:40:25,jm2311,jm2311,1393.5,0.0,0.0,0.0,1,1309.0,1381.0,1,1393.5,0.0,0.0,0.0,0.0,0.0,1
2023-05-11 10:40:30,jm2311,jm2311,1393.5,0.0,0.0,0.0,1,1309.5,1381.0,1,1393.5,0.0,0.0,0.0,0.0,0.0,1
2023-05-11 10:40:31,jm2311,jm2311,1393.5,0.0,0.0,0.0,1,1312.0,1381.0,1,1393.5,0.0,0.0,0.0,0.0,0.0,1
2023-05-11 10:41:15,jm2311,jm2311,1393.5,0.0,0.0,0.0,1,1312.5,1381.0,1,1393.5,0.0,0.0,0.0,0.0,0.0,1
2023-05-11 10:41:33,jm2311,jm2311,1393.5,0.0,0.0,0.0,1,1312.5,1381.0,3,1393.5,0.0,0.0,0.0,0.0,0.0,1
2023-05-11 10:41:36,jm2311,jm2311,1393.5,0.0,0.0,0.0,1,1312.5,1381.0,1,1393.5,0.0,0.0,0.0,0.0,0.0,1
2023-05-11 10:41:37,jm2311,jm2311,1393.5,0.0,0.0,0.0,1,1312.5,1381.0,3,1393.5,0.0,0.0,0.0,0.0,0.0,1
2023-05-11 10:41:43,jm2311,jm2311,1393.5,0.0,0.0,0.0,1,1312.5,1381.0,1,1393.5,0.0,0.0,0.0,0.0,0.0,1
2023-05-11 10:42:18,jm2311,jm2311,1393.5,0.0,0.0,0.0,1,1312.5,1381.0,3,1393.5,0.0,0.0,0.0,0.0,0.0,1
2023-05-11 10:42:21,jm2311,jm2311,1393.5,0.0,0.0,0.0,1,1312.5,1381.0,1,1393.5,0.0,0.0,0.0,0.0,0.0,1
2023-05-11 10:42:22,jm2311,jm2311,1393.5,0.0,0.0,0.0,1,1312.5,1380.5,2,1393.5,0.0,0.0,0.0,0.0,0.0,1
2023-05-11 10:42:22,jm2311,jm2311,1393.5,0.0,0.0,0.0,1,1312.5,1378.0,1,1393.5,0.0,0.0,0.0,0.0,0.0,1
2023-05-11 10:45:46,jm2311,jm2311,1393.5,0.0,0.0,0.0,1,1315.0,1378.0,1,1393.5,0.0,0.0,0.0,0.0,0.0,1
2023-05-11 10:46:27,jm2311,jm2311,1393.5,0.0,0.0,0.0,1,1315.5,1378.0,1,1393.5,0.0,0.0,0.0,0.0,0.0,1
2023-05-11 10:51:26,jm2311,jm2311,1393.5,0.0,0.0,0.0,1,1298.0,1378.0,1,1393.5,0.0,0.0,0.0,0.0,0.0,1
2023-05-11 10:51:27,jm2311,jm2311,1393.5,0.0,0.0,0.0,1,1300.5,1378.0,1,1393.5,0.0,0.0,0.0,0.0,0.0,1
2023-05-11 10:51:34,jm2311,jm2311,1393.5,0.0,0.0,0.0,1,1301.0,1378.0,1,1393.5,0.0,0.0,0.0,0.0,0.0,1
2023-05-11 10:51:35,jm2311,jm2311,1393.5,0.0,0.0,0.0,1,1303.5,1378.0,1,1393.5,0.0,0.0,0.0,0.0,0.0,1
2023-05-11 10:52:12,jm2311,jm2311,1393.5,0.0,0.0,0.0,1,1303.5,1395.5,2,1393.5,0.0,0.0,0.0,0.0,0.0,1
2023-05-11 10:52:13,jm2311,jm2311,1393.5,0.0,0.0,0.0,1,1303.5,1393.0,1,1393.5,0.0,0.0,0.0,0.0,0.0,1
2023-05-11 10:52:14,jm2311,jm2311,1393.5,0.0,0.0,0.0,1,1303.5,1392.5,2,1393.5,0.0,0.0,0.0,0.0,0.0,1
2023-05-11 10:52:14,jm2311,jm2311,1393.5,0.0,0.0,0.0,1,1303.5,1390.0,1,1393.5,0.0,0.0,0.0,0.0,0.0,1
2023-05-11 10:52:15,jm2311,jm2311,1393.5,0.0,0.0,0.0,1,1303.5,1389.5,2,1393.5,0.0,0.0,0.0,0.0,0.0,1
2023-05-11 10:52:15,jm2311,jm2311,1393.5,0.0,0.0,0.0,1,1303.5,1387.0,1,1393.5,0.0,0.0,0.0,0.0,0.0,1
2023-05-11 10:52:17,jm2311,jm2311,1393.5,0.0,0.0,0.0,1,1303.5,1386.5,2,1393.5,0.0,0.0,0.0,0.0,0.0,1
2023-05-11 10:52:17,jm2311,jm2311,1393.5,0.0,0.0,0.0,1,1304.0,1384.0,1,1393.5,0.0,0.0,0.0,0.0,0.0,1
2023-05-11 10:52:18,jm2311,jm2311,1393.5,0.0,0.0,0.0,1,1306.5,1384.0,1,1393.5,0.0,0.0,0.0,0.0,0.0,1
2023-05-11 10:52:18,jm2311,jm2311,1393.5,0.0,0.0,0.0,1,1306.5,1383.5,2,1393.5,0.0,0.0,0.0,0.0,0.0,1
2023-05-11 10:52:19,jm2311,jm2311,1393.5,0.0,0.0,0.0,1,1306.5,1381.0,1,1393.5,0.0,0.0,0.0,0.0,0.0,1
2023-05-11 10:53:01,jm2311,jm2311,1393.5,0.0,0.0,0.0,1,1307.0,1381.0,1,1393.5,0.0,0.0,0.0,0.0,0.0,1
2023-05-11 10:53:01,jm2311,jm2311,1393.5,0.0,0.0,0.0,1,1309.5,1381.0,1,1393.5,0.0,0.0,0.0,0.0,0.0,1
2023-05-11 10:53:45,jm2311,jm2311,1393.5,0.0,0.0,0.0,1,1310.0,1381.0,1,1393.5,0.0,0.0,0.0,0.0,0.0,1
2023-05-11 10:53:45,jm2311,jm2311,1393.5,0.0,0.0,0.0,1,1312.5,1381.0,1,1393.5,0.0,0.0,0.0,0.0,0.0,1
2023-05-11 10:54:28,jm2311,jm2311,1393.5,0.0,0.0,0.0,1,1313.0,1381.0,1,1393.5,0.0,0.0,0.0,0.0,0.0,1
2023-05-11 10:54:29,jm2311,jm2311,1393.5,0.0,0.0,0.0,1,1315.5,1381.0,1,1393.5,0.0,0.0,0.0,0.0,0.0,1
2023-05-11 10:55:13,jm2311,jm2311,1393.5,0.0,0.0,0.0,1,1316.0,1381.0,1,1393.5,0.0,0.0,0.0,0.0,0.0,1
2023-05-11 10:56:46,jm2311,jm2311,1393.5,0.0,0.0,0.0,1,1318.5,1381.0,1,1393.5,0.0,0.0,0.0,0.0,0.0,1
2023-05-11 10:56:49,jm2311,jm2311,1393.5,0.0,0.0,0.0,1,1316.0,1381.0,1,1393.5,0.0,0.0,0.0,0.0,0.0,1
2023-05-11 10:59:47,jm2311,jm2311,1393.5,0.0,0.0,0.0,1,1318.5,1381.0,1,1393.5,0.0,0.0,0.0,0.0,0.0,1
2023-05-11 11:00:15,jm2311,jm2311,1393.5,0.0,0.0,0.0,1,1319.0,1381.0,1,1393.5,0.0,0.0,0.0,0.0,0.0,1
2023-05-11 11:02:02,jm2311,jm2311,1393.5,0.0,0.0,0.0,1,1321.5,1381.0,1,1393.5,0.0,0.0,0.0,0.0,0.0,1
2023-05-11 11:02:09,jm2311,jm2311,1393.5,0.0,0.0,0.0,1,1321.5,1427.5,1,1393.5,0.0,0.0,0.0,0.0,0.0,1
2023-05-11 11:02:09,jm2311,jm2311,1393.5,0.0,0.0,0.0,1,1321.5,1425.0,1,1393.5,0.0,0.0,0.0,0.0,0.0,1
2023-05-11 11:02:11,jm2311,jm2311,1393.5,0.0,0.0,0.0,1,1321.5,1424.5,1,1393.5,0.0,0.0,0.0,0.0,0.0,1
2023-05-11 11:02:11,jm2311,jm2311,1393.5,0.0,0.0,0.0,1,1321.5,1422.0,1,1393.5,0.0,0.0,0.0,0.0,0.0,1
