time,symbol_id,symbol_name,last,trade_volume,trade_amount,open_interest_change,bv1,bp1,ap1,av1,yesterday_close,today_open,today_high,today_low,volume,amount,open_interest
2023-05-10 20:58:49,jm2307,jm2307,1320.5,0.0,0.0,0.0,1,1290.5,1332.5,1,1320.5,1332.0,0.0,0.0,0.0,0.0,54
2023-05-10 21:00:00,jm2307,jm2307,1320.5,0.0,0.0,0.0,1,1253.0,1345.0,1,1320.5,1332.0,0.0,0.0,0.0,0.0,54
2023-05-10 21:00:00,jm2307,jm2307,1320.5,0.0,0.0,0.0,1,1253.0,1360.5,1,1320.5,1332.0,0.0,0.0,0.0,0.0,54
2023-05-10 21:00:03,jm2307,jm2307,1320.5,0.0,0.0,0.0,1,1253.0,1360.0,1,1320.5,1332.0,0.0,0.0,0.0,0.0,54
2023-05-10 21:00:05,jm2307,jm2307,1320.5,0.0,0.0,0.0,1,1253.5,1359.5,1,1320.5,1332.0,0.0,0.0,0.0,0.0,54
2023-05-10 21:00:06,jm2307,jm2307,1320.5,0.0,0.0,0.0,3,1254.0,1359.0,1,1320.5,1332.0,0.0,0.0,0.0,0.0,54
2023-05-10 21:00:07,jm2307,jm2307,1320.5,0.0,0.0,0.0,1,1254.5,1358.5,1,1320.5,1332.0,0.0,0.0,0.0,0.0,54
2023-05-10 21:00:07,jm2307,jm2307,1320.5,0.0,0.0,0.0,1,1254.5,1358.0,1,1320.5,1332.0,0.0,0.0,0.0,0.0,54
2023-05-10 21:00:08,jm2307,jm2307,1320.5,0.0,0.0,0.0,1,1254.5,1357.5,1,1320.5,1332.0,0.0,0.0,0.0,0.0,54
2023-05-10 21:00:08,jm2307,jm2307,1320.5,0.0,0.0,0.0,3,1255.0,1357.0,1,1320.5,1332.0,0.0,0.0,0.0,0.0,54
2023-05-10 21:00:09,jm2307,jm2307,1320.5,0.0,0.0,0.0,3,1255.5,1356.5,1,1320.5,1332.0,0.0,0.0,0.0,0.0,54
2023-05-10 21:00:09,jm2307,jm2307,1320.5,0.0,0.0,0.0,3,1255.5,1356.0,1,1320.5,1332.0,0.0,0.0,0.0,0.0,54
2023-05-10 21:00:10,jm2307,jm2307,1320.5,0.0,0.0,0.0,1,1259.5,1355.5,1,1320.5,1332.0,0.0,0.0,0.0,0.0,54
2023-05-10 21:00:10,jm2307,jm2307,1320.5,0.0,0.0,0.0,3,1260.0,1355.0,1,1320.5,1332.0,0.0,0.0,0.0,0.0,54
2023-05-10 21:00:11,jm2307,jm2307,1320.5,0.0,0.0,0.0,3,1260.0,1354.5,1,1320.5,1332.0,0.0,0.0,0.0,0.0,54
2023-05-10 21:00:11,jm2307,jm2307,1320.5,0.0,0.0,0.0,3,1260.0,1354.0,1,1320.5,1332.0,0.0,0.0,0.0,0.0,54
2023-05-10 21:00:12,jm2307,jm2307,1320.5,0.0,0.0,0.0,3,1260.0,1353.5,1,1320.5,1332.0,0.0,0.0,0.0,0.0,54
2023-05-10 21:00:12,jm2307,jm2307,1320.5,0.0,0.0,0.0,3,1260.0,1353.0,1,1320.5,1332.0,0.0,0.0,0.0,0.0,54
2023-05-10 21:00:13,jm2307,jm2307,1320.5,0.0,0.0,0.0,3,1260.0,1352.5,1,1320.5,1332.0,0.0,0.0,0.0,0.0,54
2023-05-10 21:00:13,jm2307,jm2307,1320.5,0.0,0.0,0.0,3,1260.0,1352.0,1,1320.5,1332.0,0.0,0.0,0.0,0.0,54
2023-05-10 21:00:14,jm2307,jm2307,1320.5,0.0,0.0,0.0,3,1260.0,1351.5,1,1320.5,1332.0,0.0,0.0,0.0,0.0,54
2023-05-10 21:00:14,jm2307,jm2307,1320.5,0.0,0.0,0.0,3,1260.0,1351.0,1,1320.5,1332.0,0.0,0.0,0.0,0.0,54
2023-05-10 21:00:15,jm2307,jm2307,1320.5,0.0,0.0,0.0,3,1260.0,1350.5,1,1320.5,1332.0,0.0,0.0,0.0,0.0,54
2023-05-10 21:00:15,jm2307,jm2307,1320.5,0.0,0.0,0.0,3,1260.0,1350.0,1,1320.5,1332.0,0.0,0.0,0.0,0.0,54
2023-05-10 21:00:16,jm2307,jm2307,1320.5,0.0,0.0,0.0,3,1260.0,1349.5,1,1320.5,1332.0,0.0,0.0,0.0,0.0,54
2023-05-10 21:00:16,jm2307,jm2307,1320.5,0.0,0.0,0.0,3,1260.0,1349.0,1,1320.5,1332.0,0.0,0.0,0.0,0.0,54
2023-05-10 21:00:17,jm2307,jm2307,1320.5,0.0,0.0,0.0,3,1260.0,1348.5,1,1320.5,1332.0,0.0,0.0,0.0,0.0,54
2023-05-10 21:00:17,jm2307,jm2307,1320.5,0.0,0.0,0.0,3,1260.0,1348.0,1,1320.5,1332.0,0.0,0.0,0.0,0.0,54
2023-05-10 21:00:18,jm2307,jm2307,1320.5,0.0,0.0,0.0,3,1260.0,1347.5,1,1320.5,1332.0,0.0,0.0,0.0,0.0,54
2023-05-10 21:00:21,jm2307,jm2307,1320.5,0.0,0.0,0.0,3,1260.0,1347.5,2,1320.5,1332.0,0.0,0.0,0.0,0.0,54
2023-05-10 21:00:21,jm2307,jm2307,1320.5,0.0,0.0,0.0,3,1260.0,1347.5,1,1320.5,1332.0,0.0,0.0,0.0,0.0,54
2023-05-10 21:00:25,jm2307,jm2307,1320.5,0.0,0.0,0.0,3,1260.0,1347.5,2,1320.5,1332.0,0.0,0.0,0.0,0.0,54
2023-05-10 21:00:25,jm2307,jm2307,1320.5,0.0,0.0,0.0,3,1260.0,1347.0,1,1320.5,1332.0,0.0,0.0,0.0,0.0,54
2023-05-10 21:00:26,jm2307,jm2307,1320.5,0.0,0.0,0.0,3,1260.0,1346.5,1,1320.5,1332.0,0.0,0.0,0.0,0.0,54
2023-05-10 21:00:28,jm2307,jm2307,1320.5,0.0,0.0,0.0,3,1260.0,1346.5,2,1320.5,1332.0,0.0,0.0,0.0,0.0,54
2023-05-10 21:00:28,jm2307,jm2307,1320.5,0.0,0.0,0.0,3,1260.0,1346.5,1,1320.5,1332.0,0.0,0.0,0.0,0.0,54
2023-05-10 21:00:33,jm2307,jm2307,1320.5,0.0,0.0,0.0,4,1260.0,1346.5,1,1320.5,1332.0,0.0,0.0,0.0,0.0,54
2023-05-10 21:00:40,jm2307,jm2307,1320.5,0.0,0.0,0.0,4,1260.0,1346.5,2,1320.5,1332.0,0.0,0.0,0.0,0.0,54
2023-05-10 21:00:41,jm2307,jm2307,1320.5,0.0,0.0,0.0,4,1260.0,1346.5,1,1320.5,1332.0,0.0,0.0,0.0,0.0,54
2023-05-10 21:00:41,jm2307,jm2307,1320.5,0.0,0.0,0.0,4,1260.0,1346.5,2,1320.5,1332.0,0.0,0.0,0.0,0.0,54
2023-05-10 21:00:42,jm2307,jm2307,1320.5,0.0,0.0,0.0,4,1260.0,1346.5,1,1320.5,1332.0,0.0,0.0,0.0,0.0,54
2023-05-10 21:00:46,jm2307,jm2307,1320.5,0.0,0.0,0.0,4,1260.0,1346.5,2,1320.5,1332.0,0.0,0.0,0.0,0.0,54
2023-05-10 21:00:51,jm2307,jm2307,1320.5,0.0,0.0,0.0,4,1260.0,1346.5,1,1320.5,1332.0,0.0,0.0,0.0,0.0,54
2023-05-10 21:00:56,jm2307,jm2307,1320.5,0.0,0.0,0.0,1,1262.5,1346.5,1,1320.5,1332.0,0.0,0.0,0.0,0.0,54
2023-05-10 21:00:57,jm2307,jm2307,1320.5,0.0,0.0,0.0,3,1263.0,1346.5,1,1320.5,1332.0,0.0,0.0,0.0,0.0,54
2023-05-10 21:01:02,jm2307,jm2307,1320.5,0.0,0.0,0.0,3,1263.0,1346.0,1,1320.5,1332.0,0.0,0.0,0.0,0.0,54
2023-05-10 21:01:03,jm2307,jm2307,1320.5,0.0,0.0,0.0,3,1263.0,1345.5,1,1320.5,1332.0,0.0,0.0,0.0,0.0,54
2023-05-10 21:01:09,jm2307,jm2307,1320.5,0.0,0.0,0.0,3,1263.0,1345.5,2,1320.5,1332.0,0.0,0.0,0.0,0.0,54
2023-05-10 21:01:10,jm2307,jm2307,1320.5,0.0,0.0,0.0,3,1263.0,1345.5,1,1320.5,1332.0,0.0,0.0,0.0,0.0,54
2023-05-10 21:01:17,jm2307,jm2307,1332.0,1.0,79920.0,0.0,3,1263.0,1345.5,1,1320.5,1332.0,1332.0,1332.0,1.0,79920.0,54
2023-05-10 21:01:18,jm2307,jm2307,1332.0,0.0,0.0,0.0,5,1263.0,1346.0,1,1320.5,1332.0,1332.0,1332.0,1.0,79920.0,54
2023-05-10 21:01:22,jm2307,jm2307,1332.0,0.0,0.0,0.0,1,1263.5,1346.0,1,1320.5,1332.0,1332.0,1332.0,1.0,79920.0,54
2023-05-10 21:01:23,jm2307,jm2307,1332.0,0.0,0.0,0.0,3,1264.0,1346.0,1,1320.5,1332.0,1332.0,1332.0,1.0,79920.0,54
2023-05-10 21:01:24,jm2307,jm2307,1332.0,0.0,0.0,0.0,5,1264.0,1346.0,1,1320.5,1332.0,1332.0,1332.0,1.0,79920.0,54
2023-05-10 21:01:33,jm2307,jm2307,1332.0,0.0,0.0,0.0,1,1265.5,1346.0,1,1320.5,1332.0,1332.0,1332.0,1.0,79920.0,54
2023-05-10 21:01:33,jm2307,jm2307,1332.0,0.0,0.0,0.0,3,1266.0,1346.0,1,1320.5,1332.0,1332.0,1332.0,1.0,79920.0,54
2023-05-10 21:01:34,jm2307,jm2307,1332.0,0.0,0.0,0.0,5,1266.0,1346.0,1,1320.5,1332.0,1332.0,1332.0,1.0,79920.0,54
2023-05-10 21:01:45,jm2307,jm2307,1332.0,0.0,0.0,0.0,1,1270.5,1346.0,1,1320.5,1332.0,1332.0,1332.0,1.0,79920.0,54
2023-05-10 21:01:46,jm2307,jm2307,1332.0,0.0,0.0,0.0,3,1271.0,1346.0,1,1320.5,1332.0,1332.0,1332.0,1.0,79920.0,54
2023-05-10 21:01:47,jm2307,jm2307,1332.0,0.0,0.0,0.0,5,1271.0,1346.0,1,1320.5,1332.0,1332.0,1332.0,1.0,79920.0,54
2023-05-10 21:02:04,jm2307,jm2307,1332.0,0.0,0.0,0.0,1,1271.5,1346.0,1,1320.5,1332.0,1332.0,1332.0,1.0,79920.0,54
2023-05-10 21:02:05,jm2307,jm2307,1332.0,0.0,0.0,0.0,3,1272.0,1346.0,1,1320.5,1332.0,1332.0,1332.0,1.0,79920.0,54
2023-05-10 21:02:06,jm2307,jm2307,1332.0,0.0,0.0,0.0,5,1272.0,1346.0,1,1320.5,1332.0,1332.0,1332.0,1.0,79920.0,54
2023-05-10 21:02:11,jm2307,jm2307,1332.0,0.0,0.0,0.0,1,1273.5,1346.0,1,1320.5,1332.0,1332.0,1332.0,1.0,79920.0,54
2023-05-10 21:02:11,jm2307,jm2307,1332.0,0.0,0.0,0.0,3,1274.0,1346.0,1,1320.5,1332.0,1332.0,1332.0,1.0,79920.0,54
2023-05-10 21:02:12,jm2307,jm2307,1332.0,0.0,0.0,0.0,5,1274.0,1346.0,1,1320.5,1332.0,1332.0,1332.0,1.0,79920.0,54
2023-05-10 21:02:15,jm2307,jm2307,1332.0,0.0,0.0,0.0,1,1275.5,1346.0,1,1320.5,1332.0,1332.0,1332.0,1.0,79920.0,54
2023-05-10 21:02:16,jm2307,jm2307,1332.0,0.0,0.0,0.0,3,1276.0,1346.0,1,1320.5,1332.0,1332.0,1332.0,1.0,79920.0,54
2023-05-10 21:02:17,jm2307,jm2307,1332.0,0.0,0.0,0.0,5,1276.0,1346.0,1,1320.5,1332.0,1332.0,1332.0,1.0,79920.0,54
2023-05-10 21:02:20,jm2307,jm2307,1332.0,0.0,0.0,0.0,6,1276.0,1346.0,1,1320.5,1332.0,1332.0,1332.0,1.0,79920.0,54
2023-05-10 21:02:20,jm2307,jm2307,1332.0,0.0,0.0,0.0,5,1276.0,1346.0,1,1320.5,1332.0,1332.0,1332.0,1.0,79920.0,54
2023-05-10 21:02:21,jm2307,jm2307,1332.0,0.0,0.0,0.0,6,1276.0,1346.0,1,1320.5,1332.0,1332.0,1332.0,1.0,79920.0,54
2023-05-10 21:02:25,jm2307,jm2307,1332.0,0.0,0.0,0.0,5,1276.0,1346.0,1,1320.5,1332.0,1332.0,1332.0,1.0,79920.0,54
2023-05-10 21:02:29,jm2307,jm2307,1332.0,0.0,0.0,0.0,6,1276.0,1346.0,1,1320.5,1332.0,1332.0,1332.0,1.0,79920.0,54
2023-05-10 21:02:31,jm2307,jm2307,1332.0,0.0,0.0,0.0,5,1276.0,1346.0,1,1320.5,1332.0,1332.0,1332.0,1.0,79920.0,54
2023-05-10 21:02:33,jm2307,jm2307,1332.0,0.0,0.0,0.0,5,1276.0,1346.0,2,1320.5,1332.0,1332.0,1332.0,1.0,79920.0,54
2023-05-10 21:02:35,jm2307,jm2307,1332.0,0.0,0.0,0.0,5,1276.0,1346.0,1,1320.5,1332.0,1332.0,1332.0,1.0,79920.0,54
2023-05-10 21:02:47,jm2307,jm2307,1332.0,0.0,0.0,0.0,5,1276.0,1346.0,2,1320.5,1332.0,1332.0,1332.0,1.0,79920.0,54
2023-05-10 21:02:47,jm2307,jm2307,1332.0,0.0,0.0,0.0,5,1276.0,1346.0,1,1320.5,1332.0,1332.0,1332.0,1.0,79920.0,54
2023-05-10 21:02:49,jm2307,jm2307,1332.0,0.0,0.0,0.0,1,1276.5,1346.0,1,1320.5,1332.0,1332.0,1332.0,1.0,79920.0,54
2023-05-10 21:02:50,jm2307,jm2307,1332.0,0.0,0.0,0.0,3,1277.0,1346.0,1,1320.5,1332.0,1332.0,1332.0,1.0,79920.0,54
2023-05-10 21:02:51,jm2307,jm2307,1332.0,0.0,0.0,0.0,3,1277.0,1346.0,2,1320.5,1332.0,1332.0,1332.0,1.0,79920.0,54
2023-05-10 21:02:51,jm2307,jm2307,1332.0,0.0,0.0,0.0,5,1277.0,1346.0,2,1320.5,1332.0,1332.0,1332.0,1.0,79920.0,54
2023-05-10 21:02:52,jm2307,jm2307,1332.0,0.0,0.0,0.0,5,1277.0,1346.0,1,1320.5,1332.0,1332.0,1332.0,1.0,79920.0,54
2023-05-10 21:02:53,jm2307,jm2307,1332.0,0.0,0.0,0.0,5,1277.0,1346.0,2,1320.5,1332.0,1332.0,1332.0,1.0,79920.0,54
2023-05-10 21:02:53,jm2307,jm2307,1332.0,0.0,0.0,0.0,5,1277.0,1346.0,1,1320.5,1332.0,1332.0,1332.0,1.0,79920.0,54
2023-05-10 21:03:03,jm2307,jm2307,1332.0,0.0,0.0,0.0,6,1277.0,1346.0,1,1320.5,1332.0,1332.0,1332.0,1.0,79920.0,54
2023-05-10 21:03:04,jm2307,jm2307,1332.0,0.0,0.0,0.0,5,1277.0,1346.0,1,1320.5,1332.0,1332.0,1332.0,1.0,79920.0,54
2023-05-10 21:03:06,jm2307,jm2307,1332.0,0.0,0.0,0.0,5,1277.0,1346.0,2,1320.5,1332.0,1332.0,1332.0,1.0,79920.0,54
2023-05-10 21:03:07,jm2307,jm2307,1332.0,0.0,0.0,0.0,6,1277.0,1346.0,1,1320.5,1332.0,1332.0,1332.0,1.0,79920.0,54
2023-05-10 21:03:07,jm2307,jm2307,1332.0,0.0,0.0,0.0,5,1277.0,1346.0,2,1320.5,1332.0,1332.0,1332.0,1.0,79920.0,54
2023-05-10 21:03:09,jm2307,jm2307,1332.0,0.0,0.0,0.0,5,1277.0,1346.0,1,1320.5,1332.0,1332.0,1332.0,1.0,79920.0,54
2023-05-10 21:03:14,jm2307,jm2307,1332.0,0.0,0.0,0.0,5,1277.0,1346.0,2,1320.5,1332.0,1332.0,1332.0,1.0,79920.0,54
2023-05-10 21:03:16,jm2307,jm2307,1332.0,0.0,0.0,0.0,5,1277.0,1346.0,1,1320.5,1332.0,1332.0,1332.0,1.0,79920.0,54
2023-05-10 21:03:17,jm2307,jm2307,1332.0,0.0,0.0,0.0,6,1277.0,1346.0,1,1320.5,1332.0,1332.0,1332.0,1.0,79920.0,54
2023-05-10 21:03:19,jm2307,jm2307,1332.0,0.0,0.0,0.0,5,1277.0,1346.0,1,1320.5,1332.0,1332.0,1332.0,1.0,79920.0,54
2023-05-10 21:03:20,jm2307,jm2307,1332.0,0.0,0.0,0.0,6,1277.0,1346.0,1,1320.5,1332.0,1332.0,1332.0,1.0,79920.0,54
2023-05-10 21:03:21,jm2307,jm2307,1332.0,0.0,0.0,0.0,6,1277.0,1346.0,2,1320.5,1332.0,1332.0,1332.0,1.0,79920.0,54
2023-05-10 21:03:22,jm2307,jm2307,1332.0,0.0,0.0,0.0,5,1277.0,1346.0,2,1320.5,1332.0,1332.0,1332.0,1.0,79920.0,54
2023-05-10 21:03:23,jm2307,jm2307,1332.0,0.0,0.0,0.0,6,1277.0,1346.0,2,1320.5,1332.0,1332.0,1332.0,1.0,79920.0,54
2023-05-10 21:03:24,jm2307,jm2307,1332.0,0.0,0.0,0.0,6,1277.0,1346.0,1,1320.5,1332.0,1332.0,1332.0,1.0,79920.0,54
2023-05-10 21:03:25,jm2307,jm2307,1332.0,0.0,0.0,0.0,6,1277.0,1346.0,2,1320.5,1332.0,1332.0,1332.0,1.0,79920.0,54
2023-05-10 21:03:27,jm2307,jm2307,1332.0,0.0,0.0,0.0,6,1277.0,1346.0,1,1320.5,1332.0,1332.0,1332.0,1.0,79920.0,54
2023-05-10 21:03:27,jm2307,jm2307,1332.0,0.0,0.0,0.0,6,1277.0,1346.0,2,1320.5,1332.0,1332.0,1332.0,1.0,79920.0,54
2023-05-10 21:03:28,jm2307,jm2307,1332.0,0.0,0.0,0.0,6,1277.0,1346.0,1,1320.5,1332.0,1332.0,1332.0,1.0,79920.0,54
2023-05-10 21:03:31,jm2307,jm2307,1332.0,0.0,0.0,0.0,6,1277.0,1346.0,2,1320.5,1332.0,1332.0,1332.0,1.0,79920.0,54
2023-05-10 21:03:36,jm2307,jm2307,1332.0,0.0,0.0,0.0,6,1277.0,1346.0,1,1320.5,1332.0,1332.0,1332.0,1.0,79920.0,54
2023-05-10 21:03:36,jm2307,jm2307,1332.0,0.0,0.0,0.0,5,1277.0,1346.0,2,1320.5,1332.0,1332.0,1332.0,1.0,79920.0,54
2023-05-10 21:03:36,jm2307,jm2307,1332.0,0.0,0.0,0.0,5,1277.0,1346.0,1,1320.5,1332.0,1332.0,1332.0,1.0,79920.0,54
2023-05-10 21:03:38,jm2307,jm2307,1332.0,0.0,0.0,0.0,5,1277.0,1345.5,2,1320.5,1332.0,1332.0,1332.0,1.0,79920.0,54
2023-05-10 21:03:44,jm2307,jm2307,1332.0,0.0,0.0,0.0,5,1277.0,1345.5,1,1320.5,1332.0,1332.0,1332.0,1.0,79920.0,54
2023-05-10 21:03:45,jm2307,jm2307,1332.0,0.0,0.0,0.0,5,1277.0,1345.5,2,1320.5,1332.0,1332.0,1332.0,1.0,79920.0,54
2023-05-10 21:03:47,jm2307,jm2307,1332.0,0.0,0.0,0.0,5,1277.0,1345.5,3,1320.5,1332.0,1332.0,1332.0,1.0,79920.0,54
2023-05-10 21:03:47,jm2307,jm2307,1332.0,0.0,0.0,0.0,5,1277.0,1345.5,2,1320.5,1332.0,1332.0,1332.0,1.0,79920.0,54
2023-05-10 21:03:50,jm2307,jm2307,1332.0,0.0,0.0,0.0,5,1277.0,1345.5,1,1320.5,1332.0,1332.0,1332.0,1.0,79920.0,54
2023-05-10 21:03:51,jm2307,jm2307,1332.0,0.0,0.0,0.0,5,1277.0,1345.5,2,1320.5,1332.0,1332.0,1332.0,1.0,79920.0,54
2023-05-10 21:03:52,jm2307,jm2307,1332.0,0.0,0.0,0.0,5,1277.0,1345.5,1,1320.5,1332.0,1332.0,1332.0,1.0,79920.0,54
2023-05-10 21:03:53,jm2307,jm2307,1332.0,0.0,0.0,0.0,5,1277.0,1345.5,2,1320.5,1332.0,1332.0,1332.0,1.0,79920.0,54
2023-05-10 21:03:54,jm2307,jm2307,1332.0,0.0,0.0,0.0,6,1277.0,1345.5,2,1320.5,1332.0,1332.0,1332.0,1.0,79920.0,54
2023-05-10 21:03:55,jm2307,jm2307,1332.0,0.0,0.0,0.0,5,1277.0,1345.5,1,1320.5,1332.0,1332.0,1332.0,1.0,79920.0,54
2023-05-10 21:04:03,jm2307,jm2307,1332.0,0.0,0.0,0.0,5,1277.0,1345.5,2,1320.5,1332.0,1332.0,1332.0,1.0,79920.0,54
2023-05-10 21:04:07,jm2307,jm2307,1332.0,0.0,0.0,0.0,5,1277.0,1345.5,1,1320.5,1332.0,1332.0,1332.0,1.0,79920.0,54
2023-05-10 21:04:08,jm2307,jm2307,1332.0,0.0,0.0,0.0,1,1279.5,1345.5,1,1320.5,1332.0,1332.0,1332.0,1.0,79920.0,54
2023-05-10 21:04:09,jm2307,jm2307,1332.0,0.0,0.0,0.0,3,1280.0,1345.5,1,1320.5,1332.0,1332.0,1332.0,1.0,79920.0,54
2023-05-10 21:04:09,jm2307,jm2307,1332.0,0.0,0.0,0.0,1,1282.5,1345.5,1,1320.5,1332.0,1332.0,1332.0,1.0,79920.0,54
2023-05-10 21:04:10,jm2307,jm2307,1332.0,0.0,0.0,0.0,3,1283.0,1345.5,1,1320.5,1332.0,1332.0,1332.0,1.0,79920.0,54
2023-05-10 21:04:10,jm2307,jm2307,1332.0,0.0,0.0,0.0,1,1285.5,1345.5,1,1320.5,1332.0,1332.0,1332.0,1.0,79920.0,54
2023-05-10 21:04:11,jm2307,jm2307,1332.0,0.0,0.0,0.0,3,1286.0,1345.5,1,1320.5,1332.0,1332.0,1332.0,1.0,79920.0,54
2023-05-10 21:04:11,jm2307,jm2307,1332.0,0.0,0.0,0.0,1,1288.5,1345.5,1,1320.5,1332.0,1332.0,1332.0,1.0,79920.0,54
2023-05-10 21:04:12,jm2307,jm2307,1332.0,0.0,0.0,0.0,2,1289.0,1345.5,1,1320.5,1332.0,1332.0,1332.0,1.0,79920.0,54
2023-05-10 21:04:12,jm2307,jm2307,1332.0,0.0,0.0,0.0,1,1291.5,1345.5,1,1320.5,1332.0,1332.0,1332.0,1.0,79920.0,54
2023-05-10 21:04:13,jm2307,jm2307,1332.0,0.0,0.0,0.0,2,1292.0,1345.5,1,1320.5,1332.0,1332.0,1332.0,1.0,79920.0,54
2023-05-10 21:04:13,jm2307,jm2307,1332.0,0.0,0.0,0.0,1,1294.5,1345.5,1,1320.5,1332.0,1332.0,1332.0,1.0,79920.0,54
2023-05-10 21:04:14,jm2307,jm2307,1332.0,0.0,0.0,0.0,2,1295.0,1345.5,2,1320.5,1332.0,1332.0,1332.0,1.0,79920.0,54
2023-05-10 21:04:14,jm2307,jm2307,1332.0,0.0,0.0,0.0,1,1297.5,1345.5,1,1320.5,1332.0,1332.0,1332.0,1.0,79920.0,54
2023-05-10 21:04:15,jm2307,jm2307,1332.0,0.0,0.0,0.0,2,1298.0,1345.5,1,1320.5,1332.0,1332.0,1332.0,1.0,79920.0,54
2023-05-10 21:04:15,jm2307,jm2307,1332.0,0.0,0.0,0.0,1,1300.5,1345.5,1,1320.5,1332.0,1332.0,1332.0,1.0,79920.0,54
2023-05-10 21:04:16,jm2307,jm2307,1332.0,0.0,0.0,0.0,2,1301.0,1345.5,1,1320.5,1332.0,1332.0,1332.0,1.0,79920.0,54
2023-05-10 21:04:16,jm2307,jm2307,1332.0,0.0,0.0,0.0,1,1303.5,1345.5,1,1320.5,1332.0,1332.0,1332.0,1.0,79920.0,54
2023-05-10 21:04:17,jm2307,jm2307,1332.0,0.0,0.0,0.0,2,1304.0,1345.5,2,1320.5,1332.0,1332.0,1332.0,1.0,79920.0,54
2023-05-10 21:04:17,jm2307,jm2307,1332.0,0.0,0.0,0.0,1,1306.5,1345.5,2,1320.5,1332.0,1332.0,1332.0,1.0,79920.0,54
2023-05-10 21:04:18,jm2307,jm2307,1332.0,0.0,0.0,0.0,2,1307.0,1345.5,1,1320.5,1332.0,1332.0,1332.0,1.0,79920.0,54
2023-05-10 21:04:18,jm2307,jm2307,1332.0,0.0,0.0,0.0,1,1309.5,1345.5,1,1320.5,1332.0,1332.0,1332.0,1.0,79920.0,54
2023-05-10 21:04:19,jm2307,jm2307,1332.0,0.0,0.0,0.0,2,1310.0,1345.5,1,1320.5,1332.0,1332.0,1332.0,1.0,79920.0,54
2023-05-10 21:04:30,jm2307,jm2307,1332.0,0.0,0.0,0.0,2,1310.0,1345.5,2,1320.5,1332.0,1332.0,1332.0,1.0,79920.0,54
2023-05-10 21:04:30,jm2307,jm2307,1332.0,0.0,0.0,0.0,2,1310.0,1345.5,1,1320.5,1332.0,1332.0,1332.0,1.0,79920.0,54
2023-05-10 21:04:38,jm2307,jm2307,1332.0,0.0,0.0,0.0,2,1310.0,1345.5,2,1320.5,1332.0,1332.0,1332.0,1.0,79920.0,54
2023-05-10 21:04:39,jm2307,jm2307,1332.0,0.0,0.0,0.0,2,1310.0,1345.5,1,1320.5,1332.0,1332.0,1332.0,1.0,79920.0,54
2023-05-10 21:04:42,jm2307,jm2307,1332.0,0.0,0.0,0.0,2,1310.0,1345.5,2,1320.5,1332.0,1332.0,1332.0,1.0,79920.0,54
2023-05-10 21:04:43,jm2307,jm2307,1332.0,0.0,0.0,0.0,2,1310.0,1345.0,1,1320.5,1332.0,1332.0,1332.0,1.0,79920.0,54
2023-05-10 21:04:44,jm2307,jm2307,1332.0,0.0,0.0,0.0,2,1310.0,1344.5,1,1320.5,1332.0,1332.0,1332.0,1.0,79920.0,54
2023-05-10 21:05:27,jm2307,jm2307,1332.0,0.0,0.0,0.0,2,1310.0,1344.0,1,1320.5,1332.0,1332.0,1332.0,1.0,79920.0,54
2023-05-10 21:05:27,jm2307,jm2307,1332.0,0.0,0.0,0.0,2,1310.0,1343.5,1,1320.5,1332.0,1332.0,1332.0,1.0,79920.0,54
2023-05-10 21:06:09,jm2307,jm2307,1332.0,0.0,0.0,0.0,2,1310.0,1343.5,2,1320.5,1332.0,1332.0,1332.0,1.0,79920.0,54
2023-05-10 21:06:11,jm2307,jm2307,1332.0,0.0,0.0,0.0,2,1310.0,1343.5,1,1320.5,1332.0,1332.0,1332.0,1.0,79920.0,54
2023-05-10 21:06:13,jm2307,jm2307,1332.0,0.0,0.0,0.0,2,1310.0,1343.0,2,1320.5,1332.0,1332.0,1332.0,1.0,79920.0,54
2023-05-10 21:06:14,jm2307,jm2307,1332.0,0.0,0.0,0.0,2,1310.0,1342.5,2,1320.5,1332.0,1332.0,1332.0,1.0,79920.0,54
2023-05-10 21:06:14,jm2307,jm2307,1332.0,0.0,0.0,0.0,2,1310.0,1342.5,1,1320.5,1332.0,1332.0,1332.0,1.0,79920.0,54
2023-05-10 21:06:20,jm2307,jm2307,1332.0,0.0,0.0,0.0,2,1310.0,1342.5,2,1320.5,1332.0,1332.0,1332.0,1.0,79920.0,54
2023-05-10 21:06:22,jm2307,jm2307,1332.0,0.0,0.0,0.0,2,1310.0,1342.5,1,1320.5,1332.0,1332.0,1332.0,1.0,79920.0,54
2023-05-10 21:06:26,jm2307,jm2307,1332.0,0.0,0.0,0.0,2,1310.0,1342.5,2,1320.5,1332.0,1332.0,1332.0,1.0,79920.0,54
2023-05-10 21:06:27,jm2307,jm2307,1332.0,0.0,0.0,0.0,2,1310.0,1342.5,1,1320.5,1332.0,1332.0,1332.0,1.0,79920.0,54
2023-05-10 21:06:28,jm2307,jm2307,1332.0,0.0,0.0,0.0,2,1310.0,1342.5,2,1320.5,1332.0,1332.0,1332.0,1.0,79920.0,54
2023-05-10 21:06:37,jm2307,jm2307,1332.0,0.0,0.0,0.0,2,1310.0,1342.5,1,1320.5,1332.0,1332.0,1332.0,1.0,79920.0,54
2023-05-10 21:06:40,jm2307,jm2307,1332.0,0.0,0.0,0.0,2,1310.0,1342.5,2,1320.5,1332.0,1332.0,1332.0,1.0,79920.0,54
2023-05-10 21:06:49,jm2307,jm2307,1332.0,0.0,0.0,0.0,2,1310.0,1342.5,1,1320.5,1332.0,1332.0,1332.0,1.0,79920.0,54
2023-05-10 21:07:00,jm2307,jm2307,1332.0,0.0,0.0,0.0,2,1310.0,1342.0,1,1320.5,1332.0,1332.0,1332.0,1.0,79920.0,54
2023-05-10 21:07:01,jm2307,jm2307,1332.0,0.0,0.0,0.0,2,1310.0,1341.5,1,1320.5,1332.0,1332.0,1332.0,1.0,79920.0,54
2023-05-10 21:07:01,jm2307,jm2307,1332.0,0.0,0.0,0.0,2,1310.0,1342.0,1,1320.5,1332.0,1332.0,1332.0,1.0,79920.0,54
2023-05-10 21:07:09,jm2307,jm2307,1332.0,0.0,0.0,0.0,1,1312.5,1342.0,1,1320.5,1332.0,1332.0,1332.0,1.0,79920.0,54
2023-05-10 21:07:09,jm2307,jm2307,1332.0,0.0,0.0,0.0,2,1313.0,1342.0,1,1320.5,1332.0,1332.0,1332.0,1.0,79920.0,54
2023-05-10 21:08:23,jm2307,jm2307,1332.0,0.0,0.0,0.0,2,1313.0,1341.5,1,1320.5,1332.0,1332.0,1332.0,1.0,79920.0,54
2023-05-10 21:08:23,jm2307,jm2307,1332.0,0.0,0.0,0.0,2,1313.0,1342.0,1,1320.5,1332.0,1332.0,1332.0,1.0,79920.0,54
2023-05-10 21:08:34,jm2307,jm2307,1332.0,0.0,0.0,0.0,2,1313.0,1341.5,1,1320.5,1332.0,1332.0,1332.0,1.0,79920.0,54
2023-05-10 21:08:34,jm2307,jm2307,1332.0,0.0,0.0,0.0,2,1313.0,1342.0,1,1320.5,1332.0,1332.0,1332.0,1.0,79920.0,54
2023-05-10 21:08:47,jm2307,jm2307,1332.0,0.0,0.0,0.0,2,1313.0,1341.5,1,1320.5,1332.0,1332.0,1332.0,1.0,79920.0,54
2023-05-10 21:08:48,jm2307,jm2307,1332.0,0.0,0.0,0.0,2,1313.0,1342.0,1,1320.5,1332.0,1332.0,1332.0,1.0,79920.0,54
2023-05-10 21:08:48,jm2307,jm2307,1332.0,0.0,0.0,0.0,1,1313.0,1341.5,1,1320.5,1332.0,1332.0,1332.0,1.0,79920.0,54
2023-05-10 21:08:49,jm2307,jm2307,1332.0,0.0,0.0,0.0,1,1313.0,1342.0,1,1320.5,1332.0,1332.0,1332.0,1.0,79920.0,54
2023-05-10 21:08:49,jm2307,jm2307,1332.0,0.0,0.0,0.0,1,1313.0,1341.5,1,1320.5,1332.0,1332.0,1332.0,1.0,79920.0,54
2023-05-10 21:08:50,jm2307,jm2307,1332.0,0.0,0.0,0.0,1,1313.0,1342.0,1,1320.5,1332.0,1332.0,1332.0,1.0,79920.0,54
2023-05-10 21:08:50,jm2307,jm2307,1332.0,0.0,0.0,0.0,1,1313.0,1341.5,1,1320.5,1332.0,1332.0,1332.0,1.0,79920.0,54
2023-05-10 21:08:51,jm2307,jm2307,1332.0,0.0,0.0,0.0,1,1313.0,1342.0,1,1320.5,1332.0,1332.0,1332.0,1.0,79920.0,54
2023-05-10 21:08:51,jm2307,jm2307,1332.0,0.0,0.0,0.0,1,1313.0,1341.5,1,1320.5,1332.0,1332.0,1332.0,1.0,79920.0,54
2023-05-10 21:08:52,jm2307,jm2307,1332.0,0.0,0.0,0.0,1,1313.0,1342.0,1,1320.5,1332.0,1332.0,1332.0,1.0,79920.0,54
2023-05-10 21:08:52,jm2307,jm2307,1332.0,0.0,0.0,0.0,1,1313.0,1341.5,1,1320.5,1332.0,1332.0,1332.0,1.0,79920.0,54
2023-05-10 21:08:53,jm2307,jm2307,1332.0,0.0,0.0,0.0,1,1313.0,1342.0,1,1320.5,1332.0,1332.0,1332.0,1.0,79920.0,54
2023-05-10 21:08:54,jm2307,jm2307,1332.0,0.0,0.0,0.0,1,1313.0,1341.5,1,1320.5,1332.0,1332.0,1332.0,1.0,79920.0,54
2023-05-10 21:08:54,jm2307,jm2307,1332.0,0.0,0.0,0.0,1,1313.0,1342.0,1,1320.5,1332.0,1332.0,1332.0,1.0,79920.0,54
2023-05-10 21:08:55,jm2307,jm2307,1332.0,0.0,0.0,0.0,1,1313.0,1341.5,1,1320.5,1332.0,1332.0,1332.0,1.0,79920.0,54
2023-05-10 21:08:55,jm2307,jm2307,1332.0,0.0,0.0,0.0,1,1313.0,1342.0,1,1320.5,1332.0,1332.0,1332.0,1.0,79920.0,54
2023-05-10 21:08:56,jm2307,jm2307,1332.0,0.0,0.0,0.0,1,1313.0,1341.5,1,1320.5,1332.0,1332.0,1332.0,1.0,79920.0,54
2023-05-10 21:08:56,jm2307,jm2307,1332.0,0.0,0.0,0.0,1,1313.0,1342.0,1,1320.5,1332.0,1332.0,1332.0,1.0,79920.0,54
2023-05-10 21:08:57,jm2307,jm2307,1332.0,0.0,0.0,0.0,1,1313.0,1341.5,1,1320.5,1332.0,1332.0,1332.0,1.0,79920.0,54
2023-05-10 21:08:57,jm2307,jm2307,1332.0,0.0,0.0,0.0,1,1313.0,1341.0,1,1320.5,1332.0,1332.0,1332.0,1.0,79920.0,54
2023-05-10 21:08:58,jm2307,jm2307,1332.0,0.0,0.0,0.0,1,1313.0,1342.0,1,1320.5,1332.0,1332.0,1332.0,1.0,79920.0,54
2023-05-10 21:08:58,jm2307,jm2307,1332.0,0.0,0.0,0.0,1,1313.0,1341.5,1,1320.5,1332.0,1332.0,1332.0,1.0,79920.0,54
2023-05-10 21:08:59,jm2307,jm2307,1332.0,0.0,0.0,0.0,1,1313.0,1342.0,1,1320.5,1332.0,1332.0,1332.0,1.0,79920.0,54
2023-05-10 21:09:00,jm2307,jm2307,1332.0,0.0,0.0,0.0,1,1313.0,1341.5,1,1320.5,1332.0,1332.0,1332.0,1.0,79920.0,54
2023-05-10 21:09:05,jm2307,jm2307,1332.0,0.0,0.0,0.0,1,1313.0,1342.0,1,1320.5,1332.0,1332.0,1332.0,1.0,79920.0,54
2023-05-10 21:09:05,jm2307,jm2307,1332.0,0.0,0.0,0.0,1,1313.0,1341.5,1,1320.5,1332.0,1332.0,1332.0,1.0,79920.0,54
2023-05-10 21:09:06,jm2307,jm2307,1332.0,0.0,0.0,0.0,1,1313.0,1341.0,1,1320.5,1332.0,1332.0,1332.0,1.0,79920.0,54
2023-05-10 21:09:06,jm2307,jm2307,1332.0,0.0,0.0,0.0,1,1313.0,1342.0,1,1320.5,1332.0,1332.0,1332.0,1.0,79920.0,54
2023-05-10 21:09:07,jm2307,jm2307,1332.0,0.0,0.0,0.0,1,1313.0,1341.5,1,1320.5,1332.0,1332.0,1332.0,1.0,79920.0,54
2023-05-10 21:09:15,jm2307,jm2307,1332.0,0.0,0.0,0.0,1,1313.0,1341.5,2,1320.5,1332.0,1332.0,1332.0,1.0,79920.0,54
2023-05-10 21:09:17,jm2307,jm2307,1332.0,0.0,0.0,0.0,1,1313.0,1341.5,1,1320.5,1332.0,1332.0,1332.0,1.0,79920.0,54
2023-05-10 21:09:20,jm2307,jm2307,1332.0,0.0,0.0,0.0,1,1313.0,1341.5,2,1320.5,1332.0,1332.0,1332.0,1.0,79920.0,54
2023-05-10 21:09:20,jm2307,jm2307,1332.0,0.0,0.0,0.0,1,1313.0,1341.5,1,1320.5,1332.0,1332.0,1332.0,1.0,79920.0,54
2023-05-10 21:09:24,jm2307,jm2307,1332.0,0.0,0.0,0.0,1,1313.0,1341.5,2,1320.5,1332.0,1332.0,1332.0,1.0,79920.0,54
2023-05-10 21:09:28,jm2307,jm2307,1332.0,0.0,0.0,0.0,1,1313.0,1341.5,1,1320.5,1332.0,1332.0,1332.0,1.0,79920.0,54
2023-05-10 21:09:31,jm2307,jm2307,1332.0,0.0,0.0,0.0,1,1313.0,1341.5,2,1320.5,1332.0,1332.0,1332.0,1.0,79920.0,54
2023-05-10 21:09:31,jm2307,jm2307,1332.0,0.0,0.0,0.0,1,1313.0,1341.5,1,1320.5,1332.0,1332.0,1332.0,1.0,79920.0,54
2023-05-10 21:09:42,jm2307,jm2307,1332.0,0.0,0.0,0.0,1,1313.0,1341.5,2,1320.5,1332.0,1332.0,1332.0,1.0,79920.0,54
2023-05-10 21:09:46,jm2307,jm2307,1332.0,0.0,0.0,0.0,1,1313.0,1341.5,1,1320.5,1332.0,1332.0,1332.0,1.0,79920.0,54
2023-05-10 21:09:46,jm2307,jm2307,1332.0,0.0,0.0,0.0,1,1313.0,1341.5,2,1320.5,1332.0,1332.0,1332.0,1.0,79920.0,54
2023-05-10 21:09:52,jm2307,jm2307,1332.0,0.0,0.0,0.0,1,1313.0,1341.5,1,1320.5,1332.0,1332.0,1332.0,1.0,79920.0,54
2023-05-10 21:09:57,jm2307,jm2307,1332.0,0.0,0.0,0.0,1,1313.0,1341.0,1,1320.5,1332.0,1332.0,1332.0,1.0,79920.0,54
2023-05-10 21:09:57,jm2307,jm2307,1332.0,0.0,0.0,0.0,1,1313.0,1340.5,2,1320.5,1332.0,1332.0,1332.0,1.0,79920.0,54
2023-05-10 21:09:58,jm2307,jm2307,1332.0,0.0,0.0,0.0,1,1313.0,1340.5,1,1320.5,1332.0,1332.0,1332.0,1.0,79920.0,54
2023-05-10 21:10:11,jm2307,jm2307,1332.0,0.0,0.0,0.0,1,1313.0,1340.5,2,1320.5,1332.0,1332.0,1332.0,1.0,79920.0,54
2023-05-10 21:10:12,jm2307,jm2307,1332.0,0.0,0.0,0.0,1,1313.0,1340.5,1,1320.5,1332.0,1332.0,1332.0,1.0,79920.0,54
2023-05-10 21:10:13,jm2307,jm2307,1332.0,0.0,0.0,0.0,1,1313.0,1340.5,2,1320.5,1332.0,1332.0,1332.0,1.0,79920.0,54
2023-05-10 21:10:16,jm2307,jm2307,1332.0,0.0,0.0,0.0,1,1313.0,1340.5,1,1320.5,1332.0,1332.0,1332.0,1.0,79920.0,54
2023-05-10 21:10:17,jm2307,jm2307,1332.0,0.0,0.0,0.0,1,1313.0,1340.5,2,1320.5,1332.0,1332.0,1332.0,1.0,79920.0,54
2023-05-10 21:10:18,jm2307,jm2307,1332.0,0.0,0.0,0.0,1,1313.0,1340.5,1,1320.5,1332.0,1332.0,1332.0,1.0,79920.0,54
2023-05-10 21:10:21,jm2307,jm2307,1332.0,0.0,0.0,0.0,1,1313.0,1340.5,2,1320.5,1332.0,1332.0,1332.0,1.0,79920.0,54
2023-05-10 21:10:23,jm2307,jm2307,1332.0,0.0,0.0,0.0,1,1313.0,1340.5,1,1320.5,1332.0,1332.0,1332.0,1.0,79920.0,54
2023-05-10 21:10:23,jm2307,jm2307,1332.0,0.0,0.0,0.0,1,1313.0,1340.5,2,1320.5,1332.0,1332.0,1332.0,1.0,79920.0,54
2023-05-10 21:10:24,jm2307,jm2307,1332.0,0.0,0.0,0.0,1,1313.0,1340.5,1,1320.5,1332.0,1332.0,1332.0,1.0,79920.0,54
2023-05-10 21:10:27,jm2307,jm2307,1332.0,0.0,0.0,0.0,1,1313.0,1340.5,2,1320.5,1332.0,1332.0,1332.0,1.0,79920.0,54
2023-05-10 21:10:28,jm2307,jm2307,1332.0,0.0,0.0,0.0,1,1313.0,1340.5,1,1320.5,1332.0,1332.0,1332.0,1.0,79920.0,54
2023-05-10 21:10:28,jm2307,jm2307,1332.0,0.0,0.0,0.0,1,1313.0,1340.5,2,1320.5,1332.0,1332.0,1332.0,1.0,79920.0,54
2023-05-10 21:10:28,jm2307,jm2307,1332.0,0.0,0.0,0.0,1,1313.0,1340.5,1,1320.5,1332.0,1332.0,1332.0,1.0,79920.0,54
2023-05-10 21:10:40,jm2307,jm2307,1332.0,0.0,0.0,0.0,1,1313.0,1340.0,1,1320.5,1332.0,1332.0,1332.0,1.0,79920.0,54
2023-05-10 21:10:41,jm2307,jm2307,1332.0,0.0,0.0,0.0,1,1313.0,1339.5,1,1320.5,1332.0,1332.0,1332.0,1.0,79920.0,54
2023-05-10 21:11:08,jm2307,jm2307,1332.0,0.0,0.0,0.0,1,1313.0,1339.5,2,1320.5,1332.0,1332.0,1332.0,1.0,79920.0,54
2023-05-10 21:11:08,jm2307,jm2307,1332.0,0.0,0.0,0.0,1,1313.0,1339.5,1,1320.5,1332.0,1332.0,1332.0,1.0,79920.0,54
2023-05-10 21:11:11,jm2307,jm2307,1332.0,0.0,0.0,0.0,1,1313.0,1339.5,2,1320.5,1332.0,1332.0,1332.0,1.0,79920.0,54
2023-05-10 21:11:13,jm2307,jm2307,1332.0,0.0,0.0,0.0,1,1313.0,1339.5,1,1320.5,1332.0,1332.0,1332.0,1.0,79920.0,54
2023-05-10 21:11:24,jm2307,jm2307,1332.0,0.0,0.0,0.0,1,1313.0,1339.0,1,1320.5,1332.0,1332.0,1332.0,1.0,79920.0,54
2023-05-10 21:11:25,jm2307,jm2307,1332.0,0.0,0.0,0.0,1,1313.0,1338.5,1,1320.5,1332.0,1332.0,1332.0,1.0,79920.0,54
2023-05-10 21:11:31,jm2307,jm2307,1332.0,0.0,0.0,0.0,1,1313.0,1338.5,2,1320.5,1332.0,1332.0,1332.0,1.0,79920.0,54
2023-05-10 21:11:32,jm2307,jm2307,1332.0,0.0,0.0,0.0,1,1313.0,1338.5,1,1320.5,1332.0,1332.0,1332.0,1.0,79920.0,54
2023-05-10 21:11:33,jm2307,jm2307,1332.0,0.0,0.0,0.0,1,1313.0,1338.5,2,1320.5,1332.0,1332.0,1332.0,1.0,79920.0,54
2023-05-10 21:11:34,jm2307,jm2307,1332.0,0.0,0.0,0.0,1,1313.0,1338.5,1,1320.5,1332.0,1332.0,1332.0,1.0,79920.0,54
2023-05-10 21:11:35,jm2307,jm2307,1332.0,0.0,0.0,0.0,1,1313.0,1338.5,2,1320.5,1332.0,1332.0,1332.0,1.0,79920.0,54
2023-05-10 21:11:36,jm2307,jm2307,1332.0,0.0,0.0,0.0,1,1313.0,1338.5,1,1320.5,1332.0,1332.0,1332.0,1.0,79920.0,54
2023-05-10 21:11:40,jm2307,jm2307,1332.0,0.0,0.0,0.0,1,1313.0,1338.5,2,1320.5,1332.0,1332.0,1332.0,1.0,79920.0,54
2023-05-10 21:11:40,jm2307,jm2307,1332.0,0.0,0.0,0.0,1,1313.0,1338.5,1,1320.5,1332.0,1332.0,1332.0,1.0,79920.0,54
2023-05-10 21:11:53,jm2307,jm2307,1332.0,0.0,0.0,0.0,1,1313.0,1338.5,2,1320.5,1332.0,1332.0,1332.0,1.0,79920.0,54
2023-05-10 21:11:55,jm2307,jm2307,1332.0,0.0,0.0,0.0,1,1313.0,1338.5,1,1320.5,1332.0,1332.0,1332.0,1.0,79920.0,54
2023-05-10 21:11:56,jm2307,jm2307,1332.0,0.0,0.0,0.0,1,1313.0,1338.5,2,1320.5,1332.0,1332.0,1332.0,1.0,79920.0,54
2023-05-10 21:11:57,jm2307,jm2307,1332.0,0.0,0.0,0.0,1,1313.0,1338.5,1,1320.5,1332.0,1332.0,1332.0,1.0,79920.0,54
2023-05-10 21:12:10,jm2307,jm2307,1332.0,0.0,0.0,0.0,1,1313.0,1338.0,1,1320.5,1332.0,1332.0,1332.0,1.0,79920.0,54
2023-05-10 21:12:10,jm2307,jm2307,1332.0,0.0,0.0,0.0,1,1313.0,1337.5,2,1320.5,1332.0,1332.0,1332.0,1.0,79920.0,54
2023-05-10 21:12:11,jm2307,jm2307,1332.0,0.0,0.0,0.0,1,1313.0,1337.5,1,1320.5,1332.0,1332.0,1332.0,1.0,79920.0,54
2023-05-10 21:12:21,jm2307,jm2307,1332.0,0.0,0.0,0.0,1,1313.0,1337.5,2,1320.5,1332.0,1332.0,1332.0,1.0,79920.0,54
2023-05-10 21:12:22,jm2307,jm2307,1332.0,0.0,0.0,0.0,1,1313.0,1337.5,1,1320.5,1332.0,1332.0,1332.0,1.0,79920.0,54
2023-05-10 21:12:26,jm2307,jm2307,1332.0,0.0,0.0,0.0,1,1313.0,1337.5,2,1320.5,1332.0,1332.0,1332.0,1.0,79920.0,54
2023-05-10 21:12:32,jm2307,jm2307,1332.0,0.0,0.0,0.0,1,1313.0,1337.5,1,1320.5,1332.0,1332.0,1332.0,1.0,79920.0,54
2023-05-10 21:12:35,jm2307,jm2307,1332.0,0.0,0.0,0.0,1,1313.0,1337.5,2,1320.5,1332.0,1332.0,1332.0,1.0,79920.0,54
2023-05-10 21:12:36,jm2307,jm2307,1332.0,0.0,0.0,0.0,1,1313.0,1337.5,1,1320.5,1332.0,1332.0,1332.0,1.0,79920.0,54
2023-05-10 21:12:54,jm2307,jm2307,1332.0,0.0,0.0,0.0,1,1313.0,1337.0,2,1320.5,1332.0,1332.0,1332.0,1.0,79920.0,54
2023-05-10 21:12:54,jm2307,jm2307,1332.0,0.0,0.0,0.0,1,1313.0,1336.5,2,1320.5,1332.0,1332.0,1332.0,1.0,79920.0,54
2023-05-10 21:12:55,jm2307,jm2307,1332.0,0.0,0.0,0.0,1,1313.0,1336.5,1,1320.5,1332.0,1332.0,1332.0,1.0,79920.0,54
2023-05-10 21:12:57,jm2307,jm2307,1332.0,0.0,0.0,0.0,1,1313.0,1336.5,2,1320.5,1332.0,1332.0,1332.0,1.0,79920.0,54
2023-05-10 21:13:02,jm2307,jm2307,1332.0,0.0,0.0,0.0,1,1313.0,1336.5,1,1320.5,1332.0,1332.0,1332.0,1.0,79920.0,54
2023-05-10 21:13:06,jm2307,jm2307,1332.0,0.0,0.0,0.0,1,1313.0,1336.5,2,1320.5,1332.0,1332.0,1332.0,1.0,79920.0,54
2023-05-10 21:13:08,jm2307,jm2307,1332.0,0.0,0.0,0.0,1,1313.0,1336.5,1,1320.5,1332.0,1332.0,1332.0,1.0,79920.0,54
2023-05-10 21:13:11,jm2307,jm2307,1332.0,0.0,0.0,0.0,1,1313.0,1336.5,2,1320.5,1332.0,1332.0,1332.0,1.0,79920.0,54
2023-05-10 21:13:12,jm2307,jm2307,1332.0,0.0,0.0,0.0,1,1313.0,1336.5,1,1320.5,1332.0,1332.0,1332.0,1.0,79920.0,54
2023-05-10 21:13:13,jm2307,jm2307,1332.0,0.0,0.0,0.0,1,1313.0,1336.5,2,1320.5,1332.0,1332.0,1332.0,1.0,79920.0,54
2023-05-10 21:13:23,jm2307,jm2307,1332.0,0.0,0.0,0.0,1,1313.0,1336.5,1,1320.5,1332.0,1332.0,1332.0,1.0,79920.0,54
2023-05-10 21:13:25,jm2307,jm2307,1332.0,0.0,0.0,0.0,1,1313.0,1336.5,2,1320.5,1332.0,1332.0,1332.0,1.0,79920.0,54
2023-05-10 21:13:25,jm2307,jm2307,1332.0,0.0,0.0,0.0,1,1313.0,1336.5,1,1320.5,1332.0,1332.0,1332.0,1.0,79920.0,54
2023-05-10 21:13:28,jm2307,jm2307,1332.0,0.0,0.0,0.0,1,1313.0,1336.5,2,1320.5,1332.0,1332.0,1332.0,1.0,79920.0,54
2023-05-10 21:13:32,jm2307,jm2307,1332.0,0.0,0.0,0.0,1,1313.0,1336.5,1,1320.5,1332.0,1332.0,1332.0,1.0,79920.0,54
2023-05-10 21:13:36,jm2307,jm2307,1332.0,0.0,0.0,0.0,1,1313.0,1336.0,2,1320.5,1332.0,1332.0,1332.0,1.0,79920.0,54
2023-05-10 21:13:37,jm2307,jm2307,1332.0,0.0,0.0,0.0,1,1313.0,1335.5,1,1320.5,1332.0,1332.0,1332.0,1.0,79920.0,54
2023-05-10 21:14:19,jm2307,jm2307,1332.0,0.0,0.0,0.0,1,1313.0,1335.0,1,1320.5,1332.0,1332.0,1332.0,1.0,79920.0,54
2023-05-10 21:14:20,jm2307,jm2307,1332.0,0.0,0.0,0.0,1,1313.0,1334.5,1,1320.5,1332.0,1332.0,1332.0,1.0,79920.0,54
2023-05-10 21:14:20,jm2307,jm2307,1332.0,0.0,0.0,0.0,1,1313.0,1335.0,1,1320.5,1332.0,1332.0,1332.0,1.0,79920.0,54
2023-05-10 21:14:21,jm2307,jm2307,1332.0,0.0,0.0,0.0,1,1313.0,1334.5,1,1320.5,1332.0,1332.0,1332.0,1.0,79920.0,54
2023-05-10 21:14:21,jm2307,jm2307,1332.0,0.0,0.0,0.0,1,1313.0,1335.0,1,1320.5,1332.0,1332.0,1332.0,1.0,79920.0,54
2023-05-10 21:14:22,jm2307,jm2307,1332.0,0.0,0.0,0.0,1,1313.0,1334.5,1,1320.5,1332.0,1332.0,1332.0,1.0,79920.0,54
2023-05-10 21:14:22,jm2307,jm2307,1332.0,0.0,0.0,0.0,1,1313.0,1334.0,1,1320.5,1332.0,1332.0,1332.0,1.0,79920.0,54
2023-05-10 21:14:23,jm2307,jm2307,1332.0,0.0,0.0,0.0,1,1313.0,1333.5,1,1320.5,1332.0,1332.0,1332.0,1.0,79920.0,54
2023-05-10 21:14:23,jm2307,jm2307,1332.0,0.0,0.0,0.0,1,1313.0,1335.0,1,1320.5,1332.0,1332.0,1332.0,1.0,79920.0,54
2023-05-10 21:14:24,jm2307,jm2307,1332.0,0.0,0.0,0.0,1,1313.0,1334.5,1,1320.5,1332.0,1332.0,1332.0,1.0,79920.0,54
2023-05-10 21:15:04,jm2307,jm2307,1332.0,0.0,0.0,0.0,1,1313.0,1334.0,1,1320.5,1332.0,1332.0,1332.0,1.0,79920.0,54
2023-05-10 21:15:05,jm2307,jm2307,1332.0,0.0,0.0,0.0,1,1313.0,1333.5,1,1320.5,1332.0,1332.0,1332.0,1.0,79920.0,54
2023-05-10 21:15:10,jm2307,jm2307,1332.0,0.0,0.0,0.0,1,1313.0,1334.0,1,1320.5,1332.0,1332.0,1332.0,1.0,79920.0,54
2023-05-10 21:15:10,jm2307,jm2307,1332.0,0.0,0.0,0.0,1,1313.0,1333.5,1,1320.5,1332.0,1332.0,1332.0,1.0,79920.0,54
2023-05-10 21:15:11,jm2307,jm2307,1332.0,0.0,0.0,0.0,1,1313.0,1334.0,1,1320.5,1332.0,1332.0,1332.0,1.0,79920.0,54
2023-05-10 21:15:11,jm2307,jm2307,1332.0,0.0,0.0,0.0,1,1313.0,1333.5,1,1320.5,1332.0,1332.0,1332.0,1.0,79920.0,54
2023-05-10 21:15:12,jm2307,jm2307,1332.0,0.0,0.0,0.0,1,1313.0,1333.0,1,1320.5,1332.0,1332.0,1332.0,1.0,79920.0,54
2023-05-10 21:15:12,jm2307,jm2307,1332.0,0.0,0.0,0.0,1,1313.0,1334.0,1,1320.5,1332.0,1332.0,1332.0,1.0,79920.0,54
2023-05-10 21:15:13,jm2307,jm2307,1332.0,0.0,0.0,0.0,1,1313.0,1333.5,1,1320.5,1332.0,1332.0,1332.0,1.0,79920.0,54
2023-05-10 21:15:13,jm2307,jm2307,1332.0,0.0,0.0,0.0,1,1313.0,1334.0,1,1320.5,1332.0,1332.0,1332.0,1.0,79920.0,54
2023-05-10 21:15:14,jm2307,jm2307,1332.0,0.0,0.0,0.0,1,1313.0,1333.5,1,1320.5,1332.0,1332.0,1332.0,1.0,79920.0,54
2023-05-10 21:15:14,jm2307,jm2307,1332.0,0.0,0.0,0.0,1,1313.0,1334.0,1,1320.5,1332.0,1332.0,1332.0,1.0,79920.0,54
2023-05-10 21:15:15,jm2307,jm2307,1332.0,0.0,0.0,0.0,1,1313.0,1333.5,1,1320.5,1332.0,1332.0,1332.0,1.0,79920.0,54
2023-05-10 21:15:15,jm2307,jm2307,1332.0,0.0,0.0,0.0,1,1313.0,1333.0,1,1320.5,1332.0,1332.0,1332.0,1.0,79920.0,54
2023-05-10 21:15:16,jm2307,jm2307,1332.0,0.0,0.0,0.0,1,1313.0,1334.0,1,1320.5,1332.0,1332.0,1332.0,1.0,79920.0,54
2023-05-10 21:15:16,jm2307,jm2307,1332.0,0.0,0.0,0.0,1,1313.0,1333.5,1,1320.5,1332.0,1332.0,1332.0,1.0,79920.0,54
2023-05-10 21:15:17,jm2307,jm2307,1332.0,0.0,0.0,0.0,1,1313.0,1333.0,1,1320.5,1332.0,1332.0,1332.0,1.0,79920.0,54
2023-05-10 21:15:17,jm2307,jm2307,1332.0,0.0,0.0,0.0,1,1313.0,1334.0,1,1320.5,1332.0,1332.0,1332.0,1.0,79920.0,54
2023-05-10 21:15:18,jm2307,jm2307,1332.0,0.0,0.0,0.0,1,1313.0,1333.5,1,1320.5,1332.0,1332.0,1332.0,1.0,79920.0,54
2023-05-10 21:15:18,jm2307,jm2307,1332.0,0.0,0.0,0.0,1,1313.0,1334.0,1,1320.5,1332.0,1332.0,1332.0,1.0,79920.0,54
2023-05-10 21:15:19,jm2307,jm2307,1332.0,0.0,0.0,0.0,1,1313.0,1333.5,1,1320.5,1332.0,1332.0,1332.0,1.0,79920.0,54
2023-05-10 21:15:19,jm2307,jm2307,1332.0,0.0,0.0,0.0,1,1313.0,1334.0,1,1320.5,1332.0,1332.0,1332.0,1.0,79920.0,54
2023-05-10 21:15:20,jm2307,jm2307,1332.0,0.0,0.0,0.0,1,1313.0,1333.5,1,1320.5,1332.0,1332.0,1332.0,1.0,79920.0,54
2023-05-10 21:15:20,jm2307,jm2307,1332.0,0.0,0.0,0.0,1,1313.0,1334.0,1,1320.5,1332.0,1332.0,1332.0,1.0,79920.0,54
2023-05-10 21:15:21,jm2307,jm2307,1332.0,0.0,0.0,0.0,1,1313.0,1333.5,1,1320.5,1332.0,1332.0,1332.0,1.0,79920.0,54
2023-05-10 21:15:21,jm2307,jm2307,1332.0,0.0,0.0,0.0,1,1313.0,1334.0,1,1320.5,1332.0,1332.0,1332.0,1.0,79920.0,54
2023-05-10 21:15:28,jm2307,jm2307,1332.0,0.0,0.0,0.0,1,1313.0,1333.5,1,1320.5,1332.0,1332.0,1332.0,1.0,79920.0,54
2023-05-10 21:15:29,jm2307,jm2307,1332.0,0.0,0.0,0.0,1,1313.0,1334.0,1,1320.5,1332.0,1332.0,1332.0,1.0,79920.0,54
2023-05-10 21:15:29,jm2307,jm2307,1332.0,0.0,0.0,0.0,1,1313.0,1333.5,1,1320.5,1332.0,1332.0,1332.0,1.0,79920.0,54
2023-05-10 21:15:30,jm2307,jm2307,1332.0,0.0,0.0,0.0,1,1313.0,1334.0,1,1320.5,1332.0,1332.0,1332.0,1.0,79920.0,54
2023-05-10 21:15:30,jm2307,jm2307,1332.0,0.0,0.0,0.0,1,1313.0,1333.5,1,1320.5,1332.0,1332.0,1332.0,1.0,79920.0,54
2023-05-10 21:15:33,jm2307,jm2307,1332.0,0.0,0.0,0.0,1,1313.0,1334.0,1,1320.5,1332.0,1332.0,1332.0,1.0,79920.0,54
2023-05-10 21:15:33,jm2307,jm2307,1332.0,0.0,0.0,0.0,1,1313.0,1333.5,1,1320.5,1332.0,1332.0,1332.0,1.0,79920.0,54
2023-05-10 21:15:34,jm2307,jm2307,1332.0,0.0,0.0,0.0,1,1313.0,1334.0,1,1320.5,1332.0,1332.0,1332.0,1.0,79920.0,54
2023-05-10 21:15:34,jm2307,jm2307,1332.0,0.0,0.0,0.0,1,1313.0,1333.5,1,1320.5,1332.0,1332.0,1332.0,1.0,79920.0,54
2023-05-10 21:15:35,jm2307,jm2307,1332.0,0.0,0.0,0.0,1,1313.0,1334.0,1,1320.5,1332.0,1332.0,1332.0,1.0,79920.0,54
2023-05-10 21:15:35,jm2307,jm2307,1332.0,0.0,0.0,0.0,1,1313.0,1333.5,1,1320.5,1332.0,1332.0,1332.0,1.0,79920.0,54
2023-05-10 21:15:36,jm2307,jm2307,1332.0,0.0,0.0,0.0,1,1313.0,1334.0,1,1320.5,1332.0,1332.0,1332.0,1.0,79920.0,54
2023-05-10 21:15:36,jm2307,jm2307,1332.0,0.0,0.0,0.0,1,1313.0,1333.5,1,1320.5,1332.0,1332.0,1332.0,1.0,79920.0,54
2023-05-10 21:15:37,jm2307,jm2307,1332.0,0.0,0.0,0.0,1,1313.0,1334.0,1,1320.5,1332.0,1332.0,1332.0,1.0,79920.0,54
2023-05-10 21:15:37,jm2307,jm2307,1332.0,0.0,0.0,0.0,1,1313.0,1333.5,1,1320.5,1332.0,1332.0,1332.0,1.0,79920.0,54
2023-05-10 21:16:23,jm2307,jm2307,1332.0,0.0,0.0,0.0,1,1313.0,1333.5,2,1320.5,1332.0,1332.0,1332.0,1.0,79920.0,54
2023-05-10 21:16:26,jm2307,jm2307,1332.0,0.0,0.0,0.0,1,1313.0,1333.5,1,1320.5,1332.0,1332.0,1332.0,1.0,79920.0,54
2023-05-10 21:16:31,jm2307,jm2307,1332.0,0.0,0.0,0.0,1,1313.0,1333.0,1,1320.5,1332.0,1332.0,1332.0,1.0,79920.0,54
2023-05-10 21:16:32,jm2307,jm2307,1332.0,0.0,0.0,0.0,1,1313.0,1332.5,1,1320.5,1332.0,1332.0,1332.0,1.0,79920.0,54
2023-05-10 21:17:15,jm2307,jm2307,1332.0,0.0,0.0,0.0,1,1313.0,1332.0,1,1320.5,1332.0,1332.0,1332.0,1.0,79920.0,54
2023-05-10 21:17:16,jm2307,jm2307,1332.0,0.0,0.0,0.0,1,1313.0,1331.5,1,1320.5,1332.0,1332.0,1332.0,1.0,79920.0,54
2023-05-10 21:17:59,jm2307,jm2307,1332.0,0.0,0.0,0.0,1,1313.0,1331.0,1,1320.5,1332.0,1332.0,1332.0,1.0,79920.0,54
2023-05-10 21:18:00,jm2307,jm2307,1332.0,0.0,0.0,0.0,1,1313.0,1330.5,1,1320.5,1332.0,1332.0,1332.0,1.0,79920.0,54
2023-05-10 21:18:12,jm2307,jm2307,1332.0,0.0,0.0,0.0,1,1313.0,1331.0,1,1320.5,1332.0,1332.0,1332.0,1.0,79920.0,54
2023-05-10 21:18:13,jm2307,jm2307,1332.0,0.0,0.0,0.0,1,1313.0,1330.5,1,1320.5,1332.0,1332.0,1332.0,1.0,79920.0,54
2023-05-10 21:18:13,jm2307,jm2307,1332.0,0.0,0.0,0.0,1,1313.0,1331.0,1,1320.5,1332.0,1332.0,1332.0,1.0,79920.0,54
2023-05-10 21:18:14,jm2307,jm2307,1332.0,0.0,0.0,0.0,1,1313.0,1330.5,1,1320.5,1332.0,1332.0,1332.0,1.0,79920.0,54
2023-05-10 21:18:15,jm2307,jm2307,1332.0,0.0,0.0,0.0,1,1313.0,1331.0,1,1320.5,1332.0,1332.0,1332.0,1.0,79920.0,54
2023-05-10 21:18:15,jm2307,jm2307,1332.0,0.0,0.0,0.0,1,1313.0,1330.5,1,1320.5,1332.0,1332.0,1332.0,1.0,79920.0,54
2023-05-10 21:18:16,jm2307,jm2307,1332.0,0.0,0.0,0.0,1,1313.0,1331.0,1,1320.5,1332.0,1332.0,1332.0,1.0,79920.0,54
2023-05-10 21:18:16,jm2307,jm2307,1332.0,0.0,0.0,0.0,1,1313.0,1330.5,1,1320.5,1332.0,1332.0,1332.0,1.0,79920.0,54
2023-05-10 21:18:17,jm2307,jm2307,1332.0,0.0,0.0,0.0,1,1313.0,1331.0,1,1320.5,1332.0,1332.0,1332.0,1.0,79920.0,54
2023-05-10 21:18:22,jm2307,jm2307,1332.0,0.0,0.0,0.0,1,1313.0,1330.5,1,1320.5,1332.0,1332.0,1332.0,1.0,79920.0,54
2023-05-10 21:18:22,jm2307,jm2307,1332.0,0.0,0.0,0.0,1,1313.0,1331.0,1,1320.5,1332.0,1332.0,1332.0,1.0,79920.0,54
2023-05-10 21:18:23,jm2307,jm2307,1332.0,0.0,0.0,0.0,1,1313.0,1330.5,1,1320.5,1332.0,1332.0,1332.0,1.0,79920.0,54
2023-05-10 21:18:25,jm2307,jm2307,1332.0,0.0,0.0,0.0,1,1313.0,1331.0,1,1320.5,1332.0,1332.0,1332.0,1.0,79920.0,54
2023-05-10 21:18:25,jm2307,jm2307,1332.0,0.0,0.0,0.0,1,1313.0,1330.5,1,1320.5,1332.0,1332.0,1332.0,1.0,79920.0,54
2023-05-10 21:18:26,jm2307,jm2307,1332.0,0.0,0.0,0.0,1,1313.0,1331.0,1,1320.5,1332.0,1332.0,1332.0,1.0,79920.0,54
2023-05-10 21:18:26,jm2307,jm2307,1332.0,0.0,0.0,0.0,1,1313.0,1330.5,1,1320.5,1332.0,1332.0,1332.0,1.0,79920.0,54
2023-05-10 21:18:27,jm2307,jm2307,1331.0,1.0,79860.0,0.0,1,1313.0,1395.0,1,1320.5,1332.0,1332.0,1331.0,2.0,159780.0,54
2023-05-10 21:18:27,jm2307,jm2307,1331.0,0.0,0.0,0.0,1,1313.0,1394.5,3,1320.5,1332.0,1332.0,1331.0,2.0,159780.0,54
2023-05-10 21:18:29,jm2307,jm2307,1331.0,0.0,0.0,0.0,1,1313.0,1394.5,5,1320.5,1332.0,1332.0,1331.0,2.0,159780.0,54
2023-05-10 21:18:39,jm2307,jm2307,1331.0,0.0,0.0,0.0,1,1313.0,1394.0,1,1320.5,1332.0,1332.0,1331.0,2.0,159780.0,54
2023-05-10 21:18:39,jm2307,jm2307,1331.0,0.0,0.0,0.0,1,1313.0,1393.5,3,1320.5,1332.0,1332.0,1331.0,2.0,159780.0,54
2023-05-10 21:18:40,jm2307,jm2307,1331.0,0.0,0.0,0.0,1,1313.0,1393.5,4,1320.5,1332.0,1332.0,1331.0,2.0,159780.0,54
2023-05-10 21:18:40,jm2307,jm2307,1331.0,0.0,0.0,0.0,1,1313.0,1393.5,5,1320.5,1332.0,1332.0,1331.0,2.0,159780.0,54
2023-05-10 21:18:43,jm2307,jm2307,1331.0,0.0,0.0,0.0,1,1313.0,1393.0,2,1320.5,1332.0,1332.0,1331.0,2.0,159780.0,54
2023-05-10 21:18:44,jm2307,jm2307,1331.0,0.0,0.0,0.0,1,1313.0,1392.5,3,1320.5,1332.0,1332.0,1331.0,2.0,159780.0,54
2023-05-10 21:18:44,jm2307,jm2307,1331.0,0.0,0.0,0.0,1,1313.0,1392.5,4,1320.5,1332.0,1332.0,1331.0,2.0,159780.0,54
2023-05-10 21:18:45,jm2307,jm2307,1331.0,0.0,0.0,0.0,1,1313.0,1392.5,5,1320.5,1332.0,1332.0,1331.0,2.0,159780.0,54
2023-05-10 21:18:48,jm2307,jm2307,1331.0,0.0,0.0,0.0,1,1313.0,1392.0,1,1320.5,1332.0,1332.0,1331.0,2.0,159780.0,54
2023-05-10 21:18:48,jm2307,jm2307,1331.0,0.0,0.0,0.0,1,1313.0,1391.5,3,1320.5,1332.0,1332.0,1331.0,2.0,159780.0,54
2023-05-10 21:18:49,jm2307,jm2307,1331.0,0.0,0.0,0.0,1,1313.0,1391.5,5,1320.5,1332.0,1332.0,1331.0,2.0,159780.0,54
2023-05-10 21:18:59,jm2307,jm2307,1331.0,0.0,0.0,0.0,1,1313.0,1390.0,1,1320.5,1332.0,1332.0,1331.0,2.0,159780.0,54
2023-05-10 21:19:00,jm2307,jm2307,1331.0,0.0,0.0,0.0,1,1313.0,1389.5,3,1320.5,1332.0,1332.0,1331.0,2.0,159780.0,54
2023-05-10 21:19:00,jm2307,jm2307,1331.0,0.0,0.0,0.0,1,1313.0,1389.5,5,1320.5,1332.0,1332.0,1331.0,2.0,159780.0,54
2023-05-10 21:19:02,jm2307,jm2307,1331.0,0.0,0.0,0.0,1,1313.0,1388.5,1,1320.5,1332.0,1332.0,1331.0,2.0,159780.0,54
2023-05-10 21:19:03,jm2307,jm2307,1331.0,0.0,0.0,0.0,1,1313.0,1388.0,3,1320.5,1332.0,1332.0,1331.0,2.0,159780.0,54
2023-05-10 21:19:04,jm2307,jm2307,1331.0,0.0,0.0,0.0,1,1313.0,1388.0,5,1320.5,1332.0,1332.0,1331.0,2.0,159780.0,54
2023-05-10 21:19:04,jm2307,jm2307,1331.0,0.0,0.0,0.0,1,1313.0,1387.0,1,1320.5,1332.0,1332.0,1331.0,2.0,159780.0,54
2023-05-10 21:19:05,jm2307,jm2307,1331.0,0.0,0.0,0.0,1,1313.0,1386.5,3,1320.5,1332.0,1332.0,1331.0,2.0,159780.0,54
2023-05-10 21:19:06,jm2307,jm2307,1331.0,0.0,0.0,0.0,1,1313.0,1386.5,5,1320.5,1332.0,1332.0,1331.0,2.0,159780.0,54
2023-05-10 21:19:06,jm2307,jm2307,1331.0,0.0,0.0,0.0,1,1313.0,1385.5,1,1320.5,1332.0,1332.0,1331.0,2.0,159780.0,54
2023-05-10 21:19:07,jm2307,jm2307,1331.0,0.0,0.0,0.0,1,1313.0,1385.0,3,1320.5,1332.0,1332.0,1331.0,2.0,159780.0,54
2023-05-10 21:19:08,jm2307,jm2307,1331.0,0.0,0.0,0.0,1,1313.0,1385.0,5,1320.5,1332.0,1332.0,1331.0,2.0,159780.0,54
2023-05-10 21:19:28,jm2307,jm2307,1331.0,0.0,0.0,0.0,1,1313.0,1384.5,2,1320.5,1332.0,1332.0,1331.0,2.0,159780.0,54
2023-05-10 21:19:28,jm2307,jm2307,1331.0,0.0,0.0,0.0,1,1313.0,1384.0,3,1320.5,1332.0,1332.0,1331.0,2.0,159780.0,54
2023-05-10 21:19:29,jm2307,jm2307,1331.0,0.0,0.0,0.0,1,1313.0,1384.0,5,1320.5,1332.0,1332.0,1331.0,2.0,159780.0,54
2023-05-10 21:19:32,jm2307,jm2307,1331.0,0.0,0.0,0.0,2,1313.0,1384.0,5,1320.5,1332.0,1332.0,1331.0,2.0,159780.0,54
2023-05-10 21:20:16,jm2307,jm2307,1331.0,0.0,0.0,0.0,2,1313.0,1383.5,2,1320.5,1332.0,1332.0,1331.0,2.0,159780.0,54
2023-05-10 21:20:17,jm2307,jm2307,1331.0,0.0,0.0,0.0,2,1313.0,1383.0,3,1320.5,1332.0,1332.0,1331.0,2.0,159780.0,54
2023-05-10 21:20:18,jm2307,jm2307,1331.0,0.0,0.0,0.0,2,1313.0,1383.0,5,1320.5,1332.0,1332.0,1331.0,2.0,159780.0,54
2023-05-10 21:20:58,jm2307,jm2307,1331.0,0.0,0.0,0.0,2,1313.0,1382.5,1,1320.5,1332.0,1332.0,1331.0,2.0,159780.0,54
2023-05-10 21:20:59,jm2307,jm2307,1331.0,0.0,0.0,0.0,2,1313.0,1382.0,3,1320.5,1332.0,1332.0,1331.0,2.0,159780.0,54
2023-05-10 21:21:00,jm2307,jm2307,1331.0,0.0,0.0,0.0,2,1313.0,1382.0,4,1320.5,1332.0,1332.0,1331.0,2.0,159780.0,54
2023-05-10 21:21:00,jm2307,jm2307,1331.0,0.0,0.0,0.0,2,1313.0,1382.0,5,1320.5,1332.0,1332.0,1331.0,2.0,159780.0,54
2023-05-10 21:21:02,jm2307,jm2307,1331.0,0.0,0.0,0.0,2,1313.0,1380.0,3,1320.5,1332.0,1332.0,1331.0,2.0,159780.0,54
2023-05-10 21:21:03,jm2307,jm2307,1331.0,0.0,0.0,0.0,2,1313.0,1379.5,3,1320.5,1332.0,1332.0,1331.0,2.0,159780.0,54
2023-05-10 21:21:06,jm2307,jm2307,1331.0,0.0,0.0,0.0,2,1313.0,1379.5,5,1320.5,1332.0,1332.0,1331.0,2.0,159780.0,54
2023-05-10 21:21:47,jm2307,jm2307,1331.0,0.0,0.0,0.0,2,1313.0,1379.0,2,1320.5,1332.0,1332.0,1331.0,2.0,159780.0,54
2023-05-10 21:21:47,jm2307,jm2307,1331.0,0.0,0.0,0.0,2,1313.0,1378.5,3,1320.5,1332.0,1332.0,1331.0,2.0,159780.0,54
2023-05-10 21:21:50,jm2307,jm2307,1331.0,0.0,0.0,0.0,2,1313.0,1378.5,5,1320.5,1332.0,1332.0,1331.0,2.0,159780.0,54
2023-05-10 21:22:30,jm2307,jm2307,1331.0,0.0,0.0,0.0,2,1313.0,1378.0,2,1320.5,1332.0,1332.0,1331.0,2.0,159780.0,54
2023-05-10 21:22:31,jm2307,jm2307,1331.0,0.0,0.0,0.0,2,1313.0,1377.5,3,1320.5,1332.0,1332.0,1331.0,2.0,159780.0,54
2023-05-10 21:22:32,jm2307,jm2307,1331.0,0.0,0.0,0.0,2,1313.0,1377.5,5,1320.5,1332.0,1332.0,1331.0,2.0,159780.0,54
2023-05-10 21:23:17,jm2307,jm2307,1331.0,0.0,0.0,0.0,2,1313.0,1377.0,2,1320.5,1332.0,1332.0,1331.0,2.0,159780.0,54
2023-05-10 21:23:18,jm2307,jm2307,1331.0,0.0,0.0,0.0,2,1313.0,1376.5,3,1320.5,1332.0,1332.0,1331.0,2.0,159780.0,54
2023-05-10 21:23:19,jm2307,jm2307,1331.0,0.0,0.0,0.0,2,1313.0,1376.5,5,1320.5,1332.0,1332.0,1331.0,2.0,159780.0,54
2023-05-10 21:23:21,jm2307,jm2307,1331.0,0.0,0.0,0.0,1,1313.0,1376.5,5,1320.5,1332.0,1332.0,1331.0,2.0,159780.0,54
2023-05-10 21:23:52,jm2307,jm2307,1331.0,0.0,0.0,0.0,1,1313.5,1376.5,5,1320.5,1332.0,1332.0,1331.0,2.0,159780.0,54
2023-05-10 21:24:02,jm2307,jm2307,1331.0,0.0,0.0,0.0,1,1313.5,1376.0,2,1320.5,1332.0,1332.0,1331.0,2.0,159780.0,54
2023-05-10 21:24:03,jm2307,jm2307,1331.0,0.0,0.0,0.0,1,1313.5,1375.5,3,1320.5,1332.0,1332.0,1331.0,2.0,159780.0,54
2023-05-10 21:24:04,jm2307,jm2307,1331.0,0.0,0.0,0.0,1,1313.5,1375.5,5,1320.5,1332.0,1332.0,1331.0,2.0,159780.0,54
2023-05-10 21:24:48,jm2307,jm2307,1331.0,0.0,0.0,0.0,1,1313.5,1375.0,2,1320.5,1332.0,1332.0,1331.0,2.0,159780.0,54
2023-05-10 21:24:48,jm2307,jm2307,1331.0,0.0,0.0,0.0,1,1313.5,1374.5,3,1320.5,1332.0,1332.0,1331.0,2.0,159780.0,54
2023-05-10 21:24:50,jm2307,jm2307,1331.0,0.0,0.0,0.0,1,1313.5,1374.5,5,1320.5,1332.0,1332.0,1331.0,2.0,159780.0,54
2023-05-10 21:25:32,jm2307,jm2307,1331.0,0.0,0.0,0.0,1,1313.5,1374.0,2,1320.5,1332.0,1332.0,1331.0,2.0,159780.0,54
2023-05-10 21:25:32,jm2307,jm2307,1331.0,0.0,0.0,0.0,1,1313.5,1373.5,3,1320.5,1332.0,1332.0,1331.0,2.0,159780.0,54
2023-05-10 21:25:34,jm2307,jm2307,1331.0,0.0,0.0,0.0,1,1313.5,1373.5,5,1320.5,1332.0,1332.0,1331.0,2.0,159780.0,54
2023-05-10 21:26:16,jm2307,jm2307,1331.0,0.0,0.0,0.0,1,1313.5,1373.0,2,1320.5,1332.0,1332.0,1331.0,2.0,159780.0,54
2023-05-10 21:26:16,jm2307,jm2307,1331.0,0.0,0.0,0.0,1,1313.5,1372.5,3,1320.5,1332.0,1332.0,1331.0,2.0,159780.0,54
2023-05-10 21:26:17,jm2307,jm2307,1331.0,0.0,0.0,0.0,1,1313.5,1372.5,5,1320.5,1332.0,1332.0,1331.0,2.0,159780.0,54
2023-05-10 21:26:59,jm2307,jm2307,1331.0,0.0,0.0,0.0,1,1313.5,1372.0,2,1320.5,1332.0,1332.0,1331.0,2.0,159780.0,54
2023-05-10 21:27:00,jm2307,jm2307,1331.0,0.0,0.0,0.0,1,1313.5,1371.5,3,1320.5,1332.0,1332.0,1331.0,2.0,159780.0,54
2023-05-10 21:27:01,jm2307,jm2307,1331.0,0.0,0.0,0.0,1,1313.5,1371.5,4,1320.5,1332.0,1332.0,1331.0,2.0,159780.0,54
2023-05-10 21:27:37,jm2307,jm2307,1331.0,0.0,0.0,0.0,2,1313.5,1371.5,4,1320.5,1332.0,1332.0,1331.0,2.0,159780.0,54
2023-05-10 21:27:40,jm2307,jm2307,1331.0,0.0,0.0,0.0,1,1313.5,1371.5,4,1320.5,1332.0,1332.0,1331.0,2.0,159780.0,54
2023-05-10 21:27:43,jm2307,jm2307,1331.0,0.0,0.0,0.0,1,1313.5,1371.0,2,1320.5,1332.0,1332.0,1331.0,2.0,159780.0,54
2023-05-10 21:27:43,jm2307,jm2307,1331.0,0.0,0.0,0.0,1,1313.5,1370.5,3,1320.5,1332.0,1332.0,1331.0,2.0,159780.0,54
2023-05-10 21:27:44,jm2307,jm2307,1331.0,0.0,0.0,0.0,1,1313.5,1370.5,4,1320.5,1332.0,1332.0,1331.0,2.0,159780.0,54
2023-05-10 21:27:57,jm2307,jm2307,1331.0,0.0,0.0,0.0,2,1313.5,1370.5,4,1320.5,1332.0,1332.0,1331.0,2.0,159780.0,54
2023-05-10 21:28:18,jm2307,jm2307,1331.0,0.0,0.0,0.0,1,1313.5,1370.5,4,1320.5,1332.0,1332.0,1331.0,2.0,159780.0,54
2023-05-10 21:28:22,jm2307,jm2307,1331.0,0.0,0.0,0.0,2,1313.5,1370.5,4,1320.5,1332.0,1332.0,1331.0,2.0,159780.0,54
2023-05-10 21:28:25,jm2307,jm2307,1331.0,0.0,0.0,0.0,1,1313.5,1370.5,4,1320.5,1332.0,1332.0,1331.0,2.0,159780.0,54
2023-05-10 21:28:26,jm2307,jm2307,1331.0,0.0,0.0,0.0,2,1313.5,1370.5,4,1320.5,1332.0,1332.0,1331.0,2.0,159780.0,54
2023-05-10 21:28:26,jm2307,jm2307,1331.0,0.0,0.0,0.0,2,1313.5,1370.0,2,1320.5,1332.0,1332.0,1331.0,2.0,159780.0,54
2023-05-10 21:28:27,jm2307,jm2307,1331.0,0.0,0.0,0.0,2,1313.5,1369.5,3,1320.5,1332.0,1332.0,1331.0,2.0,159780.0,54
2023-05-10 21:28:29,jm2307,jm2307,1331.0,0.0,0.0,0.0,2,1313.5,1369.5,4,1320.5,1332.0,1332.0,1331.0,2.0,159780.0,54
2023-05-10 21:28:31,jm2307,jm2307,1331.0,0.0,0.0,0.0,2,1313.5,1369.5,3,1320.5,1332.0,1332.0,1331.0,2.0,159780.0,54
2023-05-10 21:28:36,jm2307,jm2307,1331.0,0.0,0.0,0.0,2,1313.5,1369.5,4,1320.5,1332.0,1332.0,1331.0,2.0,159780.0,54
2023-05-10 21:28:37,jm2307,jm2307,1331.0,0.0,0.0,0.0,2,1313.5,1369.5,3,1320.5,1332.0,1332.0,1331.0,2.0,159780.0,54
2023-05-10 21:28:48,jm2307,jm2307,1331.0,0.0,0.0,0.0,2,1313.5,1369.5,4,1320.5,1332.0,1332.0,1331.0,2.0,159780.0,54
2023-05-10 21:28:52,jm2307,jm2307,1331.0,0.0,0.0,0.0,1,1313.5,1369.5,4,1320.5,1332.0,1332.0,1331.0,2.0,159780.0,54
2023-05-10 21:29:11,jm2307,jm2307,1331.0,0.0,0.0,0.0,1,1313.5,1369.0,2,1320.5,1332.0,1332.0,1331.0,2.0,159780.0,54
2023-05-10 21:29:11,jm2307,jm2307,1331.0,0.0,0.0,0.0,1,1313.5,1368.5,3,1320.5,1332.0,1332.0,1331.0,2.0,159780.0,54
2023-05-10 21:29:12,jm2307,jm2307,1331.0,0.0,0.0,0.0,1,1313.5,1368.5,4,1320.5,1332.0,1332.0,1331.0,2.0,159780.0,54
2023-05-10 21:29:55,jm2307,jm2307,1331.0,0.0,0.0,0.0,1,1313.5,1368.0,2,1320.5,1332.0,1332.0,1331.0,2.0,159780.0,54
2023-05-10 21:29:55,jm2307,jm2307,1331.0,0.0,0.0,0.0,1,1313.5,1367.5,3,1320.5,1332.0,1332.0,1331.0,2.0,159780.0,54
2023-05-10 21:29:56,jm2307,jm2307,1331.0,0.0,0.0,0.0,1,1313.5,1367.5,4,1320.5,1332.0,1332.0,1331.0,2.0,159780.0,54
2023-05-10 21:30:38,jm2307,jm2307,1331.0,0.0,0.0,0.0,1,1313.5,1367.0,2,1320.5,1332.0,1332.0,1331.0,2.0,159780.0,54
2023-05-10 21:30:39,jm2307,jm2307,1331.0,0.0,0.0,0.0,1,1313.5,1366.5,3,1320.5,1332.0,1332.0,1331.0,2.0,159780.0,54
2023-05-10 21:30:40,jm2307,jm2307,1331.0,0.0,0.0,0.0,1,1313.5,1366.5,4,1320.5,1332.0,1332.0,1331.0,2.0,159780.0,54
2023-05-10 21:30:55,jm2307,jm2307,1331.0,0.0,0.0,0.0,1,1313.5,1366.5,3,1320.5,1332.0,1332.0,1331.0,2.0,159780.0,54
2023-05-10 21:30:58,jm2307,jm2307,1331.0,0.0,0.0,0.0,1,1313.5,1366.5,4,1320.5,1332.0,1332.0,1331.0,2.0,159780.0,54
2023-05-10 21:31:04,jm2307,jm2307,1331.0,0.0,0.0,0.0,1,1313.5,1366.5,3,1320.5,1332.0,1332.0,1331.0,2.0,159780.0,54
2023-05-10 21:31:21,jm2307,jm2307,1331.0,0.0,0.0,0.0,2,1313.5,1366.5,3,1320.5,1332.0,1332.0,1331.0,2.0,159780.0,54
2023-05-10 21:31:21,jm2307,jm2307,1331.0,0.0,0.0,0.0,1,1313.5,1366.5,3,1320.5,1332.0,1332.0,1331.0,2.0,159780.0,54
2023-05-10 21:31:22,jm2307,jm2307,1331.0,0.0,0.0,0.0,1,1313.5,1366.0,2,1320.5,1332.0,1332.0,1331.0,2.0,159780.0,54
2023-05-10 21:31:22,jm2307,jm2307,1331.0,0.0,0.0,0.0,1,1313.5,1365.5,3,1320.5,1332.0,1332.0,1331.0,2.0,159780.0,54
2023-05-10 21:31:26,jm2307,jm2307,1331.0,0.0,0.0,0.0,2,1313.5,1365.5,3,1320.5,1332.0,1332.0,1331.0,2.0,159780.0,54
2023-05-10 21:31:30,jm2307,jm2307,1331.0,0.0,0.0,0.0,1,1313.5,1365.5,3,1320.5,1332.0,1332.0,1331.0,2.0,159780.0,54
2023-05-10 21:31:32,jm2307,jm2307,1331.0,0.0,0.0,0.0,2,1313.5,1365.5,3,1320.5,1332.0,1332.0,1331.0,2.0,159780.0,54
2023-05-10 21:31:41,jm2307,jm2307,1331.0,0.0,0.0,0.0,1,1313.5,1365.5,3,1320.5,1332.0,1332.0,1331.0,2.0,159780.0,54
2023-05-10 21:32:06,jm2307,jm2307,1331.0,0.0,0.0,0.0,1,1313.5,1365.0,2,1320.5,1332.0,1332.0,1331.0,2.0,159780.0,54
2023-05-10 21:32:07,jm2307,jm2307,1331.0,0.0,0.0,0.0,1,1313.5,1364.5,3,1320.5,1332.0,1332.0,1331.0,2.0,159780.0,54
2023-05-10 21:32:32,jm2307,jm2307,1331.0,0.0,0.0,0.0,2,1313.5,1364.5,3,1320.5,1332.0,1332.0,1331.0,2.0,159780.0,54
2023-05-10 21:32:32,jm2307,jm2307,1331.0,0.0,0.0,0.0,1,1313.5,1364.5,3,1320.5,1332.0,1332.0,1331.0,2.0,159780.0,54
2023-05-10 21:32:33,jm2307,jm2307,1331.0,0.0,0.0,0.0,2,1313.5,1364.5,3,1320.5,1332.0,1332.0,1331.0,2.0,159780.0,54
2023-05-10 21:32:35,jm2307,jm2307,1331.0,0.0,0.0,0.0,1,1313.5,1364.5,3,1320.5,1332.0,1332.0,1331.0,2.0,159780.0,54
2023-05-10 21:32:52,jm2307,jm2307,1331.0,0.0,0.0,0.0,1,1313.5,1364.0,2,1320.5,1332.0,1332.0,1331.0,2.0,159780.0,54
2023-05-10 21:32:53,jm2307,jm2307,1331.0,0.0,0.0,0.0,1,1313.5,1363.5,3,1320.5,1332.0,1332.0,1331.0,2.0,159780.0,54
2023-05-10 21:33:09,jm2307,jm2307,1331.0,0.0,0.0,0.0,2,1313.5,1363.5,3,1320.5,1332.0,1332.0,1331.0,2.0,159780.0,54
2023-05-10 21:33:11,jm2307,jm2307,1331.0,0.0,0.0,0.0,1,1313.5,1363.5,3,1320.5,1332.0,1332.0,1331.0,2.0,159780.0,54
2023-05-10 21:33:17,jm2307,jm2307,1331.0,0.0,0.0,0.0,2,1313.5,1363.5,3,1320.5,1332.0,1332.0,1331.0,2.0,159780.0,54
2023-05-10 21:33:37,jm2307,jm2307,1331.0,0.0,0.0,0.0,2,1313.5,1363.0,2,1320.5,1332.0,1332.0,1331.0,2.0,159780.0,54
2023-05-10 21:33:38,jm2307,jm2307,1331.0,0.0,0.0,0.0,2,1313.5,1362.5,3,1320.5,1332.0,1332.0,1331.0,2.0,159780.0,54
2023-05-10 21:34:21,jm2307,jm2307,1331.0,0.0,0.0,0.0,2,1313.5,1362.0,2,1320.5,1332.0,1332.0,1331.0,2.0,159780.0,54
2023-05-10 21:34:22,jm2307,jm2307,1331.0,0.0,0.0,0.0,2,1313.5,1361.5,3,1320.5,1332.0,1332.0,1331.0,2.0,159780.0,54
2023-05-10 21:35:05,jm2307,jm2307,1331.0,0.0,0.0,0.0,2,1313.5,1361.0,2,1320.5,1332.0,1332.0,1331.0,2.0,159780.0,54
2023-05-10 21:35:06,jm2307,jm2307,1331.0,0.0,0.0,0.0,2,1313.5,1360.5,3,1320.5,1332.0,1332.0,1331.0,2.0,159780.0,54
2023-05-10 21:35:49,jm2307,jm2307,1331.0,0.0,0.0,0.0,2,1313.5,1360.0,2,1320.5,1332.0,1332.0,1331.0,2.0,159780.0,54
2023-05-10 21:35:50,jm2307,jm2307,1331.0,0.0,0.0,0.0,2,1313.5,1359.5,3,1320.5,1332.0,1332.0,1331.0,2.0,159780.0,54
2023-05-10 21:36:33,jm2307,jm2307,1331.0,0.0,0.0,0.0,2,1313.5,1359.0,2,1320.5,1332.0,1332.0,1331.0,2.0,159780.0,54
2023-05-10 21:36:34,jm2307,jm2307,1331.0,0.0,0.0,0.0,2,1313.5,1358.5,3,1320.5,1332.0,1332.0,1331.0,2.0,159780.0,54
2023-05-10 21:37:17,jm2307,jm2307,1331.0,0.0,0.0,0.0,2,1313.5,1358.0,2,1320.5,1332.0,1332.0,1331.0,2.0,159780.0,54
2023-05-10 21:37:18,jm2307,jm2307,1331.0,0.0,0.0,0.0,2,1313.5,1357.5,3,1320.5,1332.0,1332.0,1331.0,2.0,159780.0,54
2023-05-10 21:38:01,jm2307,jm2307,1331.0,0.0,0.0,0.0,2,1313.5,1357.0,2,1320.5,1332.0,1332.0,1331.0,2.0,159780.0,54
2023-05-10 21:38:02,jm2307,jm2307,1331.0,0.0,0.0,0.0,2,1313.5,1356.5,3,1320.5,1332.0,1332.0,1331.0,2.0,159780.0,54
2023-05-10 21:38:21,jm2307,jm2307,1331.0,0.0,0.0,0.0,1,1313.5,1356.5,3,1320.5,1332.0,1332.0,1331.0,2.0,159780.0,54
2023-05-10 21:38:22,jm2307,jm2307,1331.0,0.0,0.0,0.0,2,1313.5,1356.5,3,1320.5,1332.0,1332.0,1331.0,2.0,159780.0,54
2023-05-10 21:38:46,jm2307,jm2307,1331.0,0.0,0.0,0.0,2,1314.0,1356.5,3,1320.5,1332.0,1332.0,1331.0,2.0,159780.0,54
2023-05-10 21:38:46,jm2307,jm2307,1331.0,0.0,0.0,0.0,1,1314.5,1356.5,3,1320.5,1332.0,1332.0,1331.0,2.0,159780.0,54
2023-05-10 21:38:49,jm2307,jm2307,1331.0,0.0,0.0,0.0,2,1314.5,1356.5,3,1320.5,1332.0,1332.0,1331.0,2.0,159780.0,54
2023-05-10 21:39:01,jm2307,jm2307,1331.0,0.0,0.0,0.0,1,1314.5,1356.5,3,1320.5,1332.0,1332.0,1331.0,2.0,159780.0,54
2023-05-10 21:39:29,jm2307,jm2307,1331.0,0.0,0.0,0.0,1,1314.5,1356.0,2,1320.5,1332.0,1332.0,1331.0,2.0,159780.0,54
2023-05-10 21:39:30,jm2307,jm2307,1331.0,0.0,0.0,0.0,1,1314.5,1355.5,3,1320.5,1332.0,1332.0,1331.0,2.0,159780.0,54
2023-05-10 21:39:46,jm2307,jm2307,1331.0,0.0,0.0,0.0,1,1259.5,1355.5,3,1320.5,1332.0,1332.0,1331.0,2.0,159780.0,54
2023-05-10 21:39:46,jm2307,jm2307,1331.0,0.0,0.0,0.0,1,1262.0,1355.5,3,1320.5,1332.0,1332.0,1331.0,2.0,159780.0,54
2023-05-10 21:39:47,jm2307,jm2307,1331.0,0.0,0.0,0.0,3,1262.5,1355.5,3,1320.5,1332.0,1332.0,1331.0,2.0,159780.0,54
2023-05-10 21:39:47,jm2307,jm2307,1331.0,0.0,0.0,0.0,1,1265.0,1355.5,3,1320.5,1332.0,1332.0,1331.0,2.0,159780.0,54
2023-05-10 21:39:48,jm2307,jm2307,1331.0,0.0,0.0,0.0,3,1265.5,1355.5,3,1320.5,1332.0,1332.0,1331.0,2.0,159780.0,54
2023-05-10 21:39:48,jm2307,jm2307,1331.0,0.0,0.0,0.0,1,1268.0,1355.5,3,1320.5,1332.0,1332.0,1331.0,2.0,159780.0,54
2023-05-10 21:39:49,jm2307,jm2307,1331.0,0.0,0.0,0.0,3,1268.5,1355.5,3,1320.5,1332.0,1332.0,1331.0,2.0,159780.0,54
2023-05-10 21:39:49,jm2307,jm2307,1331.0,0.0,0.0,0.0,1,1271.0,1355.5,3,1320.5,1332.0,1332.0,1331.0,2.0,159780.0,54
2023-05-10 21:39:50,jm2307,jm2307,1331.0,0.0,0.0,0.0,3,1271.5,1355.5,3,1320.5,1332.0,1332.0,1331.0,2.0,159780.0,54
2023-05-10 21:39:50,jm2307,jm2307,1331.0,0.0,0.0,0.0,1,1274.0,1355.5,3,1320.5,1332.0,1332.0,1331.0,2.0,159780.0,54
2023-05-10 21:39:51,jm2307,jm2307,1331.0,0.0,0.0,0.0,2,1274.5,1355.5,3,1320.5,1332.0,1332.0,1331.0,2.0,159780.0,54
2023-05-10 21:39:51,jm2307,jm2307,1331.0,0.0,0.0,0.0,1,1277.0,1355.5,3,1320.5,1332.0,1332.0,1331.0,2.0,159780.0,54
2023-05-10 21:39:52,jm2307,jm2307,1331.0,0.0,0.0,0.0,2,1277.5,1355.5,3,1320.5,1332.0,1332.0,1331.0,2.0,159780.0,54
2023-05-10 21:39:52,jm2307,jm2307,1331.0,0.0,0.0,0.0,1,1280.0,1355.5,3,1320.5,1332.0,1332.0,1331.0,2.0,159780.0,54
2023-05-10 21:39:53,jm2307,jm2307,1331.0,0.0,0.0,0.0,2,1280.5,1355.5,3,1320.5,1332.0,1332.0,1331.0,2.0,159780.0,54
2023-05-10 21:39:53,jm2307,jm2307,1331.0,0.0,0.0,0.0,1,1283.0,1355.5,3,1320.5,1332.0,1332.0,1331.0,2.0,159780.0,54
2023-05-10 21:39:54,jm2307,jm2307,1331.0,0.0,0.0,0.0,2,1283.5,1355.5,3,1320.5,1332.0,1332.0,1331.0,2.0,159780.0,54
2023-05-10 21:39:54,jm2307,jm2307,1331.0,0.0,0.0,0.0,1,1286.0,1355.5,3,1320.5,1332.0,1332.0,1331.0,2.0,159780.0,54
2023-05-10 21:39:55,jm2307,jm2307,1331.0,0.0,0.0,0.0,2,1286.5,1355.5,3,1320.5,1332.0,1332.0,1331.0,2.0,159780.0,54
2023-05-10 21:39:55,jm2307,jm2307,1331.0,0.0,0.0,0.0,1,1289.0,1355.5,3,1320.5,1332.0,1332.0,1331.0,2.0,159780.0,54
2023-05-10 21:39:56,jm2307,jm2307,1331.0,0.0,0.0,0.0,2,1289.5,1355.5,3,1320.5,1332.0,1332.0,1331.0,2.0,159780.0,54
2023-05-10 21:39:56,jm2307,jm2307,1331.0,0.0,0.0,0.0,1,1292.0,1355.5,3,1320.5,1332.0,1332.0,1331.0,2.0,159780.0,54
2023-05-10 21:39:57,jm2307,jm2307,1331.0,0.0,0.0,0.0,2,1292.5,1355.5,3,1320.5,1332.0,1332.0,1331.0,2.0,159780.0,54
2023-05-10 21:39:57,jm2307,jm2307,1331.0,0.0,0.0,0.0,1,1295.0,1355.5,3,1320.5,1332.0,1332.0,1331.0,2.0,159780.0,54
2023-05-10 21:39:58,jm2307,jm2307,1331.0,0.0,0.0,0.0,2,1295.5,1355.5,3,1320.5,1332.0,1332.0,1331.0,2.0,159780.0,54
2023-05-10 21:39:59,jm2307,jm2307,1331.0,0.0,0.0,0.0,4,1295.5,1355.5,3,1320.5,1332.0,1332.0,1331.0,2.0,159780.0,54
2023-05-10 21:40:12,jm2307,jm2307,1331.0,0.0,0.0,0.0,2,1296.0,1355.5,3,1320.5,1332.0,1332.0,1331.0,2.0,159780.0,54
2023-05-10 21:40:13,jm2307,jm2307,1331.0,0.0,0.0,0.0,2,1296.5,1355.5,3,1320.5,1332.0,1332.0,1331.0,2.0,159780.0,54
2023-05-10 21:40:14,jm2307,jm2307,1331.0,0.0,0.0,0.0,4,1296.5,1355.5,3,1320.5,1332.0,1332.0,1331.0,2.0,159780.0,54
2023-05-10 21:40:56,jm2307,jm2307,1331.0,0.0,0.0,0.0,2,1297.0,1355.5,3,1320.5,1332.0,1332.0,1331.0,2.0,159780.0,54
2023-05-10 21:40:56,jm2307,jm2307,1331.0,0.0,0.0,0.0,2,1297.5,1355.5,3,1320.5,1332.0,1332.0,1331.0,2.0,159780.0,54
2023-05-10 21:40:57,jm2307,jm2307,1331.0,0.0,0.0,0.0,4,1297.5,1355.5,3,1320.5,1332.0,1332.0,1331.0,2.0,159780.0,54
2023-05-10 21:41:34,jm2307,jm2307,1331.0,0.0,0.0,0.0,3,1297.5,1355.5,3,1320.5,1332.0,1332.0,1331.0,2.0,159780.0,54
2023-05-10 21:41:35,jm2307,jm2307,1331.0,0.0,0.0,0.0,1,1298.0,1355.5,3,1320.5,1332.0,1332.0,1331.0,2.0,159780.0,54
2023-05-10 21:41:36,jm2307,jm2307,1331.0,0.0,0.0,0.0,1,1298.5,1355.5,3,1320.5,1332.0,1332.0,1331.0,2.0,159780.0,54
2023-05-10 21:41:37,jm2307,jm2307,1331.0,0.0,0.0,0.0,3,1298.5,1355.5,3,1320.5,1332.0,1332.0,1331.0,2.0,159780.0,54
2023-05-10 21:41:40,jm2307,jm2307,1331.0,0.0,0.0,0.0,2,1299.0,1355.5,3,1320.5,1332.0,1332.0,1331.0,2.0,159780.0,54
2023-05-10 21:41:41,jm2307,jm2307,1331.0,0.0,0.0,0.0,1,1299.5,1355.5,3,1320.5,1332.0,1332.0,1331.0,2.0,159780.0,54
2023-05-10 21:41:42,jm2307,jm2307,1331.0,0.0,0.0,0.0,3,1299.5,1355.5,3,1320.5,1332.0,1332.0,1331.0,2.0,159780.0,54
2023-05-10 21:42:19,jm2307,jm2307,1331.0,0.0,0.0,0.0,1,1300.0,1355.5,3,1320.5,1332.0,1332.0,1331.0,2.0,159780.0,54
2023-05-10 21:42:20,jm2307,jm2307,1331.0,0.0,0.0,0.0,1,1300.5,1355.5,3,1320.5,1332.0,1332.0,1331.0,2.0,159780.0,54
2023-05-10 21:42:21,jm2307,jm2307,1331.0,0.0,0.0,0.0,2,1300.5,1355.5,3,1320.5,1332.0,1332.0,1331.0,2.0,159780.0,54
2023-05-10 21:42:21,jm2307,jm2307,1331.0,0.0,0.0,0.0,3,1300.5,1355.5,3,1320.5,1332.0,1332.0,1331.0,2.0,159780.0,54
2023-05-10 21:42:24,jm2307,jm2307,1331.0,0.0,0.0,0.0,2,1301.0,1355.5,3,1320.5,1332.0,1332.0,1331.0,2.0,159780.0,54
2023-05-10 21:42:24,jm2307,jm2307,1331.0,0.0,0.0,0.0,1,1301.5,1355.5,3,1320.5,1332.0,1332.0,1331.0,2.0,159780.0,54
2023-05-10 21:42:25,jm2307,jm2307,1331.0,0.0,0.0,0.0,2,1301.5,1355.5,3,1320.5,1332.0,1332.0,1331.0,2.0,159780.0,54
2023-05-10 21:43:08,jm2307,jm2307,1331.0,0.0,0.0,0.0,2,1302.0,1355.5,3,1320.5,1332.0,1332.0,1331.0,2.0,159780.0,54
2023-05-10 21:43:08,jm2307,jm2307,1331.0,0.0,0.0,0.0,1,1302.5,1355.5,3,1320.5,1332.0,1332.0,1331.0,2.0,159780.0,54
2023-05-10 21:43:10,jm2307,jm2307,1331.0,0.0,0.0,0.0,2,1302.5,1355.5,3,1320.5,1332.0,1332.0,1331.0,2.0,159780.0,54
2023-05-10 21:43:54,jm2307,jm2307,1331.0,0.0,0.0,0.0,2,1303.0,1355.5,3,1320.5,1332.0,1332.0,1331.0,2.0,159780.0,54
2023-05-10 21:43:55,jm2307,jm2307,1331.0,0.0,0.0,0.0,1,1303.5,1355.5,3,1320.5,1332.0,1332.0,1331.0,2.0,159780.0,54
2023-05-10 21:43:56,jm2307,jm2307,1331.0,0.0,0.0,0.0,2,1303.5,1355.5,3,1320.5,1332.0,1332.0,1331.0,2.0,159780.0,54
2023-05-10 21:44:38,jm2307,jm2307,1331.0,0.0,0.0,0.0,2,1304.0,1355.5,3,1320.5,1332.0,1332.0,1331.0,2.0,159780.0,54
2023-05-10 21:44:39,jm2307,jm2307,1331.0,0.0,0.0,0.0,1,1304.5,1355.5,3,1320.5,1332.0,1332.0,1331.0,2.0,159780.0,54
2023-05-10 21:44:40,jm2307,jm2307,1331.0,0.0,0.0,0.0,2,1304.5,1355.5,3,1320.5,1332.0,1332.0,1331.0,2.0,159780.0,54
2023-05-10 21:45:22,jm2307,jm2307,1331.0,0.0,0.0,0.0,2,1305.0,1355.5,3,1320.5,1332.0,1332.0,1331.0,2.0,159780.0,54
2023-05-10 21:45:23,jm2307,jm2307,1331.0,0.0,0.0,0.0,1,1305.5,1355.5,3,1320.5,1332.0,1332.0,1331.0,2.0,159780.0,54
2023-05-10 21:45:24,jm2307,jm2307,1331.0,0.0,0.0,0.0,2,1305.5,1355.5,3,1320.5,1332.0,1332.0,1331.0,2.0,159780.0,54
2023-05-10 21:45:56,jm2307,jm2307,1331.0,0.0,0.0,0.0,1,1305.5,1355.5,3,1320.5,1332.0,1332.0,1331.0,2.0,159780.0,54
2023-05-10 21:46:03,jm2307,jm2307,1331.0,0.0,0.0,0.0,2,1305.5,1355.5,3,1320.5,1332.0,1332.0,1331.0,2.0,159780.0,54
2023-05-10 21:46:04,jm2307,jm2307,1331.0,0.0,0.0,0.0,1,1305.5,1355.5,3,1320.5,1332.0,1332.0,1331.0,2.0,159780.0,54
2023-05-10 21:46:05,jm2307,jm2307,1331.0,0.0,0.0,0.0,2,1306.0,1355.5,3,1320.5,1332.0,1332.0,1331.0,2.0,159780.0,54
2023-05-10 21:46:06,jm2307,jm2307,1331.0,0.0,0.0,0.0,1,1306.5,1355.5,3,1320.5,1332.0,1332.0,1331.0,2.0,159780.0,54
2023-05-10 21:46:48,jm2307,jm2307,1331.0,0.0,0.0,0.0,2,1307.0,1355.5,3,1320.5,1332.0,1332.0,1331.0,2.0,159780.0,54
2023-05-10 21:46:49,jm2307,jm2307,1331.0,0.0,0.0,0.0,1,1307.5,1355.5,3,1320.5,1332.0,1332.0,1331.0,2.0,159780.0,54
2023-05-10 21:47:31,jm2307,jm2307,1331.0,0.0,0.0,0.0,2,1308.0,1355.5,3,1320.5,1332.0,1332.0,1331.0,2.0,159780.0,54
2023-05-10 21:47:32,jm2307,jm2307,1331.0,0.0,0.0,0.0,1,1308.5,1355.5,3,1320.5,1332.0,1332.0,1331.0,2.0,159780.0,54
2023-05-10 21:48:14,jm2307,jm2307,1331.0,0.0,0.0,0.0,1,1308.5,1355.0,2,1320.5,1332.0,1332.0,1331.0,2.0,159780.0,54
2023-05-10 21:48:15,jm2307,jm2307,1331.0,0.0,0.0,0.0,1,1308.5,1354.5,3,1320.5,1332.0,1332.0,1331.0,2.0,159780.0,54
2023-05-10 21:48:44,jm2307,jm2307,1331.0,0.0,0.0,0.0,1,1262.0,1354.5,3,1320.5,1332.0,1332.0,1331.0,2.0,159780.0,54
2023-05-10 21:48:45,jm2307,jm2307,1331.0,0.0,0.0,0.0,3,1262.5,1354.5,3,1320.5,1332.0,1332.0,1331.0,2.0,159780.0,54
2023-05-10 21:48:45,jm2307,jm2307,1331.0,0.0,0.0,0.0,1,1265.0,1354.5,3,1320.5,1332.0,1332.0,1331.0,2.0,159780.0,54
2023-05-10 21:48:46,jm2307,jm2307,1331.0,0.0,0.0,0.0,3,1265.5,1354.5,3,1320.5,1332.0,1332.0,1331.0,2.0,159780.0,54
2023-05-10 21:48:46,jm2307,jm2307,1331.0,0.0,0.0,0.0,1,1268.0,1354.5,3,1320.5,1332.0,1332.0,1331.0,2.0,159780.0,54
2023-05-10 21:48:47,jm2307,jm2307,1331.0,0.0,0.0,0.0,2,1268.5,1354.5,3,1320.5,1332.0,1332.0,1331.0,2.0,159780.0,54
2023-05-10 21:48:47,jm2307,jm2307,1331.0,0.0,0.0,0.0,1,1271.0,1354.5,3,1320.5,1332.0,1332.0,1331.0,2.0,159780.0,54
2023-05-10 21:48:48,jm2307,jm2307,1331.0,0.0,0.0,0.0,2,1271.5,1354.5,3,1320.5,1332.0,1332.0,1331.0,2.0,159780.0,54
2023-05-10 21:48:48,jm2307,jm2307,1331.0,0.0,0.0,0.0,1,1274.0,1354.5,3,1320.5,1332.0,1332.0,1331.0,2.0,159780.0,54
2023-05-10 21:48:49,jm2307,jm2307,1331.0,0.0,0.0,0.0,2,1274.5,1354.5,3,1320.5,1332.0,1332.0,1331.0,2.0,159780.0,54
2023-05-10 21:48:49,jm2307,jm2307,1331.0,0.0,0.0,0.0,1,1277.0,1354.5,3,1320.5,1332.0,1332.0,1331.0,2.0,159780.0,54
2023-05-10 21:48:50,jm2307,jm2307,1331.0,0.0,0.0,0.0,2,1277.5,1354.5,3,1320.5,1332.0,1332.0,1331.0,2.0,159780.0,54
2023-05-10 21:48:50,jm2307,jm2307,1331.0,0.0,0.0,0.0,1,1280.0,1354.5,3,1320.5,1332.0,1332.0,1331.0,2.0,159780.0,54
2023-05-10 21:48:51,jm2307,jm2307,1331.0,0.0,0.0,0.0,2,1280.5,1354.5,3,1320.5,1332.0,1332.0,1331.0,2.0,159780.0,54
2023-05-10 21:48:51,jm2307,jm2307,1331.0,0.0,0.0,0.0,1,1283.0,1354.5,3,1320.5,1332.0,1332.0,1331.0,2.0,159780.0,54
2023-05-10 21:48:52,jm2307,jm2307,1331.0,0.0,0.0,0.0,2,1283.5,1354.5,3,1320.5,1332.0,1332.0,1331.0,2.0,159780.0,54
2023-05-10 21:48:52,jm2307,jm2307,1331.0,0.0,0.0,0.0,1,1286.0,1354.5,3,1320.5,1332.0,1332.0,1331.0,2.0,159780.0,54
2023-05-10 21:48:53,jm2307,jm2307,1331.0,0.0,0.0,0.0,2,1286.5,1354.5,3,1320.5,1332.0,1332.0,1331.0,2.0,159780.0,54
2023-05-10 21:48:53,jm2307,jm2307,1331.0,0.0,0.0,0.0,1,1289.0,1354.5,3,1320.5,1332.0,1332.0,1331.0,2.0,159780.0,54
2023-05-10 21:48:54,jm2307,jm2307,1331.0,0.0,0.0,0.0,2,1289.5,1354.5,3,1320.5,1332.0,1332.0,1331.0,2.0,159780.0,54
2023-05-10 21:48:56,jm2307,jm2307,1331.0,0.0,0.0,0.0,4,1289.5,1354.5,3,1320.5,1332.0,1332.0,1331.0,2.0,159780.0,54
2023-05-10 21:48:58,jm2307,jm2307,1331.0,0.0,0.0,0.0,2,1290.0,1354.5,3,1320.5,1332.0,1332.0,1331.0,2.0,159780.0,54
2023-05-10 21:48:58,jm2307,jm2307,1331.0,0.0,0.0,0.0,2,1290.5,1354.5,3,1320.5,1332.0,1332.0,1331.0,2.0,159780.0,54
2023-05-10 21:48:59,jm2307,jm2307,1331.0,0.0,0.0,0.0,4,1290.5,1354.5,3,1320.5,1332.0,1332.0,1331.0,2.0,159780.0,54
2023-05-10 21:49:02,jm2307,jm2307,1331.0,0.0,0.0,0.0,3,1290.5,1354.5,3,1320.5,1332.0,1332.0,1331.0,2.0,159780.0,54
2023-05-10 21:49:26,jm2307,jm2307,1331.0,0.0,0.0,0.0,1,1291.0,1354.5,3,1320.5,1332.0,1332.0,1331.0,2.0,159780.0,54
2023-05-10 21:49:27,jm2307,jm2307,1331.0,0.0,0.0,0.0,1,1291.5,1354.5,3,1320.5,1332.0,1332.0,1331.0,2.0,159780.0,54
2023-05-10 21:49:28,jm2307,jm2307,1331.0,0.0,0.0,0.0,1,1292.0,1354.5,3,1320.5,1332.0,1332.0,1331.0,2.0,159780.0,54
2023-05-10 21:49:28,jm2307,jm2307,1331.0,0.0,0.0,0.0,1,1292.5,1354.5,3,1320.5,1332.0,1332.0,1331.0,2.0,159780.0,54
2023-05-10 21:49:29,jm2307,jm2307,1331.0,0.0,0.0,0.0,1,1293.0,1354.5,3,1320.5,1332.0,1332.0,1331.0,2.0,159780.0,54
2023-05-10 21:49:29,jm2307,jm2307,1331.0,0.0,0.0,0.0,1,1293.5,1354.5,3,1320.5,1332.0,1332.0,1331.0,2.0,159780.0,54
2023-05-10 21:49:30,jm2307,jm2307,1331.0,0.0,0.0,0.0,3,1293.5,1354.5,3,1320.5,1332.0,1332.0,1331.0,2.0,159780.0,54
2023-05-10 21:49:42,jm2307,jm2307,1331.0,0.0,0.0,0.0,2,1294.0,1354.5,3,1320.5,1332.0,1332.0,1331.0,2.0,159780.0,54
2023-05-10 21:49:42,jm2307,jm2307,1331.0,0.0,0.0,0.0,1,1294.5,1354.5,3,1320.5,1332.0,1332.0,1331.0,2.0,159780.0,54
2023-05-10 21:49:43,jm2307,jm2307,1331.0,0.0,0.0,0.0,2,1294.5,1354.5,3,1320.5,1332.0,1332.0,1331.0,2.0,159780.0,54
2023-05-10 21:49:49,jm2307,jm2307,1331.0,0.0,0.0,0.0,3,1294.5,1354.5,3,1320.5,1332.0,1332.0,1331.0,2.0,159780.0,54
2023-05-10 21:49:54,jm2307,jm2307,1331.0,0.0,0.0,0.0,2,1294.5,1354.5,3,1320.5,1332.0,1332.0,1331.0,2.0,159780.0,54
2023-05-10 21:50:01,jm2307,jm2307,1331.0,0.0,0.0,0.0,3,1294.5,1354.5,3,1320.5,1332.0,1332.0,1331.0,2.0,159780.0,54
2023-05-10 21:50:01,jm2307,jm2307,1331.0,0.0,0.0,0.0,2,1294.5,1354.5,3,1320.5,1332.0,1332.0,1331.0,2.0,159780.0,54
2023-05-10 21:50:05,jm2307,jm2307,1331.0,0.0,0.0,0.0,3,1294.5,1354.5,3,1320.5,1332.0,1332.0,1331.0,2.0,159780.0,54
2023-05-10 21:50:25,jm2307,jm2307,1331.0,0.0,0.0,0.0,2,1295.0,1354.5,3,1320.5,1332.0,1332.0,1331.0,2.0,159780.0,54
2023-05-10 21:50:26,jm2307,jm2307,1331.0,0.0,0.0,0.0,1,1295.5,1354.5,3,1320.5,1332.0,1332.0,1331.0,2.0,159780.0,54
2023-05-10 21:50:27,jm2307,jm2307,1331.0,0.0,0.0,0.0,3,1295.5,1354.5,3,1320.5,1332.0,1332.0,1331.0,2.0,159780.0,54
2023-05-10 21:50:42,jm2307,jm2307,1331.0,0.0,0.0,0.0,2,1295.5,1354.5,3,1320.5,1332.0,1332.0,1331.0,2.0,159780.0,54
2023-05-10 21:50:45,jm2307,jm2307,1331.0,0.0,0.0,0.0,3,1295.5,1354.5,3,1320.5,1332.0,1332.0,1331.0,2.0,159780.0,54
2023-05-10 21:50:49,jm2307,jm2307,1331.0,0.0,0.0,0.0,2,1295.5,1354.5,3,1320.5,1332.0,1332.0,1331.0,2.0,159780.0,54
2023-05-10 21:51:10,jm2307,jm2307,1331.0,0.0,0.0,0.0,2,1296.0,1354.5,3,1320.5,1332.0,1332.0,1331.0,2.0,159780.0,54
2023-05-10 21:51:11,jm2307,jm2307,1331.0,0.0,0.0,0.0,1,1296.5,1354.5,3,1320.5,1332.0,1332.0,1331.0,2.0,159780.0,54
2023-05-10 21:51:12,jm2307,jm2307,1331.0,0.0,0.0,0.0,2,1296.5,1354.5,3,1320.5,1332.0,1332.0,1331.0,2.0,159780.0,54
2023-05-10 21:51:54,jm2307,jm2307,1331.0,0.0,0.0,0.0,2,1297.0,1354.5,3,1320.5,1332.0,1332.0,1331.0,2.0,159780.0,54
2023-05-10 21:51:54,jm2307,jm2307,1331.0,0.0,0.0,0.0,1,1297.5,1354.5,3,1320.5,1332.0,1332.0,1331.0,2.0,159780.0,54
2023-05-10 21:51:55,jm2307,jm2307,1331.0,0.0,0.0,0.0,2,1297.5,1354.5,3,1320.5,1332.0,1332.0,1331.0,2.0,159780.0,54
2023-05-10 21:52:02,jm2307,jm2307,1331.0,0.0,0.0,0.0,1,1297.5,1354.5,3,1320.5,1332.0,1332.0,1331.0,2.0,159780.0,54
2023-05-10 21:52:12,jm2307,jm2307,1331.0,0.0,0.0,0.0,2,1297.5,1354.5,3,1320.5,1332.0,1332.0,1331.0,2.0,159780.0,54
2023-05-10 21:52:13,jm2307,jm2307,1331.0,0.0,0.0,0.0,1,1297.5,1354.5,3,1320.5,1332.0,1332.0,1331.0,2.0,159780.0,54
2023-05-10 21:52:23,jm2307,jm2307,1331.0,0.0,0.0,0.0,2,1297.5,1354.5,3,1320.5,1332.0,1332.0,1331.0,2.0,159780.0,54
2023-05-10 21:52:28,jm2307,jm2307,1331.0,0.0,0.0,0.0,1,1297.5,1354.5,3,1320.5,1332.0,1332.0,1331.0,2.0,159780.0,54
2023-05-10 21:52:29,jm2307,jm2307,1331.0,0.0,0.0,0.0,2,1297.5,1354.5,3,1320.5,1332.0,1332.0,1331.0,2.0,159780.0,54
2023-05-10 21:52:37,jm2307,jm2307,1331.0,0.0,0.0,0.0,2,1298.0,1354.5,3,1320.5,1332.0,1332.0,1331.0,2.0,159780.0,54
2023-05-10 21:52:38,jm2307,jm2307,1331.0,0.0,0.0,0.0,1,1298.5,1354.5,3,1320.5,1332.0,1332.0,1331.0,2.0,159780.0,54
2023-05-10 21:52:41,jm2307,jm2307,1331.0,0.0,0.0,0.0,2,1298.5,1354.5,3,1320.5,1332.0,1332.0,1331.0,2.0,159780.0,54
2023-05-10 21:52:42,jm2307,jm2307,1331.0,0.0,0.0,0.0,1,1298.5,1354.5,3,1320.5,1332.0,1332.0,1331.0,2.0,159780.0,54
2023-05-10 21:53:10,jm2307,jm2307,1331.0,0.0,0.0,0.0,2,1298.5,1354.5,3,1320.5,1332.0,1332.0,1331.0,2.0,159780.0,54
2023-05-10 21:53:13,jm2307,jm2307,1331.0,0.0,0.0,0.0,1,1298.5,1354.5,3,1320.5,1332.0,1332.0,1331.0,2.0,159780.0,54
2023-05-10 21:53:21,jm2307,jm2307,1331.0,0.0,0.0,0.0,1,1298.5,1354.0,2,1320.5,1332.0,1332.0,1331.0,2.0,159780.0,54
2023-05-10 21:53:21,jm2307,jm2307,1331.0,0.0,0.0,0.0,1,1298.5,1353.5,3,1320.5,1332.0,1332.0,1331.0,2.0,159780.0,54
2023-05-10 21:53:22,jm2307,jm2307,1331.0,0.0,0.0,0.0,2,1298.5,1353.5,3,1320.5,1332.0,1332.0,1331.0,2.0,159780.0,54
2023-05-10 21:54:04,jm2307,jm2307,1331.0,0.0,0.0,0.0,2,1299.0,1353.5,3,1320.5,1332.0,1332.0,1331.0,2.0,159780.0,54
2023-05-10 21:54:05,jm2307,jm2307,1331.0,0.0,0.0,0.0,1,1299.5,1353.5,3,1320.5,1332.0,1332.0,1331.0,2.0,159780.0,54
2023-05-10 21:54:49,jm2307,jm2307,1331.0,0.0,0.0,0.0,1,1299.5,1353.0,2,1320.5,1332.0,1332.0,1331.0,2.0,159780.0,54
2023-05-10 21:54:49,jm2307,jm2307,1331.0,0.0,0.0,0.0,1,1299.5,1352.5,3,1320.5,1332.0,1332.0,1331.0,2.0,159780.0,54
2023-05-10 21:55:32,jm2307,jm2307,1331.0,0.0,0.0,0.0,1,1299.5,1352.0,2,1320.5,1332.0,1332.0,1331.0,2.0,159780.0,54
2023-05-10 21:55:32,jm2307,jm2307,1331.0,0.0,0.0,0.0,1,1299.5,1351.5,3,1320.5,1332.0,1332.0,1331.0,2.0,159780.0,54
2023-05-10 21:55:43,jm2307,jm2307,1331.0,0.0,0.0,0.0,1,1300.0,1351.5,3,1320.5,1332.0,1332.0,1331.0,2.0,159780.0,54
2023-05-10 21:55:43,jm2307,jm2307,1331.0,0.0,0.0,0.0,1,1300.5,1351.5,3,1320.5,1332.0,1332.0,1331.0,2.0,159780.0,54
2023-05-10 21:56:15,jm2307,jm2307,1331.0,0.0,0.0,0.0,1,1300.5,1351.0,2,1320.5,1332.0,1332.0,1331.0,2.0,159780.0,54
2023-05-10 21:56:15,jm2307,jm2307,1331.0,0.0,0.0,0.0,1,1300.5,1350.5,3,1320.5,1332.0,1332.0,1331.0,2.0,159780.0,54
2023-05-10 21:56:58,jm2307,jm2307,1331.0,0.0,0.0,0.0,1,1300.5,1350.0,2,1320.5,1332.0,1332.0,1331.0,2.0,159780.0,54
2023-05-10 21:56:59,jm2307,jm2307,1331.0,0.0,0.0,0.0,1,1300.5,1349.5,3,1320.5,1332.0,1332.0,1331.0,2.0,159780.0,54
2023-05-10 21:57:18,jm2307,jm2307,1331.0,0.0,0.0,0.0,2,1300.5,1349.5,3,1320.5,1332.0,1332.0,1331.0,2.0,159780.0,54
2023-05-10 21:57:42,jm2307,jm2307,1331.0,0.0,0.0,0.0,2,1301.0,1349.5,3,1320.5,1332.0,1332.0,1331.0,2.0,159780.0,54
2023-05-10 21:57:42,jm2307,jm2307,1331.0,0.0,0.0,0.0,1,1301.5,1349.5,3,1320.5,1332.0,1332.0,1331.0,2.0,159780.0,54
2023-05-10 21:57:43,jm2307,jm2307,1331.0,0.0,0.0,0.0,2,1301.5,1349.5,3,1320.5,1332.0,1332.0,1331.0,2.0,159780.0,54
2023-05-10 21:57:48,jm2307,jm2307,1331.0,0.0,0.0,0.0,2,1301.5,1349.5,2,1320.5,1332.0,1332.0,1331.0,2.0,159780.0,54
2023-05-10 21:57:52,jm2307,jm2307,1331.0,0.0,0.0,0.0,1,1301.5,1349.5,2,1320.5,1332.0,1332.0,1331.0,2.0,159780.0,54
2023-05-10 21:58:27,jm2307,jm2307,1331.0,0.0,0.0,0.0,1,1301.5,1349.0,2,1320.5,1332.0,1332.0,1331.0,2.0,159780.0,54
2023-05-10 21:58:27,jm2307,jm2307,1331.0,0.0,0.0,0.0,1,1301.5,1348.5,2,1320.5,1332.0,1332.0,1331.0,2.0,159780.0,54
2023-05-10 21:58:36,jm2307,jm2307,1331.0,0.0,0.0,0.0,1,1301.5,1348.0,1,1320.5,1332.0,1332.0,1331.0,2.0,159780.0,54
2023-05-10 21:58:37,jm2307,jm2307,1331.0,0.0,0.0,0.0,1,1301.5,1347.5,2,1320.5,1332.0,1332.0,1331.0,2.0,159780.0,54
2023-05-10 21:58:37,jm2307,jm2307,1331.0,0.0,0.0,0.0,1,1301.5,1347.0,2,1320.5,1332.0,1332.0,1331.0,2.0,159780.0,54
2023-05-10 21:58:38,jm2307,jm2307,1331.0,0.0,0.0,0.0,1,1301.5,1346.5,2,1320.5,1332.0,1332.0,1331.0,2.0,159780.0,54
2023-05-10 21:58:38,jm2307,jm2307,1331.0,0.0,0.0,0.0,1,1301.5,1346.0,1,1320.5,1332.0,1332.0,1331.0,2.0,159780.0,54
2023-05-10 21:58:39,jm2307,jm2307,1331.0,0.0,0.0,0.0,1,1301.5,1345.5,2,1320.5,1332.0,1332.0,1331.0,2.0,159780.0,54
2023-05-10 21:58:39,jm2307,jm2307,1331.0,0.0,0.0,0.0,1,1301.5,1345.0,1,1320.5,1332.0,1332.0,1331.0,2.0,159780.0,54
2023-05-10 21:58:40,jm2307,jm2307,1331.0,0.0,0.0,0.0,1,1301.5,1344.5,2,1320.5,1332.0,1332.0,1331.0,2.0,159780.0,54
2023-05-10 21:58:40,jm2307,jm2307,1331.0,0.0,0.0,0.0,1,1301.5,1344.0,1,1320.5,1332.0,1332.0,1331.0,2.0,159780.0,54
2023-05-10 21:58:41,jm2307,jm2307,1331.0,0.0,0.0,0.0,1,1301.5,1343.5,1,1320.5,1332.0,1332.0,1331.0,2.0,159780.0,54
2023-05-10 21:58:41,jm2307,jm2307,1331.0,0.0,0.0,0.0,1,1301.5,1343.0,1,1320.5,1332.0,1332.0,1331.0,2.0,159780.0,54
2023-05-10 21:58:42,jm2307,jm2307,1331.0,0.0,0.0,0.0,1,1301.5,1342.5,1,1320.5,1332.0,1332.0,1331.0,2.0,159780.0,54
2023-05-10 21:58:42,jm2307,jm2307,1331.0,0.0,0.0,0.0,1,1301.5,1342.0,1,1320.5,1332.0,1332.0,1331.0,2.0,159780.0,54
2023-05-10 21:58:43,jm2307,jm2307,1331.0,0.0,0.0,0.0,1,1301.5,1341.5,1,1320.5,1332.0,1332.0,1331.0,2.0,159780.0,54
2023-05-10 21:58:43,jm2307,jm2307,1331.0,0.0,0.0,0.0,1,1301.5,1341.0,1,1320.5,1332.0,1332.0,1331.0,2.0,159780.0,54
2023-05-10 21:58:44,jm2307,jm2307,1331.0,0.0,0.0,0.0,1,1301.5,1340.5,1,1320.5,1332.0,1332.0,1331.0,2.0,159780.0,54
2023-05-10 21:58:44,jm2307,jm2307,1331.0,0.0,0.0,0.0,1,1301.5,1340.0,1,1320.5,1332.0,1332.0,1331.0,2.0,159780.0,54
2023-05-10 21:58:45,jm2307,jm2307,1331.0,0.0,0.0,0.0,1,1301.5,1339.5,1,1320.5,1332.0,1332.0,1331.0,2.0,159780.0,54
2023-05-10 21:58:45,jm2307,jm2307,1331.0,0.0,0.0,0.0,1,1301.5,1339.0,1,1320.5,1332.0,1332.0,1331.0,2.0,159780.0,54
2023-05-10 21:58:46,jm2307,jm2307,1331.0,0.0,0.0,0.0,1,1301.5,1338.5,1,1320.5,1332.0,1332.0,1331.0,2.0,159780.0,54
2023-05-10 21:58:46,jm2307,jm2307,1331.0,0.0,0.0,0.0,1,1301.5,1338.0,1,1320.5,1332.0,1332.0,1331.0,2.0,159780.0,54
2023-05-10 21:58:47,jm2307,jm2307,1331.0,0.0,0.0,0.0,1,1301.5,1337.5,1,1320.5,1332.0,1332.0,1331.0,2.0,159780.0,54
2023-05-10 21:59:13,jm2307,jm2307,1331.0,0.0,0.0,0.0,2,1302.0,1337.5,1,1320.5,1332.0,1332.0,1331.0,2.0,159780.0,54
2023-05-10 21:59:13,jm2307,jm2307,1331.0,0.0,0.0,0.0,1,1302.5,1337.5,1,1320.5,1332.0,1332.0,1331.0,2.0,159780.0,54
2023-05-10 21:59:57,jm2307,jm2307,1331.0,0.0,0.0,0.0,2,1303.0,1337.5,1,1320.5,1332.0,1332.0,1331.0,2.0,159780.0,54
2023-05-10 21:59:58,jm2307,jm2307,1331.0,0.0,0.0,0.0,1,1303.5,1337.5,1,1320.5,1332.0,1332.0,1331.0,2.0,159780.0,54
2023-05-10 22:00:41,jm2307,jm2307,1331.0,0.0,0.0,0.0,2,1304.0,1337.5,1,1320.5,1332.0,1332.0,1331.0,2.0,159780.0,54
2023-05-10 22:00:41,jm2307,jm2307,1331.0,0.0,0.0,0.0,1,1304.5,1337.5,1,1320.5,1332.0,1332.0,1331.0,2.0,159780.0,54
2023-05-10 22:01:19,jm2307,jm2307,1331.0,0.0,0.0,0.0,1,1304.5,1337.0,1,1320.5,1332.0,1332.0,1331.0,2.0,159780.0,54
2023-05-10 22:01:20,jm2307,jm2307,1331.0,0.0,0.0,0.0,1,1304.5,1336.5,1,1320.5,1332.0,1332.0,1331.0,2.0,159780.0,54
2023-05-10 22:01:20,jm2307,jm2307,1331.0,0.0,0.0,0.0,1,1304.5,1336.0,1,1320.5,1332.0,1332.0,1331.0,2.0,159780.0,54
2023-05-10 22:01:21,jm2307,jm2307,1331.0,0.0,0.0,0.0,1,1304.5,1335.5,1,1320.5,1332.0,1332.0,1331.0,2.0,159780.0,54
2023-05-10 22:01:21,jm2307,jm2307,1331.0,0.0,0.0,0.0,1,1304.5,1335.0,1,1320.5,1332.0,1332.0,1331.0,2.0,159780.0,54
2023-05-10 22:01:25,jm2307,jm2307,1331.0,0.0,0.0,0.0,2,1305.0,1335.0,1,1320.5,1332.0,1332.0,1331.0,2.0,159780.0,54
2023-05-10 22:01:26,jm2307,jm2307,1331.0,0.0,0.0,0.0,1,1305.5,1335.0,1,1320.5,1332.0,1332.0,1331.0,2.0,159780.0,54
2023-05-10 22:01:30,jm2307,jm2307,1331.0,0.0,0.0,0.0,1,1305.5,1385.0,1,1320.5,1332.0,1332.0,1331.0,2.0,159780.0,54
2023-05-10 22:01:31,jm2307,jm2307,1331.0,0.0,0.0,0.0,1,1305.5,1384.5,3,1320.5,1332.0,1332.0,1331.0,2.0,159780.0,54
2023-05-10 22:01:33,jm2307,jm2307,1331.0,0.0,0.0,0.0,1,1305.5,1384.5,5,1320.5,1332.0,1332.0,1331.0,2.0,159780.0,54
2023-05-10 22:02:09,jm2307,jm2307,1331.0,0.0,0.0,0.0,1,1305.5,1384.0,2,1320.5,1332.0,1332.0,1331.0,2.0,159780.0,54
2023-05-10 22:02:10,jm2307,jm2307,1331.0,0.0,0.0,0.0,1,1305.5,1383.5,3,1320.5,1332.0,1332.0,1331.0,2.0,159780.0,54
2023-05-10 22:02:11,jm2307,jm2307,1331.0,0.0,0.0,0.0,1,1305.5,1383.5,5,1320.5,1332.0,1332.0,1331.0,2.0,159780.0,54
2023-05-10 22:02:42,jm2307,jm2307,1331.0,0.0,0.0,0.0,2,1305.5,1383.5,5,1320.5,1332.0,1332.0,1331.0,2.0,159780.0,54
2023-05-10 22:02:53,jm2307,jm2307,1331.0,0.0,0.0,0.0,2,1305.5,1383.0,2,1320.5,1332.0,1332.0,1331.0,2.0,159780.0,54
2023-05-10 22:02:54,jm2307,jm2307,1331.0,0.0,0.0,0.0,2,1305.5,1382.5,3,1320.5,1332.0,1332.0,1331.0,2.0,159780.0,54
2023-05-10 22:02:55,jm2307,jm2307,1331.0,0.0,0.0,0.0,2,1305.5,1382.5,5,1320.5,1332.0,1332.0,1331.0,2.0,159780.0,54
2023-05-10 22:03:08,jm2307,jm2307,1331.0,0.0,0.0,0.0,1,1305.5,1382.5,5,1320.5,1332.0,1332.0,1331.0,2.0,159780.0,54
2023-05-10 22:03:11,jm2307,jm2307,1331.0,0.0,0.0,0.0,2,1305.5,1382.5,5,1320.5,1332.0,1332.0,1331.0,2.0,159780.0,54
2023-05-10 22:03:12,jm2307,jm2307,1331.0,0.0,0.0,0.0,1,1305.5,1382.5,5,1320.5,1332.0,1332.0,1331.0,2.0,159780.0,54
2023-05-10 22:03:38,jm2307,jm2307,1331.0,0.0,0.0,0.0,1,1305.5,1382.0,2,1320.5,1332.0,1332.0,1331.0,2.0,159780.0,54
2023-05-10 22:03:38,jm2307,jm2307,1331.0,0.0,0.0,0.0,1,1305.5,1381.5,2,1320.5,1332.0,1332.0,1331.0,2.0,159780.0,54
2023-05-10 22:03:40,jm2307,jm2307,1331.0,0.0,0.0,0.0,1,1305.5,1381.5,4,1320.5,1332.0,1332.0,1331.0,2.0,159780.0,54
2023-05-10 22:03:51,jm2307,jm2307,1331.0,0.0,0.0,0.0,2,1305.5,1381.5,4,1320.5,1332.0,1332.0,1331.0,2.0,159780.0,54
2023-05-10 22:04:22,jm2307,jm2307,1331.0,0.0,0.0,0.0,2,1305.5,1381.0,2,1320.5,1332.0,1332.0,1331.0,2.0,159780.0,54
2023-05-10 22:04:22,jm2307,jm2307,1331.0,0.0,0.0,0.0,2,1305.5,1380.5,2,1320.5,1332.0,1332.0,1331.0,2.0,159780.0,54
2023-05-10 22:04:23,jm2307,jm2307,1331.0,0.0,0.0,0.0,2,1305.5,1380.5,4,1320.5,1332.0,1332.0,1331.0,2.0,159780.0,54
2023-05-10 22:05:06,jm2307,jm2307,1331.0,0.0,0.0,0.0,2,1305.5,1380.0,2,1320.5,1332.0,1332.0,1331.0,2.0,159780.0,54
2023-05-10 22:05:07,jm2307,jm2307,1331.0,0.0,0.0,0.0,2,1305.5,1379.5,2,1320.5,1332.0,1332.0,1331.0,2.0,159780.0,54
2023-05-10 22:05:08,jm2307,jm2307,1331.0,0.0,0.0,0.0,2,1305.5,1379.5,4,1320.5,1332.0,1332.0,1331.0,2.0,159780.0,54
2023-05-10 22:05:51,jm2307,jm2307,1331.0,0.0,0.0,0.0,2,1305.5,1379.0,2,1320.5,1332.0,1332.0,1331.0,2.0,159780.0,54
2023-05-10 22:05:51,jm2307,jm2307,1331.0,0.0,0.0,0.0,2,1305.5,1378.5,2,1320.5,1332.0,1332.0,1331.0,2.0,159780.0,54
2023-05-10 22:05:53,jm2307,jm2307,1331.0,0.0,0.0,0.0,2,1305.5,1378.5,4,1320.5,1332.0,1332.0,1331.0,2.0,159780.0,54
2023-05-10 22:06:34,jm2307,jm2307,1331.0,0.0,0.0,0.0,2,1305.5,1378.0,2,1320.5,1332.0,1332.0,1331.0,2.0,159780.0,54
2023-05-10 22:06:34,jm2307,jm2307,1331.0,0.0,0.0,0.0,2,1305.5,1377.5,2,1320.5,1332.0,1332.0,1331.0,2.0,159780.0,54
2023-05-10 22:06:35,jm2307,jm2307,1331.0,0.0,0.0,0.0,2,1305.5,1377.5,3,1320.5,1332.0,1332.0,1331.0,2.0,159780.0,54
2023-05-10 22:06:35,jm2307,jm2307,1331.0,0.0,0.0,0.0,2,1305.5,1377.5,4,1320.5,1332.0,1332.0,1331.0,2.0,159780.0,54
2023-05-10 22:07:17,jm2307,jm2307,1331.0,0.0,0.0,0.0,2,1305.5,1377.0,2,1320.5,1332.0,1332.0,1331.0,2.0,159780.0,54
2023-05-10 22:07:18,jm2307,jm2307,1331.0,0.0,0.0,0.0,2,1305.5,1376.5,2,1320.5,1332.0,1332.0,1331.0,2.0,159780.0,54
2023-05-10 22:07:18,jm2307,jm2307,1331.0,0.0,0.0,0.0,2,1305.5,1376.5,3,1320.5,1332.0,1332.0,1331.0,2.0,159780.0,54
2023-05-10 22:07:19,jm2307,jm2307,1331.0,0.0,0.0,0.0,2,1305.5,1376.5,4,1320.5,1332.0,1332.0,1331.0,2.0,159780.0,54
2023-05-10 22:08:00,jm2307,jm2307,1331.0,0.0,0.0,0.0,2,1305.5,1376.0,2,1320.5,1332.0,1332.0,1331.0,2.0,159780.0,54
2023-05-10 22:08:01,jm2307,jm2307,1331.0,0.0,0.0,0.0,2,1305.5,1375.5,2,1320.5,1332.0,1332.0,1331.0,2.0,159780.0,54
2023-05-10 22:08:02,jm2307,jm2307,1331.0,0.0,0.0,0.0,2,1305.5,1375.5,4,1320.5,1332.0,1332.0,1331.0,2.0,159780.0,54
2023-05-10 22:08:08,jm2307,jm2307,1331.0,0.0,0.0,0.0,2,1305.5,1375.5,3,1320.5,1332.0,1332.0,1331.0,2.0,159780.0,54
2023-05-10 22:08:45,jm2307,jm2307,1331.0,0.0,0.0,0.0,2,1305.5,1375.0,2,1320.5,1332.0,1332.0,1331.0,2.0,159780.0,54
2023-05-10 22:08:46,jm2307,jm2307,1331.0,0.0,0.0,0.0,2,1305.5,1374.5,2,1320.5,1332.0,1332.0,1331.0,2.0,159780.0,54
2023-05-10 22:08:47,jm2307,jm2307,1331.0,0.0,0.0,0.0,2,1305.5,1374.5,3,1320.5,1332.0,1332.0,1331.0,2.0,159780.0,54
2023-05-10 22:08:50,jm2307,jm2307,1331.0,0.0,0.0,0.0,1,1306.0,1374.5,3,1320.5,1332.0,1332.0,1331.0,2.0,159780.0,54
2023-05-10 22:08:53,jm2307,jm2307,1331.0,0.0,0.0,0.0,2,1306.0,1374.5,3,1320.5,1332.0,1332.0,1331.0,2.0,159780.0,54
2023-05-10 22:09:05,jm2307,jm2307,1331.0,0.0,0.0,0.0,2,1306.0,1374.5,4,1320.5,1332.0,1332.0,1331.0,2.0,159780.0,54
2023-05-10 22:09:14,jm2307,jm2307,1331.0,0.0,0.0,0.0,2,1306.0,1374.0,1,1320.5,1332.0,1332.0,1331.0,2.0,159780.0,54
2023-05-10 22:09:14,jm2307,jm2307,1331.0,0.0,0.0,0.0,2,1306.0,1373.5,2,1320.5,1332.0,1332.0,1331.0,2.0,159780.0,54
2023-05-10 22:09:15,jm2307,jm2307,1331.0,0.0,0.0,0.0,2,1306.0,1373.5,3,1320.5,1332.0,1332.0,1331.0,2.0,159780.0,54
2023-05-10 22:09:16,jm2307,jm2307,1331.0,0.0,0.0,0.0,2,1306.0,1373.5,4,1320.5,1332.0,1332.0,1331.0,2.0,159780.0,54
2023-05-10 22:09:17,jm2307,jm2307,1331.0,0.0,0.0,0.0,2,1306.0,1373.5,3,1320.5,1332.0,1332.0,1331.0,2.0,159780.0,54
2023-05-10 22:09:24,jm2307,jm2307,1331.0,0.0,0.0,0.0,2,1306.0,1373.5,4,1320.5,1332.0,1332.0,1331.0,2.0,159780.0,54
2023-05-10 22:09:29,jm2307,jm2307,1331.0,0.0,0.0,0.0,2,1306.0,1373.0,2,1320.5,1332.0,1332.0,1331.0,2.0,159780.0,54
2023-05-10 22:09:29,jm2307,jm2307,1331.0,0.0,0.0,0.0,2,1306.0,1372.5,2,1320.5,1332.0,1332.0,1331.0,2.0,159780.0,54
2023-05-10 22:09:30,jm2307,jm2307,1331.0,0.0,0.0,0.0,2,1306.0,1372.5,3,1320.5,1332.0,1332.0,1331.0,2.0,159780.0,54
2023-05-10 22:09:53,jm2307,jm2307,1331.0,0.0,0.0,0.0,2,1306.0,1372.5,4,1320.5,1332.0,1332.0,1331.0,2.0,159780.0,54
2023-05-10 22:10:11,jm2307,jm2307,1331.0,0.0,0.0,0.0,2,1306.0,1372.0,2,1320.5,1332.0,1332.0,1331.0,2.0,159780.0,54
2023-05-10 22:10:12,jm2307,jm2307,1331.0,0.0,0.0,0.0,2,1306.0,1371.5,2,1320.5,1332.0,1332.0,1331.0,2.0,159780.0,54
2023-05-10 22:10:13,jm2307,jm2307,1331.0,0.0,0.0,0.0,2,1306.0,1371.5,4,1320.5,1332.0,1332.0,1331.0,2.0,159780.0,54
2023-05-10 22:10:54,jm2307,jm2307,1331.0,0.0,0.0,0.0,2,1306.0,1371.0,2,1320.5,1332.0,1332.0,1331.0,2.0,159780.0,54
2023-05-10 22:10:55,jm2307,jm2307,1331.0,0.0,0.0,0.0,2,1306.0,1370.5,2,1320.5,1332.0,1332.0,1331.0,2.0,159780.0,54
2023-05-10 22:10:56,jm2307,jm2307,1331.0,0.0,0.0,0.0,2,1306.0,1370.5,3,1320.5,1332.0,1332.0,1331.0,2.0,159780.0,54
2023-05-10 22:11:37,jm2307,jm2307,1331.0,0.0,0.0,0.0,2,1306.0,1370.0,2,1320.5,1332.0,1332.0,1331.0,2.0,159780.0,54
2023-05-10 22:11:38,jm2307,jm2307,1331.0,0.0,0.0,0.0,2,1306.0,1369.5,2,1320.5,1332.0,1332.0,1331.0,2.0,159780.0,54
2023-05-10 22:11:39,jm2307,jm2307,1331.0,0.0,0.0,0.0,2,1306.0,1369.5,3,1320.5,1332.0,1332.0,1331.0,2.0,159780.0,54
2023-05-10 22:12:20,jm2307,jm2307,1331.0,0.0,0.0,0.0,2,1306.0,1369.0,2,1320.5,1332.0,1332.0,1331.0,2.0,159780.0,54
2023-05-10 22:12:21,jm2307,jm2307,1331.0,0.0,0.0,0.0,2,1306.0,1368.5,2,1320.5,1332.0,1332.0,1331.0,2.0,159780.0,54
2023-05-10 22:12:22,jm2307,jm2307,1331.0,0.0,0.0,0.0,2,1306.0,1368.5,3,1320.5,1332.0,1332.0,1331.0,2.0,159780.0,54
2023-05-10 22:13:02,jm2307,jm2307,1331.0,0.0,0.0,0.0,2,1306.0,1368.0,2,1320.5,1332.0,1332.0,1331.0,2.0,159780.0,54
2023-05-10 22:13:03,jm2307,jm2307,1331.0,0.0,0.0,0.0,2,1306.0,1367.5,2,1320.5,1332.0,1332.0,1331.0,2.0,159780.0,54
2023-05-10 22:13:05,jm2307,jm2307,1331.0,0.0,0.0,0.0,2,1306.0,1367.5,3,1320.5,1332.0,1332.0,1331.0,2.0,159780.0,54
2023-05-10 22:13:09,jm2307,jm2307,1331.0,0.0,0.0,0.0,2,1306.0,1367.5,2,1320.5,1332.0,1332.0,1331.0,2.0,159780.0,54
2023-05-10 22:13:11,jm2307,jm2307,1331.0,0.0,0.0,0.0,2,1306.0,1367.5,3,1320.5,1332.0,1332.0,1331.0,2.0,159780.0,54
2023-05-10 22:13:46,jm2307,jm2307,1331.0,0.0,0.0,0.0,2,1306.0,1367.0,2,1320.5,1332.0,1332.0,1331.0,2.0,159780.0,54
2023-05-10 22:13:47,jm2307,jm2307,1331.0,0.0,0.0,0.0,2,1306.0,1366.5,2,1320.5,1332.0,1332.0,1331.0,2.0,159780.0,54
2023-05-10 22:13:48,jm2307,jm2307,1331.0,0.0,0.0,0.0,2,1306.0,1366.5,3,1320.5,1332.0,1332.0,1331.0,2.0,159780.0,54
2023-05-10 22:14:30,jm2307,jm2307,1331.0,0.0,0.0,0.0,2,1306.0,1366.0,2,1320.5,1332.0,1332.0,1331.0,2.0,159780.0,54
2023-05-10 22:14:30,jm2307,jm2307,1331.0,0.0,0.0,0.0,2,1306.0,1365.5,2,1320.5,1332.0,1332.0,1331.0,2.0,159780.0,54
2023-05-10 22:14:31,jm2307,jm2307,1331.0,0.0,0.0,0.0,2,1306.0,1365.5,3,1320.5,1332.0,1332.0,1331.0,2.0,159780.0,54
2023-05-10 22:14:36,jm2307,jm2307,1331.0,0.0,0.0,0.0,2,1306.0,1365.5,2,1320.5,1332.0,1332.0,1331.0,2.0,159780.0,54
2023-05-10 22:15:14,jm2307,jm2307,1331.0,0.0,0.0,0.0,2,1306.0,1365.0,2,1320.5,1332.0,1332.0,1331.0,2.0,159780.0,54
2023-05-10 22:15:15,jm2307,jm2307,1331.0,0.0,0.0,0.0,2,1306.0,1364.5,2,1320.5,1332.0,1332.0,1331.0,2.0,159780.0,54
2023-05-10 22:15:43,jm2307,jm2307,1331.0,0.0,0.0,0.0,1,1307.0,1364.5,2,1320.5,1332.0,1332.0,1331.0,2.0,159780.0,54
2023-05-10 22:15:45,jm2307,jm2307,1331.0,0.0,0.0,0.0,2,1307.0,1364.5,2,1320.5,1332.0,1332.0,1331.0,2.0,159780.0,54
2023-05-10 22:15:53,jm2307,jm2307,1331.0,0.0,0.0,0.0,2,1307.0,1364.5,3,1320.5,1332.0,1332.0,1331.0,2.0,159780.0,54
2023-05-10 22:15:53,jm2307,jm2307,1331.0,0.0,0.0,0.0,2,1307.0,1364.5,2,1320.5,1332.0,1332.0,1331.0,2.0,159780.0,54
2023-05-10 22:15:58,jm2307,jm2307,1331.0,0.0,0.0,0.0,2,1307.0,1364.0,2,1320.5,1332.0,1332.0,1331.0,2.0,159780.0,54
2023-05-10 22:15:58,jm2307,jm2307,1331.0,0.0,0.0,0.0,2,1307.0,1363.5,2,1320.5,1332.0,1332.0,1331.0,2.0,159780.0,54
2023-05-10 22:16:42,jm2307,jm2307,1331.0,0.0,0.0,0.0,2,1307.0,1363.0,2,1320.5,1332.0,1332.0,1331.0,2.0,159780.0,54
2023-05-10 22:16:42,jm2307,jm2307,1331.0,0.0,0.0,0.0,2,1307.0,1362.5,2,1320.5,1332.0,1332.0,1331.0,2.0,159780.0,54
2023-05-10 22:17:11,jm2307,jm2307,1331.0,0.0,0.0,0.0,2,1307.0,1360.5,1,1320.5,1332.0,1332.0,1331.0,2.0,159780.0,54
2023-05-10 22:17:11,jm2307,jm2307,1331.0,0.0,0.0,0.0,2,1307.0,1360.0,2,1320.5,1332.0,1332.0,1331.0,2.0,159780.0,54
2023-05-10 22:17:26,jm2307,jm2307,1331.0,0.0,0.0,0.0,2,1307.0,1359.5,2,1320.5,1332.0,1332.0,1331.0,2.0,159780.0,54
2023-05-10 22:17:26,jm2307,jm2307,1331.0,0.0,0.0,0.0,2,1307.0,1359.0,2,1320.5,1332.0,1332.0,1331.0,2.0,159780.0,54
2023-05-10 22:18:09,jm2307,jm2307,1331.0,0.0,0.0,0.0,2,1307.0,1358.5,2,1320.5,1332.0,1332.0,1331.0,2.0,159780.0,54
2023-05-10 22:18:09,jm2307,jm2307,1331.0,0.0,0.0,0.0,2,1307.0,1358.0,2,1320.5,1332.0,1332.0,1331.0,2.0,159780.0,54
2023-05-10 22:18:51,jm2307,jm2307,1331.0,0.0,0.0,0.0,2,1307.0,1357.5,2,1320.5,1332.0,1332.0,1331.0,2.0,159780.0,54
2023-05-10 22:18:52,jm2307,jm2307,1331.0,0.0,0.0,0.0,2,1307.0,1357.0,2,1320.5,1332.0,1332.0,1331.0,2.0,159780.0,54
2023-05-10 22:19:32,jm2307,jm2307,1331.0,0.0,0.0,0.0,2,1307.0,1357.0,3,1320.5,1332.0,1332.0,1331.0,2.0,159780.0,54
2023-05-10 22:19:36,jm2307,jm2307,1331.0,0.0,0.0,0.0,2,1307.5,1357.0,3,1320.5,1332.0,1332.0,1331.0,2.0,159780.0,54
2023-05-10 22:19:38,jm2307,jm2307,1331.0,0.0,0.0,0.0,3,1307.5,1357.0,3,1320.5,1332.0,1332.0,1331.0,2.0,159780.0,54
2023-05-10 22:19:39,jm2307,jm2307,1331.0,0.0,0.0,0.0,1,1307.5,1357.0,3,1320.5,1332.0,1332.0,1331.0,2.0,159780.0,54
2023-05-10 22:20:19,jm2307,jm2307,1331.0,0.0,0.0,0.0,1,1307.5,1356.5,2,1320.5,1332.0,1332.0,1331.0,2.0,159780.0,54
2023-05-10 22:20:19,jm2307,jm2307,1331.0,0.0,0.0,0.0,1,1307.5,1356.0,2,1320.5,1332.0,1332.0,1331.0,2.0,159780.0,54
2023-05-10 22:21:02,jm2307,jm2307,1331.0,0.0,0.0,0.0,2,1308.0,1356.0,2,1320.5,1332.0,1332.0,1331.0,2.0,159780.0,54
2023-05-10 22:21:04,jm2307,jm2307,1331.0,0.0,0.0,0.0,3,1308.0,1356.0,2,1320.5,1332.0,1332.0,1331.0,2.0,159780.0,54
2023-05-10 22:21:48,jm2307,jm2307,1331.0,0.0,0.0,0.0,1,1307.0,1356.0,2,1320.5,1332.0,1332.0,1331.0,2.0,159780.0,54
2023-05-10 22:21:50,jm2307,jm2307,1331.0,0.0,0.0,0.0,2,1307.0,1356.0,2,1320.5,1332.0,1332.0,1331.0,2.0,159780.0,54
2023-05-10 22:22:28,jm2307,jm2307,1331.0,0.0,0.0,0.0,2,1307.0,1355.5,2,1320.5,1332.0,1332.0,1331.0,2.0,159780.0,54
2023-05-10 22:22:29,jm2307,jm2307,1331.0,0.0,0.0,0.0,2,1307.0,1355.0,2,1320.5,1332.0,1332.0,1331.0,2.0,159780.0,54
2023-05-10 22:22:32,jm2307,jm2307,1331.0,0.0,0.0,0.0,1,1307.0,1355.0,2,1320.5,1332.0,1332.0,1331.0,2.0,159780.0,54
2023-05-10 22:22:38,jm2307,jm2307,1331.0,0.0,0.0,0.0,2,1307.0,1355.0,2,1320.5,1332.0,1332.0,1331.0,2.0,159780.0,54
2023-05-10 22:22:48,jm2307,jm2307,1331.0,0.0,0.0,0.0,1,1307.0,1355.0,2,1320.5,1332.0,1332.0,1331.0,2.0,159780.0,54
2023-05-10 22:22:58,jm2307,jm2307,1331.0,0.0,0.0,0.0,2,1307.0,1355.0,2,1320.5,1332.0,1332.0,1331.0,2.0,159780.0,54
2023-05-10 22:23:00,jm2307,jm2307,1331.0,0.0,0.0,0.0,1,1307.0,1355.0,2,1320.5,1332.0,1332.0,1331.0,2.0,159780.0,54
2023-05-10 22:23:11,jm2307,jm2307,1331.0,0.0,0.0,0.0,1,1307.0,1354.5,2,1320.5,1332.0,1332.0,1331.0,2.0,159780.0,54
2023-05-10 22:23:11,jm2307,jm2307,1331.0,0.0,0.0,0.0,1,1307.0,1354.0,2,1320.5,1332.0,1332.0,1331.0,2.0,159780.0,54
2023-05-10 22:23:54,jm2307,jm2307,1331.0,0.0,0.0,0.0,1,1307.0,1353.5,2,1320.5,1332.0,1332.0,1331.0,2.0,159780.0,54
2023-05-10 22:23:54,jm2307,jm2307,1331.0,0.0,0.0,0.0,1,1307.0,1353.0,2,1320.5,1332.0,1332.0,1331.0,2.0,159780.0,54
2023-05-10 22:24:25,jm2307,jm2307,1331.0,0.0,0.0,0.0,1,1307.0,1352.0,1,1320.5,1332.0,1332.0,1331.0,2.0,159780.0,54
2023-05-10 22:24:26,jm2307,jm2307,1331.0,0.0,0.0,0.0,1,1300.0,1351.5,2,1320.5,1332.0,1332.0,1331.0,2.0,159780.0,54
2023-05-10 22:24:26,jm2307,jm2307,1331.0,0.0,0.0,0.0,2,1300.0,1351.5,2,1320.5,1332.0,1332.0,1331.0,2.0,159780.0,54
2023-05-10 22:24:39,jm2307,jm2307,1331.0,0.0,0.0,0.0,2,1300.5,1351.5,2,1320.5,1332.0,1332.0,1331.0,2.0,159780.0,54
2023-05-10 22:24:41,jm2307,jm2307,1331.0,0.0,0.0,0.0,3,1300.5,1351.5,2,1320.5,1332.0,1332.0,1331.0,2.0,159780.0,54
2023-05-10 22:24:42,jm2307,jm2307,1331.0,0.0,0.0,0.0,3,1300.5,1350.0,1,1320.5,1332.0,1332.0,1331.0,2.0,159780.0,54
2023-05-10 22:24:43,jm2307,jm2307,1331.0,0.0,0.0,0.0,3,1300.5,1349.5,2,1320.5,1332.0,1332.0,1331.0,2.0,159780.0,54
2023-05-10 22:25:00,jm2307,jm2307,1331.0,0.0,0.0,0.0,3,1300.5,1348.0,1,1320.5,1332.0,1332.0,1331.0,2.0,159780.0,54
2023-05-10 22:25:00,jm2307,jm2307,1331.0,0.0,0.0,0.0,3,1300.5,1347.5,2,1320.5,1332.0,1332.0,1331.0,2.0,159780.0,54
2023-05-10 22:25:13,jm2307,jm2307,1331.0,0.0,0.0,0.0,3,1300.5,1345.0,1,1320.5,1332.0,1332.0,1331.0,2.0,159780.0,54
2023-05-10 22:25:14,jm2307,jm2307,1331.0,0.0,0.0,0.0,3,1300.5,1344.5,2,1320.5,1332.0,1332.0,1331.0,2.0,159780.0,54
2023-05-10 22:25:26,jm2307,jm2307,1331.0,0.0,0.0,0.0,3,1300.5,1340.0,1,1320.5,1332.0,1332.0,1331.0,2.0,159780.0,54
2023-05-10 22:25:27,jm2307,jm2307,1331.0,0.0,0.0,0.0,3,1300.5,1339.5,2,1320.5,1332.0,1332.0,1331.0,2.0,159780.0,54
2023-05-10 22:25:27,jm2307,jm2307,1331.0,0.0,0.0,0.0,3,1300.5,1339.5,1,1320.5,1332.0,1332.0,1331.0,2.0,159780.0,54
2023-05-10 22:25:56,jm2307,jm2307,1331.0,0.0,0.0,0.0,3,1300.5,1339.0,1,1320.5,1332.0,1332.0,1331.0,2.0,159780.0,54
2023-05-10 22:25:57,jm2307,jm2307,1331.0,0.0,0.0,0.0,3,1300.5,1338.5,1,1320.5,1332.0,1332.0,1331.0,2.0,159780.0,54
2023-05-10 22:25:59,jm2307,jm2307,1331.0,0.0,0.0,0.0,3,1300.5,1338.0,1,1320.5,1332.0,1332.0,1331.0,2.0,159780.0,54
2023-05-10 22:26:00,jm2307,jm2307,1331.0,0.0,0.0,0.0,3,1300.5,1337.5,1,1320.5,1332.0,1332.0,1331.0,2.0,159780.0,54
2023-05-10 22:26:13,jm2307,jm2307,1331.0,0.0,0.0,0.0,3,1300.5,1336.0,1,1320.5,1332.0,1332.0,1331.0,2.0,159780.0,54
2023-05-10 22:26:14,jm2307,jm2307,1331.0,0.0,0.0,0.0,3,1300.5,1335.5,1,1320.5,1332.0,1332.0,1331.0,2.0,159780.0,54
2023-05-10 22:26:29,jm2307,jm2307,1331.0,0.0,0.0,0.0,3,1300.5,1335.0,1,1320.5,1332.0,1332.0,1331.0,2.0,159780.0,54
2023-05-10 22:26:30,jm2307,jm2307,1331.0,0.0,0.0,0.0,3,1300.5,1334.5,1,1320.5,1332.0,1332.0,1331.0,2.0,159780.0,54
2023-05-10 22:26:38,jm2307,jm2307,1331.0,0.0,0.0,0.0,3,1300.5,1335.0,1,1320.5,1332.0,1332.0,1331.0,2.0,159780.0,54
2023-05-10 22:26:39,jm2307,jm2307,1331.0,0.0,0.0,0.0,3,1300.5,1334.5,1,1320.5,1332.0,1332.0,1331.0,2.0,159780.0,54
2023-05-10 22:26:39,jm2307,jm2307,1331.0,0.0,0.0,0.0,3,1300.5,1335.0,1,1320.5,1332.0,1332.0,1331.0,2.0,159780.0,54
2023-05-10 22:26:42,jm2307,jm2307,1331.0,0.0,0.0,0.0,3,1300.5,1334.5,1,1320.5,1332.0,1332.0,1331.0,2.0,159780.0,54
2023-05-10 22:26:42,jm2307,jm2307,1331.0,0.0,0.0,0.0,3,1300.5,1335.0,1,1320.5,1332.0,1332.0,1331.0,2.0,159780.0,54
2023-05-10 22:26:43,jm2307,jm2307,1331.0,0.0,0.0,0.0,3,1300.5,1334.5,1,1320.5,1332.0,1332.0,1331.0,2.0,159780.0,54
2023-05-10 22:26:43,jm2307,jm2307,1331.0,0.0,0.0,0.0,3,1300.5,1335.0,1,1320.5,1332.0,1332.0,1331.0,2.0,159780.0,54
2023-05-10 22:26:44,jm2307,jm2307,1331.0,0.0,0.0,0.0,3,1300.5,1334.5,1,1320.5,1332.0,1332.0,1331.0,2.0,159780.0,54
2023-05-10 22:26:44,jm2307,jm2307,1331.0,0.0,0.0,0.0,3,1300.5,1335.0,1,1320.5,1332.0,1332.0,1331.0,2.0,159780.0,54
2023-05-10 22:26:45,jm2307,jm2307,1331.0,0.0,0.0,0.0,3,1300.5,1334.5,1,1320.5,1332.0,1332.0,1331.0,2.0,159780.0,54
2023-05-10 22:26:45,jm2307,jm2307,1331.0,0.0,0.0,0.0,3,1300.5,1335.0,1,1320.5,1332.0,1332.0,1331.0,2.0,159780.0,54
2023-05-10 22:26:46,jm2307,jm2307,1331.0,0.0,0.0,0.0,3,1300.5,1334.5,1,1320.5,1332.0,1332.0,1331.0,2.0,159780.0,54
2023-05-10 22:26:46,jm2307,jm2307,1331.0,0.0,0.0,0.0,3,1300.5,1335.0,1,1320.5,1332.0,1332.0,1331.0,2.0,159780.0,54
2023-05-10 22:26:47,jm2307,jm2307,1331.0,0.0,0.0,0.0,3,1300.5,1334.5,1,1320.5,1332.0,1332.0,1331.0,2.0,159780.0,54
2023-05-10 22:26:47,jm2307,jm2307,1331.0,0.0,0.0,0.0,3,1300.5,1335.0,1,1320.5,1332.0,1332.0,1331.0,2.0,159780.0,54
2023-05-10 22:26:48,jm2307,jm2307,1331.0,0.0,0.0,0.0,3,1300.5,1334.5,1,1320.5,1332.0,1332.0,1331.0,2.0,159780.0,54
2023-05-10 22:27:31,jm2307,jm2307,1331.0,0.0,0.0,0.0,3,1300.5,1335.0,1,1320.5,1332.0,1332.0,1331.0,2.0,159780.0,54
2023-05-10 22:27:32,jm2307,jm2307,1331.0,0.0,0.0,0.0,3,1300.5,1334.5,1,1320.5,1332.0,1332.0,1331.0,2.0,159780.0,54
2023-05-10 22:27:32,jm2307,jm2307,1331.0,0.0,0.0,0.0,3,1300.5,1334.0,1,1320.5,1332.0,1332.0,1331.0,2.0,159780.0,54
2023-05-10 22:27:51,jm2307,jm2307,1331.0,0.0,0.0,0.0,3,1300.5,1330.0,1,1320.5,1332.0,1332.0,1331.0,2.0,159780.0,54
2023-05-10 22:28:44,jm2307,jm2307,1331.0,0.0,0.0,0.0,1,1301.0,1330.0,1,1320.5,1332.0,1332.0,1331.0,2.0,159780.0,54
2023-05-10 22:28:45,jm2307,jm2307,1331.0,0.0,0.0,0.0,1,1301.0,1329.5,1,1320.5,1332.0,1332.0,1331.0,2.0,159780.0,54
2023-05-10 22:28:46,jm2307,jm2307,1331.0,0.0,0.0,0.0,2,1301.0,1329.5,1,1320.5,1332.0,1332.0,1331.0,2.0,159780.0,54
2023-05-10 22:29:27,jm2307,jm2307,1331.0,0.0,0.0,0.0,2,1301.0,1328.0,1,1320.5,1332.0,1332.0,1331.0,2.0,159780.0,54
2023-05-10 22:29:27,jm2307,jm2307,1331.0,0.0,0.0,0.0,2,1301.0,1327.5,1,1320.5,1332.0,1332.0,1331.0,2.0,159780.0,54
2023-05-10 22:29:37,jm2307,jm2307,1331.0,0.0,0.0,0.0,2,1301.0,1327.5,2,1320.5,1332.0,1332.0,1331.0,2.0,159780.0,54
2023-05-10 22:29:38,jm2307,jm2307,1331.0,0.0,0.0,0.0,2,1301.0,1327.5,1,1320.5,1332.0,1332.0,1331.0,2.0,159780.0,54
2023-05-10 22:29:45,jm2307,jm2307,1331.0,0.0,0.0,0.0,2,1301.5,1327.5,1,1320.5,1332.0,1332.0,1331.0,2.0,159780.0,54
2023-05-10 22:29:47,jm2307,jm2307,1331.0,0.0,0.0,0.0,3,1301.5,1327.5,1,1320.5,1332.0,1332.0,1331.0,2.0,159780.0,54
2023-05-10 22:29:55,jm2307,jm2307,1331.0,0.0,0.0,0.0,2,1301.5,1327.5,1,1320.5,1332.0,1332.0,1331.0,2.0,159780.0,54
2023-05-10 22:30:03,jm2307,jm2307,1331.0,0.0,0.0,0.0,3,1301.5,1327.5,2,1320.5,1332.0,1332.0,1331.0,2.0,159780.0,54
2023-05-10 22:30:04,jm2307,jm2307,1331.0,0.0,0.0,0.0,3,1301.5,1327.5,1,1320.5,1332.0,1332.0,1331.0,2.0,159780.0,54
2023-05-10 22:30:10,jm2307,jm2307,1331.0,0.0,0.0,0.0,3,1301.5,1327.5,2,1320.5,1332.0,1332.0,1331.0,2.0,159780.0,54
2023-05-10 22:30:10,jm2307,jm2307,1331.0,0.0,0.0,0.0,3,1301.5,1327.5,1,1320.5,1332.0,1332.0,1331.0,2.0,159780.0,54
2023-05-10 22:30:13,jm2307,jm2307,1331.0,0.0,0.0,0.0,3,1301.5,1326.0,1,1320.5,1332.0,1332.0,1331.0,2.0,159780.0,54
2023-05-10 22:31:20,jm2307,jm2307,1331.0,0.0,0.0,0.0,1,1302.0,1326.0,1,1320.5,1332.0,1332.0,1331.0,2.0,159780.0,54
2023-05-10 22:31:24,jm2307,jm2307,1331.0,0.0,0.0,0.0,2,1302.0,1326.0,1,1320.5,1332.0,1332.0,1331.0,2.0,159780.0,54
2023-05-10 22:31:29,jm2307,jm2307,1331.0,0.0,0.0,0.0,1,1302.0,1326.0,1,1320.5,1332.0,1332.0,1331.0,2.0,159780.0,54
2023-05-10 22:31:41,jm2307,jm2307,1331.0,0.0,0.0,0.0,2,1302.0,1326.0,1,1320.5,1332.0,1332.0,1331.0,2.0,159780.0,54
2023-05-10 22:31:47,jm2307,jm2307,1331.0,0.0,0.0,0.0,1,1302.0,1326.0,1,1320.5,1332.0,1332.0,1331.0,2.0,159780.0,54
2023-05-10 22:31:48,jm2307,jm2307,1331.0,0.0,0.0,0.0,2,1302.0,1326.0,1,1320.5,1332.0,1332.0,1331.0,2.0,159780.0,54
2023-05-10 22:32:09,jm2307,jm2307,1331.0,0.0,0.0,0.0,1,1302.0,1326.0,1,1320.5,1332.0,1332.0,1331.0,2.0,159780.0,54
2023-05-10 22:32:11,jm2307,jm2307,1331.0,0.0,0.0,0.0,2,1302.0,1326.0,1,1320.5,1332.0,1332.0,1331.0,2.0,159780.0,54
2023-05-10 22:32:32,jm2307,jm2307,1331.0,0.0,0.0,0.0,1,1302.0,1326.0,1,1320.5,1332.0,1332.0,1331.0,2.0,159780.0,54
2023-05-10 22:32:37,jm2307,jm2307,1331.0,0.0,0.0,0.0,2,1302.0,1326.0,1,1320.5,1332.0,1332.0,1331.0,2.0,159780.0,54
2023-05-10 22:32:38,jm2307,jm2307,1331.0,0.0,0.0,0.0,2,1302.5,1326.0,1,1320.5,1332.0,1332.0,1331.0,2.0,159780.0,54
2023-05-10 22:33:00,jm2307,jm2307,1331.0,0.0,0.0,0.0,3,1302.5,1326.0,1,1320.5,1332.0,1332.0,1331.0,2.0,159780.0,54
2023-05-10 22:33:03,jm2307,jm2307,1331.0,0.0,0.0,0.0,2,1302.5,1326.0,1,1320.5,1332.0,1332.0,1331.0,2.0,159780.0,54
2023-05-10 22:33:45,jm2307,jm2307,1331.0,0.0,0.0,0.0,2,1302.5,1325.5,1,1320.5,1332.0,1332.0,1331.0,2.0,159780.0,54
2023-05-10 22:33:45,jm2307,jm2307,1331.0,0.0,0.0,0.0,2,1302.5,1325.0,1,1320.5,1332.0,1332.0,1331.0,2.0,159780.0,54
2023-05-10 22:33:46,jm2307,jm2307,1331.0,0.0,0.0,0.0,2,1302.5,1324.5,1,1320.5,1332.0,1332.0,1331.0,2.0,159780.0,54
2023-05-10 22:33:46,jm2307,jm2307,1331.0,0.0,0.0,0.0,2,1302.5,1326.0,1,1320.5,1332.0,1332.0,1331.0,2.0,159780.0,54
2023-05-10 22:33:47,jm2307,jm2307,1331.0,0.0,0.0,0.0,2,1302.5,1325.5,1,1320.5,1332.0,1332.0,1331.0,2.0,159780.0,54
2023-05-10 22:33:51,jm2307,jm2307,1331.0,0.0,0.0,0.0,2,1302.5,1326.0,1,1320.5,1332.0,1332.0,1331.0,2.0,159780.0,54
