time,symbol_id,symbol_name,last,trade_volume,trade_amount,open_interest_change,bv1,bp1,ap1,av1,yesterday_close,today_open,today_high,today_low,volume,amount,open_interest
2023-05-10 21:00:00,jm2403,jm2403,1371.0,0.0,0.0,0.0,2,1168.5,1580.5,1,1371.0,0.0,0.0,0.0,0.0,0.0,36
2023-05-10 21:00:01,jm2403,jm2403,1371.0,0.0,0.0,0.0,1,1169.0,1580.5,1,1371.0,0.0,0.0,0.0,0.0,0.0,36
2023-05-10 21:00:02,jm2403,jm2403,1371.0,0.0,0.0,0.0,2,1171.5,1580.5,1,1371.0,0.0,0.0,0.0,0.0,0.0,36
2023-05-10 21:00:02,jm2403,jm2403,1371.0,0.0,0.0,0.0,2,1171.5,1580.0,4,1371.0,0.0,0.0,0.0,0.0,0.0,36
2023-05-10 21:00:03,jm2403,jm2403,1371.0,0.0,0.0,0.0,2,1171.5,1577.5,1,1371.0,0.0,0.0,0.0,0.0,0.0,36
2023-05-10 21:00:03,jm2403,jm2403,1371.0,0.0,0.0,0.0,2,1171.5,1577.0,4,1371.0,0.0,0.0,0.0,0.0,0.0,36
2023-05-10 21:00:04,jm2403,jm2403,1371.0,0.0,0.0,0.0,1,1172.0,1574.5,1,1371.0,0.0,0.0,0.0,0.0,0.0,36
2023-05-10 21:00:04,jm2403,jm2403,1371.0,0.0,0.0,0.0,2,1174.5,1574.0,4,1371.0,0.0,0.0,0.0,0.0,0.0,36
2023-05-10 21:00:05,jm2403,jm2403,1371.0,0.0,0.0,0.0,2,1174.5,1571.5,1,1371.0,0.0,0.0,0.0,0.0,0.0,36
2023-05-10 21:00:05,jm2403,jm2403,1371.0,0.0,0.0,0.0,2,1174.5,1571.0,4,1371.0,0.0,0.0,0.0,0.0,0.0,36
2023-05-10 21:00:06,jm2403,jm2403,1371.0,0.0,0.0,0.0,1,1175.5,1568.5,1,1371.0,0.0,0.0,0.0,0.0,0.0,36
2023-05-10 21:00:06,jm2403,jm2403,1371.0,0.0,0.0,0.0,1,1175.5,1568.0,4,1371.0,0.0,0.0,0.0,0.0,0.0,36
2023-05-10 21:00:07,jm2403,jm2403,1371.0,0.0,0.0,0.0,2,1178.0,1567.5,1,1371.0,0.0,0.0,0.0,0.0,0.0,36
2023-05-10 21:00:07,jm2403,jm2403,1371.0,0.0,0.0,0.0,1,1180.5,1565.5,1,1371.0,0.0,0.0,0.0,0.0,0.0,36
2023-05-10 21:00:08,jm2403,jm2403,1371.0,0.0,0.0,0.0,1,1180.5,1565.0,4,1371.0,0.0,0.0,0.0,0.0,0.0,36
2023-05-10 21:00:09,jm2403,jm2403,1371.0,0.0,0.0,0.0,1,1183.0,1562.5,1,1371.0,0.0,0.0,0.0,0.0,0.0,36
2023-05-10 21:00:09,jm2403,jm2403,1371.0,0.0,0.0,0.0,1,1185.5,1562.5,1,1371.0,0.0,0.0,0.0,0.0,0.0,36
2023-05-10 21:00:10,jm2403,jm2403,1371.0,0.0,0.0,0.0,1,1188.0,1562.5,1,1371.0,0.0,0.0,0.0,0.0,0.0,36
2023-05-10 21:00:10,jm2403,jm2403,1371.0,0.0,0.0,0.0,1,1314.5,1443.0,1,1371.0,0.0,0.0,0.0,0.0,0.0,36
2023-05-10 21:00:11,jm2403,jm2403,1371.0,0.0,0.0,0.0,1,1317.0,1440.5,1,1371.0,0.0,0.0,0.0,0.0,0.0,36
2023-05-10 21:00:11,jm2403,jm2403,1371.0,0.0,0.0,0.0,1,1317.0,1440.0,2,1371.0,0.0,0.0,0.0,0.0,0.0,36
2023-05-10 21:00:12,jm2403,jm2403,1371.0,0.0,0.0,0.0,1,1317.0,1437.5,1,1371.0,0.0,0.0,0.0,0.0,0.0,36
2023-05-10 21:00:12,jm2403,jm2403,1371.0,0.0,0.0,0.0,1,1317.0,1437.0,2,1371.0,0.0,0.0,0.0,0.0,0.0,36
2023-05-10 21:00:13,jm2403,jm2403,1371.0,0.0,0.0,0.0,1,1317.0,1434.5,1,1371.0,0.0,0.0,0.0,0.0,0.0,36
2023-05-10 21:00:13,jm2403,jm2403,1371.0,0.0,0.0,0.0,1,1317.0,1434.0,2,1371.0,0.0,0.0,0.0,0.0,0.0,36
2023-05-10 21:00:14,jm2403,jm2403,1371.0,0.0,0.0,0.0,1,1317.0,1431.5,1,1371.0,0.0,0.0,0.0,0.0,0.0,36
2023-05-10 21:00:14,jm2403,jm2403,1371.0,0.0,0.0,0.0,2,1317.5,1431.0,2,1371.0,0.0,0.0,0.0,0.0,0.0,36
2023-05-10 21:00:15,jm2403,jm2403,1371.0,0.0,0.0,0.0,1,1320.0,1428.5,1,1371.0,0.0,0.0,0.0,0.0,0.0,36
2023-05-10 21:00:15,jm2403,jm2403,1371.0,0.0,0.0,0.0,1,1320.0,1428.0,2,1371.0,0.0,0.0,0.0,0.0,0.0,36
2023-05-10 21:00:16,jm2403,jm2403,1371.0,0.0,0.0,0.0,1,1320.0,1425.5,1,1371.0,0.0,0.0,0.0,0.0,0.0,36
2023-05-10 21:00:16,jm2403,jm2403,1371.0,0.0,0.0,0.0,1,1320.5,1425.0,2,1371.0,0.0,0.0,0.0,0.0,0.0,36
2023-05-10 21:00:17,jm2403,jm2403,1371.0,0.0,0.0,0.0,1,1323.0,1422.5,1,1371.0,0.0,0.0,0.0,0.0,0.0,36
2023-05-10 21:00:19,jm2403,jm2403,1371.0,0.0,0.0,0.0,1,1323.0,1422.0,1,1371.0,0.0,0.0,0.0,0.0,0.0,36
2023-05-10 21:00:19,jm2403,jm2403,1371.0,0.0,0.0,0.0,3,1323.5,1419.5,1,1371.0,0.0,0.0,0.0,0.0,0.0,36
2023-05-10 21:00:20,jm2403,jm2403,1371.0,0.0,0.0,0.0,1,1326.0,1419.5,1,1371.0,0.0,0.0,0.0,0.0,0.0,36
2023-05-10 21:00:22,jm2403,jm2403,1371.0,0.0,0.0,0.0,1,1326.5,1419.0,1,1371.0,0.0,0.0,0.0,0.0,0.0,36
2023-05-10 21:00:22,jm2403,jm2403,1371.0,0.0,0.0,0.0,1,1329.0,1416.5,1,1371.0,0.0,0.0,0.0,0.0,0.0,36
2023-05-10 21:00:22,jm2403,jm2403,1371.0,0.0,0.0,0.0,1,1329.0,1416.0,1,1371.0,0.0,0.0,0.0,0.0,0.0,36
2023-05-10 21:00:23,jm2403,jm2403,1371.0,0.0,0.0,0.0,1,1329.0,1413.5,1,1371.0,0.0,0.0,0.0,0.0,0.0,36
2023-05-10 21:00:24,jm2403,jm2403,1371.0,0.0,0.0,0.0,1,1329.0,1413.0,1,1371.0,0.0,0.0,0.0,0.0,0.0,36
2023-05-10 21:00:24,jm2403,jm2403,1371.0,0.0,0.0,0.0,1,1329.5,1410.5,1,1371.0,0.0,0.0,0.0,0.0,0.0,36
2023-05-10 21:00:25,jm2403,jm2403,1371.0,0.0,0.0,0.0,1,1332.0,1410.0,1,1371.0,0.0,0.0,0.0,0.0,0.0,36
2023-05-10 21:00:33,jm2403,jm2403,1371.0,0.0,0.0,0.0,2,1332.0,1410.0,1,1371.0,0.0,0.0,0.0,0.0,0.0,36
2023-05-10 21:00:40,jm2403,jm2403,1371.0,0.0,0.0,0.0,2,1332.0,1410.0,2,1371.0,0.0,0.0,0.0,0.0,0.0,36
2023-05-10 21:00:42,jm2403,jm2403,1371.0,0.0,0.0,0.0,2,1332.0,1410.0,1,1371.0,0.0,0.0,0.0,0.0,0.0,36
2023-05-10 21:00:58,jm2403,jm2403,1371.0,0.0,0.0,0.0,2,1332.0,1410.0,2,1371.0,0.0,0.0,0.0,0.0,0.0,36
2023-05-10 21:00:58,jm2403,jm2403,1371.0,0.0,0.0,0.0,2,1332.0,1407.5,1,1371.0,0.0,0.0,0.0,0.0,0.0,36
2023-05-10 21:00:58,jm2403,jm2403,1371.0,0.0,0.0,0.0,2,1332.0,1407.0,1,1371.0,0.0,0.0,0.0,0.0,0.0,36
2023-05-10 21:01:04,jm2403,jm2403,1371.0,0.0,0.0,0.0,2,1332.5,1407.0,1,1371.0,0.0,0.0,0.0,0.0,0.0,36
2023-05-10 21:01:04,jm2403,jm2403,1371.0,0.0,0.0,0.0,1,1335.0,1407.0,1,1371.0,0.0,0.0,0.0,0.0,0.0,36
2023-05-10 21:01:06,jm2403,jm2403,1371.0,0.0,0.0,0.0,2,1335.0,1407.0,1,1371.0,0.0,0.0,0.0,0.0,0.0,36
2023-05-10 21:01:48,jm2403,jm2403,1371.0,0.0,0.0,0.0,2,1335.5,1407.0,1,1371.0,0.0,0.0,0.0,0.0,0.0,36
2023-05-10 21:01:49,jm2403,jm2403,1371.0,0.0,0.0,0.0,1,1338.0,1407.0,1,1371.0,0.0,0.0,0.0,0.0,0.0,36
2023-05-10 21:02:25,jm2403,jm2403,1371.0,0.0,0.0,0.0,2,1338.0,1407.0,1,1371.0,0.0,0.0,0.0,0.0,0.0,36
2023-05-10 21:02:32,jm2403,jm2403,1371.0,0.0,0.0,0.0,2,1338.5,1407.0,1,1371.0,0.0,0.0,0.0,0.0,0.0,36
2023-05-10 21:02:33,jm2403,jm2403,1371.0,0.0,0.0,0.0,1,1341.0,1407.0,1,1371.0,0.0,0.0,0.0,0.0,0.0,36
2023-05-10 21:03:16,jm2403,jm2403,1371.0,0.0,0.0,0.0,2,1341.5,1407.0,1,1371.0,0.0,0.0,0.0,0.0,0.0,36
2023-05-10 21:03:17,jm2403,jm2403,1371.0,0.0,0.0,0.0,1,1344.0,1407.0,1,1371.0,0.0,0.0,0.0,0.0,0.0,36
2023-05-10 21:04:00,jm2403,jm2403,1371.0,0.0,0.0,0.0,2,1344.5,1407.0,1,1371.0,0.0,0.0,0.0,0.0,0.0,36
2023-05-10 21:04:01,jm2403,jm2403,1371.0,0.0,0.0,0.0,1,1347.0,1407.0,1,1371.0,0.0,0.0,0.0,0.0,0.0,36
2023-05-10 21:04:42,jm2403,jm2403,1371.0,0.0,0.0,0.0,2,1347.0,1407.0,1,1371.0,0.0,0.0,0.0,0.0,0.0,36
2023-05-10 21:04:45,jm2403,jm2403,1371.0,0.0,0.0,0.0,2,1347.5,1407.0,1,1371.0,0.0,0.0,0.0,0.0,0.0,36
2023-05-10 21:04:45,jm2403,jm2403,1371.0,0.0,0.0,0.0,1,1350.0,1407.0,1,1371.0,0.0,0.0,0.0,0.0,0.0,36
2023-05-10 21:05:28,jm2403,jm2403,1371.0,0.0,0.0,0.0,2,1350.5,1407.0,1,1371.0,0.0,0.0,0.0,0.0,0.0,36
2023-05-10 21:05:29,jm2403,jm2403,1371.0,0.0,0.0,0.0,1,1353.0,1407.0,1,1371.0,0.0,0.0,0.0,0.0,0.0,36
2023-05-10 21:05:36,jm2403,jm2403,1371.0,0.0,0.0,0.0,2,1353.0,1407.0,1,1371.0,0.0,0.0,0.0,0.0,0.0,36
2023-05-10 21:06:12,jm2403,jm2403,1371.0,0.0,0.0,0.0,3,1353.0,1407.0,1,1371.0,0.0,0.0,0.0,0.0,0.0,36
2023-05-10 21:06:14,jm2403,jm2403,1371.0,0.0,0.0,0.0,2,1353.5,1407.0,1,1371.0,0.0,0.0,0.0,0.0,0.0,36
2023-05-10 21:06:15,jm2403,jm2403,1371.0,0.0,0.0,0.0,1,1356.0,1407.0,1,1371.0,0.0,0.0,0.0,0.0,0.0,36
2023-05-10 21:07:02,jm2403,jm2403,1371.0,0.0,0.0,0.0,2,1356.5,1407.0,1,1371.0,0.0,0.0,0.0,0.0,0.0,36
2023-05-10 21:07:02,jm2403,jm2403,1371.0,0.0,0.0,0.0,1,1359.0,1407.0,1,1371.0,0.0,0.0,0.0,0.0,0.0,36
2023-05-10 21:07:45,jm2403,jm2403,1371.0,0.0,0.0,0.0,2,1359.5,1407.0,1,1371.0,0.0,0.0,0.0,0.0,0.0,36
2023-05-10 21:07:45,jm2403,jm2403,1371.0,0.0,0.0,0.0,1,1362.0,1407.0,1,1371.0,0.0,0.0,0.0,0.0,0.0,36
2023-05-10 21:08:30,jm2403,jm2403,1371.0,0.0,0.0,0.0,2,1362.5,1407.0,1,1371.0,0.0,0.0,0.0,0.0,0.0,36
2023-05-10 21:08:30,jm2403,jm2403,1371.0,0.0,0.0,0.0,1,1365.0,1407.0,1,1371.0,0.0,0.0,0.0,0.0,0.0,36
2023-05-10 21:09:13,jm2403,jm2403,1371.0,0.0,0.0,0.0,2,1365.5,1407.0,1,1371.0,0.0,0.0,0.0,0.0,0.0,36
2023-05-10 21:09:14,jm2403,jm2403,1371.0,0.0,0.0,0.0,1,1368.0,1407.0,1,1371.0,0.0,0.0,0.0,0.0,0.0,36
2023-05-10 21:09:51,jm2403,jm2403,1371.0,0.0,0.0,0.0,1,1368.0,1405.0,1,1371.0,0.0,0.0,0.0,0.0,0.0,36
2023-05-10 21:09:51,jm2403,jm2403,1371.0,0.0,0.0,0.0,1,1368.0,1404.5,1,1371.0,0.0,0.0,0.0,0.0,0.0,36
2023-05-10 21:09:58,jm2403,jm2403,1371.0,0.0,0.0,0.0,2,1368.5,1404.5,1,1371.0,0.0,0.0,0.0,0.0,0.0,36
2023-05-10 21:09:58,jm2403,jm2403,1371.0,0.0,0.0,0.0,1,1371.0,1404.5,1,1371.0,0.0,0.0,0.0,0.0,0.0,36
2023-05-10 21:10:41,jm2403,jm2403,1371.0,0.0,0.0,0.0,1,1371.0,1404.0,2,1371.0,0.0,0.0,0.0,0.0,0.0,36
2023-05-10 21:10:41,jm2403,jm2403,1371.0,0.0,0.0,0.0,1,1371.0,1403.5,1,1371.0,0.0,0.0,0.0,0.0,0.0,36
2023-05-10 21:11:25,jm2403,jm2403,1371.0,0.0,0.0,0.0,1,1371.0,1403.0,2,1371.0,0.0,0.0,0.0,0.0,0.0,36
2023-05-10 21:11:25,jm2403,jm2403,1371.0,0.0,0.0,0.0,1,1371.0,1402.5,1,1371.0,0.0,0.0,0.0,0.0,0.0,36
2023-05-10 21:12:11,jm2403,jm2403,1371.0,0.0,0.0,0.0,1,1371.0,1402.0,2,1371.0,0.0,0.0,0.0,0.0,0.0,36
2023-05-10 21:12:11,jm2403,jm2403,1371.0,0.0,0.0,0.0,1,1371.0,1401.5,1,1371.0,0.0,0.0,0.0,0.0,0.0,36
2023-05-10 21:12:21,jm2403,jm2403,1371.0,0.0,0.0,0.0,1,1332.0,1401.5,1,1371.0,0.0,0.0,0.0,0.0,0.0,36
2023-05-10 21:12:21,jm2403,jm2403,1371.0,0.0,0.0,0.0,1,1332.5,1401.5,1,1371.0,0.0,0.0,0.0,0.0,0.0,36
2023-05-10 21:12:22,jm2403,jm2403,1371.0,0.0,0.0,0.0,1,1334.5,1401.5,1,1371.0,0.0,0.0,0.0,0.0,0.0,36
2023-05-10 21:12:22,jm2403,jm2403,1371.0,0.0,0.0,0.0,1,1335.0,1401.5,1,1371.0,0.0,0.0,0.0,0.0,0.0,36
2023-05-10 21:12:23,jm2403,jm2403,1371.0,0.0,0.0,0.0,1,1337.5,1401.5,1,1371.0,0.0,0.0,0.0,0.0,0.0,36
2023-05-10 21:12:23,jm2403,jm2403,1371.0,0.0,0.0,0.0,1,1338.0,1401.5,1,1371.0,0.0,0.0,0.0,0.0,0.0,36
2023-05-10 21:12:24,jm2403,jm2403,1371.0,0.0,0.0,0.0,1,1340.5,1401.5,1,1371.0,0.0,0.0,0.0,0.0,0.0,36
2023-05-10 21:12:24,jm2403,jm2403,1371.0,0.0,0.0,0.0,1,1341.0,1401.5,1,1371.0,0.0,0.0,0.0,0.0,0.0,36
2023-05-10 21:12:25,jm2403,jm2403,1371.0,0.0,0.0,0.0,1,1343.5,1401.5,1,1371.0,0.0,0.0,0.0,0.0,0.0,36
2023-05-10 21:12:25,jm2403,jm2403,1371.0,0.0,0.0,0.0,1,1344.0,1401.5,1,1371.0,0.0,0.0,0.0,0.0,0.0,36
2023-05-10 21:12:26,jm2403,jm2403,1371.0,0.0,0.0,0.0,1,1346.5,1401.5,1,1371.0,0.0,0.0,0.0,0.0,0.0,36
2023-05-10 21:12:26,jm2403,jm2403,1371.0,0.0,0.0,0.0,1,1347.0,1401.5,1,1371.0,0.0,0.0,0.0,0.0,0.0,36
2023-05-10 21:12:27,jm2403,jm2403,1371.0,0.0,0.0,0.0,1,1349.5,1401.5,1,1371.0,0.0,0.0,0.0,0.0,0.0,36
2023-05-10 21:12:27,jm2403,jm2403,1371.0,0.0,0.0,0.0,2,1349.5,1401.5,1,1371.0,0.0,0.0,0.0,0.0,0.0,36
2023-05-10 21:12:36,jm2403,jm2403,1371.0,0.0,0.0,0.0,1,1349.5,1401.5,1,1371.0,0.0,0.0,0.0,0.0,0.0,36
2023-05-10 21:12:55,jm2403,jm2403,1371.0,0.0,0.0,0.0,2,1350.0,1401.5,1,1371.0,0.0,0.0,0.0,0.0,0.0,36
2023-05-10 21:12:56,jm2403,jm2403,1371.0,0.0,0.0,0.0,1,1352.5,1401.5,1,1371.0,0.0,0.0,0.0,0.0,0.0,36
2023-05-10 21:13:35,jm2403,jm2403,1371.0,0.0,0.0,0.0,2,1352.5,1401.5,1,1371.0,0.0,0.0,0.0,0.0,0.0,36
2023-05-10 21:13:37,jm2403,jm2403,1371.0,0.0,0.0,0.0,2,1353.0,1401.5,1,1371.0,0.0,0.0,0.0,0.0,0.0,36
2023-05-10 21:13:38,jm2403,jm2403,1371.0,0.0,0.0,0.0,1,1355.5,1401.5,1,1371.0,0.0,0.0,0.0,0.0,0.0,36
2023-05-10 21:14:19,jm2403,jm2403,1371.0,0.0,0.0,0.0,2,1356.0,1401.5,1,1371.0,0.0,0.0,0.0,0.0,0.0,36
2023-05-10 21:14:20,jm2403,jm2403,1371.0,0.0,0.0,0.0,1,1358.5,1401.5,1,1371.0,0.0,0.0,0.0,0.0,0.0,36
2023-05-10 21:15:06,jm2403,jm2403,1371.0,0.0,0.0,0.0,2,1359.0,1401.5,1,1371.0,0.0,0.0,0.0,0.0,0.0,36
2023-05-10 21:15:06,jm2403,jm2403,1371.0,0.0,0.0,0.0,1,1361.5,1401.5,1,1371.0,0.0,0.0,0.0,0.0,0.0,36
2023-05-10 21:15:48,jm2403,jm2403,1371.0,0.0,0.0,0.0,2,1362.0,1401.5,1,1371.0,0.0,0.0,0.0,0.0,0.0,36
2023-05-10 21:15:48,jm2403,jm2403,1371.0,0.0,0.0,0.0,1,1364.5,1401.5,1,1371.0,0.0,0.0,0.0,0.0,0.0,36
2023-05-10 21:16:25,jm2403,jm2403,1371.0,0.0,0.0,0.0,1,1364.5,1401.0,2,1371.0,0.0,0.0,0.0,0.0,0.0,36
2023-05-10 21:16:25,jm2403,jm2403,1371.0,0.0,0.0,0.0,1,1364.5,1400.5,1,1371.0,0.0,0.0,0.0,0.0,0.0,36
2023-05-10 21:16:32,jm2403,jm2403,1371.0,0.0,0.0,0.0,1,1364.5,1400.0,2,1371.0,0.0,0.0,0.0,0.0,0.0,36
2023-05-10 21:16:33,jm2403,jm2403,1371.0,0.0,0.0,0.0,1,1364.5,1399.5,1,1371.0,0.0,0.0,0.0,0.0,0.0,36
2023-05-10 21:17:15,jm2403,jm2403,1371.0,0.0,0.0,0.0,1,1364.5,1399.5,3,1371.0,0.0,0.0,0.0,0.0,0.0,36
2023-05-10 21:17:16,jm2403,jm2403,1371.0,0.0,0.0,0.0,1,1364.5,1399.0,2,1371.0,0.0,0.0,0.0,0.0,0.0,36
2023-05-10 21:17:16,jm2403,jm2403,1371.0,0.0,0.0,0.0,1,1364.5,1398.5,1,1371.0,0.0,0.0,0.0,0.0,0.0,36
2023-05-10 21:18:00,jm2403,jm2403,1371.0,0.0,0.0,0.0,1,1364.5,1398.0,2,1371.0,0.0,0.0,0.0,0.0,0.0,36
2023-05-10 21:18:01,jm2403,jm2403,1371.0,0.0,0.0,0.0,1,1364.5,1397.5,1,1371.0,0.0,0.0,0.0,0.0,0.0,36
2023-05-10 21:18:11,jm2403,jm2403,1371.0,0.0,0.0,0.0,1,1364.5,1398.0,2,1371.0,0.0,0.0,0.0,0.0,0.0,36
2023-05-10 21:18:27,jm2403,jm2403,1371.0,0.0,0.0,0.0,1,1364.5,1405.0,1,1371.0,0.0,0.0,0.0,0.0,0.0,36
2023-05-10 21:18:27,jm2403,jm2403,1371.0,0.0,0.0,0.0,1,1364.5,1404.5,1,1371.0,0.0,0.0,0.0,0.0,0.0,36
2023-05-10 21:18:28,jm2403,jm2403,1371.0,0.0,0.0,0.0,1,1364.5,1404.5,3,1371.0,0.0,0.0,0.0,0.0,0.0,36
2023-05-10 21:18:44,jm2403,jm2403,1371.0,0.0,0.0,0.0,1,1364.5,1404.0,2,1371.0,0.0,0.0,0.0,0.0,0.0,36
2023-05-10 21:18:45,jm2403,jm2403,1371.0,0.0,0.0,0.0,1,1364.5,1403.5,1,1371.0,0.0,0.0,0.0,0.0,0.0,36
2023-05-10 21:19:00,jm2403,jm2403,1371.0,0.0,0.0,0.0,1,1364.5,1403.5,3,1371.0,0.0,0.0,0.0,0.0,0.0,36
2023-05-10 21:19:14,jm2403,jm2403,1371.0,0.0,0.0,0.0,1,1364.5,1403.5,1,1371.0,0.0,0.0,0.0,0.0,0.0,36
2023-05-10 21:19:29,jm2403,jm2403,1371.0,0.0,0.0,0.0,1,1364.5,1403.0,2,1371.0,0.0,0.0,0.0,0.0,0.0,36
2023-05-10 21:19:29,jm2403,jm2403,1371.0,0.0,0.0,0.0,1,1364.5,1402.5,1,1371.0,0.0,0.0,0.0,0.0,0.0,36
2023-05-10 21:19:49,jm2403,jm2403,1371.0,0.0,0.0,0.0,1,1364.5,1402.5,3,1371.0,0.0,0.0,0.0,0.0,0.0,36
2023-05-10 21:20:06,jm2403,jm2403,1371.0,0.0,0.0,0.0,1,1364.5,1402.5,1,1371.0,0.0,0.0,0.0,0.0,0.0,36
2023-05-10 21:20:17,jm2403,jm2403,1371.0,0.0,0.0,0.0,1,1364.5,1402.0,2,1371.0,0.0,0.0,0.0,0.0,0.0,36
2023-05-10 21:20:18,jm2403,jm2403,1371.0,0.0,0.0,0.0,1,1364.5,1401.5,1,1371.0,0.0,0.0,0.0,0.0,0.0,36
2023-05-10 21:21:04,jm2403,jm2403,1371.0,0.0,0.0,0.0,1,1364.5,1401.0,2,1371.0,0.0,0.0,0.0,0.0,0.0,36
2023-05-10 21:21:04,jm2403,jm2403,1371.0,0.0,0.0,0.0,1,1364.5,1400.5,1,1371.0,0.0,0.0,0.0,0.0,0.0,36
2023-05-10 21:21:48,jm2403,jm2403,1371.0,0.0,0.0,0.0,1,1364.5,1400.0,2,1371.0,0.0,0.0,0.0,0.0,0.0,36
2023-05-10 21:21:48,jm2403,jm2403,1371.0,0.0,0.0,0.0,1,1364.5,1399.5,1,1371.0,0.0,0.0,0.0,0.0,0.0,36
2023-05-10 21:22:31,jm2403,jm2403,1371.0,0.0,0.0,0.0,1,1364.5,1399.0,2,1371.0,0.0,0.0,0.0,0.0,0.0,36
2023-05-10 21:22:32,jm2403,jm2403,1371.0,0.0,0.0,0.0,1,1364.5,1398.5,1,1371.0,0.0,0.0,0.0,0.0,0.0,36
2023-05-10 21:22:59,jm2403,jm2403,1371.0,0.0,0.0,0.0,1,1365.0,1398.5,1,1371.0,0.0,0.0,0.0,0.0,0.0,36
2023-05-10 21:23:00,jm2403,jm2403,1371.0,0.0,0.0,0.0,1,1367.5,1398.5,1,1371.0,0.0,0.0,0.0,0.0,0.0,36
2023-05-10 21:23:00,jm2403,jm2403,1371.0,0.0,0.0,0.0,1,1368.0,1398.5,1,1371.0,0.0,0.0,0.0,0.0,0.0,36
2023-05-10 21:23:01,jm2403,jm2403,1371.0,0.0,0.0,0.0,1,1370.5,1398.5,1,1371.0,0.0,0.0,0.0,0.0,0.0,36
2023-05-10 21:23:01,jm2403,jm2403,1371.0,0.0,0.0,0.0,1,1371.0,1398.5,1,1371.0,0.0,0.0,0.0,0.0,0.0,36
2023-05-10 21:23:18,jm2403,jm2403,1371.0,0.0,0.0,0.0,1,1371.0,1398.0,2,1371.0,0.0,0.0,0.0,0.0,0.0,36
2023-05-10 21:23:19,jm2403,jm2403,1371.0,0.0,0.0,0.0,1,1371.0,1397.5,1,1371.0,0.0,0.0,0.0,0.0,0.0,36
2023-05-10 21:24:03,jm2403,jm2403,1371.0,0.0,0.0,0.0,1,1371.0,1397.0,2,1371.0,0.0,0.0,0.0,0.0,0.0,36
2023-05-10 21:24:03,jm2403,jm2403,1371.0,0.0,0.0,0.0,1,1371.0,1396.5,1,1371.0,0.0,0.0,0.0,0.0,0.0,36
2023-05-10 21:24:23,jm2403,jm2403,1371.0,0.0,0.0,0.0,1,1371.0,1397.0,2,1371.0,0.0,0.0,0.0,0.0,0.0,36
2023-05-10 21:25:02,jm2403,jm2403,1371.0,0.0,0.0,0.0,1,1373.5,1397.0,2,1371.0,0.0,0.0,0.0,0.0,0.0,36
2023-05-10 21:25:02,jm2403,jm2403,1371.0,0.0,0.0,0.0,1,1374.0,1397.0,2,1371.0,0.0,0.0,0.0,0.0,0.0,36
2023-05-10 21:25:50,jm2403,jm2403,1371.0,0.0,0.0,0.0,1,1350.0,1397.0,2,1371.0,0.0,0.0,0.0,0.0,0.0,36
2023-05-10 21:25:50,jm2403,jm2403,1371.0,0.0,0.0,0.0,1,1350.5,1397.0,2,1371.0,0.0,0.0,0.0,0.0,0.0,36
2023-05-10 21:25:51,jm2403,jm2403,1371.0,0.0,0.0,0.0,1,1353.0,1397.0,2,1371.0,0.0,0.0,0.0,0.0,0.0,36
2023-05-10 21:25:51,jm2403,jm2403,1371.0,0.0,0.0,0.0,1,1353.5,1396.5,1,1371.0,0.0,0.0,0.0,0.0,0.0,36
2023-05-10 21:25:52,jm2403,jm2403,1371.0,0.0,0.0,0.0,1,1356.0,1396.5,1,1371.0,0.0,0.0,0.0,0.0,0.0,36
2023-05-10 21:25:52,jm2403,jm2403,1371.0,0.0,0.0,0.0,1,1356.5,1396.5,1,1371.0,0.0,0.0,0.0,0.0,0.0,36
2023-05-10 21:25:53,jm2403,jm2403,1371.0,0.0,0.0,0.0,1,1359.0,1396.5,1,1371.0,0.0,0.0,0.0,0.0,0.0,36
2023-05-10 21:25:53,jm2403,jm2403,1371.0,0.0,0.0,0.0,1,1359.5,1396.5,1,1371.0,0.0,0.0,0.0,0.0,0.0,36
2023-05-10 21:25:54,jm2403,jm2403,1371.0,0.0,0.0,0.0,1,1362.0,1396.5,1,1371.0,0.0,0.0,0.0,0.0,0.0,36
2023-05-10 21:25:54,jm2403,jm2403,1371.0,0.0,0.0,0.0,1,1362.5,1396.5,1,1371.0,0.0,0.0,0.0,0.0,0.0,36
2023-05-10 21:25:55,jm2403,jm2403,1371.0,0.0,0.0,0.0,1,1365.0,1396.5,1,1371.0,0.0,0.0,0.0,0.0,0.0,36
2023-05-10 21:25:55,jm2403,jm2403,1371.0,0.0,0.0,0.0,1,1365.5,1396.5,1,1371.0,0.0,0.0,0.0,0.0,0.0,36
2023-05-10 21:25:56,jm2403,jm2403,1371.0,0.0,0.0,0.0,1,1368.0,1396.5,1,1371.0,0.0,0.0,0.0,0.0,0.0,36
2023-05-10 21:25:56,jm2403,jm2403,1371.0,0.0,0.0,0.0,1,1368.5,1405.0,1,1371.0,0.0,0.0,0.0,0.0,0.0,36
2023-05-10 21:25:57,jm2403,jm2403,1371.0,0.0,0.0,0.0,1,1371.0,1404.5,3,1371.0,0.0,0.0,0.0,0.0,0.0,36
2023-05-10 21:25:57,jm2403,jm2403,1371.0,0.0,0.0,0.0,1,1371.5,1404.5,3,1371.0,0.0,0.0,0.0,0.0,0.0,36
2023-05-10 21:26:17,jm2403,jm2403,1371.0,0.0,0.0,0.0,1,1371.5,1404.0,2,1371.0,0.0,0.0,0.0,0.0,0.0,36
2023-05-10 21:26:17,jm2403,jm2403,1371.0,0.0,0.0,0.0,1,1371.5,1403.5,1,1371.0,0.0,0.0,0.0,0.0,0.0,36
2023-05-10 21:26:23,jm2403,jm2403,1371.0,0.0,0.0,0.0,1,1371.5,1403.0,2,1371.0,0.0,0.0,0.0,0.0,0.0,36
2023-05-10 21:26:23,jm2403,jm2403,1371.0,0.0,0.0,0.0,1,1371.5,1402.5,1,1371.0,0.0,0.0,0.0,0.0,0.0,36
2023-05-10 21:26:43,jm2403,jm2403,1371.0,0.0,0.0,0.0,1,1371.5,1402.5,3,1371.0,0.0,0.0,0.0,0.0,0.0,36
2023-05-10 21:26:46,jm2403,jm2403,1371.0,0.0,0.0,0.0,1,1374.0,1402.5,3,1371.0,0.0,0.0,0.0,0.0,0.0,36
2023-05-10 21:26:47,jm2403,jm2403,1371.0,0.0,0.0,0.0,1,1374.5,1402.5,3,1371.0,0.0,0.0,0.0,0.0,0.0,36
2023-05-10 21:26:49,jm2403,jm2403,1371.0,0.0,0.0,0.0,1,1374.5,1402.5,1,1371.0,0.0,0.0,0.0,0.0,0.0,36
2023-05-10 21:27:01,jm2403,jm2403,1371.0,0.0,0.0,0.0,1,1374.5,1402.0,2,1371.0,0.0,0.0,0.0,0.0,0.0,36
2023-05-10 21:27:01,jm2403,jm2403,1371.0,0.0,0.0,0.0,1,1374.5,1401.5,1,1371.0,0.0,0.0,0.0,0.0,0.0,36
2023-05-10 21:27:44,jm2403,jm2403,1371.0,0.0,0.0,0.0,1,1374.5,1401.0,2,1371.0,0.0,0.0,0.0,0.0,0.0,36
2023-05-10 21:27:44,jm2403,jm2403,1371.0,0.0,0.0,0.0,1,1374.5,1400.5,1,1371.0,0.0,0.0,0.0,0.0,0.0,36
2023-05-10 21:28:24,jm2403,jm2403,1371.0,0.0,0.0,0.0,1,1374.5,1393.0,1,1371.0,0.0,0.0,0.0,0.0,0.0,36
2023-05-10 21:28:28,jm2403,jm2403,1371.0,0.0,0.0,0.0,1,1374.5,1392.5,2,1371.0,0.0,0.0,0.0,0.0,0.0,36
2023-05-10 21:29:22,jm2403,jm2403,1371.0,0.0,0.0,0.0,1,1350.0,1392.5,2,1371.0,0.0,0.0,0.0,0.0,0.0,36
2023-05-10 21:29:22,jm2403,jm2403,1371.0,0.0,0.0,0.0,1,1374.5,1392.5,2,1371.0,0.0,0.0,0.0,0.0,0.0,36
2023-05-10 21:29:23,jm2403,jm2403,1371.0,0.0,0.0,0.0,1,1374.5,1393.0,1,1371.0,0.0,0.0,0.0,0.0,0.0,36
2023-05-10 21:29:31,jm2403,jm2403,1371.0,0.0,0.0,0.0,1,1352.5,1393.0,1,1371.0,0.0,0.0,0.0,0.0,0.0,36
2023-05-10 21:29:31,jm2403,jm2403,1371.0,0.0,0.0,0.0,1,1353.0,1393.0,1,1371.0,0.0,0.0,0.0,0.0,0.0,36
2023-05-10 21:29:32,jm2403,jm2403,1371.0,0.0,0.0,0.0,1,1355.5,1393.0,1,1371.0,0.0,0.0,0.0,0.0,0.0,36
2023-05-10 21:29:32,jm2403,jm2403,1371.0,0.0,0.0,0.0,1,1356.0,1393.0,1,1371.0,0.0,0.0,0.0,0.0,0.0,36
2023-05-10 21:29:33,jm2403,jm2403,1371.0,0.0,0.0,0.0,1,1358.5,1393.0,1,1371.0,0.0,0.0,0.0,0.0,0.0,36
2023-05-10 21:29:33,jm2403,jm2403,1371.0,0.0,0.0,0.0,1,1359.0,1393.0,1,1371.0,0.0,0.0,0.0,0.0,0.0,36
2023-05-10 21:29:34,jm2403,jm2403,1371.0,0.0,0.0,0.0,1,1361.5,1393.0,1,1371.0,0.0,0.0,0.0,0.0,0.0,36
2023-05-10 21:29:34,jm2403,jm2403,1371.0,0.0,0.0,0.0,1,1362.0,1393.0,1,1371.0,0.0,0.0,0.0,0.0,0.0,36
2023-05-10 21:29:35,jm2403,jm2403,1371.0,0.0,0.0,0.0,1,1364.5,1393.0,1,1371.0,0.0,0.0,0.0,0.0,0.0,36
2023-05-10 21:29:35,jm2403,jm2403,1371.0,0.0,0.0,0.0,1,1365.0,1393.0,1,1371.0,0.0,0.0,0.0,0.0,0.0,36
2023-05-10 21:29:36,jm2403,jm2403,1371.0,0.0,0.0,0.0,1,1367.5,1393.0,1,1371.0,0.0,0.0,0.0,0.0,0.0,36
2023-05-10 21:29:36,jm2403,jm2403,1371.0,0.0,0.0,0.0,1,1368.0,1393.0,1,1371.0,0.0,0.0,0.0,0.0,0.0,36
2023-05-10 21:29:37,jm2403,jm2403,1371.0,0.0,0.0,0.0,1,1370.5,1393.0,1,1371.0,0.0,0.0,0.0,0.0,0.0,36
2023-05-10 21:29:37,jm2403,jm2403,1371.0,0.0,0.0,0.0,1,1371.0,1393.0,1,1371.0,0.0,0.0,0.0,0.0,0.0,36
2023-05-10 21:29:55,jm2403,jm2403,1371.0,0.0,0.0,0.0,1,1371.0,1392.5,2,1371.0,0.0,0.0,0.0,0.0,0.0,36
2023-05-10 21:31:33,jm2403,jm2403,1371.0,0.0,0.0,0.0,1,1373.5,1392.5,2,1371.0,0.0,0.0,0.0,0.0,0.0,36
2023-05-10 21:31:33,jm2403,jm2403,1371.0,0.0,0.0,0.0,1,1374.0,1392.5,2,1371.0,0.0,0.0,0.0,0.0,0.0,36
2023-05-10 21:31:48,jm2403,jm2403,1371.0,0.0,0.0,0.0,1,1350.0,1392.5,2,1371.0,0.0,0.0,0.0,0.0,0.0,36
2023-05-10 21:31:49,jm2403,jm2403,1371.0,0.0,0.0,0.0,1,1352.5,1392.5,2,1371.0,0.0,0.0,0.0,0.0,0.0,36
2023-05-10 21:31:49,jm2403,jm2403,1371.0,0.0,0.0,0.0,1,1353.0,1392.5,2,1371.0,0.0,0.0,0.0,0.0,0.0,36
2023-05-10 21:31:50,jm2403,jm2403,1371.0,0.0,0.0,0.0,1,1355.5,1393.0,1,1371.0,0.0,0.0,0.0,0.0,0.0,36
2023-05-10 21:31:50,jm2403,jm2403,1371.0,0.0,0.0,0.0,1,1356.0,1393.0,1,1371.0,0.0,0.0,0.0,0.0,0.0,36
2023-05-10 21:31:51,jm2403,jm2403,1371.0,0.0,0.0,0.0,1,1358.5,1393.0,1,1371.0,0.0,0.0,0.0,0.0,0.0,36
2023-05-10 21:31:51,jm2403,jm2403,1371.0,0.0,0.0,0.0,1,1359.0,1393.0,1,1371.0,0.0,0.0,0.0,0.0,0.0,36
2023-05-10 21:31:52,jm2403,jm2403,1371.0,0.0,0.0,0.0,1,1361.5,1393.0,1,1371.0,0.0,0.0,0.0,0.0,0.0,36
2023-05-10 21:31:52,jm2403,jm2403,1371.0,0.0,0.0,0.0,1,1362.0,1393.0,1,1371.0,0.0,0.0,0.0,0.0,0.0,36
2023-05-10 21:31:53,jm2403,jm2403,1371.0,0.0,0.0,0.0,1,1364.5,1393.0,1,1371.0,0.0,0.0,0.0,0.0,0.0,36
2023-05-10 21:31:53,jm2403,jm2403,1371.0,0.0,0.0,0.0,1,1365.0,1393.0,1,1371.0,0.0,0.0,0.0,0.0,0.0,36
2023-05-10 21:31:54,jm2403,jm2403,1371.0,0.0,0.0,0.0,1,1367.5,1393.0,1,1371.0,0.0,0.0,0.0,0.0,0.0,36
2023-05-10 21:31:54,jm2403,jm2403,1371.0,0.0,0.0,0.0,1,1368.0,1393.0,1,1371.0,0.0,0.0,0.0,0.0,0.0,36
2023-05-10 21:31:55,jm2403,jm2403,1371.0,0.0,0.0,0.0,1,1370.5,1393.0,1,1371.0,0.0,0.0,0.0,0.0,0.0,36
2023-05-10 21:31:55,jm2403,jm2403,1371.0,0.0,0.0,0.0,1,1371.0,1393.0,1,1371.0,0.0,0.0,0.0,0.0,0.0,36
2023-05-10 21:32:08,jm2403,jm2403,1371.0,0.0,0.0,0.0,1,1371.0,1392.5,2,1371.0,0.0,0.0,0.0,0.0,0.0,36
2023-05-10 21:33:30,jm2403,jm2403,1371.0,0.0,0.0,0.0,1,1373.5,1392.5,2,1371.0,0.0,0.0,0.0,0.0,0.0,36
2023-05-10 21:33:30,jm2403,jm2403,1371.0,0.0,0.0,0.0,1,1374.0,1392.5,2,1371.0,0.0,0.0,0.0,0.0,0.0,36
2023-05-10 21:33:40,jm2403,jm2403,1371.0,0.0,0.0,0.0,1,1350.0,1392.5,2,1371.0,0.0,0.0,0.0,0.0,0.0,36
2023-05-10 21:33:41,jm2403,jm2403,1371.0,0.0,0.0,0.0,1,1352.5,1393.0,1,1371.0,0.0,0.0,0.0,0.0,0.0,36
2023-05-10 21:33:41,jm2403,jm2403,1371.0,0.0,0.0,0.0,1,1353.0,1393.0,1,1371.0,0.0,0.0,0.0,0.0,0.0,36
2023-05-10 21:33:42,jm2403,jm2403,1371.0,0.0,0.0,0.0,1,1355.5,1393.0,1,1371.0,0.0,0.0,0.0,0.0,0.0,36
2023-05-10 21:33:42,jm2403,jm2403,1371.0,0.0,0.0,0.0,1,1356.0,1393.0,1,1371.0,0.0,0.0,0.0,0.0,0.0,36
2023-05-10 21:33:43,jm2403,jm2403,1371.0,0.0,0.0,0.0,1,1358.5,1393.0,1,1371.0,0.0,0.0,0.0,0.0,0.0,36
2023-05-10 21:33:43,jm2403,jm2403,1371.0,0.0,0.0,0.0,1,1359.0,1393.0,1,1371.0,0.0,0.0,0.0,0.0,0.0,36
2023-05-10 21:33:44,jm2403,jm2403,1371.0,0.0,0.0,0.0,1,1361.5,1393.0,1,1371.0,0.0,0.0,0.0,0.0,0.0,36
2023-05-10 21:33:44,jm2403,jm2403,1371.0,0.0,0.0,0.0,1,1362.0,1393.0,1,1371.0,0.0,0.0,0.0,0.0,0.0,36
2023-05-10 21:33:45,jm2403,jm2403,1371.0,0.0,0.0,0.0,1,1364.5,1393.0,1,1371.0,0.0,0.0,0.0,0.0,0.0,36
2023-05-10 21:33:45,jm2403,jm2403,1371.0,0.0,0.0,0.0,1,1365.0,1393.0,1,1371.0,0.0,0.0,0.0,0.0,0.0,36
2023-05-10 21:33:46,jm2403,jm2403,1371.0,0.0,0.0,0.0,1,1367.5,1393.0,1,1371.0,0.0,0.0,0.0,0.0,0.0,36
2023-05-10 21:33:46,jm2403,jm2403,1371.0,0.0,0.0,0.0,1,1368.0,1393.0,1,1371.0,0.0,0.0,0.0,0.0,0.0,36
2023-05-10 21:33:47,jm2403,jm2403,1371.0,0.0,0.0,0.0,1,1370.5,1393.0,1,1371.0,0.0,0.0,0.0,0.0,0.0,36
2023-05-10 21:33:47,jm2403,jm2403,1371.0,0.0,0.0,0.0,1,1371.0,1393.0,1,1371.0,0.0,0.0,0.0,0.0,0.0,36
2023-05-10 21:34:09,jm2403,jm2403,1371.0,0.0,0.0,0.0,1,1373.5,1393.0,1,1371.0,0.0,0.0,0.0,0.0,0.0,36
2023-05-10 21:34:10,jm2403,jm2403,1371.0,0.0,0.0,0.0,1,1374.0,1393.0,1,1371.0,0.0,0.0,0.0,0.0,0.0,36
2023-05-10 21:34:23,jm2403,jm2403,1371.0,0.0,0.0,0.0,1,1374.0,1392.5,2,1371.0,0.0,0.0,0.0,0.0,0.0,36
2023-05-10 21:34:34,jm2403,jm2403,1371.0,0.0,0.0,0.0,1,1350.0,1392.5,2,1371.0,0.0,0.0,0.0,0.0,0.0,36
2023-05-10 21:34:34,jm2403,jm2403,1371.0,0.0,0.0,0.0,1,1352.5,1392.5,2,1371.0,0.0,0.0,0.0,0.0,0.0,36
2023-05-10 21:34:35,jm2403,jm2403,1371.0,0.0,0.0,0.0,1,1353.0,1392.5,2,1371.0,0.0,0.0,0.0,0.0,0.0,36
2023-05-10 21:34:35,jm2403,jm2403,1371.0,0.0,0.0,0.0,1,1355.5,1393.0,1,1371.0,0.0,0.0,0.0,0.0,0.0,36
2023-05-10 21:34:36,jm2403,jm2403,1371.0,0.0,0.0,0.0,1,1356.0,1393.0,1,1371.0,0.0,0.0,0.0,0.0,0.0,36
2023-05-10 21:34:36,jm2403,jm2403,1371.0,0.0,0.0,0.0,1,1358.5,1393.0,1,1371.0,0.0,0.0,0.0,0.0,0.0,36
2023-05-10 21:34:37,jm2403,jm2403,1371.0,0.0,0.0,0.0,1,1359.0,1393.0,1,1371.0,0.0,0.0,0.0,0.0,0.0,36
2023-05-10 21:34:37,jm2403,jm2403,1371.0,0.0,0.0,0.0,1,1361.5,1393.0,1,1371.0,0.0,0.0,0.0,0.0,0.0,36
2023-05-10 21:34:38,jm2403,jm2403,1371.0,0.0,0.0,0.0,1,1362.0,1393.0,1,1371.0,0.0,0.0,0.0,0.0,0.0,36
2023-05-10 21:34:38,jm2403,jm2403,1371.0,0.0,0.0,0.0,1,1364.5,1393.0,1,1371.0,0.0,0.0,0.0,0.0,0.0,36
2023-05-10 21:34:39,jm2403,jm2403,1371.0,0.0,0.0,0.0,1,1365.0,1393.0,1,1371.0,0.0,0.0,0.0,0.0,0.0,36
2023-05-10 21:34:39,jm2403,jm2403,1371.0,0.0,0.0,0.0,1,1367.5,1393.0,1,1371.0,0.0,0.0,0.0,0.0,0.0,36
2023-05-10 21:34:40,jm2403,jm2403,1371.0,0.0,0.0,0.0,1,1368.0,1393.0,1,1371.0,0.0,0.0,0.0,0.0,0.0,36
2023-05-10 21:34:40,jm2403,jm2403,1371.0,0.0,0.0,0.0,1,1370.5,1393.0,1,1371.0,0.0,0.0,0.0,0.0,0.0,36
2023-05-10 21:34:41,jm2403,jm2403,1371.0,0.0,0.0,0.0,1,1371.0,1393.0,1,1371.0,0.0,0.0,0.0,0.0,0.0,36
2023-05-10 21:35:07,jm2403,jm2403,1371.0,0.0,0.0,0.0,1,1371.0,1392.5,2,1371.0,0.0,0.0,0.0,0.0,0.0,36
2023-05-10 21:37:02,jm2403,jm2403,1371.0,0.0,0.0,0.0,1,1371.0,1393.0,1,1371.0,0.0,0.0,0.0,0.0,0.0,36
2023-05-10 21:37:18,jm2403,jm2403,1371.0,0.0,0.0,0.0,2,1371.5,1393.0,1,1371.0,0.0,0.0,0.0,0.0,0.0,36
2023-05-10 21:37:19,jm2403,jm2403,1371.0,0.0,0.0,0.0,1,1372.0,1393.0,1,1371.0,0.0,0.0,0.0,0.0,0.0,36
2023-05-10 21:37:23,jm2403,jm2403,1371.0,0.0,0.0,0.0,1,1374.5,1393.0,1,1371.0,0.0,0.0,0.0,0.0,0.0,36
2023-05-10 21:37:23,jm2403,jm2403,1371.0,0.0,0.0,0.0,1,1375.0,1393.0,1,1371.0,0.0,0.0,0.0,0.0,0.0,36
2023-05-10 21:37:44,jm2403,jm2403,1371.0,0.0,0.0,0.0,1,1350.0,1393.0,1,1371.0,0.0,0.0,0.0,0.0,0.0,36
2023-05-10 21:37:45,jm2403,jm2403,1371.0,0.0,0.0,0.0,1,1352.5,1393.0,1,1371.0,0.0,0.0,0.0,0.0,0.0,36
2023-05-10 21:37:45,jm2403,jm2403,1371.0,0.0,0.0,0.0,1,1353.0,1393.0,1,1371.0,0.0,0.0,0.0,0.0,0.0,36
2023-05-10 21:37:46,jm2403,jm2403,1371.0,0.0,0.0,0.0,1,1355.5,1393.0,1,1371.0,0.0,0.0,0.0,0.0,0.0,36
2023-05-10 21:37:46,jm2403,jm2403,1371.0,0.0,0.0,0.0,1,1356.0,1393.0,1,1371.0,0.0,0.0,0.0,0.0,0.0,36
2023-05-10 21:37:47,jm2403,jm2403,1371.0,0.0,0.0,0.0,1,1358.5,1393.0,1,1371.0,0.0,0.0,0.0,0.0,0.0,36
2023-05-10 21:37:47,jm2403,jm2403,1371.0,0.0,0.0,0.0,1,1359.0,1393.0,1,1371.0,0.0,0.0,0.0,0.0,0.0,36
2023-05-10 21:37:48,jm2403,jm2403,1371.0,0.0,0.0,0.0,1,1361.5,1393.0,1,1371.0,0.0,0.0,0.0,0.0,0.0,36
2023-05-10 21:37:48,jm2403,jm2403,1371.0,0.0,0.0,0.0,1,1362.0,1393.0,1,1371.0,0.0,0.0,0.0,0.0,0.0,36
2023-05-10 21:37:49,jm2403,jm2403,1371.0,0.0,0.0,0.0,1,1364.5,1393.0,1,1371.0,0.0,0.0,0.0,0.0,0.0,36
2023-05-10 21:37:49,jm2403,jm2403,1371.0,0.0,0.0,0.0,1,1365.0,1393.0,1,1371.0,0.0,0.0,0.0,0.0,0.0,36
2023-05-10 21:37:50,jm2403,jm2403,1371.0,0.0,0.0,0.0,1,1367.5,1393.0,1,1371.0,0.0,0.0,0.0,0.0,0.0,36
2023-05-10 21:37:50,jm2403,jm2403,1371.0,0.0,0.0,0.0,1,1368.0,1393.0,1,1371.0,0.0,0.0,0.0,0.0,0.0,36
2023-05-10 21:37:51,jm2403,jm2403,1371.0,0.0,0.0,0.0,1,1370.5,1393.0,1,1371.0,0.0,0.0,0.0,0.0,0.0,36
2023-05-10 21:37:51,jm2403,jm2403,1371.0,0.0,0.0,0.0,1,1371.0,1393.0,1,1371.0,0.0,0.0,0.0,0.0,0.0,36
2023-05-10 21:38:03,jm2403,jm2403,1371.0,0.0,0.0,0.0,2,1371.5,1393.0,1,1371.0,0.0,0.0,0.0,0.0,0.0,36
2023-05-10 21:38:04,jm2403,jm2403,1371.0,0.0,0.0,0.0,1,1372.0,1393.0,1,1371.0,0.0,0.0,0.0,0.0,0.0,36
2023-05-10 21:38:47,jm2403,jm2403,1371.0,0.0,0.0,0.0,1,1372.0,1392.5,2,1371.0,0.0,0.0,0.0,0.0,0.0,36
2023-05-10 21:39:22,jm2403,jm2403,1371.0,0.0,0.0,0.0,1,1350.0,1392.5,2,1371.0,0.0,0.0,0.0,0.0,0.0,36
2023-05-10 21:39:23,jm2403,jm2403,1371.0,0.0,0.0,0.0,1,1350.5,1392.5,2,1371.0,0.0,0.0,0.0,0.0,0.0,36
2023-05-10 21:39:23,jm2403,jm2403,1371.0,0.0,0.0,0.0,1,1353.0,1392.5,2,1371.0,0.0,0.0,0.0,0.0,0.0,36
2023-05-10 21:39:24,jm2403,jm2403,1371.0,0.0,0.0,0.0,1,1353.5,1393.0,1,1371.0,0.0,0.0,0.0,0.0,0.0,36
2023-05-10 21:39:24,jm2403,jm2403,1371.0,0.0,0.0,0.0,1,1356.0,1393.0,1,1371.0,0.0,0.0,0.0,0.0,0.0,36
2023-05-10 21:39:25,jm2403,jm2403,1371.0,0.0,0.0,0.0,1,1356.5,1393.0,1,1371.0,0.0,0.0,0.0,0.0,0.0,36
2023-05-10 21:39:25,jm2403,jm2403,1371.0,0.0,0.0,0.0,1,1359.0,1393.0,1,1371.0,0.0,0.0,0.0,0.0,0.0,36
2023-05-10 21:39:26,jm2403,jm2403,1371.0,0.0,0.0,0.0,1,1359.5,1393.0,1,1371.0,0.0,0.0,0.0,0.0,0.0,36
2023-05-10 21:39:26,jm2403,jm2403,1371.0,0.0,0.0,0.0,1,1362.0,1393.0,1,1371.0,0.0,0.0,0.0,0.0,0.0,36
2023-05-10 21:39:27,jm2403,jm2403,1371.0,0.0,0.0,0.0,1,1362.5,1393.0,1,1371.0,0.0,0.0,0.0,0.0,0.0,36
2023-05-10 21:39:27,jm2403,jm2403,1371.0,0.0,0.0,0.0,1,1365.0,1393.0,1,1371.0,0.0,0.0,0.0,0.0,0.0,36
2023-05-10 21:39:28,jm2403,jm2403,1371.0,0.0,0.0,0.0,1,1365.5,1393.0,1,1371.0,0.0,0.0,0.0,0.0,0.0,36
2023-05-10 21:39:28,jm2403,jm2403,1371.0,0.0,0.0,0.0,1,1368.0,1393.0,1,1371.0,0.0,0.0,0.0,0.0,0.0,36
2023-05-10 21:39:29,jm2403,jm2403,1371.0,0.0,0.0,0.0,1,1368.5,1393.0,1,1371.0,0.0,0.0,0.0,0.0,0.0,36
2023-05-10 21:39:30,jm2403,jm2403,1371.0,0.0,0.0,0.0,1,1368.5,1392.5,2,1371.0,0.0,0.0,0.0,0.0,0.0,36
2023-05-10 21:42:24,jm2403,jm2403,1371.0,0.0,0.0,0.0,1,1350.0,1392.5,2,1371.0,0.0,0.0,0.0,0.0,0.0,36
2023-05-10 21:42:25,jm2403,jm2403,1371.0,0.0,0.0,0.0,1,1352.5,1392.0,1,1371.0,0.0,0.0,0.0,0.0,0.0,36
2023-05-10 21:42:25,jm2403,jm2403,1371.0,0.0,0.0,0.0,1,1353.0,1392.0,1,1371.0,0.0,0.0,0.0,0.0,0.0,36
2023-05-10 21:42:26,jm2403,jm2403,1371.0,0.0,0.0,0.0,1,1355.5,1392.0,1,1371.0,0.0,0.0,0.0,0.0,0.0,36
2023-05-10 21:42:26,jm2403,jm2403,1371.0,0.0,0.0,0.0,1,1356.0,1392.0,1,1371.0,0.0,0.0,0.0,0.0,0.0,36
2023-05-10 21:42:27,jm2403,jm2403,1371.0,0.0,0.0,0.0,1,1358.5,1392.0,1,1371.0,0.0,0.0,0.0,0.0,0.0,36
2023-05-10 21:42:27,jm2403,jm2403,1371.0,0.0,0.0,0.0,1,1359.0,1392.0,1,1371.0,0.0,0.0,0.0,0.0,0.0,36
2023-05-10 21:42:28,jm2403,jm2403,1371.0,0.0,0.0,0.0,1,1361.5,1392.0,1,1371.0,0.0,0.0,0.0,0.0,0.0,36
2023-05-10 21:42:28,jm2403,jm2403,1371.0,0.0,0.0,0.0,1,1362.0,1392.0,1,1371.0,0.0,0.0,0.0,0.0,0.0,36
2023-05-10 21:42:29,jm2403,jm2403,1371.0,0.0,0.0,0.0,1,1364.5,1392.0,1,1371.0,0.0,0.0,0.0,0.0,0.0,36
2023-05-10 21:42:29,jm2403,jm2403,1371.0,0.0,0.0,0.0,1,1365.0,1392.0,1,1371.0,0.0,0.0,0.0,0.0,0.0,36
2023-05-10 21:43:09,jm2403,jm2403,1371.0,0.0,0.0,0.0,1,1365.0,1391.5,2,1371.0,0.0,0.0,0.0,0.0,0.0,36
2023-05-10 21:43:09,jm2403,jm2403,1371.0,0.0,0.0,0.0,1,1365.0,1391.0,1,1371.0,0.0,0.0,0.0,0.0,0.0,36
2023-05-10 21:43:53,jm2403,jm2403,1371.0,0.0,0.0,0.0,1,1365.0,1393.0,1,1371.0,0.0,0.0,0.0,0.0,0.0,36
2023-05-10 21:43:54,jm2403,jm2403,1371.0,0.0,0.0,0.0,1,1365.0,1392.5,1,1371.0,0.0,0.0,0.0,0.0,0.0,36
2023-05-10 21:43:56,jm2403,jm2403,1371.0,0.0,0.0,0.0,1,1365.0,1390.5,2,1371.0,0.0,0.0,0.0,0.0,0.0,36
2023-05-10 21:44:05,jm2403,jm2403,1371.0,0.0,0.0,0.0,1,1367.5,1390.5,2,1371.0,0.0,0.0,0.0,0.0,0.0,36
2023-05-10 21:44:05,jm2403,jm2403,1371.0,0.0,0.0,0.0,1,1368.0,1390.5,2,1371.0,0.0,0.0,0.0,0.0,0.0,36
2023-05-10 21:45:21,jm2403,jm2403,1371.0,0.0,0.0,0.0,1,1368.0,1393.0,1,1371.0,0.0,0.0,0.0,0.0,0.0,36
2023-05-10 21:45:24,jm2403,jm2403,1371.0,0.0,0.0,0.0,1,1368.0,1392.5,2,1371.0,0.0,0.0,0.0,0.0,0.0,36
2023-05-10 21:48:09,jm2403,jm2403,1371.0,0.0,0.0,0.0,1,1350.0,1392.5,2,1371.0,0.0,0.0,0.0,0.0,0.0,36
2023-05-10 21:48:10,jm2403,jm2403,1371.0,0.0,0.0,0.0,1,1352.5,1392.0,1,1371.0,0.0,0.0,0.0,0.0,0.0,36
2023-05-10 21:48:10,jm2403,jm2403,1371.0,0.0,0.0,0.0,1,1353.0,1392.0,1,1371.0,0.0,0.0,0.0,0.0,0.0,36
2023-05-10 21:48:11,jm2403,jm2403,1371.0,0.0,0.0,0.0,1,1355.5,1392.0,1,1371.0,0.0,0.0,0.0,0.0,0.0,36
2023-05-10 21:48:11,jm2403,jm2403,1371.0,0.0,0.0,0.0,1,1356.0,1392.0,1,1371.0,0.0,0.0,0.0,0.0,0.0,36
2023-05-10 21:48:12,jm2403,jm2403,1371.0,0.0,0.0,0.0,1,1358.5,1392.0,1,1371.0,0.0,0.0,0.0,0.0,0.0,36
2023-05-10 21:48:12,jm2403,jm2403,1371.0,0.0,0.0,0.0,1,1359.0,1392.0,1,1371.0,0.0,0.0,0.0,0.0,0.0,36
2023-05-10 21:48:13,jm2403,jm2403,1371.0,0.0,0.0,0.0,1,1361.5,1392.0,1,1371.0,0.0,0.0,0.0,0.0,0.0,36
2023-05-10 21:48:13,jm2403,jm2403,1371.0,0.0,0.0,0.0,1,1362.0,1392.0,1,1371.0,0.0,0.0,0.0,0.0,0.0,36
2023-05-10 21:48:14,jm2403,jm2403,1371.0,0.0,0.0,0.0,1,1364.5,1392.0,1,1371.0,0.0,0.0,0.0,0.0,0.0,36
2023-05-10 21:48:14,jm2403,jm2403,1371.0,0.0,0.0,0.0,1,1365.0,1392.0,1,1371.0,0.0,0.0,0.0,0.0,0.0,36
2023-05-10 21:48:15,jm2403,jm2403,1371.0,0.0,0.0,0.0,1,1365.0,1391.5,2,1371.0,0.0,0.0,0.0,0.0,0.0,36
2023-05-10 21:48:15,jm2403,jm2403,1371.0,0.0,0.0,0.0,1,1365.0,1391.0,1,1371.0,0.0,0.0,0.0,0.0,0.0,36
2023-05-10 21:48:49,jm2403,jm2403,1371.0,0.0,0.0,0.0,1,1350.0,1391.0,1,1371.0,0.0,0.0,0.0,0.0,0.0,36
2023-05-10 21:48:49,jm2403,jm2403,1371.0,0.0,0.0,0.0,1,1352.5,1391.0,1,1371.0,0.0,0.0,0.0,0.0,0.0,36
2023-05-10 21:48:50,jm2403,jm2403,1371.0,0.0,0.0,0.0,1,1353.0,1391.0,1,1371.0,0.0,0.0,0.0,0.0,0.0,36
2023-05-10 21:48:50,jm2403,jm2403,1371.0,0.0,0.0,0.0,1,1355.5,1391.0,1,1371.0,0.0,0.0,0.0,0.0,0.0,36
2023-05-10 21:48:51,jm2403,jm2403,1371.0,0.0,0.0,0.0,1,1356.0,1391.0,1,1371.0,0.0,0.0,0.0,0.0,0.0,36
2023-05-10 21:48:51,jm2403,jm2403,1371.0,0.0,0.0,0.0,1,1358.5,1391.0,1,1371.0,0.0,0.0,0.0,0.0,0.0,36
2023-05-10 21:48:52,jm2403,jm2403,1371.0,0.0,0.0,0.0,1,1359.0,1391.0,1,1371.0,0.0,0.0,0.0,0.0,0.0,36
2023-05-10 21:48:52,jm2403,jm2403,1371.0,0.0,0.0,0.0,1,1361.5,1391.0,1,1371.0,0.0,0.0,0.0,0.0,0.0,36
2023-05-10 21:48:53,jm2403,jm2403,1371.0,0.0,0.0,0.0,1,1362.0,1391.0,1,1371.0,0.0,0.0,0.0,0.0,0.0,36
2023-05-10 21:48:57,jm2403,jm2403,1371.0,0.0,0.0,0.0,1,1362.0,1391.0,3,1371.0,0.0,0.0,0.0,0.0,0.0,36
2023-05-10 21:48:59,jm2403,jm2403,1371.0,0.0,0.0,0.0,1,1362.0,1390.5,2,1371.0,0.0,0.0,0.0,0.0,0.0,36
2023-05-10 21:48:59,jm2403,jm2403,1371.0,0.0,0.0,0.0,1,1362.0,1390.0,1,1371.0,0.0,0.0,0.0,0.0,0.0,36
2023-05-10 21:49:26,jm2403,jm2403,1371.0,0.0,0.0,0.0,1,1364.5,1390.0,1,1371.0,0.0,0.0,0.0,0.0,0.0,36
2023-05-10 21:49:26,jm2403,jm2403,1371.0,0.0,0.0,0.0,1,1365.0,1390.0,1,1371.0,0.0,0.0,0.0,0.0,0.0,36
2023-05-10 21:49:43,jm2403,jm2403,1371.0,0.0,0.0,0.0,1,1365.0,1389.5,2,1371.0,0.0,0.0,0.0,0.0,0.0,36
2023-05-10 21:49:43,jm2403,jm2403,1371.0,0.0,0.0,0.0,1,1365.0,1389.0,1,1371.0,0.0,0.0,0.0,0.0,0.0,36
2023-05-10 21:50:09,jm2403,jm2403,1371.0,0.0,0.0,0.0,1,1365.0,1389.5,2,1371.0,0.0,0.0,0.0,0.0,0.0,36
2023-05-10 21:51:07,jm2403,jm2403,1371.0,0.0,0.0,0.0,1,1350.0,1389.5,2,1371.0,0.0,0.0,0.0,0.0,0.0,36
2023-05-10 21:51:08,jm2403,jm2403,1371.0,0.0,0.0,0.0,1,1352.5,1389.0,1,1371.0,0.0,0.0,0.0,0.0,0.0,36
2023-05-10 21:51:08,jm2403,jm2403,1371.0,0.0,0.0,0.0,1,1353.0,1389.0,1,1371.0,0.0,0.0,0.0,0.0,0.0,36
2023-05-10 21:51:09,jm2403,jm2403,1371.0,0.0,0.0,0.0,1,1355.5,1389.0,1,1371.0,0.0,0.0,0.0,0.0,0.0,36
2023-05-10 21:51:09,jm2403,jm2403,1371.0,0.0,0.0,0.0,1,1356.0,1389.0,1,1371.0,0.0,0.0,0.0,0.0,0.0,36
2023-05-10 21:51:10,jm2403,jm2403,1371.0,0.0,0.0,0.0,1,1358.5,1389.0,1,1371.0,0.0,0.0,0.0,0.0,0.0,36
2023-05-10 21:51:10,jm2403,jm2403,1371.0,0.0,0.0,0.0,1,1359.0,1389.0,1,1371.0,0.0,0.0,0.0,0.0,0.0,36
2023-05-10 21:51:11,jm2403,jm2403,1371.0,0.0,0.0,0.0,1,1361.5,1389.0,1,1371.0,0.0,0.0,0.0,0.0,0.0,36
2023-05-10 21:51:11,jm2403,jm2403,1371.0,0.0,0.0,0.0,1,1362.0,1389.0,1,1371.0,0.0,0.0,0.0,0.0,0.0,36
2023-05-10 21:51:12,jm2403,jm2403,1371.0,0.0,0.0,0.0,1,1362.0,1388.5,2,1371.0,0.0,0.0,0.0,0.0,0.0,36
2023-05-10 21:51:12,jm2403,jm2403,1371.0,0.0,0.0,0.0,1,1362.0,1388.0,1,1371.0,0.0,0.0,0.0,0.0,0.0,36
2023-05-10 21:51:29,jm2403,jm2403,1371.0,0.0,0.0,0.0,1,1362.0,1388.5,2,1371.0,0.0,0.0,0.0,0.0,0.0,36
2023-05-10 21:51:30,jm2403,jm2403,1371.0,0.0,0.0,0.0,1,1364.5,1388.5,2,1371.0,0.0,0.0,0.0,0.0,0.0,36
2023-05-10 21:51:31,jm2403,jm2403,1371.0,0.0,0.0,0.0,1,1365.0,1388.5,2,1371.0,0.0,0.0,0.0,0.0,0.0,36
2023-05-10 21:52:02,jm2403,jm2403,1371.0,0.0,0.0,0.0,1,1350.0,1388.5,2,1371.0,0.0,0.0,0.0,0.0,0.0,36
2023-05-10 21:52:02,jm2403,jm2403,1371.0,0.0,0.0,0.0,1,1352.5,1388.0,1,1371.0,0.0,0.0,0.0,0.0,0.0,36
2023-05-10 21:52:03,jm2403,jm2403,1371.0,0.0,0.0,0.0,1,1353.0,1388.0,1,1371.0,0.0,0.0,0.0,0.0,0.0,36
2023-05-10 21:52:03,jm2403,jm2403,1371.0,0.0,0.0,0.0,1,1355.5,1388.0,1,1371.0,0.0,0.0,0.0,0.0,0.0,36
2023-05-10 21:52:04,jm2403,jm2403,1371.0,0.0,0.0,0.0,1,1356.0,1388.0,1,1371.0,0.0,0.0,0.0,0.0,0.0,36
2023-05-10 21:52:04,jm2403,jm2403,1371.0,0.0,0.0,0.0,1,1358.5,1388.0,1,1371.0,0.0,0.0,0.0,0.0,0.0,36
2023-05-10 21:52:05,jm2403,jm2403,1371.0,0.0,0.0,0.0,1,1359.0,1388.0,1,1371.0,0.0,0.0,0.0,0.0,0.0,36
2023-05-10 21:52:05,jm2403,jm2403,1371.0,0.0,0.0,0.0,1,1361.5,1388.0,1,1371.0,0.0,0.0,0.0,0.0,0.0,36
2023-05-10 21:52:06,jm2403,jm2403,1371.0,0.0,0.0,0.0,1,1362.0,1388.0,1,1371.0,0.0,0.0,0.0,0.0,0.0,36
2023-05-10 21:52:26,jm2403,jm2403,1371.0,0.0,0.0,0.0,1,1362.0,1405.0,1,1371.0,0.0,0.0,0.0,0.0,0.0,36
2023-05-10 21:52:27,jm2403,jm2403,1371.0,0.0,0.0,0.0,1,1362.0,1402.5,1,1371.0,0.0,0.0,0.0,0.0,0.0,36
2023-05-10 21:52:27,jm2403,jm2403,1371.0,0.0,0.0,0.0,1,1362.0,1401.5,2,1371.0,0.0,0.0,0.0,0.0,0.0,36
2023-05-10 21:52:27,jm2403,jm2403,1371.0,0.0,0.0,0.0,1,1362.0,1401.0,1,1371.0,0.0,0.0,0.0,0.0,0.0,36
2023-05-10 21:52:39,jm2403,jm2403,1371.0,0.0,0.0,0.0,1,1362.0,1400.5,2,1371.0,0.0,0.0,0.0,0.0,0.0,36
2023-05-10 21:52:39,jm2403,jm2403,1371.0,0.0,0.0,0.0,1,1362.0,1400.0,1,1371.0,0.0,0.0,0.0,0.0,0.0,36
2023-05-10 21:52:45,jm2403,jm2403,1371.0,0.0,0.0,0.0,1,1362.0,1399.5,2,1371.0,0.0,0.0,0.0,0.0,0.0,36
2023-05-10 21:52:45,jm2403,jm2403,1371.0,0.0,0.0,0.0,1,1362.0,1399.0,1,1371.0,0.0,0.0,0.0,0.0,0.0,36
2023-05-10 21:53:03,jm2403,jm2403,1371.0,0.0,0.0,0.0,1,1362.0,1398.5,2,1371.0,0.0,0.0,0.0,0.0,0.0,36
2023-05-10 21:53:03,jm2403,jm2403,1371.0,0.0,0.0,0.0,1,1362.0,1398.0,1,1371.0,0.0,0.0,0.0,0.0,0.0,36
2023-05-10 21:53:21,jm2403,jm2403,1371.0,0.0,0.0,0.0,1,1362.0,1397.5,2,1371.0,0.0,0.0,0.0,0.0,0.0,36
2023-05-10 21:53:21,jm2403,jm2403,1371.0,0.0,0.0,0.0,1,1362.0,1397.0,1,1371.0,0.0,0.0,0.0,0.0,0.0,36
2023-05-10 21:53:34,jm2403,jm2403,1371.0,0.0,0.0,0.0,1,1364.5,1397.0,1,1371.0,0.0,0.0,0.0,0.0,0.0,36
2023-05-10 21:53:34,jm2403,jm2403,1371.0,0.0,0.0,0.0,1,1365.0,1397.0,1,1371.0,0.0,0.0,0.0,0.0,0.0,36
2023-05-10 21:53:38,jm2403,jm2403,1371.0,0.0,0.0,0.0,1,1365.0,1396.5,2,1371.0,0.0,0.0,0.0,0.0,0.0,36
2023-05-10 21:53:38,jm2403,jm2403,1371.0,0.0,0.0,0.0,1,1365.0,1396.0,1,1371.0,0.0,0.0,0.0,0.0,0.0,36
2023-05-10 21:53:55,jm2403,jm2403,1371.0,0.0,0.0,0.0,1,1365.0,1395.5,2,1371.0,0.0,0.0,0.0,0.0,0.0,36
2023-05-10 21:53:55,jm2403,jm2403,1371.0,0.0,0.0,0.0,1,1365.0,1395.0,1,1371.0,0.0,0.0,0.0,0.0,0.0,36
2023-05-10 21:54:05,jm2403,jm2403,1371.0,0.0,0.0,0.0,1,1350.0,1394.5,2,1371.0,0.0,0.0,0.0,0.0,0.0,36
2023-05-10 21:54:05,jm2403,jm2403,1371.0,0.0,0.0,0.0,1,1352.5,1394.0,1,1371.0,0.0,0.0,0.0,0.0,0.0,36
2023-05-10 21:54:06,jm2403,jm2403,1371.0,0.0,0.0,0.0,1,1353.0,1394.0,1,1371.0,0.0,0.0,0.0,0.0,0.0,36
2023-05-10 21:54:06,jm2403,jm2403,1371.0,0.0,0.0,0.0,1,1355.5,1394.0,1,1371.0,0.0,0.0,0.0,0.0,0.0,36
2023-05-10 21:54:07,jm2403,jm2403,1371.0,0.0,0.0,0.0,1,1356.0,1394.0,1,1371.0,0.0,0.0,0.0,0.0,0.0,36
2023-05-10 21:54:07,jm2403,jm2403,1371.0,0.0,0.0,0.0,1,1358.5,1394.0,1,1371.0,0.0,0.0,0.0,0.0,0.0,36
2023-05-10 21:54:08,jm2403,jm2403,1371.0,0.0,0.0,0.0,1,1359.0,1394.0,1,1371.0,0.0,0.0,0.0,0.0,0.0,36
2023-05-10 21:54:08,jm2403,jm2403,1371.0,0.0,0.0,0.0,1,1361.5,1394.0,1,1371.0,0.0,0.0,0.0,0.0,0.0,36
2023-05-10 21:54:09,jm2403,jm2403,1371.0,0.0,0.0,0.0,1,1362.0,1394.0,1,1371.0,0.0,0.0,0.0,0.0,0.0,36
2023-05-10 21:54:23,jm2403,jm2403,1371.0,0.0,0.0,0.0,1,1362.0,1393.5,2,1371.0,0.0,0.0,0.0,0.0,0.0,36
2023-05-10 21:54:49,jm2403,jm2403,1371.0,0.0,0.0,0.0,1,1362.0,1393.0,2,1371.0,0.0,0.0,0.0,0.0,0.0,36
2023-05-10 21:54:50,jm2403,jm2403,1371.0,0.0,0.0,0.0,1,1362.0,1392.5,1,1371.0,0.0,0.0,0.0,0.0,0.0,36
2023-05-10 21:54:55,jm2403,jm2403,1371.0,0.0,0.0,0.0,1,1362.0,1392.0,2,1371.0,0.0,0.0,0.0,0.0,0.0,36
2023-05-10 21:54:55,jm2403,jm2403,1371.0,0.0,0.0,0.0,1,1362.0,1391.5,1,1371.0,0.0,0.0,0.0,0.0,0.0,36
2023-05-10 21:55:03,jm2403,jm2403,1371.0,0.0,0.0,0.0,1,1362.0,1391.5,3,1371.0,0.0,0.0,0.0,0.0,0.0,36
2023-05-10 21:55:23,jm2403,jm2403,1371.0,0.0,0.0,0.0,1,1350.0,1391.5,3,1371.0,0.0,0.0,0.0,0.0,0.0,36
2023-05-10 21:55:23,jm2403,jm2403,1371.0,0.0,0.0,0.0,1,1352.5,1391.5,3,1371.0,0.0,0.0,0.0,0.0,0.0,36
2023-05-10 21:55:24,jm2403,jm2403,1371.0,0.0,0.0,0.0,1,1353.0,1391.5,3,1371.0,0.0,0.0,0.0,0.0,0.0,36
2023-05-10 21:55:24,jm2403,jm2403,1371.0,0.0,0.0,0.0,1,1355.5,1391.5,3,1371.0,0.0,0.0,0.0,0.0,0.0,36
2023-05-10 21:55:25,jm2403,jm2403,1371.0,0.0,0.0,0.0,1,1356.0,1391.5,3,1371.0,0.0,0.0,0.0,0.0,0.0,36
2023-05-10 21:55:25,jm2403,jm2403,1371.0,0.0,0.0,0.0,1,1358.5,1391.5,3,1371.0,0.0,0.0,0.0,0.0,0.0,36
2023-05-10 21:55:26,jm2403,jm2403,1371.0,0.0,0.0,0.0,1,1359.0,1391.5,3,1371.0,0.0,0.0,0.0,0.0,0.0,36
2023-05-10 21:55:33,jm2403,jm2403,1371.0,0.0,0.0,0.0,1,1359.0,1391.0,2,1371.0,0.0,0.0,0.0,0.0,0.0,36
2023-05-10 21:55:33,jm2403,jm2403,1371.0,0.0,0.0,0.0,1,1359.0,1390.5,1,1371.0,0.0,0.0,0.0,0.0,0.0,36
2023-05-10 21:55:36,jm2403,jm2403,1371.0,0.0,0.0,0.0,1,1359.0,1390.0,2,1371.0,0.0,0.0,0.0,0.0,0.0,36
2023-05-10 21:55:36,jm2403,jm2403,1371.0,0.0,0.0,0.0,1,1359.0,1389.5,1,1371.0,0.0,0.0,0.0,0.0,0.0,36
2023-05-10 21:55:53,jm2403,jm2403,1371.0,0.0,0.0,0.0,1,1359.0,1389.5,3,1371.0,0.0,0.0,0.0,0.0,0.0,36
2023-05-10 21:55:56,jm2403,jm2403,1371.0,0.0,0.0,0.0,1,1359.0,1389.5,1,1371.0,0.0,0.0,0.0,0.0,0.0,36
2023-05-10 21:56:08,jm2403,jm2403,1371.0,0.0,0.0,0.0,1,1361.5,1389.5,1,1371.0,0.0,0.0,0.0,0.0,0.0,36
2023-05-10 21:56:09,jm2403,jm2403,1371.0,0.0,0.0,0.0,1,1362.0,1389.5,1,1371.0,0.0,0.0,0.0,0.0,0.0,36
2023-05-10 21:56:16,jm2403,jm2403,1371.0,0.0,0.0,0.0,1,1362.0,1389.0,2,1371.0,0.0,0.0,0.0,0.0,0.0,36
2023-05-10 21:56:16,jm2403,jm2403,1371.0,0.0,0.0,0.0,1,1362.0,1388.5,1,1371.0,0.0,0.0,0.0,0.0,0.0,36
2023-05-10 21:56:59,jm2403,jm2403,1371.0,0.0,0.0,0.0,1,1362.0,1388.0,2,1371.0,0.0,0.0,0.0,0.0,0.0,36
2023-05-10 21:56:59,jm2403,jm2403,1371.0,0.0,0.0,0.0,1,1362.0,1387.5,1,1371.0,0.0,0.0,0.0,0.0,0.0,36
2023-05-10 21:57:18,jm2403,jm2403,1371.0,0.0,0.0,0.0,1,1362.0,1388.0,2,1371.0,0.0,0.0,0.0,0.0,0.0,36
2023-05-10 21:57:18,jm2403,jm2403,1371.0,0.0,0.0,0.0,1,1362.0,1387.5,1,1371.0,0.0,0.0,0.0,0.0,0.0,36
2023-05-10 21:57:19,jm2403,jm2403,1371.0,0.0,0.0,0.0,1,1362.0,1388.0,2,1371.0,0.0,0.0,0.0,0.0,0.0,36
2023-05-10 21:57:30,jm2403,jm2403,1371.0,0.0,0.0,0.0,1,1362.0,1402.5,1,1371.0,0.0,0.0,0.0,0.0,0.0,36
2023-05-10 21:57:30,jm2403,jm2403,1371.0,0.0,0.0,0.0,1,1362.0,1402.0,1,1371.0,0.0,0.0,0.0,0.0,0.0,36
2023-05-10 21:57:30,jm2403,jm2403,1371.0,0.0,0.0,0.0,1,1362.0,1401.5,2,1371.0,0.0,0.0,0.0,0.0,0.0,36
2023-05-10 21:57:31,jm2403,jm2403,1371.0,0.0,0.0,0.0,1,1362.0,1401.0,1,1371.0,0.0,0.0,0.0,0.0,0.0,36
2023-05-10 21:57:36,jm2403,jm2403,1371.0,0.0,0.0,0.0,1,1364.5,1401.0,1,1371.0,0.0,0.0,0.0,0.0,0.0,36
2023-05-10 21:57:36,jm2403,jm2403,1371.0,0.0,0.0,0.0,1,1365.0,1401.0,1,1371.0,0.0,0.0,0.0,0.0,0.0,36
2023-05-10 21:57:43,jm2403,jm2403,1371.0,0.0,0.0,0.0,1,1365.0,1400.5,2,1371.0,0.0,0.0,0.0,0.0,0.0,36
2023-05-10 21:57:47,jm2403,jm2403,1371.0,0.0,0.0,0.0,1,1365.0,1400.0,2,1371.0,0.0,0.0,0.0,0.0,0.0,36
2023-05-10 21:57:56,jm2403,jm2403,1371.0,0.0,0.0,0.0,1,1350.0,1400.0,2,1371.0,0.0,0.0,0.0,0.0,0.0,36
2023-05-10 21:57:57,jm2403,jm2403,1371.0,0.0,0.0,0.0,1,1352.5,1400.0,2,1371.0,0.0,0.0,0.0,0.0,0.0,36
2023-05-10 21:57:57,jm2403,jm2403,1371.0,0.0,0.0,0.0,1,1353.0,1400.0,2,1371.0,0.0,0.0,0.0,0.0,0.0,36
2023-05-10 21:57:58,jm2403,jm2403,1371.0,0.0,0.0,0.0,1,1355.5,1400.0,2,1371.0,0.0,0.0,0.0,0.0,0.0,36
2023-05-10 21:57:58,jm2403,jm2403,1371.0,0.0,0.0,0.0,1,1356.0,1400.0,2,1371.0,0.0,0.0,0.0,0.0,0.0,36
2023-05-10 21:57:59,jm2403,jm2403,1371.0,0.0,0.0,0.0,1,1358.5,1400.0,2,1371.0,0.0,0.0,0.0,0.0,0.0,36
2023-05-10 21:57:59,jm2403,jm2403,1371.0,0.0,0.0,0.0,1,1359.0,1400.0,2,1371.0,0.0,0.0,0.0,0.0,0.0,36
2023-05-10 21:58:00,jm2403,jm2403,1371.0,0.0,0.0,0.0,1,1361.5,1400.0,2,1371.0,0.0,0.0,0.0,0.0,0.0,36
2023-05-10 21:58:00,jm2403,jm2403,1371.0,0.0,0.0,0.0,1,1362.0,1400.0,2,1371.0,0.0,0.0,0.0,0.0,0.0,36
2023-05-10 21:58:28,jm2403,jm2403,1371.0,0.0,0.0,0.0,1,1362.0,1399.5,2,1371.0,0.0,0.0,0.0,0.0,0.0,36
2023-05-10 21:58:32,jm2403,jm2403,1371.0,0.0,0.0,0.0,1,1362.0,1399.0,2,1371.0,0.0,0.0,0.0,0.0,0.0,36
2023-05-10 21:58:54,jm2403,jm2403,1371.0,0.0,0.0,0.0,1,1362.0,1398.5,1,1371.0,0.0,0.0,0.0,0.0,0.0,36
2023-05-10 21:58:58,jm2403,jm2403,1371.0,0.0,0.0,0.0,1,1362.0,1398.0,2,1371.0,0.0,0.0,0.0,0.0,0.0,36
2023-05-10 21:58:58,jm2403,jm2403,1371.0,0.0,0.0,0.0,1,1362.0,1397.5,1,1371.0,0.0,0.0,0.0,0.0,0.0,36
2023-05-10 21:59:07,jm2403,jm2403,1371.0,0.0,0.0,0.0,1,1362.0,1397.0,2,1371.0,0.0,0.0,0.0,0.0,0.0,36
2023-05-10 21:59:07,jm2403,jm2403,1371.0,0.0,0.0,0.0,1,1362.0,1396.5,1,1371.0,0.0,0.0,0.0,0.0,0.0,36
2023-05-10 21:59:14,jm2403,jm2403,1371.0,0.0,0.0,0.0,1,1362.0,1396.0,2,1371.0,0.0,0.0,0.0,0.0,0.0,36
2023-05-10 21:59:14,jm2403,jm2403,1371.0,0.0,0.0,0.0,1,1362.0,1395.5,1,1371.0,0.0,0.0,0.0,0.0,0.0,36
2023-05-10 21:59:25,jm2403,jm2403,1371.0,0.0,0.0,0.0,1,1362.0,1395.0,2,1371.0,0.0,0.0,0.0,0.0,0.0,36
2023-05-10 21:59:25,jm2403,jm2403,1371.0,0.0,0.0,0.0,1,1362.0,1394.5,1,1371.0,0.0,0.0,0.0,0.0,0.0,36
2023-05-10 21:59:43,jm2403,jm2403,1371.0,0.0,0.0,0.0,1,1362.0,1394.0,2,1371.0,0.0,0.0,0.0,0.0,0.0,36
2023-05-10 21:59:43,jm2403,jm2403,1371.0,0.0,0.0,0.0,1,1362.0,1393.5,1,1371.0,0.0,0.0,0.0,0.0,0.0,36
2023-05-10 21:59:51,jm2403,jm2403,1371.0,0.0,0.0,0.0,1,1364.5,1393.5,1,1371.0,0.0,0.0,0.0,0.0,0.0,36
2023-05-10 21:59:51,jm2403,jm2403,1371.0,0.0,0.0,0.0,1,1365.0,1393.5,1,1371.0,0.0,0.0,0.0,0.0,0.0,36
2023-05-10 21:59:58,jm2403,jm2403,1371.0,0.0,0.0,0.0,1,1365.0,1393.0,2,1371.0,0.0,0.0,0.0,0.0,0.0,36
2023-05-10 21:59:58,jm2403,jm2403,1371.0,0.0,0.0,0.0,1,1365.0,1392.5,1,1371.0,0.0,0.0,0.0,0.0,0.0,36
2023-05-10 22:00:01,jm2403,jm2403,1371.0,0.0,0.0,0.0,1,1350.0,1392.5,1,1371.0,0.0,0.0,0.0,0.0,0.0,36
2023-05-10 22:00:02,jm2403,jm2403,1371.0,0.0,0.0,0.0,1,1352.5,1392.5,3,1371.0,0.0,0.0,0.0,0.0,0.0,36
2023-05-10 22:00:02,jm2403,jm2403,1371.0,0.0,0.0,0.0,1,1353.0,1392.5,3,1371.0,0.0,0.0,0.0,0.0,0.0,36
2023-05-10 22:00:03,jm2403,jm2403,1371.0,0.0,0.0,0.0,1,1355.5,1392.5,3,1371.0,0.0,0.0,0.0,0.0,0.0,36
2023-05-10 22:00:03,jm2403,jm2403,1371.0,0.0,0.0,0.0,1,1356.0,1392.5,3,1371.0,0.0,0.0,0.0,0.0,0.0,36
2023-05-10 22:00:04,jm2403,jm2403,1371.0,0.0,0.0,0.0,1,1358.5,1392.5,3,1371.0,0.0,0.0,0.0,0.0,0.0,36
2023-05-10 22:00:04,jm2403,jm2403,1371.0,0.0,0.0,0.0,1,1359.0,1392.5,3,1371.0,0.0,0.0,0.0,0.0,0.0,36
2023-05-10 22:00:05,jm2403,jm2403,1371.0,0.0,0.0,0.0,1,1361.5,1392.5,3,1371.0,0.0,0.0,0.0,0.0,0.0,36
2023-05-10 22:00:05,jm2403,jm2403,1371.0,0.0,0.0,0.0,1,1362.0,1392.5,3,1371.0,0.0,0.0,0.0,0.0,0.0,36
2023-05-10 22:00:07,jm2403,jm2403,1371.0,0.0,0.0,0.0,1,1362.0,1392.5,1,1371.0,0.0,0.0,0.0,0.0,0.0,36
2023-05-10 22:00:19,jm2403,jm2403,1371.0,0.0,0.0,0.0,1,1364.5,1392.5,1,1371.0,0.0,0.0,0.0,0.0,0.0,36
2023-05-10 22:00:19,jm2403,jm2403,1371.0,0.0,0.0,0.0,1,1365.0,1392.5,1,1371.0,0.0,0.0,0.0,0.0,0.0,36
2023-05-10 22:00:42,jm2403,jm2403,1371.0,0.0,0.0,0.0,1,1365.0,1392.0,2,1371.0,0.0,0.0,0.0,0.0,0.0,36
2023-05-10 22:00:42,jm2403,jm2403,1371.0,0.0,0.0,0.0,1,1365.0,1391.5,1,1371.0,0.0,0.0,0.0,0.0,0.0,36
2023-05-10 22:01:27,jm2403,jm2403,1371.0,0.0,0.0,0.0,2,1365.5,1391.5,1,1371.0,0.0,0.0,0.0,0.0,0.0,36
2023-05-10 22:01:27,jm2403,jm2403,1371.0,0.0,0.0,0.0,1,1366.0,1391.5,1,1371.0,0.0,0.0,0.0,0.0,0.0,36
2023-05-10 22:02:11,jm2403,jm2403,1371.0,0.0,0.0,0.0,1,1366.0,1391.0,2,1371.0,0.0,0.0,0.0,0.0,0.0,36
2023-05-10 22:02:11,jm2403,jm2403,1371.0,0.0,0.0,0.0,1,1366.0,1390.5,1,1371.0,0.0,0.0,0.0,0.0,0.0,36
2023-05-10 22:02:14,jm2403,jm2403,1371.0,0.0,0.0,0.0,1,1366.0,1405.0,1,1371.0,0.0,0.0,0.0,0.0,0.0,36
2023-05-10 22:02:15,jm2403,jm2403,1371.0,0.0,0.0,0.0,1,1366.0,1401.5,2,1371.0,0.0,0.0,0.0,0.0,0.0,36
2023-05-10 22:02:15,jm2403,jm2403,1371.0,0.0,0.0,0.0,1,1366.0,1401.0,1,1371.0,0.0,0.0,0.0,0.0,0.0,36
2023-05-10 22:02:33,jm2403,jm2403,1371.0,0.0,0.0,0.0,1,1366.0,1400.5,2,1371.0,0.0,0.0,0.0,0.0,0.0,36
2023-05-10 22:02:33,jm2403,jm2403,1371.0,0.0,0.0,0.0,1,1366.0,1400.0,1,1371.0,0.0,0.0,0.0,0.0,0.0,36
2023-05-10 22:02:49,jm2403,jm2403,1371.0,0.0,0.0,0.0,1,1368.5,1400.0,1,1371.0,0.0,0.0,0.0,0.0,0.0,36
2023-05-10 22:02:49,jm2403,jm2403,1371.0,0.0,0.0,0.0,1,1369.0,1400.0,1,1371.0,0.0,0.0,0.0,0.0,0.0,36
2023-05-10 22:02:50,jm2403,jm2403,1371.0,0.0,0.0,0.0,1,1369.0,1399.5,2,1371.0,0.0,0.0,0.0,0.0,0.0,36
2023-05-10 22:02:50,jm2403,jm2403,1371.0,0.0,0.0,0.0,1,1369.0,1399.0,1,1371.0,0.0,0.0,0.0,0.0,0.0,36
2023-05-10 22:02:55,jm2403,jm2403,1371.0,0.0,0.0,0.0,1,1369.0,1398.5,2,1371.0,0.0,0.0,0.0,0.0,0.0,36
2023-05-10 22:02:55,jm2403,jm2403,1371.0,0.0,0.0,0.0,1,1369.0,1398.0,1,1371.0,0.0,0.0,0.0,0.0,0.0,36
2023-05-10 22:03:01,jm2403,jm2403,1371.0,0.0,0.0,0.0,1,1350.0,1398.0,1,1371.0,0.0,0.0,0.0,0.0,0.0,36
2023-05-10 22:03:01,jm2403,jm2403,1371.0,0.0,0.0,0.0,1,1352.5,1398.0,1,1371.0,0.0,0.0,0.0,0.0,0.0,36
2023-05-10 22:03:02,jm2403,jm2403,1371.0,0.0,0.0,0.0,1,1353.0,1398.0,1,1371.0,0.0,0.0,0.0,0.0,0.0,36
2023-05-10 22:03:02,jm2403,jm2403,1371.0,0.0,0.0,0.0,1,1355.5,1397.5,2,1371.0,0.0,0.0,0.0,0.0,0.0,36
2023-05-10 22:03:03,jm2403,jm2403,1371.0,0.0,0.0,0.0,1,1356.0,1397.5,2,1371.0,0.0,0.0,0.0,0.0,0.0,36
2023-05-10 22:03:03,jm2403,jm2403,1371.0,0.0,0.0,0.0,1,1358.5,1397.5,2,1371.0,0.0,0.0,0.0,0.0,0.0,36
2023-05-10 22:03:04,jm2403,jm2403,1371.0,0.0,0.0,0.0,1,1359.0,1397.5,2,1371.0,0.0,0.0,0.0,0.0,0.0,36
2023-05-10 22:03:04,jm2403,jm2403,1371.0,0.0,0.0,0.0,1,1361.5,1397.5,2,1371.0,0.0,0.0,0.0,0.0,0.0,36
2023-05-10 22:03:05,jm2403,jm2403,1371.0,0.0,0.0,0.0,1,1362.0,1397.5,2,1371.0,0.0,0.0,0.0,0.0,0.0,36
2023-05-10 22:03:05,jm2403,jm2403,1371.0,0.0,0.0,0.0,1,1364.5,1397.5,2,1371.0,0.0,0.0,0.0,0.0,0.0,36
2023-05-10 22:03:06,jm2403,jm2403,1371.0,0.0,0.0,0.0,1,1365.0,1397.5,2,1371.0,0.0,0.0,0.0,0.0,0.0,36
2023-05-10 22:03:06,jm2403,jm2403,1371.0,0.0,0.0,0.0,1,1365.0,1397.0,1,1371.0,0.0,0.0,0.0,0.0,0.0,36
2023-05-10 22:03:20,jm2403,jm2403,1371.0,0.0,0.0,0.0,1,1365.0,1396.5,2,1371.0,0.0,0.0,0.0,0.0,0.0,36
2023-05-10 22:03:20,jm2403,jm2403,1371.0,0.0,0.0,0.0,1,1365.0,1396.0,1,1371.0,0.0,0.0,0.0,0.0,0.0,36
2023-05-10 22:03:39,jm2403,jm2403,1371.0,0.0,0.0,0.0,1,1365.0,1395.5,4,1371.0,0.0,0.0,0.0,0.0,0.0,36
2023-05-10 22:03:39,jm2403,jm2403,1371.0,0.0,0.0,0.0,1,1365.0,1395.0,1,1371.0,0.0,0.0,0.0,0.0,0.0,36
2023-05-10 22:03:54,jm2403,jm2403,1371.0,0.0,0.0,0.0,1,1367.5,1395.0,1,1371.0,0.0,0.0,0.0,0.0,0.0,36
2023-05-10 22:03:54,jm2403,jm2403,1371.0,0.0,0.0,0.0,1,1368.0,1395.0,1,1371.0,0.0,0.0,0.0,0.0,0.0,36
2023-05-10 22:04:23,jm2403,jm2403,1371.0,0.0,0.0,0.0,2,1368.5,1395.0,1,1371.0,0.0,0.0,0.0,0.0,0.0,36
2023-05-10 22:04:24,jm2403,jm2403,1371.0,0.0,0.0,0.0,1,1369.0,1395.0,1,1371.0,0.0,0.0,0.0,0.0,0.0,36
2023-05-10 22:05:08,jm2403,jm2403,1371.0,0.0,0.0,0.0,2,1369.5,1395.0,1,1371.0,0.0,0.0,0.0,0.0,0.0,36
2023-05-10 22:05:08,jm2403,jm2403,1371.0,0.0,0.0,0.0,1,1370.0,1395.0,1,1371.0,0.0,0.0,0.0,0.0,0.0,36
2023-05-10 22:05:52,jm2403,jm2403,1371.0,0.0,0.0,0.0,2,1370.5,1395.0,1,1371.0,0.0,0.0,0.0,0.0,0.0,36
2023-05-10 22:05:53,jm2403,jm2403,1371.0,0.0,0.0,0.0,1,1371.0,1395.0,1,1371.0,0.0,0.0,0.0,0.0,0.0,36
2023-05-10 22:05:56,jm2403,jm2403,1371.0,0.0,0.0,0.0,2,1370.5,1395.0,1,1371.0,0.0,0.0,0.0,0.0,0.0,36
2023-05-10 22:05:57,jm2403,jm2403,1371.0,0.0,0.0,0.0,1,1371.0,1395.0,1,1371.0,0.0,0.0,0.0,0.0,0.0,36
2023-05-10 22:06:21,jm2403,jm2403,1371.0,0.0,0.0,0.0,1,1371.5,1395.0,1,1371.0,0.0,0.0,0.0,0.0,0.0,36
2023-05-10 22:07:18,jm2403,jm2403,1371.0,0.0,0.0,0.0,2,1372.0,1395.0,1,1371.0,0.0,0.0,0.0,0.0,0.0,36
2023-05-10 22:07:19,jm2403,jm2403,1371.0,0.0,0.0,0.0,3,1372.0,1395.0,1,1371.0,0.0,0.0,0.0,0.0,0.0,36
2023-05-10 22:07:55,jm2403,jm2403,1371.0,0.0,0.0,0.0,1,1372.5,1395.0,1,1371.0,0.0,0.0,0.0,0.0,0.0,36
2023-05-10 22:08:05,jm2403,jm2403,1371.0,0.0,0.0,0.0,1,1372.5,1405.0,1,1371.0,0.0,0.0,0.0,0.0,0.0,36
2023-05-10 22:08:05,jm2403,jm2403,1371.0,0.0,0.0,0.0,1,1372.5,1404.5,1,1371.0,0.0,0.0,0.0,0.0,0.0,36
2023-05-10 22:08:06,jm2403,jm2403,1371.0,0.0,0.0,0.0,1,1372.5,1401.5,2,1371.0,0.0,0.0,0.0,0.0,0.0,36
2023-05-10 22:08:07,jm2403,jm2403,1371.0,0.0,0.0,0.0,1,1372.5,1401.0,1,1371.0,0.0,0.0,0.0,0.0,0.0,36
2023-05-10 22:08:20,jm2403,jm2403,1371.0,0.0,0.0,0.0,1,1372.5,1401.0,3,1371.0,0.0,0.0,0.0,0.0,0.0,36
2023-05-10 22:08:23,jm2403,jm2403,1371.0,0.0,0.0,0.0,1,1372.5,1401.0,1,1371.0,0.0,0.0,0.0,0.0,0.0,36
2023-05-10 22:08:46,jm2403,jm2403,1371.0,0.0,0.0,0.0,2,1373.0,1401.0,1,1371.0,0.0,0.0,0.0,0.0,0.0,36
2023-05-10 22:08:47,jm2403,jm2403,1371.0,0.0,0.0,0.0,1,1373.5,1401.0,1,1371.0,0.0,0.0,0.0,0.0,0.0,36
2023-05-10 22:08:57,jm2403,jm2403,1371.0,0.0,0.0,0.0,1,1373.5,1401.0,3,1371.0,0.0,0.0,0.0,0.0,0.0,36
2023-05-10 22:09:00,jm2403,jm2403,1371.0,0.0,0.0,0.0,1,1367.5,1401.0,3,1371.0,0.0,0.0,0.0,0.0,0.0,36
2023-05-10 22:09:00,jm2403,jm2403,1371.0,0.0,0.0,0.0,1,1368.0,1401.0,3,1371.0,0.0,0.0,0.0,0.0,0.0,36
2023-05-10 22:09:01,jm2403,jm2403,1371.0,0.0,0.0,0.0,1,1370.5,1401.0,3,1371.0,0.0,0.0,0.0,0.0,0.0,36
2023-05-10 22:09:01,jm2403,jm2403,1371.0,0.0,0.0,0.0,1,1371.0,1401.0,3,1371.0,0.0,0.0,0.0,0.0,0.0,36
2023-05-10 22:09:30,jm2403,jm2403,1371.0,0.0,0.0,0.0,1,1371.0,1400.5,2,1371.0,0.0,0.0,0.0,0.0,0.0,36
2023-05-10 22:09:30,jm2403,jm2403,1371.0,0.0,0.0,0.0,1,1371.0,1400.0,1,1371.0,0.0,0.0,0.0,0.0,0.0,36
2023-05-10 22:09:33,jm2403,jm2403,1371.0,0.0,0.0,0.0,1,1371.0,1399.5,2,1371.0,0.0,0.0,0.0,0.0,0.0,36
2023-05-10 22:09:33,jm2403,jm2403,1371.0,0.0,0.0,0.0,1,1371.0,1399.0,1,1371.0,0.0,0.0,0.0,0.0,0.0,36
2023-05-10 22:09:53,jm2403,jm2403,1371.0,0.0,0.0,0.0,1,1371.0,1399.0,3,1371.0,0.0,0.0,0.0,0.0,0.0,36
2023-05-10 22:09:53,jm2403,jm2403,1371.0,0.0,0.0,0.0,1,1350.0,1399.0,3,1371.0,0.0,0.0,0.0,0.0,0.0,36
2023-05-10 22:09:54,jm2403,jm2403,1371.0,0.0,0.0,0.0,1,1352.5,1399.0,3,1371.0,0.0,0.0,0.0,0.0,0.0,36
2023-05-10 22:09:54,jm2403,jm2403,1371.0,0.0,0.0,0.0,1,1353.0,1399.0,3,1371.0,0.0,0.0,0.0,0.0,0.0,36
2023-05-10 22:09:55,jm2403,jm2403,1371.0,0.0,0.0,0.0,1,1355.5,1399.0,3,1371.0,0.0,0.0,0.0,0.0,0.0,36
2023-05-10 22:09:55,jm2403,jm2403,1371.0,0.0,0.0,0.0,1,1356.0,1399.0,3,1371.0,0.0,0.0,0.0,0.0,0.0,36
2023-05-10 22:09:56,jm2403,jm2403,1371.0,0.0,0.0,0.0,1,1358.5,1399.0,3,1371.0,0.0,0.0,0.0,0.0,0.0,36
2023-05-10 22:09:56,jm2403,jm2403,1371.0,0.0,0.0,0.0,1,1359.0,1399.0,3,1371.0,0.0,0.0,0.0,0.0,0.0,36
2023-05-10 22:09:57,jm2403,jm2403,1371.0,0.0,0.0,0.0,1,1361.5,1399.0,3,1371.0,0.0,0.0,0.0,0.0,0.0,36
2023-05-10 22:09:57,jm2403,jm2403,1371.0,0.0,0.0,0.0,1,1362.0,1399.0,3,1371.0,0.0,0.0,0.0,0.0,0.0,36
2023-05-10 22:09:58,jm2403,jm2403,1371.0,0.0,0.0,0.0,1,1364.5,1399.0,3,1371.0,0.0,0.0,0.0,0.0,0.0,36
2023-05-10 22:09:58,jm2403,jm2403,1371.0,0.0,0.0,0.0,1,1365.0,1399.0,3,1371.0,0.0,0.0,0.0,0.0,0.0,36
2023-05-10 22:09:59,jm2403,jm2403,1371.0,0.0,0.0,0.0,1,1367.5,1399.0,3,1371.0,0.0,0.0,0.0,0.0,0.0,36
2023-05-10 22:09:59,jm2403,jm2403,1371.0,0.0,0.0,0.0,1,1368.0,1399.0,3,1371.0,0.0,0.0,0.0,0.0,0.0,36
2023-05-10 22:10:12,jm2403,jm2403,1371.0,0.0,0.0,0.0,1,1368.0,1398.5,2,1371.0,0.0,0.0,0.0,0.0,0.0,36
2023-05-10 22:10:13,jm2403,jm2403,1371.0,0.0,0.0,0.0,1,1368.0,1398.0,1,1371.0,0.0,0.0,0.0,0.0,0.0,36
2023-05-10 22:10:13,jm2403,jm2403,1371.0,0.0,0.0,0.0,1,1350.0,1398.0,1,1371.0,0.0,0.0,0.0,0.0,0.0,36
2023-05-10 22:10:14,jm2403,jm2403,1371.0,0.0,0.0,0.0,1,1352.5,1398.0,1,1371.0,0.0,0.0,0.0,0.0,0.0,36
2023-05-10 22:10:14,jm2403,jm2403,1371.0,0.0,0.0,0.0,1,1353.0,1398.0,1,1371.0,0.0,0.0,0.0,0.0,0.0,36
2023-05-10 22:10:15,jm2403,jm2403,1371.0,0.0,0.0,0.0,1,1355.5,1398.0,1,1371.0,0.0,0.0,0.0,0.0,0.0,36
2023-05-10 22:10:15,jm2403,jm2403,1371.0,0.0,0.0,0.0,1,1356.0,1397.5,2,1371.0,0.0,0.0,0.0,0.0,0.0,36
2023-05-10 22:10:16,jm2403,jm2403,1371.0,0.0,0.0,0.0,1,1358.5,1397.0,1,1371.0,0.0,0.0,0.0,0.0,0.0,36
2023-05-10 22:10:16,jm2403,jm2403,1371.0,0.0,0.0,0.0,1,1359.0,1397.0,1,1371.0,0.0,0.0,0.0,0.0,0.0,36
2023-05-10 22:10:17,jm2403,jm2403,1371.0,0.0,0.0,0.0,1,1361.5,1397.0,1,1371.0,0.0,0.0,0.0,0.0,0.0,36
2023-05-10 22:10:17,jm2403,jm2403,1371.0,0.0,0.0,0.0,1,1362.0,1397.0,1,1371.0,0.0,0.0,0.0,0.0,0.0,36
2023-05-10 22:10:18,jm2403,jm2403,1371.0,0.0,0.0,0.0,1,1364.5,1397.0,1,1371.0,0.0,0.0,0.0,0.0,0.0,36
2023-05-10 22:10:18,jm2403,jm2403,1371.0,0.0,0.0,0.0,1,1365.0,1397.0,1,1371.0,0.0,0.0,0.0,0.0,0.0,36
2023-05-10 22:10:32,jm2403,jm2403,1371.0,0.0,0.0,0.0,1,1365.0,1396.5,2,1371.0,0.0,0.0,0.0,0.0,0.0,36
2023-05-10 22:10:32,jm2403,jm2403,1371.0,0.0,0.0,0.0,1,1365.0,1396.0,1,1371.0,0.0,0.0,0.0,0.0,0.0,36
2023-05-10 22:10:51,jm2403,jm2403,1371.0,0.0,0.0,0.0,1,1365.0,1395.5,2,1371.0,0.0,0.0,0.0,0.0,0.0,36
2023-05-10 22:10:51,jm2403,jm2403,1371.0,0.0,0.0,0.0,1,1365.0,1395.0,1,1371.0,0.0,0.0,0.0,0.0,0.0,36
2023-05-10 22:10:55,jm2403,jm2403,1371.0,0.0,0.0,0.0,2,1365.5,1395.0,1,1371.0,0.0,0.0,0.0,0.0,0.0,36
2023-05-10 22:10:56,jm2403,jm2403,1371.0,0.0,0.0,0.0,1,1366.0,1395.0,1,1371.0,0.0,0.0,0.0,0.0,0.0,36
2023-05-10 22:11:09,jm2403,jm2403,1371.0,0.0,0.0,0.0,1,1368.5,1395.0,1,1371.0,0.0,0.0,0.0,0.0,0.0,36
2023-05-10 22:11:10,jm2403,jm2403,1371.0,0.0,0.0,0.0,1,1369.0,1395.0,1,1371.0,0.0,0.0,0.0,0.0,0.0,36
2023-05-10 22:11:38,jm2403,jm2403,1371.0,0.0,0.0,0.0,2,1369.5,1395.0,1,1371.0,0.0,0.0,0.0,0.0,0.0,36
2023-05-10 22:11:39,jm2403,jm2403,1371.0,0.0,0.0,0.0,1,1370.0,1395.0,1,1371.0,0.0,0.0,0.0,0.0,0.0,36
2023-05-10 22:12:03,jm2403,jm2403,1371.0,0.0,0.0,0.0,2,1369.5,1395.0,1,1371.0,0.0,0.0,0.0,0.0,0.0,36
2023-05-10 22:12:04,jm2403,jm2403,1371.0,0.0,0.0,0.0,3,1369.5,1395.0,1,1371.0,0.0,0.0,0.0,0.0,0.0,36
2023-05-10 22:12:16,jm2403,jm2403,1371.0,0.0,0.0,0.0,1,1369.5,1395.0,1,1371.0,0.0,0.0,0.0,0.0,0.0,36
2023-05-10 22:12:21,jm2403,jm2403,1371.0,0.0,0.0,0.0,1,1369.5,1394.5,2,1371.0,0.0,0.0,0.0,0.0,0.0,36
2023-05-10 22:12:21,jm2403,jm2403,1371.0,0.0,0.0,0.0,1,1369.5,1394.0,1,1371.0,0.0,0.0,0.0,0.0,0.0,36
2023-05-10 22:12:26,jm2403,jm2403,1371.0,0.0,0.0,0.0,1,1370.0,1394.0,1,1371.0,0.0,0.0,0.0,0.0,0.0,36
2023-05-10 22:12:48,jm2403,jm2403,1371.0,0.0,0.0,0.0,1,1350.0,1394.0,1,1371.0,0.0,0.0,0.0,0.0,0.0,36
2023-05-10 22:12:48,jm2403,jm2403,1371.0,0.0,0.0,0.0,1,1352.5,1394.0,1,1371.0,0.0,0.0,0.0,0.0,0.0,36
2023-05-10 22:12:49,jm2403,jm2403,1371.0,0.0,0.0,0.0,1,1353.0,1394.0,1,1371.0,0.0,0.0,0.0,0.0,0.0,36
2023-05-10 22:12:49,jm2403,jm2403,1371.0,0.0,0.0,0.0,1,1355.5,1394.0,1,1371.0,0.0,0.0,0.0,0.0,0.0,36
2023-05-10 22:12:50,jm2403,jm2403,1371.0,0.0,0.0,0.0,1,1356.0,1394.0,1,1371.0,0.0,0.0,0.0,0.0,0.0,36
2023-05-10 22:12:50,jm2403,jm2403,1371.0,0.0,0.0,0.0,1,1358.5,1394.0,1,1371.0,0.0,0.0,0.0,0.0,0.0,36
2023-05-10 22:12:51,jm2403,jm2403,1371.0,0.0,0.0,0.0,1,1359.0,1394.0,1,1371.0,0.0,0.0,0.0,0.0,0.0,36
2023-05-10 22:12:51,jm2403,jm2403,1371.0,0.0,0.0,0.0,1,1361.5,1394.0,1,1371.0,0.0,0.0,0.0,0.0,0.0,36
2023-05-10 22:12:52,jm2403,jm2403,1371.0,0.0,0.0,0.0,1,1362.0,1394.0,1,1371.0,0.0,0.0,0.0,0.0,0.0,36
2023-05-10 22:12:52,jm2403,jm2403,1371.0,0.0,0.0,0.0,1,1364.5,1394.0,1,1371.0,0.0,0.0,0.0,0.0,0.0,36
2023-05-10 22:12:53,jm2403,jm2403,1371.0,0.0,0.0,0.0,1,1365.0,1394.0,1,1371.0,0.0,0.0,0.0,0.0,0.0,36
2023-05-10 22:12:53,jm2403,jm2403,1371.0,0.0,0.0,0.0,1,1367.5,1394.0,1,1371.0,0.0,0.0,0.0,0.0,0.0,36
2023-05-10 22:12:54,jm2403,jm2403,1371.0,0.0,0.0,0.0,1,1368.0,1394.0,1,1371.0,0.0,0.0,0.0,0.0,0.0,36
2023-05-10 22:13:03,jm2403,jm2403,1371.0,0.0,0.0,0.0,2,1368.5,1394.0,1,1371.0,0.0,0.0,0.0,0.0,0.0,36
2023-05-10 22:13:04,jm2403,jm2403,1371.0,0.0,0.0,0.0,1,1369.0,1394.0,1,1371.0,0.0,0.0,0.0,0.0,0.0,36
2023-05-10 22:13:11,jm2403,jm2403,1371.0,0.0,0.0,0.0,2,1368.5,1394.0,1,1371.0,0.0,0.0,0.0,0.0,0.0,36
2023-05-10 22:13:12,jm2403,jm2403,1371.0,0.0,0.0,0.0,1,1368.5,1394.0,1,1371.0,0.0,0.0,0.0,0.0,0.0,36
2023-05-10 22:13:14,jm2403,jm2403,1371.0,0.0,0.0,0.0,1,1369.0,1394.0,1,1371.0,0.0,0.0,0.0,0.0,0.0,36
2023-05-10 22:13:25,jm2403,jm2403,1371.0,0.0,0.0,0.0,1,1350.0,1394.0,1,1371.0,0.0,0.0,0.0,0.0,0.0,36
2023-05-10 22:13:26,jm2403,jm2403,1371.0,0.0,0.0,0.0,1,1352.5,1394.0,1,1371.0,0.0,0.0,0.0,0.0,0.0,36
2023-05-10 22:13:26,jm2403,jm2403,1371.0,0.0,0.0,0.0,1,1353.0,1394.0,1,1371.0,0.0,0.0,0.0,0.0,0.0,36
2023-05-10 22:13:27,jm2403,jm2403,1371.0,0.0,0.0,0.0,1,1355.5,1394.0,1,1371.0,0.0,0.0,0.0,0.0,0.0,36
2023-05-10 22:13:27,jm2403,jm2403,1371.0,0.0,0.0,0.0,1,1356.0,1394.0,1,1371.0,0.0,0.0,0.0,0.0,0.0,36
2023-05-10 22:13:28,jm2403,jm2403,1371.0,0.0,0.0,0.0,1,1358.5,1394.0,1,1371.0,0.0,0.0,0.0,0.0,0.0,36
2023-05-10 22:13:28,jm2403,jm2403,1371.0,0.0,0.0,0.0,1,1359.0,1394.0,1,1371.0,0.0,0.0,0.0,0.0,0.0,36
2023-05-10 22:13:29,jm2403,jm2403,1371.0,0.0,0.0,0.0,1,1361.5,1394.0,1,1371.0,0.0,0.0,0.0,0.0,0.0,36
2023-05-10 22:13:29,jm2403,jm2403,1371.0,0.0,0.0,0.0,1,1362.0,1394.0,1,1371.0,0.0,0.0,0.0,0.0,0.0,36
2023-05-10 22:13:30,jm2403,jm2403,1371.0,0.0,0.0,0.0,1,1364.5,1394.0,1,1371.0,0.0,0.0,0.0,0.0,0.0,36
2023-05-10 22:13:30,jm2403,jm2403,1371.0,0.0,0.0,0.0,1,1365.0,1394.0,1,1371.0,0.0,0.0,0.0,0.0,0.0,36
2023-05-10 22:13:48,jm2403,jm2403,1371.0,0.0,0.0,0.0,2,1365.5,1394.0,1,1371.0,0.0,0.0,0.0,0.0,0.0,36
2023-05-10 22:13:48,jm2403,jm2403,1371.0,0.0,0.0,0.0,1,1366.0,1394.0,1,1371.0,0.0,0.0,0.0,0.0,0.0,36
2023-05-10 22:14:31,jm2403,jm2403,1371.0,0.0,0.0,0.0,1,1366.0,1393.5,2,1371.0,0.0,0.0,0.0,0.0,0.0,36
2023-05-10 22:14:31,jm2403,jm2403,1371.0,0.0,0.0,0.0,1,1366.0,1393.0,1,1371.0,0.0,0.0,0.0,0.0,0.0,36
2023-05-10 22:15:15,jm2403,jm2403,1371.0,0.0,0.0,0.0,1,1368.5,1393.0,1,1371.0,0.0,0.0,0.0,0.0,0.0,36
2023-05-10 22:15:15,jm2403,jm2403,1371.0,0.0,0.0,0.0,1,1369.0,1393.0,1,1371.0,0.0,0.0,0.0,0.0,0.0,36
2023-05-10 22:15:23,jm2403,jm2403,1371.0,0.0,0.0,0.0,1,1369.0,1405.0,1,1371.0,0.0,0.0,0.0,0.0,0.0,36
2023-05-10 22:15:24,jm2403,jm2403,1371.0,0.0,0.0,0.0,1,1369.0,1401.5,2,1371.0,0.0,0.0,0.0,0.0,0.0,36
2023-05-10 22:15:27,jm2403,jm2403,1371.0,0.0,0.0,0.0,1,1350.0,1401.5,2,1371.0,0.0,0.0,0.0,0.0,0.0,36
2023-05-10 22:15:28,jm2403,jm2403,1371.0,0.0,0.0,0.0,1,1352.5,1401.0,1,1371.0,0.0,0.0,0.0,0.0,0.0,36
2023-05-10 22:15:28,jm2403,jm2403,1371.0,0.0,0.0,0.0,1,1353.0,1401.0,1,1371.0,0.0,0.0,0.0,0.0,0.0,36
2023-05-10 22:15:29,jm2403,jm2403,1371.0,0.0,0.0,0.0,1,1355.5,1401.0,1,1371.0,0.0,0.0,0.0,0.0,0.0,36
2023-05-10 22:15:29,jm2403,jm2403,1371.0,0.0,0.0,0.0,1,1356.0,1401.0,1,1371.0,0.0,0.0,0.0,0.0,0.0,36
2023-05-10 22:15:30,jm2403,jm2403,1371.0,0.0,0.0,0.0,1,1358.5,1401.0,1,1371.0,0.0,0.0,0.0,0.0,0.0,36
2023-05-10 22:15:30,jm2403,jm2403,1371.0,0.0,0.0,0.0,1,1359.0,1401.0,1,1371.0,0.0,0.0,0.0,0.0,0.0,36
2023-05-10 22:15:31,jm2403,jm2403,1371.0,0.0,0.0,0.0,1,1361.5,1401.0,1,1371.0,0.0,0.0,0.0,0.0,0.0,36
2023-05-10 22:15:31,jm2403,jm2403,1371.0,0.0,0.0,0.0,1,1362.0,1401.0,1,1371.0,0.0,0.0,0.0,0.0,0.0,36
2023-05-10 22:15:32,jm2403,jm2403,1371.0,0.0,0.0,0.0,1,1364.5,1401.0,1,1371.0,0.0,0.0,0.0,0.0,0.0,36
2023-05-10 22:15:32,jm2403,jm2403,1371.0,0.0,0.0,0.0,1,1365.0,1401.0,1,1371.0,0.0,0.0,0.0,0.0,0.0,36
2023-05-10 22:15:43,jm2403,jm2403,1371.0,0.0,0.0,0.0,1,1365.0,1400.5,2,1371.0,0.0,0.0,0.0,0.0,0.0,36
2023-05-10 22:15:43,jm2403,jm2403,1371.0,0.0,0.0,0.0,1,1365.0,1400.0,1,1371.0,0.0,0.0,0.0,0.0,0.0,36
2023-05-10 22:15:58,jm2403,jm2403,1371.0,0.0,0.0,0.0,1,1365.0,1399.5,2,1371.0,0.0,0.0,0.0,0.0,0.0,36
2023-05-10 22:15:58,jm2403,jm2403,1371.0,0.0,0.0,0.0,1,1365.0,1399.0,1,1371.0,0.0,0.0,0.0,0.0,0.0,36
2023-05-10 22:16:00,jm2403,jm2403,1371.0,0.0,0.0,0.0,1,1365.0,1398.5,2,1371.0,0.0,0.0,0.0,0.0,0.0,36
2023-05-10 22:16:00,jm2403,jm2403,1371.0,0.0,0.0,0.0,1,1365.0,1398.0,1,1371.0,0.0,0.0,0.0,0.0,0.0,36
2023-05-10 22:16:20,jm2403,jm2403,1371.0,0.0,0.0,0.0,1,1365.0,1397.5,2,1371.0,0.0,0.0,0.0,0.0,0.0,36
2023-05-10 22:16:20,jm2403,jm2403,1371.0,0.0,0.0,0.0,1,1365.0,1397.0,1,1371.0,0.0,0.0,0.0,0.0,0.0,36
2023-05-10 22:16:39,jm2403,jm2403,1371.0,0.0,0.0,0.0,1,1365.0,1396.5,2,1371.0,0.0,0.0,0.0,0.0,0.0,36
2023-05-10 22:16:39,jm2403,jm2403,1371.0,0.0,0.0,0.0,1,1365.0,1396.0,1,1371.0,0.0,0.0,0.0,0.0,0.0,36
2023-05-10 22:16:43,jm2403,jm2403,1371.0,0.0,0.0,0.0,1,1365.0,1395.5,2,1371.0,0.0,0.0,0.0,0.0,0.0,36
2023-05-10 22:16:43,jm2403,jm2403,1371.0,0.0,0.0,0.0,1,1365.0,1395.0,1,1371.0,0.0,0.0,0.0,0.0,0.0,36
2023-05-10 22:16:58,jm2403,jm2403,1371.0,0.0,0.0,0.0,1,1365.0,1394.5,2,1371.0,0.0,0.0,0.0,0.0,0.0,36
2023-05-10 22:16:59,jm2403,jm2403,1371.0,0.0,0.0,0.0,1,1365.0,1394.0,1,1371.0,0.0,0.0,0.0,0.0,0.0,36
2023-05-10 22:17:27,jm2403,jm2403,1371.0,0.0,0.0,0.0,2,1365.5,1394.0,1,1371.0,0.0,0.0,0.0,0.0,0.0,36
2023-05-10 22:17:27,jm2403,jm2403,1371.0,0.0,0.0,0.0,1,1366.0,1394.0,1,1371.0,0.0,0.0,0.0,0.0,0.0,36
2023-05-10 22:18:09,jm2403,jm2403,1371.0,0.0,0.0,0.0,1,1366.0,1393.5,2,1371.0,0.0,0.0,0.0,0.0,0.0,36
2023-05-10 22:18:10,jm2403,jm2403,1371.0,0.0,0.0,0.0,1,1366.0,1393.0,1,1371.0,0.0,0.0,0.0,0.0,0.0,36
2023-05-10 22:18:52,jm2403,jm2403,1371.0,0.0,0.0,0.0,1,1366.0,1392.5,2,1371.0,0.0,0.0,0.0,0.0,0.0,36
2023-05-10 22:18:52,jm2403,jm2403,1371.0,0.0,0.0,0.0,1,1366.0,1392.0,1,1371.0,0.0,0.0,0.0,0.0,0.0,36
2023-05-10 22:19:36,jm2403,jm2403,1371.0,0.0,0.0,0.0,1,1366.0,1391.5,2,1371.0,0.0,0.0,0.0,0.0,0.0,36
2023-05-10 22:19:36,jm2403,jm2403,1371.0,0.0,0.0,0.0,1,1366.0,1391.0,1,1371.0,0.0,0.0,0.0,0.0,0.0,36
2023-05-10 22:20:20,jm2403,jm2403,1371.0,0.0,0.0,0.0,1,1366.0,1390.5,2,1371.0,0.0,0.0,0.0,0.0,0.0,36
2023-05-10 22:20:20,jm2403,jm2403,1371.0,0.0,0.0,0.0,1,1366.0,1390.0,1,1371.0,0.0,0.0,0.0,0.0,0.0,36
2023-05-10 22:20:22,jm2403,jm2403,1371.0,0.0,0.0,0.0,1,1366.0,1390.5,2,1371.0,0.0,0.0,0.0,0.0,0.0,36
2023-05-10 22:20:27,jm2403,jm2403,1371.0,0.0,0.0,0.0,1,1366.0,1390.0,1,1371.0,0.0,0.0,0.0,0.0,0.0,36
2023-05-10 22:20:45,jm2403,jm2403,1371.0,0.0,0.0,0.0,1,1366.0,1405.0,1,1371.0,0.0,0.0,0.0,0.0,0.0,36
2023-05-10 22:20:46,jm2403,jm2403,1371.0,0.0,0.0,0.0,1,1366.0,1401.5,2,1371.0,0.0,0.0,0.0,0.0,0.0,36
2023-05-10 22:20:46,jm2403,jm2403,1371.0,0.0,0.0,0.0,1,1366.0,1401.0,1,1371.0,0.0,0.0,0.0,0.0,0.0,36
2023-05-10 22:21:03,jm2403,jm2403,1371.0,0.0,0.0,0.0,1,1366.0,1400.5,4,1371.0,0.0,0.0,0.0,0.0,0.0,36
2023-05-10 22:21:03,jm2403,jm2403,1371.0,0.0,0.0,0.0,1,1366.0,1400.0,1,1371.0,0.0,0.0,0.0,0.0,0.0,36
2023-05-10 22:21:23,jm2403,jm2403,1371.0,0.0,0.0,0.0,1,1366.0,1399.5,2,1371.0,0.0,0.0,0.0,0.0,0.0,36
2023-05-10 22:21:23,jm2403,jm2403,1371.0,0.0,0.0,0.0,1,1366.0,1399.0,1,1371.0,0.0,0.0,0.0,0.0,0.0,36
2023-05-10 22:21:43,jm2403,jm2403,1371.0,0.0,0.0,0.0,1,1366.0,1398.5,2,1371.0,0.0,0.0,0.0,0.0,0.0,36
2023-05-10 22:21:43,jm2403,jm2403,1371.0,0.0,0.0,0.0,1,1366.0,1398.0,1,1371.0,0.0,0.0,0.0,0.0,0.0,36
2023-05-10 22:21:46,jm2403,jm2403,1371.0,0.0,0.0,0.0,1,1366.0,1397.5,2,1371.0,0.0,0.0,0.0,0.0,0.0,36
2023-05-10 22:21:46,jm2403,jm2403,1371.0,0.0,0.0,0.0,1,1366.0,1397.0,1,1371.0,0.0,0.0,0.0,0.0,0.0,36
2023-05-10 22:22:03,jm2403,jm2403,1371.0,0.0,0.0,0.0,1,1366.0,1396.5,2,1371.0,0.0,0.0,0.0,0.0,0.0,36
2023-05-10 22:22:03,jm2403,jm2403,1371.0,0.0,0.0,0.0,1,1366.0,1396.0,1,1371.0,0.0,0.0,0.0,0.0,0.0,36
2023-05-10 22:22:22,jm2403,jm2403,1371.0,0.0,0.0,0.0,1,1366.0,1395.5,2,1371.0,0.0,0.0,0.0,0.0,0.0,36
2023-05-10 22:22:22,jm2403,jm2403,1371.0,0.0,0.0,0.0,1,1366.0,1395.0,1,1371.0,0.0,0.0,0.0,0.0,0.0,36
2023-05-10 22:22:29,jm2403,jm2403,1371.0,0.0,0.0,0.0,1,1366.0,1394.5,2,1371.0,0.0,0.0,0.0,0.0,0.0,36
2023-05-10 22:22:29,jm2403,jm2403,1371.0,0.0,0.0,0.0,1,1366.0,1394.0,1,1371.0,0.0,0.0,0.0,0.0,0.0,36
2023-05-10 22:22:39,jm2403,jm2403,1371.0,0.0,0.0,0.0,1,1366.0,1394.0,3,1371.0,0.0,0.0,0.0,0.0,0.0,36
2023-05-10 22:23:04,jm2403,jm2403,1371.0,0.0,0.0,0.0,1,1350.0,1394.0,3,1371.0,0.0,0.0,0.0,0.0,0.0,36
2023-05-10 22:23:04,jm2403,jm2403,1371.0,0.0,0.0,0.0,1,1350.5,1394.0,3,1371.0,0.0,0.0,0.0,0.0,0.0,36
2023-05-10 22:23:05,jm2403,jm2403,1371.0,0.0,0.0,0.0,1,1353.0,1394.0,3,1371.0,0.0,0.0,0.0,0.0,0.0,36
2023-05-10 22:23:05,jm2403,jm2403,1371.0,0.0,0.0,0.0,1,1353.5,1394.0,3,1371.0,0.0,0.0,0.0,0.0,0.0,36
2023-05-10 22:23:06,jm2403,jm2403,1371.0,0.0,0.0,0.0,1,1356.0,1394.0,3,1371.0,0.0,0.0,0.0,0.0,0.0,36
2023-05-10 22:23:06,jm2403,jm2403,1371.0,0.0,0.0,0.0,1,1356.5,1394.0,3,1371.0,0.0,0.0,0.0,0.0,0.0,36
2023-05-10 22:23:07,jm2403,jm2403,1371.0,0.0,0.0,0.0,1,1359.0,1394.0,3,1371.0,0.0,0.0,0.0,0.0,0.0,36
2023-05-10 22:23:07,jm2403,jm2403,1371.0,0.0,0.0,0.0,1,1359.5,1394.0,3,1371.0,0.0,0.0,0.0,0.0,0.0,36
2023-05-10 22:23:08,jm2403,jm2403,1371.0,0.0,0.0,0.0,1,1362.0,1394.0,3,1371.0,0.0,0.0,0.0,0.0,0.0,36
2023-05-10 22:23:08,jm2403,jm2403,1371.0,0.0,0.0,0.0,1,1362.5,1394.0,3,1371.0,0.0,0.0,0.0,0.0,0.0,36
2023-05-10 22:23:12,jm2403,jm2403,1371.0,0.0,0.0,0.0,1,1362.5,1393.5,2,1371.0,0.0,0.0,0.0,0.0,0.0,36
2023-05-10 22:23:13,jm2403,jm2403,1371.0,0.0,0.0,0.0,1,1362.5,1393.0,1,1371.0,0.0,0.0,0.0,0.0,0.0,36
2023-05-10 22:23:16,jm2403,jm2403,1371.0,0.0,0.0,0.0,1,1362.5,1392.5,2,1371.0,0.0,0.0,0.0,0.0,0.0,36
2023-05-10 22:23:17,jm2403,jm2403,1371.0,0.0,0.0,0.0,1,1362.5,1392.0,1,1371.0,0.0,0.0,0.0,0.0,0.0,36
2023-05-10 22:23:32,jm2403,jm2403,1371.0,0.0,0.0,0.0,1,1362.5,1391.5,2,1371.0,0.0,0.0,0.0,0.0,0.0,36
2023-05-10 22:23:32,jm2403,jm2403,1371.0,0.0,0.0,0.0,1,1362.5,1391.0,1,1371.0,0.0,0.0,0.0,0.0,0.0,36
2023-05-10 22:23:39,jm2403,jm2403,1371.0,0.0,0.0,0.0,1,1362.5,1391.0,3,1371.0,0.0,0.0,0.0,0.0,0.0,36
2023-05-10 22:23:45,jm2403,jm2403,1371.0,0.0,0.0,0.0,1,1362.5,1391.0,1,1371.0,0.0,0.0,0.0,0.0,0.0,36
2023-05-10 22:23:51,jm2403,jm2403,1371.0,0.0,0.0,0.0,1,1362.5,1391.0,3,1371.0,0.0,0.0,0.0,0.0,0.0,36
2023-05-10 22:23:55,jm2403,jm2403,1371.0,0.0,0.0,0.0,1,1362.5,1390.5,2,1371.0,0.0,0.0,0.0,0.0,0.0,36
2023-05-10 22:23:55,jm2403,jm2403,1371.0,0.0,0.0,0.0,1,1362.5,1390.0,1,1371.0,0.0,0.0,0.0,0.0,0.0,36
2023-05-10 22:24:40,jm2403,jm2403,1371.0,0.0,0.0,0.0,1,1362.5,1389.5,2,1371.0,0.0,0.0,0.0,0.0,0.0,36
2023-05-10 22:24:40,jm2403,jm2403,1371.0,0.0,0.0,0.0,1,1362.5,1389.0,1,1371.0,0.0,0.0,0.0,0.0,0.0,36
2023-05-10 22:25:23,jm2403,jm2403,1371.0,0.0,0.0,0.0,2,1363.0,1389.0,1,1371.0,0.0,0.0,0.0,0.0,0.0,36
2023-05-10 22:25:23,jm2403,jm2403,1371.0,0.0,0.0,0.0,1,1363.5,1389.0,1,1371.0,0.0,0.0,0.0,0.0,0.0,36
2023-05-10 22:25:26,jm2403,jm2403,1371.0,0.0,0.0,0.0,1,1363.5,1402.5,1,1371.0,0.0,0.0,0.0,0.0,0.0,36
2023-05-10 22:25:27,jm2403,jm2403,1371.0,0.0,0.0,0.0,1,1363.5,1401.5,2,1371.0,0.0,0.0,0.0,0.0,0.0,36
2023-05-10 22:25:28,jm2403,jm2403,1371.0,0.0,0.0,0.0,1,1363.5,1401.0,1,1371.0,0.0,0.0,0.0,0.0,0.0,36
2023-05-10 22:25:46,jm2403,jm2403,1371.0,0.0,0.0,0.0,1,1363.5,1400.5,2,1371.0,0.0,0.0,0.0,0.0,0.0,36
2023-05-10 22:25:46,jm2403,jm2403,1371.0,0.0,0.0,0.0,1,1363.5,1400.0,1,1371.0,0.0,0.0,0.0,0.0,0.0,36
2023-05-10 22:26:02,jm2403,jm2403,1371.0,0.0,0.0,0.0,1,1363.5,1399.5,2,1371.0,0.0,0.0,0.0,0.0,0.0,36
2023-05-10 22:26:02,jm2403,jm2403,1371.0,0.0,0.0,0.0,1,1363.5,1399.0,1,1371.0,0.0,0.0,0.0,0.0,0.0,36
2023-05-10 22:26:06,jm2403,jm2403,1371.0,0.0,0.0,0.0,1,1363.5,1398.5,2,1371.0,0.0,0.0,0.0,0.0,0.0,36
2023-05-10 22:26:06,jm2403,jm2403,1371.0,0.0,0.0,0.0,1,1363.5,1398.0,1,1371.0,0.0,0.0,0.0,0.0,0.0,36
2023-05-10 22:26:22,jm2403,jm2403,1371.0,0.0,0.0,0.0,1,1363.5,1397.5,2,1371.0,0.0,0.0,0.0,0.0,0.0,36
2023-05-10 22:26:22,jm2403,jm2403,1371.0,0.0,0.0,0.0,1,1363.5,1397.0,1,1371.0,0.0,0.0,0.0,0.0,0.0,36
2023-05-10 22:26:39,jm2403,jm2403,1371.0,0.0,0.0,0.0,1,1363.5,1396.5,2,1371.0,0.0,0.0,0.0,0.0,0.0,36
2023-05-10 22:26:39,jm2403,jm2403,1371.0,0.0,0.0,0.0,1,1363.5,1396.0,1,1371.0,0.0,0.0,0.0,0.0,0.0,36
2023-05-10 22:26:50,jm2403,jm2403,1371.0,0.0,0.0,0.0,1,1363.5,1395.5,2,1371.0,0.0,0.0,0.0,0.0,0.0,36
2023-05-10 22:26:50,jm2403,jm2403,1371.0,0.0,0.0,0.0,1,1363.5,1395.0,1,1371.0,0.0,0.0,0.0,0.0,0.0,36
2023-05-10 22:26:56,jm2403,jm2403,1371.0,0.0,0.0,0.0,1,1363.5,1394.5,2,1371.0,0.0,0.0,0.0,0.0,0.0,36
2023-05-10 22:26:57,jm2403,jm2403,1371.0,0.0,0.0,0.0,1,1363.5,1394.0,1,1371.0,0.0,0.0,0.0,0.0,0.0,36
2023-05-10 22:27:03,jm2403,jm2403,1371.0,0.0,0.0,0.0,1,1363.5,1393.5,2,1371.0,0.0,0.0,0.0,0.0,0.0,36
2023-05-10 22:27:03,jm2403,jm2403,1371.0,0.0,0.0,0.0,1,1363.5,1393.0,1,1371.0,0.0,0.0,0.0,0.0,0.0,36
2023-05-10 22:27:21,jm2403,jm2403,1371.0,0.0,0.0,0.0,1,1363.5,1392.5,2,1371.0,0.0,0.0,0.0,0.0,0.0,36
2023-05-10 22:27:21,jm2403,jm2403,1371.0,0.0,0.0,0.0,1,1363.5,1392.0,1,1371.0,0.0,0.0,0.0,0.0,0.0,36
2023-05-10 22:27:33,jm2403,jm2403,1371.0,0.0,0.0,0.0,1,1363.5,1391.5,2,1371.0,0.0,0.0,0.0,0.0,0.0,36
2023-05-10 22:27:33,jm2403,jm2403,1371.0,0.0,0.0,0.0,1,1363.5,1391.0,1,1371.0,0.0,0.0,0.0,0.0,0.0,36
2023-05-10 22:28:16,jm2403,jm2403,1371.0,0.0,0.0,0.0,1,1363.5,1390.5,2,1371.0,0.0,0.0,0.0,0.0,0.0,36
2023-05-10 22:28:17,jm2403,jm2403,1371.0,0.0,0.0,0.0,1,1363.5,1390.0,1,1371.0,0.0,0.0,0.0,0.0,0.0,36
2023-05-10 22:29:01,jm2403,jm2403,1371.0,0.0,0.0,0.0,1,1363.5,1389.5,2,1371.0,0.0,0.0,0.0,0.0,0.0,36
2023-05-10 22:29:01,jm2403,jm2403,1371.0,0.0,0.0,0.0,1,1363.5,1389.0,1,1371.0,0.0,0.0,0.0,0.0,0.0,36
2023-05-10 22:29:46,jm2403,jm2403,1371.0,0.0,0.0,0.0,2,1364.0,1389.0,1,1371.0,0.0,0.0,0.0,0.0,0.0,36
2023-05-10 22:29:46,jm2403,jm2403,1371.0,0.0,0.0,0.0,1,1364.5,1389.0,1,1371.0,0.0,0.0,0.0,0.0,0.0,36
2023-05-10 22:30:07,jm2403,jm2403,1371.0,0.0,0.0,0.0,1,1364.5,1402.5,1,1371.0,0.0,0.0,0.0,0.0,0.0,36
2023-05-10 22:30:08,jm2403,jm2403,1371.0,0.0,0.0,0.0,1,1364.5,1401.5,2,1371.0,0.0,0.0,0.0,0.0,0.0,36
2023-05-10 22:30:09,jm2403,jm2403,1371.0,0.0,0.0,0.0,1,1364.5,1401.0,1,1371.0,0.0,0.0,0.0,0.0,0.0,36
2023-05-10 22:30:26,jm2403,jm2403,1371.0,0.0,0.0,0.0,1,1364.5,1400.5,2,1371.0,0.0,0.0,0.0,0.0,0.0,36
2023-05-10 22:30:26,jm2403,jm2403,1371.0,0.0,0.0,0.0,1,1364.5,1400.0,1,1371.0,0.0,0.0,0.0,0.0,0.0,36
2023-05-10 22:30:29,jm2403,jm2403,1371.0,0.0,0.0,0.0,1,1364.5,1399.5,2,1371.0,0.0,0.0,0.0,0.0,0.0,36
2023-05-10 22:30:29,jm2403,jm2403,1371.0,0.0,0.0,0.0,1,1364.5,1399.0,1,1371.0,0.0,0.0,0.0,0.0,0.0,36
2023-05-10 22:30:42,jm2403,jm2403,1371.0,0.0,0.0,0.0,1,1367.0,1399.0,1,1371.0,0.0,0.0,0.0,0.0,0.0,36
2023-05-10 22:30:42,jm2403,jm2403,1371.0,0.0,0.0,0.0,1,1367.5,1399.0,1,1371.0,0.0,0.0,0.0,0.0,0.0,36
2023-05-10 22:30:43,jm2403,jm2403,1371.0,0.0,0.0,0.0,1,1367.5,1398.5,2,1371.0,0.0,0.0,0.0,0.0,0.0,36
2023-05-10 22:30:43,jm2403,jm2403,1371.0,0.0,0.0,0.0,1,1367.5,1398.0,1,1371.0,0.0,0.0,0.0,0.0,0.0,36
2023-05-10 22:31:01,jm2403,jm2403,1371.0,0.0,0.0,0.0,1,1367.5,1397.5,2,1371.0,0.0,0.0,0.0,0.0,0.0,36
2023-05-10 22:31:02,jm2403,jm2403,1371.0,0.0,0.0,0.0,1,1367.5,1397.0,1,1371.0,0.0,0.0,0.0,0.0,0.0,36
2023-05-10 22:31:14,jm2403,jm2403,1371.0,0.0,0.0,0.0,1,1367.5,1396.5,2,1371.0,0.0,0.0,0.0,0.0,0.0,36
2023-05-10 22:31:14,jm2403,jm2403,1371.0,0.0,0.0,0.0,1,1367.5,1396.0,1,1371.0,0.0,0.0,0.0,0.0,0.0,36
2023-05-10 22:31:19,jm2403,jm2403,1371.0,0.0,0.0,0.0,1,1367.5,1395.5,2,1371.0,0.0,0.0,0.0,0.0,0.0,36
2023-05-10 22:31:19,jm2403,jm2403,1371.0,0.0,0.0,0.0,1,1367.5,1395.0,1,1371.0,0.0,0.0,0.0,0.0,0.0,36
2023-05-10 22:31:40,jm2403,jm2403,1371.0,0.0,0.0,0.0,1,1367.5,1394.5,2,1371.0,0.0,0.0,0.0,0.0,0.0,36
2023-05-10 22:31:40,jm2403,jm2403,1371.0,0.0,0.0,0.0,1,1367.5,1394.0,1,1371.0,0.0,0.0,0.0,0.0,0.0,36
2023-05-10 22:31:56,jm2403,jm2403,1371.0,0.0,0.0,0.0,1,1367.5,1393.5,2,1371.0,0.0,0.0,0.0,0.0,0.0,36
2023-05-10 22:31:56,jm2403,jm2403,1371.0,0.0,0.0,0.0,1,1367.5,1393.0,1,1371.0,0.0,0.0,0.0,0.0,0.0,36
2023-05-10 22:32:39,jm2403,jm2403,1371.0,0.0,0.0,0.0,2,1368.0,1393.0,1,1371.0,0.0,0.0,0.0,0.0,0.0,36
2023-05-10 22:32:40,jm2403,jm2403,1371.0,0.0,0.0,0.0,1,1368.5,1393.0,1,1371.0,0.0,0.0,0.0,0.0,0.0,36
2023-05-10 22:33:22,jm2403,jm2403,1371.0,0.0,0.0,0.0,1,1368.5,1392.5,2,1371.0,0.0,0.0,0.0,0.0,0.0,36
2023-05-10 22:33:22,jm2403,jm2403,1371.0,0.0,0.0,0.0,1,1368.5,1392.0,1,1371.0,0.0,0.0,0.0,0.0,0.0,36
2023-05-10 22:33:45,jm2403,jm2403,1371.0,0.0,0.0,0.0,1,1350.0,1392.0,3,1371.0,0.0,0.0,0.0,0.0,0.0,36
2023-05-10 22:33:45,jm2403,jm2403,1371.0,0.0,0.0,0.0,1,1352.5,1392.0,3,1371.0,0.0,0.0,0.0,0.0,0.0,36
2023-05-10 22:33:46,jm2403,jm2403,1371.0,0.0,0.0,0.0,1,1353.0,1392.0,3,1371.0,0.0,0.0,0.0,0.0,0.0,36
2023-05-10 22:33:46,jm2403,jm2403,1371.0,0.0,0.0,0.0,1,1355.5,1392.0,3,1371.0,0.0,0.0,0.0,0.0,0.0,36
2023-05-10 22:33:47,jm2403,jm2403,1371.0,0.0,0.0,0.0,1,1356.0,1392.0,3,1371.0,0.0,0.0,0.0,0.0,0.0,36
2023-05-10 22:33:47,jm2403,jm2403,1371.0,0.0,0.0,0.0,1,1358.5,1392.0,1,1371.0,0.0,0.0,0.0,0.0,0.0,36
2023-05-10 22:33:48,jm2403,jm2403,1371.0,0.0,0.0,0.0,1,1359.0,1392.0,1,1371.0,0.0,0.0,0.0,0.0,0.0,36
2023-05-10 22:33:48,jm2403,jm2403,1371.0,0.0,0.0,0.0,1,1361.5,1392.0,1,1371.0,0.0,0.0,0.0,0.0,0.0,36
2023-05-10 22:33:49,jm2403,jm2403,1371.0,0.0,0.0,0.0,1,1362.0,1392.0,1,1371.0,0.0,0.0,0.0,0.0,0.0,36
2023-05-10 22:34:04,jm2403,jm2403,1371.0,0.0,0.0,0.0,2,1362.5,1392.0,1,1371.0,0.0,0.0,0.0,0.0,0.0,36
2023-05-10 22:34:04,jm2403,jm2403,1371.0,0.0,0.0,0.0,1,1363.0,1392.0,1,1371.0,0.0,0.0,0.0,0.0,0.0,36
2023-05-10 22:34:05,jm2403,jm2403,1371.0,0.0,0.0,0.0,1,1363.0,1392.0,3,1371.0,0.0,0.0,0.0,0.0,0.0,36
2023-05-10 22:34:24,jm2403,jm2403,1371.0,0.0,0.0,0.0,1,1363.0,1392.0,1,1371.0,0.0,0.0,0.0,0.0,0.0,36
2023-05-10 22:34:27,jm2403,jm2403,1371.0,0.0,0.0,0.0,1,1363.0,1391.5,2,1371.0,0.0,0.0,0.0,0.0,0.0,36
2023-05-10 22:34:27,jm2403,jm2403,1371.0,0.0,0.0,0.0,1,1363.0,1391.0,1,1371.0,0.0,0.0,0.0,0.0,0.0,36
2023-05-10 22:34:49,jm2403,jm2403,1371.0,0.0,0.0,0.0,1,1363.0,1390.5,2,1371.0,0.0,0.0,0.0,0.0,0.0,36
2023-05-10 22:34:49,jm2403,jm2403,1371.0,0.0,0.0,0.0,1,1363.0,1390.0,1,1371.0,0.0,0.0,0.0,0.0,0.0,36
2023-05-10 22:35:33,jm2403,jm2403,1371.0,0.0,0.0,0.0,1,1363.0,1389.5,2,1371.0,0.0,0.0,0.0,0.0,0.0,36
2023-05-10 22:35:33,jm2403,jm2403,1371.0,0.0,0.0,0.0,1,1363.0,1389.0,1,1371.0,0.0,0.0,0.0,0.0,0.0,36
2023-05-10 22:36:17,jm2403,jm2403,1371.0,0.0,0.0,0.0,1,1363.0,1388.5,2,1371.0,0.0,0.0,0.0,0.0,0.0,36
2023-05-10 22:36:18,jm2403,jm2403,1371.0,0.0,0.0,0.0,1,1363.0,1388.0,1,1371.0,0.0,0.0,0.0,0.0,0.0,36
2023-05-10 22:36:59,jm2403,jm2403,1371.0,0.0,0.0,0.0,2,1363.5,1388.0,1,1371.0,0.0,0.0,0.0,0.0,0.0,36
2023-05-10 22:37:00,jm2403,jm2403,1371.0,0.0,0.0,0.0,1,1364.0,1388.0,1,1371.0,0.0,0.0,0.0,0.0,0.0,36
2023-05-10 22:37:42,jm2403,jm2403,1371.0,0.0,0.0,0.0,2,1364.5,1388.0,1,1371.0,0.0,0.0,0.0,0.0,0.0,36
2023-05-10 22:37:42,jm2403,jm2403,1371.0,0.0,0.0,0.0,1,1365.0,1388.0,1,1371.0,0.0,0.0,0.0,0.0,0.0,36
2023-05-10 22:38:17,jm2403,jm2403,1371.0,0.0,0.0,0.0,1,1350.0,1388.0,1,1371.0,0.0,0.0,0.0,0.0,0.0,36
2023-05-10 22:38:18,jm2403,jm2403,1371.0,0.0,0.0,0.0,1,1352.5,1388.0,1,1371.0,0.0,0.0,0.0,0.0,0.0,36
2023-05-10 22:38:18,jm2403,jm2403,1371.0,0.0,0.0,0.0,1,1353.0,1388.0,1,1371.0,0.0,0.0,0.0,0.0,0.0,36
2023-05-10 22:38:19,jm2403,jm2403,1371.0,0.0,0.0,0.0,1,1355.5,1388.0,1,1371.0,0.0,0.0,0.0,0.0,0.0,36
2023-05-10 22:38:19,jm2403,jm2403,1371.0,0.0,0.0,0.0,1,1356.0,1388.0,1,1371.0,0.0,0.0,0.0,0.0,0.0,36
2023-05-10 22:38:20,jm2403,jm2403,1371.0,0.0,0.0,0.0,1,1358.5,1388.0,1,1371.0,0.0,0.0,0.0,0.0,0.0,36
2023-05-10 22:38:20,jm2403,jm2403,1371.0,0.0,0.0,0.0,1,1359.0,1388.0,1,1371.0,0.0,0.0,0.0,0.0,0.0,36
2023-05-10 22:38:25,jm2403,jm2403,1371.0,0.0,0.0,0.0,2,1359.5,1388.0,3,1371.0,0.0,0.0,0.0,0.0,0.0,36
2023-05-10 22:38:25,jm2403,jm2403,1371.0,0.0,0.0,0.0,1,1360.0,1388.0,3,1371.0,0.0,0.0,0.0,0.0,0.0,36
2023-05-10 22:38:42,jm2403,jm2403,1371.0,0.0,0.0,0.0,1,1360.0,1388.0,1,1371.0,0.0,0.0,0.0,0.0,0.0,36
2023-05-10 22:38:45,jm2403,jm2403,1371.0,0.0,0.0,0.0,1,1360.0,1388.0,3,1371.0,0.0,0.0,0.0,0.0,0.0,36
2023-05-10 22:38:50,jm2403,jm2403,1371.0,0.0,0.0,0.0,1,1360.0,1388.0,1,1371.0,0.0,0.0,0.0,0.0,0.0,36
2023-05-10 22:39:07,jm2403,jm2403,1371.0,0.0,0.0,0.0,2,1360.5,1388.0,1,1371.0,0.0,0.0,0.0,0.0,0.0,36
2023-05-10 22:39:08,jm2403,jm2403,1371.0,0.0,0.0,0.0,1,1361.0,1388.0,1,1371.0,0.0,0.0,0.0,0.0,0.0,36
2023-05-10 22:39:20,jm2403,jm2403,1371.0,0.0,0.0,0.0,1,1361.0,1388.0,3,1371.0,0.0,0.0,0.0,0.0,0.0,36
2023-05-10 22:39:23,jm2403,jm2403,1371.0,0.0,0.0,0.0,1,1361.0,1388.0,1,1371.0,0.0,0.0,0.0,0.0,0.0,36
2023-05-10 22:39:52,jm2403,jm2403,1371.0,0.0,0.0,0.0,2,1361.5,1388.0,1,1371.0,0.0,0.0,0.0,0.0,0.0,36
2023-05-10 22:39:52,jm2403,jm2403,1371.0,0.0,0.0,0.0,1,1362.0,1388.0,1,1371.0,0.0,0.0,0.0,0.0,0.0,36
2023-05-10 22:40:36,jm2403,jm2403,1371.0,0.0,0.0,0.0,2,1362.5,1388.0,1,1371.0,0.0,0.0,0.0,0.0,0.0,36
2023-05-10 22:40:36,jm2403,jm2403,1371.0,0.0,0.0,0.0,1,1363.0,1388.0,1,1371.0,0.0,0.0,0.0,0.0,0.0,36
2023-05-10 22:41:00,jm2403,jm2403,1371.0,0.0,0.0,0.0,1,1363.0,1388.0,3,1371.0,0.0,0.0,0.0,0.0,0.0,36
2023-05-10 22:41:00,jm2403,jm2403,1371.0,0.0,0.0,0.0,1,1358.5,1388.0,3,1371.0,0.0,0.0,0.0,0.0,0.0,36
2023-05-10 22:41:01,jm2403,jm2403,1371.0,0.0,0.0,0.0,1,1359.0,1388.0,3,1371.0,0.0,0.0,0.0,0.0,0.0,36
2023-05-10 22:41:21,jm2403,jm2403,1371.0,0.0,0.0,0.0,1,1359.0,1387.5,2,1371.0,0.0,0.0,0.0,0.0,0.0,36
2023-05-10 22:41:21,jm2403,jm2403,1371.0,0.0,0.0,0.0,1,1359.0,1387.0,1,1371.0,0.0,0.0,0.0,0.0,0.0,36
2023-05-10 22:41:25,jm2403,jm2403,1371.0,0.0,0.0,0.0,1,1359.0,1386.5,2,1371.0,0.0,0.0,0.0,0.0,0.0,36
2023-05-10 22:41:25,jm2403,jm2403,1371.0,0.0,0.0,0.0,1,1359.0,1386.0,1,1371.0,0.0,0.0,0.0,0.0,0.0,36
2023-05-10 22:42:05,jm2403,jm2403,1371.0,0.0,0.0,0.0,1,1359.0,1385.5,2,1371.0,0.0,0.0,0.0,0.0,0.0,36
2023-05-10 22:42:05,jm2403,jm2403,1371.0,0.0,0.0,0.0,1,1359.0,1385.0,1,1371.0,0.0,0.0,0.0,0.0,0.0,36
2023-05-10 22:42:47,jm2403,jm2403,1371.0,0.0,0.0,0.0,2,1359.5,1385.0,1,1371.0,0.0,0.0,0.0,0.0,0.0,36
2023-05-10 22:42:48,jm2403,jm2403,1371.0,0.0,0.0,0.0,1,1360.0,1385.0,1,1371.0,0.0,0.0,0.0,0.0,0.0,36
2023-05-10 22:43:31,jm2403,jm2403,1371.0,0.0,0.0,0.0,2,1360.5,1385.0,1,1371.0,0.0,0.0,0.0,0.0,0.0,36
2023-05-10 22:43:32,jm2403,jm2403,1371.0,0.0,0.0,0.0,1,1361.0,1385.0,1,1371.0,0.0,0.0,0.0,0.0,0.0,36
2023-05-10 22:44:13,jm2403,jm2403,1371.0,0.0,0.0,0.0,1,1361.0,1384.5,2,1371.0,0.0,0.0,0.0,0.0,0.0,36
2023-05-10 22:44:13,jm2403,jm2403,1371.0,0.0,0.0,0.0,1,1361.0,1384.0,1,1371.0,0.0,0.0,0.0,0.0,0.0,36
2023-05-10 22:44:58,jm2403,jm2403,1371.0,0.0,0.0,0.0,1,1361.0,1383.5,2,1371.0,0.0,0.0,0.0,0.0,0.0,36
2023-05-10 22:44:58,jm2403,jm2403,1371.0,0.0,0.0,0.0,1,1361.0,1383.0,1,1371.0,0.0,0.0,0.0,0.0,0.0,36
2023-05-10 22:45:05,jm2403,jm2403,1371.0,0.0,0.0,0.0,1,1361.0,1383.5,2,1371.0,0.0,0.0,0.0,0.0,0.0,36
2023-05-10 22:45:05,jm2403,jm2403,1371.0,0.0,0.0,0.0,1,1361.0,1383.0,1,1371.0,0.0,0.0,0.0,0.0,0.0,36
2023-05-10 22:45:13,jm2403,jm2403,1371.0,0.0,0.0,0.0,1,1361.0,1383.5,2,1371.0,0.0,0.0,0.0,0.0,0.0,36
2023-05-10 22:45:21,jm2403,jm2403,1371.0,0.0,0.0,0.0,1,1361.0,1402.5,1,1371.0,0.0,0.0,0.0,0.0,0.0,36
2023-05-10 22:45:22,jm2403,jm2403,1371.0,0.0,0.0,0.0,1,1361.0,1402.0,1,1371.0,0.0,0.0,0.0,0.0,0.0,36
2023-05-10 22:45:22,jm2403,jm2403,1371.0,0.0,0.0,0.0,1,1361.0,1399.5,1,1371.0,0.0,0.0,0.0,0.0,0.0,36
2023-05-10 22:45:23,jm2403,jm2403,1371.0,0.0,0.0,0.0,1,1361.0,1399.0,1,1371.0,0.0,0.0,0.0,0.0,0.0,36
2023-05-10 22:45:24,jm2403,jm2403,1371.0,0.0,0.0,0.0,1,1361.0,1399.0,2,1371.0,0.0,0.0,0.0,0.0,0.0,36
2023-05-10 22:45:30,jm2403,jm2403,1371.0,0.0,0.0,0.0,1,1361.0,1396.5,1,1371.0,0.0,0.0,0.0,0.0,0.0,36
2023-05-10 22:45:30,jm2403,jm2403,1371.0,0.0,0.0,0.0,1,1361.0,1396.0,1,1371.0,0.0,0.0,0.0,0.0,0.0,36
2023-05-10 22:45:40,jm2403,jm2403,1371.0,0.0,0.0,0.0,1,1361.0,1395.5,2,1371.0,0.0,0.0,0.0,0.0,0.0,36
2023-05-10 22:45:40,jm2403,jm2403,1371.0,0.0,0.0,0.0,1,1361.0,1395.0,1,1371.0,0.0,0.0,0.0,0.0,0.0,36
2023-05-10 22:45:42,jm2403,jm2403,1371.0,0.0,0.0,0.0,1,1361.0,1395.0,3,1371.0,0.0,0.0,0.0,0.0,0.0,36
2023-05-10 22:45:57,jm2403,jm2403,1371.0,0.0,0.0,0.0,1,1361.0,1394.5,2,1371.0,0.0,0.0,0.0,0.0,0.0,36
2023-05-10 22:45:57,jm2403,jm2403,1371.0,0.0,0.0,0.0,1,1361.0,1394.0,1,1371.0,0.0,0.0,0.0,0.0,0.0,36
2023-05-10 22:46:03,jm2403,jm2403,1371.0,0.0,0.0,0.0,1,1361.0,1393.5,2,1371.0,0.0,0.0,0.0,0.0,0.0,36
2023-05-10 22:46:03,jm2403,jm2403,1371.0,0.0,0.0,0.0,1,1361.0,1393.0,1,1371.0,0.0,0.0,0.0,0.0,0.0,36
2023-05-10 22:46:21,jm2403,jm2403,1371.0,0.0,0.0,0.0,1,1361.0,1392.5,2,1371.0,0.0,0.0,0.0,0.0,0.0,36
2023-05-10 22:46:21,jm2403,jm2403,1371.0,0.0,0.0,0.0,1,1361.0,1392.0,1,1371.0,0.0,0.0,0.0,0.0,0.0,36
2023-05-10 22:46:37,jm2403,jm2403,1371.0,0.0,0.0,0.0,1,1361.0,1391.5,2,1371.0,0.0,0.0,0.0,0.0,0.0,36
2023-05-10 22:46:37,jm2403,jm2403,1371.0,0.0,0.0,0.0,1,1361.0,1391.0,1,1371.0,0.0,0.0,0.0,0.0,0.0,36
2023-05-10 22:46:57,jm2403,jm2403,1371.0,0.0,0.0,0.0,1,1361.0,1390.5,2,1371.0,0.0,0.0,0.0,0.0,0.0,36
2023-05-10 22:46:57,jm2403,jm2403,1371.0,0.0,0.0,0.0,1,1361.0,1390.0,1,1371.0,0.0,0.0,0.0,0.0,0.0,36
2023-05-10 22:47:07,jm2403,jm2403,1371.0,0.0,0.0,0.0,1,1361.0,1389.5,2,1371.0,0.0,0.0,0.0,0.0,0.0,36
2023-05-10 22:47:07,jm2403,jm2403,1371.0,0.0,0.0,0.0,1,1361.0,1389.0,1,1371.0,0.0,0.0,0.0,0.0,0.0,36
2023-05-10 22:47:26,jm2403,jm2403,1371.0,0.0,0.0,0.0,1,1361.0,1389.0,3,1371.0,0.0,0.0,0.0,0.0,0.0,36
2023-05-10 22:47:51,jm2403,jm2403,1371.0,0.0,0.0,0.0,1,1361.0,1388.5,2,1371.0,0.0,0.0,0.0,0.0,0.0,36
2023-05-10 22:47:51,jm2403,jm2403,1371.0,0.0,0.0,0.0,1,1361.0,1388.0,1,1371.0,0.0,0.0,0.0,0.0,0.0,36
2023-05-10 22:48:02,jm2403,jm2403,1371.0,0.0,0.0,0.0,1,1361.0,1388.0,3,1371.0,0.0,0.0,0.0,0.0,0.0,36
2023-05-10 22:48:05,jm2403,jm2403,1371.0,0.0,0.0,0.0,1,1361.0,1388.0,1,1371.0,0.0,0.0,0.0,0.0,0.0,36
2023-05-10 22:48:08,jm2403,jm2403,1371.0,0.0,0.0,0.0,1,1361.0,1388.0,3,1371.0,0.0,0.0,0.0,0.0,0.0,36
2023-05-10 22:48:12,jm2403,jm2403,1371.0,0.0,0.0,0.0,1,1361.0,1388.0,1,1371.0,0.0,0.0,0.0,0.0,0.0,36
2023-05-10 22:48:16,jm2403,jm2403,1371.0,0.0,0.0,0.0,1,1361.0,1387.5,2,1371.0,0.0,0.0,0.0,0.0,0.0,36
2023-05-10 22:48:16,jm2403,jm2403,1371.0,0.0,0.0,0.0,1,1361.0,1387.0,1,1371.0,0.0,0.0,0.0,0.0,0.0,36
2023-05-10 22:48:34,jm2403,jm2403,1371.0,0.0,0.0,0.0,1,1361.0,1386.5,2,1371.0,0.0,0.0,0.0,0.0,0.0,36
2023-05-10 22:48:34,jm2403,jm2403,1371.0,0.0,0.0,0.0,1,1361.0,1386.0,1,1371.0,0.0,0.0,0.0,0.0,0.0,36
2023-05-10 22:49:17,jm2403,jm2403,1371.0,0.0,0.0,0.0,1,1361.0,1385.5,2,1371.0,0.0,0.0,0.0,0.0,0.0,36
2023-05-10 22:49:17,jm2403,jm2403,1371.0,0.0,0.0,0.0,1,1361.0,1385.0,1,1371.0,0.0,0.0,0.0,0.0,0.0,36
2023-05-10 22:49:59,jm2403,jm2403,1371.0,0.0,0.0,0.0,1,1361.0,1384.5,2,1371.0,0.0,0.0,0.0,0.0,0.0,36
2023-05-10 22:49:59,jm2403,jm2403,1371.0,0.0,0.0,0.0,1,1361.0,1384.0,1,1371.0,0.0,0.0,0.0,0.0,0.0,36
2023-05-10 22:50:40,jm2403,jm2403,1371.0,0.0,0.0,0.0,1,1361.0,1383.5,2,1371.0,0.0,0.0,0.0,0.0,0.0,36
2023-05-10 22:50:40,jm2403,jm2403,1371.0,0.0,0.0,0.0,1,1361.0,1383.0,1,1371.0,0.0,0.0,0.0,0.0,0.0,36
2023-05-10 22:50:43,jm2403,jm2403,1371.0,0.0,0.0,0.0,1,1361.0,1383.5,2,1371.0,0.0,0.0,0.0,0.0,0.0,36
2023-05-10 22:50:51,jm2403,jm2403,1371.0,0.0,0.0,0.0,1,1361.0,1396.5,1,1371.0,0.0,0.0,0.0,0.0,0.0,36
2023-05-10 22:50:51,jm2403,jm2403,1371.0,0.0,0.0,0.0,1,1361.0,1396.0,1,1371.0,0.0,0.0,0.0,0.0,0.0,36
2023-05-10 22:50:52,jm2403,jm2403,1371.0,0.0,0.0,0.0,1,1361.0,1396.0,3,1371.0,0.0,0.0,0.0,0.0,0.0,36
2023-05-10 22:51:08,jm2403,jm2403,1371.0,0.0,0.0,0.0,1,1361.0,1396.0,4,1371.0,0.0,0.0,0.0,0.0,0.0,36
2023-05-10 22:51:10,jm2403,jm2403,1371.0,0.0,0.0,0.0,1,1350.0,1396.0,4,1371.0,0.0,0.0,0.0,0.0,0.0,36
2023-05-10 22:51:11,jm2403,jm2403,1371.0,0.0,0.0,0.0,1,1352.5,1396.0,4,1371.0,0.0,0.0,0.0,0.0,0.0,36
2023-05-10 22:51:11,jm2403,jm2403,1371.0,0.0,0.0,0.0,1,1353.0,1396.0,4,1371.0,0.0,0.0,0.0,0.0,0.0,36
2023-05-10 22:51:12,jm2403,jm2403,1371.0,0.0,0.0,0.0,1,1355.5,1396.0,4,1371.0,0.0,0.0,0.0,0.0,0.0,36
2023-05-10 22:51:12,jm2403,jm2403,1371.0,0.0,0.0,0.0,1,1356.0,1396.0,4,1371.0,0.0,0.0,0.0,0.0,0.0,36
2023-05-10 22:51:18,jm2403,jm2403,1371.0,0.0,0.0,0.0,1,1356.0,1393.5,1,1371.0,0.0,0.0,0.0,0.0,0.0,36
2023-05-10 22:51:18,jm2403,jm2403,1371.0,0.0,0.0,0.0,1,1356.0,1393.0,1,1371.0,0.0,0.0,0.0,0.0,0.0,36
2023-05-10 22:51:22,jm2403,jm2403,1371.0,0.0,0.0,0.0,1,1356.0,1392.5,2,1371.0,0.0,0.0,0.0,0.0,0.0,36
2023-05-10 22:51:22,jm2403,jm2403,1371.0,0.0,0.0,0.0,1,1356.0,1392.0,1,1371.0,0.0,0.0,0.0,0.0,0.0,36
2023-05-10 22:51:39,jm2403,jm2403,1371.0,0.0,0.0,0.0,1,1356.0,1391.5,2,1371.0,0.0,0.0,0.0,0.0,0.0,36
2023-05-10 22:51:39,jm2403,jm2403,1371.0,0.0,0.0,0.0,1,1356.0,1391.0,1,1371.0,0.0,0.0,0.0,0.0,0.0,36
2023-05-10 22:52:00,jm2403,jm2403,1371.0,0.0,0.0,0.0,1,1356.0,1390.5,2,1371.0,0.0,0.0,0.0,0.0,0.0,36
2023-05-10 22:52:00,jm2403,jm2403,1371.0,0.0,0.0,0.0,1,1356.0,1390.0,1,1371.0,0.0,0.0,0.0,0.0,0.0,36
2023-05-10 22:52:06,jm2403,jm2403,1371.0,0.0,0.0,0.0,1,1356.0,1389.5,2,1371.0,0.0,0.0,0.0,0.0,0.0,36
2023-05-10 22:52:06,jm2403,jm2403,1371.0,0.0,0.0,0.0,1,1356.0,1389.0,1,1371.0,0.0,0.0,0.0,0.0,0.0,36
2023-05-10 22:52:08,jm2403,jm2403,1371.0,0.0,0.0,0.0,1,1356.0,1389.5,2,1371.0,0.0,0.0,0.0,0.0,0.0,36
2023-05-10 22:52:17,jm2403,jm2403,1371.0,0.0,0.0,0.0,1,1356.0,1389.0,2,1371.0,0.0,0.0,0.0,0.0,0.0,36
2023-05-10 22:52:17,jm2403,jm2403,1371.0,0.0,0.0,0.0,1,1358.5,1389.0,2,1371.0,0.0,0.0,0.0,0.0,0.0,36
2023-05-10 22:52:18,jm2403,jm2403,1371.0,0.0,0.0,0.0,1,1359.0,1389.0,2,1371.0,0.0,0.0,0.0,0.0,0.0,36
2023-05-10 22:52:35,jm2403,jm2403,1371.0,0.0,0.0,0.0,1,1359.0,1389.5,2,1371.0,0.0,0.0,0.0,0.0,0.0,36
2023-05-10 22:52:37,jm2403,jm2403,1371.0,0.0,0.0,0.0,1,1359.0,1389.5,4,1371.0,0.0,0.0,0.0,0.0,0.0,36
2023-05-10 22:53:26,jm2403,jm2403,1371.0,0.0,0.0,0.0,1,1359.0,1402.5,1,1371.0,0.0,0.0,0.0,0.0,0.0,36
2023-05-10 22:53:27,jm2403,jm2403,1371.0,0.0,0.0,0.0,1,1359.0,1402.0,1,1371.0,0.0,0.0,0.0,0.0,0.0,36
2023-05-10 22:53:28,jm2403,jm2403,1371.0,0.0,0.0,0.0,1,1359.0,1399.5,1,1371.0,0.0,0.0,0.0,0.0,0.0,36
2023-05-10 22:53:29,jm2403,jm2403,1371.0,0.0,0.0,0.0,1,1359.0,1399.0,2,1371.0,0.0,0.0,0.0,0.0,0.0,36
2023-05-10 22:53:30,jm2403,jm2403,1371.0,0.0,0.0,0.0,1,1361.5,1399.0,2,1371.0,0.0,0.0,0.0,0.0,0.0,36
2023-05-10 22:53:30,jm2403,jm2403,1371.0,0.0,0.0,0.0,1,1362.0,1399.0,2,1371.0,0.0,0.0,0.0,0.0,0.0,36
2023-05-10 22:53:36,jm2403,jm2403,1371.0,0.0,0.0,0.0,1,1362.0,1398.5,2,1371.0,0.0,0.0,0.0,0.0,0.0,36
2023-05-10 22:53:47,jm2403,jm2403,1371.0,0.0,0.0,0.0,1,1362.0,1398.0,2,1371.0,0.0,0.0,0.0,0.0,0.0,36
2023-05-10 22:55:02,jm2403,jm2403,1371.0,0.0,0.0,0.0,1,1362.0,1397.5,2,1371.0,0.0,0.0,0.0,0.0,0.0,36
2023-05-10 22:55:05,jm2403,jm2403,1371.0,0.0,0.0,0.0,1,1362.0,1397.0,2,1371.0,0.0,0.0,0.0,0.0,0.0,36
2023-05-10 22:55:47,jm2403,jm2403,1371.0,0.0,0.0,0.0,1,1362.0,1396.5,2,1371.0,0.0,0.0,0.0,0.0,0.0,36
2023-05-10 22:55:51,jm2403,jm2403,1371.0,0.0,0.0,0.0,1,1362.0,1396.0,2,1371.0,0.0,0.0,0.0,0.0,0.0,36
2023-05-10 22:56:31,jm2403,jm2403,1371.0,0.0,0.0,0.0,1,1362.0,1395.5,2,1371.0,0.0,0.0,0.0,0.0,0.0,36
2023-05-10 22:56:37,jm2403,jm2403,1371.0,0.0,0.0,0.0,1,1362.0,1395.0,2,1371.0,0.0,0.0,0.0,0.0,0.0,36
2023-05-10 22:57:39,jm2403,jm2403,1371.0,0.0,0.0,0.0,1,1350.0,1395.0,2,1371.0,0.0,0.0,0.0,0.0,0.0,36
2023-05-10 22:57:40,jm2403,jm2403,1371.0,0.0,0.0,0.0,1,1352.5,1395.0,2,1371.0,0.0,0.0,0.0,0.0,0.0,36
2023-05-10 22:57:40,jm2403,jm2403,1371.0,0.0,0.0,0.0,1,1353.0,1395.0,2,1371.0,0.0,0.0,0.0,0.0,0.0,36
2023-05-10 22:57:41,jm2403,jm2403,1371.0,0.0,0.0,0.0,1,1355.5,1395.0,2,1371.0,0.0,0.0,0.0,0.0,0.0,36
2023-05-10 22:57:41,jm2403,jm2403,1371.0,0.0,0.0,0.0,1,1356.0,1395.0,2,1371.0,0.0,0.0,0.0,0.0,0.0,36
2023-05-10 22:57:42,jm2403,jm2403,1371.0,0.0,0.0,0.0,1,1358.5,1395.0,2,1371.0,0.0,0.0,0.0,0.0,0.0,36
2023-05-10 22:57:42,jm2403,jm2403,1371.0,0.0,0.0,0.0,1,1359.0,1395.0,2,1371.0,0.0,0.0,0.0,0.0,0.0,36
2023-05-10 22:57:57,jm2403,jm2403,1371.0,0.0,0.0,0.0,1,1359.0,1394.5,2,1371.0,0.0,0.0,0.0,0.0,0.0,36
2023-05-10 22:58:00,jm2403,jm2403,1371.0,0.0,0.0,0.0,1,1359.0,1394.0,2,1371.0,0.0,0.0,0.0,0.0,0.0,36
2023-05-10 22:58:41,jm2403,jm2403,1371.0,0.0,0.0,0.0,1,1359.0,1393.5,2,1371.0,0.0,0.0,0.0,0.0,0.0,36
2023-05-10 22:58:46,jm2403,jm2403,1371.0,0.0,0.0,0.0,1,1359.0,1393.0,2,1371.0,0.0,0.0,0.0,0.0,0.0,36
2023-05-10 22:59:02,jm2403,jm2403,1371.0,0.0,0.0,0.0,1,1359.0,1393.5,2,1371.0,0.0,0.0,0.0,0.0,0.0,36
2023-05-10 22:59:39,jm2403,jm2403,1371.0,0.0,0.0,0.0,1,1350.0,1393.5,2,1371.0,0.0,0.0,0.0,0.0,0.0,36
2023-05-10 22:59:40,jm2403,jm2403,1371.0,0.0,0.0,0.0,1,1352.5,1393.5,2,1371.0,0.0,0.0,0.0,0.0,0.0,36
2023-05-10 22:59:47,jm2403,jm2403,1371.0,0.0,0.0,0.0,1,1350.0,1393.5,2,1371.0,0.0,0.0,0.0,0.0,0.0,36
2023-05-10 22:59:48,jm2403,jm2403,1371.0,0.0,0.0,0.0,1,1350.0,1405.0,1,1371.0,0.0,0.0,0.0,0.0,0.0,36
2023-05-10 22:59:50,jm2403,jm2403,1371.0,0.0,0.0,0.0,1,1350.0,1404.5,1,1371.0,0.0,0.0,0.0,0.0,0.0,36
2023-05-10 22:59:51,jm2403,jm2403,1371.0,0.0,0.0,0.0,1,1350.0,1405.0,1,1371.0,0.0,0.0,0.0,0.0,0.0,36
2023-05-11 09:00:00,jm2403,jm2403,1371.0,0.0,0.0,0.0,1,1352.5,1402.5,1,1371.0,0.0,0.0,0.0,0.0,0.0,36
2023-05-11 09:00:03,jm2403,jm2403,1371.0,0.0,0.0,0.0,1,1352.5,1402.0,1,1371.0,0.0,0.0,0.0,0.0,0.0,36
2023-05-11 09:00:04,jm2403,jm2403,1371.0,0.0,0.0,0.0,1,1352.5,1399.5,1,1371.0,0.0,0.0,0.0,0.0,0.0,36
2023-05-11 09:00:14,jm2403,jm2403,1371.0,0.0,0.0,0.0,1,1352.5,1399.5,2,1371.0,0.0,0.0,0.0,0.0,0.0,36
2023-05-11 09:00:15,jm2403,jm2403,1371.0,0.0,0.0,0.0,1,1352.5,1399.0,1,1371.0,0.0,0.0,0.0,0.0,0.0,36
2023-05-11 09:00:15,jm2403,jm2403,1371.0,0.0,0.0,0.0,1,1352.5,1396.5,1,1371.0,0.0,0.0,0.0,0.0,0.0,36
2023-05-11 09:00:16,jm2403,jm2403,1371.0,0.0,0.0,0.0,1,1352.5,1396.0,1,1371.0,0.0,0.0,0.0,0.0,0.0,36
2023-05-11 09:00:19,jm2403,jm2403,1371.0,0.0,0.0,0.0,2,1353.0,1396.0,1,1371.0,0.0,0.0,0.0,0.0,0.0,36
2023-05-11 09:00:20,jm2403,jm2403,1371.0,0.0,0.0,0.0,1,1355.5,1396.0,1,1371.0,0.0,0.0,0.0,0.0,0.0,36
2023-05-11 09:01:04,jm2403,jm2403,1371.0,0.0,0.0,0.0,2,1356.0,1396.0,1,1371.0,0.0,0.0,0.0,0.0,0.0,36
2023-05-11 09:01:04,jm2403,jm2403,1371.0,0.0,0.0,0.0,1,1358.5,1396.0,1,1371.0,0.0,0.0,0.0,0.0,0.0,36
2023-05-11 09:01:17,jm2403,jm2403,1371.0,0.0,0.0,0.0,2,1358.5,1396.0,1,1371.0,0.0,0.0,0.0,0.0,0.0,36
2023-05-11 09:01:19,jm2403,jm2403,1371.0,0.0,0.0,0.0,1,1358.5,1396.0,1,1371.0,0.0,0.0,0.0,0.0,0.0,36
2023-05-11 09:01:48,jm2403,jm2403,1371.0,0.0,0.0,0.0,1,1358.5,1395.5,2,1371.0,0.0,0.0,0.0,0.0,0.0,36
2023-05-11 09:01:49,jm2403,jm2403,1371.0,0.0,0.0,0.0,1,1358.5,1395.0,1,1371.0,0.0,0.0,0.0,0.0,0.0,36
2023-05-11 09:02:33,jm2403,jm2403,1371.0,0.0,0.0,0.0,2,1359.0,1395.0,1,1371.0,0.0,0.0,0.0,0.0,0.0,36
2023-05-11 09:02:37,jm2403,jm2403,1371.0,0.0,0.0,0.0,1,1358.5,1395.0,1,1371.0,0.0,0.0,0.0,0.0,0.0,36
2023-05-11 09:03:17,jm2403,jm2403,1371.0,0.0,0.0,0.0,2,1359.0,1395.0,1,1371.0,0.0,0.0,0.0,0.0,0.0,36
2023-05-11 09:03:17,jm2403,jm2403,1371.0,0.0,0.0,0.0,1,1361.5,1395.0,1,1371.0,0.0,0.0,0.0,0.0,0.0,36
2023-05-11 09:03:18,jm2403,jm2403,1371.0,0.0,0.0,0.0,1,1361.5,1394.5,2,1371.0,0.0,0.0,0.0,0.0,0.0,36
2023-05-11 09:03:19,jm2403,jm2403,1371.0,0.0,0.0,0.0,1,1361.5,1394.0,1,1371.0,0.0,0.0,0.0,0.0,0.0,36
2023-05-11 09:03:35,jm2403,jm2403,1371.0,0.0,0.0,0.0,1,1361.5,1393.5,2,1371.0,0.0,0.0,0.0,0.0,0.0,36
2023-05-11 09:03:35,jm2403,jm2403,1371.0,0.0,0.0,0.0,1,1361.5,1393.0,1,1371.0,0.0,0.0,0.0,0.0,0.0,36
2023-05-11 09:03:45,jm2403,jm2403,1371.0,0.0,0.0,0.0,1,1350.0,1393.0,1,1371.0,0.0,0.0,0.0,0.0,0.0,36
2023-05-11 09:03:45,jm2403,jm2403,1371.0,0.0,0.0,0.0,1,1352.5,1393.0,1,1371.0,0.0,0.0,0.0,0.0,0.0,36
2023-05-11 09:03:46,jm2403,jm2403,1371.0,0.0,0.0,0.0,1,1353.0,1393.0,1,1371.0,0.0,0.0,0.0,0.0,0.0,36
2023-05-11 09:03:46,jm2403,jm2403,1371.0,0.0,0.0,0.0,1,1355.5,1393.0,1,1371.0,0.0,0.0,0.0,0.0,0.0,36
2023-05-11 09:03:47,jm2403,jm2403,1371.0,0.0,0.0,0.0,1,1356.0,1393.0,1,1371.0,0.0,0.0,0.0,0.0,0.0,36
2023-05-11 09:03:47,jm2403,jm2403,1371.0,0.0,0.0,0.0,1,1358.5,1393.0,1,1371.0,0.0,0.0,0.0,0.0,0.0,36
2023-05-11 09:03:53,jm2403,jm2403,1371.0,0.0,0.0,0.0,1,1358.5,1392.5,2,1371.0,0.0,0.0,0.0,0.0,0.0,36
2023-05-11 09:03:53,jm2403,jm2403,1371.0,0.0,0.0,0.0,1,1358.5,1392.0,1,1371.0,0.0,0.0,0.0,0.0,0.0,36
2023-05-11 09:04:02,jm2403,jm2403,1371.0,0.0,0.0,0.0,1,1358.5,1391.5,2,1371.0,0.0,0.0,0.0,0.0,0.0,36
2023-05-11 09:04:02,jm2403,jm2403,1371.0,0.0,0.0,0.0,1,1358.5,1391.0,1,1371.0,0.0,0.0,0.0,0.0,0.0,36
2023-05-11 09:04:02,jm2403,jm2403,1371.0,0.0,0.0,0.0,1,1358.5,1391.0,3,1371.0,0.0,0.0,0.0,0.0,0.0,36
2023-05-11 09:04:07,jm2403,jm2403,1371.0,0.0,0.0,0.0,1,1358.5,1391.0,1,1371.0,0.0,0.0,0.0,0.0,0.0,36
2023-05-11 09:04:09,jm2403,jm2403,1371.0,0.0,0.0,0.0,1,1358.5,1390.5,2,1371.0,0.0,0.0,0.0,0.0,0.0,36
2023-05-11 09:04:10,jm2403,jm2403,1371.0,0.0,0.0,0.0,1,1358.5,1390.0,1,1371.0,0.0,0.0,0.0,0.0,0.0,36
2023-05-11 09:04:35,jm2403,jm2403,1371.0,0.0,0.0,0.0,1,1358.5,1390.0,3,1371.0,0.0,0.0,0.0,0.0,0.0,36
2023-05-11 09:04:47,jm2403,jm2403,1371.0,0.0,0.0,0.0,2,1359.0,1390.0,3,1371.0,0.0,0.0,0.0,0.0,0.0,36
2023-05-11 09:05:03,jm2403,jm2403,1371.0,0.0,0.0,0.0,1,1358.5,1390.0,3,1371.0,0.0,0.0,0.0,0.0,0.0,36
2023-05-11 09:05:03,jm2403,jm2403,1371.0,0.0,0.0,0.0,1,1350.0,1390.0,3,1371.0,0.0,0.0,0.0,0.0,0.0,36
2023-05-11 09:05:04,jm2403,jm2403,1371.0,0.0,0.0,0.0,1,1352.5,1390.0,3,1371.0,0.0,0.0,0.0,0.0,0.0,36
2023-05-11 09:05:04,jm2403,jm2403,1371.0,0.0,0.0,0.0,1,1353.0,1390.0,3,1371.0,0.0,0.0,0.0,0.0,0.0,36
2023-05-11 09:05:05,jm2403,jm2403,1371.0,0.0,0.0,0.0,1,1355.5,1390.0,3,1371.0,0.0,0.0,0.0,0.0,0.0,36
2023-05-11 09:05:30,jm2403,jm2403,1371.0,0.0,0.0,0.0,2,1355.5,1390.0,3,1371.0,0.0,0.0,0.0,0.0,0.0,36
2023-05-11 09:05:30,jm2403,jm2403,1371.0,0.0,0.0,0.0,1,1355.5,1390.0,3,1371.0,0.0,0.0,0.0,0.0,0.0,36
2023-05-11 09:05:31,jm2403,jm2403,1371.0,0.0,0.0,0.0,2,1356.0,1390.0,3,1371.0,0.0,0.0,0.0,0.0,0.0,36
2023-05-11 09:05:31,jm2403,jm2403,1371.0,0.0,0.0,0.0,1,1358.5,1390.0,3,1371.0,0.0,0.0,0.0,0.0,0.0,36
2023-05-11 09:06:14,jm2403,jm2403,1371.0,0.0,0.0,0.0,1,1350.0,1390.0,3,1371.0,0.0,0.0,0.0,0.0,0.0,36
2023-05-11 09:06:14,jm2403,jm2403,1371.0,0.0,0.0,0.0,1,1352.5,1389.5,2,1371.0,0.0,0.0,0.0,0.0,0.0,36
2023-05-11 09:06:15,jm2403,jm2403,1371.0,0.0,0.0,0.0,1,1352.5,1389.0,1,1371.0,0.0,0.0,0.0,0.0,0.0,36
2023-05-11 09:06:17,jm2403,jm2403,1371.0,0.0,0.0,0.0,1,1352.5,1388.5,2,1371.0,0.0,0.0,0.0,0.0,0.0,36
2023-05-11 09:06:20,jm2403,jm2403,1371.0,0.0,0.0,0.0,1,1352.5,1388.0,1,1371.0,0.0,0.0,0.0,0.0,0.0,36
2023-05-11 09:06:30,jm2403,jm2403,1371.0,0.0,0.0,0.0,2,1352.5,1388.0,1,1371.0,0.0,0.0,0.0,0.0,0.0,36
2023-05-11 09:06:30,jm2403,jm2403,1371.0,0.0,0.0,0.0,1,1352.5,1388.0,1,1371.0,0.0,0.0,0.0,0.0,0.0,36
2023-05-11 09:06:32,jm2403,jm2403,1371.0,0.0,0.0,0.0,2,1352.5,1388.0,1,1371.0,0.0,0.0,0.0,0.0,0.0,36
2023-05-11 09:06:33,jm2403,jm2403,1371.0,0.0,0.0,0.0,2,1352.5,1387.5,2,1371.0,0.0,0.0,0.0,0.0,0.0,36
2023-05-11 09:06:33,jm2403,jm2403,1371.0,0.0,0.0,0.0,2,1352.5,1387.0,1,1371.0,0.0,0.0,0.0,0.0,0.0,36
2023-05-11 09:06:37,jm2403,jm2403,1371.0,0.0,0.0,0.0,1,1352.5,1387.0,1,1371.0,0.0,0.0,0.0,0.0,0.0,36
2023-05-11 09:06:50,jm2403,jm2403,1371.0,0.0,0.0,0.0,1,1352.5,1386.5,2,1371.0,0.0,0.0,0.0,0.0,0.0,36
2023-05-11 09:06:50,jm2403,jm2403,1371.0,0.0,0.0,0.0,1,1352.5,1386.0,1,1371.0,0.0,0.0,0.0,0.0,0.0,36
2023-05-11 09:06:58,jm2403,jm2403,1371.0,0.0,0.0,0.0,1,1353.0,1386.0,1,1371.0,0.0,0.0,0.0,0.0,0.0,36
2023-05-11 09:06:59,jm2403,jm2403,1371.0,0.0,0.0,0.0,3,1353.0,1386.0,1,1371.0,0.0,0.0,0.0,0.0,0.0,36
2023-05-11 09:07:02,jm2403,jm2403,1371.0,0.0,0.0,0.0,2,1353.0,1385.5,2,1371.0,0.0,0.0,0.0,0.0,0.0,36
2023-05-11 09:07:02,jm2403,jm2403,1371.0,0.0,0.0,0.0,2,1353.0,1385.0,1,1371.0,0.0,0.0,0.0,0.0,0.0,36
2023-05-11 09:07:08,jm2403,jm2403,1371.0,0.0,0.0,0.0,1,1352.5,1385.0,1,1371.0,0.0,0.0,0.0,0.0,0.0,36
2023-05-11 09:07:17,jm2403,jm2403,1371.0,0.0,0.0,0.0,1,1352.5,1384.5,2,1371.0,0.0,0.0,0.0,0.0,0.0,36
2023-05-11 09:07:18,jm2403,jm2403,1371.0,0.0,0.0,0.0,1,1352.5,1384.0,1,1371.0,0.0,0.0,0.0,0.0,0.0,36
2023-05-11 09:07:33,jm2403,jm2403,1371.0,0.0,0.0,0.0,1,1352.5,1383.5,2,1371.0,0.0,0.0,0.0,0.0,0.0,36
2023-05-11 09:07:33,jm2403,jm2403,1371.0,0.0,0.0,0.0,1,1352.5,1383.0,1,1371.0,0.0,0.0,0.0,0.0,0.0,36
2023-05-11 09:07:43,jm2403,jm2403,1371.0,0.0,0.0,0.0,2,1353.0,1383.0,1,1371.0,0.0,0.0,0.0,0.0,0.0,36
2023-05-11 09:07:49,jm2403,jm2403,1371.0,0.0,0.0,0.0,2,1353.0,1382.5,2,1371.0,0.0,0.0,0.0,0.0,0.0,36
2023-05-11 09:07:49,jm2403,jm2403,1371.0,0.0,0.0,0.0,2,1353.0,1382.0,1,1371.0,0.0,0.0,0.0,0.0,0.0,36
2023-05-11 09:08:05,jm2403,jm2403,1371.0,0.0,0.0,0.0,3,1353.0,1382.0,1,1371.0,0.0,0.0,0.0,0.0,0.0,36
2023-05-11 09:08:07,jm2403,jm2403,1371.0,0.0,0.0,0.0,1,1355.5,1382.0,1,1371.0,0.0,0.0,0.0,0.0,0.0,36
2023-05-11 09:08:08,jm2403,jm2403,1371.0,0.0,0.0,0.0,2,1353.0,1382.0,1,1371.0,0.0,0.0,0.0,0.0,0.0,36
2023-05-11 09:08:35,jm2403,jm2403,1371.0,0.0,0.0,0.0,3,1353.0,1382.0,1,1371.0,0.0,0.0,0.0,0.0,0.0,36
2023-05-11 09:08:40,jm2403,jm2403,1371.0,0.0,0.0,0.0,2,1353.0,1382.0,1,1371.0,0.0,0.0,0.0,0.0,0.0,36
2023-05-11 09:08:51,jm2403,jm2403,1371.0,0.0,0.0,0.0,2,1353.0,1382.0,3,1371.0,0.0,0.0,0.0,0.0,0.0,36
2023-05-11 09:08:55,jm2403,jm2403,1371.0,0.0,0.0,0.0,2,1353.0,1382.0,1,1371.0,0.0,0.0,0.0,0.0,0.0,36
