time,symbol_id,symbol_name,last,trade_volume,trade_amount,open_interest_change,bv1,bp1,ap1,av1,yesterday_close,today_open,today_high,today_low,volume,amount,open_interest
2023-05-09 20:59:00,ag2404,ag2404,5829.0,0.0,0.0,0.0,1,5804.0,5825.0,1,5829.0,5812.0,0.0,0.0,0.0,0.0,1545
2023-05-09 21:00:00,ag2404,ag2404,5829.0,0.0,0.0,0.0,1,5805.0,5824.0,2,5829.0,5812.0,0.0,0.0,0.0,0.0,1545
2023-05-09 21:00:01,ag2404,ag2404,5829.0,0.0,0.0,0.0,1,5808.0,5824.0,2,5829.0,5812.0,0.0,0.0,0.0,0.0,1545
2023-05-09 21:00:01,ag2404,ag2404,5829.0,0.0,0.0,0.0,1,5809.0,5824.0,2,5829.0,5812.0,0.0,0.0,0.0,0.0,1545
2023-05-09 21:00:02,ag2404,ag2404,5829.0,0.0,0.0,0.0,1,5811.0,5821.0,1,5829.0,5812.0,0.0,0.0,0.0,0.0,1545
2023-05-09 21:00:02,ag2404,ag2404,5829.0,0.0,0.0,0.0,1,5811.0,5821.0,1,5829.0,5812.0,0.0,0.0,0.0,0.0,1545
2023-05-09 21:00:04,ag2404,ag2404,5829.0,0.0,0.0,0.0,1,5811.0,5820.0,1,5829.0,5812.0,0.0,0.0,0.0,0.0,1545
2023-05-09 21:00:05,ag2404,ag2404,5829.0,0.0,0.0,0.0,1,5812.0,5821.0,1,5829.0,5812.0,0.0,0.0,0.0,0.0,1545
2023-05-09 21:00:06,ag2404,ag2404,5829.0,0.0,0.0,0.0,1,5812.0,5820.0,1,5829.0,5812.0,0.0,0.0,0.0,0.0,1545
2023-05-09 21:00:07,ag2404,ag2404,5829.0,0.0,0.0,0.0,1,5811.0,5820.0,1,5829.0,5812.0,0.0,0.0,0.0,0.0,1545
2023-05-09 21:00:07,ag2404,ag2404,5829.0,0.0,0.0,0.0,1,5813.0,5820.0,1,5829.0,5812.0,0.0,0.0,0.0,0.0,1545
2023-05-09 21:00:08,ag2404,ag2404,5829.0,0.0,0.0,0.0,2,5812.0,5820.0,1,5829.0,5812.0,0.0,0.0,0.0,0.0,1545
2023-05-09 21:00:08,ag2404,ag2404,5829.0,0.0,0.0,0.0,1,5813.0,5820.0,1,5829.0,5812.0,0.0,0.0,0.0,0.0,1545
2023-05-09 21:00:09,ag2404,ag2404,5829.0,0.0,0.0,0.0,1,5813.0,5820.0,1,5829.0,5812.0,0.0,0.0,0.0,0.0,1545
2023-05-09 21:00:10,ag2404,ag2404,5829.0,0.0,0.0,0.0,1,5813.0,5820.0,1,5829.0,5812.0,0.0,0.0,0.0,0.0,1545
2023-05-09 21:00:11,ag2404,ag2404,5829.0,0.0,0.0,0.0,2,5812.0,5833.0,1,5829.0,5812.0,0.0,0.0,0.0,0.0,1545
2023-05-09 21:00:11,ag2404,ag2404,5829.0,0.0,0.0,0.0,1,5814.0,5829.0,2,5829.0,5812.0,0.0,0.0,0.0,0.0,1545
2023-05-09 21:00:12,ag2404,ag2404,5829.0,0.0,0.0,0.0,1,5814.0,5829.0,1,5829.0,5812.0,0.0,0.0,0.0,0.0,1545
2023-05-09 21:00:12,ag2404,ag2404,5829.0,0.0,0.0,0.0,1,5814.0,5828.0,1,5829.0,5812.0,0.0,0.0,0.0,0.0,1545
2023-05-09 21:00:13,ag2404,ag2404,5829.0,0.0,0.0,0.0,1,5814.0,5828.0,7,5829.0,5812.0,0.0,0.0,0.0,0.0,1545
2023-05-09 21:00:13,ag2404,ag2404,5829.0,0.0,0.0,0.0,1,5814.0,5828.0,6,5829.0,5812.0,0.0,0.0,0.0,0.0,1545
2023-05-09 21:00:14,ag2404,ag2404,5829.0,0.0,0.0,0.0,1,5814.0,5827.0,2,5829.0,5812.0,0.0,0.0,0.0,0.0,1545
2023-05-09 21:00:14,ag2404,ag2404,5829.0,0.0,0.0,0.0,1,5811.0,5827.0,2,5829.0,5812.0,0.0,0.0,0.0,0.0,1545
2023-05-09 21:00:15,ag2404,ag2404,5829.0,0.0,0.0,0.0,1,5812.0,5826.0,6,5829.0,5812.0,0.0,0.0,0.0,0.0,1545
2023-05-09 21:00:15,ag2404,ag2404,5829.0,0.0,0.0,0.0,1,5812.0,5826.0,6,5829.0,5812.0,0.0,0.0,0.0,0.0,1545
2023-05-09 21:00:16,ag2404,ag2404,5829.0,0.0,0.0,0.0,1,5811.0,5825.0,3,5829.0,5812.0,0.0,0.0,0.0,0.0,1545
2023-05-09 21:00:16,ag2404,ag2404,5829.0,0.0,0.0,0.0,1,5811.0,5825.0,3,5829.0,5812.0,0.0,0.0,0.0,0.0,1545
2023-05-09 21:00:17,ag2404,ag2404,5829.0,0.0,0.0,0.0,1,5811.0,5824.0,6,5829.0,5812.0,0.0,0.0,0.0,0.0,1545
2023-05-09 21:00:17,ag2404,ag2404,5829.0,0.0,0.0,0.0,1,5812.0,5824.0,6,5829.0,5812.0,0.0,0.0,0.0,0.0,1545
2023-05-09 21:00:18,ag2404,ag2404,5829.0,0.0,0.0,0.0,1,5812.0,5824.0,6,5829.0,5812.0,0.0,0.0,0.0,0.0,1545
2023-05-09 21:00:18,ag2404,ag2404,5829.0,0.0,0.0,0.0,1,5812.0,5823.0,1,5829.0,5812.0,0.0,0.0,0.0,0.0,1545
2023-05-09 21:00:19,ag2404,ag2404,5829.0,0.0,0.0,0.0,1,5812.0,5823.0,1,5829.0,5812.0,0.0,0.0,0.0,0.0,1545
2023-05-09 21:00:20,ag2404,ag2404,5829.0,0.0,0.0,0.0,1,5812.0,5823.0,1,5829.0,5812.0,0.0,0.0,0.0,0.0,1545
2023-05-09 21:00:21,ag2404,ag2404,5829.0,0.0,0.0,0.0,1,5812.0,5827.0,1,5829.0,5812.0,0.0,0.0,0.0,0.0,1545
2023-05-09 21:00:22,ag2404,ag2404,5829.0,0.0,0.0,0.0,1,5809.0,5824.0,2,5829.0,5812.0,0.0,0.0,0.0,0.0,1545
2023-05-09 21:00:22,ag2404,ag2404,5829.0,0.0,0.0,0.0,1,5810.0,5824.0,1,5829.0,5812.0,0.0,0.0,0.0,0.0,1545
2023-05-09 21:00:23,ag2404,ag2404,5829.0,0.0,0.0,0.0,1,5810.0,5823.0,7,5829.0,5812.0,0.0,0.0,0.0,0.0,1545
2023-05-09 21:00:23,ag2404,ag2404,5829.0,0.0,0.0,0.0,1,5810.0,5823.0,7,5829.0,5812.0,0.0,0.0,0.0,0.0,1545
2023-05-09 21:00:24,ag2404,ag2404,5829.0,0.0,0.0,0.0,1,5810.0,5822.0,1,5829.0,5812.0,0.0,0.0,0.0,0.0,1545
2023-05-09 21:00:24,ag2404,ag2404,5829.0,0.0,0.0,0.0,1,5810.0,5822.0,1,5829.0,5812.0,0.0,0.0,0.0,0.0,1545
2023-05-09 21:00:25,ag2404,ag2404,5829.0,0.0,0.0,0.0,1,5810.0,5822.0,1,5829.0,5812.0,0.0,0.0,0.0,0.0,1545
2023-05-09 21:00:26,ag2404,ag2404,5829.0,0.0,0.0,0.0,1,5810.0,5822.0,1,5829.0,5812.0,0.0,0.0,0.0,0.0,1545
2023-05-09 21:00:26,ag2404,ag2404,5829.0,0.0,0.0,0.0,1,5810.0,5821.0,1,5829.0,5812.0,0.0,0.0,0.0,0.0,1545
2023-05-09 21:00:34,ag2404,ag2404,5829.0,0.0,0.0,0.0,1,5810.0,5821.0,1,5829.0,5812.0,0.0,0.0,0.0,0.0,1545
2023-05-09 21:00:34,ag2404,ag2404,5829.0,0.0,0.0,0.0,1,5810.0,5821.0,1,5829.0,5812.0,0.0,0.0,0.0,0.0,1545
2023-05-09 21:00:35,ag2404,ag2404,5829.0,0.0,0.0,0.0,1,5810.0,5821.0,1,5829.0,5812.0,0.0,0.0,0.0,0.0,1545
2023-05-09 21:00:35,ag2404,ag2404,5829.0,0.0,0.0,0.0,1,5810.0,5821.0,1,5829.0,5812.0,0.0,0.0,0.0,0.0,1545
2023-05-09 21:00:36,ag2404,ag2404,5829.0,0.0,0.0,0.0,1,5810.0,5821.0,1,5829.0,5812.0,0.0,0.0,0.0,0.0,1545
2023-05-09 21:00:37,ag2404,ag2404,5829.0,0.0,0.0,0.0,1,5810.0,5821.0,1,5829.0,5812.0,0.0,0.0,0.0,0.0,1545
2023-05-09 21:00:38,ag2404,ag2404,5829.0,0.0,0.0,0.0,1,5810.0,5821.0,1,5829.0,5812.0,0.0,0.0,0.0,0.0,1545
2023-05-09 21:00:38,ag2404,ag2404,5829.0,0.0,0.0,0.0,1,5810.0,5820.0,1,5829.0,5812.0,0.0,0.0,0.0,0.0,1545
2023-05-09 21:00:39,ag2404,ag2404,5829.0,0.0,0.0,0.0,1,5810.0,5820.0,1,5829.0,5812.0,0.0,0.0,0.0,0.0,1545
2023-05-09 21:00:40,ag2404,ag2404,5829.0,0.0,0.0,0.0,1,5810.0,5827.0,1,5829.0,5812.0,0.0,0.0,0.0,0.0,1545
2023-05-09 21:00:41,ag2404,ag2404,5829.0,0.0,0.0,0.0,1,5810.0,5824.0,1,5829.0,5812.0,0.0,0.0,0.0,0.0,1545
2023-05-09 21:00:41,ag2404,ag2404,5829.0,0.0,0.0,0.0,1,5810.0,5823.0,2,5829.0,5812.0,0.0,0.0,0.0,0.0,1545
2023-05-09 21:00:42,ag2404,ag2404,5829.0,0.0,0.0,0.0,1,5810.0,5823.0,2,5829.0,5812.0,0.0,0.0,0.0,0.0,1545
2023-05-09 21:00:42,ag2404,ag2404,5829.0,0.0,0.0,0.0,1,5810.0,5823.0,2,5829.0,5812.0,0.0,0.0,0.0,0.0,1545
2023-05-09 21:00:43,ag2404,ag2404,5829.0,0.0,0.0,0.0,1,5810.0,5822.0,1,5829.0,5812.0,0.0,0.0,0.0,0.0,1545
2023-05-09 21:00:43,ag2404,ag2404,5829.0,0.0,0.0,0.0,1,5810.0,5822.0,10,5829.0,5812.0,0.0,0.0,0.0,0.0,1545
2023-05-09 21:00:44,ag2404,ag2404,5829.0,0.0,0.0,0.0,1,5810.0,5822.0,10,5829.0,5812.0,0.0,0.0,0.0,0.0,1545
2023-05-09 21:00:45,ag2404,ag2404,5829.0,0.0,0.0,0.0,1,5810.0,5822.0,10,5829.0,5812.0,0.0,0.0,0.0,0.0,1545
2023-05-09 21:00:45,ag2404,ag2404,5829.0,0.0,0.0,0.0,1,5810.0,5822.0,2,5829.0,5812.0,0.0,0.0,0.0,0.0,1545
2023-05-09 21:00:46,ag2404,ag2404,5829.0,0.0,0.0,0.0,1,5810.0,5822.0,2,5829.0,5812.0,0.0,0.0,0.0,0.0,1545
2023-05-09 21:00:47,ag2404,ag2404,5829.0,0.0,0.0,0.0,1,5810.0,5822.0,2,5829.0,5812.0,0.0,0.0,0.0,0.0,1545
2023-05-09 21:00:48,ag2404,ag2404,5829.0,0.0,0.0,0.0,1,5810.0,5822.0,2,5829.0,5812.0,0.0,0.0,0.0,0.0,1545
2023-05-09 21:00:48,ag2404,ag2404,5829.0,0.0,0.0,0.0,1,5810.0,5822.0,2,5829.0,5812.0,0.0,0.0,0.0,0.0,1545
2023-05-09 21:00:49,ag2404,ag2404,5829.0,0.0,0.0,0.0,2,5811.0,5822.0,2,5829.0,5812.0,0.0,0.0,0.0,0.0,1545
2023-05-09 21:00:49,ag2404,ag2404,5829.0,0.0,0.0,0.0,1,5810.0,5822.0,2,5829.0,5812.0,0.0,0.0,0.0,0.0,1545
2023-05-09 21:00:50,ag2404,ag2404,5829.0,0.0,0.0,0.0,1,5810.0,5822.0,1,5829.0,5812.0,0.0,0.0,0.0,0.0,1545
2023-05-09 21:00:51,ag2404,ag2404,5829.0,0.0,0.0,0.0,1,5810.0,5822.0,1,5829.0,5812.0,0.0,0.0,0.0,0.0,1545
2023-05-09 21:00:51,ag2404,ag2404,5829.0,0.0,0.0,0.0,1,5810.0,5822.0,1,5829.0,5812.0,0.0,0.0,0.0,0.0,1545
2023-05-09 21:00:53,ag2404,ag2404,5829.0,0.0,0.0,0.0,1,5810.0,5823.0,1,5829.0,5812.0,0.0,0.0,0.0,0.0,1545
2023-05-09 21:00:53,ag2404,ag2404,5829.0,0.0,0.0,0.0,1,5810.0,5821.0,1,5829.0,5812.0,0.0,0.0,0.0,0.0,1545
2023-05-09 21:00:54,ag2404,ag2404,5829.0,0.0,0.0,0.0,1,5810.0,5821.0,1,5829.0,5812.0,0.0,0.0,0.0,0.0,1545
2023-05-09 21:00:54,ag2404,ag2404,5829.0,0.0,0.0,0.0,1,5798.0,5821.0,1,5829.0,5812.0,0.0,0.0,0.0,0.0,1545
2023-05-09 21:00:55,ag2404,ag2404,5829.0,0.0,0.0,0.0,1,5802.0,5821.0,1,5829.0,5812.0,0.0,0.0,0.0,0.0,1545
2023-05-09 21:00:55,ag2404,ag2404,5829.0,0.0,0.0,0.0,2,5803.0,5821.0,1,5829.0,5812.0,0.0,0.0,0.0,0.0,1545
2023-05-09 21:00:56,ag2404,ag2404,5829.0,0.0,0.0,0.0,1,5806.0,5821.0,1,5829.0,5812.0,0.0,0.0,0.0,0.0,1545
2023-05-09 21:00:56,ag2404,ag2404,5829.0,0.0,0.0,0.0,3,5807.0,5821.0,1,5829.0,5812.0,0.0,0.0,0.0,0.0,1545
2023-05-09 21:00:57,ag2404,ag2404,5829.0,0.0,0.0,0.0,6,5807.0,5821.0,1,5829.0,5812.0,0.0,0.0,0.0,0.0,1545
2023-05-09 21:00:57,ag2404,ag2404,5829.0,0.0,0.0,0.0,5,5807.0,5821.0,1,5829.0,5812.0,0.0,0.0,0.0,0.0,1545
2023-05-09 21:00:59,ag2404,ag2404,5829.0,0.0,0.0,0.0,6,5807.0,5821.0,1,5829.0,5812.0,0.0,0.0,0.0,0.0,1545
2023-05-09 21:01:00,ag2404,ag2404,5829.0,0.0,0.0,0.0,5,5807.0,5821.0,1,5829.0,5812.0,0.0,0.0,0.0,0.0,1545
2023-05-09 21:01:00,ag2404,ag2404,5829.0,0.0,0.0,0.0,2,5807.0,5820.0,1,5829.0,5812.0,0.0,0.0,0.0,0.0,1545
2023-05-09 21:01:01,ag2404,ag2404,5829.0,0.0,0.0,0.0,3,5808.0,5820.0,1,5829.0,5812.0,0.0,0.0,0.0,0.0,1545
2023-05-09 21:01:01,ag2404,ag2404,5829.0,0.0,0.0,0.0,3,5808.0,5820.0,1,5829.0,5812.0,0.0,0.0,0.0,0.0,1545
2023-05-09 21:01:02,ag2404,ag2404,5829.0,0.0,0.0,0.0,3,5808.0,5819.0,1,5829.0,5812.0,0.0,0.0,0.0,0.0,1545
2023-05-09 21:01:02,ag2404,ag2404,5829.0,0.0,0.0,0.0,1,5807.0,5819.0,1,5829.0,5812.0,0.0,0.0,0.0,0.0,1545
2023-05-09 21:01:03,ag2404,ag2404,5829.0,0.0,0.0,0.0,1,5807.0,5820.0,1,5829.0,5812.0,0.0,0.0,0.0,0.0,1545
2023-05-09 21:01:03,ag2404,ag2404,5829.0,0.0,0.0,0.0,1,5807.0,5818.0,1,5829.0,5812.0,0.0,0.0,0.0,0.0,1545
2023-05-09 21:01:05,ag2404,ag2404,5829.0,0.0,0.0,0.0,1,5808.0,5818.0,1,5829.0,5812.0,0.0,0.0,0.0,0.0,1545
2023-05-09 21:01:07,ag2404,ag2404,5829.0,0.0,0.0,0.0,1,5808.0,5818.0,1,5829.0,5812.0,0.0,0.0,0.0,0.0,1545
2023-05-09 21:01:09,ag2404,ag2404,5829.0,0.0,0.0,0.0,2,5810.0,5818.0,1,5829.0,5812.0,0.0,0.0,0.0,0.0,1545
2023-05-09 21:01:09,ag2404,ag2404,5829.0,0.0,0.0,0.0,2,5810.0,5817.0,1,5829.0,5812.0,0.0,0.0,0.0,0.0,1545
2023-05-09 21:01:11,ag2404,ag2404,5829.0,0.0,0.0,0.0,2,5810.0,5817.0,1,5829.0,5812.0,0.0,0.0,0.0,0.0,1545
2023-05-09 21:01:27,ag2404,ag2404,5829.0,0.0,0.0,0.0,2,5810.0,5817.0,2,5829.0,5812.0,0.0,0.0,0.0,0.0,1545
2023-05-09 21:01:30,ag2404,ag2404,5829.0,0.0,0.0,0.0,2,5810.0,5817.0,1,5829.0,5812.0,0.0,0.0,0.0,0.0,1545
2023-05-09 21:01:31,ag2404,ag2404,5829.0,0.0,0.0,0.0,2,5810.0,5817.0,2,5829.0,5812.0,0.0,0.0,0.0,0.0,1545
2023-05-09 21:01:31,ag2404,ag2404,5829.0,0.0,0.0,0.0,2,5810.0,5817.0,1,5829.0,5812.0,0.0,0.0,0.0,0.0,1545
2023-05-09 21:01:32,ag2404,ag2404,5829.0,0.0,0.0,0.0,2,5810.0,5816.0,1,5829.0,5812.0,0.0,0.0,0.0,0.0,1545
2023-05-09 21:01:34,ag2404,ag2404,5829.0,0.0,0.0,0.0,2,5810.0,5817.0,1,5829.0,5812.0,0.0,0.0,0.0,0.0,1545
2023-05-09 21:01:35,ag2404,ag2404,5829.0,0.0,0.0,0.0,2,5810.0,5816.0,1,5829.0,5812.0,0.0,0.0,0.0,0.0,1545
2023-05-09 21:01:36,ag2404,ag2404,5829.0,0.0,0.0,0.0,2,5810.0,5816.0,1,5829.0,5812.0,0.0,0.0,0.0,0.0,1545
2023-05-09 21:01:37,ag2404,ag2404,5829.0,0.0,0.0,0.0,2,5810.0,5817.0,1,5829.0,5812.0,0.0,0.0,0.0,0.0,1545
2023-05-09 21:01:37,ag2404,ag2404,5829.0,0.0,0.0,0.0,2,5810.0,5817.0,2,5829.0,5812.0,0.0,0.0,0.0,0.0,1545
2023-05-09 21:01:38,ag2404,ag2404,5829.0,0.0,0.0,0.0,2,5810.0,5816.0,1,5829.0,5812.0,0.0,0.0,0.0,0.0,1545
2023-05-09 21:01:38,ag2404,ag2404,5829.0,0.0,0.0,0.0,2,5810.0,5816.0,1,5829.0,5812.0,0.0,0.0,0.0,0.0,1545
2023-05-09 21:01:39,ag2404,ag2404,5829.0,0.0,0.0,0.0,2,5810.0,5817.0,1,5829.0,5812.0,0.0,0.0,0.0,0.0,1545
2023-05-09 21:01:40,ag2404,ag2404,5829.0,0.0,0.0,0.0,2,5810.0,5816.0,1,5829.0,5812.0,0.0,0.0,0.0,0.0,1545
2023-05-09 21:01:40,ag2404,ag2404,5829.0,0.0,0.0,0.0,2,5810.0,5817.0,1,5829.0,5812.0,0.0,0.0,0.0,0.0,1545
2023-05-09 21:01:41,ag2404,ag2404,5829.0,0.0,0.0,0.0,2,5810.0,5817.0,2,5829.0,5812.0,0.0,0.0,0.0,0.0,1545
2023-05-09 21:01:41,ag2404,ag2404,5829.0,0.0,0.0,0.0,2,5810.0,5816.0,1,5829.0,5812.0,0.0,0.0,0.0,0.0,1545
2023-05-09 21:01:42,ag2404,ag2404,5829.0,0.0,0.0,0.0,2,5810.0,5817.0,1,5829.0,5812.0,0.0,0.0,0.0,0.0,1545
2023-05-09 21:01:42,ag2404,ag2404,5829.0,0.0,0.0,0.0,2,5810.0,5817.0,2,5829.0,5812.0,0.0,0.0,0.0,0.0,1545
2023-05-09 21:01:43,ag2404,ag2404,5829.0,0.0,0.0,0.0,2,5810.0,5816.0,1,5829.0,5812.0,0.0,0.0,0.0,0.0,1545
2023-05-09 21:01:43,ag2404,ag2404,5829.0,0.0,0.0,0.0,2,5810.0,5816.0,1,5829.0,5812.0,0.0,0.0,0.0,0.0,1545
2023-05-09 21:01:44,ag2404,ag2404,5829.0,0.0,0.0,0.0,2,5810.0,5816.0,1,5829.0,5812.0,0.0,0.0,0.0,0.0,1545
2023-05-09 21:01:44,ag2404,ag2404,5829.0,0.0,0.0,0.0,2,5810.0,5815.0,1,5829.0,5812.0,0.0,0.0,0.0,0.0,1545
2023-05-09 21:01:47,ag2404,ag2404,5829.0,0.0,0.0,0.0,2,5810.0,5817.0,1,5829.0,5812.0,0.0,0.0,0.0,0.0,1545
2023-05-09 21:01:47,ag2404,ag2404,5829.0,0.0,0.0,0.0,2,5810.0,5816.0,1,5829.0,5812.0,0.0,0.0,0.0,0.0,1545
2023-05-09 21:01:48,ag2404,ag2404,5829.0,0.0,0.0,0.0,2,5810.0,5816.0,1,5829.0,5812.0,0.0,0.0,0.0,0.0,1545
2023-05-09 21:01:50,ag2404,ag2404,5829.0,0.0,0.0,0.0,2,5810.0,5816.0,2,5829.0,5812.0,0.0,0.0,0.0,0.0,1545
2023-05-09 21:01:50,ag2404,ag2404,5829.0,0.0,0.0,0.0,2,5810.0,5816.0,1,5829.0,5812.0,0.0,0.0,0.0,0.0,1545
2023-05-09 21:01:52,ag2404,ag2404,5829.0,0.0,0.0,0.0,2,5810.0,5817.0,1,5829.0,5812.0,0.0,0.0,0.0,0.0,1545
2023-05-09 21:01:53,ag2404,ag2404,5829.0,0.0,0.0,0.0,2,5810.0,5816.0,1,5829.0,5812.0,0.0,0.0,0.0,0.0,1545
2023-05-09 21:01:53,ag2404,ag2404,5829.0,0.0,0.0,0.0,2,5810.0,5816.0,2,5829.0,5812.0,0.0,0.0,0.0,0.0,1545
2023-05-09 21:01:54,ag2404,ag2404,5829.0,0.0,0.0,0.0,2,5810.0,5816.0,1,5829.0,5812.0,0.0,0.0,0.0,0.0,1545
2023-05-09 21:01:54,ag2404,ag2404,5829.0,0.0,0.0,0.0,2,5810.0,5815.0,1,5829.0,5812.0,0.0,0.0,0.0,0.0,1545
2023-05-09 21:01:55,ag2404,ag2404,5829.0,0.0,0.0,0.0,2,5810.0,5815.0,1,5829.0,5812.0,0.0,0.0,0.0,0.0,1545
2023-05-09 21:01:56,ag2404,ag2404,5829.0,0.0,0.0,0.0,2,5810.0,5817.0,1,5829.0,5812.0,0.0,0.0,0.0,0.0,1545
2023-05-09 21:01:57,ag2404,ag2404,5829.0,0.0,0.0,0.0,2,5810.0,5816.0,1,5829.0,5812.0,0.0,0.0,0.0,0.0,1545
2023-05-09 21:01:57,ag2404,ag2404,5829.0,0.0,0.0,0.0,2,5810.0,5816.0,1,5829.0,5812.0,0.0,0.0,0.0,0.0,1545
2023-05-09 21:02:00,ag2404,ag2404,5829.0,0.0,0.0,0.0,2,5810.0,5817.0,1,5829.0,5812.0,0.0,0.0,0.0,0.0,1545
2023-05-09 21:02:00,ag2404,ag2404,5829.0,0.0,0.0,0.0,2,5810.0,5817.0,2,5829.0,5812.0,0.0,0.0,0.0,0.0,1545
2023-05-09 21:02:01,ag2404,ag2404,5829.0,0.0,0.0,0.0,2,5810.0,5816.0,1,5829.0,5812.0,0.0,0.0,0.0,0.0,1545
2023-05-09 21:02:01,ag2404,ag2404,5829.0,0.0,0.0,0.0,2,5810.0,5816.0,1,5829.0,5812.0,0.0,0.0,0.0,0.0,1545
2023-05-09 21:02:02,ag2404,ag2404,5829.0,0.0,0.0,0.0,2,5810.0,5817.0,1,5829.0,5812.0,0.0,0.0,0.0,0.0,1545
2023-05-09 21:02:04,ag2404,ag2404,5829.0,0.0,0.0,0.0,2,5810.0,5816.0,1,5829.0,5812.0,0.0,0.0,0.0,0.0,1545
2023-05-09 21:02:16,ag2404,ag2404,5829.0,0.0,0.0,0.0,2,5810.0,5817.0,1,5829.0,5812.0,0.0,0.0,0.0,0.0,1545
2023-05-09 21:02:17,ag2404,ag2404,5829.0,0.0,0.0,0.0,2,5810.0,5817.0,2,5829.0,5812.0,0.0,0.0,0.0,0.0,1545
2023-05-09 21:02:17,ag2404,ag2404,5829.0,0.0,0.0,0.0,2,5810.0,5816.0,1,5829.0,5812.0,0.0,0.0,0.0,0.0,1545
2023-05-09 21:02:18,ag2404,ag2404,5829.0,0.0,0.0,0.0,2,5810.0,5816.0,1,5829.0,5812.0,0.0,0.0,0.0,0.0,1545
2023-05-09 21:02:21,ag2404,ag2404,5829.0,0.0,0.0,0.0,2,5810.0,5817.0,1,5829.0,5812.0,0.0,0.0,0.0,0.0,1545
2023-05-09 21:02:21,ag2404,ag2404,5829.0,0.0,0.0,0.0,2,5810.0,5817.0,2,5829.0,5812.0,0.0,0.0,0.0,0.0,1545
2023-05-09 21:02:24,ag2404,ag2404,5829.0,0.0,0.0,0.0,2,5810.0,5817.0,1,5829.0,5812.0,0.0,0.0,0.0,0.0,1545
2023-05-09 21:02:24,ag2404,ag2404,5829.0,0.0,0.0,0.0,2,5810.0,5817.0,2,5829.0,5812.0,0.0,0.0,0.0,0.0,1545
2023-05-09 21:02:25,ag2404,ag2404,5829.0,0.0,0.0,0.0,2,5810.0,5817.0,1,5829.0,5812.0,0.0,0.0,0.0,0.0,1545
2023-05-09 21:02:28,ag2404,ag2404,5829.0,0.0,0.0,0.0,2,5810.0,5820.0,1,5829.0,5812.0,0.0,0.0,0.0,0.0,1545
2023-05-09 21:02:28,ag2404,ag2404,5829.0,0.0,0.0,0.0,2,5810.0,5819.0,2,5829.0,5812.0,0.0,0.0,0.0,0.0,1545
2023-05-09 21:02:29,ag2404,ag2404,5829.0,0.0,0.0,0.0,2,5810.0,5819.0,1,5829.0,5812.0,0.0,0.0,0.0,0.0,1545
2023-05-09 21:02:29,ag2404,ag2404,5829.0,0.0,0.0,0.0,2,5810.0,5818.0,1,5829.0,5812.0,0.0,0.0,0.0,0.0,1545
2023-05-09 21:02:30,ag2404,ag2404,5829.0,0.0,0.0,0.0,2,5810.0,5820.0,1,5829.0,5812.0,0.0,0.0,0.0,0.0,1545
2023-05-09 21:02:30,ag2404,ag2404,5829.0,0.0,0.0,0.0,2,5810.0,5819.0,2,5829.0,5812.0,0.0,0.0,0.0,0.0,1545
2023-05-09 21:02:31,ag2404,ag2404,5829.0,0.0,0.0,0.0,2,5810.0,5819.0,1,5829.0,5812.0,0.0,0.0,0.0,0.0,1545
2023-05-09 21:02:31,ag2404,ag2404,5829.0,0.0,0.0,0.0,2,5810.0,5818.0,1,5829.0,5812.0,0.0,0.0,0.0,0.0,1545
2023-05-09 21:02:32,ag2404,ag2404,5829.0,0.0,0.0,0.0,2,5810.0,5818.0,2,5829.0,5812.0,0.0,0.0,0.0,0.0,1545
2023-05-09 21:02:33,ag2404,ag2404,5829.0,0.0,0.0,0.0,2,5810.0,5818.0,1,5829.0,5812.0,0.0,0.0,0.0,0.0,1545
2023-05-09 21:02:34,ag2404,ag2404,5829.0,0.0,0.0,0.0,2,5810.0,5817.0,2,5829.0,5812.0,0.0,0.0,0.0,0.0,1545
2023-05-09 21:02:35,ag2404,ag2404,5829.0,0.0,0.0,0.0,2,5810.0,5817.0,1,5829.0,5812.0,0.0,0.0,0.0,0.0,1545
2023-05-09 21:02:36,ag2404,ag2404,5829.0,0.0,0.0,0.0,2,5810.0,5817.0,2,5829.0,5812.0,0.0,0.0,0.0,0.0,1545
2023-05-09 21:02:40,ag2404,ag2404,5829.0,0.0,0.0,0.0,2,5810.0,5817.0,1,5829.0,5812.0,0.0,0.0,0.0,0.0,1545
2023-05-09 21:02:42,ag2404,ag2404,5829.0,0.0,0.0,0.0,2,5810.0,5817.0,2,5829.0,5812.0,0.0,0.0,0.0,0.0,1545
2023-05-09 21:02:43,ag2404,ag2404,5829.0,0.0,0.0,0.0,2,5810.0,5817.0,1,5829.0,5812.0,0.0,0.0,0.0,0.0,1545
2023-05-09 21:02:45,ag2404,ag2404,5829.0,0.0,0.0,0.0,2,5810.0,5816.0,1,5829.0,5812.0,0.0,0.0,0.0,0.0,1545
2023-05-09 21:02:46,ag2404,ag2404,5829.0,0.0,0.0,0.0,2,5810.0,5816.0,1,5829.0,5812.0,0.0,0.0,0.0,0.0,1545
2023-05-09 21:02:46,ag2404,ag2404,5829.0,0.0,0.0,0.0,2,5810.0,5820.0,1,5829.0,5812.0,0.0,0.0,0.0,0.0,1545
2023-05-09 21:02:47,ag2404,ag2404,5829.0,0.0,0.0,0.0,2,5810.0,5819.0,2,5829.0,5812.0,0.0,0.0,0.0,0.0,1545
2023-05-09 21:02:48,ag2404,ag2404,5829.0,0.0,0.0,0.0,2,5810.0,5819.0,1,5829.0,5812.0,0.0,0.0,0.0,0.0,1545
2023-05-09 21:02:48,ag2404,ag2404,5829.0,0.0,0.0,0.0,2,5810.0,5818.0,1,5829.0,5812.0,0.0,0.0,0.0,0.0,1545
2023-05-09 21:02:49,ag2404,ag2404,5829.0,0.0,0.0,0.0,2,5810.0,5817.0,1,5829.0,5812.0,0.0,0.0,0.0,0.0,1545
2023-05-09 21:02:53,ag2404,ag2404,5829.0,0.0,0.0,0.0,2,5810.0,5817.0,1,5829.0,5812.0,0.0,0.0,0.0,0.0,1545
2023-05-09 21:02:54,ag2404,ag2404,5829.0,0.0,0.0,0.0,2,5810.0,5816.0,1,5829.0,5812.0,0.0,0.0,0.0,0.0,1545
2023-05-09 21:02:54,ag2404,ag2404,5829.0,0.0,0.0,0.0,2,5810.0,5816.0,2,5829.0,5812.0,0.0,0.0,0.0,0.0,1545
2023-05-09 21:02:56,ag2404,ag2404,5829.0,0.0,0.0,0.0,2,5810.0,5816.0,1,5829.0,5812.0,0.0,0.0,0.0,0.0,1545
2023-05-09 21:02:57,ag2404,ag2404,5829.0,0.0,0.0,0.0,2,5810.0,5820.0,1,5829.0,5812.0,0.0,0.0,0.0,0.0,1545
2023-05-09 21:02:57,ag2404,ag2404,5829.0,0.0,0.0,0.0,2,5810.0,5819.0,2,5829.0,5812.0,0.0,0.0,0.0,0.0,1545
2023-05-09 21:02:59,ag2404,ag2404,5829.0,0.0,0.0,0.0,2,5810.0,5819.0,1,5829.0,5812.0,0.0,0.0,0.0,0.0,1545
2023-05-09 21:02:59,ag2404,ag2404,5829.0,0.0,0.0,0.0,2,5810.0,5818.0,1,5829.0,5812.0,0.0,0.0,0.0,0.0,1545
2023-05-09 21:03:00,ag2404,ag2404,5829.0,0.0,0.0,0.0,2,5810.0,5817.0,1,5829.0,5812.0,0.0,0.0,0.0,0.0,1545
2023-05-09 21:03:00,ag2404,ag2404,5829.0,0.0,0.0,0.0,2,5810.0,5817.0,1,5829.0,5812.0,0.0,0.0,0.0,0.0,1545
2023-05-09 21:03:01,ag2404,ag2404,5829.0,0.0,0.0,0.0,2,5810.0,5816.0,5,5829.0,5812.0,0.0,0.0,0.0,0.0,1545
2023-05-09 21:03:01,ag2404,ag2404,5829.0,0.0,0.0,0.0,2,5810.0,5816.0,5,5829.0,5812.0,0.0,0.0,0.0,0.0,1545
2023-05-09 21:03:02,ag2404,ag2404,5829.0,0.0,0.0,0.0,2,5810.0,5815.0,1,5829.0,5812.0,0.0,0.0,0.0,0.0,1545
2023-05-09 21:03:03,ag2404,ag2404,5829.0,0.0,0.0,0.0,2,5810.0,5815.0,1,5829.0,5812.0,0.0,0.0,0.0,0.0,1545
2023-05-09 21:03:03,ag2404,ag2404,5829.0,0.0,0.0,0.0,2,5810.0,5815.0,1,5829.0,5812.0,0.0,0.0,0.0,0.0,1545
2023-05-09 21:03:04,ag2404,ag2404,5829.0,0.0,0.0,0.0,2,5810.0,5814.0,4,5829.0,5812.0,0.0,0.0,0.0,0.0,1545
2023-05-09 21:03:10,ag2404,ag2404,5829.0,0.0,0.0,0.0,2,5810.0,5814.0,4,5829.0,5812.0,0.0,0.0,0.0,0.0,1545
2023-05-09 21:03:11,ag2404,ag2404,5829.0,0.0,0.0,0.0,2,5810.0,5813.0,1,5829.0,5812.0,0.0,0.0,0.0,0.0,1545
2023-05-09 21:03:11,ag2404,ag2404,5829.0,0.0,0.0,0.0,2,5810.0,5814.0,4,5829.0,5812.0,0.0,0.0,0.0,0.0,1545
2023-05-09 21:03:12,ag2404,ag2404,5829.0,0.0,0.0,0.0,2,5810.0,5813.0,1,5829.0,5812.0,0.0,0.0,0.0,0.0,1545
2023-05-09 21:03:12,ag2404,ag2404,5829.0,0.0,0.0,0.0,2,5810.0,5812.0,1,5829.0,5812.0,0.0,0.0,0.0,0.0,1545
2023-05-09 21:03:13,ag2404,ag2404,5829.0,0.0,0.0,0.0,2,5810.0,5813.0,4,5829.0,5812.0,0.0,0.0,0.0,0.0,1545
2023-05-09 21:03:13,ag2404,ag2404,5829.0,0.0,0.0,0.0,2,5810.0,5820.0,1,5829.0,5812.0,0.0,0.0,0.0,0.0,1545
2023-05-09 21:03:14,ag2404,ag2404,5829.0,0.0,0.0,0.0,2,5810.0,5813.0,4,5829.0,5812.0,0.0,0.0,0.0,0.0,1545
2023-05-09 21:03:14,ag2404,ag2404,5829.0,0.0,0.0,0.0,2,5810.0,5813.0,4,5829.0,5812.0,0.0,0.0,0.0,0.0,1545
2023-05-09 21:03:15,ag2404,ag2404,5829.0,0.0,0.0,0.0,2,5810.0,5812.0,1,5829.0,5812.0,0.0,0.0,0.0,0.0,1545
2023-05-09 21:03:16,ag2404,ag2404,5829.0,0.0,0.0,0.0,2,5810.0,5812.0,1,5829.0,5812.0,0.0,0.0,0.0,0.0,1545
2023-05-09 21:03:16,ag2404,ag2404,5829.0,0.0,0.0,0.0,2,5810.0,5822.0,1,5829.0,5812.0,0.0,0.0,0.0,0.0,1545
2023-05-09 21:03:17,ag2404,ag2404,5829.0,0.0,0.0,0.0,2,5810.0,5812.0,4,5829.0,5812.0,0.0,0.0,0.0,0.0,1545
2023-05-09 21:03:17,ag2404,ag2404,5829.0,0.0,0.0,0.0,2,5810.0,5812.0,4,5829.0,5812.0,0.0,0.0,0.0,0.0,1545
2023-05-09 21:03:19,ag2404,ag2404,5812.0,2.0,174360.0,-1.0,2,5810.0,5821.0,1,5829.0,5812.0,5812.0,5812.0,2.0,174360.0,1544
2023-05-09 21:03:19,ag2404,ag2404,5812.0,0.0,0.0,0.0,2,5810.0,5820.0,2,5829.0,5812.0,5812.0,5812.0,2.0,174360.0,1544
2023-05-09 21:03:23,ag2404,ag2404,5812.0,0.0,0.0,0.0,2,5810.0,5820.0,1,5829.0,5812.0,5812.0,5812.0,2.0,174360.0,1544
2023-05-09 21:03:23,ag2404,ag2404,5812.0,0.0,0.0,0.0,2,5810.0,5819.0,1,5829.0,5812.0,5812.0,5812.0,2.0,174360.0,1544
2023-05-09 21:03:24,ag2404,ag2404,5812.0,0.0,0.0,0.0,2,5810.0,5818.0,1,5829.0,5812.0,5812.0,5812.0,2.0,174360.0,1544
2023-05-09 21:03:24,ag2404,ag2404,5812.0,0.0,0.0,0.0,2,5810.0,5818.0,1,5829.0,5812.0,5812.0,5812.0,2.0,174360.0,1544
2023-05-09 21:03:25,ag2404,ag2404,5812.0,0.0,0.0,0.0,2,5810.0,5817.0,1,5829.0,5812.0,5812.0,5812.0,2.0,174360.0,1544
2023-05-09 21:03:25,ag2404,ag2404,5812.0,0.0,0.0,0.0,2,5810.0,5816.0,1,5829.0,5812.0,5812.0,5812.0,2.0,174360.0,1544
2023-05-09 21:03:26,ag2404,ag2404,5812.0,0.0,0.0,0.0,2,5810.0,5815.0,1,5829.0,5812.0,5812.0,5812.0,2.0,174360.0,1544
2023-05-09 21:03:26,ag2404,ag2404,5812.0,0.0,0.0,0.0,2,5810.0,5815.0,2,5829.0,5812.0,5812.0,5812.0,2.0,174360.0,1544
2023-05-09 21:03:27,ag2404,ag2404,5812.0,0.0,0.0,0.0,2,5810.0,5815.0,1,5829.0,5812.0,5812.0,5812.0,2.0,174360.0,1544
2023-05-09 21:03:28,ag2404,ag2404,5812.0,0.0,0.0,0.0,2,5810.0,5815.0,2,5829.0,5812.0,5812.0,5812.0,2.0,174360.0,1544
2023-05-09 21:03:30,ag2404,ag2404,5812.0,0.0,0.0,0.0,2,5810.0,5821.0,1,5829.0,5812.0,5812.0,5812.0,2.0,174360.0,1544
2023-05-09 21:03:31,ag2404,ag2404,5812.0,0.0,0.0,0.0,2,5810.0,5820.0,1,5829.0,5812.0,5812.0,5812.0,2.0,174360.0,1544
2023-05-09 21:03:31,ag2404,ag2404,5812.0,0.0,0.0,0.0,2,5810.0,5820.0,2,5829.0,5812.0,5812.0,5812.0,2.0,174360.0,1544
2023-05-09 21:03:32,ag2404,ag2404,5812.0,0.0,0.0,0.0,2,5810.0,5820.0,2,5829.0,5812.0,5812.0,5812.0,2.0,174360.0,1544
2023-05-09 21:03:33,ag2404,ag2404,5820.0,2.0,174600.0,0.0,2,5810.0,5822.0,1,5829.0,5812.0,5820.0,5812.0,4.0,348960.0,1544
2023-05-09 21:03:34,ag2404,ag2404,5820.0,0.0,0.0,0.0,1,5811.0,5821.0,10,5829.0,5812.0,5820.0,5812.0,4.0,348960.0,1544
2023-05-09 21:03:34,ag2404,ag2404,5820.0,0.0,0.0,0.0,2,5810.0,5821.0,10,5829.0,5812.0,5820.0,5812.0,4.0,348960.0,1544
2023-05-09 21:03:35,ag2404,ag2404,5820.0,0.0,0.0,0.0,1,5811.0,5821.0,10,5829.0,5812.0,5820.0,5812.0,4.0,348960.0,1544
2023-05-09 21:03:36,ag2404,ag2404,5820.0,0.0,0.0,0.0,2,5810.0,5821.0,10,5829.0,5812.0,5820.0,5812.0,4.0,348960.0,1544
2023-05-09 21:03:37,ag2404,ag2404,5820.0,0.0,0.0,0.0,1,5811.0,5821.0,10,5829.0,5812.0,5820.0,5812.0,4.0,348960.0,1544
2023-05-09 21:03:39,ag2404,ag2404,5820.0,0.0,0.0,0.0,1,5811.0,5821.0,10,5829.0,5812.0,5820.0,5812.0,4.0,348960.0,1544
2023-05-09 21:03:41,ag2404,ag2404,5820.0,0.0,0.0,0.0,2,5810.0,5821.0,2,5829.0,5812.0,5820.0,5812.0,4.0,348960.0,1544
2023-05-09 21:03:42,ag2404,ag2404,5820.0,0.0,0.0,0.0,2,5811.0,5821.0,2,5829.0,5812.0,5820.0,5812.0,4.0,348960.0,1544
2023-05-09 21:03:47,ag2404,ag2404,5820.0,0.0,0.0,0.0,2,5811.0,5821.0,1,5829.0,5812.0,5820.0,5812.0,4.0,348960.0,1544
2023-05-09 21:03:49,ag2404,ag2404,5820.0,0.0,0.0,0.0,1,5811.0,5821.0,1,5829.0,5812.0,5820.0,5812.0,4.0,348960.0,1544
2023-05-09 21:03:49,ag2404,ag2404,5820.0,0.0,0.0,0.0,1,5812.0,5822.0,1,5829.0,5812.0,5820.0,5812.0,4.0,348960.0,1544
2023-05-09 21:03:50,ag2404,ag2404,5820.0,0.0,0.0,0.0,1,5813.0,5822.0,1,5829.0,5812.0,5820.0,5812.0,4.0,348960.0,1544
2023-05-09 21:03:51,ag2404,ag2404,5820.0,0.0,0.0,0.0,1,5813.0,5822.0,1,5829.0,5812.0,5820.0,5812.0,4.0,348960.0,1544
2023-05-09 21:03:58,ag2404,ag2404,5820.0,0.0,0.0,0.0,2,5810.0,5821.0,1,5829.0,5812.0,5820.0,5812.0,4.0,348960.0,1544
2023-05-09 21:03:59,ag2404,ag2404,5820.0,0.0,0.0,0.0,2,5811.0,5821.0,1,5829.0,5812.0,5820.0,5812.0,4.0,348960.0,1544
2023-05-09 21:03:59,ag2404,ag2404,5820.0,0.0,0.0,0.0,3,5811.0,5822.0,1,5829.0,5812.0,5820.0,5812.0,4.0,348960.0,1544
2023-05-09 21:04:00,ag2404,ag2404,5820.0,0.0,0.0,0.0,1,5812.0,5822.0,1,5829.0,5812.0,5820.0,5812.0,4.0,348960.0,1544
2023-05-09 21:04:00,ag2404,ag2404,5820.0,0.0,0.0,0.0,2,5812.0,5822.0,1,5829.0,5812.0,5820.0,5812.0,4.0,348960.0,1544
2023-05-09 21:04:01,ag2404,ag2404,5820.0,0.0,0.0,0.0,1,5812.0,5822.0,1,5829.0,5812.0,5820.0,5812.0,4.0,348960.0,1544
2023-05-09 21:04:02,ag2404,ag2404,5820.0,0.0,0.0,0.0,1,5813.0,5821.0,1,5829.0,5812.0,5820.0,5812.0,4.0,348960.0,1544
2023-05-09 21:04:02,ag2404,ag2404,5820.0,0.0,0.0,0.0,1,5813.0,5822.0,1,5829.0,5812.0,5820.0,5812.0,4.0,348960.0,1544
2023-05-09 21:04:03,ag2404,ag2404,5820.0,0.0,0.0,0.0,2,5810.0,5822.0,1,5829.0,5812.0,5820.0,5812.0,4.0,348960.0,1544
2023-05-09 21:04:03,ag2404,ag2404,5820.0,0.0,0.0,0.0,2,5811.0,5821.0,1,5829.0,5812.0,5820.0,5812.0,4.0,348960.0,1544
2023-05-09 21:04:06,ag2404,ag2404,5820.0,0.0,0.0,0.0,2,5811.0,5822.0,1,5829.0,5812.0,5820.0,5812.0,4.0,348960.0,1544
2023-05-09 21:04:06,ag2404,ag2404,5820.0,0.0,0.0,0.0,1,5811.0,5822.0,1,5829.0,5812.0,5820.0,5812.0,4.0,348960.0,1544
2023-05-09 21:04:07,ag2404,ag2404,5820.0,0.0,0.0,0.0,1,5812.0,5822.0,1,5829.0,5812.0,5820.0,5812.0,4.0,348960.0,1544
2023-05-09 21:04:07,ag2404,ag2404,5820.0,0.0,0.0,0.0,1,5813.0,5822.0,1,5829.0,5812.0,5820.0,5812.0,4.0,348960.0,1544
2023-05-09 21:04:08,ag2404,ag2404,5820.0,0.0,0.0,0.0,1,5813.0,5822.0,1,5829.0,5812.0,5820.0,5812.0,4.0,348960.0,1544
2023-05-09 21:04:09,ag2404,ag2404,5820.0,0.0,0.0,0.0,1,5814.0,5822.0,1,5829.0,5812.0,5820.0,5812.0,4.0,348960.0,1544
2023-05-09 21:04:09,ag2404,ag2404,5820.0,0.0,0.0,0.0,1,5814.0,5822.0,1,5829.0,5812.0,5820.0,5812.0,4.0,348960.0,1544
2023-05-09 21:04:10,ag2404,ag2404,5820.0,0.0,0.0,0.0,2,5810.0,5822.0,1,5829.0,5812.0,5820.0,5812.0,4.0,348960.0,1544
2023-05-09 21:04:11,ag2404,ag2404,5820.0,0.0,0.0,0.0,3,5811.0,5822.0,1,5829.0,5812.0,5820.0,5812.0,4.0,348960.0,1544
2023-05-09 21:04:11,ag2404,ag2404,5820.0,0.0,0.0,0.0,4,5811.0,5822.0,1,5829.0,5812.0,5820.0,5812.0,4.0,348960.0,1544
2023-05-09 21:04:18,ag2404,ag2404,5820.0,0.0,0.0,0.0,3,5811.0,5822.0,1,5829.0,5812.0,5820.0,5812.0,4.0,348960.0,1544
2023-05-09 21:04:18,ag2404,ag2404,5820.0,0.0,0.0,0.0,1,5812.0,5822.0,1,5829.0,5812.0,5820.0,5812.0,4.0,348960.0,1544
2023-05-09 21:04:19,ag2404,ag2404,5820.0,0.0,0.0,0.0,1,5813.0,5822.0,1,5829.0,5812.0,5820.0,5812.0,4.0,348960.0,1544
2023-05-09 21:04:19,ag2404,ag2404,5820.0,0.0,0.0,0.0,1,5813.0,5822.0,1,5829.0,5812.0,5820.0,5812.0,4.0,348960.0,1544
2023-05-09 21:04:20,ag2404,ag2404,5820.0,0.0,0.0,0.0,1,5814.0,5822.0,1,5829.0,5812.0,5820.0,5812.0,4.0,348960.0,1544
2023-05-09 21:04:20,ag2404,ag2404,5820.0,0.0,0.0,0.0,2,5810.0,5822.0,1,5829.0,5812.0,5820.0,5812.0,4.0,348960.0,1544
2023-05-09 21:04:21,ag2404,ag2404,5820.0,0.0,0.0,0.0,3,5811.0,5822.0,1,5829.0,5812.0,5820.0,5812.0,4.0,348960.0,1544
2023-05-09 21:04:21,ag2404,ag2404,5820.0,0.0,0.0,0.0,4,5811.0,5822.0,1,5829.0,5812.0,5820.0,5812.0,4.0,348960.0,1544
2023-05-09 21:04:22,ag2404,ag2404,5820.0,0.0,0.0,0.0,1,5811.0,5822.0,1,5829.0,5812.0,5820.0,5812.0,4.0,348960.0,1544
2023-05-09 21:04:23,ag2404,ag2404,5820.0,0.0,0.0,0.0,1,5812.0,5821.0,1,5829.0,5812.0,5820.0,5812.0,4.0,348960.0,1544
2023-05-09 21:04:23,ag2404,ag2404,5820.0,0.0,0.0,0.0,2,5812.0,5821.0,1,5829.0,5812.0,5820.0,5812.0,4.0,348960.0,1544
2023-05-09 21:04:24,ag2404,ag2404,5820.0,0.0,0.0,0.0,2,5812.0,5822.0,1,5829.0,5812.0,5820.0,5812.0,4.0,348960.0,1544
2023-05-09 21:04:25,ag2404,ag2404,5820.0,0.0,0.0,0.0,2,5812.0,5821.0,1,5829.0,5812.0,5820.0,5812.0,4.0,348960.0,1544
2023-05-09 21:04:26,ag2404,ag2404,5820.0,0.0,0.0,0.0,2,5812.0,5822.0,1,5829.0,5812.0,5820.0,5812.0,4.0,348960.0,1544
2023-05-09 21:04:26,ag2404,ag2404,5820.0,0.0,0.0,0.0,1,5812.0,5822.0,1,5829.0,5812.0,5820.0,5812.0,4.0,348960.0,1544
2023-05-09 21:04:27,ag2404,ag2404,5820.0,0.0,0.0,0.0,1,5813.0,5821.0,1,5829.0,5812.0,5820.0,5812.0,4.0,348960.0,1544
2023-05-09 21:04:27,ag2404,ag2404,5820.0,0.0,0.0,0.0,2,5813.0,5821.0,1,5829.0,5812.0,5820.0,5812.0,4.0,348960.0,1544
2023-05-09 21:04:32,ag2404,ag2404,5820.0,0.0,0.0,0.0,2,5810.0,5821.0,1,5829.0,5812.0,5820.0,5812.0,4.0,348960.0,1544
2023-05-09 21:04:33,ag2404,ag2404,5820.0,0.0,0.0,0.0,3,5811.0,5821.0,1,5829.0,5812.0,5820.0,5812.0,4.0,348960.0,1544
2023-05-09 21:04:33,ag2404,ag2404,5820.0,0.0,0.0,0.0,4,5811.0,5821.0,1,5829.0,5812.0,5820.0,5812.0,4.0,348960.0,1544
2023-05-09 21:04:35,ag2404,ag2404,5820.0,0.0,0.0,0.0,3,5811.0,5821.0,1,5829.0,5812.0,5820.0,5812.0,4.0,348960.0,1544
2023-05-09 21:04:36,ag2404,ag2404,5820.0,0.0,0.0,0.0,1,5812.0,5821.0,1,5829.0,5812.0,5820.0,5812.0,4.0,348960.0,1544
2023-05-09 21:04:36,ag2404,ag2404,5820.0,0.0,0.0,0.0,1,5813.0,5821.0,1,5829.0,5812.0,5820.0,5812.0,4.0,348960.0,1544
2023-05-09 21:04:37,ag2404,ag2404,5820.0,0.0,0.0,0.0,1,5813.0,5821.0,1,5829.0,5812.0,5820.0,5812.0,4.0,348960.0,1544
2023-05-09 21:04:39,ag2404,ag2404,5820.0,0.0,0.0,0.0,1,5813.0,5821.0,1,5829.0,5812.0,5820.0,5812.0,4.0,348960.0,1544
2023-05-09 21:04:40,ag2404,ag2404,5820.0,0.0,0.0,0.0,1,5814.0,5821.0,1,5829.0,5812.0,5820.0,5812.0,4.0,348960.0,1544
2023-05-09 21:04:40,ag2404,ag2404,5820.0,0.0,0.0,0.0,2,5810.0,5821.0,1,5829.0,5812.0,5820.0,5812.0,4.0,348960.0,1544
2023-05-09 21:04:41,ag2404,ag2404,5820.0,0.0,0.0,0.0,3,5811.0,5821.0,1,5829.0,5812.0,5820.0,5812.0,4.0,348960.0,1544
2023-05-09 21:04:41,ag2404,ag2404,5820.0,0.0,0.0,0.0,4,5811.0,5821.0,1,5829.0,5812.0,5820.0,5812.0,4.0,348960.0,1544
2023-05-09 21:04:43,ag2404,ag2404,5820.0,0.0,0.0,0.0,3,5811.0,5821.0,1,5829.0,5812.0,5820.0,5812.0,4.0,348960.0,1544
2023-05-09 21:04:43,ag2404,ag2404,5820.0,0.0,0.0,0.0,1,5812.0,5821.0,1,5829.0,5812.0,5820.0,5812.0,4.0,348960.0,1544
2023-05-09 21:04:44,ag2404,ag2404,5820.0,0.0,0.0,0.0,2,5812.0,5821.0,1,5829.0,5812.0,5820.0,5812.0,4.0,348960.0,1544
2023-05-09 21:04:51,ag2404,ag2404,5820.0,0.0,0.0,0.0,1,5812.0,5820.0,1,5829.0,5812.0,5820.0,5812.0,4.0,348960.0,1544
2023-05-09 21:04:52,ag2404,ag2404,5820.0,0.0,0.0,0.0,1,5813.0,5819.0,1,5829.0,5812.0,5820.0,5812.0,4.0,348960.0,1544
2023-05-09 21:04:52,ag2404,ag2404,5820.0,0.0,0.0,0.0,1,5813.0,5819.0,1,5829.0,5812.0,5820.0,5812.0,4.0,348960.0,1544
2023-05-09 21:04:54,ag2404,ag2404,5820.0,0.0,0.0,0.0,2,5810.0,5819.0,1,5829.0,5812.0,5820.0,5812.0,4.0,348960.0,1544
2023-05-09 21:04:54,ag2404,ag2404,5820.0,0.0,0.0,0.0,3,5811.0,5819.0,1,5829.0,5812.0,5820.0,5812.0,4.0,348960.0,1544
2023-05-09 21:04:55,ag2404,ag2404,5820.0,0.0,0.0,0.0,4,5811.0,5819.0,1,5829.0,5812.0,5820.0,5812.0,4.0,348960.0,1544
2023-05-09 21:05:00,ag2404,ag2404,5820.0,0.0,0.0,0.0,1,5811.0,5819.0,1,5829.0,5812.0,5820.0,5812.0,4.0,348960.0,1544
2023-05-09 21:05:00,ag2404,ag2404,5820.0,0.0,0.0,0.0,1,5812.0,5819.0,1,5829.0,5812.0,5820.0,5812.0,4.0,348960.0,1544
2023-05-09 21:05:01,ag2404,ag2404,5820.0,0.0,0.0,0.0,1,5812.0,5819.0,1,5829.0,5812.0,5820.0,5812.0,4.0,348960.0,1544
2023-05-09 21:05:01,ag2404,ag2404,5820.0,0.0,0.0,0.0,1,5813.0,5819.0,1,5829.0,5812.0,5820.0,5812.0,4.0,348960.0,1544
2023-05-09 21:05:04,ag2404,ag2404,5820.0,0.0,0.0,0.0,2,5810.0,5819.0,1,5829.0,5812.0,5820.0,5812.0,4.0,348960.0,1544
2023-05-09 21:05:04,ag2404,ag2404,5820.0,0.0,0.0,0.0,1,5811.0,5819.0,1,5829.0,5812.0,5820.0,5812.0,4.0,348960.0,1544
2023-05-09 21:05:05,ag2404,ag2404,5820.0,0.0,0.0,0.0,2,5811.0,5819.0,1,5829.0,5812.0,5820.0,5812.0,4.0,348960.0,1544
2023-05-09 21:05:05,ag2404,ag2404,5820.0,0.0,0.0,0.0,1,5811.0,5819.0,1,5829.0,5812.0,5820.0,5812.0,4.0,348960.0,1544
2023-05-09 21:05:06,ag2404,ag2404,5820.0,0.0,0.0,0.0,1,5812.0,5819.0,1,5829.0,5812.0,5820.0,5812.0,4.0,348960.0,1544
2023-05-09 21:05:06,ag2404,ag2404,5820.0,0.0,0.0,0.0,1,5812.0,5819.0,1,5829.0,5812.0,5820.0,5812.0,4.0,348960.0,1544
2023-05-09 21:05:09,ag2404,ag2404,5820.0,0.0,0.0,0.0,2,5810.0,5819.0,1,5829.0,5812.0,5820.0,5812.0,4.0,348960.0,1544
2023-05-09 21:05:09,ag2404,ag2404,5820.0,0.0,0.0,0.0,3,5810.0,5819.0,1,5829.0,5812.0,5820.0,5812.0,4.0,348960.0,1544
2023-05-09 21:05:10,ag2404,ag2404,5820.0,0.0,0.0,0.0,1,5811.0,5819.0,1,5829.0,5812.0,5820.0,5812.0,4.0,348960.0,1544
2023-05-09 21:05:10,ag2404,ag2404,5820.0,0.0,0.0,0.0,2,5811.0,5819.0,1,5829.0,5812.0,5820.0,5812.0,4.0,348960.0,1544
2023-05-09 21:05:12,ag2404,ag2404,5820.0,0.0,0.0,0.0,2,5810.0,5819.0,1,5829.0,5812.0,5820.0,5812.0,4.0,348960.0,1544
2023-05-09 21:05:13,ag2404,ag2404,5820.0,0.0,0.0,0.0,3,5810.0,5819.0,1,5829.0,5812.0,5820.0,5812.0,4.0,348960.0,1544
2023-05-09 21:05:13,ag2404,ag2404,5820.0,0.0,0.0,0.0,1,5811.0,5819.0,1,5829.0,5812.0,5820.0,5812.0,4.0,348960.0,1544
2023-05-09 21:05:14,ag2404,ag2404,5820.0,0.0,0.0,0.0,1,5811.0,5818.0,1,5829.0,5812.0,5820.0,5812.0,4.0,348960.0,1544
2023-05-09 21:05:14,ag2404,ag2404,5820.0,0.0,0.0,0.0,1,5811.0,5819.0,1,5829.0,5812.0,5820.0,5812.0,4.0,348960.0,1544
2023-05-09 21:05:21,ag2404,ag2404,5820.0,0.0,0.0,0.0,1,5811.0,5818.0,1,5829.0,5812.0,5820.0,5812.0,4.0,348960.0,1544
2023-05-09 21:05:22,ag2404,ag2404,5820.0,0.0,0.0,0.0,2,5810.0,5818.0,1,5829.0,5812.0,5820.0,5812.0,4.0,348960.0,1544
2023-05-09 21:05:23,ag2404,ag2404,5820.0,0.0,0.0,0.0,2,5810.0,5818.0,1,5829.0,5812.0,5820.0,5812.0,4.0,348960.0,1544
2023-05-09 21:05:23,ag2404,ag2404,5820.0,0.0,0.0,0.0,1,5811.0,5817.0,1,5829.0,5812.0,5820.0,5812.0,4.0,348960.0,1544
2023-05-09 21:05:24,ag2404,ag2404,5820.0,0.0,0.0,0.0,1,5811.0,5817.0,1,5829.0,5812.0,5820.0,5812.0,4.0,348960.0,1544
2023-05-09 21:05:24,ag2404,ag2404,5811.0,1.0,87165.0,-1.0,2,5810.0,5816.0,1,5829.0,5812.0,5820.0,5811.0,5.0,436125.0,1543
2023-05-09 21:05:25,ag2404,ag2404,5811.0,0.0,0.0,0.0,2,5810.0,5817.0,1,5829.0,5812.0,5820.0,5811.0,5.0,436125.0,1543
2023-05-09 21:05:26,ag2404,ag2404,5811.0,0.0,0.0,0.0,2,5810.0,5816.0,1,5829.0,5812.0,5820.0,5811.0,5.0,436125.0,1543
2023-05-09 21:05:28,ag2404,ag2404,5811.0,0.0,0.0,0.0,2,5810.0,5817.0,1,5829.0,5812.0,5820.0,5811.0,5.0,436125.0,1543
2023-05-09 21:05:29,ag2404,ag2404,5811.0,0.0,0.0,0.0,2,5810.0,5816.0,1,5829.0,5812.0,5820.0,5811.0,5.0,436125.0,1543
2023-05-09 21:05:32,ag2404,ag2404,5811.0,0.0,0.0,0.0,2,5810.0,5817.0,1,5829.0,5812.0,5820.0,5811.0,5.0,436125.0,1543
2023-05-09 21:05:33,ag2404,ag2404,5811.0,0.0,0.0,0.0,2,5810.0,5816.0,2,5829.0,5812.0,5820.0,5811.0,5.0,436125.0,1543
2023-05-09 21:05:33,ag2404,ag2404,5811.0,0.0,0.0,0.0,2,5810.0,5815.0,1,5829.0,5812.0,5820.0,5811.0,5.0,436125.0,1543
2023-05-09 21:05:34,ag2404,ag2404,5811.0,0.0,0.0,0.0,2,5810.0,5815.0,1,5829.0,5812.0,5820.0,5811.0,5.0,436125.0,1543
2023-05-09 21:05:37,ag2404,ag2404,5811.0,0.0,0.0,0.0,2,5810.0,5816.0,1,5829.0,5812.0,5820.0,5811.0,5.0,436125.0,1543
2023-05-09 21:05:38,ag2404,ag2404,5811.0,0.0,0.0,0.0,2,5810.0,5815.0,1,5829.0,5812.0,5820.0,5811.0,5.0,436125.0,1543
2023-05-09 21:05:39,ag2404,ag2404,5811.0,0.0,0.0,0.0,2,5810.0,5815.0,1,5829.0,5812.0,5820.0,5811.0,5.0,436125.0,1543
2023-05-09 21:05:44,ag2404,ag2404,5811.0,0.0,0.0,0.0,2,5810.0,5820.0,1,5829.0,5812.0,5820.0,5811.0,5.0,436125.0,1543
2023-05-09 21:05:44,ag2404,ag2404,5810.0,2.0,174300.0,0.0,1,5800.0,5813.0,1,5829.0,5812.0,5820.0,5810.0,7.0,610425.0,1543
2023-05-09 21:05:45,ag2404,ag2404,5810.0,0.0,0.0,0.0,3,5801.0,5813.0,1,5829.0,5812.0,5820.0,5810.0,7.0,610425.0,1543
2023-05-09 21:05:45,ag2404,ag2404,5810.0,0.0,0.0,0.0,4,5801.0,5813.0,1,5829.0,5812.0,5820.0,5810.0,7.0,610425.0,1543
2023-05-09 21:05:46,ag2404,ag2404,5810.0,0.0,0.0,0.0,7,5802.0,5813.0,1,5829.0,5812.0,5820.0,5810.0,7.0,610425.0,1543
2023-05-09 21:05:46,ag2404,ag2404,5810.0,0.0,0.0,0.0,1,5803.0,5812.0,1,5829.0,5812.0,5820.0,5810.0,7.0,610425.0,1543
2023-05-09 21:05:47,ag2404,ag2404,5810.0,0.0,0.0,0.0,1,5803.0,5812.0,1,5829.0,5812.0,5820.0,5810.0,7.0,610425.0,1543
2023-05-09 21:05:47,ag2404,ag2404,5810.0,0.0,0.0,0.0,1,5803.0,5812.0,1,5829.0,5812.0,5820.0,5810.0,7.0,610425.0,1543
2023-05-09 21:05:50,ag2404,ag2404,5810.0,0.0,0.0,0.0,1,5803.0,5813.0,1,5829.0,5812.0,5820.0,5810.0,7.0,610425.0,1543
2023-05-09 21:05:50,ag2404,ag2404,5810.0,0.0,0.0,0.0,1,5803.0,5818.0,5,5829.0,5812.0,5820.0,5810.0,7.0,610425.0,1543
2023-05-09 21:05:51,ag2404,ag2404,5810.0,0.0,0.0,0.0,1,5803.0,5815.0,1,5829.0,5812.0,5820.0,5810.0,7.0,610425.0,1543
2023-05-09 21:05:51,ag2404,ag2404,5810.0,0.0,0.0,0.0,1,5803.0,5815.0,1,5829.0,5812.0,5820.0,5810.0,7.0,610425.0,1543
2023-05-09 21:05:52,ag2404,ag2404,5810.0,0.0,0.0,0.0,1,5803.0,5814.0,1,5829.0,5812.0,5820.0,5810.0,7.0,610425.0,1543
2023-05-09 21:05:52,ag2404,ag2404,5810.0,0.0,0.0,0.0,1,5803.0,5813.0,1,5829.0,5812.0,5820.0,5810.0,7.0,610425.0,1543
2023-05-09 21:05:53,ag2404,ag2404,5810.0,0.0,0.0,0.0,1,5803.0,5815.0,1,5829.0,5812.0,5820.0,5810.0,7.0,610425.0,1543
2023-05-09 21:05:53,ag2404,ag2404,5810.0,0.0,0.0,0.0,1,5803.0,5814.0,1,5829.0,5812.0,5820.0,5810.0,7.0,610425.0,1543
2023-05-09 21:05:54,ag2404,ag2404,5810.0,0.0,0.0,0.0,1,5803.0,5814.0,1,5829.0,5812.0,5820.0,5810.0,7.0,610425.0,1543
2023-05-09 21:05:54,ag2404,ag2404,5810.0,0.0,0.0,0.0,1,5803.0,5815.0,1,5829.0,5812.0,5820.0,5810.0,7.0,610425.0,1543
2023-05-09 21:05:55,ag2404,ag2404,5810.0,0.0,0.0,0.0,1,5803.0,5814.0,1,5829.0,5812.0,5820.0,5810.0,7.0,610425.0,1543
2023-05-09 21:05:56,ag2404,ag2404,5810.0,0.0,0.0,0.0,1,5803.0,5815.0,1,5829.0,5812.0,5820.0,5810.0,7.0,610425.0,1543
2023-05-09 21:05:57,ag2404,ag2404,5810.0,0.0,0.0,0.0,1,5803.0,5815.0,1,5829.0,5812.0,5820.0,5810.0,7.0,610425.0,1543
2023-05-09 21:05:58,ag2404,ag2404,5810.0,0.0,0.0,0.0,1,5804.0,5819.0,1,5829.0,5812.0,5820.0,5810.0,7.0,610425.0,1543
2023-05-09 21:05:58,ag2404,ag2404,5810.0,0.0,0.0,0.0,1,5805.0,5817.0,1,5829.0,5812.0,5820.0,5810.0,7.0,610425.0,1543
2023-05-09 21:05:59,ag2404,ag2404,5810.0,0.0,0.0,0.0,1,5805.0,5817.0,1,5829.0,5812.0,5820.0,5810.0,7.0,610425.0,1543
2023-05-09 21:05:59,ag2404,ag2404,5810.0,0.0,0.0,0.0,1,5805.0,5816.0,1,5829.0,5812.0,5820.0,5810.0,7.0,610425.0,1543
2023-05-09 21:06:00,ag2404,ag2404,5810.0,0.0,0.0,0.0,1,5805.0,5816.0,1,5829.0,5812.0,5820.0,5810.0,7.0,610425.0,1543
2023-05-09 21:06:01,ag2404,ag2404,5810.0,0.0,0.0,0.0,1,5805.0,5816.0,1,5829.0,5812.0,5820.0,5810.0,7.0,610425.0,1543
2023-05-09 21:06:01,ag2404,ag2404,5810.0,0.0,0.0,0.0,1,5805.0,5819.0,6,5829.0,5812.0,5820.0,5810.0,7.0,610425.0,1543
2023-05-09 21:06:02,ag2404,ag2404,5810.0,0.0,0.0,0.0,1,5805.0,5816.0,1,5829.0,5812.0,5820.0,5810.0,7.0,610425.0,1543
2023-05-09 21:06:02,ag2404,ag2404,5810.0,0.0,0.0,0.0,1,5805.0,5816.0,1,5829.0,5812.0,5820.0,5810.0,7.0,610425.0,1543
2023-05-09 21:06:03,ag2404,ag2404,5810.0,0.0,0.0,0.0,1,5805.0,5815.0,1,5829.0,5812.0,5820.0,5810.0,7.0,610425.0,1543
2023-05-09 21:06:03,ag2404,ag2404,5810.0,0.0,0.0,0.0,1,5805.0,5815.0,1,5829.0,5812.0,5820.0,5810.0,7.0,610425.0,1543
2023-05-09 21:06:04,ag2404,ag2404,5810.0,0.0,0.0,0.0,1,5805.0,5814.0,2,5829.0,5812.0,5820.0,5810.0,7.0,610425.0,1543
2023-05-09 21:06:04,ag2404,ag2404,5810.0,0.0,0.0,0.0,1,5805.0,5814.0,2,5829.0,5812.0,5820.0,5810.0,7.0,610425.0,1543
2023-05-09 21:06:05,ag2404,ag2404,5810.0,0.0,0.0,0.0,1,5805.0,5814.0,1,5829.0,5812.0,5820.0,5810.0,7.0,610425.0,1543
2023-05-09 21:06:06,ag2404,ag2404,5810.0,0.0,0.0,0.0,3,5800.0,5813.0,1,5829.0,5812.0,5820.0,5810.0,7.0,610425.0,1543
2023-05-09 21:06:06,ag2404,ag2404,5810.0,0.0,0.0,0.0,11,5801.0,5813.0,1,5829.0,5812.0,5820.0,5810.0,7.0,610425.0,1543
2023-05-09 21:06:08,ag2404,ag2404,5810.0,0.0,0.0,0.0,11,5801.0,5819.0,6,5829.0,5812.0,5820.0,5810.0,7.0,610425.0,1543
2023-05-09 21:06:09,ag2404,ag2404,5810.0,0.0,0.0,0.0,3,5801.0,5812.0,1,5829.0,5812.0,5820.0,5810.0,7.0,610425.0,1543
2023-05-09 21:06:09,ag2404,ag2404,5810.0,0.0,0.0,0.0,3,5801.0,5812.0,1,5829.0,5812.0,5820.0,5810.0,7.0,610425.0,1543
2023-05-09 21:06:10,ag2404,ag2404,5810.0,0.0,0.0,0.0,1,5801.0,5811.0,1,5829.0,5812.0,5820.0,5810.0,7.0,610425.0,1543
2023-05-09 21:06:10,ag2404,ag2404,5810.0,0.0,0.0,0.0,2,5802.0,5810.0,1,5829.0,5812.0,5820.0,5810.0,7.0,610425.0,1543
2023-05-09 21:06:11,ag2404,ag2404,5810.0,0.0,0.0,0.0,1,5803.0,5811.0,1,5829.0,5812.0,5820.0,5810.0,7.0,610425.0,1543
2023-05-09 21:06:11,ag2404,ag2404,5810.0,0.0,0.0,0.0,1,5803.0,5819.0,4,5829.0,5812.0,5820.0,5810.0,7.0,610425.0,1543
2023-05-09 21:06:12,ag2404,ag2404,5810.0,0.0,0.0,0.0,1,5803.0,5812.0,1,5829.0,5812.0,5820.0,5810.0,7.0,610425.0,1543
2023-05-09 21:06:12,ag2404,ag2404,5810.0,0.0,0.0,0.0,1,5803.0,5812.0,1,5829.0,5812.0,5820.0,5810.0,7.0,610425.0,1543
2023-05-09 21:06:13,ag2404,ag2404,5810.0,0.0,0.0,0.0,3,5800.0,5811.0,1,5829.0,5812.0,5820.0,5810.0,7.0,610425.0,1543
2023-05-09 21:06:13,ag2404,ag2404,5810.0,0.0,0.0,0.0,3,5801.0,5812.0,1,5829.0,5812.0,5820.0,5810.0,7.0,610425.0,1543
2023-05-09 21:06:14,ag2404,ag2404,5810.0,0.0,0.0,0.0,3,5801.0,5811.0,1,5829.0,5812.0,5820.0,5810.0,7.0,610425.0,1543
2023-05-09 21:06:14,ag2404,ag2404,5810.0,0.0,0.0,0.0,3,5801.0,5812.0,1,5829.0,5812.0,5820.0,5810.0,7.0,610425.0,1543
2023-05-09 21:06:15,ag2404,ag2404,5810.0,0.0,0.0,0.0,3,5801.0,5811.0,1,5829.0,5812.0,5820.0,5810.0,7.0,610425.0,1543
2023-05-09 21:06:18,ag2404,ag2404,5810.0,0.0,0.0,0.0,3,5801.0,5812.0,1,5829.0,5812.0,5820.0,5810.0,7.0,610425.0,1543
2023-05-09 21:06:18,ag2404,ag2404,5810.0,0.0,0.0,0.0,3,5801.0,5811.0,1,5829.0,5812.0,5820.0,5810.0,7.0,610425.0,1543
2023-05-09 21:06:19,ag2404,ag2404,5810.0,0.0,0.0,0.0,1,5801.0,5816.0,5,5829.0,5812.0,5820.0,5810.0,7.0,610425.0,1543
2023-05-09 21:06:19,ag2404,ag2404,5810.0,0.0,0.0,0.0,1,5801.0,5809.0,1,5829.0,5812.0,5820.0,5810.0,7.0,610425.0,1543
2023-05-09 21:06:20,ag2404,ag2404,5810.0,0.0,0.0,0.0,1,5801.0,5809.0,1,5829.0,5812.0,5820.0,5810.0,7.0,610425.0,1543
2023-05-09 21:06:20,ag2404,ag2404,5810.0,0.0,0.0,0.0,3,5801.0,5815.0,2,5829.0,5812.0,5820.0,5810.0,7.0,610425.0,1543
2023-05-09 21:06:21,ag2404,ag2404,5810.0,0.0,0.0,0.0,1,5801.0,5810.0,1,5829.0,5812.0,5820.0,5810.0,7.0,610425.0,1543
2023-05-09 21:06:21,ag2404,ag2404,5810.0,0.0,0.0,0.0,1,5801.0,5810.0,1,5829.0,5812.0,5820.0,5810.0,7.0,610425.0,1543
2023-05-09 21:06:22,ag2404,ag2404,5810.0,0.0,0.0,0.0,1,5801.0,5809.0,1,5829.0,5812.0,5820.0,5810.0,7.0,610425.0,1543
2023-05-09 21:06:23,ag2404,ag2404,5810.0,0.0,0.0,0.0,1,5801.0,5809.0,1,5829.0,5812.0,5820.0,5810.0,7.0,610425.0,1543
2023-05-09 21:06:23,ag2404,ag2404,5810.0,0.0,0.0,0.0,1,5801.0,5815.0,1,5829.0,5812.0,5820.0,5810.0,7.0,610425.0,1543
2023-05-09 21:06:24,ag2404,ag2404,5810.0,0.0,0.0,0.0,3,5800.0,5807.0,1,5829.0,5812.0,5820.0,5810.0,7.0,610425.0,1543
2023-05-09 21:06:24,ag2404,ag2404,5810.0,0.0,0.0,0.0,1,5801.0,5807.0,1,5829.0,5812.0,5820.0,5810.0,7.0,610425.0,1543
2023-05-09 21:06:25,ag2404,ag2404,5810.0,0.0,0.0,0.0,3,5800.0,5806.0,1,5829.0,5812.0,5820.0,5810.0,7.0,610425.0,1543
2023-05-09 21:06:25,ag2404,ag2404,5810.0,0.0,0.0,0.0,4,5800.0,5807.0,1,5829.0,5812.0,5820.0,5810.0,7.0,610425.0,1543
2023-05-09 21:06:26,ag2404,ag2404,5810.0,0.0,0.0,0.0,4,5800.0,5807.0,1,5829.0,5812.0,5820.0,5810.0,7.0,610425.0,1543
2023-05-09 21:06:26,ag2404,ag2404,5810.0,0.0,0.0,0.0,4,5800.0,5807.0,1,5829.0,5812.0,5820.0,5810.0,7.0,610425.0,1543
2023-05-09 21:06:27,ag2404,ag2404,5810.0,0.0,0.0,0.0,4,5800.0,5807.0,1,5829.0,5812.0,5820.0,5810.0,7.0,610425.0,1543
2023-05-09 21:06:31,ag2404,ag2404,5810.0,0.0,0.0,0.0,4,5800.0,5807.0,1,5829.0,5812.0,5820.0,5810.0,7.0,610425.0,1543
2023-05-09 21:06:32,ag2404,ag2404,5810.0,0.0,0.0,0.0,4,5800.0,5807.0,1,5829.0,5812.0,5820.0,5810.0,7.0,610425.0,1543
2023-05-09 21:06:32,ag2404,ag2404,5810.0,0.0,0.0,0.0,3,5800.0,5807.0,1,5829.0,5812.0,5820.0,5810.0,7.0,610425.0,1543
2023-05-09 21:06:33,ag2404,ag2404,5810.0,0.0,0.0,0.0,4,5800.0,5807.0,1,5829.0,5812.0,5820.0,5810.0,7.0,610425.0,1543
2023-05-09 21:06:33,ag2404,ag2404,5810.0,0.0,0.0,0.0,3,5800.0,5807.0,1,5829.0,5812.0,5820.0,5810.0,7.0,610425.0,1543
2023-05-09 21:06:34,ag2404,ag2404,5800.0,1.0,87000.0,0.0,3,5800.0,5807.0,1,5829.0,5812.0,5820.0,5800.0,8.0,697425.0,1543
2023-05-09 21:06:34,ag2404,ag2404,5800.0,1.0,87000.0,0.0,2,5800.0,5807.0,1,5829.0,5812.0,5820.0,5800.0,9.0,784425.0,1543
2023-05-09 21:06:35,ag2404,ag2404,5800.0,0.0,0.0,0.0,1,5800.0,5807.0,1,5829.0,5812.0,5820.0,5800.0,9.0,784425.0,1543
2023-05-09 21:06:36,ag2404,ag2404,5800.0,0.0,0.0,0.0,2,5800.0,5810.0,1,5829.0,5812.0,5820.0,5800.0,9.0,784425.0,1543
2023-05-09 21:06:36,ag2404,ag2404,5800.0,0.0,0.0,0.0,1,5801.0,5809.0,1,5829.0,5812.0,5820.0,5800.0,9.0,784425.0,1543
2023-05-09 21:06:39,ag2404,ag2404,5800.0,0.0,0.0,0.0,1,5801.0,5810.0,2,5829.0,5812.0,5820.0,5800.0,9.0,784425.0,1543
2023-05-09 21:06:44,ag2404,ag2404,5800.0,0.0,0.0,0.0,1,5801.0,5810.0,1,5829.0,5812.0,5820.0,5800.0,9.0,784425.0,1543
2023-05-09 21:06:46,ag2404,ag2404,5800.0,0.0,0.0,0.0,1,5801.0,5815.0,1,5829.0,5812.0,5820.0,5800.0,9.0,784425.0,1543
2023-05-09 21:06:46,ag2404,ag2404,5800.0,0.0,0.0,0.0,1,5801.0,5811.0,1,5829.0,5812.0,5820.0,5800.0,9.0,784425.0,1543
2023-05-09 21:06:47,ag2404,ag2404,5800.0,0.0,0.0,0.0,1,5801.0,5811.0,1,5829.0,5812.0,5820.0,5800.0,9.0,784425.0,1543
2023-05-09 21:06:47,ag2404,ag2404,5800.0,0.0,0.0,0.0,1,5801.0,5810.0,1,5829.0,5812.0,5820.0,5800.0,9.0,784425.0,1543
2023-05-09 21:06:49,ag2404,ag2404,5800.0,0.0,0.0,0.0,1,5800.0,5810.0,1,5829.0,5812.0,5820.0,5800.0,9.0,784425.0,1543
2023-05-09 21:06:49,ag2404,ag2404,5800.0,0.0,0.0,0.0,2,5800.0,5810.0,1,5829.0,5812.0,5820.0,5800.0,9.0,784425.0,1543
2023-05-09 21:06:50,ag2404,ag2404,5800.0,0.0,0.0,0.0,1,5801.0,5810.0,1,5829.0,5812.0,5820.0,5800.0,9.0,784425.0,1543
2023-05-09 21:06:52,ag2404,ag2404,5800.0,0.0,0.0,0.0,1,5801.0,5811.0,1,5829.0,5812.0,5820.0,5800.0,9.0,784425.0,1543
2023-05-09 21:06:54,ag2404,ag2404,5800.0,0.0,0.0,0.0,1,5801.0,5815.0,1,5829.0,5812.0,5820.0,5800.0,9.0,784425.0,1543
2023-05-09 21:06:54,ag2404,ag2404,5800.0,0.0,0.0,0.0,2,5801.0,5813.0,1,5829.0,5812.0,5820.0,5800.0,9.0,784425.0,1543
2023-05-09 21:06:55,ag2404,ag2404,5800.0,0.0,0.0,0.0,2,5801.0,5813.0,1,5829.0,5812.0,5820.0,5800.0,9.0,784425.0,1543
2023-05-09 21:06:55,ag2404,ag2404,5800.0,0.0,0.0,0.0,2,5801.0,5813.0,1,5829.0,5812.0,5820.0,5800.0,9.0,784425.0,1543
2023-05-09 21:06:56,ag2404,ag2404,5800.0,0.0,0.0,0.0,2,5801.0,5812.0,1,5829.0,5812.0,5820.0,5800.0,9.0,784425.0,1543
2023-05-09 21:06:56,ag2404,ag2404,5800.0,0.0,0.0,0.0,1,5801.0,5812.0,1,5829.0,5812.0,5820.0,5800.0,9.0,784425.0,1543
2023-05-09 21:06:57,ag2404,ag2404,5800.0,0.0,0.0,0.0,1,5801.0,5811.0,1,5829.0,5812.0,5820.0,5800.0,9.0,784425.0,1543
2023-05-09 21:07:00,ag2404,ag2404,5800.0,0.0,0.0,0.0,1,5801.0,5815.0,1,5829.0,5812.0,5820.0,5800.0,9.0,784425.0,1543
2023-05-09 21:07:01,ag2404,ag2404,5800.0,0.0,0.0,0.0,3,5801.0,5810.0,2,5829.0,5812.0,5820.0,5800.0,9.0,784425.0,1543
2023-05-09 21:07:01,ag2404,ag2404,5800.0,0.0,0.0,0.0,3,5801.0,5810.0,2,5829.0,5812.0,5820.0,5800.0,9.0,784425.0,1543
2023-05-09 21:07:03,ag2404,ag2404,5800.0,0.0,0.0,0.0,3,5801.0,5809.0,1,5829.0,5812.0,5820.0,5800.0,9.0,784425.0,1543
2023-05-09 21:07:04,ag2404,ag2404,5800.0,0.0,0.0,0.0,3,5801.0,5809.0,1,5829.0,5812.0,5820.0,5800.0,9.0,784425.0,1543
2023-05-09 21:07:06,ag2404,ag2404,5800.0,0.0,0.0,0.0,3,5801.0,5810.0,2,5829.0,5812.0,5820.0,5800.0,9.0,784425.0,1543
2023-05-09 21:07:10,ag2404,ag2404,5800.0,0.0,0.0,0.0,3,5801.0,5809.0,1,5829.0,5812.0,5820.0,5800.0,9.0,784425.0,1543
2023-05-09 21:07:13,ag2404,ag2404,5800.0,0.0,0.0,0.0,3,5801.0,5810.0,2,5829.0,5812.0,5820.0,5800.0,9.0,784425.0,1543
2023-05-09 21:07:17,ag2404,ag2404,5800.0,0.0,0.0,0.0,3,5801.0,5809.0,1,5829.0,5812.0,5820.0,5800.0,9.0,784425.0,1543
2023-05-09 21:07:17,ag2404,ag2404,5800.0,0.0,0.0,0.0,2,5801.0,5808.0,1,5829.0,5812.0,5820.0,5800.0,9.0,784425.0,1543
2023-05-09 21:07:18,ag2404,ag2404,5800.0,0.0,0.0,0.0,3,5800.0,5808.0,1,5829.0,5812.0,5820.0,5800.0,9.0,784425.0,1543
2023-05-09 21:07:18,ag2404,ag2404,5800.0,0.0,0.0,0.0,4,5800.0,5808.0,3,5829.0,5812.0,5820.0,5800.0,9.0,784425.0,1543
2023-05-09 21:07:20,ag2404,ag2404,5800.0,0.0,0.0,0.0,1,5801.0,5808.0,2,5829.0,5812.0,5820.0,5800.0,9.0,784425.0,1543
2023-05-09 21:07:24,ag2404,ag2404,5800.0,0.0,0.0,0.0,3,5800.0,5808.0,2,5829.0,5812.0,5820.0,5800.0,9.0,784425.0,1543
2023-05-09 21:07:24,ag2404,ag2404,5800.0,0.0,0.0,0.0,5,5800.0,5808.0,2,5829.0,5812.0,5820.0,5800.0,9.0,784425.0,1543
2023-05-09 21:07:33,ag2404,ag2404,5800.0,0.0,0.0,0.0,4,5800.0,5808.0,2,5829.0,5812.0,5820.0,5800.0,9.0,784425.0,1543
2023-05-09 21:07:33,ag2404,ag2404,5800.0,0.0,0.0,0.0,1,5802.0,5807.0,1,5829.0,5812.0,5820.0,5800.0,9.0,784425.0,1543
2023-05-09 21:07:38,ag2404,ag2404,5800.0,0.0,0.0,0.0,1,5802.0,5808.0,2,5829.0,5812.0,5820.0,5800.0,9.0,784425.0,1543
2023-05-09 21:07:42,ag2404,ag2404,5800.0,0.0,0.0,0.0,1,5802.0,5807.0,1,5829.0,5812.0,5820.0,5800.0,9.0,784425.0,1543
2023-05-09 21:07:50,ag2404,ag2404,5800.0,0.0,0.0,0.0,1,5802.0,5808.0,2,5829.0,5812.0,5820.0,5800.0,9.0,784425.0,1543
2023-05-09 21:07:52,ag2404,ag2404,5808.0,1.0,87120.0,0.0,1,5802.0,5808.0,1,5829.0,5812.0,5820.0,5800.0,10.0,871545.0,1543
2023-05-09 21:07:52,ag2404,ag2404,5808.0,0.0,0.0,0.0,1,5804.0,5807.0,1,5829.0,5812.0,5820.0,5800.0,10.0,871545.0,1543
2023-05-09 21:07:53,ag2404,ag2404,5804.0,1.0,87060.0,-1.0,1,5802.0,5807.0,1,5829.0,5812.0,5820.0,5800.0,11.0,958605.0,1542
2023-05-09 21:07:53,ag2404,ag2404,5804.0,0.0,0.0,0.0,1,5802.0,5807.0,1,5829.0,5812.0,5820.0,5800.0,11.0,958605.0,1542
2023-05-09 21:07:54,ag2404,ag2404,5804.0,0.0,0.0,0.0,1,5802.0,5808.0,1,5829.0,5812.0,5820.0,5800.0,11.0,958605.0,1542
2023-05-09 21:07:59,ag2404,ag2404,5804.0,0.0,0.0,0.0,1,5802.0,5809.0,2,5829.0,5812.0,5820.0,5800.0,11.0,958605.0,1542
2023-05-09 21:08:00,ag2404,ag2404,5804.0,0.0,0.0,0.0,2,5802.0,5809.0,1,5829.0,5812.0,5820.0,5800.0,11.0,958605.0,1542
2023-05-09 21:08:00,ag2404,ag2404,5804.0,0.0,0.0,0.0,1,5802.0,5810.0,1,5829.0,5812.0,5820.0,5800.0,11.0,958605.0,1542
2023-05-09 21:08:01,ag2404,ag2404,5804.0,0.0,0.0,0.0,2,5802.0,5809.0,1,5829.0,5812.0,5820.0,5800.0,11.0,958605.0,1542
2023-05-09 21:08:01,ag2404,ag2404,5804.0,0.0,0.0,0.0,1,5802.0,5809.0,1,5829.0,5812.0,5820.0,5800.0,11.0,958605.0,1542
2023-05-09 21:08:05,ag2404,ag2404,5804.0,0.0,0.0,0.0,2,5802.0,5809.0,1,5829.0,5812.0,5820.0,5800.0,11.0,958605.0,1542
2023-05-09 21:08:06,ag2404,ag2404,5804.0,0.0,0.0,0.0,1,5802.0,5809.0,1,5829.0,5812.0,5820.0,5800.0,11.0,958605.0,1542
2023-05-09 21:08:07,ag2404,ag2404,5804.0,0.0,0.0,0.0,2,5802.0,5811.0,1,5829.0,5812.0,5820.0,5800.0,11.0,958605.0,1542
2023-05-09 21:08:08,ag2404,ag2404,5804.0,0.0,0.0,0.0,1,5803.0,5811.0,1,5829.0,5812.0,5820.0,5800.0,11.0,958605.0,1542
2023-05-09 21:08:08,ag2404,ag2404,5804.0,0.0,0.0,0.0,3,5803.0,5810.0,1,5829.0,5812.0,5820.0,5800.0,11.0,958605.0,1542
2023-05-09 21:08:09,ag2404,ag2404,5804.0,0.0,0.0,0.0,2,5803.0,5810.0,1,5829.0,5812.0,5820.0,5800.0,11.0,958605.0,1542
2023-05-09 21:08:09,ag2404,ag2404,5804.0,0.0,0.0,0.0,3,5803.0,5810.0,1,5829.0,5812.0,5820.0,5800.0,11.0,958605.0,1542
2023-05-09 21:08:13,ag2404,ag2404,5804.0,0.0,0.0,0.0,1,5804.0,5810.0,1,5829.0,5812.0,5820.0,5800.0,11.0,958605.0,1542
2023-05-09 21:08:13,ag2404,ag2404,5804.0,0.0,0.0,0.0,2,5803.0,5810.0,1,5829.0,5812.0,5820.0,5800.0,11.0,958605.0,1542
2023-05-09 21:08:14,ag2404,ag2404,5804.0,0.0,0.0,0.0,3,5803.0,5811.0,1,5829.0,5812.0,5820.0,5800.0,11.0,958605.0,1542
2023-05-09 21:08:14,ag2404,ag2404,5804.0,0.0,0.0,0.0,1,5804.0,5811.0,1,5829.0,5812.0,5820.0,5800.0,11.0,958605.0,1542
2023-05-09 21:08:16,ag2404,ag2404,5804.0,0.0,0.0,0.0,1,5804.0,5822.0,1,5829.0,5812.0,5820.0,5800.0,11.0,958605.0,1542
2023-05-09 21:08:17,ag2404,ag2404,5804.0,0.0,0.0,0.0,1,5804.0,5813.0,1,5829.0,5812.0,5820.0,5800.0,11.0,958605.0,1542
2023-05-09 21:08:17,ag2404,ag2404,5804.0,0.0,0.0,0.0,2,5805.0,5813.0,1,5829.0,5812.0,5820.0,5800.0,11.0,958605.0,1542
2023-05-09 21:08:18,ag2404,ag2404,5804.0,0.0,0.0,0.0,3,5805.0,5812.0,1,5829.0,5812.0,5820.0,5800.0,11.0,958605.0,1542
2023-05-09 21:08:18,ag2404,ag2404,5804.0,0.0,0.0,0.0,3,5805.0,5813.0,1,5829.0,5812.0,5820.0,5800.0,11.0,958605.0,1542
2023-05-09 21:08:19,ag2404,ag2404,5804.0,0.0,0.0,0.0,1,5806.0,5812.0,1,5829.0,5812.0,5820.0,5800.0,11.0,958605.0,1542
2023-05-09 21:08:19,ag2404,ag2404,5804.0,0.0,0.0,0.0,2,5805.0,5812.0,1,5829.0,5812.0,5820.0,5800.0,11.0,958605.0,1542
2023-05-09 21:08:21,ag2404,ag2404,5804.0,0.0,0.0,0.0,3,5805.0,5812.0,1,5829.0,5812.0,5820.0,5800.0,11.0,958605.0,1542
2023-05-09 21:08:22,ag2404,ag2404,5804.0,0.0,0.0,0.0,2,5805.0,5813.0,1,5829.0,5812.0,5820.0,5800.0,11.0,958605.0,1542
2023-05-09 21:08:23,ag2404,ag2404,5804.0,0.0,0.0,0.0,2,5805.0,5812.0,1,5829.0,5812.0,5820.0,5800.0,11.0,958605.0,1542
2023-05-09 21:08:23,ag2404,ag2404,5804.0,0.0,0.0,0.0,3,5805.0,5812.0,1,5829.0,5812.0,5820.0,5800.0,11.0,958605.0,1542
2023-05-09 21:08:25,ag2404,ag2404,5804.0,0.0,0.0,0.0,3,5805.0,5813.0,1,5829.0,5812.0,5820.0,5800.0,11.0,958605.0,1542
2023-05-09 21:08:25,ag2404,ag2404,5804.0,0.0,0.0,0.0,3,5805.0,5812.0,1,5829.0,5812.0,5820.0,5800.0,11.0,958605.0,1542
2023-05-09 21:08:27,ag2404,ag2404,5804.0,0.0,0.0,0.0,3,5805.0,5813.0,1,5829.0,5812.0,5820.0,5800.0,11.0,958605.0,1542
2023-05-09 21:08:27,ag2404,ag2404,5804.0,0.0,0.0,0.0,1,5806.0,5813.0,1,5829.0,5812.0,5820.0,5800.0,11.0,958605.0,1542
2023-05-09 21:08:28,ag2404,ag2404,5804.0,0.0,0.0,0.0,2,5805.0,5813.0,1,5829.0,5812.0,5820.0,5800.0,11.0,958605.0,1542
2023-05-09 21:08:28,ag2404,ag2404,5804.0,0.0,0.0,0.0,3,5805.0,5813.0,1,5829.0,5812.0,5820.0,5800.0,11.0,958605.0,1542
2023-05-09 21:08:29,ag2404,ag2404,5804.0,0.0,0.0,0.0,1,5806.0,5813.0,1,5829.0,5812.0,5820.0,5800.0,11.0,958605.0,1542
2023-05-09 21:08:30,ag2404,ag2404,5804.0,0.0,0.0,0.0,2,5805.0,5813.0,1,5829.0,5812.0,5820.0,5800.0,11.0,958605.0,1542
2023-05-09 21:08:30,ag2404,ag2404,5804.0,0.0,0.0,0.0,1,5806.0,5813.0,1,5829.0,5812.0,5820.0,5800.0,11.0,958605.0,1542
2023-05-09 21:08:35,ag2404,ag2404,5804.0,0.0,0.0,0.0,2,5805.0,5812.0,1,5829.0,5812.0,5820.0,5800.0,11.0,958605.0,1542
2023-05-09 21:08:35,ag2404,ag2404,5804.0,0.0,0.0,0.0,3,5805.0,5812.0,1,5829.0,5812.0,5820.0,5800.0,11.0,958605.0,1542
2023-05-09 21:08:36,ag2404,ag2404,5804.0,0.0,0.0,0.0,3,5805.0,5813.0,1,5829.0,5812.0,5820.0,5800.0,11.0,958605.0,1542
2023-05-09 21:08:37,ag2404,ag2404,5804.0,0.0,0.0,0.0,1,5806.0,5813.0,1,5829.0,5812.0,5820.0,5800.0,11.0,958605.0,1542
2023-05-09 21:08:39,ag2404,ag2404,5804.0,0.0,0.0,0.0,1,5806.0,5814.0,2,5829.0,5812.0,5820.0,5800.0,11.0,958605.0,1542
2023-05-09 21:08:43,ag2404,ag2404,5804.0,0.0,0.0,0.0,1,5806.0,5813.0,1,5829.0,5812.0,5820.0,5800.0,11.0,958605.0,1542
2023-05-09 21:08:44,ag2404,ag2404,5804.0,0.0,0.0,0.0,1,5806.0,5814.0,3,5829.0,5812.0,5820.0,5800.0,11.0,958605.0,1542
2023-05-09 21:08:44,ag2404,ag2404,5804.0,0.0,0.0,0.0,1,5806.0,5813.0,1,5829.0,5812.0,5820.0,5800.0,11.0,958605.0,1542
2023-05-09 21:08:45,ag2404,ag2404,5804.0,0.0,0.0,0.0,1,5806.0,5814.0,3,5829.0,5812.0,5820.0,5800.0,11.0,958605.0,1542
2023-05-09 21:08:47,ag2404,ag2404,5804.0,0.0,0.0,0.0,1,5806.0,5814.0,2,5829.0,5812.0,5820.0,5800.0,11.0,958605.0,1542
2023-05-09 21:08:51,ag2404,ag2404,5804.0,0.0,0.0,0.0,1,5806.0,5817.0,1,5829.0,5812.0,5820.0,5800.0,11.0,958605.0,1542
2023-05-09 21:08:51,ag2404,ag2404,5804.0,0.0,0.0,0.0,1,5806.0,5816.0,4,5829.0,5812.0,5820.0,5800.0,11.0,958605.0,1542
2023-05-09 21:08:52,ag2404,ag2404,5804.0,0.0,0.0,0.0,2,5807.0,5816.0,3,5829.0,5812.0,5820.0,5800.0,11.0,958605.0,1542
2023-05-09 21:08:52,ag2404,ag2404,5804.0,0.0,0.0,0.0,1,5808.0,5816.0,3,5829.0,5812.0,5820.0,5800.0,11.0,958605.0,1542
2023-05-09 21:08:53,ag2404,ag2404,5804.0,0.0,0.0,0.0,1,5808.0,5816.0,3,5829.0,5812.0,5820.0,5800.0,11.0,958605.0,1542
2023-05-09 21:08:55,ag2404,ag2404,5804.0,0.0,0.0,0.0,1,5808.0,5816.0,2,5829.0,5812.0,5820.0,5800.0,11.0,958605.0,1542
2023-05-09 21:09:32,ag2404,ag2404,5804.0,0.0,0.0,0.0,1,5808.0,5821.0,2,5829.0,5812.0,5820.0,5800.0,11.0,958605.0,1542
2023-05-09 21:09:33,ag2404,ag2404,5804.0,0.0,0.0,0.0,1,5808.0,5818.0,3,5829.0,5812.0,5820.0,5800.0,11.0,958605.0,1542
2023-05-09 21:09:33,ag2404,ag2404,5804.0,0.0,0.0,0.0,2,5809.0,5818.0,3,5829.0,5812.0,5820.0,5800.0,11.0,958605.0,1542
2023-05-09 21:09:34,ag2404,ag2404,5804.0,0.0,0.0,0.0,1,5810.0,5818.0,2,5829.0,5812.0,5820.0,5800.0,11.0,958605.0,1542
2023-05-09 21:09:35,ag2404,ag2404,5804.0,0.0,0.0,0.0,1,5810.0,5821.0,1,5829.0,5812.0,5820.0,5800.0,11.0,958605.0,1542
2023-05-09 21:09:35,ag2404,ag2404,5804.0,0.0,0.0,0.0,1,5810.0,5820.0,3,5829.0,5812.0,5820.0,5800.0,11.0,958605.0,1542
2023-05-09 21:09:36,ag2404,ag2404,5804.0,0.0,0.0,0.0,2,5811.0,5820.0,3,5829.0,5812.0,5820.0,5800.0,11.0,958605.0,1542
2023-05-09 21:09:36,ag2404,ag2404,5804.0,0.0,0.0,0.0,1,5812.0,5820.0,3,5829.0,5812.0,5820.0,5800.0,11.0,958605.0,1542
2023-05-09 21:09:37,ag2404,ag2404,5804.0,0.0,0.0,0.0,2,5811.0,5820.0,2,5829.0,5812.0,5820.0,5800.0,11.0,958605.0,1542
2023-05-09 21:09:38,ag2404,ag2404,5804.0,0.0,0.0,0.0,3,5811.0,5819.0,1,5829.0,5812.0,5820.0,5800.0,11.0,958605.0,1542
2023-05-09 21:09:40,ag2404,ag2404,5804.0,0.0,0.0,0.0,3,5811.0,5820.0,2,5829.0,5812.0,5820.0,5800.0,11.0,958605.0,1542
2023-05-09 21:09:40,ag2404,ag2404,5804.0,0.0,0.0,0.0,3,5811.0,5819.0,1,5829.0,5812.0,5820.0,5800.0,11.0,958605.0,1542
2023-05-09 21:09:41,ag2404,ag2404,5804.0,0.0,0.0,0.0,1,5802.0,5819.0,3,5829.0,5812.0,5820.0,5800.0,11.0,958605.0,1542
2023-05-09 21:09:41,ag2404,ag2404,5804.0,0.0,0.0,0.0,2,5809.0,5818.0,2,5829.0,5812.0,5820.0,5800.0,11.0,958605.0,1542
2023-05-09 21:09:42,ag2404,ag2404,5804.0,0.0,0.0,0.0,1,5810.0,5818.0,2,5829.0,5812.0,5820.0,5800.0,11.0,958605.0,1542
2023-05-09 21:09:45,ag2404,ag2404,5804.0,0.0,0.0,0.0,1,5810.0,5818.0,2,5829.0,5812.0,5820.0,5800.0,11.0,958605.0,1542
2023-05-09 21:09:46,ag2404,ag2404,5804.0,0.0,0.0,0.0,1,5810.0,5817.0,1,5829.0,5812.0,5820.0,5800.0,11.0,958605.0,1542
2023-05-09 21:09:53,ag2404,ag2404,5804.0,0.0,0.0,0.0,1,5810.0,5818.0,3,5829.0,5812.0,5820.0,5800.0,11.0,958605.0,1542
2023-05-09 21:09:53,ag2404,ag2404,5804.0,0.0,0.0,0.0,1,5810.0,5817.0,1,5829.0,5812.0,5820.0,5800.0,11.0,958605.0,1542
2023-05-09 21:09:57,ag2404,ag2404,5804.0,0.0,0.0,0.0,1,5810.0,5818.0,3,5829.0,5812.0,5820.0,5800.0,11.0,958605.0,1542
2023-05-09 21:09:57,ag2404,ag2404,5804.0,0.0,0.0,0.0,1,5810.0,5817.0,1,5829.0,5812.0,5820.0,5800.0,11.0,958605.0,1542
2023-05-09 21:10:00,ag2404,ag2404,5804.0,0.0,0.0,0.0,1,5810.0,5818.0,3,5829.0,5812.0,5820.0,5800.0,11.0,958605.0,1542
2023-05-09 21:10:01,ag2404,ag2404,5804.0,0.0,0.0,0.0,1,5810.0,5817.0,1,5829.0,5812.0,5820.0,5800.0,11.0,958605.0,1542
2023-05-09 21:10:02,ag2404,ag2404,5818.0,3.0,261795.0,0.0,1,5810.0,5818.0,1,5829.0,5812.0,5820.0,5800.0,14.0,1220400.0,1542
2023-05-09 21:10:03,ag2404,ag2404,5818.0,0.0,0.0,0.0,2,5813.0,5818.0,1,5829.0,5812.0,5820.0,5800.0,14.0,1220400.0,1542
2023-05-09 21:10:03,ag2404,ag2404,5813.0,2.0,174390.0,-2.0,2,5809.0,5818.0,1,5829.0,5812.0,5820.0,5800.0,16.0,1394790.0,1540
2023-05-09 21:10:04,ag2404,ag2404,5813.0,0.0,0.0,0.0,3,5810.0,5818.0,3,5829.0,5812.0,5820.0,5800.0,16.0,1394790.0,1540
2023-05-09 21:10:04,ag2404,ag2404,5813.0,0.0,0.0,0.0,2,5810.0,5818.0,3,5829.0,5812.0,5820.0,5800.0,16.0,1394790.0,1540
2023-05-09 21:10:07,ag2404,ag2404,5813.0,0.0,0.0,0.0,1,5810.0,5818.0,3,5829.0,5812.0,5820.0,5800.0,16.0,1394790.0,1540
2023-05-09 21:10:07,ag2404,ag2404,5813.0,0.0,0.0,0.0,1,5811.0,5818.0,3,5829.0,5812.0,5820.0,5800.0,16.0,1394790.0,1540
2023-05-09 21:10:08,ag2404,ag2404,5813.0,0.0,0.0,0.0,1,5811.0,5818.0,3,5829.0,5812.0,5820.0,5800.0,16.0,1394790.0,1540
2023-05-09 21:10:08,ag2404,ag2404,5813.0,0.0,0.0,0.0,1,5812.0,5818.0,3,5829.0,5812.0,5820.0,5800.0,16.0,1394790.0,1540
2023-05-09 21:10:09,ag2404,ag2404,5813.0,0.0,0.0,0.0,1,5812.0,5818.0,3,5829.0,5812.0,5820.0,5800.0,16.0,1394790.0,1540
2023-05-09 21:10:10,ag2404,ag2404,5813.0,0.0,0.0,0.0,2,5809.0,5818.0,3,5829.0,5812.0,5820.0,5800.0,16.0,1394790.0,1540
2023-05-09 21:10:11,ag2404,ag2404,5813.0,0.0,0.0,0.0,3,5810.0,5818.0,3,5829.0,5812.0,5820.0,5800.0,16.0,1394790.0,1540
2023-05-09 21:10:11,ag2404,ag2404,5813.0,0.0,0.0,0.0,4,5810.0,5818.0,3,5829.0,5812.0,5820.0,5800.0,16.0,1394790.0,1540
2023-05-09 21:10:12,ag2404,ag2404,5813.0,0.0,0.0,0.0,3,5810.0,5818.0,2,5829.0,5812.0,5820.0,5800.0,16.0,1394790.0,1540
2023-05-09 21:10:12,ag2404,ag2404,5813.0,0.0,0.0,0.0,1,5811.0,5825.0,1,5829.0,5812.0,5820.0,5800.0,16.0,1394790.0,1540
2023-05-09 21:10:13,ag2404,ag2404,5813.0,0.0,0.0,0.0,1,5812.0,5820.0,3,5829.0,5812.0,5820.0,5800.0,16.0,1394790.0,1540
2023-05-09 21:10:13,ag2404,ag2404,5813.0,0.0,0.0,0.0,1,5813.0,5820.0,3,5829.0,5812.0,5820.0,5800.0,16.0,1394790.0,1540
2023-05-09 21:10:14,ag2404,ag2404,5813.0,0.0,0.0,0.0,1,5814.0,5820.0,3,5829.0,5812.0,5820.0,5800.0,16.0,1394790.0,1540
2023-05-09 21:10:14,ag2404,ag2404,5813.0,0.0,0.0,0.0,2,5811.0,5820.0,3,5829.0,5812.0,5820.0,5800.0,16.0,1394790.0,1540
2023-05-09 21:10:15,ag2404,ag2404,5813.0,0.0,0.0,0.0,3,5811.0,5820.0,3,5829.0,5812.0,5820.0,5800.0,16.0,1394790.0,1540
2023-05-09 21:10:15,ag2404,ag2404,5813.0,0.0,0.0,0.0,1,5812.0,5820.0,3,5829.0,5812.0,5820.0,5800.0,16.0,1394790.0,1540
2023-05-09 21:10:16,ag2404,ag2404,5813.0,0.0,0.0,0.0,1,5812.0,5820.0,3,5829.0,5812.0,5820.0,5800.0,16.0,1394790.0,1540
2023-05-09 21:10:20,ag2404,ag2404,5813.0,0.0,0.0,0.0,2,5811.0,5820.0,3,5829.0,5812.0,5820.0,5800.0,16.0,1394790.0,1540
2023-05-09 21:10:20,ag2404,ag2404,5813.0,0.0,0.0,0.0,1,5812.0,5820.0,3,5829.0,5812.0,5820.0,5800.0,16.0,1394790.0,1540
2023-05-09 21:10:21,ag2404,ag2404,5813.0,0.0,0.0,0.0,2,5812.0,5820.0,3,5829.0,5812.0,5820.0,5800.0,16.0,1394790.0,1540
2023-05-09 21:10:22,ag2404,ag2404,5813.0,0.0,0.0,0.0,2,5812.0,5820.0,3,5829.0,5812.0,5820.0,5800.0,16.0,1394790.0,1540
2023-05-09 21:10:24,ag2404,ag2404,5813.0,0.0,0.0,0.0,1,5813.0,5820.0,3,5829.0,5812.0,5820.0,5800.0,16.0,1394790.0,1540
2023-05-09 21:10:24,ag2404,ag2404,5813.0,0.0,0.0,0.0,1,5812.0,5820.0,3,5829.0,5812.0,5820.0,5800.0,16.0,1394790.0,1540
2023-05-09 21:10:25,ag2404,ag2404,5813.0,0.0,0.0,0.0,2,5812.0,5820.0,3,5829.0,5812.0,5820.0,5800.0,16.0,1394790.0,1540
2023-05-09 21:10:26,ag2404,ag2404,5813.0,0.0,0.0,0.0,1,5812.0,5820.0,3,5829.0,5812.0,5820.0,5800.0,16.0,1394790.0,1540
2023-05-09 21:10:26,ag2404,ag2404,5813.0,0.0,0.0,0.0,1,5813.0,5820.0,3,5829.0,5812.0,5820.0,5800.0,16.0,1394790.0,1540
2023-05-09 21:10:27,ag2404,ag2404,5813.0,0.0,0.0,0.0,1,5813.0,5820.0,3,5829.0,5812.0,5820.0,5800.0,16.0,1394790.0,1540
2023-05-09 21:10:36,ag2404,ag2404,5813.0,0.0,0.0,0.0,2,5811.0,5820.0,3,5829.0,5812.0,5820.0,5800.0,16.0,1394790.0,1540
2023-05-09 21:10:36,ag2404,ag2404,5813.0,0.0,0.0,0.0,1,5812.0,5820.0,3,5829.0,5812.0,5820.0,5800.0,16.0,1394790.0,1540
2023-05-09 21:10:37,ag2404,ag2404,5813.0,0.0,0.0,0.0,2,5812.0,5820.0,3,5829.0,5812.0,5820.0,5800.0,16.0,1394790.0,1540
2023-05-09 21:10:43,ag2404,ag2404,5813.0,0.0,0.0,0.0,1,5812.0,5820.0,3,5829.0,5812.0,5820.0,5800.0,16.0,1394790.0,1540
2023-05-09 21:10:44,ag2404,ag2404,5813.0,0.0,0.0,0.0,1,5813.0,5820.0,3,5829.0,5812.0,5820.0,5800.0,16.0,1394790.0,1540
2023-05-09 21:10:44,ag2404,ag2404,5813.0,0.0,0.0,0.0,1,5813.0,5820.0,3,5829.0,5812.0,5820.0,5800.0,16.0,1394790.0,1540
2023-05-09 21:10:46,ag2404,ag2404,5813.0,0.0,0.0,0.0,2,5811.0,5820.0,3,5829.0,5812.0,5820.0,5800.0,16.0,1394790.0,1540
2023-05-09 21:10:47,ag2404,ag2404,5813.0,0.0,0.0,0.0,1,5812.0,5820.0,3,5829.0,5812.0,5820.0,5800.0,16.0,1394790.0,1540
2023-05-09 21:10:47,ag2404,ag2404,5813.0,0.0,0.0,0.0,2,5812.0,5820.0,3,5829.0,5812.0,5820.0,5800.0,16.0,1394790.0,1540
2023-05-09 21:10:48,ag2404,ag2404,5813.0,0.0,0.0,0.0,1,5812.0,5820.0,3,5829.0,5812.0,5820.0,5800.0,16.0,1394790.0,1540
2023-05-09 21:10:49,ag2404,ag2404,5813.0,0.0,0.0,0.0,1,5813.0,5820.0,3,5829.0,5812.0,5820.0,5800.0,16.0,1394790.0,1540
2023-05-09 21:10:51,ag2404,ag2404,5813.0,0.0,0.0,0.0,2,5811.0,5820.0,3,5829.0,5812.0,5820.0,5800.0,16.0,1394790.0,1540
2023-05-09 21:10:52,ag2404,ag2404,5813.0,0.0,0.0,0.0,3,5812.0,5820.0,3,5829.0,5812.0,5820.0,5800.0,16.0,1394790.0,1540
2023-05-09 21:10:52,ag2404,ag2404,5813.0,0.0,0.0,0.0,4,5812.0,5820.0,3,5829.0,5812.0,5820.0,5800.0,16.0,1394790.0,1540
2023-05-09 21:10:55,ag2404,ag2404,5813.0,0.0,0.0,0.0,2,5812.0,5820.0,3,5829.0,5812.0,5820.0,5800.0,16.0,1394790.0,1540
2023-05-09 21:11:01,ag2404,ag2404,5813.0,0.0,0.0,0.0,1,5812.0,5820.0,3,5829.0,5812.0,5820.0,5800.0,16.0,1394790.0,1540
2023-05-09 21:11:01,ag2404,ag2404,5813.0,0.0,0.0,0.0,1,5813.0,5820.0,3,5829.0,5812.0,5820.0,5800.0,16.0,1394790.0,1540
2023-05-09 21:11:02,ag2404,ag2404,5813.0,0.0,0.0,0.0,1,5813.0,5820.0,3,5829.0,5812.0,5820.0,5800.0,16.0,1394790.0,1540
2023-05-09 21:11:10,ag2404,ag2404,5813.0,0.0,0.0,0.0,2,5811.0,5820.0,3,5829.0,5812.0,5820.0,5800.0,16.0,1394790.0,1540
2023-05-09 21:11:11,ag2404,ag2404,5813.0,0.0,0.0,0.0,3,5811.0,5820.0,3,5829.0,5812.0,5820.0,5800.0,16.0,1394790.0,1540
2023-05-09 21:11:11,ag2404,ag2404,5813.0,0.0,0.0,0.0,1,5812.0,5820.0,3,5829.0,5812.0,5820.0,5800.0,16.0,1394790.0,1540
2023-05-09 21:11:12,ag2404,ag2404,5813.0,0.0,0.0,0.0,1,5812.0,5820.0,3,5829.0,5812.0,5820.0,5800.0,16.0,1394790.0,1540
2023-05-09 21:11:14,ag2404,ag2404,5813.0,0.0,0.0,0.0,2,5812.0,5820.0,3,5829.0,5812.0,5820.0,5800.0,16.0,1394790.0,1540
2023-05-09 21:11:15,ag2404,ag2404,5813.0,0.0,0.0,0.0,1,5812.0,5820.0,3,5829.0,5812.0,5820.0,5800.0,16.0,1394790.0,1540
2023-05-09 21:11:16,ag2404,ag2404,5813.0,0.0,0.0,0.0,4,5813.0,5820.0,1,5829.0,5812.0,5820.0,5800.0,16.0,1394790.0,1540
2023-05-09 21:11:16,ag2404,ag2404,5813.0,0.0,0.0,0.0,4,5813.0,5820.0,1,5829.0,5812.0,5820.0,5800.0,16.0,1394790.0,1540
2023-05-09 21:11:18,ag2404,ag2404,5813.0,0.0,0.0,0.0,1,5813.0,5820.0,1,5829.0,5812.0,5820.0,5800.0,16.0,1394790.0,1540
2023-05-09 21:11:19,ag2404,ag2404,5813.0,0.0,0.0,0.0,1,5814.0,5820.0,1,5829.0,5812.0,5820.0,5800.0,16.0,1394790.0,1540
2023-05-09 21:11:19,ag2404,ag2404,5813.0,0.0,0.0,0.0,1,5814.0,5820.0,1,5829.0,5812.0,5820.0,5800.0,16.0,1394790.0,1540
2023-05-09 21:11:20,ag2404,ag2404,5813.0,0.0,0.0,0.0,1,5813.0,5820.0,1,5829.0,5812.0,5820.0,5800.0,16.0,1394790.0,1540
2023-05-09 21:11:21,ag2404,ag2404,5813.0,0.0,0.0,0.0,2,5813.0,5820.0,1,5829.0,5812.0,5820.0,5800.0,16.0,1394790.0,1540
2023-05-09 21:11:21,ag2404,ag2404,5813.0,0.0,0.0,0.0,2,5814.0,5821.0,1,5829.0,5812.0,5820.0,5800.0,16.0,1394790.0,1540
2023-05-09 21:11:22,ag2404,ag2404,5813.0,0.0,0.0,0.0,3,5814.0,5822.0,1,5829.0,5812.0,5820.0,5800.0,16.0,1394790.0,1540
2023-05-09 21:11:22,ag2404,ag2404,5813.0,0.0,0.0,0.0,3,5814.0,5822.0,3,5829.0,5812.0,5820.0,5800.0,16.0,1394790.0,1540
2023-05-09 21:11:23,ag2404,ag2404,5813.0,0.0,0.0,0.0,1,5815.0,5822.0,3,5829.0,5812.0,5820.0,5800.0,16.0,1394790.0,1540
2023-05-09 21:11:23,ag2404,ag2404,5813.0,0.0,0.0,0.0,1,5815.0,5822.0,3,5829.0,5812.0,5820.0,5800.0,16.0,1394790.0,1540
2023-05-09 21:11:24,ag2404,ag2404,5813.0,0.0,0.0,0.0,1,5815.0,5822.0,3,5829.0,5812.0,5820.0,5800.0,16.0,1394790.0,1540
2023-05-09 21:11:34,ag2404,ag2404,5813.0,2.0,174390.0,0.0,1,5812.0,5821.0,1,5829.0,5812.0,5820.0,5800.0,18.0,1569180.0,1540
2023-05-09 21:11:35,ag2404,ag2404,5813.0,0.0,0.0,0.0,1,5813.0,5819.0,1,5829.0,5812.0,5820.0,5800.0,18.0,1569180.0,1540
2023-05-09 21:11:35,ag2404,ag2404,5813.0,0.0,0.0,0.0,1,5813.0,5819.0,1,5829.0,5812.0,5820.0,5800.0,18.0,1569180.0,1540
2023-05-09 21:11:36,ag2404,ag2404,5813.0,0.0,0.0,0.0,1,5814.0,5819.0,1,5829.0,5812.0,5820.0,5800.0,18.0,1569180.0,1540
2023-05-09 21:11:36,ag2404,ag2404,5813.0,0.0,0.0,0.0,2,5814.0,5819.0,1,5829.0,5812.0,5820.0,5800.0,18.0,1569180.0,1540
2023-05-09 21:11:40,ag2404,ag2404,5813.0,0.0,0.0,0.0,2,5814.0,5819.0,1,5829.0,5812.0,5820.0,5800.0,18.0,1569180.0,1540
2023-05-09 21:11:42,ag2404,ag2404,5813.0,0.0,0.0,0.0,1,5815.0,5819.0,1,5829.0,5812.0,5820.0,5800.0,18.0,1569180.0,1540
2023-05-09 21:11:43,ag2404,ag2404,5813.0,0.0,0.0,0.0,1,5814.0,5819.0,1,5829.0,5812.0,5820.0,5800.0,18.0,1569180.0,1540
2023-05-09 21:11:43,ag2404,ag2404,5813.0,0.0,0.0,0.0,2,5814.0,5819.0,1,5829.0,5812.0,5820.0,5800.0,18.0,1569180.0,1540
2023-05-09 21:11:44,ag2404,ag2404,5813.0,0.0,0.0,0.0,1,5815.0,5819.0,1,5829.0,5812.0,5820.0,5800.0,18.0,1569180.0,1540
2023-05-09 21:11:45,ag2404,ag2404,5813.0,0.0,0.0,0.0,1,5815.0,5822.0,2,5829.0,5812.0,5820.0,5800.0,18.0,1569180.0,1540
2023-05-09 21:11:45,ag2404,ag2404,5813.0,0.0,0.0,0.0,1,5815.0,5820.0,1,5829.0,5812.0,5820.0,5800.0,18.0,1569180.0,1540
2023-05-09 21:11:47,ag2404,ag2404,5820.0,1.0,87300.0,0.0,1,5815.0,5822.0,1,5829.0,5812.0,5820.0,5800.0,19.0,1656480.0,1540
2023-05-09 21:11:47,ag2404,ag2404,5820.0,0.0,0.0,0.0,1,5816.0,5824.0,1,5829.0,5812.0,5820.0,5800.0,19.0,1656480.0,1540
2023-05-09 21:11:48,ag2404,ag2404,5820.0,0.0,0.0,0.0,1,5817.0,5824.0,1,5829.0,5812.0,5820.0,5800.0,19.0,1656480.0,1540
2023-05-09 21:11:49,ag2404,ag2404,5820.0,0.0,0.0,0.0,2,5816.0,5823.0,1,5829.0,5812.0,5820.0,5800.0,19.0,1656480.0,1540
2023-05-09 21:11:49,ag2404,ag2404,5820.0,0.0,0.0,0.0,3,5816.0,5823.0,1,5829.0,5812.0,5820.0,5800.0,19.0,1656480.0,1540
2023-05-09 21:11:50,ag2404,ag2404,5820.0,0.0,0.0,0.0,1,5817.0,5824.0,2,5829.0,5812.0,5820.0,5800.0,19.0,1656480.0,1540
2023-05-09 21:12:01,ag2404,ag2404,5820.0,0.0,0.0,0.0,1,5817.0,5824.0,1,5829.0,5812.0,5820.0,5800.0,19.0,1656480.0,1540
2023-05-09 21:12:01,ag2404,ag2404,5820.0,0.0,0.0,0.0,1,5817.0,5825.0,1,5829.0,5812.0,5820.0,5800.0,19.0,1656480.0,1540
2023-05-09 21:12:02,ag2404,ag2404,5820.0,0.0,0.0,0.0,1,5817.0,5825.0,1,5829.0,5812.0,5820.0,5800.0,19.0,1656480.0,1540
2023-05-09 21:12:02,ag2404,ag2404,5820.0,0.0,0.0,0.0,1,5817.0,5824.0,1,5829.0,5812.0,5820.0,5800.0,19.0,1656480.0,1540
2023-05-09 21:12:11,ag2404,ag2404,5820.0,0.0,0.0,0.0,2,5816.0,5825.0,2,5829.0,5812.0,5820.0,5800.0,19.0,1656480.0,1540
2023-05-09 21:12:12,ag2404,ag2404,5820.0,0.0,0.0,0.0,3,5816.0,5825.0,2,5829.0,5812.0,5820.0,5800.0,19.0,1656480.0,1540
2023-05-09 21:12:12,ag2404,ag2404,5820.0,0.0,0.0,0.0,3,5816.0,5824.0,2,5829.0,5812.0,5820.0,5800.0,19.0,1656480.0,1540
2023-05-09 21:12:18,ag2404,ag2404,5820.0,0.0,0.0,0.0,3,5816.0,5824.0,1,5829.0,5812.0,5820.0,5800.0,19.0,1656480.0,1540
2023-05-09 21:12:18,ag2404,ag2404,5820.0,0.0,0.0,0.0,3,5816.0,5823.0,2,5829.0,5812.0,5820.0,5800.0,19.0,1656480.0,1540
2023-05-09 21:12:19,ag2404,ag2404,5820.0,0.0,0.0,0.0,3,5816.0,5823.0,1,5829.0,5812.0,5820.0,5800.0,19.0,1656480.0,1540
2023-05-09 21:12:19,ag2404,ag2404,5820.0,0.0,0.0,0.0,3,5816.0,5822.0,1,5829.0,5812.0,5820.0,5800.0,19.0,1656480.0,1540
2023-05-09 21:12:20,ag2404,ag2404,5820.0,0.0,0.0,0.0,2,5816.0,5822.0,1,5829.0,5812.0,5820.0,5800.0,19.0,1656480.0,1540
2023-05-09 21:12:20,ag2404,ag2404,5820.0,0.0,0.0,0.0,1,5805.0,5822.0,1,5829.0,5812.0,5820.0,5800.0,19.0,1656480.0,1540
2023-05-09 21:12:21,ag2404,ag2404,5820.0,0.0,0.0,0.0,2,5814.0,5822.0,1,5829.0,5812.0,5820.0,5800.0,19.0,1656480.0,1540
2023-05-09 21:12:21,ag2404,ag2404,5820.0,0.0,0.0,0.0,1,5815.0,5822.0,1,5829.0,5812.0,5820.0,5800.0,19.0,1656480.0,1540
2023-05-09 21:12:22,ag2404,ag2404,5820.0,0.0,0.0,0.0,1,5815.0,5823.0,2,5829.0,5812.0,5820.0,5800.0,19.0,1656480.0,1540
2023-05-09 21:12:23,ag2404,ag2404,5820.0,0.0,0.0,0.0,3,5815.0,5824.0,1,5829.0,5812.0,5820.0,5800.0,19.0,1656480.0,1540
2023-05-09 21:12:23,ag2404,ag2404,5820.0,0.0,0.0,0.0,2,5816.0,5824.0,1,5829.0,5812.0,5820.0,5800.0,19.0,1656480.0,1540
2023-05-09 21:12:24,ag2404,ag2404,5820.0,0.0,0.0,0.0,1,5817.0,5823.0,1,5829.0,5812.0,5820.0,5800.0,19.0,1656480.0,1540
2023-05-09 21:12:24,ag2404,ag2404,5820.0,0.0,0.0,0.0,2,5816.0,5823.0,1,5829.0,5812.0,5820.0,5800.0,19.0,1656480.0,1540
2023-05-09 21:12:25,ag2404,ag2404,5820.0,0.0,0.0,0.0,3,5816.0,5823.0,1,5829.0,5812.0,5820.0,5800.0,19.0,1656480.0,1540
2023-05-09 21:12:30,ag2404,ag2404,5820.0,0.0,0.0,0.0,3,5816.0,5822.0,1,5829.0,5812.0,5820.0,5800.0,19.0,1656480.0,1540
2023-05-09 21:12:30,ag2404,ag2404,5820.0,0.0,0.0,0.0,1,5817.0,5823.0,1,5829.0,5812.0,5820.0,5800.0,19.0,1656480.0,1540
2023-05-09 21:12:32,ag2404,ag2404,5820.0,0.0,0.0,0.0,2,5816.0,5823.0,1,5829.0,5812.0,5820.0,5800.0,19.0,1656480.0,1540
2023-05-09 21:12:33,ag2404,ag2404,5820.0,0.0,0.0,0.0,3,5816.0,5822.0,1,5829.0,5812.0,5820.0,5800.0,19.0,1656480.0,1540
2023-05-09 21:12:36,ag2404,ag2404,5820.0,0.0,0.0,0.0,1,5817.0,5822.0,1,5829.0,5812.0,5820.0,5800.0,19.0,1656480.0,1540
2023-05-09 21:12:36,ag2404,ag2404,5820.0,0.0,0.0,0.0,2,5816.0,5822.0,1,5829.0,5812.0,5820.0,5800.0,19.0,1656480.0,1540
2023-05-09 21:12:37,ag2404,ag2404,5820.0,0.0,0.0,0.0,3,5816.0,5822.0,1,5829.0,5812.0,5820.0,5800.0,19.0,1656480.0,1540
2023-05-09 21:12:37,ag2404,ag2404,5820.0,0.0,0.0,0.0,1,5817.0,5823.0,1,5829.0,5812.0,5820.0,5800.0,19.0,1656480.0,1540
2023-05-09 21:12:38,ag2404,ag2404,5820.0,0.0,0.0,0.0,1,5817.0,5822.0,1,5829.0,5812.0,5820.0,5800.0,19.0,1656480.0,1540
2023-05-09 21:12:39,ag2404,ag2404,5820.0,0.0,0.0,0.0,2,5816.0,5822.0,1,5829.0,5812.0,5820.0,5800.0,19.0,1656480.0,1540
2023-05-09 21:12:39,ag2404,ag2404,5820.0,0.0,0.0,0.0,3,5816.0,5822.0,1,5829.0,5812.0,5820.0,5800.0,19.0,1656480.0,1540
2023-05-09 21:12:40,ag2404,ag2404,5820.0,0.0,0.0,0.0,2,5806.0,5822.0,1,5829.0,5812.0,5820.0,5800.0,19.0,1656480.0,1540
2023-05-09 21:12:41,ag2404,ag2404,5820.0,0.0,0.0,0.0,2,5814.0,5822.0,1,5829.0,5812.0,5820.0,5800.0,19.0,1656480.0,1540
2023-05-09 21:12:41,ag2404,ag2404,5820.0,0.0,0.0,0.0,1,5815.0,5821.0,1,5829.0,5812.0,5820.0,5800.0,19.0,1656480.0,1540
2023-05-09 21:12:42,ag2404,ag2404,5820.0,0.0,0.0,0.0,1,5815.0,5823.0,2,5829.0,5812.0,5820.0,5800.0,19.0,1656480.0,1540
2023-05-09 21:12:42,ag2404,ag2404,5820.0,0.0,0.0,0.0,1,5815.0,5822.0,1,5829.0,5812.0,5820.0,5800.0,19.0,1656480.0,1540
2023-05-09 21:12:43,ag2404,ag2404,5820.0,0.0,0.0,0.0,1,5815.0,5821.0,1,5829.0,5812.0,5820.0,5800.0,19.0,1656480.0,1540
2023-05-09 21:12:53,ag2404,ag2404,5820.0,0.0,0.0,0.0,1,5815.0,5823.0,2,5829.0,5812.0,5820.0,5800.0,19.0,1656480.0,1540
2023-05-09 21:12:53,ag2404,ag2404,5820.0,0.0,0.0,0.0,1,5815.0,5822.0,1,5829.0,5812.0,5820.0,5800.0,19.0,1656480.0,1540
2023-05-09 21:12:56,ag2404,ag2404,5820.0,0.0,0.0,0.0,1,5815.0,5822.0,1,5829.0,5812.0,5820.0,5800.0,19.0,1656480.0,1540
2023-05-09 21:12:56,ag2404,ag2404,5820.0,0.0,0.0,0.0,1,5815.0,5822.0,1,5829.0,5812.0,5820.0,5800.0,19.0,1656480.0,1540
2023-05-09 21:12:57,ag2404,ag2404,5820.0,0.0,0.0,0.0,1,5815.0,5822.0,1,5829.0,5812.0,5820.0,5800.0,19.0,1656480.0,1540
2023-05-09 21:12:57,ag2404,ag2404,5820.0,0.0,0.0,0.0,2,5816.0,5822.0,1,5829.0,5812.0,5820.0,5800.0,19.0,1656480.0,1540
2023-05-09 21:12:58,ag2404,ag2404,5820.0,0.0,0.0,0.0,3,5816.0,5822.0,1,5829.0,5812.0,5820.0,5800.0,19.0,1656480.0,1540
2023-05-09 21:12:58,ag2404,ag2404,5816.0,1.0,87240.0,1.0,2,5816.0,5822.0,1,5829.0,5812.0,5820.0,5800.0,20.0,1743720.0,1541
2023-05-09 21:12:59,ag2404,ag2404,5816.0,0.0,0.0,0.0,2,5816.0,5820.0,1,5829.0,5812.0,5820.0,5800.0,20.0,1743720.0,1541
2023-05-09 21:12:59,ag2404,ag2404,5816.0,0.0,0.0,0.0,2,5816.0,5820.0,1,5829.0,5812.0,5820.0,5800.0,20.0,1743720.0,1541
2023-05-09 21:13:01,ag2404,ag2404,5816.0,0.0,0.0,0.0,1,5816.0,5820.0,1,5829.0,5812.0,5820.0,5800.0,20.0,1743720.0,1541
2023-05-09 21:13:01,ag2404,ag2404,5816.0,0.0,0.0,0.0,1,5816.0,5820.0,1,5829.0,5812.0,5820.0,5800.0,20.0,1743720.0,1541
2023-05-09 21:13:02,ag2404,ag2404,5816.0,0.0,0.0,0.0,1,5814.0,5820.0,1,5829.0,5812.0,5820.0,5800.0,20.0,1743720.0,1541
2023-05-09 21:13:03,ag2404,ag2404,5820.0,1.0,87300.0,-1.0,1,5815.0,5823.0,1,5829.0,5812.0,5820.0,5800.0,21.0,1831020.0,1540
2023-05-09 21:13:03,ag2404,ag2404,5820.0,0.0,0.0,0.0,1,5816.0,5822.0,1,5829.0,5812.0,5820.0,5800.0,21.0,1831020.0,1540
2023-05-09 21:13:04,ag2404,ag2404,5820.0,0.0,0.0,0.0,1,5817.0,5822.0,1,5829.0,5812.0,5820.0,5800.0,21.0,1831020.0,1540
2023-05-09 21:13:07,ag2404,ag2404,5820.0,0.0,0.0,0.0,1,5817.0,5824.0,3,5829.0,5812.0,5820.0,5800.0,21.0,1831020.0,1540
2023-05-09 21:13:07,ag2404,ag2404,5820.0,0.0,0.0,0.0,1,5817.0,5823.0,1,5829.0,5812.0,5820.0,5800.0,21.0,1831020.0,1540
2023-05-09 21:13:14,ag2404,ag2404,5820.0,0.0,0.0,0.0,1,5817.0,5824.0,3,5829.0,5812.0,5820.0,5800.0,21.0,1831020.0,1540
2023-05-09 21:13:14,ag2404,ag2404,5820.0,0.0,0.0,0.0,1,5817.0,5823.0,1,5829.0,5812.0,5820.0,5800.0,21.0,1831020.0,1540
2023-05-09 21:13:15,ag2404,ag2404,5817.0,1.0,87255.0,-1.0,1,5816.0,5823.0,1,5829.0,5812.0,5820.0,5800.0,22.0,1918275.0,1539
2023-05-09 21:13:15,ag2404,ag2404,5817.0,0.0,0.0,0.0,1,5816.0,5822.0,1,5829.0,5812.0,5820.0,5800.0,22.0,1918275.0,1539
2023-05-09 21:13:16,ag2404,ag2404,5817.0,0.0,0.0,0.0,1,5816.0,5824.0,4,5829.0,5812.0,5820.0,5800.0,22.0,1918275.0,1539
2023-05-09 21:13:16,ag2404,ag2404,5817.0,0.0,0.0,0.0,1,5816.0,5823.0,1,5829.0,5812.0,5820.0,5800.0,22.0,1918275.0,1539
2023-05-09 21:13:22,ag2404,ag2404,5817.0,0.0,0.0,0.0,1,5816.0,5824.0,2,5829.0,5812.0,5820.0,5800.0,22.0,1918275.0,1539
2023-05-09 21:13:23,ag2404,ag2404,5817.0,0.0,0.0,0.0,1,5816.0,5823.0,1,5829.0,5812.0,5820.0,5800.0,22.0,1918275.0,1539
2023-05-09 21:13:23,ag2404,ag2404,5817.0,0.0,0.0,0.0,1,5816.0,5824.0,2,5829.0,5812.0,5820.0,5800.0,22.0,1918275.0,1539
2023-05-09 21:13:24,ag2404,ag2404,5817.0,0.0,0.0,0.0,2,5816.0,5824.0,2,5829.0,5812.0,5820.0,5800.0,22.0,1918275.0,1539
2023-05-09 21:13:29,ag2404,ag2404,5817.0,0.0,0.0,0.0,2,5816.0,5824.0,2,5829.0,5812.0,5820.0,5800.0,22.0,1918275.0,1539
2023-05-09 21:13:31,ag2404,ag2404,5817.0,0.0,0.0,0.0,2,5816.0,5823.0,1,5829.0,5812.0,5820.0,5800.0,22.0,1918275.0,1539
2023-05-09 21:13:31,ag2404,ag2404,5817.0,0.0,0.0,0.0,2,5816.0,5824.0,2,5829.0,5812.0,5820.0,5800.0,22.0,1918275.0,1539
2023-05-09 21:13:34,ag2404,ag2404,5817.0,0.0,0.0,0.0,2,5816.0,5823.0,1,5829.0,5812.0,5820.0,5800.0,22.0,1918275.0,1539
2023-05-09 21:13:36,ag2404,ag2404,5817.0,0.0,0.0,0.0,2,5816.0,5822.0,1,5829.0,5812.0,5820.0,5800.0,22.0,1918275.0,1539
2023-05-09 21:13:37,ag2404,ag2404,5817.0,0.0,0.0,0.0,2,5816.0,5823.0,1,5829.0,5812.0,5820.0,5800.0,22.0,1918275.0,1539
2023-05-09 21:13:38,ag2404,ag2404,5817.0,0.0,0.0,0.0,2,5816.0,5822.0,1,5829.0,5812.0,5820.0,5800.0,22.0,1918275.0,1539
2023-05-09 21:13:42,ag2404,ag2404,5817.0,0.0,0.0,0.0,2,5816.0,5823.0,1,5829.0,5812.0,5820.0,5800.0,22.0,1918275.0,1539
2023-05-09 21:13:42,ag2404,ag2404,5817.0,0.0,0.0,0.0,2,5816.0,5822.0,1,5829.0,5812.0,5820.0,5800.0,22.0,1918275.0,1539
2023-05-09 21:13:45,ag2404,ag2404,5817.0,0.0,0.0,0.0,6,5807.0,5821.0,1,5829.0,5812.0,5820.0,5800.0,22.0,1918275.0,1539
2023-05-09 21:13:45,ag2404,ag2404,5817.0,0.0,0.0,0.0,2,5815.0,5821.0,1,5829.0,5812.0,5820.0,5800.0,22.0,1918275.0,1539
2023-05-09 21:13:46,ag2404,ag2404,5817.0,0.0,0.0,0.0,2,5815.0,5821.0,1,5829.0,5812.0,5820.0,5800.0,22.0,1918275.0,1539
2023-05-09 21:13:55,ag2404,ag2404,5817.0,0.0,0.0,0.0,2,5815.0,5821.0,1,5829.0,5812.0,5820.0,5800.0,22.0,1918275.0,1539
2023-05-09 21:13:55,ag2404,ag2404,5817.0,0.0,0.0,0.0,2,5815.0,5824.0,2,5829.0,5812.0,5820.0,5800.0,22.0,1918275.0,1539
2023-05-09 21:13:56,ag2404,ag2404,5817.0,0.0,0.0,0.0,2,5815.0,5823.0,1,5829.0,5812.0,5820.0,5800.0,22.0,1918275.0,1539
2023-05-09 21:14:02,ag2404,ag2404,5823.0,1.0,87345.0,0.0,2,5815.0,5824.0,2,5829.0,5812.0,5823.0,5800.0,23.0,2005620.0,1539
2023-05-09 21:14:03,ag2404,ag2404,5823.0,0.0,0.0,0.0,2,5815.0,5823.0,1,5829.0,5812.0,5823.0,5800.0,23.0,2005620.0,1539
2023-05-09 21:14:04,ag2404,ag2404,5823.0,0.0,0.0,0.0,3,5815.0,5823.0,1,5829.0,5812.0,5823.0,5800.0,23.0,2005620.0,1539
2023-05-09 21:14:08,ag2404,ag2404,5823.0,0.0,0.0,0.0,2,5815.0,5823.0,1,5829.0,5812.0,5823.0,5800.0,23.0,2005620.0,1539
2023-05-09 21:14:09,ag2404,ag2404,5823.0,0.0,0.0,0.0,2,5815.0,5822.0,1,5829.0,5812.0,5823.0,5800.0,23.0,2005620.0,1539
2023-05-09 21:14:12,ag2404,ag2404,5823.0,0.0,0.0,0.0,2,5815.0,5824.0,2,5829.0,5812.0,5823.0,5800.0,23.0,2005620.0,1539
2023-05-09 21:14:13,ag2404,ag2404,5823.0,0.0,0.0,0.0,2,5815.0,5823.0,1,5829.0,5812.0,5823.0,5800.0,23.0,2005620.0,1539
2023-05-09 21:14:13,ag2404,ag2404,5823.0,0.0,0.0,0.0,2,5815.0,5823.0,1,5829.0,5812.0,5823.0,5800.0,23.0,2005620.0,1539
2023-05-09 21:14:14,ag2404,ag2404,5823.0,0.0,0.0,0.0,2,5815.0,5822.0,1,5829.0,5812.0,5823.0,5800.0,23.0,2005620.0,1539
2023-05-09 21:14:18,ag2404,ag2404,5823.0,0.0,0.0,0.0,3,5815.0,5824.0,4,5829.0,5812.0,5823.0,5800.0,23.0,2005620.0,1539
2023-05-09 21:14:19,ag2404,ag2404,5823.0,0.0,0.0,0.0,3,5815.0,5823.0,1,5829.0,5812.0,5823.0,5800.0,23.0,2005620.0,1539
2023-05-09 21:14:19,ag2404,ag2404,5823.0,0.0,0.0,0.0,2,5815.0,5822.0,1,5829.0,5812.0,5823.0,5800.0,23.0,2005620.0,1539
2023-05-09 21:14:23,ag2404,ag2404,5815.0,2.0,174450.0,2.0,1,5808.0,5815.0,1,5829.0,5812.0,5823.0,5800.0,25.0,2180070.0,1541
2023-05-09 21:14:23,ag2404,ag2404,5815.0,1.0,87225.0,1.0,11,5809.0,5819.0,2,5829.0,5812.0,5823.0,5800.0,26.0,2267295.0,1542
2023-05-09 21:14:24,ag2404,ag2404,5815.0,0.0,0.0,0.0,2,5810.0,5819.0,2,5829.0,5812.0,5823.0,5800.0,26.0,2267295.0,1542
2023-05-09 21:14:24,ag2404,ag2404,5815.0,0.0,0.0,0.0,8,5810.0,5819.0,2,5829.0,5812.0,5823.0,5800.0,26.0,2267295.0,1542
2023-05-09 21:14:25,ag2404,ag2404,5815.0,0.0,0.0,0.0,8,5810.0,5819.0,2,5829.0,5812.0,5823.0,5800.0,26.0,2267295.0,1542
2023-05-09 21:14:26,ag2404,ag2404,5815.0,0.0,0.0,0.0,1,5811.0,5819.0,2,5829.0,5812.0,5823.0,5800.0,26.0,2267295.0,1542
2023-05-09 21:14:26,ag2404,ag2404,5815.0,0.0,0.0,0.0,2,5811.0,5819.0,2,5829.0,5812.0,5823.0,5800.0,26.0,2267295.0,1542
2023-05-09 21:14:27,ag2404,ag2404,5815.0,0.0,0.0,0.0,1,5812.0,5819.0,2,5829.0,5812.0,5823.0,5800.0,26.0,2267295.0,1542
2023-05-09 21:14:27,ag2404,ag2404,5815.0,0.0,0.0,0.0,1,5812.0,5819.0,2,5829.0,5812.0,5823.0,5800.0,26.0,2267295.0,1542
2023-05-09 21:14:28,ag2404,ag2404,5815.0,0.0,0.0,0.0,1,5812.0,5819.0,2,5829.0,5812.0,5823.0,5800.0,26.0,2267295.0,1542
2023-05-09 21:14:28,ag2404,ag2404,5815.0,0.0,0.0,0.0,1,5810.0,5819.0,2,5829.0,5812.0,5823.0,5800.0,26.0,2267295.0,1542
2023-05-09 21:14:29,ag2404,ag2404,5815.0,0.0,0.0,0.0,1,5811.0,5819.0,2,5829.0,5812.0,5823.0,5800.0,26.0,2267295.0,1542
2023-05-09 21:14:29,ag2404,ag2404,5815.0,0.0,0.0,0.0,1,5812.0,5819.0,2,5829.0,5812.0,5823.0,5800.0,26.0,2267295.0,1542
2023-05-09 21:14:30,ag2404,ag2404,5815.0,0.0,0.0,0.0,1,5810.0,5819.0,2,5829.0,5812.0,5823.0,5800.0,26.0,2267295.0,1542
2023-05-09 21:14:30,ag2404,ag2404,5815.0,0.0,0.0,0.0,1,5811.0,5819.0,2,5829.0,5812.0,5823.0,5800.0,26.0,2267295.0,1542
2023-05-09 21:14:32,ag2404,ag2404,5815.0,0.0,0.0,0.0,1,5811.0,5812.0,1,5829.0,5812.0,5823.0,5800.0,26.0,2267295.0,1542
2023-05-09 21:14:33,ag2404,ag2404,5812.0,1.0,87180.0,0.0,1,5812.0,5819.0,2,5829.0,5812.0,5823.0,5800.0,27.0,2354475.0,1542
2023-05-09 21:14:35,ag2404,ag2404,5812.0,0.0,0.0,0.0,1,5813.0,5819.0,2,5829.0,5812.0,5823.0,5800.0,27.0,2354475.0,1542
2023-05-09 21:14:35,ag2404,ag2404,5812.0,0.0,0.0,0.0,1,5813.0,5819.0,2,5829.0,5812.0,5823.0,5800.0,27.0,2354475.0,1542
2023-05-09 21:14:36,ag2404,ag2404,5819.0,1.0,87285.0,-1.0,1,5813.0,5824.0,4,5829.0,5812.0,5823.0,5800.0,28.0,2441760.0,1541
2023-05-09 21:14:36,ag2404,ag2404,5819.0,0.0,0.0,0.0,1,5815.0,5820.0,1,5829.0,5812.0,5823.0,5800.0,28.0,2441760.0,1541
2023-05-09 21:14:37,ag2404,ag2404,5819.0,0.0,0.0,0.0,1,5815.0,5820.0,1,5829.0,5812.0,5823.0,5800.0,28.0,2441760.0,1541
2023-05-09 21:14:40,ag2404,ag2404,5819.0,0.0,0.0,0.0,2,5815.0,5820.0,1,5829.0,5812.0,5823.0,5800.0,28.0,2441760.0,1541
2023-05-09 21:14:42,ag2404,ag2404,5819.0,0.0,0.0,0.0,1,5815.0,5820.0,1,5829.0,5812.0,5823.0,5800.0,28.0,2441760.0,1541
2023-05-09 21:14:43,ag2404,ag2404,5819.0,0.0,0.0,0.0,1,5815.0,5820.0,1,5829.0,5812.0,5823.0,5800.0,28.0,2441760.0,1541
2023-05-09 21:14:43,ag2404,ag2404,5819.0,0.0,0.0,0.0,1,5815.0,5820.0,1,5829.0,5812.0,5823.0,5800.0,28.0,2441760.0,1541
2023-05-09 21:14:45,ag2404,ag2404,5819.0,0.0,0.0,0.0,1,5813.0,5820.0,1,5829.0,5812.0,5823.0,5800.0,28.0,2441760.0,1541
2023-05-09 21:14:46,ag2404,ag2404,5819.0,0.0,0.0,0.0,4,5800.0,5820.0,1,5829.0,5812.0,5823.0,5800.0,28.0,2441760.0,1541
2023-05-09 21:14:47,ag2404,ag2404,5819.0,0.0,0.0,0.0,1,5811.0,5820.0,1,5829.0,5812.0,5823.0,5800.0,28.0,2441760.0,1541
2023-05-09 21:14:47,ag2404,ag2404,5819.0,0.0,0.0,0.0,1,5811.0,5820.0,2,5829.0,5812.0,5823.0,5800.0,28.0,2441760.0,1541
2023-05-09 21:14:48,ag2404,ag2404,5819.0,0.0,0.0,0.0,2,5811.0,5820.0,2,5829.0,5812.0,5823.0,5800.0,28.0,2441760.0,1541
2023-05-09 21:14:48,ag2404,ag2404,5819.0,0.0,0.0,0.0,3,5811.0,5820.0,2,5829.0,5812.0,5823.0,5800.0,28.0,2441760.0,1541
2023-05-09 21:14:49,ag2404,ag2404,5819.0,0.0,0.0,0.0,3,5811.0,5820.0,2,5829.0,5812.0,5823.0,5800.0,28.0,2441760.0,1541
2023-05-09 21:14:50,ag2404,ag2404,5819.0,0.0,0.0,0.0,1,5812.0,5820.0,2,5829.0,5812.0,5823.0,5800.0,28.0,2441760.0,1541
2023-05-09 21:14:51,ag2404,ag2404,5819.0,0.0,0.0,0.0,2,5811.0,5820.0,2,5829.0,5812.0,5823.0,5800.0,28.0,2441760.0,1541
2023-05-09 21:14:51,ag2404,ag2404,5819.0,0.0,0.0,0.0,3,5811.0,5820.0,2,5829.0,5812.0,5823.0,5800.0,28.0,2441760.0,1541
2023-05-09 21:14:55,ag2404,ag2404,5819.0,0.0,0.0,0.0,1,5812.0,5820.0,2,5829.0,5812.0,5823.0,5800.0,28.0,2441760.0,1541
2023-05-09 21:14:58,ag2404,ag2404,5819.0,0.0,0.0,0.0,1,5812.0,5820.0,2,5829.0,5812.0,5823.0,5800.0,28.0,2441760.0,1541
2023-05-09 21:15:00,ag2404,ag2404,5819.0,0.0,0.0,0.0,1,5812.0,5820.0,1,5829.0,5812.0,5823.0,5800.0,28.0,2441760.0,1541
2023-05-09 21:15:01,ag2404,ag2404,5819.0,0.0,0.0,0.0,1,5813.0,5820.0,1,5829.0,5812.0,5823.0,5800.0,28.0,2441760.0,1541
2023-05-09 21:15:01,ag2404,ag2404,5819.0,0.0,0.0,0.0,1,5813.0,5820.0,1,5829.0,5812.0,5823.0,5800.0,28.0,2441760.0,1541
2023-05-09 21:15:02,ag2404,ag2404,5819.0,0.0,0.0,0.0,3,5813.0,5820.0,1,5829.0,5812.0,5823.0,5800.0,28.0,2441760.0,1541
2023-05-09 21:15:02,ag2404,ag2404,5819.0,0.0,0.0,0.0,3,5813.0,5820.0,1,5829.0,5812.0,5823.0,5800.0,28.0,2441760.0,1541
2023-05-09 21:15:06,ag2404,ag2404,5819.0,0.0,0.0,0.0,1,5814.0,5820.0,1,5829.0,5812.0,5823.0,5800.0,28.0,2441760.0,1541
2023-05-09 21:15:07,ag2404,ag2404,5819.0,0.0,0.0,0.0,2,5813.0,5820.0,1,5829.0,5812.0,5823.0,5800.0,28.0,2441760.0,1541
2023-05-09 21:15:07,ag2404,ag2404,5819.0,0.0,0.0,0.0,3,5813.0,5820.0,1,5829.0,5812.0,5823.0,5800.0,28.0,2441760.0,1541
2023-05-09 21:15:09,ag2404,ag2404,5819.0,0.0,0.0,0.0,1,5814.0,5820.0,1,5829.0,5812.0,5823.0,5800.0,28.0,2441760.0,1541
2023-05-09 21:15:12,ag2404,ag2404,5819.0,0.0,0.0,0.0,1,5815.0,5820.0,1,5829.0,5812.0,5823.0,5800.0,28.0,2441760.0,1541
2023-05-09 21:15:12,ag2404,ag2404,5819.0,0.0,0.0,0.0,2,5813.0,5820.0,1,5829.0,5812.0,5823.0,5800.0,28.0,2441760.0,1541
2023-05-09 21:15:13,ag2404,ag2404,5819.0,0.0,0.0,0.0,1,5814.0,5820.0,1,5829.0,5812.0,5823.0,5800.0,28.0,2441760.0,1541
2023-05-09 21:15:14,ag2404,ag2404,5819.0,0.0,0.0,0.0,1,5814.0,5820.0,1,5829.0,5812.0,5823.0,5800.0,28.0,2441760.0,1541
2023-05-09 21:15:15,ag2404,ag2404,5819.0,0.0,0.0,0.0,2,5814.0,5820.0,1,5829.0,5812.0,5823.0,5800.0,28.0,2441760.0,1541
2023-05-09 21:15:16,ag2404,ag2404,5819.0,0.0,0.0,0.0,2,5814.0,5820.0,1,5829.0,5812.0,5823.0,5800.0,28.0,2441760.0,1541
2023-05-09 21:15:16,ag2404,ag2404,5819.0,0.0,0.0,0.0,1,5816.0,5824.0,2,5829.0,5812.0,5823.0,5800.0,28.0,2441760.0,1541
2023-05-09 21:15:17,ag2404,ag2404,5819.0,0.0,0.0,0.0,2,5816.0,5821.0,1,5829.0,5812.0,5823.0,5800.0,28.0,2441760.0,1541
2023-05-09 21:15:17,ag2404,ag2404,5819.0,0.0,0.0,0.0,1,5817.0,5821.0,1,5829.0,5812.0,5823.0,5800.0,28.0,2441760.0,1541
2023-05-09 21:15:18,ag2404,ag2404,5819.0,0.0,0.0,0.0,2,5816.0,5821.0,1,5829.0,5812.0,5823.0,5800.0,28.0,2441760.0,1541
2023-05-09 21:15:18,ag2404,ag2404,5819.0,0.0,0.0,0.0,3,5816.0,5821.0,1,5829.0,5812.0,5823.0,5800.0,28.0,2441760.0,1541
2023-05-09 21:15:19,ag2404,ag2404,5819.0,0.0,0.0,0.0,1,5817.0,5824.0,1,5829.0,5812.0,5823.0,5800.0,28.0,2441760.0,1541
2023-05-09 21:15:19,ag2404,ag2404,5819.0,0.0,0.0,0.0,2,5816.0,5822.0,1,5829.0,5812.0,5823.0,5800.0,28.0,2441760.0,1541
2023-05-09 21:15:20,ag2404,ag2404,5819.0,0.0,0.0,0.0,3,5816.0,5822.0,1,5829.0,5812.0,5823.0,5800.0,28.0,2441760.0,1541
2023-05-09 21:15:20,ag2404,ag2404,5819.0,0.0,0.0,0.0,2,5816.0,5822.0,1,5829.0,5812.0,5823.0,5800.0,28.0,2441760.0,1541
2023-05-09 21:15:21,ag2404,ag2404,5819.0,0.0,0.0,0.0,3,5816.0,5822.0,1,5829.0,5812.0,5823.0,5800.0,28.0,2441760.0,1541
2023-05-09 21:15:23,ag2404,ag2404,5819.0,0.0,0.0,0.0,1,5817.0,5822.0,1,5829.0,5812.0,5823.0,5800.0,28.0,2441760.0,1541
2023-05-09 21:15:23,ag2404,ag2404,5819.0,0.0,0.0,0.0,1,5816.0,5822.0,1,5829.0,5812.0,5823.0,5800.0,28.0,2441760.0,1541
2023-05-09 21:15:24,ag2404,ag2404,5819.0,0.0,0.0,0.0,7,5801.0,5822.0,1,5829.0,5812.0,5823.0,5800.0,28.0,2441760.0,1541
2023-05-09 21:15:24,ag2404,ag2404,5819.0,0.0,0.0,0.0,2,5813.0,5822.0,1,5829.0,5812.0,5823.0,5800.0,28.0,2441760.0,1541
2023-05-09 21:15:25,ag2404,ag2404,5819.0,0.0,0.0,0.0,1,5814.0,5822.0,1,5829.0,5812.0,5823.0,5800.0,28.0,2441760.0,1541
2023-05-09 21:15:27,ag2404,ag2404,5819.0,0.0,0.0,0.0,1,5814.0,5822.0,1,5829.0,5812.0,5823.0,5800.0,28.0,2441760.0,1541
2023-05-09 21:15:28,ag2404,ag2404,5819.0,0.0,0.0,0.0,1,5815.0,5822.0,1,5829.0,5812.0,5823.0,5800.0,28.0,2441760.0,1541
2023-05-09 21:15:29,ag2404,ag2404,5819.0,0.0,0.0,0.0,3,5815.0,5822.0,1,5829.0,5812.0,5823.0,5800.0,28.0,2441760.0,1541
2023-05-09 21:15:29,ag2404,ag2404,5819.0,0.0,0.0,0.0,5,5815.0,5822.0,1,5829.0,5812.0,5823.0,5800.0,28.0,2441760.0,1541
2023-05-09 21:15:30,ag2404,ag2404,5819.0,0.0,0.0,0.0,5,5815.0,5822.0,2,5829.0,5812.0,5823.0,5800.0,28.0,2441760.0,1541
2023-05-09 21:15:32,ag2404,ag2404,5819.0,0.0,0.0,0.0,1,5816.0,5822.0,2,5829.0,5812.0,5823.0,5800.0,28.0,2441760.0,1541
2023-05-09 21:15:32,ag2404,ag2404,5819.0,0.0,0.0,0.0,1,5816.0,5822.0,2,5829.0,5812.0,5823.0,5800.0,28.0,2441760.0,1541
2023-05-09 21:15:34,ag2404,ag2404,5819.0,0.0,0.0,0.0,1,5817.0,5822.0,2,5829.0,5812.0,5823.0,5800.0,28.0,2441760.0,1541
2023-05-09 21:15:34,ag2404,ag2404,5819.0,0.0,0.0,0.0,1,5817.0,5822.0,2,5829.0,5812.0,5823.0,5800.0,28.0,2441760.0,1541
2023-05-09 21:15:37,ag2404,ag2404,5819.0,0.0,0.0,0.0,1,5817.0,5822.0,2,5829.0,5812.0,5823.0,5800.0,28.0,2441760.0,1541
2023-05-09 21:15:37,ag2404,ag2404,5819.0,0.0,0.0,0.0,1,5817.0,5822.0,2,5829.0,5812.0,5823.0,5800.0,28.0,2441760.0,1541
2023-05-09 21:15:38,ag2404,ag2404,5819.0,0.0,0.0,0.0,1,5817.0,5822.0,2,5829.0,5812.0,5823.0,5800.0,28.0,2441760.0,1541
2023-05-09 21:15:39,ag2404,ag2404,5817.0,1.0,87255.0,-1.0,1,5815.0,5822.0,2,5829.0,5812.0,5823.0,5800.0,29.0,2529015.0,1540
2023-05-09 21:15:40,ag2404,ag2404,5817.0,0.0,0.0,0.0,7,5801.0,5822.0,2,5829.0,5812.0,5823.0,5800.0,29.0,2529015.0,1540
2023-05-09 21:15:40,ag2404,ag2404,5817.0,0.0,0.0,0.0,2,5813.0,5822.0,2,5829.0,5812.0,5823.0,5800.0,29.0,2529015.0,1540
2023-05-09 21:15:41,ag2404,ag2404,5817.0,0.0,0.0,0.0,1,5814.0,5822.0,2,5829.0,5812.0,5823.0,5800.0,29.0,2529015.0,1540
2023-05-09 21:15:41,ag2404,ag2404,5817.0,0.0,0.0,0.0,2,5813.0,5822.0,2,5829.0,5812.0,5823.0,5800.0,29.0,2529015.0,1540
2023-05-09 21:15:42,ag2404,ag2404,5817.0,0.0,0.0,0.0,1,5814.0,5822.0,2,5829.0,5812.0,5823.0,5800.0,29.0,2529015.0,1540
2023-05-09 21:15:43,ag2404,ag2404,5817.0,0.0,0.0,0.0,1,5814.0,5822.0,2,5829.0,5812.0,5823.0,5800.0,29.0,2529015.0,1540
2023-05-09 21:15:45,ag2404,ag2404,5817.0,0.0,0.0,0.0,2,5813.0,5822.0,2,5829.0,5812.0,5823.0,5800.0,29.0,2529015.0,1540
2023-05-09 21:15:45,ag2404,ag2404,5817.0,0.0,0.0,0.0,1,5814.0,5822.0,2,5829.0,5812.0,5823.0,5800.0,29.0,2529015.0,1540
2023-05-09 21:15:47,ag2404,ag2404,5817.0,0.0,0.0,0.0,2,5813.0,5822.0,2,5829.0,5812.0,5823.0,5800.0,29.0,2529015.0,1540
2023-05-09 21:15:48,ag2404,ag2404,5817.0,0.0,0.0,0.0,1,5814.0,5822.0,2,5829.0,5812.0,5823.0,5800.0,29.0,2529015.0,1540
2023-05-09 21:15:50,ag2404,ag2404,5817.0,0.0,0.0,0.0,3,5815.0,5822.0,2,5829.0,5812.0,5823.0,5800.0,29.0,2529015.0,1540
2023-05-09 21:15:51,ag2404,ag2404,5817.0,0.0,0.0,0.0,4,5815.0,5822.0,2,5829.0,5812.0,5823.0,5800.0,29.0,2529015.0,1540
2023-05-09 21:15:51,ag2404,ag2404,5817.0,0.0,0.0,0.0,5,5815.0,5822.0,2,5829.0,5812.0,5823.0,5800.0,29.0,2529015.0,1540
2023-05-09 21:15:52,ag2404,ag2404,5817.0,0.0,0.0,0.0,4,5815.0,5822.0,2,5829.0,5812.0,5823.0,5800.0,29.0,2529015.0,1540
2023-05-09 21:15:52,ag2404,ag2404,5817.0,0.0,0.0,0.0,3,5815.0,5822.0,2,5829.0,5812.0,5823.0,5800.0,29.0,2529015.0,1540
2023-05-09 21:15:53,ag2404,ag2404,5817.0,0.0,0.0,0.0,1,5815.0,5822.0,2,5829.0,5812.0,5823.0,5800.0,29.0,2529015.0,1540
2023-05-09 21:15:54,ag2404,ag2404,5817.0,0.0,0.0,0.0,1,5803.0,5822.0,2,5829.0,5812.0,5823.0,5800.0,29.0,2529015.0,1540
2023-05-09 21:15:55,ag2404,ag2404,5817.0,0.0,0.0,0.0,2,5813.0,5822.0,2,5829.0,5812.0,5823.0,5800.0,29.0,2529015.0,1540
2023-05-09 21:15:55,ag2404,ag2404,5817.0,0.0,0.0,0.0,3,5813.0,5822.0,2,5829.0,5812.0,5823.0,5800.0,29.0,2529015.0,1540
2023-05-09 21:15:59,ag2404,ag2404,5817.0,0.0,0.0,0.0,3,5813.0,5822.0,2,5829.0,5812.0,5823.0,5800.0,29.0,2529015.0,1540
2023-05-09 21:16:02,ag2404,ag2404,5817.0,0.0,0.0,0.0,1,5813.0,5822.0,3,5829.0,5812.0,5823.0,5800.0,29.0,2529015.0,1540
2023-05-09 21:16:02,ag2404,ag2404,5817.0,0.0,0.0,0.0,1,5813.0,5822.0,3,5829.0,5812.0,5823.0,5800.0,29.0,2529015.0,1540
2023-05-09 21:16:03,ag2404,ag2404,5817.0,0.0,0.0,0.0,1,5813.0,5821.0,1,5829.0,5812.0,5823.0,5800.0,29.0,2529015.0,1540
2023-05-09 21:16:03,ag2404,ag2404,5817.0,0.0,0.0,0.0,1,5813.0,5821.0,1,5829.0,5812.0,5823.0,5800.0,29.0,2529015.0,1540
2023-05-09 21:16:04,ag2404,ag2404,5817.0,0.0,0.0,0.0,1,5813.0,5818.0,1,5829.0,5812.0,5823.0,5800.0,29.0,2529015.0,1540
2023-05-09 21:16:05,ag2404,ag2404,5817.0,0.0,0.0,0.0,1,5813.0,5818.0,1,5829.0,5812.0,5823.0,5800.0,29.0,2529015.0,1540
2023-05-09 21:16:07,ag2404,ag2404,5817.0,0.0,0.0,0.0,2,5813.0,5818.0,1,5829.0,5812.0,5823.0,5800.0,29.0,2529015.0,1540
2023-05-09 21:16:13,ag2404,ag2404,5817.0,0.0,0.0,0.0,3,5813.0,5818.0,1,5829.0,5812.0,5823.0,5800.0,29.0,2529015.0,1540
2023-05-09 21:16:14,ag2404,ag2404,5817.0,0.0,0.0,0.0,3,5814.0,5822.0,1,5829.0,5812.0,5823.0,5800.0,29.0,2529015.0,1540
2023-05-09 21:16:15,ag2404,ag2404,5817.0,0.0,0.0,0.0,3,5814.0,5819.0,1,5829.0,5812.0,5823.0,5800.0,29.0,2529015.0,1540
2023-05-09 21:16:18,ag2404,ag2404,5817.0,0.0,0.0,0.0,3,5814.0,5822.0,1,5829.0,5812.0,5823.0,5800.0,29.0,2529015.0,1540
2023-05-09 21:16:19,ag2404,ag2404,5817.0,0.0,0.0,0.0,2,5814.0,5820.0,1,5829.0,5812.0,5823.0,5800.0,29.0,2529015.0,1540
2023-05-09 21:16:19,ag2404,ag2404,5817.0,0.0,0.0,0.0,3,5815.0,5820.0,1,5829.0,5812.0,5823.0,5800.0,29.0,2529015.0,1540
2023-05-09 21:16:20,ag2404,ag2404,5817.0,0.0,0.0,0.0,4,5815.0,5820.0,1,5829.0,5812.0,5823.0,5800.0,29.0,2529015.0,1540
2023-05-09 21:16:21,ag2404,ag2404,5817.0,0.0,0.0,0.0,1,5816.0,5822.0,1,5829.0,5812.0,5823.0,5800.0,29.0,2529015.0,1540
2023-05-09 21:16:21,ag2404,ag2404,5817.0,0.0,0.0,0.0,1,5816.0,5821.0,1,5829.0,5812.0,5823.0,5800.0,29.0,2529015.0,1540
2023-05-09 21:16:22,ag2404,ag2404,5817.0,0.0,0.0,0.0,3,5815.0,5821.0,1,5829.0,5812.0,5823.0,5800.0,29.0,2529015.0,1540
2023-05-09 21:16:22,ag2404,ag2404,5817.0,0.0,0.0,0.0,4,5815.0,5821.0,1,5829.0,5812.0,5823.0,5800.0,29.0,2529015.0,1540
2023-05-09 21:16:23,ag2404,ag2404,5817.0,0.0,0.0,0.0,4,5815.0,5821.0,1,5829.0,5812.0,5823.0,5800.0,29.0,2529015.0,1540
2023-05-09 21:16:23,ag2404,ag2404,5817.0,0.0,0.0,0.0,4,5815.0,5821.0,1,5829.0,5812.0,5823.0,5800.0,29.0,2529015.0,1540
2023-05-09 21:16:24,ag2404,ag2404,5817.0,0.0,0.0,0.0,1,5816.0,5821.0,1,5829.0,5812.0,5823.0,5800.0,29.0,2529015.0,1540
2023-05-09 21:16:28,ag2404,ag2404,5817.0,0.0,0.0,0.0,3,5815.0,5821.0,1,5829.0,5812.0,5823.0,5800.0,29.0,2529015.0,1540
2023-05-09 21:16:28,ag2404,ag2404,5817.0,0.0,0.0,0.0,4,5815.0,5821.0,1,5829.0,5812.0,5823.0,5800.0,29.0,2529015.0,1540
2023-05-09 21:16:30,ag2404,ag2404,5817.0,0.0,0.0,0.0,1,5816.0,5821.0,1,5829.0,5812.0,5823.0,5800.0,29.0,2529015.0,1540
2023-05-09 21:16:34,ag2404,ag2404,5817.0,0.0,0.0,0.0,3,5815.0,5821.0,1,5829.0,5812.0,5823.0,5800.0,29.0,2529015.0,1540
2023-05-09 21:16:34,ag2404,ag2404,5817.0,0.0,0.0,0.0,1,5816.0,5821.0,1,5829.0,5812.0,5823.0,5800.0,29.0,2529015.0,1540
2023-05-09 21:16:35,ag2404,ag2404,5817.0,0.0,0.0,0.0,2,5815.0,5821.0,1,5829.0,5812.0,5823.0,5800.0,29.0,2529015.0,1540
2023-05-09 21:16:35,ag2404,ag2404,5817.0,0.0,0.0,0.0,3,5815.0,5821.0,1,5829.0,5812.0,5823.0,5800.0,29.0,2529015.0,1540
2023-05-09 21:16:36,ag2404,ag2404,5817.0,0.0,0.0,0.0,1,5816.0,5821.0,1,5829.0,5812.0,5823.0,5800.0,29.0,2529015.0,1540
2023-05-09 21:16:38,ag2404,ag2404,5817.0,0.0,0.0,0.0,2,5815.0,5821.0,1,5829.0,5812.0,5823.0,5800.0,29.0,2529015.0,1540
2023-05-09 21:16:38,ag2404,ag2404,5817.0,0.0,0.0,0.0,3,5815.0,5821.0,1,5829.0,5812.0,5823.0,5800.0,29.0,2529015.0,1540
2023-05-09 21:16:40,ag2404,ag2404,5817.0,0.0,0.0,0.0,1,5816.0,5821.0,1,5829.0,5812.0,5823.0,5800.0,29.0,2529015.0,1540
2023-05-09 21:16:44,ag2404,ag2404,5817.0,0.0,0.0,0.0,2,5815.0,5821.0,1,5829.0,5812.0,5823.0,5800.0,29.0,2529015.0,1540
2023-05-09 21:16:45,ag2404,ag2404,5817.0,0.0,0.0,0.0,3,5815.0,5821.0,1,5829.0,5812.0,5823.0,5800.0,29.0,2529015.0,1540
2023-05-09 21:16:48,ag2404,ag2404,5817.0,0.0,0.0,0.0,1,5816.0,5821.0,1,5829.0,5812.0,5823.0,5800.0,29.0,2529015.0,1540
2023-05-09 21:16:55,ag2404,ag2404,5817.0,0.0,0.0,0.0,2,5815.0,5821.0,1,5829.0,5812.0,5823.0,5800.0,29.0,2529015.0,1540
2023-05-09 21:16:56,ag2404,ag2404,5817.0,0.0,0.0,0.0,3,5815.0,5821.0,1,5829.0,5812.0,5823.0,5800.0,29.0,2529015.0,1540
2023-05-09 21:16:59,ag2404,ag2404,5817.0,0.0,0.0,0.0,2,5816.0,5821.0,1,5829.0,5812.0,5823.0,5800.0,29.0,2529015.0,1540
2023-05-09 21:16:59,ag2404,ag2404,5817.0,0.0,0.0,0.0,3,5816.0,5821.0,1,5829.0,5812.0,5823.0,5800.0,29.0,2529015.0,1540
2023-05-09 21:17:00,ag2404,ag2404,5817.0,0.0,0.0,0.0,2,5815.0,5821.0,1,5829.0,5812.0,5823.0,5800.0,29.0,2529015.0,1540
2023-05-09 21:17:01,ag2404,ag2404,5817.0,0.0,0.0,0.0,1,5815.0,5821.0,1,5829.0,5812.0,5823.0,5800.0,29.0,2529015.0,1540
2023-05-09 21:17:01,ag2404,ag2404,5817.0,0.0,0.0,0.0,2,5813.0,5821.0,1,5829.0,5812.0,5823.0,5800.0,29.0,2529015.0,1540
2023-05-09 21:17:02,ag2404,ag2404,5817.0,0.0,0.0,0.0,1,5814.0,5821.0,1,5829.0,5812.0,5823.0,5800.0,29.0,2529015.0,1540
2023-05-09 21:17:04,ag2404,ag2404,5817.0,0.0,0.0,0.0,2,5815.0,5821.0,1,5829.0,5812.0,5823.0,5800.0,29.0,2529015.0,1540
2023-05-09 21:17:05,ag2404,ag2404,5817.0,0.0,0.0,0.0,4,5815.0,5821.0,1,5829.0,5812.0,5823.0,5800.0,29.0,2529015.0,1540
2023-05-09 21:17:06,ag2404,ag2404,5817.0,0.0,0.0,0.0,3,5815.0,5821.0,1,5829.0,5812.0,5823.0,5800.0,29.0,2529015.0,1540
2023-05-09 21:17:06,ag2404,ag2404,5817.0,0.0,0.0,0.0,2,5816.0,5821.0,1,5829.0,5812.0,5823.0,5800.0,29.0,2529015.0,1540
2023-05-09 21:17:07,ag2404,ag2404,5817.0,0.0,0.0,0.0,2,5816.0,5821.0,1,5829.0,5812.0,5823.0,5800.0,29.0,2529015.0,1540
2023-05-09 21:17:08,ag2404,ag2404,5817.0,0.0,0.0,0.0,1,5816.0,5821.0,1,5829.0,5812.0,5823.0,5800.0,29.0,2529015.0,1540
2023-05-09 21:17:08,ag2404,ag2404,5817.0,0.0,0.0,0.0,1,5818.0,5821.0,1,5829.0,5812.0,5823.0,5800.0,29.0,2529015.0,1540
2023-05-09 21:17:09,ag2404,ag2404,5817.0,0.0,0.0,0.0,2,5818.0,5824.0,1,5829.0,5812.0,5823.0,5800.0,29.0,2529015.0,1540
2023-05-09 21:17:09,ag2404,ag2404,5817.0,0.0,0.0,0.0,2,5818.0,5822.0,1,5829.0,5812.0,5823.0,5800.0,29.0,2529015.0,1540
2023-05-09 21:17:11,ag2404,ag2404,5817.0,0.0,0.0,0.0,1,5819.0,5824.0,1,5829.0,5812.0,5823.0,5800.0,29.0,2529015.0,1540
2023-05-09 21:17:11,ag2404,ag2404,5817.0,0.0,0.0,0.0,2,5819.0,5824.0,2,5829.0,5812.0,5823.0,5800.0,29.0,2529015.0,1540
2023-05-09 21:17:12,ag2404,ag2404,5817.0,0.0,0.0,0.0,3,5819.0,5824.0,2,5829.0,5812.0,5823.0,5800.0,29.0,2529015.0,1540
2023-05-09 21:17:12,ag2404,ag2404,5817.0,0.0,0.0,0.0,2,5820.0,5824.0,2,5829.0,5812.0,5823.0,5800.0,29.0,2529015.0,1540
2023-05-09 21:17:13,ag2404,ag2404,5817.0,0.0,0.0,0.0,2,5820.0,5824.0,2,5829.0,5812.0,5823.0,5800.0,29.0,2529015.0,1540
2023-05-09 21:17:14,ag2404,ag2404,5817.0,0.0,0.0,0.0,1,5820.0,5824.0,2,5829.0,5812.0,5823.0,5800.0,29.0,2529015.0,1540
2023-05-09 21:17:14,ag2404,ag2404,5817.0,0.0,0.0,0.0,2,5820.0,5824.0,2,5829.0,5812.0,5823.0,5800.0,29.0,2529015.0,1540
2023-05-09 21:17:15,ag2404,ag2404,5817.0,0.0,0.0,0.0,1,5820.0,5824.0,2,5829.0,5812.0,5823.0,5800.0,29.0,2529015.0,1540
2023-05-09 21:17:16,ag2404,ag2404,5817.0,0.0,0.0,0.0,2,5819.0,5824.0,2,5829.0,5812.0,5823.0,5800.0,29.0,2529015.0,1540
2023-05-09 21:17:16,ag2404,ag2404,5817.0,0.0,0.0,0.0,3,5819.0,5824.0,2,5829.0,5812.0,5823.0,5800.0,29.0,2529015.0,1540
2023-05-09 21:17:20,ag2404,ag2404,5817.0,0.0,0.0,0.0,1,5820.0,5824.0,2,5829.0,5812.0,5823.0,5800.0,29.0,2529015.0,1540
