time,symbol_id,symbol_name,last,trade_volume,trade_amount,open_interest_change,bv1,bp1,ap1,av1,yesterday_close,today_open,today_high,today_low,volume,amount,open_interest
2023-05-10 09:29:00,T2306,T2306,101.63,145.0,147363500.0,30.0,10,101.63,101.635,11,101.545,101.63,101.63,101.63,145.0,147363500.0,152153
2023-05-10 09:30:00,T2306,T2306,101.635,10.0,10163100.0,0.0,2,101.63,101.635,10,101.545,101.63,101.635,101.63,155.0,157526600.0,152153
2023-05-10 09:30:00,T2306,T2306,101.635,35.0,35571250.0,-14.0,9,101.635,101.64,46,101.545,101.63,101.635,101.625,190.0,193097850.0,152139
2023-05-10 09:30:01,T2306,T2306,101.635,36.0,36587250.0,-15.0,20,101.625,101.635,17,101.545,101.63,101.635,101.625,226.0,229685100.0,152124
2023-05-10 09:30:01,T2306,T2306,101.63,39.0,39637300.0,20.0,11,101.625,101.63,5,101.545,101.63,101.635,101.625,265.0,269322400.0,152144
2023-05-10 09:30:02,T2306,T2306,101.63,35.0,35570600.0,-1.0,18,101.63,101.635,4,101.545,101.63,101.635,101.625,300.0,304893000.0,152143
2023-05-10 09:30:02,T2306,T2306,101.63,23.0,23375100.0,-8.0,4,101.63,101.635,1,101.545,101.63,101.635,101.625,323.0,328268100.0,152135
2023-05-10 09:30:03,T2306,T2306,101.63,30.0,30488450.0,-4.0,19,101.625,101.63,5,101.545,101.63,101.635,101.625,353.0,358756550.0,152131
2023-05-10 09:30:03,T2306,T2306,101.625,9.0,9146500.0,-1.0,18,101.625,101.63,6,101.545,101.63,101.635,101.625,362.0,367903050.0,152130
2023-05-10 09:30:04,T2306,T2306,101.63,23.0,23374350.0,-1.0,9,101.625,101.63,2,101.545,101.63,101.635,101.625,385.0,391277400.0,152129
2023-05-10 09:30:04,T2306,T2306,101.63,14.0,14228000.0,-5.0,12,101.625,101.635,26,101.545,101.63,101.635,101.625,399.0,405505400.0,152124
2023-05-10 09:30:05,T2306,T2306,101.63,16.0,16260500.0,1.0,40,101.63,101.635,31,101.545,101.63,101.635,101.625,415.0,421765900.0,152125
2023-05-10 09:30:05,T2306,T2306,101.63,45.0,45733500.0,-1.0,29,101.625,101.63,3,101.545,101.63,101.635,101.625,460.0,467499400.0,152124
2023-05-10 09:30:06,T2306,T2306,101.625,12.0,12195300.0,4.0,42,101.625,101.63,4,101.545,101.63,101.635,101.625,472.0,479694700.0,152128
2023-05-10 09:30:06,T2306,T2306,101.63,12.0,12195100.0,2.0,36,101.625,101.63,13,101.545,101.63,101.635,101.625,484.0,491889800.0,152130
2023-05-10 09:30:07,T2306,T2306,101.625,2.0,2032500.0,2.0,37,101.625,101.63,28,101.545,101.63,101.635,101.625,486.0,493922300.0,152132
2023-05-10 09:30:07,T2306,T2306,101.63,36.0,36586650.0,15.0,17,101.63,101.635,48,101.545,101.63,101.635,101.625,522.0,530508950.0,152147
2023-05-10 09:30:08,T2306,T2306,101.63,7.0,7114100.0,3.0,35,101.63,101.635,32,101.545,101.63,101.635,101.625,529.0,537623050.0,152150
2023-05-10 09:30:08,T2306,T2306,101.63,26.0,26424850.0,-19.0,54,101.63,101.635,6,101.545,101.63,101.635,101.625,555.0,564047900.0,152131
2023-05-10 09:30:09,T2306,T2306,101.63,11.0,11179650.0,0.0,53,101.63,101.64,71,101.545,101.63,101.635,101.625,566.0,575227550.0,152131
2023-05-10 09:30:09,T2306,T2306,101.635,4.0,4065450.0,0.0,24,101.635,101.64,50,101.545,101.63,101.64,101.625,570.0,579293000.0,152131
2023-05-10 09:30:10,T2306,T2306,101.635,2.0,2032700.0,-2.0,26,101.635,101.64,51,101.545,101.63,101.64,101.625,572.0,581325700.0,152129
2023-05-10 09:30:10,T2306,T2306,101.635,15.0,15245500.0,-9.0,26,101.635,101.64,46,101.545,101.63,101.64,101.625,587.0,596571200.0,152120
2023-05-10 09:30:11,T2306,T2306,101.635,6.0,6098100.0,-4.0,20,101.635,101.64,47,101.545,101.63,101.64,101.625,593.0,602669300.0,152116
2023-05-10 09:30:11,T2306,T2306,101.635,8.0,8130800.0,-6.0,13,101.635,101.64,51,101.545,101.63,101.64,101.625,601.0,610800100.0,152110
2023-05-10 09:30:12,T2306,T2306,101.64,17.0,17278050.0,-8.0,56,101.63,101.64,48,101.545,101.63,101.64,101.625,618.0,628078150.0,152102
2023-05-10 09:30:12,T2306,T2306,101.64,9.0,9147000.0,-6.0,49,101.635,101.64,47,101.545,101.63,101.64,101.625,627.0,637225150.0,152096
2023-05-10 09:30:13,T2306,T2306,101.635,4.0,4065400.0,-4.0,46,101.635,101.64,48,101.545,101.63,101.64,101.625,631.0,641290550.0,152092
2023-05-10 09:30:13,T2306,T2306,101.635,2.0,2032700.0,-1.0,44,101.635,101.64,48,101.545,101.63,101.64,101.625,633.0,643323250.0,152091
2023-05-10 09:30:14,T2306,T2306,101.635,2.0,2032700.0,-2.0,42,101.635,101.64,48,101.545,101.63,101.64,101.625,635.0,645355950.0,152089
2023-05-10 09:30:15,T2306,T2306,101.64,5.0,5082000.0,0.0,47,101.635,101.64,43,101.545,101.63,101.64,101.625,640.0,650437950.0,152089
2023-05-10 09:30:15,T2306,T2306,101.635,12.0,12196200.0,-12.0,35,101.635,101.64,43,101.545,101.63,101.64,101.625,652.0,662634150.0,152077
2023-05-10 09:30:16,T2306,T2306,101.635,7.0,7114450.0,-7.0,38,101.635,101.64,49,101.545,101.63,101.64,101.625,659.0,669748600.0,152070
2023-05-10 09:30:16,T2306,T2306,101.635,1.0,1016350.0,-1.0,39,101.635,101.64,58,101.545,101.63,101.64,101.625,660.0,670764950.0,152069
2023-05-10 09:30:17,T2306,T2306,101.64,16.0,16261850.0,0.0,28,101.635,101.64,53,101.545,101.63,101.64,101.625,676.0,687026800.0,152069
2023-05-10 09:30:17,T2306,T2306,101.64,43.0,43703700.0,-13.0,53,101.63,101.635,2,101.545,101.63,101.64,101.625,719.0,730730500.0,152056
2023-05-10 09:30:18,T2306,T2306,101.63,6.0,6097950.0,-2.0,35,101.63,101.635,4,101.545,101.63,101.64,101.625,725.0,736828450.0,152054
2023-05-10 09:30:18,T2306,T2306,101.63,3.0,3048900.0,-3.0,32,101.63,101.635,11,101.545,101.63,101.64,101.625,728.0,739877350.0,152051
2023-05-10 09:30:19,T2306,T2306,101.63,1.0,1016300.0,-1.0,29,101.63,101.635,14,101.545,101.63,101.64,101.625,729.0,740893650.0,152050
2023-05-10 09:30:19,T2306,T2306,101.63,0.0,0.0,0.0,29,101.63,101.635,19,101.545,101.63,101.64,101.625,729.0,740893650.0,152050
2023-05-10 09:30:20,T2306,T2306,101.635,10.0,10163250.0,-6.0,25,101.63,101.635,14,101.545,101.63,101.64,101.625,739.0,751056900.0,152044
2023-05-10 09:30:20,T2306,T2306,101.635,17.0,17277950.0,-5.0,3,101.635,101.64,85,101.545,101.63,101.64,101.625,756.0,768334850.0,152039
2023-05-10 09:30:21,T2306,T2306,101.63,7.0,7114250.0,-3.0,38,101.63,101.635,13,101.545,101.63,101.64,101.625,763.0,775449100.0,152036
2023-05-10 09:30:21,T2306,T2306,101.63,1.0,1016300.0,-1.0,34,101.63,101.635,11,101.545,101.63,101.64,101.625,764.0,776465400.0,152035
2023-05-10 09:30:22,T2306,T2306,101.64,24.0,24392750.0,8.0,33,101.635,101.64,78,101.545,101.63,101.64,101.625,788.0,800858150.0,152043
2023-05-10 09:30:22,T2306,T2306,101.635,9.0,9147150.0,0.0,76,101.635,101.64,48,101.545,101.63,101.64,101.625,797.0,810005300.0,152043
2023-05-10 09:30:23,T2306,T2306,101.64,62.0,63016800.0,-29.0,2,101.64,101.645,83,101.545,101.63,101.64,101.625,859.0,873022100.0,152014
2023-05-10 09:30:23,T2306,T2306,101.64,4.0,4065600.0,-2.0,2,101.64,101.645,49,101.545,101.63,101.64,101.625,863.0,877087700.0,152012
2023-05-10 09:30:24,T2306,T2306,101.645,3.0,3049250.0,0.0,12,101.64,101.645,49,101.545,101.63,101.645,101.625,866.0,880136950.0,152012
2023-05-10 09:30:24,T2306,T2306,101.64,7.0,7114800.0,0.0,15,101.64,101.645,50,101.545,101.63,101.645,101.625,873.0,887251750.0,152012
2023-05-10 09:30:25,T2306,T2306,101.64,1.0,1016400.0,-1.0,17,101.64,101.645,50,101.545,101.63,101.645,101.625,874.0,888268150.0,152011
2023-05-10 09:30:25,T2306,T2306,101.64,0.0,0.0,0.0,19,101.64,101.645,50,101.545,101.63,101.645,101.625,874.0,888268150.0,152011
2023-05-10 09:30:26,T2306,T2306,101.64,7.0,7114800.0,-3.0,12,101.64,101.645,50,101.545,101.63,101.645,101.625,881.0,895382950.0,152008
2023-05-10 09:30:26,T2306,T2306,101.64,3.0,3049200.0,-2.0,12,101.64,101.645,50,101.545,101.63,101.645,101.625,884.0,898432150.0,152006
2023-05-10 09:30:27,T2306,T2306,101.64,12.0,12196800.0,-3.0,5,101.64,101.645,50,101.545,101.63,101.645,101.625,896.0,910628950.0,152003
2023-05-10 09:30:27,T2306,T2306,101.64,8.0,8131200.0,-2.0,108,101.635,101.64,8,101.545,101.63,101.645,101.625,904.0,918760150.0,152001
2023-05-10 09:30:28,T2306,T2306,101.635,9.0,9147550.0,6.0,87,101.635,101.64,3,101.545,101.63,101.645,101.625,913.0,927907700.0,152007
2023-05-10 09:30:28,T2306,T2306,101.64,1.0,1016400.0,1.0,85,101.635,101.64,8,101.545,101.63,101.645,101.625,914.0,928924100.0,152008
2023-05-10 09:30:29,T2306,T2306,101.64,5.0,5082000.0,-3.0,85,101.635,101.64,6,101.545,101.63,101.645,101.625,919.0,934006100.0,152005
2023-05-10 09:30:29,T2306,T2306,101.635,1.0,1016350.0,0.0,84,101.635,101.64,12,101.545,101.63,101.645,101.625,920.0,935022450.0,152005
2023-05-10 09:30:30,T2306,T2306,101.645,52.0,52854450.0,-10.0,4,101.64,101.645,147,101.545,101.63,101.645,101.625,972.0,987876900.0,151995
2023-05-10 09:30:30,T2306,T2306,101.64,13.0,13213200.0,3.0,1,101.64,101.645,120,101.545,101.63,101.645,101.625,985.0,1001090100.0,151998
2023-05-10 09:30:31,T2306,T2306,101.64,4.0,4065600.0,0.0,48,101.64,101.645,124,101.545,101.63,101.645,101.625,989.0,1005155700.0,151998
2023-05-10 09:30:31,T2306,T2306,101.64,2.0,2032800.0,1.0,55,101.64,101.645,119,101.545,101.63,101.645,101.625,991.0,1007188500.0,151999
2023-05-10 09:30:32,T2306,T2306,101.64,4.0,4065600.0,0.0,53,101.64,101.645,119,101.545,101.63,101.645,101.625,995.0,1011254100.0,151999
2023-05-10 09:30:32,T2306,T2306,101.64,1.0,1016400.0,0.0,53,101.64,101.645,119,101.545,101.63,101.645,101.625,996.0,1012270500.0,151999
2023-05-10 09:30:33,T2306,T2306,101.645,2.0,2032900.0,1.0,53,101.64,101.645,122,101.545,101.63,101.645,101.625,998.0,1014303400.0,152000
2023-05-10 09:30:33,T2306,T2306,101.64,1.0,1016400.0,1.0,57,101.64,101.645,124,101.545,101.63,101.645,101.625,999.0,1015319800.0,152001
2023-05-10 09:30:34,T2306,T2306,101.64,3.0,3049200.0,2.0,55,101.64,101.645,124,101.545,101.63,101.645,101.625,1002.0,1018369000.0,152003
2023-05-10 09:30:34,T2306,T2306,101.64,3.0,3049200.0,0.0,52,101.64,101.645,124,101.545,101.63,101.645,101.625,1005.0,1021418200.0,152003
2023-05-10 09:30:35,T2306,T2306,101.64,20.0,20328000.0,19.0,32,101.64,101.645,124,101.545,101.63,101.645,101.625,1025.0,1041746200.0,152022
2023-05-10 09:30:35,T2306,T2306,101.645,68.0,69118250.0,0.0,31,101.64,101.645,64,101.545,101.63,101.645,101.625,1093.0,1110864450.0,152022
2023-05-10 09:30:36,T2306,T2306,101.64,31.0,31509650.0,2.0,35,101.64,101.645,39,101.545,101.63,101.645,101.625,1124.0,1142374100.0,152024
2023-05-10 09:30:36,T2306,T2306,101.64,1.0,1016400.0,1.0,35,101.64,101.645,39,101.545,101.63,101.645,101.625,1125.0,1143390500.0,152025
2023-05-10 09:30:37,T2306,T2306,101.64,0.0,0.0,0.0,35,101.64,101.645,41,101.545,101.63,101.645,101.625,1125.0,1143390500.0,152025
2023-05-10 09:30:37,T2306,T2306,101.64,1.0,1016400.0,-1.0,39,101.64,101.645,40,101.545,101.63,101.645,101.625,1126.0,1144406900.0,152024
2023-05-10 09:30:38,T2306,T2306,101.64,0.0,0.0,0.0,39,101.64,101.645,41,101.545,101.63,101.645,101.625,1126.0,1144406900.0,152024
2023-05-10 09:30:38,T2306,T2306,101.64,4.0,4065600.0,-1.0,35,101.64,101.645,41,101.545,101.63,101.645,101.625,1130.0,1148472500.0,152023
2023-05-10 09:30:39,T2306,T2306,101.64,0.0,0.0,0.0,31,101.64,101.645,41,101.545,101.63,101.645,101.625,1130.0,1148472500.0,152023
2023-05-10 09:30:39,T2306,T2306,101.64,6.0,6098400.0,-1.0,30,101.64,101.645,42,101.545,101.63,101.645,101.625,1136.0,1154570900.0,152022
2023-05-10 09:30:40,T2306,T2306,101.64,0.0,0.0,0.0,30,101.64,101.645,47,101.545,101.63,101.645,101.625,1136.0,1154570900.0,152022
2023-05-10 09:30:40,T2306,T2306,101.64,0.0,0.0,0.0,30,101.64,101.645,48,101.545,101.63,101.645,101.625,1136.0,1154570900.0,152022
2023-05-10 09:30:41,T2306,T2306,101.64,1.0,1016400.0,0.0,29,101.64,101.645,48,101.545,101.63,101.645,101.625,1137.0,1155587300.0,152022
2023-05-10 09:30:41,T2306,T2306,101.645,1.0,1016450.0,0.0,29,101.64,101.645,47,101.545,101.63,101.645,101.625,1138.0,1156603750.0,152022
2023-05-10 09:30:42,T2306,T2306,101.64,6.0,6098400.0,-5.0,23,101.64,101.645,45,101.545,101.63,101.645,101.625,1144.0,1162702150.0,152017
2023-05-10 09:30:42,T2306,T2306,101.64,3.0,3049200.0,-3.0,25,101.64,101.645,45,101.545,101.63,101.645,101.625,1147.0,1165751350.0,152014
2023-05-10 09:30:43,T2306,T2306,101.645,1.0,1016450.0,1.0,25,101.64,101.645,44,101.545,101.63,101.645,101.625,1148.0,1166767800.0,152015
2023-05-10 09:30:43,T2306,T2306,101.645,45.0,45740250.0,-9.0,4,101.645,101.65,98,101.545,101.63,101.645,101.625,1193.0,1212508050.0,152006
2023-05-10 09:30:44,T2306,T2306,101.645,9.0,9148000.0,-6.0,38,101.64,101.65,71,101.545,101.63,101.645,101.625,1202.0,1221656050.0,152000
2023-05-10 09:30:44,T2306,T2306,101.645,0.0,0.0,0.0,35,101.64,101.645,1,101.545,101.63,101.645,101.625,1202.0,1221656050.0,152000
2023-05-10 09:30:45,T2306,T2306,101.645,8.0,8131600.0,0.0,5,101.645,101.65,118,101.545,101.63,101.645,101.625,1210.0,1229787650.0,152000
2023-05-10 09:30:45,T2306,T2306,101.645,1.0,1016450.0,-1.0,4,101.645,101.65,94,101.545,101.63,101.645,101.625,1211.0,1230804100.0,151999
2023-05-10 09:30:46,T2306,T2306,101.645,6.0,6098700.0,-3.0,73,101.64,101.645,1,101.545,101.63,101.645,101.625,1217.0,1236902800.0,151996
2023-05-10 09:30:46,T2306,T2306,101.64,4.0,4065600.0,-1.0,54,101.64,101.645,7,101.545,101.63,101.645,101.625,1221.0,1240968400.0,151995
2023-05-10 09:30:47,T2306,T2306,101.64,0.0,0.0,0.0,58,101.64,101.645,27,101.545,101.63,101.645,101.625,1221.0,1240968400.0,151995
2023-05-10 09:30:47,T2306,T2306,101.64,1.0,1016400.0,0.0,57,101.64,101.645,31,101.545,101.63,101.645,101.625,1222.0,1241984800.0,151995
2023-05-10 09:30:48,T2306,T2306,101.64,0.0,0.0,0.0,52,101.64,101.645,37,101.545,101.63,101.645,101.625,1222.0,1241984800.0,151995
2023-05-10 09:30:48,T2306,T2306,101.645,15.0,15246750.0,-3.0,58,101.64,101.645,23,101.545,101.63,101.645,101.625,1237.0,1257231550.0,151992
2023-05-10 09:30:49,T2306,T2306,101.64,6.0,6098400.0,2.0,52,101.64,101.645,15,101.545,101.63,101.645,101.625,1243.0,1263329950.0,151994
2023-05-10 09:30:49,T2306,T2306,101.64,0.0,0.0,0.0,52,101.64,101.645,37,101.545,101.63,101.645,101.625,1243.0,1263329950.0,151994
2023-05-10 09:30:50,T2306,T2306,101.64,51.0,51836300.0,-43.0,3,101.64,101.645,39,101.545,101.63,101.645,101.625,1294.0,1315166250.0,151951
2023-05-10 09:30:50,T2306,T2306,101.64,5.0,5082000.0,-1.0,64,101.635,101.64,24,101.545,101.63,101.645,101.625,1299.0,1320248250.0,151950
2023-05-10 09:30:51,T2306,T2306,101.635,4.0,4065400.0,0.0,41,101.635,101.64,26,101.545,101.63,101.645,101.625,1303.0,1324313650.0,151950
2023-05-10 09:30:51,T2306,T2306,101.635,0.0,0.0,0.0,38,101.635,101.64,29,101.545,101.63,101.645,101.625,1303.0,1324313650.0,151950
2023-05-10 09:30:52,T2306,T2306,101.64,7.0,7114700.0,-2.0,36,101.635,101.64,24,101.545,101.63,101.645,101.625,1310.0,1331428350.0,151948
2023-05-10 09:30:52,T2306,T2306,101.635,9.0,9147550.0,-4.0,36,101.635,101.64,16,101.545,101.63,101.645,101.625,1319.0,1340575900.0,151944
2023-05-10 09:30:53,T2306,T2306,101.635,0.0,0.0,0.0,39,101.635,101.64,17,101.545,101.63,101.645,101.625,1319.0,1340575900.0,151944
2023-05-10 09:30:53,T2306,T2306,101.64,6.0,6098350.0,-3.0,38,101.635,101.64,12,101.545,101.63,101.645,101.625,1325.0,1346674250.0,151941
2023-05-10 09:30:54,T2306,T2306,101.635,2.0,2032700.0,0.0,36,101.635,101.64,12,101.545,101.63,101.645,101.625,1327.0,1348706950.0,151941
2023-05-10 09:30:54,T2306,T2306,101.635,4.0,4065400.0,0.0,30,101.635,101.64,12,101.545,101.63,101.645,101.625,1331.0,1352772350.0,151941
2023-05-10 09:30:55,T2306,T2306,101.635,0.0,0.0,0.0,29,101.635,101.64,26,101.545,101.63,101.645,101.625,1331.0,1352772350.0,151941
2023-05-10 09:30:55,T2306,T2306,101.64,10.0,10164000.0,-4.0,29,101.635,101.64,16,101.545,101.63,101.645,101.625,1341.0,1362936350.0,151937
2023-05-10 09:30:56,T2306,T2306,101.635,1.0,1016350.0,0.0,33,101.635,101.64,21,101.545,101.63,101.645,101.625,1342.0,1363952700.0,151937
2023-05-10 09:30:56,T2306,T2306,101.635,0.0,0.0,0.0,33,101.635,101.64,22,101.545,101.63,101.645,101.625,1342.0,1363952700.0,151937
2023-05-10 09:30:57,T2306,T2306,101.635,1.0,1016350.0,0.0,32,101.635,101.64,22,101.545,101.63,101.645,101.625,1343.0,1364969050.0,151937
2023-05-10 09:30:57,T2306,T2306,101.64,3.0,3049200.0,0.0,30,101.635,101.64,20,101.545,101.63,101.645,101.625,1346.0,1368018250.0,151937
2023-05-10 09:30:58,T2306,T2306,101.635,1.0,1016350.0,-1.0,32,101.635,101.64,23,101.545,101.63,101.645,101.625,1347.0,1369034600.0,151936
2023-05-10 09:30:58,T2306,T2306,101.635,3.0,3049050.0,-3.0,26,101.635,101.64,23,101.545,101.63,101.645,101.625,1350.0,1372083650.0,151933
2023-05-10 09:30:59,T2306,T2306,101.635,0.0,0.0,0.0,26,101.635,101.64,25,101.545,101.63,101.645,101.625,1350.0,1372083650.0,151933
2023-05-10 09:30:59,T2306,T2306,101.635,1.0,1016350.0,-1.0,25,101.635,101.64,25,101.545,101.63,101.645,101.625,1351.0,1373100000.0,151932
2023-05-10 09:31:00,T2306,T2306,101.635,0.0,0.0,0.0,27,101.635,101.64,25,101.545,101.63,101.645,101.625,1351.0,1373100000.0,151932
2023-05-10 09:31:00,T2306,T2306,101.635,5.0,5081750.0,2.0,21,101.635,101.64,28,101.545,101.63,101.645,101.625,1356.0,1378181750.0,151934
2023-05-10 09:31:01,T2306,T2306,101.64,23.0,23377200.0,11.0,11,101.64,101.645,88,101.545,101.63,101.645,101.625,1379.0,1401558950.0,151945
2023-05-10 09:31:01,T2306,T2306,101.64,1.0,1016400.0,-1.0,16,101.64,101.645,55,101.545,101.63,101.645,101.625,1380.0,1402575350.0,151944
2023-05-10 09:31:02,T2306,T2306,101.645,30.0,30492000.0,3.0,79,101.635,101.64,12,101.545,101.63,101.645,101.625,1410.0,1433067350.0,151947
2023-05-10 09:31:02,T2306,T2306,101.635,8.0,8130900.0,-4.0,54,101.635,101.64,13,101.545,101.63,101.645,101.625,1418.0,1441198250.0,151943
2023-05-10 09:31:03,T2306,T2306,101.635,3.0,3049050.0,0.0,51,101.635,101.64,16,101.545,101.63,101.645,101.625,1421.0,1444247300.0,151943
2023-05-10 09:31:03,T2306,T2306,101.635,0.0,0.0,0.0,52,101.635,101.64,19,101.545,101.63,101.645,101.625,1421.0,1444247300.0,151943
2023-05-10 09:31:04,T2306,T2306,101.635,1.0,1016350.0,-1.0,52,101.635,101.64,19,101.545,101.63,101.645,101.625,1422.0,1445263650.0,151942
2023-05-10 09:31:04,T2306,T2306,101.635,0.0,0.0,0.0,54,101.635,101.64,20,101.545,101.63,101.645,101.625,1422.0,1445263650.0,151942
2023-05-10 09:31:05,T2306,T2306,101.64,54.0,54882950.0,2.0,4,101.635,101.64,21,101.545,101.63,101.645,101.625,1476.0,1500146600.0,151944
2023-05-10 09:31:05,T2306,T2306,101.635,7.0,7114450.0,4.0,47,101.63,101.635,5,101.545,101.63,101.645,101.625,1483.0,1507261050.0,151948
2023-05-10 09:31:06,T2306,T2306,101.63,6.0,6097900.0,-3.0,25,101.63,101.635,16,101.545,101.63,101.645,101.625,1489.0,1513358950.0,151945
2023-05-10 09:31:06,T2306,T2306,101.63,3.0,3048900.0,0.0,20,101.63,101.635,34,101.545,101.63,101.645,101.625,1492.0,1516407850.0,151945
2023-05-10 09:31:07,T2306,T2306,101.63,17.0,17277600.0,4.0,10,101.63,101.635,31,101.545,101.63,101.645,101.625,1509.0,1533685450.0,151949
2023-05-10 09:31:07,T2306,T2306,101.63,4.0,4065200.0,-4.0,7,101.63,101.635,31,101.545,101.63,101.645,101.625,1513.0,1537750650.0,151945
2023-05-10 09:31:08,T2306,T2306,101.63,7.0,7114100.0,-4.0,61,101.625,101.63,5,101.545,101.63,101.645,101.625,1520.0,1544864750.0,151941
2023-05-10 09:31:08,T2306,T2306,101.63,0.0,0.0,0.0,41,101.625,101.63,9,101.545,101.63,101.645,101.625,1520.0,1544864750.0,151941
2023-05-10 09:31:09,T2306,T2306,101.63,1.0,1016300.0,1.0,39,101.625,101.63,14,101.545,101.63,101.645,101.625,1521.0,1545881050.0,151942
2023-05-10 09:31:09,T2306,T2306,101.63,23.0,23374900.0,8.0,27,101.63,101.635,62,101.545,101.63,101.645,101.625,1544.0,1569255950.0,151950
2023-05-10 09:31:10,T2306,T2306,101.63,0.0,0.0,0.0,30,101.63,101.635,38,101.545,101.63,101.645,101.625,1544.0,1569255950.0,151950
2023-05-10 09:31:10,T2306,T2306,101.63,4.0,4065200.0,0.0,26,101.63,101.635,38,101.545,101.63,101.645,101.625,1548.0,1573321150.0,151950
2023-05-10 09:31:11,T2306,T2306,101.63,0.0,0.0,0.0,24,101.63,101.635,38,101.545,101.63,101.645,101.625,1548.0,1573321150.0,151950
2023-05-10 09:31:11,T2306,T2306,101.63,1.0,1016300.0,0.0,24,101.63,101.635,37,101.545,101.63,101.645,101.625,1549.0,1574337450.0,151950
2023-05-10 09:31:12,T2306,T2306,101.63,1.0,1016300.0,0.0,23,101.63,101.635,45,101.545,101.63,101.645,101.625,1550.0,1575353750.0,151950
2023-05-10 09:31:12,T2306,T2306,101.63,3.0,3048900.0,0.0,20,101.63,101.635,52,101.545,101.63,101.645,101.625,1553.0,1578402650.0,151950
2023-05-10 09:31:13,T2306,T2306,101.63,2.0,2032600.0,0.0,18,101.63,101.635,54,101.545,101.63,101.645,101.625,1555.0,1580435250.0,151950
2023-05-10 09:31:13,T2306,T2306,101.63,1.0,1016300.0,0.0,17,101.63,101.635,53,101.545,101.63,101.645,101.625,1556.0,1581451550.0,151950
2023-05-10 09:31:14,T2306,T2306,101.635,5.0,5081650.0,0.0,15,101.63,101.635,50,101.545,101.63,101.645,101.625,1561.0,1586533200.0,151950
2023-05-10 09:31:15,T2306,T2306,101.63,1.0,1016300.0,0.0,17,101.63,101.635,50,101.545,101.63,101.645,101.625,1562.0,1587549500.0,151950
2023-05-10 09:31:15,T2306,T2306,101.63,0.0,0.0,0.0,18,101.63,101.635,50,101.545,101.63,101.645,101.625,1562.0,1587549500.0,151950
2023-05-10 09:31:16,T2306,T2306,101.63,1.0,1016300.0,0.0,17,101.63,101.635,50,101.545,101.63,101.645,101.625,1563.0,1588565800.0,151950
2023-05-10 09:31:16,T2306,T2306,101.63,1.0,1016300.0,1.0,16,101.63,101.635,50,101.545,101.63,101.645,101.625,1564.0,1589582100.0,151951
2023-05-10 09:31:18,T2306,T2306,101.63,1.0,1016300.0,0.0,16,101.63,101.635,50,101.545,101.63,101.645,101.625,1565.0,1590598400.0,151951
2023-05-10 09:31:19,T2306,T2306,101.63,0.0,0.0,0.0,17,101.63,101.635,50,101.545,101.63,101.645,101.625,1565.0,1590598400.0,151951
2023-05-10 09:31:19,T2306,T2306,101.63,0.0,0.0,0.0,27,101.63,101.635,50,101.545,101.63,101.645,101.625,1565.0,1590598400.0,151951
2023-05-10 09:31:20,T2306,T2306,101.635,51.0,51833850.0,15.0,10,101.635,101.64,80,101.545,101.63,101.645,101.625,1616.0,1642432250.0,151966
2023-05-10 09:31:20,T2306,T2306,101.635,17.0,17277950.0,-12.0,23,101.635,101.64,33,101.545,101.63,101.645,101.625,1633.0,1659710200.0,151954
2023-05-10 09:31:21,T2306,T2306,101.64,2.0,2032750.0,0.0,24,101.635,101.64,30,101.545,101.63,101.645,101.625,1635.0,1661742950.0,151954
2023-05-10 09:31:21,T2306,T2306,101.64,1.0,1016400.0,0.0,28,101.635,101.64,29,101.545,101.63,101.645,101.625,1636.0,1662759350.0,151954
2023-05-10 09:31:22,T2306,T2306,101.635,1.0,1016350.0,-1.0,33,101.635,101.64,29,101.545,101.63,101.645,101.625,1637.0,1663775700.0,151953
2023-05-10 09:31:22,T2306,T2306,101.635,9.0,9147150.0,-9.0,24,101.635,101.64,29,101.545,101.63,101.645,101.625,1646.0,1672922850.0,151944
2023-05-10 09:31:23,T2306,T2306,101.635,1.0,1016350.0,-1.0,20,101.635,101.64,29,101.545,101.63,101.645,101.625,1647.0,1673939200.0,151943
2023-05-10 09:31:24,T2306,T2306,101.635,1.0,1016350.0,-1.0,19,101.635,101.64,29,101.545,101.63,101.645,101.625,1648.0,1674955550.0,151942
2023-05-10 09:31:27,T2306,T2306,101.635,0.0,0.0,0.0,20,101.635,101.64,29,101.545,101.63,101.645,101.625,1648.0,1674955550.0,151942
2023-05-10 09:31:28,T2306,T2306,101.64,28.0,28459200.0,-4.0,9,101.64,101.645,102,101.545,101.63,101.645,101.625,1676.0,1703414750.0,151938
2023-05-10 09:31:28,T2306,T2306,101.64,0.0,0.0,0.0,29,101.64,101.645,60,101.545,101.63,101.645,101.625,1676.0,1703414750.0,151938
2023-05-10 09:31:29,T2306,T2306,101.64,0.0,0.0,0.0,33,101.64,101.645,60,101.545,101.63,101.645,101.625,1676.0,1703414750.0,151938
2023-05-10 09:31:30,T2306,T2306,101.64,0.0,0.0,0.0,33,101.64,101.645,61,101.545,101.63,101.645,101.625,1676.0,1703414750.0,151938
2023-05-10 09:31:33,T2306,T2306,101.64,0.0,0.0,0.0,33,101.64,101.645,55,101.545,101.63,101.645,101.625,1676.0,1703414750.0,151938
2023-05-10 09:31:34,T2306,T2306,101.64,0.0,0.0,0.0,33,101.64,101.645,65,101.545,101.63,101.645,101.625,1676.0,1703414750.0,151938
2023-05-10 09:31:37,T2306,T2306,101.64,0.0,0.0,0.0,33,101.64,101.645,66,101.545,101.63,101.645,101.625,1676.0,1703414750.0,151938
2023-05-10 09:31:38,T2306,T2306,101.64,0.0,0.0,0.0,33,101.64,101.645,67,101.545,101.63,101.645,101.625,1676.0,1703414750.0,151938
2023-05-10 09:31:39,T2306,T2306,101.64,1.0,1016400.0,0.0,32,101.64,101.645,67,101.545,101.63,101.645,101.625,1677.0,1704431150.0,151938
2023-05-10 09:31:39,T2306,T2306,101.64,0.0,0.0,0.0,32,101.64,101.645,66,101.545,101.63,101.645,101.625,1677.0,1704431150.0,151938
2023-05-10 09:31:40,T2306,T2306,101.64,1.0,1016400.0,0.0,31,101.64,101.645,66,101.545,101.63,101.645,101.625,1678.0,1705447550.0,151938
2023-05-10 09:31:41,T2306,T2306,101.64,0.0,0.0,0.0,31,101.64,101.645,67,101.545,101.63,101.645,101.625,1678.0,1705447550.0,151938
2023-05-10 09:31:41,T2306,T2306,101.64,31.0,31508400.0,-4.0,72,101.635,101.64,11,101.545,101.63,101.645,101.625,1709.0,1736955950.0,151934
2023-05-10 09:31:42,T2306,T2306,101.64,13.0,13213200.0,0.0,30,101.635,101.64,2,101.545,101.63,101.645,101.625,1722.0,1750169150.0,151934
2023-05-10 09:31:42,T2306,T2306,101.635,1.0,1016350.0,1.0,35,101.635,101.64,13,101.545,101.63,101.645,101.625,1723.0,1751185500.0,151935
2023-05-10 09:31:43,T2306,T2306,101.635,0.0,0.0,0.0,33,101.635,101.64,14,101.545,101.63,101.645,101.625,1723.0,1751185500.0,151935
2023-05-10 09:31:43,T2306,T2306,101.635,1.0,1016350.0,0.0,32,101.635,101.64,14,101.545,101.63,101.645,101.625,1724.0,1752201850.0,151935
2023-05-10 09:31:44,T2306,T2306,101.635,0.0,0.0,0.0,31,101.635,101.64,18,101.545,101.63,101.645,101.625,1724.0,1752201850.0,151935
2023-05-10 09:31:44,T2306,T2306,101.635,0.0,0.0,0.0,31,101.635,101.64,29,101.545,101.63,101.645,101.625,1724.0,1752201850.0,151935
2023-05-10 09:31:45,T2306,T2306,101.635,1.0,1016350.0,0.0,24,101.635,101.64,30,101.545,101.63,101.645,101.625,1725.0,1753218200.0,151935
2023-05-10 09:31:45,T2306,T2306,101.635,0.0,0.0,0.0,21,101.635,101.64,32,101.545,101.63,101.645,101.625,1725.0,1753218200.0,151935
2023-05-10 09:31:48,T2306,T2306,101.635,0.0,0.0,0.0,22,101.635,101.64,32,101.545,101.63,101.645,101.625,1725.0,1753218200.0,151935
2023-05-10 09:31:48,T2306,T2306,101.64,12.0,12196800.0,-12.0,33,101.635,101.64,19,101.545,101.63,101.645,101.625,1737.0,1765415000.0,151923
2023-05-10 09:31:49,T2306,T2306,101.64,0.0,0.0,0.0,37,101.635,101.64,6,101.545,101.63,101.645,101.625,1737.0,1765415000.0,151923
2023-05-10 09:31:50,T2306,T2306,101.64,0.0,0.0,0.0,37,101.635,101.64,17,101.545,101.63,101.645,101.625,1737.0,1765415000.0,151923
2023-05-10 09:31:50,T2306,T2306,101.64,0.0,0.0,0.0,37,101.635,101.64,20,101.545,101.63,101.645,101.625,1737.0,1765415000.0,151923
2023-05-10 09:31:51,T2306,T2306,101.64,20.0,20328000.0,-15.0,38,101.64,101.645,120,101.545,101.63,101.645,101.625,1757.0,1785743000.0,151908
2023-05-10 09:31:51,T2306,T2306,101.64,39.0,39639600.0,-39.0,50,101.64,101.645,69,101.545,101.63,101.645,101.625,1796.0,1825382600.0,151869
2023-05-10 09:31:52,T2306,T2306,101.645,67.0,68102150.0,-11.0,1,101.645,101.65,127,101.545,101.63,101.645,101.625,1863.0,1893484750.0,151858
2023-05-10 09:31:53,T2306,T2306,101.65,6.0,6098750.0,0.0,19,101.645,101.65,76,101.545,101.63,101.65,101.625,1869.0,1899583500.0,151858
2023-05-10 09:31:53,T2306,T2306,101.645,7.0,7115400.0,6.0,22,101.645,101.65,71,101.545,101.63,101.65,101.625,1876.0,1906698900.0,151864
2023-05-10 09:31:54,T2306,T2306,101.65,4.0,4066000.0,4.0,47,101.645,101.65,63,101.545,101.63,101.65,101.625,1880.0,1910764900.0,151868
2023-05-10 09:31:54,T2306,T2306,101.65,0.0,0.0,0.0,50,101.645,101.65,62,101.545,101.63,101.65,101.625,1880.0,1910764900.0,151868
2023-05-10 09:31:56,T2306,T2306,101.65,0.0,0.0,0.0,48,101.645,101.65,62,101.545,101.63,101.65,101.625,1880.0,1910764900.0,151868
2023-05-10 09:31:57,T2306,T2306,101.65,0.0,0.0,0.0,49,101.645,101.65,62,101.545,101.63,101.65,101.625,1880.0,1910764900.0,151868
2023-05-10 09:31:57,T2306,T2306,101.65,1.0,1016500.0,0.0,49,101.645,101.65,61,101.545,101.63,101.65,101.625,1881.0,1911781400.0,151868
2023-05-10 09:31:58,T2306,T2306,101.65,0.0,0.0,0.0,51,101.645,101.65,61,101.545,101.63,101.65,101.625,1881.0,1911781400.0,151868
2023-05-10 09:31:58,T2306,T2306,101.65,1.0,1016500.0,1.0,51,101.645,101.65,60,101.545,101.63,101.65,101.625,1882.0,1912797900.0,151869
2023-05-10 09:31:59,T2306,T2306,101.65,0.0,0.0,0.0,57,101.645,101.65,60,101.545,101.63,101.65,101.625,1882.0,1912797900.0,151869
2023-05-10 09:31:59,T2306,T2306,101.65,1.0,1016500.0,0.0,57,101.645,101.65,57,101.545,101.63,101.65,101.625,1883.0,1913814400.0,151869
2023-05-10 09:32:00,T2306,T2306,101.65,5.0,5082500.0,5.0,57,101.645,101.65,52,101.545,101.63,101.65,101.625,1888.0,1918896900.0,151874
2023-05-10 09:32:00,T2306,T2306,101.645,1.0,1016450.0,-1.0,56,101.645,101.65,52,101.545,101.63,101.65,101.625,1889.0,1919913350.0,151873
2023-05-10 09:32:01,T2306,T2306,101.65,19.0,19312850.0,-4.0,43,101.645,101.65,46,101.545,101.63,101.65,101.625,1908.0,1939226200.0,151869
2023-05-10 09:32:01,T2306,T2306,101.65,0.0,0.0,0.0,49,101.645,101.65,48,101.545,101.63,101.65,101.625,1908.0,1939226200.0,151869
2023-05-10 09:32:02,T2306,T2306,101.65,0.0,0.0,0.0,48,101.645,101.65,48,101.545,101.63,101.65,101.625,1908.0,1939226200.0,151869
2023-05-10 09:32:02,T2306,T2306,101.65,1.0,1016500.0,1.0,49,101.645,101.65,48,101.545,101.63,101.65,101.625,1909.0,1940242700.0,151870
2023-05-10 09:32:03,T2306,T2306,101.65,1.0,1016500.0,1.0,49,101.645,101.65,47,101.545,101.63,101.65,101.625,1910.0,1941259200.0,151871
2023-05-10 09:32:03,T2306,T2306,101.65,2.0,2033000.0,0.0,49,101.645,101.65,46,101.545,101.63,101.65,101.625,1912.0,1943292200.0,151871
2023-05-10 09:32:04,T2306,T2306,101.65,0.0,0.0,0.0,49,101.645,101.65,48,101.545,101.63,101.65,101.625,1912.0,1943292200.0,151871
2023-05-10 09:32:04,T2306,T2306,101.645,2.0,2032950.0,0.0,51,101.645,101.65,48,101.545,101.63,101.65,101.625,1914.0,1945325150.0,151871
2023-05-10 09:32:05,T2306,T2306,101.645,0.0,0.0,0.0,56,101.645,101.65,48,101.545,101.63,101.65,101.625,1914.0,1945325150.0,151871
2023-05-10 09:32:07,T2306,T2306,101.645,3.0,3049350.0,-1.0,54,101.645,101.65,48,101.545,101.63,101.65,101.625,1917.0,1948374500.0,151870
2023-05-10 09:32:08,T2306,T2306,101.645,1.0,1016450.0,0.0,54,101.645,101.65,48,101.545,101.63,101.65,101.625,1918.0,1949390950.0,151870
2023-05-10 09:32:09,T2306,T2306,101.645,5.0,5082250.0,3.0,50,101.645,101.65,48,101.545,101.63,101.65,101.625,1923.0,1954473200.0,151873
2023-05-10 09:32:09,T2306,T2306,101.65,7.0,7115400.0,-2.0,48,101.645,101.65,43,101.545,101.63,101.65,101.625,1930.0,1961588600.0,151871
2023-05-10 09:32:10,T2306,T2306,101.65,0.0,0.0,0.0,53,101.645,101.65,43,101.545,101.63,101.65,101.625,1930.0,1961588600.0,151871
2023-05-10 09:32:10,T2306,T2306,101.645,1.0,1016450.0,-1.0,52,101.645,101.65,68,101.545,101.63,101.65,101.625,1931.0,1962605050.0,151870
2023-05-10 09:32:11,T2306,T2306,101.645,2.0,2032900.0,0.0,50,101.645,101.65,70,101.545,101.63,101.65,101.625,1933.0,1964637950.0,151870
2023-05-10 09:32:11,T2306,T2306,101.645,51.0,51838950.0,5.0,1,101.645,101.65,70,101.545,101.63,101.65,101.625,1984.0,2016476900.0,151875
2023-05-10 09:32:12,T2306,T2306,101.645,1.0,1016450.0,-1.0,104,101.64,101.645,6,101.545,101.63,101.65,101.625,1985.0,2017493350.0,151874
2023-05-10 09:32:12,T2306,T2306,101.645,7.0,7115150.0,-3.0,13,101.645,101.65,132,101.545,101.63,101.65,101.625,1992.0,2024608500.0,151871
2023-05-10 09:32:13,T2306,T2306,101.645,11.0,11180950.0,-10.0,3,101.645,101.65,82,101.545,101.63,101.65,101.625,2003.0,2035789450.0,151861
2023-05-10 09:32:13,T2306,T2306,101.645,11.0,11180950.0,-10.0,6,101.645,101.65,84,101.545,101.63,101.65,101.625,2014.0,2046970400.0,151851
2023-05-10 09:32:14,T2306,T2306,101.645,0.0,0.0,0.0,4,101.645,101.65,84,101.545,101.63,101.65,101.625,2014.0,2046970400.0,151851
2023-05-10 09:32:14,T2306,T2306,101.645,0.0,0.0,0.0,9,101.645,101.65,84,101.545,101.63,101.65,101.625,2014.0,2046970400.0,151851
2023-05-10 09:32:15,T2306,T2306,101.645,0.0,0.0,0.0,9,101.645,101.65,82,101.545,101.63,101.65,101.625,2014.0,2046970400.0,151851
2023-05-10 09:32:16,T2306,T2306,101.645,0.0,0.0,0.0,9,101.645,101.65,84,101.545,101.63,101.65,101.625,2014.0,2046970400.0,151851
2023-05-10 09:32:17,T2306,T2306,101.645,0.0,0.0,0.0,8,101.645,101.65,84,101.545,101.63,101.65,101.625,2014.0,2046970400.0,151851
2023-05-10 09:32:17,T2306,T2306,101.645,8.0,8131600.0,7.0,56,101.64,101.645,1,101.545,101.63,101.65,101.625,2022.0,2055102000.0,151858
2023-05-10 09:32:18,T2306,T2306,101.645,0.0,0.0,0.0,16,101.64,101.645,23,101.545,101.63,101.65,101.625,2022.0,2055102000.0,151858
2023-05-10 09:32:18,T2306,T2306,101.645,0.0,0.0,0.0,15,101.64,101.645,37,101.545,101.63,101.65,101.625,2022.0,2055102000.0,151858
2023-05-10 09:32:19,T2306,T2306,101.645,0.0,0.0,0.0,14,101.64,101.645,52,101.545,101.63,101.65,101.625,2022.0,2055102000.0,151858
2023-05-10 09:32:19,T2306,T2306,101.645,52.0,52854200.0,-31.0,4,101.64,101.645,25,101.545,101.63,101.65,101.625,2074.0,2107956200.0,151827
2023-05-10 09:32:20,T2306,T2306,101.645,1.0,1016450.0,-1.0,11,101.64,101.645,52,101.545,101.63,101.65,101.625,2075.0,2108972650.0,151826
2023-05-10 09:32:20,T2306,T2306,101.645,0.0,0.0,0.0,9,101.64,101.645,53,101.545,101.63,101.65,101.625,2075.0,2108972650.0,151826
2023-05-10 09:32:21,T2306,T2306,101.645,0.0,0.0,0.0,7,101.64,101.645,53,101.545,101.63,101.65,101.625,2075.0,2108972650.0,151826
2023-05-10 09:32:21,T2306,T2306,101.64,1.0,1016400.0,0.0,6,101.64,101.645,53,101.545,101.63,101.65,101.625,2076.0,2109989050.0,151826
2023-05-10 09:32:23,T2306,T2306,101.64,0.0,0.0,0.0,7,101.64,101.645,53,101.545,101.63,101.65,101.625,2076.0,2109989050.0,151826
2023-05-10 09:32:24,T2306,T2306,101.64,0.0,0.0,0.0,9,101.64,101.645,56,101.545,101.63,101.65,101.625,2076.0,2109989050.0,151826
2023-05-10 09:32:25,T2306,T2306,101.645,1.0,1016450.0,0.0,21,101.64,101.645,55,101.545,101.63,101.65,101.625,2077.0,2111005500.0,151826
2023-05-10 09:32:26,T2306,T2306,101.645,0.0,0.0,0.0,22,101.64,101.645,52,101.545,101.63,101.65,101.625,2077.0,2111005500.0,151826
2023-05-10 09:32:26,T2306,T2306,101.645,0.0,0.0,0.0,23,101.64,101.645,52,101.545,101.63,101.65,101.625,2077.0,2111005500.0,151826
2023-05-10 09:32:27,T2306,T2306,101.645,0.0,0.0,0.0,24,101.64,101.645,48,101.545,101.63,101.65,101.625,2077.0,2111005500.0,151826
2023-05-10 09:32:28,T2306,T2306,101.645,1.0,1016450.0,0.0,24,101.64,101.645,47,101.545,101.63,101.65,101.625,2078.0,2112021950.0,151826
2023-05-10 09:32:31,T2306,T2306,101.645,0.0,0.0,0.0,24,101.64,101.645,35,101.545,101.63,101.65,101.625,2078.0,2112021950.0,151826
2023-05-10 09:32:32,T2306,T2306,101.645,12.0,12197400.0,7.0,24,101.64,101.645,23,101.545,101.63,101.65,101.625,2090.0,2124219350.0,151833
2023-05-10 09:32:32,T2306,T2306,101.645,23.0,23378350.0,8.0,10,101.645,101.65,133,101.545,101.63,101.65,101.625,2113.0,2147597700.0,151841
2023-05-10 09:32:33,T2306,T2306,101.645,0.0,0.0,0.0,12,101.645,101.65,76,101.545,101.63,101.65,101.625,2113.0,2147597700.0,151841
2023-05-10 09:32:33,T2306,T2306,101.645,0.0,0.0,0.0,10,101.645,101.65,76,101.545,101.63,101.65,101.625,2113.0,2147597700.0,151841
2023-05-10 09:32:34,T2306,T2306,101.645,0.0,0.0,0.0,12,101.645,101.65,76,101.545,101.63,101.65,101.625,2113.0,2147597700.0,151841
2023-05-10 09:32:35,T2306,T2306,101.645,0.0,0.0,0.0,12,101.645,101.65,66,101.545,101.63,101.65,101.625,2113.0,2147597700.0,151841
2023-05-10 09:32:35,T2306,T2306,101.645,0.0,0.0,0.0,14,101.645,101.65,66,101.545,101.63,101.65,101.625,2113.0,2147597700.0,151841
2023-05-10 09:32:36,T2306,T2306,101.645,0.0,0.0,0.0,12,101.645,101.65,65,101.545,101.63,101.65,101.625,2113.0,2147597700.0,151841
2023-05-10 09:32:37,T2306,T2306,101.645,0.0,0.0,0.0,13,101.645,101.65,66,101.545,101.63,101.65,101.625,2113.0,2147597700.0,151841
2023-05-10 09:32:37,T2306,T2306,101.645,0.0,0.0,0.0,13,101.645,101.65,67,101.545,101.63,101.65,101.625,2113.0,2147597700.0,151841
2023-05-10 09:32:39,T2306,T2306,101.645,0.0,0.0,0.0,13,101.645,101.65,71,101.545,101.63,101.65,101.625,2113.0,2147597700.0,151841
2023-05-10 09:32:39,T2306,T2306,101.645,0.0,0.0,0.0,4,101.645,101.65,71,101.545,101.63,101.65,101.625,2113.0,2147597700.0,151841
2023-05-10 09:32:40,T2306,T2306,101.645,5.0,5082250.0,0.0,68,101.64,101.645,1,101.545,101.63,101.65,101.625,2118.0,2152679950.0,151841
2023-05-10 09:32:40,T2306,T2306,101.645,2.0,2032900.0,1.0,1,101.645,101.65,123,101.545,101.63,101.65,101.625,2120.0,2154712850.0,151842
2023-05-10 09:32:41,T2306,T2306,101.645,2.0,2032900.0,-2.0,58,101.64,101.645,1,101.545,101.63,101.65,101.625,2122.0,2156745750.0,151840
2023-05-10 09:32:41,T2306,T2306,101.65,10.0,10164950.0,-8.0,1,101.645,101.65,114,101.545,101.63,101.65,101.625,2132.0,2166910700.0,151832
2023-05-10 09:32:42,T2306,T2306,101.65,0.0,0.0,0.0,11,101.645,101.65,65,101.545,101.63,101.65,101.625,2132.0,2166910700.0,151832
2023-05-10 09:32:42,T2306,T2306,101.65,0.0,0.0,0.0,11,101.645,101.65,63,101.545,101.63,101.65,101.625,2132.0,2166910700.0,151832
2023-05-10 09:32:43,T2306,T2306,101.65,0.0,0.0,0.0,13,101.645,101.65,63,101.545,101.63,101.65,101.625,2132.0,2166910700.0,151832
2023-05-10 09:32:43,T2306,T2306,101.645,2.0,2032900.0,1.0,12,101.645,101.65,63,101.545,101.63,101.65,101.625,2134.0,2168943600.0,151833
2023-05-10 09:32:44,T2306,T2306,101.645,0.0,0.0,0.0,12,101.645,101.65,64,101.545,101.63,101.65,101.625,2134.0,2168943600.0,151833
2023-05-10 09:32:45,T2306,T2306,101.645,0.0,0.0,0.0,10,101.645,101.65,64,101.545,101.63,101.65,101.625,2134.0,2168943600.0,151833
2023-05-10 09:32:45,T2306,T2306,101.645,2.0,2032900.0,0.0,11,101.645,101.65,64,101.545,101.63,101.65,101.625,2136.0,2170976500.0,151833
2023-05-10 09:32:46,T2306,T2306,101.645,0.0,0.0,0.0,32,101.645,101.65,64,101.545,101.63,101.65,101.625,2136.0,2170976500.0,151833
2023-05-10 09:32:46,T2306,T2306,101.645,0.0,0.0,0.0,33,101.645,101.65,62,101.545,101.63,101.65,101.625,2136.0,2170976500.0,151833
2023-05-10 09:32:49,T2306,T2306,101.645,5.0,5082250.0,5.0,28,101.645,101.65,62,101.545,101.63,101.65,101.625,2141.0,2176058750.0,151838
2023-05-10 09:32:49,T2306,T2306,101.645,0.0,0.0,0.0,29,101.645,101.65,62,101.545,101.63,101.65,101.625,2141.0,2176058750.0,151838
2023-05-10 09:32:51,T2306,T2306,101.645,2.0,2032900.0,0.0,27,101.645,101.65,64,101.545,101.63,101.65,101.625,2143.0,2178091650.0,151838
2023-05-10 09:32:52,T2306,T2306,101.645,0.0,0.0,0.0,29,101.645,101.65,64,101.545,101.63,101.65,101.625,2143.0,2178091650.0,151838
2023-05-10 09:32:53,T2306,T2306,101.645,0.0,0.0,0.0,29,101.645,101.65,65,101.545,101.63,101.65,101.625,2143.0,2178091650.0,151838
2023-05-10 09:32:54,T2306,T2306,101.645,0.0,0.0,0.0,30,101.645,101.65,65,101.545,101.63,101.65,101.625,2143.0,2178091650.0,151838
2023-05-10 09:32:55,T2306,T2306,101.645,7.0,7115150.0,3.0,24,101.645,101.65,65,101.545,101.63,101.65,101.625,2150.0,2185206800.0,151841
2023-05-10 09:32:56,T2306,T2306,101.645,0.0,0.0,0.0,24,101.645,101.65,68,101.545,101.63,101.65,101.625,2150.0,2185206800.0,151841
2023-05-10 09:32:56,T2306,T2306,101.645,0.0,0.0,0.0,32,101.645,101.65,68,101.545,101.63,101.65,101.625,2150.0,2185206800.0,151841
2023-05-10 09:32:57,T2306,T2306,101.645,0.0,0.0,0.0,32,101.645,101.65,66,101.545,101.63,101.65,101.625,2150.0,2185206800.0,151841
2023-05-10 09:32:57,T2306,T2306,101.645,0.0,0.0,0.0,37,101.645,101.65,66,101.545,101.63,101.65,101.625,2150.0,2185206800.0,151841
2023-05-10 09:32:58,T2306,T2306,101.65,66.0,67089000.0,20.0,12,101.65,101.655,186,101.545,101.63,101.65,101.625,2216.0,2252295800.0,151861
2023-05-10 09:32:58,T2306,T2306,101.65,1.0,1016500.0,0.0,46,101.65,101.655,134,101.545,101.63,101.65,101.625,2217.0,2253312300.0,151861
2023-05-10 09:32:59,T2306,T2306,101.65,0.0,0.0,0.0,48,101.65,101.655,134,101.545,101.63,101.65,101.625,2217.0,2253312300.0,151861
2023-05-10 09:32:59,T2306,T2306,101.65,0.0,0.0,0.0,48,101.65,101.655,135,101.545,101.63,101.65,101.625,2217.0,2253312300.0,151861
2023-05-10 09:33:00,T2306,T2306,101.65,0.0,0.0,0.0,49,101.65,101.655,135,101.545,101.63,101.65,101.625,2217.0,2253312300.0,151861
2023-05-10 09:33:01,T2306,T2306,101.65,0.0,0.0,0.0,50,101.65,101.655,135,101.545,101.63,101.65,101.625,2217.0,2253312300.0,151861
2023-05-10 09:33:02,T2306,T2306,101.65,0.0,0.0,0.0,52,101.65,101.655,134,101.545,101.63,101.65,101.625,2217.0,2253312300.0,151861
2023-05-10 09:33:02,T2306,T2306,101.655,8.0,8132400.0,7.0,53,101.65,101.655,127,101.545,101.63,101.655,101.625,2225.0,2261444700.0,151868
2023-05-10 09:33:03,T2306,T2306,101.655,0.0,0.0,0.0,61,101.65,101.655,129,101.545,101.63,101.655,101.625,2225.0,2261444700.0,151868
2023-05-10 09:33:03,T2306,T2306,101.655,9.0,9148950.0,0.0,62,101.65,101.655,120,101.545,101.63,101.655,101.625,2234.0,2270593650.0,151868
2023-05-10 09:33:04,T2306,T2306,101.655,43.0,43711650.0,29.0,62,101.65,101.655,77,101.545,101.63,101.655,101.625,2277.0,2314305300.0,151897
2023-05-10 09:33:04,T2306,T2306,101.655,77.0,78274350.0,39.0,12,101.655,101.66,130,101.545,101.63,101.655,101.625,2354.0,2392579650.0,151936
2023-05-10 09:33:05,T2306,T2306,101.66,12.0,12199200.0,-3.0,26,101.655,101.66,75,101.545,101.63,101.66,101.625,2366.0,2404778850.0,151933
2023-05-10 09:33:05,T2306,T2306,101.66,5.0,5082950.0,4.0,29,101.655,101.66,70,101.545,101.63,101.66,101.625,2371.0,2409861800.0,151937
2023-05-10 09:33:06,T2306,T2306,101.655,5.0,5082750.0,5.0,24,101.655,101.66,72,101.545,101.63,101.66,101.625,2376.0,2414944550.0,151942
2023-05-10 09:33:06,T2306,T2306,101.655,7.0,7115850.0,-3.0,17,101.655,101.66,73,101.545,101.63,101.66,101.625,2383.0,2422060400.0,151939
2023-05-10 09:33:07,T2306,T2306,101.655,17.0,17281350.0,4.0,93,101.65,101.66,77,101.545,101.63,101.66,101.625,2400.0,2439341750.0,151943
2023-05-10 09:33:07,T2306,T2306,101.655,1.0,1016550.0,0.0,83,101.65,101.655,3,101.545,101.63,101.66,101.625,2401.0,2440358300.0,151943
2023-05-10 09:33:08,T2306,T2306,101.655,6.0,6099250.0,-1.0,71,101.65,101.655,13,101.545,101.63,101.66,101.625,2407.0,2446457550.0,151942
2023-05-10 09:33:08,T2306,T2306,101.65,51.0,51845700.0,27.0,72,101.65,101.655,2,101.545,101.63,101.66,101.625,2458.0,2498303250.0,151969
2023-05-10 09:33:09,T2306,T2306,101.655,3.0,3049650.0,0.0,14,101.655,101.66,84,101.545,101.63,101.66,101.625,2461.0,2501352900.0,151969
2023-05-10 09:33:09,T2306,T2306,101.655,0.0,0.0,0.0,37,101.655,101.66,34,101.545,101.63,101.66,101.625,2461.0,2501352900.0,151969
2023-05-10 09:33:10,T2306,T2306,101.655,0.0,0.0,0.0,38,101.655,101.66,27,101.545,101.63,101.66,101.625,2461.0,2501352900.0,151969
2023-05-10 09:33:10,T2306,T2306,101.66,1.0,1016600.0,0.0,38,101.655,101.66,27,101.545,101.63,101.66,101.625,2462.0,2502369500.0,151969
2023-05-10 09:33:11,T2306,T2306,101.66,1.0,1016600.0,-1.0,39,101.655,101.66,27,101.545,101.63,101.66,101.625,2463.0,2503386100.0,151968
2023-05-10 09:33:12,T2306,T2306,101.66,0.0,0.0,0.0,39,101.655,101.66,39,101.545,101.63,101.66,101.625,2463.0,2503386100.0,151968
2023-05-10 09:33:13,T2306,T2306,101.66,0.0,0.0,0.0,27,101.655,101.66,40,101.545,101.63,101.66,101.625,2463.0,2503386100.0,151968
2023-05-10 09:33:13,T2306,T2306,101.655,27.0,27446850.0,-1.0,93,101.65,101.655,1,101.545,101.63,101.66,101.625,2490.0,2530832950.0,151967
2023-05-10 09:33:14,T2306,T2306,101.655,1.0,1016550.0,1.0,53,101.65,101.655,20,101.545,101.63,101.66,101.625,2491.0,2531849500.0,151968
2023-05-10 09:33:14,T2306,T2306,101.655,0.0,0.0,0.0,51,101.65,101.655,31,101.545,101.63,101.66,101.625,2491.0,2531849500.0,151968
2023-05-10 09:33:15,T2306,T2306,101.655,0.0,0.0,0.0,49,101.65,101.655,31,101.545,101.63,101.66,101.625,2491.0,2531849500.0,151968
2023-05-10 09:33:15,T2306,T2306,101.655,0.0,0.0,0.0,47,101.65,101.655,31,101.545,101.63,101.66,101.625,2491.0,2531849500.0,151968
2023-05-10 09:33:16,T2306,T2306,101.655,0.0,0.0,0.0,35,101.65,101.655,34,101.545,101.63,101.66,101.625,2491.0,2531849500.0,151968
2023-05-10 09:33:16,T2306,T2306,101.65,20.0,20330650.0,-2.0,29,101.65,101.655,21,101.545,101.63,101.66,101.625,2511.0,2552180150.0,151966
2023-05-10 09:33:17,T2306,T2306,101.65,0.0,0.0,0.0,28,101.65,101.655,26,101.545,101.63,101.66,101.625,2511.0,2552180150.0,151966
2023-05-10 09:33:17,T2306,T2306,101.65,1.0,1016500.0,0.0,22,101.65,101.655,26,101.545,101.63,101.66,101.625,2512.0,2553196650.0,151966
2023-05-10 09:33:18,T2306,T2306,101.65,0.0,0.0,0.0,22,101.65,101.655,27,101.545,101.63,101.66,101.625,2512.0,2553196650.0,151966
2023-05-10 09:33:18,T2306,T2306,101.65,7.0,7115500.0,-4.0,16,101.65,101.655,27,101.545,101.63,101.66,101.625,2519.0,2560312150.0,151962
2023-05-10 09:33:19,T2306,T2306,101.65,0.0,0.0,0.0,15,101.65,101.655,27,101.545,101.63,101.66,101.625,2519.0,2560312150.0,151962
2023-05-10 09:33:19,T2306,T2306,101.65,0.0,0.0,0.0,17,101.65,101.655,27,101.545,101.63,101.66,101.625,2519.0,2560312150.0,151962
2023-05-10 09:33:20,T2306,T2306,101.65,0.0,0.0,0.0,19,101.65,101.655,27,101.545,101.63,101.66,101.625,2519.0,2560312150.0,151962
2023-05-10 09:33:22,T2306,T2306,101.655,11.0,11182050.0,0.0,19,101.65,101.655,16,101.545,101.63,101.66,101.625,2530.0,2571494200.0,151962
2023-05-10 09:33:22,T2306,T2306,101.655,0.0,0.0,0.0,23,101.65,101.655,28,101.545,101.63,101.66,101.625,2530.0,2571494200.0,151962
2023-05-10 09:33:23,T2306,T2306,101.655,0.0,0.0,0.0,23,101.65,101.655,30,101.545,101.63,101.66,101.625,2530.0,2571494200.0,151962
2023-05-10 09:33:23,T2306,T2306,101.655,5.0,5082700.0,-1.0,22,101.65,101.655,26,101.545,101.63,101.66,101.625,2535.0,2576576900.0,151961
2023-05-10 09:33:24,T2306,T2306,101.65,1.0,1016500.0,0.0,21,101.65,101.655,26,101.545,101.63,101.66,101.625,2536.0,2577593400.0,151961
2023-05-10 09:33:25,T2306,T2306,101.65,0.0,0.0,0.0,21,101.65,101.655,30,101.545,101.63,101.66,101.625,2536.0,2577593400.0,151961
2023-05-10 09:33:25,T2306,T2306,101.65,0.0,0.0,0.0,22,101.65,101.655,40,101.545,101.63,101.66,101.625,2536.0,2577593400.0,151961
2023-05-10 09:33:26,T2306,T2306,101.65,1.0,1016500.0,1.0,21,101.65,101.655,40,101.545,101.63,101.66,101.625,2537.0,2578609900.0,151962
2023-05-10 09:33:27,T2306,T2306,101.65,1.0,1016500.0,1.0,20,101.65,101.655,40,101.545,101.63,101.66,101.625,2538.0,2579626400.0,151963
2023-05-10 09:33:28,T2306,T2306,101.65,10.0,10165250.0,0.0,20,101.65,101.655,35,101.545,101.63,101.66,101.625,2548.0,2589791650.0,151963
2023-05-10 09:33:29,T2306,T2306,101.65,1.0,1016500.0,1.0,19,101.65,101.655,35,101.545,101.63,101.66,101.625,2549.0,2590808150.0,151964
2023-05-10 09:33:29,T2306,T2306,101.65,8.0,8132000.0,-2.0,11,101.65,101.655,35,101.545,101.63,101.66,101.625,2557.0,2598940150.0,151962
2023-05-10 09:33:30,T2306,T2306,101.65,11.0,11181500.0,-11.0,85,101.645,101.65,14,101.545,101.63,101.66,101.625,2568.0,2610121650.0,151951
2023-05-10 09:33:30,T2306,T2306,101.65,0.0,0.0,0.0,45,101.645,101.65,15,101.545,101.63,101.66,101.625,2568.0,2610121650.0,151951
2023-05-10 09:33:31,T2306,T2306,101.65,0.0,0.0,0.0,45,101.645,101.65,28,101.545,101.63,101.66,101.625,2568.0,2610121650.0,151951
2023-05-10 09:33:31,T2306,T2306,101.65,0.0,0.0,0.0,45,101.645,101.65,34,101.545,101.63,101.66,101.625,2568.0,2610121650.0,151951
2023-05-10 09:33:32,T2306,T2306,101.65,0.0,0.0,0.0,42,101.645,101.65,34,101.545,101.63,101.66,101.625,2568.0,2610121650.0,151951
2023-05-10 09:33:32,T2306,T2306,101.65,10.0,10165000.0,0.0,55,101.645,101.65,24,101.545,101.63,101.66,101.625,2578.0,2620286650.0,151951
2023-05-10 09:33:33,T2306,T2306,101.645,13.0,13214450.0,-7.0,56,101.645,101.655,96,101.545,101.63,101.66,101.625,2591.0,2633501100.0,151944
2023-05-10 09:33:33,T2306,T2306,101.645,0.0,0.0,0.0,12,101.65,101.655,57,101.545,101.63,101.66,101.625,2591.0,2633501100.0,151944
2023-05-10 09:33:34,T2306,T2306,101.65,2.0,2033000.0,0.0,60,101.65,101.655,59,101.545,101.63,101.66,101.625,2593.0,2635534100.0,151944
2023-05-10 09:33:34,T2306,T2306,101.65,0.0,0.0,0.0,62,101.65,101.655,60,101.545,101.63,101.66,101.625,2593.0,2635534100.0,151944
2023-05-10 09:33:35,T2306,T2306,101.65,0.0,0.0,0.0,67,101.65,101.655,59,101.545,101.63,101.66,101.625,2593.0,2635534100.0,151944
2023-05-10 09:33:35,T2306,T2306,101.65,0.0,0.0,0.0,67,101.65,101.655,50,101.545,101.63,101.66,101.625,2593.0,2635534100.0,151944
2023-05-10 09:33:36,T2306,T2306,101.655,5.0,5082750.0,-5.0,62,101.65,101.655,43,101.545,101.63,101.66,101.625,2598.0,2640616850.0,151939
2023-05-10 09:33:36,T2306,T2306,101.655,0.0,0.0,0.0,63,101.65,101.655,42,101.545,101.63,101.66,101.625,2598.0,2640616850.0,151939
2023-05-10 09:33:37,T2306,T2306,101.655,1.0,1016550.0,0.0,64,101.65,101.655,30,101.545,101.63,101.66,101.625,2599.0,2641633400.0,151939
2023-05-10 09:33:39,T2306,T2306,101.65,1.0,1016500.0,1.0,62,101.65,101.655,30,101.545,101.63,101.66,101.625,2600.0,2642649900.0,151940
2023-05-10 09:33:42,T2306,T2306,101.65,2.0,2033000.0,2.0,60,101.65,101.655,30,101.545,101.63,101.66,101.625,2602.0,2644682900.0,151942
2023-05-10 09:33:42,T2306,T2306,101.65,0.0,0.0,0.0,60,101.65,101.655,32,101.545,101.63,101.66,101.625,2602.0,2644682900.0,151942
2023-05-10 09:33:43,T2306,T2306,101.65,0.0,0.0,0.0,60,101.65,101.655,33,101.545,101.63,101.66,101.625,2602.0,2644682900.0,151942
2023-05-10 09:33:44,T2306,T2306,101.65,0.0,0.0,0.0,61,101.65,101.655,34,101.545,101.63,101.66,101.625,2602.0,2644682900.0,151942
2023-05-10 09:33:44,T2306,T2306,101.655,34.0,34562700.0,-6.0,16,101.655,101.66,172,101.545,101.63,101.66,101.625,2636.0,2679245600.0,151936
2023-05-10 09:33:45,T2306,T2306,101.655,2.0,2033100.0,-2.0,14,101.655,101.66,100,101.545,101.63,101.66,101.625,2638.0,2681278700.0,151934
2023-05-10 09:33:45,T2306,T2306,101.655,0.0,0.0,0.0,18,101.655,101.66,100,101.545,101.63,101.66,101.625,2638.0,2681278700.0,151934
2023-05-10 09:33:46,T2306,T2306,101.655,0.0,0.0,0.0,17,101.655,101.66,100,101.545,101.63,101.66,101.625,2638.0,2681278700.0,151934
2023-05-10 09:33:46,T2306,T2306,101.655,6.0,6099300.0,0.0,13,101.655,101.66,100,101.545,101.63,101.66,101.625,2644.0,2687378000.0,151934
2023-05-10 09:33:47,T2306,T2306,101.655,1.0,1016550.0,-1.0,10,101.655,101.66,99,101.545,101.63,101.66,101.625,2645.0,2688394550.0,151933
2023-05-10 09:33:47,T2306,T2306,101.655,0.0,0.0,0.0,13,101.655,101.66,99,101.545,101.63,101.66,101.625,2645.0,2688394550.0,151933
2023-05-10 09:33:48,T2306,T2306,101.655,0.0,0.0,0.0,16,101.655,101.66,99,101.545,101.63,101.66,101.625,2645.0,2688394550.0,151933
2023-05-10 09:33:48,T2306,T2306,101.655,0.0,0.0,0.0,17,101.655,101.66,99,101.545,101.63,101.66,101.625,2645.0,2688394550.0,151933
2023-05-10 09:33:49,T2306,T2306,101.655,0.0,0.0,0.0,17,101.655,101.66,100,101.545,101.63,101.66,101.625,2645.0,2688394550.0,151933
2023-05-10 09:33:50,T2306,T2306,101.655,0.0,0.0,0.0,17,101.655,101.66,101,101.545,101.63,101.66,101.625,2645.0,2688394550.0,151933
2023-05-10 09:33:51,T2306,T2306,101.655,5.0,5082750.0,0.0,12,101.655,101.66,101,101.545,101.63,101.66,101.625,2650.0,2693477300.0,151933
2023-05-10 09:33:51,T2306,T2306,101.655,0.0,0.0,0.0,9,101.655,101.66,102,101.545,101.63,101.66,101.625,2650.0,2693477300.0,151933
2023-05-10 09:33:52,T2306,T2306,101.655,11.0,11182050.0,-4.0,117,101.65,101.655,1,101.545,101.63,101.66,101.625,2661.0,2704659350.0,151929
2023-05-10 09:33:52,T2306,T2306,101.655,13.0,13215150.0,-7.0,5,101.655,101.66,158,101.545,101.63,101.66,101.625,2674.0,2717874500.0,151922
2023-05-10 09:33:53,T2306,T2306,101.655,1.0,1016550.0,-1.0,9,101.655,101.66,106,101.545,101.63,101.66,101.625,2675.0,2718891050.0,151921
2023-05-10 09:33:53,T2306,T2306,101.655,12.0,12198600.0,-3.0,1,101.655,101.66,111,101.545,101.63,101.66,101.625,2687.0,2731089650.0,151918
2023-05-10 09:33:54,T2306,T2306,101.655,8.0,8132250.0,1.0,124,101.65,101.655,13,101.545,101.63,101.66,101.625,2695.0,2739221900.0,151919
2023-05-10 09:33:54,T2306,T2306,101.655,8.0,8132400.0,8.0,72,101.65,101.655,15,101.545,101.63,101.66,101.625,2703.0,2747354300.0,151927
2023-05-10 09:33:55,T2306,T2306,101.655,0.0,0.0,0.0,72,101.65,101.655,16,101.545,101.63,101.66,101.625,2703.0,2747354300.0,151927
2023-05-10 09:33:56,T2306,T2306,101.655,0.0,0.0,0.0,71,101.65,101.655,14,101.545,101.63,101.66,101.625,2703.0,2747354300.0,151927
2023-05-10 09:33:56,T2306,T2306,101.655,0.0,0.0,0.0,71,101.65,101.655,24,101.545,101.63,101.66,101.625,2703.0,2747354300.0,151927
2023-05-10 09:33:57,T2306,T2306,101.655,0.0,0.0,0.0,68,101.65,101.655,28,101.545,101.63,101.66,101.625,2703.0,2747354300.0,151927
2023-05-10 09:33:59,T2306,T2306,101.655,0.0,0.0,0.0,68,101.65,101.655,29,101.545,101.63,101.66,101.625,2703.0,2747354300.0,151927
2023-05-10 09:33:59,T2306,T2306,101.655,6.0,6099300.0,5.0,73,101.65,101.655,23,101.545,101.63,101.66,101.625,2709.0,2753453600.0,151932
2023-05-10 09:34:00,T2306,T2306,101.65,1.0,1016500.0,0.0,76,101.65,101.655,33,101.545,101.63,101.66,101.625,2710.0,2754470100.0,151932
2023-05-10 09:34:00,T2306,T2306,101.65,0.0,0.0,0.0,71,101.65,101.655,33,101.545,101.63,101.66,101.625,2710.0,2754470100.0,151932
2023-05-10 09:34:01,T2306,T2306,101.655,2.0,2033100.0,-1.0,72,101.65,101.655,32,101.545,101.63,101.66,101.625,2712.0,2756503200.0,151931
2023-05-10 09:34:01,T2306,T2306,101.655,1.0,1016550.0,1.0,72,101.65,101.655,34,101.545,101.63,101.66,101.625,2713.0,2757519750.0,151932
2023-05-10 09:34:02,T2306,T2306,101.655,1.0,1016550.0,1.0,72,101.65,101.655,33,101.545,101.63,101.66,101.625,2714.0,2758536300.0,151933
2023-05-10 09:34:02,T2306,T2306,101.655,0.0,0.0,0.0,72,101.65,101.655,34,101.545,101.63,101.66,101.625,2714.0,2758536300.0,151933
2023-05-10 09:34:04,T2306,T2306,101.655,0.0,0.0,0.0,71,101.65,101.655,34,101.545,101.63,101.66,101.625,2714.0,2758536300.0,151933
2023-05-10 09:34:05,T2306,T2306,101.655,0.0,0.0,0.0,73,101.65,101.655,34,101.545,101.63,101.66,101.625,2714.0,2758536300.0,151933
2023-05-10 09:34:05,T2306,T2306,101.655,20.0,20331000.0,-19.0,73,101.65,101.655,14,101.545,101.63,101.66,101.625,2734.0,2778867300.0,151914
2023-05-10 09:34:06,T2306,T2306,101.655,14.0,14231700.0,-14.0,74,101.65,101.66,189,101.545,101.63,101.66,101.625,2748.0,2793099000.0,151900
2023-05-10 09:34:06,T2306,T2306,101.655,0.0,0.0,0.0,84,101.65,101.655,1,101.545,101.63,101.66,101.625,2748.0,2793099000.0,151900
2023-05-10 09:34:07,T2306,T2306,101.65,3.0,3049600.0,-1.0,77,101.65,101.655,8,101.545,101.63,101.66,101.625,2751.0,2796148600.0,151899
2023-05-10 09:34:07,T2306,T2306,101.65,0.0,0.0,0.0,77,101.65,101.655,16,101.545,101.63,101.66,101.625,2751.0,2796148600.0,151899
2023-05-10 09:34:08,T2306,T2306,101.65,0.0,0.0,0.0,77,101.65,101.655,22,101.545,101.63,101.66,101.625,2751.0,2796148600.0,151899
2023-05-10 09:34:08,T2306,T2306,101.65,0.0,0.0,0.0,77,101.65,101.655,24,101.545,101.63,101.66,101.625,2751.0,2796148600.0,151899
2023-05-10 09:34:09,T2306,T2306,101.65,0.0,0.0,0.0,78,101.65,101.655,25,101.545,101.63,101.66,101.625,2751.0,2796148600.0,151899
2023-05-10 09:34:09,T2306,T2306,101.65,0.0,0.0,0.0,74,101.65,101.655,25,101.545,101.63,101.66,101.625,2751.0,2796148600.0,151899
2023-05-10 09:34:10,T2306,T2306,101.65,0.0,0.0,0.0,74,101.65,101.655,28,101.545,101.63,101.66,101.625,2751.0,2796148600.0,151899
2023-05-10 09:34:11,T2306,T2306,101.65,1.0,1016500.0,0.0,73,101.65,101.655,30,101.545,101.63,101.66,101.625,2752.0,2797165100.0,151899
2023-05-10 09:34:11,T2306,T2306,101.65,0.0,0.0,0.0,72,101.65,101.655,30,101.545,101.63,101.66,101.625,2752.0,2797165100.0,151899
2023-05-10 09:34:13,T2306,T2306,101.65,11.0,11182000.0,-2.0,71,101.65,101.655,20,101.545,101.63,101.66,101.625,2763.0,2808347100.0,151897
2023-05-10 09:34:13,T2306,T2306,101.65,0.0,0.0,0.0,72,101.65,101.655,18,101.545,101.63,101.66,101.625,2763.0,2808347100.0,151897
2023-05-10 09:34:14,T2306,T2306,101.65,0.0,0.0,0.0,72,101.65,101.655,16,101.545,101.63,101.66,101.625,2763.0,2808347100.0,151897
2023-05-10 09:34:16,T2306,T2306,101.65,0.0,0.0,0.0,82,101.65,101.655,18,101.545,101.63,101.66,101.625,2763.0,2808347100.0,151897
2023-05-10 09:34:17,T2306,T2306,101.65,0.0,0.0,0.0,82,101.65,101.655,38,101.545,101.63,101.66,101.625,2763.0,2808347100.0,151897
2023-05-10 09:34:18,T2306,T2306,101.65,0.0,0.0,0.0,82,101.65,101.655,36,101.545,101.63,101.66,101.625,2763.0,2808347100.0,151897
2023-05-10 09:34:20,T2306,T2306,101.65,0.0,0.0,0.0,82,101.65,101.655,37,101.545,101.63,101.66,101.625,2763.0,2808347100.0,151897
2023-05-10 09:34:21,T2306,T2306,101.65,0.0,0.0,0.0,82,101.65,101.655,40,101.545,101.63,101.66,101.625,2763.0,2808347100.0,151897
2023-05-10 09:34:23,T2306,T2306,101.655,2.0,2033100.0,-2.0,82,101.65,101.655,38,101.545,101.63,101.66,101.625,2765.0,2810380200.0,151895
2023-05-10 09:34:24,T2306,T2306,101.65,1.0,1016500.0,0.0,77,101.65,101.655,38,101.545,101.63,101.66,101.625,2766.0,2811396700.0,151895
2023-05-10 09:34:29,T2306,T2306,101.65,0.0,0.0,0.0,78,101.65,101.655,38,101.545,101.63,101.66,101.625,2766.0,2811396700.0,151895
2023-05-10 09:34:29,T2306,T2306,101.65,0.0,0.0,0.0,78,101.65,101.655,39,101.545,101.63,101.66,101.625,2766.0,2811396700.0,151895
2023-05-10 09:34:30,T2306,T2306,101.65,1.0,1016500.0,-1.0,77,101.65,101.655,39,101.545,101.63,101.66,101.625,2767.0,2812413200.0,151894
2023-05-10 09:34:31,T2306,T2306,101.65,0.0,0.0,0.0,77,101.65,101.655,42,101.545,101.63,101.66,101.625,2767.0,2812413200.0,151894
2023-05-10 09:34:32,T2306,T2306,101.65,0.0,0.0,0.0,78,101.65,101.655,42,101.545,101.63,101.66,101.625,2767.0,2812413200.0,151894
2023-05-10 09:34:33,T2306,T2306,101.655,42.0,42695100.0,15.0,13,101.655,101.66,184,101.545,101.63,101.66,101.625,2809.0,2855108300.0,151909
2023-05-10 09:34:34,T2306,T2306,101.655,2.0,2033100.0,-2.0,16,101.655,101.66,112,101.545,101.63,101.66,101.625,2811.0,2857141400.0,151907
2023-05-10 09:34:34,T2306,T2306,101.655,0.0,0.0,0.0,16,101.655,101.66,117,101.545,101.63,101.66,101.625,2811.0,2857141400.0,151907
2023-05-10 09:34:35,T2306,T2306,101.655,1.0,1016550.0,-1.0,11,101.655,101.66,111,101.545,101.63,101.66,101.625,2812.0,2858157950.0,151906
2023-05-10 09:34:35,T2306,T2306,101.655,0.0,0.0,0.0,19,101.655,101.66,111,101.545,101.63,101.66,101.625,2812.0,2858157950.0,151906
2023-05-10 09:34:36,T2306,T2306,101.655,0.0,0.0,0.0,17,101.655,101.66,109,101.545,101.63,101.66,101.625,2812.0,2858157950.0,151906
2023-05-10 09:34:36,T2306,T2306,101.655,1.0,1016550.0,0.0,7,101.655,101.66,109,101.545,101.63,101.66,101.625,2813.0,2859174500.0,151906
2023-05-10 09:34:37,T2306,T2306,101.655,1.0,1016550.0,0.0,1,101.655,101.66,108,101.545,101.63,101.66,101.625,2814.0,2860191050.0,151906
2023-05-10 09:34:37,T2306,T2306,101.655,5.0,5082750.0,-5.0,132,101.65,101.66,113,101.545,101.63,101.66,101.625,2819.0,2865273800.0,151901
2023-05-10 09:34:38,T2306,T2306,101.65,1.0,1016500.0,-1.0,91,101.65,101.66,124,101.545,101.63,101.66,101.625,2820.0,2866290300.0,151900
2023-05-10 09:34:38,T2306,T2306,101.655,1.0,1016550.0,0.0,149,101.655,101.66,123,101.545,101.63,101.66,101.625,2821.0,2867306850.0,151900
2023-05-10 09:34:39,T2306,T2306,101.66,106.0,107759600.0,52.0,13,101.66,101.665,156,101.545,101.63,101.66,101.625,2927.0,2975066450.0,151952
2023-05-10 09:34:39,T2306,T2306,101.66,9.0,9149400.0,-7.0,29,101.66,101.665,84,101.545,101.63,101.66,101.625,2936.0,2984215850.0,151945
2023-05-10 09:34:40,T2306,T2306,101.66,0.0,0.0,0.0,30,101.66,101.665,88,101.545,101.63,101.66,101.625,2936.0,2984215850.0,151945
2023-05-10 09:34:40,T2306,T2306,101.66,30.0,30498000.0,-21.0,230,101.655,101.665,88,101.545,101.63,101.66,101.625,2966.0,3014713850.0,151924
2023-05-10 09:34:41,T2306,T2306,101.66,5.0,5083000.0,-5.0,180,101.655,101.66,10,101.545,101.63,101.66,101.625,2971.0,3019796850.0,151919
2023-05-10 09:34:41,T2306,T2306,101.66,2.0,2033200.0,0.0,171,101.655,101.66,10,101.545,101.63,101.66,101.625,2973.0,3021830050.0,151919
2023-05-10 09:34:42,T2306,T2306,101.66,0.0,0.0,0.0,171,101.655,101.66,13,101.545,101.63,101.66,101.625,2973.0,3021830050.0,151919
2023-05-10 09:34:42,T2306,T2306,101.655,10.0,10165500.0,0.0,161,101.655,101.66,13,101.545,101.63,101.66,101.625,2983.0,3031995550.0,151919
2023-05-10 09:34:43,T2306,T2306,101.655,0.0,0.0,0.0,159,101.655,101.66,30,101.545,101.63,101.66,101.625,2983.0,3031995550.0,151919
2023-05-10 09:34:43,T2306,T2306,101.655,0.0,0.0,0.0,159,101.655,101.66,31,101.545,101.63,101.66,101.625,2983.0,3031995550.0,151919
2023-05-10 09:34:44,T2306,T2306,101.655,0.0,0.0,0.0,158,101.655,101.66,31,101.545,101.63,101.66,101.625,2983.0,3031995550.0,151919
2023-05-10 09:34:44,T2306,T2306,101.66,31.0,31514600.0,-31.0,9,101.66,101.665,173,101.545,101.63,101.66,101.625,3014.0,3063510150.0,151888
2023-05-10 09:34:45,T2306,T2306,101.66,0.0,0.0,0.0,31,101.66,101.665,103,101.545,101.63,101.66,101.625,3014.0,3063510150.0,151888
2023-05-10 09:34:45,T2306,T2306,101.66,0.0,0.0,0.0,36,101.66,101.665,105,101.545,101.63,101.66,101.625,3014.0,3063510150.0,151888
2023-05-10 09:34:46,T2306,T2306,101.66,0.0,0.0,0.0,38,101.66,101.665,105,101.545,101.63,101.66,101.625,3014.0,3063510150.0,151888
2023-05-10 09:34:46,T2306,T2306,101.66,0.0,0.0,0.0,38,101.66,101.665,104,101.545,101.63,101.66,101.625,3014.0,3063510150.0,151888
2023-05-10 09:34:47,T2306,T2306,101.66,0.0,0.0,0.0,36,101.66,101.665,101,101.545,101.63,101.66,101.625,3014.0,3063510150.0,151888
2023-05-10 09:34:48,T2306,T2306,101.665,2.0,2033300.0,2.0,36,101.66,101.665,99,101.545,101.63,101.665,101.625,3016.0,3065543450.0,151890
2023-05-10 09:34:48,T2306,T2306,101.665,0.0,0.0,0.0,41,101.66,101.665,99,101.545,101.63,101.665,101.625,3016.0,3065543450.0,151890
2023-05-10 09:34:50,T2306,T2306,101.66,10.0,10166000.0,0.0,31,101.66,101.665,99,101.545,101.63,101.665,101.625,3026.0,3075709450.0,151890
2023-05-10 09:34:50,T2306,T2306,101.66,0.0,0.0,0.0,31,101.66,101.665,100,101.545,101.63,101.665,101.625,3026.0,3075709450.0,151890
2023-05-10 09:34:51,T2306,T2306,101.66,0.0,0.0,0.0,29,101.66,101.665,100,101.545,101.63,101.665,101.625,3026.0,3075709450.0,151890
2023-05-10 09:34:51,T2306,T2306,101.66,0.0,0.0,0.0,31,101.66,101.665,100,101.545,101.63,101.665,101.625,3026.0,3075709450.0,151890
2023-05-10 09:34:52,T2306,T2306,101.66,0.0,0.0,0.0,32,101.66,101.665,100,101.545,101.63,101.665,101.625,3026.0,3075709450.0,151890
2023-05-10 09:34:52,T2306,T2306,101.66,0.0,0.0,0.0,44,101.66,101.665,100,101.545,101.63,101.665,101.625,3026.0,3075709450.0,151890
2023-05-10 09:34:53,T2306,T2306,101.66,0.0,0.0,0.0,45,101.66,101.665,100,101.545,101.63,101.665,101.625,3026.0,3075709450.0,151890
2023-05-10 09:34:53,T2306,T2306,101.665,1.0,1016650.0,1.0,45,101.66,101.665,99,101.545,101.63,101.665,101.625,3027.0,3076726100.0,151891
2023-05-10 09:34:55,T2306,T2306,101.665,0.0,0.0,0.0,49,101.66,101.665,99,101.545,101.63,101.665,101.625,3027.0,3076726100.0,151891
2023-05-10 09:34:56,T2306,T2306,101.665,0.0,0.0,0.0,54,101.66,101.665,99,101.545,101.63,101.665,101.625,3027.0,3076726100.0,151891
2023-05-10 09:34:56,T2306,T2306,101.665,3.0,3049950.0,1.0,60,101.66,101.665,96,101.545,101.63,101.665,101.625,3030.0,3079776050.0,151892
2023-05-10 09:34:57,T2306,T2306,101.665,2.0,2033300.0,0.0,60,101.66,101.665,94,101.545,101.63,101.665,101.625,3032.0,3081809350.0,151892
2023-05-10 09:34:57,T2306,T2306,101.665,4.0,4066600.0,-1.0,60,101.66,101.665,90,101.545,101.63,101.665,101.625,3036.0,3085875950.0,151891
2023-05-10 09:34:58,T2306,T2306,101.665,1.0,1016650.0,0.0,60,101.66,101.665,89,101.545,101.63,101.665,101.625,3037.0,3086892600.0,151891
2023-05-10 09:34:58,T2306,T2306,101.665,2.0,2033300.0,-1.0,60,101.66,101.665,88,101.545,101.63,101.665,101.625,3039.0,3088925900.0,151890
2023-05-10 09:34:59,T2306,T2306,101.665,0.0,0.0,0.0,61,101.66,101.665,88,101.545,101.63,101.665,101.625,3039.0,3088925900.0,151890
2023-05-10 09:34:59,T2306,T2306,101.665,1.0,1016650.0,1.0,61,101.66,101.665,88,101.545,101.63,101.665,101.625,3040.0,3089942550.0,151891
2023-05-10 09:35:00,T2306,T2306,101.665,5.0,5083250.0,4.0,62,101.66,101.665,83,101.545,101.63,101.665,101.625,3045.0,3095025800.0,151895
2023-05-10 09:35:00,T2306,T2306,101.665,16.0,16266050.0,9.0,55,101.66,101.665,79,101.545,101.63,101.665,101.625,3061.0,3111291850.0,151904
2023-05-10 09:35:01,T2306,T2306,101.66,10.0,10166000.0,10.0,50,101.66,101.665,74,101.545,101.63,101.665,101.625,3071.0,3121457850.0,151914
2023-05-10 09:35:01,T2306,T2306,101.665,1.0,1016650.0,1.0,52,101.66,101.665,76,101.545,101.63,101.665,101.625,3072.0,3122474500.0,151915
2023-05-10 09:35:02,T2306,T2306,101.665,1.0,1016650.0,1.0,52,101.66,101.665,75,101.545,101.63,101.665,101.625,3073.0,3123491150.0,151916
2023-05-10 09:35:02,T2306,T2306,101.665,0.0,0.0,0.0,52,101.66,101.665,77,101.545,101.63,101.665,101.625,3073.0,3123491150.0,151916
2023-05-10 09:35:03,T2306,T2306,101.665,1.0,1016650.0,1.0,52,101.66,101.665,78,101.545,101.63,101.665,101.625,3074.0,3124507800.0,151917
2023-05-10 09:35:03,T2306,T2306,101.665,2.0,2033300.0,0.0,52,101.66,101.665,74,101.545,101.63,101.665,101.625,3076.0,3126541100.0,151917
2023-05-10 09:35:04,T2306,T2306,101.66,10.0,10166000.0,10.0,43,101.66,101.665,74,101.545,101.63,101.665,101.625,3086.0,3136707100.0,151927
2023-05-10 09:35:04,T2306,T2306,101.66,0.0,0.0,0.0,44,101.66,101.665,74,101.545,101.63,101.665,101.625,3086.0,3136707100.0,151927
2023-05-10 09:35:05,T2306,T2306,101.665,1.0,1016650.0,0.0,44,101.66,101.665,73,101.545,101.63,101.665,101.625,3087.0,3137723750.0,151927
2023-05-10 09:35:05,T2306,T2306,101.665,1.0,1016650.0,0.0,44,101.66,101.665,72,101.545,101.63,101.665,101.625,3088.0,3138740400.0,151927
2023-05-10 09:35:06,T2306,T2306,101.665,0.0,0.0,0.0,45,101.66,101.665,72,101.545,101.63,101.665,101.625,3088.0,3138740400.0,151927
2023-05-10 09:35:06,T2306,T2306,101.665,72.0,73198800.0,45.0,2,101.665,101.67,165,101.545,101.63,101.665,101.625,3160.0,3211939200.0,151972
2023-05-10 09:35:07,T2306,T2306,101.665,25.0,25416250.0,-5.0,1,101.665,101.67,91,101.545,101.63,101.665,101.625,3185.0,3237355450.0,151967
2023-05-10 09:35:07,T2306,T2306,101.665,2.0,2033300.0,1.0,2,101.665,101.67,66,101.545,101.63,101.665,101.625,3187.0,3239388750.0,151968
2023-05-10 09:35:08,T2306,T2306,101.665,0.0,0.0,0.0,14,101.665,101.67,46,101.545,101.63,101.665,101.625,3187.0,3239388750.0,151968
2023-05-10 09:35:08,T2306,T2306,101.67,5.0,5083500.0,5.0,26,101.665,101.67,41,101.545,101.63,101.67,101.625,3192.0,3244472250.0,151973
2023-05-10 09:35:09,T2306,T2306,101.665,8.0,8133250.0,4.0,24,101.665,101.67,34,101.545,101.63,101.67,101.625,3200.0,3252605500.0,151977
2023-05-10 09:35:09,T2306,T2306,101.67,18.0,18300600.0,3.0,29,101.665,101.67,18,101.545,101.63,101.67,101.625,3218.0,3270906100.0,151980
2023-05-10 09:35:10,T2306,T2306,101.665,51.0,51849150.0,12.0,1,101.665,101.67,41,101.545,101.63,101.67,101.625,3269.0,3322755250.0,151992
2023-05-10 09:35:11,T2306,T2306,101.665,17.0,17283050.0,-1.0,100,101.66,101.665,2,101.545,101.63,101.67,101.625,3286.0,3340038300.0,151991
2023-05-10 09:35:11,T2306,T2306,101.665,13.0,13216450.0,-3.0,50,101.66,101.665,6,101.545,101.63,101.67,101.625,3299.0,3353254750.0,151988
2023-05-10 09:35:12,T2306,T2306,101.665,0.0,0.0,0.0,55,101.66,101.665,6,101.545,101.63,101.67,101.625,3299.0,3353254750.0,151988
2023-05-10 09:35:12,T2306,T2306,101.665,18.0,18299700.0,16.0,90,101.665,101.67,129,101.545,101.63,101.67,101.625,3317.0,3371554450.0,152004
2023-05-10 09:35:13,T2306,T2306,101.665,0.0,0.0,0.0,91,101.665,101.67,48,101.545,101.63,101.67,101.625,3317.0,3371554450.0,152004
2023-05-10 09:35:13,T2306,T2306,101.67,6.0,6100200.0,1.0,92,101.665,101.67,41,101.545,101.63,101.67,101.625,3323.0,3377654650.0,152005
2023-05-10 09:35:14,T2306,T2306,101.67,0.0,0.0,0.0,93,101.665,101.67,39,101.545,101.63,101.67,101.625,3323.0,3377654650.0,152005
2023-05-10 09:35:14,T2306,T2306,101.67,0.0,0.0,0.0,93,101.665,101.67,42,101.545,101.63,101.67,101.625,3323.0,3377654650.0,152005
2023-05-10 09:35:16,T2306,T2306,101.67,0.0,0.0,0.0,93,101.665,101.67,43,101.545,101.63,101.67,101.625,3323.0,3377654650.0,152005
2023-05-10 09:35:16,T2306,T2306,101.67,9.0,9150300.0,0.0,94,101.665,101.67,39,101.545,101.63,101.67,101.625,3332.0,3386804950.0,152005
2023-05-10 09:35:17,T2306,T2306,101.665,10.0,10166500.0,10.0,84,101.665,101.67,44,101.545,101.63,101.67,101.625,3342.0,3396971450.0,152015
2023-05-10 09:35:17,T2306,T2306,101.665,12.0,12199800.0,0.0,72,101.665,101.67,54,101.545,101.63,101.67,101.625,3354.0,3409171250.0,152015
2023-05-10 09:35:18,T2306,T2306,101.665,0.0,0.0,0.0,72,101.665,101.67,60,101.545,101.63,101.67,101.625,3354.0,3409171250.0,152015
2023-05-10 09:35:18,T2306,T2306,101.67,3.0,3050100.0,-3.0,72,101.665,101.67,57,101.545,101.63,101.67,101.625,3357.0,3412221350.0,152012
2023-05-10 09:35:19,T2306,T2306,101.67,21.0,21350700.0,-12.0,74,101.665,101.67,36,101.545,101.63,101.67,101.625,3378.0,3433572050.0,152000
2023-05-10 09:35:19,T2306,T2306,101.67,2.0,2033350.0,1.0,77,101.665,101.67,33,101.545,101.63,101.67,101.625,3380.0,3435605400.0,152001
2023-05-10 09:35:20,T2306,T2306,101.67,3.0,3050100.0,2.0,77,101.665,101.67,26,101.545,101.63,101.67,101.625,3383.0,3438655500.0,152003
2023-05-10 09:35:21,T2306,T2306,101.67,1.0,1016700.0,1.0,77,101.665,101.67,25,101.545,101.63,101.67,101.625,3384.0,3439672200.0,152004
2023-05-10 09:35:21,T2306,T2306,101.67,1.0,1016700.0,1.0,77,101.665,101.67,23,101.545,101.63,101.67,101.625,3385.0,3440688900.0,152005
2023-05-10 09:35:22,T2306,T2306,101.67,20.0,20334000.0,4.0,77,101.665,101.67,9,101.545,101.63,101.67,101.625,3405.0,3461022900.0,152009
2023-05-10 09:35:22,T2306,T2306,101.67,9.0,9150300.0,8.0,77,101.665,101.675,219,101.545,101.63,101.67,101.625,3414.0,3470173200.0,152017
2023-05-10 09:35:23,T2306,T2306,101.67,0.0,0.0,0.0,87,101.665,101.67,25,101.545,101.63,101.67,101.625,3414.0,3470173200.0,152017
2023-05-10 09:35:23,T2306,T2306,101.67,10.0,10167000.0,-10.0,77,101.665,101.67,22,101.545,101.63,101.67,101.625,3424.0,3480340200.0,152007
2023-05-10 09:35:24,T2306,T2306,101.67,1.0,1016700.0,0.0,80,101.665,101.67,21,101.545,101.63,101.67,101.625,3425.0,3481356900.0,152007
2023-05-10 09:35:24,T2306,T2306,101.665,1.0,1016650.0,0.0,80,101.665,101.67,20,101.545,101.63,101.67,101.625,3426.0,3482373550.0,152007
2023-05-10 09:35:25,T2306,T2306,101.665,0.0,0.0,0.0,80,101.665,101.67,25,101.545,101.63,101.67,101.625,3426.0,3482373550.0,152007
2023-05-10 09:35:25,T2306,T2306,101.67,25.0,25417500.0,10.0,15,101.67,101.675,230,101.545,101.63,101.67,101.625,3451.0,3507791050.0,152017
2023-05-10 09:35:26,T2306,T2306,101.67,19.0,19317300.0,-2.0,5,101.67,101.675,153,101.545,101.63,101.67,101.625,3470.0,3527108350.0,152015
2023-05-10 09:35:26,T2306,T2306,101.67,6.0,6100200.0,-2.0,133,101.665,101.67,13,101.545,101.63,101.67,101.625,3476.0,3533208550.0,152013
2023-05-10 09:35:27,T2306,T2306,101.67,0.0,0.0,0.0,85,101.665,101.67,15,101.545,101.63,101.67,101.625,3476.0,3533208550.0,152013
2023-05-10 09:35:27,T2306,T2306,101.67,2.0,2033400.0,0.0,85,101.665,101.67,15,101.545,101.63,101.67,101.625,3478.0,3535241950.0,152013
2023-05-10 09:35:28,T2306,T2306,101.67,0.0,0.0,0.0,85,101.665,101.67,13,101.545,101.63,101.67,101.625,3478.0,3535241950.0,152013
2023-05-10 09:35:28,T2306,T2306,101.67,0.0,0.0,0.0,83,101.665,101.67,16,101.545,101.63,101.67,101.625,3478.0,3535241950.0,152013
2023-05-10 09:35:29,T2306,T2306,101.67,0.0,0.0,0.0,72,101.665,101.67,18,101.545,101.63,101.67,101.625,3478.0,3535241950.0,152013
2023-05-10 09:35:29,T2306,T2306,101.67,0.0,0.0,0.0,71,101.665,101.67,20,101.545,101.63,101.67,101.625,3478.0,3535241950.0,152013
2023-05-10 09:35:30,T2306,T2306,101.67,0.0,0.0,0.0,72,101.665,101.67,31,101.545,101.63,101.67,101.625,3478.0,3535241950.0,152013
2023-05-10 09:35:30,T2306,T2306,101.67,0.0,0.0,0.0,72,101.665,101.67,34,101.545,101.63,101.67,101.625,3478.0,3535241950.0,152013
2023-05-10 09:35:31,T2306,T2306,101.67,0.0,0.0,0.0,72,101.665,101.67,37,101.545,101.63,101.67,101.625,3478.0,3535241950.0,152013
2023-05-10 09:35:31,T2306,T2306,101.67,0.0,0.0,0.0,72,101.665,101.67,38,101.545,101.63,101.67,101.625,3478.0,3535241950.0,152013
2023-05-10 09:35:32,T2306,T2306,101.67,6.0,6100200.0,6.0,72,101.665,101.67,32,101.545,101.63,101.67,101.625,3484.0,3541342150.0,152019
2023-05-10 09:35:32,T2306,T2306,101.67,0.0,0.0,0.0,172,101.665,101.67,32,101.545,101.63,101.67,101.625,3484.0,3541342150.0,152019
2023-05-10 09:35:33,T2306,T2306,101.67,3.0,3050100.0,3.0,273,101.665,101.67,10,101.545,101.63,101.67,101.625,3487.0,3544392250.0,152022
2023-05-10 09:35:33,T2306,T2306,101.67,10.0,10167000.0,-1.0,15,101.67,101.675,233,101.545,101.63,101.67,101.625,3497.0,3554559250.0,152021
2023-05-10 09:35:34,T2306,T2306,101.67,0.0,0.0,0.0,25,101.67,101.675,152,101.545,101.63,101.67,101.625,3497.0,3554559250.0,152021
2023-05-10 09:35:34,T2306,T2306,101.67,0.0,0.0,0.0,29,101.67,101.675,152,101.545,101.63,101.67,101.625,3497.0,3554559250.0,152021
2023-05-10 09:35:35,T2306,T2306,101.67,0.0,0.0,0.0,33,101.67,101.675,148,101.545,101.63,101.67,101.625,3497.0,3554559250.0,152021
2023-05-10 09:35:36,T2306,T2306,101.67,0.0,0.0,0.0,33,101.67,101.675,150,101.545,101.63,101.67,101.625,3497.0,3554559250.0,152021
2023-05-10 09:35:37,T2306,T2306,101.67,0.0,0.0,0.0,34,101.67,101.675,160,101.545,101.63,101.67,101.625,3497.0,3554559250.0,152021
2023-05-10 09:35:39,T2306,T2306,101.67,0.0,0.0,0.0,33,101.67,101.675,160,101.545,101.63,101.67,101.625,3497.0,3554559250.0,152021
2023-05-10 09:35:42,T2306,T2306,101.67,2.0,2033400.0,2.0,30,101.67,101.675,110,101.545,101.63,101.67,101.625,3499.0,3556592650.0,152023
2023-05-10 09:35:43,T2306,T2306,101.675,10.0,10167500.0,-2.0,34,101.67,101.675,101,101.545,101.63,101.675,101.625,3509.0,3566760150.0,152021
2023-05-10 09:35:43,T2306,T2306,101.675,4.0,4067000.0,-2.0,40,101.67,101.675,98,101.545,101.63,101.675,101.625,3513.0,3570827150.0,152019
2023-05-10 09:35:44,T2306,T2306,101.675,0.0,0.0,0.0,42,101.67,101.675,98,101.545,101.63,101.675,101.625,3513.0,3570827150.0,152019
2023-05-10 09:35:44,T2306,T2306,101.675,0.0,0.0,0.0,43,101.67,101.675,98,101.545,101.63,101.675,101.625,3513.0,3570827150.0,152019
2023-05-10 09:35:45,T2306,T2306,101.675,0.0,0.0,0.0,44,101.67,101.675,98,101.545,101.63,101.675,101.625,3513.0,3570827150.0,152019
2023-05-10 09:35:45,T2306,T2306,101.675,0.0,0.0,0.0,45,101.67,101.675,98,101.545,101.63,101.675,101.625,3513.0,3570827150.0,152019
2023-05-10 09:35:46,T2306,T2306,101.675,0.0,0.0,0.0,46,101.67,101.675,98,101.545,101.63,101.675,101.625,3513.0,3570827150.0,152019
2023-05-10 09:35:48,T2306,T2306,101.675,0.0,0.0,0.0,47,101.67,101.675,102,101.545,101.63,101.675,101.625,3513.0,3570827150.0,152019
2023-05-10 09:35:49,T2306,T2306,101.675,0.0,0.0,0.0,46,101.67,101.675,102,101.545,101.63,101.675,101.625,3513.0,3570827150.0,152019
2023-05-10 09:35:50,T2306,T2306,101.675,0.0,0.0,0.0,51,101.67,101.675,104,101.545,101.63,101.675,101.625,3513.0,3570827150.0,152019
2023-05-10 09:35:51,T2306,T2306,101.675,0.0,0.0,0.0,66,101.67,101.675,104,101.545,101.63,101.675,101.625,3513.0,3570827150.0,152019
2023-05-10 09:35:51,T2306,T2306,101.675,0.0,0.0,0.0,67,101.67,101.675,124,101.545,101.63,101.675,101.625,3513.0,3570827150.0,152019
2023-05-10 09:35:52,T2306,T2306,101.675,11.0,11184250.0,5.0,67,101.67,101.675,133,101.545,101.63,101.675,101.625,3524.0,3582011400.0,152024
2023-05-10 09:35:54,T2306,T2306,101.67,10.0,10167000.0,10.0,57,101.67,101.675,143,101.545,101.63,101.675,101.625,3534.0,3592178400.0,152034
2023-05-10 09:35:54,T2306,T2306,101.67,0.0,0.0,0.0,53,101.67,101.675,145,101.545,101.63,101.675,101.625,3534.0,3592178400.0,152034
2023-05-10 09:35:55,T2306,T2306,101.67,0.0,0.0,0.0,53,101.67,101.675,148,101.545,101.63,101.675,101.625,3534.0,3592178400.0,152034
2023-05-10 09:35:57,T2306,T2306,101.67,0.0,0.0,0.0,54,101.67,101.675,148,101.545,101.63,101.675,101.625,3534.0,3592178400.0,152034
2023-05-10 09:35:57,T2306,T2306,101.67,0.0,0.0,0.0,56,101.67,101.675,146,101.545,101.63,101.675,101.625,3534.0,3592178400.0,152034
2023-05-10 09:36:00,T2306,T2306,101.67,5.0,5083500.0,2.0,51,101.67,101.675,146,101.545,101.63,101.675,101.625,3539.0,3597261900.0,152036
2023-05-10 09:36:00,T2306,T2306,101.67,52.0,52868400.0,-15.0,354,101.665,101.675,156,101.545,101.63,101.675,101.625,3591.0,3650130300.0,152021
2023-05-10 09:36:01,T2306,T2306,101.67,1.0,1016700.0,1.0,282,101.665,101.67,32,101.545,101.63,101.675,101.625,3592.0,3651147000.0,152022
2023-05-10 09:36:01,T2306,T2306,101.67,0.0,0.0,0.0,272,101.665,101.67,33,101.545,101.63,101.675,101.625,3592.0,3651147000.0,152022
2023-05-10 09:36:02,T2306,T2306,101.67,0.0,0.0,0.0,270,101.665,101.67,38,101.545,101.63,101.675,101.625,3592.0,3651147000.0,152022
2023-05-10 09:36:02,T2306,T2306,101.67,0.0,0.0,0.0,270,101.665,101.67,37,101.545,101.63,101.675,101.625,3592.0,3651147000.0,152022
2023-05-10 09:36:03,T2306,T2306,101.67,6.0,6100200.0,-1.0,271,101.665,101.67,32,101.545,101.63,101.675,101.625,3598.0,3657247200.0,152021
2023-05-10 09:36:04,T2306,T2306,101.67,0.0,0.0,0.0,272,101.665,101.67,34,101.545,101.63,101.675,101.625,3598.0,3657247200.0,152021
2023-05-10 09:36:05,T2306,T2306,101.665,4.0,4066600.0,0.0,269,101.665,101.67,34,101.545,101.63,101.675,101.625,3602.0,3661313800.0,152021
2023-05-10 09:36:05,T2306,T2306,101.665,0.0,0.0,0.0,269,101.665,101.67,38,101.545,101.63,101.675,101.625,3602.0,3661313800.0,152021
2023-05-10 09:36:06,T2306,T2306,101.67,15.0,15250500.0,15.0,269,101.665,101.67,23,101.545,101.63,101.675,101.625,3617.0,3676564300.0,152036
2023-05-10 09:36:06,T2306,T2306,101.67,0.0,0.0,0.0,269,101.665,101.67,34,101.545,101.63,101.675,101.625,3617.0,3676564300.0,152036
2023-05-10 09:36:07,T2306,T2306,101.67,0.0,0.0,0.0,269,101.665,101.67,38,101.545,101.63,101.675,101.625,3617.0,3676564300.0,152036
2023-05-10 09:36:07,T2306,T2306,101.67,2.0,2033400.0,1.0,269,101.665,101.67,35,101.545,101.63,101.675,101.625,3619.0,3678597700.0,152037
2023-05-10 09:36:08,T2306,T2306,101.67,9.0,9150300.0,8.0,269,101.665,101.67,26,101.545,101.63,101.675,101.625,3628.0,3687748000.0,152045
2023-05-10 09:36:08,T2306,T2306,101.67,0.0,0.0,0.0,269,101.665,101.67,27,101.545,101.63,101.675,101.625,3628.0,3687748000.0,152045
2023-05-10 09:36:09,T2306,T2306,101.67,0.0,0.0,0.0,269,101.665,101.67,28,101.545,101.63,101.675,101.625,3628.0,3687748000.0,152045
2023-05-10 09:36:09,T2306,T2306,101.67,0.0,0.0,0.0,269,101.665,101.67,45,101.545,101.63,101.675,101.625,3628.0,3687748000.0,152045
2023-05-10 09:36:10,T2306,T2306,101.67,0.0,0.0,0.0,270,101.665,101.67,50,101.545,101.63,101.675,101.625,3628.0,3687748000.0,152045
2023-05-10 09:36:10,T2306,T2306,101.67,1.0,1016700.0,0.0,270,101.665,101.67,49,101.545,101.63,101.675,101.625,3629.0,3688764700.0,152045
2023-05-10 09:36:11,T2306,T2306,101.67,1.0,1016700.0,0.0,270,101.665,101.67,48,101.545,101.63,101.675,101.625,3630.0,3689781400.0,152045
2023-05-10 09:36:12,T2306,T2306,101.67,0.0,0.0,0.0,270,101.665,101.67,49,101.545,101.63,101.675,101.625,3630.0,3689781400.0,152045
2023-05-10 09:36:13,T2306,T2306,101.67,1.0,1016700.0,0.0,271,101.665,101.67,48,101.545,101.63,101.675,101.625,3631.0,3690798100.0,152045
2023-05-10 09:36:14,T2306,T2306,101.665,1.0,1016650.0,1.0,270,101.665,101.67,48,101.545,101.63,101.675,101.625,3632.0,3691814750.0,152046
2023-05-10 09:36:16,T2306,T2306,101.665,0.0,0.0,0.0,270,101.665,101.67,50,101.545,101.63,101.675,101.625,3632.0,3691814750.0,152046
2023-05-10 09:36:20,T2306,T2306,101.665,1.0,1016650.0,0.0,269,101.665,101.67,50,101.545,101.63,101.675,101.625,3633.0,3692831400.0,152046
2023-05-10 09:36:20,T2306,T2306,101.665,0.0,0.0,0.0,269,101.665,101.67,51,101.545,101.63,101.675,101.625,3633.0,3692831400.0,152046
2023-05-10 09:36:22,T2306,T2306,101.665,0.0,0.0,0.0,269,101.665,101.67,53,101.545,101.63,101.675,101.625,3633.0,3692831400.0,152046
2023-05-10 09:36:25,T2306,T2306,101.665,0.0,0.0,0.0,269,101.665,101.67,63,101.545,101.63,101.675,101.625,3633.0,3692831400.0,152046
2023-05-10 09:36:26,T2306,T2306,101.665,40.0,40666000.0,0.0,230,101.665,101.67,63,101.545,101.63,101.675,101.625,3673.0,3733497400.0,152046
2023-05-10 09:36:26,T2306,T2306,101.665,54.0,54899100.0,42.0,175,101.665,101.67,67,101.545,101.63,101.675,101.625,3727.0,3788396500.0,152088
2023-05-10 09:36:27,T2306,T2306,101.665,179.0,181980350.0,76.0,112,101.66,101.665,17,101.545,101.63,101.675,101.625,3906.0,3970376850.0,152164
2023-05-10 09:36:27,T2306,T2306,101.665,2.0,2033300.0,2.0,29,101.66,101.665,53,101.545,101.63,101.675,101.625,3908.0,3972410150.0,152166
2023-05-10 09:36:28,T2306,T2306,101.66,4.0,4066400.0,4.0,27,101.66,101.665,50,101.545,101.63,101.675,101.625,3912.0,3976476550.0,152170
2023-05-10 09:36:28,T2306,T2306,101.66,2.0,2033200.0,0.0,26,101.66,101.665,50,101.545,101.63,101.675,101.625,3914.0,3978509750.0,152170
2023-05-10 09:36:29,T2306,T2306,101.66,0.0,0.0,0.0,25,101.66,101.665,50,101.545,101.63,101.675,101.625,3914.0,3978509750.0,152170
2023-05-10 09:36:29,T2306,T2306,101.66,0.0,0.0,0.0,22,101.66,101.665,50,101.545,101.63,101.675,101.625,3914.0,3978509750.0,152170
2023-05-10 09:36:30,T2306,T2306,101.66,1.0,1016600.0,1.0,21,101.66,101.665,50,101.545,101.63,101.675,101.625,3915.0,3979526350.0,152171
2023-05-10 09:36:31,T2306,T2306,101.66,11.0,11182600.0,11.0,10,101.66,101.665,50,101.545,101.63,101.675,101.625,3926.0,3990708950.0,152182
2023-05-10 09:36:31,T2306,T2306,101.66,2.0,2033200.0,0.0,26,101.66,101.665,50,101.545,101.63,101.675,101.625,3928.0,3992742150.0,152182
2023-05-10 09:36:32,T2306,T2306,101.66,0.0,0.0,0.0,27,101.66,101.665,50,101.545,101.63,101.675,101.625,3928.0,3992742150.0,152182
2023-05-10 09:36:32,T2306,T2306,101.66,1.0,1016600.0,1.0,27,101.66,101.665,50,101.545,101.63,101.675,101.625,3929.0,3993758750.0,152183
2023-05-10 09:36:33,T2306,T2306,101.66,1.0,1016600.0,0.0,26,101.66,101.665,50,101.545,101.63,101.675,101.625,3930.0,3994775350.0,152183
2023-05-10 09:36:33,T2306,T2306,101.66,0.0,0.0,0.0,25,101.66,101.665,49,101.545,101.63,101.675,101.625,3930.0,3994775350.0,152183
2023-05-10 09:36:34,T2306,T2306,101.66,0.0,0.0,0.0,26,101.66,101.665,49,101.545,101.63,101.675,101.625,3930.0,3994775350.0,152183
2023-05-10 09:36:35,T2306,T2306,101.66,1.0,1016600.0,0.0,27,101.66,101.665,49,101.545,101.63,101.675,101.625,3931.0,3995791950.0,152183
2023-05-10 09:36:35,T2306,T2306,101.66,0.0,0.0,0.0,27,101.66,101.665,50,101.545,101.63,101.675,101.625,3931.0,3995791950.0,152183
2023-05-10 09:36:36,T2306,T2306,101.66,2.0,2033200.0,2.0,25,101.66,101.665,50,101.545,101.63,101.675,101.625,3933.0,3997825150.0,152185
2023-05-10 09:36:36,T2306,T2306,101.66,1.0,1016600.0,0.0,22,101.66,101.665,50,101.545,101.63,101.675,101.625,3934.0,3998841750.0,152185
2023-05-10 09:36:37,T2306,T2306,101.66,0.0,0.0,0.0,4,101.66,101.665,50,101.545,101.63,101.675,101.625,3934.0,3998841750.0,152185
2023-05-10 09:36:38,T2306,T2306,101.66,0.0,0.0,0.0,3,101.66,101.665,50,101.545,101.63,101.675,101.625,3934.0,3998841750.0,152185
2023-05-10 09:36:38,T2306,T2306,101.66,9.0,9149400.0,7.0,98,101.655,101.665,50,101.545,101.63,101.675,101.625,3943.0,4007991150.0,152192
2023-05-10 09:36:39,T2306,T2306,101.66,1.0,1016600.0,1.0,1,101.66,101.665,59,101.545,101.63,101.675,101.625,3944.0,4009007750.0,152193
2023-05-10 09:36:39,T2306,T2306,101.66,3.0,3049800.0,-1.0,3,101.66,101.665,62,101.545,101.63,101.675,101.625,3947.0,4012057550.0,152192
2023-05-10 09:36:40,T2306,T2306,101.66,0.0,0.0,0.0,3,101.66,101.665,63,101.545,101.63,101.675,101.625,3947.0,4012057550.0,152192
2023-05-10 09:36:40,T2306,T2306,101.66,1.0,1016600.0,-1.0,2,101.66,101.665,63,101.545,101.63,101.675,101.625,3948.0,4013074150.0,152191
2023-05-10 09:36:41,T2306,T2306,101.66,0.0,0.0,0.0,20,101.66,101.665,63,101.545,101.63,101.675,101.625,3948.0,4013074150.0,152191
2023-05-10 09:36:41,T2306,T2306,101.66,0.0,0.0,0.0,22,101.66,101.665,64,101.545,101.63,101.675,101.625,3948.0,4013074150.0,152191
2023-05-10 09:36:42,T2306,T2306,101.66,0.0,0.0,0.0,24,101.66,101.665,64,101.545,101.63,101.675,101.625,3948.0,4013074150.0,152191
2023-05-10 09:36:42,T2306,T2306,101.66,0.0,0.0,0.0,29,101.66,101.665,65,101.545,101.63,101.675,101.625,3948.0,4013074150.0,152191
2023-05-10 09:36:43,T2306,T2306,101.66,0.0,0.0,0.0,29,101.66,101.665,66,101.545,101.63,101.675,101.625,3948.0,4013074150.0,152191
2023-05-10 09:36:43,T2306,T2306,101.66,1.0,1016600.0,0.0,28,101.66,101.665,65,101.545,101.63,101.675,101.625,3949.0,4014090750.0,152191
2023-05-10 09:36:44,T2306,T2306,101.66,0.0,0.0,0.0,28,101.66,101.665,66,101.545,101.63,101.675,101.625,3949.0,4014090750.0,152191
2023-05-10 09:36:47,T2306,T2306,101.66,6.0,6099600.0,-6.0,22,101.66,101.665,66,101.545,101.63,101.675,101.625,3955.0,4020190350.0,152185
2023-05-10 09:36:47,T2306,T2306,101.66,0.0,0.0,0.0,21,101.66,101.665,67,101.545,101.63,101.675,101.625,3955.0,4020190350.0,152185
2023-05-10 09:36:48,T2306,T2306,101.66,0.0,0.0,0.0,22,101.66,101.665,67,101.545,101.63,101.675,101.625,3955.0,4020190350.0,152185
2023-05-10 09:36:49,T2306,T2306,101.66,0.0,0.0,0.0,22,101.66,101.665,68,101.545,101.63,101.675,101.625,3955.0,4020190350.0,152185
2023-05-10 09:36:49,T2306,T2306,101.66,0.0,0.0,0.0,22,101.66,101.665,69,101.545,101.63,101.675,101.625,3955.0,4020190350.0,152185
2023-05-10 09:36:50,T2306,T2306,101.66,1.0,1016600.0,0.0,21,101.66,101.665,69,101.545,101.63,101.675,101.625,3956.0,4021206950.0,152185
2023-05-10 09:36:50,T2306,T2306,101.66,0.0,0.0,0.0,26,101.66,101.665,69,101.545,101.63,101.675,101.625,3956.0,4021206950.0,152185
2023-05-10 09:36:51,T2306,T2306,101.66,0.0,0.0,0.0,26,101.66,101.665,70,101.545,101.63,101.675,101.625,3956.0,4021206950.0,152185
2023-05-10 09:36:51,T2306,T2306,101.66,6.0,6099600.0,0.0,20,101.66,101.665,70,101.545,101.63,101.675,101.625,3962.0,4027306550.0,152185
2023-05-10 09:36:52,T2306,T2306,101.66,0.0,0.0,0.0,18,101.66,101.665,71,101.545,101.63,101.675,101.625,3962.0,4027306550.0,152185
2023-05-10 09:36:52,T2306,T2306,101.66,0.0,0.0,0.0,24,101.66,101.665,71,101.545,101.63,101.675,101.625,3962.0,4027306550.0,152185
2023-05-10 09:36:53,T2306,T2306,101.66,0.0,0.0,0.0,26,101.66,101.665,71,101.545,101.63,101.675,101.625,3962.0,4027306550.0,152185
2023-05-10 09:36:54,T2306,T2306,101.66,0.0,0.0,0.0,32,101.66,101.665,71,101.545,101.63,101.675,101.625,3962.0,4027306550.0,152185
2023-05-10 09:36:55,T2306,T2306,101.66,3.0,3049800.0,-3.0,29,101.66,101.665,71,101.545,101.63,101.675,101.625,3965.0,4030356350.0,152182
2023-05-10 09:36:55,T2306,T2306,101.66,0.0,0.0,0.0,29,101.66,101.665,73,101.545,101.63,101.675,101.625,3965.0,4030356350.0,152182
2023-05-10 09:36:57,T2306,T2306,101.66,78.0,79298550.0,8.0,62,101.66,101.665,2,101.545,101.63,101.675,101.625,4043.0,4109654900.0,152190
2023-05-10 09:36:57,T2306,T2306,101.665,2.0,2033300.0,2.0,4,101.665,101.67,155,101.545,101.63,101.675,101.625,4045.0,4111688200.0,152192
2023-05-10 09:36:58,T2306,T2306,101.665,1.0,1016650.0,0.0,1,101.665,101.67,83,101.545,101.63,101.675,101.625,4046.0,4112704850.0,152192
2023-05-10 09:36:58,T2306,T2306,101.665,2.0,2033300.0,0.0,5,101.665,101.67,83,101.545,101.63,101.675,101.625,4048.0,4114738150.0,152192
2023-05-10 09:36:59,T2306,T2306,101.665,0.0,0.0,0.0,5,101.665,101.67,82,101.545,101.63,101.675,101.625,4048.0,4114738150.0,152192
2023-05-10 09:36:59,T2306,T2306,101.665,0.0,0.0,0.0,8,101.665,101.67,82,101.545,101.63,101.675,101.625,4048.0,4114738150.0,152192
2023-05-10 09:37:00,T2306,T2306,101.665,2.0,2033300.0,2.0,6,101.665,101.67,82,101.545,101.63,101.675,101.625,4050.0,4116771450.0,152194
2023-05-10 09:37:00,T2306,T2306,101.665,1.0,1016650.0,0.0,3,101.665,101.67,82,101.545,101.63,101.675,101.625,4051.0,4117788100.0,152194
2023-05-10 09:37:01,T2306,T2306,101.665,21.0,21349650.0,-19.0,129,101.66,101.665,30,101.545,101.63,101.675,101.625,4072.0,4139137750.0,152175
2023-05-10 09:37:02,T2306,T2306,101.665,1.0,1016650.0,0.0,67,101.66,101.665,37,101.545,101.63,101.675,101.625,4073.0,4140154400.0,152175
2023-05-10 09:37:02,T2306,T2306,101.665,2.0,2033300.0,-1.0,64,101.66,101.665,38,101.545,101.63,101.675,101.625,4075.0,4142187700.0,152174
2023-05-10 09:37:03,T2306,T2306,101.665,0.0,0.0,0.0,69,101.66,101.665,39,101.545,101.63,101.675,101.625,4075.0,4142187700.0,152174
2023-05-10 09:37:04,T2306,T2306,101.665,0.0,0.0,0.0,70,101.66,101.665,40,101.545,101.63,101.675,101.625,4075.0,4142187700.0,152174
2023-05-10 09:37:05,T2306,T2306,101.665,0.0,0.0,0.0,69,101.66,101.665,40,101.545,101.63,101.675,101.625,4075.0,4142187700.0,152174
2023-05-10 09:37:05,T2306,T2306,101.665,2.0,2033300.0,0.0,69,101.66,101.665,38,101.545,101.63,101.675,101.625,4077.0,4144221000.0,152174
2023-05-10 09:37:07,T2306,T2306,101.665,0.0,0.0,0.0,69,101.66,101.665,37,101.545,101.63,101.675,101.625,4077.0,4144221000.0,152174
2023-05-10 09:37:09,T2306,T2306,101.665,0.0,0.0,0.0,69,101.66,101.665,39,101.545,101.63,101.675,101.625,4077.0,4144221000.0,152174
2023-05-10 09:37:09,T2306,T2306,101.665,17.0,17283050.0,-17.0,69,101.66,101.665,22,101.545,101.63,101.675,101.625,4094.0,4161504050.0,152157
2023-05-10 09:37:10,T2306,T2306,101.66,1.0,1016600.0,-1.0,68,101.66,101.665,22,101.545,101.63,101.675,101.625,4095.0,4162520650.0,152156
2023-05-10 09:37:10,T2306,T2306,101.66,0.0,0.0,0.0,68,101.66,101.665,24,101.545,101.63,101.675,101.625,4095.0,4162520650.0,152156
2023-05-10 09:37:11,T2306,T2306,101.66,0.0,0.0,0.0,68,101.66,101.665,44,101.545,101.63,101.675,101.625,4095.0,4162520650.0,152156
2023-05-10 09:37:11,T2306,T2306,101.66,0.0,0.0,0.0,68,101.66,101.665,45,101.545,101.63,101.675,101.625,4095.0,4162520650.0,152156
2023-05-10 09:37:12,T2306,T2306,101.66,0.0,0.0,0.0,50,101.66,101.665,45,101.545,101.63,101.675,101.625,4095.0,4162520650.0,152156
2023-05-10 09:37:12,T2306,T2306,101.66,0.0,0.0,0.0,42,101.66,101.665,45,101.545,101.63,101.675,101.625,4095.0,4162520650.0,152156
2023-05-10 09:37:13,T2306,T2306,101.66,0.0,0.0,0.0,42,101.66,101.665,46,101.545,101.63,101.675,101.625,4095.0,4162520650.0,152156
2023-05-10 09:37:14,T2306,T2306,101.66,24.0,24398400.0,-15.0,18,101.66,101.665,46,101.545,101.63,101.675,101.625,4119.0,4186919050.0,152141
2023-05-10 09:37:14,T2306,T2306,101.66,18.0,18298800.0,-3.0,102,101.655,101.66,13,101.545,101.63,101.675,101.625,4137.0,4205217850.0,152138
2023-05-10 09:37:15,T2306,T2306,101.66,21.0,21348550.0,1.0,15,101.66,101.665,106,101.545,101.63,101.675,101.625,4158.0,4226566400.0,152139
2023-05-10 09:37:15,T2306,T2306,101.66,2.0,2033200.0,-2.0,15,101.66,101.665,56,101.545,101.63,101.675,101.625,4160.0,4228599600.0,152137
2023-05-10 09:37:16,T2306,T2306,101.66,1.0,1016600.0,0.0,20,101.66,101.665,55,101.545,101.63,101.675,101.625,4161.0,4229616200.0,152137
2023-05-10 09:37:16,T2306,T2306,101.66,0.0,0.0,0.0,20,101.66,101.665,54,101.545,101.63,101.675,101.625,4161.0,4229616200.0,152137
2023-05-10 09:37:17,T2306,T2306,101.66,0.0,0.0,0.0,21,101.66,101.665,54,101.545,101.63,101.675,101.625,4161.0,4229616200.0,152137
2023-05-10 09:37:18,T2306,T2306,101.66,0.0,0.0,0.0,31,101.66,101.665,54,101.545,101.63,101.675,101.625,4161.0,4229616200.0,152137
2023-05-10 09:37:18,T2306,T2306,101.66,0.0,0.0,0.0,32,101.66,101.665,59,101.545,101.63,101.675,101.625,4161.0,4229616200.0,152137
2023-05-10 09:37:20,T2306,T2306,101.66,1.0,1016600.0,0.0,31,101.66,101.665,59,101.545,101.63,101.675,101.625,4162.0,4230632800.0,152137
2023-05-10 09:37:21,T2306,T2306,101.66,1.0,1016600.0,-1.0,30,101.66,101.665,52,101.545,101.63,101.675,101.625,4163.0,4231649400.0,152136
2023-05-10 09:37:21,T2306,T2306,101.66,1.0,1016600.0,0.0,28,101.66,101.665,52,101.545,101.63,101.675,101.625,4164.0,4232666000.0,152136
2023-05-10 09:37:25,T2306,T2306,101.66,7.0,7116200.0,-7.0,21,101.66,101.665,52,101.545,101.63,101.675,101.625,4171.0,4239782200.0,152129
2023-05-10 09:37:25,T2306,T2306,101.665,3.0,3049950.0,-2.0,21,101.66,101.665,51,101.545,101.63,101.675,101.625,4174.0,4242832150.0,152127
2023-05-10 09:37:26,T2306,T2306,101.665,0.0,0.0,0.0,22,101.66,101.665,41,101.545,101.63,101.675,101.625,4174.0,4242832150.0,152127
2023-05-10 09:37:27,T2306,T2306,101.665,0.0,0.0,0.0,22,101.66,101.665,141,101.545,101.63,101.675,101.625,4174.0,4242832150.0,152127
2023-05-10 09:37:27,T2306,T2306,101.665,0.0,0.0,0.0,15,101.66,101.665,141,101.545,101.63,101.675,101.625,4174.0,4242832150.0,152127
2023-05-10 09:37:28,T2306,T2306,101.665,0.0,0.0,0.0,15,101.66,101.665,142,101.545,101.63,101.675,101.625,4174.0,4242832150.0,152127
2023-05-10 09:37:29,T2306,T2306,101.665,0.0,0.0,0.0,15,101.66,101.665,143,101.545,101.63,101.675,101.625,4174.0,4242832150.0,152127
2023-05-10 09:37:30,T2306,T2306,101.665,0.0,0.0,0.0,17,101.66,101.665,143,101.545,101.63,101.675,101.625,4174.0,4242832150.0,152127
2023-05-10 09:37:31,T2306,T2306,101.665,0.0,0.0,0.0,22,101.66,101.665,143,101.545,101.63,101.675,101.625,4174.0,4242832150.0,152127
2023-05-10 09:37:32,T2306,T2306,101.665,0.0,0.0,0.0,23,101.66,101.665,143,101.545,101.63,101.675,101.625,4174.0,4242832150.0,152127
2023-05-10 09:37:33,T2306,T2306,101.665,0.0,0.0,0.0,23,101.66,101.665,142,101.545,101.63,101.675,101.625,4174.0,4242832150.0,152127
2023-05-10 09:37:34,T2306,T2306,101.665,0.0,0.0,0.0,23,101.66,101.665,143,101.545,101.63,101.675,101.625,4174.0,4242832150.0,152127
2023-05-10 09:37:38,T2306,T2306,101.665,0.0,0.0,0.0,21,101.66,101.665,143,101.545,101.63,101.675,101.625,4174.0,4242832150.0,152127
2023-05-10 09:37:40,T2306,T2306,101.665,0.0,0.0,0.0,21,101.66,101.665,144,101.545,101.63,101.675,101.625,4174.0,4242832150.0,152127
2023-05-10 09:37:40,T2306,T2306,101.665,3.0,3049950.0,-3.0,21,101.66,101.665,141,101.545,101.63,101.675,101.625,4177.0,4245882100.0,152124
2023-05-10 09:37:41,T2306,T2306,101.66,1.0,1016600.0,-1.0,20,101.66,101.665,141,101.545,101.63,101.675,101.625,4178.0,4246898700.0,152123
2023-05-10 09:37:41,T2306,T2306,101.66,0.0,0.0,0.0,20,101.66,101.665,142,101.545,101.63,101.675,101.625,4178.0,4246898700.0,152123
2023-05-10 09:37:42,T2306,T2306,101.66,1.0,1016600.0,0.0,19,101.66,101.665,142,101.545,101.63,101.675,101.625,4179.0,4247915300.0,152123
2023-05-10 09:37:44,T2306,T2306,101.66,0.0,0.0,0.0,19,101.66,101.665,143,101.545,101.63,101.675,101.625,4179.0,4247915300.0,152123
2023-05-10 09:37:45,T2306,T2306,101.66,0.0,0.0,0.0,17,101.66,101.665,144,101.545,101.63,101.675,101.625,4179.0,4247915300.0,152123
2023-05-10 09:37:46,T2306,T2306,101.66,0.0,0.0,0.0,7,101.66,101.665,144,101.545,101.63,101.675,101.625,4179.0,4247915300.0,152123
2023-05-10 09:37:47,T2306,T2306,101.66,7.0,7116200.0,-2.0,99,101.655,101.665,144,101.545,101.63,101.675,101.625,4186.0,4255031500.0,152121
2023-05-10 09:37:48,T2306,T2306,101.66,0.0,0.0,0.0,59,101.655,101.66,15,101.545,101.63,101.675,101.625,4186.0,4255031500.0,152121
2023-05-10 09:37:48,T2306,T2306,101.66,1.0,1016600.0,1.0,52,101.655,101.66,14,101.545,101.63,101.675,101.625,4187.0,4256048100.0,152122
2023-05-10 09:37:49,T2306,T2306,101.66,0.0,0.0,0.0,51,101.655,101.66,14,101.545,101.63,101.675,101.625,4187.0,4256048100.0,152122
2023-05-10 09:37:49,T2306,T2306,101.66,0.0,0.0,0.0,51,101.655,101.66,15,101.545,101.63,101.675,101.625,4187.0,4256048100.0,152122
2023-05-10 09:37:50,T2306,T2306,101.66,0.0,0.0,0.0,51,101.655,101.66,18,101.545,101.63,101.675,101.625,4187.0,4256048100.0,152122
2023-05-10 09:37:50,T2306,T2306,101.66,0.0,0.0,0.0,46,101.655,101.66,18,101.545,101.63,101.675,101.625,4187.0,4256048100.0,152122
2023-05-10 09:37:52,T2306,T2306,101.66,0.0,0.0,0.0,46,101.655,101.66,20,101.545,101.63,101.675,101.625,4187.0,4256048100.0,152122
2023-05-10 09:37:52,T2306,T2306,101.66,0.0,0.0,0.0,46,101.655,101.66,21,101.545,101.63,101.675,101.625,4187.0,4256048100.0,152122
2023-05-10 09:37:53,T2306,T2306,101.66,0.0,0.0,0.0,46,101.655,101.66,22,101.545,101.63,101.675,101.625,4187.0,4256048100.0,152122
2023-05-10 09:37:53,T2306,T2306,101.66,0.0,0.0,0.0,46,101.655,101.66,21,101.545,101.63,101.675,101.625,4187.0,4256048100.0,152122
2023-05-10 09:37:54,T2306,T2306,101.66,0.0,0.0,0.0,46,101.655,101.66,24,101.545,101.63,101.675,101.625,4187.0,4256048100.0,152122
2023-05-10 09:37:58,T2306,T2306,101.66,0.0,0.0,0.0,46,101.655,101.66,43,101.545,101.63,101.675,101.625,4187.0,4256048100.0,152122
2023-05-10 09:37:59,T2306,T2306,101.66,0.0,0.0,0.0,46,101.655,101.66,46,101.545,101.63,101.675,101.625,4187.0,4256048100.0,152122
2023-05-10 09:37:59,T2306,T2306,101.66,0.0,0.0,0.0,45,101.655,101.66,46,101.545,101.63,101.675,101.625,4187.0,4256048100.0,152122
2023-05-10 09:38:00,T2306,T2306,101.66,0.0,0.0,0.0,43,101.655,101.66,47,101.545,101.63,101.675,101.625,4187.0,4256048100.0,152122
2023-05-10 09:38:01,T2306,T2306,101.655,1.0,1016550.0,0.0,46,101.655,101.66,48,101.545,101.63,101.675,101.625,4188.0,4257064650.0,152122
2023-05-10 09:38:02,T2306,T2306,101.66,3.0,3049800.0,3.0,46,101.655,101.66,45,101.545,101.63,101.675,101.625,4191.0,4260114450.0,152125
2023-05-10 09:38:03,T2306,T2306,101.66,1.0,1016600.0,1.0,46,101.655,101.66,44,101.545,101.63,101.675,101.625,4192.0,4261131050.0,152126
2023-05-10 09:38:03,T2306,T2306,101.66,0.0,0.0,0.0,46,101.655,101.66,43,101.545,101.63,101.675,101.625,4192.0,4261131050.0,152126
2023-05-10 09:38:04,T2306,T2306,101.66,0.0,0.0,0.0,48,101.655,101.66,46,101.545,101.63,101.675,101.625,4192.0,4261131050.0,152126
2023-05-10 09:38:06,T2306,T2306,101.66,2.0,2033200.0,0.0,48,101.655,101.66,44,101.545,101.63,101.675,101.625,4194.0,4263164250.0,152126
2023-05-10 09:38:06,T2306,T2306,101.66,0.0,0.0,0.0,48,101.655,101.66,42,101.545,101.63,101.675,101.625,4194.0,4263164250.0,152126
2023-05-10 09:38:07,T2306,T2306,101.66,0.0,0.0,0.0,49,101.655,101.66,42,101.545,101.63,101.675,101.625,4194.0,4263164250.0,152126
2023-05-10 09:38:08,T2306,T2306,101.66,0.0,0.0,0.0,49,101.655,101.66,24,101.545,101.63,101.675,101.625,4194.0,4263164250.0,152126
2023-05-10 09:38:08,T2306,T2306,101.66,24.0,24398400.0,15.0,70,101.655,101.665,228,101.545,101.63,101.675,101.625,4218.0,4287562650.0,152141
2023-05-10 09:38:09,T2306,T2306,101.66,2.0,2033200.0,2.0,23,101.66,101.665,158,101.545,101.63,101.675,101.625,4220.0,4289595850.0,152143
2023-05-10 09:38:09,T2306,T2306,101.66,0.0,0.0,0.0,26,101.66,101.665,145,101.545,101.63,101.675,101.625,4220.0,4289595850.0,152143
2023-05-10 09:38:10,T2306,T2306,101.66,0.0,0.0,0.0,27,101.66,101.665,145,101.545,101.63,101.675,101.625,4220.0,4289595850.0,152143
2023-05-10 09:38:10,T2306,T2306,101.66,4.0,4066400.0,0.0,21,101.66,101.665,145,101.545,101.63,101.675,101.625,4224.0,4293662250.0,152143
2023-05-10 09:38:11,T2306,T2306,101.66,0.0,0.0,0.0,21,101.66,101.665,144,101.545,101.63,101.675,101.625,4224.0,4293662250.0,152143
2023-05-10 09:38:11,T2306,T2306,101.66,0.0,0.0,0.0,23,101.66,101.665,144,101.545,101.63,101.675,101.625,4224.0,4293662250.0,152143
2023-05-10 09:38:13,T2306,T2306,101.66,1.0,1016600.0,0.0,22,101.66,101.665,144,101.545,101.63,101.675,101.625,4225.0,4294678850.0,152143
2023-05-10 09:38:13,T2306,T2306,101.66,2.0,2033200.0,2.0,5,101.66,101.665,144,101.545,101.63,101.675,101.625,4227.0,4296712050.0,152145
2023-05-10 09:38:14,T2306,T2306,101.66,3.0,3049800.0,-2.0,133,101.655,101.66,1,101.545,101.63,101.675,101.625,4230.0,4299761850.0,152143
2023-05-10 09:38:14,T2306,T2306,101.66,2.0,2033200.0,-2.0,75,101.655,101.66,19,101.545,101.63,101.675,101.625,4232.0,4301795050.0,152141
2023-05-10 09:38:15,T2306,T2306,101.66,0.0,0.0,0.0,73,101.655,101.66,19,101.545,101.63,101.675,101.625,4232.0,4301795050.0,152141
2023-05-10 09:38:15,T2306,T2306,101.66,0.0,0.0,0.0,73,101.655,101.66,20,101.545,101.63,101.675,101.625,4232.0,4301795050.0,152141
2023-05-10 09:38:16,T2306,T2306,101.66,2.0,2033200.0,-1.0,74,101.655,101.66,4,101.545,101.63,101.675,101.625,4234.0,4303828250.0,152140
2023-05-10 09:38:16,T2306,T2306,101.66,2.0,2033200.0,0.0,74,101.655,101.665,226,101.545,101.63,101.675,101.625,4236.0,4305861450.0,152140
2023-05-10 09:38:17,T2306,T2306,101.66,0.0,0.0,0.0,2,101.66,101.665,156,101.545,101.63,101.675,101.625,4236.0,4305861450.0,152140
2023-05-10 09:38:17,T2306,T2306,101.66,0.0,0.0,0.0,2,101.66,101.665,144,101.545,101.63,101.675,101.625,4236.0,4305861450.0,152140
2023-05-10 09:38:18,T2306,T2306,101.66,0.0,0.0,0.0,5,101.66,101.665,144,101.545,101.63,101.675,101.625,4236.0,4305861450.0,152140
2023-05-10 09:38:18,T2306,T2306,101.66,0.0,0.0,0.0,2,101.66,101.665,144,101.545,101.63,101.675,101.625,4236.0,4305861450.0,152140
2023-05-10 09:38:19,T2306,T2306,101.66,0.0,0.0,0.0,3,101.66,101.665,144,101.545,101.63,101.675,101.625,4236.0,4305861450.0,152140
2023-05-10 09:38:21,T2306,T2306,101.66,1.0,1016600.0,-1.0,2,101.66,101.665,144,101.545,101.63,101.675,101.625,4237.0,4306878050.0,152139
2023-05-10 09:38:22,T2306,T2306,101.66,0.0,0.0,0.0,4,101.66,101.665,145,101.545,101.63,101.675,101.625,4237.0,4306878050.0,152139
2023-05-10 09:38:23,T2306,T2306,101.66,0.0,0.0,0.0,3,101.66,101.665,145,101.545,101.63,101.675,101.625,4237.0,4306878050.0,152139
2023-05-10 09:38:24,T2306,T2306,101.665,1.0,1016650.0,0.0,3,101.66,101.665,144,101.545,101.63,101.675,101.625,4238.0,4307894700.0,152139
2023-05-10 09:38:24,T2306,T2306,101.665,0.0,0.0,0.0,2,101.66,101.665,144,101.545,101.63,101.675,101.625,4238.0,4307894700.0,152139
2023-05-10 09:38:25,T2306,T2306,101.665,0.0,0.0,0.0,4,101.66,101.665,144,101.545,101.63,101.675,101.625,4238.0,4307894700.0,152139
2023-05-10 09:38:26,T2306,T2306,101.665,0.0,0.0,0.0,4,101.66,101.665,145,101.545,101.63,101.675,101.625,4238.0,4307894700.0,152139
2023-05-10 09:38:27,T2306,T2306,101.665,0.0,0.0,0.0,4,101.66,101.665,146,101.545,101.63,101.675,101.625,4238.0,4307894700.0,152139
2023-05-10 09:38:27,T2306,T2306,101.665,0.0,0.0,0.0,3,101.66,101.665,146,101.545,101.63,101.675,101.625,4238.0,4307894700.0,152139
2023-05-10 09:38:28,T2306,T2306,101.665,0.0,0.0,0.0,4,101.66,101.665,146,101.545,101.63,101.675,101.625,4238.0,4307894700.0,152139
