time,symbol_id,symbol_name,last,trade_volume,trade_amount,open_interest_change,bv1,bp1,ap1,av1,yesterday_close,today_open,today_high,today_low,volume,amount,open_interest
2023-05-09 19:10:58,TA2311,TA311,5324.0,0.0,0.0,0.0,0,0.0,0.0,0,5324.0,5304.0,0.0,0.0,0.0,0.0,12279
2023-05-09 20:59:00,TA2311,TA311,5324.0,0.0,0.0,0.0,2,5186.0,5468.0,2,5324.0,5304.0,0.0,0.0,0.0,0.0,12279
2023-05-09 21:00:00,TA2311,TA311,5324.0,0.0,0.0,0.0,1,5284.0,5340.0,1,5324.0,5304.0,0.0,0.0,0.0,0.0,12279
2023-05-09 21:00:00,TA2311,TA311,5324.0,0.0,0.0,0.0,1,5284.0,5338.0,1,5324.0,5304.0,0.0,0.0,0.0,0.0,12279
2023-05-09 21:00:01,TA2311,TA311,5324.0,0.0,0.0,0.0,1,5304.0,5338.0,1,5324.0,5304.0,0.0,0.0,0.0,0.0,12279
2023-05-09 21:00:01,TA2311,TA311,5304.0,2.0,10608.0,2.0,1,5304.0,5338.0,1,5324.0,5304.0,5304.0,5304.0,2.0,10608.0,12281
2023-05-09 21:00:02,TA2311,TA311,5304.0,0.0,0.0,0.0,1,5306.0,5338.0,1,5324.0,5304.0,5304.0,5304.0,2.0,10608.0,12281
2023-05-09 21:00:03,TA2311,TA311,5306.0,1.0,5310.0,0.0,1,5306.0,5338.0,1,5324.0,5304.0,5306.0,5304.0,3.0,15918.0,12281
2023-05-09 21:00:03,TA2311,TA311,5306.0,0.0,0.0,0.0,1,5308.0,5340.0,1,5324.0,5304.0,5306.0,5304.0,3.0,15918.0,12281
2023-05-09 21:00:04,TA2311,TA311,5380.0,1.0,5378.0,0.0,1,5308.0,5340.0,1,5324.0,5304.0,5380.0,5304.0,4.0,21296.0,12281
2023-05-09 21:00:05,TA2311,TA311,5320.0,2.0,10684.0,0.0,1,5320.0,5338.0,1,5324.0,5304.0,5380.0,5304.0,6.0,31980.0,12281
2023-05-09 21:00:06,TA2311,TA311,5320.0,1.0,5330.0,0.0,1,5320.0,5338.0,1,5324.0,5304.0,5380.0,5304.0,7.0,37310.0,12281
2023-05-09 21:00:06,TA2311,TA311,5320.0,0.0,0.0,0.0,1,5320.0,5336.0,1,5324.0,5304.0,5380.0,5304.0,7.0,37310.0,12281
2023-05-09 21:00:07,TA2311,TA311,5320.0,0.0,0.0,0.0,1,5320.0,5334.0,1,5324.0,5304.0,5380.0,5304.0,7.0,37310.0,12281
2023-05-09 21:00:08,TA2311,TA311,5334.0,1.0,5330.0,1.0,1,5310.0,5344.0,1,5324.0,5304.0,5380.0,5304.0,8.0,42640.0,12282
2023-05-09 21:00:08,TA2311,TA311,5334.0,0.0,0.0,0.0,1,5318.0,5342.0,2,5324.0,5304.0,5380.0,5304.0,8.0,42640.0,12282
2023-05-09 21:00:08,TA2311,TA311,5334.0,0.0,0.0,0.0,1,5320.0,5342.0,2,5324.0,5304.0,5380.0,5304.0,8.0,42640.0,12282
2023-05-09 21:00:09,TA2311,TA311,5334.0,0.0,0.0,0.0,1,5320.0,5342.0,3,5324.0,5304.0,5380.0,5304.0,8.0,42640.0,12282
2023-05-09 21:00:09,TA2311,TA311,5342.0,1.0,5348.0,0.0,1,5320.0,5342.0,3,5324.0,5304.0,5380.0,5304.0,9.0,47988.0,12282
2023-05-09 21:00:10,TA2311,TA311,5320.0,1.0,5312.0,1.0,1,5318.0,5342.0,3,5324.0,5304.0,5380.0,5304.0,10.0,53300.0,12283
2023-05-09 21:00:10,TA2311,TA311,5320.0,0.0,0.0,0.0,1,5320.0,5342.0,3,5324.0,5304.0,5380.0,5304.0,10.0,53300.0,12283
2023-05-09 21:00:11,TA2311,TA311,5320.0,1.0,5330.0,1.0,1,5310.0,5320.0,1,5324.0,5304.0,5380.0,5304.0,11.0,58630.0,12284
2023-05-09 21:00:11,TA2311,TA311,5320.0,1.0,5306.0,0.0,1,5302.0,5340.0,1,5324.0,5304.0,5380.0,5304.0,12.0,63936.0,12284
2023-05-09 21:00:12,TA2311,TA311,5320.0,0.0,0.0,0.0,1,5304.0,5338.0,3,5324.0,5304.0,5380.0,5304.0,12.0,63936.0,12284
2023-05-09 21:00:13,TA2311,TA311,5320.0,0.0,0.0,0.0,1,5304.0,5338.0,4,5324.0,5304.0,5380.0,5304.0,12.0,63936.0,12284
2023-05-09 21:00:13,TA2311,TA311,5320.0,0.0,0.0,0.0,1,5304.0,5338.0,3,5324.0,5304.0,5380.0,5304.0,12.0,63936.0,12284
2023-05-09 21:00:15,TA2311,TA311,5320.0,0.0,0.0,0.0,1,5314.0,5338.0,1,5324.0,5304.0,5380.0,5304.0,12.0,63936.0,12284
2023-05-09 21:00:16,TA2311,TA311,5320.0,0.0,0.0,0.0,1,5316.0,5338.0,1,5324.0,5304.0,5380.0,5304.0,12.0,63936.0,12284
2023-05-09 21:00:17,TA2311,TA311,5320.0,0.0,0.0,0.0,1,5316.0,5338.0,3,5324.0,5304.0,5380.0,5304.0,12.0,63936.0,12284
2023-05-09 21:00:20,TA2311,TA311,5320.0,0.0,0.0,0.0,2,5316.0,5338.0,1,5324.0,5304.0,5380.0,5304.0,12.0,63936.0,12284
2023-05-09 21:00:21,TA2311,TA311,5320.0,0.0,0.0,0.0,1,5318.0,5338.0,1,5324.0,5304.0,5380.0,5304.0,12.0,63936.0,12284
2023-05-09 21:00:21,TA2311,TA311,5320.0,0.0,0.0,0.0,1,5316.0,5338.0,1,5324.0,5304.0,5380.0,5304.0,12.0,63936.0,12284
2023-05-09 21:00:22,TA2311,TA311,5320.0,0.0,0.0,0.0,1,5318.0,5338.0,1,5324.0,5304.0,5380.0,5304.0,12.0,63936.0,12284
2023-05-09 21:00:23,TA2311,TA311,5320.0,0.0,0.0,0.0,2,5318.0,5338.0,1,5324.0,5304.0,5380.0,5304.0,12.0,63936.0,12284
2023-05-09 21:00:24,TA2311,TA311,5320.0,0.0,0.0,0.0,1,5320.0,5338.0,1,5324.0,5304.0,5380.0,5304.0,12.0,63936.0,12284
2023-05-09 21:00:24,TA2311,TA311,5320.0,0.0,0.0,0.0,1,5318.0,5338.0,1,5324.0,5304.0,5380.0,5304.0,12.0,63936.0,12284
2023-05-09 21:00:25,TA2311,TA311,5320.0,0.0,0.0,0.0,1,5320.0,5338.0,1,5324.0,5304.0,5380.0,5304.0,12.0,63936.0,12284
2023-05-09 21:00:28,TA2311,TA311,5320.0,1.0,5328.0,1.0,1,5316.0,5338.0,1,5324.0,5304.0,5380.0,5304.0,13.0,69264.0,12285
2023-05-09 21:00:28,TA2311,TA311,5320.0,0.0,0.0,0.0,1,5318.0,5338.0,1,5324.0,5304.0,5380.0,5304.0,13.0,69264.0,12285
2023-05-09 21:00:29,TA2311,TA311,5320.0,0.0,0.0,0.0,2,5318.0,5338.0,3,5324.0,5304.0,5380.0,5304.0,13.0,69264.0,12285
2023-05-09 21:00:30,TA2311,TA311,5318.0,1.0,5328.0,1.0,1,5318.0,5338.0,3,5324.0,5304.0,5380.0,5304.0,14.0,74592.0,12286
2023-05-09 21:00:31,TA2311,TA311,5318.0,0.0,0.0,0.0,1,5316.0,5338.0,3,5324.0,5304.0,5380.0,5304.0,14.0,74592.0,12286
2023-05-09 21:00:31,TA2311,TA311,5318.0,0.0,0.0,0.0,1,5318.0,5338.0,4,5324.0,5304.0,5380.0,5304.0,14.0,74592.0,12286
2023-05-09 21:00:32,TA2311,TA311,5318.0,0.0,0.0,0.0,1,5318.0,5330.0,1,5324.0,5304.0,5380.0,5304.0,14.0,74592.0,12286
2023-05-09 21:00:36,TA2311,TA311,5304.0,1.0,5298.0,0.0,1,5318.0,5330.0,1,5324.0,5304.0,5380.0,5304.0,15.0,79890.0,12286
2023-05-09 21:00:36,TA2311,TA311,5304.0,0.0,0.0,0.0,1,5316.0,5330.0,1,5324.0,5304.0,5380.0,5304.0,15.0,79890.0,12286
2023-05-09 21:00:37,TA2311,TA311,5304.0,0.0,0.0,0.0,1,5318.0,5328.0,1,5324.0,5304.0,5380.0,5304.0,15.0,79890.0,12286
2023-05-09 21:00:37,TA2311,TA311,5304.0,0.0,0.0,0.0,1,5316.0,5328.0,1,5324.0,5304.0,5380.0,5304.0,15.0,79890.0,12286
2023-05-09 21:00:38,TA2311,TA311,5304.0,0.0,0.0,0.0,1,5318.0,5328.0,1,5324.0,5304.0,5380.0,5304.0,15.0,79890.0,12286
2023-05-09 21:00:39,TA2311,TA311,5304.0,0.0,0.0,0.0,1,5318.0,5330.0,1,5324.0,5304.0,5380.0,5304.0,15.0,79890.0,12286
2023-05-09 21:00:39,TA2311,TA311,5304.0,0.0,0.0,0.0,1,5320.0,5330.0,1,5324.0,5304.0,5380.0,5304.0,15.0,79890.0,12286
2023-05-09 21:00:41,TA2311,TA311,5304.0,0.0,0.0,0.0,1,5318.0,5330.0,1,5324.0,5304.0,5380.0,5304.0,15.0,79890.0,12286
2023-05-09 21:00:41,TA2311,TA311,5304.0,0.0,0.0,0.0,1,5320.0,5330.0,1,5324.0,5304.0,5380.0,5304.0,15.0,79890.0,12286
2023-05-09 21:00:43,TA2311,TA311,5320.0,1.0,5326.0,1.0,1,5316.0,5330.0,1,5324.0,5304.0,5380.0,5304.0,16.0,85216.0,12287
2023-05-09 21:00:43,TA2311,TA311,5320.0,0.0,0.0,0.0,1,5318.0,5330.0,1,5324.0,5304.0,5380.0,5304.0,16.0,85216.0,12287
2023-05-09 21:00:44,TA2311,TA311,5320.0,0.0,0.0,0.0,1,5316.0,5330.0,1,5324.0,5304.0,5380.0,5304.0,16.0,85216.0,12287
2023-05-09 21:00:44,TA2311,TA311,5320.0,0.0,0.0,0.0,1,5318.0,5330.0,1,5324.0,5304.0,5380.0,5304.0,16.0,85216.0,12287
2023-05-09 21:00:45,TA2311,TA311,5318.0,1.0,5292.0,1.0,1,5318.0,5330.0,1,5324.0,5304.0,5380.0,5304.0,17.0,90508.0,12288
2023-05-09 21:00:45,TA2311,TA311,5318.0,0.0,0.0,0.0,1,5316.0,5328.0,2,5324.0,5304.0,5380.0,5304.0,17.0,90508.0,12288
2023-05-09 21:00:46,TA2311,TA311,5328.0,2.0,10648.0,1.0,1,5318.0,5328.0,2,5324.0,5304.0,5380.0,5304.0,19.0,101156.0,12289
2023-05-09 21:00:46,TA2311,TA311,5328.0,0.0,0.0,0.0,1,5316.0,5328.0,1,5324.0,5304.0,5380.0,5304.0,19.0,101156.0,12289
2023-05-09 21:00:47,TA2311,TA311,5328.0,2.0,10648.0,1.0,1,5318.0,5328.0,1,5324.0,5304.0,5380.0,5304.0,21.0,111804.0,12290
2023-05-09 21:00:49,TA2311,TA311,5318.0,3.0,15972.0,1.0,1,5316.0,5328.0,1,5324.0,5304.0,5380.0,5304.0,24.0,127776.0,12291
2023-05-09 21:00:50,TA2311,TA311,5328.0,2.0,10648.0,1.0,1,5316.0,5328.0,1,5324.0,5304.0,5380.0,5304.0,26.0,138424.0,12292
2023-05-09 21:00:50,TA2311,TA311,5302.0,1.0,5270.0,0.0,1,5316.0,5328.0,1,5324.0,5304.0,5380.0,5302.0,27.0,143694.0,12292
2023-05-09 21:00:52,TA2311,TA311,5302.0,0.0,0.0,0.0,1,5318.0,5328.0,1,5324.0,5304.0,5380.0,5302.0,27.0,143694.0,12292
2023-05-09 21:00:53,TA2311,TA311,5302.0,0.0,0.0,0.0,2,5318.0,5328.0,1,5324.0,5304.0,5380.0,5302.0,27.0,143694.0,12292
2023-05-09 21:00:53,TA2311,TA311,5302.0,0.0,0.0,0.0,1,5318.0,5328.0,1,5324.0,5304.0,5380.0,5302.0,27.0,143694.0,12292
2023-05-09 21:00:54,TA2311,TA311,5302.0,0.0,0.0,0.0,2,5318.0,5328.0,1,5324.0,5304.0,5380.0,5302.0,27.0,143694.0,12292
2023-05-09 21:00:54,TA2311,TA311,5302.0,0.0,0.0,0.0,1,5318.0,5328.0,1,5324.0,5304.0,5380.0,5302.0,27.0,143694.0,12292
2023-05-09 21:00:56,TA2311,TA311,5302.0,0.0,0.0,0.0,1,5314.0,5328.0,2,5324.0,5304.0,5380.0,5302.0,27.0,143694.0,12292
2023-05-09 21:00:56,TA2311,TA311,5302.0,0.0,0.0,0.0,2,5316.0,5328.0,1,5324.0,5304.0,5380.0,5302.0,27.0,143694.0,12292
2023-05-09 21:00:57,TA2311,TA311,5302.0,0.0,0.0,0.0,1,5316.0,5328.0,1,5324.0,5304.0,5380.0,5302.0,27.0,143694.0,12292
2023-05-09 21:00:58,TA2311,TA311,5302.0,0.0,0.0,0.0,1,5314.0,5328.0,1,5324.0,5304.0,5380.0,5302.0,27.0,143694.0,12292
2023-05-09 21:00:58,TA2311,TA311,5316.0,2.0,10702.0,1.0,1,5316.0,5328.0,2,5324.0,5304.0,5380.0,5302.0,29.0,154396.0,12293
2023-05-09 21:01:00,TA2311,TA311,5316.0,0.0,0.0,0.0,1,5316.0,5326.0,1,5324.0,5304.0,5380.0,5302.0,29.0,154396.0,12293
2023-05-09 21:01:01,TA2311,TA311,5316.0,1.0,5324.0,1.0,1,5310.0,5324.0,1,5324.0,5304.0,5380.0,5302.0,30.0,159720.0,12294
2023-05-09 21:01:01,TA2311,TA311,5316.0,0.0,0.0,0.0,2,5312.0,5326.0,1,5324.0,5304.0,5380.0,5302.0,30.0,159720.0,12294
2023-05-09 21:01:02,TA2311,TA311,5316.0,0.0,0.0,0.0,1,5314.0,5328.0,2,5324.0,5304.0,5380.0,5302.0,30.0,159720.0,12294
2023-05-09 21:01:02,TA2311,TA311,5316.0,0.0,0.0,0.0,1,5320.0,5326.0,1,5324.0,5304.0,5380.0,5302.0,30.0,159720.0,12294
2023-05-09 21:01:03,TA2311,TA311,5316.0,0.0,0.0,0.0,1,5320.0,5328.0,2,5324.0,5304.0,5380.0,5302.0,30.0,159720.0,12294
2023-05-09 21:01:04,TA2311,TA311,5316.0,0.0,0.0,0.0,1,5320.0,5326.0,1,5324.0,5304.0,5380.0,5302.0,30.0,159720.0,12294
2023-05-09 21:01:07,TA2311,TA311,5316.0,0.0,0.0,0.0,1,5320.0,5328.0,1,5324.0,5304.0,5380.0,5302.0,30.0,159720.0,12294
2023-05-09 21:01:07,TA2311,TA311,5316.0,0.0,0.0,0.0,1,5316.0,5328.0,1,5324.0,5304.0,5380.0,5302.0,30.0,159720.0,12294
2023-05-09 21:01:08,TA2311,TA311,5316.0,0.0,0.0,0.0,1,5322.0,5328.0,1,5324.0,5304.0,5380.0,5302.0,30.0,159720.0,12294
2023-05-09 21:01:10,TA2311,TA311,5316.0,0.0,0.0,0.0,1,5322.0,5330.0,2,5324.0,5304.0,5380.0,5302.0,30.0,159720.0,12294
2023-05-09 21:01:10,TA2311,TA311,5316.0,0.0,0.0,0.0,1,5316.0,5330.0,2,5324.0,5304.0,5380.0,5302.0,30.0,159720.0,12294
2023-05-09 21:01:11,TA2311,TA311,5316.0,0.0,0.0,0.0,1,5324.0,5330.0,2,5324.0,5304.0,5380.0,5302.0,30.0,159720.0,12294
2023-05-09 21:01:12,TA2311,TA311,5330.0,2.0,10648.0,1.0,1,5324.0,5330.0,1,5324.0,5304.0,5380.0,5302.0,32.0,170368.0,12295
2023-05-09 21:01:13,TA2311,TA311,5330.0,0.0,0.0,0.0,1,5324.0,5330.0,2,5324.0,5304.0,5380.0,5302.0,32.0,170368.0,12295
2023-05-09 21:01:13,TA2311,TA311,5330.0,0.0,0.0,0.0,1,5324.0,5328.0,1,5324.0,5304.0,5380.0,5302.0,32.0,170368.0,12295
2023-05-09 21:01:14,TA2311,TA311,5330.0,0.0,0.0,0.0,1,5312.0,5326.0,1,5324.0,5304.0,5380.0,5302.0,32.0,170368.0,12295
2023-05-09 21:01:14,TA2311,TA311,5314.0,2.0,10648.0,1.0,1,5314.0,5326.0,1,5324.0,5304.0,5380.0,5302.0,34.0,181016.0,12296
2023-05-09 21:01:15,TA2311,TA311,5314.0,2.0,10648.0,1.0,1,5314.0,5326.0,1,5324.0,5304.0,5380.0,5302.0,36.0,191664.0,12297
2023-05-09 21:01:16,TA2311,TA311,5314.0,0.0,0.0,0.0,1,5314.0,5324.0,1,5324.0,5304.0,5380.0,5302.0,36.0,191664.0,12297
2023-05-09 21:01:16,TA2311,TA311,5314.0,0.0,0.0,0.0,1,5314.0,5326.0,1,5324.0,5304.0,5380.0,5302.0,36.0,191664.0,12297
2023-05-09 21:01:17,TA2311,TA311,5314.0,2.0,10648.0,1.0,1,5314.0,5326.0,1,5324.0,5304.0,5380.0,5302.0,38.0,202312.0,12298
2023-05-09 21:01:19,TA2311,TA311,5314.0,2.0,10648.0,1.0,1,5314.0,5326.0,1,5324.0,5304.0,5380.0,5302.0,40.0,212960.0,12299
2023-05-09 21:01:20,TA2311,TA311,5314.0,0.0,0.0,0.0,2,5314.0,5328.0,2,5324.0,5304.0,5380.0,5302.0,40.0,212960.0,12299
2023-05-09 21:01:20,TA2311,TA311,5314.0,0.0,0.0,0.0,1,5314.0,5326.0,1,5324.0,5304.0,5380.0,5302.0,40.0,212960.0,12299
2023-05-09 21:01:21,TA2311,TA311,5314.0,0.0,0.0,0.0,1,5324.0,5328.0,2,5324.0,5304.0,5380.0,5302.0,40.0,212960.0,12299
2023-05-09 21:01:22,TA2311,TA311,5314.0,0.0,0.0,0.0,1,5324.0,5328.0,1,5324.0,5304.0,5380.0,5302.0,40.0,212960.0,12299
2023-05-09 21:01:23,TA2311,TA311,5314.0,0.0,0.0,0.0,1,5326.0,5328.0,2,5324.0,5304.0,5380.0,5302.0,40.0,212960.0,12299
2023-05-09 21:01:24,TA2311,TA311,5326.0,2.0,10648.0,1.0,1,5324.0,5328.0,3,5324.0,5304.0,5380.0,5302.0,42.0,223608.0,12300
2023-05-09 21:01:24,TA2311,TA311,5314.0,2.0,10648.0,0.0,1,5324.0,5328.0,4,5324.0,5304.0,5380.0,5302.0,44.0,234256.0,12300
2023-05-09 21:01:24,TA2311,TA311,5324.0,1.0,5324.0,0.0,2,5314.0,5328.0,4,5324.0,5304.0,5380.0,5302.0,45.0,239580.0,12300
2023-05-09 21:01:26,TA2311,TA311,5314.0,2.0,10648.0,1.0,2,5314.0,5328.0,3,5324.0,5304.0,5380.0,5302.0,47.0,250228.0,12301
2023-05-09 21:01:27,TA2311,TA311,5314.0,0.0,0.0,0.0,1,5314.0,5326.0,1,5324.0,5304.0,5380.0,5302.0,47.0,250228.0,12301
2023-05-09 21:01:28,TA2311,TA311,5314.0,2.0,10648.0,1.0,1,5314.0,5326.0,1,5324.0,5304.0,5380.0,5302.0,49.0,260876.0,12302
2023-05-09 21:01:29,TA2311,TA311,5314.0,0.0,0.0,0.0,1,5314.0,5326.0,2,5324.0,5304.0,5380.0,5302.0,49.0,260876.0,12302
2023-05-09 21:01:30,TA2311,TA311,5314.0,0.0,0.0,0.0,1,5314.0,5324.0,1,5324.0,5304.0,5380.0,5302.0,49.0,260876.0,12302
2023-05-09 21:01:31,TA2311,TA311,5314.0,0.0,0.0,0.0,1,5314.0,5326.0,2,5324.0,5304.0,5380.0,5302.0,49.0,260876.0,12302
2023-05-09 21:01:34,TA2311,TA311,5314.0,0.0,0.0,0.0,2,5314.0,5326.0,1,5324.0,5304.0,5380.0,5302.0,49.0,260876.0,12302
2023-05-09 21:01:37,TA2311,TA311,5314.0,0.0,0.0,0.0,1,5314.0,5326.0,1,5324.0,5304.0,5380.0,5302.0,49.0,260876.0,12302
2023-05-09 21:01:37,TA2311,TA311,5314.0,0.0,0.0,0.0,1,5314.0,5326.0,2,5324.0,5304.0,5380.0,5302.0,49.0,260876.0,12302
2023-05-09 21:01:38,TA2311,TA311,5314.0,2.0,10648.0,1.0,1,5314.0,5326.0,4,5324.0,5304.0,5380.0,5302.0,51.0,271524.0,12303
2023-05-09 21:01:39,TA2311,TA311,5314.0,2.0,10648.0,1.0,3,5322.0,5326.0,3,5324.0,5304.0,5380.0,5302.0,53.0,282172.0,12304
2023-05-09 21:01:40,TA2311,TA311,5314.0,2.0,10648.0,1.0,2,5322.0,5326.0,2,5324.0,5304.0,5380.0,5302.0,55.0,292820.0,12305
2023-05-09 21:01:41,TA2311,TA311,5314.0,2.0,10648.0,0.0,2,5322.0,5326.0,2,5324.0,5304.0,5380.0,5302.0,57.0,303468.0,12305
2023-05-09 21:01:41,TA2311,TA311,5314.0,2.0,10648.0,1.0,1,5322.0,5326.0,3,5324.0,5304.0,5380.0,5302.0,59.0,314116.0,12306
2023-05-09 21:01:42,TA2311,TA311,5314.0,2.0,10526.0,1.0,1,5322.0,5326.0,2,5324.0,5304.0,5380.0,5302.0,61.0,324642.0,12307
2023-05-09 21:01:42,TA2311,TA311,5314.0,0.0,0.0,0.0,1,5322.0,5326.0,1,5324.0,5304.0,5380.0,5302.0,61.0,324642.0,12307
2023-05-09 21:01:43,TA2311,TA311,5314.0,2.0,10644.0,1.0,5,5322.0,5326.0,1,5324.0,5304.0,5380.0,5302.0,63.0,335286.0,12308
2023-05-09 21:01:43,TA2311,TA311,5314.0,0.0,0.0,0.0,5,5322.0,5324.0,1,5324.0,5304.0,5380.0,5302.0,63.0,335286.0,12308
2023-05-09 21:01:44,TA2311,TA311,5322.0,2.0,10644.0,1.0,4,5322.0,5324.0,1,5324.0,5304.0,5380.0,5302.0,65.0,345930.0,12309
2023-05-09 21:01:45,TA2311,TA311,5322.0,5.0,26610.0,3.0,1,5322.0,5330.0,1,5324.0,5304.0,5380.0,5302.0,70.0,372540.0,12312
2023-05-09 21:01:45,TA2311,TA311,5322.0,2.0,10644.0,1.0,1,5314.0,5330.0,1,5324.0,5304.0,5380.0,5302.0,72.0,383184.0,12313
2023-05-09 21:01:46,TA2311,TA311,5314.0,2.0,10644.0,1.0,1,5314.0,5330.0,1,5324.0,5304.0,5380.0,5302.0,74.0,393828.0,12314
2023-05-09 21:01:46,TA2311,TA311,5314.0,0.0,0.0,0.0,1,5316.0,5330.0,1,5324.0,5304.0,5380.0,5302.0,74.0,393828.0,12314
2023-05-09 21:01:46,TA2311,TA311,5314.0,0.0,0.0,0.0,1,5316.0,5328.0,1,5324.0,5304.0,5380.0,5302.0,74.0,393828.0,12314
2023-05-09 21:01:47,TA2311,TA311,5314.0,1.0,5322.0,1.0,1,5316.0,5320.0,3,5324.0,5304.0,5380.0,5302.0,75.0,399150.0,12315
2023-05-09 21:01:48,TA2311,TA311,5314.0,0.0,0.0,0.0,1,5318.0,5320.0,3,5324.0,5304.0,5380.0,5302.0,75.0,399150.0,12315
2023-05-09 21:01:48,TA2311,TA311,5314.0,0.0,0.0,0.0,1,5316.0,5320.0,3,5324.0,5304.0,5380.0,5302.0,75.0,399150.0,12315
2023-05-09 21:01:50,TA2311,TA311,5314.0,0.0,0.0,0.0,1,5316.0,5328.0,2,5324.0,5304.0,5380.0,5302.0,75.0,399150.0,12315
2023-05-09 21:01:51,TA2311,TA311,5314.0,0.0,0.0,0.0,1,5314.0,5328.0,2,5324.0,5304.0,5380.0,5302.0,75.0,399150.0,12315
2023-05-09 21:01:51,TA2311,TA311,5314.0,0.0,0.0,0.0,1,5312.0,5328.0,3,5324.0,5304.0,5380.0,5302.0,75.0,399150.0,12315
2023-05-09 21:01:53,TA2311,TA311,5314.0,0.0,0.0,0.0,1,5314.0,5328.0,2,5324.0,5304.0,5380.0,5302.0,75.0,399150.0,12315
2023-05-09 21:01:54,TA2311,TA311,5314.0,0.0,0.0,0.0,1,5312.0,5326.0,1,5324.0,5304.0,5380.0,5302.0,75.0,399150.0,12315
2023-05-09 21:01:55,TA2311,TA311,5314.0,0.0,0.0,0.0,1,5314.0,5324.0,1,5324.0,5304.0,5380.0,5302.0,75.0,399150.0,12315
2023-05-09 21:01:56,TA2311,TA311,5314.0,0.0,0.0,0.0,1,5316.0,5324.0,1,5324.0,5304.0,5380.0,5302.0,75.0,399150.0,12315
2023-05-09 21:01:58,TA2311,TA311,5314.0,0.0,0.0,0.0,1,5316.0,5328.0,1,5324.0,5304.0,5380.0,5302.0,75.0,399150.0,12315
2023-05-09 21:01:58,TA2311,TA311,5314.0,0.0,0.0,0.0,1,5316.0,5326.0,1,5324.0,5304.0,5380.0,5302.0,75.0,399150.0,12315
2023-05-09 21:01:59,TA2311,TA311,5314.0,0.0,0.0,0.0,1,5314.0,5326.0,1,5324.0,5304.0,5380.0,5302.0,75.0,399150.0,12315
2023-05-09 21:02:00,TA2311,TA311,5316.0,1.0,5322.0,0.0,1,5306.0,5326.0,1,5324.0,5304.0,5380.0,5302.0,76.0,404472.0,12315
2023-05-09 21:02:01,TA2311,TA311,5316.0,0.0,0.0,0.0,2,5308.0,5326.0,1,5324.0,5304.0,5380.0,5302.0,76.0,404472.0,12315
2023-05-09 21:02:07,TA2311,TA311,5316.0,0.0,0.0,0.0,1,5310.0,5326.0,1,5324.0,5304.0,5380.0,5302.0,76.0,404472.0,12315
2023-05-09 21:02:07,TA2311,TA311,5316.0,0.0,0.0,0.0,1,5310.0,5328.0,1,5324.0,5304.0,5380.0,5302.0,76.0,404472.0,12315
2023-05-09 21:02:08,TA2311,TA311,5316.0,0.0,0.0,0.0,1,5312.0,5328.0,1,5324.0,5304.0,5380.0,5302.0,76.0,404472.0,12315
2023-05-09 21:02:10,TA2311,TA311,5316.0,0.0,0.0,0.0,1,5312.0,5326.0,3,5324.0,5304.0,5380.0,5302.0,76.0,404472.0,12315
2023-05-09 21:02:15,TA2311,TA311,5316.0,0.0,0.0,0.0,1,5308.0,5326.0,3,5324.0,5304.0,5380.0,5302.0,76.0,404472.0,12315
2023-05-09 21:02:15,TA2311,TA311,5316.0,0.0,0.0,0.0,1,5310.0,5326.0,3,5324.0,5304.0,5380.0,5302.0,76.0,404472.0,12315
2023-05-09 21:02:17,TA2311,TA311,5316.0,0.0,0.0,0.0,1,5310.0,5324.0,1,5324.0,5304.0,5380.0,5302.0,76.0,404472.0,12315
2023-05-09 21:02:21,TA2311,TA311,5316.0,0.0,0.0,0.0,2,5310.0,5324.0,1,5324.0,5304.0,5380.0,5302.0,76.0,404472.0,12315
2023-05-09 21:02:21,TA2311,TA311,5324.0,2.0,10644.0,1.0,2,5310.0,5324.0,1,5324.0,5304.0,5380.0,5302.0,78.0,415116.0,12316
2023-05-09 21:02:22,TA2311,TA311,5324.0,0.0,0.0,0.0,2,5310.0,5322.0,3,5324.0,5304.0,5380.0,5302.0,78.0,415116.0,12316
2023-05-09 21:02:25,TA2311,TA311,5324.0,0.0,0.0,0.0,1,5312.0,5322.0,3,5324.0,5304.0,5380.0,5302.0,78.0,415116.0,12316
2023-05-09 21:02:26,TA2311,TA311,5322.0,2.0,10644.0,1.0,1,5314.0,5322.0,3,5324.0,5304.0,5380.0,5302.0,80.0,425760.0,12317
2023-05-09 21:02:28,TA2311,TA311,5322.0,1.0,5322.0,0.0,1,5314.0,5322.0,2,5324.0,5304.0,5380.0,5302.0,81.0,431082.0,12317
2023-05-09 21:02:28,TA2311,TA311,5322.0,0.0,0.0,0.0,1,5320.0,5328.0,1,5324.0,5304.0,5380.0,5302.0,81.0,431082.0,12317
2023-05-09 21:02:30,TA2311,TA311,5318.0,1.0,5322.0,0.0,1,5320.0,5328.0,1,5324.0,5304.0,5380.0,5302.0,82.0,436404.0,12317
2023-05-09 21:02:34,TA2311,TA311,5320.0,2.0,10644.0,1.0,1,5314.0,5330.0,1,5324.0,5304.0,5380.0,5302.0,84.0,447048.0,12318
2023-05-09 21:02:34,TA2311,TA311,5320.0,0.0,0.0,0.0,1,5310.0,5326.0,3,5324.0,5304.0,5380.0,5302.0,84.0,447048.0,12318
2023-05-09 21:02:35,TA2311,TA311,5320.0,0.0,0.0,0.0,1,5314.0,5326.0,3,5324.0,5304.0,5380.0,5302.0,84.0,447048.0,12318
2023-05-09 21:02:35,TA2311,TA311,5320.0,0.0,0.0,0.0,2,5312.0,5326.0,3,5324.0,5304.0,5380.0,5302.0,84.0,447048.0,12318
2023-05-09 21:02:37,TA2311,TA311,5320.0,0.0,0.0,0.0,1,5314.0,5328.0,1,5324.0,5304.0,5380.0,5302.0,84.0,447048.0,12318
2023-05-09 21:02:38,TA2311,TA311,5320.0,0.0,0.0,0.0,2,5312.0,5328.0,1,5324.0,5304.0,5380.0,5302.0,84.0,447048.0,12318
2023-05-09 21:02:41,TA2311,TA311,5320.0,0.0,0.0,0.0,1,5312.0,5328.0,1,5324.0,5304.0,5380.0,5302.0,84.0,447048.0,12318
2023-05-09 21:02:41,TA2311,TA311,5320.0,0.0,0.0,0.0,2,5310.0,5328.0,1,5324.0,5304.0,5380.0,5302.0,84.0,447048.0,12318
2023-05-09 21:02:42,TA2311,TA311,5320.0,0.0,0.0,0.0,1,5312.0,5328.0,1,5324.0,5304.0,5380.0,5302.0,84.0,447048.0,12318
2023-05-09 21:02:42,TA2311,TA311,5320.0,0.0,0.0,0.0,1,5310.0,5328.0,1,5324.0,5304.0,5380.0,5302.0,84.0,447048.0,12318
2023-05-09 21:02:43,TA2311,TA311,5320.0,0.0,0.0,0.0,1,5312.0,5328.0,1,5324.0,5304.0,5380.0,5302.0,84.0,447048.0,12318
2023-05-09 21:02:43,TA2311,TA311,5320.0,0.0,0.0,0.0,1,5310.0,5328.0,1,5324.0,5304.0,5380.0,5302.0,84.0,447048.0,12318
2023-05-09 21:02:45,TA2311,TA311,5320.0,0.0,0.0,0.0,2,5308.0,5328.0,1,5324.0,5304.0,5380.0,5302.0,84.0,447048.0,12318
2023-05-09 21:02:46,TA2311,TA311,5320.0,0.0,0.0,0.0,1,5310.0,5328.0,1,5324.0,5304.0,5380.0,5302.0,84.0,447048.0,12318
2023-05-09 21:02:46,TA2311,TA311,5320.0,0.0,0.0,0.0,2,5308.0,5328.0,1,5324.0,5304.0,5380.0,5302.0,84.0,447048.0,12318
2023-05-09 21:02:48,TA2311,TA311,5320.0,0.0,0.0,0.0,1,5310.0,5326.0,1,5324.0,5304.0,5380.0,5302.0,84.0,447048.0,12318
2023-05-09 21:02:49,TA2311,TA311,5320.0,0.0,0.0,0.0,2,5308.0,5326.0,1,5324.0,5304.0,5380.0,5302.0,84.0,447048.0,12318
2023-05-09 21:02:49,TA2311,TA311,5320.0,0.0,0.0,0.0,1,5308.0,5324.0,1,5324.0,5304.0,5380.0,5302.0,84.0,447048.0,12318
2023-05-09 21:02:50,TA2311,TA311,5320.0,0.0,0.0,0.0,2,5310.0,5324.0,1,5324.0,5304.0,5380.0,5302.0,84.0,447048.0,12318
2023-05-09 21:02:51,TA2311,TA311,5320.0,0.0,0.0,0.0,1,5316.0,5324.0,1,5324.0,5304.0,5380.0,5302.0,84.0,447048.0,12318
2023-05-09 21:02:53,TA2311,TA311,5320.0,0.0,0.0,0.0,1,5314.0,5322.0,3,5324.0,5304.0,5380.0,5302.0,84.0,447048.0,12318
2023-05-09 21:02:54,TA2311,TA311,5320.0,0.0,0.0,0.0,1,5316.0,5322.0,3,5324.0,5304.0,5380.0,5302.0,84.0,447048.0,12318
2023-05-09 21:02:55,TA2311,TA311,5320.0,0.0,0.0,0.0,1,5314.0,5322.0,3,5324.0,5304.0,5380.0,5302.0,84.0,447048.0,12318
2023-05-09 21:02:57,TA2311,TA311,5320.0,0.0,0.0,0.0,1,5314.0,5320.0,3,5324.0,5304.0,5380.0,5302.0,84.0,447048.0,12318
2023-05-09 21:03:01,TA2311,TA311,5320.0,0.0,0.0,0.0,1,5316.0,5320.0,3,5324.0,5304.0,5380.0,5302.0,84.0,447048.0,12318
2023-05-09 21:03:01,TA2311,TA311,5320.0,1.0,5322.0,0.0,1,5316.0,5320.0,3,5324.0,5304.0,5380.0,5302.0,85.0,452370.0,12318
2023-05-09 21:03:02,TA2311,TA311,5320.0,0.0,0.0,0.0,1,5314.0,5320.0,3,5324.0,5304.0,5380.0,5302.0,85.0,452370.0,12318
2023-05-09 21:03:04,TA2311,TA311,5320.0,0.0,0.0,0.0,1,5316.0,5320.0,3,5324.0,5304.0,5380.0,5302.0,85.0,452370.0,12318
2023-05-09 21:03:07,TA2311,TA311,5320.0,0.0,0.0,0.0,1,5314.0,5320.0,3,5324.0,5304.0,5380.0,5302.0,85.0,452370.0,12318
2023-05-09 21:03:08,TA2311,TA311,5320.0,0.0,0.0,0.0,1,5316.0,5320.0,3,5324.0,5304.0,5380.0,5302.0,85.0,452370.0,12318
2023-05-09 21:03:09,TA2311,TA311,5320.0,0.0,0.0,0.0,1,5316.0,5326.0,1,5324.0,5304.0,5380.0,5302.0,85.0,452370.0,12318
2023-05-09 21:03:10,TA2311,TA311,5320.0,0.0,0.0,0.0,1,5316.0,5324.0,1,5324.0,5304.0,5380.0,5302.0,85.0,452370.0,12318
2023-05-09 21:03:10,TA2311,TA311,5320.0,0.0,0.0,0.0,1,5314.0,5326.0,1,5324.0,5304.0,5380.0,5302.0,85.0,452370.0,12318
2023-05-09 21:03:11,TA2311,TA311,5320.0,0.0,0.0,0.0,1,5314.0,5324.0,1,5324.0,5304.0,5380.0,5302.0,85.0,452370.0,12318
2023-05-09 21:03:20,TA2311,TA311,5320.0,0.0,0.0,0.0,1,5316.0,5326.0,1,5324.0,5304.0,5380.0,5302.0,85.0,452370.0,12318
2023-05-09 21:03:21,TA2311,TA311,5320.0,0.0,0.0,0.0,1,5314.0,5326.0,1,5324.0,5304.0,5380.0,5302.0,85.0,452370.0,12318
2023-05-09 21:03:22,TA2311,TA311,5320.0,0.0,0.0,0.0,1,5314.0,5324.0,1,5324.0,5304.0,5380.0,5302.0,85.0,452370.0,12318
2023-05-09 21:03:24,TA2311,TA311,5316.0,3.0,15966.0,3.0,1,5312.0,5324.0,1,5324.0,5304.0,5380.0,5302.0,88.0,468336.0,12321
2023-05-09 21:03:24,TA2311,TA311,5316.0,0.0,0.0,0.0,1,5314.0,5324.0,1,5324.0,5304.0,5380.0,5302.0,88.0,468336.0,12321
2023-05-09 21:03:25,TA2311,TA311,5314.0,3.0,15966.0,0.0,1,5312.0,5324.0,1,5324.0,5304.0,5380.0,5302.0,91.0,484302.0,12321
2023-05-09 21:03:25,TA2311,TA311,5314.0,0.0,0.0,0.0,1,5314.0,5324.0,1,5324.0,5304.0,5380.0,5302.0,91.0,484302.0,12321
2023-05-09 21:03:27,TA2311,TA311,5314.0,0.0,0.0,0.0,1,5314.0,5326.0,1,5324.0,5304.0,5380.0,5302.0,91.0,484302.0,12321
2023-05-09 21:03:28,TA2311,TA311,5314.0,0.0,0.0,0.0,1,5316.0,5326.0,1,5324.0,5304.0,5380.0,5302.0,91.0,484302.0,12321
2023-05-09 21:03:30,TA2311,TA311,5314.0,0.0,0.0,0.0,1,5314.0,5326.0,1,5324.0,5304.0,5380.0,5302.0,91.0,484302.0,12321
2023-05-09 21:03:30,TA2311,TA311,5314.0,0.0,0.0,0.0,1,5316.0,5326.0,1,5324.0,5304.0,5380.0,5302.0,91.0,484302.0,12321
2023-05-09 21:03:31,TA2311,TA311,5314.0,0.0,0.0,0.0,1,5314.0,5326.0,1,5324.0,5304.0,5380.0,5302.0,91.0,484302.0,12321
2023-05-09 21:03:31,TA2311,TA311,5314.0,0.0,0.0,0.0,1,5316.0,5326.0,1,5324.0,5304.0,5380.0,5302.0,91.0,484302.0,12321
2023-05-09 21:03:35,TA2311,TA311,5314.0,0.0,0.0,0.0,1,5314.0,5326.0,1,5324.0,5304.0,5380.0,5302.0,91.0,484302.0,12321
2023-05-09 21:03:36,TA2311,TA311,5314.0,0.0,0.0,0.0,2,5316.0,5326.0,1,5324.0,5304.0,5380.0,5302.0,91.0,484302.0,12321
2023-05-09 21:03:36,TA2311,TA311,5314.0,0.0,0.0,0.0,3,5316.0,5326.0,1,5324.0,5304.0,5380.0,5302.0,91.0,484302.0,12321
2023-05-09 21:03:37,TA2311,TA311,5314.0,0.0,0.0,0.0,2,5316.0,5326.0,1,5324.0,5304.0,5380.0,5302.0,91.0,484302.0,12321
2023-05-09 21:03:44,TA2311,TA311,5314.0,0.0,0.0,0.0,3,5316.0,5326.0,1,5324.0,5304.0,5380.0,5302.0,91.0,484302.0,12321
2023-05-09 21:03:45,TA2311,TA311,5314.0,0.0,0.0,0.0,2,5316.0,5326.0,1,5324.0,5304.0,5380.0,5302.0,91.0,484302.0,12321
2023-05-09 21:03:48,TA2311,TA311,5314.0,0.0,0.0,0.0,2,5316.0,5330.0,1,5324.0,5304.0,5380.0,5302.0,91.0,484302.0,12321
2023-05-09 21:03:49,TA2311,TA311,5314.0,0.0,0.0,0.0,2,5316.0,5330.0,2,5324.0,5304.0,5380.0,5302.0,91.0,484302.0,12321
2023-05-09 21:03:50,TA2311,TA311,5314.0,0.0,0.0,0.0,2,5316.0,5328.0,1,5324.0,5304.0,5380.0,5302.0,91.0,484302.0,12321
2023-05-09 21:03:51,TA2311,TA311,5314.0,0.0,0.0,0.0,2,5316.0,5320.0,2,5324.0,5304.0,5380.0,5302.0,91.0,484302.0,12321
2023-05-09 21:04:01,TA2311,TA311,5314.0,0.0,0.0,0.0,2,5316.0,5330.0,2,5324.0,5304.0,5380.0,5302.0,91.0,484302.0,12321
2023-05-09 21:04:04,TA2311,TA311,5330.0,4.0,21288.0,3.0,2,5316.0,5328.0,1,5324.0,5304.0,5380.0,5302.0,95.0,505590.0,12324
2023-05-09 21:04:04,TA2311,TA311,5330.0,0.0,0.0,0.0,2,5316.0,5328.0,2,5324.0,5304.0,5380.0,5302.0,95.0,505590.0,12324
2023-05-09 21:04:06,TA2311,TA311,5330.0,0.0,0.0,0.0,2,5316.0,5330.0,4,5324.0,5304.0,5380.0,5302.0,95.0,505590.0,12324
2023-05-09 21:04:06,TA2311,TA311,5330.0,0.0,0.0,0.0,2,5316.0,5328.0,1,5324.0,5304.0,5380.0,5302.0,95.0,505590.0,12324
2023-05-09 21:04:06,TA2311,TA311,5316.0,2.0,10644.0,2.0,2,5314.0,5316.0,1,5324.0,5304.0,5380.0,5302.0,97.0,516234.0,12326
2023-05-09 21:04:07,TA2311,TA311,5316.0,1.0,5322.0,0.0,1,5312.0,5328.0,1,5324.0,5304.0,5380.0,5302.0,98.0,521556.0,12326
2023-05-09 21:04:07,TA2311,TA311,5316.0,0.0,0.0,0.0,1,5312.0,5326.0,1,5324.0,5304.0,5380.0,5302.0,98.0,521556.0,12326
2023-05-09 21:04:14,TA2311,TA311,5316.0,0.0,0.0,0.0,1,5310.0,5326.0,1,5324.0,5304.0,5380.0,5302.0,98.0,521556.0,12326
2023-05-09 21:04:14,TA2311,TA311,5316.0,0.0,0.0,0.0,1,5310.0,5326.0,2,5324.0,5304.0,5380.0,5302.0,98.0,521556.0,12326
2023-05-09 21:04:16,TA2311,TA311,5316.0,0.0,0.0,0.0,1,5312.0,5326.0,1,5324.0,5304.0,5380.0,5302.0,98.0,521556.0,12326
2023-05-09 21:04:17,TA2311,TA311,5316.0,0.0,0.0,0.0,1,5312.0,5316.0,1,5324.0,5304.0,5380.0,5302.0,98.0,521556.0,12326
2023-05-09 21:04:18,TA2311,TA311,5316.0,0.0,0.0,0.0,1,5310.0,5316.0,1,5324.0,5304.0,5380.0,5302.0,98.0,521556.0,12326
2023-05-09 21:04:20,TA2311,TA311,5316.0,0.0,0.0,0.0,1,5312.0,5316.0,1,5324.0,5304.0,5380.0,5302.0,98.0,521556.0,12326
2023-05-09 21:04:21,TA2311,TA311,5316.0,0.0,0.0,0.0,1,5310.0,5316.0,1,5324.0,5304.0,5380.0,5302.0,98.0,521556.0,12326
2023-05-09 21:04:22,TA2311,TA311,5316.0,2.0,10644.0,0.0,1,5310.0,5316.0,1,5324.0,5304.0,5380.0,5300.0,100.0,532200.0,12326
2023-05-09 21:04:23,TA2311,TA311,5316.0,0.0,0.0,0.0,1,5308.0,5316.0,1,5324.0,5304.0,5380.0,5300.0,100.0,532200.0,12326
2023-05-09 21:04:25,TA2311,TA311,5316.0,0.0,0.0,0.0,1,5308.0,5322.0,2,5324.0,5304.0,5380.0,5300.0,100.0,532200.0,12326
2023-05-09 21:04:26,TA2311,TA311,5316.0,0.0,0.0,0.0,1,5310.0,5320.0,1,5324.0,5304.0,5380.0,5300.0,100.0,532200.0,12326
2023-05-09 21:04:26,TA2311,TA311,5316.0,0.0,0.0,0.0,1,5310.0,5314.0,1,5324.0,5304.0,5380.0,5300.0,100.0,532200.0,12326
2023-05-09 21:04:33,TA2311,TA311,5316.0,0.0,0.0,0.0,1,5310.0,5320.0,1,5324.0,5304.0,5380.0,5300.0,100.0,532200.0,12326
2023-05-09 21:04:44,TA2311,TA311,5316.0,0.0,0.0,0.0,1,5308.0,5320.0,1,5324.0,5304.0,5380.0,5300.0,100.0,532200.0,12326
2023-05-09 21:04:45,TA2311,TA311,5316.0,0.0,0.0,0.0,1,5314.0,5320.0,1,5324.0,5304.0,5380.0,5300.0,100.0,532200.0,12326
2023-05-09 21:04:47,TA2311,TA311,5316.0,0.0,0.0,0.0,1,5312.0,5320.0,1,5324.0,5304.0,5380.0,5300.0,100.0,532200.0,12326
2023-05-09 21:04:48,TA2311,TA311,5316.0,0.0,0.0,0.0,1,5314.0,5320.0,1,5324.0,5304.0,5380.0,5300.0,100.0,532200.0,12326
2023-05-09 21:04:49,TA2311,TA311,5316.0,0.0,0.0,0.0,1,5312.0,5320.0,1,5324.0,5304.0,5380.0,5300.0,100.0,532200.0,12326
2023-05-09 21:04:58,TA2311,TA311,5316.0,0.0,0.0,0.0,1,5314.0,5316.0,1,5324.0,5304.0,5380.0,5300.0,100.0,532200.0,12326
2023-05-09 21:04:58,TA2311,TA311,5316.0,0.0,0.0,0.0,1,5312.0,5316.0,1,5324.0,5304.0,5380.0,5300.0,100.0,532200.0,12326
2023-05-09 21:05:02,TA2311,TA311,5316.0,0.0,0.0,0.0,1,5310.0,5316.0,1,5324.0,5304.0,5380.0,5300.0,100.0,532200.0,12326
2023-05-09 21:05:05,TA2311,TA311,5316.0,0.0,0.0,0.0,1,5312.0,5320.0,1,5324.0,5304.0,5380.0,5300.0,100.0,532200.0,12326
2023-05-09 21:05:13,TA2311,TA311,5314.0,1.0,5322.0,-1.0,2,5308.0,5320.0,1,5324.0,5304.0,5380.0,5300.0,101.0,537522.0,12325
2023-05-09 21:05:19,TA2311,TA311,5314.0,0.0,0.0,0.0,2,5308.0,5322.0,3,5324.0,5304.0,5380.0,5300.0,101.0,537522.0,12325
2023-05-09 21:05:20,TA2311,TA311,5314.0,0.0,0.0,0.0,2,5308.0,5320.0,1,5324.0,5304.0,5380.0,5300.0,101.0,537522.0,12325
2023-05-09 21:05:20,TA2311,TA311,5314.0,0.0,0.0,0.0,1,5310.0,5320.0,1,5324.0,5304.0,5380.0,5300.0,101.0,537522.0,12325
2023-05-09 21:05:21,TA2311,TA311,5314.0,0.0,0.0,0.0,2,5308.0,5320.0,1,5324.0,5304.0,5380.0,5300.0,101.0,537522.0,12325
2023-05-09 21:05:23,TA2311,TA311,5314.0,0.0,0.0,0.0,2,5308.0,5318.0,1,5324.0,5304.0,5380.0,5300.0,101.0,537522.0,12325
2023-05-09 21:05:25,TA2311,TA311,5314.0,0.0,0.0,0.0,2,5308.0,5320.0,1,5324.0,5304.0,5380.0,5300.0,101.0,537522.0,12325
2023-05-09 21:05:26,TA2311,TA311,5314.0,0.0,0.0,0.0,2,5308.0,5318.0,1,5324.0,5304.0,5380.0,5300.0,101.0,537522.0,12325
2023-05-09 21:05:32,TA2311,TA311,5314.0,0.0,0.0,0.0,1,5310.0,5320.0,1,5324.0,5304.0,5380.0,5300.0,101.0,537522.0,12325
2023-05-09 21:05:32,TA2311,TA311,5314.0,0.0,0.0,0.0,2,5308.0,5320.0,1,5324.0,5304.0,5380.0,5300.0,101.0,537522.0,12325
2023-05-09 21:05:34,TA2311,TA311,5314.0,0.0,0.0,0.0,2,5308.0,5318.0,1,5324.0,5304.0,5380.0,5300.0,101.0,537522.0,12325
2023-05-09 21:05:37,TA2311,TA311,5314.0,0.0,0.0,0.0,2,5308.0,5312.0,1,5324.0,5304.0,5380.0,5300.0,101.0,537522.0,12325
2023-05-09 21:05:37,TA2311,TA311,5314.0,1.0,5322.0,-1.0,2,5308.0,5318.0,1,5324.0,5304.0,5380.0,5300.0,102.0,542844.0,12324
2023-05-09 21:05:42,TA2311,TA311,5314.0,0.0,0.0,0.0,1,5308.0,5318.0,1,5324.0,5304.0,5380.0,5300.0,102.0,542844.0,12324
2023-05-09 21:05:42,TA2311,TA311,5314.0,0.0,0.0,0.0,1,5308.0,5316.0,1,5324.0,5304.0,5380.0,5300.0,102.0,542844.0,12324
2023-05-09 21:05:43,TA2311,TA311,5314.0,0.0,0.0,0.0,1,5308.0,5316.0,2,5324.0,5304.0,5380.0,5300.0,102.0,542844.0,12324
2023-05-09 21:05:43,TA2311,TA311,5314.0,0.0,0.0,0.0,1,5308.0,5316.0,1,5324.0,5304.0,5380.0,5300.0,102.0,542844.0,12324
2023-05-09 21:05:46,TA2311,TA311,5314.0,0.0,0.0,0.0,1,5308.0,5318.0,1,5324.0,5304.0,5380.0,5300.0,102.0,542844.0,12324
2023-05-09 21:05:47,TA2311,TA311,5314.0,0.0,0.0,0.0,2,5308.0,5316.0,1,5324.0,5304.0,5380.0,5300.0,102.0,542844.0,12324
2023-05-09 21:05:47,TA2311,TA311,5314.0,0.0,0.0,0.0,1,5308.0,5316.0,1,5324.0,5304.0,5380.0,5300.0,102.0,542844.0,12324
2023-05-09 21:05:53,TA2311,TA311,5314.0,0.0,0.0,0.0,1,5308.0,5318.0,1,5324.0,5304.0,5380.0,5300.0,102.0,542844.0,12324
2023-05-09 21:05:55,TA2311,TA311,5314.0,0.0,0.0,0.0,1,5310.0,5320.0,1,5324.0,5304.0,5380.0,5300.0,102.0,542844.0,12324
2023-05-09 21:05:55,TA2311,TA311,5314.0,0.0,0.0,0.0,1,5310.0,5318.0,1,5324.0,5304.0,5380.0,5300.0,102.0,542844.0,12324
2023-05-09 21:05:56,TA2311,TA311,5314.0,0.0,0.0,0.0,1,5310.0,5320.0,1,5324.0,5304.0,5380.0,5300.0,102.0,542844.0,12324
2023-05-09 21:06:02,TA2311,TA311,5314.0,0.0,0.0,0.0,1,5312.0,5322.0,1,5324.0,5304.0,5380.0,5300.0,102.0,542844.0,12324
2023-05-09 21:06:02,TA2311,TA311,5314.0,0.0,0.0,0.0,1,5310.0,5320.0,1,5324.0,5304.0,5380.0,5300.0,102.0,542844.0,12324
2023-05-09 21:06:02,TA2311,TA311,5314.0,0.0,0.0,0.0,1,5310.0,5322.0,1,5324.0,5304.0,5380.0,5300.0,102.0,542844.0,12324
2023-05-09 21:06:03,TA2311,TA311,5314.0,0.0,0.0,0.0,1,5312.0,5322.0,1,5324.0,5304.0,5380.0,5300.0,102.0,542844.0,12324
2023-05-09 21:06:04,TA2311,TA311,5314.0,0.0,0.0,0.0,1,5314.0,5324.0,1,5324.0,5304.0,5380.0,5300.0,102.0,542844.0,12324
2023-05-09 21:06:04,TA2311,TA311,5314.0,0.0,0.0,0.0,1,5314.0,5322.0,1,5324.0,5304.0,5380.0,5300.0,102.0,542844.0,12324
2023-05-09 21:06:05,TA2311,TA311,5314.0,0.0,0.0,0.0,1,5314.0,5324.0,1,5324.0,5304.0,5380.0,5300.0,102.0,542844.0,12324
2023-05-09 21:06:10,TA2311,TA311,5314.0,0.0,0.0,0.0,1,5312.0,5322.0,1,5324.0,5304.0,5380.0,5300.0,102.0,542844.0,12324
2023-05-09 21:06:14,TA2311,TA311,5314.0,0.0,0.0,0.0,1,5310.0,5322.0,1,5324.0,5304.0,5380.0,5300.0,102.0,542844.0,12324
2023-05-09 21:06:17,TA2311,TA311,5314.0,0.0,0.0,0.0,1,5310.0,5320.0,1,5324.0,5304.0,5380.0,5300.0,102.0,542844.0,12324
2023-05-09 21:06:21,TA2311,TA311,5314.0,0.0,0.0,0.0,1,5310.0,5320.0,2,5324.0,5304.0,5380.0,5300.0,102.0,542844.0,12324
2023-05-09 21:06:22,TA2311,TA311,5314.0,0.0,0.0,0.0,1,5310.0,5318.0,1,5324.0,5304.0,5380.0,5300.0,102.0,542844.0,12324
2023-05-09 21:06:24,TA2311,TA311,5314.0,0.0,0.0,0.0,1,5312.0,5318.0,1,5324.0,5304.0,5380.0,5300.0,102.0,542844.0,12324
2023-05-09 21:06:25,TA2311,TA311,5314.0,0.0,0.0,0.0,1,5312.0,5318.0,2,5324.0,5304.0,5380.0,5300.0,102.0,542844.0,12324
2023-05-09 21:06:27,TA2311,TA311,5314.0,0.0,0.0,0.0,1,5310.0,5318.0,2,5324.0,5304.0,5380.0,5300.0,102.0,542844.0,12324
2023-05-09 21:06:27,TA2311,TA311,5314.0,0.0,0.0,0.0,1,5310.0,5316.0,1,5324.0,5304.0,5380.0,5300.0,102.0,542844.0,12324
2023-05-09 21:06:30,TA2311,TA311,5314.0,0.0,0.0,0.0,2,5308.0,5314.0,1,5324.0,5304.0,5380.0,5300.0,102.0,542844.0,12324
2023-05-09 21:06:30,TA2311,TA311,5314.0,0.0,0.0,0.0,2,5308.0,5316.0,1,5324.0,5304.0,5380.0,5300.0,102.0,542844.0,12324
2023-05-09 21:06:31,TA2311,TA311,5314.0,0.0,0.0,0.0,1,5310.0,5316.0,1,5324.0,5304.0,5380.0,5300.0,102.0,542844.0,12324
2023-05-09 21:06:33,TA2311,TA311,5314.0,0.0,0.0,0.0,1,5310.0,5316.0,2,5324.0,5304.0,5380.0,5300.0,102.0,542844.0,12324
2023-05-09 21:06:37,TA2311,TA311,5314.0,0.0,0.0,0.0,1,5310.0,5316.0,1,5324.0,5304.0,5380.0,5300.0,102.0,542844.0,12324
2023-05-09 21:06:37,TA2311,TA311,5314.0,0.0,0.0,0.0,1,5310.0,5316.0,2,5324.0,5304.0,5380.0,5300.0,102.0,542844.0,12324
2023-05-09 21:06:39,TA2311,TA311,5314.0,0.0,0.0,0.0,1,5310.0,5316.0,1,5324.0,5304.0,5380.0,5300.0,102.0,542844.0,12324
2023-05-09 21:06:39,TA2311,TA311,5314.0,0.0,0.0,0.0,1,5310.0,5316.0,2,5324.0,5304.0,5380.0,5300.0,102.0,542844.0,12324
2023-05-09 21:06:44,TA2311,TA311,5314.0,0.0,0.0,0.0,1,5310.0,5316.0,1,5324.0,5304.0,5380.0,5300.0,102.0,542844.0,12324
2023-05-09 21:06:45,TA2311,TA311,5312.0,1.0,5322.0,1.0,1,5310.0,5318.0,1,5324.0,5304.0,5380.0,5300.0,103.0,548166.0,12325
2023-05-09 21:06:49,TA2311,TA311,5312.0,0.0,0.0,0.0,1,5310.0,5316.0,1,5324.0,5304.0,5380.0,5300.0,103.0,548166.0,12325
2023-05-09 21:06:51,TA2311,TA311,5312.0,0.0,0.0,0.0,2,5308.0,5316.0,1,5324.0,5304.0,5380.0,5300.0,103.0,548166.0,12325
2023-05-09 21:06:55,TA2311,TA311,5312.0,0.0,0.0,0.0,1,5310.0,5316.0,1,5324.0,5304.0,5380.0,5300.0,103.0,548166.0,12325
2023-05-09 21:06:55,TA2311,TA311,5312.0,0.0,0.0,0.0,2,5308.0,5316.0,1,5324.0,5304.0,5380.0,5300.0,103.0,548166.0,12325
2023-05-09 21:07:03,TA2311,TA311,5312.0,0.0,0.0,0.0,1,5310.0,5316.0,1,5324.0,5304.0,5380.0,5300.0,103.0,548166.0,12325
2023-05-09 21:07:04,TA2311,TA311,5312.0,0.0,0.0,0.0,2,5308.0,5316.0,1,5324.0,5304.0,5380.0,5300.0,103.0,548166.0,12325
2023-05-09 21:07:06,TA2311,TA311,5312.0,0.0,0.0,0.0,1,5310.0,5318.0,1,5324.0,5304.0,5380.0,5300.0,103.0,548166.0,12325
2023-05-09 21:07:07,TA2311,TA311,5312.0,0.0,0.0,0.0,1,5310.0,5320.0,1,5324.0,5304.0,5380.0,5300.0,103.0,548166.0,12325
2023-05-09 21:07:07,TA2311,TA311,5312.0,0.0,0.0,0.0,1,5310.0,5318.0,1,5324.0,5304.0,5380.0,5300.0,103.0,548166.0,12325
2023-05-09 21:07:08,TA2311,TA311,5312.0,0.0,0.0,0.0,1,5310.0,5318.0,2,5324.0,5304.0,5380.0,5300.0,103.0,548166.0,12325
2023-05-09 21:07:10,TA2311,TA311,5312.0,0.0,0.0,0.0,2,5308.0,5316.0,1,5324.0,5304.0,5380.0,5300.0,103.0,548166.0,12325
2023-05-09 21:07:15,TA2311,TA311,5312.0,0.0,0.0,0.0,2,5308.0,5314.0,1,5324.0,5304.0,5380.0,5300.0,103.0,548166.0,12325
2023-05-09 21:07:15,TA2311,TA311,5312.0,0.0,0.0,0.0,1,5308.0,5314.0,1,5324.0,5304.0,5380.0,5300.0,103.0,548166.0,12325
2023-05-09 21:07:17,TA2311,TA311,5312.0,0.0,0.0,0.0,1,5306.0,5314.0,1,5324.0,5304.0,5380.0,5300.0,103.0,548166.0,12325
2023-05-09 21:07:17,TA2311,TA311,5312.0,0.0,0.0,0.0,1,5306.0,5312.0,1,5324.0,5304.0,5380.0,5300.0,103.0,548166.0,12325
2023-05-09 21:07:18,TA2311,TA311,5312.0,0.0,0.0,0.0,1,5306.0,5314.0,1,5324.0,5304.0,5380.0,5300.0,103.0,548166.0,12325
2023-05-09 21:07:24,TA2311,TA311,5312.0,0.0,0.0,0.0,1,5308.0,5314.0,1,5324.0,5304.0,5380.0,5300.0,103.0,548166.0,12325
2023-05-09 21:07:24,TA2311,TA311,5312.0,0.0,0.0,0.0,1,5306.0,5314.0,1,5324.0,5304.0,5380.0,5300.0,103.0,548166.0,12325
2023-05-09 21:07:30,TA2311,TA311,5312.0,0.0,0.0,0.0,2,5304.0,5312.0,1,5324.0,5304.0,5380.0,5300.0,103.0,548166.0,12325
2023-05-09 21:07:30,TA2311,TA311,5312.0,0.0,0.0,0.0,2,5304.0,5318.0,2,5324.0,5304.0,5380.0,5300.0,103.0,548166.0,12325
2023-05-09 21:07:31,TA2311,TA311,5312.0,0.0,0.0,0.0,2,5304.0,5310.0,1,5324.0,5304.0,5380.0,5300.0,103.0,548166.0,12325
2023-05-09 21:07:32,TA2311,TA311,5312.0,0.0,0.0,0.0,1,5306.0,5310.0,1,5324.0,5304.0,5380.0,5300.0,103.0,548166.0,12325
2023-05-09 21:07:34,TA2311,TA311,5312.0,0.0,0.0,0.0,2,5306.0,5310.0,1,5324.0,5304.0,5380.0,5300.0,103.0,548166.0,12325
2023-05-09 21:07:35,TA2311,TA311,5306.0,1.0,5322.0,1.0,1,5306.0,5310.0,1,5324.0,5304.0,5380.0,5300.0,104.0,553488.0,12326
2023-05-09 21:07:40,TA2311,TA311,5306.0,0.0,0.0,0.0,2,5304.0,5310.0,1,5324.0,5304.0,5380.0,5300.0,104.0,553488.0,12326
2023-05-09 21:07:49,TA2311,TA311,5306.0,0.0,0.0,0.0,2,5302.0,5310.0,1,5324.0,5304.0,5380.0,5300.0,104.0,553488.0,12326
2023-05-09 21:07:49,TA2311,TA311,5306.0,0.0,0.0,0.0,1,5304.0,5308.0,1,5324.0,5304.0,5380.0,5300.0,104.0,553488.0,12326
2023-05-09 21:07:53,TA2311,TA311,5306.0,0.0,0.0,0.0,1,5306.0,5310.0,1,5324.0,5304.0,5380.0,5300.0,104.0,553488.0,12326
2023-05-09 21:07:53,TA2311,TA311,5306.0,0.0,0.0,0.0,1,5304.0,5310.0,1,5324.0,5304.0,5380.0,5300.0,104.0,553488.0,12326
2023-05-09 21:07:54,TA2311,TA311,5306.0,0.0,0.0,0.0,1,5306.0,5310.0,1,5324.0,5304.0,5380.0,5300.0,104.0,553488.0,12326
2023-05-09 21:07:57,TA2311,TA311,5306.0,0.0,0.0,0.0,1,5308.0,5310.0,1,5324.0,5304.0,5380.0,5300.0,104.0,553488.0,12326
2023-05-09 21:07:58,TA2311,TA311,5310.0,1.0,5112.0,1.0,1,5308.0,5312.0,1,5324.0,5304.0,5380.0,5300.0,105.0,558600.0,12327
2023-05-09 21:07:58,TA2311,TA311,5310.0,0.0,0.0,0.0,2,5308.0,5312.0,1,5324.0,5304.0,5380.0,5300.0,105.0,558600.0,12327
2023-05-09 21:08:03,TA2311,TA311,5310.0,0.0,0.0,0.0,1,5310.0,5314.0,1,5324.0,5304.0,5380.0,5300.0,105.0,558600.0,12327
2023-05-09 21:08:07,TA2311,TA311,5310.0,0.0,0.0,0.0,1,5310.0,5316.0,1,5324.0,5304.0,5380.0,5300.0,105.0,558600.0,12327
2023-05-09 21:08:08,TA2311,TA311,5310.0,0.0,0.0,0.0,2,5310.0,5316.0,1,5324.0,5304.0,5380.0,5300.0,105.0,558600.0,12327
2023-05-09 21:08:12,TA2311,TA311,5310.0,0.0,0.0,0.0,2,5308.0,5316.0,1,5324.0,5304.0,5380.0,5300.0,105.0,558600.0,12327
2023-05-09 21:08:13,TA2311,TA311,5310.0,0.0,0.0,0.0,2,5306.0,5316.0,1,5324.0,5304.0,5380.0,5300.0,105.0,558600.0,12327
2023-05-09 21:08:13,TA2311,TA311,5310.0,0.0,0.0,0.0,1,5308.0,5312.0,1,5324.0,5304.0,5380.0,5300.0,105.0,558600.0,12327
2023-05-09 21:08:14,TA2311,TA311,5310.0,0.0,0.0,0.0,2,5306.0,5312.0,1,5324.0,5304.0,5380.0,5300.0,105.0,558600.0,12327
2023-05-09 21:08:16,TA2311,TA311,5310.0,0.0,0.0,0.0,1,5306.0,5312.0,1,5324.0,5304.0,5380.0,5300.0,105.0,558600.0,12327
2023-05-09 21:08:17,TA2311,TA311,5310.0,0.0,0.0,0.0,2,5306.0,5312.0,1,5324.0,5304.0,5380.0,5300.0,105.0,558600.0,12327
2023-05-09 21:08:20,TA2311,TA311,5310.0,0.0,0.0,0.0,1,5306.0,5312.0,1,5324.0,5304.0,5380.0,5300.0,105.0,558600.0,12327
2023-05-09 21:08:21,TA2311,TA311,5310.0,0.0,0.0,0.0,1,5306.0,5310.0,1,5324.0,5304.0,5380.0,5300.0,105.0,558600.0,12327
2023-05-09 21:08:24,TA2311,TA311,5310.0,0.0,0.0,0.0,1,5306.0,5312.0,1,5324.0,5304.0,5380.0,5300.0,105.0,558600.0,12327
2023-05-09 21:08:25,TA2311,TA311,5310.0,0.0,0.0,0.0,1,5308.0,5312.0,1,5324.0,5304.0,5380.0,5300.0,105.0,558600.0,12327
2023-05-09 21:08:27,TA2311,TA311,5310.0,0.0,0.0,0.0,2,5308.0,5314.0,1,5324.0,5304.0,5380.0,5300.0,105.0,558600.0,12327
2023-05-09 21:08:46,TA2311,TA311,5310.0,23.0,122360.0,6.0,1,5308.0,5310.0,1,5324.0,5304.0,5380.0,5300.0,128.0,680960.0,12333
2023-05-09 21:08:51,TA2311,TA311,5310.0,0.0,0.0,0.0,1,5304.0,5310.0,1,5324.0,5304.0,5380.0,5300.0,128.0,680960.0,12333
2023-05-09 21:08:52,TA2311,TA311,5310.0,0.0,0.0,0.0,1,5304.0,5308.0,1,5324.0,5304.0,5380.0,5300.0,128.0,680960.0,12333
2023-05-09 21:08:53,TA2311,TA311,5310.0,0.0,0.0,0.0,1,5306.0,5308.0,1,5324.0,5304.0,5380.0,5300.0,128.0,680960.0,12333
2023-05-09 21:09:01,TA2311,TA311,5310.0,2.0,10640.0,1.0,1,5306.0,5312.0,1,5324.0,5304.0,5380.0,5300.0,130.0,691600.0,12334
2023-05-09 21:09:02,TA2311,TA311,5310.0,0.0,0.0,0.0,1,5306.0,5310.0,1,5324.0,5304.0,5380.0,5300.0,130.0,691600.0,12334
2023-05-09 21:09:03,TA2311,TA311,5310.0,0.0,0.0,0.0,1,5308.0,5310.0,1,5324.0,5304.0,5380.0,5300.0,130.0,691600.0,12334
2023-05-09 21:09:03,TA2311,TA311,5310.0,0.0,0.0,0.0,1,5306.0,5310.0,1,5324.0,5304.0,5380.0,5300.0,130.0,691600.0,12334
2023-05-09 21:09:08,TA2311,TA311,5310.0,0.0,0.0,0.0,1,5308.0,5310.0,1,5324.0,5304.0,5380.0,5300.0,130.0,691600.0,12334
2023-05-09 21:09:08,TA2311,TA311,5310.0,0.0,0.0,0.0,1,5306.0,5310.0,1,5324.0,5304.0,5380.0,5300.0,130.0,691600.0,12334
2023-05-09 21:09:10,TA2311,TA311,5310.0,0.0,0.0,0.0,1,5306.0,5308.0,1,5324.0,5304.0,5380.0,5300.0,130.0,691600.0,12334
2023-05-09 21:09:12,TA2311,TA311,5310.0,0.0,0.0,0.0,1,5304.0,5308.0,1,5324.0,5304.0,5380.0,5300.0,130.0,691600.0,12334
2023-05-09 21:09:13,TA2311,TA311,5298.0,1.0,5058.0,-1.0,1,5304.0,5308.0,1,5324.0,5304.0,5380.0,5298.0,131.0,696658.0,12333
2023-05-09 21:09:28,TA2311,TA311,5298.0,0.0,0.0,0.0,1,5306.0,5308.0,1,5324.0,5304.0,5380.0,5298.0,131.0,696658.0,12333
2023-05-09 21:09:28,TA2311,TA311,5298.0,0.0,0.0,0.0,1,5306.0,5310.0,1,5324.0,5304.0,5380.0,5298.0,131.0,696658.0,12333
2023-05-09 21:09:32,TA2311,TA311,5310.0,1.0,5318.0,0.0,1,5306.0,5310.0,1,5324.0,5304.0,5380.0,5298.0,132.0,701976.0,12333
2023-05-09 21:09:32,TA2311,TA311,5300.0,1.0,5318.0,-1.0,1,5308.0,5310.0,1,5324.0,5304.0,5380.0,5298.0,133.0,707294.0,12332
2023-05-09 21:09:33,TA2311,TA311,5300.0,0.0,0.0,0.0,2,5306.0,5312.0,1,5324.0,5304.0,5380.0,5298.0,133.0,707294.0,12332
2023-05-09 21:09:35,TA2311,TA311,5300.0,0.0,0.0,0.0,1,5308.0,5312.0,1,5324.0,5304.0,5380.0,5298.0,133.0,707294.0,12332
2023-05-09 21:09:41,TA2311,TA311,5312.0,1.0,5318.0,0.0,1,5308.0,5312.0,1,5324.0,5304.0,5380.0,5298.0,134.0,712612.0,12332
2023-05-09 21:09:44,TA2311,TA311,5312.0,0.0,0.0,0.0,2,5306.0,5312.0,1,5324.0,5304.0,5380.0,5298.0,134.0,712612.0,12332
2023-05-09 21:09:46,TA2311,TA311,5312.0,0.0,0.0,0.0,1,5306.0,5312.0,1,5324.0,5304.0,5380.0,5298.0,134.0,712612.0,12332
2023-05-09 21:09:48,TA2311,TA311,5312.0,0.0,0.0,0.0,2,5304.0,5312.0,1,5324.0,5304.0,5380.0,5298.0,134.0,712612.0,12332
2023-05-09 21:09:49,TA2311,TA311,5312.0,0.0,0.0,0.0,1,5304.0,5310.0,1,5324.0,5304.0,5380.0,5298.0,134.0,712612.0,12332
2023-05-09 21:09:50,TA2311,TA311,5312.0,0.0,0.0,0.0,2,5302.0,5310.0,1,5324.0,5304.0,5380.0,5298.0,134.0,712612.0,12332
2023-05-09 21:09:51,TA2311,TA311,5312.0,0.0,0.0,0.0,1,5302.0,5308.0,1,5324.0,5304.0,5380.0,5298.0,134.0,712612.0,12332
2023-05-09 21:10:02,TA2311,TA311,5312.0,0.0,0.0,0.0,1,5304.0,5308.0,1,5324.0,5304.0,5380.0,5298.0,134.0,712612.0,12332
2023-05-09 21:10:04,TA2311,TA311,5308.0,1.0,5318.0,0.0,1,5304.0,5310.0,1,5324.0,5304.0,5380.0,5298.0,135.0,717930.0,12332
2023-05-09 21:10:06,TA2311,TA311,5308.0,0.0,0.0,0.0,1,5306.0,5310.0,1,5324.0,5304.0,5380.0,5298.0,135.0,717930.0,12332
2023-05-09 21:10:12,TA2311,TA311,5308.0,0.0,0.0,0.0,2,5304.0,5310.0,1,5324.0,5304.0,5380.0,5298.0,135.0,717930.0,12332
2023-05-09 21:10:24,TA2311,TA311,5308.0,0.0,0.0,0.0,2,5304.0,5310.0,2,5324.0,5304.0,5380.0,5298.0,135.0,717930.0,12332
2023-05-09 21:10:24,TA2311,TA311,5308.0,0.0,0.0,0.0,1,5306.0,5310.0,2,5324.0,5304.0,5380.0,5298.0,135.0,717930.0,12332
2023-05-09 21:10:26,TA2311,TA311,5310.0,1.0,5318.0,0.0,1,5306.0,5310.0,1,5324.0,5304.0,5380.0,5298.0,136.0,723248.0,12332
2023-05-09 21:10:28,TA2311,TA311,5310.0,0.0,0.0,0.0,2,5304.0,5310.0,1,5324.0,5304.0,5380.0,5298.0,136.0,723248.0,12332
2023-05-09 21:10:29,TA2311,TA311,5310.0,0.0,0.0,0.0,1,5306.0,5310.0,1,5324.0,5304.0,5380.0,5298.0,136.0,723248.0,12332
2023-05-09 21:10:31,TA2311,TA311,5310.0,1.0,5318.0,0.0,1,5306.0,5310.0,1,5324.0,5304.0,5380.0,5298.0,137.0,728566.0,12332
2023-05-09 21:10:31,TA2311,TA311,5310.0,0.0,0.0,0.0,2,5304.0,5310.0,1,5324.0,5304.0,5380.0,5298.0,137.0,728566.0,12332
2023-05-09 21:10:33,TA2311,TA311,5310.0,0.0,0.0,0.0,1,5304.0,5310.0,2,5324.0,5304.0,5380.0,5298.0,137.0,728566.0,12332
2023-05-09 21:10:34,TA2311,TA311,5310.0,0.0,0.0,0.0,2,5302.0,5310.0,2,5324.0,5304.0,5380.0,5298.0,137.0,728566.0,12332
2023-05-09 21:10:40,TA2311,TA311,5310.0,0.0,0.0,0.0,1,5304.0,5310.0,2,5324.0,5304.0,5380.0,5298.0,137.0,728566.0,12332
2023-05-09 21:10:42,TA2311,TA311,5310.0,0.0,0.0,0.0,2,5302.0,5310.0,2,5324.0,5304.0,5380.0,5298.0,137.0,728566.0,12332
2023-05-09 21:10:45,TA2311,TA311,5310.0,0.0,0.0,0.0,2,5302.0,5310.0,3,5324.0,5304.0,5380.0,5298.0,137.0,728566.0,12332
2023-05-09 21:10:45,TA2311,TA311,5310.0,0.0,0.0,0.0,2,5302.0,5308.0,1,5324.0,5304.0,5380.0,5298.0,137.0,728566.0,12332
2023-05-09 21:10:52,TA2311,TA311,5310.0,0.0,0.0,0.0,1,5302.0,5308.0,1,5324.0,5304.0,5380.0,5298.0,137.0,728566.0,12332
2023-05-09 21:10:56,TA2311,TA311,5310.0,0.0,0.0,0.0,1,5304.0,5308.0,1,5324.0,5304.0,5380.0,5298.0,137.0,728566.0,12332
2023-05-09 21:10:58,TA2311,TA311,5310.0,0.0,0.0,0.0,1,5302.0,5308.0,1,5324.0,5304.0,5380.0,5298.0,137.0,728566.0,12332
2023-05-09 21:11:00,TA2311,TA311,5310.0,0.0,0.0,0.0,1,5304.0,5308.0,1,5324.0,5304.0,5380.0,5298.0,137.0,728566.0,12332
2023-05-09 21:11:00,TA2311,TA311,5310.0,0.0,0.0,0.0,1,5302.0,5308.0,1,5324.0,5304.0,5380.0,5298.0,137.0,728566.0,12332
2023-05-09 21:11:03,TA2311,TA311,5310.0,0.0,0.0,0.0,1,5304.0,5308.0,1,5324.0,5304.0,5380.0,5298.0,137.0,728566.0,12332
2023-05-09 21:11:05,TA2311,TA311,5308.0,1.0,5318.0,0.0,1,5302.0,5310.0,2,5324.0,5304.0,5380.0,5298.0,138.0,733884.0,12332
2023-05-09 21:11:07,TA2311,TA311,5308.0,0.0,0.0,0.0,1,5304.0,5310.0,2,5324.0,5304.0,5380.0,5298.0,138.0,733884.0,12332
2023-05-09 21:11:08,TA2311,TA311,5310.0,1.0,5318.0,0.0,1,5304.0,5310.0,2,5324.0,5304.0,5380.0,5298.0,139.0,739202.0,12332
2023-05-09 21:11:28,TA2311,TA311,5310.0,0.0,0.0,0.0,2,5302.0,5310.0,2,5324.0,5304.0,5380.0,5298.0,139.0,739202.0,12332
2023-05-09 21:11:32,TA2311,TA311,5310.0,0.0,0.0,0.0,2,5302.0,5310.0,3,5324.0,5304.0,5380.0,5298.0,139.0,739202.0,12332
2023-05-09 21:11:32,TA2311,TA311,5310.0,0.0,0.0,0.0,1,5302.0,5308.0,1,5324.0,5304.0,5380.0,5298.0,139.0,739202.0,12332
2023-05-09 21:11:34,TA2311,TA311,5310.0,0.0,0.0,0.0,1,5304.0,5308.0,1,5324.0,5304.0,5380.0,5298.0,139.0,739202.0,12332
2023-05-09 21:11:35,TA2311,TA311,5310.0,0.0,0.0,0.0,1,5302.0,5308.0,1,5324.0,5304.0,5380.0,5298.0,139.0,739202.0,12332
2023-05-09 21:11:36,TA2311,TA311,5310.0,0.0,0.0,0.0,1,5304.0,5308.0,1,5324.0,5304.0,5380.0,5298.0,139.0,739202.0,12332
2023-05-09 21:11:39,TA2311,TA311,5308.0,1.0,5318.0,0.0,1,5304.0,5310.0,2,5324.0,5304.0,5380.0,5298.0,140.0,744520.0,12332
2023-05-09 21:11:41,TA2311,TA311,5308.0,0.0,0.0,0.0,1,5304.0,5310.0,3,5324.0,5304.0,5380.0,5298.0,140.0,744520.0,12332
2023-05-09 21:11:41,TA2311,TA311,5308.0,0.0,0.0,0.0,1,5302.0,5308.0,1,5324.0,5304.0,5380.0,5298.0,140.0,744520.0,12332
2023-05-09 21:11:44,TA2311,TA311,5308.0,1.0,5318.0,0.0,1,5304.0,5308.0,1,5324.0,5304.0,5380.0,5298.0,141.0,749838.0,12332
2023-05-09 21:11:49,TA2311,TA311,5308.0,1.0,5318.0,0.0,1,5304.0,5310.0,5,5324.0,5304.0,5380.0,5298.0,142.0,755156.0,12332
2023-05-09 21:11:51,TA2311,TA311,5310.0,1.0,5318.0,0.0,1,5304.0,5310.0,5,5324.0,5304.0,5380.0,5298.0,143.0,760474.0,12332
2023-05-09 21:11:56,TA2311,TA311,5310.0,1.0,5318.0,0.0,1,5306.0,5310.0,4,5324.0,5304.0,5380.0,5298.0,144.0,765792.0,12332
2023-05-09 21:11:57,TA2311,TA311,5308.0,1.0,5318.0,0.0,1,5306.0,5310.0,4,5324.0,5304.0,5380.0,5298.0,145.0,771110.0,12332
2023-05-09 21:12:00,TA2311,TA311,5308.0,0.0,0.0,0.0,1,5306.0,5310.0,2,5324.0,5304.0,5380.0,5298.0,145.0,771110.0,12332
2023-05-09 21:12:00,TA2311,TA311,5310.0,4.0,21272.0,0.0,1,5306.0,5310.0,2,5324.0,5304.0,5380.0,5298.0,149.0,792382.0,12332
2023-05-09 21:12:01,TA2311,TA311,5308.0,4.0,21272.0,0.0,1,5306.0,5308.0,1,5324.0,5304.0,5380.0,5298.0,153.0,813654.0,12332
2023-05-09 21:12:02,TA2311,TA311,5308.0,2.0,10636.0,0.0,1,5306.0,5308.0,1,5324.0,5304.0,5380.0,5298.0,155.0,824290.0,12332
2023-05-09 21:12:03,TA2311,TA311,5308.0,2.0,10636.0,0.0,1,5306.0,5308.0,1,5324.0,5304.0,5380.0,5298.0,157.0,834926.0,12332
2023-05-09 21:12:03,TA2311,TA311,5308.0,0.0,0.0,0.0,1,5304.0,5308.0,1,5324.0,5304.0,5380.0,5298.0,157.0,834926.0,12332
2023-05-09 21:12:03,TA2311,TA311,5308.0,4.0,21272.0,0.0,1,5304.0,5308.0,1,5324.0,5304.0,5380.0,5298.0,161.0,856198.0,12332
2023-05-09 21:12:04,TA2311,TA311,5308.0,0.0,0.0,0.0,1,5304.0,5306.0,1,5324.0,5304.0,5380.0,5298.0,161.0,856198.0,12332
2023-05-09 21:12:04,TA2311,TA311,5306.0,2.0,10310.0,0.0,1,5302.0,5306.0,1,5324.0,5304.0,5380.0,5298.0,163.0,866508.0,12332
2023-05-09 21:12:05,TA2311,TA311,5306.0,4.0,21264.0,0.0,1,5302.0,5306.0,1,5324.0,5304.0,5380.0,5298.0,167.0,887772.0,12332
2023-05-09 21:12:06,TA2311,TA311,5304.0,4.0,21264.0,0.0,1,5302.0,5304.0,1,5324.0,5304.0,5380.0,5298.0,171.0,909036.0,12332
2023-05-09 21:12:08,TA2311,TA311,5304.0,1.0,5316.0,0.0,1,5302.0,5304.0,1,5324.0,5304.0,5380.0,5298.0,172.0,914352.0,12332
2023-05-09 21:12:09,TA2311,TA311,5306.0,8.0,42528.0,2.0,1,5302.0,5306.0,1,5324.0,5304.0,5380.0,5298.0,180.0,956880.0,12334
2023-05-09 21:12:10,TA2311,TA311,5306.0,0.0,0.0,0.0,1,5300.0,5306.0,1,5324.0,5304.0,5380.0,5298.0,180.0,956880.0,12334
2023-05-09 21:12:10,TA2311,TA311,5304.0,2.0,10632.0,0.0,1,5302.0,5304.0,1,5324.0,5304.0,5380.0,5298.0,182.0,967512.0,12334
2023-05-09 21:12:11,TA2311,TA311,5298.0,2.0,10632.0,1.0,1,5302.0,5304.0,1,5324.0,5304.0,5380.0,5298.0,184.0,978144.0,12335
2023-05-09 21:12:11,TA2311,TA311,5302.0,3.0,15948.0,0.0,3,5302.0,5306.0,1,5324.0,5304.0,5380.0,5298.0,187.0,994092.0,12335
2023-05-09 21:12:12,TA2311,TA311,5302.0,0.0,0.0,0.0,2,5302.0,5306.0,1,5324.0,5304.0,5380.0,5298.0,187.0,994092.0,12335
2023-05-09 21:12:14,TA2311,TA311,5304.0,1.0,5316.0,-1.0,1,5304.0,5306.0,1,5324.0,5304.0,5380.0,5298.0,188.0,999408.0,12334
2023-05-09 21:12:19,TA2311,TA311,5306.0,1.0,5316.0,0.0,2,5300.0,5308.0,1,5324.0,5304.0,5380.0,5298.0,189.0,1004724.0,12334
2023-05-09 21:12:20,TA2311,TA311,5306.0,0.0,0.0,0.0,1,5302.0,5308.0,1,5324.0,5304.0,5380.0,5298.0,189.0,1004724.0,12334
2023-05-09 21:12:20,TA2311,TA311,5306.0,0.0,0.0,0.0,2,5300.0,5308.0,1,5324.0,5304.0,5380.0,5298.0,189.0,1004724.0,12334
2023-05-09 21:12:23,TA2311,TA311,5306.0,0.0,0.0,0.0,1,5302.0,5308.0,1,5324.0,5304.0,5380.0,5298.0,189.0,1004724.0,12334
2023-05-09 21:12:26,TA2311,TA311,5306.0,0.0,0.0,0.0,1,5304.0,5308.0,1,5324.0,5304.0,5380.0,5298.0,189.0,1004724.0,12334
2023-05-09 21:12:31,TA2311,TA311,5306.0,0.0,0.0,0.0,2,5302.0,5308.0,1,5324.0,5304.0,5380.0,5298.0,189.0,1004724.0,12334
2023-05-09 21:12:36,TA2311,TA311,5306.0,0.0,0.0,0.0,1,5304.0,5308.0,1,5324.0,5304.0,5380.0,5298.0,189.0,1004724.0,12334
2023-05-09 21:12:38,TA2311,TA311,5306.0,0.0,0.0,0.0,1,5302.0,5308.0,1,5324.0,5304.0,5380.0,5298.0,189.0,1004724.0,12334
2023-05-09 21:12:40,TA2311,TA311,5306.0,0.0,0.0,0.0,1,5302.0,5306.0,1,5324.0,5304.0,5380.0,5298.0,189.0,1004724.0,12334
2023-05-09 21:12:43,TA2311,TA311,5306.0,1.0,5316.0,1.0,1,5302.0,5308.0,1,5324.0,5304.0,5380.0,5298.0,190.0,1010040.0,12335
2023-05-09 21:12:43,TA2311,TA311,5306.0,1.0,5316.0,0.0,1,5302.0,5308.0,1,5324.0,5304.0,5380.0,5298.0,191.0,1015356.0,12335
2023-05-09 21:12:43,TA2311,TA311,5306.0,0.0,0.0,0.0,1,5302.0,5306.0,1,5324.0,5304.0,5380.0,5298.0,191.0,1015356.0,12335
2023-05-09 21:12:46,TA2311,TA311,5306.0,1.0,5316.0,0.0,1,5302.0,5308.0,1,5324.0,5304.0,5380.0,5298.0,192.0,1020672.0,12335
2023-05-09 21:12:46,TA2311,TA311,5306.0,0.0,0.0,0.0,1,5304.0,5308.0,1,5324.0,5304.0,5380.0,5298.0,192.0,1020672.0,12335
2023-05-09 21:12:47,TA2311,TA311,5306.0,0.0,0.0,0.0,1,5302.0,5308.0,1,5324.0,5304.0,5380.0,5298.0,192.0,1020672.0,12335
2023-05-09 21:12:49,TA2311,TA311,5306.0,0.0,0.0,0.0,1,5304.0,5308.0,1,5324.0,5304.0,5380.0,5298.0,192.0,1020672.0,12335
2023-05-09 21:12:49,TA2311,TA311,5306.0,0.0,0.0,0.0,1,5302.0,5308.0,1,5324.0,5304.0,5380.0,5298.0,192.0,1020672.0,12335
2023-05-09 21:12:49,TA2311,TA311,5306.0,0.0,0.0,0.0,1,5304.0,5308.0,1,5324.0,5304.0,5380.0,5298.0,192.0,1020672.0,12335
2023-05-09 21:12:51,TA2311,TA311,5306.0,0.0,0.0,0.0,1,5304.0,5310.0,1,5324.0,5304.0,5380.0,5298.0,192.0,1020672.0,12335
2023-05-09 21:12:54,TA2311,TA311,5306.0,0.0,0.0,0.0,1,5306.0,5312.0,1,5324.0,5304.0,5380.0,5298.0,192.0,1020672.0,12335
2023-05-09 21:12:56,TA2311,TA311,5306.0,0.0,0.0,0.0,1,5304.0,5312.0,1,5324.0,5304.0,5380.0,5298.0,192.0,1020672.0,12335
2023-05-09 21:12:58,TA2311,TA311,5306.0,0.0,0.0,0.0,1,5304.0,5312.0,2,5324.0,5304.0,5380.0,5298.0,192.0,1020672.0,12335
2023-05-09 21:12:59,TA2311,TA311,5306.0,0.0,0.0,0.0,1,5302.0,5310.0,1,5324.0,5304.0,5380.0,5298.0,192.0,1020672.0,12335
2023-05-09 21:13:00,TA2311,TA311,5306.0,0.0,0.0,0.0,1,5304.0,5310.0,1,5324.0,5304.0,5380.0,5298.0,192.0,1020672.0,12335
2023-05-09 21:13:00,TA2311,TA311,5306.0,0.0,0.0,0.0,1,5302.0,5310.0,1,5324.0,5304.0,5380.0,5298.0,192.0,1020672.0,12335
2023-05-09 21:13:03,TA2311,TA311,5306.0,0.0,0.0,0.0,5,5300.0,5310.0,2,5324.0,5304.0,5380.0,5298.0,192.0,1020672.0,12335
2023-05-09 21:13:04,TA2311,TA311,5306.0,0.0,0.0,0.0,5,5300.0,5308.0,1,5324.0,5304.0,5380.0,5298.0,192.0,1020672.0,12335
2023-05-09 21:13:05,TA2311,TA311,5306.0,0.0,0.0,0.0,4,5300.0,5308.0,2,5324.0,5304.0,5380.0,5298.0,192.0,1020672.0,12335
2023-05-09 21:13:05,TA2311,TA311,5306.0,0.0,0.0,0.0,3,5300.0,5306.0,1,5324.0,5304.0,5380.0,5298.0,192.0,1020672.0,12335
2023-05-09 21:13:06,TA2311,TA311,5306.0,0.0,0.0,0.0,4,5300.0,5306.0,1,5324.0,5304.0,5380.0,5298.0,192.0,1020672.0,12335
2023-05-09 21:13:07,TA2311,TA311,5306.0,0.0,0.0,0.0,4,5300.0,5308.0,1,5324.0,5304.0,5380.0,5298.0,192.0,1020672.0,12335
2023-05-09 21:13:07,TA2311,TA311,5306.0,0.0,0.0,0.0,1,5302.0,5308.0,1,5324.0,5304.0,5380.0,5298.0,192.0,1020672.0,12335
2023-05-09 21:13:10,TA2311,TA311,5306.0,0.0,0.0,0.0,1,5302.0,5310.0,1,5324.0,5304.0,5380.0,5298.0,192.0,1020672.0,12335
2023-05-09 21:13:14,TA2311,TA311,5306.0,0.0,0.0,0.0,1,5304.0,5310.0,1,5324.0,5304.0,5380.0,5298.0,192.0,1020672.0,12335
2023-05-09 21:13:16,TA2311,TA311,5306.0,0.0,0.0,0.0,1,5304.0,5312.0,4,5324.0,5304.0,5380.0,5298.0,192.0,1020672.0,12335
2023-05-09 21:13:17,TA2311,TA311,5306.0,0.0,0.0,0.0,1,5304.0,5312.0,1,5324.0,5304.0,5380.0,5298.0,192.0,1020672.0,12335
2023-05-09 21:13:26,TA2311,TA311,5306.0,0.0,0.0,0.0,1,5306.0,5312.0,1,5324.0,5304.0,5380.0,5298.0,192.0,1020672.0,12335
2023-05-09 21:13:27,TA2311,TA311,5306.0,0.0,0.0,0.0,1,5306.0,5314.0,1,5324.0,5304.0,5380.0,5298.0,192.0,1020672.0,12335
2023-05-09 21:13:30,TA2311,TA311,5306.0,0.0,0.0,0.0,1,5308.0,5314.0,1,5324.0,5304.0,5380.0,5298.0,192.0,1020672.0,12335
2023-05-09 21:13:31,TA2311,TA311,5306.0,0.0,0.0,0.0,1,5306.0,5314.0,1,5324.0,5304.0,5380.0,5298.0,192.0,1020672.0,12335
2023-05-09 21:13:31,TA2311,TA311,5306.0,0.0,0.0,0.0,1,5308.0,5314.0,1,5324.0,5304.0,5380.0,5298.0,192.0,1020672.0,12335
2023-05-09 21:13:39,TA2311,TA311,5306.0,0.0,0.0,0.0,1,5306.0,5314.0,1,5324.0,5304.0,5380.0,5298.0,192.0,1020672.0,12335
2023-05-09 21:13:41,TA2311,TA311,5306.0,0.0,0.0,0.0,1,5308.0,5314.0,1,5324.0,5304.0,5380.0,5298.0,192.0,1020672.0,12335
2023-05-09 21:13:46,TA2311,TA311,5306.0,0.0,0.0,0.0,1,5310.0,5314.0,1,5324.0,5304.0,5380.0,5298.0,192.0,1020672.0,12335
2023-05-09 21:13:48,TA2311,TA311,5306.0,0.0,0.0,0.0,1,5308.0,5314.0,1,5324.0,5304.0,5380.0,5298.0,192.0,1020672.0,12335
2023-05-09 21:13:49,TA2311,TA311,5306.0,0.0,0.0,0.0,1,5306.0,5314.0,1,5324.0,5304.0,5380.0,5298.0,192.0,1020672.0,12335
2023-05-09 21:13:50,TA2311,TA311,5306.0,0.0,0.0,0.0,1,5310.0,5314.0,1,5324.0,5304.0,5380.0,5298.0,192.0,1020672.0,12335
2023-05-09 21:13:53,TA2311,TA311,5306.0,0.0,0.0,0.0,1,5308.0,5314.0,2,5324.0,5304.0,5380.0,5298.0,192.0,1020672.0,12335
2023-05-09 21:13:54,TA2311,TA311,5306.0,0.0,0.0,0.0,1,5308.0,5312.0,1,5324.0,5304.0,5380.0,5298.0,192.0,1020672.0,12335
2023-05-09 21:13:56,TA2311,TA311,5306.0,0.0,0.0,0.0,1,5310.0,5312.0,1,5324.0,5304.0,5380.0,5298.0,192.0,1020672.0,12335
2023-05-09 21:13:56,TA2311,TA311,5306.0,0.0,0.0,0.0,1,5308.0,5312.0,1,5324.0,5304.0,5380.0,5298.0,192.0,1020672.0,12335
2023-05-09 21:13:57,TA2311,TA311,5306.0,0.0,0.0,0.0,1,5310.0,5312.0,1,5324.0,5304.0,5380.0,5298.0,192.0,1020672.0,12335
2023-05-09 21:13:59,TA2311,TA311,5306.0,0.0,0.0,0.0,1,5308.0,5312.0,1,5324.0,5304.0,5380.0,5298.0,192.0,1020672.0,12335
2023-05-09 21:14:00,TA2311,TA311,5306.0,0.0,0.0,0.0,1,5308.0,5310.0,1,5324.0,5304.0,5380.0,5298.0,192.0,1020672.0,12335
2023-05-09 21:14:02,TA2311,TA311,5306.0,0.0,0.0,0.0,1,5306.0,5310.0,1,5324.0,5304.0,5380.0,5298.0,192.0,1020672.0,12335
2023-05-09 21:14:02,TA2311,TA311,5306.0,0.0,0.0,0.0,1,5308.0,5310.0,1,5324.0,5304.0,5380.0,5298.0,192.0,1020672.0,12335
2023-05-09 21:14:10,TA2311,TA311,5310.0,1.0,5316.0,0.0,1,5308.0,5312.0,1,5324.0,5304.0,5380.0,5298.0,193.0,1025988.0,12335
2023-05-09 21:14:18,TA2311,TA311,5310.0,1.0,5316.0,0.0,1,5308.0,5310.0,1,5324.0,5304.0,5380.0,5298.0,194.0,1031304.0,12335
2023-05-09 21:14:19,TA2311,TA311,5310.0,1.0,5316.0,1.0,1,5308.0,5312.0,2,5324.0,5304.0,5380.0,5298.0,195.0,1036620.0,12336
2023-05-09 21:14:20,TA2311,TA311,5316.0,2.0,10632.0,1.0,1,5308.0,5312.0,2,5324.0,5304.0,5380.0,5298.0,197.0,1047252.0,12337
2023-05-09 21:14:20,TA2311,TA311,5316.0,2.0,10632.0,1.0,1,5308.0,5312.0,1,5324.0,5304.0,5380.0,5298.0,199.0,1057884.0,12338
2023-05-09 21:14:21,TA2311,TA311,5316.0,2.0,10632.0,1.0,1,5308.0,5314.0,2,5324.0,5304.0,5380.0,5298.0,201.0,1068516.0,12339
2023-05-09 21:14:23,TA2311,TA311,5312.0,3.0,15948.0,3.0,1,5308.0,5314.0,2,5324.0,5304.0,5380.0,5298.0,204.0,1084464.0,12342
2023-05-09 21:14:24,TA2311,TA311,5310.0,3.0,15948.0,0.0,1,5310.0,5314.0,2,5324.0,5304.0,5380.0,5298.0,207.0,1100412.0,12342
2023-05-09 21:14:25,TA2311,TA311,5314.0,2.0,10632.0,1.0,1,5310.0,5314.0,2,5324.0,5304.0,5380.0,5298.0,209.0,1111044.0,12343
2023-05-09 21:14:25,TA2311,TA311,5314.0,0.0,0.0,0.0,1,5308.0,5312.0,1,5324.0,5304.0,5380.0,5298.0,209.0,1111044.0,12343
2023-05-09 21:14:26,TA2311,TA311,5314.0,2.0,10632.0,1.0,1,5308.0,5312.0,1,5324.0,5304.0,5380.0,5298.0,211.0,1121676.0,12344
2023-05-09 21:14:26,TA2311,TA311,5314.0,2.0,10632.0,1.0,1,5308.0,5312.0,1,5324.0,5304.0,5380.0,5298.0,213.0,1132308.0,12345
2023-05-09 21:14:27,TA2311,TA311,5314.0,0.0,0.0,0.0,1,5310.0,5314.0,2,5324.0,5304.0,5380.0,5298.0,213.0,1132308.0,12345
2023-05-09 21:14:27,TA2311,TA311,5314.0,2.0,10632.0,1.0,1,5310.0,5314.0,3,5324.0,5304.0,5380.0,5298.0,215.0,1142940.0,12346
2023-05-09 21:14:29,TA2311,TA311,5314.0,0.0,0.0,0.0,1,5310.0,5312.0,1,5324.0,5304.0,5380.0,5298.0,215.0,1142940.0,12346
2023-05-09 21:14:29,TA2311,TA311,5314.0,0.0,0.0,0.0,1,5308.0,5312.0,1,5324.0,5304.0,5380.0,5298.0,215.0,1142940.0,12346
2023-05-09 21:14:35,TA2311,TA311,5310.0,3.0,15948.0,3.0,1,5308.0,5312.0,1,5324.0,5304.0,5380.0,5298.0,218.0,1158888.0,12349
2023-05-09 21:14:36,TA2311,TA311,5308.0,3.0,15506.0,0.0,1,5308.0,5312.0,1,5324.0,5304.0,5380.0,5298.0,221.0,1174394.0,12349
2023-05-09 21:14:39,TA2311,TA311,5308.0,0.0,0.0,0.0,1,5310.0,5312.0,1,5324.0,5304.0,5380.0,5298.0,221.0,1174394.0,12349
2023-05-09 21:14:40,TA2311,TA311,5310.0,2.0,10628.0,1.0,2,5306.0,5314.0,3,5324.0,5304.0,5380.0,5298.0,223.0,1185022.0,12350
2023-05-09 21:14:40,TA2311,TA311,5314.0,3.0,15942.0,2.0,2,5304.0,5314.0,3,5324.0,5304.0,5380.0,5298.0,226.0,1200964.0,12352
2023-05-09 21:14:41,TA2311,TA311,5306.0,2.0,11084.0,1.0,1,5306.0,5314.0,3,5324.0,5304.0,5380.0,5298.0,228.0,1212048.0,12353
2023-05-09 21:14:44,TA2311,TA311,5306.0,2.0,10632.0,1.0,1,5306.0,5314.0,3,5324.0,5304.0,5380.0,5298.0,230.0,1222680.0,12354
2023-05-09 21:14:46,TA2311,TA311,5310.0,3.0,15482.0,3.0,1,5306.0,5314.0,3,5324.0,5304.0,5380.0,5298.0,233.0,1238162.0,12357
2023-05-09 21:14:47,TA2311,TA311,5308.0,3.0,15942.0,0.0,1,5306.0,5314.0,3,5324.0,5304.0,5380.0,5298.0,236.0,1254104.0,12357
2023-05-09 21:14:48,TA2311,TA311,5306.0,1.0,5314.0,1.0,4,5300.0,5314.0,2,5324.0,5304.0,5380.0,5298.0,237.0,1259418.0,12358
2023-05-09 21:14:49,TA2311,TA311,5306.0,0.0,0.0,0.0,1,5302.0,5312.0,1,5324.0,5304.0,5380.0,5298.0,237.0,1259418.0,12358
2023-05-09 21:14:49,TA2311,TA311,5306.0,0.0,0.0,0.0,1,5302.0,5310.0,1,5324.0,5304.0,5380.0,5298.0,237.0,1259418.0,12358
2023-05-09 21:14:50,TA2311,TA311,5302.0,2.0,10628.0,1.0,1,5302.0,5310.0,1,5324.0,5304.0,5380.0,5298.0,239.0,1270046.0,12359
2023-05-09 21:14:50,TA2311,TA311,5302.0,2.0,10628.0,1.0,1,5302.0,5310.0,1,5324.0,5304.0,5380.0,5298.0,241.0,1280674.0,12360
2023-05-09 21:14:51,TA2311,TA311,5302.0,2.0,10628.0,1.0,1,5302.0,5310.0,2,5324.0,5304.0,5380.0,5298.0,243.0,1291302.0,12361
2023-05-09 21:14:52,TA2311,TA311,5310.0,4.0,21256.0,3.0,1,5302.0,5310.0,1,5324.0,5304.0,5380.0,5298.0,247.0,1312558.0,12364
2023-05-09 21:14:52,TA2311,TA311,5310.0,0.0,0.0,0.0,1,5302.0,5308.0,1,5324.0,5304.0,5380.0,5298.0,247.0,1312558.0,12364
2023-05-09 21:14:53,TA2311,TA311,5310.0,7.0,37198.0,6.0,1,5302.0,5308.0,1,5324.0,5304.0,5380.0,5298.0,254.0,1349756.0,12370
2023-05-09 21:14:53,TA2311,TA311,5302.0,2.0,10628.0,1.0,1,5302.0,5308.0,1,5324.0,5304.0,5380.0,5298.0,256.0,1360384.0,12371
2023-05-09 21:14:53,TA2311,TA311,5302.0,0.0,0.0,0.0,2,5302.0,5308.0,1,5324.0,5304.0,5380.0,5298.0,256.0,1360384.0,12371
2023-05-09 21:14:54,TA2311,TA311,5300.0,3.0,15942.0,2.0,4,5300.0,5308.0,2,5324.0,5304.0,5380.0,5298.0,259.0,1376326.0,12373
2023-05-09 21:14:55,TA2311,TA311,5300.0,5.0,26570.0,1.0,1,5302.0,5308.0,1,5324.0,5304.0,5380.0,5298.0,264.0,1402896.0,12374
2023-05-09 21:14:55,TA2311,TA311,5300.0,2.0,10628.0,1.0,1,5302.0,5308.0,1,5324.0,5304.0,5380.0,5298.0,266.0,1413524.0,12375
2023-05-09 21:14:56,TA2311,TA311,5308.0,4.0,21256.0,1.0,1,5304.0,5310.0,4,5324.0,5304.0,5380.0,5298.0,270.0,1434780.0,12376
2023-05-09 21:14:58,TA2311,TA311,5300.0,1.0,5314.0,0.0,1,5304.0,5310.0,4,5324.0,5304.0,5380.0,5298.0,271.0,1440094.0,12376
2023-05-09 21:14:58,TA2311,TA311,5310.0,2.0,10628.0,0.0,1,5304.0,5310.0,2,5324.0,5304.0,5380.0,5298.0,273.0,1450722.0,12376
2023-05-09 21:14:59,TA2311,TA311,5310.0,0.0,0.0,0.0,1,5306.0,5310.0,2,5324.0,5304.0,5380.0,5298.0,273.0,1450722.0,12376
2023-05-09 21:14:59,TA2311,TA311,5310.0,0.0,0.0,0.0,1,5306.0,5312.0,1,5324.0,5304.0,5380.0,5298.0,273.0,1450722.0,12376
2023-05-09 21:15:02,TA2311,TA311,5308.0,2.0,10628.0,0.0,1,5306.0,5312.0,1,5324.0,5304.0,5380.0,5298.0,275.0,1461350.0,12376
2023-05-09 21:15:04,TA2311,TA311,5308.0,0.0,0.0,0.0,1,5308.0,5312.0,1,5324.0,5304.0,5380.0,5298.0,275.0,1461350.0,12376
2023-05-09 21:15:06,TA2311,TA311,5308.0,0.0,0.0,0.0,1,5310.0,5312.0,1,5324.0,5304.0,5380.0,5298.0,275.0,1461350.0,12376
2023-05-09 21:15:09,TA2311,TA311,5312.0,1.0,5314.0,0.0,1,5306.0,5314.0,2,5324.0,5304.0,5380.0,5298.0,276.0,1466664.0,12376
2023-05-09 21:15:09,TA2311,TA311,5312.0,0.0,0.0,0.0,1,5308.0,5314.0,2,5324.0,5304.0,5380.0,5298.0,276.0,1466664.0,12376
2023-05-09 21:15:10,TA2311,TA311,5312.0,0.0,0.0,0.0,1,5302.0,5310.0,1,5324.0,5304.0,5380.0,5298.0,276.0,1466664.0,12376
2023-05-09 21:15:10,TA2311,TA311,5312.0,0.0,0.0,0.0,1,5302.0,5308.0,1,5324.0,5304.0,5380.0,5298.0,276.0,1466664.0,12376
2023-05-09 21:15:10,TA2311,TA311,5312.0,0.0,0.0,0.0,1,5302.0,5310.0,1,5324.0,5304.0,5380.0,5298.0,276.0,1466664.0,12376
2023-05-09 21:15:12,TA2311,TA311,5300.0,3.0,15942.0,2.0,3,5300.0,5308.0,2,5324.0,5304.0,5380.0,5298.0,279.0,1482606.0,12378
2023-05-09 21:15:13,TA2311,TA311,5300.0,0.0,0.0,0.0,1,5302.0,5308.0,1,5324.0,5304.0,5380.0,5298.0,279.0,1482606.0,12378
2023-05-09 21:15:16,TA2311,TA311,5300.0,1.0,5314.0,0.0,1,5302.0,5308.0,1,5324.0,5304.0,5380.0,5298.0,280.0,1487920.0,12378
2023-05-09 21:15:16,TA2311,TA311,5300.0,0.0,0.0,0.0,1,5304.0,5308.0,1,5324.0,5304.0,5380.0,5298.0,280.0,1487920.0,12378
2023-05-09 21:15:17,TA2311,TA311,5300.0,0.0,0.0,0.0,1,5302.0,5308.0,1,5324.0,5304.0,5380.0,5298.0,280.0,1487920.0,12378
2023-05-09 21:15:17,TA2311,TA311,5300.0,0.0,0.0,0.0,1,5304.0,5308.0,1,5324.0,5304.0,5380.0,5298.0,280.0,1487920.0,12378
2023-05-09 21:15:23,TA2311,TA311,5312.0,2.0,10628.0,1.0,1,5304.0,5308.0,1,5324.0,5304.0,5380.0,5298.0,282.0,1498548.0,12379
2023-05-09 21:15:27,TA2311,TA311,5312.0,0.0,0.0,0.0,1,5306.0,5308.0,1,5324.0,5304.0,5380.0,5298.0,282.0,1498548.0,12379
2023-05-09 21:15:27,TA2311,TA311,5308.0,1.0,5314.0,0.0,2,5300.0,5310.0,1,5324.0,5304.0,5380.0,5298.0,283.0,1503862.0,12379
2023-05-09 21:15:37,TA2311,TA311,5314.0,2.0,10628.0,0.0,2,5300.0,5312.0,2,5324.0,5304.0,5380.0,5298.0,285.0,1514490.0,12379
2023-05-09 21:15:38,TA2311,TA311,5314.0,0.0,0.0,0.0,2,5300.0,5312.0,5,5324.0,5304.0,5380.0,5298.0,285.0,1514490.0,12379
2023-05-09 21:15:41,TA2311,TA311,5314.0,0.0,0.0,0.0,2,5300.0,5312.0,2,5324.0,5304.0,5380.0,5298.0,285.0,1514490.0,12379
2023-05-09 21:15:42,TA2311,TA311,5314.0,0.0,0.0,0.0,3,5300.0,5312.0,2,5324.0,5304.0,5380.0,5298.0,285.0,1514490.0,12379
2023-05-09 21:15:43,TA2311,TA311,5314.0,0.0,0.0,0.0,3,5300.0,5312.0,1,5324.0,5304.0,5380.0,5298.0,285.0,1514490.0,12379
2023-05-09 21:15:44,TA2311,TA311,5314.0,0.0,0.0,0.0,3,5300.0,5312.0,2,5324.0,5304.0,5380.0,5298.0,285.0,1514490.0,12379
2023-05-09 21:15:44,TA2311,TA311,5314.0,0.0,0.0,0.0,3,5300.0,5312.0,1,5324.0,5304.0,5380.0,5298.0,285.0,1514490.0,12379
2023-05-09 21:15:45,TA2311,TA311,5314.0,0.0,0.0,0.0,3,5300.0,5312.0,2,5324.0,5304.0,5380.0,5298.0,285.0,1514490.0,12379
2023-05-09 21:15:46,TA2311,TA311,5310.0,3.0,15942.0,3.0,3,5300.0,5312.0,2,5324.0,5304.0,5380.0,5298.0,288.0,1530432.0,12382
2023-05-09 21:15:47,TA2311,TA311,5310.0,0.0,0.0,0.0,3,5300.0,5310.0,3,5324.0,5304.0,5380.0,5298.0,288.0,1530432.0,12382
2023-05-09 21:15:48,TA2311,TA311,5310.0,0.0,0.0,0.0,3,5308.0,5310.0,3,5324.0,5304.0,5380.0,5298.0,288.0,1530432.0,12382
2023-05-09 21:15:50,TA2311,TA311,5310.0,0.0,0.0,0.0,3,5308.0,5312.0,1,5324.0,5304.0,5380.0,5298.0,288.0,1530432.0,12382
2023-05-09 21:15:54,TA2311,TA311,5310.0,0.0,0.0,0.0,3,5310.0,5312.0,1,5324.0,5304.0,5380.0,5298.0,288.0,1530432.0,12382
2023-05-09 21:16:03,TA2311,TA311,5310.0,3.0,15942.0,0.0,4,5300.0,5312.0,1,5324.0,5304.0,5380.0,5298.0,291.0,1546374.0,12382
2023-05-09 21:16:06,TA2311,TA311,5310.0,0.0,0.0,0.0,1,5302.0,5312.0,1,5324.0,5304.0,5380.0,5298.0,291.0,1546374.0,12382
2023-05-09 21:16:18,TA2311,TA311,5310.0,0.0,0.0,0.0,1,5304.0,5312.0,1,5324.0,5304.0,5380.0,5298.0,291.0,1546374.0,12382
2023-05-09 21:16:22,TA2311,TA311,5312.0,1.0,5314.0,0.0,1,5304.0,5314.0,3,5324.0,5304.0,5380.0,5298.0,292.0,1551688.0,12382
2023-05-09 21:16:23,TA2311,TA311,5312.0,0.0,0.0,0.0,1,5304.0,5316.0,1,5324.0,5304.0,5380.0,5298.0,292.0,1551688.0,12382
2023-05-09 21:16:24,TA2311,TA311,5300.0,1.0,5314.0,0.0,1,5304.0,5316.0,1,5324.0,5304.0,5380.0,5298.0,293.0,1557002.0,12382
2023-05-09 21:16:41,TA2311,TA311,5300.0,0.0,0.0,0.0,1,5306.0,5316.0,1,5324.0,5304.0,5380.0,5298.0,293.0,1557002.0,12382
2023-05-09 21:16:43,TA2311,TA311,5300.0,0.0,0.0,0.0,1,5304.0,5316.0,1,5324.0,5304.0,5380.0,5298.0,293.0,1557002.0,12382
2023-05-09 21:16:46,TA2311,TA311,5300.0,0.0,0.0,0.0,1,5302.0,5316.0,1,5324.0,5304.0,5380.0,5298.0,293.0,1557002.0,12382
2023-05-09 21:16:47,TA2311,TA311,5300.0,0.0,0.0,0.0,3,5300.0,5316.0,1,5324.0,5304.0,5380.0,5298.0,293.0,1557002.0,12382
2023-05-09 21:16:47,TA2311,TA311,5300.0,0.0,0.0,0.0,1,5302.0,5316.0,1,5324.0,5304.0,5380.0,5298.0,293.0,1557002.0,12382
2023-05-09 21:16:53,TA2311,TA311,5300.0,0.0,0.0,0.0,3,5306.0,5316.0,1,5324.0,5304.0,5380.0,5298.0,293.0,1557002.0,12382
2023-05-09 21:17:03,TA2311,TA311,5300.0,0.0,0.0,0.0,3,5300.0,5316.0,1,5324.0,5304.0,5380.0,5298.0,293.0,1557002.0,12382
2023-05-09 21:17:05,TA2311,TA311,5300.0,0.0,0.0,0.0,1,5304.0,5316.0,1,5324.0,5304.0,5380.0,5298.0,293.0,1557002.0,12382
2023-05-09 21:17:06,TA2311,TA311,5300.0,0.0,0.0,0.0,1,5302.0,5316.0,1,5324.0,5304.0,5380.0,5298.0,293.0,1557002.0,12382
2023-05-09 21:17:10,TA2311,TA311,5300.0,0.0,0.0,0.0,1,5302.0,5314.0,3,5324.0,5304.0,5380.0,5298.0,293.0,1557002.0,12382
2023-05-09 21:17:10,TA2311,TA311,5300.0,0.0,0.0,0.0,2,5302.0,5314.0,3,5324.0,5304.0,5380.0,5298.0,293.0,1557002.0,12382
2023-05-09 21:17:12,TA2311,TA311,5300.0,0.0,0.0,0.0,1,5302.0,5314.0,3,5324.0,5304.0,5380.0,5298.0,293.0,1557002.0,12382
2023-05-09 21:17:15,TA2311,TA311,5300.0,0.0,0.0,0.0,1,5302.0,5316.0,1,5324.0,5304.0,5380.0,5298.0,293.0,1557002.0,12382
2023-05-09 21:17:20,TA2311,TA311,5300.0,0.0,0.0,0.0,3,5300.0,5316.0,1,5324.0,5304.0,5380.0,5298.0,293.0,1557002.0,12382
2023-05-09 21:17:21,TA2311,TA311,5300.0,0.0,0.0,0.0,1,5304.0,5316.0,1,5324.0,5304.0,5380.0,5298.0,293.0,1557002.0,12382
2023-05-09 21:17:24,TA2311,TA311,5300.0,0.0,0.0,0.0,1,5304.0,5316.0,2,5324.0,5304.0,5380.0,5298.0,293.0,1557002.0,12382
2023-05-09 21:17:25,TA2311,TA311,5300.0,0.0,0.0,0.0,1,5304.0,5316.0,1,5324.0,5304.0,5380.0,5298.0,293.0,1557002.0,12382
2023-05-09 21:17:31,TA2311,TA311,5300.0,0.0,0.0,0.0,1,5304.0,5316.0,2,5324.0,5304.0,5380.0,5298.0,293.0,1557002.0,12382
2023-05-09 21:17:32,TA2311,TA311,5300.0,0.0,0.0,0.0,1,5304.0,5316.0,1,5324.0,5304.0,5380.0,5298.0,293.0,1557002.0,12382
2023-05-09 21:17:35,TA2311,TA311,5300.0,0.0,0.0,0.0,1,5304.0,5316.0,2,5324.0,5304.0,5380.0,5298.0,293.0,1557002.0,12382
2023-05-09 21:17:41,TA2311,TA311,5300.0,0.0,0.0,0.0,1,5304.0,5314.0,1,5324.0,5304.0,5380.0,5298.0,293.0,1557002.0,12382
2023-05-09 21:17:46,TA2311,TA311,5300.0,0.0,0.0,0.0,1,5304.0,5310.0,1,5324.0,5304.0,5380.0,5298.0,293.0,1557002.0,12382
2023-05-09 21:17:50,TA2311,TA311,5300.0,0.0,0.0,0.0,1,5304.0,5312.0,1,5324.0,5304.0,5380.0,5298.0,293.0,1557002.0,12382
2023-05-09 21:17:51,TA2311,TA311,5300.0,0.0,0.0,0.0,1,5304.0,5310.0,1,5324.0,5304.0,5380.0,5298.0,293.0,1557002.0,12382
2023-05-09 21:18:05,TA2311,TA311,5300.0,0.0,0.0,0.0,1,5304.0,5312.0,1,5324.0,5304.0,5380.0,5298.0,293.0,1557002.0,12382
2023-05-09 21:18:06,TA2311,TA311,5300.0,0.0,0.0,0.0,2,5304.0,5312.0,1,5324.0,5304.0,5380.0,5298.0,293.0,1557002.0,12382
2023-05-09 21:18:06,TA2311,TA311,5300.0,0.0,0.0,0.0,2,5304.0,5310.0,1,5324.0,5304.0,5380.0,5298.0,293.0,1557002.0,12382
2023-05-09 21:18:07,TA2311,TA311,5300.0,0.0,0.0,0.0,1,5304.0,5310.0,1,5324.0,5304.0,5380.0,5298.0,293.0,1557002.0,12382
2023-05-09 21:18:08,TA2311,TA311,5300.0,0.0,0.0,0.0,1,5304.0,5308.0,1,5324.0,5304.0,5380.0,5298.0,293.0,1557002.0,12382
2023-05-09 21:18:08,TA2311,TA311,5300.0,0.0,0.0,0.0,1,5304.0,5310.0,1,5324.0,5304.0,5380.0,5298.0,293.0,1557002.0,12382
2023-05-09 21:18:40,TA2311,TA311,5300.0,0.0,0.0,0.0,2,5300.0,5310.0,1,5324.0,5304.0,5380.0,5298.0,293.0,1557002.0,12382
2023-05-09 21:18:40,TA2311,TA311,5300.0,0.0,0.0,0.0,1,5302.0,5310.0,1,5324.0,5304.0,5380.0,5298.0,293.0,1557002.0,12382
2023-05-09 21:18:44,TA2311,TA311,5300.0,0.0,0.0,0.0,1,5302.0,5308.0,1,5324.0,5304.0,5380.0,5298.0,293.0,1557002.0,12382
2023-05-09 21:19:01,TA2311,TA311,5300.0,0.0,0.0,0.0,1,5302.0,5306.0,1,5324.0,5304.0,5380.0,5298.0,293.0,1557002.0,12382
2023-05-09 21:19:02,TA2311,TA311,5300.0,0.0,0.0,0.0,2,5300.0,5306.0,1,5324.0,5304.0,5380.0,5298.0,293.0,1557002.0,12382
2023-05-09 21:19:04,TA2311,TA311,5300.0,0.0,0.0,0.0,2,5300.0,5308.0,2,5324.0,5304.0,5380.0,5298.0,293.0,1557002.0,12382
2023-05-09 21:19:05,TA2311,TA311,5300.0,0.0,0.0,0.0,2,5300.0,5306.0,1,5324.0,5304.0,5380.0,5298.0,293.0,1557002.0,12382
2023-05-09 21:19:28,TA2311,TA311,5300.0,0.0,0.0,0.0,3,5300.0,5306.0,1,5324.0,5304.0,5380.0,5298.0,293.0,1557002.0,12382
2023-05-09 21:19:30,TA2311,TA311,5300.0,0.0,0.0,0.0,3,5300.0,5304.0,1,5324.0,5304.0,5380.0,5298.0,293.0,1557002.0,12382
2023-05-09 21:19:31,TA2311,TA311,5300.0,0.0,0.0,0.0,2,5300.0,5304.0,1,5324.0,5304.0,5380.0,5298.0,293.0,1557002.0,12382
2023-05-09 21:19:41,TA2311,TA311,5300.0,0.0,0.0,0.0,2,5300.0,5306.0,1,5324.0,5304.0,5380.0,5298.0,293.0,1557002.0,12382
2023-05-09 21:19:42,TA2311,TA311,5306.0,3.0,15942.0,3.0,2,5300.0,5306.0,1,5324.0,5304.0,5380.0,5298.0,296.0,1572944.0,12385
2023-05-09 21:19:44,TA2311,TA311,5306.0,0.0,0.0,0.0,3,5304.0,5306.0,1,5324.0,5304.0,5380.0,5298.0,296.0,1572944.0,12385
2023-05-09 21:19:44,TA2311,TA311,5304.0,1.0,5314.0,0.0,2,5304.0,5308.0,4,5324.0,5304.0,5380.0,5298.0,297.0,1578258.0,12385
2023-05-09 21:19:46,TA2311,TA311,5304.0,0.0,0.0,0.0,2,5304.0,5308.0,1,5324.0,5304.0,5380.0,5298.0,297.0,1578258.0,12385
2023-05-09 21:20:01,TA2311,TA311,5304.0,2.0,10628.0,-1.0,2,5300.0,5308.0,2,5324.0,5304.0,5380.0,5298.0,299.0,1588886.0,12384
2023-05-09 21:20:03,TA2311,TA311,5304.0,0.0,0.0,0.0,2,5300.0,5308.0,1,5324.0,5304.0,5380.0,5298.0,299.0,1588886.0,12384
2023-05-09 21:20:04,TA2311,TA311,5304.0,0.0,0.0,0.0,2,5300.0,5308.0,2,5324.0,5304.0,5380.0,5298.0,299.0,1588886.0,12384
2023-05-09 21:20:06,TA2311,TA311,5304.0,0.0,0.0,0.0,2,5300.0,5308.0,1,5324.0,5304.0,5380.0,5298.0,299.0,1588886.0,12384
2023-05-09 21:20:08,TA2311,TA311,5304.0,0.0,0.0,0.0,3,5300.0,5308.0,1,5324.0,5304.0,5380.0,5298.0,299.0,1588886.0,12384
2023-05-09 21:20:17,TA2311,TA311,5304.0,0.0,0.0,0.0,3,5300.0,5308.0,2,5324.0,5304.0,5380.0,5298.0,299.0,1588886.0,12384
2023-05-09 21:20:18,TA2311,TA311,5304.0,0.0,0.0,0.0,2,5300.0,5308.0,2,5324.0,5304.0,5380.0,5298.0,299.0,1588886.0,12384
2023-05-09 21:20:25,TA2311,TA311,5304.0,0.0,0.0,0.0,2,5300.0,5306.0,3,5324.0,5304.0,5380.0,5298.0,299.0,1588886.0,12384
2023-05-09 21:20:39,TA2311,TA311,5300.0,1.0,5314.0,1.0,1,5300.0,5306.0,3,5324.0,5304.0,5380.0,5298.0,300.0,1594200.0,12385
2023-05-09 21:20:41,TA2311,TA311,5300.0,0.0,0.0,0.0,1,5300.0,5304.0,1,5324.0,5304.0,5380.0,5298.0,300.0,1594200.0,12385
2023-05-09 21:20:43,TA2311,TA311,5300.0,1.0,5314.0,1.0,1,5296.0,5304.0,1,5324.0,5304.0,5380.0,5298.0,301.0,1599514.0,12386
2023-05-09 21:20:44,TA2311,TA311,5300.0,0.0,0.0,0.0,1,5296.0,5304.0,4,5324.0,5304.0,5380.0,5298.0,301.0,1599514.0,12386
2023-05-09 21:20:47,TA2311,TA311,5300.0,0.0,0.0,0.0,1,5296.0,5304.0,1,5324.0,5304.0,5380.0,5298.0,301.0,1599514.0,12386
2023-05-09 21:20:49,TA2311,TA311,5300.0,0.0,0.0,0.0,1,5298.0,5304.0,1,5324.0,5304.0,5380.0,5298.0,301.0,1599514.0,12386
2023-05-09 21:20:54,TA2311,TA311,5300.0,0.0,0.0,0.0,1,5296.0,5304.0,1,5324.0,5304.0,5380.0,5298.0,301.0,1599514.0,12386
2023-05-09 21:21:03,TA2311,TA311,5300.0,0.0,0.0,0.0,1,5296.0,5304.0,2,5324.0,5304.0,5380.0,5298.0,301.0,1599514.0,12386
2023-05-09 21:21:03,TA2311,TA311,5300.0,0.0,0.0,0.0,1,5296.0,5304.0,3,5324.0,5304.0,5380.0,5298.0,301.0,1599514.0,12386
2023-05-09 21:21:05,TA2311,TA311,5300.0,0.0,0.0,0.0,1,5296.0,5302.0,1,5324.0,5304.0,5380.0,5298.0,301.0,1599514.0,12386
2023-05-09 21:21:10,TA2311,TA311,5300.0,0.0,0.0,0.0,1,5296.0,5304.0,2,5324.0,5304.0,5380.0,5298.0,301.0,1599514.0,12386
2023-05-09 21:21:11,TA2311,TA311,5300.0,0.0,0.0,0.0,1,5296.0,5302.0,1,5324.0,5304.0,5380.0,5298.0,301.0,1599514.0,12386
2023-05-09 21:21:15,TA2311,TA311,5300.0,0.0,0.0,0.0,1,5288.0,5302.0,1,5324.0,5304.0,5380.0,5298.0,301.0,1599514.0,12386
2023-05-09 21:21:16,TA2311,TA311,5300.0,0.0,0.0,0.0,1,5286.0,5300.0,2,5324.0,5304.0,5380.0,5298.0,301.0,1599514.0,12386
2023-05-09 21:21:17,TA2311,TA311,5300.0,0.0,0.0,0.0,1,5288.0,5300.0,1,5324.0,5304.0,5380.0,5298.0,301.0,1599514.0,12386
2023-05-09 21:21:20,TA2311,TA311,5300.0,0.0,0.0,0.0,1,5290.0,5300.0,1,5324.0,5304.0,5380.0,5298.0,301.0,1599514.0,12386
2023-05-09 21:21:21,TA2311,TA311,5300.0,0.0,0.0,0.0,1,5288.0,5300.0,1,5324.0,5304.0,5380.0,5298.0,301.0,1599514.0,12386
2023-05-09 21:21:23,TA2311,TA311,5300.0,0.0,0.0,0.0,1,5286.0,5300.0,2,5324.0,5304.0,5380.0,5298.0,301.0,1599514.0,12386
2023-05-09 21:21:25,TA2311,TA311,5300.0,0.0,0.0,0.0,1,5284.0,5298.0,1,5324.0,5304.0,5380.0,5298.0,301.0,1599514.0,12386
2023-05-09 21:21:26,TA2311,TA311,5300.0,0.0,0.0,0.0,1,5286.0,5300.0,2,5324.0,5304.0,5380.0,5298.0,301.0,1599514.0,12386
2023-05-09 21:21:30,TA2311,TA311,5300.0,0.0,0.0,0.0,1,5288.0,5300.0,2,5324.0,5304.0,5380.0,5298.0,301.0,1599514.0,12386
2023-05-09 21:21:33,TA2311,TA311,5300.0,0.0,0.0,0.0,1,5288.0,5298.0,1,5324.0,5304.0,5380.0,5298.0,301.0,1599514.0,12386
2023-05-09 21:21:36,TA2311,TA311,5300.0,0.0,0.0,0.0,1,5288.0,5298.0,4,5324.0,5304.0,5380.0,5298.0,301.0,1599514.0,12386
2023-05-09 21:21:39,TA2311,TA311,5300.0,0.0,0.0,0.0,1,5288.0,5298.0,3,5324.0,5304.0,5380.0,5298.0,301.0,1599514.0,12386
2023-05-09 21:21:47,TA2311,TA311,5300.0,0.0,0.0,0.0,1,5288.0,5298.0,4,5324.0,5304.0,5380.0,5298.0,301.0,1599514.0,12386
2023-05-09 21:21:48,TA2311,TA311,5300.0,0.0,0.0,0.0,1,5288.0,5296.0,1,5324.0,5304.0,5380.0,5298.0,301.0,1599514.0,12386
2023-05-09 21:21:52,TA2311,TA311,5288.0,1.0,5314.0,-1.0,1,5284.0,5296.0,1,5324.0,5304.0,5380.0,5288.0,302.0,1604828.0,12385
2023-05-09 21:21:53,TA2311,TA311,5288.0,0.0,0.0,0.0,1,5284.0,5294.0,1,5324.0,5304.0,5380.0,5288.0,302.0,1604828.0,12385
2023-05-09 21:21:58,TA2311,TA311,5288.0,0.0,0.0,0.0,2,5282.0,5294.0,1,5324.0,5304.0,5380.0,5288.0,302.0,1604828.0,12385
2023-05-09 21:21:59,TA2311,TA311,5288.0,0.0,0.0,0.0,2,5282.0,5292.0,1,5324.0,5304.0,5380.0,5288.0,302.0,1604828.0,12385
2023-05-09 21:22:00,TA2311,TA311,5288.0,0.0,0.0,0.0,1,5282.0,5290.0,1,5324.0,5304.0,5380.0,5288.0,302.0,1604828.0,12385
2023-05-09 21:22:01,TA2311,TA311,5288.0,0.0,0.0,0.0,2,5282.0,5290.0,1,5324.0,5304.0,5380.0,5288.0,302.0,1604828.0,12385
2023-05-09 21:22:05,TA2311,TA311,5288.0,0.0,0.0,0.0,1,5282.0,5290.0,1,5324.0,5304.0,5380.0,5288.0,302.0,1604828.0,12385
2023-05-09 21:22:06,TA2311,TA311,5288.0,0.0,0.0,0.0,2,5282.0,5290.0,1,5324.0,5304.0,5380.0,5288.0,302.0,1604828.0,12385
2023-05-09 21:22:07,TA2311,TA311,5288.0,0.0,0.0,0.0,1,5282.0,5290.0,1,5324.0,5304.0,5380.0,5288.0,302.0,1604828.0,12385
2023-05-09 21:22:08,TA2311,TA311,5288.0,0.0,0.0,0.0,1,5282.0,5290.0,2,5324.0,5304.0,5380.0,5288.0,302.0,1604828.0,12385
2023-05-09 21:22:09,TA2311,TA311,5288.0,0.0,0.0,0.0,2,5282.0,5290.0,2,5324.0,5304.0,5380.0,5288.0,302.0,1604828.0,12385
2023-05-09 21:22:09,TA2311,TA311,5288.0,0.0,0.0,0.0,1,5282.0,5290.0,1,5324.0,5304.0,5380.0,5288.0,302.0,1604828.0,12385
2023-05-09 21:22:10,TA2311,TA311,5288.0,0.0,0.0,0.0,1,5282.0,5290.0,2,5324.0,5304.0,5380.0,5288.0,302.0,1604828.0,12385
2023-05-09 21:22:10,TA2311,TA311,5288.0,0.0,0.0,0.0,1,5282.0,5290.0,1,5324.0,5304.0,5380.0,5288.0,302.0,1604828.0,12385
2023-05-09 21:22:15,TA2311,TA311,5288.0,0.0,0.0,0.0,1,5282.0,5290.0,2,5324.0,5304.0,5380.0,5288.0,302.0,1604828.0,12385
2023-05-09 21:22:17,TA2311,TA311,5288.0,0.0,0.0,0.0,1,5282.0,5290.0,1,5324.0,5304.0,5380.0,5288.0,302.0,1604828.0,12385
2023-05-09 21:22:17,TA2311,TA311,5288.0,0.0,0.0,0.0,1,5284.0,5290.0,1,5324.0,5304.0,5380.0,5288.0,302.0,1604828.0,12385
2023-05-09 21:22:19,TA2311,TA311,5288.0,0.0,0.0,0.0,1,5284.0,5290.0,2,5324.0,5304.0,5380.0,5288.0,302.0,1604828.0,12385
2023-05-09 21:22:19,TA2311,TA311,5288.0,0.0,0.0,0.0,1,5284.0,5290.0,1,5324.0,5304.0,5380.0,5288.0,302.0,1604828.0,12385
2023-05-09 21:22:19,TA2311,TA311,5288.0,0.0,0.0,0.0,1,5284.0,5290.0,2,5324.0,5304.0,5380.0,5288.0,302.0,1604828.0,12385
2023-05-09 21:22:20,TA2311,TA311,5288.0,0.0,0.0,0.0,1,5284.0,5290.0,1,5324.0,5304.0,5380.0,5288.0,302.0,1604828.0,12385
2023-05-09 21:22:28,TA2311,TA311,5288.0,0.0,0.0,0.0,1,5284.0,5290.0,2,5324.0,5304.0,5380.0,5288.0,302.0,1604828.0,12385
2023-05-09 21:22:29,TA2311,TA311,5288.0,0.0,0.0,0.0,1,5284.0,5290.0,3,5324.0,5304.0,5380.0,5288.0,302.0,1604828.0,12385
2023-05-09 21:22:30,TA2311,TA311,5284.0,1.0,5314.0,0.0,1,5282.0,5290.0,2,5324.0,5304.0,5380.0,5284.0,303.0,1610142.0,12385
2023-05-09 21:22:31,TA2311,TA311,5284.0,0.0,0.0,0.0,1,5282.0,5290.0,1,5324.0,5304.0,5380.0,5284.0,303.0,1610142.0,12385
2023-05-09 21:22:32,TA2311,TA311,5284.0,0.0,0.0,0.0,1,5282.0,5290.0,2,5324.0,5304.0,5380.0,5284.0,303.0,1610142.0,12385
2023-05-09 21:22:33,TA2311,TA311,5284.0,0.0,0.0,0.0,1,5282.0,5290.0,1,5324.0,5304.0,5380.0,5284.0,303.0,1610142.0,12385
2023-05-09 21:22:35,TA2311,TA311,5284.0,0.0,0.0,0.0,2,5282.0,5290.0,1,5324.0,5304.0,5380.0,5284.0,303.0,1610142.0,12385
2023-05-09 21:22:36,TA2311,TA311,5284.0,0.0,0.0,0.0,1,5282.0,5290.0,1,5324.0,5304.0,5380.0,5284.0,303.0,1610142.0,12385
2023-05-09 21:22:37,TA2311,TA311,5284.0,0.0,0.0,0.0,2,5282.0,5290.0,1,5324.0,5304.0,5380.0,5284.0,303.0,1610142.0,12385
2023-05-09 21:22:37,TA2311,TA311,5284.0,0.0,0.0,0.0,1,5282.0,5290.0,1,5324.0,5304.0,5380.0,5284.0,303.0,1610142.0,12385
2023-05-09 21:22:39,TA2311,TA311,5284.0,0.0,0.0,0.0,2,5282.0,5290.0,1,5324.0,5304.0,5380.0,5284.0,303.0,1610142.0,12385
2023-05-09 21:22:43,TA2311,TA311,5284.0,0.0,0.0,0.0,1,5282.0,5290.0,1,5324.0,5304.0,5380.0,5284.0,303.0,1610142.0,12385
2023-05-09 21:22:46,TA2311,TA311,5284.0,0.0,0.0,0.0,2,5282.0,5290.0,1,5324.0,5304.0,5380.0,5284.0,303.0,1610142.0,12385
2023-05-09 21:22:49,TA2311,TA311,5284.0,0.0,0.0,0.0,1,5282.0,5290.0,1,5324.0,5304.0,5380.0,5284.0,303.0,1610142.0,12385
2023-05-09 21:22:50,TA2311,TA311,5284.0,0.0,0.0,0.0,2,5282.0,5290.0,1,5324.0,5304.0,5380.0,5284.0,303.0,1610142.0,12385
2023-05-09 21:22:50,TA2311,TA311,5284.0,0.0,0.0,0.0,1,5282.0,5290.0,1,5324.0,5304.0,5380.0,5284.0,303.0,1610142.0,12385
2023-05-09 21:22:59,TA2311,TA311,5284.0,0.0,0.0,0.0,1,5282.0,5290.0,2,5324.0,5304.0,5380.0,5284.0,303.0,1610142.0,12385
2023-05-09 21:23:01,TA2311,TA311,5284.0,0.0,0.0,0.0,1,5282.0,5290.0,1,5324.0,5304.0,5380.0,5284.0,303.0,1610142.0,12385
2023-05-09 21:23:03,TA2311,TA311,5284.0,0.0,0.0,0.0,1,5282.0,5290.0,2,5324.0,5304.0,5380.0,5284.0,303.0,1610142.0,12385
2023-05-09 21:23:03,TA2311,TA311,5284.0,0.0,0.0,0.0,1,5282.0,5290.0,1,5324.0,5304.0,5380.0,5284.0,303.0,1610142.0,12385
2023-05-09 21:23:04,TA2311,TA311,5284.0,0.0,0.0,0.0,1,5282.0,5290.0,2,5324.0,5304.0,5380.0,5284.0,303.0,1610142.0,12385
2023-05-09 21:23:12,TA2311,TA311,5284.0,0.0,0.0,0.0,1,5282.0,5290.0,3,5324.0,5304.0,5380.0,5284.0,303.0,1610142.0,12385
2023-05-09 21:23:29,TA2311,TA311,5284.0,0.0,0.0,0.0,1,5282.0,5290.0,2,5324.0,5304.0,5380.0,5284.0,303.0,1610142.0,12385
2023-05-09 21:23:33,TA2311,TA311,5284.0,0.0,0.0,0.0,1,5282.0,5290.0,1,5324.0,5304.0,5380.0,5284.0,303.0,1610142.0,12385
2023-05-09 21:23:35,TA2311,TA311,5284.0,0.0,0.0,0.0,1,5282.0,5290.0,2,5324.0,5304.0,5380.0,5284.0,303.0,1610142.0,12385
2023-05-09 21:23:36,TA2311,TA311,5284.0,0.0,0.0,0.0,1,5282.0,5290.0,1,5324.0,5304.0,5380.0,5284.0,303.0,1610142.0,12385
2023-05-09 21:23:36,TA2311,TA311,5284.0,0.0,0.0,0.0,1,5282.0,5290.0,2,5324.0,5304.0,5380.0,5284.0,303.0,1610142.0,12385
2023-05-09 21:23:37,TA2311,TA311,5284.0,0.0,0.0,0.0,1,5282.0,5290.0,1,5324.0,5304.0,5380.0,5284.0,303.0,1610142.0,12385
2023-05-09 21:23:44,TA2311,TA311,5284.0,0.0,0.0,0.0,2,5282.0,5290.0,1,5324.0,5304.0,5380.0,5284.0,303.0,1610142.0,12385
2023-05-09 21:24:11,TA2311,TA311,5284.0,0.0,0.0,0.0,1,5282.0,5290.0,1,5324.0,5304.0,5380.0,5284.0,303.0,1610142.0,12385
2023-05-09 21:24:19,TA2311,TA311,5284.0,0.0,0.0,0.0,2,5282.0,5290.0,1,5324.0,5304.0,5380.0,5284.0,303.0,1610142.0,12385
2023-05-09 21:24:31,TA2311,TA311,5284.0,0.0,0.0,0.0,1,5282.0,5290.0,1,5324.0,5304.0,5380.0,5284.0,303.0,1610142.0,12385
2023-05-09 21:24:34,TA2311,TA311,5284.0,0.0,0.0,0.0,1,5282.0,5290.0,2,5324.0,5304.0,5380.0,5284.0,303.0,1610142.0,12385
2023-05-09 21:24:35,TA2311,TA311,5284.0,0.0,0.0,0.0,1,5282.0,5290.0,1,5324.0,5304.0,5380.0,5284.0,303.0,1610142.0,12385
2023-05-09 21:24:38,TA2311,TA311,5284.0,0.0,0.0,0.0,1,5282.0,5290.0,2,5324.0,5304.0,5380.0,5284.0,303.0,1610142.0,12385
2023-05-09 21:24:41,TA2311,TA311,5284.0,0.0,0.0,0.0,1,5282.0,5290.0,1,5324.0,5304.0,5380.0,5284.0,303.0,1610142.0,12385
2023-05-09 21:24:41,TA2311,TA311,5284.0,0.0,0.0,0.0,1,5282.0,5290.0,2,5324.0,5304.0,5380.0,5284.0,303.0,1610142.0,12385
2023-05-09 21:24:44,TA2311,TA311,5284.0,0.0,0.0,0.0,1,5282.0,5290.0,1,5324.0,5304.0,5380.0,5284.0,303.0,1610142.0,12385
2023-05-09 21:24:44,TA2311,TA311,5284.0,0.0,0.0,0.0,1,5282.0,5290.0,2,5324.0,5304.0,5380.0,5284.0,303.0,1610142.0,12385
2023-05-09 21:24:45,TA2311,TA311,5284.0,0.0,0.0,0.0,1,5282.0,5290.0,1,5324.0,5304.0,5380.0,5284.0,303.0,1610142.0,12385
2023-05-09 21:24:55,TA2311,TA311,5284.0,0.0,0.0,0.0,1,5282.0,5290.0,2,5324.0,5304.0,5380.0,5284.0,303.0,1610142.0,12385
2023-05-09 21:24:56,TA2311,TA311,5284.0,0.0,0.0,0.0,1,5282.0,5290.0,1,5324.0,5304.0,5380.0,5284.0,303.0,1610142.0,12385
2023-05-09 21:24:59,TA2311,TA311,5284.0,0.0,0.0,0.0,2,5282.0,5290.0,1,5324.0,5304.0,5380.0,5284.0,303.0,1610142.0,12385
2023-05-09 21:25:05,TA2311,TA311,5284.0,0.0,0.0,0.0,1,5282.0,5290.0,1,5324.0,5304.0,5380.0,5284.0,303.0,1610142.0,12385
2023-05-09 21:25:31,TA2311,TA311,5284.0,0.0,0.0,0.0,1,5282.0,5290.0,2,5324.0,5304.0,5380.0,5284.0,303.0,1610142.0,12385
2023-05-09 21:25:32,TA2311,TA311,5284.0,0.0,0.0,0.0,1,5282.0,5290.0,1,5324.0,5304.0,5380.0,5284.0,303.0,1610142.0,12385
2023-05-09 21:26:03,TA2311,TA311,5284.0,0.0,0.0,0.0,1,5282.0,5290.0,2,5324.0,5304.0,5380.0,5284.0,303.0,1610142.0,12385
2023-05-09 21:26:06,TA2311,TA311,5284.0,0.0,0.0,0.0,1,5282.0,5290.0,1,5324.0,5304.0,5380.0,5284.0,303.0,1610142.0,12385
2023-05-09 21:26:06,TA2311,TA311,5284.0,0.0,0.0,0.0,2,5282.0,5290.0,1,5324.0,5304.0,5380.0,5284.0,303.0,1610142.0,12385
2023-05-09 21:26:20,TA2311,TA311,5284.0,0.0,0.0,0.0,1,5282.0,5290.0,1,5324.0,5304.0,5380.0,5284.0,303.0,1610142.0,12385
2023-05-09 21:26:22,TA2311,TA311,5284.0,0.0,0.0,0.0,2,5282.0,5290.0,1,5324.0,5304.0,5380.0,5284.0,303.0,1610142.0,12385
2023-05-09 21:26:23,TA2311,TA311,5284.0,0.0,0.0,0.0,1,5282.0,5290.0,1,5324.0,5304.0,5380.0,5284.0,303.0,1610142.0,12385
2023-05-09 21:26:27,TA2311,TA311,5284.0,0.0,0.0,0.0,2,5282.0,5290.0,1,5324.0,5304.0,5380.0,5284.0,303.0,1610142.0,12385
2023-05-09 21:26:28,TA2311,TA311,5284.0,0.0,0.0,0.0,1,5282.0,5290.0,1,5324.0,5304.0,5380.0,5284.0,303.0,1610142.0,12385
2023-05-09 21:26:30,TA2311,TA311,5284.0,0.0,0.0,0.0,1,5282.0,5290.0,2,5324.0,5304.0,5380.0,5284.0,303.0,1610142.0,12385
2023-05-09 21:26:31,TA2311,TA311,5284.0,0.0,0.0,0.0,1,5282.0,5290.0,1,5324.0,5304.0,5380.0,5284.0,303.0,1610142.0,12385
2023-05-09 21:26:32,TA2311,TA311,5284.0,0.0,0.0,0.0,1,5282.0,5290.0,2,5324.0,5304.0,5380.0,5284.0,303.0,1610142.0,12385
2023-05-09 21:26:33,TA2311,TA311,5284.0,0.0,0.0,0.0,1,5282.0,5290.0,1,5324.0,5304.0,5380.0,5284.0,303.0,1610142.0,12385
2023-05-09 21:26:34,TA2311,TA311,5284.0,0.0,0.0,0.0,1,5282.0,5290.0,2,5324.0,5304.0,5380.0,5284.0,303.0,1610142.0,12385
2023-05-09 21:26:34,TA2311,TA311,5284.0,0.0,0.0,0.0,1,5282.0,5288.0,1,5324.0,5304.0,5380.0,5284.0,303.0,1610142.0,12385
2023-05-09 21:26:38,TA2311,TA311,5288.0,1.0,5314.0,1.0,1,5282.0,5290.0,1,5324.0,5304.0,5380.0,5284.0,304.0,1615456.0,12386
2023-05-09 21:26:38,TA2311,TA311,5288.0,0.0,0.0,0.0,1,5282.0,5288.0,1,5324.0,5304.0,5380.0,5284.0,304.0,1615456.0,12386
2023-05-09 21:26:51,TA2311,TA311,5288.0,0.0,0.0,0.0,1,5282.0,5288.0,2,5324.0,5304.0,5380.0,5284.0,304.0,1615456.0,12386
2023-05-09 21:26:51,TA2311,TA311,5288.0,0.0,0.0,0.0,1,5282.0,5288.0,1,5324.0,5304.0,5380.0,5284.0,304.0,1615456.0,12386
2023-05-09 21:26:52,TA2311,TA311,5288.0,0.0,0.0,0.0,1,5282.0,5286.0,1,5324.0,5304.0,5380.0,5284.0,304.0,1615456.0,12386
2023-05-09 21:26:53,TA2311,TA311,5288.0,0.0,0.0,0.0,1,5282.0,5288.0,1,5324.0,5304.0,5380.0,5284.0,304.0,1615456.0,12386
2023-05-09 21:26:53,TA2311,TA311,5282.0,1.0,4704.0,0.0,1,5278.0,5288.0,1,5324.0,5304.0,5380.0,5282.0,305.0,1620160.0,12386
2023-05-09 21:26:55,TA2311,TA311,5282.0,0.0,0.0,0.0,1,5278.0,5286.0,1,5324.0,5304.0,5380.0,5282.0,305.0,1620160.0,12386
2023-05-09 21:26:55,TA2311,TA311,5282.0,0.0,0.0,0.0,1,5278.0,5284.0,1,5324.0,5304.0,5380.0,5282.0,305.0,1620160.0,12386
2023-05-09 21:26:56,TA2311,TA311,5282.0,0.0,0.0,0.0,1,5280.0,5284.0,1,5324.0,5304.0,5380.0,5282.0,305.0,1620160.0,12386
2023-05-09 21:26:57,TA2311,TA311,5284.0,1.0,5312.0,0.0,1,5280.0,5288.0,1,5324.0,5304.0,5380.0,5282.0,306.0,1625472.0,12386
2023-05-09 21:26:57,TA2311,TA311,5284.0,0.0,0.0,0.0,1,5280.0,5286.0,1,5324.0,5304.0,5380.0,5282.0,306.0,1625472.0,12386
2023-05-09 21:27:04,TA2311,TA311,5284.0,0.0,0.0,0.0,1,5278.0,5286.0,1,5324.0,5304.0,5380.0,5282.0,306.0,1625472.0,12386
2023-05-09 21:27:13,TA2311,TA311,5284.0,0.0,0.0,0.0,1,5280.0,5286.0,1,5324.0,5304.0,5380.0,5282.0,306.0,1625472.0,12386
2023-05-09 21:27:37,TA2311,TA311,5284.0,0.0,0.0,0.0,1,5278.0,5286.0,1,5324.0,5304.0,5380.0,5282.0,306.0,1625472.0,12386
2023-05-09 21:27:43,TA2311,TA311,5284.0,0.0,0.0,0.0,1,5280.0,5286.0,1,5324.0,5304.0,5380.0,5282.0,306.0,1625472.0,12386
2023-05-09 21:27:46,TA2311,TA311,5284.0,0.0,0.0,0.0,1,5278.0,5286.0,1,5324.0,5304.0,5380.0,5282.0,306.0,1625472.0,12386
2023-05-09 21:27:47,TA2311,TA311,5284.0,0.0,0.0,0.0,1,5280.0,5286.0,1,5324.0,5304.0,5380.0,5282.0,306.0,1625472.0,12386
2023-05-09 21:28:20,TA2311,TA311,5286.0,1.0,5312.0,0.0,1,5282.0,5288.0,1,5324.0,5304.0,5380.0,5282.0,307.0,1630784.0,12386
2023-05-09 21:28:21,TA2311,TA311,5286.0,0.0,0.0,0.0,1,5280.0,5288.0,1,5324.0,5304.0,5380.0,5282.0,307.0,1630784.0,12386
2023-05-09 21:28:21,TA2311,TA311,5286.0,0.0,0.0,0.0,1,5282.0,5288.0,1,5324.0,5304.0,5380.0,5282.0,307.0,1630784.0,12386
2023-05-09 21:28:25,TA2311,TA311,5286.0,0.0,0.0,0.0,1,5280.0,5288.0,1,5324.0,5304.0,5380.0,5282.0,307.0,1630784.0,12386
2023-05-09 21:28:26,TA2311,TA311,5280.0,5.0,26560.0,-3.0,10,5276.0,5282.0,3,5324.0,5304.0,5380.0,5280.0,312.0,1657344.0,12383
2023-05-09 21:28:26,TA2311,TA311,5280.0,0.0,0.0,0.0,3,5280.0,5288.0,1,5324.0,5304.0,5380.0,5280.0,312.0,1657344.0,12383
2023-05-09 21:28:47,TA2311,TA311,5280.0,0.0,0.0,0.0,3,5280.0,5288.0,4,5324.0,5304.0,5380.0,5280.0,312.0,1657344.0,12383
2023-05-09 21:28:50,TA2311,TA311,5280.0,0.0,0.0,0.0,3,5280.0,5288.0,1,5324.0,5304.0,5380.0,5280.0,312.0,1657344.0,12383
2023-05-09 21:29:21,TA2311,TA311,5280.0,0.0,0.0,0.0,3,5280.0,5288.0,4,5324.0,5304.0,5380.0,5280.0,312.0,1657344.0,12383
2023-05-09 21:29:39,TA2311,TA311,5288.0,1.0,5312.0,0.0,3,5280.0,5288.0,4,5324.0,5304.0,5380.0,5280.0,313.0,1662656.0,12383
2023-05-09 21:29:43,TA2311,TA311,5288.0,0.0,0.0,0.0,3,5280.0,5288.0,1,5324.0,5304.0,5380.0,5280.0,313.0,1662656.0,12383
2023-05-09 21:29:47,TA2311,TA311,5288.0,1.0,5312.0,1.0,3,5280.0,5292.0,1,5324.0,5304.0,5380.0,5280.0,314.0,1667968.0,12384
2023-05-09 21:29:48,TA2311,TA311,5288.0,0.0,0.0,0.0,3,5280.0,5290.0,1,5324.0,5304.0,5380.0,5280.0,314.0,1667968.0,12384
2023-05-09 21:29:48,TA2311,TA311,5288.0,0.0,0.0,0.0,3,5280.0,5288.0,1,5324.0,5304.0,5380.0,5280.0,314.0,1667968.0,12384
2023-05-09 21:29:50,TA2311,TA311,5288.0,0.0,0.0,0.0,3,5280.0,5286.0,1,5324.0,5304.0,5380.0,5280.0,314.0,1667968.0,12384
2023-05-09 21:29:55,TA2311,TA311,5286.0,1.0,5312.0,0.0,3,5280.0,5288.0,1,5324.0,5304.0,5380.0,5280.0,315.0,1673280.0,12384
2023-05-09 21:29:56,TA2311,TA311,5286.0,0.0,0.0,0.0,1,5286.0,5288.0,1,5324.0,5304.0,5380.0,5280.0,315.0,1673280.0,12384
2023-05-09 21:29:58,TA2311,TA311,5286.0,0.0,0.0,0.0,1,5284.0,5288.0,1,5324.0,5304.0,5380.0,5280.0,315.0,1673280.0,12384
2023-05-09 21:29:59,TA2311,TA311,5286.0,1.0,5312.0,1.0,3,5280.0,5286.0,2,5324.0,5304.0,5380.0,5280.0,316.0,1678592.0,12385
2023-05-09 21:30:00,TA2311,TA311,5286.0,0.0,0.0,0.0,3,5280.0,5286.0,5,5324.0,5304.0,5380.0,5280.0,316.0,1678592.0,12385
2023-05-09 21:30:01,TA2311,TA311,5286.0,0.0,0.0,0.0,1,5278.0,5286.0,5,5324.0,5304.0,5380.0,5280.0,316.0,1678592.0,12385
2023-05-09 21:30:02,TA2311,TA311,5282.0,1.0,5312.0,0.0,1,5278.0,5286.0,5,5324.0,5304.0,5380.0,5280.0,317.0,1683904.0,12385
2023-05-09 21:30:05,TA2311,TA311,5282.0,0.0,0.0,0.0,1,5278.0,5286.0,3,5324.0,5304.0,5380.0,5280.0,317.0,1683904.0,12385
2023-05-09 21:30:08,TA2311,TA311,5282.0,0.0,0.0,0.0,1,5282.0,5286.0,3,5324.0,5304.0,5380.0,5280.0,317.0,1683904.0,12385
2023-05-09 21:30:10,TA2311,TA311,5282.0,0.0,0.0,0.0,1,5280.0,5286.0,3,5324.0,5304.0,5380.0,5280.0,317.0,1683904.0,12385
2023-05-09 21:30:18,TA2311,TA311,5282.0,0.0,0.0,0.0,1,5280.0,5288.0,1,5324.0,5304.0,5380.0,5280.0,317.0,1683904.0,12385
2023-05-09 21:30:24,TA2311,TA311,5282.0,0.0,0.0,0.0,1,5280.0,5288.0,2,5324.0,5304.0,5380.0,5280.0,317.0,1683904.0,12385
2023-05-09 21:30:26,TA2311,TA311,5282.0,0.0,0.0,0.0,1,5282.0,5288.0,2,5324.0,5304.0,5380.0,5280.0,317.0,1683904.0,12385
2023-05-09 21:30:27,TA2311,TA311,5282.0,0.0,0.0,0.0,1,5280.0,5288.0,2,5324.0,5304.0,5380.0,5280.0,317.0,1683904.0,12385
2023-05-09 21:30:29,TA2311,TA311,5282.0,0.0,0.0,0.0,1,5278.0,5284.0,1,5324.0,5304.0,5380.0,5280.0,317.0,1683904.0,12385
2023-05-09 21:30:30,TA2311,TA311,5282.0,0.0,0.0,0.0,1,5280.0,5284.0,1,5324.0,5304.0,5380.0,5280.0,317.0,1683904.0,12385
2023-05-09 21:30:36,TA2311,TA311,5282.0,0.0,0.0,0.0,1,5278.0,5284.0,1,5324.0,5304.0,5380.0,5280.0,317.0,1683904.0,12385
2023-05-09 21:30:49,TA2311,TA311,5282.0,0.0,0.0,0.0,1,5278.0,5284.0,2,5324.0,5304.0,5380.0,5280.0,317.0,1683904.0,12385
2023-05-09 21:30:49,TA2311,TA311,5282.0,0.0,0.0,0.0,1,5278.0,5284.0,1,5324.0,5304.0,5380.0,5280.0,317.0,1683904.0,12385
2023-05-09 21:30:53,TA2311,TA311,5282.0,0.0,0.0,0.0,1,5278.0,5284.0,2,5324.0,5304.0,5380.0,5280.0,317.0,1683904.0,12385
2023-05-09 21:30:54,TA2311,TA311,5282.0,0.0,0.0,0.0,2,5276.0,5284.0,3,5324.0,5304.0,5380.0,5280.0,317.0,1683904.0,12385
2023-05-09 21:30:55,TA2311,TA311,5282.0,0.0,0.0,0.0,2,5276.0,5282.0,1,5324.0,5304.0,5380.0,5280.0,317.0,1683904.0,12385
2023-05-09 21:30:55,TA2311,TA311,5282.0,0.0,0.0,0.0,1,5276.0,5282.0,2,5324.0,5304.0,5380.0,5280.0,317.0,1683904.0,12385
2023-05-09 21:30:56,TA2311,TA311,5282.0,0.0,0.0,0.0,1,5276.0,5282.0,1,5324.0,5304.0,5380.0,5280.0,317.0,1683904.0,12385
2023-05-09 21:30:56,TA2311,TA311,5282.0,0.0,0.0,0.0,1,5276.0,5282.0,2,5324.0,5304.0,5380.0,5280.0,317.0,1683904.0,12385
2023-05-09 21:31:00,TA2311,TA311,5282.0,0.0,0.0,0.0,1,5276.0,5282.0,1,5324.0,5304.0,5380.0,5280.0,317.0,1683904.0,12385
2023-05-09 21:31:01,TA2311,TA311,5282.0,0.0,0.0,0.0,1,5276.0,5282.0,2,5324.0,5304.0,5380.0,5280.0,317.0,1683904.0,12385
2023-05-09 21:31:02,TA2311,TA311,5282.0,0.0,0.0,0.0,1,5276.0,5282.0,1,5324.0,5304.0,5380.0,5280.0,317.0,1683904.0,12385
2023-05-09 21:31:04,TA2311,TA311,5282.0,0.0,0.0,0.0,2,5276.0,5284.0,3,5324.0,5304.0,5380.0,5280.0,317.0,1683904.0,12385
2023-05-09 21:31:05,TA2311,TA311,5282.0,0.0,0.0,0.0,1,5276.0,5282.0,1,5324.0,5304.0,5380.0,5280.0,317.0,1683904.0,12385
2023-05-09 21:31:07,TA2311,TA311,5282.0,0.0,0.0,0.0,2,5276.0,5284.0,3,5324.0,5304.0,5380.0,5280.0,317.0,1683904.0,12385
2023-05-09 21:31:09,TA2311,TA311,5282.0,0.0,0.0,0.0,1,5278.0,5284.0,1,5324.0,5304.0,5380.0,5280.0,317.0,1683904.0,12385
2023-05-09 21:31:12,TA2311,TA311,5282.0,0.0,0.0,0.0,2,5276.0,5284.0,2,5324.0,5304.0,5380.0,5280.0,317.0,1683904.0,12385
2023-05-09 21:31:13,TA2311,TA311,5282.0,0.0,0.0,0.0,1,5278.0,5284.0,2,5324.0,5304.0,5380.0,5280.0,317.0,1683904.0,12385
2023-05-09 21:31:13,TA2311,TA311,5282.0,0.0,0.0,0.0,2,5276.0,5284.0,3,5324.0,5304.0,5380.0,5280.0,317.0,1683904.0,12385
2023-05-09 21:31:17,TA2311,TA311,5282.0,0.0,0.0,0.0,1,5278.0,5284.0,1,5324.0,5304.0,5380.0,5280.0,317.0,1683904.0,12385
2023-05-09 21:31:17,TA2311,TA311,5282.0,0.0,0.0,0.0,2,5276.0,5284.0,2,5324.0,5304.0,5380.0,5280.0,317.0,1683904.0,12385
2023-05-09 21:31:18,TA2311,TA311,5282.0,0.0,0.0,0.0,2,5276.0,5284.0,3,5324.0,5304.0,5380.0,5280.0,317.0,1683904.0,12385
2023-05-09 21:31:19,TA2311,TA311,5282.0,0.0,0.0,0.0,2,5276.0,5284.0,2,5324.0,5304.0,5380.0,5280.0,317.0,1683904.0,12385
2023-05-09 21:31:20,TA2311,TA311,5282.0,0.0,0.0,0.0,2,5276.0,5284.0,3,5324.0,5304.0,5380.0,5280.0,317.0,1683904.0,12385
2023-05-09 21:31:25,TA2311,TA311,5282.0,0.0,0.0,0.0,1,5278.0,5284.0,2,5324.0,5304.0,5380.0,5280.0,317.0,1683904.0,12385
2023-05-09 21:31:25,TA2311,TA311,5282.0,0.0,0.0,0.0,2,5276.0,5284.0,3,5324.0,5304.0,5380.0,5280.0,317.0,1683904.0,12385
2023-05-09 21:31:26,TA2311,TA311,5282.0,0.0,0.0,0.0,2,5276.0,5284.0,2,5324.0,5304.0,5380.0,5280.0,317.0,1683904.0,12385
2023-05-09 21:31:27,TA2311,TA311,5282.0,0.0,0.0,0.0,1,5278.0,5284.0,2,5324.0,5304.0,5380.0,5280.0,317.0,1683904.0,12385
2023-05-09 21:31:28,TA2311,TA311,5282.0,0.0,0.0,0.0,1,5278.0,5284.0,1,5324.0,5304.0,5380.0,5280.0,317.0,1683904.0,12385
2023-05-09 21:31:28,TA2311,TA311,5282.0,0.0,0.0,0.0,1,5278.0,5284.0,2,5324.0,5304.0,5380.0,5280.0,317.0,1683904.0,12385
2023-05-09 21:31:30,TA2311,TA311,5282.0,0.0,0.0,0.0,2,5276.0,5284.0,2,5324.0,5304.0,5380.0,5280.0,317.0,1683904.0,12385
2023-05-09 21:31:31,TA2311,TA311,5282.0,0.0,0.0,0.0,1,5278.0,5284.0,2,5324.0,5304.0,5380.0,5280.0,317.0,1683904.0,12385
2023-05-09 21:31:31,TA2311,TA311,5282.0,0.0,0.0,0.0,1,5278.0,5282.0,1,5324.0,5304.0,5380.0,5280.0,317.0,1683904.0,12385
2023-05-09 21:31:31,TA2311,TA311,5282.0,0.0,0.0,0.0,2,5276.0,5282.0,1,5324.0,5304.0,5380.0,5280.0,317.0,1683904.0,12385
2023-05-09 21:31:33,TA2311,TA311,5282.0,0.0,0.0,0.0,1,5278.0,5282.0,1,5324.0,5304.0,5380.0,5280.0,317.0,1683904.0,12385
2023-05-09 21:31:34,TA2311,TA311,5282.0,0.0,0.0,0.0,2,5276.0,5282.0,1,5324.0,5304.0,5380.0,5280.0,317.0,1683904.0,12385
2023-05-09 21:31:42,TA2311,TA311,5282.0,0.0,0.0,0.0,2,5276.0,5282.0,2,5324.0,5304.0,5380.0,5280.0,317.0,1683904.0,12385
2023-05-09 21:31:42,TA2311,TA311,5282.0,0.0,0.0,0.0,1,5276.0,5282.0,2,5324.0,5304.0,5380.0,5280.0,317.0,1683904.0,12385
2023-05-09 21:31:44,TA2311,TA311,5282.0,0.0,0.0,0.0,1,5276.0,5282.0,1,5324.0,5304.0,5380.0,5280.0,317.0,1683904.0,12385
2023-05-09 21:31:45,TA2311,TA311,5276.0,2.0,10624.0,1.0,1,5274.0,5282.0,1,5324.0,5304.0,5380.0,5276.0,319.0,1694528.0,12386
2023-05-09 21:31:47,TA2311,TA311,5276.0,0.0,0.0,0.0,1,5276.0,5282.0,1,5324.0,5304.0,5380.0,5276.0,319.0,1694528.0,12386
2023-05-09 21:31:48,TA2311,TA311,5276.0,0.0,0.0,0.0,1,5274.0,5282.0,1,5324.0,5304.0,5380.0,5276.0,319.0,1694528.0,12386
2023-05-09 21:31:48,TA2311,TA311,5276.0,0.0,0.0,0.0,1,5274.0,5280.0,1,5324.0,5304.0,5380.0,5276.0,319.0,1694528.0,12386
2023-05-09 21:31:49,TA2311,TA311,5276.0,0.0,0.0,0.0,1,5276.0,5280.0,1,5324.0,5304.0,5380.0,5276.0,319.0,1694528.0,12386
2023-05-09 21:31:49,TA2311,TA311,5276.0,0.0,0.0,0.0,1,5274.0,5280.0,1,5324.0,5304.0,5380.0,5276.0,319.0,1694528.0,12386
2023-05-09 21:32:00,TA2311,TA311,5276.0,0.0,0.0,0.0,1,5276.0,5280.0,1,5324.0,5304.0,5380.0,5276.0,319.0,1694528.0,12386
2023-05-09 21:32:01,TA2311,TA311,5276.0,0.0,0.0,0.0,1,5274.0,5282.0,1,5324.0,5304.0,5380.0,5276.0,319.0,1694528.0,12386
2023-05-09 21:32:01,TA2311,TA311,5276.0,0.0,0.0,0.0,1,5274.0,5282.0,2,5324.0,5304.0,5380.0,5276.0,319.0,1694528.0,12386
2023-05-09 21:32:01,TA2311,TA311,5276.0,0.0,0.0,0.0,1,5274.0,5282.0,1,5324.0,5304.0,5380.0,5276.0,319.0,1694528.0,12386
2023-05-09 21:32:02,TA2311,TA311,5276.0,0.0,0.0,0.0,1,5274.0,5280.0,1,5324.0,5304.0,5380.0,5276.0,319.0,1694528.0,12386
2023-05-09 21:32:02,TA2311,TA311,5276.0,0.0,0.0,0.0,1,5274.0,5280.0,2,5324.0,5304.0,5380.0,5276.0,319.0,1694528.0,12386
2023-05-09 21:32:02,TA2311,TA311,5276.0,0.0,0.0,0.0,1,5274.0,5280.0,1,5324.0,5304.0,5380.0,5276.0,319.0,1694528.0,12386
2023-05-09 21:32:03,TA2311,TA311,5276.0,0.0,0.0,0.0,1,5274.0,5280.0,3,5324.0,5304.0,5380.0,5276.0,319.0,1694528.0,12386
2023-05-09 21:32:05,TA2311,TA311,5276.0,0.0,0.0,0.0,1,5272.0,5280.0,3,5324.0,5304.0,5380.0,5276.0,319.0,1694528.0,12386
2023-05-09 21:32:07,TA2311,TA311,5276.0,0.0,0.0,0.0,1,5272.0,5280.0,4,5324.0,5304.0,5380.0,5276.0,319.0,1694528.0,12386
2023-05-09 21:32:07,TA2311,TA311,5276.0,0.0,0.0,0.0,1,5272.0,5280.0,3,5324.0,5304.0,5380.0,5276.0,319.0,1694528.0,12386
2023-05-09 21:32:08,TA2311,TA311,5276.0,0.0,0.0,0.0,1,5274.0,5280.0,2,5324.0,5304.0,5380.0,5276.0,319.0,1694528.0,12386
2023-05-09 21:32:10,TA2311,TA311,5276.0,0.0,0.0,0.0,1,5274.0,5280.0,3,5324.0,5304.0,5380.0,5276.0,319.0,1694528.0,12386
2023-05-09 21:32:11,TA2311,TA311,5276.0,0.0,0.0,0.0,1,5272.0,5280.0,3,5324.0,5304.0,5380.0,5276.0,319.0,1694528.0,12386
