time,symbol_id,symbol_name,last,trade_volume,trade_amount,open_interest_change,bv1,bp1,ap1,av1,yesterday_close,today_open,today_high,today_low,volume,amount,open_interest
2023-05-10 09:29:00,TF2306,TF2306,101.71,31.0,31530100.0,4.0,31,101.71,101.715,5,101.67,101.71,101.71,101.71,31.0,31530100.0,78383
2023-05-10 09:30:00,TF2306,TF2306,101.725,56.0,56965950.0,0.0,4,101.725,101.745,6,101.67,101.71,101.74,101.71,87.0,88496050.0,78383
2023-05-10 09:30:00,TF2306,TF2306,101.73,29.0,29501400.0,4.0,2,101.725,101.73,27,101.67,101.71,101.74,101.71,116.0,117997450.0,78387
2023-05-10 09:30:01,TF2306,TF2306,101.73,16.0,16276600.0,9.0,4,101.72,101.73,21,101.67,101.71,101.74,101.71,132.0,134274050.0,78396
2023-05-10 09:30:01,TF2306,TF2306,101.73,19.0,19328250.0,-3.0,4,101.72,101.73,25,101.67,101.71,101.74,101.71,151.0,153602300.0,78393
2023-05-10 09:30:02,TF2306,TF2306,101.725,5.0,5086150.0,1.0,4,101.72,101.73,44,101.67,101.71,101.74,101.71,156.0,158688450.0,78394
2023-05-10 09:30:02,TF2306,TF2306,101.725,0.0,0.0,0.0,31,101.72,101.725,4,101.67,101.71,101.74,101.71,156.0,158688450.0,78394
2023-05-10 09:30:03,TF2306,TF2306,101.72,16.0,16275550.0,1.0,22,101.72,101.725,10,101.67,101.71,101.74,101.71,172.0,174964000.0,78395
2023-05-10 09:30:03,TF2306,TF2306,101.72,14.0,14241450.0,-13.0,18,101.72,101.725,2,101.67,101.71,101.74,101.71,186.0,189205450.0,78382
2023-05-10 09:30:04,TF2306,TF2306,101.72,8.0,8137700.0,-2.0,12,101.72,101.725,24,101.67,101.71,101.74,101.71,194.0,197343150.0,78380
2023-05-10 09:30:04,TF2306,TF2306,101.725,1.0,1017250.0,0.0,12,101.72,101.725,27,101.67,101.71,101.74,101.71,195.0,198360400.0,78380
2023-05-10 09:30:05,TF2306,TF2306,101.72,5.0,5086000.0,0.0,11,101.72,101.725,30,101.67,101.71,101.74,101.71,200.0,203446400.0,78380
2023-05-10 09:30:05,TF2306,TF2306,101.725,2.0,2034500.0,0.0,25,101.72,101.725,31,101.67,101.71,101.74,101.71,202.0,205480900.0,78380
2023-05-10 09:30:06,TF2306,TF2306,101.715,28.0,28481450.0,15.0,36,101.715,101.72,2,101.67,101.71,101.74,101.71,230.0,233962350.0,78395
2023-05-10 09:30:06,TF2306,TF2306,101.72,6.0,6103200.0,3.0,33,101.715,101.72,1,101.67,101.71,101.74,101.71,236.0,240065550.0,78398
2023-05-10 09:30:07,TF2306,TF2306,101.715,5.0,5085900.0,3.0,44,101.715,101.72,4,101.67,101.71,101.74,101.71,241.0,245151450.0,78401
2023-05-10 09:30:07,TF2306,TF2306,101.72,2.0,2034350.0,0.0,29,101.715,101.72,5,101.67,101.71,101.74,101.71,243.0,247185800.0,78401
2023-05-10 09:30:08,TF2306,TF2306,101.72,10.0,10172000.0,8.0,26,101.72,101.725,79,101.67,101.71,101.74,101.71,253.0,257357800.0,78409
2023-05-10 09:30:08,TF2306,TF2306,101.725,3.0,3051650.0,0.0,35,101.72,101.725,55,101.67,101.71,101.74,101.71,256.0,260409450.0,78409
2023-05-10 09:30:09,TF2306,TF2306,101.725,57.0,57983250.0,2.0,39,101.72,101.73,55,101.67,101.71,101.74,101.71,313.0,318392700.0,78411
2023-05-10 09:30:09,TF2306,TF2306,101.725,3.0,3051800.0,3.0,3,101.725,101.73,38,101.67,101.71,101.74,101.71,316.0,321444500.0,78414
2023-05-10 09:30:10,TF2306,TF2306,101.725,7.0,7120750.0,-5.0,14,101.725,101.73,41,101.67,101.71,101.74,101.71,323.0,328565250.0,78409
2023-05-10 09:30:10,TF2306,TF2306,101.725,2.0,2034500.0,-2.0,14,101.725,101.73,43,101.67,101.71,101.74,101.71,325.0,330599750.0,78407
2023-05-10 09:30:11,TF2306,TF2306,101.725,0.0,0.0,0.0,16,101.725,101.73,45,101.67,101.71,101.74,101.71,325.0,330599750.0,78407
2023-05-10 09:30:11,TF2306,TF2306,101.725,0.0,0.0,0.0,20,101.725,101.73,46,101.67,101.71,101.74,101.71,325.0,330599750.0,78407
2023-05-10 09:30:13,TF2306,TF2306,101.725,0.0,0.0,0.0,20,101.725,101.73,49,101.67,101.71,101.74,101.71,325.0,330599750.0,78407
2023-05-10 09:30:13,TF2306,TF2306,101.725,0.0,0.0,0.0,22,101.725,101.73,49,101.67,101.71,101.74,101.71,325.0,330599750.0,78407
2023-05-10 09:30:14,TF2306,TF2306,101.73,1.0,1017300.0,1.0,22,101.725,101.73,48,101.67,101.71,101.74,101.71,326.0,331617050.0,78408
2023-05-10 09:30:14,TF2306,TF2306,101.73,0.0,0.0,0.0,22,101.725,101.73,53,101.67,101.71,101.74,101.71,326.0,331617050.0,78408
2023-05-10 09:30:15,TF2306,TF2306,101.73,1.0,1017300.0,1.0,22,101.725,101.73,52,101.67,101.71,101.74,101.71,327.0,332634350.0,78409
2023-05-10 09:30:16,TF2306,TF2306,101.73,0.0,0.0,0.0,22,101.725,101.73,55,101.67,101.71,101.74,101.71,327.0,332634350.0,78409
2023-05-10 09:30:16,TF2306,TF2306,101.73,0.0,0.0,0.0,24,101.725,101.73,55,101.67,101.71,101.74,101.71,327.0,332634350.0,78409
2023-05-10 09:30:17,TF2306,TF2306,101.725,9.0,9155250.0,-2.0,14,101.725,101.73,55,101.67,101.71,101.74,101.71,336.0,341789600.0,78407
2023-05-10 09:30:18,TF2306,TF2306,101.725,4.0,4069000.0,1.0,10,101.725,101.73,56,101.67,101.71,101.74,101.71,340.0,345858600.0,78408
2023-05-10 09:30:18,TF2306,TF2306,101.725,11.0,11189750.0,-1.0,1,101.725,101.73,56,101.67,101.71,101.74,101.71,351.0,357048350.0,78407
2023-05-10 09:30:19,TF2306,TF2306,101.725,5.0,5086250.0,1.0,48,101.72,101.725,2,101.67,101.71,101.74,101.71,356.0,362134600.0,78408
2023-05-10 09:30:19,TF2306,TF2306,101.725,9.0,9155250.0,1.0,28,101.72,101.73,84,101.67,101.71,101.74,101.71,365.0,371289850.0,78409
2023-05-10 09:30:20,TF2306,TF2306,101.725,0.0,0.0,0.0,34,101.72,101.725,1,101.67,101.71,101.74,101.71,365.0,371289850.0,78409
2023-05-10 09:30:20,TF2306,TF2306,101.725,1.0,1017250.0,0.0,28,101.72,101.73,85,101.67,101.71,101.74,101.71,366.0,372307100.0,78409
2023-05-10 09:30:21,TF2306,TF2306,101.725,0.0,0.0,0.0,36,101.72,101.73,55,101.67,101.71,101.74,101.71,366.0,372307100.0,78409
2023-05-10 09:30:21,TF2306,TF2306,101.725,0.0,0.0,0.0,39,101.72,101.725,1,101.67,101.71,101.74,101.71,366.0,372307100.0,78409
2023-05-10 09:30:22,TF2306,TF2306,101.725,1.0,1017250.0,1.0,39,101.72,101.725,2,101.67,101.71,101.74,101.71,367.0,373324350.0,78410
2023-05-10 09:30:22,TF2306,TF2306,101.725,2.0,2034500.0,-1.0,8,101.725,101.73,92,101.67,101.71,101.74,101.71,369.0,375358850.0,78409
2023-05-10 09:30:23,TF2306,TF2306,101.725,1.0,1017250.0,0.0,14,101.725,101.73,59,101.67,101.71,101.74,101.71,370.0,376376100.0,78409
2023-05-10 09:30:23,TF2306,TF2306,101.73,10.0,10172900.0,6.0,18,101.725,101.73,51,101.67,101.71,101.74,101.71,380.0,386549000.0,78415
2023-05-10 09:30:24,TF2306,TF2306,101.73,0.0,0.0,0.0,21,101.725,101.73,51,101.67,101.71,101.74,101.71,380.0,386549000.0,78415
2023-05-10 09:30:24,TF2306,TF2306,101.73,4.0,4069200.0,2.0,24,101.725,101.73,47,101.67,101.71,101.74,101.71,384.0,390618200.0,78417
2023-05-10 09:30:25,TF2306,TF2306,101.73,0.0,0.0,0.0,28,101.725,101.73,44,101.67,101.71,101.74,101.71,384.0,390618200.0,78417
2023-05-10 09:30:25,TF2306,TF2306,101.73,44.0,44761200.0,7.0,31,101.725,101.73,3,101.67,101.71,101.74,101.71,428.0,435379400.0,78424
2023-05-10 09:30:26,TF2306,TF2306,101.73,3.0,3051900.0,0.0,1,101.73,101.735,51,101.67,101.71,101.74,101.71,431.0,438431300.0,78424
2023-05-10 09:30:26,TF2306,TF2306,101.725,16.0,16276500.0,5.0,54,101.725,101.73,1,101.67,101.71,101.74,101.71,447.0,454707800.0,78429
2023-05-10 09:30:27,TF2306,TF2306,101.73,2.0,2034600.0,0.0,25,101.725,101.73,1,101.67,101.71,101.74,101.71,449.0,456742400.0,78429
2023-05-10 09:30:27,TF2306,TF2306,101.73,24.0,24414150.0,-13.0,10,101.725,101.73,17,101.67,101.71,101.74,101.71,473.0,481156550.0,78416
2023-05-10 09:30:28,TF2306,TF2306,101.73,0.0,0.0,0.0,10,101.725,101.73,24,101.67,101.71,101.74,101.71,473.0,481156550.0,78416
2023-05-10 09:30:28,TF2306,TF2306,101.73,0.0,0.0,0.0,11,101.725,101.73,26,101.67,101.71,101.74,101.71,473.0,481156550.0,78416
2023-05-10 09:30:29,TF2306,TF2306,101.73,0.0,0.0,0.0,11,101.725,101.73,28,101.67,101.71,101.74,101.71,473.0,481156550.0,78416
2023-05-10 09:30:29,TF2306,TF2306,101.73,0.0,0.0,0.0,11,101.725,101.73,29,101.67,101.71,101.74,101.71,473.0,481156550.0,78416
2023-05-10 09:30:30,TF2306,TF2306,101.725,5.0,5086250.0,5.0,6,101.725,101.73,30,101.67,101.71,101.74,101.71,478.0,486242800.0,78421
2023-05-10 09:30:30,TF2306,TF2306,101.725,0.0,0.0,0.0,15,101.725,101.73,30,101.67,101.71,101.74,101.71,478.0,486242800.0,78421
2023-05-10 09:30:31,TF2306,TF2306,101.725,0.0,0.0,0.0,15,101.725,101.73,32,101.67,101.71,101.74,101.71,478.0,486242800.0,78421
2023-05-10 09:30:35,TF2306,TF2306,101.73,4.0,4069050.0,4.0,11,101.725,101.73,31,101.67,101.71,101.74,101.71,482.0,490311850.0,78425
2023-05-10 09:30:36,TF2306,TF2306,101.73,0.0,0.0,0.0,14,101.725,101.73,31,101.67,101.71,101.74,101.71,482.0,490311850.0,78425
2023-05-10 09:30:36,TF2306,TF2306,101.73,0.0,0.0,0.0,16,101.725,101.73,31,101.67,101.71,101.74,101.71,482.0,490311850.0,78425
2023-05-10 09:30:37,TF2306,TF2306,101.73,0.0,0.0,0.0,16,101.725,101.73,33,101.67,101.71,101.74,101.71,482.0,490311850.0,78425
2023-05-10 09:30:37,TF2306,TF2306,101.73,0.0,0.0,0.0,18,101.725,101.73,33,101.67,101.71,101.74,101.71,482.0,490311850.0,78425
2023-05-10 09:30:38,TF2306,TF2306,101.73,0.0,0.0,0.0,19,101.725,101.73,33,101.67,101.71,101.74,101.71,482.0,490311850.0,78425
2023-05-10 09:30:38,TF2306,TF2306,101.73,0.0,0.0,0.0,21,101.725,101.73,33,101.67,101.71,101.74,101.71,482.0,490311850.0,78425
2023-05-10 09:30:39,TF2306,TF2306,101.725,1.0,1017250.0,1.0,20,101.725,101.73,33,101.67,101.71,101.74,101.71,483.0,491329100.0,78426
2023-05-10 09:30:40,TF2306,TF2306,101.73,2.0,2034600.0,1.0,20,101.725,101.73,31,101.67,101.71,101.74,101.71,485.0,493363700.0,78427
2023-05-10 09:30:40,TF2306,TF2306,101.73,0.0,0.0,0.0,20,101.725,101.73,32,101.67,101.71,101.74,101.71,485.0,493363700.0,78427
2023-05-10 09:30:42,TF2306,TF2306,101.73,0.0,0.0,0.0,20,101.725,101.73,43,101.67,101.71,101.74,101.71,485.0,493363700.0,78427
2023-05-10 09:30:44,TF2306,TF2306,101.73,0.0,0.0,0.0,41,101.725,101.73,43,101.67,101.71,101.74,101.71,485.0,493363700.0,78427
2023-05-10 09:30:44,TF2306,TF2306,101.73,0.0,0.0,0.0,45,101.725,101.73,51,101.67,101.71,101.74,101.71,485.0,493363700.0,78427
2023-05-10 09:30:45,TF2306,TF2306,101.73,0.0,0.0,0.0,39,101.725,101.73,51,101.67,101.71,101.74,101.71,485.0,493363700.0,78427
2023-05-10 09:30:46,TF2306,TF2306,101.73,0.0,0.0,0.0,46,101.725,101.73,51,101.67,101.71,101.74,101.71,485.0,493363700.0,78427
2023-05-10 09:30:46,TF2306,TF2306,101.725,3.0,3051750.0,3.0,43,101.725,101.73,51,101.67,101.71,101.74,101.71,488.0,496415450.0,78430
2023-05-10 09:30:47,TF2306,TF2306,101.725,3.0,3051750.0,1.0,37,101.725,101.73,51,101.67,101.71,101.74,101.71,491.0,499467200.0,78431
2023-05-10 09:30:47,TF2306,TF2306,101.73,3.0,3051900.0,-2.0,39,101.725,101.73,48,101.67,101.71,101.74,101.71,494.0,502519100.0,78429
2023-05-10 09:30:48,TF2306,TF2306,101.73,0.0,0.0,0.0,41,101.725,101.73,48,101.67,101.71,101.74,101.71,494.0,502519100.0,78429
2023-05-10 09:30:48,TF2306,TF2306,101.73,0.0,0.0,0.0,42,101.725,101.73,48,101.67,101.71,101.74,101.71,494.0,502519100.0,78429
2023-05-10 09:30:50,TF2306,TF2306,101.725,42.0,42724500.0,-16.0,53,101.72,101.725,3,101.67,101.71,101.74,101.71,536.0,545243600.0,78413
2023-05-10 09:30:50,TF2306,TF2306,101.72,4.0,4068900.0,-1.0,22,101.72,101.725,6,101.67,101.71,101.74,101.71,540.0,549312500.0,78412
2023-05-10 09:30:51,TF2306,TF2306,101.72,0.0,0.0,0.0,26,101.72,101.725,18,101.67,101.71,101.74,101.71,540.0,549312500.0,78412
2023-05-10 09:30:51,TF2306,TF2306,101.725,1.0,1017250.0,-1.0,24,101.72,101.725,22,101.67,101.71,101.74,101.71,541.0,550329750.0,78411
2023-05-10 09:30:52,TF2306,TF2306,101.72,1.0,1017200.0,-1.0,23,101.72,101.725,22,101.67,101.71,101.74,101.71,542.0,551346950.0,78410
2023-05-10 09:30:52,TF2306,TF2306,101.72,0.0,0.0,0.0,21,101.72,101.725,24,101.67,101.71,101.74,101.71,542.0,551346950.0,78410
2023-05-10 09:30:53,TF2306,TF2306,101.72,0.0,0.0,0.0,23,101.72,101.725,24,101.67,101.71,101.74,101.71,542.0,551346950.0,78410
2023-05-10 09:30:53,TF2306,TF2306,101.72,0.0,0.0,0.0,24,101.72,101.725,24,101.67,101.71,101.74,101.71,542.0,551346950.0,78410
2023-05-10 09:30:54,TF2306,TF2306,101.72,0.0,0.0,0.0,24,101.72,101.725,22,101.67,101.71,101.74,101.71,542.0,551346950.0,78410
2023-05-10 09:30:55,TF2306,TF2306,101.72,0.0,0.0,0.0,20,101.72,101.725,22,101.67,101.71,101.74,101.71,542.0,551346950.0,78410
2023-05-10 09:30:56,TF2306,TF2306,101.72,0.0,0.0,0.0,24,101.72,101.725,22,101.67,101.71,101.74,101.71,542.0,551346950.0,78410
2023-05-10 09:30:57,TF2306,TF2306,101.72,2.0,2034400.0,0.0,23,101.72,101.725,22,101.67,101.71,101.74,101.71,544.0,553381350.0,78410
2023-05-10 09:31:00,TF2306,TF2306,101.725,4.0,4069000.0,2.0,23,101.72,101.725,18,101.67,101.71,101.74,101.71,548.0,557450350.0,78412
2023-05-10 09:31:01,TF2306,TF2306,101.725,27.0,27465750.0,8.0,4,101.725,101.73,100,101.67,101.71,101.74,101.71,575.0,584916100.0,78420
2023-05-10 09:31:01,TF2306,TF2306,101.725,4.0,4069000.0,-4.0,10,101.725,101.73,45,101.67,101.71,101.74,101.71,579.0,588985100.0,78416
2023-05-10 09:31:02,TF2306,TF2306,101.725,0.0,0.0,0.0,14,101.725,101.73,42,101.67,101.71,101.74,101.71,579.0,588985100.0,78416
2023-05-10 09:31:02,TF2306,TF2306,101.725,11.0,11189750.0,-4.0,10,101.725,101.73,42,101.67,101.71,101.74,101.71,590.0,600174850.0,78412
2023-05-10 09:31:03,TF2306,TF2306,101.725,13.0,13224250.0,-2.0,92,101.72,101.725,7,101.67,101.71,101.74,101.71,603.0,613399100.0,78410
2023-05-10 09:31:03,TF2306,TF2306,101.725,0.0,0.0,0.0,49,101.72,101.725,7,101.67,101.71,101.74,101.71,603.0,613399100.0,78410
2023-05-10 09:31:04,TF2306,TF2306,101.725,0.0,0.0,0.0,49,101.72,101.725,16,101.67,101.71,101.74,101.71,603.0,613399100.0,78410
2023-05-10 09:31:04,TF2306,TF2306,101.725,0.0,0.0,0.0,49,101.72,101.725,15,101.67,101.71,101.74,101.71,603.0,613399100.0,78410
2023-05-10 09:31:05,TF2306,TF2306,101.725,10.0,10172150.0,6.0,42,101.72,101.725,17,101.67,101.71,101.74,101.71,613.0,623571250.0,78416
2023-05-10 09:31:05,TF2306,TF2306,101.725,0.0,0.0,0.0,37,101.72,101.725,25,101.67,101.71,101.74,101.71,613.0,623571250.0,78416
2023-05-10 09:31:06,TF2306,TF2306,101.72,5.0,5086000.0,3.0,28,101.72,101.725,27,101.67,101.71,101.74,101.71,618.0,628657250.0,78419
2023-05-10 09:31:06,TF2306,TF2306,101.72,2.0,2034400.0,-2.0,26,101.72,101.725,29,101.67,101.71,101.74,101.71,620.0,630691650.0,78417
2023-05-10 09:31:07,TF2306,TF2306,101.715,28.0,28481500.0,-14.0,72,101.715,101.72,4,101.67,101.71,101.74,101.71,648.0,659173150.0,78403
2023-05-10 09:31:07,TF2306,TF2306,101.715,0.0,0.0,0.0,29,101.715,101.72,11,101.67,101.71,101.74,101.71,648.0,659173150.0,78403
2023-05-10 09:31:08,TF2306,TF2306,101.715,0.0,0.0,0.0,31,101.715,101.72,20,101.67,101.71,101.74,101.71,648.0,659173150.0,78403
2023-05-10 09:31:08,TF2306,TF2306,101.715,0.0,0.0,0.0,28,101.715,101.72,27,101.67,101.71,101.74,101.71,648.0,659173150.0,78403
2023-05-10 09:31:09,TF2306,TF2306,101.715,2.0,2034300.0,0.0,26,101.715,101.72,27,101.67,101.71,101.74,101.71,650.0,661207450.0,78403
2023-05-10 09:31:10,TF2306,TF2306,101.715,0.0,0.0,0.0,58,101.715,101.72,27,101.67,101.71,101.74,101.71,650.0,661207450.0,78403
2023-05-10 09:31:10,TF2306,TF2306,101.715,26.0,26447150.0,7.0,58,101.715,101.72,3,101.67,101.71,101.74,101.71,676.0,687654600.0,78410
2023-05-10 09:31:11,TF2306,TF2306,101.72,3.0,3051600.0,0.0,2,101.72,101.725,90,101.67,101.71,101.74,101.71,679.0,690706200.0,78410
2023-05-10 09:31:11,TF2306,TF2306,101.72,2.0,2034400.0,-2.0,104,101.715,101.72,9,101.67,101.71,101.74,101.71,681.0,692740600.0,78408
2023-05-10 09:31:12,TF2306,TF2306,101.72,9.0,9154800.0,0.0,1,101.72,101.725,90,101.67,101.71,101.74,101.71,690.0,701895400.0,78408
2023-05-10 09:31:12,TF2306,TF2306,101.715,3.0,3051500.0,-2.0,72,101.715,101.72,2,101.67,101.71,101.74,101.71,693.0,704946900.0,78406
2023-05-10 09:31:13,TF2306,TF2306,101.725,5.0,5086050.0,3.0,29,101.715,101.725,90,101.67,101.71,101.74,101.71,698.0,710032950.0,78409
2023-05-10 09:31:13,TF2306,TF2306,101.725,0.0,0.0,0.0,49,101.715,101.72,1,101.67,101.71,101.74,101.71,698.0,710032950.0,78409
2023-05-10 09:31:14,TF2306,TF2306,101.72,3.0,3051600.0,3.0,39,101.715,101.725,89,101.67,101.71,101.74,101.71,701.0,713084550.0,78412
2023-05-10 09:31:14,TF2306,TF2306,101.72,0.0,0.0,0.0,47,101.715,101.725,49,101.67,101.71,101.74,101.71,701.0,713084550.0,78412
2023-05-10 09:31:15,TF2306,TF2306,101.72,0.0,0.0,0.0,50,101.715,101.725,55,101.67,101.71,101.74,101.71,701.0,713084550.0,78412
2023-05-10 09:31:15,TF2306,TF2306,101.72,0.0,0.0,0.0,47,101.715,101.725,55,101.67,101.71,101.74,101.71,701.0,713084550.0,78412
2023-05-10 09:31:16,TF2306,TF2306,101.72,0.0,0.0,0.0,30,101.72,101.725,55,101.67,101.71,101.74,101.71,701.0,713084550.0,78412
2023-05-10 09:31:16,TF2306,TF2306,101.72,0.0,0.0,0.0,31,101.72,101.725,40,101.67,101.71,101.74,101.71,701.0,713084550.0,78412
2023-05-10 09:31:17,TF2306,TF2306,101.72,0.0,0.0,0.0,32,101.72,101.725,40,101.67,101.71,101.74,101.71,701.0,713084550.0,78412
2023-05-10 09:31:19,TF2306,TF2306,101.72,0.0,0.0,0.0,35,101.72,101.725,40,101.67,101.71,101.74,101.71,701.0,713084550.0,78412
2023-05-10 09:31:19,TF2306,TF2306,101.72,1.0,1017200.0,-1.0,34,101.72,101.725,40,101.67,101.71,101.74,101.71,702.0,714101750.0,78411
2023-05-10 09:31:20,TF2306,TF2306,101.725,5.0,5086250.0,5.0,45,101.72,101.725,35,101.67,101.71,101.74,101.71,707.0,719188000.0,78416
2023-05-10 09:31:20,TF2306,TF2306,101.725,10.0,10172500.0,5.0,45,101.72,101.725,18,101.67,101.71,101.74,101.71,717.0,729360500.0,78421
2023-05-10 09:31:21,TF2306,TF2306,101.725,15.0,15258750.0,-3.0,45,101.72,101.73,99,101.67,101.71,101.74,101.71,732.0,744619250.0,78418
2023-05-10 09:31:21,TF2306,TF2306,101.725,0.0,0.0,0.0,2,101.725,101.73,59,101.67,101.71,101.74,101.71,732.0,744619250.0,78418
2023-05-10 09:31:22,TF2306,TF2306,101.725,9.0,9155250.0,-6.0,90,101.72,101.73,44,101.67,101.71,101.74,101.71,741.0,753774500.0,78412
2023-05-10 09:31:22,TF2306,TF2306,101.725,10.0,10172100.0,-6.0,48,101.72,101.725,9,101.67,101.71,101.74,101.71,751.0,763946600.0,78406
2023-05-10 09:31:23,TF2306,TF2306,101.72,2.0,2034400.0,0.0,36,101.72,101.725,17,101.67,101.71,101.74,101.71,753.0,765981000.0,78406
2023-05-10 09:31:23,TF2306,TF2306,101.72,0.0,0.0,0.0,38,101.72,101.725,31,101.67,101.71,101.74,101.71,753.0,765981000.0,78406
2023-05-10 09:31:24,TF2306,TF2306,101.72,0.0,0.0,0.0,38,101.72,101.725,32,101.67,101.71,101.74,101.71,753.0,765981000.0,78406
2023-05-10 09:31:24,TF2306,TF2306,101.72,0.0,0.0,0.0,38,101.72,101.725,33,101.67,101.71,101.74,101.71,753.0,765981000.0,78406
2023-05-10 09:31:25,TF2306,TF2306,101.72,0.0,0.0,0.0,40,101.72,101.725,33,101.67,101.71,101.74,101.71,753.0,765981000.0,78406
2023-05-10 09:31:26,TF2306,TF2306,101.72,0.0,0.0,0.0,42,101.72,101.725,33,101.67,101.71,101.74,101.71,753.0,765981000.0,78406
2023-05-10 09:31:27,TF2306,TF2306,101.725,33.0,33569250.0,-16.0,5,101.725,101.73,109,101.67,101.71,101.74,101.71,786.0,799550250.0,78390
2023-05-10 09:31:27,TF2306,TF2306,101.725,2.0,2034500.0,0.0,10,101.725,101.73,44,101.67,101.71,101.74,101.71,788.0,801584750.0,78390
2023-05-10 09:31:28,TF2306,TF2306,101.725,0.0,0.0,0.0,14,101.725,101.73,44,101.67,101.71,101.74,101.71,788.0,801584750.0,78390
2023-05-10 09:31:28,TF2306,TF2306,101.725,0.0,0.0,0.0,22,101.725,101.73,44,101.67,101.71,101.74,101.71,788.0,801584750.0,78390
2023-05-10 09:31:29,TF2306,TF2306,101.725,14.0,14241500.0,4.0,11,101.725,101.73,41,101.67,101.71,101.74,101.71,802.0,815826250.0,78394
2023-05-10 09:31:29,TF2306,TF2306,101.725,3.0,3051750.0,0.0,14,101.725,101.73,41,101.67,101.71,101.74,101.71,805.0,818878000.0,78394
2023-05-10 09:31:30,TF2306,TF2306,101.725,4.0,4069000.0,0.0,10,101.725,101.73,49,101.67,101.71,101.74,101.71,809.0,822947000.0,78394
2023-05-10 09:31:30,TF2306,TF2306,101.725,2.0,2034500.0,-1.0,11,101.725,101.73,49,101.67,101.71,101.74,101.71,811.0,824981500.0,78393
2023-05-10 09:31:31,TF2306,TF2306,101.725,0.0,0.0,0.0,13,101.725,101.73,49,101.67,101.71,101.74,101.71,811.0,824981500.0,78393
2023-05-10 09:31:35,TF2306,TF2306,101.725,0.0,0.0,0.0,13,101.725,101.73,50,101.67,101.71,101.74,101.71,811.0,824981500.0,78393
2023-05-10 09:31:35,TF2306,TF2306,101.725,5.0,5086250.0,-2.0,8,101.725,101.73,50,101.67,101.71,101.74,101.71,816.0,830067750.0,78391
2023-05-10 09:31:36,TF2306,TF2306,101.725,0.0,0.0,0.0,4,101.725,101.73,50,101.67,101.71,101.74,101.71,816.0,830067750.0,78391
2023-05-10 09:31:36,TF2306,TF2306,101.725,0.0,0.0,0.0,4,101.725,101.73,52,101.67,101.71,101.74,101.71,816.0,830067750.0,78391
2023-05-10 09:31:37,TF2306,TF2306,101.725,0.0,0.0,0.0,3,101.725,101.73,52,101.67,101.71,101.74,101.71,816.0,830067750.0,78391
2023-05-10 09:31:37,TF2306,TF2306,101.725,2.0,2034500.0,-2.0,1,101.725,101.73,52,101.67,101.71,101.74,101.71,818.0,832102250.0,78389
2023-05-10 09:31:38,TF2306,TF2306,101.725,1.0,1017250.0,-1.0,122,101.72,101.725,3,101.67,101.71,101.74,101.71,819.0,833119500.0,78388
2023-05-10 09:31:38,TF2306,TF2306,101.725,4.0,4069000.0,1.0,2,101.725,101.73,125,101.67,101.71,101.74,101.71,823.0,837188500.0,78389
2023-05-10 09:31:39,TF2306,TF2306,101.725,2.0,2034500.0,0.0,107,101.72,101.73,61,101.67,101.71,101.74,101.71,825.0,839223000.0,78389
2023-05-10 09:31:39,TF2306,TF2306,101.725,0.0,0.0,0.0,67,101.72,101.73,76,101.67,101.71,101.74,101.71,825.0,839223000.0,78389
2023-05-10 09:31:40,TF2306,TF2306,101.725,0.0,0.0,0.0,63,101.72,101.73,79,101.67,101.71,101.74,101.71,825.0,839223000.0,78389
2023-05-10 09:31:40,TF2306,TF2306,101.725,0.0,0.0,0.0,63,101.72,101.73,66,101.67,101.71,101.74,101.71,825.0,839223000.0,78389
2023-05-10 09:31:41,TF2306,TF2306,101.725,0.0,0.0,0.0,64,101.72,101.73,68,101.67,101.71,101.74,101.71,825.0,839223000.0,78389
2023-05-10 09:31:42,TF2306,TF2306,101.725,0.0,0.0,0.0,64,101.72,101.725,6,101.67,101.71,101.74,101.71,825.0,839223000.0,78389
2023-05-10 09:31:42,TF2306,TF2306,101.725,0.0,0.0,0.0,54,101.72,101.725,4,101.67,101.71,101.74,101.71,825.0,839223000.0,78389
2023-05-10 09:31:43,TF2306,TF2306,101.725,0.0,0.0,0.0,54,101.72,101.725,7,101.67,101.71,101.74,101.71,825.0,839223000.0,78389
2023-05-10 09:31:43,TF2306,TF2306,101.72,1.0,1017200.0,0.0,53,101.72,101.725,14,101.67,101.71,101.74,101.71,826.0,840240200.0,78389
2023-05-10 09:31:44,TF2306,TF2306,101.72,0.0,0.0,0.0,50,101.72,101.725,25,101.67,101.71,101.74,101.71,826.0,840240200.0,78389
2023-05-10 09:31:45,TF2306,TF2306,101.72,0.0,0.0,0.0,48,101.72,101.725,26,101.67,101.71,101.74,101.71,826.0,840240200.0,78389
2023-05-10 09:31:49,TF2306,TF2306,101.725,4.0,4069000.0,-2.0,48,101.72,101.725,23,101.67,101.71,101.74,101.71,830.0,844309200.0,78387
2023-05-10 09:31:49,TF2306,TF2306,101.725,3.0,3051750.0,1.0,50,101.72,101.725,20,101.67,101.71,101.74,101.71,833.0,847360950.0,78388
2023-05-10 09:31:50,TF2306,TF2306,101.725,0.0,0.0,0.0,50,101.72,101.725,22,101.67,101.71,101.74,101.71,833.0,847360950.0,78388
2023-05-10 09:31:50,TF2306,TF2306,101.725,0.0,0.0,0.0,50,101.72,101.725,24,101.67,101.71,101.74,101.71,833.0,847360950.0,78388
2023-05-10 09:31:51,TF2306,TF2306,101.725,0.0,0.0,0.0,58,101.72,101.725,24,101.67,101.71,101.74,101.71,833.0,847360950.0,78388
2023-05-10 09:31:51,TF2306,TF2306,101.725,6.0,6103500.0,2.0,58,101.72,101.725,7,101.67,101.71,101.74,101.71,839.0,853464450.0,78390
2023-05-10 09:31:52,TF2306,TF2306,101.725,7.0,7120750.0,2.0,5,101.725,101.73,138,101.67,101.71,101.74,101.71,846.0,860585200.0,78392
2023-05-10 09:31:52,TF2306,TF2306,101.725,9.0,9155250.0,-6.0,122,101.72,101.73,52,101.67,101.71,101.74,101.71,855.0,869740450.0,78386
2023-05-10 09:31:53,TF2306,TF2306,101.73,2.0,2034600.0,-2.0,7,101.725,101.73,65,101.67,101.71,101.74,101.71,857.0,871775050.0,78384
2023-05-10 09:31:53,TF2306,TF2306,101.725,2.0,2034500.0,0.0,23,101.725,101.73,49,101.67,101.71,101.74,101.71,859.0,873809550.0,78384
2023-05-10 09:31:54,TF2306,TF2306,101.725,0.0,0.0,0.0,26,101.725,101.73,49,101.67,101.71,101.74,101.71,859.0,873809550.0,78384
2023-05-10 09:31:54,TF2306,TF2306,101.725,0.0,0.0,0.0,29,101.725,101.73,49,101.67,101.71,101.74,101.71,859.0,873809550.0,78384
2023-05-10 09:31:55,TF2306,TF2306,101.725,0.0,0.0,0.0,30,101.725,101.73,49,101.67,101.71,101.74,101.71,859.0,873809550.0,78384
2023-05-10 09:31:58,TF2306,TF2306,101.725,1.0,1017250.0,0.0,29,101.725,101.73,49,101.67,101.71,101.74,101.71,860.0,874826800.0,78384
2023-05-10 09:32:00,TF2306,TF2306,101.725,1.0,1017250.0,-1.0,33,101.725,101.73,49,101.67,101.71,101.74,101.71,861.0,875844050.0,78383
2023-05-10 09:32:05,TF2306,TF2306,101.725,0.0,0.0,0.0,34,101.725,101.73,49,101.67,101.71,101.74,101.71,861.0,875844050.0,78383
2023-05-10 09:32:05,TF2306,TF2306,101.725,0.0,0.0,0.0,35,101.725,101.73,49,101.67,101.71,101.74,101.71,861.0,875844050.0,78383
2023-05-10 09:32:11,TF2306,TF2306,101.725,0.0,0.0,0.0,34,101.725,101.73,49,101.67,101.71,101.74,101.71,861.0,875844050.0,78383
2023-05-10 09:32:11,TF2306,TF2306,101.725,0.0,0.0,0.0,36,101.725,101.73,50,101.67,101.71,101.74,101.71,861.0,875844050.0,78383
2023-05-10 09:32:12,TF2306,TF2306,101.725,0.0,0.0,0.0,35,101.725,101.73,57,101.67,101.71,101.74,101.71,861.0,875844050.0,78383
2023-05-10 09:32:12,TF2306,TF2306,101.73,2.0,2034600.0,0.0,25,101.725,101.73,55,101.67,101.71,101.74,101.71,863.0,877878650.0,78383
2023-05-10 09:32:14,TF2306,TF2306,101.73,0.0,0.0,0.0,27,101.725,101.73,55,101.67,101.71,101.74,101.71,863.0,877878650.0,78383
2023-05-10 09:32:14,TF2306,TF2306,101.73,0.0,0.0,0.0,30,101.725,101.73,55,101.67,101.71,101.74,101.71,863.0,877878650.0,78383
2023-05-10 09:32:16,TF2306,TF2306,101.73,2.0,2034600.0,-2.0,30,101.725,101.73,53,101.67,101.71,101.74,101.71,865.0,879913250.0,78381
2023-05-10 09:32:19,TF2306,TF2306,101.725,3.0,3051750.0,-3.0,27,101.725,101.73,54,101.67,101.71,101.74,101.71,868.0,882965000.0,78378
2023-05-10 09:32:19,TF2306,TF2306,101.725,25.0,25431250.0,-7.0,144,101.72,101.725,13,101.67,101.71,101.74,101.71,893.0,908396250.0,78371
2023-05-10 09:32:20,TF2306,TF2306,101.725,1.0,1017250.0,0.0,81,101.72,101.725,25,101.67,101.71,101.74,101.71,894.0,909413500.0,78371
2023-05-10 09:32:20,TF2306,TF2306,101.725,0.0,0.0,0.0,71,101.72,101.725,36,101.67,101.71,101.74,101.71,894.0,909413500.0,78371
2023-05-10 09:32:23,TF2306,TF2306,101.725,0.0,0.0,0.0,70,101.72,101.725,36,101.67,101.71,101.74,101.71,894.0,909413500.0,78371
2023-05-10 09:32:26,TF2306,TF2306,101.725,0.0,0.0,0.0,70,101.72,101.725,24,101.67,101.71,101.74,101.71,894.0,909413500.0,78371
2023-05-10 09:32:26,TF2306,TF2306,101.725,24.0,24414000.0,3.0,70,101.72,101.73,141,101.67,101.71,101.74,101.71,918.0,933827500.0,78374
2023-05-10 09:32:27,TF2306,TF2306,101.725,0.0,0.0,0.0,10,101.725,101.73,81,101.67,101.71,101.74,101.71,918.0,933827500.0,78374
2023-05-10 09:32:27,TF2306,TF2306,101.725,5.0,5086250.0,-3.0,5,101.725,101.73,66,101.67,101.71,101.74,101.71,923.0,938913750.0,78371
2023-05-10 09:32:28,TF2306,TF2306,101.725,0.0,0.0,0.0,2,101.725,101.73,67,101.67,101.71,101.74,101.71,923.0,938913750.0,78371
2023-05-10 09:32:28,TF2306,TF2306,101.725,2.0,2034500.0,2.0,143,101.72,101.725,1,101.67,101.71,101.74,101.71,925.0,940948250.0,78373
2023-05-10 09:32:29,TF2306,TF2306,101.725,0.0,0.0,0.0,80,101.72,101.725,1,101.67,101.71,101.74,101.71,925.0,940948250.0,78373
2023-05-10 09:32:29,TF2306,TF2306,101.725,0.0,0.0,0.0,81,101.72,101.725,7,101.67,101.71,101.74,101.71,925.0,940948250.0,78373
2023-05-10 09:32:30,TF2306,TF2306,101.725,0.0,0.0,0.0,82,101.72,101.725,4,101.67,101.71,101.74,101.71,925.0,940948250.0,78373
2023-05-10 09:32:30,TF2306,TF2306,101.725,0.0,0.0,0.0,72,101.72,101.725,4,101.67,101.71,101.74,101.71,925.0,940948250.0,78373
2023-05-10 09:32:31,TF2306,TF2306,101.725,0.0,0.0,0.0,72,101.72,101.725,3,101.67,101.71,101.74,101.71,925.0,940948250.0,78373
2023-05-10 09:32:32,TF2306,TF2306,101.725,3.0,3051750.0,2.0,2,101.725,101.73,141,101.67,101.71,101.74,101.71,928.0,944000000.0,78375
2023-05-10 09:32:32,TF2306,TF2306,101.725,3.0,3051750.0,-2.0,13,101.725,101.73,57,101.67,101.71,101.74,101.71,931.0,947051750.0,78373
2023-05-10 09:32:33,TF2306,TF2306,101.725,0.0,0.0,0.0,26,101.725,101.73,57,101.67,101.71,101.74,101.71,931.0,947051750.0,78373
2023-05-10 09:32:33,TF2306,TF2306,101.725,0.0,0.0,0.0,20,101.725,101.73,57,101.67,101.71,101.74,101.71,931.0,947051750.0,78373
2023-05-10 09:32:35,TF2306,TF2306,101.725,0.0,0.0,0.0,20,101.725,101.73,56,101.67,101.71,101.74,101.71,931.0,947051750.0,78373
2023-05-10 09:32:36,TF2306,TF2306,101.725,0.0,0.0,0.0,22,101.725,101.73,56,101.67,101.71,101.74,101.71,931.0,947051750.0,78373
2023-05-10 09:32:39,TF2306,TF2306,101.725,0.0,0.0,0.0,26,101.725,101.73,56,101.67,101.71,101.74,101.71,931.0,947051750.0,78373
2023-05-10 09:32:39,TF2306,TF2306,101.725,0.0,0.0,0.0,27,101.725,101.73,56,101.67,101.71,101.74,101.71,931.0,947051750.0,78373
2023-05-10 09:32:40,TF2306,TF2306,101.725,0.0,0.0,0.0,28,101.725,101.73,56,101.67,101.71,101.74,101.71,931.0,947051750.0,78373
2023-05-10 09:32:42,TF2306,TF2306,101.725,2.0,2034500.0,-2.0,26,101.725,101.73,56,101.67,101.71,101.74,101.71,933.0,949086250.0,78371
2023-05-10 09:32:42,TF2306,TF2306,101.725,0.0,0.0,0.0,27,101.725,101.73,56,101.67,101.71,101.74,101.71,933.0,949086250.0,78371
2023-05-10 09:32:43,TF2306,TF2306,101.725,0.0,0.0,0.0,29,101.725,101.73,56,101.67,101.71,101.74,101.71,933.0,949086250.0,78371
2023-05-10 09:32:44,TF2306,TF2306,101.725,0.0,0.0,0.0,27,101.725,101.73,56,101.67,101.71,101.74,101.71,933.0,949086250.0,78371
2023-05-10 09:32:46,TF2306,TF2306,101.73,1.0,1017300.0,0.0,27,101.725,101.73,55,101.67,101.71,101.74,101.71,934.0,950103550.0,78371
2023-05-10 09:32:46,TF2306,TF2306,101.73,0.0,0.0,0.0,36,101.725,101.73,53,101.67,101.71,101.74,101.71,934.0,950103550.0,78371
2023-05-10 09:32:47,TF2306,TF2306,101.73,9.0,9155700.0,2.0,37,101.725,101.73,44,101.67,101.71,101.74,101.71,943.0,959259250.0,78373
2023-05-10 09:32:47,TF2306,TF2306,101.73,10.0,10173000.0,-2.0,42,101.725,101.73,18,101.67,101.71,101.74,101.71,953.0,969432250.0,78371
2023-05-10 09:32:48,TF2306,TF2306,101.73,18.0,18311400.0,-2.0,1,101.73,101.735,97,101.67,101.71,101.74,101.71,971.0,987743650.0,78369
2023-05-10 09:32:48,TF2306,TF2306,101.73,4.0,4069200.0,-2.0,104,101.725,101.73,3,101.67,101.71,101.74,101.71,975.0,991812850.0,78367
2023-05-10 09:32:49,TF2306,TF2306,101.73,5.0,5086500.0,0.0,4,101.73,101.735,67,101.67,101.71,101.74,101.71,980.0,996899350.0,78367
2023-05-10 09:32:49,TF2306,TF2306,101.73,15.0,15259500.0,-1.0,105,101.725,101.735,14,101.67,101.71,101.74,101.71,995.0,1012158850.0,78366
2023-05-10 09:32:50,TF2306,TF2306,101.73,1.0,1017300.0,1.0,3,101.73,101.735,54,101.67,101.71,101.74,101.71,996.0,1013176150.0,78367
2023-05-10 09:32:50,TF2306,TF2306,101.73,4.0,4069200.0,-2.0,107,101.725,101.73,3,101.67,101.71,101.74,101.71,1000.0,1017245350.0,78365
2023-05-10 09:32:51,TF2306,TF2306,101.73,0.0,0.0,0.0,57,101.725,101.73,7,101.67,101.71,101.74,101.71,1000.0,1017245350.0,78365
2023-05-10 09:32:51,TF2306,TF2306,101.73,0.0,0.0,0.0,57,101.725,101.73,14,101.67,101.71,101.74,101.71,1000.0,1017245350.0,78365
2023-05-10 09:32:52,TF2306,TF2306,101.73,4.0,4069200.0,1.0,53,101.725,101.73,8,101.67,101.71,101.74,101.71,1004.0,1021314550.0,78366
2023-05-10 09:32:52,TF2306,TF2306,101.73,0.0,0.0,0.0,43,101.725,101.73,9,101.67,101.71,101.74,101.71,1004.0,1021314550.0,78366
2023-05-10 09:32:53,TF2306,TF2306,101.73,1.0,1017300.0,0.0,44,101.725,101.73,9,101.67,101.71,101.74,101.71,1005.0,1022331850.0,78366
2023-05-10 09:32:55,TF2306,TF2306,101.73,5.0,5086500.0,1.0,44,101.725,101.73,4,101.67,101.71,101.74,101.71,1010.0,1027418350.0,78367
2023-05-10 09:32:55,TF2306,TF2306,101.73,0.0,0.0,0.0,44,101.725,101.73,6,101.67,101.71,101.74,101.71,1010.0,1027418350.0,78367
2023-05-10 09:32:56,TF2306,TF2306,101.73,0.0,0.0,0.0,44,101.725,101.73,8,101.67,101.71,101.74,101.71,1010.0,1027418350.0,78367
2023-05-10 09:32:56,TF2306,TF2306,101.73,0.0,0.0,0.0,44,101.725,101.73,10,101.67,101.71,101.74,101.71,1010.0,1027418350.0,78367
2023-05-10 09:32:58,TF2306,TF2306,101.73,10.0,10173000.0,8.0,22,101.73,101.735,126,101.67,101.71,101.74,101.71,1020.0,1037591350.0,78375
2023-05-10 09:32:59,TF2306,TF2306,101.73,0.0,0.0,0.0,18,101.73,101.735,50,101.67,101.71,101.74,101.71,1020.0,1037591350.0,78375
2023-05-10 09:32:59,TF2306,TF2306,101.73,0.0,0.0,0.0,27,101.73,101.735,53,101.67,101.71,101.74,101.71,1020.0,1037591350.0,78375
2023-05-10 09:33:00,TF2306,TF2306,101.735,1.0,1017350.0,0.0,24,101.73,101.735,52,101.67,101.71,101.74,101.71,1021.0,1038608700.0,78375
2023-05-10 09:33:00,TF2306,TF2306,101.735,0.0,0.0,0.0,26,101.73,101.735,42,101.67,101.71,101.74,101.71,1021.0,1038608700.0,78375
2023-05-10 09:33:01,TF2306,TF2306,101.735,0.0,0.0,0.0,27,101.73,101.735,40,101.67,101.71,101.74,101.71,1021.0,1038608700.0,78375
2023-05-10 09:33:01,TF2306,TF2306,101.735,0.0,0.0,0.0,37,101.73,101.735,40,101.67,101.71,101.74,101.71,1021.0,1038608700.0,78375
2023-05-10 09:33:02,TF2306,TF2306,101.735,0.0,0.0,0.0,38,101.73,101.735,39,101.67,101.71,101.74,101.71,1021.0,1038608700.0,78375
2023-05-10 09:33:02,TF2306,TF2306,101.735,4.0,4069400.0,-4.0,40,101.73,101.735,35,101.67,101.71,101.74,101.71,1025.0,1042678100.0,78371
2023-05-10 09:33:03,TF2306,TF2306,101.735,0.0,0.0,0.0,44,101.73,101.735,31,101.67,101.71,101.74,101.71,1025.0,1042678100.0,78371
2023-05-10 09:33:03,TF2306,TF2306,101.735,0.0,0.0,0.0,45,101.73,101.735,31,101.67,101.71,101.74,101.71,1025.0,1042678100.0,78371
2023-05-10 09:33:04,TF2306,TF2306,101.735,0.0,0.0,0.0,45,101.73,101.735,20,101.67,101.71,101.74,101.71,1025.0,1042678100.0,78371
2023-05-10 09:33:05,TF2306,TF2306,101.735,14.0,14242900.0,5.0,53,101.73,101.735,2,101.67,101.71,101.74,101.71,1039.0,1056921000.0,78376
2023-05-10 09:33:05,TF2306,TF2306,101.735,3.0,3052050.0,1.0,4,101.735,101.74,78,101.67,101.71,101.74,101.71,1042.0,1059973050.0,78377
2023-05-10 09:33:06,TF2306,TF2306,101.735,7.0,7121450.0,-1.0,105,101.73,101.735,1,101.67,101.71,101.74,101.71,1049.0,1067094500.0,78376
2023-05-10 09:33:06,TF2306,TF2306,101.735,3.0,3052050.0,0.0,63,101.73,101.735,10,101.67,101.71,101.74,101.71,1052.0,1070146550.0,78376
2023-05-10 09:33:07,TF2306,TF2306,101.735,0.0,0.0,0.0,53,101.73,101.735,17,101.67,101.71,101.74,101.71,1052.0,1070146550.0,78376
2023-05-10 09:33:07,TF2306,TF2306,101.735,0.0,0.0,0.0,53,101.73,101.735,16,101.67,101.71,101.74,101.71,1052.0,1070146550.0,78376
2023-05-10 09:33:08,TF2306,TF2306,101.735,0.0,0.0,0.0,53,101.73,101.735,23,101.67,101.71,101.74,101.71,1052.0,1070146550.0,78376
2023-05-10 09:33:08,TF2306,TF2306,101.735,0.0,0.0,0.0,53,101.73,101.735,24,101.67,101.71,101.74,101.71,1052.0,1070146550.0,78376
2023-05-10 09:33:09,TF2306,TF2306,101.735,0.0,0.0,0.0,53,101.73,101.735,22,101.67,101.71,101.74,101.71,1052.0,1070146550.0,78376
2023-05-10 09:33:09,TF2306,TF2306,101.735,0.0,0.0,0.0,56,101.73,101.735,22,101.67,101.71,101.74,101.71,1052.0,1070146550.0,78376
2023-05-10 09:33:10,TF2306,TF2306,101.735,26.0,26451100.0,-11.0,29,101.735,101.74,98,101.67,101.71,101.74,101.71,1078.0,1096597650.0,78365
2023-05-10 09:33:10,TF2306,TF2306,101.735,0.0,0.0,0.0,34,101.735,101.74,13,101.67,101.71,101.74,101.71,1078.0,1096597650.0,78365
2023-05-10 09:33:11,TF2306,TF2306,101.735,5.0,5086750.0,-5.0,38,101.735,101.74,35,101.67,101.71,101.74,101.71,1083.0,1101684400.0,78360
2023-05-10 09:33:11,TF2306,TF2306,101.735,38.0,38659300.0,-28.0,140,101.73,101.735,1,101.67,101.71,101.74,101.71,1121.0,1140343700.0,78332
2023-05-10 09:33:12,TF2306,TF2306,101.735,9.0,9156150.0,-5.0,78,101.73,101.735,12,101.67,101.71,101.74,101.71,1130.0,1149499850.0,78327
2023-05-10 09:33:12,TF2306,TF2306,101.735,1.0,1017350.0,0.0,68,101.73,101.735,13,101.67,101.71,101.74,101.71,1131.0,1150517200.0,78327
2023-05-10 09:33:13,TF2306,TF2306,101.735,0.0,0.0,0.0,69,101.73,101.735,13,101.67,101.71,101.74,101.71,1131.0,1150517200.0,78327
2023-05-10 09:33:13,TF2306,TF2306,101.735,0.0,0.0,0.0,69,101.73,101.735,14,101.67,101.71,101.74,101.71,1131.0,1150517200.0,78327
2023-05-10 09:33:14,TF2306,TF2306,101.735,0.0,0.0,0.0,68,101.73,101.735,18,101.67,101.71,101.74,101.71,1131.0,1150517200.0,78327
2023-05-10 09:33:14,TF2306,TF2306,101.735,0.0,0.0,0.0,53,101.73,101.735,18,101.67,101.71,101.74,101.71,1131.0,1150517200.0,78327
2023-05-10 09:33:15,TF2306,TF2306,101.735,0.0,0.0,0.0,50,101.73,101.735,36,101.67,101.71,101.74,101.71,1131.0,1150517200.0,78327
2023-05-10 09:33:15,TF2306,TF2306,101.735,0.0,0.0,0.0,49,101.73,101.735,37,101.67,101.71,101.74,101.71,1131.0,1150517200.0,78327
2023-05-10 09:33:16,TF2306,TF2306,101.735,0.0,0.0,0.0,47,101.73,101.735,42,101.67,101.71,101.74,101.71,1131.0,1150517200.0,78327
2023-05-10 09:33:19,TF2306,TF2306,101.735,0.0,0.0,0.0,50,101.73,101.735,42,101.67,101.71,101.74,101.71,1131.0,1150517200.0,78327
2023-05-10 09:33:26,TF2306,TF2306,101.735,1.0,1017350.0,0.0,50,101.73,101.735,41,101.67,101.71,101.74,101.71,1132.0,1151534550.0,78327
2023-05-10 09:33:27,TF2306,TF2306,101.73,1.0,1017300.0,-1.0,50,101.73,101.735,41,101.67,101.71,101.74,101.71,1133.0,1152551850.0,78326
2023-05-10 09:33:27,TF2306,TF2306,101.73,0.0,0.0,0.0,50,101.73,101.735,40,101.67,101.71,101.74,101.71,1133.0,1152551850.0,78326
2023-05-10 09:33:28,TF2306,TF2306,101.735,1.0,1017350.0,0.0,51,101.73,101.735,39,101.67,101.71,101.74,101.71,1134.0,1153569200.0,78326
2023-05-10 09:33:30,TF2306,TF2306,101.73,25.0,25432500.0,-9.0,24,101.73,101.735,39,101.67,101.71,101.74,101.71,1159.0,1179001700.0,78317
2023-05-10 09:33:31,TF2306,TF2306,101.73,26.0,26449800.0,-11.0,167,101.725,101.73,6,101.67,101.71,101.74,101.71,1185.0,1205451500.0,78306
2023-05-10 09:33:31,TF2306,TF2306,101.73,4.0,4069200.0,0.0,74,101.725,101.73,9,101.67,101.71,101.74,101.71,1189.0,1209520700.0,78306
2023-05-10 09:33:32,TF2306,TF2306,101.73,0.0,0.0,0.0,73,101.725,101.73,20,101.67,101.71,101.74,101.71,1189.0,1209520700.0,78306
2023-05-10 09:33:32,TF2306,TF2306,101.73,0.0,0.0,0.0,73,101.725,101.73,16,101.67,101.71,101.74,101.71,1189.0,1209520700.0,78306
2023-05-10 09:33:33,TF2306,TF2306,101.73,12.0,12207600.0,6.0,1,101.73,101.735,154,101.67,101.71,101.74,101.71,1201.0,1221728300.0,78312
2023-05-10 09:33:33,TF2306,TF2306,101.73,7.0,7121100.0,-1.0,11,101.73,101.735,59,101.67,101.71,101.74,101.71,1208.0,1228849400.0,78311
2023-05-10 09:33:34,TF2306,TF2306,101.73,13.0,13224900.0,2.0,14,101.73,101.735,49,101.67,101.71,101.74,101.71,1221.0,1242074300.0,78313
2023-05-10 09:33:34,TF2306,TF2306,101.73,0.0,0.0,0.0,6,101.73,101.735,42,101.67,101.71,101.74,101.71,1221.0,1242074300.0,78313
2023-05-10 09:33:35,TF2306,TF2306,101.73,0.0,0.0,0.0,12,101.73,101.735,42,101.67,101.71,101.74,101.71,1221.0,1242074300.0,78313
2023-05-10 09:33:35,TF2306,TF2306,101.73,0.0,0.0,0.0,15,101.73,101.735,42,101.67,101.71,101.74,101.71,1221.0,1242074300.0,78313
2023-05-10 09:33:37,TF2306,TF2306,101.73,0.0,0.0,0.0,26,101.73,101.735,42,101.67,101.71,101.74,101.71,1221.0,1242074300.0,78313
2023-05-10 09:33:38,TF2306,TF2306,101.73,0.0,0.0,0.0,27,101.73,101.735,42,101.67,101.71,101.74,101.71,1221.0,1242074300.0,78313
2023-05-10 09:33:39,TF2306,TF2306,101.73,0.0,0.0,0.0,31,101.73,101.735,42,101.67,101.71,101.74,101.71,1221.0,1242074300.0,78313
2023-05-10 09:33:42,TF2306,TF2306,101.73,0.0,0.0,0.0,30,101.73,101.735,42,101.67,101.71,101.74,101.71,1221.0,1242074300.0,78313
2023-05-10 09:33:42,TF2306,TF2306,101.73,10.0,10173050.0,-2.0,22,101.73,101.735,41,101.67,101.71,101.74,101.71,1231.0,1252247350.0,78311
2023-05-10 09:33:44,TF2306,TF2306,101.73,0.0,0.0,0.0,23,101.73,101.735,41,101.67,101.71,101.74,101.71,1231.0,1252247350.0,78311
2023-05-10 09:33:45,TF2306,TF2306,101.73,0.0,0.0,0.0,29,101.73,101.735,39,101.67,101.71,101.74,101.71,1231.0,1252247350.0,78311
2023-05-10 09:33:45,TF2306,TF2306,101.73,0.0,0.0,0.0,36,101.73,101.735,37,101.67,101.71,101.74,101.71,1231.0,1252247350.0,78311
2023-05-10 09:33:46,TF2306,TF2306,101.73,0.0,0.0,0.0,39,101.73,101.735,35,101.67,101.71,101.74,101.71,1231.0,1252247350.0,78311
2023-05-10 09:33:46,TF2306,TF2306,101.73,0.0,0.0,0.0,40,101.73,101.735,35,101.67,101.71,101.74,101.71,1231.0,1252247350.0,78311
2023-05-10 09:33:52,TF2306,TF2306,101.73,1.0,1017300.0,0.0,41,101.73,101.735,35,101.67,101.71,101.74,101.71,1232.0,1253264650.0,78311
2023-05-10 09:33:53,TF2306,TF2306,101.73,0.0,0.0,0.0,44,101.73,101.735,35,101.67,101.71,101.74,101.71,1232.0,1253264650.0,78311
2023-05-10 09:33:53,TF2306,TF2306,101.735,1.0,1017350.0,0.0,44,101.73,101.735,34,101.67,101.71,101.74,101.71,1233.0,1254282000.0,78311
2023-05-10 09:33:57,TF2306,TF2306,101.735,0.0,0.0,0.0,42,101.73,101.735,34,101.67,101.71,101.74,101.71,1233.0,1254282000.0,78311
2023-05-10 09:33:57,TF2306,TF2306,101.735,0.0,0.0,0.0,36,101.73,101.735,34,101.67,101.71,101.74,101.71,1233.0,1254282000.0,78311
2023-05-10 09:33:58,TF2306,TF2306,101.735,0.0,0.0,0.0,34,101.73,101.735,36,101.67,101.71,101.74,101.71,1233.0,1254282000.0,78311
2023-05-10 09:33:59,TF2306,TF2306,101.735,0.0,0.0,0.0,28,101.73,101.735,36,101.67,101.71,101.74,101.71,1233.0,1254282000.0,78311
2023-05-10 09:34:00,TF2306,TF2306,101.735,0.0,0.0,0.0,30,101.73,101.735,36,101.67,101.71,101.74,101.71,1233.0,1254282000.0,78311
2023-05-10 09:34:00,TF2306,TF2306,101.735,0.0,0.0,0.0,28,101.73,101.735,41,101.67,101.71,101.74,101.71,1233.0,1254282000.0,78311
2023-05-10 09:34:03,TF2306,TF2306,101.73,1.0,1017300.0,0.0,27,101.73,101.735,41,101.67,101.71,101.74,101.71,1234.0,1255299300.0,78311
2023-05-10 09:34:04,TF2306,TF2306,101.73,2.0,2034600.0,-2.0,26,101.73,101.735,41,101.67,101.71,101.74,101.71,1236.0,1257333900.0,78309
2023-05-10 09:34:06,TF2306,TF2306,101.73,0.0,0.0,0.0,28,101.73,101.735,41,101.67,101.71,101.74,101.71,1236.0,1257333900.0,78309
2023-05-10 09:34:06,TF2306,TF2306,101.73,0.0,0.0,0.0,30,101.73,101.735,39,101.67,101.71,101.74,101.71,1236.0,1257333900.0,78309
2023-05-10 09:34:07,TF2306,TF2306,101.73,0.0,0.0,0.0,34,101.73,101.735,39,101.67,101.71,101.74,101.71,1236.0,1257333900.0,78309
2023-05-10 09:34:07,TF2306,TF2306,101.73,0.0,0.0,0.0,36,101.73,101.735,39,101.67,101.71,101.74,101.71,1236.0,1257333900.0,78309
2023-05-10 09:34:11,TF2306,TF2306,101.73,0.0,0.0,0.0,36,101.73,101.735,44,101.67,101.71,101.74,101.71,1236.0,1257333900.0,78309
2023-05-10 09:34:11,TF2306,TF2306,101.73,0.0,0.0,0.0,31,101.73,101.735,46,101.67,101.71,101.74,101.71,1236.0,1257333900.0,78309
2023-05-10 09:34:12,TF2306,TF2306,101.73,0.0,0.0,0.0,31,101.73,101.735,48,101.67,101.71,101.74,101.71,1236.0,1257333900.0,78309
2023-05-10 09:34:18,TF2306,TF2306,101.73,0.0,0.0,0.0,29,101.73,101.735,48,101.67,101.71,101.74,101.71,1236.0,1257333900.0,78309
2023-05-10 09:34:18,TF2306,TF2306,101.73,0.0,0.0,0.0,31,101.73,101.735,48,101.67,101.71,101.74,101.71,1236.0,1257333900.0,78309
2023-05-10 09:34:21,TF2306,TF2306,101.73,0.0,0.0,0.0,29,101.73,101.735,48,101.67,101.71,101.74,101.71,1236.0,1257333900.0,78309
2023-05-10 09:34:27,TF2306,TF2306,101.73,0.0,0.0,0.0,31,101.73,101.735,48,101.67,101.71,101.74,101.71,1236.0,1257333900.0,78309
2023-05-10 09:34:29,TF2306,TF2306,101.73,0.0,0.0,0.0,31,101.73,101.735,46,101.67,101.71,101.74,101.71,1236.0,1257333900.0,78309
2023-05-10 09:34:34,TF2306,TF2306,101.73,0.0,0.0,0.0,40,101.73,101.735,46,101.67,101.71,101.74,101.71,1236.0,1257333900.0,78309
2023-05-10 09:34:34,TF2306,TF2306,101.73,0.0,0.0,0.0,44,101.73,101.735,46,101.67,101.71,101.74,101.71,1236.0,1257333900.0,78309
2023-05-10 09:34:35,TF2306,TF2306,101.73,0.0,0.0,0.0,45,101.73,101.735,46,101.67,101.71,101.74,101.71,1236.0,1257333900.0,78309
2023-05-10 09:34:35,TF2306,TF2306,101.735,1.0,1017350.0,0.0,45,101.73,101.735,45,101.67,101.71,101.74,101.71,1237.0,1258351250.0,78309
2023-05-10 09:34:39,TF2306,TF2306,101.735,42.0,42728700.0,12.0,14,101.735,101.74,141,101.67,101.71,101.74,101.71,1279.0,1301079950.0,78321
2023-05-10 09:34:39,TF2306,TF2306,101.735,19.0,19329750.0,-4.0,5,101.735,101.74,42,101.67,101.71,101.74,101.71,1298.0,1320409700.0,78317
2023-05-10 09:34:40,TF2306,TF2306,101.735,13.0,13225550.0,-2.0,9,101.735,101.74,46,101.67,101.71,101.74,101.71,1311.0,1333635250.0,78315
2023-05-10 09:34:40,TF2306,TF2306,101.74,12.0,12208250.0,-2.0,153,101.73,101.735,4,101.67,101.71,101.74,101.71,1323.0,1345843500.0,78313
2023-05-10 09:34:41,TF2306,TF2306,101.735,1.0,1017350.0,1.0,70,101.73,101.735,18,101.67,101.71,101.74,101.71,1324.0,1346860850.0,78314
2023-05-10 09:34:41,TF2306,TF2306,101.735,1.0,1017350.0,1.0,61,101.73,101.735,17,101.67,101.71,101.74,101.71,1325.0,1347878200.0,78315
2023-05-10 09:34:42,TF2306,TF2306,101.735,0.0,0.0,0.0,62,101.73,101.735,17,101.67,101.71,101.74,101.71,1325.0,1347878200.0,78315
2023-05-10 09:34:42,TF2306,TF2306,101.735,0.0,0.0,0.0,52,101.73,101.735,17,101.67,101.71,101.74,101.71,1325.0,1347878200.0,78315
2023-05-10 09:34:43,TF2306,TF2306,101.735,0.0,0.0,0.0,52,101.73,101.735,19,101.67,101.71,101.74,101.71,1325.0,1347878200.0,78315
2023-05-10 09:34:44,TF2306,TF2306,101.735,0.0,0.0,0.0,51,101.73,101.735,19,101.67,101.71,101.74,101.71,1325.0,1347878200.0,78315
2023-05-10 09:34:45,TF2306,TF2306,101.735,0.0,0.0,0.0,69,101.73,101.735,17,101.67,101.71,101.74,101.71,1325.0,1347878200.0,78315
2023-05-10 09:34:45,TF2306,TF2306,101.735,17.0,17294950.0,1.0,15,101.735,101.74,138,101.67,101.71,101.74,101.71,1342.0,1365173150.0,78316
2023-05-10 09:34:46,TF2306,TF2306,101.735,0.0,0.0,0.0,27,101.735,101.74,43,101.67,101.71,101.74,101.71,1342.0,1365173150.0,78316
2023-05-10 09:34:46,TF2306,TF2306,101.74,1.0,1017400.0,0.0,40,101.735,101.74,32,101.67,101.71,101.74,101.71,1343.0,1366190550.0,78316
2023-05-10 09:34:47,TF2306,TF2306,101.74,0.0,0.0,0.0,32,101.735,101.74,31,101.67,101.71,101.74,101.71,1343.0,1366190550.0,78316
2023-05-10 09:34:47,TF2306,TF2306,101.74,1.0,1017400.0,-1.0,30,101.735,101.74,30,101.67,101.71,101.74,101.71,1344.0,1367207950.0,78315
2023-05-10 09:34:48,TF2306,TF2306,101.74,0.0,0.0,0.0,30,101.735,101.74,35,101.67,101.71,101.74,101.71,1344.0,1367207950.0,78315
2023-05-10 09:34:48,TF2306,TF2306,101.74,0.0,0.0,0.0,26,101.735,101.74,35,101.67,101.71,101.74,101.71,1344.0,1367207950.0,78315
2023-05-10 09:34:50,TF2306,TF2306,101.74,0.0,0.0,0.0,26,101.735,101.74,40,101.67,101.71,101.74,101.71,1344.0,1367207950.0,78315
2023-05-10 09:34:51,TF2306,TF2306,101.74,0.0,0.0,0.0,27,101.735,101.74,40,101.67,101.71,101.74,101.71,1344.0,1367207950.0,78315
2023-05-10 09:34:53,TF2306,TF2306,101.74,1.0,1017400.0,0.0,27,101.735,101.74,39,101.67,101.71,101.74,101.71,1345.0,1368225350.0,78315
2023-05-10 09:34:53,TF2306,TF2306,101.74,1.0,1017400.0,0.0,29,101.735,101.74,38,101.67,101.71,101.74,101.71,1346.0,1369242750.0,78315
2023-05-10 09:34:57,TF2306,TF2306,101.74,2.0,2034800.0,0.0,29,101.735,101.74,36,101.67,101.71,101.74,101.71,1348.0,1371277550.0,78315
2023-05-10 09:35:00,TF2306,TF2306,101.735,6.0,6104100.0,0.0,23,101.735,101.74,36,101.67,101.71,101.74,101.71,1354.0,1377381650.0,78315
2023-05-10 09:35:01,TF2306,TF2306,101.74,2.0,2034800.0,-1.0,21,101.735,101.74,37,101.67,101.71,101.74,101.71,1356.0,1379416450.0,78314
2023-05-10 09:35:01,TF2306,TF2306,101.74,0.0,0.0,0.0,21,101.735,101.74,39,101.67,101.71,101.74,101.71,1356.0,1379416450.0,78314
2023-05-10 09:35:05,TF2306,TF2306,101.74,0.0,0.0,0.0,22,101.735,101.74,39,101.67,101.71,101.74,101.71,1356.0,1379416450.0,78314
2023-05-10 09:35:06,TF2306,TF2306,101.74,0.0,0.0,0.0,25,101.735,101.74,44,101.67,101.71,101.74,101.71,1356.0,1379416450.0,78314
2023-05-10 09:35:06,TF2306,TF2306,101.74,3.0,3052200.0,0.0,25,101.735,101.74,42,101.67,101.71,101.74,101.71,1359.0,1382468650.0,78314
2023-05-10 09:35:07,TF2306,TF2306,101.74,19.0,19330600.0,-7.0,38,101.735,101.74,23,101.67,101.71,101.74,101.71,1378.0,1401799250.0,78307
2023-05-10 09:35:07,TF2306,TF2306,101.74,2.0,2034800.0,0.0,51,101.735,101.74,23,101.67,101.71,101.74,101.71,1380.0,1403834050.0,78307
2023-05-10 09:35:08,TF2306,TF2306,101.74,0.0,0.0,0.0,55,101.735,101.74,23,101.67,101.71,101.74,101.71,1380.0,1403834050.0,78307
2023-05-10 09:35:08,TF2306,TF2306,101.74,0.0,0.0,0.0,55,101.735,101.74,24,101.67,101.71,101.74,101.71,1380.0,1403834050.0,78307
2023-05-10 09:35:09,TF2306,TF2306,101.74,22.0,22382800.0,5.0,8,101.74,101.745,190,101.67,101.71,101.74,101.71,1402.0,1426216850.0,78312
2023-05-10 09:35:09,TF2306,TF2306,101.74,18.0,18313250.0,0.0,5,101.74,101.745,83,101.67,101.71,101.745,101.71,1420.0,1444530100.0,78312
2023-05-10 09:35:10,TF2306,TF2306,101.74,16.0,16278400.0,0.0,11,101.74,101.745,73,101.67,101.71,101.745,101.71,1436.0,1460808500.0,78312
2023-05-10 09:35:10,TF2306,TF2306,101.74,0.0,0.0,0.0,9,101.74,101.745,67,101.67,101.71,101.745,101.71,1436.0,1460808500.0,78312
2023-05-10 09:35:11,TF2306,TF2306,101.74,7.0,7121800.0,-1.0,171,101.735,101.74,24,101.67,101.71,101.745,101.71,1443.0,1467930300.0,78311
2023-05-10 09:35:11,TF2306,TF2306,101.74,1.0,1017400.0,0.0,59,101.735,101.74,45,101.67,101.71,101.745,101.71,1444.0,1468947700.0,78311
2023-05-10 09:35:12,TF2306,TF2306,101.74,0.0,0.0,0.0,50,101.735,101.74,47,101.67,101.71,101.745,101.71,1444.0,1468947700.0,78311
2023-05-10 09:35:12,TF2306,TF2306,101.74,0.0,0.0,0.0,40,101.735,101.74,40,101.67,101.71,101.745,101.71,1444.0,1468947700.0,78311
2023-05-10 09:35:13,TF2306,TF2306,101.74,3.0,3052200.0,3.0,44,101.735,101.74,36,101.67,101.71,101.745,101.71,1447.0,1471999900.0,78314
2023-05-10 09:35:13,TF2306,TF2306,101.74,0.0,0.0,0.0,46,101.735,101.74,37,101.67,101.71,101.745,101.71,1447.0,1471999900.0,78314
2023-05-10 09:35:14,TF2306,TF2306,101.74,0.0,0.0,0.0,45,101.735,101.74,36,101.67,101.71,101.745,101.71,1447.0,1471999900.0,78314
2023-05-10 09:35:14,TF2306,TF2306,101.74,0.0,0.0,0.0,45,101.735,101.74,46,101.67,101.71,101.745,101.71,1447.0,1471999900.0,78314
2023-05-10 09:35:15,TF2306,TF2306,101.735,1.0,1017350.0,0.0,44,101.735,101.74,46,101.67,101.71,101.745,101.71,1448.0,1473017250.0,78314
2023-05-10 09:35:15,TF2306,TF2306,101.735,0.0,0.0,0.0,42,101.735,101.74,46,101.67,101.71,101.745,101.71,1448.0,1473017250.0,78314
2023-05-10 09:35:16,TF2306,TF2306,101.735,0.0,0.0,0.0,44,101.735,101.74,46,101.67,101.71,101.745,101.71,1448.0,1473017250.0,78314
2023-05-10 09:35:18,TF2306,TF2306,101.735,0.0,0.0,0.0,42,101.735,101.74,46,101.67,101.71,101.745,101.71,1448.0,1473017250.0,78314
2023-05-10 09:35:18,TF2306,TF2306,101.74,1.0,1017400.0,0.0,42,101.735,101.74,45,101.67,101.71,101.745,101.71,1449.0,1474034650.0,78314
2023-05-10 09:35:19,TF2306,TF2306,101.74,0.0,0.0,0.0,42,101.735,101.74,53,101.67,101.71,101.745,101.71,1449.0,1474034650.0,78314
2023-05-10 09:35:20,TF2306,TF2306,101.74,0.0,0.0,0.0,42,101.735,101.74,54,101.67,101.71,101.745,101.71,1449.0,1474034650.0,78314
2023-05-10 09:35:21,TF2306,TF2306,101.74,0.0,0.0,0.0,41,101.735,101.74,54,101.67,101.71,101.745,101.71,1449.0,1474034650.0,78314
2023-05-10 09:35:21,TF2306,TF2306,101.74,2.0,2034800.0,0.0,41,101.735,101.74,52,101.67,101.71,101.745,101.71,1451.0,1476069450.0,78314
2023-05-10 09:35:22,TF2306,TF2306,101.74,1.0,1017400.0,-1.0,41,101.735,101.74,51,101.67,101.71,101.745,101.71,1452.0,1477086850.0,78313
2023-05-10 09:35:22,TF2306,TF2306,101.74,0.0,0.0,0.0,43,101.735,101.74,51,101.67,101.71,101.745,101.71,1452.0,1477086850.0,78313
2023-05-10 09:35:23,TF2306,TF2306,101.74,0.0,0.0,0.0,45,101.735,101.74,51,101.67,101.71,101.745,101.71,1452.0,1477086850.0,78313
2023-05-10 09:35:23,TF2306,TF2306,101.735,6.0,6104150.0,0.0,41,101.735,101.74,50,101.67,101.71,101.745,101.71,1458.0,1483191000.0,78313
2023-05-10 09:35:24,TF2306,TF2306,101.735,5.0,5086750.0,0.0,34,101.735,101.74,50,101.67,101.71,101.745,101.71,1463.0,1488277750.0,78313
2023-05-10 09:35:24,TF2306,TF2306,101.735,0.0,0.0,0.0,36,101.735,101.74,50,101.67,101.71,101.745,101.71,1463.0,1488277750.0,78313
2023-05-10 09:35:25,TF2306,TF2306,101.735,1.0,1017350.0,0.0,33,101.735,101.74,52,101.67,101.71,101.745,101.71,1464.0,1489295100.0,78313
2023-05-10 09:35:25,TF2306,TF2306,101.735,0.0,0.0,0.0,27,101.735,101.74,52,101.67,101.71,101.745,101.71,1464.0,1489295100.0,78313
2023-05-10 09:35:26,TF2306,TF2306,101.735,0.0,0.0,0.0,58,101.735,101.74,53,101.67,101.71,101.745,101.71,1464.0,1489295100.0,78313
2023-05-10 09:35:26,TF2306,TF2306,101.735,0.0,0.0,0.0,67,101.735,101.74,53,101.67,101.71,101.745,101.71,1464.0,1489295100.0,78313
2023-05-10 09:35:27,TF2306,TF2306,101.735,0.0,0.0,0.0,68,101.735,101.74,53,101.67,101.71,101.745,101.71,1464.0,1489295100.0,78313
2023-05-10 09:35:28,TF2306,TF2306,101.74,53.0,53922200.0,-28.0,71,101.735,101.74,3,101.67,101.71,101.745,101.71,1517.0,1543217300.0,78285
2023-05-10 09:35:28,TF2306,TF2306,101.74,3.0,3052200.0,1.0,9,101.74,101.745,194,101.67,101.71,101.745,101.71,1520.0,1546269500.0,78286
2023-05-10 09:35:29,TF2306,TF2306,101.74,17.0,17295800.0,-9.0,155,101.735,101.74,3,101.67,101.71,101.745,101.71,1537.0,1563565300.0,78277
2023-05-10 09:35:29,TF2306,TF2306,101.74,1.0,1017400.0,1.0,84,101.735,101.74,18,101.67,101.71,101.745,101.71,1538.0,1564582700.0,78278
2023-05-10 09:35:30,TF2306,TF2306,101.74,0.0,0.0,0.0,74,101.735,101.74,28,101.67,101.71,101.745,101.71,1538.0,1564582700.0,78278
2023-05-10 09:35:30,TF2306,TF2306,101.74,0.0,0.0,0.0,74,101.735,101.74,20,101.67,101.71,101.745,101.71,1538.0,1564582700.0,78278
2023-05-10 09:35:31,TF2306,TF2306,101.74,3.0,3052100.0,1.0,72,101.735,101.74,21,101.67,101.71,101.745,101.71,1541.0,1567634800.0,78279
2023-05-10 09:35:31,TF2306,TF2306,101.74,0.0,0.0,0.0,72,101.735,101.74,28,101.67,101.71,101.745,101.71,1541.0,1567634800.0,78279
2023-05-10 09:35:32,TF2306,TF2306,101.74,0.0,0.0,0.0,72,101.735,101.74,30,101.67,101.71,101.745,101.71,1541.0,1567634800.0,78279
2023-05-10 09:35:33,TF2306,TF2306,101.74,30.0,30522000.0,-22.0,9,101.74,101.745,204,101.67,101.71,101.745,101.71,1571.0,1598156800.0,78257
2023-05-10 09:35:33,TF2306,TF2306,101.74,6.0,6104450.0,-4.0,21,101.74,101.745,95,101.67,101.71,101.745,101.71,1577.0,1604261250.0,78253
2023-05-10 09:35:34,TF2306,TF2306,101.74,0.0,0.0,0.0,31,101.74,101.745,83,101.67,101.71,101.745,101.71,1577.0,1604261250.0,78253
2023-05-10 09:35:34,TF2306,TF2306,101.745,1.0,1017450.0,1.0,27,101.74,101.745,62,101.67,101.71,101.745,101.71,1578.0,1605278700.0,78254
2023-05-10 09:35:35,TF2306,TF2306,101.745,0.0,0.0,0.0,31,101.74,101.745,62,101.67,101.71,101.745,101.71,1578.0,1605278700.0,78254
2023-05-10 09:35:35,TF2306,TF2306,101.74,3.0,3052250.0,0.0,31,101.74,101.745,60,101.67,101.71,101.745,101.71,1581.0,1608330950.0,78254
2023-05-10 09:35:36,TF2306,TF2306,101.745,4.0,4069800.0,3.0,33,101.74,101.745,56,101.67,101.71,101.745,101.71,1585.0,1612400750.0,78257
2023-05-10 09:35:37,TF2306,TF2306,101.745,0.0,0.0,0.0,37,101.74,101.745,56,101.67,101.71,101.745,101.71,1585.0,1612400750.0,78257
2023-05-10 09:35:37,TF2306,TF2306,101.745,1.0,1017450.0,1.0,38,101.74,101.745,55,101.67,101.71,101.745,101.71,1586.0,1613418200.0,78258
2023-05-10 09:35:38,TF2306,TF2306,101.74,5.0,5087000.0,2.0,36,101.74,101.745,55,101.67,101.71,101.745,101.71,1591.0,1618505200.0,78260
2023-05-10 09:35:38,TF2306,TF2306,101.74,0.0,0.0,0.0,37,101.74,101.745,55,101.67,101.71,101.745,101.71,1591.0,1618505200.0,78260
2023-05-10 09:35:41,TF2306,TF2306,101.74,0.0,0.0,0.0,36,101.74,101.745,55,101.67,101.71,101.745,101.71,1591.0,1618505200.0,78260
2023-05-10 09:35:42,TF2306,TF2306,101.74,0.0,0.0,0.0,36,101.74,101.745,56,101.67,101.71,101.745,101.71,1591.0,1618505200.0,78260
2023-05-10 09:35:44,TF2306,TF2306,101.74,0.0,0.0,0.0,36,101.74,101.745,54,101.67,101.71,101.745,101.71,1591.0,1618505200.0,78260
2023-05-10 09:35:47,TF2306,TF2306,101.74,6.0,6104400.0,0.0,30,101.74,101.745,54,101.67,101.71,101.745,101.71,1597.0,1624609600.0,78260
2023-05-10 09:35:47,TF2306,TF2306,101.745,9.0,9157050.0,0.0,28,101.74,101.745,47,101.67,101.71,101.745,101.71,1606.0,1633766650.0,78260
2023-05-10 09:35:48,TF2306,TF2306,101.745,0.0,0.0,0.0,32,101.74,101.745,47,101.67,101.71,101.745,101.71,1606.0,1633766650.0,78260
2023-05-10 09:35:52,TF2306,TF2306,101.745,1.0,1017450.0,0.0,32,101.74,101.745,46,101.67,101.71,101.745,101.71,1607.0,1634784100.0,78260
2023-05-10 09:35:53,TF2306,TF2306,101.745,0.0,0.0,0.0,34,101.74,101.745,46,101.67,101.71,101.745,101.71,1607.0,1634784100.0,78260
2023-05-10 09:35:53,TF2306,TF2306,101.745,1.0,1017450.0,0.0,36,101.74,101.745,45,101.67,101.71,101.745,101.71,1608.0,1635801550.0,78260
2023-05-10 09:35:55,TF2306,TF2306,101.745,0.0,0.0,0.0,36,101.74,101.745,44,101.67,101.71,101.745,101.71,1608.0,1635801550.0,78260
2023-05-10 09:35:57,TF2306,TF2306,101.745,2.0,2034900.0,2.0,36,101.74,101.745,42,101.67,101.71,101.745,101.71,1610.0,1637836450.0,78262
2023-05-10 09:36:00,TF2306,TF2306,101.74,1.0,1017400.0,-1.0,32,101.74,101.745,42,101.67,101.71,101.745,101.71,1611.0,1638853850.0,78261
2023-05-10 09:36:01,TF2306,TF2306,101.74,31.0,31539400.0,-3.0,6,101.74,101.745,53,101.67,101.71,101.745,101.71,1642.0,1670393250.0,78258
2023-05-10 09:36:01,TF2306,TF2306,101.74,6.0,6104400.0,-2.0,172,101.735,101.74,14,101.67,101.71,101.745,101.71,1648.0,1676497650.0,78256
2023-05-10 09:36:02,TF2306,TF2306,101.74,24.0,24417600.0,16.0,4,101.74,101.745,142,101.67,101.71,101.745,101.71,1672.0,1700915250.0,78272
2023-05-10 09:36:02,TF2306,TF2306,101.74,23.0,23400200.0,-16.0,141,101.735,101.74,16,101.67,101.71,101.745,101.71,1695.0,1724315450.0,78256
2023-05-10 09:36:03,TF2306,TF2306,101.74,0.0,0.0,0.0,62,101.735,101.74,23,101.67,101.71,101.745,101.71,1695.0,1724315450.0,78256
2023-05-10 09:36:03,TF2306,TF2306,101.735,2.0,2034700.0,0.0,63,101.735,101.74,35,101.67,101.71,101.745,101.71,1697.0,1726350150.0,78256
2023-05-10 09:36:04,TF2306,TF2306,101.735,0.0,0.0,0.0,64,101.735,101.74,25,101.67,101.71,101.745,101.71,1697.0,1726350150.0,78256
2023-05-10 09:36:04,TF2306,TF2306,101.735,0.0,0.0,0.0,54,101.735,101.74,25,101.67,101.71,101.745,101.71,1697.0,1726350150.0,78256
2023-05-10 09:36:05,TF2306,TF2306,101.735,0.0,0.0,0.0,54,101.735,101.74,30,101.67,101.71,101.745,101.71,1697.0,1726350150.0,78256
2023-05-10 09:36:05,TF2306,TF2306,101.735,0.0,0.0,0.0,53,101.735,101.74,30,101.67,101.71,101.745,101.71,1697.0,1726350150.0,78256
2023-05-10 09:36:09,TF2306,TF2306,101.735,0.0,0.0,0.0,52,101.735,101.74,29,101.67,101.71,101.745,101.71,1697.0,1726350150.0,78256
2023-05-10 09:36:10,TF2306,TF2306,101.735,0.0,0.0,0.0,48,101.735,101.74,29,101.67,101.71,101.745,101.71,1697.0,1726350150.0,78256
2023-05-10 09:36:10,TF2306,TF2306,101.735,0.0,0.0,0.0,49,101.735,101.74,29,101.67,101.71,101.745,101.71,1697.0,1726350150.0,78256
2023-05-10 09:36:12,TF2306,TF2306,101.735,0.0,0.0,0.0,50,101.735,101.74,29,101.67,101.71,101.745,101.71,1697.0,1726350150.0,78256
2023-05-10 09:36:13,TF2306,TF2306,101.735,0.0,0.0,0.0,51,101.735,101.74,29,101.67,101.71,101.745,101.71,1697.0,1726350150.0,78256
2023-05-10 09:36:13,TF2306,TF2306,101.735,0.0,0.0,0.0,55,101.735,101.74,29,101.67,101.71,101.745,101.71,1697.0,1726350150.0,78256
2023-05-10 09:36:14,TF2306,TF2306,101.74,1.0,1017400.0,0.0,55,101.735,101.74,28,101.67,101.71,101.745,101.71,1698.0,1727367550.0,78256
2023-05-10 09:36:25,TF2306,TF2306,101.735,1.0,1017350.0,0.0,54,101.735,101.74,28,101.67,101.71,101.745,101.71,1699.0,1728384900.0,78256
2023-05-10 09:36:26,TF2306,TF2306,101.735,0.0,0.0,0.0,54,101.735,101.74,30,101.67,101.71,101.745,101.71,1699.0,1728384900.0,78256
2023-05-10 09:36:26,TF2306,TF2306,101.735,0.0,0.0,0.0,53,101.735,101.74,30,101.67,101.71,101.745,101.71,1699.0,1728384900.0,78256
2023-05-10 09:36:27,TF2306,TF2306,101.735,0.0,0.0,0.0,51,101.735,101.74,30,101.67,101.71,101.745,101.71,1699.0,1728384900.0,78256
2023-05-10 09:36:27,TF2306,TF2306,101.735,45.0,45780750.0,-9.0,174,101.73,101.735,8,101.67,101.71,101.745,101.71,1744.0,1774165650.0,78247
2023-05-10 09:36:28,TF2306,TF2306,101.735,0.0,0.0,0.0,66,101.73,101.735,27,101.67,101.71,101.745,101.71,1744.0,1774165650.0,78247
2023-05-10 09:36:28,TF2306,TF2306,101.735,0.0,0.0,0.0,53,101.73,101.735,35,101.67,101.71,101.745,101.71,1744.0,1774165650.0,78247
2023-05-10 09:36:29,TF2306,TF2306,101.735,0.0,0.0,0.0,42,101.73,101.735,25,101.67,101.71,101.745,101.71,1744.0,1774165650.0,78247
2023-05-10 09:36:29,TF2306,TF2306,101.735,0.0,0.0,0.0,44,101.73,101.735,28,101.67,101.71,101.745,101.71,1744.0,1774165650.0,78247
2023-05-10 09:36:35,TF2306,TF2306,101.735,0.0,0.0,0.0,45,101.73,101.735,27,101.67,101.71,101.745,101.71,1744.0,1774165650.0,78247
2023-05-10 09:36:37,TF2306,TF2306,101.735,0.0,0.0,0.0,37,101.73,101.735,27,101.67,101.71,101.745,101.71,1744.0,1774165650.0,78247
2023-05-10 09:36:42,TF2306,TF2306,101.73,2.0,2034600.0,0.0,35,101.73,101.735,27,101.67,101.71,101.745,101.71,1746.0,1776200250.0,78247
2023-05-10 09:36:43,TF2306,TF2306,101.73,0.0,0.0,0.0,33,101.73,101.735,27,101.67,101.71,101.745,101.71,1746.0,1776200250.0,78247
2023-05-10 09:36:43,TF2306,TF2306,101.73,0.0,0.0,0.0,35,101.73,101.735,27,101.67,101.71,101.745,101.71,1746.0,1776200250.0,78247
2023-05-10 09:36:56,TF2306,TF2306,101.735,1.0,1017350.0,0.0,34,101.73,101.735,26,101.67,101.71,101.745,101.71,1747.0,1777217600.0,78247
2023-05-10 09:36:56,TF2306,TF2306,101.735,0.0,0.0,0.0,35,101.73,101.735,26,101.67,101.71,101.745,101.71,1747.0,1777217600.0,78247
2023-05-10 09:36:57,TF2306,TF2306,101.735,24.0,24415650.0,-5.0,24,101.73,101.735,16,101.67,101.71,101.745,101.71,1771.0,1801633250.0,78242
2023-05-10 09:36:57,TF2306,TF2306,101.735,16.0,16277600.0,-5.0,13,101.735,101.74,181,101.67,101.71,101.745,101.71,1787.0,1817910850.0,78237
2023-05-10 09:36:58,TF2306,TF2306,101.735,5.0,5086750.0,5.0,8,101.735,101.74,61,101.67,101.71,101.745,101.71,1792.0,1822997600.0,78242
2023-05-10 09:36:58,TF2306,TF2306,101.74,3.0,3052100.0,2.0,20,101.735,101.74,39,101.67,101.71,101.745,101.71,1795.0,1826049700.0,78244
2023-05-10 09:36:59,TF2306,TF2306,101.74,0.0,0.0,0.0,11,101.735,101.74,38,101.67,101.71,101.745,101.71,1795.0,1826049700.0,78244
2023-05-10 09:36:59,TF2306,TF2306,101.74,0.0,0.0,0.0,14,101.735,101.74,40,101.67,101.71,101.745,101.71,1795.0,1826049700.0,78244
2023-05-10 09:37:00,TF2306,TF2306,101.74,0.0,0.0,0.0,14,101.735,101.74,41,101.67,101.71,101.745,101.71,1795.0,1826049700.0,78244
2023-05-10 09:37:00,TF2306,TF2306,101.74,0.0,0.0,0.0,14,101.735,101.74,49,101.67,101.71,101.745,101.71,1795.0,1826049700.0,78244
2023-05-10 09:37:02,TF2306,TF2306,101.735,10.0,10173500.0,-2.0,188,101.73,101.74,49,101.67,101.71,101.745,101.71,1805.0,1836223200.0,78242
2023-05-10 09:37:02,TF2306,TF2306,101.735,5.0,5086750.0,2.0,10,101.735,101.74,64,101.67,101.71,101.745,101.71,1810.0,1841309950.0,78244
2023-05-10 09:37:03,TF2306,TF2306,101.735,2.0,2034700.0,0.0,18,101.735,101.74,49,101.67,101.71,101.745,101.71,1812.0,1843344650.0,78244
2023-05-10 09:37:05,TF2306,TF2306,101.735,0.0,0.0,0.0,19,101.735,101.74,55,101.67,101.71,101.745,101.71,1812.0,1843344650.0,78244
2023-05-10 09:37:05,TF2306,TF2306,101.735,0.0,0.0,0.0,20,101.735,101.74,55,101.67,101.71,101.745,101.71,1812.0,1843344650.0,78244
2023-05-10 09:37:06,TF2306,TF2306,101.735,0.0,0.0,0.0,21,101.735,101.74,55,101.67,101.71,101.745,101.71,1812.0,1843344650.0,78244
2023-05-10 09:37:09,TF2306,TF2306,101.735,0.0,0.0,0.0,13,101.735,101.74,55,101.67,101.71,101.745,101.71,1812.0,1843344650.0,78244
2023-05-10 09:37:10,TF2306,TF2306,101.735,0.0,0.0,0.0,15,101.735,101.74,55,101.67,101.71,101.745,101.71,1812.0,1843344650.0,78244
2023-05-10 09:37:11,TF2306,TF2306,101.735,15.0,15260250.0,0.0,198,101.73,101.74,55,101.67,101.71,101.745,101.71,1827.0,1858604900.0,78244
2023-05-10 09:37:12,TF2306,TF2306,101.735,1.0,1017350.0,1.0,101,101.73,101.735,1,101.67,101.71,101.745,101.71,1828.0,1859622250.0,78245
2023-05-10 09:37:12,TF2306,TF2306,101.735,5.0,5086750.0,-2.0,69,101.73,101.735,7,101.67,101.71,101.745,101.71,1833.0,1864709000.0,78243
2023-05-10 09:37:13,TF2306,TF2306,101.735,0.0,0.0,0.0,72,101.73,101.735,5,101.67,101.71,101.745,101.71,1833.0,1864709000.0,78243
2023-05-10 09:37:13,TF2306,TF2306,101.735,3.0,3052050.0,-3.0,72,101.73,101.735,1,101.67,101.71,101.745,101.71,1836.0,1867761050.0,78240
2023-05-10 09:37:14,TF2306,TF2306,101.735,1.0,1017350.0,0.0,3,101.735,101.74,197,101.67,101.71,101.745,101.71,1837.0,1868778400.0,78240
2023-05-10 09:37:14,TF2306,TF2306,101.735,7.0,7121450.0,2.0,156,101.73,101.74,78,101.67,101.71,101.745,101.71,1844.0,1875899850.0,78242
2023-05-10 09:37:15,TF2306,TF2306,101.735,18.0,18312300.0,4.0,5,101.735,101.74,86,101.67,101.71,101.745,101.71,1862.0,1894212150.0,78246
2023-05-10 09:37:15,TF2306,TF2306,101.735,4.0,4069400.0,4.0,6,101.735,101.74,61,101.67,101.71,101.745,101.71,1866.0,1898281550.0,78250
2023-05-10 09:37:16,TF2306,TF2306,101.735,5.0,5086750.0,-3.0,1,101.735,101.74,69,101.67,101.71,101.745,101.71,1871.0,1903368300.0,78247
2023-05-10 09:37:16,TF2306,TF2306,101.735,0.0,0.0,0.0,174,101.73,101.735,3,101.67,101.71,101.745,101.71,1871.0,1903368300.0,78247
2023-05-10 09:37:17,TF2306,TF2306,101.735,3.0,3052050.0,0.0,1,101.735,101.74,147,101.67,101.71,101.745,101.71,1874.0,1906420350.0,78247
2023-05-10 09:37:17,TF2306,TF2306,101.735,3.0,3052050.0,2.0,18,101.735,101.74,70,101.67,101.71,101.745,101.71,1877.0,1909472400.0,78249
2023-05-10 09:37:18,TF2306,TF2306,101.735,0.0,0.0,0.0,28,101.735,101.74,58,101.67,101.71,101.745,101.71,1877.0,1909472400.0,78249
2023-05-10 09:37:18,TF2306,TF2306,101.735,0.0,0.0,0.0,20,101.735,101.74,58,101.67,101.71,101.745,101.71,1877.0,1909472400.0,78249
2023-05-10 09:37:19,TF2306,TF2306,101.735,0.0,0.0,0.0,40,101.735,101.74,58,101.67,101.71,101.745,101.71,1877.0,1909472400.0,78249
2023-05-10 09:37:19,TF2306,TF2306,101.735,0.0,0.0,0.0,44,101.735,101.74,58,101.67,101.71,101.745,101.71,1877.0,1909472400.0,78249
2023-05-10 09:37:23,TF2306,TF2306,101.735,0.0,0.0,0.0,43,101.735,101.74,58,101.67,101.71,101.745,101.71,1877.0,1909472400.0,78249
2023-05-10 09:37:25,TF2306,TF2306,101.735,2.0,2034700.0,0.0,41,101.735,101.74,58,101.67,101.71,101.745,101.71,1879.0,1911507100.0,78249
2023-05-10 09:37:27,TF2306,TF2306,101.735,0.0,0.0,0.0,44,101.735,101.74,58,101.67,101.71,101.745,101.71,1879.0,1911507100.0,78249
2023-05-10 09:37:31,TF2306,TF2306,101.735,0.0,0.0,0.0,46,101.735,101.74,58,101.67,101.71,101.745,101.71,1879.0,1911507100.0,78249
2023-05-10 09:37:40,TF2306,TF2306,101.735,6.0,6104100.0,0.0,40,101.735,101.74,58,101.67,101.71,101.745,101.71,1885.0,1917611200.0,78249
2023-05-10 09:37:43,TF2306,TF2306,101.735,1.0,1017350.0,0.0,39,101.735,101.74,58,101.67,101.71,101.745,101.71,1886.0,1918628550.0,78249
2023-05-10 09:37:44,TF2306,TF2306,101.735,39.0,39676650.0,-4.0,183,101.73,101.735,4,101.67,101.71,101.745,101.71,1925.0,1958305200.0,78245
2023-05-10 09:37:44,TF2306,TF2306,101.735,5.0,5086750.0,0.0,86,101.73,101.735,4,101.67,101.71,101.745,101.71,1930.0,1963391950.0,78245
2023-05-10 09:37:45,TF2306,TF2306,101.735,4.0,4069400.0,-3.0,67,101.73,101.735,10,101.67,101.71,101.745,101.71,1934.0,1967461350.0,78242
2023-05-10 09:37:45,TF2306,TF2306,101.735,0.0,0.0,0.0,67,101.73,101.74,199,101.67,101.71,101.745,101.71,1934.0,1967461350.0,78242
2023-05-10 09:37:46,TF2306,TF2306,101.735,0.0,0.0,0.0,67,101.73,101.735,2,101.67,101.71,101.745,101.71,1934.0,1967461350.0,78242
2023-05-10 09:37:46,TF2306,TF2306,101.735,2.0,2034700.0,1.0,67,101.73,101.74,169,101.67,101.71,101.745,101.71,1936.0,1969496050.0,78243
2023-05-10 09:37:47,TF2306,TF2306,101.735,0.0,0.0,0.0,66,101.73,101.74,85,101.67,101.71,101.745,101.71,1936.0,1969496050.0,78243
2023-05-10 09:37:47,TF2306,TF2306,101.735,1.0,1017350.0,-1.0,66,101.73,101.74,74,101.67,101.71,101.745,101.71,1937.0,1970513400.0,78242
2023-05-10 09:37:48,TF2306,TF2306,101.735,0.0,0.0,0.0,66,101.73,101.74,76,101.67,101.71,101.745,101.71,1937.0,1970513400.0,78242
2023-05-10 09:37:49,TF2306,TF2306,101.735,0.0,0.0,0.0,10,101.735,101.74,76,101.67,101.71,101.745,101.71,1937.0,1970513400.0,78242
2023-05-10 09:37:49,TF2306,TF2306,101.735,0.0,0.0,0.0,14,101.735,101.74,61,101.67,101.71,101.745,101.71,1937.0,1970513400.0,78242
2023-05-10 09:37:50,TF2306,TF2306,101.735,0.0,0.0,0.0,14,101.735,101.74,59,101.67,101.71,101.745,101.71,1937.0,1970513400.0,78242
2023-05-10 09:37:53,TF2306,TF2306,101.74,10.0,10174000.0,-7.0,11,101.735,101.74,52,101.67,101.71,101.745,101.71,1947.0,1980687400.0,78235
2023-05-10 09:37:54,TF2306,TF2306,101.74,0.0,0.0,0.0,15,101.735,101.74,57,101.67,101.71,101.745,101.71,1947.0,1980687400.0,78235
2023-05-10 09:37:55,TF2306,TF2306,101.735,1.0,1017350.0,1.0,14,101.735,101.74,57,101.67,101.71,101.745,101.71,1948.0,1981704750.0,78236
2023-05-10 09:37:56,TF2306,TF2306,101.74,1.0,1017400.0,0.0,14,101.735,101.74,56,101.67,101.71,101.745,101.71,1949.0,1982722150.0,78236
2023-05-10 09:37:58,TF2306,TF2306,101.735,7.0,7121450.0,3.0,7,101.735,101.74,60,101.67,101.71,101.745,101.71,1956.0,1989843600.0,78239
2023-05-10 09:37:58,TF2306,TF2306,101.735,7.0,7121450.0,-3.0,185,101.73,101.735,3,101.67,101.71,101.745,101.71,1963.0,1996965050.0,78236
2023-05-10 09:37:59,TF2306,TF2306,101.735,0.0,0.0,0.0,79,101.73,101.735,5,101.67,101.71,101.745,101.71,1963.0,1996965050.0,78236
2023-05-10 09:37:59,TF2306,TF2306,101.735,0.0,0.0,0.0,77,101.73,101.735,21,101.67,101.71,101.745,101.71,1963.0,1996965050.0,78236
2023-05-10 09:38:00,TF2306,TF2306,101.73,3.0,3051900.0,0.0,64,101.73,101.735,12,101.67,101.71,101.745,101.71,1966.0,2000016950.0,78236
2023-05-10 09:38:00,TF2306,TF2306,101.73,0.0,0.0,0.0,54,101.73,101.735,18,101.67,101.71,101.745,101.71,1966.0,2000016950.0,78236
2023-05-10 09:38:01,TF2306,TF2306,101.73,0.0,0.0,0.0,58,101.73,101.735,19,101.67,101.71,101.745,101.71,1966.0,2000016950.0,78236
2023-05-10 09:38:02,TF2306,TF2306,101.73,0.0,0.0,0.0,57,101.73,101.735,19,101.67,101.71,101.745,101.71,1966.0,2000016950.0,78236
2023-05-10 09:38:04,TF2306,TF2306,101.73,0.0,0.0,0.0,59,101.73,101.735,19,101.67,101.71,101.745,101.71,1966.0,2000016950.0,78236
2023-05-10 09:38:04,TF2306,TF2306,101.735,3.0,3052050.0,0.0,62,101.73,101.735,16,101.67,101.71,101.745,101.71,1969.0,2003069000.0,78236
2023-05-10 09:38:05,TF2306,TF2306,101.735,12.0,12208200.0,4.0,62,101.73,101.74,195,101.67,101.71,101.745,101.71,1981.0,2015277200.0,78240
2023-05-10 09:38:05,TF2306,TF2306,101.74,8.0,8139100.0,0.0,72,101.73,101.74,99,101.67,101.71,101.745,101.71,1989.0,2023416300.0,78240
2023-05-10 09:38:06,TF2306,TF2306,101.74,0.0,0.0,0.0,2,101.735,101.74,79,101.67,101.71,101.745,101.71,1989.0,2023416300.0,78240
2023-05-10 09:38:06,TF2306,TF2306,101.74,0.0,0.0,0.0,12,101.735,101.74,64,101.67,101.71,101.745,101.71,1989.0,2023416300.0,78240
2023-05-10 09:38:07,TF2306,TF2306,101.74,0.0,0.0,0.0,16,101.735,101.74,51,101.67,101.71,101.745,101.71,1989.0,2023416300.0,78240
2023-05-10 09:38:07,TF2306,TF2306,101.74,0.0,0.0,0.0,20,101.735,101.74,51,101.67,101.71,101.745,101.71,1989.0,2023416300.0,78240
2023-05-10 09:38:08,TF2306,TF2306,101.74,0.0,0.0,0.0,21,101.735,101.74,51,101.67,101.71,101.745,101.71,1989.0,2023416300.0,78240
2023-05-10 09:38:08,TF2306,TF2306,101.74,0.0,0.0,0.0,41,101.735,101.74,49,101.67,101.71,101.745,101.71,1989.0,2023416300.0,78240
2023-05-10 09:38:09,TF2306,TF2306,101.74,1.0,1017400.0,0.0,48,101.735,101.74,50,101.67,101.71,101.745,101.71,1990.0,2024433700.0,78240
2023-05-10 09:38:09,TF2306,TF2306,101.74,0.0,0.0,0.0,48,101.735,101.74,45,101.67,101.71,101.745,101.71,1990.0,2024433700.0,78240
2023-05-10 09:38:11,TF2306,TF2306,101.74,0.0,0.0,0.0,49,101.735,101.74,45,101.67,101.71,101.745,101.71,1990.0,2024433700.0,78240
2023-05-10 09:38:14,TF2306,TF2306,101.74,0.0,0.0,0.0,46,101.735,101.74,45,101.67,101.71,101.745,101.71,1990.0,2024433700.0,78240
2023-05-10 09:38:14,TF2306,TF2306,101.74,0.0,0.0,0.0,43,101.735,101.74,45,101.67,101.71,101.745,101.71,1990.0,2024433700.0,78240
2023-05-10 09:38:15,TF2306,TF2306,101.74,0.0,0.0,0.0,45,101.735,101.74,48,101.67,101.71,101.745,101.71,1990.0,2024433700.0,78240
2023-05-10 09:38:15,TF2306,TF2306,101.74,0.0,0.0,0.0,44,101.735,101.74,48,101.67,101.71,101.745,101.71,1990.0,2024433700.0,78240
2023-05-10 09:38:17,TF2306,TF2306,101.74,0.0,0.0,0.0,44,101.735,101.74,50,101.67,101.71,101.745,101.71,1990.0,2024433700.0,78240
2023-05-10 09:38:17,TF2306,TF2306,101.74,0.0,0.0,0.0,44,101.735,101.74,48,101.67,101.71,101.745,101.71,1990.0,2024433700.0,78240
2023-05-10 09:38:20,TF2306,TF2306,101.74,0.0,0.0,0.0,45,101.735,101.74,48,101.67,101.71,101.745,101.71,1990.0,2024433700.0,78240
2023-05-10 09:38:21,TF2306,TF2306,101.74,0.0,0.0,0.0,50,101.735,101.74,48,101.67,101.71,101.745,101.71,1990.0,2024433700.0,78240
2023-05-10 09:38:21,TF2306,TF2306,101.74,0.0,0.0,0.0,53,101.735,101.74,49,101.67,101.71,101.745,101.71,1990.0,2024433700.0,78240
2023-05-10 09:38:28,TF2306,TF2306,101.74,0.0,0.0,0.0,55,101.735,101.74,50,101.67,101.71,101.745,101.71,1990.0,2024433700.0,78240
2023-05-10 09:38:28,TF2306,TF2306,101.74,0.0,0.0,0.0,56,101.735,101.74,60,101.67,101.71,101.745,101.71,1990.0,2024433700.0,78240
2023-05-10 09:38:30,TF2306,TF2306,101.74,0.0,0.0,0.0,53,101.735,101.74,60,101.67,101.71,101.745,101.71,1990.0,2024433700.0,78240
2023-05-10 09:38:31,TF2306,TF2306,101.735,15.0,15260250.0,5.0,39,101.735,101.74,60,101.67,101.71,101.745,101.71,2005.0,2039693950.0,78245
2023-05-10 09:38:31,TF2306,TF2306,101.735,0.0,0.0,0.0,36,101.735,101.74,60,101.67,101.71,101.745,101.71,2005.0,2039693950.0,78245
2023-05-10 09:38:33,TF2306,TF2306,101.74,4.0,4069600.0,-3.0,36,101.735,101.74,56,101.67,101.71,101.745,101.71,2009.0,2043763550.0,78242
2023-05-10 09:38:33,TF2306,TF2306,101.74,0.0,0.0,0.0,36,101.735,101.74,59,101.67,101.71,101.745,101.71,2009.0,2043763550.0,78242
2023-05-10 09:38:34,TF2306,TF2306,101.735,10.0,10173500.0,9.0,26,101.735,101.74,59,101.67,101.71,101.745,101.71,2019.0,2053937050.0,78251
2023-05-10 09:38:35,TF2306,TF2306,101.735,0.0,0.0,0.0,26,101.735,101.74,60,101.67,101.71,101.745,101.71,2019.0,2053937050.0,78251
2023-05-10 09:38:35,TF2306,TF2306,101.735,26.0,26451100.0,-4.0,187,101.73,101.735,6,101.67,101.71,101.745,101.71,2045.0,2080388150.0,78247
2023-05-10 09:38:36,TF2306,TF2306,101.73,1.0,1017300.0,0.0,87,101.73,101.735,13,101.67,101.71,101.745,101.71,2046.0,2081405450.0,78247
2023-05-10 09:38:36,TF2306,TF2306,101.73,0.0,0.0,0.0,66,101.73,101.735,27,101.67,101.71,101.745,101.71,2046.0,2081405450.0,78247
2023-05-10 09:38:37,TF2306,TF2306,101.73,0.0,0.0,0.0,55,101.73,101.735,21,101.67,101.71,101.745,101.71,2046.0,2081405450.0,78247
2023-05-10 09:38:37,TF2306,TF2306,101.73,0.0,0.0,0.0,58,101.73,101.735,29,101.67,101.71,101.745,101.71,2046.0,2081405450.0,78247
2023-05-10 09:38:38,TF2306,TF2306,101.73,0.0,0.0,0.0,57,101.73,101.735,29,101.67,101.71,101.745,101.71,2046.0,2081405450.0,78247
2023-05-10 09:38:39,TF2306,TF2306,101.73,0.0,0.0,0.0,57,101.73,101.735,40,101.67,101.71,101.745,101.71,2046.0,2081405450.0,78247
2023-05-10 09:38:43,TF2306,TF2306,101.73,0.0,0.0,0.0,57,101.73,101.735,39,101.67,101.71,101.745,101.71,2046.0,2081405450.0,78247
2023-05-10 09:38:56,TF2306,TF2306,101.73,0.0,0.0,0.0,57,101.73,101.735,42,101.67,101.71,101.745,101.71,2046.0,2081405450.0,78247
2023-05-10 09:38:56,TF2306,TF2306,101.73,0.0,0.0,0.0,57,101.73,101.735,43,101.67,101.71,101.745,101.71,2046.0,2081405450.0,78247
2023-05-10 09:38:58,TF2306,TF2306,101.73,1.0,1017300.0,1.0,56,101.73,101.735,43,101.67,101.71,101.745,101.71,2047.0,2082422750.0,78248
2023-05-10 09:38:58,TF2306,TF2306,101.73,0.0,0.0,0.0,55,101.73,101.735,43,101.67,101.71,101.745,101.71,2047.0,2082422750.0,78248
2023-05-10 09:38:59,TF2306,TF2306,101.73,0.0,0.0,0.0,54,101.73,101.735,43,101.67,101.71,101.745,101.71,2047.0,2082422750.0,78248
2023-05-10 09:39:00,TF2306,TF2306,101.73,0.0,0.0,0.0,40,101.73,101.735,48,101.67,101.71,101.745,101.71,2047.0,2082422750.0,78248
2023-05-10 09:39:01,TF2306,TF2306,101.73,0.0,0.0,0.0,40,101.73,101.735,51,101.67,101.71,101.745,101.71,2047.0,2082422750.0,78248
2023-05-10 09:39:02,TF2306,TF2306,101.73,0.0,0.0,0.0,40,101.73,101.735,48,101.67,101.71,101.745,101.71,2047.0,2082422750.0,78248
2023-05-10 09:39:02,TF2306,TF2306,101.73,0.0,0.0,0.0,42,101.73,101.735,48,101.67,101.71,101.745,101.71,2047.0,2082422750.0,78248
2023-05-10 09:39:03,TF2306,TF2306,101.73,0.0,0.0,0.0,43,101.73,101.735,46,101.67,101.71,101.745,101.71,2047.0,2082422750.0,78248
2023-05-10 09:39:03,TF2306,TF2306,101.73,0.0,0.0,0.0,43,101.73,101.735,45,101.67,101.71,101.745,101.71,2047.0,2082422750.0,78248
2023-05-10 09:39:05,TF2306,TF2306,101.73,0.0,0.0,0.0,63,101.73,101.735,50,101.67,101.71,101.745,101.71,2047.0,2082422750.0,78248
2023-05-10 09:39:05,TF2306,TF2306,101.73,0.0,0.0,0.0,66,101.73,101.735,50,101.67,101.71,101.745,101.71,2047.0,2082422750.0,78248
2023-05-10 09:39:06,TF2306,TF2306,101.73,0.0,0.0,0.0,71,101.73,101.735,50,101.67,101.71,101.745,101.71,2047.0,2082422750.0,78248
2023-05-10 09:39:06,TF2306,TF2306,101.73,2.0,2034600.0,-2.0,69,101.73,101.735,47,101.67,101.71,101.745,101.71,2049.0,2084457350.0,78246
2023-05-10 09:39:07,TF2306,TF2306,101.73,0.0,0.0,0.0,70,101.73,101.735,47,101.67,101.71,101.745,101.71,2049.0,2084457350.0,78246
2023-05-10 09:39:08,TF2306,TF2306,101.73,0.0,0.0,0.0,50,101.73,101.735,47,101.67,101.71,101.745,101.71,2049.0,2084457350.0,78246
2023-05-10 09:39:09,TF2306,TF2306,101.73,0.0,0.0,0.0,50,101.73,101.735,50,101.67,101.71,101.745,101.71,2049.0,2084457350.0,78246
2023-05-10 09:39:09,TF2306,TF2306,101.73,0.0,0.0,0.0,49,101.73,101.735,50,101.67,101.71,101.745,101.71,2049.0,2084457350.0,78246
2023-05-10 09:39:10,TF2306,TF2306,101.73,0.0,0.0,0.0,50,101.73,101.735,52,101.67,101.71,101.745,101.71,2049.0,2084457350.0,78246
2023-05-10 09:39:11,TF2306,TF2306,101.735,23.0,23399050.0,11.0,53,101.73,101.735,32,101.67,101.71,101.745,101.71,2072.0,2107856400.0,78257
2023-05-10 09:39:12,TF2306,TF2306,101.735,0.0,0.0,0.0,53,101.73,101.735,33,101.67,101.71,101.745,101.71,2072.0,2107856400.0,78257
2023-05-10 09:39:12,TF2306,TF2306,101.73,1.0,1017300.0,-1.0,52,101.73,101.735,34,101.67,101.71,101.745,101.71,2073.0,2108873700.0,78256
2023-05-10 09:39:13,TF2306,TF2306,101.73,0.0,0.0,0.0,55,101.73,101.735,34,101.67,101.71,101.745,101.71,2073.0,2108873700.0,78256
2023-05-10 09:39:15,TF2306,TF2306,101.73,2.0,2034600.0,-2.0,53,101.73,101.735,36,101.67,101.71,101.745,101.71,2075.0,2110908300.0,78254
2023-05-10 09:39:15,TF2306,TF2306,101.73,1.0,1017300.0,1.0,52,101.73,101.735,35,101.67,101.71,101.745,101.71,2076.0,2111925600.0,78255
2023-05-10 09:39:16,TF2306,TF2306,101.73,0.0,0.0,0.0,53,101.73,101.735,35,101.67,101.71,101.745,101.71,2076.0,2111925600.0,78255
2023-05-10 09:39:30,TF2306,TF2306,101.73,0.0,0.0,0.0,51,101.73,101.735,43,101.67,101.71,101.745,101.71,2076.0,2111925600.0,78255
2023-05-10 09:39:31,TF2306,TF2306,101.73,0.0,0.0,0.0,51,101.73,101.735,45,101.67,101.71,101.745,101.71,2076.0,2111925600.0,78255
2023-05-10 09:39:31,TF2306,TF2306,101.73,0.0,0.0,0.0,50,101.73,101.735,45,101.67,101.71,101.745,101.71,2076.0,2111925600.0,78255
2023-05-10 09:39:33,TF2306,TF2306,101.73,0.0,0.0,0.0,48,101.73,101.735,45,101.67,101.71,101.745,101.71,2076.0,2111925600.0,78255
2023-05-10 09:39:33,TF2306,TF2306,101.73,0.0,0.0,0.0,50,101.73,101.735,45,101.67,101.71,101.745,101.71,2076.0,2111925600.0,78255
2023-05-10 09:39:36,TF2306,TF2306,101.73,0.0,0.0,0.0,47,101.73,101.735,45,101.67,101.71,101.745,101.71,2076.0,2111925600.0,78255
2023-05-10 09:39:39,TF2306,TF2306,101.73,36.0,36622800.0,-11.0,163,101.725,101.73,12,101.67,101.71,101.745,101.71,2112.0,2148548400.0,78244
2023-05-10 09:39:40,TF2306,TF2306,101.73,0.0,0.0,0.0,54,101.725,101.73,21,101.67,101.71,101.745,101.71,2112.0,2148548400.0,78244
2023-05-10 09:39:40,TF2306,TF2306,101.73,0.0,0.0,0.0,54,101.725,101.73,31,101.67,101.71,101.745,101.71,2112.0,2148548400.0,78244
2023-05-10 09:39:41,TF2306,TF2306,101.73,0.0,0.0,0.0,32,101.725,101.73,21,101.67,101.71,101.745,101.71,2112.0,2148548400.0,78244
2023-05-10 09:39:41,TF2306,TF2306,101.73,0.0,0.0,0.0,32,101.725,101.73,38,101.67,101.71,101.745,101.71,2112.0,2148548400.0,78244
2023-05-10 09:39:42,TF2306,TF2306,101.73,0.0,0.0,0.0,32,101.725,101.73,45,101.67,101.71,101.745,101.71,2112.0,2148548400.0,78244
2023-05-10 09:39:43,TF2306,TF2306,101.73,0.0,0.0,0.0,26,101.725,101.73,48,101.67,101.71,101.745,101.71,2112.0,2148548400.0,78244
2023-05-10 09:39:44,TF2306,TF2306,101.73,0.0,0.0,0.0,23,101.725,101.73,50,101.67,101.71,101.745,101.71,2112.0,2148548400.0,78244
2023-05-10 09:39:45,TF2306,TF2306,101.725,6.0,6103500.0,-1.0,13,101.725,101.73,51,101.67,101.71,101.745,101.71,2118.0,2154651900.0,78243
2023-05-10 09:39:45,TF2306,TF2306,101.725,3.0,3051750.0,0.0,10,101.725,101.73,51,101.67,101.71,101.745,101.71,2121.0,2157703650.0,78243
2023-05-10 09:39:46,TF2306,TF2306,101.725,1.0,1017250.0,-1.0,8,101.725,101.73,52,101.67,101.71,101.745,101.71,2122.0,2158720900.0,78242
2023-05-10 09:39:46,TF2306,TF2306,101.725,1.0,1017250.0,0.0,7,101.725,101.73,52,101.67,101.71,101.745,101.71,2123.0,2159738150.0,78242
2023-05-10 09:39:47,TF2306,TF2306,101.725,0.0,0.0,0.0,9,101.725,101.73,52,101.67,101.71,101.745,101.71,2123.0,2159738150.0,78242
2023-05-10 09:39:47,TF2306,TF2306,101.725,1.0,1017250.0,0.0,10,101.725,101.73,52,101.67,101.71,101.745,101.71,2124.0,2160755400.0,78242
2023-05-10 09:39:48,TF2306,TF2306,101.72,12.0,12207000.0,-4.0,186,101.72,101.73,52,101.67,101.71,101.745,101.71,2136.0,2172962400.0,78238
2023-05-10 09:39:49,TF2306,TF2306,101.72,0.0,0.0,0.0,87,101.72,101.73,67,101.67,101.71,101.745,101.71,2136.0,2172962400.0,78238
2023-05-10 09:39:49,TF2306,TF2306,101.72,0.0,0.0,0.0,86,101.72,101.73,77,101.67,101.71,101.745,101.71,2136.0,2172962400.0,78238
2023-05-10 09:39:50,TF2306,TF2306,101.72,0.0,0.0,0.0,75,101.72,101.73,69,101.67,101.71,101.745,101.71,2136.0,2172962400.0,78238
2023-05-10 09:39:51,TF2306,TF2306,101.72,0.0,0.0,0.0,74,101.72,101.725,1,101.67,101.71,101.745,101.71,2136.0,2172962400.0,78238
2023-05-10 09:39:52,TF2306,TF2306,101.73,15.0,15259200.0,5.0,64,101.72,101.73,140,101.67,101.71,101.745,101.71,2151.0,2188221600.0,78243
2023-05-10 09:39:52,TF2306,TF2306,101.73,1.0,1017300.0,0.0,2,101.725,101.73,88,101.67,101.71,101.745,101.71,2152.0,2189238900.0,78243
2023-05-10 09:39:53,TF2306,TF2306,101.73,0.0,0.0,0.0,30,101.725,101.73,67,101.67,101.71,101.745,101.71,2152.0,2189238900.0,78243
2023-05-10 09:39:53,TF2306,TF2306,101.73,0.0,0.0,0.0,32,101.725,101.73,58,101.67,101.71,101.745,101.71,2152.0,2189238900.0,78243
2023-05-10 09:39:54,TF2306,TF2306,101.73,0.0,0.0,0.0,38,101.725,101.73,45,101.67,101.71,101.745,101.71,2152.0,2189238900.0,78243
2023-05-10 09:39:55,TF2306,TF2306,101.73,4.0,4069200.0,-2.0,41,101.725,101.73,45,101.67,101.71,101.745,101.71,2156.0,2193308100.0,78241
2023-05-10 09:39:55,TF2306,TF2306,101.73,0.0,0.0,0.0,39,101.725,101.73,44,101.67,101.71,101.745,101.71,2156.0,2193308100.0,78241
2023-05-10 09:39:56,TF2306,TF2306,101.73,6.0,6103800.0,-2.0,39,101.725,101.73,40,101.67,101.71,101.745,101.71,2162.0,2199411900.0,78239
2023-05-10 09:39:56,TF2306,TF2306,101.73,0.0,0.0,0.0,44,101.725,101.73,40,101.67,101.71,101.745,101.71,2162.0,2199411900.0,78239
2023-05-10 09:39:57,TF2306,TF2306,101.73,15.0,15259500.0,4.0,44,101.725,101.73,27,101.67,101.71,101.745,101.71,2177.0,2214671400.0,78243
2023-05-10 09:39:57,TF2306,TF2306,101.73,0.0,0.0,0.0,47,101.725,101.73,27,101.67,101.71,101.745,101.71,2177.0,2214671400.0,78243
2023-05-10 09:39:58,TF2306,TF2306,101.73,0.0,0.0,0.0,47,101.725,101.73,20,101.67,101.71,101.745,101.71,2177.0,2214671400.0,78243
2023-05-10 09:39:58,TF2306,TF2306,101.73,0.0,0.0,0.0,50,101.725,101.73,18,101.67,101.71,101.745,101.71,2177.0,2214671400.0,78243
2023-05-10 09:39:59,TF2306,TF2306,101.73,0.0,0.0,0.0,50,101.725,101.73,17,101.67,101.71,101.745,101.71,2177.0,2214671400.0,78243
2023-05-10 09:40:00,TF2306,TF2306,101.73,0.0,0.0,0.0,53,101.725,101.73,20,101.67,101.71,101.745,101.71,2177.0,2214671400.0,78243
2023-05-10 09:40:00,TF2306,TF2306,101.73,0.0,0.0,0.0,54,101.725,101.73,22,101.67,101.71,101.745,101.71,2177.0,2214671400.0,78243
2023-05-10 09:40:01,TF2306,TF2306,101.73,0.0,0.0,0.0,54,101.725,101.73,20,101.67,101.71,101.745,101.71,2177.0,2214671400.0,78243
2023-05-10 09:40:02,TF2306,TF2306,101.73,0.0,0.0,0.0,54,101.725,101.73,17,101.67,101.71,101.745,101.71,2177.0,2214671400.0,78243
2023-05-10 09:40:02,TF2306,TF2306,101.73,2.0,2034600.0,0.0,53,101.725,101.73,13,101.67,101.71,101.745,101.71,2179.0,2216706000.0,78243
2023-05-10 09:40:03,TF2306,TF2306,101.73,0.0,0.0,0.0,55,101.725,101.73,13,101.67,101.71,101.745,101.71,2179.0,2216706000.0,78243
2023-05-10 09:40:03,TF2306,TF2306,101.73,0.0,0.0,0.0,55,101.725,101.73,16,101.67,101.71,101.745,101.71,2179.0,2216706000.0,78243
2023-05-10 09:40:04,TF2306,TF2306,101.73,0.0,0.0,0.0,55,101.725,101.73,18,101.67,101.71,101.745,101.71,2179.0,2216706000.0,78243
2023-05-10 09:40:08,TF2306,TF2306,101.73,0.0,0.0,0.0,55,101.725,101.73,28,101.67,101.71,101.745,101.71,2179.0,2216706000.0,78243
2023-05-10 09:40:09,TF2306,TF2306,101.73,0.0,0.0,0.0,55,101.725,101.73,40,101.67,101.71,101.745,101.71,2179.0,2216706000.0,78243
2023-05-10 09:40:10,TF2306,TF2306,101.73,0.0,0.0,0.0,55,101.725,101.73,44,101.67,101.71,101.745,101.71,2179.0,2216706000.0,78243
2023-05-10 09:40:10,TF2306,TF2306,101.73,0.0,0.0,0.0,56,101.725,101.73,46,101.67,101.71,101.745,101.71,2179.0,2216706000.0,78243
2023-05-10 09:40:11,TF2306,TF2306,101.73,0.0,0.0,0.0,56,101.725,101.73,47,101.67,101.71,101.745,101.71,2179.0,2216706000.0,78243
2023-05-10 09:40:13,TF2306,TF2306,101.73,0.0,0.0,0.0,56,101.725,101.73,46,101.67,101.71,101.745,101.71,2179.0,2216706000.0,78243
2023-05-10 09:40:14,TF2306,TF2306,101.73,0.0,0.0,0.0,66,101.725,101.73,56,101.67,101.71,101.745,101.71,2179.0,2216706000.0,78243
2023-05-10 09:40:18,TF2306,TF2306,101.73,0.0,0.0,0.0,66,101.725,101.73,53,101.67,101.71,101.745,101.71,2179.0,2216706000.0,78243
2023-05-10 09:40:21,TF2306,TF2306,101.73,40.0,40692000.0,35.0,17,101.73,101.735,194,101.67,101.71,101.745,101.71,2219.0,2257398000.0,78278
2023-05-10 09:40:22,TF2306,TF2306,101.73,15.0,15259500.0,0.0,24,101.73,101.735,69,101.67,101.71,101.745,101.71,2234.0,2272657500.0,78278
2023-05-10 09:40:22,TF2306,TF2306,101.73,4.0,4069200.0,0.0,32,101.73,101.735,61,101.67,101.71,101.745,101.71,2238.0,2276726700.0,78278
2023-05-10 09:40:23,TF2306,TF2306,101.73,0.0,0.0,0.0,25,101.73,101.735,60,101.67,101.71,101.745,101.71,2238.0,2276726700.0,78278
2023-05-10 09:40:23,TF2306,TF2306,101.73,1.0,1017300.0,-1.0,29,101.73,101.735,63,101.67,101.71,101.745,101.71,2239.0,2277744000.0,78277
2023-05-10 09:40:24,TF2306,TF2306,101.73,0.0,0.0,0.0,29,101.73,101.735,64,101.67,101.71,101.745,101.71,2239.0,2277744000.0,78277
2023-05-10 09:40:24,TF2306,TF2306,101.73,0.0,0.0,0.0,18,101.73,101.735,64,101.67,101.71,101.745,101.71,2239.0,2277744000.0,78277
2023-05-10 09:40:25,TF2306,TF2306,101.73,7.0,7121100.0,0.0,16,101.73,101.735,66,101.67,101.71,101.745,101.71,2246.0,2284865100.0,78277
2023-05-10 09:40:25,TF2306,TF2306,101.73,12.0,12207600.0,-2.0,4,101.73,101.735,62,101.67,101.71,101.745,101.71,2258.0,2297072700.0,78275
2023-05-10 09:40:26,TF2306,TF2306,101.73,4.0,4069200.0,-1.0,179,101.725,101.73,56,101.67,101.71,101.745,101.71,2262.0,2301141900.0,78274
2023-05-10 09:40:26,TF2306,TF2306,101.73,10.0,10173000.0,6.0,73,101.725,101.73,55,101.67,101.71,101.745,101.71,2272.0,2311314900.0,78280
2023-05-10 09:40:27,TF2306,TF2306,101.73,1.0,1017300.0,1.0,63,101.725,101.73,67,101.67,101.71,101.745,101.71,2273.0,2312332200.0,78281
2023-05-10 09:40:27,TF2306,TF2306,101.73,0.0,0.0,0.0,53,101.725,101.73,59,101.67,101.71,101.745,101.71,2273.0,2312332200.0,78281
2023-05-10 09:40:28,TF2306,TF2306,101.73,0.0,0.0,0.0,56,101.725,101.73,62,101.67,101.71,101.745,101.71,2273.0,2312332200.0,78281
2023-05-10 09:40:29,TF2306,TF2306,101.73,0.0,0.0,0.0,65,101.725,101.73,72,101.67,101.71,101.745,101.71,2273.0,2312332200.0,78281
2023-05-10 09:40:33,TF2306,TF2306,101.73,0.0,0.0,0.0,65,101.725,101.73,71,101.67,101.71,101.745,101.71,2273.0,2312332200.0,78281
2023-05-10 09:40:34,TF2306,TF2306,101.73,0.0,0.0,0.0,65,101.725,101.73,81,101.67,101.71,101.745,101.71,2273.0,2312332200.0,78281
2023-05-10 09:40:34,TF2306,TF2306,101.73,0.0,0.0,0.0,65,101.725,101.73,82,101.67,101.71,101.745,101.71,2273.0,2312332200.0,78281
2023-05-10 09:40:49,TF2306,TF2306,101.73,0.0,0.0,0.0,65,101.725,101.73,85,101.67,101.71,101.745,101.71,2273.0,2312332200.0,78281
2023-05-10 09:40:50,TF2306,TF2306,101.73,0.0,0.0,0.0,62,101.725,101.73,82,101.67,101.71,101.745,101.71,2273.0,2312332200.0,78281
2023-05-10 09:40:50,TF2306,TF2306,101.73,0.0,0.0,0.0,65,101.725,101.73,85,101.67,101.71,101.745,101.71,2273.0,2312332200.0,78281
2023-05-10 09:40:58,TF2306,TF2306,101.73,0.0,0.0,0.0,65,101.725,101.73,95,101.67,101.71,101.745,101.71,2273.0,2312332200.0,78281
2023-05-10 09:40:59,TF2306,TF2306,101.73,0.0,0.0,0.0,65,101.725,101.73,85,101.67,101.71,101.745,101.71,2273.0,2312332200.0,78281
2023-05-10 09:41:00,TF2306,TF2306,101.73,0.0,0.0,0.0,62,101.725,101.73,82,101.67,101.71,101.745,101.71,2273.0,2312332200.0,78281
2023-05-10 09:41:00,TF2306,TF2306,101.73,0.0,0.0,0.0,65,101.725,101.73,85,101.67,101.71,101.745,101.71,2273.0,2312332200.0,78281
2023-05-10 09:41:01,TF2306,TF2306,101.73,0.0,0.0,0.0,65,101.725,101.73,87,101.67,101.71,101.745,101.71,2273.0,2312332200.0,78281
2023-05-10 09:41:01,TF2306,TF2306,101.73,2.0,2034550.0,1.0,64,101.725,101.73,86,101.67,101.71,101.745,101.71,2275.0,2314366750.0,78282
2023-05-10 09:41:03,TF2306,TF2306,101.73,0.0,0.0,0.0,62,101.725,101.73,86,101.67,101.71,101.745,101.71,2275.0,2314366750.0,78282
2023-05-10 09:41:03,TF2306,TF2306,101.725,2.0,2034500.0,1.0,60,101.725,101.73,87,101.67,101.71,101.745,101.71,2277.0,2316401250.0,78283
2023-05-10 09:41:04,TF2306,TF2306,101.725,0.0,0.0,0.0,57,101.725,101.73,84,101.67,101.71,101.745,101.71,2277.0,2316401250.0,78283
2023-05-10 09:41:04,TF2306,TF2306,101.725,0.0,0.0,0.0,60,101.725,101.73,87,101.67,101.71,101.745,101.71,2277.0,2316401250.0,78283
2023-05-10 09:41:05,TF2306,TF2306,101.725,0.0,0.0,0.0,60,101.725,101.73,85,101.67,101.71,101.745,101.71,2277.0,2316401250.0,78283
2023-05-10 09:41:06,TF2306,TF2306,101.725,0.0,0.0,0.0,61,101.725,101.73,85,101.67,101.71,101.745,101.71,2277.0,2316401250.0,78283
2023-05-10 09:41:06,TF2306,TF2306,101.73,83.0,84435900.0,67.0,30,101.73,101.735,183,101.67,101.71,101.745,101.71,2360.0,2400837150.0,78350
2023-05-10 09:41:07,TF2306,TF2306,101.73,1.0,1017300.0,0.0,49,101.73,101.735,64,101.67,101.71,101.745,101.71,2361.0,2401854450.0,78350
2023-05-10 09:41:07,TF2306,TF2306,101.73,0.0,0.0,0.0,49,101.73,101.735,53,101.67,101.71,101.745,101.71,2361.0,2401854450.0,78350
2023-05-10 09:41:08,TF2306,TF2306,101.73,0.0,0.0,0.0,42,101.73,101.735,56,101.67,101.71,101.745,101.71,2361.0,2401854450.0,78350
2023-05-10 09:41:08,TF2306,TF2306,101.73,0.0,0.0,0.0,44,101.73,101.735,61,101.67,101.71,101.745,101.71,2361.0,2401854450.0,78350
2023-05-10 09:41:09,TF2306,TF2306,101.73,0.0,0.0,0.0,44,101.73,101.735,55,101.67,101.71,101.745,101.71,2361.0,2401854450.0,78350
2023-05-10 09:41:09,TF2306,TF2306,101.73,0.0,0.0,0.0,45,101.73,101.735,55,101.67,101.71,101.745,101.71,2361.0,2401854450.0,78350
2023-05-10 09:41:10,TF2306,TF2306,101.73,0.0,0.0,0.0,46,101.73,101.735,55,101.67,101.71,101.745,101.71,2361.0,2401854450.0,78350
2023-05-10 09:41:13,TF2306,TF2306,101.73,0.0,0.0,0.0,45,101.73,101.735,55,101.67,101.71,101.745,101.71,2361.0,2401854450.0,78350
2023-05-10 09:41:14,TF2306,TF2306,101.73,0.0,0.0,0.0,41,101.73,101.735,51,101.67,101.71,101.745,101.71,2361.0,2401854450.0,78350
2023-05-10 09:41:14,TF2306,TF2306,101.73,0.0,0.0,0.0,47,101.73,101.735,57,101.67,101.71,101.745,101.71,2361.0,2401854450.0,78350
2023-05-10 09:41:17,TF2306,TF2306,101.73,0.0,0.0,0.0,48,101.73,101.735,57,101.67,101.71,101.745,101.71,2361.0,2401854450.0,78350
2023-05-10 09:41:17,TF2306,TF2306,101.73,0.0,0.0,0.0,53,101.73,101.735,57,101.67,101.71,101.745,101.71,2361.0,2401854450.0,78350
2023-05-10 09:41:18,TF2306,TF2306,101.73,0.0,0.0,0.0,54,101.73,101.735,107,101.67,101.71,101.745,101.71,2361.0,2401854450.0,78350
2023-05-10 09:41:18,TF2306,TF2306,101.73,0.0,0.0,0.0,51,101.73,101.735,110,101.67,101.71,101.745,101.71,2361.0,2401854450.0,78350
2023-05-10 09:41:19,TF2306,TF2306,101.73,0.0,0.0,0.0,51,101.73,101.735,107,101.67,101.71,101.745,101.71,2361.0,2401854450.0,78350
2023-05-10 09:41:19,TF2306,TF2306,101.73,0.0,0.0,0.0,48,101.73,101.735,108,101.67,101.71,101.745,101.71,2361.0,2401854450.0,78350
2023-05-10 09:41:23,TF2306,TF2306,101.73,0.0,0.0,0.0,48,101.73,101.735,107,101.67,101.71,101.745,101.71,2361.0,2401854450.0,78350
2023-05-10 09:41:24,TF2306,TF2306,101.73,0.0,0.0,0.0,38,101.73,101.735,107,101.67,101.71,101.745,101.71,2361.0,2401854450.0,78350
2023-05-10 09:41:25,TF2306,TF2306,101.73,38.0,38657400.0,-21.0,199,101.725,101.73,20,101.67,101.71,101.745,101.71,2399.0,2440511850.0,78329
2023-05-10 09:41:26,TF2306,TF2306,101.73,26.0,26449800.0,16.0,83,101.725,101.73,42,101.67,101.71,101.745,101.71,2425.0,2466961650.0,78345
2023-05-10 09:41:26,TF2306,TF2306,101.73,0.0,0.0,0.0,72,101.725,101.73,50,101.67,101.71,101.745,101.71,2425.0,2466961650.0,78345
2023-05-10 09:41:27,TF2306,TF2306,101.73,0.0,0.0,0.0,72,101.725,101.73,40,101.67,101.71,101.745,101.71,2425.0,2466961650.0,78345
2023-05-10 09:41:27,TF2306,TF2306,101.73,0.0,0.0,0.0,74,101.725,101.73,41,101.67,101.71,101.745,101.71,2425.0,2466961650.0,78345
2023-05-10 09:41:29,TF2306,TF2306,101.73,0.0,0.0,0.0,73,101.725,101.73,41,101.67,101.71,101.745,101.71,2425.0,2466961650.0,78345
2023-05-10 09:41:29,TF2306,TF2306,101.73,0.0,0.0,0.0,83,101.725,101.73,51,101.67,101.71,101.745,101.71,2425.0,2466961650.0,78345
2023-05-10 09:41:31,TF2306,TF2306,101.73,0.0,0.0,0.0,72,101.725,101.73,60,101.67,101.71,101.745,101.71,2425.0,2466961650.0,78345
2023-05-10 09:41:31,TF2306,TF2306,101.73,0.0,0.0,0.0,72,101.725,101.73,65,101.67,101.71,101.745,101.71,2425.0,2466961650.0,78345
2023-05-10 09:41:35,TF2306,TF2306,101.73,0.0,0.0,0.0,72,101.725,101.73,64,101.67,101.71,101.745,101.71,2425.0,2466961650.0,78345
2023-05-10 09:41:35,TF2306,TF2306,101.725,80.0,81380000.0,39.0,181,101.72,101.725,26,101.67,101.71,101.745,101.71,2505.0,2548341650.0,78384
2023-05-10 09:41:36,TF2306,TF2306,101.725,0.0,0.0,0.0,73,101.72,101.725,52,101.67,101.71,101.745,101.71,2505.0,2548341650.0,78384
2023-05-10 09:41:36,TF2306,TF2306,101.725,0.0,0.0,0.0,72,101.72,101.725,53,101.67,101.71,101.745,101.71,2505.0,2548341650.0,78384
2023-05-10 09:41:37,TF2306,TF2306,101.725,0.0,0.0,0.0,61,101.72,101.725,43,101.67,101.71,101.745,101.71,2505.0,2548341650.0,78384
2023-05-10 09:41:37,TF2306,TF2306,101.72,1.0,1017200.0,-1.0,62,101.72,101.725,44,101.67,101.71,101.745,101.71,2506.0,2549358850.0,78383
2023-05-10 09:41:38,TF2306,TF2306,101.72,0.0,0.0,0.0,59,101.72,101.725,44,101.67,101.71,101.745,101.71,2506.0,2549358850.0,78383
2023-05-10 09:41:38,TF2306,TF2306,101.72,0.0,0.0,0.0,63,101.72,101.725,44,101.67,101.71,101.745,101.71,2506.0,2549358850.0,78383
2023-05-10 09:41:43,TF2306,TF2306,101.72,0.0,0.0,0.0,63,101.72,101.725,43,101.67,101.71,101.745,101.71,2506.0,2549358850.0,78383
2023-05-10 09:41:46,TF2306,TF2306,101.72,0.0,0.0,0.0,63,101.72,101.725,48,101.67,101.71,101.745,101.71,2506.0,2549358850.0,78383
2023-05-10 09:41:47,TF2306,TF2306,101.72,0.0,0.0,0.0,63,101.72,101.725,46,101.67,101.71,101.745,101.71,2506.0,2549358850.0,78383
2023-05-10 09:41:48,TF2306,TF2306,101.72,0.0,0.0,0.0,63,101.72,101.725,43,101.67,101.71,101.745,101.71,2506.0,2549358850.0,78383
2023-05-10 09:41:50,TF2306,TF2306,101.725,20.0,20345000.0,9.0,69,101.72,101.725,26,101.67,101.71,101.745,101.71,2526.0,2569703850.0,78392
2023-05-10 09:41:51,TF2306,TF2306,101.725,26.0,26448500.0,4.0,21,101.725,101.73,175,101.67,101.71,101.745,101.71,2552.0,2596152350.0,78396
2023-05-10 09:41:51,TF2306,TF2306,101.725,0.0,0.0,0.0,34,101.725,101.73,28,101.67,101.71,101.745,101.71,2552.0,2596152350.0,78396
2023-05-10 09:41:52,TF2306,TF2306,101.725,0.0,0.0,0.0,46,101.725,101.73,45,101.67,101.71,101.745,101.71,2552.0,2596152350.0,78396
2023-05-10 09:41:52,TF2306,TF2306,101.725,0.0,0.0,0.0,39,101.725,101.73,48,101.67,101.71,101.745,101.71,2552.0,2596152350.0,78396
2023-05-10 09:41:53,TF2306,TF2306,101.725,0.0,0.0,0.0,39,101.725,101.73,46,101.67,101.71,101.745,101.71,2552.0,2596152350.0,78396
2023-05-10 09:41:54,TF2306,TF2306,101.725,0.0,0.0,0.0,40,101.725,101.73,46,101.67,101.71,101.745,101.71,2552.0,2596152350.0,78396
2023-05-10 09:41:54,TF2306,TF2306,101.725,0.0,0.0,0.0,44,101.725,101.73,40,101.67,101.71,101.745,101.71,2552.0,2596152350.0,78396
2023-05-10 09:41:55,TF2306,TF2306,101.725,0.0,0.0,0.0,44,101.725,101.73,32,101.67,101.71,101.745,101.71,2552.0,2596152350.0,78396
2023-05-10 09:41:56,TF2306,TF2306,101.725,0.0,0.0,0.0,54,101.725,101.73,42,101.67,101.71,101.745,101.71,2552.0,2596152350.0,78396
2023-05-10 09:41:57,TF2306,TF2306,101.725,0.0,0.0,0.0,53,101.725,101.73,42,101.67,101.71,101.745,101.71,2552.0,2596152350.0,78396
2023-05-10 09:41:58,TF2306,TF2306,101.725,0.0,0.0,0.0,57,101.725,101.73,42,101.67,101.71,101.745,101.71,2552.0,2596152350.0,78396
2023-05-10 09:42:03,TF2306,TF2306,101.73,20.0,20346000.0,4.0,58,101.725,101.73,17,101.67,101.71,101.745,101.71,2572.0,2616498350.0,78400
2023-05-10 09:42:03,TF2306,TF2306,101.73,17.0,17294100.0,0.0,37,101.73,101.735,237,101.67,101.71,101.745,101.71,2589.0,2633792450.0,78400
2023-05-10 09:42:04,TF2306,TF2306,101.73,2.0,2034600.0,0.0,44,101.73,101.735,120,101.67,101.71,101.745,101.71,2591.0,2635827050.0,78400
2023-05-10 09:42:04,TF2306,TF2306,101.73,0.0,0.0,0.0,54,101.73,101.735,112,101.67,101.71,101.745,101.71,2591.0,2635827050.0,78400
2023-05-10 09:42:05,TF2306,TF2306,101.73,0.0,0.0,0.0,44,101.73,101.735,111,101.67,101.71,101.745,101.71,2591.0,2635827050.0,78400
2023-05-10 09:42:05,TF2306,TF2306,101.73,45.0,45778500.0,-34.0,168,101.725,101.73,16,101.67,101.71,101.745,101.71,2636.0,2681605550.0,78366
2023-05-10 09:42:06,TF2306,TF2306,101.73,0.0,0.0,0.0,58,101.725,101.73,21,101.67,101.71,101.745,101.71,2636.0,2681605550.0,78366
2023-05-10 09:42:06,TF2306,TF2306,101.73,0.0,0.0,0.0,49,101.725,101.73,29,101.67,101.71,101.745,101.71,2636.0,2681605550.0,78366
2023-05-10 09:42:07,TF2306,TF2306,101.73,0.0,0.0,0.0,49,101.725,101.73,19,101.67,101.71,101.745,101.71,2636.0,2681605550.0,78366
2023-05-10 09:42:07,TF2306,TF2306,101.73,0.0,0.0,0.0,52,101.725,101.73,25,101.67,101.71,101.745,101.71,2636.0,2681605550.0,78366
2023-05-10 09:42:08,TF2306,TF2306,101.73,0.0,0.0,0.0,51,101.725,101.73,25,101.67,101.71,101.745,101.71,2636.0,2681605550.0,78366
2023-05-10 09:42:09,TF2306,TF2306,101.73,0.0,0.0,0.0,50,101.725,101.73,34,101.67,101.71,101.745,101.71,2636.0,2681605550.0,78366
2023-05-10 09:42:09,TF2306,TF2306,101.73,0.0,0.0,0.0,48,101.725,101.73,39,101.67,101.71,101.745,101.71,2636.0,2681605550.0,78366
2023-05-10 09:42:10,TF2306,TF2306,101.73,0.0,0.0,0.0,48,101.725,101.73,43,101.67,101.71,101.745,101.71,2636.0,2681605550.0,78366
2023-05-10 09:42:11,TF2306,TF2306,101.73,0.0,0.0,0.0,54,101.725,101.73,49,101.67,101.71,101.745,101.71,2636.0,2681605550.0,78366
2023-05-10 09:42:12,TF2306,TF2306,101.73,0.0,0.0,0.0,64,101.725,101.73,59,101.67,101.71,101.745,101.71,2636.0,2681605550.0,78366
2023-05-10 09:42:12,TF2306,TF2306,101.73,0.0,0.0,0.0,64,101.725,101.73,61,101.67,101.71,101.745,101.71,2636.0,2681605550.0,78366
2023-05-10 09:42:13,TF2306,TF2306,101.73,0.0,0.0,0.0,64,101.725,101.73,62,101.67,101.71,101.745,101.71,2636.0,2681605550.0,78366
2023-05-10 09:42:13,TF2306,TF2306,101.73,0.0,0.0,0.0,64,101.725,101.73,61,101.67,101.71,101.745,101.71,2636.0,2681605550.0,78366
2023-05-10 09:42:14,TF2306,TF2306,101.725,1.0,1017250.0,0.0,63,101.725,101.73,61,101.67,101.71,101.745,101.71,2637.0,2682622800.0,78366
2023-05-10 09:42:15,TF2306,TF2306,101.725,0.0,0.0,0.0,57,101.725,101.73,55,101.67,101.71,101.745,101.71,2637.0,2682622800.0,78366
2023-05-10 09:42:17,TF2306,TF2306,101.73,1.0,1017300.0,1.0,57,101.725,101.73,54,101.67,101.71,101.745,101.71,2638.0,2683640100.0,78367
2023-05-10 09:42:17,TF2306,TF2306,101.73,0.0,0.0,0.0,57,101.725,101.73,52,101.67,101.71,101.745,101.71,2638.0,2683640100.0,78367
2023-05-10 09:42:18,TF2306,TF2306,101.73,0.0,0.0,0.0,58,101.725,101.73,52,101.67,101.71,101.745,101.71,2638.0,2683640100.0,78367
2023-05-10 09:42:21,TF2306,TF2306,101.73,0.0,0.0,0.0,58,101.725,101.73,47,101.67,101.71,101.745,101.71,2638.0,2683640100.0,78367
2023-05-10 09:42:21,TF2306,TF2306,101.73,0.0,0.0,0.0,59,101.725,101.73,47,101.67,101.71,101.745,101.71,2638.0,2683640100.0,78367
2023-05-10 09:42:23,TF2306,TF2306,101.73,0.0,0.0,0.0,59,101.725,101.73,72,101.67,101.71,101.745,101.71,2638.0,2683640100.0,78367
2023-05-10 09:42:23,TF2306,TF2306,101.73,0.0,0.0,0.0,59,101.725,101.73,74,101.67,101.71,101.745,101.71,2638.0,2683640100.0,78367
2023-05-10 09:42:25,TF2306,TF2306,101.73,0.0,0.0,0.0,59,101.725,101.73,75,101.67,101.71,101.745,101.71,2638.0,2683640100.0,78367
2023-05-10 09:42:27,TF2306,TF2306,101.73,0.0,0.0,0.0,59,101.725,101.73,72,101.67,101.71,101.745,101.71,2638.0,2683640100.0,78367
2023-05-10 09:42:28,TF2306,TF2306,101.73,0.0,0.0,0.0,61,101.725,101.73,65,101.67,101.71,101.745,101.71,2638.0,2683640100.0,78367
2023-05-10 09:42:28,TF2306,TF2306,101.73,0.0,0.0,0.0,61,101.725,101.73,54,101.67,101.71,101.745,101.71,2638.0,2683640100.0,78367
2023-05-10 09:42:29,TF2306,TF2306,101.73,0.0,0.0,0.0,61,101.725,101.73,52,101.67,101.71,101.745,101.71,2638.0,2683640100.0,78367
2023-05-10 09:42:31,TF2306,TF2306,101.73,0.0,0.0,0.0,63,101.725,101.73,52,101.67,101.71,101.745,101.71,2638.0,2683640100.0,78367
2023-05-10 09:42:34,TF2306,TF2306,101.73,2.0,2034600.0,1.0,63,101.725,101.73,51,101.67,101.71,101.745,101.71,2640.0,2685674700.0,78368
2023-05-10 09:42:44,TF2306,TF2306,101.73,58.0,59003400.0,46.0,11,101.73,101.735,191,101.67,101.71,101.745,101.71,2698.0,2744678100.0,78414
