time,symbol_id,symbol_name,last,trade_volume,trade_amount,open_interest_change,bv1,bp1,ap1,av1,yesterday_close,today_open,today_high,today_low,volume,amount,open_interest
2023-05-10 09:29:00,TS2306,TS2306,101.13,6.0,12135600.0,5.0,1,101.13,101.135,5,101.11,101.13,101.13,101.13,6.0,12135600.0,48334
2023-05-10 09:30:00,TS2306,TS2306,101.135,8.0,16181600.0,5.0,2,101.135,101.14,14,101.11,101.13,101.135,101.13,14.0,28317200.0,48339
2023-05-10 09:30:00,TS2306,TS2306,101.14,9.0,18204700.0,2.0,6,101.135,101.14,10,101.11,101.13,101.14,101.13,23.0,46521900.0,48341
2023-05-10 09:30:01,TS2306,TS2306,101.14,0.0,0.0,0.0,9,101.135,101.14,11,101.11,101.13,101.14,101.13,23.0,46521900.0,48341
2023-05-10 09:30:01,TS2306,TS2306,101.135,10.0,20227000.0,-8.0,21,101.13,101.135,6,101.11,101.13,101.14,101.13,33.0,66748900.0,48333
2023-05-10 09:30:02,TS2306,TS2306,101.135,6.0,12136200.0,-6.0,4,101.135,101.14,14,101.11,101.13,101.14,101.13,39.0,78885100.0,48327
2023-05-10 09:30:02,TS2306,TS2306,101.14,4.0,8091200.0,4.0,8,101.135,101.14,11,101.11,101.13,101.14,101.13,43.0,86976300.0,48331
2023-05-10 09:30:03,TS2306,TS2306,101.135,1.0,2022700.0,-1.0,17,101.135,101.14,8,101.11,101.13,101.14,101.13,44.0,88999000.0,48330
2023-05-10 09:30:03,TS2306,TS2306,101.135,17.0,34385900.0,-8.0,22,101.13,101.135,6,101.11,101.13,101.14,101.13,61.0,123384900.0,48322
2023-05-10 09:30:04,TS2306,TS2306,101.135,9.0,18204400.0,1.0,22,101.13,101.14,10,101.11,101.13,101.14,101.13,70.0,141589300.0,48323
2023-05-10 09:30:04,TS2306,TS2306,101.135,0.0,0.0,0.0,25,101.13,101.135,2,101.11,101.13,101.14,101.13,70.0,141589300.0,48323
2023-05-10 09:30:05,TS2306,TS2306,101.13,4.0,8090700.0,2.0,24,101.13,101.14,29,101.11,101.13,101.14,101.13,74.0,149680000.0,48325
2023-05-10 09:30:05,TS2306,TS2306,101.13,0.0,0.0,0.0,24,101.13,101.135,1,101.11,101.13,101.14,101.13,74.0,149680000.0,48325
2023-05-10 09:30:06,TS2306,TS2306,101.13,4.0,8090600.0,2.0,22,101.13,101.135,1,101.11,101.13,101.14,101.13,78.0,157770600.0,48327
2023-05-10 09:30:06,TS2306,TS2306,101.13,0.0,0.0,0.0,22,101.13,101.135,16,101.11,101.13,101.14,101.13,78.0,157770600.0,48327
2023-05-10 09:30:07,TS2306,TS2306,101.13,0.0,0.0,0.0,23,101.13,101.135,16,101.11,101.13,101.14,101.13,78.0,157770600.0,48327
2023-05-10 09:30:08,TS2306,TS2306,101.13,0.0,0.0,0.0,23,101.13,101.135,2,101.11,101.13,101.14,101.13,78.0,157770600.0,48327
2023-05-10 09:30:09,TS2306,TS2306,101.135,2.0,4045400.0,1.0,23,101.13,101.135,2,101.11,101.13,101.14,101.13,80.0,161816000.0,48328
2023-05-10 09:30:09,TS2306,TS2306,101.135,2.0,4045400.0,1.0,24,101.13,101.14,72,101.11,101.13,101.14,101.13,82.0,165861400.0,48329
2023-05-10 09:30:10,TS2306,TS2306,101.135,0.0,0.0,0.0,48,101.13,101.135,1,101.11,101.13,101.14,101.13,82.0,165861400.0,48329
2023-05-10 09:30:10,TS2306,TS2306,101.135,1.0,2022700.0,0.0,1,101.135,101.14,72,101.11,101.13,101.14,101.13,83.0,167884100.0,48329
2023-05-10 09:30:11,TS2306,TS2306,101.135,1.0,2022700.0,0.0,2,101.135,101.14,28,101.11,101.13,101.14,101.13,84.0,169906800.0,48329
2023-05-10 09:30:11,TS2306,TS2306,101.135,2.0,4045400.0,0.0,81,101.13,101.14,28,101.11,101.13,101.14,101.13,86.0,173952200.0,48329
2023-05-10 09:30:12,TS2306,TS2306,101.135,0.0,0.0,0.0,48,101.13,101.14,45,101.11,101.13,101.14,101.13,86.0,173952200.0,48329
2023-05-10 09:30:13,TS2306,TS2306,101.135,0.0,0.0,0.0,2,101.135,101.14,45,101.11,101.13,101.14,101.13,86.0,173952200.0,48329
2023-05-10 09:30:13,TS2306,TS2306,101.135,0.0,0.0,0.0,2,101.135,101.14,30,101.11,101.13,101.14,101.13,86.0,173952200.0,48329
2023-05-10 09:30:17,TS2306,TS2306,101.135,0.0,0.0,0.0,3,101.135,101.14,30,101.11,101.13,101.14,101.13,86.0,173952200.0,48329
2023-05-10 09:30:17,TS2306,TS2306,101.135,3.0,6068100.0,0.0,111,101.13,101.14,28,101.11,101.13,101.14,101.13,89.0,180020300.0,48329
2023-05-10 09:30:18,TS2306,TS2306,101.135,0.0,0.0,0.0,53,101.13,101.14,45,101.11,101.13,101.14,101.13,89.0,180020300.0,48329
2023-05-10 09:30:18,TS2306,TS2306,101.135,0.0,0.0,0.0,53,101.13,101.14,48,101.11,101.13,101.14,101.13,89.0,180020300.0,48329
2023-05-10 09:30:19,TS2306,TS2306,101.135,0.0,0.0,0.0,36,101.13,101.14,34,101.11,101.13,101.14,101.13,89.0,180020300.0,48329
2023-05-10 09:30:20,TS2306,TS2306,101.135,0.0,0.0,0.0,36,101.13,101.14,58,101.11,101.13,101.14,101.13,89.0,180020300.0,48329
2023-05-10 09:30:20,TS2306,TS2306,101.135,0.0,0.0,0.0,37,101.13,101.14,44,101.11,101.13,101.14,101.13,89.0,180020300.0,48329
2023-05-10 09:30:21,TS2306,TS2306,101.135,0.0,0.0,0.0,37,101.13,101.14,59,101.11,101.13,101.14,101.13,89.0,180020300.0,48329
2023-05-10 09:30:22,TS2306,TS2306,101.13,1.0,2022600.0,1.0,36,101.13,101.14,61,101.11,101.13,101.14,101.13,90.0,182042900.0,48330
2023-05-10 09:30:23,TS2306,TS2306,101.13,0.0,0.0,0.0,51,101.13,101.14,57,101.11,101.13,101.14,101.13,90.0,182042900.0,48330
2023-05-10 09:30:23,TS2306,TS2306,101.13,0.0,0.0,0.0,53,101.13,101.14,59,101.11,101.13,101.14,101.13,90.0,182042900.0,48330
2023-05-10 09:30:25,TS2306,TS2306,101.13,0.0,0.0,0.0,53,101.13,101.135,1,101.11,101.13,101.14,101.13,90.0,182042900.0,48330
2023-05-10 09:30:25,TS2306,TS2306,101.135,1.0,2022700.0,0.0,43,101.13,101.14,123,101.11,101.13,101.14,101.13,91.0,184065600.0,48330
2023-05-10 09:30:26,TS2306,TS2306,101.135,0.0,0.0,0.0,53,101.13,101.135,1,101.11,101.13,101.14,101.13,91.0,184065600.0,48330
2023-05-10 09:30:26,TS2306,TS2306,101.13,31.0,62700700.0,-15.0,1,101.13,101.135,2,101.11,101.13,101.14,101.13,122.0,246766300.0,48315
2023-05-10 09:30:27,TS2306,TS2306,101.13,0.0,0.0,0.0,23,101.13,101.135,5,101.11,101.13,101.14,101.13,122.0,246766300.0,48315
2023-05-10 09:30:27,TS2306,TS2306,101.13,0.0,0.0,0.0,34,101.13,101.135,5,101.11,101.13,101.14,101.13,122.0,246766300.0,48315
2023-05-10 09:30:28,TS2306,TS2306,101.13,0.0,0.0,0.0,34,101.13,101.135,10,101.11,101.13,101.14,101.13,122.0,246766300.0,48315
2023-05-10 09:30:30,TS2306,TS2306,101.13,0.0,0.0,0.0,34,101.13,101.135,11,101.11,101.13,101.14,101.13,122.0,246766300.0,48315
2023-05-10 09:30:31,TS2306,TS2306,101.13,0.0,0.0,0.0,39,101.13,101.135,16,101.11,101.13,101.14,101.13,122.0,246766300.0,48315
2023-05-10 09:30:31,TS2306,TS2306,101.13,0.0,0.0,0.0,39,101.13,101.135,21,101.11,101.13,101.14,101.13,122.0,246766300.0,48315
2023-05-10 09:30:32,TS2306,TS2306,101.13,0.0,0.0,0.0,39,101.13,101.135,26,101.11,101.13,101.14,101.13,122.0,246766300.0,48315
2023-05-10 09:30:35,TS2306,TS2306,101.13,0.0,0.0,0.0,39,101.13,101.135,36,101.11,101.13,101.14,101.13,122.0,246766300.0,48315
2023-05-10 09:30:35,TS2306,TS2306,101.13,0.0,0.0,0.0,44,101.13,101.135,36,101.11,101.13,101.14,101.13,122.0,246766300.0,48315
2023-05-10 09:30:38,TS2306,TS2306,101.135,5.0,10113500.0,1.0,44,101.13,101.135,31,101.11,101.13,101.14,101.13,127.0,256879800.0,48316
2023-05-10 09:30:38,TS2306,TS2306,101.135,0.0,0.0,0.0,44,101.13,101.135,32,101.11,101.13,101.14,101.13,127.0,256879800.0,48316
2023-05-10 09:30:42,TS2306,TS2306,101.135,0.0,0.0,0.0,44,101.13,101.135,39,101.11,101.13,101.14,101.13,127.0,256879800.0,48316
2023-05-10 09:30:50,TS2306,TS2306,101.135,0.0,0.0,0.0,27,101.13,101.135,40,101.11,101.13,101.14,101.13,127.0,256879800.0,48316
2023-05-10 09:30:51,TS2306,TS2306,101.135,0.0,0.0,0.0,27,101.13,101.135,41,101.11,101.13,101.14,101.13,127.0,256879800.0,48316
2023-05-10 09:30:51,TS2306,TS2306,101.135,0.0,0.0,0.0,27,101.13,101.135,42,101.11,101.13,101.14,101.13,127.0,256879800.0,48316
2023-05-10 09:31:01,TS2306,TS2306,101.135,0.0,0.0,0.0,44,101.13,101.135,41,101.11,101.13,101.14,101.13,127.0,256879800.0,48316
2023-05-10 09:31:03,TS2306,TS2306,101.135,0.0,0.0,0.0,27,101.13,101.135,42,101.11,101.13,101.14,101.13,127.0,256879800.0,48316
2023-05-10 09:31:05,TS2306,TS2306,101.135,0.0,0.0,0.0,27,101.13,101.135,43,101.11,101.13,101.14,101.13,127.0,256879800.0,48316
2023-05-10 09:31:05,TS2306,TS2306,101.135,0.0,0.0,0.0,27,101.13,101.135,58,101.11,101.13,101.14,101.13,127.0,256879800.0,48316
2023-05-10 09:31:07,TS2306,TS2306,101.13,32.0,64723200.0,-27.0,3,101.13,101.135,58,101.11,101.13,101.14,101.13,159.0,321603000.0,48289
2023-05-10 09:31:07,TS2306,TS2306,101.13,3.0,6067800.0,-3.0,2,101.13,101.135,81,101.11,101.13,101.14,101.13,162.0,327670800.0,48286
2023-05-10 09:31:08,TS2306,TS2306,101.13,5.0,10113000.0,-4.0,5,101.13,101.135,181,101.11,101.13,101.14,101.13,167.0,337783800.0,48282
2023-05-10 09:31:08,TS2306,TS2306,101.13,2.0,4045200.0,-1.0,128,101.125,101.13,1,101.11,101.13,101.14,101.13,169.0,341829000.0,48281
2023-05-10 09:31:09,TS2306,TS2306,101.13,3.0,6067800.0,3.0,38,101.125,101.13,17,101.11,101.13,101.14,101.13,172.0,347896800.0,48284
2023-05-10 09:31:09,TS2306,TS2306,101.13,0.0,0.0,0.0,65,101.125,101.13,17,101.11,101.13,101.14,101.13,172.0,347896800.0,48284
2023-05-10 09:31:10,TS2306,TS2306,101.13,17.0,34384200.0,17.0,65,101.125,101.135,243,101.11,101.13,101.14,101.13,189.0,382281000.0,48301
2023-05-10 09:31:10,TS2306,TS2306,101.13,0.0,0.0,0.0,90,101.125,101.135,183,101.11,101.13,101.14,101.13,189.0,382281000.0,48301
2023-05-10 09:31:11,TS2306,TS2306,101.13,0.0,0.0,0.0,92,101.125,101.135,186,101.11,101.13,101.14,101.13,189.0,382281000.0,48301
2023-05-10 09:31:11,TS2306,TS2306,101.13,0.0,0.0,0.0,92,101.125,101.135,172,101.11,101.13,101.14,101.13,189.0,382281000.0,48301
2023-05-10 09:31:12,TS2306,TS2306,101.13,0.0,0.0,0.0,92,101.125,101.135,186,101.11,101.13,101.14,101.13,189.0,382281000.0,48301
2023-05-10 09:31:12,TS2306,TS2306,101.135,2.0,4045400.0,-2.0,72,101.125,101.135,180,101.11,101.13,101.14,101.13,191.0,386326400.0,48299
2023-05-10 09:31:13,TS2306,TS2306,101.135,0.0,0.0,0.0,72,101.125,101.135,194,101.11,101.13,101.14,101.13,191.0,386326400.0,48299
2023-05-10 09:31:13,TS2306,TS2306,101.135,0.0,0.0,0.0,72,101.125,101.135,180,101.11,101.13,101.14,101.13,191.0,386326400.0,48299
2023-05-10 09:31:14,TS2306,TS2306,101.135,0.0,0.0,0.0,72,101.125,101.135,194,101.11,101.13,101.14,101.13,191.0,386326400.0,48299
2023-05-10 09:31:14,TS2306,TS2306,101.135,0.0,0.0,0.0,72,101.125,101.135,180,101.11,101.13,101.14,101.13,191.0,386326400.0,48299
2023-05-10 09:31:16,TS2306,TS2306,101.135,0.0,0.0,0.0,70,101.125,101.135,178,101.11,101.13,101.14,101.13,191.0,386326400.0,48299
2023-05-10 09:31:16,TS2306,TS2306,101.135,0.0,0.0,0.0,72,101.125,101.135,180,101.11,101.13,101.14,101.13,191.0,386326400.0,48299
2023-05-10 09:31:19,TS2306,TS2306,101.135,1.0,2022700.0,-1.0,72,101.125,101.135,179,101.11,101.13,101.14,101.13,192.0,388349100.0,48298
2023-05-10 09:31:20,TS2306,TS2306,101.125,15.0,30337500.0,-5.0,57,101.125,101.13,9,101.11,101.13,101.14,101.125,207.0,418686600.0,48293
2023-05-10 09:31:20,TS2306,TS2306,101.13,9.0,18203400.0,0.0,57,101.125,101.135,253,101.11,101.13,101.14,101.125,216.0,436890000.0,48293
2023-05-10 09:31:21,TS2306,TS2306,101.13,0.0,0.0,0.0,11,101.13,101.135,179,101.11,101.13,101.14,101.125,216.0,436890000.0,48293
2023-05-10 09:31:21,TS2306,TS2306,101.13,18.0,36406800.0,-9.0,115,101.125,101.135,160,101.11,101.13,101.14,101.125,234.0,473296800.0,48284
2023-05-10 09:31:22,TS2306,TS2306,101.13,0.0,0.0,0.0,16,101.13,101.135,192,101.11,101.13,101.14,101.125,234.0,473296800.0,48284
2023-05-10 09:31:22,TS2306,TS2306,101.13,13.0,26293800.0,0.0,130,101.125,101.135,177,101.11,101.13,101.14,101.125,247.0,499590600.0,48284
2023-05-10 09:31:23,TS2306,TS2306,101.13,0.0,0.0,0.0,50,101.125,101.135,194,101.11,101.13,101.14,101.125,247.0,499590600.0,48284
2023-05-10 09:31:23,TS2306,TS2306,101.13,0.0,0.0,0.0,57,101.125,101.135,196,101.11,101.13,101.14,101.125,247.0,499590600.0,48284
2023-05-10 09:31:24,TS2306,TS2306,101.13,0.0,0.0,0.0,60,101.125,101.135,196,101.11,101.13,101.14,101.125,247.0,499590600.0,48284
2023-05-10 09:31:25,TS2306,TS2306,101.13,0.0,0.0,0.0,70,101.125,101.135,197,101.11,101.13,101.14,101.125,247.0,499590600.0,48284
2023-05-10 09:31:25,TS2306,TS2306,101.13,0.0,0.0,0.0,70,101.125,101.135,196,101.11,101.13,101.14,101.125,247.0,499590600.0,48284
2023-05-10 09:31:26,TS2306,TS2306,101.13,0.0,0.0,0.0,69,101.125,101.135,196,101.11,101.13,101.14,101.125,247.0,499590600.0,48284
2023-05-10 09:31:26,TS2306,TS2306,101.13,0.0,0.0,0.0,69,101.125,101.135,197,101.11,101.13,101.14,101.125,247.0,499590600.0,48284
2023-05-10 09:31:27,TS2306,TS2306,101.13,0.0,0.0,0.0,67,101.125,101.135,194,101.11,101.13,101.14,101.125,247.0,499590600.0,48284
2023-05-10 09:31:27,TS2306,TS2306,101.13,0.0,0.0,0.0,7,101.13,101.135,193,101.11,101.13,101.14,101.125,247.0,499590600.0,48284
2023-05-10 09:31:28,TS2306,TS2306,101.13,0.0,0.0,0.0,18,101.13,101.135,178,101.11,101.13,101.14,101.125,247.0,499590600.0,48284
2023-05-10 09:31:29,TS2306,TS2306,101.13,18.0,36406800.0,18.0,130,101.125,101.13,82,101.11,101.13,101.14,101.125,265.0,535997400.0,48302
2023-05-10 09:31:29,TS2306,TS2306,101.13,6.0,12135600.0,6.0,51,101.125,101.13,92,101.11,101.13,101.14,101.125,271.0,548133000.0,48308
2023-05-10 09:31:30,TS2306,TS2306,101.13,4.0,8090400.0,4.0,77,101.125,101.13,88,101.11,101.13,101.14,101.125,275.0,556223400.0,48312
2023-05-10 09:31:30,TS2306,TS2306,101.13,4.0,8090400.0,2.0,83,101.125,101.13,99,101.11,101.13,101.14,101.125,279.0,564313800.0,48314
2023-05-10 09:31:31,TS2306,TS2306,101.13,1.0,2022600.0,1.0,85,101.125,101.13,98,101.11,101.13,101.14,101.125,280.0,566336400.0,48315
2023-05-10 09:31:31,TS2306,TS2306,101.13,0.0,0.0,0.0,88,101.125,101.13,98,101.11,101.13,101.14,101.125,280.0,566336400.0,48315
2023-05-10 09:31:32,TS2306,TS2306,101.13,0.0,0.0,0.0,86,101.125,101.13,103,101.11,101.13,101.14,101.125,280.0,566336400.0,48315
2023-05-10 09:31:33,TS2306,TS2306,101.13,6.0,12135600.0,6.0,86,101.125,101.13,97,101.11,101.13,101.14,101.125,286.0,578472000.0,48321
2023-05-10 09:31:34,TS2306,TS2306,101.13,0.0,0.0,0.0,136,101.125,101.13,97,101.11,101.13,101.14,101.125,286.0,578472000.0,48321
2023-05-10 09:31:34,TS2306,TS2306,101.13,97.0,196192200.0,76.0,5,101.13,101.135,229,101.11,101.13,101.14,101.125,383.0,774664200.0,48397
2023-05-10 09:31:35,TS2306,TS2306,101.13,0.0,0.0,0.0,20,101.13,101.135,154,101.11,101.13,101.14,101.125,383.0,774664200.0,48397
2023-05-10 09:31:35,TS2306,TS2306,101.13,7.0,14158200.0,-7.0,203,101.125,101.135,170,101.11,101.13,101.14,101.125,390.0,788822400.0,48390
2023-05-10 09:31:36,TS2306,TS2306,101.13,0.0,0.0,0.0,165,101.125,101.135,184,101.11,101.13,101.14,101.125,390.0,788822400.0,48390
2023-05-10 09:31:37,TS2306,TS2306,101.13,0.0,0.0,0.0,165,101.125,101.135,187,101.11,101.13,101.14,101.125,390.0,788822400.0,48390
2023-05-10 09:31:37,TS2306,TS2306,101.13,0.0,0.0,0.0,165,101.125,101.135,185,101.11,101.13,101.14,101.125,390.0,788822400.0,48390
2023-05-10 09:31:38,TS2306,TS2306,101.13,0.0,0.0,0.0,164,101.125,101.135,184,101.11,101.13,101.14,101.125,390.0,788822400.0,48390
2023-05-10 09:31:38,TS2306,TS2306,101.13,0.0,0.0,0.0,164,101.125,101.135,187,101.11,101.13,101.14,101.125,390.0,788822400.0,48390
2023-05-10 09:31:39,TS2306,TS2306,101.13,0.0,0.0,0.0,164,101.125,101.135,185,101.11,101.13,101.14,101.125,390.0,788822400.0,48390
2023-05-10 09:31:40,TS2306,TS2306,101.13,0.0,0.0,0.0,164,101.125,101.135,187,101.11,101.13,101.14,101.125,390.0,788822400.0,48390
2023-05-10 09:31:40,TS2306,TS2306,101.13,0.0,0.0,0.0,164,101.125,101.135,185,101.11,101.13,101.14,101.125,390.0,788822400.0,48390
2023-05-10 09:31:41,TS2306,TS2306,101.13,0.0,0.0,0.0,164,101.125,101.135,184,101.11,101.13,101.14,101.125,390.0,788822400.0,48390
2023-05-10 09:31:41,TS2306,TS2306,101.125,6.0,12135000.0,-5.0,156,101.125,101.13,2,101.11,101.13,101.14,101.125,396.0,800957400.0,48385
2023-05-10 09:31:42,TS2306,TS2306,101.13,2.0,4045200.0,2.0,149,101.125,101.135,247,101.11,101.13,101.14,101.125,398.0,805002600.0,48387
2023-05-10 09:31:42,TS2306,TS2306,101.13,0.0,0.0,0.0,159,101.125,101.135,182,101.11,101.13,101.14,101.125,398.0,805002600.0,48387
2023-05-10 09:31:43,TS2306,TS2306,101.13,0.0,0.0,0.0,161,101.125,101.135,187,101.11,101.13,101.14,101.125,398.0,805002600.0,48387
2023-05-10 09:31:43,TS2306,TS2306,101.13,0.0,0.0,0.0,161,101.125,101.135,186,101.11,101.13,101.14,101.125,398.0,805002600.0,48387
2023-05-10 09:31:44,TS2306,TS2306,101.13,0.0,0.0,0.0,161,101.125,101.13,1,101.11,101.13,101.14,101.125,398.0,805002600.0,48387
2023-05-10 09:31:44,TS2306,TS2306,101.13,1.0,2022600.0,0.0,151,101.125,101.135,261,101.11,101.13,101.14,101.125,399.0,807025200.0,48387
2023-05-10 09:31:45,TS2306,TS2306,101.13,0.0,0.0,0.0,161,101.125,101.135,185,101.11,101.13,101.14,101.125,399.0,807025200.0,48387
2023-05-10 09:31:45,TS2306,TS2306,101.13,0.0,0.0,0.0,161,101.125,101.135,186,101.11,101.13,101.14,101.125,399.0,807025200.0,48387
2023-05-10 09:31:46,TS2306,TS2306,101.13,0.0,0.0,0.0,161,101.125,101.135,188,101.11,101.13,101.14,101.125,399.0,807025200.0,48387
2023-05-10 09:31:46,TS2306,TS2306,101.13,0.0,0.0,0.0,161,101.125,101.135,186,101.11,101.13,101.14,101.125,399.0,807025200.0,48387
2023-05-10 09:31:47,TS2306,TS2306,101.13,0.0,0.0,0.0,161,101.125,101.135,194,101.11,101.13,101.14,101.125,399.0,807025200.0,48387
2023-05-10 09:31:48,TS2306,TS2306,101.13,0.0,0.0,0.0,161,101.125,101.135,201,101.11,101.13,101.14,101.125,399.0,807025200.0,48387
2023-05-10 09:31:48,TS2306,TS2306,101.13,0.0,0.0,0.0,159,101.125,101.135,199,101.11,101.13,101.14,101.125,399.0,807025200.0,48387
2023-05-10 09:31:49,TS2306,TS2306,101.13,0.0,0.0,0.0,161,101.125,101.135,201,101.11,101.13,101.14,101.125,399.0,807025200.0,48387
2023-05-10 09:31:49,TS2306,TS2306,101.13,0.0,0.0,0.0,8,101.13,101.135,202,101.11,101.13,101.14,101.125,399.0,807025200.0,48387
2023-05-10 09:31:50,TS2306,TS2306,101.13,0.0,0.0,0.0,23,101.13,101.135,185,101.11,101.13,101.14,101.125,399.0,807025200.0,48387
2023-05-10 09:31:50,TS2306,TS2306,101.13,23.0,46519800.0,-23.0,201,101.125,101.135,186,101.11,101.13,101.14,101.125,422.0,853545000.0,48364
2023-05-10 09:31:51,TS2306,TS2306,101.13,0.0,0.0,0.0,146,101.125,101.135,217,101.11,101.13,101.14,101.125,422.0,853545000.0,48364
2023-05-10 09:31:51,TS2306,TS2306,101.13,0.0,0.0,0.0,2,101.13,101.135,215,101.11,101.13,101.14,101.125,422.0,853545000.0,48364
2023-05-10 09:31:52,TS2306,TS2306,101.13,0.0,0.0,0.0,226,101.125,101.135,201,101.11,101.13,101.14,101.125,422.0,853545000.0,48364
2023-05-10 09:31:52,TS2306,TS2306,101.13,0.0,0.0,0.0,146,101.125,101.135,216,101.11,101.13,101.14,101.125,422.0,853545000.0,48364
2023-05-10 09:31:53,TS2306,TS2306,101.13,0.0,0.0,0.0,2,101.13,101.135,214,101.11,101.13,101.14,101.125,422.0,853545000.0,48364
2023-05-10 09:31:53,TS2306,TS2306,101.13,0.0,0.0,0.0,231,101.125,101.135,200,101.11,101.13,101.14,101.125,422.0,853545000.0,48364
2023-05-10 09:31:54,TS2306,TS2306,101.13,0.0,0.0,0.0,156,101.125,101.135,217,101.11,101.13,101.14,101.125,422.0,853545000.0,48364
2023-05-10 09:31:54,TS2306,TS2306,101.13,0.0,0.0,0.0,104,101.125,101.135,213,101.11,101.13,101.14,101.125,422.0,853545000.0,48364
2023-05-10 09:31:55,TS2306,TS2306,101.13,0.0,0.0,0.0,106,101.125,101.135,214,101.11,101.13,101.14,101.125,422.0,853545000.0,48364
2023-05-10 09:31:55,TS2306,TS2306,101.13,0.0,0.0,0.0,106,101.125,101.135,216,101.11,101.13,101.14,101.125,422.0,853545000.0,48364
2023-05-10 09:31:56,TS2306,TS2306,101.13,0.0,0.0,0.0,106,101.125,101.135,215,101.11,101.13,101.14,101.125,422.0,853545000.0,48364
2023-05-10 09:31:59,TS2306,TS2306,101.13,0.0,0.0,0.0,106,101.125,101.135,214,101.11,101.13,101.14,101.125,422.0,853545000.0,48364
2023-05-10 09:32:00,TS2306,TS2306,101.13,0.0,0.0,0.0,104,101.125,101.135,212,101.11,101.13,101.14,101.125,422.0,853545000.0,48364
2023-05-10 09:32:00,TS2306,TS2306,101.13,0.0,0.0,0.0,106,101.125,101.135,216,101.11,101.13,101.14,101.125,422.0,853545000.0,48364
2023-05-10 09:32:01,TS2306,TS2306,101.13,0.0,0.0,0.0,106,101.125,101.135,215,101.11,101.13,101.14,101.125,422.0,853545000.0,48364
2023-05-10 09:32:02,TS2306,TS2306,101.13,0.0,0.0,0.0,106,101.125,101.135,214,101.11,101.13,101.14,101.125,422.0,853545000.0,48364
2023-05-10 09:32:03,TS2306,TS2306,101.13,0.0,0.0,0.0,107,101.125,101.135,214,101.11,101.13,101.14,101.125,422.0,853545000.0,48364
2023-05-10 09:32:05,TS2306,TS2306,101.13,0.0,0.0,0.0,107,101.125,101.135,215,101.11,101.13,101.14,101.125,422.0,853545000.0,48364
2023-05-10 09:32:05,TS2306,TS2306,101.13,0.0,0.0,0.0,107,101.125,101.135,217,101.11,101.13,101.14,101.125,422.0,853545000.0,48364
2023-05-10 09:32:06,TS2306,TS2306,101.13,0.0,0.0,0.0,105,101.125,101.135,214,101.11,101.13,101.14,101.125,422.0,853545000.0,48364
2023-05-10 09:32:08,TS2306,TS2306,101.13,0.0,0.0,0.0,105,101.125,101.135,219,101.11,101.13,101.14,101.125,422.0,853545000.0,48364
2023-05-10 09:32:11,TS2306,TS2306,101.13,0.0,0.0,0.0,105,101.125,101.135,221,101.11,101.13,101.14,101.125,422.0,853545000.0,48364
2023-05-10 09:32:12,TS2306,TS2306,101.13,0.0,0.0,0.0,105,101.125,101.13,2,101.11,101.13,101.14,101.125,422.0,853545000.0,48364
2023-05-10 09:32:12,TS2306,TS2306,101.13,7.0,14158200.0,0.0,95,101.125,101.135,273,101.11,101.13,101.14,101.125,429.0,867703200.0,48364
2023-05-10 09:32:13,TS2306,TS2306,101.13,0.0,0.0,0.0,120,101.125,101.135,212,101.11,101.13,101.14,101.125,429.0,867703200.0,48364
2023-05-10 09:32:14,TS2306,TS2306,101.13,0.0,0.0,0.0,120,101.125,101.135,214,101.11,101.13,101.14,101.125,429.0,867703200.0,48364
2023-05-10 09:32:15,TS2306,TS2306,101.13,0.0,0.0,0.0,122,101.125,101.135,215,101.11,101.13,101.14,101.125,429.0,867703200.0,48364
2023-05-10 09:32:15,TS2306,TS2306,101.13,0.0,0.0,0.0,122,101.125,101.135,206,101.11,101.13,101.14,101.125,429.0,867703200.0,48364
2023-05-10 09:32:17,TS2306,TS2306,101.13,0.0,0.0,0.0,122,101.125,101.135,207,101.11,101.13,101.14,101.125,429.0,867703200.0,48364
2023-05-10 09:32:18,TS2306,TS2306,101.13,0.0,0.0,0.0,122,101.125,101.135,206,101.11,101.13,101.14,101.125,429.0,867703200.0,48364
2023-05-10 09:32:18,TS2306,TS2306,101.13,0.0,0.0,0.0,122,101.125,101.13,2,101.11,101.13,101.14,101.125,429.0,867703200.0,48364
2023-05-10 09:32:19,TS2306,TS2306,101.13,0.0,0.0,0.0,112,101.125,101.135,287,101.11,101.13,101.14,101.125,429.0,867703200.0,48364
2023-05-10 09:32:19,TS2306,TS2306,101.13,0.0,0.0,0.0,122,101.125,101.135,220,101.11,101.13,101.14,101.125,429.0,867703200.0,48364
2023-05-10 09:32:20,TS2306,TS2306,101.13,0.0,0.0,0.0,122,101.125,101.13,2,101.11,101.13,101.14,101.125,429.0,867703200.0,48364
2023-05-10 09:32:20,TS2306,TS2306,101.13,0.0,0.0,0.0,112,101.125,101.135,289,101.11,101.13,101.14,101.125,429.0,867703200.0,48364
2023-05-10 09:32:21,TS2306,TS2306,101.13,0.0,0.0,0.0,122,101.125,101.135,222,101.11,101.13,101.14,101.125,429.0,867703200.0,48364
2023-05-10 09:32:22,TS2306,TS2306,101.13,0.0,0.0,0.0,122,101.125,101.135,223,101.11,101.13,101.14,101.125,429.0,867703200.0,48364
2023-05-10 09:32:22,TS2306,TS2306,101.13,0.0,0.0,0.0,122,101.125,101.135,221,101.11,101.13,101.14,101.125,429.0,867703200.0,48364
2023-05-10 09:32:23,TS2306,TS2306,101.13,0.0,0.0,0.0,122,101.125,101.135,222,101.11,101.13,101.14,101.125,429.0,867703200.0,48364
2023-05-10 09:32:24,TS2306,TS2306,101.13,0.0,0.0,0.0,122,101.125,101.135,224,101.11,101.13,101.14,101.125,429.0,867703200.0,48364
2023-05-10 09:32:25,TS2306,TS2306,101.13,0.0,0.0,0.0,122,101.125,101.135,221,101.11,101.13,101.14,101.125,429.0,867703200.0,48364
2023-05-10 09:32:26,TS2306,TS2306,101.13,0.0,0.0,0.0,123,101.125,101.13,10,101.11,101.13,101.14,101.125,429.0,867703200.0,48364
2023-05-10 09:32:26,TS2306,TS2306,101.13,0.0,0.0,0.0,113,101.125,101.13,10,101.11,101.13,101.14,101.125,429.0,867703200.0,48364
2023-05-10 09:32:27,TS2306,TS2306,101.13,0.0,0.0,0.0,115,101.125,101.13,10,101.11,101.13,101.14,101.125,429.0,867703200.0,48364
2023-05-10 09:32:29,TS2306,TS2306,101.13,0.0,0.0,0.0,116,101.125,101.13,10,101.11,101.13,101.14,101.125,429.0,867703200.0,48364
2023-05-10 09:32:30,TS2306,TS2306,101.13,0.0,0.0,0.0,117,101.125,101.13,10,101.11,101.13,101.14,101.125,429.0,867703200.0,48364
2023-05-10 09:32:31,TS2306,TS2306,101.13,0.0,0.0,0.0,118,101.125,101.13,10,101.11,101.13,101.14,101.125,429.0,867703200.0,48364
2023-05-10 09:32:31,TS2306,TS2306,101.13,0.0,0.0,0.0,118,101.125,101.13,15,101.11,101.13,101.14,101.125,429.0,867703200.0,48364
2023-05-10 09:32:32,TS2306,TS2306,101.13,0.0,0.0,0.0,118,101.125,101.13,20,101.11,101.13,101.14,101.125,429.0,867703200.0,48364
2023-05-10 09:32:33,TS2306,TS2306,101.13,20.0,40452000.0,10.0,30,101.13,101.135,296,101.11,101.13,101.14,101.125,449.0,908155200.0,48374
2023-05-10 09:32:33,TS2306,TS2306,101.13,0.0,0.0,0.0,25,101.13,101.135,196,101.11,101.13,101.14,101.125,449.0,908155200.0,48374
2023-05-10 09:32:34,TS2306,TS2306,101.13,0.0,0.0,0.0,36,101.13,101.135,199,101.11,101.13,101.14,101.125,449.0,908155200.0,48374
2023-05-10 09:32:34,TS2306,TS2306,101.13,0.0,0.0,0.0,36,101.13,101.135,197,101.11,101.13,101.14,101.125,449.0,908155200.0,48374
2023-05-10 09:32:35,TS2306,TS2306,101.13,0.0,0.0,0.0,36,101.13,101.135,195,101.11,101.13,101.14,101.125,449.0,908155200.0,48374
2023-05-10 09:32:35,TS2306,TS2306,101.13,0.0,0.0,0.0,41,101.13,101.135,197,101.11,101.13,101.14,101.125,449.0,908155200.0,48374
2023-05-10 09:32:36,TS2306,TS2306,101.13,0.0,0.0,0.0,43,101.13,101.135,196,101.11,101.13,101.14,101.125,449.0,908155200.0,48374
2023-05-10 09:32:37,TS2306,TS2306,101.13,0.0,0.0,0.0,44,101.13,101.135,198,101.11,101.13,101.14,101.125,449.0,908155200.0,48374
2023-05-10 09:32:37,TS2306,TS2306,101.13,0.0,0.0,0.0,47,101.13,101.135,198,101.11,101.13,101.14,101.125,449.0,908155200.0,48374
2023-05-10 09:32:38,TS2306,TS2306,101.13,0.0,0.0,0.0,48,101.13,101.135,198,101.11,101.13,101.14,101.125,449.0,908155200.0,48374
2023-05-10 09:32:39,TS2306,TS2306,101.13,0.0,0.0,0.0,48,101.13,101.135,196,101.11,101.13,101.14,101.125,449.0,908155200.0,48374
2023-05-10 09:32:40,TS2306,TS2306,101.13,0.0,0.0,0.0,48,101.13,101.135,199,101.11,101.13,101.14,101.125,449.0,908155200.0,48374
2023-05-10 09:32:41,TS2306,TS2306,101.13,0.0,0.0,0.0,48,101.13,101.135,197,101.11,101.13,101.14,101.125,449.0,908155200.0,48374
2023-05-10 09:32:42,TS2306,TS2306,101.13,0.0,0.0,0.0,48,101.13,101.135,196,101.11,101.13,101.14,101.125,449.0,908155200.0,48374
2023-05-10 09:32:42,TS2306,TS2306,101.13,0.0,0.0,0.0,48,101.13,101.135,198,101.11,101.13,101.14,101.125,449.0,908155200.0,48374
2023-05-10 09:32:43,TS2306,TS2306,101.13,0.0,0.0,0.0,48,101.13,101.135,197,101.11,101.13,101.14,101.125,449.0,908155200.0,48374
2023-05-10 09:32:44,TS2306,TS2306,101.13,0.0,0.0,0.0,48,101.13,101.135,199,101.11,101.13,101.14,101.125,449.0,908155200.0,48374
2023-05-10 09:32:46,TS2306,TS2306,101.13,0.0,0.0,0.0,48,101.13,101.135,197,101.11,101.13,101.14,101.125,449.0,908155200.0,48374
2023-05-10 09:32:47,TS2306,TS2306,101.13,0.0,0.0,0.0,48,101.13,101.135,199,101.11,101.13,101.14,101.125,449.0,908155200.0,48374
2023-05-10 09:32:48,TS2306,TS2306,101.13,0.0,0.0,0.0,48,101.13,101.135,198,101.11,101.13,101.14,101.125,449.0,908155200.0,48374
2023-05-10 09:32:48,TS2306,TS2306,101.13,0.0,0.0,0.0,62,101.13,101.135,182,101.11,101.13,101.14,101.125,449.0,908155200.0,48374
2023-05-10 09:32:49,TS2306,TS2306,101.13,0.0,0.0,0.0,48,101.13,101.135,183,101.11,101.13,101.14,101.125,449.0,908155200.0,48374
2023-05-10 09:32:49,TS2306,TS2306,101.13,0.0,0.0,0.0,66,101.13,101.135,182,101.11,101.13,101.14,101.125,449.0,908155200.0,48374
2023-05-10 09:32:50,TS2306,TS2306,101.13,0.0,0.0,0.0,48,101.13,101.135,182,101.11,101.13,101.14,101.125,449.0,908155200.0,48374
2023-05-10 09:32:50,TS2306,TS2306,101.13,0.0,0.0,0.0,66,101.13,101.135,182,101.11,101.13,101.14,101.125,449.0,908155200.0,48374
2023-05-10 09:32:51,TS2306,TS2306,101.13,0.0,0.0,0.0,48,101.13,101.135,183,101.11,101.13,101.14,101.125,449.0,908155200.0,48374
2023-05-10 09:32:51,TS2306,TS2306,101.13,0.0,0.0,0.0,48,101.13,101.135,199,101.11,101.13,101.14,101.125,449.0,908155200.0,48374
2023-05-10 09:32:52,TS2306,TS2306,101.13,0.0,0.0,0.0,48,101.13,101.135,196,101.11,101.13,101.14,101.125,449.0,908155200.0,48374
2023-05-10 09:32:53,TS2306,TS2306,101.13,0.0,0.0,0.0,48,101.13,101.135,199,101.11,101.13,101.14,101.125,449.0,908155200.0,48374
2023-05-10 09:32:53,TS2306,TS2306,101.13,0.0,0.0,0.0,48,101.13,101.135,196,101.11,101.13,101.14,101.125,449.0,908155200.0,48374
2023-05-10 09:32:54,TS2306,TS2306,101.13,0.0,0.0,0.0,48,101.13,101.135,199,101.11,101.13,101.14,101.125,449.0,908155200.0,48374
2023-05-10 09:32:55,TS2306,TS2306,101.13,0.0,0.0,0.0,48,101.13,101.135,196,101.11,101.13,101.14,101.125,449.0,908155200.0,48374
2023-05-10 09:32:56,TS2306,TS2306,101.135,1.0,2022700.0,0.0,48,101.13,101.135,198,101.11,101.13,101.14,101.125,450.0,910177900.0,48374
2023-05-10 09:32:56,TS2306,TS2306,101.135,0.0,0.0,0.0,49,101.13,101.135,196,101.11,101.13,101.14,101.125,450.0,910177900.0,48374
2023-05-10 09:32:57,TS2306,TS2306,101.135,2.0,4045400.0,-1.0,49,101.13,101.135,193,101.11,101.13,101.14,101.125,452.0,914223300.0,48373
2023-05-10 09:32:58,TS2306,TS2306,101.13,1.0,2022600.0,0.0,48,101.13,101.135,193,101.11,101.13,101.14,101.125,453.0,916245900.0,48373
2023-05-10 09:32:59,TS2306,TS2306,101.13,0.0,0.0,0.0,72,101.13,101.135,178,101.11,101.13,101.14,101.125,453.0,916245900.0,48373
2023-05-10 09:32:59,TS2306,TS2306,101.13,0.0,0.0,0.0,87,101.13,101.135,178,101.11,101.13,101.14,101.125,453.0,916245900.0,48373
2023-05-10 09:33:00,TS2306,TS2306,101.135,1.0,2022700.0,0.0,87,101.13,101.135,177,101.11,101.13,101.14,101.125,454.0,918268600.0,48373
2023-05-10 09:33:01,TS2306,TS2306,101.135,1.0,2022700.0,0.0,87,101.13,101.135,176,101.11,101.13,101.14,101.125,455.0,920291300.0,48373
2023-05-10 09:33:01,TS2306,TS2306,101.135,0.0,0.0,0.0,97,101.13,101.135,176,101.11,101.13,101.14,101.125,455.0,920291300.0,48373
2023-05-10 09:33:03,TS2306,TS2306,101.135,0.0,0.0,0.0,97,101.13,101.135,177,101.11,101.13,101.14,101.125,455.0,920291300.0,48373
2023-05-10 09:33:04,TS2306,TS2306,101.135,1.0,2022700.0,0.0,96,101.13,101.135,176,101.11,101.13,101.14,101.125,456.0,922314000.0,48373
2023-05-10 09:33:05,TS2306,TS2306,101.135,0.0,0.0,0.0,116,101.13,101.135,176,101.11,101.13,101.14,101.125,456.0,922314000.0,48373
2023-05-10 09:33:06,TS2306,TS2306,101.135,2.0,4045400.0,0.0,114,101.13,101.135,174,101.11,101.13,101.14,101.125,458.0,926359400.0,48373
2023-05-10 09:33:06,TS2306,TS2306,101.135,0.0,0.0,0.0,117,101.13,101.135,166,101.11,101.13,101.14,101.125,458.0,926359400.0,48373
2023-05-10 09:33:07,TS2306,TS2306,101.135,1.0,2022700.0,0.0,116,101.13,101.135,165,101.11,101.13,101.14,101.125,459.0,928382100.0,48373
2023-05-10 09:33:08,TS2306,TS2306,101.135,1.0,2022700.0,0.0,115,101.13,101.135,164,101.11,101.13,101.14,101.125,460.0,930404800.0,48373
2023-05-10 09:33:14,TS2306,TS2306,101.135,0.0,0.0,0.0,115,101.13,101.135,174,101.11,101.13,101.14,101.125,460.0,930404800.0,48373
2023-05-10 09:33:14,TS2306,TS2306,101.13,1.0,2022600.0,-1.0,114,101.13,101.135,174,101.11,101.13,101.14,101.125,461.0,932427400.0,48372
2023-05-10 09:33:15,TS2306,TS2306,101.13,0.0,0.0,0.0,114,101.13,101.135,164,101.11,101.13,101.14,101.125,461.0,932427400.0,48372
2023-05-10 09:33:17,TS2306,TS2306,101.13,0.0,0.0,0.0,114,101.13,101.135,174,101.11,101.13,101.14,101.125,461.0,932427400.0,48372
2023-05-10 09:33:18,TS2306,TS2306,101.13,0.0,0.0,0.0,114,101.13,101.135,164,101.11,101.13,101.14,101.125,461.0,932427400.0,48372
2023-05-10 09:33:19,TS2306,TS2306,101.13,0.0,0.0,0.0,119,101.13,101.135,164,101.11,101.13,101.14,101.125,461.0,932427400.0,48372
2023-05-10 09:33:22,TS2306,TS2306,101.13,0.0,0.0,0.0,119,101.13,101.135,174,101.11,101.13,101.14,101.125,461.0,932427400.0,48372
2023-05-10 09:33:22,TS2306,TS2306,101.13,0.0,0.0,0.0,119,101.13,101.135,164,101.11,101.13,101.14,101.125,461.0,932427400.0,48372
2023-05-10 09:33:25,TS2306,TS2306,101.13,0.0,0.0,0.0,119,101.13,101.135,174,101.11,101.13,101.14,101.125,461.0,932427400.0,48372
2023-05-10 09:33:26,TS2306,TS2306,101.13,0.0,0.0,0.0,119,101.13,101.135,164,101.11,101.13,101.14,101.125,461.0,932427400.0,48372
2023-05-10 09:33:30,TS2306,TS2306,101.13,0.0,0.0,0.0,109,101.13,101.135,174,101.11,101.13,101.14,101.125,461.0,932427400.0,48372
2023-05-10 09:33:31,TS2306,TS2306,101.13,2.0,4045200.0,-2.0,107,101.13,101.135,174,101.11,101.13,101.14,101.125,463.0,936472600.0,48370
2023-05-10 09:33:31,TS2306,TS2306,101.13,0.0,0.0,0.0,89,101.13,101.135,175,101.11,101.13,101.14,101.125,463.0,936472600.0,48370
2023-05-10 09:33:32,TS2306,TS2306,101.13,0.0,0.0,0.0,69,101.13,101.135,191,101.11,101.13,101.14,101.125,463.0,936472600.0,48370
2023-05-10 09:33:32,TS2306,TS2306,101.13,0.0,0.0,0.0,69,101.13,101.135,189,101.11,101.13,101.14,101.125,463.0,936472600.0,48370
2023-05-10 09:33:33,TS2306,TS2306,101.13,0.0,0.0,0.0,87,101.13,101.135,174,101.11,101.13,101.14,101.125,463.0,936472600.0,48370
2023-05-10 09:33:34,TS2306,TS2306,101.13,0.0,0.0,0.0,87,101.13,101.135,164,101.11,101.13,101.14,101.125,463.0,936472600.0,48370
2023-05-10 09:33:36,TS2306,TS2306,101.13,0.0,0.0,0.0,84,101.13,101.135,164,101.11,101.13,101.14,101.125,463.0,936472600.0,48370
2023-05-10 09:33:36,TS2306,TS2306,101.13,0.0,0.0,0.0,94,101.13,101.135,164,101.11,101.13,101.14,101.125,463.0,936472600.0,48370
2023-05-10 09:33:37,TS2306,TS2306,101.13,0.0,0.0,0.0,104,101.13,101.135,164,101.11,101.13,101.14,101.125,463.0,936472600.0,48370
2023-05-10 09:33:40,TS2306,TS2306,101.13,0.0,0.0,0.0,94,101.13,101.135,164,101.11,101.13,101.14,101.125,463.0,936472600.0,48370
2023-05-10 09:33:44,TS2306,TS2306,101.13,0.0,0.0,0.0,95,101.13,101.135,164,101.11,101.13,101.14,101.125,463.0,936472600.0,48370
2023-05-10 09:33:45,TS2306,TS2306,101.13,0.0,0.0,0.0,105,101.13,101.135,164,101.11,101.13,101.14,101.125,463.0,936472600.0,48370
2023-05-10 09:33:52,TS2306,TS2306,101.13,0.0,0.0,0.0,95,101.13,101.135,174,101.11,101.13,101.14,101.125,463.0,936472600.0,48370
2023-05-10 09:33:53,TS2306,TS2306,101.13,2.0,4045200.0,-2.0,93,101.13,101.135,164,101.11,101.13,101.14,101.125,465.0,940517800.0,48368
2023-05-10 09:33:53,TS2306,TS2306,101.13,0.0,0.0,0.0,113,101.13,101.135,184,101.11,101.13,101.14,101.125,465.0,940517800.0,48368
2023-05-10 09:33:54,TS2306,TS2306,101.13,0.0,0.0,0.0,113,101.13,101.135,194,101.11,101.13,101.14,101.125,465.0,940517800.0,48368
2023-05-10 09:33:56,TS2306,TS2306,101.13,0.0,0.0,0.0,123,101.13,101.135,184,101.11,101.13,101.14,101.125,465.0,940517800.0,48368
2023-05-10 09:33:57,TS2306,TS2306,101.13,0.0,0.0,0.0,124,101.13,101.135,184,101.11,101.13,101.14,101.125,465.0,940517800.0,48368
2023-05-10 09:33:58,TS2306,TS2306,101.13,1.0,2022600.0,0.0,123,101.13,101.135,194,101.11,101.13,101.14,101.125,466.0,942540400.0,48368
2023-05-10 09:33:59,TS2306,TS2306,101.13,0.0,0.0,0.0,123,101.13,101.135,193,101.11,101.13,101.14,101.125,466.0,942540400.0,48368
2023-05-10 09:34:00,TS2306,TS2306,101.13,0.0,0.0,0.0,113,101.13,101.135,193,101.11,101.13,101.14,101.125,466.0,942540400.0,48368
2023-05-10 09:34:01,TS2306,TS2306,101.13,0.0,0.0,0.0,123,101.13,101.135,196,101.11,101.13,101.14,101.125,466.0,942540400.0,48368
2023-05-10 09:34:02,TS2306,TS2306,101.13,0.0,0.0,0.0,126,101.13,101.135,196,101.11,101.13,101.14,101.125,466.0,942540400.0,48368
2023-05-10 09:34:03,TS2306,TS2306,101.13,0.0,0.0,0.0,131,101.13,101.135,196,101.11,101.13,101.14,101.125,466.0,942540400.0,48368
2023-05-10 09:34:06,TS2306,TS2306,101.13,0.0,0.0,0.0,131,101.13,101.135,193,101.11,101.13,101.14,101.125,466.0,942540400.0,48368
2023-05-10 09:34:07,TS2306,TS2306,101.13,0.0,0.0,0.0,131,101.13,101.135,196,101.11,101.13,101.14,101.125,466.0,942540400.0,48368
2023-05-10 09:34:10,TS2306,TS2306,101.135,1.0,2022700.0,-1.0,131,101.13,101.135,195,101.11,101.13,101.14,101.125,467.0,944563100.0,48367
2023-05-10 09:34:11,TS2306,TS2306,101.135,1.0,2022700.0,-1.0,131,101.13,101.135,194,101.11,101.13,101.14,101.125,468.0,946585800.0,48366
2023-05-10 09:34:27,TS2306,TS2306,101.135,0.0,0.0,0.0,181,101.13,101.135,194,101.11,101.13,101.14,101.125,468.0,946585800.0,48366
2023-05-10 09:34:34,TS2306,TS2306,101.135,0.0,0.0,0.0,181,101.13,101.135,181,101.11,101.13,101.14,101.125,468.0,946585800.0,48366
2023-05-10 09:34:35,TS2306,TS2306,101.135,0.0,0.0,0.0,181,101.13,101.135,184,101.11,101.13,101.14,101.125,468.0,946585800.0,48366
2023-05-10 09:34:38,TS2306,TS2306,101.135,0.0,0.0,0.0,181,101.13,101.135,194,101.11,101.13,101.14,101.125,468.0,946585800.0,48366
2023-05-10 09:34:39,TS2306,TS2306,101.135,0.0,0.0,0.0,181,101.13,101.135,181,101.11,101.13,101.14,101.125,468.0,946585800.0,48366
2023-05-10 09:34:39,TS2306,TS2306,101.135,0.0,0.0,0.0,181,101.13,101.135,178,101.11,101.13,101.14,101.125,468.0,946585800.0,48366
2023-05-10 09:34:41,TS2306,TS2306,101.135,0.0,0.0,0.0,181,101.13,101.135,181,101.11,101.13,101.14,101.125,468.0,946585800.0,48366
2023-05-10 09:34:44,TS2306,TS2306,101.13,1.0,2022600.0,0.0,180,101.13,101.135,181,101.11,101.13,101.14,101.125,469.0,948608400.0,48366
2023-05-10 09:34:44,TS2306,TS2306,101.13,0.0,0.0,0.0,180,101.13,101.135,191,101.11,101.13,101.14,101.125,469.0,948608400.0,48366
2023-05-10 09:34:45,TS2306,TS2306,101.13,0.0,0.0,0.0,180,101.13,101.135,178,101.11,101.13,101.14,101.125,469.0,948608400.0,48366
2023-05-10 09:34:50,TS2306,TS2306,101.13,0.0,0.0,0.0,181,101.13,101.135,178,101.11,101.13,101.14,101.125,469.0,948608400.0,48366
2023-05-10 09:34:50,TS2306,TS2306,101.13,1.0,2022600.0,-1.0,180,101.13,101.135,178,101.11,101.13,101.14,101.125,470.0,950631000.0,48365
2023-05-10 09:34:52,TS2306,TS2306,101.13,0.0,0.0,0.0,181,101.13,101.135,178,101.11,101.13,101.14,101.125,470.0,950631000.0,48365
2023-05-10 09:34:53,TS2306,TS2306,101.13,0.0,0.0,0.0,182,101.13,101.135,178,101.11,101.13,101.14,101.125,470.0,950631000.0,48365
2023-05-10 09:34:56,TS2306,TS2306,101.13,0.0,0.0,0.0,183,101.13,101.135,178,101.11,101.13,101.14,101.125,470.0,950631000.0,48365
2023-05-10 09:35:01,TS2306,TS2306,101.13,0.0,0.0,0.0,185,101.13,101.135,178,101.11,101.13,101.14,101.125,470.0,950631000.0,48365
2023-05-10 09:35:02,TS2306,TS2306,101.13,0.0,0.0,0.0,186,101.13,101.135,178,101.11,101.13,101.14,101.125,470.0,950631000.0,48365
2023-05-10 09:35:06,TS2306,TS2306,101.13,0.0,0.0,0.0,186,101.13,101.135,181,101.11,101.13,101.14,101.125,470.0,950631000.0,48365
2023-05-10 09:35:09,TS2306,TS2306,101.135,129.0,260928300.0,113.0,187,101.13,101.135,52,101.11,101.13,101.14,101.125,599.0,1211559300.0,48478
2023-05-10 09:35:09,TS2306,TS2306,101.135,44.0,88998800.0,28.0,54,101.135,101.14,175,101.11,101.13,101.14,101.125,643.0,1300558100.0,48506
2023-05-10 09:35:10,TS2306,TS2306,101.135,37.0,74839900.0,-30.0,85,101.135,101.14,84,101.11,101.13,101.14,101.125,680.0,1375398000.0,48476
2023-05-10 09:35:10,TS2306,TS2306,101.135,0.0,0.0,0.0,61,101.135,101.14,99,101.11,101.13,101.14,101.125,680.0,1375398000.0,48476
2023-05-10 09:35:11,TS2306,TS2306,101.135,107.0,216428500.0,-42.0,259,101.13,101.135,20,101.11,101.13,101.14,101.125,787.0,1591826500.0,48434
2023-05-10 09:35:11,TS2306,TS2306,101.135,2.0,4045400.0,-1.0,150,101.13,101.135,46,101.11,101.13,101.14,101.125,789.0,1595871900.0,48433
2023-05-10 09:35:12,TS2306,TS2306,101.135,1.0,2022700.0,-1.0,129,101.13,101.135,48,101.11,101.13,101.14,101.125,790.0,1597894600.0,48432
2023-05-10 09:35:12,TS2306,TS2306,101.135,0.0,0.0,0.0,152,101.13,101.135,48,101.11,101.13,101.14,101.125,790.0,1597894600.0,48432
2023-05-10 09:35:13,TS2306,TS2306,101.135,0.0,0.0,0.0,153,101.13,101.135,43,101.11,101.13,101.14,101.125,790.0,1597894600.0,48432
2023-05-10 09:35:13,TS2306,TS2306,101.135,0.0,0.0,0.0,166,101.13,101.135,43,101.11,101.13,101.14,101.125,790.0,1597894600.0,48432
2023-05-10 09:35:14,TS2306,TS2306,101.135,43.0,86976100.0,16.0,11,101.135,101.14,252,101.11,101.13,101.14,101.125,833.0,1684870700.0,48448
2023-05-10 09:35:14,TS2306,TS2306,101.135,31.0,62703700.0,5.0,31,101.135,101.14,135,101.11,101.13,101.14,101.125,864.0,1747574400.0,48453
2023-05-10 09:35:15,TS2306,TS2306,101.135,31.0,62703700.0,-31.0,289,101.13,101.135,11,101.11,101.13,101.14,101.125,895.0,1810278100.0,48422
2023-05-10 09:35:15,TS2306,TS2306,101.135,0.0,0.0,0.0,188,101.13,101.135,26,101.11,101.13,101.14,101.125,895.0,1810278100.0,48422
2023-05-10 09:35:16,TS2306,TS2306,101.135,0.0,0.0,0.0,175,101.13,101.135,26,101.11,101.13,101.14,101.125,895.0,1810278100.0,48422
2023-05-10 09:35:20,TS2306,TS2306,101.135,2.0,4045400.0,1.0,174,101.13,101.135,25,101.11,101.13,101.14,101.125,897.0,1814323500.0,48423
2023-05-10 09:35:20,TS2306,TS2306,101.135,0.0,0.0,0.0,194,101.13,101.135,45,101.11,101.13,101.14,101.125,897.0,1814323500.0,48423
2023-05-10 09:35:21,TS2306,TS2306,101.135,0.0,0.0,0.0,194,101.13,101.135,48,101.11,101.13,101.14,101.125,897.0,1814323500.0,48423
2023-05-10 09:35:21,TS2306,TS2306,101.135,0.0,0.0,0.0,195,101.13,101.135,48,101.11,101.13,101.14,101.125,897.0,1814323500.0,48423
2023-05-10 09:35:23,TS2306,TS2306,101.135,1.0,2022700.0,0.0,194,101.13,101.135,47,101.11,101.13,101.14,101.125,898.0,1816346200.0,48423
2023-05-10 09:35:25,TS2306,TS2306,101.135,0.0,0.0,0.0,194,101.13,101.135,48,101.11,101.13,101.14,101.125,898.0,1816346200.0,48423
2023-05-10 09:35:26,TS2306,TS2306,101.135,1.0,2022700.0,1.0,193,101.13,101.135,44,101.11,101.13,101.14,101.125,899.0,1818368900.0,48424
2023-05-10 09:35:26,TS2306,TS2306,101.135,0.0,0.0,0.0,203,101.13,101.135,54,101.11,101.13,101.14,101.125,899.0,1818368900.0,48424
2023-05-10 09:35:27,TS2306,TS2306,101.135,0.0,0.0,0.0,203,101.13,101.135,64,101.11,101.13,101.14,101.125,899.0,1818368900.0,48424
2023-05-10 09:35:27,TS2306,TS2306,101.135,0.0,0.0,0.0,203,101.13,101.135,67,101.11,101.13,101.14,101.125,899.0,1818368900.0,48424
2023-05-10 09:35:29,TS2306,TS2306,101.135,0.0,0.0,0.0,204,101.13,101.135,64,101.11,101.13,101.14,101.125,899.0,1818368900.0,48424
2023-05-10 09:35:30,TS2306,TS2306,101.135,0.0,0.0,0.0,204,101.13,101.135,67,101.11,101.13,101.14,101.125,899.0,1818368900.0,48424
2023-05-10 09:35:32,TS2306,TS2306,101.135,2.0,4045400.0,2.0,202,101.13,101.135,65,101.11,101.13,101.14,101.125,901.0,1822414300.0,48426
2023-05-10 09:35:33,TS2306,TS2306,101.135,0.0,0.0,0.0,202,101.13,101.135,62,101.11,101.13,101.14,101.125,901.0,1822414300.0,48426
2023-05-10 09:35:34,TS2306,TS2306,101.135,101.0,204292700.0,95.0,21,101.135,101.14,240,101.11,101.13,101.14,101.125,1002.0,2026707000.0,48521
2023-05-10 09:35:34,TS2306,TS2306,101.135,0.0,0.0,0.0,175,101.135,101.14,119,101.11,101.13,101.14,101.125,1002.0,2026707000.0,48521
2023-05-10 09:35:35,TS2306,TS2306,101.135,0.0,0.0,0.0,152,101.135,101.14,122,101.11,101.13,101.14,101.125,1002.0,2026707000.0,48521
2023-05-10 09:35:35,TS2306,TS2306,101.135,0.0,0.0,0.0,152,101.135,101.14,124,101.11,101.13,101.14,101.125,1002.0,2026707000.0,48521
2023-05-10 09:35:36,TS2306,TS2306,101.135,0.0,0.0,0.0,152,101.135,101.14,114,101.11,101.13,101.14,101.125,1002.0,2026707000.0,48521
2023-05-10 09:35:37,TS2306,TS2306,101.135,0.0,0.0,0.0,102,101.135,101.14,114,101.11,101.13,101.14,101.125,1002.0,2026707000.0,48521
2023-05-10 09:35:40,TS2306,TS2306,101.14,1.0,2022800.0,1.0,102,101.135,101.14,113,101.11,101.13,101.14,101.125,1003.0,2028729800.0,48522
2023-05-10 09:35:40,TS2306,TS2306,101.14,0.0,0.0,0.0,105,101.135,101.14,113,101.11,101.13,101.14,101.125,1003.0,2028729800.0,48522
2023-05-10 09:35:42,TS2306,TS2306,101.14,1.0,2022800.0,1.0,105,101.135,101.14,112,101.11,101.13,101.14,101.125,1004.0,2030752600.0,48523
2023-05-10 09:35:42,TS2306,TS2306,101.14,0.0,0.0,0.0,106,101.135,101.14,112,101.11,101.13,101.14,101.125,1004.0,2030752600.0,48523
2023-05-10 09:35:43,TS2306,TS2306,101.14,1.0,2022800.0,1.0,106,101.135,101.14,112,101.11,101.13,101.14,101.125,1005.0,2032775400.0,48524
2023-05-10 09:35:45,TS2306,TS2306,101.14,0.0,0.0,0.0,106,101.135,101.14,122,101.11,101.13,101.14,101.125,1005.0,2032775400.0,48524
2023-05-10 09:35:47,TS2306,TS2306,101.14,0.0,0.0,0.0,106,101.135,101.14,132,101.11,101.13,101.14,101.125,1005.0,2032775400.0,48524
2023-05-10 09:35:51,TS2306,TS2306,101.14,0.0,0.0,0.0,93,101.135,101.14,132,101.11,101.13,101.14,101.125,1005.0,2032775400.0,48524
2023-05-10 09:35:51,TS2306,TS2306,101.14,0.0,0.0,0.0,93,101.135,101.14,232,101.11,101.13,101.14,101.125,1005.0,2032775400.0,48524
2023-05-10 09:35:52,TS2306,TS2306,101.14,0.0,0.0,0.0,93,101.135,101.14,242,101.11,101.13,101.14,101.125,1005.0,2032775400.0,48524
2023-05-10 09:35:52,TS2306,TS2306,101.14,0.0,0.0,0.0,106,101.135,101.14,242,101.11,101.13,101.14,101.125,1005.0,2032775400.0,48524
2023-05-10 09:35:54,TS2306,TS2306,101.14,0.0,0.0,0.0,93,101.135,101.14,242,101.11,101.13,101.14,101.125,1005.0,2032775400.0,48524
2023-05-10 09:35:56,TS2306,TS2306,101.14,0.0,0.0,0.0,93,101.135,101.14,252,101.11,101.13,101.14,101.125,1005.0,2032775400.0,48524
2023-05-10 09:36:01,TS2306,TS2306,101.14,0.0,0.0,0.0,93,101.135,101.14,253,101.11,101.13,101.14,101.125,1005.0,2032775400.0,48524
2023-05-10 09:36:01,TS2306,TS2306,101.135,2.0,4045400.0,-1.0,91,101.135,101.14,253,101.11,101.13,101.14,101.125,1007.0,2036820800.0,48523
2023-05-10 09:36:02,TS2306,TS2306,101.135,92.0,186088400.0,-84.0,298,101.13,101.135,31,101.11,101.13,101.14,101.125,1099.0,2222909200.0,48439
2023-05-10 09:36:02,TS2306,TS2306,101.135,1.0,2022700.0,0.0,186,101.13,101.135,67,101.11,101.13,101.14,101.125,1100.0,2224931900.0,48439
2023-05-10 09:36:03,TS2306,TS2306,101.135,0.0,0.0,0.0,176,101.13,101.135,67,101.11,101.13,101.14,101.125,1100.0,2224931900.0,48439
2023-05-10 09:36:03,TS2306,TS2306,101.135,0.0,0.0,0.0,179,101.13,101.135,67,101.11,101.13,101.14,101.125,1100.0,2224931900.0,48439
2023-05-10 09:36:05,TS2306,TS2306,101.135,0.0,0.0,0.0,179,101.13,101.135,70,101.11,101.13,101.14,101.125,1100.0,2224931900.0,48439
2023-05-10 09:36:05,TS2306,TS2306,101.135,0.0,0.0,0.0,178,101.13,101.135,70,101.11,101.13,101.14,101.125,1100.0,2224931900.0,48439
2023-05-10 09:36:07,TS2306,TS2306,101.135,0.0,0.0,0.0,181,101.13,101.135,70,101.11,101.13,101.14,101.125,1100.0,2224931900.0,48439
2023-05-10 09:36:08,TS2306,TS2306,101.135,0.0,0.0,0.0,201,101.13,101.135,90,101.11,101.13,101.14,101.125,1100.0,2224931900.0,48439
2023-05-10 09:36:13,TS2306,TS2306,101.135,72.0,145634400.0,-26.0,211,101.13,101.135,39,101.11,101.13,101.14,101.125,1172.0,2370566300.0,48413
2023-05-10 09:36:13,TS2306,TS2306,101.135,80.0,161816000.0,0.0,196,101.13,101.135,9,101.11,101.13,101.14,101.125,1252.0,2532382300.0,48413
2023-05-10 09:36:14,TS2306,TS2306,101.135,20.0,40454000.0,0.0,206,101.13,101.135,9,101.11,101.13,101.14,101.125,1272.0,2572836300.0,48413
2023-05-10 09:36:14,TS2306,TS2306,101.135,3.0,6068100.0,1.0,206,101.13,101.135,29,101.11,101.13,101.14,101.125,1275.0,2578904400.0,48414
2023-05-10 09:36:15,TS2306,TS2306,101.135,0.0,0.0,0.0,206,101.13,101.135,31,101.11,101.13,101.14,101.125,1275.0,2578904400.0,48414
2023-05-10 09:36:20,TS2306,TS2306,101.135,0.0,0.0,0.0,226,101.13,101.135,51,101.11,101.13,101.14,101.125,1275.0,2578904400.0,48414
2023-05-10 09:36:20,TS2306,TS2306,101.135,0.0,0.0,0.0,236,101.13,101.135,61,101.11,101.13,101.14,101.125,1275.0,2578904400.0,48414
2023-05-10 09:36:28,TS2306,TS2306,101.135,0.0,0.0,0.0,221,101.13,101.135,69,101.11,101.13,101.14,101.125,1275.0,2578904400.0,48414
2023-05-10 09:36:28,TS2306,TS2306,101.135,0.0,0.0,0.0,227,101.13,101.135,70,101.11,101.13,101.14,101.125,1275.0,2578904400.0,48414
2023-05-10 09:36:29,TS2306,TS2306,101.135,0.0,0.0,0.0,234,101.13,101.135,71,101.11,101.13,101.14,101.125,1275.0,2578904400.0,48414
2023-05-10 09:36:29,TS2306,TS2306,101.135,0.0,0.0,0.0,234,101.13,101.135,74,101.11,101.13,101.14,101.125,1275.0,2578904400.0,48414
2023-05-10 09:36:30,TS2306,TS2306,101.135,0.0,0.0,0.0,234,101.13,101.135,77,101.11,101.13,101.14,101.125,1275.0,2578904400.0,48414
2023-05-10 09:36:30,TS2306,TS2306,101.135,0.0,0.0,0.0,234,101.13,101.135,87,101.11,101.13,101.14,101.125,1275.0,2578904400.0,48414
2023-05-10 09:36:35,TS2306,TS2306,101.135,0.0,0.0,0.0,234,101.13,101.135,84,101.11,101.13,101.14,101.125,1275.0,2578904400.0,48414
2023-05-10 09:36:39,TS2306,TS2306,101.135,0.0,0.0,0.0,221,101.13,101.135,84,101.11,101.13,101.14,101.125,1275.0,2578904400.0,48414
2023-05-10 09:36:39,TS2306,TS2306,101.135,0.0,0.0,0.0,229,101.13,101.135,84,101.11,101.13,101.14,101.125,1275.0,2578904400.0,48414
2023-05-10 09:36:40,TS2306,TS2306,101.135,0.0,0.0,0.0,235,101.13,101.135,84,101.11,101.13,101.14,101.125,1275.0,2578904400.0,48414
2023-05-10 09:36:58,TS2306,TS2306,101.135,0.0,0.0,0.0,239,101.13,101.135,81,101.11,101.13,101.14,101.125,1275.0,2578904400.0,48414
2023-05-10 09:36:59,TS2306,TS2306,101.135,0.0,0.0,0.0,242,101.13,101.135,81,101.11,101.13,101.14,101.125,1275.0,2578904400.0,48414
2023-05-10 09:37:02,TS2306,TS2306,101.135,0.0,0.0,0.0,242,101.13,101.135,84,101.11,101.13,101.14,101.125,1275.0,2578904400.0,48414
2023-05-10 09:37:02,TS2306,TS2306,101.135,0.0,0.0,0.0,241,101.13,101.135,84,101.11,101.13,101.14,101.125,1275.0,2578904400.0,48414
2023-05-10 09:37:03,TS2306,TS2306,101.135,0.0,0.0,0.0,239,101.13,101.135,84,101.11,101.13,101.14,101.125,1275.0,2578904400.0,48414
2023-05-10 09:37:04,TS2306,TS2306,101.135,0.0,0.0,0.0,239,101.13,101.135,85,101.11,101.13,101.14,101.125,1275.0,2578904400.0,48414
2023-05-10 09:37:05,TS2306,TS2306,101.135,0.0,0.0,0.0,239,101.13,101.135,88,101.11,101.13,101.14,101.125,1275.0,2578904400.0,48414
2023-05-10 09:37:12,TS2306,TS2306,101.135,0.0,0.0,0.0,235,101.13,101.135,88,101.11,101.13,101.14,101.125,1275.0,2578904400.0,48414
2023-05-10 09:37:12,TS2306,TS2306,101.135,0.0,0.0,0.0,221,101.13,101.135,88,101.11,101.13,101.14,101.125,1275.0,2578904400.0,48414
2023-05-10 09:37:13,TS2306,TS2306,101.135,0.0,0.0,0.0,237,101.13,101.135,88,101.11,101.13,101.14,101.125,1275.0,2578904400.0,48414
2023-05-10 09:37:13,TS2306,TS2306,101.135,0.0,0.0,0.0,239,101.13,101.135,88,101.11,101.13,101.14,101.125,1275.0,2578904400.0,48414
2023-05-10 09:37:14,TS2306,TS2306,101.135,0.0,0.0,0.0,243,101.13,101.135,85,101.11,101.13,101.14,101.125,1275.0,2578904400.0,48414
2023-05-10 09:37:15,TS2306,TS2306,101.135,0.0,0.0,0.0,221,101.13,101.135,88,101.11,101.13,101.14,101.125,1275.0,2578904400.0,48414
2023-05-10 09:37:15,TS2306,TS2306,101.135,0.0,0.0,0.0,238,101.13,101.135,88,101.11,101.13,101.14,101.125,1275.0,2578904400.0,48414
2023-05-10 09:37:16,TS2306,TS2306,101.135,0.0,0.0,0.0,261,101.13,101.135,98,101.11,101.13,101.14,101.125,1275.0,2578904400.0,48414
2023-05-10 09:37:16,TS2306,TS2306,101.135,0.0,0.0,0.0,254,101.13,101.135,88,101.11,101.13,101.14,101.125,1275.0,2578904400.0,48414
2023-05-10 09:37:17,TS2306,TS2306,101.135,0.0,0.0,0.0,232,101.13,101.135,88,101.11,101.13,101.14,101.125,1275.0,2578904400.0,48414
2023-05-10 09:37:17,TS2306,TS2306,101.135,0.0,0.0,0.0,252,101.13,101.135,88,101.11,101.13,101.14,101.125,1275.0,2578904400.0,48414
2023-05-10 09:37:18,TS2306,TS2306,101.135,0.0,0.0,0.0,254,101.13,101.135,88,101.11,101.13,101.14,101.125,1275.0,2578904400.0,48414
2023-05-10 09:37:18,TS2306,TS2306,101.135,0.0,0.0,0.0,257,101.13,101.135,88,101.11,101.13,101.14,101.125,1275.0,2578904400.0,48414
2023-05-10 09:37:20,TS2306,TS2306,101.135,0.0,0.0,0.0,268,101.13,101.135,88,101.11,101.13,101.14,101.125,1275.0,2578904400.0,48414
2023-05-10 09:37:21,TS2306,TS2306,101.135,0.0,0.0,0.0,269,101.13,101.135,88,101.11,101.13,101.14,101.125,1275.0,2578904400.0,48414
2023-05-10 09:37:25,TS2306,TS2306,101.135,0.0,0.0,0.0,270,101.13,101.135,88,101.11,101.13,101.14,101.125,1275.0,2578904400.0,48414
2023-05-10 09:37:25,TS2306,TS2306,101.135,0.0,0.0,0.0,267,101.13,101.135,88,101.11,101.13,101.14,101.125,1275.0,2578904400.0,48414
2023-05-10 09:37:28,TS2306,TS2306,101.135,0.0,0.0,0.0,268,101.13,101.135,88,101.11,101.13,101.14,101.125,1275.0,2578904400.0,48414
2023-05-10 09:37:34,TS2306,TS2306,101.135,0.0,0.0,0.0,270,101.13,101.135,88,101.11,101.13,101.14,101.125,1275.0,2578904400.0,48414
2023-05-10 09:37:39,TS2306,TS2306,101.135,0.0,0.0,0.0,271,101.13,101.135,88,101.11,101.13,101.14,101.125,1275.0,2578904400.0,48414
2023-05-10 09:37:39,TS2306,TS2306,101.13,1.0,2022600.0,-1.0,270,101.13,101.135,88,101.11,101.13,101.14,101.125,1276.0,2580927000.0,48413
2023-05-10 09:37:40,TS2306,TS2306,101.13,0.0,0.0,0.0,261,101.13,101.135,88,101.11,101.13,101.14,101.125,1276.0,2580927000.0,48413
2023-05-10 09:37:41,TS2306,TS2306,101.13,0.0,0.0,0.0,261,101.13,101.135,91,101.11,101.13,101.14,101.125,1276.0,2580927000.0,48413
2023-05-10 09:37:42,TS2306,TS2306,101.13,0.0,0.0,0.0,258,101.13,101.135,91,101.11,101.13,101.14,101.125,1276.0,2580927000.0,48413
2023-05-10 09:37:44,TS2306,TS2306,101.13,0.0,0.0,0.0,259,101.13,101.135,91,101.11,101.13,101.14,101.125,1276.0,2580927000.0,48413
2023-05-10 09:37:44,TS2306,TS2306,101.13,0.0,0.0,0.0,237,101.13,101.135,91,101.11,101.13,101.14,101.125,1276.0,2580927000.0,48413
2023-05-10 09:37:45,TS2306,TS2306,101.13,0.0,0.0,0.0,257,101.13,101.135,88,101.11,101.13,101.14,101.125,1276.0,2580927000.0,48413
2023-05-10 09:37:45,TS2306,TS2306,101.13,0.0,0.0,0.0,267,101.13,101.135,88,101.11,101.13,101.14,101.125,1276.0,2580927000.0,48413
2023-05-10 09:37:46,TS2306,TS2306,101.13,0.0,0.0,0.0,270,101.13,101.135,88,101.11,101.13,101.14,101.125,1276.0,2580927000.0,48413
2023-05-10 09:37:47,TS2306,TS2306,101.13,0.0,0.0,0.0,274,101.13,101.135,88,101.11,101.13,101.14,101.125,1276.0,2580927000.0,48413
2023-05-10 09:37:47,TS2306,TS2306,101.13,0.0,0.0,0.0,277,101.13,101.135,88,101.11,101.13,101.14,101.125,1276.0,2580927000.0,48413
2023-05-10 09:37:48,TS2306,TS2306,101.13,0.0,0.0,0.0,264,101.13,101.135,88,101.11,101.13,101.14,101.125,1276.0,2580927000.0,48413
2023-05-10 09:37:48,TS2306,TS2306,101.13,0.0,0.0,0.0,254,101.13,101.135,88,101.11,101.13,101.14,101.125,1276.0,2580927000.0,48413
2023-05-10 09:37:49,TS2306,TS2306,101.13,0.0,0.0,0.0,252,101.13,101.135,88,101.11,101.13,101.14,101.125,1276.0,2580927000.0,48413
2023-05-10 09:37:50,TS2306,TS2306,101.13,0.0,0.0,0.0,262,101.13,101.135,88,101.11,101.13,101.14,101.125,1276.0,2580927000.0,48413
2023-05-10 09:37:51,TS2306,TS2306,101.135,1.0,2022700.0,1.0,261,101.13,101.135,87,101.11,101.13,101.14,101.125,1277.0,2582949700.0,48414
2023-05-10 09:37:51,TS2306,TS2306,101.135,0.0,0.0,0.0,254,101.13,101.135,90,101.11,101.13,101.14,101.125,1277.0,2582949700.0,48414
2023-05-10 09:37:55,TS2306,TS2306,101.135,1.0,2022700.0,0.0,253,101.13,101.135,86,101.11,101.13,101.14,101.125,1278.0,2584972400.0,48414
2023-05-10 09:37:56,TS2306,TS2306,101.13,2.0,4045200.0,-2.0,251,101.13,101.135,86,101.11,101.13,101.14,101.125,1280.0,2589017600.0,48412
2023-05-10 09:37:57,TS2306,TS2306,101.13,0.0,0.0,0.0,248,101.13,101.135,86,101.11,101.13,101.14,101.125,1280.0,2589017600.0,48412
2023-05-10 09:37:58,TS2306,TS2306,101.135,1.0,2022700.0,1.0,243,101.13,101.135,85,101.11,101.13,101.14,101.125,1281.0,2591040300.0,48413
2023-05-10 09:37:58,TS2306,TS2306,101.135,0.0,0.0,0.0,246,101.13,101.135,92,101.11,101.13,101.14,101.125,1281.0,2591040300.0,48413
2023-05-10 09:37:59,TS2306,TS2306,101.135,0.0,0.0,0.0,232,101.13,101.135,98,101.11,101.13,101.14,101.125,1281.0,2591040300.0,48413
2023-05-10 09:37:59,TS2306,TS2306,101.135,0.0,0.0,0.0,242,101.13,101.135,101,101.11,101.13,101.14,101.125,1281.0,2591040300.0,48413
2023-05-10 09:38:03,TS2306,TS2306,101.135,0.0,0.0,0.0,252,101.13,101.135,101,101.11,101.13,101.14,101.125,1281.0,2591040300.0,48413
2023-05-10 09:38:04,TS2306,TS2306,101.135,13.0,26295100.0,-8.0,250,101.13,101.135,99,101.11,101.13,101.14,101.125,1294.0,2617335400.0,48405
2023-05-10 09:38:05,TS2306,TS2306,101.135,0.0,0.0,0.0,250,101.13,101.135,103,101.11,101.13,101.14,101.125,1294.0,2617335400.0,48405
2023-05-10 09:38:05,TS2306,TS2306,101.135,0.0,0.0,0.0,253,101.13,101.135,100,101.11,101.13,101.14,101.125,1294.0,2617335400.0,48405
2023-05-10 09:38:06,TS2306,TS2306,101.135,0.0,0.0,0.0,257,101.13,101.135,97,101.11,101.13,101.14,101.125,1294.0,2617335400.0,48405
2023-05-10 09:38:08,TS2306,TS2306,101.135,0.0,0.0,0.0,257,101.13,101.135,100,101.11,101.13,101.14,101.125,1294.0,2617335400.0,48405
2023-05-10 09:38:09,TS2306,TS2306,101.135,1.0,2022700.0,0.0,256,101.13,101.135,96,101.11,101.13,101.14,101.125,1295.0,2619358100.0,48405
2023-05-10 09:38:09,TS2306,TS2306,101.135,0.0,0.0,0.0,263,101.13,101.135,96,101.11,101.13,101.14,101.125,1295.0,2619358100.0,48405
2023-05-10 09:38:10,TS2306,TS2306,101.135,1.0,2022700.0,0.0,262,101.13,101.135,95,101.11,101.13,101.14,101.125,1296.0,2621380800.0,48405
2023-05-10 09:38:11,TS2306,TS2306,101.135,0.0,0.0,0.0,265,101.13,101.135,95,101.11,101.13,101.14,101.125,1296.0,2621380800.0,48405
2023-05-10 09:38:14,TS2306,TS2306,101.135,1.0,2022700.0,0.0,264,101.13,101.135,94,101.11,101.13,101.14,101.125,1297.0,2623403500.0,48405
2023-05-10 09:38:14,TS2306,TS2306,101.135,0.0,0.0,0.0,254,101.13,101.135,97,101.11,101.13,101.14,101.125,1297.0,2623403500.0,48405
2023-05-10 09:38:15,TS2306,TS2306,101.135,0.0,0.0,0.0,251,101.13,101.135,97,101.11,101.13,101.14,101.125,1297.0,2623403500.0,48405
2023-05-10 09:38:17,TS2306,TS2306,101.135,0.0,0.0,0.0,251,101.13,101.135,94,101.11,101.13,101.14,101.125,1297.0,2623403500.0,48405
2023-05-10 09:38:17,TS2306,TS2306,101.135,0.0,0.0,0.0,261,101.13,101.135,97,101.11,101.13,101.14,101.125,1297.0,2623403500.0,48405
2023-05-10 09:38:19,TS2306,TS2306,101.135,0.0,0.0,0.0,266,101.13,101.135,94,101.11,101.13,101.14,101.125,1297.0,2623403500.0,48405
2023-05-10 09:38:20,TS2306,TS2306,101.135,0.0,0.0,0.0,276,101.13,101.135,94,101.11,101.13,101.14,101.125,1297.0,2623403500.0,48405
2023-05-10 09:38:21,TS2306,TS2306,101.135,0.0,0.0,0.0,279,101.13,101.135,94,101.11,101.13,101.14,101.125,1297.0,2623403500.0,48405
2023-05-10 09:38:25,TS2306,TS2306,101.135,0.0,0.0,0.0,276,101.13,101.135,94,101.11,101.13,101.14,101.125,1297.0,2623403500.0,48405
2023-05-10 09:38:31,TS2306,TS2306,101.135,0.0,0.0,0.0,266,101.13,101.135,197,101.11,101.13,101.14,101.125,1297.0,2623403500.0,48405
2023-05-10 09:38:31,TS2306,TS2306,101.135,0.0,0.0,0.0,266,101.13,101.135,207,101.11,101.13,101.14,101.125,1297.0,2623403500.0,48405
2023-05-10 09:38:33,TS2306,TS2306,101.135,0.0,0.0,0.0,266,101.13,101.135,210,101.11,101.13,101.14,101.125,1297.0,2623403500.0,48405
2023-05-10 09:38:34,TS2306,TS2306,101.135,0.0,0.0,0.0,276,101.13,101.135,210,101.11,101.13,101.14,101.125,1297.0,2623403500.0,48405
2023-05-10 09:38:36,TS2306,TS2306,101.135,0.0,0.0,0.0,252,101.13,101.135,210,101.11,101.13,101.14,101.125,1297.0,2623403500.0,48405
2023-05-10 09:38:36,TS2306,TS2306,101.135,0.0,0.0,0.0,272,101.13,101.135,210,101.11,101.13,101.14,101.125,1297.0,2623403500.0,48405
2023-05-10 09:38:37,TS2306,TS2306,101.135,0.0,0.0,0.0,272,101.13,101.135,211,101.11,101.13,101.14,101.125,1297.0,2623403500.0,48405
2023-05-10 09:38:39,TS2306,TS2306,101.135,0.0,0.0,0.0,272,101.13,101.135,208,101.11,101.13,101.14,101.125,1297.0,2623403500.0,48405
2023-05-10 09:38:58,TS2306,TS2306,101.13,1.0,2022600.0,0.0,271,101.13,101.135,208,101.11,101.13,101.14,101.125,1298.0,2625426100.0,48405
2023-05-10 09:38:58,TS2306,TS2306,101.13,0.0,0.0,0.0,264,101.13,101.135,208,101.11,101.13,101.14,101.125,1298.0,2625426100.0,48405
2023-05-10 09:38:59,TS2306,TS2306,101.13,0.0,0.0,0.0,264,101.13,101.135,211,101.11,101.13,101.14,101.125,1298.0,2625426100.0,48405
2023-05-10 09:39:00,TS2306,TS2306,101.13,0.0,0.0,0.0,241,101.13,101.135,211,101.11,101.13,101.14,101.125,1298.0,2625426100.0,48405
2023-05-10 09:39:00,TS2306,TS2306,101.13,0.0,0.0,0.0,251,101.13,101.135,211,101.11,101.13,101.14,101.125,1298.0,2625426100.0,48405
2023-05-10 09:39:01,TS2306,TS2306,101.13,0.0,0.0,0.0,264,101.13,101.135,211,101.11,101.13,101.14,101.125,1298.0,2625426100.0,48405
2023-05-10 09:39:02,TS2306,TS2306,101.135,1.0,2022700.0,-1.0,264,101.13,101.135,210,101.11,101.13,101.14,101.125,1299.0,2627448800.0,48404
2023-05-10 09:39:03,TS2306,TS2306,101.135,0.0,0.0,0.0,261,101.13,101.135,210,101.11,101.13,101.14,101.125,1299.0,2627448800.0,48404
2023-05-10 09:39:03,TS2306,TS2306,101.135,0.0,0.0,0.0,261,101.13,101.135,207,101.11,101.13,101.14,101.125,1299.0,2627448800.0,48404
2023-05-10 09:39:05,TS2306,TS2306,101.135,0.0,0.0,0.0,264,101.13,101.135,207,101.11,101.13,101.14,101.125,1299.0,2627448800.0,48404
2023-05-10 09:39:07,TS2306,TS2306,101.135,0.0,0.0,0.0,261,101.13,101.135,207,101.11,101.13,101.14,101.125,1299.0,2627448800.0,48404
2023-05-10 09:39:08,TS2306,TS2306,101.135,0.0,0.0,0.0,271,101.13,101.135,207,101.11,101.13,101.14,101.125,1299.0,2627448800.0,48404
2023-05-10 09:39:09,TS2306,TS2306,101.135,0.0,0.0,0.0,274,101.13,101.135,207,101.11,101.13,101.14,101.125,1299.0,2627448800.0,48404
2023-05-10 09:39:13,TS2306,TS2306,101.135,0.0,0.0,0.0,271,101.13,101.135,207,101.11,101.13,101.14,101.125,1299.0,2627448800.0,48404
2023-05-10 09:39:30,TS2306,TS2306,101.135,0.0,0.0,0.0,251,101.13,101.135,207,101.11,101.13,101.14,101.125,1299.0,2627448800.0,48404
2023-05-10 09:39:32,TS2306,TS2306,101.13,15.0,30339000.0,-8.0,236,101.13,101.135,207,101.11,101.13,101.14,101.125,1314.0,2657787800.0,48396
2023-05-10 09:39:33,TS2306,TS2306,101.13,0.0,0.0,0.0,236,101.13,101.135,210,101.11,101.13,101.14,101.125,1314.0,2657787800.0,48396
2023-05-10 09:39:37,TS2306,TS2306,101.13,0.0,0.0,0.0,236,101.13,101.135,207,101.11,101.13,101.14,101.125,1314.0,2657787800.0,48396
2023-05-10 09:39:38,TS2306,TS2306,101.13,0.0,0.0,0.0,246,101.13,101.135,207,101.11,101.13,101.14,101.125,1314.0,2657787800.0,48396
2023-05-10 09:39:39,TS2306,TS2306,101.13,0.0,0.0,0.0,236,101.13,101.135,207,101.11,101.13,101.14,101.125,1314.0,2657787800.0,48396
2023-05-10 09:39:40,TS2306,TS2306,101.13,0.0,0.0,0.0,219,101.13,101.135,224,101.11,101.13,101.14,101.125,1314.0,2657787800.0,48396
2023-05-10 09:39:40,TS2306,TS2306,101.13,0.0,0.0,0.0,186,101.13,101.135,231,101.11,101.13,101.14,101.125,1314.0,2657787800.0,48396
2023-05-10 09:39:41,TS2306,TS2306,101.13,186.0,376203600.0,-133.0,295,101.125,101.13,61,101.11,101.13,101.14,101.125,1500.0,3033991400.0,48263
2023-05-10 09:39:41,TS2306,TS2306,101.13,1.0,2022600.0,0.0,195,101.125,101.13,123,101.11,101.13,101.14,101.125,1501.0,3036014000.0,48263
2023-05-10 09:39:42,TS2306,TS2306,101.13,0.0,0.0,0.0,199,101.125,101.13,123,101.11,101.13,101.14,101.125,1501.0,3036014000.0,48263
2023-05-10 09:39:43,TS2306,TS2306,101.13,0.0,0.0,0.0,189,101.125,101.13,123,101.11,101.13,101.14,101.125,1501.0,3036014000.0,48263
2023-05-10 09:39:44,TS2306,TS2306,101.13,0.0,0.0,0.0,188,101.125,101.13,134,101.11,101.13,101.14,101.125,1501.0,3036014000.0,48263
2023-05-10 09:39:44,TS2306,TS2306,101.13,0.0,0.0,0.0,188,101.125,101.13,135,101.11,101.13,101.14,101.125,1501.0,3036014000.0,48263
2023-05-10 09:39:45,TS2306,TS2306,101.125,7.0,14157500.0,1.0,211,101.125,101.13,125,101.11,101.13,101.14,101.125,1508.0,3050171500.0,48264
2023-05-10 09:39:45,TS2306,TS2306,101.125,0.0,0.0,0.0,208,101.125,101.13,135,101.11,101.13,101.14,101.125,1508.0,3050171500.0,48264
2023-05-10 09:39:46,TS2306,TS2306,101.125,0.0,0.0,0.0,208,101.125,101.13,140,101.11,101.13,101.14,101.125,1508.0,3050171500.0,48264
2023-05-10 09:39:48,TS2306,TS2306,101.125,0.0,0.0,0.0,258,101.125,101.13,140,101.11,101.13,101.14,101.125,1508.0,3050171500.0,48264
2023-05-10 09:39:49,TS2306,TS2306,101.125,0.0,0.0,0.0,257,101.125,101.13,140,101.11,101.13,101.14,101.125,1508.0,3050171500.0,48264
2023-05-10 09:39:51,TS2306,TS2306,101.125,0.0,0.0,0.0,267,101.125,101.13,140,101.11,101.13,101.14,101.125,1508.0,3050171500.0,48264
2023-05-10 09:39:51,TS2306,TS2306,101.125,0.0,0.0,0.0,277,101.125,101.13,140,101.11,101.13,101.14,101.125,1508.0,3050171500.0,48264
2023-05-10 09:39:52,TS2306,TS2306,101.125,0.0,0.0,0.0,258,101.125,101.13,140,101.11,101.13,101.14,101.125,1508.0,3050171500.0,48264
2023-05-10 09:39:52,TS2306,TS2306,101.125,0.0,0.0,0.0,278,101.125,101.13,140,101.11,101.13,101.14,101.125,1508.0,3050171500.0,48264
2023-05-10 09:39:53,TS2306,TS2306,101.125,0.0,0.0,0.0,279,101.125,101.13,140,101.11,101.13,101.14,101.125,1508.0,3050171500.0,48264
2023-05-10 09:39:53,TS2306,TS2306,101.125,0.0,0.0,0.0,279,101.125,101.13,127,101.11,101.13,101.14,101.125,1508.0,3050171500.0,48264
2023-05-10 09:39:54,TS2306,TS2306,101.125,0.0,0.0,0.0,283,101.125,101.13,127,101.11,101.13,101.14,101.125,1508.0,3050171500.0,48264
2023-05-10 09:39:54,TS2306,TS2306,101.125,0.0,0.0,0.0,283,101.125,101.13,130,101.11,101.13,101.14,101.125,1508.0,3050171500.0,48264
2023-05-10 09:39:55,TS2306,TS2306,101.125,0.0,0.0,0.0,278,101.125,101.13,130,101.11,101.13,101.14,101.125,1508.0,3050171500.0,48264
2023-05-10 09:39:55,TS2306,TS2306,101.125,0.0,0.0,0.0,275,101.125,101.13,143,101.11,101.13,101.14,101.125,1508.0,3050171500.0,48264
2023-05-10 09:39:57,TS2306,TS2306,101.125,0.0,0.0,0.0,276,101.125,101.13,144,101.11,101.13,101.14,101.125,1508.0,3050171500.0,48264
2023-05-10 09:39:58,TS2306,TS2306,101.125,0.0,0.0,0.0,279,101.125,101.13,131,101.11,101.13,101.14,101.125,1508.0,3050171500.0,48264
2023-05-10 09:40:00,TS2306,TS2306,101.125,0.0,0.0,0.0,289,101.125,101.13,141,101.11,101.13,101.14,101.125,1508.0,3050171500.0,48264
2023-05-10 09:40:01,TS2306,TS2306,101.125,0.0,0.0,0.0,289,101.125,101.13,151,101.11,101.13,101.14,101.125,1508.0,3050171500.0,48264
2023-05-10 09:40:04,TS2306,TS2306,101.125,0.0,0.0,0.0,290,101.125,101.13,151,101.11,101.13,101.14,101.125,1508.0,3050171500.0,48264
2023-05-10 09:40:04,TS2306,TS2306,101.13,4.0,8090400.0,0.0,290,101.125,101.13,147,101.11,101.13,101.14,101.125,1512.0,3058261900.0,48264
2023-05-10 09:40:05,TS2306,TS2306,101.13,0.0,0.0,0.0,280,101.125,101.13,160,101.11,101.13,101.14,101.125,1512.0,3058261900.0,48264
2023-05-10 09:40:06,TS2306,TS2306,101.13,0.0,0.0,0.0,281,101.125,101.13,160,101.11,101.13,101.14,101.125,1512.0,3058261900.0,48264
2023-05-10 09:40:07,TS2306,TS2306,101.13,0.0,0.0,0.0,282,101.125,101.13,160,101.11,101.13,101.14,101.125,1512.0,3058261900.0,48264
2023-05-10 09:40:07,TS2306,TS2306,101.13,0.0,0.0,0.0,282,101.125,101.13,163,101.11,101.13,101.14,101.125,1512.0,3058261900.0,48264
2023-05-10 09:40:10,TS2306,TS2306,101.13,0.0,0.0,0.0,292,101.125,101.13,163,101.11,101.13,101.14,101.125,1512.0,3058261900.0,48264
2023-05-10 09:40:11,TS2306,TS2306,101.13,0.0,0.0,0.0,292,101.125,101.13,170,101.11,101.13,101.14,101.125,1512.0,3058261900.0,48264
2023-05-10 09:40:12,TS2306,TS2306,101.13,0.0,0.0,0.0,307,101.125,101.13,185,101.11,101.13,101.14,101.125,1512.0,3058261900.0,48264
2023-05-10 09:40:15,TS2306,TS2306,101.13,1.0,2022600.0,0.0,306,101.125,101.13,184,101.11,101.13,101.14,101.125,1513.0,3060284500.0,48264
2023-05-10 09:40:15,TS2306,TS2306,101.13,0.0,0.0,0.0,296,101.125,101.13,184,101.11,101.13,101.14,101.125,1513.0,3060284500.0,48264
2023-05-10 09:40:17,TS2306,TS2306,101.13,0.0,0.0,0.0,296,101.125,101.13,187,101.11,101.13,101.14,101.125,1513.0,3060284500.0,48264
2023-05-10 09:40:21,TS2306,TS2306,101.13,0.0,0.0,0.0,306,101.125,101.13,171,101.11,101.13,101.14,101.125,1513.0,3060284500.0,48264
2023-05-10 09:40:22,TS2306,TS2306,101.13,16.0,32361600.0,2.0,300,101.125,101.13,125,101.11,101.13,101.14,101.125,1529.0,3092646100.0,48266
2023-05-10 09:40:22,TS2306,TS2306,101.13,10.0,20226000.0,8.0,290,101.125,101.13,106,101.11,101.13,101.14,101.125,1539.0,3112872100.0,48274
2023-05-10 09:40:23,TS2306,TS2306,101.13,107.0,216418200.0,43.0,18,101.13,101.135,285,101.11,101.13,101.14,101.125,1646.0,3329290300.0,48317
2023-05-10 09:40:23,TS2306,TS2306,101.13,0.0,0.0,0.0,98,101.13,101.135,213,101.11,101.13,101.14,101.125,1646.0,3329290300.0,48317
2023-05-10 09:40:24,TS2306,TS2306,101.13,104.0,210350400.0,-56.0,355,101.125,101.13,51,101.11,101.13,101.14,101.125,1750.0,3539640700.0,48261
2023-05-10 09:40:24,TS2306,TS2306,101.13,0.0,0.0,0.0,316,101.125,101.13,133,101.11,101.13,101.14,101.125,1750.0,3539640700.0,48261
2023-05-10 09:40:25,TS2306,TS2306,101.13,0.0,0.0,0.0,318,101.125,101.13,153,101.11,101.13,101.14,101.125,1750.0,3539640700.0,48261
2023-05-10 09:40:25,TS2306,TS2306,101.13,0.0,0.0,0.0,308,101.125,101.13,165,101.11,101.13,101.14,101.125,1750.0,3539640700.0,48261
2023-05-10 09:40:26,TS2306,TS2306,101.13,0.0,0.0,0.0,308,101.125,101.13,166,101.11,101.13,101.14,101.125,1750.0,3539640700.0,48261
2023-05-10 09:40:26,TS2306,TS2306,101.13,0.0,0.0,0.0,305,101.125,101.13,166,101.11,101.13,101.14,101.125,1750.0,3539640700.0,48261
2023-05-10 09:40:27,TS2306,TS2306,101.13,1.0,2022600.0,1.0,304,101.125,101.13,165,101.11,101.13,101.14,101.125,1751.0,3541663300.0,48262
2023-05-10 09:40:29,TS2306,TS2306,101.13,0.0,0.0,0.0,324,101.125,101.13,185,101.11,101.13,101.14,101.125,1751.0,3541663300.0,48262
2023-05-10 09:40:30,TS2306,TS2306,101.13,0.0,0.0,0.0,274,101.125,101.13,185,101.11,101.13,101.14,101.125,1751.0,3541663300.0,48262
2023-05-10 09:40:33,TS2306,TS2306,101.13,0.0,0.0,0.0,284,101.125,101.13,185,101.11,101.13,101.14,101.125,1751.0,3541663300.0,48262
2023-05-10 09:40:34,TS2306,TS2306,101.13,1.0,2022600.0,1.0,283,101.125,101.13,184,101.11,101.13,101.14,101.125,1752.0,3543685900.0,48263
2023-05-10 09:40:34,TS2306,TS2306,101.13,0.0,0.0,0.0,273,101.125,101.13,184,101.11,101.13,101.14,101.125,1752.0,3543685900.0,48263
2023-05-10 09:40:35,TS2306,TS2306,101.13,0.0,0.0,0.0,273,101.125,101.13,185,101.11,101.13,101.14,101.125,1752.0,3543685900.0,48263
2023-05-10 09:40:36,TS2306,TS2306,101.13,1.0,2022600.0,1.0,272,101.125,101.13,184,101.11,101.13,101.14,101.125,1753.0,3545708500.0,48264
2023-05-10 09:40:37,TS2306,TS2306,101.13,1.0,2022600.0,1.0,271,101.125,101.13,183,101.11,101.13,101.14,101.125,1754.0,3547731100.0,48265
2023-05-10 09:40:43,TS2306,TS2306,101.13,0.0,0.0,0.0,281,101.125,101.13,183,101.11,101.13,101.14,101.125,1754.0,3547731100.0,48265
2023-05-10 09:40:58,TS2306,TS2306,101.13,0.0,0.0,0.0,291,101.125,101.13,193,101.11,101.13,101.14,101.125,1754.0,3547731100.0,48265
2023-05-10 09:40:59,TS2306,TS2306,101.13,0.0,0.0,0.0,281,101.125,101.13,183,101.11,101.13,101.14,101.125,1754.0,3547731100.0,48265
2023-05-10 09:41:00,TS2306,TS2306,101.13,0.0,0.0,0.0,271,101.125,101.13,183,101.11,101.13,101.14,101.125,1754.0,3547731100.0,48265
2023-05-10 09:41:06,TS2306,TS2306,101.13,0.0,0.0,0.0,271,101.125,101.13,170,101.11,101.13,101.14,101.125,1754.0,3547731100.0,48265
2023-05-10 09:41:07,TS2306,TS2306,101.13,182.0,368113200.0,74.0,56,101.13,101.135,284,101.11,101.13,101.14,101.125,1936.0,3915844300.0,48339
2023-05-10 09:41:07,TS2306,TS2306,101.13,0.0,0.0,0.0,206,101.13,101.135,223,101.11,101.13,101.14,101.125,1936.0,3915844300.0,48339
2023-05-10 09:41:08,TS2306,TS2306,101.13,0.0,0.0,0.0,226,101.13,101.135,231,101.11,101.13,101.14,101.125,1936.0,3915844300.0,48339
2023-05-10 09:41:08,TS2306,TS2306,101.13,0.0,0.0,0.0,226,101.13,101.135,243,101.11,101.13,101.14,101.125,1936.0,3915844300.0,48339
2023-05-10 09:41:09,TS2306,TS2306,101.13,0.0,0.0,0.0,176,101.13,101.135,243,101.11,101.13,101.14,101.125,1936.0,3915844300.0,48339
2023-05-10 09:41:09,TS2306,TS2306,101.13,0.0,0.0,0.0,166,101.13,101.135,243,101.11,101.13,101.14,101.125,1936.0,3915844300.0,48339
2023-05-10 09:41:10,TS2306,TS2306,101.13,0.0,0.0,0.0,176,101.13,101.135,253,101.11,101.13,101.14,101.125,1936.0,3915844300.0,48339
2023-05-10 09:41:13,TS2306,TS2306,101.13,0.0,0.0,0.0,176,101.13,101.135,263,101.11,101.13,101.14,101.125,1936.0,3915844300.0,48339
2023-05-10 09:41:18,TS2306,TS2306,101.13,65.0,131469000.0,-49.0,90,101.13,101.135,263,101.11,101.13,101.14,101.125,2001.0,4047313300.0,48290
2023-05-10 09:41:19,TS2306,TS2306,101.13,0.0,0.0,0.0,80,101.13,101.135,254,101.11,101.13,101.14,101.125,2001.0,4047313300.0,48290
2023-05-10 09:41:23,TS2306,TS2306,101.13,0.0,0.0,0.0,80,101.13,101.135,274,101.11,101.13,101.14,101.125,2001.0,4047313300.0,48290
2023-05-10 09:41:23,TS2306,TS2306,101.13,0.0,0.0,0.0,100,101.13,101.135,274,101.11,101.13,101.14,101.125,2001.0,4047313300.0,48290
2023-05-10 09:41:24,TS2306,TS2306,101.13,0.0,0.0,0.0,105,101.13,101.135,274,101.11,101.13,101.14,101.125,2001.0,4047313300.0,48290
2023-05-10 09:41:24,TS2306,TS2306,101.13,0.0,0.0,0.0,105,101.13,101.135,287,101.11,101.13,101.14,101.125,2001.0,4047313300.0,48290
2023-05-10 09:41:25,TS2306,TS2306,101.13,109.0,220463400.0,-43.0,309,101.125,101.13,63,101.11,101.13,101.14,101.125,2110.0,4267776700.0,48247
2023-05-10 09:41:26,TS2306,TS2306,101.13,51.0,103152600.0,20.0,254,101.125,101.13,110,101.11,101.13,101.14,101.125,2161.0,4370929300.0,48267
2023-05-10 09:41:26,TS2306,TS2306,101.13,0.0,0.0,0.0,244,101.125,101.13,90,101.11,101.13,101.14,101.125,2161.0,4370929300.0,48267
2023-05-10 09:41:27,TS2306,TS2306,101.13,0.0,0.0,0.0,244,101.125,101.13,91,101.11,101.13,101.14,101.125,2161.0,4370929300.0,48267
2023-05-10 09:41:27,TS2306,TS2306,101.13,0.0,0.0,0.0,247,101.125,101.13,94,101.11,101.13,101.14,101.125,2161.0,4370929300.0,48267
2023-05-10 09:41:28,TS2306,TS2306,101.13,0.0,0.0,0.0,257,101.125,101.13,104,101.11,101.13,101.14,101.125,2161.0,4370929300.0,48267
2023-05-10 09:41:29,TS2306,TS2306,101.13,0.0,0.0,0.0,256,101.125,101.13,104,101.11,101.13,101.14,101.125,2161.0,4370929300.0,48267
2023-05-10 09:41:31,TS2306,TS2306,101.13,0.0,0.0,0.0,253,101.125,101.13,104,101.11,101.13,101.14,101.125,2161.0,4370929300.0,48267
2023-05-10 09:41:32,TS2306,TS2306,101.13,0.0,0.0,0.0,263,101.125,101.13,104,101.11,101.13,101.14,101.125,2161.0,4370929300.0,48267
2023-05-10 09:41:33,TS2306,TS2306,101.125,1.0,2022500.0,-1.0,262,101.125,101.13,104,101.11,101.13,101.14,101.125,2162.0,4372951800.0,48266
2023-05-10 09:41:33,TS2306,TS2306,101.125,0.0,0.0,0.0,252,101.125,101.13,111,101.11,101.13,101.14,101.125,2162.0,4372951800.0,48266
2023-05-10 09:41:34,TS2306,TS2306,101.125,0.0,0.0,0.0,252,101.125,101.13,112,101.11,101.13,101.14,101.125,2162.0,4372951800.0,48266
2023-05-10 09:41:35,TS2306,TS2306,101.125,0.0,0.0,0.0,252,101.125,101.13,145,101.11,101.13,101.14,101.125,2162.0,4372951800.0,48266
2023-05-10 09:41:36,TS2306,TS2306,101.125,0.0,0.0,0.0,227,101.125,101.13,176,101.11,101.13,101.14,101.125,2162.0,4372951800.0,48266
2023-05-10 09:41:36,TS2306,TS2306,101.125,0.0,0.0,0.0,227,101.125,101.13,186,101.11,101.13,101.14,101.125,2162.0,4372951800.0,48266
2023-05-10 09:41:38,TS2306,TS2306,101.125,0.0,0.0,0.0,227,101.125,101.13,191,101.11,101.13,101.14,101.125,2162.0,4372951800.0,48266
2023-05-10 09:41:39,TS2306,TS2306,101.125,0.0,0.0,0.0,237,101.125,101.13,191,101.11,101.13,101.14,101.125,2162.0,4372951800.0,48266
2023-05-10 09:41:40,TS2306,TS2306,101.125,0.0,0.0,0.0,237,101.125,101.13,192,101.11,101.13,101.14,101.125,2162.0,4372951800.0,48266
2023-05-10 09:41:41,TS2306,TS2306,101.125,0.0,0.0,0.0,232,101.125,101.13,192,101.11,101.13,101.14,101.125,2162.0,4372951800.0,48266
2023-05-10 09:41:42,TS2306,TS2306,101.125,0.0,0.0,0.0,232,101.125,101.13,182,101.11,101.13,101.14,101.125,2162.0,4372951800.0,48266
2023-05-10 09:41:43,TS2306,TS2306,101.125,0.0,0.0,0.0,235,101.125,101.13,179,101.11,101.13,101.14,101.125,2162.0,4372951800.0,48266
2023-05-10 09:41:47,TS2306,TS2306,101.125,0.0,0.0,0.0,232,101.125,101.13,179,101.11,101.13,101.14,101.125,2162.0,4372951800.0,48266
2023-05-10 09:41:51,TS2306,TS2306,101.125,0.0,0.0,0.0,260,101.125,101.13,169,101.11,101.13,101.14,101.125,2162.0,4372951800.0,48266
2023-05-10 09:41:52,TS2306,TS2306,101.125,0.0,0.0,0.0,260,101.125,101.13,156,101.11,101.13,101.14,101.125,2162.0,4372951800.0,48266
2023-05-10 09:41:52,TS2306,TS2306,101.125,0.0,0.0,0.0,260,101.125,101.13,169,101.11,101.13,101.14,101.125,2162.0,4372951800.0,48266
2023-05-10 09:41:53,TS2306,TS2306,101.125,0.0,0.0,0.0,263,101.125,101.13,169,101.11,101.13,101.14,101.125,2162.0,4372951800.0,48266
2023-05-10 09:41:55,TS2306,TS2306,101.125,0.0,0.0,0.0,263,101.125,101.13,161,101.11,101.13,101.14,101.125,2162.0,4372951800.0,48266
2023-05-10 09:41:56,TS2306,TS2306,101.125,0.0,0.0,0.0,263,101.125,101.13,148,101.11,101.13,101.14,101.125,2162.0,4372951800.0,48266
2023-05-10 09:41:56,TS2306,TS2306,101.125,0.0,0.0,0.0,263,101.125,101.13,147,101.11,101.13,101.14,101.125,2162.0,4372951800.0,48266
2023-05-10 09:42:01,TS2306,TS2306,101.125,0.0,0.0,0.0,260,101.125,101.13,117,101.11,101.13,101.14,101.125,2162.0,4372951800.0,48266
2023-05-10 09:42:03,TS2306,TS2306,101.125,0.0,0.0,0.0,260,101.125,101.13,105,101.11,101.13,101.14,101.125,2162.0,4372951800.0,48266
2023-05-10 09:42:03,TS2306,TS2306,101.125,0.0,0.0,0.0,263,101.125,101.13,98,101.11,101.13,101.14,101.125,2162.0,4372951800.0,48266
2023-05-10 09:42:04,TS2306,TS2306,101.13,99.0,200237400.0,55.0,40,101.13,101.135,283,101.11,101.13,101.14,101.125,2261.0,4573189200.0,48321
2023-05-10 09:42:04,TS2306,TS2306,101.13,0.0,0.0,0.0,100,101.13,101.135,214,101.11,101.13,101.14,101.125,2261.0,4573189200.0,48321
2023-05-10 09:42:05,TS2306,TS2306,101.13,0.0,0.0,0.0,100,101.13,101.135,213,101.11,101.13,101.14,101.125,2261.0,4573189200.0,48321
2023-05-10 09:42:05,TS2306,TS2306,101.13,1.0,2022600.0,-1.0,92,101.13,101.135,226,101.11,101.13,101.14,101.125,2262.0,4575211800.0,48320
2023-05-10 09:42:06,TS2306,TS2306,101.13,124.0,250802400.0,-37.0,307,101.125,101.13,26,101.11,101.13,101.14,101.125,2386.0,4826014200.0,48283
2023-05-10 09:42:06,TS2306,TS2306,101.13,0.0,0.0,0.0,238,101.125,101.13,107,101.11,101.13,101.14,101.125,2386.0,4826014200.0,48283
2023-05-10 09:42:07,TS2306,TS2306,101.13,0.0,0.0,0.0,238,101.125,101.13,140,101.11,101.13,101.14,101.125,2386.0,4826014200.0,48283
2023-05-10 09:42:07,TS2306,TS2306,101.13,0.0,0.0,0.0,241,101.125,101.13,140,101.11,101.13,101.14,101.125,2386.0,4826014200.0,48283
2023-05-10 09:42:08,TS2306,TS2306,101.13,0.0,0.0,0.0,246,101.125,101.13,140,101.11,101.13,101.14,101.125,2386.0,4826014200.0,48283
2023-05-10 09:42:08,TS2306,TS2306,101.13,0.0,0.0,0.0,266,101.125,101.13,160,101.11,101.13,101.14,101.125,2386.0,4826014200.0,48283
2023-05-10 09:42:09,TS2306,TS2306,101.13,0.0,0.0,0.0,286,101.125,101.13,160,101.11,101.13,101.14,101.125,2386.0,4826014200.0,48283
2023-05-10 09:42:09,TS2306,TS2306,101.13,0.0,0.0,0.0,286,101.125,101.13,163,101.11,101.13,101.14,101.125,2386.0,4826014200.0,48283
2023-05-10 09:42:10,TS2306,TS2306,101.13,0.0,0.0,0.0,296,101.125,101.13,163,101.11,101.13,101.14,101.125,2386.0,4826014200.0,48283
2023-05-10 09:42:12,TS2306,TS2306,101.13,0.0,0.0,0.0,306,101.125,101.13,163,101.11,101.13,101.14,101.125,2386.0,4826014200.0,48283
2023-05-10 09:42:13,TS2306,TS2306,101.13,0.0,0.0,0.0,309,101.125,101.13,160,101.11,101.13,101.14,101.125,2386.0,4826014200.0,48283
2023-05-10 09:42:16,TS2306,TS2306,101.13,0.0,0.0,0.0,309,101.125,101.13,161,101.11,101.13,101.14,101.125,2386.0,4826014200.0,48283
2023-05-10 09:42:17,TS2306,TS2306,101.13,0.0,0.0,0.0,306,101.125,101.13,161,101.11,101.13,101.14,101.125,2386.0,4826014200.0,48283
2023-05-10 09:42:19,TS2306,TS2306,101.13,0.0,0.0,0.0,306,101.125,101.13,171,101.11,101.13,101.14,101.125,2386.0,4826014200.0,48283
2023-05-10 09:42:21,TS2306,TS2306,101.13,0.0,0.0,0.0,306,101.125,101.13,158,101.11,101.13,101.14,101.125,2386.0,4826014200.0,48283
2023-05-10 09:42:21,TS2306,TS2306,101.13,0.0,0.0,0.0,306,101.125,101.13,151,101.11,101.13,101.14,101.125,2386.0,4826014200.0,48283
2023-05-10 09:42:22,TS2306,TS2306,101.13,0.0,0.0,0.0,306,101.125,101.13,161,101.11,101.13,101.14,101.125,2386.0,4826014200.0,48283
2023-05-10 09:42:22,TS2306,TS2306,101.13,0.0,0.0,0.0,306,101.125,101.13,174,101.11,101.13,101.14,101.125,2386.0,4826014200.0,48283
2023-05-10 09:42:23,TS2306,TS2306,101.13,0.0,0.0,0.0,306,101.125,101.13,171,101.11,101.13,101.14,101.125,2386.0,4826014200.0,48283
2023-05-10 09:42:30,TS2306,TS2306,101.13,0.0,0.0,0.0,308,101.125,101.13,171,101.11,101.13,101.14,101.125,2386.0,4826014200.0,48283
2023-05-10 09:42:34,TS2306,TS2306,101.13,0.0,0.0,0.0,309,101.125,101.13,171,101.11,101.13,101.14,101.125,2386.0,4826014200.0,48283
2023-05-10 09:42:36,TS2306,TS2306,101.13,0.0,0.0,0.0,299,101.125,101.13,161,101.11,101.13,101.14,101.125,2386.0,4826014200.0,48283
2023-05-10 09:42:38,TS2306,TS2306,101.13,1.0,2022600.0,0.0,299,101.125,101.13,160,101.11,101.13,101.14,101.125,2387.0,4828036800.0,48283
2023-05-10 09:42:38,TS2306,TS2306,101.13,0.0,0.0,0.0,289,101.125,101.13,160,101.11,101.13,101.14,101.125,2387.0,4828036800.0,48283
2023-05-10 09:42:41,TS2306,TS2306,101.13,0.0,0.0,0.0,289,101.125,101.13,163,101.11,101.13,101.14,101.125,2387.0,4828036800.0,48283
2023-05-10 09:42:43,TS2306,TS2306,101.13,0.0,0.0,0.0,289,101.125,101.13,160,101.11,101.13,101.14,101.125,2387.0,4828036800.0,48283
2023-05-10 09:42:44,TS2306,TS2306,101.13,0.0,0.0,0.0,299,101.125,101.13,160,101.11,101.13,101.14,101.125,2387.0,4828036800.0,48283
2023-05-10 09:42:45,TS2306,TS2306,101.13,0.0,0.0,0.0,302,101.125,101.13,147,101.11,101.13,101.14,101.125,2387.0,4828036800.0,48283
2023-05-10 09:42:45,TS2306,TS2306,101.13,0.0,0.0,0.0,302,101.125,101.13,107,101.11,101.13,101.14,101.125,2387.0,4828036800.0,48283
2023-05-10 09:42:46,TS2306,TS2306,101.13,0.0,0.0,0.0,317,101.125,101.13,135,101.11,101.13,101.14,101.125,2387.0,4828036800.0,48283
2023-05-10 09:42:47,TS2306,TS2306,101.13,0.0,0.0,0.0,320,101.125,101.13,135,101.11,101.13,101.14,101.125,2387.0,4828036800.0,48283
2023-05-10 09:42:48,TS2306,TS2306,101.13,0.0,0.0,0.0,320,101.125,101.13,122,101.11,101.13,101.14,101.125,2387.0,4828036800.0,48283
2023-05-10 09:42:49,TS2306,TS2306,101.13,123.0,248779800.0,67.0,58,101.13,101.135,299,101.11,101.13,101.14,101.125,2510.0,5076816600.0,48350
2023-05-10 09:42:50,TS2306,TS2306,101.13,0.0,0.0,0.0,173,101.13,101.135,250,101.11,101.13,101.14,101.125,2510.0,5076816600.0,48350
2023-05-10 09:42:50,TS2306,TS2306,101.13,0.0,0.0,0.0,186,101.13,101.135,253,101.11,101.13,101.14,101.125,2510.0,5076816600.0,48350
2023-05-10 09:42:51,TS2306,TS2306,101.13,0.0,0.0,0.0,196,101.13,101.135,263,101.11,101.13,101.14,101.125,2510.0,5076816600.0,48350
2023-05-10 09:42:51,TS2306,TS2306,101.13,0.0,0.0,0.0,206,101.13,101.135,263,101.11,101.13,101.14,101.125,2510.0,5076816600.0,48350
2023-05-10 09:42:53,TS2306,TS2306,101.13,0.0,0.0,0.0,206,101.13,101.135,262,101.11,101.13,101.14,101.125,2510.0,5076816600.0,48350
2023-05-10 09:42:55,TS2306,TS2306,101.13,0.0,0.0,0.0,206,101.13,101.135,272,101.11,101.13,101.14,101.125,2510.0,5076816600.0,48350
2023-05-10 09:42:57,TS2306,TS2306,101.13,0.0,0.0,0.0,203,101.13,101.135,275,101.11,101.13,101.14,101.125,2510.0,5076816600.0,48350
2023-05-10 09:43:00,TS2306,TS2306,101.135,2.0,4045400.0,0.0,203,101.13,101.135,273,101.11,101.13,101.14,101.125,2512.0,5080862000.0,48350
2023-05-10 09:43:00,TS2306,TS2306,101.135,0.0,0.0,0.0,203,101.13,101.135,260,101.11,101.13,101.14,101.125,2512.0,5080862000.0,48350
2023-05-10 09:43:04,TS2306,TS2306,101.135,1.0,2022700.0,0.0,203,101.13,101.135,259,101.11,101.13,101.14,101.125,2513.0,5082884700.0,48350
2023-05-10 09:43:05,TS2306,TS2306,101.135,0.0,0.0,0.0,204,101.13,101.135,259,101.11,101.13,101.14,101.125,2513.0,5082884700.0,48350
2023-05-10 09:43:08,TS2306,TS2306,101.135,1.0,2022700.0,0.0,204,101.13,101.135,258,101.11,101.13,101.14,101.125,2514.0,5084907400.0,48350
2023-05-10 09:43:11,TS2306,TS2306,101.135,0.0,0.0,0.0,194,101.13,101.135,258,101.11,101.13,101.14,101.125,2514.0,5084907400.0,48350
2023-05-10 09:43:14,TS2306,TS2306,101.135,0.0,0.0,0.0,194,101.13,101.135,268,101.11,101.13,101.14,101.125,2514.0,5084907400.0,48350
2023-05-10 09:43:15,TS2306,TS2306,101.135,6.0,12136200.0,1.0,194,101.13,101.135,262,101.11,101.13,101.14,101.125,2520.0,5097043600.0,48351
2023-05-10 09:43:15,TS2306,TS2306,101.135,0.0,0.0,0.0,194,101.13,101.135,252,101.11,101.13,101.14,101.125,2520.0,5097043600.0,48351
2023-05-10 09:43:21,TS2306,TS2306,101.135,0.0,0.0,0.0,194,101.13,101.135,262,101.11,101.13,101.14,101.125,2520.0,5097043600.0,48351
2023-05-10 09:43:22,TS2306,TS2306,101.135,0.0,0.0,0.0,204,101.13,101.135,304,101.11,101.13,101.14,101.125,2520.0,5097043600.0,48351
2023-05-10 09:43:23,TS2306,TS2306,101.135,0.0,0.0,0.0,163,101.13,101.135,294,101.11,101.13,101.14,101.125,2520.0,5097043600.0,48351
2023-05-10 09:43:32,TS2306,TS2306,101.135,0.0,0.0,0.0,176,101.13,101.135,294,101.11,101.13,101.14,101.125,2520.0,5097043600.0,48351
2023-05-10 09:43:33,TS2306,TS2306,101.135,0.0,0.0,0.0,163,101.13,101.135,294,101.11,101.13,101.14,101.125,2520.0,5097043600.0,48351
2023-05-10 09:43:34,TS2306,TS2306,101.135,0.0,0.0,0.0,163,101.13,101.135,293,101.11,101.13,101.14,101.125,2520.0,5097043600.0,48351
2023-05-10 09:43:40,TS2306,TS2306,101.135,0.0,0.0,0.0,176,101.13,101.135,293,101.11,101.13,101.14,101.125,2520.0,5097043600.0,48351
2023-05-10 09:43:42,TS2306,TS2306,101.135,0.0,0.0,0.0,163,101.13,101.135,294,101.11,101.13,101.14,101.125,2520.0,5097043600.0,48351
2023-05-10 09:43:50,TS2306,TS2306,101.135,0.0,0.0,0.0,163,101.13,101.135,292,101.11,101.13,101.14,101.125,2520.0,5097043600.0,48351
2023-05-10 09:44:02,TS2306,TS2306,101.13,164.0,331706400.0,-102.0,295,101.125,101.13,71,101.11,101.13,101.14,101.125,2684.0,5428750000.0,48249
2023-05-10 09:44:02,TS2306,TS2306,101.13,1.0,2022600.0,-1.0,248,101.125,101.13,171,101.11,101.13,101.14,101.125,2685.0,5430772600.0,48248
2023-05-10 09:44:03,TS2306,TS2306,101.13,0.0,0.0,0.0,248,101.125,101.13,191,101.11,101.13,101.14,101.125,2685.0,5430772600.0,48248
2023-05-10 09:44:03,TS2306,TS2306,101.13,0.0,0.0,0.0,258,101.125,101.13,188,101.11,101.13,101.14,101.125,2685.0,5430772600.0,48248
2023-05-10 09:44:04,TS2306,TS2306,101.13,0.0,0.0,0.0,258,101.125,101.13,201,101.11,101.13,101.14,101.125,2685.0,5430772600.0,48248
2023-05-10 09:44:04,TS2306,TS2306,101.13,0.0,0.0,0.0,261,101.125,101.13,201,101.11,101.13,101.14,101.125,2685.0,5430772600.0,48248
2023-05-10 09:44:05,TS2306,TS2306,101.13,0.0,0.0,0.0,260,101.125,101.13,201,101.11,101.13,101.14,101.125,2685.0,5430772600.0,48248
2023-05-10 09:44:05,TS2306,TS2306,101.13,1.0,2022600.0,-1.0,260,101.125,101.13,155,101.11,101.13,101.14,101.125,2686.0,5432795200.0,48247
2023-05-10 09:44:06,TS2306,TS2306,101.13,0.0,0.0,0.0,263,101.125,101.13,145,101.11,101.13,101.14,101.125,2686.0,5432795200.0,48247
2023-05-10 09:44:07,TS2306,TS2306,101.13,0.0,0.0,0.0,260,101.125,101.13,158,101.11,101.13,101.14,101.125,2686.0,5432795200.0,48247
2023-05-10 09:44:08,TS2306,TS2306,101.13,0.0,0.0,0.0,260,101.125,101.13,168,101.11,101.13,101.14,101.125,2686.0,5432795200.0,48247
2023-05-10 09:44:08,TS2306,TS2306,101.13,0.0,0.0,0.0,280,101.125,101.13,188,101.11,101.13,101.14,101.125,2686.0,5432795200.0,48247
2023-05-10 09:44:11,TS2306,TS2306,101.13,0.0,0.0,0.0,290,101.125,101.13,188,101.11,101.13,101.14,101.125,2686.0,5432795200.0,48247
2023-05-10 09:44:19,TS2306,TS2306,101.13,0.0,0.0,0.0,290,101.125,101.13,189,101.11,101.13,101.14,101.125,2686.0,5432795200.0,48247
2023-05-10 09:44:21,TS2306,TS2306,101.13,0.0,0.0,0.0,290,101.125,101.13,179,101.11,101.13,101.14,101.125,2686.0,5432795200.0,48247
2023-05-10 09:44:23,TS2306,TS2306,101.13,0.0,0.0,0.0,293,101.125,101.13,179,101.11,101.13,101.14,101.125,2686.0,5432795200.0,48247
2023-05-10 09:44:27,TS2306,TS2306,101.13,0.0,0.0,0.0,290,101.125,101.13,179,101.11,101.13,101.14,101.125,2686.0,5432795200.0,48247
2023-05-10 09:44:27,TS2306,TS2306,101.13,1.0,2022600.0,-1.0,290,101.125,101.13,178,101.11,101.13,101.14,101.125,2687.0,5434817800.0,48246
2023-05-10 09:44:28,TS2306,TS2306,101.13,0.0,0.0,0.0,280,101.125,101.13,178,101.11,101.13,101.14,101.125,2687.0,5434817800.0,48246
2023-05-10 09:44:29,TS2306,TS2306,101.13,0.0,0.0,0.0,280,101.125,101.13,181,101.11,101.13,101.14,101.125,2687.0,5434817800.0,48246
2023-05-10 09:44:33,TS2306,TS2306,101.13,0.0,0.0,0.0,290,101.125,101.13,178,101.11,101.13,101.14,101.125,2687.0,5434817800.0,48246
2023-05-10 09:44:35,TS2306,TS2306,101.13,0.0,0.0,0.0,293,101.125,101.13,178,101.11,101.13,101.14,101.125,2687.0,5434817800.0,48246
2023-05-10 09:44:39,TS2306,TS2306,101.13,0.0,0.0,0.0,290,101.125,101.13,178,101.11,101.13,101.14,101.125,2687.0,5434817800.0,48246
2023-05-10 09:44:44,TS2306,TS2306,101.13,0.0,0.0,0.0,291,101.125,101.13,178,101.11,101.13,101.14,101.125,2687.0,5434817800.0,48246
2023-05-10 09:44:44,TS2306,TS2306,101.125,1.0,2022500.0,-1.0,290,101.125,101.13,178,101.11,101.13,101.14,101.125,2688.0,5436840300.0,48245
2023-05-10 09:44:45,TS2306,TS2306,101.125,0.0,0.0,0.0,280,101.125,101.13,165,101.11,101.13,101.14,101.125,2688.0,5436840300.0,48245
2023-05-10 09:44:46,TS2306,TS2306,101.125,0.0,0.0,0.0,280,101.125,101.13,166,101.11,101.13,101.14,101.125,2688.0,5436840300.0,48245
2023-05-10 09:44:48,TS2306,TS2306,101.125,0.0,0.0,0.0,330,101.125,101.13,166,101.11,101.13,101.14,101.125,2688.0,5436840300.0,48245
2023-05-10 09:44:49,TS2306,TS2306,101.125,0.0,0.0,0.0,333,101.125,101.13,166,101.11,101.13,101.14,101.125,2688.0,5436840300.0,48245
2023-05-10 09:44:50,TS2306,TS2306,101.125,0.0,0.0,0.0,343,101.125,101.13,166,101.11,101.13,101.14,101.125,2688.0,5436840300.0,48245
2023-05-10 09:44:55,TS2306,TS2306,101.125,0.0,0.0,0.0,340,101.125,101.13,166,101.11,101.13,101.14,101.125,2688.0,5436840300.0,48245
2023-05-10 09:44:58,TS2306,TS2306,101.125,0.0,0.0,0.0,341,101.125,101.13,166,101.11,101.13,101.14,101.125,2688.0,5436840300.0,48245
2023-05-10 09:45:02,TS2306,TS2306,101.125,2.0,4045000.0,-2.0,339,101.125,101.13,166,101.11,101.13,101.14,101.125,2690.0,5440885300.0,48243
2023-05-10 09:45:02,TS2306,TS2306,101.125,0.0,0.0,0.0,329,101.125,101.13,166,101.11,101.13,101.14,101.125,2690.0,5440885300.0,48243
2023-05-10 09:45:05,TS2306,TS2306,101.125,0.0,0.0,0.0,329,101.125,101.13,169,101.11,101.13,101.14,101.125,2690.0,5440885300.0,48243
2023-05-10 09:45:06,TS2306,TS2306,101.125,0.0,0.0,0.0,330,101.125,101.13,169,101.11,101.13,101.14,101.125,2690.0,5440885300.0,48243
2023-05-10 09:45:07,TS2306,TS2306,101.125,0.0,0.0,0.0,330,101.125,101.13,166,101.11,101.13,101.14,101.125,2690.0,5440885300.0,48243
2023-05-10 09:45:08,TS2306,TS2306,101.125,0.0,0.0,0.0,331,101.125,101.13,166,101.11,101.13,101.14,101.125,2690.0,5440885300.0,48243
2023-05-10 09:45:08,TS2306,TS2306,101.125,0.0,0.0,0.0,341,101.125,101.13,166,101.11,101.13,101.14,101.125,2690.0,5440885300.0,48243
2023-05-10 09:45:11,TS2306,TS2306,101.125,0.0,0.0,0.0,344,101.125,101.13,166,101.11,101.13,101.14,101.125,2690.0,5440885300.0,48243
2023-05-10 09:45:13,TS2306,TS2306,101.125,0.0,0.0,0.0,341,101.125,101.13,166,101.11,101.13,101.14,101.125,2690.0,5440885300.0,48243
2023-05-10 09:45:14,TS2306,TS2306,101.125,2.0,4045100.0,-1.0,339,101.125,101.13,165,101.11,101.13,101.14,101.125,2692.0,5444930400.0,48242
2023-05-10 09:45:14,TS2306,TS2306,101.125,0.0,0.0,0.0,329,101.125,101.13,165,101.11,101.13,101.14,101.125,2692.0,5444930400.0,48242
2023-05-10 09:45:17,TS2306,TS2306,101.125,0.0,0.0,0.0,329,101.125,101.13,181,101.11,101.13,101.14,101.125,2692.0,5444930400.0,48242
2023-05-10 09:45:20,TS2306,TS2306,101.125,0.0,0.0,0.0,339,101.125,101.13,181,101.11,101.13,101.14,101.125,2692.0,5444930400.0,48242
2023-05-10 09:45:21,TS2306,TS2306,101.125,0.0,0.0,0.0,339,101.125,101.13,178,101.11,101.13,101.14,101.125,2692.0,5444930400.0,48242
2023-05-10 09:45:23,TS2306,TS2306,101.13,26.0,52587600.0,-15.0,342,101.125,101.13,153,101.11,101.13,101.14,101.125,2718.0,5497518000.0,48227
2023-05-10 09:45:23,TS2306,TS2306,101.13,0.0,0.0,0.0,332,101.125,101.13,153,101.11,101.13,101.14,101.125,2718.0,5497518000.0,48227
2023-05-10 09:45:24,TS2306,TS2306,101.13,25.0,50565000.0,-1.0,332,101.125,101.13,128,101.11,101.13,101.14,101.125,2743.0,5548083000.0,48226
2023-05-10 09:45:25,TS2306,TS2306,101.13,25.0,50565000.0,-15.0,332,101.125,101.13,102,101.11,101.13,101.14,101.125,2768.0,5598648000.0,48211
2023-05-10 09:45:25,TS2306,TS2306,101.13,0.0,0.0,0.0,352,101.125,101.13,102,101.11,101.13,101.14,101.125,2768.0,5598648000.0,48211
2023-05-10 09:45:28,TS2306,TS2306,101.13,1.0,2022600.0,1.0,351,101.125,101.13,101,101.11,101.13,101.14,101.125,2769.0,5600670600.0,48212
2023-05-10 09:45:30,TS2306,TS2306,101.13,51.0,103152600.0,-25.0,351,101.125,101.13,75,101.11,101.13,101.14,101.125,2820.0,5703823200.0,48187
2023-05-10 09:45:30,TS2306,TS2306,101.13,76.0,153717600.0,68.0,51,101.13,101.135,328,101.11,101.13,101.14,101.125,2896.0,5857540800.0,48255
2023-05-10 09:45:31,TS2306,TS2306,101.13,0.0,0.0,0.0,150,101.13,101.135,244,101.11,101.13,101.14,101.125,2896.0,5857540800.0,48255
2023-05-10 09:45:31,TS2306,TS2306,101.13,0.0,0.0,0.0,160,101.13,101.135,250,101.11,101.13,101.14,101.125,2896.0,5857540800.0,48255
2023-05-10 09:45:32,TS2306,TS2306,101.13,0.0,0.0,0.0,163,101.13,101.135,249,101.11,101.13,101.14,101.125,2896.0,5857540800.0,48255
2023-05-10 09:45:32,TS2306,TS2306,101.13,0.0,0.0,0.0,163,101.13,101.135,262,101.11,101.13,101.14,101.125,2896.0,5857540800.0,48255
2023-05-10 09:45:33,TS2306,TS2306,101.13,0.0,0.0,0.0,173,101.13,101.135,272,101.11,101.13,101.14,101.125,2896.0,5857540800.0,48255
2023-05-10 09:45:34,TS2306,TS2306,101.135,25.0,50567500.0,-3.0,173,101.13,101.135,247,101.11,101.13,101.14,101.125,2921.0,5908108300.0,48252
2023-05-10 09:45:35,TS2306,TS2306,101.135,0.0,0.0,0.0,173,101.13,101.135,248,101.11,101.13,101.14,101.125,2921.0,5908108300.0,48252
2023-05-10 09:45:36,TS2306,TS2306,101.135,1.0,2022700.0,1.0,173,101.13,101.135,247,101.11,101.13,101.14,101.125,2922.0,5910131000.0,48253
2023-05-10 09:45:37,TS2306,TS2306,101.135,0.0,0.0,0.0,173,101.13,101.135,257,101.11,101.13,101.14,101.125,2922.0,5910131000.0,48253
2023-05-10 09:45:38,TS2306,TS2306,101.135,1.0,2022700.0,1.0,174,101.13,101.135,256,101.11,101.13,101.14,101.125,2923.0,5912153700.0,48254
2023-05-10 09:45:39,TS2306,TS2306,101.135,26.0,52590200.0,0.0,174,101.13,101.135,230,101.11,101.13,101.14,101.125,2949.0,5964743900.0,48254
2023-05-10 09:45:39,TS2306,TS2306,101.135,0.0,0.0,0.0,171,101.13,101.135,231,101.11,101.13,101.14,101.125,2949.0,5964743900.0,48254
2023-05-10 09:45:40,TS2306,TS2306,101.135,25.0,50567500.0,0.0,171,101.13,101.135,206,101.11,101.13,101.14,101.125,2974.0,6015311400.0,48254
2023-05-10 09:45:40,TS2306,TS2306,101.135,0.0,0.0,0.0,171,101.13,101.135,227,101.11,101.13,101.14,101.125,2974.0,6015311400.0,48254
2023-05-10 09:45:41,TS2306,TS2306,101.135,0.0,0.0,0.0,174,101.13,101.135,227,101.11,101.13,101.14,101.125,2974.0,6015311400.0,48254
2023-05-10 09:45:42,TS2306,TS2306,101.135,0.0,0.0,0.0,184,101.13,101.135,237,101.11,101.13,101.14,101.125,2974.0,6015311400.0,48254
2023-05-10 09:45:42,TS2306,TS2306,101.135,0.0,0.0,0.0,174,101.13,101.135,227,101.11,101.13,101.14,101.125,2974.0,6015311400.0,48254
2023-05-10 09:45:43,TS2306,TS2306,101.135,0.0,0.0,0.0,174,101.13,101.135,225,101.11,101.13,101.14,101.125,2974.0,6015311400.0,48254
2023-05-10 09:45:44,TS2306,TS2306,101.135,7.0,14158900.0,0.0,174,101.13,101.135,218,101.11,101.13,101.14,101.125,2981.0,6029470300.0,48254
2023-05-10 09:45:45,TS2306,TS2306,101.135,0.0,0.0,0.0,178,101.13,101.135,218,101.11,101.13,101.14,101.125,2981.0,6029470300.0,48254
2023-05-10 09:45:45,TS2306,TS2306,101.135,0.0,0.0,0.0,184,101.13,101.135,218,101.11,101.13,101.14,101.125,2981.0,6029470300.0,48254
2023-05-10 09:45:47,TS2306,TS2306,101.135,0.0,0.0,0.0,187,101.13,101.135,218,101.11,101.13,101.14,101.125,2981.0,6029470300.0,48254
2023-05-10 09:45:49,TS2306,TS2306,101.135,0.0,0.0,0.0,205,101.13,101.135,228,101.11,101.13,101.14,101.125,2981.0,6029470300.0,48254
2023-05-10 09:45:49,TS2306,TS2306,101.135,0.0,0.0,0.0,195,101.13,101.135,218,101.11,101.13,101.14,101.125,2981.0,6029470300.0,48254
2023-05-10 09:45:53,TS2306,TS2306,101.135,0.0,0.0,0.0,192,101.13,101.135,218,101.11,101.13,101.14,101.125,2981.0,6029470300.0,48254
2023-05-10 09:46:02,TS2306,TS2306,101.135,0.0,0.0,0.0,192,101.13,101.135,219,101.11,101.13,101.14,101.125,2981.0,6029470300.0,48254
2023-05-10 09:46:06,TS2306,TS2306,101.135,0.0,0.0,0.0,192,101.13,101.135,218,101.11,101.13,101.14,101.125,2981.0,6029470300.0,48254
2023-05-10 09:46:06,TS2306,TS2306,101.13,1.0,2022600.0,-1.0,191,101.13,101.135,218,101.11,101.13,101.14,101.125,2982.0,6031492900.0,48253
2023-05-10 09:46:09,TS2306,TS2306,101.13,0.0,0.0,0.0,191,101.13,101.135,215,101.11,101.13,101.14,101.125,2982.0,6031492900.0,48253
2023-05-10 09:46:11,TS2306,TS2306,101.13,0.0,0.0,0.0,191,101.13,101.135,205,101.11,101.13,101.14,101.125,2982.0,6031492900.0,48253
2023-05-10 09:46:13,TS2306,TS2306,101.13,0.0,0.0,0.0,195,101.13,101.135,205,101.11,101.13,101.14,101.125,2982.0,6031492900.0,48253
2023-05-10 09:46:17,TS2306,TS2306,101.13,0.0,0.0,0.0,192,101.13,101.135,205,101.11,101.13,101.14,101.125,2982.0,6031492900.0,48253
2023-05-10 09:46:21,TS2306,TS2306,101.13,1.0,2022600.0,0.0,191,101.13,101.135,205,101.11,101.13,101.14,101.125,2983.0,6033515500.0,48253
2023-05-10 09:46:21,TS2306,TS2306,101.13,0.0,0.0,0.0,201,101.13,101.135,228,101.11,101.13,101.14,101.125,2983.0,6033515500.0,48253
2023-05-10 09:46:22,TS2306,TS2306,101.13,0.0,0.0,0.0,191,101.13,101.135,218,101.11,101.13,101.14,101.125,2983.0,6033515500.0,48253
2023-05-10 09:46:23,TS2306,TS2306,101.13,0.0,0.0,0.0,191,101.13,101.135,231,101.11,101.13,101.14,101.125,2983.0,6033515500.0,48253
2023-05-10 09:46:24,TS2306,TS2306,101.13,0.0,0.0,0.0,183,101.13,101.135,231,101.11,101.13,101.14,101.125,2983.0,6033515500.0,48253
2023-05-10 09:46:26,TS2306,TS2306,101.13,0.0,0.0,0.0,183,101.13,101.135,221,101.11,101.13,101.14,101.125,2983.0,6033515500.0,48253
2023-05-10 09:46:27,TS2306,TS2306,101.13,0.0,0.0,0.0,170,101.13,101.135,228,101.11,101.13,101.14,101.125,2983.0,6033515500.0,48253
2023-05-10 09:46:29,TS2306,TS2306,101.13,0.0,0.0,0.0,170,101.13,101.135,231,101.11,101.13,101.14,101.125,2983.0,6033515500.0,48253
2023-05-10 09:46:33,TS2306,TS2306,101.13,0.0,0.0,0.0,170,101.13,101.135,228,101.11,101.13,101.14,101.125,2983.0,6033515500.0,48253
2023-05-10 09:46:37,TS2306,TS2306,101.135,25.0,50567500.0,0.0,170,101.13,101.135,203,101.11,101.13,101.14,101.125,3008.0,6084083000.0,48253
2023-05-10 09:46:37,TS2306,TS2306,101.13,1.0,2022600.0,-1.0,169,101.13,101.135,193,101.11,101.13,101.14,101.125,3009.0,6086105600.0,48252
2023-05-10 09:46:39,TS2306,TS2306,101.135,25.0,50567500.0,0.0,169,101.13,101.135,168,101.11,101.13,101.14,101.125,3034.0,6136673100.0,48252
2023-05-10 09:46:39,TS2306,TS2306,101.135,0.0,0.0,0.0,212,101.13,101.135,168,101.11,101.13,101.14,101.125,3034.0,6136673100.0,48252
2023-05-10 09:46:40,TS2306,TS2306,101.135,0.0,0.0,0.0,222,101.13,101.135,168,101.11,101.13,101.14,101.125,3034.0,6136673100.0,48252
2023-05-10 09:46:40,TS2306,TS2306,101.135,0.0,0.0,0.0,225,101.13,101.135,168,101.11,101.13,101.14,101.125,3034.0,6136673100.0,48252
2023-05-10 09:46:41,TS2306,TS2306,101.135,0.0,0.0,0.0,225,101.13,101.135,205,101.11,101.13,101.14,101.125,3034.0,6136673100.0,48252
2023-05-10 09:46:41,TS2306,TS2306,101.135,0.0,0.0,0.0,225,101.13,101.135,215,101.11,101.13,101.14,101.125,3034.0,6136673100.0,48252
2023-05-10 09:46:42,TS2306,TS2306,101.135,45.0,91021500.0,-23.0,226,101.13,101.135,183,101.11,101.13,101.14,101.125,3079.0,6227694600.0,48229
2023-05-10 09:46:43,TS2306,TS2306,101.135,0.0,0.0,0.0,231,101.13,101.135,182,101.11,101.13,101.14,101.125,3079.0,6227694600.0,48229
2023-05-10 09:46:43,TS2306,TS2306,101.135,0.0,0.0,0.0,228,101.13,101.135,192,101.11,101.13,101.14,101.125,3079.0,6227694600.0,48229
2023-05-10 09:46:44,TS2306,TS2306,101.135,0.0,0.0,0.0,238,101.13,101.135,192,101.11,101.13,101.14,101.125,3079.0,6227694600.0,48229
2023-05-10 09:46:45,TS2306,TS2306,101.135,25.0,50567500.0,-25.0,238,101.13,101.135,167,101.11,101.13,101.14,101.125,3104.0,6278262100.0,48204
2023-05-10 09:46:46,TS2306,TS2306,101.135,0.0,0.0,0.0,238,101.13,101.135,168,101.11,101.13,101.14,101.125,3104.0,6278262100.0,48204
2023-05-10 09:46:47,TS2306,TS2306,101.135,56.0,113271200.0,-13.0,238,101.13,101.135,143,101.11,101.13,101.14,101.125,3160.0,6391533300.0,48191
2023-05-10 09:46:47,TS2306,TS2306,101.135,25.0,50567500.0,-18.0,241,101.13,101.135,118,101.11,101.13,101.14,101.125,3185.0,6442100800.0,48173
2023-05-10 09:46:48,TS2306,TS2306,101.135,0.0,0.0,0.0,241,101.13,101.135,124,101.11,101.13,101.14,101.125,3185.0,6442100800.0,48173
2023-05-10 09:46:48,TS2306,TS2306,101.135,0.0,0.0,0.0,241,101.13,101.135,134,101.11,101.13,101.14,101.125,3185.0,6442100800.0,48173
2023-05-10 09:46:49,TS2306,TS2306,101.135,0.0,0.0,0.0,241,101.13,101.135,137,101.11,101.13,101.14,101.125,3185.0,6442100800.0,48173
2023-05-10 09:46:49,TS2306,TS2306,101.135,0.0,0.0,0.0,241,101.13,101.135,138,101.11,101.13,101.14,101.125,3185.0,6442100800.0,48173
2023-05-10 09:46:51,TS2306,TS2306,101.135,0.0,0.0,0.0,251,101.13,101.135,138,101.11,101.13,101.14,101.125,3185.0,6442100800.0,48173
2023-05-10 09:46:53,TS2306,TS2306,101.135,0.0,0.0,0.0,261,101.13,101.135,138,101.11,101.13,101.14,101.125,3185.0,6442100800.0,48173
2023-05-10 09:46:55,TS2306,TS2306,101.135,0.0,0.0,0.0,251,101.13,101.135,138,101.11,101.13,101.14,101.125,3185.0,6442100800.0,48173
2023-05-10 09:46:57,TS2306,TS2306,101.135,0.0,0.0,0.0,248,101.13,101.135,138,101.11,101.13,101.14,101.125,3185.0,6442100800.0,48173
2023-05-10 09:46:59,TS2306,TS2306,101.135,0.0,0.0,0.0,248,101.13,101.135,141,101.11,101.13,101.14,101.125,3185.0,6442100800.0,48173
2023-05-10 09:47:01,TS2306,TS2306,101.135,0.0,0.0,0.0,248,101.13,101.135,138,101.11,101.13,101.14,101.125,3185.0,6442100800.0,48173
2023-05-10 09:47:06,TS2306,TS2306,101.135,0.0,0.0,0.0,248,101.13,101.135,145,101.11,101.13,101.14,101.125,3185.0,6442100800.0,48173
2023-05-10 09:47:07,TS2306,TS2306,101.135,0.0,0.0,0.0,249,101.13,101.135,145,101.11,101.13,101.14,101.125,3185.0,6442100800.0,48173
2023-05-10 09:47:14,TS2306,TS2306,101.135,0.0,0.0,0.0,262,101.13,101.135,119,101.11,101.13,101.14,101.125,3185.0,6442100800.0,48173
2023-05-10 09:47:14,TS2306,TS2306,101.135,1.0,2022700.0,0.0,262,101.13,101.135,117,101.11,101.13,101.14,101.125,3186.0,6444123500.0,48173
