time,symbol_id,symbol_name,last,trade_volume,trade_amount,open_interest_change,bv1,bp1,ap1,av1,yesterday_close,today_open,today_high,today_low,volume,amount,open_interest
2023-05-09 20:55:29,pp2311-C-7100,pp2311-C-7100,390.0,0.0,0.0,0.0,1,0.5,0.0,0,390.0,0.0,0.0,0.0,0.0,0.0,1
2023-05-09 21:00:21,pp2311-C-7100,pp2311-C-7100,390.0,0.0,0.0,0.0,1,38.0,0.0,0,390.0,0.0,0.0,0.0,0.0,0.0,1
2023-05-09 21:00:39,pp2311-C-7100,pp2311-C-7100,390.0,0.0,0.0,0.0,2,38.0,0.0,0,390.0,0.0,0.0,0.0,0.0,0.0,1
2023-05-09 21:01:32,pp2311-C-7100,pp2311-C-7100,390.0,0.0,0.0,0.0,1,38.5,0.0,0,390.0,0.0,0.0,0.0,0.0,0.0,1
2023-05-09 21:59:43,pp2311-C-7100,pp2311-C-7100,390.0,0.0,0.0,0.0,1,39.0,0.0,0,390.0,0.0,0.0,0.0,0.0,0.0,1
2023-05-09 21:59:44,pp2311-C-7100,pp2311-C-7100,390.0,0.0,0.0,0.0,1,39.5,0.0,0,390.0,0.0,0.0,0.0,0.0,0.0,1
2023-05-09 22:29:43,pp2311-C-7100,pp2311-C-7100,390.0,0.0,0.0,0.0,1,40.0,0.0,0,390.0,0.0,0.0,0.0,0.0,0.0,1
2023-05-09 22:29:45,pp2311-C-7100,pp2311-C-7100,390.0,0.0,0.0,0.0,1,40.5,0.0,0,390.0,0.0,0.0,0.0,0.0,0.0,1
2023-05-09 22:57:19,pp2311-C-7100,pp2311-C-7100,390.0,0.0,0.0,0.0,1,40.0,0.0,0,390.0,0.0,0.0,0.0,0.0,0.0,1
2023-05-10 09:00:28,pp2311-C-7100,pp2311-C-7100,390.0,0.0,0.0,0.0,1,43.0,0.0,0,390.0,0.0,0.0,0.0,0.0,0.0,1
2023-05-10 09:01:10,pp2311-C-7100,pp2311-C-7100,390.0,0.0,0.0,0.0,1,43.5,0.0,0,390.0,0.0,0.0,0.0,0.0,0.0,1
2023-05-10 09:51:29,pp2311-C-7100,pp2311-C-7100,390.0,0.0,0.0,0.0,1,44.0,0.0,0,390.0,0.0,0.0,0.0,0.0,0.0,1
2023-05-10 09:51:30,pp2311-C-7100,pp2311-C-7100,390.0,0.0,0.0,0.0,1,44.5,0.0,0,390.0,0.0,0.0,0.0,0.0,0.0,1
2023-05-10 10:12:14,pp2311-C-7100,pp2311-C-7100,390.0,0.0,0.0,0.0,1,44.0,0.0,0,390.0,0.0,0.0,0.0,0.0,0.0,1
2023-05-10 10:30:11,pp2311-C-7100,pp2311-C-7100,390.0,0.0,0.0,0.0,1,44.5,0.0,0,390.0,0.0,0.0,0.0,0.0,0.0,1
2023-05-10 11:06:48,pp2311-C-7100,pp2311-C-7100,390.0,0.0,0.0,0.0,1,45.0,0.0,0,390.0,0.0,0.0,0.0,0.0,0.0,1
2023-05-10 11:06:49,pp2311-C-7100,pp2311-C-7100,390.0,0.0,0.0,0.0,1,45.5,0.0,0,390.0,0.0,0.0,0.0,0.0,0.0,1
2023-05-10 11:27:13,pp2311-C-7100,pp2311-C-7100,390.0,0.0,0.0,0.0,1,45.0,0.0,0,390.0,0.0,0.0,0.0,0.0,0.0,1
2023-05-10 13:32:07,pp2311-C-7100,pp2311-C-7100,390.0,0.0,0.0,0.0,1,45.5,0.0,0,390.0,0.0,0.0,0.0,0.0,0.0,1
2023-05-10 13:40:08,pp2311-C-7100,pp2311-C-7100,390.0,0.0,0.0,0.0,1,46.0,0.0,0,390.0,0.0,0.0,0.0,0.0,0.0,1
2023-05-10 13:40:09,pp2311-C-7100,pp2311-C-7100,390.0,0.0,0.0,0.0,1,46.5,0.0,0,390.0,0.0,0.0,0.0,0.0,0.0,1
2023-05-10 14:18:53,pp2311-C-7100,pp2311-C-7100,390.0,0.0,0.0,0.0,1,47.0,0.0,0,390.0,0.0,0.0,0.0,0.0,0.0,1
2023-05-10 14:18:54,pp2311-C-7100,pp2311-C-7100,390.0,0.0,0.0,0.0,1,47.5,0.0,0,390.0,0.0,0.0,0.0,0.0,0.0,1
2023-05-10 14:25:48,pp2311-C-7100,pp2311-C-7100,390.0,0.0,0.0,0.0,1,326.5,345.0,1,390.0,0.0,0.0,0.0,0.0,0.0,1
2023-05-10 14:25:51,pp2311-C-7100,pp2311-C-7100,390.0,0.0,0.0,0.0,2,326.5,334.5,1,390.0,0.0,0.0,0.0,0.0,0.0,1
2023-05-10 14:25:52,pp2311-C-7100,pp2311-C-7100,390.0,0.0,0.0,0.0,1,326.5,334.5,1,390.0,0.0,0.0,0.0,0.0,0.0,1
2023-05-10 14:25:54,pp2311-C-7100,pp2311-C-7100,390.0,0.0,0.0,0.0,2,326.5,334.5,2,390.0,0.0,0.0,0.0,0.0,0.0,1
2023-05-10 14:25:54,pp2311-C-7100,pp2311-C-7100,390.0,0.0,0.0,0.0,1,326.5,334.5,1,390.0,0.0,0.0,0.0,0.0,0.0,1
2023-05-10 14:25:59,pp2311-C-7100,pp2311-C-7100,390.0,0.0,0.0,0.0,3,321.0,334.5,1,390.0,0.0,0.0,0.0,0.0,0.0,1
2023-05-10 14:26:00,pp2311-C-7100,pp2311-C-7100,390.0,0.0,0.0,0.0,2,321.0,334.5,1,390.0,0.0,0.0,0.0,0.0,0.0,1
2023-05-10 14:26:02,pp2311-C-7100,pp2311-C-7100,390.0,0.0,0.0,0.0,2,321.0,337.5,2,390.0,0.0,0.0,0.0,0.0,0.0,1
2023-05-10 14:26:03,pp2311-C-7100,pp2311-C-7100,390.0,0.0,0.0,0.0,1,321.0,340.0,1,390.0,0.0,0.0,0.0,0.0,0.0,1
2023-05-10 14:26:03,pp2311-C-7100,pp2311-C-7100,390.0,0.0,0.0,0.0,2,321.0,340.0,2,390.0,0.0,0.0,0.0,0.0,0.0,1
2023-05-10 14:26:09,pp2311-C-7100,pp2311-C-7100,390.0,0.0,0.0,0.0,1,321.0,340.0,1,390.0,0.0,0.0,0.0,0.0,0.0,1
2023-05-10 14:26:15,pp2311-C-7100,pp2311-C-7100,390.0,0.0,0.0,0.0,1,47.0,0.0,0,390.0,0.0,0.0,0.0,0.0,0.0,1
2023-05-10 14:26:16,pp2311-C-7100,pp2311-C-7100,390.0,0.0,0.0,0.0,1,47.5,0.0,0,390.0,0.0,0.0,0.0,0.0,0.0,1
2023-05-10 14:54:53,pp2311-C-7100,pp2311-C-7100,390.0,0.0,0.0,0.0,1,48.0,0.0,0,390.0,0.0,0.0,0.0,0.0,0.0,1
2023-05-10 14:54:55,pp2311-C-7100,pp2311-C-7100,390.0,0.0,0.0,0.0,1,48.5,0.0,0,390.0,0.0,0.0,0.0,0.0,0.0,1
2023-05-10 15:01:15,pp2311-C-7100,pp2311-C-7100,390.0,0.0,0.0,0.0,1,48.5,0.0,0,390.0,0.0,0.0,0.0,0.0,0.0,1
