time,symbol_id,symbol_name,last,trade_volume,trade_amount,open_interest_change,bv1,bp1,ap1,av1,yesterday_close,today_open,today_high,today_low,volume,amount,open_interest
2023-05-09 20:55:30,pp2311-C-8300,pp2311-C-8300,33.5,0.0,0.0,0.0,1,0.5,0.0,0,33.5,0.0,0.0,0.0,0.0,0.0,18
2023-05-09 21:05:48,pp2311-C-8300,pp2311-C-8300,33.5,0.0,0.0,0.0,1,1.5,0.0,0,33.5,0.0,0.0,0.0,0.0,0.0,18
2023-05-09 21:08:28,pp2311-C-8300,pp2311-C-8300,33.5,0.0,0.0,0.0,1,2.5,0.0,0,33.5,0.0,0.0,0.0,0.0,0.0,18
2023-05-09 21:12:41,pp2311-C-8300,pp2311-C-8300,33.5,0.0,0.0,0.0,1,4.0,0.0,0,33.5,0.0,0.0,0.0,0.0,0.0,18
2023-05-09 22:50:20,pp2311-C-8300,pp2311-C-8300,33.5,0.0,0.0,0.0,1,2.5,0.0,0,33.5,0.0,0.0,0.0,0.0,0.0,18
2023-05-10 09:35:15,pp2311-C-8300,pp2311-C-8300,33.5,0.0,0.0,0.0,1,4.0,0.0,0,33.5,0.0,0.0,0.0,0.0,0.0,18
2023-05-10 09:37:33,pp2311-C-8300,pp2311-C-8300,33.5,0.0,0.0,0.0,1,5.0,0.0,0,33.5,0.0,0.0,0.0,0.0,0.0,18
2023-05-10 13:47:01,pp2311-C-8300,pp2311-C-8300,33.5,0.0,0.0,0.0,1,18.5,34.0,1,33.5,0.0,0.0,0.0,0.0,0.0,18
2023-05-10 13:47:04,pp2311-C-8300,pp2311-C-8300,33.5,0.0,0.0,0.0,1,24.0,34.0,1,33.5,0.0,0.0,0.0,0.0,0.0,18
2023-05-10 13:47:06,pp2311-C-8300,pp2311-C-8300,33.5,0.0,0.0,0.0,1,24.0,29.5,1,33.5,0.0,0.0,0.0,0.0,0.0,18
2023-05-10 13:47:07,pp2311-C-8300,pp2311-C-8300,33.5,0.0,0.0,0.0,2,24.0,29.5,1,33.5,0.0,0.0,0.0,0.0,0.0,18
2023-05-10 13:47:15,pp2311-C-8300,pp2311-C-8300,33.5,0.0,0.0,0.0,1,24.0,29.5,1,33.5,0.0,0.0,0.0,0.0,0.0,18
2023-05-10 13:47:17,pp2311-C-8300,pp2311-C-8300,33.5,0.0,0.0,0.0,1,24.0,33.5,1,33.5,0.0,0.0,0.0,0.0,0.0,18
2023-05-10 13:47:19,pp2311-C-8300,pp2311-C-8300,33.5,0.0,0.0,0.0,1,21.0,34.5,1,33.5,0.0,0.0,0.0,0.0,0.0,18
2023-05-10 13:47:19,pp2311-C-8300,pp2311-C-8300,33.5,0.0,0.0,0.0,1,19.0,34.5,1,33.5,0.0,0.0,0.0,0.0,0.0,18
2023-05-10 13:47:27,pp2311-C-8300,pp2311-C-8300,33.5,0.0,0.0,0.0,1,5.0,0.0,0,33.5,0.0,0.0,0.0,0.0,0.0,18
2023-05-10 14:25:48,pp2311-C-8300,pp2311-C-8300,33.5,0.0,0.0,0.0,1,17.5,33.0,1,33.5,0.0,0.0,0.0,0.0,0.0,18
2023-05-10 14:25:51,pp2311-C-8300,pp2311-C-8300,33.5,0.0,0.0,0.0,1,23.0,33.0,1,33.5,0.0,0.0,0.0,0.0,0.0,18
2023-05-10 14:25:54,pp2311-C-8300,pp2311-C-8300,33.5,0.0,0.0,0.0,2,23.0,33.0,2,33.5,0.0,0.0,0.0,0.0,0.0,18
2023-05-10 14:25:56,pp2311-C-8300,pp2311-C-8300,33.5,0.0,0.0,0.0,2,23.0,26.5,1,33.5,0.0,0.0,0.0,0.0,0.0,18
2023-05-10 14:26:02,pp2311-C-8300,pp2311-C-8300,33.5,0.0,0.0,0.0,1,23.0,26.5,1,33.5,0.0,0.0,0.0,0.0,0.0,18
2023-05-10 14:26:06,pp2311-C-8300,pp2311-C-8300,33.5,0.0,0.0,0.0,1,18.5,26.5,1,33.5,0.0,0.0,0.0,0.0,0.0,18
2023-05-10 14:26:07,pp2311-C-8300,pp2311-C-8300,33.5,0.0,0.0,0.0,1,18.5,34.5,1,33.5,0.0,0.0,0.0,0.0,0.0,18
2023-05-10 14:26:09,pp2311-C-8300,pp2311-C-8300,33.5,0.0,0.0,0.0,1,5.0,0.0,0,33.5,0.0,0.0,0.0,0.0,0.0,18
2023-05-10 14:26:10,pp2311-C-8300,pp2311-C-8300,33.5,0.0,0.0,0.0,1,5.5,0.0,0,33.5,0.0,0.0,0.0,0.0,0.0,18
2023-05-10 14:26:14,pp2311-C-8300,pp2311-C-8300,33.5,0.0,0.0,0.0,1,5.0,0.0,0,33.5,0.0,0.0,0.0,0.0,0.0,18
2023-05-10 15:01:15,pp2311-C-8300,pp2311-C-8300,33.5,0.0,0.0,0.0,1,5.0,0.0,0,33.5,0.0,0.0,0.0,0.0,0.0,18
