time,symbol_id,symbol_name,last,trade_volume,trade_amount,open_interest_change,bv1,bp1,ap1,av1,yesterday_close,today_open,today_high,today_low,volume,amount,open_interest
2023-05-09 20:55:44,pp2402-C-7500,pp2402-C-7500,237.5,0.0,0.0,0.0,1,0.5,0.0,0,237.5,0.0,0.0,0.0,0.0,0.0,0
2023-05-09 21:01:41,pp2402-C-7500,pp2402-C-7500,237.5,0.0,0.0,0.0,1,1.0,0.0,0,237.5,0.0,0.0,0.0,0.0,0.0,0
2023-05-09 21:06:02,pp2402-C-7500,pp2402-C-7500,237.5,0.0,0.0,0.0,1,1.5,0.0,0,237.5,0.0,0.0,0.0,0.0,0.0,0
2023-05-09 21:08:02,pp2402-C-7500,pp2402-C-7500,237.5,0.0,0.0,0.0,1,2.0,0.0,0,237.5,0.0,0.0,0.0,0.0,0.0,0
2023-05-09 21:08:41,pp2402-C-7500,pp2402-C-7500,237.5,0.0,0.0,0.0,1,2.5,0.0,0,237.5,0.0,0.0,0.0,0.0,0.0,0
2023-05-09 21:08:42,pp2402-C-7500,pp2402-C-7500,237.5,0.0,0.0,0.0,1,3.0,0.0,0,237.5,0.0,0.0,0.0,0.0,0.0,0
2023-05-09 21:12:55,pp2402-C-7500,pp2402-C-7500,237.5,0.0,0.0,0.0,1,8.5,0.0,0,237.5,0.0,0.0,0.0,0.0,0.0,0
2023-05-09 21:13:40,pp2402-C-7500,pp2402-C-7500,237.5,0.0,0.0,0.0,1,9.0,0.0,0,237.5,0.0,0.0,0.0,0.0,0.0,0
2023-05-09 21:59:46,pp2402-C-7500,pp2402-C-7500,237.5,0.0,0.0,0.0,1,9.5,0.0,0,237.5,0.0,0.0,0.0,0.0,0.0,0
2023-05-09 21:59:48,pp2402-C-7500,pp2402-C-7500,237.5,0.0,0.0,0.0,1,10.0,0.0,0,237.5,0.0,0.0,0.0,0.0,0.0,0
2023-05-09 22:29:46,pp2402-C-7500,pp2402-C-7500,237.5,0.0,0.0,0.0,1,10.5,0.0,0,237.5,0.0,0.0,0.0,0.0,0.0,0
2023-05-09 22:29:49,pp2402-C-7500,pp2402-C-7500,237.5,0.0,0.0,0.0,1,11.0,0.0,0,237.5,0.0,0.0,0.0,0.0,0.0,0
2023-05-09 22:57:31,pp2402-C-7500,pp2402-C-7500,237.5,0.0,0.0,0.0,1,10.5,0.0,0,237.5,0.0,0.0,0.0,0.0,0.0,0
2023-05-10 09:01:21,pp2402-C-7500,pp2402-C-7500,237.5,0.0,0.0,0.0,1,11.0,0.0,0,237.5,0.0,0.0,0.0,0.0,0.0,0
2023-05-10 09:25:05,pp2402-C-7500,pp2402-C-7500,237.5,0.0,0.0,0.0,1,196.5,216.0,1,237.5,0.0,0.0,0.0,0.0,0.0,0
2023-05-10 09:25:06,pp2402-C-7500,pp2402-C-7500,237.5,0.0,0.0,0.0,2,196.5,216.0,2,237.5,0.0,0.0,0.0,0.0,0.0,0
2023-05-10 09:25:06,pp2402-C-7500,pp2402-C-7500,237.5,0.0,0.0,0.0,3,196.5,216.0,3,237.5,0.0,0.0,0.0,0.0,0.0,0
2023-05-10 09:25:11,pp2402-C-7500,pp2402-C-7500,237.5,0.0,0.0,0.0,1,202.5,216.0,3,237.5,0.0,0.0,0.0,0.0,0.0,0
2023-05-10 09:25:12,pp2402-C-7500,pp2402-C-7500,237.5,0.0,0.0,0.0,1,202.5,216.0,2,237.5,0.0,0.0,0.0,0.0,0.0,0
2023-05-10 09:25:16,pp2402-C-7500,pp2402-C-7500,237.5,0.0,0.0,0.0,1,202.5,216.0,1,237.5,0.0,0.0,0.0,0.0,0.0,0
2023-05-10 09:25:17,pp2402-C-7500,pp2402-C-7500,237.5,0.0,0.0,0.0,1,202.5,218.5,2,237.5,0.0,0.0,0.0,0.0,0.0,0
2023-05-10 09:25:17,pp2402-C-7500,pp2402-C-7500,237.5,0.0,0.0,0.0,1,202.5,218.5,1,237.5,0.0,0.0,0.0,0.0,0.0,0
2023-05-10 09:25:22,pp2402-C-7500,pp2402-C-7500,237.5,0.0,0.0,0.0,1,201.0,218.5,1,237.5,0.0,0.0,0.0,0.0,0.0,0
2023-05-10 09:25:27,pp2402-C-7500,pp2402-C-7500,237.5,0.0,0.0,0.0,1,201.0,220.0,1,237.5,0.0,0.0,0.0,0.0,0.0,0
2023-05-10 09:25:30,pp2402-C-7500,pp2402-C-7500,237.5,0.0,0.0,0.0,1,10.5,0.0,0,237.5,0.0,0.0,0.0,0.0,0.0,0
2023-05-10 09:25:31,pp2402-C-7500,pp2402-C-7500,237.5,0.0,0.0,0.0,1,17.0,0.0,0,237.5,0.0,0.0,0.0,0.0,0.0,0
2023-05-10 09:56:28,pp2402-C-7500,pp2402-C-7500,237.5,0.0,0.0,0.0,1,17.5,0.0,0,237.5,0.0,0.0,0.0,0.0,0.0,0
2023-05-10 09:56:29,pp2402-C-7500,pp2402-C-7500,237.5,0.0,0.0,0.0,1,18.0,0.0,0,237.5,0.0,0.0,0.0,0.0,0.0,0
2023-05-10 10:12:24,pp2402-C-7500,pp2402-C-7500,237.5,0.0,0.0,0.0,1,17.5,0.0,0,237.5,0.0,0.0,0.0,0.0,0.0,0
2023-05-10 10:30:19,pp2402-C-7500,pp2402-C-7500,237.5,0.0,0.0,0.0,1,18.0,0.0,0,237.5,0.0,0.0,0.0,0.0,0.0,0
2023-05-10 11:09:26,pp2402-C-7500,pp2402-C-7500,237.5,0.0,0.0,0.0,1,18.5,0.0,0,237.5,0.0,0.0,0.0,0.0,0.0,0
2023-05-10 11:09:27,pp2402-C-7500,pp2402-C-7500,237.5,0.0,0.0,0.0,1,19.0,0.0,0,237.5,0.0,0.0,0.0,0.0,0.0,0
2023-05-10 11:27:23,pp2402-C-7500,pp2402-C-7500,237.5,0.0,0.0,0.0,1,18.5,0.0,0,237.5,0.0,0.0,0.0,0.0,0.0,0
2023-05-10 11:29:53,pp2402-C-7500,pp2402-C-7500,237.5,0.0,0.0,0.0,1,9.5,0.0,0,237.5,0.0,0.0,0.0,0.0,0.0,0
2023-05-10 13:32:15,pp2402-C-7500,pp2402-C-7500,237.5,0.0,0.0,0.0,1,10.0,0.0,0,237.5,0.0,0.0,0.0,0.0,0.0,0
2023-05-10 13:43:55,pp2402-C-7500,pp2402-C-7500,237.5,0.0,0.0,0.0,1,10.5,0.0,0,237.5,0.0,0.0,0.0,0.0,0.0,0
2023-05-10 13:43:57,pp2402-C-7500,pp2402-C-7500,237.5,0.0,0.0,0.0,1,11.0,0.0,0,237.5,0.0,0.0,0.0,0.0,0.0,0
2023-05-10 14:22:01,pp2402-C-7500,pp2402-C-7500,237.5,0.0,0.0,0.0,1,11.5,0.0,0,237.5,0.0,0.0,0.0,0.0,0.0,0
2023-05-10 14:22:05,pp2402-C-7500,pp2402-C-7500,237.5,0.0,0.0,0.0,1,12.0,0.0,0,237.5,0.0,0.0,0.0,0.0,0.0,0
2023-05-10 14:58:50,pp2402-C-7500,pp2402-C-7500,237.5,0.0,0.0,0.0,1,12.5,0.0,0,237.5,0.0,0.0,0.0,0.0,0.0,0
2023-05-10 14:58:55,pp2402-C-7500,pp2402-C-7500,237.5,0.0,0.0,0.0,1,13.0,0.0,0,237.5,0.0,0.0,0.0,0.0,0.0,0
2023-05-10 15:01:15,pp2402-C-7500,pp2402-C-7500,237.5,0.0,0.0,0.0,1,13.0,0.0,0,237.5,0.0,0.0,0.0,0.0,0.0,0
