time,symbol_id,symbol_name,last,trade_volume,trade_amount,open_interest_change,bv1,bp1,ap1,av1,yesterday_close,today_open,today_high,today_low,volume,amount,open_interest
2023-05-09 20:56:20,pp2404-P-6800,pp2404-P-6800,162.0,0.0,0.0,0.0,1,0.5,0.0,0,162.0,0.0,0.0,0.0,0.0,0.0,0
2023-05-09 21:01:59,pp2404-P-6800,pp2404-P-6800,162.0,0.0,0.0,0.0,1,1.0,0.0,0,162.0,0.0,0.0,0.0,0.0,0.0,0
2023-05-09 21:06:38,pp2404-P-6800,pp2404-P-6800,162.0,0.0,0.0,0.0,1,1.5,0.0,0,162.0,0.0,0.0,0.0,0.0,0.0,0
2023-05-09 21:06:39,pp2404-P-6800,pp2404-P-6800,162.0,0.0,0.0,0.0,1,2.0,0.0,0,162.0,0.0,0.0,0.0,0.0,0.0,0
2023-05-09 21:09:17,pp2404-P-6800,pp2404-P-6800,162.0,0.0,0.0,0.0,1,2.5,0.0,0,162.0,0.0,0.0,0.0,0.0,0.0,0
2023-05-09 21:09:18,pp2404-P-6800,pp2404-P-6800,162.0,0.0,0.0,0.0,1,3.0,0.0,0,162.0,0.0,0.0,0.0,0.0,0.0,0
2023-05-09 21:13:32,pp2404-P-6800,pp2404-P-6800,162.0,0.0,0.0,0.0,1,4.5,0.0,0,162.0,0.0,0.0,0.0,0.0,0.0,0
2023-05-09 21:13:33,pp2404-P-6800,pp2404-P-6800,162.0,0.0,0.0,0.0,1,5.0,0.0,0,162.0,0.0,0.0,0.0,0.0,0.0,0
2023-05-09 21:59:49,pp2404-P-6800,pp2404-P-6800,162.0,0.0,0.0,0.0,1,5.5,0.0,0,162.0,0.0,0.0,0.0,0.0,0.0,0
2023-05-09 21:59:53,pp2404-P-6800,pp2404-P-6800,162.0,0.0,0.0,0.0,1,6.0,0.0,0,162.0,0.0,0.0,0.0,0.0,0.0,0
2023-05-09 22:29:49,pp2404-P-6800,pp2404-P-6800,162.0,0.0,0.0,0.0,1,6.5,0.0,0,162.0,0.0,0.0,0.0,0.0,0.0,0
2023-05-09 22:29:53,pp2404-P-6800,pp2404-P-6800,162.0,0.0,0.0,0.0,1,7.0,0.0,0,162.0,0.0,0.0,0.0,0.0,0.0,0
2023-05-09 22:57:40,pp2404-P-6800,pp2404-P-6800,162.0,0.0,0.0,0.0,1,6.5,0.0,0,162.0,0.0,0.0,0.0,0.0,0.0,0
2023-05-10 09:02:05,pp2404-P-6800,pp2404-P-6800,162.0,0.0,0.0,0.0,1,7.0,0.0,0,162.0,0.0,0.0,0.0,0.0,0.0,0
2023-05-10 09:23:59,pp2404-P-6800,pp2404-P-6800,162.0,0.0,0.0,0.0,1,173.5,189.5,1,162.0,0.0,0.0,0.0,0.0,0.0,0
2023-05-10 09:24:02,pp2404-P-6800,pp2404-P-6800,162.0,0.0,0.0,0.0,2,173.5,189.5,2,162.0,0.0,0.0,0.0,0.0,0.0,0
2023-05-10 09:24:04,pp2404-P-6800,pp2404-P-6800,162.0,0.0,0.0,0.0,3,173.5,189.5,2,162.0,0.0,0.0,0.0,0.0,0.0,0
2023-05-10 09:24:10,pp2404-P-6800,pp2404-P-6800,162.0,0.0,0.0,0.0,2,173.5,189.5,1,162.0,0.0,0.0,0.0,0.0,0.0,0
2023-05-10 09:24:15,pp2404-P-6800,pp2404-P-6800,162.0,0.0,0.0,0.0,1,173.5,190.0,2,162.0,0.0,0.0,0.0,0.0,0.0,0
2023-05-10 09:24:16,pp2404-P-6800,pp2404-P-6800,162.0,0.0,0.0,0.0,1,173.5,190.0,1,162.0,0.0,0.0,0.0,0.0,0.0,0
2023-05-10 09:24:17,pp2404-P-6800,pp2404-P-6800,162.0,0.0,0.0,0.0,1,173.0,190.0,1,162.0,0.0,0.0,0.0,0.0,0.0,0
2023-05-10 09:24:25,pp2404-P-6800,pp2404-P-6800,162.0,0.0,0.0,0.0,1,6.5,0.0,0,162.0,0.0,0.0,0.0,0.0,0.0,0
2023-05-10 09:24:25,pp2404-P-6800,pp2404-P-6800,162.0,0.0,0.0,0.0,1,14.5,0.0,0,162.0,0.0,0.0,0.0,0.0,0.0,0
2023-05-10 09:57:10,pp2404-P-6800,pp2404-P-6800,162.0,0.0,0.0,0.0,1,15.0,0.0,0,162.0,0.0,0.0,0.0,0.0,0.0,0
2023-05-10 09:57:13,pp2404-P-6800,pp2404-P-6800,162.0,0.0,0.0,0.0,1,15.5,0.0,0,162.0,0.0,0.0,0.0,0.0,0.0,0
2023-05-10 10:12:32,pp2404-P-6800,pp2404-P-6800,162.0,0.0,0.0,0.0,1,15.0,0.0,0,162.0,0.0,0.0,0.0,0.0,0.0,0
2023-05-10 10:30:25,pp2404-P-6800,pp2404-P-6800,162.0,0.0,0.0,0.0,1,15.5,0.0,0,162.0,0.0,0.0,0.0,0.0,0.0,0
2023-05-10 11:10:14,pp2404-P-6800,pp2404-P-6800,162.0,0.0,0.0,0.0,1,16.0,0.0,0,162.0,0.0,0.0,0.0,0.0,0.0,0
2023-05-10 11:10:15,pp2404-P-6800,pp2404-P-6800,162.0,0.0,0.0,0.0,1,16.5,0.0,0,162.0,0.0,0.0,0.0,0.0,0.0,0
2023-05-10 11:27:31,pp2404-P-6800,pp2404-P-6800,162.0,0.0,0.0,0.0,1,16.0,0.0,0,162.0,0.0,0.0,0.0,0.0,0.0,0
2023-05-10 11:29:54,pp2404-P-6800,pp2404-P-6800,162.0,0.0,0.0,0.0,1,5.5,0.0,0,162.0,0.0,0.0,0.0,0.0,0.0,0
2023-05-10 13:32:36,pp2404-P-6800,pp2404-P-6800,162.0,0.0,0.0,0.0,1,6.0,0.0,0,162.0,0.0,0.0,0.0,0.0,0.0,0
2023-05-10 13:43:58,pp2404-P-6800,pp2404-P-6800,162.0,0.0,0.0,0.0,1,6.5,0.0,0,162.0,0.0,0.0,0.0,0.0,0.0,0
2023-05-10 13:44:14,pp2404-P-6800,pp2404-P-6800,162.0,0.0,0.0,0.0,1,7.0,0.0,0,162.0,0.0,0.0,0.0,0.0,0.0,0
2023-05-10 14:30:52,pp2404-P-6800,pp2404-P-6800,162.0,0.0,0.0,0.0,1,7.5,0.0,0,162.0,0.0,0.0,0.0,0.0,0.0,0
2023-05-10 14:30:54,pp2404-P-6800,pp2404-P-6800,162.0,0.0,0.0,0.0,1,8.0,0.0,0,162.0,0.0,0.0,0.0,0.0,0.0,0
2023-05-10 15:01:15,pp2404-P-6800,pp2404-P-6800,162.0,0.0,0.0,0.0,1,8.0,0.0,0,162.0,0.0,0.0,0.0,0.0,0.0,0
