time,symbol_id,symbol_name,last,trade_volume,trade_amount,open_interest_change,bv1,bp1,ap1,av1,yesterday_close,today_open,today_high,today_low,volume,amount,open_interest
2023-05-10 20:59:00,eg2308,eg2308,4275.0,3.0,128250.0,0.0,3,4266.0,4288.0,37,4262.0,4275.0,4275.0,4275.0,3.0,128250.0,35496
2023-05-10 21:00:00,eg2308,eg2308,4275.0,0.0,0.0,0.0,2,4268.0,4293.0,2,4262.0,4275.0,4275.0,4275.0,3.0,128250.0,35496
2023-05-10 21:00:01,eg2308,eg2308,4275.0,0.0,0.0,0.0,1,4271.0,4285.0,1,4262.0,4275.0,4275.0,4275.0,3.0,128250.0,35496
2023-05-10 21:00:01,eg2308,eg2308,4275.0,0.0,0.0,0.0,2,4272.0,4284.0,2,4262.0,4275.0,4275.0,4275.0,3.0,128250.0,35496
2023-05-10 21:00:02,eg2308,eg2308,4275.0,0.0,0.0,0.0,4,4275.0,4283.0,5,4262.0,4275.0,4275.0,4275.0,3.0,128250.0,35496
2023-05-10 21:00:02,eg2308,eg2308,4275.0,0.0,0.0,0.0,3,4274.0,4282.0,3,4262.0,4275.0,4275.0,4275.0,3.0,128250.0,35496
2023-05-10 21:00:03,eg2308,eg2308,4275.0,0.0,0.0,0.0,3,4274.0,4281.0,2,4262.0,4275.0,4275.0,4275.0,3.0,128250.0,35496
2023-05-10 21:00:03,eg2308,eg2308,4274.0,1.0,42740.0,1.0,4,4273.0,4281.0,5,4262.0,4275.0,4275.0,4274.0,4.0,170990.0,35497
2023-05-10 21:00:04,eg2308,eg2308,4274.0,1.0,42740.0,1.0,1,4274.0,4278.0,3,4262.0,4275.0,4275.0,4274.0,5.0,213730.0,35498
2023-05-10 21:00:04,eg2308,eg2308,4274.0,0.0,0.0,0.0,3,4270.0,4275.0,1,4262.0,4275.0,4275.0,4274.0,5.0,213730.0,35498
2023-05-10 21:00:05,eg2308,eg2308,4274.0,0.0,0.0,0.0,17,4271.0,4275.0,1,4262.0,4275.0,4275.0,4274.0,5.0,213730.0,35498
2023-05-10 21:00:05,eg2308,eg2308,4274.0,6.0,256460.0,-3.0,8,4274.0,4277.0,6,4262.0,4275.0,4275.0,4272.0,11.0,470190.0,35495
2023-05-10 21:00:06,eg2308,eg2308,4274.0,0.0,0.0,0.0,13,4273.0,4278.0,3,4262.0,4275.0,4275.0,4272.0,11.0,470190.0,35495
2023-05-10 21:00:06,eg2308,eg2308,4274.0,0.0,0.0,0.0,5,4273.0,4278.0,3,4262.0,4275.0,4275.0,4272.0,11.0,470190.0,35495
2023-05-10 21:00:07,eg2308,eg2308,4274.0,0.0,0.0,0.0,5,4274.0,4276.0,2,4262.0,4275.0,4275.0,4272.0,11.0,470190.0,35495
2023-05-10 21:00:07,eg2308,eg2308,4274.0,1.0,42740.0,1.0,4,4274.0,4277.0,18,4262.0,4275.0,4275.0,4272.0,12.0,512930.0,35496
2023-05-10 21:00:08,eg2308,eg2308,4274.0,2.0,85480.0,2.0,4,4275.0,4278.0,3,4262.0,4275.0,4275.0,4272.0,14.0,598410.0,35498
2023-05-10 21:00:08,eg2308,eg2308,4274.0,0.0,0.0,0.0,1,4275.0,4277.0,9,4262.0,4275.0,4275.0,4272.0,14.0,598410.0,35498
2023-05-10 21:00:09,eg2308,eg2308,4274.0,0.0,0.0,0.0,1,4275.0,4277.0,5,4262.0,4275.0,4275.0,4272.0,14.0,598410.0,35498
2023-05-10 21:00:09,eg2308,eg2308,4274.0,0.0,0.0,0.0,5,4274.0,4276.0,2,4262.0,4275.0,4275.0,4272.0,14.0,598410.0,35498
2023-05-10 21:00:10,eg2308,eg2308,4274.0,0.0,0.0,0.0,5,4274.0,4277.0,17,4262.0,4275.0,4275.0,4272.0,14.0,598410.0,35498
2023-05-10 21:00:10,eg2308,eg2308,4274.0,0.0,0.0,0.0,2,4274.0,4276.0,5,4262.0,4275.0,4275.0,4272.0,14.0,598410.0,35498
2023-05-10 21:00:11,eg2308,eg2308,4274.0,0.0,0.0,0.0,5,4274.0,4277.0,17,4262.0,4275.0,4275.0,4272.0,14.0,598410.0,35498
2023-05-10 21:00:11,eg2308,eg2308,4274.0,0.0,0.0,0.0,5,4274.0,4277.0,19,4262.0,4275.0,4275.0,4272.0,14.0,598410.0,35498
2023-05-10 21:00:12,eg2308,eg2308,4274.0,0.0,0.0,0.0,5,4274.0,4277.0,5,4262.0,4275.0,4275.0,4272.0,14.0,598410.0,35498
2023-05-10 21:00:12,eg2308,eg2308,4274.0,0.0,0.0,0.0,5,4275.0,4278.0,20,4262.0,4275.0,4275.0,4272.0,14.0,598410.0,35498
2023-05-10 21:00:13,eg2308,eg2308,4274.0,0.0,0.0,0.0,5,4275.0,4278.0,23,4262.0,4275.0,4275.0,4272.0,14.0,598410.0,35498
2023-05-10 21:00:14,eg2308,eg2308,4274.0,0.0,0.0,0.0,5,4275.0,4278.0,20,4262.0,4275.0,4275.0,4272.0,14.0,598410.0,35498
2023-05-10 21:00:14,eg2308,eg2308,4274.0,0.0,0.0,0.0,3,4274.0,4277.0,20,4262.0,4275.0,4275.0,4272.0,14.0,598410.0,35498
2023-05-10 21:00:15,eg2308,eg2308,4274.0,0.0,0.0,0.0,3,4275.0,4277.0,2,4262.0,4275.0,4275.0,4272.0,14.0,598410.0,35498
2023-05-10 21:00:15,eg2308,eg2308,4274.0,0.0,0.0,0.0,8,4275.0,4278.0,26,4262.0,4275.0,4275.0,4272.0,14.0,598410.0,35498
2023-05-10 21:00:16,eg2308,eg2308,4274.0,0.0,0.0,0.0,2,4276.0,4278.0,8,4262.0,4275.0,4275.0,4272.0,14.0,598410.0,35498
2023-05-10 21:00:16,eg2308,eg2308,4274.0,0.0,0.0,0.0,13,4276.0,4279.0,7,4262.0,4275.0,4275.0,4272.0,14.0,598410.0,35498
2023-05-10 21:00:17,eg2308,eg2308,4274.0,0.0,0.0,0.0,12,4276.0,4279.0,9,4262.0,4275.0,4275.0,4272.0,14.0,598410.0,35498
2023-05-10 21:00:18,eg2308,eg2308,4274.0,0.0,0.0,0.0,10,4276.0,4278.0,3,4262.0,4275.0,4275.0,4272.0,14.0,598410.0,35498
2023-05-10 21:00:18,eg2308,eg2308,4274.0,0.0,0.0,0.0,10,4276.0,4279.0,9,4262.0,4275.0,4275.0,4272.0,14.0,598410.0,35498
2023-05-10 21:00:19,eg2308,eg2308,4274.0,0.0,0.0,0.0,10,4276.0,4279.0,10,4262.0,4275.0,4275.0,4272.0,14.0,598410.0,35498
2023-05-10 21:00:20,eg2308,eg2308,4274.0,0.0,0.0,0.0,3,4277.0,4279.0,7,4262.0,4275.0,4275.0,4272.0,14.0,598410.0,35498
2023-05-10 21:00:20,eg2308,eg2308,4274.0,0.0,0.0,0.0,8,4277.0,4280.0,21,4262.0,4275.0,4275.0,4272.0,14.0,598410.0,35498
2023-05-10 21:00:21,eg2308,eg2308,4274.0,0.0,0.0,0.0,8,4277.0,4279.0,2,4262.0,4275.0,4275.0,4272.0,14.0,598410.0,35498
2023-05-10 21:00:21,eg2308,eg2308,4274.0,0.0,0.0,0.0,11,4277.0,4280.0,24,4262.0,4275.0,4275.0,4272.0,14.0,598410.0,35498
2023-05-10 21:00:22,eg2308,eg2308,4274.0,0.0,0.0,0.0,8,4277.0,4279.0,2,4262.0,4275.0,4275.0,4272.0,14.0,598410.0,35498
2023-05-10 21:00:22,eg2308,eg2308,4274.0,0.0,0.0,0.0,8,4277.0,4279.0,7,4262.0,4275.0,4275.0,4272.0,14.0,598410.0,35498
2023-05-10 21:00:23,eg2308,eg2308,4274.0,0.0,0.0,0.0,8,4277.0,4280.0,26,4262.0,4275.0,4275.0,4272.0,14.0,598410.0,35498
2023-05-10 21:00:24,eg2308,eg2308,4274.0,0.0,0.0,0.0,6,4277.0,4280.0,26,4262.0,4275.0,4275.0,4272.0,14.0,598410.0,35498
2023-05-10 21:00:24,eg2308,eg2308,4274.0,0.0,0.0,0.0,6,4278.0,4280.0,23,4262.0,4275.0,4275.0,4272.0,14.0,598410.0,35498
2023-05-10 21:00:25,eg2308,eg2308,4277.0,1.0,42770.0,0.0,10,4278.0,4280.0,23,4262.0,4275.0,4277.0,4272.0,15.0,641180.0,35498
2023-05-10 21:00:25,eg2308,eg2308,4277.0,0.0,0.0,0.0,4,4278.0,4280.0,26,4262.0,4275.0,4277.0,4272.0,15.0,641180.0,35498
2023-05-10 21:00:26,eg2308,eg2308,4278.0,1.0,42780.0,0.0,30,4277.0,4278.0,1,4262.0,4275.0,4278.0,4272.0,16.0,683960.0,35498
2023-05-10 21:00:26,eg2308,eg2308,4278.0,1.0,42780.0,1.0,8,4278.0,4280.0,11,4262.0,4275.0,4278.0,4272.0,17.0,726740.0,35499
2023-05-10 21:00:27,eg2308,eg2308,4280.0,11.0,470800.0,0.0,18,4278.0,4281.0,16,4262.0,4275.0,4280.0,4272.0,28.0,1197540.0,35499
2023-05-10 21:00:27,eg2308,eg2308,4280.0,0.0,0.0,0.0,26,4278.0,4281.0,19,4262.0,4275.0,4280.0,4272.0,28.0,1197540.0,35499
2023-05-10 21:00:28,eg2308,eg2308,4278.0,1.0,42780.0,1.0,6,4279.0,4281.0,19,4262.0,4275.0,4280.0,4272.0,29.0,1240320.0,35500
2023-05-10 21:00:28,eg2308,eg2308,4278.0,0.0,0.0,0.0,8,4279.0,4281.0,5,4262.0,4275.0,4280.0,4272.0,29.0,1240320.0,35500
2023-05-10 21:00:29,eg2308,eg2308,4278.0,0.0,0.0,0.0,19,4279.0,4282.0,8,4262.0,4275.0,4280.0,4272.0,29.0,1240320.0,35500
2023-05-10 21:00:29,eg2308,eg2308,4278.0,0.0,0.0,0.0,8,4279.0,4282.0,10,4262.0,4275.0,4280.0,4272.0,29.0,1240320.0,35500
2023-05-10 21:00:30,eg2308,eg2308,4278.0,0.0,0.0,0.0,3,4280.0,4282.0,8,4262.0,4275.0,4280.0,4272.0,29.0,1240320.0,35500
2023-05-10 21:00:30,eg2308,eg2308,4282.0,13.0,556660.0,3.0,5,4281.0,4283.0,3,4262.0,4275.0,4282.0,4272.0,42.0,1796980.0,35503
2023-05-10 21:00:31,eg2308,eg2308,4282.0,0.0,0.0,0.0,2,4282.0,4284.0,5,4262.0,4275.0,4282.0,4272.0,42.0,1796980.0,35503
2023-05-10 21:00:31,eg2308,eg2308,4282.0,0.0,0.0,0.0,8,4281.0,4283.0,2,4262.0,4275.0,4282.0,4272.0,42.0,1796980.0,35503
2023-05-10 21:00:32,eg2308,eg2308,4282.0,0.0,0.0,0.0,8,4281.0,4283.0,7,4262.0,4275.0,4282.0,4272.0,42.0,1796980.0,35503
2023-05-10 21:00:32,eg2308,eg2308,4281.0,3.0,128430.0,-3.0,17,4280.0,4282.0,2,4262.0,4275.0,4282.0,4272.0,45.0,1925410.0,35500
2023-05-10 21:00:33,eg2308,eg2308,4281.0,0.0,0.0,0.0,2,4280.0,4281.0,2,4262.0,4275.0,4282.0,4272.0,45.0,1925410.0,35500
2023-05-10 21:00:33,eg2308,eg2308,4281.0,0.0,0.0,0.0,20,4279.0,4281.0,2,4262.0,4275.0,4282.0,4272.0,45.0,1925410.0,35500
2023-05-10 21:00:34,eg2308,eg2308,4281.0,0.0,0.0,0.0,13,4279.0,4281.0,2,4262.0,4275.0,4282.0,4272.0,45.0,1925410.0,35500
2023-05-10 21:00:34,eg2308,eg2308,4281.0,0.0,0.0,0.0,3,4279.0,4280.0,2,4262.0,4275.0,4282.0,4272.0,45.0,1925410.0,35500
2023-05-10 21:00:35,eg2308,eg2308,4281.0,0.0,0.0,0.0,23,4278.0,4281.0,8,4262.0,4275.0,4282.0,4272.0,45.0,1925410.0,35500
2023-05-10 21:00:35,eg2308,eg2308,4281.0,0.0,0.0,0.0,20,4279.0,4282.0,14,4262.0,4275.0,4282.0,4272.0,45.0,1925410.0,35500
2023-05-10 21:00:36,eg2308,eg2308,4281.0,0.0,0.0,0.0,3,4280.0,4282.0,8,4262.0,4275.0,4282.0,4272.0,45.0,1925410.0,35500
2023-05-10 21:00:36,eg2308,eg2308,4281.0,0.0,0.0,0.0,10,4279.0,4281.0,5,4262.0,4275.0,4282.0,4272.0,45.0,1925410.0,35500
2023-05-10 21:00:37,eg2308,eg2308,4281.0,0.0,0.0,0.0,6,4280.0,4282.0,10,4262.0,4275.0,4282.0,4272.0,45.0,1925410.0,35500
2023-05-10 21:00:37,eg2308,eg2308,4281.0,0.0,0.0,0.0,8,4280.0,4282.0,5,4262.0,4275.0,4282.0,4272.0,45.0,1925410.0,35500
2023-05-10 21:00:38,eg2308,eg2308,4281.0,0.0,0.0,0.0,8,4280.0,4283.0,25,4262.0,4275.0,4282.0,4272.0,45.0,1925410.0,35500
2023-05-10 21:00:38,eg2308,eg2308,4281.0,0.0,0.0,0.0,8,4280.0,4282.0,5,4262.0,4275.0,4282.0,4272.0,45.0,1925410.0,35500
2023-05-10 21:00:39,eg2308,eg2308,4281.0,0.0,0.0,0.0,5,4280.0,4282.0,10,4262.0,4275.0,4282.0,4272.0,45.0,1925410.0,35500
2023-05-10 21:00:39,eg2308,eg2308,4281.0,0.0,0.0,0.0,3,4281.0,4283.0,13,4262.0,4275.0,4282.0,4272.0,45.0,1925410.0,35500
2023-05-10 21:00:40,eg2308,eg2308,4281.0,0.0,0.0,0.0,8,4280.0,4283.0,10,4262.0,4275.0,4282.0,4272.0,45.0,1925410.0,35500
2023-05-10 21:00:40,eg2308,eg2308,4281.0,0.0,0.0,0.0,8,4280.0,4283.0,8,4262.0,4275.0,4282.0,4272.0,45.0,1925410.0,35500
2023-05-10 21:00:41,eg2308,eg2308,4281.0,0.0,0.0,0.0,8,4280.0,4282.0,2,4262.0,4275.0,4282.0,4272.0,45.0,1925410.0,35500
2023-05-10 21:00:41,eg2308,eg2308,4281.0,0.0,0.0,0.0,8,4280.0,4282.0,4,4262.0,4275.0,4282.0,4272.0,45.0,1925410.0,35500
2023-05-10 21:00:42,eg2308,eg2308,4281.0,0.0,0.0,0.0,12,4280.0,4283.0,25,4262.0,4275.0,4282.0,4272.0,45.0,1925410.0,35500
2023-05-10 21:00:42,eg2308,eg2308,4281.0,0.0,0.0,0.0,9,4280.0,4283.0,25,4262.0,4275.0,4282.0,4272.0,45.0,1925410.0,35500
2023-05-10 21:00:43,eg2308,eg2308,4281.0,0.0,0.0,0.0,8,4280.0,4282.0,2,4262.0,4275.0,4282.0,4272.0,45.0,1925410.0,35500
2023-05-10 21:00:44,eg2308,eg2308,4281.0,0.0,0.0,0.0,8,4280.0,4282.0,9,4262.0,4275.0,4282.0,4272.0,45.0,1925410.0,35500
2023-05-10 21:00:44,eg2308,eg2308,4281.0,0.0,0.0,0.0,8,4280.0,4282.0,6,4262.0,4275.0,4282.0,4272.0,45.0,1925410.0,35500
2023-05-10 21:00:45,eg2308,eg2308,4281.0,0.0,0.0,0.0,5,4280.0,4282.0,12,4262.0,4275.0,4282.0,4272.0,45.0,1925410.0,35500
2023-05-10 21:00:46,eg2308,eg2308,4281.0,0.0,0.0,0.0,8,4280.0,4283.0,6,4262.0,4275.0,4282.0,4272.0,45.0,1925410.0,35500
2023-05-10 21:00:46,eg2308,eg2308,4281.0,0.0,0.0,0.0,12,4280.0,4283.0,8,4262.0,4275.0,4282.0,4272.0,45.0,1925410.0,35500
2023-05-10 21:00:47,eg2308,eg2308,4281.0,0.0,0.0,0.0,8,4280.0,4282.0,4,4262.0,4275.0,4282.0,4272.0,45.0,1925410.0,35500
2023-05-10 21:00:47,eg2308,eg2308,4281.0,0.0,0.0,0.0,5,4280.0,4282.0,5,4262.0,4275.0,4282.0,4272.0,45.0,1925410.0,35500
2023-05-10 21:00:48,eg2308,eg2308,4281.0,0.0,0.0,0.0,5,4280.0,4282.0,9,4262.0,4275.0,4282.0,4272.0,45.0,1925410.0,35500
2023-05-10 21:00:48,eg2308,eg2308,4281.0,0.0,0.0,0.0,5,4280.0,4282.0,12,4262.0,4275.0,4282.0,4272.0,45.0,1925410.0,35500
2023-05-10 21:00:49,eg2308,eg2308,4280.0,5.0,214000.0,5.0,14,4279.0,4281.0,5,4262.0,4275.0,4282.0,4272.0,50.0,2139410.0,35505
2023-05-10 21:00:49,eg2308,eg2308,4280.0,0.0,0.0,0.0,2,4279.0,4281.0,10,4262.0,4275.0,4282.0,4272.0,50.0,2139410.0,35505
2023-05-10 21:00:50,eg2308,eg2308,4280.0,0.0,0.0,0.0,5,4279.0,4281.0,12,4262.0,4275.0,4282.0,4272.0,50.0,2139410.0,35505
2023-05-10 21:00:51,eg2308,eg2308,4280.0,0.0,0.0,0.0,5,4279.0,4281.0,3,4262.0,4275.0,4282.0,4272.0,50.0,2139410.0,35505
2023-05-10 21:00:51,eg2308,eg2308,4280.0,0.0,0.0,0.0,5,4279.0,4281.0,5,4262.0,4275.0,4282.0,4272.0,50.0,2139410.0,35505
2023-05-10 21:00:52,eg2308,eg2308,4280.0,0.0,0.0,0.0,8,4279.0,4282.0,14,4262.0,4275.0,4282.0,4272.0,50.0,2139410.0,35505
2023-05-10 21:00:52,eg2308,eg2308,4280.0,0.0,0.0,0.0,8,4279.0,4281.0,2,4262.0,4275.0,4282.0,4272.0,50.0,2139410.0,35505
2023-05-10 21:00:53,eg2308,eg2308,4280.0,0.0,0.0,0.0,8,4279.0,4281.0,7,4262.0,4275.0,4282.0,4272.0,50.0,2139410.0,35505
2023-05-10 21:00:53,eg2308,eg2308,4280.0,0.0,0.0,0.0,8,4279.0,4281.0,5,4262.0,4275.0,4282.0,4272.0,50.0,2139410.0,35505
2023-05-10 21:00:55,eg2308,eg2308,4280.0,0.0,0.0,0.0,5,4279.0,4281.0,7,4262.0,4275.0,4282.0,4272.0,50.0,2139410.0,35505
2023-05-10 21:00:55,eg2308,eg2308,4280.0,0.0,0.0,0.0,15,4278.0,4280.0,4,4262.0,4275.0,4282.0,4272.0,50.0,2139410.0,35505
2023-05-10 21:00:56,eg2308,eg2308,4280.0,0.0,0.0,0.0,10,4278.0,4281.0,6,4262.0,4275.0,4282.0,4272.0,50.0,2139410.0,35505
2023-05-10 21:00:56,eg2308,eg2308,4280.0,0.0,0.0,0.0,10,4278.0,4281.0,8,4262.0,4275.0,4282.0,4272.0,50.0,2139410.0,35505
2023-05-10 21:00:57,eg2308,eg2308,4280.0,0.0,0.0,0.0,5,4278.0,4280.0,10,4262.0,4275.0,4282.0,4272.0,50.0,2139410.0,35505
2023-05-10 21:00:57,eg2308,eg2308,4280.0,0.0,0.0,0.0,5,4278.0,4280.0,9,4262.0,4275.0,4282.0,4272.0,50.0,2139410.0,35505
2023-05-10 21:00:58,eg2308,eg2308,4280.0,0.0,0.0,0.0,11,4277.0,4280.0,12,4262.0,4275.0,4282.0,4272.0,50.0,2139410.0,35505
2023-05-10 21:00:58,eg2308,eg2308,4280.0,0.0,0.0,0.0,10,4277.0,4280.0,15,4262.0,4275.0,4282.0,4272.0,50.0,2139410.0,35505
2023-05-10 21:00:59,eg2308,eg2308,4280.0,0.0,0.0,0.0,10,4277.0,4278.0,1,4262.0,4275.0,4282.0,4272.0,50.0,2139410.0,35505
2023-05-10 21:01:00,eg2308,eg2308,4280.0,0.0,0.0,0.0,8,4277.0,4278.0,1,4262.0,4275.0,4282.0,4272.0,50.0,2139410.0,35505
2023-05-10 21:01:00,eg2308,eg2308,4278.0,1.0,42780.0,0.0,3,4278.0,4280.0,13,4262.0,4275.0,4282.0,4272.0,51.0,2182190.0,35505
2023-05-10 21:01:01,eg2308,eg2308,4278.0,0.0,0.0,0.0,3,4278.0,4280.0,10,4262.0,4275.0,4282.0,4272.0,51.0,2182190.0,35505
2023-05-10 21:01:01,eg2308,eg2308,4278.0,0.0,0.0,0.0,17,4277.0,4280.0,12,4262.0,4275.0,4282.0,4272.0,51.0,2182190.0,35505
2023-05-10 21:01:02,eg2308,eg2308,4278.0,0.0,0.0,0.0,10,4277.0,4279.0,2,4262.0,4275.0,4282.0,4272.0,51.0,2182190.0,35505
2023-05-10 21:01:02,eg2308,eg2308,4278.0,0.0,0.0,0.0,20,4277.0,4280.0,12,4262.0,4275.0,4282.0,4272.0,51.0,2182190.0,35505
2023-05-10 21:01:03,eg2308,eg2308,4278.0,0.0,0.0,0.0,8,4277.0,4279.0,2,4262.0,4275.0,4282.0,4272.0,51.0,2182190.0,35505
2023-05-10 21:01:04,eg2308,eg2308,4278.0,0.0,0.0,0.0,8,4277.0,4279.0,7,4262.0,4275.0,4282.0,4272.0,51.0,2182190.0,35505
2023-05-10 21:01:04,eg2308,eg2308,4277.0,8.0,342160.0,-5.0,18,4275.0,4277.0,2,4262.0,4275.0,4282.0,4272.0,59.0,2524350.0,35500
2023-05-10 21:01:05,eg2308,eg2308,4277.0,0.0,0.0,0.0,10,4275.0,4277.0,7,4262.0,4275.0,4282.0,4272.0,59.0,2524350.0,35500
2023-05-10 21:01:05,eg2308,eg2308,4277.0,0.0,0.0,0.0,5,4275.0,4277.0,7,4262.0,4275.0,4282.0,4272.0,59.0,2524350.0,35500
2023-05-10 21:01:06,eg2308,eg2308,4277.0,0.0,0.0,0.0,8,4275.0,4277.0,7,4262.0,4275.0,4282.0,4272.0,59.0,2524350.0,35500
2023-05-10 21:01:06,eg2308,eg2308,4277.0,0.0,0.0,0.0,3,4275.0,4277.0,7,4262.0,4275.0,4282.0,4272.0,59.0,2524350.0,35500
2023-05-10 21:01:07,eg2308,eg2308,4277.0,0.0,0.0,0.0,5,4274.0,4276.0,4,4262.0,4275.0,4282.0,4272.0,59.0,2524350.0,35500
2023-05-10 21:01:07,eg2308,eg2308,4277.0,0.0,0.0,0.0,11,4273.0,4275.0,8,4262.0,4275.0,4282.0,4272.0,59.0,2524350.0,35500
2023-05-10 21:01:08,eg2308,eg2308,4277.0,0.0,0.0,0.0,12,4272.0,4275.0,28,4262.0,4275.0,4282.0,4272.0,59.0,2524350.0,35500
2023-05-10 21:01:08,eg2308,eg2308,4277.0,0.0,0.0,0.0,21,4272.0,4275.0,7,4262.0,4275.0,4282.0,4272.0,59.0,2524350.0,35500
2023-05-10 21:01:09,eg2308,eg2308,4277.0,0.0,0.0,0.0,2,4273.0,4275.0,12,4262.0,4275.0,4282.0,4272.0,59.0,2524350.0,35500
2023-05-10 21:01:09,eg2308,eg2308,4277.0,0.0,0.0,0.0,22,4272.0,4275.0,36,4262.0,4275.0,4282.0,4272.0,59.0,2524350.0,35500
2023-05-10 21:01:10,eg2308,eg2308,4277.0,0.0,0.0,0.0,3,4273.0,4275.0,31,4262.0,4275.0,4282.0,4272.0,59.0,2524350.0,35500
2023-05-10 21:01:10,eg2308,eg2308,4277.0,0.0,0.0,0.0,20,4272.0,4275.0,32,4262.0,4275.0,4282.0,4272.0,59.0,2524350.0,35500
2023-05-10 21:01:11,eg2308,eg2308,4277.0,0.0,0.0,0.0,3,4273.0,4275.0,32,4262.0,4275.0,4282.0,4272.0,59.0,2524350.0,35500
2023-05-10 21:01:11,eg2308,eg2308,4277.0,0.0,0.0,0.0,3,4273.0,4275.0,29,4262.0,4275.0,4282.0,4272.0,59.0,2524350.0,35500
2023-05-10 21:01:12,eg2308,eg2308,4277.0,0.0,0.0,0.0,19,4272.0,4274.0,2,4262.0,4275.0,4282.0,4272.0,59.0,2524350.0,35500
2023-05-10 21:01:12,eg2308,eg2308,4277.0,0.0,0.0,0.0,8,4272.0,4274.0,2,4262.0,4275.0,4282.0,4272.0,59.0,2524350.0,35500
2023-05-10 21:01:13,eg2308,eg2308,4277.0,0.0,0.0,0.0,8,4272.0,4274.0,4,4262.0,4275.0,4282.0,4272.0,59.0,2524350.0,35500
2023-05-10 21:01:13,eg2308,eg2308,4277.0,0.0,0.0,0.0,10,4272.0,4275.0,30,4262.0,4275.0,4282.0,4272.0,59.0,2524350.0,35500
2023-05-10 21:01:14,eg2308,eg2308,4277.0,0.0,0.0,0.0,12,4272.0,4275.0,32,4262.0,4275.0,4282.0,4272.0,59.0,2524350.0,35500
2023-05-10 21:01:14,eg2308,eg2308,4277.0,0.0,0.0,0.0,12,4272.0,4275.0,29,4262.0,4275.0,4282.0,4272.0,59.0,2524350.0,35500
2023-05-10 21:01:15,eg2308,eg2308,4277.0,0.0,0.0,0.0,13,4272.0,4275.0,32,4262.0,4275.0,4282.0,4272.0,59.0,2524350.0,35500
2023-05-10 21:01:15,eg2308,eg2308,4277.0,0.0,0.0,0.0,13,4272.0,4275.0,29,4262.0,4275.0,4282.0,4272.0,59.0,2524350.0,35500
2023-05-10 21:01:16,eg2308,eg2308,4277.0,0.0,0.0,0.0,11,4272.0,4275.0,29,4262.0,4275.0,4282.0,4272.0,59.0,2524350.0,35500
2023-05-10 21:01:16,eg2308,eg2308,4277.0,0.0,0.0,0.0,11,4272.0,4275.0,32,4262.0,4275.0,4282.0,4272.0,59.0,2524350.0,35500
2023-05-10 21:01:17,eg2308,eg2308,4277.0,0.0,0.0,0.0,4,4273.0,4275.0,9,4262.0,4275.0,4282.0,4272.0,59.0,2524350.0,35500
2023-05-10 21:01:17,eg2308,eg2308,4277.0,0.0,0.0,0.0,13,4273.0,4275.0,2,4262.0,4275.0,4282.0,4272.0,59.0,2524350.0,35500
2023-05-10 21:01:18,eg2308,eg2308,4277.0,0.0,0.0,0.0,12,4273.0,4275.0,2,4262.0,4275.0,4282.0,4272.0,59.0,2524350.0,35500
2023-05-10 21:01:19,eg2308,eg2308,4273.0,1.0,42730.0,1.0,11,4273.0,4275.0,2,4262.0,4275.0,4282.0,4272.0,60.0,2567080.0,35501
2023-05-10 21:01:19,eg2308,eg2308,4273.0,0.0,0.0,0.0,10,4273.0,4275.0,5,4262.0,4275.0,4282.0,4272.0,60.0,2567080.0,35501
2023-05-10 21:01:21,eg2308,eg2308,4273.0,0.0,0.0,0.0,7,4272.0,4275.0,8,4262.0,4275.0,4282.0,4272.0,60.0,2567080.0,35501
2023-05-10 21:01:22,eg2308,eg2308,4273.0,0.0,0.0,0.0,10,4273.0,4275.0,5,4262.0,4275.0,4282.0,4272.0,60.0,2567080.0,35501
2023-05-10 21:01:22,eg2308,eg2308,4273.0,0.0,0.0,0.0,7,4272.0,4275.0,11,4262.0,4275.0,4282.0,4272.0,60.0,2567080.0,35501
2023-05-10 21:01:23,eg2308,eg2308,4273.0,0.0,0.0,0.0,9,4272.0,4275.0,12,4262.0,4275.0,4282.0,4272.0,60.0,2567080.0,35501
2023-05-10 21:01:24,eg2308,eg2308,4273.0,0.0,0.0,0.0,6,4272.0,4275.0,12,4262.0,4275.0,4282.0,4272.0,60.0,2567080.0,35501
2023-05-10 21:01:24,eg2308,eg2308,4273.0,0.0,0.0,0.0,3,4272.0,4274.0,6,4262.0,4275.0,4282.0,4272.0,60.0,2567080.0,35501
2023-05-10 21:01:25,eg2308,eg2308,4273.0,0.0,0.0,0.0,11,4272.0,4274.0,5,4262.0,4275.0,4282.0,4272.0,60.0,2567080.0,35501
2023-05-10 21:01:25,eg2308,eg2308,4273.0,0.0,0.0,0.0,12,4272.0,4274.0,5,4262.0,4275.0,4282.0,4272.0,60.0,2567080.0,35501
2023-05-10 21:01:26,eg2308,eg2308,4273.0,0.0,0.0,0.0,12,4272.0,4274.0,2,4262.0,4275.0,4282.0,4272.0,60.0,2567080.0,35501
2023-05-10 21:01:26,eg2308,eg2308,4273.0,0.0,0.0,0.0,7,4272.0,4274.0,5,4262.0,4275.0,4282.0,4272.0,60.0,2567080.0,35501
2023-05-10 21:01:26,eg2308,eg2308,4273.0,0.0,0.0,0.0,8,4272.0,4274.0,5,4262.0,4275.0,4282.0,4272.0,60.0,2567080.0,35501
2023-05-10 21:01:27,eg2308,eg2308,4273.0,0.0,0.0,0.0,11,4272.0,4274.0,5,4262.0,4275.0,4282.0,4272.0,60.0,2567080.0,35501
2023-05-10 21:01:28,eg2308,eg2308,4273.0,0.0,0.0,0.0,4,4272.0,4274.0,11,4262.0,4275.0,4282.0,4272.0,60.0,2567080.0,35501
2023-05-10 21:01:28,eg2308,eg2308,4273.0,0.0,0.0,0.0,6,4271.0,4274.0,8,4262.0,4275.0,4282.0,4272.0,60.0,2567080.0,35501
2023-05-10 21:01:29,eg2308,eg2308,4273.0,0.0,0.0,0.0,9,4271.0,4274.0,8,4262.0,4275.0,4282.0,4272.0,60.0,2567080.0,35501
2023-05-10 21:01:29,eg2308,eg2308,4273.0,0.0,0.0,0.0,2,4272.0,4274.0,8,4262.0,4275.0,4282.0,4272.0,60.0,2567080.0,35501
2023-05-10 21:01:30,eg2308,eg2308,4273.0,0.0,0.0,0.0,9,4271.0,4274.0,8,4262.0,4275.0,4282.0,4272.0,60.0,2567080.0,35501
2023-05-10 21:01:32,eg2308,eg2308,4273.0,0.0,0.0,0.0,3,4271.0,4273.0,4,4262.0,4275.0,4282.0,4272.0,60.0,2567080.0,35501
2023-05-10 21:01:32,eg2308,eg2308,4273.0,0.0,0.0,0.0,20,4270.0,4273.0,9,4262.0,4275.0,4282.0,4272.0,60.0,2567080.0,35501
2023-05-10 21:01:33,eg2308,eg2308,4273.0,0.0,0.0,0.0,3,4272.0,4274.0,9,4262.0,4275.0,4282.0,4272.0,60.0,2567080.0,35501
2023-05-10 21:01:33,eg2308,eg2308,4273.0,0.0,0.0,0.0,34,4272.0,4274.0,3,4262.0,4275.0,4282.0,4272.0,60.0,2567080.0,35501
2023-05-10 21:01:34,eg2308,eg2308,4273.0,0.0,0.0,0.0,46,4272.0,4275.0,14,4262.0,4275.0,4282.0,4272.0,60.0,2567080.0,35501
2023-05-10 21:01:34,eg2308,eg2308,4273.0,0.0,0.0,0.0,64,4272.0,4275.0,21,4262.0,4275.0,4282.0,4272.0,60.0,2567080.0,35501
2023-05-10 21:01:35,eg2308,eg2308,4273.0,0.0,0.0,0.0,66,4272.0,4275.0,8,4262.0,4275.0,4282.0,4272.0,60.0,2567080.0,35501
2023-05-10 21:01:35,eg2308,eg2308,4273.0,0.0,0.0,0.0,3,4273.0,4275.0,5,4262.0,4275.0,4282.0,4272.0,60.0,2567080.0,35501
2023-05-10 21:01:36,eg2308,eg2308,4273.0,0.0,0.0,0.0,8,4273.0,4275.0,5,4262.0,4275.0,4282.0,4272.0,60.0,2567080.0,35501
2023-05-10 21:01:36,eg2308,eg2308,4273.0,0.0,0.0,0.0,14,4273.0,4276.0,11,4262.0,4275.0,4282.0,4272.0,60.0,2567080.0,35501
2023-05-10 21:01:37,eg2308,eg2308,4273.0,0.0,0.0,0.0,14,4273.0,4276.0,30,4262.0,4275.0,4282.0,4272.0,60.0,2567080.0,35501
2023-05-10 21:01:37,eg2308,eg2308,4273.0,0.0,0.0,0.0,20,4273.0,4276.0,35,4262.0,4275.0,4282.0,4272.0,60.0,2567080.0,35501
2023-05-10 21:01:38,eg2308,eg2308,4273.0,0.0,0.0,0.0,44,4273.0,4276.0,28,4262.0,4275.0,4282.0,4272.0,60.0,2567080.0,35501
2023-05-10 21:01:38,eg2308,eg2308,4273.0,0.0,0.0,0.0,46,4273.0,4276.0,35,4262.0,4275.0,4282.0,4272.0,60.0,2567080.0,35501
2023-05-10 21:01:41,eg2308,eg2308,4273.0,0.0,0.0,0.0,3,4274.0,4276.0,35,4262.0,4275.0,4282.0,4272.0,60.0,2567080.0,35501
2023-05-10 21:01:42,eg2308,eg2308,4274.0,3.0,128220.0,-3.0,23,4273.0,4276.0,35,4262.0,4275.0,4282.0,4272.0,63.0,2695300.0,35498
2023-05-10 21:01:42,eg2308,eg2308,4274.0,0.0,0.0,0.0,17,4273.0,4275.0,1,4262.0,4275.0,4282.0,4272.0,63.0,2695300.0,35498
2023-05-10 21:01:43,eg2308,eg2308,4274.0,0.0,0.0,0.0,8,4273.0,4275.0,6,4262.0,4275.0,4282.0,4272.0,63.0,2695300.0,35498
2023-05-10 21:01:44,eg2308,eg2308,4274.0,0.0,0.0,0.0,8,4273.0,4275.0,9,4262.0,4275.0,4282.0,4272.0,63.0,2695300.0,35498
2023-05-10 21:01:46,eg2308,eg2308,4274.0,0.0,0.0,0.0,3,4274.0,4275.0,9,4262.0,4275.0,4282.0,4272.0,63.0,2695300.0,35498
2023-05-10 21:01:46,eg2308,eg2308,4274.0,0.0,0.0,0.0,3,4274.0,4275.0,8,4262.0,4275.0,4282.0,4272.0,63.0,2695300.0,35498
2023-05-10 21:01:47,eg2308,eg2308,4275.0,3.0,128250.0,0.0,6,4274.0,4276.0,22,4262.0,4275.0,4282.0,4272.0,66.0,2823550.0,35498
2023-05-10 21:01:47,eg2308,eg2308,4275.0,0.0,0.0,0.0,6,4274.0,4276.0,28,4262.0,4275.0,4282.0,4272.0,66.0,2823550.0,35498
2023-05-10 21:01:49,eg2308,eg2308,4275.0,0.0,0.0,0.0,6,4275.0,4276.0,14,4262.0,4275.0,4282.0,4272.0,66.0,2823550.0,35498
2023-05-10 21:01:50,eg2308,eg2308,4275.0,0.0,0.0,0.0,3,4275.0,4276.0,3,4262.0,4275.0,4282.0,4272.0,66.0,2823550.0,35498
2023-05-10 21:01:50,eg2308,eg2308,4275.0,0.0,0.0,0.0,6,4275.0,4277.0,9,4262.0,4275.0,4282.0,4272.0,66.0,2823550.0,35498
2023-05-10 21:01:51,eg2308,eg2308,4276.0,3.0,128280.0,0.0,6,4275.0,4277.0,10,4262.0,4275.0,4282.0,4272.0,69.0,2951830.0,35498
2023-05-10 21:01:51,eg2308,eg2308,4276.0,0.0,0.0,0.0,8,4275.0,4277.0,7,4262.0,4275.0,4282.0,4272.0,69.0,2951830.0,35498
2023-05-10 21:01:52,eg2308,eg2308,4276.0,0.0,0.0,0.0,11,4275.0,4277.0,10,4262.0,4275.0,4282.0,4272.0,69.0,2951830.0,35498
2023-05-10 21:01:52,eg2308,eg2308,4276.0,0.0,0.0,0.0,11,4275.0,4277.0,11,4262.0,4275.0,4282.0,4272.0,69.0,2951830.0,35498
2023-05-10 21:01:57,eg2308,eg2308,4276.0,0.0,0.0,0.0,11,4275.0,4277.0,29,4262.0,4275.0,4282.0,4272.0,69.0,2951830.0,35498
2023-05-10 21:01:57,eg2308,eg2308,4276.0,0.0,0.0,0.0,11,4275.0,4277.0,32,4262.0,4275.0,4282.0,4272.0,69.0,2951830.0,35498
2023-05-10 21:01:59,eg2308,eg2308,4276.0,0.0,0.0,0.0,11,4275.0,4277.0,20,4262.0,4275.0,4282.0,4272.0,69.0,2951830.0,35498
2023-05-10 21:01:59,eg2308,eg2308,4276.0,0.0,0.0,0.0,3,4276.0,4277.0,2,4262.0,4275.0,4282.0,4272.0,69.0,2951830.0,35498
2023-05-10 21:02:00,eg2308,eg2308,4276.0,0.0,0.0,0.0,15,4275.0,4277.0,20,4262.0,4275.0,4282.0,4272.0,69.0,2951830.0,35498
2023-05-10 21:02:00,eg2308,eg2308,4275.0,13.0,555750.0,-9.0,12,4274.0,4275.0,2,4262.0,4275.0,4282.0,4272.0,82.0,3507580.0,35489
2023-05-10 21:02:01,eg2308,eg2308,4275.0,0.0,0.0,0.0,5,4274.0,4275.0,2,4262.0,4275.0,4282.0,4272.0,82.0,3507580.0,35489
2023-05-10 21:02:01,eg2308,eg2308,4275.0,0.0,0.0,0.0,17,4273.0,4275.0,2,4262.0,4275.0,4282.0,4272.0,82.0,3507580.0,35489
2023-05-10 21:02:02,eg2308,eg2308,4275.0,0.0,0.0,0.0,19,4273.0,4275.0,2,4262.0,4275.0,4282.0,4272.0,82.0,3507580.0,35489
2023-05-10 21:02:04,eg2308,eg2308,4275.0,0.0,0.0,0.0,11,4273.0,4275.0,25,4262.0,4275.0,4282.0,4272.0,82.0,3507580.0,35489
2023-05-10 21:02:05,eg2308,eg2308,4275.0,0.0,0.0,0.0,3,4273.0,4275.0,36,4262.0,4275.0,4282.0,4272.0,82.0,3507580.0,35489
2023-05-10 21:02:05,eg2308,eg2308,4275.0,0.0,0.0,0.0,55,4272.0,4275.0,42,4262.0,4275.0,4282.0,4272.0,82.0,3507580.0,35489
2023-05-10 21:02:06,eg2308,eg2308,4275.0,0.0,0.0,0.0,28,4272.0,4275.0,42,4262.0,4275.0,4282.0,4272.0,82.0,3507580.0,35489
2023-05-10 21:02:07,eg2308,eg2308,4275.0,0.0,0.0,0.0,48,4271.0,4274.0,18,4262.0,4275.0,4282.0,4272.0,82.0,3507580.0,35489
2023-05-10 21:02:07,eg2308,eg2308,4275.0,0.0,0.0,0.0,25,4271.0,4273.0,7,4262.0,4275.0,4282.0,4272.0,82.0,3507580.0,35489
2023-05-10 21:02:08,eg2308,eg2308,4275.0,0.0,0.0,0.0,55,4270.0,4273.0,41,4262.0,4275.0,4282.0,4272.0,82.0,3507580.0,35489
2023-05-10 21:02:08,eg2308,eg2308,4275.0,0.0,0.0,0.0,52,4270.0,4273.0,44,4262.0,4275.0,4282.0,4272.0,82.0,3507580.0,35489
2023-05-10 21:02:09,eg2308,eg2308,4275.0,0.0,0.0,0.0,28,4270.0,4273.0,44,4262.0,4275.0,4282.0,4272.0,82.0,3507580.0,35489
2023-05-10 21:02:10,eg2308,eg2308,4270.0,20.0,854000.0,14.0,12,4269.0,4270.0,3,4262.0,4275.0,4282.0,4270.0,102.0,4361580.0,35503
2023-05-10 21:02:10,eg2308,eg2308,4270.0,9.0,384300.0,-3.0,27,4268.0,4271.0,12,4262.0,4275.0,4282.0,4270.0,111.0,4745880.0,35500
2023-05-10 21:02:11,eg2308,eg2308,4270.0,1.0,42700.0,0.0,7,4269.0,4271.0,6,4262.0,4275.0,4282.0,4270.0,112.0,4788580.0,35500
2023-05-10 21:02:11,eg2308,eg2308,4270.0,0.0,0.0,0.0,10,4269.0,4271.0,8,4262.0,4275.0,4282.0,4270.0,112.0,4788580.0,35500
2023-05-10 21:02:13,eg2308,eg2308,4270.0,0.0,0.0,0.0,12,4269.0,4271.0,3,4262.0,4275.0,4282.0,4270.0,112.0,4788580.0,35500
2023-05-10 21:02:13,eg2308,eg2308,4270.0,0.0,0.0,0.0,11,4269.0,4271.0,3,4262.0,4275.0,4282.0,4270.0,112.0,4788580.0,35500
2023-05-10 21:02:14,eg2308,eg2308,4273.0,41.0,1751690.0,-1.0,3,4273.0,4274.0,12,4262.0,4275.0,4282.0,4270.0,153.0,6540270.0,35499
2023-05-10 21:02:15,eg2308,eg2308,4273.0,14.0,598220.0,-7.0,3,4273.0,4275.0,21,4262.0,4275.0,4282.0,4270.0,167.0,7138490.0,35492
2023-05-10 21:02:15,eg2308,eg2308,4272.0,6.0,256340.0,-2.0,43,4271.0,4273.0,3,4262.0,4275.0,4282.0,4270.0,173.0,7394830.0,35490
2023-05-10 21:02:16,eg2308,eg2308,4272.0,0.0,0.0,0.0,22,4271.0,4273.0,6,4262.0,4275.0,4282.0,4270.0,173.0,7394830.0,35490
2023-05-10 21:02:17,eg2308,eg2308,4272.0,0.0,0.0,0.0,25,4271.0,4273.0,6,4262.0,4275.0,4282.0,4270.0,173.0,7394830.0,35490
2023-05-10 21:02:18,eg2308,eg2308,4272.0,0.0,0.0,0.0,25,4271.0,4273.0,16,4262.0,4275.0,4282.0,4270.0,173.0,7394830.0,35490
2023-05-10 21:02:18,eg2308,eg2308,4272.0,0.0,0.0,0.0,25,4271.0,4273.0,22,4262.0,4275.0,4282.0,4270.0,173.0,7394830.0,35490
2023-05-10 21:02:19,eg2308,eg2308,4271.0,17.0,726070.0,3.0,22,4270.0,4271.0,4,4262.0,4275.0,4282.0,4270.0,190.0,8120900.0,35493
2023-05-10 21:02:20,eg2308,eg2308,4271.0,0.0,0.0,0.0,14,4270.0,4271.0,3,4262.0,4275.0,4282.0,4270.0,190.0,8120900.0,35493
2023-05-10 21:02:24,eg2308,eg2308,4271.0,0.0,0.0,0.0,11,4270.0,4271.0,3,4262.0,4275.0,4282.0,4270.0,190.0,8120900.0,35493
2023-05-10 21:02:25,eg2308,eg2308,4271.0,0.0,0.0,0.0,9,4270.0,4271.0,3,4262.0,4275.0,4282.0,4270.0,190.0,8120900.0,35493
2023-05-10 21:02:25,eg2308,eg2308,4271.0,0.0,0.0,0.0,28,4269.0,4271.0,3,4262.0,4275.0,4282.0,4270.0,190.0,8120900.0,35493
2023-05-10 21:02:25,eg2308,eg2308,4271.0,0.0,0.0,0.0,30,4269.0,4271.0,3,4262.0,4275.0,4282.0,4270.0,190.0,8120900.0,35493
2023-05-10 21:02:26,eg2308,eg2308,4271.0,0.0,0.0,0.0,19,4270.0,4271.0,3,4262.0,4275.0,4282.0,4270.0,190.0,8120900.0,35493
2023-05-10 21:02:27,eg2308,eg2308,4271.0,0.0,0.0,0.0,34,4270.0,4271.0,3,4262.0,4275.0,4282.0,4270.0,190.0,8120900.0,35493
2023-05-10 21:02:28,eg2308,eg2308,4271.0,0.0,0.0,0.0,31,4270.0,4271.0,3,4262.0,4275.0,4282.0,4270.0,190.0,8120900.0,35493
2023-05-10 21:02:28,eg2308,eg2308,4271.0,0.0,0.0,0.0,22,4270.0,4271.0,3,4262.0,4275.0,4282.0,4270.0,190.0,8120900.0,35493
2023-05-10 21:02:29,eg2308,eg2308,4271.0,0.0,0.0,0.0,16,4270.0,4271.0,3,4262.0,4275.0,4282.0,4270.0,190.0,8120900.0,35493
2023-05-10 21:02:36,eg2308,eg2308,4270.0,16.0,683200.0,3.0,52,4269.0,4270.0,3,4262.0,4275.0,4282.0,4270.0,206.0,8804100.0,35496
2023-05-10 21:02:36,eg2308,eg2308,4270.0,0.0,0.0,0.0,26,4269.0,4270.0,6,4262.0,4275.0,4282.0,4270.0,206.0,8804100.0,35496
2023-05-10 21:02:37,eg2308,eg2308,4270.0,0.0,0.0,0.0,6,4269.0,4270.0,6,4262.0,4275.0,4282.0,4270.0,206.0,8804100.0,35496
2023-05-10 21:02:37,eg2308,eg2308,4270.0,0.0,0.0,0.0,3,4269.0,4270.0,6,4262.0,4275.0,4282.0,4270.0,206.0,8804100.0,35496
2023-05-10 21:02:38,eg2308,eg2308,4270.0,0.0,0.0,0.0,47,4268.0,4270.0,6,4262.0,4275.0,4282.0,4270.0,206.0,8804100.0,35496
2023-05-10 21:02:38,eg2308,eg2308,4270.0,0.0,0.0,0.0,44,4268.0,4270.0,6,4262.0,4275.0,4282.0,4270.0,206.0,8804100.0,35496
2023-05-10 21:02:39,eg2308,eg2308,4270.0,0.0,0.0,0.0,38,4268.0,4270.0,6,4262.0,4275.0,4282.0,4270.0,206.0,8804100.0,35496
2023-05-10 21:02:39,eg2308,eg2308,4270.0,6.0,256200.0,-6.0,10,4269.0,4271.0,8,4262.0,4275.0,4282.0,4270.0,212.0,9060300.0,35490
2023-05-10 21:02:40,eg2308,eg2308,4270.0,0.0,0.0,0.0,21,4269.0,4271.0,2,4262.0,4275.0,4282.0,4270.0,212.0,9060300.0,35490
2023-05-10 21:02:40,eg2308,eg2308,4270.0,0.0,0.0,0.0,39,4269.0,4272.0,26,4262.0,4275.0,4282.0,4270.0,212.0,9060300.0,35490
2023-05-10 21:02:41,eg2308,eg2308,4270.0,0.0,0.0,0.0,13,4270.0,4273.0,25,4262.0,4275.0,4282.0,4270.0,212.0,9060300.0,35490
2023-05-10 21:02:41,eg2308,eg2308,4270.0,0.0,0.0,0.0,15,4270.0,4273.0,34,4262.0,4275.0,4282.0,4270.0,212.0,9060300.0,35490
2023-05-10 21:02:42,eg2308,eg2308,4270.0,0.0,0.0,0.0,24,4270.0,4273.0,47,4262.0,4275.0,4282.0,4270.0,212.0,9060300.0,35490
2023-05-10 21:02:42,eg2308,eg2308,4270.0,0.0,0.0,0.0,21,4270.0,4272.0,4,4262.0,4275.0,4282.0,4270.0,212.0,9060300.0,35490
2023-05-10 21:02:43,eg2308,eg2308,4270.0,0.0,0.0,0.0,21,4270.0,4272.0,5,4262.0,4275.0,4282.0,4270.0,212.0,9060300.0,35490
2023-05-10 21:02:44,eg2308,eg2308,4270.0,0.0,0.0,0.0,21,4270.0,4273.0,38,4262.0,4275.0,4282.0,4270.0,212.0,9060300.0,35490
2023-05-10 21:02:44,eg2308,eg2308,4270.0,0.0,0.0,0.0,21,4270.0,4273.0,36,4262.0,4275.0,4282.0,4270.0,212.0,9060300.0,35490
2023-05-10 21:02:46,eg2308,eg2308,4270.0,0.0,0.0,0.0,27,4270.0,4273.0,36,4262.0,4275.0,4282.0,4270.0,212.0,9060300.0,35490
2023-05-10 21:02:47,eg2308,eg2308,4270.0,0.0,0.0,0.0,34,4270.0,4273.0,30,4262.0,4275.0,4282.0,4270.0,212.0,9060300.0,35490
2023-05-10 21:02:47,eg2308,eg2308,4270.0,0.0,0.0,0.0,27,4270.0,4273.0,33,4262.0,4275.0,4282.0,4270.0,212.0,9060300.0,35490
2023-05-10 21:02:48,eg2308,eg2308,4270.0,0.0,0.0,0.0,29,4270.0,4273.0,33,4262.0,4275.0,4282.0,4270.0,212.0,9060300.0,35490
2023-05-10 21:02:49,eg2308,eg2308,4270.0,0.0,0.0,0.0,29,4270.0,4273.0,46,4262.0,4275.0,4282.0,4270.0,212.0,9060300.0,35490
2023-05-10 21:02:49,eg2308,eg2308,4270.0,2.0,85400.0,2.0,26,4270.0,4273.0,43,4262.0,4275.0,4282.0,4270.0,214.0,9145700.0,35492
2023-05-10 21:02:50,eg2308,eg2308,4270.0,0.0,0.0,0.0,6,4270.0,4271.0,3,4262.0,4275.0,4282.0,4270.0,214.0,9145700.0,35492
2023-05-10 21:02:50,eg2308,eg2308,4270.0,0.0,0.0,0.0,6,4270.0,4272.0,8,4262.0,4275.0,4282.0,4270.0,214.0,9145700.0,35492
2023-05-10 21:02:51,eg2308,eg2308,4270.0,0.0,0.0,0.0,28,4269.0,4271.0,3,4262.0,4275.0,4282.0,4270.0,214.0,9145700.0,35492
2023-05-10 21:02:51,eg2308,eg2308,4270.0,0.0,0.0,0.0,21,4269.0,4271.0,3,4262.0,4275.0,4282.0,4270.0,214.0,9145700.0,35492
2023-05-10 21:02:52,eg2308,eg2308,4270.0,0.0,0.0,0.0,24,4269.0,4271.0,3,4262.0,4275.0,4282.0,4270.0,214.0,9145700.0,35492
2023-05-10 21:02:53,eg2308,eg2308,4270.0,0.0,0.0,0.0,27,4269.0,4271.0,3,4262.0,4275.0,4282.0,4270.0,214.0,9145700.0,35492
2023-05-10 21:02:53,eg2308,eg2308,4270.0,0.0,0.0,0.0,32,4269.0,4271.0,3,4262.0,4275.0,4282.0,4270.0,214.0,9145700.0,35492
2023-05-10 21:02:56,eg2308,eg2308,4270.0,0.0,0.0,0.0,6,4270.0,4272.0,20,4262.0,4275.0,4282.0,4270.0,214.0,9145700.0,35492
2023-05-10 21:02:56,eg2308,eg2308,4270.0,0.0,0.0,0.0,34,4269.0,4271.0,3,4262.0,4275.0,4282.0,4270.0,214.0,9145700.0,35492
2023-05-10 21:02:56,eg2308,eg2308,4270.0,0.0,0.0,0.0,32,4269.0,4271.0,3,4262.0,4275.0,4282.0,4270.0,214.0,9145700.0,35492
2023-05-10 21:02:59,eg2308,eg2308,4270.0,0.0,0.0,0.0,41,4269.0,4271.0,3,4262.0,4275.0,4282.0,4270.0,214.0,9145700.0,35492
2023-05-10 21:02:59,eg2308,eg2308,4271.0,3.0,128130.0,0.0,6,4270.0,4272.0,17,4262.0,4275.0,4282.0,4270.0,217.0,9273830.0,35492
2023-05-10 21:03:00,eg2308,eg2308,4271.0,0.0,0.0,0.0,12,4270.0,4273.0,50,4262.0,4275.0,4282.0,4270.0,217.0,9273830.0,35492
2023-05-10 21:03:00,eg2308,eg2308,4271.0,0.0,0.0,0.0,12,4270.0,4272.0,3,4262.0,4275.0,4282.0,4270.0,217.0,9273830.0,35492
2023-05-10 21:03:01,eg2308,eg2308,4271.0,0.0,0.0,0.0,12,4270.0,4272.0,2,4262.0,4275.0,4282.0,4270.0,217.0,9273830.0,35492
2023-05-10 21:03:02,eg2308,eg2308,4270.0,2.0,85400.0,0.0,7,4270.0,4272.0,5,4262.0,4275.0,4282.0,4270.0,219.0,9359230.0,35492
2023-05-10 21:03:02,eg2308,eg2308,4270.0,4.0,170800.0,0.0,15,4269.0,4271.0,20,4262.0,4275.0,4282.0,4270.0,223.0,9530030.0,35492
2023-05-10 21:03:03,eg2308,eg2308,4270.0,0.0,0.0,0.0,23,4268.0,4270.0,3,4262.0,4275.0,4282.0,4270.0,223.0,9530030.0,35492
2023-05-10 21:03:03,eg2308,eg2308,4271.0,25.0,1067710.0,3.0,30,4271.0,4272.0,3,4262.0,4275.0,4282.0,4270.0,248.0,10597740.0,35495
2023-05-10 21:03:04,eg2308,eg2308,4272.0,17.0,726310.0,-9.0,13,4272.0,4273.0,2,4262.0,4275.0,4282.0,4270.0,265.0,11324050.0,35486
2023-05-10 21:03:04,eg2308,eg2308,4273.0,13.0,555420.0,4.0,24,4271.0,4274.0,12,4262.0,4275.0,4282.0,4270.0,278.0,11879470.0,35490
2023-05-10 21:03:05,eg2308,eg2308,4271.0,1.0,42710.0,-1.0,23,4271.0,4273.0,10,4262.0,4275.0,4282.0,4270.0,279.0,11922180.0,35489
2023-05-10 21:03:05,eg2308,eg2308,4271.0,0.0,0.0,0.0,20,4271.0,4273.0,12,4262.0,4275.0,4282.0,4270.0,279.0,11922180.0,35489
2023-05-10 21:03:06,eg2308,eg2308,4271.0,0.0,0.0,0.0,26,4271.0,4274.0,51,4262.0,4275.0,4282.0,4270.0,279.0,11922180.0,35489
2023-05-10 21:03:06,eg2308,eg2308,4271.0,0.0,0.0,0.0,26,4271.0,4274.0,42,4262.0,4275.0,4282.0,4270.0,279.0,11922180.0,35489
2023-05-10 21:03:07,eg2308,eg2308,4271.0,0.0,0.0,0.0,26,4271.0,4274.0,43,4262.0,4275.0,4282.0,4270.0,279.0,11922180.0,35489
2023-05-10 21:03:07,eg2308,eg2308,4271.0,0.0,0.0,0.0,26,4271.0,4274.0,42,4262.0,4275.0,4282.0,4270.0,279.0,11922180.0,35489
2023-05-10 21:03:08,eg2308,eg2308,4271.0,0.0,0.0,0.0,26,4271.0,4274.0,54,4262.0,4275.0,4282.0,4270.0,279.0,11922180.0,35489
2023-05-10 21:03:09,eg2308,eg2308,4271.0,0.0,0.0,0.0,26,4271.0,4274.0,55,4262.0,4275.0,4282.0,4270.0,279.0,11922180.0,35489
2023-05-10 21:03:10,eg2308,eg2308,4271.0,0.0,0.0,0.0,26,4271.0,4274.0,58,4262.0,4275.0,4282.0,4270.0,279.0,11922180.0,35489
2023-05-10 21:03:11,eg2308,eg2308,4271.0,0.0,0.0,0.0,26,4271.0,4274.0,53,4262.0,4275.0,4282.0,4270.0,279.0,11922180.0,35489
2023-05-10 21:03:11,eg2308,eg2308,4271.0,0.0,0.0,0.0,23,4271.0,4273.0,3,4262.0,4275.0,4282.0,4270.0,279.0,11922180.0,35489
2023-05-10 21:03:11,eg2308,eg2308,4271.0,0.0,0.0,0.0,20,4271.0,4273.0,6,4262.0,4275.0,4282.0,4270.0,279.0,11922180.0,35489
2023-05-10 21:03:13,eg2308,eg2308,4271.0,0.0,0.0,0.0,24,4271.0,4273.0,3,4262.0,4275.0,4282.0,4270.0,279.0,11922180.0,35489
2023-05-10 21:03:13,eg2308,eg2308,4271.0,0.0,0.0,0.0,27,4271.0,4274.0,55,4262.0,4275.0,4282.0,4270.0,279.0,11922180.0,35489
2023-05-10 21:03:14,eg2308,eg2308,4271.0,0.0,0.0,0.0,2,4272.0,4274.0,55,4262.0,4275.0,4282.0,4270.0,279.0,11922180.0,35489
2023-05-10 21:03:14,eg2308,eg2308,4271.0,0.0,0.0,0.0,26,4271.0,4274.0,58,4262.0,4275.0,4282.0,4270.0,279.0,11922180.0,35489
2023-05-10 21:03:16,eg2308,eg2308,4271.0,0.0,0.0,0.0,29,4272.0,4274.0,15,4262.0,4275.0,4282.0,4270.0,279.0,11922180.0,35489
2023-05-10 21:03:16,eg2308,eg2308,4271.0,0.0,0.0,0.0,84,4272.0,4275.0,46,4262.0,4275.0,4282.0,4270.0,279.0,11922180.0,35489
2023-05-10 21:03:17,eg2308,eg2308,4271.0,0.0,0.0,0.0,90,4272.0,4275.0,42,4262.0,4275.0,4282.0,4270.0,279.0,11922180.0,35489
2023-05-10 21:03:18,eg2308,eg2308,4271.0,0.0,0.0,0.0,3,4273.0,4275.0,45,4262.0,4275.0,4282.0,4270.0,279.0,11922180.0,35489
2023-05-10 21:03:19,eg2308,eg2308,4271.0,0.0,0.0,0.0,3,4273.0,4275.0,46,4262.0,4275.0,4282.0,4270.0,279.0,11922180.0,35489
2023-05-10 21:03:21,eg2308,eg2308,4271.0,0.0,0.0,0.0,3,4273.0,4275.0,49,4262.0,4275.0,4282.0,4270.0,279.0,11922180.0,35489
2023-05-10 21:03:21,eg2308,eg2308,4271.0,0.0,0.0,0.0,3,4273.0,4275.0,50,4262.0,4275.0,4282.0,4270.0,279.0,11922180.0,35489
2023-05-10 21:03:22,eg2308,eg2308,4271.0,0.0,0.0,0.0,3,4273.0,4275.0,58,4262.0,4275.0,4282.0,4270.0,279.0,11922180.0,35489
2023-05-10 21:03:22,eg2308,eg2308,4273.0,3.0,128190.0,0.0,31,4272.0,4275.0,58,4262.0,4275.0,4282.0,4270.0,282.0,12050370.0,35489
2023-05-10 21:03:23,eg2308,eg2308,4273.0,0.0,0.0,0.0,23,4272.0,4274.0,6,4262.0,4275.0,4282.0,4270.0,282.0,12050370.0,35489
2023-05-10 21:03:23,eg2308,eg2308,4273.0,0.0,0.0,0.0,14,4272.0,4274.0,14,4262.0,4275.0,4282.0,4270.0,282.0,12050370.0,35489
2023-05-10 21:03:24,eg2308,eg2308,4273.0,0.0,0.0,0.0,8,4272.0,4274.0,9,4262.0,4275.0,4282.0,4270.0,282.0,12050370.0,35489
2023-05-10 21:03:25,eg2308,eg2308,4273.0,0.0,0.0,0.0,8,4272.0,4274.0,11,4262.0,4275.0,4282.0,4270.0,282.0,12050370.0,35489
2023-05-10 21:03:25,eg2308,eg2308,4273.0,0.0,0.0,0.0,8,4272.0,4274.0,14,4262.0,4275.0,4282.0,4270.0,282.0,12050370.0,35489
2023-05-10 21:03:27,eg2308,eg2308,4273.0,0.0,0.0,0.0,14,4272.0,4274.0,3,4262.0,4275.0,4282.0,4270.0,282.0,12050370.0,35489
2023-05-10 21:03:30,eg2308,eg2308,4273.0,0.0,0.0,0.0,23,4272.0,4275.0,65,4262.0,4275.0,4282.0,4270.0,282.0,12050370.0,35489
2023-05-10 21:03:31,eg2308,eg2308,4273.0,0.0,0.0,0.0,26,4272.0,4275.0,67,4262.0,4275.0,4282.0,4270.0,282.0,12050370.0,35489
2023-05-10 21:03:31,eg2308,eg2308,4273.0,0.0,0.0,0.0,29,4272.0,4275.0,67,4262.0,4275.0,4282.0,4270.0,282.0,12050370.0,35489
2023-05-10 21:03:32,eg2308,eg2308,4273.0,0.0,0.0,0.0,17,4272.0,4274.0,24,4262.0,4275.0,4282.0,4270.0,282.0,12050370.0,35489
2023-05-10 21:03:33,eg2308,eg2308,4273.0,0.0,0.0,0.0,5,4272.0,4274.0,48,4262.0,4275.0,4282.0,4270.0,282.0,12050370.0,35489
2023-05-10 21:03:33,eg2308,eg2308,4273.0,0.0,0.0,0.0,3,4272.0,4274.0,51,4262.0,4275.0,4282.0,4270.0,282.0,12050370.0,35489
2023-05-10 21:03:34,eg2308,eg2308,4273.0,0.0,0.0,0.0,20,4272.0,4274.0,3,4262.0,4275.0,4282.0,4270.0,282.0,12050370.0,35489
2023-05-10 21:03:35,eg2308,eg2308,4274.0,3.0,128220.0,3.0,23,4272.0,4275.0,50,4262.0,4275.0,4282.0,4270.0,285.0,12178590.0,35492
2023-05-10 21:03:35,eg2308,eg2308,4274.0,0.0,0.0,0.0,16,4273.0,4275.0,3,4262.0,4275.0,4282.0,4270.0,285.0,12178590.0,35492
2023-05-10 21:03:36,eg2308,eg2308,4274.0,0.0,0.0,0.0,17,4273.0,4275.0,6,4262.0,4275.0,4282.0,4270.0,285.0,12178590.0,35492
2023-05-10 21:03:36,eg2308,eg2308,4274.0,0.0,0.0,0.0,26,4273.0,4276.0,56,4262.0,4275.0,4282.0,4270.0,285.0,12178590.0,35492
2023-05-10 21:03:37,eg2308,eg2308,4274.0,0.0,0.0,0.0,27,4273.0,4276.0,44,4262.0,4275.0,4282.0,4270.0,285.0,12178590.0,35492
2023-05-10 21:03:37,eg2308,eg2308,4274.0,0.0,0.0,0.0,5,4274.0,4276.0,47,4262.0,4275.0,4282.0,4270.0,285.0,12178590.0,35492
2023-05-10 21:03:38,eg2308,eg2308,4274.0,0.0,0.0,0.0,5,4274.0,4276.0,50,4262.0,4275.0,4282.0,4270.0,285.0,12178590.0,35492
2023-05-10 21:03:38,eg2308,eg2308,4274.0,6.0,256440.0,6.0,24,4273.0,4275.0,16,4262.0,4275.0,4282.0,4270.0,291.0,12435030.0,35498
2023-05-10 21:03:39,eg2308,eg2308,4274.0,0.0,0.0,0.0,9,4273.0,4275.0,43,4262.0,4275.0,4282.0,4270.0,291.0,12435030.0,35498
2023-05-10 21:03:39,eg2308,eg2308,4273.0,9.0,384570.0,6.0,21,4272.0,4273.0,3,4262.0,4275.0,4282.0,4270.0,300.0,12819600.0,35504
2023-05-10 21:03:40,eg2308,eg2308,4273.0,0.0,0.0,0.0,24,4272.0,4273.0,3,4262.0,4275.0,4282.0,4270.0,300.0,12819600.0,35504
2023-05-10 21:03:40,eg2308,eg2308,4273.0,0.0,0.0,0.0,21,4272.0,4273.0,3,4262.0,4275.0,4282.0,4270.0,300.0,12819600.0,35504
2023-05-10 21:03:45,eg2308,eg2308,4273.0,3.0,128190.0,-3.0,18,4272.0,4274.0,6,4262.0,4275.0,4282.0,4270.0,303.0,12947790.0,35501
2023-05-10 21:03:45,eg2308,eg2308,4273.0,0.0,0.0,0.0,12,4272.0,4274.0,6,4262.0,4275.0,4282.0,4270.0,303.0,12947790.0,35501
2023-05-10 21:03:46,eg2308,eg2308,4273.0,0.0,0.0,0.0,6,4272.0,4274.0,6,4262.0,4275.0,4282.0,4270.0,303.0,12947790.0,35501
2023-05-10 21:03:46,eg2308,eg2308,4273.0,0.0,0.0,0.0,6,4272.0,4274.0,8,4262.0,4275.0,4282.0,4270.0,303.0,12947790.0,35501
2023-05-10 21:03:47,eg2308,eg2308,4273.0,0.0,0.0,0.0,6,4272.0,4274.0,11,4262.0,4275.0,4282.0,4270.0,303.0,12947790.0,35501
2023-05-10 21:03:48,eg2308,eg2308,4273.0,0.0,0.0,0.0,27,4271.0,4273.0,6,4262.0,4275.0,4282.0,4270.0,303.0,12947790.0,35501
2023-05-10 21:03:48,eg2308,eg2308,4273.0,0.0,0.0,0.0,21,4271.0,4273.0,8,4262.0,4275.0,4282.0,4270.0,303.0,12947790.0,35501
2023-05-10 21:03:52,eg2308,eg2308,4273.0,0.0,0.0,0.0,21,4271.0,4273.0,6,4262.0,4275.0,4282.0,4270.0,303.0,12947790.0,35501
2023-05-10 21:03:52,eg2308,eg2308,4273.0,0.0,0.0,0.0,18,4271.0,4273.0,14,4262.0,4275.0,4282.0,4270.0,303.0,12947790.0,35501
2023-05-10 21:03:53,eg2308,eg2308,4273.0,0.0,0.0,0.0,3,4271.0,4273.0,26,4262.0,4275.0,4282.0,4270.0,303.0,12947790.0,35501
2023-05-10 21:03:53,eg2308,eg2308,4273.0,0.0,0.0,0.0,6,4271.0,4273.0,25,4262.0,4275.0,4282.0,4270.0,303.0,12947790.0,35501
2023-05-10 21:03:54,eg2308,eg2308,4273.0,0.0,0.0,0.0,9,4271.0,4273.0,20,4262.0,4275.0,4282.0,4270.0,303.0,12947790.0,35501
2023-05-10 21:03:54,eg2308,eg2308,4273.0,0.0,0.0,0.0,12,4271.0,4273.0,20,4262.0,4275.0,4282.0,4270.0,303.0,12947790.0,35501
2023-05-10 21:04:01,eg2308,eg2308,4273.0,0.0,0.0,0.0,12,4271.0,4273.0,17,4262.0,4275.0,4282.0,4270.0,303.0,12947790.0,35501
2023-05-10 21:04:01,eg2308,eg2308,4273.0,0.0,0.0,0.0,9,4272.0,4273.0,5,4262.0,4275.0,4282.0,4270.0,303.0,12947790.0,35501
2023-05-10 21:04:02,eg2308,eg2308,4273.0,0.0,0.0,0.0,3,4272.0,4273.0,2,4262.0,4275.0,4282.0,4270.0,303.0,12947790.0,35501
2023-05-10 21:04:02,eg2308,eg2308,4273.0,0.0,0.0,0.0,3,4272.0,4274.0,44,4262.0,4275.0,4282.0,4270.0,303.0,12947790.0,35501
2023-05-10 21:04:03,eg2308,eg2308,4273.0,0.0,0.0,0.0,3,4272.0,4274.0,46,4262.0,4275.0,4282.0,4270.0,303.0,12947790.0,35501
2023-05-10 21:04:03,eg2308,eg2308,4273.0,0.0,0.0,0.0,21,4271.0,4273.0,6,4262.0,4275.0,4282.0,4270.0,303.0,12947790.0,35501
2023-05-10 21:04:04,eg2308,eg2308,4273.0,0.0,0.0,0.0,18,4271.0,4273.0,11,4262.0,4275.0,4282.0,4270.0,303.0,12947790.0,35501
2023-05-10 21:04:05,eg2308,eg2308,4273.0,0.0,0.0,0.0,3,4271.0,4273.0,20,4262.0,4275.0,4282.0,4270.0,303.0,12947790.0,35501
2023-05-10 21:04:05,eg2308,eg2308,4273.0,0.0,0.0,0.0,3,4271.0,4273.0,47,4262.0,4275.0,4282.0,4270.0,303.0,12947790.0,35501
2023-05-10 21:04:06,eg2308,eg2308,4273.0,0.0,0.0,0.0,3,4271.0,4272.0,3,4262.0,4275.0,4282.0,4270.0,303.0,12947790.0,35501
2023-05-10 21:04:06,eg2308,eg2308,4273.0,0.0,0.0,0.0,3,4271.0,4272.0,21,4262.0,4275.0,4282.0,4270.0,303.0,12947790.0,35501
2023-05-10 21:04:07,eg2308,eg2308,4273.0,0.0,0.0,0.0,3,4271.0,4272.0,27,4262.0,4275.0,4282.0,4270.0,303.0,12947790.0,35501
2023-05-10 21:04:08,eg2308,eg2308,4271.0,4.0,170840.0,-4.0,18,4270.0,4271.0,3,4262.0,4275.0,4282.0,4270.0,307.0,13118630.0,35497
2023-05-10 21:04:08,eg2308,eg2308,4271.0,0.0,0.0,0.0,21,4270.0,4271.0,3,4262.0,4275.0,4282.0,4270.0,307.0,13118630.0,35497
2023-05-10 21:04:09,eg2308,eg2308,4271.0,0.0,0.0,0.0,18,4270.0,4271.0,3,4262.0,4275.0,4282.0,4270.0,307.0,13118630.0,35497
2023-05-10 21:04:10,eg2308,eg2308,4271.0,0.0,0.0,0.0,9,4270.0,4271.0,3,4262.0,4275.0,4282.0,4270.0,307.0,13118630.0,35497
2023-05-10 21:04:10,eg2308,eg2308,4271.0,0.0,0.0,0.0,6,4270.0,4271.0,3,4262.0,4275.0,4282.0,4270.0,307.0,13118630.0,35497
2023-05-10 21:04:11,eg2308,eg2308,4271.0,3.0,128130.0,0.0,3,4271.0,4272.0,18,4262.0,4275.0,4282.0,4270.0,310.0,13246760.0,35497
2023-05-10 21:04:12,eg2308,eg2308,4271.0,0.0,0.0,0.0,9,4271.0,4273.0,19,4262.0,4275.0,4282.0,4270.0,310.0,13246760.0,35497
2023-05-10 21:04:12,eg2308,eg2308,4271.0,0.0,0.0,0.0,9,4271.0,4273.0,14,4262.0,4275.0,4282.0,4270.0,310.0,13246760.0,35497
2023-05-10 21:04:12,eg2308,eg2308,4271.0,0.0,0.0,0.0,9,4271.0,4273.0,11,4262.0,4275.0,4282.0,4270.0,310.0,13246760.0,35497
2023-05-10 21:04:14,eg2308,eg2308,4271.0,0.0,0.0,0.0,12,4271.0,4273.0,11,4262.0,4275.0,4282.0,4270.0,310.0,13246760.0,35497
2023-05-10 21:04:15,eg2308,eg2308,4271.0,0.0,0.0,0.0,9,4271.0,4273.0,11,4262.0,4275.0,4282.0,4270.0,310.0,13246760.0,35497
2023-05-10 21:04:16,eg2308,eg2308,4271.0,0.0,0.0,0.0,6,4271.0,4273.0,14,4262.0,4275.0,4282.0,4270.0,310.0,13246760.0,35497
2023-05-10 21:04:17,eg2308,eg2308,4271.0,0.0,0.0,0.0,9,4271.0,4273.0,11,4262.0,4275.0,4282.0,4270.0,310.0,13246760.0,35497
2023-05-10 21:04:18,eg2308,eg2308,4271.0,0.0,0.0,0.0,12,4271.0,4273.0,32,4262.0,4275.0,4282.0,4270.0,310.0,13246760.0,35497
2023-05-10 21:04:18,eg2308,eg2308,4271.0,0.0,0.0,0.0,12,4271.0,4273.0,17,4262.0,4275.0,4282.0,4270.0,310.0,13246760.0,35497
2023-05-10 21:04:19,eg2308,eg2308,4271.0,0.0,0.0,0.0,12,4271.0,4273.0,11,4262.0,4275.0,4282.0,4270.0,310.0,13246760.0,35497
2023-05-10 21:04:22,eg2308,eg2308,4271.0,0.0,0.0,0.0,3,4271.0,4273.0,20,4262.0,4275.0,4282.0,4270.0,310.0,13246760.0,35497
2023-05-10 21:04:22,eg2308,eg2308,4271.0,0.0,0.0,0.0,3,4271.0,4272.0,5,4262.0,4275.0,4282.0,4270.0,310.0,13246760.0,35497
2023-05-10 21:04:25,eg2308,eg2308,4271.0,3.0,128130.0,2.0,21,4270.0,4271.0,3,4262.0,4275.0,4282.0,4270.0,313.0,13374890.0,35499
2023-05-10 21:04:26,eg2308,eg2308,4271.0,0.0,0.0,0.0,18,4270.0,4271.0,3,4262.0,4275.0,4282.0,4270.0,313.0,13374890.0,35499
2023-05-10 21:04:26,eg2308,eg2308,4271.0,0.0,0.0,0.0,12,4270.0,4271.0,3,4262.0,4275.0,4282.0,4270.0,313.0,13374890.0,35499
2023-05-10 21:04:27,eg2308,eg2308,4271.0,0.0,0.0,0.0,9,4270.0,4271.0,3,4262.0,4275.0,4282.0,4270.0,313.0,13374890.0,35499
2023-05-10 21:04:29,eg2308,eg2308,4271.0,0.0,0.0,0.0,6,4270.0,4271.0,3,4262.0,4275.0,4282.0,4270.0,313.0,13374890.0,35499
2023-05-10 21:04:29,eg2308,eg2308,4270.0,3.0,128100.0,0.0,32,4269.0,4271.0,3,4262.0,4275.0,4282.0,4270.0,316.0,13502990.0,35499
2023-05-10 21:04:30,eg2308,eg2308,4270.0,0.0,0.0,0.0,6,4269.0,4271.0,28,4262.0,4275.0,4282.0,4270.0,316.0,13502990.0,35499
2023-05-10 21:04:30,eg2308,eg2308,4270.0,0.0,0.0,0.0,3,4269.0,4271.0,31,4262.0,4275.0,4282.0,4270.0,316.0,13502990.0,35499
2023-05-10 21:04:31,eg2308,eg2308,4270.0,0.0,0.0,0.0,3,4269.0,4271.0,32,4262.0,4275.0,4282.0,4270.0,316.0,13502990.0,35499
2023-05-10 21:04:31,eg2308,eg2308,4270.0,0.0,0.0,0.0,3,4269.0,4271.0,30,4262.0,4275.0,4282.0,4270.0,316.0,13502990.0,35499
2023-05-10 21:04:32,eg2308,eg2308,4270.0,0.0,0.0,0.0,58,4268.0,4271.0,30,4262.0,4275.0,4282.0,4270.0,316.0,13502990.0,35499
2023-05-10 21:04:32,eg2308,eg2308,4270.0,0.0,0.0,0.0,56,4268.0,4271.0,30,4262.0,4275.0,4282.0,4270.0,316.0,13502990.0,35499
2023-05-10 21:04:33,eg2308,eg2308,4270.0,0.0,0.0,0.0,32,4268.0,4271.0,30,4262.0,4275.0,4282.0,4270.0,316.0,13502990.0,35499
2023-05-10 21:04:33,eg2308,eg2308,4270.0,0.0,0.0,0.0,6,4268.0,4270.0,17,4262.0,4275.0,4282.0,4270.0,316.0,13502990.0,35499
2023-05-10 21:04:34,eg2308,eg2308,4270.0,0.0,0.0,0.0,44,4267.0,4270.0,28,4262.0,4275.0,4282.0,4270.0,316.0,13502990.0,35499
2023-05-10 21:04:34,eg2308,eg2308,4270.0,0.0,0.0,0.0,47,4267.0,4270.0,31,4262.0,4275.0,4282.0,4270.0,316.0,13502990.0,35499
2023-05-10 21:04:36,eg2308,eg2308,4270.0,0.0,0.0,0.0,35,4267.0,4270.0,31,4262.0,4275.0,4282.0,4270.0,316.0,13502990.0,35499
2023-05-10 21:04:38,eg2308,eg2308,4270.0,0.0,0.0,0.0,26,4267.0,4269.0,3,4262.0,4275.0,4282.0,4270.0,316.0,13502990.0,35499
2023-05-10 21:04:38,eg2308,eg2308,4270.0,0.0,0.0,0.0,29,4267.0,4269.0,3,4262.0,4275.0,4282.0,4270.0,316.0,13502990.0,35499
2023-05-10 21:04:38,eg2308,eg2308,4270.0,0.0,0.0,0.0,32,4267.0,4269.0,3,4262.0,4275.0,4282.0,4270.0,316.0,13502990.0,35499
2023-05-10 21:04:40,eg2308,eg2308,4270.0,0.0,0.0,0.0,31,4267.0,4269.0,3,4262.0,4275.0,4282.0,4270.0,316.0,13502990.0,35499
2023-05-10 21:04:41,eg2308,eg2308,4270.0,0.0,0.0,0.0,32,4267.0,4269.0,3,4262.0,4275.0,4282.0,4270.0,316.0,13502990.0,35499
2023-05-10 21:04:43,eg2308,eg2308,4270.0,0.0,0.0,0.0,31,4267.0,4269.0,3,4262.0,4275.0,4282.0,4270.0,316.0,13502990.0,35499
2023-05-10 21:04:43,eg2308,eg2308,4270.0,0.0,0.0,0.0,31,4267.0,4270.0,34,4262.0,4275.0,4282.0,4270.0,316.0,13502990.0,35499
2023-05-10 21:04:44,eg2308,eg2308,4270.0,0.0,0.0,0.0,8,4268.0,4270.0,29,4262.0,4275.0,4282.0,4270.0,316.0,13502990.0,35499
2023-05-10 21:04:44,eg2308,eg2308,4270.0,0.0,0.0,0.0,6,4268.0,4270.0,18,4262.0,4275.0,4282.0,4270.0,316.0,13502990.0,35499
2023-05-10 21:04:45,eg2308,eg2308,4270.0,0.0,0.0,0.0,52,4267.0,4270.0,23,4262.0,4275.0,4282.0,4270.0,316.0,13502990.0,35499
2023-05-10 21:04:45,eg2308,eg2308,4270.0,0.0,0.0,0.0,6,4268.0,4270.0,20,4262.0,4275.0,4282.0,4270.0,316.0,13502990.0,35499
2023-05-10 21:04:46,eg2308,eg2308,4270.0,0.0,0.0,0.0,55,4267.0,4270.0,29,4262.0,4275.0,4282.0,4270.0,316.0,13502990.0,35499
2023-05-10 21:04:47,eg2308,eg2308,4270.0,0.0,0.0,0.0,6,4268.0,4270.0,20,4262.0,4275.0,4282.0,4270.0,316.0,13502990.0,35499
2023-05-10 21:04:47,eg2308,eg2308,4270.0,0.0,0.0,0.0,52,4267.0,4270.0,26,4262.0,4275.0,4282.0,4270.0,316.0,13502990.0,35499
2023-05-10 21:04:48,eg2308,eg2308,4270.0,0.0,0.0,0.0,54,4267.0,4270.0,26,4262.0,4275.0,4282.0,4270.0,316.0,13502990.0,35499
2023-05-10 21:04:48,eg2308,eg2308,4270.0,0.0,0.0,0.0,6,4268.0,4270.0,20,4262.0,4275.0,4282.0,4270.0,316.0,13502990.0,35499
2023-05-10 21:04:49,eg2308,eg2308,4270.0,0.0,0.0,0.0,51,4267.0,4270.0,26,4262.0,4275.0,4282.0,4270.0,316.0,13502990.0,35499
2023-05-10 21:04:49,eg2308,eg2308,4270.0,0.0,0.0,0.0,50,4267.0,4270.0,29,4262.0,4275.0,4282.0,4270.0,316.0,13502990.0,35499
2023-05-10 21:04:50,eg2308,eg2308,4270.0,0.0,0.0,0.0,47,4267.0,4269.0,3,4262.0,4275.0,4282.0,4270.0,316.0,13502990.0,35499
2023-05-10 21:04:50,eg2308,eg2308,4270.0,0.0,0.0,0.0,35,4267.0,4269.0,5,4262.0,4275.0,4282.0,4270.0,316.0,13502990.0,35499
2023-05-10 21:04:51,eg2308,eg2308,4270.0,0.0,0.0,0.0,33,4267.0,4269.0,3,4262.0,4275.0,4282.0,4270.0,316.0,13502990.0,35499
2023-05-10 21:04:53,eg2308,eg2308,4270.0,0.0,0.0,0.0,47,4267.0,4269.0,3,4262.0,4275.0,4282.0,4270.0,316.0,13502990.0,35499
2023-05-10 21:04:54,eg2308,eg2308,4269.0,3.0,128070.0,0.0,14,4268.0,4270.0,8,4262.0,4275.0,4282.0,4269.0,319.0,13631060.0,35499
2023-05-10 21:04:54,eg2308,eg2308,4269.0,0.0,0.0,0.0,14,4268.0,4270.0,5,4262.0,4275.0,4282.0,4269.0,319.0,13631060.0,35499
2023-05-10 21:04:55,eg2308,eg2308,4269.0,0.0,0.0,0.0,12,4268.0,4270.0,5,4262.0,4275.0,4282.0,4269.0,319.0,13631060.0,35499
2023-05-10 21:04:56,eg2308,eg2308,4269.0,0.0,0.0,0.0,12,4268.0,4270.0,3,4262.0,4275.0,4282.0,4269.0,319.0,13631060.0,35499
2023-05-10 21:04:57,eg2308,eg2308,4269.0,0.0,0.0,0.0,12,4268.0,4270.0,5,4262.0,4275.0,4282.0,4269.0,319.0,13631060.0,35499
2023-05-10 21:05:00,eg2308,eg2308,4269.0,0.0,0.0,0.0,10,4269.0,4271.0,18,4262.0,4275.0,4282.0,4269.0,319.0,13631060.0,35499
2023-05-10 21:05:00,eg2308,eg2308,4269.0,0.0,0.0,0.0,11,4269.0,4271.0,20,4262.0,4275.0,4282.0,4269.0,319.0,13631060.0,35499
2023-05-10 21:05:01,eg2308,eg2308,4269.0,0.0,0.0,0.0,8,4269.0,4271.0,20,4262.0,4275.0,4282.0,4269.0,319.0,13631060.0,35499
2023-05-10 21:05:02,eg2308,eg2308,4269.0,0.0,0.0,0.0,7,4269.0,4271.0,22,4262.0,4275.0,4282.0,4269.0,319.0,13631060.0,35499
2023-05-10 21:05:02,eg2308,eg2308,4269.0,0.0,0.0,0.0,8,4269.0,4271.0,22,4262.0,4275.0,4282.0,4269.0,319.0,13631060.0,35499
2023-05-10 21:05:03,eg2308,eg2308,4271.0,14.0,597940.0,-2.0,3,4271.0,4272.0,18,4262.0,4275.0,4282.0,4269.0,333.0,14229000.0,35497
2023-05-10 21:05:04,eg2308,eg2308,4271.0,3.0,128130.0,0.0,23,4269.0,4272.0,27,4262.0,4275.0,4282.0,4269.0,336.0,14357130.0,35497
2023-05-10 21:05:04,eg2308,eg2308,4271.0,0.0,0.0,0.0,28,4269.0,4271.0,3,4262.0,4275.0,4282.0,4269.0,336.0,14357130.0,35497
2023-05-10 21:05:05,eg2308,eg2308,4271.0,3.0,128130.0,3.0,3,4271.0,4272.0,12,4262.0,4275.0,4282.0,4269.0,339.0,14485260.0,35500
2023-05-10 21:05:05,eg2308,eg2308,4271.0,0.0,0.0,0.0,3,4271.0,4272.0,9,4262.0,4275.0,4282.0,4269.0,339.0,14485260.0,35500
2023-05-10 21:05:06,eg2308,eg2308,4271.0,3.0,128130.0,0.0,26,4269.0,4272.0,18,4262.0,4275.0,4282.0,4269.0,342.0,14613390.0,35500
2023-05-10 21:05:07,eg2308,eg2308,4271.0,0.0,0.0,0.0,38,4269.0,4272.0,21,4262.0,4275.0,4282.0,4269.0,342.0,14613390.0,35500
2023-05-10 21:05:08,eg2308,eg2308,4271.0,0.0,0.0,0.0,11,4270.0,4272.0,12,4262.0,4275.0,4282.0,4269.0,342.0,14613390.0,35500
2023-05-10 21:05:08,eg2308,eg2308,4271.0,0.0,0.0,0.0,31,4269.0,4271.0,3,4262.0,4275.0,4282.0,4269.0,342.0,14613390.0,35500
2023-05-10 21:05:09,eg2308,eg2308,4271.0,0.0,0.0,0.0,38,4269.0,4272.0,24,4262.0,4275.0,4282.0,4269.0,342.0,14613390.0,35500
2023-05-10 21:05:09,eg2308,eg2308,4271.0,0.0,0.0,0.0,38,4269.0,4272.0,21,4262.0,4275.0,4282.0,4269.0,342.0,14613390.0,35500
2023-05-10 21:05:10,eg2308,eg2308,4271.0,0.0,0.0,0.0,41,4269.0,4272.0,24,4262.0,4275.0,4282.0,4269.0,342.0,14613390.0,35500
2023-05-10 21:05:10,eg2308,eg2308,4271.0,0.0,0.0,0.0,26,4269.0,4271.0,7,4262.0,4275.0,4282.0,4269.0,342.0,14613390.0,35500
2023-05-10 21:05:11,eg2308,eg2308,4271.0,0.0,0.0,0.0,11,4269.0,4271.0,15,4262.0,4275.0,4282.0,4269.0,342.0,14613390.0,35500
2023-05-10 21:05:11,eg2308,eg2308,4271.0,0.0,0.0,0.0,8,4269.0,4271.0,24,4262.0,4275.0,4282.0,4269.0,342.0,14613390.0,35500
2023-05-10 21:05:12,eg2308,eg2308,4271.0,0.0,0.0,0.0,8,4269.0,4271.0,27,4262.0,4275.0,4282.0,4269.0,342.0,14613390.0,35500
2023-05-10 21:05:12,eg2308,eg2308,4271.0,0.0,0.0,0.0,31,4268.0,4271.0,30,4262.0,4275.0,4282.0,4269.0,342.0,14613390.0,35500
2023-05-10 21:05:13,eg2308,eg2308,4271.0,0.0,0.0,0.0,15,4268.0,4270.0,16,4262.0,4275.0,4282.0,4269.0,342.0,14613390.0,35500
2023-05-10 21:05:13,eg2308,eg2308,4271.0,0.0,0.0,0.0,3,4268.0,4270.0,24,4262.0,4275.0,4282.0,4269.0,342.0,14613390.0,35500
2023-05-10 21:05:14,eg2308,eg2308,4268.0,3.0,128040.0,1.0,24,4267.0,4269.0,3,4262.0,4275.0,4282.0,4268.0,345.0,14741430.0,35501
2023-05-10 21:05:14,eg2308,eg2308,4268.0,0.0,0.0,0.0,13,4267.0,4269.0,11,4262.0,4275.0,4282.0,4268.0,345.0,14741430.0,35501
2023-05-10 21:05:15,eg2308,eg2308,4268.0,0.0,0.0,0.0,5,4267.0,4269.0,14,4262.0,4275.0,4282.0,4268.0,345.0,14741430.0,35501
2023-05-10 21:05:15,eg2308,eg2308,4268.0,0.0,0.0,0.0,28,4266.0,4269.0,17,4262.0,4275.0,4282.0,4268.0,345.0,14741430.0,35501
2023-05-10 21:05:16,eg2308,eg2308,4268.0,0.0,0.0,0.0,17,4266.0,4268.0,9,4262.0,4275.0,4282.0,4268.0,345.0,14741430.0,35501
2023-05-10 21:05:16,eg2308,eg2308,4268.0,0.0,0.0,0.0,16,4266.0,4268.0,14,4262.0,4275.0,4282.0,4268.0,345.0,14741430.0,35501
2023-05-10 21:05:17,eg2308,eg2308,4268.0,0.0,0.0,0.0,10,4266.0,4268.0,14,4262.0,4275.0,4282.0,4268.0,345.0,14741430.0,35501
2023-05-10 21:05:17,eg2308,eg2308,4268.0,0.0,0.0,0.0,8,4266.0,4268.0,18,4262.0,4275.0,4282.0,4268.0,345.0,14741430.0,35501
2023-05-10 21:05:18,eg2308,eg2308,4268.0,0.0,0.0,0.0,8,4266.0,4268.0,12,4262.0,4275.0,4282.0,4268.0,345.0,14741430.0,35501
2023-05-10 21:05:18,eg2308,eg2308,4268.0,2.0,85360.0,0.0,9,4267.0,4268.0,3,4262.0,4275.0,4282.0,4268.0,347.0,14826790.0,35501
2023-05-10 21:05:19,eg2308,eg2308,4268.0,0.0,0.0,0.0,5,4267.0,4268.0,3,4262.0,4275.0,4282.0,4268.0,347.0,14826790.0,35501
2023-05-10 21:05:20,eg2308,eg2308,4268.0,0.0,0.0,0.0,3,4267.0,4268.0,3,4262.0,4275.0,4282.0,4268.0,347.0,14826790.0,35501
2023-05-10 21:05:21,eg2308,eg2308,4268.0,0.0,0.0,0.0,8,4267.0,4269.0,26,4262.0,4275.0,4282.0,4268.0,347.0,14826790.0,35501
2023-05-10 21:05:21,eg2308,eg2308,4268.0,0.0,0.0,0.0,6,4267.0,4269.0,22,4262.0,4275.0,4282.0,4268.0,347.0,14826790.0,35501
2023-05-10 21:05:22,eg2308,eg2308,4268.0,0.0,0.0,0.0,3,4267.0,4269.0,26,4262.0,4275.0,4282.0,4268.0,347.0,14826790.0,35501
2023-05-10 21:05:22,eg2308,eg2308,4268.0,0.0,0.0,0.0,3,4267.0,4269.0,24,4262.0,4275.0,4282.0,4268.0,347.0,14826790.0,35501
2023-05-10 21:05:23,eg2308,eg2308,4268.0,0.0,0.0,0.0,24,4266.0,4268.0,8,4262.0,4275.0,4282.0,4268.0,347.0,14826790.0,35501
2023-05-10 21:05:23,eg2308,eg2308,4268.0,0.0,0.0,0.0,14,4266.0,4268.0,13,4262.0,4275.0,4282.0,4268.0,347.0,14826790.0,35501
2023-05-10 21:05:24,eg2308,eg2308,4268.0,0.0,0.0,0.0,11,4266.0,4268.0,13,4262.0,4275.0,4282.0,4268.0,347.0,14826790.0,35501
2023-05-10 21:05:24,eg2308,eg2308,4268.0,0.0,0.0,0.0,77,4265.0,4267.0,3,4262.0,4275.0,4282.0,4268.0,347.0,14826790.0,35501
2023-05-10 21:05:25,eg2308,eg2308,4268.0,0.0,0.0,0.0,76,4265.0,4268.0,31,4262.0,4275.0,4282.0,4268.0,347.0,14826790.0,35501
2023-05-10 21:05:25,eg2308,eg2308,4268.0,0.0,0.0,0.0,81,4265.0,4268.0,32,4262.0,4275.0,4282.0,4268.0,347.0,14826790.0,35501
2023-05-10 21:05:26,eg2308,eg2308,4268.0,0.0,0.0,0.0,84,4265.0,4268.0,32,4262.0,4275.0,4282.0,4268.0,347.0,14826790.0,35501
2023-05-10 21:05:26,eg2308,eg2308,4268.0,0.0,0.0,0.0,87,4265.0,4268.0,32,4262.0,4275.0,4282.0,4268.0,347.0,14826790.0,35501
2023-05-10 21:05:27,eg2308,eg2308,4268.0,0.0,0.0,0.0,11,4266.0,4268.0,19,4262.0,4275.0,4282.0,4268.0,347.0,14826790.0,35501
2023-05-10 21:05:27,eg2308,eg2308,4268.0,0.0,0.0,0.0,25,4266.0,4268.0,13,4262.0,4275.0,4282.0,4268.0,347.0,14826790.0,35501
2023-05-10 21:05:27,eg2308,eg2308,4268.0,0.0,0.0,0.0,23,4266.0,4268.0,10,4262.0,4275.0,4282.0,4268.0,347.0,14826790.0,35501
2023-05-10 21:05:30,eg2308,eg2308,4268.0,0.0,0.0,0.0,20,4266.0,4268.0,10,4262.0,4275.0,4282.0,4268.0,347.0,14826790.0,35501
2023-05-10 21:05:31,eg2308,eg2308,4268.0,0.0,0.0,0.0,14,4266.0,4268.0,19,4262.0,4275.0,4282.0,4268.0,347.0,14826790.0,35501
2023-05-10 21:05:32,eg2308,eg2308,4268.0,0.0,0.0,0.0,6,4266.0,4268.0,27,4262.0,4275.0,4282.0,4268.0,347.0,14826790.0,35501
2023-05-10 21:05:32,eg2308,eg2308,4268.0,0.0,0.0,0.0,72,4265.0,4268.0,35,4262.0,4275.0,4282.0,4268.0,347.0,14826790.0,35501
2023-05-10 21:05:33,eg2308,eg2308,4268.0,0.0,0.0,0.0,29,4265.0,4268.0,35,4262.0,4275.0,4282.0,4268.0,347.0,14826790.0,35501
2023-05-10 21:05:33,eg2308,eg2308,4268.0,0.0,0.0,0.0,23,4265.0,4268.0,40,4262.0,4275.0,4282.0,4268.0,347.0,14826790.0,35501
2023-05-10 21:05:34,eg2308,eg2308,4268.0,0.0,0.0,0.0,29,4265.0,4268.0,40,4262.0,4275.0,4282.0,4268.0,347.0,14826790.0,35501
2023-05-10 21:05:35,eg2308,eg2308,4268.0,0.0,0.0,0.0,26,4265.0,4267.0,5,4262.0,4275.0,4282.0,4268.0,347.0,14826790.0,35501
2023-05-10 21:05:35,eg2308,eg2308,4268.0,0.0,0.0,0.0,11,4265.0,4267.0,16,4262.0,4275.0,4282.0,4268.0,347.0,14826790.0,35501
2023-05-10 21:05:36,eg2308,eg2308,4268.0,0.0,0.0,0.0,58,4264.0,4267.0,22,4262.0,4275.0,4282.0,4268.0,347.0,14826790.0,35501
2023-05-10 21:05:36,eg2308,eg2308,4268.0,0.0,0.0,0.0,41,4264.0,4267.0,30,4262.0,4275.0,4282.0,4268.0,347.0,14826790.0,35501
2023-05-10 21:05:37,eg2308,eg2308,4268.0,0.0,0.0,0.0,11,4265.0,4267.0,16,4262.0,4275.0,4282.0,4268.0,347.0,14826790.0,35501
2023-05-10 21:05:37,eg2308,eg2308,4268.0,0.0,0.0,0.0,16,4265.0,4267.0,5,4262.0,4275.0,4282.0,4268.0,347.0,14826790.0,35501
2023-05-10 21:05:38,eg2308,eg2308,4268.0,0.0,0.0,0.0,25,4265.0,4267.0,5,4262.0,4275.0,4282.0,4268.0,347.0,14826790.0,35501
2023-05-10 21:05:38,eg2308,eg2308,4268.0,0.0,0.0,0.0,28,4265.0,4267.0,5,4262.0,4275.0,4282.0,4268.0,347.0,14826790.0,35501
2023-05-10 21:05:39,eg2308,eg2308,4268.0,0.0,0.0,0.0,23,4265.0,4267.0,5,4262.0,4275.0,4282.0,4268.0,347.0,14826790.0,35501
2023-05-10 21:05:39,eg2308,eg2308,4268.0,0.0,0.0,0.0,29,4265.0,4268.0,37,4262.0,4275.0,4282.0,4268.0,347.0,14826790.0,35501
2023-05-10 21:05:39,eg2308,eg2308,4268.0,0.0,0.0,0.0,29,4265.0,4268.0,40,4262.0,4275.0,4282.0,4268.0,347.0,14826790.0,35501
2023-05-10 21:05:41,eg2308,eg2308,4267.0,2.0,85340.0,2.0,11,4266.0,4268.0,18,4262.0,4275.0,4282.0,4267.0,349.0,14912130.0,35503
2023-05-10 21:05:42,eg2308,eg2308,4267.0,0.0,0.0,0.0,16,4266.0,4268.0,3,4262.0,4275.0,4282.0,4267.0,349.0,14912130.0,35503
2023-05-10 21:05:42,eg2308,eg2308,4267.0,0.0,0.0,0.0,10,4267.0,4269.0,33,4262.0,4275.0,4282.0,4267.0,349.0,14912130.0,35503
2023-05-10 21:05:42,eg2308,eg2308,4267.0,0.0,0.0,0.0,11,4267.0,4269.0,27,4262.0,4275.0,4282.0,4267.0,349.0,14912130.0,35503
2023-05-10 21:05:43,eg2308,eg2308,4267.0,0.0,0.0,0.0,10,4267.0,4269.0,30,4262.0,4275.0,4282.0,4267.0,349.0,14912130.0,35503
2023-05-10 21:05:44,eg2308,eg2308,4267.0,0.0,0.0,0.0,8,4267.0,4269.0,23,4262.0,4275.0,4282.0,4267.0,349.0,14912130.0,35503
2023-05-10 21:05:44,eg2308,eg2308,4268.0,13.0,554840.0,0.0,12,4267.0,4269.0,32,4262.0,4275.0,4282.0,4267.0,362.0,15466970.0,35503
2023-05-10 21:05:45,eg2308,eg2308,4268.0,0.0,0.0,0.0,18,4266.0,4268.0,3,4262.0,4275.0,4282.0,4267.0,362.0,15466970.0,35503
2023-05-10 21:05:45,eg2308,eg2308,4268.0,0.0,0.0,0.0,14,4266.0,4268.0,5,4262.0,4275.0,4282.0,4267.0,362.0,15466970.0,35503
2023-05-10 21:05:46,eg2308,eg2308,4268.0,0.0,0.0,0.0,11,4266.0,4268.0,3,4262.0,4275.0,4282.0,4267.0,362.0,15466970.0,35503
2023-05-10 21:05:46,eg2308,eg2308,4268.0,0.0,0.0,0.0,11,4267.0,4269.0,19,4262.0,4275.0,4282.0,4267.0,362.0,15466970.0,35503
2023-05-10 21:05:47,eg2308,eg2308,4268.0,0.0,0.0,0.0,8,4267.0,4269.0,19,4262.0,4275.0,4282.0,4267.0,362.0,15466970.0,35503
2023-05-10 21:05:47,eg2308,eg2308,4268.0,0.0,0.0,0.0,11,4267.0,4269.0,17,4262.0,4275.0,4282.0,4267.0,362.0,15466970.0,35503
2023-05-10 21:05:50,eg2308,eg2308,4267.0,2.0,85340.0,1.0,5,4267.0,4268.0,1,4262.0,4275.0,4282.0,4267.0,364.0,15552310.0,35504
2023-05-10 21:05:51,eg2308,eg2308,4267.0,0.0,0.0,0.0,8,4267.0,4268.0,1,4262.0,4275.0,4282.0,4267.0,364.0,15552310.0,35504
2023-05-10 21:05:55,eg2308,eg2308,4268.0,1.0,42680.0,0.0,6,4267.0,4269.0,19,4262.0,4275.0,4282.0,4267.0,365.0,15594990.0,35504
2023-05-10 21:05:55,eg2308,eg2308,4268.0,0.0,0.0,0.0,4,4268.0,4270.0,33,4262.0,4275.0,4282.0,4267.0,365.0,15594990.0,35504
2023-05-10 21:05:56,eg2308,eg2308,4268.0,0.0,0.0,0.0,33,4267.0,4270.0,31,4262.0,4275.0,4282.0,4267.0,365.0,15594990.0,35504
2023-05-10 21:05:56,eg2308,eg2308,4268.0,0.0,0.0,0.0,28,4267.0,4270.0,38,4262.0,4275.0,4282.0,4267.0,365.0,15594990.0,35504
2023-05-10 21:05:57,eg2308,eg2308,4268.0,0.0,0.0,0.0,28,4267.0,4270.0,35,4262.0,4275.0,4282.0,4267.0,365.0,15594990.0,35504
2023-05-10 21:05:57,eg2308,eg2308,4267.0,1.0,42670.0,0.0,58,4266.0,4269.0,40,4262.0,4275.0,4282.0,4267.0,366.0,15637660.0,35504
2023-05-10 21:05:58,eg2308,eg2308,4267.0,0.0,0.0,0.0,45,4266.0,4268.0,12,4262.0,4275.0,4282.0,4267.0,366.0,15637660.0,35504
2023-05-10 21:05:58,eg2308,eg2308,4267.0,0.0,0.0,0.0,47,4266.0,4269.0,30,4262.0,4275.0,4282.0,4267.0,366.0,15637660.0,35504
2023-05-10 21:05:59,eg2308,eg2308,4267.0,0.0,0.0,0.0,51,4266.0,4269.0,23,4262.0,4275.0,4282.0,4267.0,366.0,15637660.0,35504
2023-05-10 21:05:59,eg2308,eg2308,4267.0,0.0,0.0,0.0,8,4267.0,4269.0,19,4262.0,4275.0,4282.0,4267.0,366.0,15637660.0,35504
2023-05-10 21:06:00,eg2308,eg2308,4267.0,0.0,0.0,0.0,3,4267.0,4269.0,22,4262.0,4275.0,4282.0,4267.0,366.0,15637660.0,35504
2023-05-10 21:06:00,eg2308,eg2308,4267.0,0.0,0.0,0.0,12,4267.0,4269.0,16,4262.0,4275.0,4282.0,4267.0,366.0,15637660.0,35504
2023-05-10 21:06:01,eg2308,eg2308,4268.0,3.0,128040.0,0.0,9,4267.0,4269.0,24,4262.0,4275.0,4282.0,4267.0,369.0,15765700.0,35504
2023-05-10 21:06:01,eg2308,eg2308,4268.0,0.0,0.0,0.0,12,4267.0,4269.0,8,4262.0,4275.0,4282.0,4267.0,369.0,15765700.0,35504
2023-05-10 21:06:01,eg2308,eg2308,4268.0,0.0,0.0,0.0,13,4267.0,4269.0,10,4262.0,4275.0,4282.0,4267.0,369.0,15765700.0,35504
2023-05-10 21:06:02,eg2308,eg2308,4269.0,8.0,341520.0,-3.0,21,4267.0,4270.0,35,4262.0,4275.0,4282.0,4267.0,377.0,16107220.0,35501
2023-05-10 21:06:03,eg2308,eg2308,4269.0,0.0,0.0,0.0,27,4267.0,4270.0,27,4262.0,4275.0,4282.0,4267.0,377.0,16107220.0,35501
2023-05-10 21:06:04,eg2308,eg2308,4271.0,20.0,854030.0,1.0,8,4270.0,4271.0,5,4262.0,4275.0,4282.0,4267.0,397.0,16961250.0,35502
2023-05-10 21:06:06,eg2308,eg2308,4271.0,0.0,0.0,0.0,6,4270.0,4272.0,33,4262.0,4275.0,4282.0,4267.0,397.0,16961250.0,35502
2023-05-10 21:06:06,eg2308,eg2308,4271.0,0.0,0.0,0.0,11,4271.0,4273.0,42,4262.0,4275.0,4282.0,4267.0,397.0,16961250.0,35502
2023-05-10 21:06:07,eg2308,eg2308,4271.0,0.0,0.0,0.0,6,4272.0,4273.0,5,4262.0,4275.0,4282.0,4267.0,397.0,16961250.0,35502
2023-05-10 21:06:08,eg2308,eg2308,4271.0,0.0,0.0,0.0,6,4272.0,4273.0,2,4262.0,4275.0,4282.0,4267.0,397.0,16961250.0,35502
2023-05-10 21:06:09,eg2308,eg2308,4271.0,0.0,0.0,0.0,22,4272.0,4274.0,17,4262.0,4275.0,4282.0,4267.0,397.0,16961250.0,35502
2023-05-10 21:06:09,eg2308,eg2308,4273.0,3.0,128190.0,3.0,17,4272.0,4274.0,25,4262.0,4275.0,4282.0,4267.0,400.0,17089440.0,35505
2023-05-10 21:06:09,eg2308,eg2308,4273.0,0.0,0.0,0.0,13,4272.0,4274.0,35,4262.0,4275.0,4282.0,4267.0,400.0,17089440.0,35505
2023-05-10 21:06:10,eg2308,eg2308,4273.0,0.0,0.0,0.0,17,4272.0,4274.0,18,4262.0,4275.0,4282.0,4267.0,400.0,17089440.0,35505
2023-05-10 21:06:11,eg2308,eg2308,4273.0,0.0,0.0,0.0,20,4272.0,4274.0,10,4262.0,4275.0,4282.0,4267.0,400.0,17089440.0,35505
2023-05-10 21:06:11,eg2308,eg2308,4273.0,0.0,0.0,0.0,5,4273.0,4274.0,4,4262.0,4275.0,4282.0,4267.0,400.0,17089440.0,35505
2023-05-10 21:06:12,eg2308,eg2308,4273.0,3.0,128190.0,3.0,26,4272.0,4274.0,4,4262.0,4275.0,4282.0,4267.0,403.0,17217630.0,35508
2023-05-10 21:06:12,eg2308,eg2308,4273.0,0.0,0.0,0.0,19,4272.0,4274.0,11,4262.0,4275.0,4282.0,4267.0,403.0,17217630.0,35508
2023-05-10 21:06:13,eg2308,eg2308,4273.0,0.0,0.0,0.0,16,4272.0,4274.0,14,4262.0,4275.0,4282.0,4267.0,403.0,17217630.0,35508
2023-05-10 21:06:13,eg2308,eg2308,4273.0,0.0,0.0,0.0,13,4272.0,4274.0,25,4262.0,4275.0,4282.0,4267.0,403.0,17217630.0,35508
2023-05-10 21:06:14,eg2308,eg2308,4273.0,0.0,0.0,0.0,13,4272.0,4274.0,22,4262.0,4275.0,4282.0,4267.0,403.0,17217630.0,35508
2023-05-10 21:06:15,eg2308,eg2308,4273.0,0.0,0.0,0.0,13,4272.0,4274.0,24,4262.0,4275.0,4282.0,4267.0,403.0,17217630.0,35508
2023-05-10 21:06:15,eg2308,eg2308,4273.0,0.0,0.0,0.0,11,4272.0,4274.0,30,4262.0,4275.0,4282.0,4267.0,403.0,17217630.0,35508
2023-05-10 21:06:16,eg2308,eg2308,4272.0,6.0,256320.0,0.0,5,4272.0,4274.0,57,4262.0,4275.0,4282.0,4267.0,409.0,17473950.0,35508
2023-05-10 21:06:16,eg2308,eg2308,4272.0,0.0,0.0,0.0,5,4272.0,4274.0,48,4262.0,4275.0,4282.0,4267.0,409.0,17473950.0,35508
2023-05-10 21:06:18,eg2308,eg2308,4272.0,0.0,0.0,0.0,5,4272.0,4274.0,34,4262.0,4275.0,4282.0,4267.0,409.0,17473950.0,35508
2023-05-10 21:06:18,eg2308,eg2308,4272.0,0.0,0.0,0.0,5,4272.0,4274.0,23,4262.0,4275.0,4282.0,4267.0,409.0,17473950.0,35508
2023-05-10 21:06:19,eg2308,eg2308,4272.0,0.0,0.0,0.0,7,4272.0,4274.0,36,4262.0,4275.0,4282.0,4267.0,409.0,17473950.0,35508
2023-05-10 21:06:19,eg2308,eg2308,4272.0,5.0,213600.0,0.0,29,4271.0,4274.0,36,4262.0,4275.0,4282.0,4267.0,414.0,17687550.0,35508
2023-05-10 21:06:19,eg2308,eg2308,4272.0,0.0,0.0,0.0,29,4271.0,4274.0,39,4262.0,4275.0,4282.0,4267.0,414.0,17687550.0,35508
2023-05-10 21:06:20,eg2308,eg2308,4272.0,0.0,0.0,0.0,8,4272.0,4274.0,23,4262.0,4275.0,4282.0,4267.0,414.0,17687550.0,35508
2023-05-10 21:06:21,eg2308,eg2308,4272.0,0.0,0.0,0.0,11,4272.0,4274.0,14,4262.0,4275.0,4282.0,4267.0,414.0,17687550.0,35508
2023-05-10 21:06:21,eg2308,eg2308,4272.0,0.0,0.0,0.0,3,4272.0,4274.0,26,4262.0,4275.0,4282.0,4267.0,414.0,17687550.0,35508
2023-05-10 21:06:22,eg2308,eg2308,4272.0,0.0,0.0,0.0,3,4272.0,4274.0,31,4262.0,4275.0,4282.0,4267.0,414.0,17687550.0,35508
2023-05-10 21:06:22,eg2308,eg2308,4272.0,0.0,0.0,0.0,32,4271.0,4274.0,40,4262.0,4275.0,4282.0,4267.0,414.0,17687550.0,35508
2023-05-10 21:06:23,eg2308,eg2308,4272.0,0.0,0.0,0.0,29,4271.0,4274.0,32,4262.0,4275.0,4282.0,4267.0,414.0,17687550.0,35508
2023-05-10 21:06:23,eg2308,eg2308,4272.0,0.0,0.0,0.0,16,4272.0,4274.0,12,4262.0,4275.0,4282.0,4267.0,414.0,17687550.0,35508
2023-05-10 21:06:24,eg2308,eg2308,4272.0,0.0,0.0,0.0,26,4272.0,4274.0,6,4262.0,4275.0,4282.0,4267.0,414.0,17687550.0,35508
2023-05-10 21:06:24,eg2308,eg2308,4272.0,0.0,0.0,0.0,29,4272.0,4274.0,6,4262.0,4275.0,4282.0,4267.0,414.0,17687550.0,35508
2023-05-10 21:06:26,eg2308,eg2308,4272.0,0.0,0.0,0.0,23,4272.0,4274.0,11,4262.0,4275.0,4282.0,4267.0,414.0,17687550.0,35508
2023-05-10 21:06:26,eg2308,eg2308,4272.0,0.0,0.0,0.0,15,4272.0,4274.0,18,4262.0,4275.0,4282.0,4267.0,414.0,17687550.0,35508
2023-05-10 21:06:27,eg2308,eg2308,4272.0,0.0,0.0,0.0,6,4272.0,4274.0,27,4262.0,4275.0,4282.0,4267.0,414.0,17687550.0,35508
2023-05-10 21:06:27,eg2308,eg2308,4272.0,0.0,0.0,0.0,6,4272.0,4274.0,34,4262.0,4275.0,4282.0,4267.0,414.0,17687550.0,35508
2023-05-10 21:06:28,eg2308,eg2308,4272.0,0.0,0.0,0.0,3,4272.0,4274.0,35,4262.0,4275.0,4282.0,4267.0,414.0,17687550.0,35508
2023-05-10 21:06:29,eg2308,eg2308,4272.0,0.0,0.0,0.0,29,4271.0,4274.0,36,4262.0,4275.0,4282.0,4267.0,414.0,17687550.0,35508
2023-05-10 21:06:30,eg2308,eg2308,4272.0,0.0,0.0,0.0,29,4271.0,4274.0,38,4262.0,4275.0,4282.0,4267.0,414.0,17687550.0,35508
2023-05-10 21:06:30,eg2308,eg2308,4272.0,0.0,0.0,0.0,29,4271.0,4274.0,36,4262.0,4275.0,4282.0,4267.0,414.0,17687550.0,35508
2023-05-10 21:06:31,eg2308,eg2308,4272.0,0.0,0.0,0.0,24,4271.0,4274.0,36,4262.0,4275.0,4282.0,4267.0,414.0,17687550.0,35508
2023-05-10 21:06:31,eg2308,eg2308,4271.0,3.0,128130.0,3.0,21,4270.0,4272.0,5,4262.0,4275.0,4282.0,4267.0,417.0,17815680.0,35511
2023-05-10 21:06:31,eg2308,eg2308,4271.0,0.0,0.0,0.0,18,4270.0,4272.0,9,4262.0,4275.0,4282.0,4267.0,417.0,17815680.0,35511
2023-05-10 21:06:34,eg2308,eg2308,4271.0,0.0,0.0,0.0,21,4270.0,4272.0,9,4262.0,4275.0,4282.0,4267.0,417.0,17815680.0,35511
2023-05-10 21:06:34,eg2308,eg2308,4271.0,0.0,0.0,0.0,21,4270.0,4272.0,12,4262.0,4275.0,4282.0,4267.0,417.0,17815680.0,35511
2023-05-10 21:06:35,eg2308,eg2308,4271.0,0.0,0.0,0.0,18,4270.0,4272.0,12,4262.0,4275.0,4282.0,4267.0,417.0,17815680.0,35511
2023-05-10 21:06:36,eg2308,eg2308,4271.0,0.0,0.0,0.0,3,4270.0,4272.0,40,4262.0,4275.0,4282.0,4267.0,417.0,17815680.0,35511
2023-05-10 21:06:36,eg2308,eg2308,4271.0,0.0,0.0,0.0,26,4269.0,4271.0,5,4262.0,4275.0,4282.0,4267.0,417.0,17815680.0,35511
2023-05-10 21:06:37,eg2308,eg2308,4271.0,0.0,0.0,0.0,23,4269.0,4271.0,7,4262.0,4275.0,4282.0,4267.0,417.0,17815680.0,35511
2023-05-10 21:06:37,eg2308,eg2308,4271.0,0.0,0.0,0.0,23,4269.0,4271.0,10,4262.0,4275.0,4282.0,4267.0,417.0,17815680.0,35511
2023-05-10 21:06:38,eg2308,eg2308,4271.0,0.0,0.0,0.0,21,4269.0,4271.0,10,4262.0,4275.0,4282.0,4267.0,417.0,17815680.0,35511
2023-05-10 21:06:38,eg2308,eg2308,4271.0,0.0,0.0,0.0,23,4269.0,4271.0,10,4262.0,4275.0,4282.0,4267.0,417.0,17815680.0,35511
2023-05-10 21:06:43,eg2308,eg2308,4271.0,0.0,0.0,0.0,23,4269.0,4271.0,8,4262.0,4275.0,4282.0,4267.0,417.0,17815680.0,35511
2023-05-10 21:06:43,eg2308,eg2308,4271.0,0.0,0.0,0.0,3,4270.0,4271.0,6,4262.0,4275.0,4282.0,4267.0,417.0,17815680.0,35511
2023-05-10 21:06:44,eg2308,eg2308,4271.0,0.0,0.0,0.0,8,4270.0,4272.0,31,4262.0,4275.0,4282.0,4267.0,417.0,17815680.0,35511
2023-05-10 21:06:44,eg2308,eg2308,4271.0,0.0,0.0,0.0,8,4270.0,4272.0,22,4262.0,4275.0,4282.0,4267.0,417.0,17815680.0,35511
2023-05-10 21:06:45,eg2308,eg2308,4271.0,0.0,0.0,0.0,8,4270.0,4272.0,21,4262.0,4275.0,4282.0,4267.0,417.0,17815680.0,35511
2023-05-10 21:06:45,eg2308,eg2308,4271.0,0.0,0.0,0.0,8,4270.0,4272.0,18,4262.0,4275.0,4282.0,4267.0,417.0,17815680.0,35511
2023-05-10 21:06:45,eg2308,eg2308,4271.0,0.0,0.0,0.0,8,4270.0,4272.0,20,4262.0,4275.0,4282.0,4267.0,417.0,17815680.0,35511
2023-05-10 21:06:46,eg2308,eg2308,4271.0,0.0,0.0,0.0,8,4270.0,4272.0,21,4262.0,4275.0,4282.0,4267.0,417.0,17815680.0,35511
2023-05-10 21:06:47,eg2308,eg2308,4271.0,0.0,0.0,0.0,8,4270.0,4272.0,18,4262.0,4275.0,4282.0,4267.0,417.0,17815680.0,35511
2023-05-10 21:06:48,eg2308,eg2308,4271.0,0.0,0.0,0.0,6,4270.0,4272.0,18,4262.0,4275.0,4282.0,4267.0,417.0,17815680.0,35511
2023-05-10 21:06:48,eg2308,eg2308,4272.0,2.0,85440.0,0.0,2,4272.0,4273.0,22,4262.0,4275.0,4282.0,4267.0,419.0,17901120.0,35511
2023-05-10 21:06:49,eg2308,eg2308,4272.0,0.0,0.0,0.0,2,4272.0,4273.0,18,4262.0,4275.0,4282.0,4267.0,419.0,17901120.0,35511
2023-05-10 21:06:49,eg2308,eg2308,4272.0,0.0,0.0,0.0,2,4272.0,4273.0,21,4262.0,4275.0,4282.0,4267.0,419.0,17901120.0,35511
2023-05-10 21:06:51,eg2308,eg2308,4272.0,0.0,0.0,0.0,2,4272.0,4273.0,18,4262.0,4275.0,4282.0,4267.0,419.0,17901120.0,35511
2023-05-10 21:06:52,eg2308,eg2308,4272.0,0.0,0.0,0.0,2,4272.0,4273.0,21,4262.0,4275.0,4282.0,4267.0,419.0,17901120.0,35511
2023-05-10 21:06:54,eg2308,eg2308,4272.0,2.0,85440.0,0.0,15,4271.0,4273.0,19,4262.0,4275.0,4282.0,4267.0,421.0,17986560.0,35511
2023-05-10 21:06:54,eg2308,eg2308,4272.0,0.0,0.0,0.0,8,4271.0,4273.0,16,4262.0,4275.0,4282.0,4267.0,421.0,17986560.0,35511
2023-05-10 21:06:55,eg2308,eg2308,4272.0,0.0,0.0,0.0,6,4271.0,4273.0,18,4262.0,4275.0,4282.0,4267.0,421.0,17986560.0,35511
2023-05-10 21:06:55,eg2308,eg2308,4272.0,0.0,0.0,0.0,6,4271.0,4273.0,21,4262.0,4275.0,4282.0,4267.0,421.0,17986560.0,35511
2023-05-10 21:06:56,eg2308,eg2308,4272.0,0.0,0.0,0.0,29,4270.0,4273.0,42,4262.0,4275.0,4282.0,4267.0,421.0,17986560.0,35511
2023-05-10 21:06:57,eg2308,eg2308,4272.0,0.0,0.0,0.0,29,4270.0,4273.0,56,4262.0,4275.0,4282.0,4267.0,421.0,17986560.0,35511
2023-05-10 21:06:58,eg2308,eg2308,4272.0,0.0,0.0,0.0,29,4270.0,4272.0,3,4262.0,4275.0,4282.0,4267.0,421.0,17986560.0,35511
2023-05-10 21:07:00,eg2308,eg2308,4272.0,0.0,0.0,0.0,29,4270.0,4272.0,4,4262.0,4275.0,4282.0,4267.0,421.0,17986560.0,35511
2023-05-10 21:07:01,eg2308,eg2308,4272.0,0.0,0.0,0.0,26,4270.0,4272.0,8,4262.0,4275.0,4282.0,4267.0,421.0,17986560.0,35511
2023-05-10 21:07:01,eg2308,eg2308,4272.0,0.0,0.0,0.0,23,4270.0,4272.0,10,4262.0,4275.0,4282.0,4267.0,421.0,17986560.0,35511
2023-05-10 21:07:02,eg2308,eg2308,4272.0,0.0,0.0,0.0,17,4270.0,4272.0,13,4262.0,4275.0,4282.0,4267.0,421.0,17986560.0,35511
2023-05-10 21:07:03,eg2308,eg2308,4272.0,0.0,0.0,0.0,11,4270.0,4272.0,13,4262.0,4275.0,4282.0,4267.0,421.0,17986560.0,35511
2023-05-10 21:07:03,eg2308,eg2308,4272.0,0.0,0.0,0.0,11,4270.0,4272.0,11,4262.0,4275.0,4282.0,4267.0,421.0,17986560.0,35511
2023-05-10 21:07:05,eg2308,eg2308,4272.0,0.0,0.0,0.0,11,4270.0,4272.0,12,4262.0,4275.0,4282.0,4267.0,421.0,17986560.0,35511
2023-05-10 21:07:06,eg2308,eg2308,4272.0,0.0,0.0,0.0,11,4270.0,4272.0,10,4262.0,4275.0,4282.0,4267.0,421.0,17986560.0,35511
2023-05-10 21:07:11,eg2308,eg2308,4272.0,0.0,0.0,0.0,14,4270.0,4272.0,10,4262.0,4275.0,4282.0,4267.0,421.0,17986560.0,35511
2023-05-10 21:07:12,eg2308,eg2308,4272.0,0.0,0.0,0.0,3,4271.0,4272.0,3,4262.0,4275.0,4282.0,4267.0,421.0,17986560.0,35511
2023-05-10 21:07:12,eg2308,eg2308,4272.0,0.0,0.0,0.0,8,4271.0,4273.0,25,4262.0,4275.0,4282.0,4267.0,421.0,17986560.0,35511
2023-05-10 21:07:12,eg2308,eg2308,4272.0,0.0,0.0,0.0,8,4271.0,4273.0,22,4262.0,4275.0,4282.0,4267.0,421.0,17986560.0,35511
2023-05-10 21:07:15,eg2308,eg2308,4273.0,14.0,598220.0,9.0,3,4273.0,4274.0,22,4262.0,4275.0,4282.0,4267.0,435.0,18584780.0,35520
2023-05-10 21:07:15,eg2308,eg2308,4273.0,0.0,0.0,0.0,3,4273.0,4274.0,5,4262.0,4275.0,4282.0,4267.0,435.0,18584780.0,35520
2023-05-10 21:07:17,eg2308,eg2308,4273.0,0.0,0.0,0.0,3,4273.0,4275.0,37,4262.0,4275.0,4282.0,4267.0,435.0,18584780.0,35520
2023-05-10 21:07:17,eg2308,eg2308,4273.0,0.0,0.0,0.0,3,4273.0,4275.0,31,4262.0,4275.0,4282.0,4267.0,435.0,18584780.0,35520
2023-05-10 21:07:18,eg2308,eg2308,4273.0,0.0,0.0,0.0,3,4273.0,4275.0,34,4262.0,4275.0,4282.0,4267.0,435.0,18584780.0,35520
2023-05-10 21:07:20,eg2308,eg2308,4273.0,0.0,0.0,0.0,3,4273.0,4275.0,31,4262.0,4275.0,4282.0,4267.0,435.0,18584780.0,35520
2023-05-10 21:07:20,eg2308,eg2308,4275.0,3.0,128250.0,0.0,38,4273.0,4276.0,30,4262.0,4275.0,4282.0,4267.0,438.0,18713030.0,35520
2023-05-10 21:07:21,eg2308,eg2308,4275.0,0.0,0.0,0.0,44,4273.0,4276.0,22,4262.0,4275.0,4282.0,4267.0,438.0,18713030.0,35520
2023-05-10 21:07:21,eg2308,eg2308,4275.0,0.0,0.0,0.0,47,4273.0,4276.0,23,4262.0,4275.0,4282.0,4267.0,438.0,18713030.0,35520
2023-05-10 21:07:22,eg2308,eg2308,4275.0,0.0,0.0,0.0,3,4274.0,4276.0,26,4262.0,4275.0,4282.0,4267.0,438.0,18713030.0,35520
2023-05-10 21:07:22,eg2308,eg2308,4275.0,0.0,0.0,0.0,6,4274.0,4276.0,29,4262.0,4275.0,4282.0,4267.0,438.0,18713030.0,35520
2023-05-10 21:07:23,eg2308,eg2308,4274.0,6.0,256440.0,3.0,17,4273.0,4276.0,43,4262.0,4275.0,4282.0,4267.0,444.0,18969470.0,35523
2023-05-10 21:07:24,eg2308,eg2308,4274.0,0.0,0.0,0.0,10,4273.0,4275.0,8,4262.0,4275.0,4282.0,4267.0,444.0,18969470.0,35523
2023-05-10 21:07:24,eg2308,eg2308,4274.0,0.0,0.0,0.0,10,4273.0,4275.0,10,4262.0,4275.0,4282.0,4267.0,444.0,18969470.0,35523
2023-05-10 21:07:25,eg2308,eg2308,4274.0,0.0,0.0,0.0,10,4273.0,4275.0,12,4262.0,4275.0,4282.0,4267.0,444.0,18969470.0,35523
2023-05-10 21:07:27,eg2308,eg2308,4274.0,0.0,0.0,0.0,7,4273.0,4275.0,17,4262.0,4275.0,4282.0,4267.0,444.0,18969470.0,35523
2023-05-10 21:07:28,eg2308,eg2308,4274.0,0.0,0.0,0.0,5,4273.0,4275.0,31,4262.0,4275.0,4282.0,4267.0,444.0,18969470.0,35523
2023-05-10 21:07:28,eg2308,eg2308,4274.0,0.0,0.0,0.0,5,4273.0,4275.0,37,4262.0,4275.0,4282.0,4267.0,444.0,18969470.0,35523
2023-05-10 21:07:30,eg2308,eg2308,4274.0,0.0,0.0,0.0,5,4273.0,4275.0,35,4262.0,4275.0,4282.0,4267.0,444.0,18969470.0,35523
2023-05-10 21:07:31,eg2308,eg2308,4274.0,0.0,0.0,0.0,5,4273.0,4275.0,37,4262.0,4275.0,4282.0,4267.0,444.0,18969470.0,35523
2023-05-10 21:07:34,eg2308,eg2308,4274.0,0.0,0.0,0.0,5,4273.0,4275.0,36,4262.0,4275.0,4282.0,4267.0,444.0,18969470.0,35523
2023-05-10 21:07:38,eg2308,eg2308,4274.0,0.0,0.0,0.0,5,4273.0,4275.0,32,4262.0,4275.0,4282.0,4267.0,444.0,18969470.0,35523
2023-05-10 21:07:40,eg2308,eg2308,4274.0,0.0,0.0,0.0,5,4273.0,4275.0,34,4262.0,4275.0,4282.0,4267.0,444.0,18969470.0,35523
2023-05-10 21:07:40,eg2308,eg2308,4274.0,0.0,0.0,0.0,5,4273.0,4275.0,32,4262.0,4275.0,4282.0,4267.0,444.0,18969470.0,35523
2023-05-10 21:07:42,eg2308,eg2308,4274.0,0.0,0.0,0.0,5,4273.0,4275.0,34,4262.0,4275.0,4282.0,4267.0,444.0,18969470.0,35523
2023-05-10 21:07:43,eg2308,eg2308,4274.0,0.0,0.0,0.0,5,4273.0,4275.0,32,4262.0,4275.0,4282.0,4267.0,444.0,18969470.0,35523
2023-05-10 21:07:43,eg2308,eg2308,4274.0,0.0,0.0,0.0,5,4273.0,4275.0,35,4262.0,4275.0,4282.0,4267.0,444.0,18969470.0,35523
2023-05-10 21:07:45,eg2308,eg2308,4274.0,0.0,0.0,0.0,5,4273.0,4275.0,34,4262.0,4275.0,4282.0,4267.0,444.0,18969470.0,35523
2023-05-10 21:07:47,eg2308,eg2308,4273.0,3.0,128190.0,0.0,29,4272.0,4275.0,34,4262.0,4275.0,4282.0,4267.0,447.0,19097660.0,35523
2023-05-10 21:07:47,eg2308,eg2308,4273.0,0.0,0.0,0.0,13,4272.0,4274.0,13,4262.0,4275.0,4282.0,4267.0,447.0,19097660.0,35523
2023-05-10 21:07:48,eg2308,eg2308,4273.0,0.0,0.0,0.0,7,4272.0,4274.0,15,4262.0,4275.0,4282.0,4267.0,447.0,19097660.0,35523
2023-05-10 21:07:48,eg2308,eg2308,4273.0,0.0,0.0,0.0,10,4272.0,4274.0,18,4262.0,4275.0,4282.0,4267.0,447.0,19097660.0,35523
2023-05-10 21:07:49,eg2308,eg2308,4273.0,0.0,0.0,0.0,10,4272.0,4274.0,24,4262.0,4275.0,4282.0,4267.0,447.0,19097660.0,35523
2023-05-10 21:07:49,eg2308,eg2308,4273.0,0.0,0.0,0.0,10,4272.0,4274.0,27,4262.0,4275.0,4282.0,4267.0,447.0,19097660.0,35523
2023-05-10 21:07:51,eg2308,eg2308,4273.0,0.0,0.0,0.0,13,4272.0,4274.0,24,4262.0,4275.0,4282.0,4267.0,447.0,19097660.0,35523
2023-05-10 21:07:51,eg2308,eg2308,4273.0,0.0,0.0,0.0,13,4272.0,4274.0,15,4262.0,4275.0,4282.0,4267.0,447.0,19097660.0,35523
2023-05-10 21:07:54,eg2308,eg2308,4273.0,0.0,0.0,0.0,8,4272.0,4274.0,15,4262.0,4275.0,4282.0,4267.0,447.0,19097660.0,35523
2023-05-10 21:07:55,eg2308,eg2308,4273.0,0.0,0.0,0.0,10,4272.0,4274.0,24,4262.0,4275.0,4282.0,4267.0,447.0,19097660.0,35523
2023-05-10 21:07:55,eg2308,eg2308,4273.0,0.0,0.0,0.0,8,4272.0,4274.0,32,4262.0,4275.0,4282.0,4267.0,447.0,19097660.0,35523
2023-05-10 21:07:56,eg2308,eg2308,4273.0,0.0,0.0,0.0,8,4272.0,4274.0,34,4262.0,4275.0,4282.0,4267.0,447.0,19097660.0,35523
2023-05-10 21:07:56,eg2308,eg2308,4273.0,0.0,0.0,0.0,7,4272.0,4274.0,34,4262.0,4275.0,4282.0,4267.0,447.0,19097660.0,35523
2023-05-10 21:07:58,eg2308,eg2308,4273.0,0.0,0.0,0.0,8,4272.0,4274.0,34,4262.0,4275.0,4282.0,4267.0,447.0,19097660.0,35523
2023-05-10 21:07:58,eg2308,eg2308,4273.0,0.0,0.0,0.0,7,4272.0,4274.0,34,4262.0,4275.0,4282.0,4267.0,447.0,19097660.0,35523
2023-05-10 21:08:03,eg2308,eg2308,4273.0,0.0,0.0,0.0,6,4272.0,4274.0,34,4262.0,4275.0,4282.0,4267.0,447.0,19097660.0,35523
2023-05-10 21:08:04,eg2308,eg2308,4272.0,3.0,128160.0,3.0,32,4271.0,4273.0,3,4262.0,4275.0,4282.0,4267.0,450.0,19225820.0,35526
2023-05-10 21:08:04,eg2308,eg2308,4272.0,0.0,0.0,0.0,19,4271.0,4272.0,3,4262.0,4275.0,4282.0,4267.0,450.0,19225820.0,35526
2023-05-10 21:08:05,eg2308,eg2308,4272.0,0.0,0.0,0.0,11,4271.0,4272.0,3,4262.0,4275.0,4282.0,4267.0,450.0,19225820.0,35526
2023-05-10 21:08:05,eg2308,eg2308,4272.0,0.0,0.0,0.0,5,4271.0,4272.0,3,4262.0,4275.0,4282.0,4267.0,450.0,19225820.0,35526
2023-05-10 21:08:06,eg2308,eg2308,4272.0,0.0,0.0,0.0,35,4270.0,4272.0,3,4262.0,4275.0,4282.0,4267.0,450.0,19225820.0,35526
2023-05-10 21:08:09,eg2308,eg2308,4272.0,0.0,0.0,0.0,31,4270.0,4272.0,3,4262.0,4275.0,4282.0,4267.0,450.0,19225820.0,35526
2023-05-10 21:08:10,eg2308,eg2308,4272.0,0.0,0.0,0.0,16,4270.0,4271.0,3,4262.0,4275.0,4282.0,4267.0,450.0,19225820.0,35526
2023-05-10 21:08:10,eg2308,eg2308,4272.0,0.0,0.0,0.0,10,4270.0,4271.0,3,4262.0,4275.0,4282.0,4267.0,450.0,19225820.0,35526
2023-05-10 21:08:11,eg2308,eg2308,4272.0,0.0,0.0,0.0,7,4270.0,4271.0,3,4262.0,4275.0,4282.0,4267.0,450.0,19225820.0,35526
2023-05-10 21:08:14,eg2308,eg2308,4272.0,0.0,0.0,0.0,5,4270.0,4271.0,3,4262.0,4275.0,4282.0,4267.0,450.0,19225820.0,35526
2023-05-10 21:08:15,eg2308,eg2308,4272.0,0.0,0.0,0.0,2,4270.0,4271.0,3,4262.0,4275.0,4282.0,4267.0,450.0,19225820.0,35526
2023-05-10 21:08:17,eg2308,eg2308,4272.0,0.0,0.0,0.0,31,4269.0,4271.0,3,4262.0,4275.0,4282.0,4267.0,450.0,19225820.0,35526
2023-05-10 21:08:19,eg2308,eg2308,4272.0,0.0,0.0,0.0,31,4269.0,4270.0,3,4262.0,4275.0,4282.0,4267.0,450.0,19225820.0,35526
2023-05-10 21:08:19,eg2308,eg2308,4270.0,3.0,128100.0,0.0,31,4269.0,4272.0,35,4262.0,4275.0,4282.0,4267.0,453.0,19353920.0,35526
2023-05-10 21:08:25,eg2308,eg2308,4270.0,0.0,0.0,0.0,31,4269.0,4272.0,39,4262.0,4275.0,4282.0,4267.0,453.0,19353920.0,35526
2023-05-10 21:08:28,eg2308,eg2308,4270.0,0.0,0.0,0.0,25,4269.0,4271.0,18,4262.0,4275.0,4282.0,4267.0,453.0,19353920.0,35526
2023-05-10 21:08:29,eg2308,eg2308,4270.0,0.0,0.0,0.0,13,4269.0,4271.0,32,4262.0,4275.0,4282.0,4267.0,453.0,19353920.0,35526
2023-05-10 21:08:29,eg2308,eg2308,4270.0,0.0,0.0,0.0,7,4269.0,4271.0,37,4262.0,4275.0,4282.0,4267.0,453.0,19353920.0,35526
2023-05-10 21:08:29,eg2308,eg2308,4270.0,0.0,0.0,0.0,4,4269.0,4271.0,37,4262.0,4275.0,4282.0,4267.0,453.0,19353920.0,35526
2023-05-10 21:08:30,eg2308,eg2308,4270.0,0.0,0.0,0.0,33,4268.0,4271.0,37,4262.0,4275.0,4282.0,4267.0,453.0,19353920.0,35526
2023-05-10 21:08:31,eg2308,eg2308,4270.0,0.0,0.0,0.0,31,4268.0,4271.0,36,4262.0,4275.0,4282.0,4267.0,453.0,19353920.0,35526
2023-05-10 21:08:32,eg2308,eg2308,4270.0,0.0,0.0,0.0,31,4268.0,4271.0,38,4262.0,4275.0,4282.0,4267.0,453.0,19353920.0,35526
2023-05-10 21:08:33,eg2308,eg2308,4270.0,0.0,0.0,0.0,31,4268.0,4271.0,39,4262.0,4275.0,4282.0,4267.0,453.0,19353920.0,35526
2023-05-10 21:08:36,eg2308,eg2308,4270.0,0.0,0.0,0.0,32,4268.0,4271.0,37,4262.0,4275.0,4282.0,4267.0,453.0,19353920.0,35526
2023-05-10 21:08:36,eg2308,eg2308,4270.0,0.0,0.0,0.0,32,4268.0,4271.0,39,4262.0,4275.0,4282.0,4267.0,453.0,19353920.0,35526
2023-05-10 21:08:38,eg2308,eg2308,4270.0,0.0,0.0,0.0,8,4269.0,4271.0,18,4262.0,4275.0,4282.0,4267.0,453.0,19353920.0,35526
2023-05-10 21:08:38,eg2308,eg2308,4270.0,0.0,0.0,0.0,14,4269.0,4271.0,5,4262.0,4275.0,4282.0,4267.0,453.0,19353920.0,35526
2023-05-10 21:08:39,eg2308,eg2308,4270.0,0.0,0.0,0.0,17,4269.0,4272.0,43,4262.0,4275.0,4282.0,4267.0,453.0,19353920.0,35526
2023-05-10 21:08:39,eg2308,eg2308,4270.0,0.0,0.0,0.0,23,4269.0,4272.0,41,4262.0,4275.0,4282.0,4267.0,453.0,19353920.0,35526
2023-05-10 21:08:40,eg2308,eg2308,4270.0,0.0,0.0,0.0,23,4269.0,4272.0,33,4262.0,4275.0,4282.0,4267.0,453.0,19353920.0,35526
2023-05-10 21:08:40,eg2308,eg2308,4270.0,0.0,0.0,0.0,12,4270.0,4272.0,6,4262.0,4275.0,4282.0,4267.0,453.0,19353920.0,35526
2023-05-10 21:08:41,eg2308,eg2308,4270.0,0.0,0.0,0.0,11,4271.0,4273.0,28,4262.0,4275.0,4282.0,4267.0,453.0,19353920.0,35526
2023-05-10 21:08:41,eg2308,eg2308,4270.0,0.0,0.0,0.0,16,4271.0,4273.0,11,4262.0,4275.0,4282.0,4267.0,453.0,19353920.0,35526
2023-05-10 21:08:42,eg2308,eg2308,4270.0,0.0,0.0,0.0,25,4271.0,4273.0,8,4262.0,4275.0,4282.0,4267.0,453.0,19353920.0,35526
2023-05-10 21:08:42,eg2308,eg2308,4270.0,0.0,0.0,0.0,31,4271.0,4273.0,3,4262.0,4275.0,4282.0,4267.0,453.0,19353920.0,35526
2023-05-10 21:08:43,eg2308,eg2308,4270.0,0.0,0.0,0.0,31,4271.0,4274.0,42,4262.0,4275.0,4282.0,4267.0,453.0,19353920.0,35526
2023-05-10 21:08:43,eg2308,eg2308,4270.0,0.0,0.0,0.0,31,4271.0,4274.0,41,4262.0,4275.0,4282.0,4267.0,453.0,19353920.0,35526
2023-05-10 21:08:45,eg2308,eg2308,4270.0,0.0,0.0,0.0,34,4271.0,4274.0,41,4262.0,4275.0,4282.0,4267.0,453.0,19353920.0,35526
2023-05-10 21:08:47,eg2308,eg2308,4270.0,0.0,0.0,0.0,25,4271.0,4273.0,11,4262.0,4275.0,4282.0,4267.0,453.0,19353920.0,35526
2023-05-10 21:08:47,eg2308,eg2308,4270.0,0.0,0.0,0.0,9,4271.0,4273.0,22,4262.0,4275.0,4282.0,4267.0,453.0,19353920.0,35526
2023-05-10 21:08:48,eg2308,eg2308,4270.0,0.0,0.0,0.0,6,4271.0,4273.0,31,4262.0,4275.0,4282.0,4267.0,453.0,19353920.0,35526
2023-05-10 21:08:48,eg2308,eg2308,4270.0,0.0,0.0,0.0,5,4271.0,4273.0,31,4262.0,4275.0,4282.0,4267.0,453.0,19353920.0,35526
2023-05-10 21:08:51,eg2308,eg2308,4270.0,0.0,0.0,0.0,5,4271.0,4273.0,29,4262.0,4275.0,4282.0,4267.0,453.0,19353920.0,35526
2023-05-10 21:08:52,eg2308,eg2308,4270.0,0.0,0.0,0.0,7,4271.0,4273.0,29,4262.0,4275.0,4282.0,4267.0,453.0,19353920.0,35526
2023-05-10 21:08:53,eg2308,eg2308,4270.0,0.0,0.0,0.0,35,4270.0,4273.0,29,4262.0,4275.0,4282.0,4267.0,453.0,19353920.0,35526
2023-05-10 21:08:54,eg2308,eg2308,4270.0,0.0,0.0,0.0,37,4270.0,4273.0,33,4262.0,4275.0,4282.0,4267.0,453.0,19353920.0,35526
2023-05-10 21:09:02,eg2308,eg2308,4270.0,0.0,0.0,0.0,35,4270.0,4273.0,33,4262.0,4275.0,4282.0,4267.0,453.0,19353920.0,35526
2023-05-10 21:09:02,eg2308,eg2308,4270.0,0.0,0.0,0.0,35,4270.0,4273.0,29,4262.0,4275.0,4282.0,4267.0,453.0,19353920.0,35526
2023-05-10 21:09:03,eg2308,eg2308,4270.0,0.0,0.0,0.0,37,4270.0,4273.0,23,4262.0,4275.0,4282.0,4267.0,453.0,19353920.0,35526
2023-05-10 21:09:07,eg2308,eg2308,4270.0,0.0,0.0,0.0,36,4270.0,4273.0,34,4262.0,4275.0,4282.0,4267.0,453.0,19353920.0,35526
2023-05-10 21:09:07,eg2308,eg2308,4270.0,0.0,0.0,0.0,37,4270.0,4273.0,35,4262.0,4275.0,4282.0,4267.0,453.0,19353920.0,35526
2023-05-10 21:09:08,eg2308,eg2308,4270.0,0.0,0.0,0.0,25,4270.0,4272.0,11,4262.0,4275.0,4282.0,4267.0,453.0,19353920.0,35526
2023-05-10 21:09:08,eg2308,eg2308,4270.0,0.0,0.0,0.0,13,4270.0,4272.0,20,4262.0,4275.0,4282.0,4267.0,453.0,19353920.0,35526
2023-05-10 21:09:09,eg2308,eg2308,4270.0,0.0,0.0,0.0,7,4270.0,4272.0,32,4262.0,4275.0,4282.0,4267.0,453.0,19353920.0,35526
2023-05-10 21:09:10,eg2308,eg2308,4270.0,0.0,0.0,0.0,4,4270.0,4272.0,32,4262.0,4275.0,4282.0,4267.0,453.0,19353920.0,35526
2023-05-10 21:09:11,eg2308,eg2308,4270.0,0.0,0.0,0.0,2,4270.0,4272.0,32,4262.0,4275.0,4282.0,4267.0,453.0,19353920.0,35526
2023-05-10 21:09:11,eg2308,eg2308,4270.0,0.0,0.0,0.0,2,4270.0,4272.0,31,4262.0,4275.0,4282.0,4267.0,453.0,19353920.0,35526
2023-05-10 21:09:12,eg2308,eg2308,4270.0,0.0,0.0,0.0,37,4269.0,4272.0,31,4262.0,4275.0,4282.0,4267.0,453.0,19353920.0,35526
2023-05-10 21:09:13,eg2308,eg2308,4270.0,0.0,0.0,0.0,22,4269.0,4271.0,6,4262.0,4275.0,4282.0,4267.0,453.0,19353920.0,35526
2023-05-10 21:09:14,eg2308,eg2308,4270.0,0.0,0.0,0.0,22,4269.0,4271.0,11,4262.0,4275.0,4282.0,4267.0,453.0,19353920.0,35526
2023-05-10 21:09:17,eg2308,eg2308,4270.0,0.0,0.0,0.0,22,4269.0,4271.0,9,4262.0,4275.0,4282.0,4267.0,453.0,19353920.0,35526
2023-05-10 21:09:21,eg2308,eg2308,4270.0,0.0,0.0,0.0,13,4269.0,4271.0,9,4262.0,4275.0,4282.0,4267.0,453.0,19353920.0,35526
2023-05-10 21:09:21,eg2308,eg2308,4270.0,0.0,0.0,0.0,7,4269.0,4271.0,6,4262.0,4275.0,4282.0,4267.0,453.0,19353920.0,35526
2023-05-10 21:09:22,eg2308,eg2308,4270.0,0.0,0.0,0.0,7,4269.0,4271.0,13,4262.0,4275.0,4282.0,4267.0,453.0,19353920.0,35526
2023-05-10 21:09:22,eg2308,eg2308,4270.0,0.0,0.0,0.0,7,4269.0,4271.0,20,4262.0,4275.0,4282.0,4267.0,453.0,19353920.0,35526
2023-05-10 21:09:23,eg2308,eg2308,4270.0,0.0,0.0,0.0,6,4269.0,4271.0,29,4262.0,4275.0,4282.0,4267.0,453.0,19353920.0,35526
2023-05-10 21:09:23,eg2308,eg2308,4270.0,0.0,0.0,0.0,6,4269.0,4271.0,36,4262.0,4275.0,4282.0,4267.0,453.0,19353920.0,35526
2023-05-10 21:09:25,eg2308,eg2308,4270.0,0.0,0.0,0.0,38,4268.0,4271.0,36,4262.0,4275.0,4282.0,4267.0,453.0,19353920.0,35526
2023-05-10 21:09:25,eg2308,eg2308,4270.0,0.0,0.0,0.0,40,4268.0,4271.0,36,4262.0,4275.0,4282.0,4267.0,453.0,19353920.0,35526
2023-05-10 21:09:35,eg2308,eg2308,4270.0,0.0,0.0,0.0,5,4269.0,4271.0,29,4262.0,4275.0,4282.0,4267.0,453.0,19353920.0,35526
2023-05-10 21:09:35,eg2308,eg2308,4270.0,0.0,0.0,0.0,13,4269.0,4271.0,11,4262.0,4275.0,4282.0,4267.0,453.0,19353920.0,35526
2023-05-10 21:09:35,eg2308,eg2308,4270.0,0.0,0.0,0.0,13,4269.0,4271.0,8,4262.0,4275.0,4282.0,4267.0,453.0,19353920.0,35526
2023-05-10 21:09:37,eg2308,eg2308,4270.0,0.0,0.0,0.0,16,4269.0,4271.0,5,4262.0,4275.0,4282.0,4267.0,453.0,19353920.0,35526
2023-05-10 21:09:37,eg2308,eg2308,4270.0,0.0,0.0,0.0,31,4269.0,4271.0,5,4262.0,4275.0,4282.0,4267.0,453.0,19353920.0,35526
2023-05-10 21:09:38,eg2308,eg2308,4270.0,0.0,0.0,0.0,35,4269.0,4272.0,31,4262.0,4275.0,4282.0,4267.0,453.0,19353920.0,35526
2023-05-10 21:09:51,eg2308,eg2308,4270.0,3.0,128100.0,0.0,19,4269.0,4271.0,4,4262.0,4275.0,4282.0,4267.0,456.0,19482020.0,35526
2023-05-10 21:09:51,eg2308,eg2308,4270.0,0.0,0.0,0.0,14,4269.0,4271.0,17,4262.0,4275.0,4282.0,4267.0,456.0,19482020.0,35526
2023-05-10 21:09:52,eg2308,eg2308,4270.0,0.0,0.0,0.0,5,4269.0,4271.0,21,4262.0,4275.0,4282.0,4267.0,456.0,19482020.0,35526
2023-05-10 21:09:52,eg2308,eg2308,4270.0,0.0,0.0,0.0,27,4268.0,4271.0,28,4262.0,4275.0,4282.0,4267.0,456.0,19482020.0,35526
2023-05-10 21:09:53,eg2308,eg2308,4270.0,0.0,0.0,0.0,27,4268.0,4271.0,34,4262.0,4275.0,4282.0,4267.0,456.0,19482020.0,35526
2023-05-10 21:09:56,eg2308,eg2308,4270.0,0.0,0.0,0.0,30,4268.0,4271.0,34,4262.0,4275.0,4282.0,4267.0,456.0,19482020.0,35526
2023-05-10 21:09:58,eg2308,eg2308,4270.0,0.0,0.0,0.0,23,4268.0,4270.0,17,4262.0,4275.0,4282.0,4267.0,456.0,19482020.0,35526
2023-05-10 21:09:59,eg2308,eg2308,4270.0,0.0,0.0,0.0,17,4268.0,4270.0,25,4262.0,4275.0,4282.0,4267.0,456.0,19482020.0,35526
2023-05-10 21:09:59,eg2308,eg2308,4270.0,0.0,0.0,0.0,8,4268.0,4270.0,31,4262.0,4275.0,4282.0,4267.0,456.0,19482020.0,35526
2023-05-10 21:09:59,eg2308,eg2308,4270.0,0.0,0.0,0.0,5,4268.0,4270.0,34,4262.0,4275.0,4282.0,4267.0,456.0,19482020.0,35526
2023-05-10 21:10:00,eg2308,eg2308,4270.0,0.0,0.0,0.0,30,4267.0,4270.0,37,4262.0,4275.0,4282.0,4267.0,456.0,19482020.0,35526
2023-05-10 21:10:02,eg2308,eg2308,4270.0,0.0,0.0,0.0,5,4268.0,4270.0,23,4262.0,4275.0,4282.0,4267.0,456.0,19482020.0,35526
2023-05-10 21:10:03,eg2308,eg2308,4270.0,0.0,0.0,0.0,6,4268.0,4270.0,14,4262.0,4275.0,4282.0,4267.0,456.0,19482020.0,35526
2023-05-10 21:10:03,eg2308,eg2308,4270.0,0.0,0.0,0.0,6,4268.0,4270.0,11,4262.0,4275.0,4282.0,4267.0,456.0,19482020.0,35526
2023-05-10 21:10:05,eg2308,eg2308,4270.0,11.0,469700.0,-3.0,10,4269.0,4271.0,15,4262.0,4275.0,4282.0,4267.0,467.0,19951720.0,35523
2023-05-10 21:10:05,eg2308,eg2308,4271.0,7.0,298970.0,0.0,8,4269.0,4272.0,18,4262.0,4275.0,4282.0,4267.0,474.0,20250690.0,35523
2023-05-10 21:10:06,eg2308,eg2308,4271.0,0.0,0.0,0.0,76,4270.0,4272.0,18,4262.0,4275.0,4282.0,4267.0,474.0,20250690.0,35523
2023-05-10 21:10:06,eg2308,eg2308,4271.0,0.0,0.0,0.0,51,4270.0,4271.0,13,4262.0,4275.0,4282.0,4267.0,474.0,20250690.0,35523
2023-05-10 21:10:07,eg2308,eg2308,4271.0,0.0,0.0,0.0,3,4270.0,4271.0,16,4262.0,4275.0,4282.0,4267.0,474.0,20250690.0,35523
2023-05-10 21:10:07,eg2308,eg2308,4271.0,0.0,0.0,0.0,12,4269.0,4271.0,16,4262.0,4275.0,4282.0,4267.0,474.0,20250690.0,35523
2023-05-10 21:10:08,eg2308,eg2308,4271.0,0.0,0.0,0.0,6,4269.0,4271.0,16,4262.0,4275.0,4282.0,4267.0,474.0,20250690.0,35523
2023-05-10 21:10:08,eg2308,eg2308,4271.0,0.0,0.0,0.0,3,4270.0,4272.0,31,4262.0,4275.0,4282.0,4267.0,474.0,20250690.0,35523
2023-05-10 21:10:08,eg2308,eg2308,4271.0,0.0,0.0,0.0,3,4270.0,4272.0,29,4262.0,4275.0,4282.0,4267.0,474.0,20250690.0,35523
2023-05-10 21:10:10,eg2308,eg2308,4271.0,0.0,0.0,0.0,3,4270.0,4272.0,32,4262.0,4275.0,4282.0,4267.0,474.0,20250690.0,35523
2023-05-10 21:10:10,eg2308,eg2308,4271.0,0.0,0.0,0.0,6,4270.0,4272.0,29,4262.0,4275.0,4282.0,4267.0,474.0,20250690.0,35523
2023-05-10 21:10:11,eg2308,eg2308,4271.0,0.0,0.0,0.0,8,4270.0,4272.0,29,4262.0,4275.0,4282.0,4267.0,474.0,20250690.0,35523
2023-05-10 21:10:11,eg2308,eg2308,4271.0,0.0,0.0,0.0,5,4270.0,4272.0,32,4262.0,4275.0,4282.0,4267.0,474.0,20250690.0,35523
2023-05-10 21:10:12,eg2308,eg2308,4272.0,24.0,1025280.0,-1.0,4,4272.0,4273.0,7,4262.0,4275.0,4282.0,4267.0,498.0,21275970.0,35522
2023-05-10 21:10:13,eg2308,eg2308,4272.0,0.0,0.0,0.0,7,4272.0,4273.0,6,4262.0,4275.0,4282.0,4267.0,498.0,21275970.0,35522
2023-05-10 21:10:14,eg2308,eg2308,4272.0,0.0,0.0,0.0,7,4272.0,4273.0,5,4262.0,4275.0,4282.0,4267.0,498.0,21275970.0,35522
2023-05-10 21:10:14,eg2308,eg2308,4272.0,0.0,0.0,0.0,7,4272.0,4273.0,3,4262.0,4275.0,4282.0,4267.0,498.0,21275970.0,35522
2023-05-10 21:10:15,eg2308,eg2308,4272.0,0.0,0.0,0.0,7,4272.0,4274.0,44,4262.0,4275.0,4282.0,4267.0,498.0,21275970.0,35522
2023-05-10 21:10:15,eg2308,eg2308,4272.0,0.0,0.0,0.0,7,4272.0,4274.0,47,4262.0,4275.0,4282.0,4267.0,498.0,21275970.0,35522
2023-05-10 21:10:16,eg2308,eg2308,4272.0,0.0,0.0,0.0,7,4272.0,4274.0,50,4262.0,4275.0,4282.0,4267.0,498.0,21275970.0,35522
2023-05-10 21:10:17,eg2308,eg2308,4272.0,0.0,0.0,0.0,7,4272.0,4274.0,59,4262.0,4275.0,4282.0,4267.0,498.0,21275970.0,35522
2023-05-10 21:10:18,eg2308,eg2308,4272.0,0.0,0.0,0.0,3,4273.0,4274.0,33,4262.0,4275.0,4282.0,4267.0,498.0,21275970.0,35522
2023-05-10 21:10:19,eg2308,eg2308,4273.0,4.0,170920.0,2.0,22,4272.0,4274.0,36,4262.0,4275.0,4282.0,4267.0,502.0,21446890.0,35524
2023-05-10 21:10:19,eg2308,eg2308,4273.0,0.0,0.0,0.0,19,4272.0,4274.0,33,4262.0,4275.0,4282.0,4267.0,502.0,21446890.0,35524
2023-05-10 21:10:20,eg2308,eg2308,4273.0,0.0,0.0,0.0,3,4273.0,4274.0,36,4262.0,4275.0,4282.0,4267.0,502.0,21446890.0,35524
2023-05-10 21:10:20,eg2308,eg2308,4273.0,3.0,128190.0,0.0,22,4272.0,4274.0,33,4262.0,4275.0,4282.0,4267.0,505.0,21575080.0,35524
2023-05-10 21:10:21,eg2308,eg2308,4273.0,0.0,0.0,0.0,22,4272.0,4274.0,25,4262.0,4275.0,4282.0,4267.0,505.0,21575080.0,35524
2023-05-10 21:10:22,eg2308,eg2308,4273.0,0.0,0.0,0.0,22,4272.0,4274.0,28,4262.0,4275.0,4282.0,4267.0,505.0,21575080.0,35524
2023-05-10 21:10:22,eg2308,eg2308,4273.0,0.0,0.0,0.0,22,4272.0,4274.0,27,4262.0,4275.0,4282.0,4267.0,505.0,21575080.0,35524
2023-05-10 21:10:23,eg2308,eg2308,4273.0,0.0,0.0,0.0,28,4272.0,4274.0,28,4262.0,4275.0,4282.0,4267.0,505.0,21575080.0,35524
2023-05-10 21:10:23,eg2308,eg2308,4273.0,0.0,0.0,0.0,31,4272.0,4274.0,18,4262.0,4275.0,4282.0,4267.0,505.0,21575080.0,35524
2023-05-10 21:10:25,eg2308,eg2308,4273.0,0.0,0.0,0.0,3,4273.0,4274.0,15,4262.0,4275.0,4282.0,4267.0,505.0,21575080.0,35524
2023-05-10 21:10:26,eg2308,eg2308,4273.0,0.0,0.0,0.0,3,4273.0,4274.0,12,4262.0,4275.0,4282.0,4267.0,505.0,21575080.0,35524
2023-05-10 21:10:26,eg2308,eg2308,4273.0,3.0,128190.0,0.0,32,4272.0,4274.0,6,4262.0,4275.0,4282.0,4267.0,508.0,21703270.0,35524
2023-05-10 21:10:27,eg2308,eg2308,4273.0,0.0,0.0,0.0,29,4272.0,4274.0,10,4262.0,4275.0,4282.0,4267.0,508.0,21703270.0,35524
2023-05-10 21:10:28,eg2308,eg2308,4273.0,0.0,0.0,0.0,32,4272.0,4274.0,6,4262.0,4275.0,4282.0,4267.0,508.0,21703270.0,35524
2023-05-10 21:10:28,eg2308,eg2308,4273.0,0.0,0.0,0.0,29,4272.0,4274.0,8,4262.0,4275.0,4282.0,4267.0,508.0,21703270.0,35524
2023-05-10 21:10:29,eg2308,eg2308,4273.0,0.0,0.0,0.0,34,4272.0,4275.0,31,4262.0,4275.0,4282.0,4267.0,508.0,21703270.0,35524
2023-05-10 21:10:29,eg2308,eg2308,4273.0,0.0,0.0,0.0,37,4272.0,4275.0,38,4262.0,4275.0,4282.0,4267.0,508.0,21703270.0,35524
2023-05-10 21:10:30,eg2308,eg2308,4273.0,0.0,0.0,0.0,34,4272.0,4275.0,43,4262.0,4275.0,4282.0,4267.0,508.0,21703270.0,35524
2023-05-10 21:10:30,eg2308,eg2308,4273.0,0.0,0.0,0.0,34,4272.0,4275.0,62,4262.0,4275.0,4282.0,4267.0,508.0,21703270.0,35524
2023-05-10 21:10:33,eg2308,eg2308,4273.0,0.0,0.0,0.0,6,4273.0,4275.0,33,4262.0,4275.0,4282.0,4267.0,508.0,21703270.0,35524
2023-05-10 21:10:33,eg2308,eg2308,4273.0,0.0,0.0,0.0,19,4273.0,4275.0,20,4262.0,4275.0,4282.0,4267.0,508.0,21703270.0,35524
2023-05-10 21:10:34,eg2308,eg2308,4273.0,0.0,0.0,0.0,31,4273.0,4275.0,6,4262.0,4275.0,4282.0,4267.0,508.0,21703270.0,35524
2023-05-10 21:10:34,eg2308,eg2308,4273.0,0.0,0.0,0.0,31,4273.0,4275.0,3,4262.0,4275.0,4282.0,4267.0,508.0,21703270.0,35524
2023-05-10 21:10:35,eg2308,eg2308,4273.0,0.0,0.0,0.0,35,4273.0,4276.0,53,4262.0,4275.0,4282.0,4267.0,508.0,21703270.0,35524
2023-05-10 21:10:35,eg2308,eg2308,4273.0,0.0,0.0,0.0,35,4273.0,4276.0,62,4262.0,4275.0,4282.0,4267.0,508.0,21703270.0,35524
2023-05-10 21:10:35,eg2308,eg2308,4273.0,0.0,0.0,0.0,33,4273.0,4276.0,62,4262.0,4275.0,4282.0,4267.0,508.0,21703270.0,35524
2023-05-10 21:10:38,eg2308,eg2308,4273.0,0.0,0.0,0.0,35,4273.0,4276.0,62,4262.0,4275.0,4282.0,4267.0,508.0,21703270.0,35524
2023-05-10 21:10:39,eg2308,eg2308,4273.0,0.0,0.0,0.0,29,4273.0,4275.0,7,4262.0,4275.0,4282.0,4267.0,508.0,21703270.0,35524
2023-05-10 21:10:39,eg2308,eg2308,4273.0,0.0,0.0,0.0,23,4273.0,4275.0,14,4262.0,4275.0,4282.0,4267.0,508.0,21703270.0,35524
2023-05-10 21:10:40,eg2308,eg2308,4273.0,0.0,0.0,0.0,25,4273.0,4276.0,43,4262.0,4275.0,4282.0,4267.0,508.0,21703270.0,35524
2023-05-10 21:10:40,eg2308,eg2308,4273.0,0.0,0.0,0.0,31,4273.0,4276.0,62,4262.0,4275.0,4282.0,4267.0,508.0,21703270.0,35524
2023-05-10 21:10:41,eg2308,eg2308,4273.0,0.0,0.0,0.0,29,4273.0,4276.0,62,4262.0,4275.0,4282.0,4267.0,508.0,21703270.0,35524
2023-05-10 21:10:42,eg2308,eg2308,4273.0,0.0,0.0,0.0,29,4273.0,4275.0,7,4262.0,4275.0,4282.0,4267.0,508.0,21703270.0,35524
2023-05-10 21:10:42,eg2308,eg2308,4273.0,0.0,0.0,0.0,20,4273.0,4275.0,12,4262.0,4275.0,4282.0,4267.0,508.0,21703270.0,35524
2023-05-10 21:10:43,eg2308,eg2308,4273.0,0.0,0.0,0.0,17,4273.0,4275.0,31,4262.0,4275.0,4282.0,4267.0,508.0,21703270.0,35524
2023-05-10 21:10:43,eg2308,eg2308,4273.0,0.0,0.0,0.0,11,4273.0,4275.0,45,4262.0,4275.0,4282.0,4267.0,508.0,21703270.0,35524
2023-05-10 21:10:43,eg2308,eg2308,4273.0,0.0,0.0,0.0,8,4273.0,4275.0,48,4262.0,4275.0,4282.0,4267.0,508.0,21703270.0,35524
2023-05-10 21:10:45,eg2308,eg2308,4273.0,0.0,0.0,0.0,5,4273.0,4275.0,51,4262.0,4275.0,4282.0,4267.0,508.0,21703270.0,35524
2023-05-10 21:10:46,eg2308,eg2308,4273.0,0.0,0.0,0.0,19,4273.0,4275.0,21,4262.0,4275.0,4282.0,4267.0,508.0,21703270.0,35524
2023-05-10 21:10:46,eg2308,eg2308,4273.0,0.0,0.0,0.0,31,4273.0,4275.0,13,4262.0,4275.0,4282.0,4267.0,508.0,21703270.0,35524
2023-05-10 21:10:47,eg2308,eg2308,4273.0,0.0,0.0,0.0,34,4273.0,4275.0,4,4262.0,4275.0,4282.0,4267.0,508.0,21703270.0,35524
2023-05-10 21:10:47,eg2308,eg2308,4273.0,0.0,0.0,0.0,32,4273.0,4275.0,4,4262.0,4275.0,4282.0,4267.0,508.0,21703270.0,35524
2023-05-10 21:10:48,eg2308,eg2308,4273.0,0.0,0.0,0.0,32,4273.0,4276.0,59,4262.0,4275.0,4282.0,4267.0,508.0,21703270.0,35524
2023-05-10 21:10:49,eg2308,eg2308,4273.0,0.0,0.0,0.0,32,4273.0,4276.0,61,4262.0,4275.0,4282.0,4267.0,508.0,21703270.0,35524
2023-05-10 21:10:51,eg2308,eg2308,4273.0,0.0,0.0,0.0,20,4273.0,4275.0,34,4262.0,4275.0,4282.0,4267.0,508.0,21703270.0,35524
2023-05-10 21:10:51,eg2308,eg2308,4273.0,0.0,0.0,0.0,14,4273.0,4275.0,48,4262.0,4275.0,4282.0,4267.0,508.0,21703270.0,35524
2023-05-10 21:10:52,eg2308,eg2308,4273.0,0.0,0.0,0.0,8,4273.0,4275.0,48,4262.0,4275.0,4282.0,4267.0,508.0,21703270.0,35524
2023-05-10 21:10:53,eg2308,eg2308,4273.0,0.0,0.0,0.0,8,4273.0,4275.0,49,4262.0,4275.0,4282.0,4267.0,508.0,21703270.0,35524
2023-05-10 21:10:53,eg2308,eg2308,4273.0,0.0,0.0,0.0,5,4273.0,4275.0,51,4262.0,4275.0,4282.0,4267.0,508.0,21703270.0,35524
