time,symbol_id,symbol_name,last,trade_volume,trade_amount,open_interest_change,bv1,bp1,ap1,av1,yesterday_close,today_open,today_high,today_low,volume,amount,open_interest
2023-05-10 20:59:00,eg2306,eg2306,4198.0,401.0,16833980.0,-400.0,4,4188.0,4209.0,4,4192.0,4198.0,4198.0,4198.0,401.0,16833980.0,26008
2023-05-10 21:00:00,eg2306,eg2306,4198.0,0.0,0.0,0.0,2,4206.0,4210.0,1,4192.0,4198.0,4198.0,4198.0,401.0,16833980.0,26008
2023-05-10 21:00:00,eg2306,eg2306,4207.0,2.0,84140.0,1.0,3,4206.0,4210.0,1,4192.0,4198.0,4207.0,4198.0,403.0,16918120.0,26009
2023-05-10 21:00:01,eg2306,eg2306,4207.0,0.0,0.0,0.0,3,4206.0,4210.0,2,4192.0,4198.0,4207.0,4198.0,403.0,16918120.0,26009
2023-05-10 21:00:01,eg2306,eg2306,4207.0,0.0,0.0,0.0,3,4209.0,4210.0,2,4192.0,4198.0,4207.0,4198.0,403.0,16918120.0,26009
2023-05-10 21:00:02,eg2306,eg2306,4207.0,0.0,0.0,0.0,1,4209.0,4210.0,4,4192.0,4198.0,4207.0,4198.0,403.0,16918120.0,26009
2023-05-10 21:00:02,eg2306,eg2306,4209.0,1.0,42090.0,0.0,2,4206.0,4210.0,2,4192.0,4198.0,4209.0,4198.0,404.0,16960210.0,26009
2023-05-10 21:00:03,eg2306,eg2306,4209.0,0.0,0.0,0.0,10,4204.0,4210.0,2,4192.0,4198.0,4209.0,4198.0,404.0,16960210.0,26009
2023-05-10 21:00:03,eg2306,eg2306,4209.0,0.0,0.0,0.0,3,4205.0,4210.0,2,4192.0,4198.0,4209.0,4198.0,404.0,16960210.0,26009
2023-05-10 21:00:04,eg2306,eg2306,4209.0,0.0,0.0,0.0,1,4204.0,4210.0,2,4192.0,4198.0,4209.0,4198.0,404.0,16960210.0,26009
2023-05-10 21:00:05,eg2306,eg2306,4209.0,0.0,0.0,0.0,1,4204.0,4210.0,3,4192.0,4198.0,4209.0,4198.0,404.0,16960210.0,26009
2023-05-10 21:00:05,eg2306,eg2306,4209.0,0.0,0.0,0.0,6,4207.0,4209.0,4,4192.0,4198.0,4209.0,4198.0,404.0,16960210.0,26009
2023-05-10 21:00:06,eg2306,eg2306,4209.0,0.0,0.0,0.0,9,4206.0,4209.0,10,4192.0,4198.0,4209.0,4198.0,404.0,16960210.0,26009
2023-05-10 21:00:06,eg2306,eg2306,4209.0,0.0,0.0,0.0,2,4206.0,4209.0,10,4192.0,4198.0,4209.0,4198.0,404.0,16960210.0,26009
2023-05-10 21:00:07,eg2306,eg2306,4209.0,0.0,0.0,0.0,9,4206.0,4209.0,12,4192.0,4198.0,4209.0,4198.0,404.0,16960210.0,26009
2023-05-10 21:00:07,eg2306,eg2306,4209.0,0.0,0.0,0.0,9,4206.0,4209.0,10,4192.0,4198.0,4209.0,4198.0,404.0,16960210.0,26009
2023-05-10 21:00:08,eg2306,eg2306,4209.0,0.0,0.0,0.0,6,4207.0,4209.0,3,4192.0,4198.0,4209.0,4198.0,404.0,16960210.0,26009
2023-05-10 21:00:08,eg2306,eg2306,4207.0,1.0,42070.0,-1.0,1,4207.0,4209.0,9,4192.0,4198.0,4209.0,4198.0,405.0,17002280.0,26008
2023-05-10 21:00:09,eg2306,eg2306,4207.0,0.0,0.0,0.0,1,4207.0,4210.0,14,4192.0,4198.0,4209.0,4198.0,405.0,17002280.0,26008
2023-05-10 21:00:09,eg2306,eg2306,4207.0,0.0,0.0,0.0,9,4206.0,4209.0,11,4192.0,4198.0,4209.0,4198.0,405.0,17002280.0,26008
2023-05-10 21:00:10,eg2306,eg2306,4207.0,0.0,0.0,0.0,9,4206.0,4209.0,9,4192.0,4198.0,4209.0,4198.0,405.0,17002280.0,26008
2023-05-10 21:00:10,eg2306,eg2306,4207.0,0.0,0.0,0.0,3,4206.0,4209.0,14,4192.0,4198.0,4209.0,4198.0,405.0,17002280.0,26008
2023-05-10 21:00:11,eg2306,eg2306,4207.0,0.0,0.0,0.0,9,4206.0,4209.0,9,4192.0,4198.0,4209.0,4198.0,405.0,17002280.0,26008
2023-05-10 21:00:12,eg2306,eg2306,4207.0,0.0,0.0,0.0,11,4206.0,4209.0,2,4192.0,4198.0,4209.0,4198.0,405.0,17002280.0,26008
2023-05-10 21:00:12,eg2306,eg2306,4207.0,0.0,0.0,0.0,31,4206.0,4210.0,10,4192.0,4198.0,4209.0,4198.0,405.0,17002280.0,26008
2023-05-10 21:00:13,eg2306,eg2306,4207.0,0.0,0.0,0.0,20,4206.0,4210.0,10,4192.0,4198.0,4209.0,4198.0,405.0,17002280.0,26008
2023-05-10 21:00:13,eg2306,eg2306,4207.0,0.0,0.0,0.0,32,4206.0,4210.0,10,4192.0,4198.0,4209.0,4198.0,405.0,17002280.0,26008
2023-05-10 21:00:14,eg2306,eg2306,4207.0,0.0,0.0,0.0,28,4206.0,4210.0,10,4192.0,4198.0,4209.0,4198.0,405.0,17002280.0,26008
2023-05-10 21:00:14,eg2306,eg2306,4207.0,0.0,0.0,0.0,11,4206.0,4209.0,7,4192.0,4198.0,4209.0,4198.0,405.0,17002280.0,26008
2023-05-10 21:00:15,eg2306,eg2306,4207.0,0.0,0.0,0.0,16,4206.0,4210.0,10,4192.0,4198.0,4209.0,4198.0,405.0,17002280.0,26008
2023-05-10 21:00:15,eg2306,eg2306,4207.0,0.0,0.0,0.0,24,4207.0,4210.0,16,4192.0,4198.0,4209.0,4198.0,405.0,17002280.0,26008
2023-05-10 21:00:16,eg2306,eg2306,4207.0,0.0,0.0,0.0,1,4208.0,4210.0,15,4192.0,4198.0,4209.0,4198.0,405.0,17002280.0,26008
2023-05-10 21:00:16,eg2306,eg2306,4207.0,0.0,0.0,0.0,9,4208.0,4210.0,1,4192.0,4198.0,4209.0,4198.0,405.0,17002280.0,26008
2023-05-10 21:00:17,eg2306,eg2306,4207.0,0.0,0.0,0.0,15,4208.0,4210.0,1,4192.0,4198.0,4209.0,4198.0,405.0,17002280.0,26008
2023-05-10 21:00:18,eg2306,eg2306,4209.0,1.0,42090.0,1.0,23,4208.0,4210.0,1,4192.0,4198.0,4209.0,4198.0,406.0,17044370.0,26009
2023-05-10 21:00:18,eg2306,eg2306,4209.0,0.0,0.0,0.0,41,4208.0,4210.0,1,4192.0,4198.0,4209.0,4198.0,406.0,17044370.0,26009
2023-05-10 21:00:20,eg2306,eg2306,4209.0,0.0,0.0,0.0,18,4209.0,4210.0,1,4192.0,4198.0,4209.0,4198.0,406.0,17044370.0,26009
2023-05-10 21:00:20,eg2306,eg2306,4210.0,1.0,42100.0,0.0,41,4209.0,4212.0,15,4192.0,4198.0,4210.0,4198.0,407.0,17086470.0,26009
2023-05-10 21:00:21,eg2306,eg2306,4210.0,0.0,0.0,0.0,41,4209.0,4212.0,17,4192.0,4198.0,4210.0,4198.0,407.0,17086470.0,26009
2023-05-10 21:00:21,eg2306,eg2306,4210.0,0.0,0.0,0.0,41,4209.0,4212.0,3,4192.0,4198.0,4210.0,4198.0,407.0,17086470.0,26009
2023-05-10 21:00:22,eg2306,eg2306,4210.0,0.0,0.0,0.0,17,4209.0,4212.0,11,4192.0,4198.0,4210.0,4198.0,407.0,17086470.0,26009
2023-05-10 21:00:22,eg2306,eg2306,4210.0,0.0,0.0,0.0,17,4209.0,4212.0,22,4192.0,4198.0,4210.0,4198.0,407.0,17086470.0,26009
2023-05-10 21:00:23,eg2306,eg2306,4210.0,0.0,0.0,0.0,49,4209.0,4212.0,3,4192.0,4198.0,4210.0,4198.0,407.0,17086470.0,26009
2023-05-10 21:00:24,eg2306,eg2306,4210.0,0.0,0.0,0.0,47,4209.0,4212.0,9,4192.0,4198.0,4210.0,4198.0,407.0,17086470.0,26009
2023-05-10 21:00:24,eg2306,eg2306,4210.0,0.0,0.0,0.0,17,4210.0,4213.0,22,4192.0,4198.0,4210.0,4198.0,407.0,17086470.0,26009
2023-05-10 21:00:25,eg2306,eg2306,4210.0,0.0,0.0,0.0,20,4210.0,4213.0,22,4192.0,4198.0,4210.0,4198.0,407.0,17086470.0,26009
2023-05-10 21:00:25,eg2306,eg2306,4210.0,0.0,0.0,0.0,20,4210.0,4213.0,25,4192.0,4198.0,4210.0,4198.0,407.0,17086470.0,26009
2023-05-10 21:00:26,eg2306,eg2306,4210.0,0.0,0.0,0.0,21,4210.0,4213.0,14,4192.0,4198.0,4210.0,4198.0,407.0,17086470.0,26009
2023-05-10 21:00:26,eg2306,eg2306,4210.0,0.0,0.0,0.0,16,4210.0,4213.0,20,4192.0,4198.0,4210.0,4198.0,407.0,17086470.0,26009
2023-05-10 21:00:27,eg2306,eg2306,4210.0,0.0,0.0,0.0,12,4211.0,4214.0,17,4192.0,4198.0,4210.0,4198.0,407.0,17086470.0,26009
2023-05-10 21:00:27,eg2306,eg2306,4210.0,0.0,0.0,0.0,15,4211.0,4214.0,20,4192.0,4198.0,4210.0,4198.0,407.0,17086470.0,26009
2023-05-10 21:00:28,eg2306,eg2306,4210.0,0.0,0.0,0.0,15,4211.0,4214.0,16,4192.0,4198.0,4210.0,4198.0,407.0,17086470.0,26009
2023-05-10 21:00:28,eg2306,eg2306,4210.0,0.0,0.0,0.0,15,4211.0,4214.0,14,4192.0,4198.0,4210.0,4198.0,407.0,17086470.0,26009
2023-05-10 21:00:29,eg2306,eg2306,4210.0,0.0,0.0,0.0,8,4212.0,4215.0,18,4192.0,4198.0,4210.0,4198.0,407.0,17086470.0,26009
2023-05-10 21:00:29,eg2306,eg2306,4210.0,0.0,0.0,0.0,1,4213.0,4214.0,3,4192.0,4198.0,4210.0,4198.0,407.0,17086470.0,26009
2023-05-10 21:00:30,eg2306,eg2306,4210.0,0.0,0.0,0.0,1,4213.0,4215.0,23,4192.0,4198.0,4210.0,4198.0,407.0,17086470.0,26009
2023-05-10 21:00:30,eg2306,eg2306,4210.0,0.0,0.0,0.0,2,4214.0,4216.0,10,4192.0,4198.0,4210.0,4198.0,407.0,17086470.0,26009
2023-05-10 21:00:31,eg2306,eg2306,4215.0,1.0,42150.0,1.0,1,4214.0,4216.0,8,4192.0,4198.0,4215.0,4198.0,408.0,17128620.0,26010
2023-05-10 21:00:31,eg2306,eg2306,4214.0,3.0,126420.0,2.0,62,4213.0,4216.0,16,4192.0,4198.0,4215.0,4198.0,411.0,17255040.0,26012
2023-05-10 21:00:32,eg2306,eg2306,4214.0,0.0,0.0,0.0,28,4213.0,4216.0,21,4192.0,4198.0,4215.0,4198.0,411.0,17255040.0,26012
2023-05-10 21:00:32,eg2306,eg2306,4214.0,0.0,0.0,0.0,8,4213.0,4216.0,15,4192.0,4198.0,4215.0,4198.0,411.0,17255040.0,26012
2023-05-10 21:00:33,eg2306,eg2306,4214.0,0.0,0.0,0.0,25,4212.0,4215.0,13,4192.0,4198.0,4215.0,4198.0,411.0,17255040.0,26012
2023-05-10 21:00:33,eg2306,eg2306,4214.0,0.0,0.0,0.0,14,4212.0,4215.0,15,4192.0,4198.0,4215.0,4198.0,411.0,17255040.0,26012
2023-05-10 21:00:34,eg2306,eg2306,4214.0,0.0,0.0,0.0,2,4212.0,4215.0,14,4192.0,4198.0,4215.0,4198.0,411.0,17255040.0,26012
2023-05-10 21:00:34,eg2306,eg2306,4214.0,0.0,0.0,0.0,12,4211.0,4214.0,7,4192.0,4198.0,4215.0,4198.0,411.0,17255040.0,26012
2023-05-10 21:00:35,eg2306,eg2306,4214.0,0.0,0.0,0.0,14,4211.0,4214.0,17,4192.0,4198.0,4215.0,4198.0,411.0,17255040.0,26012
2023-05-10 21:00:35,eg2306,eg2306,4214.0,0.0,0.0,0.0,12,4212.0,4215.0,24,4192.0,4198.0,4215.0,4198.0,411.0,17255040.0,26012
2023-05-10 21:00:36,eg2306,eg2306,4214.0,0.0,0.0,0.0,14,4212.0,4215.0,23,4192.0,4198.0,4215.0,4198.0,411.0,17255040.0,26012
2023-05-10 21:00:36,eg2306,eg2306,4214.0,0.0,0.0,0.0,2,4212.0,4214.0,12,4192.0,4198.0,4215.0,4198.0,411.0,17255040.0,26012
2023-05-10 21:00:37,eg2306,eg2306,4214.0,0.0,0.0,0.0,14,4212.0,4215.0,13,4192.0,4198.0,4215.0,4198.0,411.0,17255040.0,26012
2023-05-10 21:00:37,eg2306,eg2306,4214.0,0.0,0.0,0.0,14,4212.0,4215.0,20,4192.0,4198.0,4215.0,4198.0,411.0,17255040.0,26012
2023-05-10 21:00:38,eg2306,eg2306,4214.0,0.0,0.0,0.0,14,4212.0,4215.0,3,4192.0,4198.0,4215.0,4198.0,411.0,17255040.0,26012
2023-05-10 21:00:38,eg2306,eg2306,4214.0,0.0,0.0,0.0,14,4212.0,4215.0,20,4192.0,4198.0,4215.0,4198.0,411.0,17255040.0,26012
2023-05-10 21:00:39,eg2306,eg2306,4214.0,0.0,0.0,0.0,13,4212.0,4215.0,25,4192.0,4198.0,4215.0,4198.0,411.0,17255040.0,26012
2023-05-10 21:00:39,eg2306,eg2306,4214.0,0.0,0.0,0.0,44,4212.0,4216.0,24,4192.0,4198.0,4215.0,4198.0,411.0,17255040.0,26012
2023-05-10 21:00:40,eg2306,eg2306,4214.0,0.0,0.0,0.0,33,4212.0,4215.0,3,4192.0,4198.0,4215.0,4198.0,411.0,17255040.0,26012
2023-05-10 21:00:40,eg2306,eg2306,4214.0,0.0,0.0,0.0,17,4212.0,4215.0,9,4192.0,4198.0,4215.0,4198.0,411.0,17255040.0,26012
2023-05-10 21:00:41,eg2306,eg2306,4214.0,1.0,42140.0,0.0,14,4212.0,4215.0,16,4192.0,4198.0,4215.0,4198.0,412.0,17297180.0,26012
2023-05-10 21:00:41,eg2306,eg2306,4214.0,0.0,0.0,0.0,14,4212.0,4215.0,18,4192.0,4198.0,4215.0,4198.0,412.0,17297180.0,26012
2023-05-10 21:00:42,eg2306,eg2306,4214.0,0.0,0.0,0.0,14,4212.0,4215.0,8,4192.0,4198.0,4215.0,4198.0,412.0,17297180.0,26012
2023-05-10 21:00:42,eg2306,eg2306,4214.0,0.0,0.0,0.0,16,4212.0,4215.0,8,4192.0,4198.0,4215.0,4198.0,412.0,17297180.0,26012
2023-05-10 21:00:43,eg2306,eg2306,4214.0,0.0,0.0,0.0,14,4212.0,4215.0,8,4192.0,4198.0,4215.0,4198.0,412.0,17297180.0,26012
2023-05-10 21:00:43,eg2306,eg2306,4214.0,0.0,0.0,0.0,8,4212.0,4215.0,10,4192.0,4198.0,4215.0,4198.0,412.0,17297180.0,26012
2023-05-10 21:00:44,eg2306,eg2306,4214.0,0.0,0.0,0.0,8,4212.0,4215.0,23,4192.0,4198.0,4215.0,4198.0,412.0,17297180.0,26012
2023-05-10 21:00:44,eg2306,eg2306,4214.0,0.0,0.0,0.0,14,4212.0,4215.0,20,4192.0,4198.0,4215.0,4198.0,412.0,17297180.0,26012
2023-05-10 21:00:45,eg2306,eg2306,4214.0,0.0,0.0,0.0,2,4212.0,4215.0,26,4192.0,4198.0,4215.0,4198.0,412.0,17297180.0,26012
2023-05-10 21:00:46,eg2306,eg2306,4214.0,0.0,0.0,0.0,8,4212.0,4215.0,16,4192.0,4198.0,4215.0,4198.0,412.0,17297180.0,26012
2023-05-10 21:00:46,eg2306,eg2306,4214.0,0.0,0.0,0.0,8,4212.0,4215.0,10,4192.0,4198.0,4215.0,4198.0,412.0,17297180.0,26012
2023-05-10 21:00:47,eg2306,eg2306,4214.0,0.0,0.0,0.0,8,4212.0,4215.0,18,4192.0,4198.0,4215.0,4198.0,412.0,17297180.0,26012
2023-05-10 21:00:47,eg2306,eg2306,4214.0,0.0,0.0,0.0,11,4212.0,4214.0,1,4192.0,4198.0,4215.0,4198.0,412.0,17297180.0,26012
2023-05-10 21:00:48,eg2306,eg2306,4214.0,0.0,0.0,0.0,17,4212.0,4214.0,1,4192.0,4198.0,4215.0,4198.0,412.0,17297180.0,26012
2023-05-10 21:00:49,eg2306,eg2306,4214.0,0.0,0.0,0.0,15,4212.0,4214.0,14,4192.0,4198.0,4215.0,4198.0,412.0,17297180.0,26012
2023-05-10 21:00:49,eg2306,eg2306,4214.0,0.0,0.0,0.0,14,4211.0,4214.0,19,4192.0,4198.0,4215.0,4198.0,412.0,17297180.0,26012
2023-05-10 21:00:50,eg2306,eg2306,4214.0,0.0,0.0,0.0,14,4211.0,4214.0,27,4192.0,4198.0,4215.0,4198.0,412.0,17297180.0,26012
2023-05-10 21:00:51,eg2306,eg2306,4214.0,0.0,0.0,0.0,14,4211.0,4214.0,18,4192.0,4198.0,4215.0,4198.0,412.0,17297180.0,26012
2023-05-10 21:00:51,eg2306,eg2306,4214.0,0.0,0.0,0.0,14,4211.0,4214.0,20,4192.0,4198.0,4215.0,4198.0,412.0,17297180.0,26012
2023-05-10 21:00:52,eg2306,eg2306,4214.0,0.0,0.0,0.0,14,4211.0,4214.0,15,4192.0,4198.0,4215.0,4198.0,412.0,17297180.0,26012
2023-05-10 21:00:52,eg2306,eg2306,4214.0,0.0,0.0,0.0,14,4211.0,4214.0,17,4192.0,4198.0,4215.0,4198.0,412.0,17297180.0,26012
2023-05-10 21:00:53,eg2306,eg2306,4214.0,0.0,0.0,0.0,2,4211.0,4214.0,22,4192.0,4198.0,4215.0,4198.0,412.0,17297180.0,26012
2023-05-10 21:00:54,eg2306,eg2306,4214.0,0.0,0.0,0.0,2,4211.0,4214.0,20,4192.0,4198.0,4215.0,4198.0,412.0,17297180.0,26012
2023-05-10 21:00:55,eg2306,eg2306,4214.0,0.0,0.0,0.0,11,4211.0,4214.0,22,4192.0,4198.0,4215.0,4198.0,412.0,17297180.0,26012
2023-05-10 21:00:55,eg2306,eg2306,4214.0,0.0,0.0,0.0,15,4211.0,4213.0,10,4192.0,4198.0,4215.0,4198.0,412.0,17297180.0,26012
2023-05-10 21:00:56,eg2306,eg2306,4214.0,0.0,0.0,0.0,2,4211.0,4213.0,10,4192.0,4198.0,4215.0,4198.0,412.0,17297180.0,26012
2023-05-10 21:00:57,eg2306,eg2306,4214.0,0.0,0.0,0.0,17,4210.0,4213.0,28,4192.0,4198.0,4215.0,4198.0,412.0,17297180.0,26012
2023-05-10 21:00:57,eg2306,eg2306,4214.0,0.0,0.0,0.0,17,4210.0,4212.0,2,4192.0,4198.0,4215.0,4198.0,412.0,17297180.0,26012
2023-05-10 21:00:58,eg2306,eg2306,4214.0,0.0,0.0,0.0,2,4210.0,4212.0,2,4192.0,4198.0,4215.0,4198.0,412.0,17297180.0,26012
2023-05-10 21:01:00,eg2306,eg2306,4214.0,0.0,0.0,0.0,23,4209.0,4212.0,8,4192.0,4198.0,4215.0,4198.0,412.0,17297180.0,26012
2023-05-10 21:01:00,eg2306,eg2306,4214.0,0.0,0.0,0.0,15,4210.0,4213.0,25,4192.0,4198.0,4215.0,4198.0,412.0,17297180.0,26012
2023-05-10 21:01:01,eg2306,eg2306,4214.0,0.0,0.0,0.0,17,4210.0,4213.0,24,4192.0,4198.0,4215.0,4198.0,412.0,17297180.0,26012
2023-05-10 21:01:01,eg2306,eg2306,4214.0,0.0,0.0,0.0,2,4210.0,4213.0,26,4192.0,4198.0,4215.0,4198.0,412.0,17297180.0,26012
2023-05-10 21:01:02,eg2306,eg2306,4214.0,0.0,0.0,0.0,2,4210.0,4213.0,30,4192.0,4198.0,4215.0,4198.0,412.0,17297180.0,26012
2023-05-10 21:01:02,eg2306,eg2306,4214.0,0.0,0.0,0.0,8,4210.0,4213.0,26,4192.0,4198.0,4215.0,4198.0,412.0,17297180.0,26012
2023-05-10 21:01:03,eg2306,eg2306,4214.0,0.0,0.0,0.0,22,4209.0,4212.0,8,4192.0,4198.0,4215.0,4198.0,412.0,17297180.0,26012
2023-05-10 21:01:03,eg2306,eg2306,4214.0,0.0,0.0,0.0,23,4209.0,4212.0,10,4192.0,4198.0,4215.0,4198.0,412.0,17297180.0,26012
2023-05-10 21:01:04,eg2306,eg2306,4214.0,0.0,0.0,0.0,23,4209.0,4212.0,15,4192.0,4198.0,4215.0,4198.0,412.0,17297180.0,26012
2023-05-10 21:01:04,eg2306,eg2306,4214.0,0.0,0.0,0.0,15,4208.0,4211.0,28,4192.0,4198.0,4215.0,4198.0,412.0,17297180.0,26012
2023-05-10 21:01:05,eg2306,eg2306,4214.0,0.0,0.0,0.0,2,4208.0,4210.0,9,4192.0,4198.0,4215.0,4198.0,412.0,17297180.0,26012
2023-05-10 21:01:05,eg2306,eg2306,4214.0,0.0,0.0,0.0,21,4207.0,4210.0,15,4192.0,4198.0,4215.0,4198.0,412.0,17297180.0,26012
2023-05-10 21:01:06,eg2306,eg2306,4214.0,0.0,0.0,0.0,23,4207.0,4210.0,21,4192.0,4198.0,4215.0,4198.0,412.0,17297180.0,26012
2023-05-10 21:01:07,eg2306,eg2306,4214.0,0.0,0.0,0.0,21,4206.0,4209.0,16,4192.0,4198.0,4215.0,4198.0,412.0,17297180.0,26012
2023-05-10 21:01:07,eg2306,eg2306,4214.0,0.0,0.0,0.0,21,4205.0,4208.0,16,4192.0,4198.0,4215.0,4198.0,412.0,17297180.0,26012
2023-05-10 21:01:08,eg2306,eg2306,4214.0,0.0,0.0,0.0,8,4205.0,4208.0,42,4192.0,4198.0,4215.0,4198.0,412.0,17297180.0,26012
2023-05-10 21:01:08,eg2306,eg2306,4214.0,0.0,0.0,0.0,13,4205.0,4208.0,21,4192.0,4198.0,4215.0,4198.0,412.0,17297180.0,26012
2023-05-10 21:01:09,eg2306,eg2306,4214.0,0.0,0.0,0.0,15,4205.0,4208.0,26,4192.0,4198.0,4215.0,4198.0,412.0,17297180.0,26012
2023-05-10 21:01:09,eg2306,eg2306,4214.0,0.0,0.0,0.0,9,4205.0,4208.0,52,4192.0,4198.0,4215.0,4198.0,412.0,17297180.0,26012
2023-05-10 21:01:10,eg2306,eg2306,4214.0,0.0,0.0,0.0,9,4205.0,4208.0,60,4192.0,4198.0,4215.0,4198.0,412.0,17297180.0,26012
2023-05-10 21:01:10,eg2306,eg2306,4214.0,0.0,0.0,0.0,9,4205.0,4208.0,67,4192.0,4198.0,4215.0,4198.0,412.0,17297180.0,26012
2023-05-10 21:01:11,eg2306,eg2306,4214.0,0.0,0.0,0.0,7,4205.0,4208.0,58,4192.0,4198.0,4215.0,4198.0,412.0,17297180.0,26012
2023-05-10 21:01:12,eg2306,eg2306,4214.0,0.0,0.0,0.0,9,4205.0,4208.0,50,4192.0,4198.0,4215.0,4198.0,412.0,17297180.0,26012
2023-05-10 21:01:12,eg2306,eg2306,4214.0,0.0,0.0,0.0,14,4204.0,4207.0,8,4192.0,4198.0,4215.0,4198.0,412.0,17297180.0,26012
2023-05-10 21:01:13,eg2306,eg2306,4214.0,0.0,0.0,0.0,14,4204.0,4207.0,12,4192.0,4198.0,4215.0,4198.0,412.0,17297180.0,26012
2023-05-10 21:01:13,eg2306,eg2306,4214.0,0.0,0.0,0.0,3,4205.0,4207.0,14,4192.0,4198.0,4215.0,4198.0,412.0,17297180.0,26012
2023-05-10 21:01:14,eg2306,eg2306,4214.0,0.0,0.0,0.0,5,4205.0,4207.0,2,4192.0,4198.0,4215.0,4198.0,412.0,17297180.0,26012
2023-05-10 21:01:14,eg2306,eg2306,4214.0,0.0,0.0,0.0,4,4205.0,4207.0,2,4192.0,4198.0,4215.0,4198.0,412.0,17297180.0,26012
2023-05-10 21:01:15,eg2306,eg2306,4214.0,0.0,0.0,0.0,5,4205.0,4207.0,2,4192.0,4198.0,4215.0,4198.0,412.0,17297180.0,26012
2023-05-10 21:01:16,eg2306,eg2306,4214.0,0.0,0.0,0.0,2,4205.0,4207.0,8,4192.0,4198.0,4215.0,4198.0,412.0,17297180.0,26012
2023-05-10 21:01:16,eg2306,eg2306,4214.0,0.0,0.0,0.0,4,4205.0,4207.0,8,4192.0,4198.0,4215.0,4198.0,412.0,17297180.0,26012
2023-05-10 21:01:17,eg2306,eg2306,4214.0,0.0,0.0,0.0,2,4206.0,4208.0,21,4192.0,4198.0,4215.0,4198.0,412.0,17297180.0,26012
2023-05-10 21:01:17,eg2306,eg2306,4214.0,0.0,0.0,0.0,5,4206.0,4208.0,16,4192.0,4198.0,4215.0,4198.0,412.0,17297180.0,26012
2023-05-10 21:01:18,eg2306,eg2306,4214.0,0.0,0.0,0.0,4,4206.0,4208.0,16,4192.0,4198.0,4215.0,4198.0,412.0,17297180.0,26012
2023-05-10 21:01:18,eg2306,eg2306,4214.0,0.0,0.0,0.0,2,4206.0,4208.0,16,4192.0,4198.0,4215.0,4198.0,412.0,17297180.0,26012
2023-05-10 21:01:19,eg2306,eg2306,4214.0,0.0,0.0,0.0,2,4206.0,4208.0,19,4192.0,4198.0,4215.0,4198.0,412.0,17297180.0,26012
2023-05-10 21:01:21,eg2306,eg2306,4214.0,0.0,0.0,0.0,2,4206.0,4208.0,22,4192.0,4198.0,4215.0,4198.0,412.0,17297180.0,26012
2023-05-10 21:01:22,eg2306,eg2306,4214.0,0.0,0.0,0.0,2,4206.0,4208.0,19,4192.0,4198.0,4215.0,4198.0,412.0,17297180.0,26012
2023-05-10 21:01:22,eg2306,eg2306,4214.0,0.0,0.0,0.0,2,4206.0,4208.0,25,4192.0,4198.0,4215.0,4198.0,412.0,17297180.0,26012
2023-05-10 21:01:23,eg2306,eg2306,4214.0,0.0,0.0,0.0,2,4206.0,4208.0,26,4192.0,4198.0,4215.0,4198.0,412.0,17297180.0,26012
2023-05-10 21:01:24,eg2306,eg2306,4214.0,0.0,0.0,0.0,13,4204.0,4207.0,18,4192.0,4198.0,4215.0,4198.0,412.0,17297180.0,26012
2023-05-10 21:01:25,eg2306,eg2306,4214.0,0.0,0.0,0.0,2,4205.0,4207.0,13,4192.0,4198.0,4215.0,4198.0,412.0,17297180.0,26012
2023-05-10 21:01:25,eg2306,eg2306,4214.0,0.0,0.0,0.0,4,4205.0,4207.0,7,4192.0,4198.0,4215.0,4198.0,412.0,17297180.0,26012
2023-05-10 21:01:26,eg2306,eg2306,4214.0,0.0,0.0,0.0,4,4205.0,4207.0,10,4192.0,4198.0,4215.0,4198.0,412.0,17297180.0,26012
2023-05-10 21:01:26,eg2306,eg2306,4214.0,0.0,0.0,0.0,2,4205.0,4207.0,20,4192.0,4198.0,4215.0,4198.0,412.0,17297180.0,26012
2023-05-10 21:01:28,eg2306,eg2306,4214.0,0.0,0.0,0.0,2,4205.0,4207.0,26,4192.0,4198.0,4215.0,4198.0,412.0,17297180.0,26012
2023-05-10 21:01:28,eg2306,eg2306,4205.0,1.0,42050.0,-1.0,1,4205.0,4207.0,22,4192.0,4198.0,4215.0,4198.0,413.0,17339230.0,26011
2023-05-10 21:01:32,eg2306,eg2306,4205.0,1.0,42050.0,0.0,12,4203.0,4206.0,16,4192.0,4198.0,4215.0,4198.0,414.0,17381280.0,26011
2023-05-10 21:01:32,eg2306,eg2306,4205.0,0.0,0.0,0.0,8,4203.0,4205.0,2,4192.0,4198.0,4215.0,4198.0,414.0,17381280.0,26011
2023-05-10 21:01:33,eg2306,eg2306,4205.0,2.0,84100.0,0.0,14,4204.0,4207.0,21,4192.0,4198.0,4215.0,4198.0,416.0,17465380.0,26011
2023-05-10 21:01:33,eg2306,eg2306,4205.0,0.0,0.0,0.0,29,4205.0,4207.0,11,4192.0,4198.0,4215.0,4198.0,416.0,17465380.0,26011
2023-05-10 21:01:34,eg2306,eg2306,4205.0,4.0,168200.0,4.0,53,4205.0,4207.0,2,4192.0,4198.0,4215.0,4198.0,420.0,17633580.0,26015
2023-05-10 21:01:34,eg2306,eg2306,4205.0,0.0,0.0,0.0,72,4205.0,4207.0,2,4192.0,4198.0,4215.0,4198.0,420.0,17633580.0,26015
2023-05-10 21:01:35,eg2306,eg2306,4205.0,0.0,0.0,0.0,60,4205.0,4208.0,22,4192.0,4198.0,4215.0,4198.0,420.0,17633580.0,26015
2023-05-10 21:01:35,eg2306,eg2306,4205.0,0.0,0.0,0.0,79,4205.0,4208.0,13,4192.0,4198.0,4215.0,4198.0,420.0,17633580.0,26015
2023-05-10 21:01:36,eg2306,eg2306,4205.0,0.0,0.0,0.0,54,4205.0,4208.0,7,4192.0,4198.0,4215.0,4198.0,420.0,17633580.0,26015
2023-05-10 21:01:36,eg2306,eg2306,4205.0,0.0,0.0,0.0,6,4206.0,4209.0,23,4192.0,4198.0,4215.0,4198.0,420.0,17633580.0,26015
2023-05-10 21:01:37,eg2306,eg2306,4205.0,0.0,0.0,0.0,6,4206.0,4209.0,42,4192.0,4198.0,4215.0,4198.0,420.0,17633580.0,26015
2023-05-10 21:01:37,eg2306,eg2306,4205.0,0.0,0.0,0.0,12,4206.0,4209.0,44,4192.0,4198.0,4215.0,4198.0,420.0,17633580.0,26015
2023-05-10 21:01:38,eg2306,eg2306,4205.0,0.0,0.0,0.0,26,4206.0,4209.0,35,4192.0,4198.0,4215.0,4198.0,420.0,17633580.0,26015
2023-05-10 21:01:38,eg2306,eg2306,4205.0,0.0,0.0,0.0,28,4206.0,4209.0,48,4192.0,4198.0,4215.0,4198.0,420.0,17633580.0,26015
2023-05-10 21:01:39,eg2306,eg2306,4205.0,0.0,0.0,0.0,28,4206.0,4209.0,62,4192.0,4198.0,4215.0,4198.0,420.0,17633580.0,26015
2023-05-10 21:01:40,eg2306,eg2306,4205.0,0.0,0.0,0.0,28,4206.0,4209.0,60,4192.0,4198.0,4215.0,4198.0,420.0,17633580.0,26015
2023-05-10 21:01:40,eg2306,eg2306,4205.0,0.0,0.0,0.0,28,4206.0,4209.0,62,4192.0,4198.0,4215.0,4198.0,420.0,17633580.0,26015
2023-05-10 21:01:41,eg2306,eg2306,4205.0,0.0,0.0,0.0,28,4206.0,4209.0,60,4192.0,4198.0,4215.0,4198.0,420.0,17633580.0,26015
2023-05-10 21:01:41,eg2306,eg2306,4205.0,0.0,0.0,0.0,28,4206.0,4209.0,62,4192.0,4198.0,4215.0,4198.0,420.0,17633580.0,26015
2023-05-10 21:01:42,eg2306,eg2306,4206.0,4.0,168240.0,4.0,8,4206.0,4209.0,56,4192.0,4198.0,4215.0,4198.0,424.0,17801820.0,26019
2023-05-10 21:01:42,eg2306,eg2306,4206.0,0.0,0.0,0.0,6,4206.0,4209.0,30,4192.0,4198.0,4215.0,4198.0,424.0,17801820.0,26019
2023-05-10 21:01:43,eg2306,eg2306,4206.0,0.0,0.0,0.0,76,4205.0,4208.0,16,4192.0,4198.0,4215.0,4198.0,424.0,17801820.0,26019
2023-05-10 21:01:44,eg2306,eg2306,4206.0,0.0,0.0,0.0,76,4205.0,4208.0,19,4192.0,4198.0,4215.0,4198.0,424.0,17801820.0,26019
2023-05-10 21:01:44,eg2306,eg2306,4206.0,0.0,0.0,0.0,76,4205.0,4208.0,21,4192.0,4198.0,4215.0,4198.0,424.0,17801820.0,26019
2023-05-10 21:01:45,eg2306,eg2306,4206.0,0.0,0.0,0.0,73,4205.0,4208.0,21,4192.0,4198.0,4215.0,4198.0,424.0,17801820.0,26019
2023-05-10 21:01:46,eg2306,eg2306,4206.0,0.0,0.0,0.0,94,4205.0,4208.0,21,4192.0,4198.0,4215.0,4198.0,424.0,17801820.0,26019
2023-05-10 21:01:46,eg2306,eg2306,4206.0,0.0,0.0,0.0,94,4205.0,4208.0,20,4192.0,4198.0,4215.0,4198.0,424.0,17801820.0,26019
2023-05-10 21:01:47,eg2306,eg2306,4206.0,0.0,0.0,0.0,64,4205.0,4208.0,4,4192.0,4198.0,4215.0,4198.0,424.0,17801820.0,26019
2023-05-10 21:01:48,eg2306,eg2306,4206.0,0.0,0.0,0.0,6,4206.0,4208.0,2,4192.0,4198.0,4215.0,4198.0,424.0,17801820.0,26019
2023-05-10 21:01:49,eg2306,eg2306,4206.0,0.0,0.0,0.0,6,4206.0,4209.0,63,4192.0,4198.0,4215.0,4198.0,424.0,17801820.0,26019
2023-05-10 21:01:49,eg2306,eg2306,4206.0,0.0,0.0,0.0,47,4206.0,4209.0,40,4192.0,4198.0,4215.0,4198.0,424.0,17801820.0,26019
2023-05-10 21:01:50,eg2306,eg2306,4206.0,0.0,0.0,0.0,79,4206.0,4209.0,19,4192.0,4198.0,4215.0,4198.0,424.0,17801820.0,26019
2023-05-10 21:01:50,eg2306,eg2306,4206.0,0.0,0.0,0.0,103,4206.0,4209.0,8,4192.0,4198.0,4215.0,4198.0,424.0,17801820.0,26019
2023-05-10 21:01:51,eg2306,eg2306,4206.0,0.0,0.0,0.0,6,4207.0,4210.0,30,4192.0,4198.0,4215.0,4198.0,424.0,17801820.0,26019
2023-05-10 21:01:51,eg2306,eg2306,4206.0,0.0,0.0,0.0,6,4207.0,4210.0,29,4192.0,4198.0,4215.0,4198.0,424.0,17801820.0,26019
2023-05-10 21:01:52,eg2306,eg2306,4206.0,0.0,0.0,0.0,12,4207.0,4210.0,32,4192.0,4198.0,4215.0,4198.0,424.0,17801820.0,26019
2023-05-10 21:01:52,eg2306,eg2306,4206.0,0.0,0.0,0.0,12,4207.0,4210.0,33,4192.0,4198.0,4215.0,4198.0,424.0,17801820.0,26019
2023-05-10 21:01:53,eg2306,eg2306,4206.0,0.0,0.0,0.0,6,4207.0,4210.0,33,4192.0,4198.0,4215.0,4198.0,424.0,17801820.0,26019
2023-05-10 21:01:57,eg2306,eg2306,4206.0,0.0,0.0,0.0,6,4207.0,4210.0,37,4192.0,4198.0,4215.0,4198.0,424.0,17801820.0,26019
2023-05-10 21:01:57,eg2306,eg2306,4206.0,0.0,0.0,0.0,6,4207.0,4210.0,46,4192.0,4198.0,4215.0,4198.0,424.0,17801820.0,26019
2023-05-10 21:01:58,eg2306,eg2306,4206.0,0.0,0.0,0.0,6,4207.0,4210.0,64,4192.0,4198.0,4215.0,4198.0,424.0,17801820.0,26019
2023-05-10 21:01:59,eg2306,eg2306,4206.0,0.0,0.0,0.0,6,4207.0,4210.0,66,4192.0,4198.0,4215.0,4198.0,424.0,17801820.0,26019
2023-05-10 21:01:59,eg2306,eg2306,4206.0,0.0,0.0,0.0,65,4207.0,4210.0,12,4192.0,4198.0,4215.0,4198.0,424.0,17801820.0,26019
2023-05-10 21:02:00,eg2306,eg2306,4207.0,29.0,1220030.0,7.0,26,4207.0,4208.0,6,4192.0,4198.0,4215.0,4198.0,453.0,19021850.0,26026
2023-05-10 21:02:00,eg2306,eg2306,4207.0,7.0,294490.0,7.0,9,4205.0,4208.0,8,4192.0,4198.0,4215.0,4198.0,460.0,19316340.0,26033
2023-05-10 21:02:01,eg2306,eg2306,4207.0,0.0,0.0,0.0,9,4205.0,4207.0,6,4192.0,4198.0,4215.0,4198.0,460.0,19316340.0,26033
2023-05-10 21:02:01,eg2306,eg2306,4207.0,0.0,0.0,0.0,12,4205.0,4207.0,8,4192.0,4198.0,4215.0,4198.0,460.0,19316340.0,26033
2023-05-10 21:02:02,eg2306,eg2306,4207.0,0.0,0.0,0.0,103,4205.0,4207.0,8,4192.0,4198.0,4215.0,4198.0,460.0,19316340.0,26033
2023-05-10 21:02:02,eg2306,eg2306,4207.0,0.0,0.0,0.0,52,4205.0,4207.0,8,4192.0,4198.0,4215.0,4198.0,460.0,19316340.0,26033
2023-05-10 21:02:03,eg2306,eg2306,4207.0,0.0,0.0,0.0,45,4204.0,4207.0,8,4192.0,4198.0,4215.0,4198.0,460.0,19316340.0,26033
2023-05-10 21:02:03,eg2306,eg2306,4207.0,0.0,0.0,0.0,15,4204.0,4207.0,8,4192.0,4198.0,4215.0,4198.0,460.0,19316340.0,26033
2023-05-10 21:02:04,eg2306,eg2306,4207.0,0.0,0.0,0.0,15,4204.0,4207.0,14,4192.0,4198.0,4215.0,4198.0,460.0,19316340.0,26033
2023-05-10 21:02:04,eg2306,eg2306,4207.0,0.0,0.0,0.0,9,4204.0,4206.0,6,4192.0,4198.0,4215.0,4198.0,460.0,19316340.0,26033
2023-05-10 21:02:05,eg2306,eg2306,4207.0,0.0,0.0,0.0,14,4203.0,4206.0,8,4192.0,4198.0,4215.0,4198.0,460.0,19316340.0,26033
2023-05-10 21:02:05,eg2306,eg2306,4207.0,0.0,0.0,0.0,17,4203.0,4206.0,14,4192.0,4198.0,4215.0,4198.0,460.0,19316340.0,26033
2023-05-10 21:02:06,eg2306,eg2306,4207.0,0.0,0.0,0.0,17,4203.0,4206.0,26,4192.0,4198.0,4215.0,4198.0,460.0,19316340.0,26033
2023-05-10 21:02:06,eg2306,eg2306,4207.0,0.0,0.0,0.0,15,4203.0,4206.0,32,4192.0,4198.0,4215.0,4198.0,460.0,19316340.0,26033
2023-05-10 21:02:07,eg2306,eg2306,4207.0,0.0,0.0,0.0,15,4202.0,4205.0,30,4192.0,4198.0,4215.0,4198.0,460.0,19316340.0,26033
2023-05-10 21:02:07,eg2306,eg2306,4204.0,2.0,84080.0,0.0,54,4201.0,4204.0,2,4192.0,4198.0,4215.0,4198.0,462.0,19400420.0,26033
2023-05-10 21:02:08,eg2306,eg2306,4204.0,0.0,0.0,0.0,21,4201.0,4204.0,26,4192.0,4198.0,4215.0,4198.0,462.0,19400420.0,26033
2023-05-10 21:02:08,eg2306,eg2306,4204.0,0.0,0.0,0.0,15,4201.0,4204.0,32,4192.0,4198.0,4215.0,4198.0,462.0,19400420.0,26033
2023-05-10 21:02:09,eg2306,eg2306,4204.0,0.0,0.0,0.0,9,4201.0,4204.0,32,4192.0,4198.0,4215.0,4198.0,462.0,19400420.0,26033
2023-05-10 21:02:09,eg2306,eg2306,4203.0,6.0,252180.0,6.0,15,4201.0,4204.0,26,4192.0,4198.0,4215.0,4198.0,468.0,19652600.0,26039
2023-05-10 21:02:10,eg2306,eg2306,4202.0,6.0,252120.0,0.0,33,4200.0,4203.0,17,4192.0,4198.0,4215.0,4198.0,474.0,19904720.0,26039
2023-05-10 21:02:10,eg2306,eg2306,4202.0,9.0,378180.0,6.0,21,4199.0,4203.0,18,4192.0,4198.0,4215.0,4198.0,483.0,20282900.0,26045
2023-05-10 21:02:11,eg2306,eg2306,4202.0,4.0,168080.0,0.0,25,4199.0,4203.0,12,4192.0,4198.0,4215.0,4198.0,487.0,20450980.0,26045
2023-05-10 21:02:11,eg2306,eg2306,4202.0,2.0,84040.0,0.0,23,4200.0,4203.0,12,4192.0,4198.0,4215.0,4198.0,489.0,20535020.0,26045
2023-05-10 21:02:12,eg2306,eg2306,4202.0,0.0,0.0,0.0,29,4200.0,4203.0,14,4192.0,4198.0,4215.0,4198.0,489.0,20535020.0,26045
2023-05-10 21:02:13,eg2306,eg2306,4202.0,0.0,0.0,0.0,31,4200.0,4203.0,8,4192.0,4198.0,4215.0,4198.0,489.0,20535020.0,26045
2023-05-10 21:02:13,eg2306,eg2306,4202.0,0.0,0.0,0.0,29,4200.0,4203.0,8,4192.0,4198.0,4215.0,4198.0,489.0,20535020.0,26045
2023-05-10 21:02:13,eg2306,eg2306,4202.0,0.0,0.0,0.0,31,4200.0,4203.0,8,4192.0,4198.0,4215.0,4198.0,489.0,20535020.0,26045
2023-05-10 21:02:14,eg2306,eg2306,4205.0,73.0,3069030.0,26.0,12,4205.0,4206.0,16,4192.0,4198.0,4215.0,4198.0,562.0,23604050.0,26071
2023-05-10 21:02:15,eg2306,eg2306,4205.0,12.0,504600.0,0.0,32,4205.0,4207.0,4,4192.0,4198.0,4215.0,4198.0,574.0,24108650.0,26071
2023-05-10 21:02:15,eg2306,eg2306,4205.0,25.0,1051250.0,25.0,29,4204.0,4206.0,12,4192.0,4198.0,4215.0,4198.0,599.0,25159900.0,26096
2023-05-10 21:02:16,eg2306,eg2306,4205.0,0.0,0.0,0.0,10,4204.0,4206.0,23,4192.0,4198.0,4215.0,4198.0,599.0,25159900.0,26096
2023-05-10 21:02:16,eg2306,eg2306,4205.0,0.0,0.0,0.0,10,4204.0,4206.0,29,4192.0,4198.0,4215.0,4198.0,599.0,25159900.0,26096
2023-05-10 21:02:18,eg2306,eg2306,4205.0,0.0,0.0,0.0,10,4204.0,4206.0,27,4192.0,4198.0,4215.0,4198.0,599.0,25159900.0,26096
2023-05-10 21:02:18,eg2306,eg2306,4205.0,0.0,0.0,0.0,10,4204.0,4206.0,35,4192.0,4198.0,4215.0,4198.0,599.0,25159900.0,26096
2023-05-10 21:02:19,eg2306,eg2306,4204.0,8.0,336320.0,-2.0,24,4203.0,4205.0,9,4192.0,4198.0,4215.0,4198.0,607.0,25496220.0,26094
2023-05-10 21:02:20,eg2306,eg2306,4204.0,0.0,0.0,0.0,8,4203.0,4205.0,17,4192.0,4198.0,4215.0,4198.0,607.0,25496220.0,26094
2023-05-10 21:02:24,eg2306,eg2306,4204.0,0.0,0.0,0.0,8,4203.0,4205.0,28,4192.0,4198.0,4215.0,4198.0,607.0,25496220.0,26094
2023-05-10 21:02:25,eg2306,eg2306,4204.0,0.0,0.0,0.0,6,4203.0,4205.0,40,4192.0,4198.0,4215.0,4198.0,607.0,25496220.0,26094
2023-05-10 21:02:25,eg2306,eg2306,4204.0,0.0,0.0,0.0,40,4203.0,4205.0,46,4192.0,4198.0,4215.0,4198.0,607.0,25496220.0,26094
2023-05-10 21:02:26,eg2306,eg2306,4204.0,0.0,0.0,0.0,54,4203.0,4205.0,40,4192.0,4198.0,4215.0,4198.0,607.0,25496220.0,26094
2023-05-10 21:02:26,eg2306,eg2306,4204.0,0.0,0.0,0.0,78,4203.0,4205.0,31,4192.0,4198.0,4215.0,4198.0,607.0,25496220.0,26094
2023-05-10 21:02:27,eg2306,eg2306,4204.0,0.0,0.0,0.0,78,4203.0,4206.0,52,4192.0,4198.0,4215.0,4198.0,607.0,25496220.0,26094
2023-05-10 21:02:27,eg2306,eg2306,4204.0,0.0,0.0,0.0,84,4203.0,4206.0,59,4192.0,4198.0,4215.0,4198.0,607.0,25496220.0,26094
2023-05-10 21:02:28,eg2306,eg2306,4204.0,0.0,0.0,0.0,84,4203.0,4205.0,6,4192.0,4198.0,4215.0,4198.0,607.0,25496220.0,26094
2023-05-10 21:02:28,eg2306,eg2306,4204.0,0.0,0.0,0.0,72,4203.0,4205.0,19,4192.0,4198.0,4215.0,4198.0,607.0,25496220.0,26094
2023-05-10 21:02:29,eg2306,eg2306,4204.0,0.0,0.0,0.0,66,4203.0,4205.0,33,4192.0,4198.0,4215.0,4198.0,607.0,25496220.0,26094
2023-05-10 21:02:29,eg2306,eg2306,4204.0,0.0,0.0,0.0,72,4203.0,4205.0,31,4192.0,4198.0,4215.0,4198.0,607.0,25496220.0,26094
2023-05-10 21:02:30,eg2306,eg2306,4204.0,0.0,0.0,0.0,66,4203.0,4205.0,31,4192.0,4198.0,4215.0,4198.0,607.0,25496220.0,26094
2023-05-10 21:02:30,eg2306,eg2306,4204.0,0.0,0.0,0.0,66,4203.0,4205.0,32,4192.0,4198.0,4215.0,4198.0,607.0,25496220.0,26094
2023-05-10 21:02:31,eg2306,eg2306,4204.0,0.0,0.0,0.0,66,4203.0,4205.0,26,4192.0,4198.0,4215.0,4198.0,607.0,25496220.0,26094
2023-05-10 21:02:31,eg2306,eg2306,4204.0,0.0,0.0,0.0,78,4203.0,4205.0,28,4192.0,4198.0,4215.0,4198.0,607.0,25496220.0,26094
2023-05-10 21:02:32,eg2306,eg2306,4204.0,0.0,0.0,0.0,78,4203.0,4205.0,15,4192.0,4198.0,4215.0,4198.0,607.0,25496220.0,26094
2023-05-10 21:02:33,eg2306,eg2306,4204.0,0.0,0.0,0.0,78,4203.0,4205.0,9,4192.0,4198.0,4215.0,4198.0,607.0,25496220.0,26094
2023-05-10 21:02:33,eg2306,eg2306,4204.0,0.0,0.0,0.0,78,4203.0,4205.0,10,4192.0,4198.0,4215.0,4198.0,607.0,25496220.0,26094
2023-05-10 21:02:36,eg2306,eg2306,4203.0,13.0,546390.0,-10.0,65,4203.0,4205.0,10,4192.0,4198.0,4215.0,4198.0,620.0,26042610.0,26084
2023-05-10 21:02:36,eg2306,eg2306,4203.0,17.0,714510.0,7.0,14,4203.0,4204.0,53,4192.0,4198.0,4215.0,4198.0,637.0,26757120.0,26091
2023-05-10 21:02:37,eg2306,eg2306,4203.0,16.0,672480.0,-8.0,12,4202.0,4204.0,114,4192.0,4198.0,4215.0,4198.0,653.0,27429600.0,26083
2023-05-10 21:02:37,eg2306,eg2306,4203.0,0.0,0.0,0.0,14,4202.0,4204.0,115,4192.0,4198.0,4215.0,4198.0,653.0,27429600.0,26083
2023-05-10 21:02:38,eg2306,eg2306,4203.0,0.0,0.0,0.0,8,4202.0,4204.0,117,4192.0,4198.0,4215.0,4198.0,653.0,27429600.0,26083
2023-05-10 21:02:38,eg2306,eg2306,4203.0,0.0,0.0,0.0,2,4202.0,4204.0,117,4192.0,4198.0,4215.0,4198.0,653.0,27429600.0,26083
2023-05-10 21:02:39,eg2306,eg2306,4203.0,0.0,0.0,0.0,14,4202.0,4204.0,37,4192.0,4198.0,4215.0,4198.0,653.0,27429600.0,26083
2023-05-10 21:02:40,eg2306,eg2306,4203.0,0.0,0.0,0.0,9,4203.0,4204.0,6,4192.0,4198.0,4215.0,4198.0,653.0,27429600.0,26083
2023-05-10 21:02:40,eg2306,eg2306,4204.0,1.0,42040.0,-1.0,9,4203.0,4205.0,126,4192.0,4198.0,4215.0,4198.0,654.0,27471640.0,26082
2023-05-10 21:02:41,eg2306,eg2306,4204.0,0.0,0.0,0.0,29,4203.0,4205.0,12,4192.0,4198.0,4215.0,4198.0,654.0,27471640.0,26082
2023-05-10 21:02:41,eg2306,eg2306,4204.0,0.0,0.0,0.0,32,4203.0,4205.0,5,4192.0,4198.0,4215.0,4198.0,654.0,27471640.0,26082
2023-05-10 21:02:42,eg2306,eg2306,4204.0,0.0,0.0,0.0,32,4203.0,4205.0,22,4192.0,4198.0,4215.0,4198.0,654.0,27471640.0,26082
2023-05-10 21:02:42,eg2306,eg2306,4204.0,0.0,0.0,0.0,23,4203.0,4205.0,32,4192.0,4198.0,4215.0,4198.0,654.0,27471640.0,26082
2023-05-10 21:02:43,eg2306,eg2306,4204.0,0.0,0.0,0.0,23,4203.0,4205.0,11,4192.0,4198.0,4215.0,4198.0,654.0,27471640.0,26082
2023-05-10 21:02:43,eg2306,eg2306,4204.0,0.0,0.0,0.0,23,4203.0,4205.0,12,4192.0,4198.0,4215.0,4198.0,654.0,27471640.0,26082
2023-05-10 21:02:44,eg2306,eg2306,4204.0,0.0,0.0,0.0,23,4203.0,4205.0,8,4192.0,4198.0,4215.0,4198.0,654.0,27471640.0,26082
2023-05-10 21:02:46,eg2306,eg2306,4204.0,0.0,0.0,0.0,32,4203.0,4205.0,8,4192.0,4198.0,4215.0,4198.0,654.0,27471640.0,26082
2023-05-10 21:02:47,eg2306,eg2306,4204.0,0.0,0.0,0.0,36,4203.0,4205.0,9,4192.0,4198.0,4215.0,4198.0,654.0,27471640.0,26082
2023-05-10 21:02:47,eg2306,eg2306,4204.0,0.0,0.0,0.0,32,4203.0,4205.0,10,4192.0,4198.0,4215.0,4198.0,654.0,27471640.0,26082
2023-05-10 21:02:48,eg2306,eg2306,4204.0,0.0,0.0,0.0,34,4203.0,4205.0,10,4192.0,4198.0,4215.0,4198.0,654.0,27471640.0,26082
2023-05-10 21:02:48,eg2306,eg2306,4204.0,0.0,0.0,0.0,28,4203.0,4205.0,10,4192.0,4198.0,4215.0,4198.0,654.0,27471640.0,26082
2023-05-10 21:02:49,eg2306,eg2306,4204.0,0.0,0.0,0.0,28,4203.0,4205.0,20,4192.0,4198.0,4215.0,4198.0,654.0,27471640.0,26082
2023-05-10 21:02:49,eg2306,eg2306,4204.0,0.0,0.0,0.0,28,4203.0,4205.0,26,4192.0,4198.0,4215.0,4198.0,654.0,27471640.0,26082
2023-05-10 21:02:50,eg2306,eg2306,4204.0,0.0,0.0,0.0,9,4203.0,4205.0,84,4192.0,4198.0,4215.0,4198.0,654.0,27471640.0,26082
2023-05-10 21:02:50,eg2306,eg2306,4204.0,0.0,0.0,0.0,11,4203.0,4205.0,61,4192.0,4198.0,4215.0,4198.0,654.0,27471640.0,26082
2023-05-10 21:02:51,eg2306,eg2306,4204.0,0.0,0.0,0.0,6,4203.0,4205.0,61,4192.0,4198.0,4215.0,4198.0,654.0,27471640.0,26082
2023-05-10 21:02:51,eg2306,eg2306,4204.0,0.0,0.0,0.0,6,4203.0,4205.0,68,4192.0,4198.0,4215.0,4198.0,654.0,27471640.0,26082
2023-05-10 21:02:52,eg2306,eg2306,4204.0,0.0,0.0,0.0,6,4203.0,4205.0,159,4192.0,4198.0,4215.0,4198.0,654.0,27471640.0,26082
2023-05-10 21:02:53,eg2306,eg2306,4204.0,0.0,0.0,0.0,6,4203.0,4205.0,156,4192.0,4198.0,4215.0,4198.0,654.0,27471640.0,26082
2023-05-10 21:02:53,eg2306,eg2306,4204.0,0.0,0.0,0.0,6,4203.0,4205.0,157,4192.0,4198.0,4215.0,4198.0,654.0,27471640.0,26082
2023-05-10 21:02:55,eg2306,eg2306,4204.0,0.0,0.0,0.0,6,4203.0,4205.0,145,4192.0,4198.0,4215.0,4198.0,654.0,27471640.0,26082
2023-05-10 21:02:55,eg2306,eg2306,4204.0,0.0,0.0,0.0,6,4203.0,4205.0,121,4192.0,4198.0,4215.0,4198.0,654.0,27471640.0,26082
2023-05-10 21:02:56,eg2306,eg2306,4204.0,0.0,0.0,0.0,6,4203.0,4205.0,64,4192.0,4198.0,4215.0,4198.0,654.0,27471640.0,26082
2023-05-10 21:02:56,eg2306,eg2306,4204.0,0.0,0.0,0.0,6,4203.0,4205.0,103,4192.0,4198.0,4215.0,4198.0,654.0,27471640.0,26082
2023-05-10 21:02:57,eg2306,eg2306,4204.0,0.0,0.0,0.0,6,4203.0,4205.0,91,4192.0,4198.0,4215.0,4198.0,654.0,27471640.0,26082
2023-05-10 21:02:57,eg2306,eg2306,4204.0,0.0,0.0,0.0,6,4203.0,4205.0,104,4192.0,4198.0,4215.0,4198.0,654.0,27471640.0,26082
2023-05-10 21:02:57,eg2306,eg2306,4204.0,0.0,0.0,0.0,6,4203.0,4205.0,56,4192.0,4198.0,4215.0,4198.0,654.0,27471640.0,26082
2023-05-10 21:02:59,eg2306,eg2306,4204.0,0.0,0.0,0.0,18,4203.0,4205.0,58,4192.0,4198.0,4215.0,4198.0,654.0,27471640.0,26082
2023-05-10 21:03:00,eg2306,eg2306,4204.0,0.0,0.0,0.0,20,4203.0,4205.0,55,4192.0,4198.0,4215.0,4198.0,654.0,27471640.0,26082
2023-05-10 21:03:00,eg2306,eg2306,4204.0,0.0,0.0,0.0,18,4203.0,4205.0,62,4192.0,4198.0,4215.0,4198.0,654.0,27471640.0,26082
2023-05-10 21:03:01,eg2306,eg2306,4204.0,0.0,0.0,0.0,20,4203.0,4205.0,63,4192.0,4198.0,4215.0,4198.0,654.0,27471640.0,26082
2023-05-10 21:03:01,eg2306,eg2306,4204.0,0.0,0.0,0.0,18,4203.0,4205.0,64,4192.0,4198.0,4215.0,4198.0,654.0,27471640.0,26082
2023-05-10 21:03:02,eg2306,eg2306,4203.0,18.0,756540.0,-6.0,48,4202.0,4204.0,6,4192.0,4198.0,4215.0,4198.0,672.0,28228180.0,26076
2023-05-10 21:03:02,eg2306,eg2306,4203.0,0.0,0.0,0.0,2,4202.0,4203.0,27,4192.0,4198.0,4215.0,4198.0,672.0,28228180.0,26076
2023-05-10 21:03:03,eg2306,eg2306,4203.0,0.0,0.0,0.0,19,4201.0,4202.0,6,4192.0,4198.0,4215.0,4198.0,672.0,28228180.0,26076
2023-05-10 21:03:03,eg2306,eg2306,4204.0,39.0,1639300.0,-7.0,22,4204.0,4205.0,21,4192.0,4198.0,4215.0,4198.0,711.0,29867480.0,26069
2023-05-10 21:03:04,eg2306,eg2306,4205.0,54.0,2270390.0,-14.0,2,4204.0,4205.0,1,4192.0,4198.0,4215.0,4198.0,765.0,32137870.0,26055
2023-05-10 21:03:05,eg2306,eg2306,4205.0,0.0,0.0,0.0,40,4203.0,4205.0,1,4192.0,4198.0,4215.0,4198.0,765.0,32137870.0,26055
2023-05-10 21:03:05,eg2306,eg2306,4205.0,0.0,0.0,0.0,28,4203.0,4205.0,1,4192.0,4198.0,4215.0,4198.0,765.0,32137870.0,26055
2023-05-10 21:03:06,eg2306,eg2306,4205.0,0.0,0.0,0.0,6,4204.0,4205.0,1,4192.0,4198.0,4215.0,4198.0,765.0,32137870.0,26055
2023-05-10 21:03:06,eg2306,eg2306,4205.0,0.0,0.0,0.0,8,4204.0,4206.0,8,4192.0,4198.0,4215.0,4198.0,765.0,32137870.0,26055
2023-05-10 21:03:07,eg2306,eg2306,4205.0,0.0,0.0,0.0,8,4204.0,4206.0,9,4192.0,4198.0,4215.0,4198.0,765.0,32137870.0,26055
2023-05-10 21:03:08,eg2306,eg2306,4205.0,0.0,0.0,0.0,14,4204.0,4207.0,56,4192.0,4198.0,4215.0,4198.0,765.0,32137870.0,26055
2023-05-10 21:03:10,eg2306,eg2306,4205.0,0.0,0.0,0.0,14,4204.0,4206.0,20,4192.0,4198.0,4215.0,4198.0,765.0,32137870.0,26055
2023-05-10 21:03:10,eg2306,eg2306,4205.0,0.0,0.0,0.0,14,4204.0,4206.0,35,4192.0,4198.0,4215.0,4198.0,765.0,32137870.0,26055
2023-05-10 21:03:11,eg2306,eg2306,4205.0,0.0,0.0,0.0,8,4204.0,4206.0,35,4192.0,4198.0,4215.0,4198.0,765.0,32137870.0,26055
2023-05-10 21:03:11,eg2306,eg2306,4205.0,0.0,0.0,0.0,2,4204.0,4206.0,65,4192.0,4198.0,4215.0,4198.0,765.0,32137870.0,26055
2023-05-10 21:03:12,eg2306,eg2306,4205.0,0.0,0.0,0.0,2,4204.0,4206.0,66,4192.0,4198.0,4215.0,4198.0,765.0,32137870.0,26055
2023-05-10 21:03:13,eg2306,eg2306,4205.0,0.0,0.0,0.0,2,4204.0,4206.0,54,4192.0,4198.0,4215.0,4198.0,765.0,32137870.0,26055
2023-05-10 21:03:13,eg2306,eg2306,4205.0,0.0,0.0,0.0,2,4204.0,4206.0,75,4192.0,4198.0,4215.0,4198.0,765.0,32137870.0,26055
2023-05-10 21:03:14,eg2306,eg2306,4205.0,0.0,0.0,0.0,2,4204.0,4206.0,57,4192.0,4198.0,4215.0,4198.0,765.0,32137870.0,26055
2023-05-10 21:03:14,eg2306,eg2306,4205.0,0.0,0.0,0.0,2,4204.0,4206.0,81,4192.0,4198.0,4215.0,4198.0,765.0,32137870.0,26055
2023-05-10 21:03:15,eg2306,eg2306,4205.0,0.0,0.0,0.0,2,4204.0,4206.0,57,4192.0,4198.0,4215.0,4198.0,765.0,32137870.0,26055
2023-05-10 21:03:15,eg2306,eg2306,4205.0,0.0,0.0,0.0,2,4204.0,4206.0,70,4192.0,4198.0,4215.0,4198.0,765.0,32137870.0,26055
2023-05-10 21:03:16,eg2306,eg2306,4205.0,0.0,0.0,0.0,26,4204.0,4206.0,1,4192.0,4198.0,4215.0,4198.0,765.0,32137870.0,26055
2023-05-10 21:03:16,eg2306,eg2306,4205.0,0.0,0.0,0.0,38,4204.0,4206.0,2,4192.0,4198.0,4215.0,4198.0,765.0,32137870.0,26055
2023-05-10 21:03:18,eg2306,eg2306,4205.0,0.0,0.0,0.0,41,4204.0,4206.0,2,4192.0,4198.0,4215.0,4198.0,765.0,32137870.0,26055
2023-05-10 21:03:19,eg2306,eg2306,4205.0,0.0,0.0,0.0,41,4204.0,4206.0,3,4192.0,4198.0,4215.0,4198.0,765.0,32137870.0,26055
2023-05-10 21:03:21,eg2306,eg2306,4205.0,0.0,0.0,0.0,47,4204.0,4206.0,3,4192.0,4198.0,4215.0,4198.0,765.0,32137870.0,26055
2023-05-10 21:03:21,eg2306,eg2306,4205.0,0.0,0.0,0.0,59,4204.0,4206.0,3,4192.0,4198.0,4215.0,4198.0,765.0,32137870.0,26055
2023-05-10 21:03:22,eg2306,eg2306,4205.0,0.0,0.0,0.0,119,4204.0,4206.0,3,4192.0,4198.0,4215.0,4198.0,765.0,32137870.0,26055
2023-05-10 21:03:23,eg2306,eg2306,4205.0,0.0,0.0,0.0,40,4204.0,4206.0,4,4192.0,4198.0,4215.0,4198.0,765.0,32137870.0,26055
2023-05-10 21:03:23,eg2306,eg2306,4205.0,0.0,0.0,0.0,20,4204.0,4206.0,4,4192.0,4198.0,4215.0,4198.0,765.0,32137870.0,26055
2023-05-10 21:03:24,eg2306,eg2306,4205.0,0.0,0.0,0.0,26,4204.0,4206.0,4,4192.0,4198.0,4215.0,4198.0,765.0,32137870.0,26055
2023-05-10 21:03:24,eg2306,eg2306,4205.0,0.0,0.0,0.0,48,4204.0,4206.0,5,4192.0,4198.0,4215.0,4198.0,765.0,32137870.0,26055
2023-05-10 21:03:25,eg2306,eg2306,4205.0,0.0,0.0,0.0,26,4204.0,4206.0,5,4192.0,4198.0,4215.0,4198.0,765.0,32137870.0,26055
2023-05-10 21:03:25,eg2306,eg2306,4205.0,0.0,0.0,0.0,26,4204.0,4206.0,6,4192.0,4198.0,4215.0,4198.0,765.0,32137870.0,26055
2023-05-10 21:03:27,eg2306,eg2306,4205.0,0.0,0.0,0.0,78,4204.0,4206.0,6,4192.0,4198.0,4215.0,4198.0,765.0,32137870.0,26055
2023-05-10 21:03:27,eg2306,eg2306,4205.0,0.0,0.0,0.0,100,4204.0,4206.0,6,4192.0,4198.0,4215.0,4198.0,765.0,32137870.0,26055
2023-05-10 21:03:28,eg2306,eg2306,4205.0,0.0,0.0,0.0,6,4205.0,4206.0,6,4192.0,4198.0,4215.0,4198.0,765.0,32137870.0,26055
2023-05-10 21:03:28,eg2306,eg2306,4205.0,0.0,0.0,0.0,8,4205.0,4206.0,6,4192.0,4198.0,4215.0,4198.0,765.0,32137870.0,26055
2023-05-10 21:03:32,eg2306,eg2306,4205.0,8.0,336400.0,0.0,104,4204.0,4206.0,6,4192.0,4198.0,4215.0,4198.0,773.0,32474270.0,26055
2023-05-10 21:03:32,eg2306,eg2306,4205.0,0.0,0.0,0.0,20,4204.0,4206.0,18,4192.0,4198.0,4215.0,4198.0,773.0,32474270.0,26055
2023-05-10 21:03:33,eg2306,eg2306,4205.0,0.0,0.0,0.0,8,4204.0,4206.0,38,4192.0,4198.0,4215.0,4198.0,773.0,32474270.0,26055
2023-05-10 21:03:34,eg2306,eg2306,4205.0,0.0,0.0,0.0,50,4204.0,4206.0,8,4192.0,4198.0,4215.0,4198.0,773.0,32474270.0,26055
2023-05-10 21:03:34,eg2306,eg2306,4205.0,0.0,0.0,0.0,32,4204.0,4206.0,6,4192.0,4198.0,4215.0,4198.0,773.0,32474270.0,26055
2023-05-10 21:03:35,eg2306,eg2306,4206.0,6.0,252360.0,-6.0,38,4204.0,4207.0,58,4192.0,4198.0,4215.0,4198.0,779.0,32726630.0,26049
2023-05-10 21:03:35,eg2306,eg2306,4207.0,6.0,252420.0,6.0,117,4205.0,4208.0,42,4192.0,4198.0,4215.0,4198.0,785.0,32979050.0,26055
2023-05-10 21:03:36,eg2306,eg2306,4207.0,0.0,0.0,0.0,115,4205.0,4207.0,1,4192.0,4198.0,4215.0,4198.0,785.0,32979050.0,26055
2023-05-10 21:03:36,eg2306,eg2306,4207.0,0.0,0.0,0.0,133,4205.0,4207.0,1,4192.0,4198.0,4215.0,4198.0,785.0,32979050.0,26055
2023-05-10 21:03:37,eg2306,eg2306,4207.0,0.0,0.0,0.0,157,4205.0,4207.0,1,4192.0,4198.0,4215.0,4198.0,785.0,32979050.0,26055
2023-05-10 21:03:37,eg2306,eg2306,4207.0,0.0,0.0,0.0,6,4206.0,4208.0,31,4192.0,4198.0,4215.0,4198.0,785.0,32979050.0,26055
2023-05-10 21:03:37,eg2306,eg2306,4207.0,0.0,0.0,0.0,8,4206.0,4208.0,27,4192.0,4198.0,4215.0,4198.0,785.0,32979050.0,26055
2023-05-10 21:03:38,eg2306,eg2306,4206.0,10.0,420600.0,-2.0,75,4205.0,4207.0,14,4192.0,4198.0,4215.0,4198.0,795.0,33399650.0,26053
2023-05-10 21:03:39,eg2306,eg2306,4206.0,0.0,0.0,0.0,16,4205.0,4207.0,28,4192.0,4198.0,4215.0,4198.0,795.0,33399650.0,26053
2023-05-10 21:03:39,eg2306,eg2306,4206.0,0.0,0.0,0.0,8,4205.0,4207.0,37,4192.0,4198.0,4215.0,4198.0,795.0,33399650.0,26053
2023-05-10 21:03:40,eg2306,eg2306,4206.0,0.0,0.0,0.0,2,4205.0,4207.0,37,4192.0,4198.0,4215.0,4198.0,795.0,33399650.0,26053
2023-05-10 21:03:42,eg2306,eg2306,4206.0,0.0,0.0,0.0,8,4205.0,4207.0,27,4192.0,4198.0,4215.0,4198.0,795.0,33399650.0,26053
2023-05-10 21:03:42,eg2306,eg2306,4206.0,0.0,0.0,0.0,8,4205.0,4207.0,28,4192.0,4198.0,4215.0,4198.0,795.0,33399650.0,26053
2023-05-10 21:03:44,eg2306,eg2306,4206.0,0.0,0.0,0.0,2,4205.0,4207.0,50,4192.0,4198.0,4215.0,4198.0,795.0,33399650.0,26053
2023-05-10 21:03:44,eg2306,eg2306,4206.0,0.0,0.0,0.0,8,4205.0,4207.0,31,4192.0,4198.0,4215.0,4198.0,795.0,33399650.0,26053
2023-05-10 21:03:44,eg2306,eg2306,4206.0,0.0,0.0,0.0,8,4205.0,4207.0,12,4192.0,4198.0,4215.0,4198.0,795.0,33399650.0,26053
2023-05-10 21:03:45,eg2306,eg2306,4206.0,0.0,0.0,0.0,8,4205.0,4207.0,4,4192.0,4198.0,4215.0,4198.0,795.0,33399650.0,26053
2023-05-10 21:03:46,eg2306,eg2306,4206.0,0.0,0.0,0.0,8,4205.0,4207.0,6,4192.0,4198.0,4215.0,4198.0,795.0,33399650.0,26053
2023-05-10 21:03:47,eg2306,eg2306,4205.0,8.0,336400.0,6.0,164,4204.0,4207.0,6,4192.0,4198.0,4215.0,4198.0,803.0,33736050.0,26059
2023-05-10 21:03:48,eg2306,eg2306,4205.0,0.0,0.0,0.0,39,4204.0,4206.0,27,4192.0,4198.0,4215.0,4198.0,803.0,33736050.0,26059
2023-05-10 21:03:48,eg2306,eg2306,4205.0,0.0,0.0,0.0,6,4204.0,4206.0,35,4192.0,4198.0,4215.0,4198.0,803.0,33736050.0,26059
2023-05-10 21:03:49,eg2306,eg2306,4205.0,0.0,0.0,0.0,155,4203.0,4206.0,35,4192.0,4198.0,4215.0,4198.0,803.0,33736050.0,26059
2023-05-10 21:03:50,eg2306,eg2306,4205.0,0.0,0.0,0.0,155,4203.0,4206.0,36,4192.0,4198.0,4215.0,4198.0,803.0,33736050.0,26059
2023-05-10 21:03:50,eg2306,eg2306,4205.0,0.0,0.0,0.0,155,4203.0,4206.0,37,4192.0,4198.0,4215.0,4198.0,803.0,33736050.0,26059
2023-05-10 21:03:52,eg2306,eg2306,4205.0,0.0,0.0,0.0,44,4203.0,4205.0,4,4192.0,4198.0,4215.0,4198.0,803.0,33736050.0,26059
2023-05-10 21:03:53,eg2306,eg2306,4205.0,0.0,0.0,0.0,18,4203.0,4205.0,8,4192.0,4198.0,4215.0,4198.0,803.0,33736050.0,26059
2023-05-10 21:03:53,eg2306,eg2306,4205.0,0.0,0.0,0.0,30,4203.0,4205.0,10,4192.0,4198.0,4215.0,4198.0,803.0,33736050.0,26059
2023-05-10 21:03:54,eg2306,eg2306,4205.0,0.0,0.0,0.0,60,4203.0,4205.0,6,4192.0,4198.0,4215.0,4198.0,803.0,33736050.0,26059
2023-05-10 21:03:54,eg2306,eg2306,4205.0,0.0,0.0,0.0,74,4203.0,4205.0,6,4192.0,4198.0,4215.0,4198.0,803.0,33736050.0,26059
2023-05-10 21:03:55,eg2306,eg2306,4205.0,0.0,0.0,0.0,74,4203.0,4205.0,5,4192.0,4198.0,4215.0,4198.0,803.0,33736050.0,26059
2023-05-10 21:03:55,eg2306,eg2306,4205.0,0.0,0.0,0.0,76,4203.0,4205.0,5,4192.0,4198.0,4215.0,4198.0,803.0,33736050.0,26059
2023-05-10 21:04:00,eg2306,eg2306,4205.0,0.0,0.0,0.0,70,4203.0,4205.0,5,4192.0,4198.0,4215.0,4198.0,803.0,33736050.0,26059
2023-05-10 21:04:01,eg2306,eg2306,4203.0,1.0,42030.0,-1.0,70,4203.0,4205.0,2,4192.0,4198.0,4215.0,4198.0,804.0,33778080.0,26058
2023-05-10 21:04:01,eg2306,eg2306,4203.0,0.0,0.0,0.0,18,4204.0,4206.0,25,4192.0,4198.0,4215.0,4198.0,804.0,33778080.0,26058
2023-05-10 21:04:02,eg2306,eg2306,4203.0,1.0,42030.0,0.0,18,4204.0,4206.0,25,4192.0,4198.0,4215.0,4198.0,805.0,33820110.0,26058
2023-05-10 21:04:02,eg2306,eg2306,4203.0,1.0,42030.0,0.0,17,4204.0,4206.0,26,4192.0,4198.0,4215.0,4198.0,806.0,33862140.0,26058
2023-05-10 21:04:03,eg2306,eg2306,4203.0,3.0,126090.0,0.0,116,4203.0,4206.0,26,4192.0,4198.0,4215.0,4198.0,809.0,33988230.0,26058
2023-05-10 21:04:03,eg2306,eg2306,4203.0,0.0,0.0,0.0,64,4203.0,4205.0,1,4192.0,4198.0,4215.0,4198.0,809.0,33988230.0,26058
2023-05-10 21:04:04,eg2306,eg2306,4203.0,1.0,42030.0,-1.0,59,4203.0,4205.0,1,4192.0,4198.0,4215.0,4198.0,810.0,34030260.0,26057
2023-05-10 21:04:05,eg2306,eg2306,4203.0,0.0,0.0,0.0,17,4203.0,4205.0,9,4192.0,4198.0,4215.0,4198.0,810.0,34030260.0,26057
2023-05-10 21:04:05,eg2306,eg2306,4203.0,0.0,0.0,0.0,10,4203.0,4205.0,31,4192.0,4198.0,4215.0,4198.0,810.0,34030260.0,26057
2023-05-10 21:04:06,eg2306,eg2306,4203.0,0.0,0.0,0.0,4,4203.0,4205.0,45,4192.0,4198.0,4215.0,4198.0,810.0,34030260.0,26057
2023-05-10 21:04:06,eg2306,eg2306,4203.0,0.0,0.0,0.0,4,4203.0,4205.0,37,4192.0,4198.0,4215.0,4198.0,810.0,34030260.0,26057
2023-05-10 21:04:07,eg2306,eg2306,4203.0,0.0,0.0,0.0,4,4203.0,4204.0,15,4192.0,4198.0,4215.0,4198.0,810.0,34030260.0,26057
2023-05-10 21:04:08,eg2306,eg2306,4203.0,0.0,0.0,0.0,4,4203.0,4204.0,17,4192.0,4198.0,4215.0,4198.0,810.0,34030260.0,26057
2023-05-10 21:04:10,eg2306,eg2306,4203.0,0.0,0.0,0.0,4,4203.0,4204.0,15,4192.0,4198.0,4215.0,4198.0,810.0,34030260.0,26057
2023-05-10 21:04:11,eg2306,eg2306,4204.0,1.0,42040.0,-1.0,5,4203.0,4204.0,2,4192.0,4198.0,4215.0,4198.0,811.0,34072300.0,26056
2023-05-10 21:04:12,eg2306,eg2306,4204.0,2.0,84080.0,1.0,39,4204.0,4205.0,9,4192.0,4198.0,4215.0,4198.0,813.0,34156380.0,26057
2023-05-10 21:04:12,eg2306,eg2306,4204.0,0.0,0.0,0.0,12,4204.0,4205.0,8,4192.0,4198.0,4215.0,4198.0,813.0,34156380.0,26057
2023-05-10 21:04:13,eg2306,eg2306,4204.0,0.0,0.0,0.0,53,4203.0,4205.0,2,4192.0,4198.0,4215.0,4198.0,813.0,34156380.0,26057
2023-05-10 21:04:13,eg2306,eg2306,4204.0,0.0,0.0,0.0,39,4203.0,4205.0,2,4192.0,4198.0,4215.0,4198.0,813.0,34156380.0,26057
2023-05-10 21:04:15,eg2306,eg2306,4204.0,0.0,0.0,0.0,37,4203.0,4205.0,2,4192.0,4198.0,4215.0,4198.0,813.0,34156380.0,26057
2023-05-10 21:04:16,eg2306,eg2306,4204.0,0.0,0.0,0.0,12,4203.0,4205.0,2,4192.0,4198.0,4215.0,4198.0,813.0,34156380.0,26057
2023-05-10 21:04:16,eg2306,eg2306,4204.0,0.0,0.0,0.0,32,4203.0,4205.0,2,4192.0,4198.0,4215.0,4198.0,813.0,34156380.0,26057
2023-05-10 21:04:17,eg2306,eg2306,4204.0,0.0,0.0,0.0,42,4203.0,4205.0,8,4192.0,4198.0,4215.0,4198.0,813.0,34156380.0,26057
2023-05-10 21:04:18,eg2306,eg2306,4204.0,0.0,0.0,0.0,30,4203.0,4205.0,22,4192.0,4198.0,4215.0,4198.0,813.0,34156380.0,26057
2023-05-10 21:04:18,eg2306,eg2306,4204.0,0.0,0.0,0.0,38,4203.0,4205.0,2,4192.0,4198.0,4215.0,4198.0,813.0,34156380.0,26057
2023-05-10 21:04:22,eg2306,eg2306,4203.0,1.0,42030.0,-1.0,15,4203.0,4205.0,14,4192.0,4198.0,4215.0,4198.0,814.0,34198410.0,26056
2023-05-10 21:04:22,eg2306,eg2306,4203.0,0.0,0.0,0.0,9,4203.0,4204.0,5,4192.0,4198.0,4215.0,4198.0,814.0,34198410.0,26056
2023-05-10 21:04:23,eg2306,eg2306,4203.0,0.0,0.0,0.0,3,4203.0,4204.0,5,4192.0,4198.0,4215.0,4198.0,814.0,34198410.0,26056
2023-05-10 21:04:25,eg2306,eg2306,4203.0,0.0,0.0,0.0,3,4203.0,4204.0,3,4192.0,4198.0,4215.0,4198.0,814.0,34198410.0,26056
2023-05-10 21:04:29,eg2306,eg2306,4203.0,3.0,126090.0,0.0,46,4202.0,4204.0,3,4192.0,4198.0,4215.0,4198.0,817.0,34324500.0,26056
2023-05-10 21:04:30,eg2306,eg2306,4203.0,0.0,0.0,0.0,68,4201.0,4203.0,8,4192.0,4198.0,4215.0,4198.0,817.0,34324500.0,26056
2023-05-10 21:04:30,eg2306,eg2306,4203.0,0.0,0.0,0.0,68,4201.0,4203.0,5,4192.0,4198.0,4215.0,4198.0,817.0,34324500.0,26056
2023-05-10 21:04:31,eg2306,eg2306,4203.0,0.0,0.0,0.0,68,4201.0,4203.0,6,4192.0,4198.0,4215.0,4198.0,817.0,34324500.0,26056
2023-05-10 21:04:31,eg2306,eg2306,4203.0,0.0,0.0,0.0,68,4201.0,4203.0,3,4192.0,4198.0,4215.0,4198.0,817.0,34324500.0,26056
2023-05-10 21:04:32,eg2306,eg2306,4203.0,0.0,0.0,0.0,68,4201.0,4203.0,4,4192.0,4198.0,4215.0,4198.0,817.0,34324500.0,26056
2023-05-10 21:04:32,eg2306,eg2306,4203.0,0.0,0.0,0.0,62,4201.0,4203.0,4,4192.0,4198.0,4215.0,4198.0,817.0,34324500.0,26056
2023-05-10 21:04:33,eg2306,eg2306,4203.0,0.0,0.0,0.0,30,4201.0,4203.0,4,4192.0,4198.0,4215.0,4198.0,817.0,34324500.0,26056
2023-05-10 21:04:33,eg2306,eg2306,4203.0,0.0,0.0,0.0,61,4200.0,4203.0,29,4192.0,4198.0,4215.0,4198.0,817.0,34324500.0,26056
2023-05-10 21:04:34,eg2306,eg2306,4203.0,0.0,0.0,0.0,48,4200.0,4202.0,5,4192.0,4198.0,4215.0,4198.0,817.0,34324500.0,26056
2023-05-10 21:04:34,eg2306,eg2306,4203.0,0.0,0.0,0.0,36,4200.0,4202.0,5,4192.0,4198.0,4215.0,4198.0,817.0,34324500.0,26056
2023-05-10 21:04:36,eg2306,eg2306,4203.0,0.0,0.0,0.0,18,4200.0,4202.0,5,4192.0,4198.0,4215.0,4198.0,817.0,34324500.0,26056
2023-05-10 21:04:38,eg2306,eg2306,4203.0,0.0,0.0,0.0,12,4200.0,4202.0,10,4192.0,4198.0,4215.0,4198.0,817.0,34324500.0,26056
2023-05-10 21:04:38,eg2306,eg2306,4203.0,0.0,0.0,0.0,12,4200.0,4202.0,7,4192.0,4198.0,4215.0,4198.0,817.0,34324500.0,26056
2023-05-10 21:04:42,eg2306,eg2306,4203.0,0.0,0.0,0.0,12,4200.0,4202.0,9,4192.0,4198.0,4215.0,4198.0,817.0,34324500.0,26056
2023-05-10 21:04:43,eg2306,eg2306,4203.0,0.0,0.0,0.0,12,4200.0,4202.0,13,4192.0,4198.0,4215.0,4198.0,817.0,34324500.0,26056
2023-05-10 21:04:43,eg2306,eg2306,4203.0,0.0,0.0,0.0,18,4200.0,4202.0,9,4192.0,4198.0,4215.0,4198.0,817.0,34324500.0,26056
2023-05-10 21:04:44,eg2306,eg2306,4203.0,0.0,0.0,0.0,6,4201.0,4202.0,1,4192.0,4198.0,4215.0,4198.0,817.0,34324500.0,26056
2023-05-10 21:04:44,eg2306,eg2306,4203.0,0.0,0.0,0.0,120,4200.0,4202.0,1,4192.0,4198.0,4215.0,4198.0,817.0,34324500.0,26056
2023-05-10 21:04:45,eg2306,eg2306,4203.0,0.0,0.0,0.0,108,4200.0,4202.0,1,4192.0,4198.0,4215.0,4198.0,817.0,34324500.0,26056
2023-05-10 21:04:45,eg2306,eg2306,4203.0,0.0,0.0,0.0,128,4200.0,4202.0,1,4192.0,4198.0,4215.0,4198.0,817.0,34324500.0,26056
2023-05-10 21:04:46,eg2306,eg2306,4203.0,0.0,0.0,0.0,91,4200.0,4202.0,1,4192.0,4198.0,4215.0,4198.0,817.0,34324500.0,26056
2023-05-10 21:04:46,eg2306,eg2306,4203.0,0.0,0.0,0.0,77,4200.0,4202.0,1,4192.0,4198.0,4215.0,4198.0,817.0,34324500.0,26056
2023-05-10 21:04:47,eg2306,eg2306,4203.0,0.0,0.0,0.0,6,4201.0,4202.0,1,4192.0,4198.0,4215.0,4198.0,817.0,34324500.0,26056
2023-05-10 21:04:47,eg2306,eg2306,4203.0,0.0,0.0,0.0,71,4200.0,4202.0,1,4192.0,4198.0,4215.0,4198.0,817.0,34324500.0,26056
2023-05-10 21:04:48,eg2306,eg2306,4203.0,0.0,0.0,0.0,64,4200.0,4202.0,1,4192.0,4198.0,4215.0,4198.0,817.0,34324500.0,26056
2023-05-10 21:04:48,eg2306,eg2306,4203.0,0.0,0.0,0.0,6,4201.0,4202.0,1,4192.0,4198.0,4215.0,4198.0,817.0,34324500.0,26056
2023-05-10 21:04:49,eg2306,eg2306,4203.0,0.0,0.0,0.0,70,4200.0,4202.0,1,4192.0,4198.0,4215.0,4198.0,817.0,34324500.0,26056
2023-05-10 21:04:49,eg2306,eg2306,4203.0,0.0,0.0,0.0,60,4200.0,4202.0,1,4192.0,4198.0,4215.0,4198.0,817.0,34324500.0,26056
2023-05-10 21:04:50,eg2306,eg2306,4203.0,0.0,0.0,0.0,48,4200.0,4202.0,1,4192.0,4198.0,4215.0,4198.0,817.0,34324500.0,26056
2023-05-10 21:04:51,eg2306,eg2306,4203.0,0.0,0.0,0.0,28,4200.0,4202.0,1,4192.0,4198.0,4215.0,4198.0,817.0,34324500.0,26056
2023-05-10 21:04:53,eg2306,eg2306,4203.0,0.0,0.0,0.0,42,4200.0,4202.0,1,4192.0,4198.0,4215.0,4198.0,817.0,34324500.0,26056
2023-05-10 21:04:53,eg2306,eg2306,4203.0,0.0,0.0,0.0,42,4200.0,4202.0,3,4192.0,4198.0,4215.0,4198.0,817.0,34324500.0,26056
2023-05-10 21:04:54,eg2306,eg2306,4203.0,0.0,0.0,0.0,18,4201.0,4202.0,1,4192.0,4198.0,4215.0,4198.0,817.0,34324500.0,26056
2023-05-10 21:04:55,eg2306,eg2306,4203.0,0.0,0.0,0.0,12,4201.0,4202.0,1,4192.0,4198.0,4215.0,4198.0,817.0,34324500.0,26056
2023-05-10 21:04:56,eg2306,eg2306,4203.0,0.0,0.0,0.0,6,4201.0,4202.0,1,4192.0,4198.0,4215.0,4198.0,817.0,34324500.0,26056
2023-05-10 21:04:57,eg2306,eg2306,4202.0,1.0,42020.0,-1.0,6,4201.0,4203.0,5,4192.0,4198.0,4215.0,4198.0,818.0,34366520.0,26055
2023-05-10 21:04:58,eg2306,eg2306,4202.0,0.0,0.0,0.0,6,4201.0,4203.0,6,4192.0,4198.0,4215.0,4198.0,818.0,34366520.0,26055
2023-05-10 21:04:59,eg2306,eg2306,4202.0,0.0,0.0,0.0,6,4201.0,4203.0,5,4192.0,4198.0,4215.0,4198.0,818.0,34366520.0,26055
2023-05-10 21:05:00,eg2306,eg2306,4202.0,0.0,0.0,0.0,6,4202.0,4203.0,2,4192.0,4198.0,4215.0,4198.0,818.0,34366520.0,26055
2023-05-10 21:05:00,eg2306,eg2306,4203.0,2.0,84060.0,-2.0,6,4202.0,4204.0,18,4192.0,4198.0,4215.0,4198.0,820.0,34450580.0,26053
2023-05-10 21:05:03,eg2306,eg2306,4203.0,0.0,0.0,0.0,6,4202.0,4204.0,20,4192.0,4198.0,4215.0,4198.0,820.0,34450580.0,26053
2023-05-10 21:05:03,eg2306,eg2306,4203.0,0.0,0.0,0.0,29,4202.0,4204.0,8,4192.0,4198.0,4215.0,4198.0,820.0,34450580.0,26053
2023-05-10 21:05:04,eg2306,eg2306,4203.0,0.0,0.0,0.0,8,4202.0,4204.0,8,4192.0,4198.0,4215.0,4198.0,820.0,34450580.0,26053
2023-05-10 21:05:04,eg2306,eg2306,4203.0,0.0,0.0,0.0,8,4202.0,4204.0,6,4192.0,4198.0,4215.0,4198.0,820.0,34450580.0,26053
2023-05-10 21:05:05,eg2306,eg2306,4203.0,0.0,0.0,0.0,6,4203.0,4204.0,6,4192.0,4198.0,4215.0,4198.0,820.0,34450580.0,26053
2023-05-10 21:05:06,eg2306,eg2306,4203.0,0.0,0.0,0.0,26,4202.0,4204.0,6,4192.0,4198.0,4215.0,4198.0,820.0,34450580.0,26053
2023-05-10 21:05:07,eg2306,eg2306,4203.0,0.0,0.0,0.0,16,4202.0,4204.0,8,4192.0,4198.0,4215.0,4198.0,820.0,34450580.0,26053
2023-05-10 21:05:08,eg2306,eg2306,4203.0,0.0,0.0,0.0,6,4203.0,4204.0,6,4192.0,4198.0,4215.0,4198.0,820.0,34450580.0,26053
2023-05-10 21:05:08,eg2306,eg2306,4203.0,0.0,0.0,0.0,36,4202.0,4204.0,14,4192.0,4198.0,4215.0,4198.0,820.0,34450580.0,26053
2023-05-10 21:05:09,eg2306,eg2306,4203.0,0.0,0.0,0.0,10,4202.0,4204.0,8,4192.0,4198.0,4215.0,4198.0,820.0,34450580.0,26053
2023-05-10 21:05:10,eg2306,eg2306,4203.0,0.0,0.0,0.0,80,4201.0,4204.0,32,4192.0,4198.0,4215.0,4198.0,820.0,34450580.0,26053
2023-05-10 21:05:11,eg2306,eg2306,4203.0,0.0,0.0,0.0,58,4201.0,4203.0,1,4192.0,4198.0,4215.0,4198.0,820.0,34450580.0,26053
2023-05-10 21:05:11,eg2306,eg2306,4203.0,0.0,0.0,0.0,34,4201.0,4203.0,1,4192.0,4198.0,4215.0,4198.0,820.0,34450580.0,26053
2023-05-10 21:05:12,eg2306,eg2306,4203.0,0.0,0.0,0.0,18,4201.0,4203.0,1,4192.0,4198.0,4215.0,4198.0,820.0,34450580.0,26053
2023-05-10 21:05:13,eg2306,eg2306,4203.0,0.0,0.0,0.0,48,4200.0,4203.0,53,4192.0,4198.0,4215.0,4198.0,820.0,34450580.0,26053
2023-05-10 21:05:13,eg2306,eg2306,4203.0,0.0,0.0,0.0,24,4200.0,4202.0,1,4192.0,4198.0,4215.0,4198.0,820.0,34450580.0,26053
2023-05-10 21:05:14,eg2306,eg2306,4203.0,0.0,0.0,0.0,12,4200.0,4202.0,21,4192.0,4198.0,4215.0,4198.0,820.0,34450580.0,26053
2023-05-10 21:05:14,eg2306,eg2306,4203.0,0.0,0.0,0.0,12,4200.0,4202.0,75,4192.0,4198.0,4215.0,4198.0,820.0,34450580.0,26053
2023-05-10 21:05:15,eg2306,eg2306,4203.0,0.0,0.0,0.0,28,4199.0,4201.0,1,4192.0,4198.0,4215.0,4198.0,820.0,34450580.0,26053
2023-05-10 21:05:15,eg2306,eg2306,4203.0,0.0,0.0,0.0,22,4199.0,4201.0,1,4192.0,4198.0,4215.0,4198.0,820.0,34450580.0,26053
2023-05-10 21:05:16,eg2306,eg2306,4203.0,0.0,0.0,0.0,42,4199.0,4201.0,55,4192.0,4198.0,4215.0,4198.0,820.0,34450580.0,26053
2023-05-10 21:05:16,eg2306,eg2306,4203.0,0.0,0.0,0.0,44,4199.0,4201.0,127,4192.0,4198.0,4215.0,4198.0,820.0,34450580.0,26053
2023-05-10 21:05:17,eg2306,eg2306,4203.0,0.0,0.0,0.0,44,4199.0,4200.0,2,4192.0,4198.0,4215.0,4198.0,820.0,34450580.0,26053
2023-05-10 21:05:18,eg2306,eg2306,4200.0,1.0,42000.0,-1.0,70,4199.0,4201.0,70,4192.0,4198.0,4215.0,4198.0,821.0,34492580.0,26052
2023-05-10 21:05:18,eg2306,eg2306,4200.0,0.0,0.0,0.0,85,4199.0,4201.0,6,4192.0,4198.0,4215.0,4198.0,821.0,34492580.0,26052
2023-05-10 21:05:19,eg2306,eg2306,4200.0,0.0,0.0,0.0,99,4199.0,4201.0,6,4192.0,4198.0,4215.0,4198.0,821.0,34492580.0,26052
2023-05-10 21:05:19,eg2306,eg2306,4200.0,0.0,0.0,0.0,103,4199.0,4201.0,6,4192.0,4198.0,4215.0,4198.0,821.0,34492580.0,26052
2023-05-10 21:05:20,eg2306,eg2306,4200.0,0.0,0.0,0.0,102,4199.0,4201.0,6,4192.0,4198.0,4215.0,4198.0,821.0,34492580.0,26052
2023-05-10 21:05:21,eg2306,eg2306,4200.0,0.0,0.0,0.0,109,4199.0,4202.0,104,4192.0,4198.0,4215.0,4198.0,821.0,34492580.0,26052
2023-05-10 21:05:21,eg2306,eg2306,4200.0,0.0,0.0,0.0,121,4199.0,4202.0,77,4192.0,4198.0,4215.0,4198.0,821.0,34492580.0,26052
2023-05-10 21:05:22,eg2306,eg2306,4200.0,0.0,0.0,0.0,120,4199.0,4202.0,38,4192.0,4198.0,4215.0,4198.0,821.0,34492580.0,26052
2023-05-10 21:05:22,eg2306,eg2306,4200.0,0.0,0.0,0.0,116,4199.0,4201.0,10,4192.0,4198.0,4215.0,4198.0,821.0,34492580.0,26052
2023-05-10 21:05:23,eg2306,eg2306,4200.0,0.0,0.0,0.0,63,4199.0,4201.0,20,4192.0,4198.0,4215.0,4198.0,821.0,34492580.0,26052
2023-05-10 21:05:23,eg2306,eg2306,4200.0,0.0,0.0,0.0,56,4199.0,4201.0,32,4192.0,4198.0,4215.0,4198.0,821.0,34492580.0,26052
2023-05-10 21:05:24,eg2306,eg2306,4200.0,0.0,0.0,0.0,62,4199.0,4201.0,25,4192.0,4198.0,4215.0,4198.0,821.0,34492580.0,26052
2023-05-10 21:05:24,eg2306,eg2306,4200.0,0.0,0.0,0.0,56,4199.0,4201.0,94,4192.0,4198.0,4215.0,4198.0,821.0,34492580.0,26052
2023-05-10 21:05:25,eg2306,eg2306,4200.0,0.0,0.0,0.0,56,4199.0,4201.0,83,4192.0,4198.0,4215.0,4198.0,821.0,34492580.0,26052
2023-05-10 21:05:25,eg2306,eg2306,4200.0,0.0,0.0,0.0,56,4199.0,4201.0,87,4192.0,4198.0,4215.0,4198.0,821.0,34492580.0,26052
2023-05-10 21:05:26,eg2306,eg2306,4200.0,0.0,0.0,0.0,62,4199.0,4201.0,71,4192.0,4198.0,4215.0,4198.0,821.0,34492580.0,26052
2023-05-10 21:05:26,eg2306,eg2306,4200.0,0.0,0.0,0.0,56,4199.0,4201.0,77,4192.0,4198.0,4215.0,4198.0,821.0,34492580.0,26052
2023-05-10 21:05:27,eg2306,eg2306,4200.0,0.0,0.0,0.0,74,4199.0,4201.0,31,4192.0,4198.0,4215.0,4198.0,821.0,34492580.0,26052
2023-05-10 21:05:27,eg2306,eg2306,4200.0,0.0,0.0,0.0,80,4199.0,4201.0,29,4192.0,4198.0,4215.0,4198.0,821.0,34492580.0,26052
2023-05-10 21:05:29,eg2306,eg2306,4200.0,0.0,0.0,0.0,80,4199.0,4201.0,31,4192.0,4198.0,4215.0,4198.0,821.0,34492580.0,26052
2023-05-10 21:05:30,eg2306,eg2306,4200.0,0.0,0.0,0.0,74,4199.0,4201.0,31,4192.0,4198.0,4215.0,4198.0,821.0,34492580.0,26052
2023-05-10 21:05:31,eg2306,eg2306,4200.0,0.0,0.0,0.0,68,4199.0,4201.0,31,4192.0,4198.0,4215.0,4198.0,821.0,34492580.0,26052
2023-05-10 21:05:31,eg2306,eg2306,4200.0,0.0,0.0,0.0,62,4199.0,4201.0,56,4192.0,4198.0,4215.0,4198.0,821.0,34492580.0,26052
2023-05-10 21:05:32,eg2306,eg2306,4200.0,0.0,0.0,0.0,62,4199.0,4201.0,28,4192.0,4198.0,4215.0,4198.0,821.0,34492580.0,26052
2023-05-10 21:05:32,eg2306,eg2306,4200.0,0.0,0.0,0.0,18,4199.0,4200.0,24,4192.0,4198.0,4215.0,4198.0,821.0,34492580.0,26052
2023-05-10 21:05:33,eg2306,eg2306,4200.0,0.0,0.0,0.0,30,4198.0,4200.0,47,4192.0,4198.0,4215.0,4198.0,821.0,34492580.0,26052
2023-05-10 21:05:33,eg2306,eg2306,4200.0,0.0,0.0,0.0,18,4198.0,4200.0,77,4192.0,4198.0,4215.0,4198.0,821.0,34492580.0,26052
2023-05-10 21:05:34,eg2306,eg2306,4200.0,0.0,0.0,0.0,6,4198.0,4200.0,89,4192.0,4198.0,4215.0,4198.0,821.0,34492580.0,26052
2023-05-10 21:05:34,eg2306,eg2306,4200.0,0.0,0.0,0.0,121,4197.0,4200.0,89,4192.0,4198.0,4215.0,4198.0,821.0,34492580.0,26052
2023-05-10 21:05:35,eg2306,eg2306,4200.0,0.0,0.0,0.0,29,4198.0,4200.0,123,4192.0,4198.0,4215.0,4198.0,821.0,34492580.0,26052
2023-05-10 21:05:35,eg2306,eg2306,4200.0,0.0,0.0,0.0,29,4198.0,4200.0,109,4192.0,4198.0,4215.0,4198.0,821.0,34492580.0,26052
2023-05-10 21:05:36,eg2306,eg2306,4200.0,0.0,0.0,0.0,29,4198.0,4199.0,40,4192.0,4198.0,4215.0,4198.0,821.0,34492580.0,26052
2023-05-10 21:05:36,eg2306,eg2306,4200.0,0.0,0.0,0.0,6,4198.0,4199.0,58,4192.0,4198.0,4215.0,4198.0,821.0,34492580.0,26052
2023-05-10 21:05:37,eg2306,eg2306,4200.0,0.0,0.0,0.0,6,4198.0,4199.0,14,4192.0,4198.0,4215.0,4198.0,821.0,34492580.0,26052
2023-05-10 21:05:37,eg2306,eg2306,4200.0,0.0,0.0,0.0,60,4197.0,4200.0,103,4192.0,4198.0,4215.0,4198.0,821.0,34492580.0,26052
2023-05-10 21:05:38,eg2306,eg2306,4200.0,0.0,0.0,0.0,29,4198.0,4200.0,53,4192.0,4198.0,4215.0,4198.0,821.0,34492580.0,26052
2023-05-10 21:05:40,eg2306,eg2306,4200.0,0.0,0.0,0.0,29,4198.0,4200.0,54,4192.0,4198.0,4215.0,4198.0,821.0,34492580.0,26052
2023-05-10 21:05:41,eg2306,eg2306,4200.0,0.0,0.0,0.0,29,4198.0,4200.0,30,4192.0,4198.0,4215.0,4198.0,821.0,34492580.0,26052
2023-05-10 21:05:41,eg2306,eg2306,4200.0,0.0,0.0,0.0,141,4198.0,4200.0,3,4192.0,4198.0,4215.0,4198.0,821.0,34492580.0,26052
2023-05-10 21:05:42,eg2306,eg2306,4200.0,0.0,0.0,0.0,81,4198.0,4201.0,65,4192.0,4198.0,4215.0,4198.0,821.0,34492580.0,26052
2023-05-10 21:05:42,eg2306,eg2306,4200.0,0.0,0.0,0.0,46,4199.0,4201.0,8,4192.0,4198.0,4215.0,4198.0,821.0,34492580.0,26052
2023-05-10 21:05:43,eg2306,eg2306,4200.0,0.0,0.0,0.0,78,4199.0,4201.0,8,4192.0,4198.0,4215.0,4198.0,821.0,34492580.0,26052
2023-05-10 21:05:43,eg2306,eg2306,4200.0,0.0,0.0,0.0,66,4199.0,4201.0,4,4192.0,4198.0,4215.0,4198.0,821.0,34492580.0,26052
2023-05-10 21:05:44,eg2306,eg2306,4200.0,0.0,0.0,0.0,95,4199.0,4201.0,6,4192.0,4198.0,4215.0,4198.0,821.0,34492580.0,26052
2023-05-10 21:05:44,eg2306,eg2306,4201.0,5.0,210050.0,-3.0,6,4200.0,4201.0,29,4192.0,4198.0,4215.0,4198.0,826.0,34702630.0,26049
2023-05-10 21:05:45,eg2306,eg2306,4201.0,0.0,0.0,0.0,7,4199.0,4201.0,24,4192.0,4198.0,4215.0,4198.0,826.0,34702630.0,26049
2023-05-10 21:05:45,eg2306,eg2306,4201.0,0.0,0.0,0.0,82,4198.0,4201.0,26,4192.0,4198.0,4215.0,4198.0,826.0,34702630.0,26049
2023-05-10 21:05:46,eg2306,eg2306,4201.0,0.0,0.0,0.0,88,4198.0,4201.0,26,4192.0,4198.0,4215.0,4198.0,826.0,34702630.0,26049
2023-05-10 21:05:46,eg2306,eg2306,4201.0,0.0,0.0,0.0,95,4199.0,4201.0,2,4192.0,4198.0,4215.0,4198.0,826.0,34702630.0,26049
2023-05-10 21:05:47,eg2306,eg2306,4201.0,0.0,0.0,0.0,135,4199.0,4201.0,2,4192.0,4198.0,4215.0,4198.0,826.0,34702630.0,26049
2023-05-10 21:05:47,eg2306,eg2306,4201.0,0.0,0.0,0.0,177,4199.0,4201.0,3,4192.0,4198.0,4215.0,4198.0,826.0,34702630.0,26049
2023-05-10 21:05:47,eg2306,eg2306,4201.0,0.0,0.0,0.0,165,4199.0,4201.0,3,4192.0,4198.0,4215.0,4198.0,826.0,34702630.0,26049
2023-05-10 21:05:50,eg2306,eg2306,4201.0,0.0,0.0,0.0,164,4199.0,4201.0,3,4192.0,4198.0,4215.0,4198.0,826.0,34702630.0,26049
2023-05-10 21:05:51,eg2306,eg2306,4201.0,0.0,0.0,0.0,135,4199.0,4201.0,4,4192.0,4198.0,4215.0,4198.0,826.0,34702630.0,26049
2023-05-10 21:05:51,eg2306,eg2306,4201.0,0.0,0.0,0.0,123,4199.0,4201.0,5,4192.0,4198.0,4215.0,4198.0,826.0,34702630.0,26049
2023-05-10 21:05:52,eg2306,eg2306,4201.0,0.0,0.0,0.0,141,4199.0,4201.0,5,4192.0,4198.0,4215.0,4198.0,826.0,34702630.0,26049
2023-05-10 21:05:52,eg2306,eg2306,4201.0,0.0,0.0,0.0,165,4199.0,4201.0,6,4192.0,4198.0,4215.0,4198.0,826.0,34702630.0,26049
2023-05-10 21:05:54,eg2306,eg2306,4201.0,0.0,0.0,0.0,147,4199.0,4201.0,6,4192.0,4198.0,4215.0,4198.0,826.0,34702630.0,26049
2023-05-10 21:05:55,eg2306,eg2306,4201.0,0.0,0.0,0.0,75,4199.0,4201.0,2,4192.0,4198.0,4215.0,4198.0,826.0,34702630.0,26049
2023-05-10 21:05:55,eg2306,eg2306,4201.0,2.0,84020.0,-2.0,46,4200.0,4202.0,6,4192.0,4198.0,4215.0,4198.0,828.0,34786650.0,26047
2023-05-10 21:05:56,eg2306,eg2306,4201.0,0.0,0.0,0.0,87,4200.0,4202.0,5,4192.0,4198.0,4215.0,4198.0,828.0,34786650.0,26047
2023-05-10 21:05:56,eg2306,eg2306,4201.0,0.0,0.0,0.0,105,4200.0,4202.0,6,4192.0,4198.0,4215.0,4198.0,828.0,34786650.0,26047
2023-05-10 21:05:56,eg2306,eg2306,4201.0,0.0,0.0,0.0,117,4200.0,4202.0,6,4192.0,4198.0,4215.0,4198.0,828.0,34786650.0,26047
2023-05-10 21:05:57,eg2306,eg2306,4200.0,18.0,756000.0,5.0,65,4199.0,4200.0,6,4192.0,4198.0,4215.0,4198.0,846.0,35542650.0,26052
2023-05-10 21:05:58,eg2306,eg2306,4200.0,0.0,0.0,0.0,26,4199.0,4200.0,7,4192.0,4198.0,4215.0,4198.0,846.0,35542650.0,26052
2023-05-10 21:05:58,eg2306,eg2306,4200.0,0.0,0.0,0.0,28,4199.0,4200.0,6,4192.0,4198.0,4215.0,4198.0,846.0,35542650.0,26052
2023-05-10 21:05:59,eg2306,eg2306,4200.0,6.0,252000.0,-6.0,52,4199.0,4202.0,102,4192.0,4198.0,4215.0,4198.0,852.0,35794650.0,26046
2023-05-10 21:06:00,eg2306,eg2306,4200.0,0.0,0.0,0.0,75,4199.0,4202.0,82,4192.0,4198.0,4215.0,4198.0,852.0,35794650.0,26046
2023-05-10 21:06:00,eg2306,eg2306,4200.0,0.0,0.0,0.0,6,4200.0,4202.0,57,4192.0,4198.0,4215.0,4198.0,852.0,35794650.0,26046
2023-05-10 21:06:01,eg2306,eg2306,4200.0,0.0,0.0,0.0,6,4200.0,4201.0,1,4192.0,4198.0,4215.0,4198.0,852.0,35794650.0,26046
2023-05-10 21:06:01,eg2306,eg2306,4200.0,0.0,0.0,0.0,6,4200.0,4202.0,26,4192.0,4198.0,4215.0,4198.0,852.0,35794650.0,26046
2023-05-10 21:06:01,eg2306,eg2306,4200.0,0.0,0.0,0.0,6,4200.0,4202.0,32,4192.0,4198.0,4215.0,4198.0,852.0,35794650.0,26046
2023-05-10 21:06:02,eg2306,eg2306,4200.0,0.0,0.0,0.0,6,4200.0,4202.0,30,4192.0,4198.0,4215.0,4198.0,852.0,35794650.0,26046
2023-05-10 21:06:03,eg2306,eg2306,4200.0,0.0,0.0,0.0,6,4200.0,4202.0,31,4192.0,4198.0,4215.0,4198.0,852.0,35794650.0,26046
2023-05-10 21:06:03,eg2306,eg2306,4202.0,31.0,1302620.0,12.0,10,4200.0,4202.0,2,4192.0,4198.0,4215.0,4198.0,883.0,37097270.0,26058
2023-05-10 21:06:04,eg2306,eg2306,4203.0,2.0,84060.0,0.0,7,4201.0,4204.0,36,4192.0,4198.0,4215.0,4198.0,885.0,37181330.0,26058
2023-05-10 21:06:04,eg2306,eg2306,4203.0,0.0,0.0,0.0,7,4202.0,4204.0,20,4192.0,4198.0,4215.0,4198.0,885.0,37181330.0,26058
2023-05-10 21:06:05,eg2306,eg2306,4203.0,0.0,0.0,0.0,7,4202.0,4204.0,30,4192.0,4198.0,4215.0,4198.0,885.0,37181330.0,26058
2023-05-10 21:06:06,eg2306,eg2306,4203.0,0.0,0.0,0.0,7,4202.0,4204.0,14,4192.0,4198.0,4215.0,4198.0,885.0,37181330.0,26058
2023-05-10 21:06:06,eg2306,eg2306,4204.0,6.0,252240.0,0.0,57,4203.0,4205.0,34,4192.0,4198.0,4215.0,4198.0,891.0,37433570.0,26058
2023-05-10 21:06:07,eg2306,eg2306,4204.0,0.0,0.0,0.0,104,4203.0,4206.0,65,4192.0,4198.0,4215.0,4198.0,891.0,37433570.0,26058
2023-05-10 21:06:07,eg2306,eg2306,4204.0,0.0,0.0,0.0,126,4203.0,4206.0,50,4192.0,4198.0,4215.0,4198.0,891.0,37433570.0,26058
2023-05-10 21:06:08,eg2306,eg2306,4204.0,0.0,0.0,0.0,140,4203.0,4206.0,56,4192.0,4198.0,4215.0,4198.0,891.0,37433570.0,26058
2023-05-10 21:06:08,eg2306,eg2306,4204.0,0.0,0.0,0.0,140,4203.0,4206.0,50,4192.0,4198.0,4215.0,4198.0,891.0,37433570.0,26058
2023-05-10 21:06:09,eg2306,eg2306,4204.0,0.0,0.0,0.0,52,4204.0,4206.0,14,4192.0,4198.0,4215.0,4198.0,891.0,37433570.0,26058
2023-05-10 21:06:09,eg2306,eg2306,4205.0,1.0,42050.0,-1.0,57,4204.0,4206.0,8,4192.0,4198.0,4215.0,4198.0,892.0,37475620.0,26057
2023-05-10 21:06:10,eg2306,eg2306,4205.0,0.0,0.0,0.0,51,4204.0,4206.0,8,4192.0,4198.0,4215.0,4198.0,892.0,37475620.0,26057
2023-05-10 21:06:10,eg2306,eg2306,4205.0,0.0,0.0,0.0,6,4205.0,4206.0,4,4192.0,4198.0,4215.0,4198.0,892.0,37475620.0,26057
2023-05-10 21:06:11,eg2306,eg2306,4205.0,0.0,0.0,0.0,12,4205.0,4206.0,1,4192.0,4198.0,4215.0,4198.0,892.0,37475620.0,26057
2023-05-10 21:06:11,eg2306,eg2306,4205.0,0.0,0.0,0.0,23,4205.0,4206.0,1,4192.0,4198.0,4215.0,4198.0,892.0,37475620.0,26057
2023-05-10 21:06:12,eg2306,eg2306,4205.0,0.0,0.0,0.0,15,4205.0,4206.0,1,4192.0,4198.0,4215.0,4198.0,892.0,37475620.0,26057
2023-05-10 21:06:12,eg2306,eg2306,4205.0,0.0,0.0,0.0,6,4205.0,4206.0,3,4192.0,4198.0,4215.0,4198.0,892.0,37475620.0,26057
2023-05-10 21:06:13,eg2306,eg2306,4205.0,0.0,0.0,0.0,8,4205.0,4206.0,9,4192.0,4198.0,4215.0,4198.0,892.0,37475620.0,26057
2023-05-10 21:06:14,eg2306,eg2306,4205.0,0.0,0.0,0.0,6,4205.0,4206.0,5,4192.0,4198.0,4215.0,4198.0,892.0,37475620.0,26057
2023-05-10 21:06:15,eg2306,eg2306,4205.0,0.0,0.0,0.0,2,4205.0,4206.0,9,4192.0,4198.0,4215.0,4198.0,892.0,37475620.0,26057
2023-05-10 21:06:15,eg2306,eg2306,4205.0,2.0,84100.0,-2.0,52,4204.0,4206.0,9,4192.0,4198.0,4215.0,4198.0,894.0,37559720.0,26055
2023-05-10 21:06:16,eg2306,eg2306,4205.0,0.0,0.0,0.0,18,4204.0,4206.0,47,4192.0,4198.0,4215.0,4198.0,894.0,37559720.0,26055
2023-05-10 21:06:16,eg2306,eg2306,4205.0,0.0,0.0,0.0,18,4204.0,4206.0,15,4192.0,4198.0,4215.0,4198.0,894.0,37559720.0,26055
2023-05-10 21:06:18,eg2306,eg2306,4205.0,0.0,0.0,0.0,24,4204.0,4206.0,1,4192.0,4198.0,4215.0,4198.0,894.0,37559720.0,26055
2023-05-10 21:06:18,eg2306,eg2306,4205.0,0.0,0.0,0.0,41,4204.0,4206.0,3,4192.0,4198.0,4215.0,4198.0,894.0,37559720.0,26055
2023-05-10 21:06:19,eg2306,eg2306,4205.0,0.0,0.0,0.0,32,4204.0,4206.0,3,4192.0,4198.0,4215.0,4198.0,894.0,37559720.0,26055
2023-05-10 21:06:19,eg2306,eg2306,4205.0,0.0,0.0,0.0,27,4204.0,4206.0,3,4192.0,4198.0,4215.0,4198.0,894.0,37559720.0,26055
2023-05-10 21:06:20,eg2306,eg2306,4205.0,0.0,0.0,0.0,26,4204.0,4206.0,3,4192.0,4198.0,4215.0,4198.0,894.0,37559720.0,26055
2023-05-10 21:06:20,eg2306,eg2306,4205.0,0.0,0.0,0.0,68,4204.0,4206.0,3,4192.0,4198.0,4215.0,4198.0,894.0,37559720.0,26055
2023-05-10 21:06:21,eg2306,eg2306,4205.0,0.0,0.0,0.0,80,4204.0,4206.0,3,4192.0,4198.0,4215.0,4198.0,894.0,37559720.0,26055
2023-05-10 21:06:21,eg2306,eg2306,4205.0,0.0,0.0,0.0,41,4204.0,4206.0,3,4192.0,4198.0,4215.0,4198.0,894.0,37559720.0,26055
2023-05-10 21:06:22,eg2306,eg2306,4205.0,0.0,0.0,0.0,29,4204.0,4206.0,1,4192.0,4198.0,4215.0,4198.0,894.0,37559720.0,26055
2023-05-10 21:06:22,eg2306,eg2306,4205.0,0.0,0.0,0.0,26,4204.0,4206.0,7,4192.0,4198.0,4215.0,4198.0,894.0,37559720.0,26055
2023-05-10 21:06:23,eg2306,eg2306,4205.0,0.0,0.0,0.0,27,4204.0,4206.0,3,4192.0,4198.0,4215.0,4198.0,894.0,37559720.0,26055
2023-05-10 21:06:23,eg2306,eg2306,4205.0,0.0,0.0,0.0,6,4205.0,4206.0,1,4192.0,4198.0,4215.0,4198.0,894.0,37559720.0,26055
2023-05-10 21:06:24,eg2306,eg2306,4205.0,0.0,0.0,0.0,8,4205.0,4206.0,1,4192.0,4198.0,4215.0,4198.0,894.0,37559720.0,26055
2023-05-10 21:06:26,eg2306,eg2306,4205.0,0.0,0.0,0.0,2,4205.0,4206.0,3,4192.0,4198.0,4215.0,4198.0,894.0,37559720.0,26055
2023-05-10 21:06:26,eg2306,eg2306,4205.0,2.0,84100.0,1.0,48,4204.0,4205.0,1,4192.0,4198.0,4215.0,4198.0,896.0,37643820.0,26056
2023-05-10 21:06:27,eg2306,eg2306,4205.0,0.0,0.0,0.0,48,4204.0,4206.0,1,4192.0,4198.0,4215.0,4198.0,896.0,37643820.0,26056
2023-05-10 21:06:27,eg2306,eg2306,4205.0,0.0,0.0,0.0,36,4204.0,4206.0,5,4192.0,4198.0,4215.0,4198.0,896.0,37643820.0,26056
2023-05-10 21:06:28,eg2306,eg2306,4205.0,0.0,0.0,0.0,30,4204.0,4206.0,5,4192.0,4198.0,4215.0,4198.0,896.0,37643820.0,26056
2023-05-10 21:06:28,eg2306,eg2306,4205.0,0.0,0.0,0.0,29,4204.0,4206.0,3,4192.0,4198.0,4215.0,4198.0,896.0,37643820.0,26056
2023-05-10 21:06:29,eg2306,eg2306,4205.0,0.0,0.0,0.0,26,4204.0,4206.0,1,4192.0,4198.0,4215.0,4198.0,896.0,37643820.0,26056
2023-05-10 21:06:30,eg2306,eg2306,4205.0,0.0,0.0,0.0,26,4204.0,4206.0,3,4192.0,4198.0,4215.0,4198.0,896.0,37643820.0,26056
2023-05-10 21:06:30,eg2306,eg2306,4205.0,0.0,0.0,0.0,26,4204.0,4206.0,1,4192.0,4198.0,4215.0,4198.0,896.0,37643820.0,26056
2023-05-10 21:06:31,eg2306,eg2306,4204.0,26.0,1093040.0,-12.0,40,4203.0,4206.0,1,4192.0,4198.0,4215.0,4198.0,922.0,38736860.0,26044
2023-05-10 21:06:31,eg2306,eg2306,4204.0,0.0,0.0,0.0,52,4202.0,4205.0,5,4192.0,4198.0,4215.0,4198.0,922.0,38736860.0,26044
2023-05-10 21:06:32,eg2306,eg2306,4204.0,0.0,0.0,0.0,64,4202.0,4205.0,5,4192.0,4198.0,4215.0,4198.0,922.0,38736860.0,26044
2023-05-10 21:06:33,eg2306,eg2306,4204.0,0.0,0.0,0.0,58,4202.0,4205.0,5,4192.0,4198.0,4215.0,4198.0,922.0,38736860.0,26044
2023-05-10 21:06:33,eg2306,eg2306,4204.0,0.0,0.0,0.0,58,4202.0,4205.0,11,4192.0,4198.0,4215.0,4198.0,922.0,38736860.0,26044
2023-05-10 21:06:34,eg2306,eg2306,4204.0,0.0,0.0,0.0,64,4202.0,4205.0,11,4192.0,4198.0,4215.0,4198.0,922.0,38736860.0,26044
2023-05-10 21:06:34,eg2306,eg2306,4204.0,0.0,0.0,0.0,6,4203.0,4205.0,17,4192.0,4198.0,4215.0,4198.0,922.0,38736860.0,26044
2023-05-10 21:06:35,eg2306,eg2306,4204.0,0.0,0.0,0.0,70,4202.0,4205.0,17,4192.0,4198.0,4215.0,4198.0,922.0,38736860.0,26044
2023-05-10 21:06:36,eg2306,eg2306,4204.0,0.0,0.0,0.0,27,4202.0,4205.0,47,4192.0,4198.0,4215.0,4198.0,922.0,38736860.0,26044
2023-05-10 21:06:36,eg2306,eg2306,4204.0,0.0,0.0,0.0,95,4201.0,4204.0,2,4192.0,4198.0,4215.0,4198.0,922.0,38736860.0,26044
2023-05-10 21:06:37,eg2306,eg2306,4204.0,0.0,0.0,0.0,83,4201.0,4204.0,4,4192.0,4198.0,4215.0,4198.0,922.0,38736860.0,26044
2023-05-10 21:06:38,eg2306,eg2306,4204.0,0.0,0.0,0.0,83,4201.0,4204.0,10,4192.0,4198.0,4215.0,4198.0,922.0,38736860.0,26044
2023-05-10 21:06:38,eg2306,eg2306,4204.0,0.0,0.0,0.0,70,4201.0,4204.0,10,4192.0,4198.0,4215.0,4198.0,922.0,38736860.0,26044
2023-05-10 21:06:39,eg2306,eg2306,4204.0,0.0,0.0,0.0,95,4201.0,4204.0,16,4192.0,4198.0,4215.0,4198.0,922.0,38736860.0,26044
2023-05-10 21:06:39,eg2306,eg2306,4204.0,0.0,0.0,0.0,83,4201.0,4204.0,16,4192.0,4198.0,4215.0,4198.0,922.0,38736860.0,26044
2023-05-10 21:06:43,eg2306,eg2306,4204.0,0.0,0.0,0.0,83,4201.0,4204.0,106,4192.0,4198.0,4215.0,4198.0,922.0,38736860.0,26044
2023-05-10 21:06:43,eg2306,eg2306,4204.0,0.0,0.0,0.0,27,4202.0,4204.0,60,4192.0,4198.0,4215.0,4198.0,922.0,38736860.0,26044
2023-05-10 21:06:44,eg2306,eg2306,4204.0,0.0,0.0,0.0,53,4202.0,4204.0,19,4192.0,4198.0,4215.0,4198.0,922.0,38736860.0,26044
2023-05-10 21:06:44,eg2306,eg2306,4204.0,0.0,0.0,0.0,85,4202.0,4204.0,13,4192.0,4198.0,4215.0,4198.0,922.0,38736860.0,26044
2023-05-10 21:06:45,eg2306,eg2306,4204.0,0.0,0.0,0.0,85,4202.0,4204.0,7,4192.0,4198.0,4215.0,4198.0,922.0,38736860.0,26044
2023-05-10 21:06:45,eg2306,eg2306,4204.0,0.0,0.0,0.0,91,4202.0,4204.0,4,4192.0,4198.0,4215.0,4198.0,922.0,38736860.0,26044
2023-05-10 21:06:46,eg2306,eg2306,4204.0,0.0,0.0,0.0,66,4202.0,4204.0,6,4192.0,4198.0,4215.0,4198.0,922.0,38736860.0,26044
2023-05-10 21:06:46,eg2306,eg2306,4204.0,0.0,0.0,0.0,66,4202.0,4204.0,7,4192.0,4198.0,4215.0,4198.0,922.0,38736860.0,26044
2023-05-10 21:06:47,eg2306,eg2306,4204.0,0.0,0.0,0.0,60,4202.0,4204.0,4,4192.0,4198.0,4215.0,4198.0,922.0,38736860.0,26044
2023-05-10 21:06:48,eg2306,eg2306,4204.0,0.0,0.0,0.0,58,4202.0,4204.0,4,4192.0,4198.0,4215.0,4198.0,922.0,38736860.0,26044
2023-05-10 21:06:48,eg2306,eg2306,4204.0,2.0,84080.0,-2.0,12,4203.0,4205.0,26,4192.0,4198.0,4215.0,4198.0,924.0,38820940.0,26042
2023-05-10 21:06:49,eg2306,eg2306,4204.0,0.0,0.0,0.0,15,4204.0,4205.0,2,4192.0,4198.0,4215.0,4198.0,924.0,38820940.0,26042
2023-05-10 21:06:54,eg2306,eg2306,4204.0,0.0,0.0,0.0,1,4204.0,4205.0,2,4192.0,4198.0,4215.0,4198.0,924.0,38820940.0,26042
2023-05-10 21:06:54,eg2306,eg2306,4204.0,0.0,0.0,0.0,30,4203.0,4205.0,2,4192.0,4198.0,4215.0,4198.0,924.0,38820940.0,26042
2023-05-10 21:06:55,eg2306,eg2306,4204.0,0.0,0.0,0.0,19,4203.0,4205.0,2,4192.0,4198.0,4215.0,4198.0,924.0,38820940.0,26042
2023-05-10 21:06:55,eg2306,eg2306,4204.0,0.0,0.0,0.0,23,4203.0,4205.0,8,4192.0,4198.0,4215.0,4198.0,924.0,38820940.0,26042
2023-05-10 21:06:56,eg2306,eg2306,4204.0,0.0,0.0,0.0,28,4203.0,4205.0,8,4192.0,4198.0,4215.0,4198.0,924.0,38820940.0,26042
2023-05-10 21:06:56,eg2306,eg2306,4204.0,0.0,0.0,0.0,6,4203.0,4205.0,26,4192.0,4198.0,4215.0,4198.0,924.0,38820940.0,26042
2023-05-10 21:06:57,eg2306,eg2306,4204.0,0.0,0.0,0.0,6,4203.0,4205.0,48,4192.0,4198.0,4215.0,4198.0,924.0,38820940.0,26042
2023-05-10 21:06:57,eg2306,eg2306,4204.0,0.0,0.0,0.0,6,4203.0,4205.0,66,4192.0,4198.0,4215.0,4198.0,924.0,38820940.0,26042
2023-05-10 21:06:58,eg2306,eg2306,4204.0,0.0,0.0,0.0,6,4203.0,4205.0,72,4192.0,4198.0,4215.0,4198.0,924.0,38820940.0,26042
2023-05-10 21:07:00,eg2306,eg2306,4204.0,0.0,0.0,0.0,92,4202.0,4205.0,78,4192.0,4198.0,4215.0,4198.0,924.0,38820940.0,26042
2023-05-10 21:07:00,eg2306,eg2306,4204.0,0.0,0.0,0.0,62,4202.0,4204.0,1,4192.0,4198.0,4215.0,4198.0,924.0,38820940.0,26042
2023-05-10 21:07:01,eg2306,eg2306,4204.0,0.0,0.0,0.0,54,4202.0,4204.0,3,4192.0,4198.0,4215.0,4198.0,924.0,38820940.0,26042
2023-05-10 21:07:01,eg2306,eg2306,4204.0,0.0,0.0,0.0,54,4202.0,4204.0,5,4192.0,4198.0,4215.0,4198.0,924.0,38820940.0,26042
2023-05-10 21:07:02,eg2306,eg2306,4202.0,2.0,84040.0,0.0,42,4202.0,4204.0,5,4192.0,4198.0,4215.0,4198.0,926.0,38904980.0,26042
2023-05-10 21:07:02,eg2306,eg2306,4202.0,0.0,0.0,0.0,37,4202.0,4204.0,5,4192.0,4198.0,4215.0,4198.0,926.0,38904980.0,26042
2023-05-10 21:07:03,eg2306,eg2306,4202.0,0.0,0.0,0.0,43,4202.0,4204.0,3,4192.0,4198.0,4215.0,4198.0,926.0,38904980.0,26042
2023-05-10 21:07:04,eg2306,eg2306,4202.0,0.0,0.0,0.0,54,4202.0,4204.0,3,4192.0,4198.0,4215.0,4198.0,926.0,38904980.0,26042
2023-05-10 21:07:04,eg2306,eg2306,4202.0,0.0,0.0,0.0,60,4202.0,4204.0,3,4192.0,4198.0,4215.0,4198.0,926.0,38904980.0,26042
2023-05-10 21:07:05,eg2306,eg2306,4202.0,0.0,0.0,0.0,60,4202.0,4204.0,4,4192.0,4198.0,4215.0,4198.0,926.0,38904980.0,26042
2023-05-10 21:07:06,eg2306,eg2306,4202.0,0.0,0.0,0.0,60,4202.0,4204.0,2,4192.0,4198.0,4215.0,4198.0,926.0,38904980.0,26042
2023-05-10 21:07:11,eg2306,eg2306,4202.0,0.0,0.0,0.0,66,4202.0,4204.0,2,4192.0,4198.0,4215.0,4198.0,926.0,38904980.0,26042
2023-05-10 21:07:12,eg2306,eg2306,4204.0,4.0,168160.0,-3.0,21,4203.0,4205.0,26,4192.0,4198.0,4215.0,4198.0,930.0,39073140.0,26039
2023-05-10 21:07:12,eg2306,eg2306,4204.0,0.0,0.0,0.0,39,4203.0,4205.0,5,4192.0,4198.0,4215.0,4198.0,930.0,39073140.0,26039
2023-05-10 21:07:12,eg2306,eg2306,4204.0,0.0,0.0,0.0,41,4203.0,4205.0,5,4192.0,4198.0,4215.0,4198.0,930.0,39073140.0,26039
2023-05-10 21:07:15,eg2306,eg2306,4205.0,2.0,84100.0,-2.0,35,4203.0,4206.0,54,4192.0,4198.0,4215.0,4198.0,932.0,39157240.0,26037
2023-05-10 21:07:15,eg2306,eg2306,4206.0,35.0,1472100.0,-12.0,80,4205.0,4207.0,16,4192.0,4198.0,4215.0,4198.0,967.0,40629340.0,26025
2023-05-10 21:07:16,eg2306,eg2306,4206.0,0.0,0.0,0.0,86,4205.0,4207.0,10,4192.0,4198.0,4215.0,4198.0,967.0,40629340.0,26025
2023-05-10 21:07:17,eg2306,eg2306,4206.0,0.0,0.0,0.0,92,4205.0,4207.0,10,4192.0,4198.0,4215.0,4198.0,967.0,40629340.0,26025
2023-05-10 21:07:17,eg2306,eg2306,4206.0,0.0,0.0,0.0,98,4205.0,4207.0,11,4192.0,4198.0,4215.0,4198.0,967.0,40629340.0,26025
2023-05-10 21:07:18,eg2306,eg2306,4206.0,0.0,0.0,0.0,100,4205.0,4207.0,11,4192.0,4198.0,4215.0,4198.0,967.0,40629340.0,26025
2023-05-10 21:07:20,eg2306,eg2306,4206.0,0.0,0.0,0.0,31,4206.0,4208.0,18,4192.0,4198.0,4215.0,4198.0,967.0,40629340.0,26025
2023-05-10 21:07:21,eg2306,eg2306,4206.0,0.0,0.0,0.0,37,4206.0,4208.0,10,4192.0,4198.0,4215.0,4198.0,967.0,40629340.0,26025
2023-05-10 21:07:21,eg2306,eg2306,4206.0,0.0,0.0,0.0,37,4206.0,4208.0,7,4192.0,4198.0,4215.0,4198.0,967.0,40629340.0,26025
2023-05-10 21:07:22,eg2306,eg2306,4206.0,0.0,0.0,0.0,40,4206.0,4208.0,7,4192.0,4198.0,4215.0,4198.0,967.0,40629340.0,26025
2023-05-10 21:07:22,eg2306,eg2306,4206.0,0.0,0.0,0.0,41,4206.0,4208.0,8,4192.0,4198.0,4215.0,4198.0,967.0,40629340.0,26025
2023-05-10 21:07:23,eg2306,eg2306,4206.0,0.0,0.0,0.0,6,4207.0,4208.0,8,4192.0,4198.0,4215.0,4198.0,967.0,40629340.0,26025
2023-05-10 21:07:23,eg2306,eg2306,4207.0,6.0,252420.0,6.0,12,4206.0,4208.0,20,4192.0,4198.0,4215.0,4198.0,973.0,40881760.0,26031
2023-05-10 21:07:24,eg2306,eg2306,4207.0,0.0,0.0,0.0,6,4206.0,4208.0,34,4192.0,4198.0,4215.0,4198.0,973.0,40881760.0,26031
2023-05-10 21:07:24,eg2306,eg2306,4207.0,0.0,0.0,0.0,81,4205.0,4208.0,34,4192.0,4198.0,4215.0,4198.0,973.0,40881760.0,26031
2023-05-10 21:07:25,eg2306,eg2306,4207.0,0.0,0.0,0.0,75,4205.0,4207.0,2,4192.0,4198.0,4215.0,4198.0,973.0,40881760.0,26031
2023-05-10 21:07:25,eg2306,eg2306,4207.0,0.0,0.0,0.0,69,4205.0,4207.0,2,4192.0,4198.0,4215.0,4198.0,973.0,40881760.0,26031
2023-05-10 21:07:27,eg2306,eg2306,4207.0,0.0,0.0,0.0,66,4205.0,4207.0,4,4192.0,4198.0,4215.0,4198.0,973.0,40881760.0,26031
2023-05-10 21:07:28,eg2306,eg2306,4207.0,0.0,0.0,0.0,62,4205.0,4207.0,9,4192.0,4198.0,4215.0,4198.0,973.0,40881760.0,26031
2023-05-10 21:07:30,eg2306,eg2306,4207.0,0.0,0.0,0.0,63,4205.0,4207.0,7,4192.0,4198.0,4215.0,4198.0,973.0,40881760.0,26031
2023-05-10 21:07:30,eg2306,eg2306,4207.0,0.0,0.0,0.0,69,4205.0,4207.0,7,4192.0,4198.0,4215.0,4198.0,973.0,40881760.0,26031
2023-05-10 21:07:31,eg2306,eg2306,4207.0,0.0,0.0,0.0,58,4205.0,4207.0,9,4192.0,4198.0,4215.0,4198.0,973.0,40881760.0,26031
2023-05-10 21:07:31,eg2306,eg2306,4207.0,0.0,0.0,0.0,62,4205.0,4207.0,9,4192.0,4198.0,4215.0,4198.0,973.0,40881760.0,26031
2023-05-10 21:07:34,eg2306,eg2306,4207.0,0.0,0.0,0.0,62,4205.0,4207.0,8,4192.0,4198.0,4215.0,4198.0,973.0,40881760.0,26031
2023-05-10 21:07:38,eg2306,eg2306,4207.0,0.0,0.0,0.0,62,4205.0,4207.0,6,4192.0,4198.0,4215.0,4198.0,973.0,40881760.0,26031
2023-05-10 21:07:40,eg2306,eg2306,4207.0,0.0,0.0,0.0,62,4205.0,4207.0,8,4192.0,4198.0,4215.0,4198.0,973.0,40881760.0,26031
2023-05-10 21:07:40,eg2306,eg2306,4207.0,0.0,0.0,0.0,62,4205.0,4207.0,6,4192.0,4198.0,4215.0,4198.0,973.0,40881760.0,26031
2023-05-10 21:07:42,eg2306,eg2306,4207.0,0.0,0.0,0.0,62,4205.0,4207.0,8,4192.0,4198.0,4215.0,4198.0,973.0,40881760.0,26031
2023-05-10 21:07:43,eg2306,eg2306,4207.0,0.0,0.0,0.0,62,4205.0,4207.0,6,4192.0,4198.0,4215.0,4198.0,973.0,40881760.0,26031
2023-05-10 21:07:43,eg2306,eg2306,4207.0,0.0,0.0,0.0,62,4205.0,4207.0,9,4192.0,4198.0,4215.0,4198.0,973.0,40881760.0,26031
2023-05-10 21:07:45,eg2306,eg2306,4207.0,0.0,0.0,0.0,62,4205.0,4207.0,8,4192.0,4198.0,4215.0,4198.0,973.0,40881760.0,26031
2023-05-10 21:07:47,eg2306,eg2306,4207.0,0.0,0.0,0.0,42,4205.0,4207.0,8,4192.0,4198.0,4215.0,4198.0,973.0,40881760.0,26031
2023-05-10 21:07:47,eg2306,eg2306,4207.0,0.0,0.0,0.0,5,4205.0,4207.0,45,4192.0,4198.0,4215.0,4198.0,973.0,40881760.0,26031
2023-05-10 21:07:48,eg2306,eg2306,4207.0,0.0,0.0,0.0,5,4205.0,4207.0,65,4192.0,4198.0,4215.0,4198.0,973.0,40881760.0,26031
2023-05-10 21:07:48,eg2306,eg2306,4207.0,0.0,0.0,0.0,11,4205.0,4207.0,65,4192.0,4198.0,4215.0,4198.0,973.0,40881760.0,26031
2023-05-10 21:07:49,eg2306,eg2306,4207.0,0.0,0.0,0.0,11,4205.0,4207.0,83,4192.0,4198.0,4215.0,4198.0,973.0,40881760.0,26031
2023-05-10 21:07:49,eg2306,eg2306,4207.0,0.0,0.0,0.0,5,4205.0,4207.0,83,4192.0,4198.0,4215.0,4198.0,973.0,40881760.0,26031
2023-05-10 21:07:50,eg2306,eg2306,4207.0,0.0,0.0,0.0,5,4205.0,4207.0,89,4192.0,4198.0,4215.0,4198.0,973.0,40881760.0,26031
2023-05-10 21:07:55,eg2306,eg2306,4207.0,0.0,0.0,0.0,5,4205.0,4207.0,47,4192.0,4198.0,4215.0,4198.0,973.0,40881760.0,26031
2023-05-10 21:07:56,eg2306,eg2306,4207.0,0.0,0.0,0.0,5,4205.0,4207.0,23,4192.0,4198.0,4215.0,4198.0,973.0,40881760.0,26031
2023-05-10 21:08:03,eg2306,eg2306,4205.0,5.0,210250.0,-5.0,58,4204.0,4207.0,23,4192.0,4198.0,4215.0,4198.0,978.0,41092010.0,26026
2023-05-10 21:08:04,eg2306,eg2306,4205.0,0.0,0.0,0.0,54,4204.0,4207.0,33,4192.0,4198.0,4215.0,4198.0,978.0,41092010.0,26026
2023-05-10 21:08:04,eg2306,eg2306,4205.0,0.0,0.0,0.0,12,4204.0,4206.0,69,4192.0,4198.0,4215.0,4198.0,978.0,41092010.0,26026
2023-05-10 21:08:05,eg2306,eg2306,4205.0,0.0,0.0,0.0,6,4204.0,4206.0,11,4192.0,4198.0,4215.0,4198.0,978.0,41092010.0,26026
2023-05-10 21:08:07,eg2306,eg2306,4205.0,0.0,0.0,0.0,6,4204.0,4206.0,17,4192.0,4198.0,4215.0,4198.0,978.0,41092010.0,26026
2023-05-10 21:08:09,eg2306,eg2306,4204.0,6.0,252240.0,-6.0,48,4203.0,4206.0,17,4192.0,4198.0,4215.0,4198.0,984.0,41344250.0,26020
2023-05-10 21:08:10,eg2306,eg2306,4204.0,0.0,0.0,0.0,18,4203.0,4205.0,72,4192.0,4198.0,4215.0,4198.0,984.0,41344250.0,26020
2023-05-10 21:08:10,eg2306,eg2306,4204.0,0.0,0.0,0.0,6,4203.0,4205.0,29,4192.0,4198.0,4215.0,4198.0,984.0,41344250.0,26020
2023-05-10 21:08:11,eg2306,eg2306,4204.0,0.0,0.0,0.0,6,4203.0,4205.0,11,4192.0,4198.0,4215.0,4198.0,984.0,41344250.0,26020
2023-05-10 21:08:14,eg2306,eg2306,4203.0,6.0,252180.0,-6.0,58,4202.0,4205.0,11,4192.0,4198.0,4215.0,4198.0,990.0,41596430.0,26014
2023-05-10 21:08:15,eg2306,eg2306,4203.0,0.0,0.0,0.0,56,4202.0,4205.0,11,4192.0,4198.0,4215.0,4198.0,990.0,41596430.0,26014
2023-05-10 21:08:16,eg2306,eg2306,4203.0,0.0,0.0,0.0,56,4202.0,4205.0,17,4192.0,4198.0,4215.0,4198.0,990.0,41596430.0,26014
2023-05-10 21:08:17,eg2306,eg2306,4203.0,0.0,0.0,0.0,54,4202.0,4205.0,23,4192.0,4198.0,4215.0,4198.0,990.0,41596430.0,26014
2023-05-10 21:08:19,eg2306,eg2306,4203.0,0.0,0.0,0.0,54,4202.0,4205.0,20,4192.0,4198.0,4215.0,4198.0,990.0,41596430.0,26014
2023-05-10 21:08:28,eg2306,eg2306,4203.0,0.0,0.0,0.0,42,4202.0,4204.0,14,4192.0,4198.0,4215.0,4198.0,990.0,41596430.0,26014
2023-05-10 21:08:29,eg2306,eg2306,4203.0,0.0,0.0,0.0,12,4202.0,4204.0,8,4192.0,4198.0,4215.0,4198.0,990.0,41596430.0,26014
2023-05-10 21:08:29,eg2306,eg2306,4203.0,0.0,0.0,0.0,6,4202.0,4204.0,14,4192.0,4198.0,4215.0,4198.0,990.0,41596430.0,26014
2023-05-10 21:08:30,eg2306,eg2306,4203.0,0.0,0.0,0.0,6,4202.0,4204.0,16,4192.0,4198.0,4215.0,4198.0,990.0,41596430.0,26014
2023-05-10 21:08:30,eg2306,eg2306,4203.0,0.0,0.0,0.0,55,4201.0,4204.0,17,4192.0,4198.0,4215.0,4198.0,990.0,41596430.0,26014
2023-05-10 21:08:31,eg2306,eg2306,4203.0,0.0,0.0,0.0,54,4201.0,4204.0,17,4192.0,4198.0,4215.0,4198.0,990.0,41596430.0,26014
2023-05-10 21:08:31,eg2306,eg2306,4203.0,0.0,0.0,0.0,54,4201.0,4204.0,18,4192.0,4198.0,4215.0,4198.0,990.0,41596430.0,26014
2023-05-10 21:08:32,eg2306,eg2306,4203.0,0.0,0.0,0.0,54,4201.0,4204.0,24,4192.0,4198.0,4215.0,4198.0,990.0,41596430.0,26014
2023-05-10 21:08:36,eg2306,eg2306,4203.0,0.0,0.0,0.0,1,4202.0,4204.0,24,4192.0,4198.0,4215.0,4198.0,990.0,41596430.0,26014
2023-05-10 21:08:37,eg2306,eg2306,4203.0,0.0,0.0,0.0,1,4202.0,4204.0,30,4192.0,4198.0,4215.0,4198.0,990.0,41596430.0,26014
2023-05-10 21:08:38,eg2306,eg2306,4203.0,0.0,0.0,0.0,8,4202.0,4204.0,94,4192.0,4198.0,4215.0,4198.0,990.0,41596430.0,26014
2023-05-10 21:08:38,eg2306,eg2306,4203.0,0.0,0.0,0.0,16,4202.0,4204.0,18,4192.0,4198.0,4215.0,4198.0,990.0,41596430.0,26014
2023-05-10 21:08:39,eg2306,eg2306,4203.0,0.0,0.0,0.0,10,4202.0,4204.0,14,4192.0,4198.0,4215.0,4198.0,990.0,41596430.0,26014
2023-05-10 21:08:40,eg2306,eg2306,4204.0,18.0,756720.0,6.0,10,4202.0,4205.0,128,4192.0,4198.0,4215.0,4198.0,1008.0,42353150.0,26020
2023-05-10 21:08:40,eg2306,eg2306,4204.0,0.0,0.0,0.0,40,4203.0,4205.0,28,4192.0,4198.0,4215.0,4198.0,1008.0,42353150.0,26020
2023-05-10 21:08:41,eg2306,eg2306,4204.0,0.0,0.0,0.0,83,4203.0,4206.0,38,4192.0,4198.0,4215.0,4198.0,1008.0,42353150.0,26020
2023-05-10 21:08:41,eg2306,eg2306,4204.0,0.0,0.0,0.0,105,4203.0,4206.0,52,4192.0,4198.0,4215.0,4198.0,1008.0,42353150.0,26020
2023-05-10 21:08:42,eg2306,eg2306,4204.0,0.0,0.0,0.0,111,4203.0,4206.0,37,4192.0,4198.0,4215.0,4198.0,1008.0,42353150.0,26020
2023-05-10 21:08:42,eg2306,eg2306,4204.0,0.0,0.0,0.0,6,4204.0,4206.0,19,4192.0,4198.0,4215.0,4198.0,1008.0,42353150.0,26020
2023-05-10 21:08:43,eg2306,eg2306,4204.0,0.0,0.0,0.0,8,4204.0,4206.0,13,4192.0,4198.0,4215.0,4198.0,1008.0,42353150.0,26020
2023-05-10 21:08:43,eg2306,eg2306,4204.0,0.0,0.0,0.0,2,4204.0,4206.0,12,4192.0,4198.0,4215.0,4198.0,1008.0,42353150.0,26020
2023-05-10 21:08:45,eg2306,eg2306,4204.0,0.0,0.0,0.0,8,4204.0,4206.0,10,4192.0,4198.0,4215.0,4198.0,1008.0,42353150.0,26020
2023-05-10 21:08:47,eg2306,eg2306,4204.0,0.0,0.0,0.0,2,4204.0,4206.0,67,4192.0,4198.0,4215.0,4198.0,1008.0,42353150.0,26020
2023-05-10 21:08:47,eg2306,eg2306,4204.0,0.0,0.0,0.0,2,4204.0,4206.0,100,4192.0,4198.0,4215.0,4198.0,1008.0,42353150.0,26020
2023-05-10 21:08:48,eg2306,eg2306,4204.0,0.0,0.0,0.0,30,4203.0,4206.0,100,4192.0,4198.0,4215.0,4198.0,1008.0,42353150.0,26020
2023-05-10 21:08:48,eg2306,eg2306,4204.0,0.0,0.0,0.0,12,4203.0,4206.0,118,4192.0,4198.0,4215.0,4198.0,1008.0,42353150.0,26020
2023-05-10 21:08:49,eg2306,eg2306,4204.0,0.0,0.0,0.0,12,4203.0,4206.0,124,4192.0,4198.0,4215.0,4198.0,1008.0,42353150.0,26020
2023-05-10 21:08:49,eg2306,eg2306,4204.0,0.0,0.0,0.0,18,4203.0,4206.0,124,4192.0,4198.0,4215.0,4198.0,1008.0,42353150.0,26020
2023-05-10 21:08:50,eg2306,eg2306,4204.0,0.0,0.0,0.0,12,4203.0,4206.0,124,4192.0,4198.0,4215.0,4198.0,1008.0,42353150.0,26020
2023-05-10 21:08:52,eg2306,eg2306,4204.0,0.0,0.0,0.0,37,4203.0,4206.0,124,4192.0,4198.0,4215.0,4198.0,1008.0,42353150.0,26020
2023-05-10 21:08:53,eg2306,eg2306,4204.0,0.0,0.0,0.0,33,4203.0,4206.0,124,4192.0,4198.0,4215.0,4198.0,1008.0,42353150.0,26020
2023-05-10 21:08:53,eg2306,eg2306,4204.0,0.0,0.0,0.0,10,4203.0,4206.0,126,4192.0,4198.0,4215.0,4198.0,1008.0,42353150.0,26020
2023-05-10 21:08:54,eg2306,eg2306,4204.0,0.0,0.0,0.0,8,4203.0,4205.0,6,4192.0,4198.0,4215.0,4198.0,1008.0,42353150.0,26020
2023-05-10 21:08:54,eg2306,eg2306,4204.0,0.0,0.0,0.0,8,4203.0,4205.0,8,4192.0,4198.0,4215.0,4198.0,1008.0,42353150.0,26020
2023-05-10 21:09:02,eg2306,eg2306,4204.0,0.0,0.0,0.0,33,4203.0,4205.0,8,4192.0,4198.0,4215.0,4198.0,1008.0,42353150.0,26020
2023-05-10 21:09:02,eg2306,eg2306,4204.0,0.0,0.0,0.0,33,4203.0,4206.0,112,4192.0,4198.0,4215.0,4198.0,1008.0,42353150.0,26020
2023-05-10 21:09:03,eg2306,eg2306,4204.0,0.0,0.0,0.0,10,4203.0,4206.0,112,4192.0,4198.0,4215.0,4198.0,1008.0,42353150.0,26020
2023-05-10 21:09:03,eg2306,eg2306,4204.0,0.0,0.0,0.0,8,4203.0,4206.0,107,4192.0,4198.0,4215.0,4198.0,1008.0,42353150.0,26020
2023-05-10 21:09:07,eg2306,eg2306,4204.0,0.0,0.0,0.0,1,4204.0,4205.0,7,4192.0,4198.0,4215.0,4198.0,1008.0,42353150.0,26020
2023-05-10 21:09:07,eg2306,eg2306,4204.0,0.0,0.0,0.0,8,4203.0,4205.0,10,4192.0,4198.0,4215.0,4198.0,1008.0,42353150.0,26020
2023-05-10 21:09:08,eg2306,eg2306,4204.0,0.0,0.0,0.0,92,4202.0,4205.0,55,4192.0,4198.0,4215.0,4198.0,1008.0,42353150.0,26020
2023-05-10 21:09:08,eg2306,eg2306,4204.0,0.0,0.0,0.0,53,4202.0,4205.0,99,4192.0,4198.0,4215.0,4198.0,1008.0,42353150.0,26020
2023-05-10 21:09:09,eg2306,eg2306,4204.0,0.0,0.0,0.0,33,4202.0,4205.0,99,4192.0,4198.0,4215.0,4198.0,1008.0,42353150.0,26020
2023-05-10 21:09:09,eg2306,eg2306,4204.0,0.0,0.0,0.0,27,4202.0,4205.0,99,4192.0,4198.0,4215.0,4198.0,1008.0,42353150.0,26020
2023-05-10 21:09:10,eg2306,eg2306,4204.0,0.0,0.0,0.0,25,4202.0,4205.0,99,4192.0,4198.0,4215.0,4198.0,1008.0,42353150.0,26020
2023-05-10 21:09:11,eg2306,eg2306,4204.0,0.0,0.0,0.0,15,4202.0,4205.0,99,4192.0,4198.0,4215.0,4198.0,1008.0,42353150.0,26020
2023-05-10 21:09:11,eg2306,eg2306,4204.0,0.0,0.0,0.0,15,4202.0,4205.0,62,4192.0,4198.0,4215.0,4198.0,1008.0,42353150.0,26020
2023-05-10 21:09:12,eg2306,eg2306,4204.0,0.0,0.0,0.0,13,4202.0,4205.0,62,4192.0,4198.0,4215.0,4198.0,1008.0,42353150.0,26020
2023-05-10 21:09:13,eg2306,eg2306,4204.0,0.0,0.0,0.0,5,4202.0,4204.0,40,4192.0,4198.0,4215.0,4198.0,1008.0,42353150.0,26020
2023-05-10 21:09:14,eg2306,eg2306,4204.0,0.0,0.0,0.0,5,4202.0,4204.0,68,4192.0,4198.0,4215.0,4198.0,1008.0,42353150.0,26020
2023-05-10 21:09:16,eg2306,eg2306,4204.0,0.0,0.0,0.0,5,4202.0,4204.0,62,4192.0,4198.0,4215.0,4198.0,1008.0,42353150.0,26020
2023-05-10 21:09:17,eg2306,eg2306,4204.0,0.0,0.0,0.0,5,4202.0,4204.0,68,4192.0,4198.0,4215.0,4198.0,1008.0,42353150.0,26020
2023-05-10 21:09:19,eg2306,eg2306,4204.0,0.0,0.0,0.0,5,4202.0,4204.0,80,4192.0,4198.0,4215.0,4198.0,1008.0,42353150.0,26020
2023-05-10 21:09:20,eg2306,eg2306,4204.0,0.0,0.0,0.0,5,4202.0,4204.0,86,4192.0,4198.0,4215.0,4198.0,1008.0,42353150.0,26020
2023-05-10 21:09:22,eg2306,eg2306,4204.0,0.0,0.0,0.0,5,4202.0,4204.0,50,4192.0,4198.0,4215.0,4198.0,1008.0,42353150.0,26020
2023-05-10 21:09:22,eg2306,eg2306,4204.0,0.0,0.0,0.0,5,4202.0,4204.0,51,4192.0,4198.0,4215.0,4198.0,1008.0,42353150.0,26020
2023-05-10 21:09:35,eg2306,eg2306,4204.0,0.0,0.0,0.0,7,4202.0,4204.0,153,4192.0,4198.0,4215.0,4198.0,1008.0,42353150.0,26020
2023-05-10 21:09:35,eg2306,eg2306,4204.0,0.0,0.0,0.0,13,4202.0,4204.0,34,4192.0,4198.0,4215.0,4198.0,1008.0,42353150.0,26020
2023-05-10 21:09:36,eg2306,eg2306,4204.0,0.0,0.0,0.0,13,4202.0,4204.0,5,4192.0,4198.0,4215.0,4198.0,1008.0,42353150.0,26020
2023-05-10 21:09:37,eg2306,eg2306,4204.0,0.0,0.0,0.0,19,4202.0,4204.0,5,4192.0,4198.0,4215.0,4198.0,1008.0,42353150.0,26020
2023-05-10 21:09:37,eg2306,eg2306,4204.0,0.0,0.0,0.0,25,4202.0,4204.0,5,4192.0,4198.0,4215.0,4198.0,1008.0,42353150.0,26020
2023-05-10 21:09:38,eg2306,eg2306,4204.0,0.0,0.0,0.0,39,4202.0,4204.0,1,4192.0,4198.0,4215.0,4198.0,1008.0,42353150.0,26020
2023-05-10 21:09:38,eg2306,eg2306,4204.0,0.0,0.0,0.0,59,4202.0,4204.0,1,4192.0,4198.0,4215.0,4198.0,1008.0,42353150.0,26020
2023-05-10 21:09:39,eg2306,eg2306,4204.0,0.0,0.0,0.0,66,4202.0,4204.0,1,4192.0,4198.0,4215.0,4198.0,1008.0,42353150.0,26020
2023-05-10 21:09:39,eg2306,eg2306,4204.0,0.0,0.0,0.0,62,4202.0,4204.0,1,4192.0,4198.0,4215.0,4198.0,1008.0,42353150.0,26020
2023-05-10 21:09:44,eg2306,eg2306,4204.0,0.0,0.0,0.0,56,4202.0,4204.0,1,4192.0,4198.0,4215.0,4198.0,1008.0,42353150.0,26020
2023-05-10 21:09:51,eg2306,eg2306,4202.0,26.0,1092640.0,-7.0,110,4201.0,4204.0,7,4192.0,4198.0,4215.0,4198.0,1034.0,43445790.0,26013
2023-05-10 21:09:51,eg2306,eg2306,4202.0,0.0,0.0,0.0,58,4201.0,4204.0,88,4192.0,4198.0,4215.0,4198.0,1034.0,43445790.0,26013
2023-05-10 21:09:52,eg2306,eg2306,4202.0,0.0,0.0,0.0,51,4201.0,4204.0,57,4192.0,4198.0,4215.0,4198.0,1034.0,43445790.0,26013
2023-05-10 21:09:52,eg2306,eg2306,4202.0,0.0,0.0,0.0,56,4201.0,4204.0,57,4192.0,4198.0,4215.0,4198.0,1034.0,43445790.0,26013
2023-05-10 21:09:53,eg2306,eg2306,4202.0,0.0,0.0,0.0,56,4201.0,4204.0,69,4192.0,4198.0,4215.0,4198.0,1034.0,43445790.0,26013
2023-05-10 21:09:55,eg2306,eg2306,4202.0,0.0,0.0,0.0,62,4201.0,4204.0,69,4192.0,4198.0,4215.0,4198.0,1034.0,43445790.0,26013
2023-05-10 21:09:58,eg2306,eg2306,4202.0,0.0,0.0,0.0,6,4201.0,4203.0,18,4192.0,4198.0,4215.0,4198.0,1034.0,43445790.0,26013
2023-05-10 21:09:59,eg2306,eg2306,4202.0,0.0,0.0,0.0,76,4200.0,4203.0,26,4192.0,4198.0,4215.0,4198.0,1034.0,43445790.0,26013
2023-05-10 21:09:59,eg2306,eg2306,4202.0,0.0,0.0,0.0,62,4200.0,4203.0,34,4192.0,4198.0,4215.0,4198.0,1034.0,43445790.0,26013
2023-05-10 21:10:00,eg2306,eg2306,4202.0,0.0,0.0,0.0,67,4200.0,4203.0,44,4192.0,4198.0,4215.0,4198.0,1034.0,43445790.0,26013
2023-05-10 21:10:01,eg2306,eg2306,4202.0,0.0,0.0,0.0,67,4200.0,4203.0,62,4192.0,4198.0,4215.0,4198.0,1034.0,43445790.0,26013
2023-05-10 21:10:02,eg2306,eg2306,4202.0,0.0,0.0,0.0,61,4200.0,4203.0,62,4192.0,4198.0,4215.0,4198.0,1034.0,43445790.0,26013
2023-05-10 21:10:02,eg2306,eg2306,4202.0,0.0,0.0,0.0,92,4200.0,4203.0,57,4192.0,4198.0,4215.0,4198.0,1034.0,43445790.0,26013
2023-05-10 21:10:03,eg2306,eg2306,4202.0,0.0,0.0,0.0,71,4200.0,4203.0,42,4192.0,4198.0,4215.0,4198.0,1034.0,43445790.0,26013
2023-05-10 21:10:03,eg2306,eg2306,4202.0,0.0,0.0,0.0,71,4200.0,4203.0,37,4192.0,4198.0,4215.0,4198.0,1034.0,43445790.0,26013
2023-05-10 21:10:04,eg2306,eg2306,4202.0,0.0,0.0,0.0,73,4200.0,4203.0,43,4192.0,4198.0,4215.0,4198.0,1034.0,43445790.0,26013
2023-05-10 21:10:04,eg2306,eg2306,4202.0,0.0,0.0,0.0,71,4200.0,4203.0,49,4192.0,4198.0,4215.0,4198.0,1034.0,43445790.0,26013
2023-05-10 21:10:05,eg2306,eg2306,4202.0,0.0,0.0,0.0,108,4201.0,4203.0,12,4192.0,4198.0,4215.0,4198.0,1034.0,43445790.0,26013
2023-05-10 21:10:05,eg2306,eg2306,4203.0,12.0,504360.0,6.0,25,4203.0,4204.0,32,4192.0,4198.0,4215.0,4198.0,1046.0,43950150.0,26019
2023-05-10 21:10:06,eg2306,eg2306,4203.0,0.0,0.0,0.0,31,4203.0,4204.0,14,4192.0,4198.0,4215.0,4198.0,1046.0,43950150.0,26019
2023-05-10 21:10:06,eg2306,eg2306,4203.0,6.0,252180.0,6.0,23,4202.0,4204.0,51,4192.0,4198.0,4215.0,4198.0,1052.0,44202330.0,26025
2023-05-10 21:10:07,eg2306,eg2306,4203.0,0.0,0.0,0.0,109,4201.0,4204.0,77,4192.0,4198.0,4215.0,4198.0,1052.0,44202330.0,26025
2023-05-10 21:10:07,eg2306,eg2306,4201.0,1.0,42010.0,0.0,97,4201.0,4204.0,77,4192.0,4198.0,4215.0,4198.0,1053.0,44244340.0,26025
2023-05-10 21:10:08,eg2306,eg2306,4201.0,0.0,0.0,0.0,25,4202.0,4204.0,6,4192.0,4198.0,4215.0,4198.0,1053.0,44244340.0,26025
2023-05-10 21:10:09,eg2306,eg2306,4201.0,0.0,0.0,0.0,65,4202.0,4205.0,93,4192.0,4198.0,4215.0,4198.0,1053.0,44244340.0,26025
2023-05-10 21:10:10,eg2306,eg2306,4201.0,0.0,0.0,0.0,65,4202.0,4205.0,99,4192.0,4198.0,4215.0,4198.0,1053.0,44244340.0,26025
2023-05-10 21:10:11,eg2306,eg2306,4201.0,0.0,0.0,0.0,48,4202.0,4205.0,99,4192.0,4198.0,4215.0,4198.0,1053.0,44244340.0,26025
2023-05-10 21:10:12,eg2306,eg2306,4201.0,0.0,0.0,0.0,22,4202.0,4205.0,99,4192.0,4198.0,4215.0,4198.0,1053.0,44244340.0,26025
2023-05-10 21:10:12,eg2306,eg2306,4201.0,0.0,0.0,0.0,59,4203.0,4205.0,18,4192.0,4198.0,4215.0,4198.0,1053.0,44244340.0,26025
2023-05-10 21:10:13,eg2306,eg2306,4201.0,0.0,0.0,0.0,49,4203.0,4205.0,8,4192.0,4198.0,4215.0,4198.0,1053.0,44244340.0,26025
2023-05-10 21:10:13,eg2306,eg2306,4201.0,0.0,0.0,0.0,49,4203.0,4205.0,2,4192.0,4198.0,4215.0,4198.0,1053.0,44244340.0,26025
2023-05-10 21:10:14,eg2306,eg2306,4201.0,0.0,0.0,0.0,49,4203.0,4206.0,75,4192.0,4198.0,4215.0,4198.0,1053.0,44244340.0,26025
2023-05-10 21:10:14,eg2306,eg2306,4201.0,0.0,0.0,0.0,96,4203.0,4206.0,75,4192.0,4198.0,4215.0,4198.0,1053.0,44244340.0,26025
2023-05-10 21:10:15,eg2306,eg2306,4201.0,0.0,0.0,0.0,114,4203.0,4206.0,66,4192.0,4198.0,4215.0,4198.0,1053.0,44244340.0,26025
2023-05-10 21:10:15,eg2306,eg2306,4201.0,0.0,0.0,0.0,121,4203.0,4206.0,66,4192.0,4198.0,4215.0,4198.0,1053.0,44244340.0,26025
2023-05-10 21:10:17,eg2306,eg2306,4201.0,0.0,0.0,0.0,121,4203.0,4206.0,78,4192.0,4198.0,4215.0,4198.0,1053.0,44244340.0,26025
2023-05-10 21:10:17,eg2306,eg2306,4201.0,0.0,0.0,0.0,121,4203.0,4206.0,80,4192.0,4198.0,4215.0,4198.0,1053.0,44244340.0,26025
2023-05-10 21:10:18,eg2306,eg2306,4201.0,0.0,0.0,0.0,121,4203.0,4206.0,74,4192.0,4198.0,4215.0,4198.0,1053.0,44244340.0,26025
2023-05-10 21:10:18,eg2306,eg2306,4201.0,0.0,0.0,0.0,62,4203.0,4206.0,50,4192.0,4198.0,4215.0,4198.0,1053.0,44244340.0,26025
2023-05-10 21:10:19,eg2306,eg2306,4201.0,0.0,0.0,0.0,62,4203.0,4206.0,56,4192.0,4198.0,4215.0,4198.0,1053.0,44244340.0,26025
2023-05-10 21:10:19,eg2306,eg2306,4201.0,0.0,0.0,0.0,68,4203.0,4206.0,44,4192.0,4198.0,4215.0,4198.0,1053.0,44244340.0,26025
2023-05-10 21:10:20,eg2306,eg2306,4201.0,0.0,0.0,0.0,8,4204.0,4206.0,26,4192.0,4198.0,4215.0,4198.0,1053.0,44244340.0,26025
2023-05-10 21:10:20,eg2306,eg2306,4204.0,1.0,42040.0,0.0,35,4204.0,4206.0,17,4192.0,4198.0,4215.0,4198.0,1054.0,44286380.0,26025
2023-05-10 21:10:21,eg2306,eg2306,4204.0,0.0,0.0,0.0,33,4204.0,4206.0,12,4192.0,4198.0,4215.0,4198.0,1054.0,44286380.0,26025
2023-05-10 21:10:22,eg2306,eg2306,4204.0,0.0,0.0,0.0,33,4204.0,4206.0,6,4192.0,4198.0,4215.0,4198.0,1054.0,44286380.0,26025
2023-05-10 21:10:22,eg2306,eg2306,4204.0,0.0,0.0,0.0,45,4204.0,4207.0,69,4192.0,4198.0,4215.0,4198.0,1054.0,44286380.0,26025
2023-05-10 21:10:23,eg2306,eg2306,4204.0,0.0,0.0,0.0,57,4204.0,4206.0,6,4192.0,4198.0,4215.0,4198.0,1054.0,44286380.0,26025
2023-05-10 21:10:23,eg2306,eg2306,4204.0,0.0,0.0,0.0,63,4204.0,4207.0,65,4192.0,4198.0,4215.0,4198.0,1054.0,44286380.0,26025
2023-05-10 21:10:25,eg2306,eg2306,4204.0,0.0,0.0,0.0,62,4204.0,4207.0,65,4192.0,4198.0,4215.0,4198.0,1054.0,44286380.0,26025
2023-05-10 21:10:26,eg2306,eg2306,4204.0,0.0,0.0,0.0,67,4204.0,4207.0,65,4192.0,4198.0,4215.0,4198.0,1054.0,44286380.0,26025
2023-05-10 21:10:26,eg2306,eg2306,4204.0,0.0,0.0,0.0,74,4204.0,4207.0,58,4192.0,4198.0,4215.0,4198.0,1054.0,44286380.0,26025
