time,symbol_id,symbol_name,last,trade_volume,trade_amount,open_interest_change,bv1,bp1,ap1,av1,yesterday_close,today_open,today_high,today_low,volume,amount,open_interest
2023-05-10 20:58:56,eg2311,eg2311,4316.0,0.0,0.0,0.0,4,4309.0,4342.0,34,4316.0,4328.0,0.0,0.0,0.0,0.0,8625
2023-05-10 21:00:00,eg2311,eg2311,4316.0,0.0,0.0,0.0,2,4303.0,4342.0,34,4316.0,4328.0,0.0,0.0,0.0,0.0,8625
2023-05-10 21:00:00,eg2311,eg2311,4316.0,0.0,0.0,0.0,2,4304.0,4361.0,3,4316.0,4328.0,0.0,0.0,0.0,0.0,8625
2023-05-10 21:00:01,eg2311,eg2311,4316.0,0.0,0.0,0.0,1,4313.0,4341.0,1,4316.0,4328.0,0.0,0.0,0.0,0.0,8625
2023-05-10 21:00:01,eg2311,eg2311,4316.0,0.0,0.0,0.0,2,4314.0,4341.0,2,4316.0,4328.0,0.0,0.0,0.0,0.0,8625
2023-05-10 21:00:02,eg2311,eg2311,4316.0,0.0,0.0,0.0,2,4314.0,4341.0,1,4316.0,4328.0,0.0,0.0,0.0,0.0,8625
2023-05-10 21:00:03,eg2311,eg2311,4316.0,0.0,0.0,0.0,1,4315.0,4340.0,6,4316.0,4328.0,0.0,0.0,0.0,0.0,8625
2023-05-10 21:00:03,eg2311,eg2311,4316.0,0.0,0.0,0.0,1,4315.0,4340.0,7,4316.0,4328.0,0.0,0.0,0.0,0.0,8625
2023-05-10 21:00:04,eg2311,eg2311,4316.0,0.0,0.0,0.0,1,4315.0,4339.0,5,4316.0,4328.0,0.0,0.0,0.0,0.0,8625
2023-05-10 21:00:04,eg2311,eg2311,4316.0,0.0,0.0,0.0,2,4316.0,4339.0,6,4316.0,4328.0,0.0,0.0,0.0,0.0,8625
2023-05-10 21:00:05,eg2311,eg2311,4316.0,0.0,0.0,0.0,2,4316.0,4339.0,10,4316.0,4328.0,0.0,0.0,0.0,0.0,8625
2023-05-10 21:00:05,eg2311,eg2311,4316.0,0.0,0.0,0.0,2,4324.0,4330.0,1,4316.0,4328.0,0.0,0.0,0.0,0.0,8625
2023-05-10 21:00:06,eg2311,eg2311,4316.0,0.0,0.0,0.0,3,4326.0,4328.0,1,4316.0,4328.0,0.0,0.0,0.0,0.0,8625
2023-05-10 21:00:06,eg2311,eg2311,4316.0,0.0,0.0,0.0,1,4326.0,4328.0,1,4316.0,4328.0,0.0,0.0,0.0,0.0,8625
2023-05-10 21:00:08,eg2311,eg2311,4316.0,0.0,0.0,0.0,1,4327.0,4329.0,1,4316.0,4328.0,0.0,0.0,0.0,0.0,8625
2023-05-10 21:00:08,eg2311,eg2311,4316.0,0.0,0.0,0.0,1,4326.0,4328.0,1,4316.0,4328.0,0.0,0.0,0.0,0.0,8625
2023-05-10 21:00:09,eg2311,eg2311,4316.0,0.0,0.0,0.0,1,4327.0,4329.0,1,4316.0,4328.0,0.0,0.0,0.0,0.0,8625
2023-05-10 21:00:09,eg2311,eg2311,4316.0,0.0,0.0,0.0,1,4326.0,4328.0,1,4316.0,4328.0,0.0,0.0,0.0,0.0,8625
2023-05-10 21:00:10,eg2311,eg2311,4316.0,0.0,0.0,0.0,1,4326.0,4329.0,1,4316.0,4328.0,0.0,0.0,0.0,0.0,8625
2023-05-10 21:00:10,eg2311,eg2311,4328.0,1.0,43280.0,-1.0,1,4326.0,4331.0,4,4316.0,4328.0,4328.0,4328.0,1.0,43280.0,8624
2023-05-10 21:00:11,eg2311,eg2311,4328.0,0.0,0.0,0.0,2,4327.0,4330.0,1,4316.0,4328.0,4328.0,4328.0,1.0,43280.0,8624
2023-05-10 21:00:12,eg2311,eg2311,4328.0,0.0,0.0,0.0,1,4328.0,4330.0,2,4316.0,4328.0,4328.0,4328.0,1.0,43280.0,8624
2023-05-10 21:00:12,eg2311,eg2311,4328.0,0.0,0.0,0.0,2,4328.0,4330.0,1,4316.0,4328.0,4328.0,4328.0,1.0,43280.0,8624
2023-05-10 21:00:14,eg2311,eg2311,4328.0,0.0,0.0,0.0,2,4327.0,4330.0,2,4316.0,4328.0,4328.0,4328.0,1.0,43280.0,8624
2023-05-10 21:00:15,eg2311,eg2311,4328.0,0.0,0.0,0.0,1,4328.0,4330.0,2,4316.0,4328.0,4328.0,4328.0,1.0,43280.0,8624
2023-05-10 21:00:15,eg2311,eg2311,4328.0,0.0,0.0,0.0,3,4328.0,4330.0,1,4316.0,4328.0,4328.0,4328.0,1.0,43280.0,8624
2023-05-10 21:00:16,eg2311,eg2311,4328.0,0.0,0.0,0.0,3,4328.0,4331.0,3,4316.0,4328.0,4328.0,4328.0,1.0,43280.0,8624
2023-05-10 21:00:16,eg2311,eg2311,4328.0,0.0,0.0,0.0,5,4329.0,4331.0,1,4316.0,4328.0,4328.0,4328.0,1.0,43280.0,8624
2023-05-10 21:00:17,eg2311,eg2311,4328.0,0.0,0.0,0.0,6,4329.0,4332.0,3,4316.0,4328.0,4328.0,4328.0,1.0,43280.0,8624
2023-05-10 21:00:17,eg2311,eg2311,4328.0,2.0,86560.0,-1.0,3,4329.0,4331.0,1,4316.0,4328.0,4328.0,4328.0,3.0,129840.0,8623
2023-05-10 21:00:18,eg2311,eg2311,4328.0,0.0,0.0,0.0,1,4329.0,4331.0,3,4316.0,4328.0,4328.0,4328.0,3.0,129840.0,8623
2023-05-10 21:00:18,eg2311,eg2311,4328.0,0.0,0.0,0.0,1,4329.0,4330.0,1,4316.0,4328.0,4328.0,4328.0,3.0,129840.0,8623
2023-05-10 21:00:19,eg2311,eg2311,4328.0,0.0,0.0,0.0,2,4329.0,4331.0,2,4316.0,4328.0,4328.0,4328.0,3.0,129840.0,8623
2023-05-10 21:00:19,eg2311,eg2311,4328.0,0.0,0.0,0.0,2,4329.0,4331.0,3,4316.0,4328.0,4328.0,4328.0,3.0,129840.0,8623
2023-05-10 21:00:20,eg2311,eg2311,4328.0,0.0,0.0,0.0,4,4329.0,4331.0,2,4316.0,4328.0,4328.0,4328.0,3.0,129840.0,8623
2023-05-10 21:00:20,eg2311,eg2311,4328.0,0.0,0.0,0.0,2,4330.0,4331.0,1,4316.0,4328.0,4328.0,4328.0,3.0,129840.0,8623
2023-05-10 21:00:21,eg2311,eg2311,4328.0,0.0,0.0,0.0,1,4330.0,4331.0,1,4316.0,4328.0,4328.0,4328.0,3.0,129840.0,8623
2023-05-10 21:00:21,eg2311,eg2311,4328.0,0.0,0.0,0.0,2,4330.0,4332.0,3,4316.0,4328.0,4328.0,4328.0,3.0,129840.0,8623
2023-05-10 21:00:22,eg2311,eg2311,4328.0,0.0,0.0,0.0,5,4329.0,4331.0,1,4316.0,4328.0,4328.0,4328.0,3.0,129840.0,8623
2023-05-10 21:00:23,eg2311,eg2311,4328.0,0.0,0.0,0.0,2,4330.0,4332.0,3,4316.0,4328.0,4328.0,4328.0,3.0,129840.0,8623
2023-05-10 21:00:23,eg2311,eg2311,4328.0,0.0,0.0,0.0,2,4330.0,4332.0,2,4316.0,4328.0,4328.0,4328.0,3.0,129840.0,8623
2023-05-10 21:00:24,eg2311,eg2311,4328.0,0.0,0.0,0.0,3,4330.0,4332.0,2,4316.0,4328.0,4328.0,4328.0,3.0,129840.0,8623
2023-05-10 21:00:24,eg2311,eg2311,4328.0,0.0,0.0,0.0,1,4331.0,4333.0,3,4316.0,4328.0,4328.0,4328.0,3.0,129840.0,8623
2023-05-10 21:00:25,eg2311,eg2311,4328.0,0.0,0.0,0.0,2,4331.0,4333.0,3,4316.0,4328.0,4328.0,4328.0,3.0,129840.0,8623
2023-05-10 21:00:25,eg2311,eg2311,4328.0,0.0,0.0,0.0,1,4331.0,4333.0,3,4316.0,4328.0,4328.0,4328.0,3.0,129840.0,8623
2023-05-10 21:00:26,eg2311,eg2311,4328.0,0.0,0.0,0.0,5,4330.0,4332.0,1,4316.0,4328.0,4328.0,4328.0,3.0,129840.0,8623
2023-05-10 21:00:26,eg2311,eg2311,4328.0,0.0,0.0,0.0,2,4331.0,4333.0,3,4316.0,4328.0,4328.0,4328.0,3.0,129840.0,8623
2023-05-10 21:00:27,eg2311,eg2311,4328.0,0.0,0.0,0.0,2,4331.0,4333.0,1,4316.0,4328.0,4328.0,4328.0,3.0,129840.0,8623
2023-05-10 21:00:28,eg2311,eg2311,4328.0,0.0,0.0,0.0,1,4332.0,4334.0,3,4316.0,4328.0,4328.0,4328.0,3.0,129840.0,8623
2023-05-10 21:00:28,eg2311,eg2311,4328.0,0.0,0.0,0.0,2,4332.0,4334.0,2,4316.0,4328.0,4328.0,4328.0,3.0,129840.0,8623
2023-05-10 21:00:29,eg2311,eg2311,4328.0,0.0,0.0,0.0,3,4332.0,4335.0,3,4316.0,4328.0,4328.0,4328.0,3.0,129840.0,8623
2023-05-10 21:00:29,eg2311,eg2311,4328.0,0.0,0.0,0.0,14,4332.0,4335.0,3,4316.0,4328.0,4328.0,4328.0,3.0,129840.0,8623
2023-05-10 21:00:30,eg2311,eg2311,4328.0,0.0,0.0,0.0,1,4333.0,4335.0,3,4316.0,4328.0,4328.0,4328.0,3.0,129840.0,8623
2023-05-10 21:00:30,eg2311,eg2311,4328.0,0.0,0.0,0.0,2,4334.0,4336.0,2,4316.0,4328.0,4328.0,4328.0,3.0,129840.0,8623
2023-05-10 21:00:31,eg2311,eg2311,4328.0,0.0,0.0,0.0,2,4334.0,4336.0,3,4316.0,4328.0,4328.0,4328.0,3.0,129840.0,8623
2023-05-10 21:00:32,eg2311,eg2311,4328.0,0.0,0.0,0.0,1,4334.0,4336.0,3,4316.0,4328.0,4328.0,4328.0,3.0,129840.0,8623
2023-05-10 21:00:32,eg2311,eg2311,4328.0,0.0,0.0,0.0,2,4333.0,4335.0,1,4316.0,4328.0,4328.0,4328.0,3.0,129840.0,8623
2023-05-10 21:00:33,eg2311,eg2311,4328.0,0.0,0.0,0.0,1,4333.0,4334.0,1,4316.0,4328.0,4328.0,4328.0,3.0,129840.0,8623
2023-05-10 21:00:34,eg2311,eg2311,4328.0,0.0,0.0,0.0,2,4332.0,4334.0,3,4316.0,4328.0,4328.0,4328.0,3.0,129840.0,8623
2023-05-10 21:00:34,eg2311,eg2311,4328.0,0.0,0.0,0.0,1,4332.0,4333.0,1,4316.0,4328.0,4328.0,4328.0,3.0,129840.0,8623
2023-05-10 21:00:35,eg2311,eg2311,4328.0,0.0,0.0,0.0,2,4331.0,4333.0,1,4316.0,4328.0,4328.0,4328.0,3.0,129840.0,8623
2023-05-10 21:00:35,eg2311,eg2311,4328.0,0.0,0.0,0.0,2,4332.0,4334.0,2,4316.0,4328.0,4328.0,4328.0,3.0,129840.0,8623
2023-05-10 21:00:36,eg2311,eg2311,4328.0,0.0,0.0,0.0,3,4331.0,4333.0,2,4316.0,4328.0,4328.0,4328.0,3.0,129840.0,8623
2023-05-10 21:00:37,eg2311,eg2311,4328.0,0.0,0.0,0.0,3,4332.0,4335.0,3,4316.0,4328.0,4328.0,4328.0,3.0,129840.0,8623
2023-05-10 21:00:38,eg2311,eg2311,4328.0,0.0,0.0,0.0,2,4333.0,4335.0,3,4316.0,4328.0,4328.0,4328.0,3.0,129840.0,8623
2023-05-10 21:00:38,eg2311,eg2311,4328.0,0.0,0.0,0.0,4,4332.0,4334.0,1,4316.0,4328.0,4328.0,4328.0,3.0,129840.0,8623
2023-05-10 21:00:39,eg2311,eg2311,4328.0,0.0,0.0,0.0,5,4332.0,4334.0,2,4316.0,4328.0,4328.0,4328.0,3.0,129840.0,8623
2023-05-10 21:00:39,eg2311,eg2311,4328.0,0.0,0.0,0.0,2,4333.0,4335.0,2,4316.0,4328.0,4328.0,4328.0,3.0,129840.0,8623
2023-05-10 21:00:40,eg2311,eg2311,4328.0,0.0,0.0,0.0,2,4333.0,4335.0,3,4316.0,4328.0,4328.0,4328.0,3.0,129840.0,8623
2023-05-10 21:00:40,eg2311,eg2311,4328.0,0.0,0.0,0.0,1,4333.0,4335.0,3,4316.0,4328.0,4328.0,4328.0,3.0,129840.0,8623
2023-05-10 21:00:41,eg2311,eg2311,4328.0,0.0,0.0,0.0,5,4332.0,4335.0,3,4316.0,4328.0,4328.0,4328.0,3.0,129840.0,8623
2023-05-10 21:00:41,eg2311,eg2311,4328.0,0.0,0.0,0.0,5,4332.0,4334.0,1,4316.0,4328.0,4328.0,4328.0,3.0,129840.0,8623
2023-05-10 21:00:42,eg2311,eg2311,4328.0,0.0,0.0,0.0,2,4333.0,4335.0,2,4316.0,4328.0,4328.0,4328.0,3.0,129840.0,8623
2023-05-10 21:00:43,eg2311,eg2311,4328.0,0.0,0.0,0.0,1,4333.0,4335.0,3,4316.0,4328.0,4328.0,4328.0,3.0,129840.0,8623
2023-05-10 21:00:44,eg2311,eg2311,4328.0,0.0,0.0,0.0,4,4332.0,4334.0,7,4316.0,4328.0,4328.0,4328.0,3.0,129840.0,8623
2023-05-10 21:00:44,eg2311,eg2311,4328.0,0.0,0.0,0.0,4,4332.0,4334.0,8,4316.0,4328.0,4328.0,4328.0,3.0,129840.0,8623
2023-05-10 21:00:45,eg2311,eg2311,4328.0,0.0,0.0,0.0,3,4332.0,4334.0,9,4316.0,4328.0,4328.0,4328.0,3.0,129840.0,8623
2023-05-10 21:00:46,eg2311,eg2311,4328.0,0.0,0.0,0.0,9,4332.0,4334.0,7,4316.0,4328.0,4328.0,4328.0,3.0,129840.0,8623
2023-05-10 21:00:47,eg2311,eg2311,4328.0,0.0,0.0,0.0,4,4332.0,4334.0,8,4316.0,4328.0,4328.0,4328.0,3.0,129840.0,8623
2023-05-10 21:00:47,eg2311,eg2311,4328.0,0.0,0.0,0.0,1,4332.0,4334.0,10,4316.0,4328.0,4328.0,4328.0,3.0,129840.0,8623
2023-05-10 21:00:49,eg2311,eg2311,4328.0,0.0,0.0,0.0,6,4331.0,4333.0,3,4316.0,4328.0,4328.0,4328.0,3.0,129840.0,8623
2023-05-10 21:00:49,eg2311,eg2311,4328.0,0.0,0.0,0.0,10,4330.0,4332.0,6,4316.0,4328.0,4328.0,4328.0,3.0,129840.0,8623
2023-05-10 21:00:49,eg2311,eg2311,4328.0,0.0,0.0,0.0,10,4330.0,4332.0,7,4316.0,4328.0,4328.0,4328.0,3.0,129840.0,8623
2023-05-10 21:00:51,eg2311,eg2311,4328.0,0.0,0.0,0.0,10,4330.0,4332.0,8,4316.0,4328.0,4328.0,4328.0,3.0,129840.0,8623
2023-05-10 21:00:51,eg2311,eg2311,4328.0,0.0,0.0,0.0,11,4330.0,4332.0,8,4316.0,4328.0,4328.0,4328.0,3.0,129840.0,8623
2023-05-10 21:00:52,eg2311,eg2311,4328.0,0.0,0.0,0.0,4,4331.0,4332.0,2,4316.0,4328.0,4328.0,4328.0,3.0,129840.0,8623
2023-05-10 21:00:52,eg2311,eg2311,4328.0,0.0,0.0,0.0,5,4331.0,4333.0,8,4316.0,4328.0,4328.0,4328.0,3.0,129840.0,8623
2023-05-10 21:00:53,eg2311,eg2311,4328.0,0.0,0.0,0.0,5,4331.0,4333.0,9,4316.0,4328.0,4328.0,4328.0,3.0,129840.0,8623
2023-05-10 21:00:53,eg2311,eg2311,4328.0,0.0,0.0,0.0,10,4330.0,4333.0,10,4316.0,4328.0,4328.0,4328.0,3.0,129840.0,8623
2023-05-10 21:00:54,eg2311,eg2311,4328.0,0.0,0.0,0.0,11,4330.0,4333.0,10,4316.0,4328.0,4328.0,4328.0,3.0,129840.0,8623
2023-05-10 21:00:55,eg2311,eg2311,4328.0,0.0,0.0,0.0,12,4330.0,4333.0,10,4316.0,4328.0,4328.0,4328.0,3.0,129840.0,8623
2023-05-10 21:00:55,eg2311,eg2311,4328.0,0.0,0.0,0.0,12,4330.0,4332.0,6,4316.0,4328.0,4328.0,4328.0,3.0,129840.0,8623
2023-05-10 21:00:56,eg2311,eg2311,4328.0,0.0,0.0,0.0,9,4330.0,4332.0,9,4316.0,4328.0,4328.0,4328.0,3.0,129840.0,8623
2023-05-10 21:00:56,eg2311,eg2311,4328.0,0.0,0.0,0.0,3,4330.0,4332.0,10,4316.0,4328.0,4328.0,4328.0,3.0,129840.0,8623
2023-05-10 21:00:57,eg2311,eg2311,4328.0,0.0,0.0,0.0,5,4329.0,4331.0,5,4316.0,4328.0,4328.0,4328.0,3.0,129840.0,8623
2023-05-10 21:00:57,eg2311,eg2311,4328.0,0.0,0.0,0.0,5,4329.0,4331.0,7,4316.0,4328.0,4328.0,4328.0,3.0,129840.0,8623
2023-05-10 21:00:58,eg2311,eg2311,4328.0,0.0,0.0,0.0,2,4329.0,4331.0,10,4316.0,4328.0,4328.0,4328.0,3.0,129840.0,8623
2023-05-10 21:00:58,eg2311,eg2311,4328.0,0.0,0.0,0.0,3,4329.0,4331.0,8,4316.0,4328.0,4328.0,4328.0,3.0,129840.0,8623
2023-05-10 21:00:59,eg2311,eg2311,4328.0,0.0,0.0,0.0,2,4329.0,4331.0,10,4316.0,4328.0,4328.0,4328.0,3.0,129840.0,8623
2023-05-10 21:00:59,eg2311,eg2311,4328.0,0.0,0.0,0.0,1,4329.0,4331.0,10,4316.0,4328.0,4328.0,4328.0,3.0,129840.0,8623
2023-05-10 21:01:00,eg2311,eg2311,4328.0,0.0,0.0,0.0,13,4328.0,4330.0,1,4316.0,4328.0,4328.0,4328.0,3.0,129840.0,8623
2023-05-10 21:01:00,eg2311,eg2311,4328.0,0.0,0.0,0.0,5,4329.0,4331.0,7,4316.0,4328.0,4328.0,4328.0,3.0,129840.0,8623
2023-05-10 21:01:01,eg2311,eg2311,4328.0,0.0,0.0,0.0,7,4329.0,4331.0,8,4316.0,4328.0,4328.0,4328.0,3.0,129840.0,8623
2023-05-10 21:01:01,eg2311,eg2311,4328.0,0.0,0.0,0.0,5,4329.0,4331.0,9,4316.0,4328.0,4328.0,4328.0,3.0,129840.0,8623
2023-05-10 21:01:02,eg2311,eg2311,4328.0,0.0,0.0,0.0,1,4329.0,4331.0,9,4316.0,4328.0,4328.0,4328.0,3.0,129840.0,8623
2023-05-10 21:01:02,eg2311,eg2311,4328.0,0.0,0.0,0.0,2,4329.0,4331.0,9,4316.0,4328.0,4328.0,4328.0,3.0,129840.0,8623
2023-05-10 21:01:03,eg2311,eg2311,4328.0,0.0,0.0,0.0,7,4328.0,4330.0,6,4316.0,4328.0,4328.0,4328.0,3.0,129840.0,8623
2023-05-10 21:01:03,eg2311,eg2311,4328.0,0.0,0.0,0.0,7,4328.0,4330.0,9,4316.0,4328.0,4328.0,4328.0,3.0,129840.0,8623
2023-05-10 21:01:04,eg2311,eg2311,4328.0,0.0,0.0,0.0,7,4328.0,4330.0,10,4316.0,4328.0,4328.0,4328.0,3.0,129840.0,8623
2023-05-10 21:01:04,eg2311,eg2311,4328.0,0.0,0.0,0.0,1,4328.0,4329.0,7,4316.0,4328.0,4328.0,4328.0,3.0,129840.0,8623
2023-05-10 21:01:05,eg2311,eg2311,4328.0,0.0,0.0,0.0,7,4326.0,4329.0,11,4316.0,4328.0,4328.0,4328.0,3.0,129840.0,8623
2023-05-10 21:01:05,eg2311,eg2311,4328.0,0.0,0.0,0.0,7,4326.0,4329.0,10,4316.0,4328.0,4328.0,4328.0,3.0,129840.0,8623
2023-05-10 21:01:05,eg2311,eg2311,4328.0,0.0,0.0,0.0,7,4326.0,4329.0,11,4316.0,4328.0,4328.0,4328.0,3.0,129840.0,8623
2023-05-10 21:01:06,eg2311,eg2311,4328.0,0.0,0.0,0.0,7,4326.0,4328.0,1,4316.0,4328.0,4328.0,4328.0,3.0,129840.0,8623
2023-05-10 21:01:07,eg2311,eg2311,4328.0,0.0,0.0,0.0,1,4326.0,4327.0,7,4316.0,4328.0,4328.0,4328.0,3.0,129840.0,8623
2023-05-10 21:01:07,eg2311,eg2311,4326.0,1.0,43260.0,0.0,6,4324.0,4326.0,1,4316.0,4328.0,4328.0,4326.0,4.0,173100.0,8623
2023-05-10 21:01:08,eg2311,eg2311,4326.0,0.0,0.0,0.0,5,4324.0,4326.0,8,4316.0,4328.0,4328.0,4326.0,4.0,173100.0,8623
2023-05-10 21:01:09,eg2311,eg2311,4326.0,0.0,0.0,0.0,5,4324.0,4326.0,9,4316.0,4328.0,4328.0,4326.0,4.0,173100.0,8623
2023-05-10 21:01:09,eg2311,eg2311,4326.0,0.0,0.0,0.0,2,4324.0,4326.0,11,4316.0,4328.0,4328.0,4326.0,4.0,173100.0,8623
2023-05-10 21:01:10,eg2311,eg2311,4326.0,0.0,0.0,0.0,3,4324.0,4326.0,8,4316.0,4328.0,4328.0,4326.0,4.0,173100.0,8623
2023-05-10 21:01:10,eg2311,eg2311,4326.0,0.0,0.0,0.0,3,4324.0,4326.0,10,4316.0,4328.0,4328.0,4326.0,4.0,173100.0,8623
2023-05-10 21:01:11,eg2311,eg2311,4326.0,0.0,0.0,0.0,4,4324.0,4326.0,10,4316.0,4328.0,4328.0,4326.0,4.0,173100.0,8623
2023-05-10 21:01:11,eg2311,eg2311,4326.0,0.0,0.0,0.0,4,4324.0,4326.0,9,4316.0,4328.0,4328.0,4326.0,4.0,173100.0,8623
2023-05-10 21:01:12,eg2311,eg2311,4326.0,0.0,0.0,0.0,3,4324.0,4326.0,10,4316.0,4328.0,4328.0,4326.0,4.0,173100.0,8623
2023-05-10 21:01:12,eg2311,eg2311,4326.0,0.0,0.0,0.0,3,4323.0,4325.0,6,4316.0,4328.0,4328.0,4326.0,4.0,173100.0,8623
2023-05-10 21:01:13,eg2311,eg2311,4326.0,0.0,0.0,0.0,3,4323.0,4325.0,9,4316.0,4328.0,4328.0,4326.0,4.0,173100.0,8623
2023-05-10 21:01:13,eg2311,eg2311,4326.0,0.0,0.0,0.0,3,4323.0,4325.0,10,4316.0,4328.0,4328.0,4326.0,4.0,173100.0,8623
2023-05-10 21:01:14,eg2311,eg2311,4326.0,0.0,0.0,0.0,2,4324.0,4325.0,2,4316.0,4328.0,4328.0,4326.0,4.0,173100.0,8623
2023-05-10 21:01:14,eg2311,eg2311,4326.0,0.0,0.0,0.0,1,4324.0,4326.0,9,4316.0,4328.0,4328.0,4326.0,4.0,173100.0,8623
2023-05-10 21:01:15,eg2311,eg2311,4326.0,0.0,0.0,0.0,2,4324.0,4326.0,10,4316.0,4328.0,4328.0,4326.0,4.0,173100.0,8623
2023-05-10 21:01:15,eg2311,eg2311,4326.0,0.0,0.0,0.0,2,4324.0,4326.0,9,4316.0,4328.0,4328.0,4326.0,4.0,173100.0,8623
2023-05-10 21:01:16,eg2311,eg2311,4326.0,0.0,0.0,0.0,1,4324.0,4326.0,9,4316.0,4328.0,4328.0,4326.0,4.0,173100.0,8623
2023-05-10 21:01:16,eg2311,eg2311,4326.0,0.0,0.0,0.0,3,4324.0,4326.0,10,4316.0,4328.0,4328.0,4326.0,4.0,173100.0,8623
2023-05-10 21:01:17,eg2311,eg2311,4326.0,0.0,0.0,0.0,1,4325.0,4326.0,1,4316.0,4328.0,4328.0,4326.0,4.0,173100.0,8623
2023-05-10 21:01:17,eg2311,eg2311,4326.0,1.0,43260.0,-1.0,2,4325.0,4327.0,9,4316.0,4328.0,4328.0,4326.0,5.0,216360.0,8622
2023-05-10 21:01:18,eg2311,eg2311,4326.0,0.0,0.0,0.0,2,4325.0,4327.0,7,4316.0,4328.0,4328.0,4326.0,5.0,216360.0,8622
2023-05-10 21:01:19,eg2311,eg2311,4326.0,0.0,0.0,0.0,2,4325.0,4327.0,9,4316.0,4328.0,4328.0,4326.0,5.0,216360.0,8622
2023-05-10 21:01:19,eg2311,eg2311,4326.0,0.0,0.0,0.0,1,4325.0,4327.0,10,4316.0,4328.0,4328.0,4326.0,5.0,216360.0,8622
2023-05-10 21:01:21,eg2311,eg2311,4326.0,0.0,0.0,0.0,1,4325.0,4326.0,1,4316.0,4328.0,4328.0,4326.0,5.0,216360.0,8622
2023-05-10 21:01:22,eg2311,eg2311,4326.0,0.0,0.0,0.0,2,4325.0,4326.0,1,4316.0,4328.0,4328.0,4326.0,5.0,216360.0,8622
2023-05-10 21:01:22,eg2311,eg2311,4326.0,0.0,0.0,0.0,6,4324.0,4326.0,6,4316.0,4328.0,4328.0,4326.0,5.0,216360.0,8622
2023-05-10 21:01:23,eg2311,eg2311,4326.0,0.0,0.0,0.0,6,4324.0,4326.0,7,4316.0,4328.0,4328.0,4326.0,5.0,216360.0,8622
2023-05-10 21:01:24,eg2311,eg2311,4326.0,0.0,0.0,0.0,5,4324.0,4326.0,7,4316.0,4328.0,4328.0,4326.0,5.0,216360.0,8622
2023-05-10 21:01:24,eg2311,eg2311,4326.0,0.0,0.0,0.0,4,4323.0,4326.0,10,4316.0,4328.0,4328.0,4326.0,5.0,216360.0,8622
2023-05-10 21:01:25,eg2311,eg2311,4326.0,0.0,0.0,0.0,2,4324.0,4326.0,9,4316.0,4328.0,4328.0,4326.0,5.0,216360.0,8622
2023-05-10 21:01:26,eg2311,eg2311,4326.0,0.0,0.0,0.0,1,4324.0,4326.0,9,4316.0,4328.0,4328.0,4326.0,5.0,216360.0,8622
2023-05-10 21:01:26,eg2311,eg2311,4326.0,0.0,0.0,0.0,1,4324.0,4326.0,10,4316.0,4328.0,4328.0,4326.0,5.0,216360.0,8622
2023-05-10 21:01:27,eg2311,eg2311,4326.0,0.0,0.0,0.0,1,4324.0,4326.0,9,4316.0,4328.0,4328.0,4326.0,5.0,216360.0,8622
2023-05-10 21:01:28,eg2311,eg2311,4326.0,0.0,0.0,0.0,6,4323.0,4325.0,6,4316.0,4328.0,4328.0,4326.0,5.0,216360.0,8622
2023-05-10 21:01:28,eg2311,eg2311,4326.0,0.0,0.0,0.0,6,4323.0,4325.0,9,4316.0,4328.0,4328.0,4326.0,5.0,216360.0,8622
2023-05-10 21:01:28,eg2311,eg2311,4326.0,0.0,0.0,0.0,6,4323.0,4325.0,10,4316.0,4328.0,4328.0,4326.0,5.0,216360.0,8622
2023-05-10 21:01:29,eg2311,eg2311,4326.0,0.0,0.0,0.0,1,4324.0,4325.0,1,4316.0,4328.0,4328.0,4326.0,5.0,216360.0,8622
2023-05-10 21:01:30,eg2311,eg2311,4326.0,0.0,0.0,0.0,5,4323.0,4325.0,9,4316.0,4328.0,4328.0,4326.0,5.0,216360.0,8622
2023-05-10 21:01:30,eg2311,eg2311,4326.0,0.0,0.0,0.0,5,4323.0,4325.0,10,4316.0,4328.0,4328.0,4326.0,5.0,216360.0,8622
2023-05-10 21:01:30,eg2311,eg2311,4326.0,0.0,0.0,0.0,4,4323.0,4325.0,10,4316.0,4328.0,4328.0,4326.0,5.0,216360.0,8622
2023-05-10 21:01:31,eg2311,eg2311,4325.0,1.0,43250.0,-1.0,2,4323.0,4325.0,9,4316.0,4328.0,4328.0,4325.0,6.0,259610.0,8621
2023-05-10 21:01:32,eg2311,eg2311,4325.0,0.0,0.0,0.0,1,4323.0,4324.0,1,4316.0,4328.0,4328.0,4325.0,6.0,259610.0,8621
2023-05-10 21:01:32,eg2311,eg2311,4325.0,0.0,0.0,0.0,2,4322.0,4324.0,8,4316.0,4328.0,4328.0,4325.0,6.0,259610.0,8621
2023-05-10 21:01:33,eg2311,eg2311,4325.0,0.0,0.0,0.0,3,4323.0,4324.0,1,4316.0,4328.0,4328.0,4325.0,6.0,259610.0,8621
2023-05-10 21:01:33,eg2311,eg2311,4324.0,1.0,43240.0,0.0,1,4324.0,4325.0,6,4316.0,4328.0,4328.0,4324.0,7.0,302850.0,8621
2023-05-10 21:01:34,eg2311,eg2311,4324.0,0.0,0.0,0.0,1,4324.0,4325.0,5,4316.0,4328.0,4328.0,4324.0,7.0,302850.0,8621
2023-05-10 21:01:35,eg2311,eg2311,4324.0,0.0,0.0,0.0,2,4324.0,4326.0,8,4316.0,4328.0,4328.0,4324.0,7.0,302850.0,8621
2023-05-10 21:01:35,eg2311,eg2311,4324.0,0.0,0.0,0.0,4,4324.0,4326.0,10,4316.0,4328.0,4328.0,4324.0,7.0,302850.0,8621
2023-05-10 21:01:36,eg2311,eg2311,4324.0,0.0,0.0,0.0,4,4324.0,4326.0,9,4316.0,4328.0,4328.0,4324.0,7.0,302850.0,8621
2023-05-10 21:01:36,eg2311,eg2311,4324.0,0.0,0.0,0.0,5,4324.0,4326.0,10,4316.0,4328.0,4328.0,4324.0,7.0,302850.0,8621
2023-05-10 21:01:36,eg2311,eg2311,4324.0,0.0,0.0,0.0,5,4324.0,4326.0,9,4316.0,4328.0,4328.0,4324.0,7.0,302850.0,8621
2023-05-10 21:01:38,eg2311,eg2311,4324.0,0.0,0.0,0.0,6,4324.0,4326.0,9,4316.0,4328.0,4328.0,4324.0,7.0,302850.0,8621
2023-05-10 21:01:42,eg2311,eg2311,4324.0,0.0,0.0,0.0,5,4324.0,4326.0,9,4316.0,4328.0,4328.0,4324.0,7.0,302850.0,8621
2023-05-10 21:01:42,eg2311,eg2311,4324.0,0.0,0.0,0.0,3,4324.0,4326.0,9,4316.0,4328.0,4328.0,4324.0,7.0,302850.0,8621
2023-05-10 21:01:43,eg2311,eg2311,4324.0,0.0,0.0,0.0,1,4324.0,4326.0,11,4316.0,4328.0,4328.0,4324.0,7.0,302850.0,8621
2023-05-10 21:01:44,eg2311,eg2311,4324.0,0.0,0.0,0.0,1,4324.0,4326.0,12,4316.0,4328.0,4328.0,4324.0,7.0,302850.0,8621
2023-05-10 21:01:47,eg2311,eg2311,4324.0,0.0,0.0,0.0,5,4324.0,4326.0,2,4316.0,4328.0,4328.0,4324.0,7.0,302850.0,8621
2023-05-10 21:01:47,eg2311,eg2311,4324.0,0.0,0.0,0.0,6,4324.0,4326.0,2,4316.0,4328.0,4328.0,4324.0,7.0,302850.0,8621
2023-05-10 21:01:48,eg2311,eg2311,4324.0,0.0,0.0,0.0,6,4324.0,4327.0,12,4316.0,4328.0,4328.0,4324.0,7.0,302850.0,8621
2023-05-10 21:01:49,eg2311,eg2311,4324.0,0.0,0.0,0.0,2,4325.0,4327.0,6,4316.0,4328.0,4328.0,4324.0,7.0,302850.0,8621
2023-05-10 21:01:50,eg2311,eg2311,4324.0,0.0,0.0,0.0,3,4325.0,4327.0,9,4316.0,4328.0,4328.0,4324.0,7.0,302850.0,8621
2023-05-10 21:01:50,eg2311,eg2311,4324.0,0.0,0.0,0.0,4,4325.0,4327.0,5,4316.0,4328.0,4328.0,4324.0,7.0,302850.0,8621
2023-05-10 21:01:51,eg2311,eg2311,4324.0,0.0,0.0,0.0,6,4325.0,4328.0,12,4316.0,4328.0,4328.0,4324.0,7.0,302850.0,8621
2023-05-10 21:01:53,eg2311,eg2311,4324.0,0.0,0.0,0.0,6,4325.0,4328.0,13,4316.0,4328.0,4328.0,4324.0,7.0,302850.0,8621
2023-05-10 21:01:57,eg2311,eg2311,4324.0,0.0,0.0,0.0,6,4325.0,4328.0,15,4316.0,4328.0,4328.0,4324.0,7.0,302850.0,8621
2023-05-10 21:01:59,eg2311,eg2311,4324.0,0.0,0.0,0.0,6,4325.0,4328.0,13,4316.0,4328.0,4328.0,4324.0,7.0,302850.0,8621
2023-05-10 21:01:59,eg2311,eg2311,4324.0,0.0,0.0,0.0,2,4326.0,4328.0,3,4316.0,4328.0,4328.0,4324.0,7.0,302850.0,8621
2023-05-10 21:02:00,eg2311,eg2311,4324.0,0.0,0.0,0.0,3,4326.0,4328.0,12,4316.0,4328.0,4328.0,4324.0,7.0,302850.0,8621
2023-05-10 21:02:00,eg2311,eg2311,4324.0,0.0,0.0,0.0,2,4326.0,4328.0,14,4316.0,4328.0,4328.0,4324.0,7.0,302850.0,8621
2023-05-10 21:02:01,eg2311,eg2311,4324.0,0.0,0.0,0.0,1,4326.0,4327.0,9,4316.0,4328.0,4328.0,4324.0,7.0,302850.0,8621
2023-05-10 21:02:01,eg2311,eg2311,4326.0,1.0,43260.0,0.0,1,4325.0,4327.0,12,4316.0,4328.0,4328.0,4324.0,8.0,346110.0,8621
2023-05-10 21:02:02,eg2311,eg2311,4326.0,0.0,0.0,0.0,8,4324.0,4326.0,1,4316.0,4328.0,4328.0,4324.0,8.0,346110.0,8621
2023-05-10 21:02:02,eg2311,eg2311,4326.0,0.0,0.0,0.0,5,4324.0,4326.0,1,4316.0,4328.0,4328.0,4324.0,8.0,346110.0,8621
2023-05-10 21:02:02,eg2311,eg2311,4326.0,0.0,0.0,0.0,4,4324.0,4326.0,1,4316.0,4328.0,4328.0,4324.0,8.0,346110.0,8621
2023-05-10 21:02:04,eg2311,eg2311,4326.0,0.0,0.0,0.0,1,4324.0,4326.0,4,4316.0,4328.0,4328.0,4324.0,8.0,346110.0,8621
2023-05-10 21:02:05,eg2311,eg2311,4326.0,0.0,0.0,0.0,1,4324.0,4326.0,12,4316.0,4328.0,4328.0,4324.0,8.0,346110.0,8621
2023-05-10 21:02:05,eg2311,eg2311,4326.0,0.0,0.0,0.0,9,4323.0,4326.0,13,4316.0,4328.0,4328.0,4324.0,8.0,346110.0,8621
2023-05-10 21:02:06,eg2311,eg2311,4326.0,0.0,0.0,0.0,6,4323.0,4326.0,14,4316.0,4328.0,4328.0,4324.0,8.0,346110.0,8621
2023-05-10 21:02:06,eg2311,eg2311,4326.0,0.0,0.0,0.0,5,4323.0,4326.0,14,4316.0,4328.0,4328.0,4324.0,8.0,346110.0,8621
2023-05-10 21:02:07,eg2311,eg2311,4326.0,0.0,0.0,0.0,8,4322.0,4324.0,1,4316.0,4328.0,4328.0,4324.0,8.0,346110.0,8621
2023-05-10 21:02:07,eg2311,eg2311,4326.0,0.0,0.0,0.0,4,4322.0,4324.0,3,4316.0,4328.0,4328.0,4324.0,8.0,346110.0,8621
2023-05-10 21:02:08,eg2311,eg2311,4326.0,0.0,0.0,0.0,1,4322.0,4324.0,14,4316.0,4328.0,4328.0,4324.0,8.0,346110.0,8621
2023-05-10 21:02:08,eg2311,eg2311,4326.0,0.0,0.0,0.0,9,4321.0,4324.0,14,4316.0,4328.0,4328.0,4324.0,8.0,346110.0,8621
2023-05-10 21:02:09,eg2311,eg2311,4326.0,0.0,0.0,0.0,6,4321.0,4324.0,15,4316.0,4328.0,4328.0,4324.0,8.0,346110.0,8621
2023-05-10 21:02:09,eg2311,eg2311,4326.0,0.0,0.0,0.0,5,4321.0,4324.0,15,4316.0,4328.0,4328.0,4324.0,8.0,346110.0,8621
2023-05-10 21:02:10,eg2311,eg2311,4326.0,0.0,0.0,0.0,7,4320.0,4322.0,3,4316.0,4328.0,4328.0,4324.0,8.0,346110.0,8621
2023-05-10 21:02:10,eg2311,eg2311,4326.0,0.0,0.0,0.0,1,4320.0,4322.0,9,4316.0,4328.0,4328.0,4324.0,8.0,346110.0,8621
2023-05-10 21:02:11,eg2311,eg2311,4326.0,0.0,0.0,0.0,3,4320.0,4322.0,2,4316.0,4328.0,4328.0,4324.0,8.0,346110.0,8621
2023-05-10 21:02:11,eg2311,eg2311,4326.0,0.0,0.0,0.0,5,4320.0,4322.0,2,4316.0,4328.0,4328.0,4324.0,8.0,346110.0,8621
2023-05-10 21:02:13,eg2311,eg2311,4326.0,0.0,0.0,0.0,6,4320.0,4322.0,1,4316.0,4328.0,4328.0,4324.0,8.0,346110.0,8621
2023-05-10 21:02:13,eg2311,eg2311,4326.0,0.0,0.0,0.0,7,4320.0,4322.0,1,4316.0,4328.0,4328.0,4324.0,8.0,346110.0,8621
2023-05-10 21:02:14,eg2311,eg2311,4326.0,0.0,0.0,0.0,7,4320.0,4323.0,14,4316.0,4328.0,4328.0,4324.0,8.0,346110.0,8621
2023-05-10 21:02:14,eg2311,eg2311,4323.0,4.0,172920.0,-2.0,3,4322.0,4323.0,1,4316.0,4328.0,4328.0,4323.0,12.0,519030.0,8619
2023-05-10 21:02:15,eg2311,eg2311,4323.0,1.0,43230.0,-1.0,2,4324.0,4325.0,3,4316.0,4328.0,4328.0,4323.0,13.0,562260.0,8618
2023-05-10 21:02:15,eg2311,eg2311,4324.0,1.0,43240.0,1.0,5,4322.0,4324.0,1,4316.0,4328.0,4328.0,4323.0,14.0,605500.0,8619
2023-05-10 21:02:16,eg2311,eg2311,4324.0,0.0,0.0,0.0,3,4322.0,4324.0,8,4316.0,4328.0,4328.0,4323.0,14.0,605500.0,8619
2023-05-10 21:02:16,eg2311,eg2311,4324.0,0.0,0.0,0.0,3,4322.0,4324.0,10,4316.0,4328.0,4328.0,4323.0,14.0,605500.0,8619
2023-05-10 21:02:16,eg2311,eg2311,4324.0,0.0,0.0,0.0,3,4322.0,4324.0,11,4316.0,4328.0,4328.0,4323.0,14.0,605500.0,8619
2023-05-10 21:02:18,eg2311,eg2311,4324.0,0.0,0.0,0.0,3,4322.0,4324.0,13,4316.0,4328.0,4328.0,4323.0,14.0,605500.0,8619
2023-05-10 21:02:19,eg2311,eg2311,4324.0,0.0,0.0,0.0,5,4321.0,4323.0,2,4316.0,4328.0,4328.0,4323.0,14.0,605500.0,8619
2023-05-10 21:02:20,eg2311,eg2311,4324.0,0.0,0.0,0.0,2,4321.0,4323.0,10,4316.0,4328.0,4328.0,4323.0,14.0,605500.0,8619
2023-05-10 21:02:20,eg2311,eg2311,4324.0,0.0,0.0,0.0,2,4321.0,4323.0,12,4316.0,4328.0,4328.0,4323.0,14.0,605500.0,8619
2023-05-10 21:02:22,eg2311,eg2311,4324.0,0.0,0.0,0.0,3,4321.0,4323.0,12,4316.0,4328.0,4328.0,4323.0,14.0,605500.0,8619
2023-05-10 21:02:24,eg2311,eg2311,4324.0,0.0,0.0,0.0,2,4321.0,4323.0,12,4316.0,4328.0,4328.0,4323.0,14.0,605500.0,8619
2023-05-10 21:02:26,eg2311,eg2311,4324.0,0.0,0.0,0.0,3,4321.0,4323.0,11,4316.0,4328.0,4328.0,4323.0,14.0,605500.0,8619
2023-05-10 21:02:27,eg2311,eg2311,4324.0,0.0,0.0,0.0,1,4322.0,4324.0,13,4316.0,4328.0,4328.0,4323.0,14.0,605500.0,8619
2023-05-10 21:02:27,eg2311,eg2311,4324.0,0.0,0.0,0.0,1,4322.0,4324.0,12,4316.0,4328.0,4328.0,4323.0,14.0,605500.0,8619
2023-05-10 21:02:28,eg2311,eg2311,4324.0,0.0,0.0,0.0,4,4321.0,4323.0,8,4316.0,4328.0,4328.0,4323.0,14.0,605500.0,8619
2023-05-10 21:02:29,eg2311,eg2311,4324.0,0.0,0.0,0.0,2,4321.0,4323.0,12,4316.0,4328.0,4328.0,4323.0,14.0,605500.0,8619
2023-05-10 21:02:32,eg2311,eg2311,4324.0,0.0,0.0,0.0,2,4321.0,4323.0,14,4316.0,4328.0,4328.0,4323.0,14.0,605500.0,8619
2023-05-10 21:02:34,eg2311,eg2311,4324.0,0.0,0.0,0.0,2,4321.0,4323.0,13,4316.0,4328.0,4328.0,4323.0,14.0,605500.0,8619
2023-05-10 21:02:35,eg2311,eg2311,4324.0,0.0,0.0,0.0,2,4321.0,4323.0,12,4316.0,4328.0,4328.0,4323.0,14.0,605500.0,8619
2023-05-10 21:02:36,eg2311,eg2311,4324.0,0.0,0.0,0.0,5,4320.0,4322.0,7,4316.0,4328.0,4328.0,4323.0,14.0,605500.0,8619
2023-05-10 21:02:37,eg2311,eg2311,4324.0,0.0,0.0,0.0,4,4320.0,4322.0,11,4316.0,4328.0,4328.0,4323.0,14.0,605500.0,8619
2023-05-10 21:02:37,eg2311,eg2311,4324.0,0.0,0.0,0.0,3,4320.0,4322.0,12,4316.0,4328.0,4328.0,4323.0,14.0,605500.0,8619
2023-05-10 21:02:39,eg2311,eg2311,4324.0,0.0,0.0,0.0,2,4320.0,4322.0,12,4316.0,4328.0,4328.0,4323.0,14.0,605500.0,8619
2023-05-10 21:02:39,eg2311,eg2311,4324.0,0.0,0.0,0.0,1,4321.0,4322.0,4,4316.0,4328.0,4328.0,4323.0,14.0,605500.0,8619
2023-05-10 21:02:40,eg2311,eg2311,4324.0,0.0,0.0,0.0,1,4321.0,4322.0,1,4316.0,4328.0,4328.0,4323.0,14.0,605500.0,8619
2023-05-10 21:02:40,eg2311,eg2311,4324.0,0.0,0.0,0.0,1,4321.0,4323.0,13,4316.0,4328.0,4328.0,4323.0,14.0,605500.0,8619
2023-05-10 21:02:41,eg2311,eg2311,4324.0,0.0,0.0,0.0,1,4322.0,4324.0,14,4316.0,4328.0,4328.0,4323.0,14.0,605500.0,8619
2023-05-10 21:02:41,eg2311,eg2311,4324.0,0.0,0.0,0.0,1,4322.0,4324.0,12,4316.0,4328.0,4328.0,4323.0,14.0,605500.0,8619
2023-05-10 21:02:42,eg2311,eg2311,4324.0,0.0,0.0,0.0,1,4322.0,4324.0,14,4316.0,4328.0,4328.0,4323.0,14.0,605500.0,8619
2023-05-10 21:02:42,eg2311,eg2311,4324.0,0.0,0.0,0.0,1,4322.0,4323.0,1,4316.0,4328.0,4328.0,4323.0,14.0,605500.0,8619
2023-05-10 21:02:44,eg2311,eg2311,4324.0,0.0,0.0,0.0,1,4322.0,4324.0,14,4316.0,4328.0,4328.0,4323.0,14.0,605500.0,8619
2023-05-10 21:02:47,eg2311,eg2311,4324.0,0.0,0.0,0.0,1,4322.0,4323.0,1,4316.0,4328.0,4328.0,4323.0,14.0,605500.0,8619
2023-05-10 21:02:48,eg2311,eg2311,4324.0,0.0,0.0,0.0,1,4322.0,4324.0,13,4316.0,4328.0,4328.0,4323.0,14.0,605500.0,8619
2023-05-10 21:02:48,eg2311,eg2311,4324.0,0.0,0.0,0.0,1,4322.0,4324.0,14,4316.0,4328.0,4328.0,4323.0,14.0,605500.0,8619
2023-05-10 21:02:50,eg2311,eg2311,4322.0,1.0,43220.0,0.0,4,4321.0,4323.0,1,4316.0,4328.0,4328.0,4322.0,15.0,648720.0,8619
2023-05-10 21:02:50,eg2311,eg2311,4322.0,0.0,0.0,0.0,4,4321.0,4324.0,16,4316.0,4328.0,4328.0,4322.0,15.0,648720.0,8619
2023-05-10 21:02:51,eg2311,eg2311,4322.0,0.0,0.0,0.0,1,4321.0,4323.0,9,4316.0,4328.0,4328.0,4322.0,15.0,648720.0,8619
2023-05-10 21:02:51,eg2311,eg2311,4322.0,0.0,0.0,0.0,1,4321.0,4323.0,14,4316.0,4328.0,4328.0,4322.0,15.0,648720.0,8619
2023-05-10 21:02:52,eg2311,eg2311,4322.0,0.0,0.0,0.0,1,4321.0,4323.0,16,4316.0,4328.0,4328.0,4322.0,15.0,648720.0,8619
2023-05-10 21:02:52,eg2311,eg2311,4322.0,0.0,0.0,0.0,8,4320.0,4323.0,12,4316.0,4328.0,4328.0,4322.0,15.0,648720.0,8619
2023-05-10 21:02:53,eg2311,eg2311,4322.0,0.0,0.0,0.0,4,4320.0,4323.0,15,4316.0,4328.0,4328.0,4322.0,15.0,648720.0,8619
2023-05-10 21:02:53,eg2311,eg2311,4322.0,0.0,0.0,0.0,5,4320.0,4323.0,15,4316.0,4328.0,4328.0,4322.0,15.0,648720.0,8619
2023-05-10 21:02:56,eg2311,eg2311,4322.0,0.0,0.0,0.0,3,4321.0,4323.0,5,4316.0,4328.0,4328.0,4322.0,15.0,648720.0,8619
2023-05-10 21:02:56,eg2311,eg2311,4322.0,0.0,0.0,0.0,7,4320.0,4323.0,15,4316.0,4328.0,4328.0,4322.0,15.0,648720.0,8619
2023-05-10 21:02:57,eg2311,eg2311,4322.0,0.0,0.0,0.0,7,4320.0,4323.0,17,4316.0,4328.0,4328.0,4322.0,15.0,648720.0,8619
2023-05-10 21:02:59,eg2311,eg2311,4322.0,0.0,0.0,0.0,2,4321.0,4323.0,7,4316.0,4328.0,4328.0,4322.0,15.0,648720.0,8619
2023-05-10 21:03:00,eg2311,eg2311,4322.0,0.0,0.0,0.0,3,4321.0,4323.0,1,4316.0,4328.0,4328.0,4322.0,15.0,648720.0,8619
2023-05-10 21:03:02,eg2311,eg2311,4322.0,0.0,0.0,0.0,6,4320.0,4322.0,4,4316.0,4328.0,4328.0,4322.0,15.0,648720.0,8619
2023-05-10 21:03:03,eg2311,eg2311,4322.0,0.0,0.0,0.0,1,4320.0,4322.0,11,4316.0,4328.0,4328.0,4322.0,15.0,648720.0,8619
2023-05-10 21:03:03,eg2311,eg2311,4322.0,14.0,605080.0,8.0,3,4322.0,4323.0,1,4316.0,4328.0,4328.0,4322.0,29.0,1253800.0,8627
2023-05-10 21:03:04,eg2311,eg2311,4323.0,1.0,43230.0,0.0,1,4324.0,4325.0,10,4316.0,4328.0,4328.0,4322.0,30.0,1297030.0,8627
2023-05-10 21:03:04,eg2311,eg2311,4324.0,2.0,86480.0,-1.0,2,4323.0,4325.0,2,4316.0,4328.0,4328.0,4322.0,32.0,1383510.0,8626
2023-05-10 21:03:05,eg2311,eg2311,4324.0,0.0,0.0,0.0,8,4322.0,4325.0,21,4316.0,4328.0,4328.0,4322.0,32.0,1383510.0,8626
2023-05-10 21:03:05,eg2311,eg2311,4324.0,0.0,0.0,0.0,8,4322.0,4324.0,1,4316.0,4328.0,4328.0,4322.0,32.0,1383510.0,8626
2023-05-10 21:03:06,eg2311,eg2311,4324.0,0.0,0.0,0.0,2,4323.0,4325.0,16,4316.0,4328.0,4328.0,4322.0,32.0,1383510.0,8626
2023-05-10 21:03:06,eg2311,eg2311,4324.0,0.0,0.0,0.0,2,4323.0,4325.0,8,4316.0,4328.0,4328.0,4322.0,32.0,1383510.0,8626
2023-05-10 21:03:06,eg2311,eg2311,4324.0,0.0,0.0,0.0,2,4323.0,4325.0,9,4316.0,4328.0,4328.0,4322.0,32.0,1383510.0,8626
2023-05-10 21:03:08,eg2311,eg2311,4324.0,0.0,0.0,0.0,3,4323.0,4325.0,9,4316.0,4328.0,4328.0,4322.0,32.0,1383510.0,8626
2023-05-10 21:03:11,eg2311,eg2311,4324.0,0.0,0.0,0.0,2,4323.0,4325.0,8,4316.0,4328.0,4328.0,4322.0,32.0,1383510.0,8626
2023-05-10 21:03:11,eg2311,eg2311,4324.0,0.0,0.0,0.0,9,4322.0,4325.0,10,4316.0,4328.0,4328.0,4322.0,32.0,1383510.0,8626
2023-05-10 21:03:12,eg2311,eg2311,4324.0,0.0,0.0,0.0,8,4322.0,4325.0,21,4316.0,4328.0,4328.0,4322.0,32.0,1383510.0,8626
2023-05-10 21:03:13,eg2311,eg2311,4324.0,1.0,43240.0,0.0,1,4323.0,4325.0,12,4316.0,4328.0,4328.0,4322.0,33.0,1426750.0,8626
2023-05-10 21:03:13,eg2311,eg2311,4324.0,0.0,0.0,0.0,2,4323.0,4325.0,8,4316.0,4328.0,4328.0,4322.0,33.0,1426750.0,8626
2023-05-10 21:03:14,eg2311,eg2311,4324.0,0.0,0.0,0.0,2,4323.0,4325.0,9,4316.0,4328.0,4328.0,4322.0,33.0,1426750.0,8626
2023-05-10 21:03:14,eg2311,eg2311,4324.0,0.0,0.0,0.0,3,4323.0,4325.0,9,4316.0,4328.0,4328.0,4322.0,33.0,1426750.0,8626
2023-05-10 21:03:16,eg2311,eg2311,4324.0,0.0,0.0,0.0,2,4324.0,4325.0,2,4316.0,4328.0,4328.0,4322.0,33.0,1426750.0,8626
2023-05-10 21:03:16,eg2311,eg2311,4324.0,0.0,0.0,0.0,3,4324.0,4326.0,6,4316.0,4328.0,4328.0,4322.0,33.0,1426750.0,8626
2023-05-10 21:03:22,eg2311,eg2311,4324.0,0.0,0.0,0.0,3,4324.0,4326.0,7,4316.0,4328.0,4328.0,4322.0,33.0,1426750.0,8626
2023-05-10 21:03:22,eg2311,eg2311,4324.0,0.0,0.0,0.0,3,4324.0,4326.0,8,4316.0,4328.0,4328.0,4322.0,33.0,1426750.0,8626
2023-05-10 21:03:23,eg2311,eg2311,4324.0,0.0,0.0,0.0,8,4323.0,4326.0,15,4316.0,4328.0,4328.0,4322.0,33.0,1426750.0,8626
2023-05-10 21:03:23,eg2311,eg2311,4324.0,0.0,0.0,0.0,6,4323.0,4326.0,21,4316.0,4328.0,4328.0,4322.0,33.0,1426750.0,8626
2023-05-10 21:03:24,eg2311,eg2311,4324.0,0.0,0.0,0.0,5,4323.0,4325.0,1,4316.0,4328.0,4328.0,4322.0,33.0,1426750.0,8626
2023-05-10 21:03:24,eg2311,eg2311,4324.0,0.0,0.0,0.0,1,4324.0,4325.0,1,4316.0,4328.0,4328.0,4322.0,33.0,1426750.0,8626
2023-05-10 21:03:25,eg2311,eg2311,4324.0,0.0,0.0,0.0,6,4323.0,4325.0,1,4316.0,4328.0,4328.0,4322.0,33.0,1426750.0,8626
2023-05-10 21:03:26,eg2311,eg2311,4324.0,0.0,0.0,0.0,1,4324.0,4325.0,1,4316.0,4328.0,4328.0,4322.0,33.0,1426750.0,8626
2023-05-10 21:03:27,eg2311,eg2311,4324.0,0.0,0.0,0.0,4,4324.0,4326.0,10,4316.0,4328.0,4328.0,4322.0,33.0,1426750.0,8626
2023-05-10 21:03:27,eg2311,eg2311,4324.0,0.0,0.0,0.0,5,4324.0,4326.0,6,4316.0,4328.0,4328.0,4322.0,33.0,1426750.0,8626
2023-05-10 21:03:29,eg2311,eg2311,4324.0,0.0,0.0,0.0,5,4324.0,4326.0,4,4316.0,4328.0,4328.0,4322.0,33.0,1426750.0,8626
2023-05-10 21:03:29,eg2311,eg2311,4324.0,0.0,0.0,0.0,6,4324.0,4326.0,5,4316.0,4328.0,4328.0,4322.0,33.0,1426750.0,8626
2023-05-10 21:03:30,eg2311,eg2311,4324.0,0.0,0.0,0.0,8,4324.0,4326.0,5,4316.0,4328.0,4328.0,4322.0,33.0,1426750.0,8626
2023-05-10 21:03:32,eg2311,eg2311,4324.0,0.0,0.0,0.0,8,4324.0,4326.0,6,4316.0,4328.0,4328.0,4322.0,33.0,1426750.0,8626
2023-05-10 21:03:32,eg2311,eg2311,4324.0,0.0,0.0,0.0,2,4324.0,4325.0,3,4316.0,4328.0,4328.0,4322.0,33.0,1426750.0,8626
2023-05-10 21:03:34,eg2311,eg2311,4324.0,0.0,0.0,0.0,6,4324.0,4325.0,1,4316.0,4328.0,4328.0,4322.0,33.0,1426750.0,8626
2023-05-10 21:03:34,eg2311,eg2311,4324.0,0.0,0.0,0.0,8,4324.0,4325.0,1,4316.0,4328.0,4328.0,4322.0,33.0,1426750.0,8626
2023-05-10 21:03:35,eg2311,eg2311,4324.0,0.0,0.0,0.0,8,4324.0,4326.0,6,4316.0,4328.0,4328.0,4322.0,33.0,1426750.0,8626
2023-05-10 21:03:35,eg2311,eg2311,4324.0,0.0,0.0,0.0,5,4325.0,4327.0,7,4316.0,4328.0,4328.0,4322.0,33.0,1426750.0,8626
2023-05-10 21:03:36,eg2311,eg2311,4324.0,0.0,0.0,0.0,3,4325.0,4327.0,14,4316.0,4328.0,4328.0,4322.0,33.0,1426750.0,8626
2023-05-10 21:03:36,eg2311,eg2311,4324.0,0.0,0.0,0.0,6,4325.0,4327.0,5,4316.0,4328.0,4328.0,4322.0,33.0,1426750.0,8626
2023-05-10 21:03:37,eg2311,eg2311,4324.0,0.0,0.0,0.0,9,4325.0,4327.0,3,4316.0,4328.0,4328.0,4322.0,33.0,1426750.0,8626
2023-05-10 21:03:38,eg2311,eg2311,4324.0,0.0,0.0,0.0,7,4325.0,4327.0,2,4316.0,4328.0,4328.0,4322.0,33.0,1426750.0,8626
2023-05-10 21:03:39,eg2311,eg2311,4325.0,5.0,216250.0,1.0,1,4325.0,4326.0,3,4316.0,4328.0,4328.0,4322.0,38.0,1643000.0,8627
2023-05-10 21:03:39,eg2311,eg2311,4325.0,1.0,43250.0,1.0,5,4324.0,4325.0,2,4316.0,4328.0,4328.0,4322.0,39.0,1686250.0,8628
2023-05-10 21:03:41,eg2311,eg2311,4325.0,0.0,0.0,0.0,7,4324.0,4325.0,2,4316.0,4328.0,4328.0,4322.0,39.0,1686250.0,8628
2023-05-10 21:03:41,eg2311,eg2311,4325.0,0.0,0.0,0.0,6,4324.0,4325.0,2,4316.0,4328.0,4328.0,4322.0,39.0,1686250.0,8628
2023-05-10 21:03:42,eg2311,eg2311,4325.0,0.0,0.0,0.0,4,4324.0,4325.0,2,4316.0,4328.0,4328.0,4322.0,39.0,1686250.0,8628
2023-05-10 21:03:42,eg2311,eg2311,4325.0,0.0,0.0,0.0,3,4324.0,4325.0,2,4316.0,4328.0,4328.0,4322.0,39.0,1686250.0,8628
2023-05-10 21:03:48,eg2311,eg2311,4325.0,0.0,0.0,0.0,6,4323.0,4325.0,9,4316.0,4328.0,4328.0,4322.0,39.0,1686250.0,8628
2023-05-10 21:03:48,eg2311,eg2311,4325.0,0.0,0.0,0.0,3,4323.0,4325.0,11,4316.0,4328.0,4328.0,4322.0,39.0,1686250.0,8628
2023-05-10 21:03:48,eg2311,eg2311,4325.0,0.0,0.0,0.0,2,4323.0,4325.0,11,4316.0,4328.0,4328.0,4322.0,39.0,1686250.0,8628
2023-05-10 21:03:50,eg2311,eg2311,4325.0,0.0,0.0,0.0,2,4323.0,4325.0,12,4316.0,4328.0,4328.0,4322.0,39.0,1686250.0,8628
2023-05-10 21:03:52,eg2311,eg2311,4323.0,2.0,86460.0,1.0,7,4322.0,4323.0,1,4316.0,4328.0,4328.0,4322.0,41.0,1772710.0,8629
2023-05-10 21:03:53,eg2311,eg2311,4323.0,0.0,0.0,0.0,3,4322.0,4323.0,1,4316.0,4328.0,4328.0,4322.0,41.0,1772710.0,8629
2023-05-10 21:03:53,eg2311,eg2311,4323.0,1.0,43230.0,1.0,4,4322.0,4324.0,4,4316.0,4328.0,4328.0,4322.0,42.0,1815940.0,8630
2023-05-10 21:03:54,eg2311,eg2311,4323.0,0.0,0.0,0.0,9,4322.0,4324.0,2,4316.0,4328.0,4328.0,4322.0,42.0,1815940.0,8630
2023-05-10 21:03:54,eg2311,eg2311,4323.0,0.0,0.0,0.0,11,4322.0,4324.0,1,4316.0,4328.0,4328.0,4322.0,42.0,1815940.0,8630
2023-05-10 21:03:55,eg2311,eg2311,4323.0,0.0,0.0,0.0,11,4322.0,4325.0,12,4316.0,4328.0,4328.0,4322.0,42.0,1815940.0,8630
2023-05-10 21:03:55,eg2311,eg2311,4323.0,0.0,0.0,0.0,11,4322.0,4325.0,11,4316.0,4328.0,4328.0,4322.0,42.0,1815940.0,8630
2023-05-10 21:04:01,eg2311,eg2311,4323.0,0.0,0.0,0.0,11,4322.0,4325.0,10,4316.0,4328.0,4328.0,4322.0,42.0,1815940.0,8630
2023-05-10 21:04:01,eg2311,eg2311,4323.0,0.0,0.0,0.0,4,4323.0,4325.0,7,4316.0,4328.0,4328.0,4322.0,42.0,1815940.0,8630
2023-05-10 21:04:02,eg2311,eg2311,4323.0,0.0,0.0,0.0,5,4323.0,4325.0,5,4316.0,4328.0,4328.0,4322.0,42.0,1815940.0,8630
2023-05-10 21:04:02,eg2311,eg2311,4323.0,0.0,0.0,0.0,4,4323.0,4325.0,4,4316.0,4328.0,4328.0,4322.0,42.0,1815940.0,8630
2023-05-10 21:04:03,eg2311,eg2311,4323.0,0.0,0.0,0.0,5,4323.0,4325.0,3,4316.0,4328.0,4328.0,4322.0,42.0,1815940.0,8630
2023-05-10 21:04:03,eg2311,eg2311,4323.0,0.0,0.0,0.0,11,4322.0,4325.0,6,4316.0,4328.0,4328.0,4322.0,42.0,1815940.0,8630
2023-05-10 21:04:04,eg2311,eg2311,4323.0,0.0,0.0,0.0,11,4322.0,4325.0,10,4316.0,4328.0,4328.0,4322.0,42.0,1815940.0,8630
2023-05-10 21:04:05,eg2311,eg2311,4323.0,0.0,0.0,0.0,8,4322.0,4324.0,4,4316.0,4328.0,4328.0,4322.0,42.0,1815940.0,8630
2023-05-10 21:04:05,eg2311,eg2311,4323.0,0.0,0.0,0.0,7,4322.0,4324.0,5,4316.0,4328.0,4328.0,4322.0,42.0,1815940.0,8630
2023-05-10 21:04:06,eg2311,eg2311,4323.0,0.0,0.0,0.0,7,4322.0,4324.0,6,4316.0,4328.0,4328.0,4322.0,42.0,1815940.0,8630
2023-05-10 21:04:07,eg2311,eg2311,4323.0,0.0,0.0,0.0,5,4322.0,4324.0,10,4316.0,4328.0,4328.0,4322.0,42.0,1815940.0,8630
2023-05-10 21:04:07,eg2311,eg2311,4323.0,0.0,0.0,0.0,4,4322.0,4324.0,10,4316.0,4328.0,4328.0,4322.0,42.0,1815940.0,8630
2023-05-10 21:04:07,eg2311,eg2311,4323.0,0.0,0.0,0.0,3,4322.0,4324.0,10,4316.0,4328.0,4328.0,4322.0,42.0,1815940.0,8630
2023-05-10 21:04:10,eg2311,eg2311,4323.0,0.0,0.0,0.0,2,4322.0,4324.0,11,4316.0,4328.0,4328.0,4322.0,42.0,1815940.0,8630
2023-05-10 21:04:11,eg2311,eg2311,4323.0,0.0,0.0,0.0,1,4322.0,4324.0,10,4316.0,4328.0,4328.0,4322.0,42.0,1815940.0,8630
2023-05-10 21:04:12,eg2311,eg2311,4323.0,0.0,0.0,0.0,5,4322.0,4324.0,3,4316.0,4328.0,4328.0,4322.0,42.0,1815940.0,8630
2023-05-10 21:04:12,eg2311,eg2311,4323.0,0.0,0.0,0.0,7,4322.0,4324.0,2,4316.0,4328.0,4328.0,4322.0,42.0,1815940.0,8630
2023-05-10 21:04:13,eg2311,eg2311,4323.0,0.0,0.0,0.0,9,4322.0,4324.0,2,4316.0,4328.0,4328.0,4322.0,42.0,1815940.0,8630
2023-05-10 21:04:14,eg2311,eg2311,4323.0,0.0,0.0,0.0,9,4322.0,4324.0,1,4316.0,4328.0,4328.0,4322.0,42.0,1815940.0,8630
2023-05-10 21:04:16,eg2311,eg2311,4323.0,0.0,0.0,0.0,8,4322.0,4324.0,2,4316.0,4328.0,4328.0,4322.0,42.0,1815940.0,8630
2023-05-10 21:04:16,eg2311,eg2311,4323.0,0.0,0.0,0.0,8,4322.0,4325.0,11,4316.0,4328.0,4328.0,4322.0,42.0,1815940.0,8630
2023-05-10 21:04:16,eg2311,eg2311,4323.0,0.0,0.0,0.0,9,4322.0,4325.0,10,4316.0,4328.0,4328.0,4322.0,42.0,1815940.0,8630
2023-05-10 21:04:18,eg2311,eg2311,4323.0,0.0,0.0,0.0,8,4322.0,4325.0,12,4316.0,4328.0,4328.0,4322.0,42.0,1815940.0,8630
2023-05-10 21:04:18,eg2311,eg2311,4323.0,0.0,0.0,0.0,11,4322.0,4325.0,10,4316.0,4328.0,4328.0,4322.0,42.0,1815940.0,8630
2023-05-10 21:04:22,eg2311,eg2311,4323.0,0.0,0.0,0.0,7,4322.0,4324.0,4,4316.0,4328.0,4328.0,4322.0,42.0,1815940.0,8630
2023-05-10 21:04:22,eg2311,eg2311,4323.0,0.0,0.0,0.0,4,4322.0,4324.0,7,4316.0,4328.0,4328.0,4322.0,42.0,1815940.0,8630
2023-05-10 21:04:23,eg2311,eg2311,4323.0,0.0,0.0,0.0,3,4322.0,4324.0,11,4316.0,4328.0,4328.0,4322.0,42.0,1815940.0,8630
2023-05-10 21:04:25,eg2311,eg2311,4323.0,0.0,0.0,0.0,2,4322.0,4323.0,1,4316.0,4328.0,4328.0,4322.0,42.0,1815940.0,8630
2023-05-10 21:04:25,eg2311,eg2311,4323.0,0.0,0.0,0.0,1,4322.0,4323.0,1,4316.0,4328.0,4328.0,4322.0,42.0,1815940.0,8630
2023-05-10 21:04:30,eg2311,eg2311,4323.0,0.0,0.0,0.0,1,4322.0,4323.0,7,4316.0,4328.0,4328.0,4322.0,42.0,1815940.0,8630
2023-05-10 21:04:30,eg2311,eg2311,4323.0,0.0,0.0,0.0,1,4322.0,4323.0,10,4316.0,4328.0,4328.0,4322.0,42.0,1815940.0,8630
2023-05-10 21:04:33,eg2311,eg2311,4322.0,1.0,43220.0,0.0,6,4320.0,4322.0,6,4316.0,4328.0,4328.0,4322.0,43.0,1859160.0,8630
2023-05-10 21:04:34,eg2311,eg2311,4322.0,0.0,0.0,0.0,2,4320.0,4322.0,11,4316.0,4328.0,4328.0,4322.0,43.0,1859160.0,8630
2023-05-10 21:04:35,eg2311,eg2311,4322.0,0.0,0.0,0.0,11,4319.0,4322.0,11,4316.0,4328.0,4328.0,4322.0,43.0,1859160.0,8630
2023-05-10 21:04:38,eg2311,eg2311,4322.0,0.0,0.0,0.0,9,4319.0,4321.0,1,4316.0,4328.0,4328.0,4322.0,43.0,1859160.0,8630
2023-05-10 21:04:39,eg2311,eg2311,4322.0,0.0,0.0,0.0,11,4319.0,4321.0,1,4316.0,4328.0,4328.0,4322.0,43.0,1859160.0,8630
2023-05-10 21:04:42,eg2311,eg2311,4322.0,0.0,0.0,0.0,1,4320.0,4322.0,11,4316.0,4328.0,4328.0,4322.0,43.0,1859160.0,8630
2023-05-10 21:04:43,eg2311,eg2311,4322.0,0.0,0.0,0.0,11,4319.0,4322.0,11,4316.0,4328.0,4328.0,4322.0,43.0,1859160.0,8630
2023-05-10 21:04:43,eg2311,eg2311,4322.0,0.0,0.0,0.0,1,4320.0,4322.0,10,4316.0,4328.0,4328.0,4322.0,43.0,1859160.0,8630
2023-05-10 21:04:44,eg2311,eg2311,4322.0,0.0,0.0,0.0,5,4320.0,4322.0,6,4316.0,4328.0,4328.0,4322.0,43.0,1859160.0,8630
2023-05-10 21:04:44,eg2311,eg2311,4322.0,0.0,0.0,0.0,5,4320.0,4322.0,3,4316.0,4328.0,4328.0,4322.0,43.0,1859160.0,8630
2023-05-10 21:04:45,eg2311,eg2311,4322.0,0.0,0.0,0.0,3,4320.0,4322.0,5,4316.0,4328.0,4328.0,4322.0,43.0,1859160.0,8630
2023-05-10 21:04:45,eg2311,eg2311,4322.0,0.0,0.0,0.0,4,4320.0,4322.0,2,4316.0,4328.0,4328.0,4322.0,43.0,1859160.0,8630
2023-05-10 21:04:46,eg2311,eg2311,4322.0,0.0,0.0,0.0,5,4320.0,4322.0,1,4316.0,4328.0,4328.0,4322.0,43.0,1859160.0,8630
2023-05-10 21:04:46,eg2311,eg2311,4322.0,0.0,0.0,0.0,2,4320.0,4322.0,6,4316.0,4328.0,4328.0,4322.0,43.0,1859160.0,8630
2023-05-10 21:04:47,eg2311,eg2311,4322.0,0.0,0.0,0.0,4,4320.0,4322.0,3,4316.0,4328.0,4328.0,4322.0,43.0,1859160.0,8630
2023-05-10 21:04:47,eg2311,eg2311,4322.0,0.0,0.0,0.0,11,4319.0,4322.0,5,4316.0,4328.0,4328.0,4322.0,43.0,1859160.0,8630
2023-05-10 21:04:48,eg2311,eg2311,4322.0,0.0,0.0,0.0,1,4320.0,4322.0,6,4316.0,4328.0,4328.0,4322.0,43.0,1859160.0,8630
2023-05-10 21:04:48,eg2311,eg2311,4322.0,0.0,0.0,0.0,4,4320.0,4322.0,3,4316.0,4328.0,4328.0,4322.0,43.0,1859160.0,8630
2023-05-10 21:04:49,eg2311,eg2311,4322.0,0.0,0.0,0.0,10,4319.0,4322.0,5,4316.0,4328.0,4328.0,4322.0,43.0,1859160.0,8630
2023-05-10 21:04:49,eg2311,eg2311,4322.0,0.0,0.0,0.0,11,4319.0,4322.0,7,4316.0,4328.0,4328.0,4322.0,43.0,1859160.0,8630
2023-05-10 21:04:50,eg2311,eg2311,4322.0,0.0,0.0,0.0,11,4319.0,4322.0,9,4316.0,4328.0,4328.0,4322.0,43.0,1859160.0,8630
2023-05-10 21:04:50,eg2311,eg2311,4322.0,0.0,0.0,0.0,10,4319.0,4322.0,9,4316.0,4328.0,4328.0,4322.0,43.0,1859160.0,8630
2023-05-10 21:04:50,eg2311,eg2311,4322.0,0.0,0.0,0.0,11,4319.0,4322.0,9,4316.0,4328.0,4328.0,4322.0,43.0,1859160.0,8630
2023-05-10 21:04:51,eg2311,eg2311,4322.0,0.0,0.0,0.0,11,4319.0,4322.0,10,4316.0,4328.0,4328.0,4322.0,43.0,1859160.0,8630
2023-05-10 21:04:52,eg2311,eg2311,4322.0,0.0,0.0,0.0,11,4319.0,4322.0,9,4316.0,4328.0,4328.0,4322.0,43.0,1859160.0,8630
2023-05-10 21:04:53,eg2311,eg2311,4322.0,0.0,0.0,0.0,10,4319.0,4321.0,1,4316.0,4328.0,4328.0,4322.0,43.0,1859160.0,8630
2023-05-10 21:04:54,eg2311,eg2311,4322.0,0.0,0.0,0.0,4,4320.0,4322.0,5,4316.0,4328.0,4328.0,4322.0,43.0,1859160.0,8630
2023-05-10 21:04:54,eg2311,eg2311,4322.0,0.0,0.0,0.0,5,4320.0,4322.0,2,4316.0,4328.0,4328.0,4322.0,43.0,1859160.0,8630
2023-05-10 21:04:57,eg2311,eg2311,4322.0,0.0,0.0,0.0,7,4320.0,4322.0,2,4316.0,4328.0,4328.0,4322.0,43.0,1859160.0,8630
2023-05-10 21:04:57,eg2311,eg2311,4322.0,0.0,0.0,0.0,9,4320.0,4322.0,2,4316.0,4328.0,4328.0,4322.0,43.0,1859160.0,8630
2023-05-10 21:05:00,eg2311,eg2311,4322.0,2.0,86440.0,-2.0,4,4321.0,4323.0,4,4316.0,4328.0,4328.0,4322.0,45.0,1945600.0,8628
2023-05-10 21:05:00,eg2311,eg2311,4322.0,0.0,0.0,0.0,7,4321.0,4323.0,2,4316.0,4328.0,4328.0,4322.0,45.0,1945600.0,8628
2023-05-10 21:05:01,eg2311,eg2311,4322.0,0.0,0.0,0.0,9,4321.0,4323.0,2,4316.0,4328.0,4328.0,4322.0,45.0,1945600.0,8628
2023-05-10 21:05:01,eg2311,eg2311,4322.0,0.0,0.0,0.0,9,4321.0,4323.0,3,4316.0,4328.0,4328.0,4322.0,45.0,1945600.0,8628
2023-05-10 21:05:03,eg2311,eg2311,4322.0,0.0,0.0,0.0,1,4322.0,4324.0,10,4316.0,4328.0,4328.0,4322.0,45.0,1945600.0,8628
2023-05-10 21:05:04,eg2311,eg2311,4322.0,0.0,0.0,0.0,9,4321.0,4323.0,1,4316.0,4328.0,4328.0,4322.0,45.0,1945600.0,8628
2023-05-10 21:05:04,eg2311,eg2311,4322.0,0.0,0.0,0.0,8,4321.0,4323.0,1,4316.0,4328.0,4328.0,4322.0,45.0,1945600.0,8628
2023-05-10 21:05:05,eg2311,eg2311,4322.0,0.0,0.0,0.0,3,4322.0,4323.0,1,4316.0,4328.0,4328.0,4322.0,45.0,1945600.0,8628
2023-05-10 21:05:06,eg2311,eg2311,4322.0,0.0,0.0,0.0,9,4321.0,4323.0,1,4316.0,4328.0,4328.0,4322.0,45.0,1945600.0,8628
2023-05-10 21:05:07,eg2311,eg2311,4322.0,0.0,0.0,0.0,12,4321.0,4324.0,10,4316.0,4328.0,4328.0,4322.0,45.0,1945600.0,8628
2023-05-10 21:05:08,eg2311,eg2311,4322.0,0.0,0.0,0.0,3,4322.0,4324.0,7,4316.0,4328.0,4328.0,4322.0,45.0,1945600.0,8628
2023-05-10 21:05:08,eg2311,eg2311,4322.0,0.0,0.0,0.0,10,4321.0,4323.0,1,4316.0,4328.0,4328.0,4322.0,45.0,1945600.0,8628
2023-05-10 21:05:09,eg2311,eg2311,4322.0,0.0,0.0,0.0,11,4321.0,4324.0,11,4316.0,4328.0,4328.0,4322.0,45.0,1945600.0,8628
2023-05-10 21:05:09,eg2311,eg2311,4322.0,0.0,0.0,0.0,11,4321.0,4324.0,10,4316.0,4328.0,4328.0,4322.0,45.0,1945600.0,8628
2023-05-10 21:05:10,eg2311,eg2311,4322.0,0.0,0.0,0.0,8,4321.0,4323.0,2,4316.0,4328.0,4328.0,4322.0,45.0,1945600.0,8628
2023-05-10 21:05:10,eg2311,eg2311,4322.0,0.0,0.0,0.0,7,4321.0,4323.0,3,4316.0,4328.0,4328.0,4322.0,45.0,1945600.0,8628
2023-05-10 21:05:12,eg2311,eg2311,4322.0,0.0,0.0,0.0,5,4321.0,4323.0,3,4316.0,4328.0,4328.0,4322.0,45.0,1945600.0,8628
2023-05-10 21:05:12,eg2311,eg2311,4322.0,0.0,0.0,0.0,3,4321.0,4323.0,3,4316.0,4328.0,4328.0,4322.0,45.0,1945600.0,8628
2023-05-10 21:05:13,eg2311,eg2311,4321.0,2.0,86420.0,-2.0,7,4320.0,4322.0,2,4316.0,4328.0,4328.0,4321.0,47.0,2032020.0,8626
2023-05-10 21:05:13,eg2311,eg2311,4321.0,0.0,0.0,0.0,3,4320.0,4322.0,4,4316.0,4328.0,4328.0,4321.0,47.0,2032020.0,8626
2023-05-10 21:05:14,eg2311,eg2311,4320.0,1.0,43200.0,-1.0,5,4319.0,4321.0,1,4316.0,4328.0,4328.0,4320.0,48.0,2075220.0,8625
2023-05-10 21:05:14,eg2311,eg2311,4320.0,0.0,0.0,0.0,1,4319.0,4321.0,2,4316.0,4328.0,4328.0,4320.0,48.0,2075220.0,8625
2023-05-10 21:05:15,eg2311,eg2311,4320.0,0.0,0.0,0.0,1,4319.0,4321.0,5,4316.0,4328.0,4328.0,4320.0,48.0,2075220.0,8625
2023-05-10 21:05:15,eg2311,eg2311,4320.0,0.0,0.0,0.0,8,4318.0,4320.0,1,4316.0,4328.0,4328.0,4320.0,48.0,2075220.0,8625
2023-05-10 21:05:16,eg2311,eg2311,4320.0,0.0,0.0,0.0,5,4318.0,4320.0,3,4316.0,4328.0,4328.0,4320.0,48.0,2075220.0,8625
2023-05-10 21:05:16,eg2311,eg2311,4320.0,0.0,0.0,0.0,3,4318.0,4320.0,6,4316.0,4328.0,4328.0,4320.0,48.0,2075220.0,8625
2023-05-10 21:05:17,eg2311,eg2311,4320.0,0.0,0.0,0.0,3,4318.0,4320.0,8,4316.0,4328.0,4328.0,4320.0,48.0,2075220.0,8625
2023-05-10 21:05:17,eg2311,eg2311,4320.0,0.0,0.0,0.0,1,4318.0,4320.0,11,4316.0,4328.0,4328.0,4320.0,48.0,2075220.0,8625
2023-05-10 21:05:18,eg2311,eg2311,4320.0,0.0,0.0,0.0,2,4318.0,4320.0,7,4316.0,4328.0,4328.0,4320.0,48.0,2075220.0,8625
2023-05-10 21:05:18,eg2311,eg2311,4320.0,0.0,0.0,0.0,1,4319.0,4320.0,2,4316.0,4328.0,4328.0,4320.0,48.0,2075220.0,8625
2023-05-10 21:05:19,eg2311,eg2311,4320.0,0.0,0.0,0.0,8,4318.0,4320.0,2,4316.0,4328.0,4328.0,4320.0,48.0,2075220.0,8625
2023-05-10 21:05:23,eg2311,eg2311,4320.0,0.0,0.0,0.0,2,4318.0,4320.0,7,4316.0,4328.0,4328.0,4320.0,48.0,2075220.0,8625
2023-05-10 21:05:23,eg2311,eg2311,4320.0,0.0,0.0,0.0,1,4318.0,4320.0,11,4316.0,4328.0,4328.0,4320.0,48.0,2075220.0,8625
2023-05-10 21:05:24,eg2311,eg2311,4320.0,0.0,0.0,0.0,12,4317.0,4320.0,11,4316.0,4328.0,4328.0,4320.0,48.0,2075220.0,8625
2023-05-10 21:05:24,eg2311,eg2311,4320.0,0.0,0.0,0.0,9,4317.0,4318.0,1,4316.0,4328.0,4328.0,4320.0,48.0,2075220.0,8625
2023-05-10 21:05:25,eg2311,eg2311,4318.0,1.0,43180.0,-1.0,6,4317.0,4319.0,2,4316.0,4328.0,4328.0,4318.0,49.0,2118400.0,8624
2023-05-10 21:05:25,eg2311,eg2311,4318.0,0.0,0.0,0.0,2,4317.0,4319.0,6,4316.0,4328.0,4328.0,4318.0,49.0,2118400.0,8624
2023-05-10 21:05:26,eg2311,eg2311,4318.0,0.0,0.0,0.0,2,4317.0,4319.0,8,4316.0,4328.0,4328.0,4318.0,49.0,2118400.0,8624
2023-05-10 21:05:26,eg2311,eg2311,4318.0,0.0,0.0,0.0,1,4317.0,4319.0,10,4316.0,4328.0,4328.0,4318.0,49.0,2118400.0,8624
2023-05-10 21:05:27,eg2311,eg2311,4318.0,0.0,0.0,0.0,4,4317.0,4319.0,5,4316.0,4328.0,4328.0,4318.0,49.0,2118400.0,8624
2023-05-10 21:05:27,eg2311,eg2311,4318.0,0.0,0.0,0.0,7,4317.0,4319.0,2,4316.0,4328.0,4328.0,4318.0,49.0,2118400.0,8624
2023-05-10 21:05:27,eg2311,eg2311,4318.0,0.0,0.0,0.0,8,4317.0,4319.0,2,4316.0,4328.0,4328.0,4318.0,49.0,2118400.0,8624
2023-05-10 21:05:30,eg2311,eg2311,4318.0,0.0,0.0,0.0,7,4317.0,4319.0,2,4316.0,4328.0,4328.0,4318.0,49.0,2118400.0,8624
2023-05-10 21:05:31,eg2311,eg2311,4318.0,0.0,0.0,0.0,4,4317.0,4319.0,6,4316.0,4328.0,4328.0,4318.0,49.0,2118400.0,8624
2023-05-10 21:05:32,eg2311,eg2311,4318.0,0.0,0.0,0.0,2,4317.0,4319.0,9,4316.0,4328.0,4328.0,4318.0,49.0,2118400.0,8624
2023-05-10 21:05:32,eg2311,eg2311,4318.0,0.0,0.0,0.0,1,4317.0,4319.0,10,4316.0,4328.0,4328.0,4318.0,49.0,2118400.0,8624
2023-05-10 21:05:33,eg2311,eg2311,4318.0,0.0,0.0,0.0,11,4316.0,4319.0,10,4316.0,4328.0,4328.0,4318.0,49.0,2118400.0,8624
2023-05-10 21:05:33,eg2311,eg2311,4318.0,0.0,0.0,0.0,9,4316.0,4319.0,10,4316.0,4328.0,4328.0,4318.0,49.0,2118400.0,8624
2023-05-10 21:05:34,eg2311,eg2311,4318.0,0.0,0.0,0.0,10,4316.0,4319.0,10,4316.0,4328.0,4328.0,4318.0,49.0,2118400.0,8624
2023-05-10 21:05:34,eg2311,eg2311,4318.0,0.0,0.0,0.0,11,4316.0,4319.0,10,4316.0,4328.0,4328.0,4318.0,49.0,2118400.0,8624
2023-05-10 21:05:35,eg2311,eg2311,4318.0,0.0,0.0,0.0,9,4316.0,4318.0,1,4316.0,4328.0,4328.0,4318.0,49.0,2118400.0,8624
2023-05-10 21:05:35,eg2311,eg2311,4318.0,0.0,0.0,0.0,5,4316.0,4318.0,4,4316.0,4328.0,4328.0,4318.0,49.0,2118400.0,8624
2023-05-10 21:05:36,eg2311,eg2311,4318.0,0.0,0.0,0.0,2,4316.0,4318.0,7,4316.0,4328.0,4328.0,4318.0,49.0,2118400.0,8624
2023-05-10 21:05:36,eg2311,eg2311,4318.0,0.0,0.0,0.0,2,4316.0,4318.0,8,4316.0,4328.0,4328.0,4318.0,49.0,2118400.0,8624
2023-05-10 21:05:37,eg2311,eg2311,4318.0,0.0,0.0,0.0,5,4316.0,4318.0,2,4316.0,4328.0,4328.0,4318.0,49.0,2118400.0,8624
2023-05-10 21:05:37,eg2311,eg2311,4318.0,0.0,0.0,0.0,9,4316.0,4318.0,1,4316.0,4328.0,4328.0,4318.0,49.0,2118400.0,8624
2023-05-10 21:05:38,eg2311,eg2311,4318.0,0.0,0.0,0.0,11,4316.0,4319.0,11,4316.0,4328.0,4328.0,4318.0,49.0,2118400.0,8624
2023-05-10 21:05:38,eg2311,eg2311,4318.0,0.0,0.0,0.0,11,4316.0,4319.0,8,4316.0,4328.0,4328.0,4318.0,49.0,2118400.0,8624
2023-05-10 21:05:40,eg2311,eg2311,4318.0,0.0,0.0,0.0,11,4316.0,4319.0,10,4316.0,4328.0,4328.0,4318.0,49.0,2118400.0,8624
2023-05-10 21:05:41,eg2311,eg2311,4318.0,0.0,0.0,0.0,4,4317.0,4319.0,6,4316.0,4328.0,4328.0,4318.0,49.0,2118400.0,8624
2023-05-10 21:05:42,eg2311,eg2311,4318.0,0.0,0.0,0.0,12,4317.0,4319.0,2,4316.0,4328.0,4328.0,4318.0,49.0,2118400.0,8624
2023-05-10 21:05:42,eg2311,eg2311,4319.0,2.0,86380.0,0.0,4,4318.0,4320.0,5,4316.0,4328.0,4328.0,4318.0,51.0,2204780.0,8624
2023-05-10 21:05:43,eg2311,eg2311,4319.0,0.0,0.0,0.0,6,4318.0,4320.0,2,4316.0,4328.0,4328.0,4318.0,51.0,2204780.0,8624
2023-05-10 21:05:43,eg2311,eg2311,4319.0,0.0,0.0,0.0,5,4318.0,4320.0,3,4316.0,4328.0,4328.0,4318.0,51.0,2204780.0,8624
2023-05-10 21:05:44,eg2311,eg2311,4319.0,0.0,0.0,0.0,9,4318.0,4320.0,3,4316.0,4328.0,4328.0,4318.0,51.0,2204780.0,8624
2023-05-10 21:05:44,eg2311,eg2311,4319.0,2.0,86390.0,0.0,7,4318.0,4320.0,2,4316.0,4328.0,4328.0,4318.0,53.0,2291170.0,8624
2023-05-10 21:05:45,eg2311,eg2311,4319.0,0.0,0.0,0.0,2,4318.0,4319.0,1,4316.0,4328.0,4328.0,4318.0,53.0,2291170.0,8624
2023-05-10 21:05:45,eg2311,eg2311,4319.0,0.0,0.0,0.0,1,4318.0,4319.0,1,4316.0,4328.0,4328.0,4318.0,53.0,2291170.0,8624
2023-05-10 21:05:46,eg2311,eg2311,4319.0,0.0,0.0,0.0,3,4318.0,4320.0,4,4316.0,4328.0,4328.0,4318.0,53.0,2291170.0,8624
2023-05-10 21:05:47,eg2311,eg2311,4319.0,0.0,0.0,0.0,3,4318.0,4320.0,3,4316.0,4328.0,4328.0,4318.0,53.0,2291170.0,8624
2023-05-10 21:05:48,eg2311,eg2311,4319.0,0.0,0.0,0.0,6,4318.0,4320.0,2,4316.0,4328.0,4328.0,4318.0,53.0,2291170.0,8624
2023-05-10 21:05:48,eg2311,eg2311,4319.0,0.0,0.0,0.0,8,4318.0,4320.0,2,4316.0,4328.0,4328.0,4318.0,53.0,2291170.0,8624
2023-05-10 21:05:51,eg2311,eg2311,4319.0,0.0,0.0,0.0,7,4318.0,4320.0,2,4316.0,4328.0,4328.0,4318.0,53.0,2291170.0,8624
2023-05-10 21:05:52,eg2311,eg2311,4319.0,0.0,0.0,0.0,8,4318.0,4320.0,2,4316.0,4328.0,4328.0,4318.0,53.0,2291170.0,8624
2023-05-10 21:05:55,eg2311,eg2311,4319.0,0.0,0.0,0.0,14,4318.0,4320.0,2,4316.0,4328.0,4328.0,4318.0,53.0,2291170.0,8624
2023-05-10 21:05:55,eg2311,eg2311,4319.0,0.0,0.0,0.0,3,4319.0,4321.0,8,4316.0,4328.0,4328.0,4318.0,53.0,2291170.0,8624
2023-05-10 21:05:56,eg2311,eg2311,4319.0,0.0,0.0,0.0,3,4319.0,4321.0,7,4316.0,4328.0,4328.0,4318.0,53.0,2291170.0,8624
2023-05-10 21:05:57,eg2311,eg2311,4319.0,0.0,0.0,0.0,3,4319.0,4321.0,6,4316.0,4328.0,4328.0,4318.0,53.0,2291170.0,8624
2023-05-10 21:05:57,eg2311,eg2311,4319.0,0.0,0.0,0.0,7,4318.0,4320.0,3,4316.0,4328.0,4328.0,4318.0,53.0,2291170.0,8624
2023-05-10 21:05:58,eg2311,eg2311,4319.0,0.0,0.0,0.0,3,4318.0,4320.0,4,4316.0,4328.0,4328.0,4318.0,53.0,2291170.0,8624
2023-05-10 21:05:58,eg2311,eg2311,4319.0,0.0,0.0,0.0,3,4318.0,4320.0,3,4316.0,4328.0,4328.0,4318.0,53.0,2291170.0,8624
2023-05-10 21:05:59,eg2311,eg2311,4319.0,0.0,0.0,0.0,6,4318.0,4320.0,3,4316.0,4328.0,4328.0,4318.0,53.0,2291170.0,8624
2023-05-10 21:05:59,eg2311,eg2311,4319.0,0.0,0.0,0.0,7,4318.0,4320.0,1,4316.0,4328.0,4328.0,4318.0,53.0,2291170.0,8624
2023-05-10 21:06:00,eg2311,eg2311,4319.0,0.0,0.0,0.0,9,4318.0,4321.0,8,4316.0,4328.0,4328.0,4318.0,53.0,2291170.0,8624
2023-05-10 21:06:00,eg2311,eg2311,4319.0,0.0,0.0,0.0,16,4318.0,4320.0,1,4316.0,4328.0,4328.0,4318.0,53.0,2291170.0,8624
2023-05-10 21:06:01,eg2311,eg2311,4319.0,0.0,0.0,0.0,18,4318.0,4320.0,1,4316.0,4328.0,4328.0,4318.0,53.0,2291170.0,8624
2023-05-10 21:06:01,eg2311,eg2311,4319.0,0.0,0.0,0.0,2,4319.0,4321.0,8,4316.0,4328.0,4328.0,4318.0,53.0,2291170.0,8624
2023-05-10 21:06:02,eg2311,eg2311,4319.0,0.0,0.0,0.0,2,4319.0,4321.0,9,4316.0,4328.0,4328.0,4318.0,53.0,2291170.0,8624
2023-05-10 21:06:02,eg2311,eg2311,4319.0,0.0,0.0,0.0,1,4319.0,4321.0,9,4316.0,4328.0,4328.0,4318.0,53.0,2291170.0,8624
2023-05-10 21:06:03,eg2311,eg2311,4319.0,0.0,0.0,0.0,2,4319.0,4320.0,1,4316.0,4328.0,4328.0,4318.0,53.0,2291170.0,8624
2023-05-10 21:06:04,eg2311,eg2311,4320.0,1.0,43200.0,0.0,4,4320.0,4322.0,6,4316.0,4328.0,4328.0,4318.0,54.0,2334370.0,8624
2023-05-10 21:06:04,eg2311,eg2311,4320.0,0.0,0.0,0.0,6,4320.0,4322.0,2,4316.0,4328.0,4328.0,4318.0,54.0,2334370.0,8624
2023-05-10 21:06:05,eg2311,eg2311,4320.0,0.0,0.0,0.0,9,4320.0,4322.0,2,4316.0,4328.0,4328.0,4318.0,54.0,2334370.0,8624
2023-05-10 21:06:05,eg2311,eg2311,4320.0,0.0,0.0,0.0,9,4320.0,4322.0,3,4316.0,4328.0,4328.0,4318.0,54.0,2334370.0,8624
2023-05-10 21:06:06,eg2311,eg2311,4320.0,0.0,0.0,0.0,7,4320.0,4322.0,3,4316.0,4328.0,4328.0,4318.0,54.0,2334370.0,8624
2023-05-10 21:06:06,eg2311,eg2311,4320.0,0.0,0.0,0.0,8,4321.0,4323.0,3,4316.0,4328.0,4328.0,4318.0,54.0,2334370.0,8624
2023-05-10 21:06:07,eg2311,eg2311,4320.0,0.0,0.0,0.0,2,4322.0,4323.0,1,4316.0,4328.0,4328.0,4318.0,54.0,2334370.0,8624
2023-05-10 21:06:09,eg2311,eg2311,4323.0,1.0,43230.0,-1.0,2,4323.0,4324.0,2,4316.0,4328.0,4328.0,4318.0,55.0,2377600.0,8623
2023-05-10 21:06:09,eg2311,eg2311,4323.0,0.0,0.0,0.0,13,4322.0,4324.0,2,4316.0,4328.0,4328.0,4318.0,55.0,2377600.0,8623
2023-05-10 21:06:10,eg2311,eg2311,4323.0,0.0,0.0,0.0,12,4322.0,4324.0,3,4316.0,4328.0,4328.0,4318.0,55.0,2377600.0,8623
2023-05-10 21:06:10,eg2311,eg2311,4323.0,0.0,0.0,0.0,14,4322.0,4325.0,9,4316.0,4328.0,4328.0,4318.0,55.0,2377600.0,8623
2023-05-10 21:06:11,eg2311,eg2311,4323.0,0.0,0.0,0.0,6,4323.0,4325.0,9,4316.0,4328.0,4328.0,4318.0,55.0,2377600.0,8623
2023-05-10 21:06:11,eg2311,eg2311,4323.0,0.0,0.0,0.0,7,4323.0,4325.0,7,4316.0,4328.0,4328.0,4318.0,55.0,2377600.0,8623
2023-05-10 21:06:12,eg2311,eg2311,4323.0,0.0,0.0,0.0,9,4323.0,4325.0,5,4316.0,4328.0,4328.0,4318.0,55.0,2377600.0,8623
2023-05-10 21:06:12,eg2311,eg2311,4323.0,0.0,0.0,0.0,4,4323.0,4325.0,6,4316.0,4328.0,4328.0,4318.0,55.0,2377600.0,8623
2023-05-10 21:06:13,eg2311,eg2311,4323.0,0.0,0.0,0.0,2,4323.0,4325.0,7,4316.0,4328.0,4328.0,4318.0,55.0,2377600.0,8623
2023-05-10 21:06:13,eg2311,eg2311,4323.0,0.0,0.0,0.0,3,4323.0,4324.0,2,4316.0,4328.0,4328.0,4318.0,55.0,2377600.0,8623
2023-05-10 21:06:14,eg2311,eg2311,4323.0,0.0,0.0,0.0,1,4323.0,4325.0,8,4316.0,4328.0,4328.0,4318.0,55.0,2377600.0,8623
2023-05-10 21:06:14,eg2311,eg2311,4323.0,0.0,0.0,0.0,1,4323.0,4325.0,9,4316.0,4328.0,4328.0,4318.0,55.0,2377600.0,8623
2023-05-10 21:06:15,eg2311,eg2311,4323.0,0.0,0.0,0.0,2,4323.0,4324.0,1,4316.0,4328.0,4328.0,4318.0,55.0,2377600.0,8623
2023-05-10 21:06:15,eg2311,eg2311,4323.0,0.0,0.0,0.0,1,4323.0,4324.0,2,4316.0,4328.0,4328.0,4318.0,55.0,2377600.0,8623
2023-05-10 21:06:16,eg2311,eg2311,4323.0,2.0,86460.0,0.0,5,4322.0,4324.0,2,4316.0,4328.0,4328.0,4318.0,57.0,2464060.0,8623
2023-05-10 21:06:16,eg2311,eg2311,4323.0,0.0,0.0,0.0,8,4322.0,4325.0,9,4316.0,4328.0,4328.0,4318.0,57.0,2464060.0,8623
2023-05-10 21:06:17,eg2311,eg2311,4323.0,0.0,0.0,0.0,9,4322.0,4325.0,9,4316.0,4328.0,4328.0,4318.0,57.0,2464060.0,8623
2023-05-10 21:06:18,eg2311,eg2311,4323.0,0.0,0.0,0.0,1,4323.0,4325.0,7,4316.0,4328.0,4328.0,4318.0,57.0,2464060.0,8623
2023-05-10 21:06:19,eg2311,eg2311,4323.0,0.0,0.0,0.0,13,4322.0,4325.0,9,4316.0,4328.0,4328.0,4318.0,57.0,2464060.0,8623
2023-05-10 21:06:19,eg2311,eg2311,4323.0,0.0,0.0,0.0,11,4322.0,4325.0,9,4316.0,4328.0,4328.0,4318.0,57.0,2464060.0,8623
2023-05-10 21:06:20,eg2311,eg2311,4323.0,0.0,0.0,0.0,4,4323.0,4325.0,6,4316.0,4328.0,4328.0,4318.0,57.0,2464060.0,8623
2023-05-10 21:06:21,eg2311,eg2311,4323.0,0.0,0.0,0.0,5,4323.0,4325.0,4,4316.0,4328.0,4328.0,4318.0,57.0,2464060.0,8623
2023-05-10 21:06:21,eg2311,eg2311,4323.0,0.0,0.0,0.0,1,4323.0,4325.0,6,4316.0,4328.0,4328.0,4318.0,57.0,2464060.0,8623
2023-05-10 21:06:22,eg2311,eg2311,4323.0,0.0,0.0,0.0,1,4323.0,4325.0,8,4316.0,4328.0,4328.0,4318.0,57.0,2464060.0,8623
2023-05-10 21:06:23,eg2311,eg2311,4323.0,0.0,0.0,0.0,4,4323.0,4325.0,4,4316.0,4328.0,4328.0,4318.0,57.0,2464060.0,8623
2023-05-10 21:06:24,eg2311,eg2311,4323.0,0.0,0.0,0.0,6,4323.0,4325.0,3,4316.0,4328.0,4328.0,4318.0,57.0,2464060.0,8623
2023-05-10 21:06:24,eg2311,eg2311,4323.0,0.0,0.0,0.0,9,4323.0,4325.0,3,4316.0,4328.0,4328.0,4318.0,57.0,2464060.0,8623
2023-05-10 21:06:25,eg2311,eg2311,4323.0,0.0,0.0,0.0,9,4323.0,4325.0,2,4316.0,4328.0,4328.0,4318.0,57.0,2464060.0,8623
2023-05-10 21:06:26,eg2311,eg2311,4323.0,0.0,0.0,0.0,7,4323.0,4325.0,4,4316.0,4328.0,4328.0,4318.0,57.0,2464060.0,8623
2023-05-10 21:06:26,eg2311,eg2311,4323.0,0.0,0.0,0.0,4,4323.0,4325.0,6,4316.0,4328.0,4328.0,4318.0,57.0,2464060.0,8623
2023-05-10 21:06:27,eg2311,eg2311,4323.0,0.0,0.0,0.0,3,4323.0,4325.0,9,4316.0,4328.0,4328.0,4318.0,57.0,2464060.0,8623
2023-05-10 21:06:27,eg2311,eg2311,4323.0,0.0,0.0,0.0,3,4323.0,4325.0,8,4316.0,4328.0,4328.0,4318.0,57.0,2464060.0,8623
2023-05-10 21:06:29,eg2311,eg2311,4323.0,0.0,0.0,0.0,2,4323.0,4325.0,9,4316.0,4328.0,4328.0,4318.0,57.0,2464060.0,8623
2023-05-10 21:06:30,eg2311,eg2311,4323.0,0.0,0.0,0.0,1,4323.0,4325.0,10,4316.0,4328.0,4328.0,4318.0,57.0,2464060.0,8623
2023-05-10 21:06:31,eg2311,eg2311,4323.0,0.0,0.0,0.0,11,4322.0,4325.0,11,4316.0,4328.0,4328.0,4318.0,57.0,2464060.0,8623
2023-05-10 21:06:31,eg2311,eg2311,4323.0,0.0,0.0,0.0,1,4322.0,4323.0,1,4316.0,4328.0,4328.0,4318.0,57.0,2464060.0,8623
2023-05-10 21:06:32,eg2311,eg2311,4323.0,0.0,0.0,0.0,7,4321.0,4323.0,2,4316.0,4328.0,4328.0,4318.0,57.0,2464060.0,8623
2023-05-10 21:06:32,eg2311,eg2311,4323.0,0.0,0.0,0.0,8,4321.0,4323.0,1,4316.0,4328.0,4328.0,4318.0,57.0,2464060.0,8623
2023-05-10 21:06:34,eg2311,eg2311,4323.0,0.0,0.0,0.0,9,4321.0,4323.0,1,4316.0,4328.0,4328.0,4318.0,57.0,2464060.0,8623
2023-05-10 21:06:35,eg2311,eg2311,4323.0,0.0,0.0,0.0,8,4321.0,4323.0,1,4316.0,4328.0,4328.0,4318.0,57.0,2464060.0,8623
2023-05-10 21:06:36,eg2311,eg2311,4323.0,0.0,0.0,0.0,1,4321.0,4323.0,6,4316.0,4328.0,4328.0,4318.0,57.0,2464060.0,8623
2023-05-10 21:06:36,eg2311,eg2311,4323.0,0.0,0.0,0.0,11,4320.0,4323.0,10,4316.0,4328.0,4328.0,4318.0,57.0,2464060.0,8623
2023-05-10 21:06:37,eg2311,eg2311,4323.0,0.0,0.0,0.0,11,4320.0,4323.0,11,4316.0,4328.0,4328.0,4318.0,57.0,2464060.0,8623
2023-05-10 21:06:39,eg2311,eg2311,4323.0,0.0,0.0,0.0,11,4320.0,4322.0,1,4316.0,4328.0,4328.0,4318.0,57.0,2464060.0,8623
2023-05-10 21:06:43,eg2311,eg2311,4323.0,0.0,0.0,0.0,3,4321.0,4323.0,8,4316.0,4328.0,4328.0,4318.0,57.0,2464060.0,8623
2023-05-10 21:06:44,eg2311,eg2311,4323.0,0.0,0.0,0.0,5,4321.0,4323.0,3,4316.0,4328.0,4328.0,4318.0,57.0,2464060.0,8623
2023-05-10 21:06:44,eg2311,eg2311,4323.0,0.0,0.0,0.0,7,4321.0,4323.0,2,4316.0,4328.0,4328.0,4318.0,57.0,2464060.0,8623
2023-05-10 21:06:45,eg2311,eg2311,4323.0,0.0,0.0,0.0,8,4321.0,4323.0,2,4316.0,4328.0,4328.0,4318.0,57.0,2464060.0,8623
2023-05-10 21:06:45,eg2311,eg2311,4323.0,0.0,0.0,0.0,9,4321.0,4323.0,2,4316.0,4328.0,4328.0,4318.0,57.0,2464060.0,8623
2023-05-10 21:06:48,eg2311,eg2311,4323.0,0.0,0.0,0.0,13,4321.0,4323.0,2,4316.0,4328.0,4328.0,4318.0,57.0,2464060.0,8623
2023-05-10 21:06:48,eg2311,eg2311,4323.0,0.0,0.0,0.0,10,4322.0,4324.0,4,4316.0,4328.0,4328.0,4318.0,57.0,2464060.0,8623
2023-05-10 21:06:49,eg2311,eg2311,4323.0,0.0,0.0,0.0,15,4322.0,4324.0,1,4316.0,4328.0,4328.0,4318.0,57.0,2464060.0,8623
2023-05-10 21:06:50,eg2311,eg2311,4323.0,0.0,0.0,0.0,15,4322.0,4325.0,10,4316.0,4328.0,4328.0,4318.0,57.0,2464060.0,8623
2023-05-10 21:06:50,eg2311,eg2311,4323.0,0.0,0.0,0.0,15,4322.0,4325.0,9,4316.0,4328.0,4328.0,4318.0,57.0,2464060.0,8623
2023-05-10 21:06:54,eg2311,eg2311,4323.0,0.0,0.0,0.0,11,4322.0,4325.0,9,4316.0,4328.0,4328.0,4318.0,57.0,2464060.0,8623
2023-05-10 21:06:56,eg2311,eg2311,4323.0,0.0,0.0,0.0,8,4322.0,4324.0,3,4316.0,4328.0,4328.0,4318.0,57.0,2464060.0,8623
2023-05-10 21:06:57,eg2311,eg2311,4323.0,0.0,0.0,0.0,6,4322.0,4324.0,3,4316.0,4328.0,4328.0,4318.0,57.0,2464060.0,8623
2023-05-10 21:06:57,eg2311,eg2311,4323.0,0.0,0.0,0.0,6,4322.0,4324.0,4,4316.0,4328.0,4328.0,4318.0,57.0,2464060.0,8623
2023-05-10 21:06:58,eg2311,eg2311,4323.0,0.0,0.0,0.0,5,4322.0,4324.0,6,4316.0,4328.0,4328.0,4318.0,57.0,2464060.0,8623
2023-05-10 21:06:58,eg2311,eg2311,4323.0,0.0,0.0,0.0,3,4322.0,4324.0,8,4316.0,4328.0,4328.0,4318.0,57.0,2464060.0,8623
2023-05-10 21:06:58,eg2311,eg2311,4323.0,0.0,0.0,0.0,2,4322.0,4324.0,8,4316.0,4328.0,4328.0,4318.0,57.0,2464060.0,8623
2023-05-10 21:07:00,eg2311,eg2311,4323.0,0.0,0.0,0.0,1,4322.0,4324.0,8,4316.0,4328.0,4328.0,4318.0,57.0,2464060.0,8623
2023-05-10 21:07:01,eg2311,eg2311,4323.0,0.0,0.0,0.0,1,4322.0,4323.0,1,4316.0,4328.0,4328.0,4318.0,57.0,2464060.0,8623
2023-05-10 21:07:03,eg2311,eg2311,4323.0,0.0,0.0,0.0,11,4321.0,4323.0,1,4316.0,4328.0,4328.0,4318.0,57.0,2464060.0,8623
2023-05-10 21:07:04,eg2311,eg2311,4323.0,0.0,0.0,0.0,11,4321.0,4324.0,9,4316.0,4328.0,4328.0,4318.0,57.0,2464060.0,8623
2023-05-10 21:07:12,eg2311,eg2311,4323.0,0.0,0.0,0.0,3,4322.0,4324.0,6,4316.0,4328.0,4328.0,4318.0,57.0,2464060.0,8623
2023-05-10 21:07:12,eg2311,eg2311,4323.0,0.0,0.0,0.0,6,4322.0,4324.0,2,4316.0,4328.0,4328.0,4318.0,57.0,2464060.0,8623
2023-05-10 21:07:13,eg2311,eg2311,4323.0,0.0,0.0,0.0,8,4322.0,4324.0,2,4316.0,4328.0,4328.0,4318.0,57.0,2464060.0,8623
2023-05-10 21:07:13,eg2311,eg2311,4323.0,0.0,0.0,0.0,9,4322.0,4324.0,2,4316.0,4328.0,4328.0,4318.0,57.0,2464060.0,8623
2023-05-10 21:07:15,eg2311,eg2311,4323.0,0.0,0.0,0.0,9,4322.0,4324.0,1,4316.0,4328.0,4328.0,4318.0,57.0,2464060.0,8623
2023-05-10 21:07:15,eg2311,eg2311,4323.0,0.0,0.0,0.0,11,4323.0,4325.0,2,4316.0,4328.0,4328.0,4318.0,57.0,2464060.0,8623
2023-05-10 21:07:16,eg2311,eg2311,4323.0,0.0,0.0,0.0,15,4323.0,4325.0,1,4316.0,4328.0,4328.0,4318.0,57.0,2464060.0,8623
2023-05-10 21:07:16,eg2311,eg2311,4323.0,0.0,0.0,0.0,1,4324.0,4325.0,1,4316.0,4328.0,4328.0,4318.0,57.0,2464060.0,8623
2023-05-10 21:07:20,eg2311,eg2311,4325.0,1.0,43250.0,1.0,11,4324.0,4326.0,3,4316.0,4328.0,4328.0,4318.0,58.0,2507310.0,8624
2023-05-10 21:07:21,eg2311,eg2311,4325.0,0.0,0.0,0.0,15,4324.0,4327.0,9,4316.0,4328.0,4328.0,4318.0,58.0,2507310.0,8624
2023-05-10 21:07:21,eg2311,eg2311,4325.0,0.0,0.0,0.0,1,4325.0,4327.0,8,4316.0,4328.0,4328.0,4318.0,58.0,2507310.0,8624
2023-05-10 21:07:22,eg2311,eg2311,4325.0,0.0,0.0,0.0,1,4325.0,4327.0,9,4316.0,4328.0,4328.0,4318.0,58.0,2507310.0,8624
2023-05-10 21:07:23,eg2311,eg2311,4325.0,0.0,0.0,0.0,10,4324.0,4326.0,1,4316.0,4328.0,4328.0,4318.0,58.0,2507310.0,8624
2023-05-10 21:07:24,eg2311,eg2311,4325.0,0.0,0.0,0.0,5,4324.0,4326.0,4,4316.0,4328.0,4328.0,4318.0,58.0,2507310.0,8624
2023-05-10 21:07:24,eg2311,eg2311,4325.0,0.0,0.0,0.0,2,4324.0,4326.0,7,4316.0,4328.0,4328.0,4318.0,58.0,2507310.0,8624
2023-05-10 21:07:25,eg2311,eg2311,4325.0,0.0,0.0,0.0,2,4324.0,4326.0,8,4316.0,4328.0,4328.0,4318.0,58.0,2507310.0,8624
2023-05-10 21:07:26,eg2311,eg2311,4325.0,0.0,0.0,0.0,2,4324.0,4326.0,9,4316.0,4328.0,4328.0,4318.0,58.0,2507310.0,8624
2023-05-10 21:07:27,eg2311,eg2311,4325.0,0.0,0.0,0.0,1,4324.0,4326.0,9,4316.0,4328.0,4328.0,4318.0,58.0,2507310.0,8624
2023-05-10 21:07:30,eg2311,eg2311,4325.0,0.0,0.0,0.0,15,4323.0,4326.0,9,4316.0,4328.0,4328.0,4318.0,58.0,2507310.0,8624
2023-05-10 21:07:30,eg2311,eg2311,4325.0,0.0,0.0,0.0,16,4323.0,4326.0,9,4316.0,4328.0,4328.0,4318.0,58.0,2507310.0,8624
2023-05-10 21:07:36,eg2311,eg2311,4325.0,0.0,0.0,0.0,1,4324.0,4326.0,9,4316.0,4328.0,4328.0,4318.0,58.0,2507310.0,8624
2023-05-10 21:07:47,eg2311,eg2311,4325.0,0.0,0.0,0.0,5,4323.0,4325.0,3,4316.0,4328.0,4328.0,4318.0,58.0,2507310.0,8624
2023-05-10 21:07:48,eg2311,eg2311,4325.0,0.0,0.0,0.0,2,4323.0,4325.0,6,4316.0,4328.0,4328.0,4318.0,58.0,2507310.0,8624
2023-05-10 21:07:48,eg2311,eg2311,4325.0,0.0,0.0,0.0,2,4323.0,4325.0,4,4316.0,4328.0,4328.0,4318.0,58.0,2507310.0,8624
2023-05-10 21:07:49,eg2311,eg2311,4325.0,0.0,0.0,0.0,2,4323.0,4325.0,5,4316.0,4328.0,4328.0,4318.0,58.0,2507310.0,8624
2023-05-10 21:07:49,eg2311,eg2311,4325.0,0.0,0.0,0.0,2,4323.0,4325.0,7,4316.0,4328.0,4328.0,4318.0,58.0,2507310.0,8624
2023-05-10 21:07:50,eg2311,eg2311,4325.0,0.0,0.0,0.0,2,4323.0,4325.0,9,4316.0,4328.0,4328.0,4318.0,58.0,2507310.0,8624
2023-05-10 21:07:53,eg2311,eg2311,4325.0,0.0,0.0,0.0,1,4323.0,4325.0,9,4316.0,4328.0,4328.0,4318.0,58.0,2507310.0,8624
2023-05-10 21:07:54,eg2311,eg2311,4325.0,0.0,0.0,0.0,15,4322.0,4325.0,9,4316.0,4328.0,4328.0,4318.0,58.0,2507310.0,8624
2023-05-10 21:07:56,eg2311,eg2311,4325.0,0.0,0.0,0.0,12,4322.0,4325.0,9,4316.0,4328.0,4328.0,4318.0,58.0,2507310.0,8624
2023-05-10 21:07:58,eg2311,eg2311,4325.0,0.0,0.0,0.0,15,4322.0,4325.0,9,4316.0,4328.0,4328.0,4318.0,58.0,2507310.0,8624
2023-05-10 21:07:58,eg2311,eg2311,4325.0,0.0,0.0,0.0,12,4322.0,4325.0,9,4316.0,4328.0,4328.0,4318.0,58.0,2507310.0,8624
2023-05-10 21:08:03,eg2311,eg2311,4325.0,0.0,0.0,0.0,11,4322.0,4325.0,9,4316.0,4328.0,4328.0,4318.0,58.0,2507310.0,8624
2023-05-10 21:08:04,eg2311,eg2311,4325.0,0.0,0.0,0.0,11,4322.0,4324.0,1,4316.0,4328.0,4328.0,4318.0,58.0,2507310.0,8624
2023-05-10 21:08:04,eg2311,eg2311,4325.0,0.0,0.0,0.0,6,4322.0,4324.0,4,4316.0,4328.0,4328.0,4318.0,58.0,2507310.0,8624
2023-05-10 21:08:05,eg2311,eg2311,4325.0,0.0,0.0,0.0,6,4322.0,4324.0,5,4316.0,4328.0,4328.0,4318.0,58.0,2507310.0,8624
2023-05-10 21:08:05,eg2311,eg2311,4325.0,0.0,0.0,0.0,4,4322.0,4324.0,7,4316.0,4328.0,4328.0,4318.0,58.0,2507310.0,8624
2023-05-10 21:08:06,eg2311,eg2311,4325.0,0.0,0.0,0.0,2,4322.0,4324.0,9,4316.0,4328.0,4328.0,4318.0,58.0,2507310.0,8624
2023-05-10 21:08:08,eg2311,eg2311,4325.0,0.0,0.0,0.0,1,4322.0,4324.0,9,4316.0,4328.0,4328.0,4318.0,58.0,2507310.0,8624
2023-05-10 21:08:10,eg2311,eg2311,4325.0,0.0,0.0,0.0,4,4321.0,4323.0,3,4316.0,4328.0,4328.0,4318.0,58.0,2507310.0,8624
2023-05-10 21:08:10,eg2311,eg2311,4325.0,0.0,0.0,0.0,3,4321.0,4323.0,3,4316.0,4328.0,4328.0,4318.0,58.0,2507310.0,8624
2023-05-10 21:08:12,eg2311,eg2311,4325.0,0.0,0.0,0.0,3,4321.0,4323.0,4,4316.0,4328.0,4328.0,4318.0,58.0,2507310.0,8624
2023-05-10 21:08:12,eg2311,eg2311,4325.0,0.0,0.0,0.0,3,4321.0,4323.0,5,4316.0,4328.0,4328.0,4318.0,58.0,2507310.0,8624
2023-05-10 21:08:13,eg2311,eg2311,4325.0,0.0,0.0,0.0,3,4321.0,4323.0,7,4316.0,4328.0,4328.0,4318.0,58.0,2507310.0,8624
2023-05-10 21:08:13,eg2311,eg2311,4325.0,0.0,0.0,0.0,3,4321.0,4323.0,8,4316.0,4328.0,4328.0,4318.0,58.0,2507310.0,8624
2023-05-10 21:08:15,eg2311,eg2311,4325.0,0.0,0.0,0.0,2,4321.0,4323.0,9,4316.0,4328.0,4328.0,4318.0,58.0,2507310.0,8624
2023-05-10 21:08:16,eg2311,eg2311,4325.0,0.0,0.0,0.0,1,4321.0,4323.0,9,4316.0,4328.0,4328.0,4318.0,58.0,2507310.0,8624
2023-05-10 21:08:17,eg2311,eg2311,4325.0,0.0,0.0,0.0,11,4320.0,4323.0,9,4316.0,4328.0,4328.0,4318.0,58.0,2507310.0,8624
2023-05-10 21:08:28,eg2311,eg2311,4325.0,0.0,0.0,0.0,6,4320.0,4322.0,2,4316.0,4328.0,4328.0,4318.0,58.0,2507310.0,8624
2023-05-10 21:08:29,eg2311,eg2311,4325.0,0.0,0.0,0.0,4,4320.0,4322.0,3,4316.0,4328.0,4328.0,4318.0,58.0,2507310.0,8624
2023-05-10 21:08:29,eg2311,eg2311,4325.0,0.0,0.0,0.0,3,4320.0,4322.0,3,4316.0,4328.0,4328.0,4318.0,58.0,2507310.0,8624
2023-05-10 21:08:31,eg2311,eg2311,4325.0,0.0,0.0,0.0,3,4320.0,4322.0,6,4316.0,4328.0,4328.0,4318.0,58.0,2507310.0,8624
2023-05-10 21:08:32,eg2311,eg2311,4325.0,0.0,0.0,0.0,3,4320.0,4322.0,8,4316.0,4328.0,4328.0,4318.0,58.0,2507310.0,8624
2023-05-10 21:08:32,eg2311,eg2311,4325.0,0.0,0.0,0.0,2,4320.0,4322.0,9,4316.0,4328.0,4328.0,4318.0,58.0,2507310.0,8624
2023-05-10 21:08:34,eg2311,eg2311,4325.0,0.0,0.0,0.0,1,4320.0,4322.0,9,4316.0,4328.0,4328.0,4318.0,58.0,2507310.0,8624
2023-05-10 21:08:35,eg2311,eg2311,4325.0,0.0,0.0,0.0,11,4319.0,4322.0,9,4316.0,4328.0,4328.0,4318.0,58.0,2507310.0,8624
2023-05-10 21:08:38,eg2311,eg2311,4325.0,0.0,0.0,0.0,3,4320.0,4322.0,5,4316.0,4328.0,4328.0,4318.0,58.0,2507310.0,8624
2023-05-10 21:08:38,eg2311,eg2311,4325.0,0.0,0.0,0.0,8,4320.0,4322.0,1,4316.0,4328.0,4328.0,4318.0,58.0,2507310.0,8624
2023-05-10 21:08:38,eg2311,eg2311,4325.0,0.0,0.0,0.0,9,4320.0,4322.0,1,4316.0,4328.0,4328.0,4318.0,58.0,2507310.0,8624
2023-05-10 21:08:40,eg2311,eg2311,4322.0,1.0,43220.0,-1.0,1,4322.0,4324.0,7,4316.0,4328.0,4328.0,4318.0,59.0,2550530.0,8623
2023-05-10 21:08:41,eg2311,eg2311,4322.0,0.0,0.0,0.0,4,4322.0,4324.0,3,4316.0,4328.0,4328.0,4318.0,59.0,2550530.0,8623
2023-05-10 21:08:41,eg2311,eg2311,4322.0,0.0,0.0,0.0,4,4322.0,4324.0,1,4316.0,4328.0,4328.0,4318.0,59.0,2550530.0,8623
2023-05-10 21:08:42,eg2311,eg2311,4322.0,0.0,0.0,0.0,7,4322.0,4324.0,1,4316.0,4328.0,4328.0,4318.0,59.0,2550530.0,8623
2023-05-10 21:08:42,eg2311,eg2311,4322.0,0.0,0.0,0.0,9,4322.0,4325.0,9,4316.0,4328.0,4328.0,4318.0,59.0,2550530.0,8623
2023-05-10 21:08:47,eg2311,eg2311,4322.0,0.0,0.0,0.0,7,4322.0,4324.0,2,4316.0,4328.0,4328.0,4318.0,59.0,2550530.0,8623
2023-05-10 21:08:47,eg2311,eg2311,4322.0,0.0,0.0,0.0,5,4322.0,4324.0,4,4316.0,4328.0,4328.0,4318.0,59.0,2550530.0,8623
2023-05-10 21:08:48,eg2311,eg2311,4322.0,0.0,0.0,0.0,2,4322.0,4324.0,7,4316.0,4328.0,4328.0,4318.0,59.0,2550530.0,8623
2023-05-10 21:08:48,eg2311,eg2311,4322.0,0.0,0.0,0.0,2,4322.0,4324.0,8,4316.0,4328.0,4328.0,4318.0,59.0,2550530.0,8623
2023-05-10 21:08:50,eg2311,eg2311,4322.0,0.0,0.0,0.0,2,4322.0,4324.0,9,4316.0,4328.0,4328.0,4318.0,59.0,2550530.0,8623
2023-05-10 21:08:53,eg2311,eg2311,4322.0,0.0,0.0,0.0,1,4322.0,4324.0,9,4316.0,4328.0,4328.0,4318.0,59.0,2550530.0,8623
2023-05-10 21:08:53,eg2311,eg2311,4322.0,0.0,0.0,0.0,12,4321.0,4324.0,9,4316.0,4328.0,4328.0,4318.0,59.0,2550530.0,8623
2023-05-10 21:08:54,eg2311,eg2311,4322.0,0.0,0.0,0.0,11,4321.0,4324.0,9,4316.0,4328.0,4328.0,4318.0,59.0,2550530.0,8623
2023-05-10 21:09:02,eg2311,eg2311,4322.0,0.0,0.0,0.0,1,4322.0,4324.0,9,4316.0,4328.0,4328.0,4318.0,59.0,2550530.0,8623
2023-05-10 21:09:03,eg2311,eg2311,4322.0,0.0,0.0,0.0,1,4322.0,4324.0,8,4316.0,4328.0,4328.0,4318.0,59.0,2550530.0,8623
2023-05-10 21:09:07,eg2311,eg2311,4322.0,0.0,0.0,0.0,2,4322.0,4324.0,9,4316.0,4328.0,4328.0,4318.0,59.0,2550530.0,8623
2023-05-10 21:09:07,eg2311,eg2311,4322.0,0.0,0.0,0.0,1,4322.0,4324.0,9,4316.0,4328.0,4328.0,4318.0,59.0,2550530.0,8623
2023-05-10 21:09:08,eg2311,eg2311,4322.0,0.0,0.0,0.0,7,4321.0,4322.0,1,4316.0,4328.0,4328.0,4318.0,59.0,2550530.0,8623
2023-05-10 21:09:08,eg2311,eg2311,4322.0,0.0,0.0,0.0,2,4321.0,4323.0,7,4316.0,4328.0,4328.0,4318.0,59.0,2550530.0,8623
2023-05-10 21:09:08,eg2311,eg2311,4322.0,0.0,0.0,0.0,1,4321.0,4323.0,9,4316.0,4328.0,4328.0,4318.0,59.0,2550530.0,8623
2023-05-10 21:09:13,eg2311,eg2311,4322.0,0.0,0.0,0.0,6,4320.0,4322.0,3,4316.0,4328.0,4328.0,4318.0,59.0,2550530.0,8623
2023-05-10 21:09:25,eg2311,eg2311,4322.0,0.0,0.0,0.0,7,4320.0,4322.0,2,4316.0,4328.0,4328.0,4318.0,59.0,2550530.0,8623
2023-05-10 21:09:25,eg2311,eg2311,4322.0,0.0,0.0,0.0,7,4320.0,4322.0,3,4316.0,4328.0,4328.0,4318.0,59.0,2550530.0,8623
2023-05-10 21:09:29,eg2311,eg2311,4322.0,0.0,0.0,0.0,8,4320.0,4322.0,2,4316.0,4328.0,4328.0,4318.0,59.0,2550530.0,8623
2023-05-10 21:09:31,eg2311,eg2311,4322.0,0.0,0.0,0.0,8,4320.0,4322.0,1,4316.0,4328.0,4328.0,4318.0,59.0,2550530.0,8623
2023-05-10 21:09:32,eg2311,eg2311,4322.0,0.0,0.0,0.0,1,4321.0,4322.0,1,4316.0,4328.0,4328.0,4318.0,59.0,2550530.0,8623
2023-05-10 21:09:35,eg2311,eg2311,4322.0,0.0,0.0,0.0,2,4321.0,4322.0,1,4316.0,4328.0,4328.0,4318.0,59.0,2550530.0,8623
2023-05-10 21:09:35,eg2311,eg2311,4322.0,0.0,0.0,0.0,3,4321.0,4323.0,7,4316.0,4328.0,4328.0,4318.0,59.0,2550530.0,8623
2023-05-10 21:09:36,eg2311,eg2311,4322.0,0.0,0.0,0.0,3,4321.0,4323.0,8,4316.0,4328.0,4328.0,4318.0,59.0,2550530.0,8623
2023-05-10 21:09:38,eg2311,eg2311,4322.0,0.0,0.0,0.0,3,4321.0,4323.0,7,4316.0,4328.0,4328.0,4318.0,59.0,2550530.0,8623
2023-05-10 21:09:39,eg2311,eg2311,4322.0,0.0,0.0,0.0,3,4321.0,4323.0,8,4316.0,4328.0,4328.0,4318.0,59.0,2550530.0,8623
2023-05-10 21:09:45,eg2311,eg2311,4322.0,0.0,0.0,0.0,2,4321.0,4323.0,8,4316.0,4328.0,4328.0,4318.0,59.0,2550530.0,8623
2023-05-10 21:09:45,eg2311,eg2311,4322.0,0.0,0.0,0.0,3,4321.0,4323.0,7,4316.0,4328.0,4328.0,4318.0,59.0,2550530.0,8623
2023-05-10 21:09:51,eg2311,eg2311,4322.0,0.0,0.0,0.0,2,4321.0,4323.0,8,4316.0,4328.0,4328.0,4318.0,59.0,2550530.0,8623
2023-05-10 21:09:51,eg2311,eg2311,4321.0,2.0,86420.0,-1.0,4,4320.0,4322.0,3,4316.0,4328.0,4328.0,4318.0,61.0,2636950.0,8622
2023-05-10 21:09:52,eg2311,eg2311,4321.0,0.0,0.0,0.0,3,4320.0,4322.0,3,4316.0,4328.0,4328.0,4318.0,61.0,2636950.0,8622
2023-05-10 21:09:52,eg2311,eg2311,4321.0,0.0,0.0,0.0,2,4320.0,4322.0,3,4316.0,4328.0,4328.0,4318.0,61.0,2636950.0,8622
2023-05-10 21:09:52,eg2311,eg2311,4321.0,0.0,0.0,0.0,3,4320.0,4322.0,3,4316.0,4328.0,4328.0,4318.0,61.0,2636950.0,8622
2023-05-10 21:09:53,eg2311,eg2311,4321.0,0.0,0.0,0.0,2,4320.0,4322.0,4,4316.0,4328.0,4328.0,4318.0,61.0,2636950.0,8622
2023-05-10 21:09:54,eg2311,eg2311,4321.0,0.0,0.0,0.0,2,4320.0,4322.0,5,4316.0,4328.0,4328.0,4318.0,61.0,2636950.0,8622
2023-05-10 21:09:54,eg2311,eg2311,4321.0,0.0,0.0,0.0,2,4320.0,4322.0,6,4316.0,4328.0,4328.0,4318.0,61.0,2636950.0,8622
2023-05-10 21:09:55,eg2311,eg2311,4321.0,0.0,0.0,0.0,2,4320.0,4322.0,8,4316.0,4328.0,4328.0,4318.0,61.0,2636950.0,8622
2023-05-10 21:09:55,eg2311,eg2311,4321.0,0.0,0.0,0.0,1,4320.0,4322.0,8,4316.0,4328.0,4328.0,4318.0,61.0,2636950.0,8622
2023-05-10 21:09:57,eg2311,eg2311,4321.0,0.0,0.0,0.0,1,4320.0,4321.0,1,4316.0,4328.0,4328.0,4318.0,61.0,2636950.0,8622
2023-05-10 21:09:58,eg2311,eg2311,4321.0,0.0,0.0,0.0,7,4319.0,4321.0,3,4316.0,4328.0,4328.0,4318.0,61.0,2636950.0,8622
2023-05-10 21:10:02,eg2311,eg2311,4321.0,0.0,0.0,0.0,1,4320.0,4322.0,10,4316.0,4328.0,4328.0,4318.0,61.0,2636950.0,8622
2023-05-10 21:10:03,eg2311,eg2311,4321.0,0.0,0.0,0.0,1,4320.0,4322.0,8,4316.0,4328.0,4328.0,4318.0,61.0,2636950.0,8622
2023-05-10 21:10:03,eg2311,eg2311,4321.0,0.0,0.0,0.0,15,4319.0,4322.0,9,4316.0,4328.0,4328.0,4318.0,61.0,2636950.0,8622
2023-05-10 21:10:05,eg2311,eg2311,4321.0,0.0,0.0,0.0,3,4320.0,4322.0,5,4316.0,4328.0,4328.0,4318.0,61.0,2636950.0,8622
2023-05-10 21:10:05,eg2311,eg2311,4321.0,0.0,0.0,0.0,5,4321.0,4322.0,2,4316.0,4328.0,4328.0,4318.0,61.0,2636950.0,8622
2023-05-10 21:10:06,eg2311,eg2311,4321.0,0.0,0.0,0.0,7,4321.0,4322.0,1,4316.0,4328.0,4328.0,4318.0,61.0,2636950.0,8622
2023-05-10 21:10:06,eg2311,eg2311,4321.0,0.0,0.0,0.0,12,4320.0,4322.0,4,4316.0,4328.0,4328.0,4318.0,61.0,2636950.0,8622
2023-05-10 21:10:07,eg2311,eg2311,4321.0,0.0,0.0,0.0,6,4320.0,4322.0,5,4316.0,4328.0,4328.0,4318.0,61.0,2636950.0,8622
2023-05-10 21:10:07,eg2311,eg2311,4321.0,0.0,0.0,0.0,3,4320.0,4322.0,7,4316.0,4328.0,4328.0,4318.0,61.0,2636950.0,8622
2023-05-10 21:10:08,eg2311,eg2311,4321.0,0.0,0.0,0.0,2,4320.0,4322.0,8,4316.0,4328.0,4328.0,4318.0,61.0,2636950.0,8622
2023-05-10 21:10:08,eg2311,eg2311,4321.0,0.0,0.0,0.0,1,4321.0,4322.0,1,4316.0,4328.0,4328.0,4318.0,61.0,2636950.0,8622
2023-05-10 21:10:09,eg2311,eg2311,4321.0,0.0,0.0,0.0,1,4321.0,4323.0,8,4316.0,4328.0,4328.0,4318.0,61.0,2636950.0,8622
2023-05-10 21:10:10,eg2311,eg2311,4321.0,0.0,0.0,0.0,1,4321.0,4323.0,9,4316.0,4328.0,4328.0,4318.0,61.0,2636950.0,8622
2023-05-10 21:10:12,eg2311,eg2311,4321.0,0.0,0.0,0.0,1,4321.0,4322.0,1,4316.0,4328.0,4328.0,4318.0,61.0,2636950.0,8622
2023-05-10 21:10:12,eg2311,eg2311,4322.0,1.0,43220.0,-1.0,3,4322.0,4323.0,2,4316.0,4328.0,4328.0,4318.0,62.0,2680170.0,8621
2023-05-10 21:10:13,eg2311,eg2311,4322.0,0.0,0.0,0.0,1,4322.0,4324.0,6,4316.0,4328.0,4328.0,4318.0,62.0,2680170.0,8621
2023-05-10 21:10:14,eg2311,eg2311,4322.0,0.0,0.0,0.0,1,4322.0,4323.0,1,4316.0,4328.0,4328.0,4318.0,62.0,2680170.0,8621
2023-05-10 21:10:15,eg2311,eg2311,4322.0,0.0,0.0,0.0,1,4322.0,4324.0,9,4316.0,4328.0,4328.0,4318.0,62.0,2680170.0,8621
2023-05-10 21:10:18,eg2311,eg2311,4322.0,0.0,0.0,0.0,6,4322.0,4324.0,6,4316.0,4328.0,4328.0,4318.0,62.0,2680170.0,8621
2023-05-10 21:10:19,eg2311,eg2311,4322.0,0.0,0.0,0.0,6,4322.0,4324.0,5,4316.0,4328.0,4328.0,4318.0,62.0,2680170.0,8621
2023-05-10 21:10:19,eg2311,eg2311,4322.0,0.0,0.0,0.0,9,4322.0,4324.0,3,4316.0,4328.0,4328.0,4318.0,62.0,2680170.0,8621
2023-05-10 21:10:20,eg2311,eg2311,4322.0,0.0,0.0,0.0,12,4322.0,4324.0,2,4316.0,4328.0,4328.0,4318.0,62.0,2680170.0,8621
2023-05-10 21:10:20,eg2311,eg2311,4322.0,0.0,0.0,0.0,13,4322.0,4324.0,1,4316.0,4328.0,4328.0,4318.0,62.0,2680170.0,8621
2023-05-10 21:10:21,eg2311,eg2311,4322.0,0.0,0.0,0.0,13,4322.0,4325.0,12,4316.0,4328.0,4328.0,4318.0,62.0,2680170.0,8621
2023-05-10 21:10:23,eg2311,eg2311,4322.0,0.0,0.0,0.0,14,4322.0,4325.0,11,4316.0,4328.0,4328.0,4318.0,62.0,2680170.0,8621
2023-05-10 21:10:24,eg2311,eg2311,4322.0,0.0,0.0,0.0,14,4322.0,4325.0,12,4316.0,4328.0,4328.0,4318.0,62.0,2680170.0,8621
2023-05-10 21:10:27,eg2311,eg2311,4322.0,0.0,0.0,0.0,11,4322.0,4325.0,12,4316.0,4328.0,4328.0,4318.0,62.0,2680170.0,8621
2023-05-10 21:10:27,eg2311,eg2311,4322.0,0.0,0.0,0.0,6,4322.0,4325.0,12,4316.0,4328.0,4328.0,4318.0,62.0,2680170.0,8621
2023-05-10 21:10:28,eg2311,eg2311,4322.0,0.0,0.0,0.0,8,4322.0,4325.0,11,4316.0,4328.0,4328.0,4318.0,62.0,2680170.0,8621
2023-05-10 21:10:28,eg2311,eg2311,4322.0,0.0,0.0,0.0,6,4322.0,4325.0,12,4316.0,4328.0,4328.0,4318.0,62.0,2680170.0,8621
2023-05-10 21:10:29,eg2311,eg2311,4322.0,0.0,0.0,0.0,1,4323.0,4325.0,10,4316.0,4328.0,4328.0,4318.0,62.0,2680170.0,8621
2023-05-10 21:10:29,eg2311,eg2311,4322.0,0.0,0.0,0.0,1,4323.0,4325.0,12,4316.0,4328.0,4328.0,4318.0,62.0,2680170.0,8621
2023-05-10 21:10:30,eg2311,eg2311,4322.0,0.0,0.0,0.0,14,4322.0,4325.0,12,4316.0,4328.0,4328.0,4318.0,62.0,2680170.0,8621
2023-05-10 21:10:30,eg2311,eg2311,4322.0,0.0,0.0,0.0,14,4322.0,4325.0,9,4316.0,4328.0,4328.0,4318.0,62.0,2680170.0,8621
2023-05-10 21:10:31,eg2311,eg2311,4322.0,0.0,0.0,0.0,1,4323.0,4325.0,9,4316.0,4328.0,4328.0,4318.0,62.0,2680170.0,8621
2023-05-10 21:10:33,eg2311,eg2311,4322.0,0.0,0.0,0.0,3,4323.0,4325.0,5,4316.0,4328.0,4328.0,4318.0,62.0,2680170.0,8621
2023-05-10 21:10:33,eg2311,eg2311,4322.0,0.0,0.0,0.0,6,4323.0,4325.0,2,4316.0,4328.0,4328.0,4318.0,62.0,2680170.0,8621
2023-05-10 21:10:34,eg2311,eg2311,4322.0,0.0,0.0,0.0,14,4323.0,4325.0,1,4316.0,4328.0,4328.0,4318.0,62.0,2680170.0,8621
2023-05-10 21:10:35,eg2311,eg2311,4325.0,1.0,43250.0,-1.0,2,4324.0,4326.0,7,4316.0,4328.0,4328.0,4318.0,63.0,2723420.0,8620
2023-05-10 21:10:35,eg2311,eg2311,4325.0,0.0,0.0,0.0,2,4324.0,4326.0,8,4316.0,4328.0,4328.0,4318.0,63.0,2723420.0,8620
2023-05-10 21:10:36,eg2311,eg2311,4325.0,0.0,0.0,0.0,1,4324.0,4326.0,8,4316.0,4328.0,4328.0,4318.0,63.0,2723420.0,8620
2023-05-10 21:10:36,eg2311,eg2311,4325.0,0.0,0.0,0.0,11,4323.0,4326.0,9,4316.0,4328.0,4328.0,4318.0,63.0,2723420.0,8620
2023-05-10 21:10:38,eg2311,eg2311,4325.0,0.0,0.0,0.0,14,4323.0,4326.0,9,4316.0,4328.0,4328.0,4318.0,63.0,2723420.0,8620
2023-05-10 21:10:39,eg2311,eg2311,4325.0,0.0,0.0,0.0,11,4323.0,4325.0,1,4316.0,4328.0,4328.0,4318.0,63.0,2723420.0,8620
2023-05-10 21:10:39,eg2311,eg2311,4325.0,0.0,0.0,0.0,7,4323.0,4325.0,1,4316.0,4328.0,4328.0,4318.0,63.0,2723420.0,8620
2023-05-10 21:10:40,eg2311,eg2311,4325.0,0.0,0.0,0.0,1,4324.0,4326.0,12,4316.0,4328.0,4328.0,4318.0,63.0,2723420.0,8620
2023-05-10 21:10:40,eg2311,eg2311,4325.0,0.0,0.0,0.0,1,4324.0,4326.0,10,4316.0,4328.0,4328.0,4318.0,63.0,2723420.0,8620
2023-05-10 21:10:41,eg2311,eg2311,4325.0,0.0,0.0,0.0,12,4323.0,4326.0,9,4316.0,4328.0,4328.0,4318.0,63.0,2723420.0,8620
2023-05-10 21:10:41,eg2311,eg2311,4325.0,0.0,0.0,0.0,8,4323.0,4326.0,9,4316.0,4328.0,4328.0,4318.0,63.0,2723420.0,8620
2023-05-10 21:10:42,eg2311,eg2311,4325.0,0.0,0.0,0.0,7,4323.0,4325.0,1,4316.0,4328.0,4328.0,4318.0,63.0,2723420.0,8620
2023-05-10 21:10:42,eg2311,eg2311,4325.0,0.0,0.0,0.0,8,4323.0,4325.0,1,4316.0,4328.0,4328.0,4318.0,63.0,2723420.0,8620
2023-05-10 21:10:43,eg2311,eg2311,4325.0,0.0,0.0,0.0,6,4323.0,4325.0,1,4316.0,4328.0,4328.0,4318.0,63.0,2723420.0,8620
2023-05-10 21:10:43,eg2311,eg2311,4325.0,0.0,0.0,0.0,2,4323.0,4325.0,3,4316.0,4328.0,4328.0,4318.0,63.0,2723420.0,8620
2023-05-10 21:10:43,eg2311,eg2311,4325.0,0.0,0.0,0.0,2,4323.0,4325.0,2,4316.0,4328.0,4328.0,4318.0,63.0,2723420.0,8620
2023-05-10 21:10:45,eg2311,eg2311,4325.0,0.0,0.0,0.0,2,4323.0,4325.0,3,4316.0,4328.0,4328.0,4318.0,63.0,2723420.0,8620
2023-05-10 21:10:45,eg2311,eg2311,4325.0,0.0,0.0,0.0,2,4323.0,4325.0,5,4316.0,4328.0,4328.0,4318.0,63.0,2723420.0,8620
2023-05-10 21:10:46,eg2311,eg2311,4325.0,0.0,0.0,0.0,7,4323.0,4325.0,3,4316.0,4328.0,4328.0,4318.0,63.0,2723420.0,8620
2023-05-10 21:10:46,eg2311,eg2311,4325.0,0.0,0.0,0.0,14,4323.0,4325.0,1,4316.0,4328.0,4328.0,4318.0,63.0,2723420.0,8620
2023-05-10 21:10:47,eg2311,eg2311,4325.0,0.0,0.0,0.0,13,4323.0,4325.0,1,4316.0,4328.0,4328.0,4318.0,63.0,2723420.0,8620
2023-05-10 21:10:47,eg2311,eg2311,4325.0,0.0,0.0,0.0,11,4323.0,4326.0,9,4316.0,4328.0,4328.0,4318.0,63.0,2723420.0,8620
2023-05-10 21:10:51,eg2311,eg2311,4325.0,0.0,0.0,0.0,8,4323.0,4325.0,3,4316.0,4328.0,4328.0,4318.0,63.0,2723420.0,8620
2023-05-10 21:10:51,eg2311,eg2311,4325.0,0.0,0.0,0.0,6,4323.0,4325.0,4,4316.0,4328.0,4328.0,4318.0,63.0,2723420.0,8620
2023-05-10 21:10:54,eg2311,eg2311,4325.0,0.0,0.0,0.0,5,4323.0,4325.0,7,4316.0,4328.0,4328.0,4318.0,63.0,2723420.0,8620
2023-05-10 21:10:54,eg2311,eg2311,4325.0,0.0,0.0,0.0,3,4323.0,4325.0,11,4316.0,4328.0,4328.0,4318.0,63.0,2723420.0,8620
2023-05-10 21:10:55,eg2311,eg2311,4325.0,0.0,0.0,0.0,12,4322.0,4324.0,2,4316.0,4328.0,4328.0,4318.0,63.0,2723420.0,8620
2023-05-10 21:10:55,eg2311,eg2311,4325.0,0.0,0.0,0.0,9,4322.0,4324.0,4,4316.0,4328.0,4328.0,4318.0,63.0,2723420.0,8620
2023-05-10 21:10:56,eg2311,eg2311,4325.0,0.0,0.0,0.0,8,4322.0,4324.0,5,4316.0,4328.0,4328.0,4318.0,63.0,2723420.0,8620
2023-05-10 21:11:05,eg2311,eg2311,4325.0,0.0,0.0,0.0,1,4323.0,4325.0,10,4316.0,4328.0,4328.0,4318.0,63.0,2723420.0,8620
2023-05-10 21:11:05,eg2311,eg2311,4325.0,0.0,0.0,0.0,1,4323.0,4325.0,8,4316.0,4328.0,4328.0,4318.0,63.0,2723420.0,8620
2023-05-10 21:11:06,eg2311,eg2311,4325.0,0.0,0.0,0.0,14,4322.0,4325.0,8,4316.0,4328.0,4328.0,4318.0,63.0,2723420.0,8620
2023-05-10 21:11:07,eg2311,eg2311,4325.0,0.0,0.0,0.0,8,4322.0,4324.0,3,4316.0,4328.0,4328.0,4318.0,63.0,2723420.0,8620
2023-05-10 21:11:07,eg2311,eg2311,4325.0,0.0,0.0,0.0,8,4322.0,4324.0,5,4316.0,4328.0,4328.0,4318.0,63.0,2723420.0,8620
2023-05-10 21:11:09,eg2311,eg2311,4325.0,0.0,0.0,0.0,8,4322.0,4324.0,4,4316.0,4328.0,4328.0,4318.0,63.0,2723420.0,8620
2023-05-10 21:11:09,eg2311,eg2311,4325.0,0.0,0.0,0.0,7,4322.0,4324.0,3,4316.0,4328.0,4328.0,4318.0,63.0,2723420.0,8620
2023-05-10 21:11:11,eg2311,eg2311,4325.0,0.0,0.0,0.0,6,4322.0,4324.0,3,4316.0,4328.0,4328.0,4318.0,63.0,2723420.0,8620
2023-05-10 21:11:12,eg2311,eg2311,4325.0,0.0,0.0,0.0,4,4322.0,4323.0,2,4316.0,4328.0,4328.0,4318.0,63.0,2723420.0,8620
2023-05-10 21:11:12,eg2311,eg2311,4325.0,0.0,0.0,0.0,3,4322.0,4323.0,2,4316.0,4328.0,4328.0,4318.0,63.0,2723420.0,8620
2023-05-10 21:11:13,eg2311,eg2311,4322.0,3.0,129660.0,0.0,4,4321.0,4322.0,1,4316.0,4328.0,4328.0,4318.0,66.0,2853080.0,8620
2023-05-10 21:11:13,eg2311,eg2311,4320.0,5.0,216040.0,2.0,1,4320.0,4321.0,2,4316.0,4328.0,4328.0,4318.0,71.0,3069120.0,8622
2023-05-10 21:11:14,eg2311,eg2311,4320.0,1.0,43200.0,-1.0,1,4320.0,4321.0,2,4316.0,4328.0,4328.0,4318.0,72.0,3112320.0,8621
2023-05-10 21:11:14,eg2311,eg2311,4320.0,1.0,43200.0,-1.0,1,4320.0,4321.0,2,4316.0,4328.0,4328.0,4318.0,73.0,3155520.0,8620
2023-05-10 21:11:15,eg2311,eg2311,4320.0,0.0,0.0,0.0,6,4319.0,4321.0,4,4316.0,4328.0,4328.0,4318.0,73.0,3155520.0,8620
2023-05-10 21:11:16,eg2311,eg2311,4320.0,0.0,0.0,0.0,1,4319.0,4320.0,2,4316.0,4328.0,4328.0,4318.0,73.0,3155520.0,8620
2023-05-10 21:11:19,eg2311,eg2311,4320.0,0.0,0.0,0.0,11,4318.0,4320.0,2,4316.0,4328.0,4328.0,4318.0,73.0,3155520.0,8620
2023-05-10 21:11:20,eg2311,eg2311,4320.0,0.0,0.0,0.0,4,4318.0,4319.0,1,4316.0,4328.0,4328.0,4318.0,73.0,3155520.0,8620
2023-05-10 21:11:20,eg2311,eg2311,4320.0,0.0,0.0,0.0,1,4318.0,4319.0,2,4316.0,4328.0,4328.0,4318.0,73.0,3155520.0,8620
2023-05-10 21:11:21,eg2311,eg2311,4320.0,0.0,0.0,0.0,11,4317.0,4319.0,2,4316.0,4328.0,4328.0,4318.0,73.0,3155520.0,8620
2023-05-10 21:11:23,eg2311,eg2311,4320.0,0.0,0.0,0.0,12,4317.0,4319.0,2,4316.0,4328.0,4328.0,4318.0,73.0,3155520.0,8620
2023-05-10 21:11:25,eg2311,eg2311,4319.0,2.0,86380.0,-2.0,3,4318.0,4320.0,6,4316.0,4328.0,4328.0,4318.0,75.0,3241900.0,8618
2023-05-10 21:11:25,eg2311,eg2311,4319.0,0.0,0.0,0.0,11,4318.0,4320.0,4,4316.0,4328.0,4328.0,4318.0,75.0,3241900.0,8618
2023-05-10 21:11:26,eg2311,eg2311,4319.0,0.0,0.0,0.0,13,4318.0,4320.0,3,4316.0,4328.0,4328.0,4318.0,75.0,3241900.0,8618
2023-05-10 21:11:26,eg2311,eg2311,4319.0,0.0,0.0,0.0,11,4318.0,4320.0,3,4316.0,4328.0,4328.0,4318.0,75.0,3241900.0,8618
2023-05-10 21:11:27,eg2311,eg2311,4319.0,0.0,0.0,0.0,3,4318.0,4319.0,2,4316.0,4328.0,4328.0,4318.0,75.0,3241900.0,8618
2023-05-10 21:11:27,eg2311,eg2311,4319.0,0.0,0.0,0.0,12,4317.0,4319.0,1,4316.0,4328.0,4328.0,4318.0,75.0,3241900.0,8618
2023-05-10 21:11:28,eg2311,eg2311,4319.0,0.0,0.0,0.0,12,4317.0,4318.0,1,4316.0,4328.0,4328.0,4318.0,75.0,3241900.0,8618
2023-05-10 21:11:29,eg2311,eg2311,4318.0,1.0,43180.0,1.0,9,4317.0,4320.0,13,4316.0,4328.0,4328.0,4318.0,76.0,3285080.0,8619
2023-05-10 21:11:29,eg2311,eg2311,4318.0,0.0,0.0,0.0,8,4317.0,4320.0,12,4316.0,4328.0,4328.0,4318.0,76.0,3285080.0,8619
2023-05-10 21:11:30,eg2311,eg2311,4318.0,0.0,0.0,0.0,9,4317.0,4320.0,12,4316.0,4328.0,4328.0,4318.0,76.0,3285080.0,8619
2023-05-10 21:11:31,eg2311,eg2311,4318.0,0.0,0.0,0.0,9,4317.0,4319.0,1,4316.0,4328.0,4328.0,4318.0,76.0,3285080.0,8619
2023-05-10 21:11:34,eg2311,eg2311,4318.0,0.0,0.0,0.0,9,4317.0,4319.0,3,4316.0,4328.0,4328.0,4318.0,76.0,3285080.0,8619
2023-05-10 21:11:35,eg2311,eg2311,4318.0,0.0,0.0,0.0,9,4317.0,4319.0,5,4316.0,4328.0,4328.0,4318.0,76.0,3285080.0,8619
2023-05-10 21:11:36,eg2311,eg2311,4318.0,0.0,0.0,0.0,3,4317.0,4318.0,1,4316.0,4328.0,4328.0,4318.0,76.0,3285080.0,8619
2023-05-10 21:11:37,eg2311,eg2311,4318.0,0.0,0.0,0.0,1,4317.0,4318.0,1,4316.0,4328.0,4328.0,4318.0,76.0,3285080.0,8619
2023-05-10 21:11:37,eg2311,eg2311,4317.0,1.0,43170.0,-1.0,7,4316.0,4318.0,4,4316.0,4328.0,4328.0,4317.0,77.0,3328250.0,8618
2023-05-10 21:11:38,eg2311,eg2311,4317.0,0.0,0.0,0.0,7,4316.0,4318.0,6,4316.0,4328.0,4328.0,4317.0,77.0,3328250.0,8618
2023-05-10 21:11:38,eg2311,eg2311,4317.0,0.0,0.0,0.0,6,4316.0,4318.0,9,4316.0,4328.0,4328.0,4317.0,77.0,3328250.0,8618
2023-05-10 21:11:39,eg2311,eg2311,4317.0,0.0,0.0,0.0,6,4316.0,4318.0,7,4316.0,4328.0,4328.0,4317.0,77.0,3328250.0,8618
2023-05-10 21:11:40,eg2311,eg2311,4317.0,0.0,0.0,0.0,2,4317.0,4319.0,11,4316.0,4328.0,4328.0,4317.0,77.0,3328250.0,8618
2023-05-10 21:11:40,eg2311,eg2311,4317.0,0.0,0.0,0.0,2,4317.0,4319.0,7,4316.0,4328.0,4328.0,4317.0,77.0,3328250.0,8618
2023-05-10 21:11:43,eg2311,eg2311,4317.0,1.0,43170.0,-1.0,9,4316.0,4318.0,2,4316.0,4328.0,4328.0,4317.0,78.0,3371420.0,8617
2023-05-10 21:11:44,eg2311,eg2311,4317.0,0.0,0.0,0.0,8,4316.0,4318.0,2,4316.0,4328.0,4328.0,4317.0,78.0,3371420.0,8617
2023-05-10 21:11:44,eg2311,eg2311,4317.0,0.0,0.0,0.0,9,4316.0,4318.0,2,4316.0,4328.0,4328.0,4317.0,78.0,3371420.0,8617
2023-05-10 21:11:45,eg2311,eg2311,4317.0,0.0,0.0,0.0,8,4316.0,4318.0,5,4316.0,4328.0,4328.0,4317.0,78.0,3371420.0,8617
2023-05-10 21:11:46,eg2311,eg2311,4317.0,0.0,0.0,0.0,8,4316.0,4318.0,6,4316.0,4328.0,4328.0,4317.0,78.0,3371420.0,8617
2023-05-10 21:11:46,eg2311,eg2311,4317.0,0.0,0.0,0.0,7,4316.0,4318.0,9,4316.0,4328.0,4328.0,4317.0,78.0,3371420.0,8617
2023-05-10 21:11:48,eg2311,eg2311,4317.0,0.0,0.0,0.0,11,4316.0,4318.0,7,4316.0,4328.0,4328.0,4317.0,78.0,3371420.0,8617
2023-05-10 21:11:49,eg2311,eg2311,4317.0,0.0,0.0,0.0,23,4316.0,4318.0,5,4316.0,4328.0,4328.0,4317.0,78.0,3371420.0,8617
2023-05-10 21:11:49,eg2311,eg2311,4317.0,0.0,0.0,0.0,22,4316.0,4318.0,5,4316.0,4328.0,4328.0,4317.0,78.0,3371420.0,8617
2023-05-10 21:11:50,eg2311,eg2311,4317.0,0.0,0.0,0.0,24,4316.0,4318.0,4,4316.0,4328.0,4328.0,4317.0,78.0,3371420.0,8617
2023-05-10 21:11:50,eg2311,eg2311,4317.0,0.0,0.0,0.0,25,4316.0,4318.0,2,4316.0,4328.0,4328.0,4317.0,78.0,3371420.0,8617
2023-05-10 21:11:51,eg2311,eg2311,4317.0,0.0,0.0,0.0,14,4316.0,4318.0,1,4316.0,4328.0,4328.0,4317.0,78.0,3371420.0,8617
2023-05-10 21:11:52,eg2311,eg2311,4317.0,0.0,0.0,0.0,11,4316.0,4318.0,3,4316.0,4328.0,4328.0,4317.0,78.0,3371420.0,8617
2023-05-10 21:11:52,eg2311,eg2311,4317.0,0.0,0.0,0.0,8,4316.0,4318.0,4,4316.0,4328.0,4328.0,4317.0,78.0,3371420.0,8617
2023-05-10 21:11:52,eg2311,eg2311,4317.0,0.0,0.0,0.0,8,4316.0,4318.0,5,4316.0,4328.0,4328.0,4317.0,78.0,3371420.0,8617
2023-05-10 21:11:53,eg2311,eg2311,4317.0,0.0,0.0,0.0,1,4317.0,4318.0,2,4316.0,4328.0,4328.0,4317.0,78.0,3371420.0,8617
2023-05-10 21:11:54,eg2311,eg2311,4317.0,0.0,0.0,0.0,1,4317.0,4318.0,1,4316.0,4328.0,4328.0,4317.0,78.0,3371420.0,8617
2023-05-10 21:11:54,eg2311,eg2311,4317.0,0.0,0.0,0.0,23,4316.0,4318.0,1,4316.0,4328.0,4328.0,4317.0,78.0,3371420.0,8617
2023-05-10 21:11:55,eg2311,eg2311,4317.0,0.0,0.0,0.0,6,4316.0,4318.0,8,4316.0,4328.0,4328.0,4317.0,78.0,3371420.0,8617
2023-05-10 21:11:55,eg2311,eg2311,4316.0,2.0,86320.0,-1.0,2,4316.0,4318.0,11,4316.0,4328.0,4328.0,4316.0,80.0,3457740.0,8616
2023-05-10 21:11:56,eg2311,eg2311,4316.0,0.0,0.0,0.0,1,4316.0,4318.0,12,4316.0,4328.0,4328.0,4316.0,80.0,3457740.0,8616
2023-05-10 21:11:56,eg2311,eg2311,4316.0,0.0,0.0,0.0,27,4315.0,4318.0,11,4316.0,4328.0,4328.0,4316.0,80.0,3457740.0,8616
2023-05-10 21:11:57,eg2311,eg2311,4316.0,0.0,0.0,0.0,28,4315.0,4318.0,9,4316.0,4328.0,4328.0,4316.0,80.0,3457740.0,8616
2023-05-10 21:12:09,eg2311,eg2311,4318.0,1.0,43180.0,-1.0,17,4316.0,4318.0,3,4316.0,4328.0,4328.0,4316.0,81.0,3500920.0,8615
2023-05-10 21:12:09,eg2311,eg2311,4318.0,4.0,172720.0,-2.0,1,4318.0,4319.0,3,4316.0,4328.0,4328.0,4316.0,85.0,3673640.0,8613
2023-05-10 21:12:10,eg2311,eg2311,4318.0,0.0,0.0,0.0,1,4318.0,4319.0,2,4316.0,4328.0,4328.0,4316.0,85.0,3673640.0,8613
2023-05-10 21:12:10,eg2311,eg2311,4318.0,0.0,0.0,0.0,1,4318.0,4319.0,4,4316.0,4328.0,4328.0,4316.0,85.0,3673640.0,8613
2023-05-10 21:12:11,eg2311,eg2311,4318.0,0.0,0.0,0.0,1,4318.0,4319.0,3,4316.0,4328.0,4328.0,4316.0,85.0,3673640.0,8613
2023-05-10 21:12:11,eg2311,eg2311,4319.0,2.0,86380.0,1.0,1,4318.0,4320.0,8,4316.0,4328.0,4328.0,4316.0,87.0,3760020.0,8614
2023-05-10 21:12:12,eg2311,eg2311,4319.0,0.0,0.0,0.0,1,4319.0,4320.0,7,4316.0,4328.0,4328.0,4316.0,87.0,3760020.0,8614
2023-05-10 21:12:12,eg2311,eg2311,4319.0,0.0,0.0,0.0,1,4319.0,4320.0,3,4316.0,4328.0,4328.0,4316.0,87.0,3760020.0,8614
2023-05-10 21:12:13,eg2311,eg2311,4319.0,1.0,43190.0,-1.0,1,4319.0,4320.0,4,4316.0,4328.0,4328.0,4316.0,88.0,3803210.0,8613
2023-05-10 21:12:13,eg2311,eg2311,4319.0,0.0,0.0,0.0,1,4318.0,4320.0,11,4316.0,4328.0,4328.0,4316.0,88.0,3803210.0,8613
2023-05-10 21:12:13,eg2311,eg2311,4319.0,0.0,0.0,0.0,1,4318.0,4320.0,12,4316.0,4328.0,4328.0,4316.0,88.0,3803210.0,8613
2023-05-10 21:12:15,eg2311,eg2311,4319.0,0.0,0.0,0.0,1,4318.0,4319.0,1,4316.0,4328.0,4328.0,4316.0,88.0,3803210.0,8613
2023-05-10 21:12:15,eg2311,eg2311,4319.0,0.0,0.0,0.0,1,4318.0,4319.0,2,4316.0,4328.0,4328.0,4316.0,88.0,3803210.0,8613
2023-05-10 21:12:17,eg2311,eg2311,4319.0,0.0,0.0,0.0,1,4318.0,4319.0,1,4316.0,4328.0,4328.0,4316.0,88.0,3803210.0,8613
2023-05-10 21:12:20,eg2311,eg2311,4319.0,0.0,0.0,0.0,1,4318.0,4319.0,2,4316.0,4328.0,4328.0,4316.0,88.0,3803210.0,8613
2023-05-10 21:12:24,eg2311,eg2311,4319.0,0.0,0.0,0.0,1,4318.0,4319.0,1,4316.0,4328.0,4328.0,4316.0,88.0,3803210.0,8613
2023-05-10 21:12:25,eg2311,eg2311,4319.0,0.0,0.0,0.0,1,4318.0,4320.0,13,4316.0,4328.0,4328.0,4316.0,88.0,3803210.0,8613
2023-05-10 21:12:25,eg2311,eg2311,4319.0,0.0,0.0,0.0,1,4318.0,4320.0,12,4316.0,4328.0,4328.0,4316.0,88.0,3803210.0,8613
2023-05-10 21:12:27,eg2311,eg2311,4318.0,1.0,43180.0,1.0,8,4317.0,4319.0,2,4316.0,4328.0,4328.0,4316.0,89.0,3846390.0,8614
2023-05-10 21:12:28,eg2311,eg2311,4318.0,0.0,0.0,0.0,11,4316.0,4319.0,8,4316.0,4328.0,4328.0,4316.0,89.0,3846390.0,8614
2023-05-10 21:12:28,eg2311,eg2311,4318.0,0.0,0.0,0.0,11,4316.0,4319.0,9,4316.0,4328.0,4328.0,4316.0,89.0,3846390.0,8614
2023-05-10 21:12:30,eg2311,eg2311,4318.0,0.0,0.0,0.0,11,4316.0,4319.0,12,4316.0,4328.0,4328.0,4316.0,89.0,3846390.0,8614
2023-05-10 21:12:36,eg2311,eg2311,4318.0,0.0,0.0,0.0,10,4316.0,4319.0,12,4316.0,4328.0,4328.0,4316.0,89.0,3846390.0,8614
2023-05-10 21:12:36,eg2311,eg2311,4318.0,0.0,0.0,0.0,8,4316.0,4319.0,12,4316.0,4328.0,4328.0,4316.0,89.0,3846390.0,8614
2023-05-10 21:12:38,eg2311,eg2311,4318.0,0.0,0.0,0.0,8,4316.0,4318.0,1,4316.0,4328.0,4328.0,4316.0,89.0,3846390.0,8614
2023-05-10 21:12:38,eg2311,eg2311,4318.0,0.0,0.0,0.0,9,4316.0,4318.0,1,4316.0,4328.0,4328.0,4316.0,89.0,3846390.0,8614
2023-05-10 21:12:43,eg2311,eg2311,4318.0,0.0,0.0,0.0,2,4316.0,4318.0,6,4316.0,4328.0,4328.0,4316.0,89.0,3846390.0,8614
2023-05-10 21:12:44,eg2311,eg2311,4318.0,0.0,0.0,0.0,1,4316.0,4318.0,9,4316.0,4328.0,4328.0,4316.0,89.0,3846390.0,8614
2023-05-10 21:12:45,eg2311,eg2311,4318.0,0.0,0.0,0.0,17,4315.0,4318.0,9,4316.0,4328.0,4328.0,4316.0,89.0,3846390.0,8614
2023-05-10 21:12:47,eg2311,eg2311,4318.0,0.0,0.0,0.0,15,4315.0,4318.0,8,4316.0,4328.0,4328.0,4316.0,89.0,3846390.0,8614
2023-05-10 21:12:47,eg2311,eg2311,4318.0,0.0,0.0,0.0,16,4315.0,4318.0,9,4316.0,4328.0,4328.0,4316.0,89.0,3846390.0,8614
2023-05-10 21:12:48,eg2311,eg2311,4318.0,0.0,0.0,0.0,17,4315.0,4317.0,4,4316.0,4328.0,4328.0,4316.0,89.0,3846390.0,8614
2023-05-10 21:12:48,eg2311,eg2311,4318.0,0.0,0.0,0.0,16,4315.0,4317.0,5,4316.0,4328.0,4328.0,4316.0,89.0,3846390.0,8614
2023-05-10 21:12:49,eg2311,eg2311,4318.0,0.0,0.0,0.0,17,4315.0,4317.0,5,4316.0,4328.0,4328.0,4316.0,89.0,3846390.0,8614
2023-05-10 21:12:51,eg2311,eg2311,4318.0,0.0,0.0,0.0,17,4315.0,4317.0,7,4316.0,4328.0,4328.0,4316.0,89.0,3846390.0,8614
2023-05-10 21:12:52,eg2311,eg2311,4318.0,0.0,0.0,0.0,17,4315.0,4317.0,6,4316.0,4328.0,4328.0,4316.0,89.0,3846390.0,8614
2023-05-10 21:12:52,eg2311,eg2311,4318.0,0.0,0.0,0.0,17,4315.0,4317.0,4,4316.0,4328.0,4328.0,4316.0,89.0,3846390.0,8614
2023-05-10 21:12:53,eg2311,eg2311,4318.0,0.0,0.0,0.0,17,4315.0,4317.0,2,4316.0,4328.0,4328.0,4316.0,89.0,3846390.0,8614
2023-05-10 21:12:53,eg2311,eg2311,4318.0,0.0,0.0,0.0,16,4315.0,4317.0,1,4316.0,4328.0,4328.0,4316.0,89.0,3846390.0,8614
2023-05-10 21:12:54,eg2311,eg2311,4318.0,0.0,0.0,0.0,17,4315.0,4318.0,13,4316.0,4328.0,4328.0,4316.0,89.0,3846390.0,8614
2023-05-10 21:12:54,eg2311,eg2311,4318.0,0.0,0.0,0.0,17,4315.0,4318.0,12,4316.0,4328.0,4328.0,4316.0,89.0,3846390.0,8614
2023-05-10 21:12:55,eg2311,eg2311,4318.0,0.0,0.0,0.0,9,4316.0,4318.0,7,4316.0,4328.0,4328.0,4316.0,89.0,3846390.0,8614
2023-05-10 21:12:56,eg2311,eg2311,4318.0,0.0,0.0,0.0,16,4316.0,4318.0,3,4316.0,4328.0,4328.0,4316.0,89.0,3846390.0,8614
2023-05-10 21:12:56,eg2311,eg2311,4318.0,0.0,0.0,0.0,16,4316.0,4318.0,1,4316.0,4328.0,4328.0,4316.0,89.0,3846390.0,8614
2023-05-10 21:12:57,eg2311,eg2311,4318.0,0.0,0.0,0.0,16,4316.0,4319.0,13,4316.0,4328.0,4328.0,4316.0,89.0,3846390.0,8614
2023-05-10 21:12:57,eg2311,eg2311,4318.0,0.0,0.0,0.0,6,4316.0,4318.0,7,4316.0,4328.0,4328.0,4316.0,89.0,3846390.0,8614
2023-05-10 21:12:58,eg2311,eg2311,4318.0,0.0,0.0,0.0,3,4316.0,4318.0,11,4316.0,4328.0,4328.0,4316.0,89.0,3846390.0,8614
2023-05-10 21:12:58,eg2311,eg2311,4318.0,0.0,0.0,0.0,1,4316.0,4318.0,12,4316.0,4328.0,4328.0,4316.0,89.0,3846390.0,8614
2023-05-10 21:12:59,eg2311,eg2311,4318.0,0.0,0.0,0.0,17,4315.0,4318.0,12,4316.0,4328.0,4328.0,4316.0,89.0,3846390.0,8614
2023-05-10 21:13:08,eg2311,eg2311,4318.0,0.0,0.0,0.0,17,4315.0,4318.0,9,4316.0,4328.0,4328.0,4316.0,89.0,3846390.0,8614
2023-05-10 21:13:11,eg2311,eg2311,4318.0,0.0,0.0,0.0,17,4315.0,4318.0,11,4316.0,4328.0,4328.0,4316.0,89.0,3846390.0,8614
2023-05-10 21:13:11,eg2311,eg2311,4318.0,0.0,0.0,0.0,17,4315.0,4318.0,12,4316.0,4328.0,4328.0,4316.0,89.0,3846390.0,8614
2023-05-10 21:13:26,eg2311,eg2311,4318.0,0.0,0.0,0.0,11,4315.0,4317.0,4,4316.0,4328.0,4328.0,4316.0,89.0,3846390.0,8614
2023-05-10 21:13:27,eg2311,eg2311,4318.0,0.0,0.0,0.0,8,4315.0,4317.0,7,4316.0,4328.0,4328.0,4316.0,89.0,3846390.0,8614
2023-05-10 21:13:27,eg2311,eg2311,4318.0,0.0,0.0,0.0,16,4315.0,4317.0,5,4316.0,4328.0,4328.0,4316.0,89.0,3846390.0,8614
2023-05-10 21:13:28,eg2311,eg2311,4318.0,0.0,0.0,0.0,16,4315.0,4317.0,3,4316.0,4328.0,4328.0,4316.0,89.0,3846390.0,8614
2023-05-10 21:13:28,eg2311,eg2311,4318.0,0.0,0.0,0.0,15,4315.0,4318.0,10,4316.0,4328.0,4328.0,4316.0,89.0,3846390.0,8614
2023-05-10 21:13:29,eg2311,eg2311,4318.0,0.0,0.0,0.0,16,4315.0,4318.0,9,4316.0,4328.0,4328.0,4316.0,89.0,3846390.0,8614
2023-05-10 21:13:29,eg2311,eg2311,4318.0,0.0,0.0,0.0,15,4315.0,4318.0,9,4316.0,4328.0,4328.0,4316.0,89.0,3846390.0,8614
2023-05-10 21:13:31,eg2311,eg2311,4318.0,0.0,0.0,0.0,1,4316.0,4318.0,9,4316.0,4328.0,4328.0,4316.0,89.0,3846390.0,8614
2023-05-10 21:13:32,eg2311,eg2311,4318.0,0.0,0.0,0.0,15,4315.0,4318.0,9,4316.0,4328.0,4328.0,4316.0,89.0,3846390.0,8614
2023-05-10 21:13:32,eg2311,eg2311,4318.0,0.0,0.0,0.0,16,4315.0,4318.0,12,4316.0,4328.0,4328.0,4316.0,89.0,3846390.0,8614
2023-05-10 21:13:36,eg2311,eg2311,4318.0,0.0,0.0,0.0,8,4315.0,4317.0,7,4316.0,4328.0,4328.0,4316.0,89.0,3846390.0,8614
2023-05-10 21:13:36,eg2311,eg2311,4318.0,0.0,0.0,0.0,5,4315.0,4317.0,12,4316.0,4328.0,4328.0,4316.0,89.0,3846390.0,8614
2023-05-10 21:13:36,eg2311,eg2311,4318.0,0.0,0.0,0.0,4,4315.0,4317.0,12,4316.0,4328.0,4328.0,4316.0,89.0,3846390.0,8614
2023-05-10 21:13:37,eg2311,eg2311,4318.0,0.0,0.0,0.0,1,4315.0,4317.0,12,4316.0,4328.0,4328.0,4316.0,89.0,3846390.0,8614
