time,symbol_id,symbol_name,last,trade_volume,trade_amount,open_interest_change,bv1,bp1,ap1,av1,yesterday_close,today_open,today_high,today_low,volume,amount,open_interest
2023-05-10 20:57:11,eg2403,eg2403,4369.0,0.0,0.0,0.0,1,4212.0,0.0,0,4369.0,4370.0,0.0,0.0,0.0,0.0,623
2023-05-10 21:00:01,eg2403,eg2403,4369.0,0.0,0.0,0.0,1,4213.0,0.0,0,4369.0,4370.0,0.0,0.0,0.0,0.0,623
2023-05-10 21:00:02,eg2403,eg2403,4369.0,0.0,0.0,0.0,1,4213.0,4385.0,1,4369.0,4370.0,0.0,0.0,0.0,0.0,623
2023-05-10 21:00:03,eg2403,eg2403,4369.0,0.0,0.0,0.0,1,4286.0,4386.0,1,4369.0,4370.0,0.0,0.0,0.0,0.0,623
2023-05-10 21:00:03,eg2403,eg2403,4369.0,0.0,0.0,0.0,1,4360.0,4384.0,1,4369.0,4370.0,0.0,0.0,0.0,0.0,623
2023-05-10 21:00:04,eg2403,eg2403,4369.0,0.0,0.0,0.0,1,4360.0,4383.0,1,4369.0,4370.0,0.0,0.0,0.0,0.0,623
2023-05-10 21:00:04,eg2403,eg2403,4369.0,0.0,0.0,0.0,1,4361.0,4383.0,1,4369.0,4370.0,0.0,0.0,0.0,0.0,623
2023-05-10 21:00:14,eg2403,eg2403,4369.0,0.0,0.0,0.0,1,4361.0,4382.0,1,4369.0,4370.0,0.0,0.0,0.0,0.0,623
2023-05-10 21:00:15,eg2403,eg2403,4369.0,0.0,0.0,0.0,1,4361.0,4382.0,2,4369.0,4370.0,0.0,0.0,0.0,0.0,623
2023-05-10 21:00:16,eg2403,eg2403,4369.0,0.0,0.0,0.0,1,4361.0,4382.0,3,4369.0,4370.0,0.0,0.0,0.0,0.0,623
2023-05-10 21:00:16,eg2403,eg2403,4369.0,0.0,0.0,0.0,2,4361.0,4382.0,3,4369.0,4370.0,0.0,0.0,0.0,0.0,623
2023-05-10 21:00:17,eg2403,eg2403,4369.0,0.0,0.0,0.0,2,4361.0,4382.0,5,4369.0,4370.0,0.0,0.0,0.0,0.0,623
2023-05-10 21:00:18,eg2403,eg2403,4369.0,0.0,0.0,0.0,2,4361.0,4382.0,4,4369.0,4370.0,0.0,0.0,0.0,0.0,623
2023-05-10 21:00:18,eg2403,eg2403,4369.0,0.0,0.0,0.0,2,4361.0,4382.0,3,4369.0,4370.0,0.0,0.0,0.0,0.0,623
2023-05-10 21:00:19,eg2403,eg2403,4369.0,0.0,0.0,0.0,1,4361.0,4382.0,3,4369.0,4370.0,0.0,0.0,0.0,0.0,623
2023-05-10 21:00:20,eg2403,eg2403,4369.0,0.0,0.0,0.0,1,4363.0,4382.0,2,4369.0,4370.0,0.0,0.0,0.0,0.0,623
2023-05-10 21:00:23,eg2403,eg2403,4369.0,0.0,0.0,0.0,1,4353.0,4382.0,2,4369.0,4370.0,0.0,0.0,0.0,0.0,623
2023-05-10 21:00:24,eg2403,eg2403,4369.0,0.0,0.0,0.0,1,4361.0,4390.0,1,4369.0,4370.0,0.0,0.0,0.0,0.0,623
2023-05-10 21:00:25,eg2403,eg2403,4369.0,0.0,0.0,0.0,1,4361.0,4387.0,1,4369.0,4370.0,0.0,0.0,0.0,0.0,623
2023-05-10 21:00:26,eg2403,eg2403,4369.0,0.0,0.0,0.0,1,4361.0,4387.0,3,4369.0,4370.0,0.0,0.0,0.0,0.0,623
2023-05-10 21:00:27,eg2403,eg2403,4369.0,0.0,0.0,0.0,1,4361.0,4387.0,4,4369.0,4370.0,0.0,0.0,0.0,0.0,623
2023-05-10 21:00:29,eg2403,eg2403,4369.0,0.0,0.0,0.0,1,4361.0,4387.0,1,4369.0,4370.0,0.0,0.0,0.0,0.0,623
2023-05-10 21:00:31,eg2403,eg2403,4369.0,0.0,0.0,0.0,1,4361.0,4386.0,1,4369.0,4370.0,0.0,0.0,0.0,0.0,623
2023-05-10 21:00:43,eg2403,eg2403,4369.0,0.0,0.0,0.0,1,4363.0,4386.0,1,4369.0,4370.0,0.0,0.0,0.0,0.0,623
2023-05-10 21:00:44,eg2403,eg2403,4369.0,0.0,0.0,0.0,1,4369.0,4386.0,1,4369.0,4370.0,0.0,0.0,0.0,0.0,623
2023-05-10 21:00:44,eg2403,eg2403,4369.0,0.0,0.0,0.0,1,4353.0,4386.0,1,4369.0,4370.0,0.0,0.0,0.0,0.0,623
2023-05-10 21:00:45,eg2403,eg2403,4369.0,0.0,0.0,0.0,1,4367.0,4386.0,1,4369.0,4370.0,0.0,0.0,0.0,0.0,623
2023-05-10 21:00:45,eg2403,eg2403,4369.0,0.0,0.0,0.0,1,4359.0,4386.0,1,4369.0,4370.0,0.0,0.0,0.0,0.0,623
2023-05-10 21:00:46,eg2403,eg2403,4369.0,0.0,0.0,0.0,1,4366.0,4386.0,1,4369.0,4370.0,0.0,0.0,0.0,0.0,623
2023-05-10 21:00:49,eg2403,eg2403,4369.0,0.0,0.0,0.0,1,4359.0,4386.0,1,4369.0,4370.0,0.0,0.0,0.0,0.0,623
2023-05-10 21:00:50,eg2403,eg2403,4369.0,0.0,0.0,0.0,1,4365.0,4386.0,1,4369.0,4370.0,0.0,0.0,0.0,0.0,623
2023-05-10 21:00:52,eg2403,eg2403,4369.0,0.0,0.0,0.0,1,4366.0,4386.0,1,4369.0,4370.0,0.0,0.0,0.0,0.0,623
2023-05-10 21:00:52,eg2403,eg2403,4369.0,0.0,0.0,0.0,2,4366.0,4386.0,1,4369.0,4370.0,0.0,0.0,0.0,0.0,623
2023-05-10 21:00:55,eg2403,eg2403,4369.0,0.0,0.0,0.0,1,4366.0,4386.0,1,4369.0,4370.0,0.0,0.0,0.0,0.0,623
2023-05-10 21:01:00,eg2403,eg2403,4369.0,0.0,0.0,0.0,1,4366.0,4385.0,2,4369.0,4370.0,0.0,0.0,0.0,0.0,623
2023-05-10 21:01:06,eg2403,eg2403,4369.0,0.0,0.0,0.0,1,4366.0,4385.0,6,4369.0,4370.0,0.0,0.0,0.0,0.0,623
2023-05-10 21:01:08,eg2403,eg2403,4369.0,0.0,0.0,0.0,1,4366.0,4385.0,3,4369.0,4370.0,0.0,0.0,0.0,0.0,623
2023-05-10 21:01:09,eg2403,eg2403,4369.0,0.0,0.0,0.0,1,4366.0,4384.0,3,4369.0,4370.0,0.0,0.0,0.0,0.0,623
2023-05-10 21:01:09,eg2403,eg2403,4369.0,0.0,0.0,0.0,1,4366.0,4382.0,1,4369.0,4370.0,0.0,0.0,0.0,0.0,623
2023-05-10 21:01:12,eg2403,eg2403,4369.0,0.0,0.0,0.0,1,4366.0,4382.0,4,4369.0,4370.0,0.0,0.0,0.0,0.0,623
2023-05-10 21:01:32,eg2403,eg2403,4369.0,0.0,0.0,0.0,1,4353.0,4380.0,1,4369.0,4370.0,0.0,0.0,0.0,0.0,623
2023-05-10 21:01:32,eg2403,eg2403,4369.0,0.0,0.0,0.0,1,4357.0,4380.0,1,4369.0,4370.0,0.0,0.0,0.0,0.0,623
2023-05-10 21:02:08,eg2403,eg2403,4369.0,0.0,0.0,0.0,1,4353.0,4380.0,2,4369.0,4370.0,0.0,0.0,0.0,0.0,623
2023-05-10 21:02:09,eg2403,eg2403,4369.0,0.0,0.0,0.0,1,4356.0,4380.0,2,4369.0,4370.0,0.0,0.0,0.0,0.0,623
2023-05-10 21:02:10,eg2403,eg2403,4369.0,0.0,0.0,0.0,1,4354.0,4379.0,3,4369.0,4370.0,0.0,0.0,0.0,0.0,623
2023-05-10 21:02:11,eg2403,eg2403,4369.0,0.0,0.0,0.0,2,4354.0,4378.0,1,4369.0,4370.0,0.0,0.0,0.0,0.0,623
2023-05-10 21:02:14,eg2403,eg2403,4369.0,0.0,0.0,0.0,2,4354.0,4377.0,3,4369.0,4370.0,0.0,0.0,0.0,0.0,623
2023-05-10 21:02:20,eg2403,eg2403,4369.0,0.0,0.0,0.0,2,4354.0,4394.0,1,4369.0,4370.0,0.0,0.0,0.0,0.0,623
2023-05-10 21:02:20,eg2403,eg2403,4369.0,0.0,0.0,0.0,2,4354.0,4379.0,1,4369.0,4370.0,0.0,0.0,0.0,0.0,623
2023-05-10 21:02:24,eg2403,eg2403,4369.0,0.0,0.0,0.0,2,4354.0,4378.0,2,4369.0,4370.0,0.0,0.0,0.0,0.0,623
2023-05-10 21:02:25,eg2403,eg2403,4369.0,0.0,0.0,0.0,2,4354.0,4378.0,5,4369.0,4370.0,0.0,0.0,0.0,0.0,623
2023-05-10 21:02:28,eg2403,eg2403,4369.0,0.0,0.0,0.0,2,4354.0,4378.0,6,4369.0,4370.0,0.0,0.0,0.0,0.0,623
2023-05-10 21:02:41,eg2403,eg2403,4369.0,0.0,0.0,0.0,2,4354.0,4378.0,5,4369.0,4370.0,0.0,0.0,0.0,0.0,623
2023-05-10 21:02:41,eg2403,eg2403,4369.0,0.0,0.0,0.0,2,4354.0,4378.0,2,4369.0,4370.0,0.0,0.0,0.0,0.0,623
2023-05-10 21:02:50,eg2403,eg2403,4369.0,0.0,0.0,0.0,2,4354.0,4376.0,1,4369.0,4370.0,0.0,0.0,0.0,0.0,623
2023-05-10 21:03:50,eg2403,eg2403,4369.0,0.0,0.0,0.0,2,4355.0,4376.0,1,4369.0,4370.0,0.0,0.0,0.0,0.0,623
2023-05-10 21:03:50,eg2403,eg2403,4369.0,0.0,0.0,0.0,1,4357.0,4376.0,1,4369.0,4370.0,0.0,0.0,0.0,0.0,623
2023-05-10 21:04:30,eg2403,eg2403,4369.0,0.0,0.0,0.0,1,4353.0,4376.0,1,4369.0,4370.0,0.0,0.0,0.0,0.0,623
2023-05-10 21:04:31,eg2403,eg2403,4369.0,0.0,0.0,0.0,1,4356.0,4376.0,1,4369.0,4370.0,0.0,0.0,0.0,0.0,623
2023-05-10 21:04:33,eg2403,eg2403,4369.0,0.0,0.0,0.0,1,4356.0,4375.0,2,4369.0,4370.0,0.0,0.0,0.0,0.0,623
2023-05-10 21:04:34,eg2403,eg2403,4369.0,0.0,0.0,0.0,1,4357.0,4375.0,2,4369.0,4370.0,0.0,0.0,0.0,0.0,623
2023-05-10 21:05:00,eg2403,eg2403,4369.0,0.0,0.0,0.0,2,4357.0,4375.0,2,4369.0,4370.0,0.0,0.0,0.0,0.0,623
2023-05-10 21:05:11,eg2403,eg2403,4369.0,0.0,0.0,0.0,1,4357.0,4375.0,2,4369.0,4370.0,0.0,0.0,0.0,0.0,623
2023-05-10 21:06:07,eg2403,eg2403,4369.0,0.0,0.0,0.0,2,4357.0,4375.0,2,4369.0,4370.0,0.0,0.0,0.0,0.0,623
2023-05-10 21:06:32,eg2403,eg2403,4369.0,0.0,0.0,0.0,1,4357.0,4375.0,2,4369.0,4370.0,0.0,0.0,0.0,0.0,623
2023-05-10 21:06:49,eg2403,eg2403,4369.0,0.0,0.0,0.0,2,4357.0,4375.0,2,4369.0,4370.0,0.0,0.0,0.0,0.0,623
2023-05-10 21:06:58,eg2403,eg2403,4369.0,0.0,0.0,0.0,1,4357.0,4375.0,2,4369.0,4370.0,0.0,0.0,0.0,0.0,623
2023-05-10 21:07:07,eg2403,eg2403,4369.0,0.0,0.0,0.0,1,4357.0,4374.0,1,4369.0,4370.0,0.0,0.0,0.0,0.0,623
2023-05-10 21:07:12,eg2403,eg2403,4369.0,0.0,0.0,0.0,2,4357.0,4374.0,1,4369.0,4370.0,0.0,0.0,0.0,0.0,623
2023-05-10 21:07:26,eg2403,eg2403,4369.0,0.0,0.0,0.0,2,4358.0,4374.0,1,4369.0,4370.0,0.0,0.0,0.0,0.0,623
2023-05-10 21:07:26,eg2403,eg2403,4369.0,0.0,0.0,0.0,3,4358.0,4374.0,1,4369.0,4370.0,0.0,0.0,0.0,0.0,623
2023-05-10 21:07:47,eg2403,eg2403,4369.0,0.0,0.0,0.0,2,4358.0,4374.0,1,4369.0,4370.0,0.0,0.0,0.0,0.0,623
2023-05-10 21:08:05,eg2403,eg2403,4369.0,0.0,0.0,0.0,1,4353.0,4374.0,1,4369.0,4370.0,0.0,0.0,0.0,0.0,623
2023-05-10 21:08:05,eg2403,eg2403,4369.0,0.0,0.0,0.0,1,4356.0,4374.0,1,4369.0,4370.0,0.0,0.0,0.0,0.0,623
2023-05-10 21:08:07,eg2403,eg2403,4369.0,0.0,0.0,0.0,2,4356.0,4374.0,1,4369.0,4370.0,0.0,0.0,0.0,0.0,623
2023-05-10 21:08:10,eg2403,eg2403,4369.0,0.0,0.0,0.0,1,4357.0,4373.0,2,4369.0,4370.0,0.0,0.0,0.0,0.0,623
2023-05-10 21:08:42,eg2403,eg2403,4369.0,0.0,0.0,0.0,2,4357.0,4373.0,2,4369.0,4370.0,0.0,0.0,0.0,0.0,623
2023-05-10 21:08:47,eg2403,eg2403,4369.0,0.0,0.0,0.0,1,4357.0,4373.0,2,4369.0,4370.0,0.0,0.0,0.0,0.0,623
2023-05-10 21:09:13,eg2403,eg2403,4369.0,0.0,0.0,0.0,1,4357.0,4372.0,1,4369.0,4370.0,0.0,0.0,0.0,0.0,623
2023-05-10 21:09:51,eg2403,eg2403,4369.0,0.0,0.0,0.0,2,4357.0,4372.0,1,4369.0,4370.0,0.0,0.0,0.0,0.0,623
2023-05-10 21:09:51,eg2403,eg2403,4369.0,0.0,0.0,0.0,1,4357.0,4372.0,1,4369.0,4370.0,0.0,0.0,0.0,0.0,623
2023-05-10 21:09:52,eg2403,eg2403,4369.0,0.0,0.0,0.0,2,4357.0,4372.0,1,4369.0,4370.0,0.0,0.0,0.0,0.0,623
2023-05-10 21:09:56,eg2403,eg2403,4369.0,0.0,0.0,0.0,1,4357.0,4372.0,1,4369.0,4370.0,0.0,0.0,0.0,0.0,623
2023-05-10 21:09:57,eg2403,eg2403,4369.0,0.0,0.0,0.0,2,4357.0,4372.0,1,4369.0,4370.0,0.0,0.0,0.0,0.0,623
2023-05-10 21:09:58,eg2403,eg2403,4369.0,0.0,0.0,0.0,1,4357.0,4372.0,1,4369.0,4370.0,0.0,0.0,0.0,0.0,623
2023-05-10 21:10:09,eg2403,eg2403,4369.0,0.0,0.0,0.0,1,4359.0,4372.0,1,4369.0,4370.0,0.0,0.0,0.0,0.0,623
2023-05-10 21:10:11,eg2403,eg2403,4369.0,0.0,0.0,0.0,1,4356.0,4372.0,1,4369.0,4370.0,0.0,0.0,0.0,0.0,623
2023-05-10 21:10:11,eg2403,eg2403,4369.0,0.0,0.0,0.0,1,4357.0,4372.0,1,4369.0,4370.0,0.0,0.0,0.0,0.0,623
2023-05-10 21:10:20,eg2403,eg2403,4369.0,0.0,0.0,0.0,2,4358.0,4372.0,1,4369.0,4370.0,0.0,0.0,0.0,0.0,623
2023-05-10 21:10:20,eg2403,eg2403,4369.0,0.0,0.0,0.0,3,4358.0,4372.0,1,4369.0,4370.0,0.0,0.0,0.0,0.0,623
2023-05-10 21:11:09,eg2403,eg2403,4369.0,0.0,0.0,0.0,1,4359.0,4372.0,1,4369.0,4370.0,0.0,0.0,0.0,0.0,623
2023-05-10 21:11:09,eg2403,eg2403,4369.0,0.0,0.0,0.0,2,4359.0,4372.0,1,4369.0,4370.0,0.0,0.0,0.0,0.0,623
2023-05-10 21:11:12,eg2403,eg2403,4369.0,0.0,0.0,0.0,1,4359.0,4372.0,1,4369.0,4370.0,0.0,0.0,0.0,0.0,623
2023-05-10 21:11:45,eg2403,eg2403,4369.0,0.0,0.0,0.0,1,4359.0,4371.0,2,4369.0,4370.0,0.0,0.0,0.0,0.0,623
2023-05-10 21:11:46,eg2403,eg2403,4369.0,0.0,0.0,0.0,1,4359.0,4394.0,1,4369.0,4370.0,0.0,0.0,0.0,0.0,623
2023-05-10 21:11:47,eg2403,eg2403,4369.0,0.0,0.0,0.0,1,4359.0,4376.0,1,4369.0,4370.0,0.0,0.0,0.0,0.0,623
2023-05-10 21:11:48,eg2403,eg2403,4369.0,0.0,0.0,0.0,1,4359.0,4376.0,2,4369.0,4370.0,0.0,0.0,0.0,0.0,623
2023-05-10 21:11:49,eg2403,eg2403,4369.0,0.0,0.0,0.0,1,4359.0,4376.0,5,4369.0,4370.0,0.0,0.0,0.0,0.0,623
2023-05-10 21:11:49,eg2403,eg2403,4369.0,0.0,0.0,0.0,1,4359.0,4376.0,4,4369.0,4370.0,0.0,0.0,0.0,0.0,623
2023-05-10 21:11:51,eg2403,eg2403,4369.0,0.0,0.0,0.0,1,4359.0,4376.0,1,4369.0,4370.0,0.0,0.0,0.0,0.0,623
2023-05-10 21:11:52,eg2403,eg2403,4369.0,0.0,0.0,0.0,1,4359.0,4376.0,5,4369.0,4370.0,0.0,0.0,0.0,0.0,623
2023-05-10 21:12:09,eg2403,eg2403,4369.0,0.0,0.0,0.0,1,4359.0,4376.0,4,4369.0,4370.0,0.0,0.0,0.0,0.0,623
2023-05-10 21:12:11,eg2403,eg2403,4369.0,0.0,0.0,0.0,1,4359.0,4376.0,1,4369.0,4370.0,0.0,0.0,0.0,0.0,623
2023-05-10 21:12:28,eg2403,eg2403,4369.0,0.0,0.0,0.0,1,4359.0,4376.0,2,4369.0,4370.0,0.0,0.0,0.0,0.0,623
2023-05-10 21:12:28,eg2403,eg2403,4369.0,0.0,0.0,0.0,1,4359.0,4375.0,2,4369.0,4370.0,0.0,0.0,0.0,0.0,623
2023-05-10 21:12:44,eg2403,eg2403,4369.0,0.0,0.0,0.0,1,4359.0,4375.0,3,4369.0,4370.0,0.0,0.0,0.0,0.0,623
2023-05-10 21:12:44,eg2403,eg2403,4369.0,0.0,0.0,0.0,1,4359.0,4375.0,6,4369.0,4370.0,0.0,0.0,0.0,0.0,623
2023-05-10 21:12:51,eg2403,eg2403,4369.0,0.0,0.0,0.0,1,4359.0,4373.0,1,4369.0,4370.0,0.0,0.0,0.0,0.0,623
2023-05-10 21:13:11,eg2403,eg2403,4369.0,0.0,0.0,0.0,1,4359.0,4371.0,1,4369.0,4370.0,0.0,0.0,0.0,0.0,623
2023-05-10 21:13:11,eg2403,eg2403,4369.0,0.0,0.0,0.0,1,4359.0,4375.0,2,4369.0,4370.0,0.0,0.0,0.0,0.0,623
2023-05-10 21:13:12,eg2403,eg2403,4369.0,0.0,0.0,0.0,1,4359.0,4374.0,1,4369.0,4370.0,0.0,0.0,0.0,0.0,623
2023-05-10 21:13:17,eg2403,eg2403,4369.0,0.0,0.0,0.0,1,4359.0,4374.0,4,4369.0,4370.0,0.0,0.0,0.0,0.0,623
2023-05-10 21:13:26,eg2403,eg2403,4369.0,0.0,0.0,0.0,1,4352.0,4372.0,1,4369.0,4370.0,0.0,0.0,0.0,0.0,623
2023-05-10 21:13:40,eg2403,eg2403,4369.0,0.0,0.0,0.0,1,4352.0,4372.0,2,4369.0,4370.0,0.0,0.0,0.0,0.0,623
2023-05-10 21:13:40,eg2403,eg2403,4369.0,0.0,0.0,0.0,1,4352.0,4372.0,5,4369.0,4370.0,0.0,0.0,0.0,0.0,623
2023-05-10 21:13:48,eg2403,eg2403,4369.0,0.0,0.0,0.0,1,4352.0,4372.0,2,4369.0,4370.0,0.0,0.0,0.0,0.0,623
2023-05-10 21:13:48,eg2403,eg2403,4369.0,0.0,0.0,0.0,1,4352.0,4372.0,5,4369.0,4370.0,0.0,0.0,0.0,0.0,623
2023-05-10 21:13:53,eg2403,eg2403,4369.0,0.0,0.0,0.0,1,4352.0,4371.0,2,4369.0,4370.0,0.0,0.0,0.0,0.0,623
2023-05-10 21:13:54,eg2403,eg2403,4369.0,0.0,0.0,0.0,1,4353.0,4371.0,2,4369.0,4370.0,0.0,0.0,0.0,0.0,623
2023-05-10 21:13:55,eg2403,eg2403,4369.0,0.0,0.0,0.0,1,4353.0,4371.0,3,4369.0,4370.0,0.0,0.0,0.0,0.0,623
2023-05-10 21:13:55,eg2403,eg2403,4369.0,0.0,0.0,0.0,1,4353.0,4371.0,5,4369.0,4370.0,0.0,0.0,0.0,0.0,623
2023-05-10 21:13:55,eg2403,eg2403,4369.0,0.0,0.0,0.0,1,4353.0,4371.0,6,4369.0,4370.0,0.0,0.0,0.0,0.0,623
2023-05-10 21:13:58,eg2403,eg2403,4369.0,0.0,0.0,0.0,1,4353.0,4371.0,3,4369.0,4370.0,0.0,0.0,0.0,0.0,623
2023-05-10 21:13:59,eg2403,eg2403,4369.0,0.0,0.0,0.0,1,4353.0,4370.0,3,4369.0,4370.0,0.0,0.0,0.0,0.0,623
2023-05-10 21:14:01,eg2403,eg2403,4369.0,0.0,0.0,0.0,1,4353.0,4371.0,2,4369.0,4370.0,0.0,0.0,0.0,0.0,623
2023-05-10 21:14:02,eg2403,eg2403,4369.0,0.0,0.0,0.0,1,4353.0,4371.0,6,4369.0,4370.0,0.0,0.0,0.0,0.0,623
2023-05-10 21:14:04,eg2403,eg2403,4369.0,0.0,0.0,0.0,1,4353.0,4371.0,3,4369.0,4370.0,0.0,0.0,0.0,0.0,623
2023-05-10 21:14:05,eg2403,eg2403,4369.0,0.0,0.0,0.0,1,4353.0,4370.0,3,4369.0,4370.0,0.0,0.0,0.0,0.0,623
2023-05-10 21:14:05,eg2403,eg2403,4369.0,0.0,0.0,0.0,1,4353.0,4370.0,4,4369.0,4370.0,0.0,0.0,0.0,0.0,623
2023-05-10 21:14:09,eg2403,eg2403,4369.0,0.0,0.0,0.0,1,4353.0,4371.0,2,4369.0,4370.0,0.0,0.0,0.0,0.0,623
2023-05-10 21:14:10,eg2403,eg2403,4369.0,0.0,0.0,0.0,1,4353.0,4371.0,6,4369.0,4370.0,0.0,0.0,0.0,0.0,623
2023-05-10 21:14:17,eg2403,eg2403,4369.0,0.0,0.0,0.0,1,4353.0,4371.0,2,4369.0,4370.0,0.0,0.0,0.0,0.0,623
2023-05-10 21:14:21,eg2403,eg2403,4369.0,0.0,0.0,0.0,1,4353.0,4370.0,1,4369.0,4370.0,0.0,0.0,0.0,0.0,623
2023-05-10 21:15:21,eg2403,eg2403,4369.0,0.0,0.0,0.0,1,4353.0,4369.0,2,4369.0,4370.0,0.0,0.0,0.0,0.0,623
2023-05-10 21:16:10,eg2403,eg2403,4369.0,0.0,0.0,0.0,1,4353.0,4369.0,3,4369.0,4370.0,0.0,0.0,0.0,0.0,623
2023-05-10 21:16:11,eg2403,eg2403,4369.0,0.0,0.0,0.0,1,4353.0,4369.0,6,4369.0,4370.0,0.0,0.0,0.0,0.0,623
2023-05-10 21:16:12,eg2403,eg2403,4369.0,0.0,0.0,0.0,1,4353.0,4369.0,5,4369.0,4370.0,0.0,0.0,0.0,0.0,623
2023-05-10 21:16:13,eg2403,eg2403,4369.0,0.0,0.0,0.0,1,4353.0,4369.0,2,4369.0,4370.0,0.0,0.0,0.0,0.0,623
2023-05-10 21:16:21,eg2403,eg2403,4369.0,0.0,0.0,0.0,1,4353.0,4369.0,6,4369.0,4370.0,0.0,0.0,0.0,0.0,623
2023-05-10 21:16:24,eg2403,eg2403,4369.0,0.0,0.0,0.0,1,4353.0,4367.0,1,4369.0,4370.0,0.0,0.0,0.0,0.0,623
2023-05-10 21:17:32,eg2403,eg2403,4369.0,0.0,0.0,0.0,1,4353.0,4366.0,2,4369.0,4370.0,0.0,0.0,0.0,0.0,623
2023-05-10 21:17:33,eg2403,eg2403,4369.0,0.0,0.0,0.0,1,4353.0,4376.0,1,4369.0,4370.0,0.0,0.0,0.0,0.0,623
2023-05-10 21:17:34,eg2403,eg2403,4369.0,0.0,0.0,0.0,1,4353.0,4368.0,2,4369.0,4370.0,0.0,0.0,0.0,0.0,623
2023-05-10 21:17:35,eg2403,eg2403,4369.0,0.0,0.0,0.0,1,4353.0,4368.0,3,4369.0,4370.0,0.0,0.0,0.0,0.0,623
2023-05-10 21:17:40,eg2403,eg2403,4369.0,0.0,0.0,0.0,1,4353.0,4368.0,5,4369.0,4370.0,0.0,0.0,0.0,0.0,623
2023-05-10 21:17:43,eg2403,eg2403,4369.0,0.0,0.0,0.0,1,4353.0,4368.0,1,4369.0,4370.0,0.0,0.0,0.0,0.0,623
2023-05-10 21:17:53,eg2403,eg2403,4369.0,0.0,0.0,0.0,1,4353.0,4368.0,2,4369.0,4370.0,0.0,0.0,0.0,0.0,623
2023-05-10 21:17:55,eg2403,eg2403,4369.0,0.0,0.0,0.0,1,4353.0,4368.0,5,4369.0,4370.0,0.0,0.0,0.0,0.0,623
2023-05-10 21:17:57,eg2403,eg2403,4369.0,0.0,0.0,0.0,1,4353.0,4368.0,4,4369.0,4370.0,0.0,0.0,0.0,0.0,623
2023-05-10 21:17:59,eg2403,eg2403,4369.0,0.0,0.0,0.0,1,4353.0,4368.0,1,4369.0,4370.0,0.0,0.0,0.0,0.0,623
2023-05-10 21:18:02,eg2403,eg2403,4369.0,0.0,0.0,0.0,1,4353.0,4368.0,5,4369.0,4370.0,0.0,0.0,0.0,0.0,623
2023-05-10 21:18:03,eg2403,eg2403,4369.0,0.0,0.0,0.0,1,4353.0,4368.0,4,4369.0,4370.0,0.0,0.0,0.0,0.0,623
2023-05-10 21:18:09,eg2403,eg2403,4369.0,0.0,0.0,0.0,1,4353.0,4368.0,1,4369.0,4370.0,0.0,0.0,0.0,0.0,623
2023-05-10 21:18:15,eg2403,eg2403,4369.0,0.0,0.0,0.0,1,4353.0,4367.0,2,4369.0,4370.0,0.0,0.0,0.0,0.0,623
2023-05-10 21:18:32,eg2403,eg2403,4369.0,0.0,0.0,0.0,1,4353.0,4366.0,1,4369.0,4370.0,0.0,0.0,0.0,0.0,623
2023-05-10 21:19:41,eg2403,eg2403,4369.0,0.0,0.0,0.0,1,4353.0,4365.0,2,4369.0,4370.0,0.0,0.0,0.0,0.0,623
2023-05-10 21:19:42,eg2403,eg2403,4369.0,0.0,0.0,0.0,1,4353.0,4368.0,1,4369.0,4370.0,0.0,0.0,0.0,0.0,623
2023-05-10 21:20:23,eg2403,eg2403,4369.0,0.0,0.0,0.0,1,4353.0,4367.0,2,4369.0,4370.0,0.0,0.0,0.0,0.0,623
2023-05-10 21:20:41,eg2403,eg2403,4369.0,0.0,0.0,0.0,1,4353.0,4366.0,1,4369.0,4370.0,0.0,0.0,0.0,0.0,623
2023-05-10 21:21:46,eg2403,eg2403,4369.0,0.0,0.0,0.0,2,4354.0,4366.0,1,4369.0,4370.0,0.0,0.0,0.0,0.0,623
2023-05-10 21:21:47,eg2403,eg2403,4369.0,0.0,0.0,0.0,1,4348.0,4366.0,1,4369.0,4370.0,0.0,0.0,0.0,0.0,623
2023-05-10 21:21:48,eg2403,eg2403,4369.0,0.0,0.0,0.0,1,4350.0,4366.0,1,4369.0,4370.0,0.0,0.0,0.0,0.0,623
2023-05-10 21:21:49,eg2403,eg2403,4369.0,0.0,0.0,0.0,2,4350.0,4366.0,1,4369.0,4370.0,0.0,0.0,0.0,0.0,623
2023-05-10 21:21:51,eg2403,eg2403,4369.0,0.0,0.0,0.0,1,4350.0,4366.0,1,4369.0,4370.0,0.0,0.0,0.0,0.0,623
2023-05-10 21:21:52,eg2403,eg2403,4369.0,0.0,0.0,0.0,2,4350.0,4366.0,1,4369.0,4370.0,0.0,0.0,0.0,0.0,623
2023-05-10 21:22:12,eg2403,eg2403,4369.0,0.0,0.0,0.0,1,4350.0,4366.0,1,4369.0,4370.0,0.0,0.0,0.0,0.0,623
2023-05-10 21:22:28,eg2403,eg2403,4369.0,0.0,0.0,0.0,2,4351.0,4366.0,1,4369.0,4370.0,0.0,0.0,0.0,0.0,623
2023-05-10 21:22:40,eg2403,eg2403,4369.0,0.0,0.0,0.0,3,4351.0,4366.0,1,4369.0,4370.0,0.0,0.0,0.0,0.0,623
2023-05-10 21:22:43,eg2403,eg2403,4369.0,0.0,0.0,0.0,2,4351.0,4366.0,1,4369.0,4370.0,0.0,0.0,0.0,0.0,623
2023-05-10 21:22:44,eg2403,eg2403,4369.0,0.0,0.0,0.0,3,4351.0,4366.0,1,4369.0,4370.0,0.0,0.0,0.0,0.0,623
2023-05-10 21:22:45,eg2403,eg2403,4369.0,0.0,0.0,0.0,2,4351.0,4366.0,1,4369.0,4370.0,0.0,0.0,0.0,0.0,623
2023-05-10 21:22:46,eg2403,eg2403,4369.0,0.0,0.0,0.0,1,4352.0,4366.0,1,4369.0,4370.0,0.0,0.0,0.0,0.0,623
2023-05-10 21:23:26,eg2403,eg2403,4369.0,0.0,0.0,0.0,2,4352.0,4366.0,1,4369.0,4370.0,0.0,0.0,0.0,0.0,623
2023-05-10 21:23:32,eg2403,eg2403,4369.0,0.0,0.0,0.0,1,4352.0,4366.0,1,4369.0,4370.0,0.0,0.0,0.0,0.0,623
2023-05-10 21:23:35,eg2403,eg2403,4369.0,0.0,0.0,0.0,2,4352.0,4366.0,1,4369.0,4370.0,0.0,0.0,0.0,0.0,623
2023-05-10 21:23:54,eg2403,eg2403,4369.0,0.0,0.0,0.0,2,4353.0,4366.0,1,4369.0,4370.0,0.0,0.0,0.0,0.0,623
2023-05-10 21:23:56,eg2403,eg2403,4369.0,0.0,0.0,0.0,1,4350.0,4366.0,1,4369.0,4370.0,0.0,0.0,0.0,0.0,623
2023-05-10 21:23:57,eg2403,eg2403,4369.0,0.0,0.0,0.0,1,4351.0,4366.0,1,4369.0,4370.0,0.0,0.0,0.0,0.0,623
2023-05-10 21:24:36,eg2403,eg2403,4369.0,0.0,0.0,0.0,2,4352.0,4366.0,1,4369.0,4370.0,0.0,0.0,0.0,0.0,623
2023-05-10 21:24:36,eg2403,eg2403,4369.0,0.0,0.0,0.0,1,4355.0,4366.0,1,4369.0,4370.0,0.0,0.0,0.0,0.0,623
2023-05-10 21:24:37,eg2403,eg2403,4369.0,0.0,0.0,0.0,2,4352.0,4366.0,1,4369.0,4370.0,0.0,0.0,0.0,0.0,623
2023-05-10 21:24:38,eg2403,eg2403,4369.0,0.0,0.0,0.0,1,4354.0,4366.0,1,4369.0,4370.0,0.0,0.0,0.0,0.0,623
2023-05-10 21:24:40,eg2403,eg2403,4369.0,0.0,0.0,0.0,2,4352.0,4366.0,1,4369.0,4370.0,0.0,0.0,0.0,0.0,623
2023-05-10 21:24:40,eg2403,eg2403,4369.0,0.0,0.0,0.0,1,4353.0,4366.0,1,4369.0,4370.0,0.0,0.0,0.0,0.0,623
2023-05-10 21:24:41,eg2403,eg2403,4369.0,0.0,0.0,0.0,2,4352.0,4366.0,1,4369.0,4370.0,0.0,0.0,0.0,0.0,623
2023-05-10 21:24:41,eg2403,eg2403,4369.0,0.0,0.0,0.0,3,4352.0,4366.0,1,4369.0,4370.0,0.0,0.0,0.0,0.0,623
2023-05-10 21:24:54,eg2403,eg2403,4369.0,0.0,0.0,0.0,1,4354.0,4366.0,1,4369.0,4370.0,0.0,0.0,0.0,0.0,623
2023-05-10 21:25:59,eg2403,eg2403,4369.0,0.0,0.0,0.0,2,4355.0,4366.0,1,4369.0,4370.0,0.0,0.0,0.0,0.0,623
2023-05-10 21:26:00,eg2403,eg2403,4369.0,0.0,0.0,0.0,1,4350.0,4366.0,1,4369.0,4370.0,0.0,0.0,0.0,0.0,623
2023-05-10 21:26:01,eg2403,eg2403,4369.0,0.0,0.0,0.0,2,4350.0,4366.0,1,4369.0,4370.0,0.0,0.0,0.0,0.0,623
2023-05-10 21:26:42,eg2403,eg2403,4369.0,0.0,0.0,0.0,2,4351.0,4366.0,1,4369.0,4370.0,0.0,0.0,0.0,0.0,623
2023-05-10 21:26:59,eg2403,eg2403,4369.0,0.0,0.0,0.0,1,4352.0,4366.0,1,4369.0,4370.0,0.0,0.0,0.0,0.0,623
2023-05-10 21:28:05,eg2403,eg2403,4369.0,0.0,0.0,0.0,1,4352.0,4365.0,2,4369.0,4370.0,0.0,0.0,0.0,0.0,623
2023-05-10 21:28:06,eg2403,eg2403,4369.0,0.0,0.0,0.0,1,4352.0,4372.0,1,4369.0,4370.0,0.0,0.0,0.0,0.0,623
2023-05-10 21:28:07,eg2403,eg2403,4369.0,0.0,0.0,0.0,1,4352.0,4371.0,1,4369.0,4370.0,0.0,0.0,0.0,0.0,623
2023-05-10 21:28:13,eg2403,eg2403,4369.0,0.0,0.0,0.0,1,4352.0,4371.0,6,4369.0,4370.0,0.0,0.0,0.0,0.0,623
2023-05-10 21:28:14,eg2403,eg2403,4369.0,0.0,0.0,0.0,1,4352.0,4371.0,5,4369.0,4370.0,0.0,0.0,0.0,0.0,623
2023-05-10 21:28:19,eg2403,eg2403,4369.0,0.0,0.0,0.0,1,4352.0,4372.0,1,4369.0,4370.0,0.0,0.0,0.0,0.0,623
2023-05-10 21:28:20,eg2403,eg2403,4369.0,0.0,0.0,0.0,1,4352.0,4372.0,7,4369.0,4370.0,0.0,0.0,0.0,0.0,623
2023-05-10 21:28:27,eg2403,eg2403,4369.0,0.0,0.0,0.0,1,4352.0,4372.0,6,4369.0,4370.0,0.0,0.0,0.0,0.0,623
2023-05-10 21:28:29,eg2403,eg2403,4369.0,0.0,0.0,0.0,1,4352.0,4372.0,7,4369.0,4370.0,0.0,0.0,0.0,0.0,623
2023-05-10 21:28:50,eg2403,eg2403,4369.0,0.0,0.0,0.0,1,4352.0,4371.0,2,4369.0,4370.0,0.0,0.0,0.0,0.0,623
2023-05-10 21:29:05,eg2403,eg2403,4369.0,0.0,0.0,0.0,1,4352.0,4369.0,1,4369.0,4370.0,0.0,0.0,0.0,0.0,623
2023-05-10 21:30:13,eg2403,eg2403,4369.0,0.0,0.0,0.0,1,4352.0,4368.0,2,4369.0,4370.0,0.0,0.0,0.0,0.0,623
2023-05-10 21:31:13,eg2403,eg2403,4369.0,0.0,0.0,0.0,1,4352.0,4367.0,1,4369.0,4370.0,0.0,0.0,0.0,0.0,623
2023-05-10 21:32:20,eg2403,eg2403,4369.0,0.0,0.0,0.0,1,4352.0,4366.0,2,4369.0,4370.0,0.0,0.0,0.0,0.0,623
2023-05-10 21:33:14,eg2403,eg2403,4369.0,0.0,0.0,0.0,1,4352.0,4366.0,3,4369.0,4370.0,0.0,0.0,0.0,0.0,623
2023-05-10 21:33:14,eg2403,eg2403,4369.0,0.0,0.0,0.0,1,4352.0,4366.0,2,4369.0,4370.0,0.0,0.0,0.0,0.0,623
2023-05-10 21:33:20,eg2403,eg2403,4369.0,0.0,0.0,0.0,1,4352.0,4364.0,1,4369.0,4370.0,0.0,0.0,0.0,0.0,623
2023-05-10 21:34:27,eg2403,eg2403,4369.0,0.0,0.0,0.0,1,4352.0,4363.0,2,4369.0,4370.0,0.0,0.0,0.0,0.0,623
2023-05-10 21:34:29,eg2403,eg2403,4369.0,0.0,0.0,0.0,1,4352.0,4372.0,1,4369.0,4370.0,0.0,0.0,0.0,0.0,623
2023-05-10 21:34:29,eg2403,eg2403,4369.0,0.0,0.0,0.0,1,4352.0,4369.0,1,4369.0,4370.0,0.0,0.0,0.0,0.0,623
2023-05-10 21:34:29,eg2403,eg2403,4369.0,0.0,0.0,0.0,1,4352.0,4369.0,2,4369.0,4370.0,0.0,0.0,0.0,0.0,623
2023-05-10 21:34:30,eg2403,eg2403,4369.0,0.0,0.0,0.0,1,4352.0,4368.0,5,4369.0,4370.0,0.0,0.0,0.0,0.0,623
2023-05-10 21:34:31,eg2403,eg2403,4369.0,0.0,0.0,0.0,1,4352.0,4368.0,6,4369.0,4370.0,0.0,0.0,0.0,0.0,623
2023-05-10 21:35:09,eg2403,eg2403,4369.0,0.0,0.0,0.0,1,4352.0,4367.0,2,4369.0,4370.0,0.0,0.0,0.0,0.0,623
2023-05-10 21:35:09,eg2403,eg2403,4369.0,0.0,0.0,0.0,1,4352.0,4367.0,3,4369.0,4370.0,0.0,0.0,0.0,0.0,623
2023-05-10 21:35:10,eg2403,eg2403,4369.0,0.0,0.0,0.0,1,4352.0,4367.0,4,4369.0,4370.0,0.0,0.0,0.0,0.0,623
2023-05-10 21:35:11,eg2403,eg2403,4369.0,0.0,0.0,0.0,1,4352.0,4367.0,8,4369.0,4370.0,0.0,0.0,0.0,0.0,623
2023-05-10 21:35:12,eg2403,eg2403,4369.0,0.0,0.0,0.0,1,4352.0,4367.0,7,4369.0,4370.0,0.0,0.0,0.0,0.0,623
2023-05-10 21:35:13,eg2403,eg2403,4369.0,0.0,0.0,0.0,1,4352.0,4367.0,5,4369.0,4370.0,0.0,0.0,0.0,0.0,623
2023-05-10 21:35:17,eg2403,eg2403,4369.0,0.0,0.0,0.0,1,4352.0,4367.0,2,4369.0,4370.0,0.0,0.0,0.0,0.0,623
2023-05-10 21:35:27,eg2403,eg2403,4369.0,0.0,0.0,0.0,1,4352.0,4365.0,1,4369.0,4370.0,0.0,0.0,0.0,0.0,623
2023-05-10 21:36:06,eg2403,eg2403,4369.0,0.0,0.0,0.0,1,4352.0,4365.0,2,4369.0,4370.0,0.0,0.0,0.0,0.0,623
2023-05-10 21:36:07,eg2403,eg2403,4369.0,0.0,0.0,0.0,1,4352.0,4365.0,7,4369.0,4370.0,0.0,0.0,0.0,0.0,623
2023-05-10 21:36:34,eg2403,eg2403,4369.0,0.0,0.0,0.0,1,4352.0,4364.0,2,4369.0,4370.0,0.0,0.0,0.0,0.0,623
2023-05-10 21:36:35,eg2403,eg2403,4369.0,0.0,0.0,0.0,1,4352.0,4364.0,4,4369.0,4370.0,0.0,0.0,0.0,0.0,623
2023-05-10 21:36:36,eg2403,eg2403,4369.0,0.0,0.0,0.0,1,4352.0,4364.0,2,4369.0,4370.0,0.0,0.0,0.0,0.0,623
2023-05-10 21:36:37,eg2403,eg2403,4369.0,0.0,0.0,0.0,1,4352.0,4369.0,1,4369.0,4370.0,0.0,0.0,0.0,0.0,623
2023-05-10 21:36:38,eg2403,eg2403,4369.0,0.0,0.0,0.0,1,4352.0,4365.0,1,4369.0,4370.0,0.0,0.0,0.0,0.0,623
2023-05-10 21:36:38,eg2403,eg2403,4369.0,0.0,0.0,0.0,1,4352.0,4364.0,1,4369.0,4370.0,0.0,0.0,0.0,0.0,623
2023-05-10 21:36:41,eg2403,eg2403,4369.0,0.0,0.0,0.0,1,4352.0,4369.0,1,4369.0,4370.0,0.0,0.0,0.0,0.0,623
2023-05-10 21:36:41,eg2403,eg2403,4369.0,0.0,0.0,0.0,1,4352.0,4366.0,1,4369.0,4370.0,0.0,0.0,0.0,0.0,623
2023-05-10 21:36:46,eg2403,eg2403,4369.0,0.0,0.0,0.0,1,4352.0,4366.0,6,4369.0,4370.0,0.0,0.0,0.0,0.0,623
2023-05-10 21:36:47,eg2403,eg2403,4369.0,0.0,0.0,0.0,1,4352.0,4366.0,5,4369.0,4370.0,0.0,0.0,0.0,0.0,623
2023-05-10 21:36:51,eg2403,eg2403,4369.0,0.0,0.0,0.0,1,4352.0,4366.0,6,4369.0,4370.0,0.0,0.0,0.0,0.0,623
2023-05-10 21:37:03,eg2403,eg2403,4369.0,0.0,0.0,0.0,1,4352.0,4366.0,5,4369.0,4370.0,0.0,0.0,0.0,0.0,623
2023-05-10 21:37:03,eg2403,eg2403,4369.0,0.0,0.0,0.0,1,4352.0,4369.0,1,4369.0,4370.0,0.0,0.0,0.0,0.0,623
2023-05-10 21:37:04,eg2403,eg2403,4369.0,0.0,0.0,0.0,1,4352.0,4367.0,1,4369.0,4370.0,0.0,0.0,0.0,0.0,623
2023-05-10 21:37:10,eg2403,eg2403,4369.0,0.0,0.0,0.0,1,4352.0,4369.0,1,4369.0,4370.0,0.0,0.0,0.0,0.0,623
2023-05-10 21:37:11,eg2403,eg2403,4369.0,0.0,0.0,0.0,1,4352.0,4368.0,2,4369.0,4370.0,0.0,0.0,0.0,0.0,623
2023-05-10 21:37:15,eg2403,eg2403,4369.0,0.0,0.0,0.0,1,4352.0,4368.0,6,4369.0,4370.0,0.0,0.0,0.0,0.0,623
2023-05-10 21:37:16,eg2403,eg2403,4369.0,0.0,0.0,0.0,1,4352.0,4368.0,4,4369.0,4370.0,0.0,0.0,0.0,0.0,623
2023-05-10 21:37:17,eg2403,eg2403,4369.0,0.0,0.0,0.0,1,4352.0,4368.0,6,4369.0,4370.0,0.0,0.0,0.0,0.0,623
2023-05-10 21:37:17,eg2403,eg2403,4369.0,0.0,0.0,0.0,1,4352.0,4367.0,2,4369.0,4370.0,0.0,0.0,0.0,0.0,623
2023-05-10 21:37:34,eg2403,eg2403,4369.0,0.0,0.0,0.0,1,4352.0,4366.0,1,4369.0,4370.0,0.0,0.0,0.0,0.0,623
2023-05-10 21:37:58,eg2403,eg2403,4369.0,0.0,0.0,0.0,1,4352.0,4366.0,2,4369.0,4370.0,0.0,0.0,0.0,0.0,623
2023-05-10 21:38:00,eg2403,eg2403,4369.0,0.0,0.0,0.0,1,4352.0,4366.0,7,4369.0,4370.0,0.0,0.0,0.0,0.0,623
2023-05-10 21:38:02,eg2403,eg2403,4369.0,0.0,0.0,0.0,1,4352.0,4366.0,2,4369.0,4370.0,0.0,0.0,0.0,0.0,623
2023-05-10 21:38:03,eg2403,eg2403,4369.0,0.0,0.0,0.0,1,4352.0,4365.0,4,4369.0,4370.0,0.0,0.0,0.0,0.0,623
2023-05-10 21:38:03,eg2403,eg2403,4369.0,0.0,0.0,0.0,1,4352.0,4364.0,1,4369.0,4370.0,0.0,0.0,0.0,0.0,623
2023-05-10 21:38:04,eg2403,eg2403,4369.0,0.0,0.0,0.0,1,4352.0,4365.0,5,4369.0,4370.0,0.0,0.0,0.0,0.0,623
2023-05-10 21:38:04,eg2403,eg2403,4369.0,0.0,0.0,0.0,1,4352.0,4365.0,6,4369.0,4370.0,0.0,0.0,0.0,0.0,623
2023-05-10 21:38:10,eg2403,eg2403,4369.0,0.0,0.0,0.0,1,4346.0,4365.0,6,4369.0,4370.0,0.0,0.0,0.0,0.0,623
2023-05-10 21:38:10,eg2403,eg2403,4369.0,0.0,0.0,0.0,1,4316.0,4365.0,6,4369.0,4370.0,0.0,0.0,0.0,0.0,623
2023-05-10 21:38:11,eg2403,eg2403,4369.0,0.0,0.0,0.0,1,4340.0,4365.0,6,4369.0,4370.0,0.0,0.0,0.0,0.0,623
2023-05-10 21:38:19,eg2403,eg2403,4369.0,0.0,0.0,0.0,1,4340.0,4363.0,1,4369.0,4370.0,0.0,0.0,0.0,0.0,623
2023-05-10 21:38:43,eg2403,eg2403,4369.0,0.0,0.0,0.0,2,4341.0,4363.0,1,4369.0,4370.0,0.0,0.0,0.0,0.0,623
2023-05-10 21:38:44,eg2403,eg2403,4369.0,0.0,0.0,0.0,1,4342.0,4363.0,1,4369.0,4370.0,0.0,0.0,0.0,0.0,623
2023-05-10 21:38:50,eg2403,eg2403,4369.0,0.0,0.0,0.0,2,4341.0,4363.0,1,4369.0,4370.0,0.0,0.0,0.0,0.0,623
2023-05-10 21:38:51,eg2403,eg2403,4369.0,0.0,0.0,0.0,3,4341.0,4363.0,1,4369.0,4370.0,0.0,0.0,0.0,0.0,623
2023-05-10 21:39:00,eg2403,eg2403,4369.0,0.0,0.0,0.0,2,4341.0,4363.0,1,4369.0,4370.0,0.0,0.0,0.0,0.0,623
2023-05-10 21:39:04,eg2403,eg2403,4369.0,0.0,0.0,0.0,2,4341.0,4363.0,7,4369.0,4370.0,0.0,0.0,0.0,0.0,623
2023-05-10 21:39:11,eg2403,eg2403,4369.0,0.0,0.0,0.0,1,4342.0,4363.0,7,4369.0,4370.0,0.0,0.0,0.0,0.0,623
2023-05-10 21:39:19,eg2403,eg2403,4369.0,0.0,0.0,0.0,1,4342.0,4363.0,2,4369.0,4370.0,0.0,0.0,0.0,0.0,623
2023-05-10 21:39:20,eg2403,eg2403,4369.0,0.0,0.0,0.0,1,4342.0,4362.0,5,4369.0,4370.0,0.0,0.0,0.0,0.0,623
2023-05-10 21:39:20,eg2403,eg2403,4369.0,0.0,0.0,0.0,1,4342.0,4362.0,6,4369.0,4370.0,0.0,0.0,0.0,0.0,623
2023-05-10 21:39:27,eg2403,eg2403,4369.0,0.0,0.0,0.0,1,4342.0,4361.0,2,4369.0,4370.0,0.0,0.0,0.0,0.0,623
2023-05-10 21:39:59,eg2403,eg2403,4369.0,0.0,0.0,0.0,1,4342.0,4361.0,8,4369.0,4370.0,0.0,0.0,0.0,0.0,623
2023-05-10 21:40:04,eg2403,eg2403,4369.0,0.0,0.0,0.0,1,4342.0,4361.0,2,4369.0,4370.0,0.0,0.0,0.0,0.0,623
2023-05-10 21:40:06,eg2403,eg2403,4369.0,0.0,0.0,0.0,1,4342.0,4369.0,1,4369.0,4370.0,0.0,0.0,0.0,0.0,623
2023-05-10 21:40:07,eg2403,eg2403,4369.0,0.0,0.0,0.0,1,4342.0,4364.0,1,4369.0,4370.0,0.0,0.0,0.0,0.0,623
2023-05-10 21:40:08,eg2403,eg2403,4369.0,0.0,0.0,0.0,1,4342.0,4363.0,5,4369.0,4370.0,0.0,0.0,0.0,0.0,623
2023-05-10 21:40:09,eg2403,eg2403,4369.0,0.0,0.0,0.0,1,4342.0,4363.0,8,4369.0,4370.0,0.0,0.0,0.0,0.0,623
2023-05-10 21:40:20,eg2403,eg2403,4369.0,0.0,0.0,0.0,1,4342.0,4362.0,1,4369.0,4370.0,0.0,0.0,0.0,0.0,623
2023-05-10 21:40:52,eg2403,eg2403,4369.0,0.0,0.0,0.0,1,4342.0,4361.0,2,4369.0,4370.0,0.0,0.0,0.0,0.0,623
2023-05-10 21:41:24,eg2403,eg2403,4369.0,0.0,0.0,0.0,1,4342.0,4360.0,1,4369.0,4370.0,0.0,0.0,0.0,0.0,623
2023-05-10 21:42:17,eg2403,eg2403,4369.0,0.0,0.0,0.0,1,4342.0,4359.0,2,4369.0,4370.0,0.0,0.0,0.0,0.0,623
2023-05-10 21:42:21,eg2403,eg2403,4369.0,0.0,0.0,0.0,1,4342.0,4364.0,1,4369.0,4370.0,0.0,0.0,0.0,0.0,623
2023-05-10 21:42:22,eg2403,eg2403,4369.0,0.0,0.0,0.0,1,4342.0,4362.0,1,4369.0,4370.0,0.0,0.0,0.0,0.0,623
2023-05-10 21:42:28,eg2403,eg2403,4369.0,0.0,0.0,0.0,1,4342.0,4362.0,6,4369.0,4370.0,0.0,0.0,0.0,0.0,623
2023-05-10 21:42:35,eg2403,eg2403,4369.0,0.0,0.0,0.0,1,4342.0,4362.0,1,4369.0,4370.0,0.0,0.0,0.0,0.0,623
2023-05-10 21:42:36,eg2403,eg2403,4369.0,0.0,0.0,0.0,1,4342.0,4361.0,5,4369.0,4370.0,0.0,0.0,0.0,0.0,623
2023-05-10 21:42:36,eg2403,eg2403,4369.0,0.0,0.0,0.0,1,4342.0,4361.0,6,4369.0,4370.0,0.0,0.0,0.0,0.0,623
2023-05-10 21:42:59,eg2403,eg2403,4369.0,0.0,0.0,0.0,1,4342.0,4360.0,2,4369.0,4370.0,0.0,0.0,0.0,0.0,623
2023-05-10 21:43:00,eg2403,eg2403,4369.0,0.0,0.0,0.0,1,4342.0,4360.0,3,4369.0,4370.0,0.0,0.0,0.0,0.0,623
2023-05-10 21:43:05,eg2403,eg2403,4369.0,0.0,0.0,0.0,1,4342.0,4360.0,8,4369.0,4370.0,0.0,0.0,0.0,0.0,623
2023-05-10 21:43:11,eg2403,eg2403,4369.0,0.0,0.0,0.0,1,4342.0,4358.0,1,4369.0,4370.0,0.0,0.0,0.0,0.0,623
2023-05-10 21:43:26,eg2403,eg2403,4369.0,0.0,0.0,0.0,1,4342.0,4358.0,2,4369.0,4370.0,0.0,0.0,0.0,0.0,623
2023-05-10 21:43:27,eg2403,eg2403,4369.0,0.0,0.0,0.0,1,4342.0,4358.0,7,4369.0,4370.0,0.0,0.0,0.0,0.0,623
2023-05-10 21:43:39,eg2403,eg2403,4369.0,0.0,0.0,0.0,1,4342.0,4358.0,6,4369.0,4370.0,0.0,0.0,0.0,0.0,623
2023-05-10 21:43:40,eg2403,eg2403,4369.0,0.0,0.0,0.0,1,4342.0,4357.0,1,4369.0,4370.0,0.0,0.0,0.0,0.0,623
2023-05-10 21:43:40,eg2403,eg2403,4369.0,0.0,0.0,0.0,1,4342.0,4357.0,2,4369.0,4370.0,0.0,0.0,0.0,0.0,623
2023-05-10 21:43:43,eg2403,eg2403,4369.0,0.0,0.0,0.0,1,4342.0,4357.0,6,4369.0,4370.0,0.0,0.0,0.0,0.0,623
2023-05-10 21:43:44,eg2403,eg2403,4369.0,0.0,0.0,0.0,1,4342.0,4357.0,4,4369.0,4370.0,0.0,0.0,0.0,0.0,623
2023-05-10 21:43:45,eg2403,eg2403,4369.0,0.0,0.0,0.0,1,4342.0,4360.0,2,4369.0,4370.0,0.0,0.0,0.0,0.0,623
2023-05-10 21:43:46,eg2403,eg2403,4369.0,0.0,0.0,0.0,1,4342.0,4359.0,4,4369.0,4370.0,0.0,0.0,0.0,0.0,623
2023-05-10 21:43:47,eg2403,eg2403,4369.0,0.0,0.0,0.0,1,4342.0,4359.0,6,4369.0,4370.0,0.0,0.0,0.0,0.0,623
2023-05-10 21:44:03,eg2403,eg2403,4369.0,0.0,0.0,0.0,1,4342.0,4359.0,5,4369.0,4370.0,0.0,0.0,0.0,0.0,623
2023-05-10 21:44:03,eg2403,eg2403,4369.0,0.0,0.0,0.0,1,4342.0,4360.0,2,4369.0,4370.0,0.0,0.0,0.0,0.0,623
2023-05-10 21:44:09,eg2403,eg2403,4369.0,0.0,0.0,0.0,1,4342.0,4359.0,1,4369.0,4370.0,0.0,0.0,0.0,0.0,623
2023-05-10 21:45:08,eg2403,eg2403,4369.0,0.0,0.0,0.0,2,4343.0,4359.0,1,4369.0,4370.0,0.0,0.0,0.0,0.0,623
2023-05-10 21:46:08,eg2403,eg2403,4369.0,0.0,0.0,0.0,1,4344.0,4359.0,1,4369.0,4370.0,0.0,0.0,0.0,0.0,623
2023-05-10 21:47:18,eg2403,eg2403,4369.0,0.0,0.0,0.0,2,4345.0,4359.0,1,4369.0,4370.0,0.0,0.0,0.0,0.0,623
2023-05-10 21:48:02,eg2403,eg2403,4369.0,0.0,0.0,0.0,1,4316.0,4359.0,1,4369.0,4370.0,0.0,0.0,0.0,0.0,623
2023-05-10 21:48:03,eg2403,eg2403,4369.0,0.0,0.0,0.0,1,4339.0,4359.0,1,4369.0,4370.0,0.0,0.0,0.0,0.0,623
2023-05-10 21:48:04,eg2403,eg2403,4369.0,0.0,0.0,0.0,2,4339.0,4359.0,1,4369.0,4370.0,0.0,0.0,0.0,0.0,623
2023-05-10 21:48:14,eg2403,eg2403,4369.0,0.0,0.0,0.0,1,4339.0,4359.0,1,4369.0,4370.0,0.0,0.0,0.0,0.0,623
2023-05-10 21:48:18,eg2403,eg2403,4369.0,0.0,0.0,0.0,1,4340.0,4359.0,1,4369.0,4370.0,0.0,0.0,0.0,0.0,623
2023-05-10 21:48:43,eg2403,eg2403,4369.0,0.0,0.0,0.0,2,4341.0,4359.0,1,4369.0,4370.0,0.0,0.0,0.0,0.0,623
2023-05-10 21:48:54,eg2403,eg2403,4369.0,0.0,0.0,0.0,1,4339.0,4359.0,1,4369.0,4370.0,0.0,0.0,0.0,0.0,623
2023-05-10 21:49:08,eg2403,eg2403,4369.0,0.0,0.0,0.0,1,4340.0,4359.0,1,4369.0,4370.0,0.0,0.0,0.0,0.0,623
2023-05-10 21:49:25,eg2403,eg2403,4369.0,0.0,0.0,0.0,2,4341.0,4359.0,1,4369.0,4370.0,0.0,0.0,0.0,0.0,623
2023-05-10 21:49:53,eg2403,eg2403,4369.0,0.0,0.0,0.0,2,4341.0,4359.0,3,4369.0,4370.0,0.0,0.0,0.0,0.0,623
2023-05-10 21:49:54,eg2403,eg2403,4369.0,0.0,0.0,0.0,2,4341.0,4359.0,4,4369.0,4370.0,0.0,0.0,0.0,0.0,623
2023-05-10 21:49:59,eg2403,eg2403,4369.0,0.0,0.0,0.0,2,4341.0,4359.0,7,4369.0,4370.0,0.0,0.0,0.0,0.0,623
2023-05-10 21:50:01,eg2403,eg2403,4369.0,0.0,0.0,0.0,2,4341.0,4359.0,4,4369.0,4370.0,0.0,0.0,0.0,0.0,623
2023-05-10 21:50:01,eg2403,eg2403,4369.0,0.0,0.0,0.0,1,4342.0,4359.0,1,4369.0,4370.0,0.0,0.0,0.0,0.0,623
2023-05-10 21:50:08,eg2403,eg2403,4369.0,0.0,0.0,0.0,1,4342.0,4358.0,2,4369.0,4370.0,0.0,0.0,0.0,0.0,623
2023-05-10 21:51:08,eg2403,eg2403,4369.0,0.0,0.0,0.0,1,4342.0,4357.0,1,4369.0,4370.0,0.0,0.0,0.0,0.0,623
2023-05-10 21:52:14,eg2403,eg2403,4369.0,0.0,0.0,0.0,2,4343.0,4357.0,1,4369.0,4370.0,0.0,0.0,0.0,0.0,623
2023-05-10 21:53:51,eg2403,eg2403,4369.0,0.0,0.0,0.0,1,4339.0,4357.0,1,4369.0,4370.0,0.0,0.0,0.0,0.0,623
2023-05-10 21:53:51,eg2403,eg2403,4369.0,0.0,0.0,0.0,1,4294.0,4357.0,1,4369.0,4370.0,0.0,0.0,0.0,0.0,623
2023-05-10 21:53:52,eg2403,eg2403,4369.0,0.0,0.0,0.0,1,4337.0,4357.0,1,4369.0,4370.0,0.0,0.0,0.0,0.0,623
2023-05-10 21:53:52,eg2403,eg2403,4369.0,0.0,0.0,0.0,2,4337.0,4357.0,1,4369.0,4370.0,0.0,0.0,0.0,0.0,623
2023-05-10 21:54:05,eg2403,eg2403,4369.0,0.0,0.0,0.0,1,4337.0,4357.0,1,4369.0,4370.0,0.0,0.0,0.0,0.0,623
2023-05-10 21:54:07,eg2403,eg2403,4369.0,0.0,0.0,0.0,1,4338.0,4355.0,1,4369.0,4370.0,0.0,0.0,0.0,0.0,623
2023-05-10 21:54:09,eg2403,eg2403,4369.0,0.0,0.0,0.0,1,4338.0,4356.0,5,4369.0,4370.0,0.0,0.0,0.0,0.0,623
2023-05-10 21:54:10,eg2403,eg2403,4369.0,0.0,0.0,0.0,1,4338.0,4364.0,1,4369.0,4370.0,0.0,0.0,0.0,0.0,623
2023-05-10 21:54:11,eg2403,eg2403,4369.0,0.0,0.0,0.0,1,4338.0,4357.0,1,4369.0,4370.0,0.0,0.0,0.0,0.0,623
2023-05-10 21:54:12,eg2403,eg2403,4369.0,0.0,0.0,0.0,1,4338.0,4357.0,2,4369.0,4370.0,0.0,0.0,0.0,0.0,623
2023-05-10 21:54:18,eg2403,eg2403,4369.0,0.0,0.0,0.0,1,4338.0,4357.0,1,4369.0,4370.0,0.0,0.0,0.0,0.0,623
2023-05-10 21:54:19,eg2403,eg2403,4369.0,0.0,0.0,0.0,1,4338.0,4357.0,7,4369.0,4370.0,0.0,0.0,0.0,0.0,623
2023-05-10 21:54:21,eg2403,eg2403,4369.0,0.0,0.0,0.0,1,4338.0,4356.0,2,4369.0,4370.0,0.0,0.0,0.0,0.0,623
2023-05-10 21:54:33,eg2403,eg2403,4369.0,0.0,0.0,0.0,1,4338.0,4355.0,1,4369.0,4370.0,0.0,0.0,0.0,0.0,623
2023-05-10 21:54:34,eg2403,eg2403,4369.0,0.0,0.0,0.0,1,4338.0,4355.0,6,4369.0,4370.0,0.0,0.0,0.0,0.0,623
2023-05-10 21:54:38,eg2403,eg2403,4369.0,0.0,0.0,0.0,1,4338.0,4355.0,1,4369.0,4370.0,0.0,0.0,0.0,0.0,623
2023-05-10 21:54:38,eg2403,eg2403,4369.0,0.0,0.0,0.0,1,4338.0,4354.0,5,4369.0,4370.0,0.0,0.0,0.0,0.0,623
2023-05-10 21:54:39,eg2403,eg2403,4369.0,0.0,0.0,0.0,1,4338.0,4354.0,6,4369.0,4370.0,0.0,0.0,0.0,0.0,623
2023-05-10 21:54:40,eg2403,eg2403,4369.0,0.0,0.0,0.0,1,4338.0,4354.0,5,4369.0,4370.0,0.0,0.0,0.0,0.0,623
2023-05-10 21:54:41,eg2403,eg2403,4369.0,0.0,0.0,0.0,1,4338.0,4356.0,2,4369.0,4370.0,0.0,0.0,0.0,0.0,623
2023-05-10 21:54:41,eg2403,eg2403,4369.0,0.0,0.0,0.0,1,4338.0,4355.0,5,4369.0,4370.0,0.0,0.0,0.0,0.0,623
2023-05-10 21:54:45,eg2403,eg2403,4369.0,0.0,0.0,0.0,1,4338.0,4355.0,6,4369.0,4370.0,0.0,0.0,0.0,0.0,623
2023-05-10 21:54:46,eg2403,eg2403,4369.0,0.0,0.0,0.0,1,4338.0,4355.0,1,4369.0,4370.0,0.0,0.0,0.0,0.0,623
2023-05-10 21:54:51,eg2403,eg2403,4369.0,0.0,0.0,0.0,1,4338.0,4356.0,2,4369.0,4370.0,0.0,0.0,0.0,0.0,623
2023-05-10 21:54:54,eg2403,eg2403,4369.0,0.0,0.0,0.0,1,4338.0,4356.0,8,4369.0,4370.0,0.0,0.0,0.0,0.0,623
2023-05-10 21:54:55,eg2403,eg2403,4369.0,0.0,0.0,0.0,1,4338.0,4356.0,7,4369.0,4370.0,0.0,0.0,0.0,0.0,623
2023-05-10 21:54:56,eg2403,eg2403,4369.0,0.0,0.0,0.0,1,4338.0,4356.0,8,4369.0,4370.0,0.0,0.0,0.0,0.0,623
2023-05-10 21:54:57,eg2403,eg2403,4369.0,0.0,0.0,0.0,1,4338.0,4356.0,2,4369.0,4370.0,0.0,0.0,0.0,0.0,623
2023-05-10 21:55:02,eg2403,eg2403,4369.0,0.0,0.0,0.0,1,4338.0,4356.0,8,4369.0,4370.0,0.0,0.0,0.0,0.0,623
2023-05-10 21:55:02,eg2403,eg2403,4369.0,0.0,0.0,0.0,1,4338.0,4356.0,7,4369.0,4370.0,0.0,0.0,0.0,0.0,623
2023-05-10 21:55:03,eg2403,eg2403,4369.0,0.0,0.0,0.0,1,4338.0,4356.0,8,4369.0,4370.0,0.0,0.0,0.0,0.0,623
2023-05-10 21:55:05,eg2403,eg2403,4369.0,0.0,0.0,0.0,1,4338.0,4356.0,2,4369.0,4370.0,0.0,0.0,0.0,0.0,623
2023-05-10 21:55:09,eg2403,eg2403,4369.0,0.0,0.0,0.0,1,4338.0,4356.0,8,4369.0,4370.0,0.0,0.0,0.0,0.0,623
2023-05-10 21:55:10,eg2403,eg2403,4369.0,0.0,0.0,0.0,1,4338.0,4356.0,7,4369.0,4370.0,0.0,0.0,0.0,0.0,623
2023-05-10 21:55:11,eg2403,eg2403,4369.0,0.0,0.0,0.0,1,4338.0,4356.0,2,4369.0,4370.0,0.0,0.0,0.0,0.0,623
2023-05-10 21:55:15,eg2403,eg2403,4369.0,0.0,0.0,0.0,1,4338.0,4356.0,8,4369.0,4370.0,0.0,0.0,0.0,0.0,623
2023-05-10 21:55:15,eg2403,eg2403,4369.0,0.0,0.0,0.0,1,4338.0,4356.0,7,4369.0,4370.0,0.0,0.0,0.0,0.0,623
2023-05-10 21:55:21,eg2403,eg2403,4369.0,0.0,0.0,0.0,1,4338.0,4356.0,2,4369.0,4370.0,0.0,0.0,0.0,0.0,623
2023-05-10 21:55:24,eg2403,eg2403,4369.0,0.0,0.0,0.0,1,4338.0,4356.0,8,4369.0,4370.0,0.0,0.0,0.0,0.0,623
2023-05-10 21:55:40,eg2403,eg2403,4369.0,0.0,0.0,0.0,1,4338.0,4355.0,1,4369.0,4370.0,0.0,0.0,0.0,0.0,623
2023-05-10 21:56:28,eg2403,eg2403,4369.0,0.0,0.0,0.0,1,4338.0,4354.0,2,4369.0,4370.0,0.0,0.0,0.0,0.0,623
2023-05-10 21:56:52,eg2403,eg2403,4369.0,0.0,0.0,0.0,1,4338.0,4354.0,3,4369.0,4370.0,0.0,0.0,0.0,0.0,623
2023-05-10 21:56:52,eg2403,eg2403,4369.0,0.0,0.0,0.0,1,4338.0,4353.0,5,4369.0,4370.0,0.0,0.0,0.0,0.0,623
2023-05-10 21:56:54,eg2403,eg2403,4369.0,0.0,0.0,0.0,1,4338.0,4353.0,6,4369.0,4370.0,0.0,0.0,0.0,0.0,623
2023-05-10 21:57:02,eg2403,eg2403,4369.0,0.0,0.0,0.0,1,4338.0,4354.0,2,4369.0,4370.0,0.0,0.0,0.0,0.0,623
2023-05-10 21:57:12,eg2403,eg2403,4369.0,0.0,0.0,0.0,1,4338.0,4357.0,1,4369.0,4370.0,0.0,0.0,0.0,0.0,623
2023-05-10 21:57:16,eg2403,eg2403,4369.0,0.0,0.0,0.0,1,4338.0,4356.0,1,4369.0,4370.0,0.0,0.0,0.0,0.0,623
2023-05-10 21:57:52,eg2403,eg2403,4369.0,0.0,0.0,0.0,1,4338.0,4355.0,2,4369.0,4370.0,0.0,0.0,0.0,0.0,623
2023-05-10 21:57:57,eg2403,eg2403,4369.0,0.0,0.0,0.0,1,4338.0,4355.0,8,4369.0,4370.0,0.0,0.0,0.0,0.0,623
2023-05-10 21:57:58,eg2403,eg2403,4369.0,0.0,0.0,0.0,1,4338.0,4355.0,7,4369.0,4370.0,0.0,0.0,0.0,0.0,623
2023-05-10 21:57:59,eg2403,eg2403,4369.0,0.0,0.0,0.0,1,4338.0,4355.0,6,4369.0,4370.0,0.0,0.0,0.0,0.0,623
2023-05-10 21:57:59,eg2403,eg2403,4369.0,0.0,0.0,0.0,1,4338.0,4355.0,2,4369.0,4370.0,0.0,0.0,0.0,0.0,623
2023-05-10 21:58:13,eg2403,eg2403,4369.0,0.0,0.0,0.0,1,4338.0,4355.0,3,4369.0,4370.0,0.0,0.0,0.0,0.0,623
2023-05-10 21:58:13,eg2403,eg2403,4369.0,0.0,0.0,0.0,1,4338.0,4355.0,8,4369.0,4370.0,0.0,0.0,0.0,0.0,623
2023-05-10 21:58:19,eg2403,eg2403,4369.0,0.0,0.0,0.0,1,4338.0,4355.0,3,4369.0,4370.0,0.0,0.0,0.0,0.0,623
2023-05-10 21:58:19,eg2403,eg2403,4369.0,0.0,0.0,0.0,1,4338.0,4354.0,5,4369.0,4370.0,0.0,0.0,0.0,0.0,623
2023-05-10 21:58:20,eg2403,eg2403,4369.0,0.0,0.0,0.0,1,4338.0,4354.0,6,4369.0,4370.0,0.0,0.0,0.0,0.0,623
2023-05-10 21:58:28,eg2403,eg2403,4369.0,0.0,0.0,0.0,1,4338.0,4353.0,1,4369.0,4370.0,0.0,0.0,0.0,0.0,623
2023-05-10 21:59:10,eg2403,eg2403,4369.0,0.0,0.0,0.0,1,4338.0,4353.0,3,4369.0,4370.0,0.0,0.0,0.0,0.0,623
2023-05-10 21:59:11,eg2403,eg2403,4369.0,0.0,0.0,0.0,1,4338.0,4353.0,7,4369.0,4370.0,0.0,0.0,0.0,0.0,623
2023-05-10 21:59:16,eg2403,eg2403,4369.0,0.0,0.0,0.0,1,4338.0,4352.0,2,4369.0,4370.0,0.0,0.0,0.0,0.0,623
2023-05-10 21:59:23,eg2403,eg2403,4369.0,0.0,0.0,0.0,1,4338.0,4352.0,3,4369.0,4370.0,0.0,0.0,0.0,0.0,623
2023-05-10 21:59:24,eg2403,eg2403,4369.0,0.0,0.0,0.0,1,4338.0,4352.0,8,4369.0,4370.0,0.0,0.0,0.0,0.0,623
2023-05-10 21:59:27,eg2403,eg2403,4369.0,0.0,0.0,0.0,1,4338.0,4352.0,2,4369.0,4370.0,0.0,0.0,0.0,0.0,623
2023-05-10 21:59:46,eg2403,eg2403,4369.0,0.0,0.0,0.0,1,4338.0,4352.0,3,4369.0,4370.0,0.0,0.0,0.0,0.0,623
2023-05-10 21:59:47,eg2403,eg2403,4369.0,0.0,0.0,0.0,1,4338.0,4352.0,8,4369.0,4370.0,0.0,0.0,0.0,0.0,623
2023-05-10 21:59:51,eg2403,eg2403,4369.0,0.0,0.0,0.0,1,4338.0,4352.0,2,4369.0,4370.0,0.0,0.0,0.0,0.0,623
2023-05-10 22:00:32,eg2403,eg2403,4369.0,0.0,0.0,0.0,1,4338.0,4357.0,1,4369.0,4370.0,0.0,0.0,0.0,0.0,623
2023-05-10 22:00:33,eg2403,eg2403,4369.0,0.0,0.0,0.0,1,4338.0,4357.0,2,4369.0,4370.0,0.0,0.0,0.0,0.0,623
2023-05-10 22:00:33,eg2403,eg2403,4369.0,0.0,0.0,0.0,1,4338.0,4357.0,6,4369.0,4370.0,0.0,0.0,0.0,0.0,623
2023-05-10 22:00:33,eg2403,eg2403,4369.0,0.0,0.0,0.0,1,4338.0,4357.0,7,4369.0,4370.0,0.0,0.0,0.0,0.0,623
2023-05-10 22:00:39,eg2403,eg2403,4369.0,0.0,0.0,0.0,1,4338.0,4357.0,1,4369.0,4370.0,0.0,0.0,0.0,0.0,623
2023-05-10 22:00:42,eg2403,eg2403,4369.0,0.0,0.0,0.0,2,4339.0,4357.0,1,4369.0,4370.0,0.0,0.0,0.0,0.0,623
2023-05-10 22:00:56,eg2403,eg2403,4369.0,0.0,0.0,0.0,1,4333.0,4357.0,1,4369.0,4370.0,0.0,0.0,0.0,0.0,623
2023-05-10 22:00:56,eg2403,eg2403,4369.0,0.0,0.0,0.0,1,4334.0,4357.0,7,4369.0,4370.0,0.0,0.0,0.0,0.0,623
2023-05-10 22:00:56,eg2403,eg2403,4369.0,0.0,0.0,0.0,2,4334.0,4357.0,7,4369.0,4370.0,0.0,0.0,0.0,0.0,623
2023-05-10 22:00:58,eg2403,eg2403,4369.0,0.0,0.0,0.0,2,4334.0,4357.0,5,4369.0,4370.0,0.0,0.0,0.0,0.0,623
2023-05-10 22:00:59,eg2403,eg2403,4369.0,0.0,0.0,0.0,2,4334.0,4357.0,1,4369.0,4370.0,0.0,0.0,0.0,0.0,623
2023-05-10 22:01:03,eg2403,eg2403,4369.0,0.0,0.0,0.0,2,4334.0,4357.0,7,4369.0,4370.0,0.0,0.0,0.0,0.0,623
2023-05-10 22:01:03,eg2403,eg2403,4369.0,0.0,0.0,0.0,1,4334.0,4357.0,7,4369.0,4370.0,0.0,0.0,0.0,0.0,623
2023-05-10 22:01:07,eg2403,eg2403,4369.0,0.0,0.0,0.0,2,4334.0,4357.0,1,4369.0,4370.0,0.0,0.0,0.0,0.0,623
2023-05-10 22:01:16,eg2403,eg2403,4369.0,0.0,0.0,0.0,1,4334.0,4357.0,1,4369.0,4370.0,0.0,0.0,0.0,0.0,623
2023-05-10 22:01:23,eg2403,eg2403,4369.0,0.0,0.0,0.0,2,4334.0,4357.0,1,4369.0,4370.0,0.0,0.0,0.0,0.0,623
2023-05-10 22:01:26,eg2403,eg2403,4369.0,0.0,0.0,0.0,2,4335.0,4357.0,1,4369.0,4370.0,0.0,0.0,0.0,0.0,623
2023-05-10 22:01:49,eg2403,eg2403,4369.0,0.0,0.0,0.0,2,4335.0,4357.0,2,4369.0,4370.0,0.0,0.0,0.0,0.0,623
2023-05-10 22:01:50,eg2403,eg2403,4369.0,0.0,0.0,0.0,2,4335.0,4357.0,1,4369.0,4370.0,0.0,0.0,0.0,0.0,623
2023-05-10 22:01:52,eg2403,eg2403,4369.0,0.0,0.0,0.0,3,4335.0,4357.0,1,4369.0,4370.0,0.0,0.0,0.0,0.0,623
2023-05-10 22:01:59,eg2403,eg2403,4369.0,0.0,0.0,0.0,2,4335.0,4357.0,1,4369.0,4370.0,0.0,0.0,0.0,0.0,623
2023-05-10 22:01:59,eg2403,eg2403,4369.0,0.0,0.0,0.0,3,4335.0,4357.0,1,4369.0,4370.0,0.0,0.0,0.0,0.0,623
2023-05-10 22:02:01,eg2403,eg2403,4369.0,0.0,0.0,0.0,2,4335.0,4357.0,1,4369.0,4370.0,0.0,0.0,0.0,0.0,623
2023-05-10 22:02:21,eg2403,eg2403,4369.0,0.0,0.0,0.0,3,4335.0,4357.0,1,4369.0,4370.0,0.0,0.0,0.0,0.0,623
2023-05-10 22:02:48,eg2403,eg2403,4369.0,0.0,0.0,0.0,2,4335.0,4357.0,1,4369.0,4370.0,0.0,0.0,0.0,0.0,623
2023-05-10 22:02:51,eg2403,eg2403,4369.0,0.0,0.0,0.0,3,4335.0,4357.0,1,4369.0,4370.0,0.0,0.0,0.0,0.0,623
2023-05-10 22:02:53,eg2403,eg2403,4369.0,0.0,0.0,0.0,2,4335.0,4357.0,1,4369.0,4370.0,0.0,0.0,0.0,0.0,623
2023-05-10 22:02:54,eg2403,eg2403,4369.0,0.0,0.0,0.0,3,4335.0,4357.0,1,4369.0,4370.0,0.0,0.0,0.0,0.0,623
2023-05-10 22:02:54,eg2403,eg2403,4369.0,0.0,0.0,0.0,2,4335.0,4357.0,1,4369.0,4370.0,0.0,0.0,0.0,0.0,623
2023-05-10 22:02:56,eg2403,eg2403,4369.0,0.0,0.0,0.0,3,4335.0,4357.0,1,4369.0,4370.0,0.0,0.0,0.0,0.0,623
2023-05-10 22:03:01,eg2403,eg2403,4369.0,0.0,0.0,0.0,2,4335.0,4357.0,1,4369.0,4370.0,0.0,0.0,0.0,0.0,623
2023-05-10 22:03:08,eg2403,eg2403,4369.0,0.0,0.0,0.0,2,4335.0,4357.0,7,4369.0,4370.0,0.0,0.0,0.0,0.0,623
2023-05-10 22:03:10,eg2403,eg2403,4369.0,0.0,0.0,0.0,1,4334.0,4357.0,6,4369.0,4370.0,0.0,0.0,0.0,0.0,623
2023-05-10 22:03:10,eg2403,eg2403,4369.0,0.0,0.0,0.0,1,4334.0,4356.0,1,4369.0,4370.0,0.0,0.0,0.0,0.0,623
2023-05-10 22:03:11,eg2403,eg2403,4369.0,0.0,0.0,0.0,1,4334.0,4356.0,6,4369.0,4370.0,0.0,0.0,0.0,0.0,623
2023-05-10 22:03:12,eg2403,eg2403,4369.0,0.0,0.0,0.0,1,4334.0,4356.0,5,4369.0,4370.0,0.0,0.0,0.0,0.0,623
2023-05-10 22:03:12,eg2403,eg2403,4369.0,0.0,0.0,0.0,1,4334.0,4356.0,4,4369.0,4370.0,0.0,0.0,0.0,0.0,623
2023-05-10 22:03:13,eg2403,eg2403,4369.0,0.0,0.0,0.0,1,4334.0,4357.0,1,4369.0,4370.0,0.0,0.0,0.0,0.0,623
2023-05-10 22:03:14,eg2403,eg2403,4369.0,0.0,0.0,0.0,1,4334.0,4357.0,7,4369.0,4370.0,0.0,0.0,0.0,0.0,623
2023-05-10 22:03:35,eg2403,eg2403,4369.0,0.0,0.0,0.0,1,4334.0,4356.0,2,4369.0,4370.0,0.0,0.0,0.0,0.0,623
2023-05-10 22:03:36,eg2403,eg2403,4369.0,0.0,0.0,0.0,1,4334.0,4356.0,3,4369.0,4370.0,0.0,0.0,0.0,0.0,623
2023-05-10 22:03:36,eg2403,eg2403,4369.0,0.0,0.0,0.0,1,4334.0,4356.0,8,4369.0,4370.0,0.0,0.0,0.0,0.0,623
2023-05-10 22:03:43,eg2403,eg2403,4369.0,0.0,0.0,0.0,1,4334.0,4356.0,2,4369.0,4370.0,0.0,0.0,0.0,0.0,623
2023-05-10 22:03:44,eg2403,eg2403,4369.0,0.0,0.0,0.0,1,4334.0,4357.0,1,4369.0,4370.0,0.0,0.0,0.0,0.0,623
2023-05-10 22:03:44,eg2403,eg2403,4369.0,0.0,0.0,0.0,1,4334.0,4357.0,7,4369.0,4370.0,0.0,0.0,0.0,0.0,623
2023-05-10 22:03:49,eg2403,eg2403,4369.0,0.0,0.0,0.0,1,4334.0,4357.0,2,4369.0,4370.0,0.0,0.0,0.0,0.0,623
2023-05-10 22:03:50,eg2403,eg2403,4369.0,0.0,0.0,0.0,1,4334.0,4356.0,5,4369.0,4370.0,0.0,0.0,0.0,0.0,623
2023-05-10 22:03:50,eg2403,eg2403,4369.0,0.0,0.0,0.0,1,4334.0,4356.0,6,4369.0,4370.0,0.0,0.0,0.0,0.0,623
2023-05-10 22:04:06,eg2403,eg2403,4369.0,0.0,0.0,0.0,2,4334.0,4356.0,5,4369.0,4370.0,0.0,0.0,0.0,0.0,623
2023-05-10 22:04:06,eg2403,eg2403,4369.0,0.0,0.0,0.0,2,4334.0,4357.0,1,4369.0,4370.0,0.0,0.0,0.0,0.0,623
2023-05-10 22:04:19,eg2403,eg2403,4369.0,0.0,0.0,0.0,2,4335.0,4357.0,1,4369.0,4370.0,0.0,0.0,0.0,0.0,623
2023-05-10 22:04:28,eg2403,eg2403,4369.0,0.0,0.0,0.0,3,4335.0,4357.0,1,4369.0,4370.0,0.0,0.0,0.0,0.0,623
2023-05-10 22:04:30,eg2403,eg2403,4369.0,0.0,0.0,0.0,2,4335.0,4357.0,1,4369.0,4370.0,0.0,0.0,0.0,0.0,623
2023-05-10 22:04:31,eg2403,eg2403,4369.0,0.0,0.0,0.0,3,4335.0,4357.0,1,4369.0,4370.0,0.0,0.0,0.0,0.0,623
2023-05-10 22:04:36,eg2403,eg2403,4369.0,0.0,0.0,0.0,2,4335.0,4357.0,1,4369.0,4370.0,0.0,0.0,0.0,0.0,623
2023-05-10 22:04:38,eg2403,eg2403,4369.0,0.0,0.0,0.0,2,4335.0,4357.0,7,4369.0,4370.0,0.0,0.0,0.0,0.0,623
2023-05-10 22:04:44,eg2403,eg2403,4369.0,0.0,0.0,0.0,1,4334.0,4357.0,7,4369.0,4370.0,0.0,0.0,0.0,0.0,623
2023-05-10 22:04:44,eg2403,eg2403,4369.0,0.0,0.0,0.0,2,4334.0,4357.0,2,4369.0,4370.0,0.0,0.0,0.0,0.0,623
2023-05-10 22:04:45,eg2403,eg2403,4369.0,0.0,0.0,0.0,2,4334.0,4356.0,5,4369.0,4370.0,0.0,0.0,0.0,0.0,623
2023-05-10 22:04:45,eg2403,eg2403,4369.0,0.0,0.0,0.0,2,4334.0,4356.0,6,4369.0,4370.0,0.0,0.0,0.0,0.0,623
2023-05-10 22:04:59,eg2403,eg2403,4369.0,0.0,0.0,0.0,2,4334.0,4356.0,5,4369.0,4370.0,0.0,0.0,0.0,0.0,623
2023-05-10 22:05:00,eg2403,eg2403,4369.0,0.0,0.0,0.0,2,4334.0,4357.0,1,4369.0,4370.0,0.0,0.0,0.0,0.0,623
2023-05-10 22:05:00,eg2403,eg2403,4369.0,0.0,0.0,0.0,2,4334.0,4357.0,7,4369.0,4370.0,0.0,0.0,0.0,0.0,623
2023-05-10 22:05:02,eg2403,eg2403,4369.0,0.0,0.0,0.0,2,4334.0,4356.0,2,4369.0,4370.0,0.0,0.0,0.0,0.0,623
2023-05-10 22:05:03,eg2403,eg2403,4369.0,0.0,0.0,0.0,2,4334.0,4356.0,3,4369.0,4370.0,0.0,0.0,0.0,0.0,623
2023-05-10 22:05:09,eg2403,eg2403,4369.0,0.0,0.0,0.0,2,4334.0,4356.0,7,4369.0,4370.0,0.0,0.0,0.0,0.0,623
2023-05-10 22:05:26,eg2403,eg2403,4369.0,0.0,0.0,0.0,2,4334.0,4356.0,6,4369.0,4370.0,0.0,0.0,0.0,0.0,623
2023-05-10 22:05:26,eg2403,eg2403,4369.0,0.0,0.0,0.0,2,4334.0,4356.0,3,4369.0,4370.0,0.0,0.0,0.0,0.0,623
2023-05-10 22:05:29,eg2403,eg2403,4369.0,0.0,0.0,0.0,2,4334.0,4356.0,2,4369.0,4370.0,0.0,0.0,0.0,0.0,623
2023-05-10 22:05:30,eg2403,eg2403,4369.0,0.0,0.0,0.0,2,4334.0,4357.0,1,4369.0,4370.0,0.0,0.0,0.0,0.0,623
2023-05-10 22:05:34,eg2403,eg2403,4369.0,0.0,0.0,0.0,1,4334.0,4357.0,6,4369.0,4370.0,0.0,0.0,0.0,0.0,623
2023-05-10 22:05:35,eg2403,eg2403,4369.0,0.0,0.0,0.0,1,4334.0,4357.0,5,4369.0,4370.0,0.0,0.0,0.0,0.0,623
2023-05-10 22:05:36,eg2403,eg2403,4369.0,0.0,0.0,0.0,1,4334.0,4357.0,2,4369.0,4370.0,0.0,0.0,0.0,0.0,623
2023-05-10 22:05:37,eg2403,eg2403,4369.0,0.0,0.0,0.0,1,4334.0,4356.0,4,4369.0,4370.0,0.0,0.0,0.0,0.0,623
2023-05-10 22:05:37,eg2403,eg2403,4369.0,0.0,0.0,0.0,1,4334.0,4356.0,5,4369.0,4370.0,0.0,0.0,0.0,0.0,623
2023-05-10 22:05:42,eg2403,eg2403,4369.0,0.0,0.0,0.0,1,4334.0,4357.0,1,4369.0,4370.0,0.0,0.0,0.0,0.0,623
2023-05-10 22:05:43,eg2403,eg2403,4369.0,0.0,0.0,0.0,1,4334.0,4356.0,5,4369.0,4370.0,0.0,0.0,0.0,0.0,623
2023-05-10 22:05:44,eg2403,eg2403,4369.0,0.0,0.0,0.0,2,4335.0,4356.0,5,4369.0,4370.0,0.0,0.0,0.0,0.0,623
2023-05-10 22:06:19,eg2403,eg2403,4369.0,0.0,0.0,0.0,1,4336.0,4356.0,5,4369.0,4370.0,0.0,0.0,0.0,0.0,623
2023-05-10 22:06:21,eg2403,eg2403,4369.0,0.0,0.0,0.0,1,4336.0,4357.0,1,4369.0,4370.0,0.0,0.0,0.0,0.0,623
2023-05-10 22:06:22,eg2403,eg2403,4369.0,0.0,0.0,0.0,1,4336.0,4357.0,6,4369.0,4370.0,0.0,0.0,0.0,0.0,623
2023-05-10 22:06:23,eg2403,eg2403,4369.0,0.0,0.0,0.0,1,4336.0,4357.0,5,4369.0,4370.0,0.0,0.0,0.0,0.0,623
2023-05-10 22:06:24,eg2403,eg2403,4369.0,0.0,0.0,0.0,1,4336.0,4357.0,1,4369.0,4370.0,0.0,0.0,0.0,0.0,623
2023-05-10 22:07:00,eg2403,eg2403,4369.0,0.0,0.0,0.0,1,4338.0,4356.0,1,4369.0,4370.0,0.0,0.0,0.0,0.0,623
2023-05-10 22:07:09,eg2403,eg2403,4369.0,0.0,0.0,0.0,2,4339.0,4356.0,1,4369.0,4370.0,0.0,0.0,0.0,0.0,623
2023-05-10 22:07:35,eg2403,eg2403,4369.0,0.0,0.0,0.0,3,4339.0,4356.0,1,4369.0,4370.0,0.0,0.0,0.0,0.0,623
2023-05-10 22:07:42,eg2403,eg2403,4369.0,0.0,0.0,0.0,2,4339.0,4356.0,1,4369.0,4370.0,0.0,0.0,0.0,0.0,623
2023-05-10 22:08:11,eg2403,eg2403,4369.0,0.0,0.0,0.0,3,4339.0,4356.0,1,4369.0,4370.0,0.0,0.0,0.0,0.0,623
2023-05-10 22:09:49,eg2403,eg2403,4369.0,0.0,0.0,0.0,2,4339.0,4356.0,1,4369.0,4370.0,0.0,0.0,0.0,0.0,623
2023-05-10 22:12:08,eg2403,eg2403,4369.0,0.0,0.0,0.0,1,4334.0,4356.0,1,4369.0,4370.0,0.0,0.0,0.0,0.0,623
2023-05-10 22:12:08,eg2403,eg2403,4369.0,0.0,0.0,0.0,1,4335.0,4356.0,1,4369.0,4370.0,0.0,0.0,0.0,0.0,623
2023-05-10 22:12:09,eg2403,eg2403,4369.0,0.0,0.0,0.0,2,4335.0,4356.0,1,4369.0,4370.0,0.0,0.0,0.0,0.0,623
2023-05-10 22:12:46,eg2403,eg2403,4369.0,0.0,0.0,0.0,2,4336.0,4356.0,1,4369.0,4370.0,0.0,0.0,0.0,0.0,623
2023-05-10 22:12:50,eg2403,eg2403,4369.0,0.0,0.0,0.0,1,4337.0,4356.0,1,4369.0,4370.0,0.0,0.0,0.0,0.0,623
2023-05-10 22:13:03,eg2403,eg2403,4369.0,0.0,0.0,0.0,2,4336.0,4356.0,1,4369.0,4370.0,0.0,0.0,0.0,0.0,623
2023-05-10 22:13:04,eg2403,eg2403,4369.0,0.0,0.0,0.0,3,4336.0,4356.0,1,4369.0,4370.0,0.0,0.0,0.0,0.0,623
2023-05-10 22:13:56,eg2403,eg2403,4369.0,0.0,0.0,0.0,2,4336.0,4356.0,1,4369.0,4370.0,0.0,0.0,0.0,0.0,623
2023-05-10 22:14:18,eg2403,eg2403,4369.0,0.0,0.0,0.0,1,4335.0,4356.0,1,4369.0,4370.0,0.0,0.0,0.0,0.0,623
2023-05-10 22:14:18,eg2403,eg2403,4369.0,0.0,0.0,0.0,1,4335.0,4356.0,6,4369.0,4370.0,0.0,0.0,0.0,0.0,623
2023-05-10 22:14:21,eg2403,eg2403,4369.0,0.0,0.0,0.0,1,4335.0,4356.0,5,4369.0,4370.0,0.0,0.0,0.0,0.0,623
2023-05-10 22:14:37,eg2403,eg2403,4369.0,0.0,0.0,0.0,1,4335.0,4356.0,4,4369.0,4370.0,0.0,0.0,0.0,0.0,623
2023-05-10 22:14:38,eg2403,eg2403,4369.0,0.0,0.0,0.0,1,4335.0,4357.0,1,4369.0,4370.0,0.0,0.0,0.0,0.0,623
2023-05-10 22:14:38,eg2403,eg2403,4369.0,0.0,0.0,0.0,2,4335.0,4402.0,1,4369.0,4370.0,0.0,0.0,0.0,0.0,623
2023-05-10 22:14:39,eg2403,eg2403,4369.0,0.0,0.0,0.0,2,4335.0,4358.0,2,4369.0,4370.0,0.0,0.0,0.0,0.0,623
2023-05-10 22:14:39,eg2403,eg2403,4369.0,0.0,0.0,0.0,2,4335.0,4358.0,3,4369.0,4370.0,0.0,0.0,0.0,0.0,623
2023-05-10 22:14:40,eg2403,eg2403,4369.0,0.0,0.0,0.0,1,4335.0,4358.0,3,4369.0,4370.0,0.0,0.0,0.0,0.0,623
2023-05-10 22:14:41,eg2403,eg2403,4369.0,0.0,0.0,0.0,1,4335.0,4358.0,2,4369.0,4370.0,0.0,0.0,0.0,0.0,623
2023-05-10 22:14:42,eg2403,eg2403,4369.0,0.0,0.0,0.0,1,4335.0,4357.0,4,4369.0,4370.0,0.0,0.0,0.0,0.0,623
2023-05-10 22:14:42,eg2403,eg2403,4369.0,0.0,0.0,0.0,1,4335.0,4357.0,5,4369.0,4370.0,0.0,0.0,0.0,0.0,623
2023-05-10 22:14:43,eg2403,eg2403,4369.0,0.0,0.0,0.0,1,4335.0,4357.0,4,4369.0,4370.0,0.0,0.0,0.0,0.0,623
2023-05-10 22:14:44,eg2403,eg2403,4369.0,0.0,0.0,0.0,1,4335.0,4358.0,1,4369.0,4370.0,0.0,0.0,0.0,0.0,623
2023-05-10 22:14:45,eg2403,eg2403,4369.0,0.0,0.0,0.0,1,4335.0,4358.0,6,4369.0,4370.0,0.0,0.0,0.0,0.0,623
2023-05-10 22:14:48,eg2403,eg2403,4369.0,0.0,0.0,0.0,2,4335.0,4358.0,6,4369.0,4370.0,0.0,0.0,0.0,0.0,623
2023-05-10 22:14:50,eg2403,eg2403,4369.0,0.0,0.0,0.0,2,4335.0,4358.0,1,4369.0,4370.0,0.0,0.0,0.0,0.0,623
2023-05-10 22:14:51,eg2403,eg2403,4369.0,0.0,0.0,0.0,2,4336.0,4358.0,1,4369.0,4370.0,0.0,0.0,0.0,0.0,623
2023-05-10 22:14:57,eg2403,eg2403,4369.0,0.0,0.0,0.0,2,4336.0,4358.0,6,4369.0,4370.0,0.0,0.0,0.0,0.0,623
2023-05-10 22:15:02,eg2403,eg2403,4369.0,0.0,0.0,0.0,2,4336.0,4358.0,1,4369.0,4370.0,0.0,0.0,0.0,0.0,623
2023-05-10 22:15:05,eg2403,eg2403,4369.0,0.0,0.0,0.0,3,4336.0,4358.0,1,4369.0,4370.0,0.0,0.0,0.0,0.0,623
2023-05-10 22:18:45,eg2403,eg2403,4369.0,0.0,0.0,0.0,1,4336.0,4358.0,1,4369.0,4370.0,0.0,0.0,0.0,0.0,623
2023-05-10 22:19:02,eg2403,eg2403,4369.0,0.0,0.0,0.0,2,4337.0,4358.0,1,4369.0,4370.0,0.0,0.0,0.0,0.0,623
2023-05-10 22:19:02,eg2403,eg2403,4369.0,0.0,0.0,0.0,3,4337.0,4358.0,1,4369.0,4370.0,0.0,0.0,0.0,0.0,623
2023-05-10 22:19:06,eg2403,eg2403,4369.0,0.0,0.0,0.0,2,4337.0,4358.0,1,4369.0,4370.0,0.0,0.0,0.0,0.0,623
2023-05-10 22:19:09,eg2403,eg2403,4369.0,0.0,0.0,0.0,1,4335.0,4358.0,1,4369.0,4370.0,0.0,0.0,0.0,0.0,623
2023-05-10 22:19:10,eg2403,eg2403,4369.0,0.0,0.0,0.0,1,4336.0,4358.0,1,4369.0,4370.0,0.0,0.0,0.0,0.0,623
2023-05-10 22:19:11,eg2403,eg2403,4369.0,0.0,0.0,0.0,2,4336.0,4358.0,1,4369.0,4370.0,0.0,0.0,0.0,0.0,623
2023-05-10 22:19:22,eg2403,eg2403,4369.0,0.0,0.0,0.0,2,4336.0,4358.0,3,4369.0,4370.0,0.0,0.0,0.0,0.0,623
2023-05-10 22:19:22,eg2403,eg2403,4369.0,0.0,0.0,0.0,2,4336.0,4358.0,6,4369.0,4370.0,0.0,0.0,0.0,0.0,623
2023-05-10 22:19:25,eg2403,eg2403,4369.0,0.0,0.0,0.0,2,4336.0,4358.0,1,4369.0,4370.0,0.0,0.0,0.0,0.0,623
2023-05-10 22:19:40,eg2403,eg2403,4369.0,0.0,0.0,0.0,2,4336.0,4396.0,1,4369.0,4370.0,0.0,0.0,0.0,0.0,623
2023-05-10 22:19:41,eg2403,eg2403,4369.0,0.0,0.0,0.0,2,4336.0,4359.0,1,4369.0,4370.0,0.0,0.0,0.0,0.0,623
2023-05-10 22:19:41,eg2403,eg2403,4369.0,0.0,0.0,0.0,2,4336.0,4359.0,2,4369.0,4370.0,0.0,0.0,0.0,0.0,623
2023-05-10 22:19:45,eg2403,eg2403,4369.0,0.0,0.0,0.0,2,4336.0,4358.0,2,4369.0,4370.0,0.0,0.0,0.0,0.0,623
2023-05-10 22:23:09,eg2403,eg2403,4369.0,0.0,0.0,0.0,1,4336.0,4358.0,2,4369.0,4370.0,0.0,0.0,0.0,0.0,623
2023-05-10 22:23:10,eg2403,eg2403,4369.0,0.0,0.0,0.0,1,4336.0,4358.0,6,4369.0,4370.0,0.0,0.0,0.0,0.0,623
2023-05-10 22:23:16,eg2403,eg2403,4369.0,0.0,0.0,0.0,1,4336.0,4358.0,3,4369.0,4370.0,0.0,0.0,0.0,0.0,623
2023-05-10 22:23:17,eg2403,eg2403,4369.0,0.0,0.0,0.0,1,4336.0,4357.0,3,4369.0,4370.0,0.0,0.0,0.0,0.0,623
2023-05-10 22:23:17,eg2403,eg2403,4369.0,0.0,0.0,0.0,1,4336.0,4357.0,4,4369.0,4370.0,0.0,0.0,0.0,0.0,623
2023-05-10 22:23:57,eg2403,eg2403,4369.0,0.0,0.0,0.0,1,4336.0,4356.0,2,4369.0,4370.0,0.0,0.0,0.0,0.0,623
2023-05-10 22:24:12,eg2403,eg2403,4369.0,0.0,0.0,0.0,1,4296.0,4356.0,2,4369.0,4370.0,0.0,0.0,0.0,0.0,623
2023-05-10 22:24:12,eg2403,eg2403,4369.0,0.0,0.0,0.0,1,4333.0,4359.0,1,4369.0,4370.0,0.0,0.0,0.0,0.0,623
2023-05-10 22:24:13,eg2403,eg2403,4369.0,0.0,0.0,0.0,2,4333.0,4357.0,1,4369.0,4370.0,0.0,0.0,0.0,0.0,623
2023-05-10 22:24:17,eg2403,eg2403,4369.0,0.0,0.0,0.0,2,4333.0,4357.0,4,4369.0,4370.0,0.0,0.0,0.0,0.0,623
2023-05-10 22:24:27,eg2403,eg2403,4369.0,0.0,0.0,0.0,2,4333.0,4359.0,1,4369.0,4370.0,0.0,0.0,0.0,0.0,623
2023-05-10 22:24:27,eg2403,eg2403,4369.0,0.0,0.0,0.0,2,4333.0,4358.0,4,4369.0,4370.0,0.0,0.0,0.0,0.0,623
2023-05-10 22:24:41,eg2403,eg2403,4369.0,0.0,0.0,0.0,2,4333.0,4357.0,2,4369.0,4370.0,0.0,0.0,0.0,0.0,623
2023-05-10 22:24:41,eg2403,eg2403,4369.0,0.0,0.0,0.0,2,4333.0,4356.0,1,4369.0,4370.0,0.0,0.0,0.0,0.0,623
2023-05-10 22:24:42,eg2403,eg2403,4369.0,0.0,0.0,0.0,2,4333.0,4356.0,4,4369.0,4370.0,0.0,0.0,0.0,0.0,623
2023-05-10 22:24:48,eg2403,eg2403,4369.0,0.0,0.0,0.0,1,4333.0,4356.0,4,4369.0,4370.0,0.0,0.0,0.0,0.0,623
2023-05-10 22:25:07,eg2403,eg2403,4369.0,0.0,0.0,0.0,2,4333.0,4356.0,3,4369.0,4370.0,0.0,0.0,0.0,0.0,623
2023-05-10 22:25:07,eg2403,eg2403,4369.0,0.0,0.0,0.0,2,4333.0,4357.0,2,4369.0,4370.0,0.0,0.0,0.0,0.0,623
2023-05-10 22:25:08,eg2403,eg2403,4369.0,0.0,0.0,0.0,2,4333.0,4357.0,6,4369.0,4370.0,0.0,0.0,0.0,0.0,623
2023-05-10 22:25:33,eg2403,eg2403,4369.0,0.0,0.0,0.0,2,4333.0,4357.0,5,4369.0,4370.0,0.0,0.0,0.0,0.0,623
2023-05-10 22:25:34,eg2403,eg2403,4369.0,0.0,0.0,0.0,2,4333.0,4357.0,2,4369.0,4370.0,0.0,0.0,0.0,0.0,623
2023-05-10 22:25:43,eg2403,eg2403,4369.0,0.0,0.0,0.0,2,4333.0,4359.0,1,4369.0,4370.0,0.0,0.0,0.0,0.0,623
2023-05-10 22:25:43,eg2403,eg2403,4369.0,0.0,0.0,0.0,2,4333.0,4358.0,3,4369.0,4370.0,0.0,0.0,0.0,0.0,623
2023-05-10 22:25:44,eg2403,eg2403,4369.0,0.0,0.0,0.0,2,4333.0,4358.0,5,4369.0,4370.0,0.0,0.0,0.0,0.0,623
2023-05-10 22:26:06,eg2403,eg2403,4369.0,0.0,0.0,0.0,2,4333.0,4357.0,2,4369.0,4370.0,0.0,0.0,0.0,0.0,623
2023-05-10 22:26:07,eg2403,eg2403,4369.0,0.0,0.0,0.0,2,4333.0,4357.0,3,4369.0,4370.0,0.0,0.0,0.0,0.0,623
2023-05-10 22:26:09,eg2403,eg2403,4369.0,0.0,0.0,0.0,2,4333.0,4357.0,6,4369.0,4370.0,0.0,0.0,0.0,0.0,623
2023-05-10 22:26:17,eg2403,eg2403,4369.0,0.0,0.0,0.0,1,4333.0,4357.0,6,4369.0,4370.0,0.0,0.0,0.0,0.0,623
2023-05-10 22:26:43,eg2403,eg2403,4369.0,0.0,0.0,0.0,2,4333.0,4357.0,6,4369.0,4370.0,0.0,0.0,0.0,0.0,623
2023-05-10 22:26:50,eg2403,eg2403,4369.0,0.0,0.0,0.0,1,4333.0,4357.0,6,4369.0,4370.0,0.0,0.0,0.0,0.0,623
2023-05-10 22:27:08,eg2403,eg2403,4369.0,0.0,0.0,0.0,1,4333.0,4357.0,3,4369.0,4370.0,0.0,0.0,0.0,0.0,623
2023-05-10 22:27:08,eg2403,eg2403,4369.0,0.0,0.0,0.0,1,4333.0,4356.0,2,4369.0,4370.0,0.0,0.0,0.0,0.0,623
2023-05-10 22:27:09,eg2403,eg2403,4369.0,0.0,0.0,0.0,1,4333.0,4356.0,3,4369.0,4370.0,0.0,0.0,0.0,0.0,623
2023-05-10 22:27:18,eg2403,eg2403,4369.0,0.0,0.0,0.0,1,4333.0,4357.0,2,4369.0,4370.0,0.0,0.0,0.0,0.0,623
2023-05-10 22:27:19,eg2403,eg2403,4369.0,0.0,0.0,0.0,1,4333.0,4357.0,5,4369.0,4370.0,0.0,0.0,0.0,0.0,623
2023-05-10 22:27:23,eg2403,eg2403,4369.0,0.0,0.0,0.0,2,4333.0,4357.0,5,4369.0,4370.0,0.0,0.0,0.0,0.0,623
2023-05-10 22:27:24,eg2403,eg2403,4369.0,0.0,0.0,0.0,2,4333.0,4357.0,2,4369.0,4370.0,0.0,0.0,0.0,0.0,623
2023-05-10 22:27:33,eg2403,eg2403,4369.0,0.0,0.0,0.0,2,4333.0,4357.0,5,4369.0,4370.0,0.0,0.0,0.0,0.0,623
2023-05-10 22:27:33,eg2403,eg2403,4369.0,0.0,0.0,0.0,1,4333.0,4357.0,5,4369.0,4370.0,0.0,0.0,0.0,0.0,623
2023-05-10 22:27:36,eg2403,eg2403,4369.0,0.0,0.0,0.0,2,4333.0,4357.0,5,4369.0,4370.0,0.0,0.0,0.0,0.0,623
2023-05-10 22:27:47,eg2403,eg2403,4369.0,0.0,0.0,0.0,2,4333.0,4357.0,4,4369.0,4370.0,0.0,0.0,0.0,0.0,623
2023-05-10 22:27:50,eg2403,eg2403,4369.0,0.0,0.0,0.0,2,4333.0,4357.0,2,4369.0,4370.0,0.0,0.0,0.0,0.0,623
2023-05-10 22:27:51,eg2403,eg2403,4369.0,0.0,0.0,0.0,2,4333.0,4357.0,5,4369.0,4370.0,0.0,0.0,0.0,0.0,623
2023-05-10 22:28:02,eg2403,eg2403,4369.0,0.0,0.0,0.0,1,4333.0,4357.0,5,4369.0,4370.0,0.0,0.0,0.0,0.0,623
2023-05-10 22:28:11,eg2403,eg2403,4369.0,0.0,0.0,0.0,2,4333.0,4357.0,5,4369.0,4370.0,0.0,0.0,0.0,0.0,623
2023-05-10 22:28:18,eg2403,eg2403,4369.0,0.0,0.0,0.0,2,4333.0,4357.0,2,4369.0,4370.0,0.0,0.0,0.0,0.0,623
2023-05-10 22:28:59,eg2403,eg2403,4369.0,0.0,0.0,0.0,2,4333.0,4357.0,3,4369.0,4370.0,0.0,0.0,0.0,0.0,623
2023-05-10 22:29:00,eg2403,eg2403,4369.0,0.0,0.0,0.0,2,4333.0,4357.0,5,4369.0,4370.0,0.0,0.0,0.0,0.0,623
2023-05-10 22:29:14,eg2403,eg2403,4369.0,0.0,0.0,0.0,1,4333.0,4357.0,5,4369.0,4370.0,0.0,0.0,0.0,0.0,623
2023-05-10 22:29:15,eg2403,eg2403,4369.0,0.0,0.0,0.0,2,4333.0,4357.0,5,4369.0,4370.0,0.0,0.0,0.0,0.0,623
2023-05-10 22:30:01,eg2403,eg2403,4369.0,0.0,0.0,0.0,2,4333.0,4357.0,3,4369.0,4370.0,0.0,0.0,0.0,0.0,623
2023-05-10 22:30:02,eg2403,eg2403,4369.0,0.0,0.0,0.0,2,4333.0,4357.0,2,4369.0,4370.0,0.0,0.0,0.0,0.0,623
2023-05-10 22:30:04,eg2403,eg2403,4369.0,0.0,0.0,0.0,2,4333.0,4358.0,1,4369.0,4370.0,0.0,0.0,0.0,0.0,623
2023-05-10 22:30:19,eg2403,eg2403,4369.0,0.0,0.0,0.0,2,4334.0,4358.0,1,4369.0,4370.0,0.0,0.0,0.0,0.0,623
2023-05-10 22:30:19,eg2403,eg2403,4369.0,0.0,0.0,0.0,1,4338.0,4358.0,1,4369.0,4370.0,0.0,0.0,0.0,0.0,623
2023-05-10 22:30:45,eg2403,eg2403,4369.0,0.0,0.0,0.0,1,4338.0,4395.0,2,4369.0,4370.0,0.0,0.0,0.0,0.0,623
2023-05-10 22:30:45,eg2403,eg2403,4369.0,0.0,0.0,0.0,1,4338.0,4363.0,1,4369.0,4370.0,0.0,0.0,0.0,0.0,623
2023-05-10 22:30:46,eg2403,eg2403,4369.0,0.0,0.0,0.0,1,4338.0,4363.0,2,4369.0,4370.0,0.0,0.0,0.0,0.0,623
2023-05-10 22:30:48,eg2403,eg2403,4369.0,0.0,0.0,0.0,1,4338.0,4363.0,3,4369.0,4370.0,0.0,0.0,0.0,0.0,623
2023-05-10 22:30:59,eg2403,eg2403,4369.0,0.0,0.0,0.0,1,4338.0,4363.0,2,4369.0,4370.0,0.0,0.0,0.0,0.0,623
2023-05-10 22:30:59,eg2403,eg2403,4369.0,0.0,0.0,0.0,1,4338.0,4363.0,3,4369.0,4370.0,0.0,0.0,0.0,0.0,623
2023-05-10 22:31:00,eg2403,eg2403,4369.0,0.0,0.0,0.0,2,4339.0,4363.0,3,4369.0,4370.0,0.0,0.0,0.0,0.0,623
2023-05-10 22:31:02,eg2403,eg2403,4369.0,0.0,0.0,0.0,1,4333.0,4363.0,3,4369.0,4370.0,0.0,0.0,0.0,0.0,623
2023-05-10 22:31:03,eg2403,eg2403,4369.0,0.0,0.0,0.0,1,4339.0,4363.0,3,4369.0,4370.0,0.0,0.0,0.0,0.0,623
2023-05-10 22:31:05,eg2403,eg2403,4369.0,0.0,0.0,0.0,1,4339.0,4363.0,2,4369.0,4370.0,0.0,0.0,0.0,0.0,623
2023-05-10 22:31:06,eg2403,eg2403,4369.0,0.0,0.0,0.0,1,4333.0,4362.0,1,4369.0,4370.0,0.0,0.0,0.0,0.0,623
2023-05-10 22:31:06,eg2403,eg2403,4369.0,0.0,0.0,0.0,1,4338.0,4362.0,2,4369.0,4370.0,0.0,0.0,0.0,0.0,623
2023-05-10 22:31:15,eg2403,eg2403,4369.0,0.0,0.0,0.0,1,4338.0,4363.0,1,4369.0,4370.0,0.0,0.0,0.0,0.0,623
2023-05-10 22:31:16,eg2403,eg2403,4369.0,0.0,0.0,0.0,1,4338.0,4363.0,3,4369.0,4370.0,0.0,0.0,0.0,0.0,623
2023-05-10 22:31:19,eg2403,eg2403,4369.0,0.0,0.0,0.0,1,4338.0,4363.0,2,4369.0,4370.0,0.0,0.0,0.0,0.0,623
2023-05-10 22:31:19,eg2403,eg2403,4369.0,0.0,0.0,0.0,1,4338.0,4362.0,1,4369.0,4370.0,0.0,0.0,0.0,0.0,623
2023-05-10 22:31:22,eg2403,eg2403,4369.0,0.0,0.0,0.0,1,4338.0,4363.0,1,4369.0,4370.0,0.0,0.0,0.0,0.0,623
2023-05-10 22:31:23,eg2403,eg2403,4369.0,0.0,0.0,0.0,1,4338.0,4363.0,3,4369.0,4370.0,0.0,0.0,0.0,0.0,623
2023-05-10 22:31:26,eg2403,eg2403,4369.0,0.0,0.0,0.0,1,4338.0,4363.0,2,4369.0,4370.0,0.0,0.0,0.0,0.0,623
2023-05-10 22:31:27,eg2403,eg2403,4369.0,0.0,0.0,0.0,1,4338.0,4362.0,1,4369.0,4370.0,0.0,0.0,0.0,0.0,623
2023-05-10 22:31:27,eg2403,eg2403,4369.0,0.0,0.0,0.0,1,4338.0,4362.0,2,4369.0,4370.0,0.0,0.0,0.0,0.0,623
2023-05-10 22:31:42,eg2403,eg2403,4369.0,0.0,0.0,0.0,1,4338.0,4361.0,2,4369.0,4370.0,0.0,0.0,0.0,0.0,623
2023-05-10 22:31:57,eg2403,eg2403,4369.0,0.0,0.0,0.0,1,4338.0,4363.0,1,4369.0,4370.0,0.0,0.0,0.0,0.0,623
2023-05-10 22:32:25,eg2403,eg2403,4369.0,0.0,0.0,0.0,1,4338.0,4362.0,2,4369.0,4370.0,0.0,0.0,0.0,0.0,623
2023-05-10 22:33:07,eg2403,eg2403,4369.0,0.0,0.0,0.0,1,4333.0,4362.0,2,4369.0,4370.0,0.0,0.0,0.0,0.0,623
2023-05-10 22:33:08,eg2403,eg2403,4369.0,0.0,0.0,0.0,1,4340.0,4362.0,2,4369.0,4370.0,0.0,0.0,0.0,0.0,623
2023-05-10 22:33:08,eg2403,eg2403,4369.0,0.0,0.0,0.0,1,4333.0,4362.0,2,4369.0,4370.0,0.0,0.0,0.0,0.0,623
2023-05-10 22:33:09,eg2403,eg2403,4369.0,0.0,0.0,0.0,1,4339.0,4362.0,2,4369.0,4370.0,0.0,0.0,0.0,0.0,623
2023-05-10 22:33:32,eg2403,eg2403,4369.0,0.0,0.0,0.0,1,4333.0,4362.0,2,4369.0,4370.0,0.0,0.0,0.0,0.0,623
2023-05-10 22:33:33,eg2403,eg2403,4369.0,0.0,0.0,0.0,1,4339.0,4362.0,2,4369.0,4370.0,0.0,0.0,0.0,0.0,623
2023-05-10 22:33:55,eg2403,eg2403,4369.0,0.0,0.0,0.0,1,4333.0,4362.0,3,4369.0,4370.0,0.0,0.0,0.0,0.0,623
2023-05-10 22:33:56,eg2403,eg2403,4369.0,0.0,0.0,0.0,1,4338.0,4361.0,1,4369.0,4370.0,0.0,0.0,0.0,0.0,623
2023-05-10 22:33:56,eg2403,eg2403,4369.0,0.0,0.0,0.0,1,4338.0,4360.0,1,4369.0,4370.0,0.0,0.0,0.0,0.0,623
2023-05-10 22:33:57,eg2403,eg2403,4369.0,0.0,0.0,0.0,1,4338.0,4361.0,1,4369.0,4370.0,0.0,0.0,0.0,0.0,623
2023-05-10 22:33:58,eg2403,eg2403,4369.0,0.0,0.0,0.0,1,4338.0,4361.0,2,4369.0,4370.0,0.0,0.0,0.0,0.0,623
2023-05-10 22:34:04,eg2403,eg2403,4369.0,0.0,0.0,0.0,1,4333.0,4361.0,2,4369.0,4370.0,0.0,0.0,0.0,0.0,623
2023-05-10 22:34:04,eg2403,eg2403,4369.0,0.0,0.0,0.0,1,4338.0,4361.0,2,4369.0,4370.0,0.0,0.0,0.0,0.0,623
2023-05-10 22:34:05,eg2403,eg2403,4369.0,0.0,0.0,0.0,1,4333.0,4361.0,2,4369.0,4370.0,0.0,0.0,0.0,0.0,623
2023-05-10 22:34:06,eg2403,eg2403,4369.0,0.0,0.0,0.0,1,4337.0,4361.0,2,4369.0,4370.0,0.0,0.0,0.0,0.0,623
2023-05-10 22:34:26,eg2403,eg2403,4369.0,0.0,0.0,0.0,1,4333.0,4361.0,2,4369.0,4370.0,0.0,0.0,0.0,0.0,623
2023-05-10 22:34:27,eg2403,eg2403,4369.0,0.0,0.0,0.0,1,4336.0,4361.0,2,4369.0,4370.0,0.0,0.0,0.0,0.0,623
2023-05-10 22:34:28,eg2403,eg2403,4369.0,0.0,0.0,0.0,2,4336.0,4361.0,2,4369.0,4370.0,0.0,0.0,0.0,0.0,623
2023-05-10 22:34:35,eg2403,eg2403,4369.0,0.0,0.0,0.0,1,4336.0,4361.0,2,4369.0,4370.0,0.0,0.0,0.0,0.0,623
2023-05-10 22:34:36,eg2403,eg2403,4369.0,0.0,0.0,0.0,1,4337.0,4361.0,2,4369.0,4370.0,0.0,0.0,0.0,0.0,623
2023-05-10 22:35:13,eg2403,eg2403,4369.0,0.0,0.0,0.0,1,4337.0,4360.0,2,4369.0,4370.0,0.0,0.0,0.0,0.0,623
2023-05-10 22:36:10,eg2403,eg2403,4369.0,0.0,0.0,0.0,1,4336.0,4360.0,2,4369.0,4370.0,0.0,0.0,0.0,0.0,623
2023-05-10 22:36:11,eg2403,eg2403,4369.0,0.0,0.0,0.0,1,4338.0,4360.0,2,4369.0,4370.0,0.0,0.0,0.0,0.0,623
2023-05-10 22:36:27,eg2403,eg2403,4369.0,0.0,0.0,0.0,1,4336.0,4360.0,2,4369.0,4370.0,0.0,0.0,0.0,0.0,623
2023-05-10 22:36:28,eg2403,eg2403,4369.0,0.0,0.0,0.0,1,4339.0,4360.0,2,4369.0,4370.0,0.0,0.0,0.0,0.0,623
2023-05-10 22:36:49,eg2403,eg2403,4369.0,0.0,0.0,0.0,1,4336.0,4360.0,2,4369.0,4370.0,0.0,0.0,0.0,0.0,623
2023-05-10 22:36:50,eg2403,eg2403,4369.0,0.0,0.0,0.0,1,4338.0,4360.0,2,4369.0,4370.0,0.0,0.0,0.0,0.0,623
2023-05-10 22:37:01,eg2403,eg2403,4369.0,0.0,0.0,0.0,1,4336.0,4358.0,1,4369.0,4370.0,0.0,0.0,0.0,0.0,623
2023-05-10 22:37:02,eg2403,eg2403,4369.0,0.0,0.0,0.0,1,4338.0,4360.0,2,4369.0,4370.0,0.0,0.0,0.0,0.0,623
2023-05-10 22:37:16,eg2403,eg2403,4369.0,0.0,0.0,0.0,1,4336.0,4360.0,2,4369.0,4370.0,0.0,0.0,0.0,0.0,623
2023-05-10 22:37:16,eg2403,eg2403,4369.0,0.0,0.0,0.0,1,4337.0,4360.0,2,4369.0,4370.0,0.0,0.0,0.0,0.0,623
2023-05-10 22:37:17,eg2403,eg2403,4369.0,0.0,0.0,0.0,1,4336.0,4359.0,2,4369.0,4370.0,0.0,0.0,0.0,0.0,623
2023-05-10 22:37:18,eg2403,eg2403,4369.0,0.0,0.0,0.0,2,4336.0,4359.0,2,4369.0,4370.0,0.0,0.0,0.0,0.0,623
2023-05-10 22:37:23,eg2403,eg2403,4369.0,0.0,0.0,0.0,1,4336.0,4359.0,2,4369.0,4370.0,0.0,0.0,0.0,0.0,623
2023-05-10 22:37:27,eg2403,eg2403,4369.0,0.0,0.0,0.0,2,4336.0,4359.0,2,4369.0,4370.0,0.0,0.0,0.0,0.0,623
2023-05-10 22:37:33,eg2403,eg2403,4369.0,0.0,0.0,0.0,1,4336.0,4360.0,2,4369.0,4370.0,0.0,0.0,0.0,0.0,623
2023-05-10 22:37:33,eg2403,eg2403,4369.0,0.0,0.0,0.0,2,4336.0,4360.0,4,4369.0,4370.0,0.0,0.0,0.0,0.0,623
2023-05-10 22:37:38,eg2403,eg2403,4369.0,0.0,0.0,0.0,1,4336.0,4360.0,3,4369.0,4370.0,0.0,0.0,0.0,0.0,623
2023-05-10 22:37:39,eg2403,eg2403,4369.0,0.0,0.0,0.0,2,4336.0,4359.0,1,4369.0,4370.0,0.0,0.0,0.0,0.0,623
2023-05-10 22:37:39,eg2403,eg2403,4369.0,0.0,0.0,0.0,2,4336.0,4359.0,2,4369.0,4370.0,0.0,0.0,0.0,0.0,623
2023-05-10 22:37:46,eg2403,eg2403,4369.0,0.0,0.0,0.0,1,4336.0,4359.0,2,4369.0,4370.0,0.0,0.0,0.0,0.0,623
2023-05-10 22:37:49,eg2403,eg2403,4369.0,0.0,0.0,0.0,2,4336.0,4359.0,2,4369.0,4370.0,0.0,0.0,0.0,0.0,623
2023-05-10 22:37:59,eg2403,eg2403,4369.0,0.0,0.0,0.0,1,4336.0,4359.0,2,4369.0,4370.0,0.0,0.0,0.0,0.0,623
2023-05-10 22:38:44,eg2403,eg2403,4369.0,0.0,0.0,0.0,1,4336.0,4358.0,2,4369.0,4370.0,0.0,0.0,0.0,0.0,623
2023-05-10 22:38:44,eg2403,eg2403,4369.0,0.0,0.0,0.0,1,4336.0,4358.0,3,4369.0,4370.0,0.0,0.0,0.0,0.0,623
2023-05-10 22:38:50,eg2403,eg2403,4369.0,0.0,0.0,0.0,1,4336.0,4358.0,4,4369.0,4370.0,0.0,0.0,0.0,0.0,623
2023-05-10 22:39:08,eg2403,eg2403,4369.0,0.0,0.0,0.0,1,4336.0,4358.0,3,4369.0,4370.0,0.0,0.0,0.0,0.0,623
2023-05-10 22:39:17,eg2403,eg2403,4369.0,0.0,0.0,0.0,1,4336.0,4358.0,2,4369.0,4370.0,0.0,0.0,0.0,0.0,623
2023-05-10 22:39:25,eg2403,eg2403,4369.0,0.0,0.0,0.0,1,4336.0,4358.0,4,4369.0,4370.0,0.0,0.0,0.0,0.0,623
2023-05-10 22:39:29,eg2403,eg2403,4369.0,0.0,0.0,0.0,1,4291.0,4358.0,4,4369.0,4370.0,0.0,0.0,0.0,0.0,623
2023-05-10 22:39:29,eg2403,eg2403,4369.0,0.0,0.0,0.0,1,4334.0,4358.0,4,4369.0,4370.0,0.0,0.0,0.0,0.0,623
2023-05-10 22:39:30,eg2403,eg2403,4369.0,0.0,0.0,0.0,2,4334.0,4358.0,4,4369.0,4370.0,0.0,0.0,0.0,0.0,623
2023-05-10 22:39:33,eg2403,eg2403,4369.0,0.0,0.0,0.0,2,4334.0,4358.0,2,4369.0,4370.0,0.0,0.0,0.0,0.0,623
2023-05-10 22:40:11,eg2403,eg2403,4369.0,0.0,0.0,0.0,2,4334.0,4363.0,1,4369.0,4370.0,0.0,0.0,0.0,0.0,623
2023-05-10 22:40:12,eg2403,eg2403,4369.0,0.0,0.0,0.0,2,4334.0,4361.0,1,4369.0,4370.0,0.0,0.0,0.0,0.0,623
2023-05-10 22:40:13,eg2403,eg2403,4369.0,0.0,0.0,0.0,2,4334.0,4361.0,2,4369.0,4370.0,0.0,0.0,0.0,0.0,623
2023-05-10 22:40:14,eg2403,eg2403,4369.0,0.0,0.0,0.0,2,4334.0,4361.0,1,4369.0,4370.0,0.0,0.0,0.0,0.0,623
2023-05-10 22:40:30,eg2403,eg2403,4369.0,0.0,0.0,0.0,2,4334.0,4361.0,2,4369.0,4370.0,0.0,0.0,0.0,0.0,623
2023-05-10 22:40:30,eg2403,eg2403,4369.0,0.0,0.0,0.0,2,4334.0,4360.0,1,4369.0,4370.0,0.0,0.0,0.0,0.0,623
2023-05-10 22:40:31,eg2403,eg2403,4369.0,0.0,0.0,0.0,2,4334.0,4360.0,2,4369.0,4370.0,0.0,0.0,0.0,0.0,623
2023-05-10 22:40:50,eg2403,eg2403,4369.0,0.0,0.0,0.0,2,4334.0,4359.0,2,4369.0,4370.0,0.0,0.0,0.0,0.0,623
2023-05-10 22:40:51,eg2403,eg2403,4369.0,0.0,0.0,0.0,2,4334.0,4358.0,1,4369.0,4370.0,0.0,0.0,0.0,0.0,623
2023-05-10 22:40:52,eg2403,eg2403,4369.0,0.0,0.0,0.0,2,4334.0,4358.0,2,4369.0,4370.0,0.0,0.0,0.0,0.0,623
2023-05-10 22:41:19,eg2403,eg2403,4369.0,0.0,0.0,0.0,2,4334.0,4358.0,1,4369.0,4370.0,0.0,0.0,0.0,0.0,623
2023-05-10 22:41:19,eg2403,eg2403,4369.0,0.0,0.0,0.0,2,4334.0,4357.0,1,4369.0,4370.0,0.0,0.0,0.0,0.0,623
2023-05-10 22:41:20,eg2403,eg2403,4369.0,0.0,0.0,0.0,2,4334.0,4357.0,2,4369.0,4370.0,0.0,0.0,0.0,0.0,623
2023-05-10 22:41:26,eg2403,eg2403,4369.0,0.0,0.0,0.0,2,4334.0,4359.0,2,4369.0,4370.0,0.0,0.0,0.0,0.0,623
2023-05-10 22:41:27,eg2403,eg2403,4369.0,0.0,0.0,0.0,2,4334.0,4358.0,2,4369.0,4370.0,0.0,0.0,0.0,0.0,623
2023-05-10 22:42:14,eg2403,eg2403,4369.0,0.0,0.0,0.0,2,4334.0,4357.0,2,4369.0,4370.0,0.0,0.0,0.0,0.0,623
2023-05-10 22:42:36,eg2403,eg2403,4369.0,0.0,0.0,0.0,2,4334.0,4361.0,1,4369.0,4370.0,0.0,0.0,0.0,0.0,623
2023-05-10 22:42:36,eg2403,eg2403,4369.0,0.0,0.0,0.0,2,4334.0,4360.0,1,4369.0,4370.0,0.0,0.0,0.0,0.0,623
2023-05-10 22:42:37,eg2403,eg2403,4369.0,0.0,0.0,0.0,2,4334.0,4360.0,2,4369.0,4370.0,0.0,0.0,0.0,0.0,623
2023-05-10 22:42:56,eg2403,eg2403,4369.0,0.0,0.0,0.0,2,4334.0,4359.0,2,4369.0,4370.0,0.0,0.0,0.0,0.0,623
2023-05-10 22:43:22,eg2403,eg2403,4369.0,0.0,0.0,0.0,2,4334.0,4358.0,1,4369.0,4370.0,0.0,0.0,0.0,0.0,623
2023-05-10 22:43:23,eg2403,eg2403,4369.0,0.0,0.0,0.0,2,4334.0,4358.0,2,4369.0,4370.0,0.0,0.0,0.0,0.0,623
2023-05-10 22:43:31,eg2403,eg2403,4369.0,0.0,0.0,0.0,2,4334.0,4359.0,2,4369.0,4370.0,0.0,0.0,0.0,0.0,623
2023-05-10 22:43:32,eg2403,eg2403,4369.0,0.0,0.0,0.0,2,4334.0,4359.0,4,4369.0,4370.0,0.0,0.0,0.0,0.0,623
2023-05-10 22:43:37,eg2403,eg2403,4369.0,0.0,0.0,0.0,2,4334.0,4359.0,2,4369.0,4370.0,0.0,0.0,0.0,0.0,623
2023-05-10 22:44:02,eg2403,eg2403,4369.0,0.0,0.0,0.0,2,4334.0,4358.0,1,4369.0,4370.0,0.0,0.0,0.0,0.0,623
2023-05-10 22:44:04,eg2403,eg2403,4369.0,0.0,0.0,0.0,2,4334.0,4358.0,2,4369.0,4370.0,0.0,0.0,0.0,0.0,623
2023-05-10 22:44:32,eg2403,eg2403,4369.0,0.0,0.0,0.0,1,4334.0,4358.0,2,4369.0,4370.0,0.0,0.0,0.0,0.0,623
2023-05-10 22:44:33,eg2403,eg2403,4369.0,0.0,0.0,0.0,2,4334.0,4358.0,2,4369.0,4370.0,0.0,0.0,0.0,0.0,623
2023-05-10 22:45:00,eg2403,eg2403,4369.0,0.0,0.0,0.0,2,4334.0,4357.0,2,4369.0,4370.0,0.0,0.0,0.0,0.0,623
2023-05-10 22:46:51,eg2403,eg2403,4369.0,0.0,0.0,0.0,2,4334.0,4361.0,1,4369.0,4370.0,0.0,0.0,0.0,0.0,623
2023-05-10 22:46:52,eg2403,eg2403,4369.0,0.0,0.0,0.0,2,4334.0,4360.0,2,4369.0,4370.0,0.0,0.0,0.0,0.0,623
2023-05-10 22:46:54,eg2403,eg2403,4369.0,0.0,0.0,0.0,2,4334.0,4360.0,3,4369.0,4370.0,0.0,0.0,0.0,0.0,623
2023-05-10 22:47:07,eg2403,eg2403,4369.0,0.0,0.0,0.0,2,4335.0,4360.0,3,4369.0,4370.0,0.0,0.0,0.0,0.0,623
2023-05-10 22:47:08,eg2403,eg2403,4369.0,0.0,0.0,0.0,1,4336.0,4360.0,3,4369.0,4370.0,0.0,0.0,0.0,0.0,623
2023-05-10 22:47:11,eg2403,eg2403,4369.0,0.0,0.0,0.0,1,4334.0,4360.0,3,4369.0,4370.0,0.0,0.0,0.0,0.0,623
2023-05-10 22:47:12,eg2403,eg2403,4369.0,0.0,0.0,0.0,1,4335.0,4360.0,3,4369.0,4370.0,0.0,0.0,0.0,0.0,623
2023-05-10 22:47:52,eg2403,eg2403,4369.0,0.0,0.0,0.0,1,4335.0,4359.0,2,4369.0,4370.0,0.0,0.0,0.0,0.0,623
2023-05-10 22:48:02,eg2403,eg2403,4369.0,0.0,0.0,0.0,1,4334.0,4359.0,2,4369.0,4370.0,0.0,0.0,0.0,0.0,623
2023-05-10 22:48:03,eg2403,eg2403,4369.0,0.0,0.0,0.0,1,4335.0,4359.0,4,4369.0,4370.0,0.0,0.0,0.0,0.0,623
2023-05-10 22:48:04,eg2403,eg2403,4369.0,0.0,0.0,0.0,1,4335.0,4359.0,3,4369.0,4370.0,0.0,0.0,0.0,0.0,623
2023-05-10 22:48:11,eg2403,eg2403,4369.0,0.0,0.0,0.0,1,4335.0,4359.0,2,4369.0,4370.0,0.0,0.0,0.0,0.0,623
2023-05-10 22:48:21,eg2403,eg2403,4369.0,0.0,0.0,0.0,1,4334.0,4359.0,2,4369.0,4370.0,0.0,0.0,0.0,0.0,623
2023-05-10 22:48:21,eg2403,eg2403,4369.0,0.0,0.0,0.0,1,4335.0,4359.0,2,4369.0,4370.0,0.0,0.0,0.0,0.0,623
2023-05-10 22:49:06,eg2403,eg2403,4369.0,0.0,0.0,0.0,1,4335.0,4360.0,1,4369.0,4370.0,0.0,0.0,0.0,0.0,623
2023-05-10 22:49:07,eg2403,eg2403,4369.0,0.0,0.0,0.0,1,4335.0,4360.0,2,4369.0,4370.0,0.0,0.0,0.0,0.0,623
2023-05-10 22:49:09,eg2403,eg2403,4369.0,0.0,0.0,0.0,1,4335.0,4360.0,3,4369.0,4370.0,0.0,0.0,0.0,0.0,623
2023-05-10 22:49:17,eg2403,eg2403,4369.0,0.0,0.0,0.0,2,4336.0,4360.0,3,4369.0,4370.0,0.0,0.0,0.0,0.0,623
2023-05-10 22:49:17,eg2403,eg2403,4369.0,0.0,0.0,0.0,3,4336.0,4360.0,3,4369.0,4370.0,0.0,0.0,0.0,0.0,623
2023-05-10 22:49:18,eg2403,eg2403,4369.0,0.0,0.0,0.0,3,4336.0,4360.0,1,4369.0,4370.0,0.0,0.0,0.0,0.0,623
2023-05-10 22:49:47,eg2403,eg2403,4369.0,0.0,0.0,0.0,3,4336.0,4360.0,2,4369.0,4370.0,0.0,0.0,0.0,0.0,623
2023-05-10 22:49:58,eg2403,eg2403,4369.0,0.0,0.0,0.0,3,4336.0,4360.0,1,4369.0,4370.0,0.0,0.0,0.0,0.0,623
2023-05-10 22:51:55,eg2403,eg2403,4369.0,0.0,0.0,0.0,3,4336.0,4394.0,1,4369.0,4370.0,0.0,0.0,0.0,0.0,623
2023-05-10 22:51:55,eg2403,eg2403,4369.0,0.0,0.0,0.0,3,4336.0,4364.0,1,4369.0,4370.0,0.0,0.0,0.0,0.0,623
2023-05-10 22:51:56,eg2403,eg2403,4369.0,0.0,0.0,0.0,3,4336.0,4364.0,2,4369.0,4370.0,0.0,0.0,0.0,0.0,623
2023-05-10 22:52:09,eg2403,eg2403,4369.0,0.0,0.0,0.0,3,4336.0,4364.0,1,4369.0,4370.0,0.0,0.0,0.0,0.0,623
2023-05-10 22:52:41,eg2403,eg2403,4369.0,0.0,0.0,0.0,2,4337.0,4364.0,1,4369.0,4370.0,0.0,0.0,0.0,0.0,623
2023-05-10 22:52:42,eg2403,eg2403,4369.0,0.0,0.0,0.0,1,4341.0,4364.0,1,4369.0,4370.0,0.0,0.0,0.0,0.0,623
2023-05-10 22:53:27,eg2403,eg2403,4369.0,0.0,0.0,0.0,2,4342.0,4364.0,1,4369.0,4370.0,0.0,0.0,0.0,0.0,623
2023-05-10 22:53:28,eg2403,eg2403,4369.0,0.0,0.0,0.0,1,4344.0,4364.0,1,4369.0,4370.0,0.0,0.0,0.0,0.0,623
2023-05-10 22:54:10,eg2403,eg2403,4369.0,0.0,0.0,0.0,2,4345.0,4364.0,1,4369.0,4370.0,0.0,0.0,0.0,0.0,623
2023-05-10 22:54:11,eg2403,eg2403,4369.0,0.0,0.0,0.0,3,4345.0,4364.0,1,4369.0,4370.0,0.0,0.0,0.0,0.0,623
2023-05-10 22:56:57,eg2403,eg2403,4369.0,0.0,0.0,0.0,3,4345.0,4409.0,1,4369.0,4370.0,0.0,0.0,0.0,0.0,623
2023-05-10 22:56:57,eg2403,eg2403,4369.0,0.0,0.0,0.0,3,4345.0,4369.0,1,4369.0,4370.0,0.0,0.0,0.0,0.0,623
2023-05-10 22:56:59,eg2403,eg2403,4369.0,0.0,0.0,0.0,3,4345.0,4369.0,2,4369.0,4370.0,0.0,0.0,0.0,0.0,623
2023-05-10 22:57:00,eg2403,eg2403,4369.0,0.0,0.0,0.0,3,4345.0,4369.0,1,4369.0,4370.0,0.0,0.0,0.0,0.0,623
2023-05-10 22:59:08,eg2403,eg2403,4369.0,0.0,0.0,0.0,1,4345.0,4369.0,1,4369.0,4370.0,0.0,0.0,0.0,0.0,623
2023-05-10 22:59:47,eg2403,eg2403,4369.0,0.0,0.0,0.0,1,4345.0,4409.0,1,4369.0,4370.0,0.0,0.0,0.0,0.0,623
2023-05-10 22:59:47,eg2403,eg2403,4369.0,0.0,0.0,0.0,1,4345.0,4371.0,1,4369.0,4370.0,0.0,0.0,0.0,0.0,623
2023-05-10 22:59:53,eg2403,eg2403,4369.0,0.0,0.0,0.0,1,4291.0,4397.0,1,4369.0,4370.0,0.0,0.0,0.0,0.0,623
2023-05-10 22:59:54,eg2403,eg2403,4369.0,0.0,0.0,0.0,1,4312.0,4397.0,1,4369.0,4370.0,0.0,0.0,0.0,0.0,623
2023-05-10 22:59:57,eg2403,eg2403,4369.0,0.0,0.0,0.0,4,4288.0,0.0,0,4369.0,4370.0,0.0,0.0,0.0,0.0,623
2023-05-11 09:00:02,eg2403,eg2403,4369.0,0.0,0.0,0.0,4,4288.0,4374.0,1,4369.0,4370.0,0.0,0.0,0.0,0.0,623
2023-05-11 09:00:02,eg2403,eg2403,4369.0,0.0,0.0,0.0,1,4305.0,4375.0,1,4369.0,4370.0,0.0,0.0,0.0,0.0,623
2023-05-11 09:00:03,eg2403,eg2403,4369.0,0.0,0.0,0.0,1,4351.0,4374.0,1,4369.0,4370.0,0.0,0.0,0.0,0.0,623
2023-05-11 09:00:03,eg2403,eg2403,4369.0,0.0,0.0,0.0,1,4305.0,4374.0,1,4369.0,4370.0,0.0,0.0,0.0,0.0,623
2023-05-11 09:00:04,eg2403,eg2403,4369.0,0.0,0.0,0.0,1,4349.0,4374.0,1,4369.0,4370.0,0.0,0.0,0.0,0.0,623
2023-05-11 09:00:04,eg2403,eg2403,4369.0,0.0,0.0,0.0,1,4349.0,4373.0,1,4369.0,4370.0,0.0,0.0,0.0,0.0,623
2023-05-11 09:00:07,eg2403,eg2403,4369.0,0.0,0.0,0.0,1,4349.0,4374.0,1,4369.0,4370.0,0.0,0.0,0.0,0.0,623
2023-05-11 09:00:07,eg2403,eg2403,4369.0,0.0,0.0,0.0,1,4349.0,4374.0,4,4369.0,4370.0,0.0,0.0,0.0,0.0,623
2023-05-11 09:00:09,eg2403,eg2403,4369.0,0.0,0.0,0.0,1,4349.0,4374.0,3,4369.0,4370.0,0.0,0.0,0.0,0.0,623
2023-05-11 09:00:10,eg2403,eg2403,4369.0,0.0,0.0,0.0,1,4344.0,4374.0,2,4369.0,4370.0,0.0,0.0,0.0,0.0,623
2023-05-11 09:00:10,eg2403,eg2403,4369.0,0.0,0.0,0.0,1,4349.0,4373.0,1,4369.0,4370.0,0.0,0.0,0.0,0.0,623
2023-05-11 09:00:11,eg2403,eg2403,4369.0,0.0,0.0,0.0,1,4349.0,4373.0,4,4369.0,4370.0,0.0,0.0,0.0,0.0,623
2023-05-11 09:00:13,eg2403,eg2403,4369.0,0.0,0.0,0.0,1,4349.0,4373.0,1,4369.0,4370.0,0.0,0.0,0.0,0.0,623
2023-05-11 09:00:14,eg2403,eg2403,4369.0,0.0,0.0,0.0,1,4349.0,4373.0,2,4369.0,4370.0,0.0,0.0,0.0,0.0,623
2023-05-11 09:00:14,eg2403,eg2403,4369.0,0.0,0.0,0.0,1,4344.0,4373.0,3,4369.0,4370.0,0.0,0.0,0.0,0.0,623
2023-05-11 09:00:15,eg2403,eg2403,4369.0,0.0,0.0,0.0,1,4348.0,4373.0,3,4369.0,4370.0,0.0,0.0,0.0,0.0,623
2023-05-11 09:00:15,eg2403,eg2403,4369.0,0.0,0.0,0.0,2,4350.0,4372.0,2,4369.0,4370.0,0.0,0.0,0.0,0.0,623
2023-05-11 09:00:16,eg2403,eg2403,4369.0,0.0,0.0,0.0,2,4350.0,4372.0,3,4369.0,4370.0,0.0,0.0,0.0,0.0,623
2023-05-11 09:00:17,eg2403,eg2403,4369.0,0.0,0.0,0.0,1,4344.0,4372.0,3,4369.0,4370.0,0.0,0.0,0.0,0.0,623
2023-05-11 09:00:17,eg2403,eg2403,4369.0,0.0,0.0,0.0,1,4348.0,4372.0,4,4369.0,4370.0,0.0,0.0,0.0,0.0,623
2023-05-11 09:00:18,eg2403,eg2403,4369.0,0.0,0.0,0.0,1,4344.0,4372.0,6,4369.0,4370.0,0.0,0.0,0.0,0.0,623
2023-05-11 09:00:19,eg2403,eg2403,4369.0,0.0,0.0,0.0,1,4347.0,4372.0,6,4369.0,4370.0,0.0,0.0,0.0,0.0,623
2023-05-11 09:00:19,eg2403,eg2403,4369.0,0.0,0.0,0.0,1,4347.0,4372.0,5,4369.0,4370.0,0.0,0.0,0.0,0.0,623
2023-05-11 09:00:20,eg2403,eg2403,4369.0,0.0,0.0,0.0,1,4347.0,4371.0,1,4369.0,4370.0,0.0,0.0,0.0,0.0,623
2023-05-11 09:00:21,eg2403,eg2403,4369.0,0.0,0.0,0.0,1,4347.0,4371.0,2,4369.0,4370.0,0.0,0.0,0.0,0.0,623
2023-05-11 09:00:21,eg2403,eg2403,4369.0,0.0,0.0,0.0,1,4347.0,4371.0,5,4369.0,4370.0,0.0,0.0,0.0,0.0,623
2023-05-11 09:00:22,eg2403,eg2403,4369.0,0.0,0.0,0.0,1,4347.0,4371.0,4,4369.0,4370.0,0.0,0.0,0.0,0.0,623
2023-05-11 09:00:22,eg2403,eg2403,4369.0,0.0,0.0,0.0,1,4347.0,4371.0,3,4369.0,4370.0,0.0,0.0,0.0,0.0,623
2023-05-11 09:00:23,eg2403,eg2403,4369.0,0.0,0.0,0.0,1,4347.0,4371.0,1,4369.0,4370.0,0.0,0.0,0.0,0.0,623
2023-05-11 09:00:24,eg2403,eg2403,4369.0,0.0,0.0,0.0,1,4347.0,4376.0,1,4369.0,4370.0,0.0,0.0,0.0,0.0,623
2023-05-11 09:00:25,eg2403,eg2403,4369.0,0.0,0.0,0.0,1,4347.0,4372.0,1,4369.0,4370.0,0.0,0.0,0.0,0.0,623
2023-05-11 09:00:27,eg2403,eg2403,4369.0,0.0,0.0,0.0,1,4347.0,4375.0,5,4369.0,4370.0,0.0,0.0,0.0,0.0,623
2023-05-11 09:00:27,eg2403,eg2403,4369.0,0.0,0.0,0.0,1,4347.0,4373.0,1,4369.0,4370.0,0.0,0.0,0.0,0.0,623
2023-05-11 09:00:28,eg2403,eg2403,4369.0,0.0,0.0,0.0,1,4347.0,4373.0,6,4369.0,4370.0,0.0,0.0,0.0,0.0,623
2023-05-11 09:00:31,eg2403,eg2403,4369.0,0.0,0.0,0.0,1,4347.0,4373.0,1,4369.0,4370.0,0.0,0.0,0.0,0.0,623
2023-05-11 09:00:31,eg2403,eg2403,4369.0,0.0,0.0,0.0,1,4347.0,4372.0,5,4369.0,4370.0,0.0,0.0,0.0,0.0,623
2023-05-11 09:00:32,eg2403,eg2403,4369.0,0.0,0.0,0.0,1,4347.0,4372.0,6,4369.0,4370.0,0.0,0.0,0.0,0.0,623
2023-05-11 09:00:32,eg2403,eg2403,4369.0,0.0,0.0,0.0,1,4347.0,4372.0,5,4369.0,4370.0,0.0,0.0,0.0,0.0,623
2023-05-11 09:00:34,eg2403,eg2403,4369.0,0.0,0.0,0.0,1,4347.0,4376.0,1,4369.0,4370.0,0.0,0.0,0.0,0.0,623
2023-05-11 09:00:34,eg2403,eg2403,4369.0,0.0,0.0,0.0,1,4347.0,4373.0,1,4369.0,4370.0,0.0,0.0,0.0,0.0,623
2023-05-11 09:00:35,eg2403,eg2403,4369.0,0.0,0.0,0.0,1,4347.0,4375.0,5,4369.0,4370.0,0.0,0.0,0.0,0.0,623
2023-05-11 09:00:35,eg2403,eg2403,4369.0,0.0,0.0,0.0,1,4347.0,4374.0,1,4369.0,4370.0,0.0,0.0,0.0,0.0,623
2023-05-11 09:00:36,eg2403,eg2403,4369.0,0.0,0.0,0.0,1,4347.0,4375.0,4,4369.0,4370.0,0.0,0.0,0.0,0.0,623
2023-05-11 09:00:37,eg2403,eg2403,4369.0,0.0,0.0,0.0,1,4347.0,4375.0,1,4369.0,4370.0,0.0,0.0,0.0,0.0,623
2023-05-11 09:00:37,eg2403,eg2403,4369.0,0.0,0.0,0.0,1,4347.0,4375.0,4,4369.0,4370.0,0.0,0.0,0.0,0.0,623
2023-05-11 09:00:37,eg2403,eg2403,4369.0,0.0,0.0,0.0,1,4347.0,4375.0,5,4369.0,4370.0,0.0,0.0,0.0,0.0,623
2023-05-11 09:00:41,eg2403,eg2403,4369.0,0.0,0.0,0.0,1,4347.0,4375.0,6,4369.0,4370.0,0.0,0.0,0.0,0.0,623
2023-05-11 09:00:58,eg2403,eg2403,4369.0,0.0,0.0,0.0,2,4348.0,4375.0,6,4369.0,4370.0,0.0,0.0,0.0,0.0,623
2023-05-11 09:00:59,eg2403,eg2403,4369.0,0.0,0.0,0.0,1,4351.0,4376.0,1,4369.0,4370.0,0.0,0.0,0.0,0.0,623
2023-05-11 09:00:59,eg2403,eg2403,4369.0,0.0,0.0,0.0,1,4351.0,4376.0,2,4369.0,4370.0,0.0,0.0,0.0,0.0,623
2023-05-11 09:01:00,eg2403,eg2403,4369.0,0.0,0.0,0.0,1,4351.0,4375.0,5,4369.0,4370.0,0.0,0.0,0.0,0.0,623
2023-05-11 09:01:00,eg2403,eg2403,4369.0,0.0,0.0,0.0,1,4351.0,4375.0,6,4369.0,4370.0,0.0,0.0,0.0,0.0,623
2023-05-11 09:01:02,eg2403,eg2403,4369.0,0.0,0.0,0.0,1,4351.0,4375.0,5,4369.0,4370.0,0.0,0.0,0.0,0.0,623
2023-05-11 09:01:02,eg2403,eg2403,4369.0,0.0,0.0,0.0,1,4351.0,4376.0,1,4369.0,4370.0,0.0,0.0,0.0,0.0,623
2023-05-11 09:01:03,eg2403,eg2403,4369.0,0.0,0.0,0.0,1,4351.0,4376.0,7,4369.0,4370.0,0.0,0.0,0.0,0.0,623
2023-05-11 09:01:06,eg2403,eg2403,4369.0,0.0,0.0,0.0,1,4351.0,4376.0,1,4369.0,4370.0,0.0,0.0,0.0,0.0,623
2023-05-11 09:01:36,eg2403,eg2403,4369.0,0.0,0.0,0.0,1,4351.0,4376.0,2,4369.0,4370.0,0.0,0.0,0.0,0.0,623
2023-05-11 09:01:37,eg2403,eg2403,4369.0,0.0,0.0,0.0,1,4351.0,4376.0,6,4369.0,4370.0,0.0,0.0,0.0,0.0,623
2023-05-11 09:01:37,eg2403,eg2403,4369.0,0.0,0.0,0.0,1,4351.0,4376.0,7,4369.0,4370.0,0.0,0.0,0.0,0.0,623
2023-05-11 09:01:40,eg2403,eg2403,4369.0,0.0,0.0,0.0,2,4352.0,4376.0,7,4369.0,4370.0,0.0,0.0,0.0,0.0,623
2023-05-11 09:01:41,eg2403,eg2403,4369.0,0.0,0.0,0.0,3,4352.0,4376.0,7,4369.0,4370.0,0.0,0.0,0.0,0.0,623
2023-05-11 09:01:51,eg2403,eg2403,4369.0,0.0,0.0,0.0,3,4352.0,4376.0,2,4369.0,4370.0,0.0,0.0,0.0,0.0,623
2023-05-11 09:01:51,eg2403,eg2403,4369.0,0.0,0.0,0.0,3,4352.0,4375.0,5,4369.0,4370.0,0.0,0.0,0.0,0.0,623
2023-05-11 09:01:52,eg2403,eg2403,4369.0,0.0,0.0,0.0,3,4352.0,4375.0,6,4369.0,4370.0,0.0,0.0,0.0,0.0,623
2023-05-11 09:01:54,eg2403,eg2403,4369.0,0.0,0.0,0.0,3,4352.0,4376.0,1,4369.0,4370.0,0.0,0.0,0.0,0.0,623
2023-05-11 09:01:55,eg2403,eg2403,4369.0,0.0,0.0,0.0,3,4352.0,4376.0,7,4369.0,4370.0,0.0,0.0,0.0,0.0,623
2023-05-11 09:01:56,eg2403,eg2403,4369.0,0.0,0.0,0.0,3,4352.0,4376.0,6,4369.0,4370.0,0.0,0.0,0.0,0.0,623
2023-05-11 09:01:57,eg2403,eg2403,4369.0,0.0,0.0,0.0,3,4352.0,4376.0,1,4369.0,4370.0,0.0,0.0,0.0,0.0,623
2023-05-11 09:02:07,eg2403,eg2403,4369.0,0.0,0.0,0.0,3,4352.0,4376.0,7,4369.0,4370.0,0.0,0.0,0.0,0.0,623
2023-05-11 09:02:08,eg2403,eg2403,4369.0,0.0,0.0,0.0,3,4352.0,4376.0,6,4369.0,4370.0,0.0,0.0,0.0,0.0,623
2023-05-11 09:02:10,eg2403,eg2403,4369.0,0.0,0.0,0.0,3,4352.0,4376.0,1,4369.0,4370.0,0.0,0.0,0.0,0.0,623
2023-05-11 09:02:15,eg2403,eg2403,4369.0,0.0,0.0,0.0,3,4352.0,4376.0,6,4369.0,4370.0,0.0,0.0,0.0,0.0,623
2023-05-11 09:02:18,eg2403,eg2403,4369.0,0.0,0.0,0.0,3,4352.0,4376.0,7,4369.0,4370.0,0.0,0.0,0.0,0.0,623
2023-05-11 09:02:20,eg2403,eg2403,4369.0,0.0,0.0,0.0,1,4352.0,4376.0,7,4369.0,4370.0,0.0,0.0,0.0,0.0,623
2023-05-11 09:02:20,eg2403,eg2403,4369.0,0.0,0.0,0.0,1,4352.0,4376.0,2,4369.0,4370.0,0.0,0.0,0.0,0.0,623
2023-05-11 09:02:21,eg2403,eg2403,4369.0,0.0,0.0,0.0,1,4352.0,4375.0,4,4369.0,4370.0,0.0,0.0,0.0,0.0,623
2023-05-11 09:02:21,eg2403,eg2403,4369.0,0.0,0.0,0.0,1,4352.0,4375.0,6,4369.0,4370.0,0.0,0.0,0.0,0.0,623
2023-05-11 09:02:22,eg2403,eg2403,4369.0,0.0,0.0,0.0,1,4352.0,4375.0,8,4369.0,4370.0,0.0,0.0,0.0,0.0,623
2023-05-11 09:02:23,eg2403,eg2403,4369.0,0.0,0.0,0.0,1,4344.0,4375.0,8,4369.0,4370.0,0.0,0.0,0.0,0.0,623
2023-05-11 09:02:23,eg2403,eg2403,4369.0,0.0,0.0,0.0,1,4351.0,4375.0,8,4369.0,4370.0,0.0,0.0,0.0,0.0,623
2023-05-11 09:02:24,eg2403,eg2403,4369.0,0.0,0.0,0.0,1,4351.0,4375.0,6,4369.0,4370.0,0.0,0.0,0.0,0.0,623
2023-05-11 09:02:29,eg2403,eg2403,4369.0,0.0,0.0,0.0,1,4344.0,4375.0,6,4369.0,4370.0,0.0,0.0,0.0,0.0,623
2023-05-11 09:02:29,eg2403,eg2403,4369.0,0.0,0.0,0.0,1,4350.0,4375.0,6,4369.0,4370.0,0.0,0.0,0.0,0.0,623
2023-05-11 09:02:30,eg2403,eg2403,4369.0,0.0,0.0,0.0,1,4344.0,4375.0,6,4369.0,4370.0,0.0,0.0,0.0,0.0,623
2023-05-11 09:02:30,eg2403,eg2403,4369.0,0.0,0.0,0.0,1,4349.0,4375.0,6,4369.0,4370.0,0.0,0.0,0.0,0.0,623
2023-05-11 09:03:05,eg2403,eg2403,4369.0,0.0,0.0,0.0,1,4349.0,4374.0,2,4369.0,4370.0,0.0,0.0,0.0,0.0,623
2023-05-11 09:03:05,eg2403,eg2403,4369.0,0.0,0.0,0.0,1,4349.0,4374.0,3,4369.0,4370.0,0.0,0.0,0.0,0.0,623
2023-05-11 09:03:06,eg2403,eg2403,4369.0,0.0,0.0,0.0,1,4349.0,4374.0,4,4369.0,4370.0,0.0,0.0,0.0,0.0,623
2023-05-11 09:03:07,eg2403,eg2403,4369.0,0.0,0.0,0.0,1,4349.0,4373.0,3,4369.0,4370.0,0.0,0.0,0.0,0.0,623
2023-05-11 09:03:08,eg2403,eg2403,4369.0,0.0,0.0,0.0,1,4349.0,4373.0,5,4369.0,4370.0,0.0,0.0,0.0,0.0,623
2023-05-11 09:03:11,eg2403,eg2403,4369.0,0.0,0.0,0.0,1,4349.0,4374.0,3,4369.0,4370.0,0.0,0.0,0.0,0.0,623
2023-05-11 09:03:12,eg2403,eg2403,4369.0,0.0,0.0,0.0,1,4349.0,4374.0,8,4369.0,4370.0,0.0,0.0,0.0,0.0,623
2023-05-11 09:03:12,eg2403,eg2403,4369.0,0.0,0.0,0.0,1,4349.0,4374.0,4,4369.0,4370.0,0.0,0.0,0.0,0.0,623
2023-05-11 09:03:16,eg2403,eg2403,4369.0,0.0,0.0,0.0,1,4349.0,4376.0,1,4369.0,4370.0,0.0,0.0,0.0,0.0,623
2023-05-11 09:03:17,eg2403,eg2403,4369.0,0.0,0.0,0.0,1,4349.0,4374.0,2,4369.0,4370.0,0.0,0.0,0.0,0.0,623
2023-05-11 09:03:20,eg2403,eg2403,4369.0,0.0,0.0,0.0,1,4349.0,4374.0,6,4369.0,4370.0,0.0,0.0,0.0,0.0,623
2023-05-11 09:03:22,eg2403,eg2403,4369.0,0.0,0.0,0.0,1,4349.0,4374.0,1,4369.0,4370.0,0.0,0.0,0.0,0.0,623
2023-05-11 09:03:23,eg2403,eg2403,4369.0,0.0,0.0,0.0,1,4349.0,4373.0,5,4369.0,4370.0,0.0,0.0,0.0,0.0,623
2023-05-11 09:03:23,eg2403,eg2403,4369.0,0.0,0.0,0.0,1,4349.0,4373.0,6,4369.0,4370.0,0.0,0.0,0.0,0.0,623
2023-05-11 09:03:47,eg2403,eg2403,4369.0,0.0,0.0,0.0,1,4349.0,4372.0,2,4369.0,4370.0,0.0,0.0,0.0,0.0,623
2023-05-11 09:03:47,eg2403,eg2403,4369.0,0.0,0.0,0.0,1,4349.0,4372.0,3,4369.0,4370.0,0.0,0.0,0.0,0.0,623
2023-05-11 09:03:48,eg2403,eg2403,4369.0,0.0,0.0,0.0,1,4349.0,4372.0,8,4369.0,4370.0,0.0,0.0,0.0,0.0,623
2023-05-11 09:04:37,eg2403,eg2403,4369.0,0.0,0.0,0.0,1,4344.0,4372.0,8,4369.0,4370.0,0.0,0.0,0.0,0.0,623
2023-05-11 09:04:38,eg2403,eg2403,4369.0,0.0,0.0,0.0,1,4348.0,4372.0,8,4369.0,4370.0,0.0,0.0,0.0,0.0,623
2023-05-11 09:04:38,eg2403,eg2403,4369.0,0.0,0.0,0.0,1,4348.0,4372.0,3,4369.0,4370.0,0.0,0.0,0.0,0.0,623
2023-05-11 09:04:39,eg2403,eg2403,4369.0,0.0,0.0,0.0,1,4348.0,4371.0,4,4369.0,4370.0,0.0,0.0,0.0,0.0,623
2023-05-11 09:04:39,eg2403,eg2403,4369.0,0.0,0.0,0.0,1,4348.0,4371.0,6,4369.0,4370.0,0.0,0.0,0.0,0.0,623
2023-05-11 09:05:04,eg2403,eg2403,4369.0,0.0,0.0,0.0,1,4344.0,4371.0,6,4369.0,4370.0,0.0,0.0,0.0,0.0,623
2023-05-11 09:05:05,eg2403,eg2403,4369.0,0.0,0.0,0.0,1,4347.0,4371.0,6,4369.0,4370.0,0.0,0.0,0.0,0.0,623
2023-05-11 09:05:05,eg2403,eg2403,4369.0,0.0,0.0,0.0,1,4344.0,4371.0,6,4369.0,4370.0,0.0,0.0,0.0,0.0,623
2023-05-11 09:05:06,eg2403,eg2403,4369.0,0.0,0.0,0.0,1,4346.0,4371.0,6,4369.0,4370.0,0.0,0.0,0.0,0.0,623
2023-05-11 09:05:07,eg2403,eg2403,4369.0,0.0,0.0,0.0,2,4346.0,4371.0,6,4369.0,4370.0,0.0,0.0,0.0,0.0,623
2023-05-11 09:05:11,eg2403,eg2403,4369.0,0.0,0.0,0.0,2,4346.0,4372.0,2,4369.0,4370.0,0.0,0.0,0.0,0.0,623
2023-05-11 09:05:11,eg2403,eg2403,4369.0,0.0,0.0,0.0,2,4346.0,4372.0,8,4369.0,4370.0,0.0,0.0,0.0,0.0,623
2023-05-11 09:05:14,eg2403,eg2403,4369.0,0.0,0.0,0.0,2,4346.0,4372.0,3,4369.0,4370.0,0.0,0.0,0.0,0.0,623
2023-05-11 09:05:14,eg2403,eg2403,4369.0,0.0,0.0,0.0,2,4346.0,4371.0,5,4369.0,4370.0,0.0,0.0,0.0,0.0,623
2023-05-11 09:05:15,eg2403,eg2403,4369.0,0.0,0.0,0.0,2,4346.0,4370.0,1,4369.0,4370.0,0.0,0.0,0.0,0.0,623
2023-05-11 09:05:17,eg2403,eg2403,4369.0,0.0,0.0,0.0,2,4346.0,4370.0,6,4369.0,4370.0,0.0,0.0,0.0,0.0,623
2023-05-11 09:05:26,eg2403,eg2403,4369.0,0.0,0.0,0.0,2,4346.0,4370.0,1,4369.0,4370.0,0.0,0.0,0.0,0.0,623
2023-05-11 09:05:26,eg2403,eg2403,4369.0,0.0,0.0,0.0,2,4346.0,4369.0,1,4369.0,4370.0,0.0,0.0,0.0,0.0,623
2023-05-11 09:05:29,eg2403,eg2403,4369.0,0.0,0.0,0.0,2,4346.0,4370.0,4,4369.0,4370.0,0.0,0.0,0.0,0.0,623
2023-05-11 09:05:29,eg2403,eg2403,4369.0,0.0,0.0,0.0,2,4346.0,4370.0,6,4369.0,4370.0,0.0,0.0,0.0,0.0,623
2023-05-11 09:05:33,eg2403,eg2403,4369.0,0.0,0.0,0.0,2,4346.0,4370.0,1,4369.0,4370.0,0.0,0.0,0.0,0.0,623
2023-05-11 09:05:34,eg2403,eg2403,4369.0,0.0,0.0,0.0,2,4346.0,4369.0,5,4369.0,4370.0,0.0,0.0,0.0,0.0,623
2023-05-11 09:05:34,eg2403,eg2403,4369.0,0.0,0.0,0.0,2,4346.0,4369.0,6,4369.0,4370.0,0.0,0.0,0.0,0.0,623
2023-05-11 09:05:37,eg2403,eg2403,4369.0,0.0,0.0,0.0,2,4346.0,4372.0,2,4369.0,4370.0,0.0,0.0,0.0,0.0,623
2023-05-11 09:05:37,eg2403,eg2403,4369.0,0.0,0.0,0.0,2,4346.0,4370.0,1,4369.0,4370.0,0.0,0.0,0.0,0.0,623
2023-05-11 09:05:46,eg2403,eg2403,4369.0,0.0,0.0,0.0,2,4346.0,4370.0,6,4369.0,4370.0,0.0,0.0,0.0,0.0,623
2023-05-11 09:06:02,eg2403,eg2403,4369.0,0.0,0.0,0.0,2,4346.0,4370.0,5,4369.0,4370.0,0.0,0.0,0.0,0.0,623
2023-05-11 09:06:04,eg2403,eg2403,4369.0,0.0,0.0,0.0,2,4346.0,4370.0,3,4369.0,4370.0,0.0,0.0,0.0,0.0,623
2023-05-11 09:06:04,eg2403,eg2403,4369.0,0.0,0.0,0.0,2,4346.0,4372.0,2,4369.0,4370.0,0.0,0.0,0.0,0.0,623
2023-05-11 09:06:05,eg2403,eg2403,4369.0,0.0,0.0,0.0,2,4346.0,4371.0,6,4369.0,4370.0,0.0,0.0,0.0,0.0,623
2023-05-11 09:06:06,eg2403,eg2403,4369.0,0.0,0.0,0.0,2,4346.0,4371.0,5,4369.0,4370.0,0.0,0.0,0.0,0.0,623
2023-05-11 09:06:12,eg2403,eg2403,4369.0,0.0,0.0,0.0,2,4346.0,4372.0,2,4369.0,4370.0,0.0,0.0,0.0,0.0,623
2023-05-11 09:06:13,eg2403,eg2403,4369.0,0.0,0.0,0.0,2,4346.0,4372.0,8,4369.0,4370.0,0.0,0.0,0.0,0.0,623
2023-05-11 09:06:16,eg2403,eg2403,4369.0,0.0,0.0,0.0,2,4346.0,4372.0,3,4369.0,4370.0,0.0,0.0,0.0,0.0,623
2023-05-11 09:06:17,eg2403,eg2403,4369.0,0.0,0.0,0.0,2,4346.0,4371.0,5,4369.0,4370.0,0.0,0.0,0.0,0.0,623
2023-05-11 09:06:17,eg2403,eg2403,4369.0,0.0,0.0,0.0,2,4346.0,4371.0,6,4369.0,4370.0,0.0,0.0,0.0,0.0,623
2023-05-11 09:06:30,eg2403,eg2403,4369.0,0.0,0.0,0.0,2,4346.0,4371.0,5,4369.0,4370.0,0.0,0.0,0.0,0.0,623
2023-05-11 09:06:31,eg2403,eg2403,4369.0,0.0,0.0,0.0,2,4346.0,4371.0,2,4369.0,4370.0,0.0,0.0,0.0,0.0,623
2023-05-11 09:06:32,eg2403,eg2403,4369.0,0.0,0.0,0.0,2,4346.0,4371.0,6,4369.0,4370.0,0.0,0.0,0.0,0.0,623
2023-05-11 09:06:33,eg2403,eg2403,4369.0,0.0,0.0,0.0,2,4346.0,4371.0,4,4369.0,4370.0,0.0,0.0,0.0,0.0,623
2023-05-11 09:06:34,eg2403,eg2403,4369.0,0.0,0.0,0.0,2,4346.0,4376.0,1,4369.0,4370.0,0.0,0.0,0.0,0.0,623
2023-05-11 09:06:35,eg2403,eg2403,4369.0,0.0,0.0,0.0,2,4346.0,4372.0,1,4369.0,4370.0,0.0,0.0,0.0,0.0,623
2023-05-11 09:06:36,eg2403,eg2403,4369.0,0.0,0.0,0.0,2,4346.0,4372.0,2,4369.0,4370.0,0.0,0.0,0.0,0.0,623
2023-05-11 09:06:38,eg2403,eg2403,4369.0,0.0,0.0,0.0,2,4346.0,4371.0,5,4369.0,4370.0,0.0,0.0,0.0,0.0,623
2023-05-11 09:06:38,eg2403,eg2403,4369.0,0.0,0.0,0.0,2,4346.0,4371.0,6,4369.0,4370.0,0.0,0.0,0.0,0.0,623
2023-05-11 09:07:17,eg2403,eg2403,4369.0,0.0,0.0,0.0,2,4346.0,4370.0,2,4369.0,4370.0,0.0,0.0,0.0,0.0,623
2023-05-11 09:07:18,eg2403,eg2403,4369.0,0.0,0.0,0.0,2,4346.0,4369.0,1,4369.0,4370.0,0.0,0.0,0.0,0.0,623
2023-05-11 09:07:18,eg2403,eg2403,4369.0,0.0,0.0,0.0,2,4346.0,4369.0,6,4369.0,4370.0,0.0,0.0,0.0,0.0,623
2023-05-11 09:07:26,eg2403,eg2403,4369.0,0.0,0.0,0.0,1,4346.0,4369.0,6,4369.0,4370.0,0.0,0.0,0.0,0.0,623
2023-05-11 09:07:37,eg2403,eg2403,4369.0,0.0,0.0,0.0,2,4346.0,4369.0,6,4369.0,4370.0,0.0,0.0,0.0,0.0,623
2023-05-11 09:07:37,eg2403,eg2403,4369.0,0.0,0.0,0.0,1,4346.0,4369.0,6,4369.0,4370.0,0.0,0.0,0.0,0.0,623
2023-05-11 09:07:59,eg2403,eg2403,4369.0,0.0,0.0,0.0,1,4346.0,4368.0,2,4369.0,4370.0,0.0,0.0,0.0,0.0,623
2023-05-11 09:07:59,eg2403,eg2403,4369.0,0.0,0.0,0.0,1,4346.0,4368.0,3,4369.0,4370.0,0.0,0.0,0.0,0.0,623
2023-05-11 09:08:00,eg2403,eg2403,4369.0,0.0,0.0,0.0,1,4346.0,4368.0,8,4369.0,4370.0,0.0,0.0,0.0,0.0,623
2023-05-11 09:08:16,eg2403,eg2403,4369.0,0.0,0.0,0.0,1,4346.0,4368.0,4,4369.0,4370.0,0.0,0.0,0.0,0.0,623
2023-05-11 09:08:16,eg2403,eg2403,4369.0,0.0,0.0,0.0,1,4346.0,4368.0,8,4369.0,4370.0,0.0,0.0,0.0,0.0,623
2023-05-11 09:08:34,eg2403,eg2403,4369.0,0.0,0.0,0.0,1,4346.0,4368.0,7,4369.0,4370.0,0.0,0.0,0.0,0.0,623
2023-05-11 09:08:34,eg2403,eg2403,4369.0,0.0,0.0,0.0,1,4346.0,4368.0,2,4369.0,4370.0,0.0,0.0,0.0,0.0,623
2023-05-11 09:08:35,eg2403,eg2403,4369.0,0.0,0.0,0.0,1,4346.0,4368.0,8,4369.0,4370.0,0.0,0.0,0.0,0.0,623
2023-05-11 09:08:50,eg2403,eg2403,4369.0,0.0,0.0,0.0,1,4346.0,4368.0,7,4369.0,4370.0,0.0,0.0,0.0,0.0,623
2023-05-11 09:08:50,eg2403,eg2403,4369.0,0.0,0.0,0.0,1,4346.0,4367.0,1,4369.0,4370.0,0.0,0.0,0.0,0.0,623
2023-05-11 09:08:51,eg2403,eg2403,4369.0,0.0,0.0,0.0,1,4346.0,4367.0,6,4369.0,4370.0,0.0,0.0,0.0,0.0,623
2023-05-11 09:08:58,eg2403,eg2403,4369.0,0.0,0.0,0.0,1,4346.0,4368.0,2,4369.0,4370.0,0.0,0.0,0.0,0.0,623
2023-05-11 09:08:59,eg2403,eg2403,4369.0,0.0,0.0,0.0,1,4346.0,4368.0,8,4369.0,4370.0,0.0,0.0,0.0,0.0,623
2023-05-11 09:09:05,eg2403,eg2403,4369.0,0.0,0.0,0.0,1,4346.0,4368.0,3,4369.0,4370.0,0.0,0.0,0.0,0.0,623
2023-05-11 09:09:05,eg2403,eg2403,4369.0,0.0,0.0,0.0,1,4346.0,4367.0,5,4369.0,4370.0,0.0,0.0,0.0,0.0,623
2023-05-11 09:09:06,eg2403,eg2403,4369.0,0.0,0.0,0.0,1,4346.0,4367.0,6,4369.0,4370.0,0.0,0.0,0.0,0.0,623
2023-05-11 09:09:18,eg2403,eg2403,4369.0,0.0,0.0,0.0,1,4346.0,4367.0,5,4369.0,4370.0,0.0,0.0,0.0,0.0,623
2023-05-11 09:09:19,eg2403,eg2403,4369.0,0.0,0.0,0.0,1,4346.0,4368.0,2,4369.0,4370.0,0.0,0.0,0.0,0.0,623
2023-05-11 09:09:19,eg2403,eg2403,4369.0,0.0,0.0,0.0,1,4346.0,4368.0,8,4369.0,4370.0,0.0,0.0,0.0,0.0,623
2023-05-11 09:09:22,eg2403,eg2403,4369.0,0.0,0.0,0.0,1,4346.0,4368.0,3,4369.0,4370.0,0.0,0.0,0.0,0.0,623
2023-05-11 09:09:22,eg2403,eg2403,4369.0,0.0,0.0,0.0,1,4346.0,4367.0,5,4369.0,4370.0,0.0,0.0,0.0,0.0,623
2023-05-11 09:09:23,eg2403,eg2403,4369.0,0.0,0.0,0.0,1,4346.0,4367.0,6,4369.0,4370.0,0.0,0.0,0.0,0.0,623
2023-05-11 09:09:41,eg2403,eg2403,4369.0,0.0,0.0,0.0,1,4306.0,4367.0,6,4369.0,4370.0,0.0,0.0,0.0,0.0,623
2023-05-11 09:09:42,eg2403,eg2403,4369.0,0.0,0.0,0.0,1,4341.0,4367.0,6,4369.0,4370.0,0.0,0.0,0.0,0.0,623
2023-05-11 09:09:42,eg2403,eg2403,4369.0,0.0,0.0,0.0,2,4341.0,4367.0,6,4369.0,4370.0,0.0,0.0,0.0,0.0,623
2023-05-11 09:10:05,eg2403,eg2403,4369.0,0.0,0.0,0.0,2,4341.0,4366.0,2,4369.0,4370.0,0.0,0.0,0.0,0.0,623
2023-05-11 09:10:12,eg2403,eg2403,4369.0,0.0,0.0,0.0,2,4341.0,4372.0,1,4369.0,4370.0,0.0,0.0,0.0,0.0,623
2023-05-11 09:10:13,eg2403,eg2403,4369.0,0.0,0.0,0.0,2,4341.0,4367.0,1,4369.0,4370.0,0.0,0.0,0.0,0.0,623
2023-05-11 09:10:16,eg2403,eg2403,4369.0,0.0,0.0,0.0,2,4341.0,4367.0,2,4369.0,4370.0,0.0,0.0,0.0,0.0,623
2023-05-11 09:10:16,eg2403,eg2403,4369.0,0.0,0.0,0.0,2,4341.0,4367.0,6,4369.0,4370.0,0.0,0.0,0.0,0.0,623
2023-05-11 09:10:22,eg2403,eg2403,4369.0,0.0,0.0,0.0,2,4341.0,4367.0,1,4369.0,4370.0,0.0,0.0,0.0,0.0,623
2023-05-11 09:10:23,eg2403,eg2403,4369.0,0.0,0.0,0.0,2,4341.0,4366.0,5,4369.0,4370.0,0.0,0.0,0.0,0.0,623
2023-05-11 09:10:23,eg2403,eg2403,4369.0,0.0,0.0,0.0,2,4341.0,4366.0,6,4369.0,4370.0,0.0,0.0,0.0,0.0,623
2023-05-11 09:10:48,eg2403,eg2403,4369.0,0.0,0.0,0.0,2,4341.0,4365.0,2,4369.0,4370.0,0.0,0.0,0.0,0.0,623
2023-05-11 09:10:48,eg2403,eg2403,4369.0,0.0,0.0,0.0,2,4341.0,4365.0,3,4369.0,4370.0,0.0,0.0,0.0,0.0,623
2023-05-11 09:10:49,eg2403,eg2403,4369.0,0.0,0.0,0.0,2,4341.0,4365.0,8,4369.0,4370.0,0.0,0.0,0.0,0.0,623
2023-05-11 09:10:56,eg2403,eg2403,4369.0,0.0,0.0,0.0,2,4341.0,4365.0,3,4369.0,4370.0,0.0,0.0,0.0,0.0,623
2023-05-11 09:10:56,eg2403,eg2403,4369.0,0.0,0.0,0.0,2,4341.0,4364.0,5,4369.0,4370.0,0.0,0.0,0.0,0.0,623
2023-05-11 09:10:57,eg2403,eg2403,4369.0,0.0,0.0,0.0,2,4341.0,4364.0,6,4369.0,4370.0,0.0,0.0,0.0,0.0,623
2023-05-11 09:11:00,eg2403,eg2403,4369.0,0.0,0.0,0.0,2,4341.0,4365.0,2,4369.0,4370.0,0.0,0.0,0.0,0.0,623
2023-05-11 09:11:00,eg2403,eg2403,4369.0,0.0,0.0,0.0,2,4341.0,4364.0,6,4369.0,4370.0,0.0,0.0,0.0,0.0,623
2023-05-11 09:11:01,eg2403,eg2403,4369.0,0.0,0.0,0.0,2,4341.0,4364.0,5,4369.0,4370.0,0.0,0.0,0.0,0.0,623
2023-05-11 09:11:03,eg2403,eg2403,4369.0,0.0,0.0,0.0,2,4341.0,4365.0,2,4369.0,4370.0,0.0,0.0,0.0,0.0,623
2023-05-11 09:11:05,eg2403,eg2403,4369.0,0.0,0.0,0.0,2,4341.0,4365.0,8,4369.0,4370.0,0.0,0.0,0.0,0.0,623
2023-05-11 09:11:12,eg2403,eg2403,4369.0,0.0,0.0,0.0,2,4341.0,4365.0,3,4369.0,4370.0,0.0,0.0,0.0,0.0,623
2023-05-11 09:11:13,eg2403,eg2403,4369.0,0.0,0.0,0.0,2,4341.0,4364.0,5,4369.0,4370.0,0.0,0.0,0.0,0.0,623
2023-05-11 09:11:13,eg2403,eg2403,4369.0,0.0,0.0,0.0,2,4341.0,4362.0,1,4369.0,4370.0,0.0,0.0,0.0,0.0,623
2023-05-11 09:11:15,eg2403,eg2403,4369.0,0.0,0.0,0.0,2,4341.0,4365.0,2,4369.0,4370.0,0.0,0.0,0.0,0.0,623
2023-05-11 09:11:16,eg2403,eg2403,4369.0,0.0,0.0,0.0,2,4341.0,4364.0,6,4369.0,4370.0,0.0,0.0,0.0,0.0,623
2023-05-11 09:12:15,eg2403,eg2403,4369.0,0.0,0.0,0.0,2,4341.0,4363.0,2,4369.0,4370.0,0.0,0.0,0.0,0.0,623
2023-05-11 09:12:15,eg2403,eg2403,4369.0,0.0,0.0,0.0,2,4341.0,4363.0,3,4369.0,4370.0,0.0,0.0,0.0,0.0,623
2023-05-11 09:12:16,eg2403,eg2403,4369.0,0.0,0.0,0.0,2,4341.0,4363.0,4,4369.0,4370.0,0.0,0.0,0.0,0.0,623
2023-05-11 09:12:19,eg2403,eg2403,4369.0,0.0,0.0,0.0,2,4341.0,4363.0,2,4369.0,4370.0,0.0,0.0,0.0,0.0,623
2023-05-11 09:13:27,eg2403,eg2403,4369.0,0.0,0.0,0.0,2,4341.0,4363.0,3,4369.0,4370.0,0.0,0.0,0.0,0.0,623
2023-05-11 09:13:27,eg2403,eg2403,4369.0,0.0,0.0,0.0,2,4341.0,4363.0,8,4369.0,4370.0,0.0,0.0,0.0,0.0,623
2023-05-11 09:13:33,eg2403,eg2403,4369.0,0.0,0.0,0.0,2,4341.0,4363.0,2,4369.0,4370.0,0.0,0.0,0.0,0.0,623
2023-05-11 09:13:51,eg2403,eg2403,4369.0,0.0,0.0,0.0,2,4341.0,4372.0,1,4369.0,4370.0,0.0,0.0,0.0,0.0,623
2023-05-11 09:13:51,eg2403,eg2403,4369.0,0.0,0.0,0.0,2,4341.0,4365.0,1,4369.0,4370.0,0.0,0.0,0.0,0.0,623
2023-05-11 09:13:52,eg2403,eg2403,4369.0,0.0,0.0,0.0,2,4341.0,4365.0,2,4369.0,4370.0,0.0,0.0,0.0,0.0,623
2023-05-11 09:13:57,eg2403,eg2403,4369.0,0.0,0.0,0.0,2,4341.0,4365.0,7,4369.0,4370.0,0.0,0.0,0.0,0.0,623
2023-05-11 09:14:12,eg2403,eg2403,4369.0,0.0,0.0,0.0,2,4341.0,4365.0,6,4369.0,4370.0,0.0,0.0,0.0,0.0,623
2023-05-11 09:14:12,eg2403,eg2403,4369.0,0.0,0.0,0.0,2,4341.0,4365.0,1,4369.0,4370.0,0.0,0.0,0.0,0.0,623
2023-05-11 09:14:18,eg2403,eg2403,4369.0,0.0,0.0,0.0,2,4341.0,4365.0,7,4369.0,4370.0,0.0,0.0,0.0,0.0,623
2023-05-11 09:14:22,eg2403,eg2403,4369.0,0.0,0.0,0.0,2,4341.0,4364.0,2,4369.0,4370.0,0.0,0.0,0.0,0.0,623
2023-05-11 09:14:43,eg2403,eg2403,4369.0,0.0,0.0,0.0,1,4341.0,4364.0,2,4369.0,4370.0,0.0,0.0,0.0,0.0,623
2023-05-11 09:14:43,eg2403,eg2403,4369.0,0.0,0.0,0.0,1,4341.0,4365.0,1,4369.0,4370.0,0.0,0.0,0.0,0.0,623
2023-05-11 09:14:44,eg2403,eg2403,4369.0,0.0,0.0,0.0,2,4341.0,4365.0,1,4369.0,4370.0,0.0,0.0,0.0,0.0,623
2023-05-11 09:15:04,eg2403,eg2403,4369.0,0.0,0.0,0.0,2,4342.0,4365.0,1,4369.0,4370.0,0.0,0.0,0.0,0.0,623
2023-05-11 09:15:05,eg2403,eg2403,4369.0,0.0,0.0,0.0,1,4345.0,4365.0,1,4369.0,4370.0,0.0,0.0,0.0,0.0,623
2023-05-11 09:15:49,eg2403,eg2403,4369.0,0.0,0.0,0.0,2,4346.0,4365.0,1,4369.0,4370.0,0.0,0.0,0.0,0.0,623
2023-05-11 09:15:49,eg2403,eg2403,4369.0,0.0,0.0,0.0,1,4349.0,4365.0,1,4369.0,4370.0,0.0,0.0,0.0,0.0,623
2023-05-11 09:16:07,eg2403,eg2403,4369.0,0.0,0.0,0.0,1,4349.0,4413.0,1,4369.0,4370.0,0.0,0.0,0.0,0.0,623
2023-05-11 09:16:07,eg2403,eg2403,4369.0,0.0,0.0,0.0,1,4349.0,4373.0,1,4369.0,4370.0,0.0,0.0,0.0,0.0,623
