time,symbol_id,symbol_name,last,trade_volume,trade_amount,open_interest_change,bv1,bp1,ap1,av1,yesterday_close,today_open,today_high,today_low,volume,amount,open_interest
2023-05-10 20:59:00,eg2401,eg2401,4340.0,2.0,86800.0,-2.0,1,4330.0,4343.0,2,4328.0,4340.0,4340.0,4340.0,2.0,86800.0,11623
2023-05-10 21:00:00,eg2401,eg2401,4340.0,0.0,0.0,0.0,2,4340.0,4343.0,3,4328.0,4340.0,4340.0,4340.0,2.0,86800.0,11623
2023-05-10 21:00:00,eg2401,eg2401,4343.0,3.0,130290.0,3.0,1,4340.0,4344.0,5,4328.0,4340.0,4343.0,4340.0,5.0,217090.0,11626
2023-05-10 21:00:01,eg2401,eg2401,4343.0,0.0,0.0,0.0,1,4341.0,4345.0,1,4328.0,4340.0,4343.0,4340.0,5.0,217090.0,11626
2023-05-10 21:00:01,eg2401,eg2401,4345.0,1.0,43450.0,1.0,7,4341.0,4346.0,15,4328.0,4340.0,4345.0,4340.0,6.0,260540.0,11627
2023-05-10 21:00:02,eg2401,eg2401,4345.0,0.0,0.0,0.0,2,4341.0,4346.0,10,4328.0,4340.0,4345.0,4340.0,6.0,260540.0,11627
2023-05-10 21:00:02,eg2401,eg2401,4345.0,0.0,0.0,0.0,7,4340.0,4345.0,5,4328.0,4340.0,4345.0,4340.0,6.0,260540.0,11627
2023-05-10 21:00:03,eg2401,eg2401,4345.0,0.0,0.0,0.0,2,4340.0,4343.0,5,4328.0,4340.0,4345.0,4340.0,6.0,260540.0,11627
2023-05-10 21:00:03,eg2401,eg2401,4345.0,0.0,0.0,0.0,2,4340.0,4343.0,16,4328.0,4340.0,4345.0,4340.0,6.0,260540.0,11627
2023-05-10 21:00:04,eg2401,eg2401,4345.0,0.0,0.0,0.0,10,4338.0,4342.0,5,4328.0,4340.0,4345.0,4340.0,6.0,260540.0,11627
2023-05-10 21:00:04,eg2401,eg2401,4345.0,0.0,0.0,0.0,1,4338.0,4342.0,28,4328.0,4340.0,4345.0,4340.0,6.0,260540.0,11627
2023-05-10 21:00:05,eg2401,eg2401,4345.0,0.0,0.0,0.0,1,4338.0,4342.0,30,4328.0,4340.0,4345.0,4340.0,6.0,260540.0,11627
2023-05-10 21:00:05,eg2401,eg2401,4345.0,0.0,0.0,0.0,5,4339.0,4342.0,7,4328.0,4340.0,4345.0,4340.0,6.0,260540.0,11627
2023-05-10 21:00:06,eg2401,eg2401,4345.0,0.0,0.0,0.0,1,4339.0,4342.0,2,4328.0,4340.0,4345.0,4340.0,6.0,260540.0,11627
2023-05-10 21:00:07,eg2401,eg2401,4345.0,0.0,0.0,0.0,11,4338.0,4342.0,2,4328.0,4340.0,4345.0,4340.0,6.0,260540.0,11627
2023-05-10 21:00:07,eg2401,eg2401,4345.0,0.0,0.0,0.0,1,4339.0,4342.0,2,4328.0,4340.0,4345.0,4340.0,6.0,260540.0,11627
2023-05-10 21:00:08,eg2401,eg2401,4345.0,0.0,0.0,0.0,2,4340.0,4342.0,2,4328.0,4340.0,4345.0,4340.0,6.0,260540.0,11627
2023-05-10 21:00:09,eg2401,eg2401,4342.0,1.0,43420.0,-1.0,2,4339.0,4342.0,2,4328.0,4340.0,4345.0,4340.0,7.0,303960.0,11626
2023-05-10 21:00:11,eg2401,eg2401,4342.0,0.0,0.0,0.0,1,4339.0,4342.0,1,4328.0,4340.0,4345.0,4340.0,7.0,303960.0,11626
2023-05-10 21:00:11,eg2401,eg2401,4342.0,0.0,0.0,0.0,11,4339.0,4342.0,1,4328.0,4340.0,4345.0,4340.0,7.0,303960.0,11626
2023-05-10 21:00:12,eg2401,eg2401,4342.0,0.0,0.0,0.0,2,4340.0,4342.0,1,4328.0,4340.0,4345.0,4340.0,7.0,303960.0,11626
2023-05-10 21:00:13,eg2401,eg2401,4342.0,0.0,0.0,0.0,1,4340.0,4342.0,1,4328.0,4340.0,4345.0,4340.0,7.0,303960.0,11626
2023-05-10 21:00:13,eg2401,eg2401,4342.0,0.0,0.0,0.0,17,4340.0,4342.0,1,4328.0,4340.0,4345.0,4340.0,7.0,303960.0,11626
2023-05-10 21:00:14,eg2401,eg2401,4341.0,1.0,43410.0,-1.0,11,4340.0,4342.0,1,4328.0,4340.0,4345.0,4340.0,8.0,347370.0,11625
2023-05-10 21:00:14,eg2401,eg2401,4341.0,0.0,0.0,0.0,1,4340.0,4342.0,2,4328.0,4340.0,4345.0,4340.0,8.0,347370.0,11625
2023-05-10 21:00:15,eg2401,eg2401,4340.0,1.0,43400.0,-1.0,16,4339.0,4342.0,1,4328.0,4340.0,4345.0,4340.0,9.0,390770.0,11624
2023-05-10 21:00:15,eg2401,eg2401,4340.0,0.0,0.0,0.0,34,4340.0,4342.0,1,4328.0,4340.0,4345.0,4340.0,9.0,390770.0,11624
2023-05-10 21:00:16,eg2401,eg2401,4340.0,0.0,0.0,0.0,1,4341.0,4342.0,1,4328.0,4340.0,4345.0,4340.0,9.0,390770.0,11624
2023-05-10 21:00:16,eg2401,eg2401,4340.0,0.0,0.0,0.0,11,4341.0,4342.0,1,4328.0,4340.0,4345.0,4340.0,9.0,390770.0,11624
2023-05-10 21:00:17,eg2401,eg2401,4340.0,0.0,0.0,0.0,23,4341.0,4342.0,1,4328.0,4340.0,4345.0,4340.0,9.0,390770.0,11624
2023-05-10 21:00:17,eg2401,eg2401,4343.0,2.0,86850.0,-1.0,1,4343.0,4345.0,5,4328.0,4340.0,4345.0,4340.0,11.0,477620.0,11623
2023-05-10 21:00:18,eg2401,eg2401,4343.0,0.0,0.0,0.0,1,4343.0,4345.0,4,4328.0,4340.0,4345.0,4340.0,11.0,477620.0,11623
2023-05-10 21:00:18,eg2401,eg2401,4343.0,0.0,0.0,0.0,1,4343.0,4345.0,21,4328.0,4340.0,4345.0,4340.0,11.0,477620.0,11623
2023-05-10 21:00:19,eg2401,eg2401,4343.0,1.0,43430.0,0.0,15,4340.0,4345.0,1,4328.0,4340.0,4345.0,4340.0,12.0,521050.0,11623
2023-05-10 21:00:19,eg2401,eg2401,4343.0,8.0,347440.0,0.0,4,4343.0,4345.0,6,4328.0,4340.0,4345.0,4340.0,20.0,868490.0,11623
2023-05-10 21:00:20,eg2401,eg2401,4343.0,4.0,173720.0,0.0,4,4343.0,4345.0,1,4328.0,4340.0,4345.0,4340.0,24.0,1042210.0,11623
2023-05-10 21:00:20,eg2401,eg2401,4343.0,37.0,1607650.0,0.0,7,4343.0,4345.0,51,4328.0,4340.0,4345.0,4340.0,61.0,2649860.0,11623
2023-05-10 21:00:21,eg2401,eg2401,4343.0,0.0,0.0,0.0,4,4343.0,4346.0,3,4328.0,4340.0,4345.0,4340.0,61.0,2649860.0,11623
2023-05-10 21:00:21,eg2401,eg2401,4343.0,0.0,0.0,0.0,4,4343.0,4345.0,1,4328.0,4340.0,4345.0,4340.0,61.0,2649860.0,11623
2023-05-10 21:00:22,eg2401,eg2401,4343.0,0.0,0.0,0.0,4,4343.0,4346.0,11,4328.0,4340.0,4345.0,4340.0,61.0,2649860.0,11623
2023-05-10 21:00:22,eg2401,eg2401,4343.0,0.0,0.0,0.0,10,4343.0,4345.0,51,4328.0,4340.0,4345.0,4340.0,61.0,2649860.0,11623
2023-05-10 21:00:23,eg2401,eg2401,4345.0,7.0,304150.0,0.0,15,4340.0,4346.0,1,4328.0,4340.0,4345.0,4340.0,68.0,2954010.0,11623
2023-05-10 21:00:23,eg2401,eg2401,4346.0,34.0,1477330.0,-1.0,1,4341.0,4347.0,15,4328.0,4340.0,4346.0,4340.0,102.0,4431340.0,11622
2023-05-10 21:00:24,eg2401,eg2401,4346.0,13.0,564980.0,-1.0,3,4346.0,4348.0,46,4328.0,4340.0,4346.0,4340.0,115.0,4996320.0,11621
2023-05-10 21:00:25,eg2401,eg2401,4346.0,0.0,0.0,0.0,3,4346.0,4348.0,76,4328.0,4340.0,4346.0,4340.0,115.0,4996320.0,11621
2023-05-10 21:00:26,eg2401,eg2401,4348.0,2.0,86960.0,0.0,3,4346.0,4347.0,10,4328.0,4340.0,4348.0,4340.0,117.0,5083280.0,11621
2023-05-10 21:00:26,eg2401,eg2401,4348.0,0.0,0.0,0.0,3,4346.0,4347.0,2,4328.0,4340.0,4348.0,4340.0,117.0,5083280.0,11621
2023-05-10 21:00:28,eg2401,eg2401,4348.0,0.0,0.0,0.0,4,4346.0,4347.0,2,4328.0,4340.0,4348.0,4340.0,117.0,5083280.0,11621
2023-05-10 21:00:28,eg2401,eg2401,4347.0,1.0,43470.0,-1.0,3,4346.0,4347.0,1,4328.0,4340.0,4348.0,4340.0,118.0,5126750.0,11620
2023-05-10 21:00:29,eg2401,eg2401,4347.0,1.0,43470.0,-1.0,5,4347.0,4350.0,14,4328.0,4340.0,4348.0,4340.0,119.0,5170220.0,11619
2023-05-10 21:00:30,eg2401,eg2401,4347.0,0.0,0.0,0.0,40,4347.0,4350.0,6,4328.0,4340.0,4348.0,4340.0,119.0,5170220.0,11619
2023-05-10 21:00:31,eg2401,eg2401,4347.0,0.0,0.0,0.0,72,4347.0,4350.0,2,4328.0,4340.0,4348.0,4340.0,119.0,5170220.0,11619
2023-05-10 21:00:31,eg2401,eg2401,4347.0,0.0,0.0,0.0,6,4347.0,4350.0,2,4328.0,4340.0,4348.0,4340.0,119.0,5170220.0,11619
2023-05-10 21:00:32,eg2401,eg2401,4347.0,0.0,0.0,0.0,5,4347.0,4350.0,1,4328.0,4340.0,4348.0,4340.0,119.0,5170220.0,11619
2023-05-10 21:00:32,eg2401,eg2401,4347.0,0.0,0.0,0.0,5,4347.0,4350.0,14,4328.0,4340.0,4348.0,4340.0,119.0,5170220.0,11619
2023-05-10 21:00:33,eg2401,eg2401,4347.0,0.0,0.0,0.0,5,4347.0,4349.0,3,4328.0,4340.0,4348.0,4340.0,119.0,5170220.0,11619
2023-05-10 21:00:33,eg2401,eg2401,4347.0,0.0,0.0,0.0,5,4347.0,4349.0,16,4328.0,4340.0,4348.0,4340.0,119.0,5170220.0,11619
2023-05-10 21:00:34,eg2401,eg2401,4347.0,1.0,43470.0,0.0,4,4347.0,4349.0,16,4328.0,4340.0,4348.0,4340.0,120.0,5213690.0,11619
2023-05-10 21:00:34,eg2401,eg2401,4347.0,0.0,0.0,0.0,4,4347.0,4348.0,94,4328.0,4340.0,4348.0,4340.0,120.0,5213690.0,11619
2023-05-10 21:00:35,eg2401,eg2401,4347.0,0.0,0.0,0.0,4,4347.0,4348.0,22,4328.0,4340.0,4348.0,4340.0,120.0,5213690.0,11619
2023-05-10 21:00:35,eg2401,eg2401,4349.0,16.0,695790.0,0.0,10,4343.0,4350.0,1,4328.0,4340.0,4349.0,4340.0,136.0,5909480.0,11619
2023-05-10 21:00:36,eg2401,eg2401,4349.0,17.0,739330.0,-3.0,9,4344.0,4350.0,1,4328.0,4340.0,4349.0,4340.0,153.0,6648810.0,11616
2023-05-10 21:00:36,eg2401,eg2401,4349.0,20.0,869800.0,20.0,3,4345.0,4350.0,1,4328.0,4340.0,4349.0,4340.0,173.0,7518610.0,11636
2023-05-10 21:00:37,eg2401,eg2401,4349.0,19.0,826310.0,19.0,2,4349.0,4350.0,65,4328.0,4340.0,4349.0,4340.0,192.0,8344920.0,11655
2023-05-10 21:00:37,eg2401,eg2401,4349.0,2.0,86980.0,2.0,1,4349.0,4350.0,58,4328.0,4340.0,4349.0,4340.0,194.0,8431900.0,11657
2023-05-10 21:00:37,eg2401,eg2401,4349.0,0.0,0.0,0.0,1,4349.0,4350.0,69,4328.0,4340.0,4349.0,4340.0,194.0,8431900.0,11657
2023-05-10 21:00:38,eg2401,eg2401,4349.0,2.0,86980.0,2.0,7,4349.0,4350.0,67,4328.0,4340.0,4349.0,4340.0,196.0,8518880.0,11659
2023-05-10 21:00:39,eg2401,eg2401,4349.0,18.0,782820.0,18.0,1,4345.0,4350.0,2,4328.0,4340.0,4349.0,4340.0,214.0,9301700.0,11677
2023-05-10 21:00:39,eg2401,eg2401,4349.0,1.0,43490.0,1.0,4,4349.0,4350.0,50,4328.0,4340.0,4349.0,4340.0,215.0,9345190.0,11678
2023-05-10 21:00:40,eg2401,eg2401,4349.0,9.0,391410.0,9.0,4,4347.0,4350.0,2,4328.0,4340.0,4349.0,4340.0,224.0,9736600.0,11687
2023-05-10 21:00:40,eg2401,eg2401,4349.0,7.0,304430.0,7.0,10,4349.0,4350.0,34,4328.0,4340.0,4349.0,4340.0,231.0,10041030.0,11694
2023-05-10 21:00:41,eg2401,eg2401,4349.0,14.0,608860.0,14.0,3,4349.0,4350.0,20,4328.0,4340.0,4349.0,4340.0,245.0,10649890.0,11708
2023-05-10 21:00:43,eg2401,eg2401,4349.0,3.0,130470.0,3.0,2,4349.0,4350.0,17,4328.0,4340.0,4349.0,4340.0,248.0,10780360.0,11711
2023-05-10 21:00:44,eg2401,eg2401,4349.0,2.0,86980.0,2.0,4,4347.0,4350.0,15,4328.0,4340.0,4349.0,4340.0,250.0,10867340.0,11713
2023-05-10 21:00:44,eg2401,eg2401,4349.0,0.0,0.0,0.0,4,4347.0,4350.0,2,4328.0,4340.0,4349.0,4340.0,250.0,10867340.0,11713
2023-05-10 21:00:45,eg2401,eg2401,4349.0,0.0,0.0,0.0,3,4346.0,4350.0,2,4328.0,4340.0,4349.0,4340.0,250.0,10867340.0,11713
2023-05-10 21:00:46,eg2401,eg2401,4349.0,0.0,0.0,0.0,3,4346.0,4350.0,15,4328.0,4340.0,4349.0,4340.0,250.0,10867340.0,11713
2023-05-10 21:00:46,eg2401,eg2401,4349.0,0.0,0.0,0.0,4,4346.0,4350.0,15,4328.0,4340.0,4349.0,4340.0,250.0,10867340.0,11713
2023-05-10 21:00:46,eg2401,eg2401,4349.0,0.0,0.0,0.0,3,4346.0,4350.0,15,4328.0,4340.0,4349.0,4340.0,250.0,10867340.0,11713
2023-05-10 21:00:47,eg2401,eg2401,4349.0,0.0,0.0,0.0,3,4346.0,4350.0,2,4328.0,4340.0,4349.0,4340.0,250.0,10867340.0,11713
2023-05-10 21:00:49,eg2401,eg2401,4349.0,0.0,0.0,0.0,1,4345.0,4350.0,2,4328.0,4340.0,4349.0,4340.0,250.0,10867340.0,11713
2023-05-10 21:00:49,eg2401,eg2401,4349.0,0.0,0.0,0.0,3,4345.0,4350.0,2,4328.0,4340.0,4349.0,4340.0,250.0,10867340.0,11713
2023-05-10 21:00:51,eg2401,eg2401,4349.0,0.0,0.0,0.0,1,4344.0,4350.0,2,4328.0,4340.0,4349.0,4340.0,250.0,10867340.0,11713
2023-05-10 21:00:52,eg2401,eg2401,4349.0,0.0,0.0,0.0,3,4346.0,4350.0,2,4328.0,4340.0,4349.0,4340.0,250.0,10867340.0,11713
2023-05-10 21:00:53,eg2401,eg2401,4349.0,0.0,0.0,0.0,14,4346.0,4350.0,2,4328.0,4340.0,4349.0,4340.0,250.0,10867340.0,11713
2023-05-10 21:00:54,eg2401,eg2401,4349.0,0.0,0.0,0.0,14,4346.0,4350.0,1,4328.0,4340.0,4349.0,4340.0,250.0,10867340.0,11713
2023-05-10 21:00:55,eg2401,eg2401,4346.0,1.0,43460.0,0.0,1,4344.0,4349.0,1,4328.0,4340.0,4349.0,4340.0,251.0,10910800.0,11713
2023-05-10 21:00:55,eg2401,eg2401,4346.0,0.0,0.0,0.0,13,4345.0,4349.0,1,4328.0,4340.0,4349.0,4340.0,251.0,10910800.0,11713
2023-05-10 21:00:56,eg2401,eg2401,4346.0,0.0,0.0,0.0,2,4345.0,4349.0,1,4328.0,4340.0,4349.0,4340.0,251.0,10910800.0,11713
2023-05-10 21:00:57,eg2401,eg2401,4346.0,0.0,0.0,0.0,2,4343.0,4348.0,1,4328.0,4340.0,4349.0,4340.0,251.0,10910800.0,11713
2023-05-10 21:00:57,eg2401,eg2401,4346.0,0.0,0.0,0.0,13,4344.0,4348.0,1,4328.0,4340.0,4349.0,4340.0,251.0,10910800.0,11713
2023-05-10 21:00:58,eg2401,eg2401,4346.0,0.0,0.0,0.0,2,4344.0,4348.0,1,4328.0,4340.0,4349.0,4340.0,251.0,10910800.0,11713
2023-05-10 21:00:59,eg2401,eg2401,4346.0,0.0,0.0,0.0,13,4344.0,4348.0,2,4328.0,4340.0,4349.0,4340.0,251.0,10910800.0,11713
2023-05-10 21:01:00,eg2401,eg2401,4346.0,0.0,0.0,0.0,2,4344.0,4348.0,2,4328.0,4340.0,4349.0,4340.0,251.0,10910800.0,11713
2023-05-10 21:01:02,eg2401,eg2401,4346.0,0.0,0.0,0.0,13,4344.0,4348.0,2,4328.0,4340.0,4349.0,4340.0,251.0,10910800.0,11713
2023-05-10 21:01:04,eg2401,eg2401,4346.0,0.0,0.0,0.0,4,4341.0,4347.0,1,4328.0,4340.0,4349.0,4340.0,251.0,10910800.0,11713
2023-05-10 21:01:04,eg2401,eg2401,4346.0,0.0,0.0,0.0,13,4342.0,4346.0,1,4328.0,4340.0,4349.0,4340.0,251.0,10910800.0,11713
2023-05-10 21:01:05,eg2401,eg2401,4346.0,0.0,0.0,0.0,1,4340.0,4345.0,3,4328.0,4340.0,4349.0,4340.0,251.0,10910800.0,11713
2023-05-10 21:01:06,eg2401,eg2401,4346.0,0.0,0.0,0.0,2,4341.0,4345.0,3,4328.0,4340.0,4349.0,4340.0,251.0,10910800.0,11713
2023-05-10 21:01:06,eg2401,eg2401,4346.0,0.0,0.0,0.0,13,4341.0,4345.0,3,4328.0,4340.0,4349.0,4340.0,251.0,10910800.0,11713
2023-05-10 21:01:07,eg2401,eg2401,4346.0,0.0,0.0,0.0,13,4340.0,4344.0,1,4328.0,4340.0,4349.0,4340.0,251.0,10910800.0,11713
2023-05-10 21:01:07,eg2401,eg2401,4346.0,0.0,0.0,0.0,12,4339.0,4343.0,1,4328.0,4340.0,4349.0,4340.0,251.0,10910800.0,11713
2023-05-10 21:01:08,eg2401,eg2401,4346.0,0.0,0.0,0.0,12,4339.0,4342.0,16,4328.0,4340.0,4349.0,4340.0,251.0,10910800.0,11713
2023-05-10 21:01:08,eg2401,eg2401,4346.0,0.0,0.0,0.0,1,4339.0,4342.0,15,4328.0,4340.0,4349.0,4340.0,251.0,10910800.0,11713
2023-05-10 21:01:09,eg2401,eg2401,4346.0,0.0,0.0,0.0,12,4339.0,4342.0,2,4328.0,4340.0,4349.0,4340.0,251.0,10910800.0,11713
2023-05-10 21:01:09,eg2401,eg2401,4346.0,0.0,0.0,0.0,12,4339.0,4342.0,15,4328.0,4340.0,4349.0,4340.0,251.0,10910800.0,11713
2023-05-10 21:01:10,eg2401,eg2401,4346.0,0.0,0.0,0.0,1,4339.0,4342.0,15,4328.0,4340.0,4349.0,4340.0,251.0,10910800.0,11713
2023-05-10 21:01:11,eg2401,eg2401,4346.0,0.0,0.0,0.0,12,4339.0,4342.0,15,4328.0,4340.0,4349.0,4340.0,251.0,10910800.0,11713
2023-05-10 21:01:12,eg2401,eg2401,4346.0,0.0,0.0,0.0,12,4339.0,4342.0,2,4328.0,4340.0,4349.0,4340.0,251.0,10910800.0,11713
2023-05-10 21:01:13,eg2401,eg2401,4346.0,0.0,0.0,0.0,1,4339.0,4342.0,20,4328.0,4340.0,4349.0,4340.0,251.0,10910800.0,11713
2023-05-10 21:01:14,eg2401,eg2401,4346.0,0.0,0.0,0.0,12,4339.0,4342.0,20,4328.0,4340.0,4349.0,4340.0,251.0,10910800.0,11713
2023-05-10 21:01:14,eg2401,eg2401,4346.0,0.0,0.0,0.0,1,4339.0,4342.0,20,4328.0,4340.0,4349.0,4340.0,251.0,10910800.0,11713
2023-05-10 21:01:16,eg2401,eg2401,4346.0,0.0,0.0,0.0,1,4339.0,4342.0,2,4328.0,4340.0,4349.0,4340.0,251.0,10910800.0,11713
2023-05-10 21:01:17,eg2401,eg2401,4346.0,0.0,0.0,0.0,2,4340.0,4342.0,2,4328.0,4340.0,4349.0,4340.0,251.0,10910800.0,11713
2023-05-10 21:01:21,eg2401,eg2401,4346.0,0.0,0.0,0.0,13,4340.0,4342.0,7,4328.0,4340.0,4349.0,4340.0,251.0,10910800.0,11713
2023-05-10 21:01:21,eg2401,eg2401,4346.0,0.0,0.0,0.0,15,4340.0,4342.0,3,4328.0,4340.0,4349.0,4340.0,251.0,10910800.0,11713
2023-05-10 21:01:22,eg2401,eg2401,4346.0,0.0,0.0,0.0,2,4340.0,4342.0,2,4328.0,4340.0,4349.0,4340.0,251.0,10910800.0,11713
2023-05-10 21:01:22,eg2401,eg2401,4346.0,0.0,0.0,0.0,1,4339.0,4342.0,14,4328.0,4340.0,4349.0,4340.0,251.0,10910800.0,11713
2023-05-10 21:01:23,eg2401,eg2401,4346.0,0.0,0.0,0.0,1,4339.0,4342.0,11,4328.0,4340.0,4349.0,4340.0,251.0,10910800.0,11713
2023-05-10 21:01:23,eg2401,eg2401,4346.0,0.0,0.0,0.0,1,4339.0,4342.0,2,4328.0,4340.0,4349.0,4340.0,251.0,10910800.0,11713
2023-05-10 21:01:24,eg2401,eg2401,4346.0,0.0,0.0,0.0,1,4339.0,4342.0,25,4328.0,4340.0,4349.0,4340.0,251.0,10910800.0,11713
2023-05-10 21:01:25,eg2401,eg2401,4346.0,0.0,0.0,0.0,14,4339.0,4342.0,2,4328.0,4340.0,4349.0,4340.0,251.0,10910800.0,11713
2023-05-10 21:01:26,eg2401,eg2401,4346.0,0.0,0.0,0.0,1,4339.0,4342.0,25,4328.0,4340.0,4349.0,4340.0,251.0,10910800.0,11713
2023-05-10 21:01:28,eg2401,eg2401,4346.0,0.0,0.0,0.0,14,4339.0,4342.0,2,4328.0,4340.0,4349.0,4340.0,251.0,10910800.0,11713
2023-05-10 21:01:29,eg2401,eg2401,4346.0,0.0,0.0,0.0,14,4339.0,4342.0,25,4328.0,4340.0,4349.0,4340.0,251.0,10910800.0,11713
2023-05-10 21:01:29,eg2401,eg2401,4346.0,0.0,0.0,0.0,14,4339.0,4342.0,2,4328.0,4340.0,4349.0,4340.0,251.0,10910800.0,11713
2023-05-10 21:01:31,eg2401,eg2401,4339.0,1.0,43390.0,-1.0,2,4338.0,4342.0,2,4328.0,4340.0,4349.0,4339.0,252.0,10954190.0,11712
2023-05-10 21:01:32,eg2401,eg2401,4339.0,0.0,0.0,0.0,1,4337.0,4341.0,1,4328.0,4340.0,4349.0,4339.0,252.0,10954190.0,11712
2023-05-10 21:01:33,eg2401,eg2401,4339.0,0.0,0.0,0.0,2,4338.0,4343.0,1,4328.0,4340.0,4349.0,4339.0,252.0,10954190.0,11712
2023-05-10 21:01:33,eg2401,eg2401,4339.0,0.0,0.0,0.0,2,4339.0,4342.0,25,4328.0,4340.0,4349.0,4339.0,252.0,10954190.0,11712
2023-05-10 21:01:34,eg2401,eg2401,4339.0,0.0,0.0,0.0,1,4338.0,4342.0,2,4328.0,4340.0,4349.0,4339.0,252.0,10954190.0,11712
2023-05-10 21:01:34,eg2401,eg2401,4339.0,0.0,0.0,0.0,2,4339.0,4342.0,25,4328.0,4340.0,4349.0,4339.0,252.0,10954190.0,11712
2023-05-10 21:01:35,eg2401,eg2401,4339.0,0.0,0.0,0.0,15,4339.0,4342.0,2,4328.0,4340.0,4349.0,4339.0,252.0,10954190.0,11712
2023-05-10 21:01:36,eg2401,eg2401,4339.0,0.0,0.0,0.0,2,4339.0,4342.0,25,4328.0,4340.0,4349.0,4339.0,252.0,10954190.0,11712
2023-05-10 21:01:42,eg2401,eg2401,4339.0,0.0,0.0,0.0,15,4339.0,4342.0,2,4328.0,4340.0,4349.0,4339.0,252.0,10954190.0,11712
2023-05-10 21:01:46,eg2401,eg2401,4339.0,2.0,86780.0,0.0,1,4337.0,4342.0,21,4328.0,4340.0,4349.0,4339.0,254.0,11040970.0,11712
2023-05-10 21:01:47,eg2401,eg2401,4339.0,0.0,0.0,0.0,3,4339.0,4346.0,3,4328.0,4340.0,4349.0,4339.0,254.0,11040970.0,11712
2023-05-10 21:01:47,eg2401,eg2401,4339.0,6.0,260340.0,-6.0,3,4339.0,4344.0,3,4328.0,4340.0,4349.0,4339.0,260.0,11301310.0,11706
2023-05-10 21:01:49,eg2401,eg2401,4339.0,0.0,0.0,0.0,10,4340.0,4344.0,3,4328.0,4340.0,4349.0,4339.0,260.0,11301310.0,11706
2023-05-10 21:01:50,eg2401,eg2401,4339.0,0.0,0.0,0.0,3,4340.0,4344.0,3,4328.0,4340.0,4349.0,4339.0,260.0,11301310.0,11706
2023-05-10 21:01:51,eg2401,eg2401,4339.0,0.0,0.0,0.0,3,4340.0,4345.0,2,4328.0,4340.0,4349.0,4339.0,260.0,11301310.0,11706
2023-05-10 21:01:52,eg2401,eg2401,4339.0,0.0,0.0,0.0,3,4340.0,4344.0,4,4328.0,4340.0,4349.0,4339.0,260.0,11301310.0,11706
2023-05-10 21:01:59,eg2401,eg2401,4339.0,0.0,0.0,0.0,3,4340.0,4344.0,24,4328.0,4340.0,4349.0,4339.0,260.0,11301310.0,11706
2023-05-10 21:01:59,eg2401,eg2401,4339.0,0.0,0.0,0.0,1,4340.0,4344.0,4,4328.0,4340.0,4349.0,4339.0,260.0,11301310.0,11706
2023-05-10 21:02:00,eg2401,eg2401,4339.0,0.0,0.0,0.0,3,4340.0,4344.0,4,4328.0,4340.0,4349.0,4339.0,260.0,11301310.0,11706
2023-05-10 21:02:00,eg2401,eg2401,4339.0,0.0,0.0,0.0,10,4340.0,4344.0,4,4328.0,4340.0,4349.0,4339.0,260.0,11301310.0,11706
2023-05-10 21:02:01,eg2401,eg2401,4339.0,0.0,0.0,0.0,1,4339.0,4344.0,4,4328.0,4340.0,4349.0,4339.0,260.0,11301310.0,11706
2023-05-10 21:02:01,eg2401,eg2401,4339.0,0.0,0.0,0.0,1,4339.0,4343.0,3,4328.0,4340.0,4349.0,4339.0,260.0,11301310.0,11706
2023-05-10 21:02:02,eg2401,eg2401,4340.0,1.0,43400.0,0.0,1,4339.0,4343.0,3,4328.0,4340.0,4349.0,4339.0,261.0,11344710.0,11706
2023-05-10 21:02:02,eg2401,eg2401,4340.0,0.0,0.0,0.0,1,4339.0,4342.0,26,4328.0,4340.0,4349.0,4339.0,261.0,11344710.0,11706
2023-05-10 21:02:04,eg2401,eg2401,4340.0,0.0,0.0,0.0,1,4339.0,4342.0,21,4328.0,4340.0,4349.0,4339.0,261.0,11344710.0,11706
2023-05-10 21:02:04,eg2401,eg2401,4340.0,0.0,0.0,0.0,7,4339.0,4342.0,6,4328.0,4340.0,4349.0,4339.0,261.0,11344710.0,11706
2023-05-10 21:02:05,eg2401,eg2401,4340.0,0.0,0.0,0.0,3,4338.0,4342.0,6,4328.0,4340.0,4349.0,4339.0,261.0,11344710.0,11706
2023-05-10 21:02:06,eg2401,eg2401,4339.0,1.0,43390.0,0.0,3,4338.0,4342.0,6,4328.0,4340.0,4349.0,4339.0,262.0,11388100.0,11706
2023-05-10 21:02:06,eg2401,eg2401,4339.0,0.0,0.0,0.0,8,4338.0,4342.0,6,4328.0,4340.0,4349.0,4339.0,262.0,11388100.0,11706
2023-05-10 21:02:07,eg2401,eg2401,4339.0,0.0,0.0,0.0,1,4337.0,4341.0,3,4328.0,4340.0,4349.0,4339.0,262.0,11388100.0,11706
2023-05-10 21:02:07,eg2401,eg2401,4339.0,0.0,0.0,0.0,6,4337.0,4341.0,3,4328.0,4340.0,4349.0,4339.0,262.0,11388100.0,11706
2023-05-10 21:02:08,eg2401,eg2401,4339.0,0.0,0.0,0.0,3,4336.0,4340.0,9,4328.0,4340.0,4349.0,4339.0,262.0,11388100.0,11706
2023-05-10 21:02:10,eg2401,eg2401,4339.0,0.0,0.0,0.0,63,4335.0,4339.0,3,4328.0,4340.0,4349.0,4339.0,262.0,11388100.0,11706
2023-05-10 21:02:10,eg2401,eg2401,4339.0,0.0,0.0,0.0,3,4334.0,4338.0,5,4328.0,4340.0,4349.0,4339.0,262.0,11388100.0,11706
2023-05-10 21:02:11,eg2401,eg2401,4339.0,0.0,0.0,0.0,5,4334.0,4337.0,6,4328.0,4340.0,4349.0,4339.0,262.0,11388100.0,11706
2023-05-10 21:02:11,eg2401,eg2401,4339.0,0.0,0.0,0.0,3,4334.0,4337.0,6,4328.0,4340.0,4349.0,4339.0,262.0,11388100.0,11706
2023-05-10 21:02:13,eg2401,eg2401,4339.0,0.0,0.0,0.0,5,4334.0,4337.0,6,4328.0,4340.0,4349.0,4339.0,262.0,11388100.0,11706
2023-05-10 21:02:14,eg2401,eg2401,4337.0,6.0,260220.0,-6.0,3,4336.0,4341.0,3,4328.0,4340.0,4349.0,4337.0,268.0,11648320.0,11700
2023-05-10 21:02:15,eg2401,eg2401,4337.0,0.0,0.0,0.0,3,4337.0,4345.0,3,4328.0,4340.0,4349.0,4337.0,268.0,11648320.0,11700
2023-05-10 21:02:15,eg2401,eg2401,4337.0,0.0,0.0,0.0,2,4336.0,4341.0,3,4328.0,4340.0,4349.0,4337.0,268.0,11648320.0,11700
2023-05-10 21:02:16,eg2401,eg2401,4337.0,0.0,0.0,0.0,1,4336.0,4341.0,3,4328.0,4340.0,4349.0,4337.0,268.0,11648320.0,11700
2023-05-10 21:02:19,eg2401,eg2401,4337.0,0.0,0.0,0.0,57,4336.0,4339.0,3,4328.0,4340.0,4349.0,4337.0,268.0,11648320.0,11700
2023-05-10 21:02:20,eg2401,eg2401,4337.0,0.0,0.0,0.0,3,4335.0,4339.0,3,4328.0,4340.0,4349.0,4337.0,268.0,11648320.0,11700
2023-05-10 21:02:24,eg2401,eg2401,4336.0,1.0,43360.0,0.0,3,4335.0,4339.0,3,4328.0,4340.0,4349.0,4336.0,269.0,11691680.0,11700
2023-05-10 21:02:24,eg2401,eg2401,4336.0,0.0,0.0,0.0,3,4335.0,4338.0,8,4328.0,4340.0,4349.0,4336.0,269.0,11691680.0,11700
2023-05-10 21:02:26,eg2401,eg2401,4336.0,0.0,0.0,0.0,3,4335.0,4338.0,6,4328.0,4340.0,4349.0,4336.0,269.0,11691680.0,11700
2023-05-10 21:02:27,eg2401,eg2401,4336.0,0.0,0.0,0.0,1,4335.0,4338.0,6,4328.0,4340.0,4349.0,4336.0,269.0,11691680.0,11700
2023-05-10 21:02:28,eg2401,eg2401,4336.0,0.0,0.0,0.0,1,4335.0,4338.0,8,4328.0,4340.0,4349.0,4336.0,269.0,11691680.0,11700
2023-05-10 21:02:29,eg2401,eg2401,4336.0,0.0,0.0,0.0,2,4334.0,4338.0,8,4328.0,4340.0,4349.0,4336.0,269.0,11691680.0,11700
2023-05-10 21:02:36,eg2401,eg2401,4336.0,0.0,0.0,0.0,2,4334.0,4338.0,6,4328.0,4340.0,4349.0,4336.0,269.0,11691680.0,11700
2023-05-10 21:02:36,eg2401,eg2401,4336.0,0.0,0.0,0.0,1,4334.0,4338.0,6,4328.0,4340.0,4349.0,4336.0,269.0,11691680.0,11700
2023-05-10 21:02:38,eg2401,eg2401,4336.0,2.0,86740.0,0.0,1,4334.0,4338.0,61,4328.0,4340.0,4349.0,4336.0,271.0,11778420.0,11700
2023-05-10 21:02:38,eg2401,eg2401,4336.0,1.0,43360.0,0.0,1,4334.0,4338.0,64,4328.0,4340.0,4349.0,4336.0,272.0,11821780.0,11700
2023-05-10 21:02:39,eg2401,eg2401,4336.0,0.0,0.0,0.0,1,4334.0,4338.0,57,4328.0,4340.0,4349.0,4336.0,272.0,11821780.0,11700
2023-05-10 21:02:39,eg2401,eg2401,4336.0,0.0,0.0,0.0,1,4334.0,4338.0,6,4328.0,4340.0,4349.0,4336.0,272.0,11821780.0,11700
2023-05-10 21:02:40,eg2401,eg2401,4338.0,6.0,260280.0,-6.0,3,4335.0,4340.0,18,4328.0,4340.0,4349.0,4336.0,278.0,12082060.0,11694
2023-05-10 21:02:41,eg2401,eg2401,4338.0,0.0,0.0,0.0,3,4336.0,4340.0,26,4328.0,4340.0,4349.0,4336.0,278.0,12082060.0,11694
2023-05-10 21:02:42,eg2401,eg2401,4338.0,0.0,0.0,0.0,3,4336.0,4340.0,24,4328.0,4340.0,4349.0,4336.0,278.0,12082060.0,11694
2023-05-10 21:02:42,eg2401,eg2401,4338.0,0.0,0.0,0.0,3,4336.0,4340.0,26,4328.0,4340.0,4349.0,4336.0,278.0,12082060.0,11694
2023-05-10 21:02:43,eg2401,eg2401,4338.0,0.0,0.0,0.0,3,4336.0,4340.0,24,4328.0,4340.0,4349.0,4336.0,278.0,12082060.0,11694
2023-05-10 21:02:43,eg2401,eg2401,4338.0,0.0,0.0,0.0,3,4336.0,4340.0,20,4328.0,4340.0,4349.0,4336.0,278.0,12082060.0,11694
2023-05-10 21:02:44,eg2401,eg2401,4338.0,0.0,0.0,0.0,3,4336.0,4340.0,19,4328.0,4340.0,4349.0,4336.0,278.0,12082060.0,11694
2023-05-10 21:02:44,eg2401,eg2401,4338.0,0.0,0.0,0.0,3,4336.0,4340.0,25,4328.0,4340.0,4349.0,4336.0,278.0,12082060.0,11694
2023-05-10 21:02:45,eg2401,eg2401,4338.0,0.0,0.0,0.0,3,4336.0,4340.0,23,4328.0,4340.0,4349.0,4336.0,278.0,12082060.0,11694
2023-05-10 21:02:45,eg2401,eg2401,4338.0,0.0,0.0,0.0,3,4336.0,4340.0,22,4328.0,4340.0,4349.0,4336.0,278.0,12082060.0,11694
2023-05-10 21:02:46,eg2401,eg2401,4338.0,0.0,0.0,0.0,3,4336.0,4340.0,14,4328.0,4340.0,4349.0,4336.0,278.0,12082060.0,11694
2023-05-10 21:02:46,eg2401,eg2401,4338.0,0.0,0.0,0.0,3,4336.0,4340.0,3,4328.0,4340.0,4349.0,4336.0,278.0,12082060.0,11694
2023-05-10 21:02:47,eg2401,eg2401,4338.0,0.0,0.0,0.0,3,4336.0,4340.0,25,4328.0,4340.0,4349.0,4336.0,278.0,12082060.0,11694
2023-05-10 21:02:47,eg2401,eg2401,4338.0,0.0,0.0,0.0,3,4336.0,4340.0,28,4328.0,4340.0,4349.0,4336.0,278.0,12082060.0,11694
2023-05-10 21:02:49,eg2401,eg2401,4338.0,0.0,0.0,0.0,3,4336.0,4340.0,25,4328.0,4340.0,4349.0,4336.0,278.0,12082060.0,11694
2023-05-10 21:02:49,eg2401,eg2401,4338.0,0.0,0.0,0.0,3,4336.0,4340.0,30,4328.0,4340.0,4349.0,4336.0,278.0,12082060.0,11694
2023-05-10 21:02:50,eg2401,eg2401,4338.0,0.0,0.0,0.0,2,4335.0,4340.0,32,4328.0,4340.0,4349.0,4336.0,278.0,12082060.0,11694
2023-05-10 21:02:50,eg2401,eg2401,4338.0,0.0,0.0,0.0,2,4335.0,4340.0,1,4328.0,4340.0,4349.0,4336.0,278.0,12082060.0,11694
2023-05-10 21:02:51,eg2401,eg2401,4338.0,0.0,0.0,0.0,1,4335.0,4339.0,59,4328.0,4340.0,4349.0,4336.0,278.0,12082060.0,11694
2023-05-10 21:02:52,eg2401,eg2401,4338.0,0.0,0.0,0.0,1,4335.0,4339.0,56,4328.0,4340.0,4349.0,4336.0,278.0,12082060.0,11694
2023-05-10 21:02:52,eg2401,eg2401,4338.0,0.0,0.0,0.0,1,4335.0,4338.0,6,4328.0,4340.0,4349.0,4336.0,278.0,12082060.0,11694
2023-05-10 21:02:56,eg2401,eg2401,4338.0,0.0,0.0,0.0,2,4335.0,4338.0,6,4328.0,4340.0,4349.0,4336.0,278.0,12082060.0,11694
2023-05-10 21:02:56,eg2401,eg2401,4338.0,0.0,0.0,0.0,1,4335.0,4338.0,6,4328.0,4340.0,4349.0,4336.0,278.0,12082060.0,11694
2023-05-10 21:02:59,eg2401,eg2401,4338.0,6.0,260280.0,-6.0,1,4335.0,4339.0,3,4328.0,4340.0,4349.0,4336.0,284.0,12342340.0,11688
2023-05-10 21:03:00,eg2401,eg2401,4338.0,0.0,0.0,0.0,2,4335.0,4340.0,29,4328.0,4340.0,4349.0,4336.0,284.0,12342340.0,11688
2023-05-10 21:03:01,eg2401,eg2401,4338.0,0.0,0.0,0.0,2,4335.0,4340.0,38,4328.0,4340.0,4349.0,4336.0,284.0,12342340.0,11688
2023-05-10 21:03:02,eg2401,eg2401,4338.0,0.0,0.0,0.0,2,4335.0,4340.0,1,4328.0,4340.0,4349.0,4336.0,284.0,12342340.0,11688
2023-05-10 21:03:02,eg2401,eg2401,4338.0,0.0,0.0,0.0,1,4335.0,4339.0,40,4328.0,4340.0,4349.0,4336.0,284.0,12342340.0,11688
2023-05-10 21:03:03,eg2401,eg2401,4338.0,0.0,0.0,0.0,1,4335.0,4338.0,21,4328.0,4340.0,4349.0,4336.0,284.0,12342340.0,11688
2023-05-10 21:03:03,eg2401,eg2401,4338.0,3.0,130140.0,0.0,3,4335.0,4340.0,74,4328.0,4340.0,4349.0,4336.0,287.0,12472480.0,11688
2023-05-10 21:03:04,eg2401,eg2401,4338.0,0.0,0.0,0.0,3,4337.0,4340.0,1,4328.0,4340.0,4349.0,4336.0,287.0,12472480.0,11688
2023-05-10 21:03:04,eg2401,eg2401,4338.0,0.0,0.0,0.0,4,4337.0,4340.0,8,4328.0,4340.0,4349.0,4336.0,287.0,12472480.0,11688
2023-05-10 21:03:05,eg2401,eg2401,4338.0,0.0,0.0,0.0,1,4336.0,4340.0,19,4328.0,4340.0,4349.0,4336.0,287.0,12472480.0,11688
2023-05-10 21:03:05,eg2401,eg2401,4338.0,1.0,43380.0,-1.0,1,4336.0,4340.0,28,4328.0,4340.0,4349.0,4336.0,288.0,12515860.0,11687
2023-05-10 21:03:06,eg2401,eg2401,4338.0,0.0,0.0,0.0,3,4337.0,4340.0,1,4328.0,4340.0,4349.0,4336.0,288.0,12515860.0,11687
2023-05-10 21:03:08,eg2401,eg2401,4338.0,0.0,0.0,0.0,4,4337.0,4340.0,1,4328.0,4340.0,4349.0,4336.0,288.0,12515860.0,11687
2023-05-10 21:03:10,eg2401,eg2401,4338.0,0.0,0.0,0.0,4,4337.0,4340.0,3,4328.0,4340.0,4349.0,4336.0,288.0,12515860.0,11687
2023-05-10 21:03:11,eg2401,eg2401,4338.0,0.0,0.0,0.0,3,4337.0,4340.0,1,4328.0,4340.0,4349.0,4336.0,288.0,12515860.0,11687
2023-05-10 21:03:11,eg2401,eg2401,4338.0,0.0,0.0,0.0,1,4335.0,4340.0,11,4328.0,4340.0,4349.0,4336.0,288.0,12515860.0,11687
2023-05-10 21:03:12,eg2401,eg2401,4338.0,0.0,0.0,0.0,4,4336.0,4340.0,14,4328.0,4340.0,4349.0,4336.0,288.0,12515860.0,11687
2023-05-10 21:03:12,eg2401,eg2401,4338.0,0.0,0.0,0.0,4,4336.0,4340.0,1,4328.0,4340.0,4349.0,4336.0,288.0,12515860.0,11687
2023-05-10 21:03:13,eg2401,eg2401,4338.0,0.0,0.0,0.0,2,4336.0,4340.0,1,4328.0,4340.0,4349.0,4336.0,288.0,12515860.0,11687
2023-05-10 21:03:13,eg2401,eg2401,4338.0,0.0,0.0,0.0,3,4337.0,4340.0,1,4328.0,4340.0,4349.0,4336.0,288.0,12515860.0,11687
2023-05-10 21:03:16,eg2401,eg2401,4340.0,1.0,43400.0,0.0,3,4338.0,4345.0,2,4328.0,4340.0,4349.0,4336.0,289.0,12559260.0,11687
2023-05-10 21:03:16,eg2401,eg2401,4340.0,0.0,0.0,0.0,4,4338.0,4344.0,1,4328.0,4340.0,4349.0,4336.0,289.0,12559260.0,11687
2023-05-10 21:03:17,eg2401,eg2401,4340.0,0.0,0.0,0.0,3,4339.0,4344.0,1,4328.0,4340.0,4349.0,4336.0,289.0,12559260.0,11687
2023-05-10 21:03:18,eg2401,eg2401,4340.0,0.0,0.0,0.0,3,4339.0,4343.0,2,4328.0,4340.0,4349.0,4336.0,289.0,12559260.0,11687
2023-05-10 21:03:22,eg2401,eg2401,4340.0,0.0,0.0,0.0,48,4339.0,4343.0,2,4328.0,4340.0,4349.0,4336.0,289.0,12559260.0,11687
2023-05-10 21:03:23,eg2401,eg2401,4340.0,0.0,0.0,0.0,3,4338.0,4343.0,2,4328.0,4340.0,4349.0,4336.0,289.0,12559260.0,11687
2023-05-10 21:03:25,eg2401,eg2401,4340.0,0.0,0.0,0.0,3,4338.0,4343.0,3,4328.0,4340.0,4349.0,4336.0,289.0,12559260.0,11687
2023-05-10 21:03:26,eg2401,eg2401,4340.0,0.0,0.0,0.0,3,4338.0,4342.0,6,4328.0,4340.0,4349.0,4336.0,289.0,12559260.0,11687
2023-05-10 21:03:27,eg2401,eg2401,4340.0,0.0,0.0,0.0,3,4338.0,4342.0,79,4328.0,4340.0,4349.0,4336.0,289.0,12559260.0,11687
2023-05-10 21:03:27,eg2401,eg2401,4340.0,0.0,0.0,0.0,3,4338.0,4342.0,80,4328.0,4340.0,4349.0,4336.0,289.0,12559260.0,11687
2023-05-10 21:03:28,eg2401,eg2401,4340.0,0.0,0.0,0.0,4,4338.0,4342.0,80,4328.0,4340.0,4349.0,4336.0,289.0,12559260.0,11687
2023-05-10 21:03:29,eg2401,eg2401,4340.0,0.0,0.0,0.0,4,4338.0,4342.0,81,4328.0,4340.0,4349.0,4336.0,289.0,12559260.0,11687
2023-05-10 21:03:29,eg2401,eg2401,4340.0,0.0,0.0,0.0,4,4338.0,4342.0,85,4328.0,4340.0,4349.0,4336.0,289.0,12559260.0,11687
2023-05-10 21:03:30,eg2401,eg2401,4340.0,0.0,0.0,0.0,4,4338.0,4342.0,86,4328.0,4340.0,4349.0,4336.0,289.0,12559260.0,11687
2023-05-10 21:03:31,eg2401,eg2401,4340.0,0.0,0.0,0.0,4,4338.0,4342.0,87,4328.0,4340.0,4349.0,4336.0,289.0,12559260.0,11687
2023-05-10 21:03:31,eg2401,eg2401,4340.0,0.0,0.0,0.0,4,4338.0,4342.0,111,4328.0,4340.0,4349.0,4336.0,289.0,12559260.0,11687
2023-05-10 21:03:32,eg2401,eg2401,4340.0,0.0,0.0,0.0,4,4338.0,4342.0,6,4328.0,4340.0,4349.0,4336.0,289.0,12559260.0,11687
2023-05-10 21:03:32,eg2401,eg2401,4340.0,0.0,0.0,0.0,1,4337.0,4342.0,6,4328.0,4340.0,4349.0,4336.0,289.0,12559260.0,11687
2023-05-10 21:03:33,eg2401,eg2401,4340.0,0.0,0.0,0.0,1,4337.0,4342.0,93,4328.0,4340.0,4349.0,4336.0,289.0,12559260.0,11687
2023-05-10 21:03:34,eg2401,eg2401,4340.0,0.0,0.0,0.0,3,4338.0,4342.0,92,4328.0,4340.0,4349.0,4336.0,289.0,12559260.0,11687
2023-05-10 21:03:34,eg2401,eg2401,4340.0,0.0,0.0,0.0,3,4338.0,4342.0,95,4328.0,4340.0,4349.0,4336.0,289.0,12559260.0,11687
2023-05-10 21:03:35,eg2401,eg2401,4340.0,0.0,0.0,0.0,3,4338.0,4342.0,6,4328.0,4340.0,4349.0,4336.0,289.0,12559260.0,11687
2023-05-10 21:03:35,eg2401,eg2401,4340.0,0.0,0.0,0.0,3,4339.0,4342.0,18,4328.0,4340.0,4349.0,4336.0,289.0,12559260.0,11687
2023-05-10 21:03:36,eg2401,eg2401,4340.0,0.0,0.0,0.0,3,4339.0,4342.0,6,4328.0,4340.0,4349.0,4336.0,289.0,12559260.0,11687
2023-05-10 21:03:38,eg2401,eg2401,4340.0,0.0,0.0,0.0,3,4339.0,4342.0,7,4328.0,4340.0,4349.0,4336.0,289.0,12559260.0,11687
2023-05-10 21:03:39,eg2401,eg2401,4340.0,0.0,0.0,0.0,1,4338.0,4342.0,48,4328.0,4340.0,4349.0,4336.0,289.0,12559260.0,11687
2023-05-10 21:03:39,eg2401,eg2401,4340.0,0.0,0.0,0.0,1,4338.0,4342.0,39,4328.0,4340.0,4349.0,4336.0,289.0,12559260.0,11687
2023-05-10 21:03:40,eg2401,eg2401,4340.0,0.0,0.0,0.0,1,4338.0,4342.0,41,4328.0,4340.0,4349.0,4336.0,289.0,12559260.0,11687
2023-05-10 21:03:40,eg2401,eg2401,4340.0,0.0,0.0,0.0,1,4338.0,4342.0,40,4328.0,4340.0,4349.0,4336.0,289.0,12559260.0,11687
2023-05-10 21:03:41,eg2401,eg2401,4340.0,0.0,0.0,0.0,1,4338.0,4342.0,42,4328.0,4340.0,4349.0,4336.0,289.0,12559260.0,11687
2023-05-10 21:03:41,eg2401,eg2401,4340.0,0.0,0.0,0.0,1,4338.0,4342.0,27,4328.0,4340.0,4349.0,4336.0,289.0,12559260.0,11687
2023-05-10 21:03:42,eg2401,eg2401,4340.0,0.0,0.0,0.0,1,4338.0,4342.0,16,4328.0,4340.0,4349.0,4336.0,289.0,12559260.0,11687
2023-05-10 21:03:42,eg2401,eg2401,4340.0,0.0,0.0,0.0,1,4338.0,4342.0,15,4328.0,4340.0,4349.0,4336.0,289.0,12559260.0,11687
2023-05-10 21:03:43,eg2401,eg2401,4340.0,0.0,0.0,0.0,1,4338.0,4342.0,13,4328.0,4340.0,4349.0,4336.0,289.0,12559260.0,11687
2023-05-10 21:03:43,eg2401,eg2401,4340.0,0.0,0.0,0.0,1,4338.0,4342.0,36,4328.0,4340.0,4349.0,4336.0,289.0,12559260.0,11687
2023-05-10 21:03:44,eg2401,eg2401,4340.0,0.0,0.0,0.0,1,4338.0,4342.0,37,4328.0,4340.0,4349.0,4336.0,289.0,12559260.0,11687
2023-05-10 21:03:44,eg2401,eg2401,4340.0,0.0,0.0,0.0,1,4338.0,4342.0,20,4328.0,4340.0,4349.0,4336.0,289.0,12559260.0,11687
2023-05-10 21:03:45,eg2401,eg2401,4340.0,0.0,0.0,0.0,1,4338.0,4342.0,15,4328.0,4340.0,4349.0,4336.0,289.0,12559260.0,11687
2023-05-10 21:03:45,eg2401,eg2401,4340.0,0.0,0.0,0.0,1,4338.0,4342.0,14,4328.0,4340.0,4349.0,4336.0,289.0,12559260.0,11687
2023-05-10 21:03:46,eg2401,eg2401,4340.0,0.0,0.0,0.0,1,4338.0,4342.0,16,4328.0,4340.0,4349.0,4336.0,289.0,12559260.0,11687
2023-05-10 21:03:46,eg2401,eg2401,4340.0,0.0,0.0,0.0,1,4338.0,4342.0,31,4328.0,4340.0,4349.0,4336.0,289.0,12559260.0,11687
2023-05-10 21:03:47,eg2401,eg2401,4340.0,0.0,0.0,0.0,1,4338.0,4342.0,32,4328.0,4340.0,4349.0,4336.0,289.0,12559260.0,11687
2023-05-10 21:03:47,eg2401,eg2401,4340.0,0.0,0.0,0.0,1,4338.0,4342.0,6,4328.0,4340.0,4349.0,4336.0,289.0,12559260.0,11687
2023-05-10 21:03:48,eg2401,eg2401,4340.0,0.0,0.0,0.0,1,4337.0,4342.0,6,4328.0,4340.0,4349.0,4336.0,289.0,12559260.0,11687
2023-05-10 21:03:51,eg2401,eg2401,4340.0,0.0,0.0,0.0,3,4338.0,4342.0,6,4328.0,4340.0,4349.0,4336.0,289.0,12559260.0,11687
2023-05-10 21:03:52,eg2401,eg2401,4340.0,0.0,0.0,0.0,37,4338.0,4342.0,6,4328.0,4340.0,4349.0,4336.0,289.0,12559260.0,11687
2023-05-10 21:03:53,eg2401,eg2401,4340.0,0.0,0.0,0.0,3,4337.0,4342.0,6,4328.0,4340.0,4349.0,4336.0,289.0,12559260.0,11687
2023-05-10 21:03:54,eg2401,eg2401,4340.0,0.0,0.0,0.0,3,4337.0,4341.0,52,4328.0,4340.0,4349.0,4336.0,289.0,12559260.0,11687
2023-05-10 21:03:54,eg2401,eg2401,4340.0,0.0,0.0,0.0,4,4337.0,4341.0,53,4328.0,4340.0,4349.0,4336.0,289.0,12559260.0,11687
2023-05-10 21:03:55,eg2401,eg2401,4340.0,0.0,0.0,0.0,3,4338.0,4340.0,6,4328.0,4340.0,4349.0,4336.0,289.0,12559260.0,11687
2023-05-10 21:03:55,eg2401,eg2401,4340.0,0.0,0.0,0.0,1,4337.0,4340.0,6,4328.0,4340.0,4349.0,4336.0,289.0,12559260.0,11687
2023-05-10 21:04:01,eg2401,eg2401,4340.0,6.0,260400.0,-6.0,1,4337.0,4350.0,3,4328.0,4340.0,4349.0,4336.0,295.0,12819660.0,11681
2023-05-10 21:04:01,eg2401,eg2401,4340.0,0.0,0.0,0.0,3,4338.0,4343.0,1,4328.0,4340.0,4349.0,4336.0,295.0,12819660.0,11681
2023-05-10 21:04:02,eg2401,eg2401,4340.0,0.0,0.0,0.0,3,4338.0,4342.0,56,4328.0,4340.0,4349.0,4336.0,295.0,12819660.0,11681
2023-05-10 21:04:02,eg2401,eg2401,4340.0,0.0,0.0,0.0,3,4338.0,4342.0,54,4328.0,4340.0,4349.0,4336.0,295.0,12819660.0,11681
2023-05-10 21:04:03,eg2401,eg2401,4340.0,0.0,0.0,0.0,3,4338.0,4342.0,114,4328.0,4340.0,4349.0,4336.0,295.0,12819660.0,11681
2023-05-10 21:04:03,eg2401,eg2401,4340.0,0.0,0.0,0.0,3,4338.0,4342.0,1,4328.0,4340.0,4349.0,4336.0,295.0,12819660.0,11681
2023-05-10 21:04:04,eg2401,eg2401,4340.0,0.0,0.0,0.0,42,4338.0,4342.0,2,4328.0,4340.0,4349.0,4336.0,295.0,12819660.0,11681
2023-05-10 21:04:05,eg2401,eg2401,4340.0,0.0,0.0,0.0,3,4337.0,4342.0,2,4328.0,4340.0,4349.0,4336.0,295.0,12819660.0,11681
2023-05-10 21:04:06,eg2401,eg2401,4340.0,0.0,0.0,0.0,3,4337.0,4342.0,3,4328.0,4340.0,4349.0,4336.0,295.0,12819660.0,11681
2023-05-10 21:04:12,eg2401,eg2401,4340.0,0.0,0.0,0.0,3,4338.0,4342.0,3,4328.0,4340.0,4349.0,4336.0,295.0,12819660.0,11681
2023-05-10 21:04:16,eg2401,eg2401,4340.0,0.0,0.0,0.0,42,4338.0,4342.0,3,4328.0,4340.0,4349.0,4336.0,295.0,12819660.0,11681
2023-05-10 21:04:17,eg2401,eg2401,4340.0,0.0,0.0,0.0,3,4338.0,4342.0,3,4328.0,4340.0,4349.0,4336.0,295.0,12819660.0,11681
2023-05-10 21:04:17,eg2401,eg2401,4340.0,0.0,0.0,0.0,42,4338.0,4342.0,3,4328.0,4340.0,4349.0,4336.0,295.0,12819660.0,11681
2023-05-10 21:04:18,eg2401,eg2401,4340.0,0.0,0.0,0.0,3,4338.0,4342.0,2,4328.0,4340.0,4349.0,4336.0,295.0,12819660.0,11681
2023-05-10 21:04:19,eg2401,eg2401,4340.0,0.0,0.0,0.0,3,4338.0,4341.0,36,4328.0,4340.0,4349.0,4336.0,295.0,12819660.0,11681
2023-05-10 21:04:20,eg2401,eg2401,4340.0,0.0,0.0,0.0,3,4338.0,4341.0,39,4328.0,4340.0,4349.0,4336.0,295.0,12819660.0,11681
2023-05-10 21:04:21,eg2401,eg2401,4340.0,0.0,0.0,0.0,42,4338.0,4341.0,128,4328.0,4340.0,4349.0,4336.0,295.0,12819660.0,11681
2023-05-10 21:04:22,eg2401,eg2401,4340.0,0.0,0.0,0.0,3,4337.0,4341.0,1,4328.0,4340.0,4349.0,4336.0,295.0,12819660.0,11681
2023-05-10 21:04:29,eg2401,eg2401,4340.0,0.0,0.0,0.0,3,4337.0,4340.0,34,4328.0,4340.0,4349.0,4336.0,295.0,12819660.0,11681
2023-05-10 21:04:29,eg2401,eg2401,4340.0,0.0,0.0,0.0,42,4337.0,4340.0,2,4328.0,4340.0,4349.0,4336.0,295.0,12819660.0,11681
2023-05-10 21:04:30,eg2401,eg2401,4340.0,0.0,0.0,0.0,3,4336.0,4340.0,2,4328.0,4340.0,4349.0,4336.0,295.0,12819660.0,11681
2023-05-10 21:04:33,eg2401,eg2401,4340.0,0.0,0.0,0.0,42,4336.0,4340.0,2,4328.0,4340.0,4349.0,4336.0,295.0,12819660.0,11681
2023-05-10 21:04:33,eg2401,eg2401,4340.0,0.0,0.0,0.0,3,4335.0,4340.0,2,4328.0,4340.0,4349.0,4336.0,295.0,12819660.0,11681
2023-05-10 21:04:34,eg2401,eg2401,4340.0,0.0,0.0,0.0,3,4335.0,4340.0,3,4328.0,4340.0,4349.0,4336.0,295.0,12819660.0,11681
2023-05-10 21:04:36,eg2401,eg2401,4340.0,0.0,0.0,0.0,3,4335.0,4340.0,4,4328.0,4340.0,4349.0,4336.0,295.0,12819660.0,11681
2023-05-10 21:04:43,eg2401,eg2401,4340.0,0.0,0.0,0.0,42,4336.0,4340.0,4,4328.0,4340.0,4349.0,4336.0,295.0,12819660.0,11681
2023-05-10 21:04:44,eg2401,eg2401,4340.0,0.0,0.0,0.0,3,4336.0,4340.0,4,4328.0,4340.0,4349.0,4336.0,295.0,12819660.0,11681
2023-05-10 21:04:45,eg2401,eg2401,4340.0,0.0,0.0,0.0,42,4336.0,4340.0,4,4328.0,4340.0,4349.0,4336.0,295.0,12819660.0,11681
2023-05-10 21:04:46,eg2401,eg2401,4340.0,0.0,0.0,0.0,42,4336.0,4340.0,3,4328.0,4340.0,4349.0,4336.0,295.0,12819660.0,11681
2023-05-10 21:04:50,eg2401,eg2401,4340.0,0.0,0.0,0.0,42,4336.0,4340.0,4,4328.0,4340.0,4349.0,4336.0,295.0,12819660.0,11681
2023-05-10 21:04:50,eg2401,eg2401,4340.0,0.0,0.0,0.0,3,4335.0,4340.0,4,4328.0,4340.0,4349.0,4336.0,295.0,12819660.0,11681
2023-05-10 21:04:52,eg2401,eg2401,4340.0,0.0,0.0,0.0,3,4335.0,4340.0,3,4328.0,4340.0,4349.0,4336.0,295.0,12819660.0,11681
2023-05-10 21:04:52,eg2401,eg2401,4340.0,0.0,0.0,0.0,3,4335.0,4340.0,4,4328.0,4340.0,4349.0,4336.0,295.0,12819660.0,11681
2023-05-10 21:04:53,eg2401,eg2401,4340.0,0.0,0.0,0.0,3,4335.0,4340.0,3,4328.0,4340.0,4349.0,4336.0,295.0,12819660.0,11681
2023-05-10 21:04:53,eg2401,eg2401,4340.0,0.0,0.0,0.0,3,4336.0,4340.0,3,4328.0,4340.0,4349.0,4336.0,295.0,12819660.0,11681
2023-05-10 21:04:59,eg2401,eg2401,4340.0,0.0,0.0,0.0,3,4336.0,4340.0,53,4328.0,4340.0,4349.0,4336.0,295.0,12819660.0,11681
2023-05-10 21:05:00,eg2401,eg2401,4340.0,0.0,0.0,0.0,3,4337.0,4340.0,34,4328.0,4340.0,4349.0,4336.0,295.0,12819660.0,11681
2023-05-10 21:05:00,eg2401,eg2401,4340.0,0.0,0.0,0.0,3,4337.0,4340.0,18,4328.0,4340.0,4349.0,4336.0,295.0,12819660.0,11681
2023-05-10 21:05:01,eg2401,eg2401,4340.0,0.0,0.0,0.0,3,4337.0,4340.0,38,4328.0,4340.0,4349.0,4336.0,295.0,12819660.0,11681
2023-05-10 21:05:01,eg2401,eg2401,4340.0,0.0,0.0,0.0,3,4337.0,4340.0,32,4328.0,4340.0,4349.0,4336.0,295.0,12819660.0,11681
2023-05-10 21:05:02,eg2401,eg2401,4340.0,0.0,0.0,0.0,3,4337.0,4340.0,33,4328.0,4340.0,4349.0,4336.0,295.0,12819660.0,11681
2023-05-10 21:05:02,eg2401,eg2401,4340.0,0.0,0.0,0.0,3,4337.0,4340.0,38,4328.0,4340.0,4349.0,4336.0,295.0,12819660.0,11681
2023-05-10 21:05:03,eg2401,eg2401,4340.0,0.0,0.0,0.0,3,4337.0,4340.0,2,4328.0,4340.0,4349.0,4336.0,295.0,12819660.0,11681
2023-05-10 21:05:05,eg2401,eg2401,4340.0,0.0,0.0,0.0,4,4337.0,4340.0,2,4328.0,4340.0,4349.0,4336.0,295.0,12819660.0,11681
2023-05-10 21:05:06,eg2401,eg2401,4340.0,0.0,0.0,0.0,4,4337.0,4341.0,268,4328.0,4340.0,4349.0,4336.0,295.0,12819660.0,11681
2023-05-10 21:05:06,eg2401,eg2401,4340.0,0.0,0.0,0.0,3,4337.0,4341.0,1,4328.0,4340.0,4349.0,4336.0,295.0,12819660.0,11681
2023-05-10 21:05:07,eg2401,eg2401,4340.0,0.0,0.0,0.0,3,4337.0,4340.0,78,4328.0,4340.0,4349.0,4336.0,295.0,12819660.0,11681
2023-05-10 21:05:08,eg2401,eg2401,4340.0,0.0,0.0,0.0,3,4337.0,4340.0,2,4328.0,4340.0,4349.0,4336.0,295.0,12819660.0,11681
2023-05-10 21:05:08,eg2401,eg2401,4340.0,0.0,0.0,0.0,3,4337.0,4340.0,28,4328.0,4340.0,4349.0,4336.0,295.0,12819660.0,11681
2023-05-10 21:05:09,eg2401,eg2401,4340.0,0.0,0.0,0.0,3,4337.0,4340.0,61,4328.0,4340.0,4349.0,4336.0,295.0,12819660.0,11681
2023-05-10 21:05:09,eg2401,eg2401,4340.0,0.0,0.0,0.0,3,4337.0,4340.0,60,4328.0,4340.0,4349.0,4336.0,295.0,12819660.0,11681
2023-05-10 21:05:10,eg2401,eg2401,4340.0,0.0,0.0,0.0,3,4337.0,4340.0,69,4328.0,4340.0,4349.0,4336.0,295.0,12819660.0,11681
2023-05-10 21:05:10,eg2401,eg2401,4340.0,0.0,0.0,0.0,3,4336.0,4340.0,2,4328.0,4340.0,4349.0,4336.0,295.0,12819660.0,11681
2023-05-10 21:05:12,eg2401,eg2401,4340.0,0.0,0.0,0.0,42,4336.0,4340.0,2,4328.0,4340.0,4349.0,4336.0,295.0,12819660.0,11681
2023-05-10 21:05:13,eg2401,eg2401,4340.0,0.0,0.0,0.0,3,4335.0,4340.0,2,4328.0,4340.0,4349.0,4336.0,295.0,12819660.0,11681
2023-05-10 21:05:13,eg2401,eg2401,4340.0,0.0,0.0,0.0,3,4335.0,4340.0,3,4328.0,4340.0,4349.0,4336.0,295.0,12819660.0,11681
2023-05-10 21:05:14,eg2401,eg2401,4340.0,0.0,0.0,0.0,1,4334.0,4340.0,3,4328.0,4340.0,4349.0,4336.0,295.0,12819660.0,11681
2023-05-10 21:05:15,eg2401,eg2401,4335.0,3.0,130050.0,1.0,38,4334.0,4340.0,3,4328.0,4340.0,4349.0,4335.0,298.0,12949710.0,11682
2023-05-10 21:05:16,eg2401,eg2401,4335.0,0.0,0.0,0.0,38,4334.0,4339.0,1,4328.0,4340.0,4349.0,4335.0,298.0,12949710.0,11682
2023-05-10 21:05:16,eg2401,eg2401,4335.0,0.0,0.0,0.0,35,4334.0,4339.0,2,4328.0,4340.0,4349.0,4335.0,298.0,12949710.0,11682
2023-05-10 21:05:17,eg2401,eg2401,4335.0,0.0,0.0,0.0,31,4334.0,4339.0,2,4328.0,4340.0,4349.0,4335.0,298.0,12949710.0,11682
2023-05-10 21:05:17,eg2401,eg2401,4335.0,0.0,0.0,0.0,35,4334.0,4337.0,1,4328.0,4340.0,4349.0,4335.0,298.0,12949710.0,11682
2023-05-10 21:05:18,eg2401,eg2401,4335.0,0.0,0.0,0.0,1,4334.0,4337.0,22,4328.0,4340.0,4349.0,4335.0,298.0,12949710.0,11682
2023-05-10 21:05:18,eg2401,eg2401,4335.0,0.0,0.0,0.0,1,4334.0,4337.0,40,4328.0,4340.0,4349.0,4335.0,298.0,12949710.0,11682
2023-05-10 21:05:19,eg2401,eg2401,4335.0,0.0,0.0,0.0,1,4334.0,4337.0,34,4328.0,4340.0,4349.0,4335.0,298.0,12949710.0,11682
2023-05-10 21:05:19,eg2401,eg2401,4335.0,0.0,0.0,0.0,1,4334.0,4337.0,39,4328.0,4340.0,4349.0,4335.0,298.0,12949710.0,11682
2023-05-10 21:05:20,eg2401,eg2401,4335.0,0.0,0.0,0.0,1,4334.0,4337.0,34,4328.0,4340.0,4349.0,4335.0,298.0,12949710.0,11682
2023-05-10 21:05:20,eg2401,eg2401,4335.0,0.0,0.0,0.0,1,4334.0,4337.0,14,4328.0,4340.0,4349.0,4335.0,298.0,12949710.0,11682
2023-05-10 21:05:21,eg2401,eg2401,4335.0,0.0,0.0,0.0,1,4334.0,4337.0,15,4328.0,4340.0,4349.0,4335.0,298.0,12949710.0,11682
2023-05-10 21:05:21,eg2401,eg2401,4335.0,0.0,0.0,0.0,1,4334.0,4341.0,2,4328.0,4340.0,4349.0,4335.0,298.0,12949710.0,11682
2023-05-10 21:05:22,eg2401,eg2401,4335.0,0.0,0.0,0.0,1,4334.0,4340.0,2,4328.0,4340.0,4349.0,4335.0,298.0,12949710.0,11682
2023-05-10 21:05:22,eg2401,eg2401,4335.0,0.0,0.0,0.0,38,4334.0,4339.0,1,4328.0,4340.0,4349.0,4335.0,298.0,12949710.0,11682
2023-05-10 21:05:24,eg2401,eg2401,4335.0,0.0,0.0,0.0,35,4334.0,4338.0,1,4328.0,4340.0,4349.0,4335.0,298.0,12949710.0,11682
2023-05-10 21:05:24,eg2401,eg2401,4335.0,0.0,0.0,0.0,2,4334.0,4338.0,1,4328.0,4340.0,4349.0,4335.0,298.0,12949710.0,11682
2023-05-10 21:05:25,eg2401,eg2401,4335.0,0.0,0.0,0.0,1,4334.0,4338.0,1,4328.0,4340.0,4349.0,4335.0,298.0,12949710.0,11682
2023-05-10 21:05:25,eg2401,eg2401,4335.0,0.0,0.0,0.0,1,4334.0,4336.0,1,4328.0,4340.0,4349.0,4335.0,298.0,12949710.0,11682
2023-05-10 21:05:27,eg2401,eg2401,4335.0,0.0,0.0,0.0,28,4334.0,4336.0,31,4328.0,4340.0,4349.0,4335.0,298.0,12949710.0,11682
2023-05-10 21:05:27,eg2401,eg2401,4335.0,0.0,0.0,0.0,29,4334.0,4336.0,29,4328.0,4340.0,4349.0,4335.0,298.0,12949710.0,11682
2023-05-10 21:05:28,eg2401,eg2401,4335.0,0.0,0.0,0.0,28,4334.0,4336.0,31,4328.0,4340.0,4349.0,4335.0,298.0,12949710.0,11682
2023-05-10 21:05:28,eg2401,eg2401,4335.0,0.0,0.0,0.0,24,4334.0,4336.0,30,4328.0,4340.0,4349.0,4335.0,298.0,12949710.0,11682
2023-05-10 21:05:29,eg2401,eg2401,4335.0,0.0,0.0,0.0,21,4334.0,4336.0,31,4328.0,4340.0,4349.0,4335.0,298.0,12949710.0,11682
2023-05-10 21:05:29,eg2401,eg2401,4335.0,0.0,0.0,0.0,16,4334.0,4336.0,29,4328.0,4340.0,4349.0,4335.0,298.0,12949710.0,11682
2023-05-10 21:05:30,eg2401,eg2401,4335.0,0.0,0.0,0.0,10,4334.0,4336.0,36,4328.0,4340.0,4349.0,4335.0,298.0,12949710.0,11682
2023-05-10 21:05:31,eg2401,eg2401,4335.0,0.0,0.0,0.0,11,4334.0,4336.0,38,4328.0,4340.0,4349.0,4335.0,298.0,12949710.0,11682
2023-05-10 21:05:31,eg2401,eg2401,4335.0,0.0,0.0,0.0,1,4334.0,4336.0,2,4328.0,4340.0,4349.0,4335.0,298.0,12949710.0,11682
2023-05-10 21:05:35,eg2401,eg2401,4334.0,1.0,43340.0,0.0,1,4333.0,4336.0,2,4328.0,4340.0,4349.0,4334.0,299.0,12993050.0,11682
2023-05-10 21:05:36,eg2401,eg2401,4334.0,0.0,0.0,0.0,3,4331.0,4336.0,3,4328.0,4340.0,4349.0,4334.0,299.0,12993050.0,11682
2023-05-10 21:05:36,eg2401,eg2401,4334.0,0.0,0.0,0.0,40,4332.0,4336.0,3,4328.0,4340.0,4349.0,4334.0,299.0,12993050.0,11682
2023-05-10 21:05:37,eg2401,eg2401,4334.0,0.0,0.0,0.0,27,4333.0,4336.0,3,4328.0,4340.0,4349.0,4334.0,299.0,12993050.0,11682
2023-05-10 21:05:37,eg2401,eg2401,4334.0,0.0,0.0,0.0,40,4333.0,4336.0,3,4328.0,4340.0,4349.0,4334.0,299.0,12993050.0,11682
2023-05-10 21:05:41,eg2401,eg2401,4334.0,0.0,0.0,0.0,3,4333.0,4336.0,38,4328.0,4340.0,4349.0,4334.0,299.0,12993050.0,11682
2023-05-10 21:05:41,eg2401,eg2401,4334.0,0.0,0.0,0.0,3,4333.0,4336.0,33,4328.0,4340.0,4349.0,4334.0,299.0,12993050.0,11682
2023-05-10 21:05:42,eg2401,eg2401,4334.0,0.0,0.0,0.0,40,4334.0,4336.0,3,4328.0,4340.0,4349.0,4334.0,299.0,12993050.0,11682
2023-05-10 21:05:42,eg2401,eg2401,4334.0,0.0,0.0,0.0,3,4334.0,4336.0,2,4328.0,4340.0,4349.0,4334.0,299.0,12993050.0,11682
2023-05-10 21:05:43,eg2401,eg2401,4334.0,0.0,0.0,0.0,3,4334.0,4341.0,1,4328.0,4340.0,4349.0,4334.0,299.0,12993050.0,11682
2023-05-10 21:05:44,eg2401,eg2401,4334.0,0.0,0.0,0.0,3,4334.0,4339.0,2,4328.0,4340.0,4349.0,4334.0,299.0,12993050.0,11682
2023-05-10 21:05:44,eg2401,eg2401,4335.0,3.0,130050.0,0.0,38,4334.0,4338.0,3,4328.0,4340.0,4349.0,4334.0,302.0,13123100.0,11682
2023-05-10 21:05:45,eg2401,eg2401,4335.0,0.0,0.0,0.0,3,4332.0,4338.0,3,4328.0,4340.0,4349.0,4334.0,302.0,13123100.0,11682
2023-05-10 21:05:45,eg2401,eg2401,4335.0,0.0,0.0,0.0,3,4333.0,4337.0,5,4328.0,4340.0,4349.0,4334.0,302.0,13123100.0,11682
2023-05-10 21:05:46,eg2401,eg2401,4335.0,0.0,0.0,0.0,3,4333.0,4337.0,53,4328.0,4340.0,4349.0,4334.0,302.0,13123100.0,11682
2023-05-10 21:05:46,eg2401,eg2401,4335.0,0.0,0.0,0.0,3,4334.0,4337.0,24,4328.0,4340.0,4349.0,4334.0,302.0,13123100.0,11682
2023-05-10 21:05:47,eg2401,eg2401,4335.0,0.0,0.0,0.0,3,4334.0,4337.0,22,4328.0,4340.0,4349.0,4334.0,302.0,13123100.0,11682
2023-05-10 21:05:48,eg2401,eg2401,4335.0,0.0,0.0,0.0,3,4334.0,4337.0,20,4328.0,4340.0,4349.0,4334.0,302.0,13123100.0,11682
2023-05-10 21:05:48,eg2401,eg2401,4335.0,0.0,0.0,0.0,3,4334.0,4337.0,22,4328.0,4340.0,4349.0,4334.0,302.0,13123100.0,11682
2023-05-10 21:05:49,eg2401,eg2401,4335.0,0.0,0.0,0.0,3,4334.0,4337.0,23,4328.0,4340.0,4349.0,4334.0,302.0,13123100.0,11682
2023-05-10 21:05:49,eg2401,eg2401,4335.0,0.0,0.0,0.0,3,4334.0,4337.0,19,4328.0,4340.0,4349.0,4334.0,302.0,13123100.0,11682
2023-05-10 21:05:50,eg2401,eg2401,4335.0,0.0,0.0,0.0,3,4334.0,4337.0,20,4328.0,4340.0,4349.0,4334.0,302.0,13123100.0,11682
2023-05-10 21:05:50,eg2401,eg2401,4335.0,0.0,0.0,0.0,1,4332.0,4337.0,25,4328.0,4340.0,4349.0,4334.0,302.0,13123100.0,11682
2023-05-10 21:05:51,eg2401,eg2401,4335.0,0.0,0.0,0.0,3,4333.0,4337.0,34,4328.0,4340.0,4349.0,4334.0,302.0,13123100.0,11682
2023-05-10 21:05:51,eg2401,eg2401,4335.0,0.0,0.0,0.0,3,4333.0,4337.0,38,4328.0,4340.0,4349.0,4334.0,302.0,13123100.0,11682
2023-05-10 21:05:52,eg2401,eg2401,4335.0,0.0,0.0,0.0,3,4333.0,4337.0,36,4328.0,4340.0,4349.0,4334.0,302.0,13123100.0,11682
2023-05-10 21:05:52,eg2401,eg2401,4335.0,0.0,0.0,0.0,3,4333.0,4337.0,35,4328.0,4340.0,4349.0,4334.0,302.0,13123100.0,11682
2023-05-10 21:05:53,eg2401,eg2401,4335.0,0.0,0.0,0.0,3,4333.0,4337.0,36,4328.0,4340.0,4349.0,4334.0,302.0,13123100.0,11682
2023-05-10 21:05:53,eg2401,eg2401,4335.0,0.0,0.0,0.0,3,4333.0,4337.0,40,4328.0,4340.0,4349.0,4334.0,302.0,13123100.0,11682
2023-05-10 21:05:54,eg2401,eg2401,4335.0,0.0,0.0,0.0,3,4333.0,4338.0,1,4328.0,4340.0,4349.0,4334.0,302.0,13123100.0,11682
2023-05-10 21:05:55,eg2401,eg2401,4335.0,0.0,0.0,0.0,3,4333.0,4338.0,38,4328.0,4340.0,4349.0,4334.0,302.0,13123100.0,11682
2023-05-10 21:05:55,eg2401,eg2401,4335.0,0.0,0.0,0.0,3,4334.0,4339.0,1,4328.0,4340.0,4349.0,4334.0,302.0,13123100.0,11682
2023-05-10 21:05:56,eg2401,eg2401,4335.0,0.0,0.0,0.0,4,4334.0,4339.0,1,4328.0,4340.0,4349.0,4334.0,302.0,13123100.0,11682
2023-05-10 21:05:56,eg2401,eg2401,4335.0,0.0,0.0,0.0,4,4334.0,4338.0,34,4328.0,4340.0,4349.0,4334.0,302.0,13123100.0,11682
2023-05-10 21:05:57,eg2401,eg2401,4335.0,0.0,0.0,0.0,4,4334.0,4338.0,2,4328.0,4340.0,4349.0,4334.0,302.0,13123100.0,11682
2023-05-10 21:05:57,eg2401,eg2401,4336.0,3.0,130080.0,3.0,1,4333.0,4337.0,3,4328.0,4340.0,4349.0,4334.0,305.0,13253180.0,11685
2023-05-10 21:05:58,eg2401,eg2401,4336.0,0.0,0.0,0.0,3,4333.0,4337.0,230,4328.0,4340.0,4349.0,4334.0,305.0,13253180.0,11685
2023-05-10 21:05:59,eg2401,eg2401,4336.0,0.0,0.0,0.0,4,4333.0,4338.0,2,4328.0,4340.0,4349.0,4334.0,305.0,13253180.0,11685
2023-05-10 21:05:59,eg2401,eg2401,4336.0,0.0,0.0,0.0,3,4334.0,4338.0,2,4328.0,4340.0,4349.0,4334.0,305.0,13253180.0,11685
2023-05-10 21:06:01,eg2401,eg2401,4336.0,0.0,0.0,0.0,3,4334.0,4338.0,38,4328.0,4340.0,4349.0,4334.0,305.0,13253180.0,11685
2023-05-10 21:06:01,eg2401,eg2401,4336.0,0.0,0.0,0.0,3,4334.0,4338.0,160,4328.0,4340.0,4349.0,4334.0,305.0,13253180.0,11685
2023-05-10 21:06:02,eg2401,eg2401,4336.0,0.0,0.0,0.0,4,4334.0,4338.0,162,4328.0,4340.0,4349.0,4334.0,305.0,13253180.0,11685
2023-05-10 21:06:02,eg2401,eg2401,4336.0,0.0,0.0,0.0,4,4334.0,4338.0,168,4328.0,4340.0,4349.0,4334.0,305.0,13253180.0,11685
2023-05-10 21:06:03,eg2401,eg2401,4336.0,0.0,0.0,0.0,4,4334.0,4338.0,2,4328.0,4340.0,4349.0,4334.0,305.0,13253180.0,11685
2023-05-10 21:06:04,eg2401,eg2401,4336.0,0.0,0.0,0.0,3,4335.0,4338.0,2,4328.0,4340.0,4349.0,4334.0,305.0,13253180.0,11685
2023-05-10 21:06:05,eg2401,eg2401,4336.0,0.0,0.0,0.0,3,4335.0,4339.0,90,4328.0,4340.0,4349.0,4334.0,305.0,13253180.0,11685
2023-05-10 21:06:05,eg2401,eg2401,4336.0,0.0,0.0,0.0,3,4335.0,4339.0,87,4328.0,4340.0,4349.0,4334.0,305.0,13253180.0,11685
2023-05-10 21:06:06,eg2401,eg2401,4336.0,0.0,0.0,0.0,3,4335.0,4339.0,1,4328.0,4340.0,4349.0,4334.0,305.0,13253180.0,11685
2023-05-10 21:06:06,eg2401,eg2401,4339.0,1.0,43390.0,0.0,3,4336.0,4341.0,193,4328.0,4340.0,4349.0,4334.0,306.0,13296570.0,11685
2023-05-10 21:06:07,eg2401,eg2401,4339.0,0.0,0.0,0.0,3,4337.0,4341.0,191,4328.0,4340.0,4349.0,4334.0,306.0,13296570.0,11685
2023-05-10 21:06:07,eg2401,eg2401,4339.0,0.0,0.0,0.0,4,4337.0,4341.0,189,4328.0,4340.0,4349.0,4334.0,306.0,13296570.0,11685
2023-05-10 21:06:08,eg2401,eg2401,4339.0,0.0,0.0,0.0,4,4337.0,4341.0,186,4328.0,4340.0,4349.0,4334.0,306.0,13296570.0,11685
2023-05-10 21:06:08,eg2401,eg2401,4339.0,0.0,0.0,0.0,4,4337.0,4341.0,179,4328.0,4340.0,4349.0,4334.0,306.0,13296570.0,11685
2023-05-10 21:06:09,eg2401,eg2401,4339.0,0.0,0.0,0.0,3,4338.0,4341.0,1,4328.0,4340.0,4349.0,4334.0,306.0,13296570.0,11685
2023-05-10 21:06:09,eg2401,eg2401,4339.0,0.0,0.0,0.0,3,4338.0,4341.0,5,4328.0,4340.0,4349.0,4334.0,306.0,13296570.0,11685
2023-05-10 21:06:10,eg2401,eg2401,4339.0,0.0,0.0,0.0,3,4338.0,4341.0,1,4328.0,4340.0,4349.0,4334.0,306.0,13296570.0,11685
2023-05-10 21:06:10,eg2401,eg2401,4339.0,0.0,0.0,0.0,3,4338.0,4341.0,7,4328.0,4340.0,4349.0,4334.0,306.0,13296570.0,11685
2023-05-10 21:06:11,eg2401,eg2401,4339.0,0.0,0.0,0.0,3,4338.0,4341.0,1,4328.0,4340.0,4349.0,4334.0,306.0,13296570.0,11685
2023-05-10 21:06:12,eg2401,eg2401,4339.0,0.0,0.0,0.0,1,4337.0,4341.0,8,4328.0,4340.0,4349.0,4334.0,306.0,13296570.0,11685
2023-05-10 21:06:13,eg2401,eg2401,4339.0,0.0,0.0,0.0,1,4337.0,4341.0,5,4328.0,4340.0,4349.0,4334.0,306.0,13296570.0,11685
2023-05-10 21:06:13,eg2401,eg2401,4339.0,0.0,0.0,0.0,1,4337.0,4341.0,4,4328.0,4340.0,4349.0,4334.0,306.0,13296570.0,11685
2023-05-10 21:06:14,eg2401,eg2401,4339.0,0.0,0.0,0.0,1,4337.0,4341.0,3,4328.0,4340.0,4349.0,4334.0,306.0,13296570.0,11685
2023-05-10 21:06:14,eg2401,eg2401,4339.0,0.0,0.0,0.0,1,4337.0,4341.0,1,4328.0,4340.0,4349.0,4334.0,306.0,13296570.0,11685
2023-05-10 21:06:15,eg2401,eg2401,4339.0,0.0,0.0,0.0,1,4337.0,4341.0,6,4328.0,4340.0,4349.0,4334.0,306.0,13296570.0,11685
2023-05-10 21:06:15,eg2401,eg2401,4339.0,0.0,0.0,0.0,1,4337.0,4341.0,1,4328.0,4340.0,4349.0,4334.0,306.0,13296570.0,11685
2023-05-10 21:06:16,eg2401,eg2401,4339.0,0.0,0.0,0.0,3,4337.0,4341.0,12,4328.0,4340.0,4349.0,4334.0,306.0,13296570.0,11685
2023-05-10 21:06:16,eg2401,eg2401,4339.0,0.0,0.0,0.0,3,4337.0,4341.0,7,4328.0,4340.0,4349.0,4334.0,306.0,13296570.0,11685
2023-05-10 21:06:17,eg2401,eg2401,4339.0,0.0,0.0,0.0,3,4337.0,4341.0,5,4328.0,4340.0,4349.0,4334.0,306.0,13296570.0,11685
2023-05-10 21:06:17,eg2401,eg2401,4339.0,0.0,0.0,0.0,3,4337.0,4341.0,10,4328.0,4340.0,4349.0,4334.0,306.0,13296570.0,11685
2023-05-10 21:06:18,eg2401,eg2401,4339.0,0.0,0.0,0.0,3,4337.0,4341.0,11,4328.0,4340.0,4349.0,4334.0,306.0,13296570.0,11685
2023-05-10 21:06:18,eg2401,eg2401,4339.0,0.0,0.0,0.0,3,4337.0,4341.0,6,4328.0,4340.0,4349.0,4334.0,306.0,13296570.0,11685
2023-05-10 21:06:19,eg2401,eg2401,4339.0,0.0,0.0,0.0,3,4337.0,4341.0,5,4328.0,4340.0,4349.0,4334.0,306.0,13296570.0,11685
2023-05-10 21:06:19,eg2401,eg2401,4339.0,0.0,0.0,0.0,3,4337.0,4341.0,8,4328.0,4340.0,4349.0,4334.0,306.0,13296570.0,11685
2023-05-10 21:06:20,eg2401,eg2401,4339.0,0.0,0.0,0.0,3,4337.0,4341.0,1,4328.0,4340.0,4349.0,4334.0,306.0,13296570.0,11685
2023-05-10 21:06:20,eg2401,eg2401,4339.0,0.0,0.0,0.0,4,4337.0,4341.0,1,4328.0,4340.0,4349.0,4334.0,306.0,13296570.0,11685
2023-05-10 21:06:21,eg2401,eg2401,4339.0,0.0,0.0,0.0,4,4337.0,4341.0,5,4328.0,4340.0,4349.0,4334.0,306.0,13296570.0,11685
2023-05-10 21:06:22,eg2401,eg2401,4339.0,0.0,0.0,0.0,4,4337.0,4341.0,6,4328.0,4340.0,4349.0,4334.0,306.0,13296570.0,11685
2023-05-10 21:06:22,eg2401,eg2401,4339.0,0.0,0.0,0.0,4,4337.0,4341.0,1,4328.0,4340.0,4349.0,4334.0,306.0,13296570.0,11685
2023-05-10 21:06:23,eg2401,eg2401,4339.0,0.0,0.0,0.0,5,4337.0,4341.0,1,4328.0,4340.0,4349.0,4334.0,306.0,13296570.0,11685
2023-05-10 21:06:26,eg2401,eg2401,4339.0,0.0,0.0,0.0,5,4337.0,4341.0,4,4328.0,4340.0,4349.0,4334.0,306.0,13296570.0,11685
2023-05-10 21:06:26,eg2401,eg2401,4339.0,0.0,0.0,0.0,4,4337.0,4341.0,18,4328.0,4340.0,4349.0,4334.0,306.0,13296570.0,11685
2023-05-10 21:06:27,eg2401,eg2401,4339.0,0.0,0.0,0.0,4,4337.0,4341.0,13,4328.0,4340.0,4349.0,4334.0,306.0,13296570.0,11685
2023-05-10 21:06:28,eg2401,eg2401,4339.0,0.0,0.0,0.0,4,4337.0,4341.0,16,4328.0,4340.0,4349.0,4334.0,306.0,13296570.0,11685
2023-05-10 21:06:28,eg2401,eg2401,4339.0,0.0,0.0,0.0,4,4337.0,4341.0,12,4328.0,4340.0,4349.0,4334.0,306.0,13296570.0,11685
2023-05-10 21:06:29,eg2401,eg2401,4339.0,0.0,0.0,0.0,4,4337.0,4341.0,17,4328.0,4340.0,4349.0,4334.0,306.0,13296570.0,11685
2023-05-10 21:06:29,eg2401,eg2401,4339.0,0.0,0.0,0.0,4,4337.0,4341.0,21,4328.0,4340.0,4349.0,4334.0,306.0,13296570.0,11685
2023-05-10 21:06:30,eg2401,eg2401,4339.0,0.0,0.0,0.0,4,4337.0,4341.0,16,4328.0,4340.0,4349.0,4334.0,306.0,13296570.0,11685
2023-05-10 21:06:30,eg2401,eg2401,4339.0,0.0,0.0,0.0,4,4337.0,4341.0,22,4328.0,4340.0,4349.0,4334.0,306.0,13296570.0,11685
2023-05-10 21:06:31,eg2401,eg2401,4339.0,0.0,0.0,0.0,4,4337.0,4341.0,1,4328.0,4340.0,4349.0,4334.0,306.0,13296570.0,11685
2023-05-10 21:06:31,eg2401,eg2401,4339.0,0.0,0.0,0.0,1,4336.0,4340.0,61,4328.0,4340.0,4349.0,4334.0,306.0,13296570.0,11685
2023-05-10 21:06:33,eg2401,eg2401,4339.0,0.0,0.0,0.0,1,4336.0,4340.0,62,4328.0,4340.0,4349.0,4334.0,306.0,13296570.0,11685
2023-05-10 21:06:34,eg2401,eg2401,4339.0,0.0,0.0,0.0,1,4336.0,4340.0,60,4328.0,4340.0,4349.0,4334.0,306.0,13296570.0,11685
2023-05-10 21:06:34,eg2401,eg2401,4339.0,0.0,0.0,0.0,1,4336.0,4340.0,57,4328.0,4340.0,4349.0,4334.0,306.0,13296570.0,11685
2023-05-10 21:06:35,eg2401,eg2401,4339.0,0.0,0.0,0.0,1,4336.0,4340.0,60,4328.0,4340.0,4349.0,4334.0,306.0,13296570.0,11685
2023-05-10 21:06:35,eg2401,eg2401,4339.0,0.0,0.0,0.0,1,4336.0,4340.0,62,4328.0,4340.0,4349.0,4334.0,306.0,13296570.0,11685
2023-05-10 21:06:36,eg2401,eg2401,4339.0,0.0,0.0,0.0,2,4335.0,4340.0,3,4328.0,4340.0,4349.0,4334.0,306.0,13296570.0,11685
2023-05-10 21:06:36,eg2401,eg2401,4339.0,0.0,0.0,0.0,1,4335.0,4340.0,3,4328.0,4340.0,4349.0,4334.0,306.0,13296570.0,11685
2023-05-10 21:06:37,eg2401,eg2401,4339.0,0.0,0.0,0.0,1,4335.0,4339.0,35,4328.0,4340.0,4349.0,4334.0,306.0,13296570.0,11685
2023-05-10 21:06:37,eg2401,eg2401,4339.0,0.0,0.0,0.0,1,4335.0,4339.0,36,4328.0,4340.0,4349.0,4334.0,306.0,13296570.0,11685
2023-05-10 21:06:38,eg2401,eg2401,4339.0,0.0,0.0,0.0,1,4335.0,4339.0,35,4328.0,4340.0,4349.0,4334.0,306.0,13296570.0,11685
2023-05-10 21:06:38,eg2401,eg2401,4339.0,0.0,0.0,0.0,1,4335.0,4339.0,36,4328.0,4340.0,4349.0,4334.0,306.0,13296570.0,11685
2023-05-10 21:06:39,eg2401,eg2401,4339.0,0.0,0.0,0.0,1,4335.0,4339.0,42,4328.0,4340.0,4349.0,4334.0,306.0,13296570.0,11685
2023-05-10 21:06:40,eg2401,eg2401,4339.0,0.0,0.0,0.0,1,4335.0,4339.0,44,4328.0,4340.0,4349.0,4334.0,306.0,13296570.0,11685
2023-05-10 21:06:41,eg2401,eg2401,4339.0,1.0,43390.0,1.0,1,4335.0,4339.0,58,4328.0,4340.0,4349.0,4334.0,307.0,13339960.0,11686
2023-05-10 21:06:41,eg2401,eg2401,4339.0,0.0,0.0,0.0,1,4335.0,4340.0,3,4328.0,4340.0,4349.0,4334.0,307.0,13339960.0,11686
2023-05-10 21:06:42,eg2401,eg2401,4339.0,0.0,0.0,0.0,1,4335.0,4339.0,59,4328.0,4340.0,4349.0,4334.0,307.0,13339960.0,11686
2023-05-10 21:06:43,eg2401,eg2401,4339.0,0.0,0.0,0.0,1,4335.0,4339.0,11,4328.0,4340.0,4349.0,4334.0,307.0,13339960.0,11686
2023-05-10 21:06:43,eg2401,eg2401,4339.0,0.0,0.0,0.0,4,4335.0,4339.0,1,4328.0,4340.0,4349.0,4334.0,307.0,13339960.0,11686
2023-05-10 21:06:44,eg2401,eg2401,4339.0,0.0,0.0,0.0,5,4335.0,4339.0,1,4328.0,4340.0,4349.0,4334.0,307.0,13339960.0,11686
2023-05-10 21:06:44,eg2401,eg2401,4339.0,0.0,0.0,0.0,3,4336.0,4340.0,51,4328.0,4340.0,4349.0,4334.0,307.0,13339960.0,11686
2023-05-10 21:06:45,eg2401,eg2401,4339.0,0.0,0.0,0.0,3,4336.0,4340.0,57,4328.0,4340.0,4349.0,4334.0,307.0,13339960.0,11686
2023-05-10 21:06:45,eg2401,eg2401,4339.0,0.0,0.0,0.0,3,4336.0,4340.0,58,4328.0,4340.0,4349.0,4334.0,307.0,13339960.0,11686
2023-05-10 21:06:46,eg2401,eg2401,4339.0,0.0,0.0,0.0,3,4336.0,4340.0,56,4328.0,4340.0,4349.0,4334.0,307.0,13339960.0,11686
2023-05-10 21:06:46,eg2401,eg2401,4339.0,0.0,0.0,0.0,3,4336.0,4340.0,54,4328.0,4340.0,4349.0,4334.0,307.0,13339960.0,11686
2023-05-10 21:06:47,eg2401,eg2401,4339.0,0.0,0.0,0.0,3,4336.0,4340.0,57,4328.0,4340.0,4349.0,4334.0,307.0,13339960.0,11686
2023-05-10 21:06:47,eg2401,eg2401,4339.0,0.0,0.0,0.0,3,4336.0,4340.0,60,4328.0,4340.0,4349.0,4334.0,307.0,13339960.0,11686
2023-05-10 21:06:48,eg2401,eg2401,4339.0,0.0,0.0,0.0,3,4336.0,4340.0,3,4328.0,4340.0,4349.0,4334.0,307.0,13339960.0,11686
2023-05-10 21:06:48,eg2401,eg2401,4339.0,0.0,0.0,0.0,3,4337.0,4341.0,59,4328.0,4340.0,4349.0,4334.0,307.0,13339960.0,11686
2023-05-10 21:06:49,eg2401,eg2401,4339.0,0.0,0.0,0.0,4,4337.0,4341.0,55,4328.0,4340.0,4349.0,4334.0,307.0,13339960.0,11686
2023-05-10 21:06:49,eg2401,eg2401,4339.0,0.0,0.0,0.0,4,4337.0,4341.0,52,4328.0,4340.0,4349.0,4334.0,307.0,13339960.0,11686
2023-05-10 21:06:50,eg2401,eg2401,4339.0,0.0,0.0,0.0,4,4337.0,4341.0,51,4328.0,4340.0,4349.0,4334.0,307.0,13339960.0,11686
2023-05-10 21:06:51,eg2401,eg2401,4339.0,0.0,0.0,0.0,4,4337.0,4341.0,52,4328.0,4340.0,4349.0,4334.0,307.0,13339960.0,11686
2023-05-10 21:06:51,eg2401,eg2401,4339.0,0.0,0.0,0.0,4,4337.0,4341.0,50,4328.0,4340.0,4349.0,4334.0,307.0,13339960.0,11686
2023-05-10 21:06:52,eg2401,eg2401,4339.0,0.0,0.0,0.0,4,4337.0,4341.0,54,4328.0,4340.0,4349.0,4334.0,307.0,13339960.0,11686
2023-05-10 21:06:54,eg2401,eg2401,4339.0,0.0,0.0,0.0,4,4337.0,4341.0,55,4328.0,4340.0,4349.0,4334.0,307.0,13339960.0,11686
2023-05-10 21:06:54,eg2401,eg2401,4339.0,0.0,0.0,0.0,4,4337.0,4341.0,57,4328.0,4340.0,4349.0,4334.0,307.0,13339960.0,11686
2023-05-10 21:06:55,eg2401,eg2401,4339.0,0.0,0.0,0.0,3,4337.0,4341.0,60,4328.0,4340.0,4349.0,4334.0,307.0,13339960.0,11686
2023-05-10 21:06:56,eg2401,eg2401,4339.0,0.0,0.0,0.0,3,4337.0,4341.0,62,4328.0,4340.0,4349.0,4334.0,307.0,13339960.0,11686
2023-05-10 21:06:56,eg2401,eg2401,4339.0,0.0,0.0,0.0,3,4337.0,4341.0,1,4328.0,4340.0,4349.0,4334.0,307.0,13339960.0,11686
2023-05-10 21:06:57,eg2401,eg2401,4339.0,0.0,0.0,0.0,1,4336.0,4340.0,7,4328.0,4340.0,4349.0,4334.0,307.0,13339960.0,11686
2023-05-10 21:06:58,eg2401,eg2401,4339.0,0.0,0.0,0.0,1,4336.0,4340.0,12,4328.0,4340.0,4349.0,4334.0,307.0,13339960.0,11686
2023-05-10 21:06:58,eg2401,eg2401,4339.0,0.0,0.0,0.0,1,4336.0,4340.0,15,4328.0,4340.0,4349.0,4334.0,307.0,13339960.0,11686
2023-05-10 21:06:59,eg2401,eg2401,4339.0,0.0,0.0,0.0,1,4336.0,4340.0,12,4328.0,4340.0,4349.0,4334.0,307.0,13339960.0,11686
2023-05-10 21:06:59,eg2401,eg2401,4339.0,0.0,0.0,0.0,1,4336.0,4340.0,13,4328.0,4340.0,4349.0,4334.0,307.0,13339960.0,11686
2023-05-10 21:07:00,eg2401,eg2401,4339.0,0.0,0.0,0.0,1,4336.0,4340.0,9,4328.0,4340.0,4349.0,4334.0,307.0,13339960.0,11686
2023-05-10 21:07:00,eg2401,eg2401,4339.0,0.0,0.0,0.0,1,4336.0,4340.0,14,4328.0,4340.0,4349.0,4334.0,307.0,13339960.0,11686
2023-05-10 21:07:01,eg2401,eg2401,4339.0,0.0,0.0,0.0,1,4336.0,4340.0,31,4328.0,4340.0,4349.0,4334.0,307.0,13339960.0,11686
2023-05-10 21:07:01,eg2401,eg2401,4339.0,0.0,0.0,0.0,1,4336.0,4340.0,33,4328.0,4340.0,4349.0,4334.0,307.0,13339960.0,11686
2023-05-10 21:07:02,eg2401,eg2401,4339.0,0.0,0.0,0.0,1,4336.0,4340.0,38,4328.0,4340.0,4349.0,4334.0,307.0,13339960.0,11686
2023-05-10 21:07:02,eg2401,eg2401,4339.0,0.0,0.0,0.0,1,4336.0,4340.0,37,4328.0,4340.0,4349.0,4334.0,307.0,13339960.0,11686
2023-05-10 21:07:03,eg2401,eg2401,4339.0,0.0,0.0,0.0,1,4336.0,4340.0,59,4328.0,4340.0,4349.0,4334.0,307.0,13339960.0,11686
2023-05-10 21:07:03,eg2401,eg2401,4339.0,0.0,0.0,0.0,1,4336.0,4340.0,44,4328.0,4340.0,4349.0,4334.0,307.0,13339960.0,11686
2023-05-10 21:07:04,eg2401,eg2401,4339.0,0.0,0.0,0.0,1,4336.0,4340.0,42,4328.0,4340.0,4349.0,4334.0,307.0,13339960.0,11686
2023-05-10 21:07:04,eg2401,eg2401,4339.0,0.0,0.0,0.0,1,4336.0,4340.0,49,4328.0,4340.0,4349.0,4334.0,307.0,13339960.0,11686
2023-05-10 21:07:05,eg2401,eg2401,4339.0,0.0,0.0,0.0,1,4336.0,4340.0,51,4328.0,4340.0,4349.0,4334.0,307.0,13339960.0,11686
2023-05-10 21:07:05,eg2401,eg2401,4339.0,0.0,0.0,0.0,1,4336.0,4340.0,55,4328.0,4340.0,4349.0,4334.0,307.0,13339960.0,11686
2023-05-10 21:07:06,eg2401,eg2401,4339.0,0.0,0.0,0.0,1,4336.0,4340.0,56,4328.0,4340.0,4349.0,4334.0,307.0,13339960.0,11686
2023-05-10 21:07:06,eg2401,eg2401,4339.0,0.0,0.0,0.0,1,4336.0,4340.0,66,4328.0,4340.0,4349.0,4334.0,307.0,13339960.0,11686
2023-05-10 21:07:07,eg2401,eg2401,4339.0,0.0,0.0,0.0,1,4336.0,4340.0,71,4328.0,4340.0,4349.0,4334.0,307.0,13339960.0,11686
2023-05-10 21:07:07,eg2401,eg2401,4340.0,2.0,86800.0,2.0,1,4336.0,4340.0,69,4328.0,4340.0,4349.0,4334.0,309.0,13426760.0,11688
2023-05-10 21:07:08,eg2401,eg2401,4340.0,0.0,0.0,0.0,1,4336.0,4340.0,70,4328.0,4340.0,4349.0,4334.0,309.0,13426760.0,11688
2023-05-10 21:07:09,eg2401,eg2401,4340.0,0.0,0.0,0.0,1,4336.0,4340.0,74,4328.0,4340.0,4349.0,4334.0,309.0,13426760.0,11688
2023-05-10 21:07:09,eg2401,eg2401,4340.0,0.0,0.0,0.0,1,4336.0,4340.0,73,4328.0,4340.0,4349.0,4334.0,309.0,13426760.0,11688
2023-05-10 21:07:10,eg2401,eg2401,4340.0,0.0,0.0,0.0,1,4336.0,4340.0,76,4328.0,4340.0,4349.0,4334.0,309.0,13426760.0,11688
2023-05-10 21:07:10,eg2401,eg2401,4340.0,0.0,0.0,0.0,1,4336.0,4340.0,82,4328.0,4340.0,4349.0,4334.0,309.0,13426760.0,11688
2023-05-10 21:07:11,eg2401,eg2401,4340.0,0.0,0.0,0.0,1,4336.0,4340.0,78,4328.0,4340.0,4349.0,4334.0,309.0,13426760.0,11688
2023-05-10 21:07:12,eg2401,eg2401,4340.0,0.0,0.0,0.0,3,4337.0,4341.0,54,4328.0,4340.0,4349.0,4334.0,309.0,13426760.0,11688
2023-05-10 21:07:12,eg2401,eg2401,4340.0,0.0,0.0,0.0,3,4337.0,4341.0,63,4328.0,4340.0,4349.0,4334.0,309.0,13426760.0,11688
2023-05-10 21:07:13,eg2401,eg2401,4340.0,0.0,0.0,0.0,4,4337.0,4341.0,63,4328.0,4340.0,4349.0,4334.0,309.0,13426760.0,11688
2023-05-10 21:07:13,eg2401,eg2401,4340.0,0.0,0.0,0.0,4,4337.0,4341.0,67,4328.0,4340.0,4349.0,4334.0,309.0,13426760.0,11688
2023-05-10 21:07:14,eg2401,eg2401,4340.0,0.0,0.0,0.0,4,4337.0,4341.0,66,4328.0,4340.0,4349.0,4334.0,309.0,13426760.0,11688
2023-05-10 21:07:14,eg2401,eg2401,4340.0,0.0,0.0,0.0,4,4337.0,4341.0,64,4328.0,4340.0,4349.0,4334.0,309.0,13426760.0,11688
2023-05-10 21:07:15,eg2401,eg2401,4340.0,0.0,0.0,0.0,4,4337.0,4341.0,1,4328.0,4340.0,4349.0,4334.0,309.0,13426760.0,11688
2023-05-10 21:07:15,eg2401,eg2401,4340.0,0.0,0.0,0.0,3,4338.0,4341.0,1,4328.0,4340.0,4349.0,4334.0,309.0,13426760.0,11688
2023-05-10 21:07:20,eg2401,eg2401,4341.0,1.0,43410.0,0.0,3,4338.0,4350.0,7,4328.0,4340.0,4349.0,4334.0,310.0,13470170.0,11688
2023-05-10 21:07:20,eg2401,eg2401,4341.0,0.0,0.0,0.0,3,4339.0,4344.0,3,4328.0,4340.0,4349.0,4334.0,310.0,13470170.0,11688
2023-05-10 21:07:21,eg2401,eg2401,4341.0,0.0,0.0,0.0,4,4339.0,4344.0,3,4328.0,4340.0,4349.0,4334.0,310.0,13470170.0,11688
2023-05-10 21:07:23,eg2401,eg2401,4343.0,4.0,173720.0,4.0,4,4339.0,4344.0,3,4328.0,4340.0,4349.0,4334.0,314.0,13643890.0,11692
2023-05-10 21:07:23,eg2401,eg2401,4343.0,0.0,0.0,0.0,4,4339.0,4343.0,3,4328.0,4340.0,4349.0,4334.0,314.0,13643890.0,11692
2023-05-10 21:07:24,eg2401,eg2401,4343.0,0.0,0.0,0.0,3,4339.0,4343.0,3,4328.0,4340.0,4349.0,4334.0,314.0,13643890.0,11692
2023-05-10 21:07:24,eg2401,eg2401,4343.0,0.0,0.0,0.0,1,4338.0,4343.0,3,4328.0,4340.0,4349.0,4334.0,314.0,13643890.0,11692
2023-05-10 21:07:27,eg2401,eg2401,4343.0,0.0,0.0,0.0,1,4338.0,4342.0,48,4328.0,4340.0,4349.0,4334.0,314.0,13643890.0,11692
2023-05-10 21:07:28,eg2401,eg2401,4343.0,0.0,0.0,0.0,1,4338.0,4342.0,50,4328.0,4340.0,4349.0,4334.0,314.0,13643890.0,11692
2023-05-10 21:07:28,eg2401,eg2401,4343.0,0.0,0.0,0.0,1,4338.0,4342.0,51,4328.0,4340.0,4349.0,4334.0,314.0,13643890.0,11692
2023-05-10 21:07:29,eg2401,eg2401,4343.0,0.0,0.0,0.0,1,4338.0,4342.0,52,4328.0,4340.0,4349.0,4334.0,314.0,13643890.0,11692
2023-05-10 21:07:30,eg2401,eg2401,4343.0,0.0,0.0,0.0,1,4338.0,4342.0,43,4328.0,4340.0,4349.0,4334.0,314.0,13643890.0,11692
2023-05-10 21:07:30,eg2401,eg2401,4343.0,0.0,0.0,0.0,1,4338.0,4342.0,39,4328.0,4340.0,4349.0,4334.0,314.0,13643890.0,11692
2023-05-10 21:07:31,eg2401,eg2401,4343.0,0.0,0.0,0.0,1,4338.0,4342.0,45,4328.0,4340.0,4349.0,4334.0,314.0,13643890.0,11692
2023-05-10 21:07:32,eg2401,eg2401,4343.0,0.0,0.0,0.0,1,4338.0,4342.0,44,4328.0,4340.0,4349.0,4334.0,314.0,13643890.0,11692
2023-05-10 21:07:33,eg2401,eg2401,4343.0,0.0,0.0,0.0,1,4338.0,4342.0,43,4328.0,4340.0,4349.0,4334.0,314.0,13643890.0,11692
2023-05-10 21:07:34,eg2401,eg2401,4343.0,0.0,0.0,0.0,1,4338.0,4342.0,45,4328.0,4340.0,4349.0,4334.0,314.0,13643890.0,11692
2023-05-10 21:07:35,eg2401,eg2401,4343.0,0.0,0.0,0.0,1,4338.0,4342.0,46,4328.0,4340.0,4349.0,4334.0,314.0,13643890.0,11692
2023-05-10 21:07:35,eg2401,eg2401,4343.0,0.0,0.0,0.0,1,4338.0,4342.0,49,4328.0,4340.0,4349.0,4334.0,314.0,13643890.0,11692
2023-05-10 21:07:36,eg2401,eg2401,4343.0,0.0,0.0,0.0,1,4338.0,4342.0,53,4328.0,4340.0,4349.0,4334.0,314.0,13643890.0,11692
2023-05-10 21:07:37,eg2401,eg2401,4343.0,0.0,0.0,0.0,1,4338.0,4342.0,52,4328.0,4340.0,4349.0,4334.0,314.0,13643890.0,11692
2023-05-10 21:07:37,eg2401,eg2401,4343.0,0.0,0.0,0.0,1,4338.0,4342.0,55,4328.0,4340.0,4349.0,4334.0,314.0,13643890.0,11692
2023-05-10 21:07:38,eg2401,eg2401,4343.0,0.0,0.0,0.0,1,4338.0,4342.0,59,4328.0,4340.0,4349.0,4334.0,314.0,13643890.0,11692
2023-05-10 21:07:38,eg2401,eg2401,4343.0,0.0,0.0,0.0,1,4338.0,4342.0,39,4328.0,4340.0,4349.0,4334.0,314.0,13643890.0,11692
2023-05-10 21:07:39,eg2401,eg2401,4343.0,0.0,0.0,0.0,1,4338.0,4342.0,36,4328.0,4340.0,4349.0,4334.0,314.0,13643890.0,11692
2023-05-10 21:07:39,eg2401,eg2401,4343.0,0.0,0.0,0.0,1,4338.0,4342.0,37,4328.0,4340.0,4349.0,4334.0,314.0,13643890.0,11692
2023-05-10 21:07:40,eg2401,eg2401,4343.0,0.0,0.0,0.0,1,4338.0,4342.0,38,4328.0,4340.0,4349.0,4334.0,314.0,13643890.0,11692
2023-05-10 21:07:41,eg2401,eg2401,4343.0,0.0,0.0,0.0,1,4338.0,4342.0,37,4328.0,4340.0,4349.0,4334.0,314.0,13643890.0,11692
2023-05-10 21:07:41,eg2401,eg2401,4343.0,0.0,0.0,0.0,1,4338.0,4342.0,36,4328.0,4340.0,4349.0,4334.0,314.0,13643890.0,11692
2023-05-10 21:07:42,eg2401,eg2401,4343.0,0.0,0.0,0.0,1,4338.0,4342.0,33,4328.0,4340.0,4349.0,4334.0,314.0,13643890.0,11692
2023-05-10 21:07:42,eg2401,eg2401,4343.0,0.0,0.0,0.0,1,4338.0,4342.0,32,4328.0,4340.0,4349.0,4334.0,314.0,13643890.0,11692
2023-05-10 21:07:43,eg2401,eg2401,4343.0,0.0,0.0,0.0,1,4338.0,4342.0,35,4328.0,4340.0,4349.0,4334.0,314.0,13643890.0,11692
2023-05-10 21:07:44,eg2401,eg2401,4343.0,0.0,0.0,0.0,1,4338.0,4342.0,38,4328.0,4340.0,4349.0,4334.0,314.0,13643890.0,11692
2023-05-10 21:07:44,eg2401,eg2401,4343.0,0.0,0.0,0.0,1,4338.0,4342.0,42,4328.0,4340.0,4349.0,4334.0,314.0,13643890.0,11692
2023-05-10 21:07:45,eg2401,eg2401,4343.0,0.0,0.0,0.0,1,4338.0,4342.0,41,4328.0,4340.0,4349.0,4334.0,314.0,13643890.0,11692
2023-05-10 21:07:46,eg2401,eg2401,4343.0,0.0,0.0,0.0,1,4338.0,4342.0,40,4328.0,4340.0,4349.0,4334.0,314.0,13643890.0,11692
2023-05-10 21:07:46,eg2401,eg2401,4343.0,0.0,0.0,0.0,1,4338.0,4342.0,60,4328.0,4340.0,4349.0,4334.0,314.0,13643890.0,11692
2023-05-10 21:07:47,eg2401,eg2401,4343.0,0.0,0.0,0.0,1,4338.0,4342.0,69,4328.0,4340.0,4349.0,4334.0,314.0,13643890.0,11692
2023-05-10 21:07:47,eg2401,eg2401,4343.0,0.0,0.0,0.0,1,4337.0,4342.0,3,4328.0,4340.0,4349.0,4334.0,314.0,13643890.0,11692
2023-05-10 21:07:48,eg2401,eg2401,4343.0,0.0,0.0,0.0,1,4337.0,4342.0,70,4328.0,4340.0,4349.0,4334.0,314.0,13643890.0,11692
2023-05-10 21:07:48,eg2401,eg2401,4343.0,0.0,0.0,0.0,1,4337.0,4342.0,3,4328.0,4340.0,4349.0,4334.0,314.0,13643890.0,11692
2023-05-10 21:08:04,eg2401,eg2401,4343.0,0.0,0.0,0.0,1,4337.0,4341.0,3,4328.0,4340.0,4349.0,4334.0,314.0,13643890.0,11692
2023-05-10 21:08:04,eg2401,eg2401,4343.0,0.0,0.0,0.0,1,4336.0,4341.0,3,4328.0,4340.0,4349.0,4334.0,314.0,13643890.0,11692
2023-05-10 21:08:10,eg2401,eg2401,4343.0,0.0,0.0,0.0,1,4335.0,4340.0,3,4328.0,4340.0,4349.0,4334.0,314.0,13643890.0,11692
2023-05-10 21:08:28,eg2401,eg2401,4343.0,0.0,0.0,0.0,1,4335.0,4339.0,3,4328.0,4340.0,4349.0,4334.0,314.0,13643890.0,11692
2023-05-10 21:08:29,eg2401,eg2401,4343.0,0.0,0.0,0.0,1,4334.0,4339.0,3,4328.0,4340.0,4349.0,4334.0,314.0,13643890.0,11692
2023-05-10 21:08:31,eg2401,eg2401,4343.0,0.0,0.0,0.0,1,4334.0,4338.0,66,4328.0,4340.0,4349.0,4334.0,314.0,13643890.0,11692
2023-05-10 21:08:32,eg2401,eg2401,4343.0,0.0,0.0,0.0,1,4334.0,4338.0,72,4328.0,4340.0,4349.0,4334.0,314.0,13643890.0,11692
2023-05-10 21:08:32,eg2401,eg2401,4343.0,0.0,0.0,0.0,1,4334.0,4338.0,81,4328.0,4340.0,4349.0,4334.0,314.0,13643890.0,11692
2023-05-10 21:08:32,eg2401,eg2401,4343.0,0.0,0.0,0.0,1,4334.0,4338.0,82,4328.0,4340.0,4349.0,4334.0,314.0,13643890.0,11692
2023-05-10 21:08:33,eg2401,eg2401,4343.0,0.0,0.0,0.0,1,4334.0,4338.0,85,4328.0,4340.0,4349.0,4334.0,314.0,13643890.0,11692
2023-05-10 21:08:34,eg2401,eg2401,4343.0,0.0,0.0,0.0,1,4334.0,4338.0,86,4328.0,4340.0,4349.0,4334.0,314.0,13643890.0,11692
2023-05-10 21:08:34,eg2401,eg2401,4343.0,0.0,0.0,0.0,1,4334.0,4338.0,71,4328.0,4340.0,4349.0,4334.0,314.0,13643890.0,11692
2023-05-10 21:08:35,eg2401,eg2401,4343.0,0.0,0.0,0.0,1,4334.0,4338.0,70,4328.0,4340.0,4349.0,4334.0,314.0,13643890.0,11692
2023-05-10 21:08:35,eg2401,eg2401,4343.0,0.0,0.0,0.0,1,4334.0,4338.0,75,4328.0,4340.0,4349.0,4334.0,314.0,13643890.0,11692
2023-05-10 21:08:36,eg2401,eg2401,4343.0,0.0,0.0,0.0,1,4334.0,4338.0,77,4328.0,4340.0,4349.0,4334.0,314.0,13643890.0,11692
2023-05-10 21:08:36,eg2401,eg2401,4343.0,0.0,0.0,0.0,1,4334.0,4338.0,89,4328.0,4340.0,4349.0,4334.0,314.0,13643890.0,11692
2023-05-10 21:08:37,eg2401,eg2401,4343.0,0.0,0.0,0.0,1,4334.0,4338.0,96,4328.0,4340.0,4349.0,4334.0,314.0,13643890.0,11692
2023-05-10 21:08:38,eg2401,eg2401,4343.0,0.0,0.0,0.0,1,4334.0,4341.0,1,4328.0,4340.0,4349.0,4334.0,314.0,13643890.0,11692
2023-05-10 21:08:38,eg2401,eg2401,4343.0,0.0,0.0,0.0,3,4335.0,4339.0,70,4328.0,4340.0,4349.0,4334.0,314.0,13643890.0,11692
2023-05-10 21:08:38,eg2401,eg2401,4343.0,0.0,0.0,0.0,3,4335.0,4339.0,71,4328.0,4340.0,4349.0,4334.0,314.0,13643890.0,11692
2023-05-10 21:08:39,eg2401,eg2401,4343.0,0.0,0.0,0.0,3,4335.0,4339.0,78,4328.0,4340.0,4349.0,4334.0,314.0,13643890.0,11692
2023-05-10 21:08:40,eg2401,eg2401,4343.0,0.0,0.0,0.0,3,4335.0,4339.0,3,4328.0,4340.0,4349.0,4334.0,314.0,13643890.0,11692
2023-05-10 21:08:40,eg2401,eg2401,4343.0,0.0,0.0,0.0,3,4336.0,4341.0,1,4328.0,4340.0,4349.0,4334.0,314.0,13643890.0,11692
2023-05-10 21:08:41,eg2401,eg2401,4343.0,0.0,0.0,0.0,7,4336.0,4341.0,43,4328.0,4340.0,4349.0,4334.0,314.0,13643890.0,11692
2023-05-10 21:08:41,eg2401,eg2401,4343.0,0.0,0.0,0.0,3,4337.0,4348.0,3,4328.0,4340.0,4349.0,4334.0,314.0,13643890.0,11692
2023-05-10 21:08:42,eg2401,eg2401,4343.0,0.0,0.0,0.0,3,4337.0,4342.0,3,4328.0,4340.0,4349.0,4334.0,314.0,13643890.0,11692
2023-05-10 21:08:44,eg2401,eg2401,4343.0,0.0,0.0,0.0,4,4337.0,4342.0,3,4328.0,4340.0,4349.0,4334.0,314.0,13643890.0,11692
2023-05-10 21:08:47,eg2401,eg2401,4343.0,0.0,0.0,0.0,1,4336.0,4341.0,3,4328.0,4340.0,4349.0,4334.0,314.0,13643890.0,11692
2023-05-10 21:08:52,eg2401,eg2401,4343.0,0.0,0.0,0.0,1,4336.0,4340.0,68,4328.0,4340.0,4349.0,4334.0,314.0,13643890.0,11692
2023-05-10 21:08:53,eg2401,eg2401,4343.0,0.0,0.0,0.0,1,4336.0,4340.0,71,4328.0,4340.0,4349.0,4334.0,314.0,13643890.0,11692
2023-05-10 21:08:54,eg2401,eg2401,4343.0,0.0,0.0,0.0,1,4336.0,4340.0,70,4328.0,4340.0,4349.0,4334.0,314.0,13643890.0,11692
2023-05-10 21:08:54,eg2401,eg2401,4343.0,0.0,0.0,0.0,1,4336.0,4340.0,64,4328.0,4340.0,4349.0,4334.0,314.0,13643890.0,11692
2023-05-10 21:08:55,eg2401,eg2401,4343.0,0.0,0.0,0.0,1,4336.0,4340.0,65,4328.0,4340.0,4349.0,4334.0,314.0,13643890.0,11692
2023-05-10 21:08:55,eg2401,eg2401,4343.0,0.0,0.0,0.0,1,4336.0,4340.0,66,4328.0,4340.0,4349.0,4334.0,314.0,13643890.0,11692
2023-05-10 21:08:56,eg2401,eg2401,4343.0,0.0,0.0,0.0,1,4336.0,4340.0,70,4328.0,4340.0,4349.0,4334.0,314.0,13643890.0,11692
2023-05-10 21:08:58,eg2401,eg2401,4343.0,0.0,0.0,0.0,1,4336.0,4340.0,71,4328.0,4340.0,4349.0,4334.0,314.0,13643890.0,11692
2023-05-10 21:08:59,eg2401,eg2401,4343.0,0.0,0.0,0.0,1,4336.0,4340.0,70,4328.0,4340.0,4349.0,4334.0,314.0,13643890.0,11692
2023-05-10 21:08:59,eg2401,eg2401,4343.0,0.0,0.0,0.0,1,4336.0,4340.0,72,4328.0,4340.0,4349.0,4334.0,314.0,13643890.0,11692
2023-05-10 21:09:01,eg2401,eg2401,4343.0,0.0,0.0,0.0,1,4336.0,4340.0,37,4328.0,4340.0,4349.0,4334.0,314.0,13643890.0,11692
2023-05-10 21:09:02,eg2401,eg2401,4343.0,0.0,0.0,0.0,1,4336.0,4340.0,40,4328.0,4340.0,4349.0,4334.0,314.0,13643890.0,11692
2023-05-10 21:09:02,eg2401,eg2401,4343.0,0.0,0.0,0.0,1,4336.0,4340.0,33,4328.0,4340.0,4349.0,4334.0,314.0,13643890.0,11692
2023-05-10 21:09:03,eg2401,eg2401,4343.0,0.0,0.0,0.0,1,4336.0,4340.0,34,4328.0,4340.0,4349.0,4334.0,314.0,13643890.0,11692
2023-05-10 21:09:03,eg2401,eg2401,4343.0,0.0,0.0,0.0,1,4336.0,4340.0,36,4328.0,4340.0,4349.0,4334.0,314.0,13643890.0,11692
2023-05-10 21:09:03,eg2401,eg2401,4343.0,0.0,0.0,0.0,1,4336.0,4340.0,35,4328.0,4340.0,4349.0,4334.0,314.0,13643890.0,11692
2023-05-10 21:09:04,eg2401,eg2401,4343.0,0.0,0.0,0.0,1,4336.0,4340.0,37,4328.0,4340.0,4349.0,4334.0,314.0,13643890.0,11692
2023-05-10 21:09:05,eg2401,eg2401,4343.0,0.0,0.0,0.0,1,4336.0,4340.0,41,4328.0,4340.0,4349.0,4334.0,314.0,13643890.0,11692
2023-05-10 21:09:05,eg2401,eg2401,4343.0,0.0,0.0,0.0,1,4336.0,4340.0,42,4328.0,4340.0,4349.0,4334.0,314.0,13643890.0,11692
2023-05-10 21:09:06,eg2401,eg2401,4343.0,0.0,0.0,0.0,1,4336.0,4340.0,43,4328.0,4340.0,4349.0,4334.0,314.0,13643890.0,11692
2023-05-10 21:09:06,eg2401,eg2401,4343.0,0.0,0.0,0.0,1,4336.0,4340.0,46,4328.0,4340.0,4349.0,4334.0,314.0,13643890.0,11692
2023-05-10 21:09:07,eg2401,eg2401,4343.0,0.0,0.0,0.0,1,4336.0,4340.0,44,4328.0,4340.0,4349.0,4334.0,314.0,13643890.0,11692
2023-05-10 21:09:07,eg2401,eg2401,4343.0,0.0,0.0,0.0,1,4336.0,4340.0,51,4328.0,4340.0,4349.0,4334.0,314.0,13643890.0,11692
2023-05-10 21:09:08,eg2401,eg2401,4343.0,0.0,0.0,0.0,1,4336.0,4340.0,3,4328.0,4340.0,4349.0,4334.0,314.0,13643890.0,11692
2023-05-10 21:09:08,eg2401,eg2401,4343.0,0.0,0.0,0.0,1,4335.0,4340.0,3,4328.0,4340.0,4349.0,4334.0,314.0,13643890.0,11692
2023-05-10 21:09:13,eg2401,eg2401,4343.0,0.0,0.0,0.0,2,4334.0,4339.0,3,4328.0,4340.0,4349.0,4334.0,314.0,13643890.0,11692
2023-05-10 21:09:13,eg2401,eg2401,4343.0,0.0,0.0,0.0,1,4334.0,4339.0,3,4328.0,4340.0,4349.0,4334.0,314.0,13643890.0,11692
2023-05-10 21:09:26,eg2401,eg2401,4343.0,10.0,434300.0,10.0,1,4334.0,4339.0,3,4328.0,4340.0,4349.0,4334.0,324.0,14078190.0,11702
2023-05-10 21:09:35,eg2401,eg2401,4343.0,0.0,0.0,0.0,1,4334.0,4339.0,44,4328.0,4340.0,4349.0,4334.0,324.0,14078190.0,11702
2023-05-10 21:09:35,eg2401,eg2401,4343.0,0.0,0.0,0.0,3,4335.0,4339.0,65,4328.0,4340.0,4349.0,4334.0,324.0,14078190.0,11702
2023-05-10 21:09:36,eg2401,eg2401,4343.0,0.0,0.0,0.0,3,4335.0,4339.0,67,4328.0,4340.0,4349.0,4334.0,324.0,14078190.0,11702
2023-05-10 21:09:36,eg2401,eg2401,4343.0,0.0,0.0,0.0,3,4335.0,4339.0,68,4328.0,4340.0,4349.0,4334.0,324.0,14078190.0,11702
2023-05-10 21:09:37,eg2401,eg2401,4343.0,0.0,0.0,0.0,3,4335.0,4339.0,52,4328.0,4340.0,4349.0,4334.0,324.0,14078190.0,11702
2023-05-10 21:09:38,eg2401,eg2401,4343.0,0.0,0.0,0.0,4,4335.0,4339.0,53,4328.0,4340.0,4349.0,4334.0,324.0,14078190.0,11702
2023-05-10 21:09:38,eg2401,eg2401,4343.0,0.0,0.0,0.0,4,4335.0,4339.0,70,4328.0,4340.0,4349.0,4334.0,324.0,14078190.0,11702
2023-05-10 21:09:39,eg2401,eg2401,4343.0,0.0,0.0,0.0,4,4335.0,4339.0,69,4328.0,4340.0,4349.0,4334.0,324.0,14078190.0,11702
2023-05-10 21:09:39,eg2401,eg2401,4343.0,0.0,0.0,0.0,4,4335.0,4339.0,68,4328.0,4340.0,4349.0,4334.0,324.0,14078190.0,11702
2023-05-10 21:09:42,eg2401,eg2401,4343.0,0.0,0.0,0.0,4,4335.0,4339.0,72,4328.0,4340.0,4349.0,4334.0,324.0,14078190.0,11702
2023-05-10 21:09:43,eg2401,eg2401,4343.0,0.0,0.0,0.0,4,4335.0,4339.0,71,4328.0,4340.0,4349.0,4334.0,324.0,14078190.0,11702
2023-05-10 21:09:43,eg2401,eg2401,4343.0,0.0,0.0,0.0,4,4335.0,4339.0,72,4328.0,4340.0,4349.0,4334.0,324.0,14078190.0,11702
2023-05-10 21:09:44,eg2401,eg2401,4343.0,0.0,0.0,0.0,4,4335.0,4339.0,73,4328.0,4340.0,4349.0,4334.0,324.0,14078190.0,11702
2023-05-10 21:09:44,eg2401,eg2401,4343.0,0.0,0.0,0.0,4,4335.0,4339.0,74,4328.0,4340.0,4349.0,4334.0,324.0,14078190.0,11702
2023-05-10 21:09:45,eg2401,eg2401,4343.0,0.0,0.0,0.0,4,4335.0,4339.0,75,4328.0,4340.0,4349.0,4334.0,324.0,14078190.0,11702
2023-05-10 21:09:45,eg2401,eg2401,4343.0,0.0,0.0,0.0,4,4335.0,4339.0,77,4328.0,4340.0,4349.0,4334.0,324.0,14078190.0,11702
2023-05-10 21:09:47,eg2401,eg2401,4343.0,0.0,0.0,0.0,4,4335.0,4339.0,78,4328.0,4340.0,4349.0,4334.0,324.0,14078190.0,11702
2023-05-10 21:09:48,eg2401,eg2401,4343.0,0.0,0.0,0.0,3,4335.0,4339.0,78,4328.0,4340.0,4349.0,4334.0,324.0,14078190.0,11702
2023-05-10 21:09:50,eg2401,eg2401,4343.0,0.0,0.0,0.0,3,4335.0,4339.0,83,4328.0,4340.0,4349.0,4334.0,324.0,14078190.0,11702
2023-05-10 21:09:50,eg2401,eg2401,4341.0,299.0,12981060.0,-26.0,3,4335.0,4350.0,7,4328.0,4340.0,4349.0,4334.0,623.0,27059250.0,11676
2023-05-10 21:09:51,eg2401,eg2401,4341.0,0.0,0.0,0.0,3,4337.0,4349.0,5,4328.0,4340.0,4349.0,4334.0,623.0,27059250.0,11676
2023-05-10 21:09:51,eg2401,eg2401,4341.0,0.0,0.0,0.0,27,4336.0,4349.0,5,4328.0,4340.0,4349.0,4334.0,623.0,27059250.0,11676
2023-05-10 21:09:52,eg2401,eg2401,4341.0,0.0,0.0,0.0,3,4337.0,4349.0,5,4328.0,4340.0,4349.0,4334.0,623.0,27059250.0,11676
2023-05-10 21:09:53,eg2401,eg2401,4341.0,0.0,0.0,0.0,3,4338.0,4349.0,5,4328.0,4340.0,4349.0,4334.0,623.0,27059250.0,11676
2023-05-10 21:09:56,eg2401,eg2401,4339.0,3.0,130170.0,0.0,3,4335.0,4347.0,3,4328.0,4340.0,4349.0,4334.0,626.0,27189420.0,11676
2023-05-10 21:09:56,eg2401,eg2401,4339.0,0.0,0.0,0.0,3,4337.0,4343.0,3,4328.0,4340.0,4349.0,4334.0,626.0,27189420.0,11676
2023-05-10 21:09:57,eg2401,eg2401,4339.0,0.0,0.0,0.0,3,4337.0,4342.0,5,4328.0,4340.0,4349.0,4334.0,626.0,27189420.0,11676
2023-05-10 21:09:57,eg2401,eg2401,4339.0,0.0,0.0,0.0,3,4337.0,4341.0,3,4328.0,4340.0,4349.0,4334.0,626.0,27189420.0,11676
2023-05-10 21:09:58,eg2401,eg2401,4339.0,0.0,0.0,0.0,11,4333.0,4341.0,3,4328.0,4340.0,4349.0,4334.0,626.0,27189420.0,11676
2023-05-10 21:09:58,eg2401,eg2401,4339.0,0.0,0.0,0.0,40,4335.0,4340.0,4,4328.0,4340.0,4349.0,4334.0,626.0,27189420.0,11676
2023-05-10 21:09:59,eg2401,eg2401,4339.0,0.0,0.0,0.0,40,4335.0,4340.0,5,4328.0,4340.0,4349.0,4334.0,626.0,27189420.0,11676
2023-05-10 21:09:59,eg2401,eg2401,4339.0,0.0,0.0,0.0,40,4335.0,4339.0,3,4328.0,4340.0,4349.0,4334.0,626.0,27189420.0,11676
2023-05-10 21:10:00,eg2401,eg2401,4335.0,1.0,43350.0,-1.0,39,4335.0,4339.0,3,4328.0,4340.0,4349.0,4334.0,627.0,27232770.0,11675
2023-05-10 21:10:01,eg2401,eg2401,4335.0,0.0,0.0,0.0,1,4334.0,4338.0,26,4328.0,4340.0,4349.0,4334.0,627.0,27232770.0,11675
2023-05-10 21:10:01,eg2401,eg2401,4335.0,0.0,0.0,0.0,1,4334.0,4338.0,25,4328.0,4340.0,4349.0,4334.0,627.0,27232770.0,11675
2023-05-10 21:10:02,eg2401,eg2401,4335.0,0.0,0.0,0.0,1,4334.0,4338.0,3,4328.0,4340.0,4349.0,4334.0,627.0,27232770.0,11675
2023-05-10 21:10:02,eg2401,eg2401,4335.0,0.0,0.0,0.0,1,4334.0,4338.0,1,4328.0,4340.0,4349.0,4334.0,627.0,27232770.0,11675
2023-05-10 21:10:03,eg2401,eg2401,4335.0,0.0,0.0,0.0,2,4334.0,4338.0,1,4328.0,4340.0,4349.0,4334.0,627.0,27232770.0,11675
2023-05-10 21:10:03,eg2401,eg2401,4335.0,0.0,0.0,0.0,1,4335.0,4338.0,1,4328.0,4340.0,4349.0,4334.0,627.0,27232770.0,11675
2023-05-10 21:10:05,eg2401,eg2401,4335.0,0.0,0.0,0.0,1,4335.0,4350.0,7,4328.0,4340.0,4349.0,4334.0,627.0,27232770.0,11675
2023-05-10 21:10:05,eg2401,eg2401,4335.0,0.0,0.0,0.0,2,4336.0,4346.0,1,4328.0,4340.0,4349.0,4334.0,627.0,27232770.0,11675
2023-05-10 21:10:06,eg2401,eg2401,4335.0,0.0,0.0,0.0,2,4336.0,4342.0,1,4328.0,4340.0,4349.0,4334.0,627.0,27232770.0,11675
2023-05-10 21:10:06,eg2401,eg2401,4335.0,0.0,0.0,0.0,1,4335.0,4339.0,182,4328.0,4340.0,4349.0,4334.0,627.0,27232770.0,11675
2023-05-10 21:10:07,eg2401,eg2401,4335.0,0.0,0.0,0.0,1,4335.0,4339.0,178,4328.0,4340.0,4349.0,4334.0,627.0,27232770.0,11675
2023-05-10 21:10:07,eg2401,eg2401,4335.0,0.0,0.0,0.0,1,4335.0,4339.0,183,4328.0,4340.0,4349.0,4334.0,627.0,27232770.0,11675
2023-05-10 21:10:08,eg2401,eg2401,4335.0,0.0,0.0,0.0,1,4335.0,4339.0,1,4328.0,4340.0,4349.0,4334.0,627.0,27232770.0,11675
2023-05-10 21:10:08,eg2401,eg2401,4335.0,0.0,0.0,0.0,1,4339.0,4340.0,19,4328.0,4340.0,4349.0,4334.0,627.0,27232770.0,11675
2023-05-10 21:10:09,eg2401,eg2401,4335.0,0.0,0.0,0.0,1,4339.0,4340.0,18,4328.0,4340.0,4349.0,4334.0,627.0,27232770.0,11675
2023-05-10 21:10:09,eg2401,eg2401,4335.0,0.0,0.0,0.0,1,4339.0,4342.0,1,4328.0,4340.0,4349.0,4334.0,627.0,27232770.0,11675
2023-05-10 21:10:09,eg2401,eg2401,4335.0,0.0,0.0,0.0,1,4339.0,4341.0,1,4328.0,4340.0,4349.0,4334.0,627.0,27232770.0,11675
2023-05-10 21:10:10,eg2401,eg2401,4340.0,1.0,43400.0,1.0,39,4337.0,4341.0,1,4328.0,4340.0,4349.0,4334.0,628.0,27276170.0,11676
2023-05-10 21:10:12,eg2401,eg2401,4340.0,0.0,0.0,0.0,30,4338.0,4342.0,1,4328.0,4340.0,4349.0,4334.0,628.0,27276170.0,11676
2023-05-10 21:10:13,eg2401,eg2401,4340.0,0.0,0.0,0.0,35,4338.0,4348.0,1,4328.0,4340.0,4349.0,4334.0,628.0,27276170.0,11676
2023-05-10 21:10:13,eg2401,eg2401,4340.0,0.0,0.0,0.0,35,4338.0,4342.0,1,4328.0,4340.0,4349.0,4334.0,628.0,27276170.0,11676
2023-05-10 21:10:14,eg2401,eg2401,4340.0,0.0,0.0,0.0,37,4338.0,4342.0,1,4328.0,4340.0,4349.0,4334.0,628.0,27276170.0,11676
2023-05-10 21:10:16,eg2401,eg2401,4340.0,0.0,0.0,0.0,36,4338.0,4342.0,1,4328.0,4340.0,4349.0,4334.0,628.0,27276170.0,11676
2023-05-10 21:10:16,eg2401,eg2401,4340.0,0.0,0.0,0.0,35,4338.0,4342.0,1,4328.0,4340.0,4349.0,4334.0,628.0,27276170.0,11676
2023-05-10 21:10:17,eg2401,eg2401,4340.0,0.0,0.0,0.0,39,4338.0,4342.0,1,4328.0,4340.0,4349.0,4334.0,628.0,27276170.0,11676
2023-05-10 21:10:19,eg2401,eg2401,4340.0,0.0,0.0,0.0,2,4338.0,4342.0,1,4328.0,4340.0,4349.0,4334.0,628.0,27276170.0,11676
2023-05-10 21:10:21,eg2401,eg2401,4340.0,0.0,0.0,0.0,3,4338.0,4342.0,1,4328.0,4340.0,4349.0,4334.0,628.0,27276170.0,11676
2023-05-10 21:10:27,eg2401,eg2401,4340.0,0.0,0.0,0.0,2,4338.0,4342.0,1,4328.0,4340.0,4349.0,4334.0,628.0,27276170.0,11676
2023-05-10 21:10:28,eg2401,eg2401,4340.0,0.0,0.0,0.0,39,4338.0,4342.0,1,4328.0,4340.0,4349.0,4334.0,628.0,27276170.0,11676
2023-05-10 21:10:29,eg2401,eg2401,4340.0,0.0,0.0,0.0,2,4338.0,4342.0,1,4328.0,4340.0,4349.0,4334.0,628.0,27276170.0,11676
2023-05-10 21:10:31,eg2401,eg2401,4341.0,5.0,217050.0,5.0,2,4338.0,4342.0,1,4328.0,4340.0,4349.0,4334.0,633.0,27493220.0,11681
2023-05-10 21:10:33,eg2401,eg2401,4341.0,0.0,0.0,0.0,2,4338.0,4342.0,48,4328.0,4340.0,4349.0,4334.0,633.0,27493220.0,11681
2023-05-10 21:10:34,eg2401,eg2401,4341.0,0.0,0.0,0.0,2,4339.0,4350.0,7,4328.0,4340.0,4349.0,4334.0,633.0,27493220.0,11681
2023-05-10 21:10:34,eg2401,eg2401,4341.0,0.0,0.0,0.0,3,4339.0,4346.0,1,4328.0,4340.0,4349.0,4334.0,633.0,27493220.0,11681
2023-05-10 21:10:35,eg2401,eg2401,4341.0,0.0,0.0,0.0,27,4340.0,4344.0,1,4328.0,4340.0,4349.0,4334.0,633.0,27493220.0,11681
2023-05-10 21:10:35,eg2401,eg2401,4341.0,0.0,0.0,0.0,1,4339.0,4343.0,1,4328.0,4340.0,4349.0,4334.0,633.0,27493220.0,11681
2023-05-10 21:10:39,eg2401,eg2401,4341.0,0.0,0.0,0.0,36,4339.0,4343.0,1,4328.0,4340.0,4349.0,4334.0,633.0,27493220.0,11681
2023-05-10 21:10:39,eg2401,eg2401,4341.0,0.0,0.0,0.0,1,4339.0,4343.0,1,4328.0,4340.0,4349.0,4334.0,633.0,27493220.0,11681
2023-05-10 21:10:40,eg2401,eg2401,4341.0,0.0,0.0,0.0,2,4339.0,4343.0,1,4328.0,4340.0,4349.0,4334.0,633.0,27493220.0,11681
2023-05-10 21:10:40,eg2401,eg2401,4341.0,0.0,0.0,0.0,3,4339.0,4343.0,1,4328.0,4340.0,4349.0,4334.0,633.0,27493220.0,11681
2023-05-10 21:10:42,eg2401,eg2401,4341.0,0.0,0.0,0.0,38,4339.0,4342.0,52,4328.0,4340.0,4349.0,4334.0,633.0,27493220.0,11681
2023-05-10 21:10:42,eg2401,eg2401,4341.0,0.0,0.0,0.0,38,4339.0,4342.0,53,4328.0,4340.0,4349.0,4334.0,633.0,27493220.0,11681
2023-05-10 21:10:43,eg2401,eg2401,4341.0,0.0,0.0,0.0,38,4339.0,4342.0,1,4328.0,4340.0,4349.0,4334.0,633.0,27493220.0,11681
2023-05-10 21:10:43,eg2401,eg2401,4341.0,0.0,0.0,0.0,31,4339.0,4342.0,1,4328.0,4340.0,4349.0,4334.0,633.0,27493220.0,11681
2023-05-10 21:10:45,eg2401,eg2401,4341.0,0.0,0.0,0.0,32,4339.0,4342.0,1,4328.0,4340.0,4349.0,4334.0,633.0,27493220.0,11681
2023-05-10 21:10:46,eg2401,eg2401,4341.0,0.0,0.0,0.0,2,4339.0,4342.0,50,4328.0,4340.0,4349.0,4334.0,633.0,27493220.0,11681
2023-05-10 21:10:46,eg2401,eg2401,4341.0,0.0,0.0,0.0,2,4339.0,4348.0,1,4328.0,4340.0,4349.0,4334.0,633.0,27493220.0,11681
2023-05-10 21:10:47,eg2401,eg2401,4341.0,0.0,0.0,0.0,2,4339.0,4344.0,1,4328.0,4340.0,4349.0,4334.0,633.0,27493220.0,11681
2023-05-10 21:10:47,eg2401,eg2401,4341.0,0.0,0.0,0.0,2,4339.0,4343.0,1,4328.0,4340.0,4349.0,4334.0,633.0,27493220.0,11681
2023-05-10 21:10:50,eg2401,eg2401,4341.0,0.0,0.0,0.0,32,4339.0,4343.0,1,4328.0,4340.0,4349.0,4334.0,633.0,27493220.0,11681
2023-05-10 21:10:51,eg2401,eg2401,4341.0,0.0,0.0,0.0,34,4339.0,4342.0,1,4328.0,4340.0,4349.0,4334.0,633.0,27493220.0,11681
2023-05-10 21:10:51,eg2401,eg2401,4341.0,0.0,0.0,0.0,35,4339.0,4342.0,1,4328.0,4340.0,4349.0,4334.0,633.0,27493220.0,11681
2023-05-10 21:10:53,eg2401,eg2401,4341.0,0.0,0.0,0.0,33,4339.0,4342.0,1,4328.0,4340.0,4349.0,4334.0,633.0,27493220.0,11681
2023-05-10 21:10:54,eg2401,eg2401,4341.0,0.0,0.0,0.0,20,4339.0,4342.0,1,4328.0,4340.0,4349.0,4334.0,633.0,27493220.0,11681
2023-05-10 21:10:54,eg2401,eg2401,4341.0,0.0,0.0,0.0,2,4339.0,4342.0,1,4328.0,4340.0,4349.0,4334.0,633.0,27493220.0,11681
2023-05-10 21:10:55,eg2401,eg2401,4341.0,0.0,0.0,0.0,1,4339.0,4341.0,1,4328.0,4340.0,4349.0,4334.0,633.0,27493220.0,11681
2023-05-10 21:11:01,eg2401,eg2401,4341.0,0.0,0.0,0.0,1,4339.0,4348.0,1,4328.0,4340.0,4349.0,4334.0,633.0,27493220.0,11681
2023-05-10 21:11:01,eg2401,eg2401,4341.0,0.0,0.0,0.0,1,4339.0,4344.0,1,4328.0,4340.0,4349.0,4334.0,633.0,27493220.0,11681
2023-05-10 21:11:02,eg2401,eg2401,4341.0,0.0,0.0,0.0,1,4339.0,4343.0,1,4328.0,4340.0,4349.0,4334.0,633.0,27493220.0,11681
2023-05-10 21:11:02,eg2401,eg2401,4341.0,0.0,0.0,0.0,1,4339.0,4342.0,1,4328.0,4340.0,4349.0,4334.0,633.0,27493220.0,11681
2023-05-10 21:11:05,eg2401,eg2401,4341.0,0.0,0.0,0.0,10,4339.0,4342.0,1,4328.0,4340.0,4349.0,4334.0,633.0,27493220.0,11681
2023-05-10 21:11:06,eg2401,eg2401,4341.0,0.0,0.0,0.0,11,4339.0,4342.0,1,4328.0,4340.0,4349.0,4334.0,633.0,27493220.0,11681
2023-05-10 21:11:06,eg2401,eg2401,4341.0,0.0,0.0,0.0,12,4339.0,4342.0,1,4328.0,4340.0,4349.0,4334.0,633.0,27493220.0,11681
2023-05-10 21:11:07,eg2401,eg2401,4341.0,0.0,0.0,0.0,1,4339.0,4342.0,1,4328.0,4340.0,4349.0,4334.0,633.0,27493220.0,11681
2023-05-10 21:11:10,eg2401,eg2401,4341.0,0.0,0.0,0.0,1,4339.0,4341.0,1,4328.0,4340.0,4349.0,4334.0,633.0,27493220.0,11681
2023-05-10 21:11:11,eg2401,eg2401,4339.0,1.0,43390.0,1.0,1,4338.0,4341.0,1,4328.0,4340.0,4349.0,4334.0,634.0,27536610.0,11682
2023-05-10 21:11:13,eg2401,eg2401,4338.0,1.0,43380.0,0.0,39,4336.0,4340.0,1,4328.0,4340.0,4349.0,4334.0,635.0,27579990.0,11682
2023-05-10 21:11:13,eg2401,eg2401,4338.0,0.0,0.0,0.0,39,4336.0,4340.0,2,4328.0,4340.0,4349.0,4334.0,635.0,27579990.0,11682
2023-05-10 21:11:14,eg2401,eg2401,4338.0,0.0,0.0,0.0,9,4333.0,4339.0,1,4328.0,4340.0,4349.0,4334.0,635.0,27579990.0,11682
2023-05-10 21:11:14,eg2401,eg2401,4338.0,0.0,0.0,0.0,2,4335.0,4339.0,1,4328.0,4340.0,4349.0,4334.0,635.0,27579990.0,11682
2023-05-10 21:11:15,eg2401,eg2401,4338.0,0.0,0.0,0.0,1,4334.0,4338.0,1,4328.0,4340.0,4349.0,4334.0,635.0,27579990.0,11682
2023-05-10 21:11:20,eg2401,eg2401,4338.0,0.0,0.0,0.0,38,4334.0,4337.0,1,4328.0,4340.0,4349.0,4334.0,635.0,27579990.0,11682
2023-05-10 21:11:20,eg2401,eg2401,4338.0,0.0,0.0,0.0,1,4333.0,4337.0,1,4328.0,4340.0,4349.0,4334.0,635.0,27579990.0,11682
2023-05-10 21:11:20,eg2401,eg2401,4338.0,0.0,0.0,0.0,2,4333.0,4337.0,1,4328.0,4340.0,4349.0,4334.0,635.0,27579990.0,11682
2023-05-10 21:11:25,eg2401,eg2401,4338.0,0.0,0.0,0.0,2,4333.0,4337.0,41,4328.0,4340.0,4349.0,4334.0,635.0,27579990.0,11682
2023-05-10 21:11:25,eg2401,eg2401,4338.0,0.0,0.0,0.0,2,4334.0,4338.0,1,4328.0,4340.0,4349.0,4334.0,635.0,27579990.0,11682
2023-05-10 21:11:27,eg2401,eg2401,4338.0,0.0,0.0,0.0,1,4333.0,4337.0,1,4328.0,4340.0,4349.0,4334.0,635.0,27579990.0,11682
2023-05-10 21:11:27,eg2401,eg2401,4338.0,0.0,0.0,0.0,2,4333.0,4337.0,1,4328.0,4340.0,4349.0,4334.0,635.0,27579990.0,11682
2023-05-10 21:11:36,eg2401,eg2401,4338.0,0.0,0.0,0.0,39,4333.0,4336.0,1,4328.0,4340.0,4349.0,4334.0,635.0,27579990.0,11682
2023-05-10 21:11:37,eg2401,eg2401,4338.0,0.0,0.0,0.0,38,4333.0,4336.0,1,4328.0,4340.0,4349.0,4334.0,635.0,27579990.0,11682
2023-05-10 21:11:39,eg2401,eg2401,4338.0,0.0,0.0,0.0,1,4333.0,4336.0,55,4328.0,4340.0,4349.0,4334.0,635.0,27579990.0,11682
2023-05-10 21:11:40,eg2401,eg2401,4338.0,0.0,0.0,0.0,2,4333.0,4337.0,1,4328.0,4340.0,4349.0,4334.0,635.0,27579990.0,11682
2023-05-10 21:11:43,eg2401,eg2401,4338.0,0.0,0.0,0.0,39,4333.0,4337.0,1,4328.0,4340.0,4349.0,4334.0,635.0,27579990.0,11682
2023-05-10 21:11:43,eg2401,eg2401,4338.0,0.0,0.0,0.0,38,4333.0,4336.0,1,4328.0,4340.0,4349.0,4334.0,635.0,27579990.0,11682
2023-05-10 21:11:48,eg2401,eg2401,4338.0,0.0,0.0,0.0,1,4333.0,4336.0,60,4328.0,4340.0,4349.0,4334.0,635.0,27579990.0,11682
2023-05-10 21:11:49,eg2401,eg2401,4338.0,0.0,0.0,0.0,1,4333.0,4338.0,1,4328.0,4340.0,4349.0,4334.0,635.0,27579990.0,11682
2023-05-10 21:11:49,eg2401,eg2401,4338.0,0.0,0.0,0.0,1,4333.0,4337.0,1,4328.0,4340.0,4349.0,4334.0,635.0,27579990.0,11682
2023-05-10 21:11:50,eg2401,eg2401,4338.0,0.0,0.0,0.0,2,4333.0,4337.0,1,4328.0,4340.0,4349.0,4334.0,635.0,27579990.0,11682
2023-05-10 21:11:51,eg2401,eg2401,4338.0,0.0,0.0,0.0,39,4333.0,4337.0,1,4328.0,4340.0,4349.0,4334.0,635.0,27579990.0,11682
2023-05-10 21:11:52,eg2401,eg2401,4338.0,0.0,0.0,0.0,38,4333.0,4336.0,1,4328.0,4340.0,4349.0,4334.0,635.0,27579990.0,11682
2023-05-10 21:11:53,eg2401,eg2401,4338.0,0.0,0.0,0.0,38,4333.0,4336.0,2,4328.0,4340.0,4349.0,4334.0,635.0,27579990.0,11682
2023-05-10 21:11:53,eg2401,eg2401,4338.0,0.0,0.0,0.0,1,4333.0,4336.0,66,4328.0,4340.0,4349.0,4334.0,635.0,27579990.0,11682
2023-05-10 21:11:53,eg2401,eg2401,4338.0,0.0,0.0,0.0,2,4333.0,4336.0,66,4328.0,4340.0,4349.0,4334.0,635.0,27579990.0,11682
2023-05-10 21:11:54,eg2401,eg2401,4338.0,0.0,0.0,0.0,39,4333.0,4336.0,66,4328.0,4340.0,4349.0,4334.0,635.0,27579990.0,11682
2023-05-10 21:11:55,eg2401,eg2401,4338.0,0.0,0.0,0.0,38,4333.0,4336.0,1,4328.0,4340.0,4349.0,4334.0,635.0,27579990.0,11682
2023-05-10 21:12:08,eg2401,eg2401,4338.0,0.0,0.0,0.0,1,4333.0,4336.0,57,4328.0,4340.0,4349.0,4334.0,635.0,27579990.0,11682
2023-05-10 21:12:09,eg2401,eg2401,4338.0,0.0,0.0,0.0,1,4333.0,4337.0,1,4328.0,4340.0,4349.0,4334.0,635.0,27579990.0,11682
2023-05-10 21:12:11,eg2401,eg2401,4338.0,0.0,0.0,0.0,1,4333.0,4337.0,47,4328.0,4340.0,4349.0,4334.0,635.0,27579990.0,11682
2023-05-10 21:12:12,eg2401,eg2401,4338.0,0.0,0.0,0.0,2,4334.0,4338.0,1,4328.0,4340.0,4349.0,4334.0,635.0,27579990.0,11682
2023-05-10 21:12:12,eg2401,eg2401,4338.0,0.0,0.0,0.0,39,4334.0,4338.0,1,4328.0,4340.0,4349.0,4334.0,635.0,27579990.0,11682
2023-05-10 21:12:13,eg2401,eg2401,4338.0,0.0,0.0,0.0,28,4334.0,4338.0,1,4328.0,4340.0,4349.0,4334.0,635.0,27579990.0,11682
2023-05-10 21:12:13,eg2401,eg2401,4338.0,0.0,0.0,0.0,1,4333.0,4337.0,1,4328.0,4340.0,4349.0,4334.0,635.0,27579990.0,11682
2023-05-10 21:12:27,eg2401,eg2401,4338.0,0.0,0.0,0.0,38,4333.0,4336.0,1,4328.0,4340.0,4349.0,4334.0,635.0,27579990.0,11682
2023-05-10 21:12:37,eg2401,eg2401,4338.0,0.0,0.0,0.0,37,4333.0,4336.0,1,4328.0,4340.0,4349.0,4334.0,635.0,27579990.0,11682
2023-05-10 21:12:38,eg2401,eg2401,4338.0,0.0,0.0,0.0,38,4333.0,4336.0,1,4328.0,4340.0,4349.0,4334.0,635.0,27579990.0,11682
2023-05-10 21:12:43,eg2401,eg2401,4338.0,0.0,0.0,0.0,1,4333.0,4336.0,1,4328.0,4340.0,4349.0,4334.0,635.0,27579990.0,11682
2023-05-10 21:12:43,eg2401,eg2401,4338.0,0.0,0.0,0.0,1,4333.0,4335.0,1,4328.0,4340.0,4349.0,4334.0,635.0,27579990.0,11682
2023-05-10 21:12:54,eg2401,eg2401,4338.0,0.0,0.0,0.0,1,4333.0,4337.0,1,4328.0,4340.0,4349.0,4334.0,635.0,27579990.0,11682
2023-05-10 21:12:55,eg2401,eg2401,4338.0,0.0,0.0,0.0,1,4333.0,4336.0,1,4328.0,4340.0,4349.0,4334.0,635.0,27579990.0,11682
2023-05-10 21:12:55,eg2401,eg2401,4338.0,0.0,0.0,0.0,6,4333.0,4336.0,1,4328.0,4340.0,4349.0,4334.0,635.0,27579990.0,11682
2023-05-10 21:12:56,eg2401,eg2401,4338.0,0.0,0.0,0.0,16,4333.0,4336.0,1,4328.0,4340.0,4349.0,4334.0,635.0,27579990.0,11682
2023-05-10 21:12:56,eg2401,eg2401,4338.0,0.0,0.0,0.0,18,4333.0,4336.0,1,4328.0,4340.0,4349.0,4334.0,635.0,27579990.0,11682
2023-05-10 21:12:57,eg2401,eg2401,4329.0,100.0,4331020.0,-98.0,1,4329.0,4336.0,1,4328.0,4340.0,4349.0,4329.0,735.0,31911010.0,11584
2023-05-10 21:12:57,eg2401,eg2401,4329.0,0.0,0.0,0.0,3,4331.0,4335.0,9,4328.0,4340.0,4349.0,4329.0,735.0,31911010.0,11584
2023-05-10 21:13:10,eg2401,eg2401,4331.0,3.0,129930.0,-1.0,27,4330.0,4331.0,2,4328.0,4340.0,4349.0,4329.0,738.0,32040940.0,11583
2023-05-10 21:13:11,eg2401,eg2401,4331.0,2.0,86620.0,-1.0,2,4331.0,4334.0,9,4328.0,4340.0,4349.0,4329.0,740.0,32127560.0,11582
2023-05-10 21:13:26,eg2401,eg2401,4331.0,0.0,0.0,0.0,1,4330.0,4334.0,9,4328.0,4340.0,4349.0,4329.0,740.0,32127560.0,11582
2023-05-10 21:13:27,eg2401,eg2401,4331.0,0.0,0.0,0.0,5,4330.0,4334.0,9,4328.0,4340.0,4349.0,4329.0,740.0,32127560.0,11582
2023-05-10 21:13:27,eg2401,eg2401,4331.0,0.0,0.0,0.0,7,4328.0,4334.0,9,4328.0,4340.0,4349.0,4329.0,740.0,32127560.0,11582
2023-05-10 21:13:28,eg2401,eg2401,4331.0,0.0,0.0,0.0,5,4330.0,4334.0,9,4328.0,4340.0,4349.0,4329.0,740.0,32127560.0,11582
2023-05-10 21:13:28,eg2401,eg2401,4331.0,0.0,0.0,0.0,5,4329.0,4334.0,9,4328.0,4340.0,4349.0,4329.0,740.0,32127560.0,11582
2023-05-10 21:13:28,eg2401,eg2401,4331.0,0.0,0.0,0.0,15,4330.0,4334.0,9,4328.0,4340.0,4349.0,4329.0,740.0,32127560.0,11582
2023-05-10 21:13:29,eg2401,eg2401,4331.0,0.0,0.0,0.0,17,4330.0,4334.0,9,4328.0,4340.0,4349.0,4329.0,740.0,32127560.0,11582
2023-05-10 21:13:30,eg2401,eg2401,4331.0,0.0,0.0,0.0,3,4330.0,4334.0,9,4328.0,4340.0,4349.0,4329.0,740.0,32127560.0,11582
2023-05-10 21:13:30,eg2401,eg2401,4331.0,0.0,0.0,0.0,5,4329.0,4334.0,9,4328.0,4340.0,4349.0,4329.0,740.0,32127560.0,11582
2023-05-10 21:13:31,eg2401,eg2401,4331.0,0.0,0.0,0.0,23,4330.0,4334.0,9,4328.0,4340.0,4349.0,4329.0,740.0,32127560.0,11582
2023-05-10 21:13:32,eg2401,eg2401,4331.0,0.0,0.0,0.0,24,4330.0,4334.0,9,4328.0,4340.0,4349.0,4329.0,740.0,32127560.0,11582
2023-05-10 21:13:33,eg2401,eg2401,4331.0,0.0,0.0,0.0,23,4330.0,4334.0,9,4328.0,4340.0,4349.0,4329.0,740.0,32127560.0,11582
2023-05-10 21:13:34,eg2401,eg2401,4331.0,0.0,0.0,0.0,14,4330.0,4334.0,9,4328.0,4340.0,4349.0,4329.0,740.0,32127560.0,11582
2023-05-10 21:13:34,eg2401,eg2401,4331.0,0.0,0.0,0.0,10,4330.0,4334.0,9,4328.0,4340.0,4349.0,4329.0,740.0,32127560.0,11582
2023-05-10 21:13:35,eg2401,eg2401,4331.0,0.0,0.0,0.0,6,4329.0,4334.0,9,4328.0,4340.0,4349.0,4329.0,740.0,32127560.0,11582
2023-05-10 21:13:35,eg2401,eg2401,4331.0,0.0,0.0,0.0,32,4329.0,4334.0,9,4328.0,4340.0,4349.0,4329.0,740.0,32127560.0,11582
2023-05-10 21:13:36,eg2401,eg2401,4331.0,0.0,0.0,0.0,30,4329.0,4333.0,8,4328.0,4340.0,4349.0,4329.0,740.0,32127560.0,11582
2023-05-10 21:13:36,eg2401,eg2401,4331.0,0.0,0.0,0.0,30,4329.0,4333.0,12,4328.0,4340.0,4349.0,4329.0,740.0,32127560.0,11582
2023-05-10 21:13:39,eg2401,eg2401,4331.0,0.0,0.0,0.0,4,4329.0,4332.0,3,4328.0,4340.0,4349.0,4329.0,740.0,32127560.0,11582
2023-05-10 21:13:40,eg2401,eg2401,4331.0,0.0,0.0,0.0,2,4329.0,4332.0,12,4328.0,4340.0,4349.0,4329.0,740.0,32127560.0,11582
2023-05-10 21:13:40,eg2401,eg2401,4331.0,0.0,0.0,0.0,2,4326.0,4331.0,35,4328.0,4340.0,4349.0,4329.0,740.0,32127560.0,11582
2023-05-10 21:13:41,eg2401,eg2401,4331.0,0.0,0.0,0.0,5,4326.0,4331.0,35,4328.0,4340.0,4349.0,4329.0,740.0,32127560.0,11582
2023-05-10 21:13:41,eg2401,eg2401,4330.0,1.0,43300.0,-1.0,3,4327.0,4329.0,9,4328.0,4340.0,4349.0,4329.0,741.0,32170860.0,11581
2023-05-10 21:13:42,eg2401,eg2401,4329.0,1.0,43290.0,0.0,4,4327.0,4329.0,8,4328.0,4340.0,4349.0,4329.0,742.0,32214150.0,11581
2023-05-10 21:13:47,eg2401,eg2401,4329.0,8.0,346320.0,-8.0,4,4327.0,4331.0,3,4328.0,4340.0,4349.0,4329.0,750.0,32560470.0,11573
2023-05-10 21:13:48,eg2401,eg2401,4329.0,0.0,0.0,0.0,10,4327.0,4332.0,4,4328.0,4340.0,4349.0,4329.0,750.0,32560470.0,11573
2023-05-10 21:13:48,eg2401,eg2401,4329.0,0.0,0.0,0.0,10,4327.0,4332.0,3,4328.0,4340.0,4349.0,4329.0,750.0,32560470.0,11573
2023-05-10 21:13:49,eg2401,eg2401,4329.0,0.0,0.0,0.0,3,4328.0,4332.0,3,4328.0,4340.0,4349.0,4329.0,750.0,32560470.0,11573
2023-05-10 21:13:49,eg2401,eg2401,4329.0,0.0,0.0,0.0,22,4328.0,4332.0,3,4328.0,4340.0,4349.0,4329.0,750.0,32560470.0,11573
2023-05-10 21:13:50,eg2401,eg2401,4329.0,0.0,0.0,0.0,19,4328.0,4332.0,11,4328.0,4340.0,4349.0,4329.0,750.0,32560470.0,11573
2023-05-10 21:13:50,eg2401,eg2401,4329.0,0.0,0.0,0.0,19,4328.0,4332.0,15,4328.0,4340.0,4349.0,4329.0,750.0,32560470.0,11573
2023-05-10 21:13:54,eg2401,eg2401,4329.0,0.0,0.0,0.0,19,4328.0,4331.0,1,4328.0,4340.0,4349.0,4329.0,750.0,32560470.0,11573
2023-05-10 21:13:57,eg2401,eg2401,4329.0,0.0,0.0,0.0,1,4328.0,4331.0,1,4328.0,4340.0,4349.0,4329.0,750.0,32560470.0,11573
2023-05-10 21:13:58,eg2401,eg2401,4328.0,1.0,43280.0,-1.0,19,4327.0,4328.0,3,4328.0,4340.0,4349.0,4328.0,751.0,32603750.0,11572
2023-05-10 21:13:58,eg2401,eg2401,4328.0,0.0,0.0,0.0,4,4326.0,4328.0,3,4328.0,4340.0,4349.0,4328.0,751.0,32603750.0,11572
2023-05-10 21:13:59,eg2401,eg2401,4328.0,3.0,129840.0,-3.0,5,4326.0,4331.0,13,4328.0,4340.0,4349.0,4328.0,754.0,32733590.0,11569
2023-05-10 21:13:59,eg2401,eg2401,4328.0,0.0,0.0,0.0,16,4327.0,4331.0,1,4328.0,4340.0,4349.0,4328.0,754.0,32733590.0,11569
2023-05-10 21:14:01,eg2401,eg2401,4328.0,0.0,0.0,0.0,6,4326.0,4331.0,9,4328.0,4340.0,4349.0,4328.0,754.0,32733590.0,11569
2023-05-10 21:14:01,eg2401,eg2401,4328.0,0.0,0.0,0.0,6,4326.0,4331.0,13,4328.0,4340.0,4349.0,4328.0,754.0,32733590.0,11569
2023-05-10 21:14:03,eg2401,eg2401,4328.0,0.0,0.0,0.0,6,4326.0,4331.0,5,4328.0,4340.0,4349.0,4328.0,754.0,32733590.0,11569
2023-05-10 21:14:03,eg2401,eg2401,4328.0,0.0,0.0,0.0,6,4326.0,4331.0,9,4328.0,4340.0,4349.0,4328.0,754.0,32733590.0,11569
2023-05-10 21:14:04,eg2401,eg2401,4328.0,0.0,0.0,0.0,6,4326.0,4330.0,3,4328.0,4340.0,4349.0,4328.0,754.0,32733590.0,11569
