time,symbol_id,symbol_name,last,trade_volume,trade_amount,open_interest_change,bv1,bp1,ap1,av1,yesterday_close,today_open,today_high,today_low,volume,amount,open_interest
2023-05-09 19:10:58,OI311P9700,OI311P9700,1475.0,0.0,0.0,0.0,0,0.0,0.0,0,1475.0,0.0,0.0,0.0,0.0,0.0,6
2023-05-09 21:02:04,OI311P9700,OI311P9700,1475.0,0.0,0.0,0.0,1,813.5,2136.5,1,1475.0,0.0,0.0,0.0,0.0,0.0,6
2023-05-09 21:02:04,OI311P9700,OI311P9700,1475.0,0.0,0.0,0.0,10,814.0,2136.5,1,1475.0,0.0,0.0,0.0,0.0,0.0,6
2023-05-09 21:02:05,OI311P9700,OI311P9700,1475.0,0.0,0.0,0.0,1,815.5,2136.5,1,1475.0,0.0,0.0,0.0,0.0,0.0,6
2023-05-09 21:02:06,OI311P9700,OI311P9700,1475.0,0.0,0.0,0.0,10,816.0,2136.5,1,1475.0,0.0,0.0,0.0,0.0,0.0,6
2023-05-09 21:02:06,OI311P9700,OI311P9700,1475.0,0.0,0.0,0.0,1,817.5,2136.5,1,1475.0,0.0,0.0,0.0,0.0,0.0,6
2023-05-09 21:02:07,OI311P9700,OI311P9700,1475.0,0.0,0.0,0.0,10,818.0,2136.5,1,1475.0,0.0,0.0,0.0,0.0,0.0,6
2023-05-09 21:02:07,OI311P9700,OI311P9700,1475.0,0.0,0.0,0.0,1,819.5,2136.5,1,1475.0,0.0,0.0,0.0,0.0,0.0,6
2023-05-09 21:02:08,OI311P9700,OI311P9700,1475.0,0.0,0.0,0.0,10,820.0,2136.5,1,1475.0,0.0,0.0,0.0,0.0,0.0,6
2023-05-09 21:02:09,OI311P9700,OI311P9700,1475.0,0.0,0.0,0.0,10,822.0,2136.5,1,1475.0,0.0,0.0,0.0,0.0,0.0,6
2023-05-09 21:02:15,OI311P9700,OI311P9700,1475.0,0.0,0.0,0.0,1,823.5,2136.5,1,1475.0,0.0,0.0,0.0,0.0,0.0,6
2023-05-09 21:02:15,OI311P9700,OI311P9700,1475.0,0.0,0.0,0.0,10,824.0,2136.5,1,1475.0,0.0,0.0,0.0,0.0,0.0,6
2023-05-09 21:02:21,OI311P9700,OI311P9700,1475.0,0.0,0.0,0.0,1,825.5,2136.5,1,1475.0,0.0,0.0,0.0,0.0,0.0,6
2023-05-09 21:02:21,OI311P9700,OI311P9700,1475.0,0.0,0.0,0.0,10,826.0,2136.5,1,1475.0,0.0,0.0,0.0,0.0,0.0,6
2023-05-09 21:02:31,OI311P9700,OI311P9700,1475.0,0.0,0.0,0.0,1,827.5,2136.5,1,1475.0,0.0,0.0,0.0,0.0,0.0,6
2023-05-09 21:02:31,OI311P9700,OI311P9700,1475.0,0.0,0.0,0.0,10,828.0,2136.5,1,1475.0,0.0,0.0,0.0,0.0,0.0,6
2023-05-09 21:02:36,OI311P9700,OI311P9700,1475.0,0.0,0.0,0.0,1,829.5,2136.5,1,1475.0,0.0,0.0,0.0,0.0,0.0,6
2023-05-09 21:02:37,OI311P9700,OI311P9700,1475.0,0.0,0.0,0.0,10,830.0,2136.5,1,1475.0,0.0,0.0,0.0,0.0,0.0,6
2023-05-09 21:02:40,OI311P9700,OI311P9700,1475.0,0.0,0.0,0.0,1,831.5,2136.5,1,1475.0,0.0,0.0,0.0,0.0,0.0,6
2023-05-09 21:02:40,OI311P9700,OI311P9700,1475.0,0.0,0.0,0.0,10,832.0,2136.5,1,1475.0,0.0,0.0,0.0,0.0,0.0,6
2023-05-09 21:02:48,OI311P9700,OI311P9700,1475.0,0.0,0.0,0.0,1,833.5,2136.5,1,1475.0,0.0,0.0,0.0,0.0,0.0,6
2023-05-09 21:02:48,OI311P9700,OI311P9700,1475.0,0.0,0.0,0.0,10,834.0,2136.5,1,1475.0,0.0,0.0,0.0,0.0,0.0,6
2023-05-09 21:02:56,OI311P9700,OI311P9700,1475.0,0.0,0.0,0.0,1,835.5,2136.5,1,1475.0,0.0,0.0,0.0,0.0,0.0,6
2023-05-09 21:02:56,OI311P9700,OI311P9700,1475.0,0.0,0.0,0.0,10,836.0,2136.5,1,1475.0,0.0,0.0,0.0,0.0,0.0,6
2023-05-09 21:03:02,OI311P9700,OI311P9700,1475.0,0.0,0.0,0.0,1,837.5,2136.5,1,1475.0,0.0,0.0,0.0,0.0,0.0,6
2023-05-09 21:03:02,OI311P9700,OI311P9700,1475.0,0.0,0.0,0.0,10,838.0,2136.5,1,1475.0,0.0,0.0,0.0,0.0,0.0,6
2023-05-09 21:03:12,OI311P9700,OI311P9700,1475.0,0.0,0.0,0.0,1,839.5,2136.5,1,1475.0,0.0,0.0,0.0,0.0,0.0,6
2023-05-09 21:03:13,OI311P9700,OI311P9700,1475.0,0.0,0.0,0.0,10,840.0,2136.5,1,1475.0,0.0,0.0,0.0,0.0,0.0,6
2023-05-09 21:03:17,OI311P9700,OI311P9700,1475.0,0.0,0.0,0.0,1,841.5,2136.5,1,1475.0,0.0,0.0,0.0,0.0,0.0,6
2023-05-09 21:03:17,OI311P9700,OI311P9700,1475.0,0.0,0.0,0.0,10,842.0,2136.5,1,1475.0,0.0,0.0,0.0,0.0,0.0,6
2023-05-09 21:03:18,OI311P9700,OI311P9700,1475.0,0.0,0.0,0.0,1,843.5,2136.5,1,1475.0,0.0,0.0,0.0,0.0,0.0,6
2023-05-09 21:03:18,OI311P9700,OI311P9700,1475.0,0.0,0.0,0.0,10,844.0,2136.5,1,1475.0,0.0,0.0,0.0,0.0,0.0,6
2023-05-09 21:03:18,OI311P9700,OI311P9700,1475.0,0.0,0.0,0.0,1,843.5,2136.5,1,1475.0,0.0,0.0,0.0,0.0,0.0,6
2023-05-09 21:03:18,OI311P9700,OI311P9700,1475.0,0.0,0.0,0.0,10,844.0,2136.5,1,1475.0,0.0,0.0,0.0,0.0,0.0,6
2023-05-09 21:03:26,OI311P9700,OI311P9700,1475.0,0.0,0.0,0.0,1,845.5,2136.5,1,1475.0,0.0,0.0,0.0,0.0,0.0,6
2023-05-09 21:03:26,OI311P9700,OI311P9700,1475.0,0.0,0.0,0.0,10,846.0,2136.5,1,1475.0,0.0,0.0,0.0,0.0,0.0,6
2023-05-09 21:03:30,OI311P9700,OI311P9700,1475.0,0.0,0.0,0.0,1,847.5,2136.5,1,1475.0,0.0,0.0,0.0,0.0,0.0,6
2023-05-09 21:03:30,OI311P9700,OI311P9700,1475.0,0.0,0.0,0.0,10,848.0,2136.5,1,1475.0,0.0,0.0,0.0,0.0,0.0,6
2023-05-09 21:03:33,OI311P9700,OI311P9700,1475.0,0.0,0.0,0.0,1,849.5,2136.5,1,1475.0,0.0,0.0,0.0,0.0,0.0,6
2023-05-09 21:03:33,OI311P9700,OI311P9700,1475.0,0.0,0.0,0.0,10,850.0,2136.5,1,1475.0,0.0,0.0,0.0,0.0,0.0,6
2023-05-09 21:03:37,OI311P9700,OI311P9700,1475.0,0.0,0.0,0.0,1,851.5,2136.5,1,1475.0,0.0,0.0,0.0,0.0,0.0,6
2023-05-09 21:03:37,OI311P9700,OI311P9700,1475.0,0.0,0.0,0.0,10,852.0,2136.5,1,1475.0,0.0,0.0,0.0,0.0,0.0,6
2023-05-09 21:03:38,OI311P9700,OI311P9700,1475.0,0.0,0.0,0.0,1,853.5,2136.5,1,1475.0,0.0,0.0,0.0,0.0,0.0,6
2023-05-09 21:03:38,OI311P9700,OI311P9700,1475.0,0.0,0.0,0.0,10,854.0,2136.5,1,1475.0,0.0,0.0,0.0,0.0,0.0,6
2023-05-09 21:03:38,OI311P9700,OI311P9700,1475.0,0.0,0.0,0.0,1,853.5,2136.5,1,1475.0,0.0,0.0,0.0,0.0,0.0,6
2023-05-09 21:03:39,OI311P9700,OI311P9700,1475.0,0.0,0.0,0.0,1,855.5,2136.5,1,1475.0,0.0,0.0,0.0,0.0,0.0,6
2023-05-09 21:03:39,OI311P9700,OI311P9700,1475.0,0.0,0.0,0.0,10,856.0,2136.5,1,1475.0,0.0,0.0,0.0,0.0,0.0,6
2023-05-09 21:03:45,OI311P9700,OI311P9700,1475.0,0.0,0.0,0.0,1,857.5,2136.5,1,1475.0,0.0,0.0,0.0,0.0,0.0,6
2023-05-09 21:03:45,OI311P9700,OI311P9700,1475.0,0.0,0.0,0.0,10,858.0,2136.5,1,1475.0,0.0,0.0,0.0,0.0,0.0,6
2023-05-09 21:03:50,OI311P9700,OI311P9700,1475.0,0.0,0.0,0.0,1,859.5,2136.5,1,1475.0,0.0,0.0,0.0,0.0,0.0,6
2023-05-09 21:03:50,OI311P9700,OI311P9700,1475.0,0.0,0.0,0.0,10,860.0,2136.5,1,1475.0,0.0,0.0,0.0,0.0,0.0,6
2023-05-09 21:03:53,OI311P9700,OI311P9700,1475.0,0.0,0.0,0.0,1,861.5,2136.5,1,1475.0,0.0,0.0,0.0,0.0,0.0,6
2023-05-09 21:03:53,OI311P9700,OI311P9700,1475.0,0.0,0.0,0.0,10,862.0,2136.5,1,1475.0,0.0,0.0,0.0,0.0,0.0,6
2023-05-09 21:03:59,OI311P9700,OI311P9700,1475.0,0.0,0.0,0.0,1,863.5,2136.5,1,1475.0,0.0,0.0,0.0,0.0,0.0,6
2023-05-09 21:03:59,OI311P9700,OI311P9700,1475.0,0.0,0.0,0.0,10,864.0,2136.5,1,1475.0,0.0,0.0,0.0,0.0,0.0,6
2023-05-09 21:04:02,OI311P9700,OI311P9700,1475.0,0.0,0.0,0.0,1,865.5,2136.5,1,1475.0,0.0,0.0,0.0,0.0,0.0,6
2023-05-09 21:04:02,OI311P9700,OI311P9700,1475.0,0.0,0.0,0.0,10,866.0,2136.5,1,1475.0,0.0,0.0,0.0,0.0,0.0,6
2023-05-09 21:04:03,OI311P9700,OI311P9700,1475.0,0.0,0.0,0.0,1,867.5,2136.5,1,1475.0,0.0,0.0,0.0,0.0,0.0,6
2023-05-09 21:04:03,OI311P9700,OI311P9700,1475.0,0.0,0.0,0.0,10,868.0,2136.5,1,1475.0,0.0,0.0,0.0,0.0,0.0,6
2023-05-09 21:04:05,OI311P9700,OI311P9700,1475.0,0.0,0.0,0.0,1,869.5,2136.5,1,1475.0,0.0,0.0,0.0,0.0,0.0,6
2023-05-09 21:04:05,OI311P9700,OI311P9700,1475.0,0.0,0.0,0.0,10,870.0,2136.5,1,1475.0,0.0,0.0,0.0,0.0,0.0,6
2023-05-09 21:04:06,OI311P9700,OI311P9700,1475.0,0.0,0.0,0.0,1,871.5,2136.5,1,1475.0,0.0,0.0,0.0,0.0,0.0,6
2023-05-09 21:04:06,OI311P9700,OI311P9700,1475.0,0.0,0.0,0.0,10,872.0,2136.5,1,1475.0,0.0,0.0,0.0,0.0,0.0,6
2023-05-09 21:04:08,OI311P9700,OI311P9700,1475.0,0.0,0.0,0.0,1,873.5,2136.5,1,1475.0,0.0,0.0,0.0,0.0,0.0,6
2023-05-09 21:04:08,OI311P9700,OI311P9700,1475.0,0.0,0.0,0.0,10,874.0,2136.5,1,1475.0,0.0,0.0,0.0,0.0,0.0,6
2023-05-09 21:04:10,OI311P9700,OI311P9700,1475.0,0.0,0.0,0.0,1,875.5,2136.5,1,1475.0,0.0,0.0,0.0,0.0,0.0,6
2023-05-09 21:04:10,OI311P9700,OI311P9700,1475.0,0.0,0.0,0.0,10,876.0,2136.5,1,1475.0,0.0,0.0,0.0,0.0,0.0,6
2023-05-09 21:04:11,OI311P9700,OI311P9700,1475.0,0.0,0.0,0.0,1,877.5,2136.5,1,1475.0,0.0,0.0,0.0,0.0,0.0,6
2023-05-09 21:04:11,OI311P9700,OI311P9700,1475.0,0.0,0.0,0.0,10,878.0,2136.5,1,1475.0,0.0,0.0,0.0,0.0,0.0,6
2023-05-09 21:04:13,OI311P9700,OI311P9700,1475.0,0.0,0.0,0.0,1,879.5,2136.5,1,1475.0,0.0,0.0,0.0,0.0,0.0,6
2023-05-09 21:04:13,OI311P9700,OI311P9700,1475.0,0.0,0.0,0.0,10,880.0,2136.5,1,1475.0,0.0,0.0,0.0,0.0,0.0,6
2023-05-09 21:04:14,OI311P9700,OI311P9700,1475.0,0.0,0.0,0.0,1,881.5,2136.5,1,1475.0,0.0,0.0,0.0,0.0,0.0,6
2023-05-09 21:04:14,OI311P9700,OI311P9700,1475.0,0.0,0.0,0.0,10,882.0,2136.5,1,1475.0,0.0,0.0,0.0,0.0,0.0,6
2023-05-09 21:04:15,OI311P9700,OI311P9700,1475.0,0.0,0.0,0.0,1,883.5,2136.5,1,1475.0,0.0,0.0,0.0,0.0,0.0,6
2023-05-09 21:04:15,OI311P9700,OI311P9700,1475.0,0.0,0.0,0.0,10,884.0,2136.5,1,1475.0,0.0,0.0,0.0,0.0,0.0,6
2023-05-09 21:04:17,OI311P9700,OI311P9700,1475.0,0.0,0.0,0.0,1,885.5,2136.5,1,1475.0,0.0,0.0,0.0,0.0,0.0,6
2023-05-09 21:04:17,OI311P9700,OI311P9700,1475.0,0.0,0.0,0.0,10,886.0,2136.5,1,1475.0,0.0,0.0,0.0,0.0,0.0,6
2023-05-09 21:04:20,OI311P9700,OI311P9700,1475.0,0.0,0.0,0.0,1,887.5,2136.5,1,1475.0,0.0,0.0,0.0,0.0,0.0,6
2023-05-09 21:04:20,OI311P9700,OI311P9700,1475.0,0.0,0.0,0.0,10,888.0,2136.5,1,1475.0,0.0,0.0,0.0,0.0,0.0,6
2023-05-09 21:04:23,OI311P9700,OI311P9700,1475.0,0.0,0.0,0.0,1,889.5,2136.5,1,1475.0,0.0,0.0,0.0,0.0,0.0,6
2023-05-09 21:04:23,OI311P9700,OI311P9700,1475.0,0.0,0.0,0.0,10,890.0,2136.5,1,1475.0,0.0,0.0,0.0,0.0,0.0,6
2023-05-09 21:04:24,OI311P9700,OI311P9700,1475.0,0.0,0.0,0.0,1,891.5,2136.5,1,1475.0,0.0,0.0,0.0,0.0,0.0,6
2023-05-09 21:04:24,OI311P9700,OI311P9700,1475.0,0.0,0.0,0.0,10,892.0,2136.5,1,1475.0,0.0,0.0,0.0,0.0,0.0,6
2023-05-09 21:04:25,OI311P9700,OI311P9700,1475.0,0.0,0.0,0.0,1,893.5,2136.5,1,1475.0,0.0,0.0,0.0,0.0,0.0,6
2023-05-09 21:04:25,OI311P9700,OI311P9700,1475.0,0.0,0.0,0.0,10,894.0,2136.5,1,1475.0,0.0,0.0,0.0,0.0,0.0,6
2023-05-09 21:04:27,OI311P9700,OI311P9700,1475.0,0.0,0.0,0.0,1,895.5,2136.5,1,1475.0,0.0,0.0,0.0,0.0,0.0,6
2023-05-09 21:04:27,OI311P9700,OI311P9700,1475.0,0.0,0.0,0.0,10,896.0,2136.5,1,1475.0,0.0,0.0,0.0,0.0,0.0,6
2023-05-09 21:04:28,OI311P9700,OI311P9700,1475.0,0.0,0.0,0.0,1,897.5,2136.5,1,1475.0,0.0,0.0,0.0,0.0,0.0,6
2023-05-09 21:04:28,OI311P9700,OI311P9700,1475.0,0.0,0.0,0.0,10,898.0,2136.5,1,1475.0,0.0,0.0,0.0,0.0,0.0,6
2023-05-09 21:04:30,OI311P9700,OI311P9700,1475.0,0.0,0.0,0.0,1,899.5,2136.5,1,1475.0,0.0,0.0,0.0,0.0,0.0,6
2023-05-09 21:04:30,OI311P9700,OI311P9700,1475.0,0.0,0.0,0.0,10,900.0,2136.5,1,1475.0,0.0,0.0,0.0,0.0,0.0,6
2023-05-09 21:04:31,OI311P9700,OI311P9700,1475.0,0.0,0.0,0.0,1,901.5,2136.5,1,1475.0,0.0,0.0,0.0,0.0,0.0,6
2023-05-09 21:04:31,OI311P9700,OI311P9700,1475.0,0.0,0.0,0.0,10,902.0,2136.5,1,1475.0,0.0,0.0,0.0,0.0,0.0,6
2023-05-09 21:04:32,OI311P9700,OI311P9700,1475.0,0.0,0.0,0.0,1,903.5,2136.5,1,1475.0,0.0,0.0,0.0,0.0,0.0,6
2023-05-09 21:04:32,OI311P9700,OI311P9700,1475.0,0.0,0.0,0.0,10,904.0,2136.5,1,1475.0,0.0,0.0,0.0,0.0,0.0,6
2023-05-09 21:04:33,OI311P9700,OI311P9700,1475.0,0.0,0.0,0.0,1,905.5,2136.5,1,1475.0,0.0,0.0,0.0,0.0,0.0,6
2023-05-09 21:04:33,OI311P9700,OI311P9700,1475.0,0.0,0.0,0.0,10,906.0,2136.5,1,1475.0,0.0,0.0,0.0,0.0,0.0,6
2023-05-09 21:04:35,OI311P9700,OI311P9700,1475.0,0.0,0.0,0.0,1,907.5,2136.5,1,1475.0,0.0,0.0,0.0,0.0,0.0,6
2023-05-09 21:04:35,OI311P9700,OI311P9700,1475.0,0.0,0.0,0.0,10,908.0,2136.5,1,1475.0,0.0,0.0,0.0,0.0,0.0,6
2023-05-09 21:04:36,OI311P9700,OI311P9700,1475.0,0.0,0.0,0.0,1,909.5,2136.5,1,1475.0,0.0,0.0,0.0,0.0,0.0,6
2023-05-09 21:04:36,OI311P9700,OI311P9700,1475.0,0.0,0.0,0.0,10,910.0,2136.5,1,1475.0,0.0,0.0,0.0,0.0,0.0,6
2023-05-09 21:04:37,OI311P9700,OI311P9700,1475.0,0.0,0.0,0.0,1,911.5,2136.5,1,1475.0,0.0,0.0,0.0,0.0,0.0,6
2023-05-09 21:04:37,OI311P9700,OI311P9700,1475.0,0.0,0.0,0.0,10,912.0,2136.5,1,1475.0,0.0,0.0,0.0,0.0,0.0,6
2023-05-09 21:04:39,OI311P9700,OI311P9700,1475.0,0.0,0.0,0.0,1,913.5,2136.5,1,1475.0,0.0,0.0,0.0,0.0,0.0,6
2023-05-09 21:04:39,OI311P9700,OI311P9700,1475.0,0.0,0.0,0.0,10,914.0,2136.5,1,1475.0,0.0,0.0,0.0,0.0,0.0,6
2023-05-09 21:04:40,OI311P9700,OI311P9700,1475.0,0.0,0.0,0.0,1,915.5,2136.5,1,1475.0,0.0,0.0,0.0,0.0,0.0,6
2023-05-09 21:04:40,OI311P9700,OI311P9700,1475.0,0.0,0.0,0.0,10,916.0,2136.5,1,1475.0,0.0,0.0,0.0,0.0,0.0,6
2023-05-09 21:04:45,OI311P9700,OI311P9700,1475.0,0.0,0.0,0.0,1,917.5,2136.5,1,1475.0,0.0,0.0,0.0,0.0,0.0,6
2023-05-09 21:04:45,OI311P9700,OI311P9700,1475.0,0.0,0.0,0.0,10,918.0,2136.5,1,1475.0,0.0,0.0,0.0,0.0,0.0,6
2023-05-09 21:04:49,OI311P9700,OI311P9700,1475.0,0.0,0.0,0.0,1,919.5,2136.5,1,1475.0,0.0,0.0,0.0,0.0,0.0,6
2023-05-09 21:04:49,OI311P9700,OI311P9700,1475.0,0.0,0.0,0.0,10,920.0,2136.5,1,1475.0,0.0,0.0,0.0,0.0,0.0,6
2023-05-09 21:04:50,OI311P9700,OI311P9700,1475.0,0.0,0.0,0.0,1,921.5,2136.5,1,1475.0,0.0,0.0,0.0,0.0,0.0,6
2023-05-09 21:04:50,OI311P9700,OI311P9700,1475.0,0.0,0.0,0.0,10,922.0,2136.5,1,1475.0,0.0,0.0,0.0,0.0,0.0,6
2023-05-09 21:04:54,OI311P9700,OI311P9700,1475.0,0.0,0.0,0.0,1,923.5,2136.5,1,1475.0,0.0,0.0,0.0,0.0,0.0,6
2023-05-09 21:04:54,OI311P9700,OI311P9700,1475.0,0.0,0.0,0.0,10,924.0,2136.5,1,1475.0,0.0,0.0,0.0,0.0,0.0,6
2023-05-09 21:04:55,OI311P9700,OI311P9700,1475.0,0.0,0.0,0.0,1,925.5,2136.5,1,1475.0,0.0,0.0,0.0,0.0,0.0,6
2023-05-09 21:04:56,OI311P9700,OI311P9700,1475.0,0.0,0.0,0.0,10,926.0,2136.5,1,1475.0,0.0,0.0,0.0,0.0,0.0,6
2023-05-09 21:04:59,OI311P9700,OI311P9700,1475.0,0.0,0.0,0.0,1,927.5,2136.5,1,1475.0,0.0,0.0,0.0,0.0,0.0,6
2023-05-09 21:05:00,OI311P9700,OI311P9700,1475.0,0.0,0.0,0.0,10,928.0,2136.5,1,1475.0,0.0,0.0,0.0,0.0,0.0,6
2023-05-09 21:05:02,OI311P9700,OI311P9700,1475.0,0.0,0.0,0.0,1,929.5,2136.5,1,1475.0,0.0,0.0,0.0,0.0,0.0,6
2023-05-09 21:05:03,OI311P9700,OI311P9700,1475.0,0.0,0.0,0.0,10,930.0,2136.5,1,1475.0,0.0,0.0,0.0,0.0,0.0,6
2023-05-09 21:05:08,OI311P9700,OI311P9700,1475.0,0.0,0.0,0.0,1,931.5,2136.5,1,1475.0,0.0,0.0,0.0,0.0,0.0,6
2023-05-09 21:05:09,OI311P9700,OI311P9700,1475.0,0.0,0.0,0.0,10,932.0,2136.5,1,1475.0,0.0,0.0,0.0,0.0,0.0,6
2023-05-09 21:05:09,OI311P9700,OI311P9700,1475.0,0.0,0.0,0.0,1,933.5,2136.5,1,1475.0,0.0,0.0,0.0,0.0,0.0,6
2023-05-09 21:05:10,OI311P9700,OI311P9700,1475.0,0.0,0.0,0.0,10,934.0,2136.5,1,1475.0,0.0,0.0,0.0,0.0,0.0,6
2023-05-09 21:05:10,OI311P9700,OI311P9700,1475.0,0.0,0.0,0.0,1,935.5,2136.5,1,1475.0,0.0,0.0,0.0,0.0,0.0,6
2023-05-09 21:05:11,OI311P9700,OI311P9700,1475.0,0.0,0.0,0.0,10,936.0,2136.5,1,1475.0,0.0,0.0,0.0,0.0,0.0,6
2023-05-09 21:05:14,OI311P9700,OI311P9700,1475.0,0.0,0.0,0.0,1,937.5,2136.5,1,1475.0,0.0,0.0,0.0,0.0,0.0,6
2023-05-09 21:05:15,OI311P9700,OI311P9700,1475.0,0.0,0.0,0.0,10,938.0,2136.5,1,1475.0,0.0,0.0,0.0,0.0,0.0,6
2023-05-09 21:05:18,OI311P9700,OI311P9700,1475.0,0.0,0.0,0.0,1,939.5,2136.5,1,1475.0,0.0,0.0,0.0,0.0,0.0,6
2023-05-09 21:05:18,OI311P9700,OI311P9700,1475.0,0.0,0.0,0.0,10,940.0,2136.5,1,1475.0,0.0,0.0,0.0,0.0,0.0,6
2023-05-09 21:05:22,OI311P9700,OI311P9700,1475.0,0.0,0.0,0.0,1,941.5,2136.5,1,1475.0,0.0,0.0,0.0,0.0,0.0,6
2023-05-09 21:05:23,OI311P9700,OI311P9700,1475.0,0.0,0.0,0.0,10,942.0,2136.5,1,1475.0,0.0,0.0,0.0,0.0,0.0,6
2023-05-09 21:05:25,OI311P9700,OI311P9700,1475.0,0.0,0.0,0.0,1,943.5,2136.5,1,1475.0,0.0,0.0,0.0,0.0,0.0,6
2023-05-09 21:05:26,OI311P9700,OI311P9700,1475.0,0.0,0.0,0.0,10,944.0,2136.5,1,1475.0,0.0,0.0,0.0,0.0,0.0,6
2023-05-09 21:05:29,OI311P9700,OI311P9700,1475.0,0.0,0.0,0.0,1,945.5,2136.5,1,1475.0,0.0,0.0,0.0,0.0,0.0,6
2023-05-09 21:05:30,OI311P9700,OI311P9700,1475.0,0.0,0.0,0.0,10,946.0,2136.5,1,1475.0,0.0,0.0,0.0,0.0,0.0,6
2023-05-09 21:05:31,OI311P9700,OI311P9700,1475.0,0.0,0.0,0.0,1,947.5,2136.5,1,1475.0,0.0,0.0,0.0,0.0,0.0,6
2023-05-09 21:05:32,OI311P9700,OI311P9700,1475.0,0.0,0.0,0.0,10,948.0,2136.5,1,1475.0,0.0,0.0,0.0,0.0,0.0,6
2023-05-09 21:05:36,OI311P9700,OI311P9700,1475.0,0.0,0.0,0.0,1,949.5,2136.5,1,1475.0,0.0,0.0,0.0,0.0,0.0,6
2023-05-09 21:05:36,OI311P9700,OI311P9700,1475.0,0.0,0.0,0.0,10,950.0,2136.5,1,1475.0,0.0,0.0,0.0,0.0,0.0,6
2023-05-09 21:05:42,OI311P9700,OI311P9700,1475.0,0.0,0.0,0.0,1,951.5,2136.5,1,1475.0,0.0,0.0,0.0,0.0,0.0,6
2023-05-09 21:05:43,OI311P9700,OI311P9700,1475.0,0.0,0.0,0.0,10,952.0,2136.5,1,1475.0,0.0,0.0,0.0,0.0,0.0,6
2023-05-09 21:05:43,OI311P9700,OI311P9700,1475.0,0.0,0.0,0.0,1,953.5,2136.5,1,1475.0,0.0,0.0,0.0,0.0,0.0,6
2023-05-09 21:05:44,OI311P9700,OI311P9700,1475.0,0.0,0.0,0.0,10,954.0,2136.5,1,1475.0,0.0,0.0,0.0,0.0,0.0,6
2023-05-09 21:05:44,OI311P9700,OI311P9700,1475.0,0.0,0.0,0.0,1,955.5,2136.5,1,1475.0,0.0,0.0,0.0,0.0,0.0,6
2023-05-09 21:05:44,OI311P9700,OI311P9700,1475.0,0.0,0.0,0.0,10,956.0,2136.5,1,1475.0,0.0,0.0,0.0,0.0,0.0,6
2023-05-09 21:05:50,OI311P9700,OI311P9700,1475.0,0.0,0.0,0.0,1,957.5,2136.5,1,1475.0,0.0,0.0,0.0,0.0,0.0,6
2023-05-09 21:05:51,OI311P9700,OI311P9700,1475.0,0.0,0.0,0.0,10,958.0,2136.5,1,1475.0,0.0,0.0,0.0,0.0,0.0,6
2023-05-09 21:05:55,OI311P9700,OI311P9700,1475.0,0.0,0.0,0.0,1,959.5,2136.5,1,1475.0,0.0,0.0,0.0,0.0,0.0,6
2023-05-09 21:05:56,OI311P9700,OI311P9700,1475.0,0.0,0.0,0.0,10,960.0,2136.5,1,1475.0,0.0,0.0,0.0,0.0,0.0,6
2023-05-09 21:05:59,OI311P9700,OI311P9700,1475.0,0.0,0.0,0.0,1,961.5,2136.5,1,1475.0,0.0,0.0,0.0,0.0,0.0,6
2023-05-09 21:06:00,OI311P9700,OI311P9700,1475.0,0.0,0.0,0.0,10,962.0,2136.5,1,1475.0,0.0,0.0,0.0,0.0,0.0,6
2023-05-09 21:06:06,OI311P9700,OI311P9700,1475.0,0.0,0.0,0.0,1,963.5,2136.5,1,1475.0,0.0,0.0,0.0,0.0,0.0,6
2023-05-09 21:06:07,OI311P9700,OI311P9700,1475.0,0.0,0.0,0.0,10,964.0,2136.5,1,1475.0,0.0,0.0,0.0,0.0,0.0,6
2023-05-09 21:06:09,OI311P9700,OI311P9700,1475.0,0.0,0.0,0.0,1,965.5,2136.5,1,1475.0,0.0,0.0,0.0,0.0,0.0,6
2023-05-09 21:06:10,OI311P9700,OI311P9700,1475.0,0.0,0.0,0.0,10,966.0,2136.5,1,1475.0,0.0,0.0,0.0,0.0,0.0,6
2023-05-09 21:06:15,OI311P9700,OI311P9700,1475.0,0.0,0.0,0.0,1,967.5,2136.5,1,1475.0,0.0,0.0,0.0,0.0,0.0,6
2023-05-09 21:06:16,OI311P9700,OI311P9700,1475.0,0.0,0.0,0.0,10,968.0,2136.5,1,1475.0,0.0,0.0,0.0,0.0,0.0,6
2023-05-09 21:06:16,OI311P9700,OI311P9700,1475.0,0.0,0.0,0.0,1,969.5,2136.5,1,1475.0,0.0,0.0,0.0,0.0,0.0,6
2023-05-09 21:06:16,OI311P9700,OI311P9700,1475.0,0.0,0.0,0.0,10,970.0,2136.5,1,1475.0,0.0,0.0,0.0,0.0,0.0,6
2023-05-09 21:06:19,OI311P9700,OI311P9700,1475.0,0.0,0.0,0.0,1,971.5,2136.5,1,1475.0,0.0,0.0,0.0,0.0,0.0,6
2023-05-09 21:06:19,OI311P9700,OI311P9700,1475.0,0.0,0.0,0.0,10,972.0,2136.5,1,1475.0,0.0,0.0,0.0,0.0,0.0,6
2023-05-09 21:06:20,OI311P9700,OI311P9700,1475.0,0.0,0.0,0.0,1,973.5,2136.5,1,1475.0,0.0,0.0,0.0,0.0,0.0,6
2023-05-09 21:06:20,OI311P9700,OI311P9700,1475.0,0.0,0.0,0.0,10,974.0,2136.5,1,1475.0,0.0,0.0,0.0,0.0,0.0,6
2023-05-09 21:06:22,OI311P9700,OI311P9700,1475.0,0.0,0.0,0.0,1,975.5,2136.5,1,1475.0,0.0,0.0,0.0,0.0,0.0,6
2023-05-09 21:06:23,OI311P9700,OI311P9700,1475.0,0.0,0.0,0.0,10,976.0,2136.5,1,1475.0,0.0,0.0,0.0,0.0,0.0,6
2023-05-09 21:06:25,OI311P9700,OI311P9700,1475.0,0.0,0.0,0.0,1,977.5,2136.5,1,1475.0,0.0,0.0,0.0,0.0,0.0,6
2023-05-09 21:06:25,OI311P9700,OI311P9700,1475.0,0.0,0.0,0.0,10,978.0,2136.5,1,1475.0,0.0,0.0,0.0,0.0,0.0,6
2023-05-09 21:06:26,OI311P9700,OI311P9700,1475.0,0.0,0.0,0.0,1,979.5,2136.5,1,1475.0,0.0,0.0,0.0,0.0,0.0,6
2023-05-09 21:06:27,OI311P9700,OI311P9700,1475.0,0.0,0.0,0.0,10,980.0,2136.5,1,1475.0,0.0,0.0,0.0,0.0,0.0,6
2023-05-09 21:06:30,OI311P9700,OI311P9700,1475.0,0.0,0.0,0.0,1,981.5,2136.5,1,1475.0,0.0,0.0,0.0,0.0,0.0,6
2023-05-09 21:06:31,OI311P9700,OI311P9700,1475.0,0.0,0.0,0.0,10,982.0,2136.5,1,1475.0,0.0,0.0,0.0,0.0,0.0,6
2023-05-09 21:06:35,OI311P9700,OI311P9700,1475.0,0.0,0.0,0.0,1,983.5,2136.5,1,1475.0,0.0,0.0,0.0,0.0,0.0,6
2023-05-09 21:06:36,OI311P9700,OI311P9700,1475.0,0.0,0.0,0.0,10,984.0,2136.5,1,1475.0,0.0,0.0,0.0,0.0,0.0,6
2023-05-09 21:06:39,OI311P9700,OI311P9700,1475.0,0.0,0.0,0.0,1,985.5,2136.5,1,1475.0,0.0,0.0,0.0,0.0,0.0,6
2023-05-09 21:06:40,OI311P9700,OI311P9700,1475.0,0.0,0.0,0.0,10,986.0,2136.5,1,1475.0,0.0,0.0,0.0,0.0,0.0,6
2023-05-09 21:06:45,OI311P9700,OI311P9700,1475.0,0.0,0.0,0.0,1,987.5,2136.5,1,1475.0,0.0,0.0,0.0,0.0,0.0,6
2023-05-09 21:06:46,OI311P9700,OI311P9700,1475.0,0.0,0.0,0.0,10,988.0,2136.5,1,1475.0,0.0,0.0,0.0,0.0,0.0,6
2023-05-09 21:06:49,OI311P9700,OI311P9700,1475.0,0.0,0.0,0.0,1,989.5,2136.5,1,1475.0,0.0,0.0,0.0,0.0,0.0,6
2023-05-09 21:06:50,OI311P9700,OI311P9700,1475.0,0.0,0.0,0.0,10,990.0,2136.5,1,1475.0,0.0,0.0,0.0,0.0,0.0,6
2023-05-09 21:06:51,OI311P9700,OI311P9700,1475.0,0.0,0.0,0.0,1,991.5,2136.5,1,1475.0,0.0,0.0,0.0,0.0,0.0,6
2023-05-09 21:06:52,OI311P9700,OI311P9700,1475.0,0.0,0.0,0.0,10,992.0,2136.5,1,1475.0,0.0,0.0,0.0,0.0,0.0,6
2023-05-09 21:06:57,OI311P9700,OI311P9700,1475.0,0.0,0.0,0.0,1,993.5,2136.5,1,1475.0,0.0,0.0,0.0,0.0,0.0,6
2023-05-09 21:06:58,OI311P9700,OI311P9700,1475.0,0.0,0.0,0.0,10,994.0,2136.5,1,1475.0,0.0,0.0,0.0,0.0,0.0,6
2023-05-09 21:07:00,OI311P9700,OI311P9700,1475.0,0.0,0.0,0.0,1,995.5,2136.5,1,1475.0,0.0,0.0,0.0,0.0,0.0,6
2023-05-09 21:07:01,OI311P9700,OI311P9700,1475.0,0.0,0.0,0.0,10,996.0,2136.5,1,1475.0,0.0,0.0,0.0,0.0,0.0,6
2023-05-09 21:07:01,OI311P9700,OI311P9700,1475.0,0.0,0.0,0.0,1,997.5,2136.5,1,1475.0,0.0,0.0,0.0,0.0,0.0,6
2023-05-09 21:07:01,OI311P9700,OI311P9700,1475.0,0.0,0.0,0.0,10,998.0,2136.5,1,1475.0,0.0,0.0,0.0,0.0,0.0,6
2023-05-09 21:07:02,OI311P9700,OI311P9700,1475.0,0.0,0.0,0.0,1,999.5,2136.5,1,1475.0,0.0,0.0,0.0,0.0,0.0,6
2023-05-09 21:07:03,OI311P9700,OI311P9700,1475.0,0.0,0.0,0.0,10,1000.0,2136.5,1,1475.0,0.0,0.0,0.0,0.0,0.0,6
2023-05-09 21:07:06,OI311P9700,OI311P9700,1475.0,0.0,0.0,0.0,1,1001.5,2136.5,1,1475.0,0.0,0.0,0.0,0.0,0.0,6
2023-05-09 21:07:07,OI311P9700,OI311P9700,1475.0,0.0,0.0,0.0,10,1002.0,2136.5,1,1475.0,0.0,0.0,0.0,0.0,0.0,6
2023-05-09 21:07:10,OI311P9700,OI311P9700,1475.0,0.0,0.0,0.0,1,1003.5,2136.5,1,1475.0,0.0,0.0,0.0,0.0,0.0,6
2023-05-09 21:07:11,OI311P9700,OI311P9700,1475.0,0.0,0.0,0.0,10,1004.0,2136.5,1,1475.0,0.0,0.0,0.0,0.0,0.0,6
2023-05-09 21:07:12,OI311P9700,OI311P9700,1475.0,0.0,0.0,0.0,1,1005.5,2136.5,1,1475.0,0.0,0.0,0.0,0.0,0.0,6
2023-05-09 21:07:13,OI311P9700,OI311P9700,1475.0,0.0,0.0,0.0,10,1006.0,2136.5,1,1475.0,0.0,0.0,0.0,0.0,0.0,6
2023-05-09 21:07:14,OI311P9700,OI311P9700,1475.0,0.0,0.0,0.0,1,1007.5,2136.5,1,1475.0,0.0,0.0,0.0,0.0,0.0,6
2023-05-09 21:07:14,OI311P9700,OI311P9700,1475.0,0.0,0.0,0.0,10,1008.0,2136.5,1,1475.0,0.0,0.0,0.0,0.0,0.0,6
2023-05-09 21:07:18,OI311P9700,OI311P9700,1475.0,0.0,0.0,0.0,1,1009.5,2136.5,1,1475.0,0.0,0.0,0.0,0.0,0.0,6
2023-05-09 21:07:18,OI311P9700,OI311P9700,1475.0,0.0,0.0,0.0,10,1010.0,2136.5,1,1475.0,0.0,0.0,0.0,0.0,0.0,6
2023-05-09 21:07:19,OI311P9700,OI311P9700,1475.0,0.0,0.0,0.0,1,1011.5,2136.5,1,1475.0,0.0,0.0,0.0,0.0,0.0,6
2023-05-09 21:07:19,OI311P9700,OI311P9700,1475.0,0.0,0.0,0.0,10,1012.0,2136.5,1,1475.0,0.0,0.0,0.0,0.0,0.0,6
2023-05-09 21:07:22,OI311P9700,OI311P9700,1475.0,0.0,0.0,0.0,1,1013.5,2136.5,1,1475.0,0.0,0.0,0.0,0.0,0.0,6
2023-05-09 21:07:23,OI311P9700,OI311P9700,1475.0,0.0,0.0,0.0,10,1014.0,2136.5,1,1475.0,0.0,0.0,0.0,0.0,0.0,6
2023-05-09 21:07:25,OI311P9700,OI311P9700,1475.0,0.0,0.0,0.0,1,1015.5,2136.5,1,1475.0,0.0,0.0,0.0,0.0,0.0,6
2023-05-09 21:07:26,OI311P9700,OI311P9700,1475.0,0.0,0.0,0.0,10,1016.0,2136.5,1,1475.0,0.0,0.0,0.0,0.0,0.0,6
2023-05-09 21:07:28,OI311P9700,OI311P9700,1475.0,0.0,0.0,0.0,1,1017.5,2136.5,1,1475.0,0.0,0.0,0.0,0.0,0.0,6
2023-05-09 21:07:29,OI311P9700,OI311P9700,1475.0,0.0,0.0,0.0,10,1018.0,2136.5,1,1475.0,0.0,0.0,0.0,0.0,0.0,6
2023-05-09 21:07:31,OI311P9700,OI311P9700,1475.0,0.0,0.0,0.0,1,1019.5,2136.5,1,1475.0,0.0,0.0,0.0,0.0,0.0,6
2023-05-09 21:07:31,OI311P9700,OI311P9700,1475.0,0.0,0.0,0.0,10,1020.0,2136.5,1,1475.0,0.0,0.0,0.0,0.0,0.0,6
2023-05-09 21:07:34,OI311P9700,OI311P9700,1475.0,0.0,0.0,0.0,1,1021.5,2136.5,1,1475.0,0.0,0.0,0.0,0.0,0.0,6
2023-05-09 21:07:35,OI311P9700,OI311P9700,1475.0,0.0,0.0,0.0,10,1022.0,2136.5,1,1475.0,0.0,0.0,0.0,0.0,0.0,6
2023-05-09 21:07:36,OI311P9700,OI311P9700,1475.0,0.0,0.0,0.0,1,1023.5,2136.5,1,1475.0,0.0,0.0,0.0,0.0,0.0,6
2023-05-09 21:07:37,OI311P9700,OI311P9700,1475.0,0.0,0.0,0.0,10,1024.0,2136.5,1,1475.0,0.0,0.0,0.0,0.0,0.0,6
2023-05-09 21:07:38,OI311P9700,OI311P9700,1475.0,0.0,0.0,0.0,1,1025.5,2136.5,1,1475.0,0.0,0.0,0.0,0.0,0.0,6
2023-05-09 21:07:38,OI311P9700,OI311P9700,1475.0,0.0,0.0,0.0,10,1026.0,2136.5,1,1475.0,0.0,0.0,0.0,0.0,0.0,6
2023-05-09 21:07:40,OI311P9700,OI311P9700,1475.0,0.0,0.0,0.0,1,1027.5,2136.5,1,1475.0,0.0,0.0,0.0,0.0,0.0,6
2023-05-09 21:07:40,OI311P9700,OI311P9700,1475.0,0.0,0.0,0.0,10,1028.0,2136.5,1,1475.0,0.0,0.0,0.0,0.0,0.0,6
2023-05-09 21:07:42,OI311P9700,OI311P9700,1475.0,0.0,0.0,0.0,1,1029.5,2136.5,1,1475.0,0.0,0.0,0.0,0.0,0.0,6
2023-05-09 21:07:42,OI311P9700,OI311P9700,1475.0,0.0,0.0,0.0,10,1030.0,2136.5,1,1475.0,0.0,0.0,0.0,0.0,0.0,6
2023-05-09 21:07:44,OI311P9700,OI311P9700,1475.0,0.0,0.0,0.0,1,1031.5,2136.5,1,1475.0,0.0,0.0,0.0,0.0,0.0,6
2023-05-09 21:07:44,OI311P9700,OI311P9700,1475.0,0.0,0.0,0.0,10,1032.0,2136.5,1,1475.0,0.0,0.0,0.0,0.0,0.0,6
2023-05-09 21:07:45,OI311P9700,OI311P9700,1475.0,0.0,0.0,0.0,1,1033.5,2136.5,1,1475.0,0.0,0.0,0.0,0.0,0.0,6
2023-05-09 21:07:45,OI311P9700,OI311P9700,1475.0,0.0,0.0,0.0,10,1034.0,2136.5,1,1475.0,0.0,0.0,0.0,0.0,0.0,6
2023-05-09 21:07:47,OI311P9700,OI311P9700,1475.0,0.0,0.0,0.0,1,1035.5,2136.5,1,1475.0,0.0,0.0,0.0,0.0,0.0,6
2023-05-09 21:07:47,OI311P9700,OI311P9700,1475.0,0.0,0.0,0.0,10,1036.0,2136.5,1,1475.0,0.0,0.0,0.0,0.0,0.0,6
2023-05-09 21:07:48,OI311P9700,OI311P9700,1475.0,0.0,0.0,0.0,1,1037.5,2136.5,1,1475.0,0.0,0.0,0.0,0.0,0.0,6
2023-05-09 21:07:48,OI311P9700,OI311P9700,1475.0,0.0,0.0,0.0,10,1038.0,2136.5,1,1475.0,0.0,0.0,0.0,0.0,0.0,6
2023-05-09 21:07:49,OI311P9700,OI311P9700,1475.0,0.0,0.0,0.0,1,1039.5,2136.5,1,1475.0,0.0,0.0,0.0,0.0,0.0,6
2023-05-09 21:07:49,OI311P9700,OI311P9700,1475.0,0.0,0.0,0.0,10,1040.0,2136.5,1,1475.0,0.0,0.0,0.0,0.0,0.0,6
2023-05-09 21:07:51,OI311P9700,OI311P9700,1475.0,0.0,0.0,0.0,1,1041.5,2136.5,1,1475.0,0.0,0.0,0.0,0.0,0.0,6
2023-05-09 21:07:51,OI311P9700,OI311P9700,1475.0,0.0,0.0,0.0,10,1042.0,2136.5,1,1475.0,0.0,0.0,0.0,0.0,0.0,6
2023-05-09 21:07:52,OI311P9700,OI311P9700,1475.0,0.0,0.0,0.0,1,1043.5,2136.5,1,1475.0,0.0,0.0,0.0,0.0,0.0,6
2023-05-09 21:07:52,OI311P9700,OI311P9700,1475.0,0.0,0.0,0.0,10,1044.0,2136.5,1,1475.0,0.0,0.0,0.0,0.0,0.0,6
2023-05-09 21:07:53,OI311P9700,OI311P9700,1475.0,0.0,0.0,0.0,1,1045.5,2136.5,1,1475.0,0.0,0.0,0.0,0.0,0.0,6
2023-05-09 21:07:53,OI311P9700,OI311P9700,1475.0,0.0,0.0,0.0,10,1046.0,2136.5,1,1475.0,0.0,0.0,0.0,0.0,0.0,6
2023-05-09 21:07:55,OI311P9700,OI311P9700,1475.0,0.0,0.0,0.0,1,1047.5,2136.5,1,1475.0,0.0,0.0,0.0,0.0,0.0,6
2023-05-09 21:07:55,OI311P9700,OI311P9700,1475.0,0.0,0.0,0.0,10,1048.0,2136.5,1,1475.0,0.0,0.0,0.0,0.0,0.0,6
2023-05-09 21:07:56,OI311P9700,OI311P9700,1475.0,0.0,0.0,0.0,1,1049.5,2136.5,1,1475.0,0.0,0.0,0.0,0.0,0.0,6
2023-05-09 21:07:56,OI311P9700,OI311P9700,1475.0,0.0,0.0,0.0,10,1050.0,2136.5,1,1475.0,0.0,0.0,0.0,0.0,0.0,6
2023-05-09 21:07:57,OI311P9700,OI311P9700,1475.0,0.0,0.0,0.0,1,1051.5,2136.5,1,1475.0,0.0,0.0,0.0,0.0,0.0,6
2023-05-09 21:07:57,OI311P9700,OI311P9700,1475.0,0.0,0.0,0.0,10,1052.0,2136.5,1,1475.0,0.0,0.0,0.0,0.0,0.0,6
2023-05-09 21:07:58,OI311P9700,OI311P9700,1475.0,0.0,0.0,0.0,1,1053.5,2136.5,1,1475.0,0.0,0.0,0.0,0.0,0.0,6
2023-05-09 21:07:58,OI311P9700,OI311P9700,1475.0,0.0,0.0,0.0,10,1054.0,2136.5,1,1475.0,0.0,0.0,0.0,0.0,0.0,6
2023-05-09 21:07:59,OI311P9700,OI311P9700,1475.0,0.0,0.0,0.0,1,1055.5,2136.5,1,1475.0,0.0,0.0,0.0,0.0,0.0,6
2023-05-09 21:07:59,OI311P9700,OI311P9700,1475.0,0.0,0.0,0.0,10,1056.0,2136.5,1,1475.0,0.0,0.0,0.0,0.0,0.0,6
2023-05-09 21:08:00,OI311P9700,OI311P9700,1475.0,0.0,0.0,0.0,1,1057.5,2136.5,1,1475.0,0.0,0.0,0.0,0.0,0.0,6
2023-05-09 21:08:00,OI311P9700,OI311P9700,1475.0,0.0,0.0,0.0,10,1058.0,2136.5,1,1475.0,0.0,0.0,0.0,0.0,0.0,6
2023-05-09 21:08:01,OI311P9700,OI311P9700,1475.0,0.0,0.0,0.0,1,1059.5,2136.5,1,1475.0,0.0,0.0,0.0,0.0,0.0,6
2023-05-09 21:08:03,OI311P9700,OI311P9700,1475.0,0.0,0.0,0.0,10,1060.0,2136.5,1,1475.0,0.0,0.0,0.0,0.0,0.0,6
2023-05-09 21:08:04,OI311P9700,OI311P9700,1475.0,0.0,0.0,0.0,1,1061.5,2136.5,1,1475.0,0.0,0.0,0.0,0.0,0.0,6
2023-05-09 21:08:04,OI311P9700,OI311P9700,1475.0,0.0,0.0,0.0,10,1062.0,2136.5,1,1475.0,0.0,0.0,0.0,0.0,0.0,6
2023-05-09 21:08:06,OI311P9700,OI311P9700,1475.0,0.0,0.0,0.0,1,1063.5,2136.5,1,1475.0,0.0,0.0,0.0,0.0,0.0,6
2023-05-09 21:08:06,OI311P9700,OI311P9700,1475.0,0.0,0.0,0.0,10,1064.0,2136.5,1,1475.0,0.0,0.0,0.0,0.0,0.0,6
2023-05-09 21:08:07,OI311P9700,OI311P9700,1475.0,0.0,0.0,0.0,1,1065.5,2136.5,1,1475.0,0.0,0.0,0.0,0.0,0.0,6
2023-05-09 21:08:08,OI311P9700,OI311P9700,1475.0,0.0,0.0,0.0,10,1066.0,2136.5,1,1475.0,0.0,0.0,0.0,0.0,0.0,6
2023-05-09 21:08:08,OI311P9700,OI311P9700,1475.0,0.0,0.0,0.0,1,1067.5,2136.5,1,1475.0,0.0,0.0,0.0,0.0,0.0,6
2023-05-09 21:08:08,OI311P9700,OI311P9700,1475.0,0.0,0.0,0.0,10,1068.0,2136.5,1,1475.0,0.0,0.0,0.0,0.0,0.0,6
2023-05-09 21:08:09,OI311P9700,OI311P9700,1475.0,0.0,0.0,0.0,1,1069.5,2136.5,1,1475.0,0.0,0.0,0.0,0.0,0.0,6
2023-05-09 21:08:09,OI311P9700,OI311P9700,1475.0,0.0,0.0,0.0,10,1070.0,2136.5,1,1475.0,0.0,0.0,0.0,0.0,0.0,6
2023-05-09 21:08:10,OI311P9700,OI311P9700,1475.0,0.0,0.0,0.0,1,1071.5,2136.5,1,1475.0,0.0,0.0,0.0,0.0,0.0,6
2023-05-09 21:08:10,OI311P9700,OI311P9700,1475.0,0.0,0.0,0.0,10,1072.0,2136.5,1,1475.0,0.0,0.0,0.0,0.0,0.0,6
2023-05-09 21:08:11,OI311P9700,OI311P9700,1475.0,0.0,0.0,0.0,1,1073.5,2136.5,1,1475.0,0.0,0.0,0.0,0.0,0.0,6
2023-05-09 21:08:12,OI311P9700,OI311P9700,1475.0,0.0,0.0,0.0,10,1074.0,2136.5,1,1475.0,0.0,0.0,0.0,0.0,0.0,6
2023-05-09 21:08:12,OI311P9700,OI311P9700,1475.0,0.0,0.0,0.0,1,1075.5,2136.5,1,1475.0,0.0,0.0,0.0,0.0,0.0,6
2023-05-09 21:08:12,OI311P9700,OI311P9700,1475.0,0.0,0.0,0.0,10,1076.0,2136.5,1,1475.0,0.0,0.0,0.0,0.0,0.0,6
2023-05-09 21:08:13,OI311P9700,OI311P9700,1475.0,0.0,0.0,0.0,1,1077.5,2136.5,1,1475.0,0.0,0.0,0.0,0.0,0.0,6
2023-05-09 21:08:13,OI311P9700,OI311P9700,1475.0,0.0,0.0,0.0,10,1078.0,2136.5,1,1475.0,0.0,0.0,0.0,0.0,0.0,6
2023-05-09 21:08:14,OI311P9700,OI311P9700,1475.0,0.0,0.0,0.0,1,1079.5,2136.5,1,1475.0,0.0,0.0,0.0,0.0,0.0,6
2023-05-09 21:08:14,OI311P9700,OI311P9700,1475.0,0.0,0.0,0.0,10,1080.0,2136.5,1,1475.0,0.0,0.0,0.0,0.0,0.0,6
2023-05-09 21:08:15,OI311P9700,OI311P9700,1475.0,0.0,0.0,0.0,1,1081.5,2136.5,1,1475.0,0.0,0.0,0.0,0.0,0.0,6
2023-05-09 21:08:15,OI311P9700,OI311P9700,1475.0,0.0,0.0,0.0,10,1082.0,2136.5,1,1475.0,0.0,0.0,0.0,0.0,0.0,6
2023-05-09 21:08:16,OI311P9700,OI311P9700,1475.0,0.0,0.0,0.0,1,1083.5,2136.5,1,1475.0,0.0,0.0,0.0,0.0,0.0,6
2023-05-09 21:08:16,OI311P9700,OI311P9700,1475.0,0.0,0.0,0.0,10,1084.0,2136.5,1,1475.0,0.0,0.0,0.0,0.0,0.0,6
2023-05-09 21:08:17,OI311P9700,OI311P9700,1475.0,0.0,0.0,0.0,1,1085.5,2136.5,1,1475.0,0.0,0.0,0.0,0.0,0.0,6
2023-05-09 21:08:17,OI311P9700,OI311P9700,1475.0,0.0,0.0,0.0,10,1086.0,2136.5,1,1475.0,0.0,0.0,0.0,0.0,0.0,6
2023-05-09 21:08:18,OI311P9700,OI311P9700,1475.0,0.0,0.0,0.0,1,1087.5,2136.5,1,1475.0,0.0,0.0,0.0,0.0,0.0,6
2023-05-09 21:08:18,OI311P9700,OI311P9700,1475.0,0.0,0.0,0.0,10,1088.0,2136.5,1,1475.0,0.0,0.0,0.0,0.0,0.0,6
2023-05-09 21:08:19,OI311P9700,OI311P9700,1475.0,0.0,0.0,0.0,1,1089.5,2136.5,1,1475.0,0.0,0.0,0.0,0.0,0.0,6
2023-05-09 21:08:19,OI311P9700,OI311P9700,1475.0,0.0,0.0,0.0,10,1090.0,2136.5,1,1475.0,0.0,0.0,0.0,0.0,0.0,6
2023-05-09 21:08:20,OI311P9700,OI311P9700,1475.0,0.0,0.0,0.0,1,1091.5,2136.5,1,1475.0,0.0,0.0,0.0,0.0,0.0,6
2023-05-09 21:08:20,OI311P9700,OI311P9700,1475.0,0.0,0.0,0.0,10,1092.0,2136.5,1,1475.0,0.0,0.0,0.0,0.0,0.0,6
2023-05-09 21:08:21,OI311P9700,OI311P9700,1475.0,0.0,0.0,0.0,1,1093.5,2136.5,1,1475.0,0.0,0.0,0.0,0.0,0.0,6
2023-05-09 21:08:21,OI311P9700,OI311P9700,1475.0,0.0,0.0,0.0,10,1094.0,2136.5,1,1475.0,0.0,0.0,0.0,0.0,0.0,6
2023-05-09 21:08:22,OI311P9700,OI311P9700,1475.0,0.0,0.0,0.0,1,1095.5,2136.5,1,1475.0,0.0,0.0,0.0,0.0,0.0,6
2023-05-09 21:08:22,OI311P9700,OI311P9700,1475.0,0.0,0.0,0.0,10,1096.0,2136.5,1,1475.0,0.0,0.0,0.0,0.0,0.0,6
2023-05-09 21:08:23,OI311P9700,OI311P9700,1475.0,0.0,0.0,0.0,1,1097.5,2136.5,1,1475.0,0.0,0.0,0.0,0.0,0.0,6
2023-05-09 21:08:23,OI311P9700,OI311P9700,1475.0,0.0,0.0,0.0,10,1098.0,2136.5,1,1475.0,0.0,0.0,0.0,0.0,0.0,6
2023-05-09 21:08:24,OI311P9700,OI311P9700,1475.0,0.0,0.0,0.0,1,1099.5,2136.5,1,1475.0,0.0,0.0,0.0,0.0,0.0,6
2023-05-09 21:08:24,OI311P9700,OI311P9700,1475.0,0.0,0.0,0.0,10,1100.0,2136.5,1,1475.0,0.0,0.0,0.0,0.0,0.0,6
2023-05-09 21:08:25,OI311P9700,OI311P9700,1475.0,0.0,0.0,0.0,1,1101.5,2136.5,1,1475.0,0.0,0.0,0.0,0.0,0.0,6
2023-05-09 21:08:25,OI311P9700,OI311P9700,1475.0,0.0,0.0,0.0,10,1102.0,2136.5,1,1475.0,0.0,0.0,0.0,0.0,0.0,6
2023-05-09 21:08:26,OI311P9700,OI311P9700,1475.0,0.0,0.0,0.0,1,1103.5,2136.5,1,1475.0,0.0,0.0,0.0,0.0,0.0,6
2023-05-09 21:08:26,OI311P9700,OI311P9700,1475.0,0.0,0.0,0.0,10,1104.0,2136.5,1,1475.0,0.0,0.0,0.0,0.0,0.0,6
2023-05-09 21:08:27,OI311P9700,OI311P9700,1475.0,0.0,0.0,0.0,1,1105.5,2136.5,1,1475.0,0.0,0.0,0.0,0.0,0.0,6
2023-05-09 21:08:27,OI311P9700,OI311P9700,1475.0,0.0,0.0,0.0,10,1106.0,2136.5,1,1475.0,0.0,0.0,0.0,0.0,0.0,6
2023-05-09 21:08:28,OI311P9700,OI311P9700,1475.0,0.0,0.0,0.0,1,1107.5,2136.5,1,1475.0,0.0,0.0,0.0,0.0,0.0,6
2023-05-09 21:08:28,OI311P9700,OI311P9700,1475.0,0.0,0.0,0.0,10,1108.0,2136.5,1,1475.0,0.0,0.0,0.0,0.0,0.0,6
2023-05-09 21:08:29,OI311P9700,OI311P9700,1475.0,0.0,0.0,0.0,1,1109.5,2136.5,1,1475.0,0.0,0.0,0.0,0.0,0.0,6
2023-05-09 21:08:29,OI311P9700,OI311P9700,1475.0,0.0,0.0,0.0,10,1110.0,2136.5,1,1475.0,0.0,0.0,0.0,0.0,0.0,6
2023-05-09 21:08:30,OI311P9700,OI311P9700,1475.0,0.0,0.0,0.0,1,1111.5,2136.5,1,1475.0,0.0,0.0,0.0,0.0,0.0,6
2023-05-09 21:08:30,OI311P9700,OI311P9700,1475.0,0.0,0.0,0.0,10,1112.0,2136.5,1,1475.0,0.0,0.0,0.0,0.0,0.0,6
2023-05-09 21:08:31,OI311P9700,OI311P9700,1475.0,0.0,0.0,0.0,1,1113.5,2136.5,1,1475.0,0.0,0.0,0.0,0.0,0.0,6
2023-05-09 21:08:31,OI311P9700,OI311P9700,1475.0,0.0,0.0,0.0,10,1114.0,2136.5,1,1475.0,0.0,0.0,0.0,0.0,0.0,6
2023-05-09 21:08:32,OI311P9700,OI311P9700,1475.0,0.0,0.0,0.0,1,1115.5,2136.5,1,1475.0,0.0,0.0,0.0,0.0,0.0,6
2023-05-09 21:08:32,OI311P9700,OI311P9700,1475.0,0.0,0.0,0.0,10,1116.0,2136.5,1,1475.0,0.0,0.0,0.0,0.0,0.0,6
2023-05-09 21:08:33,OI311P9700,OI311P9700,1475.0,0.0,0.0,0.0,1,1117.5,2136.5,1,1475.0,0.0,0.0,0.0,0.0,0.0,6
2023-05-09 21:08:33,OI311P9700,OI311P9700,1475.0,0.0,0.0,0.0,10,1118.0,2136.5,1,1475.0,0.0,0.0,0.0,0.0,0.0,6
2023-05-09 21:08:34,OI311P9700,OI311P9700,1475.0,0.0,0.0,0.0,1,1119.5,2136.5,1,1475.0,0.0,0.0,0.0,0.0,0.0,6
2023-05-09 21:08:34,OI311P9700,OI311P9700,1475.0,0.0,0.0,0.0,10,1120.0,2136.5,1,1475.0,0.0,0.0,0.0,0.0,0.0,6
2023-05-09 21:08:35,OI311P9700,OI311P9700,1475.0,0.0,0.0,0.0,1,1121.5,2136.5,1,1475.0,0.0,0.0,0.0,0.0,0.0,6
2023-05-09 21:08:35,OI311P9700,OI311P9700,1475.0,0.0,0.0,0.0,10,1122.0,2136.5,1,1475.0,0.0,0.0,0.0,0.0,0.0,6
2023-05-09 21:08:36,OI311P9700,OI311P9700,1475.0,0.0,0.0,0.0,1,1123.5,2136.5,1,1475.0,0.0,0.0,0.0,0.0,0.0,6
2023-05-09 21:08:36,OI311P9700,OI311P9700,1475.0,0.0,0.0,0.0,10,1124.0,2136.5,1,1475.0,0.0,0.0,0.0,0.0,0.0,6
2023-05-09 21:08:37,OI311P9700,OI311P9700,1475.0,0.0,0.0,0.0,10,1126.0,2136.5,1,1475.0,0.0,0.0,0.0,0.0,0.0,6
2023-05-09 21:08:39,OI311P9700,OI311P9700,1475.0,0.0,0.0,0.0,1,1127.5,2136.5,1,1475.0,0.0,0.0,0.0,0.0,0.0,6
2023-05-09 21:08:39,OI311P9700,OI311P9700,1475.0,0.0,0.0,0.0,10,1128.0,2136.5,1,1475.0,0.0,0.0,0.0,0.0,0.0,6
2023-05-09 21:08:39,OI311P9700,OI311P9700,1475.0,0.0,0.0,0.0,1,1129.5,2136.5,1,1475.0,0.0,0.0,0.0,0.0,0.0,6
2023-05-09 21:08:40,OI311P9700,OI311P9700,1475.0,0.0,0.0,0.0,10,1130.0,2136.5,1,1475.0,0.0,0.0,0.0,0.0,0.0,6
2023-05-09 21:08:41,OI311P9700,OI311P9700,1475.0,0.0,0.0,0.0,1,1131.5,2136.5,1,1475.0,0.0,0.0,0.0,0.0,0.0,6
2023-05-09 21:08:41,OI311P9700,OI311P9700,1475.0,0.0,0.0,0.0,10,1132.0,2136.5,1,1475.0,0.0,0.0,0.0,0.0,0.0,6
2023-05-09 21:08:41,OI311P9700,OI311P9700,1475.0,0.0,0.0,0.0,1,1133.5,2136.5,1,1475.0,0.0,0.0,0.0,0.0,0.0,6
2023-05-09 21:09:03,OI311P9700,OI311P9700,1475.0,0.0,0.0,0.0,10,1134.0,2136.5,1,1475.0,0.0,0.0,0.0,0.0,0.0,6
2023-05-09 21:09:03,OI311P9700,OI311P9700,1475.0,0.0,0.0,0.0,1,1135.5,2136.5,1,1475.0,0.0,0.0,0.0,0.0,0.0,6
2023-05-09 21:09:04,OI311P9700,OI311P9700,1475.0,0.0,0.0,0.0,10,1136.0,2136.5,1,1475.0,0.0,0.0,0.0,0.0,0.0,6
2023-05-09 21:09:04,OI311P9700,OI311P9700,1475.0,0.0,0.0,0.0,1,1137.5,2136.5,1,1475.0,0.0,0.0,0.0,0.0,0.0,6
2023-05-09 21:09:05,OI311P9700,OI311P9700,1475.0,0.0,0.0,0.0,10,1138.0,2136.5,1,1475.0,0.0,0.0,0.0,0.0,0.0,6
2023-05-09 21:09:05,OI311P9700,OI311P9700,1475.0,0.0,0.0,0.0,1,1139.5,2136.5,1,1475.0,0.0,0.0,0.0,0.0,0.0,6
2023-05-09 21:09:06,OI311P9700,OI311P9700,1475.0,0.0,0.0,0.0,10,1140.0,2136.5,1,1475.0,0.0,0.0,0.0,0.0,0.0,6
2023-05-09 21:09:06,OI311P9700,OI311P9700,1475.0,0.0,0.0,0.0,1,1141.5,2136.5,1,1475.0,0.0,0.0,0.0,0.0,0.0,6
2023-05-09 21:09:07,OI311P9700,OI311P9700,1475.0,0.0,0.0,0.0,10,1142.0,2136.5,1,1475.0,0.0,0.0,0.0,0.0,0.0,6
2023-05-09 21:09:07,OI311P9700,OI311P9700,1475.0,0.0,0.0,0.0,1,1143.5,2136.5,1,1475.0,0.0,0.0,0.0,0.0,0.0,6
2023-05-09 21:09:08,OI311P9700,OI311P9700,1475.0,0.0,0.0,0.0,10,1144.0,2136.5,1,1475.0,0.0,0.0,0.0,0.0,0.0,6
2023-05-09 21:09:08,OI311P9700,OI311P9700,1475.0,0.0,0.0,0.0,1,1145.5,2136.5,1,1475.0,0.0,0.0,0.0,0.0,0.0,6
2023-05-09 21:09:09,OI311P9700,OI311P9700,1475.0,0.0,0.0,0.0,10,1146.0,2136.5,1,1475.0,0.0,0.0,0.0,0.0,0.0,6
2023-05-09 21:09:09,OI311P9700,OI311P9700,1475.0,0.0,0.0,0.0,1,1147.5,2136.5,1,1475.0,0.0,0.0,0.0,0.0,0.0,6
2023-05-09 21:09:10,OI311P9700,OI311P9700,1475.0,0.0,0.0,0.0,10,1148.0,2136.5,1,1475.0,0.0,0.0,0.0,0.0,0.0,6
2023-05-09 21:09:10,OI311P9700,OI311P9700,1475.0,0.0,0.0,0.0,1,1149.5,2136.5,1,1475.0,0.0,0.0,0.0,0.0,0.0,6
2023-05-09 21:09:11,OI311P9700,OI311P9700,1475.0,0.0,0.0,0.0,10,1150.0,2136.5,1,1475.0,0.0,0.0,0.0,0.0,0.0,6
2023-05-09 21:09:11,OI311P9700,OI311P9700,1475.0,0.0,0.0,0.0,1,1151.5,2136.5,1,1475.0,0.0,0.0,0.0,0.0,0.0,6
2023-05-09 21:09:12,OI311P9700,OI311P9700,1475.0,0.0,0.0,0.0,10,1152.0,2136.5,1,1475.0,0.0,0.0,0.0,0.0,0.0,6
2023-05-09 21:09:12,OI311P9700,OI311P9700,1475.0,0.0,0.0,0.0,1,1153.5,2136.5,1,1475.0,0.0,0.0,0.0,0.0,0.0,6
2023-05-09 21:09:13,OI311P9700,OI311P9700,1475.0,0.0,0.0,0.0,10,1154.0,2136.5,1,1475.0,0.0,0.0,0.0,0.0,0.0,6
2023-05-09 21:09:13,OI311P9700,OI311P9700,1475.0,0.0,0.0,0.0,1,1155.5,2136.5,1,1475.0,0.0,0.0,0.0,0.0,0.0,6
2023-05-09 21:09:14,OI311P9700,OI311P9700,1475.0,0.0,0.0,0.0,10,1156.0,2136.5,1,1475.0,0.0,0.0,0.0,0.0,0.0,6
2023-05-09 21:23:37,OI311P9700,OI311P9700,1475.0,0.0,0.0,0.0,1,1157.5,2136.5,1,1475.0,0.0,0.0,0.0,0.0,0.0,6
2023-05-09 21:23:37,OI311P9700,OI311P9700,1475.0,0.0,0.0,0.0,10,1158.0,2136.5,1,1475.0,0.0,0.0,0.0,0.0,0.0,6
2023-05-09 21:23:38,OI311P9700,OI311P9700,1475.0,0.0,0.0,0.0,1,1159.5,2136.5,1,1475.0,0.0,0.0,0.0,0.0,0.0,6
2023-05-09 21:23:45,OI311P9700,OI311P9700,1475.0,0.0,0.0,0.0,10,1160.0,2136.5,1,1475.0,0.0,0.0,0.0,0.0,0.0,6
2023-05-09 21:23:46,OI311P9700,OI311P9700,1475.0,0.0,0.0,0.0,1,1161.5,2136.5,1,1475.0,0.0,0.0,0.0,0.0,0.0,6
2023-05-09 21:23:46,OI311P9700,OI311P9700,1475.0,0.0,0.0,0.0,10,1162.0,2136.5,1,1475.0,0.0,0.0,0.0,0.0,0.0,6
2023-05-09 21:23:47,OI311P9700,OI311P9700,1475.0,0.0,0.0,0.0,1,1163.5,2136.5,1,1475.0,0.0,0.0,0.0,0.0,0.0,6
2023-05-09 21:24:03,OI311P9700,OI311P9700,1475.0,0.0,0.0,0.0,10,1164.0,2136.5,1,1475.0,0.0,0.0,0.0,0.0,0.0,6
2023-05-09 21:24:04,OI311P9700,OI311P9700,1475.0,0.0,0.0,0.0,1,1165.5,2136.5,1,1475.0,0.0,0.0,0.0,0.0,0.0,6
2023-05-09 21:24:24,OI311P9700,OI311P9700,1475.0,0.0,0.0,0.0,10,1166.0,2136.5,1,1475.0,0.0,0.0,0.0,0.0,0.0,6
2023-05-09 21:24:24,OI311P9700,OI311P9700,1475.0,0.0,0.0,0.0,1,1167.5,2136.5,1,1475.0,0.0,0.0,0.0,0.0,0.0,6
2023-05-09 21:24:24,OI311P9700,OI311P9700,1475.0,0.0,0.0,0.0,10,1168.0,2136.5,1,1475.0,0.0,0.0,0.0,0.0,0.0,6
2023-05-09 21:24:25,OI311P9700,OI311P9700,1475.0,0.0,0.0,0.0,1,1169.5,2136.5,1,1475.0,0.0,0.0,0.0,0.0,0.0,6
2023-05-09 21:24:25,OI311P9700,OI311P9700,1475.0,0.0,0.0,0.0,10,1170.0,2136.5,1,1475.0,0.0,0.0,0.0,0.0,0.0,6
2023-05-09 21:24:26,OI311P9700,OI311P9700,1475.0,0.0,0.0,0.0,1,1171.5,2136.5,1,1475.0,0.0,0.0,0.0,0.0,0.0,6
2023-05-09 21:24:26,OI311P9700,OI311P9700,1475.0,0.0,0.0,0.0,10,1172.0,2136.5,1,1475.0,0.0,0.0,0.0,0.0,0.0,6
2023-05-09 21:24:27,OI311P9700,OI311P9700,1475.0,0.0,0.0,0.0,1,1173.5,2136.5,1,1475.0,0.0,0.0,0.0,0.0,0.0,6
2023-05-09 21:24:27,OI311P9700,OI311P9700,1475.0,0.0,0.0,0.0,10,1174.0,2136.5,1,1475.0,0.0,0.0,0.0,0.0,0.0,6
2023-05-09 21:24:28,OI311P9700,OI311P9700,1475.0,0.0,0.0,0.0,1,1175.5,2136.5,1,1475.0,0.0,0.0,0.0,0.0,0.0,6
2023-05-09 21:24:28,OI311P9700,OI311P9700,1475.0,0.0,0.0,0.0,10,1176.0,2136.5,1,1475.0,0.0,0.0,0.0,0.0,0.0,6
2023-05-09 21:43:37,OI311P9700,OI311P9700,1475.0,0.0,0.0,0.0,1,1177.5,2136.5,1,1475.0,0.0,0.0,0.0,0.0,0.0,6
2023-05-09 21:43:37,OI311P9700,OI311P9700,1475.0,0.0,0.0,0.0,10,1178.0,2136.5,1,1475.0,0.0,0.0,0.0,0.0,0.0,6
2023-05-09 21:43:38,OI311P9700,OI311P9700,1475.0,0.0,0.0,0.0,1,1179.5,2136.5,1,1475.0,0.0,0.0,0.0,0.0,0.0,6
2023-05-09 21:43:38,OI311P9700,OI311P9700,1475.0,0.0,0.0,0.0,10,1180.0,2136.5,1,1475.0,0.0,0.0,0.0,0.0,0.0,6
2023-05-09 21:43:39,OI311P9700,OI311P9700,1475.0,0.0,0.0,0.0,1,1181.5,2136.5,1,1475.0,0.0,0.0,0.0,0.0,0.0,6
2023-05-09 21:43:39,OI311P9700,OI311P9700,1475.0,0.0,0.0,0.0,10,1182.0,2136.5,1,1475.0,0.0,0.0,0.0,0.0,0.0,6
2023-05-09 21:43:40,OI311P9700,OI311P9700,1475.0,0.0,0.0,0.0,1,1183.5,2136.5,1,1475.0,0.0,0.0,0.0,0.0,0.0,6
2023-05-09 21:43:40,OI311P9700,OI311P9700,1475.0,0.0,0.0,0.0,10,1184.0,2136.5,1,1475.0,0.0,0.0,0.0,0.0,0.0,6
2023-05-09 21:43:41,OI311P9700,OI311P9700,1475.0,0.0,0.0,0.0,1,1185.5,2136.5,1,1475.0,0.0,0.0,0.0,0.0,0.0,6
2023-05-09 21:43:41,OI311P9700,OI311P9700,1475.0,0.0,0.0,0.0,10,1186.0,2136.5,1,1475.0,0.0,0.0,0.0,0.0,0.0,6
2023-05-09 21:43:42,OI311P9700,OI311P9700,1475.0,0.0,0.0,0.0,1,1187.5,2136.5,1,1475.0,0.0,0.0,0.0,0.0,0.0,6
2023-05-09 21:43:42,OI311P9700,OI311P9700,1475.0,0.0,0.0,0.0,10,1188.0,2136.5,1,1475.0,0.0,0.0,0.0,0.0,0.0,6
2023-05-09 21:43:43,OI311P9700,OI311P9700,1475.0,0.0,0.0,0.0,1,1189.5,2136.5,1,1475.0,0.0,0.0,0.0,0.0,0.0,6
2023-05-09 21:44:31,OI311P9700,OI311P9700,1475.0,0.0,0.0,0.0,10,1190.0,2136.5,1,1475.0,0.0,0.0,0.0,0.0,0.0,6
2023-05-09 21:44:31,OI311P9700,OI311P9700,1475.0,0.0,0.0,0.0,1,1191.5,2136.5,1,1475.0,0.0,0.0,0.0,0.0,0.0,6
2023-05-09 21:44:32,OI311P9700,OI311P9700,1475.0,0.0,0.0,0.0,10,1192.0,2136.5,1,1475.0,0.0,0.0,0.0,0.0,0.0,6
2023-05-09 21:44:32,OI311P9700,OI311P9700,1475.0,0.0,0.0,0.0,1,1193.5,2136.5,1,1475.0,0.0,0.0,0.0,0.0,0.0,6
2023-05-09 21:44:33,OI311P9700,OI311P9700,1475.0,0.0,0.0,0.0,10,1194.0,2136.5,1,1475.0,0.0,0.0,0.0,0.0,0.0,6
2023-05-09 21:44:33,OI311P9700,OI311P9700,1475.0,0.0,0.0,0.0,1,1195.5,2136.5,1,1475.0,0.0,0.0,0.0,0.0,0.0,6
2023-05-09 21:44:34,OI311P9700,OI311P9700,1475.0,0.0,0.0,0.0,10,1196.0,2136.5,1,1475.0,0.0,0.0,0.0,0.0,0.0,6
2023-05-09 22:03:37,OI311P9700,OI311P9700,1475.0,0.0,0.0,0.0,1,1197.5,2136.5,1,1475.0,0.0,0.0,0.0,0.0,0.0,6
2023-05-09 22:03:37,OI311P9700,OI311P9700,1475.0,0.0,0.0,0.0,10,1198.0,2136.5,1,1475.0,0.0,0.0,0.0,0.0,0.0,6
2023-05-09 22:03:38,OI311P9700,OI311P9700,1475.0,0.0,0.0,0.0,1,1199.5,2136.5,1,1475.0,0.0,0.0,0.0,0.0,0.0,6
2023-05-09 22:03:38,OI311P9700,OI311P9700,1475.0,0.0,0.0,0.0,10,1200.0,2136.5,1,1475.0,0.0,0.0,0.0,0.0,0.0,6
2023-05-09 22:03:39,OI311P9700,OI311P9700,1475.0,0.0,0.0,0.0,1,1201.5,2136.5,1,1475.0,0.0,0.0,0.0,0.0,0.0,6
2023-05-09 22:03:39,OI311P9700,OI311P9700,1475.0,0.0,0.0,0.0,10,1202.0,2136.5,1,1475.0,0.0,0.0,0.0,0.0,0.0,6
2023-05-09 22:03:40,OI311P9700,OI311P9700,1475.0,0.0,0.0,0.0,1,1203.5,2136.5,1,1475.0,0.0,0.0,0.0,0.0,0.0,6
2023-05-09 22:03:40,OI311P9700,OI311P9700,1475.0,0.0,0.0,0.0,10,1204.0,2136.5,1,1475.0,0.0,0.0,0.0,0.0,0.0,6
2023-05-09 22:03:41,OI311P9700,OI311P9700,1475.0,0.0,0.0,0.0,1,1205.5,2136.5,1,1475.0,0.0,0.0,0.0,0.0,0.0,6
2023-05-09 22:03:41,OI311P9700,OI311P9700,1475.0,0.0,0.0,0.0,10,1206.0,2136.5,1,1475.0,0.0,0.0,0.0,0.0,0.0,6
2023-05-09 22:03:42,OI311P9700,OI311P9700,1475.0,0.0,0.0,0.0,1,1207.5,2136.5,1,1475.0,0.0,0.0,0.0,0.0,0.0,6
2023-05-09 22:03:42,OI311P9700,OI311P9700,1475.0,0.0,0.0,0.0,10,1208.0,2136.5,1,1475.0,0.0,0.0,0.0,0.0,0.0,6
2023-05-09 22:03:43,OI311P9700,OI311P9700,1475.0,0.0,0.0,0.0,1,1209.5,2136.5,1,1475.0,0.0,0.0,0.0,0.0,0.0,6
2023-05-09 22:03:43,OI311P9700,OI311P9700,1475.0,0.0,0.0,0.0,10,1210.0,2136.5,1,1475.0,0.0,0.0,0.0,0.0,0.0,6
2023-05-09 22:03:44,OI311P9700,OI311P9700,1475.0,0.0,0.0,0.0,1,1211.5,2136.5,1,1475.0,0.0,0.0,0.0,0.0,0.0,6
2023-05-09 22:03:44,OI311P9700,OI311P9700,1475.0,0.0,0.0,0.0,10,1212.0,2136.5,1,1475.0,0.0,0.0,0.0,0.0,0.0,6
2023-05-09 22:03:45,OI311P9700,OI311P9700,1475.0,0.0,0.0,0.0,1,1213.5,2136.5,1,1475.0,0.0,0.0,0.0,0.0,0.0,6
2023-05-09 22:03:45,OI311P9700,OI311P9700,1475.0,0.0,0.0,0.0,10,1214.0,2136.5,1,1475.0,0.0,0.0,0.0,0.0,0.0,6
2023-05-09 22:03:46,OI311P9700,OI311P9700,1475.0,0.0,0.0,0.0,1,1215.5,2136.5,1,1475.0,0.0,0.0,0.0,0.0,0.0,6
2023-05-09 22:03:46,OI311P9700,OI311P9700,1475.0,0.0,0.0,0.0,10,1216.0,2136.5,1,1475.0,0.0,0.0,0.0,0.0,0.0,6
2023-05-09 22:23:37,OI311P9700,OI311P9700,1475.0,0.0,0.0,0.0,1,1217.5,2136.5,1,1475.0,0.0,0.0,0.0,0.0,0.0,6
2023-05-09 22:23:37,OI311P9700,OI311P9700,1475.0,0.0,0.0,0.0,10,1218.0,2136.5,1,1475.0,0.0,0.0,0.0,0.0,0.0,6
2023-05-09 22:23:38,OI311P9700,OI311P9700,1475.0,0.0,0.0,0.0,1,1219.5,2136.5,1,1475.0,0.0,0.0,0.0,0.0,0.0,6
2023-05-09 22:23:38,OI311P9700,OI311P9700,1475.0,0.0,0.0,0.0,10,1220.0,2136.5,1,1475.0,0.0,0.0,0.0,0.0,0.0,6
2023-05-09 22:23:39,OI311P9700,OI311P9700,1475.0,0.0,0.0,0.0,1,1221.5,2136.5,1,1475.0,0.0,0.0,0.0,0.0,0.0,6
2023-05-09 22:23:39,OI311P9700,OI311P9700,1475.0,0.0,0.0,0.0,10,1222.0,2136.5,1,1475.0,0.0,0.0,0.0,0.0,0.0,6
2023-05-09 22:23:40,OI311P9700,OI311P9700,1475.0,0.0,0.0,0.0,1,1223.5,2136.5,1,1475.0,0.0,0.0,0.0,0.0,0.0,6
2023-05-09 22:23:40,OI311P9700,OI311P9700,1475.0,0.0,0.0,0.0,10,1224.0,2136.5,1,1475.0,0.0,0.0,0.0,0.0,0.0,6
2023-05-09 22:23:41,OI311P9700,OI311P9700,1475.0,0.0,0.0,0.0,1,1225.5,2136.5,1,1475.0,0.0,0.0,0.0,0.0,0.0,6
2023-05-09 22:23:41,OI311P9700,OI311P9700,1475.0,0.0,0.0,0.0,10,1226.0,2136.5,1,1475.0,0.0,0.0,0.0,0.0,0.0,6
2023-05-09 22:23:42,OI311P9700,OI311P9700,1475.0,0.0,0.0,0.0,1,1227.5,2136.5,1,1475.0,0.0,0.0,0.0,0.0,0.0,6
2023-05-09 22:23:52,OI311P9700,OI311P9700,1475.0,0.0,0.0,0.0,10,1228.0,2136.5,1,1475.0,0.0,0.0,0.0,0.0,0.0,6
2023-05-09 22:23:52,OI311P9700,OI311P9700,1475.0,0.0,0.0,0.0,1,1229.5,2136.5,1,1475.0,0.0,0.0,0.0,0.0,0.0,6
2023-05-09 22:23:53,OI311P9700,OI311P9700,1475.0,0.0,0.0,0.0,10,1230.0,2136.5,1,1475.0,0.0,0.0,0.0,0.0,0.0,6
2023-05-09 22:23:53,OI311P9700,OI311P9700,1475.0,0.0,0.0,0.0,1,1231.5,2136.5,1,1475.0,0.0,0.0,0.0,0.0,0.0,6
2023-05-09 22:23:54,OI311P9700,OI311P9700,1475.0,0.0,0.0,0.0,10,1232.0,2136.5,1,1475.0,0.0,0.0,0.0,0.0,0.0,6
2023-05-09 22:23:54,OI311P9700,OI311P9700,1475.0,0.0,0.0,0.0,1,1233.5,2136.5,1,1475.0,0.0,0.0,0.0,0.0,0.0,6
2023-05-09 22:23:55,OI311P9700,OI311P9700,1475.0,0.0,0.0,0.0,10,1234.0,2136.5,1,1475.0,0.0,0.0,0.0,0.0,0.0,6
2023-05-09 22:23:55,OI311P9700,OI311P9700,1475.0,0.0,0.0,0.0,1,1235.5,2136.5,1,1475.0,0.0,0.0,0.0,0.0,0.0,6
2023-05-09 22:23:56,OI311P9700,OI311P9700,1475.0,0.0,0.0,0.0,10,1236.0,2136.5,1,1475.0,0.0,0.0,0.0,0.0,0.0,6
2023-05-09 22:57:33,OI311P9700,OI311P9700,1475.0,0.0,0.0,0.0,0,0.0,2136.5,1,1475.0,0.0,0.0,0.0,0.0,0.0,6
2023-05-09 22:59:54,OI311P9700,OI311P9700,1475.0,0.0,0.0,0.0,0,0.0,0.0,0,1475.0,0.0,0.0,0.0,0.0,0.0,6
2023-05-10 09:02:07,OI311P9700,OI311P9700,1475.0,0.0,0.0,0.0,10,814.0,2136.5,1,1475.0,0.0,0.0,0.0,0.0,0.0,6
2023-05-10 09:02:11,OI311P9700,OI311P9700,1475.0,0.0,0.0,0.0,1,815.5,2136.5,1,1475.0,0.0,0.0,0.0,0.0,0.0,6
2023-05-10 09:02:12,OI311P9700,OI311P9700,1475.0,0.0,0.0,0.0,10,816.0,2136.5,1,1475.0,0.0,0.0,0.0,0.0,0.0,6
2023-05-10 09:02:13,OI311P9700,OI311P9700,1475.0,0.0,0.0,0.0,1,817.5,2136.5,1,1475.0,0.0,0.0,0.0,0.0,0.0,6
2023-05-10 09:02:14,OI311P9700,OI311P9700,1475.0,0.0,0.0,0.0,10,818.0,2136.5,1,1475.0,0.0,0.0,0.0,0.0,0.0,6
2023-05-10 09:02:14,OI311P9700,OI311P9700,1475.0,0.0,0.0,0.0,1,819.5,2136.5,1,1475.0,0.0,0.0,0.0,0.0,0.0,6
2023-05-10 09:02:15,OI311P9700,OI311P9700,1475.0,0.0,0.0,0.0,10,820.0,2136.5,1,1475.0,0.0,0.0,0.0,0.0,0.0,6
2023-05-10 09:02:16,OI311P9700,OI311P9700,1475.0,0.0,0.0,0.0,1,821.5,2136.5,1,1475.0,0.0,0.0,0.0,0.0,0.0,6
2023-05-10 09:02:17,OI311P9700,OI311P9700,1475.0,0.0,0.0,0.0,10,822.0,2136.5,1,1475.0,0.0,0.0,0.0,0.0,0.0,6
2023-05-10 09:02:17,OI311P9700,OI311P9700,1475.0,0.0,0.0,0.0,1,823.5,2136.5,1,1475.0,0.0,0.0,0.0,0.0,0.0,6
2023-05-10 09:02:18,OI311P9700,OI311P9700,1475.0,0.0,0.0,0.0,10,824.0,2136.5,1,1475.0,0.0,0.0,0.0,0.0,0.0,6
2023-05-10 09:02:19,OI311P9700,OI311P9700,1475.0,0.0,0.0,0.0,1,825.5,2136.5,1,1475.0,0.0,0.0,0.0,0.0,0.0,6
2023-05-10 09:02:20,OI311P9700,OI311P9700,1475.0,0.0,0.0,0.0,10,826.0,2136.5,1,1475.0,0.0,0.0,0.0,0.0,0.0,6
2023-05-10 09:02:20,OI311P9700,OI311P9700,1475.0,0.0,0.0,0.0,1,827.5,2136.5,1,1475.0,0.0,0.0,0.0,0.0,0.0,6
2023-05-10 09:02:21,OI311P9700,OI311P9700,1475.0,0.0,0.0,0.0,10,828.0,2136.5,1,1475.0,0.0,0.0,0.0,0.0,0.0,6
2023-05-10 09:02:22,OI311P9700,OI311P9700,1475.0,0.0,0.0,0.0,1,829.5,2136.5,1,1475.0,0.0,0.0,0.0,0.0,0.0,6
2023-05-10 09:02:23,OI311P9700,OI311P9700,1475.0,0.0,0.0,0.0,10,830.0,2136.5,1,1475.0,0.0,0.0,0.0,0.0,0.0,6
2023-05-10 09:02:24,OI311P9700,OI311P9700,1475.0,0.0,0.0,0.0,1,831.5,2136.5,1,1475.0,0.0,0.0,0.0,0.0,0.0,6
2023-05-10 09:02:25,OI311P9700,OI311P9700,1475.0,0.0,0.0,0.0,10,832.0,2136.5,1,1475.0,0.0,0.0,0.0,0.0,0.0,6
2023-05-10 09:02:27,OI311P9700,OI311P9700,1475.0,0.0,0.0,0.0,1,833.5,2136.5,1,1475.0,0.0,0.0,0.0,0.0,0.0,6
2023-05-10 09:02:28,OI311P9700,OI311P9700,1475.0,0.0,0.0,0.0,10,834.0,2136.5,1,1475.0,0.0,0.0,0.0,0.0,0.0,6
2023-05-10 09:02:29,OI311P9700,OI311P9700,1475.0,0.0,0.0,0.0,1,835.5,2136.5,1,1475.0,0.0,0.0,0.0,0.0,0.0,6
2023-05-10 09:02:30,OI311P9700,OI311P9700,1475.0,0.0,0.0,0.0,10,836.0,2136.5,1,1475.0,0.0,0.0,0.0,0.0,0.0,6
2023-05-10 09:02:30,OI311P9700,OI311P9700,1475.0,0.0,0.0,0.0,1,837.5,2136.5,1,1475.0,0.0,0.0,0.0,0.0,0.0,6
2023-05-10 09:02:31,OI311P9700,OI311P9700,1475.0,0.0,0.0,0.0,10,838.0,2136.5,1,1475.0,0.0,0.0,0.0,0.0,0.0,6
2023-05-10 09:02:32,OI311P9700,OI311P9700,1475.0,0.0,0.0,0.0,1,839.5,2136.5,1,1475.0,0.0,0.0,0.0,0.0,0.0,6
2023-05-10 09:02:33,OI311P9700,OI311P9700,1475.0,0.0,0.0,0.0,10,840.0,2136.5,1,1475.0,0.0,0.0,0.0,0.0,0.0,6
2023-05-10 09:02:33,OI311P9700,OI311P9700,1475.0,0.0,0.0,0.0,1,841.5,2136.5,1,1475.0,0.0,0.0,0.0,0.0,0.0,6
2023-05-10 09:02:34,OI311P9700,OI311P9700,1475.0,0.0,0.0,0.0,10,842.0,2136.5,1,1475.0,0.0,0.0,0.0,0.0,0.0,6
2023-05-10 09:02:36,OI311P9700,OI311P9700,1475.0,0.0,0.0,0.0,1,843.5,2136.5,1,1475.0,0.0,0.0,0.0,0.0,0.0,6
2023-05-10 09:02:37,OI311P9700,OI311P9700,1475.0,0.0,0.0,0.0,10,844.0,2136.5,1,1475.0,0.0,0.0,0.0,0.0,0.0,6
2023-05-10 09:02:37,OI311P9700,OI311P9700,1475.0,0.0,0.0,0.0,1,845.5,2136.5,1,1475.0,0.0,0.0,0.0,0.0,0.0,6
2023-05-10 09:02:38,OI311P9700,OI311P9700,1475.0,0.0,0.0,0.0,10,846.0,2136.5,1,1475.0,0.0,0.0,0.0,0.0,0.0,6
2023-05-10 09:02:39,OI311P9700,OI311P9700,1475.0,0.0,0.0,0.0,1,847.5,2136.5,1,1475.0,0.0,0.0,0.0,0.0,0.0,6
2023-05-10 09:02:40,OI311P9700,OI311P9700,1475.0,0.0,0.0,0.0,10,848.0,2136.5,1,1475.0,0.0,0.0,0.0,0.0,0.0,6
2023-05-10 09:02:42,OI311P9700,OI311P9700,1475.0,0.0,0.0,0.0,1,849.5,2136.5,1,1475.0,0.0,0.0,0.0,0.0,0.0,6
2023-05-10 09:02:43,OI311P9700,OI311P9700,1475.0,0.0,0.0,0.0,10,850.0,2136.5,1,1475.0,0.0,0.0,0.0,0.0,0.0,6
2023-05-10 09:02:45,OI311P9700,OI311P9700,1475.0,0.0,0.0,0.0,1,851.5,2136.5,1,1475.0,0.0,0.0,0.0,0.0,0.0,6
2023-05-10 09:02:46,OI311P9700,OI311P9700,1475.0,0.0,0.0,0.0,10,852.0,2136.5,1,1475.0,0.0,0.0,0.0,0.0,0.0,6
2023-05-10 09:02:46,OI311P9700,OI311P9700,1475.0,0.0,0.0,0.0,1,853.5,2136.5,1,1475.0,0.0,0.0,0.0,0.0,0.0,6
2023-05-10 09:02:47,OI311P9700,OI311P9700,1475.0,0.0,0.0,0.0,10,854.0,2136.5,1,1475.0,0.0,0.0,0.0,0.0,0.0,6
2023-05-10 09:02:47,OI311P9700,OI311P9700,1475.0,0.0,0.0,0.0,1,855.5,2136.5,1,1475.0,0.0,0.0,0.0,0.0,0.0,6
2023-05-10 09:02:48,OI311P9700,OI311P9700,1475.0,0.0,0.0,0.0,10,856.0,2136.5,1,1475.0,0.0,0.0,0.0,0.0,0.0,6
2023-05-10 09:02:49,OI311P9700,OI311P9700,1475.0,0.0,0.0,0.0,1,857.5,2136.5,1,1475.0,0.0,0.0,0.0,0.0,0.0,6
2023-05-10 09:02:50,OI311P9700,OI311P9700,1475.0,0.0,0.0,0.0,10,858.0,2136.5,1,1475.0,0.0,0.0,0.0,0.0,0.0,6
2023-05-10 09:02:51,OI311P9700,OI311P9700,1475.0,0.0,0.0,0.0,1,859.5,2136.5,1,1475.0,0.0,0.0,0.0,0.0,0.0,6
2023-05-10 09:02:52,OI311P9700,OI311P9700,1475.0,0.0,0.0,0.0,10,860.0,2136.5,1,1475.0,0.0,0.0,0.0,0.0,0.0,6
2023-05-10 09:02:52,OI311P9700,OI311P9700,1475.0,0.0,0.0,0.0,1,861.5,2136.5,1,1475.0,0.0,0.0,0.0,0.0,0.0,6
2023-05-10 09:02:53,OI311P9700,OI311P9700,1475.0,0.0,0.0,0.0,10,862.0,2136.5,1,1475.0,0.0,0.0,0.0,0.0,0.0,6
2023-05-10 09:02:54,OI311P9700,OI311P9700,1475.0,0.0,0.0,0.0,1,863.5,2136.5,1,1475.0,0.0,0.0,0.0,0.0,0.0,6
2023-05-10 09:02:55,OI311P9700,OI311P9700,1475.0,0.0,0.0,0.0,10,864.0,2136.5,1,1475.0,0.0,0.0,0.0,0.0,0.0,6
2023-05-10 09:02:55,OI311P9700,OI311P9700,1475.0,0.0,0.0,0.0,1,865.5,2136.5,1,1475.0,0.0,0.0,0.0,0.0,0.0,6
2023-05-10 09:02:56,OI311P9700,OI311P9700,1475.0,0.0,0.0,0.0,10,866.0,2136.5,1,1475.0,0.0,0.0,0.0,0.0,0.0,6
2023-05-10 09:02:58,OI311P9700,OI311P9700,1475.0,0.0,0.0,0.0,1,867.5,2136.5,1,1475.0,0.0,0.0,0.0,0.0,0.0,6
2023-05-10 09:02:59,OI311P9700,OI311P9700,1475.0,0.0,0.0,0.0,10,868.0,2136.5,1,1475.0,0.0,0.0,0.0,0.0,0.0,6
2023-05-10 09:03:01,OI311P9700,OI311P9700,1475.0,0.0,0.0,0.0,1,869.5,2136.5,1,1475.0,0.0,0.0,0.0,0.0,0.0,6
2023-05-10 09:03:02,OI311P9700,OI311P9700,1475.0,0.0,0.0,0.0,10,870.0,2136.5,1,1475.0,0.0,0.0,0.0,0.0,0.0,6
2023-05-10 09:03:02,OI311P9700,OI311P9700,1475.0,0.0,0.0,0.0,1,871.5,2136.5,1,1475.0,0.0,0.0,0.0,0.0,0.0,6
2023-05-10 09:03:03,OI311P9700,OI311P9700,1475.0,0.0,0.0,0.0,10,872.0,2136.5,1,1475.0,0.0,0.0,0.0,0.0,0.0,6
2023-05-10 09:03:03,OI311P9700,OI311P9700,1475.0,0.0,0.0,0.0,1,873.5,2136.5,1,1475.0,0.0,0.0,0.0,0.0,0.0,6
2023-05-10 09:03:04,OI311P9700,OI311P9700,1475.0,0.0,0.0,0.0,10,874.0,2136.5,1,1475.0,0.0,0.0,0.0,0.0,0.0,6
2023-05-10 09:03:05,OI311P9700,OI311P9700,1475.0,0.0,0.0,0.0,1,875.5,2136.5,1,1475.0,0.0,0.0,0.0,0.0,0.0,6
2023-05-10 09:03:06,OI311P9700,OI311P9700,1475.0,0.0,0.0,0.0,10,876.0,2136.5,1,1475.0,0.0,0.0,0.0,0.0,0.0,6
2023-05-10 09:03:06,OI311P9700,OI311P9700,1475.0,0.0,0.0,0.0,1,877.5,2136.5,1,1475.0,0.0,0.0,0.0,0.0,0.0,6
2023-05-10 09:03:07,OI311P9700,OI311P9700,1475.0,0.0,0.0,0.0,10,878.0,2136.5,1,1475.0,0.0,0.0,0.0,0.0,0.0,6
2023-05-10 09:03:07,OI311P9700,OI311P9700,1475.0,0.0,0.0,0.0,1,879.5,2136.5,1,1475.0,0.0,0.0,0.0,0.0,0.0,6
2023-05-10 09:03:08,OI311P9700,OI311P9700,1475.0,0.0,0.0,0.0,10,880.0,2136.5,1,1475.0,0.0,0.0,0.0,0.0,0.0,6
2023-05-10 09:03:10,OI311P9700,OI311P9700,1475.0,0.0,0.0,0.0,1,881.5,2136.5,1,1475.0,0.0,0.0,0.0,0.0,0.0,6
2023-05-10 09:03:11,OI311P9700,OI311P9700,1475.0,0.0,0.0,0.0,10,882.0,2136.5,1,1475.0,0.0,0.0,0.0,0.0,0.0,6
2023-05-10 09:03:13,OI311P9700,OI311P9700,1475.0,0.0,0.0,0.0,1,883.5,2136.5,1,1475.0,0.0,0.0,0.0,0.0,0.0,6
2023-05-10 09:03:14,OI311P9700,OI311P9700,1475.0,0.0,0.0,0.0,10,884.0,2136.5,1,1475.0,0.0,0.0,0.0,0.0,0.0,6
2023-05-10 09:03:15,OI311P9700,OI311P9700,1475.0,0.0,0.0,0.0,1,885.5,2136.5,1,1475.0,0.0,0.0,0.0,0.0,0.0,6
2023-05-10 09:03:16,OI311P9700,OI311P9700,1475.0,0.0,0.0,0.0,10,886.0,2136.5,1,1475.0,0.0,0.0,0.0,0.0,0.0,6
2023-05-10 09:03:17,OI311P9700,OI311P9700,1475.0,0.0,0.0,0.0,1,887.5,2136.5,1,1475.0,0.0,0.0,0.0,0.0,0.0,6
2023-05-10 09:03:18,OI311P9700,OI311P9700,1475.0,0.0,0.0,0.0,10,888.0,2136.5,1,1475.0,0.0,0.0,0.0,0.0,0.0,6
2023-05-10 09:03:20,OI311P9700,OI311P9700,1475.0,0.0,0.0,0.0,1,889.5,2136.5,1,1475.0,0.0,0.0,0.0,0.0,0.0,6
2023-05-10 09:03:21,OI311P9700,OI311P9700,1475.0,0.0,0.0,0.0,10,890.0,2136.5,1,1475.0,0.0,0.0,0.0,0.0,0.0,6
2023-05-10 09:03:23,OI311P9700,OI311P9700,1475.0,0.0,0.0,0.0,1,891.5,2136.5,1,1475.0,0.0,0.0,0.0,0.0,0.0,6
2023-05-10 09:03:24,OI311P9700,OI311P9700,1475.0,0.0,0.0,0.0,10,892.0,2136.5,1,1475.0,0.0,0.0,0.0,0.0,0.0,6
2023-05-10 09:03:24,OI311P9700,OI311P9700,1475.0,0.0,0.0,0.0,1,893.5,2136.5,1,1475.0,0.0,0.0,0.0,0.0,0.0,6
2023-05-10 09:03:25,OI311P9700,OI311P9700,1475.0,0.0,0.0,0.0,10,894.0,2136.5,1,1475.0,0.0,0.0,0.0,0.0,0.0,6
2023-05-10 09:03:27,OI311P9700,OI311P9700,1475.0,0.0,0.0,0.0,1,895.5,2136.5,1,1475.0,0.0,0.0,0.0,0.0,0.0,6
2023-05-10 09:03:28,OI311P9700,OI311P9700,1475.0,0.0,0.0,0.0,10,896.0,2136.5,1,1475.0,0.0,0.0,0.0,0.0,0.0,6
2023-05-10 09:03:28,OI311P9700,OI311P9700,1475.0,0.0,0.0,0.0,1,897.5,2136.5,1,1475.0,0.0,0.0,0.0,0.0,0.0,6
2023-05-10 09:03:29,OI311P9700,OI311P9700,1475.0,0.0,0.0,0.0,10,898.0,2136.5,1,1475.0,0.0,0.0,0.0,0.0,0.0,6
2023-05-10 09:03:29,OI311P9700,OI311P9700,1475.0,0.0,0.0,0.0,1,899.5,2136.5,1,1475.0,0.0,0.0,0.0,0.0,0.0,6
2023-05-10 09:03:30,OI311P9700,OI311P9700,1475.0,0.0,0.0,0.0,10,900.0,2136.5,1,1475.0,0.0,0.0,0.0,0.0,0.0,6
2023-05-10 09:03:32,OI311P9700,OI311P9700,1475.0,0.0,0.0,0.0,1,901.5,2136.5,1,1475.0,0.0,0.0,0.0,0.0,0.0,6
2023-05-10 09:03:33,OI311P9700,OI311P9700,1475.0,0.0,0.0,0.0,10,902.0,2136.5,1,1475.0,0.0,0.0,0.0,0.0,0.0,6
2023-05-10 09:03:35,OI311P9700,OI311P9700,1475.0,0.0,0.0,0.0,1,903.5,2136.5,1,1475.0,0.0,0.0,0.0,0.0,0.0,6
2023-05-10 09:03:36,OI311P9700,OI311P9700,1475.0,0.0,0.0,0.0,10,904.0,2136.5,1,1475.0,0.0,0.0,0.0,0.0,0.0,6
2023-05-10 09:03:37,OI311P9700,OI311P9700,1475.0,0.0,0.0,0.0,1,905.5,2136.5,1,1475.0,0.0,0.0,0.0,0.0,0.0,6
2023-05-10 09:03:37,OI311P9700,OI311P9700,1475.0,0.0,0.0,0.0,10,906.0,2136.5,1,1475.0,0.0,0.0,0.0,0.0,0.0,6
2023-05-10 09:03:39,OI311P9700,OI311P9700,1475.0,0.0,0.0,0.0,1,907.5,2136.5,1,1475.0,0.0,0.0,0.0,0.0,0.0,6
2023-05-10 09:03:39,OI311P9700,OI311P9700,1475.0,0.0,0.0,0.0,10,908.0,2136.5,1,1475.0,0.0,0.0,0.0,0.0,0.0,6
2023-05-10 09:03:40,OI311P9700,OI311P9700,1475.0,0.0,0.0,0.0,1,909.5,2136.5,1,1475.0,0.0,0.0,0.0,0.0,0.0,6
2023-05-10 09:03:40,OI311P9700,OI311P9700,1475.0,0.0,0.0,0.0,10,910.0,2136.5,1,1475.0,0.0,0.0,0.0,0.0,0.0,6
2023-05-10 09:03:43,OI311P9700,OI311P9700,1475.0,0.0,0.0,0.0,1,911.5,2136.5,1,1475.0,0.0,0.0,0.0,0.0,0.0,6
2023-05-10 09:03:43,OI311P9700,OI311P9700,1475.0,0.0,0.0,0.0,10,912.0,2136.5,1,1475.0,0.0,0.0,0.0,0.0,0.0,6
2023-05-10 09:03:44,OI311P9700,OI311P9700,1475.0,0.0,0.0,0.0,1,913.5,2136.5,1,1475.0,0.0,0.0,0.0,0.0,0.0,6
2023-05-10 09:03:44,OI311P9700,OI311P9700,1475.0,0.0,0.0,0.0,10,914.0,2136.5,1,1475.0,0.0,0.0,0.0,0.0,0.0,6
2023-05-10 09:03:45,OI311P9700,OI311P9700,1475.0,0.0,0.0,0.0,1,915.5,2136.5,1,1475.0,0.0,0.0,0.0,0.0,0.0,6
2023-05-10 09:03:45,OI311P9700,OI311P9700,1475.0,0.0,0.0,0.0,10,916.0,2136.5,1,1475.0,0.0,0.0,0.0,0.0,0.0,6
2023-05-10 09:03:47,OI311P9700,OI311P9700,1475.0,0.0,0.0,0.0,1,917.5,2136.5,1,1475.0,0.0,0.0,0.0,0.0,0.0,6
2023-05-10 09:03:47,OI311P9700,OI311P9700,1475.0,0.0,0.0,0.0,10,918.0,2136.5,1,1475.0,0.0,0.0,0.0,0.0,0.0,6
2023-05-10 09:03:49,OI311P9700,OI311P9700,1475.0,0.0,0.0,0.0,1,919.5,2136.5,1,1475.0,0.0,0.0,0.0,0.0,0.0,6
2023-05-10 09:03:49,OI311P9700,OI311P9700,1475.0,0.0,0.0,0.0,10,920.0,2136.5,1,1475.0,0.0,0.0,0.0,0.0,0.0,6
2023-05-10 09:03:50,OI311P9700,OI311P9700,1475.0,0.0,0.0,0.0,1,921.5,2136.5,1,1475.0,0.0,0.0,0.0,0.0,0.0,6
2023-05-10 09:03:50,OI311P9700,OI311P9700,1475.0,0.0,0.0,0.0,10,922.0,2136.5,1,1475.0,0.0,0.0,0.0,0.0,0.0,6
2023-05-10 09:03:52,OI311P9700,OI311P9700,1475.0,0.0,0.0,0.0,1,923.5,2136.5,1,1475.0,0.0,0.0,0.0,0.0,0.0,6
2023-05-10 09:03:52,OI311P9700,OI311P9700,1475.0,0.0,0.0,0.0,10,924.0,2136.5,1,1475.0,0.0,0.0,0.0,0.0,0.0,6
2023-05-10 09:03:53,OI311P9700,OI311P9700,1475.0,0.0,0.0,0.0,1,925.5,2136.5,1,1475.0,0.0,0.0,0.0,0.0,0.0,6
2023-05-10 09:03:53,OI311P9700,OI311P9700,1475.0,0.0,0.0,0.0,10,926.0,2136.5,1,1475.0,0.0,0.0,0.0,0.0,0.0,6
2023-05-10 09:03:54,OI311P9700,OI311P9700,1475.0,0.0,0.0,0.0,1,927.5,2136.5,1,1475.0,0.0,0.0,0.0,0.0,0.0,6
2023-05-10 09:03:54,OI311P9700,OI311P9700,1475.0,0.0,0.0,0.0,10,928.0,2136.5,1,1475.0,0.0,0.0,0.0,0.0,0.0,6
2023-05-10 09:03:55,OI311P9700,OI311P9700,1475.0,0.0,0.0,0.0,1,929.5,2136.5,1,1475.0,0.0,0.0,0.0,0.0,0.0,6
2023-05-10 09:03:55,OI311P9700,OI311P9700,1475.0,0.0,0.0,0.0,10,930.0,2136.5,1,1475.0,0.0,0.0,0.0,0.0,0.0,6
2023-05-10 09:03:56,OI311P9700,OI311P9700,1475.0,0.0,0.0,0.0,1,931.5,2136.5,1,1475.0,0.0,0.0,0.0,0.0,0.0,6
2023-05-10 09:03:56,OI311P9700,OI311P9700,1475.0,0.0,0.0,0.0,10,932.0,2136.5,1,1475.0,0.0,0.0,0.0,0.0,0.0,6
2023-05-10 09:03:57,OI311P9700,OI311P9700,1475.0,0.0,0.0,0.0,1,933.5,2136.5,1,1475.0,0.0,0.0,0.0,0.0,0.0,6
2023-05-10 09:03:57,OI311P9700,OI311P9700,1475.0,0.0,0.0,0.0,10,934.0,2136.5,1,1475.0,0.0,0.0,0.0,0.0,0.0,6
2023-05-10 09:03:58,OI311P9700,OI311P9700,1475.0,0.0,0.0,0.0,1,935.5,2136.5,1,1475.0,0.0,0.0,0.0,0.0,0.0,6
2023-05-10 09:03:58,OI311P9700,OI311P9700,1475.0,0.0,0.0,0.0,10,936.0,2136.5,1,1475.0,0.0,0.0,0.0,0.0,0.0,6
2023-05-10 09:03:59,OI311P9700,OI311P9700,1475.0,0.0,0.0,0.0,1,937.5,2136.5,1,1475.0,0.0,0.0,0.0,0.0,0.0,6
2023-05-10 09:03:59,OI311P9700,OI311P9700,1475.0,0.0,0.0,0.0,10,938.0,2136.5,1,1475.0,0.0,0.0,0.0,0.0,0.0,6
2023-05-10 09:04:00,OI311P9700,OI311P9700,1475.0,0.0,0.0,0.0,1,939.5,2136.5,1,1475.0,0.0,0.0,0.0,0.0,0.0,6
2023-05-10 09:04:00,OI311P9700,OI311P9700,1475.0,0.0,0.0,0.0,10,940.0,2136.5,1,1475.0,0.0,0.0,0.0,0.0,0.0,6
2023-05-10 09:04:01,OI311P9700,OI311P9700,1475.0,0.0,0.0,0.0,1,941.5,2136.5,1,1475.0,0.0,0.0,0.0,0.0,0.0,6
2023-05-10 09:04:01,OI311P9700,OI311P9700,1475.0,0.0,0.0,0.0,10,942.0,2136.5,1,1475.0,0.0,0.0,0.0,0.0,0.0,6
2023-05-10 09:04:02,OI311P9700,OI311P9700,1475.0,0.0,0.0,0.0,1,943.5,2136.5,1,1475.0,0.0,0.0,0.0,0.0,0.0,6
2023-05-10 09:04:02,OI311P9700,OI311P9700,1475.0,0.0,0.0,0.0,10,944.0,2136.5,1,1475.0,0.0,0.0,0.0,0.0,0.0,6
2023-05-10 09:04:03,OI311P9700,OI311P9700,1475.0,0.0,0.0,0.0,1,945.5,2136.5,1,1475.0,0.0,0.0,0.0,0.0,0.0,6
2023-05-10 09:04:03,OI311P9700,OI311P9700,1475.0,0.0,0.0,0.0,10,946.0,2136.5,1,1475.0,0.0,0.0,0.0,0.0,0.0,6
2023-05-10 09:04:04,OI311P9700,OI311P9700,1475.0,0.0,0.0,0.0,1,947.5,2136.5,1,1475.0,0.0,0.0,0.0,0.0,0.0,6
2023-05-10 09:04:04,OI311P9700,OI311P9700,1475.0,0.0,0.0,0.0,10,948.0,2136.5,1,1475.0,0.0,0.0,0.0,0.0,0.0,6
2023-05-10 09:04:05,OI311P9700,OI311P9700,1475.0,0.0,0.0,0.0,1,949.5,2136.5,1,1475.0,0.0,0.0,0.0,0.0,0.0,6
2023-05-10 09:04:05,OI311P9700,OI311P9700,1475.0,0.0,0.0,0.0,10,950.0,2136.5,1,1475.0,0.0,0.0,0.0,0.0,0.0,6
2023-05-10 09:04:06,OI311P9700,OI311P9700,1475.0,0.0,0.0,0.0,1,951.5,2136.5,1,1475.0,0.0,0.0,0.0,0.0,0.0,6
2023-05-10 09:04:06,OI311P9700,OI311P9700,1475.0,0.0,0.0,0.0,10,952.0,2136.5,1,1475.0,0.0,0.0,0.0,0.0,0.0,6
2023-05-10 09:04:08,OI311P9700,OI311P9700,1475.0,0.0,0.0,0.0,1,953.5,2136.5,1,1475.0,0.0,0.0,0.0,0.0,0.0,6
2023-05-10 09:04:08,OI311P9700,OI311P9700,1475.0,0.0,0.0,0.0,10,954.0,2136.5,1,1475.0,0.0,0.0,0.0,0.0,0.0,6
2023-05-10 09:04:09,OI311P9700,OI311P9700,1475.0,0.0,0.0,0.0,1,955.5,2136.5,1,1475.0,0.0,0.0,0.0,0.0,0.0,6
2023-05-10 09:04:09,OI311P9700,OI311P9700,1475.0,0.0,0.0,0.0,10,956.0,2136.5,1,1475.0,0.0,0.0,0.0,0.0,0.0,6
2023-05-10 09:04:10,OI311P9700,OI311P9700,1475.0,0.0,0.0,0.0,1,957.5,2136.5,1,1475.0,0.0,0.0,0.0,0.0,0.0,6
2023-05-10 09:04:10,OI311P9700,OI311P9700,1475.0,0.0,0.0,0.0,10,958.0,2136.5,1,1475.0,0.0,0.0,0.0,0.0,0.0,6
2023-05-10 09:04:11,OI311P9700,OI311P9700,1475.0,0.0,0.0,0.0,1,959.5,2136.5,1,1475.0,0.0,0.0,0.0,0.0,0.0,6
2023-05-10 09:04:11,OI311P9700,OI311P9700,1475.0,0.0,0.0,0.0,10,960.0,2136.5,1,1475.0,0.0,0.0,0.0,0.0,0.0,6
2023-05-10 09:04:12,OI311P9700,OI311P9700,1475.0,0.0,0.0,0.0,1,961.5,2136.5,1,1475.0,0.0,0.0,0.0,0.0,0.0,6
2023-05-10 09:04:12,OI311P9700,OI311P9700,1475.0,0.0,0.0,0.0,10,962.0,2136.5,1,1475.0,0.0,0.0,0.0,0.0,0.0,6
2023-05-10 09:04:13,OI311P9700,OI311P9700,1475.0,0.0,0.0,0.0,1,963.5,2136.5,1,1475.0,0.0,0.0,0.0,0.0,0.0,6
2023-05-10 09:04:13,OI311P9700,OI311P9700,1475.0,0.0,0.0,0.0,10,964.0,2136.5,1,1475.0,0.0,0.0,0.0,0.0,0.0,6
2023-05-10 09:04:14,OI311P9700,OI311P9700,1475.0,0.0,0.0,0.0,1,965.5,2136.5,1,1475.0,0.0,0.0,0.0,0.0,0.0,6
2023-05-10 09:04:14,OI311P9700,OI311P9700,1475.0,0.0,0.0,0.0,10,966.0,2136.5,1,1475.0,0.0,0.0,0.0,0.0,0.0,6
2023-05-10 09:04:15,OI311P9700,OI311P9700,1475.0,0.0,0.0,0.0,1,967.5,2136.5,1,1475.0,0.0,0.0,0.0,0.0,0.0,6
2023-05-10 09:04:15,OI311P9700,OI311P9700,1475.0,0.0,0.0,0.0,10,968.0,2136.5,1,1475.0,0.0,0.0,0.0,0.0,0.0,6
2023-05-10 09:04:16,OI311P9700,OI311P9700,1475.0,0.0,0.0,0.0,1,969.5,2136.5,1,1475.0,0.0,0.0,0.0,0.0,0.0,6
2023-05-10 09:04:16,OI311P9700,OI311P9700,1475.0,0.0,0.0,0.0,10,970.0,2136.5,1,1475.0,0.0,0.0,0.0,0.0,0.0,6
2023-05-10 09:04:17,OI311P9700,OI311P9700,1475.0,0.0,0.0,0.0,1,971.5,2136.5,1,1475.0,0.0,0.0,0.0,0.0,0.0,6
2023-05-10 09:04:17,OI311P9700,OI311P9700,1475.0,0.0,0.0,0.0,10,972.0,2136.5,1,1475.0,0.0,0.0,0.0,0.0,0.0,6
2023-05-10 09:04:18,OI311P9700,OI311P9700,1475.0,0.0,0.0,0.0,1,973.5,2136.5,1,1475.0,0.0,0.0,0.0,0.0,0.0,6
2023-05-10 09:04:18,OI311P9700,OI311P9700,1475.0,0.0,0.0,0.0,10,974.0,2136.5,1,1475.0,0.0,0.0,0.0,0.0,0.0,6
2023-05-10 09:04:19,OI311P9700,OI311P9700,1475.0,0.0,0.0,0.0,1,975.5,2136.5,1,1475.0,0.0,0.0,0.0,0.0,0.0,6
2023-05-10 09:04:19,OI311P9700,OI311P9700,1475.0,0.0,0.0,0.0,10,976.0,2136.5,1,1475.0,0.0,0.0,0.0,0.0,0.0,6
2023-05-10 09:04:20,OI311P9700,OI311P9700,1475.0,0.0,0.0,0.0,1,977.5,2136.5,1,1475.0,0.0,0.0,0.0,0.0,0.0,6
2023-05-10 09:04:20,OI311P9700,OI311P9700,1475.0,0.0,0.0,0.0,10,978.0,2136.5,1,1475.0,0.0,0.0,0.0,0.0,0.0,6
2023-05-10 09:04:21,OI311P9700,OI311P9700,1475.0,0.0,0.0,0.0,1,979.5,2136.5,1,1475.0,0.0,0.0,0.0,0.0,0.0,6
2023-05-10 09:07:38,OI311P9700,OI311P9700,1475.0,0.0,0.0,0.0,10,980.0,2136.5,1,1475.0,0.0,0.0,0.0,0.0,0.0,6
2023-05-10 09:07:39,OI311P9700,OI311P9700,1475.0,0.0,0.0,0.0,1,981.5,2136.5,1,1475.0,0.0,0.0,0.0,0.0,0.0,6
2023-05-10 09:07:39,OI311P9700,OI311P9700,1475.0,0.0,0.0,0.0,10,982.0,2136.5,1,1475.0,0.0,0.0,0.0,0.0,0.0,6
2023-05-10 09:07:40,OI311P9700,OI311P9700,1475.0,0.0,0.0,0.0,1,983.5,2136.5,1,1475.0,0.0,0.0,0.0,0.0,0.0,6
2023-05-10 09:07:40,OI311P9700,OI311P9700,1475.0,0.0,0.0,0.0,10,984.0,2136.5,1,1475.0,0.0,0.0,0.0,0.0,0.0,6
2023-05-10 09:07:41,OI311P9700,OI311P9700,1475.0,0.0,0.0,0.0,1,985.5,2136.5,1,1475.0,0.0,0.0,0.0,0.0,0.0,6
2023-05-10 09:07:41,OI311P9700,OI311P9700,1475.0,0.0,0.0,0.0,10,986.0,2136.5,1,1475.0,0.0,0.0,0.0,0.0,0.0,6
2023-05-10 09:07:42,OI311P9700,OI311P9700,1475.0,0.0,0.0,0.0,1,987.5,2136.5,1,1475.0,0.0,0.0,0.0,0.0,0.0,6
2023-05-10 09:07:42,OI311P9700,OI311P9700,1475.0,0.0,0.0,0.0,10,988.0,2136.5,1,1475.0,0.0,0.0,0.0,0.0,0.0,6
2023-05-10 09:07:44,OI311P9700,OI311P9700,1475.0,0.0,0.0,0.0,1,989.5,2136.5,1,1475.0,0.0,0.0,0.0,0.0,0.0,6
2023-05-10 09:07:44,OI311P9700,OI311P9700,1475.0,0.0,0.0,0.0,10,990.0,2136.5,1,1475.0,0.0,0.0,0.0,0.0,0.0,6
2023-05-10 09:07:45,OI311P9700,OI311P9700,1475.0,0.0,0.0,0.0,1,991.5,2136.5,1,1475.0,0.0,0.0,0.0,0.0,0.0,6
2023-05-10 09:07:45,OI311P9700,OI311P9700,1475.0,0.0,0.0,0.0,10,992.0,2136.5,1,1475.0,0.0,0.0,0.0,0.0,0.0,6
2023-05-10 09:07:46,OI311P9700,OI311P9700,1475.0,0.0,0.0,0.0,1,993.5,2136.5,1,1475.0,0.0,0.0,0.0,0.0,0.0,6
2023-05-10 09:07:46,OI311P9700,OI311P9700,1475.0,0.0,0.0,0.0,10,994.0,2136.5,1,1475.0,0.0,0.0,0.0,0.0,0.0,6
2023-05-10 09:07:47,OI311P9700,OI311P9700,1475.0,0.0,0.0,0.0,1,995.5,2136.5,1,1475.0,0.0,0.0,0.0,0.0,0.0,6
2023-05-10 09:07:48,OI311P9700,OI311P9700,1475.0,0.0,0.0,0.0,10,996.0,2136.5,1,1475.0,0.0,0.0,0.0,0.0,0.0,6
2023-05-10 09:07:49,OI311P9700,OI311P9700,1475.0,0.0,0.0,0.0,1,997.5,2136.5,1,1475.0,0.0,0.0,0.0,0.0,0.0,6
2023-05-10 09:07:49,OI311P9700,OI311P9700,1475.0,0.0,0.0,0.0,10,998.0,2136.5,1,1475.0,0.0,0.0,0.0,0.0,0.0,6
2023-05-10 09:07:50,OI311P9700,OI311P9700,1475.0,0.0,0.0,0.0,1,999.5,2136.5,1,1475.0,0.0,0.0,0.0,0.0,0.0,6
2023-05-10 09:07:50,OI311P9700,OI311P9700,1475.0,0.0,0.0,0.0,10,1000.0,2136.5,1,1475.0,0.0,0.0,0.0,0.0,0.0,6
2023-05-10 09:07:51,OI311P9700,OI311P9700,1475.0,0.0,0.0,0.0,1,1001.5,2136.5,1,1475.0,0.0,0.0,0.0,0.0,0.0,6
2023-05-10 09:07:51,OI311P9700,OI311P9700,1475.0,0.0,0.0,0.0,10,1002.0,2136.5,1,1475.0,0.0,0.0,0.0,0.0,0.0,6
2023-05-10 09:07:53,OI311P9700,OI311P9700,1475.0,0.0,0.0,0.0,1,1003.5,2136.5,1,1475.0,0.0,0.0,0.0,0.0,0.0,6
2023-05-10 09:07:53,OI311P9700,OI311P9700,1475.0,0.0,0.0,0.0,10,1004.0,2136.5,1,1475.0,0.0,0.0,0.0,0.0,0.0,6
2023-05-10 09:07:54,OI311P9700,OI311P9700,1475.0,0.0,0.0,0.0,1,1005.5,2136.5,1,1475.0,0.0,0.0,0.0,0.0,0.0,6
2023-05-10 09:07:54,OI311P9700,OI311P9700,1475.0,0.0,0.0,0.0,10,1006.0,2136.5,1,1475.0,0.0,0.0,0.0,0.0,0.0,6
2023-05-10 09:07:55,OI311P9700,OI311P9700,1475.0,0.0,0.0,0.0,1,1007.5,2136.5,1,1475.0,0.0,0.0,0.0,0.0,0.0,6
2023-05-10 09:07:55,OI311P9700,OI311P9700,1475.0,0.0,0.0,0.0,10,1008.0,2136.5,1,1475.0,0.0,0.0,0.0,0.0,0.0,6
2023-05-10 09:07:56,OI311P9700,OI311P9700,1475.0,0.0,0.0,0.0,1,1009.5,2136.5,1,1475.0,0.0,0.0,0.0,0.0,0.0,6
2023-05-10 09:07:56,OI311P9700,OI311P9700,1475.0,0.0,0.0,0.0,10,1010.0,2136.5,1,1475.0,0.0,0.0,0.0,0.0,0.0,6
2023-05-10 09:07:57,OI311P9700,OI311P9700,1475.0,0.0,0.0,0.0,1,1011.5,2136.5,1,1475.0,0.0,0.0,0.0,0.0,0.0,6
2023-05-10 09:07:57,OI311P9700,OI311P9700,1475.0,0.0,0.0,0.0,10,1012.0,2136.5,1,1475.0,0.0,0.0,0.0,0.0,0.0,6
2023-05-10 09:07:58,OI311P9700,OI311P9700,1475.0,0.0,0.0,0.0,1,1013.5,2136.5,1,1475.0,0.0,0.0,0.0,0.0,0.0,6
2023-05-10 09:07:58,OI311P9700,OI311P9700,1475.0,0.0,0.0,0.0,10,1014.0,2136.5,1,1475.0,0.0,0.0,0.0,0.0,0.0,6
2023-05-10 09:07:59,OI311P9700,OI311P9700,1475.0,0.0,0.0,0.0,1,1015.5,2136.5,1,1475.0,0.0,0.0,0.0,0.0,0.0,6
2023-05-10 09:07:59,OI311P9700,OI311P9700,1475.0,0.0,0.0,0.0,10,1016.0,2136.5,1,1475.0,0.0,0.0,0.0,0.0,0.0,6
2023-05-10 09:08:00,OI311P9700,OI311P9700,1475.0,0.0,0.0,0.0,1,1017.5,2136.5,1,1475.0,0.0,0.0,0.0,0.0,0.0,6
2023-05-10 09:08:00,OI311P9700,OI311P9700,1475.0,0.0,0.0,0.0,10,1018.0,2136.5,1,1475.0,0.0,0.0,0.0,0.0,0.0,6
2023-05-10 09:08:01,OI311P9700,OI311P9700,1475.0,0.0,0.0,0.0,1,1019.5,2136.5,1,1475.0,0.0,0.0,0.0,0.0,0.0,6
2023-05-10 09:08:01,OI311P9700,OI311P9700,1475.0,0.0,0.0,0.0,10,1020.0,2136.5,1,1475.0,0.0,0.0,0.0,0.0,0.0,6
2023-05-10 09:08:02,OI311P9700,OI311P9700,1475.0,0.0,0.0,0.0,1,1021.5,2136.5,1,1475.0,0.0,0.0,0.0,0.0,0.0,6
2023-05-10 09:08:02,OI311P9700,OI311P9700,1475.0,0.0,0.0,0.0,10,1022.0,2136.5,1,1475.0,0.0,0.0,0.0,0.0,0.0,6
2023-05-10 09:08:04,OI311P9700,OI311P9700,1475.0,0.0,0.0,0.0,1,1023.5,2136.5,1,1475.0,0.0,0.0,0.0,0.0,0.0,6
2023-05-10 09:08:04,OI311P9700,OI311P9700,1475.0,0.0,0.0,0.0,10,1024.0,2136.5,1,1475.0,0.0,0.0,0.0,0.0,0.0,6
2023-05-10 09:08:05,OI311P9700,OI311P9700,1475.0,0.0,0.0,0.0,1,1025.5,2136.5,1,1475.0,0.0,0.0,0.0,0.0,0.0,6
2023-05-10 09:08:05,OI311P9700,OI311P9700,1475.0,0.0,0.0,0.0,10,1026.0,2136.5,1,1475.0,0.0,0.0,0.0,0.0,0.0,6
2023-05-10 09:08:06,OI311P9700,OI311P9700,1475.0,0.0,0.0,0.0,1,1027.5,2136.5,1,1475.0,0.0,0.0,0.0,0.0,0.0,6
2023-05-10 09:08:06,OI311P9700,OI311P9700,1475.0,0.0,0.0,0.0,10,1028.0,2136.5,1,1475.0,0.0,0.0,0.0,0.0,0.0,6
2023-05-10 09:08:07,OI311P9700,OI311P9700,1475.0,0.0,0.0,0.0,1,1029.5,2136.5,1,1475.0,0.0,0.0,0.0,0.0,0.0,6
2023-05-10 09:08:07,OI311P9700,OI311P9700,1475.0,0.0,0.0,0.0,10,1030.0,2136.5,1,1475.0,0.0,0.0,0.0,0.0,0.0,6
2023-05-10 09:08:08,OI311P9700,OI311P9700,1475.0,0.0,0.0,0.0,1,1031.5,2136.5,1,1475.0,0.0,0.0,0.0,0.0,0.0,6
2023-05-10 09:08:08,OI311P9700,OI311P9700,1475.0,0.0,0.0,0.0,10,1032.0,2136.5,1,1475.0,0.0,0.0,0.0,0.0,0.0,6
2023-05-10 09:08:10,OI311P9700,OI311P9700,1475.0,0.0,0.0,0.0,1,1033.5,2136.5,1,1475.0,0.0,0.0,0.0,0.0,0.0,6
2023-05-10 09:08:10,OI311P9700,OI311P9700,1475.0,0.0,0.0,0.0,10,1034.0,2136.5,1,1475.0,0.0,0.0,0.0,0.0,0.0,6
2023-05-10 09:08:11,OI311P9700,OI311P9700,1475.0,0.0,0.0,0.0,1,1035.5,2136.5,1,1475.0,0.0,0.0,0.0,0.0,0.0,6
2023-05-10 09:08:11,OI311P9700,OI311P9700,1475.0,0.0,0.0,0.0,10,1036.0,2136.5,1,1475.0,0.0,0.0,0.0,0.0,0.0,6
2023-05-10 09:08:13,OI311P9700,OI311P9700,1475.0,0.0,0.0,0.0,1,1037.5,2136.5,1,1475.0,0.0,0.0,0.0,0.0,0.0,6
2023-05-10 09:08:13,OI311P9700,OI311P9700,1475.0,0.0,0.0,0.0,10,1038.0,2136.5,1,1475.0,0.0,0.0,0.0,0.0,0.0,6
2023-05-10 09:08:14,OI311P9700,OI311P9700,1475.0,0.0,0.0,0.0,1,1039.5,2136.5,1,1475.0,0.0,0.0,0.0,0.0,0.0,6
2023-05-10 09:08:14,OI311P9700,OI311P9700,1475.0,0.0,0.0,0.0,10,1040.0,2136.5,1,1475.0,0.0,0.0,0.0,0.0,0.0,6
2023-05-10 09:08:15,OI311P9700,OI311P9700,1475.0,0.0,0.0,0.0,1,1041.5,2136.5,1,1475.0,0.0,0.0,0.0,0.0,0.0,6
2023-05-10 09:08:15,OI311P9700,OI311P9700,1475.0,0.0,0.0,0.0,10,1042.0,2136.5,1,1475.0,0.0,0.0,0.0,0.0,0.0,6
2023-05-10 09:08:16,OI311P9700,OI311P9700,1475.0,0.0,0.0,0.0,1,1043.5,2136.5,1,1475.0,0.0,0.0,0.0,0.0,0.0,6
2023-05-10 09:08:16,OI311P9700,OI311P9700,1475.0,0.0,0.0,0.0,10,1044.0,2136.5,1,1475.0,0.0,0.0,0.0,0.0,0.0,6
2023-05-10 09:08:17,OI311P9700,OI311P9700,1475.0,0.0,0.0,0.0,1,1045.5,2136.5,1,1475.0,0.0,0.0,0.0,0.0,0.0,6
2023-05-10 09:08:17,OI311P9700,OI311P9700,1475.0,0.0,0.0,0.0,10,1046.0,2136.5,1,1475.0,0.0,0.0,0.0,0.0,0.0,6
2023-05-10 09:08:19,OI311P9700,OI311P9700,1475.0,0.0,0.0,0.0,1,1047.5,2136.5,1,1475.0,0.0,0.0,0.0,0.0,0.0,6
2023-05-10 09:08:19,OI311P9700,OI311P9700,1475.0,0.0,0.0,0.0,10,1048.0,2136.5,1,1475.0,0.0,0.0,0.0,0.0,0.0,6
2023-05-10 09:08:20,OI311P9700,OI311P9700,1475.0,0.0,0.0,0.0,1,1049.5,2136.5,1,1475.0,0.0,0.0,0.0,0.0,0.0,6
2023-05-10 09:08:20,OI311P9700,OI311P9700,1475.0,0.0,0.0,0.0,10,1050.0,2136.5,1,1475.0,0.0,0.0,0.0,0.0,0.0,6
2023-05-10 09:08:21,OI311P9700,OI311P9700,1475.0,0.0,0.0,0.0,1,1051.5,2136.5,1,1475.0,0.0,0.0,0.0,0.0,0.0,6
2023-05-10 09:08:21,OI311P9700,OI311P9700,1475.0,0.0,0.0,0.0,10,1052.0,2136.5,1,1475.0,0.0,0.0,0.0,0.0,0.0,6
2023-05-10 09:08:22,OI311P9700,OI311P9700,1475.0,0.0,0.0,0.0,1,1053.5,2136.5,1,1475.0,0.0,0.0,0.0,0.0,0.0,6
2023-05-10 09:08:22,OI311P9700,OI311P9700,1475.0,0.0,0.0,0.0,10,1054.0,2136.5,1,1475.0,0.0,0.0,0.0,0.0,0.0,6
2023-05-10 09:08:23,OI311P9700,OI311P9700,1475.0,0.0,0.0,0.0,1,1055.5,2136.5,1,1475.0,0.0,0.0,0.0,0.0,0.0,6
2023-05-10 09:08:23,OI311P9700,OI311P9700,1475.0,0.0,0.0,0.0,10,1056.0,2136.5,1,1475.0,0.0,0.0,0.0,0.0,0.0,6
2023-05-10 09:08:24,OI311P9700,OI311P9700,1475.0,0.0,0.0,0.0,1,1057.5,2136.5,1,1475.0,0.0,0.0,0.0,0.0,0.0,6
2023-05-10 09:08:24,OI311P9700,OI311P9700,1475.0,0.0,0.0,0.0,10,1058.0,2136.5,1,1475.0,0.0,0.0,0.0,0.0,0.0,6
2023-05-10 09:08:24,OI311P9700,OI311P9700,1475.0,0.0,0.0,0.0,1,1057.5,2136.5,1,1475.0,0.0,0.0,0.0,0.0,0.0,6
2023-05-10 09:08:25,OI311P9700,OI311P9700,1475.0,0.0,0.0,0.0,1,1059.5,2136.5,1,1475.0,0.0,0.0,0.0,0.0,0.0,6
2023-05-10 09:08:25,OI311P9700,OI311P9700,1475.0,0.0,0.0,0.0,10,1060.0,2136.5,1,1475.0,0.0,0.0,0.0,0.0,0.0,6
2023-05-10 09:08:27,OI311P9700,OI311P9700,1475.0,0.0,0.0,0.0,1,1061.5,2136.5,1,1475.0,0.0,0.0,0.0,0.0,0.0,6
2023-05-10 09:08:27,OI311P9700,OI311P9700,1475.0,0.0,0.0,0.0,10,1062.0,2136.5,1,1475.0,0.0,0.0,0.0,0.0,0.0,6
2023-05-10 09:08:28,OI311P9700,OI311P9700,1475.0,0.0,0.0,0.0,1,1063.5,2136.5,1,1475.0,0.0,0.0,0.0,0.0,0.0,6
2023-05-10 09:08:28,OI311P9700,OI311P9700,1475.0,0.0,0.0,0.0,10,1064.0,2136.5,1,1475.0,0.0,0.0,0.0,0.0,0.0,6
2023-05-10 09:08:30,OI311P9700,OI311P9700,1475.0,0.0,0.0,0.0,1,1065.5,2136.5,1,1475.0,0.0,0.0,0.0,0.0,0.0,6
2023-05-10 09:08:30,OI311P9700,OI311P9700,1475.0,0.0,0.0,0.0,10,1066.0,2136.5,1,1475.0,0.0,0.0,0.0,0.0,0.0,6
2023-05-10 09:08:31,OI311P9700,OI311P9700,1475.0,0.0,0.0,0.0,1,1067.5,2136.5,1,1475.0,0.0,0.0,0.0,0.0,0.0,6
2023-05-10 09:08:31,OI311P9700,OI311P9700,1475.0,0.0,0.0,0.0,10,1068.0,2136.5,1,1475.0,0.0,0.0,0.0,0.0,0.0,6
2023-05-10 09:08:32,OI311P9700,OI311P9700,1475.0,0.0,0.0,0.0,1,1069.5,2136.5,1,1475.0,0.0,0.0,0.0,0.0,0.0,6
2023-05-10 09:08:32,OI311P9700,OI311P9700,1475.0,0.0,0.0,0.0,10,1070.0,2136.5,1,1475.0,0.0,0.0,0.0,0.0,0.0,6
2023-05-10 09:08:33,OI311P9700,OI311P9700,1475.0,0.0,0.0,0.0,1,1071.5,2136.5,1,1475.0,0.0,0.0,0.0,0.0,0.0,6
2023-05-10 09:08:33,OI311P9700,OI311P9700,1475.0,0.0,0.0,0.0,10,1072.0,2136.5,1,1475.0,0.0,0.0,0.0,0.0,0.0,6
2023-05-10 09:08:34,OI311P9700,OI311P9700,1475.0,0.0,0.0,0.0,1,1073.5,2136.5,1,1475.0,0.0,0.0,0.0,0.0,0.0,6
2023-05-10 09:08:34,OI311P9700,OI311P9700,1475.0,0.0,0.0,0.0,10,1074.0,2136.5,1,1475.0,0.0,0.0,0.0,0.0,0.0,6
2023-05-10 09:08:35,OI311P9700,OI311P9700,1475.0,0.0,0.0,0.0,1,1075.5,2136.5,1,1475.0,0.0,0.0,0.0,0.0,0.0,6
2023-05-10 09:08:35,OI311P9700,OI311P9700,1475.0,0.0,0.0,0.0,10,1076.0,2136.5,1,1475.0,0.0,0.0,0.0,0.0,0.0,6
2023-05-10 09:08:36,OI311P9700,OI311P9700,1475.0,0.0,0.0,0.0,1,1077.5,2136.5,1,1475.0,0.0,0.0,0.0,0.0,0.0,6
2023-05-10 09:08:36,OI311P9700,OI311P9700,1475.0,0.0,0.0,0.0,10,1078.0,2136.5,1,1475.0,0.0,0.0,0.0,0.0,0.0,6
2023-05-10 09:08:38,OI311P9700,OI311P9700,1475.0,0.0,0.0,0.0,1,1079.5,2136.5,1,1475.0,0.0,0.0,0.0,0.0,0.0,6
2023-05-10 09:08:38,OI311P9700,OI311P9700,1475.0,0.0,0.0,0.0,10,1080.0,2136.5,1,1475.0,0.0,0.0,0.0,0.0,0.0,6
2023-05-10 09:08:41,OI311P9700,OI311P9700,1475.0,0.0,0.0,0.0,1,1081.5,2136.5,1,1475.0,0.0,0.0,0.0,0.0,0.0,6
2023-05-10 09:08:41,OI311P9700,OI311P9700,1475.0,0.0,0.0,0.0,10,1082.0,2136.5,1,1475.0,0.0,0.0,0.0,0.0,0.0,6
2023-05-10 09:08:44,OI311P9700,OI311P9700,1475.0,0.0,0.0,0.0,1,1083.5,2136.5,1,1475.0,0.0,0.0,0.0,0.0,0.0,6
2023-05-10 09:08:44,OI311P9700,OI311P9700,1475.0,0.0,0.0,0.0,10,1084.0,2136.5,1,1475.0,0.0,0.0,0.0,0.0,0.0,6
2023-05-10 09:08:45,OI311P9700,OI311P9700,1475.0,0.0,0.0,0.0,1,1085.5,2136.5,1,1475.0,0.0,0.0,0.0,0.0,0.0,6
2023-05-10 09:08:45,OI311P9700,OI311P9700,1475.0,0.0,0.0,0.0,10,1086.0,2136.5,1,1475.0,0.0,0.0,0.0,0.0,0.0,6
2023-05-10 09:08:47,OI311P9700,OI311P9700,1475.0,0.0,0.0,0.0,1,1087.5,2136.5,1,1475.0,0.0,0.0,0.0,0.0,0.0,6
2023-05-10 09:08:47,OI311P9700,OI311P9700,1475.0,0.0,0.0,0.0,10,1088.0,2136.5,1,1475.0,0.0,0.0,0.0,0.0,0.0,6
2023-05-10 09:08:48,OI311P9700,OI311P9700,1475.0,0.0,0.0,0.0,1,1089.5,2136.5,1,1475.0,0.0,0.0,0.0,0.0,0.0,6
2023-05-10 09:08:48,OI311P9700,OI311P9700,1475.0,0.0,0.0,0.0,10,1090.0,2136.5,1,1475.0,0.0,0.0,0.0,0.0,0.0,6
2023-05-10 09:08:51,OI311P9700,OI311P9700,1475.0,0.0,0.0,0.0,1,1091.5,2136.5,1,1475.0,0.0,0.0,0.0,0.0,0.0,6
2023-05-10 09:08:51,OI311P9700,OI311P9700,1475.0,0.0,0.0,0.0,10,1092.0,2136.5,1,1475.0,0.0,0.0,0.0,0.0,0.0,6
2023-05-10 09:08:57,OI311P9700,OI311P9700,1475.0,0.0,0.0,0.0,1,1093.5,2136.5,1,1475.0,0.0,0.0,0.0,0.0,0.0,6
2023-05-10 09:08:58,OI311P9700,OI311P9700,1475.0,0.0,0.0,0.0,10,1094.0,2136.5,1,1475.0,0.0,0.0,0.0,0.0,0.0,6
2023-05-10 09:09:02,OI311P9700,OI311P9700,1475.0,0.0,0.0,0.0,1,1095.5,2136.5,1,1475.0,0.0,0.0,0.0,0.0,0.0,6
2023-05-10 09:09:03,OI311P9700,OI311P9700,1475.0,0.0,0.0,0.0,10,1096.0,2136.5,1,1475.0,0.0,0.0,0.0,0.0,0.0,6
2023-05-10 09:09:08,OI311P9700,OI311P9700,1475.0,0.0,0.0,0.0,1,1097.5,2136.5,1,1475.0,0.0,0.0,0.0,0.0,0.0,6
2023-05-10 09:09:09,OI311P9700,OI311P9700,1475.0,0.0,0.0,0.0,10,1098.0,2136.5,1,1475.0,0.0,0.0,0.0,0.0,0.0,6
2023-05-10 09:09:15,OI311P9700,OI311P9700,1475.0,0.0,0.0,0.0,1,1099.5,2136.5,1,1475.0,0.0,0.0,0.0,0.0,0.0,6
2023-05-10 09:09:15,OI311P9700,OI311P9700,1475.0,0.0,0.0,0.0,10,1100.0,2136.5,1,1475.0,0.0,0.0,0.0,0.0,0.0,6
2023-05-10 09:09:20,OI311P9700,OI311P9700,1475.0,0.0,0.0,0.0,1,1101.5,2136.5,1,1475.0,0.0,0.0,0.0,0.0,0.0,6
2023-05-10 09:09:21,OI311P9700,OI311P9700,1475.0,0.0,0.0,0.0,10,1102.0,2136.5,1,1475.0,0.0,0.0,0.0,0.0,0.0,6
2023-05-10 09:09:23,OI311P9700,OI311P9700,1475.0,0.0,0.0,0.0,1,1103.5,2136.5,1,1475.0,0.0,0.0,0.0,0.0,0.0,6
2023-05-10 09:09:24,OI311P9700,OI311P9700,1475.0,0.0,0.0,0.0,10,1104.0,2136.5,1,1475.0,0.0,0.0,0.0,0.0,0.0,6
2023-05-10 09:09:31,OI311P9700,OI311P9700,1475.0,0.0,0.0,0.0,1,1105.5,2136.5,1,1475.0,0.0,0.0,0.0,0.0,0.0,6
2023-05-10 09:09:32,OI311P9700,OI311P9700,1475.0,0.0,0.0,0.0,10,1106.0,2136.5,1,1475.0,0.0,0.0,0.0,0.0,0.0,6
2023-05-10 09:09:37,OI311P9700,OI311P9700,1475.0,0.0,0.0,0.0,1,1107.5,2136.5,1,1475.0,0.0,0.0,0.0,0.0,0.0,6
2023-05-10 09:09:38,OI311P9700,OI311P9700,1475.0,0.0,0.0,0.0,10,1108.0,2136.5,1,1475.0,0.0,0.0,0.0,0.0,0.0,6
2023-05-10 09:09:38,OI311P9700,OI311P9700,1475.0,0.0,0.0,0.0,1,1109.5,2136.5,1,1475.0,0.0,0.0,0.0,0.0,0.0,6
2023-05-10 09:09:38,OI311P9700,OI311P9700,1475.0,0.0,0.0,0.0,10,1110.0,2136.5,1,1475.0,0.0,0.0,0.0,0.0,0.0,6
2023-05-10 09:09:39,OI311P9700,OI311P9700,1475.0,0.0,0.0,0.0,1,1111.5,2136.5,1,1475.0,0.0,0.0,0.0,0.0,0.0,6
2023-05-10 09:09:39,OI311P9700,OI311P9700,1475.0,0.0,0.0,0.0,10,1112.0,2136.5,1,1475.0,0.0,0.0,0.0,0.0,0.0,6
2023-05-10 09:09:42,OI311P9700,OI311P9700,1475.0,0.0,0.0,0.0,1,1113.5,2136.5,1,1475.0,0.0,0.0,0.0,0.0,0.0,6
2023-05-10 09:09:42,OI311P9700,OI311P9700,1475.0,0.0,0.0,0.0,10,1114.0,2136.5,1,1475.0,0.0,0.0,0.0,0.0,0.0,6
2023-05-10 09:09:43,OI311P9700,OI311P9700,1475.0,0.0,0.0,0.0,1,1115.5,2136.5,1,1475.0,0.0,0.0,0.0,0.0,0.0,6
2023-05-10 09:09:43,OI311P9700,OI311P9700,1475.0,0.0,0.0,0.0,10,1116.0,2136.5,1,1475.0,0.0,0.0,0.0,0.0,0.0,6
2023-05-10 09:09:46,OI311P9700,OI311P9700,1475.0,0.0,0.0,0.0,1,1117.5,2136.5,1,1475.0,0.0,0.0,0.0,0.0,0.0,6
2023-05-10 09:09:46,OI311P9700,OI311P9700,1475.0,0.0,0.0,0.0,10,1118.0,2136.5,1,1475.0,0.0,0.0,0.0,0.0,0.0,6
2023-05-10 09:09:52,OI311P9700,OI311P9700,1475.0,0.0,0.0,0.0,1,1119.5,2136.5,1,1475.0,0.0,0.0,0.0,0.0,0.0,6
2023-05-10 09:09:52,OI311P9700,OI311P9700,1475.0,0.0,0.0,0.0,10,1120.0,2136.5,1,1475.0,0.0,0.0,0.0,0.0,0.0,6
2023-05-10 09:09:56,OI311P9700,OI311P9700,1475.0,0.0,0.0,0.0,1,1121.5,2136.5,1,1475.0,0.0,0.0,0.0,0.0,0.0,6
2023-05-10 09:09:56,OI311P9700,OI311P9700,1475.0,0.0,0.0,0.0,10,1122.0,2136.5,1,1475.0,0.0,0.0,0.0,0.0,0.0,6
2023-05-10 09:09:59,OI311P9700,OI311P9700,1475.0,0.0,0.0,0.0,1,1123.5,2136.5,1,1475.0,0.0,0.0,0.0,0.0,0.0,6
2023-05-10 09:09:59,OI311P9700,OI311P9700,1475.0,0.0,0.0,0.0,10,1124.0,2136.5,1,1475.0,0.0,0.0,0.0,0.0,0.0,6
2023-05-10 09:10:02,OI311P9700,OI311P9700,1475.0,0.0,0.0,0.0,1,1125.5,2136.5,1,1475.0,0.0,0.0,0.0,0.0,0.0,6
2023-05-10 09:10:02,OI311P9700,OI311P9700,1475.0,0.0,0.0,0.0,10,1126.0,2136.5,1,1475.0,0.0,0.0,0.0,0.0,0.0,6
2023-05-10 09:10:07,OI311P9700,OI311P9700,1475.0,0.0,0.0,0.0,1,1127.5,2136.5,1,1475.0,0.0,0.0,0.0,0.0,0.0,6
2023-05-10 09:10:07,OI311P9700,OI311P9700,1475.0,0.0,0.0,0.0,10,1128.0,2136.5,1,1475.0,0.0,0.0,0.0,0.0,0.0,6
2023-05-10 09:10:09,OI311P9700,OI311P9700,1475.0,0.0,0.0,0.0,1,1129.5,2136.5,1,1475.0,0.0,0.0,0.0,0.0,0.0,6
2023-05-10 09:10:09,OI311P9700,OI311P9700,1475.0,0.0,0.0,0.0,10,1130.0,2136.5,1,1475.0,0.0,0.0,0.0,0.0,0.0,6
2023-05-10 09:10:13,OI311P9700,OI311P9700,1475.0,0.0,0.0,0.0,1,1131.5,2136.5,1,1475.0,0.0,0.0,0.0,0.0,0.0,6
2023-05-10 09:10:13,OI311P9700,OI311P9700,1475.0,0.0,0.0,0.0,10,1132.0,2136.5,1,1475.0,0.0,0.0,0.0,0.0,0.0,6
2023-05-10 09:10:16,OI311P9700,OI311P9700,1475.0,0.0,0.0,0.0,1,1133.5,2136.5,1,1475.0,0.0,0.0,0.0,0.0,0.0,6
2023-05-10 09:10:16,OI311P9700,OI311P9700,1475.0,0.0,0.0,0.0,10,1134.0,2136.5,1,1475.0,0.0,0.0,0.0,0.0,0.0,6
2023-05-10 09:10:18,OI311P9700,OI311P9700,1475.0,0.0,0.0,0.0,1,1135.5,2136.5,1,1475.0,0.0,0.0,0.0,0.0,0.0,6
2023-05-10 09:10:18,OI311P9700,OI311P9700,1475.0,0.0,0.0,0.0,10,1136.0,2136.5,1,1475.0,0.0,0.0,0.0,0.0,0.0,6
2023-05-10 09:10:22,OI311P9700,OI311P9700,1475.0,0.0,0.0,0.0,1,1137.5,2136.5,1,1475.0,0.0,0.0,0.0,0.0,0.0,6
2023-05-10 09:10:22,OI311P9700,OI311P9700,1475.0,0.0,0.0,0.0,10,1138.0,2136.5,1,1475.0,0.0,0.0,0.0,0.0,0.0,6
2023-05-10 09:10:23,OI311P9700,OI311P9700,1475.0,0.0,0.0,0.0,1,1139.5,2136.5,1,1475.0,0.0,0.0,0.0,0.0,0.0,6
2023-05-10 09:10:23,OI311P9700,OI311P9700,1475.0,0.0,0.0,0.0,10,1140.0,2136.5,1,1475.0,0.0,0.0,0.0,0.0,0.0,6
2023-05-10 09:10:26,OI311P9700,OI311P9700,1475.0,0.0,0.0,0.0,1,1141.5,2136.5,1,1475.0,0.0,0.0,0.0,0.0,0.0,6
2023-05-10 09:10:26,OI311P9700,OI311P9700,1475.0,0.0,0.0,0.0,10,1142.0,2136.5,1,1475.0,0.0,0.0,0.0,0.0,0.0,6
2023-05-10 09:10:34,OI311P9700,OI311P9700,1475.0,0.0,0.0,0.0,1,1143.5,2136.5,1,1475.0,0.0,0.0,0.0,0.0,0.0,6
2023-05-10 09:10:35,OI311P9700,OI311P9700,1475.0,0.0,0.0,0.0,10,1144.0,2136.5,1,1475.0,0.0,0.0,0.0,0.0,0.0,6
2023-05-10 09:10:40,OI311P9700,OI311P9700,1475.0,0.0,0.0,0.0,1,1145.5,2136.5,1,1475.0,0.0,0.0,0.0,0.0,0.0,6
2023-05-10 09:10:40,OI311P9700,OI311P9700,1475.0,0.0,0.0,0.0,10,1146.0,2136.5,1,1475.0,0.0,0.0,0.0,0.0,0.0,6
2023-05-10 09:10:41,OI311P9700,OI311P9700,1475.0,0.0,0.0,0.0,1,1147.5,2136.5,1,1475.0,0.0,0.0,0.0,0.0,0.0,6
2023-05-10 09:10:42,OI311P9700,OI311P9700,1475.0,0.0,0.0,0.0,10,1148.0,2136.5,1,1475.0,0.0,0.0,0.0,0.0,0.0,6
2023-05-10 09:23:37,OI311P9700,OI311P9700,1475.0,0.0,0.0,0.0,1,1149.5,2136.5,1,1475.0,0.0,0.0,0.0,0.0,0.0,6
2023-05-10 09:23:37,OI311P9700,OI311P9700,1475.0,0.0,0.0,0.0,10,1150.0,2136.5,1,1475.0,0.0,0.0,0.0,0.0,0.0,6
2023-05-10 09:23:38,OI311P9700,OI311P9700,1475.0,0.0,0.0,0.0,1,1151.5,2136.5,1,1475.0,0.0,0.0,0.0,0.0,0.0,6
2023-05-10 09:23:38,OI311P9700,OI311P9700,1475.0,0.0,0.0,0.0,10,1152.0,2136.5,1,1475.0,0.0,0.0,0.0,0.0,0.0,6
2023-05-10 09:23:39,OI311P9700,OI311P9700,1475.0,0.0,0.0,0.0,1,1153.5,2136.5,1,1475.0,0.0,0.0,0.0,0.0,0.0,6
2023-05-10 09:23:39,OI311P9700,OI311P9700,1475.0,0.0,0.0,0.0,10,1154.0,2136.5,1,1475.0,0.0,0.0,0.0,0.0,0.0,6
2023-05-10 09:23:40,OI311P9700,OI311P9700,1475.0,0.0,0.0,0.0,1,1155.5,2136.5,1,1475.0,0.0,0.0,0.0,0.0,0.0,6
2023-05-10 09:23:40,OI311P9700,OI311P9700,1475.0,0.0,0.0,0.0,10,1156.0,2136.5,1,1475.0,0.0,0.0,0.0,0.0,0.0,6
2023-05-10 09:23:41,OI311P9700,OI311P9700,1475.0,0.0,0.0,0.0,1,1157.5,2136.5,1,1475.0,0.0,0.0,0.0,0.0,0.0,6
2023-05-10 09:23:41,OI311P9700,OI311P9700,1475.0,0.0,0.0,0.0,10,1158.0,2136.5,1,1475.0,0.0,0.0,0.0,0.0,0.0,6
2023-05-10 09:23:42,OI311P9700,OI311P9700,1475.0,0.0,0.0,0.0,1,1159.5,2136.5,1,1475.0,0.0,0.0,0.0,0.0,0.0,6
2023-05-10 09:23:42,OI311P9700,OI311P9700,1475.0,0.0,0.0,0.0,10,1160.0,2136.5,1,1475.0,0.0,0.0,0.0,0.0,0.0,6
2023-05-10 09:23:43,OI311P9700,OI311P9700,1475.0,0.0,0.0,0.0,1,1161.5,2136.5,1,1475.0,0.0,0.0,0.0,0.0,0.0,6
2023-05-10 09:23:43,OI311P9700,OI311P9700,1475.0,0.0,0.0,0.0,10,1162.0,2136.5,1,1475.0,0.0,0.0,0.0,0.0,0.0,6
2023-05-10 09:23:44,OI311P9700,OI311P9700,1475.0,0.0,0.0,0.0,1,1163.5,2136.5,1,1475.0,0.0,0.0,0.0,0.0,0.0,6
2023-05-10 09:24:49,OI311P9700,OI311P9700,1475.0,0.0,0.0,0.0,10,1164.0,2136.5,1,1475.0,0.0,0.0,0.0,0.0,0.0,6
2023-05-10 09:24:50,OI311P9700,OI311P9700,1475.0,0.0,0.0,0.0,1,1165.5,2136.5,1,1475.0,0.0,0.0,0.0,0.0,0.0,6
2023-05-10 09:24:50,OI311P9700,OI311P9700,1475.0,0.0,0.0,0.0,10,1166.0,2136.5,1,1475.0,0.0,0.0,0.0,0.0,0.0,6
2023-05-10 09:24:51,OI311P9700,OI311P9700,1475.0,0.0,0.0,0.0,1,1167.5,2136.5,1,1475.0,0.0,0.0,0.0,0.0,0.0,6
2023-05-10 09:24:51,OI311P9700,OI311P9700,1475.0,0.0,0.0,0.0,10,1168.0,2136.5,1,1475.0,0.0,0.0,0.0,0.0,0.0,6
2023-05-10 09:24:52,OI311P9700,OI311P9700,1475.0,0.0,0.0,0.0,1,1169.5,2136.5,1,1475.0,0.0,0.0,0.0,0.0,0.0,6
2023-05-10 09:24:52,OI311P9700,OI311P9700,1475.0,0.0,0.0,0.0,10,1170.0,2136.5,1,1475.0,0.0,0.0,0.0,0.0,0.0,6
2023-05-10 09:43:37,OI311P9700,OI311P9700,1475.0,0.0,0.0,0.0,1,1171.5,2136.5,1,1475.0,0.0,0.0,0.0,0.0,0.0,6
2023-05-10 09:43:37,OI311P9700,OI311P9700,1475.0,0.0,0.0,0.0,10,1172.0,2136.5,1,1475.0,0.0,0.0,0.0,0.0,0.0,6
2023-05-10 09:43:38,OI311P9700,OI311P9700,1475.0,0.0,0.0,0.0,1,1173.5,2136.5,1,1475.0,0.0,0.0,0.0,0.0,0.0,6
2023-05-10 09:43:38,OI311P9700,OI311P9700,1475.0,0.0,0.0,0.0,10,1174.0,2136.5,1,1475.0,0.0,0.0,0.0,0.0,0.0,6
2023-05-10 09:43:39,OI311P9700,OI311P9700,1475.0,0.0,0.0,0.0,1,1175.5,2136.5,1,1475.0,0.0,0.0,0.0,0.0,0.0,6
2023-05-10 09:43:39,OI311P9700,OI311P9700,1475.0,0.0,0.0,0.0,10,1176.0,2136.5,1,1475.0,0.0,0.0,0.0,0.0,0.0,6
2023-05-10 09:43:40,OI311P9700,OI311P9700,1475.0,0.0,0.0,0.0,1,1177.5,2136.5,1,1475.0,0.0,0.0,0.0,0.0,0.0,6
2023-05-10 09:43:40,OI311P9700,OI311P9700,1475.0,0.0,0.0,0.0,10,1178.0,2136.5,1,1475.0,0.0,0.0,0.0,0.0,0.0,6
2023-05-10 09:43:41,OI311P9700,OI311P9700,1475.0,0.0,0.0,0.0,1,1179.5,2136.5,1,1475.0,0.0,0.0,0.0,0.0,0.0,6
2023-05-10 09:43:41,OI311P9700,OI311P9700,1475.0,0.0,0.0,0.0,10,1180.0,2136.5,1,1475.0,0.0,0.0,0.0,0.0,0.0,6
2023-05-10 09:43:42,OI311P9700,OI311P9700,1475.0,0.0,0.0,0.0,1,1181.5,2136.5,1,1475.0,0.0,0.0,0.0,0.0,0.0,6
2023-05-10 09:43:42,OI311P9700,OI311P9700,1475.0,0.0,0.0,0.0,10,1182.0,2136.5,1,1475.0,0.0,0.0,0.0,0.0,0.0,6
2023-05-10 09:43:43,OI311P9700,OI311P9700,1475.0,0.0,0.0,0.0,1,1183.5,2136.5,1,1475.0,0.0,0.0,0.0,0.0,0.0,6
2023-05-10 09:43:43,OI311P9700,OI311P9700,1475.0,0.0,0.0,0.0,10,1184.0,2136.5,1,1475.0,0.0,0.0,0.0,0.0,0.0,6
2023-05-10 09:43:44,OI311P9700,OI311P9700,1475.0,0.0,0.0,0.0,1,1185.5,2136.5,1,1475.0,0.0,0.0,0.0,0.0,0.0,6
2023-05-10 09:43:44,OI311P9700,OI311P9700,1475.0,0.0,0.0,0.0,10,1186.0,2136.5,1,1475.0,0.0,0.0,0.0,0.0,0.0,6
2023-05-10 09:43:45,OI311P9700,OI311P9700,1475.0,0.0,0.0,0.0,1,1187.5,2136.5,1,1475.0,0.0,0.0,0.0,0.0,0.0,6
2023-05-10 09:43:45,OI311P9700,OI311P9700,1475.0,0.0,0.0,0.0,10,1188.0,2136.5,1,1475.0,0.0,0.0,0.0,0.0,0.0,6
2023-05-10 09:43:46,OI311P9700,OI311P9700,1475.0,0.0,0.0,0.0,1,1189.5,2136.5,1,1475.0,0.0,0.0,0.0,0.0,0.0,6
2023-05-10 09:43:46,OI311P9700,OI311P9700,1475.0,0.0,0.0,0.0,10,1190.0,2136.5,1,1475.0,0.0,0.0,0.0,0.0,0.0,6
2023-05-10 10:03:37,OI311P9700,OI311P9700,1475.0,0.0,0.0,0.0,1,1191.5,2136.5,1,1475.0,0.0,0.0,0.0,0.0,0.0,6
2023-05-10 10:03:37,OI311P9700,OI311P9700,1475.0,0.0,0.0,0.0,10,1192.0,2136.5,1,1475.0,0.0,0.0,0.0,0.0,0.0,6
2023-05-10 10:03:38,OI311P9700,OI311P9700,1475.0,0.0,0.0,0.0,1,1193.5,2136.5,1,1475.0,0.0,0.0,0.0,0.0,0.0,6
2023-05-10 10:03:38,OI311P9700,OI311P9700,1475.0,0.0,0.0,0.0,10,1194.0,2136.5,1,1475.0,0.0,0.0,0.0,0.0,0.0,6
2023-05-10 10:03:39,OI311P9700,OI311P9700,1475.0,0.0,0.0,0.0,1,1195.5,2136.5,1,1475.0,0.0,0.0,0.0,0.0,0.0,6
2023-05-10 10:03:39,OI311P9700,OI311P9700,1475.0,0.0,0.0,0.0,10,1196.0,2136.5,1,1475.0,0.0,0.0,0.0,0.0,0.0,6
2023-05-10 10:03:40,OI311P9700,OI311P9700,1475.0,0.0,0.0,0.0,1,1197.5,2136.5,1,1475.0,0.0,0.0,0.0,0.0,0.0,6
2023-05-10 10:03:40,OI311P9700,OI311P9700,1475.0,0.0,0.0,0.0,10,1198.0,2136.5,1,1475.0,0.0,0.0,0.0,0.0,0.0,6
2023-05-10 10:03:41,OI311P9700,OI311P9700,1475.0,0.0,0.0,0.0,1,1199.5,2136.5,1,1475.0,0.0,0.0,0.0,0.0,0.0,6
2023-05-10 10:08:29,OI311P9700,OI311P9700,1475.0,0.0,0.0,0.0,10,1200.0,2136.5,1,1475.0,0.0,0.0,0.0,0.0,0.0,6
2023-05-10 10:08:30,OI311P9700,OI311P9700,1475.0,0.0,0.0,0.0,1,1201.5,2136.5,1,1475.0,0.0,0.0,0.0,0.0,0.0,6
2023-05-10 10:08:30,OI311P9700,OI311P9700,1475.0,0.0,0.0,0.0,10,1202.0,2136.5,1,1475.0,0.0,0.0,0.0,0.0,0.0,6
2023-05-10 10:08:31,OI311P9700,OI311P9700,1475.0,0.0,0.0,0.0,1,1203.5,2136.5,1,1475.0,0.0,0.0,0.0,0.0,0.0,6
2023-05-10 10:08:31,OI311P9700,OI311P9700,1475.0,0.0,0.0,0.0,10,1204.0,2136.5,1,1475.0,0.0,0.0,0.0,0.0,0.0,6
2023-05-10 10:08:32,OI311P9700,OI311P9700,1475.0,0.0,0.0,0.0,1,1205.5,2136.5,1,1475.0,0.0,0.0,0.0,0.0,0.0,6
2023-05-10 10:08:32,OI311P9700,OI311P9700,1475.0,0.0,0.0,0.0,10,1206.0,2136.5,1,1475.0,0.0,0.0,0.0,0.0,0.0,6
2023-05-10 10:08:33,OI311P9700,OI311P9700,1475.0,0.0,0.0,0.0,1,1207.5,2136.5,1,1475.0,0.0,0.0,0.0,0.0,0.0,6
2023-05-10 10:08:33,OI311P9700,OI311P9700,1475.0,0.0,0.0,0.0,10,1208.0,2136.5,1,1475.0,0.0,0.0,0.0,0.0,0.0,6
2023-05-10 10:08:34,OI311P9700,OI311P9700,1475.0,0.0,0.0,0.0,1,1209.5,2136.5,1,1475.0,0.0,0.0,0.0,0.0,0.0,6
2023-05-10 10:08:34,OI311P9700,OI311P9700,1475.0,0.0,0.0,0.0,10,1210.0,2136.5,1,1475.0,0.0,0.0,0.0,0.0,0.0,6
2023-05-10 10:14:33,OI311P9700,OI311P9700,1475.0,0.0,0.0,0.0,0,0.0,2136.5,1,1475.0,0.0,0.0,0.0,0.0,0.0,6
2023-05-10 10:30:00,OI311P9700,OI311P9700,1475.0,0.0,0.0,0.0,0,0.0,0.0,0,1475.0,0.0,0.0,0.0,0.0,0.0,6
2023-05-10 10:32:02,OI311P9700,OI311P9700,1475.0,0.0,0.0,0.0,1,813.5,2136.5,1,1475.0,0.0,0.0,0.0,0.0,0.0,6
2023-05-10 10:32:02,OI311P9700,OI311P9700,1475.0,0.0,0.0,0.0,10,814.0,2136.5,1,1475.0,0.0,0.0,0.0,0.0,0.0,6
2023-05-10 10:32:04,OI311P9700,OI311P9700,1475.0,0.0,0.0,0.0,1,815.5,2136.5,1,1475.0,0.0,0.0,0.0,0.0,0.0,6
2023-05-10 10:32:05,OI311P9700,OI311P9700,1475.0,0.0,0.0,0.0,10,816.0,2136.5,1,1475.0,0.0,0.0,0.0,0.0,0.0,6
2023-05-10 10:32:05,OI311P9700,OI311P9700,1475.0,0.0,0.0,0.0,1,817.5,2136.5,1,1475.0,0.0,0.0,0.0,0.0,0.0,6
2023-05-10 10:32:06,OI311P9700,OI311P9700,1475.0,0.0,0.0,0.0,10,818.0,2136.5,1,1475.0,0.0,0.0,0.0,0.0,0.0,6
2023-05-10 10:32:07,OI311P9700,OI311P9700,1475.0,0.0,0.0,0.0,1,819.5,2136.5,1,1475.0,0.0,0.0,0.0,0.0,0.0,6
2023-05-10 10:32:08,OI311P9700,OI311P9700,1475.0,0.0,0.0,0.0,10,820.0,2136.5,1,1475.0,0.0,0.0,0.0,0.0,0.0,6
2023-05-10 10:32:08,OI311P9700,OI311P9700,1475.0,0.0,0.0,0.0,1,821.5,2136.5,1,1475.0,0.0,0.0,0.0,0.0,0.0,6
2023-05-10 10:32:09,OI311P9700,OI311P9700,1475.0,0.0,0.0,0.0,10,822.0,2136.5,1,1475.0,0.0,0.0,0.0,0.0,0.0,6
2023-05-10 10:32:09,OI311P9700,OI311P9700,1475.0,0.0,0.0,0.0,1,823.5,2136.5,1,1475.0,0.0,0.0,0.0,0.0,0.0,6
2023-05-10 10:32:10,OI311P9700,OI311P9700,1475.0,0.0,0.0,0.0,10,824.0,2136.5,1,1475.0,0.0,0.0,0.0,0.0,0.0,6
2023-05-10 10:32:10,OI311P9700,OI311P9700,1475.0,0.0,0.0,0.0,1,825.5,2136.5,1,1475.0,0.0,0.0,0.0,0.0,0.0,6
2023-05-10 10:32:11,OI311P9700,OI311P9700,1475.0,0.0,0.0,0.0,10,826.0,2136.5,1,1475.0,0.0,0.0,0.0,0.0,0.0,6
2023-05-10 10:32:11,OI311P9700,OI311P9700,1475.0,0.0,0.0,0.0,1,827.5,2136.5,1,1475.0,0.0,0.0,0.0,0.0,0.0,6
2023-05-10 10:32:12,OI311P9700,OI311P9700,1475.0,0.0,0.0,0.0,10,828.0,2136.5,1,1475.0,0.0,0.0,0.0,0.0,0.0,6
2023-05-10 10:32:12,OI311P9700,OI311P9700,1475.0,0.0,0.0,0.0,1,829.5,2136.5,1,1475.0,0.0,0.0,0.0,0.0,0.0,6
2023-05-10 10:32:13,OI311P9700,OI311P9700,1475.0,0.0,0.0,0.0,10,830.0,2136.5,1,1475.0,0.0,0.0,0.0,0.0,0.0,6
2023-05-10 11:29:32,OI311P9700,OI311P9700,1475.0,0.0,0.0,0.0,0,0.0,2136.5,1,1475.0,0.0,0.0,0.0,0.0,0.0,6
2023-05-10 11:29:53,OI311P9700,OI311P9700,1475.0,0.0,0.0,0.0,0,0.0,0.0,0,1475.0,0.0,0.0,0.0,0.0,0.0,6
