time,symbol_id,symbol_name,last,trade_volume,trade_amount,open_interest_change,bv1,bp1,ap1,av1,yesterday_close,today_open,today_high,today_low,volume,amount,open_interest
2023-05-09 19:10:58,OI311P7500,菜籽油2311沽7500,145.5,0.0,0.0,-6.0,0,0.0,0.0,0,145.5,0.0,0.0,0.0,0.0,0.0,139
2023-05-09 20:59:00,OI311P7500,菜籽油2311沽7500,145.5,0.0,0.0,0.0,1,87.5,0.0,0,145.5,0.0,0.0,0.0,0.0,0.0,139
2023-05-09 21:00:00,OI311P7500,菜籽油2311沽7500,145.5,0.0,0.0,0.0,6,90.5,200.0,1,145.5,0.0,0.0,0.0,0.0,0.0,139
2023-05-09 21:00:01,OI311P7500,菜籽油2311沽7500,145.5,0.0,0.0,0.0,6,90.5,197.0,6,145.5,0.0,0.0,0.0,0.0,0.0,139
2023-05-09 21:00:02,OI311P7500,菜籽油2311沽7500,145.5,0.0,0.0,0.0,6,90.5,159.5,4,145.5,0.0,0.0,0.0,0.0,0.0,139
2023-05-09 21:00:02,OI311P7500,菜籽油2311沽7500,145.5,0.0,0.0,0.0,6,91.5,159.5,4,145.5,0.0,0.0,0.0,0.0,0.0,139
2023-05-09 21:00:04,OI311P7500,菜籽油2311沽7500,145.5,0.0,0.0,0.0,6,94.5,159.5,4,145.5,0.0,0.0,0.0,0.0,0.0,139
2023-05-09 21:00:05,OI311P7500,菜籽油2311沽7500,145.5,0.0,0.0,0.0,4,134.0,159.5,4,145.5,0.0,0.0,0.0,0.0,0.0,139
2023-05-09 21:00:49,OI311P7500,菜籽油2311沽7500,145.5,0.0,0.0,0.0,6,98.5,197.0,6,145.5,0.0,0.0,0.0,0.0,0.0,139
2023-05-09 21:00:50,OI311P7500,菜籽油2311沽7500,145.5,0.0,0.0,0.0,2,129.5,166.0,2,145.5,0.0,0.0,0.0,0.0,0.0,139
2023-05-09 21:01:18,OI311P7500,菜籽油2311沽7500,145.5,0.0,0.0,0.0,10,130.0,151.0,2,145.5,0.0,0.0,0.0,0.0,0.0,139
2023-05-09 21:01:19,OI311P7500,菜籽油2311沽7500,145.5,0.0,0.0,0.0,2,145.0,151.0,2,145.5,0.0,0.0,0.0,0.0,0.0,139
2023-05-09 21:01:42,OI311P7500,菜籽油2311沽7500,145.5,0.0,0.0,0.0,2,145.0,150.0,2,145.5,0.0,0.0,0.0,0.0,0.0,139
2023-05-09 21:01:43,OI311P7500,菜籽油2311沽7500,145.5,0.0,0.0,0.0,2,145.0,149.5,2,145.5,0.0,0.0,0.0,0.0,0.0,139
2023-05-09 21:01:49,OI311P7500,菜籽油2311沽7500,145.5,0.0,0.0,0.0,2,145.0,149.0,2,145.5,0.0,0.0,0.0,0.0,0.0,139
2023-05-09 21:02:05,OI311P7500,菜籽油2311沽7500,145.5,0.0,0.0,0.0,2,129.5,148.5,2,145.5,0.0,0.0,0.0,0.0,0.0,139
2023-05-09 21:02:05,OI311P7500,菜籽油2311沽7500,145.5,0.0,0.0,0.0,10,130.0,148.5,2,145.5,0.0,0.0,0.0,0.0,0.0,139
2023-05-09 21:02:06,OI311P7500,菜籽油2311沽7500,145.5,0.0,0.0,0.0,10,130.0,148.0,2,145.5,0.0,0.0,0.0,0.0,0.0,139
2023-05-09 21:02:07,OI311P7500,菜籽油2311沽7500,145.5,0.0,0.0,0.0,2,142.5,148.0,2,145.5,0.0,0.0,0.0,0.0,0.0,139
2023-05-09 21:02:08,OI311P7500,菜籽油2311沽7500,145.5,0.0,0.0,0.0,2,143.0,148.0,2,145.5,0.0,0.0,0.0,0.0,0.0,139
2023-05-09 21:02:20,OI311P7500,菜籽油2311沽7500,145.5,0.0,0.0,0.0,2,143.5,148.0,2,145.5,0.0,0.0,0.0,0.0,0.0,139
2023-05-09 21:02:29,OI311P7500,菜籽油2311沽7500,145.5,0.0,0.0,0.0,2,144.0,148.0,2,145.5,0.0,0.0,0.0,0.0,0.0,139
2023-05-09 21:02:43,OI311P7500,菜籽油2311沽7500,145.5,0.0,0.0,0.0,2,144.5,148.0,2,145.5,0.0,0.0,0.0,0.0,0.0,139
2023-05-09 21:02:50,OI311P7500,菜籽油2311沽7500,145.5,0.0,0.0,0.0,2,144.5,148.5,8,145.5,0.0,0.0,0.0,0.0,0.0,139
2023-05-09 21:02:51,OI311P7500,菜籽油2311沽7500,145.5,0.0,0.0,0.0,2,144.5,148.5,2,145.5,0.0,0.0,0.0,0.0,0.0,139
2023-05-09 21:02:51,OI311P7500,菜籽油2311沽7500,145.5,0.0,0.0,0.0,2,145.0,148.5,2,145.5,0.0,0.0,0.0,0.0,0.0,139
2023-05-09 21:04:23,OI311P7500,菜籽油2311沽7500,145.5,0.0,0.0,0.0,2,145.0,149.5,6,145.5,0.0,0.0,0.0,0.0,0.0,139
2023-05-09 21:04:23,OI311P7500,菜籽油2311沽7500,145.5,0.0,0.0,0.0,2,145.0,150.5,8,145.5,0.0,0.0,0.0,0.0,0.0,139
2023-05-09 21:04:29,OI311P7500,菜籽油2311沽7500,145.5,0.0,0.0,0.0,2,145.0,149.5,6,145.5,0.0,0.0,0.0,0.0,0.0,139
2023-05-09 21:04:30,OI311P7500,菜籽油2311沽7500,145.5,0.0,0.0,0.0,2,145.0,149.5,18,145.5,0.0,0.0,0.0,0.0,0.0,139
2023-05-09 21:04:37,OI311P7500,菜籽油2311沽7500,145.5,0.0,0.0,0.0,2,145.0,148.5,6,145.5,0.0,0.0,0.0,0.0,0.0,139
2023-05-09 21:04:38,OI311P7500,菜籽油2311沽7500,145.5,0.0,0.0,0.0,2,145.0,148.5,18,145.5,0.0,0.0,0.0,0.0,0.0,139
2023-05-09 21:04:44,OI311P7500,菜籽油2311沽7500,145.5,0.0,0.0,0.0,2,145.0,148.5,6,145.5,0.0,0.0,0.0,0.0,0.0,139
2023-05-09 21:04:44,OI311P7500,菜籽油2311沽7500,145.5,0.0,0.0,0.0,2,145.0,149.0,6,145.5,0.0,0.0,0.0,0.0,0.0,139
2023-05-09 21:04:46,OI311P7500,菜籽油2311沽7500,145.5,0.0,0.0,0.0,2,145.0,149.0,18,145.5,0.0,0.0,0.0,0.0,0.0,139
2023-05-09 21:04:49,OI311P7500,菜籽油2311沽7500,145.5,0.0,0.0,0.0,2,146.0,149.0,18,145.5,0.0,0.0,0.0,0.0,0.0,139
2023-05-09 21:04:52,OI311P7500,菜籽油2311沽7500,145.5,0.0,0.0,0.0,2,146.0,148.5,6,145.5,0.0,0.0,0.0,0.0,0.0,139
2023-05-09 21:05:09,OI311P7500,菜籽油2311沽7500,145.5,0.0,0.0,0.0,2,146.0,148.5,18,145.5,0.0,0.0,0.0,0.0,0.0,139
2023-05-09 21:05:38,OI311P7500,菜籽油2311沽7500,145.5,0.0,0.0,0.0,2,146.0,148.5,12,145.5,0.0,0.0,0.0,0.0,0.0,139
2023-05-09 21:05:38,OI311P7500,菜籽油2311沽7500,145.5,0.0,0.0,0.0,2,146.0,149.0,12,145.5,0.0,0.0,0.0,0.0,0.0,139
2023-05-09 21:05:38,OI311P7500,菜籽油2311沽7500,145.5,0.0,0.0,0.0,2,146.0,149.0,18,145.5,0.0,0.0,0.0,0.0,0.0,139
2023-05-09 21:05:40,OI311P7500,菜籽油2311沽7500,145.5,0.0,0.0,0.0,2,146.0,149.0,6,145.5,0.0,0.0,0.0,0.0,0.0,139
2023-05-09 21:05:40,OI311P7500,菜籽油2311沽7500,145.5,0.0,0.0,0.0,2,146.0,149.5,2,145.5,0.0,0.0,0.0,0.0,0.0,139
2023-05-09 21:05:50,OI311P7500,菜籽油2311沽7500,145.5,0.0,0.0,0.0,2,146.0,150.0,18,145.5,0.0,0.0,0.0,0.0,0.0,139
2023-05-09 21:05:51,OI311P7500,菜籽油2311沽7500,145.5,0.0,0.0,0.0,2,146.0,150.0,12,145.5,0.0,0.0,0.0,0.0,0.0,139
2023-05-09 21:05:52,OI311P7500,菜籽油2311沽7500,145.5,0.0,0.0,0.0,2,146.0,150.5,14,145.5,0.0,0.0,0.0,0.0,0.0,139
2023-05-09 21:05:52,OI311P7500,菜籽油2311沽7500,145.5,0.0,0.0,0.0,14,146.0,150.5,14,145.5,0.0,0.0,0.0,0.0,0.0,139
2023-05-09 21:05:54,OI311P7500,菜籽油2311沽7500,145.5,0.0,0.0,0.0,20,146.0,150.5,20,145.5,0.0,0.0,0.0,0.0,0.0,139
2023-05-09 21:05:56,OI311P7500,菜籽油2311沽7500,145.5,0.0,0.0,0.0,20,146.0,150.0,6,145.5,0.0,0.0,0.0,0.0,0.0,139
2023-05-09 21:05:58,OI311P7500,菜籽油2311沽7500,145.5,0.0,0.0,0.0,14,146.0,150.0,6,145.5,0.0,0.0,0.0,0.0,0.0,139
2023-05-09 21:06:02,OI311P7500,菜籽油2311沽7500,145.5,0.0,0.0,0.0,14,146.0,149.0,6,145.5,0.0,0.0,0.0,0.0,0.0,139
2023-05-09 21:06:03,OI311P7500,菜籽油2311沽7500,145.5,0.0,0.0,0.0,2,146.0,149.0,6,145.5,0.0,0.0,0.0,0.0,0.0,139
2023-05-09 21:06:03,OI311P7500,菜籽油2311沽7500,145.5,0.0,0.0,0.0,2,146.0,149.0,12,145.5,0.0,0.0,0.0,0.0,0.0,139
2023-05-09 21:06:03,OI311P7500,菜籽油2311沽7500,145.5,0.0,0.0,0.0,2,146.0,149.0,18,145.5,0.0,0.0,0.0,0.0,0.0,139
2023-05-09 21:06:03,OI311P7500,菜籽油2311沽7500,145.5,0.0,0.0,0.0,2,146.0,149.0,12,145.5,0.0,0.0,0.0,0.0,0.0,139
2023-05-09 21:06:03,OI311P7500,菜籽油2311沽7500,145.5,0.0,0.0,0.0,2,146.0,149.0,18,145.5,0.0,0.0,0.0,0.0,0.0,139
2023-05-09 21:06:04,OI311P7500,菜籽油2311沽7500,145.5,0.0,0.0,0.0,2,146.0,148.5,6,145.5,0.0,0.0,0.0,0.0,0.0,139
2023-05-09 21:06:10,OI311P7500,菜籽油2311沽7500,145.5,0.0,0.0,0.0,2,146.0,149.0,12,145.5,0.0,0.0,0.0,0.0,0.0,139
2023-05-09 21:06:10,OI311P7500,菜籽油2311沽7500,145.5,0.0,0.0,0.0,2,146.0,149.0,18,145.5,0.0,0.0,0.0,0.0,0.0,139
2023-05-09 21:06:14,OI311P7500,菜籽油2311沽7500,145.5,0.0,0.0,0.0,2,146.0,149.0,6,145.5,0.0,0.0,0.0,0.0,0.0,139
2023-05-09 21:06:14,OI311P7500,菜籽油2311沽7500,145.5,0.0,0.0,0.0,2,146.0,149.5,8,145.5,0.0,0.0,0.0,0.0,0.0,139
2023-05-09 21:06:14,OI311P7500,菜籽油2311沽7500,145.5,0.0,0.0,0.0,2,146.0,149.5,2,145.5,0.0,0.0,0.0,0.0,0.0,139
2023-05-09 21:06:38,OI311P7500,菜籽油2311沽7500,145.5,0.0,0.0,0.0,8,146.0,149.5,2,145.5,0.0,0.0,0.0,0.0,0.0,139
2023-05-09 21:06:39,OI311P7500,菜籽油2311沽7500,145.5,0.0,0.0,0.0,20,146.0,149.5,2,145.5,0.0,0.0,0.0,0.0,0.0,139
2023-05-09 21:06:49,OI311P7500,菜籽油2311沽7500,145.5,0.0,0.0,0.0,20,146.0,150.0,12,145.5,0.0,0.0,0.0,0.0,0.0,139
2023-05-09 21:06:49,OI311P7500,菜籽油2311沽7500,145.5,0.0,0.0,0.0,20,146.0,150.0,18,145.5,0.0,0.0,0.0,0.0,0.0,139
2023-05-09 21:06:56,OI311P7500,菜籽油2311沽7500,145.5,0.0,0.0,0.0,20,146.0,150.0,12,145.5,0.0,0.0,0.0,0.0,0.0,139
2023-05-09 21:06:57,OI311P7500,菜籽油2311沽7500,145.5,0.0,0.0,0.0,20,146.0,150.5,14,145.5,0.0,0.0,0.0,0.0,0.0,139
2023-05-09 21:06:57,OI311P7500,菜籽油2311沽7500,145.5,0.0,0.0,0.0,20,146.0,150.5,20,145.5,0.0,0.0,0.0,0.0,0.0,139
2023-05-09 21:07:16,OI311P7500,菜籽油2311沽7500,145.5,0.0,0.0,0.0,2,147.0,150.5,20,145.5,0.0,0.0,0.0,0.0,0.0,139
2023-05-09 21:07:23,OI311P7500,菜籽油2311沽7500,145.5,0.0,0.0,0.0,2,147.0,150.5,14,145.5,0.0,0.0,0.0,0.0,0.0,139
2023-05-09 21:07:25,OI311P7500,菜籽油2311沽7500,145.5,0.0,0.0,0.0,2,147.0,150.5,12,145.5,0.0,0.0,0.0,0.0,0.0,139
2023-05-09 21:07:26,OI311P7500,菜籽油2311沽7500,145.5,0.0,0.0,0.0,2,147.0,151.5,24,145.5,0.0,0.0,0.0,0.0,0.0,139
2023-05-09 21:07:39,OI311P7500,菜籽油2311沽7500,145.5,0.0,0.0,0.0,2,147.0,150.5,6,145.5,0.0,0.0,0.0,0.0,0.0,139
2023-05-09 21:07:40,OI311P7500,菜籽油2311沽7500,145.5,0.0,0.0,0.0,2,147.0,150.5,18,145.5,0.0,0.0,0.0,0.0,0.0,139
2023-05-09 21:08:01,OI311P7500,菜籽油2311沽7500,145.5,0.0,0.0,0.0,2,147.0,150.0,6,145.5,0.0,0.0,0.0,0.0,0.0,139
2023-05-09 21:08:02,OI311P7500,菜籽油2311沽7500,145.5,0.0,0.0,0.0,2,147.0,150.0,18,145.5,0.0,0.0,0.0,0.0,0.0,139
2023-05-09 21:08:43,OI311P7500,菜籽油2311沽7500,145.5,0.0,0.0,0.0,2,147.0,150.0,6,145.5,0.0,0.0,0.0,0.0,0.0,139
2023-05-09 21:08:43,OI311P7500,菜籽油2311沽7500,145.5,0.0,0.0,0.0,2,147.0,150.5,24,145.5,0.0,0.0,0.0,0.0,0.0,139
2023-05-09 21:08:47,OI311P7500,菜籽油2311沽7500,145.5,0.0,0.0,0.0,2,147.0,150.5,18,145.5,0.0,0.0,0.0,0.0,0.0,139
2023-05-09 21:10:07,OI311P7500,菜籽油2311沽7500,145.5,0.0,0.0,0.0,32,146.0,150.0,2,145.5,0.0,0.0,0.0,0.0,0.0,139
2023-05-09 21:10:07,OI311P7500,菜籽油2311沽7500,145.5,0.0,0.0,0.0,32,146.0,150.0,8,145.5,0.0,0.0,0.0,0.0,0.0,139
2023-05-09 21:10:07,OI311P7500,菜籽油2311沽7500,145.5,0.0,0.0,0.0,26,146.0,150.0,14,145.5,0.0,0.0,0.0,0.0,0.0,139
2023-05-09 21:10:13,OI311P7500,菜籽油2311沽7500,145.5,0.0,0.0,0.0,20,146.0,150.0,14,145.5,0.0,0.0,0.0,0.0,0.0,139
2023-05-09 21:10:40,OI311P7500,菜籽油2311沽7500,145.5,0.0,0.0,0.0,14,146.0,150.0,14,145.5,0.0,0.0,0.0,0.0,0.0,139
2023-05-09 21:10:42,OI311P7500,菜籽油2311沽7500,145.5,0.0,0.0,0.0,14,146.0,149.0,2,145.5,0.0,0.0,0.0,0.0,0.0,139
2023-05-09 21:10:42,OI311P7500,菜籽油2311沽7500,145.5,0.0,0.0,0.0,8,146.0,149.0,2,145.5,0.0,0.0,0.0,0.0,0.0,139
2023-05-09 21:10:43,OI311P7500,菜籽油2311沽7500,145.5,0.0,0.0,0.0,8,146.0,149.0,8,145.5,0.0,0.0,0.0,0.0,0.0,139
2023-05-09 21:10:43,OI311P7500,菜籽油2311沽7500,145.5,0.0,0.0,0.0,6,146.0,149.0,14,145.5,0.0,0.0,0.0,0.0,0.0,139
2023-05-09 21:10:44,OI311P7500,菜籽油2311沽7500,145.5,0.0,0.0,0.0,18,145.5,149.0,20,145.5,0.0,0.0,0.0,0.0,0.0,139
2023-05-09 21:10:44,OI311P7500,菜籽油2311沽7500,145.5,0.0,0.0,0.0,12,145.5,149.0,20,145.5,0.0,0.0,0.0,0.0,0.0,139
2023-05-09 21:10:45,OI311P7500,菜籽油2311沽7500,145.5,0.0,0.0,0.0,24,145.0,149.0,20,145.5,0.0,0.0,0.0,0.0,0.0,139
2023-05-09 21:10:45,OI311P7500,菜籽油2311沽7500,145.5,0.0,0.0,0.0,18,145.0,149.0,20,145.5,0.0,0.0,0.0,0.0,0.0,139
2023-05-09 21:10:46,OI311P7500,菜籽油2311沽7500,145.5,0.0,0.0,0.0,24,145.0,149.0,20,145.5,0.0,0.0,0.0,0.0,0.0,139
2023-05-09 21:10:47,OI311P7500,菜籽油2311沽7500,145.5,0.0,0.0,0.0,18,145.0,149.0,20,145.5,0.0,0.0,0.0,0.0,0.0,139
2023-05-09 21:10:48,OI311P7500,菜籽油2311沽7500,145.5,0.0,0.0,0.0,20,145.0,149.0,20,145.5,0.0,0.0,0.0,0.0,0.0,139
2023-05-09 21:10:51,OI311P7500,菜籽油2311沽7500,145.5,0.0,0.0,0.0,20,145.0,148.5,2,145.5,0.0,0.0,0.0,0.0,0.0,139
2023-05-09 21:10:56,OI311P7500,菜籽油2311沽7500,145.5,0.0,0.0,0.0,14,145.0,148.5,2,145.5,0.0,0.0,0.0,0.0,0.0,139
2023-05-09 21:11:04,OI311P7500,菜籽油2311沽7500,145.5,0.0,0.0,0.0,14,145.0,148.0,8,145.5,0.0,0.0,0.0,0.0,0.0,139
2023-05-09 21:11:04,OI311P7500,菜籽油2311沽7500,145.5,0.0,0.0,0.0,14,144.5,148.0,14,145.5,0.0,0.0,0.0,0.0,0.0,139
2023-05-09 21:11:05,OI311P7500,菜籽油2311沽7500,145.5,0.0,0.0,0.0,6,144.0,148.0,8,145.5,0.0,0.0,0.0,0.0,0.0,139
2023-05-09 21:11:05,OI311P7500,菜籽油2311沽7500,145.5,0.0,0.0,0.0,6,144.0,148.0,14,145.5,0.0,0.0,0.0,0.0,0.0,139
2023-05-09 21:11:07,OI311P7500,菜籽油2311沽7500,145.5,0.0,0.0,0.0,6,144.0,147.5,2,145.5,0.0,0.0,0.0,0.0,0.0,139
2023-05-09 21:11:08,OI311P7500,菜籽油2311沽7500,145.5,0.0,0.0,0.0,24,143.5,147.5,2,145.5,0.0,0.0,0.0,0.0,0.0,139
2023-05-09 21:11:10,OI311P7500,菜籽油2311沽7500,145.5,0.0,0.0,0.0,26,143.5,147.5,2,145.5,0.0,0.0,0.0,0.0,0.0,139
2023-05-09 21:11:26,OI311P7500,菜籽油2311沽7500,145.5,0.0,0.0,0.0,2,144.0,147.5,2,145.5,0.0,0.0,0.0,0.0,0.0,139
2023-05-09 21:11:56,OI311P7500,菜籽油2311沽7500,145.5,0.0,0.0,0.0,2,144.5,147.5,2,145.5,0.0,0.0,0.0,0.0,0.0,139
2023-05-09 21:11:56,OI311P7500,菜籽油2311沽7500,145.5,0.0,0.0,0.0,20,144.5,147.5,2,145.5,0.0,0.0,0.0,0.0,0.0,139
2023-05-09 21:12:12,OI311P7500,菜籽油2311沽7500,145.5,0.0,0.0,0.0,20,144.5,148.0,14,145.5,0.0,0.0,0.0,0.0,0.0,139
2023-05-09 21:12:12,OI311P7500,菜籽油2311沽7500,145.5,0.0,0.0,0.0,20,144.5,148.0,20,145.5,0.0,0.0,0.0,0.0,0.0,139
2023-05-09 21:12:41,OI311P7500,菜籽油2311沽7500,145.5,0.0,0.0,0.0,14,144.5,147.5,2,145.5,0.0,0.0,0.0,0.0,0.0,139
2023-05-09 21:13:11,OI311P7500,菜籽油2311沽7500,145.5,0.0,0.0,0.0,12,144.5,147.0,2,145.5,0.0,0.0,0.0,0.0,0.0,139
2023-05-09 21:13:12,OI311P7500,菜籽油2311沽7500,145.5,0.0,0.0,0.0,2,144.0,147.0,2,145.5,0.0,0.0,0.0,0.0,0.0,139
2023-05-09 21:13:26,OI311P7500,菜籽油2311沽7500,145.5,0.0,0.0,0.0,2,144.0,147.0,8,145.5,0.0,0.0,0.0,0.0,0.0,139
2023-05-09 21:13:27,OI311P7500,菜籽油2311沽7500,145.5,0.0,0.0,0.0,2,144.0,147.0,14,145.5,0.0,0.0,0.0,0.0,0.0,139
2023-05-09 21:13:27,OI311P7500,菜籽油2311沽7500,145.5,0.0,0.0,0.0,18,143.5,147.0,14,145.5,0.0,0.0,0.0,0.0,0.0,139
2023-05-09 21:13:27,OI311P7500,菜籽油2311沽7500,145.5,0.0,0.0,0.0,2,144.0,147.0,14,145.5,0.0,0.0,0.0,0.0,0.0,139
2023-05-09 21:13:27,OI311P7500,菜籽油2311沽7500,145.5,0.0,0.0,0.0,18,143.5,147.0,14,145.5,0.0,0.0,0.0,0.0,0.0,139
2023-05-09 21:13:29,OI311P7500,菜籽油2311沽7500,145.5,0.0,0.0,0.0,18,143.5,146.5,2,145.5,0.0,0.0,0.0,0.0,0.0,139
2023-05-09 21:13:47,OI311P7500,菜籽油2311沽7500,145.5,0.0,0.0,0.0,6,143.5,146.5,2,145.5,0.0,0.0,0.0,0.0,0.0,139
2023-05-09 21:13:48,OI311P7500,菜籽油2311沽7500,145.5,0.0,0.0,0.0,18,143.0,146.5,2,145.5,0.0,0.0,0.0,0.0,0.0,139
2023-05-09 21:14:09,OI311P7500,菜籽油2311沽7500,145.5,0.0,0.0,0.0,18,143.0,146.0,2,145.5,0.0,0.0,0.0,0.0,0.0,139
2023-05-09 21:14:10,OI311P7500,菜籽油2311沽7500,145.5,0.0,0.0,0.0,18,143.0,146.0,20,145.5,0.0,0.0,0.0,0.0,0.0,139
2023-05-09 21:14:12,OI311P7500,菜籽油2311沽7500,145.5,0.0,0.0,0.0,6,143.0,146.0,14,145.5,0.0,0.0,0.0,0.0,0.0,139
2023-05-09 21:14:12,OI311P7500,菜籽油2311沽7500,145.5,0.0,0.0,0.0,32,142.5,146.0,20,145.5,0.0,0.0,0.0,0.0,0.0,139
2023-05-09 21:14:13,OI311P7500,菜籽油2311沽7500,145.5,0.0,0.0,0.0,26,142.5,146.0,20,145.5,0.0,0.0,0.0,0.0,0.0,139
2023-05-09 21:14:25,OI311P7500,菜籽油2311沽7500,145.5,0.0,0.0,0.0,2,143.0,146.0,20,145.5,0.0,0.0,0.0,0.0,0.0,139
2023-05-09 21:14:26,OI311P7500,菜籽油2311沽7500,145.5,0.0,0.0,0.0,2,143.0,146.0,14,145.5,0.0,0.0,0.0,0.0,0.0,139
2023-05-09 21:14:51,OI311P7500,菜籽油2311沽7500,145.5,0.0,0.0,0.0,6,143.5,146.0,14,145.5,0.0,0.0,0.0,0.0,0.0,139
2023-05-09 21:14:52,OI311P7500,菜籽油2311沽7500,145.5,0.0,0.0,0.0,12,143.5,146.0,8,145.5,0.0,0.0,0.0,0.0,0.0,139
2023-05-09 21:14:52,OI311P7500,菜籽油2311沽7500,145.5,0.0,0.0,0.0,12,143.5,146.5,8,145.5,0.0,0.0,0.0,0.0,0.0,139
2023-05-09 21:14:55,OI311P7500,菜籽油2311沽7500,145.5,0.0,0.0,0.0,12,143.5,146.5,2,145.5,0.0,0.0,0.0,0.0,0.0,139
2023-05-09 21:14:55,OI311P7500,菜籽油2311沽7500,145.5,0.0,0.0,0.0,18,143.5,146.5,2,145.5,0.0,0.0,0.0,0.0,0.0,139
2023-05-09 21:15:00,OI311P7500,菜籽油2311沽7500,145.5,0.0,0.0,0.0,20,143.5,146.5,2,145.5,0.0,0.0,0.0,0.0,0.0,139
2023-05-09 21:15:06,OI311P7500,菜籽油2311沽7500,145.5,0.0,0.0,0.0,20,143.5,146.5,14,145.5,0.0,0.0,0.0,0.0,0.0,139
2023-05-09 21:15:08,OI311P7500,菜籽油2311沽7500,145.5,0.0,0.0,0.0,14,143.5,146.5,14,145.5,0.0,0.0,0.0,0.0,0.0,139
2023-05-09 21:15:18,OI311P7500,菜籽油2311沽7500,145.5,0.0,0.0,0.0,2,144.0,146.5,12,145.5,0.0,0.0,0.0,0.0,0.0,139
2023-05-09 21:15:19,OI311P7500,菜籽油2311沽7500,145.5,0.0,0.0,0.0,2,144.0,146.5,6,145.5,0.0,0.0,0.0,0.0,0.0,139
2023-05-09 21:15:27,OI311P7500,菜籽油2311沽7500,145.5,0.0,0.0,0.0,8,143.5,146.5,20,145.5,0.0,0.0,0.0,0.0,0.0,139
2023-05-09 21:15:30,OI311P7500,菜籽油2311沽7500,145.5,0.0,0.0,0.0,8,143.5,146.5,8,145.5,0.0,0.0,0.0,0.0,0.0,139
2023-05-09 21:15:31,OI311P7500,菜籽油2311沽7500,145.5,0.0,0.0,0.0,8,143.5,146.5,14,145.5,0.0,0.0,0.0,0.0,0.0,139
2023-05-09 21:15:32,OI311P7500,菜籽油2311沽7500,145.5,0.0,0.0,0.0,8,143.5,146.5,20,145.5,0.0,0.0,0.0,0.0,0.0,139
2023-05-09 21:15:33,OI311P7500,菜籽油2311沽7500,145.5,0.0,0.0,0.0,8,143.5,146.5,14,145.5,0.0,0.0,0.0,0.0,0.0,139
2023-05-09 21:15:33,OI311P7500,菜籽油2311沽7500,145.5,0.0,0.0,0.0,2,143.5,146.5,8,145.5,0.0,0.0,0.0,0.0,0.0,139
2023-05-09 21:15:34,OI311P7500,菜籽油2311沽7500,145.5,0.0,0.0,0.0,2,143.5,146.5,14,145.5,0.0,0.0,0.0,0.0,0.0,139
2023-05-09 21:15:48,OI311P7500,菜籽油2311沽7500,145.5,0.0,0.0,0.0,8,143.5,146.5,14,145.5,0.0,0.0,0.0,0.0,0.0,139
2023-05-09 21:15:48,OI311P7500,菜籽油2311沽7500,145.5,0.0,0.0,0.0,20,143.5,146.5,14,145.5,0.0,0.0,0.0,0.0,0.0,139
2023-05-09 21:15:49,OI311P7500,菜籽油2311沽7500,145.5,0.0,0.0,0.0,2,144.0,146.5,12,145.5,0.0,0.0,0.0,0.0,0.0,139
2023-05-09 21:15:50,OI311P7500,菜籽油2311沽7500,145.5,0.0,0.0,0.0,2,144.0,147.0,2,145.5,0.0,0.0,0.0,0.0,0.0,139
2023-05-09 21:16:16,OI311P7500,菜籽油2311沽7500,145.5,0.0,0.0,0.0,8,144.0,147.0,2,145.5,0.0,0.0,0.0,0.0,0.0,139
2023-05-09 21:16:16,OI311P7500,菜籽油2311沽7500,145.5,0.0,0.0,0.0,14,144.0,147.0,2,145.5,0.0,0.0,0.0,0.0,0.0,139
2023-05-09 21:17:25,OI311P7500,菜籽油2311沽7500,145.5,0.0,0.0,0.0,14,144.0,146.5,2,145.5,0.0,0.0,0.0,0.0,0.0,139
2023-05-09 21:17:26,OI311P7500,菜籽油2311沽7500,145.5,0.0,0.0,0.0,14,144.0,146.5,8,145.5,0.0,0.0,0.0,0.0,0.0,139
2023-05-09 21:17:26,OI311P7500,菜籽油2311沽7500,145.5,0.0,0.0,0.0,18,144.0,146.5,20,145.5,0.0,0.0,0.0,0.0,0.0,139
2023-05-09 21:17:27,OI311P7500,菜籽油2311沽7500,145.5,0.0,0.0,0.0,12,144.0,146.5,20,145.5,0.0,0.0,0.0,0.0,0.0,139
2023-05-09 21:17:28,OI311P7500,菜籽油2311沽7500,145.5,0.0,0.0,0.0,14,143.5,146.5,20,145.5,0.0,0.0,0.0,0.0,0.0,139
2023-05-09 21:17:28,OI311P7500,菜籽油2311沽7500,145.5,0.0,0.0,0.0,20,143.5,146.5,20,145.5,0.0,0.0,0.0,0.0,0.0,139
2023-05-09 21:17:32,OI311P7500,菜籽油2311沽7500,145.5,0.0,0.0,0.0,26,143.5,146.5,20,145.5,0.0,0.0,0.0,0.0,0.0,139
2023-05-09 21:18:10,OI311P7500,菜籽油2311沽7500,145.5,0.0,0.0,0.0,32,143.5,146.5,20,145.5,0.0,0.0,0.0,0.0,0.0,139
2023-05-09 21:18:13,OI311P7500,菜籽油2311沽7500,145.5,0.0,0.0,0.0,32,143.5,146.5,14,145.5,0.0,0.0,0.0,0.0,0.0,139
2023-05-09 21:18:14,OI311P7500,菜籽油2311沽7500,145.5,0.0,0.0,0.0,6,144.0,146.5,14,145.5,0.0,0.0,0.0,0.0,0.0,139
2023-05-09 21:18:15,OI311P7500,菜籽油2311沽7500,145.5,0.0,0.0,0.0,12,144.0,146.5,8,145.5,0.0,0.0,0.0,0.0,0.0,139
2023-05-09 21:18:17,OI311P7500,菜籽油2311沽7500,145.5,0.0,0.0,0.0,12,144.0,146.5,2,145.5,0.0,0.0,0.0,0.0,0.0,139
2023-05-09 21:18:17,OI311P7500,菜籽油2311沽7500,145.5,0.0,0.0,0.0,18,144.0,146.5,2,145.5,0.0,0.0,0.0,0.0,0.0,139
2023-05-09 21:18:32,OI311P7500,菜籽油2311沽7500,145.5,0.0,0.0,0.0,20,144.0,147.0,8,145.5,0.0,0.0,0.0,0.0,0.0,139
2023-05-09 21:18:32,OI311P7500,菜籽油2311沽7500,145.5,0.0,0.0,0.0,14,144.0,147.0,8,145.5,0.0,0.0,0.0,0.0,0.0,139
2023-05-09 21:18:33,OI311P7500,菜籽油2311沽7500,145.5,0.0,0.0,0.0,8,144.0,147.0,8,145.5,0.0,0.0,0.0,0.0,0.0,139
2023-05-09 21:18:44,OI311P7500,菜籽油2311沽7500,145.5,0.0,0.0,0.0,14,144.0,147.0,8,145.5,0.0,0.0,0.0,0.0,0.0,139
2023-05-09 21:18:45,OI311P7500,菜籽油2311沽7500,145.5,0.0,0.0,0.0,20,144.0,147.5,6,145.5,0.0,0.0,0.0,0.0,0.0,139
2023-05-09 21:18:45,OI311P7500,菜籽油2311沽7500,145.5,0.0,0.0,0.0,20,144.0,148.5,12,145.5,0.0,0.0,0.0,0.0,0.0,139
2023-05-09 21:18:46,OI311P7500,菜籽油2311沽7500,145.5,0.0,0.0,0.0,32,144.0,148.5,18,145.5,0.0,0.0,0.0,0.0,0.0,139
2023-05-09 21:18:48,OI311P7500,菜籽油2311沽7500,145.5,0.0,0.0,0.0,2,144.5,148.5,20,145.5,0.0,0.0,0.0,0.0,0.0,139
2023-05-09 21:19:09,OI311P7500,菜籽油2311沽7500,145.5,0.0,0.0,0.0,8,145.0,148.5,20,145.5,0.0,0.0,0.0,0.0,0.0,139
2023-05-09 21:19:09,OI311P7500,菜籽油2311沽7500,145.5,0.0,0.0,0.0,14,145.0,148.5,14,145.5,0.0,0.0,0.0,0.0,0.0,139
2023-05-09 21:19:10,OI311P7500,菜籽油2311沽7500,145.5,0.0,0.0,0.0,8,145.0,148.5,2,145.5,0.0,0.0,0.0,0.0,0.0,139
2023-05-09 21:19:11,OI311P7500,菜籽油2311沽7500,145.5,0.0,0.0,0.0,26,145.0,148.5,2,145.5,0.0,0.0,0.0,0.0,0.0,139
2023-05-09 21:19:21,OI311P7500,菜籽油2311沽7500,145.5,0.0,0.0,0.0,26,145.0,148.5,20,145.5,0.0,0.0,0.0,0.0,0.0,139
2023-05-09 21:19:29,OI311P7500,菜籽油2311沽7500,145.5,0.0,0.0,0.0,6,145.5,148.5,14,145.5,0.0,0.0,0.0,0.0,0.0,139
2023-05-09 21:19:30,OI311P7500,菜籽油2311沽7500,145.5,0.0,0.0,0.0,20,145.0,148.5,14,145.5,0.0,0.0,0.0,0.0,0.0,139
2023-05-09 21:19:30,OI311P7500,菜籽油2311沽7500,145.5,0.0,0.0,0.0,26,145.0,148.5,14,145.5,0.0,0.0,0.0,0.0,0.0,139
2023-05-09 21:19:36,OI311P7500,菜籽油2311沽7500,145.5,0.0,0.0,0.0,6,145.5,148.5,14,145.5,0.0,0.0,0.0,0.0,0.0,139
2023-05-09 21:19:37,OI311P7500,菜籽油2311沽7500,145.5,0.0,0.0,0.0,26,145.0,148.5,14,145.5,0.0,0.0,0.0,0.0,0.0,139
2023-05-09 21:19:38,OI311P7500,菜籽油2311沽7500,145.5,0.0,0.0,0.0,32,145.0,148.5,14,145.5,0.0,0.0,0.0,0.0,0.0,139
2023-05-09 21:19:50,OI311P7500,菜籽油2311沽7500,145.5,0.0,0.0,0.0,8,146.0,148.5,6,145.5,0.0,0.0,0.0,0.0,0.0,139
2023-05-09 21:19:50,OI311P7500,菜籽油2311沽7500,145.5,0.0,0.0,0.0,20,146.0,149.0,12,145.5,0.0,0.0,0.0,0.0,0.0,139
2023-05-09 21:19:51,OI311P7500,菜籽油2311沽7500,145.5,0.0,0.0,0.0,14,146.0,149.5,12,145.5,0.0,0.0,0.0,0.0,0.0,139
2023-05-09 21:19:51,OI311P7500,菜籽油2311沽7500,145.5,0.0,0.0,0.0,8,146.0,149.5,6,145.5,0.0,0.0,0.0,0.0,0.0,139
2023-05-09 21:19:52,OI311P7500,菜籽油2311沽7500,145.5,0.0,0.0,0.0,20,146.0,150.0,24,145.5,0.0,0.0,0.0,0.0,0.0,139
2023-05-09 21:19:53,OI311P7500,菜籽油2311沽7500,145.5,0.0,0.0,0.0,20,146.0,150.0,18,145.5,0.0,0.0,0.0,0.0,0.0,139
2023-05-09 21:19:55,OI311P7500,菜籽油2311沽7500,145.5,0.0,0.0,0.0,20,146.0,150.0,12,145.5,0.0,0.0,0.0,0.0,0.0,139
2023-05-09 21:19:56,OI311P7500,菜籽油2311沽7500,145.5,0.0,0.0,0.0,20,146.0,150.5,26,145.5,0.0,0.0,0.0,0.0,0.0,139
2023-05-09 21:20:00,OI311P7500,菜籽油2311沽7500,145.5,0.0,0.0,0.0,20,146.0,150.5,32,145.5,0.0,0.0,0.0,0.0,0.0,139
2023-05-09 21:20:04,OI311P7500,菜籽油2311沽7500,145.5,0.0,0.0,0.0,20,146.0,150.5,26,145.5,0.0,0.0,0.0,0.0,0.0,139
2023-05-09 21:20:05,OI311P7500,菜籽油2311沽7500,145.5,0.0,0.0,0.0,20,146.0,150.5,20,145.5,0.0,0.0,0.0,0.0,0.0,139
2023-05-09 21:20:09,OI311P7500,菜籽油2311沽7500,145.5,0.0,0.0,0.0,20,146.0,150.5,26,145.5,0.0,0.0,0.0,0.0,0.0,139
2023-05-09 21:20:16,OI311P7500,菜籽油2311沽7500,145.5,0.0,0.0,0.0,14,146.0,149.5,2,145.5,0.0,0.0,0.0,0.0,0.0,139
2023-05-09 21:20:17,OI311P7500,菜籽油2311沽7500,145.5,0.0,0.0,0.0,20,146.0,149.5,2,145.5,0.0,0.0,0.0,0.0,0.0,139
2023-05-09 21:20:22,OI311P7500,菜籽油2311沽7500,145.5,0.0,0.0,0.0,20,146.0,149.5,8,145.5,0.0,0.0,0.0,0.0,0.0,139
2023-05-09 21:20:23,OI311P7500,菜籽油2311沽7500,145.5,0.0,0.0,0.0,20,146.0,149.5,20,145.5,0.0,0.0,0.0,0.0,0.0,139
2023-05-09 21:23:12,OI311P7500,菜籽油2311沽7500,145.5,0.0,0.0,0.0,14,146.0,149.5,26,145.5,0.0,0.0,0.0,0.0,0.0,139
2023-05-09 21:24:12,OI311P7500,菜籽油2311沽7500,145.5,0.0,0.0,0.0,20,146.0,149.5,20,145.5,0.0,0.0,0.0,0.0,0.0,139
2023-05-09 21:24:45,OI311P7500,菜籽油2311沽7500,145.5,0.0,0.0,0.0,20,146.0,149.5,14,145.5,0.0,0.0,0.0,0.0,0.0,139
2023-05-09 21:24:55,OI311P7500,菜籽油2311沽7500,145.5,0.0,0.0,0.0,20,146.0,149.5,12,145.5,0.0,0.0,0.0,0.0,0.0,139
2023-05-09 21:24:55,OI311P7500,菜籽油2311沽7500,145.5,0.0,0.0,0.0,2,147.0,150.5,20,145.5,0.0,0.0,0.0,0.0,0.0,139
2023-05-09 21:24:55,OI311P7500,菜籽油2311沽7500,145.5,0.0,0.0,0.0,20,147.0,150.5,20,145.5,0.0,0.0,0.0,0.0,0.0,139
2023-05-09 21:25:03,OI311P7500,菜籽油2311沽7500,145.5,0.0,0.0,0.0,14,147.0,150.5,32,145.5,0.0,0.0,0.0,0.0,0.0,139
2023-05-09 21:25:07,OI311P7500,菜籽油2311沽7500,145.5,0.0,0.0,0.0,20,147.0,150.5,26,145.5,0.0,0.0,0.0,0.0,0.0,139
2023-05-09 21:25:08,OI311P7500,菜籽油2311沽7500,145.5,0.0,0.0,0.0,20,147.0,150.5,20,145.5,0.0,0.0,0.0,0.0,0.0,139
2023-05-09 21:26:03,OI311P7500,菜籽油2311沽7500,145.5,0.0,0.0,0.0,6,147.0,149.5,2,145.5,0.0,0.0,0.0,0.0,0.0,139
2023-05-09 21:26:03,OI311P7500,菜籽油2311沽7500,145.5,0.0,0.0,0.0,6,146.5,149.5,8,145.5,0.0,0.0,0.0,0.0,0.0,139
2023-05-09 21:26:04,OI311P7500,菜籽油2311沽7500,145.5,0.0,0.0,0.0,6,146.5,149.5,14,145.5,0.0,0.0,0.0,0.0,0.0,139
2023-05-09 21:26:04,OI311P7500,菜籽油2311沽7500,145.5,0.0,0.0,0.0,8,146.0,149.5,14,145.5,0.0,0.0,0.0,0.0,0.0,139
2023-05-09 21:26:04,OI311P7500,菜籽油2311沽7500,145.5,0.0,0.0,0.0,14,146.0,149.5,14,145.5,0.0,0.0,0.0,0.0,0.0,139
2023-05-09 21:26:05,OI311P7500,菜籽油2311沽7500,145.5,0.0,0.0,0.0,20,146.0,149.5,14,145.5,0.0,0.0,0.0,0.0,0.0,139
2023-05-09 21:26:06,OI311P7500,菜籽油2311沽7500,145.5,0.0,0.0,0.0,14,146.0,149.5,14,145.5,0.0,0.0,0.0,0.0,0.0,139
2023-05-09 21:26:06,OI311P7500,菜籽油2311沽7500,145.5,0.0,0.0,0.0,20,146.0,149.5,20,145.5,0.0,0.0,0.0,0.0,0.0,139
2023-05-09 21:26:07,OI311P7500,菜籽油2311沽7500,145.5,0.0,0.0,0.0,14,146.0,149.5,20,145.5,0.0,0.0,0.0,0.0,0.0,139
2023-05-09 21:26:08,OI311P7500,菜籽油2311沽7500,145.5,0.0,0.0,0.0,20,146.0,149.5,20,145.5,0.0,0.0,0.0,0.0,0.0,139
2023-05-09 21:27:01,OI311P7500,菜籽油2311沽7500,145.5,0.0,0.0,0.0,26,146.0,149.5,20,145.5,0.0,0.0,0.0,0.0,0.0,139
2023-05-09 21:28:36,OI311P7500,菜籽油2311沽7500,145.5,0.0,0.0,0.0,20,146.0,149.5,20,145.5,0.0,0.0,0.0,0.0,0.0,139
2023-05-09 21:29:22,OI311P7500,菜籽油2311沽7500,145.5,0.0,0.0,0.0,14,146.0,149.5,26,145.5,0.0,0.0,0.0,0.0,0.0,139
2023-05-09 21:30:00,OI311P7500,菜籽油2311沽7500,145.5,0.0,0.0,0.0,20,146.0,149.5,20,145.5,0.0,0.0,0.0,0.0,0.0,139
2023-05-09 21:30:16,OI311P7500,菜籽油2311沽7500,145.5,0.0,0.0,0.0,20,146.0,149.5,14,145.5,0.0,0.0,0.0,0.0,0.0,139
2023-05-09 21:30:17,OI311P7500,菜籽油2311沽7500,145.5,0.0,0.0,0.0,2,147.0,149.5,6,145.5,0.0,0.0,0.0,0.0,0.0,139
2023-05-09 21:30:18,OI311P7500,菜籽油2311沽7500,145.5,0.0,0.0,0.0,2,147.0,150.5,20,145.5,0.0,0.0,0.0,0.0,0.0,139
2023-05-09 21:30:18,OI311P7500,菜籽油2311沽7500,145.5,0.0,0.0,0.0,2,147.0,150.5,26,145.5,0.0,0.0,0.0,0.0,0.0,139
2023-05-09 21:30:19,OI311P7500,菜籽油2311沽7500,145.5,0.0,0.0,0.0,8,147.0,150.5,26,145.5,0.0,0.0,0.0,0.0,0.0,139
2023-05-09 21:30:19,OI311P7500,菜籽油2311沽7500,145.5,0.0,0.0,0.0,14,147.0,150.5,14,145.5,0.0,0.0,0.0,0.0,0.0,139
2023-05-09 21:30:21,OI311P7500,菜籽油2311沽7500,145.5,0.0,0.0,0.0,26,147.0,150.5,20,145.5,0.0,0.0,0.0,0.0,0.0,139
2023-05-09 21:30:22,OI311P7500,菜籽油2311沽7500,145.5,0.0,0.0,0.0,32,147.0,150.5,14,145.5,0.0,0.0,0.0,0.0,0.0,139
2023-05-09 21:30:23,OI311P7500,菜籽油2311沽7500,145.5,0.0,0.0,0.0,26,147.0,150.5,6,145.5,0.0,0.0,0.0,0.0,0.0,139
2023-05-09 21:30:24,OI311P7500,菜籽油2311沽7500,145.5,0.0,0.0,0.0,38,147.0,151.5,12,145.5,0.0,0.0,0.0,0.0,0.0,139
2023-05-09 21:30:24,OI311P7500,菜籽油2311沽7500,145.5,0.0,0.0,0.0,44,147.0,151.5,18,145.5,0.0,0.0,0.0,0.0,0.0,139
2023-05-09 21:30:25,OI311P7500,菜籽油2311沽7500,145.5,0.0,0.0,0.0,38,147.0,151.5,24,145.5,0.0,0.0,0.0,0.0,0.0,139
2023-05-09 21:30:26,OI311P7500,菜籽油2311沽7500,145.5,0.0,0.0,0.0,2,148.0,151.5,24,145.5,0.0,0.0,0.0,0.0,0.0,139
2023-05-09 21:30:27,OI311P7500,菜籽油2311沽7500,145.5,0.0,0.0,0.0,2,148.0,151.5,18,145.5,0.0,0.0,0.0,0.0,0.0,139
2023-05-09 21:30:27,OI311P7500,菜籽油2311沽7500,145.5,0.0,0.0,0.0,20,148.0,151.5,18,145.5,0.0,0.0,0.0,0.0,0.0,139
2023-05-09 21:30:30,OI311P7500,菜籽油2311沽7500,145.5,0.0,0.0,0.0,20,148.0,151.5,24,145.5,0.0,0.0,0.0,0.0,0.0,139
2023-05-09 21:30:31,OI311P7500,菜籽油2311沽7500,145.5,0.0,0.0,0.0,20,148.0,151.5,18,145.5,0.0,0.0,0.0,0.0,0.0,139
2023-05-09 21:30:36,OI311P7500,菜籽油2311沽7500,145.5,0.0,0.0,0.0,14,148.0,151.5,6,145.5,0.0,0.0,0.0,0.0,0.0,139
2023-05-09 21:30:36,OI311P7500,菜籽油2311沽7500,145.5,0.0,0.0,0.0,20,148.0,152.0,2,145.5,0.0,0.0,0.0,0.0,0.0,139
2023-05-09 21:30:41,OI311P7500,菜籽油2311沽7500,145.5,0.0,0.0,0.0,26,148.0,152.0,2,145.5,0.0,0.0,0.0,0.0,0.0,139
2023-05-09 21:30:43,OI311P7500,菜籽油2311沽7500,145.5,0.0,0.0,0.0,6,148.5,152.0,2,145.5,0.0,0.0,0.0,0.0,0.0,139
2023-05-09 21:30:44,OI311P7500,菜籽油2311沽7500,145.5,0.0,0.0,0.0,2,149.0,152.0,2,145.5,0.0,0.0,0.0,0.0,0.0,139
2023-05-09 21:30:45,OI311P7500,菜籽油2311沽7500,145.5,0.0,0.0,0.0,14,149.0,152.0,2,145.5,0.0,0.0,0.0,0.0,0.0,139
2023-05-09 21:30:45,OI311P7500,菜籽油2311沽7500,145.5,0.0,0.0,0.0,20,149.0,152.0,2,145.5,0.0,0.0,0.0,0.0,0.0,139
2023-05-09 21:30:47,OI311P7500,菜籽油2311沽7500,145.5,0.0,0.0,0.0,20,149.0,152.0,8,145.5,0.0,0.0,0.0,0.0,0.0,139
2023-05-09 21:30:47,OI311P7500,菜籽油2311沽7500,145.5,0.0,0.0,0.0,20,149.0,152.0,20,145.5,0.0,0.0,0.0,0.0,0.0,139
2023-05-09 21:30:55,OI311P7500,菜籽油2311沽7500,145.5,0.0,0.0,0.0,20,149.0,152.0,14,145.5,0.0,0.0,0.0,0.0,0.0,139
2023-05-09 21:31:09,OI311P7500,菜籽油2311沽7500,145.5,0.0,0.0,0.0,20,149.0,152.0,20,145.5,0.0,0.0,0.0,0.0,0.0,139
2023-05-09 21:31:12,OI311P7500,菜籽油2311沽7500,145.5,0.0,0.0,0.0,20,149.0,152.0,14,145.5,0.0,0.0,0.0,0.0,0.0,139
2023-05-09 21:31:14,OI311P7500,菜籽油2311沽7500,145.5,0.0,0.0,0.0,20,149.0,152.0,20,145.5,0.0,0.0,0.0,0.0,0.0,139
2023-05-09 21:31:16,OI311P7500,菜籽油2311沽7500,145.5,0.0,0.0,0.0,20,149.0,152.0,14,145.5,0.0,0.0,0.0,0.0,0.0,139
2023-05-09 21:31:17,OI311P7500,菜籽油2311沽7500,145.5,0.0,0.0,0.0,20,149.0,152.0,20,145.5,0.0,0.0,0.0,0.0,0.0,139
2023-05-09 21:31:18,OI311P7500,菜籽油2311沽7500,145.5,0.0,0.0,0.0,20,149.0,152.0,26,145.5,0.0,0.0,0.0,0.0,0.0,139
2023-05-09 21:31:25,OI311P7500,菜籽油2311沽7500,145.5,0.0,0.0,0.0,20,149.0,152.0,20,145.5,0.0,0.0,0.0,0.0,0.0,139
2023-05-09 21:31:26,OI311P7500,菜籽油2311沽7500,145.5,0.0,0.0,0.0,20,149.0,152.0,14,145.5,0.0,0.0,0.0,0.0,0.0,139
2023-05-09 21:32:13,OI311P7500,菜籽油2311沽7500,145.5,0.0,0.0,0.0,14,149.0,152.0,6,145.5,0.0,0.0,0.0,0.0,0.0,139
2023-05-09 21:32:13,OI311P7500,菜籽油2311沽7500,145.5,0.0,0.0,0.0,20,149.0,152.5,12,145.5,0.0,0.0,0.0,0.0,0.0,139
2023-05-09 21:32:14,OI311P7500,菜籽油2311沽7500,145.5,0.0,0.0,0.0,20,149.0,153.0,18,145.5,0.0,0.0,0.0,0.0,0.0,139
2023-05-09 21:32:17,OI311P7500,菜籽油2311沽7500,145.5,0.0,0.0,0.0,26,149.0,153.0,18,145.5,0.0,0.0,0.0,0.0,0.0,139
2023-05-09 21:32:19,OI311P7500,菜籽油2311沽7500,145.5,0.0,0.0,0.0,26,149.0,153.0,6,145.5,0.0,0.0,0.0,0.0,0.0,139
2023-05-09 21:32:19,OI311P7500,菜籽油2311沽7500,145.5,0.0,0.0,0.0,32,149.0,153.5,20,145.5,0.0,0.0,0.0,0.0,0.0,139
2023-05-09 21:32:20,OI311P7500,菜籽油2311沽7500,145.5,0.0,0.0,0.0,2,150.0,153.5,20,145.5,0.0,0.0,0.0,0.0,0.0,139
2023-05-09 21:32:20,OI311P7500,菜籽油2311沽7500,145.5,0.0,0.0,0.0,2,150.0,153.5,8,145.5,0.0,0.0,0.0,0.0,0.0,139
2023-05-09 21:32:20,OI311P7500,菜籽油2311沽7500,145.5,0.0,0.0,0.0,2,150.0,153.5,2,145.5,0.0,0.0,0.0,0.0,0.0,139
2023-05-09 21:32:24,OI311P7500,菜籽油2311沽7500,145.5,0.0,0.0,0.0,8,150.0,153.5,2,145.5,0.0,0.0,0.0,0.0,0.0,139
2023-05-09 21:32:25,OI311P7500,菜籽油2311沽7500,145.5,0.0,0.0,0.0,6,150.5,154.0,12,145.5,0.0,0.0,0.0,0.0,0.0,139
2023-05-09 21:32:25,OI311P7500,菜籽油2311沽7500,145.5,0.0,0.0,0.0,6,150.5,154.5,6,145.5,0.0,0.0,0.0,0.0,0.0,139
2023-05-09 21:32:26,OI311P7500,菜籽油2311沽7500,145.5,0.0,0.0,0.0,6,151.0,155.0,6,145.5,0.0,0.0,0.0,0.0,0.0,139
2023-05-09 21:32:26,OI311P7500,菜籽油2311沽7500,145.5,0.0,0.0,0.0,12,151.0,156.0,12,145.5,0.0,0.0,0.0,0.0,0.0,139
2023-05-09 21:32:27,OI311P7500,菜籽油2311沽7500,145.5,0.0,0.0,0.0,24,151.0,156.0,6,145.5,0.0,0.0,0.0,0.0,0.0,139
2023-05-09 21:32:27,OI311P7500,菜籽油2311沽7500,145.5,0.0,0.0,0.0,24,151.0,156.5,30,145.5,0.0,0.0,0.0,0.0,0.0,139
2023-05-09 21:32:28,OI311P7500,菜籽油2311沽7500,145.5,0.0,0.0,0.0,18,152.0,156.5,24,145.5,0.0,0.0,0.0,0.0,0.0,139
2023-05-09 21:32:28,OI311P7500,菜籽油2311沽7500,145.5,0.0,0.0,0.0,24,152.0,156.5,30,145.5,0.0,0.0,0.0,0.0,0.0,139
2023-05-09 21:32:29,OI311P7500,菜籽油2311沽7500,145.5,0.0,0.0,0.0,24,152.0,156.5,32,145.5,0.0,0.0,0.0,0.0,0.0,139
2023-05-09 21:32:31,OI311P7500,菜籽油2311沽7500,145.5,0.0,0.0,0.0,26,152.0,156.5,32,145.5,0.0,0.0,0.0,0.0,0.0,139
2023-05-09 21:32:32,OI311P7500,菜籽油2311沽7500,145.5,0.0,0.0,0.0,32,152.0,156.5,32,145.5,0.0,0.0,0.0,0.0,0.0,139
2023-05-09 21:32:32,OI311P7500,菜籽油2311沽7500,145.5,0.0,0.0,0.0,38,152.0,156.5,38,145.5,0.0,0.0,0.0,0.0,0.0,139
2023-05-09 21:32:53,OI311P7500,菜籽油2311沽7500,145.5,0.0,0.0,0.0,26,152.0,156.5,38,145.5,0.0,0.0,0.0,0.0,0.0,139
2023-05-09 21:32:55,OI311P7500,菜籽油2311沽7500,145.5,0.0,0.0,0.0,26,152.0,155.5,2,145.5,0.0,0.0,0.0,0.0,0.0,139
2023-05-09 21:32:59,OI311P7500,菜籽油2311沽7500,145.5,0.0,0.0,0.0,26,152.0,155.5,8,145.5,0.0,0.0,0.0,0.0,0.0,139
2023-05-09 21:32:59,OI311P7500,菜籽油2311沽7500,145.5,0.0,0.0,0.0,26,152.0,155.5,26,145.5,0.0,0.0,0.0,0.0,0.0,139
2023-05-09 21:33:03,OI311P7500,菜籽油2311沽7500,145.5,0.0,0.0,0.0,20,152.0,155.5,26,145.5,0.0,0.0,0.0,0.0,0.0,139
2023-05-09 21:33:04,OI311P7500,菜籽油2311沽7500,145.5,0.0,0.0,0.0,14,152.0,155.5,26,145.5,0.0,0.0,0.0,0.0,0.0,139
2023-05-09 21:33:05,OI311P7500,菜籽油2311沽7500,145.5,0.0,0.0,0.0,12,152.0,155.5,26,145.5,0.0,0.0,0.0,0.0,0.0,139
2023-05-09 21:33:05,OI311P7500,菜籽油2311沽7500,145.5,0.0,0.0,0.0,6,151.5,154.5,2,145.5,0.0,0.0,0.0,0.0,0.0,139
2023-05-09 21:33:06,OI311P7500,菜籽油2311沽7500,145.5,0.0,0.0,0.0,30,151.0,154.5,2,145.5,0.0,0.0,0.0,0.0,0.0,139
2023-05-09 21:33:06,OI311P7500,菜籽油2311沽7500,145.5,0.0,0.0,0.0,30,151.0,154.5,14,145.5,0.0,0.0,0.0,0.0,0.0,139
2023-05-09 21:33:07,OI311P7500,菜籽油2311沽7500,145.5,0.0,0.0,0.0,24,151.0,154.5,14,145.5,0.0,0.0,0.0,0.0,0.0,139
2023-05-09 21:33:11,OI311P7500,菜籽油2311沽7500,145.5,0.0,0.0,0.0,26,151.0,154.5,14,145.5,0.0,0.0,0.0,0.0,0.0,139
2023-05-09 21:33:12,OI311P7500,菜籽油2311沽7500,145.5,0.0,0.0,0.0,32,151.0,154.5,8,145.5,0.0,0.0,0.0,0.0,0.0,139
2023-05-09 21:33:12,OI311P7500,菜籽油2311沽7500,145.5,0.0,0.0,0.0,26,151.0,154.5,2,145.5,0.0,0.0,0.0,0.0,0.0,139
2023-05-09 21:33:13,OI311P7500,菜籽油2311沽7500,145.5,0.0,0.0,0.0,26,151.0,154.5,8,145.5,0.0,0.0,0.0,0.0,0.0,139
2023-05-09 21:33:13,OI311P7500,菜籽油2311沽7500,145.5,0.0,0.0,0.0,26,151.0,154.5,14,145.5,0.0,0.0,0.0,0.0,0.0,139
2023-05-09 21:33:14,OI311P7500,菜籽油2311沽7500,145.5,0.0,0.0,0.0,20,151.0,154.5,2,145.5,0.0,0.0,0.0,0.0,0.0,139
2023-05-09 21:33:14,OI311P7500,菜籽油2311沽7500,145.5,0.0,0.0,0.0,26,151.0,154.5,2,145.5,0.0,0.0,0.0,0.0,0.0,139
2023-05-09 21:33:15,OI311P7500,菜籽油2311沽7500,145.5,0.0,0.0,0.0,32,151.0,154.5,2,145.5,0.0,0.0,0.0,0.0,0.0,139
2023-05-09 21:33:16,OI311P7500,菜籽油2311沽7500,145.5,0.0,0.0,0.0,26,151.0,154.5,8,145.5,0.0,0.0,0.0,0.0,0.0,139
2023-05-09 21:33:17,OI311P7500,菜籽油2311沽7500,145.5,0.0,0.0,0.0,26,151.0,154.5,14,145.5,0.0,0.0,0.0,0.0,0.0,139
2023-05-09 21:33:26,OI311P7500,菜籽油2311沽7500,145.5,0.0,0.0,0.0,20,151.0,154.5,14,145.5,0.0,0.0,0.0,0.0,0.0,139
2023-05-09 21:33:34,OI311P7500,菜籽油2311沽7500,145.5,0.0,0.0,0.0,20,151.0,154.5,20,145.5,0.0,0.0,0.0,0.0,0.0,139
2023-05-09 21:33:45,OI311P7500,菜籽油2311沽7500,145.5,0.0,0.0,0.0,8,151.0,153.5,8,145.5,0.0,0.0,0.0,0.0,0.0,139
2023-05-09 21:33:45,OI311P7500,菜籽油2311沽7500,145.5,0.0,0.0,0.0,8,151.0,153.5,14,145.5,0.0,0.0,0.0,0.0,0.0,139
2023-05-09 21:33:48,OI311P7500,菜籽油2311沽7500,145.5,0.0,0.0,0.0,6,151.0,153.5,14,145.5,0.0,0.0,0.0,0.0,0.0,139
2023-05-09 21:33:48,OI311P7500,菜籽油2311沽7500,145.5,0.0,0.0,0.0,30,150.5,153.5,20,145.5,0.0,0.0,0.0,0.0,0.0,139
2023-05-09 21:33:49,OI311P7500,菜籽油2311沽7500,145.5,0.0,0.0,0.0,18,150.5,153.5,26,145.5,0.0,0.0,0.0,0.0,0.0,139
2023-05-09 21:33:57,OI311P7500,菜籽油2311沽7500,145.5,0.0,0.0,0.0,6,150.5,153.5,20,145.5,0.0,0.0,0.0,0.0,0.0,139
2023-05-09 21:33:57,OI311P7500,菜籽油2311沽7500,145.5,0.0,0.0,0.0,18,150.0,153.5,26,145.5,0.0,0.0,0.0,0.0,0.0,139
2023-05-09 21:33:58,OI311P7500,菜籽油2311沽7500,145.5,0.0,0.0,0.0,6,150.0,153.5,20,145.5,0.0,0.0,0.0,0.0,0.0,139
2023-05-09 21:33:59,OI311P7500,菜籽油2311沽7500,145.5,0.0,0.0,0.0,30,149.5,153.5,26,145.5,0.0,0.0,0.0,0.0,0.0,139
2023-05-09 21:34:00,OI311P7500,菜籽油2311沽7500,145.5,0.0,0.0,0.0,36,149.5,153.5,26,145.5,0.0,0.0,0.0,0.0,0.0,139
2023-05-09 21:34:01,OI311P7500,菜籽油2311沽7500,145.5,0.0,0.0,0.0,30,149.5,153.5,26,145.5,0.0,0.0,0.0,0.0,0.0,139
2023-05-09 21:34:01,OI311P7500,菜籽油2311沽7500,145.5,0.0,0.0,0.0,24,149.5,153.5,26,145.5,0.0,0.0,0.0,0.0,0.0,139
2023-05-09 21:34:02,OI311P7500,菜籽油2311沽7500,145.5,0.0,0.0,0.0,18,149.5,152.5,2,145.5,0.0,0.0,0.0,0.0,0.0,139
2023-05-09 21:34:03,OI311P7500,菜籽油2311沽7500,145.5,0.0,0.0,0.0,24,149.5,152.5,2,145.5,0.0,0.0,0.0,0.0,0.0,139
2023-05-09 21:34:07,OI311P7500,菜籽油2311沽7500,145.5,0.0,0.0,0.0,30,149.5,152.5,2,145.5,0.0,0.0,0.0,0.0,0.0,139
2023-05-09 21:34:13,OI311P7500,菜籽油2311沽7500,145.5,0.0,0.0,0.0,6,150.0,152.5,2,145.5,0.0,0.0,0.0,0.0,0.0,139
2023-05-09 21:34:13,OI311P7500,菜籽油2311沽7500,145.5,0.0,0.0,0.0,12,150.0,152.5,2,145.5,0.0,0.0,0.0,0.0,0.0,139
2023-05-09 21:34:14,OI311P7500,菜籽油2311沽7500,145.5,0.0,0.0,0.0,18,150.0,152.5,2,145.5,0.0,0.0,0.0,0.0,0.0,139
2023-05-09 21:34:15,OI311P7500,菜籽油2311沽7500,145.5,0.0,0.0,0.0,24,150.0,152.5,2,145.5,0.0,0.0,0.0,0.0,0.0,139
2023-05-09 21:34:17,OI311P7500,菜籽油2311沽7500,145.5,0.0,0.0,0.0,6,150.0,152.5,2,145.5,0.0,0.0,0.0,0.0,0.0,139
2023-05-09 21:34:17,OI311P7500,菜籽油2311沽7500,145.5,0.0,0.0,0.0,30,149.5,152.5,2,145.5,0.0,0.0,0.0,0.0,0.0,139
2023-05-09 21:34:17,OI311P7500,菜籽油2311沽7500,145.5,0.0,0.0,0.0,36,149.5,152.5,2,145.5,0.0,0.0,0.0,0.0,0.0,139
2023-05-09 21:34:18,OI311P7500,菜籽油2311沽7500,145.5,0.0,0.0,0.0,24,149.5,152.5,2,145.5,0.0,0.0,0.0,0.0,0.0,139
2023-05-09 21:34:22,OI311P7500,菜籽油2311沽7500,145.5,0.0,0.0,0.0,24,149.5,152.5,26,145.5,0.0,0.0,0.0,0.0,0.0,139
2023-05-09 21:34:22,OI311P7500,菜籽油2311沽7500,145.5,0.0,0.0,0.0,18,149.5,152.5,26,145.5,0.0,0.0,0.0,0.0,0.0,139
2023-05-09 21:34:25,OI311P7500,菜籽油2311沽7500,145.5,0.0,0.0,0.0,24,149.5,152.5,26,145.5,0.0,0.0,0.0,0.0,0.0,139
2023-05-09 21:34:25,OI311P7500,菜籽油2311沽7500,145.5,0.0,0.0,0.0,18,149.5,152.5,26,145.5,0.0,0.0,0.0,0.0,0.0,139
2023-05-09 21:34:29,OI311P7500,菜籽油2311沽7500,145.5,0.0,0.0,0.0,18,149.5,152.5,20,145.5,0.0,0.0,0.0,0.0,0.0,139
2023-05-09 21:34:33,OI311P7500,菜籽油2311沽7500,145.5,0.0,0.0,0.0,18,149.5,152.5,26,145.5,0.0,0.0,0.0,0.0,0.0,139
2023-05-09 21:34:36,OI311P7500,菜籽油2311沽7500,145.5,0.0,0.0,0.0,24,149.5,152.5,20,145.5,0.0,0.0,0.0,0.0,0.0,139
2023-05-09 21:34:37,OI311P7500,菜籽油2311沽7500,145.5,0.0,0.0,0.0,18,149.5,152.5,20,145.5,0.0,0.0,0.0,0.0,0.0,139
2023-05-09 21:34:45,OI311P7500,菜籽油2311沽7500,145.5,0.0,0.0,0.0,18,149.5,152.5,26,145.5,0.0,0.0,0.0,0.0,0.0,139
2023-05-09 21:34:49,OI311P7500,菜籽油2311沽7500,145.5,0.0,0.0,0.0,18,149.5,152.5,20,145.5,0.0,0.0,0.0,0.0,0.0,139
2023-05-09 21:34:50,OI311P7500,菜籽油2311沽7500,145.5,0.0,0.0,0.0,18,149.5,152.5,26,145.5,0.0,0.0,0.0,0.0,0.0,139
2023-05-09 21:35:04,OI311P7500,菜籽油2311沽7500,145.5,0.0,0.0,0.0,18,149.5,152.5,32,145.5,0.0,0.0,0.0,0.0,0.0,139
2023-05-09 21:35:05,OI311P7500,菜籽油2311沽7500,145.5,0.0,0.0,0.0,12,149.0,151.5,2,145.5,0.0,0.0,0.0,0.0,0.0,139
2023-05-09 21:35:05,OI311P7500,菜籽油2311沽7500,145.5,0.0,0.0,0.0,12,149.0,151.5,14,145.5,0.0,0.0,0.0,0.0,0.0,139
2023-05-09 21:35:06,OI311P7500,菜籽油2311沽7500,145.5,0.0,0.0,0.0,6,149.0,151.5,14,145.5,0.0,0.0,0.0,0.0,0.0,139
2023-05-09 21:35:06,OI311P7500,菜籽油2311沽7500,145.5,0.0,0.0,0.0,36,148.5,151.5,20,145.5,0.0,0.0,0.0,0.0,0.0,139
2023-05-09 21:35:07,OI311P7500,菜籽油2311沽7500,145.5,0.0,0.0,0.0,30,148.5,151.5,20,145.5,0.0,0.0,0.0,0.0,0.0,139
2023-05-09 21:35:08,OI311P7500,菜籽油2311沽7500,145.5,0.0,0.0,0.0,24,148.5,151.5,20,145.5,0.0,0.0,0.0,0.0,0.0,139
2023-05-09 21:35:13,OI311P7500,菜籽油2311沽7500,145.5,0.0,0.0,0.0,18,148.5,151.5,20,145.5,0.0,0.0,0.0,0.0,0.0,139
2023-05-09 21:35:22,OI311P7500,菜籽油2311沽7500,145.5,0.0,0.0,0.0,24,148.5,151.5,20,145.5,0.0,0.0,0.0,0.0,0.0,139
2023-05-09 21:35:22,OI311P7500,菜籽油2311沽7500,145.5,0.0,0.0,0.0,18,148.5,151.5,20,145.5,0.0,0.0,0.0,0.0,0.0,139
2023-05-09 21:35:34,OI311P7500,菜籽油2311沽7500,145.5,0.0,0.0,0.0,20,148.5,151.5,20,145.5,0.0,0.0,0.0,0.0,0.0,139
2023-05-09 21:35:36,OI311P7500,菜籽油2311沽7500,145.5,0.0,0.0,0.0,26,148.5,151.5,20,145.5,0.0,0.0,0.0,0.0,0.0,139
2023-05-09 21:35:37,OI311P7500,菜籽油2311沽7500,145.5,0.0,0.0,0.0,32,148.5,151.5,18,145.5,0.0,0.0,0.0,0.0,0.0,139
2023-05-09 21:35:38,OI311P7500,菜籽油2311沽7500,145.5,0.0,0.0,0.0,26,148.5,151.5,18,145.5,0.0,0.0,0.0,0.0,0.0,139
2023-05-09 21:35:38,OI311P7500,菜籽油2311沽7500,145.5,0.0,0.0,0.0,32,148.5,151.5,18,145.5,0.0,0.0,0.0,0.0,0.0,139
2023-05-09 21:35:41,OI311P7500,菜籽油2311沽7500,145.5,0.0,0.0,0.0,26,148.5,151.5,18,145.5,0.0,0.0,0.0,0.0,0.0,139
2023-05-09 21:35:42,OI311P7500,菜籽油2311沽7500,145.5,0.0,0.0,0.0,32,148.5,151.5,18,145.5,0.0,0.0,0.0,0.0,0.0,139
2023-05-09 21:35:43,OI311P7500,菜籽油2311沽7500,145.5,0.0,0.0,0.0,38,148.5,151.5,6,145.5,0.0,0.0,0.0,0.0,0.0,139
2023-05-09 21:35:43,OI311P7500,菜籽油2311沽7500,145.5,0.0,0.0,0.0,38,148.5,152.0,12,145.5,0.0,0.0,0.0,0.0,0.0,139
2023-05-09 21:35:45,OI311P7500,菜籽油2311沽7500,145.5,0.0,0.0,0.0,26,148.5,152.0,6,145.5,0.0,0.0,0.0,0.0,0.0,139
2023-05-09 21:35:45,OI311P7500,菜籽油2311沽7500,145.5,0.0,0.0,0.0,26,148.5,152.5,26,145.5,0.0,0.0,0.0,0.0,0.0,139
2023-05-09 21:35:46,OI311P7500,菜籽油2311沽7500,145.5,0.0,0.0,0.0,26,148.5,152.5,20,145.5,0.0,0.0,0.0,0.0,0.0,139
2023-05-09 21:35:49,OI311P7500,菜籽油2311沽7500,145.5,0.0,0.0,0.0,20,148.5,152.5,20,145.5,0.0,0.0,0.0,0.0,0.0,139
2023-05-09 21:36:00,OI311P7500,菜籽油2311沽7500,145.5,0.0,0.0,0.0,26,148.5,152.5,20,145.5,0.0,0.0,0.0,0.0,0.0,139
2023-05-09 21:36:03,OI311P7500,菜籽油2311沽7500,145.5,0.0,0.0,0.0,20,148.5,152.5,20,145.5,0.0,0.0,0.0,0.0,0.0,139
2023-05-09 21:36:04,OI311P7500,菜籽油2311沽7500,145.5,0.0,0.0,0.0,20,148.5,152.5,26,145.5,0.0,0.0,0.0,0.0,0.0,139
2023-05-09 21:36:05,OI311P7500,菜籽油2311沽7500,145.5,0.0,0.0,0.0,20,148.5,152.5,20,145.5,0.0,0.0,0.0,0.0,0.0,139
2023-05-09 21:36:06,OI311P7500,菜籽油2311沽7500,145.5,0.0,0.0,0.0,20,148.5,152.5,26,145.5,0.0,0.0,0.0,0.0,0.0,139
2023-05-09 21:36:09,OI311P7500,菜籽油2311沽7500,145.5,0.0,0.0,0.0,20,148.5,152.5,20,145.5,0.0,0.0,0.0,0.0,0.0,139
2023-05-09 21:36:10,OI311P7500,菜籽油2311沽7500,145.5,0.0,0.0,0.0,20,148.5,152.5,26,145.5,0.0,0.0,0.0,0.0,0.0,139
2023-05-09 21:36:11,OI311P7500,菜籽油2311沽7500,145.5,0.0,0.0,0.0,20,148.5,152.5,20,145.5,0.0,0.0,0.0,0.0,0.0,139
2023-05-09 21:36:12,OI311P7500,菜籽油2311沽7500,145.5,0.0,0.0,0.0,20,148.5,152.5,26,145.5,0.0,0.0,0.0,0.0,0.0,139
2023-05-09 21:36:24,OI311P7500,菜籽油2311沽7500,145.5,0.0,0.0,0.0,14,148.5,152.5,32,145.5,0.0,0.0,0.0,0.0,0.0,139
2023-05-09 21:37:01,OI311P7500,菜籽油2311沽7500,145.5,0.0,0.0,0.0,14,148.5,151.5,2,145.5,0.0,0.0,0.0,0.0,0.0,139
2023-05-09 21:37:01,OI311P7500,菜籽油2311沽7500,145.5,0.0,0.0,0.0,8,148.5,151.5,2,145.5,0.0,0.0,0.0,0.0,0.0,139
2023-05-09 21:37:02,OI311P7500,菜籽油2311沽7500,145.5,0.0,0.0,0.0,8,148.5,151.5,20,145.5,0.0,0.0,0.0,0.0,0.0,139
2023-05-09 21:37:05,OI311P7500,菜籽油2311沽7500,145.5,0.0,0.0,0.0,2,148.5,151.5,20,145.5,0.0,0.0,0.0,0.0,0.0,139
2023-05-09 21:37:07,OI311P7500,菜籽油2311沽7500,145.5,0.0,0.0,0.0,2,148.5,151.5,14,145.5,0.0,0.0,0.0,0.0,0.0,139
2023-05-09 21:37:21,OI311P7500,菜籽油2311沽7500,145.5,0.0,0.0,0.0,2,148.5,151.5,20,145.5,0.0,0.0,0.0,0.0,0.0,139
2023-05-09 21:37:30,OI311P7500,菜籽油2311沽7500,145.5,0.0,0.0,0.0,2,148.5,151.5,14,145.5,0.0,0.0,0.0,0.0,0.0,139
2023-05-09 21:38:04,OI311P7500,菜籽油2311沽7500,145.5,0.0,0.0,0.0,2,148.5,151.5,6,145.5,0.0,0.0,0.0,0.0,0.0,139
2023-05-09 21:38:04,OI311P7500,菜籽油2311沽7500,145.5,0.0,0.0,0.0,14,148.5,152.0,24,145.5,0.0,0.0,0.0,0.0,0.0,139
2023-05-09 21:38:05,OI311P7500,菜籽油2311沽7500,145.5,0.0,0.0,0.0,14,148.5,152.0,18,145.5,0.0,0.0,0.0,0.0,0.0,139
2023-05-09 21:38:06,OI311P7500,菜籽油2311沽7500,145.5,0.0,0.0,0.0,20,148.5,152.0,6,145.5,0.0,0.0,0.0,0.0,0.0,139
2023-05-09 21:38:07,OI311P7500,菜籽油2311沽7500,145.5,0.0,0.0,0.0,26,148.5,152.5,14,145.5,0.0,0.0,0.0,0.0,0.0,139
2023-05-09 21:38:08,OI311P7500,菜籽油2311沽7500,145.5,0.0,0.0,0.0,20,148.5,152.5,2,145.5,0.0,0.0,0.0,0.0,0.0,139
2023-05-09 21:38:08,OI311P7500,菜籽油2311沽7500,145.5,0.0,0.0,0.0,2,149.5,152.5,2,145.5,0.0,0.0,0.0,0.0,0.0,139
2023-05-09 21:38:13,OI311P7500,菜籽油2311沽7500,145.5,0.0,0.0,0.0,2,149.5,153.0,24,145.5,0.0,0.0,0.0,0.0,0.0,139
2023-05-09 21:38:14,OI311P7500,菜籽油2311沽7500,145.5,0.0,0.0,0.0,2,149.5,153.0,18,145.5,0.0,0.0,0.0,0.0,0.0,139
2023-05-09 21:38:15,OI311P7500,菜籽油2311沽7500,145.5,0.0,0.0,0.0,2,149.5,153.0,6,145.5,0.0,0.0,0.0,0.0,0.0,139
2023-05-09 21:38:15,OI311P7500,菜籽油2311沽7500,145.5,0.0,0.0,0.0,8,149.5,153.5,18,145.5,0.0,0.0,0.0,0.0,0.0,139
2023-05-09 21:38:16,OI311P7500,菜籽油2311沽7500,145.5,0.0,0.0,0.0,2,149.5,154.0,50,145.5,0.0,0.0,0.0,0.0,0.0,139
2023-05-09 21:38:17,OI311P7500,菜籽油2311沽7500,145.5,0.0,0.0,0.0,2,149.5,154.0,56,145.5,0.0,0.0,0.0,0.0,0.0,139
2023-05-09 21:38:17,OI311P7500,菜籽油2311沽7500,145.5,0.0,0.0,0.0,2,149.5,154.0,50,145.5,0.0,0.0,0.0,0.0,0.0,139
2023-05-09 21:38:20,OI311P7500,菜籽油2311沽7500,145.5,0.0,0.0,0.0,14,149.5,154.0,38,145.5,0.0,0.0,0.0,0.0,0.0,139
2023-05-09 21:38:21,OI311P7500,菜籽油2311沽7500,145.5,0.0,0.0,0.0,2,149.5,154.0,38,145.5,0.0,0.0,0.0,0.0,0.0,139
2023-05-09 21:38:21,OI311P7500,菜籽油2311沽7500,145.5,0.0,0.0,0.0,2,149.5,154.0,44,145.5,0.0,0.0,0.0,0.0,0.0,139
2023-05-09 21:38:24,OI311P7500,菜籽油2311沽7500,145.5,0.0,0.0,0.0,14,149.5,154.0,38,145.5,0.0,0.0,0.0,0.0,0.0,139
2023-05-09 21:38:24,OI311P7500,菜籽油2311沽7500,145.5,0.0,0.0,0.0,8,149.5,154.0,44,145.5,0.0,0.0,0.0,0.0,0.0,139
2023-05-09 21:38:25,OI311P7500,菜籽油2311沽7500,145.5,0.0,0.0,0.0,2,149.5,154.0,44,145.5,0.0,0.0,0.0,0.0,0.0,139
2023-05-09 21:38:25,OI311P7500,菜籽油2311沽7500,145.5,0.0,0.0,0.0,8,149.5,154.0,38,145.5,0.0,0.0,0.0,0.0,0.0,139
2023-05-09 21:38:26,OI311P7500,菜籽油2311沽7500,145.5,0.0,0.0,0.0,14,149.5,154.0,38,145.5,0.0,0.0,0.0,0.0,0.0,139
2023-05-09 21:38:29,OI311P7500,菜籽油2311沽7500,145.5,0.0,0.0,0.0,2,149.5,154.0,38,145.5,0.0,0.0,0.0,0.0,0.0,139
2023-05-09 21:38:29,OI311P7500,菜籽油2311沽7500,145.5,0.0,0.0,0.0,2,149.5,154.0,44,145.5,0.0,0.0,0.0,0.0,0.0,139
2023-05-09 21:38:42,OI311P7500,菜籽油2311沽7500,145.5,0.0,0.0,0.0,14,149.5,154.0,38,145.5,0.0,0.0,0.0,0.0,0.0,139
2023-05-09 21:38:45,OI311P7500,菜籽油2311沽7500,145.5,0.0,0.0,0.0,26,149.5,154.0,26,145.5,0.0,0.0,0.0,0.0,0.0,139
2023-05-09 21:38:45,OI311P7500,菜籽油2311沽7500,145.5,0.0,0.0,0.0,32,149.5,154.0,20,145.5,0.0,0.0,0.0,0.0,0.0,139
2023-05-09 21:38:46,OI311P7500,菜籽油2311沽7500,145.5,0.0,0.0,0.0,2,150.5,154.0,20,145.5,0.0,0.0,0.0,0.0,0.0,139
2023-05-09 21:38:57,OI311P7500,菜籽油2311沽7500,145.5,0.0,0.0,0.0,2,150.5,154.0,26,145.5,0.0,0.0,0.0,0.0,0.0,139
2023-05-09 21:38:58,OI311P7500,菜籽油2311沽7500,145.5,0.0,0.0,0.0,2,150.5,154.0,20,145.5,0.0,0.0,0.0,0.0,0.0,139
2023-05-09 21:39:03,OI311P7500,菜籽油2311沽7500,145.5,0.0,0.0,0.0,2,150.5,154.0,26,145.5,0.0,0.0,0.0,0.0,0.0,139
2023-05-09 21:39:04,OI311P7500,菜籽油2311沽7500,145.5,0.0,0.0,0.0,2,150.5,154.0,20,145.5,0.0,0.0,0.0,0.0,0.0,139
2023-05-09 21:39:09,OI311P7500,菜籽油2311沽7500,145.5,0.0,0.0,0.0,2,150.5,154.0,14,145.5,0.0,0.0,0.0,0.0,0.0,139
2023-05-09 21:39:12,OI311P7500,菜籽油2311沽7500,145.5,0.0,0.0,0.0,2,150.5,154.0,20,145.5,0.0,0.0,0.0,0.0,0.0,139
2023-05-09 21:39:22,OI311P7500,菜籽油2311沽7500,145.5,0.0,0.0,0.0,8,150.5,154.0,20,145.5,0.0,0.0,0.0,0.0,0.0,139
2023-05-09 21:39:23,OI311P7500,菜籽油2311沽7500,145.5,0.0,0.0,0.0,14,150.5,154.0,20,145.5,0.0,0.0,0.0,0.0,0.0,139
2023-05-09 21:39:24,OI311P7500,菜籽油2311沽7500,145.5,0.0,0.0,0.0,8,150.5,154.0,20,145.5,0.0,0.0,0.0,0.0,0.0,139
2023-05-09 21:39:25,OI311P7500,菜籽油2311沽7500,145.5,0.0,0.0,0.0,14,150.5,154.0,20,145.5,0.0,0.0,0.0,0.0,0.0,139
2023-05-09 21:39:30,OI311P7500,菜籽油2311沽7500,145.5,0.0,0.0,0.0,8,150.5,154.0,20,145.5,0.0,0.0,0.0,0.0,0.0,139
2023-05-09 21:39:31,OI311P7500,菜籽油2311沽7500,145.5,0.0,0.0,0.0,2,150.5,154.0,14,145.5,0.0,0.0,0.0,0.0,0.0,139
2023-05-09 21:39:32,OI311P7500,菜籽油2311沽7500,145.5,0.0,0.0,0.0,2,150.5,154.0,20,145.5,0.0,0.0,0.0,0.0,0.0,139
2023-05-09 21:39:32,OI311P7500,菜籽油2311沽7500,145.5,0.0,0.0,0.0,20,150.5,154.0,20,145.5,0.0,0.0,0.0,0.0,0.0,139
2023-05-09 21:39:33,OI311P7500,菜籽油2311沽7500,145.5,0.0,0.0,0.0,14,150.5,154.0,20,145.5,0.0,0.0,0.0,0.0,0.0,139
2023-05-09 21:39:48,OI311P7500,菜籽油2311沽7500,145.5,0.0,0.0,0.0,14,150.5,154.0,14,145.5,0.0,0.0,0.0,0.0,0.0,139
2023-05-09 21:40:02,OI311P7500,菜籽油2311沽7500,145.5,0.0,0.0,0.0,14,150.5,154.0,20,145.5,0.0,0.0,0.0,0.0,0.0,139
2023-05-09 21:40:03,OI311P7500,菜籽油2311沽7500,145.5,0.0,0.0,0.0,14,150.5,154.0,26,145.5,0.0,0.0,0.0,0.0,0.0,139
2023-05-09 21:40:05,OI311P7500,菜籽油2311沽7500,145.5,0.0,0.0,0.0,14,150.5,154.0,20,145.5,0.0,0.0,0.0,0.0,0.0,139
2023-05-09 21:40:07,OI311P7500,菜籽油2311沽7500,145.5,0.0,0.0,0.0,14,150.5,154.0,26,145.5,0.0,0.0,0.0,0.0,0.0,139
2023-05-09 21:40:07,OI311P7500,菜籽油2311沽7500,145.5,0.0,0.0,0.0,14,150.5,154.0,20,145.5,0.0,0.0,0.0,0.0,0.0,139
2023-05-09 21:40:08,OI311P7500,菜籽油2311沽7500,145.5,0.0,0.0,0.0,14,150.5,154.0,26,145.5,0.0,0.0,0.0,0.0,0.0,139
2023-05-09 21:40:11,OI311P7500,菜籽油2311沽7500,145.5,0.0,0.0,0.0,14,150.5,154.0,20,145.5,0.0,0.0,0.0,0.0,0.0,139
2023-05-09 21:40:29,OI311P7500,菜籽油2311沽7500,145.5,0.0,0.0,0.0,14,150.5,154.0,14,145.5,0.0,0.0,0.0,0.0,0.0,139
2023-05-09 21:40:30,OI311P7500,菜籽油2311沽7500,145.5,0.0,0.0,0.0,14,150.5,154.0,20,145.5,0.0,0.0,0.0,0.0,0.0,139
2023-05-09 21:40:33,OI311P7500,菜籽油2311沽7500,145.5,0.0,0.0,0.0,14,150.5,154.0,14,145.5,0.0,0.0,0.0,0.0,0.0,139
2023-05-09 21:40:34,OI311P7500,菜籽油2311沽7500,145.5,0.0,0.0,0.0,14,150.5,154.0,20,145.5,0.0,0.0,0.0,0.0,0.0,139
2023-05-09 21:40:36,OI311P7500,菜籽油2311沽7500,145.5,0.0,0.0,0.0,2,151.5,154.0,6,145.5,0.0,0.0,0.0,0.0,0.0,139
2023-05-09 21:40:37,OI311P7500,菜籽油2311沽7500,145.5,0.0,0.0,0.0,2,151.5,154.5,24,145.5,0.0,0.0,0.0,0.0,0.0,139
2023-05-09 21:40:38,OI311P7500,菜籽油2311沽7500,145.5,0.0,0.0,0.0,8,151.5,154.5,18,145.5,0.0,0.0,0.0,0.0,0.0,139
2023-05-09 21:40:38,OI311P7500,菜籽油2311沽7500,145.5,0.0,0.0,0.0,20,151.5,154.5,18,145.5,0.0,0.0,0.0,0.0,0.0,139
2023-05-09 21:41:15,OI311P7500,菜籽油2311沽7500,145.5,0.0,0.0,0.0,20,151.5,154.5,24,145.5,0.0,0.0,0.0,0.0,0.0,139
2023-05-09 21:42:00,OI311P7500,菜籽油2311沽7500,145.5,0.0,0.0,0.0,14,151.5,154.5,30,145.5,0.0,0.0,0.0,0.0,0.0,139
2023-05-09 21:42:03,OI311P7500,菜籽油2311沽7500,145.5,0.0,0.0,0.0,14,151.5,154.5,32,145.5,0.0,0.0,0.0,0.0,0.0,139
2023-05-09 21:42:20,OI311P7500,菜籽油2311沽7500,145.5,0.0,0.0,0.0,20,151.5,154.5,26,145.5,0.0,0.0,0.0,0.0,0.0,139
2023-05-09 21:42:21,OI311P7500,菜籽油2311沽7500,145.5,0.0,0.0,0.0,14,151.5,154.5,26,145.5,0.0,0.0,0.0,0.0,0.0,139
2023-05-09 21:42:37,OI311P7500,菜籽油2311沽7500,145.5,0.0,0.0,0.0,14,151.5,154.5,32,145.5,0.0,0.0,0.0,0.0,0.0,139
2023-05-09 21:42:45,OI311P7500,菜籽油2311沽7500,145.5,0.0,0.0,0.0,12,151.5,154.5,32,145.5,0.0,0.0,0.0,0.0,0.0,139
2023-05-09 21:42:45,OI311P7500,菜籽油2311沽7500,145.5,0.0,0.0,0.0,18,151.0,154.5,32,145.5,0.0,0.0,0.0,0.0,0.0,139
2023-05-09 21:42:46,OI311P7500,菜籽油2311沽7500,145.5,0.0,0.0,0.0,18,151.0,154.5,38,145.5,0.0,0.0,0.0,0.0,0.0,139
2023-05-09 21:42:46,OI311P7500,菜籽油2311沽7500,145.5,0.0,0.0,0.0,6,151.0,154.5,32,145.5,0.0,0.0,0.0,0.0,0.0,139
2023-05-09 21:42:47,OI311P7500,菜籽油2311沽7500,145.5,0.0,0.0,0.0,32,150.5,154.5,26,145.5,0.0,0.0,0.0,0.0,0.0,139
2023-05-09 21:42:48,OI311P7500,菜籽油2311沽7500,145.5,0.0,0.0,0.0,26,150.5,154.5,26,145.5,0.0,0.0,0.0,0.0,0.0,139
2023-05-09 21:42:49,OI311P7500,菜籽油2311沽7500,145.5,0.0,0.0,0.0,26,150.5,154.5,38,145.5,0.0,0.0,0.0,0.0,0.0,139
2023-05-09 21:42:52,OI311P7500,菜籽油2311沽7500,145.5,0.0,0.0,0.0,20,150.5,154.5,38,145.5,0.0,0.0,0.0,0.0,0.0,139
2023-05-09 21:43:01,OI311P7500,菜籽油2311沽7500,145.5,0.0,0.0,0.0,20,150.5,153.5,6,145.5,0.0,0.0,0.0,0.0,0.0,139
2023-05-09 21:43:02,OI311P7500,菜籽油2311沽7500,145.5,0.0,0.0,0.0,20,150.5,153.5,32,145.5,0.0,0.0,0.0,0.0,0.0,139
2023-05-09 21:43:03,OI311P7500,菜籽油2311沽7500,145.5,0.0,0.0,0.0,14,150.5,153.5,32,145.5,0.0,0.0,0.0,0.0,0.0,139
2023-05-09 21:43:09,OI311P7500,菜籽油2311沽7500,145.5,0.0,0.0,0.0,14,150.5,153.5,26,145.5,0.0,0.0,0.0,0.0,0.0,139
2023-05-09 21:43:19,OI311P7500,菜籽油2311沽7500,145.5,0.0,0.0,0.0,14,150.5,153.5,20,145.5,0.0,0.0,0.0,0.0,0.0,139
2023-05-09 21:43:22,OI311P7500,菜籽油2311沽7500,145.5,0.0,0.0,0.0,14,150.5,153.5,18,145.5,0.0,0.0,0.0,0.0,0.0,139
2023-05-09 21:43:25,OI311P7500,菜籽油2311沽7500,145.5,0.0,0.0,0.0,8,150.5,153.5,6,145.5,0.0,0.0,0.0,0.0,0.0,139
2023-05-09 21:43:25,OI311P7500,菜籽油2311沽7500,145.5,0.0,0.0,0.0,8,150.5,154.0,24,145.5,0.0,0.0,0.0,0.0,0.0,139
2023-05-09 21:43:26,OI311P7500,菜籽油2311沽7500,145.5,0.0,0.0,0.0,2,150.5,154.0,24,145.5,0.0,0.0,0.0,0.0,0.0,139
2023-05-09 21:43:26,OI311P7500,菜籽油2311沽7500,145.5,0.0,0.0,0.0,2,150.5,154.0,18,145.5,0.0,0.0,0.0,0.0,0.0,139
2023-05-09 21:43:27,OI311P7500,菜籽油2311沽7500,145.5,0.0,0.0,0.0,14,150.5,154.0,18,145.5,0.0,0.0,0.0,0.0,0.0,139
2023-05-09 21:43:29,OI311P7500,菜籽油2311沽7500,145.5,0.0,0.0,0.0,20,150.5,154.0,18,145.5,0.0,0.0,0.0,0.0,0.0,139
2023-05-09 21:43:38,OI311P7500,菜籽油2311沽7500,145.5,0.0,0.0,0.0,14,150.5,154.0,18,145.5,0.0,0.0,0.0,0.0,0.0,139
2023-05-09 21:43:40,OI311P7500,菜籽油2311沽7500,145.5,0.0,0.0,0.0,14,150.5,154.0,24,145.5,0.0,0.0,0.0,0.0,0.0,139
2023-05-09 21:44:13,OI311P7500,菜籽油2311沽7500,145.5,0.0,0.0,0.0,8,150.5,154.0,24,145.5,0.0,0.0,0.0,0.0,0.0,139
2023-05-09 21:44:14,OI311P7500,菜籽油2311沽7500,145.5,0.0,0.0,0.0,2,150.5,154.0,24,145.5,0.0,0.0,0.0,0.0,0.0,139
2023-05-09 21:44:17,OI311P7500,菜籽油2311沽7500,145.5,0.0,0.0,0.0,8,150.5,154.0,24,145.5,0.0,0.0,0.0,0.0,0.0,139
2023-05-09 21:44:17,OI311P7500,菜籽油2311沽7500,145.5,0.0,0.0,0.0,14,150.5,154.0,24,145.5,0.0,0.0,0.0,0.0,0.0,139
2023-05-09 21:44:25,OI311P7500,菜籽油2311沽7500,145.5,0.0,0.0,0.0,14,150.5,154.0,18,145.5,0.0,0.0,0.0,0.0,0.0,139
2023-05-09 21:44:30,OI311P7500,菜籽油2311沽7500,145.5,0.0,0.0,0.0,2,151.5,154.0,12,145.5,0.0,0.0,0.0,0.0,0.0,139
2023-05-09 21:44:30,OI311P7500,菜籽油2311沽7500,145.5,0.0,0.0,0.0,2,151.5,154.0,18,145.5,0.0,0.0,0.0,0.0,0.0,139
2023-05-09 21:44:56,OI311P7500,菜籽油2311沽7500,145.5,0.0,0.0,0.0,2,151.5,154.0,24,145.5,0.0,0.0,0.0,0.0,0.0,139
2023-05-09 21:45:16,OI311P7500,菜籽油2311沽7500,145.5,0.0,0.0,0.0,2,151.5,154.0,18,145.5,0.0,0.0,0.0,0.0,0.0,139
2023-05-09 21:45:20,OI311P7500,菜籽油2311沽7500,145.5,0.0,0.0,0.0,2,151.5,154.0,12,145.5,0.0,0.0,0.0,0.0,0.0,139
2023-05-09 21:45:20,OI311P7500,菜籽油2311沽7500,145.5,0.0,0.0,0.0,14,151.5,154.5,24,145.5,0.0,0.0,0.0,0.0,0.0,139
2023-05-09 21:45:21,OI311P7500,菜籽油2311沽7500,145.5,0.0,0.0,0.0,14,151.5,154.5,18,145.5,0.0,0.0,0.0,0.0,0.0,139
2023-05-09 21:45:27,OI311P7500,菜籽油2311沽7500,145.5,0.0,0.0,0.0,26,151.5,154.5,12,145.5,0.0,0.0,0.0,0.0,0.0,139
2023-05-09 21:45:28,OI311P7500,菜籽油2311沽7500,145.5,0.0,0.0,0.0,26,151.5,154.5,6,145.5,0.0,0.0,0.0,0.0,0.0,139
2023-05-09 21:45:29,OI311P7500,菜籽油2311沽7500,145.5,0.0,0.0,0.0,26,151.5,155.0,30,145.5,0.0,0.0,0.0,0.0,0.0,139
2023-05-09 21:45:30,OI311P7500,菜籽油2311沽7500,145.5,0.0,0.0,0.0,32,151.5,155.0,24,145.5,0.0,0.0,0.0,0.0,0.0,139
2023-05-09 21:45:30,OI311P7500,菜籽油2311沽7500,145.5,0.0,0.0,0.0,32,151.5,155.0,6,145.5,0.0,0.0,0.0,0.0,0.0,139
2023-05-09 21:45:31,OI311P7500,菜籽油2311沽7500,145.5,0.0,0.0,0.0,38,151.5,155.5,30,145.5,0.0,0.0,0.0,0.0,0.0,139
2023-05-09 21:45:32,OI311P7500,菜籽油2311沽7500,145.5,0.0,0.0,0.0,2,152.5,155.5,30,145.5,0.0,0.0,0.0,0.0,0.0,139
2023-05-09 21:45:32,OI311P7500,菜籽油2311沽7500,145.5,0.0,0.0,0.0,2,152.5,155.5,18,145.5,0.0,0.0,0.0,0.0,0.0,139
2023-05-09 21:45:37,OI311P7500,菜籽油2311沽7500,145.5,0.0,0.0,0.0,2,152.5,155.5,6,145.5,0.0,0.0,0.0,0.0,0.0,139
2023-05-09 21:45:38,OI311P7500,菜籽油2311沽7500,145.5,0.0,0.0,0.0,2,152.5,155.5,18,145.5,0.0,0.0,0.0,0.0,0.0,139
2023-05-09 21:45:47,OI311P7500,菜籽油2311沽7500,145.5,0.0,0.0,0.0,2,152.5,155.5,24,145.5,0.0,0.0,0.0,0.0,0.0,139
2023-05-09 21:45:55,OI311P7500,菜籽油2311沽7500,145.5,0.0,0.0,0.0,8,152.5,155.5,24,145.5,0.0,0.0,0.0,0.0,0.0,139
2023-05-09 21:45:55,OI311P7500,菜籽油2311沽7500,145.5,0.0,0.0,0.0,14,152.5,155.5,24,145.5,0.0,0.0,0.0,0.0,0.0,139
2023-05-09 21:46:04,OI311P7500,菜籽油2311沽7500,145.5,0.0,0.0,0.0,2,152.5,155.5,18,145.5,0.0,0.0,0.0,0.0,0.0,139
2023-05-09 21:46:04,OI311P7500,菜籽油2311沽7500,145.5,0.0,0.0,0.0,2,152.5,155.5,24,145.5,0.0,0.0,0.0,0.0,0.0,139
2023-05-09 21:46:05,OI311P7500,菜籽油2311沽7500,145.5,0.0,0.0,0.0,14,152.5,155.5,24,145.5,0.0,0.0,0.0,0.0,0.0,139
2023-05-09 21:46:07,OI311P7500,菜籽油2311沽7500,145.5,0.0,0.0,0.0,14,152.5,155.5,26,145.5,0.0,0.0,0.0,0.0,0.0,139
2023-05-09 21:46:07,OI311P7500,菜籽油2311沽7500,145.5,0.0,0.0,0.0,2,152.5,155.5,20,145.5,0.0,0.0,0.0,0.0,0.0,139
2023-05-09 21:46:08,OI311P7500,菜籽油2311沽7500,145.5,0.0,0.0,0.0,2,152.5,155.5,26,145.5,0.0,0.0,0.0,0.0,0.0,139
2023-05-09 21:46:24,OI311P7500,菜籽油2311沽7500,145.5,0.0,0.0,0.0,8,152.5,155.5,20,145.5,0.0,0.0,0.0,0.0,0.0,139
2023-05-09 21:46:24,OI311P7500,菜籽油2311沽7500,145.5,0.0,0.0,0.0,14,152.5,155.5,26,145.5,0.0,0.0,0.0,0.0,0.0,139
2023-05-09 21:46:27,OI311P7500,菜籽油2311沽7500,145.5,0.0,0.0,0.0,8,152.5,155.5,26,145.5,0.0,0.0,0.0,0.0,0.0,139
2023-05-09 21:46:27,OI311P7500,菜籽油2311沽7500,145.5,0.0,0.0,0.0,2,152.5,155.5,26,145.5,0.0,0.0,0.0,0.0,0.0,139
2023-05-09 21:46:32,OI311P7500,菜籽油2311沽7500,145.5,0.0,0.0,0.0,2,152.5,155.5,24,145.5,0.0,0.0,0.0,0.0,0.0,139
2023-05-09 21:46:40,OI311P7500,菜籽油2311沽7500,145.5,0.0,0.0,0.0,14,152.5,155.5,24,145.5,0.0,0.0,0.0,0.0,0.0,139
2023-05-09 21:46:40,OI311P7500,菜籽油2311沽7500,145.5,0.0,0.0,0.0,14,152.5,155.5,6,145.5,0.0,0.0,0.0,0.0,0.0,139
2023-05-09 21:46:41,OI311P7500,菜籽油2311沽7500,145.5,0.0,0.0,0.0,2,153.5,156.0,18,145.5,0.0,0.0,0.0,0.0,0.0,139
2023-05-09 21:46:41,OI311P7500,菜籽油2311沽7500,145.5,0.0,0.0,0.0,8,153.5,156.0,24,145.5,0.0,0.0,0.0,0.0,0.0,139
2023-05-09 21:46:42,OI311P7500,菜籽油2311沽7500,145.5,0.0,0.0,0.0,20,153.5,156.5,24,145.5,0.0,0.0,0.0,0.0,0.0,139
2023-05-09 21:46:42,OI311P7500,菜籽油2311沽7500,145.5,0.0,0.0,0.0,14,153.5,156.5,18,145.5,0.0,0.0,0.0,0.0,0.0,139
2023-05-09 21:46:43,OI311P7500,菜籽油2311沽7500,145.5,0.0,0.0,0.0,20,153.5,156.5,24,145.5,0.0,0.0,0.0,0.0,0.0,139
2023-05-09 21:47:00,OI311P7500,菜籽油2311沽7500,145.5,0.0,0.0,0.0,14,153.5,156.5,24,145.5,0.0,0.0,0.0,0.0,0.0,139
2023-05-09 21:47:03,OI311P7500,菜籽油2311沽7500,145.5,0.0,0.0,0.0,14,153.5,156.5,26,145.5,0.0,0.0,0.0,0.0,0.0,139
2023-05-09 21:47:04,OI311P7500,菜籽油2311沽7500,145.5,0.0,0.0,0.0,14,153.5,156.5,32,145.5,0.0,0.0,0.0,0.0,0.0,139
2023-05-09 21:47:36,OI311P7500,菜籽油2311沽7500,145.5,0.0,0.0,0.0,6,153.5,156.5,26,145.5,0.0,0.0,0.0,0.0,0.0,139
2023-05-09 21:47:37,OI311P7500,菜籽油2311沽7500,145.5,0.0,0.0,0.0,18,153.0,156.5,26,145.5,0.0,0.0,0.0,0.0,0.0,139
2023-05-09 21:47:37,OI311P7500,菜籽油2311沽7500,145.5,0.0,0.0,0.0,12,153.0,156.5,26,145.5,0.0,0.0,0.0,0.0,0.0,139
2023-05-09 21:47:39,OI311P7500,菜籽油2311沽7500,145.5,0.0,0.0,0.0,12,153.0,156.5,38,145.5,0.0,0.0,0.0,0.0,0.0,139
2023-05-09 21:47:39,OI311P7500,菜籽油2311沽7500,145.5,0.0,0.0,0.0,32,152.5,156.5,32,145.5,0.0,0.0,0.0,0.0,0.0,139
2023-05-09 21:47:39,OI311P7500,菜籽油2311沽7500,145.5,0.0,0.0,0.0,32,152.5,156.5,38,145.5,0.0,0.0,0.0,0.0,0.0,139
2023-05-09 21:47:40,OI311P7500,菜籽油2311沽7500,145.5,0.0,0.0,0.0,20,152.5,156.5,38,145.5,0.0,0.0,0.0,0.0,0.0,139
2023-05-09 21:47:41,OI311P7500,菜籽油2311沽7500,145.5,0.0,0.0,0.0,14,152.5,155.5,8,145.5,0.0,0.0,0.0,0.0,0.0,139
2023-05-09 21:47:41,OI311P7500,菜籽油2311沽7500,145.5,0.0,0.0,0.0,20,152.5,155.5,20,145.5,0.0,0.0,0.0,0.0,0.0,139
2023-05-09 21:47:52,OI311P7500,菜籽油2311沽7500,145.5,0.0,0.0,0.0,26,152.5,155.5,20,145.5,0.0,0.0,0.0,0.0,0.0,139
2023-05-09 21:47:53,OI311P7500,菜籽油2311沽7500,145.5,0.0,0.0,0.0,20,152.5,155.5,20,145.5,0.0,0.0,0.0,0.0,0.0,139
2023-05-09 21:48:00,OI311P7500,菜籽油2311沽7500,145.5,0.0,0.0,0.0,26,152.5,155.5,20,145.5,0.0,0.0,0.0,0.0,0.0,139
2023-05-09 21:48:01,OI311P7500,菜籽油2311沽7500,145.5,0.0,0.0,0.0,14,152.5,155.5,20,145.5,0.0,0.0,0.0,0.0,0.0,139
2023-05-09 21:48:14,OI311P7500,菜籽油2311沽7500,145.5,0.0,0.0,0.0,14,152.5,155.5,14,145.5,0.0,0.0,0.0,0.0,0.0,139
2023-05-09 21:48:19,OI311P7500,菜籽油2311沽7500,145.5,0.0,0.0,0.0,14,152.5,155.5,12,145.5,0.0,0.0,0.0,0.0,0.0,139
2023-05-09 21:48:19,OI311P7500,菜籽油2311沽7500,145.5,0.0,0.0,0.0,8,152.5,156.0,12,145.5,0.0,0.0,0.0,0.0,0.0,139
2023-05-09 21:48:20,OI311P7500,菜籽油2311沽7500,145.5,0.0,0.0,0.0,2,152.5,156.0,12,145.5,0.0,0.0,0.0,0.0,0.0,139
2023-05-09 21:48:20,OI311P7500,菜籽油2311沽7500,145.5,0.0,0.0,0.0,2,152.5,156.0,6,145.5,0.0,0.0,0.0,0.0,0.0,139
2023-05-09 21:48:20,OI311P7500,菜籽油2311沽7500,145.5,0.0,0.0,0.0,2,152.5,156.5,26,145.5,0.0,0.0,0.0,0.0,0.0,139
2023-05-09 21:48:21,OI311P7500,菜籽油2311沽7500,145.5,0.0,0.0,0.0,2,152.5,156.5,20,145.5,0.0,0.0,0.0,0.0,0.0,139
2023-05-09 21:48:39,OI311P7500,菜籽油2311沽7500,145.5,0.0,0.0,0.0,2,152.5,156.5,26,145.5,0.0,0.0,0.0,0.0,0.0,139
2023-05-09 21:48:39,OI311P7500,菜籽油2311沽7500,145.5,0.0,0.0,0.0,2,152.5,156.5,32,145.5,0.0,0.0,0.0,0.0,0.0,139
2023-05-09 21:48:46,OI311P7500,菜籽油2311沽7500,145.5,0.0,0.0,0.0,2,152.5,156.0,6,145.5,0.0,0.0,0.0,0.0,0.0,139
2023-05-09 21:48:55,OI311P7500,菜籽油2311沽7500,145.5,0.0,0.0,0.0,2,152.5,156.5,38,145.5,0.0,0.0,0.0,0.0,0.0,139
2023-05-09 21:48:56,OI311P7500,菜籽油2311沽7500,145.5,0.0,0.0,0.0,2,152.5,156.5,32,145.5,0.0,0.0,0.0,0.0,0.0,139
2023-05-09 21:49:29,OI311P7500,菜籽油2311沽7500,145.5,0.0,0.0,0.0,2,152.5,156.0,6,145.5,0.0,0.0,0.0,0.0,0.0,139
2023-05-09 21:49:30,OI311P7500,菜籽油2311沽7500,145.5,0.0,0.0,0.0,2,152.5,155.5,2,145.5,0.0,0.0,0.0,0.0,0.0,139
2023-05-09 21:49:31,OI311P7500,菜籽油2311沽7500,145.5,0.0,0.0,0.0,2,152.5,155.5,20,145.5,0.0,0.0,0.0,0.0,0.0,139
2023-05-09 21:49:53,OI311P7500,菜籽油2311沽7500,145.5,0.0,0.0,0.0,20,152.5,155.5,20,145.5,0.0,0.0,0.0,0.0,0.0,139
2023-05-09 21:50:11,OI311P7500,菜籽油2311沽7500,145.5,0.0,0.0,0.0,14,152.5,155.5,20,145.5,0.0,0.0,0.0,0.0,0.0,139
2023-05-09 21:50:13,OI311P7500,菜籽油2311沽7500,145.5,0.0,0.0,0.0,6,152.5,155.0,6,145.5,0.0,0.0,0.0,0.0,0.0,139
2023-05-09 21:50:13,OI311P7500,菜籽油2311沽7500,145.5,0.0,0.0,0.0,24,152.0,155.0,18,145.5,0.0,0.0,0.0,0.0,0.0,139
2023-05-09 21:50:14,OI311P7500,菜籽油2311沽7500,145.5,0.0,0.0,0.0,18,152.0,155.0,12,145.5,0.0,0.0,0.0,0.0,0.0,139
2023-05-09 21:50:15,OI311P7500,菜籽油2311沽7500,145.5,0.0,0.0,0.0,18,152.0,155.0,6,145.5,0.0,0.0,0.0,0.0,0.0,139
2023-05-09 21:50:15,OI311P7500,菜籽油2311沽7500,145.5,0.0,0.0,0.0,18,152.0,155.0,18,145.5,0.0,0.0,0.0,0.0,0.0,139
2023-05-09 21:50:31,OI311P7500,菜籽油2311沽7500,145.5,0.0,0.0,0.0,18,152.0,155.0,24,145.5,0.0,0.0,0.0,0.0,0.0,139
2023-05-09 21:50:34,OI311P7500,菜籽油2311沽7500,145.5,0.0,0.0,0.0,12,152.0,155.0,30,145.5,0.0,0.0,0.0,0.0,0.0,139
2023-05-09 21:50:34,OI311P7500,菜籽油2311沽7500,145.5,0.0,0.0,0.0,24,151.5,155.0,30,145.5,0.0,0.0,0.0,0.0,0.0,139
2023-05-09 21:50:34,OI311P7500,菜籽油2311沽7500,145.5,0.0,0.0,0.0,24,151.5,154.5,2,145.5,0.0,0.0,0.0,0.0,0.0,139
2023-05-09 21:50:35,OI311P7500,菜籽油2311沽7500,145.5,0.0,0.0,0.0,18,151.5,154.5,14,145.5,0.0,0.0,0.0,0.0,0.0,139
2023-05-09 21:50:36,OI311P7500,菜籽油2311沽7500,145.5,0.0,0.0,0.0,12,151.5,154.5,14,145.5,0.0,0.0,0.0,0.0,0.0,139
2023-05-09 21:50:36,OI311P7500,菜籽油2311沽7500,145.5,0.0,0.0,0.0,26,151.0,154.5,20,145.5,0.0,0.0,0.0,0.0,0.0,139
2023-05-09 21:50:36,OI311P7500,菜籽油2311沽7500,145.5,0.0,0.0,0.0,32,151.0,154.5,20,145.5,0.0,0.0,0.0,0.0,0.0,139
2023-05-09 21:50:37,OI311P7500,菜籽油2311沽7500,145.5,0.0,0.0,0.0,26,151.0,154.5,26,145.5,0.0,0.0,0.0,0.0,0.0,139
2023-05-09 21:50:40,OI311P7500,菜籽油2311沽7500,145.5,0.0,0.0,0.0,20,151.0,154.5,26,145.5,0.0,0.0,0.0,0.0,0.0,139
2023-05-09 21:51:03,OI311P7500,菜籽油2311沽7500,145.5,0.0,0.0,0.0,26,151.0,154.5,26,145.5,0.0,0.0,0.0,0.0,0.0,139
2023-05-09 21:51:04,OI311P7500,菜籽油2311沽7500,145.5,0.0,0.0,0.0,20,151.0,154.5,26,145.5,0.0,0.0,0.0,0.0,0.0,139
2023-05-09 21:51:46,OI311P7500,菜籽油2311沽7500,145.5,0.0,0.0,0.0,14,151.0,154.5,38,145.5,0.0,0.0,0.0,0.0,0.0,139
2023-05-09 21:52:02,OI311P7500,菜籽油2311沽7500,145.5,0.0,0.0,0.0,20,151.0,154.5,38,145.5,0.0,0.0,0.0,0.0,0.0,139
2023-05-09 21:52:02,OI311P7500,菜籽油2311沽7500,145.5,0.0,0.0,0.0,20,151.0,154.5,32,145.5,0.0,0.0,0.0,0.0,0.0,139
2023-05-09 21:52:02,OI311P7500,菜籽油2311沽7500,145.5,0.0,0.0,0.0,20,151.0,154.5,26,145.5,0.0,0.0,0.0,0.0,0.0,139
2023-05-09 21:52:04,OI311P7500,菜籽油2311沽7500,145.5,0.0,0.0,0.0,14,151.0,154.5,26,145.5,0.0,0.0,0.0,0.0,0.0,139
2023-05-09 21:52:08,OI311P7500,菜籽油2311沽7500,145.5,0.0,0.0,0.0,14,151.0,154.5,32,145.5,0.0,0.0,0.0,0.0,0.0,139
2023-05-09 21:52:15,OI311P7500,菜籽油2311沽7500,145.5,0.0,0.0,0.0,14,151.0,153.5,6,145.5,0.0,0.0,0.0,0.0,0.0,139
2023-05-09 21:52:16,OI311P7500,菜籽油2311沽7500,145.5,0.0,0.0,0.0,14,151.0,153.5,24,145.5,0.0,0.0,0.0,0.0,0.0,139
2023-05-09 21:52:16,OI311P7500,菜籽油2311沽7500,145.5,0.0,0.0,0.0,20,151.0,153.5,24,145.5,0.0,0.0,0.0,0.0,0.0,139
2023-05-09 21:52:19,OI311P7500,菜籽油2311沽7500,145.5,0.0,0.0,0.0,14,151.0,153.5,24,145.5,0.0,0.0,0.0,0.0,0.0,139
2023-05-09 21:52:24,OI311P7500,菜籽油2311沽7500,145.5,0.0,0.0,0.0,14,151.0,153.5,18,145.5,0.0,0.0,0.0,0.0,0.0,139
2023-05-09 21:52:37,OI311P7500,菜籽油2311沽7500,145.5,0.0,0.0,0.0,14,151.0,153.5,12,145.5,0.0,0.0,0.0,0.0,0.0,139
2023-05-09 21:52:37,OI311P7500,菜籽油2311沽7500,145.5,0.0,0.0,0.0,8,151.0,154.0,12,145.5,0.0,0.0,0.0,0.0,0.0,139
2023-05-09 21:52:37,OI311P7500,菜籽油2311沽7500,145.5,0.0,0.0,0.0,14,151.0,154.0,18,145.5,0.0,0.0,0.0,0.0,0.0,139
2023-05-09 21:52:38,OI311P7500,菜籽油2311沽7500,145.5,0.0,0.0,0.0,8,151.0,154.0,6,145.5,0.0,0.0,0.0,0.0,0.0,139
2023-05-09 21:52:39,OI311P7500,菜籽油2311沽7500,145.5,0.0,0.0,0.0,8,151.0,154.5,32,145.5,0.0,0.0,0.0,0.0,0.0,139
2023-05-09 21:52:39,OI311P7500,菜籽油2311沽7500,145.5,0.0,0.0,0.0,2,151.0,154.5,32,145.5,0.0,0.0,0.0,0.0,0.0,139
2023-05-09 21:52:39,OI311P7500,菜籽油2311沽7500,145.5,0.0,0.0,0.0,2,151.0,154.5,26,145.5,0.0,0.0,0.0,0.0,0.0,139
2023-05-09 21:52:58,OI311P7500,菜籽油2311沽7500,145.5,0.0,0.0,0.0,2,152.0,154.5,24,145.5,0.0,0.0,0.0,0.0,0.0,139
2023-05-09 21:52:59,OI311P7500,菜籽油2311沽7500,145.5,0.0,0.0,0.0,2,152.0,154.5,12,145.5,0.0,0.0,0.0,0.0,0.0,139
2023-05-09 21:52:59,OI311P7500,菜籽油2311沽7500,145.5,0.0,0.0,0.0,2,152.0,155.0,24,145.5,0.0,0.0,0.0,0.0,0.0,139
2023-05-09 21:53:00,OI311P7500,菜籽油2311沽7500,145.5,0.0,0.0,0.0,2,152.0,155.0,18,145.5,0.0,0.0,0.0,0.0,0.0,139
2023-05-09 21:53:07,OI311P7500,菜籽油2311沽7500,145.5,0.0,0.0,0.0,2,152.0,155.0,12,145.5,0.0,0.0,0.0,0.0,0.0,139
2023-05-09 21:53:08,OI311P7500,菜籽油2311沽7500,145.5,0.0,0.0,0.0,20,152.0,155.5,32,145.5,0.0,0.0,0.0,0.0,0.0,139
2023-05-09 21:53:08,OI311P7500,菜籽油2311沽7500,145.5,0.0,0.0,0.0,20,152.0,155.5,26,145.5,0.0,0.0,0.0,0.0,0.0,139
2023-05-09 21:53:21,OI311P7500,菜籽油2311沽7500,145.5,0.0,0.0,0.0,20,152.0,155.5,20,145.5,0.0,0.0,0.0,0.0,0.0,139
2023-05-09 21:53:22,OI311P7500,菜籽油2311沽7500,145.5,0.0,0.0,0.0,2,153.0,155.5,18,145.5,0.0,0.0,0.0,0.0,0.0,139
2023-05-09 21:53:25,OI311P7500,菜籽油2311沽7500,145.5,0.0,0.0,0.0,2,153.0,155.5,6,145.5,0.0,0.0,0.0,0.0,0.0,139
2023-05-09 21:53:25,OI311P7500,菜籽油2311沽7500,145.5,0.0,0.0,0.0,2,153.0,156.0,24,145.5,0.0,0.0,0.0,0.0,0.0,139
2023-05-09 21:53:26,OI311P7500,菜籽油2311沽7500,145.5,0.0,0.0,0.0,2,153.0,156.0,18,145.5,0.0,0.0,0.0,0.0,0.0,139
2023-05-09 21:53:31,OI311P7500,菜籽油2311沽7500,145.5,0.0,0.0,0.0,2,153.0,156.0,6,145.5,0.0,0.0,0.0,0.0,0.0,139
2023-05-09 21:53:32,OI311P7500,菜籽油2311沽7500,145.5,0.0,0.0,0.0,2,153.0,156.5,30,145.5,0.0,0.0,0.0,0.0,0.0,139
2023-05-09 21:53:33,OI311P7500,菜籽油2311沽7500,145.5,0.0,0.0,0.0,2,153.0,156.5,24,145.5,0.0,0.0,0.0,0.0,0.0,139
2023-05-09 21:53:41,OI311P7500,菜籽油2311沽7500,145.5,0.0,0.0,0.0,2,153.0,156.5,18,145.5,0.0,0.0,0.0,0.0,0.0,139
2023-05-09 21:53:46,OI311P7500,菜籽油2311沽7500,145.5,0.0,0.0,0.0,2,154.0,156.5,18,145.5,0.0,0.0,0.0,0.0,0.0,139
2023-05-09 21:53:47,OI311P7500,菜籽油2311沽7500,145.5,0.0,0.0,0.0,2,154.0,156.5,12,145.5,0.0,0.0,0.0,0.0,0.0,139
2023-05-09 21:53:48,OI311P7500,菜籽油2311沽7500,145.5,0.0,0.0,0.0,2,154.0,156.5,18,145.5,0.0,0.0,0.0,0.0,0.0,139
2023-05-09 21:53:54,OI311P7500,菜籽油2311沽7500,145.5,0.0,0.0,0.0,2,154.0,156.5,24,145.5,0.0,0.0,0.0,0.0,0.0,139
2023-05-09 21:54:10,OI311P7500,菜籽油2311沽7500,145.5,0.0,0.0,0.0,2,154.0,156.5,30,145.5,0.0,0.0,0.0,0.0,0.0,139
2023-05-09 21:54:18,OI311P7500,菜籽油2311沽7500,145.5,0.0,0.0,0.0,12,153.5,156.5,30,145.5,0.0,0.0,0.0,0.0,0.0,139
2023-05-09 21:54:18,OI311P7500,菜籽油2311沽7500,145.5,0.0,0.0,0.0,18,153.5,156.5,32,145.5,0.0,0.0,0.0,0.0,0.0,139
2023-05-09 21:54:19,OI311P7500,菜籽油2311沽7500,145.5,0.0,0.0,0.0,6,153.5,156.5,26,145.5,0.0,0.0,0.0,0.0,0.0,139
2023-05-09 21:54:20,OI311P7500,菜籽油2311沽7500,145.5,0.0,0.0,0.0,20,153.0,156.5,32,145.5,0.0,0.0,0.0,0.0,0.0,139
2023-05-09 21:54:21,OI311P7500,菜籽油2311沽7500,145.5,0.0,0.0,0.0,14,153.0,156.5,32,145.5,0.0,0.0,0.0,0.0,0.0,139
2023-05-09 21:54:22,OI311P7500,菜籽油2311沽7500,145.5,0.0,0.0,0.0,14,153.0,156.5,26,145.5,0.0,0.0,0.0,0.0,0.0,139
2023-05-09 21:54:25,OI311P7500,菜籽油2311沽7500,145.5,0.0,0.0,0.0,20,153.0,156.5,26,145.5,0.0,0.0,0.0,0.0,0.0,139
2023-05-09 21:54:36,OI311P7500,菜籽油2311沽7500,145.5,0.0,0.0,0.0,14,153.0,156.5,26,145.5,0.0,0.0,0.0,0.0,0.0,139
2023-05-09 21:54:40,OI311P7500,菜籽油2311沽7500,145.5,0.0,0.0,0.0,14,153.0,156.5,20,145.5,0.0,0.0,0.0,0.0,0.0,139
2023-05-09 21:54:45,OI311P7500,菜籽油2311沽7500,145.5,0.0,0.0,0.0,20,153.0,156.5,20,145.5,0.0,0.0,0.0,0.0,0.0,139
2023-05-09 21:54:52,OI311P7500,菜籽油2311沽7500,145.5,0.0,0.0,0.0,20,153.0,156.5,26,145.5,0.0,0.0,0.0,0.0,0.0,139
2023-05-09 21:55:04,OI311P7500,菜籽油2311沽7500,145.5,0.0,0.0,0.0,20,153.0,156.5,20,145.5,0.0,0.0,0.0,0.0,0.0,139
2023-05-09 21:55:13,OI311P7500,菜籽油2311沽7500,145.5,0.0,0.0,0.0,14,153.0,156.5,20,145.5,0.0,0.0,0.0,0.0,0.0,139
2023-05-09 21:55:16,OI311P7500,菜籽油2311沽7500,145.5,0.0,0.0,0.0,14,153.0,156.5,26,145.5,0.0,0.0,0.0,0.0,0.0,139
2023-05-09 21:55:33,OI311P7500,菜籽油2311沽7500,145.5,0.0,0.0,0.0,2,154.0,156.5,24,145.5,0.0,0.0,0.0,0.0,0.0,139
2023-05-09 21:57:17,OI311P7500,菜籽油2311沽7500,145.5,0.0,0.0,0.0,2,154.0,156.5,18,145.5,0.0,0.0,0.0,0.0,0.0,139
2023-05-09 21:57:28,OI311P7500,菜籽油2311沽7500,145.5,0.0,0.0,0.0,2,154.0,156.5,24,145.5,0.0,0.0,0.0,0.0,0.0,139
2023-05-09 21:57:32,OI311P7500,菜籽油2311沽7500,145.5,0.0,0.0,0.0,12,153.5,156.5,26,145.5,0.0,0.0,0.0,0.0,0.0,139
2023-05-09 21:57:32,OI311P7500,菜籽油2311沽7500,145.5,0.0,0.0,0.0,18,153.5,156.5,26,145.5,0.0,0.0,0.0,0.0,0.0,139
2023-05-09 21:57:33,OI311P7500,菜籽油2311沽7500,145.5,0.0,0.0,0.0,6,153.5,156.5,20,145.5,0.0,0.0,0.0,0.0,0.0,139
2023-05-09 21:57:33,OI311P7500,菜籽油2311沽7500,145.5,0.0,0.0,0.0,26,153.0,156.5,26,145.5,0.0,0.0,0.0,0.0,0.0,139
2023-05-09 21:57:34,OI311P7500,菜籽油2311沽7500,145.5,0.0,0.0,0.0,20,153.0,156.5,26,145.5,0.0,0.0,0.0,0.0,0.0,139
2023-05-09 21:57:48,OI311P7500,菜籽油2311沽7500,145.5,0.0,0.0,0.0,20,153.0,156.5,32,145.5,0.0,0.0,0.0,0.0,0.0,139
2023-05-09 21:57:48,OI311P7500,菜籽油2311沽7500,145.5,0.0,0.0,0.0,14,153.0,156.5,32,145.5,0.0,0.0,0.0,0.0,0.0,139
2023-05-09 21:57:53,OI311P7500,菜籽油2311沽7500,145.5,0.0,0.0,0.0,24,152.5,155.5,2,145.5,0.0,0.0,0.0,0.0,0.0,139
2023-05-09 21:57:54,OI311P7500,菜籽油2311沽7500,145.5,0.0,0.0,0.0,30,152.5,155.5,2,145.5,0.0,0.0,0.0,0.0,0.0,139
2023-05-09 21:57:54,OI311P7500,菜籽油2311沽7500,145.5,0.0,0.0,0.0,24,152.5,155.5,2,145.5,0.0,0.0,0.0,0.0,0.0,139
2023-05-09 21:57:55,OI311P7500,菜籽油2311沽7500,145.5,0.0,0.0,0.0,24,152.5,155.5,14,145.5,0.0,0.0,0.0,0.0,0.0,139
2023-05-09 21:57:56,OI311P7500,菜籽油2311沽7500,145.5,0.0,0.0,0.0,18,152.5,155.5,20,145.5,0.0,0.0,0.0,0.0,0.0,139
2023-05-09 21:57:57,OI311P7500,菜籽油2311沽7500,145.5,0.0,0.0,0.0,18,152.5,155.5,26,145.5,0.0,0.0,0.0,0.0,0.0,139
2023-05-09 21:57:57,OI311P7500,菜籽油2311沽7500,145.5,0.0,0.0,0.0,18,152.0,155.5,32,145.5,0.0,0.0,0.0,0.0,0.0,139
2023-05-09 21:57:58,OI311P7500,菜籽油2311沽7500,145.5,0.0,0.0,0.0,6,152.0,155.5,26,145.5,0.0,0.0,0.0,0.0,0.0,139
2023-05-09 21:57:59,OI311P7500,菜籽油2311沽7500,145.5,0.0,0.0,0.0,26,151.5,155.5,38,145.5,0.0,0.0,0.0,0.0,0.0,139
2023-05-09 21:57:59,OI311P7500,菜籽油2311沽7500,145.5,0.0,0.0,0.0,26,151.5,155.5,32,145.5,0.0,0.0,0.0,0.0,0.0,139
2023-05-09 21:58:00,OI311P7500,菜籽油2311沽7500,145.5,0.0,0.0,0.0,20,151.5,155.5,32,145.5,0.0,0.0,0.0,0.0,0.0,139
2023-05-09 21:58:06,OI311P7500,菜籽油2311沽7500,145.5,0.0,0.0,0.0,8,151.5,154.5,2,145.5,0.0,0.0,0.0,0.0,0.0,139
2023-05-09 21:58:06,OI311P7500,菜籽油2311沽7500,145.5,0.0,0.0,0.0,8,151.5,154.5,20,145.5,0.0,0.0,0.0,0.0,0.0,139
2023-05-09 21:58:10,OI311P7500,菜籽油2311沽7500,145.5,0.0,0.0,0.0,18,151.0,154.5,20,145.5,0.0,0.0,0.0,0.0,0.0,139
2023-05-09 21:58:10,OI311P7500,菜籽油2311沽7500,145.5,0.0,0.0,0.0,24,151.0,154.5,32,145.5,0.0,0.0,0.0,0.0,0.0,139
2023-05-09 21:58:11,OI311P7500,菜籽油2311沽7500,145.5,0.0,0.0,0.0,6,151.0,154.5,38,145.5,0.0,0.0,0.0,0.0,0.0,139
2023-05-09 21:58:11,OI311P7500,菜籽油2311沽7500,145.5,0.0,0.0,0.0,24,150.5,154.5,44,145.5,0.0,0.0,0.0,0.0,0.0,139
2023-05-09 21:58:12,OI311P7500,菜籽油2311沽7500,145.5,0.0,0.0,0.0,18,150.5,154.5,50,145.5,0.0,0.0,0.0,0.0,0.0,139
2023-05-09 21:58:16,OI311P7500,菜籽油2311沽7500,145.5,0.0,0.0,0.0,18,150.5,154.5,44,145.5,0.0,0.0,0.0,0.0,0.0,139
2023-05-09 21:58:17,OI311P7500,菜籽油2311沽7500,145.5,0.0,0.0,0.0,6,150.5,154.5,38,145.5,0.0,0.0,0.0,0.0,0.0,139
2023-05-09 21:58:17,OI311P7500,菜籽油2311沽7500,145.5,0.0,0.0,0.0,30,150.0,154.5,44,145.5,0.0,0.0,0.0,0.0,0.0,139
2023-05-09 21:58:18,OI311P7500,菜籽油2311沽7500,145.5,0.0,0.0,0.0,36,150.0,154.5,44,145.5,0.0,0.0,0.0,0.0,0.0,139
2023-05-09 21:58:18,OI311P7500,菜籽油2311沽7500,145.5,0.0,0.0,0.0,30,150.0,154.5,44,145.5,0.0,0.0,0.0,0.0,0.0,139
2023-05-09 21:58:19,OI311P7500,菜籽油2311沽7500,145.5,0.0,0.0,0.0,24,150.0,154.5,44,145.5,0.0,0.0,0.0,0.0,0.0,139
2023-05-09 21:58:38,OI311P7500,菜籽油2311沽7500,145.5,0.0,0.0,0.0,24,150.0,153.5,2,145.5,0.0,0.0,0.0,0.0,0.0,139
2023-05-09 21:59:00,OI311P7500,菜籽油2311沽7500,145.5,0.0,0.0,0.0,2,150.5,153.5,2,145.5,0.0,0.0,0.0,0.0,0.0,139
2023-05-09 21:59:13,OI311P7500,菜籽油2311沽7500,145.5,0.0,0.0,0.0,2,150.5,153.5,14,145.5,0.0,0.0,0.0,0.0,0.0,139
2023-05-09 21:59:13,OI311P7500,菜籽油2311沽7500,145.5,0.0,0.0,0.0,2,150.5,153.5,32,145.5,0.0,0.0,0.0,0.0,0.0,139
2023-05-09 21:59:17,OI311P7500,菜籽油2311沽7500,145.5,0.0,0.0,0.0,24,150.0,153.5,32,145.5,0.0,0.0,0.0,0.0,0.0,139
2023-05-09 21:59:18,OI311P7500,菜籽油2311沽7500,145.5,0.0,0.0,0.0,18,150.0,153.5,32,145.5,0.0,0.0,0.0,0.0,0.0,139
2023-05-09 21:59:21,OI311P7500,菜籽油2311沽7500,145.5,0.0,0.0,0.0,18,150.0,153.5,26,145.5,0.0,0.0,0.0,0.0,0.0,139
2023-05-09 21:59:22,OI311P7500,菜籽油2311沽7500,145.5,0.0,0.0,0.0,6,150.0,153.5,26,145.5,0.0,0.0,0.0,0.0,0.0,139
2023-05-09 21:59:23,OI311P7500,菜籽油2311沽7500,145.5,0.0,0.0,0.0,20,149.5,153.5,26,145.5,0.0,0.0,0.0,0.0,0.0,139
2023-05-09 21:59:24,OI311P7500,菜籽油2311沽7500,145.5,0.0,0.0,0.0,14,149.5,153.5,26,145.5,0.0,0.0,0.0,0.0,0.0,139
2023-05-09 21:59:24,OI311P7500,菜籽油2311沽7500,145.5,0.0,0.0,0.0,20,149.5,153.5,26,145.5,0.0,0.0,0.0,0.0,0.0,139
2023-05-09 21:59:25,OI311P7500,菜籽油2311沽7500,145.5,0.0,0.0,0.0,20,149.5,153.5,38,145.5,0.0,0.0,0.0,0.0,0.0,139
2023-05-09 21:59:31,OI311P7500,菜籽油2311沽7500,145.5,0.0,0.0,0.0,20,149.5,153.5,32,145.5,0.0,0.0,0.0,0.0,0.0,139
2023-05-09 21:59:34,OI311P7500,菜籽油2311沽7500,145.5,0.0,0.0,0.0,14,149.5,153.5,32,145.5,0.0,0.0,0.0,0.0,0.0,139
2023-05-09 21:59:51,OI311P7500,菜籽油2311沽7500,145.5,0.0,0.0,0.0,14,149.5,152.5,2,145.5,0.0,0.0,0.0,0.0,0.0,139
2023-05-09 21:59:51,OI311P7500,菜籽油2311沽7500,145.5,0.0,0.0,0.0,8,149.5,152.5,20,145.5,0.0,0.0,0.0,0.0,0.0,139
2023-05-09 21:59:58,OI311P7500,菜籽油2311沽7500,145.5,0.0,0.0,0.0,8,149.5,152.5,26,145.5,0.0,0.0,0.0,0.0,0.0,139
2023-05-09 21:59:59,OI311P7500,菜籽油2311沽7500,145.5,0.0,0.0,0.0,12,149.0,152.5,26,145.5,0.0,0.0,0.0,0.0,0.0,139
2023-05-09 21:59:59,OI311P7500,菜籽油2311沽7500,145.5,0.0,0.0,0.0,18,149.0,152.5,26,145.5,0.0,0.0,0.0,0.0,0.0,139
2023-05-09 22:00:00,OI311P7500,菜籽油2311沽7500,145.5,0.0,0.0,0.0,6,149.0,152.5,20,145.5,0.0,0.0,0.0,0.0,0.0,139
2023-05-09 22:00:00,OI311P7500,菜籽油2311沽7500,145.5,0.0,0.0,0.0,24,148.5,152.5,26,145.5,0.0,0.0,0.0,0.0,0.0,139
2023-05-09 22:00:01,OI311P7500,菜籽油2311沽7500,145.5,0.0,0.0,0.0,18,148.5,152.5,26,145.5,0.0,0.0,0.0,0.0,0.0,139
2023-05-09 22:00:02,OI311P7500,菜籽油2311沽7500,145.5,0.0,0.0,0.0,6,148.5,152.5,20,145.5,0.0,0.0,0.0,0.0,0.0,139
2023-05-09 22:00:02,OI311P7500,菜籽油2311沽7500,145.5,0.0,0.0,0.0,26,148.0,151.5,2,145.5,0.0,0.0,0.0,0.0,0.0,139
2023-05-09 22:00:03,OI311P7500,菜籽油2311沽7500,145.5,0.0,0.0,0.0,26,148.0,151.5,26,145.5,0.0,0.0,0.0,0.0,0.0,139
2023-05-09 22:00:03,OI311P7500,菜籽油2311沽7500,145.5,0.0,0.0,0.0,20,148.0,151.5,26,145.5,0.0,0.0,0.0,0.0,0.0,139
2023-05-09 22:00:07,OI311P7500,菜籽油2311沽7500,145.5,0.0,0.0,0.0,14,148.0,151.5,26,145.5,0.0,0.0,0.0,0.0,0.0,139
2023-05-09 22:00:32,OI311P7500,菜籽油2311沽7500,145.5,0.0,0.0,0.0,14,148.0,151.5,32,145.5,0.0,0.0,0.0,0.0,0.0,139
2023-05-09 22:00:33,OI311P7500,菜籽油2311沽7500,145.5,0.0,0.0,0.0,12,148.0,151.5,32,145.5,0.0,0.0,0.0,0.0,0.0,139
2023-05-09 22:00:33,OI311P7500,菜籽油2311沽7500,145.5,0.0,0.0,0.0,24,147.5,150.5,2,145.5,0.0,0.0,0.0,0.0,0.0,139
2023-05-09 22:00:34,OI311P7500,菜籽油2311沽7500,145.5,0.0,0.0,0.0,30,147.5,150.5,2,145.5,0.0,0.0,0.0,0.0,0.0,139
2023-05-09 22:00:34,OI311P7500,菜籽油2311沽7500,145.5,0.0,0.0,0.0,24,147.5,150.5,2,145.5,0.0,0.0,0.0,0.0,0.0,139
2023-05-09 22:00:35,OI311P7500,菜籽油2311沽7500,145.5,0.0,0.0,0.0,24,147.5,150.5,14,145.5,0.0,0.0,0.0,0.0,0.0,139
2023-05-09 22:00:36,OI311P7500,菜籽油2311沽7500,145.5,0.0,0.0,0.0,24,147.5,150.5,8,145.5,0.0,0.0,0.0,0.0,0.0,139
2023-05-09 22:00:36,OI311P7500,菜籽油2311沽7500,145.5,0.0,0.0,0.0,24,147.5,150.5,2,145.5,0.0,0.0,0.0,0.0,0.0,139
2023-05-09 22:00:37,OI311P7500,菜籽油2311沽7500,145.5,0.0,0.0,0.0,18,147.5,150.5,2,145.5,0.0,0.0,0.0,0.0,0.0,139
2023-05-09 22:00:59,OI311P7500,菜籽油2311沽7500,145.5,0.0,0.0,0.0,20,147.5,150.5,2,145.5,0.0,0.0,0.0,0.0,0.0,139
2023-05-09 22:01:04,OI311P7500,菜籽油2311沽7500,145.5,0.0,0.0,0.0,20,147.5,151.0,18,145.5,0.0,0.0,0.0,0.0,0.0,139
2023-05-09 22:01:04,OI311P7500,菜籽油2311沽7500,145.5,0.0,0.0,0.0,20,147.5,151.0,24,145.5,0.0,0.0,0.0,0.0,0.0,139
2023-05-09 22:01:05,OI311P7500,菜籽油2311沽7500,145.5,0.0,0.0,0.0,20,147.5,151.0,6,145.5,0.0,0.0,0.0,0.0,0.0,139
2023-05-09 22:01:05,OI311P7500,菜籽油2311沽7500,145.5,0.0,0.0,0.0,26,147.5,151.5,26,145.5,0.0,0.0,0.0,0.0,0.0,139
2023-05-09 22:01:06,OI311P7500,菜籽油2311沽7500,145.5,0.0,0.0,0.0,26,147.5,151.5,20,145.5,0.0,0.0,0.0,0.0,0.0,139
2023-05-09 22:01:09,OI311P7500,菜籽油2311沽7500,145.5,0.0,0.0,0.0,2,148.5,151.5,20,145.5,0.0,0.0,0.0,0.0,0.0,139
2023-05-09 22:01:10,OI311P7500,菜籽油2311沽7500,145.5,0.0,0.0,0.0,14,148.5,151.5,12,145.5,0.0,0.0,0.0,0.0,0.0,139
2023-05-09 22:01:10,OI311P7500,菜籽油2311沽7500,145.5,0.0,0.0,0.0,20,148.5,152.0,12,145.5,0.0,0.0,0.0,0.0,0.0,139
2023-05-09 22:01:11,OI311P7500,菜籽油2311沽7500,145.5,0.0,0.0,0.0,20,148.5,152.0,18,145.5,0.0,0.0,0.0,0.0,0.0,139
2023-05-09 22:01:11,OI311P7500,菜籽油2311沽7500,145.5,0.0,0.0,0.0,14,148.5,152.0,6,145.5,0.0,0.0,0.0,0.0,0.0,139
2023-05-09 22:01:12,OI311P7500,菜籽油2311沽7500,145.5,0.0,0.0,0.0,26,148.5,152.5,30,145.5,0.0,0.0,0.0,0.0,0.0,139
2023-05-09 22:01:13,OI311P7500,菜籽油2311沽7500,145.5,0.0,0.0,0.0,26,148.5,152.5,24,145.5,0.0,0.0,0.0,0.0,0.0,139
2023-05-09 22:01:13,OI311P7500,菜籽油2311沽7500,145.5,0.0,0.0,0.0,26,148.5,152.5,18,145.5,0.0,0.0,0.0,0.0,0.0,139
2023-05-09 22:01:14,OI311P7500,菜籽油2311沽7500,145.5,0.0,0.0,0.0,2,149.5,152.5,12,145.5,0.0,0.0,0.0,0.0,0.0,139
2023-05-09 22:01:15,OI311P7500,菜籽油2311沽7500,145.5,0.0,0.0,0.0,2,149.5,152.5,18,145.5,0.0,0.0,0.0,0.0,0.0,139
2023-05-09 22:01:33,OI311P7500,菜籽油2311沽7500,145.5,0.0,0.0,0.0,2,149.5,152.5,24,145.5,0.0,0.0,0.0,0.0,0.0,139
2023-05-09 22:02:24,OI311P7500,菜籽油2311沽7500,145.5,0.0,0.0,0.0,2,149.5,152.5,18,145.5,0.0,0.0,0.0,0.0,0.0,139
2023-05-09 22:03:18,OI311P7500,菜籽油2311沽7500,145.5,0.0,0.0,0.0,2,149.5,152.5,24,145.5,0.0,0.0,0.0,0.0,0.0,139
2023-05-09 22:03:30,OI311P7500,菜籽油2311沽7500,145.5,0.0,0.0,0.0,2,149.5,152.5,18,145.5,0.0,0.0,0.0,0.0,0.0,139
2023-05-09 22:03:47,OI311P7500,菜籽油2311沽7500,145.5,0.0,0.0,0.0,2,149.5,152.5,12,145.5,0.0,0.0,0.0,0.0,0.0,139
2023-05-09 22:03:48,OI311P7500,菜籽油2311沽7500,145.5,0.0,0.0,0.0,2,149.5,152.5,6,145.5,0.0,0.0,0.0,0.0,0.0,139
2023-05-09 22:03:48,OI311P7500,菜籽油2311沽7500,145.5,0.0,0.0,0.0,2,149.5,153.0,26,145.5,0.0,0.0,0.0,0.0,0.0,139
2023-05-09 22:03:49,OI311P7500,菜籽油2311沽7500,145.5,0.0,0.0,0.0,2,149.5,153.0,20,145.5,0.0,0.0,0.0,0.0,0.0,139
2023-05-09 22:04:09,OI311P7500,菜籽油2311沽7500,145.5,0.0,0.0,0.0,2,149.5,153.0,26,145.5,0.0,0.0,0.0,0.0,0.0,139
2023-05-09 22:04:12,OI311P7500,菜籽油2311沽7500,145.5,0.0,0.0,0.0,8,149.5,153.0,26,145.5,0.0,0.0,0.0,0.0,0.0,139
2023-05-09 22:04:12,OI311P7500,菜籽油2311沽7500,145.5,0.0,0.0,0.0,14,149.5,153.0,26,145.5,0.0,0.0,0.0,0.0,0.0,139
2023-05-09 22:04:12,OI311P7500,菜籽油2311沽7500,145.5,0.0,0.0,0.0,8,149.5,153.0,26,145.5,0.0,0.0,0.0,0.0,0.0,139
2023-05-09 22:04:12,OI311P7500,菜籽油2311沽7500,145.5,0.0,0.0,0.0,14,149.5,153.0,26,145.5,0.0,0.0,0.0,0.0,0.0,139
2023-05-09 22:04:19,OI311P7500,菜籽油2311沽7500,145.5,0.0,0.0,0.0,8,149.5,153.0,26,145.5,0.0,0.0,0.0,0.0,0.0,139
2023-05-09 22:04:19,OI311P7500,菜籽油2311沽7500,145.5,0.0,0.0,0.0,2,149.5,153.0,26,145.5,0.0,0.0,0.0,0.0,0.0,139
2023-05-09 22:04:23,OI311P7500,菜籽油2311沽7500,145.5,0.0,0.0,0.0,2,149.5,153.0,20,145.5,0.0,0.0,0.0,0.0,0.0,139
2023-05-09 22:04:33,OI311P7500,菜籽油2311沽7500,145.5,0.0,0.0,0.0,2,149.5,153.0,26,145.5,0.0,0.0,0.0,0.0,0.0,139
2023-05-09 22:05:05,OI311P7500,菜籽油2311沽7500,145.5,0.0,0.0,0.0,2,149.5,153.0,32,145.5,0.0,0.0,0.0,0.0,0.0,139
2023-05-09 22:05:38,OI311P7500,菜籽油2311沽7500,145.5,0.0,0.0,0.0,2,149.5,153.0,26,145.5,0.0,0.0,0.0,0.0,0.0,139
2023-05-09 22:06:03,OI311P7500,菜籽油2311沽7500,145.5,0.0,0.0,0.0,2,149.5,153.0,20,145.5,0.0,0.0,0.0,0.0,0.0,139
2023-05-09 22:06:09,OI311P7500,菜籽油2311沽7500,145.5,0.0,0.0,0.0,2,149.5,153.0,6,145.5,0.0,0.0,0.0,0.0,0.0,139
2023-05-09 22:06:09,OI311P7500,菜籽油2311沽7500,145.5,0.0,0.0,0.0,2,149.5,153.5,30,145.5,0.0,0.0,0.0,0.0,0.0,139
2023-05-09 22:06:10,OI311P7500,菜籽油2311沽7500,145.5,0.0,0.0,0.0,2,149.5,153.5,24,145.5,0.0,0.0,0.0,0.0,0.0,139
2023-05-09 22:06:33,OI311P7500,菜籽油2311沽7500,145.5,0.0,0.0,0.0,2,149.5,153.5,30,145.5,0.0,0.0,0.0,0.0,0.0,139
2023-05-09 22:06:54,OI311P7500,菜籽油2311沽7500,145.5,0.0,0.0,0.0,2,149.5,153.5,32,145.5,0.0,0.0,0.0,0.0,0.0,139
2023-05-09 22:06:55,OI311P7500,菜籽油2311沽7500,145.5,0.0,0.0,0.0,8,149.5,153.5,32,145.5,0.0,0.0,0.0,0.0,0.0,139
2023-05-09 22:06:55,OI311P7500,菜籽油2311沽7500,145.5,0.0,0.0,0.0,14,149.5,153.5,32,145.5,0.0,0.0,0.0,0.0,0.0,139
2023-05-09 22:06:56,OI311P7500,菜籽油2311沽7500,145.5,0.0,0.0,0.0,2,149.5,153.0,6,145.5,0.0,0.0,0.0,0.0,0.0,139
2023-05-09 22:06:56,OI311P7500,菜籽油2311沽7500,145.5,0.0,0.0,0.0,2,149.5,153.0,18,145.5,0.0,0.0,0.0,0.0,0.0,139
2023-05-09 22:06:57,OI311P7500,菜籽油2311沽7500,145.5,0.0,0.0,0.0,2,149.5,153.0,24,145.5,0.0,0.0,0.0,0.0,0.0,139
2023-05-09 22:06:59,OI311P7500,菜籽油2311沽7500,145.5,0.0,0.0,0.0,2,149.5,153.0,30,145.5,0.0,0.0,0.0,0.0,0.0,139
2023-05-09 22:07:05,OI311P7500,菜籽油2311沽7500,145.5,0.0,0.0,0.0,2,149.5,153.0,24,145.5,0.0,0.0,0.0,0.0,0.0,139
2023-05-09 22:07:25,OI311P7500,菜籽油2311沽7500,145.5,0.0,0.0,0.0,2,149.5,153.0,18,145.5,0.0,0.0,0.0,0.0,0.0,139
2023-05-09 22:08:03,OI311P7500,菜籽油2311沽7500,145.5,0.0,0.0,0.0,2,150.5,153.0,18,145.5,0.0,0.0,0.0,0.0,0.0,139
2023-05-09 22:08:08,OI311P7500,菜籽油2311沽7500,145.5,0.0,0.0,0.0,8,150.5,153.0,6,145.5,0.0,0.0,0.0,0.0,0.0,139
2023-05-09 22:08:08,OI311P7500,菜籽油2311沽7500,145.5,0.0,0.0,0.0,14,150.5,153.5,26,145.5,0.0,0.0,0.0,0.0,0.0,139
2023-05-09 22:08:09,OI311P7500,菜籽油2311沽7500,145.5,0.0,0.0,0.0,14,150.5,153.5,20,145.5,0.0,0.0,0.0,0.0,0.0,139
2023-05-09 22:08:13,OI311P7500,菜籽油2311沽7500,145.5,0.0,0.0,0.0,20,150.5,153.5,14,145.5,0.0,0.0,0.0,0.0,0.0,139
2023-05-09 22:08:18,OI311P7500,菜籽油2311沽7500,145.5,0.0,0.0,0.0,20,150.5,153.5,20,145.5,0.0,0.0,0.0,0.0,0.0,139
2023-05-09 22:08:24,OI311P7500,菜籽油2311沽7500,145.5,0.0,0.0,0.0,20,150.5,153.5,26,145.5,0.0,0.0,0.0,0.0,0.0,139
2023-05-09 22:09:06,OI311P7500,菜籽油2311沽7500,145.5,0.0,0.0,0.0,14,150.5,153.5,26,145.5,0.0,0.0,0.0,0.0,0.0,139
2023-05-09 22:09:06,OI311P7500,菜籽油2311沽7500,145.5,0.0,0.0,0.0,14,150.5,153.5,32,145.5,0.0,0.0,0.0,0.0,0.0,139
2023-05-09 22:09:32,OI311P7500,菜籽油2311沽7500,145.5,0.0,0.0,0.0,6,150.5,153.5,26,145.5,0.0,0.0,0.0,0.0,0.0,139
2023-05-09 22:09:32,OI311P7500,菜籽油2311沽7500,145.5,0.0,0.0,0.0,18,150.0,153.5,32,145.5,0.0,0.0,0.0,0.0,0.0,139
2023-05-09 22:09:33,OI311P7500,菜籽油2311沽7500,145.5,0.0,0.0,0.0,6,150.0,153.5,26,145.5,0.0,0.0,0.0,0.0,0.0,139
2023-05-09 22:09:34,OI311P7500,菜籽油2311沽7500,145.5,0.0,0.0,0.0,26,149.5,153.5,32,145.5,0.0,0.0,0.0,0.0,0.0,139
2023-05-09 22:09:34,OI311P7500,菜籽油2311沽7500,145.5,0.0,0.0,0.0,20,149.5,153.5,32,145.5,0.0,0.0,0.0,0.0,0.0,139
2023-05-09 22:10:00,OI311P7500,菜籽油2311沽7500,145.5,0.0,0.0,0.0,14,149.5,153.5,32,145.5,0.0,0.0,0.0,0.0,0.0,139
2023-05-09 22:10:13,OI311P7500,菜籽油2311沽7500,145.5,0.0,0.0,0.0,14,149.5,153.5,26,145.5,0.0,0.0,0.0,0.0,0.0,139
2023-05-09 22:10:14,OI311P7500,菜籽油2311沽7500,145.5,0.0,0.0,0.0,14,149.5,153.5,20,145.5,0.0,0.0,0.0,0.0,0.0,139
2023-05-09 22:10:15,OI311P7500,菜籽油2311沽7500,145.5,0.0,0.0,0.0,2,150.5,153.5,14,145.5,0.0,0.0,0.0,0.0,0.0,139
2023-05-09 22:10:15,OI311P7500,菜籽油2311沽7500,145.5,0.0,0.0,0.0,2,150.5,153.5,20,145.5,0.0,0.0,0.0,0.0,0.0,139
2023-05-09 22:10:31,OI311P7500,菜籽油2311沽7500,145.5,0.0,0.0,0.0,2,150.5,153.5,18,145.5,0.0,0.0,0.0,0.0,0.0,139
2023-05-09 22:10:31,OI311P7500,菜籽油2311沽7500,145.5,0.0,0.0,0.0,2,150.5,153.5,6,145.5,0.0,0.0,0.0,0.0,0.0,139
2023-05-09 22:10:31,OI311P7500,菜籽油2311沽7500,145.5,0.0,0.0,0.0,2,150.5,154.0,30,145.5,0.0,0.0,0.0,0.0,0.0,139
2023-05-09 22:10:32,OI311P7500,菜籽油2311沽7500,145.5,0.0,0.0,0.0,2,150.5,154.0,24,145.5,0.0,0.0,0.0,0.0,0.0,139
2023-05-09 22:10:52,OI311P7500,菜籽油2311沽7500,145.5,0.0,0.0,0.0,2,150.5,153.5,12,145.5,0.0,0.0,0.0,0.0,0.0,139
2023-05-09 22:10:52,OI311P7500,菜籽油2311沽7500,145.5,0.0,0.0,0.0,2,150.5,153.5,18,145.5,0.0,0.0,0.0,0.0,0.0,139
2023-05-09 22:10:56,OI311P7500,菜籽油2311沽7500,145.5,0.0,0.0,0.0,2,150.5,153.5,24,145.5,0.0,0.0,0.0,0.0,0.0,139
2023-05-09 22:11:03,OI311P7500,菜籽油2311沽7500,145.5,0.0,0.0,0.0,2,150.5,153.5,12,145.5,0.0,0.0,0.0,0.0,0.0,139
2023-05-09 22:11:04,OI311P7500,菜籽油2311沽7500,145.5,0.0,0.0,0.0,2,150.5,154.0,18,145.5,0.0,0.0,0.0,0.0,0.0,139
2023-05-09 22:11:04,OI311P7500,菜籽油2311沽7500,145.5,0.0,0.0,0.0,2,150.5,154.0,24,145.5,0.0,0.0,0.0,0.0,0.0,139
2023-05-09 22:11:04,OI311P7500,菜籽油2311沽7500,145.5,0.0,0.0,0.0,2,150.5,154.0,18,145.5,0.0,0.0,0.0,0.0,0.0,139
2023-05-09 22:11:06,OI311P7500,菜籽油2311沽7500,145.5,0.0,0.0,0.0,2,150.5,154.0,24,145.5,0.0,0.0,0.0,0.0,0.0,139
2023-05-09 22:11:23,OI311P7500,菜籽油2311沽7500,145.5,0.0,0.0,0.0,2,150.5,154.0,18,145.5,0.0,0.0,0.0,0.0,0.0,139
2023-05-09 22:11:33,OI311P7500,菜籽油2311沽7500,145.5,0.0,0.0,0.0,2,150.5,154.0,12,145.5,0.0,0.0,0.0,0.0,0.0,139
2023-05-09 22:11:33,OI311P7500,菜籽油2311沽7500,145.5,0.0,0.0,0.0,2,151.5,154.5,38,145.5,0.0,0.0,0.0,0.0,0.0,139
2023-05-09 22:11:34,OI311P7500,菜籽油2311沽7500,145.5,0.0,0.0,0.0,2,151.5,154.5,26,145.5,0.0,0.0,0.0,0.0,0.0,139
2023-05-09 22:11:34,OI311P7500,菜籽油2311沽7500,145.5,0.0,0.0,0.0,2,151.5,154.5,20,145.5,0.0,0.0,0.0,0.0,0.0,139
2023-05-09 22:11:48,OI311P7500,菜籽油2311沽7500,145.5,0.0,0.0,0.0,2,151.5,154.5,12,145.5,0.0,0.0,0.0,0.0,0.0,139
2023-05-09 22:11:48,OI311P7500,菜籽油2311沽7500,145.5,0.0,0.0,0.0,2,151.5,155.0,24,145.5,0.0,0.0,0.0,0.0,0.0,139
2023-05-09 22:11:49,OI311P7500,菜籽油2311沽7500,145.5,0.0,0.0,0.0,2,151.5,155.0,18,145.5,0.0,0.0,0.0,0.0,0.0,139
2023-05-09 22:11:50,OI311P7500,菜籽油2311沽7500,145.5,0.0,0.0,0.0,2,151.5,155.0,24,145.5,0.0,0.0,0.0,0.0,0.0,139
2023-05-09 22:12:10,OI311P7500,菜籽油2311沽7500,145.5,0.0,0.0,0.0,2,152.5,155.0,18,145.5,0.0,0.0,0.0,0.0,0.0,139
2023-05-09 22:12:11,OI311P7500,菜籽油2311沽7500,145.5,0.0,0.0,0.0,2,152.5,155.0,12,145.5,0.0,0.0,0.0,0.0,0.0,139
2023-05-09 22:12:11,OI311P7500,菜籽油2311沽7500,145.5,0.0,0.0,0.0,2,152.5,155.5,30,145.5,0.0,0.0,0.0,0.0,0.0,139
2023-05-09 22:12:12,OI311P7500,菜籽油2311沽7500,145.5,0.0,0.0,0.0,2,152.5,155.5,24,145.5,0.0,0.0,0.0,0.0,0.0,139
2023-05-09 22:12:13,OI311P7500,菜籽油2311沽7500,145.5,0.0,0.0,0.0,2,152.5,155.5,18,145.5,0.0,0.0,0.0,0.0,0.0,139
2023-05-09 22:12:16,OI311P7500,菜籽油2311沽7500,145.5,0.0,0.0,0.0,2,152.5,155.5,12,145.5,0.0,0.0,0.0,0.0,0.0,139
2023-05-09 22:12:17,OI311P7500,菜籽油2311沽7500,145.5,0.0,0.0,0.0,2,152.5,156.0,32,145.5,0.0,0.0,0.0,0.0,0.0,139
2023-05-09 22:12:17,OI311P7500,菜籽油2311沽7500,145.5,0.0,0.0,0.0,8,152.5,156.0,26,145.5,0.0,0.0,0.0,0.0,0.0,139
2023-05-09 22:12:17,OI311P7500,菜籽油2311沽7500,145.5,0.0,0.0,0.0,20,152.5,156.0,26,145.5,0.0,0.0,0.0,0.0,0.0,139
2023-05-09 22:12:24,OI311P7500,菜籽油2311沽7500,145.5,0.0,0.0,0.0,20,152.5,156.0,20,145.5,0.0,0.0,0.0,0.0,0.0,139
2023-05-09 22:12:28,OI311P7500,菜籽油2311沽7500,145.5,0.0,0.0,0.0,20,152.5,156.0,26,145.5,0.0,0.0,0.0,0.0,0.0,139
2023-05-09 22:12:35,OI311P7500,菜籽油2311沽7500,145.5,0.0,0.0,0.0,14,152.5,155.0,12,145.5,0.0,0.0,0.0,0.0,0.0,139
2023-05-09 22:12:36,OI311P7500,菜籽油2311沽7500,145.5,0.0,0.0,0.0,20,152.5,155.0,18,145.5,0.0,0.0,0.0,0.0,0.0,139
2023-05-09 22:12:38,OI311P7500,菜籽油2311沽7500,145.5,0.0,0.0,0.0,14,152.5,155.0,24,145.5,0.0,0.0,0.0,0.0,0.0,139
2023-05-09 22:12:46,OI311P7500,菜籽油2311沽7500,145.5,0.0,0.0,0.0,14,152.5,155.0,30,145.5,0.0,0.0,0.0,0.0,0.0,139
2023-05-09 22:12:47,OI311P7500,菜籽油2311沽7500,145.5,0.0,0.0,0.0,14,152.5,155.0,24,145.5,0.0,0.0,0.0,0.0,0.0,139
2023-05-09 22:12:54,OI311P7500,菜籽油2311沽7500,145.5,0.0,0.0,0.0,14,152.5,155.0,18,145.5,0.0,0.0,0.0,0.0,0.0,139
2023-05-09 22:12:54,OI311P7500,菜籽油2311沽7500,145.5,0.0,0.0,0.0,14,152.5,155.0,24,145.5,0.0,0.0,0.0,0.0,0.0,139
2023-05-09 22:13:07,OI311P7500,菜籽油2311沽7500,145.5,0.0,0.0,0.0,14,152.5,155.0,18,145.5,0.0,0.0,0.0,0.0,0.0,139
2023-05-09 22:13:08,OI311P7500,菜籽油2311沽7500,145.5,0.0,0.0,0.0,14,152.5,155.0,6,145.5,0.0,0.0,0.0,0.0,0.0,139
2023-05-09 22:13:08,OI311P7500,菜籽油2311沽7500,145.5,0.0,0.0,0.0,14,152.5,155.5,24,145.5,0.0,0.0,0.0,0.0,0.0,139
2023-05-09 22:13:09,OI311P7500,菜籽油2311沽7500,145.5,0.0,0.0,0.0,14,152.5,155.5,18,145.5,0.0,0.0,0.0,0.0,0.0,139
2023-05-09 22:13:18,OI311P7500,菜籽油2311沽7500,145.5,0.0,0.0,0.0,8,152.5,155.5,6,145.5,0.0,0.0,0.0,0.0,0.0,139
2023-05-09 22:13:18,OI311P7500,菜籽油2311沽7500,145.5,0.0,0.0,0.0,8,152.5,156.0,32,145.5,0.0,0.0,0.0,0.0,0.0,139
2023-05-09 22:13:19,OI311P7500,菜籽油2311沽7500,145.5,0.0,0.0,0.0,2,152.5,156.0,32,145.5,0.0,0.0,0.0,0.0,0.0,139
2023-05-09 22:13:19,OI311P7500,菜籽油2311沽7500,145.5,0.0,0.0,0.0,2,152.5,156.0,26,145.5,0.0,0.0,0.0,0.0,0.0,139
2023-05-09 22:13:50,OI311P7500,菜籽油2311沽7500,145.5,0.0,0.0,0.0,8,152.5,156.0,20,145.5,0.0,0.0,0.0,0.0,0.0,139
2023-05-09 22:13:50,OI311P7500,菜籽油2311沽7500,145.5,0.0,0.0,0.0,14,152.5,156.0,26,145.5,0.0,0.0,0.0,0.0,0.0,139
2023-05-09 22:13:59,OI311P7500,菜籽油2311沽7500,145.5,0.0,0.0,0.0,14,152.5,156.0,32,145.5,0.0,0.0,0.0,0.0,0.0,139
2023-05-09 22:14:03,OI311P7500,菜籽油2311沽7500,145.5,0.0,0.0,0.0,14,152.5,156.0,26,145.5,0.0,0.0,0.0,0.0,0.0,139
2023-05-09 22:14:31,OI311P7500,菜籽油2311沽7500,145.5,0.0,0.0,0.0,14,152.5,156.0,24,145.5,0.0,0.0,0.0,0.0,0.0,139
2023-05-09 22:14:40,OI311P7500,菜籽油2311沽7500,145.5,0.0,0.0,0.0,14,152.5,156.0,30,145.5,0.0,0.0,0.0,0.0,0.0,139
2023-05-09 22:14:52,OI311P7500,菜籽油2311沽7500,145.5,0.0,0.0,0.0,2,153.5,156.0,6,145.5,0.0,0.0,0.0,0.0,0.0,139
2023-05-09 22:14:53,OI311P7500,菜籽油2311沽7500,145.5,0.0,0.0,0.0,2,153.5,156.5,18,145.5,0.0,0.0,0.0,0.0,0.0,139
2023-05-09 22:14:53,OI311P7500,菜籽油2311沽7500,145.5,0.0,0.0,0.0,2,153.5,156.5,30,145.5,0.0,0.0,0.0,0.0,0.0,139
2023-05-09 22:14:54,OI311P7500,菜籽油2311沽7500,145.5,0.0,0.0,0.0,2,153.5,156.5,24,145.5,0.0,0.0,0.0,0.0,0.0,139
2023-05-09 22:15:05,OI311P7500,菜籽油2311沽7500,145.5,0.0,0.0,0.0,2,153.5,156.5,18,145.5,0.0,0.0,0.0,0.0,0.0,139
2023-05-09 22:15:08,OI311P7500,菜籽油2311沽7500,145.5,0.0,0.0,0.0,2,153.5,156.5,12,145.5,0.0,0.0,0.0,0.0,0.0,139
2023-05-09 22:15:09,OI311P7500,菜籽油2311沽7500,145.5,0.0,0.0,0.0,2,153.5,157.0,26,145.5,0.0,0.0,0.0,0.0,0.0,139
2023-05-09 22:15:10,OI311P7500,菜籽油2311沽7500,145.5,0.0,0.0,0.0,2,153.5,157.0,20,145.5,0.0,0.0,0.0,0.0,0.0,139
2023-05-09 22:15:11,OI311P7500,菜籽油2311沽7500,145.5,0.0,0.0,0.0,2,153.5,157.0,26,145.5,0.0,0.0,0.0,0.0,0.0,139
2023-05-09 22:15:15,OI311P7500,菜籽油2311沽7500,145.5,0.0,0.0,0.0,2,153.5,157.0,12,145.5,0.0,0.0,0.0,0.0,0.0,139
2023-05-09 22:15:15,OI311P7500,菜籽油2311沽7500,145.5,0.0,0.0,0.0,2,154.5,157.5,30,145.5,0.0,0.0,0.0,0.0,0.0,139
2023-05-09 22:15:16,OI311P7500,菜籽油2311沽7500,145.5,0.0,0.0,0.0,2,154.5,157.5,24,145.5,0.0,0.0,0.0,0.0,0.0,139
2023-05-09 22:15:56,OI311P7500,菜籽油2311沽7500,145.5,0.0,0.0,0.0,2,154.5,157.5,26,145.5,0.0,0.0,0.0,0.0,0.0,139
2023-05-09 22:15:57,OI311P7500,菜籽油2311沽7500,145.5,0.0,0.0,0.0,2,154.5,156.5,12,145.5,0.0,0.0,0.0,0.0,0.0,139
2023-05-09 22:15:57,OI311P7500,菜籽油2311沽7500,145.5,0.0,0.0,0.0,2,154.5,156.5,24,145.5,0.0,0.0,0.0,0.0,0.0,139
2023-05-09 22:16:04,OI311P7500,菜籽油2311沽7500,145.5,0.0,0.0,0.0,18,154.0,156.5,24,145.5,0.0,0.0,0.0,0.0,0.0,139
2023-05-09 22:16:05,OI311P7500,菜籽油2311沽7500,145.5,0.0,0.0,0.0,6,154.0,156.5,12,145.5,0.0,0.0,0.0,0.0,0.0,139
2023-05-09 22:16:05,OI311P7500,菜籽油2311沽7500,145.5,0.0,0.0,0.0,20,153.5,156.5,18,145.5,0.0,0.0,0.0,0.0,0.0,139
2023-05-09 22:16:07,OI311P7500,菜籽油2311沽7500,145.5,0.0,0.0,0.0,20,153.5,156.5,24,145.5,0.0,0.0,0.0,0.0,0.0,139
2023-05-09 22:16:12,OI311P7500,菜籽油2311沽7500,145.5,0.0,0.0,0.0,20,153.5,156.5,30,145.5,0.0,0.0,0.0,0.0,0.0,139
2023-05-09 22:16:12,OI311P7500,菜籽油2311沽7500,145.5,0.0,0.0,0.0,14,153.5,156.5,36,145.5,0.0,0.0,0.0,0.0,0.0,139
2023-05-09 22:16:23,OI311P7500,菜籽油2311沽7500,145.5,0.0,0.0,0.0,14,153.5,156.5,38,145.5,0.0,0.0,0.0,0.0,0.0,139
2023-05-09 22:16:29,OI311P7500,菜籽油2311沽7500,145.5,0.0,0.0,0.0,8,153.5,156.5,38,145.5,0.0,0.0,0.0,0.0,0.0,139
2023-05-09 22:16:29,OI311P7500,菜籽油2311沽7500,145.5,0.0,0.0,0.0,2,153.5,156.5,32,145.5,0.0,0.0,0.0,0.0,0.0,139
2023-05-09 22:16:31,OI311P7500,菜籽油2311沽7500,145.5,0.0,0.0,0.0,18,153.0,156.5,32,145.5,0.0,0.0,0.0,0.0,0.0,139
2023-05-09 22:16:32,OI311P7500,菜籽油2311沽7500,145.5,0.0,0.0,0.0,6,153.0,156.5,26,145.5,0.0,0.0,0.0,0.0,0.0,139
2023-05-09 22:16:32,OI311P7500,菜籽油2311沽7500,145.5,0.0,0.0,0.0,24,152.5,156.5,38,145.5,0.0,0.0,0.0,0.0,0.0,139
2023-05-09 22:16:33,OI311P7500,菜籽油2311沽7500,145.5,0.0,0.0,0.0,18,152.5,156.5,38,145.5,0.0,0.0,0.0,0.0,0.0,139
2023-05-09 22:17:17,OI311P7500,菜籽油2311沽7500,145.5,0.0,0.0,0.0,18,152.5,155.5,2,145.5,0.0,0.0,0.0,0.0,0.0,139
2023-05-09 22:17:21,OI311P7500,菜籽油2311沽7500,145.5,0.0,0.0,0.0,12,152.5,155.5,14,145.5,0.0,0.0,0.0,0.0,0.0,139
2023-05-09 22:17:21,OI311P7500,菜籽油2311沽7500,145.5,0.0,0.0,0.0,18,152.5,155.5,20,145.5,0.0,0.0,0.0,0.0,0.0,139
2023-05-09 22:17:22,OI311P7500,菜籽油2311沽7500,145.5,0.0,0.0,0.0,6,152.5,155.5,14,145.5,0.0,0.0,0.0,0.0,0.0,139
2023-05-09 22:17:23,OI311P7500,菜籽油2311沽7500,145.5,0.0,0.0,0.0,32,152.0,155.5,20,145.5,0.0,0.0,0.0,0.0,0.0,139
2023-05-09 22:17:24,OI311P7500,菜籽油2311沽7500,145.5,0.0,0.0,0.0,26,152.0,155.5,20,145.5,0.0,0.0,0.0,0.0,0.0,139
2023-05-09 22:18:10,OI311P7500,菜籽油2311沽7500,145.5,0.0,0.0,0.0,26,152.0,155.5,18,145.5,0.0,0.0,0.0,0.0,0.0,139
2023-05-09 22:18:15,OI311P7500,菜籽油2311沽7500,145.5,0.0,0.0,0.0,26,152.0,155.5,12,145.5,0.0,0.0,0.0,0.0,0.0,139
2023-05-09 22:18:16,OI311P7500,菜籽油2311沽7500,145.5,0.0,0.0,0.0,26,152.0,156.0,12,145.5,0.0,0.0,0.0,0.0,0.0,139
2023-05-09 22:18:16,OI311P7500,菜籽油2311沽7500,145.5,0.0,0.0,0.0,26,152.0,156.0,18,145.5,0.0,0.0,0.0,0.0,0.0,139
2023-05-09 22:18:18,OI311P7500,菜籽油2311沽7500,145.5,0.0,0.0,0.0,20,152.0,156.0,6,145.5,0.0,0.0,0.0,0.0,0.0,139
2023-05-09 22:18:19,OI311P7500,菜籽油2311沽7500,145.5,0.0,0.0,0.0,20,152.0,156.5,32,145.5,0.0,0.0,0.0,0.0,0.0,139
2023-05-09 22:18:20,OI311P7500,菜籽油2311沽7500,145.5,0.0,0.0,0.0,20,152.0,156.5,26,145.5,0.0,0.0,0.0,0.0,0.0,139
2023-05-09 22:18:21,OI311P7500,菜籽油2311沽7500,145.5,0.0,0.0,0.0,20,152.0,156.5,32,145.5,0.0,0.0,0.0,0.0,0.0,139
2023-05-09 22:18:50,OI311P7500,菜籽油2311沽7500,145.5,0.0,0.0,0.0,2,153.0,156.5,32,145.5,0.0,0.0,0.0,0.0,0.0,139
2023-05-09 22:19:04,OI311P7500,菜籽油2311沽7500,145.5,0.0,0.0,0.0,2,153.0,156.5,26,145.5,0.0,0.0,0.0,0.0,0.0,139
2023-05-09 22:19:48,OI311P7500,菜籽油2311沽7500,145.5,0.0,0.0,0.0,2,154.0,156.5,24,145.5,0.0,0.0,0.0,0.0,0.0,139
2023-05-09 22:19:53,OI311P7500,菜籽油2311沽7500,145.5,0.0,0.0,0.0,2,154.0,156.5,18,145.5,0.0,0.0,0.0,0.0,0.0,139
2023-05-09 22:19:57,OI311P7500,菜籽油2311沽7500,145.5,0.0,0.0,0.0,2,154.0,156.5,12,145.5,0.0,0.0,0.0,0.0,0.0,139
2023-05-09 22:19:57,OI311P7500,菜籽油2311沽7500,145.5,0.0,0.0,0.0,2,154.0,157.0,24,145.5,0.0,0.0,0.0,0.0,0.0,139
2023-05-09 22:19:58,OI311P7500,菜籽油2311沽7500,145.5,0.0,0.0,0.0,2,154.0,157.0,30,145.5,0.0,0.0,0.0,0.0,0.0,139
2023-05-09 22:19:58,OI311P7500,菜籽油2311沽7500,145.5,0.0,0.0,0.0,2,154.0,157.0,18,145.5,0.0,0.0,0.0,0.0,0.0,139
2023-05-09 22:20:20,OI311P7500,菜籽油2311沽7500,145.5,0.0,0.0,0.0,2,154.0,156.5,6,145.5,0.0,0.0,0.0,0.0,0.0,139
2023-05-09 22:20:21,OI311P7500,菜籽油2311沽7500,145.5,0.0,0.0,0.0,2,154.0,156.5,18,145.5,0.0,0.0,0.0,0.0,0.0,139
2023-05-09 22:20:39,OI311P7500,菜籽油2311沽7500,145.5,0.0,0.0,0.0,2,154.0,156.5,30,145.5,0.0,0.0,0.0,0.0,0.0,139
2023-05-09 22:21:08,OI311P7500,菜籽油2311沽7500,145.5,0.0,0.0,0.0,24,153.5,156.5,36,145.5,0.0,0.0,0.0,0.0,0.0,139
2023-05-09 22:21:09,OI311P7500,菜籽油2311沽7500,145.5,0.0,0.0,0.0,18,153.5,156.5,36,145.5,0.0,0.0,0.0,0.0,0.0,139
2023-05-09 22:21:22,OI311P7500,菜籽油2311沽7500,145.5,0.0,0.0,0.0,18,153.5,156.5,24,145.5,0.0,0.0,0.0,0.0,0.0,139
2023-05-09 22:21:31,OI311P7500,菜籽油2311沽7500,145.5,0.0,0.0,0.0,18,153.5,156.5,18,145.5,0.0,0.0,0.0,0.0,0.0,139
2023-05-09 22:22:09,OI311P7500,菜籽油2311沽7500,145.5,0.0,0.0,0.0,2,154.0,156.5,18,145.5,0.0,0.0,0.0,0.0,0.0,139
2023-05-09 22:22:12,OI311P7500,菜籽油2311沽7500,145.5,0.0,0.0,0.0,2,154.0,157.0,24,145.5,0.0,0.0,0.0,0.0,0.0,139
2023-05-09 22:22:13,OI311P7500,菜籽油2311沽7500,145.5,0.0,0.0,0.0,2,154.0,157.0,18,145.5,0.0,0.0,0.0,0.0,0.0,139
2023-05-09 22:22:25,OI311P7500,菜籽油2311沽7500,145.5,0.0,0.0,0.0,2,154.0,157.0,6,145.5,0.0,0.0,0.0,0.0,0.0,139
2023-05-09 22:22:26,OI311P7500,菜籽油2311沽7500,145.5,0.0,0.0,0.0,2,155.0,157.5,36,145.5,0.0,0.0,0.0,0.0,0.0,139
2023-05-09 22:22:27,OI311P7500,菜籽油2311沽7500,145.5,0.0,0.0,0.0,2,155.0,157.5,30,145.5,0.0,0.0,0.0,0.0,0.0,139
2023-05-09 22:22:27,OI311P7500,菜籽油2311沽7500,145.5,0.0,0.0,0.0,2,155.0,157.5,12,145.5,0.0,0.0,0.0,0.0,0.0,139
2023-05-09 22:22:28,OI311P7500,菜籽油2311沽7500,145.5,0.0,0.0,0.0,2,155.0,158.0,6,145.5,0.0,0.0,0.0,0.0,0.0,139
2023-05-09 22:22:29,OI311P7500,菜籽油2311沽7500,145.5,0.0,0.0,0.0,26,155.0,158.0,6,145.5,0.0,0.0,0.0,0.0,0.0,139
2023-05-09 22:22:29,OI311P7500,菜籽油2311沽7500,145.5,0.0,0.0,0.0,6,156.0,159.0,6,145.5,0.0,0.0,0.0,0.0,0.0,139
2023-05-09 22:22:29,OI311P7500,菜籽油2311沽7500,145.5,0.0,0.0,0.0,6,156.0,158.5,6,145.5,0.0,0.0,0.0,0.0,0.0,139
2023-05-09 22:22:30,OI311P7500,菜籽油2311沽7500,145.5,0.0,0.0,0.0,6,156.0,159.5,12,145.5,0.0,0.0,0.0,0.0,0.0,139
2023-05-09 22:22:31,OI311P7500,菜籽油2311沽7500,145.5,0.0,0.0,0.0,12,156.0,159.0,12,145.5,0.0,0.0,0.0,0.0,0.0,139
2023-05-09 22:22:31,OI311P7500,菜籽油2311沽7500,145.5,0.0,0.0,0.0,18,156.0,159.5,18,145.5,0.0,0.0,0.0,0.0,0.0,139
2023-05-09 22:22:31,OI311P7500,菜籽油2311沽7500,145.5,0.0,0.0,0.0,18,156.0,159.5,24,145.5,0.0,0.0,0.0,0.0,0.0,139
2023-05-09 22:22:32,OI311P7500,菜籽油2311沽7500,145.5,0.0,0.0,0.0,2,156.5,159.5,12,145.5,0.0,0.0,0.0,0.0,0.0,139
2023-05-09 22:22:32,OI311P7500,菜籽油2311沽7500,145.5,0.0,0.0,0.0,2,156.5,160.0,24,145.5,0.0,0.0,0.0,0.0,0.0,139
2023-05-09 22:22:32,OI311P7500,菜籽油2311沽7500,145.5,0.0,0.0,0.0,2,156.5,159.5,12,145.5,0.0,0.0,0.0,0.0,0.0,139
2023-05-09 22:22:33,OI311P7500,菜籽油2311沽7500,145.5,0.0,0.0,0.0,2,156.5,160.0,18,145.5,0.0,0.0,0.0,0.0,0.0,139
2023-05-09 22:22:34,OI311P7500,菜籽油2311沽7500,145.5,0.0,0.0,0.0,2,156.5,160.0,20,145.5,0.0,0.0,0.0,0.0,0.0,139
2023-05-09 22:22:43,OI311P7500,菜籽油2311沽7500,145.5,0.0,0.0,0.0,2,156.5,159.5,6,145.5,0.0,0.0,0.0,0.0,0.0,139
2023-05-09 22:22:43,OI311P7500,菜籽油2311沽7500,145.5,0.0,0.0,0.0,2,156.5,159.5,12,145.5,0.0,0.0,0.0,0.0,0.0,139
2023-05-09 22:22:44,OI311P7500,菜籽油2311沽7500,145.5,0.0,0.0,0.0,2,156.5,159.5,18,145.5,0.0,0.0,0.0,0.0,0.0,139
2023-05-09 22:22:46,OI311P7500,菜籽油2311沽7500,145.5,0.0,0.0,0.0,2,156.5,159.5,24,145.5,0.0,0.0,0.0,0.0,0.0,139
2023-05-09 22:22:55,OI311P7500,菜籽油2311沽7500,145.5,0.0,0.0,0.0,2,156.5,159.5,12,145.5,0.0,0.0,0.0,0.0,0.0,139
2023-05-09 22:22:56,OI311P7500,菜籽油2311沽7500,145.5,0.0,0.0,0.0,2,156.5,160.0,14,145.5,0.0,0.0,0.0,0.0,0.0,139
2023-05-09 22:22:56,OI311P7500,菜籽油2311沽7500,145.5,0.0,0.0,0.0,2,156.5,160.0,20,145.5,0.0,0.0,0.0,0.0,0.0,139
2023-05-09 22:22:57,OI311P7500,菜籽油2311沽7500,145.5,0.0,0.0,0.0,2,156.5,160.0,14,145.5,0.0,0.0,0.0,0.0,0.0,139
2023-05-09 22:22:58,OI311P7500,菜籽油2311沽7500,145.5,0.0,0.0,0.0,2,156.5,160.0,20,145.5,0.0,0.0,0.0,0.0,0.0,139
2023-05-09 22:23:06,OI311P7500,菜籽油2311沽7500,145.5,0.0,0.0,0.0,2,156.5,159.5,6,145.5,0.0,0.0,0.0,0.0,0.0,139
2023-05-09 22:23:08,OI311P7500,菜籽油2311沽7500,145.5,0.0,0.0,0.0,2,156.5,159.5,12,145.5,0.0,0.0,0.0,0.0,0.0,139
2023-05-09 22:23:08,OI311P7500,菜籽油2311沽7500,145.5,0.0,0.0,0.0,2,156.5,159.5,18,145.5,0.0,0.0,0.0,0.0,0.0,139
2023-05-09 22:23:11,OI311P7500,菜籽油2311沽7500,145.5,0.0,0.0,0.0,2,156.5,159.5,24,145.5,0.0,0.0,0.0,0.0,0.0,139
2023-05-09 22:23:12,OI311P7500,菜籽油2311沽7500,145.5,0.0,0.0,0.0,12,156.0,159.0,2,145.5,0.0,0.0,0.0,0.0,0.0,139
2023-05-09 22:23:14,OI311P7500,菜籽油2311沽7500,145.5,0.0,0.0,0.0,24,155.5,159.0,2,145.5,0.0,0.0,0.0,0.0,0.0,139
2023-05-09 22:23:15,OI311P7500,菜籽油2311沽7500,145.5,0.0,0.0,0.0,18,155.5,159.0,2,145.5,0.0,0.0,0.0,0.0,0.0,139
2023-05-09 22:24:05,OI311P7500,菜籽油2311沽7500,145.5,0.0,0.0,0.0,2,156.0,159.0,2,145.5,0.0,0.0,0.0,0.0,0.0,139
2023-05-09 22:24:08,OI311P7500,菜籽油2311沽7500,145.5,0.0,0.0,0.0,2,156.0,159.5,36,145.5,0.0,0.0,0.0,0.0,0.0,139
2023-05-09 22:24:09,OI311P7500,菜籽油2311沽7500,145.5,0.0,0.0,0.0,2,156.0,159.5,30,145.5,0.0,0.0,0.0,0.0,0.0,139
2023-05-09 22:24:14,OI311P7500,菜籽油2311沽7500,145.5,0.0,0.0,0.0,2,156.0,159.5,24,145.5,0.0,0.0,0.0,0.0,0.0,139
2023-05-09 22:24:27,OI311P7500,菜籽油2311沽7500,145.5,0.0,0.0,0.0,2,156.0,159.5,30,145.5,0.0,0.0,0.0,0.0,0.0,139
2023-05-09 22:25:20,OI311P7500,菜籽油2311沽7500,145.5,0.0,0.0,0.0,2,156.0,159.5,24,145.5,0.0,0.0,0.0,0.0,0.0,139
2023-05-09 22:25:20,OI311P7500,菜籽油2311沽7500,145.5,0.0,0.0,0.0,2,157.0,159.5,24,145.5,0.0,0.0,0.0,0.0,0.0,139
2023-05-09 22:25:21,OI311P7500,菜籽油2311沽7500,145.5,0.0,0.0,0.0,2,157.0,159.5,18,145.5,0.0,0.0,0.0,0.0,0.0,139
2023-05-09 22:26:07,OI311P7500,菜籽油2311沽7500,145.5,0.0,0.0,0.0,2,157.0,159.5,30,145.5,0.0,0.0,0.0,0.0,0.0,139
2023-05-09 22:26:09,OI311P7500,菜籽油2311沽7500,145.5,0.0,0.0,0.0,6,156.5,159.5,30,145.5,0.0,0.0,0.0,0.0,0.0,139
2023-05-09 22:26:10,OI311P7500,菜籽油2311沽7500,145.5,0.0,0.0,0.0,8,156.0,159.5,30,145.5,0.0,0.0,0.0,0.0,0.0,139
2023-05-09 22:26:10,OI311P7500,菜籽油2311沽7500,145.5,0.0,0.0,0.0,14,156.0,159.5,30,145.5,0.0,0.0,0.0,0.0,0.0,139
2023-05-09 22:26:11,OI311P7500,菜籽油2311沽7500,145.5,0.0,0.0,0.0,2,156.0,159.5,24,145.5,0.0,0.0,0.0,0.0,0.0,139
2023-05-09 22:26:11,OI311P7500,菜籽油2311沽7500,145.5,0.0,0.0,0.0,2,156.0,159.5,30,145.5,0.0,0.0,0.0,0.0,0.0,139
2023-05-09 22:26:14,OI311P7500,菜籽油2311沽7500,145.5,0.0,0.0,0.0,2,156.0,159.5,24,145.5,0.0,0.0,0.0,0.0,0.0,139
2023-05-09 22:27:03,OI311P7500,菜籽油2311沽7500,145.5,0.0,0.0,0.0,2,157.0,159.5,18,145.5,0.0,0.0,0.0,0.0,0.0,139
2023-05-09 22:27:04,OI311P7500,菜籽油2311沽7500,145.5,0.0,0.0,0.0,2,157.0,159.5,6,145.5,0.0,0.0,0.0,0.0,0.0,139
2023-05-09 22:27:05,OI311P7500,菜籽油2311沽7500,145.5,0.0,0.0,0.0,2,157.0,160.0,24,145.5,0.0,0.0,0.0,0.0,0.0,139
2023-05-09 22:27:06,OI311P7500,菜籽油2311沽7500,145.5,0.0,0.0,0.0,2,157.0,160.0,12,145.5,0.0,0.0,0.0,0.0,0.0,139
2023-05-09 22:27:06,OI311P7500,菜籽油2311沽7500,145.5,0.0,0.0,0.0,2,157.0,160.5,18,145.5,0.0,0.0,0.0,0.0,0.0,139
