time,symbol_id,symbol_name,last,trade_volume,trade_amount,open_interest_change,bv1,bp1,ap1,av1,yesterday_close,today_open,today_high,today_low,volume,amount,open_interest
2023-05-09 19:10:58,OI311C8300,OI311C8300,417.0,0.0,0.0,0.0,0,0.0,0.0,0,417.0,372.5,0.0,0.0,0.0,0.0,78
2023-05-09 20:59:00,OI311C8300,OI311C8300,417.0,0.0,0.0,0.0,7,83.0,0.0,0,417.0,372.5,0.0,0.0,0.0,0.0,78
2023-05-09 21:00:00,OI311C8300,OI311C8300,417.0,0.0,0.0,0.0,6,86.0,0.0,0,417.0,372.5,0.0,0.0,0.0,0.0,78
2023-05-09 21:00:02,OI311C8300,OI311C8300,417.0,0.0,0.0,0.0,2,236.5,566.0,2,417.0,372.5,0.0,0.0,0.0,0.0,78
2023-05-09 21:00:03,OI311C8300,OI311C8300,417.0,0.0,0.0,0.0,2,236.5,563.0,6,417.0,372.5,0.0,0.0,0.0,0.0,78
2023-05-09 21:00:03,OI311C8300,OI311C8300,417.0,0.0,0.0,0.0,6,239.5,563.0,6,417.0,372.5,0.0,0.0,0.0,0.0,78
2023-05-09 21:00:05,OI311C8300,OI311C8300,417.0,0.0,0.0,0.0,2,280.5,522.0,2,417.0,372.5,0.0,0.0,0.0,0.0,78
2023-05-09 21:00:05,OI311C8300,OI311C8300,417.0,0.0,0.0,0.0,6,283.5,519.0,6,417.0,372.5,0.0,0.0,0.0,0.0,78
2023-05-09 21:00:09,OI311C8300,OI311C8300,417.0,0.0,0.0,0.0,2,324.5,478.0,2,417.0,372.5,0.0,0.0,0.0,0.0,78
2023-05-09 21:00:09,OI311C8300,OI311C8300,417.0,0.0,0.0,0.0,6,327.5,475.0,6,417.0,372.5,0.0,0.0,0.0,0.0,78
2023-05-09 21:00:13,OI311C8300,OI311C8300,417.0,0.0,0.0,0.0,2,368.5,434.0,2,417.0,372.5,0.0,0.0,0.0,0.0,78
2023-05-09 21:00:13,OI311C8300,OI311C8300,417.0,0.0,0.0,0.0,2,368.5,431.5,6,417.0,372.5,0.0,0.0,0.0,0.0,78
2023-05-09 21:00:14,OI311C8300,OI311C8300,417.0,0.0,0.0,0.0,2,368.5,432.0,6,417.0,372.5,0.0,0.0,0.0,0.0,78
2023-05-09 21:00:15,OI311C8300,OI311C8300,417.0,0.0,0.0,0.0,2,368.5,433.0,6,417.0,372.5,0.0,0.0,0.0,0.0,78
2023-05-09 21:00:15,OI311C8300,OI311C8300,417.0,0.0,0.0,0.0,2,368.5,434.0,2,417.0,372.5,0.0,0.0,0.0,0.0,78
2023-05-09 21:00:18,OI311C8300,OI311C8300,417.0,0.0,0.0,0.0,2,368.5,434.0,8,417.0,372.5,0.0,0.0,0.0,0.0,78
2023-05-09 21:00:20,OI311C8300,OI311C8300,417.0,0.0,0.0,0.0,2,368.5,434.0,2,417.0,372.5,0.0,0.0,0.0,0.0,78
2023-05-09 21:00:26,OI311C8300,OI311C8300,417.0,0.0,0.0,0.0,2,368.5,434.0,8,417.0,372.5,0.0,0.0,0.0,0.0,78
2023-05-09 21:00:27,OI311C8300,OI311C8300,417.0,0.0,0.0,0.0,2,368.5,434.0,2,417.0,372.5,0.0,0.0,0.0,0.0,78
2023-05-09 21:00:28,OI311C8300,OI311C8300,417.0,0.0,0.0,0.0,2,368.5,434.0,8,417.0,372.5,0.0,0.0,0.0,0.0,78
2023-05-09 21:00:51,OI311C8300,OI311C8300,417.0,0.0,0.0,0.0,2,368.5,420.5,1,417.0,372.5,0.0,0.0,0.0,0.0,78
2023-05-09 21:00:52,OI311C8300,OI311C8300,417.0,0.0,0.0,0.0,3,368.5,420.5,1,417.0,372.5,0.0,0.0,0.0,0.0,78
2023-05-09 21:00:53,OI311C8300,OI311C8300,417.0,0.0,0.0,0.0,1,368.5,420.5,1,417.0,372.5,0.0,0.0,0.0,0.0,78
2023-05-09 21:01:09,OI311C8300,OI311C8300,417.0,0.0,0.0,0.0,2,389.0,420.5,1,417.0,372.5,0.0,0.0,0.0,0.0,78
2023-05-09 21:01:11,OI311C8300,OI311C8300,417.0,0.0,0.0,0.0,2,389.0,400.0,2,417.0,372.5,0.0,0.0,0.0,0.0,78
2023-05-09 21:01:37,OI311C8300,OI311C8300,417.0,0.0,0.0,0.0,2,391.5,400.0,2,417.0,372.5,0.0,0.0,0.0,0.0,78
2023-05-09 21:02:24,OI311C8300,OI311C8300,417.0,0.0,0.0,0.0,2,391.5,399.5,2,417.0,372.5,0.0,0.0,0.0,0.0,78
2023-05-09 21:02:42,OI311C8300,OI311C8300,417.0,0.0,0.0,0.0,8,389.0,397.0,2,417.0,372.5,0.0,0.0,0.0,0.0,78
2023-05-09 21:02:43,OI311C8300,OI311C8300,417.0,0.0,0.0,0.0,2,389.0,397.0,2,417.0,372.5,0.0,0.0,0.0,0.0,78
2023-05-09 21:04:29,OI311C8300,OI311C8300,417.0,0.0,0.0,0.0,2,389.0,396.0,6,417.0,372.5,0.0,0.0,0.0,0.0,78
2023-05-09 21:04:29,OI311C8300,OI311C8300,417.0,0.0,0.0,0.0,2,389.0,396.0,12,417.0,372.5,0.0,0.0,0.0,0.0,78
2023-05-09 21:04:37,OI311C8300,OI311C8300,417.0,0.0,0.0,0.0,2,389.0,394.0,6,417.0,372.5,0.0,0.0,0.0,0.0,78
2023-05-09 21:04:40,OI311C8300,OI311C8300,417.0,0.0,0.0,0.0,2,389.0,394.0,12,417.0,372.5,0.0,0.0,0.0,0.0,78
2023-05-09 21:04:43,OI311C8300,OI311C8300,417.0,0.0,0.0,0.0,2,385.0,394.0,12,417.0,372.5,0.0,0.0,0.0,0.0,78
2023-05-09 21:04:43,OI311C8300,OI311C8300,417.0,0.0,0.0,0.0,2,385.0,392.0,6,417.0,372.5,0.0,0.0,0.0,0.0,78
2023-05-09 21:05:07,OI311C8300,OI311C8300,417.0,0.0,0.0,0.0,14,385.0,392.0,6,417.0,372.5,0.0,0.0,0.0,0.0,78
2023-05-09 21:05:19,OI311C8300,OI311C8300,417.0,0.0,0.0,0.0,14,385.0,394.0,6,417.0,372.5,0.0,0.0,0.0,0.0,78
2023-05-09 21:05:25,OI311C8300,OI311C8300,417.0,0.0,0.0,0.0,2,387.0,394.0,6,417.0,372.5,0.0,0.0,0.0,0.0,78
2023-05-09 21:05:29,OI311C8300,OI311C8300,417.0,0.0,0.0,0.0,8,387.0,394.0,6,417.0,372.5,0.0,0.0,0.0,0.0,78
2023-05-09 21:05:29,OI311C8300,OI311C8300,417.0,0.0,0.0,0.0,14,387.0,394.0,6,417.0,372.5,0.0,0.0,0.0,0.0,78
2023-05-09 21:05:38,OI311C8300,OI311C8300,417.0,0.0,0.0,0.0,8,387.0,394.0,6,417.0,372.5,0.0,0.0,0.0,0.0,78
2023-05-09 21:05:38,OI311C8300,OI311C8300,417.0,0.0,0.0,0.0,2,387.0,394.0,6,417.0,372.5,0.0,0.0,0.0,0.0,78
2023-05-09 21:05:52,OI311C8300,OI311C8300,417.0,0.0,0.0,0.0,12,386.5,392.0,6,417.0,372.5,0.0,0.0,0.0,0.0,78
2023-05-09 21:05:52,OI311C8300,OI311C8300,417.0,0.0,0.0,0.0,2,385.0,392.0,6,417.0,372.5,0.0,0.0,0.0,0.0,78
2023-05-09 21:06:02,OI311C8300,OI311C8300,417.0,0.0,0.0,0.0,8,385.0,392.5,8,417.0,372.5,0.0,0.0,0.0,0.0,78
2023-05-09 21:06:02,OI311C8300,OI311C8300,417.0,0.0,0.0,0.0,8,385.0,392.5,2,417.0,372.5,0.0,0.0,0.0,0.0,78
2023-05-09 21:06:03,OI311C8300,OI311C8300,417.0,0.0,0.0,0.0,14,385.0,392.5,2,417.0,372.5,0.0,0.0,0.0,0.0,78
2023-05-09 21:06:04,OI311C8300,OI311C8300,417.0,0.0,0.0,0.0,2,387.5,394.0,12,417.0,372.5,0.0,0.0,0.0,0.0,78
2023-05-09 21:06:04,OI311C8300,OI311C8300,417.0,0.0,0.0,0.0,2,387.5,394.0,6,417.0,372.5,0.0,0.0,0.0,0.0,78
2023-05-09 21:06:06,OI311C8300,OI311C8300,417.0,0.0,0.0,0.0,8,387.5,394.5,2,417.0,372.5,0.0,0.0,0.0,0.0,78
2023-05-09 21:06:06,OI311C8300,OI311C8300,417.0,0.0,0.0,0.0,14,387.5,394.5,2,417.0,372.5,0.0,0.0,0.0,0.0,78
2023-05-09 21:06:10,OI311C8300,OI311C8300,417.0,0.0,0.0,0.0,14,387.5,394.0,6,417.0,372.5,0.0,0.0,0.0,0.0,78
2023-05-09 21:06:13,OI311C8300,OI311C8300,417.0,0.0,0.0,0.0,2,387.5,394.0,6,417.0,372.5,0.0,0.0,0.0,0.0,78
2023-05-09 21:06:49,OI311C8300,OI311C8300,417.0,0.0,0.0,0.0,12,387.0,392.0,6,417.0,372.5,0.0,0.0,0.0,0.0,78
2023-05-09 21:06:49,OI311C8300,OI311C8300,417.0,0.0,0.0,0.0,6,386.0,392.0,8,417.0,372.5,0.0,0.0,0.0,0.0,78
2023-05-09 21:06:50,OI311C8300,OI311C8300,417.0,0.0,0.0,0.0,2,385.0,392.0,8,417.0,372.5,0.0,0.0,0.0,0.0,78
2023-05-09 21:07:01,OI311C8300,OI311C8300,417.0,0.0,0.0,0.0,2,385.0,392.0,14,417.0,372.5,0.0,0.0,0.0,0.0,78
2023-05-09 21:07:01,OI311C8300,OI311C8300,417.0,0.0,0.0,0.0,2,385.0,392.0,8,417.0,372.5,0.0,0.0,0.0,0.0,78
2023-05-09 21:07:02,OI311C8300,OI311C8300,417.0,0.0,0.0,0.0,2,385.0,392.0,14,417.0,372.5,0.0,0.0,0.0,0.0,78
2023-05-09 21:07:11,OI311C8300,OI311C8300,417.0,0.0,0.0,0.0,2,385.0,390.5,6,417.0,372.5,0.0,0.0,0.0,0.0,78
2023-05-09 21:07:25,OI311C8300,OI311C8300,417.0,0.0,0.0,0.0,20,381.5,390.5,6,417.0,372.5,0.0,0.0,0.0,0.0,78
2023-05-09 21:07:25,OI311C8300,OI311C8300,417.0,0.0,0.0,0.0,14,381.5,390.5,6,417.0,372.5,0.0,0.0,0.0,0.0,78
2023-05-09 21:07:45,OI311C8300,OI311C8300,417.0,0.0,0.0,0.0,2,381.5,389.5,2,417.0,372.5,0.0,0.0,0.0,0.0,78
2023-05-09 21:07:56,OI311C8300,OI311C8300,417.0,0.0,0.0,0.0,8,381.5,389.5,2,417.0,372.5,0.0,0.0,0.0,0.0,78
2023-05-09 21:07:59,OI311C8300,OI311C8300,417.0,0.0,0.0,0.0,2,383.5,389.5,2,417.0,372.5,0.0,0.0,0.0,0.0,78
2023-05-09 21:08:24,OI311C8300,OI311C8300,417.0,0.0,0.0,0.0,2,383.5,390.5,6,417.0,372.5,0.0,0.0,0.0,0.0,78
2023-05-09 21:08:29,OI311C8300,OI311C8300,417.0,0.0,0.0,0.0,8,383.5,390.5,6,417.0,372.5,0.0,0.0,0.0,0.0,78
2023-05-09 21:08:29,OI311C8300,OI311C8300,417.0,0.0,0.0,0.0,14,383.5,390.5,6,417.0,372.5,0.0,0.0,0.0,0.0,78
2023-05-09 21:08:39,OI311C8300,OI311C8300,417.0,0.0,0.0,0.0,2,385.5,390.5,6,417.0,372.5,0.0,0.0,0.0,0.0,78
2023-05-09 21:08:40,OI311C8300,OI311C8300,417.0,0.0,0.0,0.0,14,385.5,390.5,6,417.0,372.5,0.0,0.0,0.0,0.0,78
2023-05-09 21:08:41,OI311C8300,OI311C8300,417.0,0.0,0.0,0.0,14,385.5,392.0,14,417.0,372.5,0.0,0.0,0.0,0.0,78
2023-05-09 21:08:41,OI311C8300,OI311C8300,417.0,0.0,0.0,0.0,14,385.5,392.0,8,417.0,372.5,0.0,0.0,0.0,0.0,78
2023-05-09 21:09:23,OI311C8300,OI311C8300,417.0,0.0,0.0,0.0,14,385.5,392.0,2,417.0,372.5,0.0,0.0,0.0,0.0,78
2023-05-09 21:09:30,OI311C8300,OI311C8300,417.0,0.0,0.0,0.0,20,385.5,392.0,2,417.0,372.5,0.0,0.0,0.0,0.0,78
2023-05-09 21:09:41,OI311C8300,OI311C8300,417.0,0.0,0.0,0.0,20,385.5,392.0,8,417.0,372.5,0.0,0.0,0.0,0.0,78
2023-05-09 21:09:43,OI311C8300,OI311C8300,417.0,0.0,0.0,0.0,20,385.5,392.0,2,417.0,372.5,0.0,0.0,0.0,0.0,78
2023-05-09 21:09:53,OI311C8300,OI311C8300,417.0,0.0,0.0,0.0,20,385.5,392.0,8,417.0,372.5,0.0,0.0,0.0,0.0,78
2023-05-09 21:10:06,OI311C8300,OI311C8300,417.0,0.0,0.0,0.0,20,385.5,392.0,6,417.0,372.5,0.0,0.0,0.0,0.0,78
2023-05-09 21:10:07,OI311C8300,OI311C8300,417.0,0.0,0.0,0.0,20,385.5,394.0,6,417.0,372.5,0.0,0.0,0.0,0.0,78
2023-05-09 21:10:07,OI311C8300,OI311C8300,417.0,0.0,0.0,0.0,2,387.5,394.0,6,417.0,372.5,0.0,0.0,0.0,0.0,78
2023-05-09 21:10:08,OI311C8300,OI311C8300,417.0,0.0,0.0,0.0,14,387.5,394.0,6,417.0,372.5,0.0,0.0,0.0,0.0,78
2023-05-09 21:10:09,OI311C8300,OI311C8300,417.0,0.0,0.0,0.0,20,387.5,394.0,6,417.0,372.5,0.0,0.0,0.0,0.0,78
2023-05-09 21:10:11,OI311C8300,OI311C8300,417.0,0.0,0.0,0.0,20,387.5,394.0,12,417.0,372.5,0.0,0.0,0.0,0.0,78
2023-05-09 21:10:13,OI311C8300,OI311C8300,417.0,0.0,0.0,0.0,20,387.5,394.0,6,417.0,372.5,0.0,0.0,0.0,0.0,78
2023-05-09 21:10:16,OI311C8300,OI311C8300,417.0,0.0,0.0,0.0,20,387.5,394.0,12,417.0,372.5,0.0,0.0,0.0,0.0,78
2023-05-09 21:10:20,OI311C8300,OI311C8300,417.0,0.0,0.0,0.0,20,387.5,394.0,6,417.0,372.5,0.0,0.0,0.0,0.0,78
2023-05-09 21:10:40,OI311C8300,OI311C8300,417.0,0.0,0.0,0.0,26,387.5,394.5,2,417.0,372.5,0.0,0.0,0.0,0.0,78
2023-05-09 21:10:42,OI311C8300,OI311C8300,417.0,0.0,0.0,0.0,12,388.0,394.5,2,417.0,372.5,0.0,0.0,0.0,0.0,78
2023-05-09 21:10:43,OI311C8300,OI311C8300,417.0,0.0,0.0,0.0,18,388.0,396.5,18,417.0,372.5,0.0,0.0,0.0,0.0,78
2023-05-09 21:10:43,OI311C8300,OI311C8300,417.0,0.0,0.0,0.0,30,388.0,397.0,6,417.0,372.5,0.0,0.0,0.0,0.0,78
2023-05-09 21:10:44,OI311C8300,OI311C8300,417.0,0.0,0.0,0.0,2,390.0,397.5,18,417.0,372.5,0.0,0.0,0.0,0.0,78
2023-05-09 21:10:44,OI311C8300,OI311C8300,417.0,0.0,0.0,0.0,14,390.0,397.5,18,417.0,372.5,0.0,0.0,0.0,0.0,78
2023-05-09 21:10:44,OI311C8300,OI311C8300,417.0,0.0,0.0,0.0,20,390.0,397.5,12,417.0,372.5,0.0,0.0,0.0,0.0,78
2023-05-09 21:10:56,OI311C8300,OI311C8300,417.0,0.0,0.0,0.0,26,390.0,397.5,6,417.0,372.5,0.0,0.0,0.0,0.0,78
2023-05-09 21:11:01,OI311C8300,OI311C8300,417.0,0.0,0.0,0.0,26,390.0,397.5,12,417.0,372.5,0.0,0.0,0.0,0.0,78
2023-05-09 21:11:03,OI311C8300,OI311C8300,417.0,0.0,0.0,0.0,26,390.0,397.5,6,417.0,372.5,0.0,0.0,0.0,0.0,78
2023-05-09 21:11:04,OI311C8300,OI311C8300,417.0,0.0,0.0,0.0,26,390.0,398.5,2,417.0,372.5,0.0,0.0,0.0,0.0,78
2023-05-09 21:11:04,OI311C8300,OI311C8300,417.0,0.0,0.0,0.0,32,390.0,398.5,2,417.0,372.5,0.0,0.0,0.0,0.0,78
2023-05-09 21:11:05,OI311C8300,OI311C8300,417.0,0.0,0.0,0.0,8,392.5,398.5,2,417.0,372.5,0.0,0.0,0.0,0.0,78
2023-05-09 21:11:05,OI311C8300,OI311C8300,417.0,0.0,0.0,0.0,20,392.5,398.5,2,417.0,372.5,0.0,0.0,0.0,0.0,78
2023-05-09 21:11:27,OI311C8300,OI311C8300,417.0,0.0,0.0,0.0,14,392.5,398.5,2,417.0,372.5,0.0,0.0,0.0,0.0,78
2023-05-09 21:11:29,OI311C8300,OI311C8300,417.0,0.0,0.0,0.0,8,392.5,398.5,2,417.0,372.5,0.0,0.0,0.0,0.0,78
2023-05-09 21:12:08,OI311C8300,OI311C8300,417.0,0.0,0.0,0.0,8,392.5,398.5,8,417.0,372.5,0.0,0.0,0.0,0.0,78
2023-05-09 21:12:11,OI311C8300,OI311C8300,417.0,0.0,0.0,0.0,6,392.5,398.5,8,417.0,372.5,0.0,0.0,0.0,0.0,78
2023-05-09 21:12:12,OI311C8300,OI311C8300,417.0,0.0,0.0,0.0,6,392.0,398.5,14,417.0,372.5,0.0,0.0,0.0,0.0,78
2023-05-09 21:12:12,OI311C8300,OI311C8300,417.0,0.0,0.0,0.0,6,391.5,398.5,14,417.0,372.5,0.0,0.0,0.0,0.0,78
2023-05-09 21:12:13,OI311C8300,OI311C8300,417.0,0.0,0.0,0.0,12,391.0,398.5,14,417.0,372.5,0.0,0.0,0.0,0.0,78
2023-05-09 21:12:15,OI311C8300,OI311C8300,417.0,0.0,0.0,0.0,12,391.0,398.5,8,417.0,372.5,0.0,0.0,0.0,0.0,78
2023-05-09 21:12:37,OI311C8300,OI311C8300,417.0,0.0,0.0,0.0,12,391.0,398.5,2,417.0,372.5,0.0,0.0,0.0,0.0,78
2023-05-09 21:12:40,OI311C8300,OI311C8300,417.0,0.0,0.0,0.0,18,391.0,398.5,2,417.0,372.5,0.0,0.0,0.0,0.0,78
2023-05-09 21:12:42,OI311C8300,OI311C8300,417.0,0.0,0.0,0.0,8,392.0,398.5,2,417.0,372.5,0.0,0.0,0.0,0.0,78
2023-05-09 21:12:45,OI311C8300,OI311C8300,417.0,0.0,0.0,0.0,8,392.0,398.5,8,417.0,372.5,0.0,0.0,0.0,0.0,78
2023-05-09 21:12:47,OI311C8300,OI311C8300,417.0,0.0,0.0,0.0,8,392.0,398.5,2,417.0,372.5,0.0,0.0,0.0,0.0,78
2023-05-09 21:13:08,OI311C8300,OI311C8300,417.0,0.0,0.0,0.0,14,392.0,398.5,2,417.0,372.5,0.0,0.0,0.0,0.0,78
2023-05-09 21:13:26,OI311C8300,OI311C8300,417.0,0.0,0.0,0.0,20,392.0,398.5,2,417.0,372.5,0.0,0.0,0.0,0.0,78
2023-05-09 21:13:27,OI311C8300,OI311C8300,417.0,0.0,0.0,0.0,26,392.0,401.0,18,417.0,372.5,0.0,0.0,0.0,0.0,78
2023-05-09 21:13:27,OI311C8300,OI311C8300,417.0,0.0,0.0,0.0,2,394.0,401.0,12,417.0,372.5,0.0,0.0,0.0,0.0,78
2023-05-09 21:13:28,OI311C8300,OI311C8300,417.0,0.0,0.0,0.0,14,394.0,401.0,6,417.0,372.5,0.0,0.0,0.0,0.0,78
2023-05-09 21:13:28,OI311C8300,OI311C8300,417.0,0.0,0.0,0.0,20,394.0,401.0,6,417.0,372.5,0.0,0.0,0.0,0.0,78
2023-05-09 21:13:47,OI311C8300,OI311C8300,417.0,0.0,0.0,0.0,26,394.0,401.0,6,417.0,372.5,0.0,0.0,0.0,0.0,78
2023-05-09 21:14:01,OI311C8300,OI311C8300,417.0,0.0,0.0,0.0,26,394.0,402.0,2,417.0,372.5,0.0,0.0,0.0,0.0,78
2023-05-09 21:14:09,OI311C8300,OI311C8300,417.0,0.0,0.0,0.0,2,396.0,402.0,2,417.0,372.5,0.0,0.0,0.0,0.0,78
2023-05-09 21:14:10,OI311C8300,OI311C8300,417.0,0.0,0.0,0.0,14,396.0,402.0,2,417.0,372.5,0.0,0.0,0.0,0.0,78
2023-05-09 21:14:10,OI311C8300,OI311C8300,417.0,0.0,0.0,0.0,20,396.0,402.0,2,417.0,372.5,0.0,0.0,0.0,0.0,78
2023-05-09 21:14:25,OI311C8300,OI311C8300,417.0,0.0,0.0,0.0,8,396.0,402.0,2,417.0,372.5,0.0,0.0,0.0,0.0,78
2023-05-09 21:14:26,OI311C8300,OI311C8300,417.0,0.0,0.0,0.0,2,396.0,401.0,6,417.0,372.5,0.0,0.0,0.0,0.0,78
2023-05-09 21:14:28,OI311C8300,OI311C8300,417.0,0.0,0.0,0.0,8,396.0,401.0,6,417.0,372.5,0.0,0.0,0.0,0.0,78
2023-05-09 21:14:31,OI311C8300,OI311C8300,417.0,0.0,0.0,0.0,8,396.0,402.0,8,417.0,372.5,0.0,0.0,0.0,0.0,78
2023-05-09 21:14:31,OI311C8300,OI311C8300,417.0,0.0,0.0,0.0,8,396.0,402.0,2,417.0,372.5,0.0,0.0,0.0,0.0,78
2023-05-09 21:14:38,OI311C8300,OI311C8300,417.0,0.0,0.0,0.0,14,396.0,402.0,2,417.0,372.5,0.0,0.0,0.0,0.0,78
2023-05-09 21:14:46,OI311C8300,OI311C8300,417.0,0.0,0.0,0.0,2,396.0,402.0,8,417.0,372.5,0.0,0.0,0.0,0.0,78
2023-05-09 21:14:50,OI311C8300,OI311C8300,417.0,0.0,0.0,0.0,8,396.0,402.0,2,417.0,372.5,0.0,0.0,0.0,0.0,78
2023-05-09 21:14:52,OI311C8300,OI311C8300,417.0,0.0,0.0,0.0,2,396.0,402.0,8,417.0,372.5,0.0,0.0,0.0,0.0,78
2023-05-09 21:14:52,OI311C8300,OI311C8300,417.0,0.0,0.0,0.0,12,395.0,402.0,8,417.0,372.5,0.0,0.0,0.0,0.0,78
2023-05-09 21:14:53,OI311C8300,OI311C8300,417.0,0.0,0.0,0.0,6,395.0,402.0,8,417.0,372.5,0.0,0.0,0.0,0.0,78
2023-05-09 21:14:54,OI311C8300,OI311C8300,417.0,0.0,0.0,0.0,12,394.5,402.0,2,417.0,372.5,0.0,0.0,0.0,0.0,78
2023-05-09 21:15:00,OI311C8300,OI311C8300,417.0,0.0,0.0,0.0,12,394.5,402.0,8,417.0,372.5,0.0,0.0,0.0,0.0,78
2023-05-09 21:15:01,OI311C8300,OI311C8300,417.0,0.0,0.0,0.0,12,394.5,401.5,6,417.0,372.5,0.0,0.0,0.0,0.0,78
2023-05-09 21:15:02,OI311C8300,OI311C8300,417.0,0.0,0.0,0.0,12,394.5,401.5,12,417.0,372.5,0.0,0.0,0.0,0.0,78
2023-05-09 21:15:03,OI311C8300,OI311C8300,417.0,0.0,0.0,0.0,12,394.5,401.5,18,417.0,372.5,0.0,0.0,0.0,0.0,78
2023-05-09 21:15:06,OI311C8300,OI311C8300,417.0,0.0,0.0,0.0,12,394.5,401.5,12,417.0,372.5,0.0,0.0,0.0,0.0,78
2023-05-09 21:15:07,OI311C8300,OI311C8300,417.0,0.0,0.0,0.0,12,394.5,401.5,6,417.0,372.5,0.0,0.0,0.0,0.0,78
2023-05-09 21:15:14,OI311C8300,OI311C8300,417.0,0.0,0.0,0.0,12,394.5,401.5,12,417.0,372.5,0.0,0.0,0.0,0.0,78
2023-05-09 21:15:15,OI311C8300,OI311C8300,417.0,0.0,0.0,0.0,12,394.5,401.0,6,417.0,372.5,0.0,0.0,0.0,0.0,78
2023-05-09 21:15:18,OI311C8300,OI311C8300,417.0,0.0,0.0,0.0,8,394.0,401.0,18,417.0,372.5,0.0,0.0,0.0,0.0,78
2023-05-09 21:15:18,OI311C8300,OI311C8300,417.0,0.0,0.0,0.0,2,394.0,400.0,2,417.0,372.5,0.0,0.0,0.0,0.0,78
2023-05-09 21:15:19,OI311C8300,OI311C8300,417.0,0.0,0.0,0.0,2,394.0,400.0,8,417.0,372.5,0.0,0.0,0.0,0.0,78
2023-05-09 21:15:20,OI311C8300,OI311C8300,417.0,0.0,0.0,0.0,8,394.0,400.0,8,417.0,372.5,0.0,0.0,0.0,0.0,78
2023-05-09 21:15:21,OI311C8300,OI311C8300,417.0,0.0,0.0,0.0,14,394.0,400.0,8,417.0,372.5,0.0,0.0,0.0,0.0,78
2023-05-09 21:15:26,OI311C8300,OI311C8300,417.0,0.0,0.0,0.0,20,394.0,400.0,2,417.0,372.5,0.0,0.0,0.0,0.0,78
2023-05-09 21:15:28,OI311C8300,OI311C8300,417.0,0.0,0.0,0.0,26,394.0,400.0,2,417.0,372.5,0.0,0.0,0.0,0.0,78
2023-05-09 21:15:33,OI311C8300,OI311C8300,417.0,0.0,0.0,0.0,20,394.0,400.0,8,417.0,372.5,0.0,0.0,0.0,0.0,78
2023-05-09 21:15:34,OI311C8300,OI311C8300,417.0,0.0,0.0,0.0,26,394.0,400.0,2,417.0,372.5,0.0,0.0,0.0,0.0,78
2023-05-09 21:15:35,OI311C8300,OI311C8300,417.0,0.0,0.0,0.0,20,394.0,400.0,2,417.0,372.5,0.0,0.0,0.0,0.0,78
2023-05-09 21:15:36,OI311C8300,OI311C8300,417.0,0.0,0.0,0.0,14,394.0,400.0,2,417.0,372.5,0.0,0.0,0.0,0.0,78
2023-05-09 21:15:37,OI311C8300,OI311C8300,417.0,0.0,0.0,0.0,2,394.0,400.0,2,417.0,372.5,0.0,0.0,0.0,0.0,78
2023-05-09 21:15:43,OI311C8300,OI311C8300,417.0,0.0,0.0,0.0,14,394.0,400.0,2,417.0,372.5,0.0,0.0,0.0,0.0,78
2023-05-09 21:17:11,OI311C8300,OI311C8300,417.0,0.0,0.0,0.0,20,394.0,400.0,2,417.0,372.5,0.0,0.0,0.0,0.0,78
2023-05-09 21:18:13,OI311C8300,OI311C8300,417.0,0.0,0.0,0.0,14,394.0,400.0,2,417.0,372.5,0.0,0.0,0.0,0.0,78
2023-05-09 21:18:44,OI311C8300,OI311C8300,417.0,0.0,0.0,0.0,6,394.0,400.0,14,417.0,372.5,0.0,0.0,0.0,0.0,78
2023-05-09 21:18:45,OI311C8300,OI311C8300,417.0,0.0,0.0,0.0,12,392.5,399.5,6,417.0,372.5,0.0,0.0,0.0,0.0,78
2023-05-09 21:18:45,OI311C8300,OI311C8300,417.0,0.0,0.0,0.0,6,392.0,399.5,12,417.0,372.5,0.0,0.0,0.0,0.0,78
2023-05-09 21:18:46,OI311C8300,OI311C8300,417.0,0.0,0.0,0.0,6,391.5,397.5,2,417.0,372.5,0.0,0.0,0.0,0.0,78
2023-05-09 21:18:46,OI311C8300,OI311C8300,417.0,0.0,0.0,0.0,18,391.0,397.5,8,417.0,372.5,0.0,0.0,0.0,0.0,78
2023-05-09 21:18:47,OI311C8300,OI311C8300,417.0,0.0,0.0,0.0,12,391.0,397.5,8,417.0,372.5,0.0,0.0,0.0,0.0,78
2023-05-09 21:19:09,OI311C8300,OI311C8300,417.0,0.0,0.0,0.0,18,389.5,397.5,26,417.0,372.5,0.0,0.0,0.0,0.0,78
2023-05-09 21:19:10,OI311C8300,OI311C8300,417.0,0.0,0.0,0.0,6,389.5,397.5,32,417.0,372.5,0.0,0.0,0.0,0.0,78
2023-05-09 21:19:10,OI311C8300,OI311C8300,417.0,0.0,0.0,0.0,24,389.0,397.5,32,417.0,372.5,0.0,0.0,0.0,0.0,78
2023-05-09 21:19:11,OI311C8300,OI311C8300,417.0,0.0,0.0,0.0,18,389.0,397.5,32,417.0,372.5,0.0,0.0,0.0,0.0,78
2023-05-09 21:19:29,OI311C8300,OI311C8300,417.0,0.0,0.0,0.0,18,389.0,396.5,6,417.0,372.5,0.0,0.0,0.0,0.0,78
2023-05-09 21:19:30,OI311C8300,OI311C8300,417.0,0.0,0.0,0.0,12,389.0,395.5,2,417.0,372.5,0.0,0.0,0.0,0.0,78
2023-05-09 21:19:50,OI311C8300,OI311C8300,417.0,0.0,0.0,0.0,6,389.0,395.5,2,417.0,372.5,0.0,0.0,0.0,0.0,78
2023-05-09 21:19:50,OI311C8300,OI311C8300,417.0,0.0,0.0,0.0,6,388.5,394.5,6,417.0,372.5,0.0,0.0,0.0,0.0,78
2023-05-09 21:19:51,OI311C8300,OI311C8300,417.0,0.0,0.0,0.0,8,388.0,394.5,18,417.0,372.5,0.0,0.0,0.0,0.0,78
2023-05-09 21:19:51,OI311C8300,OI311C8300,417.0,0.0,0.0,0.0,8,388.0,393.5,2,417.0,372.5,0.0,0.0,0.0,0.0,78
2023-05-09 21:20:04,OI311C8300,OI311C8300,417.0,0.0,0.0,0.0,6,388.0,393.5,2,417.0,372.5,0.0,0.0,0.0,0.0,78
2023-05-09 21:20:05,OI311C8300,OI311C8300,417.0,0.0,0.0,0.0,6,387.5,393.5,2,417.0,372.5,0.0,0.0,0.0,0.0,78
2023-05-09 21:20:05,OI311C8300,OI311C8300,417.0,0.0,0.0,0.0,18,386.5,393.5,8,417.0,372.5,0.0,0.0,0.0,0.0,78
2023-05-09 21:20:06,OI311C8300,OI311C8300,417.0,0.0,0.0,0.0,12,386.5,393.5,8,417.0,372.5,0.0,0.0,0.0,0.0,78
2023-05-09 21:20:06,OI311C8300,OI311C8300,417.0,0.0,0.0,0.0,12,386.5,393.5,2,417.0,372.5,0.0,0.0,0.0,0.0,78
2023-05-09 21:20:10,OI311C8300,OI311C8300,417.0,0.0,0.0,0.0,18,386.5,393.5,2,417.0,372.5,0.0,0.0,0.0,0.0,78
2023-05-09 21:20:10,OI311C8300,OI311C8300,417.0,0.0,0.0,0.0,24,386.5,393.5,2,417.0,372.5,0.0,0.0,0.0,0.0,78
2023-05-09 21:20:17,OI311C8300,OI311C8300,417.0,0.0,0.0,0.0,2,387.5,393.5,2,417.0,372.5,0.0,0.0,0.0,0.0,78
2023-05-09 21:20:17,OI311C8300,OI311C8300,417.0,0.0,0.0,0.0,14,387.5,393.5,2,417.0,372.5,0.0,0.0,0.0,0.0,78
2023-05-09 21:20:22,OI311C8300,OI311C8300,417.0,0.0,0.0,0.0,20,387.5,393.5,2,417.0,372.5,0.0,0.0,0.0,0.0,78
2023-05-09 21:20:27,OI311C8300,OI311C8300,417.0,0.0,0.0,0.0,26,387.5,393.5,2,417.0,372.5,0.0,0.0,0.0,0.0,78
2023-05-09 21:20:28,OI311C8300,OI311C8300,417.0,0.0,0.0,0.0,20,387.5,393.5,2,417.0,372.5,0.0,0.0,0.0,0.0,78
2023-05-09 21:20:43,OI311C8300,OI311C8300,417.0,0.0,0.0,0.0,26,387.5,393.5,2,417.0,372.5,0.0,0.0,0.0,0.0,78
2023-05-09 21:20:47,OI311C8300,OI311C8300,417.0,0.0,0.0,0.0,20,387.5,393.5,2,417.0,372.5,0.0,0.0,0.0,0.0,78
2023-05-09 21:20:51,OI311C8300,OI311C8300,417.0,0.0,0.0,0.0,26,387.5,393.5,2,417.0,372.5,0.0,0.0,0.0,0.0,78
2023-05-09 21:20:55,OI311C8300,OI311C8300,417.0,0.0,0.0,0.0,20,387.5,393.5,2,417.0,372.5,0.0,0.0,0.0,0.0,78
2023-05-09 21:21:03,OI311C8300,OI311C8300,417.0,0.0,0.0,0.0,32,387.5,393.5,2,417.0,372.5,0.0,0.0,0.0,0.0,78
2023-05-09 21:21:04,OI311C8300,OI311C8300,417.0,0.0,0.0,0.0,32,387.5,395.5,14,417.0,372.5,0.0,0.0,0.0,0.0,78
2023-05-09 21:21:04,OI311C8300,OI311C8300,417.0,0.0,0.0,0.0,32,387.5,395.5,8,417.0,372.5,0.0,0.0,0.0,0.0,78
2023-05-09 21:21:05,OI311C8300,OI311C8300,417.0,0.0,0.0,0.0,26,387.5,395.5,8,417.0,372.5,0.0,0.0,0.0,0.0,78
2023-05-09 21:21:13,OI311C8300,OI311C8300,417.0,0.0,0.0,0.0,6,388.0,395.5,8,417.0,372.5,0.0,0.0,0.0,0.0,78
2023-05-09 21:21:13,OI311C8300,OI311C8300,417.0,0.0,0.0,0.0,12,388.0,395.5,14,417.0,372.5,0.0,0.0,0.0,0.0,78
2023-05-09 21:21:24,OI311C8300,OI311C8300,417.0,0.0,0.0,0.0,12,388.0,395.5,8,417.0,372.5,0.0,0.0,0.0,0.0,78
2023-05-09 21:21:33,OI311C8300,OI311C8300,417.0,0.0,0.0,0.0,2,389.5,395.5,8,417.0,372.5,0.0,0.0,0.0,0.0,78
2023-05-09 21:21:34,OI311C8300,OI311C8300,417.0,0.0,0.0,0.0,14,389.5,395.5,8,417.0,372.5,0.0,0.0,0.0,0.0,78
2023-05-09 21:21:34,OI311C8300,OI311C8300,417.0,0.0,0.0,0.0,8,389.5,395.5,8,417.0,372.5,0.0,0.0,0.0,0.0,78
2023-05-09 21:21:38,OI311C8300,OI311C8300,417.0,0.0,0.0,0.0,14,389.5,395.5,8,417.0,372.5,0.0,0.0,0.0,0.0,78
2023-05-09 21:21:38,OI311C8300,OI311C8300,417.0,0.0,0.0,0.0,8,389.5,395.5,8,417.0,372.5,0.0,0.0,0.0,0.0,78
2023-05-09 21:21:47,OI311C8300,OI311C8300,417.0,0.0,0.0,0.0,2,389.5,395.5,14,417.0,372.5,0.0,0.0,0.0,0.0,78
2023-05-09 21:22:00,OI311C8300,OI311C8300,417.0,0.0,0.0,0.0,8,389.5,395.5,8,417.0,372.5,0.0,0.0,0.0,0.0,78
2023-05-09 21:22:01,OI311C8300,OI311C8300,417.0,0.0,0.0,0.0,14,389.5,395.5,8,417.0,372.5,0.0,0.0,0.0,0.0,78
2023-05-09 21:22:01,OI311C8300,OI311C8300,417.0,0.0,0.0,0.0,2,389.5,395.5,14,417.0,372.5,0.0,0.0,0.0,0.0,78
2023-05-09 21:22:02,OI311C8300,OI311C8300,417.0,0.0,0.0,0.0,8,389.5,395.5,8,417.0,372.5,0.0,0.0,0.0,0.0,78
2023-05-09 21:22:18,OI311C8300,OI311C8300,417.0,0.0,0.0,0.0,2,389.5,395.5,14,417.0,372.5,0.0,0.0,0.0,0.0,78
2023-05-09 21:22:27,OI311C8300,OI311C8300,417.0,0.0,0.0,0.0,8,389.5,395.5,8,417.0,372.5,0.0,0.0,0.0,0.0,78
2023-05-09 21:23:03,OI311C8300,OI311C8300,417.0,0.0,0.0,0.0,8,389.5,395.5,2,417.0,372.5,0.0,0.0,0.0,0.0,78
2023-05-09 21:23:06,OI311C8300,OI311C8300,417.0,0.0,0.0,0.0,14,389.5,395.5,2,417.0,372.5,0.0,0.0,0.0,0.0,78
2023-05-09 21:23:12,OI311C8300,OI311C8300,417.0,0.0,0.0,0.0,20,389.5,395.5,2,417.0,372.5,0.0,0.0,0.0,0.0,78
2023-05-09 21:23:32,OI311C8300,OI311C8300,417.0,0.0,0.0,0.0,20,389.5,395.5,8,417.0,372.5,0.0,0.0,0.0,0.0,78
2023-05-09 21:24:17,OI311C8300,OI311C8300,417.0,0.0,0.0,0.0,14,389.5,395.5,14,417.0,372.5,0.0,0.0,0.0,0.0,78
2023-05-09 21:24:25,OI311C8300,OI311C8300,417.0,0.0,0.0,0.0,8,389.5,395.5,14,417.0,372.5,0.0,0.0,0.0,0.0,78
2023-05-09 21:24:30,OI311C8300,OI311C8300,417.0,0.0,0.0,0.0,8,389.5,395.5,20,417.0,372.5,0.0,0.0,0.0,0.0,78
2023-05-09 21:24:41,OI311C8300,OI311C8300,417.0,0.0,0.0,0.0,6,389.5,395.5,20,417.0,372.5,0.0,0.0,0.0,0.0,78
2023-05-09 21:24:41,OI311C8300,OI311C8300,417.0,0.0,0.0,0.0,6,388.5,395.5,32,417.0,372.5,0.0,0.0,0.0,0.0,78
2023-05-09 21:24:42,OI311C8300,OI311C8300,417.0,0.0,0.0,0.0,6,388.0,395.5,32,417.0,372.5,0.0,0.0,0.0,0.0,78
2023-05-09 21:24:42,OI311C8300,OI311C8300,417.0,0.0,0.0,0.0,20,387.5,395.5,32,417.0,372.5,0.0,0.0,0.0,0.0,78
2023-05-09 21:24:43,OI311C8300,OI311C8300,417.0,0.0,0.0,0.0,14,387.5,395.5,32,417.0,372.5,0.0,0.0,0.0,0.0,78
2023-05-09 21:24:44,OI311C8300,OI311C8300,417.0,0.0,0.0,0.0,14,387.5,395.0,6,417.0,372.5,0.0,0.0,0.0,0.0,78
2023-05-09 21:24:47,OI311C8300,OI311C8300,417.0,0.0,0.0,0.0,14,387.5,395.0,12,417.0,372.5,0.0,0.0,0.0,0.0,78
2023-05-09 21:24:47,OI311C8300,OI311C8300,417.0,0.0,0.0,0.0,14,387.5,393.5,2,417.0,372.5,0.0,0.0,0.0,0.0,78
2023-05-09 21:24:53,OI311C8300,OI311C8300,417.0,0.0,0.0,0.0,8,387.5,393.5,2,417.0,372.5,0.0,0.0,0.0,0.0,78
2023-05-09 21:25:06,OI311C8300,OI311C8300,417.0,0.0,0.0,0.0,8,387.5,393.5,8,417.0,372.5,0.0,0.0,0.0,0.0,78
2023-05-09 21:25:07,OI311C8300,OI311C8300,417.0,0.0,0.0,0.0,2,387.5,393.5,8,417.0,372.5,0.0,0.0,0.0,0.0,78
2023-05-09 21:25:09,OI311C8300,OI311C8300,417.0,0.0,0.0,0.0,2,387.5,393.5,14,417.0,372.5,0.0,0.0,0.0,0.0,78
2023-05-09 21:25:10,OI311C8300,OI311C8300,417.0,0.0,0.0,0.0,12,387.0,393.5,14,417.0,372.5,0.0,0.0,0.0,0.0,78
2023-05-09 21:25:11,OI311C8300,OI311C8300,417.0,0.0,0.0,0.0,18,386.5,393.5,14,417.0,372.5,0.0,0.0,0.0,0.0,78
2023-05-09 21:25:11,OI311C8300,OI311C8300,417.0,0.0,0.0,0.0,12,386.5,393.5,14,417.0,372.5,0.0,0.0,0.0,0.0,78
2023-05-09 21:25:15,OI311C8300,OI311C8300,417.0,0.0,0.0,0.0,12,386.5,393.5,8,417.0,372.5,0.0,0.0,0.0,0.0,78
2023-05-09 21:25:20,OI311C8300,OI311C8300,417.0,0.0,0.0,0.0,12,386.5,393.5,2,417.0,372.5,0.0,0.0,0.0,0.0,78
2023-05-09 21:25:24,OI311C8300,OI311C8300,417.0,0.0,0.0,0.0,12,386.5,393.5,8,417.0,372.5,0.0,0.0,0.0,0.0,78
2023-05-09 21:25:30,OI311C8300,OI311C8300,417.0,0.0,0.0,0.0,12,386.5,393.5,2,417.0,372.5,0.0,0.0,0.0,0.0,78
2023-05-09 21:26:03,OI311C8300,OI311C8300,417.0,0.0,0.0,0.0,20,386.5,393.5,2,417.0,372.5,0.0,0.0,0.0,0.0,78
2023-05-09 21:26:03,OI311C8300,OI311C8300,417.0,0.0,0.0,0.0,32,386.5,393.5,2,417.0,372.5,0.0,0.0,0.0,0.0,78
2023-05-09 21:26:04,OI311C8300,OI311C8300,417.0,0.0,0.0,0.0,6,388.5,395.5,8,417.0,372.5,0.0,0.0,0.0,0.0,78
2023-05-09 21:26:04,OI311C8300,OI311C8300,417.0,0.0,0.0,0.0,24,388.5,395.5,2,417.0,372.5,0.0,0.0,0.0,0.0,78
2023-05-09 21:26:05,OI311C8300,OI311C8300,417.0,0.0,0.0,0.0,2,389.0,395.5,2,417.0,372.5,0.0,0.0,0.0,0.0,78
2023-05-09 21:26:07,OI311C8300,OI311C8300,417.0,0.0,0.0,0.0,8,389.0,395.5,2,417.0,372.5,0.0,0.0,0.0,0.0,78
2023-05-09 21:26:07,OI311C8300,OI311C8300,417.0,0.0,0.0,0.0,14,389.0,395.5,2,417.0,372.5,0.0,0.0,0.0,0.0,78
2023-05-09 21:26:08,OI311C8300,OI311C8300,417.0,0.0,0.0,0.0,8,389.0,395.5,2,417.0,372.5,0.0,0.0,0.0,0.0,78
2023-05-09 21:26:17,OI311C8300,OI311C8300,417.0,0.0,0.0,0.0,14,389.0,395.5,2,417.0,372.5,0.0,0.0,0.0,0.0,78
2023-05-09 21:26:27,OI311C8300,OI311C8300,417.0,0.0,0.0,0.0,14,389.0,395.5,8,417.0,372.5,0.0,0.0,0.0,0.0,78
2023-05-09 21:27:00,OI311C8300,OI311C8300,417.0,0.0,0.0,0.0,2,389.0,395.5,14,417.0,372.5,0.0,0.0,0.0,0.0,78
2023-05-09 21:27:00,OI311C8300,OI311C8300,417.0,0.0,0.0,0.0,2,389.0,395.5,20,417.0,372.5,0.0,0.0,0.0,0.0,78
2023-05-09 21:27:01,OI311C8300,OI311C8300,417.0,0.0,0.0,0.0,12,388.0,395.5,26,417.0,372.5,0.0,0.0,0.0,0.0,78
2023-05-09 21:27:02,OI311C8300,OI311C8300,417.0,0.0,0.0,0.0,18,387.5,395.5,26,417.0,372.5,0.0,0.0,0.0,0.0,78
2023-05-09 21:27:02,OI311C8300,OI311C8300,417.0,0.0,0.0,0.0,12,387.5,395.5,26,417.0,372.5,0.0,0.0,0.0,0.0,78
2023-05-09 21:27:07,OI311C8300,OI311C8300,417.0,0.0,0.0,0.0,12,387.5,395.5,20,417.0,372.5,0.0,0.0,0.0,0.0,78
2023-05-09 21:27:19,OI311C8300,OI311C8300,417.0,0.0,0.0,0.0,12,387.5,395.5,14,417.0,372.5,0.0,0.0,0.0,0.0,78
2023-05-09 21:27:21,OI311C8300,OI311C8300,417.0,0.0,0.0,0.0,12,387.5,395.5,20,417.0,372.5,0.0,0.0,0.0,0.0,78
2023-05-09 21:27:34,OI311C8300,OI311C8300,417.0,0.0,0.0,0.0,12,387.5,394.0,6,417.0,372.5,0.0,0.0,0.0,0.0,78
2023-05-09 21:28:23,OI311C8300,OI311C8300,417.0,0.0,0.0,0.0,12,387.5,394.5,6,417.0,372.5,0.0,0.0,0.0,0.0,78
2023-05-09 21:28:27,OI311C8300,OI311C8300,417.0,0.0,0.0,0.0,18,387.5,395.5,8,417.0,372.5,0.0,0.0,0.0,0.0,78
2023-05-09 21:28:28,OI311C8300,OI311C8300,417.0,0.0,0.0,0.0,2,389.0,395.5,8,417.0,372.5,0.0,0.0,0.0,0.0,78
2023-05-09 21:28:28,OI311C8300,OI311C8300,417.0,0.0,0.0,0.0,8,389.0,395.5,8,417.0,372.5,0.0,0.0,0.0,0.0,78
2023-05-09 21:28:28,OI311C8300,OI311C8300,417.0,0.0,0.0,0.0,2,389.0,395.5,14,417.0,372.5,0.0,0.0,0.0,0.0,78
2023-05-09 21:28:35,OI311C8300,OI311C8300,417.0,0.0,0.0,0.0,8,389.0,395.5,8,417.0,372.5,0.0,0.0,0.0,0.0,78
2023-05-09 21:28:36,OI311C8300,OI311C8300,417.0,0.0,0.0,0.0,8,389.0,395.5,2,417.0,372.5,0.0,0.0,0.0,0.0,78
2023-05-09 21:28:37,OI311C8300,OI311C8300,417.0,0.0,0.0,0.0,14,389.0,395.5,2,417.0,372.5,0.0,0.0,0.0,0.0,78
2023-05-09 21:28:48,OI311C8300,OI311C8300,417.0,0.0,0.0,0.0,20,389.0,395.5,2,417.0,372.5,0.0,0.0,0.0,0.0,78
2023-05-09 21:28:49,OI311C8300,OI311C8300,417.0,0.0,0.0,0.0,14,389.0,395.5,2,417.0,372.5,0.0,0.0,0.0,0.0,78
2023-05-09 21:28:51,OI311C8300,OI311C8300,417.0,0.0,0.0,0.0,14,389.0,395.5,8,417.0,372.5,0.0,0.0,0.0,0.0,78
2023-05-09 21:28:51,OI311C8300,OI311C8300,417.0,0.0,0.0,0.0,20,389.0,395.5,2,417.0,372.5,0.0,0.0,0.0,0.0,78
2023-05-09 21:29:06,OI311C8300,OI311C8300,417.0,0.0,0.0,0.0,8,389.0,395.5,14,417.0,372.5,0.0,0.0,0.0,0.0,78
2023-05-09 21:29:06,OI311C8300,OI311C8300,417.0,0.0,0.0,0.0,2,389.0,395.5,14,417.0,372.5,0.0,0.0,0.0,0.0,78
2023-05-09 21:29:07,OI311C8300,OI311C8300,417.0,0.0,0.0,0.0,14,389.0,395.5,2,417.0,372.5,0.0,0.0,0.0,0.0,78
2023-05-09 21:29:18,OI311C8300,OI311C8300,417.0,0.0,0.0,0.0,26,389.0,395.5,2,417.0,372.5,0.0,0.0,0.0,0.0,78
2023-05-09 21:29:34,OI311C8300,OI311C8300,417.0,0.0,0.0,0.0,32,389.0,395.5,2,417.0,372.5,0.0,0.0,0.0,0.0,78
2023-05-09 21:30:01,OI311C8300,OI311C8300,417.0,0.0,0.0,0.0,26,389.0,395.5,8,417.0,372.5,0.0,0.0,0.0,0.0,78
2023-05-09 21:30:02,OI311C8300,OI311C8300,417.0,0.0,0.0,0.0,14,389.0,395.5,14,417.0,372.5,0.0,0.0,0.0,0.0,78
2023-05-09 21:30:02,OI311C8300,OI311C8300,417.0,0.0,0.0,0.0,8,389.0,395.5,20,417.0,372.5,0.0,0.0,0.0,0.0,78
2023-05-09 21:30:03,OI311C8300,OI311C8300,417.0,0.0,0.0,0.0,8,389.0,395.5,14,417.0,372.5,0.0,0.0,0.0,0.0,78
2023-05-09 21:30:04,OI311C8300,OI311C8300,417.0,0.0,0.0,0.0,2,389.0,395.5,14,417.0,372.5,0.0,0.0,0.0,0.0,78
2023-05-09 21:30:04,OI311C8300,OI311C8300,417.0,0.0,0.0,0.0,8,389.0,395.5,14,417.0,372.5,0.0,0.0,0.0,0.0,78
2023-05-09 21:30:06,OI311C8300,OI311C8300,417.0,0.0,0.0,0.0,2,389.0,395.5,14,417.0,372.5,0.0,0.0,0.0,0.0,78
2023-05-09 21:30:06,OI311C8300,OI311C8300,417.0,0.0,0.0,0.0,14,389.0,395.5,8,417.0,372.5,0.0,0.0,0.0,0.0,78
2023-05-09 21:30:11,OI311C8300,OI311C8300,417.0,0.0,0.0,0.0,8,389.0,395.5,8,417.0,372.5,0.0,0.0,0.0,0.0,78
2023-05-09 21:30:16,OI311C8300,OI311C8300,417.0,0.0,0.0,0.0,6,388.5,395.0,6,417.0,372.5,0.0,0.0,0.0,0.0,78
2023-05-09 21:30:17,OI311C8300,OI311C8300,417.0,0.0,0.0,0.0,12,388.0,395.0,18,417.0,372.5,0.0,0.0,0.0,0.0,78
2023-05-09 21:30:17,OI311C8300,OI311C8300,417.0,0.0,0.0,0.0,18,387.5,393.0,2,417.0,372.5,0.0,0.0,0.0,0.0,78
2023-05-09 21:30:18,OI311C8300,OI311C8300,417.0,0.0,0.0,0.0,18,387.0,393.0,2,417.0,372.5,0.0,0.0,0.0,0.0,78
2023-05-09 21:30:18,OI311C8300,OI311C8300,417.0,0.0,0.0,0.0,6,387.0,393.0,2,417.0,372.5,0.0,0.0,0.0,0.0,78
2023-05-09 21:30:18,OI311C8300,OI311C8300,417.0,0.0,0.0,0.0,26,386.5,393.0,2,417.0,372.5,0.0,0.0,0.0,0.0,78
2023-05-09 21:30:19,OI311C8300,OI311C8300,417.0,0.0,0.0,0.0,14,386.5,393.0,2,417.0,372.5,0.0,0.0,0.0,0.0,78
2023-05-09 21:30:21,OI311C8300,OI311C8300,417.0,0.0,0.0,0.0,14,386.5,393.0,14,417.0,372.5,0.0,0.0,0.0,0.0,78
2023-05-09 21:30:22,OI311C8300,OI311C8300,417.0,0.0,0.0,0.0,8,386.5,393.0,32,417.0,372.5,0.0,0.0,0.0,0.0,78
2023-05-09 21:30:23,OI311C8300,OI311C8300,417.0,0.0,0.0,0.0,6,385.5,392.5,6,417.0,372.5,0.0,0.0,0.0,0.0,78
2023-05-09 21:30:23,OI311C8300,OI311C8300,417.0,0.0,0.0,0.0,12,385.0,392.5,18,417.0,372.5,0.0,0.0,0.0,0.0,78
2023-05-09 21:30:24,OI311C8300,OI311C8300,417.0,0.0,0.0,0.0,12,385.0,390.5,2,417.0,372.5,0.0,0.0,0.0,0.0,78
2023-05-09 21:30:25,OI311C8300,OI311C8300,417.0,0.0,0.0,0.0,18,385.0,390.5,2,417.0,372.5,0.0,0.0,0.0,0.0,78
2023-05-09 21:30:26,OI311C8300,OI311C8300,417.0,0.0,0.0,0.0,12,385.0,390.5,2,417.0,372.5,0.0,0.0,0.0,0.0,78
2023-05-09 21:30:27,OI311C8300,OI311C8300,417.0,0.0,0.0,0.0,12,384.5,390.5,2,417.0,372.5,0.0,0.0,0.0,0.0,78
2023-05-09 21:30:28,OI311C8300,OI311C8300,417.0,0.0,0.0,0.0,18,384.0,390.5,2,417.0,372.5,0.0,0.0,0.0,0.0,78
2023-05-09 21:30:28,OI311C8300,OI311C8300,417.0,0.0,0.0,0.0,12,384.0,390.5,2,417.0,372.5,0.0,0.0,0.0,0.0,78
2023-05-09 21:30:30,OI311C8300,OI311C8300,417.0,0.0,0.0,0.0,18,384.0,390.5,2,417.0,372.5,0.0,0.0,0.0,0.0,78
2023-05-09 21:30:31,OI311C8300,OI311C8300,417.0,0.0,0.0,0.0,24,384.0,390.5,2,417.0,372.5,0.0,0.0,0.0,0.0,78
2023-05-09 21:30:32,OI311C8300,OI311C8300,417.0,0.0,0.0,0.0,18,384.0,390.5,2,417.0,372.5,0.0,0.0,0.0,0.0,78
2023-05-09 21:30:33,OI311C8300,OI311C8300,417.0,0.0,0.0,0.0,12,384.0,390.5,14,417.0,372.5,0.0,0.0,0.0,0.0,78
2023-05-09 21:30:34,OI311C8300,OI311C8300,417.0,0.0,0.0,0.0,12,384.0,390.5,8,417.0,372.5,0.0,0.0,0.0,0.0,78
2023-05-09 21:30:35,OI311C8300,OI311C8300,417.0,0.0,0.0,0.0,12,384.0,390.5,14,417.0,372.5,0.0,0.0,0.0,0.0,78
2023-05-09 21:30:37,OI311C8300,OI311C8300,417.0,0.0,0.0,0.0,12,384.0,390.5,8,417.0,372.5,0.0,0.0,0.0,0.0,78
2023-05-09 21:30:40,OI311C8300,OI311C8300,417.0,0.0,0.0,0.0,18,383.5,390.5,14,417.0,372.5,0.0,0.0,0.0,0.0,78
2023-05-09 21:30:40,OI311C8300,OI311C8300,417.0,0.0,0.0,0.0,12,383.5,390.5,14,417.0,372.5,0.0,0.0,0.0,0.0,78
2023-05-09 21:30:41,OI311C8300,OI311C8300,417.0,0.0,0.0,0.0,6,383.5,390.5,26,417.0,372.5,0.0,0.0,0.0,0.0,78
2023-05-09 21:30:42,OI311C8300,OI311C8300,417.0,0.0,0.0,0.0,14,383.0,390.5,20,417.0,372.5,0.0,0.0,0.0,0.0,78
2023-05-09 21:30:44,OI311C8300,OI311C8300,417.0,0.0,0.0,0.0,8,383.0,390.5,26,417.0,372.5,0.0,0.0,0.0,0.0,78
2023-05-09 21:30:47,OI311C8300,OI311C8300,417.0,0.0,0.0,0.0,14,383.0,390.5,20,417.0,372.5,0.0,0.0,0.0,0.0,78
2023-05-09 21:30:48,OI311C8300,OI311C8300,417.0,0.0,0.0,0.0,20,383.0,390.5,14,417.0,372.5,0.0,0.0,0.0,0.0,78
2023-05-09 21:30:56,OI311C8300,OI311C8300,417.0,0.0,0.0,0.0,14,383.0,390.5,26,417.0,372.5,0.0,0.0,0.0,0.0,78
2023-05-09 21:30:56,OI311C8300,OI311C8300,417.0,0.0,0.0,0.0,14,383.0,390.5,32,417.0,372.5,0.0,0.0,0.0,0.0,78
2023-05-09 21:30:57,OI311C8300,OI311C8300,417.0,0.0,0.0,0.0,14,383.0,388.5,2,417.0,372.5,0.0,0.0,0.0,0.0,78
2023-05-09 21:31:05,OI311C8300,OI311C8300,417.0,0.0,0.0,0.0,20,383.0,388.5,2,417.0,372.5,0.0,0.0,0.0,0.0,78
2023-05-09 21:31:06,OI311C8300,OI311C8300,417.0,0.0,0.0,0.0,14,383.0,388.5,2,417.0,372.5,0.0,0.0,0.0,0.0,78
2023-05-09 21:31:09,OI311C8300,OI311C8300,417.0,0.0,0.0,0.0,20,383.0,388.5,2,417.0,372.5,0.0,0.0,0.0,0.0,78
2023-05-09 21:31:12,OI311C8300,OI311C8300,417.0,0.0,0.0,0.0,14,383.0,388.5,2,417.0,372.5,0.0,0.0,0.0,0.0,78
2023-05-09 21:31:14,OI311C8300,OI311C8300,417.0,0.0,0.0,0.0,26,383.0,388.5,2,417.0,372.5,0.0,0.0,0.0,0.0,78
2023-05-09 21:31:18,OI311C8300,OI311C8300,417.0,0.0,0.0,0.0,32,383.0,388.5,2,417.0,372.5,0.0,0.0,0.0,0.0,78
2023-05-09 21:31:25,OI311C8300,OI311C8300,417.0,0.0,0.0,0.0,26,383.0,388.5,2,417.0,372.5,0.0,0.0,0.0,0.0,78
2023-05-09 21:31:25,OI311C8300,OI311C8300,417.0,0.0,0.0,0.0,14,383.0,388.5,2,417.0,372.5,0.0,0.0,0.0,0.0,78
2023-05-09 21:31:26,OI311C8300,OI311C8300,417.0,0.0,0.0,0.0,2,383.0,388.5,2,417.0,372.5,0.0,0.0,0.0,0.0,78
2023-05-09 21:31:38,OI311C8300,OI311C8300,417.0,0.0,0.0,0.0,12,381.5,388.5,2,417.0,372.5,0.0,0.0,0.0,0.0,78
2023-05-09 21:31:41,OI311C8300,OI311C8300,417.0,0.0,0.0,0.0,12,381.5,388.5,8,417.0,372.5,0.0,0.0,0.0,0.0,78
2023-05-09 21:31:46,OI311C8300,OI311C8300,417.0,0.0,0.0,0.0,12,381.5,388.5,14,417.0,372.5,0.0,0.0,0.0,0.0,78
2023-05-09 21:31:57,OI311C8300,OI311C8300,417.0,0.0,0.0,0.0,18,381.5,388.5,14,417.0,372.5,0.0,0.0,0.0,0.0,78
2023-05-09 21:32:00,OI311C8300,OI311C8300,417.0,0.0,0.0,0.0,18,381.5,388.5,8,417.0,372.5,0.0,0.0,0.0,0.0,78
2023-05-09 21:32:02,OI311C8300,OI311C8300,417.0,0.0,0.0,0.0,6,381.5,388.5,14,417.0,372.5,0.0,0.0,0.0,0.0,78
2023-05-09 21:32:03,OI311C8300,OI311C8300,417.0,0.0,0.0,0.0,24,381.0,388.5,20,417.0,372.5,0.0,0.0,0.0,0.0,78
2023-05-09 21:32:03,OI311C8300,OI311C8300,417.0,0.0,0.0,0.0,24,381.0,388.5,14,417.0,372.5,0.0,0.0,0.0,0.0,78
2023-05-09 21:32:04,OI311C8300,OI311C8300,417.0,0.0,0.0,0.0,24,381.0,388.5,8,417.0,372.5,0.0,0.0,0.0,0.0,78
2023-05-09 21:32:06,OI311C8300,OI311C8300,417.0,0.0,0.0,0.0,24,381.0,388.5,14,417.0,372.5,0.0,0.0,0.0,0.0,78
2023-05-09 21:32:09,OI311C8300,OI311C8300,417.0,0.0,0.0,0.0,24,381.0,388.5,8,417.0,372.5,0.0,0.0,0.0,0.0,78
2023-05-09 21:32:12,OI311C8300,OI311C8300,417.0,0.0,0.0,0.0,24,381.0,388.5,14,417.0,372.5,0.0,0.0,0.0,0.0,78
2023-05-09 21:32:13,OI311C8300,OI311C8300,417.0,0.0,0.0,0.0,18,381.0,388.5,20,417.0,372.5,0.0,0.0,0.0,0.0,78
2023-05-09 21:32:15,OI311C8300,OI311C8300,417.0,0.0,0.0,0.0,12,381.0,388.5,26,417.0,372.5,0.0,0.0,0.0,0.0,78
2023-05-09 21:32:18,OI311C8300,OI311C8300,417.0,0.0,0.0,0.0,12,381.0,386.5,2,417.0,372.5,0.0,0.0,0.0,0.0,78
2023-05-09 21:32:18,OI311C8300,OI311C8300,417.0,0.0,0.0,0.0,2,380.5,386.5,2,417.0,372.5,0.0,0.0,0.0,0.0,78
2023-05-09 21:32:19,OI311C8300,OI311C8300,417.0,0.0,0.0,0.0,2,380.5,386.5,8,417.0,372.5,0.0,0.0,0.0,0.0,78
2023-05-09 21:32:20,OI311C8300,OI311C8300,417.0,0.0,0.0,0.0,12,380.0,386.5,8,417.0,372.5,0.0,0.0,0.0,0.0,78
2023-05-09 21:32:20,OI311C8300,OI311C8300,417.0,0.0,0.0,0.0,6,379.5,386.5,26,417.0,372.5,0.0,0.0,0.0,0.0,78
2023-05-09 21:32:21,OI311C8300,OI311C8300,417.0,0.0,0.0,0.0,12,379.0,386.0,6,417.0,372.5,0.0,0.0,0.0,0.0,78
2023-05-09 21:32:21,OI311C8300,OI311C8300,417.0,0.0,0.0,0.0,12,379.0,386.0,12,417.0,372.5,0.0,0.0,0.0,0.0,78
2023-05-09 21:32:22,OI311C8300,OI311C8300,417.0,0.0,0.0,0.0,12,379.0,384.5,2,417.0,372.5,0.0,0.0,0.0,0.0,78
2023-05-09 21:32:23,OI311C8300,OI311C8300,417.0,0.0,0.0,0.0,6,379.0,384.5,8,417.0,372.5,0.0,0.0,0.0,0.0,78
2023-05-09 21:32:24,OI311C8300,OI311C8300,417.0,0.0,0.0,0.0,18,378.0,384.5,8,417.0,372.5,0.0,0.0,0.0,0.0,78
2023-05-09 21:32:24,OI311C8300,OI311C8300,417.0,0.0,0.0,0.0,12,378.0,384.5,8,417.0,372.5,0.0,0.0,0.0,0.0,78
2023-05-09 21:32:25,OI311C8300,OI311C8300,417.0,0.0,0.0,0.0,6,378.0,384.5,26,417.0,372.5,0.0,0.0,0.0,0.0,78
2023-05-09 21:32:25,OI311C8300,OI311C8300,417.0,0.0,0.0,0.0,6,377.0,384.0,18,417.0,372.5,0.0,0.0,0.0,0.0,78
2023-05-09 21:32:26,OI311C8300,OI311C8300,417.0,0.0,0.0,0.0,6,376.5,383.5,6,417.0,372.5,0.0,0.0,0.0,0.0,78
2023-05-09 21:32:26,OI311C8300,OI311C8300,417.0,0.0,0.0,0.0,24,375.5,382.5,6,417.0,372.5,0.0,0.0,0.0,0.0,78
2023-05-09 21:32:27,OI311C8300,OI311C8300,417.0,0.0,0.0,0.0,6,375.0,382.5,24,417.0,372.5,0.0,0.0,0.0,0.0,78
2023-05-09 21:32:27,OI311C8300,OI311C8300,417.0,0.0,0.0,0.0,24,374.0,381.5,2,417.0,372.5,0.0,0.0,0.0,0.0,78
2023-05-09 21:32:28,OI311C8300,OI311C8300,417.0,0.0,0.0,0.0,36,374.0,381.5,2,417.0,372.5,0.0,0.0,0.0,0.0,78
2023-05-09 21:32:32,OI311C8300,OI311C8300,417.0,0.0,0.0,0.0,30,374.0,381.5,8,417.0,372.5,0.0,0.0,0.0,0.0,78
2023-05-09 21:32:32,OI311C8300,OI311C8300,417.0,0.0,0.0,0.0,12,374.0,381.5,26,417.0,372.5,0.0,0.0,0.0,0.0,78
2023-05-09 21:32:33,OI311C8300,OI311C8300,417.0,0.0,0.0,0.0,12,374.0,381.5,14,417.0,372.5,0.0,0.0,0.0,0.0,78
2023-05-09 21:32:37,OI311C8300,OI311C8300,417.0,0.0,0.0,0.0,12,374.0,381.5,20,417.0,372.5,0.0,0.0,0.0,0.0,78
2023-05-09 21:32:39,OI311C8300,OI311C8300,417.0,0.0,0.0,0.0,18,374.0,381.5,20,417.0,372.5,0.0,0.0,0.0,0.0,78
2023-05-09 21:32:43,OI311C8300,OI311C8300,417.0,0.0,0.0,0.0,12,374.0,381.5,32,417.0,372.5,0.0,0.0,0.0,0.0,78
2023-05-09 21:32:44,OI311C8300,OI311C8300,417.0,0.0,0.0,0.0,18,374.0,381.5,26,417.0,372.5,0.0,0.0,0.0,0.0,78
2023-05-09 21:32:48,OI311C8300,OI311C8300,417.0,0.0,0.0,0.0,18,374.0,381.5,20,417.0,372.5,0.0,0.0,0.0,0.0,78
2023-05-09 21:32:50,OI311C8300,OI311C8300,417.0,0.0,0.0,0.0,18,374.0,381.5,26,417.0,372.5,0.0,0.0,0.0,0.0,78
2023-05-09 21:32:53,OI311C8300,OI311C8300,417.0,0.0,0.0,0.0,24,374.0,381.5,20,417.0,372.5,0.0,0.0,0.0,0.0,78
2023-05-09 21:32:55,OI311C8300,OI311C8300,417.0,0.0,0.0,0.0,30,374.0,381.5,14,417.0,372.5,0.0,0.0,0.0,0.0,78
2023-05-09 21:33:00,OI311C8300,OI311C8300,417.0,0.0,0.0,0.0,24,374.0,381.5,14,417.0,372.5,0.0,0.0,0.0,0.0,78
2023-05-09 21:33:02,OI311C8300,OI311C8300,417.0,0.0,0.0,0.0,30,374.0,381.5,14,417.0,372.5,0.0,0.0,0.0,0.0,78
2023-05-09 21:33:03,OI311C8300,OI311C8300,417.0,0.0,0.0,0.0,2,375.0,381.5,14,417.0,372.5,0.0,0.0,0.0,0.0,78
2023-05-09 21:33:03,OI311C8300,OI311C8300,417.0,0.0,0.0,0.0,20,375.0,381.5,2,417.0,372.5,0.0,0.0,0.0,0.0,78
2023-05-09 21:33:04,OI311C8300,OI311C8300,417.0,0.0,0.0,0.0,6,375.5,383.0,12,417.0,372.5,0.0,0.0,0.0,0.0,78
2023-05-09 21:33:05,OI311C8300,OI311C8300,417.0,0.0,0.0,0.0,30,375.5,383.0,6,417.0,372.5,0.0,0.0,0.0,0.0,78
2023-05-09 21:33:05,OI311C8300,OI311C8300,417.0,0.0,0.0,0.0,8,377.0,383.5,6,417.0,372.5,0.0,0.0,0.0,0.0,78
2023-05-09 21:33:06,OI311C8300,OI311C8300,417.0,0.0,0.0,0.0,14,377.0,384.5,2,417.0,372.5,0.0,0.0,0.0,0.0,78
2023-05-09 21:33:07,OI311C8300,OI311C8300,417.0,0.0,0.0,0.0,20,377.0,384.5,2,417.0,372.5,0.0,0.0,0.0,0.0,78
2023-05-09 21:33:11,OI311C8300,OI311C8300,417.0,0.0,0.0,0.0,20,377.0,383.5,6,417.0,372.5,0.0,0.0,0.0,0.0,78
2023-05-09 21:33:15,OI311C8300,OI311C8300,417.0,0.0,0.0,0.0,14,377.0,383.5,6,417.0,372.5,0.0,0.0,0.0,0.0,78
2023-05-09 21:33:16,OI311C8300,OI311C8300,417.0,0.0,0.0,0.0,20,377.0,383.5,6,417.0,372.5,0.0,0.0,0.0,0.0,78
2023-05-09 21:33:17,OI311C8300,OI311C8300,417.0,0.0,0.0,0.0,20,377.0,384.5,2,417.0,372.5,0.0,0.0,0.0,0.0,78
2023-05-09 21:33:27,OI311C8300,OI311C8300,417.0,0.0,0.0,0.0,6,377.5,384.5,2,417.0,372.5,0.0,0.0,0.0,0.0,78
2023-05-09 21:33:28,OI311C8300,OI311C8300,417.0,0.0,0.0,0.0,18,377.5,384.5,2,417.0,372.5,0.0,0.0,0.0,0.0,78
2023-05-09 21:33:31,OI311C8300,OI311C8300,417.0,0.0,0.0,0.0,24,377.5,384.5,2,417.0,372.5,0.0,0.0,0.0,0.0,78
2023-05-09 21:33:34,OI311C8300,OI311C8300,417.0,0.0,0.0,0.0,14,378.5,384.5,2,417.0,372.5,0.0,0.0,0.0,0.0,78
2023-05-09 21:33:34,OI311C8300,OI311C8300,417.0,0.0,0.0,0.0,20,378.5,384.5,2,417.0,372.5,0.0,0.0,0.0,0.0,78
2023-05-09 21:33:44,OI311C8300,OI311C8300,417.0,0.0,0.0,0.0,26,378.5,384.5,2,417.0,372.5,0.0,0.0,0.0,0.0,78
2023-05-09 21:33:48,OI311C8300,OI311C8300,417.0,0.0,0.0,0.0,26,378.5,385.0,18,417.0,372.5,0.0,0.0,0.0,0.0,78
2023-05-09 21:33:49,OI311C8300,OI311C8300,417.0,0.0,0.0,0.0,26,378.5,385.0,6,417.0,372.5,0.0,0.0,0.0,0.0,78
2023-05-09 21:33:49,OI311C8300,OI311C8300,417.0,0.0,0.0,0.0,32,378.5,385.5,6,417.0,372.5,0.0,0.0,0.0,0.0,78
2023-05-09 21:33:50,OI311C8300,OI311C8300,417.0,0.0,0.0,0.0,32,378.5,386.5,6,417.0,372.5,0.0,0.0,0.0,0.0,78
2023-05-09 21:33:51,OI311C8300,OI311C8300,417.0,0.0,0.0,0.0,32,378.5,386.0,6,417.0,372.5,0.0,0.0,0.0,0.0,78
2023-05-09 21:33:51,OI311C8300,OI311C8300,417.0,0.0,0.0,0.0,32,378.5,386.5,6,417.0,372.5,0.0,0.0,0.0,0.0,78
2023-05-09 21:33:51,OI311C8300,OI311C8300,417.0,0.0,0.0,0.0,32,378.5,386.5,12,417.0,372.5,0.0,0.0,0.0,0.0,78
2023-05-09 21:33:52,OI311C8300,OI311C8300,417.0,0.0,0.0,0.0,38,378.5,386.5,6,417.0,372.5,0.0,0.0,0.0,0.0,78
2023-05-09 21:33:56,OI311C8300,OI311C8300,417.0,0.0,0.0,0.0,2,380.5,387.0,18,417.0,372.5,0.0,0.0,0.0,0.0,78
2023-05-09 21:33:57,OI311C8300,OI311C8300,417.0,0.0,0.0,0.0,14,380.5,387.0,12,417.0,372.5,0.0,0.0,0.0,0.0,78
2023-05-09 21:33:57,OI311C8300,OI311C8300,417.0,0.0,0.0,0.0,20,380.5,387.0,6,417.0,372.5,0.0,0.0,0.0,0.0,78
2023-05-09 21:33:57,OI311C8300,OI311C8300,417.0,0.0,0.0,0.0,26,380.5,387.0,12,417.0,372.5,0.0,0.0,0.0,0.0,78
2023-05-09 21:34:01,OI311C8300,OI311C8300,417.0,0.0,0.0,0.0,26,380.5,387.0,6,417.0,372.5,0.0,0.0,0.0,0.0,78
2023-05-09 21:34:02,OI311C8300,OI311C8300,417.0,0.0,0.0,0.0,26,380.5,387.5,14,417.0,372.5,0.0,0.0,0.0,0.0,78
2023-05-09 21:34:02,OI311C8300,OI311C8300,417.0,0.0,0.0,0.0,26,380.5,387.5,8,417.0,372.5,0.0,0.0,0.0,0.0,78
2023-05-09 21:34:04,OI311C8300,OI311C8300,417.0,0.0,0.0,0.0,26,380.5,387.5,2,417.0,372.5,0.0,0.0,0.0,0.0,78
2023-05-09 21:34:07,OI311C8300,OI311C8300,417.0,0.0,0.0,0.0,20,380.5,386.5,6,417.0,372.5,0.0,0.0,0.0,0.0,78
2023-05-09 21:34:07,OI311C8300,OI311C8300,417.0,0.0,0.0,0.0,8,380.5,386.5,6,417.0,372.5,0.0,0.0,0.0,0.0,78
2023-05-09 21:34:08,OI311C8300,OI311C8300,417.0,0.0,0.0,0.0,2,380.5,386.5,12,417.0,372.5,0.0,0.0,0.0,0.0,78
2023-05-09 21:34:13,OI311C8300,OI311C8300,417.0,0.0,0.0,0.0,2,380.5,386.0,2,417.0,372.5,0.0,0.0,0.0,0.0,78
2023-05-09 21:34:14,OI311C8300,OI311C8300,417.0,0.0,0.0,0.0,8,380.5,386.0,2,417.0,372.5,0.0,0.0,0.0,0.0,78
2023-05-09 21:34:16,OI311C8300,OI311C8300,417.0,0.0,0.0,0.0,14,380.5,386.0,2,417.0,372.5,0.0,0.0,0.0,0.0,78
2023-05-09 21:34:18,OI311C8300,OI311C8300,417.0,0.0,0.0,0.0,20,380.5,386.0,2,417.0,372.5,0.0,0.0,0.0,0.0,78
2023-05-09 21:34:22,OI311C8300,OI311C8300,417.0,0.0,0.0,0.0,26,380.5,386.0,2,417.0,372.5,0.0,0.0,0.0,0.0,78
2023-05-09 21:34:22,OI311C8300,OI311C8300,417.0,0.0,0.0,0.0,20,380.5,386.0,2,417.0,372.5,0.0,0.0,0.0,0.0,78
2023-05-09 21:34:23,OI311C8300,OI311C8300,417.0,0.0,0.0,0.0,20,380.5,386.5,6,417.0,372.5,0.0,0.0,0.0,0.0,78
2023-05-09 21:34:24,OI311C8300,OI311C8300,417.0,0.0,0.0,0.0,26,380.5,386.5,6,417.0,372.5,0.0,0.0,0.0,0.0,78
2023-05-09 21:34:24,OI311C8300,OI311C8300,417.0,0.0,0.0,0.0,26,380.5,387.5,2,417.0,372.5,0.0,0.0,0.0,0.0,78
2023-05-09 21:34:25,OI311C8300,OI311C8300,417.0,0.0,0.0,0.0,26,380.5,387.0,6,417.0,372.5,0.0,0.0,0.0,0.0,78
2023-05-09 21:34:25,OI311C8300,OI311C8300,417.0,0.0,0.0,0.0,26,380.5,387.5,2,417.0,372.5,0.0,0.0,0.0,0.0,78
2023-05-09 21:34:26,OI311C8300,OI311C8300,417.0,0.0,0.0,0.0,26,380.5,387.5,8,417.0,372.5,0.0,0.0,0.0,0.0,78
2023-05-09 21:34:26,OI311C8300,OI311C8300,417.0,0.0,0.0,0.0,26,380.5,387.5,2,417.0,372.5,0.0,0.0,0.0,0.0,78
2023-05-09 21:34:27,OI311C8300,OI311C8300,417.0,0.0,0.0,0.0,26,380.5,387.5,8,417.0,372.5,0.0,0.0,0.0,0.0,78
2023-05-09 21:34:28,OI311C8300,OI311C8300,417.0,0.0,0.0,0.0,26,380.5,387.5,2,417.0,372.5,0.0,0.0,0.0,0.0,78
2023-05-09 21:34:29,OI311C8300,OI311C8300,417.0,0.0,0.0,0.0,32,380.5,387.5,2,417.0,372.5,0.0,0.0,0.0,0.0,78
2023-05-09 21:35:04,OI311C8300,OI311C8300,417.0,0.0,0.0,0.0,26,380.5,387.5,2,417.0,372.5,0.0,0.0,0.0,0.0,78
2023-05-09 21:35:04,OI311C8300,OI311C8300,417.0,0.0,0.0,0.0,6,381.5,387.5,2,417.0,372.5,0.0,0.0,0.0,0.0,78
2023-05-09 21:35:05,OI311C8300,OI311C8300,417.0,0.0,0.0,0.0,18,381.5,388.0,6,417.0,372.5,0.0,0.0,0.0,0.0,78
2023-05-09 21:35:05,OI311C8300,OI311C8300,417.0,0.0,0.0,0.0,24,381.5,388.0,6,417.0,372.5,0.0,0.0,0.0,0.0,78
2023-05-09 21:35:06,OI311C8300,OI311C8300,417.0,0.0,0.0,0.0,2,383.0,390.0,12,417.0,372.5,0.0,0.0,0.0,0.0,78
2023-05-09 21:35:06,OI311C8300,OI311C8300,417.0,0.0,0.0,0.0,8,383.0,388.5,6,417.0,372.5,0.0,0.0,0.0,0.0,78
2023-05-09 21:35:07,OI311C8300,OI311C8300,417.0,0.0,0.0,0.0,14,383.0,390.0,6,417.0,372.5,0.0,0.0,0.0,0.0,78
2023-05-09 21:35:07,OI311C8300,OI311C8300,417.0,0.0,0.0,0.0,14,383.0,389.0,6,417.0,372.5,0.0,0.0,0.0,0.0,78
2023-05-09 21:35:08,OI311C8300,OI311C8300,417.0,0.0,0.0,0.0,20,383.0,390.0,6,417.0,372.5,0.0,0.0,0.0,0.0,78
2023-05-09 21:35:08,OI311C8300,OI311C8300,417.0,0.0,0.0,0.0,20,383.0,389.5,6,417.0,372.5,0.0,0.0,0.0,0.0,78
2023-05-09 21:35:09,OI311C8300,OI311C8300,417.0,0.0,0.0,0.0,20,383.0,390.0,6,417.0,372.5,0.0,0.0,0.0,0.0,78
2023-05-09 21:35:09,OI311C8300,OI311C8300,417.0,0.0,0.0,0.0,20,383.0,390.0,12,417.0,372.5,0.0,0.0,0.0,0.0,78
2023-05-09 21:35:10,OI311C8300,OI311C8300,417.0,0.0,0.0,0.0,20,383.0,390.0,6,417.0,372.5,0.0,0.0,0.0,0.0,78
2023-05-09 21:35:13,OI311C8300,OI311C8300,417.0,0.0,0.0,0.0,26,383.0,390.0,6,417.0,372.5,0.0,0.0,0.0,0.0,78
2023-05-09 21:35:22,OI311C8300,OI311C8300,417.0,0.0,0.0,0.0,14,383.0,390.0,12,417.0,372.5,0.0,0.0,0.0,0.0,78
2023-05-09 21:35:24,OI311C8300,OI311C8300,417.0,0.0,0.0,0.0,14,383.0,390.0,18,417.0,372.5,0.0,0.0,0.0,0.0,78
2023-05-09 21:35:26,OI311C8300,OI311C8300,417.0,0.0,0.0,0.0,8,383.0,390.0,24,417.0,372.5,0.0,0.0,0.0,0.0,78
2023-05-09 21:35:27,OI311C8300,OI311C8300,417.0,0.0,0.0,0.0,8,383.0,390.0,30,417.0,372.5,0.0,0.0,0.0,0.0,78
2023-05-09 21:35:33,OI311C8300,OI311C8300,417.0,0.0,0.0,0.0,2,383.0,388.5,2,417.0,372.5,0.0,0.0,0.0,0.0,78
2023-05-09 21:35:34,OI311C8300,OI311C8300,417.0,0.0,0.0,0.0,12,382.5,388.5,20,417.0,372.5,0.0,0.0,0.0,0.0,78
2023-05-09 21:35:34,OI311C8300,OI311C8300,417.0,0.0,0.0,0.0,6,382.5,388.5,20,417.0,372.5,0.0,0.0,0.0,0.0,78
2023-05-09 21:35:35,OI311C8300,OI311C8300,417.0,0.0,0.0,0.0,6,382.0,388.5,26,417.0,372.5,0.0,0.0,0.0,0.0,78
2023-05-09 21:35:36,OI311C8300,OI311C8300,417.0,0.0,0.0,0.0,6,382.0,388.5,32,417.0,372.5,0.0,0.0,0.0,0.0,78
2023-05-09 21:35:36,OI311C8300,OI311C8300,417.0,0.0,0.0,0.0,6,381.5,388.0,18,417.0,372.5,0.0,0.0,0.0,0.0,78
2023-05-09 21:35:37,OI311C8300,OI311C8300,417.0,0.0,0.0,0.0,6,381.5,388.0,30,417.0,372.5,0.0,0.0,0.0,0.0,78
2023-05-09 21:35:37,OI311C8300,OI311C8300,417.0,0.0,0.0,0.0,6,381.5,388.0,36,417.0,372.5,0.0,0.0,0.0,0.0,78
2023-05-09 21:35:38,OI311C8300,OI311C8300,417.0,0.0,0.0,0.0,18,381.0,388.0,30,417.0,372.5,0.0,0.0,0.0,0.0,78
2023-05-09 21:35:39,OI311C8300,OI311C8300,417.0,0.0,0.0,0.0,12,381.0,388.0,30,417.0,372.5,0.0,0.0,0.0,0.0,78
2023-05-09 21:35:40,OI311C8300,OI311C8300,417.0,0.0,0.0,0.0,12,381.0,388.0,24,417.0,372.5,0.0,0.0,0.0,0.0,78
2023-05-09 21:35:43,OI311C8300,OI311C8300,417.0,0.0,0.0,0.0,6,381.0,387.5,20,417.0,372.5,0.0,0.0,0.0,0.0,78
2023-05-09 21:35:44,OI311C8300,OI311C8300,417.0,0.0,0.0,0.0,14,380.5,387.5,26,417.0,372.5,0.0,0.0,0.0,0.0,78
2023-05-09 21:35:45,OI311C8300,OI311C8300,417.0,0.0,0.0,0.0,8,380.5,387.5,26,417.0,372.5,0.0,0.0,0.0,0.0,78
2023-05-09 21:35:47,OI311C8300,OI311C8300,417.0,0.0,0.0,0.0,14,380.5,387.5,26,417.0,372.5,0.0,0.0,0.0,0.0,78
2023-05-09 21:35:48,OI311C8300,OI311C8300,417.0,0.0,0.0,0.0,14,380.5,387.5,20,417.0,372.5,0.0,0.0,0.0,0.0,78
2023-05-09 21:35:49,OI311C8300,OI311C8300,417.0,0.0,0.0,0.0,14,380.5,387.5,14,417.0,372.5,0.0,0.0,0.0,0.0,78
2023-05-09 21:35:50,OI311C8300,OI311C8300,417.0,0.0,0.0,0.0,20,380.5,387.5,8,417.0,372.5,0.0,0.0,0.0,0.0,78
2023-05-09 21:35:52,OI311C8300,OI311C8300,417.0,0.0,0.0,0.0,20,380.5,387.5,20,417.0,372.5,0.0,0.0,0.0,0.0,78
2023-05-09 21:36:00,OI311C8300,OI311C8300,417.0,0.0,0.0,0.0,14,380.5,387.5,26,417.0,372.5,0.0,0.0,0.0,0.0,78
2023-05-09 21:36:03,OI311C8300,OI311C8300,417.0,0.0,0.0,0.0,20,380.5,387.5,8,417.0,372.5,0.0,0.0,0.0,0.0,78
2023-05-09 21:36:10,OI311C8300,OI311C8300,417.0,0.0,0.0,0.0,20,380.5,387.5,14,417.0,372.5,0.0,0.0,0.0,0.0,78
2023-05-09 21:36:12,OI311C8300,OI311C8300,417.0,0.0,0.0,0.0,20,380.5,387.5,8,417.0,372.5,0.0,0.0,0.0,0.0,78
2023-05-09 21:36:24,OI311C8300,OI311C8300,417.0,0.0,0.0,0.0,26,380.5,387.5,2,417.0,372.5,0.0,0.0,0.0,0.0,78
2023-05-09 21:36:26,OI311C8300,OI311C8300,417.0,0.0,0.0,0.0,20,380.5,387.5,2,417.0,372.5,0.0,0.0,0.0,0.0,78
2023-05-09 21:36:30,OI311C8300,OI311C8300,417.0,0.0,0.0,0.0,26,380.5,387.5,2,417.0,372.5,0.0,0.0,0.0,0.0,78
2023-05-09 21:36:34,OI311C8300,OI311C8300,417.0,0.0,0.0,0.0,20,380.5,387.5,2,417.0,372.5,0.0,0.0,0.0,0.0,78
2023-05-09 21:36:50,OI311C8300,OI311C8300,417.0,0.0,0.0,0.0,26,380.5,387.5,2,417.0,372.5,0.0,0.0,0.0,0.0,78
2023-05-09 21:36:58,OI311C8300,OI311C8300,417.0,0.0,0.0,0.0,20,380.5,387.5,2,417.0,372.5,0.0,0.0,0.0,0.0,78
2023-05-09 21:37:01,OI311C8300,OI311C8300,417.0,0.0,0.0,0.0,26,380.5,387.5,2,417.0,372.5,0.0,0.0,0.0,0.0,78
2023-05-09 21:37:06,OI311C8300,OI311C8300,417.0,0.0,0.0,0.0,32,380.5,387.5,8,417.0,372.5,0.0,0.0,0.0,0.0,78
2023-05-09 21:37:06,OI311C8300,OI311C8300,417.0,0.0,0.0,0.0,26,380.5,387.5,8,417.0,372.5,0.0,0.0,0.0,0.0,78
2023-05-09 21:37:09,OI311C8300,OI311C8300,417.0,0.0,0.0,0.0,26,380.5,387.5,2,417.0,372.5,0.0,0.0,0.0,0.0,78
2023-05-09 21:37:20,OI311C8300,OI311C8300,417.0,0.0,0.0,0.0,20,380.5,387.5,2,417.0,372.5,0.0,0.0,0.0,0.0,78
2023-05-09 21:37:21,OI311C8300,OI311C8300,417.0,0.0,0.0,0.0,26,380.5,387.5,2,417.0,372.5,0.0,0.0,0.0,0.0,78
2023-05-09 21:37:22,OI311C8300,OI311C8300,417.0,0.0,0.0,0.0,32,380.5,387.5,2,417.0,372.5,0.0,0.0,0.0,0.0,78
2023-05-09 21:37:24,OI311C8300,OI311C8300,417.0,0.0,0.0,0.0,26,380.5,387.5,2,417.0,372.5,0.0,0.0,0.0,0.0,78
2023-05-09 21:37:36,OI311C8300,OI311C8300,417.0,0.0,0.0,0.0,32,380.5,387.5,2,417.0,372.5,0.0,0.0,0.0,0.0,78
2023-05-09 21:37:39,OI311C8300,OI311C8300,417.0,0.0,0.0,0.0,26,380.5,387.5,2,417.0,372.5,0.0,0.0,0.0,0.0,78
2023-05-09 21:38:06,OI311C8300,OI311C8300,417.0,0.0,0.0,0.0,14,380.5,387.5,26,417.0,372.5,0.0,0.0,0.0,0.0,78
2023-05-09 21:38:08,OI311C8300,OI311C8300,417.0,0.0,0.0,0.0,8,380.5,387.5,26,417.0,372.5,0.0,0.0,0.0,0.0,78
2023-05-09 21:38:10,OI311C8300,OI311C8300,417.0,0.0,0.0,0.0,2,380.5,386.5,6,417.0,372.5,0.0,0.0,0.0,0.0,78
2023-05-09 21:38:10,OI311C8300,OI311C8300,417.0,0.0,0.0,0.0,2,380.5,386.5,30,417.0,372.5,0.0,0.0,0.0,0.0,78
2023-05-09 21:38:11,OI311C8300,OI311C8300,417.0,0.0,0.0,0.0,6,380.0,385.5,2,417.0,372.5,0.0,0.0,0.0,0.0,78
2023-05-09 21:38:12,OI311C8300,OI311C8300,417.0,0.0,0.0,0.0,12,379.5,385.5,2,417.0,372.5,0.0,0.0,0.0,0.0,78
2023-05-09 21:38:13,OI311C8300,OI311C8300,417.0,0.0,0.0,0.0,24,379.0,385.5,2,417.0,372.5,0.0,0.0,0.0,0.0,78
2023-05-09 21:38:14,OI311C8300,OI311C8300,417.0,0.0,0.0,0.0,18,379.0,385.5,2,417.0,372.5,0.0,0.0,0.0,0.0,78
2023-05-09 21:38:14,OI311C8300,OI311C8300,417.0,0.0,0.0,0.0,12,379.0,385.5,2,417.0,372.5,0.0,0.0,0.0,0.0,78
2023-05-09 21:38:23,OI311C8300,OI311C8300,417.0,0.0,0.0,0.0,12,379.0,385.5,8,417.0,372.5,0.0,0.0,0.0,0.0,78
2023-05-09 21:38:24,OI311C8300,OI311C8300,417.0,0.0,0.0,0.0,36,378.5,385.5,8,417.0,372.5,0.0,0.0,0.0,0.0,78
2023-05-09 21:38:24,OI311C8300,OI311C8300,417.0,0.0,0.0,0.0,30,378.5,385.5,8,417.0,372.5,0.0,0.0,0.0,0.0,78
2023-05-09 21:38:25,OI311C8300,OI311C8300,417.0,0.0,0.0,0.0,24,378.5,385.5,8,417.0,372.5,0.0,0.0,0.0,0.0,78
2023-05-09 21:38:42,OI311C8300,OI311C8300,417.0,0.0,0.0,0.0,24,378.5,385.5,14,417.0,372.5,0.0,0.0,0.0,0.0,78
2023-05-09 21:38:45,OI311C8300,OI311C8300,417.0,0.0,0.0,0.0,12,378.5,385.5,26,417.0,372.5,0.0,0.0,0.0,0.0,78
2023-05-09 21:38:45,OI311C8300,OI311C8300,417.0,0.0,0.0,0.0,6,378.5,385.0,6,417.0,372.5,0.0,0.0,0.0,0.0,78
2023-05-09 21:38:46,OI311C8300,OI311C8300,417.0,0.0,0.0,0.0,24,378.0,383.5,2,417.0,372.5,0.0,0.0,0.0,0.0,78
2023-05-09 21:38:47,OI311C8300,OI311C8300,417.0,0.0,0.0,0.0,12,378.0,383.5,2,417.0,372.5,0.0,0.0,0.0,0.0,78
2023-05-09 21:39:06,OI311C8300,OI311C8300,417.0,0.0,0.0,0.0,6,378.0,383.5,2,417.0,372.5,0.0,0.0,0.0,0.0,78
2023-05-09 21:39:06,OI311C8300,OI311C8300,417.0,0.0,0.0,0.0,38,377.5,383.5,2,417.0,372.5,0.0,0.0,0.0,0.0,78
2023-05-09 21:39:07,OI311C8300,OI311C8300,417.0,0.0,0.0,0.0,32,377.5,383.5,2,417.0,372.5,0.0,0.0,0.0,0.0,78
2023-05-09 21:39:07,OI311C8300,OI311C8300,417.0,0.0,0.0,0.0,26,377.5,383.5,2,417.0,372.5,0.0,0.0,0.0,0.0,78
2023-05-09 21:39:09,OI311C8300,OI311C8300,417.0,0.0,0.0,0.0,14,377.5,383.5,2,417.0,372.5,0.0,0.0,0.0,0.0,78
2023-05-09 21:39:09,OI311C8300,OI311C8300,417.0,0.0,0.0,0.0,20,377.5,383.5,2,417.0,372.5,0.0,0.0,0.0,0.0,78
2023-05-09 21:39:09,OI311C8300,OI311C8300,417.0,0.0,0.0,0.0,14,377.5,383.5,2,417.0,372.5,0.0,0.0,0.0,0.0,78
2023-05-09 21:39:09,OI311C8300,OI311C8300,417.0,0.0,0.0,0.0,20,377.5,383.5,2,417.0,372.5,0.0,0.0,0.0,0.0,78
2023-05-09 21:39:19,OI311C8300,OI311C8300,417.0,0.0,0.0,0.0,14,377.5,383.5,2,417.0,372.5,0.0,0.0,0.0,0.0,78
2023-05-09 21:39:22,OI311C8300,OI311C8300,417.0,0.0,0.0,0.0,2,377.5,383.5,14,417.0,372.5,0.0,0.0,0.0,0.0,78
2023-05-09 21:39:24,OI311C8300,OI311C8300,417.0,0.0,0.0,0.0,2,377.5,383.5,20,417.0,372.5,0.0,0.0,0.0,0.0,78
2023-05-09 21:39:24,OI311C8300,OI311C8300,417.0,0.0,0.0,0.0,2,377.5,383.5,14,417.0,372.5,0.0,0.0,0.0,0.0,78
2023-05-09 21:39:31,OI311C8300,OI311C8300,417.0,0.0,0.0,0.0,2,377.5,383.5,2,417.0,372.5,0.0,0.0,0.0,0.0,78
2023-05-09 21:39:32,OI311C8300,OI311C8300,417.0,0.0,0.0,0.0,2,377.5,383.5,8,417.0,372.5,0.0,0.0,0.0,0.0,78
2023-05-09 21:39:33,OI311C8300,OI311C8300,417.0,0.0,0.0,0.0,2,377.5,383.5,2,417.0,372.5,0.0,0.0,0.0,0.0,78
2023-05-09 21:39:34,OI311C8300,OI311C8300,417.0,0.0,0.0,0.0,8,377.5,383.5,8,417.0,372.5,0.0,0.0,0.0,0.0,78
2023-05-09 21:39:35,OI311C8300,OI311C8300,417.0,0.0,0.0,0.0,20,377.5,383.5,8,417.0,372.5,0.0,0.0,0.0,0.0,78
2023-05-09 21:39:36,OI311C8300,OI311C8300,417.0,0.0,0.0,0.0,26,377.5,383.5,8,417.0,372.5,0.0,0.0,0.0,0.0,78
2023-05-09 21:39:57,OI311C8300,OI311C8300,417.0,0.0,0.0,0.0,26,377.5,383.5,2,417.0,372.5,0.0,0.0,0.0,0.0,78
2023-05-09 21:40:03,OI311C8300,OI311C8300,417.0,0.0,0.0,0.0,20,377.5,383.5,2,417.0,372.5,0.0,0.0,0.0,0.0,78
2023-05-09 21:40:04,OI311C8300,OI311C8300,417.0,0.0,0.0,0.0,26,377.5,383.5,2,417.0,372.5,0.0,0.0,0.0,0.0,78
2023-05-09 21:40:08,OI311C8300,OI311C8300,417.0,0.0,0.0,0.0,20,377.5,383.5,2,417.0,372.5,0.0,0.0,0.0,0.0,78
2023-05-09 21:40:11,OI311C8300,OI311C8300,417.0,0.0,0.0,0.0,20,377.5,383.5,8,417.0,372.5,0.0,0.0,0.0,0.0,78
2023-05-09 21:40:12,OI311C8300,OI311C8300,417.0,0.0,0.0,0.0,20,377.5,383.5,2,417.0,372.5,0.0,0.0,0.0,0.0,78
2023-05-09 21:40:20,OI311C8300,OI311C8300,417.0,0.0,0.0,0.0,20,377.5,383.5,8,417.0,372.5,0.0,0.0,0.0,0.0,78
2023-05-09 21:40:21,OI311C8300,OI311C8300,417.0,0.0,0.0,0.0,14,377.5,383.5,8,417.0,372.5,0.0,0.0,0.0,0.0,78
2023-05-09 21:40:37,OI311C8300,OI311C8300,417.0,0.0,0.0,0.0,6,377.0,383.5,20,417.0,372.5,0.0,0.0,0.0,0.0,78
2023-05-09 21:40:38,OI311C8300,OI311C8300,417.0,0.0,0.0,0.0,6,376.5,383.5,20,417.0,372.5,0.0,0.0,0.0,0.0,78
2023-05-09 21:40:39,OI311C8300,OI311C8300,417.0,0.0,0.0,0.0,18,376.0,383.5,20,417.0,372.5,0.0,0.0,0.0,0.0,78
2023-05-09 21:40:39,OI311C8300,OI311C8300,417.0,0.0,0.0,0.0,24,376.0,383.5,20,417.0,372.5,0.0,0.0,0.0,0.0,78
2023-05-09 21:40:40,OI311C8300,OI311C8300,417.0,0.0,0.0,0.0,18,376.0,383.5,20,417.0,372.5,0.0,0.0,0.0,0.0,78
2023-05-09 21:40:40,OI311C8300,OI311C8300,417.0,0.0,0.0,0.0,24,376.0,383.5,14,417.0,372.5,0.0,0.0,0.0,0.0,78
2023-05-09 21:40:46,OI311C8300,OI311C8300,417.0,0.0,0.0,0.0,24,376.0,383.5,20,417.0,372.5,0.0,0.0,0.0,0.0,78
2023-05-09 21:40:47,OI311C8300,OI311C8300,417.0,0.0,0.0,0.0,24,376.0,383.0,6,417.0,372.5,0.0,0.0,0.0,0.0,78
2023-05-09 21:40:49,OI311C8300,OI311C8300,417.0,0.0,0.0,0.0,30,376.0,383.0,12,417.0,372.5,0.0,0.0,0.0,0.0,78
2023-05-09 21:40:57,OI311C8300,OI311C8300,417.0,0.0,0.0,0.0,24,376.0,383.0,18,417.0,372.5,0.0,0.0,0.0,0.0,78
2023-05-09 21:40:59,OI311C8300,OI311C8300,417.0,0.0,0.0,0.0,24,376.0,382.0,6,417.0,372.5,0.0,0.0,0.0,0.0,78
2023-05-09 21:40:59,OI311C8300,OI311C8300,417.0,0.0,0.0,0.0,12,376.0,382.0,12,417.0,372.5,0.0,0.0,0.0,0.0,78
2023-05-09 21:41:00,OI311C8300,OI311C8300,417.0,0.0,0.0,0.0,18,376.0,382.0,6,417.0,372.5,0.0,0.0,0.0,0.0,78
2023-05-09 21:41:00,OI311C8300,OI311C8300,417.0,0.0,0.0,0.0,12,376.0,382.0,6,417.0,372.5,0.0,0.0,0.0,0.0,78
2023-05-09 21:41:02,OI311C8300,OI311C8300,417.0,0.0,0.0,0.0,12,376.0,382.0,12,417.0,372.5,0.0,0.0,0.0,0.0,78
2023-05-09 21:41:04,OI311C8300,OI311C8300,417.0,0.0,0.0,0.0,18,376.0,382.0,6,417.0,372.5,0.0,0.0,0.0,0.0,78
2023-05-09 21:41:06,OI311C8300,OI311C8300,417.0,0.0,0.0,0.0,12,376.0,382.0,12,417.0,372.5,0.0,0.0,0.0,0.0,78
2023-05-09 21:41:14,OI311C8300,OI311C8300,417.0,0.0,0.0,0.0,18,376.0,382.5,24,417.0,372.5,0.0,0.0,0.0,0.0,78
2023-05-09 21:41:15,OI311C8300,OI311C8300,417.0,0.0,0.0,0.0,18,376.0,382.5,18,417.0,372.5,0.0,0.0,0.0,0.0,78
2023-05-09 21:41:15,OI311C8300,OI311C8300,417.0,0.0,0.0,0.0,12,376.0,382.5,12,417.0,372.5,0.0,0.0,0.0,0.0,78
2023-05-09 21:41:34,OI311C8300,OI311C8300,417.0,0.0,0.0,0.0,12,376.0,382.5,18,417.0,372.5,0.0,0.0,0.0,0.0,78
2023-05-09 21:42:00,OI311C8300,OI311C8300,417.0,0.0,0.0,0.0,18,376.0,382.5,12,417.0,372.5,0.0,0.0,0.0,0.0,78
2023-05-09 21:42:00,OI311C8300,OI311C8300,417.0,0.0,0.0,0.0,24,376.0,382.5,12,417.0,372.5,0.0,0.0,0.0,0.0,78
2023-05-09 21:42:01,OI311C8300,OI311C8300,417.0,0.0,0.0,0.0,30,376.0,382.5,6,417.0,372.5,0.0,0.0,0.0,0.0,78
2023-05-09 21:42:02,OI311C8300,OI311C8300,417.0,0.0,0.0,0.0,36,376.0,383.0,12,417.0,372.5,0.0,0.0,0.0,0.0,78
2023-05-09 21:42:03,OI311C8300,OI311C8300,417.0,0.0,0.0,0.0,36,376.0,383.0,6,417.0,372.5,0.0,0.0,0.0,0.0,78
2023-05-09 21:42:20,OI311C8300,OI311C8300,417.0,0.0,0.0,0.0,30,376.0,382.0,6,417.0,372.5,0.0,0.0,0.0,0.0,78
2023-05-09 21:42:20,OI311C8300,OI311C8300,417.0,0.0,0.0,0.0,18,376.0,382.0,12,417.0,372.5,0.0,0.0,0.0,0.0,78
2023-05-09 21:42:21,OI311C8300,OI311C8300,417.0,0.0,0.0,0.0,24,376.0,382.0,6,417.0,372.5,0.0,0.0,0.0,0.0,78
2023-05-09 21:42:32,OI311C8300,OI311C8300,417.0,0.0,0.0,0.0,24,376.0,382.5,18,417.0,372.5,0.0,0.0,0.0,0.0,78
2023-05-09 21:42:32,OI311C8300,OI311C8300,417.0,0.0,0.0,0.0,30,376.0,382.5,12,417.0,372.5,0.0,0.0,0.0,0.0,78
2023-05-09 21:42:33,OI311C8300,OI311C8300,417.0,0.0,0.0,0.0,30,376.0,382.5,6,417.0,372.5,0.0,0.0,0.0,0.0,78
2023-05-09 21:42:37,OI311C8300,OI311C8300,417.0,0.0,0.0,0.0,36,376.0,383.0,12,417.0,372.5,0.0,0.0,0.0,0.0,78
2023-05-09 21:42:38,OI311C8300,OI311C8300,417.0,0.0,0.0,0.0,36,376.0,383.0,6,417.0,372.5,0.0,0.0,0.0,0.0,78
2023-05-09 21:42:43,OI311C8300,OI311C8300,417.0,0.0,0.0,0.0,2,377.0,383.0,6,417.0,372.5,0.0,0.0,0.0,0.0,78
2023-05-09 21:42:43,OI311C8300,OI311C8300,417.0,0.0,0.0,0.0,14,377.0,383.0,6,417.0,372.5,0.0,0.0,0.0,0.0,78
2023-05-09 21:42:43,OI311C8300,OI311C8300,417.0,0.0,0.0,0.0,20,377.0,383.5,8,417.0,372.5,0.0,0.0,0.0,0.0,78
2023-05-09 21:42:44,OI311C8300,OI311C8300,417.0,0.0,0.0,0.0,20,377.0,383.5,2,417.0,372.5,0.0,0.0,0.0,0.0,78
2023-05-09 21:42:45,OI311C8300,OI311C8300,417.0,0.0,0.0,0.0,26,377.0,383.5,2,417.0,372.5,0.0,0.0,0.0,0.0,78
2023-05-09 21:42:46,OI311C8300,OI311C8300,417.0,0.0,0.0,0.0,32,377.0,383.5,2,417.0,372.5,0.0,0.0,0.0,0.0,78
2023-05-09 21:42:52,OI311C8300,OI311C8300,417.0,0.0,0.0,0.0,38,377.0,383.5,2,417.0,372.5,0.0,0.0,0.0,0.0,78
2023-05-09 21:42:54,OI311C8300,OI311C8300,417.0,0.0,0.0,0.0,38,377.0,384.0,6,417.0,372.5,0.0,0.0,0.0,0.0,78
2023-05-09 21:42:55,OI311C8300,OI311C8300,417.0,0.0,0.0,0.0,38,377.0,384.5,6,417.0,372.5,0.0,0.0,0.0,0.0,78
2023-05-09 21:42:55,OI311C8300,OI311C8300,417.0,0.0,0.0,0.0,38,377.0,384.5,12,417.0,372.5,0.0,0.0,0.0,0.0,78
2023-05-09 21:42:56,OI311C8300,OI311C8300,417.0,0.0,0.0,0.0,38,377.0,384.5,6,417.0,372.5,0.0,0.0,0.0,0.0,78
2023-05-09 21:43:00,OI311C8300,OI311C8300,417.0,0.0,0.0,0.0,2,379.0,384.5,6,417.0,372.5,0.0,0.0,0.0,0.0,78
2023-05-09 21:43:00,OI311C8300,OI311C8300,417.0,0.0,0.0,0.0,8,379.0,384.5,6,417.0,372.5,0.0,0.0,0.0,0.0,78
2023-05-09 21:43:01,OI311C8300,OI311C8300,417.0,0.0,0.0,0.0,20,379.0,385.0,12,417.0,372.5,0.0,0.0,0.0,0.0,78
2023-05-09 21:43:02,OI311C8300,OI311C8300,417.0,0.0,0.0,0.0,20,379.0,385.0,6,417.0,372.5,0.0,0.0,0.0,0.0,78
2023-05-09 21:43:02,OI311C8300,OI311C8300,417.0,0.0,0.0,0.0,20,379.0,385.5,8,417.0,372.5,0.0,0.0,0.0,0.0,78
2023-05-09 21:43:03,OI311C8300,OI311C8300,417.0,0.0,0.0,0.0,20,379.0,385.5,2,417.0,372.5,0.0,0.0,0.0,0.0,78
2023-05-09 21:43:09,OI311C8300,OI311C8300,417.0,0.0,0.0,0.0,26,379.0,385.5,8,417.0,372.5,0.0,0.0,0.0,0.0,78
2023-05-09 21:43:09,OI311C8300,OI311C8300,417.0,0.0,0.0,0.0,26,379.0,384.5,6,417.0,372.5,0.0,0.0,0.0,0.0,78
2023-05-09 21:43:11,OI311C8300,OI311C8300,417.0,0.0,0.0,0.0,20,379.0,384.5,6,417.0,372.5,0.0,0.0,0.0,0.0,78
2023-05-09 21:43:18,OI311C8300,OI311C8300,417.0,0.0,0.0,0.0,20,379.0,384.5,12,417.0,372.5,0.0,0.0,0.0,0.0,78
2023-05-09 21:43:19,OI311C8300,OI311C8300,417.0,0.0,0.0,0.0,14,379.0,384.5,12,417.0,372.5,0.0,0.0,0.0,0.0,78
2023-05-09 21:43:20,OI311C8300,OI311C8300,417.0,0.0,0.0,0.0,2,379.0,384.5,12,417.0,372.5,0.0,0.0,0.0,0.0,78
2023-05-09 21:43:25,OI311C8300,OI311C8300,417.0,0.0,0.0,0.0,6,378.5,384.5,18,417.0,372.5,0.0,0.0,0.0,0.0,78
2023-05-09 21:43:26,OI311C8300,OI311C8300,417.0,0.0,0.0,0.0,18,377.5,384.5,18,417.0,372.5,0.0,0.0,0.0,0.0,78
2023-05-09 21:43:26,OI311C8300,OI311C8300,417.0,0.0,0.0,0.0,6,378.0,384.5,12,417.0,372.5,0.0,0.0,0.0,0.0,78
2023-05-09 21:43:27,OI311C8300,OI311C8300,417.0,0.0,0.0,0.0,18,377.5,384.5,12,417.0,372.5,0.0,0.0,0.0,0.0,78
2023-05-09 21:43:27,OI311C8300,OI311C8300,417.0,0.0,0.0,0.0,24,377.5,384.5,12,417.0,372.5,0.0,0.0,0.0,0.0,78
2023-05-09 21:43:28,OI311C8300,OI311C8300,417.0,0.0,0.0,0.0,18,377.5,384.5,12,417.0,372.5,0.0,0.0,0.0,0.0,78
2023-05-09 21:43:29,OI311C8300,OI311C8300,417.0,0.0,0.0,0.0,18,377.5,384.5,24,417.0,372.5,0.0,0.0,0.0,0.0,78
2023-05-09 21:43:31,OI311C8300,OI311C8300,417.0,0.0,0.0,0.0,18,377.5,383.0,2,417.0,372.5,0.0,0.0,0.0,0.0,78
2023-05-09 21:43:32,OI311C8300,OI311C8300,417.0,0.0,0.0,0.0,18,377.5,383.0,8,417.0,372.5,0.0,0.0,0.0,0.0,78
2023-05-09 21:43:38,OI311C8300,OI311C8300,417.0,0.0,0.0,0.0,18,377.5,383.0,2,417.0,372.5,0.0,0.0,0.0,0.0,78
2023-05-09 21:43:48,OI311C8300,OI311C8300,417.0,0.0,0.0,0.0,18,377.5,383.0,8,417.0,372.5,0.0,0.0,0.0,0.0,78
2023-05-09 21:43:48,OI311C8300,OI311C8300,417.0,0.0,0.0,0.0,18,377.5,383.0,2,417.0,372.5,0.0,0.0,0.0,0.0,78
2023-05-09 21:43:51,OI311C8300,OI311C8300,417.0,0.0,0.0,0.0,24,377.5,383.0,2,417.0,372.5,0.0,0.0,0.0,0.0,78
2023-05-09 21:44:02,OI311C8300,OI311C8300,417.0,0.0,0.0,0.0,30,377.5,383.0,2,417.0,372.5,0.0,0.0,0.0,0.0,78
2023-05-09 21:44:07,OI311C8300,OI311C8300,417.0,0.0,0.0,0.0,36,377.5,383.5,12,417.0,372.5,0.0,0.0,0.0,0.0,78
2023-05-09 21:44:07,OI311C8300,OI311C8300,417.0,0.0,0.0,0.0,36,377.5,383.5,6,417.0,372.5,0.0,0.0,0.0,0.0,78
2023-05-09 21:44:08,OI311C8300,OI311C8300,417.0,0.0,0.0,0.0,36,377.5,384.0,6,417.0,372.5,0.0,0.0,0.0,0.0,78
2023-05-09 21:44:09,OI311C8300,OI311C8300,417.0,0.0,0.0,0.0,36,377.5,384.5,6,417.0,372.5,0.0,0.0,0.0,0.0,78
2023-05-09 21:44:09,OI311C8300,OI311C8300,417.0,0.0,0.0,0.0,36,377.5,384.5,12,417.0,372.5,0.0,0.0,0.0,0.0,78
2023-05-09 21:44:10,OI311C8300,OI311C8300,417.0,0.0,0.0,0.0,36,377.5,384.5,6,417.0,372.5,0.0,0.0,0.0,0.0,78
2023-05-09 21:44:13,OI311C8300,OI311C8300,417.0,0.0,0.0,0.0,12,378.0,385.0,6,417.0,372.5,0.0,0.0,0.0,0.0,78
2023-05-09 21:44:13,OI311C8300,OI311C8300,417.0,0.0,0.0,0.0,18,378.0,385.5,14,417.0,372.5,0.0,0.0,0.0,0.0,78
2023-05-09 21:44:14,OI311C8300,OI311C8300,417.0,0.0,0.0,0.0,18,378.0,385.5,8,417.0,372.5,0.0,0.0,0.0,0.0,78
2023-05-09 21:44:19,OI311C8300,OI311C8300,417.0,0.0,0.0,0.0,18,378.0,385.5,14,417.0,372.5,0.0,0.0,0.0,0.0,78
2023-05-09 21:44:19,OI311C8300,OI311C8300,417.0,0.0,0.0,0.0,18,378.0,384.5,6,417.0,372.5,0.0,0.0,0.0,0.0,78
2023-05-09 21:44:22,OI311C8300,OI311C8300,417.0,0.0,0.0,0.0,42,377.5,384.5,18,417.0,372.5,0.0,0.0,0.0,0.0,78
2023-05-09 21:44:22,OI311C8300,OI311C8300,417.0,0.0,0.0,0.0,36,377.5,384.5,18,417.0,372.5,0.0,0.0,0.0,0.0,78
2023-05-09 21:44:22,OI311C8300,OI311C8300,417.0,0.0,0.0,0.0,24,377.5,384.5,18,417.0,372.5,0.0,0.0,0.0,0.0,78
2023-05-09 21:44:25,OI311C8300,OI311C8300,417.0,0.0,0.0,0.0,24,377.5,384.5,24,417.0,372.5,0.0,0.0,0.0,0.0,78
2023-05-09 21:44:26,OI311C8300,OI311C8300,417.0,0.0,0.0,0.0,24,377.5,384.5,18,417.0,372.5,0.0,0.0,0.0,0.0,78
2023-05-09 21:44:28,OI311C8300,OI311C8300,417.0,0.0,0.0,0.0,18,377.5,384.5,18,417.0,372.5,0.0,0.0,0.0,0.0,78
2023-05-09 21:44:30,OI311C8300,OI311C8300,417.0,0.0,0.0,0.0,12,377.5,383.5,2,417.0,372.5,0.0,0.0,0.0,0.0,78
2023-05-09 21:44:30,OI311C8300,OI311C8300,417.0,0.0,0.0,0.0,12,377.5,383.5,8,417.0,372.5,0.0,0.0,0.0,0.0,78
2023-05-09 21:44:31,OI311C8300,OI311C8300,417.0,0.0,0.0,0.0,6,377.5,383.5,8,417.0,372.5,0.0,0.0,0.0,0.0,78
2023-05-09 21:44:32,OI311C8300,OI311C8300,417.0,0.0,0.0,0.0,20,377.0,383.5,8,417.0,372.5,0.0,0.0,0.0,0.0,78
2023-05-09 21:44:33,OI311C8300,OI311C8300,417.0,0.0,0.0,0.0,14,377.0,383.5,8,417.0,372.5,0.0,0.0,0.0,0.0,78
2023-05-09 21:44:37,OI311C8300,OI311C8300,417.0,0.0,0.0,0.0,20,377.0,383.5,2,417.0,372.5,0.0,0.0,0.0,0.0,78
2023-05-09 21:44:39,OI311C8300,OI311C8300,417.0,0.0,0.0,0.0,14,377.0,383.5,8,417.0,372.5,0.0,0.0,0.0,0.0,78
2023-05-09 21:44:40,OI311C8300,OI311C8300,417.0,0.0,0.0,0.0,20,377.0,383.5,2,417.0,372.5,0.0,0.0,0.0,0.0,78
2023-05-09 21:45:00,OI311C8300,OI311C8300,417.0,0.0,0.0,0.0,6,377.5,383.5,2,417.0,372.5,0.0,0.0,0.0,0.0,78
2023-05-09 21:45:00,OI311C8300,OI311C8300,417.0,0.0,0.0,0.0,18,377.5,383.5,2,417.0,372.5,0.0,0.0,0.0,0.0,78
2023-05-09 21:45:06,OI311C8300,OI311C8300,417.0,0.0,0.0,0.0,12,377.5,383.5,2,417.0,372.5,0.0,0.0,0.0,0.0,78
2023-05-09 21:45:08,OI311C8300,OI311C8300,417.0,0.0,0.0,0.0,12,377.5,383.5,8,417.0,372.5,0.0,0.0,0.0,0.0,78
2023-05-09 21:45:16,OI311C8300,OI311C8300,417.0,0.0,0.0,0.0,6,377.5,383.5,20,417.0,372.5,0.0,0.0,0.0,0.0,78
2023-05-09 21:45:17,OI311C8300,OI311C8300,417.0,0.0,0.0,0.0,20,377.0,383.5,20,417.0,372.5,0.0,0.0,0.0,0.0,78
2023-05-09 21:45:18,OI311C8300,OI311C8300,417.0,0.0,0.0,0.0,14,377.0,383.5,20,417.0,372.5,0.0,0.0,0.0,0.0,78
2023-05-09 21:45:20,OI311C8300,OI311C8300,417.0,0.0,0.0,0.0,8,377.0,383.5,20,417.0,372.5,0.0,0.0,0.0,0.0,78
2023-05-09 21:45:27,OI311C8300,OI311C8300,417.0,0.0,0.0,0.0,8,377.0,383.0,12,417.0,372.5,0.0,0.0,0.0,0.0,78
2023-05-09 21:45:29,OI311C8300,OI311C8300,417.0,0.0,0.0,0.0,6,377.0,383.0,18,417.0,372.5,0.0,0.0,0.0,0.0,78
2023-05-09 21:45:29,OI311C8300,OI311C8300,417.0,0.0,0.0,0.0,12,376.5,383.0,24,417.0,372.5,0.0,0.0,0.0,0.0,78
2023-05-09 21:45:30,OI311C8300,OI311C8300,417.0,0.0,0.0,0.0,6,376.5,382.5,6,417.0,372.5,0.0,0.0,0.0,0.0,78
2023-05-09 21:45:30,OI311C8300,OI311C8300,417.0,0.0,0.0,0.0,6,376.0,381.0,2,417.0,372.5,0.0,0.0,0.0,0.0,78
2023-05-09 21:45:31,OI311C8300,OI311C8300,417.0,0.0,0.0,0.0,6,376.0,381.0,8,417.0,372.5,0.0,0.0,0.0,0.0,78
2023-05-09 21:45:31,OI311C8300,OI311C8300,417.0,0.0,0.0,0.0,12,375.5,381.0,8,417.0,372.5,0.0,0.0,0.0,0.0,78
2023-05-09 21:45:33,OI311C8300,OI311C8300,417.0,0.0,0.0,0.0,18,375.0,381.0,8,417.0,372.5,0.0,0.0,0.0,0.0,78
2023-05-09 21:45:33,OI311C8300,OI311C8300,417.0,0.0,0.0,0.0,12,375.0,381.0,8,417.0,372.5,0.0,0.0,0.0,0.0,78
2023-05-09 21:45:34,OI311C8300,OI311C8300,417.0,0.0,0.0,0.0,24,374.5,381.0,8,417.0,372.5,0.0,0.0,0.0,0.0,78
2023-05-09 21:45:34,OI311C8300,OI311C8300,417.0,0.0,0.0,0.0,18,374.5,381.0,8,417.0,372.5,0.0,0.0,0.0,0.0,78
2023-05-09 21:45:34,OI311C8300,OI311C8300,417.0,0.0,0.0,0.0,12,374.5,381.0,8,417.0,372.5,0.0,0.0,0.0,0.0,78
2023-05-09 21:45:35,OI311C8300,OI311C8300,417.0,0.0,0.0,0.0,12,374.5,381.0,14,417.0,372.5,0.0,0.0,0.0,0.0,78
2023-05-09 21:45:37,OI311C8300,OI311C8300,417.0,0.0,0.0,0.0,6,374.5,381.0,20,417.0,372.5,0.0,0.0,0.0,0.0,78
2023-05-09 21:45:38,OI311C8300,OI311C8300,417.0,0.0,0.0,0.0,24,374.0,381.0,14,417.0,372.5,0.0,0.0,0.0,0.0,78
2023-05-09 21:45:39,OI311C8300,OI311C8300,417.0,0.0,0.0,0.0,18,374.0,381.0,14,417.0,372.5,0.0,0.0,0.0,0.0,78
2023-05-09 21:45:44,OI311C8300,OI311C8300,417.0,0.0,0.0,0.0,24,374.0,381.0,8,417.0,372.5,0.0,0.0,0.0,0.0,78
2023-05-09 21:45:47,OI311C8300,OI311C8300,417.0,0.0,0.0,0.0,2,375.0,381.0,2,417.0,372.5,0.0,0.0,0.0,0.0,78
2023-05-09 21:45:48,OI311C8300,OI311C8300,417.0,0.0,0.0,0.0,14,375.0,381.0,2,417.0,372.5,0.0,0.0,0.0,0.0,78
2023-05-09 21:45:54,OI311C8300,OI311C8300,417.0,0.0,0.0,0.0,20,375.0,381.0,2,417.0,372.5,0.0,0.0,0.0,0.0,78
2023-05-09 21:46:07,OI311C8300,OI311C8300,417.0,0.0,0.0,0.0,20,375.0,381.5,6,417.0,372.5,0.0,0.0,0.0,0.0,78
2023-05-09 21:46:08,OI311C8300,OI311C8300,417.0,0.0,0.0,0.0,20,375.0,382.5,12,417.0,372.5,0.0,0.0,0.0,0.0,78
2023-05-09 21:46:09,OI311C8300,OI311C8300,417.0,0.0,0.0,0.0,20,375.0,382.0,6,417.0,372.5,0.0,0.0,0.0,0.0,78
2023-05-09 21:46:09,OI311C8300,OI311C8300,417.0,0.0,0.0,0.0,20,375.0,382.5,12,417.0,372.5,0.0,0.0,0.0,0.0,78
2023-05-09 21:46:10,OI311C8300,OI311C8300,417.0,0.0,0.0,0.0,20,375.0,382.5,18,417.0,372.5,0.0,0.0,0.0,0.0,78
2023-05-09 21:46:10,OI311C8300,OI311C8300,417.0,0.0,0.0,0.0,20,375.0,382.5,12,417.0,372.5,0.0,0.0,0.0,0.0,78
2023-05-09 21:46:14,OI311C8300,OI311C8300,417.0,0.0,0.0,0.0,20,375.0,382.5,18,417.0,372.5,0.0,0.0,0.0,0.0,78
2023-05-09 21:46:23,OI311C8300,OI311C8300,417.0,0.0,0.0,0.0,26,375.0,382.5,18,417.0,372.5,0.0,0.0,0.0,0.0,78
2023-05-09 21:46:23,OI311C8300,OI311C8300,417.0,0.0,0.0,0.0,26,375.0,381.5,6,417.0,372.5,0.0,0.0,0.0,0.0,78
2023-05-09 21:46:25,OI311C8300,OI311C8300,417.0,0.0,0.0,0.0,20,375.0,381.5,12,417.0,372.5,0.0,0.0,0.0,0.0,78
2023-05-09 21:46:29,OI311C8300,OI311C8300,417.0,0.0,0.0,0.0,20,375.0,381.5,14,417.0,372.5,0.0,0.0,0.0,0.0,78
2023-05-09 21:46:31,OI311C8300,OI311C8300,417.0,0.0,0.0,0.0,20,375.0,381.5,20,417.0,372.5,0.0,0.0,0.0,0.0,78
2023-05-09 21:46:33,OI311C8300,OI311C8300,417.0,0.0,0.0,0.0,14,375.0,381.5,26,417.0,372.5,0.0,0.0,0.0,0.0,78
2023-05-09 21:46:36,OI311C8300,OI311C8300,417.0,0.0,0.0,0.0,20,375.0,381.5,20,417.0,372.5,0.0,0.0,0.0,0.0,78
2023-05-09 21:46:39,OI311C8300,OI311C8300,417.0,0.0,0.0,0.0,14,375.0,381.5,26,417.0,372.5,0.0,0.0,0.0,0.0,78
2023-05-09 21:46:40,OI311C8300,OI311C8300,417.0,0.0,0.0,0.0,2,375.0,380.5,6,417.0,372.5,0.0,0.0,0.0,0.0,78
2023-05-09 21:46:41,OI311C8300,OI311C8300,417.0,0.0,0.0,0.0,6,374.5,380.5,24,417.0,372.5,0.0,0.0,0.0,0.0,78
2023-05-09 21:46:41,OI311C8300,OI311C8300,417.0,0.0,0.0,0.0,6,374.5,380.5,36,417.0,372.5,0.0,0.0,0.0,0.0,78
2023-05-09 21:46:42,OI311C8300,OI311C8300,417.0,0.0,0.0,0.0,26,373.0,379.0,6,417.0,372.5,0.0,0.0,0.0,0.0,78
2023-05-09 21:46:42,OI311C8300,OI311C8300,417.0,0.0,0.0,0.0,6,374.0,379.0,14,417.0,372.5,0.0,0.0,0.0,0.0,78
2023-05-09 21:46:43,OI311C8300,OI311C8300,417.0,0.0,0.0,0.0,8,373.0,379.0,14,417.0,372.5,0.0,0.0,0.0,0.0,78
2023-05-09 21:46:43,OI311C8300,OI311C8300,417.0,0.0,0.0,0.0,6,373.5,379.0,8,417.0,372.5,0.0,0.0,0.0,0.0,78
2023-05-09 21:46:44,OI311C8300,OI311C8300,417.0,0.0,0.0,0.0,14,373.0,379.0,8,417.0,372.5,0.0,0.0,0.0,0.0,78
2023-05-09 21:46:44,OI311C8300,OI311C8300,417.0,0.0,0.0,0.0,26,373.0,379.0,14,417.0,372.5,0.0,0.0,0.0,0.0,78
2023-05-09 21:46:44,OI311C8300,OI311C8300,417.0,0.0,0.0,0.0,20,373.0,379.0,14,417.0,372.5,0.0,0.0,0.0,0.0,78
2023-05-09 21:46:46,OI311C8300,OI311C8300,417.0,0.0,0.0,0.0,20,373.0,379.0,8,417.0,372.5,0.0,0.0,0.0,0.0,78
2023-05-09 21:46:47,OI311C8300,OI311C8300,417.0,0.0,0.0,0.0,26,373.0,379.0,8,417.0,372.5,0.0,0.0,0.0,0.0,78
2023-05-09 21:46:50,OI311C8300,OI311C8300,417.0,0.0,0.0,0.0,20,373.0,379.0,8,417.0,372.5,0.0,0.0,0.0,0.0,78
2023-05-09 21:46:52,OI311C8300,OI311C8300,417.0,0.0,0.0,0.0,20,373.0,379.0,14,417.0,372.5,0.0,0.0,0.0,0.0,78
2023-05-09 21:47:00,OI311C8300,OI311C8300,417.0,0.0,0.0,0.0,26,373.0,379.0,8,417.0,372.5,0.0,0.0,0.0,0.0,78
2023-05-09 21:47:01,OI311C8300,OI311C8300,417.0,0.0,0.0,0.0,32,373.0,379.0,2,417.0,372.5,0.0,0.0,0.0,0.0,78
2023-05-09 21:47:05,OI311C8300,OI311C8300,417.0,0.0,0.0,0.0,6,373.5,379.0,2,417.0,372.5,0.0,0.0,0.0,0.0,78
2023-05-09 21:47:05,OI311C8300,OI311C8300,417.0,0.0,0.0,0.0,18,373.5,379.0,2,417.0,372.5,0.0,0.0,0.0,0.0,78
2023-05-09 21:47:07,OI311C8300,OI311C8300,417.0,0.0,0.0,0.0,24,373.5,379.0,2,417.0,372.5,0.0,0.0,0.0,0.0,78
2023-05-09 21:47:09,OI311C8300,OI311C8300,417.0,0.0,0.0,0.0,24,373.5,379.5,12,417.0,372.5,0.0,0.0,0.0,0.0,78
2023-05-09 21:47:09,OI311C8300,OI311C8300,417.0,0.0,0.0,0.0,24,373.5,379.5,6,417.0,372.5,0.0,0.0,0.0,0.0,78
2023-05-09 21:47:09,OI311C8300,OI311C8300,417.0,0.0,0.0,0.0,24,373.5,380.0,6,417.0,372.5,0.0,0.0,0.0,0.0,78
2023-05-09 21:47:11,OI311C8300,OI311C8300,417.0,0.0,0.0,0.0,24,373.5,381.0,6,417.0,372.5,0.0,0.0,0.0,0.0,78
2023-05-09 21:47:11,OI311C8300,OI311C8300,417.0,0.0,0.0,0.0,24,373.5,380.5,6,417.0,372.5,0.0,0.0,0.0,0.0,78
2023-05-09 21:47:12,OI311C8300,OI311C8300,417.0,0.0,0.0,0.0,18,373.5,381.5,20,417.0,372.5,0.0,0.0,0.0,0.0,78
2023-05-09 21:47:12,OI311C8300,OI311C8300,417.0,0.0,0.0,0.0,30,373.5,381.0,6,417.0,372.5,0.0,0.0,0.0,0.0,78
2023-05-09 21:47:12,OI311C8300,OI311C8300,417.0,0.0,0.0,0.0,30,373.5,381.5,20,417.0,372.5,0.0,0.0,0.0,0.0,78
2023-05-09 21:47:13,OI311C8300,OI311C8300,417.0,0.0,0.0,0.0,30,373.5,381.5,26,417.0,372.5,0.0,0.0,0.0,0.0,78
2023-05-09 21:47:13,OI311C8300,OI311C8300,417.0,0.0,0.0,0.0,30,373.5,381.5,20,417.0,372.5,0.0,0.0,0.0,0.0,78
2023-05-09 21:47:28,OI311C8300,OI311C8300,417.0,0.0,0.0,0.0,36,373.5,381.5,20,417.0,372.5,0.0,0.0,0.0,0.0,78
2023-05-09 21:47:36,OI311C8300,OI311C8300,417.0,0.0,0.0,0.0,8,375.0,381.5,20,417.0,372.5,0.0,0.0,0.0,0.0,78
2023-05-09 21:47:36,OI311C8300,OI311C8300,417.0,0.0,0.0,0.0,20,375.0,381.5,8,417.0,372.5,0.0,0.0,0.0,0.0,78
2023-05-09 21:47:38,OI311C8300,OI311C8300,417.0,0.0,0.0,0.0,26,375.0,381.5,8,417.0,372.5,0.0,0.0,0.0,0.0,78
2023-05-09 21:48:00,OI311C8300,OI311C8300,417.0,0.0,0.0,0.0,20,375.0,381.5,14,417.0,372.5,0.0,0.0,0.0,0.0,78
2023-05-09 21:48:08,OI311C8300,OI311C8300,417.0,0.0,0.0,0.0,14,375.0,381.5,20,417.0,372.5,0.0,0.0,0.0,0.0,78
2023-05-09 21:48:19,OI311C8300,OI311C8300,417.0,0.0,0.0,0.0,14,375.0,381.5,14,417.0,372.5,0.0,0.0,0.0,0.0,78
2023-05-09 21:48:29,OI311C8300,OI311C8300,417.0,0.0,0.0,0.0,8,375.0,381.5,20,417.0,372.5,0.0,0.0,0.0,0.0,78
2023-05-09 21:48:39,OI311C8300,OI311C8300,417.0,0.0,0.0,0.0,8,375.0,381.5,26,417.0,372.5,0.0,0.0,0.0,0.0,78
2023-05-09 21:48:39,OI311C8300,OI311C8300,417.0,0.0,0.0,0.0,14,375.0,381.5,20,417.0,372.5,0.0,0.0,0.0,0.0,78
2023-05-09 21:48:41,OI311C8300,OI311C8300,417.0,0.0,0.0,0.0,20,375.0,381.5,14,417.0,372.5,0.0,0.0,0.0,0.0,78
2023-05-09 21:48:41,OI311C8300,OI311C8300,417.0,0.0,0.0,0.0,26,375.0,381.5,14,417.0,372.5,0.0,0.0,0.0,0.0,78
2023-05-09 21:48:42,OI311C8300,OI311C8300,417.0,0.0,0.0,0.0,26,375.0,381.5,8,417.0,372.5,0.0,0.0,0.0,0.0,78
2023-05-09 21:48:53,OI311C8300,OI311C8300,417.0,0.0,0.0,0.0,26,375.0,381.5,14,417.0,372.5,0.0,0.0,0.0,0.0,78
2023-05-09 21:49:30,OI311C8300,OI311C8300,417.0,0.0,0.0,0.0,32,375.0,381.5,2,417.0,372.5,0.0,0.0,0.0,0.0,78
2023-05-09 21:49:34,OI311C8300,OI311C8300,417.0,0.0,0.0,0.0,32,375.0,381.5,8,417.0,372.5,0.0,0.0,0.0,0.0,78
2023-05-09 21:49:39,OI311C8300,OI311C8300,417.0,0.0,0.0,0.0,20,375.0,381.5,32,417.0,372.5,0.0,0.0,0.0,0.0,78
2023-05-09 21:49:42,OI311C8300,OI311C8300,417.0,0.0,0.0,0.0,20,375.0,381.5,26,417.0,372.5,0.0,0.0,0.0,0.0,78
2023-05-09 21:49:50,OI311C8300,OI311C8300,417.0,0.0,0.0,0.0,20,375.0,381.5,20,417.0,372.5,0.0,0.0,0.0,0.0,78
2023-05-09 21:50:02,OI311C8300,OI311C8300,417.0,0.0,0.0,0.0,26,375.0,381.5,14,417.0,372.5,0.0,0.0,0.0,0.0,78
2023-05-09 21:50:10,OI311C8300,OI311C8300,417.0,0.0,0.0,0.0,26,375.0,381.5,8,417.0,372.5,0.0,0.0,0.0,0.0,78
2023-05-09 21:50:11,OI311C8300,OI311C8300,417.0,0.0,0.0,0.0,32,375.0,381.5,2,417.0,372.5,0.0,0.0,0.0,0.0,78
2023-05-09 21:50:12,OI311C8300,OI311C8300,417.0,0.0,0.0,0.0,6,375.5,382.0,12,417.0,372.5,0.0,0.0,0.0,0.0,78
2023-05-09 21:50:13,OI311C8300,OI311C8300,417.0,0.0,0.0,0.0,12,376.0,382.0,6,417.0,372.5,0.0,0.0,0.0,0.0,78
2023-05-09 21:50:13,OI311C8300,OI311C8300,417.0,0.0,0.0,0.0,8,377.0,382.5,6,417.0,372.5,0.0,0.0,0.0,0.0,78
2023-05-09 21:50:13,OI311C8300,OI311C8300,417.0,0.0,0.0,0.0,20,377.0,382.5,6,417.0,372.5,0.0,0.0,0.0,0.0,78
2023-05-09 21:50:14,OI311C8300,OI311C8300,417.0,0.0,0.0,0.0,26,377.0,383.5,2,417.0,372.5,0.0,0.0,0.0,0.0,78
2023-05-09 21:50:14,OI311C8300,OI311C8300,417.0,0.0,0.0,0.0,26,377.0,383.0,6,417.0,372.5,0.0,0.0,0.0,0.0,78
2023-05-09 21:50:15,OI311C8300,OI311C8300,417.0,0.0,0.0,0.0,26,377.0,383.5,2,417.0,372.5,0.0,0.0,0.0,0.0,78
2023-05-09 21:50:15,OI311C8300,OI311C8300,417.0,0.0,0.0,0.0,26,377.0,383.5,8,417.0,372.5,0.0,0.0,0.0,0.0,78
2023-05-09 21:50:16,OI311C8300,OI311C8300,417.0,0.0,0.0,0.0,26,377.0,383.5,2,417.0,372.5,0.0,0.0,0.0,0.0,78
2023-05-09 21:50:31,OI311C8300,OI311C8300,417.0,0.0,0.0,0.0,6,377.5,383.5,2,417.0,372.5,0.0,0.0,0.0,0.0,78
2023-05-09 21:50:33,OI311C8300,OI311C8300,417.0,0.0,0.0,0.0,12,377.5,383.5,2,417.0,372.5,0.0,0.0,0.0,0.0,78
2023-05-09 21:50:35,OI311C8300,OI311C8300,417.0,0.0,0.0,0.0,18,377.5,383.5,2,417.0,372.5,0.0,0.0,0.0,0.0,78
2023-05-09 21:50:35,OI311C8300,OI311C8300,417.0,0.0,0.0,0.0,2,379.0,384.0,12,417.0,372.5,0.0,0.0,0.0,0.0,78
2023-05-09 21:50:36,OI311C8300,OI311C8300,417.0,0.0,0.0,0.0,14,379.0,384.0,6,417.0,372.5,0.0,0.0,0.0,0.0,78
2023-05-09 21:50:36,OI311C8300,OI311C8300,417.0,0.0,0.0,0.0,14,379.0,384.5,6,417.0,372.5,0.0,0.0,0.0,0.0,78
2023-05-09 21:50:37,OI311C8300,OI311C8300,417.0,0.0,0.0,0.0,20,379.0,385.5,6,417.0,372.5,0.0,0.0,0.0,0.0,78
2023-05-09 21:50:37,OI311C8300,OI311C8300,417.0,0.0,0.0,0.0,26,379.0,385.0,6,417.0,372.5,0.0,0.0,0.0,0.0,78
2023-05-09 21:50:38,OI311C8300,OI311C8300,417.0,0.0,0.0,0.0,26,379.0,385.5,6,417.0,372.5,0.0,0.0,0.0,0.0,78
2023-05-09 21:50:38,OI311C8300,OI311C8300,417.0,0.0,0.0,0.0,26,379.0,385.5,12,417.0,372.5,0.0,0.0,0.0,0.0,78
2023-05-09 21:50:39,OI311C8300,OI311C8300,417.0,0.0,0.0,0.0,26,379.0,385.5,6,417.0,372.5,0.0,0.0,0.0,0.0,78
2023-05-09 21:51:00,OI311C8300,OI311C8300,417.0,0.0,0.0,0.0,26,379.0,386.0,12,417.0,372.5,0.0,0.0,0.0,0.0,78
2023-05-09 21:51:00,OI311C8300,OI311C8300,417.0,0.0,0.0,0.0,26,379.0,386.0,6,417.0,372.5,0.0,0.0,0.0,0.0,78
2023-05-09 21:51:01,OI311C8300,OI311C8300,417.0,0.0,0.0,0.0,26,379.0,386.5,14,417.0,372.5,0.0,0.0,0.0,0.0,78
2023-05-09 21:51:02,OI311C8300,OI311C8300,417.0,0.0,0.0,0.0,26,379.0,386.5,8,417.0,372.5,0.0,0.0,0.0,0.0,78
2023-05-09 21:51:03,OI311C8300,OI311C8300,417.0,0.0,0.0,0.0,26,379.0,385.5,6,417.0,372.5,0.0,0.0,0.0,0.0,78
2023-05-09 21:51:07,OI311C8300,OI311C8300,417.0,0.0,0.0,0.0,26,379.0,386.0,12,417.0,372.5,0.0,0.0,0.0,0.0,78
2023-05-09 21:51:07,OI311C8300,OI311C8300,417.0,0.0,0.0,0.0,26,379.0,386.0,6,417.0,372.5,0.0,0.0,0.0,0.0,78
2023-05-09 21:51:08,OI311C8300,OI311C8300,417.0,0.0,0.0,0.0,26,379.0,386.5,14,417.0,372.5,0.0,0.0,0.0,0.0,78
2023-05-09 21:51:14,OI311C8300,OI311C8300,417.0,0.0,0.0,0.0,26,379.0,385.5,6,417.0,372.5,0.0,0.0,0.0,0.0,78
2023-05-09 21:51:14,OI311C8300,OI311C8300,417.0,0.0,0.0,0.0,26,379.0,386.0,6,417.0,372.5,0.0,0.0,0.0,0.0,78
2023-05-09 21:51:15,OI311C8300,OI311C8300,417.0,0.0,0.0,0.0,26,379.0,386.0,12,417.0,372.5,0.0,0.0,0.0,0.0,78
2023-05-09 21:51:15,OI311C8300,OI311C8300,417.0,0.0,0.0,0.0,26,379.0,386.5,8,417.0,372.5,0.0,0.0,0.0,0.0,78
2023-05-09 21:51:16,OI311C8300,OI311C8300,417.0,0.0,0.0,0.0,26,379.0,386.5,14,417.0,372.5,0.0,0.0,0.0,0.0,78
2023-05-09 21:51:16,OI311C8300,OI311C8300,417.0,0.0,0.0,0.0,26,379.0,386.5,8,417.0,372.5,0.0,0.0,0.0,0.0,78
2023-05-09 21:51:49,OI311C8300,OI311C8300,417.0,0.0,0.0,0.0,26,379.0,385.5,6,417.0,372.5,0.0,0.0,0.0,0.0,78
2023-05-09 21:51:50,OI311C8300,OI311C8300,417.0,0.0,0.0,0.0,20,379.0,385.5,6,417.0,372.5,0.0,0.0,0.0,0.0,78
2023-05-09 21:52:01,OI311C8300,OI311C8300,417.0,0.0,0.0,0.0,20,379.0,386.0,6,417.0,372.5,0.0,0.0,0.0,0.0,78
2023-05-09 21:52:02,OI311C8300,OI311C8300,417.0,0.0,0.0,0.0,14,379.0,386.5,20,417.0,372.5,0.0,0.0,0.0,0.0,78
2023-05-09 21:52:02,OI311C8300,OI311C8300,417.0,0.0,0.0,0.0,14,379.0,385.5,6,417.0,372.5,0.0,0.0,0.0,0.0,78
2023-05-09 21:52:03,OI311C8300,OI311C8300,417.0,0.0,0.0,0.0,14,379.0,385.5,12,417.0,372.5,0.0,0.0,0.0,0.0,78
2023-05-09 21:52:03,OI311C8300,OI311C8300,417.0,0.0,0.0,0.0,14,379.0,385.5,18,417.0,372.5,0.0,0.0,0.0,0.0,78
2023-05-09 21:52:08,OI311C8300,OI311C8300,417.0,0.0,0.0,0.0,20,379.0,385.5,12,417.0,372.5,0.0,0.0,0.0,0.0,78
2023-05-09 21:52:08,OI311C8300,OI311C8300,417.0,0.0,0.0,0.0,26,379.0,385.5,6,417.0,372.5,0.0,0.0,0.0,0.0,78
2023-05-09 21:52:15,OI311C8300,OI311C8300,417.0,0.0,0.0,0.0,38,379.0,386.0,12,417.0,372.5,0.0,0.0,0.0,0.0,78
2023-05-09 21:52:15,OI311C8300,OI311C8300,417.0,0.0,0.0,0.0,38,379.0,386.0,6,417.0,372.5,0.0,0.0,0.0,0.0,78
2023-05-09 21:52:16,OI311C8300,OI311C8300,417.0,0.0,0.0,0.0,38,379.0,386.5,8,417.0,372.5,0.0,0.0,0.0,0.0,78
2023-05-09 21:52:18,OI311C8300,OI311C8300,417.0,0.0,0.0,0.0,38,379.0,386.5,2,417.0,372.5,0.0,0.0,0.0,0.0,78
2023-05-09 21:52:19,OI311C8300,OI311C8300,417.0,0.0,0.0,0.0,44,379.0,386.5,2,417.0,372.5,0.0,0.0,0.0,0.0,78
2023-05-09 21:52:24,OI311C8300,OI311C8300,417.0,0.0,0.0,0.0,38,379.0,386.0,6,417.0,372.5,0.0,0.0,0.0,0.0,78
2023-05-09 21:52:25,OI311C8300,OI311C8300,417.0,0.0,0.0,0.0,38,379.0,386.0,12,417.0,372.5,0.0,0.0,0.0,0.0,78
2023-05-09 21:52:26,OI311C8300,OI311C8300,417.0,0.0,0.0,0.0,32,379.0,386.0,12,417.0,372.5,0.0,0.0,0.0,0.0,78
2023-05-09 21:52:29,OI311C8300,OI311C8300,417.0,0.0,0.0,0.0,26,379.0,386.0,12,417.0,372.5,0.0,0.0,0.0,0.0,78
2023-05-09 21:52:37,OI311C8300,OI311C8300,417.0,0.0,0.0,0.0,20,379.0,386.0,12,417.0,372.5,0.0,0.0,0.0,0.0,78
2023-05-09 21:52:39,OI311C8300,OI311C8300,417.0,0.0,0.0,0.0,20,379.0,386.0,6,417.0,372.5,0.0,0.0,0.0,0.0,78
2023-05-09 21:52:39,OI311C8300,OI311C8300,417.0,0.0,0.0,0.0,26,379.0,386.5,8,417.0,372.5,0.0,0.0,0.0,0.0,78
2023-05-09 21:52:40,OI311C8300,OI311C8300,417.0,0.0,0.0,0.0,26,379.0,386.5,2,417.0,372.5,0.0,0.0,0.0,0.0,78
2023-05-09 21:52:44,OI311C8300,OI311C8300,417.0,0.0,0.0,0.0,20,379.0,385.5,6,417.0,372.5,0.0,0.0,0.0,0.0,78
2023-05-09 21:52:48,OI311C8300,OI311C8300,417.0,0.0,0.0,0.0,14,379.0,385.5,12,417.0,372.5,0.0,0.0,0.0,0.0,78
2023-05-09 21:52:51,OI311C8300,OI311C8300,417.0,0.0,0.0,0.0,8,379.0,385.5,18,417.0,372.5,0.0,0.0,0.0,0.0,78
2023-05-09 21:52:54,OI311C8300,OI311C8300,417.0,0.0,0.0,0.0,8,379.0,384.5,2,417.0,372.5,0.0,0.0,0.0,0.0,78
2023-05-09 21:52:55,OI311C8300,OI311C8300,417.0,0.0,0.0,0.0,8,379.0,384.5,8,417.0,372.5,0.0,0.0,0.0,0.0,78
2023-05-09 21:52:58,OI311C8300,OI311C8300,417.0,0.0,0.0,0.0,2,379.0,384.5,14,417.0,372.5,0.0,0.0,0.0,0.0,78
2023-05-09 21:53:02,OI311C8300,OI311C8300,417.0,0.0,0.0,0.0,12,378.5,384.5,26,417.0,372.5,0.0,0.0,0.0,0.0,78
2023-05-09 21:53:02,OI311C8300,OI311C8300,417.0,0.0,0.0,0.0,6,378.5,384.5,26,417.0,372.5,0.0,0.0,0.0,0.0,78
2023-05-09 21:53:03,OI311C8300,OI311C8300,417.0,0.0,0.0,0.0,12,378.0,384.5,26,417.0,372.5,0.0,0.0,0.0,0.0,78
2023-05-09 21:53:05,OI311C8300,OI311C8300,417.0,0.0,0.0,0.0,12,378.0,384.5,38,417.0,372.5,0.0,0.0,0.0,0.0,78
2023-05-09 21:53:06,OI311C8300,OI311C8300,417.0,0.0,0.0,0.0,18,377.5,384.5,44,417.0,372.5,0.0,0.0,0.0,0.0,78
2023-05-09 21:53:06,OI311C8300,OI311C8300,417.0,0.0,0.0,0.0,12,377.5,384.0,6,417.0,372.5,0.0,0.0,0.0,0.0,78
2023-05-09 21:53:07,OI311C8300,OI311C8300,417.0,0.0,0.0,0.0,26,377.0,384.0,12,417.0,372.5,0.0,0.0,0.0,0.0,78
2023-05-09 21:53:07,OI311C8300,OI311C8300,417.0,0.0,0.0,0.0,14,377.0,384.0,24,417.0,372.5,0.0,0.0,0.0,0.0,78
2023-05-09 21:53:07,OI311C8300,OI311C8300,417.0,0.0,0.0,0.0,8,377.0,384.0,24,417.0,372.5,0.0,0.0,0.0,0.0,78
2023-05-09 21:53:09,OI311C8300,OI311C8300,417.0,0.0,0.0,0.0,8,377.0,384.0,18,417.0,372.5,0.0,0.0,0.0,0.0,78
2023-05-09 21:53:21,OI311C8300,OI311C8300,417.0,0.0,0.0,0.0,8,377.0,383.0,2,417.0,372.5,0.0,0.0,0.0,0.0,78
2023-05-09 21:53:22,OI311C8300,OI311C8300,417.0,0.0,0.0,0.0,8,377.0,383.0,14,417.0,372.5,0.0,0.0,0.0,0.0,78
2023-05-09 21:53:25,OI311C8300,OI311C8300,417.0,0.0,0.0,0.0,8,377.0,383.0,20,417.0,372.5,0.0,0.0,0.0,0.0,78
2023-05-09 21:53:25,OI311C8300,OI311C8300,417.0,0.0,0.0,0.0,18,376.5,383.0,20,417.0,372.5,0.0,0.0,0.0,0.0,78
2023-05-09 21:53:26,OI311C8300,OI311C8300,417.0,0.0,0.0,0.0,12,376.5,383.0,26,417.0,372.5,0.0,0.0,0.0,0.0,78
2023-05-09 21:53:26,OI311C8300,OI311C8300,417.0,0.0,0.0,0.0,18,376.0,383.0,32,417.0,372.5,0.0,0.0,0.0,0.0,78
2023-05-09 21:53:27,OI311C8300,OI311C8300,417.0,0.0,0.0,0.0,12,376.0,381.0,2,417.0,372.5,0.0,0.0,0.0,0.0,78
2023-05-09 21:53:27,OI311C8300,OI311C8300,417.0,0.0,0.0,0.0,24,375.5,381.0,14,417.0,372.5,0.0,0.0,0.0,0.0,78
2023-05-09 21:53:28,OI311C8300,OI311C8300,417.0,0.0,0.0,0.0,12,375.5,381.0,14,417.0,372.5,0.0,0.0,0.0,0.0,78
2023-05-09 21:53:28,OI311C8300,OI311C8300,417.0,0.0,0.0,0.0,24,375.0,381.0,14,417.0,372.5,0.0,0.0,0.0,0.0,78
2023-05-09 21:53:28,OI311C8300,OI311C8300,417.0,0.0,0.0,0.0,18,375.0,381.0,14,417.0,372.5,0.0,0.0,0.0,0.0,78
2023-05-09 21:53:29,OI311C8300,OI311C8300,417.0,0.0,0.0,0.0,12,375.0,381.0,14,417.0,372.5,0.0,0.0,0.0,0.0,78
2023-05-09 21:53:31,OI311C8300,OI311C8300,417.0,0.0,0.0,0.0,12,375.0,381.0,20,417.0,372.5,0.0,0.0,0.0,0.0,78
2023-05-09 21:53:33,OI311C8300,OI311C8300,417.0,0.0,0.0,0.0,6,375.0,381.0,20,417.0,372.5,0.0,0.0,0.0,0.0,78
2023-05-09 21:53:34,OI311C8300,OI311C8300,417.0,0.0,0.0,0.0,18,374.5,381.0,20,417.0,372.5,0.0,0.0,0.0,0.0,78
2023-05-09 21:53:35,OI311C8300,OI311C8300,417.0,0.0,0.0,0.0,12,374.5,381.0,20,417.0,372.5,0.0,0.0,0.0,0.0,78
2023-05-09 21:53:47,OI311C8300,OI311C8300,417.0,0.0,0.0,0.0,18,374.0,380.5,6,417.0,372.5,0.0,0.0,0.0,0.0,78
2023-05-09 21:53:47,OI311C8300,OI311C8300,417.0,0.0,0.0,0.0,12,374.0,380.5,6,417.0,372.5,0.0,0.0,0.0,0.0,78
2023-05-09 21:53:48,OI311C8300,OI311C8300,417.0,0.0,0.0,0.0,30,373.5,380.5,6,417.0,372.5,0.0,0.0,0.0,0.0,78
2023-05-09 21:53:48,OI311C8300,OI311C8300,417.0,0.0,0.0,0.0,36,373.5,381.0,32,417.0,372.5,0.0,0.0,0.0,0.0,78
2023-05-09 21:53:48,OI311C8300,OI311C8300,417.0,0.0,0.0,0.0,30,373.5,381.0,32,417.0,372.5,0.0,0.0,0.0,0.0,78
2023-05-09 21:53:49,OI311C8300,OI311C8300,417.0,0.0,0.0,0.0,30,373.5,381.0,26,417.0,372.5,0.0,0.0,0.0,0.0,78
2023-05-09 21:54:01,OI311C8300,OI311C8300,417.0,0.0,0.0,0.0,30,373.5,381.0,14,417.0,372.5,0.0,0.0,0.0,0.0,78
2023-05-09 21:54:02,OI311C8300,OI311C8300,417.0,0.0,0.0,0.0,36,373.5,381.0,8,417.0,372.5,0.0,0.0,0.0,0.0,78
2023-05-09 21:54:10,OI311C8300,OI311C8300,417.0,0.0,0.0,0.0,12,374.0,381.0,8,417.0,372.5,0.0,0.0,0.0,0.0,78
2023-05-09 21:54:11,OI311C8300,OI311C8300,417.0,0.0,0.0,0.0,18,374.0,381.0,8,417.0,372.5,0.0,0.0,0.0,0.0,78
2023-05-09 21:54:11,OI311C8300,OI311C8300,417.0,0.0,0.0,0.0,2,375.0,381.0,8,417.0,372.5,0.0,0.0,0.0,0.0,78
2023-05-09 21:54:13,OI311C8300,OI311C8300,417.0,0.0,0.0,0.0,20,375.0,381.0,2,417.0,372.5,0.0,0.0,0.0,0.0,78
2023-05-09 21:54:22,OI311C8300,OI311C8300,417.0,0.0,0.0,0.0,26,375.0,381.0,14,417.0,372.5,0.0,0.0,0.0,0.0,78
2023-05-09 21:54:23,OI311C8300,OI311C8300,417.0,0.0,0.0,0.0,26,375.0,381.0,2,417.0,372.5,0.0,0.0,0.0,0.0,78
2023-05-09 21:54:23,OI311C8300,OI311C8300,417.0,0.0,0.0,0.0,20,375.0,380.5,6,417.0,372.5,0.0,0.0,0.0,0.0,78
2023-05-09 21:54:24,OI311C8300,OI311C8300,417.0,0.0,0.0,0.0,8,375.0,380.5,6,417.0,372.5,0.0,0.0,0.0,0.0,78
2023-05-09 21:54:25,OI311C8300,OI311C8300,417.0,0.0,0.0,0.0,2,375.0,380.5,12,417.0,372.5,0.0,0.0,0.0,0.0,78
2023-05-09 21:54:27,OI311C8300,OI311C8300,417.0,0.0,0.0,0.0,2,375.0,380.5,18,417.0,372.5,0.0,0.0,0.0,0.0,78
2023-05-09 21:54:32,OI311C8300,OI311C8300,417.0,0.0,0.0,0.0,8,375.0,380.5,12,417.0,372.5,0.0,0.0,0.0,0.0,78
2023-05-09 21:54:32,OI311C8300,OI311C8300,417.0,0.0,0.0,0.0,8,375.0,380.5,6,417.0,372.5,0.0,0.0,0.0,0.0,78
2023-05-09 21:54:34,OI311C8300,OI311C8300,417.0,0.0,0.0,0.0,20,375.0,380.5,6,417.0,372.5,0.0,0.0,0.0,0.0,78
2023-05-09 21:54:36,OI311C8300,OI311C8300,417.0,0.0,0.0,0.0,26,375.0,381.0,8,417.0,372.5,0.0,0.0,0.0,0.0,78
2023-05-09 21:54:37,OI311C8300,OI311C8300,417.0,0.0,0.0,0.0,26,375.0,381.0,2,417.0,372.5,0.0,0.0,0.0,0.0,78
2023-05-09 21:54:43,OI311C8300,OI311C8300,417.0,0.0,0.0,0.0,20,375.0,381.0,8,417.0,372.5,0.0,0.0,0.0,0.0,78
2023-05-09 21:54:57,OI311C8300,OI311C8300,417.0,0.0,0.0,0.0,20,375.0,381.0,14,417.0,372.5,0.0,0.0,0.0,0.0,78
2023-05-09 21:55:00,OI311C8300,OI311C8300,417.0,0.0,0.0,0.0,14,375.0,381.0,20,417.0,372.5,0.0,0.0,0.0,0.0,78
2023-05-09 21:55:01,OI311C8300,OI311C8300,417.0,0.0,0.0,0.0,2,375.0,380.5,6,417.0,372.5,0.0,0.0,0.0,0.0,78
2023-05-09 21:55:03,OI311C8300,OI311C8300,417.0,0.0,0.0,0.0,8,375.0,380.5,6,417.0,372.5,0.0,0.0,0.0,0.0,78
2023-05-09 21:55:11,OI311C8300,OI311C8300,417.0,0.0,0.0,0.0,8,375.0,381.0,26,417.0,372.5,0.0,0.0,0.0,0.0,78
2023-05-09 21:55:12,OI311C8300,OI311C8300,417.0,0.0,0.0,0.0,14,375.0,381.0,20,417.0,372.5,0.0,0.0,0.0,0.0,78
2023-05-09 21:55:13,OI311C8300,OI311C8300,417.0,0.0,0.0,0.0,14,375.0,381.0,14,417.0,372.5,0.0,0.0,0.0,0.0,78
2023-05-09 21:55:13,OI311C8300,OI311C8300,417.0,0.0,0.0,0.0,20,375.0,381.0,8,417.0,372.5,0.0,0.0,0.0,0.0,78
2023-05-09 21:55:20,OI311C8300,OI311C8300,417.0,0.0,0.0,0.0,14,375.0,381.0,8,417.0,372.5,0.0,0.0,0.0,0.0,78
2023-05-09 21:55:24,OI311C8300,OI311C8300,417.0,0.0,0.0,0.0,20,375.0,381.0,14,417.0,372.5,0.0,0.0,0.0,0.0,78
2023-05-09 21:55:28,OI311C8300,OI311C8300,417.0,0.0,0.0,0.0,14,375.0,381.0,14,417.0,372.5,0.0,0.0,0.0,0.0,78
2023-05-09 21:55:29,OI311C8300,OI311C8300,417.0,0.0,0.0,0.0,14,375.0,381.0,20,417.0,372.5,0.0,0.0,0.0,0.0,78
2023-05-09 21:55:30,OI311C8300,OI311C8300,417.0,0.0,0.0,0.0,20,375.0,381.0,14,417.0,372.5,0.0,0.0,0.0,0.0,78
2023-05-09 21:55:30,OI311C8300,OI311C8300,417.0,0.0,0.0,0.0,14,375.0,381.0,20,417.0,372.5,0.0,0.0,0.0,0.0,78
2023-05-09 21:55:33,OI311C8300,OI311C8300,417.0,0.0,0.0,0.0,2,375.0,381.0,32,417.0,372.5,0.0,0.0,0.0,0.0,78
2023-05-09 21:55:36,OI311C8300,OI311C8300,417.0,0.0,0.0,0.0,8,375.0,381.0,26,417.0,372.5,0.0,0.0,0.0,0.0,78
2023-05-09 21:55:40,OI311C8300,OI311C8300,417.0,0.0,0.0,0.0,14,375.0,381.0,20,417.0,372.5,0.0,0.0,0.0,0.0,78
2023-05-09 21:55:57,OI311C8300,OI311C8300,417.0,0.0,0.0,0.0,14,375.0,381.0,26,417.0,372.5,0.0,0.0,0.0,0.0,78
2023-05-09 21:56:06,OI311C8300,OI311C8300,417.0,0.0,0.0,0.0,8,375.0,381.0,26,417.0,372.5,0.0,0.0,0.0,0.0,78
2023-05-09 21:56:10,OI311C8300,OI311C8300,417.0,0.0,0.0,0.0,2,375.0,381.0,32,417.0,372.5,0.0,0.0,0.0,0.0,78
2023-05-09 21:56:10,OI311C8300,OI311C8300,417.0,0.0,0.0,0.0,8,375.0,381.0,26,417.0,372.5,0.0,0.0,0.0,0.0,78
2023-05-09 21:56:11,OI311C8300,OI311C8300,417.0,0.0,0.0,0.0,8,375.0,381.0,20,417.0,372.5,0.0,0.0,0.0,0.0,78
2023-05-09 21:56:12,OI311C8300,OI311C8300,417.0,0.0,0.0,0.0,14,375.0,381.0,20,417.0,372.5,0.0,0.0,0.0,0.0,78
2023-05-09 21:56:30,OI311C8300,OI311C8300,417.0,0.0,0.0,0.0,20,375.0,381.0,14,417.0,372.5,0.0,0.0,0.0,0.0,78
2023-05-09 21:56:31,OI311C8300,OI311C8300,417.0,0.0,0.0,0.0,14,375.0,381.0,20,417.0,372.5,0.0,0.0,0.0,0.0,78
2023-05-09 21:56:40,OI311C8300,OI311C8300,417.0,0.0,0.0,0.0,14,375.0,381.0,26,417.0,372.5,0.0,0.0,0.0,0.0,78
2023-05-09 21:56:47,OI311C8300,OI311C8300,417.0,0.0,0.0,0.0,14,375.0,381.0,20,417.0,372.5,0.0,0.0,0.0,0.0,78
2023-05-09 21:56:48,OI311C8300,OI311C8300,417.0,0.0,0.0,0.0,20,375.0,381.0,14,417.0,372.5,0.0,0.0,0.0,0.0,78
2023-05-09 21:56:48,OI311C8300,OI311C8300,417.0,0.0,0.0,0.0,26,375.0,381.0,8,417.0,372.5,0.0,0.0,0.0,0.0,78
2023-05-09 21:56:51,OI311C8300,OI311C8300,417.0,0.0,0.0,0.0,20,375.0,381.0,8,417.0,372.5,0.0,0.0,0.0,0.0,78
2023-05-09 21:56:58,OI311C8300,OI311C8300,417.0,0.0,0.0,0.0,26,375.0,381.0,2,417.0,372.5,0.0,0.0,0.0,0.0,78
2023-05-09 21:57:11,OI311C8300,OI311C8300,417.0,0.0,0.0,0.0,20,375.0,381.0,14,417.0,372.5,0.0,0.0,0.0,0.0,78
2023-05-09 21:57:11,OI311C8300,OI311C8300,417.0,0.0,0.0,0.0,20,375.0,381.0,8,417.0,372.5,0.0,0.0,0.0,0.0,78
2023-05-09 21:57:15,OI311C8300,OI311C8300,417.0,0.0,0.0,0.0,26,375.0,381.0,2,417.0,372.5,0.0,0.0,0.0,0.0,78
2023-05-09 21:57:24,OI311C8300,OI311C8300,417.0,0.0,0.0,0.0,32,375.0,381.0,2,417.0,372.5,0.0,0.0,0.0,0.0,78
2023-05-09 21:57:28,OI311C8300,OI311C8300,417.0,0.0,0.0,0.0,6,375.5,381.5,6,417.0,372.5,0.0,0.0,0.0,0.0,78
2023-05-09 21:57:29,OI311C8300,OI311C8300,417.0,0.0,0.0,0.0,6,375.5,382.0,6,417.0,372.5,0.0,0.0,0.0,0.0,78
2023-05-09 21:57:30,OI311C8300,OI311C8300,417.0,0.0,0.0,0.0,6,375.5,382.0,12,417.0,372.5,0.0,0.0,0.0,0.0,78
2023-05-09 21:57:30,OI311C8300,OI311C8300,417.0,0.0,0.0,0.0,12,375.5,382.0,18,417.0,372.5,0.0,0.0,0.0,0.0,78
2023-05-09 21:57:31,OI311C8300,OI311C8300,417.0,0.0,0.0,0.0,12,375.5,382.0,6,417.0,372.5,0.0,0.0,0.0,0.0,78
2023-05-09 21:57:32,OI311C8300,OI311C8300,417.0,0.0,0.0,0.0,18,375.5,382.0,6,417.0,372.5,0.0,0.0,0.0,0.0,78
2023-05-09 21:57:47,OI311C8300,OI311C8300,417.0,0.0,0.0,0.0,2,377.0,382.5,12,417.0,372.5,0.0,0.0,0.0,0.0,78
2023-05-09 21:57:48,OI311C8300,OI311C8300,417.0,0.0,0.0,0.0,26,377.0,382.5,6,417.0,372.5,0.0,0.0,0.0,0.0,78
2023-05-09 21:57:48,OI311C8300,OI311C8300,417.0,0.0,0.0,0.0,6,377.5,383.0,8,417.0,372.5,0.0,0.0,0.0,0.0,78
2023-05-09 21:57:49,OI311C8300,OI311C8300,417.0,0.0,0.0,0.0,12,377.5,383.0,6,417.0,372.5,0.0,0.0,0.0,0.0,78
2023-05-09 21:57:49,OI311C8300,OI311C8300,417.0,0.0,0.0,0.0,24,377.5,384.5,12,417.0,372.5,0.0,0.0,0.0,0.0,78
2023-05-09 21:57:50,OI311C8300,OI311C8300,417.0,0.0,0.0,0.0,30,377.5,383.5,6,417.0,372.5,0.0,0.0,0.0,0.0,78
2023-05-09 21:57:50,OI311C8300,OI311C8300,417.0,0.0,0.0,0.0,30,377.5,384.5,12,417.0,372.5,0.0,0.0,0.0,0.0,78
2023-05-09 21:57:51,OI311C8300,OI311C8300,417.0,0.0,0.0,0.0,30,377.5,384.0,6,417.0,372.5,0.0,0.0,0.0,0.0,78
2023-05-09 21:57:52,OI311C8300,OI311C8300,417.0,0.0,0.0,0.0,30,377.5,384.5,6,417.0,372.5,0.0,0.0,0.0,0.0,78
2023-05-09 21:57:52,OI311C8300,OI311C8300,417.0,0.0,0.0,0.0,30,377.5,384.5,12,417.0,372.5,0.0,0.0,0.0,0.0,78
2023-05-09 21:57:53,OI311C8300,OI311C8300,417.0,0.0,0.0,0.0,30,377.5,384.5,6,417.0,372.5,0.0,0.0,0.0,0.0,78
2023-05-09 21:57:53,OI311C8300,OI311C8300,417.0,0.0,0.0,0.0,2,379.0,384.5,6,417.0,372.5,0.0,0.0,0.0,0.0,78
2023-05-09 21:57:54,OI311C8300,OI311C8300,417.0,0.0,0.0,0.0,8,379.0,384.5,6,417.0,372.5,0.0,0.0,0.0,0.0,78
2023-05-09 21:57:54,OI311C8300,OI311C8300,417.0,0.0,0.0,0.0,14,379.0,384.5,6,417.0,372.5,0.0,0.0,0.0,0.0,78
2023-05-09 21:57:56,OI311C8300,OI311C8300,417.0,0.0,0.0,0.0,20,379.0,384.5,6,417.0,372.5,0.0,0.0,0.0,0.0,78
2023-05-09 21:57:57,OI311C8300,OI311C8300,417.0,0.0,0.0,0.0,20,379.0,385.0,6,417.0,372.5,0.0,0.0,0.0,0.0,78
2023-05-09 21:57:57,OI311C8300,OI311C8300,417.0,0.0,0.0,0.0,26,379.0,385.0,6,417.0,372.5,0.0,0.0,0.0,0.0,78
2023-05-09 21:57:58,OI311C8300,OI311C8300,417.0,0.0,0.0,0.0,32,379.0,386.0,6,417.0,372.5,0.0,0.0,0.0,0.0,78
2023-05-09 21:57:58,OI311C8300,OI311C8300,417.0,0.0,0.0,0.0,32,379.0,385.5,6,417.0,372.5,0.0,0.0,0.0,0.0,78
2023-05-09 21:57:59,OI311C8300,OI311C8300,417.0,0.0,0.0,0.0,38,379.0,386.0,6,417.0,372.5,0.0,0.0,0.0,0.0,78
2023-05-09 21:57:59,OI311C8300,OI311C8300,417.0,0.0,0.0,0.0,38,379.0,386.0,12,417.0,372.5,0.0,0.0,0.0,0.0,78
2023-05-09 21:58:00,OI311C8300,OI311C8300,417.0,0.0,0.0,0.0,38,379.0,386.0,6,417.0,372.5,0.0,0.0,0.0,0.0,78
2023-05-09 21:58:04,OI311C8300,OI311C8300,417.0,0.0,0.0,0.0,44,379.0,386.5,6,417.0,372.5,0.0,0.0,0.0,0.0,78
2023-05-09 21:58:05,OI311C8300,OI311C8300,417.0,0.0,0.0,0.0,8,381.0,386.5,6,417.0,372.5,0.0,0.0,0.0,0.0,78
2023-05-09 21:58:05,OI311C8300,OI311C8300,417.0,0.0,0.0,0.0,26,381.0,387.0,6,417.0,372.5,0.0,0.0,0.0,0.0,78
2023-05-09 21:58:06,OI311C8300,OI311C8300,417.0,0.0,0.0,0.0,32,381.0,387.0,12,417.0,372.5,0.0,0.0,0.0,0.0,78
2023-05-09 21:58:06,OI311C8300,OI311C8300,417.0,0.0,0.0,0.0,32,381.0,387.0,6,417.0,372.5,0.0,0.0,0.0,0.0,78
2023-05-09 21:58:10,OI311C8300,OI311C8300,417.0,0.0,0.0,0.0,6,381.5,387.5,12,417.0,372.5,0.0,0.0,0.0,0.0,78
2023-05-09 21:58:10,OI311C8300,OI311C8300,417.0,0.0,0.0,0.0,24,381.5,387.5,6,417.0,372.5,0.0,0.0,0.0,0.0,78
2023-05-09 21:58:11,OI311C8300,OI311C8300,417.0,0.0,0.0,0.0,14,383.5,388.0,6,417.0,372.5,0.0,0.0,0.0,0.0,78
2023-05-09 21:58:11,OI311C8300,OI311C8300,417.0,0.0,0.0,0.0,26,383.5,388.0,6,417.0,372.5,0.0,0.0,0.0,0.0,78
2023-05-09 21:58:12,OI311C8300,OI311C8300,417.0,0.0,0.0,0.0,26,383.5,388.5,6,417.0,372.5,0.0,0.0,0.0,0.0,78
2023-05-09 21:58:13,OI311C8300,OI311C8300,417.0,0.0,0.0,0.0,26,383.5,390.0,12,417.0,372.5,0.0,0.0,0.0,0.0,78
2023-05-09 21:58:13,OI311C8300,OI311C8300,417.0,0.0,0.0,0.0,26,383.5,389.0,6,417.0,372.5,0.0,0.0,0.0,0.0,78
2023-05-09 21:58:14,OI311C8300,OI311C8300,417.0,0.0,0.0,0.0,26,383.5,390.0,12,417.0,372.5,0.0,0.0,0.0,0.0,78
2023-05-09 21:58:14,OI311C8300,OI311C8300,417.0,0.0,0.0,0.0,26,383.5,389.5,6,417.0,372.5,0.0,0.0,0.0,0.0,78
2023-05-09 21:58:15,OI311C8300,OI311C8300,417.0,0.0,0.0,0.0,26,383.5,390.0,18,417.0,372.5,0.0,0.0,0.0,0.0,78
2023-05-09 21:58:15,OI311C8300,OI311C8300,417.0,0.0,0.0,0.0,26,383.5,390.0,24,417.0,372.5,0.0,0.0,0.0,0.0,78
2023-05-09 21:58:16,OI311C8300,OI311C8300,417.0,0.0,0.0,0.0,20,383.5,388.5,6,417.0,372.5,0.0,0.0,0.0,0.0,78
2023-05-09 21:58:20,OI311C8300,OI311C8300,417.0,0.0,0.0,0.0,20,383.5,389.0,6,417.0,372.5,0.0,0.0,0.0,0.0,78
2023-05-09 21:58:21,OI311C8300,OI311C8300,417.0,0.0,0.0,0.0,26,383.5,389.0,6,417.0,372.5,0.0,0.0,0.0,0.0,78
2023-05-09 21:58:21,OI311C8300,OI311C8300,417.0,0.0,0.0,0.0,26,383.5,390.0,12,417.0,372.5,0.0,0.0,0.0,0.0,78
2023-05-09 21:58:22,OI311C8300,OI311C8300,417.0,0.0,0.0,0.0,32,383.5,389.5,12,417.0,372.5,0.0,0.0,0.0,0.0,78
2023-05-09 21:58:22,OI311C8300,OI311C8300,417.0,0.0,0.0,0.0,32,383.5,389.5,6,417.0,372.5,0.0,0.0,0.0,0.0,78
2023-05-09 21:58:23,OI311C8300,OI311C8300,417.0,0.0,0.0,0.0,26,383.5,390.0,12,417.0,372.5,0.0,0.0,0.0,0.0,78
2023-05-09 21:58:23,OI311C8300,OI311C8300,417.0,0.0,0.0,0.0,26,383.5,390.0,18,417.0,372.5,0.0,0.0,0.0,0.0,78
2023-05-09 21:58:24,OI311C8300,OI311C8300,417.0,0.0,0.0,0.0,26,383.5,390.0,12,417.0,372.5,0.0,0.0,0.0,0.0,78
2023-05-09 21:58:38,OI311C8300,OI311C8300,417.0,0.0,0.0,0.0,26,383.5,390.0,6,417.0,372.5,0.0,0.0,0.0,0.0,78
2023-05-09 21:58:39,OI311C8300,OI311C8300,417.0,0.0,0.0,0.0,32,383.5,390.5,18,417.0,372.5,0.0,0.0,0.0,0.0,78
2023-05-09 21:58:39,OI311C8300,OI311C8300,417.0,0.0,0.0,0.0,26,383.5,390.5,18,417.0,372.5,0.0,0.0,0.0,0.0,78
2023-05-09 21:58:40,OI311C8300,OI311C8300,417.0,0.0,0.0,0.0,26,383.5,390.5,12,417.0,372.5,0.0,0.0,0.0,0.0,78
2023-05-09 21:58:42,OI311C8300,OI311C8300,417.0,0.0,0.0,0.0,26,383.5,390.0,12,417.0,372.5,0.0,0.0,0.0,0.0,78
2023-05-09 21:58:46,OI311C8300,OI311C8300,417.0,0.0,0.0,0.0,20,383.5,390.0,12,417.0,372.5,0.0,0.0,0.0,0.0,78
2023-05-09 21:59:00,OI311C8300,OI311C8300,417.0,0.0,0.0,0.0,8,383.5,390.0,24,417.0,372.5,0.0,0.0,0.0,0.0,78
2023-05-09 21:59:01,OI311C8300,OI311C8300,417.0,0.0,0.0,0.0,8,383.5,390.0,18,417.0,372.5,0.0,0.0,0.0,0.0,78
2023-05-09 21:59:03,OI311C8300,OI311C8300,417.0,0.0,0.0,0.0,8,383.5,389.0,2,417.0,372.5,0.0,0.0,0.0,0.0,78
2023-05-09 21:59:06,OI311C8300,OI311C8300,417.0,0.0,0.0,0.0,14,383.5,389.0,2,417.0,372.5,0.0,0.0,0.0,0.0,78
2023-05-09 21:59:12,OI311C8300,OI311C8300,417.0,0.0,0.0,0.0,20,383.5,389.0,2,417.0,372.5,0.0,0.0,0.0,0.0,78
