time,symbol_id,symbol_name,last,trade_volume,trade_amount,open_interest_change,bv1,bp1,ap1,av1,yesterday_close,today_open,today_high,today_low,volume,amount,open_interest
2023-05-09 19:10:58,OI311P9600,菜籽油2311沽9600,1386.5,0.0,0.0,0.0,0,0.0,0.0,0,1386.5,0.0,0.0,0.0,0.0,0.0,6
2023-05-09 21:02:04,OI311P9600,菜籽油2311沽9600,1386.5,0.0,0.0,0.0,1,725.0,2048.0,1,1386.5,0.0,0.0,0.0,0.0,0.0,6
2023-05-09 21:02:04,OI311P9600,菜籽油2311沽9600,1386.5,0.0,0.0,0.0,10,725.5,2048.0,1,1386.5,0.0,0.0,0.0,0.0,0.0,6
2023-05-09 21:02:05,OI311P9600,菜籽油2311沽9600,1386.5,0.0,0.0,0.0,1,727.0,2048.0,1,1386.5,0.0,0.0,0.0,0.0,0.0,6
2023-05-09 21:02:06,OI311P9600,菜籽油2311沽9600,1386.5,0.0,0.0,0.0,10,727.5,2048.0,1,1386.5,0.0,0.0,0.0,0.0,0.0,6
2023-05-09 21:02:06,OI311P9600,菜籽油2311沽9600,1386.5,0.0,0.0,0.0,1,729.0,2048.0,1,1386.5,0.0,0.0,0.0,0.0,0.0,6
2023-05-09 21:02:07,OI311P9600,菜籽油2311沽9600,1386.5,0.0,0.0,0.0,10,729.5,2048.0,1,1386.5,0.0,0.0,0.0,0.0,0.0,6
2023-05-09 21:02:07,OI311P9600,菜籽油2311沽9600,1386.5,0.0,0.0,0.0,1,731.0,2048.0,1,1386.5,0.0,0.0,0.0,0.0,0.0,6
2023-05-09 21:02:08,OI311P9600,菜籽油2311沽9600,1386.5,0.0,0.0,0.0,10,731.5,2048.0,1,1386.5,0.0,0.0,0.0,0.0,0.0,6
2023-05-09 21:02:09,OI311P9600,菜籽油2311沽9600,1386.5,0.0,0.0,0.0,10,733.5,2048.0,1,1386.5,0.0,0.0,0.0,0.0,0.0,6
2023-05-09 21:02:15,OI311P9600,菜籽油2311沽9600,1386.5,0.0,0.0,0.0,1,735.0,2048.0,1,1386.5,0.0,0.0,0.0,0.0,0.0,6
2023-05-09 21:02:15,OI311P9600,菜籽油2311沽9600,1386.5,0.0,0.0,0.0,10,735.5,2048.0,1,1386.5,0.0,0.0,0.0,0.0,0.0,6
2023-05-09 21:02:21,OI311P9600,菜籽油2311沽9600,1386.5,0.0,0.0,0.0,1,737.0,2048.0,1,1386.5,0.0,0.0,0.0,0.0,0.0,6
2023-05-09 21:02:21,OI311P9600,菜籽油2311沽9600,1386.5,0.0,0.0,0.0,10,737.5,2048.0,1,1386.5,0.0,0.0,0.0,0.0,0.0,6
2023-05-09 21:02:31,OI311P9600,菜籽油2311沽9600,1386.5,0.0,0.0,0.0,1,739.0,2048.0,1,1386.5,0.0,0.0,0.0,0.0,0.0,6
2023-05-09 21:02:31,OI311P9600,菜籽油2311沽9600,1386.5,0.0,0.0,0.0,10,739.5,2048.0,1,1386.5,0.0,0.0,0.0,0.0,0.0,6
2023-05-09 21:02:36,OI311P9600,菜籽油2311沽9600,1386.5,0.0,0.0,0.0,1,741.0,2048.0,1,1386.5,0.0,0.0,0.0,0.0,0.0,6
2023-05-09 21:02:37,OI311P9600,菜籽油2311沽9600,1386.5,0.0,0.0,0.0,10,741.5,2048.0,1,1386.5,0.0,0.0,0.0,0.0,0.0,6
2023-05-09 21:02:40,OI311P9600,菜籽油2311沽9600,1386.5,0.0,0.0,0.0,1,743.0,2048.0,1,1386.5,0.0,0.0,0.0,0.0,0.0,6
2023-05-09 21:02:40,OI311P9600,菜籽油2311沽9600,1386.5,0.0,0.0,0.0,10,743.5,2048.0,1,1386.5,0.0,0.0,0.0,0.0,0.0,6
2023-05-09 21:02:48,OI311P9600,菜籽油2311沽9600,1386.5,0.0,0.0,0.0,1,745.0,2048.0,1,1386.5,0.0,0.0,0.0,0.0,0.0,6
2023-05-09 21:02:48,OI311P9600,菜籽油2311沽9600,1386.5,0.0,0.0,0.0,10,745.5,2048.0,1,1386.5,0.0,0.0,0.0,0.0,0.0,6
2023-05-09 21:02:56,OI311P9600,菜籽油2311沽9600,1386.5,0.0,0.0,0.0,1,747.0,2048.0,1,1386.5,0.0,0.0,0.0,0.0,0.0,6
2023-05-09 21:02:56,OI311P9600,菜籽油2311沽9600,1386.5,0.0,0.0,0.0,10,747.5,2048.0,1,1386.5,0.0,0.0,0.0,0.0,0.0,6
2023-05-09 21:03:02,OI311P9600,菜籽油2311沽9600,1386.5,0.0,0.0,0.0,1,749.0,2048.0,1,1386.5,0.0,0.0,0.0,0.0,0.0,6
2023-05-09 21:03:02,OI311P9600,菜籽油2311沽9600,1386.5,0.0,0.0,0.0,10,749.5,2048.0,1,1386.5,0.0,0.0,0.0,0.0,0.0,6
2023-05-09 21:03:12,OI311P9600,菜籽油2311沽9600,1386.5,0.0,0.0,0.0,1,751.0,2048.0,1,1386.5,0.0,0.0,0.0,0.0,0.0,6
2023-05-09 21:03:13,OI311P9600,菜籽油2311沽9600,1386.5,0.0,0.0,0.0,10,751.5,2048.0,1,1386.5,0.0,0.0,0.0,0.0,0.0,6
2023-05-09 21:03:16,OI311P9600,菜籽油2311沽9600,1386.5,0.0,0.0,0.0,1,753.0,2048.0,1,1386.5,0.0,0.0,0.0,0.0,0.0,6
2023-05-09 21:03:16,OI311P9600,菜籽油2311沽9600,1386.5,0.0,0.0,0.0,10,753.5,2048.0,1,1386.5,0.0,0.0,0.0,0.0,0.0,6
2023-05-09 21:03:20,OI311P9600,菜籽油2311沽9600,1386.5,0.0,0.0,0.0,1,755.0,2048.0,1,1386.5,0.0,0.0,0.0,0.0,0.0,6
2023-05-09 21:03:21,OI311P9600,菜籽油2311沽9600,1386.5,0.0,0.0,0.0,10,755.5,2048.0,1,1386.5,0.0,0.0,0.0,0.0,0.0,6
2023-05-09 21:03:24,OI311P9600,菜籽油2311沽9600,1386.5,0.0,0.0,0.0,1,757.0,2048.0,1,1386.5,0.0,0.0,0.0,0.0,0.0,6
2023-05-09 21:03:24,OI311P9600,菜籽油2311沽9600,1386.5,0.0,0.0,0.0,10,757.5,2048.0,1,1386.5,0.0,0.0,0.0,0.0,0.0,6
2023-05-09 21:03:25,OI311P9600,菜籽油2311沽9600,1386.5,0.0,0.0,0.0,1,759.0,2048.0,1,1386.5,0.0,0.0,0.0,0.0,0.0,6
2023-05-09 21:03:25,OI311P9600,菜籽油2311沽9600,1386.5,0.0,0.0,0.0,10,759.5,2048.0,1,1386.5,0.0,0.0,0.0,0.0,0.0,6
2023-05-09 21:03:32,OI311P9600,菜籽油2311沽9600,1386.5,0.0,0.0,0.0,1,761.0,2048.0,1,1386.5,0.0,0.0,0.0,0.0,0.0,6
2023-05-09 21:03:32,OI311P9600,菜籽油2311沽9600,1386.5,0.0,0.0,0.0,10,761.5,2048.0,1,1386.5,0.0,0.0,0.0,0.0,0.0,6
2023-05-09 21:03:40,OI311P9600,菜籽油2311沽9600,1386.5,0.0,0.0,0.0,1,763.0,2048.0,1,1386.5,0.0,0.0,0.0,0.0,0.0,6
2023-05-09 21:03:40,OI311P9600,菜籽油2311沽9600,1386.5,0.0,0.0,0.0,10,763.5,2048.0,1,1386.5,0.0,0.0,0.0,0.0,0.0,6
2023-05-09 21:03:44,OI311P9600,菜籽油2311沽9600,1386.5,0.0,0.0,0.0,1,765.0,2048.0,1,1386.5,0.0,0.0,0.0,0.0,0.0,6
2023-05-09 21:03:44,OI311P9600,菜籽油2311沽9600,1386.5,0.0,0.0,0.0,10,765.5,2048.0,1,1386.5,0.0,0.0,0.0,0.0,0.0,6
2023-05-09 21:03:48,OI311P9600,菜籽油2311沽9600,1386.5,0.0,0.0,0.0,1,767.0,2048.0,1,1386.5,0.0,0.0,0.0,0.0,0.0,6
2023-05-09 21:03:48,OI311P9600,菜籽油2311沽9600,1386.5,0.0,0.0,0.0,10,767.5,2048.0,1,1386.5,0.0,0.0,0.0,0.0,0.0,6
2023-05-09 21:03:53,OI311P9600,菜籽油2311沽9600,1386.5,0.0,0.0,0.0,1,769.0,2048.0,1,1386.5,0.0,0.0,0.0,0.0,0.0,6
2023-05-09 21:03:53,OI311P9600,菜籽油2311沽9600,1386.5,0.0,0.0,0.0,10,769.5,2048.0,1,1386.5,0.0,0.0,0.0,0.0,0.0,6
2023-05-09 21:03:59,OI311P9600,菜籽油2311沽9600,1386.5,0.0,0.0,0.0,1,771.0,2048.0,1,1386.5,0.0,0.0,0.0,0.0,0.0,6
2023-05-09 21:03:59,OI311P9600,菜籽油2311沽9600,1386.5,0.0,0.0,0.0,10,771.5,2048.0,1,1386.5,0.0,0.0,0.0,0.0,0.0,6
2023-05-09 21:04:02,OI311P9600,菜籽油2311沽9600,1386.5,0.0,0.0,0.0,1,773.0,2048.0,1,1386.5,0.0,0.0,0.0,0.0,0.0,6
2023-05-09 21:04:02,OI311P9600,菜籽油2311沽9600,1386.5,0.0,0.0,0.0,10,773.5,2048.0,1,1386.5,0.0,0.0,0.0,0.0,0.0,6
2023-05-09 21:04:03,OI311P9600,菜籽油2311沽9600,1386.5,0.0,0.0,0.0,1,775.0,2048.0,1,1386.5,0.0,0.0,0.0,0.0,0.0,6
2023-05-09 21:04:03,OI311P9600,菜籽油2311沽9600,1386.5,0.0,0.0,0.0,10,775.5,2048.0,1,1386.5,0.0,0.0,0.0,0.0,0.0,6
2023-05-09 21:04:05,OI311P9600,菜籽油2311沽9600,1386.5,0.0,0.0,0.0,1,777.0,2048.0,1,1386.5,0.0,0.0,0.0,0.0,0.0,6
2023-05-09 21:04:05,OI311P9600,菜籽油2311沽9600,1386.5,0.0,0.0,0.0,10,777.5,2048.0,1,1386.5,0.0,0.0,0.0,0.0,0.0,6
2023-05-09 21:04:06,OI311P9600,菜籽油2311沽9600,1386.5,0.0,0.0,0.0,1,779.0,2048.0,1,1386.5,0.0,0.0,0.0,0.0,0.0,6
2023-05-09 21:04:06,OI311P9600,菜籽油2311沽9600,1386.5,0.0,0.0,0.0,10,779.5,2048.0,1,1386.5,0.0,0.0,0.0,0.0,0.0,6
2023-05-09 21:04:08,OI311P9600,菜籽油2311沽9600,1386.5,0.0,0.0,0.0,1,781.0,2048.0,1,1386.5,0.0,0.0,0.0,0.0,0.0,6
2023-05-09 21:04:08,OI311P9600,菜籽油2311沽9600,1386.5,0.0,0.0,0.0,10,781.5,2048.0,1,1386.5,0.0,0.0,0.0,0.0,0.0,6
2023-05-09 21:04:10,OI311P9600,菜籽油2311沽9600,1386.5,0.0,0.0,0.0,1,783.0,2048.0,1,1386.5,0.0,0.0,0.0,0.0,0.0,6
2023-05-09 21:04:10,OI311P9600,菜籽油2311沽9600,1386.5,0.0,0.0,0.0,10,783.5,2048.0,1,1386.5,0.0,0.0,0.0,0.0,0.0,6
2023-05-09 21:04:11,OI311P9600,菜籽油2311沽9600,1386.5,0.0,0.0,0.0,1,785.0,2048.0,1,1386.5,0.0,0.0,0.0,0.0,0.0,6
2023-05-09 21:04:11,OI311P9600,菜籽油2311沽9600,1386.5,0.0,0.0,0.0,10,785.5,2048.0,1,1386.5,0.0,0.0,0.0,0.0,0.0,6
2023-05-09 21:04:12,OI311P9600,菜籽油2311沽9600,1386.5,0.0,0.0,0.0,1,787.0,2048.0,1,1386.5,0.0,0.0,0.0,0.0,0.0,6
2023-05-09 21:04:12,OI311P9600,菜籽油2311沽9600,1386.5,0.0,0.0,0.0,10,787.5,2048.0,1,1386.5,0.0,0.0,0.0,0.0,0.0,6
2023-05-09 21:04:13,OI311P9600,菜籽油2311沽9600,1386.5,0.0,0.0,0.0,1,789.0,2048.0,1,1386.5,0.0,0.0,0.0,0.0,0.0,6
2023-05-09 21:04:13,OI311P9600,菜籽油2311沽9600,1386.5,0.0,0.0,0.0,10,789.5,2048.0,1,1386.5,0.0,0.0,0.0,0.0,0.0,6
2023-05-09 21:04:14,OI311P9600,菜籽油2311沽9600,1386.5,0.0,0.0,0.0,1,791.0,2048.0,1,1386.5,0.0,0.0,0.0,0.0,0.0,6
2023-05-09 21:04:14,OI311P9600,菜籽油2311沽9600,1386.5,0.0,0.0,0.0,10,791.5,2048.0,1,1386.5,0.0,0.0,0.0,0.0,0.0,6
2023-05-09 21:04:15,OI311P9600,菜籽油2311沽9600,1386.5,0.0,0.0,0.0,1,793.0,2048.0,1,1386.5,0.0,0.0,0.0,0.0,0.0,6
2023-05-09 21:04:15,OI311P9600,菜籽油2311沽9600,1386.5,0.0,0.0,0.0,10,793.5,2048.0,1,1386.5,0.0,0.0,0.0,0.0,0.0,6
2023-05-09 21:04:16,OI311P9600,菜籽油2311沽9600,1386.5,0.0,0.0,0.0,1,795.0,2048.0,1,1386.5,0.0,0.0,0.0,0.0,0.0,6
2023-05-09 21:04:16,OI311P9600,菜籽油2311沽9600,1386.5,0.0,0.0,0.0,10,795.5,2048.0,1,1386.5,0.0,0.0,0.0,0.0,0.0,6
2023-05-09 21:04:18,OI311P9600,菜籽油2311沽9600,1386.5,0.0,0.0,0.0,1,797.0,2048.0,1,1386.5,0.0,0.0,0.0,0.0,0.0,6
2023-05-09 21:04:18,OI311P9600,菜籽油2311沽9600,1386.5,0.0,0.0,0.0,10,797.5,2048.0,1,1386.5,0.0,0.0,0.0,0.0,0.0,6
2023-05-09 21:04:20,OI311P9600,菜籽油2311沽9600,1386.5,0.0,0.0,0.0,1,799.0,2048.0,1,1386.5,0.0,0.0,0.0,0.0,0.0,6
2023-05-09 21:04:20,OI311P9600,菜籽油2311沽9600,1386.5,0.0,0.0,0.0,10,799.5,2048.0,1,1386.5,0.0,0.0,0.0,0.0,0.0,6
2023-05-09 21:04:23,OI311P9600,菜籽油2311沽9600,1386.5,0.0,0.0,0.0,1,801.0,2048.0,1,1386.5,0.0,0.0,0.0,0.0,0.0,6
2023-05-09 21:04:23,OI311P9600,菜籽油2311沽9600,1386.5,0.0,0.0,0.0,10,801.5,2048.0,1,1386.5,0.0,0.0,0.0,0.0,0.0,6
2023-05-09 21:04:24,OI311P9600,菜籽油2311沽9600,1386.5,0.0,0.0,0.0,1,803.0,2048.0,1,1386.5,0.0,0.0,0.0,0.0,0.0,6
2023-05-09 21:04:24,OI311P9600,菜籽油2311沽9600,1386.5,0.0,0.0,0.0,10,803.5,2048.0,1,1386.5,0.0,0.0,0.0,0.0,0.0,6
2023-05-09 21:04:25,OI311P9600,菜籽油2311沽9600,1386.5,0.0,0.0,0.0,1,805.0,2048.0,1,1386.5,0.0,0.0,0.0,0.0,0.0,6
2023-05-09 21:04:25,OI311P9600,菜籽油2311沽9600,1386.5,0.0,0.0,0.0,10,805.5,2048.0,1,1386.5,0.0,0.0,0.0,0.0,0.0,6
2023-05-09 21:04:27,OI311P9600,菜籽油2311沽9600,1386.5,0.0,0.0,0.0,1,807.0,2048.0,1,1386.5,0.0,0.0,0.0,0.0,0.0,6
2023-05-09 21:04:27,OI311P9600,菜籽油2311沽9600,1386.5,0.0,0.0,0.0,10,807.5,2048.0,1,1386.5,0.0,0.0,0.0,0.0,0.0,6
2023-05-09 21:04:28,OI311P9600,菜籽油2311沽9600,1386.5,0.0,0.0,0.0,1,809.0,2048.0,1,1386.5,0.0,0.0,0.0,0.0,0.0,6
2023-05-09 21:04:28,OI311P9600,菜籽油2311沽9600,1386.5,0.0,0.0,0.0,10,809.5,2048.0,1,1386.5,0.0,0.0,0.0,0.0,0.0,6
2023-05-09 21:04:30,OI311P9600,菜籽油2311沽9600,1386.5,0.0,0.0,0.0,1,811.0,2048.0,1,1386.5,0.0,0.0,0.0,0.0,0.0,6
2023-05-09 21:04:30,OI311P9600,菜籽油2311沽9600,1386.5,0.0,0.0,0.0,10,811.5,2048.0,1,1386.5,0.0,0.0,0.0,0.0,0.0,6
2023-05-09 21:04:31,OI311P9600,菜籽油2311沽9600,1386.5,0.0,0.0,0.0,1,813.0,2048.0,1,1386.5,0.0,0.0,0.0,0.0,0.0,6
2023-05-09 21:04:31,OI311P9600,菜籽油2311沽9600,1386.5,0.0,0.0,0.0,10,813.5,2048.0,1,1386.5,0.0,0.0,0.0,0.0,0.0,6
2023-05-09 21:04:32,OI311P9600,菜籽油2311沽9600,1386.5,0.0,0.0,0.0,1,815.0,2048.0,1,1386.5,0.0,0.0,0.0,0.0,0.0,6
2023-05-09 21:04:32,OI311P9600,菜籽油2311沽9600,1386.5,0.0,0.0,0.0,10,815.5,2048.0,1,1386.5,0.0,0.0,0.0,0.0,0.0,6
2023-05-09 21:04:33,OI311P9600,菜籽油2311沽9600,1386.5,0.0,0.0,0.0,1,817.0,2048.0,1,1386.5,0.0,0.0,0.0,0.0,0.0,6
2023-05-09 21:04:33,OI311P9600,菜籽油2311沽9600,1386.5,0.0,0.0,0.0,10,817.5,2048.0,1,1386.5,0.0,0.0,0.0,0.0,0.0,6
2023-05-09 21:04:35,OI311P9600,菜籽油2311沽9600,1386.5,0.0,0.0,0.0,1,819.0,2048.0,1,1386.5,0.0,0.0,0.0,0.0,0.0,6
2023-05-09 21:04:35,OI311P9600,菜籽油2311沽9600,1386.5,0.0,0.0,0.0,10,819.5,2048.0,1,1386.5,0.0,0.0,0.0,0.0,0.0,6
2023-05-09 21:04:36,OI311P9600,菜籽油2311沽9600,1386.5,0.0,0.0,0.0,1,821.0,2048.0,1,1386.5,0.0,0.0,0.0,0.0,0.0,6
2023-05-09 21:04:36,OI311P9600,菜籽油2311沽9600,1386.5,0.0,0.0,0.0,10,821.5,2048.0,1,1386.5,0.0,0.0,0.0,0.0,0.0,6
2023-05-09 21:04:37,OI311P9600,菜籽油2311沽9600,1386.5,0.0,0.0,0.0,1,823.0,2048.0,1,1386.5,0.0,0.0,0.0,0.0,0.0,6
2023-05-09 21:04:37,OI311P9600,菜籽油2311沽9600,1386.5,0.0,0.0,0.0,10,823.5,2048.0,1,1386.5,0.0,0.0,0.0,0.0,0.0,6
2023-05-09 21:04:39,OI311P9600,菜籽油2311沽9600,1386.5,0.0,0.0,0.0,1,825.0,2048.0,1,1386.5,0.0,0.0,0.0,0.0,0.0,6
2023-05-09 21:04:39,OI311P9600,菜籽油2311沽9600,1386.5,0.0,0.0,0.0,10,825.5,2048.0,1,1386.5,0.0,0.0,0.0,0.0,0.0,6
2023-05-09 21:04:40,OI311P9600,菜籽油2311沽9600,1386.5,0.0,0.0,0.0,1,827.0,2048.0,1,1386.5,0.0,0.0,0.0,0.0,0.0,6
2023-05-09 21:04:40,OI311P9600,菜籽油2311沽9600,1386.5,0.0,0.0,0.0,10,827.5,2048.0,1,1386.5,0.0,0.0,0.0,0.0,0.0,6
2023-05-09 21:04:44,OI311P9600,菜籽油2311沽9600,1386.5,0.0,0.0,0.0,1,829.0,2048.0,1,1386.5,0.0,0.0,0.0,0.0,0.0,6
2023-05-09 21:04:44,OI311P9600,菜籽油2311沽9600,1386.5,0.0,0.0,0.0,10,829.5,2048.0,1,1386.5,0.0,0.0,0.0,0.0,0.0,6
2023-05-09 21:04:45,OI311P9600,菜籽油2311沽9600,1386.5,0.0,0.0,0.0,1,831.0,2048.0,1,1386.5,0.0,0.0,0.0,0.0,0.0,6
2023-05-09 21:04:45,OI311P9600,菜籽油2311沽9600,1386.5,0.0,0.0,0.0,10,831.5,2048.0,1,1386.5,0.0,0.0,0.0,0.0,0.0,6
2023-05-09 21:04:49,OI311P9600,菜籽油2311沽9600,1386.5,0.0,0.0,0.0,1,833.0,2048.0,1,1386.5,0.0,0.0,0.0,0.0,0.0,6
2023-05-09 21:04:49,OI311P9600,菜籽油2311沽9600,1386.5,0.0,0.0,0.0,10,833.5,2048.0,1,1386.5,0.0,0.0,0.0,0.0,0.0,6
2023-05-09 21:04:50,OI311P9600,菜籽油2311沽9600,1386.5,0.0,0.0,0.0,1,835.0,2048.0,1,1386.5,0.0,0.0,0.0,0.0,0.0,6
2023-05-09 21:04:50,OI311P9600,菜籽油2311沽9600,1386.5,0.0,0.0,0.0,10,835.5,2048.0,1,1386.5,0.0,0.0,0.0,0.0,0.0,6
2023-05-09 21:04:54,OI311P9600,菜籽油2311沽9600,1386.5,0.0,0.0,0.0,1,837.0,2048.0,1,1386.5,0.0,0.0,0.0,0.0,0.0,6
2023-05-09 21:04:54,OI311P9600,菜籽油2311沽9600,1386.5,0.0,0.0,0.0,10,837.5,2048.0,1,1386.5,0.0,0.0,0.0,0.0,0.0,6
2023-05-09 21:04:55,OI311P9600,菜籽油2311沽9600,1386.5,0.0,0.0,0.0,1,839.0,2048.0,1,1386.5,0.0,0.0,0.0,0.0,0.0,6
2023-05-09 21:04:56,OI311P9600,菜籽油2311沽9600,1386.5,0.0,0.0,0.0,10,839.5,2048.0,1,1386.5,0.0,0.0,0.0,0.0,0.0,6
2023-05-09 21:04:59,OI311P9600,菜籽油2311沽9600,1386.5,0.0,0.0,0.0,1,841.0,2048.0,1,1386.5,0.0,0.0,0.0,0.0,0.0,6
2023-05-09 21:04:59,OI311P9600,菜籽油2311沽9600,1386.5,0.0,0.0,0.0,10,841.5,2048.0,1,1386.5,0.0,0.0,0.0,0.0,0.0,6
2023-05-09 21:05:01,OI311P9600,菜籽油2311沽9600,1386.5,0.0,0.0,0.0,1,843.0,2048.0,1,1386.5,0.0,0.0,0.0,0.0,0.0,6
2023-05-09 21:05:01,OI311P9600,菜籽油2311沽9600,1386.5,0.0,0.0,0.0,10,843.5,2048.0,1,1386.5,0.0,0.0,0.0,0.0,0.0,6
2023-05-09 21:05:07,OI311P9600,菜籽油2311沽9600,1386.5,0.0,0.0,0.0,1,845.0,2048.0,1,1386.5,0.0,0.0,0.0,0.0,0.0,6
2023-05-09 21:05:08,OI311P9600,菜籽油2311沽9600,1386.5,0.0,0.0,0.0,10,845.5,2048.0,1,1386.5,0.0,0.0,0.0,0.0,0.0,6
2023-05-09 21:05:08,OI311P9600,菜籽油2311沽9600,1386.5,0.0,0.0,0.0,1,847.0,2048.0,1,1386.5,0.0,0.0,0.0,0.0,0.0,6
2023-05-09 21:05:09,OI311P9600,菜籽油2311沽9600,1386.5,0.0,0.0,0.0,10,847.5,2048.0,1,1386.5,0.0,0.0,0.0,0.0,0.0,6
2023-05-09 21:05:09,OI311P9600,菜籽油2311沽9600,1386.5,0.0,0.0,0.0,1,849.0,2048.0,1,1386.5,0.0,0.0,0.0,0.0,0.0,6
2023-05-09 21:05:10,OI311P9600,菜籽油2311沽9600,1386.5,0.0,0.0,0.0,10,849.5,2048.0,1,1386.5,0.0,0.0,0.0,0.0,0.0,6
2023-05-09 21:05:10,OI311P9600,菜籽油2311沽9600,1386.5,0.0,0.0,0.0,1,851.0,2048.0,1,1386.5,0.0,0.0,0.0,0.0,0.0,6
2023-05-09 21:05:11,OI311P9600,菜籽油2311沽9600,1386.5,0.0,0.0,0.0,10,851.5,2048.0,1,1386.5,0.0,0.0,0.0,0.0,0.0,6
2023-05-09 21:05:14,OI311P9600,菜籽油2311沽9600,1386.5,0.0,0.0,0.0,1,853.0,2048.0,1,1386.5,0.0,0.0,0.0,0.0,0.0,6
2023-05-09 21:05:15,OI311P9600,菜籽油2311沽9600,1386.5,0.0,0.0,0.0,10,853.5,2048.0,1,1386.5,0.0,0.0,0.0,0.0,0.0,6
2023-05-09 21:05:18,OI311P9600,菜籽油2311沽9600,1386.5,0.0,0.0,0.0,1,855.0,2048.0,1,1386.5,0.0,0.0,0.0,0.0,0.0,6
2023-05-09 21:05:18,OI311P9600,菜籽油2311沽9600,1386.5,0.0,0.0,0.0,10,855.5,2048.0,1,1386.5,0.0,0.0,0.0,0.0,0.0,6
2023-05-09 21:05:21,OI311P9600,菜籽油2311沽9600,1386.5,0.0,0.0,0.0,1,857.0,2048.0,1,1386.5,0.0,0.0,0.0,0.0,0.0,6
2023-05-09 21:05:22,OI311P9600,菜籽油2311沽9600,1386.5,0.0,0.0,0.0,10,857.5,2048.0,1,1386.5,0.0,0.0,0.0,0.0,0.0,6
2023-05-09 21:05:25,OI311P9600,菜籽油2311沽9600,1386.5,0.0,0.0,0.0,1,859.0,2048.0,1,1386.5,0.0,0.0,0.0,0.0,0.0,6
2023-05-09 21:05:26,OI311P9600,菜籽油2311沽9600,1386.5,0.0,0.0,0.0,10,859.5,2048.0,1,1386.5,0.0,0.0,0.0,0.0,0.0,6
2023-05-09 21:05:29,OI311P9600,菜籽油2311沽9600,1386.5,0.0,0.0,0.0,1,861.0,2048.0,1,1386.5,0.0,0.0,0.0,0.0,0.0,6
2023-05-09 21:05:30,OI311P9600,菜籽油2311沽9600,1386.5,0.0,0.0,0.0,10,861.5,2048.0,1,1386.5,0.0,0.0,0.0,0.0,0.0,6
2023-05-09 21:05:31,OI311P9600,菜籽油2311沽9600,1386.5,0.0,0.0,0.0,1,863.0,2048.0,1,1386.5,0.0,0.0,0.0,0.0,0.0,6
2023-05-09 21:05:32,OI311P9600,菜籽油2311沽9600,1386.5,0.0,0.0,0.0,10,863.5,2048.0,1,1386.5,0.0,0.0,0.0,0.0,0.0,6
2023-05-09 21:05:36,OI311P9600,菜籽油2311沽9600,1386.5,0.0,0.0,0.0,1,865.0,2048.0,1,1386.5,0.0,0.0,0.0,0.0,0.0,6
2023-05-09 21:05:36,OI311P9600,菜籽油2311沽9600,1386.5,0.0,0.0,0.0,10,865.5,2048.0,1,1386.5,0.0,0.0,0.0,0.0,0.0,6
2023-05-09 21:05:42,OI311P9600,菜籽油2311沽9600,1386.5,0.0,0.0,0.0,1,867.0,2048.0,1,1386.5,0.0,0.0,0.0,0.0,0.0,6
2023-05-09 21:05:43,OI311P9600,菜籽油2311沽9600,1386.5,0.0,0.0,0.0,10,867.5,2048.0,1,1386.5,0.0,0.0,0.0,0.0,0.0,6
2023-05-09 21:05:43,OI311P9600,菜籽油2311沽9600,1386.5,0.0,0.0,0.0,1,869.0,2048.0,1,1386.5,0.0,0.0,0.0,0.0,0.0,6
2023-05-09 21:05:44,OI311P9600,菜籽油2311沽9600,1386.5,0.0,0.0,0.0,10,869.5,2048.0,1,1386.5,0.0,0.0,0.0,0.0,0.0,6
2023-05-09 21:05:44,OI311P9600,菜籽油2311沽9600,1386.5,0.0,0.0,0.0,1,871.0,2048.0,1,1386.5,0.0,0.0,0.0,0.0,0.0,6
2023-05-09 21:05:44,OI311P9600,菜籽油2311沽9600,1386.5,0.0,0.0,0.0,10,871.5,2048.0,1,1386.5,0.0,0.0,0.0,0.0,0.0,6
2023-05-09 21:05:48,OI311P9600,菜籽油2311沽9600,1386.5,0.0,0.0,0.0,1,873.0,2048.0,1,1386.5,0.0,0.0,0.0,0.0,0.0,6
2023-05-09 21:05:49,OI311P9600,菜籽油2311沽9600,1386.5,0.0,0.0,0.0,10,873.5,2048.0,1,1386.5,0.0,0.0,0.0,0.0,0.0,6
2023-05-09 21:05:51,OI311P9600,菜籽油2311沽9600,1386.5,0.0,0.0,0.0,1,875.0,2048.0,1,1386.5,0.0,0.0,0.0,0.0,0.0,6
2023-05-09 21:05:52,OI311P9600,菜籽油2311沽9600,1386.5,0.0,0.0,0.0,10,875.5,2048.0,1,1386.5,0.0,0.0,0.0,0.0,0.0,6
2023-05-09 21:05:56,OI311P9600,菜籽油2311沽9600,1386.5,0.0,0.0,0.0,1,877.0,2048.0,1,1386.5,0.0,0.0,0.0,0.0,0.0,6
2023-05-09 21:05:57,OI311P9600,菜籽油2311沽9600,1386.5,0.0,0.0,0.0,10,877.5,2048.0,1,1386.5,0.0,0.0,0.0,0.0,0.0,6
2023-05-09 21:06:00,OI311P9600,菜籽油2311沽9600,1386.5,0.0,0.0,0.0,1,879.0,2048.0,1,1386.5,0.0,0.0,0.0,0.0,0.0,6
2023-05-09 21:06:01,OI311P9600,菜籽油2311沽9600,1386.5,0.0,0.0,0.0,10,879.5,2048.0,1,1386.5,0.0,0.0,0.0,0.0,0.0,6
2023-05-09 21:06:04,OI311P9600,菜籽油2311沽9600,1386.5,0.0,0.0,0.0,1,881.0,2048.0,1,1386.5,0.0,0.0,0.0,0.0,0.0,6
2023-05-09 21:06:04,OI311P9600,菜籽油2311沽9600,1386.5,0.0,0.0,0.0,10,881.5,2048.0,1,1386.5,0.0,0.0,0.0,0.0,0.0,6
2023-05-09 21:06:05,OI311P9600,菜籽油2311沽9600,1386.5,0.0,0.0,0.0,1,883.0,2048.0,1,1386.5,0.0,0.0,0.0,0.0,0.0,6
2023-05-09 21:06:06,OI311P9600,菜籽油2311沽9600,1386.5,0.0,0.0,0.0,10,883.5,2048.0,1,1386.5,0.0,0.0,0.0,0.0,0.0,6
2023-05-09 21:06:10,OI311P9600,菜籽油2311沽9600,1386.5,0.0,0.0,0.0,1,885.0,2048.0,1,1386.5,0.0,0.0,0.0,0.0,0.0,6
2023-05-09 21:06:11,OI311P9600,菜籽油2311沽9600,1386.5,0.0,0.0,0.0,10,885.5,2048.0,1,1386.5,0.0,0.0,0.0,0.0,0.0,6
2023-05-09 21:06:16,OI311P9600,菜籽油2311沽9600,1386.5,0.0,0.0,0.0,1,887.0,2048.0,1,1386.5,0.0,0.0,0.0,0.0,0.0,6
2023-05-09 21:06:17,OI311P9600,菜籽油2311沽9600,1386.5,0.0,0.0,0.0,10,887.5,2048.0,1,1386.5,0.0,0.0,0.0,0.0,0.0,6
2023-05-09 21:06:19,OI311P9600,菜籽油2311沽9600,1386.5,0.0,0.0,0.0,1,889.0,2048.0,1,1386.5,0.0,0.0,0.0,0.0,0.0,6
2023-05-09 21:06:19,OI311P9600,菜籽油2311沽9600,1386.5,0.0,0.0,0.0,10,889.5,2048.0,1,1386.5,0.0,0.0,0.0,0.0,0.0,6
2023-05-09 21:06:20,OI311P9600,菜籽油2311沽9600,1386.5,0.0,0.0,0.0,1,891.0,2048.0,1,1386.5,0.0,0.0,0.0,0.0,0.0,6
2023-05-09 21:06:20,OI311P9600,菜籽油2311沽9600,1386.5,0.0,0.0,0.0,10,891.5,2048.0,1,1386.5,0.0,0.0,0.0,0.0,0.0,6
2023-05-09 21:06:22,OI311P9600,菜籽油2311沽9600,1386.5,0.0,0.0,0.0,1,893.0,2048.0,1,1386.5,0.0,0.0,0.0,0.0,0.0,6
2023-05-09 21:06:22,OI311P9600,菜籽油2311沽9600,1386.5,0.0,0.0,0.0,10,893.5,2048.0,1,1386.5,0.0,0.0,0.0,0.0,0.0,6
2023-05-09 21:06:23,OI311P9600,菜籽油2311沽9600,1386.5,0.0,0.0,0.0,1,895.0,2048.0,1,1386.5,0.0,0.0,0.0,0.0,0.0,6
2023-05-09 21:06:23,OI311P9600,菜籽油2311沽9600,1386.5,0.0,0.0,0.0,10,895.5,2048.0,1,1386.5,0.0,0.0,0.0,0.0,0.0,6
2023-05-09 21:06:24,OI311P9600,菜籽油2311沽9600,1386.5,0.0,0.0,0.0,1,897.0,2048.0,1,1386.5,0.0,0.0,0.0,0.0,0.0,6
2023-05-09 21:06:24,OI311P9600,菜籽油2311沽9600,1386.5,0.0,0.0,0.0,10,897.5,2048.0,1,1386.5,0.0,0.0,0.0,0.0,0.0,6
2023-05-09 21:06:25,OI311P9600,菜籽油2311沽9600,1386.5,0.0,0.0,0.0,1,899.0,2048.0,1,1386.5,0.0,0.0,0.0,0.0,0.0,6
2023-05-09 21:06:25,OI311P9600,菜籽油2311沽9600,1386.5,0.0,0.0,0.0,10,899.5,2048.0,1,1386.5,0.0,0.0,0.0,0.0,0.0,6
2023-05-09 21:06:26,OI311P9600,菜籽油2311沽9600,1386.5,0.0,0.0,0.0,1,901.0,2048.0,1,1386.5,0.0,0.0,0.0,0.0,0.0,6
2023-05-09 21:06:26,OI311P9600,菜籽油2311沽9600,1386.5,0.0,0.0,0.0,10,901.5,2048.0,1,1386.5,0.0,0.0,0.0,0.0,0.0,6
2023-05-09 21:06:30,OI311P9600,菜籽油2311沽9600,1386.5,0.0,0.0,0.0,1,903.0,2048.0,1,1386.5,0.0,0.0,0.0,0.0,0.0,6
2023-05-09 21:06:31,OI311P9600,菜籽油2311沽9600,1386.5,0.0,0.0,0.0,10,903.5,2048.0,1,1386.5,0.0,0.0,0.0,0.0,0.0,6
2023-05-09 21:06:35,OI311P9600,菜籽油2311沽9600,1386.5,0.0,0.0,0.0,1,905.0,2048.0,1,1386.5,0.0,0.0,0.0,0.0,0.0,6
2023-05-09 21:06:36,OI311P9600,菜籽油2311沽9600,1386.5,0.0,0.0,0.0,10,905.5,2048.0,1,1386.5,0.0,0.0,0.0,0.0,0.0,6
2023-05-09 21:06:39,OI311P9600,菜籽油2311沽9600,1386.5,0.0,0.0,0.0,1,907.0,2048.0,1,1386.5,0.0,0.0,0.0,0.0,0.0,6
2023-05-09 21:06:40,OI311P9600,菜籽油2311沽9600,1386.5,0.0,0.0,0.0,10,907.5,2048.0,1,1386.5,0.0,0.0,0.0,0.0,0.0,6
2023-05-09 21:06:45,OI311P9600,菜籽油2311沽9600,1386.5,0.0,0.0,0.0,1,909.0,2048.0,1,1386.5,0.0,0.0,0.0,0.0,0.0,6
2023-05-09 21:06:46,OI311P9600,菜籽油2311沽9600,1386.5,0.0,0.0,0.0,10,909.5,2048.0,1,1386.5,0.0,0.0,0.0,0.0,0.0,6
2023-05-09 21:06:49,OI311P9600,菜籽油2311沽9600,1386.5,0.0,0.0,0.0,1,911.0,2048.0,1,1386.5,0.0,0.0,0.0,0.0,0.0,6
2023-05-09 21:06:50,OI311P9600,菜籽油2311沽9600,1386.5,0.0,0.0,0.0,10,911.5,2048.0,1,1386.5,0.0,0.0,0.0,0.0,0.0,6
2023-05-09 21:06:51,OI311P9600,菜籽油2311沽9600,1386.5,0.0,0.0,0.0,1,913.0,2048.0,1,1386.5,0.0,0.0,0.0,0.0,0.0,6
2023-05-09 21:06:52,OI311P9600,菜籽油2311沽9600,1386.5,0.0,0.0,0.0,10,913.5,2048.0,1,1386.5,0.0,0.0,0.0,0.0,0.0,6
2023-05-09 21:06:57,OI311P9600,菜籽油2311沽9600,1386.5,0.0,0.0,0.0,1,915.0,2048.0,1,1386.5,0.0,0.0,0.0,0.0,0.0,6
2023-05-09 21:06:58,OI311P9600,菜籽油2311沽9600,1386.5,0.0,0.0,0.0,10,915.5,2048.0,1,1386.5,0.0,0.0,0.0,0.0,0.0,6
2023-05-09 21:07:00,OI311P9600,菜籽油2311沽9600,1386.5,0.0,0.0,0.0,1,917.0,2048.0,1,1386.5,0.0,0.0,0.0,0.0,0.0,6
2023-05-09 21:07:00,OI311P9600,菜籽油2311沽9600,1386.5,0.0,0.0,0.0,10,917.5,2048.0,1,1386.5,0.0,0.0,0.0,0.0,0.0,6
2023-05-09 21:07:01,OI311P9600,菜籽油2311沽9600,1386.5,0.0,0.0,0.0,1,919.0,2048.0,1,1386.5,0.0,0.0,0.0,0.0,0.0,6
2023-05-09 21:07:01,OI311P9600,菜籽油2311沽9600,1386.5,0.0,0.0,0.0,10,919.5,2048.0,1,1386.5,0.0,0.0,0.0,0.0,0.0,6
2023-05-09 21:07:02,OI311P9600,菜籽油2311沽9600,1386.5,0.0,0.0,0.0,1,921.0,2048.0,1,1386.5,0.0,0.0,0.0,0.0,0.0,6
2023-05-09 21:07:03,OI311P9600,菜籽油2311沽9600,1386.5,0.0,0.0,0.0,10,921.5,2048.0,1,1386.5,0.0,0.0,0.0,0.0,0.0,6
2023-05-09 21:07:06,OI311P9600,菜籽油2311沽9600,1386.5,0.0,0.0,0.0,1,923.0,2048.0,1,1386.5,0.0,0.0,0.0,0.0,0.0,6
2023-05-09 21:07:07,OI311P9600,菜籽油2311沽9600,1386.5,0.0,0.0,0.0,10,923.5,2048.0,1,1386.5,0.0,0.0,0.0,0.0,0.0,6
2023-05-09 21:07:07,OI311P9600,菜籽油2311沽9600,1386.5,0.0,0.0,0.0,1,925.0,2048.0,1,1386.5,0.0,0.0,0.0,0.0,0.0,6
2023-05-09 21:07:07,OI311P9600,菜籽油2311沽9600,1386.5,0.0,0.0,0.0,10,925.5,2048.0,1,1386.5,0.0,0.0,0.0,0.0,0.0,6
2023-05-09 21:07:08,OI311P9600,菜籽油2311沽9600,1386.5,0.0,0.0,0.0,1,927.0,2048.0,1,1386.5,0.0,0.0,0.0,0.0,0.0,6
2023-05-09 21:07:08,OI311P9600,菜籽油2311沽9600,1386.5,0.0,0.0,0.0,10,927.5,2048.0,1,1386.5,0.0,0.0,0.0,0.0,0.0,6
2023-05-09 21:07:10,OI311P9600,菜籽油2311沽9600,1386.5,0.0,0.0,0.0,1,929.0,2048.0,1,1386.5,0.0,0.0,0.0,0.0,0.0,6
2023-05-09 21:07:10,OI311P9600,菜籽油2311沽9600,1386.5,0.0,0.0,0.0,10,929.5,2048.0,1,1386.5,0.0,0.0,0.0,0.0,0.0,6
2023-05-09 21:07:12,OI311P9600,菜籽油2311沽9600,1386.5,0.0,0.0,0.0,1,931.0,2048.0,1,1386.5,0.0,0.0,0.0,0.0,0.0,6
2023-05-09 21:07:13,OI311P9600,菜籽油2311沽9600,1386.5,0.0,0.0,0.0,10,931.5,2048.0,1,1386.5,0.0,0.0,0.0,0.0,0.0,6
2023-05-09 21:07:14,OI311P9600,菜籽油2311沽9600,1386.5,0.0,0.0,0.0,1,933.0,2048.0,1,1386.5,0.0,0.0,0.0,0.0,0.0,6
2023-05-09 21:07:14,OI311P9600,菜籽油2311沽9600,1386.5,0.0,0.0,0.0,10,933.5,2048.0,1,1386.5,0.0,0.0,0.0,0.0,0.0,6
2023-05-09 21:07:18,OI311P9600,菜籽油2311沽9600,1386.5,0.0,0.0,0.0,1,935.0,2048.0,1,1386.5,0.0,0.0,0.0,0.0,0.0,6
2023-05-09 21:07:18,OI311P9600,菜籽油2311沽9600,1386.5,0.0,0.0,0.0,10,935.5,2048.0,1,1386.5,0.0,0.0,0.0,0.0,0.0,6
2023-05-09 21:07:19,OI311P9600,菜籽油2311沽9600,1386.5,0.0,0.0,0.0,1,937.0,2048.0,1,1386.5,0.0,0.0,0.0,0.0,0.0,6
2023-05-09 21:07:19,OI311P9600,菜籽油2311沽9600,1386.5,0.0,0.0,0.0,10,937.5,2048.0,1,1386.5,0.0,0.0,0.0,0.0,0.0,6
2023-05-09 21:07:22,OI311P9600,菜籽油2311沽9600,1386.5,0.0,0.0,0.0,1,939.0,2048.0,1,1386.5,0.0,0.0,0.0,0.0,0.0,6
2023-05-09 21:07:23,OI311P9600,菜籽油2311沽9600,1386.5,0.0,0.0,0.0,10,939.5,2048.0,1,1386.5,0.0,0.0,0.0,0.0,0.0,6
2023-05-09 21:07:25,OI311P9600,菜籽油2311沽9600,1386.5,0.0,0.0,0.0,1,941.0,2048.0,1,1386.5,0.0,0.0,0.0,0.0,0.0,6
2023-05-09 21:07:25,OI311P9600,菜籽油2311沽9600,1386.5,0.0,0.0,0.0,10,941.5,2048.0,1,1386.5,0.0,0.0,0.0,0.0,0.0,6
2023-05-09 21:07:28,OI311P9600,菜籽油2311沽9600,1386.5,0.0,0.0,0.0,1,943.0,2048.0,1,1386.5,0.0,0.0,0.0,0.0,0.0,6
2023-05-09 21:07:28,OI311P9600,菜籽油2311沽9600,1386.5,0.0,0.0,0.0,10,943.5,2048.0,1,1386.5,0.0,0.0,0.0,0.0,0.0,6
2023-05-09 21:07:31,OI311P9600,菜籽油2311沽9600,1386.5,0.0,0.0,0.0,1,945.0,2048.0,1,1386.5,0.0,0.0,0.0,0.0,0.0,6
2023-05-09 21:07:31,OI311P9600,菜籽油2311沽9600,1386.5,0.0,0.0,0.0,10,945.5,2048.0,1,1386.5,0.0,0.0,0.0,0.0,0.0,6
2023-05-09 21:07:34,OI311P9600,菜籽油2311沽9600,1386.5,0.0,0.0,0.0,1,947.0,2048.0,1,1386.5,0.0,0.0,0.0,0.0,0.0,6
2023-05-09 21:07:35,OI311P9600,菜籽油2311沽9600,1386.5,0.0,0.0,0.0,10,947.5,2048.0,1,1386.5,0.0,0.0,0.0,0.0,0.0,6
2023-05-09 21:07:36,OI311P9600,菜籽油2311沽9600,1386.5,0.0,0.0,0.0,1,949.0,2048.0,1,1386.5,0.0,0.0,0.0,0.0,0.0,6
2023-05-09 21:07:37,OI311P9600,菜籽油2311沽9600,1386.5,0.0,0.0,0.0,10,949.5,2048.0,1,1386.5,0.0,0.0,0.0,0.0,0.0,6
2023-05-09 21:07:38,OI311P9600,菜籽油2311沽9600,1386.5,0.0,0.0,0.0,1,951.0,2048.0,1,1386.5,0.0,0.0,0.0,0.0,0.0,6
2023-05-09 21:07:38,OI311P9600,菜籽油2311沽9600,1386.5,0.0,0.0,0.0,10,951.5,2048.0,1,1386.5,0.0,0.0,0.0,0.0,0.0,6
2023-05-09 21:07:40,OI311P9600,菜籽油2311沽9600,1386.5,0.0,0.0,0.0,1,953.0,2048.0,1,1386.5,0.0,0.0,0.0,0.0,0.0,6
2023-05-09 21:07:40,OI311P9600,菜籽油2311沽9600,1386.5,0.0,0.0,0.0,10,953.5,2048.0,1,1386.5,0.0,0.0,0.0,0.0,0.0,6
2023-05-09 21:07:42,OI311P9600,菜籽油2311沽9600,1386.5,0.0,0.0,0.0,1,955.0,2048.0,1,1386.5,0.0,0.0,0.0,0.0,0.0,6
2023-05-09 21:07:42,OI311P9600,菜籽油2311沽9600,1386.5,0.0,0.0,0.0,10,955.5,2048.0,1,1386.5,0.0,0.0,0.0,0.0,0.0,6
2023-05-09 21:07:44,OI311P9600,菜籽油2311沽9600,1386.5,0.0,0.0,0.0,1,957.0,2048.0,1,1386.5,0.0,0.0,0.0,0.0,0.0,6
2023-05-09 21:07:44,OI311P9600,菜籽油2311沽9600,1386.5,0.0,0.0,0.0,10,957.5,2048.0,1,1386.5,0.0,0.0,0.0,0.0,0.0,6
2023-05-09 21:07:45,OI311P9600,菜籽油2311沽9600,1386.5,0.0,0.0,0.0,1,959.0,2048.0,1,1386.5,0.0,0.0,0.0,0.0,0.0,6
2023-05-09 21:07:45,OI311P9600,菜籽油2311沽9600,1386.5,0.0,0.0,0.0,10,959.5,2048.0,1,1386.5,0.0,0.0,0.0,0.0,0.0,6
2023-05-09 21:07:47,OI311P9600,菜籽油2311沽9600,1386.5,0.0,0.0,0.0,1,961.0,2048.0,1,1386.5,0.0,0.0,0.0,0.0,0.0,6
2023-05-09 21:07:47,OI311P9600,菜籽油2311沽9600,1386.5,0.0,0.0,0.0,10,961.5,2048.0,1,1386.5,0.0,0.0,0.0,0.0,0.0,6
2023-05-09 21:07:48,OI311P9600,菜籽油2311沽9600,1386.5,0.0,0.0,0.0,1,963.0,2048.0,1,1386.5,0.0,0.0,0.0,0.0,0.0,6
2023-05-09 21:07:48,OI311P9600,菜籽油2311沽9600,1386.5,0.0,0.0,0.0,10,963.5,2048.0,1,1386.5,0.0,0.0,0.0,0.0,0.0,6
2023-05-09 21:07:49,OI311P9600,菜籽油2311沽9600,1386.5,0.0,0.0,0.0,1,965.0,2048.0,1,1386.5,0.0,0.0,0.0,0.0,0.0,6
2023-05-09 21:07:49,OI311P9600,菜籽油2311沽9600,1386.5,0.0,0.0,0.0,10,965.5,2048.0,1,1386.5,0.0,0.0,0.0,0.0,0.0,6
2023-05-09 21:07:51,OI311P9600,菜籽油2311沽9600,1386.5,0.0,0.0,0.0,1,967.0,2048.0,1,1386.5,0.0,0.0,0.0,0.0,0.0,6
2023-05-09 21:07:51,OI311P9600,菜籽油2311沽9600,1386.5,0.0,0.0,0.0,10,967.5,2048.0,1,1386.5,0.0,0.0,0.0,0.0,0.0,6
2023-05-09 21:07:52,OI311P9600,菜籽油2311沽9600,1386.5,0.0,0.0,0.0,1,969.0,2048.0,1,1386.5,0.0,0.0,0.0,0.0,0.0,6
2023-05-09 21:07:52,OI311P9600,菜籽油2311沽9600,1386.5,0.0,0.0,0.0,10,969.5,2048.0,1,1386.5,0.0,0.0,0.0,0.0,0.0,6
2023-05-09 21:07:53,OI311P9600,菜籽油2311沽9600,1386.5,0.0,0.0,0.0,1,971.0,2048.0,1,1386.5,0.0,0.0,0.0,0.0,0.0,6
2023-05-09 21:07:53,OI311P9600,菜籽油2311沽9600,1386.5,0.0,0.0,0.0,10,971.5,2048.0,1,1386.5,0.0,0.0,0.0,0.0,0.0,6
2023-05-09 21:07:55,OI311P9600,菜籽油2311沽9600,1386.5,0.0,0.0,0.0,1,973.0,2048.0,1,1386.5,0.0,0.0,0.0,0.0,0.0,6
2023-05-09 21:07:55,OI311P9600,菜籽油2311沽9600,1386.5,0.0,0.0,0.0,10,973.5,2048.0,1,1386.5,0.0,0.0,0.0,0.0,0.0,6
2023-05-09 21:07:56,OI311P9600,菜籽油2311沽9600,1386.5,0.0,0.0,0.0,1,975.0,2048.0,1,1386.5,0.0,0.0,0.0,0.0,0.0,6
2023-05-09 21:07:56,OI311P9600,菜籽油2311沽9600,1386.5,0.0,0.0,0.0,10,975.5,2048.0,1,1386.5,0.0,0.0,0.0,0.0,0.0,6
2023-05-09 21:07:57,OI311P9600,菜籽油2311沽9600,1386.5,0.0,0.0,0.0,1,977.0,2048.0,1,1386.5,0.0,0.0,0.0,0.0,0.0,6
2023-05-09 21:07:57,OI311P9600,菜籽油2311沽9600,1386.5,0.0,0.0,0.0,10,977.5,2048.0,1,1386.5,0.0,0.0,0.0,0.0,0.0,6
2023-05-09 21:07:58,OI311P9600,菜籽油2311沽9600,1386.5,0.0,0.0,0.0,1,979.0,2048.0,1,1386.5,0.0,0.0,0.0,0.0,0.0,6
2023-05-09 21:07:58,OI311P9600,菜籽油2311沽9600,1386.5,0.0,0.0,0.0,10,979.5,2048.0,1,1386.5,0.0,0.0,0.0,0.0,0.0,6
2023-05-09 21:07:59,OI311P9600,菜籽油2311沽9600,1386.5,0.0,0.0,0.0,1,981.0,2048.0,1,1386.5,0.0,0.0,0.0,0.0,0.0,6
2023-05-09 21:07:59,OI311P9600,菜籽油2311沽9600,1386.5,0.0,0.0,0.0,10,981.5,2048.0,1,1386.5,0.0,0.0,0.0,0.0,0.0,6
2023-05-09 21:08:00,OI311P9600,菜籽油2311沽9600,1386.5,0.0,0.0,0.0,1,983.0,2048.0,1,1386.5,0.0,0.0,0.0,0.0,0.0,6
2023-05-09 21:08:00,OI311P9600,菜籽油2311沽9600,1386.5,0.0,0.0,0.0,10,983.5,2048.0,1,1386.5,0.0,0.0,0.0,0.0,0.0,6
2023-05-09 21:08:01,OI311P9600,菜籽油2311沽9600,1386.5,0.0,0.0,0.0,1,985.0,2048.0,1,1386.5,0.0,0.0,0.0,0.0,0.0,6
2023-05-09 21:08:03,OI311P9600,菜籽油2311沽9600,1386.5,0.0,0.0,0.0,10,985.5,2048.0,1,1386.5,0.0,0.0,0.0,0.0,0.0,6
2023-05-09 21:08:04,OI311P9600,菜籽油2311沽9600,1386.5,0.0,0.0,0.0,1,987.0,2048.0,1,1386.5,0.0,0.0,0.0,0.0,0.0,6
2023-05-09 21:08:04,OI311P9600,菜籽油2311沽9600,1386.5,0.0,0.0,0.0,10,987.5,2048.0,1,1386.5,0.0,0.0,0.0,0.0,0.0,6
2023-05-09 21:08:06,OI311P9600,菜籽油2311沽9600,1386.5,0.0,0.0,0.0,1,989.0,2048.0,1,1386.5,0.0,0.0,0.0,0.0,0.0,6
2023-05-09 21:08:06,OI311P9600,菜籽油2311沽9600,1386.5,0.0,0.0,0.0,10,989.5,2048.0,1,1386.5,0.0,0.0,0.0,0.0,0.0,6
2023-05-09 21:08:07,OI311P9600,菜籽油2311沽9600,1386.5,0.0,0.0,0.0,1,991.0,2048.0,1,1386.5,0.0,0.0,0.0,0.0,0.0,6
2023-05-09 21:08:07,OI311P9600,菜籽油2311沽9600,1386.5,0.0,0.0,0.0,10,991.5,2048.0,1,1386.5,0.0,0.0,0.0,0.0,0.0,6
2023-05-09 21:08:08,OI311P9600,菜籽油2311沽9600,1386.5,0.0,0.0,0.0,1,993.0,2048.0,1,1386.5,0.0,0.0,0.0,0.0,0.0,6
2023-05-09 21:08:08,OI311P9600,菜籽油2311沽9600,1386.5,0.0,0.0,0.0,10,993.5,2048.0,1,1386.5,0.0,0.0,0.0,0.0,0.0,6
2023-05-09 21:08:09,OI311P9600,菜籽油2311沽9600,1386.5,0.0,0.0,0.0,1,995.0,2048.0,1,1386.5,0.0,0.0,0.0,0.0,0.0,6
2023-05-09 21:08:09,OI311P9600,菜籽油2311沽9600,1386.5,0.0,0.0,0.0,10,995.5,2048.0,1,1386.5,0.0,0.0,0.0,0.0,0.0,6
2023-05-09 21:08:10,OI311P9600,菜籽油2311沽9600,1386.5,0.0,0.0,0.0,1,997.0,2048.0,1,1386.5,0.0,0.0,0.0,0.0,0.0,6
2023-05-09 21:08:10,OI311P9600,菜籽油2311沽9600,1386.5,0.0,0.0,0.0,10,997.5,2048.0,1,1386.5,0.0,0.0,0.0,0.0,0.0,6
2023-05-09 21:08:11,OI311P9600,菜籽油2311沽9600,1386.5,0.0,0.0,0.0,1,999.0,2048.0,1,1386.5,0.0,0.0,0.0,0.0,0.0,6
2023-05-09 21:08:11,OI311P9600,菜籽油2311沽9600,1386.5,0.0,0.0,0.0,10,999.5,2048.0,1,1386.5,0.0,0.0,0.0,0.0,0.0,6
2023-05-09 21:08:12,OI311P9600,菜籽油2311沽9600,1386.5,0.0,0.0,0.0,1,1001.0,2048.0,1,1386.5,0.0,0.0,0.0,0.0,0.0,6
2023-05-09 21:08:12,OI311P9600,菜籽油2311沽9600,1386.5,0.0,0.0,0.0,10,1001.5,2048.0,1,1386.5,0.0,0.0,0.0,0.0,0.0,6
2023-05-09 21:08:13,OI311P9600,菜籽油2311沽9600,1386.5,0.0,0.0,0.0,1,1003.0,2048.0,1,1386.5,0.0,0.0,0.0,0.0,0.0,6
2023-05-09 21:08:13,OI311P9600,菜籽油2311沽9600,1386.5,0.0,0.0,0.0,10,1003.5,2048.0,1,1386.5,0.0,0.0,0.0,0.0,0.0,6
2023-05-09 21:08:14,OI311P9600,菜籽油2311沽9600,1386.5,0.0,0.0,0.0,1,1005.0,2048.0,1,1386.5,0.0,0.0,0.0,0.0,0.0,6
2023-05-09 21:08:14,OI311P9600,菜籽油2311沽9600,1386.5,0.0,0.0,0.0,10,1005.5,2048.0,1,1386.5,0.0,0.0,0.0,0.0,0.0,6
2023-05-09 21:08:15,OI311P9600,菜籽油2311沽9600,1386.5,0.0,0.0,0.0,1,1007.0,2048.0,1,1386.5,0.0,0.0,0.0,0.0,0.0,6
2023-05-09 21:08:15,OI311P9600,菜籽油2311沽9600,1386.5,0.0,0.0,0.0,10,1007.5,2048.0,1,1386.5,0.0,0.0,0.0,0.0,0.0,6
2023-05-09 21:08:16,OI311P9600,菜籽油2311沽9600,1386.5,0.0,0.0,0.0,1,1009.0,2048.0,1,1386.5,0.0,0.0,0.0,0.0,0.0,6
2023-05-09 21:08:16,OI311P9600,菜籽油2311沽9600,1386.5,0.0,0.0,0.0,10,1009.5,2048.0,1,1386.5,0.0,0.0,0.0,0.0,0.0,6
2023-05-09 21:08:17,OI311P9600,菜籽油2311沽9600,1386.5,0.0,0.0,0.0,1,1011.0,2048.0,1,1386.5,0.0,0.0,0.0,0.0,0.0,6
2023-05-09 21:08:17,OI311P9600,菜籽油2311沽9600,1386.5,0.0,0.0,0.0,10,1011.5,2048.0,1,1386.5,0.0,0.0,0.0,0.0,0.0,6
2023-05-09 21:08:18,OI311P9600,菜籽油2311沽9600,1386.5,0.0,0.0,0.0,1,1013.0,2048.0,1,1386.5,0.0,0.0,0.0,0.0,0.0,6
2023-05-09 21:08:18,OI311P9600,菜籽油2311沽9600,1386.5,0.0,0.0,0.0,10,1013.5,2048.0,1,1386.5,0.0,0.0,0.0,0.0,0.0,6
2023-05-09 21:08:19,OI311P9600,菜籽油2311沽9600,1386.5,0.0,0.0,0.0,1,1015.0,2048.0,1,1386.5,0.0,0.0,0.0,0.0,0.0,6
2023-05-09 21:08:19,OI311P9600,菜籽油2311沽9600,1386.5,0.0,0.0,0.0,10,1015.5,2048.0,1,1386.5,0.0,0.0,0.0,0.0,0.0,6
2023-05-09 21:08:20,OI311P9600,菜籽油2311沽9600,1386.5,0.0,0.0,0.0,1,1017.0,2048.0,1,1386.5,0.0,0.0,0.0,0.0,0.0,6
2023-05-09 21:08:20,OI311P9600,菜籽油2311沽9600,1386.5,0.0,0.0,0.0,10,1017.5,2048.0,1,1386.5,0.0,0.0,0.0,0.0,0.0,6
2023-05-09 21:08:21,OI311P9600,菜籽油2311沽9600,1386.5,0.0,0.0,0.0,1,1019.0,2048.0,1,1386.5,0.0,0.0,0.0,0.0,0.0,6
2023-05-09 21:08:21,OI311P9600,菜籽油2311沽9600,1386.5,0.0,0.0,0.0,10,1019.5,2048.0,1,1386.5,0.0,0.0,0.0,0.0,0.0,6
2023-05-09 21:08:22,OI311P9600,菜籽油2311沽9600,1386.5,0.0,0.0,0.0,1,1021.0,2048.0,1,1386.5,0.0,0.0,0.0,0.0,0.0,6
2023-05-09 21:08:22,OI311P9600,菜籽油2311沽9600,1386.5,0.0,0.0,0.0,10,1021.5,2048.0,1,1386.5,0.0,0.0,0.0,0.0,0.0,6
2023-05-09 21:08:23,OI311P9600,菜籽油2311沽9600,1386.5,0.0,0.0,0.0,1,1023.0,2048.0,1,1386.5,0.0,0.0,0.0,0.0,0.0,6
2023-05-09 21:08:23,OI311P9600,菜籽油2311沽9600,1386.5,0.0,0.0,0.0,10,1023.5,2048.0,1,1386.5,0.0,0.0,0.0,0.0,0.0,6
2023-05-09 21:08:24,OI311P9600,菜籽油2311沽9600,1386.5,0.0,0.0,0.0,1,1025.0,2048.0,1,1386.5,0.0,0.0,0.0,0.0,0.0,6
2023-05-09 21:08:24,OI311P9600,菜籽油2311沽9600,1386.5,0.0,0.0,0.0,10,1025.5,2048.0,1,1386.5,0.0,0.0,0.0,0.0,0.0,6
2023-05-09 21:08:25,OI311P9600,菜籽油2311沽9600,1386.5,0.0,0.0,0.0,1,1027.0,2048.0,1,1386.5,0.0,0.0,0.0,0.0,0.0,6
2023-05-09 21:08:25,OI311P9600,菜籽油2311沽9600,1386.5,0.0,0.0,0.0,10,1027.5,2048.0,1,1386.5,0.0,0.0,0.0,0.0,0.0,6
2023-05-09 21:08:26,OI311P9600,菜籽油2311沽9600,1386.5,0.0,0.0,0.0,1,1029.0,2048.0,1,1386.5,0.0,0.0,0.0,0.0,0.0,6
2023-05-09 21:08:26,OI311P9600,菜籽油2311沽9600,1386.5,0.0,0.0,0.0,10,1029.5,2048.0,1,1386.5,0.0,0.0,0.0,0.0,0.0,6
2023-05-09 21:08:27,OI311P9600,菜籽油2311沽9600,1386.5,0.0,0.0,0.0,1,1031.0,2048.0,1,1386.5,0.0,0.0,0.0,0.0,0.0,6
2023-05-09 21:08:27,OI311P9600,菜籽油2311沽9600,1386.5,0.0,0.0,0.0,10,1031.5,2048.0,1,1386.5,0.0,0.0,0.0,0.0,0.0,6
2023-05-09 21:08:28,OI311P9600,菜籽油2311沽9600,1386.5,0.0,0.0,0.0,1,1033.0,2048.0,1,1386.5,0.0,0.0,0.0,0.0,0.0,6
2023-05-09 21:08:28,OI311P9600,菜籽油2311沽9600,1386.5,0.0,0.0,0.0,10,1033.5,2048.0,1,1386.5,0.0,0.0,0.0,0.0,0.0,6
2023-05-09 21:08:29,OI311P9600,菜籽油2311沽9600,1386.5,0.0,0.0,0.0,1,1035.0,2048.0,1,1386.5,0.0,0.0,0.0,0.0,0.0,6
2023-05-09 21:08:29,OI311P9600,菜籽油2311沽9600,1386.5,0.0,0.0,0.0,10,1035.5,2048.0,1,1386.5,0.0,0.0,0.0,0.0,0.0,6
2023-05-09 21:08:30,OI311P9600,菜籽油2311沽9600,1386.5,0.0,0.0,0.0,1,1037.0,2048.0,1,1386.5,0.0,0.0,0.0,0.0,0.0,6
2023-05-09 21:08:30,OI311P9600,菜籽油2311沽9600,1386.5,0.0,0.0,0.0,10,1037.5,2048.0,1,1386.5,0.0,0.0,0.0,0.0,0.0,6
2023-05-09 21:08:31,OI311P9600,菜籽油2311沽9600,1386.5,0.0,0.0,0.0,1,1039.0,2048.0,1,1386.5,0.0,0.0,0.0,0.0,0.0,6
2023-05-09 21:08:31,OI311P9600,菜籽油2311沽9600,1386.5,0.0,0.0,0.0,10,1039.5,2048.0,1,1386.5,0.0,0.0,0.0,0.0,0.0,6
2023-05-09 21:08:32,OI311P9600,菜籽油2311沽9600,1386.5,0.0,0.0,0.0,1,1041.0,2048.0,1,1386.5,0.0,0.0,0.0,0.0,0.0,6
2023-05-09 21:08:32,OI311P9600,菜籽油2311沽9600,1386.5,0.0,0.0,0.0,10,1041.5,2048.0,1,1386.5,0.0,0.0,0.0,0.0,0.0,6
2023-05-09 21:08:33,OI311P9600,菜籽油2311沽9600,1386.5,0.0,0.0,0.0,1,1043.0,2048.0,1,1386.5,0.0,0.0,0.0,0.0,0.0,6
2023-05-09 21:08:33,OI311P9600,菜籽油2311沽9600,1386.5,0.0,0.0,0.0,10,1043.5,2048.0,1,1386.5,0.0,0.0,0.0,0.0,0.0,6
2023-05-09 21:08:34,OI311P9600,菜籽油2311沽9600,1386.5,0.0,0.0,0.0,1,1045.0,2048.0,1,1386.5,0.0,0.0,0.0,0.0,0.0,6
2023-05-09 21:08:34,OI311P9600,菜籽油2311沽9600,1386.5,0.0,0.0,0.0,10,1045.5,2048.0,1,1386.5,0.0,0.0,0.0,0.0,0.0,6
2023-05-09 21:08:35,OI311P9600,菜籽油2311沽9600,1386.5,0.0,0.0,0.0,1,1047.0,2048.0,1,1386.5,0.0,0.0,0.0,0.0,0.0,6
2023-05-09 21:08:35,OI311P9600,菜籽油2311沽9600,1386.5,0.0,0.0,0.0,10,1047.5,2048.0,1,1386.5,0.0,0.0,0.0,0.0,0.0,6
2023-05-09 21:08:36,OI311P9600,菜籽油2311沽9600,1386.5,0.0,0.0,0.0,1,1049.0,2048.0,1,1386.5,0.0,0.0,0.0,0.0,0.0,6
2023-05-09 21:08:36,OI311P9600,菜籽油2311沽9600,1386.5,0.0,0.0,0.0,10,1049.5,2048.0,1,1386.5,0.0,0.0,0.0,0.0,0.0,6
2023-05-09 21:08:37,OI311P9600,菜籽油2311沽9600,1386.5,0.0,0.0,0.0,10,1051.5,2048.0,1,1386.5,0.0,0.0,0.0,0.0,0.0,6
2023-05-09 21:08:38,OI311P9600,菜籽油2311沽9600,1386.5,0.0,0.0,0.0,1,1053.0,2048.0,1,1386.5,0.0,0.0,0.0,0.0,0.0,6
2023-05-09 21:08:38,OI311P9600,菜籽油2311沽9600,1386.5,0.0,0.0,0.0,10,1053.5,2048.0,1,1386.5,0.0,0.0,0.0,0.0,0.0,6
2023-05-09 21:08:38,OI311P9600,菜籽油2311沽9600,1386.5,0.0,0.0,0.0,1,1055.0,2048.0,1,1386.5,0.0,0.0,0.0,0.0,0.0,6
2023-05-09 21:08:39,OI311P9600,菜籽油2311沽9600,1386.5,0.0,0.0,0.0,10,1055.5,2048.0,1,1386.5,0.0,0.0,0.0,0.0,0.0,6
2023-05-09 21:08:41,OI311P9600,菜籽油2311沽9600,1386.5,0.0,0.0,0.0,1,1057.0,2048.0,1,1386.5,0.0,0.0,0.0,0.0,0.0,6
2023-05-09 21:08:41,OI311P9600,菜籽油2311沽9600,1386.5,0.0,0.0,0.0,10,1057.5,2048.0,1,1386.5,0.0,0.0,0.0,0.0,0.0,6
2023-05-09 21:08:42,OI311P9600,菜籽油2311沽9600,1386.5,0.0,0.0,0.0,1,1059.0,2048.0,1,1386.5,0.0,0.0,0.0,0.0,0.0,6
2023-05-09 21:08:42,OI311P9600,菜籽油2311沽9600,1386.5,0.0,0.0,0.0,10,1059.5,2048.0,1,1386.5,0.0,0.0,0.0,0.0,0.0,6
2023-05-09 21:08:43,OI311P9600,菜籽油2311沽9600,1386.5,0.0,0.0,0.0,1,1061.0,2048.0,1,1386.5,0.0,0.0,0.0,0.0,0.0,6
2023-05-09 21:08:44,OI311P9600,菜籽油2311沽9600,1386.5,0.0,0.0,0.0,10,1061.5,2048.0,1,1386.5,0.0,0.0,0.0,0.0,0.0,6
2023-05-09 21:08:44,OI311P9600,菜籽油2311沽9600,1386.5,0.0,0.0,0.0,1,1063.0,2048.0,1,1386.5,0.0,0.0,0.0,0.0,0.0,6
2023-05-09 21:08:44,OI311P9600,菜籽油2311沽9600,1386.5,0.0,0.0,0.0,10,1063.5,2048.0,1,1386.5,0.0,0.0,0.0,0.0,0.0,6
2023-05-09 21:08:45,OI311P9600,菜籽油2311沽9600,1386.5,0.0,0.0,0.0,1,1065.0,2048.0,1,1386.5,0.0,0.0,0.0,0.0,0.0,6
2023-05-09 21:08:45,OI311P9600,菜籽油2311沽9600,1386.5,0.0,0.0,0.0,10,1065.5,2048.0,1,1386.5,0.0,0.0,0.0,0.0,0.0,6
2023-05-09 21:08:46,OI311P9600,菜籽油2311沽9600,1386.5,0.0,0.0,0.0,1,1067.0,2048.0,1,1386.5,0.0,0.0,0.0,0.0,0.0,6
2023-05-09 21:08:46,OI311P9600,菜籽油2311沽9600,1386.5,0.0,0.0,0.0,10,1067.5,2048.0,1,1386.5,0.0,0.0,0.0,0.0,0.0,6
2023-05-09 21:08:46,OI311P9600,菜籽油2311沽9600,1386.5,0.0,0.0,0.0,1,1067.0,2048.0,1,1386.5,0.0,0.0,0.0,0.0,0.0,6
2023-05-09 21:08:46,OI311P9600,菜籽油2311沽9600,1386.5,0.0,0.0,0.0,10,1067.5,2048.0,1,1386.5,0.0,0.0,0.0,0.0,0.0,6
2023-05-09 21:23:39,OI311P9600,菜籽油2311沽9600,1386.5,0.0,0.0,0.0,1,1069.0,2048.0,1,1386.5,0.0,0.0,0.0,0.0,0.0,6
2023-05-09 21:23:40,OI311P9600,菜籽油2311沽9600,1386.5,0.0,0.0,0.0,10,1069.5,2048.0,1,1386.5,0.0,0.0,0.0,0.0,0.0,6
2023-05-09 21:23:40,OI311P9600,菜籽油2311沽9600,1386.5,0.0,0.0,0.0,1,1071.0,2048.0,1,1386.5,0.0,0.0,0.0,0.0,0.0,6
2023-05-09 21:23:41,OI311P9600,菜籽油2311沽9600,1386.5,0.0,0.0,0.0,10,1071.5,2048.0,1,1386.5,0.0,0.0,0.0,0.0,0.0,6
2023-05-09 21:23:41,OI311P9600,菜籽油2311沽9600,1386.5,0.0,0.0,0.0,1,1073.0,2048.0,1,1386.5,0.0,0.0,0.0,0.0,0.0,6
2023-05-09 21:23:42,OI311P9600,菜籽油2311沽9600,1386.5,0.0,0.0,0.0,10,1073.5,2048.0,1,1386.5,0.0,0.0,0.0,0.0,0.0,6
2023-05-09 21:23:42,OI311P9600,菜籽油2311沽9600,1386.5,0.0,0.0,0.0,1,1075.0,2048.0,1,1386.5,0.0,0.0,0.0,0.0,0.0,6
2023-05-09 21:23:43,OI311P9600,菜籽油2311沽9600,1386.5,0.0,0.0,0.0,10,1075.5,2048.0,1,1386.5,0.0,0.0,0.0,0.0,0.0,6
2023-05-09 21:23:43,OI311P9600,菜籽油2311沽9600,1386.5,0.0,0.0,0.0,1,1077.0,2048.0,1,1386.5,0.0,0.0,0.0,0.0,0.0,6
2023-05-09 21:23:44,OI311P9600,菜籽油2311沽9600,1386.5,0.0,0.0,0.0,10,1077.5,2048.0,1,1386.5,0.0,0.0,0.0,0.0,0.0,6
2023-05-09 21:23:44,OI311P9600,菜籽油2311沽9600,1386.5,0.0,0.0,0.0,1,1079.0,2048.0,1,1386.5,0.0,0.0,0.0,0.0,0.0,6
2023-05-09 21:23:45,OI311P9600,菜籽油2311沽9600,1386.5,0.0,0.0,0.0,10,1079.5,2048.0,1,1386.5,0.0,0.0,0.0,0.0,0.0,6
2023-05-09 21:23:45,OI311P9600,菜籽油2311沽9600,1386.5,0.0,0.0,0.0,1,1081.0,2048.0,1,1386.5,0.0,0.0,0.0,0.0,0.0,6
2023-05-09 21:23:46,OI311P9600,菜籽油2311沽9600,1386.5,0.0,0.0,0.0,10,1081.5,2048.0,1,1386.5,0.0,0.0,0.0,0.0,0.0,6
2023-05-09 21:23:46,OI311P9600,菜籽油2311沽9600,1386.5,0.0,0.0,0.0,1,1083.0,2048.0,1,1386.5,0.0,0.0,0.0,0.0,0.0,6
2023-05-09 21:23:47,OI311P9600,菜籽油2311沽9600,1386.5,0.0,0.0,0.0,10,1083.5,2048.0,1,1386.5,0.0,0.0,0.0,0.0,0.0,6
2023-05-09 21:23:47,OI311P9600,菜籽油2311沽9600,1386.5,0.0,0.0,0.0,1,1085.0,2048.0,1,1386.5,0.0,0.0,0.0,0.0,0.0,6
2023-05-09 21:23:48,OI311P9600,菜籽油2311沽9600,1386.5,0.0,0.0,0.0,10,1085.5,2048.0,1,1386.5,0.0,0.0,0.0,0.0,0.0,6
2023-05-09 21:23:48,OI311P9600,菜籽油2311沽9600,1386.5,0.0,0.0,0.0,1,1087.0,2048.0,1,1386.5,0.0,0.0,0.0,0.0,0.0,6
2023-05-09 21:24:03,OI311P9600,菜籽油2311沽9600,1386.5,0.0,0.0,0.0,10,1087.5,2048.0,1,1386.5,0.0,0.0,0.0,0.0,0.0,6
2023-05-09 21:43:39,OI311P9600,菜籽油2311沽9600,1386.5,0.0,0.0,0.0,1,1089.0,2048.0,1,1386.5,0.0,0.0,0.0,0.0,0.0,6
2023-05-09 21:43:40,OI311P9600,菜籽油2311沽9600,1386.5,0.0,0.0,0.0,10,1089.5,2048.0,1,1386.5,0.0,0.0,0.0,0.0,0.0,6
2023-05-09 21:43:40,OI311P9600,菜籽油2311沽9600,1386.5,0.0,0.0,0.0,1,1091.0,2048.0,1,1386.5,0.0,0.0,0.0,0.0,0.0,6
2023-05-09 21:43:41,OI311P9600,菜籽油2311沽9600,1386.5,0.0,0.0,0.0,10,1091.5,2048.0,1,1386.5,0.0,0.0,0.0,0.0,0.0,6
2023-05-09 21:43:41,OI311P9600,菜籽油2311沽9600,1386.5,0.0,0.0,0.0,1,1093.0,2048.0,1,1386.5,0.0,0.0,0.0,0.0,0.0,6
2023-05-09 21:43:42,OI311P9600,菜籽油2311沽9600,1386.5,0.0,0.0,0.0,10,1093.5,2048.0,1,1386.5,0.0,0.0,0.0,0.0,0.0,6
2023-05-09 21:43:42,OI311P9600,菜籽油2311沽9600,1386.5,0.0,0.0,0.0,1,1095.0,2048.0,1,1386.5,0.0,0.0,0.0,0.0,0.0,6
2023-05-09 21:44:31,OI311P9600,菜籽油2311沽9600,1386.5,0.0,0.0,0.0,10,1095.5,2048.0,1,1386.5,0.0,0.0,0.0,0.0,0.0,6
2023-05-09 21:44:31,OI311P9600,菜籽油2311沽9600,1386.5,0.0,0.0,0.0,1,1097.0,2048.0,1,1386.5,0.0,0.0,0.0,0.0,0.0,6
2023-05-09 21:44:32,OI311P9600,菜籽油2311沽9600,1386.5,0.0,0.0,0.0,10,1097.5,2048.0,1,1386.5,0.0,0.0,0.0,0.0,0.0,6
2023-05-09 21:44:32,OI311P9600,菜籽油2311沽9600,1386.5,0.0,0.0,0.0,1,1099.0,2048.0,1,1386.5,0.0,0.0,0.0,0.0,0.0,6
2023-05-09 21:44:33,OI311P9600,菜籽油2311沽9600,1386.5,0.0,0.0,0.0,10,1099.5,2048.0,1,1386.5,0.0,0.0,0.0,0.0,0.0,6
2023-05-09 21:44:33,OI311P9600,菜籽油2311沽9600,1386.5,0.0,0.0,0.0,1,1101.0,2048.0,1,1386.5,0.0,0.0,0.0,0.0,0.0,6
2023-05-09 21:44:34,OI311P9600,菜籽油2311沽9600,1386.5,0.0,0.0,0.0,10,1101.5,2048.0,1,1386.5,0.0,0.0,0.0,0.0,0.0,6
2023-05-09 21:44:34,OI311P9600,菜籽油2311沽9600,1386.5,0.0,0.0,0.0,1,1103.0,2048.0,1,1386.5,0.0,0.0,0.0,0.0,0.0,6
2023-05-09 21:44:35,OI311P9600,菜籽油2311沽9600,1386.5,0.0,0.0,0.0,10,1103.5,2048.0,1,1386.5,0.0,0.0,0.0,0.0,0.0,6
2023-05-09 21:44:35,OI311P9600,菜籽油2311沽9600,1386.5,0.0,0.0,0.0,1,1105.0,2048.0,1,1386.5,0.0,0.0,0.0,0.0,0.0,6
2023-05-09 21:44:36,OI311P9600,菜籽油2311沽9600,1386.5,0.0,0.0,0.0,10,1105.5,2048.0,1,1386.5,0.0,0.0,0.0,0.0,0.0,6
2023-05-09 21:44:36,OI311P9600,菜籽油2311沽9600,1386.5,0.0,0.0,0.0,1,1107.0,2048.0,1,1386.5,0.0,0.0,0.0,0.0,0.0,6
2023-05-09 21:44:37,OI311P9600,菜籽油2311沽9600,1386.5,0.0,0.0,0.0,10,1107.5,2048.0,1,1386.5,0.0,0.0,0.0,0.0,0.0,6
2023-05-09 22:03:39,OI311P9600,菜籽油2311沽9600,1386.5,0.0,0.0,0.0,1,1109.0,2048.0,1,1386.5,0.0,0.0,0.0,0.0,0.0,6
2023-05-09 22:03:40,OI311P9600,菜籽油2311沽9600,1386.5,0.0,0.0,0.0,10,1109.5,2048.0,1,1386.5,0.0,0.0,0.0,0.0,0.0,6
2023-05-09 22:03:40,OI311P9600,菜籽油2311沽9600,1386.5,0.0,0.0,0.0,1,1111.0,2048.0,1,1386.5,0.0,0.0,0.0,0.0,0.0,6
2023-05-09 22:03:41,OI311P9600,菜籽油2311沽9600,1386.5,0.0,0.0,0.0,10,1111.5,2048.0,1,1386.5,0.0,0.0,0.0,0.0,0.0,6
2023-05-09 22:03:41,OI311P9600,菜籽油2311沽9600,1386.5,0.0,0.0,0.0,1,1113.0,2048.0,1,1386.5,0.0,0.0,0.0,0.0,0.0,6
2023-05-09 22:03:42,OI311P9600,菜籽油2311沽9600,1386.5,0.0,0.0,0.0,10,1113.5,2048.0,1,1386.5,0.0,0.0,0.0,0.0,0.0,6
2023-05-09 22:03:42,OI311P9600,菜籽油2311沽9600,1386.5,0.0,0.0,0.0,1,1115.0,2048.0,1,1386.5,0.0,0.0,0.0,0.0,0.0,6
2023-05-09 22:03:43,OI311P9600,菜籽油2311沽9600,1386.5,0.0,0.0,0.0,10,1115.5,2048.0,1,1386.5,0.0,0.0,0.0,0.0,0.0,6
2023-05-09 22:03:43,OI311P9600,菜籽油2311沽9600,1386.5,0.0,0.0,0.0,1,1117.0,2048.0,1,1386.5,0.0,0.0,0.0,0.0,0.0,6
2023-05-09 22:03:44,OI311P9600,菜籽油2311沽9600,1386.5,0.0,0.0,0.0,10,1117.5,2048.0,1,1386.5,0.0,0.0,0.0,0.0,0.0,6
2023-05-09 22:03:44,OI311P9600,菜籽油2311沽9600,1386.5,0.0,0.0,0.0,1,1119.0,2048.0,1,1386.5,0.0,0.0,0.0,0.0,0.0,6
2023-05-09 22:03:45,OI311P9600,菜籽油2311沽9600,1386.5,0.0,0.0,0.0,10,1119.5,2048.0,1,1386.5,0.0,0.0,0.0,0.0,0.0,6
2023-05-09 22:03:45,OI311P9600,菜籽油2311沽9600,1386.5,0.0,0.0,0.0,1,1121.0,2048.0,1,1386.5,0.0,0.0,0.0,0.0,0.0,6
2023-05-09 22:03:46,OI311P9600,菜籽油2311沽9600,1386.5,0.0,0.0,0.0,10,1121.5,2048.0,1,1386.5,0.0,0.0,0.0,0.0,0.0,6
2023-05-09 22:03:46,OI311P9600,菜籽油2311沽9600,1386.5,0.0,0.0,0.0,1,1123.0,2048.0,1,1386.5,0.0,0.0,0.0,0.0,0.0,6
2023-05-09 22:03:47,OI311P9600,菜籽油2311沽9600,1386.5,0.0,0.0,0.0,10,1123.5,2048.0,1,1386.5,0.0,0.0,0.0,0.0,0.0,6
2023-05-09 22:03:47,OI311P9600,菜籽油2311沽9600,1386.5,0.0,0.0,0.0,1,1125.0,2048.0,1,1386.5,0.0,0.0,0.0,0.0,0.0,6
2023-05-09 22:03:48,OI311P9600,菜籽油2311沽9600,1386.5,0.0,0.0,0.0,10,1125.5,2048.0,1,1386.5,0.0,0.0,0.0,0.0,0.0,6
2023-05-09 22:03:48,OI311P9600,菜籽油2311沽9600,1386.5,0.0,0.0,0.0,1,1127.0,2048.0,1,1386.5,0.0,0.0,0.0,0.0,0.0,6
2023-05-09 22:03:49,OI311P9600,菜籽油2311沽9600,1386.5,0.0,0.0,0.0,10,1127.5,2048.0,1,1386.5,0.0,0.0,0.0,0.0,0.0,6
2023-05-09 22:23:39,OI311P9600,菜籽油2311沽9600,1386.5,0.0,0.0,0.0,1,1129.0,2048.0,1,1386.5,0.0,0.0,0.0,0.0,0.0,6
2023-05-09 22:23:40,OI311P9600,菜籽油2311沽9600,1386.5,0.0,0.0,0.0,10,1129.5,2048.0,1,1386.5,0.0,0.0,0.0,0.0,0.0,6
2023-05-09 22:23:40,OI311P9600,菜籽油2311沽9600,1386.5,0.0,0.0,0.0,1,1131.0,2048.0,1,1386.5,0.0,0.0,0.0,0.0,0.0,6
2023-05-09 22:23:41,OI311P9600,菜籽油2311沽9600,1386.5,0.0,0.0,0.0,10,1131.5,2048.0,1,1386.5,0.0,0.0,0.0,0.0,0.0,6
2023-05-09 22:23:41,OI311P9600,菜籽油2311沽9600,1386.5,0.0,0.0,0.0,1,1133.0,2048.0,1,1386.5,0.0,0.0,0.0,0.0,0.0,6
2023-05-09 22:23:42,OI311P9600,菜籽油2311沽9600,1386.5,0.0,0.0,0.0,10,1133.5,2048.0,1,1386.5,0.0,0.0,0.0,0.0,0.0,6
2023-05-09 22:23:42,OI311P9600,菜籽油2311沽9600,1386.5,0.0,0.0,0.0,1,1135.0,2048.0,1,1386.5,0.0,0.0,0.0,0.0,0.0,6
2023-05-09 22:23:43,OI311P9600,菜籽油2311沽9600,1386.5,0.0,0.0,0.0,10,1135.5,2048.0,1,1386.5,0.0,0.0,0.0,0.0,0.0,6
2023-05-09 22:23:43,OI311P9600,菜籽油2311沽9600,1386.5,0.0,0.0,0.0,1,1137.0,2048.0,1,1386.5,0.0,0.0,0.0,0.0,0.0,6
2023-05-09 22:23:44,OI311P9600,菜籽油2311沽9600,1386.5,0.0,0.0,0.0,10,1137.5,2048.0,1,1386.5,0.0,0.0,0.0,0.0,0.0,6
2023-05-09 22:23:44,OI311P9600,菜籽油2311沽9600,1386.5,0.0,0.0,0.0,1,1139.0,2048.0,1,1386.5,0.0,0.0,0.0,0.0,0.0,6
2023-05-09 22:23:45,OI311P9600,菜籽油2311沽9600,1386.5,0.0,0.0,0.0,10,1139.5,2048.0,1,1386.5,0.0,0.0,0.0,0.0,0.0,6
2023-05-09 22:23:45,OI311P9600,菜籽油2311沽9600,1386.5,0.0,0.0,0.0,1,1141.0,2048.0,1,1386.5,0.0,0.0,0.0,0.0,0.0,6
2023-05-09 22:23:46,OI311P9600,菜籽油2311沽9600,1386.5,0.0,0.0,0.0,10,1141.5,2048.0,1,1386.5,0.0,0.0,0.0,0.0,0.0,6
2023-05-09 22:23:46,OI311P9600,菜籽油2311沽9600,1386.5,0.0,0.0,0.0,1,1143.0,2048.0,1,1386.5,0.0,0.0,0.0,0.0,0.0,6
2023-05-09 22:23:47,OI311P9600,菜籽油2311沽9600,1386.5,0.0,0.0,0.0,10,1143.5,2048.0,1,1386.5,0.0,0.0,0.0,0.0,0.0,6
2023-05-09 22:23:47,OI311P9600,菜籽油2311沽9600,1386.5,0.0,0.0,0.0,1,1145.0,2048.0,1,1386.5,0.0,0.0,0.0,0.0,0.0,6
2023-05-09 22:23:48,OI311P9600,菜籽油2311沽9600,1386.5,0.0,0.0,0.0,10,1145.5,2048.0,1,1386.5,0.0,0.0,0.0,0.0,0.0,6
2023-05-09 22:23:48,OI311P9600,菜籽油2311沽9600,1386.5,0.0,0.0,0.0,1,1147.0,2048.0,1,1386.5,0.0,0.0,0.0,0.0,0.0,6
2023-05-09 22:23:49,OI311P9600,菜籽油2311沽9600,1386.5,0.0,0.0,0.0,10,1147.5,2048.0,1,1386.5,0.0,0.0,0.0,0.0,0.0,6
2023-05-09 22:57:33,OI311P9600,菜籽油2311沽9600,1386.5,0.0,0.0,0.0,0,0.0,2048.0,1,1386.5,0.0,0.0,0.0,0.0,0.0,6
2023-05-09 22:59:53,OI311P9600,菜籽油2311沽9600,1386.5,0.0,0.0,0.0,0,0.0,0.0,0,1386.5,0.0,0.0,0.0,0.0,0.0,6
2023-05-10 09:02:07,OI311P9600,菜籽油2311沽9600,1386.5,0.0,0.0,0.0,1,725.0,2048.0,1,1386.5,0.0,0.0,0.0,0.0,0.0,6
2023-05-10 09:02:07,OI311P9600,菜籽油2311沽9600,1386.5,0.0,0.0,0.0,10,725.5,2048.0,1,1386.5,0.0,0.0,0.0,0.0,0.0,6
2023-05-10 09:02:11,OI311P9600,菜籽油2311沽9600,1386.5,0.0,0.0,0.0,1,727.0,2048.0,1,1386.5,0.0,0.0,0.0,0.0,0.0,6
2023-05-10 09:02:12,OI311P9600,菜籽油2311沽9600,1386.5,0.0,0.0,0.0,10,727.5,2048.0,1,1386.5,0.0,0.0,0.0,0.0,0.0,6
2023-05-10 09:02:13,OI311P9600,菜籽油2311沽9600,1386.5,0.0,0.0,0.0,1,729.0,2048.0,1,1386.5,0.0,0.0,0.0,0.0,0.0,6
2023-05-10 09:02:14,OI311P9600,菜籽油2311沽9600,1386.5,0.0,0.0,0.0,10,729.5,2048.0,1,1386.5,0.0,0.0,0.0,0.0,0.0,6
2023-05-10 09:02:14,OI311P9600,菜籽油2311沽9600,1386.5,0.0,0.0,0.0,1,731.0,2048.0,1,1386.5,0.0,0.0,0.0,0.0,0.0,6
2023-05-10 09:02:15,OI311P9600,菜籽油2311沽9600,1386.5,0.0,0.0,0.0,10,731.5,2048.0,1,1386.5,0.0,0.0,0.0,0.0,0.0,6
2023-05-10 09:02:16,OI311P9600,菜籽油2311沽9600,1386.5,0.0,0.0,0.0,1,733.0,2048.0,1,1386.5,0.0,0.0,0.0,0.0,0.0,6
2023-05-10 09:02:17,OI311P9600,菜籽油2311沽9600,1386.5,0.0,0.0,0.0,10,733.5,2048.0,1,1386.5,0.0,0.0,0.0,0.0,0.0,6
2023-05-10 09:02:17,OI311P9600,菜籽油2311沽9600,1386.5,0.0,0.0,0.0,1,735.0,2048.0,1,1386.5,0.0,0.0,0.0,0.0,0.0,6
2023-05-10 09:02:18,OI311P9600,菜籽油2311沽9600,1386.5,0.0,0.0,0.0,10,735.5,2048.0,1,1386.5,0.0,0.0,0.0,0.0,0.0,6
2023-05-10 09:02:19,OI311P9600,菜籽油2311沽9600,1386.5,0.0,0.0,0.0,1,737.0,2048.0,1,1386.5,0.0,0.0,0.0,0.0,0.0,6
2023-05-10 09:02:20,OI311P9600,菜籽油2311沽9600,1386.5,0.0,0.0,0.0,10,737.5,2048.0,1,1386.5,0.0,0.0,0.0,0.0,0.0,6
2023-05-10 09:02:20,OI311P9600,菜籽油2311沽9600,1386.5,0.0,0.0,0.0,1,739.0,2048.0,1,1386.5,0.0,0.0,0.0,0.0,0.0,6
2023-05-10 09:02:21,OI311P9600,菜籽油2311沽9600,1386.5,0.0,0.0,0.0,10,739.5,2048.0,1,1386.5,0.0,0.0,0.0,0.0,0.0,6
2023-05-10 09:02:22,OI311P9600,菜籽油2311沽9600,1386.5,0.0,0.0,0.0,1,741.0,2048.0,1,1386.5,0.0,0.0,0.0,0.0,0.0,6
2023-05-10 09:02:23,OI311P9600,菜籽油2311沽9600,1386.5,0.0,0.0,0.0,10,741.5,2048.0,1,1386.5,0.0,0.0,0.0,0.0,0.0,6
2023-05-10 09:02:24,OI311P9600,菜籽油2311沽9600,1386.5,0.0,0.0,0.0,1,743.0,2048.0,1,1386.5,0.0,0.0,0.0,0.0,0.0,6
2023-05-10 09:02:25,OI311P9600,菜籽油2311沽9600,1386.5,0.0,0.0,0.0,10,743.5,2048.0,1,1386.5,0.0,0.0,0.0,0.0,0.0,6
2023-05-10 09:02:27,OI311P9600,菜籽油2311沽9600,1386.5,0.0,0.0,0.0,1,745.0,2048.0,1,1386.5,0.0,0.0,0.0,0.0,0.0,6
2023-05-10 09:02:28,OI311P9600,菜籽油2311沽9600,1386.5,0.0,0.0,0.0,10,745.5,2048.0,1,1386.5,0.0,0.0,0.0,0.0,0.0,6
2023-05-10 09:02:28,OI311P9600,菜籽油2311沽9600,1386.5,0.0,0.0,0.0,1,747.0,2048.0,1,1386.5,0.0,0.0,0.0,0.0,0.0,6
2023-05-10 09:02:29,OI311P9600,菜籽油2311沽9600,1386.5,0.0,0.0,0.0,10,747.5,2048.0,1,1386.5,0.0,0.0,0.0,0.0,0.0,6
2023-05-10 09:02:29,OI311P9600,菜籽油2311沽9600,1386.5,0.0,0.0,0.0,1,749.0,2048.0,1,1386.5,0.0,0.0,0.0,0.0,0.0,6
2023-05-10 09:02:30,OI311P9600,菜籽油2311沽9600,1386.5,0.0,0.0,0.0,10,749.5,2048.0,1,1386.5,0.0,0.0,0.0,0.0,0.0,6
2023-05-10 09:02:31,OI311P9600,菜籽油2311沽9600,1386.5,0.0,0.0,0.0,1,751.0,2048.0,1,1386.5,0.0,0.0,0.0,0.0,0.0,6
2023-05-10 09:02:32,OI311P9600,菜籽油2311沽9600,1386.5,0.0,0.0,0.0,10,751.5,2048.0,1,1386.5,0.0,0.0,0.0,0.0,0.0,6
2023-05-10 09:02:32,OI311P9600,菜籽油2311沽9600,1386.5,0.0,0.0,0.0,1,753.0,2048.0,1,1386.5,0.0,0.0,0.0,0.0,0.0,6
2023-05-10 09:02:33,OI311P9600,菜籽油2311沽9600,1386.5,0.0,0.0,0.0,10,753.5,2048.0,1,1386.5,0.0,0.0,0.0,0.0,0.0,6
2023-05-10 09:02:33,OI311P9600,菜籽油2311沽9600,1386.5,0.0,0.0,0.0,1,755.0,2048.0,1,1386.5,0.0,0.0,0.0,0.0,0.0,6
2023-05-10 09:02:34,OI311P9600,菜籽油2311沽9600,1386.5,0.0,0.0,0.0,10,755.5,2048.0,1,1386.5,0.0,0.0,0.0,0.0,0.0,6
2023-05-10 09:02:35,OI311P9600,菜籽油2311沽9600,1386.5,0.0,0.0,0.0,1,757.0,2048.0,1,1386.5,0.0,0.0,0.0,0.0,0.0,6
2023-05-10 09:02:36,OI311P9600,菜籽油2311沽9600,1386.5,0.0,0.0,0.0,10,757.5,2048.0,1,1386.5,0.0,0.0,0.0,0.0,0.0,6
2023-05-10 09:02:38,OI311P9600,菜籽油2311沽9600,1386.5,0.0,0.0,0.0,1,759.0,2048.0,1,1386.5,0.0,0.0,0.0,0.0,0.0,6
2023-05-10 09:02:39,OI311P9600,菜籽油2311沽9600,1386.5,0.0,0.0,0.0,10,759.5,2048.0,1,1386.5,0.0,0.0,0.0,0.0,0.0,6
2023-05-10 09:02:39,OI311P9600,菜籽油2311沽9600,1386.5,0.0,0.0,0.0,1,761.0,2048.0,1,1386.5,0.0,0.0,0.0,0.0,0.0,6
2023-05-10 09:02:40,OI311P9600,菜籽油2311沽9600,1386.5,0.0,0.0,0.0,10,761.5,2048.0,1,1386.5,0.0,0.0,0.0,0.0,0.0,6
2023-05-10 09:02:42,OI311P9600,菜籽油2311沽9600,1386.5,0.0,0.0,0.0,1,763.0,2048.0,1,1386.5,0.0,0.0,0.0,0.0,0.0,6
2023-05-10 09:02:43,OI311P9600,菜籽油2311沽9600,1386.5,0.0,0.0,0.0,10,763.5,2048.0,1,1386.5,0.0,0.0,0.0,0.0,0.0,6
2023-05-10 09:02:44,OI311P9600,菜籽油2311沽9600,1386.5,0.0,0.0,0.0,1,765.0,2048.0,1,1386.5,0.0,0.0,0.0,0.0,0.0,6
2023-05-10 09:02:45,OI311P9600,菜籽油2311沽9600,1386.5,0.0,0.0,0.0,10,765.5,2048.0,1,1386.5,0.0,0.0,0.0,0.0,0.0,6
2023-05-10 09:02:47,OI311P9600,菜籽油2311沽9600,1386.5,0.0,0.0,0.0,1,767.0,2048.0,1,1386.5,0.0,0.0,0.0,0.0,0.0,6
2023-05-10 09:02:48,OI311P9600,菜籽油2311沽9600,1386.5,0.0,0.0,0.0,10,767.5,2048.0,1,1386.5,0.0,0.0,0.0,0.0,0.0,6
2023-05-10 09:02:49,OI311P9600,菜籽油2311沽9600,1386.5,0.0,0.0,0.0,1,769.0,2048.0,1,1386.5,0.0,0.0,0.0,0.0,0.0,6
2023-05-10 09:02:50,OI311P9600,菜籽油2311沽9600,1386.5,0.0,0.0,0.0,10,769.5,2048.0,1,1386.5,0.0,0.0,0.0,0.0,0.0,6
2023-05-10 09:02:51,OI311P9600,菜籽油2311沽9600,1386.5,0.0,0.0,0.0,1,771.0,2048.0,1,1386.5,0.0,0.0,0.0,0.0,0.0,6
2023-05-10 09:02:52,OI311P9600,菜籽油2311沽9600,1386.5,0.0,0.0,0.0,10,771.5,2048.0,1,1386.5,0.0,0.0,0.0,0.0,0.0,6
2023-05-10 09:02:52,OI311P9600,菜籽油2311沽9600,1386.5,0.0,0.0,0.0,1,773.0,2048.0,1,1386.5,0.0,0.0,0.0,0.0,0.0,6
2023-05-10 09:02:53,OI311P9600,菜籽油2311沽9600,1386.5,0.0,0.0,0.0,10,773.5,2048.0,1,1386.5,0.0,0.0,0.0,0.0,0.0,6
2023-05-10 09:02:54,OI311P9600,菜籽油2311沽9600,1386.5,0.0,0.0,0.0,1,775.0,2048.0,1,1386.5,0.0,0.0,0.0,0.0,0.0,6
2023-05-10 09:02:55,OI311P9600,菜籽油2311沽9600,1386.5,0.0,0.0,0.0,10,775.5,2048.0,1,1386.5,0.0,0.0,0.0,0.0,0.0,6
2023-05-10 09:02:55,OI311P9600,菜籽油2311沽9600,1386.5,0.0,0.0,0.0,1,777.0,2048.0,1,1386.5,0.0,0.0,0.0,0.0,0.0,6
2023-05-10 09:02:56,OI311P9600,菜籽油2311沽9600,1386.5,0.0,0.0,0.0,10,777.5,2048.0,1,1386.5,0.0,0.0,0.0,0.0,0.0,6
2023-05-10 09:02:58,OI311P9600,菜籽油2311沽9600,1386.5,0.0,0.0,0.0,1,779.0,2048.0,1,1386.5,0.0,0.0,0.0,0.0,0.0,6
2023-05-10 09:02:59,OI311P9600,菜籽油2311沽9600,1386.5,0.0,0.0,0.0,10,779.5,2048.0,1,1386.5,0.0,0.0,0.0,0.0,0.0,6
2023-05-10 09:03:01,OI311P9600,菜籽油2311沽9600,1386.5,0.0,0.0,0.0,1,781.0,2048.0,1,1386.5,0.0,0.0,0.0,0.0,0.0,6
2023-05-10 09:03:02,OI311P9600,菜籽油2311沽9600,1386.5,0.0,0.0,0.0,10,781.5,2048.0,1,1386.5,0.0,0.0,0.0,0.0,0.0,6
2023-05-10 09:03:02,OI311P9600,菜籽油2311沽9600,1386.5,0.0,0.0,0.0,1,783.0,2048.0,1,1386.5,0.0,0.0,0.0,0.0,0.0,6
2023-05-10 09:03:03,OI311P9600,菜籽油2311沽9600,1386.5,0.0,0.0,0.0,10,783.5,2048.0,1,1386.5,0.0,0.0,0.0,0.0,0.0,6
2023-05-10 09:03:03,OI311P9600,菜籽油2311沽9600,1386.5,0.0,0.0,0.0,1,785.0,2048.0,1,1386.5,0.0,0.0,0.0,0.0,0.0,6
2023-05-10 09:03:04,OI311P9600,菜籽油2311沽9600,1386.5,0.0,0.0,0.0,10,785.5,2048.0,1,1386.5,0.0,0.0,0.0,0.0,0.0,6
2023-05-10 09:03:05,OI311P9600,菜籽油2311沽9600,1386.5,0.0,0.0,0.0,1,787.0,2048.0,1,1386.5,0.0,0.0,0.0,0.0,0.0,6
2023-05-10 09:03:06,OI311P9600,菜籽油2311沽9600,1386.5,0.0,0.0,0.0,10,787.5,2048.0,1,1386.5,0.0,0.0,0.0,0.0,0.0,6
2023-05-10 09:03:06,OI311P9600,菜籽油2311沽9600,1386.5,0.0,0.0,0.0,1,789.0,2048.0,1,1386.5,0.0,0.0,0.0,0.0,0.0,6
2023-05-10 09:03:07,OI311P9600,菜籽油2311沽9600,1386.5,0.0,0.0,0.0,10,789.5,2048.0,1,1386.5,0.0,0.0,0.0,0.0,0.0,6
2023-05-10 09:03:07,OI311P9600,菜籽油2311沽9600,1386.5,0.0,0.0,0.0,1,791.0,2048.0,1,1386.5,0.0,0.0,0.0,0.0,0.0,6
2023-05-10 09:03:08,OI311P9600,菜籽油2311沽9600,1386.5,0.0,0.0,0.0,10,791.5,2048.0,1,1386.5,0.0,0.0,0.0,0.0,0.0,6
2023-05-10 09:03:09,OI311P9600,菜籽油2311沽9600,1386.5,0.0,0.0,0.0,1,793.0,2048.0,1,1386.5,0.0,0.0,0.0,0.0,0.0,6
2023-05-10 09:03:10,OI311P9600,菜籽油2311沽9600,1386.5,0.0,0.0,0.0,10,793.5,2048.0,1,1386.5,0.0,0.0,0.0,0.0,0.0,6
2023-05-10 09:03:11,OI311P9600,菜籽油2311沽9600,1386.5,0.0,0.0,0.0,1,795.0,2048.0,1,1386.5,0.0,0.0,0.0,0.0,0.0,6
2023-05-10 09:03:12,OI311P9600,菜籽油2311沽9600,1386.5,0.0,0.0,0.0,10,795.5,2048.0,1,1386.5,0.0,0.0,0.0,0.0,0.0,6
2023-05-10 09:03:14,OI311P9600,菜籽油2311沽9600,1386.5,0.0,0.0,0.0,1,797.0,2048.0,1,1386.5,0.0,0.0,0.0,0.0,0.0,6
2023-05-10 09:03:15,OI311P9600,菜籽油2311沽9600,1386.5,0.0,0.0,0.0,10,797.5,2048.0,1,1386.5,0.0,0.0,0.0,0.0,0.0,6
2023-05-10 09:03:16,OI311P9600,菜籽油2311沽9600,1386.5,0.0,0.0,0.0,1,799.0,2048.0,1,1386.5,0.0,0.0,0.0,0.0,0.0,6
2023-05-10 09:03:17,OI311P9600,菜籽油2311沽9600,1386.5,0.0,0.0,0.0,10,799.5,2048.0,1,1386.5,0.0,0.0,0.0,0.0,0.0,6
2023-05-10 09:03:18,OI311P9600,菜籽油2311沽9600,1386.5,0.0,0.0,0.0,1,801.0,2048.0,1,1386.5,0.0,0.0,0.0,0.0,0.0,6
2023-05-10 09:03:19,OI311P9600,菜籽油2311沽9600,1386.5,0.0,0.0,0.0,10,801.5,2048.0,1,1386.5,0.0,0.0,0.0,0.0,0.0,6
2023-05-10 09:03:20,OI311P9600,菜籽油2311沽9600,1386.5,0.0,0.0,0.0,1,803.0,2048.0,1,1386.5,0.0,0.0,0.0,0.0,0.0,6
2023-05-10 09:03:21,OI311P9600,菜籽油2311沽9600,1386.5,0.0,0.0,0.0,10,803.5,2048.0,1,1386.5,0.0,0.0,0.0,0.0,0.0,6
2023-05-10 09:03:23,OI311P9600,菜籽油2311沽9600,1386.5,0.0,0.0,0.0,1,805.0,2048.0,1,1386.5,0.0,0.0,0.0,0.0,0.0,6
2023-05-10 09:03:24,OI311P9600,菜籽油2311沽9600,1386.5,0.0,0.0,0.0,10,805.5,2048.0,1,1386.5,0.0,0.0,0.0,0.0,0.0,6
2023-05-10 09:03:24,OI311P9600,菜籽油2311沽9600,1386.5,0.0,0.0,0.0,1,807.0,2048.0,1,1386.5,0.0,0.0,0.0,0.0,0.0,6
2023-05-10 09:03:25,OI311P9600,菜籽油2311沽9600,1386.5,0.0,0.0,0.0,10,807.5,2048.0,1,1386.5,0.0,0.0,0.0,0.0,0.0,6
2023-05-10 09:03:27,OI311P9600,菜籽油2311沽9600,1386.5,0.0,0.0,0.0,1,809.0,2048.0,1,1386.5,0.0,0.0,0.0,0.0,0.0,6
2023-05-10 09:03:28,OI311P9600,菜籽油2311沽9600,1386.5,0.0,0.0,0.0,10,809.5,2048.0,1,1386.5,0.0,0.0,0.0,0.0,0.0,6
2023-05-10 09:03:28,OI311P9600,菜籽油2311沽9600,1386.5,0.0,0.0,0.0,1,811.0,2048.0,1,1386.5,0.0,0.0,0.0,0.0,0.0,6
2023-05-10 09:03:29,OI311P9600,菜籽油2311沽9600,1386.5,0.0,0.0,0.0,10,811.5,2048.0,1,1386.5,0.0,0.0,0.0,0.0,0.0,6
2023-05-10 09:03:29,OI311P9600,菜籽油2311沽9600,1386.5,0.0,0.0,0.0,1,813.0,2048.0,1,1386.5,0.0,0.0,0.0,0.0,0.0,6
2023-05-10 09:03:30,OI311P9600,菜籽油2311沽9600,1386.5,0.0,0.0,0.0,10,813.5,2048.0,1,1386.5,0.0,0.0,0.0,0.0,0.0,6
2023-05-10 09:03:32,OI311P9600,菜籽油2311沽9600,1386.5,0.0,0.0,0.0,1,815.0,2048.0,1,1386.5,0.0,0.0,0.0,0.0,0.0,6
2023-05-10 09:03:33,OI311P9600,菜籽油2311沽9600,1386.5,0.0,0.0,0.0,10,815.5,2048.0,1,1386.5,0.0,0.0,0.0,0.0,0.0,6
2023-05-10 09:03:34,OI311P9600,菜籽油2311沽9600,1386.5,0.0,0.0,0.0,1,817.0,2048.0,1,1386.5,0.0,0.0,0.0,0.0,0.0,6
2023-05-10 09:03:35,OI311P9600,菜籽油2311沽9600,1386.5,0.0,0.0,0.0,10,817.5,2048.0,1,1386.5,0.0,0.0,0.0,0.0,0.0,6
2023-05-10 09:03:36,OI311P9600,菜籽油2311沽9600,1386.5,0.0,0.0,0.0,1,819.0,2048.0,1,1386.5,0.0,0.0,0.0,0.0,0.0,6
2023-05-10 09:03:37,OI311P9600,菜籽油2311沽9600,1386.5,0.0,0.0,0.0,10,819.5,2048.0,1,1386.5,0.0,0.0,0.0,0.0,0.0,6
2023-05-10 09:03:38,OI311P9600,菜籽油2311沽9600,1386.5,0.0,0.0,0.0,1,821.0,2048.0,1,1386.5,0.0,0.0,0.0,0.0,0.0,6
2023-05-10 09:03:39,OI311P9600,菜籽油2311沽9600,1386.5,0.0,0.0,0.0,10,821.5,2048.0,1,1386.5,0.0,0.0,0.0,0.0,0.0,6
2023-05-10 09:03:39,OI311P9600,菜籽油2311沽9600,1386.5,0.0,0.0,0.0,1,823.0,2048.0,1,1386.5,0.0,0.0,0.0,0.0,0.0,6
2023-05-10 09:03:40,OI311P9600,菜籽油2311沽9600,1386.5,0.0,0.0,0.0,10,823.5,2048.0,1,1386.5,0.0,0.0,0.0,0.0,0.0,6
2023-05-10 09:03:40,OI311P9600,菜籽油2311沽9600,1386.5,0.0,0.0,0.0,1,825.0,2048.0,1,1386.5,0.0,0.0,0.0,0.0,0.0,6
2023-05-10 09:03:41,OI311P9600,菜籽油2311沽9600,1386.5,0.0,0.0,0.0,10,825.5,2048.0,1,1386.5,0.0,0.0,0.0,0.0,0.0,6
2023-05-10 09:03:41,OI311P9600,菜籽油2311沽9600,1386.5,0.0,0.0,0.0,1,827.0,2048.0,1,1386.5,0.0,0.0,0.0,0.0,0.0,6
2023-05-10 09:03:42,OI311P9600,菜籽油2311沽9600,1386.5,0.0,0.0,0.0,10,827.5,2048.0,1,1386.5,0.0,0.0,0.0,0.0,0.0,6
2023-05-10 09:03:42,OI311P9600,菜籽油2311沽9600,1386.5,0.0,0.0,0.0,1,829.0,2048.0,1,1386.5,0.0,0.0,0.0,0.0,0.0,6
2023-05-10 09:03:43,OI311P9600,菜籽油2311沽9600,1386.5,0.0,0.0,0.0,10,829.5,2048.0,1,1386.5,0.0,0.0,0.0,0.0,0.0,6
2023-05-10 09:03:45,OI311P9600,菜籽油2311沽9600,1386.5,0.0,0.0,0.0,1,831.0,2048.0,1,1386.5,0.0,0.0,0.0,0.0,0.0,6
2023-05-10 09:03:46,OI311P9600,菜籽油2311沽9600,1386.5,0.0,0.0,0.0,10,831.5,2048.0,1,1386.5,0.0,0.0,0.0,0.0,0.0,6
2023-05-10 09:03:47,OI311P9600,菜籽油2311沽9600,1386.5,0.0,0.0,0.0,1,833.0,2048.0,1,1386.5,0.0,0.0,0.0,0.0,0.0,6
2023-05-10 09:03:48,OI311P9600,菜籽油2311沽9600,1386.5,0.0,0.0,0.0,10,833.5,2048.0,1,1386.5,0.0,0.0,0.0,0.0,0.0,6
2023-05-10 09:03:48,OI311P9600,菜籽油2311沽9600,1386.5,0.0,0.0,0.0,1,835.0,2048.0,1,1386.5,0.0,0.0,0.0,0.0,0.0,6
2023-05-10 09:03:49,OI311P9600,菜籽油2311沽9600,1386.5,0.0,0.0,0.0,10,835.5,2048.0,1,1386.5,0.0,0.0,0.0,0.0,0.0,6
2023-05-10 09:03:51,OI311P9600,菜籽油2311沽9600,1386.5,0.0,0.0,0.0,1,837.0,2048.0,1,1386.5,0.0,0.0,0.0,0.0,0.0,6
2023-05-10 09:03:52,OI311P9600,菜籽油2311沽9600,1386.5,0.0,0.0,0.0,10,837.5,2048.0,1,1386.5,0.0,0.0,0.0,0.0,0.0,6
2023-05-10 09:03:54,OI311P9600,菜籽油2311沽9600,1386.5,0.0,0.0,0.0,1,839.0,2048.0,1,1386.5,0.0,0.0,0.0,0.0,0.0,6
2023-05-10 09:03:55,OI311P9600,菜籽油2311沽9600,1386.5,0.0,0.0,0.0,10,839.5,2048.0,1,1386.5,0.0,0.0,0.0,0.0,0.0,6
2023-05-10 09:03:57,OI311P9600,菜籽油2311沽9600,1386.5,0.0,0.0,0.0,1,841.0,2048.0,1,1386.5,0.0,0.0,0.0,0.0,0.0,6
2023-05-10 09:03:58,OI311P9600,菜籽油2311沽9600,1386.5,0.0,0.0,0.0,10,841.5,2048.0,1,1386.5,0.0,0.0,0.0,0.0,0.0,6
2023-05-10 09:03:59,OI311P9600,菜籽油2311沽9600,1386.5,0.0,0.0,0.0,1,843.0,2048.0,1,1386.5,0.0,0.0,0.0,0.0,0.0,6
2023-05-10 09:04:00,OI311P9600,菜籽油2311沽9600,1386.5,0.0,0.0,0.0,10,843.5,2048.0,1,1386.5,0.0,0.0,0.0,0.0,0.0,6
2023-05-10 09:04:01,OI311P9600,菜籽油2311沽9600,1386.5,0.0,0.0,0.0,1,845.0,2048.0,1,1386.5,0.0,0.0,0.0,0.0,0.0,6
2023-05-10 09:04:02,OI311P9600,菜籽油2311沽9600,1386.5,0.0,0.0,0.0,10,845.5,2048.0,1,1386.5,0.0,0.0,0.0,0.0,0.0,6
2023-05-10 09:04:02,OI311P9600,菜籽油2311沽9600,1386.5,0.0,0.0,0.0,1,847.0,2048.0,1,1386.5,0.0,0.0,0.0,0.0,0.0,6
2023-05-10 09:04:03,OI311P9600,菜籽油2311沽9600,1386.5,0.0,0.0,0.0,10,847.5,2048.0,1,1386.5,0.0,0.0,0.0,0.0,0.0,6
2023-05-10 09:04:03,OI311P9600,菜籽油2311沽9600,1386.5,0.0,0.0,0.0,1,849.0,2048.0,1,1386.5,0.0,0.0,0.0,0.0,0.0,6
2023-05-10 09:04:04,OI311P9600,菜籽油2311沽9600,1386.5,0.0,0.0,0.0,10,849.5,2048.0,1,1386.5,0.0,0.0,0.0,0.0,0.0,6
2023-05-10 09:04:04,OI311P9600,菜籽油2311沽9600,1386.5,0.0,0.0,0.0,1,851.0,2048.0,1,1386.5,0.0,0.0,0.0,0.0,0.0,6
2023-05-10 09:04:05,OI311P9600,菜籽油2311沽9600,1386.5,0.0,0.0,0.0,10,851.5,2048.0,1,1386.5,0.0,0.0,0.0,0.0,0.0,6
2023-05-10 09:04:05,OI311P9600,菜籽油2311沽9600,1386.5,0.0,0.0,0.0,1,853.0,2048.0,1,1386.5,0.0,0.0,0.0,0.0,0.0,6
2023-05-10 09:04:06,OI311P9600,菜籽油2311沽9600,1386.5,0.0,0.0,0.0,10,853.5,2048.0,1,1386.5,0.0,0.0,0.0,0.0,0.0,6
2023-05-10 09:04:06,OI311P9600,菜籽油2311沽9600,1386.5,0.0,0.0,0.0,1,855.0,2048.0,1,1386.5,0.0,0.0,0.0,0.0,0.0,6
2023-05-10 09:04:07,OI311P9600,菜籽油2311沽9600,1386.5,0.0,0.0,0.0,10,855.5,2048.0,1,1386.5,0.0,0.0,0.0,0.0,0.0,6
2023-05-10 09:04:07,OI311P9600,菜籽油2311沽9600,1386.5,0.0,0.0,0.0,1,857.0,2048.0,1,1386.5,0.0,0.0,0.0,0.0,0.0,6
2023-05-10 09:04:08,OI311P9600,菜籽油2311沽9600,1386.5,0.0,0.0,0.0,10,857.5,2048.0,1,1386.5,0.0,0.0,0.0,0.0,0.0,6
2023-05-10 09:04:08,OI311P9600,菜籽油2311沽9600,1386.5,0.0,0.0,0.0,1,859.0,2048.0,1,1386.5,0.0,0.0,0.0,0.0,0.0,6
2023-05-10 09:04:09,OI311P9600,菜籽油2311沽9600,1386.5,0.0,0.0,0.0,10,859.5,2048.0,1,1386.5,0.0,0.0,0.0,0.0,0.0,6
2023-05-10 09:04:09,OI311P9600,菜籽油2311沽9600,1386.5,0.0,0.0,0.0,1,861.0,2048.0,1,1386.5,0.0,0.0,0.0,0.0,0.0,6
2023-05-10 09:04:10,OI311P9600,菜籽油2311沽9600,1386.5,0.0,0.0,0.0,10,861.5,2048.0,1,1386.5,0.0,0.0,0.0,0.0,0.0,6
2023-05-10 09:04:10,OI311P9600,菜籽油2311沽9600,1386.5,0.0,0.0,0.0,1,863.0,2048.0,1,1386.5,0.0,0.0,0.0,0.0,0.0,6
2023-05-10 09:04:11,OI311P9600,菜籽油2311沽9600,1386.5,0.0,0.0,0.0,10,863.5,2048.0,1,1386.5,0.0,0.0,0.0,0.0,0.0,6
2023-05-10 09:04:11,OI311P9600,菜籽油2311沽9600,1386.5,0.0,0.0,0.0,1,865.0,2048.0,1,1386.5,0.0,0.0,0.0,0.0,0.0,6
2023-05-10 09:04:12,OI311P9600,菜籽油2311沽9600,1386.5,0.0,0.0,0.0,10,865.5,2048.0,1,1386.5,0.0,0.0,0.0,0.0,0.0,6
2023-05-10 09:04:12,OI311P9600,菜籽油2311沽9600,1386.5,0.0,0.0,0.0,1,867.0,2048.0,1,1386.5,0.0,0.0,0.0,0.0,0.0,6
2023-05-10 09:04:13,OI311P9600,菜籽油2311沽9600,1386.5,0.0,0.0,0.0,10,867.5,2048.0,1,1386.5,0.0,0.0,0.0,0.0,0.0,6
2023-05-10 09:04:13,OI311P9600,菜籽油2311沽9600,1386.5,0.0,0.0,0.0,1,869.0,2048.0,1,1386.5,0.0,0.0,0.0,0.0,0.0,6
2023-05-10 09:04:14,OI311P9600,菜籽油2311沽9600,1386.5,0.0,0.0,0.0,10,869.5,2048.0,1,1386.5,0.0,0.0,0.0,0.0,0.0,6
2023-05-10 09:04:14,OI311P9600,菜籽油2311沽9600,1386.5,0.0,0.0,0.0,1,871.0,2048.0,1,1386.5,0.0,0.0,0.0,0.0,0.0,6
2023-05-10 09:04:15,OI311P9600,菜籽油2311沽9600,1386.5,0.0,0.0,0.0,10,871.5,2048.0,1,1386.5,0.0,0.0,0.0,0.0,0.0,6
2023-05-10 09:04:15,OI311P9600,菜籽油2311沽9600,1386.5,0.0,0.0,0.0,1,873.0,2048.0,1,1386.5,0.0,0.0,0.0,0.0,0.0,6
2023-05-10 09:04:16,OI311P9600,菜籽油2311沽9600,1386.5,0.0,0.0,0.0,10,873.5,2048.0,1,1386.5,0.0,0.0,0.0,0.0,0.0,6
2023-05-10 09:04:16,OI311P9600,菜籽油2311沽9600,1386.5,0.0,0.0,0.0,1,875.0,2048.0,1,1386.5,0.0,0.0,0.0,0.0,0.0,6
2023-05-10 09:04:17,OI311P9600,菜籽油2311沽9600,1386.5,0.0,0.0,0.0,10,875.5,2048.0,1,1386.5,0.0,0.0,0.0,0.0,0.0,6
2023-05-10 09:04:17,OI311P9600,菜籽油2311沽9600,1386.5,0.0,0.0,0.0,1,877.0,2048.0,1,1386.5,0.0,0.0,0.0,0.0,0.0,6
2023-05-10 09:04:18,OI311P9600,菜籽油2311沽9600,1386.5,0.0,0.0,0.0,10,877.5,2048.0,1,1386.5,0.0,0.0,0.0,0.0,0.0,6
2023-05-10 09:04:18,OI311P9600,菜籽油2311沽9600,1386.5,0.0,0.0,0.0,1,879.0,2048.0,1,1386.5,0.0,0.0,0.0,0.0,0.0,6
2023-05-10 09:04:19,OI311P9600,菜籽油2311沽9600,1386.5,0.0,0.0,0.0,10,879.5,2048.0,1,1386.5,0.0,0.0,0.0,0.0,0.0,6
2023-05-10 09:04:19,OI311P9600,菜籽油2311沽9600,1386.5,0.0,0.0,0.0,1,881.0,2048.0,1,1386.5,0.0,0.0,0.0,0.0,0.0,6
2023-05-10 09:04:20,OI311P9600,菜籽油2311沽9600,1386.5,0.0,0.0,0.0,10,881.5,2048.0,1,1386.5,0.0,0.0,0.0,0.0,0.0,6
2023-05-10 09:04:20,OI311P9600,菜籽油2311沽9600,1386.5,0.0,0.0,0.0,1,883.0,2048.0,1,1386.5,0.0,0.0,0.0,0.0,0.0,6
2023-05-10 09:04:21,OI311P9600,菜籽油2311沽9600,1386.5,0.0,0.0,0.0,10,883.5,2048.0,1,1386.5,0.0,0.0,0.0,0.0,0.0,6
2023-05-10 09:04:21,OI311P9600,菜籽油2311沽9600,1386.5,0.0,0.0,0.0,1,885.0,2048.0,1,1386.5,0.0,0.0,0.0,0.0,0.0,6
2023-05-10 09:07:38,OI311P9600,菜籽油2311沽9600,1386.5,0.0,0.0,0.0,10,885.5,2048.0,1,1386.5,0.0,0.0,0.0,0.0,0.0,6
2023-05-10 09:07:39,OI311P9600,菜籽油2311沽9600,1386.5,0.0,0.0,0.0,1,887.0,2048.0,1,1386.5,0.0,0.0,0.0,0.0,0.0,6
2023-05-10 09:07:39,OI311P9600,菜籽油2311沽9600,1386.5,0.0,0.0,0.0,10,887.5,2048.0,1,1386.5,0.0,0.0,0.0,0.0,0.0,6
2023-05-10 09:07:40,OI311P9600,菜籽油2311沽9600,1386.5,0.0,0.0,0.0,1,889.0,2048.0,1,1386.5,0.0,0.0,0.0,0.0,0.0,6
2023-05-10 09:07:40,OI311P9600,菜籽油2311沽9600,1386.5,0.0,0.0,0.0,10,889.5,2048.0,1,1386.5,0.0,0.0,0.0,0.0,0.0,6
2023-05-10 09:07:42,OI311P9600,菜籽油2311沽9600,1386.5,0.0,0.0,0.0,1,891.0,2048.0,1,1386.5,0.0,0.0,0.0,0.0,0.0,6
2023-05-10 09:07:42,OI311P9600,菜籽油2311沽9600,1386.5,0.0,0.0,0.0,10,891.5,2048.0,1,1386.5,0.0,0.0,0.0,0.0,0.0,6
2023-05-10 09:07:43,OI311P9600,菜籽油2311沽9600,1386.5,0.0,0.0,0.0,1,893.0,2048.0,1,1386.5,0.0,0.0,0.0,0.0,0.0,6
2023-05-10 09:07:43,OI311P9600,菜籽油2311沽9600,1386.5,0.0,0.0,0.0,10,893.5,2048.0,1,1386.5,0.0,0.0,0.0,0.0,0.0,6
2023-05-10 09:07:44,OI311P9600,菜籽油2311沽9600,1386.5,0.0,0.0,0.0,1,895.0,2048.0,1,1386.5,0.0,0.0,0.0,0.0,0.0,6
2023-05-10 09:07:44,OI311P9600,菜籽油2311沽9600,1386.5,0.0,0.0,0.0,10,895.5,2048.0,1,1386.5,0.0,0.0,0.0,0.0,0.0,6
2023-05-10 09:07:45,OI311P9600,菜籽油2311沽9600,1386.5,0.0,0.0,0.0,1,897.0,2048.0,1,1386.5,0.0,0.0,0.0,0.0,0.0,6
2023-05-10 09:07:45,OI311P9600,菜籽油2311沽9600,1386.5,0.0,0.0,0.0,10,897.5,2048.0,1,1386.5,0.0,0.0,0.0,0.0,0.0,6
2023-05-10 09:07:46,OI311P9600,菜籽油2311沽9600,1386.5,0.0,0.0,0.0,1,899.0,2048.0,1,1386.5,0.0,0.0,0.0,0.0,0.0,6
2023-05-10 09:07:46,OI311P9600,菜籽油2311沽9600,1386.5,0.0,0.0,0.0,10,899.5,2048.0,1,1386.5,0.0,0.0,0.0,0.0,0.0,6
2023-05-10 09:07:47,OI311P9600,菜籽油2311沽9600,1386.5,0.0,0.0,0.0,1,901.0,2048.0,1,1386.5,0.0,0.0,0.0,0.0,0.0,6
2023-05-10 09:07:48,OI311P9600,菜籽油2311沽9600,1386.5,0.0,0.0,0.0,10,901.5,2048.0,1,1386.5,0.0,0.0,0.0,0.0,0.0,6
2023-05-10 09:07:49,OI311P9600,菜籽油2311沽9600,1386.5,0.0,0.0,0.0,1,903.0,2048.0,1,1386.5,0.0,0.0,0.0,0.0,0.0,6
2023-05-10 09:07:49,OI311P9600,菜籽油2311沽9600,1386.5,0.0,0.0,0.0,10,903.5,2048.0,1,1386.5,0.0,0.0,0.0,0.0,0.0,6
2023-05-10 09:07:50,OI311P9600,菜籽油2311沽9600,1386.5,0.0,0.0,0.0,1,905.0,2048.0,1,1386.5,0.0,0.0,0.0,0.0,0.0,6
2023-05-10 09:07:50,OI311P9600,菜籽油2311沽9600,1386.5,0.0,0.0,0.0,10,905.5,2048.0,1,1386.5,0.0,0.0,0.0,0.0,0.0,6
2023-05-10 09:07:51,OI311P9600,菜籽油2311沽9600,1386.5,0.0,0.0,0.0,1,907.0,2048.0,1,1386.5,0.0,0.0,0.0,0.0,0.0,6
2023-05-10 09:07:51,OI311P9600,菜籽油2311沽9600,1386.5,0.0,0.0,0.0,10,907.5,2048.0,1,1386.5,0.0,0.0,0.0,0.0,0.0,6
2023-05-10 09:07:53,OI311P9600,菜籽油2311沽9600,1386.5,0.0,0.0,0.0,1,909.0,2048.0,1,1386.5,0.0,0.0,0.0,0.0,0.0,6
2023-05-10 09:07:53,OI311P9600,菜籽油2311沽9600,1386.5,0.0,0.0,0.0,10,909.5,2048.0,1,1386.5,0.0,0.0,0.0,0.0,0.0,6
2023-05-10 09:07:54,OI311P9600,菜籽油2311沽9600,1386.5,0.0,0.0,0.0,1,911.0,2048.0,1,1386.5,0.0,0.0,0.0,0.0,0.0,6
2023-05-10 09:07:54,OI311P9600,菜籽油2311沽9600,1386.5,0.0,0.0,0.0,10,911.5,2048.0,1,1386.5,0.0,0.0,0.0,0.0,0.0,6
2023-05-10 09:07:55,OI311P9600,菜籽油2311沽9600,1386.5,0.0,0.0,0.0,1,913.0,2048.0,1,1386.5,0.0,0.0,0.0,0.0,0.0,6
2023-05-10 09:07:55,OI311P9600,菜籽油2311沽9600,1386.5,0.0,0.0,0.0,10,913.5,2048.0,1,1386.5,0.0,0.0,0.0,0.0,0.0,6
2023-05-10 09:07:56,OI311P9600,菜籽油2311沽9600,1386.5,0.0,0.0,0.0,1,915.0,2048.0,1,1386.5,0.0,0.0,0.0,0.0,0.0,6
2023-05-10 09:07:56,OI311P9600,菜籽油2311沽9600,1386.5,0.0,0.0,0.0,10,915.5,2048.0,1,1386.5,0.0,0.0,0.0,0.0,0.0,6
2023-05-10 09:07:57,OI311P9600,菜籽油2311沽9600,1386.5,0.0,0.0,0.0,1,917.0,2048.0,1,1386.5,0.0,0.0,0.0,0.0,0.0,6
2023-05-10 09:07:57,OI311P9600,菜籽油2311沽9600,1386.5,0.0,0.0,0.0,10,917.5,2048.0,1,1386.5,0.0,0.0,0.0,0.0,0.0,6
2023-05-10 09:07:58,OI311P9600,菜籽油2311沽9600,1386.5,0.0,0.0,0.0,1,919.0,2048.0,1,1386.5,0.0,0.0,0.0,0.0,0.0,6
2023-05-10 09:07:58,OI311P9600,菜籽油2311沽9600,1386.5,0.0,0.0,0.0,10,919.5,2048.0,1,1386.5,0.0,0.0,0.0,0.0,0.0,6
2023-05-10 09:07:59,OI311P9600,菜籽油2311沽9600,1386.5,0.0,0.0,0.0,1,921.0,2048.0,1,1386.5,0.0,0.0,0.0,0.0,0.0,6
2023-05-10 09:07:59,OI311P9600,菜籽油2311沽9600,1386.5,0.0,0.0,0.0,10,921.5,2048.0,1,1386.5,0.0,0.0,0.0,0.0,0.0,6
2023-05-10 09:08:00,OI311P9600,菜籽油2311沽9600,1386.5,0.0,0.0,0.0,1,923.0,2048.0,1,1386.5,0.0,0.0,0.0,0.0,0.0,6
2023-05-10 09:08:00,OI311P9600,菜籽油2311沽9600,1386.5,0.0,0.0,0.0,10,923.5,2048.0,1,1386.5,0.0,0.0,0.0,0.0,0.0,6
2023-05-10 09:08:01,OI311P9600,菜籽油2311沽9600,1386.5,0.0,0.0,0.0,1,925.0,2048.0,1,1386.5,0.0,0.0,0.0,0.0,0.0,6
2023-05-10 09:08:01,OI311P9600,菜籽油2311沽9600,1386.5,0.0,0.0,0.0,10,925.5,2048.0,1,1386.5,0.0,0.0,0.0,0.0,0.0,6
2023-05-10 09:08:02,OI311P9600,菜籽油2311沽9600,1386.5,0.0,0.0,0.0,1,927.0,2048.0,1,1386.5,0.0,0.0,0.0,0.0,0.0,6
2023-05-10 09:08:02,OI311P9600,菜籽油2311沽9600,1386.5,0.0,0.0,0.0,10,927.5,2048.0,1,1386.5,0.0,0.0,0.0,0.0,0.0,6
2023-05-10 09:08:04,OI311P9600,菜籽油2311沽9600,1386.5,0.0,0.0,0.0,1,929.0,2048.0,1,1386.5,0.0,0.0,0.0,0.0,0.0,6
2023-05-10 09:08:04,OI311P9600,菜籽油2311沽9600,1386.5,0.0,0.0,0.0,10,929.5,2048.0,1,1386.5,0.0,0.0,0.0,0.0,0.0,6
2023-05-10 09:08:05,OI311P9600,菜籽油2311沽9600,1386.5,0.0,0.0,0.0,1,931.0,2048.0,1,1386.5,0.0,0.0,0.0,0.0,0.0,6
2023-05-10 09:08:05,OI311P9600,菜籽油2311沽9600,1386.5,0.0,0.0,0.0,10,931.5,2048.0,1,1386.5,0.0,0.0,0.0,0.0,0.0,6
2023-05-10 09:08:06,OI311P9600,菜籽油2311沽9600,1386.5,0.0,0.0,0.0,1,933.0,2048.0,1,1386.5,0.0,0.0,0.0,0.0,0.0,6
2023-05-10 09:08:06,OI311P9600,菜籽油2311沽9600,1386.5,0.0,0.0,0.0,10,933.5,2048.0,1,1386.5,0.0,0.0,0.0,0.0,0.0,6
2023-05-10 09:08:07,OI311P9600,菜籽油2311沽9600,1386.5,0.0,0.0,0.0,1,935.0,2048.0,1,1386.5,0.0,0.0,0.0,0.0,0.0,6
2023-05-10 09:08:07,OI311P9600,菜籽油2311沽9600,1386.5,0.0,0.0,0.0,10,935.5,2048.0,1,1386.5,0.0,0.0,0.0,0.0,0.0,6
2023-05-10 09:08:08,OI311P9600,菜籽油2311沽9600,1386.5,0.0,0.0,0.0,1,937.0,2048.0,1,1386.5,0.0,0.0,0.0,0.0,0.0,6
2023-05-10 09:08:08,OI311P9600,菜籽油2311沽9600,1386.5,0.0,0.0,0.0,10,937.5,2048.0,1,1386.5,0.0,0.0,0.0,0.0,0.0,6
2023-05-10 09:08:10,OI311P9600,菜籽油2311沽9600,1386.5,0.0,0.0,0.0,1,939.0,2048.0,1,1386.5,0.0,0.0,0.0,0.0,0.0,6
2023-05-10 09:08:10,OI311P9600,菜籽油2311沽9600,1386.5,0.0,0.0,0.0,10,939.5,2048.0,1,1386.5,0.0,0.0,0.0,0.0,0.0,6
2023-05-10 09:08:11,OI311P9600,菜籽油2311沽9600,1386.5,0.0,0.0,0.0,1,941.0,2048.0,1,1386.5,0.0,0.0,0.0,0.0,0.0,6
2023-05-10 09:08:11,OI311P9600,菜籽油2311沽9600,1386.5,0.0,0.0,0.0,10,941.5,2048.0,1,1386.5,0.0,0.0,0.0,0.0,0.0,6
2023-05-10 09:08:12,OI311P9600,菜籽油2311沽9600,1386.5,0.0,0.0,0.0,1,943.0,2048.0,1,1386.5,0.0,0.0,0.0,0.0,0.0,6
2023-05-10 09:08:12,OI311P9600,菜籽油2311沽9600,1386.5,0.0,0.0,0.0,10,943.5,2048.0,1,1386.5,0.0,0.0,0.0,0.0,0.0,6
2023-05-10 09:08:13,OI311P9600,菜籽油2311沽9600,1386.5,0.0,0.0,0.0,1,945.0,2048.0,1,1386.5,0.0,0.0,0.0,0.0,0.0,6
2023-05-10 09:08:13,OI311P9600,菜籽油2311沽9600,1386.5,0.0,0.0,0.0,10,945.5,2048.0,1,1386.5,0.0,0.0,0.0,0.0,0.0,6
2023-05-10 09:08:14,OI311P9600,菜籽油2311沽9600,1386.5,0.0,0.0,0.0,1,947.0,2048.0,1,1386.5,0.0,0.0,0.0,0.0,0.0,6
2023-05-10 09:08:14,OI311P9600,菜籽油2311沽9600,1386.5,0.0,0.0,0.0,10,947.5,2048.0,1,1386.5,0.0,0.0,0.0,0.0,0.0,6
2023-05-10 09:08:15,OI311P9600,菜籽油2311沽9600,1386.5,0.0,0.0,0.0,1,949.0,2048.0,1,1386.5,0.0,0.0,0.0,0.0,0.0,6
2023-05-10 09:08:15,OI311P9600,菜籽油2311沽9600,1386.5,0.0,0.0,0.0,10,949.5,2048.0,1,1386.5,0.0,0.0,0.0,0.0,0.0,6
2023-05-10 09:08:16,OI311P9600,菜籽油2311沽9600,1386.5,0.0,0.0,0.0,1,951.0,2048.0,1,1386.5,0.0,0.0,0.0,0.0,0.0,6
2023-05-10 09:08:16,OI311P9600,菜籽油2311沽9600,1386.5,0.0,0.0,0.0,10,951.5,2048.0,1,1386.5,0.0,0.0,0.0,0.0,0.0,6
2023-05-10 09:08:17,OI311P9600,菜籽油2311沽9600,1386.5,0.0,0.0,0.0,1,953.0,2048.0,1,1386.5,0.0,0.0,0.0,0.0,0.0,6
2023-05-10 09:08:17,OI311P9600,菜籽油2311沽9600,1386.5,0.0,0.0,0.0,10,953.5,2048.0,1,1386.5,0.0,0.0,0.0,0.0,0.0,6
2023-05-10 09:08:18,OI311P9600,菜籽油2311沽9600,1386.5,0.0,0.0,0.0,1,955.0,2048.0,1,1386.5,0.0,0.0,0.0,0.0,0.0,6
2023-05-10 09:08:18,OI311P9600,菜籽油2311沽9600,1386.5,0.0,0.0,0.0,10,955.5,2048.0,1,1386.5,0.0,0.0,0.0,0.0,0.0,6
2023-05-10 09:08:19,OI311P9600,菜籽油2311沽9600,1386.5,0.0,0.0,0.0,1,957.0,2048.0,1,1386.5,0.0,0.0,0.0,0.0,0.0,6
2023-05-10 09:08:19,OI311P9600,菜籽油2311沽9600,1386.5,0.0,0.0,0.0,10,957.5,2048.0,1,1386.5,0.0,0.0,0.0,0.0,0.0,6
2023-05-10 09:08:20,OI311P9600,菜籽油2311沽9600,1386.5,0.0,0.0,0.0,1,959.0,2048.0,1,1386.5,0.0,0.0,0.0,0.0,0.0,6
2023-05-10 09:08:20,OI311P9600,菜籽油2311沽9600,1386.5,0.0,0.0,0.0,10,959.5,2048.0,1,1386.5,0.0,0.0,0.0,0.0,0.0,6
2023-05-10 09:08:21,OI311P9600,菜籽油2311沽9600,1386.5,0.0,0.0,0.0,1,961.0,2048.0,1,1386.5,0.0,0.0,0.0,0.0,0.0,6
2023-05-10 09:08:21,OI311P9600,菜籽油2311沽9600,1386.5,0.0,0.0,0.0,10,961.5,2048.0,1,1386.5,0.0,0.0,0.0,0.0,0.0,6
2023-05-10 09:08:22,OI311P9600,菜籽油2311沽9600,1386.5,0.0,0.0,0.0,1,963.0,2048.0,1,1386.5,0.0,0.0,0.0,0.0,0.0,6
2023-05-10 09:08:22,OI311P9600,菜籽油2311沽9600,1386.5,0.0,0.0,0.0,10,963.5,2048.0,1,1386.5,0.0,0.0,0.0,0.0,0.0,6
2023-05-10 09:08:23,OI311P9600,菜籽油2311沽9600,1386.5,0.0,0.0,0.0,1,965.0,2048.0,1,1386.5,0.0,0.0,0.0,0.0,0.0,6
2023-05-10 09:08:23,OI311P9600,菜籽油2311沽9600,1386.5,0.0,0.0,0.0,10,965.5,2048.0,1,1386.5,0.0,0.0,0.0,0.0,0.0,6
2023-05-10 09:08:24,OI311P9600,菜籽油2311沽9600,1386.5,0.0,0.0,0.0,1,967.0,2048.0,1,1386.5,0.0,0.0,0.0,0.0,0.0,6
2023-05-10 09:08:24,OI311P9600,菜籽油2311沽9600,1386.5,0.0,0.0,0.0,10,967.5,2048.0,1,1386.5,0.0,0.0,0.0,0.0,0.0,6
2023-05-10 09:08:24,OI311P9600,菜籽油2311沽9600,1386.5,0.0,0.0,0.0,1,967.0,2048.0,1,1386.5,0.0,0.0,0.0,0.0,0.0,6
2023-05-10 09:08:25,OI311P9600,菜籽油2311沽9600,1386.5,0.0,0.0,0.0,1,969.0,2048.0,1,1386.5,0.0,0.0,0.0,0.0,0.0,6
2023-05-10 09:08:25,OI311P9600,菜籽油2311沽9600,1386.5,0.0,0.0,0.0,10,969.5,2048.0,1,1386.5,0.0,0.0,0.0,0.0,0.0,6
2023-05-10 09:08:26,OI311P9600,菜籽油2311沽9600,1386.5,0.0,0.0,0.0,1,971.0,2048.0,1,1386.5,0.0,0.0,0.0,0.0,0.0,6
2023-05-10 09:08:26,OI311P9600,菜籽油2311沽9600,1386.5,0.0,0.0,0.0,10,971.5,2048.0,1,1386.5,0.0,0.0,0.0,0.0,0.0,6
2023-05-10 09:08:27,OI311P9600,菜籽油2311沽9600,1386.5,0.0,0.0,0.0,1,973.0,2048.0,1,1386.5,0.0,0.0,0.0,0.0,0.0,6
2023-05-10 09:08:27,OI311P9600,菜籽油2311沽9600,1386.5,0.0,0.0,0.0,10,973.5,2048.0,1,1386.5,0.0,0.0,0.0,0.0,0.0,6
2023-05-10 09:08:28,OI311P9600,菜籽油2311沽9600,1386.5,0.0,0.0,0.0,1,975.0,2048.0,1,1386.5,0.0,0.0,0.0,0.0,0.0,6
2023-05-10 09:08:28,OI311P9600,菜籽油2311沽9600,1386.5,0.0,0.0,0.0,10,975.5,2048.0,1,1386.5,0.0,0.0,0.0,0.0,0.0,6
2023-05-10 09:08:29,OI311P9600,菜籽油2311沽9600,1386.5,0.0,0.0,0.0,1,977.0,2048.0,1,1386.5,0.0,0.0,0.0,0.0,0.0,6
2023-05-10 09:08:29,OI311P9600,菜籽油2311沽9600,1386.5,0.0,0.0,0.0,10,977.5,2048.0,1,1386.5,0.0,0.0,0.0,0.0,0.0,6
2023-05-10 09:08:30,OI311P9600,菜籽油2311沽9600,1386.5,0.0,0.0,0.0,1,979.0,2048.0,1,1386.5,0.0,0.0,0.0,0.0,0.0,6
2023-05-10 09:08:30,OI311P9600,菜籽油2311沽9600,1386.5,0.0,0.0,0.0,10,979.5,2048.0,1,1386.5,0.0,0.0,0.0,0.0,0.0,6
2023-05-10 09:08:31,OI311P9600,菜籽油2311沽9600,1386.5,0.0,0.0,0.0,1,981.0,2048.0,1,1386.5,0.0,0.0,0.0,0.0,0.0,6
2023-05-10 09:08:31,OI311P9600,菜籽油2311沽9600,1386.5,0.0,0.0,0.0,10,981.5,2048.0,1,1386.5,0.0,0.0,0.0,0.0,0.0,6
2023-05-10 09:08:32,OI311P9600,菜籽油2311沽9600,1386.5,0.0,0.0,0.0,1,983.0,2048.0,1,1386.5,0.0,0.0,0.0,0.0,0.0,6
2023-05-10 09:08:32,OI311P9600,菜籽油2311沽9600,1386.5,0.0,0.0,0.0,10,983.5,2048.0,1,1386.5,0.0,0.0,0.0,0.0,0.0,6
2023-05-10 09:08:33,OI311P9600,菜籽油2311沽9600,1386.5,0.0,0.0,0.0,1,985.0,2048.0,1,1386.5,0.0,0.0,0.0,0.0,0.0,6
2023-05-10 09:08:33,OI311P9600,菜籽油2311沽9600,1386.5,0.0,0.0,0.0,10,985.5,2048.0,1,1386.5,0.0,0.0,0.0,0.0,0.0,6
2023-05-10 09:08:34,OI311P9600,菜籽油2311沽9600,1386.5,0.0,0.0,0.0,1,987.0,2048.0,1,1386.5,0.0,0.0,0.0,0.0,0.0,6
2023-05-10 09:08:34,OI311P9600,菜籽油2311沽9600,1386.5,0.0,0.0,0.0,10,987.5,2048.0,1,1386.5,0.0,0.0,0.0,0.0,0.0,6
2023-05-10 09:08:35,OI311P9600,菜籽油2311沽9600,1386.5,0.0,0.0,0.0,1,989.0,2048.0,1,1386.5,0.0,0.0,0.0,0.0,0.0,6
2023-05-10 09:08:35,OI311P9600,菜籽油2311沽9600,1386.5,0.0,0.0,0.0,10,989.5,2048.0,1,1386.5,0.0,0.0,0.0,0.0,0.0,6
2023-05-10 09:08:36,OI311P9600,菜籽油2311沽9600,1386.5,0.0,0.0,0.0,1,991.0,2048.0,1,1386.5,0.0,0.0,0.0,0.0,0.0,6
2023-05-10 09:08:36,OI311P9600,菜籽油2311沽9600,1386.5,0.0,0.0,0.0,10,991.5,2048.0,1,1386.5,0.0,0.0,0.0,0.0,0.0,6
2023-05-10 09:08:38,OI311P9600,菜籽油2311沽9600,1386.5,0.0,0.0,0.0,1,993.0,2048.0,1,1386.5,0.0,0.0,0.0,0.0,0.0,6
2023-05-10 09:08:38,OI311P9600,菜籽油2311沽9600,1386.5,0.0,0.0,0.0,10,993.5,2048.0,1,1386.5,0.0,0.0,0.0,0.0,0.0,6
2023-05-10 09:08:41,OI311P9600,菜籽油2311沽9600,1386.5,0.0,0.0,0.0,1,995.0,2048.0,1,1386.5,0.0,0.0,0.0,0.0,0.0,6
2023-05-10 09:08:41,OI311P9600,菜籽油2311沽9600,1386.5,0.0,0.0,0.0,10,995.5,2048.0,1,1386.5,0.0,0.0,0.0,0.0,0.0,6
2023-05-10 09:08:44,OI311P9600,菜籽油2311沽9600,1386.5,0.0,0.0,0.0,1,997.0,2048.0,1,1386.5,0.0,0.0,0.0,0.0,0.0,6
2023-05-10 09:08:44,OI311P9600,菜籽油2311沽9600,1386.5,0.0,0.0,0.0,10,997.5,2048.0,1,1386.5,0.0,0.0,0.0,0.0,0.0,6
2023-05-10 09:08:45,OI311P9600,菜籽油2311沽9600,1386.5,0.0,0.0,0.0,1,999.0,2048.0,1,1386.5,0.0,0.0,0.0,0.0,0.0,6
2023-05-10 09:08:45,OI311P9600,菜籽油2311沽9600,1386.5,0.0,0.0,0.0,10,999.5,2048.0,1,1386.5,0.0,0.0,0.0,0.0,0.0,6
2023-05-10 09:08:46,OI311P9600,菜籽油2311沽9600,1386.5,0.0,0.0,0.0,1,1001.0,2048.0,1,1386.5,0.0,0.0,0.0,0.0,0.0,6
2023-05-10 09:08:46,OI311P9600,菜籽油2311沽9600,1386.5,0.0,0.0,0.0,10,1001.5,2048.0,1,1386.5,0.0,0.0,0.0,0.0,0.0,6
2023-05-10 09:08:48,OI311P9600,菜籽油2311沽9600,1386.5,0.0,0.0,0.0,1,1003.0,2048.0,1,1386.5,0.0,0.0,0.0,0.0,0.0,6
2023-05-10 09:08:48,OI311P9600,菜籽油2311沽9600,1386.5,0.0,0.0,0.0,10,1003.5,2048.0,1,1386.5,0.0,0.0,0.0,0.0,0.0,6
2023-05-10 09:08:49,OI311P9600,菜籽油2311沽9600,1386.5,0.0,0.0,0.0,1,1005.0,2048.0,1,1386.5,0.0,0.0,0.0,0.0,0.0,6
2023-05-10 09:08:49,OI311P9600,菜籽油2311沽9600,1386.5,0.0,0.0,0.0,10,1005.5,2048.0,1,1386.5,0.0,0.0,0.0,0.0,0.0,6
2023-05-10 09:08:51,OI311P9600,菜籽油2311沽9600,1386.5,0.0,0.0,0.0,1,1007.0,2048.0,1,1386.5,0.0,0.0,0.0,0.0,0.0,6
2023-05-10 09:08:52,OI311P9600,菜籽油2311沽9600,1386.5,0.0,0.0,0.0,10,1007.5,2048.0,1,1386.5,0.0,0.0,0.0,0.0,0.0,6
2023-05-10 09:08:57,OI311P9600,菜籽油2311沽9600,1386.5,0.0,0.0,0.0,1,1009.0,2048.0,1,1386.5,0.0,0.0,0.0,0.0,0.0,6
2023-05-10 09:08:57,OI311P9600,菜籽油2311沽9600,1386.5,0.0,0.0,0.0,10,1009.5,2048.0,1,1386.5,0.0,0.0,0.0,0.0,0.0,6
2023-05-10 09:09:02,OI311P9600,菜籽油2311沽9600,1386.5,0.0,0.0,0.0,1,1011.0,2048.0,1,1386.5,0.0,0.0,0.0,0.0,0.0,6
2023-05-10 09:09:02,OI311P9600,菜籽油2311沽9600,1386.5,0.0,0.0,0.0,10,1011.5,2048.0,1,1386.5,0.0,0.0,0.0,0.0,0.0,6
2023-05-10 09:09:08,OI311P9600,菜籽油2311沽9600,1386.5,0.0,0.0,0.0,1,1013.0,2048.0,1,1386.5,0.0,0.0,0.0,0.0,0.0,6
2023-05-10 09:09:09,OI311P9600,菜籽油2311沽9600,1386.5,0.0,0.0,0.0,10,1013.5,2048.0,1,1386.5,0.0,0.0,0.0,0.0,0.0,6
2023-05-10 09:09:15,OI311P9600,菜籽油2311沽9600,1386.5,0.0,0.0,0.0,1,1015.0,2048.0,1,1386.5,0.0,0.0,0.0,0.0,0.0,6
2023-05-10 09:09:15,OI311P9600,菜籽油2311沽9600,1386.5,0.0,0.0,0.0,10,1015.5,2048.0,1,1386.5,0.0,0.0,0.0,0.0,0.0,6
2023-05-10 09:09:20,OI311P9600,菜籽油2311沽9600,1386.5,0.0,0.0,0.0,1,1017.0,2048.0,1,1386.5,0.0,0.0,0.0,0.0,0.0,6
2023-05-10 09:09:21,OI311P9600,菜籽油2311沽9600,1386.5,0.0,0.0,0.0,10,1017.5,2048.0,1,1386.5,0.0,0.0,0.0,0.0,0.0,6
2023-05-10 09:09:23,OI311P9600,菜籽油2311沽9600,1386.5,0.0,0.0,0.0,1,1019.0,2048.0,1,1386.5,0.0,0.0,0.0,0.0,0.0,6
2023-05-10 09:09:23,OI311P9600,菜籽油2311沽9600,1386.5,0.0,0.0,0.0,10,1019.5,2048.0,1,1386.5,0.0,0.0,0.0,0.0,0.0,6
2023-05-10 09:09:31,OI311P9600,菜籽油2311沽9600,1386.5,0.0,0.0,0.0,1,1021.0,2048.0,1,1386.5,0.0,0.0,0.0,0.0,0.0,6
2023-05-10 09:09:32,OI311P9600,菜籽油2311沽9600,1386.5,0.0,0.0,0.0,10,1021.5,2048.0,1,1386.5,0.0,0.0,0.0,0.0,0.0,6
2023-05-10 09:09:37,OI311P9600,菜籽油2311沽9600,1386.5,0.0,0.0,0.0,1,1023.0,2048.0,1,1386.5,0.0,0.0,0.0,0.0,0.0,6
2023-05-10 09:09:37,OI311P9600,菜籽油2311沽9600,1386.5,0.0,0.0,0.0,10,1023.5,2048.0,1,1386.5,0.0,0.0,0.0,0.0,0.0,6
2023-05-10 09:09:38,OI311P9600,菜籽油2311沽9600,1386.5,0.0,0.0,0.0,1,1025.0,2048.0,1,1386.5,0.0,0.0,0.0,0.0,0.0,6
2023-05-10 09:09:38,OI311P9600,菜籽油2311沽9600,1386.5,0.0,0.0,0.0,10,1025.5,2048.0,1,1386.5,0.0,0.0,0.0,0.0,0.0,6
2023-05-10 09:09:39,OI311P9600,菜籽油2311沽9600,1386.5,0.0,0.0,0.0,1,1027.0,2048.0,1,1386.5,0.0,0.0,0.0,0.0,0.0,6
2023-05-10 09:09:39,OI311P9600,菜籽油2311沽9600,1386.5,0.0,0.0,0.0,10,1027.5,2048.0,1,1386.5,0.0,0.0,0.0,0.0,0.0,6
2023-05-10 09:09:42,OI311P9600,菜籽油2311沽9600,1386.5,0.0,0.0,0.0,1,1029.0,2048.0,1,1386.5,0.0,0.0,0.0,0.0,0.0,6
2023-05-10 09:09:42,OI311P9600,菜籽油2311沽9600,1386.5,0.0,0.0,0.0,10,1029.5,2048.0,1,1386.5,0.0,0.0,0.0,0.0,0.0,6
2023-05-10 09:09:43,OI311P9600,菜籽油2311沽9600,1386.5,0.0,0.0,0.0,1,1031.0,2048.0,1,1386.5,0.0,0.0,0.0,0.0,0.0,6
2023-05-10 09:09:43,OI311P9600,菜籽油2311沽9600,1386.5,0.0,0.0,0.0,10,1031.5,2048.0,1,1386.5,0.0,0.0,0.0,0.0,0.0,6
2023-05-10 09:09:46,OI311P9600,菜籽油2311沽9600,1386.5,0.0,0.0,0.0,1,1033.0,2048.0,1,1386.5,0.0,0.0,0.0,0.0,0.0,6
2023-05-10 09:09:46,OI311P9600,菜籽油2311沽9600,1386.5,0.0,0.0,0.0,10,1033.5,2048.0,1,1386.5,0.0,0.0,0.0,0.0,0.0,6
2023-05-10 09:09:52,OI311P9600,菜籽油2311沽9600,1386.5,0.0,0.0,0.0,1,1035.0,2048.0,1,1386.5,0.0,0.0,0.0,0.0,0.0,6
2023-05-10 09:09:52,OI311P9600,菜籽油2311沽9600,1386.5,0.0,0.0,0.0,10,1035.5,2048.0,1,1386.5,0.0,0.0,0.0,0.0,0.0,6
2023-05-10 09:09:55,OI311P9600,菜籽油2311沽9600,1386.5,0.0,0.0,0.0,1,1037.0,2048.0,1,1386.5,0.0,0.0,0.0,0.0,0.0,6
2023-05-10 09:09:55,OI311P9600,菜籽油2311沽9600,1386.5,0.0,0.0,0.0,10,1037.5,2048.0,1,1386.5,0.0,0.0,0.0,0.0,0.0,6
2023-05-10 09:09:57,OI311P9600,菜籽油2311沽9600,1386.5,0.0,0.0,0.0,1,1039.0,2048.0,1,1386.5,0.0,0.0,0.0,0.0,0.0,6
2023-05-10 09:09:57,OI311P9600,菜籽油2311沽9600,1386.5,0.0,0.0,0.0,10,1039.5,2048.0,1,1386.5,0.0,0.0,0.0,0.0,0.0,6
2023-05-10 09:10:00,OI311P9600,菜籽油2311沽9600,1386.5,0.0,0.0,0.0,1,1041.0,2048.0,1,1386.5,0.0,0.0,0.0,0.0,0.0,6
2023-05-10 09:10:00,OI311P9600,菜籽油2311沽9600,1386.5,0.0,0.0,0.0,10,1041.5,2048.0,1,1386.5,0.0,0.0,0.0,0.0,0.0,6
2023-05-10 09:10:03,OI311P9600,菜籽油2311沽9600,1386.5,0.0,0.0,0.0,1,1043.0,2048.0,1,1386.5,0.0,0.0,0.0,0.0,0.0,6
2023-05-10 09:10:03,OI311P9600,菜籽油2311沽9600,1386.5,0.0,0.0,0.0,10,1043.5,2048.0,1,1386.5,0.0,0.0,0.0,0.0,0.0,6
2023-05-10 09:10:09,OI311P9600,菜籽油2311沽9600,1386.5,0.0,0.0,0.0,1,1045.0,2048.0,1,1386.5,0.0,0.0,0.0,0.0,0.0,6
2023-05-10 09:10:09,OI311P9600,菜籽油2311沽9600,1386.5,0.0,0.0,0.0,10,1045.5,2048.0,1,1386.5,0.0,0.0,0.0,0.0,0.0,6
2023-05-10 09:10:12,OI311P9600,菜籽油2311沽9600,1386.5,0.0,0.0,0.0,1,1047.0,2048.0,1,1386.5,0.0,0.0,0.0,0.0,0.0,6
2023-05-10 09:10:12,OI311P9600,菜籽油2311沽9600,1386.5,0.0,0.0,0.0,10,1047.5,2048.0,1,1386.5,0.0,0.0,0.0,0.0,0.0,6
2023-05-10 09:10:13,OI311P9600,菜籽油2311沽9600,1386.5,0.0,0.0,0.0,1,1049.0,2048.0,1,1386.5,0.0,0.0,0.0,0.0,0.0,6
2023-05-10 09:10:13,OI311P9600,菜籽油2311沽9600,1386.5,0.0,0.0,0.0,10,1049.5,2048.0,1,1386.5,0.0,0.0,0.0,0.0,0.0,6
2023-05-10 09:10:16,OI311P9600,菜籽油2311沽9600,1386.5,0.0,0.0,0.0,1,1051.0,2048.0,1,1386.5,0.0,0.0,0.0,0.0,0.0,6
2023-05-10 09:10:16,OI311P9600,菜籽油2311沽9600,1386.5,0.0,0.0,0.0,10,1051.5,2048.0,1,1386.5,0.0,0.0,0.0,0.0,0.0,6
2023-05-10 09:10:18,OI311P9600,菜籽油2311沽9600,1386.5,0.0,0.0,0.0,1,1053.0,2048.0,1,1386.5,0.0,0.0,0.0,0.0,0.0,6
2023-05-10 09:10:18,OI311P9600,菜籽油2311沽9600,1386.5,0.0,0.0,0.0,10,1053.5,2048.0,1,1386.5,0.0,0.0,0.0,0.0,0.0,6
2023-05-10 09:10:22,OI311P9600,菜籽油2311沽9600,1386.5,0.0,0.0,0.0,1,1055.0,2048.0,1,1386.5,0.0,0.0,0.0,0.0,0.0,6
2023-05-10 09:10:22,OI311P9600,菜籽油2311沽9600,1386.5,0.0,0.0,0.0,10,1055.5,2048.0,1,1386.5,0.0,0.0,0.0,0.0,0.0,6
2023-05-10 09:10:23,OI311P9600,菜籽油2311沽9600,1386.5,0.0,0.0,0.0,1,1057.0,2048.0,1,1386.5,0.0,0.0,0.0,0.0,0.0,6
2023-05-10 09:10:23,OI311P9600,菜籽油2311沽9600,1386.5,0.0,0.0,0.0,10,1057.5,2048.0,1,1386.5,0.0,0.0,0.0,0.0,0.0,6
2023-05-10 09:10:26,OI311P9600,菜籽油2311沽9600,1386.5,0.0,0.0,0.0,1,1059.0,2048.0,1,1386.5,0.0,0.0,0.0,0.0,0.0,6
2023-05-10 09:10:26,OI311P9600,菜籽油2311沽9600,1386.5,0.0,0.0,0.0,10,1059.5,2048.0,1,1386.5,0.0,0.0,0.0,0.0,0.0,6
2023-05-10 09:23:39,OI311P9600,菜籽油2311沽9600,1386.5,0.0,0.0,0.0,1,1061.0,2048.0,1,1386.5,0.0,0.0,0.0,0.0,0.0,6
2023-05-10 09:23:40,OI311P9600,菜籽油2311沽9600,1386.5,0.0,0.0,0.0,10,1061.5,2048.0,1,1386.5,0.0,0.0,0.0,0.0,0.0,6
2023-05-10 09:23:40,OI311P9600,菜籽油2311沽9600,1386.5,0.0,0.0,0.0,1,1063.0,2048.0,1,1386.5,0.0,0.0,0.0,0.0,0.0,6
2023-05-10 09:23:41,OI311P9600,菜籽油2311沽9600,1386.5,0.0,0.0,0.0,10,1063.5,2048.0,1,1386.5,0.0,0.0,0.0,0.0,0.0,6
2023-05-10 09:23:41,OI311P9600,菜籽油2311沽9600,1386.5,0.0,0.0,0.0,1,1065.0,2048.0,1,1386.5,0.0,0.0,0.0,0.0,0.0,6
2023-05-10 09:23:42,OI311P9600,菜籽油2311沽9600,1386.5,0.0,0.0,0.0,10,1065.5,2048.0,1,1386.5,0.0,0.0,0.0,0.0,0.0,6
2023-05-10 09:23:42,OI311P9600,菜籽油2311沽9600,1386.5,0.0,0.0,0.0,1,1067.0,2048.0,1,1386.5,0.0,0.0,0.0,0.0,0.0,6
2023-05-10 09:23:43,OI311P9600,菜籽油2311沽9600,1386.5,0.0,0.0,0.0,10,1067.5,2048.0,1,1386.5,0.0,0.0,0.0,0.0,0.0,6
2023-05-10 09:23:43,OI311P9600,菜籽油2311沽9600,1386.5,0.0,0.0,0.0,1,1069.0,2048.0,1,1386.5,0.0,0.0,0.0,0.0,0.0,6
2023-05-10 09:24:49,OI311P9600,菜籽油2311沽9600,1386.5,0.0,0.0,0.0,10,1069.5,2048.0,1,1386.5,0.0,0.0,0.0,0.0,0.0,6
2023-05-10 09:24:50,OI311P9600,菜籽油2311沽9600,1386.5,0.0,0.0,0.0,1,1071.0,2048.0,1,1386.5,0.0,0.0,0.0,0.0,0.0,6
2023-05-10 09:24:50,OI311P9600,菜籽油2311沽9600,1386.5,0.0,0.0,0.0,10,1071.5,2048.0,1,1386.5,0.0,0.0,0.0,0.0,0.0,6
2023-05-10 09:24:51,OI311P9600,菜籽油2311沽9600,1386.5,0.0,0.0,0.0,1,1073.0,2048.0,1,1386.5,0.0,0.0,0.0,0.0,0.0,6
2023-05-10 09:24:51,OI311P9600,菜籽油2311沽9600,1386.5,0.0,0.0,0.0,10,1073.5,2048.0,1,1386.5,0.0,0.0,0.0,0.0,0.0,6
2023-05-10 09:24:52,OI311P9600,菜籽油2311沽9600,1386.5,0.0,0.0,0.0,1,1075.0,2048.0,1,1386.5,0.0,0.0,0.0,0.0,0.0,6
2023-05-10 09:24:52,OI311P9600,菜籽油2311沽9600,1386.5,0.0,0.0,0.0,10,1075.5,2048.0,1,1386.5,0.0,0.0,0.0,0.0,0.0,6
2023-05-10 09:24:53,OI311P9600,菜籽油2311沽9600,1386.5,0.0,0.0,0.0,1,1077.0,2048.0,1,1386.5,0.0,0.0,0.0,0.0,0.0,6
2023-05-10 09:24:53,OI311P9600,菜籽油2311沽9600,1386.5,0.0,0.0,0.0,10,1077.5,2048.0,1,1386.5,0.0,0.0,0.0,0.0,0.0,6
2023-05-10 09:24:54,OI311P9600,菜籽油2311沽9600,1386.5,0.0,0.0,0.0,1,1079.0,2048.0,1,1386.5,0.0,0.0,0.0,0.0,0.0,6
2023-05-10 09:24:54,OI311P9600,菜籽油2311沽9600,1386.5,0.0,0.0,0.0,10,1079.5,2048.0,1,1386.5,0.0,0.0,0.0,0.0,0.0,6
2023-05-10 09:24:55,OI311P9600,菜籽油2311沽9600,1386.5,0.0,0.0,0.0,1,1081.0,2048.0,1,1386.5,0.0,0.0,0.0,0.0,0.0,6
2023-05-10 09:24:55,OI311P9600,菜籽油2311沽9600,1386.5,0.0,0.0,0.0,10,1081.5,2048.0,1,1386.5,0.0,0.0,0.0,0.0,0.0,6
2023-05-10 09:43:39,OI311P9600,菜籽油2311沽9600,1386.5,0.0,0.0,0.0,1,1083.0,2048.0,1,1386.5,0.0,0.0,0.0,0.0,0.0,6
2023-05-10 09:43:40,OI311P9600,菜籽油2311沽9600,1386.5,0.0,0.0,0.0,10,1083.5,2048.0,1,1386.5,0.0,0.0,0.0,0.0,0.0,6
2023-05-10 09:43:40,OI311P9600,菜籽油2311沽9600,1386.5,0.0,0.0,0.0,1,1085.0,2048.0,1,1386.5,0.0,0.0,0.0,0.0,0.0,6
2023-05-10 09:43:41,OI311P9600,菜籽油2311沽9600,1386.5,0.0,0.0,0.0,10,1085.5,2048.0,1,1386.5,0.0,0.0,0.0,0.0,0.0,6
2023-05-10 09:43:41,OI311P9600,菜籽油2311沽9600,1386.5,0.0,0.0,0.0,1,1087.0,2048.0,1,1386.5,0.0,0.0,0.0,0.0,0.0,6
2023-05-10 09:43:42,OI311P9600,菜籽油2311沽9600,1386.5,0.0,0.0,0.0,10,1087.5,2048.0,1,1386.5,0.0,0.0,0.0,0.0,0.0,6
2023-05-10 09:43:42,OI311P9600,菜籽油2311沽9600,1386.5,0.0,0.0,0.0,1,1089.0,2048.0,1,1386.5,0.0,0.0,0.0,0.0,0.0,6
2023-05-10 09:43:43,OI311P9600,菜籽油2311沽9600,1386.5,0.0,0.0,0.0,10,1089.5,2048.0,1,1386.5,0.0,0.0,0.0,0.0,0.0,6
2023-05-10 09:43:43,OI311P9600,菜籽油2311沽9600,1386.5,0.0,0.0,0.0,1,1091.0,2048.0,1,1386.5,0.0,0.0,0.0,0.0,0.0,6
2023-05-10 09:43:44,OI311P9600,菜籽油2311沽9600,1386.5,0.0,0.0,0.0,10,1091.5,2048.0,1,1386.5,0.0,0.0,0.0,0.0,0.0,6
2023-05-10 09:43:44,OI311P9600,菜籽油2311沽9600,1386.5,0.0,0.0,0.0,1,1093.0,2048.0,1,1386.5,0.0,0.0,0.0,0.0,0.0,6
2023-05-10 09:43:45,OI311P9600,菜籽油2311沽9600,1386.5,0.0,0.0,0.0,10,1093.5,2048.0,1,1386.5,0.0,0.0,0.0,0.0,0.0,6
2023-05-10 09:43:45,OI311P9600,菜籽油2311沽9600,1386.5,0.0,0.0,0.0,1,1095.0,2048.0,1,1386.5,0.0,0.0,0.0,0.0,0.0,6
2023-05-10 09:43:46,OI311P9600,菜籽油2311沽9600,1386.5,0.0,0.0,0.0,10,1095.5,2048.0,1,1386.5,0.0,0.0,0.0,0.0,0.0,6
2023-05-10 09:43:46,OI311P9600,菜籽油2311沽9600,1386.5,0.0,0.0,0.0,1,1097.0,2048.0,1,1386.5,0.0,0.0,0.0,0.0,0.0,6
2023-05-10 09:43:47,OI311P9600,菜籽油2311沽9600,1386.5,0.0,0.0,0.0,10,1097.5,2048.0,1,1386.5,0.0,0.0,0.0,0.0,0.0,6
2023-05-10 09:43:47,OI311P9600,菜籽油2311沽9600,1386.5,0.0,0.0,0.0,1,1099.0,2048.0,1,1386.5,0.0,0.0,0.0,0.0,0.0,6
2023-05-10 09:43:48,OI311P9600,菜籽油2311沽9600,1386.5,0.0,0.0,0.0,10,1099.5,2048.0,1,1386.5,0.0,0.0,0.0,0.0,0.0,6
2023-05-10 09:43:48,OI311P9600,菜籽油2311沽9600,1386.5,0.0,0.0,0.0,1,1101.0,2048.0,1,1386.5,0.0,0.0,0.0,0.0,0.0,6
2023-05-10 09:43:49,OI311P9600,菜籽油2311沽9600,1386.5,0.0,0.0,0.0,10,1101.5,2048.0,1,1386.5,0.0,0.0,0.0,0.0,0.0,6
2023-05-10 10:03:39,OI311P9600,菜籽油2311沽9600,1386.5,0.0,0.0,0.0,1,1103.0,2048.0,1,1386.5,0.0,0.0,0.0,0.0,0.0,6
2023-05-10 10:03:39,OI311P9600,菜籽油2311沽9600,1386.5,0.0,0.0,0.0,10,1103.5,2048.0,1,1386.5,0.0,0.0,0.0,0.0,0.0,6
2023-05-10 10:03:40,OI311P9600,菜籽油2311沽9600,1386.5,0.0,0.0,0.0,1,1105.0,2048.0,1,1386.5,0.0,0.0,0.0,0.0,0.0,6
2023-05-10 10:03:40,OI311P9600,菜籽油2311沽9600,1386.5,0.0,0.0,0.0,10,1105.5,2048.0,1,1386.5,0.0,0.0,0.0,0.0,0.0,6
2023-05-10 10:03:41,OI311P9600,菜籽油2311沽9600,1386.5,0.0,0.0,0.0,1,1107.0,2048.0,1,1386.5,0.0,0.0,0.0,0.0,0.0,6
2023-05-10 10:08:29,OI311P9600,菜籽油2311沽9600,1386.5,0.0,0.0,0.0,10,1107.5,2048.0,1,1386.5,0.0,0.0,0.0,0.0,0.0,6
2023-05-10 10:08:30,OI311P9600,菜籽油2311沽9600,1386.5,0.0,0.0,0.0,1,1109.0,2048.0,1,1386.5,0.0,0.0,0.0,0.0,0.0,6
2023-05-10 10:08:30,OI311P9600,菜籽油2311沽9600,1386.5,0.0,0.0,0.0,10,1109.5,2048.0,1,1386.5,0.0,0.0,0.0,0.0,0.0,6
2023-05-10 10:08:31,OI311P9600,菜籽油2311沽9600,1386.5,0.0,0.0,0.0,1,1111.0,2048.0,1,1386.5,0.0,0.0,0.0,0.0,0.0,6
2023-05-10 10:08:31,OI311P9600,菜籽油2311沽9600,1386.5,0.0,0.0,0.0,10,1111.5,2048.0,1,1386.5,0.0,0.0,0.0,0.0,0.0,6
2023-05-10 10:08:32,OI311P9600,菜籽油2311沽9600,1386.5,0.0,0.0,0.0,1,1113.0,2048.0,1,1386.5,0.0,0.0,0.0,0.0,0.0,6
2023-05-10 10:08:32,OI311P9600,菜籽油2311沽9600,1386.5,0.0,0.0,0.0,10,1113.5,2048.0,1,1386.5,0.0,0.0,0.0,0.0,0.0,6
2023-05-10 10:08:33,OI311P9600,菜籽油2311沽9600,1386.5,0.0,0.0,0.0,1,1115.0,2048.0,1,1386.5,0.0,0.0,0.0,0.0,0.0,6
2023-05-10 10:08:33,OI311P9600,菜籽油2311沽9600,1386.5,0.0,0.0,0.0,10,1115.5,2048.0,1,1386.5,0.0,0.0,0.0,0.0,0.0,6
2023-05-10 10:08:34,OI311P9600,菜籽油2311沽9600,1386.5,0.0,0.0,0.0,1,1117.0,2048.0,1,1386.5,0.0,0.0,0.0,0.0,0.0,6
2023-05-10 10:08:34,OI311P9600,菜籽油2311沽9600,1386.5,0.0,0.0,0.0,10,1117.5,2048.0,1,1386.5,0.0,0.0,0.0,0.0,0.0,6
2023-05-10 10:08:35,OI311P9600,菜籽油2311沽9600,1386.5,0.0,0.0,0.0,1,1119.0,2048.0,1,1386.5,0.0,0.0,0.0,0.0,0.0,6
2023-05-10 10:09:46,OI311P9600,菜籽油2311沽9600,1386.5,0.0,0.0,0.0,10,1119.5,2048.0,1,1386.5,0.0,0.0,0.0,0.0,0.0,6
2023-05-10 10:09:46,OI311P9600,菜籽油2311沽9600,1386.5,0.0,0.0,0.0,1,1121.0,2048.0,1,1386.5,0.0,0.0,0.0,0.0,0.0,6
2023-05-10 10:09:47,OI311P9600,菜籽油2311沽9600,1386.5,0.0,0.0,0.0,10,1121.5,2048.0,1,1386.5,0.0,0.0,0.0,0.0,0.0,6
2023-05-10 10:14:33,OI311P9600,菜籽油2311沽9600,1386.5,0.0,0.0,0.0,0,0.0,2048.0,1,1386.5,0.0,0.0,0.0,0.0,0.0,6
2023-05-10 10:30:00,OI311P9600,菜籽油2311沽9600,1386.5,0.0,0.0,0.0,0,0.0,0.0,0,1386.5,0.0,0.0,0.0,0.0,0.0,6
2023-05-10 10:32:02,OI311P9600,菜籽油2311沽9600,1386.5,0.0,0.0,0.0,1,725.0,0.0,0,1386.5,0.0,0.0,0.0,0.0,0.0,6
2023-05-10 10:32:02,OI311P9600,菜籽油2311沽9600,1386.5,0.0,0.0,0.0,10,725.5,2048.0,1,1386.5,0.0,0.0,0.0,0.0,0.0,6
2023-05-10 10:32:04,OI311P9600,菜籽油2311沽9600,1386.5,0.0,0.0,0.0,1,727.0,2048.0,1,1386.5,0.0,0.0,0.0,0.0,0.0,6
2023-05-10 10:32:05,OI311P9600,菜籽油2311沽9600,1386.5,0.0,0.0,0.0,10,727.5,2048.0,1,1386.5,0.0,0.0,0.0,0.0,0.0,6
2023-05-10 10:32:05,OI311P9600,菜籽油2311沽9600,1386.5,0.0,0.0,0.0,1,729.0,2048.0,1,1386.5,0.0,0.0,0.0,0.0,0.0,6
2023-05-10 10:32:06,OI311P9600,菜籽油2311沽9600,1386.5,0.0,0.0,0.0,10,729.5,2048.0,1,1386.5,0.0,0.0,0.0,0.0,0.0,6
2023-05-10 10:32:07,OI311P9600,菜籽油2311沽9600,1386.5,0.0,0.0,0.0,1,731.0,2048.0,1,1386.5,0.0,0.0,0.0,0.0,0.0,6
2023-05-10 10:32:08,OI311P9600,菜籽油2311沽9600,1386.5,0.0,0.0,0.0,10,731.5,2048.0,1,1386.5,0.0,0.0,0.0,0.0,0.0,6
2023-05-10 10:32:08,OI311P9600,菜籽油2311沽9600,1386.5,0.0,0.0,0.0,1,733.0,2048.0,1,1386.5,0.0,0.0,0.0,0.0,0.0,6
2023-05-10 10:32:09,OI311P9600,菜籽油2311沽9600,1386.5,0.0,0.0,0.0,10,733.5,2048.0,1,1386.5,0.0,0.0,0.0,0.0,0.0,6
2023-05-10 10:32:09,OI311P9600,菜籽油2311沽9600,1386.5,0.0,0.0,0.0,1,735.0,2048.0,1,1386.5,0.0,0.0,0.0,0.0,0.0,6
2023-05-10 10:32:10,OI311P9600,菜籽油2311沽9600,1386.5,0.0,0.0,0.0,10,735.5,2048.0,1,1386.5,0.0,0.0,0.0,0.0,0.0,6
2023-05-10 10:32:10,OI311P9600,菜籽油2311沽9600,1386.5,0.0,0.0,0.0,1,737.0,2048.0,1,1386.5,0.0,0.0,0.0,0.0,0.0,6
2023-05-10 10:32:11,OI311P9600,菜籽油2311沽9600,1386.5,0.0,0.0,0.0,10,737.5,2048.0,1,1386.5,0.0,0.0,0.0,0.0,0.0,6
2023-05-10 10:32:11,OI311P9600,菜籽油2311沽9600,1386.5,0.0,0.0,0.0,1,739.0,2048.0,1,1386.5,0.0,0.0,0.0,0.0,0.0,6
2023-05-10 10:32:12,OI311P9600,菜籽油2311沽9600,1386.5,0.0,0.0,0.0,10,739.5,2048.0,1,1386.5,0.0,0.0,0.0,0.0,0.0,6
2023-05-10 10:32:12,OI311P9600,菜籽油2311沽9600,1386.5,0.0,0.0,0.0,1,741.0,2048.0,1,1386.5,0.0,0.0,0.0,0.0,0.0,6
2023-05-10 10:32:13,OI311P9600,菜籽油2311沽9600,1386.5,0.0,0.0,0.0,10,741.5,2048.0,1,1386.5,0.0,0.0,0.0,0.0,0.0,6
2023-05-10 11:29:32,OI311P9600,菜籽油2311沽9600,1386.5,0.0,0.0,0.0,0,0.0,2048.0,1,1386.5,0.0,0.0,0.0,0.0,0.0,6
2023-05-10 11:29:53,OI311P9600,菜籽油2311沽9600,1386.5,0.0,0.0,0.0,0,0.0,0.0,0,1386.5,0.0,0.0,0.0,0.0,0.0,6
