time,symbol_id,symbol_name,last,trade_volume,trade_amount,open_interest_change,bv1,bp1,ap1,av1,yesterday_close,today_open,today_high,today_low,volume,amount,open_interest
2023-05-09 19:10:58,OI311P7200,OI311P7200,90.5,0.0,0.0,0.0,0,0.0,0.0,0,90.5,0.0,0.0,0.0,0.0,0.0,94
2023-05-09 21:00:15,OI311P7200,OI311P7200,90.5,0.0,0.0,0.0,0,0.0,255.5,2,90.5,0.0,0.0,0.0,0.0,0.0,94
2023-05-09 21:00:52,OI311P7200,OI311P7200,90.5,0.0,0.0,0.0,0,0.0,255.5,3,90.5,0.0,0.0,0.0,0.0,0.0,94
2023-05-09 21:00:53,OI311P7200,OI311P7200,90.5,0.0,0.0,0.0,0,0.0,255.5,1,90.5,0.0,0.0,0.0,0.0,0.0,94
2023-05-09 21:01:15,OI311P7200,OI311P7200,90.5,0.0,0.0,0.0,1,67.5,255.5,1,90.5,0.0,0.0,0.0,0.0,0.0,94
2023-05-09 21:01:16,OI311P7200,OI311P7200,90.5,0.0,0.0,0.0,2,87.0,94.0,2,90.5,0.0,0.0,0.0,0.0,0.0,94
2023-05-09 21:01:17,OI311P7200,OI311P7200,90.5,0.0,0.0,0.0,2,87.5,94.0,2,90.5,0.0,0.0,0.0,0.0,0.0,94
2023-05-09 21:01:20,OI311P7200,OI311P7200,90.5,0.0,0.0,0.0,2,87.5,93.5,2,90.5,0.0,0.0,0.0,0.0,0.0,94
2023-05-09 21:01:43,OI311P7200,OI311P7200,90.5,0.0,0.0,0.0,2,87.5,93.0,2,90.5,0.0,0.0,0.0,0.0,0.0,94
2023-05-09 21:02:05,OI311P7200,OI311P7200,90.5,0.0,0.0,0.0,2,87.5,92.5,2,90.5,0.0,0.0,0.0,0.0,0.0,94
2023-05-09 21:02:14,OI311P7200,OI311P7200,90.5,0.0,0.0,0.0,2,87.5,92.0,2,90.5,0.0,0.0,0.0,0.0,0.0,94
2023-05-09 21:04:44,OI311P7200,OI311P7200,90.5,0.0,0.0,0.0,2,87.5,92.5,2,90.5,0.0,0.0,0.0,0.0,0.0,94
2023-05-09 21:04:44,OI311P7200,OI311P7200,90.5,0.0,0.0,0.0,2,88.0,92.5,2,90.5,0.0,0.0,0.0,0.0,0.0,94
2023-05-09 21:05:07,OI311P7200,OI311P7200,90.5,0.0,0.0,0.0,8,88.0,92.5,2,90.5,0.0,0.0,0.0,0.0,0.0,94
2023-05-09 21:05:19,OI311P7200,OI311P7200,90.5,0.0,0.0,0.0,8,88.0,92.5,8,90.5,0.0,0.0,0.0,0.0,0.0,94
2023-05-09 21:05:50,OI311P7200,OI311P7200,90.5,0.0,0.0,0.0,8,88.0,92.5,2,90.5,0.0,0.0,0.0,0.0,0.0,94
2023-05-09 21:05:51,OI311P7200,OI311P7200,90.5,0.0,0.0,0.0,2,88.5,92.5,2,90.5,0.0,0.0,0.0,0.0,0.0,94
2023-05-09 21:06:02,OI311P7200,OI311P7200,90.5,0.0,0.0,0.0,8,88.5,92.5,2,90.5,0.0,0.0,0.0,0.0,0.0,94
2023-05-09 21:06:02,OI311P7200,OI311P7200,90.5,0.0,0.0,0.0,8,88.5,92.5,8,90.5,0.0,0.0,0.0,0.0,0.0,94
2023-05-09 21:06:21,OI311P7200,OI311P7200,90.5,0.0,0.0,0.0,8,88.5,92.5,2,90.5,0.0,0.0,0.0,0.0,0.0,94
2023-05-09 21:07:25,OI311P7200,OI311P7200,90.5,0.0,0.0,0.0,8,88.5,93.5,6,90.5,0.0,0.0,0.0,0.0,0.0,94
2023-05-09 21:07:34,OI311P7200,OI311P7200,90.5,0.0,0.0,0.0,8,88.5,94.5,8,90.5,0.0,0.0,0.0,0.0,0.0,94
2023-05-09 21:07:45,OI311P7200,OI311P7200,90.5,0.0,0.0,0.0,2,89.0,94.5,8,90.5,0.0,0.0,0.0,0.0,0.0,94
2023-05-09 21:07:45,OI311P7200,OI311P7200,90.5,0.0,0.0,0.0,2,89.0,94.5,2,90.5,0.0,0.0,0.0,0.0,0.0,94
2023-05-09 21:07:56,OI311P7200,OI311P7200,90.5,0.0,0.0,0.0,2,89.0,94.0,2,90.5,0.0,0.0,0.0,0.0,0.0,94
2023-05-09 21:07:57,OI311P7200,OI311P7200,90.5,0.0,0.0,0.0,8,89.0,93.5,6,90.5,0.0,0.0,0.0,0.0,0.0,94
2023-05-09 21:08:36,OI311P7200,OI311P7200,90.5,0.0,0.0,0.0,8,89.0,93.5,8,90.5,0.0,0.0,0.0,0.0,0.0,94
2023-05-09 21:10:08,OI311P7200,OI311P7200,90.5,0.0,0.0,0.0,8,89.0,93.0,2,90.5,0.0,0.0,0.0,0.0,0.0,94
2023-05-09 21:10:42,OI311P7200,OI311P7200,90.5,0.0,0.0,0.0,8,89.0,92.5,2,90.5,0.0,0.0,0.0,0.0,0.0,94
2023-05-09 21:10:43,OI311P7200,OI311P7200,90.5,0.0,0.0,0.0,8,88.5,92.5,2,90.5,0.0,0.0,0.0,0.0,0.0,94
2023-05-09 21:10:56,OI311P7200,OI311P7200,90.5,0.0,0.0,0.0,8,88.5,92.0,2,90.5,0.0,0.0,0.0,0.0,0.0,94
2023-05-09 21:11:04,OI311P7200,OI311P7200,90.5,0.0,0.0,0.0,6,85.0,92.0,2,90.5,0.0,0.0,0.0,0.0,0.0,94
2023-05-09 21:11:07,OI311P7200,OI311P7200,90.5,0.0,0.0,0.0,6,85.0,91.5,2,90.5,0.0,0.0,0.0,0.0,0.0,94
2023-05-09 21:11:07,OI311P7200,OI311P7200,90.5,0.0,0.0,0.0,8,86.0,91.5,2,90.5,0.0,0.0,0.0,0.0,0.0,94
2023-05-09 21:11:12,OI311P7200,OI311P7200,90.5,0.0,0.0,0.0,2,86.5,91.5,2,90.5,0.0,0.0,0.0,0.0,0.0,94
2023-05-09 21:11:31,OI311P7200,OI311P7200,90.5,0.0,0.0,0.0,8,86.5,91.5,8,90.5,0.0,0.0,0.0,0.0,0.0,94
2023-05-09 21:11:55,OI311P7200,OI311P7200,90.5,0.0,0.0,0.0,2,87.0,91.5,2,90.5,0.0,0.0,0.0,0.0,0.0,94
2023-05-09 21:12:41,OI311P7200,OI311P7200,90.5,0.0,0.0,0.0,8,87.0,91.5,8,90.5,0.0,0.0,0.0,0.0,0.0,94
2023-05-09 21:13:27,OI311P7200,OI311P7200,90.5,0.0,0.0,0.0,8,87.0,91.0,2,90.5,0.0,0.0,0.0,0.0,0.0,94
2023-05-09 21:14:10,OI311P7200,OI311P7200,90.5,0.0,0.0,0.0,8,87.0,90.5,2,90.5,0.0,0.0,0.0,0.0,0.0,94
2023-05-09 21:14:10,OI311P7200,OI311P7200,90.5,0.0,0.0,0.0,8,87.0,90.5,8,90.5,0.0,0.0,0.0,0.0,0.0,94
2023-05-09 21:18:45,OI311P7200,OI311P7200,90.5,0.0,0.0,0.0,8,87.0,91.0,2,90.5,0.0,0.0,0.0,0.0,0.0,94
2023-05-09 21:19:09,OI311P7200,OI311P7200,90.5,0.0,0.0,0.0,2,87.5,91.0,2,90.5,0.0,0.0,0.0,0.0,0.0,94
2023-05-09 21:19:10,OI311P7200,OI311P7200,90.5,0.0,0.0,0.0,2,87.5,93.0,2,90.5,0.0,0.0,0.0,0.0,0.0,94
2023-05-09 21:19:12,OI311P7200,OI311P7200,90.5,0.0,0.0,0.0,2,87.5,92.5,2,90.5,0.0,0.0,0.0,0.0,0.0,94
2023-05-09 21:19:50,OI311P7200,OI311P7200,90.5,0.0,0.0,0.0,8,88.0,92.5,8,90.5,0.0,0.0,0.0,0.0,0.0,94
2023-05-09 21:24:53,OI311P7200,OI311P7200,90.5,0.0,0.0,0.0,2,88.5,92.5,2,90.5,0.0,0.0,0.0,0.0,0.0,94
2023-05-09 21:26:03,OI311P7200,OI311P7200,90.5,0.0,0.0,0.0,8,88.5,92.5,2,90.5,0.0,0.0,0.0,0.0,0.0,94
2023-05-09 21:26:07,OI311P7200,OI311P7200,90.5,0.0,0.0,0.0,8,88.5,92.5,8,90.5,0.0,0.0,0.0,0.0,0.0,94
2023-05-09 21:30:22,OI311P7200,OI311P7200,90.5,0.0,0.0,0.0,2,89.0,92.5,8,90.5,0.0,0.0,0.0,0.0,0.0,94
2023-05-09 21:30:22,OI311P7200,OI311P7200,90.5,0.0,0.0,0.0,2,89.0,92.5,2,90.5,0.0,0.0,0.0,0.0,0.0,94
2023-05-09 21:30:23,OI311P7200,OI311P7200,90.5,0.0,0.0,0.0,2,89.0,93.0,2,90.5,0.0,0.0,0.0,0.0,0.0,94
2023-05-09 21:30:28,OI311P7200,OI311P7200,90.5,0.0,0.0,0.0,8,89.5,93.0,2,90.5,0.0,0.0,0.0,0.0,0.0,94
2023-05-09 21:30:36,OI311P7200,OI311P7200,90.5,0.0,0.0,0.0,8,89.5,94.5,6,90.5,0.0,0.0,0.0,0.0,0.0,94
2023-05-09 21:30:48,OI311P7200,OI311P7200,90.5,0.0,0.0,0.0,8,89.5,94.5,8,90.5,0.0,0.0,0.0,0.0,0.0,94
2023-05-09 21:30:57,OI311P7200,OI311P7200,90.5,0.0,0.0,0.0,2,90.0,94.5,2,90.5,0.0,0.0,0.0,0.0,0.0,94
2023-05-09 21:32:19,OI311P7200,OI311P7200,90.5,0.0,0.0,0.0,8,90.0,94.5,8,90.5,0.0,0.0,0.0,0.0,0.0,94
2023-05-09 21:32:21,OI311P7200,OI311P7200,90.5,0.0,0.0,0.0,8,90.0,94.5,2,90.5,0.0,0.0,0.0,0.0,0.0,94
2023-05-09 21:32:22,OI311P7200,OI311P7200,90.5,0.0,0.0,0.0,8,90.0,94.5,8,90.5,0.0,0.0,0.0,0.0,0.0,94
2023-05-09 21:32:23,OI311P7200,OI311P7200,90.5,0.0,0.0,0.0,2,90.5,94.5,2,90.5,0.0,0.0,0.0,0.0,0.0,94
2023-05-09 21:32:24,OI311P7200,OI311P7200,90.5,0.0,0.0,0.0,2,91.0,94.5,2,90.5,0.0,0.0,0.0,0.0,0.0,94
2023-05-09 21:32:25,OI311P7200,OI311P7200,90.5,0.0,0.0,0.0,8,91.0,95.0,2,90.5,0.0,0.0,0.0,0.0,0.0,94
2023-05-09 21:32:26,OI311P7200,OI311P7200,90.5,0.0,0.0,0.0,8,91.0,98.0,6,90.5,0.0,0.0,0.0,0.0,0.0,94
2023-05-09 21:32:26,OI311P7200,OI311P7200,90.5,0.0,0.0,0.0,8,91.0,102.0,6,90.5,0.0,0.0,0.0,0.0,0.0,94
2023-05-09 21:32:31,OI311P7200,OI311P7200,90.5,0.0,0.0,0.0,2,91.5,97.0,2,90.5,0.0,0.0,0.0,0.0,0.0,94
2023-05-09 21:32:31,OI311P7200,OI311P7200,90.5,0.0,0.0,0.0,8,91.5,97.0,2,90.5,0.0,0.0,0.0,0.0,0.0,94
2023-05-09 21:32:32,OI311P7200,OI311P7200,90.5,0.0,0.0,0.0,2,92.0,97.0,2,90.5,0.0,0.0,0.0,0.0,0.0,94
2023-05-09 21:32:56,OI311P7200,OI311P7200,90.5,0.0,0.0,0.0,2,92.0,96.5,2,90.5,0.0,0.0,0.0,0.0,0.0,94
2023-05-09 21:32:59,OI311P7200,OI311P7200,90.5,0.0,0.0,0.0,8,92.0,96.5,8,90.5,0.0,0.0,0.0,0.0,0.0,94
2023-05-09 21:33:04,OI311P7200,OI311P7200,90.5,0.0,0.0,0.0,8,92.0,96.0,2,90.5,0.0,0.0,0.0,0.0,0.0,94
2023-05-09 21:33:31,OI311P7200,OI311P7200,90.5,0.0,0.0,0.0,8,92.0,95.5,2,90.5,0.0,0.0,0.0,0.0,0.0,94
2023-05-09 21:33:31,OI311P7200,OI311P7200,90.5,0.0,0.0,0.0,8,92.0,95.5,8,90.5,0.0,0.0,0.0,0.0,0.0,94
2023-05-09 21:33:48,OI311P7200,OI311P7200,90.5,0.0,0.0,0.0,6,92.0,95.5,8,90.5,0.0,0.0,0.0,0.0,0.0,94
2023-05-09 21:33:56,OI311P7200,OI311P7200,90.5,0.0,0.0,0.0,6,92.0,95.0,2,90.5,0.0,0.0,0.0,0.0,0.0,94
2023-05-09 21:33:57,OI311P7200,OI311P7200,90.5,0.0,0.0,0.0,6,88.0,95.0,2,90.5,0.0,0.0,0.0,0.0,0.0,94
2023-05-09 21:33:57,OI311P7200,OI311P7200,90.5,0.0,0.0,0.0,2,89.5,95.0,2,90.5,0.0,0.0,0.0,0.0,0.0,94
2023-05-09 21:33:57,OI311P7200,OI311P7200,90.5,0.0,0.0,0.0,8,89.5,95.0,2,90.5,0.0,0.0,0.0,0.0,0.0,94
2023-05-09 21:33:59,OI311P7200,OI311P7200,90.5,0.0,0.0,0.0,2,90.0,95.0,2,90.5,0.0,0.0,0.0,0.0,0.0,94
2023-05-09 21:34:22,OI311P7200,OI311P7200,90.5,0.0,0.0,0.0,2,90.0,94.5,2,90.5,0.0,0.0,0.0,0.0,0.0,94
2023-05-09 21:34:23,OI311P7200,OI311P7200,90.5,0.0,0.0,0.0,8,90.0,94.5,2,90.5,0.0,0.0,0.0,0.0,0.0,94
2023-05-09 21:34:25,OI311P7200,OI311P7200,90.5,0.0,0.0,0.0,8,90.0,94.5,8,90.5,0.0,0.0,0.0,0.0,0.0,94
2023-05-09 21:35:04,OI311P7200,OI311P7200,90.5,0.0,0.0,0.0,8,90.0,94.0,2,90.5,0.0,0.0,0.0,0.0,0.0,94
2023-05-09 21:38:13,OI311P7200,OI311P7200,90.5,0.0,0.0,0.0,2,90.5,94.0,2,90.5,0.0,0.0,0.0,0.0,0.0,94
2023-05-09 21:38:15,OI311P7200,OI311P7200,90.5,0.0,0.0,0.0,2,90.5,94.5,2,90.5,0.0,0.0,0.0,0.0,0.0,94
2023-05-09 21:38:51,OI311P7200,OI311P7200,90.5,0.0,0.0,0.0,8,91.0,94.5,2,90.5,0.0,0.0,0.0,0.0,0.0,94
2023-05-09 21:39:08,OI311P7200,OI311P7200,90.5,0.0,0.0,0.0,8,91.0,96.0,6,90.5,0.0,0.0,0.0,0.0,0.0,94
2023-05-09 21:39:09,OI311P7200,OI311P7200,90.5,0.0,0.0,0.0,8,91.0,96.0,8,90.5,0.0,0.0,0.0,0.0,0.0,94
2023-05-09 21:40:36,OI311P7200,OI311P7200,90.5,0.0,0.0,0.0,2,91.5,96.0,2,90.5,0.0,0.0,0.0,0.0,0.0,94
2023-05-09 21:42:52,OI311P7200,OI311P7200,90.5,0.0,0.0,0.0,2,91.5,95.5,2,90.5,0.0,0.0,0.0,0.0,0.0,94
2023-05-09 21:42:52,OI311P7200,OI311P7200,90.5,0.0,0.0,0.0,8,91.5,95.5,8,90.5,0.0,0.0,0.0,0.0,0.0,94
2023-05-09 21:42:54,OI311P7200,OI311P7200,90.5,0.0,0.0,0.0,8,91.5,95.0,6,90.5,0.0,0.0,0.0,0.0,0.0,94
2023-05-09 21:43:18,OI311P7200,OI311P7200,90.5,0.0,0.0,0.0,8,91.5,95.5,8,90.5,0.0,0.0,0.0,0.0,0.0,94
2023-05-09 21:45:27,OI311P7200,OI311P7200,90.5,0.0,0.0,0.0,2,92.0,95.5,2,90.5,0.0,0.0,0.0,0.0,0.0,94
2023-05-09 21:45:28,OI311P7200,OI311P7200,90.5,0.0,0.0,0.0,8,92.0,95.5,8,90.5,0.0,0.0,0.0,0.0,0.0,94
2023-05-09 21:45:29,OI311P7200,OI311P7200,90.5,0.0,0.0,0.0,8,92.0,96.0,2,90.5,0.0,0.0,0.0,0.0,0.0,94
2023-05-09 21:45:32,OI311P7200,OI311P7200,90.5,0.0,0.0,0.0,2,92.5,96.0,2,90.5,0.0,0.0,0.0,0.0,0.0,94
2023-05-09 21:45:36,OI311P7200,OI311P7200,90.5,0.0,0.0,0.0,2,92.5,97.5,6,90.5,0.0,0.0,0.0,0.0,0.0,94
2023-05-09 21:45:38,OI311P7200,OI311P7200,90.5,0.0,0.0,0.0,2,92.5,97.5,8,90.5,0.0,0.0,0.0,0.0,0.0,94
2023-05-09 21:45:46,OI311P7200,OI311P7200,90.5,0.0,0.0,0.0,2,92.5,97.0,2,90.5,0.0,0.0,0.0,0.0,0.0,94
2023-05-09 21:46:07,OI311P7200,OI311P7200,90.5,0.0,0.0,0.0,2,92.5,96.5,2,90.5,0.0,0.0,0.0,0.0,0.0,94
2023-05-09 21:46:40,OI311P7200,OI311P7200,90.5,0.0,0.0,0.0,8,92.5,96.5,2,90.5,0.0,0.0,0.0,0.0,0.0,94
2023-05-09 21:46:41,OI311P7200,OI311P7200,90.5,0.0,0.0,0.0,8,92.5,97.0,2,90.5,0.0,0.0,0.0,0.0,0.0,94
2023-05-09 21:47:01,OI311P7200,OI311P7200,90.5,0.0,0.0,0.0,8,92.5,97.0,8,90.5,0.0,0.0,0.0,0.0,0.0,94
2023-05-09 21:50:12,OI311P7200,OI311P7200,90.5,0.0,0.0,0.0,8,92.5,96.5,2,90.5,0.0,0.0,0.0,0.0,0.0,94
2023-05-09 21:50:12,OI311P7200,OI311P7200,90.5,0.0,0.0,0.0,8,92.5,96.5,8,90.5,0.0,0.0,0.0,0.0,0.0,94
2023-05-09 21:50:15,OI311P7200,OI311P7200,90.5,0.0,0.0,0.0,8,92.5,96.0,6,90.5,0.0,0.0,0.0,0.0,0.0,94
2023-05-09 21:50:35,OI311P7200,OI311P7200,90.5,0.0,0.0,0.0,8,92.5,96.0,8,90.5,0.0,0.0,0.0,0.0,0.0,94
2023-05-09 21:51:07,OI311P7200,OI311P7200,90.5,0.0,0.0,0.0,6,92.5,96.0,8,90.5,0.0,0.0,0.0,0.0,0.0,94
2023-05-09 21:52:55,OI311P7200,OI311P7200,90.5,0.0,0.0,0.0,14,92.0,96.0,8,90.5,0.0,0.0,0.0,0.0,0.0,94
2023-05-09 21:52:55,OI311P7200,OI311P7200,90.5,0.0,0.0,0.0,8,92.0,96.0,2,90.5,0.0,0.0,0.0,0.0,0.0,94
2023-05-09 21:53:21,OI311P7200,OI311P7200,90.5,0.0,0.0,0.0,2,92.5,96.0,2,90.5,0.0,0.0,0.0,0.0,0.0,94
2023-05-09 21:53:25,OI311P7200,OI311P7200,90.5,0.0,0.0,0.0,2,92.5,96.5,2,90.5,0.0,0.0,0.0,0.0,0.0,94
2023-05-09 21:53:25,OI311P7200,OI311P7200,90.5,0.0,0.0,0.0,8,92.5,96.5,2,90.5,0.0,0.0,0.0,0.0,0.0,94
2023-05-09 21:53:27,OI311P7200,OI311P7200,90.5,0.0,0.0,0.0,2,93.0,96.5,2,90.5,0.0,0.0,0.0,0.0,0.0,94
2023-05-09 21:53:42,OI311P7200,OI311P7200,90.5,0.0,0.0,0.0,2,93.0,98.5,8,90.5,0.0,0.0,0.0,0.0,0.0,94
2023-05-09 21:53:45,OI311P7200,OI311P7200,90.5,0.0,0.0,0.0,2,93.0,98.0,2,90.5,0.0,0.0,0.0,0.0,0.0,94
2023-05-09 21:54:09,OI311P7200,OI311P7200,90.5,0.0,0.0,0.0,2,93.0,97.5,2,90.5,0.0,0.0,0.0,0.0,0.0,94
2023-05-09 21:54:13,OI311P7200,OI311P7200,90.5,0.0,0.0,0.0,8,93.0,97.0,6,90.5,0.0,0.0,0.0,0.0,0.0,94
2023-05-09 21:54:24,OI311P7200,OI311P7200,90.5,0.0,0.0,0.0,8,93.0,97.5,8,90.5,0.0,0.0,0.0,0.0,0.0,94
2023-05-09 21:57:28,OI311P7200,OI311P7200,90.5,0.0,0.0,0.0,8,93.0,97.5,14,90.5,0.0,0.0,0.0,0.0,0.0,94
2023-05-09 21:57:50,OI311P7200,OI311P7200,90.5,0.0,0.0,0.0,8,93.0,97.0,2,90.5,0.0,0.0,0.0,0.0,0.0,94
2023-05-09 21:57:57,OI311P7200,OI311P7200,90.5,0.0,0.0,0.0,8,93.0,96.5,8,90.5,0.0,0.0,0.0,0.0,0.0,94
2023-05-09 21:58:04,OI311P7200,OI311P7200,90.5,0.0,0.0,0.0,6,93.0,96.5,14,90.5,0.0,0.0,0.0,0.0,0.0,94
2023-05-09 21:58:07,OI311P7200,OI311P7200,90.5,0.0,0.0,0.0,6,93.0,96.0,2,90.5,0.0,0.0,0.0,0.0,0.0,94
2023-05-09 21:58:11,OI311P7200,OI311P7200,90.5,0.0,0.0,0.0,6,88.5,96.0,8,90.5,0.0,0.0,0.0,0.0,0.0,94
2023-05-09 21:58:12,OI311P7200,OI311P7200,90.5,0.0,0.0,0.0,2,90.5,96.0,8,90.5,0.0,0.0,0.0,0.0,0.0,94
2023-05-09 21:58:12,OI311P7200,OI311P7200,90.5,0.0,0.0,0.0,8,90.5,96.0,8,90.5,0.0,0.0,0.0,0.0,0.0,94
2023-05-09 21:58:26,OI311P7200,OI311P7200,90.5,0.0,0.0,0.0,8,90.5,95.5,2,90.5,0.0,0.0,0.0,0.0,0.0,94
2023-05-09 21:58:44,OI311P7200,OI311P7200,90.5,0.0,0.0,0.0,2,91.0,95.5,2,90.5,0.0,0.0,0.0,0.0,0.0,94
2023-05-09 21:59:00,OI311P7200,OI311P7200,90.5,0.0,0.0,0.0,8,91.0,95.5,8,90.5,0.0,0.0,0.0,0.0,0.0,94
2023-05-09 21:59:39,OI311P7200,OI311P7200,90.5,0.0,0.0,0.0,8,91.0,95.0,2,90.5,0.0,0.0,0.0,0.0,0.0,94
2023-05-09 21:59:58,OI311P7200,OI311P7200,90.5,0.0,0.0,0.0,8,91.0,94.5,6,90.5,0.0,0.0,0.0,0.0,0.0,94
2023-05-09 22:00:00,OI311P7200,OI311P7200,90.5,0.0,0.0,0.0,8,91.0,94.5,8,90.5,0.0,0.0,0.0,0.0,0.0,94
2023-05-09 22:00:02,OI311P7200,OI311P7200,90.5,0.0,0.0,0.0,6,91.0,94.5,8,90.5,0.0,0.0,0.0,0.0,0.0,94
2023-05-09 22:00:06,OI311P7200,OI311P7200,90.5,0.0,0.0,0.0,6,91.0,94.0,2,90.5,0.0,0.0,0.0,0.0,0.0,94
2023-05-09 22:00:33,OI311P7200,OI311P7200,90.5,0.0,0.0,0.0,6,87.0,93.5,2,90.5,0.0,0.0,0.0,0.0,0.0,94
2023-05-09 22:00:34,OI311P7200,OI311P7200,90.5,0.0,0.0,0.0,8,88.5,93.5,2,90.5,0.0,0.0,0.0,0.0,0.0,94
2023-05-09 22:00:39,OI311P7200,OI311P7200,90.5,0.0,0.0,0.0,2,89.0,93.5,2,90.5,0.0,0.0,0.0,0.0,0.0,94
2023-05-09 22:00:58,OI311P7200,OI311P7200,90.5,0.0,0.0,0.0,8,89.0,93.5,2,90.5,0.0,0.0,0.0,0.0,0.0,94
2023-05-09 22:00:59,OI311P7200,OI311P7200,90.5,0.0,0.0,0.0,8,89.0,93.5,8,90.5,0.0,0.0,0.0,0.0,0.0,94
2023-05-09 22:01:05,OI311P7200,OI311P7200,90.5,0.0,0.0,0.0,2,89.5,93.5,2,90.5,0.0,0.0,0.0,0.0,0.0,94
2023-05-09 22:01:09,OI311P7200,OI311P7200,90.5,0.0,0.0,0.0,8,89.5,93.5,2,90.5,0.0,0.0,0.0,0.0,0.0,94
2023-05-09 22:01:10,OI311P7200,OI311P7200,90.5,0.0,0.0,0.0,8,89.5,94.0,2,90.5,0.0,0.0,0.0,0.0,0.0,94
2023-05-09 22:01:11,OI311P7200,OI311P7200,90.5,0.0,0.0,0.0,2,90.0,94.0,2,90.5,0.0,0.0,0.0,0.0,0.0,94
2023-05-09 22:01:14,OI311P7200,OI311P7200,90.5,0.0,0.0,0.0,2,90.5,94.0,2,90.5,0.0,0.0,0.0,0.0,0.0,94
2023-05-09 22:01:15,OI311P7200,OI311P7200,90.5,0.0,0.0,0.0,8,90.5,94.0,2,90.5,0.0,0.0,0.0,0.0,0.0,94
2023-05-09 22:03:30,OI311P7200,OI311P7200,90.5,0.0,0.0,0.0,8,90.5,95.0,6,90.5,0.0,0.0,0.0,0.0,0.0,94
2023-05-09 22:03:52,OI311P7200,OI311P7200,90.5,0.0,0.0,0.0,8,90.5,95.5,8,90.5,0.0,0.0,0.0,0.0,0.0,94
2023-05-09 22:04:11,OI311P7200,OI311P7200,90.5,0.0,0.0,0.0,8,90.5,95.5,14,90.5,0.0,0.0,0.0,0.0,0.0,94
2023-05-09 22:04:11,OI311P7200,OI311P7200,90.5,0.0,0.0,0.0,8,90.5,95.0,2,90.5,0.0,0.0,0.0,0.0,0.0,94
2023-05-09 22:08:03,OI311P7200,OI311P7200,90.5,0.0,0.0,0.0,2,91.0,95.0,2,90.5,0.0,0.0,0.0,0.0,0.0,94
2023-05-09 22:09:08,OI311P7200,OI311P7200,90.5,0.0,0.0,0.0,8,91.0,95.0,2,90.5,0.0,0.0,0.0,0.0,0.0,94
2023-05-09 22:09:08,OI311P7200,OI311P7200,90.5,0.0,0.0,0.0,8,91.0,95.0,8,90.5,0.0,0.0,0.0,0.0,0.0,94
2023-05-09 22:11:30,OI311P7200,OI311P7200,90.5,0.0,0.0,0.0,2,91.5,95.0,8,90.5,0.0,0.0,0.0,0.0,0.0,94
2023-05-09 22:11:30,OI311P7200,OI311P7200,90.5,0.0,0.0,0.0,2,91.5,95.0,2,90.5,0.0,0.0,0.0,0.0,0.0,94
2023-05-09 22:11:33,OI311P7200,OI311P7200,90.5,0.0,0.0,0.0,2,91.5,95.5,2,90.5,0.0,0.0,0.0,0.0,0.0,94
2023-05-09 22:11:48,OI311P7200,OI311P7200,90.5,0.0,0.0,0.0,2,92.0,95.5,2,90.5,0.0,0.0,0.0,0.0,0.0,94
2023-05-09 22:12:05,OI311P7200,OI311P7200,90.5,0.0,0.0,0.0,2,92.0,97.5,8,90.5,0.0,0.0,0.0,0.0,0.0,94
2023-05-09 22:12:06,OI311P7200,OI311P7200,90.5,0.0,0.0,0.0,2,92.0,97.0,2,90.5,0.0,0.0,0.0,0.0,0.0,94
2023-05-09 22:12:16,OI311P7200,OI311P7200,90.5,0.0,0.0,0.0,2,92.5,97.0,2,90.5,0.0,0.0,0.0,0.0,0.0,94
2023-05-09 22:12:16,OI311P7200,OI311P7200,90.5,0.0,0.0,0.0,8,92.5,97.0,8,90.5,0.0,0.0,0.0,0.0,0.0,94
2023-05-09 22:14:53,OI311P7200,OI311P7200,90.5,0.0,0.0,0.0,2,93.0,97.0,8,90.5,0.0,0.0,0.0,0.0,0.0,94
2023-05-09 22:14:53,OI311P7200,OI311P7200,90.5,0.0,0.0,0.0,2,93.0,97.0,2,90.5,0.0,0.0,0.0,0.0,0.0,94
2023-05-09 22:15:05,OI311P7200,OI311P7200,90.5,0.0,0.0,0.0,8,93.0,97.0,2,90.5,0.0,0.0,0.0,0.0,0.0,94
2023-05-09 22:15:05,OI311P7200,OI311P7200,90.5,0.0,0.0,0.0,8,93.0,97.0,8,90.5,0.0,0.0,0.0,0.0,0.0,94
2023-05-09 22:15:15,OI311P7200,OI311P7200,90.5,0.0,0.0,0.0,2,93.5,97.0,8,90.5,0.0,0.0,0.0,0.0,0.0,94
2023-05-09 22:15:15,OI311P7200,OI311P7200,90.5,0.0,0.0,0.0,2,93.5,97.0,2,90.5,0.0,0.0,0.0,0.0,0.0,94
2023-05-09 22:16:04,OI311P7200,OI311P7200,90.5,0.0,0.0,0.0,8,93.5,97.0,8,90.5,0.0,0.0,0.0,0.0,0.0,94
2023-05-09 22:17:13,OI311P7200,OI311P7200,90.5,0.0,0.0,0.0,6,93.5,97.0,8,90.5,0.0,0.0,0.0,0.0,0.0,94
2023-05-09 22:18:51,OI311P7200,OI311P7200,90.5,0.0,0.0,0.0,14,93.0,97.0,8,90.5,0.0,0.0,0.0,0.0,0.0,94
2023-05-09 22:18:52,OI311P7200,OI311P7200,90.5,0.0,0.0,0.0,8,93.0,97.0,2,90.5,0.0,0.0,0.0,0.0,0.0,94
2023-05-09 22:22:11,OI311P7200,OI311P7200,90.5,0.0,0.0,0.0,2,93.5,97.0,2,90.5,0.0,0.0,0.0,0.0,0.0,94
2023-05-09 22:22:12,OI311P7200,OI311P7200,90.5,0.0,0.0,0.0,2,93.5,97.5,2,90.5,0.0,0.0,0.0,0.0,0.0,94
2023-05-09 22:22:26,OI311P7200,OI311P7200,90.5,0.0,0.0,0.0,2,94.0,97.5,2,90.5,0.0,0.0,0.0,0.0,0.0,94
2023-05-09 22:22:27,OI311P7200,OI311P7200,90.5,0.0,0.0,0.0,2,94.0,109.5,1,90.5,0.0,0.0,0.0,0.0,0.0,94
2023-05-09 22:22:29,OI311P7200,OI311P7200,90.5,0.0,0.0,0.0,8,94.0,104.5,6,90.5,0.0,0.0,0.0,0.0,0.0,94
2023-05-09 22:22:30,OI311P7200,OI311P7200,90.5,0.0,0.0,0.0,8,94.0,104.0,6,90.5,0.0,0.0,0.0,0.0,0.0,94
2023-05-09 22:22:34,OI311P7200,OI311P7200,90.5,0.0,0.0,0.0,8,94.0,99.5,2,90.5,0.0,0.0,0.0,0.0,0.0,94
2023-05-09 22:22:36,OI311P7200,OI311P7200,90.5,0.0,0.0,0.0,2,94.5,99.5,2,90.5,0.0,0.0,0.0,0.0,0.0,94
2023-05-09 22:22:43,OI311P7200,OI311P7200,90.5,0.0,0.0,0.0,2,94.5,99.0,2,90.5,0.0,0.0,0.0,0.0,0.0,94
2023-05-09 22:22:46,OI311P7200,OI311P7200,90.5,0.0,0.0,0.0,8,94.5,99.0,2,90.5,0.0,0.0,0.0,0.0,0.0,94
2023-05-09 22:22:46,OI311P7200,OI311P7200,90.5,0.0,0.0,0.0,8,94.5,99.0,8,90.5,0.0,0.0,0.0,0.0,0.0,94
2023-05-09 22:25:18,OI311P7200,OI311P7200,90.5,0.0,0.0,0.0,2,95.0,99.0,8,90.5,0.0,0.0,0.0,0.0,0.0,94
2023-05-09 22:25:19,OI311P7200,OI311P7200,90.5,0.0,0.0,0.0,2,95.0,99.0,2,90.5,0.0,0.0,0.0,0.0,0.0,94
2023-05-09 22:25:20,OI311P7200,OI311P7200,90.5,0.0,0.0,0.0,8,95.0,99.0,2,90.5,0.0,0.0,0.0,0.0,0.0,94
2023-05-09 22:25:20,OI311P7200,OI311P7200,90.5,0.0,0.0,0.0,8,95.0,99.0,8,90.5,0.0,0.0,0.0,0.0,0.0,94
2023-05-09 22:27:53,OI311P7200,OI311P7200,90.5,0.0,0.0,0.0,2,95.5,99.0,2,90.5,0.0,0.0,0.0,0.0,0.0,94
2023-05-09 22:28:01,OI311P7200,OI311P7200,90.5,0.0,0.0,0.0,2,95.5,99.5,2,90.5,0.0,0.0,0.0,0.0,0.0,94
2023-05-09 22:28:03,OI311P7200,OI311P7200,90.5,0.0,0.0,0.0,8,95.5,99.5,2,90.5,0.0,0.0,0.0,0.0,0.0,94
2023-05-09 22:28:36,OI311P7200,OI311P7200,90.5,0.0,0.0,0.0,2,96.0,99.5,2,90.5,0.0,0.0,0.0,0.0,0.0,94
2023-05-09 22:28:37,OI311P7200,OI311P7200,90.5,0.0,0.0,0.0,2,96.0,101.5,6,90.5,0.0,0.0,0.0,0.0,0.0,94
2023-05-09 22:28:37,OI311P7200,OI311P7200,90.5,0.0,0.0,0.0,8,96.0,106.0,6,90.5,0.0,0.0,0.0,0.0,0.0,94
2023-05-09 22:28:39,OI311P7200,OI311P7200,90.5,0.0,0.0,0.0,8,96.0,105.5,6,90.5,0.0,0.0,0.0,0.0,0.0,94
2023-05-09 22:28:40,OI311P7200,OI311P7200,90.5,0.0,0.0,0.0,8,96.0,101.5,2,90.5,0.0,0.0,0.0,0.0,0.0,94
2023-05-09 22:28:40,OI311P7200,OI311P7200,90.5,0.0,0.0,0.0,8,96.0,101.5,8,90.5,0.0,0.0,0.0,0.0,0.0,94
2023-05-09 22:28:41,OI311P7200,OI311P7200,90.5,0.0,0.0,0.0,2,96.5,101.5,8,90.5,0.0,0.0,0.0,0.0,0.0,94
2023-05-09 22:28:41,OI311P7200,OI311P7200,90.5,0.0,0.0,0.0,2,96.5,101.5,2,90.5,0.0,0.0,0.0,0.0,0.0,94
2023-05-09 22:28:45,OI311P7200,OI311P7200,90.5,0.0,0.0,0.0,8,96.5,101.5,2,90.5,0.0,0.0,0.0,0.0,0.0,94
2023-05-09 22:28:46,OI311P7200,OI311P7200,90.5,0.0,0.0,0.0,2,97.0,101.5,2,90.5,0.0,0.0,0.0,0.0,0.0,94
2023-05-09 22:28:51,OI311P7200,OI311P7200,90.5,0.0,0.0,0.0,8,97.0,101.5,2,90.5,0.0,0.0,0.0,0.0,0.0,94
2023-05-09 22:29:00,OI311P7200,OI311P7200,90.5,0.0,0.0,0.0,2,97.5,101.5,2,90.5,0.0,0.0,0.0,0.0,0.0,94
2023-05-09 22:29:36,OI311P7200,OI311P7200,90.5,0.0,0.0,0.0,2,98.0,104.0,6,90.5,0.0,0.0,0.0,0.0,0.0,94
2023-05-09 22:29:36,OI311P7200,OI311P7200,90.5,0.0,0.0,0.0,8,98.0,108.0,6,90.5,0.0,0.0,0.0,0.0,0.0,94
2023-05-09 22:29:37,OI311P7200,OI311P7200,90.5,0.0,0.0,0.0,8,98.0,103.5,2,90.5,0.0,0.0,0.0,0.0,0.0,94
2023-05-09 22:29:38,OI311P7200,OI311P7200,90.5,0.0,0.0,0.0,8,98.0,103.0,6,90.5,0.0,0.0,0.0,0.0,0.0,94
2023-05-09 22:29:38,OI311P7200,OI311P7200,90.5,0.0,0.0,0.0,8,98.0,103.0,8,90.5,0.0,0.0,0.0,0.0,0.0,94
2023-05-09 22:29:54,OI311P7200,OI311P7200,90.5,0.0,0.0,0.0,8,98.0,102.5,2,90.5,0.0,0.0,0.0,0.0,0.0,94
2023-05-09 22:30:47,OI311P7200,OI311P7200,90.5,0.0,0.0,0.0,2,98.5,102.5,2,90.5,0.0,0.0,0.0,0.0,0.0,94
2023-05-09 22:30:59,OI311P7200,OI311P7200,90.5,0.0,0.0,0.0,2,99.0,102.5,2,90.5,0.0,0.0,0.0,0.0,0.0,94
2023-05-09 22:30:59,OI311P7200,OI311P7200,90.5,0.0,0.0,0.0,2,99.0,103.0,2,90.5,0.0,0.0,0.0,0.0,0.0,94
2023-05-09 22:31:15,OI311P7200,OI311P7200,90.5,0.0,0.0,0.0,8,99.0,103.0,8,90.5,0.0,0.0,0.0,0.0,0.0,94
2023-05-09 22:31:24,OI311P7200,OI311P7200,90.5,0.0,0.0,0.0,8,99.0,103.0,2,90.5,0.0,0.0,0.0,0.0,0.0,94
2023-05-09 22:31:31,OI311P7200,OI311P7200,90.5,0.0,0.0,0.0,2,99.5,104.5,6,90.5,0.0,0.0,0.0,0.0,0.0,94
2023-05-09 22:31:35,OI311P7200,OI311P7200,90.5,0.0,0.0,0.0,2,99.5,104.5,8,90.5,0.0,0.0,0.0,0.0,0.0,94
2023-05-09 22:31:37,OI311P7200,OI311P7200,90.5,0.0,0.0,0.0,8,100.0,104.0,6,90.5,0.0,0.0,0.0,0.0,0.0,94
2023-05-09 22:31:37,OI311P7200,OI311P7200,90.5,0.0,0.0,0.0,8,100.0,104.5,2,90.5,0.0,0.0,0.0,0.0,0.0,94
2023-05-09 22:31:39,OI311P7200,OI311P7200,90.5,0.0,0.0,0.0,8,100.0,104.5,8,90.5,0.0,0.0,0.0,0.0,0.0,94
2023-05-09 22:32:07,OI311P7200,OI311P7200,90.5,0.0,0.0,0.0,8,100.0,104.0,2,90.5,0.0,0.0,0.0,0.0,0.0,94
2023-05-09 22:32:08,OI311P7200,OI311P7200,90.5,0.0,0.0,0.0,8,100.0,103.5,6,90.5,0.0,0.0,0.0,0.0,0.0,94
2023-05-09 22:32:11,OI311P7200,OI311P7200,90.5,0.0,0.0,0.0,8,100.0,104.0,2,90.5,0.0,0.0,0.0,0.0,0.0,94
2023-05-09 22:32:13,OI311P7200,OI311P7200,90.5,0.0,0.0,0.0,8,100.0,104.0,8,90.5,0.0,0.0,0.0,0.0,0.0,94
2023-05-09 22:32:26,OI311P7200,OI311P7200,90.5,0.0,0.0,0.0,8,100.0,104.0,2,90.5,0.0,0.0,0.0,0.0,0.0,94
2023-05-09 22:32:26,OI311P7200,OI311P7200,90.5,0.0,0.0,0.0,2,100.5,104.0,2,90.5,0.0,0.0,0.0,0.0,0.0,94
2023-05-09 22:32:37,OI311P7200,OI311P7200,90.5,0.0,0.0,0.0,8,100.5,104.0,2,90.5,0.0,0.0,0.0,0.0,0.0,94
2023-05-09 22:32:37,OI311P7200,OI311P7200,90.5,0.0,0.0,0.0,8,100.5,104.5,8,90.5,0.0,0.0,0.0,0.0,0.0,94
2023-05-09 22:32:37,OI311P7200,OI311P7200,90.5,0.0,0.0,0.0,8,100.5,104.5,2,90.5,0.0,0.0,0.0,0.0,0.0,94
2023-05-09 22:33:10,OI311P7200,OI311P7200,90.5,0.0,0.0,0.0,8,100.5,104.5,8,90.5,0.0,0.0,0.0,0.0,0.0,94
2023-05-09 22:33:21,OI311P7200,OI311P7200,90.5,0.0,0.0,0.0,8,100.5,104.5,2,90.5,0.0,0.0,0.0,0.0,0.0,94
2023-05-09 22:33:31,OI311P7200,OI311P7200,90.5,0.0,0.0,0.0,8,100.5,104.5,8,90.5,0.0,0.0,0.0,0.0,0.0,94
2023-05-09 22:33:59,OI311P7200,OI311P7200,90.5,0.0,0.0,0.0,8,100.5,104.0,2,90.5,0.0,0.0,0.0,0.0,0.0,94
2023-05-09 22:34:02,OI311P7200,OI311P7200,90.5,0.0,0.0,0.0,6,100.5,103.5,6,90.5,0.0,0.0,0.0,0.0,0.0,94
2023-05-09 22:34:05,OI311P7200,OI311P7200,90.5,0.0,0.0,0.0,6,100.5,103.5,8,90.5,0.0,0.0,0.0,0.0,0.0,94
2023-05-09 22:34:10,OI311P7200,OI311P7200,90.5,0.0,0.0,0.0,6,100.5,103.5,2,90.5,0.0,0.0,0.0,0.0,0.0,94
2023-05-09 22:34:10,OI311P7200,OI311P7200,90.5,0.0,0.0,0.0,6,96.0,103.5,8,90.5,0.0,0.0,0.0,0.0,0.0,94
2023-05-09 22:34:12,OI311P7200,OI311P7200,90.5,0.0,0.0,0.0,2,97.5,103.0,2,90.5,0.0,0.0,0.0,0.0,0.0,94
2023-05-09 22:34:12,OI311P7200,OI311P7200,90.5,0.0,0.0,0.0,2,98.0,103.0,2,90.5,0.0,0.0,0.0,0.0,0.0,94
2023-05-09 22:34:35,OI311P7200,OI311P7200,90.5,0.0,0.0,0.0,8,98.0,103.0,2,90.5,0.0,0.0,0.0,0.0,0.0,94
2023-05-09 22:34:35,OI311P7200,OI311P7200,90.5,0.0,0.0,0.0,8,98.0,103.0,8,90.5,0.0,0.0,0.0,0.0,0.0,94
2023-05-09 22:35:06,OI311P7200,OI311P7200,90.5,0.0,0.0,0.0,8,98.0,102.5,2,90.5,0.0,0.0,0.0,0.0,0.0,94
2023-05-09 22:35:34,OI311P7200,OI311P7200,90.5,0.0,0.0,0.0,6,98.0,102.5,2,90.5,0.0,0.0,0.0,0.0,0.0,94
2023-05-09 22:35:36,OI311P7200,OI311P7200,90.5,0.0,0.0,0.0,6,98.0,101.5,2,90.5,0.0,0.0,0.0,0.0,0.0,94
2023-05-09 22:35:48,OI311P7200,OI311P7200,90.5,0.0,0.0,0.0,8,97.5,101.5,2,90.5,0.0,0.0,0.0,0.0,0.0,94
2023-05-09 22:35:49,OI311P7200,OI311P7200,90.5,0.0,0.0,0.0,6,93.5,101.5,2,90.5,0.0,0.0,0.0,0.0,0.0,94
2023-05-09 22:35:50,OI311P7200,OI311P7200,90.5,0.0,0.0,0.0,8,95.5,101.5,2,90.5,0.0,0.0,0.0,0.0,0.0,94
2023-05-09 22:36:12,OI311P7200,OI311P7200,90.5,0.0,0.0,0.0,8,95.5,101.0,2,90.5,0.0,0.0,0.0,0.0,0.0,94
2023-05-09 22:36:21,OI311P7200,OI311P7200,90.5,0.0,0.0,0.0,8,95.5,100.5,2,90.5,0.0,0.0,0.0,0.0,0.0,94
2023-05-09 22:36:30,OI311P7200,OI311P7200,90.5,0.0,0.0,0.0,8,95.5,100.5,8,90.5,0.0,0.0,0.0,0.0,0.0,94
2023-05-09 22:36:49,OI311P7200,OI311P7200,90.5,0.0,0.0,0.0,8,95.5,100.5,2,90.5,0.0,0.0,0.0,0.0,0.0,94
2023-05-09 22:36:58,OI311P7200,OI311P7200,90.5,0.0,0.0,0.0,6,95.5,100.5,2,90.5,0.0,0.0,0.0,0.0,0.0,94
2023-05-09 22:36:58,OI311P7200,OI311P7200,90.5,0.0,0.0,0.0,2,93.5,100.5,2,90.5,0.0,0.0,0.0,0.0,0.0,94
2023-05-09 22:36:58,OI311P7200,OI311P7200,90.5,0.0,0.0,0.0,8,93.5,100.5,2,90.5,0.0,0.0,0.0,0.0,0.0,94
2023-05-09 22:37:01,OI311P7200,OI311P7200,90.5,0.0,0.0,0.0,8,93.5,99.5,2,90.5,0.0,0.0,0.0,0.0,0.0,94
2023-05-09 22:37:05,OI311P7200,OI311P7200,90.5,0.0,0.0,0.0,8,93.5,99.0,2,90.5,0.0,0.0,0.0,0.0,0.0,94
2023-05-09 22:37:48,OI311P7200,OI311P7200,90.5,0.0,0.0,0.0,2,94.0,99.0,2,90.5,0.0,0.0,0.0,0.0,0.0,94
2023-05-09 22:38:27,OI311P7200,OI311P7200,90.5,0.0,0.0,0.0,8,94.5,99.0,8,90.5,0.0,0.0,0.0,0.0,0.0,94
2023-05-09 22:38:57,OI311P7200,OI311P7200,90.5,0.0,0.0,0.0,2,95.0,99.0,8,90.5,0.0,0.0,0.0,0.0,0.0,94
2023-05-09 22:38:57,OI311P7200,OI311P7200,90.5,0.0,0.0,0.0,2,95.0,99.0,2,90.5,0.0,0.0,0.0,0.0,0.0,94
2023-05-09 22:39:05,OI311P7200,OI311P7200,90.5,0.0,0.0,0.0,8,95.0,99.0,8,90.5,0.0,0.0,0.0,0.0,0.0,94
2023-05-09 22:39:05,OI311P7200,OI311P7200,90.5,0.0,0.0,0.0,8,95.0,98.5,6,90.5,0.0,0.0,0.0,0.0,0.0,94
2023-05-09 22:39:13,OI311P7200,OI311P7200,90.5,0.0,0.0,0.0,8,95.0,98.5,8,90.5,0.0,0.0,0.0,0.0,0.0,94
2023-05-09 22:39:18,OI311P7200,OI311P7200,90.5,0.0,0.0,0.0,6,95.0,98.5,8,90.5,0.0,0.0,0.0,0.0,0.0,94
2023-05-09 22:39:20,OI311P7200,OI311P7200,90.5,0.0,0.0,0.0,6,95.0,98.0,2,90.5,0.0,0.0,0.0,0.0,0.0,94
2023-05-09 22:39:23,OI311P7200,OI311P7200,90.5,0.0,0.0,0.0,8,94.5,98.0,8,90.5,0.0,0.0,0.0,0.0,0.0,94
2023-05-09 22:39:41,OI311P7200,OI311P7200,90.5,0.0,0.0,0.0,8,94.5,98.0,2,90.5,0.0,0.0,0.0,0.0,0.0,94
2023-05-09 22:39:55,OI311P7200,OI311P7200,90.5,0.0,0.0,0.0,2,94.5,98.0,8,90.5,0.0,0.0,0.0,0.0,0.0,94
2023-05-09 22:40:04,OI311P7200,OI311P7200,90.5,0.0,0.0,0.0,6,89.0,98.0,8,90.5,0.0,0.0,0.0,0.0,0.0,94
2023-05-09 22:40:04,OI311P7200,OI311P7200,90.5,0.0,0.0,0.0,8,92.5,98.0,8,90.5,0.0,0.0,0.0,0.0,0.0,94
2023-05-09 22:40:11,OI311P7200,OI311P7200,90.5,0.0,0.0,0.0,2,93.0,98.0,8,90.5,0.0,0.0,0.0,0.0,0.0,94
2023-05-09 22:40:27,OI311P7200,OI311P7200,90.5,0.0,0.0,0.0,2,93.0,97.5,2,90.5,0.0,0.0,0.0,0.0,0.0,94
2023-05-09 22:42:15,OI311P7200,OI311P7200,90.5,0.0,0.0,0.0,2,93.5,97.5,2,90.5,0.0,0.0,0.0,0.0,0.0,94
2023-05-09 22:42:15,OI311P7200,OI311P7200,90.5,0.0,0.0,0.0,8,93.5,97.5,14,90.5,0.0,0.0,0.0,0.0,0.0,94
2023-05-09 22:42:38,OI311P7200,OI311P7200,90.5,0.0,0.0,0.0,8,93.5,97.5,8,90.5,0.0,0.0,0.0,0.0,0.0,94
2023-05-09 22:42:39,OI311P7200,OI311P7200,90.5,0.0,0.0,0.0,2,94.0,97.5,8,90.5,0.0,0.0,0.0,0.0,0.0,94
2023-05-09 22:42:39,OI311P7200,OI311P7200,90.5,0.0,0.0,0.0,2,94.0,97.5,2,90.5,0.0,0.0,0.0,0.0,0.0,94
2023-05-09 22:43:05,OI311P7200,OI311P7200,90.5,0.0,0.0,0.0,2,94.0,98.0,2,90.5,0.0,0.0,0.0,0.0,0.0,94
2023-05-09 22:45:16,OI311P7200,OI311P7200,90.5,0.0,0.0,0.0,2,94.0,97.5,8,90.5,0.0,0.0,0.0,0.0,0.0,94
2023-05-09 22:45:18,OI311P7200,OI311P7200,90.5,0.0,0.0,0.0,8,93.5,97.5,8,90.5,0.0,0.0,0.0,0.0,0.0,94
2023-05-09 22:45:20,OI311P7200,OI311P7200,90.5,0.0,0.0,0.0,8,93.5,97.0,2,90.5,0.0,0.0,0.0,0.0,0.0,94
2023-05-09 22:46:54,OI311P7200,OI311P7200,90.5,0.0,0.0,0.0,6,93.5,97.0,2,90.5,0.0,0.0,0.0,0.0,0.0,94
2023-05-09 22:46:54,OI311P7200,OI311P7200,90.5,0.0,0.0,0.0,2,91.5,97.0,8,90.5,0.0,0.0,0.0,0.0,0.0,94
2023-05-09 22:46:54,OI311P7200,OI311P7200,90.5,0.0,0.0,0.0,6,93.5,97.0,2,90.5,0.0,0.0,0.0,0.0,0.0,94
2023-05-09 22:46:55,OI311P7200,OI311P7200,90.5,0.0,0.0,0.0,8,91.5,97.0,8,90.5,0.0,0.0,0.0,0.0,0.0,94
2023-05-09 22:46:56,OI311P7200,OI311P7200,90.5,0.0,0.0,0.0,2,92.0,97.0,8,90.5,0.0,0.0,0.0,0.0,0.0,94
2023-05-09 22:47:05,OI311P7200,OI311P7200,90.5,0.0,0.0,0.0,2,92.0,96.5,2,90.5,0.0,0.0,0.0,0.0,0.0,94
2023-05-09 22:49:19,OI311P7200,OI311P7200,90.5,0.0,0.0,0.0,2,92.5,96.5,2,90.5,0.0,0.0,0.0,0.0,0.0,94
2023-05-09 22:49:19,OI311P7200,OI311P7200,90.5,0.0,0.0,0.0,8,92.5,96.5,8,90.5,0.0,0.0,0.0,0.0,0.0,94
2023-05-09 22:49:48,OI311P7200,OI311P7200,90.5,0.0,0.0,0.0,8,92.5,96.5,14,90.5,0.0,0.0,0.0,0.0,0.0,94
2023-05-09 22:54:46,OI311P7200,OI311P7200,90.5,0.0,0.0,0.0,8,92.5,96.5,8,90.5,0.0,0.0,0.0,0.0,0.0,94
2023-05-09 22:54:55,OI311P7200,OI311P7200,90.5,0.0,0.0,0.0,8,92.5,96.5,14,90.5,0.0,0.0,0.0,0.0,0.0,94
2023-05-09 22:56:06,OI311P7200,OI311P7200,90.5,0.0,0.0,0.0,6,92.5,96.5,6,90.5,0.0,0.0,0.0,0.0,0.0,94
2023-05-09 22:56:06,OI311P7200,OI311P7200,90.5,0.0,0.0,0.0,6,89.5,100.5,6,90.5,0.0,0.0,0.0,0.0,0.0,94
2023-05-09 22:57:01,OI311P7200,OI311P7200,90.5,0.0,0.0,0.0,1,1.0,0.0,0,90.5,0.0,0.0,0.0,0.0,0.0,94
2023-05-09 22:57:02,OI311P7200,OI311P7200,90.5,0.0,0.0,0.0,1,2.5,752.0,1,90.5,0.0,0.0,0.0,0.0,0.0,94
2023-05-09 22:57:03,OI311P7200,OI311P7200,90.5,0.0,0.0,0.0,1,3.0,752.0,1,90.5,0.0,0.0,0.0,0.0,0.0,94
2023-05-09 22:57:03,OI311P7200,OI311P7200,90.5,0.0,0.0,0.0,1,4.5,752.0,1,90.5,0.0,0.0,0.0,0.0,0.0,94
2023-05-09 22:59:54,OI311P7200,OI311P7200,90.5,0.0,0.0,0.0,1,3.0,0.0,0,90.5,0.0,0.0,0.0,0.0,0.0,94
2023-05-10 09:00:10,OI311P7200,OI311P7200,90.5,0.0,0.0,0.0,1,3.0,256.5,1,90.5,0.0,0.0,0.0,0.0,0.0,94
2023-05-10 09:00:11,OI311P7200,OI311P7200,90.5,0.0,0.0,0.0,1,44.0,256.5,1,90.5,0.0,0.0,0.0,0.0,0.0,94
2023-05-10 09:01:25,OI311P7200,OI311P7200,90.5,0.0,0.0,0.0,2,87.0,256.5,1,90.5,0.0,0.0,0.0,0.0,0.0,94
2023-05-10 09:01:26,OI311P7200,OI311P7200,90.5,0.0,0.0,0.0,2,87.0,186.5,2,90.5,0.0,0.0,0.0,0.0,0.0,94
2023-05-10 09:01:29,OI311P7200,OI311P7200,90.5,0.0,0.0,0.0,2,87.0,92.5,2,90.5,0.0,0.0,0.0,0.0,0.0,94
2023-05-10 09:01:35,OI311P7200,OI311P7200,90.5,0.0,0.0,0.0,2,87.0,92.0,2,90.5,0.0,0.0,0.0,0.0,0.0,94
2023-05-10 09:01:52,OI311P7200,OI311P7200,90.5,0.0,0.0,0.0,2,87.0,91.0,2,90.5,0.0,0.0,0.0,0.0,0.0,94
2023-05-10 09:02:22,OI311P7200,OI311P7200,90.5,0.0,0.0,0.0,2,87.5,91.0,2,90.5,0.0,0.0,0.0,0.0,0.0,94
2023-05-10 09:02:29,OI311P7200,OI311P7200,90.5,0.0,0.0,0.0,2,87.5,90.5,6,90.5,0.0,0.0,0.0,0.0,0.0,94
2023-05-10 09:02:52,OI311P7200,OI311P7200,90.5,0.0,0.0,0.0,2,87.5,90.5,12,90.5,0.0,0.0,0.0,0.0,0.0,94
2023-05-10 09:03:02,OI311P7200,OI311P7200,90.5,0.0,0.0,0.0,2,87.0,90.5,6,90.5,0.0,0.0,0.0,0.0,0.0,94
2023-05-10 09:03:02,OI311P7200,OI311P7200,90.5,0.0,0.0,0.0,2,87.0,91.0,2,90.5,0.0,0.0,0.0,0.0,0.0,94
2023-05-10 09:03:03,OI311P7200,OI311P7200,90.5,0.0,0.0,0.0,2,87.0,90.5,2,90.5,0.0,0.0,0.0,0.0,0.0,94
2023-05-10 09:03:05,OI311P7200,OI311P7200,90.5,0.0,0.0,0.0,2,87.0,90.5,8,90.5,0.0,0.0,0.0,0.0,0.0,94
2023-05-10 09:03:10,OI311P7200,OI311P7200,90.5,0.0,0.0,0.0,2,87.0,90.5,2,90.5,0.0,0.0,0.0,0.0,0.0,94
2023-05-10 09:03:29,OI311P7200,OI311P7200,90.5,0.0,0.0,0.0,8,87.0,90.5,2,90.5,0.0,0.0,0.0,0.0,0.0,94
2023-05-10 09:03:41,OI311P7200,OI311P7200,90.5,0.0,0.0,0.0,2,87.5,91.0,2,90.5,0.0,0.0,0.0,0.0,0.0,94
2023-05-10 09:04:07,OI311P7200,OI311P7200,90.5,0.0,0.0,0.0,2,87.5,91.0,8,90.5,0.0,0.0,0.0,0.0,0.0,94
2023-05-10 09:04:08,OI311P7200,OI311P7200,90.5,0.0,0.0,0.0,8,87.0,90.5,2,90.5,0.0,0.0,0.0,0.0,0.0,94
2023-05-10 09:04:35,OI311P7200,OI311P7200,90.5,0.0,0.0,0.0,8,87.0,90.0,2,90.5,0.0,0.0,0.0,0.0,0.0,94
2023-05-10 09:04:36,OI311P7200,OI311P7200,90.5,0.0,0.0,0.0,6,86.0,90.0,2,90.5,0.0,0.0,0.0,0.0,0.0,94
2023-05-10 09:04:36,OI311P7200,OI311P7200,90.5,0.0,0.0,0.0,6,83.0,90.0,2,90.5,0.0,0.0,0.0,0.0,0.0,94
2023-05-10 09:04:37,OI311P7200,OI311P7200,90.5,0.0,0.0,0.0,8,85.0,90.0,2,90.5,0.0,0.0,0.0,0.0,0.0,94
2023-05-10 09:04:38,OI311P7200,OI311P7200,90.5,0.0,0.0,0.0,2,85.5,90.0,2,90.5,0.0,0.0,0.0,0.0,0.0,94
2023-05-10 09:04:41,OI311P7200,OI311P7200,90.5,0.0,0.0,0.0,2,86.0,90.0,2,90.5,0.0,0.0,0.0,0.0,0.0,94
2023-05-10 09:04:41,OI311P7200,OI311P7200,90.5,0.0,0.0,0.0,8,86.0,90.0,8,90.5,0.0,0.0,0.0,0.0,0.0,94
2023-05-10 09:05:01,OI311P7200,OI311P7200,90.5,0.0,0.0,0.0,8,86.0,89.5,2,90.5,0.0,0.0,0.0,0.0,0.0,94
2023-05-10 09:05:06,OI311P7200,OI311P7200,90.5,0.0,0.0,0.0,2,86.0,89.5,2,90.5,0.0,0.0,0.0,0.0,0.0,94
2023-05-10 09:05:06,OI311P7200,OI311P7200,90.5,0.0,0.0,0.0,8,86.0,89.5,2,90.5,0.0,0.0,0.0,0.0,0.0,94
2023-05-10 09:05:08,OI311P7200,OI311P7200,90.5,0.0,0.0,0.0,8,86.0,89.5,8,90.5,0.0,0.0,0.0,0.0,0.0,94
2023-05-10 09:05:33,OI311P7200,OI311P7200,90.5,0.0,0.0,0.0,8,86.0,89.0,2,90.5,0.0,0.0,0.0,0.0,0.0,94
2023-05-10 09:05:37,OI311P7200,OI311P7200,90.5,0.0,0.0,0.0,6,86.0,88.5,8,90.5,0.0,0.0,0.0,0.0,0.0,94
2023-05-10 09:05:39,OI311P7200,OI311P7200,90.5,0.0,0.0,0.0,14,85.5,88.5,8,90.5,0.0,0.0,0.0,0.0,0.0,94
2023-05-10 09:05:39,OI311P7200,OI311P7200,90.5,0.0,0.0,0.0,8,85.5,88.5,2,90.5,0.0,0.0,0.0,0.0,0.0,94
2023-05-10 09:06:19,OI311P7200,OI311P7200,90.5,0.0,0.0,0.0,1,73.5,88.0,2,90.5,0.0,0.0,0.0,0.0,0.0,94
2023-05-10 09:06:21,OI311P7200,OI311P7200,90.5,0.0,0.0,0.0,6,81.0,88.0,2,90.5,0.0,0.0,0.0,0.0,0.0,94
2023-05-10 09:06:22,OI311P7200,OI311P7200,90.5,0.0,0.0,0.0,6,81.0,87.5,2,90.5,0.0,0.0,0.0,0.0,0.0,94
2023-05-10 09:06:23,OI311P7200,OI311P7200,90.5,0.0,0.0,0.0,8,83.5,87.5,2,90.5,0.0,0.0,0.0,0.0,0.0,94
2023-05-10 09:06:34,OI311P7200,OI311P7200,90.5,0.0,0.0,0.0,8,83.5,87.0,2,90.5,0.0,0.0,0.0,0.0,0.0,94
2023-05-10 09:06:50,OI311P7200,OI311P7200,90.5,0.0,0.0,0.0,8,83.5,86.5,2,90.5,0.0,0.0,0.0,0.0,0.0,94
2023-05-10 09:07:00,OI311P7200,OI311P7200,90.5,0.0,0.0,0.0,2,83.5,86.5,2,90.5,0.0,0.0,0.0,0.0,0.0,94
2023-05-10 09:07:03,OI311P7200,OI311P7200,90.5,0.0,0.0,0.0,6,82.5,86.0,8,90.5,0.0,0.0,0.0,0.0,0.0,94
2023-05-10 09:07:15,OI311P7200,OI311P7200,90.5,0.0,0.0,0.0,8,82.5,86.0,8,90.5,0.0,0.0,0.0,0.0,0.0,94
2023-05-10 09:07:47,OI311P7200,OI311P7200,90.5,0.0,0.0,0.0,8,82.5,85.5,2,90.5,0.0,0.0,0.0,0.0,0.0,94
2023-05-10 09:07:58,OI311P7200,OI311P7200,90.5,0.0,0.0,0.0,2,82.5,85.5,2,90.5,0.0,0.0,0.0,0.0,0.0,94
2023-05-10 09:08:06,OI311P7200,OI311P7200,90.5,0.0,0.0,0.0,8,82.5,85.5,8,90.5,0.0,0.0,0.0,0.0,0.0,94
2023-05-10 09:08:11,OI311P7200,OI311P7200,90.5,0.0,0.0,0.0,6,82.5,85.0,2,90.5,0.0,0.0,0.0,0.0,0.0,94
2023-05-10 09:08:14,OI311P7200,OI311P7200,90.5,0.0,0.0,0.0,8,82.0,85.0,2,90.5,0.0,0.0,0.0,0.0,0.0,94
2023-05-10 09:10:28,OI311P7200,OI311P7200,90.5,0.0,0.0,0.0,8,82.0,85.5,2,90.5,0.0,0.0,0.0,0.0,0.0,94
2023-05-10 09:10:39,OI311P7200,OI311P7200,90.5,0.0,0.0,0.0,2,82.5,85.5,2,90.5,0.0,0.0,0.0,0.0,0.0,94
2023-05-10 09:10:44,OI311P7200,OI311P7200,90.5,0.0,0.0,0.0,8,82.5,85.5,2,90.5,0.0,0.0,0.0,0.0,0.0,94
2023-05-10 09:11:13,OI311P7200,OI311P7200,90.5,0.0,0.0,0.0,8,82.5,86.5,6,90.5,0.0,0.0,0.0,0.0,0.0,94
2023-05-10 09:11:16,OI311P7200,OI311P7200,90.5,0.0,0.0,0.0,8,82.5,86.5,8,90.5,0.0,0.0,0.0,0.0,0.0,94
2023-05-10 09:11:33,OI311P7200,OI311P7200,90.5,0.0,0.0,0.0,8,82.5,86.0,2,90.5,0.0,0.0,0.0,0.0,0.0,94
2023-05-10 09:11:38,OI311P7200,OI311P7200,90.5,0.0,0.0,0.0,8,82.5,85.5,2,90.5,0.0,0.0,0.0,0.0,0.0,94
2023-05-10 09:11:38,OI311P7200,OI311P7200,90.5,0.0,0.0,0.0,8,82.5,85.5,8,90.5,0.0,0.0,0.0,0.0,0.0,94
2023-05-10 09:11:38,OI311P7200,OI311P7200,90.5,0.0,0.0,0.0,8,82.5,85.5,2,90.5,0.0,0.0,0.0,0.0,0.0,94
2023-05-10 09:11:38,OI311P7200,OI311P7200,90.5,0.0,0.0,0.0,8,82.5,85.5,8,90.5,0.0,0.0,0.0,0.0,0.0,94
2023-05-10 09:12:05,OI311P7200,OI311P7200,90.5,0.0,0.0,0.0,6,82.5,85.5,8,90.5,0.0,0.0,0.0,0.0,0.0,94
2023-05-10 09:12:14,OI311P7200,OI311P7200,90.5,0.0,0.0,0.0,14,82.0,85.5,8,90.5,0.0,0.0,0.0,0.0,0.0,94
2023-05-10 09:12:14,OI311P7200,OI311P7200,90.5,0.0,0.0,0.0,8,82.0,85.5,2,90.5,0.0,0.0,0.0,0.0,0.0,94
2023-05-10 09:12:50,OI311P7200,OI311P7200,90.5,0.0,0.0,0.0,2,82.5,85.5,2,90.5,0.0,0.0,0.0,0.0,0.0,94
2023-05-10 09:14:42,OI311P7200,OI311P7200,90.5,0.0,0.0,0.0,8,82.5,85.5,2,90.5,0.0,0.0,0.0,0.0,0.0,94
2023-05-10 09:14:42,OI311P7200,OI311P7200,90.5,0.0,0.0,0.0,8,82.5,85.5,8,90.5,0.0,0.0,0.0,0.0,0.0,94
2023-05-10 09:14:46,OI311P7200,OI311P7200,90.5,0.0,0.0,0.0,6,82.5,85.5,8,90.5,0.0,0.0,0.0,0.0,0.0,94
2023-05-10 09:14:47,OI311P7200,OI311P7200,90.5,0.0,0.0,0.0,6,82.5,85.0,2,90.5,0.0,0.0,0.0,0.0,0.0,94
2023-05-10 09:14:53,OI311P7200,OI311P7200,90.5,0.0,0.0,0.0,6,78.5,85.0,2,90.5,0.0,0.0,0.0,0.0,0.0,94
2023-05-10 09:14:54,OI311P7200,OI311P7200,90.5,0.0,0.0,0.0,8,80.5,85.0,2,90.5,0.0,0.0,0.0,0.0,0.0,94
2023-05-10 09:15:00,OI311P7200,OI311P7200,90.5,0.0,0.0,0.0,2,81.0,85.0,2,90.5,0.0,0.0,0.0,0.0,0.0,94
2023-05-10 09:15:05,OI311P7200,OI311P7200,90.5,0.0,0.0,0.0,2,81.0,84.5,2,90.5,0.0,0.0,0.0,0.0,0.0,94
2023-05-10 09:15:18,OI311P7200,OI311P7200,90.5,0.0,0.0,0.0,8,81.0,84.5,2,90.5,0.0,0.0,0.0,0.0,0.0,94
2023-05-10 09:15:18,OI311P7200,OI311P7200,90.5,0.0,0.0,0.0,8,81.0,84.5,8,90.5,0.0,0.0,0.0,0.0,0.0,94
2023-05-10 09:15:22,OI311P7200,OI311P7200,90.5,0.0,0.0,0.0,2,81.5,84.5,2,90.5,0.0,0.0,0.0,0.0,0.0,94
2023-05-10 09:15:28,OI311P7200,OI311P7200,90.5,0.0,0.0,0.0,2,81.5,85.0,2,90.5,0.0,0.0,0.0,0.0,0.0,94
2023-05-10 09:16:54,OI311P7200,OI311P7200,90.5,0.0,0.0,0.0,8,81.5,85.0,8,90.5,0.0,0.0,0.0,0.0,0.0,94
2023-05-10 09:17:03,OI311P7200,OI311P7200,90.5,0.0,0.0,0.0,8,81.5,84.5,2,90.5,0.0,0.0,0.0,0.0,0.0,94
2023-05-10 09:18:37,OI311P7200,OI311P7200,90.5,0.0,0.0,0.0,6,81.5,84.5,2,90.5,0.0,0.0,0.0,0.0,0.0,94
2023-05-10 09:18:40,OI311P7200,OI311P7200,90.5,0.0,0.0,0.0,14,81.0,84.5,8,90.5,0.0,0.0,0.0,0.0,0.0,94
2023-05-10 09:18:40,OI311P7200,OI311P7200,90.5,0.0,0.0,0.0,8,81.0,84.0,2,90.5,0.0,0.0,0.0,0.0,0.0,94
2023-05-10 09:18:41,OI311P7200,OI311P7200,90.5,0.0,0.0,0.0,1,73.5,84.0,2,90.5,0.0,0.0,0.0,0.0,0.0,94
2023-05-10 09:18:42,OI311P7200,OI311P7200,90.5,0.0,0.0,0.0,6,77.0,84.0,8,90.5,0.0,0.0,0.0,0.0,0.0,94
2023-05-10 09:18:44,OI311P7200,OI311P7200,90.5,0.0,0.0,0.0,6,77.0,83.5,6,90.5,0.0,0.0,0.0,0.0,0.0,94
2023-05-10 09:18:45,OI311P7200,OI311P7200,90.5,0.0,0.0,0.0,2,79.5,83.5,6,90.5,0.0,0.0,0.0,0.0,0.0,94
2023-05-10 09:18:45,OI311P7200,OI311P7200,90.5,0.0,0.0,0.0,8,79.5,83.5,6,90.5,0.0,0.0,0.0,0.0,0.0,94
2023-05-10 09:18:47,OI311P7200,OI311P7200,90.5,0.0,0.0,0.0,8,79.5,83.5,8,90.5,0.0,0.0,0.0,0.0,0.0,94
2023-05-10 09:19:01,OI311P7200,OI311P7200,90.5,0.0,0.0,0.0,8,79.5,83.0,2,90.5,0.0,0.0,0.0,0.0,0.0,94
2023-05-10 09:19:03,OI311P7200,OI311P7200,90.5,0.0,0.0,0.0,8,79.5,82.5,6,90.5,0.0,0.0,0.0,0.0,0.0,94
2023-05-10 09:19:07,OI311P7200,OI311P7200,90.5,0.0,0.0,0.0,8,79.5,82.5,8,90.5,0.0,0.0,0.0,0.0,0.0,94
2023-05-10 09:19:55,OI311P7200,OI311P7200,90.5,0.0,0.0,0.0,8,79.5,83.0,2,90.5,0.0,0.0,0.0,0.0,0.0,94
2023-05-10 09:19:56,OI311P7200,OI311P7200,90.5,0.0,0.0,0.0,2,80.0,83.0,2,90.5,0.0,0.0,0.0,0.0,0.0,94
2023-05-10 09:20:02,OI311P7200,OI311P7200,90.5,0.0,0.0,0.0,2,80.0,96.0,1,90.5,0.0,0.0,0.0,0.0,0.0,94
2023-05-10 09:20:03,OI311P7200,OI311P7200,90.5,0.0,0.0,0.0,8,80.0,88.5,6,90.5,0.0,0.0,0.0,0.0,0.0,94
2023-05-10 09:20:04,OI311P7200,OI311P7200,90.5,0.0,0.0,0.0,8,80.0,85.0,2,90.5,0.0,0.0,0.0,0.0,0.0,94
2023-05-10 09:20:05,OI311P7200,OI311P7200,90.5,0.0,0.0,0.0,8,80.0,85.0,8,90.5,0.0,0.0,0.0,0.0,0.0,94
2023-05-10 09:20:06,OI311P7200,OI311P7200,90.5,0.0,0.0,0.0,8,80.0,84.5,2,90.5,0.0,0.0,0.0,0.0,0.0,94
2023-05-10 09:20:08,OI311P7200,OI311P7200,90.5,0.0,0.0,0.0,8,80.0,84.5,8,90.5,0.0,0.0,0.0,0.0,0.0,94
2023-05-10 09:20:08,OI311P7200,OI311P7200,90.5,0.0,0.0,0.0,8,80.0,84.0,6,90.5,0.0,0.0,0.0,0.0,0.0,94
2023-05-10 09:20:09,OI311P7200,OI311P7200,90.5,0.0,0.0,0.0,8,80.0,84.0,8,90.5,0.0,0.0,0.0,0.0,0.0,94
2023-05-10 09:20:14,OI311P7200,OI311P7200,90.5,0.0,0.0,0.0,2,80.5,84.0,2,90.5,0.0,0.0,0.0,0.0,0.0,94
2023-05-10 09:20:31,OI311P7200,OI311P7200,90.5,0.0,0.0,0.0,8,80.5,84.0,2,90.5,0.0,0.0,0.0,0.0,0.0,94
2023-05-10 09:20:32,OI311P7200,OI311P7200,90.5,0.0,0.0,0.0,8,80.5,84.0,8,90.5,0.0,0.0,0.0,0.0,0.0,94
2023-05-10 09:24:28,OI311P7200,OI311P7200,90.5,0.0,0.0,0.0,2,81.0,84.0,8,90.5,0.0,0.0,0.0,0.0,0.0,94
2023-05-10 09:24:29,OI311P7200,OI311P7200,90.5,0.0,0.0,0.0,2,81.0,84.0,2,90.5,0.0,0.0,0.0,0.0,0.0,94
2023-05-10 09:25:00,OI311P7200,OI311P7200,90.5,0.0,0.0,0.0,8,81.0,84.0,2,90.5,0.0,0.0,0.0,0.0,0.0,94
2023-05-10 09:25:02,OI311P7200,OI311P7200,90.5,0.0,0.0,0.0,8,81.0,84.0,8,90.5,0.0,0.0,0.0,0.0,0.0,94
2023-05-10 09:26:10,OI311P7200,OI311P7200,90.5,0.0,0.0,0.0,6,81.0,84.0,8,90.5,0.0,0.0,0.0,0.0,0.0,94
2023-05-10 09:26:11,OI311P7200,OI311P7200,90.5,0.0,0.0,0.0,6,81.0,83.5,2,90.5,0.0,0.0,0.0,0.0,0.0,94
2023-05-10 09:26:23,OI311P7200,OI311P7200,90.5,0.0,0.0,0.0,6,81.0,83.0,8,90.5,0.0,0.0,0.0,0.0,0.0,94
2023-05-10 09:26:24,OI311P7200,OI311P7200,90.5,0.0,0.0,0.0,2,79.0,83.0,8,90.5,0.0,0.0,0.0,0.0,0.0,94
2023-05-10 09:26:24,OI311P7200,OI311P7200,90.5,0.0,0.0,0.0,8,79.0,83.0,8,90.5,0.0,0.0,0.0,0.0,0.0,94
2023-05-10 09:26:52,OI311P7200,OI311P7200,90.5,0.0,0.0,0.0,2,79.5,83.0,8,90.5,0.0,0.0,0.0,0.0,0.0,94
2023-05-10 09:27:09,OI311P7200,OI311P7200,90.5,0.0,0.0,0.0,8,79.5,83.0,8,90.5,0.0,0.0,0.0,0.0,0.0,94
2023-05-10 09:27:11,OI311P7200,OI311P7200,90.5,0.0,0.0,0.0,2,80.0,83.0,8,90.5,0.0,0.0,0.0,0.0,0.0,94
2023-05-10 09:27:12,OI311P7200,OI311P7200,90.5,0.0,0.0,0.0,2,80.0,83.0,2,90.5,0.0,0.0,0.0,0.0,0.0,94
2023-05-10 09:27:16,OI311P7200,OI311P7200,90.5,0.0,0.0,0.0,2,80.0,83.0,8,90.5,0.0,0.0,0.0,0.0,0.0,94
2023-05-10 09:27:18,OI311P7200,OI311P7200,90.5,0.0,0.0,0.0,2,80.0,83.0,2,90.5,0.0,0.0,0.0,0.0,0.0,94
2023-05-10 09:27:19,OI311P7200,OI311P7200,90.5,0.0,0.0,0.0,2,80.0,83.5,2,90.5,0.0,0.0,0.0,0.0,0.0,94
2023-05-10 09:27:22,OI311P7200,OI311P7200,90.5,0.0,0.0,0.0,2,80.5,83.5,2,90.5,0.0,0.0,0.0,0.0,0.0,94
2023-05-10 09:27:22,OI311P7200,OI311P7200,90.5,0.0,0.0,0.0,8,80.5,83.5,2,90.5,0.0,0.0,0.0,0.0,0.0,94
2023-05-10 09:30:34,OI311P7200,OI311P7200,90.5,0.0,0.0,0.0,6,80.5,83.0,8,90.5,0.0,0.0,0.0,0.0,0.0,94
2023-05-10 09:31:26,OI311P7200,OI311P7200,90.5,0.0,0.0,0.0,14,80.0,83.0,8,90.5,0.0,0.0,0.0,0.0,0.0,94
2023-05-10 09:31:26,OI311P7200,OI311P7200,90.5,0.0,0.0,0.0,8,80.0,83.0,2,90.5,0.0,0.0,0.0,0.0,0.0,94
2023-05-10 09:31:28,OI311P7200,OI311P7200,90.5,0.0,0.0,0.0,8,80.0,83.0,8,90.5,0.0,0.0,0.0,0.0,0.0,94
2023-05-10 09:31:58,OI311P7200,OI311P7200,90.5,0.0,0.0,0.0,6,80.0,83.0,8,90.5,0.0,0.0,0.0,0.0,0.0,94
2023-05-10 09:31:59,OI311P7200,OI311P7200,90.5,0.0,0.0,0.0,2,78.5,83.0,8,90.5,0.0,0.0,0.0,0.0,0.0,94
2023-05-10 09:31:59,OI311P7200,OI311P7200,90.5,0.0,0.0,0.0,8,78.5,83.0,8,90.5,0.0,0.0,0.0,0.0,0.0,94
2023-05-10 09:32:01,OI311P7200,OI311P7200,90.5,0.0,0.0,0.0,8,78.5,82.5,2,90.5,0.0,0.0,0.0,0.0,0.0,94
2023-05-10 09:32:07,OI311P7200,OI311P7200,90.5,0.0,0.0,0.0,2,79.0,82.5,2,90.5,0.0,0.0,0.0,0.0,0.0,94
2023-05-10 09:32:46,OI311P7200,OI311P7200,90.5,0.0,0.0,0.0,2,79.0,82.5,8,90.5,0.0,0.0,0.0,0.0,0.0,94
2023-05-10 09:32:46,OI311P7200,OI311P7200,90.5,0.0,0.0,0.0,2,79.0,82.5,14,90.5,0.0,0.0,0.0,0.0,0.0,94
2023-05-10 09:32:46,OI311P7200,OI311P7200,90.5,0.0,0.0,0.0,2,79.0,82.0,6,90.5,0.0,0.0,0.0,0.0,0.0,94
2023-05-10 09:32:47,OI311P7200,OI311P7200,90.5,0.0,0.0,0.0,2,79.0,82.5,14,90.5,0.0,0.0,0.0,0.0,0.0,94
2023-05-10 09:35:17,OI311P7200,OI311P7200,90.5,0.0,0.0,0.0,8,79.5,82.5,14,90.5,0.0,0.0,0.0,0.0,0.0,94
2023-05-10 09:35:17,OI311P7200,OI311P7200,90.5,0.0,0.0,0.0,14,79.5,82.5,14,90.5,0.0,0.0,0.0,0.0,0.0,94
2023-05-10 09:35:26,OI311P7200,OI311P7200,90.5,0.0,0.0,0.0,14,79.5,82.5,12,90.5,0.0,0.0,0.0,0.0,0.0,94
2023-05-10 09:35:26,OI311P7200,OI311P7200,90.5,0.0,0.0,0.0,14,79.5,83.0,2,90.5,0.0,0.0,0.0,0.0,0.0,94
2023-05-10 09:36:37,OI311P7200,OI311P7200,90.5,0.0,0.0,0.0,14,79.5,83.0,8,90.5,0.0,0.0,0.0,0.0,0.0,94
2023-05-10 09:36:38,OI311P7200,OI311P7200,90.5,0.0,0.0,0.0,14,79.5,82.5,6,90.5,0.0,0.0,0.0,0.0,0.0,94
2023-05-10 09:36:40,OI311P7200,OI311P7200,90.5,0.0,0.0,0.0,14,79.5,82.5,8,90.5,0.0,0.0,0.0,0.0,0.0,94
2023-05-10 09:36:40,OI311P7200,OI311P7200,90.5,0.0,0.0,0.0,14,79.5,82.5,14,90.5,0.0,0.0,0.0,0.0,0.0,94
2023-05-10 09:36:43,OI311P7200,OI311P7200,90.5,0.0,0.0,0.0,12,79.5,82.0,2,90.5,0.0,0.0,0.0,0.0,0.0,94
2023-05-10 09:36:43,OI311P7200,OI311P7200,90.5,0.0,0.0,0.0,6,79.5,82.0,2,90.5,0.0,0.0,0.0,0.0,0.0,94
2023-05-10 09:37:33,OI311P7200,OI311P7200,90.5,0.0,0.0,0.0,14,79.0,82.0,2,90.5,0.0,0.0,0.0,0.0,0.0,94
2023-05-10 09:37:34,OI311P7200,OI311P7200,90.5,0.0,0.0,0.0,14,79.0,82.0,8,90.5,0.0,0.0,0.0,0.0,0.0,94
2023-05-10 09:37:34,OI311P7200,OI311P7200,90.5,0.0,0.0,0.0,14,79.0,82.0,14,90.5,0.0,0.0,0.0,0.0,0.0,94
2023-05-10 09:38:03,OI311P7200,OI311P7200,90.5,0.0,0.0,0.0,8,79.0,82.0,2,90.5,0.0,0.0,0.0,0.0,0.0,94
2023-05-10 09:38:03,OI311P7200,OI311P7200,90.5,0.0,0.0,0.0,14,79.0,82.0,2,90.5,0.0,0.0,0.0,0.0,0.0,94
2023-05-10 09:38:06,OI311P7200,OI311P7200,90.5,0.0,0.0,0.0,14,79.0,82.0,14,90.5,0.0,0.0,0.0,0.0,0.0,94
2023-05-10 09:42:07,OI311P7200,OI311P7200,90.5,0.0,0.0,0.0,8,79.0,82.0,6,90.5,0.0,0.0,0.0,0.0,0.0,94
2023-05-10 09:42:07,OI311P7200,OI311P7200,90.5,0.0,0.0,0.0,14,79.0,82.5,8,90.5,0.0,0.0,0.0,0.0,0.0,94
2023-05-10 09:42:08,OI311P7200,OI311P7200,90.5,0.0,0.0,0.0,8,79.0,82.0,6,90.5,0.0,0.0,0.0,0.0,0.0,94
2023-05-10 09:42:08,OI311P7200,OI311P7200,90.5,0.0,0.0,0.0,14,79.0,82.5,8,90.5,0.0,0.0,0.0,0.0,0.0,94
2023-05-10 09:42:09,OI311P7200,OI311P7200,90.5,0.0,0.0,0.0,8,79.0,82.0,6,90.5,0.0,0.0,0.0,0.0,0.0,94
2023-05-10 09:42:09,OI311P7200,OI311P7200,90.5,0.0,0.0,0.0,8,79.0,82.5,8,90.5,0.0,0.0,0.0,0.0,0.0,94
2023-05-10 09:42:10,OI311P7200,OI311P7200,90.5,0.0,0.0,0.0,8,79.0,82.0,6,90.5,0.0,0.0,0.0,0.0,0.0,94
2023-05-10 09:42:10,OI311P7200,OI311P7200,90.5,0.0,0.0,0.0,14,79.0,82.5,8,90.5,0.0,0.0,0.0,0.0,0.0,94
2023-05-10 09:42:11,OI311P7200,OI311P7200,90.5,0.0,0.0,0.0,14,79.0,82.5,2,90.5,0.0,0.0,0.0,0.0,0.0,94
2023-05-10 09:42:13,OI311P7200,OI311P7200,90.5,0.0,0.0,0.0,2,79.5,82.5,2,90.5,0.0,0.0,0.0,0.0,0.0,94
2023-05-10 09:42:15,OI311P7200,OI311P7200,90.5,0.0,0.0,0.0,2,79.5,83.0,6,90.5,0.0,0.0,0.0,0.0,0.0,94
2023-05-10 09:42:15,OI311P7200,OI311P7200,90.5,0.0,0.0,0.0,2,79.5,84.0,14,90.5,0.0,0.0,0.0,0.0,0.0,94
2023-05-10 09:42:16,OI311P7200,OI311P7200,90.5,0.0,0.0,0.0,2,79.5,83.5,6,90.5,0.0,0.0,0.0,0.0,0.0,94
2023-05-10 09:42:19,OI311P7200,OI311P7200,90.5,0.0,0.0,0.0,2,79.5,83.5,8,90.5,0.0,0.0,0.0,0.0,0.0,94
2023-05-10 09:42:19,OI311P7200,OI311P7200,90.5,0.0,0.0,0.0,2,79.5,83.5,14,90.5,0.0,0.0,0.0,0.0,0.0,94
2023-05-10 09:42:19,OI311P7200,OI311P7200,90.5,0.0,0.0,0.0,2,79.5,83.5,8,90.5,0.0,0.0,0.0,0.0,0.0,94
2023-05-10 09:42:19,OI311P7200,OI311P7200,90.5,0.0,0.0,0.0,2,79.5,83.5,14,90.5,0.0,0.0,0.0,0.0,0.0,94
2023-05-10 09:43:16,OI311P7200,OI311P7200,90.5,0.0,0.0,0.0,2,80.0,83.5,14,90.5,0.0,0.0,0.0,0.0,0.0,94
2023-05-10 09:43:16,OI311P7200,OI311P7200,90.5,0.0,0.0,0.0,14,80.0,83.5,14,90.5,0.0,0.0,0.0,0.0,0.0,94
2023-05-10 09:43:55,OI311P7200,OI311P7200,90.5,0.0,0.0,0.0,2,80.5,83.5,14,90.5,0.0,0.0,0.0,0.0,0.0,94
2023-05-10 09:43:56,OI311P7200,OI311P7200,90.5,0.0,0.0,0.0,2,80.5,83.5,8,90.5,0.0,0.0,0.0,0.0,0.0,94
2023-05-10 09:43:56,OI311P7200,OI311P7200,90.5,0.0,0.0,0.0,2,80.5,83.5,14,90.5,0.0,0.0,0.0,0.0,0.0,94
2023-05-10 09:44:00,OI311P7200,OI311P7200,90.5,0.0,0.0,0.0,8,80.5,83.5,14,90.5,0.0,0.0,0.0,0.0,0.0,94
2023-05-10 09:44:01,OI311P7200,OI311P7200,90.5,0.0,0.0,0.0,14,80.5,83.5,14,90.5,0.0,0.0,0.0,0.0,0.0,94
2023-05-10 09:47:12,OI311P7200,OI311P7200,90.5,0.0,0.0,0.0,12,80.5,83.5,14,90.5,0.0,0.0,0.0,0.0,0.0,94
2023-05-10 09:47:12,OI311P7200,OI311P7200,90.5,0.0,0.0,0.0,6,80.5,83.5,14,90.5,0.0,0.0,0.0,0.0,0.0,94
2023-05-10 09:47:13,OI311P7200,OI311P7200,90.5,0.0,0.0,0.0,6,80.5,83.0,2,90.5,0.0,0.0,0.0,0.0,0.0,94
2023-05-10 09:48:11,OI311P7200,OI311P7200,90.5,0.0,0.0,0.0,6,79.5,83.0,8,90.5,0.0,0.0,0.0,0.0,0.0,94
2023-05-10 09:48:12,OI311P7200,OI311P7200,90.5,0.0,0.0,0.0,8,78.5,82.5,6,90.5,0.0,0.0,0.0,0.0,0.0,94
2023-05-10 09:48:12,OI311P7200,OI311P7200,90.5,0.0,0.0,0.0,14,78.5,83.0,14,90.5,0.0,0.0,0.0,0.0,0.0,94
2023-05-10 09:48:16,OI311P7200,OI311P7200,90.5,0.0,0.0,0.0,2,79.0,83.0,14,90.5,0.0,0.0,0.0,0.0,0.0,94
2023-05-10 09:48:17,OI311P7200,OI311P7200,90.5,0.0,0.0,0.0,2,79.0,83.0,2,90.5,0.0,0.0,0.0,0.0,0.0,94
2023-05-10 09:48:17,OI311P7200,OI311P7200,90.5,0.0,0.0,0.0,2,79.0,83.0,8,90.5,0.0,0.0,0.0,0.0,0.0,94
2023-05-10 09:48:18,OI311P7200,OI311P7200,90.5,0.0,0.0,0.0,2,79.0,83.0,14,90.5,0.0,0.0,0.0,0.0,0.0,94
2023-05-10 09:48:18,OI311P7200,OI311P7200,90.5,0.0,0.0,0.0,2,79.0,82.5,6,90.5,0.0,0.0,0.0,0.0,0.0,94
2023-05-10 09:48:19,OI311P7200,OI311P7200,90.5,0.0,0.0,0.0,2,79.0,83.0,14,90.5,0.0,0.0,0.0,0.0,0.0,94
2023-05-10 09:48:48,OI311P7200,OI311P7200,90.5,0.0,0.0,0.0,2,79.0,83.0,8,90.5,0.0,0.0,0.0,0.0,0.0,94
2023-05-10 09:48:50,OI311P7200,OI311P7200,90.5,0.0,0.0,0.0,2,79.0,83.0,2,90.5,0.0,0.0,0.0,0.0,0.0,94
2023-05-10 09:48:50,OI311P7200,OI311P7200,90.5,0.0,0.0,0.0,2,79.0,83.0,8,90.5,0.0,0.0,0.0,0.0,0.0,94
2023-05-10 09:48:51,OI311P7200,OI311P7200,90.5,0.0,0.0,0.0,2,79.0,82.5,6,90.5,0.0,0.0,0.0,0.0,0.0,94
2023-05-10 09:48:51,OI311P7200,OI311P7200,90.5,0.0,0.0,0.0,2,79.0,83.0,8,90.5,0.0,0.0,0.0,0.0,0.0,94
2023-05-10 09:48:52,OI311P7200,OI311P7200,90.5,0.0,0.0,0.0,2,79.0,83.0,14,90.5,0.0,0.0,0.0,0.0,0.0,94
2023-05-10 09:50:01,OI311P7200,OI311P7200,90.5,0.0,0.0,0.0,2,79.0,82.5,2,90.5,0.0,0.0,0.0,0.0,0.0,94
2023-05-10 09:53:02,OI311P7200,OI311P7200,90.5,0.0,0.0,0.0,8,79.0,82.5,2,90.5,0.0,0.0,0.0,0.0,0.0,94
2023-05-10 09:53:02,OI311P7200,OI311P7200,90.5,0.0,0.0,0.0,14,79.0,82.5,2,90.5,0.0,0.0,0.0,0.0,0.0,94
2023-05-10 09:53:06,OI311P7200,OI311P7200,90.5,0.0,0.0,0.0,2,79.5,82.5,2,90.5,0.0,0.0,0.0,0.0,0.0,94
2023-05-10 09:53:07,OI311P7200,OI311P7200,90.5,0.0,0.0,0.0,2,79.5,82.5,14,90.5,0.0,0.0,0.0,0.0,0.0,94
2023-05-10 09:53:27,OI311P7200,OI311P7200,90.5,0.0,0.0,0.0,2,79.5,82.5,12,90.5,0.0,0.0,0.0,0.0,0.0,94
2023-05-10 09:53:28,OI311P7200,OI311P7200,90.5,0.0,0.0,0.0,2,79.5,83.0,2,90.5,0.0,0.0,0.0,0.0,0.0,94
2023-05-10 09:53:28,OI311P7200,OI311P7200,90.5,0.0,0.0,0.0,2,79.5,83.0,8,90.5,0.0,0.0,0.0,0.0,0.0,94
2023-05-10 09:53:30,OI311P7200,OI311P7200,90.5,0.0,0.0,0.0,2,79.5,83.0,2,90.5,0.0,0.0,0.0,0.0,0.0,94
2023-05-10 09:55:09,OI311P7200,OI311P7200,90.5,0.0,0.0,0.0,2,80.0,83.0,2,90.5,0.0,0.0,0.0,0.0,0.0,94
2023-05-10 09:55:10,OI311P7200,OI311P7200,90.5,0.0,0.0,0.0,8,80.0,84.0,6,90.5,0.0,0.0,0.0,0.0,0.0,94
2023-05-10 09:55:10,OI311P7200,OI311P7200,90.5,0.0,0.0,0.0,14,80.0,84.0,6,90.5,0.0,0.0,0.0,0.0,0.0,94
2023-05-10 09:55:19,OI311P7200,OI311P7200,90.5,0.0,0.0,0.0,14,80.0,84.0,14,90.5,0.0,0.0,0.0,0.0,0.0,94
2023-05-10 09:56:21,OI311P7200,OI311P7200,90.5,0.0,0.0,0.0,2,80.5,84.0,14,90.5,0.0,0.0,0.0,0.0,0.0,94
2023-05-10 09:56:22,OI311P7200,OI311P7200,90.5,0.0,0.0,0.0,2,80.5,83.5,6,90.5,0.0,0.0,0.0,0.0,0.0,94
2023-05-10 09:56:22,OI311P7200,OI311P7200,90.5,0.0,0.0,0.0,2,80.5,84.0,8,90.5,0.0,0.0,0.0,0.0,0.0,94
2023-05-10 09:56:24,OI311P7200,OI311P7200,90.5,0.0,0.0,0.0,2,80.5,84.0,2,90.5,0.0,0.0,0.0,0.0,0.0,94
2023-05-10 09:56:25,OI311P7200,OI311P7200,90.5,0.0,0.0,0.0,2,80.5,84.0,14,90.5,0.0,0.0,0.0,0.0,0.0,94
2023-05-10 09:56:55,OI311P7200,OI311P7200,90.5,0.0,0.0,0.0,8,81.0,84.0,14,90.5,0.0,0.0,0.0,0.0,0.0,94
2023-05-10 09:56:56,OI311P7200,OI311P7200,90.5,0.0,0.0,0.0,14,81.0,84.0,2,90.5,0.0,0.0,0.0,0.0,0.0,94
2023-05-10 09:56:58,OI311P7200,OI311P7200,90.5,0.0,0.0,0.0,14,81.0,84.0,8,90.5,0.0,0.0,0.0,0.0,0.0,94
2023-05-10 09:56:58,OI311P7200,OI311P7200,90.5,0.0,0.0,0.0,14,81.0,84.0,14,90.5,0.0,0.0,0.0,0.0,0.0,94
2023-05-10 09:57:02,OI311P7200,OI311P7200,90.5,0.0,0.0,0.0,14,81.0,84.0,12,90.5,0.0,0.0,0.0,0.0,0.0,94
2023-05-10 09:57:02,OI311P7200,OI311P7200,90.5,0.0,0.0,0.0,2,81.5,84.5,2,90.5,0.0,0.0,0.0,0.0,0.0,94
2023-05-10 09:57:04,OI311P7200,OI311P7200,90.5,0.0,0.0,0.0,2,81.5,84.5,8,90.5,0.0,0.0,0.0,0.0,0.0,94
2023-05-10 09:57:04,OI311P7200,OI311P7200,90.5,0.0,0.0,0.0,2,81.5,84.5,14,90.5,0.0,0.0,0.0,0.0,0.0,94
2023-05-10 09:58:05,OI311P7200,OI311P7200,90.5,0.0,0.0,0.0,8,81.5,84.5,14,90.5,0.0,0.0,0.0,0.0,0.0,94
2023-05-10 09:58:05,OI311P7200,OI311P7200,90.5,0.0,0.0,0.0,14,81.5,84.5,14,90.5,0.0,0.0,0.0,0.0,0.0,94
2023-05-10 09:58:05,OI311P7200,OI311P7200,90.5,0.0,0.0,0.0,8,81.5,84.5,14,90.5,0.0,0.0,0.0,0.0,0.0,94
2023-05-10 09:58:05,OI311P7200,OI311P7200,90.5,0.0,0.0,0.0,14,81.5,84.5,14,90.5,0.0,0.0,0.0,0.0,0.0,94
2023-05-10 10:00:41,OI311P7200,OI311P7200,90.5,0.0,0.0,0.0,12,81.5,84.0,2,90.5,0.0,0.0,0.0,0.0,0.0,94
2023-05-10 10:00:41,OI311P7200,OI311P7200,90.5,0.0,0.0,0.0,6,81.5,84.0,2,90.5,0.0,0.0,0.0,0.0,0.0,94
2023-05-10 10:01:05,OI311P7200,OI311P7200,90.5,0.0,0.0,0.0,6,81.5,84.0,14,90.5,0.0,0.0,0.0,0.0,0.0,94
2023-05-10 10:05:30,OI311P7200,OI311P7200,90.5,0.0,0.0,0.0,14,81.0,84.0,14,90.5,0.0,0.0,0.0,0.0,0.0,94
2023-05-10 10:05:30,OI311P7200,OI311P7200,90.5,0.0,0.0,0.0,8,81.0,84.5,2,90.5,0.0,0.0,0.0,0.0,0.0,94
2023-05-10 10:05:31,OI311P7200,OI311P7200,90.5,0.0,0.0,0.0,14,81.0,84.5,2,90.5,0.0,0.0,0.0,0.0,0.0,94
2023-05-10 10:07:42,OI311P7200,OI311P7200,90.5,0.0,0.0,0.0,8,81.0,84.5,2,90.5,0.0,0.0,0.0,0.0,0.0,94
2023-05-10 10:07:43,OI311P7200,OI311P7200,90.5,0.0,0.0,0.0,14,81.0,84.5,2,90.5,0.0,0.0,0.0,0.0,0.0,94
2023-05-10 10:09:16,OI311P7200,OI311P7200,90.5,0.0,0.0,0.0,14,81.0,84.0,2,90.5,0.0,0.0,0.0,0.0,0.0,94
2023-05-10 10:09:37,OI311P7200,OI311P7200,90.5,0.0,0.0,0.0,12,81.0,83.5,2,90.5,0.0,0.0,0.0,0.0,0.0,94
2023-05-10 10:09:37,OI311P7200,OI311P7200,90.5,0.0,0.0,0.0,6,77.5,83.5,14,90.5,0.0,0.0,0.0,0.0,0.0,94
2023-05-10 10:09:37,OI311P7200,OI311P7200,90.5,0.0,0.0,0.0,8,79.5,83.5,14,90.5,0.0,0.0,0.0,0.0,0.0,94
2023-05-10 10:09:38,OI311P7200,OI311P7200,90.5,0.0,0.0,0.0,8,79.5,83.0,6,90.5,0.0,0.0,0.0,0.0,0.0,94
2023-05-10 10:09:38,OI311P7200,OI311P7200,90.5,0.0,0.0,0.0,14,79.5,83.5,14,90.5,0.0,0.0,0.0,0.0,0.0,94
2023-05-10 10:10:11,OI311P7200,OI311P7200,90.5,0.0,0.0,0.0,14,79.5,83.0,2,90.5,0.0,0.0,0.0,0.0,0.0,94
2023-05-10 10:10:45,OI311P7200,OI311P7200,90.5,0.0,0.0,0.0,14,79.5,82.5,2,90.5,0.0,0.0,0.0,0.0,0.0,94
2023-05-10 10:10:47,OI311P7200,OI311P7200,90.5,0.0,0.0,0.0,14,79.5,82.5,8,90.5,0.0,0.0,0.0,0.0,0.0,94
2023-05-10 10:10:47,OI311P7200,OI311P7200,90.5,0.0,0.0,0.0,14,79.5,82.5,14,90.5,0.0,0.0,0.0,0.0,0.0,94
2023-05-10 10:14:31,OI311P7200,OI311P7200,90.5,0.0,0.0,0.0,8,79.5,82.5,2,90.5,0.0,0.0,0.0,0.0,0.0,94
2023-05-10 10:14:31,OI311P7200,OI311P7200,90.5,0.0,0.0,0.0,14,79.5,82.5,2,90.5,0.0,0.0,0.0,0.0,0.0,94
2023-05-10 10:14:46,OI311P7200,OI311P7200,90.5,0.0,0.0,0.0,8,79.5,82.5,2,90.5,0.0,0.0,0.0,0.0,0.0,94
2023-05-10 10:14:47,OI311P7200,OI311P7200,90.5,0.0,0.0,0.0,2,79.5,82.5,2,90.5,0.0,0.0,0.0,0.0,0.0,94
2023-05-10 10:30:01,OI311P7200,OI311P7200,90.5,0.0,0.0,0.0,2,79.5,83.0,2,90.5,0.0,0.0,0.0,0.0,0.0,94
2023-05-10 10:30:05,OI311P7200,OI311P7200,90.5,0.0,0.0,0.0,2,80.0,83.0,2,90.5,0.0,0.0,0.0,0.0,0.0,94
2023-05-10 10:30:09,OI311P7200,OI311P7200,90.5,0.0,0.0,0.0,2,80.0,84.5,2,90.5,0.0,0.0,0.0,0.0,0.0,94
2023-05-10 10:30:13,OI311P7200,OI311P7200,90.5,0.0,0.0,0.0,2,80.5,84.5,2,90.5,0.0,0.0,0.0,0.0,0.0,94
2023-05-10 10:30:14,OI311P7200,OI311P7200,90.5,0.0,0.0,0.0,8,80.5,84.5,8,90.5,0.0,0.0,0.0,0.0,0.0,94
2023-05-10 10:30:21,OI311P7200,OI311P7200,90.5,0.0,0.0,0.0,2,81.0,84.5,8,90.5,0.0,0.0,0.0,0.0,0.0,94
2023-05-10 10:30:23,OI311P7200,OI311P7200,90.5,0.0,0.0,0.0,8,81.0,84.5,2,90.5,0.0,0.0,0.0,0.0,0.0,94
2023-05-10 10:30:24,OI311P7200,OI311P7200,90.5,0.0,0.0,0.0,2,81.5,84.5,2,90.5,0.0,0.0,0.0,0.0,0.0,94
2023-05-10 10:30:26,OI311P7200,OI311P7200,90.5,0.0,0.0,0.0,8,81.5,86.0,2,90.5,0.0,0.0,0.0,0.0,0.0,94
2023-05-10 10:30:26,OI311P7200,OI311P7200,90.5,0.0,0.0,0.0,8,81.5,85.5,6,90.5,0.0,0.0,0.0,0.0,0.0,94
2023-05-10 10:30:29,OI311P7200,OI311P7200,90.5,0.0,0.0,0.0,8,81.5,85.5,8,90.5,0.0,0.0,0.0,0.0,0.0,94
2023-05-10 10:30:42,OI311P7200,OI311P7200,90.5,0.0,0.0,0.0,14,81.5,85.5,14,90.5,0.0,0.0,0.0,0.0,0.0,94
2023-05-10 10:30:50,OI311P7200,OI311P7200,90.5,0.0,0.0,0.0,2,82.0,85.5,14,90.5,0.0,0.0,0.0,0.0,0.0,94
2023-05-10 10:30:51,OI311P7200,OI311P7200,90.5,0.0,0.0,0.0,2,82.0,85.0,6,90.5,0.0,0.0,0.0,0.0,0.0,94
2023-05-10 10:30:51,OI311P7200,OI311P7200,90.5,0.0,0.0,0.0,2,82.0,85.5,8,90.5,0.0,0.0,0.0,0.0,0.0,94
2023-05-10 10:30:54,OI311P7200,OI311P7200,90.5,0.0,0.0,0.0,2,82.0,85.5,2,90.5,0.0,0.0,0.0,0.0,0.0,94
2023-05-10 10:30:54,OI311P7200,OI311P7200,90.5,0.0,0.0,0.0,2,82.0,85.5,14,90.5,0.0,0.0,0.0,0.0,0.0,94
2023-05-10 10:31:03,OI311P7200,OI311P7200,90.5,0.0,0.0,0.0,2,82.0,85.0,2,90.5,0.0,0.0,0.0,0.0,0.0,94
2023-05-10 10:31:03,OI311P7200,OI311P7200,90.5,0.0,0.0,0.0,8,82.0,85.0,8,90.5,0.0,0.0,0.0,0.0,0.0,94
2023-05-10 10:31:04,OI311P7200,OI311P7200,90.5,0.0,0.0,0.0,14,82.0,85.0,14,90.5,0.0,0.0,0.0,0.0,0.0,94
2023-05-10 10:31:06,OI311P7200,OI311P7200,90.5,0.0,0.0,0.0,14,82.0,84.5,6,90.5,0.0,0.0,0.0,0.0,0.0,94
2023-05-10 10:31:07,OI311P7200,OI311P7200,90.5,0.0,0.0,0.0,12,82.0,84.5,6,90.5,0.0,0.0,0.0,0.0,0.0,94
2023-05-10 10:31:07,OI311P7200,OI311P7200,90.5,0.0,0.0,0.0,6,82.0,84.5,6,90.5,0.0,0.0,0.0,0.0,0.0,94
2023-05-10 10:31:08,OI311P7200,OI311P7200,90.5,0.0,0.0,0.0,6,82.0,84.5,8,90.5,0.0,0.0,0.0,0.0,0.0,94
2023-05-10 10:31:08,OI311P7200,OI311P7200,90.5,0.0,0.0,0.0,6,82.0,84.5,14,90.5,0.0,0.0,0.0,0.0,0.0,94
2023-05-10 10:31:23,OI311P7200,OI311P7200,90.5,0.0,0.0,0.0,14,81.5,84.5,14,90.5,0.0,0.0,0.0,0.0,0.0,94
2023-05-10 10:31:23,OI311P7200,OI311P7200,90.5,0.0,0.0,0.0,14,81.5,84.5,8,90.5,0.0,0.0,0.0,0.0,0.0,94
2023-05-10 10:31:24,OI311P7200,OI311P7200,90.5,0.0,0.0,0.0,14,81.5,84.5,2,90.5,0.0,0.0,0.0,0.0,0.0,94
2023-05-10 10:35:05,OI311P7200,OI311P7200,90.5,0.0,0.0,0.0,8,81.5,85.0,2,90.5,0.0,0.0,0.0,0.0,0.0,94
2023-05-10 10:35:06,OI311P7200,OI311P7200,90.5,0.0,0.0,0.0,14,81.5,85.0,2,90.5,0.0,0.0,0.0,0.0,0.0,94
2023-05-10 10:35:15,OI311P7200,OI311P7200,90.5,0.0,0.0,0.0,2,82.0,85.0,2,90.5,0.0,0.0,0.0,0.0,0.0,94
2023-05-10 10:35:15,OI311P7200,OI311P7200,90.5,0.0,0.0,0.0,8,82.0,85.5,6,90.5,0.0,0.0,0.0,0.0,0.0,94
2023-05-10 10:35:15,OI311P7200,OI311P7200,90.5,0.0,0.0,0.0,2,82.0,85.0,2,90.5,0.0,0.0,0.0,0.0,0.0,94
2023-05-10 10:35:16,OI311P7200,OI311P7200,90.5,0.0,0.0,0.0,8,82.0,87.0,6,90.5,0.0,0.0,0.0,0.0,0.0,94
2023-05-10 10:35:16,OI311P7200,OI311P7200,90.5,0.0,0.0,0.0,8,82.0,91.0,6,90.5,0.0,0.0,0.0,0.0,0.0,94
2023-05-10 10:35:17,OI311P7200,OI311P7200,90.5,0.0,0.0,0.0,14,82.0,90.5,6,90.5,0.0,0.0,0.0,0.0,0.0,94
2023-05-10 10:35:17,OI311P7200,OI311P7200,90.5,0.0,0.0,0.0,14,82.0,86.5,2,90.5,0.0,0.0,0.0,0.0,0.0,94
2023-05-10 10:35:17,OI311P7200,OI311P7200,90.5,0.0,0.0,0.0,14,82.0,90.5,6,90.5,0.0,0.0,0.0,0.0,0.0,94
2023-05-10 10:35:18,OI311P7200,OI311P7200,90.5,0.0,0.0,0.0,8,82.0,86.5,8,90.5,0.0,0.0,0.0,0.0,0.0,94
2023-05-10 10:35:18,OI311P7200,OI311P7200,90.5,0.0,0.0,0.0,14,82.0,86.5,14,90.5,0.0,0.0,0.0,0.0,0.0,94
2023-05-10 10:35:18,OI311P7200,OI311P7200,90.5,0.0,0.0,0.0,8,82.0,86.5,8,90.5,0.0,0.0,0.0,0.0,0.0,94
2023-05-10 10:35:18,OI311P7200,OI311P7200,90.5,0.0,0.0,0.0,14,82.0,86.5,14,90.5,0.0,0.0,0.0,0.0,0.0,94
2023-05-10 10:35:19,OI311P7200,OI311P7200,90.5,0.0,0.0,0.0,14,82.0,86.0,2,90.5,0.0,0.0,0.0,0.0,0.0,94
2023-05-10 10:35:32,OI311P7200,OI311P7200,90.5,0.0,0.0,0.0,2,82.5,86.0,2,90.5,0.0,0.0,0.0,0.0,0.0,94
2023-05-10 10:35:33,OI311P7200,OI311P7200,90.5,0.0,0.0,0.0,2,82.5,86.0,14,90.5,0.0,0.0,0.0,0.0,0.0,94
2023-05-10 10:37:37,OI311P7200,OI311P7200,90.5,0.0,0.0,0.0,8,83.0,86.0,8,90.5,0.0,0.0,0.0,0.0,0.0,94
2023-05-10 10:37:38,OI311P7200,OI311P7200,90.5,0.0,0.0,0.0,14,83.0,86.0,14,90.5,0.0,0.0,0.0,0.0,0.0,94
2023-05-10 10:37:40,OI311P7200,OI311P7200,90.5,0.0,0.0,0.0,8,83.0,86.0,6,90.5,0.0,0.0,0.0,0.0,0.0,94
2023-05-10 10:37:41,OI311P7200,OI311P7200,90.5,0.0,0.0,0.0,14,83.0,86.5,14,90.5,0.0,0.0,0.0,0.0,0.0,94
2023-05-10 10:37:56,OI311P7200,OI311P7200,90.5,0.0,0.0,0.0,2,83.5,86.5,14,90.5,0.0,0.0,0.0,0.0,0.0,94
2023-05-10 10:37:56,OI311P7200,OI311P7200,90.5,0.0,0.0,0.0,2,83.5,86.0,6,90.5,0.0,0.0,0.0,0.0,0.0,94
2023-05-10 10:37:57,OI311P7200,OI311P7200,90.5,0.0,0.0,0.0,2,83.5,86.5,8,90.5,0.0,0.0,0.0,0.0,0.0,94
2023-05-10 10:37:58,OI311P7200,OI311P7200,90.5,0.0,0.0,0.0,2,83.5,86.5,2,90.5,0.0,0.0,0.0,0.0,0.0,94
2023-05-10 10:37:59,OI311P7200,OI311P7200,90.5,0.0,0.0,0.0,2,83.5,86.5,8,90.5,0.0,0.0,0.0,0.0,0.0,94
2023-05-10 10:37:59,OI311P7200,OI311P7200,90.5,0.0,0.0,0.0,2,83.5,86.5,14,90.5,0.0,0.0,0.0,0.0,0.0,94
2023-05-10 10:38:00,OI311P7200,OI311P7200,90.5,0.0,0.0,0.0,8,83.5,86.5,6,90.5,0.0,0.0,0.0,0.0,0.0,94
2023-05-10 10:38:00,OI311P7200,OI311P7200,90.5,0.0,0.0,0.0,8,83.5,88.0,6,90.5,0.0,0.0,0.0,0.0,0.0,94
2023-05-10 10:38:01,OI311P7200,OI311P7200,90.5,0.0,0.0,0.0,8,83.5,88.0,2,90.5,0.0,0.0,0.0,0.0,0.0,94
2023-05-10 10:38:01,OI311P7200,OI311P7200,90.5,0.0,0.0,0.0,8,83.5,87.5,6,90.5,0.0,0.0,0.0,0.0,0.0,94
2023-05-10 10:38:02,OI311P7200,OI311P7200,90.5,0.0,0.0,0.0,14,83.5,87.5,6,90.5,0.0,0.0,0.0,0.0,0.0,94
2023-05-10 10:38:03,OI311P7200,OI311P7200,90.5,0.0,0.0,0.0,2,84.0,88.0,8,90.5,0.0,0.0,0.0,0.0,0.0,94
2023-05-10 10:38:03,OI311P7200,OI311P7200,90.5,0.0,0.0,0.0,2,84.0,88.0,14,90.5,0.0,0.0,0.0,0.0,0.0,94
2023-05-10 10:38:05,OI311P7200,OI311P7200,90.5,0.0,0.0,0.0,2,84.0,87.5,6,90.5,0.0,0.0,0.0,0.0,0.0,94
2023-05-10 10:38:08,OI311P7200,OI311P7200,90.5,0.0,0.0,0.0,2,84.0,87.5,8,90.5,0.0,0.0,0.0,0.0,0.0,94
2023-05-10 10:38:08,OI311P7200,OI311P7200,90.5,0.0,0.0,0.0,2,84.0,87.5,14,90.5,0.0,0.0,0.0,0.0,0.0,94
2023-05-10 10:39:27,OI311P7200,OI311P7200,90.5,0.0,0.0,0.0,8,84.0,87.5,14,90.5,0.0,0.0,0.0,0.0,0.0,94
2023-05-10 10:39:27,OI311P7200,OI311P7200,90.5,0.0,0.0,0.0,14,84.0,87.5,14,90.5,0.0,0.0,0.0,0.0,0.0,94
2023-05-10 10:39:27,OI311P7200,OI311P7200,90.5,0.0,0.0,0.0,8,84.0,87.5,14,90.5,0.0,0.0,0.0,0.0,0.0,94
2023-05-10 10:39:27,OI311P7200,OI311P7200,90.5,0.0,0.0,0.0,14,84.0,87.5,14,90.5,0.0,0.0,0.0,0.0,0.0,94
2023-05-10 10:39:27,OI311P7200,OI311P7200,90.5,0.0,0.0,0.0,8,84.0,87.5,14,90.5,0.0,0.0,0.0,0.0,0.0,94
2023-05-10 10:39:27,OI311P7200,OI311P7200,90.5,0.0,0.0,0.0,14,84.0,87.5,14,90.5,0.0,0.0,0.0,0.0,0.0,94
2023-05-10 10:41:04,OI311P7200,OI311P7200,90.5,0.0,0.0,0.0,14,84.0,87.0,2,90.5,0.0,0.0,0.0,0.0,0.0,94
2023-05-10 10:41:04,OI311P7200,OI311P7200,90.5,0.0,0.0,0.0,2,84.0,87.0,14,90.5,0.0,0.0,0.0,0.0,0.0,94
2023-05-10 10:41:05,OI311P7200,OI311P7200,90.5,0.0,0.0,0.0,2,84.0,87.0,8,90.5,0.0,0.0,0.0,0.0,0.0,94
2023-05-10 10:41:05,OI311P7200,OI311P7200,90.5,0.0,0.0,0.0,2,84.0,87.0,14,90.5,0.0,0.0,0.0,0.0,0.0,94
2023-05-10 10:41:06,OI311P7200,OI311P7200,90.5,0.0,0.0,0.0,2,84.0,86.5,6,90.5,0.0,0.0,0.0,0.0,0.0,94
2023-05-10 10:41:07,OI311P7200,OI311P7200,90.5,0.0,0.0,0.0,14,83.5,86.5,8,90.5,0.0,0.0,0.0,0.0,0.0,94
2023-05-10 10:41:08,OI311P7200,OI311P7200,90.5,0.0,0.0,0.0,14,83.5,86.5,2,90.5,0.0,0.0,0.0,0.0,0.0,94
2023-05-10 10:41:58,OI311P7200,OI311P7200,90.5,0.0,0.0,0.0,14,83.5,87.0,2,90.5,0.0,0.0,0.0,0.0,0.0,94
2023-05-10 10:42:15,OI311P7200,OI311P7200,90.5,0.0,0.0,0.0,14,83.5,87.0,8,90.5,0.0,0.0,0.0,0.0,0.0,94
2023-05-10 10:42:16,OI311P7200,OI311P7200,90.5,0.0,0.0,0.0,14,83.5,87.0,14,90.5,0.0,0.0,0.0,0.0,0.0,94
2023-05-10 10:42:54,OI311P7200,OI311P7200,90.5,0.0,0.0,0.0,8,83.5,86.5,2,90.5,0.0,0.0,0.0,0.0,0.0,94
2023-05-10 10:42:54,OI311P7200,OI311P7200,90.5,0.0,0.0,0.0,14,83.5,86.5,2,90.5,0.0,0.0,0.0,0.0,0.0,94
2023-05-10 10:43:29,OI311P7200,OI311P7200,90.5,0.0,0.0,0.0,6,83.5,86.5,2,90.5,0.0,0.0,0.0,0.0,0.0,94
2023-05-10 10:43:29,OI311P7200,OI311P7200,90.5,0.0,0.0,0.0,2,82.0,86.5,8,90.5,0.0,0.0,0.0,0.0,0.0,94
2023-05-10 10:43:30,OI311P7200,OI311P7200,90.5,0.0,0.0,0.0,8,82.0,86.0,6,90.5,0.0,0.0,0.0,0.0,0.0,94
2023-05-10 10:43:30,OI311P7200,OI311P7200,90.5,0.0,0.0,0.0,8,82.0,86.5,8,90.5,0.0,0.0,0.0,0.0,0.0,94
2023-05-10 10:43:30,OI311P7200,OI311P7200,90.5,0.0,0.0,0.0,14,82.0,86.5,14,90.5,0.0,0.0,0.0,0.0,0.0,94
2023-05-10 10:43:46,OI311P7200,OI311P7200,90.5,0.0,0.0,0.0,14,82.0,86.0,2,90.5,0.0,0.0,0.0,0.0,0.0,94
2023-05-10 10:43:57,OI311P7200,OI311P7200,90.5,0.0,0.0,0.0,2,82.5,86.0,2,90.5,0.0,0.0,0.0,0.0,0.0,94
2023-05-10 10:43:57,OI311P7200,OI311P7200,90.5,0.0,0.0,0.0,2,82.5,86.0,8,90.5,0.0,0.0,0.0,0.0,0.0,94
2023-05-10 10:43:57,OI311P7200,OI311P7200,90.5,0.0,0.0,0.0,2,82.5,86.0,14,90.5,0.0,0.0,0.0,0.0,0.0,94
2023-05-10 10:43:57,OI311P7200,OI311P7200,90.5,0.0,0.0,0.0,2,82.5,86.0,2,90.5,0.0,0.0,0.0,0.0,0.0,94
2023-05-10 10:43:57,OI311P7200,OI311P7200,90.5,0.0,0.0,0.0,2,82.5,86.0,8,90.5,0.0,0.0,0.0,0.0,0.0,94
2023-05-10 10:43:57,OI311P7200,OI311P7200,90.5,0.0,0.0,0.0,2,82.5,86.0,14,90.5,0.0,0.0,0.0,0.0,0.0,94
2023-05-10 10:45:10,OI311P7200,OI311P7200,90.5,0.0,0.0,0.0,8,82.5,86.0,14,90.5,0.0,0.0,0.0,0.0,0.0,94
2023-05-10 10:45:10,OI311P7200,OI311P7200,90.5,0.0,0.0,0.0,14,82.5,86.0,14,90.5,0.0,0.0,0.0,0.0,0.0,94
2023-05-10 10:47:09,OI311P7200,OI311P7200,90.5,0.0,0.0,0.0,2,83.0,86.0,14,90.5,0.0,0.0,0.0,0.0,0.0,94
2023-05-10 10:47:09,OI311P7200,OI311P7200,90.5,0.0,0.0,0.0,2,83.0,85.5,6,90.5,0.0,0.0,0.0,0.0,0.0,94
2023-05-10 10:47:10,OI311P7200,OI311P7200,90.5,0.0,0.0,0.0,2,83.0,86.0,8,90.5,0.0,0.0,0.0,0.0,0.0,94
2023-05-10 10:47:12,OI311P7200,OI311P7200,90.5,0.0,0.0,0.0,2,83.0,86.0,2,90.5,0.0,0.0,0.0,0.0,0.0,94
2023-05-10 10:47:12,OI311P7200,OI311P7200,90.5,0.0,0.0,0.0,2,83.0,86.0,8,90.5,0.0,0.0,0.0,0.0,0.0,94
2023-05-10 10:47:14,OI311P7200,OI311P7200,90.5,0.0,0.0,0.0,2,83.0,86.0,2,90.5,0.0,0.0,0.0,0.0,0.0,94
2023-05-10 10:47:14,OI311P7200,OI311P7200,90.5,0.0,0.0,0.0,2,83.0,86.0,8,90.5,0.0,0.0,0.0,0.0,0.0,94
2023-05-10 10:47:17,OI311P7200,OI311P7200,90.5,0.0,0.0,0.0,2,83.0,86.0,2,90.5,0.0,0.0,0.0,0.0,0.0,94
2023-05-10 10:47:17,OI311P7200,OI311P7200,90.5,0.0,0.0,0.0,2,83.0,86.0,8,90.5,0.0,0.0,0.0,0.0,0.0,94
2023-05-10 10:47:19,OI311P7200,OI311P7200,90.5,0.0,0.0,0.0,2,83.0,86.0,2,90.5,0.0,0.0,0.0,0.0,0.0,94
2023-05-10 10:47:19,OI311P7200,OI311P7200,90.5,0.0,0.0,0.0,2,83.0,86.0,8,90.5,0.0,0.0,0.0,0.0,0.0,94
2023-05-10 10:47:19,OI311P7200,OI311P7200,90.5,0.0,0.0,0.0,2,83.0,86.0,14,90.5,0.0,0.0,0.0,0.0,0.0,94
2023-05-10 10:47:35,OI311P7200,OI311P7200,90.5,0.0,0.0,0.0,2,83.0,86.0,6,90.5,0.0,0.0,0.0,0.0,0.0,94
2023-05-10 10:47:36,OI311P7200,OI311P7200,90.5,0.0,0.0,0.0,2,83.0,86.5,8,90.5,0.0,0.0,0.0,0.0,0.0,94
2023-05-10 10:47:37,OI311P7200,OI311P7200,90.5,0.0,0.0,0.0,2,83.5,86.5,8,90.5,0.0,0.0,0.0,0.0,0.0,94
2023-05-10 10:47:37,OI311P7200,OI311P7200,90.5,0.0,0.0,0.0,8,83.5,86.0,6,90.5,0.0,0.0,0.0,0.0,0.0,94
2023-05-10 10:47:38,OI311P7200,OI311P7200,90.5,0.0,0.0,0.0,8,83.5,86.5,2,90.5,0.0,0.0,0.0,0.0,0.0,94
2023-05-10 10:47:38,OI311P7200,OI311P7200,90.5,0.0,0.0,0.0,14,83.5,86.5,2,90.5,0.0,0.0,0.0,0.0,0.0,94
2023-05-10 10:47:38,OI311P7200,OI311P7200,90.5,0.0,0.0,0.0,8,83.5,86.5,2,90.5,0.0,0.0,0.0,0.0,0.0,94
2023-05-10 10:47:38,OI311P7200,OI311P7200,90.5,0.0,0.0,0.0,14,83.5,86.5,2,90.5,0.0,0.0,0.0,0.0,0.0,94
2023-05-10 10:48:07,OI311P7200,OI311P7200,90.5,0.0,0.0,0.0,8,83.5,87.0,6,90.5,0.0,0.0,0.0,0.0,0.0,94
2023-05-10 10:48:07,OI311P7200,OI311P7200,90.5,0.0,0.0,0.0,14,83.5,87.0,6,90.5,0.0,0.0,0.0,0.0,0.0,94
2023-05-10 10:48:10,OI311P7200,OI311P7200,90.5,0.0,0.0,0.0,2,84.0,87.5,6,90.5,0.0,0.0,0.0,0.0,0.0,94
2023-05-10 10:48:11,OI311P7200,OI311P7200,90.5,0.0,0.0,0.0,8,84.0,88.0,2,90.5,0.0,0.0,0.0,0.0,0.0,94
2023-05-10 10:48:11,OI311P7200,OI311P7200,90.5,0.0,0.0,0.0,14,84.0,88.0,2,90.5,0.0,0.0,0.0,0.0,0.0,94
2023-05-10 10:48:13,OI311P7200,OI311P7200,90.5,0.0,0.0,0.0,14,84.0,88.0,14,90.5,0.0,0.0,0.0,0.0,0.0,94
2023-05-10 10:49:01,OI311P7200,OI311P7200,90.5,0.0,0.0,0.0,14,84.0,87.5,8,90.5,0.0,0.0,0.0,0.0,0.0,94
2023-05-10 10:49:01,OI311P7200,OI311P7200,90.5,0.0,0.0,0.0,14,84.0,87.5,14,90.5,0.0,0.0,0.0,0.0,0.0,94
2023-05-10 10:49:04,OI311P7200,OI311P7200,90.5,0.0,0.0,0.0,8,84.0,87.0,6,90.5,0.0,0.0,0.0,0.0,0.0,94
2023-05-10 10:49:04,OI311P7200,OI311P7200,90.5,0.0,0.0,0.0,14,84.0,87.0,6,90.5,0.0,0.0,0.0,0.0,0.0,94
2023-05-10 10:49:16,OI311P7200,OI311P7200,90.5,0.0,0.0,0.0,14,84.0,87.0,14,90.5,0.0,0.0,0.0,0.0,0.0,94
2023-05-10 10:55:46,OI311P7200,OI311P7200,90.5,0.0,0.0,0.0,2,84.0,87.0,14,90.5,0.0,0.0,0.0,0.0,0.0,94
2023-05-10 10:55:47,OI311P7200,OI311P7200,90.5,0.0,0.0,0.0,2,84.0,87.0,20,90.5,0.0,0.0,0.0,0.0,0.0,94
2023-05-10 10:55:49,OI311P7200,OI311P7200,90.5,0.0,0.0,0.0,8,83.5,87.0,20,90.5,0.0,0.0,0.0,0.0,0.0,94
2023-05-10 10:55:50,OI311P7200,OI311P7200,90.5,0.0,0.0,0.0,2,83.5,86.5,8,90.5,0.0,0.0,0.0,0.0,0.0,94
2023-05-10 10:55:50,OI311P7200,OI311P7200,90.5,0.0,0.0,0.0,2,83.5,86.0,6,90.5,0.0,0.0,0.0,0.0,0.0,94
2023-05-10 10:55:51,OI311P7200,OI311P7200,90.5,0.0,0.0,0.0,2,83.5,86.5,8,90.5,0.0,0.0,0.0,0.0,0.0,94
2023-05-10 10:55:53,OI311P7200,OI311P7200,90.5,0.0,0.0,0.0,2,83.5,86.5,2,90.5,0.0,0.0,0.0,0.0,0.0,94
2023-05-10 10:55:53,OI311P7200,OI311P7200,90.5,0.0,0.0,0.0,2,83.5,86.5,8,90.5,0.0,0.0,0.0,0.0,0.0,94
2023-05-10 10:55:54,OI311P7200,OI311P7200,90.5,0.0,0.0,0.0,2,83.5,86.5,14,90.5,0.0,0.0,0.0,0.0,0.0,94
2023-05-10 10:56:39,OI311P7200,OI311P7200,90.5,0.0,0.0,0.0,6,83.0,86.5,14,90.5,0.0,0.0,0.0,0.0,0.0,94
2023-05-10 10:56:40,OI311P7200,OI311P7200,90.5,0.0,0.0,0.0,6,83.0,86.0,2,90.5,0.0,0.0,0.0,0.0,0.0,94
2023-05-10 10:58:14,OI311P7200,OI311P7200,90.5,0.0,0.0,0.0,14,82.5,86.0,8,90.5,0.0,0.0,0.0,0.0,0.0,94
2023-05-10 10:58:14,OI311P7200,OI311P7200,90.5,0.0,0.0,0.0,14,82.5,86.0,14,90.5,0.0,0.0,0.0,0.0,0.0,94
2023-05-10 10:58:15,OI311P7200,OI311P7200,90.5,0.0,0.0,0.0,14,82.5,85.5,2,90.5,0.0,0.0,0.0,0.0,0.0,94
2023-05-10 10:58:16,OI311P7200,OI311P7200,90.5,0.0,0.0,0.0,14,82.5,85.5,14,90.5,0.0,0.0,0.0,0.0,0.0,94
2023-05-10 11:01:22,OI311P7200,OI311P7200,90.5,0.0,0.0,0.0,12,82.5,85.0,2,90.5,0.0,0.0,0.0,0.0,0.0,94
2023-05-10 11:01:23,OI311P7200,OI311P7200,90.5,0.0,0.0,0.0,6,82.5,85.0,2,90.5,0.0,0.0,0.0,0.0,0.0,94
2023-05-10 11:01:41,OI311P7200,OI311P7200,90.5,0.0,0.0,0.0,20,82.0,85.0,2,90.5,0.0,0.0,0.0,0.0,0.0,94
2023-05-10 11:01:42,OI311P7200,OI311P7200,90.5,0.0,0.0,0.0,8,82.0,85.0,2,90.5,0.0,0.0,0.0,0.0,0.0,94
2023-05-10 11:01:42,OI311P7200,OI311P7200,90.5,0.0,0.0,0.0,14,82.0,85.0,2,90.5,0.0,0.0,0.0,0.0,0.0,94
2023-05-10 11:02:16,OI311P7200,OI311P7200,90.5,0.0,0.0,0.0,8,82.0,85.0,2,90.5,0.0,0.0,0.0,0.0,0.0,94
2023-05-10 11:02:16,OI311P7200,OI311P7200,90.5,0.0,0.0,0.0,14,82.0,85.0,2,90.5,0.0,0.0,0.0,0.0,0.0,94
2023-05-10 11:04:02,OI311P7200,OI311P7200,90.5,0.0,0.0,0.0,14,82.0,85.5,2,90.5,0.0,0.0,0.0,0.0,0.0,94
2023-05-10 11:04:02,OI311P7200,OI311P7200,90.5,0.0,0.0,0.0,2,82.5,85.5,2,90.5,0.0,0.0,0.0,0.0,0.0,94
2023-05-10 11:04:14,OI311P7200,OI311P7200,90.5,0.0,0.0,0.0,2,82.5,86.5,6,90.5,0.0,0.0,0.0,0.0,0.0,94
2023-05-10 11:04:15,OI311P7200,OI311P7200,90.5,0.0,0.0,0.0,2,83.0,87.0,8,90.5,0.0,0.0,0.0,0.0,0.0,94
2023-05-10 11:04:15,OI311P7200,OI311P7200,90.5,0.0,0.0,0.0,14,83.0,86.5,6,90.5,0.0,0.0,0.0,0.0,0.0,94
2023-05-10 11:04:15,OI311P7200,OI311P7200,90.5,0.0,0.0,0.0,14,83.0,87.0,2,90.5,0.0,0.0,0.0,0.0,0.0,94
2023-05-10 11:04:18,OI311P7200,OI311P7200,90.5,0.0,0.0,0.0,14,83.0,87.0,14,90.5,0.0,0.0,0.0,0.0,0.0,94
2023-05-10 11:05:06,OI311P7200,OI311P7200,90.5,0.0,0.0,0.0,14,83.0,86.5,2,90.5,0.0,0.0,0.0,0.0,0.0,94
2023-05-10 11:05:06,OI311P7200,OI311P7200,90.5,0.0,0.0,0.0,14,83.0,86.5,14,90.5,0.0,0.0,0.0,0.0,0.0,94
2023-05-10 11:05:08,OI311P7200,OI311P7200,90.5,0.0,0.0,0.0,14,83.0,86.0,6,90.5,0.0,0.0,0.0,0.0,0.0,94
2023-05-10 11:05:19,OI311P7200,OI311P7200,90.5,0.0,0.0,0.0,14,83.0,86.0,8,90.5,0.0,0.0,0.0,0.0,0.0,94
2023-05-10 11:05:19,OI311P7200,OI311P7200,90.5,0.0,0.0,0.0,14,83.0,86.0,14,90.5,0.0,0.0,0.0,0.0,0.0,94
2023-05-10 11:05:19,OI311P7200,OI311P7200,90.5,0.0,0.0,0.0,14,83.0,86.0,8,90.5,0.0,0.0,0.0,0.0,0.0,94
2023-05-10 11:05:19,OI311P7200,OI311P7200,90.5,0.0,0.0,0.0,14,83.0,86.0,14,90.5,0.0,0.0,0.0,0.0,0.0,94
2023-05-10 11:06:06,OI311P7200,OI311P7200,90.5,0.0,0.0,0.0,6,83.0,86.0,8,90.5,0.0,0.0,0.0,0.0,0.0,94
2023-05-10 11:06:06,OI311P7200,OI311P7200,90.5,0.0,0.0,0.0,6,83.0,85.5,2,90.5,0.0,0.0,0.0,0.0,0.0,94
2023-05-10 11:06:51,OI311P7200,OI311P7200,90.5,0.0,0.0,0.0,6,83.0,85.0,2,90.5,0.0,0.0,0.0,0.0,0.0,94
2023-05-10 11:06:52,OI311P7200,OI311P7200,90.5,0.0,0.0,0.0,18,82.0,85.0,14,90.5,0.0,0.0,0.0,0.0,0.0,94
2023-05-10 11:06:52,OI311P7200,OI311P7200,90.5,0.0,0.0,0.0,20,81.0,85.0,8,90.5,0.0,0.0,0.0,0.0,0.0,94
2023-05-10 11:06:53,OI311P7200,OI311P7200,90.5,0.0,0.0,0.0,14,81.0,85.0,2,90.5,0.0,0.0,0.0,0.0,0.0,94
2023-05-10 11:07:02,OI311P7200,OI311P7200,90.5,0.0,0.0,0.0,2,81.5,85.0,2,90.5,0.0,0.0,0.0,0.0,0.0,94
2023-05-10 11:07:03,OI311P7200,OI311P7200,90.5,0.0,0.0,0.0,2,81.5,85.0,8,90.5,0.0,0.0,0.0,0.0,0.0,94
2023-05-10 11:07:03,OI311P7200,OI311P7200,90.5,0.0,0.0,0.0,2,81.5,85.0,14,90.5,0.0,0.0,0.0,0.0,0.0,94
2023-05-10 11:08:09,OI311P7200,OI311P7200,90.5,0.0,0.0,0.0,2,81.5,84.5,2,90.5,0.0,0.0,0.0,0.0,0.0,94
2023-05-10 11:10:10,OI311P7200,OI311P7200,90.5,0.0,0.0,0.0,14,81.5,84.5,2,90.5,0.0,0.0,0.0,0.0,0.0,94
2023-05-10 11:10:18,OI311P7200,OI311P7200,90.5,0.0,0.0,0.0,12,81.5,84.0,2,90.5,0.0,0.0,0.0,0.0,0.0,94
2023-05-10 11:10:19,OI311P7200,OI311P7200,90.5,0.0,0.0,0.0,12,81.5,84.0,14,90.5,0.0,0.0,0.0,0.0,0.0,94
2023-05-10 11:10:19,OI311P7200,OI311P7200,90.5,0.0,0.0,0.0,6,81.5,84.0,14,90.5,0.0,0.0,0.0,0.0,0.0,94
2023-05-10 11:11:14,OI311P7200,OI311P7200,90.5,0.0,0.0,0.0,14,81.0,84.0,14,90.5,0.0,0.0,0.0,0.0,0.0,94
2023-05-10 11:11:15,OI311P7200,OI311P7200,90.5,0.0,0.0,0.0,14,81.0,84.0,8,90.5,0.0,0.0,0.0,0.0,0.0,94
2023-05-10 11:11:15,OI311P7200,OI311P7200,90.5,0.0,0.0,0.0,14,81.0,84.0,2,90.5,0.0,0.0,0.0,0.0,0.0,94
2023-05-10 11:16:00,OI311P7200,OI311P7200,90.5,0.0,0.0,0.0,8,81.0,84.5,2,90.5,0.0,0.0,0.0,0.0,0.0,94
2023-05-10 11:16:01,OI311P7200,OI311P7200,90.5,0.0,0.0,0.0,14,81.0,84.5,2,90.5,0.0,0.0,0.0,0.0,0.0,94
2023-05-10 11:16:01,OI311P7200,OI311P7200,90.5,0.0,0.0,0.0,2,81.5,84.5,2,90.5,0.0,0.0,0.0,0.0,0.0,94
2023-05-10 11:16:28,OI311P7200,OI311P7200,90.5,0.0,0.0,0.0,2,81.5,85.5,12,90.5,0.0,0.0,0.0,0.0,0.0,94
2023-05-10 11:16:29,OI311P7200,OI311P7200,90.5,0.0,0.0,0.0,2,81.5,86.0,8,90.5,0.0,0.0,0.0,0.0,0.0,94
2023-05-10 11:16:29,OI311P7200,OI311P7200,90.5,0.0,0.0,0.0,2,81.5,85.5,6,90.5,0.0,0.0,0.0,0.0,0.0,94
2023-05-10 11:16:42,OI311P7200,OI311P7200,90.5,0.0,0.0,0.0,2,81.5,85.5,14,90.5,0.0,0.0,0.0,0.0,0.0,94
2023-05-10 11:17:23,OI311P7200,OI311P7200,90.5,0.0,0.0,0.0,8,82.0,85.5,14,90.5,0.0,0.0,0.0,0.0,0.0,94
2023-05-10 11:17:24,OI311P7200,OI311P7200,90.5,0.0,0.0,0.0,14,82.0,85.5,14,90.5,0.0,0.0,0.0,0.0,0.0,94
2023-05-10 11:19:36,OI311P7200,OI311P7200,90.5,0.0,0.0,0.0,2,82.5,85.5,2,90.5,0.0,0.0,0.0,0.0,0.0,94
2023-05-10 11:19:36,OI311P7200,OI311P7200,90.5,0.0,0.0,0.0,2,82.5,85.5,8,90.5,0.0,0.0,0.0,0.0,0.0,94
2023-05-10 11:19:38,OI311P7200,OI311P7200,90.5,0.0,0.0,0.0,2,82.5,85.5,2,90.5,0.0,0.0,0.0,0.0,0.0,94
2023-05-10 11:19:39,OI311P7200,OI311P7200,90.5,0.0,0.0,0.0,2,82.5,85.5,14,90.5,0.0,0.0,0.0,0.0,0.0,94
2023-05-10 11:19:49,OI311P7200,OI311P7200,90.5,0.0,0.0,0.0,2,82.5,85.5,6,90.5,0.0,0.0,0.0,0.0,0.0,94
2023-05-10 11:19:50,OI311P7200,OI311P7200,90.5,0.0,0.0,0.0,2,82.5,86.0,14,90.5,0.0,0.0,0.0,0.0,0.0,94
2023-05-10 11:19:52,OI311P7200,OI311P7200,90.5,0.0,0.0,0.0,2,82.5,85.5,6,90.5,0.0,0.0,0.0,0.0,0.0,94
2023-05-10 11:21:35,OI311P7200,OI311P7200,90.5,0.0,0.0,0.0,2,83.0,85.5,6,90.5,0.0,0.0,0.0,0.0,0.0,94
2023-05-10 11:21:35,OI311P7200,OI311P7200,90.5,0.0,0.0,0.0,2,83.0,86.0,8,90.5,0.0,0.0,0.0,0.0,0.0,94
2023-05-10 11:21:36,OI311P7200,OI311P7200,90.5,0.0,0.0,0.0,2,83.0,86.0,2,90.5,0.0,0.0,0.0,0.0,0.0,94
2023-05-10 11:21:37,OI311P7200,OI311P7200,90.5,0.0,0.0,0.0,2,83.0,86.5,6,90.5,0.0,0.0,0.0,0.0,0.0,94
2023-05-10 11:21:40,OI311P7200,OI311P7200,90.5,0.0,0.0,0.0,2,83.5,86.5,6,90.5,0.0,0.0,0.0,0.0,0.0,94
2023-05-10 11:21:40,OI311P7200,OI311P7200,90.5,0.0,0.0,0.0,2,83.5,87.5,2,90.5,0.0,0.0,0.0,0.0,0.0,94
2023-05-10 11:21:45,OI311P7200,OI311P7200,90.5,0.0,0.0,0.0,2,83.5,87.5,8,90.5,0.0,0.0,0.0,0.0,0.0,94
2023-05-10 11:21:45,OI311P7200,OI311P7200,90.5,0.0,0.0,0.0,2,83.5,87.5,14,90.5,0.0,0.0,0.0,0.0,0.0,94
2023-05-10 11:21:47,OI311P7200,OI311P7200,90.5,0.0,0.0,0.0,2,83.5,87.0,2,90.5,0.0,0.0,0.0,0.0,0.0,94
2023-05-10 11:21:48,OI311P7200,OI311P7200,90.5,0.0,0.0,0.0,14,83.5,86.5,6,90.5,0.0,0.0,0.0,0.0,0.0,94
2023-05-10 11:22:12,OI311P7200,OI311P7200,90.5,0.0,0.0,0.0,14,83.5,86.5,14,90.5,0.0,0.0,0.0,0.0,0.0,94
2023-05-10 11:25:57,OI311P7200,OI311P7200,90.5,0.0,0.0,0.0,14,83.5,86.5,12,90.5,0.0,0.0,0.0,0.0,0.0,94
2023-05-10 11:25:57,OI311P7200,OI311P7200,90.5,0.0,0.0,0.0,14,83.5,87.0,2,90.5,0.0,0.0,0.0,0.0,0.0,94
2023-05-10 11:26:21,OI311P7200,OI311P7200,90.5,0.0,0.0,0.0,2,84.0,87.0,2,90.5,0.0,0.0,0.0,0.0,0.0,94
2023-05-10 11:26:33,OI311P7200,OI311P7200,90.5,0.0,0.0,0.0,2,84.0,87.5,6,90.5,0.0,0.0,0.0,0.0,0.0,94
2023-05-10 11:28:46,OI311P7200,OI311P7200,90.5,0.0,0.0,0.0,2,84.0,87.5,8,90.5,0.0,0.0,0.0,0.0,0.0,94
2023-05-10 11:28:46,OI311P7200,OI311P7200,90.5,0.0,0.0,0.0,2,84.0,87.5,14,90.5,0.0,0.0,0.0,0.0,0.0,94
2023-05-10 11:29:11,OI311P7200,OI311P7200,90.5,0.0,0.0,0.0,2,84.0,87.5,8,90.5,0.0,0.0,0.0,0.0,0.0,94
2023-05-10 11:29:11,OI311P7200,OI311P7200,90.5,0.0,0.0,0.0,2,84.0,87.5,2,90.5,0.0,0.0,0.0,0.0,0.0,94
2023-05-10 11:29:35,OI311P7200,OI311P7200,90.5,0.0,0.0,0.0,6,83.5,88.0,6,90.5,0.0,0.0,0.0,0.0,0.0,94
2023-05-10 11:29:35,OI311P7200,OI311P7200,90.5,0.0,0.0,0.0,6,82.5,89.0,6,90.5,0.0,0.0,0.0,0.0,0.0,94
2023-05-10 11:29:35,OI311P7200,OI311P7200,90.5,0.0,0.0,0.0,6,80.0,91.0,6,90.5,0.0,0.0,0.0,0.0,0.0,94
2023-05-10 11:29:42,OI311P7200,OI311P7200,90.5,0.0,0.0,0.0,1,73.5,96.0,1,90.5,0.0,0.0,0.0,0.0,0.0,94
2023-05-10 11:29:44,OI311P7200,OI311P7200,90.5,0.0,0.0,0.0,1,3.0,0.0,0,90.5,0.0,0.0,0.0,0.0,0.0,94
2023-05-10 13:30:39,OI311P7200,OI311P7200,90.5,0.0,0.0,0.0,2,44.0,0.0,0,90.5,0.0,0.0,0.0,0.0,0.0,94
2023-05-10 13:30:41,OI311P7200,OI311P7200,90.5,0.0,0.0,0.0,2,44.0,249.0,2,90.5,0.0,0.0,0.0,0.0,0.0,94
2023-05-10 13:30:43,OI311P7200,OI311P7200,90.5,0.0,0.0,0.0,2,44.0,247.5,1,90.5,0.0,0.0,0.0,0.0,0.0,94
2023-05-10 13:30:43,OI311P7200,OI311P7200,90.5,0.0,0.0,0.0,2,44.0,206.5,2,90.5,0.0,0.0,0.0,0.0,0.0,94
2023-05-10 13:30:52,OI311P7200,OI311P7200,90.5,0.0,0.0,0.0,1,3.0,0.0,0,90.5,0.0,0.0,0.0,0.0,0.0,94
2023-05-10 13:30:54,OI311P7200,OI311P7200,90.5,0.0,0.0,0.0,1,4.5,752.0,1,90.5,0.0,0.0,0.0,0.0,0.0,94
2023-05-10 13:30:57,OI311P7200,OI311P7200,90.5,0.0,0.0,0.0,1,4.5,88.5,2,90.5,0.0,0.0,0.0,0.0,0.0,94
2023-05-10 13:30:58,OI311P7200,OI311P7200,90.5,0.0,0.0,0.0,2,84.0,88.5,2,90.5,0.0,0.0,0.0,0.0,0.0,94
2023-05-10 13:31:05,OI311P7200,OI311P7200,90.5,0.0,0.0,0.0,2,84.5,88.5,2,90.5,0.0,0.0,0.0,0.0,0.0,94
2023-05-10 13:31:10,OI311P7200,OI311P7200,90.5,0.0,0.0,0.0,2,85.0,88.5,2,90.5,0.0,0.0,0.0,0.0,0.0,94
2023-05-10 13:31:37,OI311P7200,OI311P7200,90.5,0.0,0.0,0.0,2,85.5,88.5,2,90.5,0.0,0.0,0.0,0.0,0.0,94
2023-05-10 13:31:41,OI311P7200,OI311P7200,90.5,0.0,0.0,0.0,2,86.0,88.5,2,90.5,0.0,0.0,0.0,0.0,0.0,94
2023-05-10 13:32:03,OI311P7200,OI311P7200,90.5,0.0,0.0,0.0,14,86.0,88.5,2,90.5,0.0,0.0,0.0,0.0,0.0,94
2023-05-10 13:32:23,OI311P7200,OI311P7200,90.5,0.0,0.0,0.0,14,86.0,89.0,6,90.5,0.0,0.0,0.0,0.0,0.0,94
2023-05-10 13:32:33,OI311P7200,OI311P7200,90.5,0.0,0.0,0.0,2,86.5,89.0,6,90.5,0.0,0.0,0.0,0.0,0.0,94
2023-05-10 13:34:46,OI311P7200,OI311P7200,90.5,0.0,0.0,0.0,8,86.0,89.0,6,90.5,0.0,0.0,0.0,0.0,0.0,94
2023-05-10 13:34:47,OI311P7200,OI311P7200,90.5,0.0,0.0,0.0,14,86.0,89.5,6,90.5,0.0,0.0,0.0,0.0,0.0,94
2023-05-10 13:34:49,OI311P7200,OI311P7200,90.5,0.0,0.0,0.0,14,86.0,89.0,6,90.5,0.0,0.0,0.0,0.0,0.0,94
2023-05-10 13:34:51,OI311P7200,OI311P7200,90.5,0.0,0.0,0.0,8,86.0,89.0,18,90.5,0.0,0.0,0.0,0.0,0.0,94
2023-05-10 13:34:52,OI311P7200,OI311P7200,90.5,0.0,0.0,0.0,2,86.0,90.0,14,90.5,0.0,0.0,0.0,0.0,0.0,94
2023-05-10 13:34:52,OI311P7200,OI311P7200,90.5,0.0,0.0,0.0,2,86.0,89.5,6,90.5,0.0,0.0,0.0,0.0,0.0,94
2023-05-10 13:35:56,OI311P7200,OI311P7200,90.5,0.0,0.0,0.0,6,85.5,89.5,6,90.5,0.0,0.0,0.0,0.0,0.0,94
2023-05-10 13:35:58,OI311P7200,OI311P7200,90.5,0.0,0.0,0.0,6,85.5,89.5,14,90.5,0.0,0.0,0.0,0.0,0.0,94
2023-05-10 13:36:12,OI311P7200,OI311P7200,90.5,0.0,0.0,0.0,6,85.5,89.0,2,90.5,0.0,0.0,0.0,0.0,0.0,94
2023-05-10 13:36:12,OI311P7200,OI311P7200,90.5,0.0,0.0,0.0,14,85.0,88.5,6,90.5,0.0,0.0,0.0,0.0,0.0,94
2023-05-10 13:36:13,OI311P7200,OI311P7200,90.5,0.0,0.0,0.0,8,85.0,89.0,8,90.5,0.0,0.0,0.0,0.0,0.0,94
2023-05-10 13:36:13,OI311P7200,OI311P7200,90.5,0.0,0.0,0.0,14,85.0,89.0,14,90.5,0.0,0.0,0.0,0.0,0.0,94
2023-05-10 13:36:14,OI311P7200,OI311P7200,90.5,0.0,0.0,0.0,14,85.0,88.5,6,90.5,0.0,0.0,0.0,0.0,0.0,94
2023-05-10 13:37:04,OI311P7200,OI311P7200,90.5,0.0,0.0,0.0,12,85.0,88.5,8,90.5,0.0,0.0,0.0,0.0,0.0,94
2023-05-10 13:37:05,OI311P7200,OI311P7200,90.5,0.0,0.0,0.0,14,84.0,88.5,8,90.5,0.0,0.0,0.0,0.0,0.0,94
2023-05-10 13:37:05,OI311P7200,OI311P7200,90.5,0.0,0.0,0.0,2,84.5,88.5,14,90.5,0.0,0.0,0.0,0.0,0.0,94
2023-05-10 13:37:08,OI311P7200,OI311P7200,90.5,0.0,0.0,0.0,2,84.5,88.0,6,90.5,0.0,0.0,0.0,0.0,0.0,94
2023-05-10 13:39:05,OI311P7200,OI311P7200,90.5,0.0,0.0,0.0,14,84.0,88.0,14,90.5,0.0,0.0,0.0,0.0,0.0,94
2023-05-10 13:39:06,OI311P7200,OI311P7200,90.5,0.0,0.0,0.0,8,84.0,88.0,2,90.5,0.0,0.0,0.0,0.0,0.0,94
2023-05-10 13:39:06,OI311P7200,OI311P7200,90.5,0.0,0.0,0.0,14,84.0,88.0,14,90.5,0.0,0.0,0.0,0.0,0.0,94
2023-05-10 13:40:48,OI311P7200,OI311P7200,90.5,0.0,0.0,0.0,2,84.5,88.0,14,90.5,0.0,0.0,0.0,0.0,0.0,94
2023-05-10 13:40:49,OI311P7200,OI311P7200,90.5,0.0,0.0,0.0,2,84.5,87.5,6,90.5,0.0,0.0,0.0,0.0,0.0,94
2023-05-10 13:40:50,OI311P7200,OI311P7200,90.5,0.0,0.0,0.0,2,84.5,88.0,8,90.5,0.0,0.0,0.0,0.0,0.0,94
2023-05-10 13:40:50,OI311P7200,OI311P7200,90.5,0.0,0.0,0.0,2,84.5,87.5,6,90.5,0.0,0.0,0.0,0.0,0.0,94
2023-05-10 13:40:51,OI311P7200,OI311P7200,90.5,0.0,0.0,0.0,2,84.5,88.0,8,90.5,0.0,0.0,0.0,0.0,0.0,94
2023-05-10 13:40:51,OI311P7200,OI311P7200,90.5,0.0,0.0,0.0,2,84.5,88.0,14,90.5,0.0,0.0,0.0,0.0,0.0,94
2023-05-10 13:42:36,OI311P7200,OI311P7200,90.5,0.0,0.0,0.0,8,84.0,88.0,14,90.5,0.0,0.0,0.0,0.0,0.0,94
2023-05-10 13:42:36,OI311P7200,OI311P7200,90.5,0.0,0.0,0.0,14,84.0,88.0,14,90.5,0.0,0.0,0.0,0.0,0.0,94
2023-05-10 13:42:37,OI311P7200,OI311P7200,90.5,0.0,0.0,0.0,8,84.0,87.5,12,90.5,0.0,0.0,0.0,0.0,0.0,94
2023-05-10 13:42:37,OI311P7200,OI311P7200,90.5,0.0,0.0,0.0,2,84.0,87.0,6,90.5,0.0,0.0,0.0,0.0,0.0,94
2023-05-10 13:43:28,OI311P7200,OI311P7200,90.5,0.0,0.0,0.0,6,83.5,87.0,6,90.5,0.0,0.0,0.0,0.0,0.0,94
2023-05-10 13:44:34,OI311P7200,OI311P7200,90.5,0.0,0.0,0.0,6,83.5,87.0,8,90.5,0.0,0.0,0.0,0.0,0.0,94
2023-05-10 13:44:34,OI311P7200,OI311P7200,90.5,0.0,0.0,0.0,6,83.5,87.0,14,90.5,0.0,0.0,0.0,0.0,0.0,94
2023-05-10 13:44:39,OI311P7200,OI311P7200,90.5,0.0,0.0,0.0,8,83.0,87.0,20,90.5,0.0,0.0,0.0,0.0,0.0,94
2023-05-10 13:44:39,OI311P7200,OI311P7200,90.5,0.0,0.0,0.0,2,83.0,87.0,8,90.5,0.0,0.0,0.0,0.0,0.0,94
2023-05-10 13:44:40,OI311P7200,OI311P7200,90.5,0.0,0.0,0.0,2,83.0,86.5,6,90.5,0.0,0.0,0.0,0.0,0.0,94
2023-05-10 13:45:28,OI311P7200,OI311P7200,90.5,0.0,0.0,0.0,6,82.5,86.5,6,90.5,0.0,0.0,0.0,0.0,0.0,94
2023-05-10 13:45:28,OI311P7200,OI311P7200,90.5,0.0,0.0,0.0,6,82.5,86.5,8,90.5,0.0,0.0,0.0,0.0,0.0,94
2023-05-10 13:45:29,OI311P7200,OI311P7200,90.5,0.0,0.0,0.0,6,82.5,86.5,14,90.5,0.0,0.0,0.0,0.0,0.0,94
2023-05-10 13:45:32,OI311P7200,OI311P7200,90.5,0.0,0.0,0.0,8,82.5,86.5,8,90.5,0.0,0.0,0.0,0.0,0.0,94
2023-05-10 13:45:33,OI311P7200,OI311P7200,90.5,0.0,0.0,0.0,14,82.5,86.5,14,90.5,0.0,0.0,0.0,0.0,0.0,94
2023-05-10 13:49:50,OI311P7200,OI311P7200,90.5,0.0,0.0,0.0,2,83.0,86.5,14,90.5,0.0,0.0,0.0,0.0,0.0,94
2023-05-10 13:49:50,OI311P7200,OI311P7200,90.5,0.0,0.0,0.0,2,83.0,86.0,6,90.5,0.0,0.0,0.0,0.0,0.0,94
2023-05-10 13:49:51,OI311P7200,OI311P7200,90.5,0.0,0.0,0.0,2,83.0,86.5,14,90.5,0.0,0.0,0.0,0.0,0.0,94
2023-05-10 13:50:11,OI311P7200,OI311P7200,90.5,0.0,0.0,0.0,14,82.5,86.5,14,90.5,0.0,0.0,0.0,0.0,0.0,94
2023-05-10 13:50:11,OI311P7200,OI311P7200,90.5,0.0,0.0,0.0,8,82.5,86.5,2,90.5,0.0,0.0,0.0,0.0,0.0,94
2023-05-10 13:50:12,OI311P7200,OI311P7200,90.5,0.0,0.0,0.0,14,82.5,86.5,2,90.5,0.0,0.0,0.0,0.0,0.0,94
2023-05-10 13:50:14,OI311P7200,OI311P7200,90.5,0.0,0.0,0.0,8,82.5,86.5,8,90.5,0.0,0.0,0.0,0.0,0.0,94
2023-05-10 13:50:14,OI311P7200,OI311P7200,90.5,0.0,0.0,0.0,14,82.5,86.5,14,90.5,0.0,0.0,0.0,0.0,0.0,94
2023-05-10 13:50:56,OI311P7200,OI311P7200,90.5,0.0,0.0,0.0,8,82.5,86.5,8,90.5,0.0,0.0,0.0,0.0,0.0,94
2023-05-10 13:51:22,OI311P7200,OI311P7200,90.5,0.0,0.0,0.0,8,82.5,86.5,2,90.5,0.0,0.0,0.0,0.0,0.0,94
2023-05-10 13:51:41,OI311P7200,OI311P7200,90.5,0.0,0.0,0.0,8,82.5,86.5,8,90.5,0.0,0.0,0.0,0.0,0.0,94
2023-05-10 13:52:28,OI311P7200,OI311P7200,90.5,0.0,0.0,0.0,6,82.5,86.0,2,90.5,0.0,0.0,0.0,0.0,0.0,94
2023-05-10 13:52:28,OI311P7200,OI311P7200,90.5,0.0,0.0,0.0,8,81.5,86.0,8,90.5,0.0,0.0,0.0,0.0,0.0,94
2023-05-10 13:52:36,OI311P7200,OI311P7200,90.5,0.0,0.0,0.0,2,82.0,86.0,8,90.5,0.0,0.0,0.0,0.0,0.0,94
2023-05-10 13:55:06,OI311P7200,OI311P7200,90.5,0.0,0.0,0.0,8,81.5,86.0,8,90.5,0.0,0.0,0.0,0.0,0.0,94
2023-05-10 13:55:08,OI311P7200,OI311P7200,90.5,0.0,0.0,0.0,8,81.5,85.5,8,90.5,0.0,0.0,0.0,0.0,0.0,94
2023-05-10 13:55:08,OI311P7200,OI311P7200,90.5,0.0,0.0,0.0,8,81.5,85.0,6,90.5,0.0,0.0,0.0,0.0,0.0,94
2023-05-10 13:56:14,OI311P7200,OI311P7200,90.5,0.0,0.0,0.0,7,80.0,85.0,6,90.5,0.0,0.0,0.0,0.0,0.0,94
2023-05-10 13:56:14,OI311P7200,OI311P7200,90.5,0.0,0.0,0.0,2,80.5,85.5,2,90.5,0.0,0.0,0.0,0.0,0.0,94
2023-05-10 13:56:16,OI311P7200,OI311P7200,90.5,0.0,0.0,0.0,2,80.5,85.0,2,90.5,0.0,0.0,0.0,0.0,0.0,94
2023-05-10 13:56:16,OI311P7200,OI311P7200,90.5,0.0,0.0,0.0,2,80.5,84.5,6,90.5,0.0,0.0,0.0,0.0,0.0,94
2023-05-10 13:56:18,OI311P7200,OI311P7200,90.5,0.0,0.0,0.0,2,80.5,85.0,2,90.5,0.0,0.0,0.0,0.0,0.0,94
2023-05-10 13:56:19,OI311P7200,OI311P7200,90.5,0.0,0.0,0.0,2,80.5,84.0,6,90.5,0.0,0.0,0.0,0.0,0.0,94
2023-05-10 13:56:20,OI311P7200,OI311P7200,90.5,0.0,0.0,0.0,2,80.5,85.0,2,90.5,0.0,0.0,0.0,0.0,0.0,94
2023-05-10 13:56:21,OI311P7200,OI311P7200,90.5,0.0,0.0,0.0,2,80.5,84.0,6,90.5,0.0,0.0,0.0,0.0,0.0,94
2023-05-10 13:56:22,OI311P7200,OI311P7200,90.5,0.0,0.0,0.0,2,80.5,85.0,2,90.5,0.0,0.0,0.0,0.0,0.0,94
2023-05-10 13:56:22,OI311P7200,OI311P7200,90.5,0.0,0.0,0.0,2,80.5,84.5,6,90.5,0.0,0.0,0.0,0.0,0.0,94
2023-05-10 13:56:23,OI311P7200,OI311P7200,90.5,0.0,0.0,0.0,2,80.5,85.0,2,90.5,0.0,0.0,0.0,0.0,0.0,94
2023-05-10 13:56:24,OI311P7200,OI311P7200,90.5,0.0,0.0,0.0,2,80.5,84.5,6,90.5,0.0,0.0,0.0,0.0,0.0,94
2023-05-10 13:56:25,OI311P7200,OI311P7200,90.5,0.0,0.0,0.0,2,80.5,85.0,2,90.5,0.0,0.0,0.0,0.0,0.0,94
2023-05-10 13:56:26,OI311P7200,OI311P7200,90.5,0.0,0.0,0.0,2,80.5,84.5,6,90.5,0.0,0.0,0.0,0.0,0.0,94
2023-05-10 13:56:27,OI311P7200,OI311P7200,90.5,0.0,0.0,0.0,2,80.5,85.0,2,90.5,0.0,0.0,0.0,0.0,0.0,94
2023-05-10 13:56:28,OI311P7200,OI311P7200,90.5,0.0,0.0,0.0,2,80.5,84.5,6,90.5,0.0,0.0,0.0,0.0,0.0,94
2023-05-10 13:56:29,OI311P7200,OI311P7200,90.5,0.0,0.0,0.0,2,80.5,85.0,2,90.5,0.0,0.0,0.0,0.0,0.0,94
2023-05-10 13:56:30,OI311P7200,OI311P7200,90.5,0.0,0.0,0.0,2,80.5,84.5,6,90.5,0.0,0.0,0.0,0.0,0.0,94
2023-05-10 13:56:31,OI311P7200,OI311P7200,90.5,0.0,0.0,0.0,2,80.5,85.0,2,90.5,0.0,0.0,0.0,0.0,0.0,94
2023-05-10 13:56:32,OI311P7200,OI311P7200,90.5,0.0,0.0,0.0,2,80.5,84.5,6,90.5,0.0,0.0,0.0,0.0,0.0,94
2023-05-10 13:56:33,OI311P7200,OI311P7200,90.5,0.0,0.0,0.0,2,80.5,85.0,2,90.5,0.0,0.0,0.0,0.0,0.0,94
2023-05-10 13:56:34,OI311P7200,OI311P7200,90.5,0.0,0.0,0.0,2,80.5,84.5,6,90.5,0.0,0.0,0.0,0.0,0.0,94
2023-05-10 13:56:35,OI311P7200,OI311P7200,90.5,0.0,0.0,0.0,2,80.5,85.0,2,90.5,0.0,0.0,0.0,0.0,0.0,94
2023-05-10 13:56:36,OI311P7200,OI311P7200,90.5,0.0,0.0,0.0,2,80.5,84.5,6,90.5,0.0,0.0,0.0,0.0,0.0,94
2023-05-10 13:56:37,OI311P7200,OI311P7200,90.5,0.0,0.0,0.0,2,80.5,85.0,2,90.5,0.0,0.0,0.0,0.0,0.0,94
2023-05-10 13:56:38,OI311P7200,OI311P7200,90.5,0.0,0.0,0.0,2,80.5,84.5,6,90.5,0.0,0.0,0.0,0.0,0.0,94
2023-05-10 13:56:39,OI311P7200,OI311P7200,90.5,0.0,0.0,0.0,2,80.5,85.0,2,90.5,0.0,0.0,0.0,0.0,0.0,94
2023-05-10 13:56:40,OI311P7200,OI311P7200,90.5,0.0,0.0,0.0,2,80.5,84.5,6,90.5,0.0,0.0,0.0,0.0,0.0,94
2023-05-10 13:56:41,OI311P7200,OI311P7200,90.5,0.0,0.0,0.0,2,80.5,85.0,2,90.5,0.0,0.0,0.0,0.0,0.0,94
2023-05-10 13:56:42,OI311P7200,OI311P7200,90.5,0.0,0.0,0.0,2,80.5,84.5,6,90.5,0.0,0.0,0.0,0.0,0.0,94
2023-05-10 13:56:43,OI311P7200,OI311P7200,90.5,0.0,0.0,0.0,2,80.5,85.0,2,90.5,0.0,0.0,0.0,0.0,0.0,94
2023-05-10 13:56:44,OI311P7200,OI311P7200,90.5,0.0,0.0,0.0,2,80.5,84.5,6,90.5,0.0,0.0,0.0,0.0,0.0,94
2023-05-10 13:56:45,OI311P7200,OI311P7200,90.5,0.0,0.0,0.0,8,80.5,84.5,6,90.5,0.0,0.0,0.0,0.0,0.0,94
2023-05-10 13:56:45,OI311P7200,OI311P7200,90.5,0.0,0.0,0.0,2,80.5,84.5,6,90.5,0.0,0.0,0.0,0.0,0.0,94
2023-05-10 13:56:46,OI311P7200,OI311P7200,90.5,0.0,0.0,0.0,2,80.5,83.5,6,90.5,0.0,0.0,0.0,0.0,0.0,94
2023-05-10 13:56:46,OI311P7200,OI311P7200,90.5,0.0,0.0,0.0,2,80.5,85.0,2,90.5,0.0,0.0,0.0,0.0,0.0,94
2023-05-10 13:56:47,OI311P7200,OI311P7200,90.5,0.0,0.0,0.0,2,80.5,84.5,6,90.5,0.0,0.0,0.0,0.0,0.0,94
2023-05-10 13:56:47,OI311P7200,OI311P7200,90.5,0.0,0.0,0.0,2,80.5,85.0,2,90.5,0.0,0.0,0.0,0.0,0.0,94
2023-05-10 13:56:49,OI311P7200,OI311P7200,90.5,0.0,0.0,0.0,2,80.5,84.5,6,90.5,0.0,0.0,0.0,0.0,0.0,94
2023-05-10 13:56:49,OI311P7200,OI311P7200,90.5,0.0,0.0,0.0,2,80.5,85.0,2,90.5,0.0,0.0,0.0,0.0,0.0,94
2023-05-10 13:56:51,OI311P7200,OI311P7200,90.5,0.0,0.0,0.0,2,80.5,84.5,6,90.5,0.0,0.0,0.0,0.0,0.0,94
2023-05-10 13:56:51,OI311P7200,OI311P7200,90.5,0.0,0.0,0.0,2,80.5,85.0,2,90.5,0.0,0.0,0.0,0.0,0.0,94
2023-05-10 13:56:53,OI311P7200,OI311P7200,90.5,0.0,0.0,0.0,2,80.5,84.5,6,90.5,0.0,0.0,0.0,0.0,0.0,94
2023-05-10 13:56:53,OI311P7200,OI311P7200,90.5,0.0,0.0,0.0,2,80.5,85.0,2,90.5,0.0,0.0,0.0,0.0,0.0,94
2023-05-10 13:56:55,OI311P7200,OI311P7200,90.5,0.0,0.0,0.0,2,80.5,84.5,6,90.5,0.0,0.0,0.0,0.0,0.0,94
2023-05-10 13:56:55,OI311P7200,OI311P7200,90.5,0.0,0.0,0.0,2,80.5,85.0,2,90.5,0.0,0.0,0.0,0.0,0.0,94
2023-05-10 13:56:57,OI311P7200,OI311P7200,90.5,0.0,0.0,0.0,2,80.5,84.5,6,90.5,0.0,0.0,0.0,0.0,0.0,94
2023-05-10 13:56:57,OI311P7200,OI311P7200,90.5,0.0,0.0,0.0,2,80.5,85.0,2,90.5,0.0,0.0,0.0,0.0,0.0,94
2023-05-10 13:56:59,OI311P7200,OI311P7200,90.5,0.0,0.0,0.0,2,80.5,84.5,6,90.5,0.0,0.0,0.0,0.0,0.0,94
2023-05-10 13:56:59,OI311P7200,OI311P7200,90.5,0.0,0.0,0.0,2,80.5,85.0,2,90.5,0.0,0.0,0.0,0.0,0.0,94
2023-05-10 13:57:01,OI311P7200,OI311P7200,90.5,0.0,0.0,0.0,2,80.5,84.5,6,90.5,0.0,0.0,0.0,0.0,0.0,94
2023-05-10 13:57:01,OI311P7200,OI311P7200,90.5,0.0,0.0,0.0,2,80.5,85.0,2,90.5,0.0,0.0,0.0,0.0,0.0,94
2023-05-10 13:57:03,OI311P7200,OI311P7200,90.5,0.0,0.0,0.0,2,80.5,84.5,6,90.5,0.0,0.0,0.0,0.0,0.0,94
2023-05-10 13:57:03,OI311P7200,OI311P7200,90.5,0.0,0.0,0.0,2,80.5,85.0,2,90.5,0.0,0.0,0.0,0.0,0.0,94
2023-05-10 13:57:05,OI311P7200,OI311P7200,90.5,0.0,0.0,0.0,2,80.5,84.5,6,90.5,0.0,0.0,0.0,0.0,0.0,94
2023-05-10 13:57:05,OI311P7200,OI311P7200,90.5,0.0,0.0,0.0,2,80.5,85.0,2,90.5,0.0,0.0,0.0,0.0,0.0,94
2023-05-10 13:57:07,OI311P7200,OI311P7200,90.5,0.0,0.0,0.0,2,80.5,84.5,6,90.5,0.0,0.0,0.0,0.0,0.0,94
2023-05-10 13:57:07,OI311P7200,OI311P7200,90.5,0.0,0.0,0.0,2,80.5,85.0,2,90.5,0.0,0.0,0.0,0.0,0.0,94
2023-05-10 13:57:09,OI311P7200,OI311P7200,90.5,0.0,0.0,0.0,2,80.5,84.5,6,90.5,0.0,0.0,0.0,0.0,0.0,94
2023-05-10 13:57:09,OI311P7200,OI311P7200,90.5,0.0,0.0,0.0,2,80.5,85.0,2,90.5,0.0,0.0,0.0,0.0,0.0,94
2023-05-10 13:57:11,OI311P7200,OI311P7200,90.5,0.0,0.0,0.0,2,80.5,84.5,6,90.5,0.0,0.0,0.0,0.0,0.0,94
2023-05-10 13:57:11,OI311P7200,OI311P7200,90.5,0.0,0.0,0.0,2,80.5,85.0,2,90.5,0.0,0.0,0.0,0.0,0.0,94
2023-05-10 13:57:13,OI311P7200,OI311P7200,90.5,0.0,0.0,0.0,2,80.5,84.5,6,90.5,0.0,0.0,0.0,0.0,0.0,94
2023-05-10 13:57:13,OI311P7200,OI311P7200,90.5,0.0,0.0,0.0,2,80.5,85.0,2,90.5,0.0,0.0,0.0,0.0,0.0,94
2023-05-10 13:57:15,OI311P7200,OI311P7200,90.5,0.0,0.0,0.0,2,80.5,84.5,6,90.5,0.0,0.0,0.0,0.0,0.0,94
2023-05-10 13:57:15,OI311P7200,OI311P7200,90.5,0.0,0.0,0.0,2,80.5,85.0,2,90.5,0.0,0.0,0.0,0.0,0.0,94
2023-05-10 13:57:16,OI311P7200,OI311P7200,90.5,0.0,0.0,0.0,8,80.5,85.0,8,90.5,0.0,0.0,0.0,0.0,0.0,94
2023-05-10 13:57:17,OI311P7200,OI311P7200,90.5,0.0,0.0,0.0,8,80.5,84.5,6,90.5,0.0,0.0,0.0,0.0,0.0,94
2023-05-10 13:57:57,OI311P7200,OI311P7200,90.5,0.0,0.0,0.0,2,81.0,84.5,6,90.5,0.0,0.0,0.0,0.0,0.0,94
2023-05-10 14:01:16,OI311P7200,OI311P7200,90.5,0.0,0.0,0.0,2,81.5,84.5,6,90.5,0.0,0.0,0.0,0.0,0.0,94
2023-05-10 14:01:16,OI311P7200,OI311P7200,90.5,0.0,0.0,0.0,8,81.5,84.5,6,90.5,0.0,0.0,0.0,0.0,0.0,94
2023-05-10 14:04:32,OI311P7200,OI311P7200,90.5,0.0,0.0,0.0,6,81.5,84.5,6,90.5,0.0,0.0,0.0,0.0,0.0,94
2023-05-10 14:06:11,OI311P7200,OI311P7200,90.5,0.0,0.0,0.0,2,81.0,84.5,6,90.5,0.0,0.0,0.0,0.0,0.0,94
2023-05-10 14:06:13,OI311P7200,OI311P7200,90.5,0.0,0.0,0.0,2,81.0,84.0,6,90.5,0.0,0.0,0.0,0.0,0.0,94
2023-05-10 14:06:26,OI311P7200,OI311P7200,90.5,0.0,0.0,0.0,6,80.5,84.0,6,90.5,0.0,0.0,0.0,0.0,0.0,94
2023-05-10 14:07:29,OI311P7200,OI311P7200,90.5,0.0,0.0,0.0,8,80.5,84.0,6,90.5,0.0,0.0,0.0,0.0,0.0,94
2023-05-10 14:07:29,OI311P7200,OI311P7200,90.5,0.0,0.0,0.0,14,80.5,84.0,6,90.5,0.0,0.0,0.0,0.0,0.0,94
2023-05-10 14:09:08,OI311P7200,OI311P7200,90.5,0.0,0.0,0.0,2,81.0,84.0,6,90.5,0.0,0.0,0.0,0.0,0.0,94
2023-05-10 14:12:14,OI311P7200,OI311P7200,90.5,0.0,0.0,0.0,8,80.5,84.0,6,90.5,0.0,0.0,0.0,0.0,0.0,94
2023-05-10 14:12:14,OI311P7200,OI311P7200,90.5,0.0,0.0,0.0,14,80.5,84.0,6,90.5,0.0,0.0,0.0,0.0,0.0,94
2023-05-10 14:12:14,OI311P7200,OI311P7200,90.5,0.0,0.0,0.0,8,80.5,84.0,6,90.5,0.0,0.0,0.0,0.0,0.0,94
2023-05-10 14:12:14,OI311P7200,OI311P7200,90.5,0.0,0.0,0.0,14,80.5,84.0,6,90.5,0.0,0.0,0.0,0.0,0.0,94
2023-05-10 14:12:29,OI311P7200,OI311P7200,90.5,0.0,0.0,0.0,6,80.5,84.0,6,90.5,0.0,0.0,0.0,0.0,0.0,94
2023-05-10 14:12:30,OI311P7200,OI311P7200,90.5,0.0,0.0,0.0,6,76.5,84.0,18,90.5,0.0,0.0,0.0,0.0,0.0,94
2023-05-10 14:12:31,OI311P7200,OI311P7200,90.5,0.0,0.0,0.0,2,79.5,84.0,18,90.5,0.0,0.0,0.0,0.0,0.0,94
2023-05-10 14:12:31,OI311P7200,OI311P7200,90.5,0.0,0.0,0.0,14,79.5,84.0,18,90.5,0.0,0.0,0.0,0.0,0.0,94
2023-05-10 14:12:32,OI311P7200,OI311P7200,90.5,0.0,0.0,0.0,2,80.0,84.0,18,90.5,0.0,0.0,0.0,0.0,0.0,94
2023-05-10 14:12:32,OI311P7200,OI311P7200,90.5,0.0,0.0,0.0,2,80.0,84.0,6,90.5,0.0,0.0,0.0,0.0,0.0,94
2023-05-10 14:12:33,OI311P7200,OI311P7200,90.5,0.0,0.0,0.0,2,80.0,83.5,6,90.5,0.0,0.0,0.0,0.0,0.0,94
2023-05-10 14:12:48,OI311P7200,OI311P7200,90.5,0.0,0.0,0.0,2,80.5,83.5,6,90.5,0.0,0.0,0.0,0.0,0.0,94
2023-05-10 14:12:48,OI311P7200,OI311P7200,90.5,0.0,0.0,0.0,14,80.5,83.5,6,90.5,0.0,0.0,0.0,0.0,0.0,94
2023-05-10 14:13:03,OI311P7200,OI311P7200,90.5,0.0,0.0,0.0,2,81.0,84.0,6,90.5,0.0,0.0,0.0,0.0,0.0,94
2023-05-10 14:13:04,OI311P7200,OI311P7200,90.5,0.0,0.0,0.0,2,81.0,83.5,6,90.5,0.0,0.0,0.0,0.0,0.0,94
2023-05-10 14:13:07,OI311P7200,OI311P7200,90.5,0.0,0.0,0.0,14,81.0,84.0,6,90.5,0.0,0.0,0.0,0.0,0.0,94
2023-05-10 14:13:08,OI311P7200,OI311P7200,90.5,0.0,0.0,0.0,14,81.0,84.5,2,90.5,0.0,0.0,0.0,0.0,0.0,94
2023-05-10 14:13:10,OI311P7200,OI311P7200,90.5,0.0,0.0,0.0,14,81.0,84.5,8,90.5,0.0,0.0,0.0,0.0,0.0,94
2023-05-10 14:13:10,OI311P7200,OI311P7200,90.5,0.0,0.0,0.0,14,81.0,84.5,14,90.5,0.0,0.0,0.0,0.0,0.0,94
2023-05-10 14:17:37,OI311P7200,OI311P7200,90.5,0.0,0.0,0.0,2,81.5,84.0,6,90.5,0.0,0.0,0.0,0.0,0.0,94
2023-05-10 14:17:37,OI311P7200,OI311P7200,90.5,0.0,0.0,0.0,2,81.5,84.5,2,90.5,0.0,0.0,0.0,0.0,0.0,94
2023-05-10 14:17:37,OI311P7200,OI311P7200,90.5,0.0,0.0,0.0,2,81.5,84.0,6,90.5,0.0,0.0,0.0,0.0,0.0,94
2023-05-10 14:17:37,OI311P7200,OI311P7200,90.5,0.0,0.0,0.0,2,81.5,84.5,2,90.5,0.0,0.0,0.0,0.0,0.0,94
2023-05-10 14:17:40,OI311P7200,OI311P7200,90.5,0.0,0.0,0.0,2,81.5,84.5,8,90.5,0.0,0.0,0.0,0.0,0.0,94
2023-05-10 14:17:40,OI311P7200,OI311P7200,90.5,0.0,0.0,0.0,2,81.5,84.5,14,90.5,0.0,0.0,0.0,0.0,0.0,94
2023-05-10 14:17:40,OI311P7200,OI311P7200,90.5,0.0,0.0,0.0,2,81.5,84.5,8,90.5,0.0,0.0,0.0,0.0,0.0,94
2023-05-10 14:17:40,OI311P7200,OI311P7200,90.5,0.0,0.0,0.0,2,81.5,84.5,14,90.5,0.0,0.0,0.0,0.0,0.0,94
2023-05-10 14:18:06,OI311P7200,OI311P7200,90.5,0.0,0.0,0.0,2,82.0,84.5,14,90.5,0.0,0.0,0.0,0.0,0.0,94
2023-05-10 14:18:07,OI311P7200,OI311P7200,90.5,0.0,0.0,0.0,14,82.0,84.5,14,90.5,0.0,0.0,0.0,0.0,0.0,94
2023-05-10 14:18:20,OI311P7200,OI311P7200,90.5,0.0,0.0,0.0,14,82.0,84.5,12,90.5,0.0,0.0,0.0,0.0,0.0,94
2023-05-10 14:18:21,OI311P7200,OI311P7200,90.5,0.0,0.0,0.0,14,82.0,84.5,6,90.5,0.0,0.0,0.0,0.0,0.0,94
2023-05-10 14:18:22,OI311P7200,OI311P7200,90.5,0.0,0.0,0.0,2,82.5,84.5,6,90.5,0.0,0.0,0.0,0.0,0.0,94
2023-05-10 14:18:39,OI311P7200,OI311P7200,90.5,0.0,0.0,0.0,14,82.5,85.5,6,90.5,0.0,0.0,0.0,0.0,0.0,94
2023-05-10 14:18:39,OI311P7200,OI311P7200,90.5,0.0,0.0,0.0,2,83.0,89.5,6,90.5,0.0,0.0,0.0,0.0,0.0,94
2023-05-10 14:18:40,OI311P7200,OI311P7200,90.5,0.0,0.0,0.0,2,83.0,88.0,8,90.5,0.0,0.0,0.0,0.0,0.0,94
2023-05-10 14:18:40,OI311P7200,OI311P7200,90.5,0.0,0.0,0.0,2,83.0,88.0,14,90.5,0.0,0.0,0.0,0.0,0.0,94
2023-05-10 14:18:42,OI311P7200,OI311P7200,90.5,0.0,0.0,0.0,2,83.0,87.5,6,90.5,0.0,0.0,0.0,0.0,0.0,94
2023-05-10 14:19:06,OI311P7200,OI311P7200,90.5,0.0,0.0,0.0,2,83.5,87.5,6,90.5,0.0,0.0,0.0,0.0,0.0,94
2023-05-10 14:19:07,OI311P7200,OI311P7200,90.5,0.0,0.0,0.0,14,83.5,87.5,18,90.5,0.0,0.0,0.0,0.0,0.0,94
2023-05-10 14:19:07,OI311P7200,OI311P7200,90.5,0.0,0.0,0.0,14,83.5,87.0,6,90.5,0.0,0.0,0.0,0.0,0.0,94
2023-05-10 14:19:34,OI311P7200,OI311P7200,90.5,0.0,0.0,0.0,2,84.0,87.5,6,90.5,0.0,0.0,0.0,0.0,0.0,94
2023-05-10 14:19:34,OI311P7200,OI311P7200,90.5,0.0,0.0,0.0,2,84.0,87.0,6,90.5,0.0,0.0,0.0,0.0,0.0,94
2023-05-10 14:20:46,OI311P7200,OI311P7200,90.5,0.0,0.0,0.0,8,84.5,87.0,6,90.5,0.0,0.0,0.0,0.0,0.0,94
2023-05-10 14:20:47,OI311P7200,OI311P7200,90.5,0.0,0.0,0.0,8,84.5,88.0,8,90.5,0.0,0.0,0.0,0.0,0.0,94
2023-05-10 14:20:47,OI311P7200,OI311P7200,90.5,0.0,0.0,0.0,14,84.5,88.0,14,90.5,0.0,0.0,0.0,0.0,0.0,94
2023-05-10 14:20:48,OI311P7200,OI311P7200,90.5,0.0,0.0,0.0,14,84.5,87.5,6,90.5,0.0,0.0,0.0,0.0,0.0,94
2023-05-10 14:21:16,OI311P7200,OI311P7200,90.5,0.0,0.0,0.0,2,85.0,88.0,8,90.5,0.0,0.0,0.0,0.0,0.0,94
2023-05-10 14:21:16,OI311P7200,OI311P7200,90.5,0.0,0.0,0.0,2,85.0,87.5,6,90.5,0.0,0.0,0.0,0.0,0.0,94
2023-05-10 14:25:14,OI311P7200,OI311P7200,90.5,0.0,0.0,0.0,8,84.5,87.5,6,90.5,0.0,0.0,0.0,0.0,0.0,94
2023-05-10 14:25:14,OI311P7200,OI311P7200,90.5,0.0,0.0,0.0,14,84.5,88.0,8,90.5,0.0,0.0,0.0,0.0,0.0,94
2023-05-10 14:25:14,OI311P7200,OI311P7200,90.5,0.0,0.0,0.0,14,84.5,88.0,14,90.5,0.0,0.0,0.0,0.0,0.0,94
2023-05-10 14:25:16,OI311P7200,OI311P7200,90.5,0.0,0.0,0.0,14,84.5,87.5,6,90.5,0.0,0.0,0.0,0.0,0.0,94
2023-05-10 14:26:27,OI311P7200,OI311P7200,90.5,0.0,0.0,0.0,12,84.5,87.5,6,90.5,0.0,0.0,0.0,0.0,0.0,94
2023-05-10 14:26:27,OI311P7200,OI311P7200,90.5,0.0,0.0,0.0,20,83.5,87.5,12,90.5,0.0,0.0,0.0,0.0,0.0,94
2023-05-10 14:26:28,OI311P7200,OI311P7200,90.5,0.0,0.0,0.0,14,83.5,87.0,6,90.5,0.0,0.0,0.0,0.0,0.0,94
2023-05-10 14:26:32,OI311P7200,OI311P7200,90.5,0.0,0.0,0.0,2,84.0,87.0,6,90.5,0.0,0.0,0.0,0.0,0.0,94
2023-05-10 14:28:12,OI311P7200,OI311P7200,90.5,0.0,0.0,0.0,14,84.0,87.5,6,90.5,0.0,0.0,0.0,0.0,0.0,94
2023-05-10 14:28:13,OI311P7200,OI311P7200,90.5,0.0,0.0,0.0,14,84.0,88.0,2,90.5,0.0,0.0,0.0,0.0,0.0,94
2023-05-10 14:28:15,OI311P7200,OI311P7200,90.5,0.0,0.0,0.0,14,84.0,88.0,8,90.5,0.0,0.0,0.0,0.0,0.0,94
2023-05-10 14:28:15,OI311P7200,OI311P7200,90.5,0.0,0.0,0.0,14,84.0,88.0,14,90.5,0.0,0.0,0.0,0.0,0.0,94
2023-05-10 14:28:36,OI311P7200,OI311P7200,90.5,0.0,0.0,0.0,2,84.5,88.0,14,90.5,0.0,0.0,0.0,0.0,0.0,94
2023-05-10 14:28:37,OI311P7200,OI311P7200,90.5,0.0,0.0,0.0,2,84.5,88.0,2,90.5,0.0,0.0,0.0,0.0,0.0,94
2023-05-10 14:28:37,OI311P7200,OI311P7200,90.5,0.0,0.0,0.0,2,84.5,88.0,14,90.5,0.0,0.0,0.0,0.0,0.0,94
2023-05-10 14:29:33,OI311P7200,OI311P7200,90.5,0.0,0.0,0.0,8,85.0,88.0,8,90.5,0.0,0.0,0.0,0.0,0.0,94
2023-05-10 14:29:33,OI311P7200,OI311P7200,90.5,0.0,0.0,0.0,14,85.0,88.0,14,90.5,0.0,0.0,0.0,0.0,0.0,94
2023-05-10 14:29:50,OI311P7200,OI311P7200,90.5,0.0,0.0,0.0,2,85.0,88.0,14,90.5,0.0,0.0,0.0,0.0,0.0,94
2023-05-10 14:29:51,OI311P7200,OI311P7200,90.5,0.0,0.0,0.0,2,85.0,88.0,20,90.5,0.0,0.0,0.0,0.0,0.0,94
2023-05-10 14:29:53,OI311P7200,OI311P7200,90.5,0.0,0.0,0.0,2,84.5,88.0,14,90.5,0.0,0.0,0.0,0.0,0.0,94
2023-05-10 14:29:53,OI311P7200,OI311P7200,90.5,0.0,0.0,0.0,2,84.5,87.5,6,90.5,0.0,0.0,0.0,0.0,0.0,94
2023-05-10 14:30:13,OI311P7200,OI311P7200,90.5,0.0,0.0,0.0,6,84.0,87.5,6,90.5,0.0,0.0,0.0,0.0,0.0,94
2023-05-10 14:30:39,OI311P7200,OI311P7200,90.5,0.0,0.0,0.0,14,84.0,87.5,6,90.5,0.0,0.0,0.0,0.0,0.0,94
2023-05-10 14:31:10,OI311P7200,OI311P7200,90.5,0.0,0.0,0.0,2,84.5,87.5,6,90.5,0.0,0.0,0.0,0.0,0.0,94
2023-05-10 14:31:11,OI311P7200,OI311P7200,90.5,0.0,0.0,0.0,2,84.5,88.0,14,90.5,0.0,0.0,0.0,0.0,0.0,94
2023-05-10 14:31:13,OI311P7200,OI311P7200,90.5,0.0,0.0,0.0,2,84.5,87.5,6,90.5,0.0,0.0,0.0,0.0,0.0,94
