time,symbol_id,symbol_name,last,trade_volume,trade_amount,open_interest_change,bv1,bp1,ap1,av1,yesterday_close,today_open,today_high,today_low,volume,amount,open_interest
2023-05-09 19:10:58,OI311C9900,菜籽油2311购9900,53.0,0.0,0.0,0.0,0,0.0,0.0,0,53.0,52.5,0.0,0.0,0.0,0.0,74
2023-05-09 20:59:00,OI311C9900,菜籽油2311购9900,53.0,0.0,0.0,0.0,1,0.5,0.0,0,53.0,52.5,0.0,0.0,0.0,0.0,74
2023-05-09 21:00:15,OI311C9900,菜籽油2311购9900,53.0,0.0,0.0,0.0,1,0.5,220.0,2,53.0,52.5,0.0,0.0,0.0,0.0,74
2023-05-09 21:00:16,OI311C9900,菜籽油2311购9900,53.0,0.0,0.0,0.0,2,41.5,220.0,2,53.0,52.5,0.0,0.0,0.0,0.0,74
2023-05-09 21:00:52,OI311C9900,菜籽油2311购9900,53.0,0.0,0.0,0.0,3,41.5,219.5,1,53.0,52.5,0.0,0.0,0.0,0.0,74
2023-05-09 21:00:53,OI311C9900,菜籽油2311购9900,53.0,0.0,0.0,0.0,1,41.5,219.5,1,53.0,52.5,0.0,0.0,0.0,0.0,74
2023-05-09 21:01:13,OI311C9900,菜籽油2311购9900,53.0,0.0,0.0,0.0,1,41.5,56.5,2,53.0,52.5,0.0,0.0,0.0,0.0,74
2023-05-09 21:01:14,OI311C9900,菜籽油2311购9900,53.0,0.0,0.0,0.0,2,53.0,56.5,2,53.0,52.5,0.0,0.0,0.0,0.0,74
2023-05-09 21:01:20,OI311C9900,菜籽油2311购9900,53.0,0.0,0.0,0.0,2,53.0,56.0,2,53.0,52.5,0.0,0.0,0.0,0.0,74
2023-05-09 21:01:38,OI311C9900,菜籽油2311购9900,53.0,0.0,0.0,0.0,2,53.5,56.0,2,53.0,52.5,0.0,0.0,0.0,0.0,74
2023-05-09 21:01:52,OI311C9900,菜籽油2311购9900,53.0,0.0,0.0,0.0,2,53.0,55.5,2,53.0,52.5,0.0,0.0,0.0,0.0,74
2023-05-09 21:02:20,OI311C9900,菜籽油2311购9900,53.0,0.0,0.0,0.0,2,53.0,55.0,2,53.0,52.5,0.0,0.0,0.0,0.0,74
2023-05-09 21:02:23,OI311C9900,菜籽油2311购9900,53.0,0.0,0.0,0.0,2,52.0,55.0,2,53.0,52.5,0.0,0.0,0.0,0.0,74
2023-05-09 21:02:28,OI311C9900,菜籽油2311购9900,53.0,0.0,0.0,0.0,2,52.5,55.0,2,53.0,52.5,0.0,0.0,0.0,0.0,74
2023-05-09 21:02:50,OI311C9900,菜籽油2311购9900,53.0,0.0,0.0,0.0,2,52.5,54.5,2,53.0,52.5,0.0,0.0,0.0,0.0,74
2023-05-09 21:06:49,OI311C9900,菜籽油2311购9900,53.0,0.0,0.0,0.0,2,52.0,54.5,2,53.0,52.5,0.0,0.0,0.0,0.0,74
2023-05-09 21:06:56,OI311C9900,菜籽油2311购9900,53.0,0.0,0.0,0.0,2,52.0,54.0,2,53.0,52.5,0.0,0.0,0.0,0.0,74
2023-05-09 21:10:03,OI311C9900,菜籽油2311购9900,53.0,0.0,0.0,0.0,2,52.5,54.0,2,53.0,52.5,0.0,0.0,0.0,0.0,74
2023-05-09 21:10:07,OI311C9900,菜籽油2311购9900,53.0,0.0,0.0,0.0,2,52.5,54.5,2,53.0,52.5,0.0,0.0,0.0,0.0,74
2023-05-09 21:10:42,OI311C9900,菜籽油2311购9900,53.0,0.0,0.0,0.0,2,53.0,54.5,2,53.0,52.5,0.0,0.0,0.0,0.0,74
2023-05-09 21:11:03,OI311C9900,菜籽油2311购9900,53.0,0.0,0.0,0.0,2,53.0,55.5,2,53.0,52.5,0.0,0.0,0.0,0.0,74
2023-05-09 21:11:28,OI311C9900,菜籽油2311购9900,53.0,0.0,0.0,0.0,2,53.0,55.0,2,53.0,52.5,0.0,0.0,0.0,0.0,74
2023-05-09 21:13:10,OI311C9900,菜籽油2311购9900,53.0,0.0,0.0,0.0,2,53.5,55.0,2,53.0,52.5,0.0,0.0,0.0,0.0,74
2023-05-09 21:13:28,OI311C9900,菜籽油2311购9900,53.0,0.0,0.0,0.0,2,53.5,55.5,2,53.0,52.5,0.0,0.0,0.0,0.0,74
2023-05-09 21:13:47,OI311C9900,菜籽油2311购9900,53.0,0.0,0.0,0.0,2,54.0,55.5,2,53.0,52.5,0.0,0.0,0.0,0.0,74
2023-05-09 21:14:52,OI311C9900,菜籽油2311购9900,53.0,0.0,0.0,0.0,2,53.5,55.5,2,53.0,52.5,0.0,0.0,0.0,0.0,74
2023-05-09 21:17:25,OI311C9900,菜籽油2311购9900,53.0,0.0,0.0,0.0,2,54.0,55.5,2,53.0,52.5,0.0,0.0,0.0,0.0,74
2023-05-09 21:18:13,OI311C9900,菜籽油2311购9900,53.0,0.0,0.0,0.0,2,53.5,55.5,2,53.0,52.5,0.0,0.0,0.0,0.0,74
2023-05-09 21:18:49,OI311C9900,菜籽油2311购9900,53.0,0.0,0.0,0.0,2,53.5,55.0,2,53.0,52.5,0.0,0.0,0.0,0.0,74
2023-05-09 21:19:09,OI311C9900,菜籽油2311购9900,53.0,0.0,0.0,0.0,2,53.0,55.0,2,53.0,52.5,0.0,0.0,0.0,0.0,74
2023-05-09 21:19:50,OI311C9900,菜籽油2311购9900,53.0,0.0,0.0,0.0,2,53.0,54.5,2,53.0,52.5,0.0,0.0,0.0,0.0,74
2023-05-09 21:19:55,OI311C9900,菜籽油2311购9900,53.0,0.0,0.0,0.0,2,52.5,54.5,2,53.0,52.5,0.0,0.0,0.0,0.0,74
2023-05-09 21:20:45,OI311C9900,菜籽油2311购9900,53.0,0.0,0.0,0.0,2,53.0,54.5,2,53.0,52.5,0.0,0.0,0.0,0.0,74
2023-05-09 21:24:54,OI311C9900,菜籽油2311购9900,53.0,0.0,0.0,0.0,2,52.5,54.5,2,53.0,52.5,0.0,0.0,0.0,0.0,74
2023-05-09 21:26:02,OI311C9900,菜籽油2311购9900,53.0,0.0,0.0,0.0,2,53.0,54.5,2,53.0,52.5,0.0,0.0,0.0,0.0,74
2023-05-09 21:30:19,OI311C9900,菜籽油2311购9900,53.0,0.0,0.0,0.0,2,52.5,54.5,2,53.0,52.5,0.0,0.0,0.0,0.0,74
2023-05-09 21:30:26,OI311C9900,菜籽油2311购9900,53.0,0.0,0.0,0.0,2,52.5,54.0,2,53.0,52.5,0.0,0.0,0.0,0.0,74
2023-05-09 21:30:44,OI311C9900,菜籽油2311购9900,53.0,0.0,0.0,0.0,2,52.0,54.0,2,53.0,52.5,0.0,0.0,0.0,0.0,74
2023-05-09 21:32:02,OI311C9900,菜籽油2311购9900,53.0,0.0,0.0,0.0,2,52.0,53.5,2,53.0,52.5,0.0,0.0,0.0,0.0,74
2023-05-09 21:32:19,OI311C9900,菜籽油2311购9900,53.0,0.0,0.0,0.0,2,51.0,53.5,2,53.0,52.5,0.0,0.0,0.0,0.0,74
2023-05-09 21:32:24,OI311C9900,菜籽油2311购9900,53.0,0.0,0.0,0.0,2,51.0,53.0,2,53.0,52.5,0.0,0.0,0.0,0.0,74
2023-05-09 21:33:04,OI311C9900,菜籽油2311购9900,53.0,0.0,0.0,0.0,2,51.5,53.0,2,53.0,52.5,0.0,0.0,0.0,0.0,74
2023-05-09 21:33:48,OI311C9900,菜籽油2311购9900,53.0,0.0,0.0,0.0,2,51.5,53.5,2,53.0,52.5,0.0,0.0,0.0,0.0,74
2023-05-09 21:33:49,OI311C9900,菜籽油2311购9900,53.0,0.0,0.0,0.0,2,52.0,53.5,2,53.0,52.5,0.0,0.0,0.0,0.0,74
2023-05-09 21:33:57,OI311C9900,菜籽油2311购9900,53.0,0.0,0.0,0.0,2,51.5,53.5,2,53.0,52.5,0.0,0.0,0.0,0.0,74
2023-05-09 21:35:05,OI311C9900,菜籽油2311购9900,53.0,0.0,0.0,0.0,2,52.0,53.5,2,53.0,52.5,0.0,0.0,0.0,0.0,74
2023-05-09 21:35:34,OI311C9900,菜籽油2311购9900,53.0,0.0,0.0,0.0,2,51.5,53.5,2,53.0,52.5,0.0,0.0,0.0,0.0,74
2023-05-09 21:38:14,OI311C9900,菜籽油2311购9900,53.0,0.0,0.0,0.0,2,51.5,53.0,2,53.0,52.5,0.0,0.0,0.0,0.0,74
2023-05-09 21:38:45,OI311C9900,菜籽油2311购9900,53.0,0.0,0.0,0.0,1,41.5,53.0,2,53.0,52.5,0.0,0.0,0.0,0.0,74
2023-05-09 21:38:45,OI311C9900,菜籽油2311购9900,53.0,0.0,0.0,0.0,1,47.0,53.0,2,53.0,52.5,0.0,0.0,0.0,0.0,74
2023-05-09 21:38:46,OI311C9900,菜籽油2311购9900,53.0,0.0,0.0,0.0,2,51.0,53.0,2,53.0,52.5,0.0,0.0,0.0,0.0,74
2023-05-09 21:42:44,OI311C9900,菜籽油2311购9900,53.0,0.0,0.0,0.0,2,51.5,53.0,2,53.0,52.5,0.0,0.0,0.0,0.0,74
2023-05-09 21:45:27,OI311C9900,菜籽油2311购9900,53.0,0.0,0.0,0.0,2,51.0,53.0,2,53.0,52.5,0.0,0.0,0.0,0.0,74
2023-05-09 21:46:40,OI311C9900,菜籽油2311购9900,53.0,0.0,0.0,0.0,2,51.0,52.5,2,53.0,52.5,0.0,0.0,0.0,0.0,74
2023-05-09 21:46:41,OI311C9900,菜籽油2311购9900,53.0,0.0,0.0,0.0,1,47.0,52.5,2,53.0,52.5,0.0,0.0,0.0,0.0,74
2023-05-09 21:46:42,OI311C9900,菜籽油2311购9900,53.0,0.0,0.0,0.0,2,50.5,52.5,2,53.0,52.5,0.0,0.0,0.0,0.0,74
2023-05-09 21:47:03,OI311C9900,菜籽油2311购9900,53.0,0.0,0.0,0.0,2,51.0,52.5,2,53.0,52.5,0.0,0.0,0.0,0.0,74
2023-05-09 21:50:12,OI311C9900,菜籽油2311购9900,53.0,0.0,0.0,0.0,2,51.0,53.0,2,53.0,52.5,0.0,0.0,0.0,0.0,74
2023-05-09 21:50:22,OI311C9900,菜籽油2311购9900,53.0,0.0,0.0,0.0,2,51.5,53.0,2,53.0,52.5,0.0,0.0,0.0,0.0,74
2023-05-09 21:51:07,OI311C9900,菜籽油2311购9900,53.0,0.0,0.0,0.0,2,51.5,54.0,2,53.0,52.5,0.0,0.0,0.0,0.0,74
2023-05-09 21:51:09,OI311C9900,菜籽油2311购9900,53.0,0.0,0.0,0.0,2,51.5,53.5,2,53.0,52.5,0.0,0.0,0.0,0.0,74
2023-05-09 21:52:58,OI311C9900,菜籽油2311购9900,53.0,0.0,0.0,0.0,2,51.5,53.0,2,53.0,52.5,0.0,0.0,0.0,0.0,74
2023-05-09 21:53:27,OI311C9900,菜籽油2311购9900,53.0,0.0,0.0,0.0,2,51.0,53.0,2,53.0,52.5,0.0,0.0,0.0,0.0,74
2023-05-09 21:56:58,OI311C9900,菜籽油2311购9900,53.0,0.0,0.0,0.0,2,51.5,53.0,2,53.0,52.5,0.0,0.0,0.0,0.0,74
2023-05-09 21:57:48,OI311C9900,菜籽油2311购9900,53.0,0.0,0.0,0.0,2,51.5,53.5,2,53.0,52.5,0.0,0.0,0.0,0.0,74
2023-05-09 21:57:52,OI311C9900,菜籽油2311购9900,53.0,0.0,0.0,0.0,2,52.0,53.5,2,53.0,52.5,0.0,0.0,0.0,0.0,74
2023-05-09 21:58:05,OI311C9900,菜籽油2311购9900,53.0,0.0,0.0,0.0,2,52.0,219.5,1,53.0,52.5,0.0,0.0,0.0,0.0,74
2023-05-09 21:58:06,OI311C9900,菜籽油2311购9900,53.0,0.0,0.0,0.0,2,52.0,54.5,2,53.0,52.5,0.0,0.0,0.0,0.0,74
2023-05-09 21:58:07,OI311C9900,菜籽油2311购9900,53.0,0.0,0.0,0.0,2,52.5,54.5,2,53.0,52.5,0.0,0.0,0.0,0.0,74
2023-05-09 21:59:43,OI311C9900,菜籽油2311购9900,53.0,0.0,0.0,0.0,2,53.0,54.5,2,53.0,52.5,0.0,0.0,0.0,0.0,74
2023-05-09 22:00:02,OI311C9900,菜籽油2311购9900,53.0,0.0,0.0,0.0,2,53.0,55.5,2,53.0,52.5,0.0,0.0,0.0,0.0,74
2023-05-09 22:00:05,OI311C9900,菜籽油2311购9900,53.0,0.0,0.0,0.0,2,53.5,55.5,2,53.0,52.5,0.0,0.0,0.0,0.0,74
2023-05-09 22:01:00,OI311C9900,菜籽油2311购9900,53.0,0.0,0.0,0.0,2,53.5,55.0,2,53.0,52.5,0.0,0.0,0.0,0.0,74
2023-05-09 22:01:04,OI311C9900,菜籽油2311购9900,53.0,0.0,0.0,0.0,2,53.0,55.0,2,53.0,52.5,0.0,0.0,0.0,0.0,74
2023-05-09 22:01:13,OI311C9900,菜籽油2311购9900,53.0,0.0,0.0,0.0,2,53.0,54.5,2,53.0,52.5,0.0,0.0,0.0,0.0,74
2023-05-09 22:01:15,OI311C9900,菜籽油2311购9900,53.0,0.0,0.0,0.0,1,47.0,54.5,2,53.0,52.5,0.0,0.0,0.0,0.0,74
2023-05-09 22:01:15,OI311C9900,菜籽油2311购9900,53.0,0.0,0.0,0.0,2,52.5,54.5,2,53.0,52.5,0.0,0.0,0.0,0.0,74
2023-05-09 22:01:39,OI311C9900,菜籽油2311购9900,53.0,0.0,0.0,0.0,2,53.0,54.5,2,53.0,52.5,0.0,0.0,0.0,0.0,74
2023-05-09 22:03:28,OI311C9900,菜籽油2311购9900,53.0,0.0,0.0,0.0,2,52.5,54.5,2,53.0,52.5,0.0,0.0,0.0,0.0,74
2023-05-09 22:04:21,OI311C9900,菜籽油2311购9900,53.0,0.0,0.0,0.0,2,52.5,54.0,2,53.0,52.5,0.0,0.0,0.0,0.0,74
2023-05-09 22:06:07,OI311C9900,菜籽油2311购9900,53.0,0.0,0.0,0.0,2,52.0,54.0,2,53.0,52.5,0.0,0.0,0.0,0.0,74
2023-05-09 22:06:56,OI311C9900,菜籽油2311购9900,53.0,0.0,0.0,0.0,2,52.5,54.0,2,53.0,52.5,0.0,0.0,0.0,0.0,74
2023-05-09 22:08:03,OI311C9900,菜籽油2311购9900,53.0,0.0,0.0,0.0,2,52.0,54.0,2,53.0,52.5,0.0,0.0,0.0,0.0,74
2023-05-09 22:09:28,OI311C9900,菜籽油2311购9900,53.0,0.0,0.0,0.0,2,52.5,54.0,2,53.0,52.5,0.0,0.0,0.0,0.0,74
2023-05-09 22:10:13,OI311C9900,菜籽油2311购9900,53.0,0.0,0.0,0.0,2,52.0,54.0,2,53.0,52.5,0.0,0.0,0.0,0.0,74
2023-05-09 22:11:33,OI311C9900,菜籽油2311购9900,53.0,0.0,0.0,0.0,2,52.0,53.5,2,53.0,52.5,0.0,0.0,0.0,0.0,74
2023-05-09 22:12:01,OI311C9900,菜籽油2311购9900,53.0,0.0,0.0,0.0,2,51.5,53.5,2,53.0,52.5,0.0,0.0,0.0,0.0,74
2023-05-09 22:13:50,OI311C9900,菜籽油2311购9900,53.0,0.0,0.0,0.0,2,51.5,53.0,2,53.0,52.5,0.0,0.0,0.0,0.0,74
2023-05-09 22:14:53,OI311C9900,菜籽油2311购9900,53.0,0.0,0.0,0.0,1,47.0,53.0,2,53.0,52.5,0.0,0.0,0.0,0.0,74
2023-05-09 22:14:54,OI311C9900,菜籽油2311购9900,53.0,0.0,0.0,0.0,2,51.0,53.0,2,53.0,52.5,0.0,0.0,0.0,0.0,74
2023-05-09 22:16:09,OI311C9900,菜籽油2311购9900,53.0,0.0,0.0,0.0,2,51.5,53.0,2,53.0,52.5,0.0,0.0,0.0,0.0,74
2023-05-09 22:17:19,OI311C9900,菜籽油2311购9900,53.0,0.0,0.0,0.0,2,51.5,53.5,2,53.0,52.5,0.0,0.0,0.0,0.0,74
2023-05-09 22:19:28,OI311C9900,菜籽油2311购9900,53.0,0.0,0.0,0.0,2,51.5,53.0,2,53.0,52.5,0.0,0.0,0.0,0.0,74
2023-05-09 22:22:11,OI311C9900,菜籽油2311购9900,53.0,0.0,0.0,0.0,2,51.0,53.0,2,53.0,52.5,0.0,0.0,0.0,0.0,74
2023-05-09 22:22:28,OI311C9900,菜籽油2311购9900,53.0,0.0,0.0,0.0,1,47.0,53.0,2,53.0,52.5,0.0,0.0,0.0,0.0,74
2023-05-09 22:22:31,OI311C9900,菜籽油2311购9900,53.0,0.0,0.0,0.0,1,47.0,52.5,2,53.0,52.5,0.0,0.0,0.0,0.0,74
2023-05-09 22:22:33,OI311C9900,菜籽油2311购9900,53.0,0.0,0.0,0.0,2,50.5,52.5,2,53.0,52.5,0.0,0.0,0.0,0.0,74
2023-05-09 22:22:45,OI311C9900,菜籽油2311购9900,53.0,0.0,0.0,0.0,2,51.0,52.5,2,53.0,52.5,0.0,0.0,0.0,0.0,74
2023-05-09 22:22:55,OI311C9900,菜籽油2311购9900,53.0,0.0,0.0,0.0,2,50.5,52.5,2,53.0,52.5,0.0,0.0,0.0,0.0,74
2023-05-09 22:23:12,OI311C9900,菜籽油2311购9900,53.0,0.0,0.0,0.0,2,51.0,52.5,2,53.0,52.5,0.0,0.0,0.0,0.0,74
2023-05-09 22:24:03,OI311C9900,菜籽油2311购9900,53.0,0.0,0.0,0.0,2,51.0,53.0,2,53.0,52.5,0.0,0.0,0.0,0.0,74
2023-05-09 22:25:31,OI311C9900,菜籽油2311购9900,53.0,0.0,0.0,0.0,2,51.5,53.0,2,53.0,52.5,0.0,0.0,0.0,0.0,74
2023-05-09 22:26:06,OI311C9900,菜籽油2311购9900,53.0,0.0,0.0,0.0,2,52.0,54.0,2,53.0,52.5,0.0,0.0,0.0,0.0,74
2023-05-09 22:26:08,OI311C9900,菜籽油2311购9900,53.0,0.0,0.0,0.0,2,52.0,53.5,2,53.0,52.5,0.0,0.0,0.0,0.0,74
2023-05-09 22:26:11,OI311C9900,菜籽油2311购9900,53.0,0.0,0.0,0.0,2,51.5,53.5,2,53.0,52.5,0.0,0.0,0.0,0.0,74
2023-05-09 22:27:03,OI311C9900,菜籽油2311购9900,53.0,0.0,0.0,0.0,2,51.5,53.0,2,53.0,52.5,0.0,0.0,0.0,0.0,74
2023-05-09 22:28:03,OI311C9900,菜籽油2311购9900,53.0,0.0,0.0,0.0,2,50.5,53.0,2,53.0,52.5,0.0,0.0,0.0,0.0,74
2023-05-09 22:28:05,OI311C9900,菜籽油2311购9900,53.0,0.0,0.0,0.0,2,51.0,53.0,2,53.0,52.5,0.0,0.0,0.0,0.0,74
2023-05-09 22:28:41,OI311C9900,菜籽油2311购9900,53.0,0.0,0.0,0.0,2,51.0,52.5,2,53.0,52.5,0.0,0.0,0.0,0.0,74
2023-05-09 22:28:43,OI311C9900,菜籽油2311购9900,53.0,0.0,0.0,0.0,2,50.5,52.5,2,53.0,52.5,0.0,0.0,0.0,0.0,74
2023-05-09 22:30:32,OI311C9900,菜籽油2311购9900,53.0,0.0,0.0,0.0,2,50.5,52.0,2,53.0,52.5,0.0,0.0,0.0,0.0,74
2023-05-09 22:34:00,OI311C9900,菜籽油2311购9900,53.0,0.0,0.0,0.0,2,50.5,52.5,2,53.0,52.5,0.0,0.0,0.0,0.0,74
2023-05-09 22:34:02,OI311C9900,菜籽油2311购9900,53.0,0.0,0.0,0.0,2,51.0,52.5,2,53.0,52.5,0.0,0.0,0.0,0.0,74
2023-05-09 22:35:34,OI311C9900,菜籽油2311购9900,53.0,0.0,0.0,0.0,2,49.5,52.5,2,53.0,52.5,0.0,0.0,0.0,0.0,74
2023-05-09 22:35:36,OI311C9900,菜籽油2311购9900,53.0,0.0,0.0,0.0,2,49.5,52.0,2,53.0,52.5,0.0,0.0,0.0,0.0,74
2023-05-09 22:36:12,OI311C9900,菜籽油2311购9900,53.0,0.0,0.0,0.0,2,50.0,52.0,2,53.0,52.5,0.0,0.0,0.0,0.0,74
2023-05-09 22:36:58,OI311C9900,菜籽油2311购9900,53.0,0.0,0.0,0.0,2,48.5,52.0,2,53.0,52.5,0.0,0.0,0.0,0.0,74
2023-05-09 22:37:02,OI311C9900,菜籽油2311购9900,53.0,0.0,0.0,0.0,2,49.0,51.5,2,53.0,52.5,0.0,0.0,0.0,0.0,74
2023-05-09 22:38:10,OI311C9900,菜籽油2311购9900,53.0,0.0,0.0,0.0,2,49.5,51.5,2,53.0,52.5,0.0,0.0,0.0,0.0,74
2023-05-09 22:38:21,OI311C9900,菜籽油2311购9900,53.0,0.0,0.0,0.0,2,49.5,51.0,2,53.0,52.5,0.0,0.0,0.0,0.0,74
2023-05-09 22:38:28,OI311C9900,菜籽油2311购9900,53.0,0.0,0.0,0.0,2,49.0,51.0,2,53.0,52.5,0.0,0.0,0.0,0.0,74
2023-05-09 22:39:05,OI311C9900,菜籽油2311购9900,53.0,0.0,0.0,0.0,2,49.5,51.0,2,53.0,52.5,0.0,0.0,0.0,0.0,74
2023-05-09 22:42:08,OI311C9900,菜籽油2311购9900,53.0,0.0,0.0,0.0,2,49.5,51.5,2,53.0,52.5,0.0,0.0,0.0,0.0,74
2023-05-09 22:42:17,OI311C9900,菜籽油2311购9900,53.0,0.0,0.0,0.0,2,49.5,51.0,2,53.0,52.5,0.0,0.0,0.0,0.0,74
2023-05-09 22:42:35,OI311C9900,菜籽油2311购9900,53.0,0.0,0.0,0.0,2,49.0,51.0,2,53.0,52.5,0.0,0.0,0.0,0.0,74
2023-05-09 22:44:29,OI311C9900,菜籽油2311购9900,53.0,0.0,0.0,0.0,2,49.5,51.0,2,53.0,52.5,0.0,0.0,0.0,0.0,74
2023-05-09 22:45:19,OI311C9900,菜籽油2311购9900,53.0,0.0,0.0,0.0,2,49.5,51.5,2,53.0,52.5,0.0,0.0,0.0,0.0,74
2023-05-09 22:47:33,OI311C9900,菜籽油2311购9900,53.0,0.0,0.0,0.0,2,49.5,51.0,2,53.0,52.5,0.0,0.0,0.0,0.0,74
2023-05-09 22:50:11,OI311C9900,菜籽油2311购9900,53.0,0.0,0.0,0.0,2,49.0,51.0,2,53.0,52.5,0.0,0.0,0.0,0.0,74
2023-05-09 22:50:37,OI311C9900,菜籽油2311购9900,53.0,0.0,0.0,0.0,2,49.5,51.0,2,53.0,52.5,0.0,0.0,0.0,0.0,74
2023-05-09 22:54:45,OI311C9900,菜籽油2311购9900,53.0,0.0,0.0,0.0,2,49.0,51.0,2,53.0,52.5,0.0,0.0,0.0,0.0,74
2023-05-09 22:56:06,OI311C9900,菜籽油2311购9900,53.0,0.0,0.0,0.0,1,47.0,149.0,1,53.0,52.5,0.0,0.0,0.0,0.0,74
2023-05-09 22:56:07,OI311C9900,菜籽油2311购9900,53.0,0.0,0.0,0.0,1,47.0,143.5,1,53.0,52.5,0.0,0.0,0.0,0.0,74
2023-05-09 22:56:07,OI311C9900,菜籽油2311购9900,53.0,0.0,0.0,0.0,1,47.0,74.5,1,53.0,52.5,0.0,0.0,0.0,0.0,74
2023-05-09 22:56:40,OI311C9900,菜籽油2311购9900,53.0,0.0,0.0,0.0,1,2.5,0.0,0,53.0,52.5,0.0,0.0,0.0,0.0,74
2023-05-09 22:56:40,OI311C9900,菜籽油2311购9900,53.0,0.0,0.0,0.0,1,4.0,714.5,1,53.0,52.5,0.0,0.0,0.0,0.0,74
2023-05-09 22:58:00,OI311C9900,菜籽油2311购9900,53.0,0.0,0.0,0.0,1,3.0,714.5,1,53.0,52.5,0.0,0.0,0.0,0.0,74
2023-05-09 22:59:53,OI311C9900,菜籽油2311购9900,53.0,0.0,0.0,0.0,1,3.0,0.0,0,53.0,52.5,0.0,0.0,0.0,0.0,74
2023-05-10 09:00:10,OI311C9900,菜籽油2311购9900,53.0,0.0,0.0,0.0,1,3.0,215.0,1,53.0,52.5,0.0,0.0,0.0,0.0,74
2023-05-10 09:00:13,OI311C9900,菜籽油2311购9900,53.0,0.0,0.0,0.0,1,44.0,215.0,1,53.0,52.5,0.0,0.0,0.0,0.0,74
2023-05-10 09:01:29,OI311C9900,菜籽油2311购9900,53.0,0.0,0.0,0.0,2,51.0,215.0,1,53.0,52.5,0.0,0.0,0.0,0.0,74
2023-05-10 09:01:29,OI311C9900,菜籽油2311购9900,53.0,0.0,0.0,0.0,2,51.0,145.0,2,53.0,52.5,0.0,0.0,0.0,0.0,74
2023-05-10 09:01:31,OI311C9900,菜籽油2311购9900,53.0,0.0,0.0,0.0,2,51.0,54.0,2,53.0,52.5,0.0,0.0,0.0,0.0,74
2023-05-10 09:01:42,OI311C9900,菜籽油2311购9900,53.0,0.0,0.0,0.0,2,51.5,54.0,2,53.0,52.5,0.0,0.0,0.0,0.0,74
2023-05-10 09:01:53,OI311C9900,菜籽油2311购9900,53.0,0.0,0.0,0.0,2,52.0,55.5,2,53.0,52.5,0.0,0.0,0.0,0.0,74
2023-05-10 09:01:55,OI311C9900,菜籽油2311购9900,53.0,0.0,0.0,0.0,2,52.0,55.0,2,53.0,52.5,0.0,0.0,0.0,0.0,74
2023-05-10 09:02:06,OI311C9900,菜籽油2311购9900,53.0,0.0,0.0,0.0,2,52.0,54.5,2,53.0,52.5,0.0,0.0,0.0,0.0,74
2023-05-10 09:02:10,OI311C9900,菜籽油2311购9900,53.0,0.0,0.0,0.0,2,52.0,54.0,2,53.0,52.5,0.0,0.0,0.0,0.0,74
2023-05-10 09:02:28,OI311C9900,菜籽油2311购9900,53.0,0.0,0.0,0.0,2,51.5,54.0,2,53.0,52.5,0.0,0.0,0.0,0.0,74
2023-05-10 09:02:53,OI311C9900,菜籽油2311购9900,53.0,0.0,0.0,0.0,2,52.0,54.0,2,53.0,52.5,0.0,0.0,0.0,0.0,74
2023-05-10 09:03:02,OI311C9900,菜籽油2311购9900,53.0,0.0,0.0,0.0,2,52.0,54.5,2,53.0,52.5,0.0,0.0,0.0,0.0,74
2023-05-10 09:03:04,OI311C9900,菜籽油2311购9900,53.0,0.0,0.0,0.0,2,52.5,54.5,2,53.0,52.5,0.0,0.0,0.0,0.0,74
2023-05-10 09:03:29,OI311C9900,菜籽油2311购9900,53.0,0.0,0.0,0.0,2,52.0,54.5,2,53.0,52.5,0.0,0.0,0.0,0.0,74
2023-05-10 09:03:42,OI311C9900,菜籽油2311购9900,53.0,0.0,0.0,0.0,2,52.0,54.0,2,53.0,52.5,0.0,0.0,0.0,0.0,74
2023-05-10 09:04:08,OI311C9900,菜籽油2311购9900,53.0,0.0,0.0,0.0,2,52.0,54.5,2,53.0,52.5,0.0,0.0,0.0,0.0,74
2023-05-10 09:04:09,OI311C9900,菜籽油2311购9900,53.0,0.0,0.0,0.0,2,52.5,54.5,2,53.0,52.5,0.0,0.0,0.0,0.0,74
2023-05-10 09:04:59,OI311C9900,菜籽油2311购9900,53.0,0.0,0.0,0.0,2,53.0,54.5,2,53.0,52.5,0.0,0.0,0.0,0.0,74
2023-05-10 09:05:01,OI311C9900,菜籽油2311购9900,53.0,0.0,0.0,0.0,2,53.0,56.0,2,53.0,52.5,0.0,0.0,0.0,0.0,74
2023-05-10 09:05:05,OI311C9900,菜籽油2311购9900,53.0,0.0,0.0,0.0,2,53.0,55.5,2,53.0,52.5,0.0,0.0,0.0,0.0,74
2023-05-10 09:05:09,OI311C9900,菜籽油2311购9900,53.0,0.0,0.0,0.0,2,53.0,55.0,2,53.0,52.5,0.0,0.0,0.0,0.0,74
2023-05-10 09:06:24,OI311C9900,菜籽油2311购9900,53.0,0.0,0.0,0.0,2,53.5,55.0,2,53.0,52.5,0.0,0.0,0.0,0.0,74
2023-05-10 09:06:31,OI311C9900,菜籽油2311购9900,53.0,0.0,0.0,0.0,2,53.5,55.5,2,53.0,52.5,0.0,0.0,0.0,0.0,74
2023-05-10 09:06:37,OI311C9900,菜籽油2311购9900,53.0,0.0,0.0,0.0,2,54.0,55.5,2,53.0,52.5,0.0,0.0,0.0,0.0,74
2023-05-10 09:06:42,OI311C9900,菜籽油2311购9900,53.0,0.0,0.0,0.0,2,54.0,217.0,1,53.0,52.5,0.0,0.0,0.0,0.0,74
2023-05-10 09:06:43,OI311C9900,菜籽油2311购9900,53.0,0.0,0.0,0.0,2,54.0,56.5,2,53.0,52.5,0.0,0.0,0.0,0.0,74
2023-05-10 09:06:44,OI311C9900,菜籽油2311购9900,53.0,0.0,0.0,0.0,2,54.0,56.0,2,53.0,52.5,0.0,0.0,0.0,0.0,74
2023-05-10 09:07:02,OI311C9900,菜籽油2311购9900,53.0,0.0,0.0,0.0,2,54.5,56.0,2,53.0,52.5,0.0,0.0,0.0,0.0,74
2023-05-10 09:07:24,OI311C9900,菜籽油2311购9900,53.0,0.0,0.0,0.0,2,54.0,56.0,2,53.0,52.5,0.0,0.0,0.0,0.0,74
2023-05-10 09:07:44,OI311C9900,菜籽油2311购9900,53.0,0.0,0.0,0.0,2,54.5,56.0,2,53.0,52.5,0.0,0.0,0.0,0.0,74
2023-05-10 09:07:47,OI311C9900,菜籽油2311购9900,53.0,0.0,0.0,0.0,2,54.5,56.5,2,53.0,52.5,0.0,0.0,0.0,0.0,74
2023-05-10 09:08:14,OI311C9900,菜籽油2311购9900,53.0,0.0,0.0,0.0,2,55.0,56.5,2,53.0,52.5,0.0,0.0,0.0,0.0,74
2023-05-10 09:08:25,OI311C9900,菜籽油2311购9900,53.0,0.0,0.0,0.0,2,54.5,56.5,2,53.0,52.5,0.0,0.0,0.0,0.0,74
2023-05-10 09:09:01,OI311C9900,菜籽油2311购9900,53.0,0.0,0.0,0.0,2,55.0,56.5,2,53.0,52.5,0.0,0.0,0.0,0.0,74
2023-05-10 09:10:24,OI311C9900,菜籽油2311购9900,53.0,0.0,0.0,0.0,2,54.5,56.5,2,53.0,52.5,0.0,0.0,0.0,0.0,74
2023-05-10 09:11:20,OI311C9900,菜籽油2311购9900,53.0,0.0,0.0,0.0,2,54.5,56.0,2,53.0,52.5,0.0,0.0,0.0,0.0,74
2023-05-10 09:11:20,OI311C9900,菜籽油2311购9900,53.0,0.0,0.0,0.0,2,53.5,56.0,2,53.0,52.5,0.0,0.0,0.0,0.0,74
2023-05-10 09:11:22,OI311C9900,菜籽油2311购9900,53.0,0.0,0.0,0.0,2,54.0,56.0,2,53.0,52.5,0.0,0.0,0.0,0.0,74
2023-05-10 09:11:37,OI311C9900,菜籽油2311购9900,53.0,0.0,0.0,0.0,2,54.5,56.0,2,53.0,52.5,0.0,0.0,0.0,0.0,74
2023-05-10 09:11:43,OI311C9900,菜籽油2311购9900,53.0,0.0,0.0,0.0,2,54.5,56.5,2,53.0,52.5,0.0,0.0,0.0,0.0,74
2023-05-10 09:12:04,OI311C9900,菜籽油2311购9900,53.0,0.0,0.0,0.0,2,55.0,56.5,2,53.0,52.5,0.0,0.0,0.0,0.0,74
2023-05-10 09:12:19,OI311C9900,菜籽油2311购9900,53.0,0.0,0.0,0.0,2,54.5,56.5,2,53.0,52.5,0.0,0.0,0.0,0.0,74
2023-05-10 09:12:36,OI311C9900,菜籽油2311购9900,53.0,0.0,0.0,0.0,2,54.5,56.0,2,53.0,52.5,0.0,0.0,0.0,0.0,74
2023-05-10 09:12:48,OI311C9900,菜籽油2311购9900,53.0,0.0,0.0,0.0,2,53.5,56.0,2,53.0,52.5,0.0,0.0,0.0,0.0,74
2023-05-10 09:12:48,OI311C9900,菜籽油2311购9900,53.0,0.0,0.0,0.0,2,54.0,56.0,2,53.0,52.5,0.0,0.0,0.0,0.0,74
2023-05-10 09:13:06,OI311C9900,菜籽油2311购9900,53.0,0.0,0.0,0.0,2,54.5,56.0,2,53.0,52.5,0.0,0.0,0.0,0.0,74
2023-05-10 09:14:44,OI311C9900,菜籽油2311购9900,53.0,0.0,0.0,0.0,2,54.5,56.5,2,53.0,52.5,0.0,0.0,0.0,0.0,74
2023-05-10 09:14:47,OI311C9900,菜籽油2311购9900,53.0,0.0,0.0,0.0,2,55.0,56.5,2,53.0,52.5,0.0,0.0,0.0,0.0,74
2023-05-10 09:15:06,OI311C9900,菜籽油2311购9900,53.0,0.0,0.0,0.0,2,55.0,57.5,2,53.0,52.5,0.0,0.0,0.0,0.0,74
2023-05-10 09:15:10,OI311C9900,菜籽油2311购9900,53.0,0.0,0.0,0.0,2,55.0,57.0,2,53.0,52.5,0.0,0.0,0.0,0.0,74
2023-05-10 09:15:17,OI311C9900,菜籽油2311购9900,53.0,0.0,0.0,0.0,2,54.5,57.0,2,53.0,52.5,0.0,0.0,0.0,0.0,74
2023-05-10 09:15:17,OI311C9900,菜籽油2311购9900,53.0,0.0,0.0,0.0,2,54.5,56.5,2,53.0,52.5,0.0,0.0,0.0,0.0,74
2023-05-10 09:15:54,OI311C9900,菜籽油2311购9900,53.0,0.0,0.0,0.0,2,54.5,56.0,2,53.0,52.5,0.0,0.0,0.0,0.0,74
2023-05-10 09:15:55,OI311C9900,菜籽油2311购9900,53.0,0.0,0.0,0.0,2,54.0,56.0,2,53.0,52.5,0.0,0.0,0.0,0.0,74
2023-05-10 09:16:07,OI311C9900,菜籽油2311购9900,53.0,0.0,0.0,0.0,2,54.5,56.0,2,53.0,52.5,0.0,0.0,0.0,0.0,74
2023-05-10 09:17:01,OI311C9900,菜籽油2311购9900,53.0,0.0,0.0,0.0,2,54.5,56.5,2,53.0,52.5,0.0,0.0,0.0,0.0,74
2023-05-10 09:18:09,OI311C9900,菜籽油2311购9900,53.0,0.0,0.0,0.0,2,55.0,56.5,2,53.0,52.5,0.0,0.0,0.0,0.0,74
2023-05-10 09:18:34,OI311C9900,菜籽油2311购9900,53.0,0.0,0.0,0.0,2,55.0,57.5,2,53.0,52.5,0.0,0.0,0.0,0.0,74
2023-05-10 09:18:40,OI311C9900,菜籽油2311购9900,53.0,0.0,0.0,0.0,2,55.5,57.5,2,53.0,52.5,0.0,0.0,0.0,0.0,74
2023-05-10 09:18:58,OI311C9900,菜籽油2311购9900,53.0,0.0,0.0,0.0,2,56.0,57.5,2,53.0,52.5,0.0,0.0,0.0,0.0,74
2023-05-10 09:19:04,OI311C9900,菜籽油2311购9900,53.0,0.0,0.0,0.0,2,56.0,217.0,1,53.0,52.5,0.0,0.0,0.0,0.0,74
2023-05-10 09:19:05,OI311C9900,菜籽油2311购9900,53.0,0.0,0.0,0.0,2,56.0,215.5,1,53.0,52.5,0.0,0.0,0.0,0.0,74
2023-05-10 09:19:05,OI311C9900,菜籽油2311购9900,53.0,0.0,0.0,0.0,2,56.0,58.5,2,53.0,52.5,0.0,0.0,0.0,0.0,74
2023-05-10 09:19:07,OI311C9900,菜籽油2311购9900,53.0,0.0,0.0,0.0,2,56.5,58.5,2,53.0,52.5,0.0,0.0,0.0,0.0,74
2023-05-10 09:19:15,OI311C9900,菜籽油2311购9900,53.0,0.0,0.0,0.0,2,56.0,58.0,2,53.0,52.5,0.0,0.0,0.0,0.0,74
2023-05-10 09:19:24,OI311C9900,菜籽油2311购9900,53.0,0.0,0.0,0.0,2,56.5,58.0,2,53.0,52.5,0.0,0.0,0.0,0.0,74
2023-05-10 09:19:34,OI311C9900,菜籽油2311购9900,53.0,0.0,0.0,0.0,2,56.0,58.0,2,53.0,52.5,0.0,0.0,0.0,0.0,74
2023-05-10 09:19:44,OI311C9900,菜籽油2311购9900,53.0,0.0,0.0,0.0,2,56.0,57.5,2,53.0,52.5,0.0,0.0,0.0,0.0,74
2023-05-10 09:19:48,OI311C9900,菜籽油2311购9900,53.0,0.0,0.0,0.0,2,55.5,57.5,2,53.0,52.5,0.0,0.0,0.0,0.0,74
2023-05-10 09:20:31,OI311C9900,菜籽油2311购9900,53.0,0.0,0.0,0.0,2,55.0,57.0,2,53.0,52.5,0.0,0.0,0.0,0.0,74
2023-05-10 09:23:07,OI311C9900,菜籽油2311购9900,53.0,0.0,0.0,0.0,2,55.5,57.0,2,53.0,52.5,0.0,0.0,0.0,0.0,74
2023-05-10 09:24:05,OI311C9900,菜籽油2311购9900,53.0,0.0,0.0,0.0,2,55.0,57.0,2,53.0,52.5,0.0,0.0,0.0,0.0,74
2023-05-10 09:25:21,OI311C9900,菜籽油2311购9900,53.0,0.0,0.0,0.0,2,55.5,57.0,2,53.0,52.5,0.0,0.0,0.0,0.0,74
2023-05-10 09:26:02,OI311C9900,菜籽油2311购9900,53.0,0.0,0.0,0.0,2,55.0,57.0,2,53.0,52.5,0.0,0.0,0.0,0.0,74
2023-05-10 09:26:09,OI311C9900,菜籽油2311购9900,53.0,0.0,0.0,0.0,2,55.5,57.0,2,53.0,52.5,0.0,0.0,0.0,0.0,74
2023-05-10 09:26:10,OI311C9900,菜籽油2311购9900,53.0,0.0,0.0,0.0,2,55.5,57.5,2,53.0,52.5,0.0,0.0,0.0,0.0,74
2023-05-10 09:26:20,OI311C9900,菜籽油2311购9900,53.0,0.0,0.0,0.0,2,56.0,57.5,2,53.0,52.5,0.0,0.0,0.0,0.0,74
2023-05-10 09:27:09,OI311C9900,菜籽油2311购9900,53.0,0.0,0.0,0.0,2,55.5,57.5,2,53.0,52.5,0.0,0.0,0.0,0.0,74
2023-05-10 09:27:31,OI311C9900,菜籽油2311购9900,53.0,0.0,0.0,0.0,2,55.5,57.0,2,53.0,52.5,0.0,0.0,0.0,0.0,74
2023-05-10 09:28:38,OI311C9900,菜籽油2311购9900,53.0,0.0,0.0,0.0,2,54.5,57.0,2,53.0,52.5,0.0,0.0,0.0,0.0,74
2023-05-10 09:28:39,OI311C9900,菜籽油2311购9900,53.0,0.0,0.0,0.0,2,55.0,57.0,2,53.0,52.5,0.0,0.0,0.0,0.0,74
2023-05-10 09:29:22,OI311C9900,菜籽油2311购9900,53.0,0.0,0.0,0.0,2,55.5,57.0,2,53.0,52.5,0.0,0.0,0.0,0.0,74
2023-05-10 09:29:44,OI311C9900,菜籽油2311购9900,53.0,0.0,0.0,0.0,2,55.0,57.0,2,53.0,52.5,0.0,0.0,0.0,0.0,74
2023-05-10 09:31:29,OI311C9900,菜籽油2311购9900,53.0,0.0,0.0,0.0,2,55.5,57.0,2,53.0,52.5,0.0,0.0,0.0,0.0,74
2023-05-10 09:31:49,OI311C9900,菜籽油2311购9900,53.0,0.0,0.0,0.0,2,55.5,57.5,2,53.0,52.5,0.0,0.0,0.0,0.0,74
2023-05-10 09:33:46,OI311C9900,菜籽油2311购9900,53.0,0.0,0.0,0.0,2,56.0,57.5,2,53.0,52.5,0.0,0.0,0.0,0.0,74
2023-05-10 09:34:02,OI311C9900,菜籽油2311购9900,53.0,0.0,0.0,0.0,2,55.5,57.5,2,53.0,52.5,0.0,0.0,0.0,0.0,74
2023-05-10 09:36:43,OI311C9900,菜籽油2311购9900,53.0,0.0,0.0,0.0,2,56.0,57.5,2,53.0,52.5,0.0,0.0,0.0,0.0,74
2023-05-10 09:37:21,OI311C9900,菜籽油2311购9900,53.0,0.0,0.0,0.0,2,55.5,57.5,2,53.0,52.5,0.0,0.0,0.0,0.0,74
2023-05-10 09:39:16,OI311C9900,菜籽油2311购9900,53.0,0.0,0.0,0.0,2,56.0,57.5,2,53.0,52.5,0.0,0.0,0.0,0.0,74
2023-05-10 09:40:18,OI311C9900,菜籽油2311购9900,53.0,0.0,0.0,0.0,2,55.5,57.5,2,53.0,52.5,0.0,0.0,0.0,0.0,74
2023-05-10 09:41:59,OI311C9900,菜籽油2311购9900,53.0,0.0,0.0,0.0,2,54.5,57.0,2,53.0,52.5,0.0,0.0,0.0,0.0,74
2023-05-10 09:42:00,OI311C9900,菜籽油2311购9900,53.0,0.0,0.0,0.0,2,55.0,57.0,2,53.0,52.5,0.0,0.0,0.0,0.0,74
2023-05-10 09:43:16,OI311C9900,菜籽油2311购9900,53.0,0.0,0.0,0.0,2,54.5,57.0,2,53.0,52.5,0.0,0.0,0.0,0.0,74
2023-05-10 09:43:17,OI311C9900,菜籽油2311购9900,53.0,0.0,0.0,0.0,2,54.5,56.5,2,53.0,52.5,0.0,0.0,0.0,0.0,74
2023-05-10 09:43:54,OI311C9900,菜籽油2311购9900,53.0,0.0,0.0,0.0,2,53.5,56.0,2,53.0,52.5,0.0,0.0,0.0,0.0,74
2023-05-10 09:43:57,OI311C9900,菜籽油2311购9900,53.0,0.0,0.0,0.0,2,54.0,56.0,2,53.0,52.5,0.0,0.0,0.0,0.0,74
2023-05-10 09:44:22,OI311C9900,菜籽油2311购9900,53.0,0.0,0.0,0.0,2,54.5,56.0,2,53.0,52.5,0.0,0.0,0.0,0.0,74
2023-05-10 09:45:07,OI311C9900,菜籽油2311购9900,53.0,0.0,0.0,0.0,2,54.0,56.0,2,53.0,52.5,0.0,0.0,0.0,0.0,74
2023-05-10 09:45:21,OI311C9900,菜籽油2311购9900,53.0,0.0,0.0,0.0,2,54.5,56.0,2,53.0,52.5,0.0,0.0,0.0,0.0,74
2023-05-10 09:47:08,OI311C9900,菜籽油2311购9900,53.0,0.0,0.0,0.0,2,54.5,56.5,2,53.0,52.5,0.0,0.0,0.0,0.0,74
2023-05-10 09:47:12,OI311C9900,菜籽油2311购9900,53.0,0.0,0.0,0.0,2,55.0,56.5,2,53.0,52.5,0.0,0.0,0.0,0.0,74
2023-05-10 09:48:08,OI311C9900,菜籽油2311购9900,53.0,0.0,0.0,0.0,2,55.0,147.0,1,53.0,52.5,0.0,0.0,0.0,0.0,74
2023-05-10 09:48:09,OI311C9900,菜籽油2311购9900,53.0,0.0,0.0,0.0,2,55.0,57.5,2,53.0,52.5,0.0,0.0,0.0,0.0,74
2023-05-10 09:48:17,OI311C9900,菜籽油2311购9900,53.0,0.0,0.0,0.0,2,55.0,57.0,2,53.0,52.5,0.0,0.0,0.0,0.0,74
2023-05-10 09:48:33,OI311C9900,菜籽油2311购9900,53.0,0.0,0.0,0.0,2,55.5,57.0,2,53.0,52.5,0.0,0.0,0.0,0.0,74
2023-05-10 09:53:02,OI311C9900,菜籽油2311购9900,53.0,0.0,0.0,0.0,2,55.0,57.0,2,53.0,52.5,0.0,0.0,0.0,0.0,74
2023-05-10 09:55:10,OI311C9900,菜籽油2311购9900,53.0,0.0,0.0,0.0,1,44.0,57.0,2,53.0,52.5,0.0,0.0,0.0,0.0,74
2023-05-10 09:55:10,OI311C9900,菜籽油2311购9900,53.0,0.0,0.0,0.0,2,54.0,57.0,2,53.0,52.5,0.0,0.0,0.0,0.0,74
2023-05-10 09:55:12,OI311C9900,菜籽油2311购9900,53.0,0.0,0.0,0.0,2,54.0,56.5,2,53.0,52.5,0.0,0.0,0.0,0.0,74
2023-05-10 09:55:14,OI311C9900,菜籽油2311购9900,53.0,0.0,0.0,0.0,2,54.5,56.5,2,53.0,52.5,0.0,0.0,0.0,0.0,74
2023-05-10 09:58:04,OI311C9900,菜籽油2311购9900,53.0,0.0,0.0,0.0,2,54.0,56.0,2,53.0,52.5,0.0,0.0,0.0,0.0,74
2023-05-10 09:58:27,OI311C9900,菜籽油2311购9900,53.0,0.0,0.0,0.0,2,54.5,56.0,2,53.0,52.5,0.0,0.0,0.0,0.0,74
2023-05-10 09:58:49,OI311C9900,菜籽油2311购9900,53.0,0.0,0.0,0.0,2,54.5,56.5,2,53.0,52.5,0.0,0.0,0.0,0.0,74
2023-05-10 09:58:59,OI311C9900,菜籽油2311购9900,53.0,0.0,0.0,0.0,2,55.0,56.5,2,53.0,52.5,0.0,0.0,0.0,0.0,74
2023-05-10 10:00:05,OI311C9900,菜籽油2311购9900,53.0,0.0,0.0,0.0,2,55.0,57.5,2,53.0,52.5,0.0,0.0,0.0,0.0,74
2023-05-10 10:00:41,OI311C9900,菜籽油2311购9900,53.0,0.0,0.0,0.0,2,55.5,57.5,2,53.0,52.5,0.0,0.0,0.0,0.0,74
2023-05-10 10:01:51,OI311C9900,菜籽油2311购9900,53.0,0.0,0.0,0.0,2,55.5,57.0,2,53.0,52.5,0.0,0.0,0.0,0.0,74
2023-05-10 10:01:53,OI311C9900,菜籽油2311购9900,53.0,0.0,0.0,0.0,2,55.0,57.0,2,53.0,52.5,0.0,0.0,0.0,0.0,74
2023-05-10 10:02:43,OI311C9900,菜籽油2311购9900,53.0,0.0,0.0,0.0,2,55.5,57.0,2,53.0,52.5,0.0,0.0,0.0,0.0,74
2023-05-10 10:03:32,OI311C9900,菜籽油2311购9900,53.0,0.0,0.0,0.0,2,55.5,57.5,2,53.0,52.5,0.0,0.0,0.0,0.0,74
2023-05-10 10:05:25,OI311C9900,菜籽油2311购9900,53.0,0.0,0.0,0.0,2,55.5,57.0,2,53.0,52.5,0.0,0.0,0.0,0.0,74
2023-05-10 10:05:28,OI311C9900,菜籽油2311购9900,53.0,0.0,0.0,0.0,2,55.0,57.0,2,53.0,52.5,0.0,0.0,0.0,0.0,74
2023-05-10 10:07:22,OI311C9900,菜籽油2311购9900,53.0,0.0,0.0,0.0,2,54.0,56.5,2,53.0,52.5,0.0,0.0,0.0,0.0,74
2023-05-10 10:07:23,OI311C9900,菜籽油2311购9900,53.0,0.0,0.0,0.0,2,54.5,56.5,2,53.0,52.5,0.0,0.0,0.0,0.0,74
2023-05-10 10:09:13,OI311C9900,菜籽油2311购9900,53.0,0.0,0.0,0.0,2,55.0,56.5,2,53.0,52.5,0.0,0.0,0.0,0.0,74
2023-05-10 10:10:15,OI311C9900,菜籽油2311购9900,53.0,0.0,0.0,0.0,2,55.0,57.0,2,53.0,52.5,0.0,0.0,0.0,0.0,74
2023-05-10 10:12:10,OI311C9900,菜籽油2311购9900,53.0,0.0,0.0,0.0,2,54.5,56.5,2,53.0,52.5,0.0,0.0,0.0,0.0,74
2023-05-10 10:14:02,OI311C9900,菜籽油2311购9900,53.0,0.0,0.0,0.0,2,55.0,56.5,2,53.0,52.5,0.0,0.0,0.0,0.0,74
2023-05-10 10:30:14,OI311C9900,菜籽油2311购9900,53.0,0.0,0.0,0.0,2,54.5,56.5,2,53.0,52.5,0.0,0.0,0.0,0.0,74
2023-05-10 10:30:30,OI311C9900,菜籽油2311购9900,53.0,0.0,0.0,0.0,2,53.5,56.0,2,53.0,52.5,0.0,0.0,0.0,0.0,74
2023-05-10 10:30:32,OI311C9900,菜籽油2311购9900,53.0,0.0,0.0,0.0,2,54.0,56.0,2,53.0,52.5,0.0,0.0,0.0,0.0,74
2023-05-10 10:31:03,OI311C9900,菜籽油2311购9900,53.0,0.0,0.0,0.0,2,54.5,56.0,2,53.0,52.5,0.0,0.0,0.0,0.0,74
2023-05-10 10:31:07,OI311C9900,菜籽油2311购9900,53.0,0.0,0.0,0.0,2,54.5,56.5,2,53.0,52.5,0.0,0.0,0.0,0.0,74
2023-05-10 10:31:15,OI311C9900,菜籽油2311购9900,53.0,0.0,0.0,0.0,2,55.0,56.5,2,53.0,52.5,0.0,0.0,0.0,0.0,74
2023-05-10 10:31:24,OI311C9900,菜籽油2311购9900,53.0,0.0,0.0,0.0,2,54.5,56.5,2,53.0,52.5,0.0,0.0,0.0,0.0,74
2023-05-10 10:32:08,OI311C9900,菜籽油2311购9900,53.0,0.0,0.0,0.0,2,55.0,56.5,2,53.0,52.5,0.0,0.0,0.0,0.0,74
2023-05-10 10:32:14,OI311C9900,菜籽油2311购9900,53.0,0.0,0.0,0.0,2,54.5,56.5,2,53.0,52.5,0.0,0.0,0.0,0.0,74
2023-05-10 10:32:33,OI311C9900,菜籽油2311购9900,53.0,0.0,0.0,0.0,2,55.0,56.5,2,53.0,52.5,0.0,0.0,0.0,0.0,74
2023-05-10 10:34:02,OI311C9900,菜籽油2311购9900,53.0,0.0,0.0,0.0,2,54.5,56.5,2,53.0,52.5,0.0,0.0,0.0,0.0,74
2023-05-10 10:35:05,OI311C9900,菜籽油2311购9900,53.0,0.0,0.0,0.0,2,53.5,56.5,2,53.0,52.5,0.0,0.0,0.0,0.0,74
2023-05-10 10:35:06,OI311C9900,菜籽油2311购9900,53.0,0.0,0.0,0.0,2,54.0,56.5,2,53.0,52.5,0.0,0.0,0.0,0.0,74
2023-05-10 10:35:06,OI311C9900,菜籽油2311购9900,53.0,0.0,0.0,0.0,2,54.0,56.0,2,53.0,52.5,0.0,0.0,0.0,0.0,74
2023-05-10 10:35:17,OI311C9900,菜籽油2311购9900,53.0,0.0,0.0,0.0,2,53.5,56.0,2,53.0,52.5,0.0,0.0,0.0,0.0,74
2023-05-10 10:35:21,OI311C9900,菜籽油2311购9900,53.0,0.0,0.0,0.0,2,54.0,56.0,2,53.0,52.5,0.0,0.0,0.0,0.0,74
2023-05-10 10:35:48,OI311C9900,菜籽油2311购9900,53.0,0.0,0.0,0.0,2,54.0,55.5,2,53.0,52.5,0.0,0.0,0.0,0.0,74
2023-05-10 10:35:48,OI311C9900,菜籽油2311购9900,53.0,0.0,0.0,0.0,2,53.5,55.5,2,53.0,52.5,0.0,0.0,0.0,0.0,74
2023-05-10 10:38:03,OI311C9900,菜籽油2311购9900,53.0,0.0,0.0,0.0,1,44.0,55.5,2,53.0,52.5,0.0,0.0,0.0,0.0,74
2023-05-10 10:38:04,OI311C9900,菜籽油2311购9900,53.0,0.0,0.0,0.0,2,44.5,55.5,2,53.0,52.5,0.0,0.0,0.0,0.0,74
2023-05-10 10:38:04,OI311C9900,菜籽油2311购9900,53.0,0.0,0.0,0.0,1,48.5,55.5,2,53.0,52.5,0.0,0.0,0.0,0.0,74
2023-05-10 10:38:05,OI311C9900,菜籽油2311购9900,53.0,0.0,0.0,0.0,2,53.0,55.5,2,53.0,52.5,0.0,0.0,0.0,0.0,74
2023-05-10 10:38:16,OI311C9900,菜籽油2311购9900,53.0,0.0,0.0,0.0,2,53.5,55.5,2,53.0,52.5,0.0,0.0,0.0,0.0,74
2023-05-10 10:38:31,OI311C9900,菜籽油2311购9900,53.0,0.0,0.0,0.0,2,53.5,55.0,2,53.0,52.5,0.0,0.0,0.0,0.0,74
2023-05-10 10:38:33,OI311C9900,菜籽油2311购9900,53.0,0.0,0.0,0.0,2,53.0,55.0,2,53.0,52.5,0.0,0.0,0.0,0.0,74
2023-05-10 10:39:24,OI311C9900,菜籽油2311购9900,53.0,0.0,0.0,0.0,2,53.0,54.5,2,53.0,52.5,0.0,0.0,0.0,0.0,74
2023-05-10 10:39:26,OI311C9900,菜籽油2311购9900,53.0,0.0,0.0,0.0,2,52.0,54.5,2,53.0,52.5,0.0,0.0,0.0,0.0,74
2023-05-10 10:39:27,OI311C9900,菜籽油2311购9900,53.0,0.0,0.0,0.0,2,52.5,54.5,2,53.0,52.5,0.0,0.0,0.0,0.0,74
2023-05-10 10:41:05,OI311C9900,菜籽油2311购9900,53.0,0.0,0.0,0.0,2,53.0,54.5,2,53.0,52.5,0.0,0.0,0.0,0.0,74
2023-05-10 10:41:46,OI311C9900,菜籽油2311购9900,53.0,0.0,0.0,0.0,2,52.5,54.5,2,53.0,52.5,0.0,0.0,0.0,0.0,74
2023-05-10 10:42:21,OI311C9900,菜籽油2311购9900,53.0,0.0,0.0,0.0,2,53.0,54.5,2,53.0,52.5,0.0,0.0,0.0,0.0,74
2023-05-10 10:45:20,OI311C9900,菜籽油2311购9900,53.0,0.0,0.0,0.0,2,53.0,55.0,2,53.0,52.5,0.0,0.0,0.0,0.0,74
2023-05-10 10:45:33,OI311C9900,菜籽油2311购9900,53.0,0.0,0.0,0.0,2,53.5,55.0,2,53.0,52.5,0.0,0.0,0.0,0.0,74
2023-05-10 10:45:56,OI311C9900,菜籽油2311购9900,53.0,0.0,0.0,0.0,2,53.0,55.0,2,53.0,52.5,0.0,0.0,0.0,0.0,74
2023-05-10 10:47:35,OI311C9900,菜籽油2311购9900,53.0,0.0,0.0,0.0,2,53.0,54.5,2,53.0,52.5,0.0,0.0,0.0,0.0,74
2023-05-10 10:47:36,OI311C9900,菜籽油2311购9900,53.0,0.0,0.0,0.0,2,52.0,54.5,2,53.0,52.5,0.0,0.0,0.0,0.0,74
2023-05-10 10:47:36,OI311C9900,菜籽油2311购9900,53.0,0.0,0.0,0.0,2,52.5,54.5,2,53.0,52.5,0.0,0.0,0.0,0.0,74
2023-05-10 10:48:11,OI311C9900,菜籽油2311购9900,53.0,0.0,0.0,0.0,2,52.0,54.0,2,53.0,52.5,0.0,0.0,0.0,0.0,74
2023-05-10 10:49:16,OI311C9900,菜籽油2311购9900,53.0,0.0,0.0,0.0,2,52.5,54.0,2,53.0,52.5,0.0,0.0,0.0,0.0,74
2023-05-10 10:49:40,OI311C9900,菜籽油2311购9900,53.0,0.0,0.0,0.0,2,52.0,54.0,2,53.0,52.5,0.0,0.0,0.0,0.0,74
2023-05-10 10:50:16,OI311C9900,菜籽油2311购9900,53.0,0.0,0.0,0.0,2,52.5,54.0,2,53.0,52.5,0.0,0.0,0.0,0.0,74
2023-05-10 10:51:55,OI311C9900,菜籽油2311购9900,53.0,0.0,0.0,0.0,2,52.0,54.0,2,53.0,52.5,0.0,0.0,0.0,0.0,74
2023-05-10 10:53:07,OI311C9900,菜籽油2311购9900,53.0,0.0,0.0,0.0,2,52.0,53.5,2,53.0,52.5,0.0,0.0,0.0,0.0,74
2023-05-10 10:53:07,OI311C9900,菜籽油2311购9900,53.0,0.0,0.0,0.0,2,51.0,53.5,2,53.0,52.5,0.0,0.0,0.0,0.0,74
2023-05-10 10:53:08,OI311C9900,菜籽油2311购9900,53.0,0.0,0.0,0.0,2,51.5,53.5,2,53.0,52.5,0.0,0.0,0.0,0.0,74
2023-05-10 10:54:06,OI311C9900,菜籽油2311购9900,53.0,0.0,0.0,0.0,2,52.0,53.5,2,53.0,52.5,0.0,0.0,0.0,0.0,74
2023-05-10 10:58:14,OI311C9900,菜籽油2311购9900,53.0,0.0,0.0,0.0,2,52.0,54.0,2,53.0,52.5,0.0,0.0,0.0,0.0,74
2023-05-10 10:59:17,OI311C9900,菜籽油2311购9900,53.0,0.0,0.0,0.0,2,52.5,54.0,2,53.0,52.5,0.0,0.0,0.0,0.0,74
2023-05-10 11:00:10,OI311C9900,菜籽油2311购9900,53.0,0.0,0.0,0.0,2,52.0,54.0,2,53.0,52.5,0.0,0.0,0.0,0.0,74
2023-05-10 11:01:05,OI311C9900,菜籽油2311购9900,53.0,0.0,0.0,0.0,2,52.5,54.0,2,53.0,52.5,0.0,0.0,0.0,0.0,74
2023-05-10 11:02:16,OI311C9900,菜籽油2311购9900,53.0,0.0,0.0,0.0,2,52.0,54.0,2,53.0,52.5,0.0,0.0,0.0,0.0,74
2023-05-10 11:04:15,OI311C9900,菜籽油2311购9900,53.0,0.0,0.0,0.0,2,51.0,53.5,2,53.0,52.5,0.0,0.0,0.0,0.0,74
2023-05-10 11:04:15,OI311C9900,菜籽油2311购9900,53.0,0.0,0.0,0.0,2,51.5,53.5,2,53.0,52.5,0.0,0.0,0.0,0.0,74
2023-05-10 11:05:19,OI311C9900,菜籽油2311购9900,53.0,0.0,0.0,0.0,2,52.0,53.5,2,53.0,52.5,0.0,0.0,0.0,0.0,74
2023-05-10 11:07:40,OI311C9900,菜籽油2311购9900,53.0,0.0,0.0,0.0,2,52.0,54.0,2,53.0,52.5,0.0,0.0,0.0,0.0,74
2023-05-10 11:08:09,OI311C9900,菜籽油2311购9900,53.0,0.0,0.0,0.0,2,52.5,54.0,2,53.0,52.5,0.0,0.0,0.0,0.0,74
2023-05-10 11:08:52,OI311C9900,菜籽油2311购9900,53.0,0.0,0.0,0.0,2,52.0,54.0,2,53.0,52.5,0.0,0.0,0.0,0.0,74
2023-05-10 11:10:07,OI311C9900,菜籽油2311购9900,53.0,0.0,0.0,0.0,2,52.5,54.0,2,53.0,52.5,0.0,0.0,0.0,0.0,74
2023-05-10 11:11:52,OI311C9900,菜籽油2311购9900,53.0,0.0,0.0,0.0,2,52.0,54.0,2,53.0,52.5,0.0,0.0,0.0,0.0,74
2023-05-10 11:12:57,OI311C9900,菜籽油2311购9900,53.0,0.0,0.0,0.0,2,52.5,54.0,2,53.0,52.5,0.0,0.0,0.0,0.0,74
2023-05-10 11:14:06,OI311C9900,菜籽油2311购9900,53.0,0.0,0.0,0.0,2,52.5,55.0,2,53.0,52.5,0.0,0.0,0.0,0.0,74
2023-05-10 11:14:19,OI311C9900,菜籽油2311购9900,53.0,0.0,0.0,0.0,2,53.0,55.0,2,53.0,52.5,0.0,0.0,0.0,0.0,74
2023-05-10 11:14:36,OI311C9900,菜籽油2311购9900,53.0,0.0,0.0,0.0,2,53.0,54.5,2,53.0,52.5,0.0,0.0,0.0,0.0,74
2023-05-10 11:14:36,OI311C9900,菜籽油2311购9900,53.0,0.0,0.0,0.0,2,52.5,54.5,2,53.0,52.5,0.0,0.0,0.0,0.0,74
2023-05-10 11:15:06,OI311C9900,菜籽油2311购9900,53.0,0.0,0.0,0.0,2,52.0,54.0,2,53.0,52.5,0.0,0.0,0.0,0.0,74
2023-05-10 11:19:32,OI311C9900,菜籽油2311购9900,53.0,0.0,0.0,0.0,2,51.5,53.5,2,53.0,52.5,0.0,0.0,0.0,0.0,74
2023-05-10 11:21:38,OI311C9900,菜籽油2311购9900,53.0,0.0,0.0,0.0,1,48.5,53.5,2,53.0,52.5,0.0,0.0,0.0,0.0,74
2023-05-10 11:21:39,OI311C9900,菜籽油2311购9900,53.0,0.0,0.0,0.0,2,50.5,53.0,2,53.0,52.5,0.0,0.0,0.0,0.0,74
2023-05-10 11:21:43,OI311C9900,菜籽油2311购9900,53.0,0.0,0.0,0.0,2,51.0,53.0,2,53.0,52.5,0.0,0.0,0.0,0.0,74
2023-05-10 11:22:05,OI311C9900,菜籽油2311购9900,53.0,0.0,0.0,0.0,2,51.5,53.0,2,53.0,52.5,0.0,0.0,0.0,0.0,74
2023-05-10 11:22:13,OI311C9900,菜籽油2311购9900,53.0,0.0,0.0,0.0,2,51.5,53.5,2,53.0,52.5,0.0,0.0,0.0,0.0,74
2023-05-10 11:24:53,OI311C9900,菜籽油2311购9900,53.0,0.0,0.0,0.0,2,51.5,53.0,2,53.0,52.5,0.0,0.0,0.0,0.0,74
2023-05-10 11:25:39,OI311C9900,菜籽油2311购9900,53.0,0.0,0.0,0.0,2,51.0,53.0,2,53.0,52.5,0.0,0.0,0.0,0.0,74
2023-05-10 11:25:57,OI311C9900,菜籽油2311购9900,53.0,0.0,0.0,0.0,2,50.0,52.5,2,53.0,52.5,0.0,0.0,0.0,0.0,74
2023-05-10 11:25:58,OI311C9900,菜籽油2311购9900,53.0,0.0,0.0,0.0,2,50.5,52.5,2,53.0,52.5,0.0,0.0,0.0,0.0,74
2023-05-10 11:28:48,OI311C9900,菜籽油2311购9900,53.0,0.0,0.0,0.0,2,51.0,52.5,2,53.0,52.5,0.0,0.0,0.0,0.0,74
2023-05-10 11:29:35,OI311C9900,菜籽油2311购9900,53.0,0.0,0.0,0.0,2,38.0,73.0,1,53.0,52.5,0.0,0.0,0.0,0.0,74
2023-05-10 11:29:42,OI311C9900,菜籽油2311购9900,53.0,0.0,0.0,0.0,1,6.0,0.0,0,53.0,52.5,0.0,0.0,0.0,0.0,74
2023-05-10 13:30:41,OI311C9900,菜籽油2311购9900,53.0,0.0,0.0,0.0,2,47.0,216.5,2,53.0,52.5,0.0,0.0,0.0,0.0,74
2023-05-10 13:30:43,OI311C9900,菜籽油2311购9900,53.0,0.0,0.0,0.0,2,47.0,215.0,1,53.0,52.5,0.0,0.0,0.0,0.0,74
2023-05-10 13:30:43,OI311C9900,菜籽油2311购9900,53.0,0.0,0.0,0.0,2,47.0,174.0,2,53.0,52.5,0.0,0.0,0.0,0.0,74
2023-05-10 13:30:47,OI311C9900,菜籽油2311购9900,53.0,0.0,0.0,0.0,2,47.0,131.5,2,53.0,52.5,0.0,0.0,0.0,0.0,74
2023-05-10 13:30:52,OI311C9900,菜籽油2311购9900,53.0,0.0,0.0,0.0,1,6.0,0.0,0,53.0,52.5,0.0,0.0,0.0,0.0,74
2023-05-10 13:30:54,OI311C9900,菜籽油2311购9900,53.0,0.0,0.0,0.0,1,6.0,714.5,1,53.0,52.5,0.0,0.0,0.0,0.0,74
2023-05-10 13:31:01,OI311C9900,菜籽油2311购9900,53.0,0.0,0.0,0.0,2,50.5,714.5,1,53.0,52.5,0.0,0.0,0.0,0.0,74
2023-05-10 13:31:02,OI311C9900,菜籽油2311购9900,53.0,0.0,0.0,0.0,2,50.5,52.5,2,53.0,52.5,0.0,0.0,0.0,0.0,74
2023-05-10 13:31:34,OI311C9900,菜籽油2311购9900,53.0,0.0,0.0,0.0,2,50.5,52.0,2,53.0,52.5,0.0,0.0,0.0,0.0,74
2023-05-10 13:31:45,OI311C9900,菜籽油2311购9900,53.0,0.0,0.0,0.0,2,50.0,52.0,2,53.0,52.5,0.0,0.0,0.0,0.0,74
2023-05-10 13:34:03,OI311C9900,菜籽油2311购9900,53.0,0.0,0.0,0.0,2,50.0,51.5,2,53.0,52.5,0.0,0.0,0.0,0.0,74
2023-05-10 13:36:42,OI311C9900,菜籽油2311购9900,53.0,0.0,0.0,0.0,2,50.5,51.5,2,53.0,52.5,0.0,0.0,0.0,0.0,74
2023-05-10 13:38:43,OI311C9900,菜籽油2311购9900,53.0,0.0,0.0,0.0,2,50.5,52.0,2,53.0,52.5,0.0,0.0,0.0,0.0,74
2023-05-10 13:41:26,OI311C9900,菜籽油2311购9900,53.0,0.0,0.0,0.0,2,50.0,52.0,2,53.0,52.5,0.0,0.0,0.0,0.0,74
2023-05-10 13:42:38,OI311C9900,菜籽油2311购9900,53.0,0.0,0.0,0.0,2,50.5,52.0,2,53.0,52.5,0.0,0.0,0.0,0.0,74
2023-05-10 13:43:14,OI311C9900,菜籽油2311购9900,53.0,0.0,0.0,0.0,2,50.0,52.0,2,53.0,52.5,0.0,0.0,0.0,0.0,74
2023-05-10 13:43:28,OI311C9900,菜籽油2311购9900,53.0,0.0,0.0,0.0,2,50.5,52.0,2,53.0,52.5,0.0,0.0,0.0,0.0,74
2023-05-10 13:45:29,OI311C9900,菜籽油2311购9900,53.0,0.0,0.0,0.0,2,51.0,52.0,2,53.0,52.5,0.0,0.0,0.0,0.0,74
2023-05-10 13:45:38,OI311C9900,菜籽油2311购9900,53.0,0.0,0.0,0.0,2,50.5,52.0,2,53.0,52.5,0.0,0.0,0.0,0.0,74
2023-05-10 13:46:58,OI311C9900,菜籽油2311购9900,53.0,0.0,0.0,0.0,2,51.0,53.0,2,53.0,52.5,0.0,0.0,0.0,0.0,74
2023-05-10 13:47:02,OI311C9900,菜籽油2311购9900,53.0,0.0,0.0,0.0,2,51.0,52.5,2,53.0,52.5,0.0,0.0,0.0,0.0,74
2023-05-10 13:48:32,OI311C9900,菜籽油2311购9900,53.0,0.0,0.0,0.0,2,50.5,52.5,2,53.0,52.5,0.0,0.0,0.0,0.0,74
2023-05-10 13:49:23,OI311C9900,菜籽油2311购9900,53.0,0.0,0.0,0.0,2,50.5,52.0,2,53.0,52.5,0.0,0.0,0.0,0.0,74
2023-05-10 13:52:28,OI311C9900,菜籽油2311购9900,53.0,0.0,0.0,0.0,2,51.0,52.0,2,53.0,52.5,0.0,0.0,0.0,0.0,74
2023-05-10 13:52:29,OI311C9900,菜籽油2311购9900,53.0,0.0,0.0,0.0,2,51.0,52.5,2,53.0,52.5,0.0,0.0,0.0,0.0,74
2023-05-10 13:55:13,OI311C9900,菜籽油2311购9900,53.0,0.0,0.0,0.0,2,51.5,52.5,2,53.0,52.5,0.0,0.0,0.0,0.0,74
2023-05-10 13:56:13,OI311C9900,菜籽油2311购9900,53.0,0.0,0.0,0.0,2,51.5,53.5,2,53.0,52.5,0.0,0.0,0.0,0.0,74
2023-05-10 13:57:35,OI311C9900,菜籽油2311购9900,53.0,0.0,0.0,0.0,2,51.5,53.0,2,53.0,52.5,0.0,0.0,0.0,0.0,74
2023-05-10 13:59:11,OI311C9900,菜籽油2311购9900,53.0,0.0,0.0,0.0,2,51.0,53.0,2,53.0,52.5,0.0,0.0,0.0,0.0,74
2023-05-10 14:01:16,OI311C9900,菜籽油2311购9900,53.0,0.0,0.0,0.0,2,51.0,52.5,2,53.0,52.5,0.0,0.0,0.0,0.0,74
2023-05-10 14:06:10,OI311C9900,菜籽油2311购9900,53.0,0.0,0.0,0.0,2,51.5,53.0,2,53.0,52.5,0.0,0.0,0.0,0.0,74
2023-05-10 14:09:10,OI311C9900,菜籽油2311购9900,53.0,0.0,0.0,0.0,2,51.0,53.0,2,53.0,52.5,0.0,0.0,0.0,0.0,74
2023-05-10 14:10:08,OI311C9900,菜籽油2311购9900,53.0,0.0,0.0,0.0,2,51.5,53.0,2,53.0,52.5,0.0,0.0,0.0,0.0,74
2023-05-10 14:12:29,OI311C9900,菜籽油2311购9900,53.0,0.0,0.0,0.0,2,52.0,54.0,2,53.0,52.5,0.0,0.0,0.0,0.0,74
2023-05-10 14:12:42,OI311C9900,菜籽油2311购9900,53.0,0.0,0.0,0.0,2,52.0,53.5,2,53.0,52.5,0.0,0.0,0.0,0.0,74
2023-05-10 14:13:19,OI311C9900,菜籽油2311购9900,53.0,0.0,0.0,0.0,2,51.5,53.5,2,53.0,52.5,0.0,0.0,0.0,0.0,74
2023-05-10 14:16:42,OI311C9900,菜籽油2311购9900,53.0,0.0,0.0,0.0,2,51.5,53.0,2,53.0,52.5,0.0,0.0,0.0,0.0,74
2023-05-10 14:18:05,OI311C9900,菜籽油2311购9900,53.0,0.0,0.0,0.0,2,51.0,53.0,2,53.0,52.5,0.0,0.0,0.0,0.0,74
2023-05-10 14:18:20,OI311C9900,菜籽油2311购9900,53.0,0.0,0.0,0.0,2,51.0,53.5,2,53.0,52.5,0.0,0.0,0.0,0.0,74
2023-05-10 14:18:21,OI311C9900,菜籽油2311购9900,53.0,0.0,0.0,0.0,2,51.5,53.5,2,53.0,52.5,0.0,0.0,0.0,0.0,74
2023-05-10 14:19:00,OI311C9900,菜籽油2311购9900,53.0,0.0,0.0,0.0,2,51.5,53.0,2,53.0,52.5,0.0,0.0,0.0,0.0,74
2023-05-10 14:19:34,OI311C9900,菜籽油2311购9900,53.0,0.0,0.0,0.0,2,51.0,53.0,2,53.0,52.5,0.0,0.0,0.0,0.0,74
2023-05-10 14:20:07,OI311C9900,菜籽油2311购9900,53.0,0.0,0.0,0.0,2,51.5,53.0,2,53.0,52.5,0.0,0.0,0.0,0.0,74
2023-05-10 14:20:46,OI311C9900,菜籽油2311购9900,53.0,0.0,0.0,0.0,2,51.0,53.0,2,53.0,52.5,0.0,0.0,0.0,0.0,74
2023-05-10 14:21:46,OI311C9900,菜籽油2311购9900,53.0,0.0,0.0,0.0,2,51.0,52.5,2,53.0,52.5,0.0,0.0,0.0,0.0,74
2023-05-10 14:25:14,OI311C9900,菜籽油2311购9900,53.0,0.0,0.0,0.0,2,51.5,53.0,2,53.0,52.5,0.0,0.0,0.0,0.0,74
2023-05-10 14:28:46,OI311C9900,菜籽油2311购9900,53.0,0.0,0.0,0.0,2,51.0,53.0,2,53.0,52.5,0.0,0.0,0.0,0.0,74
2023-05-10 14:29:57,OI311C9900,菜籽油2311购9900,53.0,0.0,0.0,0.0,2,51.5,53.0,2,53.0,52.5,0.0,0.0,0.0,0.0,74
2023-05-10 14:31:10,OI311C9900,菜籽油2311购9900,53.0,0.0,0.0,0.0,2,51.0,53.0,2,53.0,52.5,0.0,0.0,0.0,0.0,74
2023-05-10 14:31:15,OI311C9900,菜籽油2311购9900,53.0,0.0,0.0,0.0,2,51.0,52.5,2,53.0,52.5,0.0,0.0,0.0,0.0,74
2023-05-10 14:33:06,OI311C9900,菜籽油2311购9900,52.5,2.0,105.0,-2.0,2,51.0,53.0,2,53.0,52.5,52.5,52.5,2.0,105.0,72
2023-05-10 14:33:06,OI311C9900,菜籽油2311购9900,52.5,0.0,0.0,0.0,2,51.0,52.5,2,53.0,52.5,52.5,52.5,2.0,105.0,72
2023-05-10 14:33:57,OI311C9900,菜籽油2311购9900,52.5,0.0,0.0,0.0,2,50.5,52.5,2,53.0,52.5,52.5,52.5,2.0,105.0,72
2023-05-10 14:35:13,OI311C9900,菜籽油2311购9900,52.5,0.0,0.0,0.0,2,51.0,52.5,2,53.0,52.5,52.5,52.5,2.0,105.0,72
2023-05-10 14:36:21,OI311C9900,菜籽油2311购9900,52.5,0.0,0.0,0.0,2,50.5,52.5,2,53.0,52.5,52.5,52.5,2.0,105.0,72
2023-05-10 14:39:22,OI311C9900,菜籽油2311购9900,52.5,0.0,0.0,0.0,2,50.5,52.0,2,53.0,52.5,52.5,52.5,2.0,105.0,72
2023-05-10 14:44:04,OI311C9900,菜籽油2311购9900,52.5,0.0,0.0,0.0,2,50.5,52.5,2,53.0,52.5,52.5,52.5,2.0,105.0,72
2023-05-10 14:44:59,OI311C9900,菜籽油2311购9900,52.5,0.0,0.0,0.0,2,51.0,52.5,2,53.0,52.5,52.5,52.5,2.0,105.0,72
2023-05-10 14:50:18,OI311C9900,菜籽油2311购9900,52.5,0.0,0.0,0.0,2,50.5,52.5,2,53.0,52.5,52.5,52.5,2.0,105.0,72
2023-05-10 14:51:25,OI311C9900,菜籽油2311购9900,52.5,0.0,0.0,0.0,2,50.5,52.0,2,53.0,52.5,52.5,52.5,2.0,105.0,72
2023-05-10 14:51:50,OI311C9900,菜籽油2311购9900,52.5,0.0,0.0,0.0,2,50.0,52.0,2,53.0,52.5,52.5,52.5,2.0,105.0,72
2023-05-10 14:52:59,OI311C9900,菜籽油2311购9900,52.5,0.0,0.0,0.0,2,50.0,51.5,2,53.0,52.5,52.5,52.5,2.0,105.0,72
2023-05-10 14:53:00,OI311C9900,菜籽油2311购9900,52.5,0.0,0.0,0.0,1,46.5,51.5,2,53.0,52.5,52.5,52.5,2.0,105.0,72
2023-05-10 14:53:03,OI311C9900,菜籽油2311购9900,52.5,0.0,0.0,0.0,2,49.5,51.5,2,53.0,52.5,52.5,52.5,2.0,105.0,72
2023-05-10 14:53:52,OI311C9900,菜籽油2311购9900,52.5,0.0,0.0,0.0,2,50.0,51.5,2,53.0,52.5,52.5,52.5,2.0,105.0,72
2023-05-10 14:55:36,OI311C9900,菜籽油2311购9900,52.5,0.0,0.0,0.0,2,49.5,51.5,2,53.0,52.5,52.5,52.5,2.0,105.0,72
2023-05-10 14:55:55,OI311C9900,菜籽油2311购9900,52.5,0.0,0.0,0.0,2,49.5,51.0,2,53.0,52.5,52.5,52.5,2.0,105.0,72
2023-05-10 14:56:28,OI311C9900,菜籽油2311购9900,52.5,0.0,0.0,0.0,2,49.0,51.0,2,53.0,52.5,52.5,52.5,2.0,105.0,72
2023-05-10 14:56:58,OI311C9900,菜籽油2311购9900,52.5,0.0,0.0,0.0,2,49.5,51.0,2,53.0,52.5,52.5,52.5,2.0,105.0,72
2023-05-10 14:59:05,OI311C9900,菜籽油2311购9900,52.5,0.0,0.0,0.0,1,46.5,215.5,1,53.0,52.5,52.5,52.5,2.0,105.0,72
2023-05-10 14:59:05,OI311C9900,菜籽油2311购9900,52.5,0.0,0.0,0.0,1,46.5,214.0,1,53.0,52.5,52.5,52.5,2.0,105.0,72
2023-05-10 14:59:07,OI311C9900,菜籽油2311购9900,52.5,0.0,0.0,0.0,1,46.5,145.5,2,53.0,52.5,52.5,52.5,2.0,105.0,72
2023-05-10 14:59:08,OI311C9900,菜籽油2311购9900,52.5,0.0,0.0,0.0,1,46.5,145.5,2,53.0,52.5,52.5,52.5,2.0,105.0,72
