time,symbol_id,symbol_name,last,trade_volume,trade_amount,open_interest_change,bv1,bp1,ap1,av1,yesterday_close,today_open,today_high,today_low,volume,amount,open_interest
2023-05-09 19:10:58,OI311P8100,菜籽油2311沽8100,345.5,0.0,0.0,-42.0,0,0.0,0.0,0,345.5,373.5,0.0,0.0,0.0,0.0,78
2023-05-09 20:59:00,OI311P8100,菜籽油2311沽8100,345.5,0.0,0.0,0.0,1,231.0,0.0,0,345.5,373.5,0.0,0.0,0.0,0.0,78
2023-05-09 21:00:00,OI311P8100,菜籽油2311沽8100,345.5,0.0,0.0,0.0,6,234.0,0.0,0,345.5,373.5,0.0,0.0,0.0,0.0,78
2023-05-09 21:00:03,OI311P8100,菜籽油2311沽8100,345.5,0.0,0.0,0.0,4,275.0,512.5,4,345.5,373.5,0.0,0.0,0.0,0.0,78
2023-05-09 21:00:04,OI311P8100,菜籽油2311沽8100,345.5,0.0,0.0,0.0,4,275.0,509.5,6,345.5,373.5,0.0,0.0,0.0,0.0,78
2023-05-09 21:00:04,OI311P8100,菜籽油2311沽8100,345.5,0.0,0.0,0.0,6,278.0,509.5,6,345.5,373.5,0.0,0.0,0.0,0.0,78
2023-05-09 21:00:06,OI311P8100,菜籽油2311沽8100,345.5,0.0,0.0,0.0,6,319.5,465.5,6,345.5,373.5,0.0,0.0,0.0,0.0,78
2023-05-09 21:00:10,OI311P8100,菜籽油2311沽8100,345.5,0.0,0.0,0.0,6,319.5,421.5,6,345.5,373.5,0.0,0.0,0.0,0.0,78
2023-05-09 21:00:12,OI311P8100,菜籽油2311沽8100,345.5,0.0,0.0,0.0,4,333.0,380.5,4,345.5,373.5,0.0,0.0,0.0,0.0,78
2023-05-09 21:00:20,OI311P8100,菜籽油2311沽8100,345.5,0.0,0.0,0.0,6,278.0,380.5,4,345.5,373.5,0.0,0.0,0.0,0.0,78
2023-05-09 21:00:20,OI311P8100,菜籽油2311沽8100,345.5,0.0,0.0,0.0,4,319.0,380.5,4,345.5,373.5,0.0,0.0,0.0,0.0,78
2023-05-09 21:00:51,OI311P8100,菜籽油2311沽8100,345.5,0.0,0.0,0.0,6,319.0,380.5,6,345.5,373.5,0.0,0.0,0.0,0.0,78
2023-05-09 21:00:51,OI311P8100,菜籽油2311沽8100,345.5,0.0,0.0,0.0,6,320.0,380.5,6,345.5,373.5,0.0,0.0,0.0,0.0,78
2023-05-09 21:00:51,OI311P8100,菜籽油2311沽8100,345.5,0.0,0.0,0.0,6,319.0,380.5,6,345.5,373.5,0.0,0.0,0.0,0.0,78
2023-05-09 21:00:51,OI311P8100,菜籽油2311沽8100,345.5,0.0,0.0,0.0,6,320.0,380.5,6,345.5,373.5,0.0,0.0,0.0,0.0,78
2023-05-09 21:00:53,OI311P8100,菜籽油2311沽8100,345.5,0.0,0.0,0.0,6,319.5,380.5,6,345.5,373.5,0.0,0.0,0.0,0.0,78
2023-05-09 21:00:53,OI311P8100,菜籽油2311沽8100,345.5,0.0,0.0,0.0,6,319.5,380.5,2,345.5,373.5,0.0,0.0,0.0,0.0,78
2023-05-09 21:00:54,OI311P8100,菜籽油2311沽8100,345.5,0.0,0.0,0.0,8,319.0,380.5,2,345.5,373.5,0.0,0.0,0.0,0.0,78
2023-05-09 21:00:55,OI311P8100,菜籽油2311沽8100,345.5,0.0,0.0,0.0,2,319.0,380.5,2,345.5,373.5,0.0,0.0,0.0,0.0,78
2023-05-09 21:01:00,OI311P8100,菜籽油2311沽8100,345.5,0.0,0.0,0.0,2,275.0,380.5,2,345.5,373.5,0.0,0.0,0.0,0.0,78
2023-05-09 21:01:01,OI311P8100,菜籽油2311沽8100,345.5,0.0,0.0,0.0,2,319.0,380.5,2,345.5,373.5,0.0,0.0,0.0,0.0,78
2023-05-09 21:01:10,OI311P8100,菜籽油2311沽8100,345.5,0.0,0.0,0.0,2,348.5,380.5,2,345.5,373.5,0.0,0.0,0.0,0.0,78
2023-05-09 21:01:11,OI311P8100,菜籽油2311沽8100,345.5,0.0,0.0,0.0,2,348.5,355.5,2,345.5,373.5,0.0,0.0,0.0,0.0,78
2023-05-09 21:01:44,OI311P8100,菜籽油2311沽8100,345.5,0.0,0.0,0.0,2,345.5,353.5,2,345.5,373.5,0.0,0.0,0.0,0.0,78
2023-05-09 21:02:15,OI311P8100,菜籽油2311沽8100,345.5,0.0,0.0,0.0,2,345.5,351.5,2,345.5,373.5,0.0,0.0,0.0,0.0,78
2023-05-09 21:02:43,OI311P8100,菜籽油2311沽8100,345.5,0.0,0.0,0.0,2,345.5,353.5,14,345.5,373.5,0.0,0.0,0.0,0.0,78
2023-05-09 21:02:43,OI311P8100,菜籽油2311沽8100,345.5,0.0,0.0,0.0,2,345.5,353.5,2,345.5,373.5,0.0,0.0,0.0,0.0,78
2023-05-09 21:02:50,OI311P8100,菜籽油2311沽8100,345.5,0.0,0.0,0.0,2,347.5,353.5,2,345.5,373.5,0.0,0.0,0.0,0.0,78
2023-05-09 21:04:24,OI311P8100,菜籽油2311沽8100,345.5,0.0,0.0,0.0,2,347.5,355.5,6,345.5,373.5,0.0,0.0,0.0,0.0,78
2023-05-09 21:04:24,OI311P8100,菜籽油2311沽8100,345.5,0.0,0.0,0.0,2,347.5,356.5,2,345.5,373.5,0.0,0.0,0.0,0.0,78
2023-05-09 21:04:37,OI311P8100,菜籽油2311沽8100,345.5,0.0,0.0,0.0,2,347.5,355.0,6,345.5,373.5,0.0,0.0,0.0,0.0,78
2023-05-09 21:04:38,OI311P8100,菜籽油2311沽8100,345.5,0.0,0.0,0.0,2,347.5,355.0,12,345.5,373.5,0.0,0.0,0.0,0.0,78
2023-05-09 21:04:43,OI311P8100,菜籽油2311沽8100,345.5,0.0,0.0,0.0,2,349.5,355.0,12,345.5,373.5,0.0,0.0,0.0,0.0,78
2023-05-09 21:04:44,OI311P8100,菜籽油2311沽8100,345.5,0.0,0.0,0.0,2,349.5,355.5,6,345.5,373.5,0.0,0.0,0.0,0.0,78
2023-05-09 21:04:44,OI311P8100,菜籽油2311沽8100,345.5,0.0,0.0,0.0,2,349.5,356.5,2,345.5,373.5,0.0,0.0,0.0,0.0,78
2023-05-09 21:05:07,OI311P8100,菜籽油2311沽8100,345.5,0.0,0.0,0.0,14,349.5,356.5,2,345.5,373.5,0.0,0.0,0.0,0.0,78
2023-05-09 21:05:07,OI311P8100,菜籽油2311沽8100,345.5,0.0,0.0,0.0,8,349.5,355.0,6,345.5,373.5,0.0,0.0,0.0,0.0,78
2023-05-09 21:05:09,OI311P8100,菜籽油2311沽8100,345.5,0.0,0.0,0.0,14,349.5,355.0,12,345.5,373.5,0.0,0.0,0.0,0.0,78
2023-05-09 21:05:19,OI311P8100,菜籽油2311沽8100,345.5,0.0,0.0,0.0,8,349.5,355.0,12,345.5,373.5,0.0,0.0,0.0,0.0,78
2023-05-09 21:05:19,OI311P8100,菜籽油2311沽8100,345.5,0.0,0.0,0.0,2,349.5,355.0,12,345.5,373.5,0.0,0.0,0.0,0.0,78
2023-05-09 21:05:38,OI311P8100,菜籽油2311沽8100,345.5,0.0,0.0,0.0,2,349.5,355.0,6,345.5,373.5,0.0,0.0,0.0,0.0,78
2023-05-09 21:05:38,OI311P8100,菜籽油2311沽8100,345.5,0.0,0.0,0.0,2,349.5,356.5,2,345.5,373.5,0.0,0.0,0.0,0.0,78
2023-05-09 21:05:41,OI311P8100,菜籽油2311沽8100,345.5,0.0,0.0,0.0,8,349.5,356.5,2,345.5,373.5,0.0,0.0,0.0,0.0,78
2023-05-09 21:05:42,OI311P8100,菜籽油2311沽8100,345.5,0.0,0.0,0.0,12,350.0,356.5,2,345.5,373.5,0.0,0.0,0.0,0.0,78
2023-05-09 21:05:51,OI311P8100,菜籽油2311沽8100,345.5,0.0,0.0,0.0,8,351.5,356.5,2,345.5,373.5,0.0,0.0,0.0,0.0,78
2023-05-09 21:05:51,OI311P8100,菜籽油2311沽8100,345.5,0.0,0.0,0.0,14,351.5,356.5,2,345.5,373.5,0.0,0.0,0.0,0.0,78
2023-05-09 21:05:54,OI311P8100,菜籽油2311沽8100,345.5,0.0,0.0,0.0,14,351.5,359.0,12,345.5,373.5,0.0,0.0,0.0,0.0,78
2023-05-09 21:05:56,OI311P8100,菜籽油2311沽8100,345.5,0.0,0.0,0.0,14,351.5,357.5,2,345.5,373.5,0.0,0.0,0.0,0.0,78
2023-05-09 21:06:02,OI311P8100,菜籽油2311沽8100,345.5,0.0,0.0,0.0,2,351.5,357.0,12,345.5,373.5,0.0,0.0,0.0,0.0,78
2023-05-09 21:06:02,OI311P8100,菜籽油2311沽8100,345.5,0.0,0.0,0.0,6,351.0,357.0,6,345.5,373.5,0.0,0.0,0.0,0.0,78
2023-05-09 21:06:03,OI311P8100,菜籽油2311沽8100,345.5,0.0,0.0,0.0,12,350.0,357.0,12,345.5,373.5,0.0,0.0,0.0,0.0,78
2023-05-09 21:06:04,OI311P8100,菜籽油2311沽8100,345.5,0.0,0.0,0.0,12,350.0,355.5,2,345.5,373.5,0.0,0.0,0.0,0.0,78
2023-05-09 21:06:05,OI311P8100,菜籽油2311沽8100,345.5,0.0,0.0,0.0,2,349.5,355.0,6,345.5,373.5,0.0,0.0,0.0,0.0,78
2023-05-09 21:06:09,OI311P8100,菜籽油2311沽8100,345.5,0.0,0.0,0.0,2,349.5,355.0,12,345.5,373.5,0.0,0.0,0.0,0.0,78
2023-05-09 21:06:13,OI311P8100,菜籽油2311沽8100,345.5,0.0,0.0,0.0,2,349.5,355.5,14,345.5,373.5,0.0,0.0,0.0,0.0,78
2023-05-09 21:06:13,OI311P8100,菜籽油2311沽8100,345.5,0.0,0.0,0.0,2,349.5,355.5,2,345.5,373.5,0.0,0.0,0.0,0.0,78
2023-05-09 21:06:18,OI311P8100,菜籽油2311沽8100,345.5,0.0,0.0,0.0,8,349.5,355.5,2,345.5,373.5,0.0,0.0,0.0,0.0,78
2023-05-09 21:06:21,OI311P8100,菜籽油2311沽8100,345.5,0.0,0.0,0.0,12,350.5,355.5,2,345.5,373.5,0.0,0.0,0.0,0.0,78
2023-05-09 21:06:46,OI311P8100,菜籽油2311沽8100,345.5,0.0,0.0,0.0,6,350.0,355.5,2,345.5,373.5,0.0,0.0,0.0,0.0,78
2023-05-09 21:06:47,OI311P8100,菜籽油2311沽8100,345.5,0.0,0.0,0.0,14,349.5,355.5,2,345.5,373.5,0.0,0.0,0.0,0.0,78
2023-05-09 21:06:49,OI311P8100,菜籽油2311沽8100,345.5,0.0,0.0,0.0,14,349.5,357.0,18,345.5,373.5,0.0,0.0,0.0,0.0,78
2023-05-09 21:06:49,OI311P8100,菜籽油2311沽8100,345.5,0.0,0.0,0.0,14,349.5,357.0,6,345.5,373.5,0.0,0.0,0.0,0.0,78
2023-05-09 21:06:50,OI311P8100,菜籽油2311沽8100,345.5,0.0,0.0,0.0,8,349.5,357.0,6,345.5,373.5,0.0,0.0,0.0,0.0,78
2023-05-09 21:06:50,OI311P8100,菜籽油2311沽8100,345.5,0.0,0.0,0.0,8,351.5,357.0,6,345.5,373.5,0.0,0.0,0.0,0.0,78
2023-05-09 21:06:50,OI311P8100,菜籽油2311沽8100,345.5,0.0,0.0,0.0,14,351.5,357.0,6,345.5,373.5,0.0,0.0,0.0,0.0,78
2023-05-09 21:06:55,OI311P8100,菜籽油2311沽8100,345.5,0.0,0.0,0.0,14,351.5,357.5,2,345.5,373.5,0.0,0.0,0.0,0.0,78
2023-05-09 21:07:25,OI311P8100,菜籽油2311沽8100,345.5,0.0,0.0,0.0,20,351.5,359.0,18,345.5,373.5,0.0,0.0,0.0,0.0,78
2023-05-09 21:07:25,OI311P8100,菜籽油2311沽8100,345.5,0.0,0.0,0.0,20,351.5,359.0,12,345.5,373.5,0.0,0.0,0.0,0.0,78
2023-05-09 21:07:45,OI311P8100,菜籽油2311沽8100,345.5,0.0,0.0,0.0,8,353.5,359.0,12,345.5,373.5,0.0,0.0,0.0,0.0,78
2023-05-09 21:07:45,OI311P8100,菜籽油2311沽8100,345.5,0.0,0.0,0.0,14,353.5,359.0,6,345.5,373.5,0.0,0.0,0.0,0.0,78
2023-05-09 21:07:53,OI311P8100,菜籽油2311沽8100,345.5,0.0,0.0,0.0,14,353.5,359.0,12,345.5,373.5,0.0,0.0,0.0,0.0,78
2023-05-09 21:07:59,OI311P8100,菜籽油2311沽8100,345.5,0.0,0.0,0.0,8,353.5,359.0,12,345.5,373.5,0.0,0.0,0.0,0.0,78
2023-05-09 21:07:59,OI311P8100,菜籽油2311沽8100,345.5,0.0,0.0,0.0,2,353.5,359.0,12,345.5,373.5,0.0,0.0,0.0,0.0,78
2023-05-09 21:08:24,OI311P8100,菜籽油2311沽8100,345.5,0.0,0.0,0.0,2,353.5,358.0,2,345.5,373.5,0.0,0.0,0.0,0.0,78
2023-05-09 21:08:30,OI311P8100,菜籽油2311沽8100,345.5,0.0,0.0,0.0,6,352.5,358.0,2,345.5,373.5,0.0,0.0,0.0,0.0,78
2023-05-09 21:08:38,OI311P8100,菜籽油2311沽8100,345.5,0.0,0.0,0.0,6,352.5,358.0,8,345.5,373.5,0.0,0.0,0.0,0.0,78
2023-05-09 21:09:01,OI311P8100,菜籽油2311沽8100,345.5,0.0,0.0,0.0,6,352.5,358.0,2,345.5,373.5,0.0,0.0,0.0,0.0,78
2023-05-09 21:09:07,OI311P8100,菜籽油2311沽8100,345.5,0.0,0.0,0.0,12,352.5,358.0,2,345.5,373.5,0.0,0.0,0.0,0.0,78
2023-05-09 21:09:07,OI311P8100,菜籽油2311沽8100,345.5,0.0,0.0,0.0,18,352.5,358.0,2,345.5,373.5,0.0,0.0,0.0,0.0,78
2023-05-09 21:09:22,OI311P8100,菜籽油2311沽8100,345.5,0.0,0.0,0.0,12,352.5,358.0,2,345.5,373.5,0.0,0.0,0.0,0.0,78
2023-05-09 21:09:42,OI311P8100,菜籽油2311沽8100,345.5,0.0,0.0,0.0,24,352.0,358.0,8,345.5,373.5,0.0,0.0,0.0,0.0,78
2023-05-09 21:09:42,OI311P8100,菜籽油2311沽8100,345.5,0.0,0.0,0.0,18,352.0,358.0,8,345.5,373.5,0.0,0.0,0.0,0.0,78
2023-05-09 21:09:54,OI311P8100,菜籽油2311沽8100,345.5,0.0,0.0,0.0,12,353.0,358.0,8,345.5,373.5,0.0,0.0,0.0,0.0,78
2023-05-09 21:09:56,OI311P8100,菜籽油2311沽8100,345.5,0.0,0.0,0.0,12,352.0,358.0,14,345.5,373.5,0.0,0.0,0.0,0.0,78
2023-05-09 21:09:56,OI311P8100,菜籽油2311沽8100,345.5,0.0,0.0,0.0,6,352.0,358.0,8,345.5,373.5,0.0,0.0,0.0,0.0,78
2023-05-09 21:09:58,OI311P8100,菜籽油2311沽8100,345.5,0.0,0.0,0.0,12,352.0,358.0,14,345.5,373.5,0.0,0.0,0.0,0.0,78
2023-05-09 21:10:02,OI311P8100,菜籽油2311沽8100,345.5,0.0,0.0,0.0,6,352.0,358.0,14,345.5,373.5,0.0,0.0,0.0,0.0,78
2023-05-09 21:10:02,OI311P8100,菜籽油2311沽8100,345.5,0.0,0.0,0.0,20,351.5,358.0,14,345.5,373.5,0.0,0.0,0.0,0.0,78
2023-05-09 21:10:03,OI311P8100,菜籽油2311沽8100,345.5,0.0,0.0,0.0,14,351.5,358.0,14,345.5,373.5,0.0,0.0,0.0,0.0,78
2023-05-09 21:10:06,OI311P8100,菜籽油2311沽8100,345.5,0.0,0.0,0.0,14,351.5,356.5,2,345.5,373.5,0.0,0.0,0.0,0.0,78
2023-05-09 21:10:07,OI311P8100,菜籽油2311沽8100,345.5,0.0,0.0,0.0,18,351.0,356.5,14,345.5,373.5,0.0,0.0,0.0,0.0,78
2023-05-09 21:10:07,OI311P8100,菜籽油2311沽8100,345.5,0.0,0.0,0.0,12,351.0,356.5,14,345.5,373.5,0.0,0.0,0.0,0.0,78
2023-05-09 21:10:17,OI311P8100,菜籽油2311沽8100,345.5,0.0,0.0,0.0,6,352.0,356.5,14,345.5,373.5,0.0,0.0,0.0,0.0,78
2023-05-09 21:10:17,OI311P8100,菜籽油2311沽8100,345.5,0.0,0.0,0.0,12,352.0,356.5,8,345.5,373.5,0.0,0.0,0.0,0.0,78
2023-05-09 21:10:18,OI311P8100,菜籽油2311沽8100,345.5,0.0,0.0,0.0,6,352.0,356.5,8,345.5,373.5,0.0,0.0,0.0,0.0,78
2023-05-09 21:10:18,OI311P8100,菜籽油2311沽8100,345.5,0.0,0.0,0.0,12,351.5,356.5,8,345.5,373.5,0.0,0.0,0.0,0.0,78
2023-05-09 21:10:24,OI311P8100,菜籽油2311沽8100,345.5,0.0,0.0,0.0,12,351.5,356.5,14,345.5,373.5,0.0,0.0,0.0,0.0,78
2023-05-09 21:10:40,OI311P8100,菜籽油2311沽8100,345.5,0.0,0.0,0.0,6,351.0,356.5,14,345.5,373.5,0.0,0.0,0.0,0.0,78
2023-05-09 21:10:40,OI311P8100,菜籽油2311沽8100,345.5,0.0,0.0,0.0,18,350.5,356.5,14,345.5,373.5,0.0,0.0,0.0,0.0,78
2023-05-09 21:10:41,OI311P8100,菜籽油2311沽8100,345.5,0.0,0.0,0.0,12,350.5,356.5,14,345.5,373.5,0.0,0.0,0.0,0.0,78
2023-05-09 21:10:41,OI311P8100,菜籽油2311沽8100,345.5,0.0,0.0,0.0,12,350.5,355.0,2,345.5,373.5,0.0,0.0,0.0,0.0,78
2023-05-09 21:10:42,OI311P8100,菜籽油2311沽8100,345.5,0.0,0.0,0.0,20,350.0,355.0,2,345.5,373.5,0.0,0.0,0.0,0.0,78
2023-05-09 21:10:42,OI311P8100,菜籽油2311沽8100,345.5,0.0,0.0,0.0,12,350.0,355.0,2,345.5,373.5,0.0,0.0,0.0,0.0,78
2023-05-09 21:10:43,OI311P8100,菜籽油2311沽8100,345.5,0.0,0.0,0.0,6,350.0,355.0,2,345.5,373.5,0.0,0.0,0.0,0.0,78
2023-05-09 21:10:43,OI311P8100,菜籽油2311沽8100,345.5,0.0,0.0,0.0,12,349.5,355.0,14,345.5,373.5,0.0,0.0,0.0,0.0,78
2023-05-09 21:10:44,OI311P8100,菜籽油2311沽8100,345.5,0.0,0.0,0.0,18,349.0,355.0,20,345.5,373.5,0.0,0.0,0.0,0.0,78
2023-05-09 21:10:44,OI311P8100,菜籽油2311沽8100,345.5,0.0,0.0,0.0,12,349.0,355.0,20,345.5,373.5,0.0,0.0,0.0,0.0,78
2023-05-09 21:10:56,OI311P8100,菜籽油2311沽8100,345.5,0.0,0.0,0.0,12,349.0,353.5,2,345.5,373.5,0.0,0.0,0.0,0.0,78
2023-05-09 21:10:57,OI311P8100,菜籽油2311沽8100,345.5,0.0,0.0,0.0,6,349.0,353.5,2,345.5,373.5,0.0,0.0,0.0,0.0,78
2023-05-09 21:10:59,OI311P8100,菜籽油2311沽8100,345.5,0.0,0.0,0.0,6,349.0,353.5,14,345.5,373.5,0.0,0.0,0.0,0.0,78
2023-05-09 21:11:01,OI311P8100,菜籽油2311沽8100,345.5,0.0,0.0,0.0,12,349.0,353.5,8,345.5,373.5,0.0,0.0,0.0,0.0,78
2023-05-09 21:11:03,OI311P8100,菜籽油2311沽8100,345.5,0.0,0.0,0.0,6,348.5,353.5,14,345.5,373.5,0.0,0.0,0.0,0.0,78
2023-05-09 21:11:04,OI311P8100,菜籽油2311沽8100,345.5,0.0,0.0,0.0,6,348.0,353.5,14,345.5,373.5,0.0,0.0,0.0,0.0,78
2023-05-09 21:11:04,OI311P8100,菜籽油2311沽8100,345.5,0.0,0.0,0.0,12,347.0,353.0,6,345.5,373.5,0.0,0.0,0.0,0.0,78
2023-05-09 21:11:05,OI311P8100,菜籽油2311沽8100,345.5,0.0,0.0,0.0,12,346.0,350.5,2,345.5,373.5,0.0,0.0,0.0,0.0,78
2023-05-09 21:11:05,OI311P8100,菜籽油2311沽8100,345.5,0.0,0.0,0.0,6,346.0,350.5,2,345.5,373.5,0.0,0.0,0.0,0.0,78
2023-05-09 21:11:06,OI311P8100,菜籽油2311沽8100,345.5,0.0,0.0,0.0,12,346.0,350.5,2,345.5,373.5,0.0,0.0,0.0,0.0,78
2023-05-09 21:11:48,OI311P8100,菜籽油2311沽8100,345.5,0.0,0.0,0.0,18,346.0,350.5,2,345.5,373.5,0.0,0.0,0.0,0.0,78
2023-05-09 21:11:56,OI311P8100,菜籽油2311沽8100,345.5,0.0,0.0,0.0,18,346.0,353.0,24,345.5,373.5,0.0,0.0,0.0,0.0,78
2023-05-09 21:11:56,OI311P8100,菜籽油2311沽8100,345.5,0.0,0.0,0.0,6,347.0,353.0,12,345.5,373.5,0.0,0.0,0.0,0.0,78
2023-05-09 21:12:03,OI311P8100,菜籽油2311沽8100,345.5,0.0,0.0,0.0,6,346.5,353.0,12,345.5,373.5,0.0,0.0,0.0,0.0,78
2023-05-09 21:12:05,OI311P8100,菜籽油2311沽8100,345.5,0.0,0.0,0.0,12,346.5,353.0,18,345.5,373.5,0.0,0.0,0.0,0.0,78
2023-05-09 21:12:05,OI311P8100,菜籽油2311沽8100,345.5,0.0,0.0,0.0,12,346.5,353.0,12,345.5,373.5,0.0,0.0,0.0,0.0,78
2023-05-09 21:12:08,OI311P8100,菜籽油2311沽8100,345.5,0.0,0.0,0.0,12,347.5,353.0,12,345.5,373.5,0.0,0.0,0.0,0.0,78
2023-05-09 21:12:08,OI311P8100,菜籽油2311沽8100,345.5,0.0,0.0,0.0,12,347.5,353.0,6,345.5,373.5,0.0,0.0,0.0,0.0,78
2023-05-09 21:12:12,OI311P8100,菜籽油2311沽8100,345.5,0.0,0.0,0.0,18,347.5,353.5,14,345.5,373.5,0.0,0.0,0.0,0.0,78
2023-05-09 21:12:12,OI311P8100,菜籽油2311沽8100,345.5,0.0,0.0,0.0,18,347.5,353.5,8,345.5,373.5,0.0,0.0,0.0,0.0,78
2023-05-09 21:12:25,OI311P8100,菜籽油2311沽8100,345.5,0.0,0.0,0.0,18,347.5,353.0,6,345.5,373.5,0.0,0.0,0.0,0.0,78
2023-05-09 21:12:28,OI311P8100,菜籽油2311沽8100,345.5,0.0,0.0,0.0,12,347.5,353.0,6,345.5,373.5,0.0,0.0,0.0,0.0,78
2023-05-09 21:12:41,OI311P8100,菜籽油2311沽8100,345.5,0.0,0.0,0.0,6,347.5,352.0,2,345.5,373.5,0.0,0.0,0.0,0.0,78
2023-05-09 21:12:41,OI311P8100,菜籽油2311沽8100,345.5,0.0,0.0,0.0,12,347.0,352.0,2,345.5,373.5,0.0,0.0,0.0,0.0,78
2023-05-09 21:12:43,OI311P8100,菜籽油2311沽8100,345.5,0.0,0.0,0.0,12,347.0,352.0,14,345.5,373.5,0.0,0.0,0.0,0.0,78
2023-05-09 21:13:07,OI311P8100,菜籽油2311沽8100,345.5,0.0,0.0,0.0,6,347.0,352.0,14,345.5,373.5,0.0,0.0,0.0,0.0,78
2023-05-09 21:13:08,OI311P8100,菜籽油2311沽8100,345.5,0.0,0.0,0.0,8,346.5,352.0,14,345.5,373.5,0.0,0.0,0.0,0.0,78
2023-05-09 21:13:08,OI311P8100,菜籽油2311沽8100,345.5,0.0,0.0,0.0,2,346.5,352.0,14,345.5,373.5,0.0,0.0,0.0,0.0,78
2023-05-09 21:13:11,OI311P8100,菜籽油2311沽8100,345.5,0.0,0.0,0.0,18,346.0,352.0,14,345.5,373.5,0.0,0.0,0.0,0.0,78
2023-05-09 21:13:13,OI311P8100,菜籽油2311沽8100,345.5,0.0,0.0,0.0,12,346.0,352.0,14,345.5,373.5,0.0,0.0,0.0,0.0,78
2023-05-09 21:13:26,OI311P8100,菜籽油2311沽8100,345.5,0.0,0.0,0.0,12,346.0,350.0,2,345.5,373.5,0.0,0.0,0.0,0.0,78
2023-05-09 21:13:27,OI311P8100,菜籽油2311沽8100,345.5,0.0,0.0,0.0,12,345.5,350.0,2,345.5,373.5,0.0,0.0,0.0,0.0,78
2023-05-09 21:13:27,OI311P8100,菜籽油2311沽8100,345.5,0.0,0.0,0.0,6,345.5,350.0,2,345.5,373.5,0.0,0.0,0.0,0.0,78
2023-05-09 21:13:27,OI311P8100,菜籽油2311沽8100,345.5,0.0,0.0,0.0,12,345.5,350.0,2,345.5,373.5,0.0,0.0,0.0,0.0,78
2023-05-09 21:13:27,OI311P8100,菜籽油2311沽8100,345.5,0.0,0.0,0.0,6,345.5,350.0,2,345.5,373.5,0.0,0.0,0.0,0.0,78
2023-05-09 21:13:30,OI311P8100,菜籽油2311沽8100,345.5,0.0,0.0,0.0,12,345.5,350.0,2,345.5,373.5,0.0,0.0,0.0,0.0,78
2023-05-09 21:13:31,OI311P8100,菜籽油2311沽8100,345.5,0.0,0.0,0.0,6,345.5,350.0,2,345.5,373.5,0.0,0.0,0.0,0.0,78
2023-05-09 21:13:36,OI311P8100,菜籽油2311沽8100,345.5,0.0,0.0,0.0,12,345.5,350.0,2,345.5,373.5,0.0,0.0,0.0,0.0,78
2023-05-09 21:13:39,OI311P8100,菜籽油2311沽8100,345.5,0.0,0.0,0.0,6,345.5,350.0,2,345.5,373.5,0.0,0.0,0.0,0.0,78
2023-05-09 21:13:39,OI311P8100,菜籽油2311沽8100,345.5,0.0,0.0,0.0,12,345.5,350.0,2,345.5,373.5,0.0,0.0,0.0,0.0,78
2023-05-09 21:13:46,OI311P8100,菜籽油2311沽8100,345.5,0.0,0.0,0.0,6,345.0,350.0,2,345.5,373.5,0.0,0.0,0.0,0.0,78
2023-05-09 21:13:46,OI311P8100,菜籽油2311沽8100,345.5,0.0,0.0,0.0,18,344.5,350.0,2,345.5,373.5,0.0,0.0,0.0,0.0,78
2023-05-09 21:13:47,OI311P8100,菜籽油2311沽8100,345.5,0.0,0.0,0.0,12,344.5,350.0,2,345.5,373.5,0.0,0.0,0.0,0.0,78
2023-05-09 21:14:09,OI311P8100,菜籽油2311沽8100,345.5,0.0,0.0,0.0,6,344.5,350.0,2,345.5,373.5,0.0,0.0,0.0,0.0,78
2023-05-09 21:14:09,OI311P8100,菜籽油2311沽8100,345.5,0.0,0.0,0.0,12,344.0,350.0,8,345.5,373.5,0.0,0.0,0.0,0.0,78
2023-05-09 21:14:10,OI311P8100,菜籽油2311沽8100,345.5,0.0,0.0,0.0,12,344.0,348.5,2,345.5,373.5,0.0,0.0,0.0,0.0,78
2023-05-09 21:14:10,OI311P8100,菜籽油2311沽8100,345.5,0.0,0.0,0.0,6,344.0,348.5,2,345.5,373.5,0.0,0.0,0.0,0.0,78
2023-05-09 21:14:11,OI311P8100,菜籽油2311沽8100,345.5,0.0,0.0,0.0,6,344.0,348.5,8,345.5,373.5,0.0,0.0,0.0,0.0,78
2023-05-09 21:14:12,OI311P8100,菜籽油2311沽8100,345.5,0.0,0.0,0.0,12,344.0,348.5,8,345.5,373.5,0.0,0.0,0.0,0.0,78
2023-05-09 21:14:20,OI311P8100,菜籽油2311沽8100,345.5,0.0,0.0,0.0,6,343.5,348.5,8,345.5,373.5,0.0,0.0,0.0,0.0,78
2023-05-09 21:14:21,OI311P8100,菜籽油2311沽8100,345.5,0.0,0.0,0.0,12,343.0,348.5,8,345.5,373.5,0.0,0.0,0.0,0.0,78
2023-05-09 21:14:25,OI311P8100,菜籽油2311沽8100,345.5,0.0,0.0,0.0,6,344.5,348.5,2,345.5,373.5,0.0,0.0,0.0,0.0,78
2023-05-09 21:14:26,OI311P8100,菜籽油2311沽8100,345.5,0.0,0.0,0.0,12,344.5,348.5,2,345.5,373.5,0.0,0.0,0.0,0.0,78
2023-05-09 21:14:26,OI311P8100,菜籽油2311沽8100,345.5,0.0,0.0,0.0,18,344.5,348.5,2,345.5,373.5,0.0,0.0,0.0,0.0,78
2023-05-09 21:14:51,OI311P8100,菜籽油2311沽8100,345.5,0.0,0.0,0.0,24,344.5,348.5,2,345.5,373.5,0.0,0.0,0.0,0.0,78
2023-05-09 21:15:01,OI311P8100,菜籽油2311沽8100,345.5,0.0,0.0,0.0,24,344.5,350.0,2,345.5,373.5,0.0,0.0,0.0,0.0,78
2023-05-09 21:15:01,OI311P8100,菜籽油2311沽8100,345.5,0.0,0.0,0.0,12,346.0,350.0,2,345.5,373.5,0.0,0.0,0.0,0.0,78
2023-05-09 21:15:02,OI311P8100,菜籽油2311沽8100,345.5,0.0,0.0,0.0,6,345.5,350.0,2,345.5,373.5,0.0,0.0,0.0,0.0,78
2023-05-09 21:15:03,OI311P8100,菜籽油2311沽8100,345.5,0.0,0.0,0.0,12,345.0,350.0,2,345.5,373.5,0.0,0.0,0.0,0.0,78
2023-05-09 21:15:25,OI311P8100,菜籽油2311沽8100,345.5,0.0,0.0,0.0,6,345.0,350.0,2,345.5,373.5,0.0,0.0,0.0,0.0,78
2023-05-09 21:15:26,OI311P8100,菜籽油2311沽8100,345.5,0.0,0.0,0.0,24,344.5,350.0,2,345.5,373.5,0.0,0.0,0.0,0.0,78
2023-05-09 21:15:27,OI311P8100,菜籽油2311沽8100,345.5,0.0,0.0,0.0,18,344.5,350.0,2,345.5,373.5,0.0,0.0,0.0,0.0,78
2023-05-09 21:15:32,OI311P8100,菜籽油2311沽8100,345.5,0.0,0.0,0.0,6,345.5,350.0,2,345.5,373.5,0.0,0.0,0.0,0.0,78
2023-05-09 21:15:35,OI311P8100,菜籽油2311沽8100,345.5,0.0,0.0,0.0,12,345.5,350.0,2,345.5,373.5,0.0,0.0,0.0,0.0,78
2023-05-09 21:15:47,OI311P8100,菜籽油2311沽8100,345.5,0.0,0.0,0.0,18,345.5,350.0,2,345.5,373.5,0.0,0.0,0.0,0.0,78
2023-05-09 21:16:06,OI311P8100,菜籽油2311沽8100,345.5,0.0,0.0,0.0,24,345.5,350.0,2,345.5,373.5,0.0,0.0,0.0,0.0,78
2023-05-09 21:16:56,OI311P8100,菜籽油2311沽8100,345.5,0.0,0.0,0.0,18,345.5,350.0,2,345.5,373.5,0.0,0.0,0.0,0.0,78
2023-05-09 21:17:11,OI311P8100,菜籽油2311沽8100,345.5,0.0,0.0,0.0,6,345.5,350.0,2,345.5,373.5,0.0,0.0,0.0,0.0,78
2023-05-09 21:17:12,OI311P8100,菜籽油2311沽8100,345.5,0.0,0.0,0.0,20,345.0,350.0,2,345.5,373.5,0.0,0.0,0.0,0.0,78
2023-05-09 21:18:13,OI311P8100,菜籽油2311沽8100,345.5,0.0,0.0,0.0,6,346.0,350.0,2,345.5,373.5,0.0,0.0,0.0,0.0,78
2023-05-09 21:18:14,OI311P8100,菜籽油2311沽8100,345.5,0.0,0.0,0.0,12,346.0,350.0,2,345.5,373.5,0.0,0.0,0.0,0.0,78
2023-05-09 21:18:16,OI311P8100,菜籽油2311沽8100,345.5,0.0,0.0,0.0,6,346.0,350.0,2,345.5,373.5,0.0,0.0,0.0,0.0,78
2023-05-09 21:18:43,OI311P8100,菜籽油2311沽8100,345.5,0.0,0.0,0.0,12,346.0,350.0,2,345.5,373.5,0.0,0.0,0.0,0.0,78
2023-05-09 21:18:45,OI311P8100,菜籽油2311沽8100,345.5,0.0,0.0,0.0,6,346.5,351.5,12,345.5,373.5,0.0,0.0,0.0,0.0,78
2023-05-09 21:18:45,OI311P8100,菜籽油2311沽8100,345.5,0.0,0.0,0.0,18,346.5,352.5,12,345.5,373.5,0.0,0.0,0.0,0.0,78
2023-05-09 21:18:46,OI311P8100,菜籽油2311沽8100,345.5,0.0,0.0,0.0,6,347.5,354.0,2,345.5,373.5,0.0,0.0,0.0,0.0,78
2023-05-09 21:19:09,OI311P8100,菜籽油2311沽8100,345.5,0.0,0.0,0.0,6,348.5,354.0,2,345.5,373.5,0.0,0.0,0.0,0.0,78
2023-05-09 21:19:09,OI311P8100,菜籽油2311沽8100,345.5,0.0,0.0,0.0,12,348.5,354.0,2,345.5,373.5,0.0,0.0,0.0,0.0,78
2023-05-09 21:19:10,OI311P8100,菜籽油2311沽8100,345.5,0.0,0.0,0.0,18,348.5,354.0,2,345.5,373.5,0.0,0.0,0.0,0.0,78
2023-05-09 21:19:13,OI311P8100,菜籽油2311沽8100,345.5,0.0,0.0,0.0,20,348.5,354.0,2,345.5,373.5,0.0,0.0,0.0,0.0,78
2023-05-09 21:19:14,OI311P8100,菜籽油2311沽8100,345.5,0.0,0.0,0.0,26,348.5,354.0,2,345.5,373.5,0.0,0.0,0.0,0.0,78
2023-05-09 21:19:14,OI311P8100,菜籽油2311沽8100,345.5,0.0,0.0,0.0,6,349.5,354.0,2,345.5,373.5,0.0,0.0,0.0,0.0,78
2023-05-09 21:19:21,OI311P8100,菜籽油2311沽8100,345.5,0.0,0.0,0.0,12,349.5,354.0,2,345.5,373.5,0.0,0.0,0.0,0.0,78
2023-05-09 21:19:50,OI311P8100,菜籽油2311沽8100,345.5,0.0,0.0,0.0,18,349.5,354.0,2,345.5,373.5,0.0,0.0,0.0,0.0,78
2023-05-09 21:19:50,OI311P8100,菜籽油2311沽8100,345.5,0.0,0.0,0.0,6,350.5,355.5,12,345.5,373.5,0.0,0.0,0.0,0.0,78
2023-05-09 21:19:51,OI311P8100,菜籽油2311沽8100,345.5,0.0,0.0,0.0,8,350.5,356.5,6,345.5,373.5,0.0,0.0,0.0,0.0,78
2023-05-09 21:19:52,OI311P8100,菜籽油2311沽8100,345.5,0.0,0.0,0.0,8,350.5,357.0,12,345.5,373.5,0.0,0.0,0.0,0.0,78
2023-05-09 21:19:52,OI311P8100,菜籽油2311沽8100,345.5,0.0,0.0,0.0,8,350.5,357.0,14,345.5,373.5,0.0,0.0,0.0,0.0,78
2023-05-09 21:19:55,OI311P8100,菜籽油2311沽8100,345.5,0.0,0.0,0.0,8,350.5,357.0,8,345.5,373.5,0.0,0.0,0.0,0.0,78
2023-05-09 21:20:04,OI311P8100,菜籽油2311沽8100,345.5,0.0,0.0,0.0,6,351.5,357.0,8,345.5,373.5,0.0,0.0,0.0,0.0,78
2023-05-09 21:20:05,OI311P8100,菜籽油2311沽8100,345.5,0.0,0.0,0.0,18,351.5,357.0,8,345.5,373.5,0.0,0.0,0.0,0.0,78
2023-05-09 21:20:07,OI311P8100,菜籽油2311沽8100,345.5,0.0,0.0,0.0,12,351.5,357.0,8,345.5,373.5,0.0,0.0,0.0,0.0,78
2023-05-09 21:20:14,OI311P8100,菜籽油2311沽8100,345.5,0.0,0.0,0.0,12,351.5,357.0,14,345.5,373.5,0.0,0.0,0.0,0.0,78
2023-05-09 21:20:17,OI311P8100,菜籽油2311沽8100,345.5,0.0,0.0,0.0,12,351.5,357.0,20,345.5,373.5,0.0,0.0,0.0,0.0,78
2023-05-09 21:20:41,OI311P8100,菜籽油2311沽8100,345.5,0.0,0.0,0.0,18,351.0,357.0,32,345.5,373.5,0.0,0.0,0.0,0.0,78
2023-05-09 21:20:41,OI311P8100,菜籽油2311沽8100,345.5,0.0,0.0,0.0,12,351.0,357.0,32,345.5,373.5,0.0,0.0,0.0,0.0,78
2023-05-09 21:21:03,OI311P8100,菜籽油2311沽8100,345.5,0.0,0.0,0.0,6,351.0,355.0,8,345.5,373.5,0.0,0.0,0.0,0.0,78
2023-05-09 21:21:04,OI311P8100,菜籽油2311沽8100,345.5,0.0,0.0,0.0,8,350.5,355.0,8,345.5,373.5,0.0,0.0,0.0,0.0,78
2023-05-09 21:21:04,OI311P8100,菜籽油2311沽8100,345.5,0.0,0.0,0.0,14,350.5,355.0,8,345.5,373.5,0.0,0.0,0.0,0.0,78
2023-05-09 21:21:09,OI311P8100,菜籽油2311沽8100,345.5,0.0,0.0,0.0,8,350.5,355.0,14,345.5,373.5,0.0,0.0,0.0,0.0,78
2023-05-09 21:21:13,OI311P8100,菜籽油2311沽8100,345.5,0.0,0.0,0.0,2,350.5,355.0,8,345.5,373.5,0.0,0.0,0.0,0.0,78
2023-05-09 21:21:13,OI311P8100,菜籽油2311沽8100,345.5,0.0,0.0,0.0,2,350.5,355.0,2,345.5,373.5,0.0,0.0,0.0,0.0,78
2023-05-09 21:21:32,OI311P8100,菜籽油2311沽8100,345.5,0.0,0.0,0.0,12,350.0,355.0,2,345.5,373.5,0.0,0.0,0.0,0.0,78
2023-05-09 21:21:32,OI311P8100,菜籽油2311沽8100,345.5,0.0,0.0,0.0,6,350.0,355.0,2,345.5,373.5,0.0,0.0,0.0,0.0,78
2023-05-09 21:21:33,OI311P8100,菜籽油2311沽8100,345.5,0.0,0.0,0.0,12,349.5,355.0,2,345.5,373.5,0.0,0.0,0.0,0.0,78
2023-05-09 21:22:20,OI311P8100,菜籽油2311沽8100,345.5,0.0,0.0,0.0,12,350.5,355.0,2,345.5,373.5,0.0,0.0,0.0,0.0,78
2023-05-09 21:22:21,OI311P8100,菜籽油2311沽8100,345.5,0.0,0.0,0.0,18,350.5,355.0,2,345.5,373.5,0.0,0.0,0.0,0.0,78
2023-05-09 21:22:29,OI311P8100,菜籽油2311沽8100,345.5,0.0,0.0,0.0,12,350.5,355.0,2,345.5,373.5,0.0,0.0,0.0,0.0,78
2023-05-09 21:23:03,OI311P8100,菜籽油2311沽8100,345.5,0.0,0.0,0.0,6,350.0,355.0,2,345.5,373.5,0.0,0.0,0.0,0.0,78
2023-05-09 21:23:03,OI311P8100,菜籽油2311沽8100,345.5,0.0,0.0,0.0,12,349.5,355.0,2,345.5,373.5,0.0,0.0,0.0,0.0,78
2023-05-09 21:23:06,OI311P8100,菜籽油2311沽8100,345.5,0.0,0.0,0.0,12,349.5,355.0,8,345.5,373.5,0.0,0.0,0.0,0.0,78
2023-05-09 21:24:13,OI311P8100,菜籽油2311沽8100,345.5,0.0,0.0,0.0,12,349.5,355.0,2,345.5,373.5,0.0,0.0,0.0,0.0,78
2023-05-09 21:24:24,OI311P8100,菜籽油2311沽8100,345.5,0.0,0.0,0.0,18,349.5,355.0,2,345.5,373.5,0.0,0.0,0.0,0.0,78
2023-05-09 21:24:41,OI311P8100,菜籽油2311沽8100,345.5,0.0,0.0,0.0,2,350.0,355.0,2,345.5,373.5,0.0,0.0,0.0,0.0,78
2023-05-09 21:24:41,OI311P8100,菜籽油2311沽8100,345.5,0.0,0.0,0.0,8,350.0,355.0,2,345.5,373.5,0.0,0.0,0.0,0.0,78
2023-05-09 21:24:43,OI311P8100,菜籽油2311沽8100,345.5,0.0,0.0,0.0,6,350.5,355.0,2,345.5,373.5,0.0,0.0,0.0,0.0,78
2023-05-09 21:24:53,OI311P8100,菜籽油2311沽8100,345.5,0.0,0.0,0.0,24,350.5,357.0,14,345.5,373.5,0.0,0.0,0.0,0.0,78
2023-05-09 21:24:54,OI311P8100,菜籽油2311沽8100,345.5,0.0,0.0,0.0,24,350.5,357.0,8,345.5,373.5,0.0,0.0,0.0,0.0,78
2023-05-09 21:24:55,OI311P8100,菜籽油2311沽8100,345.5,0.0,0.0,0.0,24,350.5,357.0,2,345.5,373.5,0.0,0.0,0.0,0.0,78
2023-05-09 21:24:57,OI311P8100,菜籽油2311沽8100,345.5,0.0,0.0,0.0,6,351.5,357.0,2,345.5,373.5,0.0,0.0,0.0,0.0,78
2023-05-09 21:25:03,OI311P8100,菜籽油2311沽8100,345.5,0.0,0.0,0.0,6,351.5,357.0,8,345.5,373.5,0.0,0.0,0.0,0.0,78
2023-05-09 21:25:03,OI311P8100,菜籽油2311沽8100,345.5,0.0,0.0,0.0,12,351.5,357.0,8,345.5,373.5,0.0,0.0,0.0,0.0,78
2023-05-09 21:25:09,OI311P8100,菜籽油2311沽8100,345.5,0.0,0.0,0.0,6,352.5,357.0,2,345.5,373.5,0.0,0.0,0.0,0.0,78
2023-05-09 21:25:09,OI311P8100,菜籽油2311沽8100,345.5,0.0,0.0,0.0,18,352.5,357.0,2,345.5,373.5,0.0,0.0,0.0,0.0,78
2023-05-09 21:25:18,OI311P8100,菜籽油2311沽8100,345.5,0.0,0.0,0.0,12,352.5,357.0,2,345.5,373.5,0.0,0.0,0.0,0.0,78
2023-05-09 21:25:43,OI311P8100,菜籽油2311沽8100,345.5,0.0,0.0,0.0,6,353.0,357.0,2,345.5,373.5,0.0,0.0,0.0,0.0,78
2023-05-09 21:25:52,OI311P8100,菜籽油2311沽8100,345.5,0.0,0.0,0.0,12,352.5,357.0,2,345.5,373.5,0.0,0.0,0.0,0.0,78
2023-05-09 21:26:03,OI311P8100,菜籽油2311沽8100,345.5,0.0,0.0,0.0,12,352.0,357.0,8,345.5,373.5,0.0,0.0,0.0,0.0,78
2023-05-09 21:26:03,OI311P8100,菜籽油2311沽8100,345.5,0.0,0.0,0.0,12,351.0,357.0,8,345.5,373.5,0.0,0.0,0.0,0.0,78
2023-05-09 21:26:04,OI311P8100,菜籽油2311沽8100,345.5,0.0,0.0,0.0,6,350.5,355.0,2,345.5,373.5,0.0,0.0,0.0,0.0,78
2023-05-09 21:26:04,OI311P8100,菜籽油2311沽8100,345.5,0.0,0.0,0.0,8,350.0,355.0,2,345.5,373.5,0.0,0.0,0.0,0.0,78
2023-05-09 21:26:05,OI311P8100,菜籽油2311沽8100,345.5,0.0,0.0,0.0,6,351.0,355.0,2,345.5,373.5,0.0,0.0,0.0,0.0,78
2023-05-09 21:26:06,OI311P8100,菜籽油2311沽8100,345.5,0.0,0.0,0.0,12,351.0,355.0,2,345.5,373.5,0.0,0.0,0.0,0.0,78
2023-05-09 21:26:07,OI311P8100,菜籽油2311沽8100,345.5,0.0,0.0,0.0,6,351.0,355.0,2,345.5,373.5,0.0,0.0,0.0,0.0,78
2023-05-09 21:26:07,OI311P8100,菜籽油2311沽8100,345.5,0.0,0.0,0.0,6,350.5,355.0,2,345.5,373.5,0.0,0.0,0.0,0.0,78
2023-05-09 21:26:08,OI311P8100,菜籽油2311沽8100,345.5,0.0,0.0,0.0,14,350.0,355.0,2,345.5,373.5,0.0,0.0,0.0,0.0,78
2023-05-09 21:26:08,OI311P8100,菜籽油2311沽8100,345.5,0.0,0.0,0.0,6,350.5,355.0,2,345.5,373.5,0.0,0.0,0.0,0.0,78
2023-05-09 21:26:11,OI311P8100,菜籽油2311沽8100,345.5,0.0,0.0,0.0,12,350.5,355.0,2,345.5,373.5,0.0,0.0,0.0,0.0,78
2023-05-09 21:26:14,OI311P8100,菜籽油2311沽8100,345.5,0.0,0.0,0.0,6,350.5,355.0,2,345.5,373.5,0.0,0.0,0.0,0.0,78
2023-05-09 21:26:14,OI311P8100,菜籽油2311沽8100,345.5,0.0,0.0,0.0,26,350.0,355.0,2,345.5,373.5,0.0,0.0,0.0,0.0,78
2023-05-09 21:26:27,OI311P8100,菜籽油2311沽8100,345.5,0.0,0.0,0.0,6,351.0,355.0,2,345.5,373.5,0.0,0.0,0.0,0.0,78
2023-05-09 21:26:27,OI311P8100,菜籽油2311沽8100,345.5,0.0,0.0,0.0,12,351.0,355.0,2,345.5,373.5,0.0,0.0,0.0,0.0,78
2023-05-09 21:26:36,OI311P8100,菜籽油2311沽8100,345.5,0.0,0.0,0.0,6,350.5,355.0,2,345.5,373.5,0.0,0.0,0.0,0.0,78
2023-05-09 21:26:36,OI311P8100,菜籽油2311沽8100,345.5,0.0,0.0,0.0,32,350.0,355.0,2,345.5,373.5,0.0,0.0,0.0,0.0,78
2023-05-09 21:26:59,OI311P8100,菜籽油2311沽8100,345.5,0.0,0.0,0.0,6,351.0,355.0,2,345.5,373.5,0.0,0.0,0.0,0.0,78
2023-05-09 21:27:01,OI311P8100,菜籽油2311沽8100,345.5,0.0,0.0,0.0,12,351.0,355.0,2,345.5,373.5,0.0,0.0,0.0,0.0,78
2023-05-09 21:27:01,OI311P8100,菜籽油2311沽8100,345.5,0.0,0.0,0.0,18,351.0,355.0,2,345.5,373.5,0.0,0.0,0.0,0.0,78
2023-05-09 21:27:04,OI311P8100,菜籽油2311沽8100,345.5,0.0,0.0,0.0,12,351.0,355.0,2,345.5,373.5,0.0,0.0,0.0,0.0,78
2023-05-09 21:28:23,OI311P8100,菜籽油2311沽8100,345.5,0.0,0.0,0.0,6,351.0,355.0,2,345.5,373.5,0.0,0.0,0.0,0.0,78
2023-05-09 21:28:24,OI311P8100,菜籽油2311沽8100,345.5,0.0,0.0,0.0,12,350.5,355.0,2,345.5,373.5,0.0,0.0,0.0,0.0,78
2023-05-09 21:28:27,OI311P8100,菜籽油2311沽8100,345.5,0.0,0.0,0.0,12,350.5,355.0,8,345.5,373.5,0.0,0.0,0.0,0.0,78
2023-05-09 21:28:28,OI311P8100,菜籽油2311沽8100,345.5,0.0,0.0,0.0,20,350.0,355.0,14,345.5,373.5,0.0,0.0,0.0,0.0,78
2023-05-09 21:28:29,OI311P8100,菜籽油2311沽8100,345.5,0.0,0.0,0.0,12,350.5,355.0,8,345.5,373.5,0.0,0.0,0.0,0.0,78
2023-05-09 21:28:35,OI311P8100,菜籽油2311沽8100,345.5,0.0,0.0,0.0,6,350.5,355.0,8,345.5,373.5,0.0,0.0,0.0,0.0,78
2023-05-09 21:28:35,OI311P8100,菜籽油2311沽8100,345.5,0.0,0.0,0.0,26,350.0,355.0,8,345.5,373.5,0.0,0.0,0.0,0.0,78
2023-05-09 21:28:50,OI311P8100,菜籽油2311沽8100,345.5,0.0,0.0,0.0,32,350.0,355.0,8,345.5,373.5,0.0,0.0,0.0,0.0,78
2023-05-09 21:28:51,OI311P8100,菜籽油2311沽8100,345.5,0.0,0.0,0.0,6,351.0,355.0,2,345.5,373.5,0.0,0.0,0.0,0.0,78
2023-05-09 21:28:52,OI311P8100,菜籽油2311沽8100,345.5,0.0,0.0,0.0,26,350.0,355.0,2,345.5,373.5,0.0,0.0,0.0,0.0,78
2023-05-09 21:29:02,OI311P8100,菜籽油2311沽8100,345.5,0.0,0.0,0.0,12,351.0,355.0,2,345.5,373.5,0.0,0.0,0.0,0.0,78
2023-05-09 21:29:06,OI311P8100,菜籽油2311沽8100,345.5,0.0,0.0,0.0,18,351.0,355.0,2,345.5,373.5,0.0,0.0,0.0,0.0,78
2023-05-09 21:29:07,OI311P8100,菜籽油2311沽8100,345.5,0.0,0.0,0.0,12,351.0,355.0,2,345.5,373.5,0.0,0.0,0.0,0.0,78
2023-05-09 21:29:08,OI311P8100,菜籽油2311沽8100,345.5,0.0,0.0,0.0,24,350.5,355.0,2,345.5,373.5,0.0,0.0,0.0,0.0,78
2023-05-09 21:29:08,OI311P8100,菜籽油2311沽8100,345.5,0.0,0.0,0.0,18,350.5,355.0,2,345.5,373.5,0.0,0.0,0.0,0.0,78
2023-05-09 21:29:11,OI311P8100,菜籽油2311沽8100,345.5,0.0,0.0,0.0,12,350.5,355.0,2,345.5,373.5,0.0,0.0,0.0,0.0,78
2023-05-09 21:29:12,OI311P8100,菜籽油2311沽8100,345.5,0.0,0.0,0.0,38,350.0,355.0,2,345.5,373.5,0.0,0.0,0.0,0.0,78
2023-05-09 21:29:12,OI311P8100,菜籽油2311沽8100,345.5,0.0,0.0,0.0,32,350.0,355.0,2,345.5,373.5,0.0,0.0,0.0,0.0,78
2023-05-09 21:29:18,OI311P8100,菜籽油2311沽8100,345.5,0.0,0.0,0.0,26,350.0,355.0,2,345.5,373.5,0.0,0.0,0.0,0.0,78
2023-05-09 21:29:26,OI311P8100,菜籽油2311沽8100,345.5,0.0,0.0,0.0,20,350.0,355.0,2,345.5,373.5,0.0,0.0,0.0,0.0,78
2023-05-09 21:29:27,OI311P8100,菜籽油2311沽8100,345.5,0.0,0.0,0.0,14,350.0,355.0,14,345.5,373.5,0.0,0.0,0.0,0.0,78
2023-05-09 21:29:29,OI311P8100,菜籽油2311沽8100,345.5,0.0,0.0,0.0,2,350.0,355.0,14,345.5,373.5,0.0,0.0,0.0,0.0,78
2023-05-09 21:29:34,OI311P8100,菜籽油2311沽8100,345.5,0.0,0.0,0.0,2,350.0,355.0,20,345.5,373.5,0.0,0.0,0.0,0.0,78
2023-05-09 21:29:50,OI311P8100,菜籽油2311沽8100,345.5,0.0,0.0,0.0,8,350.0,355.0,20,345.5,373.5,0.0,0.0,0.0,0.0,78
2023-05-09 21:29:50,OI311P8100,菜籽油2311沽8100,345.5,0.0,0.0,0.0,14,350.0,355.0,14,345.5,373.5,0.0,0.0,0.0,0.0,78
2023-05-09 21:29:53,OI311P8100,菜籽油2311沽8100,345.5,0.0,0.0,0.0,8,350.0,355.0,14,345.5,373.5,0.0,0.0,0.0,0.0,78
2023-05-09 21:30:00,OI311P8100,菜籽油2311沽8100,345.5,0.0,0.0,0.0,14,350.0,355.0,14,345.5,373.5,0.0,0.0,0.0,0.0,78
2023-05-09 21:30:02,OI311P8100,菜籽油2311沽8100,345.5,0.0,0.0,0.0,12,350.5,355.0,8,345.5,373.5,0.0,0.0,0.0,0.0,78
2023-05-09 21:30:02,OI311P8100,菜籽油2311沽8100,345.5,0.0,0.0,0.0,18,350.5,355.0,8,345.5,373.5,0.0,0.0,0.0,0.0,78
2023-05-09 21:30:07,OI311P8100,菜籽油2311沽8100,345.5,0.0,0.0,0.0,6,350.5,355.0,8,345.5,373.5,0.0,0.0,0.0,0.0,78
2023-05-09 21:30:07,OI311P8100,菜籽油2311沽8100,345.5,0.0,0.0,0.0,26,350.0,355.0,8,345.5,373.5,0.0,0.0,0.0,0.0,78
2023-05-09 21:30:09,OI311P8100,菜籽油2311沽8100,345.5,0.0,0.0,0.0,26,350.0,355.0,2,345.5,373.5,0.0,0.0,0.0,0.0,78
2023-05-09 21:30:11,OI311P8100,菜籽油2311沽8100,345.5,0.0,0.0,0.0,6,350.5,355.0,2,345.5,373.5,0.0,0.0,0.0,0.0,78
2023-05-09 21:30:16,OI311P8100,菜籽油2311沽8100,345.5,0.0,0.0,0.0,18,350.5,356.5,12,345.5,373.5,0.0,0.0,0.0,0.0,78
2023-05-09 21:30:17,OI311P8100,菜籽油2311沽8100,345.5,0.0,0.0,0.0,24,350.5,357.0,14,345.5,373.5,0.0,0.0,0.0,0.0,78
2023-05-09 21:30:17,OI311P8100,菜籽油2311沽8100,345.5,0.0,0.0,0.0,24,350.5,357.0,2,345.5,373.5,0.0,0.0,0.0,0.0,78
2023-05-09 21:30:19,OI311P8100,菜籽油2311沽8100,345.5,0.0,0.0,0.0,6,351.5,357.0,2,345.5,373.5,0.0,0.0,0.0,0.0,78
2023-05-09 21:30:19,OI311P8100,菜籽油2311沽8100,345.5,0.0,0.0,0.0,20,351.5,357.0,2,345.5,373.5,0.0,0.0,0.0,0.0,78
2023-05-09 21:30:21,OI311P8100,菜籽油2311沽8100,345.5,0.0,0.0,0.0,6,352.0,357.0,2,345.5,373.5,0.0,0.0,0.0,0.0,78
2023-05-09 21:30:22,OI311P8100,菜籽油2311沽8100,345.5,0.0,0.0,0.0,12,352.5,357.0,2,345.5,373.5,0.0,0.0,0.0,0.0,78
2023-05-09 21:30:22,OI311P8100,菜籽油2311沽8100,345.5,0.0,0.0,0.0,24,352.5,357.0,2,345.5,373.5,0.0,0.0,0.0,0.0,78
2023-05-09 21:30:23,OI311P8100,菜籽油2311沽8100,345.5,0.0,0.0,0.0,6,354.0,359.0,12,345.5,373.5,0.0,0.0,0.0,0.0,78
2023-05-09 21:30:23,OI311P8100,菜籽油2311沽8100,345.5,0.0,0.0,0.0,12,354.0,359.0,6,345.5,373.5,0.0,0.0,0.0,0.0,78
2023-05-09 21:30:24,OI311P8100,菜籽油2311沽8100,345.5,0.0,0.0,0.0,18,354.0,360.5,14,345.5,373.5,0.0,0.0,0.0,0.0,78
2023-05-09 21:30:27,OI311P8100,菜籽油2311沽8100,345.5,0.0,0.0,0.0,24,354.0,360.5,8,345.5,373.5,0.0,0.0,0.0,0.0,78
2023-05-09 21:30:28,OI311P8100,菜籽油2311沽8100,345.5,0.0,0.0,0.0,6,355.0,360.5,2,345.5,373.5,0.0,0.0,0.0,0.0,78
2023-05-09 21:30:30,OI311P8100,菜籽油2311沽8100,345.5,0.0,0.0,0.0,24,354.0,360.5,2,345.5,373.5,0.0,0.0,0.0,0.0,78
2023-05-09 21:30:31,OI311P8100,菜籽油2311沽8100,345.5,0.0,0.0,0.0,24,354.0,360.5,8,345.5,373.5,0.0,0.0,0.0,0.0,78
2023-05-09 21:30:32,OI311P8100,菜籽油2311沽8100,345.5,0.0,0.0,0.0,6,355.0,360.5,8,345.5,373.5,0.0,0.0,0.0,0.0,78
2023-05-09 21:30:33,OI311P8100,菜籽油2311沽8100,345.5,0.0,0.0,0.0,12,355.0,360.5,2,345.5,373.5,0.0,0.0,0.0,0.0,78
2023-05-09 21:30:36,OI311P8100,菜籽油2311沽8100,345.5,0.0,0.0,0.0,18,355.0,360.5,2,345.5,373.5,0.0,0.0,0.0,0.0,78
2023-05-09 21:30:44,OI311P8100,菜籽油2311沽8100,345.5,0.0,0.0,0.0,24,355.0,360.5,2,345.5,373.5,0.0,0.0,0.0,0.0,78
2023-05-09 21:30:55,OI311P8100,菜籽油2311沽8100,345.5,0.0,0.0,0.0,6,356.0,360.5,2,345.5,373.5,0.0,0.0,0.0,0.0,78
2023-05-09 21:30:57,OI311P8100,菜籽油2311沽8100,345.5,0.0,0.0,0.0,12,356.0,360.5,2,345.5,373.5,0.0,0.0,0.0,0.0,78
2023-05-09 21:31:12,OI311P8100,菜籽油2311沽8100,345.5,0.0,0.0,0.0,6,357.0,360.5,2,345.5,373.5,0.0,0.0,0.0,0.0,78
2023-05-09 21:31:13,OI311P8100,菜籽油2311沽8100,345.5,0.0,0.0,0.0,24,357.0,360.5,2,345.5,373.5,0.0,0.0,0.0,0.0,78
2023-05-09 21:31:13,OI311P8100,菜籽油2311沽8100,345.5,0.0,0.0,0.0,18,357.0,360.5,2,345.5,373.5,0.0,0.0,0.0,0.0,78
2023-05-09 21:31:14,OI311P8100,菜籽油2311沽8100,345.5,0.0,0.0,0.0,24,357.0,360.5,2,345.5,373.5,0.0,0.0,0.0,0.0,78
2023-05-09 21:31:14,OI311P8100,菜籽油2311沽8100,345.5,0.0,0.0,0.0,18,357.0,360.5,2,345.5,373.5,0.0,0.0,0.0,0.0,78
2023-05-09 21:31:18,OI311P8100,菜籽油2311沽8100,345.5,0.0,0.0,0.0,6,357.0,360.5,2,345.5,373.5,0.0,0.0,0.0,0.0,78
2023-05-09 21:31:18,OI311P8100,菜籽油2311沽8100,345.5,0.0,0.0,0.0,6,355.5,360.5,8,345.5,373.5,0.0,0.0,0.0,0.0,78
2023-05-09 21:31:19,OI311P8100,菜籽油2311沽8100,345.5,0.0,0.0,0.0,12,355.5,360.5,8,345.5,373.5,0.0,0.0,0.0,0.0,78
2023-05-09 21:31:21,OI311P8100,菜籽油2311沽8100,345.5,0.0,0.0,0.0,6,356.5,360.5,8,345.5,373.5,0.0,0.0,0.0,0.0,78
2023-05-09 21:31:21,OI311P8100,菜籽油2311沽8100,345.5,0.0,0.0,0.0,12,356.5,360.5,8,345.5,373.5,0.0,0.0,0.0,0.0,78
2023-05-09 21:31:25,OI311P8100,菜籽油2311沽8100,345.5,0.0,0.0,0.0,12,356.5,360.5,2,345.5,373.5,0.0,0.0,0.0,0.0,78
2023-05-09 21:31:26,OI311P8100,菜籽油2311沽8100,345.5,0.0,0.0,0.0,18,356.5,360.5,2,345.5,373.5,0.0,0.0,0.0,0.0,78
2023-05-09 21:31:45,OI311P8100,菜籽油2311沽8100,345.5,0.0,0.0,0.0,24,356.5,361.5,6,345.5,373.5,0.0,0.0,0.0,0.0,78
2023-05-09 21:31:46,OI311P8100,菜籽油2311沽8100,345.5,0.0,0.0,0.0,24,356.5,363.0,18,345.5,373.5,0.0,0.0,0.0,0.0,78
2023-05-09 21:31:46,OI311P8100,菜籽油2311沽8100,345.5,0.0,0.0,0.0,24,356.5,363.0,6,345.5,373.5,0.0,0.0,0.0,0.0,78
2023-05-09 21:31:48,OI311P8100,菜籽油2311沽8100,345.5,0.0,0.0,0.0,30,356.5,363.0,6,345.5,373.5,0.0,0.0,0.0,0.0,78
2023-05-09 21:31:56,OI311P8100,菜籽油2311沽8100,345.5,0.0,0.0,0.0,24,356.5,363.0,6,345.5,373.5,0.0,0.0,0.0,0.0,78
2023-05-09 21:31:57,OI311P8100,菜籽油2311沽8100,345.5,0.0,0.0,0.0,30,356.5,363.0,12,345.5,373.5,0.0,0.0,0.0,0.0,78
2023-05-09 21:31:58,OI311P8100,菜籽油2311沽8100,345.5,0.0,0.0,0.0,24,356.5,363.0,12,345.5,373.5,0.0,0.0,0.0,0.0,78
2023-05-09 21:32:13,OI311P8100,菜籽油2311沽8100,345.5,0.0,0.0,0.0,12,357.5,363.0,6,345.5,373.5,0.0,0.0,0.0,0.0,78
2023-05-09 21:32:13,OI311P8100,菜籽油2311沽8100,345.5,0.0,0.0,0.0,18,357.5,363.0,6,345.5,373.5,0.0,0.0,0.0,0.0,78
2023-05-09 21:32:18,OI311P8100,菜籽油2311沽8100,345.5,0.0,0.0,0.0,18,357.5,363.5,14,345.5,373.5,0.0,0.0,0.0,0.0,78
2023-05-09 21:32:18,OI311P8100,菜籽油2311沽8100,345.5,0.0,0.0,0.0,30,357.5,363.5,8,345.5,373.5,0.0,0.0,0.0,0.0,78
2023-05-09 21:32:19,OI311P8100,菜籽油2311沽8100,345.5,0.0,0.0,0.0,12,358.5,363.5,2,345.5,373.5,0.0,0.0,0.0,0.0,78
2023-05-09 21:32:19,OI311P8100,菜籽油2311沽8100,345.5,0.0,0.0,0.0,18,358.5,363.5,2,345.5,373.5,0.0,0.0,0.0,0.0,78
2023-05-09 21:32:20,OI311P8100,菜籽油2311沽8100,345.5,0.0,0.0,0.0,6,359.5,363.5,2,345.5,373.5,0.0,0.0,0.0,0.0,78
2023-05-09 21:32:21,OI311P8100,菜籽油2311沽8100,345.5,0.0,0.0,0.0,18,359.5,363.5,2,345.5,373.5,0.0,0.0,0.0,0.0,78
2023-05-09 21:32:22,OI311P8100,菜籽油2311沽8100,345.5,0.0,0.0,0.0,24,359.5,363.5,2,345.5,373.5,0.0,0.0,0.0,0.0,78
2023-05-09 21:32:24,OI311P8100,菜籽油2311沽8100,345.5,0.0,0.0,0.0,30,359.5,365.5,6,345.5,373.5,0.0,0.0,0.0,0.0,78
2023-05-09 21:32:24,OI311P8100,菜籽油2311沽8100,345.5,0.0,0.0,0.0,30,359.5,366.0,6,345.5,373.5,0.0,0.0,0.0,0.0,78
2023-05-09 21:32:25,OI311P8100,菜籽油2311沽8100,345.5,0.0,0.0,0.0,6,361.0,366.5,2,345.5,373.5,0.0,0.0,0.0,0.0,78
2023-05-09 21:32:25,OI311P8100,菜籽油2311沽8100,345.5,0.0,0.0,0.0,18,361.0,366.5,2,345.5,373.5,0.0,0.0,0.0,0.0,78
2023-05-09 21:32:26,OI311P8100,菜籽油2311沽8100,345.5,0.0,0.0,0.0,6,362.0,366.5,2,345.5,373.5,0.0,0.0,0.0,0.0,78
2023-05-09 21:32:26,OI311P8100,菜籽油2311沽8100,345.5,0.0,0.0,0.0,6,362.0,368.0,12,345.5,373.5,0.0,0.0,0.0,0.0,78
2023-05-09 21:32:27,OI311P8100,菜籽油2311沽8100,345.5,0.0,0.0,0.0,18,363.5,370.0,6,345.5,373.5,0.0,0.0,0.0,0.0,78
2023-05-09 21:32:27,OI311P8100,菜籽油2311沽8100,345.5,0.0,0.0,0.0,12,363.5,370.0,6,345.5,373.5,0.0,0.0,0.0,0.0,78
2023-05-09 21:32:29,OI311P8100,菜籽油2311沽8100,345.5,0.0,0.0,0.0,18,363.5,369.0,2,345.5,373.5,0.0,0.0,0.0,0.0,78
2023-05-09 21:32:29,OI311P8100,菜籽油2311沽8100,345.5,0.0,0.0,0.0,12,363.5,369.0,2,345.5,373.5,0.0,0.0,0.0,0.0,78
2023-05-09 21:32:32,OI311P8100,菜籽油2311沽8100,345.5,0.0,0.0,0.0,24,363.5,369.0,2,345.5,373.5,0.0,0.0,0.0,0.0,78
2023-05-09 21:32:37,OI311P8100,菜籽油2311沽8100,345.5,0.0,0.0,0.0,12,365.0,369.0,2,345.5,373.5,0.0,0.0,0.0,0.0,78
2023-05-09 21:32:38,OI311P8100,菜籽油2311沽8100,345.5,0.0,0.0,0.0,6,364.5,369.0,2,345.5,373.5,0.0,0.0,0.0,0.0,78
2023-05-09 21:32:39,OI311P8100,菜籽油2311沽8100,345.5,0.0,0.0,0.0,12,364.0,369.0,2,345.5,373.5,0.0,0.0,0.0,0.0,78
2023-05-09 21:32:48,OI311P8100,菜籽油2311沽8100,345.5,0.0,0.0,0.0,6,364.0,369.0,2,345.5,373.5,0.0,0.0,0.0,0.0,78
2023-05-09 21:32:48,OI311P8100,菜籽油2311沽8100,345.5,0.0,0.0,0.0,24,363.5,369.0,2,345.5,373.5,0.0,0.0,0.0,0.0,78
2023-05-09 21:32:53,OI311P8100,菜籽油2311沽8100,345.5,0.0,0.0,0.0,18,363.5,369.0,8,345.5,373.5,0.0,0.0,0.0,0.0,78
2023-05-09 21:32:55,OI311P8100,菜籽油2311沽8100,345.5,0.0,0.0,0.0,18,363.5,368.5,6,345.5,373.5,0.0,0.0,0.0,0.0,78
2023-05-09 21:32:59,OI311P8100,菜籽油2311沽8100,345.5,0.0,0.0,0.0,6,363.5,368.5,12,345.5,373.5,0.0,0.0,0.0,0.0,78
2023-05-09 21:32:59,OI311P8100,菜籽油2311沽8100,345.5,0.0,0.0,0.0,12,363.0,368.5,24,345.5,373.5,0.0,0.0,0.0,0.0,78
2023-05-09 21:33:00,OI311P8100,菜籽油2311沽8100,345.5,0.0,0.0,0.0,14,362.5,368.5,24,345.5,373.5,0.0,0.0,0.0,0.0,78
2023-05-09 21:33:00,OI311P8100,菜籽油2311沽8100,345.5,0.0,0.0,0.0,20,362.5,368.5,18,345.5,373.5,0.0,0.0,0.0,0.0,78
2023-05-09 21:33:03,OI311P8100,菜籽油2311沽8100,345.5,0.0,0.0,0.0,14,362.5,368.5,18,345.5,373.5,0.0,0.0,0.0,0.0,78
2023-05-09 21:33:03,OI311P8100,菜籽油2311沽8100,345.5,0.0,0.0,0.0,2,362.5,367.0,2,345.5,373.5,0.0,0.0,0.0,0.0,78
2023-05-09 21:33:04,OI311P8100,菜籽油2311沽8100,345.5,0.0,0.0,0.0,12,362.0,367.0,2,345.5,373.5,0.0,0.0,0.0,0.0,78
2023-05-09 21:33:05,OI311P8100,菜籽油2311沽8100,345.5,0.0,0.0,0.0,18,361.5,367.0,14,345.5,373.5,0.0,0.0,0.0,0.0,78
2023-05-09 21:33:05,OI311P8100,菜籽油2311沽8100,345.5,0.0,0.0,0.0,12,361.5,366.5,6,345.5,373.5,0.0,0.0,0.0,0.0,78
2023-05-09 21:33:06,OI311P8100,菜籽油2311沽8100,345.5,0.0,0.0,0.0,12,361.0,366.5,12,345.5,373.5,0.0,0.0,0.0,0.0,78
2023-05-09 21:33:06,OI311P8100,菜籽油2311沽8100,345.5,0.0,0.0,0.0,6,361.0,366.5,18,345.5,373.5,0.0,0.0,0.0,0.0,78
2023-05-09 21:33:08,OI311P8100,菜籽油2311沽8100,345.5,0.0,0.0,0.0,6,361.0,366.5,12,345.5,373.5,0.0,0.0,0.0,0.0,78
2023-05-09 21:33:12,OI311P8100,菜籽油2311沽8100,345.5,0.0,0.0,0.0,12,361.0,366.5,12,345.5,373.5,0.0,0.0,0.0,0.0,78
2023-05-09 21:33:13,OI311P8100,菜籽油2311沽8100,345.5,0.0,0.0,0.0,6,361.0,366.5,12,345.5,373.5,0.0,0.0,0.0,0.0,78
2023-05-09 21:33:14,OI311P8100,菜籽油2311沽8100,345.5,0.0,0.0,0.0,6,361.0,366.5,6,345.5,373.5,0.0,0.0,0.0,0.0,78
2023-05-09 21:33:14,OI311P8100,菜籽油2311沽8100,345.5,0.0,0.0,0.0,12,361.0,367.0,14,345.5,373.5,0.0,0.0,0.0,0.0,78
2023-05-09 21:33:15,OI311P8100,菜籽油2311沽8100,345.5,0.0,0.0,0.0,18,361.0,367.0,14,345.5,373.5,0.0,0.0,0.0,0.0,78
2023-05-09 21:33:15,OI311P8100,菜籽油2311沽8100,345.5,0.0,0.0,0.0,24,361.0,367.0,8,345.5,373.5,0.0,0.0,0.0,0.0,78
2023-05-09 21:33:16,OI311P8100,菜籽油2311沽8100,345.5,0.0,0.0,0.0,18,361.0,367.0,8,345.5,373.5,0.0,0.0,0.0,0.0,78
2023-05-09 21:33:17,OI311P8100,菜籽油2311沽8100,345.5,0.0,0.0,0.0,18,361.0,367.0,14,345.5,373.5,0.0,0.0,0.0,0.0,78
2023-05-09 21:33:18,OI311P8100,菜籽油2311沽8100,345.5,0.0,0.0,0.0,18,361.0,367.0,8,345.5,373.5,0.0,0.0,0.0,0.0,78
2023-05-09 21:33:23,OI311P8100,菜籽油2311沽8100,345.5,0.0,0.0,0.0,18,361.0,367.0,14,345.5,373.5,0.0,0.0,0.0,0.0,78
2023-05-09 21:33:25,OI311P8100,菜籽油2311沽8100,345.5,0.0,0.0,0.0,18,361.0,367.0,8,345.5,373.5,0.0,0.0,0.0,0.0,78
2023-05-09 21:33:25,OI311P8100,菜籽油2311沽8100,345.5,0.0,0.0,0.0,18,361.0,367.0,14,345.5,373.5,0.0,0.0,0.0,0.0,78
2023-05-09 21:33:27,OI311P8100,菜籽油2311沽8100,345.5,0.0,0.0,0.0,18,361.0,365.5,2,345.5,373.5,0.0,0.0,0.0,0.0,78
2023-05-09 21:33:27,OI311P8100,菜籽油2311沽8100,345.5,0.0,0.0,0.0,6,361.0,365.5,8,345.5,373.5,0.0,0.0,0.0,0.0,78
2023-05-09 21:33:28,OI311P8100,菜籽油2311沽8100,345.5,0.0,0.0,0.0,6,360.5,365.5,14,345.5,373.5,0.0,0.0,0.0,0.0,78
2023-05-09 21:33:29,OI311P8100,菜籽油2311沽8100,345.5,0.0,0.0,0.0,18,360.0,365.5,8,345.5,373.5,0.0,0.0,0.0,0.0,78
2023-05-09 21:33:29,OI311P8100,菜籽油2311沽8100,345.5,0.0,0.0,0.0,24,360.0,365.5,2,345.5,373.5,0.0,0.0,0.0,0.0,78
2023-05-09 21:33:30,OI311P8100,菜籽油2311沽8100,345.5,0.0,0.0,0.0,18,360.0,365.5,2,345.5,373.5,0.0,0.0,0.0,0.0,78
2023-05-09 21:33:31,OI311P8100,菜籽油2311沽8100,345.5,0.0,0.0,0.0,12,360.0,365.5,8,345.5,373.5,0.0,0.0,0.0,0.0,78
2023-05-09 21:33:33,OI311P8100,菜籽油2311沽8100,345.5,0.0,0.0,0.0,12,360.0,365.5,2,345.5,373.5,0.0,0.0,0.0,0.0,78
2023-05-09 21:33:34,OI311P8100,菜籽油2311沽8100,345.5,0.0,0.0,0.0,12,360.0,365.5,14,345.5,373.5,0.0,0.0,0.0,0.0,78
2023-05-09 21:33:37,OI311P8100,菜籽油2311沽8100,345.5,0.0,0.0,0.0,18,360.0,365.5,8,345.5,373.5,0.0,0.0,0.0,0.0,78
2023-05-09 21:33:38,OI311P8100,菜籽油2311沽8100,345.5,0.0,0.0,0.0,12,360.0,365.5,14,345.5,373.5,0.0,0.0,0.0,0.0,78
2023-05-09 21:33:42,OI311P8100,菜籽油2311沽8100,345.5,0.0,0.0,0.0,12,360.0,365.5,20,345.5,373.5,0.0,0.0,0.0,0.0,78
2023-05-09 21:33:45,OI311P8100,菜籽油2311沽8100,345.5,0.0,0.0,0.0,24,359.5,365.5,26,345.5,373.5,0.0,0.0,0.0,0.0,78
2023-05-09 21:33:45,OI311P8100,菜籽油2311沽8100,345.5,0.0,0.0,0.0,18,359.5,365.5,26,345.5,373.5,0.0,0.0,0.0,0.0,78
2023-05-09 21:33:45,OI311P8100,菜籽油2311沽8100,345.5,0.0,0.0,0.0,12,359.5,365.5,26,345.5,373.5,0.0,0.0,0.0,0.0,78
2023-05-09 21:33:48,OI311P8100,菜籽油2311沽8100,345.5,0.0,0.0,0.0,12,359.5,363.5,2,345.5,373.5,0.0,0.0,0.0,0.0,78
2023-05-09 21:33:49,OI311P8100,菜籽油2311沽8100,345.5,0.0,0.0,0.0,14,359.0,363.5,8,345.5,373.5,0.0,0.0,0.0,0.0,78
2023-05-09 21:33:50,OI311P8100,菜籽油2311沽8100,345.5,0.0,0.0,0.0,8,359.0,363.5,8,345.5,373.5,0.0,0.0,0.0,0.0,78
2023-05-09 21:33:53,OI311P8100,菜籽油2311沽8100,345.5,0.0,0.0,0.0,2,359.0,363.5,8,345.5,373.5,0.0,0.0,0.0,0.0,78
2023-05-09 21:33:56,OI311P8100,菜籽油2311沽8100,345.5,0.0,0.0,0.0,24,358.5,363.5,14,345.5,373.5,0.0,0.0,0.0,0.0,78
2023-05-09 21:33:56,OI311P8100,菜籽油2311沽8100,345.5,0.0,0.0,0.0,18,358.5,363.5,14,345.5,373.5,0.0,0.0,0.0,0.0,78
2023-05-09 21:33:57,OI311P8100,菜籽油2311沽8100,345.5,0.0,0.0,0.0,12,358.5,363.5,8,345.5,373.5,0.0,0.0,0.0,0.0,78
2023-05-09 21:33:59,OI311P8100,菜籽油2311沽8100,345.5,0.0,0.0,0.0,18,358.5,363.5,8,345.5,373.5,0.0,0.0,0.0,0.0,78
2023-05-09 21:34:01,OI311P8100,菜籽油2311沽8100,345.5,0.0,0.0,0.0,12,358.5,363.5,8,345.5,373.5,0.0,0.0,0.0,0.0,78
2023-05-09 21:34:02,OI311P8100,菜籽油2311沽8100,345.5,0.0,0.0,0.0,24,358.0,363.5,20,345.5,373.5,0.0,0.0,0.0,0.0,78
2023-05-09 21:34:02,OI311P8100,菜籽油2311沽8100,345.5,0.0,0.0,0.0,18,358.0,363.5,20,345.5,373.5,0.0,0.0,0.0,0.0,78
2023-05-09 21:34:03,OI311P8100,菜籽油2311沽8100,345.5,0.0,0.0,0.0,30,357.5,363.5,26,345.5,373.5,0.0,0.0,0.0,0.0,78
2023-05-09 21:34:03,OI311P8100,菜籽油2311沽8100,345.5,0.0,0.0,0.0,24,357.5,363.5,26,345.5,373.5,0.0,0.0,0.0,0.0,78
2023-05-09 21:34:04,OI311P8100,菜籽油2311沽8100,345.5,0.0,0.0,0.0,18,357.5,363.5,26,345.5,373.5,0.0,0.0,0.0,0.0,78
2023-05-09 21:34:07,OI311P8100,菜籽油2311沽8100,345.5,0.0,0.0,0.0,24,357.5,363.5,20,345.5,373.5,0.0,0.0,0.0,0.0,78
2023-05-09 21:34:07,OI311P8100,菜籽油2311沽8100,345.5,0.0,0.0,0.0,6,358.5,363.5,20,345.5,373.5,0.0,0.0,0.0,0.0,78
2023-05-09 21:34:08,OI311P8100,菜籽油2311沽8100,345.5,0.0,0.0,0.0,18,358.5,363.5,8,345.5,373.5,0.0,0.0,0.0,0.0,78
2023-05-09 21:34:14,OI311P8100,菜籽油2311沽8100,345.5,0.0,0.0,0.0,12,358.5,363.5,8,345.5,373.5,0.0,0.0,0.0,0.0,78
2023-05-09 21:34:17,OI311P8100,菜籽油2311沽8100,345.5,0.0,0.0,0.0,30,358.0,363.5,14,345.5,373.5,0.0,0.0,0.0,0.0,78
2023-05-09 21:34:18,OI311P8100,菜籽油2311沽8100,345.5,0.0,0.0,0.0,24,358.0,363.5,14,345.5,373.5,0.0,0.0,0.0,0.0,78
2023-05-09 21:34:18,OI311P8100,菜籽油2311沽8100,345.5,0.0,0.0,0.0,36,357.5,363.5,20,345.5,373.5,0.0,0.0,0.0,0.0,78
2023-05-09 21:34:18,OI311P8100,菜籽油2311沽8100,345.5,0.0,0.0,0.0,30,357.5,363.5,20,345.5,373.5,0.0,0.0,0.0,0.0,78
2023-05-09 21:34:19,OI311P8100,菜籽油2311沽8100,345.5,0.0,0.0,0.0,24,357.5,363.5,20,345.5,373.5,0.0,0.0,0.0,0.0,78
2023-05-09 21:34:22,OI311P8100,菜籽油2311沽8100,345.5,0.0,0.0,0.0,18,357.5,361.5,2,345.5,373.5,0.0,0.0,0.0,0.0,78
2023-05-09 21:34:23,OI311P8100,菜籽油2311沽8100,345.5,0.0,0.0,0.0,6,357.0,361.5,8,345.5,373.5,0.0,0.0,0.0,0.0,78
2023-05-09 21:34:24,OI311P8100,菜籽油2311沽8100,345.5,0.0,0.0,0.0,12,356.5,361.5,8,345.5,373.5,0.0,0.0,0.0,0.0,78
2023-05-09 21:34:24,OI311P8100,菜籽油2311沽8100,345.5,0.0,0.0,0.0,18,356.5,361.5,8,345.5,373.5,0.0,0.0,0.0,0.0,78
2023-05-09 21:34:25,OI311P8100,菜籽油2311沽8100,345.5,0.0,0.0,0.0,12,356.5,361.5,8,345.5,373.5,0.0,0.0,0.0,0.0,78
2023-05-09 21:34:27,OI311P8100,菜籽油2311沽8100,345.5,0.0,0.0,0.0,18,356.5,361.5,8,345.5,373.5,0.0,0.0,0.0,0.0,78
2023-05-09 21:35:04,OI311P8100,菜籽油2311沽8100,345.5,0.0,0.0,0.0,6,356.5,361.5,8,345.5,373.5,0.0,0.0,0.0,0.0,78
2023-05-09 21:35:04,OI311P8100,菜籽油2311沽8100,345.5,0.0,0.0,0.0,18,356.0,361.0,6,345.5,373.5,0.0,0.0,0.0,0.0,78
2023-05-09 21:35:05,OI311P8100,菜籽油2311沽8100,345.5,0.0,0.0,0.0,6,356.0,361.0,18,345.5,373.5,0.0,0.0,0.0,0.0,78
2023-05-09 21:35:05,OI311P8100,菜籽油2311沽8100,345.5,0.0,0.0,0.0,6,355.5,360.0,2,345.5,373.5,0.0,0.0,0.0,0.0,78
2023-05-09 21:35:05,OI311P8100,菜籽油2311沽8100,345.5,0.0,0.0,0.0,6,355.5,360.0,8,345.5,373.5,0.0,0.0,0.0,0.0,78
2023-05-09 21:35:06,OI311P8100,菜籽油2311沽8100,345.5,0.0,0.0,0.0,12,355.0,360.0,8,345.5,373.5,0.0,0.0,0.0,0.0,78
2023-05-09 21:35:07,OI311P8100,菜籽油2311沽8100,345.5,0.0,0.0,0.0,24,355.0,360.0,8,345.5,373.5,0.0,0.0,0.0,0.0,78
2023-05-09 21:35:07,OI311P8100,菜籽油2311沽8100,345.5,0.0,0.0,0.0,18,355.0,360.0,8,345.5,373.5,0.0,0.0,0.0,0.0,78
2023-05-09 21:35:13,OI311P8100,菜籽油2311沽8100,345.5,0.0,0.0,0.0,12,355.0,360.0,8,345.5,373.5,0.0,0.0,0.0,0.0,78
2023-05-09 21:35:14,OI311P8100,菜籽油2311沽8100,345.5,0.0,0.0,0.0,30,354.5,360.0,14,345.5,373.5,0.0,0.0,0.0,0.0,78
2023-05-09 21:35:14,OI311P8100,菜籽油2311沽8100,345.5,0.0,0.0,0.0,24,354.5,360.0,14,345.5,373.5,0.0,0.0,0.0,0.0,78
2023-05-09 21:35:15,OI311P8100,菜籽油2311沽8100,345.5,0.0,0.0,0.0,18,354.5,360.0,14,345.5,373.5,0.0,0.0,0.0,0.0,78
2023-05-09 21:35:22,OI311P8100,菜籽油2311沽8100,345.5,0.0,0.0,0.0,12,355.0,360.0,14,345.5,373.5,0.0,0.0,0.0,0.0,78
2023-05-09 21:35:25,OI311P8100,菜籽油2311沽8100,345.5,0.0,0.0,0.0,18,355.0,360.0,8,345.5,373.5,0.0,0.0,0.0,0.0,78
2023-05-09 21:35:34,OI311P8100,菜籽油2311沽8100,345.5,0.0,0.0,0.0,18,355.0,360.0,2,345.5,373.5,0.0,0.0,0.0,0.0,78
2023-05-09 21:35:35,OI311P8100,菜籽油2311沽8100,345.5,0.0,0.0,0.0,24,355.0,360.0,2,345.5,373.5,0.0,0.0,0.0,0.0,78
2023-05-09 21:35:36,OI311P8100,菜籽油2311沽8100,345.5,0.0,0.0,0.0,6,356.0,360.0,2,345.5,373.5,0.0,0.0,0.0,0.0,78
2023-05-09 21:35:37,OI311P8100,菜籽油2311沽8100,345.5,0.0,0.0,0.0,14,356.0,360.5,12,345.5,373.5,0.0,0.0,0.0,0.0,78
2023-05-09 21:35:37,OI311P8100,菜籽油2311沽8100,345.5,0.0,0.0,0.0,14,356.0,360.5,6,345.5,373.5,0.0,0.0,0.0,0.0,78
2023-05-09 21:35:38,OI311P8100,菜籽油2311沽8100,345.5,0.0,0.0,0.0,20,356.0,361.0,6,345.5,373.5,0.0,0.0,0.0,0.0,78
2023-05-09 21:35:39,OI311P8100,菜籽油2311沽8100,345.5,0.0,0.0,0.0,26,356.0,361.5,8,345.5,373.5,0.0,0.0,0.0,0.0,78
2023-05-09 21:35:39,OI311P8100,菜籽油2311沽8100,345.5,0.0,0.0,0.0,26,356.0,361.5,14,345.5,373.5,0.0,0.0,0.0,0.0,78
2023-05-09 21:35:40,OI311P8100,菜籽油2311沽8100,345.5,0.0,0.0,0.0,26,356.0,361.5,8,345.5,373.5,0.0,0.0,0.0,0.0,78
2023-05-09 21:35:40,OI311P8100,菜籽油2311沽8100,345.5,0.0,0.0,0.0,20,356.0,361.5,8,345.5,373.5,0.0,0.0,0.0,0.0,78
2023-05-09 21:35:43,OI311P8100,菜籽油2311沽8100,345.5,0.0,0.0,0.0,6,356.5,361.5,8,345.5,373.5,0.0,0.0,0.0,0.0,78
2023-05-09 21:35:43,OI311P8100,菜籽油2311沽8100,345.5,0.0,0.0,0.0,18,356.5,361.5,2,345.5,373.5,0.0,0.0,0.0,0.0,78
2023-05-09 21:35:49,OI311P8100,菜籽油2311沽8100,345.5,0.0,0.0,0.0,12,356.5,361.5,2,345.5,373.5,0.0,0.0,0.0,0.0,78
2023-05-09 21:35:50,OI311P8100,菜籽油2311沽8100,345.5,0.0,0.0,0.0,6,356.5,361.5,2,345.5,373.5,0.0,0.0,0.0,0.0,78
2023-05-09 21:35:50,OI311P8100,菜籽油2311沽8100,345.5,0.0,0.0,0.0,32,356.0,361.5,2,345.5,373.5,0.0,0.0,0.0,0.0,78
2023-05-09 21:35:51,OI311P8100,菜籽油2311沽8100,345.5,0.0,0.0,0.0,26,356.0,361.5,2,345.5,373.5,0.0,0.0,0.0,0.0,78
2023-05-09 21:35:52,OI311P8100,菜籽油2311沽8100,345.5,0.0,0.0,0.0,6,356.5,361.5,2,345.5,373.5,0.0,0.0,0.0,0.0,78
2023-05-09 21:36:00,OI311P8100,菜籽油2311沽8100,345.5,0.0,0.0,0.0,12,356.5,361.5,2,345.5,373.5,0.0,0.0,0.0,0.0,78
2023-05-09 21:36:03,OI311P8100,菜籽油2311沽8100,345.5,0.0,0.0,0.0,38,356.0,361.5,2,345.5,373.5,0.0,0.0,0.0,0.0,78
2023-05-09 21:36:04,OI311P8100,菜籽油2311沽8100,345.5,0.0,0.0,0.0,32,356.0,361.5,2,345.5,373.5,0.0,0.0,0.0,0.0,78
2023-05-09 21:36:04,OI311P8100,菜籽油2311沽8100,345.5,0.0,0.0,0.0,26,356.0,361.5,2,345.5,373.5,0.0,0.0,0.0,0.0,78
2023-05-09 21:36:12,OI311P8100,菜籽油2311沽8100,345.5,0.0,0.0,0.0,20,356.0,361.5,2,345.5,373.5,0.0,0.0,0.0,0.0,78
2023-05-09 21:36:23,OI311P8100,菜籽油2311沽8100,345.5,0.0,0.0,0.0,20,356.0,361.0,6,345.5,373.5,0.0,0.0,0.0,0.0,78
2023-05-09 21:36:23,OI311P8100,菜籽油2311沽8100,345.5,0.0,0.0,0.0,20,356.0,361.0,12,345.5,373.5,0.0,0.0,0.0,0.0,78
2023-05-09 21:36:24,OI311P8100,菜籽油2311沽8100,345.5,0.0,0.0,0.0,2,356.0,361.0,24,345.5,373.5,0.0,0.0,0.0,0.0,78
2023-05-09 21:36:30,OI311P8100,菜籽油2311沽8100,345.5,0.0,0.0,0.0,8,356.0,361.0,24,345.5,373.5,0.0,0.0,0.0,0.0,78
2023-05-09 21:36:39,OI311P8100,菜籽油2311沽8100,345.5,0.0,0.0,0.0,2,356.0,361.0,24,345.5,373.5,0.0,0.0,0.0,0.0,78
2023-05-09 21:36:40,OI311P8100,菜籽油2311沽8100,345.5,0.0,0.0,0.0,8,356.0,361.0,24,345.5,373.5,0.0,0.0,0.0,0.0,78
2023-05-09 21:36:41,OI311P8100,菜籽油2311沽8100,345.5,0.0,0.0,0.0,2,356.0,361.0,24,345.5,373.5,0.0,0.0,0.0,0.0,78
2023-05-09 21:36:45,OI311P8100,菜籽油2311沽8100,345.5,0.0,0.0,0.0,8,356.0,361.0,24,345.5,373.5,0.0,0.0,0.0,0.0,78
2023-05-09 21:36:48,OI311P8100,菜籽油2311沽8100,345.5,0.0,0.0,0.0,8,356.0,361.0,18,345.5,373.5,0.0,0.0,0.0,0.0,78
2023-05-09 21:37:01,OI311P8100,菜籽油2311沽8100,345.5,0.0,0.0,0.0,30,355.5,361.0,18,345.5,373.5,0.0,0.0,0.0,0.0,78
2023-05-09 21:37:02,OI311P8100,菜籽油2311沽8100,345.5,0.0,0.0,0.0,6,355.5,361.0,18,345.5,373.5,0.0,0.0,0.0,0.0,78
2023-05-09 21:37:02,OI311P8100,菜籽油2311沽8100,345.5,0.0,0.0,0.0,24,355.0,361.0,18,345.5,373.5,0.0,0.0,0.0,0.0,78
2023-05-09 21:37:03,OI311P8100,菜籽油2311沽8100,345.5,0.0,0.0,0.0,18,355.0,361.0,18,345.5,373.5,0.0,0.0,0.0,0.0,78
2023-05-09 21:37:06,OI311P8100,菜籽油2311沽8100,345.5,0.0,0.0,0.0,18,356.0,361.0,18,345.5,373.5,0.0,0.0,0.0,0.0,78
2023-05-09 21:37:06,OI311P8100,菜籽油2311沽8100,345.5,0.0,0.0,0.0,18,356.0,361.0,12,345.5,373.5,0.0,0.0,0.0,0.0,78
2023-05-09 21:37:07,OI311P8100,菜籽油2311沽8100,345.5,0.0,0.0,0.0,24,356.0,361.5,8,345.5,373.5,0.0,0.0,0.0,0.0,78
2023-05-09 21:37:08,OI311P8100,菜籽油2311沽8100,345.5,0.0,0.0,0.0,24,356.0,361.5,2,345.5,373.5,0.0,0.0,0.0,0.0,78
2023-05-09 21:37:12,OI311P8100,菜籽油2311沽8100,345.5,0.0,0.0,0.0,30,356.0,361.5,2,345.5,373.5,0.0,0.0,0.0,0.0,78
2023-05-09 21:37:15,OI311P8100,菜籽油2311沽8100,345.5,0.0,0.0,0.0,24,356.0,361.5,2,345.5,373.5,0.0,0.0,0.0,0.0,78
2023-05-09 21:37:21,OI311P8100,菜籽油2311沽8100,345.5,0.0,0.0,0.0,24,356.0,361.5,8,345.5,373.5,0.0,0.0,0.0,0.0,78
2023-05-09 21:37:25,OI311P8100,菜籽油2311沽8100,345.5,0.0,0.0,0.0,18,356.0,361.5,8,345.5,373.5,0.0,0.0,0.0,0.0,78
2023-05-09 21:37:26,OI311P8100,菜籽油2311沽8100,345.5,0.0,0.0,0.0,12,356.0,361.5,14,345.5,373.5,0.0,0.0,0.0,0.0,78
2023-05-09 21:37:35,OI311P8100,菜籽油2311沽8100,345.5,0.0,0.0,0.0,18,356.0,361.5,14,345.5,373.5,0.0,0.0,0.0,0.0,78
2023-05-09 21:37:45,OI311P8100,菜籽油2311沽8100,345.5,0.0,0.0,0.0,24,356.0,361.5,8,345.5,373.5,0.0,0.0,0.0,0.0,78
2023-05-09 21:38:03,OI311P8100,菜籽油2311沽8100,345.5,0.0,0.0,0.0,24,356.0,361.5,2,345.5,373.5,0.0,0.0,0.0,0.0,78
2023-05-09 21:38:06,OI311P8100,菜籽油2311沽8100,345.5,0.0,0.0,0.0,32,356.0,361.5,2,345.5,373.5,0.0,0.0,0.0,0.0,78
2023-05-09 21:38:06,OI311P8100,菜籽油2311沽8100,345.5,0.0,0.0,0.0,12,356.5,361.5,2,345.5,373.5,0.0,0.0,0.0,0.0,78
2023-05-09 21:38:08,OI311P8100,菜籽油2311沽8100,345.5,0.0,0.0,0.0,18,356.5,361.5,2,345.5,373.5,0.0,0.0,0.0,0.0,78
2023-05-09 21:38:10,OI311P8100,菜籽油2311沽8100,345.5,0.0,0.0,0.0,24,356.5,361.5,2,345.5,373.5,0.0,0.0,0.0,0.0,78
2023-05-09 21:38:10,OI311P8100,菜籽油2311沽8100,345.5,0.0,0.0,0.0,30,356.5,362.0,6,345.5,373.5,0.0,0.0,0.0,0.0,78
2023-05-09 21:38:11,OI311P8100,菜籽油2311沽8100,345.5,0.0,0.0,0.0,12,357.5,364.0,18,345.5,373.5,0.0,0.0,0.0,0.0,78
2023-05-09 21:38:12,OI311P8100,菜籽油2311沽8100,345.5,0.0,0.0,0.0,12,357.5,362.5,6,345.5,373.5,0.0,0.0,0.0,0.0,78
2023-05-09 21:38:12,OI311P8100,菜籽油2311沽8100,345.5,0.0,0.0,0.0,12,357.5,364.0,12,345.5,373.5,0.0,0.0,0.0,0.0,78
2023-05-09 21:38:13,OI311P8100,菜籽油2311沽8100,345.5,0.0,0.0,0.0,12,357.5,363.0,6,345.5,373.5,0.0,0.0,0.0,0.0,78
2023-05-09 21:38:13,OI311P8100,菜籽油2311沽8100,345.5,0.0,0.0,0.0,18,357.5,364.0,6,345.5,373.5,0.0,0.0,0.0,0.0,78
2023-05-09 21:38:14,OI311P8100,菜籽油2311沽8100,345.5,0.0,0.0,0.0,26,357.5,363.5,6,345.5,373.5,0.0,0.0,0.0,0.0,78
2023-05-09 21:38:14,OI311P8100,菜籽油2311沽8100,345.5,0.0,0.0,0.0,26,357.5,364.5,2,345.5,373.5,0.0,0.0,0.0,0.0,78
2023-05-09 21:38:15,OI311P8100,菜籽油2311沽8100,345.5,0.0,0.0,0.0,26,357.5,364.0,6,345.5,373.5,0.0,0.0,0.0,0.0,78
2023-05-09 21:38:15,OI311P8100,菜籽油2311沽8100,345.5,0.0,0.0,0.0,6,358.0,364.5,2,345.5,373.5,0.0,0.0,0.0,0.0,78
2023-05-09 21:38:16,OI311P8100,菜籽油2311沽8100,345.5,0.0,0.0,0.0,12,358.0,364.5,8,345.5,373.5,0.0,0.0,0.0,0.0,78
2023-05-09 21:38:16,OI311P8100,菜籽油2311沽8100,345.5,0.0,0.0,0.0,12,358.0,364.5,2,345.5,373.5,0.0,0.0,0.0,0.0,78
2023-05-09 21:38:18,OI311P8100,菜籽油2311沽8100,345.5,0.0,0.0,0.0,6,358.5,364.5,2,345.5,373.5,0.0,0.0,0.0,0.0,78
2023-05-09 21:38:25,OI311P8100,菜籽油2311沽8100,345.5,0.0,0.0,0.0,12,358.5,364.5,2,345.5,373.5,0.0,0.0,0.0,0.0,78
2023-05-09 21:38:26,OI311P8100,菜籽油2311沽8100,345.5,0.0,0.0,0.0,18,358.5,364.5,2,345.5,373.5,0.0,0.0,0.0,0.0,78
2023-05-09 21:38:45,OI311P8100,菜籽油2311沽8100,345.5,0.0,0.0,0.0,6,360.0,364.5,2,345.5,373.5,0.0,0.0,0.0,0.0,78
2023-05-09 21:38:45,OI311P8100,菜籽油2311沽8100,345.5,0.0,0.0,0.0,18,360.0,364.5,2,345.5,373.5,0.0,0.0,0.0,0.0,78
2023-05-09 21:38:46,OI311P8100,菜籽油2311沽8100,345.5,0.0,0.0,0.0,24,360.0,364.5,2,345.5,373.5,0.0,0.0,0.0,0.0,78
2023-05-09 21:38:53,OI311P8100,菜籽油2311沽8100,345.5,0.0,0.0,0.0,18,360.0,364.5,2,345.5,373.5,0.0,0.0,0.0,0.0,78
2023-05-09 21:39:06,OI311P8100,菜籽油2311沽8100,345.5,0.0,0.0,0.0,24,360.0,364.5,2,345.5,373.5,0.0,0.0,0.0,0.0,78
2023-05-09 21:39:09,OI311P8100,菜籽油2311沽8100,345.5,0.0,0.0,0.0,30,360.0,364.5,2,345.5,373.5,0.0,0.0,0.0,0.0,78
2023-05-09 21:39:09,OI311P8100,菜籽油2311沽8100,345.5,0.0,0.0,0.0,24,360.0,364.5,2,345.5,373.5,0.0,0.0,0.0,0.0,78
2023-05-09 21:39:10,OI311P8100,菜籽油2311沽8100,345.5,0.0,0.0,0.0,30,360.0,364.5,2,345.5,373.5,0.0,0.0,0.0,0.0,78
2023-05-09 21:39:17,OI311P8100,菜籽油2311沽8100,345.5,0.0,0.0,0.0,24,360.0,364.5,2,345.5,373.5,0.0,0.0,0.0,0.0,78
2023-05-09 21:39:22,OI311P8100,菜籽油2311沽8100,345.5,0.0,0.0,0.0,18,360.5,365.0,6,345.5,373.5,0.0,0.0,0.0,0.0,78
2023-05-09 21:39:23,OI311P8100,菜籽油2311沽8100,345.5,0.0,0.0,0.0,18,360.5,366.0,6,345.5,373.5,0.0,0.0,0.0,0.0,78
2023-05-09 21:39:24,OI311P8100,菜籽油2311沽8100,345.5,0.0,0.0,0.0,18,360.5,365.5,6,345.5,373.5,0.0,0.0,0.0,0.0,78
2023-05-09 21:39:24,OI311P8100,菜籽油2311沽8100,345.5,0.0,0.0,0.0,18,360.5,366.0,6,345.5,373.5,0.0,0.0,0.0,0.0,78
2023-05-09 21:39:25,OI311P8100,菜籽油2311沽8100,345.5,0.0,0.0,0.0,18,360.5,366.0,12,345.5,373.5,0.0,0.0,0.0,0.0,78
2023-05-09 21:39:25,OI311P8100,菜籽油2311沽8100,345.5,0.0,0.0,0.0,18,360.5,366.0,6,345.5,373.5,0.0,0.0,0.0,0.0,78
2023-05-09 21:39:28,OI311P8100,菜籽油2311沽8100,345.5,0.0,0.0,0.0,30,360.5,366.5,6,345.5,373.5,0.0,0.0,0.0,0.0,78
2023-05-09 21:39:29,OI311P8100,菜籽油2311沽8100,345.5,0.0,0.0,0.0,30,360.5,367.0,12,345.5,373.5,0.0,0.0,0.0,0.0,78
2023-05-09 21:39:30,OI311P8100,菜籽油2311沽8100,345.5,0.0,0.0,0.0,30,360.5,367.0,18,345.5,373.5,0.0,0.0,0.0,0.0,78
2023-05-09 21:39:30,OI311P8100,菜籽油2311沽8100,345.5,0.0,0.0,0.0,30,360.5,367.0,12,345.5,373.5,0.0,0.0,0.0,0.0,78
2023-05-09 21:39:35,OI311P8100,菜籽油2311沽8100,345.5,0.0,0.0,0.0,24,360.5,367.0,18,345.5,373.5,0.0,0.0,0.0,0.0,78
2023-05-09 21:39:36,OI311P8100,菜籽油2311沽8100,345.5,0.0,0.0,0.0,24,360.5,366.0,8,345.5,373.5,0.0,0.0,0.0,0.0,78
2023-05-09 21:39:37,OI311P8100,菜籽油2311沽8100,345.5,0.0,0.0,0.0,18,360.5,366.0,14,345.5,373.5,0.0,0.0,0.0,0.0,78
2023-05-09 21:39:40,OI311P8100,菜籽油2311沽8100,345.5,0.0,0.0,0.0,12,360.5,366.0,14,345.5,373.5,0.0,0.0,0.0,0.0,78
2023-05-09 21:39:41,OI311P8100,菜籽油2311沽8100,345.5,0.0,0.0,0.0,18,360.5,366.0,14,345.5,373.5,0.0,0.0,0.0,0.0,78
2023-05-09 21:39:44,OI311P8100,菜籽油2311沽8100,345.5,0.0,0.0,0.0,12,361.0,366.0,8,345.5,373.5,0.0,0.0,0.0,0.0,78
2023-05-09 21:39:46,OI311P8100,菜籽油2311沽8100,345.5,0.0,0.0,0.0,18,361.0,366.0,8,345.5,373.5,0.0,0.0,0.0,0.0,78
2023-05-09 21:39:48,OI311P8100,菜籽油2311沽8100,345.5,0.0,0.0,0.0,18,361.0,366.0,2,345.5,373.5,0.0,0.0,0.0,0.0,78
2023-05-09 21:39:53,OI311P8100,菜籽油2311沽8100,345.5,0.0,0.0,0.0,24,360.5,366.0,2,345.5,373.5,0.0,0.0,0.0,0.0,78
2023-05-09 21:39:54,OI311P8100,菜籽油2311沽8100,345.5,0.0,0.0,0.0,18,360.5,366.0,2,345.5,373.5,0.0,0.0,0.0,0.0,78
2023-05-09 21:40:00,OI311P8100,菜籽油2311沽8100,345.5,0.0,0.0,0.0,6,361.0,366.0,2,345.5,373.5,0.0,0.0,0.0,0.0,78
2023-05-09 21:40:02,OI311P8100,菜籽油2311沽8100,345.5,0.0,0.0,0.0,36,360.5,366.0,2,345.5,373.5,0.0,0.0,0.0,0.0,78
2023-05-09 21:40:02,OI311P8100,菜籽油2311沽8100,345.5,0.0,0.0,0.0,12,360.5,366.0,2,345.5,373.5,0.0,0.0,0.0,0.0,78
2023-05-09 21:40:03,OI311P8100,菜籽油2311沽8100,345.5,0.0,0.0,0.0,18,360.0,366.0,14,345.5,373.5,0.0,0.0,0.0,0.0,78
2023-05-09 21:40:03,OI311P8100,菜籽油2311沽8100,345.5,0.0,0.0,0.0,12,360.0,366.0,14,345.5,373.5,0.0,0.0,0.0,0.0,78
2023-05-09 21:40:04,OI311P8100,菜籽油2311沽8100,345.5,0.0,0.0,0.0,6,360.0,366.0,14,345.5,373.5,0.0,0.0,0.0,0.0,78
2023-05-09 21:40:04,OI311P8100,菜籽油2311沽8100,345.5,0.0,0.0,0.0,12,360.0,366.0,8,345.5,373.5,0.0,0.0,0.0,0.0,78
2023-05-09 21:40:05,OI311P8100,菜籽油2311沽8100,345.5,0.0,0.0,0.0,12,360.0,366.0,14,345.5,373.5,0.0,0.0,0.0,0.0,78
2023-05-09 21:40:05,OI311P8100,菜籽油2311沽8100,345.5,0.0,0.0,0.0,6,360.5,366.0,14,345.5,373.5,0.0,0.0,0.0,0.0,78
2023-05-09 21:40:06,OI311P8100,菜籽油2311沽8100,345.5,0.0,0.0,0.0,30,360.0,366.0,14,345.5,373.5,0.0,0.0,0.0,0.0,78
2023-05-09 21:40:07,OI311P8100,菜籽油2311沽8100,345.5,0.0,0.0,0.0,24,360.0,366.0,14,345.5,373.5,0.0,0.0,0.0,0.0,78
2023-05-09 21:40:08,OI311P8100,菜籽油2311沽8100,345.5,0.0,0.0,0.0,18,360.0,366.0,20,345.5,373.5,0.0,0.0,0.0,0.0,78
2023-05-09 21:40:11,OI311P8100,菜籽油2311沽8100,345.5,0.0,0.0,0.0,6,361.0,366.0,14,345.5,373.5,0.0,0.0,0.0,0.0,78
2023-05-09 21:40:11,OI311P8100,菜籽油2311沽8100,345.5,0.0,0.0,0.0,12,361.0,366.0,8,345.5,373.5,0.0,0.0,0.0,0.0,78
2023-05-09 21:40:12,OI311P8100,菜籽油2311沽8100,345.5,0.0,0.0,0.0,6,361.0,366.0,8,345.5,373.5,0.0,0.0,0.0,0.0,78
2023-05-09 21:40:12,OI311P8100,菜籽油2311沽8100,345.5,0.0,0.0,0.0,12,360.5,366.0,20,345.5,373.5,0.0,0.0,0.0,0.0,78
2023-05-09 21:40:13,OI311P8100,菜籽油2311沽8100,345.5,0.0,0.0,0.0,30,360.0,366.0,20,345.5,373.5,0.0,0.0,0.0,0.0,78
2023-05-09 21:40:14,OI311P8100,菜籽油2311沽8100,345.5,0.0,0.0,0.0,24,360.0,366.0,20,345.5,373.5,0.0,0.0,0.0,0.0,78
2023-05-09 21:40:14,OI311P8100,菜籽油2311沽8100,345.5,0.0,0.0,0.0,18,360.0,366.0,20,345.5,373.5,0.0,0.0,0.0,0.0,78
2023-05-09 21:40:18,OI311P8100,菜籽油2311沽8100,345.5,0.0,0.0,0.0,18,360.0,366.0,14,345.5,373.5,0.0,0.0,0.0,0.0,78
2023-05-09 21:40:20,OI311P8100,菜籽油2311沽8100,345.5,0.0,0.0,0.0,18,360.0,366.0,8,345.5,373.5,0.0,0.0,0.0,0.0,78
2023-05-09 21:40:21,OI311P8100,菜籽油2311沽8100,345.5,0.0,0.0,0.0,30,360.0,366.0,2,345.5,373.5,0.0,0.0,0.0,0.0,78
2023-05-09 21:40:22,OI311P8100,菜籽油2311沽8100,345.5,0.0,0.0,0.0,36,360.0,366.0,2,345.5,373.5,0.0,0.0,0.0,0.0,78
2023-05-09 21:40:28,OI311P8100,菜籽油2311沽8100,345.5,0.0,0.0,0.0,6,360.5,366.0,2,345.5,373.5,0.0,0.0,0.0,0.0,78
2023-05-09 21:40:37,OI311P8100,菜籽油2311沽8100,345.5,0.0,0.0,0.0,6,361.5,366.0,2,345.5,373.5,0.0,0.0,0.0,0.0,78
2023-05-09 21:40:37,OI311P8100,菜籽油2311沽8100,345.5,0.0,0.0,0.0,12,361.5,366.0,2,345.5,373.5,0.0,0.0,0.0,0.0,78
2023-05-09 21:40:38,OI311P8100,菜籽油2311沽8100,345.5,0.0,0.0,0.0,18,361.5,366.0,2,345.5,373.5,0.0,0.0,0.0,0.0,78
2023-05-09 21:40:39,OI311P8100,菜籽油2311沽8100,345.5,0.0,0.0,0.0,12,361.5,366.0,2,345.5,373.5,0.0,0.0,0.0,0.0,78
2023-05-09 21:40:40,OI311P8100,菜籽油2311沽8100,345.5,0.0,0.0,0.0,6,361.5,366.0,2,345.5,373.5,0.0,0.0,0.0,0.0,78
2023-05-09 21:40:40,OI311P8100,菜籽油2311沽8100,345.5,0.0,0.0,0.0,12,361.5,366.0,2,345.5,373.5,0.0,0.0,0.0,0.0,78
2023-05-09 21:41:02,OI311P8100,菜籽油2311沽8100,345.5,0.0,0.0,0.0,18,361.5,366.0,2,345.5,373.5,0.0,0.0,0.0,0.0,78
2023-05-09 21:41:03,OI311P8100,菜籽油2311沽8100,345.5,0.0,0.0,0.0,12,361.5,366.0,2,345.5,373.5,0.0,0.0,0.0,0.0,78
2023-05-09 21:41:27,OI311P8100,菜籽油2311沽8100,345.5,0.0,0.0,0.0,18,361.5,366.0,2,345.5,373.5,0.0,0.0,0.0,0.0,78
2023-05-09 21:41:28,OI311P8100,菜籽油2311沽8100,345.5,0.0,0.0,0.0,20,361.5,366.0,2,345.5,373.5,0.0,0.0,0.0,0.0,78
2023-05-09 21:41:30,OI311P8100,菜籽油2311沽8100,345.5,0.0,0.0,0.0,14,361.5,366.0,2,345.5,373.5,0.0,0.0,0.0,0.0,78
2023-05-09 21:41:33,OI311P8100,菜籽油2311沽8100,345.5,0.0,0.0,0.0,26,361.5,366.0,2,345.5,373.5,0.0,0.0,0.0,0.0,78
2023-05-09 21:41:34,OI311P8100,菜籽油2311沽8100,345.5,0.0,0.0,0.0,20,361.5,366.0,2,345.5,373.5,0.0,0.0,0.0,0.0,78
2023-05-09 21:41:36,OI311P8100,菜籽油2311沽8100,345.5,0.0,0.0,0.0,26,361.5,366.0,2,345.5,373.5,0.0,0.0,0.0,0.0,78
2023-05-09 21:41:43,OI311P8100,菜籽油2311沽8100,345.5,0.0,0.0,0.0,20,361.5,366.0,2,345.5,373.5,0.0,0.0,0.0,0.0,78
2023-05-09 21:42:00,OI311P8100,菜籽油2311沽8100,345.5,0.0,0.0,0.0,14,361.5,366.0,2,345.5,373.5,0.0,0.0,0.0,0.0,78
2023-05-09 21:42:02,OI311P8100,菜籽油2311沽8100,345.5,0.0,0.0,0.0,8,361.5,366.0,8,345.5,373.5,0.0,0.0,0.0,0.0,78
2023-05-09 21:42:02,OI311P8100,菜籽油2311沽8100,345.5,0.0,0.0,0.0,2,361.5,366.0,14,345.5,373.5,0.0,0.0,0.0,0.0,78
2023-05-09 21:42:09,OI311P8100,菜籽油2311沽8100,345.5,0.0,0.0,0.0,2,361.5,366.0,2,345.5,373.5,0.0,0.0,0.0,0.0,78
2023-05-09 21:42:37,OI311P8100,菜籽油2311沽8100,345.5,0.0,0.0,0.0,2,361.5,366.0,8,345.5,373.5,0.0,0.0,0.0,0.0,78
2023-05-09 21:42:43,OI311P8100,菜籽油2311沽8100,345.5,0.0,0.0,0.0,12,361.0,366.0,8,345.5,373.5,0.0,0.0,0.0,0.0,78
2023-05-09 21:42:43,OI311P8100,菜籽油2311沽8100,345.5,0.0,0.0,0.0,6,361.0,366.0,14,345.5,373.5,0.0,0.0,0.0,0.0,78
2023-05-09 21:42:43,OI311P8100,菜籽油2311沽8100,345.5,0.0,0.0,0.0,6,360.5,365.0,6,345.5,373.5,0.0,0.0,0.0,0.0,78
2023-05-09 21:42:44,OI311P8100,菜籽油2311沽8100,345.5,0.0,0.0,0.0,6,360.5,365.0,18,345.5,373.5,0.0,0.0,0.0,0.0,78
2023-05-09 21:42:44,OI311P8100,菜籽油2311沽8100,345.5,0.0,0.0,0.0,18,360.0,365.0,18,345.5,373.5,0.0,0.0,0.0,0.0,78
2023-05-09 21:42:44,OI311P8100,菜籽油2311沽8100,345.5,0.0,0.0,0.0,6,360.5,365.0,18,345.5,373.5,0.0,0.0,0.0,0.0,78
2023-05-09 21:42:45,OI311P8100,菜籽油2311沽8100,345.5,0.0,0.0,0.0,18,360.0,365.0,24,345.5,373.5,0.0,0.0,0.0,0.0,78
2023-05-09 21:42:45,OI311P8100,菜籽油2311沽8100,345.5,0.0,0.0,0.0,12,360.0,365.0,24,345.5,373.5,0.0,0.0,0.0,0.0,78
2023-05-09 21:42:46,OI311P8100,菜籽油2311沽8100,345.5,0.0,0.0,0.0,12,360.0,365.0,30,345.5,373.5,0.0,0.0,0.0,0.0,78
2023-05-09 21:42:52,OI311P8100,菜籽油2311沽8100,345.5,0.0,0.0,0.0,6,360.0,365.0,30,345.5,373.5,0.0,0.0,0.0,0.0,78
2023-05-09 21:42:53,OI311P8100,菜籽油2311沽8100,345.5,0.0,0.0,0.0,8,359.5,365.0,30,345.5,373.5,0.0,0.0,0.0,0.0,78
2023-05-09 21:42:54,OI311P8100,菜籽油2311沽8100,345.5,0.0,0.0,0.0,2,359.5,364.0,2,345.5,373.5,0.0,0.0,0.0,0.0,78
2023-05-09 21:43:01,OI311P8100,菜籽油2311沽8100,345.5,0.0,0.0,0.0,2,359.5,364.0,8,345.5,373.5,0.0,0.0,0.0,0.0,78
2023-05-09 21:43:02,OI311P8100,菜籽油2311沽8100,345.5,0.0,0.0,0.0,2,359.5,364.0,14,345.5,373.5,0.0,0.0,0.0,0.0,78
2023-05-09 21:43:09,OI311P8100,菜籽油2311沽8100,345.5,0.0,0.0,0.0,2,359.5,364.0,8,345.5,373.5,0.0,0.0,0.0,0.0,78
2023-05-09 21:43:16,OI311P8100,菜籽油2311沽8100,345.5,0.0,0.0,0.0,2,359.5,364.0,2,345.5,373.5,0.0,0.0,0.0,0.0,78
2023-05-09 21:43:21,OI311P8100,菜籽油2311沽8100,345.5,0.0,0.0,0.0,8,359.5,364.0,2,345.5,373.5,0.0,0.0,0.0,0.0,78
2023-05-09 21:43:22,OI311P8100,菜籽油2311沽8100,345.5,0.0,0.0,0.0,14,359.5,364.0,2,345.5,373.5,0.0,0.0,0.0,0.0,78
2023-05-09 21:43:22,OI311P8100,菜籽油2311沽8100,345.5,0.0,0.0,0.0,6,360.0,364.0,2,345.5,373.5,0.0,0.0,0.0,0.0,78
2023-05-09 21:43:23,OI311P8100,菜籽油2311沽8100,345.5,0.0,0.0,0.0,18,360.0,364.0,2,345.5,373.5,0.0,0.0,0.0,0.0,78
2023-05-09 21:43:25,OI311P8100,菜籽油2311沽8100,345.5,0.0,0.0,0.0,24,360.0,364.5,6,345.5,373.5,0.0,0.0,0.0,0.0,78
2023-05-09 21:43:26,OI311P8100,菜籽油2311沽8100,345.5,0.0,0.0,0.0,24,360.0,366.0,8,345.5,373.5,0.0,0.0,0.0,0.0,78
2023-05-09 21:43:26,OI311P8100,菜籽油2311沽8100,345.5,0.0,0.0,0.0,24,360.0,365.0,6,345.5,373.5,0.0,0.0,0.0,0.0,78
2023-05-09 21:43:27,OI311P8100,菜籽油2311沽8100,345.5,0.0,0.0,0.0,24,360.0,366.0,8,345.5,373.5,0.0,0.0,0.0,0.0,78
2023-05-09 21:43:27,OI311P8100,菜籽油2311沽8100,345.5,0.0,0.0,0.0,24,360.0,365.5,6,345.5,373.5,0.0,0.0,0.0,0.0,78
2023-05-09 21:43:28,OI311P8100,菜籽油2311沽8100,345.5,0.0,0.0,0.0,24,360.0,366.0,8,345.5,373.5,0.0,0.0,0.0,0.0,78
2023-05-09 21:43:28,OI311P8100,菜籽油2311沽8100,345.5,0.0,0.0,0.0,24,360.0,366.0,14,345.5,373.5,0.0,0.0,0.0,0.0,78
2023-05-09 21:43:29,OI311P8100,菜籽油2311沽8100,345.5,0.0,0.0,0.0,24,360.0,366.0,2,345.5,373.5,0.0,0.0,0.0,0.0,78
2023-05-09 21:43:30,OI311P8100,菜籽油2311沽8100,345.5,0.0,0.0,0.0,30,360.0,366.0,2,345.5,373.5,0.0,0.0,0.0,0.0,78
2023-05-09 21:43:31,OI311P8100,菜籽油2311沽8100,345.5,0.0,0.0,0.0,36,360.0,366.0,2,345.5,373.5,0.0,0.0,0.0,0.0,78
2023-05-09 21:43:35,OI311P8100,菜籽油2311沽8100,345.5,0.0,0.0,0.0,42,360.0,366.0,2,345.5,373.5,0.0,0.0,0.0,0.0,78
2023-05-09 21:43:38,OI311P8100,菜籽油2311沽8100,345.5,0.0,0.0,0.0,36,360.0,366.0,8,345.5,373.5,0.0,0.0,0.0,0.0,78
2023-05-09 21:43:40,OI311P8100,菜籽油2311沽8100,345.5,0.0,0.0,0.0,36,360.0,366.0,14,345.5,373.5,0.0,0.0,0.0,0.0,78
2023-05-09 21:43:45,OI311P8100,菜籽油2311沽8100,345.5,0.0,0.0,0.0,30,360.0,366.0,14,345.5,373.5,0.0,0.0,0.0,0.0,78
2023-05-09 21:43:48,OI311P8100,菜籽油2311沽8100,345.5,0.0,0.0,0.0,36,360.0,366.0,8,345.5,373.5,0.0,0.0,0.0,0.0,78
2023-05-09 21:43:50,OI311P8100,菜籽油2311沽8100,345.5,0.0,0.0,0.0,30,360.0,366.0,14,345.5,373.5,0.0,0.0,0.0,0.0,78
2023-05-09 21:44:02,OI311P8100,菜籽油2311沽8100,345.5,0.0,0.0,0.0,18,360.0,365.0,6,345.5,373.5,0.0,0.0,0.0,0.0,78
2023-05-09 21:44:02,OI311P8100,菜籽油2311沽8100,345.5,0.0,0.0,0.0,6,360.0,365.0,6,345.5,373.5,0.0,0.0,0.0,0.0,78
2023-05-09 21:44:03,OI311P8100,菜籽油2311沽8100,345.5,0.0,0.0,0.0,26,359.5,365.0,12,345.5,373.5,0.0,0.0,0.0,0.0,78
2023-05-09 21:44:03,OI311P8100,菜籽油2311沽8100,345.5,0.0,0.0,0.0,20,359.5,365.0,12,345.5,373.5,0.0,0.0,0.0,0.0,78
2023-05-09 21:44:04,OI311P8100,菜籽油2311沽8100,345.5,0.0,0.0,0.0,14,359.5,365.0,12,345.5,373.5,0.0,0.0,0.0,0.0,78
2023-05-09 21:44:07,OI311P8100,菜籽油2311沽8100,345.5,0.0,0.0,0.0,14,359.5,365.0,24,345.5,373.5,0.0,0.0,0.0,0.0,78
2023-05-09 21:44:19,OI311P8100,菜籽油2311沽8100,345.5,0.0,0.0,0.0,14,359.5,365.0,18,345.5,373.5,0.0,0.0,0.0,0.0,78
2023-05-09 21:44:20,OI311P8100,菜籽油2311沽8100,345.5,0.0,0.0,0.0,14,359.5,365.0,24,345.5,373.5,0.0,0.0,0.0,0.0,78
2023-05-09 21:44:21,OI311P8100,菜籽油2311沽8100,345.5,0.0,0.0,0.0,14,359.5,365.0,18,345.5,373.5,0.0,0.0,0.0,0.0,78
2023-05-09 21:44:21,OI311P8100,菜籽油2311沽8100,345.5,0.0,0.0,0.0,12,360.5,365.5,18,345.5,373.5,0.0,0.0,0.0,0.0,78
2023-05-09 21:44:22,OI311P8100,菜籽油2311沽8100,345.5,0.0,0.0,0.0,12,360.5,365.5,12,345.5,373.5,0.0,0.0,0.0,0.0,78
2023-05-09 21:44:22,OI311P8100,菜籽油2311沽8100,345.5,0.0,0.0,0.0,18,360.5,366.0,20,345.5,373.5,0.0,0.0,0.0,0.0,78
2023-05-09 21:44:23,OI311P8100,菜籽油2311沽8100,345.5,0.0,0.0,0.0,18,360.5,366.0,14,345.5,373.5,0.0,0.0,0.0,0.0,78
2023-05-09 21:44:25,OI311P8100,菜籽油2311沽8100,345.5,0.0,0.0,0.0,18,360.5,366.0,2,345.5,373.5,0.0,0.0,0.0,0.0,78
2023-05-09 21:44:30,OI311P8100,菜籽油2311沽8100,345.5,0.0,0.0,0.0,24,360.5,366.0,2,345.5,373.5,0.0,0.0,0.0,0.0,78
2023-05-09 21:44:32,OI311P8100,菜籽油2311沽8100,345.5,0.0,0.0,0.0,30,360.5,366.0,2,345.5,373.5,0.0,0.0,0.0,0.0,78
2023-05-09 21:44:34,OI311P8100,菜籽油2311沽8100,345.5,0.0,0.0,0.0,24,360.5,366.0,2,345.5,373.5,0.0,0.0,0.0,0.0,78
2023-05-09 21:44:35,OI311P8100,菜籽油2311沽8100,345.5,0.0,0.0,0.0,30,360.5,366.0,2,345.5,373.5,0.0,0.0,0.0,0.0,78
2023-05-09 21:44:36,OI311P8100,菜籽油2311沽8100,345.5,0.0,0.0,0.0,24,360.5,366.0,8,345.5,373.5,0.0,0.0,0.0,0.0,78
2023-05-09 21:44:39,OI311P8100,菜籽油2311沽8100,345.5,0.0,0.0,0.0,24,360.5,366.0,2,345.5,373.5,0.0,0.0,0.0,0.0,78
2023-05-09 21:44:41,OI311P8100,菜籽油2311沽8100,345.5,0.0,0.0,0.0,24,360.5,366.0,8,345.5,373.5,0.0,0.0,0.0,0.0,78
2023-05-09 21:44:54,OI311P8100,菜籽油2311沽8100,345.5,0.0,0.0,0.0,24,360.5,366.0,14,345.5,373.5,0.0,0.0,0.0,0.0,78
2023-05-09 21:45:00,OI311P8100,菜籽油2311沽8100,345.5,0.0,0.0,0.0,18,360.5,366.0,14,345.5,373.5,0.0,0.0,0.0,0.0,78
2023-05-09 21:45:01,OI311P8100,菜籽油2311沽8100,345.5,0.0,0.0,0.0,12,360.5,366.0,20,345.5,373.5,0.0,0.0,0.0,0.0,78
2023-05-09 21:45:06,OI311P8100,菜籽油2311沽8100,345.5,0.0,0.0,0.0,6,361.5,366.0,20,345.5,373.5,0.0,0.0,0.0,0.0,78
2023-05-09 21:45:07,OI311P8100,菜籽油2311沽8100,345.5,0.0,0.0,0.0,6,361.5,366.0,14,345.5,373.5,0.0,0.0,0.0,0.0,78
2023-05-09 21:45:08,OI311P8100,菜籽油2311沽8100,345.5,0.0,0.0,0.0,12,361.5,366.0,8,345.5,373.5,0.0,0.0,0.0,0.0,78
2023-05-09 21:45:09,OI311P8100,菜籽油2311沽8100,345.5,0.0,0.0,0.0,6,361.5,366.0,8,345.5,373.5,0.0,0.0,0.0,0.0,78
2023-05-09 21:45:09,OI311P8100,菜籽油2311沽8100,345.5,0.0,0.0,0.0,30,361.0,366.0,8,345.5,373.5,0.0,0.0,0.0,0.0,78
2023-05-09 21:45:10,OI311P8100,菜籽油2311沽8100,345.5,0.0,0.0,0.0,24,361.0,366.0,8,345.5,373.5,0.0,0.0,0.0,0.0,78
2023-05-09 21:45:16,OI311P8100,菜籽油2311沽8100,345.5,0.0,0.0,0.0,36,361.0,366.0,2,345.5,373.5,0.0,0.0,0.0,0.0,78
2023-05-09 21:45:20,OI311P8100,菜籽油2311沽8100,345.5,0.0,0.0,0.0,2,361.5,366.0,2,345.5,373.5,0.0,0.0,0.0,0.0,78
2023-05-09 21:45:25,OI311P8100,菜籽油2311沽8100,345.5,0.0,0.0,0.0,8,361.5,366.0,2,345.5,373.5,0.0,0.0,0.0,0.0,78
2023-05-09 21:45:27,OI311P8100,菜籽油2311沽8100,345.5,0.0,0.0,0.0,8,361.5,366.5,12,345.5,373.5,0.0,0.0,0.0,0.0,78
2023-05-09 21:45:27,OI311P8100,菜籽油2311沽8100,345.5,0.0,0.0,0.0,12,362.0,366.5,6,345.5,373.5,0.0,0.0,0.0,0.0,78
2023-05-09 21:45:28,OI311P8100,菜籽油2311沽8100,345.5,0.0,0.0,0.0,18,362.0,367.0,6,345.5,373.5,0.0,0.0,0.0,0.0,78
2023-05-09 21:45:29,OI311P8100,菜籽油2311沽8100,345.5,0.0,0.0,0.0,24,362.0,367.5,6,345.5,373.5,0.0,0.0,0.0,0.0,78
2023-05-09 21:45:29,OI311P8100,菜籽油2311沽8100,345.5,0.0,0.0,0.0,36,362.0,367.5,12,345.5,373.5,0.0,0.0,0.0,0.0,78
2023-05-09 21:45:30,OI311P8100,菜籽油2311沽8100,345.5,0.0,0.0,0.0,6,363.0,369.0,12,345.5,373.5,0.0,0.0,0.0,0.0,78
2023-05-09 21:45:30,OI311P8100,菜籽油2311沽8100,345.5,0.0,0.0,0.0,18,363.0,368.0,6,345.5,373.5,0.0,0.0,0.0,0.0,78
2023-05-09 21:45:31,OI311P8100,菜籽油2311沽8100,345.5,0.0,0.0,0.0,2,363.5,369.5,18,345.5,373.5,0.0,0.0,0.0,0.0,78
2023-05-09 21:45:31,OI311P8100,菜籽油2311沽8100,345.5,0.0,0.0,0.0,2,363.5,368.5,6,345.5,373.5,0.0,0.0,0.0,0.0,78
2023-05-09 21:45:32,OI311P8100,菜籽油2311沽8100,345.5,0.0,0.0,0.0,2,363.5,369.5,12,345.5,373.5,0.0,0.0,0.0,0.0,78
2023-05-09 21:45:32,OI311P8100,菜籽油2311沽8100,345.5,0.0,0.0,0.0,2,363.5,369.0,6,345.5,373.5,0.0,0.0,0.0,0.0,78
2023-05-09 21:45:32,OI311P8100,菜籽油2311沽8100,345.5,0.0,0.0,0.0,2,363.5,369.5,12,345.5,373.5,0.0,0.0,0.0,0.0,78
2023-05-09 21:45:32,OI311P8100,菜籽油2311沽8100,345.5,0.0,0.0,0.0,2,363.5,369.0,6,345.5,373.5,0.0,0.0,0.0,0.0,78
2023-05-09 21:45:33,OI311P8100,菜籽油2311沽8100,345.5,0.0,0.0,0.0,2,363.5,369.5,12,345.5,373.5,0.0,0.0,0.0,0.0,78
2023-05-09 21:45:33,OI311P8100,菜籽油2311沽8100,345.5,0.0,0.0,0.0,2,363.5,369.5,18,345.5,373.5,0.0,0.0,0.0,0.0,78
2023-05-09 21:45:34,OI311P8100,菜籽油2311沽8100,345.5,0.0,0.0,0.0,2,363.5,369.5,12,345.5,373.5,0.0,0.0,0.0,0.0,78
2023-05-09 21:45:35,OI311P8100,菜籽油2311沽8100,345.5,0.0,0.0,0.0,8,363.5,369.5,12,345.5,373.5,0.0,0.0,0.0,0.0,78
2023-05-09 21:45:36,OI311P8100,菜籽油2311沽8100,345.5,0.0,0.0,0.0,14,363.5,369.5,6,345.5,373.5,0.0,0.0,0.0,0.0,78
2023-05-09 21:45:37,OI311P8100,菜籽油2311沽8100,345.5,0.0,0.0,0.0,6,364.0,369.5,6,345.5,373.5,0.0,0.0,0.0,0.0,78
2023-05-09 21:45:38,OI311P8100,菜籽油2311沽8100,345.5,0.0,0.0,0.0,14,363.5,369.5,12,345.5,373.5,0.0,0.0,0.0,0.0,78
2023-05-09 21:45:39,OI311P8100,菜籽油2311沽8100,345.5,0.0,0.0,0.0,8,363.5,369.5,12,345.5,373.5,0.0,0.0,0.0,0.0,78
2023-05-09 21:45:41,OI311P8100,菜籽油2311沽8100,345.5,0.0,0.0,0.0,14,363.5,369.5,18,345.5,373.5,0.0,0.0,0.0,0.0,78
2023-05-09 21:45:43,OI311P8100,菜籽油2311沽8100,345.5,0.0,0.0,0.0,14,363.5,369.0,6,345.5,373.5,0.0,0.0,0.0,0.0,78
2023-05-09 21:45:44,OI311P8100,菜籽油2311沽8100,345.5,0.0,0.0,0.0,14,363.5,369.0,12,345.5,373.5,0.0,0.0,0.0,0.0,78
2023-05-09 21:45:47,OI311P8100,菜籽油2311沽8100,345.5,0.0,0.0,0.0,14,363.5,368.5,2,345.5,373.5,0.0,0.0,0.0,0.0,78
2023-05-09 21:45:48,OI311P8100,菜籽油2311沽8100,345.5,0.0,0.0,0.0,8,363.5,368.5,8,345.5,373.5,0.0,0.0,0.0,0.0,78
2023-05-09 21:45:48,OI311P8100,菜籽油2311沽8100,345.5,0.0,0.0,0.0,2,363.5,368.5,14,345.5,373.5,0.0,0.0,0.0,0.0,78
2023-05-09 21:45:54,OI311P8100,菜籽油2311沽8100,345.5,0.0,0.0,0.0,2,363.5,368.5,20,345.5,373.5,0.0,0.0,0.0,0.0,78
2023-05-09 21:45:57,OI311P8100,菜籽油2311沽8100,345.5,0.0,0.0,0.0,2,363.5,368.5,26,345.5,373.5,0.0,0.0,0.0,0.0,78
2023-05-09 21:46:07,OI311P8100,菜籽油2311沽8100,345.5,0.0,0.0,0.0,12,363.0,367.5,6,345.5,373.5,0.0,0.0,0.0,0.0,78
2023-05-09 21:46:07,OI311P8100,菜籽油2311沽8100,345.5,0.0,0.0,0.0,6,363.0,367.5,6,345.5,373.5,0.0,0.0,0.0,0.0,78
2023-05-09 21:46:08,OI311P8100,菜籽油2311沽8100,345.5,0.0,0.0,0.0,18,362.5,367.5,12,345.5,373.5,0.0,0.0,0.0,0.0,78
2023-05-09 21:46:09,OI311P8100,菜籽油2311沽8100,345.5,0.0,0.0,0.0,18,362.5,367.5,18,345.5,373.5,0.0,0.0,0.0,0.0,78
2023-05-09 21:46:09,OI311P8100,菜籽油2311沽8100,345.5,0.0,0.0,0.0,12,362.5,367.5,18,345.5,373.5,0.0,0.0,0.0,0.0,78
2023-05-09 21:46:15,OI311P8100,菜籽油2311沽8100,345.5,0.0,0.0,0.0,12,362.5,367.5,12,345.5,373.5,0.0,0.0,0.0,0.0,78
2023-05-09 21:46:23,OI311P8100,菜籽油2311沽8100,345.5,0.0,0.0,0.0,6,363.5,367.5,12,345.5,373.5,0.0,0.0,0.0,0.0,78
2023-05-09 21:46:24,OI311P8100,菜籽油2311沽8100,345.5,0.0,0.0,0.0,12,363.5,368.0,12,345.5,373.5,0.0,0.0,0.0,0.0,78
2023-05-09 21:46:25,OI311P8100,菜籽油2311沽8100,345.5,0.0,0.0,0.0,12,363.5,368.5,38,345.5,373.5,0.0,0.0,0.0,0.0,78
2023-05-09 21:46:25,OI311P8100,菜籽油2311沽8100,345.5,0.0,0.0,0.0,12,363.5,368.5,32,345.5,373.5,0.0,0.0,0.0,0.0,78
2023-05-09 21:46:26,OI311P8100,菜籽油2311沽8100,345.5,0.0,0.0,0.0,12,363.5,368.5,14,345.5,373.5,0.0,0.0,0.0,0.0,78
2023-05-09 21:46:26,OI311P8100,菜籽油2311沽8100,345.5,0.0,0.0,0.0,18,363.5,368.5,8,345.5,373.5,0.0,0.0,0.0,0.0,78
2023-05-09 21:46:27,OI311P8100,菜籽油2311沽8100,345.5,0.0,0.0,0.0,18,363.5,368.5,14,345.5,373.5,0.0,0.0,0.0,0.0,78
2023-05-09 21:46:29,OI311P8100,菜籽油2311沽8100,345.5,0.0,0.0,0.0,18,363.5,368.5,8,345.5,373.5,0.0,0.0,0.0,0.0,78
2023-05-09 21:46:30,OI311P8100,菜籽油2311沽8100,345.5,0.0,0.0,0.0,6,364.0,368.5,8,345.5,373.5,0.0,0.0,0.0,0.0,78
2023-05-09 21:46:32,OI311P8100,菜籽油2311沽8100,345.5,0.0,0.0,0.0,12,364.0,368.5,2,345.5,373.5,0.0,0.0,0.0,0.0,78
2023-05-09 21:46:33,OI311P8100,菜籽油2311沽8100,345.5,0.0,0.0,0.0,6,364.5,368.5,2,345.5,373.5,0.0,0.0,0.0,0.0,78
2023-05-09 21:46:35,OI311P8100,菜籽油2311沽8100,345.5,0.0,0.0,0.0,18,364.0,368.5,2,345.5,373.5,0.0,0.0,0.0,0.0,78
2023-05-09 21:46:36,OI311P8100,菜籽油2311沽8100,345.5,0.0,0.0,0.0,12,364.0,368.5,2,345.5,373.5,0.0,0.0,0.0,0.0,78
2023-05-09 21:46:40,OI311P8100,菜籽油2311沽8100,345.5,0.0,0.0,0.0,6,365.0,369.0,6,345.5,373.5,0.0,0.0,0.0,0.0,78
2023-05-09 21:46:41,OI311P8100,菜籽油2311沽8100,345.5,0.0,0.0,0.0,14,365.0,369.0,6,345.5,373.5,0.0,0.0,0.0,0.0,78
2023-05-09 21:46:41,OI311P8100,菜籽油2311沽8100,345.5,0.0,0.0,0.0,6,365.5,370.5,2,345.5,373.5,0.0,0.0,0.0,0.0,78
2023-05-09 21:46:42,OI311P8100,菜籽油2311沽8100,345.5,0.0,0.0,0.0,6,366.0,369.5,6,345.5,373.5,0.0,0.0,0.0,0.0,78
2023-05-09 21:46:42,OI311P8100,菜籽油2311沽8100,345.5,0.0,0.0,0.0,18,366.0,370.5,2,345.5,373.5,0.0,0.0,0.0,0.0,78
2023-05-09 21:46:43,OI311P8100,菜籽油2311沽8100,345.5,0.0,0.0,0.0,6,366.0,370.0,6,345.5,373.5,0.0,0.0,0.0,0.0,78
2023-05-09 21:46:43,OI311P8100,菜籽油2311沽8100,345.5,0.0,0.0,0.0,18,365.5,370.5,8,345.5,373.5,0.0,0.0,0.0,0.0,78
2023-05-09 21:46:43,OI311P8100,菜籽油2311沽8100,345.5,0.0,0.0,0.0,18,365.5,370.5,14,345.5,373.5,0.0,0.0,0.0,0.0,78
2023-05-09 21:46:44,OI311P8100,菜籽油2311沽8100,345.5,0.0,0.0,0.0,20,365.0,370.5,8,345.5,373.5,0.0,0.0,0.0,0.0,78
2023-05-09 21:46:45,OI311P8100,菜籽油2311沽8100,345.5,0.0,0.0,0.0,14,365.0,370.5,8,345.5,373.5,0.0,0.0,0.0,0.0,78
2023-05-09 21:46:48,OI311P8100,菜籽油2311沽8100,345.5,0.0,0.0,0.0,14,365.0,370.5,14,345.5,373.5,0.0,0.0,0.0,0.0,78
2023-05-09 21:47:00,OI311P8100,菜籽油2311沽8100,345.5,0.0,0.0,0.0,14,365.0,370.5,20,345.5,373.5,0.0,0.0,0.0,0.0,78
2023-05-09 21:47:01,OI311P8100,菜籽油2311沽8100,345.5,0.0,0.0,0.0,2,365.0,370.5,26,345.5,373.5,0.0,0.0,0.0,0.0,78
2023-05-09 21:47:03,OI311P8100,菜籽油2311沽8100,345.5,0.0,0.0,0.0,2,365.0,370.5,32,345.5,373.5,0.0,0.0,0.0,0.0,78
2023-05-09 21:47:27,OI311P8100,菜籽油2311沽8100,345.5,0.0,0.0,0.0,12,364.5,370.5,32,345.5,373.5,0.0,0.0,0.0,0.0,78
2023-05-09 21:47:28,OI311P8100,菜籽油2311沽8100,345.5,0.0,0.0,0.0,24,364.0,370.5,32,345.5,373.5,0.0,0.0,0.0,0.0,78
2023-05-09 21:47:28,OI311P8100,菜籽油2311沽8100,345.5,0.0,0.0,0.0,18,364.0,370.5,32,345.5,373.5,0.0,0.0,0.0,0.0,78
2023-05-09 21:47:29,OI311P8100,菜籽油2311沽8100,345.5,0.0,0.0,0.0,12,364.0,370.5,32,345.5,373.5,0.0,0.0,0.0,0.0,78
2023-05-09 21:47:36,OI311P8100,菜籽油2311沽8100,345.5,0.0,0.0,0.0,6,364.0,369.0,8,345.5,373.5,0.0,0.0,0.0,0.0,78
2023-05-09 21:47:37,OI311P8100,菜籽油2311沽8100,345.5,0.0,0.0,0.0,12,363.5,369.0,20,345.5,373.5,0.0,0.0,0.0,0.0,78
2023-05-09 21:47:37,OI311P8100,菜籽油2311沽8100,345.5,0.0,0.0,0.0,6,363.5,369.0,26,345.5,373.5,0.0,0.0,0.0,0.0,78
2023-05-09 21:47:38,OI311P8100,菜籽油2311沽8100,345.5,0.0,0.0,0.0,14,363.0,369.0,32,345.5,373.5,0.0,0.0,0.0,0.0,78
2023-05-09 21:47:38,OI311P8100,菜籽油2311沽8100,345.5,0.0,0.0,0.0,8,363.0,369.0,32,345.5,373.5,0.0,0.0,0.0,0.0,78
2023-05-09 21:47:55,OI311P8100,菜籽油2311沽8100,345.5,0.0,0.0,0.0,2,363.0,369.0,32,345.5,373.5,0.0,0.0,0.0,0.0,78
2023-05-09 21:48:00,OI311P8100,菜籽油2311沽8100,345.5,0.0,0.0,0.0,12,363.5,369.0,26,345.5,373.5,0.0,0.0,0.0,0.0,78
2023-05-09 21:48:14,OI311P8100,菜籽油2311沽8100,345.5,0.0,0.0,0.0,12,363.5,369.0,20,345.5,373.5,0.0,0.0,0.0,0.0,78
2023-05-09 21:48:16,OI311P8100,菜籽油2311沽8100,345.5,0.0,0.0,0.0,12,363.5,369.0,14,345.5,373.5,0.0,0.0,0.0,0.0,78
2023-05-09 21:48:19,OI311P8100,菜籽油2311沽8100,345.5,0.0,0.0,0.0,12,363.5,369.0,8,345.5,373.5,0.0,0.0,0.0,0.0,78
2023-05-09 21:48:25,OI311P8100,菜籽油2311沽8100,345.5,0.0,0.0,0.0,18,363.5,369.0,2,345.5,373.5,0.0,0.0,0.0,0.0,78
2023-05-09 21:48:29,OI311P8100,菜籽油2311沽8100,345.5,0.0,0.0,0.0,24,363.5,369.0,2,345.5,373.5,0.0,0.0,0.0,0.0,78
2023-05-09 21:48:30,OI311P8100,菜籽油2311沽8100,345.5,0.0,0.0,0.0,18,363.5,369.0,2,345.5,373.5,0.0,0.0,0.0,0.0,78
2023-05-09 21:48:36,OI311P8100,菜籽油2311沽8100,345.5,0.0,0.0,0.0,18,363.5,369.0,8,345.5,373.5,0.0,0.0,0.0,0.0,78
2023-05-09 21:48:39,OI311P8100,菜籽油2311沽8100,345.5,0.0,0.0,0.0,24,363.5,369.0,2,345.5,373.5,0.0,0.0,0.0,0.0,78
2023-05-09 21:48:40,OI311P8100,菜籽油2311沽8100,345.5,0.0,0.0,0.0,18,363.5,369.0,2,345.5,373.5,0.0,0.0,0.0,0.0,78
2023-05-09 21:48:41,OI311P8100,菜籽油2311沽8100,345.5,0.0,0.0,0.0,18,363.5,369.0,8,345.5,373.5,0.0,0.0,0.0,0.0,78
2023-05-09 21:48:41,OI311P8100,菜籽油2311沽8100,345.5,0.0,0.0,0.0,18,363.5,369.0,14,345.5,373.5,0.0,0.0,0.0,0.0,78
2023-05-09 21:48:42,OI311P8100,菜籽油2311沽8100,345.5,0.0,0.0,0.0,18,363.5,369.0,20,345.5,373.5,0.0,0.0,0.0,0.0,78
2023-05-09 21:48:42,OI311P8100,菜籽油2311沽8100,345.5,0.0,0.0,0.0,12,363.5,369.0,26,345.5,373.5,0.0,0.0,0.0,0.0,78
2023-05-09 21:48:43,OI311P8100,菜籽油2311沽8100,345.5,0.0,0.0,0.0,6,363.5,369.0,32,345.5,373.5,0.0,0.0,0.0,0.0,78
2023-05-09 21:48:43,OI311P8100,菜籽油2311沽8100,345.5,0.0,0.0,0.0,14,363.0,369.0,32,345.5,373.5,0.0,0.0,0.0,0.0,78
2023-05-09 21:48:44,OI311P8100,菜籽油2311沽8100,345.5,0.0,0.0,0.0,2,363.0,369.0,32,345.5,373.5,0.0,0.0,0.0,0.0,78
2023-05-09 21:49:07,OI311P8100,菜籽油2311沽8100,345.5,0.0,0.0,0.0,8,363.0,369.0,26,345.5,373.5,0.0,0.0,0.0,0.0,78
2023-05-09 21:49:08,OI311P8100,菜籽油2311沽8100,345.5,0.0,0.0,0.0,6,363.5,369.0,26,345.5,373.5,0.0,0.0,0.0,0.0,78
2023-05-09 21:49:08,OI311P8100,菜籽油2311沽8100,345.5,0.0,0.0,0.0,12,363.5,369.0,20,345.5,373.5,0.0,0.0,0.0,0.0,78
2023-05-09 21:49:09,OI311P8100,菜籽油2311沽8100,345.5,0.0,0.0,0.0,12,363.5,369.0,14,345.5,373.5,0.0,0.0,0.0,0.0,78
2023-05-09 21:49:21,OI311P8100,菜籽油2311沽8100,345.5,0.0,0.0,0.0,26,363.0,369.0,20,345.5,373.5,0.0,0.0,0.0,0.0,78
2023-05-09 21:49:22,OI311P8100,菜籽油2311沽8100,345.5,0.0,0.0,0.0,20,363.0,369.0,32,345.5,373.5,0.0,0.0,0.0,0.0,78
2023-05-09 21:49:22,OI311P8100,菜籽油2311沽8100,345.5,0.0,0.0,0.0,14,363.0,369.0,32,345.5,373.5,0.0,0.0,0.0,0.0,78
2023-05-09 21:49:38,OI311P8100,菜籽油2311沽8100,345.5,0.0,0.0,0.0,20,363.0,369.0,20,345.5,373.5,0.0,0.0,0.0,0.0,78
2023-05-09 21:49:39,OI311P8100,菜籽油2311沽8100,345.5,0.0,0.0,0.0,12,364.0,369.0,8,345.5,373.5,0.0,0.0,0.0,0.0,78
2023-05-09 21:49:47,OI311P8100,菜籽油2311沽8100,345.5,0.0,0.0,0.0,6,364.0,369.0,8,345.5,373.5,0.0,0.0,0.0,0.0,78
2023-05-09 21:49:47,OI311P8100,菜籽油2311沽8100,345.5,0.0,0.0,0.0,18,363.5,369.0,8,345.5,373.5,0.0,0.0,0.0,0.0,78
2023-05-09 21:49:48,OI311P8100,菜籽油2311沽8100,345.5,0.0,0.0,0.0,12,363.5,369.0,8,345.5,373.5,0.0,0.0,0.0,0.0,78
2023-05-09 21:49:51,OI311P8100,菜籽油2311沽8100,345.5,0.0,0.0,0.0,38,363.0,369.0,14,345.5,373.5,0.0,0.0,0.0,0.0,78
2023-05-09 21:49:51,OI311P8100,菜籽油2311沽8100,345.5,0.0,0.0,0.0,32,363.0,369.0,14,345.5,373.5,0.0,0.0,0.0,0.0,78
2023-05-09 21:49:52,OI311P8100,菜籽油2311沽8100,345.5,0.0,0.0,0.0,26,363.0,369.0,14,345.5,373.5,0.0,0.0,0.0,0.0,78
2023-05-09 21:49:52,OI311P8100,菜籽油2311沽8100,345.5,0.0,0.0,0.0,26,363.0,369.0,8,345.5,373.5,0.0,0.0,0.0,0.0,78
2023-05-09 21:49:58,OI311P8100,菜籽油2311沽8100,345.5,0.0,0.0,0.0,26,363.0,369.0,14,345.5,373.5,0.0,0.0,0.0,0.0,78
2023-05-09 21:50:02,OI311P8100,菜籽油2311沽8100,345.5,0.0,0.0,0.0,20,363.0,369.0,20,345.5,373.5,0.0,0.0,0.0,0.0,78
2023-05-09 21:50:09,OI311P8100,菜籽油2311沽8100,345.5,0.0,0.0,0.0,20,363.0,369.0,26,345.5,373.5,0.0,0.0,0.0,0.0,78
2023-05-09 21:50:11,OI311P8100,菜籽油2311沽8100,345.5,0.0,0.0,0.0,8,363.0,368.0,6,345.5,373.5,0.0,0.0,0.0,0.0,78
2023-05-09 21:50:11,OI311P8100,菜籽油2311沽8100,345.5,0.0,0.0,0.0,2,363.0,368.0,18,345.5,373.5,0.0,0.0,0.0,0.0,78
2023-05-09 21:50:12,OI311P8100,菜籽油2311沽8100,345.5,0.0,0.0,0.0,12,362.5,367.5,2,345.5,373.5,0.0,0.0,0.0,0.0,78
2023-05-09 21:50:13,OI311P8100,菜籽油2311沽8100,345.5,0.0,0.0,0.0,12,362.5,366.5,6,345.5,373.5,0.0,0.0,0.0,0.0,78
2023-05-09 21:50:13,OI311P8100,菜籽油2311沽8100,345.5,0.0,0.0,0.0,6,362.0,366.5,12,345.5,373.5,0.0,0.0,0.0,0.0,78
2023-05-09 21:50:14,OI311P8100,菜籽油2311沽8100,345.5,0.0,0.0,0.0,12,362.0,366.5,6,345.5,373.5,0.0,0.0,0.0,0.0,78
2023-05-09 21:50:14,OI311P8100,菜籽油2311沽8100,345.5,0.0,0.0,0.0,6,362.5,367.5,8,345.5,373.5,0.0,0.0,0.0,0.0,78
2023-05-09 21:50:14,OI311P8100,菜籽油2311沽8100,345.5,0.0,0.0,0.0,12,362.5,367.0,6,345.5,373.5,0.0,0.0,0.0,0.0,78
2023-05-09 21:50:15,OI311P8100,菜籽油2311沽8100,345.5,0.0,0.0,0.0,12,362.0,367.5,14,345.5,373.5,0.0,0.0,0.0,0.0,78
2023-05-09 21:50:15,OI311P8100,菜籽油2311沽8100,345.5,0.0,0.0,0.0,12,362.0,367.5,20,345.5,373.5,0.0,0.0,0.0,0.0,78
2023-05-09 21:50:16,OI311P8100,菜籽油2311沽8100,345.5,0.0,0.0,0.0,36,361.5,367.5,14,345.5,373.5,0.0,0.0,0.0,0.0,78
2023-05-09 21:50:16,OI311P8100,菜籽油2311沽8100,345.5,0.0,0.0,0.0,30,361.5,367.5,14,345.5,373.5,0.0,0.0,0.0,0.0,78
2023-05-09 21:50:17,OI311P8100,菜籽油2311沽8100,345.5,0.0,0.0,0.0,24,361.5,367.5,14,345.5,373.5,0.0,0.0,0.0,0.0,78
2023-05-09 21:50:28,OI311P8100,菜籽油2311沽8100,345.5,0.0,0.0,0.0,24,361.5,366.5,6,345.5,373.5,0.0,0.0,0.0,0.0,78
2023-05-09 21:50:29,OI311P8100,菜籽油2311沽8100,345.5,0.0,0.0,0.0,12,361.5,366.5,30,345.5,373.5,0.0,0.0,0.0,0.0,78
2023-05-09 21:50:30,OI311P8100,菜籽油2311沽8100,345.5,0.0,0.0,0.0,6,361.5,366.5,30,345.5,373.5,0.0,0.0,0.0,0.0,78
2023-05-09 21:50:31,OI311P8100,菜籽油2311沽8100,345.5,0.0,0.0,0.0,24,361.0,366.5,30,345.5,373.5,0.0,0.0,0.0,0.0,78
2023-05-09 21:50:32,OI311P8100,菜籽油2311沽8100,345.5,0.0,0.0,0.0,18,361.0,366.5,30,345.5,373.5,0.0,0.0,0.0,0.0,78
2023-05-09 21:50:33,OI311P8100,菜籽油2311沽8100,345.5,0.0,0.0,0.0,18,361.0,365.5,2,345.5,373.5,0.0,0.0,0.0,0.0,78
2023-05-09 21:50:33,OI311P8100,菜籽油2311沽8100,345.5,0.0,0.0,0.0,18,361.0,365.5,8,345.5,373.5,0.0,0.0,0.0,0.0,78
2023-05-09 21:50:35,OI311P8100,菜籽油2311沽8100,345.5,0.0,0.0,0.0,18,361.0,365.5,14,345.5,373.5,0.0,0.0,0.0,0.0,78
2023-05-09 21:50:35,OI311P8100,菜籽油2311沽8100,345.5,0.0,0.0,0.0,12,361.0,365.5,20,345.5,373.5,0.0,0.0,0.0,0.0,78
2023-05-09 21:50:36,OI311P8100,菜籽油2311沽8100,345.5,0.0,0.0,0.0,12,360.5,365.5,20,345.5,373.5,0.0,0.0,0.0,0.0,78
2023-05-09 21:50:36,OI311P8100,菜籽油2311沽8100,345.5,0.0,0.0,0.0,6,360.5,365.5,26,345.5,373.5,0.0,0.0,0.0,0.0,78
2023-05-09 21:50:37,OI311P8100,菜籽油2311沽8100,345.5,0.0,0.0,0.0,24,360.0,365.5,26,345.5,373.5,0.0,0.0,0.0,0.0,78
2023-05-09 21:50:37,OI311P8100,菜籽油2311沽8100,345.5,0.0,0.0,0.0,18,360.0,365.5,26,345.5,373.5,0.0,0.0,0.0,0.0,78
2023-05-09 21:50:38,OI311P8100,菜籽油2311沽8100,345.5,0.0,0.0,0.0,12,360.0,365.5,32,345.5,373.5,0.0,0.0,0.0,0.0,78
2023-05-09 21:50:42,OI311P8100,菜籽油2311沽8100,345.5,0.0,0.0,0.0,12,360.0,365.5,26,345.5,373.5,0.0,0.0,0.0,0.0,78
2023-05-09 21:50:47,OI311P8100,菜籽油2311沽8100,345.5,0.0,0.0,0.0,30,359.5,365.5,26,345.5,373.5,0.0,0.0,0.0,0.0,78
2023-05-09 21:50:47,OI311P8100,菜籽油2311沽8100,345.5,0.0,0.0,0.0,24,359.5,365.5,26,345.5,373.5,0.0,0.0,0.0,0.0,78
2023-05-09 21:50:48,OI311P8100,菜籽油2311沽8100,345.5,0.0,0.0,0.0,18,359.5,365.5,26,345.5,373.5,0.0,0.0,0.0,0.0,78
2023-05-09 21:51:03,OI311P8100,菜籽油2311沽8100,345.5,0.0,0.0,0.0,6,360.5,365.5,26,345.5,373.5,0.0,0.0,0.0,0.0,78
2023-05-09 21:51:04,OI311P8100,菜籽油2311沽8100,345.5,0.0,0.0,0.0,12,360.0,365.5,26,345.5,373.5,0.0,0.0,0.0,0.0,78
2023-05-09 21:51:05,OI311P8100,菜籽油2311沽8100,345.5,0.0,0.0,0.0,30,359.5,365.5,26,345.5,373.5,0.0,0.0,0.0,0.0,78
2023-05-09 21:51:05,OI311P8100,菜籽油2311沽8100,345.5,0.0,0.0,0.0,24,359.5,365.5,26,345.5,373.5,0.0,0.0,0.0,0.0,78
2023-05-09 21:51:06,OI311P8100,菜籽油2311沽8100,345.5,0.0,0.0,0.0,18,359.5,365.5,26,345.5,373.5,0.0,0.0,0.0,0.0,78
2023-05-09 21:51:07,OI311P8100,菜籽油2311沽8100,345.5,0.0,0.0,0.0,12,359.5,365.5,26,345.5,373.5,0.0,0.0,0.0,0.0,78
2023-05-09 21:51:07,OI311P8100,菜籽油2311沽8100,345.5,0.0,0.0,0.0,6,359.5,365.5,20,345.5,373.5,0.0,0.0,0.0,0.0,78
2023-05-09 21:51:09,OI311P8100,菜籽油2311沽8100,345.5,0.0,0.0,0.0,12,359.5,365.5,26,345.5,373.5,0.0,0.0,0.0,0.0,78
2023-05-09 21:51:49,OI311P8100,菜籽油2311沽8100,345.5,0.0,0.0,0.0,18,359.5,365.5,26,345.5,373.5,0.0,0.0,0.0,0.0,78
2023-05-09 21:51:57,OI311P8100,菜籽油2311沽8100,345.5,0.0,0.0,0.0,24,359.5,365.5,20,345.5,373.5,0.0,0.0,0.0,0.0,78
2023-05-09 21:51:59,OI311P8100,菜籽油2311沽8100,345.5,0.0,0.0,0.0,18,359.5,365.5,26,345.5,373.5,0.0,0.0,0.0,0.0,78
2023-05-09 21:52:02,OI311P8100,菜籽油2311沽8100,345.5,0.0,0.0,0.0,24,359.5,365.5,20,345.5,373.5,0.0,0.0,0.0,0.0,78
2023-05-09 21:52:02,OI311P8100,菜籽油2311沽8100,345.5,0.0,0.0,0.0,30,359.5,365.5,14,345.5,373.5,0.0,0.0,0.0,0.0,78
2023-05-09 21:52:03,OI311P8100,菜籽油2311沽8100,345.5,0.0,0.0,0.0,30,359.5,365.5,8,345.5,373.5,0.0,0.0,0.0,0.0,78
2023-05-09 21:52:08,OI311P8100,菜籽油2311沽8100,345.5,0.0,0.0,0.0,24,359.5,365.5,20,345.5,373.5,0.0,0.0,0.0,0.0,78
2023-05-09 21:52:08,OI311P8100,菜籽油2311沽8100,345.5,0.0,0.0,0.0,18,359.5,365.5,26,345.5,373.5,0.0,0.0,0.0,0.0,78
2023-05-09 21:52:15,OI311P8100,菜籽油2311沽8100,345.5,0.0,0.0,0.0,24,359.0,364.0,12,345.5,373.5,0.0,0.0,0.0,0.0,78
2023-05-09 21:52:15,OI311P8100,菜籽油2311沽8100,345.5,0.0,0.0,0.0,18,359.0,364.0,12,345.5,373.5,0.0,0.0,0.0,0.0,78
2023-05-09 21:52:16,OI311P8100,菜籽油2311沽8100,345.5,0.0,0.0,0.0,12,359.0,364.0,18,345.5,373.5,0.0,0.0,0.0,0.0,78
2023-05-09 21:52:19,OI311P8100,菜籽油2311沽8100,345.5,0.0,0.0,0.0,6,359.0,364.0,26,345.5,373.5,0.0,0.0,0.0,0.0,78
2023-05-09 21:52:21,OI311P8100,菜籽油2311沽8100,345.5,0.0,0.0,0.0,6,359.0,364.0,20,345.5,373.5,0.0,0.0,0.0,0.0,78
2023-05-09 21:52:25,OI311P8100,菜籽油2311沽8100,345.5,0.0,0.0,0.0,6,359.0,364.0,14,345.5,373.5,0.0,0.0,0.0,0.0,78
2023-05-09 21:52:29,OI311P8100,菜籽油2311沽8100,345.5,0.0,0.0,0.0,12,359.0,364.0,8,345.5,373.5,0.0,0.0,0.0,0.0,78
2023-05-09 21:52:32,OI311P8100,菜籽油2311沽8100,345.5,0.0,0.0,0.0,18,359.0,364.0,8,345.5,373.5,0.0,0.0,0.0,0.0,78
2023-05-09 21:52:32,OI311P8100,菜籽油2311沽8100,345.5,0.0,0.0,0.0,24,359.0,364.0,8,345.5,373.5,0.0,0.0,0.0,0.0,78
2023-05-09 21:52:37,OI311P8100,菜籽油2311沽8100,345.5,0.0,0.0,0.0,24,359.0,364.0,2,345.5,373.5,0.0,0.0,0.0,0.0,78
2023-05-09 21:52:39,OI311P8100,菜籽油2311沽8100,345.5,0.0,0.0,0.0,18,359.0,364.0,2,345.5,373.5,0.0,0.0,0.0,0.0,78
2023-05-09 21:52:44,OI311P8100,菜籽油2311沽8100,345.5,0.0,0.0,0.0,24,359.0,364.0,2,345.5,373.5,0.0,0.0,0.0,0.0,78
2023-05-09 21:52:49,OI311P8100,菜籽油2311沽8100,345.5,0.0,0.0,0.0,6,360.0,364.0,2,345.5,373.5,0.0,0.0,0.0,0.0,78
2023-05-09 21:52:49,OI311P8100,菜籽油2311沽8100,345.5,0.0,0.0,0.0,12,360.0,364.0,2,345.5,373.5,0.0,0.0,0.0,0.0,78
2023-05-09 21:52:50,OI311P8100,菜籽油2311沽8100,345.5,0.0,0.0,0.0,18,360.0,364.0,2,345.5,373.5,0.0,0.0,0.0,0.0,78
2023-05-09 21:52:51,OI311P8100,菜籽油2311沽8100,345.5,0.0,0.0,0.0,24,360.0,364.5,6,345.5,373.5,0.0,0.0,0.0,0.0,78
2023-05-09 21:52:52,OI311P8100,菜籽油2311沽8100,345.5,0.0,0.0,0.0,24,360.0,365.5,2,345.5,373.5,0.0,0.0,0.0,0.0,78
2023-05-09 21:52:52,OI311P8100,菜籽油2311沽8100,345.5,0.0,0.0,0.0,24,360.0,365.0,6,345.5,373.5,0.0,0.0,0.0,0.0,78
2023-05-09 21:52:53,OI311P8100,菜籽油2311沽8100,345.5,0.0,0.0,0.0,24,360.0,365.5,2,345.5,373.5,0.0,0.0,0.0,0.0,78
2023-05-09 21:52:53,OI311P8100,菜籽油2311沽8100,345.5,0.0,0.0,0.0,24,360.0,365.5,8,345.5,373.5,0.0,0.0,0.0,0.0,78
2023-05-09 21:52:54,OI311P8100,菜籽油2311沽8100,345.5,0.0,0.0,0.0,24,360.0,365.5,2,345.5,373.5,0.0,0.0,0.0,0.0,78
2023-05-09 21:52:55,OI311P8100,菜籽油2311沽8100,345.5,0.0,0.0,0.0,32,360.0,365.5,2,345.5,373.5,0.0,0.0,0.0,0.0,78
2023-05-09 21:52:55,OI311P8100,菜籽油2311沽8100,345.5,0.0,0.0,0.0,44,360.0,365.5,2,345.5,373.5,0.0,0.0,0.0,0.0,78
2023-05-09 21:52:59,OI311P8100,菜籽油2311沽8100,345.5,0.0,0.0,0.0,6,361.0,365.5,2,345.5,373.5,0.0,0.0,0.0,0.0,78
2023-05-09 21:53:00,OI311P8100,菜籽油2311沽8100,345.5,0.0,0.0,0.0,12,361.0,365.5,2,345.5,373.5,0.0,0.0,0.0,0.0,78
2023-05-09 21:53:02,OI311P8100,菜籽油2311沽8100,345.5,0.0,0.0,0.0,18,361.0,366.0,12,345.5,373.5,0.0,0.0,0.0,0.0,78
2023-05-09 21:53:02,OI311P8100,菜籽油2311沽8100,345.5,0.0,0.0,0.0,18,361.0,366.0,6,345.5,373.5,0.0,0.0,0.0,0.0,78
2023-05-09 21:53:03,OI311P8100,菜籽油2311沽8100,345.5,0.0,0.0,0.0,18,361.0,366.5,6,345.5,373.5,0.0,0.0,0.0,0.0,78
2023-05-09 21:53:05,OI311P8100,菜籽油2311沽8100,345.5,0.0,0.0,0.0,2,362.0,366.5,6,345.5,373.5,0.0,0.0,0.0,0.0,78
2023-05-09 21:53:06,OI311P8100,菜籽油2311沽8100,345.5,0.0,0.0,0.0,14,362.0,368.0,12,345.5,373.5,0.0,0.0,0.0,0.0,78
2023-05-09 21:53:06,OI311P8100,菜籽油2311沽8100,345.5,0.0,0.0,0.0,20,362.0,367.0,6,345.5,373.5,0.0,0.0,0.0,0.0,78
2023-05-09 21:53:06,OI311P8100,菜籽油2311沽8100,345.5,0.0,0.0,0.0,20,362.0,368.0,6,345.5,373.5,0.0,0.0,0.0,0.0,78
2023-05-09 21:53:07,OI311P8100,菜籽油2311沽8100,345.5,0.0,0.0,0.0,26,362.0,367.5,6,345.5,373.5,0.0,0.0,0.0,0.0,78
2023-05-09 21:53:07,OI311P8100,菜籽油2311沽8100,345.5,0.0,0.0,0.0,26,362.0,368.0,6,345.5,373.5,0.0,0.0,0.0,0.0,78
2023-05-09 21:53:08,OI311P8100,菜籽油2311沽8100,345.5,0.0,0.0,0.0,26,362.0,368.0,12,345.5,373.5,0.0,0.0,0.0,0.0,78
2023-05-09 21:53:09,OI311P8100,菜籽油2311沽8100,345.5,0.0,0.0,0.0,26,362.0,368.5,12,345.5,373.5,0.0,0.0,0.0,0.0,78
2023-05-09 21:53:09,OI311P8100,菜籽油2311沽8100,345.5,0.0,0.0,0.0,26,362.0,368.5,6,345.5,373.5,0.0,0.0,0.0,0.0,78
2023-05-09 21:53:20,OI311P8100,菜籽油2311沽8100,345.5,0.0,0.0,0.0,6,363.0,368.5,6,345.5,373.5,0.0,0.0,0.0,0.0,78
2023-05-09 21:53:20,OI311P8100,菜籽油2311沽8100,345.5,0.0,0.0,0.0,12,363.0,368.5,6,345.5,373.5,0.0,0.0,0.0,0.0,78
2023-05-09 21:53:21,OI311P8100,菜籽油2311沽8100,345.5,0.0,0.0,0.0,12,363.0,369.0,26,345.5,373.5,0.0,0.0,0.0,0.0,78
2023-05-09 21:53:21,OI311P8100,菜籽油2311沽8100,345.5,0.0,0.0,0.0,18,363.0,369.0,20,345.5,373.5,0.0,0.0,0.0,0.0,78
2023-05-09 21:53:22,OI311P8100,菜籽油2311沽8100,345.5,0.0,0.0,0.0,24,363.0,369.0,8,345.5,373.5,0.0,0.0,0.0,0.0,78
2023-05-09 21:53:25,OI311P8100,菜籽油2311沽8100,345.5,0.0,0.0,0.0,2,363.5,369.0,8,345.5,373.5,0.0,0.0,0.0,0.0,78
2023-05-09 21:53:26,OI311P8100,菜籽油2311沽8100,345.5,0.0,0.0,0.0,8,363.5,369.0,2,345.5,373.5,0.0,0.0,0.0,0.0,78
2023-05-09 21:53:26,OI311P8100,菜籽油2311沽8100,345.5,0.0,0.0,0.0,6,364.0,369.0,2,345.5,373.5,0.0,0.0,0.0,0.0,78
2023-05-09 21:53:27,OI311P8100,菜籽油2311沽8100,345.5,0.0,0.0,0.0,12,364.0,369.0,2,345.5,373.5,0.0,0.0,0.0,0.0,78
2023-05-09 21:53:28,OI311P8100,菜籽油2311沽8100,345.5,0.0,0.0,0.0,24,364.0,369.0,2,345.5,373.5,0.0,0.0,0.0,0.0,78
2023-05-09 21:53:42,OI311P8100,菜籽油2311沽8100,345.5,0.0,0.0,0.0,30,364.0,369.0,2,345.5,373.5,0.0,0.0,0.0,0.0,78
2023-05-09 21:53:46,OI311P8100,菜籽油2311沽8100,345.5,0.0,0.0,0.0,6,365.0,369.5,6,345.5,373.5,0.0,0.0,0.0,0.0,78
2023-05-09 21:53:47,OI311P8100,菜籽油2311沽8100,345.5,0.0,0.0,0.0,20,365.0,369.5,6,345.5,373.5,0.0,0.0,0.0,0.0,78
2023-05-09 21:53:47,OI311P8100,菜籽油2311沽8100,345.5,0.0,0.0,0.0,20,365.0,371.0,6,345.5,373.5,0.0,0.0,0.0,0.0,78
2023-05-09 21:53:47,OI311P8100,菜籽油2311沽8100,345.5,0.0,0.0,0.0,20,365.0,370.0,6,345.5,373.5,0.0,0.0,0.0,0.0,78
2023-05-09 21:53:48,OI311P8100,菜籽油2311沽8100,345.5,0.0,0.0,0.0,14,365.0,370.5,6,345.5,373.5,0.0,0.0,0.0,0.0,78
2023-05-09 21:53:48,OI311P8100,菜籽油2311沽8100,345.5,0.0,0.0,0.0,14,365.0,370.5,12,345.5,373.5,0.0,0.0,0.0,0.0,78
2023-05-09 21:53:49,OI311P8100,菜籽油2311沽8100,345.5,0.0,0.0,0.0,14,365.0,370.5,6,345.5,373.5,0.0,0.0,0.0,0.0,78
2023-05-09 21:53:55,OI311P8100,菜籽油2311沽8100,345.5,0.0,0.0,0.0,14,365.0,370.5,12,345.5,373.5,0.0,0.0,0.0,0.0,78
2023-05-09 21:54:01,OI311P8100,菜籽油2311沽8100,345.5,0.0,0.0,0.0,14,365.0,370.5,20,345.5,373.5,0.0,0.0,0.0,0.0,78
2023-05-09 21:54:10,OI311P8100,菜籽油2311沽8100,345.5,0.0,0.0,0.0,14,365.0,370.5,26,345.5,373.5,0.0,0.0,0.0,0.0,78
2023-05-09 21:54:13,OI311P8100,菜籽油2311沽8100,345.5,0.0,0.0,0.0,2,365.0,369.0,6,345.5,373.5,0.0,0.0,0.0,0.0,78
2023-05-09 21:54:19,OI311P8100,菜籽油2311沽8100,345.5,0.0,0.0,0.0,2,365.0,369.0,12,345.5,373.5,0.0,0.0,0.0,0.0,78
2023-05-09 21:54:22,OI311P8100,菜籽油2311沽8100,345.5,0.0,0.0,0.0,2,365.0,369.0,6,345.5,373.5,0.0,0.0,0.0,0.0,78
2023-05-09 21:54:22,OI311P8100,菜籽油2311沽8100,345.5,0.0,0.0,0.0,8,365.0,369.5,6,345.5,373.5,0.0,0.0,0.0,0.0,78
2023-05-09 21:54:23,OI311P8100,菜籽油2311沽8100,345.5,0.0,0.0,0.0,8,365.0,370.0,24,345.5,373.5,0.0,0.0,0.0,0.0,78
2023-05-09 21:54:23,OI311P8100,菜籽油2311沽8100,345.5,0.0,0.0,0.0,14,365.0,370.0,24,345.5,373.5,0.0,0.0,0.0,0.0,78
2023-05-09 21:54:24,OI311P8100,菜籽油2311沽8100,345.5,0.0,0.0,0.0,14,365.0,370.0,12,345.5,373.5,0.0,0.0,0.0,0.0,78
2023-05-09 21:54:25,OI311P8100,菜籽油2311沽8100,345.5,0.0,0.0,0.0,20,365.0,370.0,6,345.5,373.5,0.0,0.0,0.0,0.0,78
2023-05-09 21:54:33,OI311P8100,菜籽油2311沽8100,345.5,0.0,0.0,0.0,20,365.0,370.0,12,345.5,373.5,0.0,0.0,0.0,0.0,78
2023-05-09 21:54:34,OI311P8100,菜籽油2311沽8100,345.5,0.0,0.0,0.0,8,365.0,370.0,12,345.5,373.5,0.0,0.0,0.0,0.0,78
2023-05-09 21:54:34,OI311P8100,菜籽油2311沽8100,345.5,0.0,0.0,0.0,2,365.0,370.0,12,345.5,373.5,0.0,0.0,0.0,0.0,78
2023-05-09 21:54:40,OI311P8100,菜籽油2311沽8100,345.5,0.0,0.0,0.0,8,365.0,370.0,12,345.5,373.5,0.0,0.0,0.0,0.0,78
2023-05-09 21:54:44,OI311P8100,菜籽油2311沽8100,345.5,0.0,0.0,0.0,8,365.0,370.5,26,345.5,373.5,0.0,0.0,0.0,0.0,78
2023-05-09 21:54:45,OI311P8100,菜籽油2311沽8100,345.5,0.0,0.0,0.0,8,365.0,370.5,20,345.5,373.5,0.0,0.0,0.0,0.0,78
2023-05-09 21:54:48,OI311P8100,菜籽油2311沽8100,345.5,0.0,0.0,0.0,14,365.0,370.5,14,345.5,373.5,0.0,0.0,0.0,0.0,78
2023-05-09 21:54:52,OI311P8100,菜籽油2311沽8100,345.5,0.0,0.0,0.0,14,365.0,370.5,20,345.5,373.5,0.0,0.0,0.0,0.0,78
2023-05-09 21:55:00,OI311P8100,菜籽油2311沽8100,345.5,0.0,0.0,0.0,20,365.0,370.5,14,345.5,373.5,0.0,0.0,0.0,0.0,78
2023-05-09 21:55:00,OI311P8100,菜籽油2311沽8100,345.5,0.0,0.0,0.0,20,365.0,370.5,8,345.5,373.5,0.0,0.0,0.0,0.0,78
2023-05-09 21:55:04,OI311P8100,菜籽油2311沽8100,345.5,0.0,0.0,0.0,20,365.0,370.5,2,345.5,373.5,0.0,0.0,0.0,0.0,78
2023-05-09 21:55:11,OI311P8100,菜籽油2311沽8100,345.5,0.0,0.0,0.0,20,365.0,370.5,8,345.5,373.5,0.0,0.0,0.0,0.0,78
2023-05-09 21:55:13,OI311P8100,菜籽油2311沽8100,345.5,0.0,0.0,0.0,14,365.0,370.5,14,345.5,373.5,0.0,0.0,0.0,0.0,78
2023-05-09 21:55:16,OI311P8100,菜籽油2311沽8100,345.5,0.0,0.0,0.0,14,365.0,370.5,26,345.5,373.5,0.0,0.0,0.0,0.0,78
2023-05-09 21:55:20,OI311P8100,菜籽油2311沽8100,345.5,0.0,0.0,0.0,6,365.5,370.5,26,345.5,373.5,0.0,0.0,0.0,0.0,78
2023-05-09 21:55:23,OI311P8100,菜籽油2311沽8100,345.5,0.0,0.0,0.0,20,365.0,370.5,26,345.5,373.5,0.0,0.0,0.0,0.0,78
2023-05-09 21:55:24,OI311P8100,菜籽油2311沽8100,345.5,0.0,0.0,0.0,14,365.0,370.5,26,345.5,373.5,0.0,0.0,0.0,0.0,78
2023-05-09 21:55:32,OI311P8100,菜籽油2311沽8100,345.5,0.0,0.0,0.0,14,365.0,370.5,20,345.5,373.5,0.0,0.0,0.0,0.0,78
2023-05-09 21:55:33,OI311P8100,菜籽油2311沽8100,345.5,0.0,0.0,0.0,6,365.5,370.5,8,345.5,373.5,0.0,0.0,0.0,0.0,78
2023-05-09 21:55:38,OI311P8100,菜籽油2311沽8100,345.5,0.0,0.0,0.0,26,365.0,370.5,8,345.5,373.5,0.0,0.0,0.0,0.0,78
2023-05-09 21:55:40,OI311P8100,菜籽油2311沽8100,345.5,0.0,0.0,0.0,20,365.0,370.5,14,345.5,373.5,0.0,0.0,0.0,0.0,78
2023-05-09 21:56:06,OI311P8100,菜籽油2311沽8100,345.5,0.0,0.0,0.0,20,365.0,370.5,8,345.5,373.5,0.0,0.0,0.0,0.0,78
2023-05-09 21:56:12,OI311P8100,菜籽油2311沽8100,345.5,0.0,0.0,0.0,20,365.0,370.5,14,345.5,373.5,0.0,0.0,0.0,0.0,78
2023-05-09 21:56:24,OI311P8100,菜籽油2311沽8100,345.5,0.0,0.0,0.0,20,365.0,370.5,20,345.5,373.5,0.0,0.0,0.0,0.0,78
2023-05-09 21:56:29,OI311P8100,菜籽油2311沽8100,345.5,0.0,0.0,0.0,20,365.0,370.5,26,345.5,373.5,0.0,0.0,0.0,0.0,78
2023-05-09 21:56:41,OI311P8100,菜籽油2311沽8100,345.5,0.0,0.0,0.0,20,365.0,370.5,20,345.5,373.5,0.0,0.0,0.0,0.0,78
2023-05-09 21:56:46,OI311P8100,菜籽油2311沽8100,345.5,0.0,0.0,0.0,20,365.0,370.5,14,345.5,373.5,0.0,0.0,0.0,0.0,78
2023-05-09 21:56:47,OI311P8100,菜籽油2311沽8100,345.5,0.0,0.0,0.0,14,365.0,370.5,14,345.5,373.5,0.0,0.0,0.0,0.0,78
2023-05-09 21:56:47,OI311P8100,菜籽油2311沽8100,345.5,0.0,0.0,0.0,14,365.0,370.5,20,345.5,373.5,0.0,0.0,0.0,0.0,78
2023-05-09 21:56:50,OI311P8100,菜籽油2311沽8100,345.5,0.0,0.0,0.0,14,365.0,370.5,26,345.5,373.5,0.0,0.0,0.0,0.0,78
2023-05-09 21:56:59,OI311P8100,菜籽油2311沽8100,345.5,0.0,0.0,0.0,8,365.0,370.5,32,345.5,373.5,0.0,0.0,0.0,0.0,78
2023-05-09 21:56:59,OI311P8100,菜籽油2311沽8100,345.5,0.0,0.0,0.0,2,365.0,370.5,32,345.5,373.5,0.0,0.0,0.0,0.0,78
2023-05-09 21:57:10,OI311P8100,菜籽油2311沽8100,345.5,0.0,0.0,0.0,8,365.0,370.5,32,345.5,373.5,0.0,0.0,0.0,0.0,78
2023-05-09 21:57:11,OI311P8100,菜籽油2311沽8100,345.5,0.0,0.0,0.0,8,365.0,370.5,26,345.5,373.5,0.0,0.0,0.0,0.0,78
2023-05-09 21:57:16,OI311P8100,菜籽油2311沽8100,345.5,0.0,0.0,0.0,2,365.0,370.5,26,345.5,373.5,0.0,0.0,0.0,0.0,78
2023-05-09 21:57:18,OI311P8100,菜籽油2311沽8100,345.5,0.0,0.0,0.0,2,365.0,370.5,32,345.5,373.5,0.0,0.0,0.0,0.0,78
2023-05-09 21:57:32,OI311P8100,菜籽油2311沽8100,345.5,0.0,0.0,0.0,24,364.5,370.5,32,345.5,373.5,0.0,0.0,0.0,0.0,78
2023-05-09 21:57:32,OI311P8100,菜籽油2311沽8100,345.5,0.0,0.0,0.0,12,364.5,369.0,2,345.5,373.5,0.0,0.0,0.0,0.0,78
2023-05-09 21:57:33,OI311P8100,菜籽油2311沽8100,345.5,0.0,0.0,0.0,6,364.5,369.0,2,345.5,373.5,0.0,0.0,0.0,0.0,78
2023-05-09 21:57:40,OI311P8100,菜籽油2311沽8100,345.5,0.0,0.0,0.0,12,364.5,369.0,2,345.5,373.5,0.0,0.0,0.0,0.0,78
2023-05-09 21:57:44,OI311P8100,菜籽油2311沽8100,345.5,0.0,0.0,0.0,6,364.5,369.0,2,345.5,373.5,0.0,0.0,0.0,0.0,78
