time,symbol_id,symbol_name,last,trade_volume,trade_amount,open_interest_change,bv1,bp1,ap1,av1,yesterday_close,today_open,today_high,today_low,volume,amount,open_interest
2023-05-09 19:10:58,OI311P8200,OI311P8200,407.0,0.0,0.0,-6.0,0,0.0,0.0,0,407.0,423.0,0.0,0.0,0.0,0.0,108
2023-05-09 20:59:00,OI311P8200,OI311P8200,407.0,0.0,0.0,0.0,1,243.5,0.0,0,407.0,423.0,0.0,0.0,0.0,0.0,108
2023-05-09 21:00:00,OI311P8200,OI311P8200,407.0,0.0,0.0,0.0,6,246.5,0.0,0,407.0,423.0,0.0,0.0,0.0,0.0,108
2023-05-09 21:00:02,OI311P8200,OI311P8200,407.0,0.0,0.0,0.0,6,247.5,0.0,0,407.0,423.0,0.0,0.0,0.0,0.0,108
2023-05-09 21:00:03,OI311P8200,OI311P8200,407.0,0.0,0.0,0.0,4,287.5,560.5,4,407.0,423.0,0.0,0.0,0.0,0.0,108
2023-05-09 21:00:04,OI311P8200,OI311P8200,407.0,0.0,0.0,0.0,6,290.5,557.5,6,407.0,423.0,0.0,0.0,0.0,0.0,108
2023-05-09 21:00:06,OI311P8200,OI311P8200,407.0,0.0,0.0,0.0,6,334.5,513.5,6,407.0,423.0,0.0,0.0,0.0,0.0,108
2023-05-09 21:00:10,OI311P8200,OI311P8200,407.0,0.0,0.0,0.0,4,375.5,469.5,6,407.0,423.0,0.0,0.0,0.0,0.0,108
2023-05-09 21:00:12,OI311P8200,OI311P8200,407.0,0.0,0.0,0.0,4,375.5,428.5,4,407.0,423.0,0.0,0.0,0.0,0.0,108
2023-05-09 21:00:52,OI311P8200,OI311P8200,407.0,0.0,0.0,0.0,6,375.5,428.5,6,407.0,423.0,0.0,0.0,0.0,0.0,108
2023-05-09 21:00:53,OI311P8200,OI311P8200,407.0,0.0,0.0,0.0,2,375.5,428.5,2,407.0,423.0,0.0,0.0,0.0,0.0,108
2023-05-09 21:01:10,OI311P8200,OI311P8200,407.0,0.0,0.0,0.0,2,396.5,428.5,2,407.0,423.0,0.0,0.0,0.0,0.0,108
2023-05-09 21:01:11,OI311P8200,OI311P8200,407.0,0.0,0.0,0.0,2,396.5,404.0,2,407.0,423.0,0.0,0.0,0.0,0.0,108
2023-05-09 21:01:43,OI311P8200,OI311P8200,407.0,0.0,0.0,0.0,2,396.5,402.0,2,407.0,423.0,0.0,0.0,0.0,0.0,108
2023-05-09 21:01:44,OI311P8200,OI311P8200,407.0,0.0,0.0,0.0,2,392.5,402.0,2,407.0,423.0,0.0,0.0,0.0,0.0,108
2023-05-09 21:01:54,OI311P8200,OI311P8200,407.0,0.0,0.0,0.0,2,394.0,402.0,2,407.0,423.0,0.0,0.0,0.0,0.0,108
2023-05-09 21:02:06,OI311P8200,OI311P8200,407.0,0.0,0.0,0.0,2,394.0,399.5,2,407.0,423.0,0.0,0.0,0.0,0.0,108
2023-05-09 21:02:42,OI311P8200,OI311P8200,407.0,0.0,0.0,0.0,2,394.0,402.0,2,407.0,423.0,0.0,0.0,0.0,0.0,108
2023-05-09 21:03:57,OI311P8200,OI311P8200,407.0,0.0,0.0,0.0,2,396.0,402.0,2,407.0,423.0,0.0,0.0,0.0,0.0,108
2023-05-09 21:04:25,OI311P8200,OI311P8200,407.0,0.0,0.0,0.0,2,396.0,405.5,2,407.0,423.0,0.0,0.0,0.0,0.0,108
2023-05-09 21:04:37,OI311P8200,OI311P8200,407.0,0.0,0.0,0.0,2,396.0,404.0,6,407.0,423.0,0.0,0.0,0.0,0.0,108
2023-05-09 21:04:44,OI311P8200,OI311P8200,407.0,0.0,0.0,0.0,6,397.5,405.5,2,407.0,423.0,0.0,0.0,0.0,0.0,108
2023-05-09 21:04:44,OI311P8200,OI311P8200,407.0,0.0,0.0,0.0,2,398.5,405.5,2,407.0,423.0,0.0,0.0,0.0,0.0,108
2023-05-09 21:04:53,OI311P8200,OI311P8200,407.0,0.0,0.0,0.0,2,398.5,404.5,6,407.0,423.0,0.0,0.0,0.0,0.0,108
2023-05-09 21:05:06,OI311P8200,OI311P8200,407.0,0.0,0.0,0.0,8,398.5,404.5,6,407.0,423.0,0.0,0.0,0.0,0.0,108
2023-05-09 21:05:19,OI311P8200,OI311P8200,407.0,0.0,0.0,0.0,2,398.5,404.5,6,407.0,423.0,0.0,0.0,0.0,0.0,108
2023-05-09 21:05:28,OI311P8200,OI311P8200,407.0,0.0,0.0,0.0,18,396.5,403.5,2,407.0,423.0,0.0,0.0,0.0,0.0,108
2023-05-09 21:05:28,OI311P8200,OI311P8200,407.0,0.0,0.0,0.0,12,396.5,403.5,2,407.0,423.0,0.0,0.0,0.0,0.0,108
2023-05-09 21:05:38,OI311P8200,OI311P8200,407.0,0.0,0.0,0.0,6,397.5,403.5,2,407.0,423.0,0.0,0.0,0.0,0.0,108
2023-05-09 21:05:38,OI311P8200,OI311P8200,407.0,0.0,0.0,0.0,12,397.5,403.5,2,407.0,423.0,0.0,0.0,0.0,0.0,108
2023-05-09 21:05:40,OI311P8200,OI311P8200,407.0,0.0,0.0,0.0,2,398.0,403.5,2,407.0,423.0,0.0,0.0,0.0,0.0,108
2023-05-09 21:05:42,OI311P8200,OI311P8200,407.0,0.0,0.0,0.0,8,398.0,403.5,2,407.0,423.0,0.0,0.0,0.0,0.0,108
2023-05-09 21:05:44,OI311P8200,OI311P8200,407.0,0.0,0.0,0.0,12,399.5,403.5,2,407.0,423.0,0.0,0.0,0.0,0.0,108
2023-05-09 21:05:49,OI311P8200,OI311P8200,407.0,0.0,0.0,0.0,12,399.5,405.5,2,407.0,423.0,0.0,0.0,0.0,0.0,108
2023-05-09 21:05:51,OI311P8200,OI311P8200,407.0,0.0,0.0,0.0,14,399.5,405.5,2,407.0,423.0,0.0,0.0,0.0,0.0,108
2023-05-09 21:05:57,OI311P8200,OI311P8200,407.0,0.0,0.0,0.0,8,399.5,405.5,2,407.0,423.0,0.0,0.0,0.0,0.0,108
2023-05-09 21:05:57,OI311P8200,OI311P8200,407.0,0.0,0.0,0.0,2,399.5,405.5,2,407.0,423.0,0.0,0.0,0.0,0.0,108
2023-05-09 21:06:04,OI311P8200,OI311P8200,407.0,0.0,0.0,0.0,2,398.0,404.5,6,407.0,423.0,0.0,0.0,0.0,0.0,108
2023-05-09 21:06:05,OI311P8200,OI311P8200,407.0,0.0,0.0,0.0,2,398.0,403.5,2,407.0,423.0,0.0,0.0,0.0,0.0,108
2023-05-09 21:06:06,OI311P8200,OI311P8200,407.0,0.0,0.0,0.0,6,396.5,403.5,2,407.0,423.0,0.0,0.0,0.0,0.0,108
2023-05-09 21:06:07,OI311P8200,OI311P8200,407.0,0.0,0.0,0.0,12,395.5,403.5,2,407.0,423.0,0.0,0.0,0.0,0.0,108
2023-05-09 21:06:07,OI311P8200,OI311P8200,407.0,0.0,0.0,0.0,6,395.5,403.5,2,407.0,423.0,0.0,0.0,0.0,0.0,108
2023-05-09 21:06:09,OI311P8200,OI311P8200,407.0,0.0,0.0,0.0,12,395.5,403.5,2,407.0,423.0,0.0,0.0,0.0,0.0,108
2023-05-09 21:06:12,OI311P8200,OI311P8200,407.0,0.0,0.0,0.0,2,397.0,403.5,2,407.0,423.0,0.0,0.0,0.0,0.0,108
2023-05-09 21:06:14,OI311P8200,OI311P8200,407.0,0.0,0.0,0.0,18,397.5,403.5,2,407.0,423.0,0.0,0.0,0.0,0.0,108
2023-05-09 21:06:21,OI311P8200,OI311P8200,407.0,0.0,0.0,0.0,12,399.0,403.5,2,407.0,423.0,0.0,0.0,0.0,0.0,108
2023-05-09 21:06:21,OI311P8200,OI311P8200,407.0,0.0,0.0,0.0,12,399.0,405.5,2,407.0,423.0,0.0,0.0,0.0,0.0,108
2023-05-09 21:06:23,OI311P8200,OI311P8200,407.0,0.0,0.0,0.0,18,399.0,405.5,2,407.0,423.0,0.0,0.0,0.0,0.0,108
2023-05-09 21:06:43,OI311P8200,OI311P8200,407.0,0.0,0.0,0.0,12,399.0,405.5,2,407.0,423.0,0.0,0.0,0.0,0.0,108
2023-05-09 21:06:55,OI311P8200,OI311P8200,407.0,0.0,0.0,0.0,6,399.5,405.5,2,407.0,423.0,0.0,0.0,0.0,0.0,108
2023-05-09 21:07:14,OI311P8200,OI311P8200,407.0,0.0,0.0,0.0,2,400.5,405.5,2,407.0,423.0,0.0,0.0,0.0,0.0,108
2023-05-09 21:07:20,OI311P8200,OI311P8200,407.0,0.0,0.0,0.0,2,400.5,408.0,6,407.0,423.0,0.0,0.0,0.0,0.0,108
2023-05-09 21:07:23,OI311P8200,OI311P8200,407.0,0.0,0.0,0.0,14,400.5,408.0,6,407.0,423.0,0.0,0.0,0.0,0.0,108
2023-05-09 21:07:25,OI311P8200,OI311P8200,407.0,0.0,0.0,0.0,20,400.5,408.0,6,407.0,423.0,0.0,0.0,0.0,0.0,108
2023-05-09 21:07:43,OI311P8200,OI311P8200,407.0,0.0,0.0,0.0,14,400.5,408.0,6,407.0,423.0,0.0,0.0,0.0,0.0,108
2023-05-09 21:07:49,OI311P8200,OI311P8200,407.0,0.0,0.0,0.0,20,400.5,408.0,6,407.0,423.0,0.0,0.0,0.0,0.0,108
2023-05-09 21:07:59,OI311P8200,OI311P8200,407.0,0.0,0.0,0.0,14,400.5,408.0,6,407.0,423.0,0.0,0.0,0.0,0.0,108
2023-05-09 21:08:22,OI311P8200,OI311P8200,407.0,0.0,0.0,0.0,14,400.5,407.0,2,407.0,423.0,0.0,0.0,0.0,0.0,108
2023-05-09 21:08:23,OI311P8200,OI311P8200,407.0,0.0,0.0,0.0,2,400.5,407.0,2,407.0,423.0,0.0,0.0,0.0,0.0,108
2023-05-09 21:08:29,OI311P8200,OI311P8200,407.0,0.0,0.0,0.0,6,401.5,407.0,2,407.0,423.0,0.0,0.0,0.0,0.0,108
2023-05-09 21:08:30,OI311P8200,OI311P8200,407.0,0.0,0.0,0.0,6,401.5,406.5,6,407.0,423.0,0.0,0.0,0.0,0.0,108
2023-05-09 21:08:38,OI311P8200,OI311P8200,407.0,0.0,0.0,0.0,6,401.0,406.5,6,407.0,423.0,0.0,0.0,0.0,0.0,108
2023-05-09 21:08:45,OI311P8200,OI311P8200,407.0,0.0,0.0,0.0,12,401.0,406.5,6,407.0,423.0,0.0,0.0,0.0,0.0,108
2023-05-09 21:08:49,OI311P8200,OI311P8200,407.0,0.0,0.0,0.0,12,401.0,407.0,14,407.0,423.0,0.0,0.0,0.0,0.0,108
2023-05-09 21:08:49,OI311P8200,OI311P8200,407.0,0.0,0.0,0.0,12,401.0,407.0,2,407.0,423.0,0.0,0.0,0.0,0.0,108
2023-05-09 21:08:59,OI311P8200,OI311P8200,407.0,0.0,0.0,0.0,12,402.0,407.0,2,407.0,423.0,0.0,0.0,0.0,0.0,108
2023-05-09 21:09:21,OI311P8200,OI311P8200,407.0,0.0,0.0,0.0,18,401.5,407.0,2,407.0,423.0,0.0,0.0,0.0,0.0,108
2023-05-09 21:09:21,OI311P8200,OI311P8200,407.0,0.0,0.0,0.0,12,401.5,407.0,2,407.0,423.0,0.0,0.0,0.0,0.0,108
2023-05-09 21:09:23,OI311P8200,OI311P8200,407.0,0.0,0.0,0.0,6,401.5,407.0,2,407.0,423.0,0.0,0.0,0.0,0.0,108
2023-05-09 21:09:24,OI311P8200,OI311P8200,407.0,0.0,0.0,0.0,26,400.5,407.0,2,407.0,423.0,0.0,0.0,0.0,0.0,108
2023-05-09 21:09:24,OI311P8200,OI311P8200,407.0,0.0,0.0,0.0,20,400.5,407.0,2,407.0,423.0,0.0,0.0,0.0,0.0,108
2023-05-09 21:09:42,OI311P8200,OI311P8200,407.0,0.0,0.0,0.0,14,400.5,407.0,8,407.0,423.0,0.0,0.0,0.0,0.0,108
2023-05-09 21:09:56,OI311P8200,OI311P8200,407.0,0.0,0.0,0.0,14,400.5,407.0,14,407.0,423.0,0.0,0.0,0.0,0.0,108
2023-05-09 21:09:56,OI311P8200,OI311P8200,407.0,0.0,0.0,0.0,14,400.5,407.0,8,407.0,423.0,0.0,0.0,0.0,0.0,108
2023-05-09 21:10:05,OI311P8200,OI311P8200,407.0,0.0,0.0,0.0,8,400.5,407.0,8,407.0,423.0,0.0,0.0,0.0,0.0,108
2023-05-09 21:10:06,OI311P8200,OI311P8200,407.0,0.0,0.0,0.0,6,400.5,405.5,2,407.0,423.0,0.0,0.0,0.0,0.0,108
2023-05-09 21:10:07,OI311P8200,OI311P8200,407.0,0.0,0.0,0.0,12,399.5,405.5,8,407.0,423.0,0.0,0.0,0.0,0.0,108
2023-05-09 21:10:07,OI311P8200,OI311P8200,407.0,0.0,0.0,0.0,6,399.5,405.5,8,407.0,423.0,0.0,0.0,0.0,0.0,108
2023-05-09 21:10:10,OI311P8200,OI311P8200,407.0,0.0,0.0,0.0,12,399.5,405.5,8,407.0,423.0,0.0,0.0,0.0,0.0,108
2023-05-09 21:10:40,OI311P8200,OI311P8200,407.0,0.0,0.0,0.0,12,399.5,403.5,2,407.0,423.0,0.0,0.0,0.0,0.0,108
2023-05-09 21:10:41,OI311P8200,OI311P8200,407.0,0.0,0.0,0.0,6,399.5,403.5,2,407.0,423.0,0.0,0.0,0.0,0.0,108
2023-05-09 21:10:41,OI311P8200,OI311P8200,407.0,0.0,0.0,0.0,20,398.5,403.5,2,407.0,423.0,0.0,0.0,0.0,0.0,108
2023-05-09 21:10:41,OI311P8200,OI311P8200,407.0,0.0,0.0,0.0,6,398.5,403.5,2,407.0,423.0,0.0,0.0,0.0,0.0,108
2023-05-09 21:10:42,OI311P8200,OI311P8200,407.0,0.0,0.0,0.0,18,397.5,403.5,2,407.0,423.0,0.0,0.0,0.0,0.0,108
2023-05-09 21:10:43,OI311P8200,OI311P8200,407.0,0.0,0.0,0.0,6,397.5,403.5,8,407.0,423.0,0.0,0.0,0.0,0.0,108
2023-05-09 21:10:43,OI311P8200,OI311P8200,407.0,0.0,0.0,0.0,6,397.5,403.5,14,407.0,423.0,0.0,0.0,0.0,0.0,108
2023-05-09 21:10:45,OI311P8200,OI311P8200,407.0,0.0,0.0,0.0,12,397.5,403.5,20,407.0,423.0,0.0,0.0,0.0,0.0,108
2023-05-09 21:10:50,OI311P8200,OI311P8200,407.0,0.0,0.0,0.0,6,397.5,403.5,20,407.0,423.0,0.0,0.0,0.0,0.0,108
2023-05-09 21:10:56,OI311P8200,OI311P8200,407.0,0.0,0.0,0.0,12,397.0,401.5,2,407.0,423.0,0.0,0.0,0.0,0.0,108
2023-05-09 21:10:57,OI311P8200,OI311P8200,407.0,0.0,0.0,0.0,12,396.5,401.5,2,407.0,423.0,0.0,0.0,0.0,0.0,108
2023-05-09 21:10:57,OI311P8200,OI311P8200,407.0,0.0,0.0,0.0,6,396.5,401.5,2,407.0,423.0,0.0,0.0,0.0,0.0,108
2023-05-09 21:11:03,OI311P8200,OI311P8200,407.0,0.0,0.0,0.0,12,396.0,401.5,8,407.0,423.0,0.0,0.0,0.0,0.0,108
2023-05-09 21:11:04,OI311P8200,OI311P8200,407.0,0.0,0.0,0.0,12,395.5,401.5,14,407.0,423.0,0.0,0.0,0.0,0.0,108
2023-05-09 21:11:04,OI311P8200,OI311P8200,407.0,0.0,0.0,0.0,6,395.0,401.5,14,407.0,423.0,0.0,0.0,0.0,0.0,108
2023-05-09 21:11:05,OI311P8200,OI311P8200,407.0,0.0,0.0,0.0,12,394.0,400.5,6,407.0,423.0,0.0,0.0,0.0,0.0,108
2023-05-09 21:11:05,OI311P8200,OI311P8200,407.0,0.0,0.0,0.0,6,394.0,400.5,12,407.0,423.0,0.0,0.0,0.0,0.0,108
2023-05-09 21:11:06,OI311P8200,OI311P8200,407.0,0.0,0.0,0.0,12,394.0,399.0,2,407.0,423.0,0.0,0.0,0.0,0.0,108
2023-05-09 21:11:29,OI311P8200,OI311P8200,407.0,0.0,0.0,0.0,18,394.0,399.0,2,407.0,423.0,0.0,0.0,0.0,0.0,108
2023-05-09 21:11:45,OI311P8200,OI311P8200,407.0,0.0,0.0,0.0,24,394.0,399.0,2,407.0,423.0,0.0,0.0,0.0,0.0,108
2023-05-09 21:11:56,OI311P8200,OI311P8200,407.0,0.0,0.0,0.0,12,395.5,399.0,2,407.0,423.0,0.0,0.0,0.0,0.0,108
2023-05-09 21:12:02,OI311P8200,OI311P8200,407.0,0.0,0.0,0.0,6,395.5,399.0,2,407.0,423.0,0.0,0.0,0.0,0.0,108
2023-05-09 21:12:03,OI311P8200,OI311P8200,407.0,0.0,0.0,0.0,18,394.5,399.0,2,407.0,423.0,0.0,0.0,0.0,0.0,108
2023-05-09 21:12:03,OI311P8200,OI311P8200,407.0,0.0,0.0,0.0,12,394.5,399.0,2,407.0,423.0,0.0,0.0,0.0,0.0,108
2023-05-09 21:12:08,OI311P8200,OI311P8200,407.0,0.0,0.0,0.0,12,396.0,399.0,2,407.0,423.0,0.0,0.0,0.0,0.0,108
2023-05-09 21:12:08,OI311P8200,OI311P8200,407.0,0.0,0.0,0.0,18,396.0,399.0,2,407.0,423.0,0.0,0.0,0.0,0.0,108
2023-05-09 21:12:12,OI311P8200,OI311P8200,407.0,0.0,0.0,0.0,12,396.0,401.5,2,407.0,423.0,0.0,0.0,0.0,0.0,108
2023-05-09 21:12:23,OI311P8200,OI311P8200,407.0,0.0,0.0,0.0,6,396.0,401.5,2,407.0,423.0,0.0,0.0,0.0,0.0,108
2023-05-09 21:12:23,OI311P8200,OI311P8200,407.0,0.0,0.0,0.0,12,395.5,401.5,2,407.0,423.0,0.0,0.0,0.0,0.0,108
2023-05-09 21:12:26,OI311P8200,OI311P8200,407.0,0.0,0.0,0.0,6,395.5,401.5,2,407.0,423.0,0.0,0.0,0.0,0.0,108
2023-05-09 21:12:26,OI311P8200,OI311P8200,407.0,0.0,0.0,0.0,14,395.0,401.5,2,407.0,423.0,0.0,0.0,0.0,0.0,108
2023-05-09 21:12:41,OI311P8200,OI311P8200,407.0,0.0,0.0,0.0,12,395.0,400.5,2,407.0,423.0,0.0,0.0,0.0,0.0,108
2023-05-09 21:12:42,OI311P8200,OI311P8200,407.0,0.0,0.0,0.0,12,395.0,400.5,8,407.0,423.0,0.0,0.0,0.0,0.0,108
2023-05-09 21:12:43,OI311P8200,OI311P8200,407.0,0.0,0.0,0.0,6,395.0,400.5,8,407.0,423.0,0.0,0.0,0.0,0.0,108
2023-05-09 21:12:43,OI311P8200,OI311P8200,407.0,0.0,0.0,0.0,6,395.0,400.5,14,407.0,423.0,0.0,0.0,0.0,0.0,108
2023-05-09 21:13:07,OI311P8200,OI311P8200,407.0,0.0,0.0,0.0,12,394.5,400.5,14,407.0,423.0,0.0,0.0,0.0,0.0,108
2023-05-09 21:13:08,OI311P8200,OI311P8200,407.0,0.0,0.0,0.0,18,394.0,400.5,14,407.0,423.0,0.0,0.0,0.0,0.0,108
2023-05-09 21:13:08,OI311P8200,OI311P8200,407.0,0.0,0.0,0.0,12,394.0,400.5,14,407.0,423.0,0.0,0.0,0.0,0.0,108
2023-05-09 21:13:10,OI311P8200,OI311P8200,407.0,0.0,0.0,0.0,6,394.0,400.5,14,407.0,423.0,0.0,0.0,0.0,0.0,108
2023-05-09 21:13:10,OI311P8200,OI311P8200,407.0,0.0,0.0,0.0,6,394.0,400.5,20,407.0,423.0,0.0,0.0,0.0,0.0,108
2023-05-09 21:13:24,OI311P8200,OI311P8200,407.0,0.0,0.0,0.0,6,394.0,398.5,2,407.0,423.0,0.0,0.0,0.0,0.0,108
2023-05-09 21:13:26,OI311P8200,OI311P8200,407.0,0.0,0.0,0.0,6,394.0,398.5,8,407.0,423.0,0.0,0.0,0.0,0.0,108
2023-05-09 21:13:27,OI311P8200,OI311P8200,407.0,0.0,0.0,0.0,20,393.0,398.5,8,407.0,423.0,0.0,0.0,0.0,0.0,108
2023-05-09 21:13:27,OI311P8200,OI311P8200,407.0,0.0,0.0,0.0,6,393.0,398.5,8,407.0,423.0,0.0,0.0,0.0,0.0,108
2023-05-09 21:13:27,OI311P8200,OI311P8200,407.0,0.0,0.0,0.0,20,393.0,398.5,8,407.0,423.0,0.0,0.0,0.0,0.0,108
2023-05-09 21:13:27,OI311P8200,OI311P8200,407.0,0.0,0.0,0.0,6,393.0,398.5,8,407.0,423.0,0.0,0.0,0.0,0.0,108
2023-05-09 21:13:30,OI311P8200,OI311P8200,407.0,0.0,0.0,0.0,6,393.0,398.5,14,407.0,423.0,0.0,0.0,0.0,0.0,108
2023-05-09 21:13:46,OI311P8200,OI311P8200,407.0,0.0,0.0,0.0,6,392.5,398.5,14,407.0,423.0,0.0,0.0,0.0,0.0,108
2023-05-09 21:13:46,OI311P8200,OI311P8200,407.0,0.0,0.0,0.0,12,392.0,398.5,14,407.0,423.0,0.0,0.0,0.0,0.0,108
2023-05-09 21:13:47,OI311P8200,OI311P8200,407.0,0.0,0.0,0.0,12,392.0,397.0,2,407.0,423.0,0.0,0.0,0.0,0.0,108
2023-05-09 21:13:47,OI311P8200,OI311P8200,407.0,0.0,0.0,0.0,6,392.0,397.0,2,407.0,423.0,0.0,0.0,0.0,0.0,108
2023-05-09 21:14:10,OI311P8200,OI311P8200,407.0,0.0,0.0,0.0,6,391.5,397.0,8,407.0,423.0,0.0,0.0,0.0,0.0,108
2023-05-09 21:14:11,OI311P8200,OI311P8200,407.0,0.0,0.0,0.0,6,391.0,397.0,14,407.0,423.0,0.0,0.0,0.0,0.0,108
2023-05-09 21:14:11,OI311P8200,OI311P8200,407.0,0.0,0.0,0.0,12,391.0,397.0,14,407.0,423.0,0.0,0.0,0.0,0.0,108
2023-05-09 21:14:21,OI311P8200,OI311P8200,407.0,0.0,0.0,0.0,12,391.0,397.0,8,407.0,423.0,0.0,0.0,0.0,0.0,108
2023-05-09 21:14:25,OI311P8200,OI311P8200,407.0,0.0,0.0,0.0,6,392.5,397.0,2,407.0,423.0,0.0,0.0,0.0,0.0,108
2023-05-09 21:14:42,OI311P8200,OI311P8200,407.0,0.0,0.0,0.0,6,392.5,397.0,8,407.0,423.0,0.0,0.0,0.0,0.0,108
2023-05-09 21:14:42,OI311P8200,OI311P8200,407.0,0.0,0.0,0.0,12,392.5,397.0,8,407.0,423.0,0.0,0.0,0.0,0.0,108
2023-05-09 21:14:48,OI311P8200,OI311P8200,407.0,0.0,0.0,0.0,12,392.5,397.0,2,407.0,423.0,0.0,0.0,0.0,0.0,108
2023-05-09 21:15:01,OI311P8200,OI311P8200,407.0,0.0,0.0,0.0,12,394.0,397.0,2,407.0,423.0,0.0,0.0,0.0,0.0,108
2023-05-09 21:15:02,OI311P8200,OI311P8200,407.0,0.0,0.0,0.0,6,393.5,397.0,2,407.0,423.0,0.0,0.0,0.0,0.0,108
2023-05-09 21:15:03,OI311P8200,OI311P8200,407.0,0.0,0.0,0.0,12,393.0,397.0,2,407.0,423.0,0.0,0.0,0.0,0.0,108
2023-05-09 21:15:18,OI311P8200,OI311P8200,407.0,0.0,0.0,0.0,18,393.0,398.5,2,407.0,423.0,0.0,0.0,0.0,0.0,108
2023-05-09 21:15:25,OI311P8200,OI311P8200,407.0,0.0,0.0,0.0,6,393.0,398.5,2,407.0,423.0,0.0,0.0,0.0,0.0,108
2023-05-09 21:15:26,OI311P8200,OI311P8200,407.0,0.0,0.0,0.0,20,392.5,398.5,2,407.0,423.0,0.0,0.0,0.0,0.0,108
2023-05-09 21:15:27,OI311P8200,OI311P8200,407.0,0.0,0.0,0.0,8,392.5,398.5,2,407.0,423.0,0.0,0.0,0.0,0.0,108
2023-05-09 21:15:28,OI311P8200,OI311P8200,407.0,0.0,0.0,0.0,8,392.5,398.5,8,407.0,423.0,0.0,0.0,0.0,0.0,108
2023-05-09 21:15:31,OI311P8200,OI311P8200,407.0,0.0,0.0,0.0,8,392.5,397.5,6,407.0,423.0,0.0,0.0,0.0,0.0,108
2023-05-09 21:15:32,OI311P8200,OI311P8200,407.0,0.0,0.0,0.0,6,393.5,397.5,6,407.0,423.0,0.0,0.0,0.0,0.0,108
2023-05-09 21:15:33,OI311P8200,OI311P8200,407.0,0.0,0.0,0.0,6,393.5,398.5,8,407.0,423.0,0.0,0.0,0.0,0.0,108
2023-05-09 21:15:33,OI311P8200,OI311P8200,407.0,0.0,0.0,0.0,6,393.5,398.5,2,407.0,423.0,0.0,0.0,0.0,0.0,108
2023-05-09 21:15:34,OI311P8200,OI311P8200,407.0,0.0,0.0,0.0,12,393.5,398.5,2,407.0,423.0,0.0,0.0,0.0,0.0,108
2023-05-09 21:16:52,OI311P8200,OI311P8200,407.0,0.0,0.0,0.0,24,393.0,398.5,2,407.0,423.0,0.0,0.0,0.0,0.0,108
2023-05-09 21:16:53,OI311P8200,OI311P8200,407.0,0.0,0.0,0.0,18,393.0,398.5,2,407.0,423.0,0.0,0.0,0.0,0.0,108
2023-05-09 21:17:02,OI311P8200,OI311P8200,407.0,0.0,0.0,0.0,6,394.0,398.5,2,407.0,423.0,0.0,0.0,0.0,0.0,108
2023-05-09 21:17:03,OI311P8200,OI311P8200,407.0,0.0,0.0,0.0,12,394.0,398.5,2,407.0,423.0,0.0,0.0,0.0,0.0,108
2023-05-09 21:17:10,OI311P8200,OI311P8200,407.0,0.0,0.0,0.0,6,393.5,398.5,2,407.0,423.0,0.0,0.0,0.0,0.0,108
2023-05-09 21:17:10,OI311P8200,OI311P8200,407.0,0.0,0.0,0.0,18,393.0,398.5,2,407.0,423.0,0.0,0.0,0.0,0.0,108
2023-05-09 21:17:11,OI311P8200,OI311P8200,407.0,0.0,0.0,0.0,12,393.0,398.5,2,407.0,423.0,0.0,0.0,0.0,0.0,108
2023-05-09 21:17:26,OI311P8200,OI311P8200,407.0,0.0,0.0,0.0,6,393.0,398.5,2,407.0,423.0,0.0,0.0,0.0,0.0,108
2023-05-09 21:17:31,OI311P8200,OI311P8200,407.0,0.0,0.0,0.0,6,393.0,398.5,8,407.0,423.0,0.0,0.0,0.0,0.0,108
2023-05-09 21:18:11,OI311P8200,OI311P8200,407.0,0.0,0.0,0.0,6,393.0,398.5,2,407.0,423.0,0.0,0.0,0.0,0.0,108
2023-05-09 21:18:13,OI311P8200,OI311P8200,407.0,0.0,0.0,0.0,6,394.0,398.5,2,407.0,423.0,0.0,0.0,0.0,0.0,108
2023-05-09 21:18:14,OI311P8200,OI311P8200,407.0,0.0,0.0,0.0,12,394.0,398.5,2,407.0,423.0,0.0,0.0,0.0,0.0,108
2023-05-09 21:18:45,OI311P8200,OI311P8200,407.0,0.0,0.0,0.0,6,395.0,401.5,18,407.0,423.0,0.0,0.0,0.0,0.0,108
2023-05-09 21:18:45,OI311P8200,OI311P8200,407.0,0.0,0.0,0.0,6,395.0,401.5,6,407.0,423.0,0.0,0.0,0.0,0.0,108
2023-05-09 21:18:46,OI311P8200,OI311P8200,407.0,0.0,0.0,0.0,12,395.0,402.5,20,407.0,423.0,0.0,0.0,0.0,0.0,108
2023-05-09 21:18:46,OI311P8200,OI311P8200,407.0,0.0,0.0,0.0,12,395.0,402.5,14,407.0,423.0,0.0,0.0,0.0,0.0,108
2023-05-09 21:19:09,OI311P8200,OI311P8200,407.0,0.0,0.0,0.0,12,396.5,402.5,8,407.0,423.0,0.0,0.0,0.0,0.0,108
2023-05-09 21:19:09,OI311P8200,OI311P8200,407.0,0.0,0.0,0.0,18,396.5,402.5,2,407.0,423.0,0.0,0.0,0.0,0.0,108
2023-05-09 21:19:10,OI311P8200,OI311P8200,407.0,0.0,0.0,0.0,20,396.5,402.5,2,407.0,423.0,0.0,0.0,0.0,0.0,108
2023-05-09 21:19:13,OI311P8200,OI311P8200,407.0,0.0,0.0,0.0,6,398.0,402.5,2,407.0,423.0,0.0,0.0,0.0,0.0,108
2023-05-09 21:19:13,OI311P8200,OI311P8200,407.0,0.0,0.0,0.0,18,398.0,402.5,2,407.0,423.0,0.0,0.0,0.0,0.0,108
2023-05-09 21:19:19,OI311P8200,OI311P8200,407.0,0.0,0.0,0.0,12,398.0,402.5,2,407.0,423.0,0.0,0.0,0.0,0.0,108
2023-05-09 21:19:29,OI311P8200,OI311P8200,407.0,0.0,0.0,0.0,6,398.5,402.5,2,407.0,423.0,0.0,0.0,0.0,0.0,108
2023-05-09 21:19:33,OI311P8200,OI311P8200,407.0,0.0,0.0,0.0,12,398.0,402.5,2,407.0,423.0,0.0,0.0,0.0,0.0,108
2023-05-09 21:19:50,OI311P8200,OI311P8200,407.0,0.0,0.0,0.0,6,399.0,404.0,12,407.0,423.0,0.0,0.0,0.0,0.0,108
2023-05-09 21:19:51,OI311P8200,OI311P8200,407.0,0.0,0.0,0.0,6,399.0,404.5,6,407.0,423.0,0.0,0.0,0.0,0.0,108
2023-05-09 21:19:51,OI311P8200,OI311P8200,407.0,0.0,0.0,0.0,6,399.0,406.0,12,407.0,423.0,0.0,0.0,0.0,0.0,108
2023-05-09 21:19:52,OI311P8200,OI311P8200,407.0,0.0,0.0,0.0,6,399.0,406.0,14,407.0,423.0,0.0,0.0,0.0,0.0,108
2023-05-09 21:19:52,OI311P8200,OI311P8200,407.0,0.0,0.0,0.0,12,399.0,406.0,8,407.0,423.0,0.0,0.0,0.0,0.0,108
2023-05-09 21:19:55,OI311P8200,OI311P8200,407.0,0.0,0.0,0.0,12,399.0,406.0,2,407.0,423.0,0.0,0.0,0.0,0.0,108
2023-05-09 21:20:04,OI311P8200,OI311P8200,407.0,0.0,0.0,0.0,6,400.0,406.0,2,407.0,423.0,0.0,0.0,0.0,0.0,108
2023-05-09 21:20:05,OI311P8200,OI311P8200,407.0,0.0,0.0,0.0,12,400.0,406.0,2,407.0,423.0,0.0,0.0,0.0,0.0,108
2023-05-09 21:20:10,OI311P8200,OI311P8200,407.0,0.0,0.0,0.0,6,399.5,406.0,2,407.0,423.0,0.0,0.0,0.0,0.0,108
2023-05-09 21:20:10,OI311P8200,OI311P8200,407.0,0.0,0.0,0.0,18,399.0,406.0,2,407.0,423.0,0.0,0.0,0.0,0.0,108
2023-05-09 21:20:14,OI311P8200,OI311P8200,407.0,0.0,0.0,0.0,18,399.0,406.0,8,407.0,423.0,0.0,0.0,0.0,0.0,108
2023-05-09 21:20:17,OI311P8200,OI311P8200,407.0,0.0,0.0,0.0,18,399.0,404.0,2,407.0,423.0,0.0,0.0,0.0,0.0,108
2023-05-09 21:21:03,OI311P8200,OI311P8200,407.0,0.0,0.0,0.0,6,399.0,404.0,2,407.0,423.0,0.0,0.0,0.0,0.0,108
2023-05-09 21:21:05,OI311P8200,OI311P8200,407.0,0.0,0.0,0.0,12,399.0,404.0,2,407.0,423.0,0.0,0.0,0.0,0.0,108
2023-05-09 21:21:07,OI311P8200,OI311P8200,407.0,0.0,0.0,0.0,6,399.0,404.0,2,407.0,423.0,0.0,0.0,0.0,0.0,108
2023-05-09 21:21:08,OI311P8200,OI311P8200,407.0,0.0,0.0,0.0,14,398.5,404.0,2,407.0,423.0,0.0,0.0,0.0,0.0,108
2023-05-09 21:21:09,OI311P8200,OI311P8200,407.0,0.0,0.0,0.0,8,398.5,404.0,2,407.0,423.0,0.0,0.0,0.0,0.0,108
2023-05-09 21:21:32,OI311P8200,OI311P8200,407.0,0.0,0.0,0.0,12,398.0,404.0,2,407.0,423.0,0.0,0.0,0.0,0.0,108
2023-05-09 21:21:33,OI311P8200,OI311P8200,407.0,0.0,0.0,0.0,24,397.5,404.0,2,407.0,423.0,0.0,0.0,0.0,0.0,108
2023-05-09 21:21:33,OI311P8200,OI311P8200,407.0,0.0,0.0,0.0,18,397.5,404.0,2,407.0,423.0,0.0,0.0,0.0,0.0,108
2023-05-09 21:21:47,OI311P8200,OI311P8200,407.0,0.0,0.0,0.0,6,398.5,404.0,2,407.0,423.0,0.0,0.0,0.0,0.0,108
2023-05-09 21:22:33,OI311P8200,OI311P8200,407.0,0.0,0.0,0.0,18,398.0,404.0,2,407.0,423.0,0.0,0.0,0.0,0.0,108
2023-05-09 21:22:34,OI311P8200,OI311P8200,407.0,0.0,0.0,0.0,12,398.0,404.0,2,407.0,423.0,0.0,0.0,0.0,0.0,108
2023-05-09 21:23:06,OI311P8200,OI311P8200,407.0,0.0,0.0,0.0,6,398.0,404.0,2,407.0,423.0,0.0,0.0,0.0,0.0,108
2023-05-09 21:23:12,OI311P8200,OI311P8200,407.0,0.0,0.0,0.0,6,398.0,402.0,2,407.0,423.0,0.0,0.0,0.0,0.0,108
2023-05-09 21:23:53,OI311P8200,OI311P8200,407.0,0.0,0.0,0.0,12,397.5,402.0,2,407.0,423.0,0.0,0.0,0.0,0.0,108
2023-05-09 21:23:53,OI311P8200,OI311P8200,407.0,0.0,0.0,0.0,18,397.0,402.0,2,407.0,423.0,0.0,0.0,0.0,0.0,108
2023-05-09 21:23:54,OI311P8200,OI311P8200,407.0,0.0,0.0,0.0,12,397.0,402.0,2,407.0,423.0,0.0,0.0,0.0,0.0,108
2023-05-09 21:24:07,OI311P8200,OI311P8200,407.0,0.0,0.0,0.0,12,398.0,402.0,2,407.0,423.0,0.0,0.0,0.0,0.0,108
2023-05-09 21:24:25,OI311P8200,OI311P8200,407.0,0.0,0.0,0.0,18,398.0,402.0,2,407.0,423.0,0.0,0.0,0.0,0.0,108
2023-05-09 21:24:33,OI311P8200,OI311P8200,407.0,0.0,0.0,0.0,18,398.0,402.5,12,407.0,423.0,0.0,0.0,0.0,0.0,108
2023-05-09 21:24:33,OI311P8200,OI311P8200,407.0,0.0,0.0,0.0,18,398.0,402.5,6,407.0,423.0,0.0,0.0,0.0,0.0,108
2023-05-09 21:24:34,OI311P8200,OI311P8200,407.0,0.0,0.0,0.0,18,398.0,404.0,2,407.0,423.0,0.0,0.0,0.0,0.0,108
2023-05-09 21:24:41,OI311P8200,OI311P8200,407.0,0.0,0.0,0.0,20,398.0,404.0,2,407.0,423.0,0.0,0.0,0.0,0.0,108
2023-05-09 21:24:41,OI311P8200,OI311P8200,407.0,0.0,0.0,0.0,12,398.5,404.0,2,407.0,423.0,0.0,0.0,0.0,0.0,108
2023-05-09 21:24:44,OI311P8200,OI311P8200,407.0,0.0,0.0,0.0,6,399.0,404.0,2,407.0,423.0,0.0,0.0,0.0,0.0,108
2023-05-09 21:24:55,OI311P8200,OI311P8200,407.0,0.0,0.0,0.0,2,399.5,405.5,18,407.0,423.0,0.0,0.0,0.0,0.0,108
2023-05-09 21:24:55,OI311P8200,OI311P8200,407.0,0.0,0.0,0.0,2,399.5,405.5,6,407.0,423.0,0.0,0.0,0.0,0.0,108
2023-05-09 21:24:55,OI311P8200,OI311P8200,407.0,0.0,0.0,0.0,8,399.5,405.5,6,407.0,423.0,0.0,0.0,0.0,0.0,108
2023-05-09 21:24:56,OI311P8200,OI311P8200,407.0,0.0,0.0,0.0,8,399.5,406.5,12,407.0,423.0,0.0,0.0,0.0,0.0,108
2023-05-09 21:24:57,OI311P8200,OI311P8200,407.0,0.0,0.0,0.0,6,400.0,406.5,6,407.0,423.0,0.0,0.0,0.0,0.0,108
2023-05-09 21:24:57,OI311P8200,OI311P8200,407.0,0.0,0.0,0.0,12,400.0,406.5,6,407.0,423.0,0.0,0.0,0.0,0.0,108
2023-05-09 21:25:03,OI311P8200,OI311P8200,407.0,0.0,0.0,0.0,12,400.0,406.5,8,407.0,423.0,0.0,0.0,0.0,0.0,108
2023-05-09 21:25:04,OI311P8200,OI311P8200,407.0,0.0,0.0,0.0,12,400.0,406.5,14,407.0,423.0,0.0,0.0,0.0,0.0,108
2023-05-09 21:25:09,OI311P8200,OI311P8200,407.0,0.0,0.0,0.0,6,401.0,406.5,8,407.0,423.0,0.0,0.0,0.0,0.0,108
2023-05-09 21:25:12,OI311P8200,OI311P8200,407.0,0.0,0.0,0.0,6,401.0,406.5,2,407.0,423.0,0.0,0.0,0.0,0.0,108
2023-05-09 21:26:02,OI311P8200,OI311P8200,407.0,0.0,0.0,0.0,6,401.0,406.5,14,407.0,423.0,0.0,0.0,0.0,0.0,108
2023-05-09 21:26:02,OI311P8200,OI311P8200,407.0,0.0,0.0,0.0,12,400.0,406.5,14,407.0,423.0,0.0,0.0,0.0,0.0,108
2023-05-09 21:26:03,OI311P8200,OI311P8200,407.0,0.0,0.0,0.0,6,400.0,405.0,2,407.0,423.0,0.0,0.0,0.0,0.0,108
2023-05-09 21:26:03,OI311P8200,OI311P8200,407.0,0.0,0.0,0.0,12,399.0,405.0,14,407.0,423.0,0.0,0.0,0.0,0.0,108
2023-05-09 21:26:04,OI311P8200,OI311P8200,407.0,0.0,0.0,0.0,20,398.0,405.0,14,407.0,423.0,0.0,0.0,0.0,0.0,108
2023-05-09 21:26:04,OI311P8200,OI311P8200,407.0,0.0,0.0,0.0,14,398.0,405.0,20,407.0,423.0,0.0,0.0,0.0,0.0,108
2023-05-09 21:26:05,OI311P8200,OI311P8200,407.0,0.0,0.0,0.0,6,399.5,405.0,20,407.0,423.0,0.0,0.0,0.0,0.0,108
2023-05-09 21:26:05,OI311P8200,OI311P8200,407.0,0.0,0.0,0.0,6,399.5,405.0,14,407.0,423.0,0.0,0.0,0.0,0.0,108
2023-05-09 21:26:06,OI311P8200,OI311P8200,407.0,0.0,0.0,0.0,12,399.5,405.0,14,407.0,423.0,0.0,0.0,0.0,0.0,108
2023-05-09 21:26:07,OI311P8200,OI311P8200,407.0,0.0,0.0,0.0,6,399.0,405.0,14,407.0,423.0,0.0,0.0,0.0,0.0,108
2023-05-09 21:26:08,OI311P8200,OI311P8200,407.0,0.0,0.0,0.0,14,398.0,405.0,20,407.0,423.0,0.0,0.0,0.0,0.0,108
2023-05-09 21:26:08,OI311P8200,OI311P8200,407.0,0.0,0.0,0.0,12,399.0,405.0,14,407.0,423.0,0.0,0.0,0.0,0.0,108
2023-05-09 21:26:14,OI311P8200,OI311P8200,407.0,0.0,0.0,0.0,6,399.0,405.0,14,407.0,423.0,0.0,0.0,0.0,0.0,108
2023-05-09 21:26:15,OI311P8200,OI311P8200,407.0,0.0,0.0,0.0,26,398.0,405.0,14,407.0,423.0,0.0,0.0,0.0,0.0,108
2023-05-09 21:26:15,OI311P8200,OI311P8200,407.0,0.0,0.0,0.0,20,398.0,405.0,14,407.0,423.0,0.0,0.0,0.0,0.0,108
2023-05-09 21:26:25,OI311P8200,OI311P8200,407.0,0.0,0.0,0.0,6,399.0,405.0,14,407.0,423.0,0.0,0.0,0.0,0.0,108
2023-05-09 21:26:25,OI311P8200,OI311P8200,407.0,0.0,0.0,0.0,12,399.0,405.0,14,407.0,423.0,0.0,0.0,0.0,0.0,108
2023-05-09 21:26:27,OI311P8200,OI311P8200,407.0,0.0,0.0,0.0,12,399.0,405.0,8,407.0,423.0,0.0,0.0,0.0,0.0,108
2023-05-09 21:26:27,OI311P8200,OI311P8200,407.0,0.0,0.0,0.0,12,399.0,405.0,2,407.0,423.0,0.0,0.0,0.0,0.0,108
2023-05-09 21:27:11,OI311P8200,OI311P8200,407.0,0.0,0.0,0.0,12,399.0,405.0,8,407.0,423.0,0.0,0.0,0.0,0.0,108
2023-05-09 21:27:51,OI311P8200,OI311P8200,407.0,0.0,0.0,0.0,12,399.0,405.0,2,407.0,423.0,0.0,0.0,0.0,0.0,108
2023-05-09 21:28:23,OI311P8200,OI311P8200,407.0,0.0,0.0,0.0,12,399.0,405.0,14,407.0,423.0,0.0,0.0,0.0,0.0,108
2023-05-09 21:28:27,OI311P8200,OI311P8200,407.0,0.0,0.0,0.0,6,399.0,405.0,14,407.0,423.0,0.0,0.0,0.0,0.0,108
2023-05-09 21:28:27,OI311P8200,OI311P8200,407.0,0.0,0.0,0.0,20,398.0,405.0,14,407.0,423.0,0.0,0.0,0.0,0.0,108
2023-05-09 21:28:51,OI311P8200,OI311P8200,407.0,0.0,0.0,0.0,6,399.5,405.0,14,407.0,423.0,0.0,0.0,0.0,0.0,108
2023-05-09 21:28:52,OI311P8200,OI311P8200,407.0,0.0,0.0,0.0,14,398.0,405.0,20,407.0,423.0,0.0,0.0,0.0,0.0,108
2023-05-09 21:28:52,OI311P8200,OI311P8200,407.0,0.0,0.0,0.0,20,398.0,405.0,20,407.0,423.0,0.0,0.0,0.0,0.0,108
2023-05-09 21:28:54,OI311P8200,OI311P8200,407.0,0.0,0.0,0.0,20,398.0,405.0,14,407.0,423.0,0.0,0.0,0.0,0.0,108
2023-05-09 21:29:03,OI311P8200,OI311P8200,407.0,0.0,0.0,0.0,12,399.0,405.0,14,407.0,423.0,0.0,0.0,0.0,0.0,108
2023-05-09 21:29:05,OI311P8200,OI311P8200,407.0,0.0,0.0,0.0,12,399.0,405.0,8,407.0,423.0,0.0,0.0,0.0,0.0,108
2023-05-09 21:29:12,OI311P8200,OI311P8200,407.0,0.0,0.0,0.0,6,399.0,405.0,14,407.0,423.0,0.0,0.0,0.0,0.0,108
2023-05-09 21:29:12,OI311P8200,OI311P8200,407.0,0.0,0.0,0.0,32,398.0,405.0,14,407.0,423.0,0.0,0.0,0.0,0.0,108
2023-05-09 21:29:12,OI311P8200,OI311P8200,407.0,0.0,0.0,0.0,26,398.0,405.0,14,407.0,423.0,0.0,0.0,0.0,0.0,108
2023-05-09 21:29:13,OI311P8200,OI311P8200,407.0,0.0,0.0,0.0,26,398.0,405.0,8,407.0,423.0,0.0,0.0,0.0,0.0,108
2023-05-09 21:29:15,OI311P8200,OI311P8200,407.0,0.0,0.0,0.0,20,398.0,405.0,14,407.0,423.0,0.0,0.0,0.0,0.0,108
2023-05-09 21:29:18,OI311P8200,OI311P8200,407.0,0.0,0.0,0.0,20,398.0,405.0,20,407.0,423.0,0.0,0.0,0.0,0.0,108
2023-05-09 21:29:20,OI311P8200,OI311P8200,407.0,0.0,0.0,0.0,20,398.0,405.0,26,407.0,423.0,0.0,0.0,0.0,0.0,108
2023-05-09 21:29:22,OI311P8200,OI311P8200,407.0,0.0,0.0,0.0,20,398.0,405.0,20,407.0,423.0,0.0,0.0,0.0,0.0,108
2023-05-09 21:29:22,OI311P8200,OI311P8200,407.0,0.0,0.0,0.0,20,398.0,403.0,2,407.0,423.0,0.0,0.0,0.0,0.0,108
2023-05-09 21:29:25,OI311P8200,OI311P8200,407.0,0.0,0.0,0.0,14,398.0,403.0,2,407.0,423.0,0.0,0.0,0.0,0.0,108
2023-05-09 21:29:29,OI311P8200,OI311P8200,407.0,0.0,0.0,0.0,8,398.0,403.0,8,407.0,423.0,0.0,0.0,0.0,0.0,108
2023-05-09 21:29:34,OI311P8200,OI311P8200,407.0,0.0,0.0,0.0,8,398.0,403.0,14,407.0,423.0,0.0,0.0,0.0,0.0,108
2023-05-09 21:29:36,OI311P8200,OI311P8200,407.0,0.0,0.0,0.0,14,398.0,403.0,14,407.0,423.0,0.0,0.0,0.0,0.0,108
2023-05-09 21:29:36,OI311P8200,OI311P8200,407.0,0.0,0.0,0.0,8,398.0,403.0,14,407.0,423.0,0.0,0.0,0.0,0.0,108
2023-05-09 21:30:02,OI311P8200,OI311P8200,407.0,0.0,0.0,0.0,14,398.0,403.0,8,407.0,423.0,0.0,0.0,0.0,0.0,108
2023-05-09 21:30:02,OI311P8200,OI311P8200,407.0,0.0,0.0,0.0,6,399.0,403.0,2,407.0,423.0,0.0,0.0,0.0,0.0,108
2023-05-09 21:30:02,OI311P8200,OI311P8200,407.0,0.0,0.0,0.0,12,399.0,403.0,2,407.0,423.0,0.0,0.0,0.0,0.0,108
2023-05-09 21:30:07,OI311P8200,OI311P8200,407.0,0.0,0.0,0.0,6,399.0,403.0,2,407.0,423.0,0.0,0.0,0.0,0.0,108
2023-05-09 21:30:07,OI311P8200,OI311P8200,407.0,0.0,0.0,0.0,12,398.5,403.0,2,407.0,423.0,0.0,0.0,0.0,0.0,108
2023-05-09 21:30:12,OI311P8200,OI311P8200,407.0,0.0,0.0,0.0,6,399.0,403.0,2,407.0,423.0,0.0,0.0,0.0,0.0,108
2023-05-09 21:30:16,OI311P8200,OI311P8200,407.0,0.0,0.0,0.0,6,399.0,405.0,8,407.0,423.0,0.0,0.0,0.0,0.0,108
2023-05-09 21:30:17,OI311P8200,OI311P8200,407.0,0.0,0.0,0.0,12,399.0,405.0,2,407.0,423.0,0.0,0.0,0.0,0.0,108
2023-05-09 21:30:19,OI311P8200,OI311P8200,407.0,0.0,0.0,0.0,8,400.0,405.0,2,407.0,423.0,0.0,0.0,0.0,0.0,108
2023-05-09 21:30:19,OI311P8200,OI311P8200,407.0,0.0,0.0,0.0,20,400.0,405.0,2,407.0,423.0,0.0,0.0,0.0,0.0,108
2023-05-09 21:30:21,OI311P8200,OI311P8200,407.0,0.0,0.0,0.0,6,400.5,407.5,18,407.0,423.0,0.0,0.0,0.0,0.0,108
2023-05-09 21:30:22,OI311P8200,OI311P8200,407.0,0.0,0.0,0.0,12,401.5,407.5,6,407.0,423.0,0.0,0.0,0.0,0.0,108
2023-05-09 21:30:22,OI311P8200,OI311P8200,407.0,0.0,0.0,0.0,12,401.5,408.0,12,407.0,423.0,0.0,0.0,0.0,0.0,108
2023-05-09 21:30:23,OI311P8200,OI311P8200,407.0,0.0,0.0,0.0,24,401.5,408.5,2,407.0,423.0,0.0,0.0,0.0,0.0,108
2023-05-09 21:30:23,OI311P8200,OI311P8200,407.0,0.0,0.0,0.0,6,403.0,408.5,2,407.0,423.0,0.0,0.0,0.0,0.0,108
2023-05-09 21:30:25,OI311P8200,OI311P8200,407.0,0.0,0.0,0.0,20,402.0,408.5,2,407.0,423.0,0.0,0.0,0.0,0.0,108
2023-05-09 21:30:27,OI311P8200,OI311P8200,407.0,0.0,0.0,0.0,12,403.5,408.5,2,407.0,423.0,0.0,0.0,0.0,0.0,108
2023-05-09 21:30:33,OI311P8200,OI311P8200,407.0,0.0,0.0,0.0,18,403.5,408.5,2,407.0,423.0,0.0,0.0,0.0,0.0,108
2023-05-09 21:30:41,OI311P8200,OI311P8200,407.0,0.0,0.0,0.0,6,405.0,408.5,2,407.0,423.0,0.0,0.0,0.0,0.0,108
2023-05-09 21:30:42,OI311P8200,OI311P8200,407.0,0.0,0.0,0.0,26,404.0,408.5,2,407.0,423.0,0.0,0.0,0.0,0.0,108
2023-05-09 21:30:42,OI311P8200,OI311P8200,407.0,0.0,0.0,0.0,20,404.0,408.5,2,407.0,423.0,0.0,0.0,0.0,0.0,108
2023-05-09 21:30:44,OI311P8200,OI311P8200,407.0,0.0,0.0,0.0,20,404.0,410.5,12,407.0,423.0,0.0,0.0,0.0,0.0,108
2023-05-09 21:30:45,OI311P8200,OI311P8200,407.0,0.0,0.0,0.0,20,404.0,411.0,12,407.0,423.0,0.0,0.0,0.0,0.0,108
2023-05-09 21:30:45,OI311P8200,OI311P8200,407.0,0.0,0.0,0.0,20,404.0,411.0,6,407.0,423.0,0.0,0.0,0.0,0.0,108
2023-05-09 21:30:48,OI311P8200,OI311P8200,407.0,0.0,0.0,0.0,20,404.0,410.5,6,407.0,423.0,0.0,0.0,0.0,0.0,108
2023-05-09 21:30:56,OI311P8200,OI311P8200,407.0,0.0,0.0,0.0,6,405.0,410.5,6,407.0,423.0,0.0,0.0,0.0,0.0,108
2023-05-09 21:30:57,OI311P8200,OI311P8200,407.0,0.0,0.0,0.0,6,405.0,411.5,2,407.0,423.0,0.0,0.0,0.0,0.0,108
2023-05-09 21:31:00,OI311P8200,OI311P8200,407.0,0.0,0.0,0.0,12,405.0,411.5,2,407.0,423.0,0.0,0.0,0.0,0.0,108
2023-05-09 21:31:12,OI311P8200,OI311P8200,407.0,0.0,0.0,0.0,6,406.5,411.5,2,407.0,423.0,0.0,0.0,0.0,0.0,108
2023-05-09 21:31:14,OI311P8200,OI311P8200,407.0,0.0,0.0,0.0,18,405.5,411.5,2,407.0,423.0,0.0,0.0,0.0,0.0,108
2023-05-09 21:31:14,OI311P8200,OI311P8200,407.0,0.0,0.0,0.0,6,405.5,411.5,8,407.0,423.0,0.0,0.0,0.0,0.0,108
2023-05-09 21:31:15,OI311P8200,OI311P8200,407.0,0.0,0.0,0.0,12,404.5,411.5,8,407.0,423.0,0.0,0.0,0.0,0.0,108
2023-05-09 21:31:15,OI311P8200,OI311P8200,407.0,0.0,0.0,0.0,12,404.5,411.5,2,407.0,423.0,0.0,0.0,0.0,0.0,108
2023-05-09 21:31:18,OI311P8200,OI311P8200,407.0,0.0,0.0,0.0,12,404.5,409.5,2,407.0,423.0,0.0,0.0,0.0,0.0,108
2023-05-09 21:31:19,OI311P8200,OI311P8200,407.0,0.0,0.0,0.0,6,404.5,409.5,8,407.0,423.0,0.0,0.0,0.0,0.0,108
2023-05-09 21:31:20,OI311P8200,OI311P8200,407.0,0.0,0.0,0.0,12,404.5,409.5,8,407.0,423.0,0.0,0.0,0.0,0.0,108
2023-05-09 21:31:25,OI311P8200,OI311P8200,407.0,0.0,0.0,0.0,12,404.5,409.5,2,407.0,423.0,0.0,0.0,0.0,0.0,108
2023-05-09 21:31:26,OI311P8200,OI311P8200,407.0,0.0,0.0,0.0,6,406.0,409.5,2,407.0,423.0,0.0,0.0,0.0,0.0,108
2023-05-09 21:31:26,OI311P8200,OI311P8200,407.0,0.0,0.0,0.0,12,406.0,409.5,2,407.0,423.0,0.0,0.0,0.0,0.0,108
2023-05-09 21:31:33,OI311P8200,OI311P8200,407.0,0.0,0.0,0.0,6,406.0,409.5,2,407.0,423.0,0.0,0.0,0.0,0.0,108
2023-05-09 21:31:34,OI311P8200,OI311P8200,407.0,0.0,0.0,0.0,12,405.5,409.5,2,407.0,423.0,0.0,0.0,0.0,0.0,108
2023-05-09 21:31:38,OI311P8200,OI311P8200,407.0,0.0,0.0,0.0,18,405.5,409.5,2,407.0,423.0,0.0,0.0,0.0,0.0,108
2023-05-09 21:32:02,OI311P8200,OI311P8200,407.0,0.0,0.0,0.0,18,405.5,411.0,12,407.0,423.0,0.0,0.0,0.0,0.0,108
2023-05-09 21:32:03,OI311P8200,OI311P8200,407.0,0.0,0.0,0.0,6,406.0,411.5,8,407.0,423.0,0.0,0.0,0.0,0.0,108
2023-05-09 21:32:04,OI311P8200,OI311P8200,407.0,0.0,0.0,0.0,24,405.5,411.5,8,407.0,423.0,0.0,0.0,0.0,0.0,108
2023-05-09 21:32:12,OI311P8200,OI311P8200,407.0,0.0,0.0,0.0,12,406.5,411.5,8,407.0,423.0,0.0,0.0,0.0,0.0,108
2023-05-09 21:32:16,OI311P8200,OI311P8200,407.0,0.0,0.0,0.0,18,406.5,411.5,2,407.0,423.0,0.0,0.0,0.0,0.0,108
2023-05-09 21:32:19,OI311P8200,OI311P8200,407.0,0.0,0.0,0.0,6,407.5,411.5,2,407.0,423.0,0.0,0.0,0.0,0.0,108
2023-05-09 21:32:20,OI311P8200,OI311P8200,407.0,0.0,0.0,0.0,6,407.5,413.0,12,407.0,423.0,0.0,0.0,0.0,0.0,108
2023-05-09 21:32:20,OI311P8200,OI311P8200,407.0,0.0,0.0,0.0,6,408.5,414.0,8,407.0,423.0,0.0,0.0,0.0,0.0,108
2023-05-09 21:32:20,OI311P8200,OI311P8200,407.0,0.0,0.0,0.0,6,408.5,414.0,2,407.0,423.0,0.0,0.0,0.0,0.0,108
2023-05-09 21:32:24,OI311P8200,OI311P8200,407.0,0.0,0.0,0.0,6,408.5,415.5,14,407.0,423.0,0.0,0.0,0.0,0.0,108
2023-05-09 21:32:25,OI311P8200,OI311P8200,407.0,0.0,0.0,0.0,24,410.0,415.5,2,407.0,423.0,0.0,0.0,0.0,0.0,108
2023-05-09 21:32:25,OI311P8200,OI311P8200,407.0,0.0,0.0,0.0,18,410.0,415.5,2,407.0,423.0,0.0,0.0,0.0,0.0,108
2023-05-09 21:32:26,OI311P8200,OI311P8200,407.0,0.0,0.0,0.0,12,411.0,415.5,2,407.0,423.0,0.0,0.0,0.0,0.0,108
2023-05-09 21:32:26,OI311P8200,OI311P8200,407.0,0.0,0.0,0.0,6,412.5,417.5,6,407.0,423.0,0.0,0.0,0.0,0.0,108
2023-05-09 21:32:27,OI311P8200,OI311P8200,407.0,0.0,0.0,0.0,12,412.5,420.0,18,407.0,423.0,0.0,0.0,0.0,0.0,108
2023-05-09 21:32:27,OI311P8200,OI311P8200,407.0,0.0,0.0,0.0,18,412.5,420.0,30,407.0,423.0,0.0,0.0,0.0,0.0,108
2023-05-09 21:32:27,OI311P8200,OI311P8200,407.0,0.0,0.0,0.0,18,412.5,420.0,24,407.0,423.0,0.0,0.0,0.0,0.0,108
2023-05-09 21:32:28,OI311P8200,OI311P8200,407.0,0.0,0.0,0.0,12,412.5,419.0,6,407.0,423.0,0.0,0.0,0.0,0.0,108
2023-05-09 21:32:29,OI311P8200,OI311P8200,407.0,0.0,0.0,0.0,18,412.5,420.0,18,407.0,423.0,0.0,0.0,0.0,0.0,108
2023-05-09 21:32:29,OI311P8200,OI311P8200,407.0,0.0,0.0,0.0,18,412.5,419.5,2,407.0,423.0,0.0,0.0,0.0,0.0,108
2023-05-09 21:32:29,OI311P8200,OI311P8200,407.0,0.0,0.0,0.0,12,412.5,419.5,8,407.0,423.0,0.0,0.0,0.0,0.0,108
2023-05-09 21:32:32,OI311P8200,OI311P8200,407.0,0.0,0.0,0.0,6,413.5,419.5,2,407.0,423.0,0.0,0.0,0.0,0.0,108
2023-05-09 21:32:32,OI311P8200,OI311P8200,407.0,0.0,0.0,0.0,12,413.5,419.5,2,407.0,423.0,0.0,0.0,0.0,0.0,108
2023-05-09 21:32:33,OI311P8200,OI311P8200,407.0,0.0,0.0,0.0,18,413.5,419.5,2,407.0,423.0,0.0,0.0,0.0,0.0,108
2023-05-09 21:32:46,OI311P8200,OI311P8200,407.0,0.0,0.0,0.0,12,413.5,419.5,2,407.0,423.0,0.0,0.0,0.0,0.0,108
2023-05-09 21:32:53,OI311P8200,OI311P8200,407.0,0.0,0.0,0.0,6,413.5,419.5,2,407.0,423.0,0.0,0.0,0.0,0.0,108
2023-05-09 21:32:53,OI311P8200,OI311P8200,407.0,0.0,0.0,0.0,30,412.5,419.5,2,407.0,423.0,0.0,0.0,0.0,0.0,108
2023-05-09 21:32:53,OI311P8200,OI311P8200,407.0,0.0,0.0,0.0,24,412.5,419.5,2,407.0,423.0,0.0,0.0,0.0,0.0,108
2023-05-09 21:32:55,OI311P8200,OI311P8200,407.0,0.0,0.0,0.0,18,412.5,419.5,8,407.0,423.0,0.0,0.0,0.0,0.0,108
2023-05-09 21:32:59,OI311P8200,OI311P8200,407.0,0.0,0.0,0.0,18,412.5,417.5,2,407.0,423.0,0.0,0.0,0.0,0.0,108
2023-05-09 21:33:00,OI311P8200,OI311P8200,407.0,0.0,0.0,0.0,6,412.5,417.5,8,407.0,423.0,0.0,0.0,0.0,0.0,108
2023-05-09 21:33:00,OI311P8200,OI311P8200,407.0,0.0,0.0,0.0,6,412.5,417.5,2,407.0,423.0,0.0,0.0,0.0,0.0,108
2023-05-09 21:33:03,OI311P8200,OI311P8200,407.0,0.0,0.0,0.0,8,411.5,417.5,8,407.0,423.0,0.0,0.0,0.0,0.0,108
2023-05-09 21:33:04,OI311P8200,OI311P8200,407.0,0.0,0.0,0.0,8,411.5,417.5,14,407.0,423.0,0.0,0.0,0.0,0.0,108
2023-05-09 21:33:04,OI311P8200,OI311P8200,407.0,0.0,0.0,0.0,6,411.5,417.5,14,407.0,423.0,0.0,0.0,0.0,0.0,108
2023-05-09 21:33:04,OI311P8200,OI311P8200,407.0,0.0,0.0,0.0,12,410.5,417.5,14,407.0,423.0,0.0,0.0,0.0,0.0,108
2023-05-09 21:33:05,OI311P8200,OI311P8200,407.0,0.0,0.0,0.0,12,410.5,416.0,6,407.0,423.0,0.0,0.0,0.0,0.0,108
2023-05-09 21:33:06,OI311P8200,OI311P8200,407.0,0.0,0.0,0.0,6,410.5,415.5,2,407.0,423.0,0.0,0.0,0.0,0.0,108
2023-05-09 21:33:06,OI311P8200,OI311P8200,407.0,0.0,0.0,0.0,6,409.5,415.5,8,407.0,423.0,0.0,0.0,0.0,0.0,108
2023-05-09 21:33:07,OI311P8200,OI311P8200,407.0,0.0,0.0,0.0,6,409.5,415.5,2,407.0,423.0,0.0,0.0,0.0,0.0,108
2023-05-09 21:33:11,OI311P8200,OI311P8200,407.0,0.0,0.0,0.0,6,411.0,415.5,2,407.0,423.0,0.0,0.0,0.0,0.0,108
2023-05-09 21:33:12,OI311P8200,OI311P8200,407.0,0.0,0.0,0.0,12,411.0,415.5,2,407.0,423.0,0.0,0.0,0.0,0.0,108
2023-05-09 21:33:16,OI311P8200,OI311P8200,407.0,0.0,0.0,0.0,6,411.0,415.5,2,407.0,423.0,0.0,0.0,0.0,0.0,108
2023-05-09 21:33:17,OI311P8200,OI311P8200,407.0,0.0,0.0,0.0,18,410.5,415.5,2,407.0,423.0,0.0,0.0,0.0,0.0,108
2023-05-09 21:33:17,OI311P8200,OI311P8200,407.0,0.0,0.0,0.0,12,410.5,415.5,2,407.0,423.0,0.0,0.0,0.0,0.0,108
2023-05-09 21:33:24,OI311P8200,OI311P8200,407.0,0.0,0.0,0.0,6,410.5,415.5,2,407.0,423.0,0.0,0.0,0.0,0.0,108
2023-05-09 21:33:26,OI311P8200,OI311P8200,407.0,0.0,0.0,0.0,24,410.0,415.5,2,407.0,423.0,0.0,0.0,0.0,0.0,108
2023-05-09 21:33:26,OI311P8200,OI311P8200,407.0,0.0,0.0,0.0,18,410.0,415.5,2,407.0,423.0,0.0,0.0,0.0,0.0,108
2023-05-09 21:33:27,OI311P8200,OI311P8200,407.0,0.0,0.0,0.0,6,410.0,415.5,2,407.0,423.0,0.0,0.0,0.0,0.0,108
2023-05-09 21:33:27,OI311P8200,OI311P8200,407.0,0.0,0.0,0.0,12,409.5,415.5,2,407.0,423.0,0.0,0.0,0.0,0.0,108
2023-05-09 21:33:27,OI311P8200,OI311P8200,407.0,0.0,0.0,0.0,6,409.5,415.5,8,407.0,423.0,0.0,0.0,0.0,0.0,108
2023-05-09 21:33:28,OI311P8200,OI311P8200,407.0,0.0,0.0,0.0,24,409.0,415.5,8,407.0,423.0,0.0,0.0,0.0,0.0,108
2023-05-09 21:33:29,OI311P8200,OI311P8200,407.0,0.0,0.0,0.0,18,409.0,415.5,8,407.0,423.0,0.0,0.0,0.0,0.0,108
2023-05-09 21:33:29,OI311P8200,OI311P8200,407.0,0.0,0.0,0.0,18,409.0,415.5,2,407.0,423.0,0.0,0.0,0.0,0.0,108
2023-05-09 21:33:31,OI311P8200,OI311P8200,407.0,0.0,0.0,0.0,12,409.0,415.5,14,407.0,423.0,0.0,0.0,0.0,0.0,108
2023-05-09 21:33:32,OI311P8200,OI311P8200,407.0,0.0,0.0,0.0,12,409.0,415.5,8,407.0,423.0,0.0,0.0,0.0,0.0,108
2023-05-09 21:33:34,OI311P8200,OI311P8200,407.0,0.0,0.0,0.0,12,409.0,415.5,14,407.0,423.0,0.0,0.0,0.0,0.0,108
2023-05-09 21:33:34,OI311P8200,OI311P8200,407.0,0.0,0.0,0.0,12,409.0,415.5,20,407.0,423.0,0.0,0.0,0.0,0.0,108
2023-05-09 21:33:36,OI311P8200,OI311P8200,407.0,0.0,0.0,0.0,12,409.0,415.5,14,407.0,423.0,0.0,0.0,0.0,0.0,108
2023-05-09 21:33:38,OI311P8200,OI311P8200,407.0,0.0,0.0,0.0,12,409.0,415.5,20,407.0,423.0,0.0,0.0,0.0,0.0,108
2023-05-09 21:33:40,OI311P8200,OI311P8200,407.0,0.0,0.0,0.0,12,409.0,415.5,14,407.0,423.0,0.0,0.0,0.0,0.0,108
2023-05-09 21:33:43,OI311P8200,OI311P8200,407.0,0.0,0.0,0.0,6,409.0,415.5,14,407.0,423.0,0.0,0.0,0.0,0.0,108
2023-05-09 21:33:44,OI311P8200,OI311P8200,407.0,0.0,0.0,0.0,6,409.0,413.5,2,407.0,423.0,0.0,0.0,0.0,0.0,108
2023-05-09 21:33:48,OI311P8200,OI311P8200,407.0,0.0,0.0,0.0,12,408.5,413.5,2,407.0,423.0,0.0,0.0,0.0,0.0,108
2023-05-09 21:33:48,OI311P8200,OI311P8200,407.0,0.0,0.0,0.0,6,408.5,413.5,2,407.0,423.0,0.0,0.0,0.0,0.0,108
2023-05-09 21:33:49,OI311P8200,OI311P8200,407.0,0.0,0.0,0.0,14,408.0,413.5,8,407.0,423.0,0.0,0.0,0.0,0.0,108
2023-05-09 21:33:50,OI311P8200,OI311P8200,407.0,0.0,0.0,0.0,8,408.0,413.5,8,407.0,423.0,0.0,0.0,0.0,0.0,108
2023-05-09 21:33:55,OI311P8200,OI311P8200,407.0,0.0,0.0,0.0,8,408.0,413.5,2,407.0,423.0,0.0,0.0,0.0,0.0,108
2023-05-09 21:33:56,OI311P8200,OI311P8200,407.0,0.0,0.0,0.0,12,407.5,413.5,8,407.0,423.0,0.0,0.0,0.0,0.0,108
2023-05-09 21:33:56,OI311P8200,OI311P8200,407.0,0.0,0.0,0.0,6,407.5,413.5,8,407.0,423.0,0.0,0.0,0.0,0.0,108
2023-05-09 21:33:57,OI311P8200,OI311P8200,407.0,0.0,0.0,0.0,12,407.0,413.5,8,407.0,423.0,0.0,0.0,0.0,0.0,108
2023-05-09 21:33:58,OI311P8200,OI311P8200,407.0,0.0,0.0,0.0,6,407.0,413.5,8,407.0,423.0,0.0,0.0,0.0,0.0,108
2023-05-09 21:33:59,OI311P8200,OI311P8200,407.0,0.0,0.0,0.0,6,407.0,413.5,2,407.0,423.0,0.0,0.0,0.0,0.0,108
2023-05-09 21:34:00,OI311P8200,OI311P8200,407.0,0.0,0.0,0.0,6,407.0,413.5,8,407.0,423.0,0.0,0.0,0.0,0.0,108
2023-05-09 21:34:01,OI311P8200,OI311P8200,407.0,0.0,0.0,0.0,6,407.0,413.5,14,407.0,423.0,0.0,0.0,0.0,0.0,108
2023-05-09 21:34:02,OI311P8200,OI311P8200,407.0,0.0,0.0,0.0,6,407.0,413.5,8,407.0,423.0,0.0,0.0,0.0,0.0,108
2023-05-09 21:34:02,OI311P8200,OI311P8200,407.0,0.0,0.0,0.0,24,406.5,411.5,2,407.0,423.0,0.0,0.0,0.0,0.0,108
2023-05-09 21:34:03,OI311P8200,OI311P8200,407.0,0.0,0.0,0.0,12,406.5,411.5,2,407.0,423.0,0.0,0.0,0.0,0.0,108
2023-05-09 21:34:04,OI311P8200,OI311P8200,407.0,0.0,0.0,0.0,6,406.5,411.5,2,407.0,423.0,0.0,0.0,0.0,0.0,108
2023-05-09 21:34:07,OI311P8200,OI311P8200,407.0,0.0,0.0,0.0,12,407.5,411.5,2,407.0,423.0,0.0,0.0,0.0,0.0,108
2023-05-09 21:34:17,OI311P8200,OI311P8200,407.0,0.0,0.0,0.0,18,407.0,411.5,2,407.0,423.0,0.0,0.0,0.0,0.0,108
2023-05-09 21:34:18,OI311P8200,OI311P8200,407.0,0.0,0.0,0.0,6,407.0,411.5,2,407.0,423.0,0.0,0.0,0.0,0.0,108
2023-05-09 21:34:18,OI311P8200,OI311P8200,407.0,0.0,0.0,0.0,24,406.5,411.5,2,407.0,423.0,0.0,0.0,0.0,0.0,108
2023-05-09 21:34:19,OI311P8200,OI311P8200,407.0,0.0,0.0,0.0,18,406.5,411.5,2,407.0,423.0,0.0,0.0,0.0,0.0,108
2023-05-09 21:34:22,OI311P8200,OI311P8200,407.0,0.0,0.0,0.0,12,406.0,411.5,2,407.0,423.0,0.0,0.0,0.0,0.0,108
2023-05-09 21:34:22,OI311P8200,OI311P8200,407.0,0.0,0.0,0.0,6,406.0,411.5,8,407.0,423.0,0.0,0.0,0.0,0.0,108
2023-05-09 21:34:23,OI311P8200,OI311P8200,407.0,0.0,0.0,0.0,12,405.5,411.5,14,407.0,423.0,0.0,0.0,0.0,0.0,108
2023-05-09 21:34:24,OI311P8200,OI311P8200,407.0,0.0,0.0,0.0,6,405.5,411.5,14,407.0,423.0,0.0,0.0,0.0,0.0,108
2023-05-09 21:34:26,OI311P8200,OI311P8200,407.0,0.0,0.0,0.0,6,405.5,411.5,8,407.0,423.0,0.0,0.0,0.0,0.0,108
2023-05-09 21:34:27,OI311P8200,OI311P8200,407.0,0.0,0.0,0.0,6,405.5,411.5,14,407.0,423.0,0.0,0.0,0.0,0.0,108
2023-05-09 21:34:35,OI311P8200,OI311P8200,407.0,0.0,0.0,0.0,12,405.0,411.5,14,407.0,423.0,0.0,0.0,0.0,0.0,108
2023-05-09 21:34:36,OI311P8200,OI311P8200,407.0,0.0,0.0,0.0,18,405.0,411.5,8,407.0,423.0,0.0,0.0,0.0,0.0,108
2023-05-09 21:34:36,OI311P8200,OI311P8200,407.0,0.0,0.0,0.0,12,405.0,411.5,8,407.0,423.0,0.0,0.0,0.0,0.0,108
2023-05-09 21:34:36,OI311P8200,OI311P8200,407.0,0.0,0.0,0.0,18,405.0,411.5,8,407.0,423.0,0.0,0.0,0.0,0.0,108
2023-05-09 21:34:36,OI311P8200,OI311P8200,407.0,0.0,0.0,0.0,12,405.0,411.5,8,407.0,423.0,0.0,0.0,0.0,0.0,108
2023-05-09 21:35:04,OI311P8200,OI311P8200,407.0,0.0,0.0,0.0,6,405.0,410.0,2,407.0,423.0,0.0,0.0,0.0,0.0,108
2023-05-09 21:35:04,OI311P8200,OI311P8200,407.0,0.0,0.0,0.0,6,404.5,410.0,20,407.0,423.0,0.0,0.0,0.0,0.0,108
2023-05-09 21:35:05,OI311P8200,OI311P8200,407.0,0.0,0.0,0.0,6,403.5,410.0,20,407.0,423.0,0.0,0.0,0.0,0.0,108
2023-05-09 21:35:06,OI311P8200,OI311P8200,407.0,0.0,0.0,0.0,6,404.0,410.0,26,407.0,423.0,0.0,0.0,0.0,0.0,108
2023-05-09 21:35:06,OI311P8200,OI311P8200,407.0,0.0,0.0,0.0,6,403.5,410.0,26,407.0,423.0,0.0,0.0,0.0,0.0,108
2023-05-09 21:35:07,OI311P8200,OI311P8200,407.0,0.0,0.0,0.0,12,403.5,410.0,20,407.0,423.0,0.0,0.0,0.0,0.0,108
2023-05-09 21:35:07,OI311P8200,OI311P8200,407.0,0.0,0.0,0.0,6,403.5,410.0,20,407.0,423.0,0.0,0.0,0.0,0.0,108
2023-05-09 21:35:14,OI311P8200,OI311P8200,407.0,0.0,0.0,0.0,24,403.0,409.5,8,407.0,423.0,0.0,0.0,0.0,0.0,108
2023-05-09 21:35:14,OI311P8200,OI311P8200,407.0,0.0,0.0,0.0,18,403.0,409.5,8,407.0,423.0,0.0,0.0,0.0,0.0,108
2023-05-09 21:35:15,OI311P8200,OI311P8200,407.0,0.0,0.0,0.0,12,403.0,409.5,8,407.0,423.0,0.0,0.0,0.0,0.0,108
2023-05-09 21:35:15,OI311P8200,OI311P8200,407.0,0.0,0.0,0.0,6,403.0,409.5,8,407.0,423.0,0.0,0.0,0.0,0.0,108
2023-05-09 21:35:16,OI311P8200,OI311P8200,407.0,0.0,0.0,0.0,18,402.5,409.5,8,407.0,423.0,0.0,0.0,0.0,0.0,108
2023-05-09 21:35:17,OI311P8200,OI311P8200,407.0,0.0,0.0,0.0,12,402.5,409.5,8,407.0,423.0,0.0,0.0,0.0,0.0,108
2023-05-09 21:35:19,OI311P8200,OI311P8200,407.0,0.0,0.0,0.0,12,402.5,409.5,2,407.0,423.0,0.0,0.0,0.0,0.0,108
2023-05-09 21:35:20,OI311P8200,OI311P8200,407.0,0.0,0.0,0.0,12,402.5,409.5,8,407.0,423.0,0.0,0.0,0.0,0.0,108
2023-05-09 21:35:21,OI311P8200,OI311P8200,407.0,0.0,0.0,0.0,12,402.5,409.5,2,407.0,423.0,0.0,0.0,0.0,0.0,108
2023-05-09 21:35:22,OI311P8200,OI311P8200,407.0,0.0,0.0,0.0,12,404.0,409.5,2,407.0,423.0,0.0,0.0,0.0,0.0,108
2023-05-09 21:35:34,OI311P8200,OI311P8200,407.0,0.0,0.0,0.0,18,404.0,409.5,2,407.0,423.0,0.0,0.0,0.0,0.0,108
2023-05-09 21:35:35,OI311P8200,OI311P8200,407.0,0.0,0.0,0.0,24,404.0,409.5,2,407.0,423.0,0.0,0.0,0.0,0.0,108
2023-05-09 21:35:36,OI311P8200,OI311P8200,407.0,0.0,0.0,0.0,6,405.0,409.5,2,407.0,423.0,0.0,0.0,0.0,0.0,108
2023-05-09 21:35:37,OI311P8200,OI311P8200,407.0,0.0,0.0,0.0,12,405.0,409.5,2,407.0,423.0,0.0,0.0,0.0,0.0,108
2023-05-09 21:35:43,OI311P8200,OI311P8200,407.0,0.0,0.0,0.0,36,405.0,410.0,8,407.0,423.0,0.0,0.0,0.0,0.0,108
2023-05-09 21:35:44,OI311P8200,OI311P8200,407.0,0.0,0.0,0.0,36,405.0,410.0,2,407.0,423.0,0.0,0.0,0.0,0.0,108
2023-05-09 21:35:45,OI311P8200,OI311P8200,407.0,0.0,0.0,0.0,30,405.0,410.0,2,407.0,423.0,0.0,0.0,0.0,0.0,108
2023-05-09 21:35:49,OI311P8200,OI311P8200,407.0,0.0,0.0,0.0,24,405.0,410.0,2,407.0,423.0,0.0,0.0,0.0,0.0,108
2023-05-09 21:35:50,OI311P8200,OI311P8200,407.0,0.0,0.0,0.0,18,405.0,410.0,2,407.0,423.0,0.0,0.0,0.0,0.0,108
2023-05-09 21:36:04,OI311P8200,OI311P8200,407.0,0.0,0.0,0.0,30,404.5,410.0,2,407.0,423.0,0.0,0.0,0.0,0.0,108
2023-05-09 21:36:05,OI311P8200,OI311P8200,407.0,0.0,0.0,0.0,24,404.5,410.0,2,407.0,423.0,0.0,0.0,0.0,0.0,108
2023-05-09 21:36:05,OI311P8200,OI311P8200,407.0,0.0,0.0,0.0,18,404.5,410.0,2,407.0,423.0,0.0,0.0,0.0,0.0,108
2023-05-09 21:36:08,OI311P8200,OI311P8200,407.0,0.0,0.0,0.0,6,405.5,410.0,2,407.0,423.0,0.0,0.0,0.0,0.0,108
2023-05-09 21:36:09,OI311P8200,OI311P8200,407.0,0.0,0.0,0.0,12,405.5,410.0,2,407.0,423.0,0.0,0.0,0.0,0.0,108
2023-05-09 21:36:12,OI311P8200,OI311P8200,407.0,0.0,0.0,0.0,6,405.5,410.0,2,407.0,423.0,0.0,0.0,0.0,0.0,108
2023-05-09 21:36:13,OI311P8200,OI311P8200,407.0,0.0,0.0,0.0,12,405.0,410.0,2,407.0,423.0,0.0,0.0,0.0,0.0,108
2023-05-09 21:36:14,OI311P8200,OI311P8200,407.0,0.0,0.0,0.0,36,404.5,410.0,2,407.0,423.0,0.0,0.0,0.0,0.0,108
2023-05-09 21:36:14,OI311P8200,OI311P8200,407.0,0.0,0.0,0.0,30,404.5,410.0,2,407.0,423.0,0.0,0.0,0.0,0.0,108
2023-05-09 21:36:15,OI311P8200,OI311P8200,407.0,0.0,0.0,0.0,24,404.5,410.0,2,407.0,423.0,0.0,0.0,0.0,0.0,108
2023-05-09 21:36:23,OI311P8200,OI311P8200,407.0,0.0,0.0,0.0,18,404.5,410.0,8,407.0,423.0,0.0,0.0,0.0,0.0,108
2023-05-09 21:36:24,OI311P8200,OI311P8200,407.0,0.0,0.0,0.0,18,404.5,410.0,14,407.0,423.0,0.0,0.0,0.0,0.0,108
2023-05-09 21:36:24,OI311P8200,OI311P8200,407.0,0.0,0.0,0.0,12,404.5,410.0,14,407.0,423.0,0.0,0.0,0.0,0.0,108
2023-05-09 21:36:48,OI311P8200,OI311P8200,407.0,0.0,0.0,0.0,12,404.5,410.0,8,407.0,423.0,0.0,0.0,0.0,0.0,108
2023-05-09 21:37:01,OI311P8200,OI311P8200,407.0,0.0,0.0,0.0,12,404.5,410.0,2,407.0,423.0,0.0,0.0,0.0,0.0,108
2023-05-09 21:37:02,OI311P8200,OI311P8200,407.0,0.0,0.0,0.0,6,404.5,410.0,2,407.0,423.0,0.0,0.0,0.0,0.0,108
2023-05-09 21:37:02,OI311P8200,OI311P8200,407.0,0.0,0.0,0.0,12,404.0,410.0,2,407.0,423.0,0.0,0.0,0.0,0.0,108
2023-05-09 21:37:03,OI311P8200,OI311P8200,407.0,0.0,0.0,0.0,26,403.5,410.0,8,407.0,423.0,0.0,0.0,0.0,0.0,108
2023-05-09 21:37:04,OI311P8200,OI311P8200,407.0,0.0,0.0,0.0,20,403.5,410.0,8,407.0,423.0,0.0,0.0,0.0,0.0,108
2023-05-09 21:37:04,OI311P8200,OI311P8200,407.0,0.0,0.0,0.0,14,403.5,410.0,8,407.0,423.0,0.0,0.0,0.0,0.0,108
2023-05-09 21:37:06,OI311P8200,OI311P8200,407.0,0.0,0.0,0.0,6,405.0,410.0,8,407.0,423.0,0.0,0.0,0.0,0.0,108
2023-05-09 21:37:06,OI311P8200,OI311P8200,407.0,0.0,0.0,0.0,12,405.0,410.0,8,407.0,423.0,0.0,0.0,0.0,0.0,108
2023-05-09 21:37:07,OI311P8200,OI311P8200,407.0,0.0,0.0,0.0,12,405.0,410.0,2,407.0,423.0,0.0,0.0,0.0,0.0,108
2023-05-09 21:37:12,OI311P8200,OI311P8200,407.0,0.0,0.0,0.0,18,405.0,410.0,2,407.0,423.0,0.0,0.0,0.0,0.0,108
2023-05-09 21:37:20,OI311P8200,OI311P8200,407.0,0.0,0.0,0.0,12,405.0,410.0,2,407.0,423.0,0.0,0.0,0.0,0.0,108
2023-05-09 21:37:21,OI311P8200,OI311P8200,407.0,0.0,0.0,0.0,12,405.0,410.0,8,407.0,423.0,0.0,0.0,0.0,0.0,108
2023-05-09 21:37:24,OI311P8200,OI311P8200,407.0,0.0,0.0,0.0,12,404.5,410.0,8,407.0,423.0,0.0,0.0,0.0,0.0,108
2023-05-09 21:37:25,OI311P8200,OI311P8200,407.0,0.0,0.0,0.0,6,404.5,410.0,8,407.0,423.0,0.0,0.0,0.0,0.0,108
2023-05-09 21:37:25,OI311P8200,OI311P8200,407.0,0.0,0.0,0.0,24,404.0,410.0,8,407.0,423.0,0.0,0.0,0.0,0.0,108
2023-05-09 21:37:26,OI311P8200,OI311P8200,407.0,0.0,0.0,0.0,18,404.0,410.0,8,407.0,423.0,0.0,0.0,0.0,0.0,108
2023-05-09 21:37:39,OI311P8200,OI311P8200,407.0,0.0,0.0,0.0,18,404.0,410.0,2,407.0,423.0,0.0,0.0,0.0,0.0,108
2023-05-09 21:38:03,OI311P8200,OI311P8200,407.0,0.0,0.0,0.0,6,405.5,410.0,2,407.0,423.0,0.0,0.0,0.0,0.0,108
2023-05-09 21:38:03,OI311P8200,OI311P8200,407.0,0.0,0.0,0.0,12,405.5,410.0,2,407.0,423.0,0.0,0.0,0.0,0.0,108
2023-05-09 21:38:06,OI311P8200,OI311P8200,407.0,0.0,0.0,0.0,18,405.5,410.0,2,407.0,423.0,0.0,0.0,0.0,0.0,108
2023-05-09 21:38:08,OI311P8200,OI311P8200,407.0,0.0,0.0,0.0,20,405.5,410.5,6,407.0,423.0,0.0,0.0,0.0,0.0,108
2023-05-09 21:38:09,OI311P8200,OI311P8200,407.0,0.0,0.0,0.0,26,405.5,412.5,6,407.0,423.0,0.0,0.0,0.0,0.0,108
2023-05-09 21:38:10,OI311P8200,OI311P8200,407.0,0.0,0.0,0.0,26,405.5,411.0,6,407.0,423.0,0.0,0.0,0.0,0.0,108
2023-05-09 21:38:10,OI311P8200,OI311P8200,407.0,0.0,0.0,0.0,6,406.5,413.5,18,407.0,423.0,0.0,0.0,0.0,0.0,108
2023-05-09 21:38:11,OI311P8200,OI311P8200,407.0,0.0,0.0,0.0,6,406.5,411.5,6,407.0,423.0,0.0,0.0,0.0,0.0,108
2023-05-09 21:38:11,OI311P8200,OI311P8200,407.0,0.0,0.0,0.0,12,406.5,413.5,6,407.0,423.0,0.0,0.0,0.0,0.0,108
2023-05-09 21:38:12,OI311P8200,OI311P8200,407.0,0.0,0.0,0.0,12,406.5,412.0,6,407.0,423.0,0.0,0.0,0.0,0.0,108
2023-05-09 21:38:12,OI311P8200,OI311P8200,407.0,0.0,0.0,0.0,12,406.5,413.5,6,407.0,423.0,0.0,0.0,0.0,0.0,108
2023-05-09 21:38:13,OI311P8200,OI311P8200,407.0,0.0,0.0,0.0,12,406.5,412.5,6,407.0,423.0,0.0,0.0,0.0,0.0,108
2023-05-09 21:38:13,OI311P8200,OI311P8200,407.0,0.0,0.0,0.0,12,406.5,413.5,6,407.0,423.0,0.0,0.0,0.0,0.0,108
2023-05-09 21:38:14,OI311P8200,OI311P8200,407.0,0.0,0.0,0.0,18,406.5,413.0,6,407.0,423.0,0.0,0.0,0.0,0.0,108
2023-05-09 21:38:14,OI311P8200,OI311P8200,407.0,0.0,0.0,0.0,6,407.0,414.0,26,407.0,423.0,0.0,0.0,0.0,0.0,108
2023-05-09 21:38:15,OI311P8200,OI311P8200,407.0,0.0,0.0,0.0,6,407.0,413.5,6,407.0,423.0,0.0,0.0,0.0,0.0,108
2023-05-09 21:38:15,OI311P8200,OI311P8200,407.0,0.0,0.0,0.0,6,407.5,414.0,14,407.0,423.0,0.0,0.0,0.0,0.0,108
2023-05-09 21:38:16,OI311P8200,OI311P8200,407.0,0.0,0.0,0.0,6,407.5,414.0,20,407.0,423.0,0.0,0.0,0.0,0.0,108
2023-05-09 21:38:16,OI311P8200,OI311P8200,407.0,0.0,0.0,0.0,6,407.5,414.0,14,407.0,423.0,0.0,0.0,0.0,0.0,108
2023-05-09 21:38:25,OI311P8200,OI311P8200,407.0,0.0,0.0,0.0,18,407.5,414.0,8,407.0,423.0,0.0,0.0,0.0,0.0,108
2023-05-09 21:38:26,OI311P8200,OI311P8200,407.0,0.0,0.0,0.0,18,407.5,414.0,2,407.0,423.0,0.0,0.0,0.0,0.0,108
2023-05-09 21:38:44,OI311P8200,OI311P8200,407.0,0.0,0.0,0.0,20,407.5,414.0,2,407.0,423.0,0.0,0.0,0.0,0.0,108
2023-05-09 21:38:45,OI311P8200,OI311P8200,407.0,0.0,0.0,0.0,12,409.0,414.0,2,407.0,423.0,0.0,0.0,0.0,0.0,108
2023-05-09 21:38:45,OI311P8200,OI311P8200,407.0,0.0,0.0,0.0,18,409.0,414.0,2,407.0,423.0,0.0,0.0,0.0,0.0,108
2023-05-09 21:39:23,OI311P8200,OI311P8200,407.0,0.0,0.0,0.0,2,409.5,414.0,2,407.0,423.0,0.0,0.0,0.0,0.0,108
2023-05-09 21:39:26,OI311P8200,OI311P8200,407.0,0.0,0.0,0.0,2,409.5,414.5,12,407.0,423.0,0.0,0.0,0.0,0.0,108
2023-05-09 21:39:26,OI311P8200,OI311P8200,407.0,0.0,0.0,0.0,8,409.5,414.5,6,407.0,423.0,0.0,0.0,0.0,0.0,108
2023-05-09 21:39:27,OI311P8200,OI311P8200,407.0,0.0,0.0,0.0,8,409.5,415.0,6,407.0,423.0,0.0,0.0,0.0,0.0,108
2023-05-09 21:39:27,OI311P8200,OI311P8200,407.0,0.0,0.0,0.0,14,409.5,415.0,6,407.0,423.0,0.0,0.0,0.0,0.0,108
2023-05-09 21:39:28,OI311P8200,OI311P8200,407.0,0.0,0.0,0.0,6,410.0,416.0,6,407.0,423.0,0.0,0.0,0.0,0.0,108
2023-05-09 21:39:28,OI311P8200,OI311P8200,407.0,0.0,0.0,0.0,6,410.0,415.5,6,407.0,423.0,0.0,0.0,0.0,0.0,108
2023-05-09 21:39:29,OI311P8200,OI311P8200,407.0,0.0,0.0,0.0,6,410.0,416.0,6,407.0,423.0,0.0,0.0,0.0,0.0,108
2023-05-09 21:39:29,OI311P8200,OI311P8200,407.0,0.0,0.0,0.0,12,410.0,416.0,6,407.0,423.0,0.0,0.0,0.0,0.0,108
2023-05-09 21:39:30,OI311P8200,OI311P8200,407.0,0.0,0.0,0.0,12,410.0,417.0,6,407.0,423.0,0.0,0.0,0.0,0.0,108
2023-05-09 21:39:30,OI311P8200,OI311P8200,407.0,0.0,0.0,0.0,12,410.0,416.5,6,407.0,423.0,0.0,0.0,0.0,0.0,108
2023-05-09 21:39:31,OI311P8200,OI311P8200,407.0,0.0,0.0,0.0,12,410.0,417.5,20,407.0,423.0,0.0,0.0,0.0,0.0,108
2023-05-09 21:39:31,OI311P8200,OI311P8200,407.0,0.0,0.0,0.0,12,410.0,417.0,6,407.0,423.0,0.0,0.0,0.0,0.0,108
2023-05-09 21:39:32,OI311P8200,OI311P8200,407.0,0.0,0.0,0.0,12,410.0,417.5,20,407.0,423.0,0.0,0.0,0.0,0.0,108
2023-05-09 21:39:32,OI311P8200,OI311P8200,407.0,0.0,0.0,0.0,12,410.0,417.5,26,407.0,423.0,0.0,0.0,0.0,0.0,108
2023-05-09 21:39:33,OI311P8200,OI311P8200,407.0,0.0,0.0,0.0,12,410.0,417.5,20,407.0,423.0,0.0,0.0,0.0,0.0,108
2023-05-09 21:39:35,OI311P8200,OI311P8200,407.0,0.0,0.0,0.0,6,410.0,417.5,26,407.0,423.0,0.0,0.0,0.0,0.0,108
2023-05-09 21:39:37,OI311P8200,OI311P8200,407.0,0.0,0.0,0.0,32,409.5,415.5,8,407.0,423.0,0.0,0.0,0.0,0.0,108
2023-05-09 21:39:37,OI311P8200,OI311P8200,407.0,0.0,0.0,0.0,20,409.5,415.5,14,407.0,423.0,0.0,0.0,0.0,0.0,108
2023-05-09 21:39:38,OI311P8200,OI311P8200,407.0,0.0,0.0,0.0,14,409.5,415.5,14,407.0,423.0,0.0,0.0,0.0,0.0,108
2023-05-09 21:39:44,OI311P8200,OI311P8200,407.0,0.0,0.0,0.0,12,410.5,415.5,14,407.0,423.0,0.0,0.0,0.0,0.0,108
2023-05-09 21:39:48,OI311P8200,OI311P8200,407.0,0.0,0.0,0.0,12,410.5,415.5,8,407.0,423.0,0.0,0.0,0.0,0.0,108
2023-05-09 21:39:53,OI311P8200,OI311P8200,407.0,0.0,0.0,0.0,6,410.5,415.5,8,407.0,423.0,0.0,0.0,0.0,0.0,108
2023-05-09 21:39:53,OI311P8200,OI311P8200,407.0,0.0,0.0,0.0,12,410.0,415.5,8,407.0,423.0,0.0,0.0,0.0,0.0,108
2023-05-09 21:39:54,OI311P8200,OI311P8200,407.0,0.0,0.0,0.0,32,409.5,415.5,8,407.0,423.0,0.0,0.0,0.0,0.0,108
2023-05-09 21:39:55,OI311P8200,OI311P8200,407.0,0.0,0.0,0.0,26,409.5,415.5,8,407.0,423.0,0.0,0.0,0.0,0.0,108
2023-05-09 21:39:55,OI311P8200,OI311P8200,407.0,0.0,0.0,0.0,20,409.5,415.5,8,407.0,423.0,0.0,0.0,0.0,0.0,108
2023-05-09 21:40:03,OI311P8200,OI311P8200,407.0,0.0,0.0,0.0,2,409.5,415.5,20,407.0,423.0,0.0,0.0,0.0,0.0,108
2023-05-09 21:40:04,OI311P8200,OI311P8200,407.0,0.0,0.0,0.0,2,409.5,415.5,26,407.0,423.0,0.0,0.0,0.0,0.0,108
2023-05-09 21:40:04,OI311P8200,OI311P8200,407.0,0.0,0.0,0.0,2,409.5,415.5,20,407.0,423.0,0.0,0.0,0.0,0.0,108
2023-05-09 21:40:05,OI311P8200,OI311P8200,407.0,0.0,0.0,0.0,6,410.0,415.5,20,407.0,423.0,0.0,0.0,0.0,0.0,108
2023-05-09 21:40:06,OI311P8200,OI311P8200,407.0,0.0,0.0,0.0,12,410.0,415.5,20,407.0,423.0,0.0,0.0,0.0,0.0,108
2023-05-09 21:40:06,OI311P8200,OI311P8200,407.0,0.0,0.0,0.0,6,410.0,415.5,20,407.0,423.0,0.0,0.0,0.0,0.0,108
2023-05-09 21:40:07,OI311P8200,OI311P8200,407.0,0.0,0.0,0.0,14,409.5,415.5,20,407.0,423.0,0.0,0.0,0.0,0.0,108
2023-05-09 21:40:08,OI311P8200,OI311P8200,407.0,0.0,0.0,0.0,2,409.5,415.5,20,407.0,423.0,0.0,0.0,0.0,0.0,108
2023-05-09 21:40:10,OI311P8200,OI311P8200,407.0,0.0,0.0,0.0,2,409.5,415.5,26,407.0,423.0,0.0,0.0,0.0,0.0,108
2023-05-09 21:40:11,OI311P8200,OI311P8200,407.0,0.0,0.0,0.0,6,410.5,415.5,14,407.0,423.0,0.0,0.0,0.0,0.0,108
2023-05-09 21:40:12,OI311P8200,OI311P8200,407.0,0.0,0.0,0.0,18,410.0,415.5,14,407.0,423.0,0.0,0.0,0.0,0.0,108
2023-05-09 21:40:12,OI311P8200,OI311P8200,407.0,0.0,0.0,0.0,12,410.0,415.5,14,407.0,423.0,0.0,0.0,0.0,0.0,108
2023-05-09 21:40:13,OI311P8200,OI311P8200,407.0,0.0,0.0,0.0,26,409.5,415.5,14,407.0,423.0,0.0,0.0,0.0,0.0,108
2023-05-09 21:40:13,OI311P8200,OI311P8200,407.0,0.0,0.0,0.0,20,409.5,415.5,14,407.0,423.0,0.0,0.0,0.0,0.0,108
2023-05-09 21:40:14,OI311P8200,OI311P8200,407.0,0.0,0.0,0.0,14,409.5,415.5,14,407.0,423.0,0.0,0.0,0.0,0.0,108
2023-05-09 21:40:19,OI311P8200,OI311P8200,407.0,0.0,0.0,0.0,14,409.5,415.5,8,407.0,423.0,0.0,0.0,0.0,0.0,108
2023-05-09 21:40:20,OI311P8200,OI311P8200,407.0,0.0,0.0,0.0,20,409.5,415.5,2,407.0,423.0,0.0,0.0,0.0,0.0,108
2023-05-09 21:40:37,OI311P8200,OI311P8200,407.0,0.0,0.0,0.0,12,411.0,415.5,2,407.0,423.0,0.0,0.0,0.0,0.0,108
2023-05-09 21:40:37,OI311P8200,OI311P8200,407.0,0.0,0.0,0.0,18,411.0,415.5,2,407.0,423.0,0.0,0.0,0.0,0.0,108
2023-05-09 21:40:40,OI311P8200,OI311P8200,407.0,0.0,0.0,0.0,12,411.0,415.5,2,407.0,423.0,0.0,0.0,0.0,0.0,108
2023-05-09 21:40:52,OI311P8200,OI311P8200,407.0,0.0,0.0,0.0,6,411.0,415.5,2,407.0,423.0,0.0,0.0,0.0,0.0,108
2023-05-09 21:40:56,OI311P8200,OI311P8200,407.0,0.0,0.0,0.0,18,410.5,415.5,2,407.0,423.0,0.0,0.0,0.0,0.0,108
2023-05-09 21:40:57,OI311P8200,OI311P8200,407.0,0.0,0.0,0.0,12,410.5,415.5,2,407.0,423.0,0.0,0.0,0.0,0.0,108
2023-05-09 21:41:28,OI311P8200,OI311P8200,407.0,0.0,0.0,0.0,18,410.5,415.5,2,407.0,423.0,0.0,0.0,0.0,0.0,108
2023-05-09 21:42:00,OI311P8200,OI311P8200,407.0,0.0,0.0,0.0,12,410.5,415.5,2,407.0,423.0,0.0,0.0,0.0,0.0,108
2023-05-09 21:42:02,OI311P8200,OI311P8200,407.0,0.0,0.0,0.0,12,410.5,415.5,8,407.0,423.0,0.0,0.0,0.0,0.0,108
2023-05-09 21:42:02,OI311P8200,OI311P8200,407.0,0.0,0.0,0.0,18,410.0,415.5,8,407.0,423.0,0.0,0.0,0.0,0.0,108
2023-05-09 21:42:03,OI311P8200,OI311P8200,407.0,0.0,0.0,0.0,12,410.0,415.5,8,407.0,423.0,0.0,0.0,0.0,0.0,108
2023-05-09 21:42:03,OI311P8200,OI311P8200,407.0,0.0,0.0,0.0,6,410.0,415.5,8,407.0,423.0,0.0,0.0,0.0,0.0,108
2023-05-09 21:42:06,OI311P8200,OI311P8200,407.0,0.0,0.0,0.0,6,410.0,415.5,2,407.0,423.0,0.0,0.0,0.0,0.0,108
2023-05-09 21:42:19,OI311P8200,OI311P8200,407.0,0.0,0.0,0.0,12,410.0,415.5,2,407.0,423.0,0.0,0.0,0.0,0.0,108
2023-05-09 21:42:39,OI311P8200,OI311P8200,407.0,0.0,0.0,0.0,12,410.0,415.5,8,407.0,423.0,0.0,0.0,0.0,0.0,108
2023-05-09 21:42:43,OI311P8200,OI311P8200,407.0,0.0,0.0,0.0,6,410.0,415.5,14,407.0,423.0,0.0,0.0,0.0,0.0,108
2023-05-09 21:42:43,OI311P8200,OI311P8200,407.0,0.0,0.0,0.0,8,409.5,414.5,6,407.0,423.0,0.0,0.0,0.0,0.0,108
2023-05-09 21:42:44,OI311P8200,OI311P8200,407.0,0.0,0.0,0.0,2,409.5,414.5,6,407.0,423.0,0.0,0.0,0.0,0.0,108
2023-05-09 21:42:46,OI311P8200,OI311P8200,407.0,0.0,0.0,0.0,2,409.5,414.5,12,407.0,423.0,0.0,0.0,0.0,0.0,108
2023-05-09 21:42:52,OI311P8200,OI311P8200,407.0,0.0,0.0,0.0,18,409.0,414.5,12,407.0,423.0,0.0,0.0,0.0,0.0,108
2023-05-09 21:42:52,OI311P8200,OI311P8200,407.0,0.0,0.0,0.0,12,409.0,414.5,12,407.0,423.0,0.0,0.0,0.0,0.0,108
2023-05-09 21:42:53,OI311P8200,OI311P8200,407.0,0.0,0.0,0.0,6,409.0,414.5,12,407.0,423.0,0.0,0.0,0.0,0.0,108
2023-05-09 21:42:54,OI311P8200,OI311P8200,407.0,0.0,0.0,0.0,6,409.0,413.5,2,407.0,423.0,0.0,0.0,0.0,0.0,108
2023-05-09 21:42:54,OI311P8200,OI311P8200,407.0,0.0,0.0,0.0,12,408.5,413.5,2,407.0,423.0,0.0,0.0,0.0,0.0,108
2023-05-09 21:42:55,OI311P8200,OI311P8200,407.0,0.0,0.0,0.0,24,408.0,413.5,2,407.0,423.0,0.0,0.0,0.0,0.0,108
2023-05-09 21:42:56,OI311P8200,OI311P8200,407.0,0.0,0.0,0.0,18,408.0,413.5,8,407.0,423.0,0.0,0.0,0.0,0.0,108
2023-05-09 21:42:56,OI311P8200,OI311P8200,407.0,0.0,0.0,0.0,12,408.0,413.5,8,407.0,423.0,0.0,0.0,0.0,0.0,108
2023-05-09 21:43:00,OI311P8200,OI311P8200,407.0,0.0,0.0,0.0,12,408.0,413.5,14,407.0,423.0,0.0,0.0,0.0,0.0,108
2023-05-09 21:43:00,OI311P8200,OI311P8200,407.0,0.0,0.0,0.0,6,408.0,413.5,14,407.0,423.0,0.0,0.0,0.0,0.0,108
2023-05-09 21:43:02,OI311P8200,OI311P8200,407.0,0.0,0.0,0.0,6,408.0,413.5,8,407.0,423.0,0.0,0.0,0.0,0.0,108
2023-05-09 21:43:04,OI311P8200,OI311P8200,407.0,0.0,0.0,0.0,6,408.0,413.5,14,407.0,423.0,0.0,0.0,0.0,0.0,108
2023-05-09 21:43:09,OI311P8200,OI311P8200,407.0,0.0,0.0,0.0,6,408.0,413.5,8,407.0,423.0,0.0,0.0,0.0,0.0,108
2023-05-09 21:43:16,OI311P8200,OI311P8200,407.0,0.0,0.0,0.0,6,408.0,413.5,2,407.0,423.0,0.0,0.0,0.0,0.0,108
2023-05-09 21:43:18,OI311P8200,OI311P8200,407.0,0.0,0.0,0.0,18,408.0,413.5,2,407.0,423.0,0.0,0.0,0.0,0.0,108
2023-05-09 21:43:19,OI311P8200,OI311P8200,407.0,0.0,0.0,0.0,6,409.0,413.5,2,407.0,423.0,0.0,0.0,0.0,0.0,108
2023-05-09 21:43:23,OI311P8200,OI311P8200,407.0,0.0,0.0,0.0,12,409.0,413.5,2,407.0,423.0,0.0,0.0,0.0,0.0,108
2023-05-09 21:43:25,OI311P8200,OI311P8200,407.0,0.0,0.0,0.0,6,409.5,413.5,2,407.0,423.0,0.0,0.0,0.0,0.0,108
2023-05-09 21:43:26,OI311P8200,OI311P8200,407.0,0.0,0.0,0.0,12,409.5,413.5,2,407.0,423.0,0.0,0.0,0.0,0.0,108
2023-05-09 21:43:29,OI311P8200,OI311P8200,407.0,0.0,0.0,0.0,12,409.5,414.0,12,407.0,423.0,0.0,0.0,0.0,0.0,108
2023-05-09 21:43:29,OI311P8200,OI311P8200,407.0,0.0,0.0,0.0,12,409.5,414.0,6,407.0,423.0,0.0,0.0,0.0,0.0,108
2023-05-09 21:43:30,OI311P8200,OI311P8200,407.0,0.0,0.0,0.0,18,409.5,414.5,6,407.0,423.0,0.0,0.0,0.0,0.0,108
2023-05-09 21:43:31,OI311P8200,OI311P8200,407.0,0.0,0.0,0.0,18,409.5,415.5,2,407.0,423.0,0.0,0.0,0.0,0.0,108
2023-05-09 21:43:31,OI311P8200,OI311P8200,407.0,0.0,0.0,0.0,20,409.5,415.0,6,407.0,423.0,0.0,0.0,0.0,0.0,108
2023-05-09 21:43:32,OI311P8200,OI311P8200,407.0,0.0,0.0,0.0,20,409.5,415.5,2,407.0,423.0,0.0,0.0,0.0,0.0,108
2023-05-09 21:43:32,OI311P8200,OI311P8200,407.0,0.0,0.0,0.0,20,409.5,415.5,8,407.0,423.0,0.0,0.0,0.0,0.0,108
2023-05-09 21:43:33,OI311P8200,OI311P8200,407.0,0.0,0.0,0.0,20,409.5,415.5,2,407.0,423.0,0.0,0.0,0.0,0.0,108
2023-05-09 21:43:40,OI311P8200,OI311P8200,407.0,0.0,0.0,0.0,14,409.5,415.5,2,407.0,423.0,0.0,0.0,0.0,0.0,108
2023-05-09 21:43:44,OI311P8200,OI311P8200,407.0,0.0,0.0,0.0,14,409.5,415.5,8,407.0,423.0,0.0,0.0,0.0,0.0,108
2023-05-09 21:43:45,OI311P8200,OI311P8200,407.0,0.0,0.0,0.0,14,409.5,415.5,2,407.0,423.0,0.0,0.0,0.0,0.0,108
2023-05-09 21:43:48,OI311P8200,OI311P8200,407.0,0.0,0.0,0.0,14,409.5,415.5,8,407.0,423.0,0.0,0.0,0.0,0.0,108
2023-05-09 21:43:49,OI311P8200,OI311P8200,407.0,0.0,0.0,0.0,14,409.5,415.5,2,407.0,423.0,0.0,0.0,0.0,0.0,108
2023-05-09 21:43:52,OI311P8200,OI311P8200,407.0,0.0,0.0,0.0,14,409.5,415.5,8,407.0,423.0,0.0,0.0,0.0,0.0,108
2023-05-09 21:44:02,OI311P8200,OI311P8200,407.0,0.0,0.0,0.0,8,409.5,414.5,6,407.0,423.0,0.0,0.0,0.0,0.0,108
2023-05-09 21:44:04,OI311P8200,OI311P8200,407.0,0.0,0.0,0.0,8,409.5,414.5,12,407.0,423.0,0.0,0.0,0.0,0.0,108
2023-05-09 21:44:12,OI311P8200,OI311P8200,407.0,0.0,0.0,0.0,8,409.5,414.5,18,407.0,423.0,0.0,0.0,0.0,0.0,108
2023-05-09 21:44:12,OI311P8200,OI311P8200,407.0,0.0,0.0,0.0,12,409.0,414.5,18,407.0,423.0,0.0,0.0,0.0,0.0,108
2023-05-09 21:44:13,OI311P8200,OI311P8200,407.0,0.0,0.0,0.0,6,409.0,414.5,18,407.0,423.0,0.0,0.0,0.0,0.0,108
2023-05-09 21:44:13,OI311P8200,OI311P8200,407.0,0.0,0.0,0.0,6,408.5,414.5,12,407.0,423.0,0.0,0.0,0.0,0.0,108
2023-05-09 21:44:14,OI311P8200,OI311P8200,407.0,0.0,0.0,0.0,6,408.5,414.5,6,407.0,423.0,0.0,0.0,0.0,0.0,108
2023-05-09 21:44:14,OI311P8200,OI311P8200,407.0,0.0,0.0,0.0,12,408.0,414.5,6,407.0,423.0,0.0,0.0,0.0,0.0,108
2023-05-09 21:44:15,OI311P8200,OI311P8200,407.0,0.0,0.0,0.0,18,408.0,414.5,6,407.0,423.0,0.0,0.0,0.0,0.0,108
2023-05-09 21:44:15,OI311P8200,OI311P8200,407.0,0.0,0.0,0.0,12,408.0,414.5,6,407.0,423.0,0.0,0.0,0.0,0.0,108
2023-05-09 21:44:19,OI311P8200,OI311P8200,407.0,0.0,0.0,0.0,6,409.5,414.5,6,407.0,423.0,0.0,0.0,0.0,0.0,108
2023-05-09 21:44:21,OI311P8200,OI311P8200,407.0,0.0,0.0,0.0,6,409.5,415.0,24,407.0,423.0,0.0,0.0,0.0,0.0,108
2023-05-09 21:44:21,OI311P8200,OI311P8200,407.0,0.0,0.0,0.0,6,409.5,415.0,12,407.0,423.0,0.0,0.0,0.0,0.0,108
2023-05-09 21:44:22,OI311P8200,OI311P8200,407.0,0.0,0.0,0.0,6,409.5,415.0,6,407.0,423.0,0.0,0.0,0.0,0.0,108
2023-05-09 21:44:22,OI311P8200,OI311P8200,407.0,0.0,0.0,0.0,12,409.5,415.5,26,407.0,423.0,0.0,0.0,0.0,0.0,108
2023-05-09 21:44:23,OI311P8200,OI311P8200,407.0,0.0,0.0,0.0,12,409.5,415.5,20,407.0,423.0,0.0,0.0,0.0,0.0,108
2023-05-09 21:44:23,OI311P8200,OI311P8200,407.0,0.0,0.0,0.0,12,409.5,415.5,14,407.0,423.0,0.0,0.0,0.0,0.0,108
2023-05-09 21:44:28,OI311P8200,OI311P8200,407.0,0.0,0.0,0.0,18,409.5,415.5,14,407.0,423.0,0.0,0.0,0.0,0.0,108
2023-05-09 21:44:29,OI311P8200,OI311P8200,407.0,0.0,0.0,0.0,26,409.5,415.5,8,407.0,423.0,0.0,0.0,0.0,0.0,108
2023-05-09 21:44:29,OI311P8200,OI311P8200,407.0,0.0,0.0,0.0,32,409.5,415.5,2,407.0,423.0,0.0,0.0,0.0,0.0,108
2023-05-09 21:44:38,OI311P8200,OI311P8200,407.0,0.0,0.0,0.0,32,409.5,415.5,8,407.0,423.0,0.0,0.0,0.0,0.0,108
2023-05-09 21:44:39,OI311P8200,OI311P8200,407.0,0.0,0.0,0.0,32,409.5,415.5,2,407.0,423.0,0.0,0.0,0.0,0.0,108
2023-05-09 21:44:40,OI311P8200,OI311P8200,407.0,0.0,0.0,0.0,26,409.5,415.5,2,407.0,423.0,0.0,0.0,0.0,0.0,108
2023-05-09 21:44:42,OI311P8200,OI311P8200,407.0,0.0,0.0,0.0,26,409.5,415.5,8,407.0,423.0,0.0,0.0,0.0,0.0,108
2023-05-09 21:44:56,OI311P8200,OI311P8200,407.0,0.0,0.0,0.0,26,409.5,415.5,2,407.0,423.0,0.0,0.0,0.0,0.0,108
2023-05-09 21:45:00,OI311P8200,OI311P8200,407.0,0.0,0.0,0.0,26,409.5,415.5,8,407.0,423.0,0.0,0.0,0.0,0.0,108
2023-05-09 21:45:00,OI311P8200,OI311P8200,407.0,0.0,0.0,0.0,20,409.5,415.5,8,407.0,423.0,0.0,0.0,0.0,0.0,108
2023-05-09 21:45:01,OI311P8200,OI311P8200,407.0,0.0,0.0,0.0,14,409.5,415.5,14,407.0,423.0,0.0,0.0,0.0,0.0,108
2023-05-09 21:45:06,OI311P8200,OI311P8200,407.0,0.0,0.0,0.0,14,409.5,415.5,20,407.0,423.0,0.0,0.0,0.0,0.0,108
2023-05-09 21:45:06,OI311P8200,OI311P8200,407.0,0.0,0.0,0.0,6,411.0,415.5,20,407.0,423.0,0.0,0.0,0.0,0.0,108
2023-05-09 21:45:07,OI311P8200,OI311P8200,407.0,0.0,0.0,0.0,6,411.0,415.5,14,407.0,423.0,0.0,0.0,0.0,0.0,108
2023-05-09 21:45:08,OI311P8200,OI311P8200,407.0,0.0,0.0,0.0,12,411.0,415.5,14,407.0,423.0,0.0,0.0,0.0,0.0,108
2023-05-09 21:45:10,OI311P8200,OI311P8200,407.0,0.0,0.0,0.0,6,411.0,415.5,14,407.0,423.0,0.0,0.0,0.0,0.0,108
2023-05-09 21:45:10,OI311P8200,OI311P8200,407.0,0.0,0.0,0.0,12,410.5,415.5,20,407.0,423.0,0.0,0.0,0.0,0.0,108
2023-05-09 21:45:11,OI311P8200,OI311P8200,407.0,0.0,0.0,0.0,12,410.5,415.5,14,407.0,423.0,0.0,0.0,0.0,0.0,108
2023-05-09 21:45:11,OI311P8200,OI311P8200,407.0,0.0,0.0,0.0,24,410.0,415.5,14,407.0,423.0,0.0,0.0,0.0,0.0,108
2023-05-09 21:45:12,OI311P8200,OI311P8200,407.0,0.0,0.0,0.0,18,410.0,415.5,14,407.0,423.0,0.0,0.0,0.0,0.0,108
2023-05-09 21:45:12,OI311P8200,OI311P8200,407.0,0.0,0.0,0.0,12,410.0,415.5,14,407.0,423.0,0.0,0.0,0.0,0.0,108
2023-05-09 21:45:15,OI311P8200,OI311P8200,407.0,0.0,0.0,0.0,12,410.0,415.5,8,407.0,423.0,0.0,0.0,0.0,0.0,108
2023-05-09 21:45:16,OI311P8200,OI311P8200,407.0,0.0,0.0,0.0,18,410.0,415.5,2,407.0,423.0,0.0,0.0,0.0,0.0,108
2023-05-09 21:45:17,OI311P8200,OI311P8200,407.0,0.0,0.0,0.0,12,411.0,415.5,2,407.0,423.0,0.0,0.0,0.0,0.0,108
2023-05-09 21:45:27,OI311P8200,OI311P8200,407.0,0.0,0.0,0.0,12,411.0,416.0,12,407.0,423.0,0.0,0.0,0.0,0.0,108
2023-05-09 21:45:27,OI311P8200,OI311P8200,407.0,0.0,0.0,0.0,12,411.5,416.0,6,407.0,423.0,0.0,0.0,0.0,0.0,108
2023-05-09 21:45:28,OI311P8200,OI311P8200,407.0,0.0,0.0,0.0,12,411.5,416.5,6,407.0,423.0,0.0,0.0,0.0,0.0,108
2023-05-09 21:45:29,OI311P8200,OI311P8200,407.0,0.0,0.0,0.0,14,411.5,417.5,12,407.0,423.0,0.0,0.0,0.0,0.0,108
2023-05-09 21:45:29,OI311P8200,OI311P8200,407.0,0.0,0.0,0.0,20,411.5,417.0,6,407.0,423.0,0.0,0.0,0.0,0.0,108
2023-05-09 21:45:30,OI311P8200,OI311P8200,407.0,0.0,0.0,0.0,26,411.5,418.0,6,407.0,423.0,0.0,0.0,0.0,0.0,108
2023-05-09 21:45:30,OI311P8200,OI311P8200,407.0,0.0,0.0,0.0,6,413.0,417.5,6,407.0,423.0,0.0,0.0,0.0,0.0,108
2023-05-09 21:45:31,OI311P8200,OI311P8200,407.0,0.0,0.0,0.0,6,413.0,419.0,6,407.0,423.0,0.0,0.0,0.0,0.0,108
2023-05-09 21:45:31,OI311P8200,OI311P8200,407.0,0.0,0.0,0.0,6,413.0,418.0,6,407.0,423.0,0.0,0.0,0.0,0.0,108
2023-05-09 21:45:32,OI311P8200,OI311P8200,407.0,0.0,0.0,0.0,6,413.0,419.0,6,407.0,423.0,0.0,0.0,0.0,0.0,108
2023-05-09 21:45:32,OI311P8200,OI311P8200,407.0,0.0,0.0,0.0,12,413.0,418.5,6,407.0,423.0,0.0,0.0,0.0,0.0,108
2023-05-09 21:45:32,OI311P8200,OI311P8200,407.0,0.0,0.0,0.0,6,413.0,419.0,6,407.0,423.0,0.0,0.0,0.0,0.0,108
2023-05-09 21:45:32,OI311P8200,OI311P8200,407.0,0.0,0.0,0.0,12,413.0,418.5,6,407.0,423.0,0.0,0.0,0.0,0.0,108
2023-05-09 21:45:33,OI311P8200,OI311P8200,407.0,0.0,0.0,0.0,12,413.0,419.5,18,407.0,423.0,0.0,0.0,0.0,0.0,108
2023-05-09 21:45:33,OI311P8200,OI311P8200,407.0,0.0,0.0,0.0,12,413.0,419.0,6,407.0,423.0,0.0,0.0,0.0,0.0,108
2023-05-09 21:45:34,OI311P8200,OI311P8200,407.0,0.0,0.0,0.0,12,413.0,419.5,18,407.0,423.0,0.0,0.0,0.0,0.0,108
2023-05-09 21:45:34,OI311P8200,OI311P8200,407.0,0.0,0.0,0.0,12,413.0,419.5,24,407.0,423.0,0.0,0.0,0.0,0.0,108
2023-05-09 21:45:35,OI311P8200,OI311P8200,407.0,0.0,0.0,0.0,12,413.0,419.5,18,407.0,423.0,0.0,0.0,0.0,0.0,108
2023-05-09 21:45:37,OI311P8200,OI311P8200,407.0,0.0,0.0,0.0,2,413.5,419.5,6,407.0,423.0,0.0,0.0,0.0,0.0,108
2023-05-09 21:45:38,OI311P8200,OI311P8200,407.0,0.0,0.0,0.0,2,413.5,419.5,12,407.0,423.0,0.0,0.0,0.0,0.0,108
2023-05-09 21:45:41,OI311P8200,OI311P8200,407.0,0.0,0.0,0.0,2,413.5,419.0,6,407.0,423.0,0.0,0.0,0.0,0.0,108
2023-05-09 21:45:42,OI311P8200,OI311P8200,407.0,0.0,0.0,0.0,2,413.5,419.0,12,407.0,423.0,0.0,0.0,0.0,0.0,108
2023-05-09 21:45:42,OI311P8200,OI311P8200,407.0,0.0,0.0,0.0,2,413.5,419.0,6,407.0,423.0,0.0,0.0,0.0,0.0,108
2023-05-09 21:45:47,OI311P8200,OI311P8200,407.0,0.0,0.0,0.0,2,413.5,418.5,2,407.0,423.0,0.0,0.0,0.0,0.0,108
2023-05-09 21:45:47,OI311P8200,OI311P8200,407.0,0.0,0.0,0.0,2,413.5,418.5,8,407.0,423.0,0.0,0.0,0.0,0.0,108
2023-05-09 21:45:48,OI311P8200,OI311P8200,407.0,0.0,0.0,0.0,2,413.5,418.5,14,407.0,423.0,0.0,0.0,0.0,0.0,108
2023-05-09 21:45:51,OI311P8200,OI311P8200,407.0,0.0,0.0,0.0,6,413.0,418.5,14,407.0,423.0,0.0,0.0,0.0,0.0,108
2023-05-09 21:45:52,OI311P8200,OI311P8200,407.0,0.0,0.0,0.0,12,412.0,417.5,6,407.0,423.0,0.0,0.0,0.0,0.0,108
2023-05-09 21:45:53,OI311P8200,OI311P8200,407.0,0.0,0.0,0.0,6,412.5,417.5,6,407.0,423.0,0.0,0.0,0.0,0.0,108
2023-05-09 21:45:53,OI311P8200,OI311P8200,407.0,0.0,0.0,0.0,12,412.0,417.5,6,407.0,423.0,0.0,0.0,0.0,0.0,108
2023-05-09 21:45:54,OI311P8200,OI311P8200,407.0,0.0,0.0,0.0,18,412.0,417.5,6,407.0,423.0,0.0,0.0,0.0,0.0,108
2023-05-09 21:45:54,OI311P8200,OI311P8200,407.0,0.0,0.0,0.0,6,412.0,417.5,18,407.0,423.0,0.0,0.0,0.0,0.0,108
2023-05-09 21:46:07,OI311P8200,OI311P8200,407.0,0.0,0.0,0.0,26,411.5,417.5,18,407.0,423.0,0.0,0.0,0.0,0.0,108
2023-05-09 21:46:08,OI311P8200,OI311P8200,407.0,0.0,0.0,0.0,8,411.5,417.5,18,407.0,423.0,0.0,0.0,0.0,0.0,108
2023-05-09 21:46:08,OI311P8200,OI311P8200,407.0,0.0,0.0,0.0,2,411.5,417.5,18,407.0,423.0,0.0,0.0,0.0,0.0,108
2023-05-09 21:46:08,OI311P8200,OI311P8200,407.0,0.0,0.0,0.0,2,411.5,417.5,12,407.0,423.0,0.0,0.0,0.0,0.0,108
2023-05-09 21:46:10,OI311P8200,OI311P8200,407.0,0.0,0.0,0.0,2,411.5,417.5,18,407.0,423.0,0.0,0.0,0.0,0.0,108
2023-05-09 21:46:15,OI311P8200,OI311P8200,407.0,0.0,0.0,0.0,6,412.5,417.5,18,407.0,423.0,0.0,0.0,0.0,0.0,108
2023-05-09 21:46:16,OI311P8200,OI311P8200,407.0,0.0,0.0,0.0,6,412.5,417.5,12,407.0,423.0,0.0,0.0,0.0,0.0,108
2023-05-09 21:46:23,OI311P8200,OI311P8200,407.0,0.0,0.0,0.0,12,412.5,417.5,12,407.0,423.0,0.0,0.0,0.0,0.0,108
2023-05-09 21:46:25,OI311P8200,OI311P8200,407.0,0.0,0.0,0.0,12,412.5,417.5,6,407.0,423.0,0.0,0.0,0.0,0.0,108
2023-05-09 21:46:26,OI311P8200,OI311P8200,407.0,0.0,0.0,0.0,18,412.5,418.0,6,407.0,423.0,0.0,0.0,0.0,0.0,108
2023-05-09 21:46:27,OI311P8200,OI311P8200,407.0,0.0,0.0,0.0,18,412.5,418.5,14,407.0,423.0,0.0,0.0,0.0,0.0,108
2023-05-09 21:46:27,OI311P8200,OI311P8200,407.0,0.0,0.0,0.0,18,412.5,418.5,20,407.0,423.0,0.0,0.0,0.0,0.0,108
2023-05-09 21:46:28,OI311P8200,OI311P8200,407.0,0.0,0.0,0.0,18,412.5,418.5,14,407.0,423.0,0.0,0.0,0.0,0.0,108
2023-05-09 21:46:29,OI311P8200,OI311P8200,407.0,0.0,0.0,0.0,18,412.5,418.5,8,407.0,423.0,0.0,0.0,0.0,0.0,108
2023-05-09 21:46:29,OI311P8200,OI311P8200,407.0,0.0,0.0,0.0,12,413.5,418.5,2,407.0,423.0,0.0,0.0,0.0,0.0,108
2023-05-09 21:46:32,OI311P8200,OI311P8200,407.0,0.0,0.0,0.0,18,413.5,418.5,2,407.0,423.0,0.0,0.0,0.0,0.0,108
2023-05-09 21:46:33,OI311P8200,OI311P8200,407.0,0.0,0.0,0.0,6,414.0,418.5,2,407.0,423.0,0.0,0.0,0.0,0.0,108
2023-05-09 21:46:37,OI311P8200,OI311P8200,407.0,0.0,0.0,0.0,18,413.5,418.5,8,407.0,423.0,0.0,0.0,0.0,0.0,108
2023-05-09 21:46:37,OI311P8200,OI311P8200,407.0,0.0,0.0,0.0,18,413.5,418.5,2,407.0,423.0,0.0,0.0,0.0,0.0,108
2023-05-09 21:46:38,OI311P8200,OI311P8200,407.0,0.0,0.0,0.0,12,413.5,418.5,2,407.0,423.0,0.0,0.0,0.0,0.0,108
2023-05-09 21:46:40,OI311P8200,OI311P8200,407.0,0.0,0.0,0.0,6,414.5,418.5,2,407.0,423.0,0.0,0.0,0.0,0.0,108
2023-05-09 21:46:40,OI311P8200,OI311P8200,407.0,0.0,0.0,0.0,12,414.5,418.5,2,407.0,423.0,0.0,0.0,0.0,0.0,108
2023-05-09 21:46:41,OI311P8200,OI311P8200,407.0,0.0,0.0,0.0,12,414.5,419.0,6,407.0,423.0,0.0,0.0,0.0,0.0,108
2023-05-09 21:46:41,OI311P8200,OI311P8200,407.0,0.0,0.0,0.0,24,414.5,419.0,6,407.0,423.0,0.0,0.0,0.0,0.0,108
2023-05-09 21:46:42,OI311P8200,OI311P8200,407.0,0.0,0.0,0.0,12,415.5,420.5,2,407.0,423.0,0.0,0.0,0.0,0.0,108
2023-05-09 21:46:42,OI311P8200,OI311P8200,407.0,0.0,0.0,0.0,12,415.5,419.5,6,407.0,423.0,0.0,0.0,0.0,0.0,108
2023-05-09 21:46:43,OI311P8200,OI311P8200,407.0,0.0,0.0,0.0,12,415.5,420.5,2,407.0,423.0,0.0,0.0,0.0,0.0,108
2023-05-09 21:46:43,OI311P8200,OI311P8200,407.0,0.0,0.0,0.0,6,415.5,420.0,6,407.0,423.0,0.0,0.0,0.0,0.0,108
2023-05-09 21:46:44,OI311P8200,OI311P8200,407.0,0.0,0.0,0.0,12,415.0,420.5,8,407.0,423.0,0.0,0.0,0.0,0.0,108
2023-05-09 21:46:44,OI311P8200,OI311P8200,407.0,0.0,0.0,0.0,12,415.0,420.5,14,407.0,423.0,0.0,0.0,0.0,0.0,108
2023-05-09 21:46:45,OI311P8200,OI311P8200,407.0,0.0,0.0,0.0,30,414.5,420.5,8,407.0,423.0,0.0,0.0,0.0,0.0,108
2023-05-09 21:46:45,OI311P8200,OI311P8200,407.0,0.0,0.0,0.0,24,414.5,420.5,8,407.0,423.0,0.0,0.0,0.0,0.0,108
2023-05-09 21:46:48,OI311P8200,OI311P8200,407.0,0.0,0.0,0.0,18,414.5,420.5,14,407.0,423.0,0.0,0.0,0.0,0.0,108
2023-05-09 21:46:48,OI311P8200,OI311P8200,407.0,0.0,0.0,0.0,18,414.5,420.5,8,407.0,423.0,0.0,0.0,0.0,0.0,108
2023-05-09 21:46:50,OI311P8200,OI311P8200,407.0,0.0,0.0,0.0,18,414.5,420.5,14,407.0,423.0,0.0,0.0,0.0,0.0,108
2023-05-09 21:47:00,OI311P8200,OI311P8200,407.0,0.0,0.0,0.0,12,414.5,420.5,8,407.0,423.0,0.0,0.0,0.0,0.0,108
2023-05-09 21:47:01,OI311P8200,OI311P8200,407.0,0.0,0.0,0.0,12,414.0,420.5,14,407.0,423.0,0.0,0.0,0.0,0.0,108
2023-05-09 21:47:01,OI311P8200,OI311P8200,407.0,0.0,0.0,0.0,6,414.0,420.5,14,407.0,423.0,0.0,0.0,0.0,0.0,108
2023-05-09 21:47:02,OI311P8200,OI311P8200,407.0,0.0,0.0,0.0,30,413.5,420.5,14,407.0,423.0,0.0,0.0,0.0,0.0,108
2023-05-09 21:47:03,OI311P8200,OI311P8200,407.0,0.0,0.0,0.0,24,413.5,420.5,14,407.0,423.0,0.0,0.0,0.0,0.0,108
2023-05-09 21:47:04,OI311P8200,OI311P8200,407.0,0.0,0.0,0.0,18,413.5,420.5,20,407.0,423.0,0.0,0.0,0.0,0.0,108
2023-05-09 21:47:07,OI311P8200,OI311P8200,407.0,0.0,0.0,0.0,12,413.5,420.5,26,407.0,423.0,0.0,0.0,0.0,0.0,108
2023-05-09 21:47:36,OI311P8200,OI311P8200,407.0,0.0,0.0,0.0,6,413.5,418.5,8,407.0,423.0,0.0,0.0,0.0,0.0,108
2023-05-09 21:47:37,OI311P8200,OI311P8200,407.0,0.0,0.0,0.0,6,413.0,418.5,8,407.0,423.0,0.0,0.0,0.0,0.0,108
2023-05-09 21:47:37,OI311P8200,OI311P8200,407.0,0.0,0.0,0.0,6,413.0,418.5,14,407.0,423.0,0.0,0.0,0.0,0.0,108
2023-05-09 21:47:38,OI311P8200,OI311P8200,407.0,0.0,0.0,0.0,6,412.5,418.5,14,407.0,423.0,0.0,0.0,0.0,0.0,108
2023-05-09 21:47:38,OI311P8200,OI311P8200,407.0,0.0,0.0,0.0,12,412.5,418.5,14,407.0,423.0,0.0,0.0,0.0,0.0,108
2023-05-09 21:47:38,OI311P8200,OI311P8200,407.0,0.0,0.0,0.0,6,412.5,418.5,14,407.0,423.0,0.0,0.0,0.0,0.0,108
2023-05-09 21:47:47,OI311P8200,OI311P8200,407.0,0.0,0.0,0.0,12,412.5,418.5,14,407.0,423.0,0.0,0.0,0.0,0.0,108
2023-05-09 21:47:47,OI311P8200,OI311P8200,407.0,0.0,0.0,0.0,6,412.5,418.5,14,407.0,423.0,0.0,0.0,0.0,0.0,108
2023-05-09 21:47:52,OI311P8200,OI311P8200,407.0,0.0,0.0,0.0,6,412.5,418.5,20,407.0,423.0,0.0,0.0,0.0,0.0,108
2023-05-09 21:47:54,OI311P8200,OI311P8200,407.0,0.0,0.0,0.0,6,412.5,418.5,14,407.0,423.0,0.0,0.0,0.0,0.0,108
2023-05-09 21:47:55,OI311P8200,OI311P8200,407.0,0.0,0.0,0.0,18,412.0,418.5,14,407.0,423.0,0.0,0.0,0.0,0.0,108
2023-05-09 21:47:55,OI311P8200,OI311P8200,407.0,0.0,0.0,0.0,12,412.0,418.5,14,407.0,423.0,0.0,0.0,0.0,0.0,108
2023-05-09 21:47:56,OI311P8200,OI311P8200,407.0,0.0,0.0,0.0,26,411.5,418.5,14,407.0,423.0,0.0,0.0,0.0,0.0,108
2023-05-09 21:47:56,OI311P8200,OI311P8200,407.0,0.0,0.0,0.0,20,411.5,418.5,14,407.0,423.0,0.0,0.0,0.0,0.0,108
2023-05-09 21:47:56,OI311P8200,OI311P8200,407.0,0.0,0.0,0.0,14,411.5,418.5,14,407.0,423.0,0.0,0.0,0.0,0.0,108
2023-05-09 21:48:00,OI311P8200,OI311P8200,407.0,0.0,0.0,0.0,12,413.0,418.5,14,407.0,423.0,0.0,0.0,0.0,0.0,108
2023-05-09 21:48:02,OI311P8200,OI311P8200,407.0,0.0,0.0,0.0,12,413.0,418.5,20,407.0,423.0,0.0,0.0,0.0,0.0,108
2023-05-09 21:48:08,OI311P8200,OI311P8200,407.0,0.0,0.0,0.0,12,413.0,418.5,14,407.0,423.0,0.0,0.0,0.0,0.0,108
2023-05-09 21:48:14,OI311P8200,OI311P8200,407.0,0.0,0.0,0.0,12,413.0,418.5,8,407.0,423.0,0.0,0.0,0.0,0.0,108
2023-05-09 21:48:24,OI311P8200,OI311P8200,407.0,0.0,0.0,0.0,12,413.0,418.5,2,407.0,423.0,0.0,0.0,0.0,0.0,108
2023-05-09 21:48:29,OI311P8200,OI311P8200,407.0,0.0,0.0,0.0,18,413.0,418.5,2,407.0,423.0,0.0,0.0,0.0,0.0,108
2023-05-09 21:48:41,OI311P8200,OI311P8200,407.0,0.0,0.0,0.0,12,413.0,418.5,2,407.0,423.0,0.0,0.0,0.0,0.0,108
2023-05-09 21:48:42,OI311P8200,OI311P8200,407.0,0.0,0.0,0.0,6,413.0,418.5,2,407.0,423.0,0.0,0.0,0.0,0.0,108
2023-05-09 21:48:42,OI311P8200,OI311P8200,407.0,0.0,0.0,0.0,18,412.5,418.5,8,407.0,423.0,0.0,0.0,0.0,0.0,108
2023-05-09 21:48:43,OI311P8200,OI311P8200,407.0,0.0,0.0,0.0,12,412.5,418.5,14,407.0,423.0,0.0,0.0,0.0,0.0,108
2023-05-09 21:48:43,OI311P8200,OI311P8200,407.0,0.0,0.0,0.0,30,412.0,418.5,14,407.0,423.0,0.0,0.0,0.0,0.0,108
2023-05-09 21:48:43,OI311P8200,OI311P8200,407.0,0.0,0.0,0.0,24,412.0,418.5,14,407.0,423.0,0.0,0.0,0.0,0.0,108
2023-05-09 21:48:44,OI311P8200,OI311P8200,407.0,0.0,0.0,0.0,18,412.0,418.5,8,407.0,423.0,0.0,0.0,0.0,0.0,108
2023-05-09 21:48:46,OI311P8200,OI311P8200,407.0,0.0,0.0,0.0,18,412.0,417.5,6,407.0,423.0,0.0,0.0,0.0,0.0,108
2023-05-09 21:48:46,OI311P8200,OI311P8200,407.0,0.0,0.0,0.0,18,412.0,417.5,12,407.0,423.0,0.0,0.0,0.0,0.0,108
2023-05-09 21:48:47,OI311P8200,OI311P8200,407.0,0.0,0.0,0.0,18,412.0,417.5,6,407.0,423.0,0.0,0.0,0.0,0.0,108
2023-05-09 21:48:54,OI311P8200,OI311P8200,407.0,0.0,0.0,0.0,18,412.0,418.0,6,407.0,423.0,0.0,0.0,0.0,0.0,108
2023-05-09 21:48:55,OI311P8200,OI311P8200,407.0,0.0,0.0,0.0,18,412.0,418.5,14,407.0,423.0,0.0,0.0,0.0,0.0,108
2023-05-09 21:48:55,OI311P8200,OI311P8200,407.0,0.0,0.0,0.0,18,412.0,418.5,20,407.0,423.0,0.0,0.0,0.0,0.0,108
2023-05-09 21:48:56,OI311P8200,OI311P8200,407.0,0.0,0.0,0.0,18,412.0,418.5,14,407.0,423.0,0.0,0.0,0.0,0.0,108
2023-05-09 21:48:58,OI311P8200,OI311P8200,407.0,0.0,0.0,0.0,18,412.0,418.5,8,407.0,423.0,0.0,0.0,0.0,0.0,108
2023-05-09 21:49:04,OI311P8200,OI311P8200,407.0,0.0,0.0,0.0,18,412.0,418.5,14,407.0,423.0,0.0,0.0,0.0,0.0,108
2023-05-09 21:49:05,OI311P8200,OI311P8200,407.0,0.0,0.0,0.0,18,412.0,418.5,8,407.0,423.0,0.0,0.0,0.0,0.0,108
2023-05-09 21:49:08,OI311P8200,OI311P8200,407.0,0.0,0.0,0.0,12,413.0,418.5,8,407.0,423.0,0.0,0.0,0.0,0.0,108
2023-05-09 21:49:21,OI311P8200,OI311P8200,407.0,0.0,0.0,0.0,6,413.0,418.5,8,407.0,423.0,0.0,0.0,0.0,0.0,108
2023-05-09 21:49:22,OI311P8200,OI311P8200,407.0,0.0,0.0,0.0,12,412.5,418.5,8,407.0,423.0,0.0,0.0,0.0,0.0,108
2023-05-09 21:49:22,OI311P8200,OI311P8200,407.0,0.0,0.0,0.0,12,412.5,418.5,14,407.0,423.0,0.0,0.0,0.0,0.0,108
2023-05-09 21:49:23,OI311P8200,OI311P8200,407.0,0.0,0.0,0.0,30,412.0,418.5,14,407.0,423.0,0.0,0.0,0.0,0.0,108
2023-05-09 21:49:23,OI311P8200,OI311P8200,407.0,0.0,0.0,0.0,24,412.0,418.5,14,407.0,423.0,0.0,0.0,0.0,0.0,108
2023-05-09 21:49:24,OI311P8200,OI311P8200,407.0,0.0,0.0,0.0,18,412.0,418.5,14,407.0,423.0,0.0,0.0,0.0,0.0,108
2023-05-09 21:49:25,OI311P8200,OI311P8200,407.0,0.0,0.0,0.0,18,412.0,418.5,8,407.0,423.0,0.0,0.0,0.0,0.0,108
2023-05-09 21:49:28,OI311P8200,OI311P8200,407.0,0.0,0.0,0.0,12,412.0,418.5,14,407.0,423.0,0.0,0.0,0.0,0.0,108
2023-05-09 21:49:30,OI311P8200,OI311P8200,407.0,0.0,0.0,0.0,12,412.0,417.5,18,407.0,423.0,0.0,0.0,0.0,0.0,108
2023-05-09 21:49:32,OI311P8200,OI311P8200,407.0,0.0,0.0,0.0,12,412.0,417.5,12,407.0,423.0,0.0,0.0,0.0,0.0,108
2023-05-09 21:49:34,OI311P8200,OI311P8200,407.0,0.0,0.0,0.0,12,412.0,417.5,6,407.0,423.0,0.0,0.0,0.0,0.0,108
2023-05-09 21:49:35,OI311P8200,OI311P8200,407.0,0.0,0.0,0.0,12,412.0,418.0,12,407.0,423.0,0.0,0.0,0.0,0.0,108
2023-05-09 21:49:35,OI311P8200,OI311P8200,407.0,0.0,0.0,0.0,12,412.0,418.0,6,407.0,423.0,0.0,0.0,0.0,0.0,108
2023-05-09 21:49:36,OI311P8200,OI311P8200,407.0,0.0,0.0,0.0,12,412.0,418.5,14,407.0,423.0,0.0,0.0,0.0,0.0,108
2023-05-09 21:49:37,OI311P8200,OI311P8200,407.0,0.0,0.0,0.0,12,412.0,418.5,8,407.0,423.0,0.0,0.0,0.0,0.0,108
2023-05-09 21:49:38,OI311P8200,OI311P8200,407.0,0.0,0.0,0.0,6,413.5,418.5,8,407.0,423.0,0.0,0.0,0.0,0.0,108
2023-05-09 21:49:38,OI311P8200,OI311P8200,407.0,0.0,0.0,0.0,12,413.5,418.5,2,407.0,423.0,0.0,0.0,0.0,0.0,108
2023-05-09 21:49:42,OI311P8200,OI311P8200,407.0,0.0,0.0,0.0,18,413.5,418.5,2,407.0,423.0,0.0,0.0,0.0,0.0,108
2023-05-09 21:49:49,OI311P8200,OI311P8200,407.0,0.0,0.0,0.0,12,413.5,418.5,2,407.0,423.0,0.0,0.0,0.0,0.0,108
2023-05-09 21:50:09,OI311P8200,OI311P8200,407.0,0.0,0.0,0.0,6,413.5,418.5,8,407.0,423.0,0.0,0.0,0.0,0.0,108
2023-05-09 21:50:10,OI311P8200,OI311P8200,407.0,0.0,0.0,0.0,6,413.0,418.5,8,407.0,423.0,0.0,0.0,0.0,0.0,108
2023-05-09 21:50:11,OI311P8200,OI311P8200,407.0,0.0,0.0,0.0,12,412.5,417.5,6,407.0,423.0,0.0,0.0,0.0,0.0,108
2023-05-09 21:50:11,OI311P8200,OI311P8200,407.0,0.0,0.0,0.0,12,412.5,417.5,12,407.0,423.0,0.0,0.0,0.0,0.0,108
2023-05-09 21:50:12,OI311P8200,OI311P8200,407.0,0.0,0.0,0.0,18,412.0,417.5,12,407.0,423.0,0.0,0.0,0.0,0.0,108
2023-05-09 21:50:12,OI311P8200,OI311P8200,407.0,0.0,0.0,0.0,6,412.0,416.5,2,407.0,423.0,0.0,0.0,0.0,0.0,108
2023-05-09 21:50:13,OI311P8200,OI311P8200,407.0,0.0,0.0,0.0,8,411.5,416.5,2,407.0,423.0,0.0,0.0,0.0,0.0,108
2023-05-09 21:50:13,OI311P8200,OI311P8200,407.0,0.0,0.0,0.0,2,411.5,416.5,2,407.0,423.0,0.0,0.0,0.0,0.0,108
2023-05-09 21:50:14,OI311P8200,OI311P8200,407.0,0.0,0.0,0.0,6,412.0,416.5,2,407.0,423.0,0.0,0.0,0.0,0.0,108
2023-05-09 21:50:15,OI311P8200,OI311P8200,407.0,0.0,0.0,0.0,8,411.5,416.5,2,407.0,423.0,0.0,0.0,0.0,0.0,108
2023-05-09 21:50:16,OI311P8200,OI311P8200,407.0,0.0,0.0,0.0,2,411.5,416.5,2,407.0,423.0,0.0,0.0,0.0,0.0,108
2023-05-09 21:50:21,OI311P8200,OI311P8200,407.0,0.0,0.0,0.0,2,411.5,416.5,8,407.0,423.0,0.0,0.0,0.0,0.0,108
2023-05-09 21:50:22,OI311P8200,OI311P8200,407.0,0.0,0.0,0.0,12,411.0,416.5,8,407.0,423.0,0.0,0.0,0.0,0.0,108
2023-05-09 21:50:23,OI311P8200,OI311P8200,407.0,0.0,0.0,0.0,6,411.0,416.5,8,407.0,423.0,0.0,0.0,0.0,0.0,108
2023-05-09 21:50:28,OI311P8200,OI311P8200,407.0,0.0,0.0,0.0,6,411.0,416.0,6,407.0,423.0,0.0,0.0,0.0,0.0,108
2023-05-09 21:50:28,OI311P8200,OI311P8200,407.0,0.0,0.0,0.0,6,411.0,416.0,12,407.0,423.0,0.0,0.0,0.0,0.0,108
2023-05-09 21:50:30,OI311P8200,OI311P8200,407.0,0.0,0.0,0.0,6,410.5,416.0,12,407.0,423.0,0.0,0.0,0.0,0.0,108
2023-05-09 21:50:31,OI311P8200,OI311P8200,407.0,0.0,0.0,0.0,12,410.0,416.0,18,407.0,423.0,0.0,0.0,0.0,0.0,108
2023-05-09 21:50:31,OI311P8200,OI311P8200,407.0,0.0,0.0,0.0,18,410.0,416.0,18,407.0,423.0,0.0,0.0,0.0,0.0,108
2023-05-09 21:50:32,OI311P8200,OI311P8200,407.0,0.0,0.0,0.0,12,410.0,416.0,12,407.0,423.0,0.0,0.0,0.0,0.0,108
2023-05-09 21:50:33,OI311P8200,OI311P8200,407.0,0.0,0.0,0.0,6,410.0,416.0,18,407.0,423.0,0.0,0.0,0.0,0.0,108
2023-05-09 21:50:36,OI311P8200,OI311P8200,407.0,0.0,0.0,0.0,18,409.5,414.5,2,407.0,423.0,0.0,0.0,0.0,0.0,108
2023-05-09 21:50:36,OI311P8200,OI311P8200,407.0,0.0,0.0,0.0,12,409.5,414.5,8,407.0,423.0,0.0,0.0,0.0,0.0,108
2023-05-09 21:50:36,OI311P8200,OI311P8200,407.0,0.0,0.0,0.0,6,409.5,414.5,8,407.0,423.0,0.0,0.0,0.0,0.0,108
2023-05-09 21:50:37,OI311P8200,OI311P8200,407.0,0.0,0.0,0.0,18,409.0,414.5,20,407.0,423.0,0.0,0.0,0.0,0.0,108
2023-05-09 21:50:37,OI311P8200,OI311P8200,407.0,0.0,0.0,0.0,12,409.0,414.5,20,407.0,423.0,0.0,0.0,0.0,0.0,108
2023-05-09 21:50:38,OI311P8200,OI311P8200,407.0,0.0,0.0,0.0,6,409.0,414.5,20,407.0,423.0,0.0,0.0,0.0,0.0,108
2023-05-09 21:50:42,OI311P8200,OI311P8200,407.0,0.0,0.0,0.0,6,409.0,414.5,14,407.0,423.0,0.0,0.0,0.0,0.0,108
2023-05-09 21:50:55,OI311P8200,OI311P8200,407.0,0.0,0.0,0.0,6,409.0,414.5,8,407.0,423.0,0.0,0.0,0.0,0.0,108
2023-05-09 21:50:59,OI311P8200,OI311P8200,407.0,0.0,0.0,0.0,6,409.0,414.5,14,407.0,423.0,0.0,0.0,0.0,0.0,108
2023-05-09 21:51:00,OI311P8200,OI311P8200,407.0,0.0,0.0,0.0,18,408.5,414.5,14,407.0,423.0,0.0,0.0,0.0,0.0,108
2023-05-09 21:51:00,OI311P8200,OI311P8200,407.0,0.0,0.0,0.0,12,408.5,414.5,14,407.0,423.0,0.0,0.0,0.0,0.0,108
2023-05-09 21:51:01,OI311P8200,OI311P8200,407.0,0.0,0.0,0.0,36,408.0,414.5,14,407.0,423.0,0.0,0.0,0.0,0.0,108
2023-05-09 21:51:01,OI311P8200,OI311P8200,407.0,0.0,0.0,0.0,30,408.0,414.5,14,407.0,423.0,0.0,0.0,0.0,0.0,108
2023-05-09 21:51:02,OI311P8200,OI311P8200,407.0,0.0,0.0,0.0,24,408.0,414.5,8,407.0,423.0,0.0,0.0,0.0,0.0,108
2023-05-09 21:51:03,OI311P8200,OI311P8200,407.0,0.0,0.0,0.0,12,409.5,414.5,8,407.0,423.0,0.0,0.0,0.0,0.0,108
2023-05-09 21:51:04,OI311P8200,OI311P8200,407.0,0.0,0.0,0.0,6,409.5,414.5,8,407.0,423.0,0.0,0.0,0.0,0.0,108
2023-05-09 21:51:04,OI311P8200,OI311P8200,407.0,0.0,0.0,0.0,12,409.0,414.5,14,407.0,423.0,0.0,0.0,0.0,0.0,108
2023-05-09 21:51:05,OI311P8200,OI311P8200,407.0,0.0,0.0,0.0,24,408.5,414.5,14,407.0,423.0,0.0,0.0,0.0,0.0,108
2023-05-09 21:51:05,OI311P8200,OI311P8200,407.0,0.0,0.0,0.0,18,408.5,414.5,14,407.0,423.0,0.0,0.0,0.0,0.0,108
2023-05-09 21:51:06,OI311P8200,OI311P8200,407.0,0.0,0.0,0.0,12,408.5,414.5,14,407.0,423.0,0.0,0.0,0.0,0.0,108
2023-05-09 21:51:07,OI311P8200,OI311P8200,407.0,0.0,0.0,0.0,6,408.5,414.5,14,407.0,423.0,0.0,0.0,0.0,0.0,108
2023-05-09 21:51:08,OI311P8200,OI311P8200,407.0,0.0,0.0,0.0,6,408.5,414.5,8,407.0,423.0,0.0,0.0,0.0,0.0,108
2023-05-09 21:51:09,OI311P8200,OI311P8200,407.0,0.0,0.0,0.0,12,408.5,414.5,8,407.0,423.0,0.0,0.0,0.0,0.0,108
2023-05-09 21:51:10,OI311P8200,OI311P8200,407.0,0.0,0.0,0.0,12,408.5,414.5,14,407.0,423.0,0.0,0.0,0.0,0.0,108
2023-05-09 21:51:14,OI311P8200,OI311P8200,407.0,0.0,0.0,0.0,6,408.5,414.5,14,407.0,423.0,0.0,0.0,0.0,0.0,108
2023-05-09 21:51:49,OI311P8200,OI311P8200,407.0,0.0,0.0,0.0,6,408.5,414.5,8,407.0,423.0,0.0,0.0,0.0,0.0,108
2023-05-09 21:51:51,OI311P8200,OI311P8200,407.0,0.0,0.0,0.0,6,408.5,414.5,14,407.0,423.0,0.0,0.0,0.0,0.0,108
2023-05-09 21:51:52,OI311P8200,OI311P8200,407.0,0.0,0.0,0.0,6,408.5,414.5,8,407.0,423.0,0.0,0.0,0.0,0.0,108
2023-05-09 21:51:59,OI311P8200,OI311P8200,407.0,0.0,0.0,0.0,6,408.5,414.5,14,407.0,423.0,0.0,0.0,0.0,0.0,108
2023-05-09 21:51:59,OI311P8200,OI311P8200,407.0,0.0,0.0,0.0,6,408.5,414.5,8,407.0,423.0,0.0,0.0,0.0,0.0,108
2023-05-09 21:52:03,OI311P8200,OI311P8200,407.0,0.0,0.0,0.0,12,408.5,414.5,8,407.0,423.0,0.0,0.0,0.0,0.0,108
2023-05-09 21:52:03,OI311P8200,OI311P8200,407.0,0.0,0.0,0.0,18,410.0,414.5,2,407.0,423.0,0.0,0.0,0.0,0.0,108
2023-05-09 21:52:03,OI311P8200,OI311P8200,407.0,0.0,0.0,0.0,12,410.0,414.5,2,407.0,423.0,0.0,0.0,0.0,0.0,108
2023-05-09 21:52:08,OI311P8200,OI311P8200,407.0,0.0,0.0,0.0,6,410.0,414.5,8,407.0,423.0,0.0,0.0,0.0,0.0,108
2023-05-09 21:52:09,OI311P8200,OI311P8200,407.0,0.0,0.0,0.0,12,409.5,414.5,8,407.0,423.0,0.0,0.0,0.0,0.0,108
2023-05-09 21:52:09,OI311P8200,OI311P8200,407.0,0.0,0.0,0.0,6,409.5,414.5,8,407.0,423.0,0.0,0.0,0.0,0.0,108
2023-05-09 21:52:09,OI311P8200,OI311P8200,407.0,0.0,0.0,0.0,6,409.0,414.5,14,407.0,423.0,0.0,0.0,0.0,0.0,108
2023-05-09 21:52:10,OI311P8200,OI311P8200,407.0,0.0,0.0,0.0,6,409.0,414.5,20,407.0,423.0,0.0,0.0,0.0,0.0,108
2023-05-09 21:52:11,OI311P8200,OI311P8200,407.0,0.0,0.0,0.0,24,408.0,414.5,20,407.0,423.0,0.0,0.0,0.0,0.0,108
2023-05-09 21:52:11,OI311P8200,OI311P8200,407.0,0.0,0.0,0.0,6,408.5,414.5,20,407.0,423.0,0.0,0.0,0.0,0.0,108
2023-05-09 21:52:11,OI311P8200,OI311P8200,407.0,0.0,0.0,0.0,24,408.0,414.5,20,407.0,423.0,0.0,0.0,0.0,0.0,108
2023-05-09 21:52:12,OI311P8200,OI311P8200,407.0,0.0,0.0,0.0,30,408.0,414.5,14,407.0,423.0,0.0,0.0,0.0,0.0,108
2023-05-09 21:52:13,OI311P8200,OI311P8200,407.0,0.0,0.0,0.0,24,408.0,414.5,14,407.0,423.0,0.0,0.0,0.0,0.0,108
2023-05-09 21:52:15,OI311P8200,OI311P8200,407.0,0.0,0.0,0.0,24,408.0,413.0,6,407.0,423.0,0.0,0.0,0.0,0.0,108
2023-05-09 21:52:16,OI311P8200,OI311P8200,407.0,0.0,0.0,0.0,18,408.0,413.0,6,407.0,423.0,0.0,0.0,0.0,0.0,108
2023-05-09 21:52:19,OI311P8200,OI311P8200,407.0,0.0,0.0,0.0,12,408.0,413.0,6,407.0,423.0,0.0,0.0,0.0,0.0,108
2023-05-09 21:52:19,OI311P8200,OI311P8200,407.0,0.0,0.0,0.0,12,408.0,413.0,12,407.0,423.0,0.0,0.0,0.0,0.0,108
2023-05-09 21:52:21,OI311P8200,OI311P8200,407.0,0.0,0.0,0.0,12,408.0,413.0,6,407.0,423.0,0.0,0.0,0.0,0.0,108
2023-05-09 21:52:24,OI311P8200,OI311P8200,407.0,0.0,0.0,0.0,12,408.0,413.5,18,407.0,423.0,0.0,0.0,0.0,0.0,108
2023-05-09 21:52:24,OI311P8200,OI311P8200,407.0,0.0,0.0,0.0,12,408.0,413.5,12,407.0,423.0,0.0,0.0,0.0,0.0,108
2023-05-09 21:52:25,OI311P8200,OI311P8200,407.0,0.0,0.0,0.0,18,408.0,414.0,24,407.0,423.0,0.0,0.0,0.0,0.0,108
2023-05-09 21:52:25,OI311P8200,OI311P8200,407.0,0.0,0.0,0.0,18,408.0,414.0,18,407.0,423.0,0.0,0.0,0.0,0.0,108
2023-05-09 21:52:26,OI311P8200,OI311P8200,407.0,0.0,0.0,0.0,18,408.0,414.0,12,407.0,423.0,0.0,0.0,0.0,0.0,108
2023-05-09 21:52:29,OI311P8200,OI311P8200,407.0,0.0,0.0,0.0,30,408.0,414.0,6,407.0,423.0,0.0,0.0,0.0,0.0,108
2023-05-09 21:52:37,OI311P8200,OI311P8200,407.0,0.0,0.0,0.0,30,408.0,414.5,20,407.0,423.0,0.0,0.0,0.0,0.0,108
2023-05-09 21:52:37,OI311P8200,OI311P8200,407.0,0.0,0.0,0.0,30,408.0,414.5,14,407.0,423.0,0.0,0.0,0.0,0.0,108
2023-05-09 21:52:38,OI311P8200,OI311P8200,407.0,0.0,0.0,0.0,30,408.0,414.5,2,407.0,423.0,0.0,0.0,0.0,0.0,108
2023-05-09 21:52:49,OI311P8200,OI311P8200,407.0,0.0,0.0,0.0,6,409.5,414.5,2,407.0,423.0,0.0,0.0,0.0,0.0,108
2023-05-09 21:52:49,OI311P8200,OI311P8200,407.0,0.0,0.0,0.0,12,409.5,414.5,2,407.0,423.0,0.0,0.0,0.0,0.0,108
2023-05-09 21:52:55,OI311P8200,OI311P8200,407.0,0.0,0.0,0.0,18,409.5,414.5,2,407.0,423.0,0.0,0.0,0.0,0.0,108
2023-05-09 21:52:56,OI311P8200,OI311P8200,407.0,0.0,0.0,0.0,20,409.5,414.5,2,407.0,423.0,0.0,0.0,0.0,0.0,108
2023-05-09 21:52:58,OI311P8200,OI311P8200,407.0,0.0,0.0,0.0,20,409.5,415.0,12,407.0,423.0,0.0,0.0,0.0,0.0,108
2023-05-09 21:52:59,OI311P8200,OI311P8200,407.0,0.0,0.0,0.0,32,409.5,415.0,6,407.0,423.0,0.0,0.0,0.0,0.0,108
2023-05-09 21:52:59,OI311P8200,OI311P8200,407.0,0.0,0.0,0.0,32,409.5,415.5,6,407.0,423.0,0.0,0.0,0.0,0.0,108
2023-05-09 21:53:00,OI311P8200,OI311P8200,407.0,0.0,0.0,0.0,32,409.5,416.5,2,407.0,423.0,0.0,0.0,0.0,0.0,108
2023-05-09 21:53:00,OI311P8200,OI311P8200,407.0,0.0,0.0,0.0,32,409.5,416.0,6,407.0,423.0,0.0,0.0,0.0,0.0,108
2023-05-09 21:53:01,OI311P8200,OI311P8200,407.0,0.0,0.0,0.0,32,409.5,416.5,2,407.0,423.0,0.0,0.0,0.0,0.0,108
2023-05-09 21:53:01,OI311P8200,OI311P8200,407.0,0.0,0.0,0.0,32,409.5,416.5,8,407.0,423.0,0.0,0.0,0.0,0.0,108
2023-05-09 21:53:02,OI311P8200,OI311P8200,407.0,0.0,0.0,0.0,6,411.0,416.5,2,407.0,423.0,0.0,0.0,0.0,0.0,108
2023-05-09 21:53:02,OI311P8200,OI311P8200,407.0,0.0,0.0,0.0,12,411.0,416.5,2,407.0,423.0,0.0,0.0,0.0,0.0,108
2023-05-09 21:53:05,OI311P8200,OI311P8200,407.0,0.0,0.0,0.0,18,411.0,416.5,2,407.0,423.0,0.0,0.0,0.0,0.0,108
2023-05-09 21:53:06,OI311P8200,OI311P8200,407.0,0.0,0.0,0.0,24,411.0,416.5,2,407.0,423.0,0.0,0.0,0.0,0.0,108
2023-05-09 21:53:08,OI311P8200,OI311P8200,407.0,0.0,0.0,0.0,2,411.5,416.5,2,407.0,423.0,0.0,0.0,0.0,0.0,108
2023-05-09 21:53:20,OI311P8200,OI311P8200,407.0,0.0,0.0,0.0,6,412.5,416.5,2,407.0,423.0,0.0,0.0,0.0,0.0,108
2023-05-09 21:53:20,OI311P8200,OI311P8200,407.0,0.0,0.0,0.0,18,412.5,416.5,2,407.0,423.0,0.0,0.0,0.0,0.0,108
2023-05-09 21:53:21,OI311P8200,OI311P8200,407.0,0.0,0.0,0.0,24,412.5,416.5,2,407.0,423.0,0.0,0.0,0.0,0.0,108
2023-05-09 21:53:22,OI311P8200,OI311P8200,407.0,0.0,0.0,0.0,24,412.5,417.0,6,407.0,423.0,0.0,0.0,0.0,0.0,108
2023-05-09 21:53:23,OI311P8200,OI311P8200,407.0,0.0,0.0,0.0,24,412.5,419.0,24,407.0,423.0,0.0,0.0,0.0,0.0,108
2023-05-09 21:53:23,OI311P8200,OI311P8200,407.0,0.0,0.0,0.0,24,412.5,417.5,6,407.0,423.0,0.0,0.0,0.0,0.0,108
2023-05-09 21:53:24,OI311P8200,OI311P8200,407.0,0.0,0.0,0.0,24,412.5,419.0,18,407.0,423.0,0.0,0.0,0.0,0.0,108
2023-05-09 21:53:24,OI311P8200,OI311P8200,407.0,0.0,0.0,0.0,24,412.5,418.0,6,407.0,423.0,0.0,0.0,0.0,0.0,108
2023-05-09 21:53:24,OI311P8200,OI311P8200,407.0,0.0,0.0,0.0,24,412.5,419.0,12,407.0,423.0,0.0,0.0,0.0,0.0,108
2023-05-09 21:53:25,OI311P8200,OI311P8200,407.0,0.0,0.0,0.0,24,412.5,418.5,6,407.0,423.0,0.0,0.0,0.0,0.0,108
2023-05-09 21:53:26,OI311P8200,OI311P8200,407.0,0.0,0.0,0.0,12,413.0,419.0,6,407.0,423.0,0.0,0.0,0.0,0.0,108
2023-05-09 21:53:26,OI311P8200,OI311P8200,407.0,0.0,0.0,0.0,2,413.5,419.0,6,407.0,423.0,0.0,0.0,0.0,0.0,108
2023-05-09 21:53:26,OI311P8200,OI311P8200,407.0,0.0,0.0,0.0,2,413.5,420.0,26,407.0,423.0,0.0,0.0,0.0,0.0,108
2023-05-09 21:53:27,OI311P8200,OI311P8200,407.0,0.0,0.0,0.0,8,413.5,419.5,6,407.0,423.0,0.0,0.0,0.0,0.0,108
2023-05-09 21:53:28,OI311P8200,OI311P8200,407.0,0.0,0.0,0.0,14,413.5,420.0,8,407.0,423.0,0.0,0.0,0.0,0.0,108
2023-05-09 21:53:28,OI311P8200,OI311P8200,407.0,0.0,0.0,0.0,14,413.5,420.0,14,407.0,423.0,0.0,0.0,0.0,0.0,108
2023-05-09 21:53:28,OI311P8200,OI311P8200,407.0,0.0,0.0,0.0,14,413.5,420.0,8,407.0,423.0,0.0,0.0,0.0,0.0,108
2023-05-09 21:53:37,OI311P8200,OI311P8200,407.0,0.0,0.0,0.0,14,413.5,420.0,2,407.0,423.0,0.0,0.0,0.0,0.0,108
2023-05-09 21:53:46,OI311P8200,OI311P8200,407.0,0.0,0.0,0.0,6,414.5,420.0,2,407.0,423.0,0.0,0.0,0.0,0.0,108
2023-05-09 21:53:54,OI311P8200,OI311P8200,407.0,0.0,0.0,0.0,12,414.5,420.0,2,407.0,423.0,0.0,0.0,0.0,0.0,108
2023-05-09 21:54:01,OI311P8200,OI311P8200,407.0,0.0,0.0,0.0,12,414.5,420.0,8,407.0,423.0,0.0,0.0,0.0,0.0,108
2023-05-09 21:54:03,OI311P8200,OI311P8200,407.0,0.0,0.0,0.0,12,414.5,420.0,2,407.0,423.0,0.0,0.0,0.0,0.0,108
2023-05-09 21:54:06,OI311P8200,OI311P8200,407.0,0.0,0.0,0.0,12,414.5,420.0,8,407.0,423.0,0.0,0.0,0.0,0.0,108
2023-05-09 21:54:08,OI311P8200,OI311P8200,407.0,0.0,0.0,0.0,12,414.5,420.0,2,407.0,423.0,0.0,0.0,0.0,0.0,108
2023-05-09 21:54:10,OI311P8200,OI311P8200,407.0,0.0,0.0,0.0,12,414.5,420.0,8,407.0,423.0,0.0,0.0,0.0,0.0,108
2023-05-09 21:54:13,OI311P8200,OI311P8200,407.0,0.0,0.0,0.0,6,414.0,419.0,6,407.0,423.0,0.0,0.0,0.0,0.0,108
2023-05-09 21:54:14,OI311P8200,OI311P8200,407.0,0.0,0.0,0.0,20,413.5,419.0,12,407.0,423.0,0.0,0.0,0.0,0.0,108
2023-05-09 21:54:14,OI311P8200,OI311P8200,407.0,0.0,0.0,0.0,26,413.5,419.0,12,407.0,423.0,0.0,0.0,0.0,0.0,108
2023-05-09 21:54:15,OI311P8200,OI311P8200,407.0,0.0,0.0,0.0,20,413.5,419.0,12,407.0,423.0,0.0,0.0,0.0,0.0,108
2023-05-09 21:54:22,OI311P8200,OI311P8200,407.0,0.0,0.0,0.0,6,415.0,419.5,18,407.0,423.0,0.0,0.0,0.0,0.0,108
2023-05-09 21:54:22,OI311P8200,OI311P8200,407.0,0.0,0.0,0.0,6,415.0,419.5,12,407.0,423.0,0.0,0.0,0.0,0.0,108
2023-05-09 21:54:23,OI311P8200,OI311P8200,407.0,0.0,0.0,0.0,6,415.0,419.5,6,407.0,423.0,0.0,0.0,0.0,0.0,108
2023-05-09 21:54:23,OI311P8200,OI311P8200,407.0,0.0,0.0,0.0,12,415.0,420.0,20,407.0,423.0,0.0,0.0,0.0,0.0,108
2023-05-09 21:54:24,OI311P8200,OI311P8200,407.0,0.0,0.0,0.0,12,415.0,420.0,14,407.0,423.0,0.0,0.0,0.0,0.0,108
2023-05-09 21:54:24,OI311P8200,OI311P8200,407.0,0.0,0.0,0.0,12,415.0,420.0,8,407.0,423.0,0.0,0.0,0.0,0.0,108
2023-05-09 21:54:27,OI311P8200,OI311P8200,407.0,0.0,0.0,0.0,12,415.0,420.0,2,407.0,423.0,0.0,0.0,0.0,0.0,108
2023-05-09 21:54:30,OI311P8200,OI311P8200,407.0,0.0,0.0,0.0,12,415.0,420.0,8,407.0,423.0,0.0,0.0,0.0,0.0,108
2023-05-09 21:54:32,OI311P8200,OI311P8200,407.0,0.0,0.0,0.0,6,415.0,420.0,8,407.0,423.0,0.0,0.0,0.0,0.0,108
2023-05-09 21:54:33,OI311P8200,OI311P8200,407.0,0.0,0.0,0.0,12,414.5,420.0,8,407.0,423.0,0.0,0.0,0.0,0.0,108
2023-05-09 21:54:34,OI311P8200,OI311P8200,407.0,0.0,0.0,0.0,36,414.0,420.0,8,407.0,423.0,0.0,0.0,0.0,0.0,108
2023-05-09 21:54:34,OI311P8200,OI311P8200,407.0,0.0,0.0,0.0,18,414.0,420.0,8,407.0,423.0,0.0,0.0,0.0,0.0,108
2023-05-09 21:54:35,OI311P8200,OI311P8200,407.0,0.0,0.0,0.0,12,414.0,420.0,8,407.0,423.0,0.0,0.0,0.0,0.0,108
2023-05-09 21:54:43,OI311P8200,OI311P8200,407.0,0.0,0.0,0.0,6,415.0,420.0,8,407.0,423.0,0.0,0.0,0.0,0.0,108
2023-05-09 21:54:43,OI311P8200,OI311P8200,407.0,0.0,0.0,0.0,12,415.0,420.0,2,407.0,423.0,0.0,0.0,0.0,0.0,108
2023-05-09 21:54:44,OI311P8200,OI311P8200,407.0,0.0,0.0,0.0,12,415.0,420.0,8,407.0,423.0,0.0,0.0,0.0,0.0,108
2023-05-09 21:54:47,OI311P8200,OI311P8200,407.0,0.0,0.0,0.0,12,415.0,420.0,2,407.0,423.0,0.0,0.0,0.0,0.0,108
2023-05-09 21:54:50,OI311P8200,OI311P8200,407.0,0.0,0.0,0.0,12,415.0,420.0,8,407.0,423.0,0.0,0.0,0.0,0.0,108
2023-05-09 21:54:50,OI311P8200,OI311P8200,407.0,0.0,0.0,0.0,12,415.0,420.0,2,407.0,423.0,0.0,0.0,0.0,0.0,108
2023-05-09 21:54:51,OI311P8200,OI311P8200,407.0,0.0,0.0,0.0,12,415.0,420.0,8,407.0,423.0,0.0,0.0,0.0,0.0,108
2023-05-09 21:54:57,OI311P8200,OI311P8200,407.0,0.0,0.0,0.0,12,415.0,420.0,2,407.0,423.0,0.0,0.0,0.0,0.0,108
2023-05-09 21:55:12,OI311P8200,OI311P8200,407.0,0.0,0.0,0.0,12,415.0,420.0,8,407.0,423.0,0.0,0.0,0.0,0.0,108
2023-05-09 21:55:13,OI311P8200,OI311P8200,407.0,0.0,0.0,0.0,12,415.0,420.0,2,407.0,423.0,0.0,0.0,0.0,0.0,108
2023-05-09 21:55:13,OI311P8200,OI311P8200,407.0,0.0,0.0,0.0,6,415.0,420.0,8,407.0,423.0,0.0,0.0,0.0,0.0,108
2023-05-09 21:55:14,OI311P8200,OI311P8200,407.0,0.0,0.0,0.0,6,414.5,420.0,8,407.0,423.0,0.0,0.0,0.0,0.0,108
2023-05-09 21:55:15,OI311P8200,OI311P8200,407.0,0.0,0.0,0.0,12,414.0,420.0,8,407.0,423.0,0.0,0.0,0.0,0.0,108
2023-05-09 21:55:15,OI311P8200,OI311P8200,407.0,0.0,0.0,0.0,18,414.0,420.0,8,407.0,423.0,0.0,0.0,0.0,0.0,108
2023-05-09 21:55:16,OI311P8200,OI311P8200,407.0,0.0,0.0,0.0,12,414.0,420.0,8,407.0,423.0,0.0,0.0,0.0,0.0,108
2023-05-09 21:55:33,OI311P8200,OI311P8200,407.0,0.0,0.0,0.0,12,415.0,420.0,2,407.0,423.0,0.0,0.0,0.0,0.0,108
2023-05-09 21:55:40,OI311P8200,OI311P8200,407.0,0.0,0.0,0.0,12,415.0,420.0,8,407.0,423.0,0.0,0.0,0.0,0.0,108
2023-05-09 21:55:40,OI311P8200,OI311P8200,407.0,0.0,0.0,0.0,12,414.5,420.0,8,407.0,423.0,0.0,0.0,0.0,0.0,108
2023-05-09 21:55:41,OI311P8200,OI311P8200,407.0,0.0,0.0,0.0,36,414.0,420.0,8,407.0,423.0,0.0,0.0,0.0,0.0,108
2023-05-09 21:55:41,OI311P8200,OI311P8200,407.0,0.0,0.0,0.0,30,414.0,420.0,8,407.0,423.0,0.0,0.0,0.0,0.0,108
2023-05-09 21:55:42,OI311P8200,OI311P8200,407.0,0.0,0.0,0.0,24,414.0,420.0,2,407.0,423.0,0.0,0.0,0.0,0.0,108
2023-05-09 21:55:44,OI311P8200,OI311P8200,407.0,0.0,0.0,0.0,12,415.0,420.0,2,407.0,423.0,0.0,0.0,0.0,0.0,108
2023-05-09 21:56:12,OI311P8200,OI311P8200,407.0,0.0,0.0,0.0,18,414.5,420.0,8,407.0,423.0,0.0,0.0,0.0,0.0,108
2023-05-09 21:56:12,OI311P8200,OI311P8200,407.0,0.0,0.0,0.0,12,414.5,420.0,2,407.0,423.0,0.0,0.0,0.0,0.0,108
2023-05-09 21:56:13,OI311P8200,OI311P8200,407.0,0.0,0.0,0.0,36,414.0,420.0,2,407.0,423.0,0.0,0.0,0.0,0.0,108
2023-05-09 21:56:13,OI311P8200,OI311P8200,407.0,0.0,0.0,0.0,30,414.0,420.0,8,407.0,423.0,0.0,0.0,0.0,0.0,108
2023-05-09 21:56:14,OI311P8200,OI311P8200,407.0,0.0,0.0,0.0,24,414.0,420.0,8,407.0,423.0,0.0,0.0,0.0,0.0,108
2023-05-09 21:56:15,OI311P8200,OI311P8200,407.0,0.0,0.0,0.0,18,414.0,420.0,8,407.0,423.0,0.0,0.0,0.0,0.0,108
