time,symbol_id,symbol_name,last,trade_volume,trade_amount,open_interest_change,bv1,bp1,ap1,av1,yesterday_close,today_open,today_high,today_low,volume,amount,open_interest
2023-05-09 19:10:58,OI311C8800,OI311C8800,219.5,0.0,0.0,-11.0,0,0.0,0.0,0,219.5,209.0,0.0,0.0,0.0,0.0,147
2023-05-09 20:59:00,OI311C8800,OI311C8800,219.5,0.0,0.0,0.0,13,65.0,0.0,0,219.5,209.0,0.0,0.0,0.0,0.0,147
2023-05-09 21:00:00,OI311C8800,OI311C8800,219.5,0.0,0.0,0.0,6,68.0,0.0,0,219.5,209.0,0.0,0.0,0.0,0.0,147
2023-05-09 21:00:01,OI311C8800,OI311C8800,219.5,0.0,0.0,0.0,4,106.0,0.0,0,219.5,209.0,0.0,0.0,0.0,0.0,147
2023-05-09 21:00:02,OI311C8800,OI311C8800,219.5,0.0,0.0,0.0,6,109.0,0.0,0,219.5,209.0,0.0,0.0,0.0,0.0,147
2023-05-09 21:00:04,OI311C8800,OI311C8800,219.5,0.0,0.0,0.0,4,150.0,386.0,4,219.5,209.0,0.0,0.0,0.0,0.0,147
2023-05-09 21:00:05,OI311C8800,OI311C8800,219.5,0.0,0.0,0.0,4,150.0,383.0,6,219.5,209.0,0.0,0.0,0.0,0.0,147
2023-05-09 21:00:05,OI311C8800,OI311C8800,219.5,0.0,0.0,0.0,6,153.0,383.0,6,219.5,209.0,0.0,0.0,0.0,0.0,147
2023-05-09 21:00:06,OI311C8800,OI311C8800,219.5,0.0,0.0,0.0,6,153.0,339.0,6,219.5,209.0,0.0,0.0,0.0,0.0,147
2023-05-09 21:00:07,OI311C8800,OI311C8800,219.5,0.0,0.0,0.0,4,194.0,339.0,6,219.5,209.0,0.0,0.0,0.0,0.0,147
2023-05-09 21:00:09,OI311C8800,OI311C8800,219.5,0.0,0.0,0.0,4,194.0,298.0,4,219.5,209.0,0.0,0.0,0.0,0.0,147
2023-05-09 21:00:09,OI311C8800,OI311C8800,219.5,0.0,0.0,0.0,4,194.0,295.0,6,219.5,209.0,0.0,0.0,0.0,0.0,147
2023-05-09 21:00:13,OI311C8800,OI311C8800,219.5,0.0,0.0,0.0,4,194.0,254.0,4,219.5,209.0,0.0,0.0,0.0,0.0,147
2023-05-09 21:00:13,OI311C8800,OI311C8800,219.5,0.0,0.0,0.0,4,194.0,251.0,6,219.5,209.0,0.0,0.0,0.0,0.0,147
2023-05-09 21:00:14,OI311C8800,OI311C8800,219.5,0.0,0.0,0.0,4,194.0,235.0,4,219.5,209.0,0.0,0.0,0.0,0.0,147
2023-05-09 21:00:48,OI311C8800,OI311C8800,219.5,0.0,0.0,0.0,6,153.0,0.0,0,219.5,209.0,0.0,0.0,0.0,0.0,147
2023-05-09 21:00:50,OI311C8800,OI311C8800,219.5,0.0,0.0,0.0,2,194.0,383.0,2,219.5,209.0,0.0,0.0,0.0,0.0,147
2023-05-09 21:00:50,OI311C8800,OI311C8800,219.5,0.0,0.0,0.0,2,194.0,380.0,6,219.5,209.0,0.0,0.0,0.0,0.0,147
2023-05-09 21:00:52,OI311C8800,OI311C8800,219.5,0.0,0.0,0.0,2,194.0,336.0,6,219.5,209.0,0.0,0.0,0.0,0.0,147
2023-05-09 21:00:53,OI311C8800,OI311C8800,219.5,0.0,0.0,0.0,2,194.0,292.0,6,219.5,209.0,0.0,0.0,0.0,0.0,147
2023-05-09 21:00:53,OI311C8800,OI311C8800,219.5,0.0,0.0,0.0,2,194.0,249.5,6,219.5,209.0,0.0,0.0,0.0,0.0,147
2023-05-09 21:00:54,OI311C8800,OI311C8800,219.5,0.0,0.0,0.0,2,194.0,235.0,2,219.5,209.0,0.0,0.0,0.0,0.0,147
2023-05-09 21:01:11,OI311C8800,OI311C8800,219.5,0.0,0.0,0.0,2,215.0,221.0,2,219.5,209.0,0.0,0.0,0.0,0.0,147
2023-05-09 21:01:26,OI311C8800,OI311C8800,219.5,0.0,0.0,0.0,2,215.0,219.5,2,219.5,209.0,0.0,0.0,0.0,0.0,147
2023-05-09 21:01:37,OI311C8800,OI311C8800,219.5,0.0,0.0,0.0,2,215.0,221.0,2,219.5,209.0,0.0,0.0,0.0,0.0,147
2023-05-09 21:01:52,OI311C8800,OI311C8800,219.5,0.0,0.0,0.0,2,215.0,220.0,2,219.5,209.0,0.0,0.0,0.0,0.0,147
2023-05-09 21:02:23,OI311C8800,OI311C8800,219.5,0.0,0.0,0.0,2,194.0,219.5,2,219.5,209.0,0.0,0.0,0.0,0.0,147
2023-05-09 21:02:24,OI311C8800,OI311C8800,219.5,0.0,0.0,0.0,2,212.5,219.5,2,219.5,209.0,0.0,0.0,0.0,0.0,147
2023-05-09 21:02:42,OI311C8800,OI311C8800,219.5,0.0,0.0,0.0,2,212.5,218.0,2,219.5,209.0,0.0,0.0,0.0,0.0,147
2023-05-09 21:04:43,OI311C8800,OI311C8800,219.5,0.0,0.0,0.0,2,212.5,217.0,2,219.5,209.0,0.0,0.0,0.0,0.0,147
2023-05-09 21:04:44,OI311C8800,OI311C8800,219.5,0.0,0.0,0.0,6,210.5,217.0,2,219.5,209.0,0.0,0.0,0.0,0.0,147
2023-05-09 21:04:44,OI311C8800,OI311C8800,219.5,0.0,0.0,0.0,2,210.5,217.0,2,219.5,209.0,0.0,0.0,0.0,0.0,147
2023-05-09 21:05:07,OI311C8800,OI311C8800,219.5,0.0,0.0,0.0,14,210.5,217.0,2,219.5,209.0,0.0,0.0,0.0,0.0,147
2023-05-09 21:05:17,OI311C8800,OI311C8800,219.5,0.0,0.0,0.0,2,211.5,217.0,2,219.5,209.0,0.0,0.0,0.0,0.0,147
2023-05-09 21:05:19,OI311C8800,OI311C8800,219.5,0.0,0.0,0.0,22,211.5,217.0,2,219.5,209.0,0.0,0.0,0.0,0.0,147
2023-05-09 21:05:20,OI311C8800,OI311C8800,219.5,0.0,0.0,0.0,28,211.5,217.0,2,219.5,209.0,0.0,0.0,0.0,0.0,147
2023-05-09 21:05:20,OI311C8800,OI311C8800,219.5,0.0,0.0,0.0,34,211.5,217.0,2,219.5,209.0,0.0,0.0,0.0,0.0,147
2023-05-09 21:05:52,OI311C8800,OI311C8800,219.5,0.0,0.0,0.0,28,211.5,215.5,2,219.5,209.0,0.0,0.0,0.0,0.0,147
2023-05-09 21:05:54,OI311C8800,OI311C8800,219.5,0.0,0.0,0.0,34,211.5,215.5,2,219.5,209.0,0.0,0.0,0.0,0.0,147
2023-05-09 21:06:02,OI311C8800,OI311C8800,219.5,0.0,0.0,0.0,34,211.5,217.0,2,219.5,209.0,0.0,0.0,0.0,0.0,147
2023-05-09 21:06:04,OI311C8800,OI311C8800,219.5,0.0,0.0,0.0,2,212.5,217.0,2,219.5,209.0,0.0,0.0,0.0,0.0,147
2023-05-09 21:06:21,OI311C8800,OI311C8800,219.5,0.0,0.0,0.0,2,212.5,217.0,8,219.5,209.0,0.0,0.0,0.0,0.0,147
2023-05-09 21:06:21,OI311C8800,OI311C8800,219.5,0.0,0.0,0.0,2,212.5,217.0,14,219.5,209.0,0.0,0.0,0.0,0.0,147
2023-05-09 21:06:22,OI311C8800,OI311C8800,219.5,0.0,0.0,0.0,34,211.5,217.0,8,219.5,209.0,0.0,0.0,0.0,0.0,147
2023-05-09 21:06:49,OI311C8800,OI311C8800,219.5,0.0,0.0,0.0,8,211.5,216.5,2,219.5,209.0,0.0,0.0,0.0,0.0,147
2023-05-09 21:06:49,OI311C8800,OI311C8800,219.5,0.0,0.0,0.0,2,211.5,216.5,2,219.5,209.0,0.0,0.0,0.0,0.0,147
2023-05-09 21:06:51,OI311C8800,OI311C8800,219.5,0.0,0.0,0.0,2,211.5,215.0,2,219.5,209.0,0.0,0.0,0.0,0.0,147
2023-05-09 21:06:55,OI311C8800,OI311C8800,219.5,0.0,0.0,0.0,32,210.0,215.0,2,219.5,209.0,0.0,0.0,0.0,0.0,147
2023-05-09 21:07:07,OI311C8800,OI311C8800,219.5,0.0,0.0,0.0,34,210.0,215.0,2,219.5,209.0,0.0,0.0,0.0,0.0,147
2023-05-09 21:07:16,OI311C8800,OI311C8800,219.5,0.0,0.0,0.0,14,210.0,215.0,2,219.5,209.0,0.0,0.0,0.0,0.0,147
2023-05-09 21:07:25,OI311C8800,OI311C8800,219.5,0.0,0.0,0.0,14,210.0,215.0,8,219.5,209.0,0.0,0.0,0.0,0.0,147
2023-05-09 21:08:30,OI311C8800,OI311C8800,219.5,0.0,0.0,0.0,14,210.0,215.0,2,219.5,209.0,0.0,0.0,0.0,0.0,147
2023-05-09 21:08:39,OI311C8800,OI311C8800,219.5,0.0,0.0,0.0,2,211.5,215.0,2,219.5,209.0,0.0,0.0,0.0,0.0,147
2023-05-09 21:09:43,OI311C8800,OI311C8800,219.5,0.0,0.0,0.0,2,211.5,215.5,12,219.5,209.0,0.0,0.0,0.0,0.0,147
2023-05-09 21:09:43,OI311C8800,OI311C8800,219.5,0.0,0.0,0.0,2,211.5,215.5,6,219.5,209.0,0.0,0.0,0.0,0.0,147
2023-05-09 21:09:44,OI311C8800,OI311C8800,219.5,0.0,0.0,0.0,2,211.5,216.0,6,219.5,209.0,0.0,0.0,0.0,0.0,147
2023-05-09 21:09:44,OI311C8800,OI311C8800,219.5,0.0,0.0,0.0,2,211.5,216.5,26,219.5,209.0,0.0,0.0,0.0,0.0,147
2023-05-09 21:09:56,OI311C8800,OI311C8800,219.5,0.0,0.0,0.0,2,211.5,216.5,20,219.5,209.0,0.0,0.0,0.0,0.0,147
2023-05-09 21:09:56,OI311C8800,OI311C8800,219.5,0.0,0.0,0.0,2,211.5,216.5,26,219.5,209.0,0.0,0.0,0.0,0.0,147
2023-05-09 21:10:07,OI311C8800,OI311C8800,219.5,0.0,0.0,0.0,2,211.5,216.5,20,219.5,209.0,0.0,0.0,0.0,0.0,147
2023-05-09 21:10:07,OI311C8800,OI311C8800,219.5,0.0,0.0,0.0,8,211.5,216.5,14,219.5,209.0,0.0,0.0,0.0,0.0,147
2023-05-09 21:10:09,OI311C8800,OI311C8800,219.5,0.0,0.0,0.0,14,211.5,216.5,14,219.5,209.0,0.0,0.0,0.0,0.0,147
2023-05-09 21:10:24,OI311C8800,OI311C8800,219.5,0.0,0.0,0.0,34,211.5,216.5,14,219.5,209.0,0.0,0.0,0.0,0.0,147
2023-05-09 21:10:40,OI311C8800,OI311C8800,219.5,0.0,0.0,0.0,2,213.0,216.5,14,219.5,209.0,0.0,0.0,0.0,0.0,147
2023-05-09 21:10:42,OI311C8800,OI311C8800,219.5,0.0,0.0,0.0,2,213.0,217.0,6,219.5,209.0,0.0,0.0,0.0,0.0,147
2023-05-09 21:10:42,OI311C8800,OI311C8800,219.5,0.0,0.0,0.0,2,213.0,217.5,18,219.5,209.0,0.0,0.0,0.0,0.0,147
2023-05-09 21:10:43,OI311C8800,OI311C8800,219.5,0.0,0.0,0.0,2,213.0,217.5,6,219.5,209.0,0.0,0.0,0.0,0.0,147
2023-05-09 21:10:43,OI311C8800,OI311C8800,219.5,0.0,0.0,0.0,8,213.0,218.0,6,219.5,209.0,0.0,0.0,0.0,0.0,147
2023-05-09 21:10:43,OI311C8800,OI311C8800,219.5,0.0,0.0,0.0,14,213.0,218.0,6,219.5,209.0,0.0,0.0,0.0,0.0,147
2023-05-09 21:10:44,OI311C8800,OI311C8800,219.5,0.0,0.0,0.0,14,213.0,218.5,12,219.5,209.0,0.0,0.0,0.0,0.0,147
2023-05-09 21:10:50,OI311C8800,OI311C8800,219.5,0.0,0.0,0.0,6,213.5,218.5,12,219.5,209.0,0.0,0.0,0.0,0.0,147
2023-05-09 21:10:50,OI311C8800,OI311C8800,219.5,0.0,0.0,0.0,12,213.5,218.5,6,219.5,209.0,0.0,0.0,0.0,0.0,147
2023-05-09 21:10:50,OI311C8800,OI311C8800,219.5,0.0,0.0,0.0,18,213.5,218.5,6,219.5,209.0,0.0,0.0,0.0,0.0,147
2023-05-09 21:10:51,OI311C8800,OI311C8800,219.5,0.0,0.0,0.0,18,213.5,219.0,6,219.5,209.0,0.0,0.0,0.0,0.0,147
2023-05-09 21:10:52,OI311C8800,OI311C8800,219.5,0.0,0.0,0.0,18,213.5,219.5,20,219.5,209.0,0.0,0.0,0.0,0.0,147
2023-05-09 21:10:52,OI311C8800,OI311C8800,219.5,0.0,0.0,0.0,12,213.5,219.5,20,219.5,209.0,0.0,0.0,0.0,0.0,147
2023-05-09 21:10:56,OI311C8800,OI311C8800,219.5,0.0,0.0,0.0,2,214.0,219.5,20,219.5,209.0,0.0,0.0,0.0,0.0,147
2023-05-09 21:11:04,OI311C8800,OI311C8800,219.5,0.0,0.0,0.0,6,214.5,219.5,14,219.5,209.0,0.0,0.0,0.0,0.0,147
2023-05-09 21:11:05,OI311C8800,OI311C8800,219.5,0.0,0.0,0.0,12,214.5,219.5,14,219.5,209.0,0.0,0.0,0.0,0.0,147
2023-05-09 21:11:07,OI311C8800,OI311C8800,219.5,0.0,0.0,0.0,2,215.5,219.5,8,219.5,209.0,0.0,0.0,0.0,0.0,147
2023-05-09 21:11:07,OI311C8800,OI311C8800,219.5,0.0,0.0,0.0,2,215.5,219.5,2,219.5,209.0,0.0,0.0,0.0,0.0,147
2023-05-09 21:11:17,OI311C8800,OI311C8800,219.5,0.0,0.0,0.0,8,215.5,219.5,2,219.5,209.0,0.0,0.0,0.0,0.0,147
2023-05-09 21:11:17,OI311C8800,OI311C8800,219.5,0.0,0.0,0.0,20,215.5,219.5,2,219.5,209.0,0.0,0.0,0.0,0.0,147
2023-05-09 21:11:51,OI311C8800,OI311C8800,219.5,0.0,0.0,0.0,14,215.5,219.5,2,219.5,209.0,0.0,0.0,0.0,0.0,147
2023-05-09 21:12:08,OI311C8800,OI311C8800,219.5,0.0,0.0,0.0,12,215.5,219.5,2,219.5,209.0,0.0,0.0,0.0,0.0,147
2023-05-09 21:12:08,OI311C8800,OI311C8800,219.5,0.0,0.0,0.0,12,215.0,219.5,2,219.5,209.0,0.0,0.0,0.0,0.0,147
2023-05-09 21:12:08,OI311C8800,OI311C8800,219.5,0.0,0.0,0.0,18,215.0,219.5,2,219.5,209.0,0.0,0.0,0.0,0.0,147
2023-05-09 21:12:12,OI311C8800,OI311C8800,219.5,0.0,0.0,0.0,12,215.0,219.5,2,219.5,209.0,0.0,0.0,0.0,0.0,147
2023-05-09 21:12:12,OI311C8800,OI311C8800,219.5,0.0,0.0,0.0,40,214.0,219.5,2,219.5,209.0,0.0,0.0,0.0,0.0,147
2023-05-09 21:12:41,OI311C8800,OI311C8800,219.5,0.0,0.0,0.0,2,214.5,219.5,2,219.5,209.0,0.0,0.0,0.0,0.0,147
2023-05-09 21:13:07,OI311C8800,OI311C8800,219.5,0.0,0.0,0.0,6,215.0,219.5,2,219.5,209.0,0.0,0.0,0.0,0.0,147
2023-05-09 21:13:08,OI311C8800,OI311C8800,219.5,0.0,0.0,0.0,18,215.0,219.5,2,219.5,209.0,0.0,0.0,0.0,0.0,147
2023-05-09 21:13:11,OI311C8800,OI311C8800,219.5,0.0,0.0,0.0,2,215.5,219.5,2,219.5,209.0,0.0,0.0,0.0,0.0,147
2023-05-09 21:13:27,OI311C8800,OI311C8800,219.5,0.0,0.0,0.0,2,215.5,220.5,12,219.5,209.0,0.0,0.0,0.0,0.0,147
2023-05-09 21:13:27,OI311C8800,OI311C8800,219.5,0.0,0.0,0.0,2,215.5,220.5,6,219.5,209.0,0.0,0.0,0.0,0.0,147
2023-05-09 21:13:28,OI311C8800,OI311C8800,219.5,0.0,0.0,0.0,2,217.0,221.0,32,219.5,209.0,0.0,0.0,0.0,0.0,147
2023-05-09 21:13:45,OI311C8800,OI311C8800,219.5,0.0,0.0,0.0,2,217.0,221.0,12,219.5,209.0,0.0,0.0,0.0,0.0,147
2023-05-09 21:13:45,OI311C8800,OI311C8800,219.5,0.0,0.0,0.0,2,217.0,221.0,6,219.5,209.0,0.0,0.0,0.0,0.0,147
2023-05-09 21:13:46,OI311C8800,OI311C8800,219.5,0.0,0.0,0.0,2,217.0,221.5,18,219.5,209.0,0.0,0.0,0.0,0.0,147
2023-05-09 21:13:48,OI311C8800,OI311C8800,219.5,0.0,0.0,0.0,2,217.0,221.5,6,219.5,209.0,0.0,0.0,0.0,0.0,147
2023-05-09 21:13:49,OI311C8800,OI311C8800,219.5,0.0,0.0,0.0,2,217.0,222.0,14,219.5,209.0,0.0,0.0,0.0,0.0,147
2023-05-09 21:13:49,OI311C8800,OI311C8800,219.5,0.0,0.0,0.0,2,217.0,222.0,20,219.5,209.0,0.0,0.0,0.0,0.0,147
2023-05-09 21:14:11,OI311C8800,OI311C8800,219.5,0.0,0.0,0.0,8,217.0,222.0,14,219.5,209.0,0.0,0.0,0.0,0.0,147
2023-05-09 21:14:11,OI311C8800,OI311C8800,219.5,0.0,0.0,0.0,14,217.0,222.0,14,219.5,209.0,0.0,0.0,0.0,0.0,147
2023-05-09 21:14:25,OI311C8800,OI311C8800,219.5,0.0,0.0,0.0,14,217.0,222.0,8,219.5,209.0,0.0,0.0,0.0,0.0,147
2023-05-09 21:14:26,OI311C8800,OI311C8800,219.5,0.0,0.0,0.0,14,217.0,222.0,14,219.5,209.0,0.0,0.0,0.0,0.0,147
2023-05-09 21:14:26,OI311C8800,OI311C8800,219.5,0.0,0.0,0.0,2,217.0,222.0,20,219.5,209.0,0.0,0.0,0.0,0.0,147
2023-05-09 21:14:34,OI311C8800,OI311C8800,219.5,0.0,0.0,0.0,8,217.0,222.0,20,219.5,209.0,0.0,0.0,0.0,0.0,147
2023-05-09 21:14:34,OI311C8800,OI311C8800,219.5,0.0,0.0,0.0,14,217.0,222.0,20,219.5,209.0,0.0,0.0,0.0,0.0,147
2023-05-09 21:14:46,OI311C8800,OI311C8800,219.5,0.0,0.0,0.0,8,217.0,222.0,20,219.5,209.0,0.0,0.0,0.0,0.0,147
2023-05-09 21:14:46,OI311C8800,OI311C8800,219.5,0.0,0.0,0.0,2,217.0,222.0,20,219.5,209.0,0.0,0.0,0.0,0.0,147
2023-05-09 21:15:01,OI311C8800,OI311C8800,219.5,0.0,0.0,0.0,2,217.0,220.5,2,219.5,209.0,0.0,0.0,0.0,0.0,147
2023-05-09 21:15:06,OI311C8800,OI311C8800,219.5,0.0,0.0,0.0,8,217.0,220.5,2,219.5,209.0,0.0,0.0,0.0,0.0,147
2023-05-09 21:15:06,OI311C8800,OI311C8800,219.5,0.0,0.0,0.0,14,217.0,220.5,2,219.5,209.0,0.0,0.0,0.0,0.0,147
2023-05-09 21:15:10,OI311C8800,OI311C8800,219.5,0.0,0.0,0.0,2,217.0,220.5,2,219.5,209.0,0.0,0.0,0.0,0.0,147
2023-05-09 21:15:18,OI311C8800,OI311C8800,219.5,0.0,0.0,0.0,12,216.0,220.5,2,219.5,209.0,0.0,0.0,0.0,0.0,147
2023-05-09 21:15:19,OI311C8800,OI311C8800,219.5,0.0,0.0,0.0,18,216.0,220.5,2,219.5,209.0,0.0,0.0,0.0,0.0,147
2023-05-09 21:15:27,OI311C8800,OI311C8800,219.5,0.0,0.0,0.0,2,216.5,220.5,2,219.5,209.0,0.0,0.0,0.0,0.0,147
2023-05-09 21:16:03,OI311C8800,OI311C8800,219.5,0.0,0.0,0.0,2,216.5,220.5,8,219.5,209.0,0.0,0.0,0.0,0.0,147
2023-05-09 21:16:53,OI311C8800,OI311C8800,219.5,0.0,0.0,0.0,2,216.5,220.5,14,219.5,209.0,0.0,0.0,0.0,0.0,147
2023-05-09 21:16:56,OI311C8800,OI311C8800,219.5,0.0,0.0,0.0,2,216.5,220.5,20,219.5,209.0,0.0,0.0,0.0,0.0,147
2023-05-09 21:17:27,OI311C8800,OI311C8800,219.5,0.0,0.0,0.0,2,216.5,220.5,14,219.5,209.0,0.0,0.0,0.0,0.0,147
2023-05-09 21:18:05,OI311C8800,OI311C8800,219.5,0.0,0.0,0.0,2,216.5,220.5,20,219.5,209.0,0.0,0.0,0.0,0.0,147
2023-05-09 21:18:44,OI311C8800,OI311C8800,219.5,0.0,0.0,0.0,8,215.5,220.5,26,219.5,209.0,0.0,0.0,0.0,0.0,147
2023-05-09 21:18:45,OI311C8800,OI311C8800,219.5,0.0,0.0,0.0,2,215.5,219.0,2,219.5,209.0,0.0,0.0,0.0,0.0,147
2023-05-09 21:18:46,OI311C8800,OI311C8800,219.5,0.0,0.0,0.0,18,215.0,219.0,8,219.5,209.0,0.0,0.0,0.0,0.0,147
2023-05-09 21:18:52,OI311C8800,OI311C8800,219.5,0.0,0.0,0.0,12,215.0,219.0,8,219.5,209.0,0.0,0.0,0.0,0.0,147
2023-05-09 21:18:52,OI311C8800,OI311C8800,219.5,0.0,0.0,0.0,20,214.0,219.0,14,219.5,209.0,0.0,0.0,0.0,0.0,147
2023-05-09 21:18:53,OI311C8800,OI311C8800,219.5,0.0,0.0,0.0,26,214.0,219.0,8,219.5,209.0,0.0,0.0,0.0,0.0,147
2023-05-09 21:18:54,OI311C8800,OI311C8800,219.5,0.0,0.0,0.0,20,214.0,219.0,8,219.5,209.0,0.0,0.0,0.0,0.0,147
2023-05-09 21:19:10,OI311C8800,OI311C8800,219.5,0.0,0.0,0.0,14,214.0,219.0,8,219.5,209.0,0.0,0.0,0.0,0.0,147
2023-05-09 21:19:13,OI311C8800,OI311C8800,219.5,0.0,0.0,0.0,14,214.0,219.0,14,219.5,209.0,0.0,0.0,0.0,0.0,147
2023-05-09 21:19:13,OI311C8800,OI311C8800,219.5,0.0,0.0,0.0,14,214.0,219.0,20,219.5,209.0,0.0,0.0,0.0,0.0,147
2023-05-09 21:19:29,OI311C8800,OI311C8800,219.5,0.0,0.0,0.0,14,214.0,219.0,26,219.5,209.0,0.0,0.0,0.0,0.0,147
2023-05-09 21:19:30,OI311C8800,OI311C8800,219.5,0.0,0.0,0.0,14,214.0,217.5,2,219.5,209.0,0.0,0.0,0.0,0.0,147
2023-05-09 21:19:30,OI311C8800,OI311C8800,219.5,0.0,0.0,0.0,14,214.0,217.5,8,219.5,209.0,0.0,0.0,0.0,0.0,147
2023-05-09 21:19:50,OI311C8800,OI311C8800,219.5,0.0,0.0,0.0,6,213.5,217.5,8,219.5,209.0,0.0,0.0,0.0,0.0,147
2023-05-09 21:19:50,OI311C8800,OI311C8800,219.5,0.0,0.0,0.0,6,213.0,217.5,32,219.5,209.0,0.0,0.0,0.0,0.0,147
2023-05-09 21:19:51,OI311C8800,OI311C8800,219.5,0.0,0.0,0.0,6,212.5,217.5,32,219.5,209.0,0.0,0.0,0.0,0.0,147
2023-05-09 21:19:53,OI311C8800,OI311C8800,219.5,0.0,0.0,0.0,12,212.5,217.5,32,219.5,209.0,0.0,0.0,0.0,0.0,147
2023-05-09 21:20:04,OI311C8800,OI311C8800,219.5,0.0,0.0,0.0,12,212.5,216.5,2,219.5,209.0,0.0,0.0,0.0,0.0,147
2023-05-09 21:20:04,OI311C8800,OI311C8800,219.5,0.0,0.0,0.0,12,212.5,216.5,8,219.5,209.0,0.0,0.0,0.0,0.0,147
2023-05-09 21:20:05,OI311C8800,OI311C8800,219.5,0.0,0.0,0.0,6,212.5,216.5,14,219.5,209.0,0.0,0.0,0.0,0.0,147
2023-05-09 21:20:05,OI311C8800,OI311C8800,219.5,0.0,0.0,0.0,12,212.0,216.5,20,219.5,209.0,0.0,0.0,0.0,0.0,147
2023-05-09 21:20:16,OI311C8800,OI311C8800,219.5,0.0,0.0,0.0,12,212.0,216.5,14,219.5,209.0,0.0,0.0,0.0,0.0,147
2023-05-09 21:21:03,OI311C8800,OI311C8800,219.5,0.0,0.0,0.0,2,213.0,216.5,14,219.5,209.0,0.0,0.0,0.0,0.0,147
2023-05-09 21:21:04,OI311C8800,OI311C8800,219.5,0.0,0.0,0.0,2,213.0,216.5,6,219.5,209.0,0.0,0.0,0.0,0.0,147
2023-05-09 21:21:04,OI311C8800,OI311C8800,219.5,0.0,0.0,0.0,2,213.0,217.0,6,219.5,209.0,0.0,0.0,0.0,0.0,147
2023-05-09 21:21:05,OI311C8800,OI311C8800,219.5,0.0,0.0,0.0,2,213.0,217.0,12,219.5,209.0,0.0,0.0,0.0,0.0,147
2023-05-09 21:21:05,OI311C8800,OI311C8800,219.5,0.0,0.0,0.0,2,213.0,217.0,18,219.5,209.0,0.0,0.0,0.0,0.0,147
2023-05-09 21:21:13,OI311C8800,OI311C8800,219.5,0.0,0.0,0.0,2,213.0,217.0,12,219.5,209.0,0.0,0.0,0.0,0.0,147
2023-05-09 21:21:13,OI311C8800,OI311C8800,219.5,0.0,0.0,0.0,2,213.0,217.0,6,219.5,209.0,0.0,0.0,0.0,0.0,147
2023-05-09 21:21:14,OI311C8800,OI311C8800,219.5,0.0,0.0,0.0,2,213.0,217.5,20,219.5,209.0,0.0,0.0,0.0,0.0,147
2023-05-09 21:22:22,OI311C8800,OI311C8800,219.5,0.0,0.0,0.0,2,213.0,217.5,26,219.5,209.0,0.0,0.0,0.0,0.0,147
2023-05-09 21:23:06,OI311C8800,OI311C8800,219.5,0.0,0.0,0.0,8,213.0,217.5,20,219.5,209.0,0.0,0.0,0.0,0.0,147
2023-05-09 21:24:12,OI311C8800,OI311C8800,219.5,0.0,0.0,0.0,2,213.0,217.5,26,219.5,209.0,0.0,0.0,0.0,0.0,147
2023-05-09 21:24:41,OI311C8800,OI311C8800,219.5,0.0,0.0,0.0,2,213.0,217.5,32,219.5,209.0,0.0,0.0,0.0,0.0,147
2023-05-09 21:24:53,OI311C8800,OI311C8800,219.5,0.0,0.0,0.0,18,212.5,217.5,32,219.5,209.0,0.0,0.0,0.0,0.0,147
2023-05-09 21:24:53,OI311C8800,OI311C8800,219.5,0.0,0.0,0.0,12,212.5,217.5,32,219.5,209.0,0.0,0.0,0.0,0.0,147
2023-05-09 21:24:54,OI311C8800,OI311C8800,219.5,0.0,0.0,0.0,12,212.5,216.0,2,219.5,209.0,0.0,0.0,0.0,0.0,147
2023-05-09 21:24:54,OI311C8800,OI311C8800,219.5,0.0,0.0,0.0,32,212.0,216.0,2,219.5,209.0,0.0,0.0,0.0,0.0,147
2023-05-09 21:24:55,OI311C8800,OI311C8800,219.5,0.0,0.0,0.0,38,212.0,216.0,8,219.5,209.0,0.0,0.0,0.0,0.0,147
2023-05-09 21:25:05,OI311C8800,OI311C8800,219.5,0.0,0.0,0.0,18,212.0,216.0,8,219.5,209.0,0.0,0.0,0.0,0.0,147
2023-05-09 21:25:09,OI311C8800,OI311C8800,219.5,0.0,0.0,0.0,6,212.0,216.0,8,219.5,209.0,0.0,0.0,0.0,0.0,147
2023-05-09 21:25:10,OI311C8800,OI311C8800,219.5,0.0,0.0,0.0,2,211.5,216.0,14,219.5,209.0,0.0,0.0,0.0,0.0,147
2023-05-09 21:25:11,OI311C8800,OI311C8800,219.5,0.0,0.0,0.0,2,211.5,216.0,20,219.5,209.0,0.0,0.0,0.0,0.0,147
2023-05-09 21:26:02,OI311C8800,OI311C8800,219.5,0.0,0.0,0.0,8,211.5,216.0,20,219.5,209.0,0.0,0.0,0.0,0.0,147
2023-05-09 21:26:02,OI311C8800,OI311C8800,219.5,0.0,0.0,0.0,6,212.0,216.0,20,219.5,209.0,0.0,0.0,0.0,0.0,147
2023-05-09 21:26:03,OI311C8800,OI311C8800,219.5,0.0,0.0,0.0,32,212.0,216.0,18,219.5,209.0,0.0,0.0,0.0,0.0,147
2023-05-09 21:26:04,OI311C8800,OI311C8800,219.5,0.0,0.0,0.0,2,213.0,216.0,12,219.5,209.0,0.0,0.0,0.0,0.0,147
2023-05-09 21:26:04,OI311C8800,OI311C8800,219.5,0.0,0.0,0.0,8,213.0,216.0,18,219.5,209.0,0.0,0.0,0.0,0.0,147
2023-05-09 21:26:05,OI311C8800,OI311C8800,219.5,0.0,0.0,0.0,8,213.0,216.0,12,219.5,209.0,0.0,0.0,0.0,0.0,147
2023-05-09 21:26:05,OI311C8800,OI311C8800,219.5,0.0,0.0,0.0,2,213.0,216.0,12,219.5,209.0,0.0,0.0,0.0,0.0,147
2023-05-09 21:26:05,OI311C8800,OI311C8800,219.5,0.0,0.0,0.0,2,213.0,216.0,18,219.5,209.0,0.0,0.0,0.0,0.0,147
2023-05-09 21:26:07,OI311C8800,OI311C8800,219.5,0.0,0.0,0.0,8,213.0,216.0,18,219.5,209.0,0.0,0.0,0.0,0.0,147
2023-05-09 21:26:27,OI311C8800,OI311C8800,219.5,0.0,0.0,0.0,2,213.0,216.0,18,219.5,209.0,0.0,0.0,0.0,0.0,147
2023-05-09 21:28:29,OI311C8800,OI311C8800,219.5,0.0,0.0,0.0,2,213.0,216.0,12,219.5,209.0,0.0,0.0,0.0,0.0,147
2023-05-09 21:28:29,OI311C8800,OI311C8800,219.5,0.0,0.0,0.0,2,213.0,216.0,18,219.5,209.0,0.0,0.0,0.0,0.0,147
2023-05-09 21:28:51,OI311C8800,OI311C8800,219.5,0.0,0.0,0.0,2,213.0,216.0,12,219.5,209.0,0.0,0.0,0.0,0.0,147
2023-05-09 21:28:51,OI311C8800,OI311C8800,219.5,0.0,0.0,0.0,2,213.0,216.0,18,219.5,209.0,0.0,0.0,0.0,0.0,147
2023-05-09 21:29:01,OI311C8800,OI311C8800,219.5,0.0,0.0,0.0,2,213.0,216.0,12,219.5,209.0,0.0,0.0,0.0,0.0,147
2023-05-09 21:29:01,OI311C8800,OI311C8800,219.5,0.0,0.0,0.0,2,213.0,216.0,6,219.5,209.0,0.0,0.0,0.0,0.0,147
2023-05-09 21:29:02,OI311C8800,OI311C8800,219.5,0.0,0.0,0.0,2,213.0,216.5,6,219.5,209.0,0.0,0.0,0.0,0.0,147
2023-05-09 21:29:03,OI311C8800,OI311C8800,219.5,0.0,0.0,0.0,14,213.0,217.5,20,219.5,209.0,0.0,0.0,0.0,0.0,147
2023-05-09 21:29:03,OI311C8800,OI311C8800,219.5,0.0,0.0,0.0,8,213.0,217.5,20,219.5,209.0,0.0,0.0,0.0,0.0,147
2023-05-09 21:29:03,OI311C8800,OI311C8800,219.5,0.0,0.0,0.0,8,213.0,217.5,26,219.5,209.0,0.0,0.0,0.0,0.0,147
2023-05-09 21:29:05,OI311C8800,OI311C8800,219.5,0.0,0.0,0.0,2,213.0,217.5,26,219.5,209.0,0.0,0.0,0.0,0.0,147
2023-05-09 21:29:12,OI311C8800,OI311C8800,219.5,0.0,0.0,0.0,8,213.0,217.5,26,219.5,209.0,0.0,0.0,0.0,0.0,147
2023-05-09 21:29:18,OI311C8800,OI311C8800,219.5,0.0,0.0,0.0,8,213.0,217.5,20,219.5,209.0,0.0,0.0,0.0,0.0,147
2023-05-09 21:29:18,OI311C8800,OI311C8800,219.5,0.0,0.0,0.0,14,213.0,217.5,14,219.5,209.0,0.0,0.0,0.0,0.0,147
2023-05-09 21:30:02,OI311C8800,OI311C8800,219.5,0.0,0.0,0.0,8,213.0,217.5,14,219.5,209.0,0.0,0.0,0.0,0.0,147
2023-05-09 21:30:02,OI311C8800,OI311C8800,219.5,0.0,0.0,0.0,2,213.0,217.5,20,219.5,209.0,0.0,0.0,0.0,0.0,147
2023-05-09 21:30:16,OI311C8800,OI311C8800,219.5,0.0,0.0,0.0,2,213.0,217.5,14,219.5,209.0,0.0,0.0,0.0,0.0,147
2023-05-09 21:30:17,OI311C8800,OI311C8800,219.5,0.0,0.0,0.0,2,213.0,217.5,26,219.5,209.0,0.0,0.0,0.0,0.0,147
2023-05-09 21:30:19,OI311C8800,OI311C8800,219.5,0.0,0.0,0.0,18,212.5,217.5,26,219.5,209.0,0.0,0.0,0.0,0.0,147
2023-05-09 21:30:19,OI311C8800,OI311C8800,219.5,0.0,0.0,0.0,14,211.5,216.0,8,219.5,209.0,0.0,0.0,0.0,0.0,147
2023-05-09 21:30:20,OI311C8800,OI311C8800,219.5,0.0,0.0,0.0,8,211.5,216.0,14,219.5,209.0,0.0,0.0,0.0,0.0,147
2023-05-09 21:30:20,OI311C8800,OI311C8800,219.5,0.0,0.0,0.0,8,211.5,216.0,20,219.5,209.0,0.0,0.0,0.0,0.0,147
2023-05-09 21:30:21,OI311C8800,OI311C8800,219.5,0.0,0.0,0.0,14,211.5,216.0,20,219.5,209.0,0.0,0.0,0.0,0.0,147
2023-05-09 21:30:21,OI311C8800,OI311C8800,219.5,0.0,0.0,0.0,14,211.5,216.0,26,219.5,209.0,0.0,0.0,0.0,0.0,147
2023-05-09 21:30:22,OI311C8800,OI311C8800,219.5,0.0,0.0,0.0,8,211.5,216.0,26,219.5,209.0,0.0,0.0,0.0,0.0,147
2023-05-09 21:30:22,OI311C8800,OI311C8800,219.5,0.0,0.0,0.0,2,211.5,216.0,26,219.5,209.0,0.0,0.0,0.0,0.0,147
2023-05-09 21:30:23,OI311C8800,OI311C8800,219.5,0.0,0.0,0.0,12,211.0,216.0,32,219.5,209.0,0.0,0.0,0.0,0.0,147
2023-05-09 21:30:23,OI311C8800,OI311C8800,219.5,0.0,0.0,0.0,6,211.0,216.0,32,219.5,209.0,0.0,0.0,0.0,0.0,147
2023-05-09 21:30:25,OI311C8800,OI311C8800,219.5,0.0,0.0,0.0,12,211.0,216.0,32,219.5,209.0,0.0,0.0,0.0,0.0,147
2023-05-09 21:30:26,OI311C8800,OI311C8800,219.5,0.0,0.0,0.0,12,211.0,216.0,26,219.5,209.0,0.0,0.0,0.0,0.0,147
2023-05-09 21:30:27,OI311C8800,OI311C8800,219.5,0.0,0.0,0.0,12,210.5,216.0,32,219.5,209.0,0.0,0.0,0.0,0.0,147
2023-05-09 21:30:27,OI311C8800,OI311C8800,219.5,0.0,0.0,0.0,14,210.0,214.5,2,219.5,209.0,0.0,0.0,0.0,0.0,147
2023-05-09 21:30:28,OI311C8800,OI311C8800,219.5,0.0,0.0,0.0,20,210.0,214.5,2,219.5,209.0,0.0,0.0,0.0,0.0,147
2023-05-09 21:30:28,OI311C8800,OI311C8800,219.5,0.0,0.0,0.0,20,210.0,214.5,8,219.5,209.0,0.0,0.0,0.0,0.0,147
2023-05-09 21:30:30,OI311C8800,OI311C8800,219.5,0.0,0.0,0.0,26,210.0,214.5,8,219.5,209.0,0.0,0.0,0.0,0.0,147
2023-05-09 21:30:31,OI311C8800,OI311C8800,219.5,0.0,0.0,0.0,20,210.0,214.5,8,219.5,209.0,0.0,0.0,0.0,0.0,147
2023-05-09 21:30:33,OI311C8800,OI311C8800,219.5,0.0,0.0,0.0,20,210.0,214.5,14,219.5,209.0,0.0,0.0,0.0,0.0,147
2023-05-09 21:30:33,OI311C8800,OI311C8800,219.5,0.0,0.0,0.0,20,210.0,214.5,20,219.5,209.0,0.0,0.0,0.0,0.0,147
2023-05-09 21:30:41,OI311C8800,OI311C8800,219.5,0.0,0.0,0.0,14,210.0,214.5,26,219.5,209.0,0.0,0.0,0.0,0.0,147
2023-05-09 21:30:42,OI311C8800,OI311C8800,219.5,0.0,0.0,0.0,14,210.0,214.5,20,219.5,209.0,0.0,0.0,0.0,0.0,147
2023-05-09 21:30:56,OI311C8800,OI311C8800,219.5,0.0,0.0,0.0,14,210.0,214.5,26,219.5,209.0,0.0,0.0,0.0,0.0,147
2023-05-09 21:31:04,OI311C8800,OI311C8800,219.5,0.0,0.0,0.0,14,210.0,214.5,20,219.5,209.0,0.0,0.0,0.0,0.0,147
2023-05-09 21:31:12,OI311C8800,OI311C8800,219.5,0.0,0.0,0.0,14,210.0,214.5,26,219.5,209.0,0.0,0.0,0.0,0.0,147
2023-05-09 21:31:14,OI311C8800,OI311C8800,219.5,0.0,0.0,0.0,2,210.0,214.5,20,219.5,209.0,0.0,0.0,0.0,0.0,147
2023-05-09 21:31:15,OI311C8800,OI311C8800,219.5,0.0,0.0,0.0,2,210.0,214.5,26,219.5,209.0,0.0,0.0,0.0,0.0,147
2023-05-09 21:31:21,OI311C8800,OI311C8800,219.5,0.0,0.0,0.0,2,210.0,214.5,20,219.5,209.0,0.0,0.0,0.0,0.0,147
2023-05-09 21:31:21,OI311C8800,OI311C8800,219.5,0.0,0.0,0.0,2,210.0,214.5,26,219.5,209.0,0.0,0.0,0.0,0.0,147
2023-05-09 21:31:26,OI311C8800,OI311C8800,219.5,0.0,0.0,0.0,2,210.0,214.5,32,219.5,209.0,0.0,0.0,0.0,0.0,147
2023-05-09 21:31:28,OI311C8800,OI311C8800,219.5,0.0,0.0,0.0,2,210.0,214.5,38,219.5,209.0,0.0,0.0,0.0,0.0,147
2023-05-09 21:31:37,OI311C8800,OI311C8800,219.5,0.0,0.0,0.0,12,209.0,214.5,32,219.5,209.0,0.0,0.0,0.0,0.0,147
2023-05-09 21:31:37,OI311C8800,OI311C8800,219.5,0.0,0.0,0.0,12,209.0,214.5,38,219.5,209.0,0.0,0.0,0.0,0.0,147
2023-05-09 21:31:38,OI311C8800,OI311C8800,219.5,0.0,0.0,0.0,18,209.0,213.0,8,219.5,209.0,0.0,0.0,0.0,0.0,147
2023-05-09 21:31:46,OI311C8800,OI311C8800,219.5,0.0,0.0,0.0,18,209.0,213.0,14,219.5,209.0,0.0,0.0,0.0,0.0,147
2023-05-09 21:31:47,OI311C8800,OI311C8800,219.5,0.0,0.0,0.0,18,209.0,213.0,20,219.5,209.0,0.0,0.0,0.0,0.0,147
2023-05-09 21:31:58,OI311C8800,OI311C8800,219.5,0.0,0.0,0.0,6,209.0,213.0,20,219.5,209.0,0.0,0.0,0.0,0.0,147
2023-05-09 21:31:59,OI311C8800,OI311C8800,219.5,0.0,0.0,0.0,46,208.0,213.0,20,219.5,209.0,0.0,0.0,0.0,0.0,147
2023-05-09 21:32:00,OI311C8800,OI311C8800,219.5,0.0,0.0,0.0,46,208.0,213.0,14,219.5,209.0,0.0,0.0,0.0,0.0,147
2023-05-09 21:32:02,OI311C8800,OI311C8800,219.5,0.0,0.0,0.0,20,208.0,213.0,20,219.5,209.0,0.0,0.0,0.0,0.0,147
2023-05-09 21:32:03,OI311C8800,OI311C8800,219.5,0.0,0.0,0.0,14,208.0,213.0,20,219.5,209.0,0.0,0.0,0.0,0.0,147
2023-05-09 21:32:03,OI311C8800,OI311C8800,219.5,0.0,0.0,0.0,20,208.0,213.0,20,219.5,209.0,0.0,0.0,0.0,0.0,147
2023-05-09 21:32:13,OI311C8800,OI311C8800,219.5,0.0,0.0,0.0,14,208.0,213.0,20,219.5,209.0,0.0,0.0,0.0,0.0,147
2023-05-09 21:32:18,OI311C8800,OI311C8800,219.5,0.0,0.0,0.0,14,208.0,213.0,32,219.5,209.0,0.0,0.0,0.0,0.0,147
2023-05-09 21:32:18,OI311C8800,OI311C8800,219.5,0.0,0.0,0.0,14,208.0,213.0,38,219.5,209.0,0.0,0.0,0.0,0.0,147
2023-05-09 21:32:19,OI311C8800,OI311C8800,219.5,0.0,0.0,0.0,2,208.0,213.0,38,219.5,209.0,0.0,0.0,0.0,0.0,147
2023-05-09 21:32:19,OI311C8800,OI311C8800,219.5,0.0,0.0,0.0,2,208.0,213.0,44,219.5,209.0,0.0,0.0,0.0,0.0,147
2023-05-09 21:32:20,OI311C8800,OI311C8800,219.5,0.0,0.0,0.0,2,208.0,211.5,2,219.5,209.0,0.0,0.0,0.0,0.0,147
2023-05-09 21:32:20,OI311C8800,OI311C8800,219.5,0.0,0.0,0.0,12,207.0,211.5,2,219.5,209.0,0.0,0.0,0.0,0.0,147
2023-05-09 21:32:21,OI311C8800,OI311C8800,219.5,0.0,0.0,0.0,6,206.5,211.5,14,219.5,209.0,0.0,0.0,0.0,0.0,147
2023-05-09 21:32:21,OI311C8800,OI311C8800,219.5,0.0,0.0,0.0,6,206.5,211.5,26,219.5,209.0,0.0,0.0,0.0,0.0,147
2023-05-09 21:32:21,OI311C8800,OI311C8800,219.5,0.0,0.0,0.0,6,206.5,211.5,20,219.5,209.0,0.0,0.0,0.0,0.0,147
2023-05-09 21:32:23,OI311C8800,OI311C8800,219.5,0.0,0.0,0.0,12,206.5,211.5,20,219.5,209.0,0.0,0.0,0.0,0.0,147
2023-05-09 21:32:23,OI311C8800,OI311C8800,219.5,0.0,0.0,0.0,12,206.5,211.5,32,219.5,209.0,0.0,0.0,0.0,0.0,147
2023-05-09 21:32:24,OI311C8800,OI311C8800,219.5,0.0,0.0,0.0,6,206.5,211.5,32,219.5,209.0,0.0,0.0,0.0,0.0,147
2023-05-09 21:32:24,OI311C8800,OI311C8800,219.5,0.0,0.0,0.0,12,206.0,211.5,32,219.5,209.0,0.0,0.0,0.0,0.0,147
2023-05-09 21:32:24,OI311C8800,OI311C8800,219.5,0.0,0.0,0.0,12,206.0,211.5,38,219.5,209.0,0.0,0.0,0.0,0.0,147
2023-05-09 21:32:26,OI311C8800,OI311C8800,219.5,0.0,0.0,0.0,6,206.0,211.5,64,219.5,209.0,0.0,0.0,0.0,0.0,147
2023-05-09 21:32:26,OI311C8800,OI311C8800,219.5,0.0,0.0,0.0,8,205.5,210.5,18,219.5,209.0,0.0,0.0,0.0,0.0,147
2023-05-09 21:32:27,OI311C8800,OI311C8800,219.5,0.0,0.0,0.0,6,204.5,209.0,20,219.5,209.0,0.0,0.0,0.0,0.0,147
2023-05-09 21:32:27,OI311C8800,OI311C8800,219.5,0.0,0.0,0.0,6,205.0,209.0,20,219.5,209.0,0.0,0.0,0.0,0.0,147
2023-05-09 21:32:29,OI311C8800,OI311C8800,219.5,0.0,0.0,0.0,6,204.5,209.0,20,219.5,209.0,0.0,0.0,0.0,0.0,147
2023-05-09 21:32:29,OI311C8800,OI311C8800,219.5,0.0,0.0,0.0,12,204.5,209.0,20,219.5,209.0,0.0,0.0,0.0,0.0,147
2023-05-09 21:32:32,OI311C8800,OI311C8800,219.5,0.0,0.0,0.0,6,204.5,209.0,26,219.5,209.0,0.0,0.0,0.0,0.0,147
2023-05-09 21:32:33,OI311C8800,OI311C8800,219.5,0.0,0.0,0.0,2,204.0,209.0,26,219.5,209.0,0.0,0.0,0.0,0.0,147
2023-05-09 21:32:33,OI311C8800,OI311C8800,219.5,0.0,0.0,0.0,2,204.0,209.0,32,219.5,209.0,0.0,0.0,0.0,0.0,147
2023-05-09 21:32:33,OI311C8800,OI311C8800,219.5,0.0,0.0,0.0,2,204.0,209.0,26,219.5,209.0,0.0,0.0,0.0,0.0,147
2023-05-09 21:32:39,OI311C8800,OI311C8800,219.5,0.0,0.0,0.0,8,204.0,209.0,26,219.5,209.0,0.0,0.0,0.0,0.0,147
2023-05-09 21:32:39,OI311C8800,OI311C8800,219.5,0.0,0.0,0.0,2,204.0,209.0,26,219.5,209.0,0.0,0.0,0.0,0.0,147
2023-05-09 21:32:43,OI311C8800,OI311C8800,219.5,0.0,0.0,0.0,2,204.0,209.0,38,219.5,209.0,0.0,0.0,0.0,0.0,147
2023-05-09 21:32:43,OI311C8800,OI311C8800,219.5,0.0,0.0,0.0,2,204.0,209.0,32,219.5,209.0,0.0,0.0,0.0,0.0,147
2023-05-09 21:32:47,OI311C8800,OI311C8800,219.5,0.0,0.0,0.0,8,204.0,209.0,32,219.5,209.0,0.0,0.0,0.0,0.0,147
2023-05-09 21:32:50,OI311C8800,OI311C8800,219.5,0.0,0.0,0.0,2,204.0,209.0,32,219.5,209.0,0.0,0.0,0.0,0.0,147
2023-05-09 21:32:52,OI311C8800,OI311C8800,219.5,0.0,0.0,0.0,8,204.0,209.0,32,219.5,209.0,0.0,0.0,0.0,0.0,147
2023-05-09 21:32:55,OI311C8800,OI311C8800,219.5,0.0,0.0,0.0,8,204.0,209.0,26,219.5,209.0,0.0,0.0,0.0,0.0,147
2023-05-09 21:32:59,OI311C8800,OI311C8800,219.5,0.0,0.0,0.0,2,205.5,209.0,20,219.5,209.0,0.0,0.0,0.0,0.0,147
2023-05-09 21:33:03,OI311C8800,OI311C8800,219.5,0.0,0.0,0.0,2,205.5,209.0,12,219.5,209.0,0.0,0.0,0.0,0.0,147
2023-05-09 21:33:03,OI311C8800,OI311C8800,219.5,0.0,0.0,0.0,2,205.5,209.0,18,219.5,209.0,0.0,0.0,0.0,0.0,147
2023-05-09 21:33:06,OI311C8800,OI311C8800,219.5,0.0,0.0,0.0,2,207.0,209.0,12,219.5,209.0,0.0,0.0,0.0,0.0,147
2023-05-09 21:33:07,OI311C8800,OI311C8800,219.5,0.0,0.0,0.0,2,207.0,209.0,18,219.5,209.0,0.0,0.0,0.0,0.0,147
2023-05-09 21:33:49,OI311C8800,OI311C8800,219.5,0.0,0.0,0.0,20,207.0,209.0,18,219.5,209.0,0.0,0.0,0.0,0.0,147
2023-05-09 21:33:52,OI311C8800,OI311C8800,219.5,0.0,0.0,0.0,26,207.0,209.0,18,219.5,209.0,0.0,0.0,0.0,0.0,147
2023-05-09 21:33:56,OI311C8800,OI311C8800,209.0,18.0,3762.0,6.0,2,208.5,209.5,6,219.5,209.0,209.0,209.0,18.0,3762.0,153
2023-05-09 21:33:57,OI311C8800,OI311C8800,209.0,0.0,0.0,0.0,26,207.0,209.5,6,219.5,209.0,209.0,209.0,18.0,3762.0,153
2023-05-09 21:33:57,OI311C8800,OI311C8800,209.0,0.0,0.0,0.0,26,207.0,211.5,2,219.5,209.0,209.0,209.0,18.0,3762.0,153
2023-05-09 21:33:58,OI311C8800,OI311C8800,209.0,0.0,0.0,0.0,32,207.0,210.0,6,219.5,209.0,209.0,209.0,18.0,3762.0,153
2023-05-09 21:33:58,OI311C8800,OI311C8800,209.0,0.0,0.0,0.0,32,207.0,211.5,2,219.5,209.0,209.0,209.0,18.0,3762.0,153
2023-05-09 21:33:59,OI311C8800,OI311C8800,209.0,0.0,0.0,0.0,26,207.0,210.5,6,219.5,209.0,209.0,209.0,18.0,3762.0,153
2023-05-09 21:33:59,OI311C8800,OI311C8800,209.0,0.0,0.0,0.0,26,207.0,211.5,2,219.5,209.0,209.0,209.0,18.0,3762.0,153
2023-05-09 21:34:00,OI311C8800,OI311C8800,209.0,0.0,0.0,0.0,38,207.0,211.0,6,219.5,209.0,209.0,209.0,18.0,3762.0,153
2023-05-09 21:34:00,OI311C8800,OI311C8800,209.0,0.0,0.0,0.0,38,207.0,211.5,2,219.5,209.0,209.0,209.0,18.0,3762.0,153
2023-05-09 21:34:01,OI311C8800,OI311C8800,209.0,0.0,0.0,0.0,38,207.0,211.5,8,219.5,209.0,209.0,209.0,18.0,3762.0,153
2023-05-09 21:34:01,OI311C8800,OI311C8800,209.0,0.0,0.0,0.0,38,207.0,211.5,2,219.5,209.0,209.0,209.0,18.0,3762.0,153
2023-05-09 21:34:02,OI311C8800,OI311C8800,209.0,0.0,0.0,0.0,6,208.0,211.5,2,219.5,209.0,209.0,209.0,18.0,3762.0,153
2023-05-09 21:34:03,OI311C8800,OI311C8800,209.0,0.0,0.0,0.0,12,208.0,211.5,2,219.5,209.0,209.0,209.0,18.0,3762.0,153
2023-05-09 21:34:03,OI311C8800,OI311C8800,209.0,0.0,0.0,0.0,18,208.0,211.5,2,219.5,209.0,209.0,209.0,18.0,3762.0,153
2023-05-09 21:34:04,OI311C8800,OI311C8800,209.0,0.0,0.0,0.0,12,208.0,211.5,2,219.5,209.0,209.0,209.0,18.0,3762.0,153
2023-05-09 21:34:05,OI311C8800,OI311C8800,209.0,0.0,0.0,0.0,18,207.5,211.5,2,219.5,209.0,209.0,209.0,18.0,3762.0,153
2023-05-09 21:34:05,OI311C8800,OI311C8800,209.0,0.0,0.0,0.0,24,207.5,211.5,2,219.5,209.0,209.0,209.0,18.0,3762.0,153
2023-05-09 21:34:06,OI311C8800,OI311C8800,209.0,0.0,0.0,0.0,18,207.5,211.5,2,219.5,209.0,209.0,209.0,18.0,3762.0,153
2023-05-09 21:34:07,OI311C8800,OI311C8800,209.0,0.0,0.0,0.0,12,207.5,211.5,2,219.5,209.0,209.0,209.0,18.0,3762.0,153
2023-05-09 21:34:08,OI311C8800,OI311C8800,209.0,0.0,0.0,0.0,32,207.0,211.5,2,219.5,209.0,209.0,209.0,18.0,3762.0,153
2023-05-09 21:34:08,OI311C8800,OI311C8800,209.0,0.0,0.0,0.0,38,207.0,211.5,2,219.5,209.0,209.0,209.0,18.0,3762.0,153
2023-05-09 21:34:09,OI311C8800,OI311C8800,209.0,0.0,0.0,0.0,32,207.0,211.5,2,219.5,209.0,209.0,209.0,18.0,3762.0,153
2023-05-09 21:34:11,OI311C8800,OI311C8800,209.0,0.0,0.0,0.0,32,207.0,210.0,6,219.5,209.0,209.0,209.0,18.0,3762.0,153
2023-05-09 21:34:13,OI311C8800,OI311C8800,209.0,0.0,0.0,0.0,24,207.0,210.0,6,219.5,209.0,209.0,209.0,18.0,3762.0,153
2023-05-09 21:34:17,OI311C8800,OI311C8800,209.0,0.0,0.0,0.0,12,207.5,210.0,6,219.5,209.0,209.0,209.0,18.0,3762.0,153
2023-05-09 21:34:17,OI311C8800,OI311C8800,209.0,0.0,0.0,0.0,18,207.5,210.0,6,219.5,209.0,209.0,209.0,18.0,3762.0,153
2023-05-09 21:34:22,OI311C8800,OI311C8800,209.0,0.0,0.0,0.0,24,207.5,210.5,12,219.5,209.0,209.0,209.0,18.0,3762.0,153
2023-05-09 21:34:23,OI311C8800,OI311C8800,209.0,0.0,0.0,0.0,12,207.5,210.5,6,219.5,209.0,209.0,209.0,18.0,3762.0,153
2023-05-09 21:34:23,OI311C8800,OI311C8800,209.0,0.0,0.0,0.0,30,207.5,211.0,6,219.5,209.0,209.0,209.0,18.0,3762.0,153
2023-05-09 21:34:24,OI311C8800,OI311C8800,209.0,0.0,0.0,0.0,30,207.5,211.5,2,219.5,209.0,209.0,209.0,18.0,3762.0,153
2023-05-09 21:34:25,OI311C8800,OI311C8800,209.0,0.0,0.0,0.0,36,207.5,211.5,8,219.5,209.0,209.0,209.0,18.0,3762.0,153
2023-05-09 21:34:25,OI311C8800,OI311C8800,209.0,0.0,0.0,0.0,36,207.5,211.5,2,219.5,209.0,209.0,209.0,18.0,3762.0,153
2023-05-09 21:35:04,OI311C8800,OI311C8800,209.0,0.0,0.0,0.0,6,208.5,211.5,2,219.5,209.0,209.0,209.0,18.0,3762.0,153
2023-05-09 21:35:05,OI311C8800,OI311C8800,209.0,0.0,0.0,0.0,24,208.5,211.5,2,219.5,209.0,209.0,209.0,18.0,3762.0,153
2023-05-09 21:35:07,OI311C8800,OI311C8800,209.0,0.0,0.0,0.0,30,208.5,211.5,2,219.5,209.0,209.0,209.0,18.0,3762.0,153
2023-05-09 21:35:13,OI311C8800,OI311C8800,209.0,0.0,0.0,0.0,30,208.5,212.0,12,219.5,209.0,209.0,209.0,18.0,3762.0,153
2023-05-09 21:35:14,OI311C8800,OI311C8800,209.0,0.0,0.0,0.0,44,208.5,212.0,6,219.5,209.0,209.0,209.0,18.0,3762.0,153
2023-05-09 21:35:14,OI311C8800,OI311C8800,209.0,0.0,0.0,0.0,50,208.5,212.5,6,219.5,209.0,209.0,209.0,18.0,3762.0,153
2023-05-09 21:35:15,OI311C8800,OI311C8800,209.0,0.0,0.0,0.0,50,208.5,213.5,6,219.5,209.0,209.0,209.0,18.0,3762.0,153
2023-05-09 21:35:16,OI311C8800,OI311C8800,209.0,0.0,0.0,0.0,56,208.5,213.0,6,219.5,209.0,209.0,209.0,18.0,3762.0,153
2023-05-09 21:35:16,OI311C8800,OI311C8800,209.0,0.0,0.0,0.0,50,208.5,213.5,6,219.5,209.0,209.0,209.0,18.0,3762.0,153
2023-05-09 21:35:17,OI311C8800,OI311C8800,209.0,0.0,0.0,0.0,56,208.5,213.5,12,219.5,209.0,209.0,209.0,18.0,3762.0,153
2023-05-09 21:35:17,OI311C8800,OI311C8800,209.0,0.0,0.0,0.0,56,208.5,213.5,6,219.5,209.0,209.0,209.0,18.0,3762.0,153
2023-05-09 21:35:22,OI311C8800,OI311C8800,209.0,0.0,0.0,0.0,36,208.5,213.5,6,219.5,209.0,209.0,209.0,18.0,3762.0,153
2023-05-09 21:35:24,OI311C8800,OI311C8800,209.0,0.0,0.0,0.0,30,208.5,213.5,12,219.5,209.0,209.0,209.0,18.0,3762.0,153
2023-05-09 21:35:25,OI311C8800,OI311C8800,209.0,0.0,0.0,0.0,30,208.5,212.0,6,219.5,209.0,209.0,209.0,18.0,3762.0,153
2023-05-09 21:35:34,OI311C8800,OI311C8800,209.0,0.0,0.0,0.0,24,208.5,212.0,12,219.5,209.0,209.0,209.0,18.0,3762.0,153
2023-05-09 21:35:36,OI311C8800,OI311C8800,209.0,0.0,0.0,0.0,18,208.5,212.0,18,219.5,209.0,209.0,209.0,18.0,3762.0,153
2023-05-09 21:35:43,OI311C8800,OI311C8800,209.0,0.0,0.0,0.0,18,208.5,210.5,6,219.5,209.0,209.0,209.0,18.0,3762.0,153
2023-05-09 21:35:43,OI311C8800,OI311C8800,209.0,0.0,0.0,0.0,6,208.5,210.5,6,219.5,209.0,209.0,209.0,18.0,3762.0,153
2023-05-09 21:35:44,OI311C8800,OI311C8800,209.0,0.0,0.0,0.0,18,208.0,210.5,6,219.5,209.0,209.0,209.0,18.0,3762.0,153
2023-05-09 21:35:44,OI311C8800,OI311C8800,209.0,0.0,0.0,0.0,24,208.0,210.5,6,219.5,209.0,209.0,209.0,18.0,3762.0,153
2023-05-09 21:35:52,OI311C8800,OI311C8800,209.0,0.0,0.0,0.0,18,208.0,210.5,6,219.5,209.0,209.0,209.0,18.0,3762.0,153
2023-05-09 21:36:00,OI311C8800,OI311C8800,209.0,0.0,0.0,0.0,6,208.0,210.5,6,219.5,209.0,209.0,209.0,18.0,3762.0,153
2023-05-09 21:36:01,OI311C8800,OI311C8800,209.0,0.0,0.0,0.0,24,207.5,210.5,6,219.5,209.0,209.0,209.0,18.0,3762.0,153
2023-05-09 21:36:02,OI311C8800,OI311C8800,209.0,0.0,0.0,0.0,18,207.5,210.5,6,219.5,209.0,209.0,209.0,18.0,3762.0,153
2023-05-09 21:36:04,OI311C8800,OI311C8800,209.0,0.0,0.0,0.0,6,208.0,210.5,6,219.5,209.0,209.0,209.0,18.0,3762.0,153
2023-05-09 21:36:05,OI311C8800,OI311C8800,209.0,0.0,0.0,0.0,12,208.0,210.5,6,219.5,209.0,209.0,209.0,18.0,3762.0,153
2023-05-09 21:36:08,OI311C8800,OI311C8800,209.0,0.0,0.0,0.0,6,208.0,210.5,6,219.5,209.0,209.0,209.0,18.0,3762.0,153
2023-05-09 21:36:09,OI311C8800,OI311C8800,209.0,0.0,0.0,0.0,24,207.5,210.5,6,219.5,209.0,209.0,209.0,18.0,3762.0,153
2023-05-09 21:36:10,OI311C8800,OI311C8800,209.0,0.0,0.0,0.0,18,207.5,210.5,6,219.5,209.0,209.0,209.0,18.0,3762.0,153
2023-05-09 21:36:24,OI311C8800,OI311C8800,209.0,0.0,0.0,0.0,24,207.5,210.5,6,219.5,209.0,209.0,209.0,18.0,3762.0,153
2023-05-09 21:36:24,OI311C8800,OI311C8800,209.0,0.0,0.0,0.0,24,207.5,211.0,6,219.5,209.0,209.0,209.0,18.0,3762.0,153
2023-05-09 21:36:25,OI311C8800,OI311C8800,209.0,0.0,0.0,0.0,30,207.5,211.0,6,219.5,209.0,209.0,209.0,18.0,3762.0,153
2023-05-09 21:36:26,OI311C8800,OI311C8800,209.0,0.0,0.0,0.0,24,207.5,212.0,6,219.5,209.0,209.0,209.0,18.0,3762.0,153
2023-05-09 21:36:26,OI311C8800,OI311C8800,209.0,0.0,0.0,0.0,30,207.5,211.5,6,219.5,209.0,209.0,209.0,18.0,3762.0,153
2023-05-09 21:36:27,OI311C8800,OI311C8800,209.0,0.0,0.0,0.0,30,207.5,212.0,6,219.5,209.0,209.0,209.0,18.0,3762.0,153
2023-05-09 21:36:27,OI311C8800,OI311C8800,209.0,0.0,0.0,0.0,30,207.5,212.0,12,219.5,209.0,209.0,209.0,18.0,3762.0,153
2023-05-09 21:36:28,OI311C8800,OI311C8800,209.0,0.0,0.0,0.0,24,207.5,212.0,6,219.5,209.0,209.0,209.0,18.0,3762.0,153
2023-05-09 21:36:29,OI311C8800,OI311C8800,209.0,0.0,0.0,0.0,30,207.5,212.0,6,219.5,209.0,209.0,209.0,18.0,3762.0,153
2023-05-09 21:37:02,OI311C8800,OI311C8800,209.0,0.0,0.0,0.0,6,208.0,212.0,6,219.5,209.0,209.0,209.0,18.0,3762.0,153
2023-05-09 21:37:07,OI311C8800,OI311C8800,209.0,0.0,0.0,0.0,36,207.5,212.0,6,219.5,209.0,209.0,209.0,18.0,3762.0,153
2023-05-09 21:37:08,OI311C8800,OI311C8800,209.0,0.0,0.0,0.0,30,207.5,212.0,6,219.5,209.0,209.0,209.0,18.0,3762.0,153
2023-05-09 21:37:09,OI311C8800,OI311C8800,209.0,0.0,0.0,0.0,6,208.0,212.0,6,219.5,209.0,209.0,209.0,18.0,3762.0,153
2023-05-09 21:37:52,OI311C8800,OI311C8800,209.0,0.0,0.0,0.0,12,208.0,212.0,6,219.5,209.0,209.0,209.0,18.0,3762.0,153
2023-05-09 21:38:00,OI311C8800,OI311C8800,209.0,0.0,0.0,0.0,6,208.0,212.0,6,219.5,209.0,209.0,209.0,18.0,3762.0,153
2023-05-09 21:38:06,OI311C8800,OI311C8800,209.0,0.0,0.0,0.0,6,208.0,211.0,6,219.5,209.0,209.0,209.0,18.0,3762.0,153
2023-05-09 21:38:07,OI311C8800,OI311C8800,209.0,0.0,0.0,0.0,24,207.5,211.0,6,219.5,209.0,209.0,209.0,18.0,3762.0,153
2023-05-09 21:38:07,OI311C8800,OI311C8800,209.0,0.0,0.0,0.0,30,207.5,211.0,6,219.5,209.0,209.0,209.0,18.0,3762.0,153
2023-05-09 21:38:08,OI311C8800,OI311C8800,209.0,0.0,0.0,0.0,24,207.5,211.0,6,219.5,209.0,209.0,209.0,18.0,3762.0,153
2023-05-09 21:38:14,OI311C8800,OI311C8800,209.0,0.0,0.0,0.0,24,207.5,209.5,6,219.5,209.0,209.0,209.0,18.0,3762.0,153
2023-05-09 21:38:20,OI311C8800,OI311C8800,209.0,0.0,0.0,0.0,18,207.5,209.5,6,219.5,209.0,209.0,209.0,18.0,3762.0,153
2023-05-09 21:38:28,OI311C8800,OI311C8800,209.0,0.0,0.0,0.0,12,207.5,209.5,6,219.5,209.0,209.0,209.0,18.0,3762.0,153
2023-05-09 21:38:29,OI311C8800,OI311C8800,209.0,0.0,0.0,0.0,18,207.5,209.5,6,219.5,209.0,209.0,209.0,18.0,3762.0,153
2023-05-09 21:38:42,OI311C8800,OI311C8800,209.0,0.0,0.0,0.0,6,207.5,209.5,6,219.5,209.0,209.0,209.0,18.0,3762.0,153
2023-05-09 21:38:43,OI311C8800,OI311C8800,209.0,0.0,0.0,0.0,24,207.0,209.5,6,219.5,209.0,209.0,209.0,18.0,3762.0,153
2023-05-09 21:38:44,OI311C8800,OI311C8800,209.0,0.0,0.0,0.0,18,207.0,209.5,6,219.5,209.0,209.0,209.0,18.0,3762.0,153
2023-05-09 21:38:45,OI311C8800,OI311C8800,209.0,0.0,0.0,0.0,12,207.0,209.5,6,219.5,209.0,209.0,209.0,18.0,3762.0,153
2023-05-09 21:38:46,OI311C8800,OI311C8800,209.0,0.0,0.0,0.0,6,207.0,209.5,6,219.5,209.0,209.0,209.0,18.0,3762.0,153
2023-05-09 21:38:47,OI311C8800,OI311C8800,209.0,0.0,0.0,0.0,12,207.0,209.5,6,219.5,209.0,209.0,209.0,18.0,3762.0,153
2023-05-09 21:38:48,OI311C8800,OI311C8800,209.0,0.0,0.0,0.0,18,207.0,209.5,6,219.5,209.0,209.0,209.0,18.0,3762.0,153
2023-05-09 21:38:52,OI311C8800,OI311C8800,209.0,0.0,0.0,0.0,12,207.0,209.5,6,219.5,209.0,209.0,209.0,18.0,3762.0,153
2023-05-09 21:38:53,OI311C8800,OI311C8800,209.0,0.0,0.0,0.0,18,207.0,209.5,6,219.5,209.0,209.0,209.0,18.0,3762.0,153
2023-05-09 21:39:05,OI311C8800,OI311C8800,209.0,0.0,0.0,0.0,12,207.0,209.5,6,219.5,209.0,209.0,209.0,18.0,3762.0,153
2023-05-09 21:39:06,OI311C8800,OI311C8800,209.0,0.0,0.0,0.0,18,206.5,209.5,6,219.5,209.0,209.0,209.0,18.0,3762.0,153
2023-05-09 21:39:07,OI311C8800,OI311C8800,209.0,0.0,0.0,0.0,6,206.5,209.5,6,219.5,209.0,209.0,209.0,18.0,3762.0,153
2023-05-09 21:39:07,OI311C8800,OI311C8800,209.0,0.0,0.0,0.0,30,206.0,209.5,6,219.5,209.0,209.0,209.0,18.0,3762.0,153
2023-05-09 21:39:08,OI311C8800,OI311C8800,209.0,0.0,0.0,0.0,24,206.0,209.5,6,219.5,209.0,209.0,209.0,18.0,3762.0,153
2023-05-09 21:39:29,OI311C8800,OI311C8800,209.0,0.0,0.0,0.0,24,206.0,208.0,6,219.5,209.0,209.0,209.0,18.0,3762.0,153
2023-05-09 21:40:00,OI311C8800,OI311C8800,209.0,0.0,0.0,0.0,18,206.0,208.0,6,219.5,209.0,209.0,209.0,18.0,3762.0,153
2023-05-09 21:40:02,OI311C8800,OI311C8800,209.0,0.0,0.0,0.0,24,206.0,208.0,6,219.5,209.0,209.0,209.0,18.0,3762.0,153
2023-05-09 21:40:02,OI311C8800,OI311C8800,209.0,0.0,0.0,0.0,18,206.0,208.0,6,219.5,209.0,209.0,209.0,18.0,3762.0,153
2023-05-09 21:40:03,OI311C8800,OI311C8800,209.0,0.0,0.0,0.0,18,206.0,208.5,6,219.5,209.0,209.0,209.0,18.0,3762.0,153
2023-05-09 21:40:03,OI311C8800,OI311C8800,209.0,0.0,0.0,0.0,24,206.0,208.5,6,219.5,209.0,209.0,209.0,18.0,3762.0,153
2023-05-09 21:40:04,OI311C8800,OI311C8800,209.0,0.0,0.0,0.0,24,206.0,209.5,6,219.5,209.0,209.0,209.0,18.0,3762.0,153
2023-05-09 21:40:04,OI311C8800,OI311C8800,209.0,0.0,0.0,0.0,36,206.0,209.0,6,219.5,209.0,209.0,209.0,18.0,3762.0,153
2023-05-09 21:40:05,OI311C8800,OI311C8800,209.0,0.0,0.0,0.0,36,206.0,209.5,6,219.5,209.0,209.0,209.0,18.0,3762.0,153
2023-05-09 21:40:05,OI311C8800,OI311C8800,209.0,0.0,0.0,0.0,36,206.0,209.5,12,219.5,209.0,209.0,209.0,18.0,3762.0,153
2023-05-09 21:40:06,OI311C8800,OI311C8800,209.0,0.0,0.0,0.0,36,206.0,209.5,6,219.5,209.0,209.0,209.0,18.0,3762.0,153
2023-05-09 21:40:08,OI311C8800,OI311C8800,209.0,0.0,0.0,0.0,30,206.0,209.5,6,219.5,209.0,209.0,209.0,18.0,3762.0,153
2023-05-09 21:40:21,OI311C8800,OI311C8800,209.0,0.0,0.0,0.0,24,206.0,209.5,6,219.5,209.0,209.0,209.0,18.0,3762.0,153
2023-05-09 21:40:29,OI311C8800,OI311C8800,209.0,0.0,0.0,0.0,24,206.0,209.5,12,219.5,209.0,209.0,209.0,18.0,3762.0,153
2023-05-09 21:40:30,OI311C8800,OI311C8800,209.0,0.0,0.0,0.0,24,206.0,209.5,6,219.5,209.0,209.0,209.0,18.0,3762.0,153
2023-05-09 21:40:33,OI311C8800,OI311C8800,209.0,0.0,0.0,0.0,24,206.0,209.5,12,219.5,209.0,209.0,209.0,18.0,3762.0,153
2023-05-09 21:40:34,OI311C8800,OI311C8800,209.0,0.0,0.0,0.0,24,206.0,209.5,6,219.5,209.0,209.0,209.0,18.0,3762.0,153
2023-05-09 21:40:36,OI311C8800,OI311C8800,209.0,0.0,0.0,0.0,24,206.0,209.5,12,219.5,209.0,209.0,209.0,18.0,3762.0,153
2023-05-09 21:40:38,OI311C8800,OI311C8800,209.0,0.0,0.0,0.0,24,206.0,208.0,6,219.5,209.0,209.0,209.0,18.0,3762.0,153
2023-05-09 21:40:38,OI311C8800,OI311C8800,209.0,0.0,0.0,0.0,18,206.0,208.0,6,219.5,209.0,209.0,209.0,18.0,3762.0,153
2023-05-09 21:42:43,OI311C8800,OI311C8800,209.0,0.0,0.0,0.0,18,206.0,208.5,12,219.5,209.0,209.0,209.0,18.0,3762.0,153
2023-05-09 21:42:43,OI311C8800,OI311C8800,209.0,0.0,0.0,0.0,12,206.0,208.5,6,219.5,209.0,209.0,209.0,18.0,3762.0,153
2023-05-09 21:42:43,OI311C8800,OI311C8800,209.0,0.0,0.0,0.0,24,206.0,209.0,6,219.5,209.0,209.0,209.0,18.0,3762.0,153
2023-05-09 21:42:44,OI311C8800,OI311C8800,209.0,0.0,0.0,0.0,24,206.0,209.5,6,219.5,209.0,209.0,209.0,18.0,3762.0,153
2023-05-09 21:42:44,OI311C8800,OI311C8800,209.0,0.0,0.0,0.0,24,206.0,209.0,6,219.5,209.0,209.0,209.0,18.0,3762.0,153
2023-05-09 21:42:45,OI311C8800,OI311C8800,209.0,0.0,0.0,0.0,30,206.0,209.5,12,219.5,209.0,209.0,209.0,18.0,3762.0,153
2023-05-09 21:42:45,OI311C8800,OI311C8800,209.0,0.0,0.0,0.0,24,206.0,209.5,6,219.5,209.0,209.0,209.0,18.0,3762.0,153
2023-05-09 21:42:46,OI311C8800,OI311C8800,209.0,0.0,0.0,0.0,30,206.0,209.5,6,219.5,209.0,209.0,209.0,18.0,3762.0,153
2023-05-09 21:42:46,OI311C8800,OI311C8800,209.0,0.0,0.0,0.0,24,206.0,209.5,6,219.5,209.0,209.0,209.0,18.0,3762.0,153
2023-05-09 21:42:54,OI311C8800,OI311C8800,209.0,0.0,0.0,0.0,44,206.0,209.5,6,219.5,209.0,209.0,209.0,18.0,3762.0,153
2023-05-09 21:42:55,OI311C8800,OI311C8800,209.0,0.0,0.0,0.0,6,206.5,209.5,6,219.5,209.0,209.0,209.0,18.0,3762.0,153
2023-05-09 21:42:56,OI311C8800,OI311C8800,209.0,0.0,0.0,0.0,44,206.0,209.5,6,219.5,209.0,209.0,209.0,18.0,3762.0,153
2023-05-09 21:42:57,OI311C8800,OI311C8800,209.0,0.0,0.0,0.0,50,206.0,209.5,6,219.5,209.0,209.0,209.0,18.0,3762.0,153
2023-05-09 21:42:57,OI311C8800,OI311C8800,209.0,0.0,0.0,0.0,44,206.0,209.5,6,219.5,209.0,209.0,209.0,18.0,3762.0,153
2023-05-09 21:43:01,OI311C8800,OI311C8800,209.0,0.0,0.0,0.0,50,206.0,209.5,6,219.5,209.0,209.0,209.0,18.0,3762.0,153
2023-05-09 21:43:02,OI311C8800,OI311C8800,209.0,0.0,0.0,0.0,62,206.0,210.0,6,219.5,209.0,209.0,209.0,18.0,3762.0,153
2023-05-09 21:43:03,OI311C8800,OI311C8800,209.0,0.0,0.0,0.0,56,206.0,211.5,18,219.5,209.0,209.0,209.0,18.0,3762.0,153
2023-05-09 21:43:03,OI311C8800,OI311C8800,209.0,0.0,0.0,0.0,56,206.0,210.5,6,219.5,209.0,209.0,209.0,18.0,3762.0,153
2023-05-09 21:43:04,OI311C8800,OI311C8800,209.0,0.0,0.0,0.0,6,206.5,211.5,12,219.5,209.0,209.0,209.0,18.0,3762.0,153
2023-05-09 21:43:04,OI311C8800,OI311C8800,209.0,0.0,0.0,0.0,6,206.5,211.0,6,219.5,209.0,209.0,209.0,18.0,3762.0,153
2023-05-09 21:43:04,OI311C8800,OI311C8800,209.0,0.0,0.0,0.0,6,206.5,211.5,12,219.5,209.0,209.0,209.0,18.0,3762.0,153
2023-05-09 21:43:04,OI311C8800,OI311C8800,209.0,0.0,0.0,0.0,6,206.5,211.0,6,219.5,209.0,209.0,209.0,18.0,3762.0,153
2023-05-09 21:43:05,OI311C8800,OI311C8800,209.0,0.0,0.0,0.0,6,206.5,211.5,18,219.5,209.0,209.0,209.0,18.0,3762.0,153
2023-05-09 21:43:05,OI311C8800,OI311C8800,209.0,0.0,0.0,0.0,6,206.5,211.5,24,219.5,209.0,209.0,209.0,18.0,3762.0,153
2023-05-09 21:43:06,OI311C8800,OI311C8800,209.0,0.0,0.0,0.0,6,206.5,211.5,18,219.5,209.0,209.0,209.0,18.0,3762.0,153
2023-05-09 21:43:09,OI311C8800,OI311C8800,209.0,0.0,0.0,0.0,6,206.5,211.5,24,219.5,209.0,209.0,209.0,18.0,3762.0,153
2023-05-09 21:43:18,OI311C8800,OI311C8800,209.0,0.0,0.0,0.0,6,206.5,210.0,6,219.5,209.0,209.0,209.0,18.0,3762.0,153
2023-05-09 21:43:19,OI311C8800,OI311C8800,209.0,0.0,0.0,0.0,18,206.5,210.0,6,219.5,209.0,209.0,209.0,18.0,3762.0,153
2023-05-09 21:43:19,OI311C8800,OI311C8800,209.0,0.0,0.0,0.0,24,206.5,210.0,6,219.5,209.0,209.0,209.0,18.0,3762.0,153
2023-05-09 21:43:25,OI311C8800,OI311C8800,209.0,0.0,0.0,0.0,24,206.5,210.0,12,219.5,209.0,209.0,209.0,18.0,3762.0,153
2023-05-09 21:43:29,OI311C8800,OI311C8800,209.0,0.0,0.0,0.0,24,206.5,210.0,18,219.5,209.0,209.0,209.0,18.0,3762.0,153
2023-05-09 21:43:37,OI311C8800,OI311C8800,209.0,0.0,0.0,0.0,24,206.5,210.0,12,219.5,209.0,209.0,209.0,18.0,3762.0,153
2023-05-09 21:43:42,OI311C8800,OI311C8800,209.0,0.0,0.0,0.0,18,206.5,210.0,12,219.5,209.0,209.0,209.0,18.0,3762.0,153
2023-05-09 21:43:54,OI311C8800,OI311C8800,209.0,0.0,0.0,0.0,18,206.5,210.0,6,219.5,209.0,209.0,209.0,18.0,3762.0,153
2023-05-09 21:44:02,OI311C8800,OI311C8800,209.0,0.0,0.0,0.0,12,206.5,210.5,20,219.5,209.0,209.0,209.0,18.0,3762.0,153
2023-05-09 21:44:02,OI311C8800,OI311C8800,209.0,0.0,0.0,0.0,6,206.5,210.5,20,219.5,209.0,209.0,209.0,18.0,3762.0,153
2023-05-09 21:44:03,OI311C8800,OI311C8800,209.0,0.0,0.0,0.0,6,206.5,210.5,14,219.5,209.0,209.0,209.0,18.0,3762.0,153
2023-05-09 21:44:03,OI311C8800,OI311C8800,209.0,0.0,0.0,0.0,44,206.0,210.5,8,219.5,209.0,209.0,209.0,18.0,3762.0,153
2023-05-09 21:44:04,OI311C8800,OI311C8800,209.0,0.0,0.0,0.0,38,206.0,210.5,8,219.5,209.0,209.0,209.0,18.0,3762.0,153
2023-05-09 21:44:12,OI311C8800,OI311C8800,209.0,0.0,0.0,0.0,38,206.0,210.5,2,219.5,209.0,209.0,209.0,18.0,3762.0,153
2023-05-09 21:44:22,OI311C8800,OI311C8800,209.0,0.0,0.0,0.0,38,206.0,210.5,8,219.5,209.0,209.0,209.0,18.0,3762.0,153
2023-05-09 21:44:25,OI311C8800,OI311C8800,209.0,0.0,0.0,0.0,38,206.0,210.5,14,219.5,209.0,209.0,209.0,18.0,3762.0,153
2023-05-09 21:44:29,OI311C8800,OI311C8800,209.0,0.0,0.0,0.0,32,206.0,209.5,2,219.5,209.0,209.0,209.0,18.0,3762.0,153
2023-05-09 21:44:29,OI311C8800,OI311C8800,209.0,0.0,0.0,0.0,38,206.0,209.5,2,219.5,209.0,209.0,209.0,18.0,3762.0,153
2023-05-09 21:45:06,OI311C8800,OI311C8800,209.0,0.0,0.0,0.0,18,206.0,209.5,2,219.5,209.0,209.0,209.0,18.0,3762.0,153
2023-05-09 21:45:16,OI311C8800,OI311C8800,209.0,0.0,0.0,0.0,18,206.0,209.5,8,219.5,209.0,209.0,209.0,18.0,3762.0,153
2023-05-09 21:45:17,OI311C8800,OI311C8800,209.0,0.0,0.0,0.0,18,206.0,209.5,2,219.5,209.0,209.0,209.0,18.0,3762.0,153
2023-05-09 21:45:17,OI311C8800,OI311C8800,209.0,0.0,0.0,0.0,18,206.0,209.5,8,219.5,209.0,209.0,209.0,18.0,3762.0,153
2023-05-09 21:45:17,OI311C8800,OI311C8800,209.0,0.0,0.0,0.0,18,206.0,209.5,2,219.5,209.0,209.0,209.0,18.0,3762.0,153
2023-05-09 21:45:20,OI311C8800,OI311C8800,209.0,0.0,0.0,0.0,18,206.0,209.5,14,219.5,209.0,209.0,209.0,18.0,3762.0,153
2023-05-09 21:45:22,OI311C8800,OI311C8800,209.0,0.0,0.0,0.0,18,206.0,209.5,8,219.5,209.0,209.0,209.0,18.0,3762.0,153
2023-05-09 21:45:23,OI311C8800,OI311C8800,209.0,0.0,0.0,0.0,18,206.0,209.5,14,219.5,209.0,209.0,209.0,18.0,3762.0,153
2023-05-09 21:45:27,OI311C8800,OI311C8800,209.0,0.0,0.0,0.0,12,206.0,208.0,2,219.5,209.0,209.0,209.0,18.0,3762.0,153
2023-05-09 21:45:28,OI311C8800,OI311C8800,209.0,0.0,0.0,0.0,18,205.5,208.0,2,219.5,209.0,209.0,209.0,18.0,3762.0,153
2023-05-09 21:45:28,OI311C8800,OI311C8800,209.0,0.0,0.0,0.0,24,205.5,208.0,2,219.5,209.0,209.0,209.0,18.0,3762.0,153
2023-05-09 21:45:29,OI311C8800,OI311C8800,209.0,0.0,0.0,0.0,18,205.5,208.0,2,219.5,209.0,209.0,209.0,18.0,3762.0,153
2023-05-09 21:45:30,OI311C8800,OI311C8800,209.0,0.0,0.0,0.0,12,205.5,208.0,2,219.5,209.0,209.0,209.0,18.0,3762.0,153
2023-05-09 21:45:30,OI311C8800,OI311C8800,209.0,0.0,0.0,0.0,6,205.5,208.0,2,219.5,209.0,209.0,209.0,18.0,3762.0,153
2023-05-09 21:45:31,OI311C8800,OI311C8800,209.0,0.0,0.0,0.0,6,205.5,208.0,8,219.5,209.0,209.0,209.0,18.0,3762.0,153
2023-05-09 21:45:31,OI311C8800,OI311C8800,209.0,0.0,0.0,0.0,6,205.5,208.0,2,219.5,209.0,209.0,209.0,18.0,3762.0,153
2023-05-09 21:45:32,OI311C8800,OI311C8800,209.0,0.0,0.0,0.0,30,205.0,208.0,8,219.5,209.0,209.0,209.0,18.0,3762.0,153
2023-05-09 21:45:32,OI311C8800,OI311C8800,209.0,0.0,0.0,0.0,30,205.0,208.0,2,219.5,209.0,209.0,209.0,18.0,3762.0,153
2023-05-09 21:45:32,OI311C8800,OI311C8800,209.0,0.0,0.0,0.0,30,205.0,208.0,8,219.5,209.0,209.0,209.0,18.0,3762.0,153
2023-05-09 21:45:32,OI311C8800,OI311C8800,209.0,0.0,0.0,0.0,30,205.0,208.0,2,219.5,209.0,209.0,209.0,18.0,3762.0,153
2023-05-09 21:45:33,OI311C8800,OI311C8800,209.0,0.0,0.0,0.0,24,205.0,208.0,2,219.5,209.0,209.0,209.0,18.0,3762.0,153
2023-05-09 21:45:35,OI311C8800,OI311C8800,209.0,0.0,0.0,0.0,18,205.0,208.0,8,219.5,209.0,209.0,209.0,18.0,3762.0,153
2023-05-09 21:45:37,OI311C8800,OI311C8800,209.0,0.0,0.0,0.0,18,205.0,208.0,20,219.5,209.0,209.0,209.0,18.0,3762.0,153
2023-05-09 21:45:38,OI311C8800,OI311C8800,209.0,0.0,0.0,0.0,18,205.0,208.0,14,219.5,209.0,209.0,209.0,18.0,3762.0,153
2023-05-09 21:45:41,OI311C8800,OI311C8800,209.0,0.0,0.0,0.0,18,205.0,208.0,8,219.5,209.0,209.0,209.0,18.0,3762.0,153
2023-05-09 21:45:44,OI311C8800,OI311C8800,209.0,0.0,0.0,0.0,18,205.0,208.0,2,219.5,209.0,209.0,209.0,18.0,3762.0,153
2023-05-09 21:46:07,OI311C8800,OI311C8800,209.0,0.0,0.0,0.0,12,205.0,208.0,2,219.5,209.0,209.0,209.0,18.0,3762.0,153
2023-05-09 21:46:08,OI311C8800,OI311C8800,209.0,0.0,0.0,0.0,6,205.0,208.0,2,219.5,209.0,209.0,209.0,18.0,3762.0,153
2023-05-09 21:46:09,OI311C8800,OI311C8800,209.0,0.0,0.0,0.0,50,204.5,208.0,2,219.5,209.0,209.0,209.0,18.0,3762.0,153
2023-05-09 21:46:10,OI311C8800,OI311C8800,209.0,0.0,0.0,0.0,44,204.5,208.0,2,219.5,209.0,209.0,209.0,18.0,3762.0,153
2023-05-09 21:46:32,OI311C8800,OI311C8800,209.0,0.0,0.0,0.0,44,204.5,208.0,8,219.5,209.0,209.0,209.0,18.0,3762.0,153
2023-05-09 21:46:35,OI311C8800,OI311C8800,209.0,0.0,0.0,0.0,44,204.5,208.0,2,219.5,209.0,209.0,209.0,18.0,3762.0,153
2023-05-09 21:46:39,OI311C8800,OI311C8800,209.0,0.0,0.0,0.0,44,204.5,208.0,8,219.5,209.0,209.0,209.0,18.0,3762.0,153
2023-05-09 21:46:40,OI311C8800,OI311C8800,209.0,0.0,0.0,0.0,18,204.5,207.0,2,219.5,209.0,209.0,209.0,18.0,3762.0,153
2023-05-09 21:46:41,OI311C8800,OI311C8800,209.0,0.0,0.0,0.0,18,204.5,207.0,8,219.5,209.0,209.0,209.0,18.0,3762.0,153
2023-05-09 21:46:41,OI311C8800,OI311C8800,209.0,0.0,0.0,0.0,12,204.5,207.0,8,219.5,209.0,209.0,209.0,18.0,3762.0,153
2023-05-09 21:46:42,OI311C8800,OI311C8800,209.0,0.0,0.0,0.0,12,204.0,207.0,8,219.5,209.0,209.0,209.0,18.0,3762.0,153
2023-05-09 21:46:43,OI311C8800,OI311C8800,209.0,0.0,0.0,0.0,18,204.0,207.0,2,219.5,209.0,209.0,209.0,18.0,3762.0,153
2023-05-09 21:46:43,OI311C8800,OI311C8800,209.0,0.0,0.0,0.0,6,204.0,207.0,2,219.5,209.0,209.0,209.0,18.0,3762.0,153
2023-05-09 21:46:44,OI311C8800,OI311C8800,209.0,0.0,0.0,0.0,12,203.5,207.0,2,219.5,209.0,209.0,209.0,18.0,3762.0,153
2023-05-09 21:46:44,OI311C8800,OI311C8800,209.0,0.0,0.0,0.0,30,203.5,207.0,2,219.5,209.0,209.0,209.0,18.0,3762.0,153
2023-05-09 21:46:45,OI311C8800,OI311C8800,209.0,0.0,0.0,0.0,24,203.5,207.0,2,219.5,209.0,209.0,209.0,18.0,3762.0,153
2023-05-09 21:47:36,OI311C8800,OI311C8800,209.0,0.0,0.0,0.0,26,203.5,207.5,12,219.5,209.0,209.0,209.0,18.0,3762.0,153
2023-05-09 21:47:36,OI311C8800,OI311C8800,209.0,0.0,0.0,0.0,6,204.5,207.5,6,219.5,209.0,209.0,209.0,18.0,3762.0,153
2023-05-09 21:47:37,OI311C8800,OI311C8800,209.0,0.0,0.0,0.0,12,204.5,208.0,14,219.5,209.0,209.0,209.0,18.0,3762.0,153
2023-05-09 21:47:38,OI311C8800,OI311C8800,209.0,0.0,0.0,0.0,18,204.5,208.0,14,219.5,209.0,209.0,209.0,18.0,3762.0,153
2023-05-09 21:47:38,OI311C8800,OI311C8800,209.0,0.0,0.0,0.0,18,204.5,208.0,2,219.5,209.0,209.0,209.0,18.0,3762.0,153
2023-05-09 21:47:38,OI311C8800,OI311C8800,209.0,0.0,0.0,0.0,24,204.5,208.0,2,219.5,209.0,209.0,209.0,18.0,3762.0,153
2023-05-09 21:47:55,OI311C8800,OI311C8800,209.0,0.0,0.0,0.0,44,204.5,208.0,2,219.5,209.0,209.0,209.0,18.0,3762.0,153
2023-05-09 21:48:00,OI311C8800,OI311C8800,209.0,0.0,0.0,0.0,38,204.5,208.0,2,219.5,209.0,209.0,209.0,18.0,3762.0,153
2023-05-09 21:48:29,OI311C8800,OI311C8800,209.0,0.0,0.0,0.0,32,204.5,208.0,8,219.5,209.0,209.0,209.0,18.0,3762.0,153
2023-05-09 21:48:36,OI311C8800,OI311C8800,209.0,0.0,0.0,0.0,32,204.5,208.0,2,219.5,209.0,209.0,209.0,18.0,3762.0,153
2023-05-09 21:48:40,OI311C8800,OI311C8800,209.0,0.0,0.0,0.0,38,204.5,208.0,2,219.5,209.0,209.0,209.0,18.0,3762.0,153
2023-05-09 21:49:35,OI311C8800,OI311C8800,209.0,0.0,0.0,0.0,18,204.5,208.0,2,219.5,209.0,209.0,209.0,18.0,3762.0,153
2023-05-09 21:49:38,OI311C8800,OI311C8800,209.0,0.0,0.0,0.0,12,204.5,208.0,2,219.5,209.0,209.0,209.0,18.0,3762.0,153
2023-05-09 21:49:39,OI311C8800,OI311C8800,209.0,0.0,0.0,0.0,24,204.0,208.0,2,219.5,209.0,209.0,209.0,18.0,3762.0,153
2023-05-09 21:49:39,OI311C8800,OI311C8800,209.0,0.0,0.0,0.0,30,204.0,208.0,2,219.5,209.0,209.0,209.0,18.0,3762.0,153
2023-05-09 21:49:39,OI311C8800,OI311C8800,209.0,0.0,0.0,0.0,24,204.0,208.0,2,219.5,209.0,209.0,209.0,18.0,3762.0,153
2023-05-09 21:49:51,OI311C8800,OI311C8800,209.0,0.0,0.0,0.0,26,204.5,208.0,2,219.5,209.0,209.0,209.0,18.0,3762.0,153
2023-05-09 21:49:55,OI311C8800,OI311C8800,209.0,0.0,0.0,0.0,32,204.5,208.0,2,219.5,209.0,209.0,209.0,18.0,3762.0,153
2023-05-09 21:50:12,OI311C8800,OI311C8800,209.0,0.0,0.0,0.0,50,204.5,208.0,2,219.5,209.0,209.0,209.0,18.0,3762.0,153
2023-05-09 21:50:13,OI311C8800,OI311C8800,209.0,0.0,0.0,0.0,56,204.5,208.5,6,219.5,209.0,209.0,209.0,18.0,3762.0,153
2023-05-09 21:50:13,OI311C8800,OI311C8800,209.0,0.0,0.0,0.0,2,205.0,208.5,6,219.5,209.0,209.0,209.0,18.0,3762.0,153
2023-05-09 21:50:14,OI311C8800,OI311C8800,209.0,0.0,0.0,0.0,8,205.0,210.0,6,219.5,209.0,209.0,209.0,18.0,3762.0,153
2023-05-09 21:50:14,OI311C8800,OI311C8800,209.0,0.0,0.0,0.0,14,205.0,209.0,6,219.5,209.0,209.0,209.0,18.0,3762.0,153
2023-05-09 21:50:15,OI311C8800,OI311C8800,209.0,0.0,0.0,0.0,20,205.0,209.5,8,219.5,209.0,209.0,209.0,18.0,3762.0,153
2023-05-09 21:50:15,OI311C8800,OI311C8800,209.0,0.0,0.0,0.0,20,205.0,209.5,2,219.5,209.0,209.0,209.0,18.0,3762.0,153
2023-05-09 21:50:23,OI311C8800,OI311C8800,209.0,0.0,0.0,0.0,6,205.5,209.5,2,219.5,209.0,209.0,209.0,18.0,3762.0,153
2023-05-09 21:50:25,OI311C8800,OI311C8800,209.0,0.0,0.0,0.0,12,205.5,209.5,2,219.5,209.0,209.0,209.0,18.0,3762.0,153
2023-05-09 21:50:25,OI311C8800,OI311C8800,209.0,0.0,0.0,0.0,18,205.5,209.5,2,219.5,209.0,209.0,209.0,18.0,3762.0,153
2023-05-09 21:50:36,OI311C8800,OI311C8800,209.0,0.0,0.0,0.0,6,206.5,210.0,6,219.5,209.0,209.0,209.0,18.0,3762.0,153
2023-05-09 21:50:36,OI311C8800,OI311C8800,209.0,0.0,0.0,0.0,12,206.5,210.0,6,219.5,209.0,209.0,209.0,18.0,3762.0,153
2023-05-09 21:50:37,OI311C8800,OI311C8800,209.0,0.0,0.0,0.0,24,206.5,211.5,20,219.5,209.0,209.0,209.0,18.0,3762.0,153
2023-05-09 21:50:37,OI311C8800,OI311C8800,209.0,0.0,0.0,0.0,18,206.5,210.5,6,219.5,209.0,209.0,209.0,18.0,3762.0,153
2023-05-09 21:50:38,OI311C8800,OI311C8800,209.0,0.0,0.0,0.0,18,206.5,211.5,8,219.5,209.0,209.0,209.0,18.0,3762.0,153
2023-05-09 21:50:38,OI311C8800,OI311C8800,209.0,0.0,0.0,0.0,24,206.5,211.0,6,219.5,209.0,209.0,209.0,18.0,3762.0,153
2023-05-09 21:50:39,OI311C8800,OI311C8800,209.0,0.0,0.0,0.0,24,206.5,211.5,8,219.5,209.0,209.0,209.0,18.0,3762.0,153
2023-05-09 21:50:39,OI311C8800,OI311C8800,209.0,0.0,0.0,0.0,24,206.5,211.5,14,219.5,209.0,209.0,209.0,18.0,3762.0,153
2023-05-09 21:50:39,OI311C8800,OI311C8800,209.0,0.0,0.0,0.0,24,206.5,211.5,8,219.5,209.0,209.0,209.0,18.0,3762.0,153
2023-05-09 21:50:55,OI311C8800,OI311C8800,209.0,0.0,0.0,0.0,18,206.5,211.5,8,219.5,209.0,209.0,209.0,18.0,3762.0,153
2023-05-09 21:50:58,OI311C8800,OI311C8800,209.0,0.0,0.0,0.0,30,206.5,211.5,8,219.5,209.0,209.0,209.0,18.0,3762.0,153
2023-05-09 21:50:59,OI311C8800,OI311C8800,209.0,0.0,0.0,0.0,24,206.5,211.5,8,219.5,209.0,209.0,209.0,18.0,3762.0,153
2023-05-09 21:50:59,OI311C8800,OI311C8800,209.0,0.0,0.0,0.0,6,207.0,211.5,8,219.5,209.0,209.0,209.0,18.0,3762.0,153
2023-05-09 21:51:00,OI311C8800,OI311C8800,209.0,0.0,0.0,0.0,18,207.0,211.5,8,219.5,209.0,209.0,209.0,18.0,3762.0,153
2023-05-09 21:51:00,OI311C8800,OI311C8800,209.0,0.0,0.0,0.0,24,207.0,211.5,2,219.5,209.0,209.0,209.0,18.0,3762.0,153
2023-05-09 21:51:03,OI311C8800,OI311C8800,209.0,0.0,0.0,0.0,12,207.0,211.5,2,219.5,209.0,209.0,209.0,18.0,3762.0,153
2023-05-09 21:51:03,OI311C8800,OI311C8800,209.0,0.0,0.0,0.0,6,207.0,211.5,2,219.5,209.0,209.0,209.0,18.0,3762.0,153
2023-05-09 21:51:04,OI311C8800,OI311C8800,209.0,0.0,0.0,0.0,18,207.0,211.5,2,219.5,209.0,209.0,209.0,18.0,3762.0,153
2023-05-09 21:51:07,OI311C8800,OI311C8800,209.0,0.0,0.0,0.0,30,207.0,211.5,2,219.5,209.0,209.0,209.0,18.0,3762.0,153
2023-05-09 21:51:09,OI311C8800,OI311C8800,209.0,0.0,0.0,0.0,18,207.0,211.5,2,219.5,209.0,209.0,209.0,18.0,3762.0,153
2023-05-09 21:51:09,OI311C8800,OI311C8800,209.0,0.0,0.0,0.0,24,207.0,211.5,2,219.5,209.0,209.0,209.0,18.0,3762.0,153
2023-05-09 21:51:11,OI311C8800,OI311C8800,209.0,0.0,0.0,0.0,30,207.0,211.5,2,219.5,209.0,209.0,209.0,18.0,3762.0,153
2023-05-09 21:51:13,OI311C8800,OI311C8800,209.0,0.0,0.0,0.0,24,207.0,211.5,2,219.5,209.0,209.0,209.0,18.0,3762.0,153
2023-05-09 21:51:14,OI311C8800,OI311C8800,209.0,0.0,0.0,0.0,30,207.0,211.5,2,219.5,209.0,209.0,209.0,18.0,3762.0,153
2023-05-09 21:51:15,OI311C8800,OI311C8800,209.0,0.0,0.0,0.0,24,207.0,211.5,2,219.5,209.0,209.0,209.0,18.0,3762.0,153
2023-05-09 21:51:16,OI311C8800,OI311C8800,209.0,0.0,0.0,0.0,30,207.0,211.5,2,219.5,209.0,209.0,209.0,18.0,3762.0,153
2023-05-09 21:51:17,OI311C8800,OI311C8800,209.0,0.0,0.0,0.0,24,207.0,211.5,2,219.5,209.0,209.0,209.0,18.0,3762.0,153
2023-05-09 21:51:49,OI311C8800,OI311C8800,209.0,0.0,0.0,0.0,18,207.0,211.5,8,219.5,209.0,209.0,209.0,18.0,3762.0,153
2023-05-09 21:52:02,OI311C8800,OI311C8800,209.0,0.0,0.0,0.0,18,207.0,210.5,2,219.5,209.0,209.0,209.0,18.0,3762.0,153
2023-05-09 21:52:08,OI311C8800,OI311C8800,209.0,0.0,0.0,0.0,12,207.0,210.5,2,219.5,209.0,209.0,209.0,18.0,3762.0,153
2023-05-09 21:52:08,OI311C8800,OI311C8800,209.0,0.0,0.0,0.0,20,207.5,210.5,2,219.5,209.0,209.0,209.0,18.0,3762.0,153
2023-05-09 21:52:09,OI311C8800,OI311C8800,209.0,0.0,0.0,0.0,32,207.5,210.5,2,219.5,209.0,209.0,209.0,18.0,3762.0,153
2023-05-09 21:52:10,OI311C8800,OI311C8800,209.0,0.0,0.0,0.0,38,207.5,210.5,2,219.5,209.0,209.0,209.0,18.0,3762.0,153
2023-05-09 21:52:24,OI311C8800,OI311C8800,209.0,0.0,0.0,0.0,18,207.5,210.5,2,219.5,209.0,209.0,209.0,18.0,3762.0,153
2023-05-09 21:52:39,OI311C8800,OI311C8800,209.0,0.0,0.0,0.0,38,207.5,210.5,2,219.5,209.0,209.0,209.0,18.0,3762.0,153
2023-05-09 21:52:48,OI311C8800,OI311C8800,209.0,0.0,0.0,0.0,18,207.5,210.5,2,219.5,209.0,209.0,209.0,18.0,3762.0,153
2023-05-09 21:52:58,OI311C8800,OI311C8800,209.0,0.0,0.0,0.0,18,207.5,209.0,2,219.5,209.0,209.0,209.0,18.0,3762.0,153
2023-05-09 21:52:58,OI311C8800,OI311C8800,209.0,0.0,0.0,0.0,6,207.5,209.0,2,219.5,209.0,209.0,209.0,18.0,3762.0,153
2023-05-09 21:53:00,OI311C8800,OI311C8800,209.0,0.0,0.0,0.0,18,207.5,209.0,2,219.5,209.0,209.0,209.0,18.0,3762.0,153
2023-05-09 21:53:00,OI311C8800,OI311C8800,209.0,0.0,0.0,0.0,12,207.5,209.0,2,219.5,209.0,209.0,209.0,18.0,3762.0,153
2023-05-09 21:53:01,OI311C8800,OI311C8800,209.0,0.0,0.0,0.0,18,207.5,209.0,2,219.5,209.0,209.0,209.0,18.0,3762.0,153
2023-05-09 21:53:02,OI311C8800,OI311C8800,209.0,0.0,0.0,0.0,12,207.5,209.0,2,219.5,209.0,209.0,209.0,18.0,3762.0,153
2023-05-09 21:53:02,OI311C8800,OI311C8800,209.0,0.0,0.0,0.0,6,207.5,209.0,2,219.5,209.0,209.0,209.0,18.0,3762.0,153
2023-05-09 21:53:05,OI311C8800,OI311C8800,207.5,6.0,1242.0,0.0,18,207.0,209.0,2,219.5,209.0,209.0,207.5,24.0,5004.0,153
2023-05-09 21:53:06,OI311C8800,OI311C8800,207.5,0.0,0.0,0.0,12,207.0,209.0,2,219.5,209.0,209.0,207.5,24.0,5004.0,153
2023-05-09 21:53:06,OI311C8800,OI311C8800,207.5,0.0,0.0,0.0,24,206.5,209.0,2,219.5,209.0,209.0,207.5,24.0,5004.0,153
2023-05-09 21:53:07,OI311C8800,OI311C8800,207.5,0.0,0.0,0.0,18,206.5,209.0,2,219.5,209.0,209.0,207.5,24.0,5004.0,153
2023-05-09 21:53:20,OI311C8800,OI311C8800,207.5,0.0,0.0,0.0,12,206.5,209.0,2,219.5,209.0,209.0,207.5,24.0,5004.0,153
2023-05-09 21:53:21,OI311C8800,OI311C8800,207.5,0.0,0.0,0.0,32,206.0,209.0,2,219.5,209.0,209.0,207.5,24.0,5004.0,153
2023-05-09 21:53:21,OI311C8800,OI311C8800,207.5,0.0,0.0,0.0,38,206.0,209.0,2,219.5,209.0,209.0,207.5,24.0,5004.0,153
2023-05-09 21:53:21,OI311C8800,OI311C8800,207.5,0.0,0.0,0.0,32,206.0,209.0,2,219.5,209.0,209.0,207.5,24.0,5004.0,153
2023-05-09 21:53:25,OI311C8800,OI311C8800,207.5,0.0,0.0,0.0,6,206.0,209.0,8,219.5,209.0,209.0,207.5,24.0,5004.0,153
2023-05-09 21:53:25,OI311C8800,OI311C8800,207.5,0.0,0.0,0.0,24,205.5,209.0,8,219.5,209.0,209.0,207.5,24.0,5004.0,153
2023-05-09 21:53:25,OI311C8800,OI311C8800,207.5,0.0,0.0,0.0,24,205.5,209.0,14,219.5,209.0,209.0,207.5,24.0,5004.0,153
2023-05-09 21:53:26,OI311C8800,OI311C8800,207.5,0.0,0.0,0.0,18,205.5,209.0,20,219.5,209.0,209.0,207.5,24.0,5004.0,153
2023-05-09 21:53:27,OI311C8800,OI311C8800,207.5,0.0,0.0,0.0,12,205.5,209.0,20,219.5,209.0,209.0,207.5,24.0,5004.0,153
2023-05-09 21:53:28,OI311C8800,OI311C8800,207.5,0.0,0.0,0.0,26,205.0,209.0,26,219.5,209.0,209.0,207.5,24.0,5004.0,153
2023-05-09 21:53:28,OI311C8800,OI311C8800,207.5,0.0,0.0,0.0,24,205.0,209.0,20,219.5,209.0,209.0,207.5,24.0,5004.0,153
2023-05-09 21:53:28,OI311C8800,OI311C8800,207.5,0.0,0.0,0.0,18,205.0,209.0,20,219.5,209.0,209.0,207.5,24.0,5004.0,153
2023-05-09 21:53:41,OI311C8800,OI311C8800,207.5,0.0,0.0,0.0,6,205.0,209.0,14,219.5,209.0,209.0,207.5,24.0,5004.0,153
2023-05-09 21:53:42,OI311C8800,OI311C8800,207.5,0.0,0.0,0.0,38,204.5,209.0,14,219.5,209.0,209.0,207.5,24.0,5004.0,153
2023-05-09 21:53:43,OI311C8800,OI311C8800,207.5,0.0,0.0,0.0,32,204.5,209.0,14,219.5,209.0,209.0,207.5,24.0,5004.0,153
2023-05-09 21:53:46,OI311C8800,OI311C8800,207.5,0.0,0.0,0.0,32,204.5,208.0,6,219.5,209.0,209.0,207.5,24.0,5004.0,153
2023-05-09 21:53:47,OI311C8800,OI311C8800,207.5,0.0,0.0,0.0,12,204.5,208.0,6,219.5,209.0,209.0,207.5,24.0,5004.0,153
2023-05-09 21:53:47,OI311C8800,OI311C8800,207.5,0.0,0.0,0.0,18,204.0,208.0,6,219.5,209.0,209.0,207.5,24.0,5004.0,153
2023-05-09 21:53:47,OI311C8800,OI311C8800,207.5,0.0,0.0,0.0,24,204.0,208.0,6,219.5,209.0,209.0,207.5,24.0,5004.0,153
2023-05-09 21:53:48,OI311C8800,OI311C8800,207.5,0.0,0.0,0.0,18,204.0,208.0,6,219.5,209.0,209.0,207.5,24.0,5004.0,153
2023-05-09 21:54:10,OI311C8800,OI311C8800,207.5,0.0,0.0,0.0,24,204.0,208.0,6,219.5,209.0,209.0,207.5,24.0,5004.0,153
2023-05-09 21:54:13,OI311C8800,OI311C8800,207.5,0.0,0.0,0.0,30,204.0,208.0,6,219.5,209.0,209.0,207.5,24.0,5004.0,153
2023-05-09 21:54:15,OI311C8800,OI311C8800,207.5,0.0,0.0,0.0,24,204.0,208.0,6,219.5,209.0,209.0,207.5,24.0,5004.0,153
2023-05-09 21:54:16,OI311C8800,OI311C8800,207.5,0.0,0.0,0.0,30,204.0,208.0,6,219.5,209.0,209.0,207.5,24.0,5004.0,153
2023-05-09 21:54:22,OI311C8800,OI311C8800,207.5,0.0,0.0,0.0,24,204.0,208.0,6,219.5,209.0,209.0,207.5,24.0,5004.0,153
2023-05-09 21:54:34,OI311C8800,OI311C8800,207.5,0.0,0.0,0.0,26,204.5,208.0,6,219.5,209.0,209.0,207.5,24.0,5004.0,153
2023-05-09 21:54:44,OI311C8800,OI311C8800,207.5,0.0,0.0,0.0,6,204.5,208.0,6,219.5,209.0,209.0,207.5,24.0,5004.0,153
2023-05-09 21:54:44,OI311C8800,OI311C8800,207.5,0.0,0.0,0.0,30,204.0,208.0,6,219.5,209.0,209.0,207.5,24.0,5004.0,153
2023-05-09 21:54:45,OI311C8800,OI311C8800,207.5,0.0,0.0,0.0,24,204.0,208.0,6,219.5,209.0,209.0,207.5,24.0,5004.0,153
2023-05-09 21:55:11,OI311C8800,OI311C8800,207.5,0.0,0.0,0.0,20,204.5,208.0,6,219.5,209.0,209.0,207.5,24.0,5004.0,153
2023-05-09 21:55:11,OI311C8800,OI311C8800,207.5,0.0,0.0,0.0,26,204.5,208.0,6,219.5,209.0,209.0,207.5,24.0,5004.0,153
2023-05-09 21:55:33,OI311C8800,OI311C8800,207.5,0.0,0.0,0.0,24,204.0,208.0,6,219.5,209.0,209.0,207.5,24.0,5004.0,153
2023-05-09 21:55:33,OI311C8800,OI311C8800,207.5,0.0,0.0,0.0,30,204.0,208.0,6,219.5,209.0,209.0,207.5,24.0,5004.0,153
2023-05-09 21:55:34,OI311C8800,OI311C8800,207.5,0.0,0.0,0.0,24,204.0,208.0,6,219.5,209.0,209.0,207.5,24.0,5004.0,153
2023-05-09 21:55:42,OI311C8800,OI311C8800,207.5,0.0,0.0,0.0,20,204.5,208.0,6,219.5,209.0,209.0,207.5,24.0,5004.0,153
2023-05-09 21:55:42,OI311C8800,OI311C8800,207.5,0.0,0.0,0.0,26,204.5,208.0,6,219.5,209.0,209.0,207.5,24.0,5004.0,153
2023-05-09 21:56:40,OI311C8800,OI311C8800,207.5,0.0,0.0,0.0,6,204.5,208.0,6,219.5,209.0,209.0,207.5,24.0,5004.0,153
2023-05-09 21:56:41,OI311C8800,OI311C8800,207.5,0.0,0.0,0.0,30,204.0,208.0,6,219.5,209.0,209.0,207.5,24.0,5004.0,153
2023-05-09 21:56:42,OI311C8800,OI311C8800,207.5,0.0,0.0,0.0,24,204.0,208.0,6,219.5,209.0,209.0,207.5,24.0,5004.0,153
2023-05-09 21:56:48,OI311C8800,OI311C8800,207.5,0.0,0.0,0.0,26,204.5,208.0,6,219.5,209.0,209.0,207.5,24.0,5004.0,153
2023-05-09 21:56:58,OI311C8800,OI311C8800,207.5,0.0,0.0,0.0,26,204.5,208.5,12,219.5,209.0,209.0,207.5,24.0,5004.0,153
2023-05-09 21:56:58,OI311C8800,OI311C8800,207.5,0.0,0.0,0.0,26,204.5,208.5,6,219.5,209.0,209.0,207.5,24.0,5004.0,153
2023-05-09 21:56:59,OI311C8800,OI311C8800,207.5,0.0,0.0,0.0,20,204.5,209.0,26,219.5,209.0,209.0,207.5,24.0,5004.0,153
2023-05-09 21:57:00,OI311C8800,OI311C8800,207.5,0.0,0.0,0.0,26,204.5,209.0,20,219.5,209.0,209.0,207.5,24.0,5004.0,153
2023-05-09 21:57:00,OI311C8800,OI311C8800,207.5,0.0,0.0,0.0,26,204.5,209.0,14,219.5,209.0,209.0,207.5,24.0,5004.0,153
2023-05-09 21:57:11,OI311C8800,OI311C8800,207.5,0.0,0.0,0.0,30,204.0,209.0,20,219.5,209.0,209.0,207.5,24.0,5004.0,153
2023-05-09 21:57:11,OI311C8800,OI311C8800,207.5,0.0,0.0,0.0,30,204.0,209.0,8,219.5,209.0,209.0,207.5,24.0,5004.0,153
2023-05-09 21:57:12,OI311C8800,OI311C8800,207.5,0.0,0.0,0.0,24,204.0,209.0,8,219.5,209.0,209.0,207.5,24.0,5004.0,153
2023-05-09 21:57:15,OI311C8800,OI311C8800,207.5,0.0,0.0,0.0,24,204.0,209.0,14,219.5,209.0,209.0,207.5,24.0,5004.0,153
2023-05-09 21:57:15,OI311C8800,OI311C8800,207.5,0.0,0.0,0.0,24,204.0,209.0,8,219.5,209.0,209.0,207.5,24.0,5004.0,153
2023-05-09 21:57:16,OI311C8800,OI311C8800,207.5,0.0,0.0,0.0,30,204.0,209.0,8,219.5,209.0,209.0,207.5,24.0,5004.0,153
2023-05-09 21:57:16,OI311C8800,OI311C8800,207.5,0.0,0.0,0.0,20,204.5,209.0,8,219.5,209.0,209.0,207.5,24.0,5004.0,153
2023-05-09 21:57:17,OI311C8800,OI311C8800,207.5,0.0,0.0,0.0,26,204.5,209.0,8,219.5,209.0,209.0,207.5,24.0,5004.0,153
2023-05-09 21:57:26,OI311C8800,OI311C8800,207.5,0.0,0.0,0.0,32,204.5,209.0,8,219.5,209.0,209.0,207.5,24.0,5004.0,153
2023-05-09 21:57:28,OI311C8800,OI311C8800,207.5,0.0,0.0,0.0,6,205.0,209.0,8,219.5,209.0,209.0,207.5,24.0,5004.0,153
2023-05-09 21:57:28,OI311C8800,OI311C8800,207.5,0.0,0.0,0.0,18,205.0,209.0,14,219.5,209.0,209.0,207.5,24.0,5004.0,153
2023-05-09 21:57:46,OI311C8800,OI311C8800,207.5,0.0,0.0,0.0,24,205.0,209.0,14,219.5,209.0,209.0,207.5,24.0,5004.0,153
2023-05-09 21:57:47,OI311C8800,OI311C8800,207.5,0.0,0.0,0.0,30,205.0,209.0,14,219.5,209.0,209.0,207.5,24.0,5004.0,153
2023-05-09 21:57:48,OI311C8800,OI311C8800,207.5,0.0,0.0,0.0,6,205.5,209.0,6,219.5,209.0,209.0,207.5,24.0,5004.0,153
2023-05-09 21:57:48,OI311C8800,OI311C8800,207.5,0.0,0.0,0.0,6,206.5,209.5,18,219.5,209.0,209.0,207.5,24.0,5004.0,153
2023-05-09 21:57:49,OI311C8800,OI311C8800,207.5,0.0,0.0,0.0,6,206.5,209.5,12,219.5,209.0,209.0,207.5,24.0,5004.0,153
2023-05-09 21:57:49,OI311C8800,OI311C8800,207.5,0.0,0.0,0.0,6,206.5,209.5,6,219.5,209.0,209.0,207.5,24.0,5004.0,153
2023-05-09 21:57:50,OI311C8800,OI311C8800,207.5,0.0,0.0,0.0,6,206.5,210.0,18,219.5,209.0,209.0,207.5,24.0,5004.0,153
2023-05-09 21:57:51,OI311C8800,OI311C8800,207.5,0.0,0.0,0.0,6,206.5,210.0,6,219.5,209.0,209.0,207.5,24.0,5004.0,153
2023-05-09 21:57:52,OI311C8800,OI311C8800,207.5,0.0,0.0,0.0,12,206.5,210.5,18,219.5,209.0,209.0,207.5,24.0,5004.0,153
2023-05-09 21:57:53,OI311C8800,OI311C8800,207.5,0.0,0.0,0.0,12,206.5,210.5,6,219.5,209.0,209.0,207.5,24.0,5004.0,153
2023-05-09 21:57:53,OI311C8800,OI311C8800,207.5,0.0,0.0,0.0,24,206.5,211.0,12,219.5,209.0,209.0,207.5,24.0,5004.0,153
2023-05-09 21:57:54,OI311C8800,OI311C8800,207.5,0.0,0.0,0.0,30,206.5,211.0,12,219.5,209.0,209.0,207.5,24.0,5004.0,153
2023-05-09 21:57:54,OI311C8800,OI311C8800,207.5,0.0,0.0,0.0,30,206.5,211.0,6,219.5,209.0,209.0,207.5,24.0,5004.0,153
2023-05-09 21:57:55,OI311C8800,OI311C8800,207.5,0.0,0.0,0.0,30,206.5,211.5,18,219.5,209.0,209.0,207.5,24.0,5004.0,153
2023-05-09 21:57:55,OI311C8800,OI311C8800,207.5,0.0,0.0,0.0,30,206.5,211.5,12,219.5,209.0,209.0,207.5,24.0,5004.0,153
2023-05-09 21:57:56,OI311C8800,OI311C8800,207.5,0.0,0.0,0.0,36,206.5,212.0,24,219.5,209.0,209.0,207.5,24.0,5004.0,153
2023-05-09 21:57:56,OI311C8800,OI311C8800,207.5,0.0,0.0,0.0,36,206.5,212.0,18,219.5,209.0,209.0,207.5,24.0,5004.0,153
2023-05-09 21:57:57,OI311C8800,OI311C8800,207.5,0.0,0.0,0.0,36,206.5,212.0,12,219.5,209.0,209.0,207.5,24.0,5004.0,153
2023-05-09 21:57:58,OI311C8800,OI311C8800,207.5,0.0,0.0,0.0,12,207.0,212.0,18,219.5,209.0,209.0,207.5,24.0,5004.0,153
2023-05-09 21:57:59,OI311C8800,OI311C8800,207.5,0.0,0.0,0.0,6,207.5,212.0,18,219.5,209.0,209.0,207.5,24.0,5004.0,153
2023-05-09 21:58:04,OI311C8800,OI311C8800,207.5,0.0,0.0,0.0,12,207.5,212.0,18,219.5,209.0,209.0,207.5,24.0,5004.0,153
2023-05-09 21:58:05,OI311C8800,OI311C8800,207.5,0.0,0.0,0.0,38,207.5,212.0,18,219.5,209.0,209.0,207.5,24.0,5004.0,153
2023-05-09 21:58:05,OI311C8800,OI311C8800,207.5,0.0,0.0,0.0,32,207.5,212.0,18,219.5,209.0,209.0,207.5,24.0,5004.0,153
2023-05-09 21:58:06,OI311C8800,OI311C8800,207.5,0.0,0.0,0.0,6,208.0,212.0,18,219.5,209.0,209.0,207.5,24.0,5004.0,153
2023-05-09 21:58:06,OI311C8800,OI311C8800,207.5,0.0,0.0,0.0,6,208.5,212.0,18,219.5,209.0,209.0,207.5,24.0,5004.0,153
2023-05-09 21:58:09,OI311C8800,OI311C8800,207.5,0.0,0.0,0.0,6,208.5,212.0,12,219.5,209.0,209.0,207.5,24.0,5004.0,153
2023-05-09 21:58:10,OI311C8800,OI311C8800,207.5,0.0,0.0,0.0,24,208.5,212.0,6,219.5,209.0,209.0,207.5,24.0,5004.0,153
2023-05-09 21:58:10,OI311C8800,OI311C8800,207.5,0.0,0.0,0.0,6,209.0,212.5,18,219.5,209.0,209.0,207.5,24.0,5004.0,153
2023-05-09 21:58:11,OI311C8800,OI311C8800,207.5,0.0,0.0,0.0,26,209.0,212.5,6,219.5,209.0,209.0,207.5,24.0,5004.0,153
2023-05-09 21:58:12,OI311C8800,OI311C8800,207.5,0.0,0.0,0.0,12,209.5,213.0,18,219.5,209.0,209.0,207.5,24.0,5004.0,153
2023-05-09 21:58:13,OI311C8800,OI311C8800,207.5,0.0,0.0,0.0,12,209.5,213.0,6,219.5,209.0,209.0,207.5,24.0,5004.0,153
2023-05-09 21:58:13,OI311C8800,OI311C8800,207.5,0.0,0.0,0.0,18,209.5,213.5,18,219.5,209.0,209.0,207.5,24.0,5004.0,153
2023-05-09 21:58:14,OI311C8800,OI311C8800,207.5,0.0,0.0,0.0,12,209.5,213.5,18,219.5,209.0,209.0,207.5,24.0,5004.0,153
2023-05-09 21:58:14,OI311C8800,OI311C8800,207.5,0.0,0.0,0.0,12,209.5,213.5,6,219.5,209.0,209.0,207.5,24.0,5004.0,153
2023-05-09 21:58:15,OI311C8800,OI311C8800,207.5,0.0,0.0,0.0,18,209.5,213.5,6,219.5,209.0,209.0,207.5,24.0,5004.0,153
2023-05-09 21:58:16,OI311C8800,OI311C8800,207.5,0.0,0.0,0.0,12,209.5,214.0,30,219.5,209.0,209.0,207.5,24.0,5004.0,153
2023-05-09 21:58:17,OI311C8800,OI311C8800,207.5,0.0,0.0,0.0,12,209.5,214.0,18,219.5,209.0,209.0,207.5,24.0,5004.0,153
2023-05-09 21:58:17,OI311C8800,OI311C8800,207.5,0.0,0.0,0.0,12,209.5,214.0,24,219.5,209.0,209.0,207.5,24.0,5004.0,153
2023-05-09 21:58:19,OI311C8800,OI311C8800,207.5,0.0,0.0,0.0,12,209.5,214.0,18,219.5,209.0,209.0,207.5,24.0,5004.0,153
2023-05-09 21:59:00,OI311C8800,OI311C8800,207.5,0.0,0.0,0.0,12,209.5,214.0,24,219.5,209.0,209.0,207.5,24.0,5004.0,153
2023-05-09 21:59:03,OI311C8800,OI311C8800,207.5,0.0,0.0,0.0,12,209.5,213.5,6,219.5,209.0,209.0,207.5,24.0,5004.0,153
2023-05-09 21:59:03,OI311C8800,OI311C8800,207.5,0.0,0.0,0.0,18,209.5,213.5,6,219.5,209.0,209.0,207.5,24.0,5004.0,153
2023-05-09 21:59:14,OI311C8800,OI311C8800,207.5,0.0,0.0,0.0,6,210.0,213.5,6,219.5,209.0,209.0,207.5,24.0,5004.0,153
2023-05-09 21:59:16,OI311C8800,OI311C8800,207.5,0.0,0.0,0.0,12,210.0,213.5,6,219.5,209.0,209.0,207.5,24.0,5004.0,153
2023-05-09 21:59:16,OI311C8800,OI311C8800,207.5,0.0,0.0,0.0,12,210.0,214.0,18,219.5,209.0,209.0,207.5,24.0,5004.0,153
2023-05-09 21:59:17,OI311C8800,OI311C8800,207.5,0.0,0.0,0.0,12,210.0,214.0,6,219.5,209.0,209.0,207.5,24.0,5004.0,153
2023-05-09 21:59:18,OI311C8800,OI311C8800,207.5,0.0,0.0,0.0,18,210.0,214.0,6,219.5,209.0,209.0,207.5,24.0,5004.0,153
2023-05-09 21:59:19,OI311C8800,OI311C8800,207.5,0.0,0.0,0.0,18,210.0,214.5,18,219.5,209.0,209.0,207.5,24.0,5004.0,153
2023-05-09 21:59:20,OI311C8800,OI311C8800,207.5,0.0,0.0,0.0,18,210.0,214.5,12,219.5,209.0,209.0,207.5,24.0,5004.0,153
2023-05-09 21:59:39,OI311C8800,OI311C8800,207.5,0.0,0.0,0.0,24,210.0,214.5,12,219.5,209.0,209.0,207.5,24.0,5004.0,153
2023-05-09 21:59:39,OI311C8800,OI311C8800,207.5,0.0,0.0,0.0,6,211.0,214.5,12,219.5,209.0,209.0,207.5,24.0,5004.0,153
2023-05-09 21:59:40,OI311C8800,OI311C8800,207.5,0.0,0.0,0.0,12,211.0,214.5,18,219.5,209.0,209.0,207.5,24.0,5004.0,153
2023-05-09 21:59:50,OI311C8800,OI311C8800,207.5,0.0,0.0,0.0,18,211.0,214.5,12,219.5,209.0,209.0,207.5,24.0,5004.0,153
2023-05-09 21:59:57,OI311C8800,OI311C8800,207.5,0.0,0.0,0.0,18,211.0,214.5,6,219.5,209.0,209.0,207.5,24.0,5004.0,153
2023-05-09 21:59:58,OI311C8800,OI311C8800,207.5,0.0,0.0,0.0,18,211.0,215.0,18,219.5,209.0,209.0,207.5,24.0,5004.0,153
2023-05-09 21:59:58,OI311C8800,OI311C8800,207.5,0.0,0.0,0.0,24,211.0,215.0,12,219.5,209.0,209.0,207.5,24.0,5004.0,153
2023-05-09 21:59:59,OI311C8800,OI311C8800,207.5,0.0,0.0,0.0,24,211.0,215.0,6,219.5,209.0,209.0,207.5,24.0,5004.0,153
2023-05-09 22:00:00,OI311C8800,OI311C8800,207.5,0.0,0.0,0.0,24,211.0,215.5,12,219.5,209.0,209.0,207.5,24.0,5004.0,153
2023-05-09 22:00:01,OI311C8800,OI311C8800,207.5,0.0,0.0,0.0,24,211.0,216.0,36,219.5,209.0,209.0,207.5,24.0,5004.0,153
2023-05-09 22:00:01,OI311C8800,OI311C8800,207.5,0.0,0.0,0.0,24,211.0,216.0,24,219.5,209.0,209.0,207.5,24.0,5004.0,153
2023-05-09 22:00:02,OI311C8800,OI311C8800,207.5,0.0,0.0,0.0,6,211.5,216.0,6,219.5,209.0,209.0,207.5,24.0,5004.0,153
2023-05-09 22:00:02,OI311C8800,OI311C8800,207.5,0.0,0.0,0.0,6,212.5,216.5,24,219.5,209.0,209.0,207.5,24.0,5004.0,153
2023-05-09 22:00:03,OI311C8800,OI311C8800,207.5,0.0,0.0,0.0,12,212.5,216.5,24,219.5,209.0,209.0,207.5,24.0,5004.0,153
2023-05-09 22:00:03,OI311C8800,OI311C8800,207.5,0.0,0.0,0.0,12,212.5,216.5,18,219.5,209.0,209.0,207.5,24.0,5004.0,153
2023-05-09 22:00:04,OI311C8800,OI311C8800,207.5,0.0,0.0,0.0,12,212.5,216.5,6,219.5,209.0,209.0,207.5,24.0,5004.0,153
2023-05-09 22:00:05,OI311C8800,OI311C8800,207.5,0.0,0.0,0.0,24,212.5,217.0,18,219.5,209.0,209.0,207.5,24.0,5004.0,153
2023-05-09 22:00:05,OI311C8800,OI311C8800,207.5,0.0,0.0,0.0,18,212.5,217.0,12,219.5,209.0,209.0,207.5,24.0,5004.0,153
2023-05-09 22:00:06,OI311C8800,OI311C8800,207.5,0.0,0.0,0.0,18,212.5,217.5,30,219.5,209.0,209.0,207.5,24.0,5004.0,153
2023-05-09 22:00:06,OI311C8800,OI311C8800,207.5,0.0,0.0,0.0,18,212.5,217.5,18,219.5,209.0,209.0,207.5,24.0,5004.0,153
2023-05-09 22:00:07,OI311C8800,OI311C8800,207.5,0.0,0.0,0.0,18,212.5,217.5,12,219.5,209.0,209.0,207.5,24.0,5004.0,153
2023-05-09 22:00:17,OI311C8800,OI311C8800,207.5,0.0,0.0,0.0,6,213.0,217.5,6,219.5,209.0,209.0,207.5,24.0,5004.0,153
2023-05-09 22:00:18,OI311C8800,OI311C8800,207.5,0.0,0.0,0.0,6,213.0,218.0,36,219.5,209.0,209.0,207.5,24.0,5004.0,153
2023-05-09 22:00:18,OI311C8800,OI311C8800,207.5,0.0,0.0,0.0,6,213.0,218.0,42,219.5,209.0,209.0,207.5,24.0,5004.0,153
2023-05-09 22:00:19,OI311C8800,OI311C8800,207.5,0.0,0.0,0.0,6,213.0,218.0,36,219.5,209.0,209.0,207.5,24.0,5004.0,153
2023-05-09 22:00:32,OI311C8800,OI311C8800,207.5,0.0,0.0,0.0,12,213.0,218.0,24,219.5,209.0,209.0,207.5,24.0,5004.0,153
2023-05-09 22:00:33,OI311C8800,OI311C8800,207.5,0.0,0.0,0.0,26,213.5,218.0,18,219.5,209.0,209.0,207.5,24.0,5004.0,153
2023-05-09 22:00:34,OI311C8800,OI311C8800,207.5,0.0,0.0,0.0,6,214.0,218.0,18,219.5,209.0,209.0,207.5,24.0,5004.0,153
2023-05-09 22:00:39,OI311C8800,OI311C8800,207.5,0.0,0.0,0.0,6,214.0,218.0,24,219.5,209.0,209.0,207.5,24.0,5004.0,153
2023-05-09 22:00:40,OI311C8800,OI311C8800,207.5,0.0,0.0,0.0,6,214.0,218.0,18,219.5,209.0,209.0,207.5,24.0,5004.0,153
2023-05-09 22:00:43,OI311C8800,OI311C8800,207.5,0.0,0.0,0.0,6,214.0,218.0,24,219.5,209.0,209.0,207.5,24.0,5004.0,153
2023-05-09 22:00:59,OI311C8800,OI311C8800,207.5,0.0,0.0,0.0,18,213.5,218.0,24,219.5,209.0,209.0,207.5,24.0,5004.0,153
2023-05-09 22:00:59,OI311C8800,OI311C8800,207.5,0.0,0.0,0.0,18,213.5,218.0,18,219.5,209.0,209.0,207.5,24.0,5004.0,153
2023-05-09 22:01:00,OI311C8800,OI311C8800,207.5,0.0,0.0,0.0,6,213.5,218.0,18,219.5,209.0,209.0,207.5,24.0,5004.0,153
2023-05-09 22:01:00,OI311C8800,OI311C8800,207.5,0.0,0.0,0.0,24,213.0,218.0,24,219.5,209.0,209.0,207.5,24.0,5004.0,153
2023-05-09 22:01:01,OI311C8800,OI311C8800,207.5,0.0,0.0,0.0,18,213.0,218.0,24,219.5,209.0,209.0,207.5,24.0,5004.0,153
2023-05-09 22:01:03,OI311C8800,OI311C8800,207.5,0.0,0.0,0.0,18,213.0,216.5,6,219.5,209.0,209.0,207.5,24.0,5004.0,153
2023-05-09 22:01:03,OI311C8800,OI311C8800,207.5,0.0,0.0,0.0,12,213.0,216.5,12,219.5,209.0,209.0,207.5,24.0,5004.0,153
2023-05-09 22:01:03,OI311C8800,OI311C8800,207.5,0.0,0.0,0.0,18,213.0,216.5,18,219.5,209.0,209.0,207.5,24.0,5004.0,153
2023-05-09 22:01:08,OI311C8800,OI311C8800,207.5,0.0,0.0,0.0,6,212.5,216.5,18,219.5,209.0,209.0,207.5,24.0,5004.0,153
2023-05-09 22:01:09,OI311C8800,OI311C8800,207.5,0.0,0.0,0.0,6,212.5,216.5,30,219.5,209.0,209.0,207.5,24.0,5004.0,153
2023-05-09 22:01:09,OI311C8800,OI311C8800,207.5,0.0,0.0,0.0,38,212.0,216.5,30,219.5,209.0,209.0,207.5,24.0,5004.0,153
2023-05-09 22:01:10,OI311C8800,OI311C8800,207.5,0.0,0.0,0.0,24,212.0,215.0,6,219.5,209.0,209.0,207.5,24.0,5004.0,153
2023-05-09 22:01:10,OI311C8800,OI311C8800,207.5,0.0,0.0,0.0,18,212.0,215.0,6,219.5,209.0,209.0,207.5,24.0,5004.0,153
2023-05-09 22:01:13,OI311C8800,OI311C8800,207.5,0.0,0.0,0.0,12,212.0,215.0,6,219.5,209.0,209.0,207.5,24.0,5004.0,153
2023-05-09 22:01:13,OI311C8800,OI311C8800,207.5,0.0,0.0,0.0,18,211.5,215.0,6,219.5,209.0,209.0,207.5,24.0,5004.0,153
2023-05-09 22:01:14,OI311C8800,OI311C8800,207.5,0.0,0.0,0.0,6,211.5,215.0,12,219.5,209.0,209.0,207.5,24.0,5004.0,153
2023-05-09 22:01:15,OI311C8800,OI311C8800,207.5,0.0,0.0,0.0,24,211.0,215.0,12,219.5,209.0,209.0,207.5,24.0,5004.0,153
2023-05-09 22:01:15,OI311C8800,OI311C8800,207.5,0.0,0.0,0.0,24,211.0,215.0,18,219.5,209.0,209.0,207.5,24.0,5004.0,153
2023-05-09 22:01:16,OI311C8800,OI311C8800,207.5,0.0,0.0,0.0,18,211.0,215.0,18,219.5,209.0,209.0,207.5,24.0,5004.0,153
2023-05-09 22:01:21,OI311C8800,OI311C8800,207.5,0.0,0.0,0.0,18,211.0,215.0,12,219.5,209.0,209.0,207.5,24.0,5004.0,153
2023-05-09 22:01:28,OI311C8800,OI311C8800,207.5,0.0,0.0,0.0,12,211.0,215.0,18,219.5,209.0,209.0,207.5,24.0,5004.0,153
2023-05-09 22:01:29,OI311C8800,OI311C8800,207.5,0.0,0.0,0.0,44,210.5,215.0,24,219.5,209.0,209.0,207.5,24.0,5004.0,153
2023-05-09 22:01:29,OI311C8800,OI311C8800,207.5,0.0,0.0,0.0,44,210.5,215.0,18,219.5,209.0,209.0,207.5,24.0,5004.0,153
2023-05-09 22:01:30,OI311C8800,OI311C8800,207.5,0.0,0.0,0.0,38,210.5,215.0,18,219.5,209.0,209.0,207.5,24.0,5004.0,153
2023-05-09 22:01:31,OI311C8800,OI311C8800,207.5,0.0,0.0,0.0,18,210.5,215.0,18,219.5,209.0,209.0,207.5,24.0,5004.0,153
2023-05-09 22:01:33,OI311C8800,OI311C8800,207.5,0.0,0.0,0.0,18,210.5,215.0,24,219.5,209.0,209.0,207.5,24.0,5004.0,153
2023-05-09 22:01:38,OI311C8800,OI311C8800,207.5,0.0,0.0,0.0,18,210.5,215.0,18,219.5,209.0,209.0,207.5,24.0,5004.0,153
2023-05-09 22:01:39,OI311C8800,OI311C8800,207.5,0.0,0.0,0.0,38,210.5,215.0,18,219.5,209.0,209.0,207.5,24.0,5004.0,153
2023-05-09 22:01:49,OI311C8800,OI311C8800,207.5,0.0,0.0,0.0,18,210.5,215.0,18,219.5,209.0,209.0,207.5,24.0,5004.0,153
2023-05-09 22:02:05,OI311C8800,OI311C8800,207.5,0.0,0.0,0.0,18,210.5,215.0,24,219.5,209.0,209.0,207.5,24.0,5004.0,153
2023-05-09 22:02:10,OI311C8800,OI311C8800,207.5,0.0,0.0,0.0,18,210.5,215.0,18,219.5,209.0,209.0,207.5,24.0,5004.0,153
2023-05-09 22:02:12,OI311C8800,OI311C8800,207.5,0.0,0.0,0.0,18,210.5,215.0,12,219.5,209.0,209.0,207.5,24.0,5004.0,153
2023-05-09 22:02:21,OI311C8800,OI311C8800,207.5,0.0,0.0,0.0,18,210.5,215.0,18,219.5,209.0,209.0,207.5,24.0,5004.0,153
2023-05-09 22:02:29,OI311C8800,OI311C8800,207.5,0.0,0.0,0.0,18,210.5,215.0,12,219.5,209.0,209.0,207.5,24.0,5004.0,153
2023-05-09 22:02:40,OI311C8800,OI311C8800,207.5,0.0,0.0,0.0,18,210.5,215.0,18,219.5,209.0,209.0,207.5,24.0,5004.0,153
2023-05-09 22:02:51,OI311C8800,OI311C8800,207.5,0.0,0.0,0.0,6,211.0,215.0,12,219.5,209.0,209.0,207.5,24.0,5004.0,153
2023-05-09 22:02:59,OI311C8800,OI311C8800,207.5,0.0,0.0,0.0,12,211.0,215.0,12,219.5,209.0,209.0,207.5,24.0,5004.0,153
2023-05-09 22:03:00,OI311C8800,OI311C8800,207.5,0.0,0.0,0.0,18,211.0,215.0,12,219.5,209.0,209.0,207.5,24.0,5004.0,153
2023-05-09 22:03:06,OI311C8800,OI311C8800,207.5,0.0,0.0,0.0,18,211.0,215.0,6,219.5,209.0,209.0,207.5,24.0,5004.0,153
2023-05-09 22:03:07,OI311C8800,OI311C8800,207.5,0.0,0.0,0.0,18,211.0,215.5,32,219.5,209.0,209.0,207.5,24.0,5004.0,153
2023-05-09 22:03:07,OI311C8800,OI311C8800,207.5,0.0,0.0,0.0,6,211.0,215.5,46,219.5,209.0,209.0,207.5,24.0,5004.0,153
2023-05-09 22:03:08,OI311C8800,OI311C8800,207.5,0.0,0.0,0.0,18,210.5,215.5,40,219.5,209.0,209.0,207.5,24.0,5004.0,153
2023-05-09 22:03:09,OI311C8800,OI311C8800,207.5,0.0,0.0,0.0,12,210.5,215.5,40,219.5,209.0,209.0,207.5,24.0,5004.0,153
2023-05-09 22:03:16,OI311C8800,OI311C8800,207.5,0.0,0.0,0.0,32,210.5,215.5,20,219.5,209.0,209.0,207.5,24.0,5004.0,153
2023-05-09 22:03:17,OI311C8800,OI311C8800,207.5,0.0,0.0,0.0,6,211.0,215.5,20,219.5,209.0,209.0,207.5,24.0,5004.0,153
2023-05-09 22:03:18,OI311C8800,OI311C8800,207.5,0.0,0.0,0.0,6,211.0,215.5,26,219.5,209.0,209.0,207.5,24.0,5004.0,153
2023-05-09 22:03:21,OI311C8800,OI311C8800,207.5,0.0,0.0,0.0,44,210.5,215.5,20,219.5,209.0,209.0,207.5,24.0,5004.0,153
2023-05-09 22:03:22,OI311C8800,OI311C8800,207.5,0.0,0.0,0.0,38,210.5,215.5,20,219.5,209.0,209.0,207.5,24.0,5004.0,153
2023-05-09 22:03:28,OI311C8800,OI311C8800,207.5,0.0,0.0,0.0,38,210.5,214.0,2,219.5,209.0,209.0,207.5,24.0,5004.0,153
2023-05-09 22:03:40,OI311C8800,OI311C8800,207.5,0.0,0.0,0.0,38,210.5,214.0,8,219.5,209.0,209.0,207.5,24.0,5004.0,153
2023-05-09 22:03:42,OI311C8800,OI311C8800,207.5,0.0,0.0,0.0,38,210.5,214.0,14,219.5,209.0,209.0,207.5,24.0,5004.0,153
2023-05-09 22:03:43,OI311C8800,OI311C8800,207.5,0.0,0.0,0.0,38,210.5,214.0,20,219.5,209.0,209.0,207.5,24.0,5004.0,153
2023-05-09 22:03:52,OI311C8800,OI311C8800,207.5,0.0,0.0,0.0,32,210.5,214.0,20,219.5,209.0,209.0,207.5,24.0,5004.0,153
2023-05-09 22:04:04,OI311C8800,OI311C8800,207.5,0.0,0.0,0.0,6,210.5,214.0,20,219.5,209.0,209.0,207.5,24.0,5004.0,153
2023-05-09 22:04:05,OI311C8800,OI311C8800,207.5,0.0,0.0,0.0,12,210.0,214.0,26,219.5,209.0,209.0,207.5,24.0,5004.0,153
2023-05-09 22:04:06,OI311C8800,OI311C8800,207.5,0.0,0.0,0.0,44,209.5,214.0,26,219.5,209.0,209.0,207.5,24.0,5004.0,153
2023-05-09 22:04:06,OI311C8800,OI311C8800,207.5,0.0,0.0,0.0,44,209.5,214.0,20,219.5,209.0,209.0,207.5,24.0,5004.0,153
2023-05-09 22:04:07,OI311C8800,OI311C8800,207.5,0.0,0.0,0.0,38,209.5,214.0,20,219.5,209.0,209.0,207.5,24.0,5004.0,153
2023-05-09 22:04:09,OI311C8800,OI311C8800,207.5,0.0,0.0,0.0,38,210.5,214.0,14,219.5,209.0,209.0,207.5,24.0,5004.0,153
2023-05-09 22:04:15,OI311C8800,OI311C8800,207.5,0.0,0.0,0.0,32,210.5,214.0,20,219.5,209.0,209.0,207.5,24.0,5004.0,153
2023-05-09 22:04:16,OI311C8800,OI311C8800,207.5,0.0,0.0,0.0,6,210.5,214.0,20,219.5,209.0,209.0,207.5,24.0,5004.0,153
2023-05-09 22:04:16,OI311C8800,OI311C8800,207.5,0.0,0.0,0.0,18,210.0,214.0,26,219.5,209.0,209.0,207.5,24.0,5004.0,153
2023-05-09 22:04:17,OI311C8800,OI311C8800,207.5,0.0,0.0,0.0,12,210.0,214.0,26,219.5,209.0,209.0,207.5,24.0,5004.0,153
2023-05-09 22:04:36,OI311C8800,OI311C8800,207.5,0.0,0.0,0.0,12,210.0,214.0,20,219.5,209.0,209.0,207.5,24.0,5004.0,153
2023-05-09 22:04:41,OI311C8800,OI311C8800,207.5,0.0,0.0,0.0,18,209.5,214.0,26,219.5,209.0,209.0,207.5,24.0,5004.0,153
2023-05-09 22:04:41,OI311C8800,OI311C8800,207.5,0.0,0.0,0.0,12,209.5,214.0,26,219.5,209.0,209.0,207.5,24.0,5004.0,153
2023-05-09 22:04:42,OI311C8800,OI311C8800,207.5,0.0,0.0,0.0,44,209.0,214.0,26,219.5,209.0,209.0,207.5,24.0,5004.0,153
2023-05-09 22:04:43,OI311C8800,OI311C8800,207.5,0.0,0.0,0.0,44,209.0,214.0,20,219.5,209.0,209.0,207.5,24.0,5004.0,153
2023-05-09 22:04:43,OI311C8800,OI311C8800,207.5,0.0,0.0,0.0,38,209.0,214.0,20,219.5,209.0,209.0,207.5,24.0,5004.0,153
2023-05-09 22:05:05,OI311C8800,OI311C8800,207.5,0.0,0.0,0.0,38,209.0,214.0,14,219.5,209.0,209.0,207.5,24.0,5004.0,153
2023-05-09 22:05:06,OI311C8800,OI311C8800,207.5,0.0,0.0,0.0,12,210.0,214.0,14,219.5,209.0,209.0,207.5,24.0,5004.0,153
2023-05-09 22:05:06,OI311C8800,OI311C8800,207.5,0.0,0.0,0.0,18,210.0,214.0,14,219.5,209.0,209.0,207.5,24.0,5004.0,153
2023-05-09 22:05:07,OI311C8800,OI311C8800,207.5,0.0,0.0,0.0,18,210.0,214.0,20,219.5,209.0,209.0,207.5,24.0,5004.0,153
2023-05-09 22:05:09,OI311C8800,OI311C8800,207.5,0.0,0.0,0.0,6,210.0,214.0,20,219.5,209.0,209.0,207.5,24.0,5004.0,153
2023-05-09 22:05:10,OI311C8800,OI311C8800,207.5,0.0,0.0,0.0,24,209.5,214.0,20,219.5,209.0,209.0,207.5,24.0,5004.0,153
2023-05-09 22:05:11,OI311C8800,OI311C8800,207.5,0.0,0.0,0.0,18,209.5,214.0,20,219.5,209.0,209.0,207.5,24.0,5004.0,153
2023-05-09 22:05:13,OI311C8800,OI311C8800,207.5,0.0,0.0,0.0,18,209.5,214.0,14,219.5,209.0,209.0,207.5,24.0,5004.0,153
2023-05-09 22:05:28,OI311C8800,OI311C8800,207.5,0.0,0.0,0.0,18,209.5,214.0,8,219.5,209.0,209.0,207.5,24.0,5004.0,153
2023-05-09 22:05:48,OI311C8800,OI311C8800,207.5,0.0,0.0,0.0,18,209.5,214.0,14,219.5,209.0,209.0,207.5,24.0,5004.0,153
2023-05-09 22:05:51,OI311C8800,OI311C8800,207.5,0.0,0.0,0.0,18,209.5,214.0,8,219.5,209.0,209.0,207.5,24.0,5004.0,153
2023-05-09 22:05:57,OI311C8800,OI311C8800,207.5,0.0,0.0,0.0,18,209.5,214.0,14,219.5,209.0,209.0,207.5,24.0,5004.0,153
2023-05-09 22:06:04,OI311C8800,OI311C8800,207.5,0.0,0.0,0.0,18,209.5,212.5,2,219.5,209.0,209.0,207.5,24.0,5004.0,153
2023-05-09 22:06:20,OI311C8800,OI311C8800,207.5,0.0,0.0,0.0,12,209.5,212.5,2,219.5,209.0,209.0,207.5,24.0,5004.0,153
2023-05-09 22:06:21,OI311C8800,OI311C8800,207.5,0.0,0.0,0.0,32,209.0,212.5,2,219.5,209.0,209.0,207.5,24.0,5004.0,153
2023-05-09 22:06:21,OI311C8800,OI311C8800,207.5,0.0,0.0,0.0,38,209.0,212.5,2,219.5,209.0,209.0,207.5,24.0,5004.0,153
2023-05-09 22:06:24,OI311C8800,OI311C8800,207.5,0.0,0.0,0.0,32,209.0,212.5,2,219.5,209.0,209.0,207.5,24.0,5004.0,153
2023-05-09 22:06:56,OI311C8800,OI311C8800,207.5,0.0,0.0,0.0,6,209.5,213.0,12,219.5,209.0,209.0,207.5,24.0,5004.0,153
2023-05-09 22:06:56,OI311C8800,OI311C8800,207.5,0.0,0.0,0.0,6,209.5,213.0,6,219.5,209.0,209.0,207.5,24.0,5004.0,153
2023-05-09 22:06:57,OI311C8800,OI311C8800,207.5,0.0,0.0,0.0,6,209.5,213.5,6,219.5,209.0,209.0,207.5,24.0,5004.0,153
2023-05-09 22:06:58,OI311C8800,OI311C8800,207.5,0.0,0.0,0.0,6,209.5,214.0,20,219.5,209.0,209.0,207.5,24.0,5004.0,153
2023-05-09 22:06:58,OI311C8800,OI311C8800,207.5,0.0,0.0,0.0,6,209.5,214.0,26,219.5,209.0,209.0,207.5,24.0,5004.0,153
2023-05-09 22:06:59,OI311C8800,OI311C8800,207.5,0.0,0.0,0.0,8,209.5,214.0,20,219.5,209.0,209.0,207.5,24.0,5004.0,153
2023-05-09 22:07:03,OI311C8800,OI311C8800,207.5,0.0,0.0,0.0,2,209.5,214.0,20,219.5,209.0,209.0,207.5,24.0,5004.0,153
2023-05-09 22:07:05,OI311C8800,OI311C8800,207.5,0.0,0.0,0.0,2,209.5,214.0,26,219.5,209.0,209.0,207.5,24.0,5004.0,153
2023-05-09 22:07:17,OI311C8800,OI311C8800,207.5,0.0,0.0,0.0,44,209.0,214.0,32,219.5,209.0,209.0,207.5,24.0,5004.0,153
2023-05-09 22:07:17,OI311C8800,OI311C8800,207.5,0.0,0.0,0.0,44,209.0,214.0,26,219.5,209.0,209.0,207.5,24.0,5004.0,153
2023-05-09 22:07:17,OI311C8800,OI311C8800,207.5,0.0,0.0,0.0,38,209.0,214.0,26,219.5,209.0,209.0,207.5,24.0,5004.0,153
2023-05-09 22:07:39,OI311C8800,OI311C8800,207.5,0.0,0.0,0.0,38,209.0,212.5,2,219.5,209.0,209.0,207.5,24.0,5004.0,153
2023-05-09 22:08:03,OI311C8800,OI311C8800,207.5,0.0,0.0,0.0,38,209.0,212.5,8,219.5,209.0,209.0,207.5,24.0,5004.0,153
2023-05-09 22:08:04,OI311C8800,OI311C8800,207.5,0.0,0.0,0.0,38,209.0,212.5,2,219.5,209.0,209.0,207.5,24.0,5004.0,153
2023-05-09 22:08:05,OI311C8800,OI311C8800,207.5,0.0,0.0,0.0,38,209.0,212.5,14,219.5,209.0,209.0,207.5,24.0,5004.0,153
2023-05-09 22:08:06,OI311C8800,OI311C8800,207.5,0.0,0.0,0.0,38,209.0,212.5,20,219.5,209.0,209.0,207.5,24.0,5004.0,153
2023-05-09 22:08:16,OI311C8800,OI311C8800,207.5,0.0,0.0,0.0,18,209.0,212.5,20,219.5,209.0,209.0,207.5,24.0,5004.0,153
2023-05-09 22:08:17,OI311C8800,OI311C8800,207.5,0.0,0.0,0.0,12,209.0,212.5,20,219.5,209.0,209.0,207.5,24.0,5004.0,153
2023-05-09 22:08:18,OI311C8800,OI311C8800,207.5,0.0,0.0,0.0,12,208.5,212.5,20,219.5,209.0,209.0,207.5,24.0,5004.0,153
2023-05-09 22:08:18,OI311C8800,OI311C8800,207.5,0.0,0.0,0.0,18,208.5,212.5,20,219.5,209.0,209.0,207.5,24.0,5004.0,153
2023-05-09 22:08:19,OI311C8800,OI311C8800,207.5,0.0,0.0,0.0,6,208.5,212.5,20,219.5,209.0,209.0,207.5,24.0,5004.0,153
2023-05-09 22:08:19,OI311C8800,OI311C8800,207.5,0.0,0.0,0.0,20,208.0,212.5,26,219.5,209.0,209.0,207.5,24.0,5004.0,153
2023-05-09 22:08:19,OI311C8800,OI311C8800,207.5,0.0,0.0,0.0,20,208.0,212.5,32,219.5,209.0,209.0,207.5,24.0,5004.0,153
2023-05-09 22:08:20,OI311C8800,OI311C8800,207.5,0.0,0.0,0.0,14,208.0,212.5,32,219.5,209.0,209.0,207.5,24.0,5004.0,153
2023-05-09 22:08:22,OI311C8800,OI311C8800,207.5,0.0,0.0,0.0,14,208.0,212.5,26,219.5,209.0,209.0,207.5,24.0,5004.0,153
2023-05-09 22:08:31,OI311C8800,OI311C8800,207.5,0.0,0.0,0.0,14,208.0,212.5,32,219.5,209.0,209.0,207.5,24.0,5004.0,153
2023-05-09 22:08:44,OI311C8800,OI311C8800,207.5,0.0,0.0,0.0,14,208.0,212.5,26,219.5,209.0,209.0,207.5,24.0,5004.0,153
2023-05-09 22:08:46,OI311C8800,OI311C8800,207.5,0.0,0.0,0.0,14,208.0,212.5,32,219.5,209.0,209.0,207.5,24.0,5004.0,153
2023-05-09 22:08:47,OI311C8800,OI311C8800,207.5,0.0,0.0,0.0,14,208.0,212.5,26,219.5,209.0,209.0,207.5,24.0,5004.0,153
2023-05-09 22:09:06,OI311C8800,OI311C8800,207.5,0.0,0.0,0.0,20,208.0,212.5,20,219.5,209.0,209.0,207.5,24.0,5004.0,153
2023-05-09 22:09:08,OI311C8800,OI311C8800,207.5,0.0,0.0,0.0,26,208.0,212.5,20,219.5,209.0,209.0,207.5,24.0,5004.0,153
2023-05-09 22:09:09,OI311C8800,OI311C8800,207.5,0.0,0.0,0.0,26,208.0,212.5,14,219.5,209.0,209.0,207.5,24.0,5004.0,153
2023-05-09 22:09:15,OI311C8800,OI311C8800,207.5,0.0,0.0,0.0,20,208.0,212.5,14,219.5,209.0,209.0,207.5,24.0,5004.0,153
2023-05-09 22:09:31,OI311C8800,OI311C8800,207.5,0.0,0.0,0.0,26,208.0,212.5,14,219.5,209.0,209.0,207.5,24.0,5004.0,153
2023-05-09 22:09:46,OI311C8800,OI311C8800,207.5,0.0,0.0,0.0,20,208.0,212.5,14,219.5,209.0,209.0,207.5,24.0,5004.0,153
2023-05-09 22:10:01,OI311C8800,OI311C8800,207.5,0.0,0.0,0.0,12,209.0,212.5,8,219.5,209.0,209.0,207.5,24.0,5004.0,153
2023-05-09 22:10:01,OI311C8800,OI311C8800,207.5,0.0,0.0,0.0,18,209.0,212.5,8,219.5,209.0,209.0,207.5,24.0,5004.0,153
2023-05-09 22:10:11,OI311C8800,OI311C8800,207.5,0.0,0.0,0.0,12,209.0,212.5,8,219.5,209.0,209.0,207.5,24.0,5004.0,153
2023-05-09 22:10:11,OI311C8800,OI311C8800,207.5,0.0,0.0,0.0,18,208.5,212.5,8,219.5,209.0,209.0,207.5,24.0,5004.0,153
2023-05-09 22:10:11,OI311C8800,OI311C8800,207.5,0.0,0.0,0.0,24,208.5,212.5,8,219.5,209.0,209.0,207.5,24.0,5004.0,153
2023-05-09 22:10:12,OI311C8800,OI311C8800,207.5,0.0,0.0,0.0,18,208.5,212.5,8,219.5,209.0,209.0,207.5,24.0,5004.0,153
2023-05-09 22:10:13,OI311C8800,OI311C8800,207.5,0.0,0.0,0.0,18,208.5,212.5,14,219.5,209.0,209.0,207.5,24.0,5004.0,153
2023-05-09 22:10:17,OI311C8800,OI311C8800,207.5,0.0,0.0,0.0,18,208.5,212.5,8,219.5,209.0,209.0,207.5,24.0,5004.0,153
2023-05-09 22:10:24,OI311C8800,OI311C8800,207.5,0.0,0.0,0.0,18,208.5,212.5,20,219.5,209.0,209.0,207.5,24.0,5004.0,153
2023-05-09 22:10:26,OI311C8800,OI311C8800,207.5,0.0,0.0,0.0,18,208.5,212.5,26,219.5,209.0,209.0,207.5,24.0,5004.0,153
2023-05-09 22:10:31,OI311C8800,OI311C8800,207.5,0.0,0.0,0.0,12,208.5,212.5,26,219.5,209.0,209.0,207.5,24.0,5004.0,153
2023-05-09 22:10:32,OI311C8800,OI311C8800,207.5,0.0,0.0,0.0,14,208.0,212.5,26,219.5,209.0,209.0,207.5,24.0,5004.0,153
2023-05-09 22:10:32,OI311C8800,OI311C8800,207.5,0.0,0.0,0.0,18,208.0,212.5,26,219.5,209.0,209.0,207.5,24.0,5004.0,153
2023-05-09 22:10:33,OI311C8800,OI311C8800,207.5,0.0,0.0,0.0,6,208.0,212.5,26,219.5,209.0,209.0,207.5,24.0,5004.0,153
2023-05-09 22:10:33,OI311C8800,OI311C8800,207.5,0.0,0.0,0.0,38,207.5,211.0,2,219.5,209.0,209.0,207.5,24.0,5004.0,153
2023-05-09 22:10:34,OI311C8800,OI311C8800,207.5,0.0,0.0,0.0,32,207.5,211.0,2,219.5,209.0,209.0,207.5,24.0,5004.0,153
2023-05-09 22:10:34,OI311C8800,OI311C8800,207.5,0.0,0.0,0.0,38,207.5,211.0,2,219.5,209.0,209.0,207.5,24.0,5004.0,153
2023-05-09 22:11:03,OI311C8800,OI311C8800,207.5,0.0,0.0,0.0,18,207.5,211.0,2,219.5,209.0,209.0,207.5,24.0,5004.0,153
2023-05-09 22:11:33,OI311C8800,OI311C8800,207.5,0.0,0.0,0.0,18,207.5,211.0,8,219.5,209.0,209.0,207.5,24.0,5004.0,153
2023-05-09 22:11:37,OI311C8800,OI311C8800,207.5,0.0,0.0,0.0,18,207.5,211.0,2,219.5,209.0,209.0,207.5,24.0,5004.0,153
2023-05-09 22:11:37,OI311C8800,OI311C8800,207.5,0.0,0.0,0.0,18,207.5,211.0,8,219.5,209.0,209.0,207.5,24.0,5004.0,153
2023-05-09 22:11:39,OI311C8800,OI311C8800,207.5,0.0,0.0,0.0,18,207.5,211.0,2,219.5,209.0,209.0,207.5,24.0,5004.0,153
2023-05-09 22:11:40,OI311C8800,OI311C8800,207.5,0.0,0.0,0.0,18,207.5,211.0,8,219.5,209.0,209.0,207.5,24.0,5004.0,153
2023-05-09 22:11:40,OI311C8800,OI311C8800,207.5,0.0,0.0,0.0,6,207.5,211.0,8,219.5,209.0,209.0,207.5,24.0,5004.0,153
2023-05-09 22:11:41,OI311C8800,OI311C8800,207.5,0.0,0.0,0.0,24,207.0,211.0,8,219.5,209.0,209.0,207.5,24.0,5004.0,153
2023-05-09 22:11:41,OI311C8800,OI311C8800,207.5,0.0,0.0,0.0,18,207.0,211.0,8,219.5,209.0,209.0,207.5,24.0,5004.0,153
2023-05-09 22:12:10,OI311C8800,OI311C8800,207.5,0.0,0.0,0.0,18,207.0,210.0,2,219.5,209.0,209.0,207.5,24.0,5004.0,153
2023-05-09 22:12:11,OI311C8800,OI311C8800,207.5,0.0,0.0,0.0,12,206.5,210.0,8,219.5,209.0,209.0,207.5,24.0,5004.0,153
2023-05-09 22:12:11,OI311C8800,OI311C8800,207.5,0.0,0.0,0.0,18,206.5,210.0,14,219.5,209.0,209.0,207.5,24.0,5004.0,153
2023-05-09 22:12:12,OI311C8800,OI311C8800,207.5,0.0,0.0,0.0,6,206.5,210.0,20,219.5,209.0,209.0,207.5,24.0,5004.0,153
2023-05-09 22:12:12,OI311C8800,OI311C8800,207.5,0.0,0.0,0.0,44,206.0,210.0,20,219.5,209.0,209.0,207.5,24.0,5004.0,153
2023-05-09 22:12:13,OI311C8800,OI311C8800,207.5,0.0,0.0,0.0,38,206.0,210.0,20,219.5,209.0,209.0,207.5,24.0,5004.0,153
2023-05-09 22:12:23,OI311C8800,OI311C8800,207.5,0.0,0.0,0.0,32,206.0,210.0,20,219.5,209.0,209.0,207.5,24.0,5004.0,153
2023-05-09 22:12:24,OI311C8800,OI311C8800,207.5,0.0,0.0,0.0,26,206.0,209.0,2,219.5,209.0,209.0,207.5,24.0,5004.0,153
2023-05-09 22:12:24,OI311C8800,OI311C8800,207.5,0.0,0.0,0.0,32,206.0,209.0,2,219.5,209.0,209.0,207.5,24.0,5004.0,153
2023-05-09 22:12:25,OI311C8800,OI311C8800,207.5,0.0,0.0,0.0,26,206.0,209.0,2,219.5,209.0,209.0,207.5,24.0,5004.0,153
2023-05-09 22:12:25,OI311C8800,OI311C8800,207.5,0.0,0.0,0.0,32,206.0,209.0,2,219.5,209.0,209.0,207.5,24.0,5004.0,153
2023-05-09 22:12:33,OI311C8800,OI311C8800,207.5,0.0,0.0,0.0,6,206.0,209.0,2,219.5,209.0,209.0,207.5,24.0,5004.0,153
2023-05-09 22:12:33,OI311C8800,OI311C8800,207.5,0.0,0.0,0.0,24,205.5,209.0,2,219.5,209.0,209.0,207.5,24.0,5004.0,153
2023-05-09 22:12:34,OI311C8800,OI311C8800,207.5,0.0,0.0,0.0,18,205.5,209.0,2,219.5,209.0,209.0,207.5,24.0,5004.0,153
2023-05-09 22:12:40,OI311C8800,OI311C8800,207.5,0.0,0.0,0.0,20,205.5,209.0,2,219.5,209.0,209.0,207.5,24.0,5004.0,153
2023-05-09 22:12:42,OI311C8800,OI311C8800,207.5,0.0,0.0,0.0,20,205.5,209.5,12,219.5,209.0,209.0,207.5,24.0,5004.0,153
2023-05-09 22:12:42,OI311C8800,OI311C8800,207.5,0.0,0.0,0.0,26,205.5,209.5,6,219.5,209.0,209.0,207.5,24.0,5004.0,153
2023-05-09 22:12:43,OI311C8800,OI311C8800,207.5,0.0,0.0,0.0,26,205.5,210.0,14,219.5,209.0,209.0,207.5,24.0,5004.0,153
2023-05-09 22:12:44,OI311C8800,OI311C8800,207.5,0.0,0.0,0.0,26,205.5,210.0,8,219.5,209.0,209.0,207.5,24.0,5004.0,153
2023-05-09 22:12:49,OI311C8800,OI311C8800,207.5,0.0,0.0,0.0,26,205.5,210.0,14,219.5,209.0,209.0,207.5,24.0,5004.0,153
2023-05-09 22:12:55,OI311C8800,OI311C8800,207.5,0.0,0.0,0.0,26,205.5,210.0,8,219.5,209.0,209.0,207.5,24.0,5004.0,153
2023-05-09 22:12:56,OI311C8800,OI311C8800,207.5,0.0,0.0,0.0,26,205.5,210.0,14,219.5,209.0,209.0,207.5,24.0,5004.0,153
2023-05-09 22:12:57,OI311C8800,OI311C8800,207.5,0.0,0.0,0.0,26,205.5,210.0,8,219.5,209.0,209.0,207.5,24.0,5004.0,153
2023-05-09 22:13:03,OI311C8800,OI311C8800,207.5,0.0,0.0,0.0,26,205.5,210.0,14,219.5,209.0,209.0,207.5,24.0,5004.0,153
2023-05-09 22:13:07,OI311C8800,OI311C8800,207.5,0.0,0.0,0.0,20,205.5,210.0,20,219.5,209.0,209.0,207.5,24.0,5004.0,153
2023-05-09 22:13:16,OI311C8800,OI311C8800,207.5,0.0,0.0,0.0,20,205.5,210.0,26,219.5,209.0,209.0,207.5,24.0,5004.0,153
2023-05-09 22:13:36,OI311C8800,OI311C8800,207.5,0.0,0.0,0.0,14,205.5,209.0,8,219.5,209.0,209.0,207.5,24.0,5004.0,153
2023-05-09 22:13:36,OI311C8800,OI311C8800,207.5,0.0,0.0,0.0,20,205.5,209.0,8,219.5,209.0,209.0,207.5,24.0,5004.0,153
2023-05-09 22:13:49,OI311C8800,OI311C8800,207.5,0.0,0.0,0.0,20,205.5,209.0,14,219.5,209.0,209.0,207.5,24.0,5004.0,153
2023-05-09 22:13:50,OI311C8800,OI311C8800,207.5,0.0,0.0,0.0,18,205.5,209.0,14,219.5,209.0,209.0,207.5,24.0,5004.0,153
2023-05-09 22:13:56,OI311C8800,OI311C8800,207.5,0.0,0.0,0.0,18,205.5,209.0,8,219.5,209.0,209.0,207.5,24.0,5004.0,153
2023-05-09 22:14:00,OI311C8800,OI311C8800,207.5,0.0,0.0,0.0,18,205.5,209.0,14,219.5,209.0,209.0,207.5,24.0,5004.0,153
2023-05-09 22:14:06,OI311C8800,OI311C8800,207.5,0.0,0.0,0.0,18,205.5,209.0,8,219.5,209.0,209.0,207.5,24.0,5004.0,153
