time,symbol_id,symbol_name,last,trade_volume,trade_amount,open_interest_change,bv1,bp1,ap1,av1,yesterday_close,today_open,today_high,today_low,volume,amount,open_interest
2023-05-09 19:10:58,OI311P9300,OI311P9300,1129.0,0.0,0.0,0.0,0,0.0,0.0,0,1129.0,0.0,0.0,0.0,0.0,0.0,27
2023-05-09 21:01:56,OI311P9300,OI311P9300,1129.0,0.0,0.0,0.0,10,500.5,0.0,0,1129.0,0.0,0.0,0.0,0.0,0.0,27
2023-05-09 21:01:56,OI311P9300,OI311P9300,1129.0,0.0,0.0,0.0,1,502.0,1790.5,1,1129.0,0.0,0.0,0.0,0.0,0.0,27
2023-05-09 21:01:57,OI311P9300,OI311P9300,1129.0,0.0,0.0,0.0,10,502.5,1790.5,1,1129.0,0.0,0.0,0.0,0.0,0.0,27
2023-05-09 21:01:57,OI311P9300,OI311P9300,1129.0,0.0,0.0,0.0,1,504.0,1790.5,1,1129.0,0.0,0.0,0.0,0.0,0.0,27
2023-05-09 21:01:58,OI311P9300,OI311P9300,1129.0,0.0,0.0,0.0,10,504.5,1790.5,1,1129.0,0.0,0.0,0.0,0.0,0.0,27
2023-05-09 21:01:58,OI311P9300,OI311P9300,1129.0,0.0,0.0,0.0,1,506.0,1790.5,1,1129.0,0.0,0.0,0.0,0.0,0.0,27
2023-05-09 21:01:59,OI311P9300,OI311P9300,1129.0,0.0,0.0,0.0,10,506.5,1790.5,1,1129.0,0.0,0.0,0.0,0.0,0.0,27
2023-05-09 21:01:59,OI311P9300,OI311P9300,1129.0,0.0,0.0,0.0,1,508.0,1790.5,1,1129.0,0.0,0.0,0.0,0.0,0.0,27
2023-05-09 21:02:00,OI311P9300,OI311P9300,1129.0,0.0,0.0,0.0,10,508.5,1790.5,1,1129.0,0.0,0.0,0.0,0.0,0.0,27
2023-05-09 21:02:01,OI311P9300,OI311P9300,1129.0,0.0,0.0,0.0,1,510.0,1790.5,1,1129.0,0.0,0.0,0.0,0.0,0.0,27
2023-05-09 21:02:02,OI311P9300,OI311P9300,1129.0,0.0,0.0,0.0,10,510.5,1790.5,1,1129.0,0.0,0.0,0.0,0.0,0.0,27
2023-05-09 21:02:03,OI311P9300,OI311P9300,1129.0,0.0,0.0,0.0,1,512.0,1790.5,1,1129.0,0.0,0.0,0.0,0.0,0.0,27
2023-05-09 21:02:04,OI311P9300,OI311P9300,1129.0,0.0,0.0,0.0,10,512.5,1790.5,1,1129.0,0.0,0.0,0.0,0.0,0.0,27
2023-05-09 21:02:04,OI311P9300,OI311P9300,1129.0,0.0,0.0,0.0,1,514.0,1790.5,1,1129.0,0.0,0.0,0.0,0.0,0.0,27
2023-05-09 21:02:05,OI311P9300,OI311P9300,1129.0,0.0,0.0,0.0,10,514.5,1790.5,1,1129.0,0.0,0.0,0.0,0.0,0.0,27
2023-05-09 21:02:05,OI311P9300,OI311P9300,1129.0,0.0,0.0,0.0,1,516.0,1790.5,1,1129.0,0.0,0.0,0.0,0.0,0.0,27
2023-05-09 21:02:06,OI311P9300,OI311P9300,1129.0,0.0,0.0,0.0,10,516.5,1790.5,1,1129.0,0.0,0.0,0.0,0.0,0.0,27
2023-05-09 21:02:06,OI311P9300,OI311P9300,1129.0,0.0,0.0,0.0,1,518.0,1790.5,1,1129.0,0.0,0.0,0.0,0.0,0.0,27
2023-05-09 21:02:07,OI311P9300,OI311P9300,1129.0,0.0,0.0,0.0,10,518.5,1790.5,1,1129.0,0.0,0.0,0.0,0.0,0.0,27
2023-05-09 21:02:07,OI311P9300,OI311P9300,1129.0,0.0,0.0,0.0,1,520.0,1790.5,1,1129.0,0.0,0.0,0.0,0.0,0.0,27
2023-05-09 21:02:08,OI311P9300,OI311P9300,1129.0,0.0,0.0,0.0,10,520.5,1790.5,1,1129.0,0.0,0.0,0.0,0.0,0.0,27
2023-05-09 21:02:09,OI311P9300,OI311P9300,1129.0,0.0,0.0,0.0,10,522.5,1790.5,1,1129.0,0.0,0.0,0.0,0.0,0.0,27
2023-05-09 21:02:15,OI311P9300,OI311P9300,1129.0,0.0,0.0,0.0,1,524.0,1790.5,1,1129.0,0.0,0.0,0.0,0.0,0.0,27
2023-05-09 21:02:15,OI311P9300,OI311P9300,1129.0,0.0,0.0,0.0,10,524.5,1790.5,1,1129.0,0.0,0.0,0.0,0.0,0.0,27
2023-05-09 21:02:21,OI311P9300,OI311P9300,1129.0,0.0,0.0,0.0,1,526.0,1790.5,1,1129.0,0.0,0.0,0.0,0.0,0.0,27
2023-05-09 21:02:21,OI311P9300,OI311P9300,1129.0,0.0,0.0,0.0,10,526.5,1790.5,1,1129.0,0.0,0.0,0.0,0.0,0.0,27
2023-05-09 21:02:31,OI311P9300,OI311P9300,1129.0,0.0,0.0,0.0,1,528.0,1790.5,1,1129.0,0.0,0.0,0.0,0.0,0.0,27
2023-05-09 21:02:31,OI311P9300,OI311P9300,1129.0,0.0,0.0,0.0,10,528.5,1790.5,1,1129.0,0.0,0.0,0.0,0.0,0.0,27
2023-05-09 21:02:37,OI311P9300,OI311P9300,1129.0,0.0,0.0,0.0,1,530.0,1790.5,1,1129.0,0.0,0.0,0.0,0.0,0.0,27
2023-05-09 21:02:37,OI311P9300,OI311P9300,1129.0,0.0,0.0,0.0,10,530.5,1790.5,1,1129.0,0.0,0.0,0.0,0.0,0.0,27
2023-05-09 21:02:38,OI311P9300,OI311P9300,1129.0,0.0,0.0,0.0,1,532.0,1790.5,1,1129.0,0.0,0.0,0.0,0.0,0.0,27
2023-05-09 21:02:38,OI311P9300,OI311P9300,1129.0,0.0,0.0,0.0,10,532.5,1790.5,1,1129.0,0.0,0.0,0.0,0.0,0.0,27
2023-05-09 21:02:45,OI311P9300,OI311P9300,1129.0,0.0,0.0,0.0,1,534.0,1790.5,1,1129.0,0.0,0.0,0.0,0.0,0.0,27
2023-05-09 21:02:45,OI311P9300,OI311P9300,1129.0,0.0,0.0,0.0,10,534.5,1790.5,1,1129.0,0.0,0.0,0.0,0.0,0.0,27
2023-05-09 21:02:46,OI311P9300,OI311P9300,1129.0,0.0,0.0,0.0,1,536.0,1790.5,1,1129.0,0.0,0.0,0.0,0.0,0.0,27
2023-05-09 21:02:46,OI311P9300,OI311P9300,1129.0,0.0,0.0,0.0,10,536.5,1790.5,1,1129.0,0.0,0.0,0.0,0.0,0.0,27
2023-05-09 21:02:47,OI311P9300,OI311P9300,1129.0,0.0,0.0,0.0,1,538.0,1790.5,1,1129.0,0.0,0.0,0.0,0.0,0.0,27
2023-05-09 21:02:47,OI311P9300,OI311P9300,1129.0,0.0,0.0,0.0,10,538.5,1790.5,1,1129.0,0.0,0.0,0.0,0.0,0.0,27
2023-05-09 21:02:57,OI311P9300,OI311P9300,1129.0,0.0,0.0,0.0,1,540.0,1790.5,1,1129.0,0.0,0.0,0.0,0.0,0.0,27
2023-05-09 21:02:58,OI311P9300,OI311P9300,1129.0,0.0,0.0,0.0,10,540.5,1790.5,1,1129.0,0.0,0.0,0.0,0.0,0.0,27
2023-05-09 21:02:58,OI311P9300,OI311P9300,1129.0,0.0,0.0,0.0,1,542.0,1790.5,1,1129.0,0.0,0.0,0.0,0.0,0.0,27
2023-05-09 21:02:59,OI311P9300,OI311P9300,1129.0,0.0,0.0,0.0,10,542.5,1790.5,1,1129.0,0.0,0.0,0.0,0.0,0.0,27
2023-05-09 21:02:59,OI311P9300,OI311P9300,1129.0,0.0,0.0,0.0,1,544.0,1790.5,1,1129.0,0.0,0.0,0.0,0.0,0.0,27
2023-05-09 21:03:00,OI311P9300,OI311P9300,1129.0,0.0,0.0,0.0,10,544.5,1790.5,1,1129.0,0.0,0.0,0.0,0.0,0.0,27
2023-05-09 21:03:00,OI311P9300,OI311P9300,1129.0,0.0,0.0,0.0,1,546.0,1790.5,1,1129.0,0.0,0.0,0.0,0.0,0.0,27
2023-05-09 21:03:01,OI311P9300,OI311P9300,1129.0,0.0,0.0,0.0,10,546.5,1790.5,1,1129.0,0.0,0.0,0.0,0.0,0.0,27
2023-05-09 21:03:04,OI311P9300,OI311P9300,1129.0,0.0,0.0,0.0,1,548.0,1790.5,1,1129.0,0.0,0.0,0.0,0.0,0.0,27
2023-05-09 21:03:05,OI311P9300,OI311P9300,1129.0,0.0,0.0,0.0,10,548.5,1790.5,1,1129.0,0.0,0.0,0.0,0.0,0.0,27
2023-05-09 21:03:08,OI311P9300,OI311P9300,1129.0,0.0,0.0,0.0,1,550.0,1790.5,1,1129.0,0.0,0.0,0.0,0.0,0.0,27
2023-05-09 21:03:08,OI311P9300,OI311P9300,1129.0,0.0,0.0,0.0,10,550.5,1790.5,1,1129.0,0.0,0.0,0.0,0.0,0.0,27
2023-05-09 21:03:09,OI311P9300,OI311P9300,1129.0,0.0,0.0,0.0,1,552.0,1790.5,1,1129.0,0.0,0.0,0.0,0.0,0.0,27
2023-05-09 21:03:09,OI311P9300,OI311P9300,1129.0,0.0,0.0,0.0,10,552.5,1790.5,1,1129.0,0.0,0.0,0.0,0.0,0.0,27
2023-05-09 21:03:10,OI311P9300,OI311P9300,1129.0,0.0,0.0,0.0,1,554.0,1790.5,1,1129.0,0.0,0.0,0.0,0.0,0.0,27
2023-05-09 21:03:10,OI311P9300,OI311P9300,1129.0,0.0,0.0,0.0,10,554.5,1790.5,1,1129.0,0.0,0.0,0.0,0.0,0.0,27
2023-05-09 21:03:11,OI311P9300,OI311P9300,1129.0,0.0,0.0,0.0,1,556.0,1790.5,1,1129.0,0.0,0.0,0.0,0.0,0.0,27
2023-05-09 21:03:11,OI311P9300,OI311P9300,1129.0,0.0,0.0,0.0,10,556.5,1790.5,1,1129.0,0.0,0.0,0.0,0.0,0.0,27
2023-05-09 21:03:19,OI311P9300,OI311P9300,1129.0,0.0,0.0,0.0,1,558.0,1790.5,1,1129.0,0.0,0.0,0.0,0.0,0.0,27
2023-05-09 21:03:20,OI311P9300,OI311P9300,1129.0,0.0,0.0,0.0,10,558.5,1790.5,1,1129.0,0.0,0.0,0.0,0.0,0.0,27
2023-05-09 21:03:24,OI311P9300,OI311P9300,1129.0,0.0,0.0,0.0,1,560.0,1790.5,1,1129.0,0.0,0.0,0.0,0.0,0.0,27
2023-05-09 21:03:24,OI311P9300,OI311P9300,1129.0,0.0,0.0,0.0,10,560.5,1790.5,1,1129.0,0.0,0.0,0.0,0.0,0.0,27
2023-05-09 21:03:25,OI311P9300,OI311P9300,1129.0,0.0,0.0,0.0,1,562.0,1790.5,1,1129.0,0.0,0.0,0.0,0.0,0.0,27
2023-05-09 21:03:25,OI311P9300,OI311P9300,1129.0,0.0,0.0,0.0,10,562.5,1790.5,1,1129.0,0.0,0.0,0.0,0.0,0.0,27
2023-05-09 21:03:31,OI311P9300,OI311P9300,1129.0,0.0,0.0,0.0,1,564.0,1790.5,1,1129.0,0.0,0.0,0.0,0.0,0.0,27
2023-05-09 21:03:31,OI311P9300,OI311P9300,1129.0,0.0,0.0,0.0,10,564.5,1790.5,1,1129.0,0.0,0.0,0.0,0.0,0.0,27
2023-05-09 21:03:33,OI311P9300,OI311P9300,1129.0,0.0,0.0,0.0,1,566.0,1790.5,1,1129.0,0.0,0.0,0.0,0.0,0.0,27
2023-05-09 21:03:33,OI311P9300,OI311P9300,1129.0,0.0,0.0,0.0,10,566.5,1790.5,1,1129.0,0.0,0.0,0.0,0.0,0.0,27
2023-05-09 21:03:37,OI311P9300,OI311P9300,1129.0,0.0,0.0,0.0,1,568.0,1790.5,1,1129.0,0.0,0.0,0.0,0.0,0.0,27
2023-05-09 21:03:37,OI311P9300,OI311P9300,1129.0,0.0,0.0,0.0,10,568.5,1790.5,1,1129.0,0.0,0.0,0.0,0.0,0.0,27
2023-05-09 21:03:38,OI311P9300,OI311P9300,1129.0,0.0,0.0,0.0,1,570.0,1790.5,1,1129.0,0.0,0.0,0.0,0.0,0.0,27
2023-05-09 21:03:38,OI311P9300,OI311P9300,1129.0,0.0,0.0,0.0,10,570.5,1790.5,1,1129.0,0.0,0.0,0.0,0.0,0.0,27
2023-05-09 21:03:38,OI311P9300,OI311P9300,1129.0,0.0,0.0,0.0,1,570.0,1790.5,1,1129.0,0.0,0.0,0.0,0.0,0.0,27
2023-05-09 21:03:39,OI311P9300,OI311P9300,1129.0,0.0,0.0,0.0,1,572.0,1790.5,1,1129.0,0.0,0.0,0.0,0.0,0.0,27
2023-05-09 21:03:39,OI311P9300,OI311P9300,1129.0,0.0,0.0,0.0,10,572.5,1790.5,1,1129.0,0.0,0.0,0.0,0.0,0.0,27
2023-05-09 21:03:45,OI311P9300,OI311P9300,1129.0,0.0,0.0,0.0,1,574.0,1790.5,1,1129.0,0.0,0.0,0.0,0.0,0.0,27
2023-05-09 21:03:45,OI311P9300,OI311P9300,1129.0,0.0,0.0,0.0,10,574.5,1790.5,1,1129.0,0.0,0.0,0.0,0.0,0.0,27
2023-05-09 21:03:50,OI311P9300,OI311P9300,1129.0,0.0,0.0,0.0,1,576.0,1790.5,1,1129.0,0.0,0.0,0.0,0.0,0.0,27
2023-05-09 21:03:50,OI311P9300,OI311P9300,1129.0,0.0,0.0,0.0,10,576.5,1790.5,1,1129.0,0.0,0.0,0.0,0.0,0.0,27
2023-05-09 21:03:53,OI311P9300,OI311P9300,1129.0,0.0,0.0,0.0,1,578.0,1790.5,1,1129.0,0.0,0.0,0.0,0.0,0.0,27
2023-05-09 21:03:53,OI311P9300,OI311P9300,1129.0,0.0,0.0,0.0,10,578.5,1790.5,1,1129.0,0.0,0.0,0.0,0.0,0.0,27
2023-05-09 21:03:59,OI311P9300,OI311P9300,1129.0,0.0,0.0,0.0,1,580.0,1790.5,1,1129.0,0.0,0.0,0.0,0.0,0.0,27
2023-05-09 21:03:59,OI311P9300,OI311P9300,1129.0,0.0,0.0,0.0,10,580.5,1790.5,1,1129.0,0.0,0.0,0.0,0.0,0.0,27
2023-05-09 21:04:02,OI311P9300,OI311P9300,1129.0,0.0,0.0,0.0,1,582.0,1790.5,1,1129.0,0.0,0.0,0.0,0.0,0.0,27
2023-05-09 21:04:02,OI311P9300,OI311P9300,1129.0,0.0,0.0,0.0,10,582.5,1790.5,1,1129.0,0.0,0.0,0.0,0.0,0.0,27
2023-05-09 21:04:03,OI311P9300,OI311P9300,1129.0,0.0,0.0,0.0,1,584.0,1790.5,1,1129.0,0.0,0.0,0.0,0.0,0.0,27
2023-05-09 21:04:03,OI311P9300,OI311P9300,1129.0,0.0,0.0,0.0,10,584.5,1790.5,1,1129.0,0.0,0.0,0.0,0.0,0.0,27
2023-05-09 21:04:05,OI311P9300,OI311P9300,1129.0,0.0,0.0,0.0,1,586.0,1790.5,1,1129.0,0.0,0.0,0.0,0.0,0.0,27
2023-05-09 21:04:05,OI311P9300,OI311P9300,1129.0,0.0,0.0,0.0,10,586.5,1790.5,1,1129.0,0.0,0.0,0.0,0.0,0.0,27
2023-05-09 21:04:06,OI311P9300,OI311P9300,1129.0,0.0,0.0,0.0,1,588.0,1790.5,1,1129.0,0.0,0.0,0.0,0.0,0.0,27
2023-05-09 21:04:06,OI311P9300,OI311P9300,1129.0,0.0,0.0,0.0,10,588.5,1790.5,1,1129.0,0.0,0.0,0.0,0.0,0.0,27
2023-05-09 21:04:08,OI311P9300,OI311P9300,1129.0,0.0,0.0,0.0,1,590.0,1790.5,1,1129.0,0.0,0.0,0.0,0.0,0.0,27
2023-05-09 21:04:08,OI311P9300,OI311P9300,1129.0,0.0,0.0,0.0,10,590.5,1790.5,1,1129.0,0.0,0.0,0.0,0.0,0.0,27
2023-05-09 21:04:09,OI311P9300,OI311P9300,1129.0,0.0,0.0,0.0,1,592.0,1790.5,1,1129.0,0.0,0.0,0.0,0.0,0.0,27
2023-05-09 21:04:09,OI311P9300,OI311P9300,1129.0,0.0,0.0,0.0,10,592.5,1790.5,1,1129.0,0.0,0.0,0.0,0.0,0.0,27
2023-05-09 21:04:10,OI311P9300,OI311P9300,1129.0,0.0,0.0,0.0,1,594.0,1790.5,1,1129.0,0.0,0.0,0.0,0.0,0.0,27
2023-05-09 21:04:10,OI311P9300,OI311P9300,1129.0,0.0,0.0,0.0,10,594.5,1790.5,1,1129.0,0.0,0.0,0.0,0.0,0.0,27
2023-05-09 21:04:11,OI311P9300,OI311P9300,1129.0,0.0,0.0,0.0,1,596.0,1790.5,1,1129.0,0.0,0.0,0.0,0.0,0.0,27
2023-05-09 21:04:11,OI311P9300,OI311P9300,1129.0,0.0,0.0,0.0,10,596.5,1790.5,1,1129.0,0.0,0.0,0.0,0.0,0.0,27
2023-05-09 21:04:12,OI311P9300,OI311P9300,1129.0,0.0,0.0,0.0,1,598.0,1790.5,1,1129.0,0.0,0.0,0.0,0.0,0.0,27
2023-05-09 21:04:12,OI311P9300,OI311P9300,1129.0,0.0,0.0,0.0,10,598.5,1790.5,1,1129.0,0.0,0.0,0.0,0.0,0.0,27
2023-05-09 21:04:13,OI311P9300,OI311P9300,1129.0,0.0,0.0,0.0,1,600.0,1790.5,1,1129.0,0.0,0.0,0.0,0.0,0.0,27
2023-05-09 21:04:13,OI311P9300,OI311P9300,1129.0,0.0,0.0,0.0,10,600.5,1790.5,1,1129.0,0.0,0.0,0.0,0.0,0.0,27
2023-05-09 21:04:14,OI311P9300,OI311P9300,1129.0,0.0,0.0,0.0,1,602.0,1790.5,1,1129.0,0.0,0.0,0.0,0.0,0.0,27
2023-05-09 21:04:14,OI311P9300,OI311P9300,1129.0,0.0,0.0,0.0,10,602.5,1790.5,1,1129.0,0.0,0.0,0.0,0.0,0.0,27
2023-05-09 21:04:15,OI311P9300,OI311P9300,1129.0,0.0,0.0,0.0,1,604.0,1790.5,1,1129.0,0.0,0.0,0.0,0.0,0.0,27
2023-05-09 21:04:15,OI311P9300,OI311P9300,1129.0,0.0,0.0,0.0,10,604.5,1790.5,1,1129.0,0.0,0.0,0.0,0.0,0.0,27
2023-05-09 21:04:16,OI311P9300,OI311P9300,1129.0,0.0,0.0,0.0,1,606.0,1790.5,1,1129.0,0.0,0.0,0.0,0.0,0.0,27
2023-05-09 21:04:16,OI311P9300,OI311P9300,1129.0,0.0,0.0,0.0,10,606.5,1790.5,1,1129.0,0.0,0.0,0.0,0.0,0.0,27
2023-05-09 21:04:18,OI311P9300,OI311P9300,1129.0,0.0,0.0,0.0,1,608.0,1790.5,1,1129.0,0.0,0.0,0.0,0.0,0.0,27
2023-05-09 21:04:18,OI311P9300,OI311P9300,1129.0,0.0,0.0,0.0,10,608.5,1790.5,1,1129.0,0.0,0.0,0.0,0.0,0.0,27
2023-05-09 21:04:19,OI311P9300,OI311P9300,1129.0,0.0,0.0,0.0,1,610.0,1790.5,1,1129.0,0.0,0.0,0.0,0.0,0.0,27
2023-05-09 21:04:19,OI311P9300,OI311P9300,1129.0,0.0,0.0,0.0,10,610.5,1790.5,1,1129.0,0.0,0.0,0.0,0.0,0.0,27
2023-05-09 21:04:22,OI311P9300,OI311P9300,1129.0,0.0,0.0,0.0,1,612.0,1790.5,1,1129.0,0.0,0.0,0.0,0.0,0.0,27
2023-05-09 21:04:22,OI311P9300,OI311P9300,1129.0,0.0,0.0,0.0,10,612.5,1790.5,1,1129.0,0.0,0.0,0.0,0.0,0.0,27
2023-05-09 21:04:24,OI311P9300,OI311P9300,1129.0,0.0,0.0,0.0,1,614.0,1790.5,1,1129.0,0.0,0.0,0.0,0.0,0.0,27
2023-05-09 21:04:24,OI311P9300,OI311P9300,1129.0,0.0,0.0,0.0,10,614.5,1790.5,1,1129.0,0.0,0.0,0.0,0.0,0.0,27
2023-05-09 21:04:25,OI311P9300,OI311P9300,1129.0,0.0,0.0,0.0,1,616.0,1790.5,1,1129.0,0.0,0.0,0.0,0.0,0.0,27
2023-05-09 21:04:25,OI311P9300,OI311P9300,1129.0,0.0,0.0,0.0,10,616.5,1790.5,1,1129.0,0.0,0.0,0.0,0.0,0.0,27
2023-05-09 21:04:27,OI311P9300,OI311P9300,1129.0,0.0,0.0,0.0,1,618.0,1790.5,1,1129.0,0.0,0.0,0.0,0.0,0.0,27
2023-05-09 21:04:27,OI311P9300,OI311P9300,1129.0,0.0,0.0,0.0,10,618.5,1790.5,1,1129.0,0.0,0.0,0.0,0.0,0.0,27
2023-05-09 21:04:28,OI311P9300,OI311P9300,1129.0,0.0,0.0,0.0,1,620.0,1790.5,1,1129.0,0.0,0.0,0.0,0.0,0.0,27
2023-05-09 21:04:28,OI311P9300,OI311P9300,1129.0,0.0,0.0,0.0,10,620.5,1790.5,1,1129.0,0.0,0.0,0.0,0.0,0.0,27
2023-05-09 21:04:30,OI311P9300,OI311P9300,1129.0,0.0,0.0,0.0,1,622.0,1790.5,1,1129.0,0.0,0.0,0.0,0.0,0.0,27
2023-05-09 21:04:30,OI311P9300,OI311P9300,1129.0,0.0,0.0,0.0,10,622.5,1790.5,1,1129.0,0.0,0.0,0.0,0.0,0.0,27
2023-05-09 21:04:31,OI311P9300,OI311P9300,1129.0,0.0,0.0,0.0,1,624.0,1790.5,1,1129.0,0.0,0.0,0.0,0.0,0.0,27
2023-05-09 21:04:31,OI311P9300,OI311P9300,1129.0,0.0,0.0,0.0,10,624.5,1790.5,1,1129.0,0.0,0.0,0.0,0.0,0.0,27
2023-05-09 21:04:32,OI311P9300,OI311P9300,1129.0,0.0,0.0,0.0,1,626.0,1790.5,1,1129.0,0.0,0.0,0.0,0.0,0.0,27
2023-05-09 21:04:32,OI311P9300,OI311P9300,1129.0,0.0,0.0,0.0,10,626.5,1790.5,1,1129.0,0.0,0.0,0.0,0.0,0.0,27
2023-05-09 21:04:33,OI311P9300,OI311P9300,1129.0,0.0,0.0,0.0,1,628.0,1790.5,1,1129.0,0.0,0.0,0.0,0.0,0.0,27
2023-05-09 21:04:33,OI311P9300,OI311P9300,1129.0,0.0,0.0,0.0,10,628.5,1790.5,1,1129.0,0.0,0.0,0.0,0.0,0.0,27
2023-05-09 21:04:35,OI311P9300,OI311P9300,1129.0,0.0,0.0,0.0,1,630.0,1790.5,1,1129.0,0.0,0.0,0.0,0.0,0.0,27
2023-05-09 21:04:35,OI311P9300,OI311P9300,1129.0,0.0,0.0,0.0,10,630.5,1790.5,1,1129.0,0.0,0.0,0.0,0.0,0.0,27
2023-05-09 21:04:36,OI311P9300,OI311P9300,1129.0,0.0,0.0,0.0,1,632.0,1790.5,1,1129.0,0.0,0.0,0.0,0.0,0.0,27
2023-05-09 21:04:36,OI311P9300,OI311P9300,1129.0,0.0,0.0,0.0,10,632.5,1790.5,1,1129.0,0.0,0.0,0.0,0.0,0.0,27
2023-05-09 21:04:37,OI311P9300,OI311P9300,1129.0,0.0,0.0,0.0,1,634.0,1790.5,1,1129.0,0.0,0.0,0.0,0.0,0.0,27
2023-05-09 21:04:37,OI311P9300,OI311P9300,1129.0,0.0,0.0,0.0,10,634.5,1790.5,1,1129.0,0.0,0.0,0.0,0.0,0.0,27
2023-05-09 21:04:39,OI311P9300,OI311P9300,1129.0,0.0,0.0,0.0,1,636.0,1790.5,1,1129.0,0.0,0.0,0.0,0.0,0.0,27
2023-05-09 21:04:39,OI311P9300,OI311P9300,1129.0,0.0,0.0,0.0,10,636.5,1790.5,1,1129.0,0.0,0.0,0.0,0.0,0.0,27
2023-05-09 21:04:40,OI311P9300,OI311P9300,1129.0,0.0,0.0,0.0,1,638.0,1790.5,1,1129.0,0.0,0.0,0.0,0.0,0.0,27
2023-05-09 21:04:40,OI311P9300,OI311P9300,1129.0,0.0,0.0,0.0,10,638.5,1790.5,1,1129.0,0.0,0.0,0.0,0.0,0.0,27
2023-05-09 21:04:43,OI311P9300,OI311P9300,1129.0,0.0,0.0,0.0,1,640.0,1790.5,1,1129.0,0.0,0.0,0.0,0.0,0.0,27
2023-05-09 21:04:43,OI311P9300,OI311P9300,1129.0,0.0,0.0,0.0,10,640.5,1790.5,1,1129.0,0.0,0.0,0.0,0.0,0.0,27
2023-05-09 21:04:45,OI311P9300,OI311P9300,1129.0,0.0,0.0,0.0,1,642.0,1790.5,1,1129.0,0.0,0.0,0.0,0.0,0.0,27
2023-05-09 21:04:45,OI311P9300,OI311P9300,1129.0,0.0,0.0,0.0,10,642.5,1790.5,1,1129.0,0.0,0.0,0.0,0.0,0.0,27
2023-05-09 21:04:46,OI311P9300,OI311P9300,1129.0,0.0,0.0,0.0,1,644.0,1790.5,1,1129.0,0.0,0.0,0.0,0.0,0.0,27
2023-05-09 21:04:46,OI311P9300,OI311P9300,1129.0,0.0,0.0,0.0,10,644.5,1790.5,1,1129.0,0.0,0.0,0.0,0.0,0.0,27
2023-05-09 21:04:47,OI311P9300,OI311P9300,1129.0,0.0,0.0,0.0,1,646.0,1790.5,1,1129.0,0.0,0.0,0.0,0.0,0.0,27
2023-05-09 21:04:47,OI311P9300,OI311P9300,1129.0,0.0,0.0,0.0,10,646.5,1790.5,1,1129.0,0.0,0.0,0.0,0.0,0.0,27
2023-05-09 21:04:48,OI311P9300,OI311P9300,1129.0,0.0,0.0,0.0,1,648.0,1790.5,1,1129.0,0.0,0.0,0.0,0.0,0.0,27
2023-05-09 21:04:48,OI311P9300,OI311P9300,1129.0,0.0,0.0,0.0,10,648.5,1790.5,1,1129.0,0.0,0.0,0.0,0.0,0.0,27
2023-05-09 21:04:49,OI311P9300,OI311P9300,1129.0,0.0,0.0,0.0,1,650.0,1790.5,1,1129.0,0.0,0.0,0.0,0.0,0.0,27
2023-05-09 21:04:49,OI311P9300,OI311P9300,1129.0,0.0,0.0,0.0,10,650.5,1790.5,1,1129.0,0.0,0.0,0.0,0.0,0.0,27
2023-05-09 21:04:50,OI311P9300,OI311P9300,1129.0,0.0,0.0,0.0,1,652.0,1790.5,1,1129.0,0.0,0.0,0.0,0.0,0.0,27
2023-05-09 21:04:50,OI311P9300,OI311P9300,1129.0,0.0,0.0,0.0,10,652.5,1790.5,1,1129.0,0.0,0.0,0.0,0.0,0.0,27
2023-05-09 21:04:54,OI311P9300,OI311P9300,1129.0,0.0,0.0,0.0,1,654.0,1790.5,1,1129.0,0.0,0.0,0.0,0.0,0.0,27
2023-05-09 21:04:54,OI311P9300,OI311P9300,1129.0,0.0,0.0,0.0,10,654.5,1790.5,1,1129.0,0.0,0.0,0.0,0.0,0.0,27
2023-05-09 21:04:55,OI311P9300,OI311P9300,1129.0,0.0,0.0,0.0,1,656.0,1790.5,1,1129.0,0.0,0.0,0.0,0.0,0.0,27
2023-05-09 21:04:55,OI311P9300,OI311P9300,1129.0,0.0,0.0,0.0,10,656.5,1790.5,1,1129.0,0.0,0.0,0.0,0.0,0.0,27
2023-05-09 21:04:58,OI311P9300,OI311P9300,1129.0,0.0,0.0,0.0,1,658.0,1790.5,1,1129.0,0.0,0.0,0.0,0.0,0.0,27
2023-05-09 21:04:58,OI311P9300,OI311P9300,1129.0,0.0,0.0,0.0,10,658.5,1790.5,1,1129.0,0.0,0.0,0.0,0.0,0.0,27
2023-05-09 21:04:59,OI311P9300,OI311P9300,1129.0,0.0,0.0,0.0,1,660.0,1790.5,1,1129.0,0.0,0.0,0.0,0.0,0.0,27
2023-05-09 21:04:59,OI311P9300,OI311P9300,1129.0,0.0,0.0,0.0,10,660.5,1790.5,1,1129.0,0.0,0.0,0.0,0.0,0.0,27
2023-05-09 21:05:00,OI311P9300,OI311P9300,1129.0,0.0,0.0,0.0,1,662.0,1790.5,1,1129.0,0.0,0.0,0.0,0.0,0.0,27
2023-05-09 21:05:00,OI311P9300,OI311P9300,1129.0,0.0,0.0,0.0,10,662.5,1790.5,1,1129.0,0.0,0.0,0.0,0.0,0.0,27
2023-05-09 21:05:01,OI311P9300,OI311P9300,1129.0,0.0,0.0,0.0,1,664.0,1790.5,1,1129.0,0.0,0.0,0.0,0.0,0.0,27
2023-05-09 21:05:01,OI311P9300,OI311P9300,1129.0,0.0,0.0,0.0,10,664.5,1790.5,1,1129.0,0.0,0.0,0.0,0.0,0.0,27
2023-05-09 21:05:07,OI311P9300,OI311P9300,1129.0,0.0,0.0,0.0,1,666.0,1790.5,1,1129.0,0.0,0.0,0.0,0.0,0.0,27
2023-05-09 21:05:07,OI311P9300,OI311P9300,1129.0,0.0,0.0,0.0,10,666.5,1790.5,1,1129.0,0.0,0.0,0.0,0.0,0.0,27
2023-05-09 21:05:08,OI311P9300,OI311P9300,1129.0,0.0,0.0,0.0,1,668.0,1790.5,1,1129.0,0.0,0.0,0.0,0.0,0.0,27
2023-05-09 21:05:08,OI311P9300,OI311P9300,1129.0,0.0,0.0,0.0,10,668.5,1790.5,1,1129.0,0.0,0.0,0.0,0.0,0.0,27
2023-05-09 21:05:09,OI311P9300,OI311P9300,1129.0,0.0,0.0,0.0,1,670.0,1790.5,1,1129.0,0.0,0.0,0.0,0.0,0.0,27
2023-05-09 21:05:10,OI311P9300,OI311P9300,1129.0,0.0,0.0,0.0,10,670.5,1790.5,1,1129.0,0.0,0.0,0.0,0.0,0.0,27
2023-05-09 21:05:10,OI311P9300,OI311P9300,1129.0,0.0,0.0,0.0,1,672.0,1790.5,1,1129.0,0.0,0.0,0.0,0.0,0.0,27
2023-05-09 21:05:11,OI311P9300,OI311P9300,1129.0,0.0,0.0,0.0,10,672.5,1790.5,1,1129.0,0.0,0.0,0.0,0.0,0.0,27
2023-05-09 21:05:13,OI311P9300,OI311P9300,1129.0,0.0,0.0,0.0,1,674.0,1790.5,1,1129.0,0.0,0.0,0.0,0.0,0.0,27
2023-05-09 21:05:14,OI311P9300,OI311P9300,1129.0,0.0,0.0,0.0,10,674.5,1790.5,1,1129.0,0.0,0.0,0.0,0.0,0.0,27
2023-05-09 21:05:16,OI311P9300,OI311P9300,1129.0,0.0,0.0,0.0,1,676.0,1790.5,1,1129.0,0.0,0.0,0.0,0.0,0.0,27
2023-05-09 21:05:16,OI311P9300,OI311P9300,1129.0,0.0,0.0,0.0,10,676.5,1790.5,1,1129.0,0.0,0.0,0.0,0.0,0.0,27
2023-05-09 21:05:21,OI311P9300,OI311P9300,1129.0,0.0,0.0,0.0,1,678.0,1790.5,1,1129.0,0.0,0.0,0.0,0.0,0.0,27
2023-05-09 21:05:22,OI311P9300,OI311P9300,1129.0,0.0,0.0,0.0,10,678.5,1790.5,1,1129.0,0.0,0.0,0.0,0.0,0.0,27
2023-05-09 21:05:25,OI311P9300,OI311P9300,1129.0,0.0,0.0,0.0,1,680.0,1790.5,1,1129.0,0.0,0.0,0.0,0.0,0.0,27
2023-05-09 21:05:26,OI311P9300,OI311P9300,1129.0,0.0,0.0,0.0,10,680.5,1790.5,1,1129.0,0.0,0.0,0.0,0.0,0.0,27
2023-05-09 21:05:28,OI311P9300,OI311P9300,1129.0,0.0,0.0,0.0,1,682.0,1790.5,1,1129.0,0.0,0.0,0.0,0.0,0.0,27
2023-05-09 21:05:29,OI311P9300,OI311P9300,1129.0,0.0,0.0,0.0,10,682.5,1790.5,1,1129.0,0.0,0.0,0.0,0.0,0.0,27
2023-05-09 21:05:29,OI311P9300,OI311P9300,1129.0,0.0,0.0,0.0,1,684.0,1790.5,1,1129.0,0.0,0.0,0.0,0.0,0.0,27
2023-05-09 21:05:29,OI311P9300,OI311P9300,1129.0,0.0,0.0,0.0,10,684.5,1790.5,1,1129.0,0.0,0.0,0.0,0.0,0.0,27
2023-05-09 21:05:31,OI311P9300,OI311P9300,1129.0,0.0,0.0,0.0,1,686.0,1790.5,1,1129.0,0.0,0.0,0.0,0.0,0.0,27
2023-05-09 21:05:32,OI311P9300,OI311P9300,1129.0,0.0,0.0,0.0,10,686.5,1790.5,1,1129.0,0.0,0.0,0.0,0.0,0.0,27
2023-05-09 21:05:35,OI311P9300,OI311P9300,1129.0,0.0,0.0,0.0,1,688.0,1790.5,1,1129.0,0.0,0.0,0.0,0.0,0.0,27
2023-05-09 21:05:36,OI311P9300,OI311P9300,1129.0,0.0,0.0,0.0,10,688.5,1790.5,1,1129.0,0.0,0.0,0.0,0.0,0.0,27
2023-05-09 21:05:41,OI311P9300,OI311P9300,1129.0,0.0,0.0,0.0,1,690.0,1790.5,1,1129.0,0.0,0.0,0.0,0.0,0.0,27
2023-05-09 21:05:41,OI311P9300,OI311P9300,1129.0,0.0,0.0,0.0,10,690.5,1790.5,1,1129.0,0.0,0.0,0.0,0.0,0.0,27
2023-05-09 21:05:44,OI311P9300,OI311P9300,1129.0,0.0,0.0,0.0,1,692.0,1790.5,1,1129.0,0.0,0.0,0.0,0.0,0.0,27
2023-05-09 21:05:45,OI311P9300,OI311P9300,1129.0,0.0,0.0,0.0,10,692.5,1790.5,1,1129.0,0.0,0.0,0.0,0.0,0.0,27
2023-05-09 21:05:48,OI311P9300,OI311P9300,1129.0,0.0,0.0,0.0,1,694.0,1790.5,1,1129.0,0.0,0.0,0.0,0.0,0.0,27
2023-05-09 21:05:49,OI311P9300,OI311P9300,1129.0,0.0,0.0,0.0,10,694.5,1790.5,1,1129.0,0.0,0.0,0.0,0.0,0.0,27
2023-05-09 21:05:49,OI311P9300,OI311P9300,1129.0,0.0,0.0,0.0,1,696.0,1790.5,1,1129.0,0.0,0.0,0.0,0.0,0.0,27
2023-05-09 21:05:50,OI311P9300,OI311P9300,1129.0,0.0,0.0,0.0,10,696.5,1790.5,1,1129.0,0.0,0.0,0.0,0.0,0.0,27
2023-05-09 21:05:52,OI311P9300,OI311P9300,1129.0,0.0,0.0,0.0,1,698.0,1790.5,1,1129.0,0.0,0.0,0.0,0.0,0.0,27
2023-05-09 21:05:52,OI311P9300,OI311P9300,1129.0,0.0,0.0,0.0,10,698.5,1790.5,1,1129.0,0.0,0.0,0.0,0.0,0.0,27
2023-05-09 21:05:53,OI311P9300,OI311P9300,1129.0,0.0,0.0,0.0,1,700.0,1790.5,1,1129.0,0.0,0.0,0.0,0.0,0.0,27
2023-05-09 21:05:53,OI311P9300,OI311P9300,1129.0,0.0,0.0,0.0,10,700.5,1790.5,1,1129.0,0.0,0.0,0.0,0.0,0.0,27
2023-05-09 21:05:56,OI311P9300,OI311P9300,1129.0,0.0,0.0,0.0,1,702.0,1790.5,1,1129.0,0.0,0.0,0.0,0.0,0.0,27
2023-05-09 21:05:57,OI311P9300,OI311P9300,1129.0,0.0,0.0,0.0,10,702.5,1790.5,1,1129.0,0.0,0.0,0.0,0.0,0.0,27
2023-05-09 21:06:00,OI311P9300,OI311P9300,1129.0,0.0,0.0,0.0,1,704.0,1790.5,1,1129.0,0.0,0.0,0.0,0.0,0.0,27
2023-05-09 21:06:01,OI311P9300,OI311P9300,1129.0,0.0,0.0,0.0,10,704.5,1790.5,1,1129.0,0.0,0.0,0.0,0.0,0.0,27
2023-05-09 21:06:04,OI311P9300,OI311P9300,1129.0,0.0,0.0,0.0,1,706.0,1790.5,1,1129.0,0.0,0.0,0.0,0.0,0.0,27
2023-05-09 21:06:04,OI311P9300,OI311P9300,1129.0,0.0,0.0,0.0,10,706.5,1790.5,1,1129.0,0.0,0.0,0.0,0.0,0.0,27
2023-05-09 21:06:05,OI311P9300,OI311P9300,1129.0,0.0,0.0,0.0,1,708.0,1790.5,1,1129.0,0.0,0.0,0.0,0.0,0.0,27
2023-05-09 21:06:06,OI311P9300,OI311P9300,1129.0,0.0,0.0,0.0,10,708.5,1790.5,1,1129.0,0.0,0.0,0.0,0.0,0.0,27
2023-05-09 21:06:10,OI311P9300,OI311P9300,1129.0,0.0,0.0,0.0,1,710.0,1790.5,1,1129.0,0.0,0.0,0.0,0.0,0.0,27
2023-05-09 21:06:11,OI311P9300,OI311P9300,1129.0,0.0,0.0,0.0,10,710.5,1790.5,1,1129.0,0.0,0.0,0.0,0.0,0.0,27
2023-05-09 21:06:16,OI311P9300,OI311P9300,1129.0,0.0,0.0,0.0,1,712.0,1790.5,1,1129.0,0.0,0.0,0.0,0.0,0.0,27
2023-05-09 21:06:17,OI311P9300,OI311P9300,1129.0,0.0,0.0,0.0,10,712.5,1790.5,1,1129.0,0.0,0.0,0.0,0.0,0.0,27
2023-05-09 21:06:19,OI311P9300,OI311P9300,1129.0,0.0,0.0,0.0,1,714.0,1790.5,1,1129.0,0.0,0.0,0.0,0.0,0.0,27
2023-05-09 21:06:19,OI311P9300,OI311P9300,1129.0,0.0,0.0,0.0,10,714.5,1790.5,1,1129.0,0.0,0.0,0.0,0.0,0.0,27
2023-05-09 21:06:25,OI311P9300,OI311P9300,1129.0,0.0,0.0,0.0,1,716.0,1790.5,1,1129.0,0.0,0.0,0.0,0.0,0.0,27
2023-05-09 21:06:26,OI311P9300,OI311P9300,1129.0,0.0,0.0,0.0,10,716.5,1790.5,1,1129.0,0.0,0.0,0.0,0.0,0.0,27
2023-05-09 21:06:26,OI311P9300,OI311P9300,1129.0,0.0,0.0,0.0,1,718.0,1790.5,1,1129.0,0.0,0.0,0.0,0.0,0.0,27
2023-05-09 21:06:26,OI311P9300,OI311P9300,1129.0,0.0,0.0,0.0,10,718.5,1790.5,1,1129.0,0.0,0.0,0.0,0.0,0.0,27
2023-05-09 21:06:30,OI311P9300,OI311P9300,1129.0,0.0,0.0,0.0,1,720.0,1790.5,1,1129.0,0.0,0.0,0.0,0.0,0.0,27
2023-05-09 21:06:30,OI311P9300,OI311P9300,1129.0,0.0,0.0,0.0,10,720.5,1790.5,1,1129.0,0.0,0.0,0.0,0.0,0.0,27
2023-05-09 21:06:35,OI311P9300,OI311P9300,1129.0,0.0,0.0,0.0,1,722.0,1790.5,1,1129.0,0.0,0.0,0.0,0.0,0.0,27
2023-05-09 21:06:36,OI311P9300,OI311P9300,1129.0,0.0,0.0,0.0,10,722.5,1790.5,1,1129.0,0.0,0.0,0.0,0.0,0.0,27
2023-05-09 21:06:39,OI311P9300,OI311P9300,1129.0,0.0,0.0,0.0,1,724.0,1790.5,1,1129.0,0.0,0.0,0.0,0.0,0.0,27
2023-05-09 21:06:40,OI311P9300,OI311P9300,1129.0,0.0,0.0,0.0,10,724.5,1790.5,1,1129.0,0.0,0.0,0.0,0.0,0.0,27
2023-05-09 21:06:43,OI311P9300,OI311P9300,1129.0,0.0,0.0,0.0,1,726.0,1790.5,1,1129.0,0.0,0.0,0.0,0.0,0.0,27
2023-05-09 21:06:44,OI311P9300,OI311P9300,1129.0,0.0,0.0,0.0,10,726.5,1790.5,1,1129.0,0.0,0.0,0.0,0.0,0.0,27
2023-05-09 21:06:44,OI311P9300,OI311P9300,1129.0,0.0,0.0,0.0,1,728.0,1790.5,1,1129.0,0.0,0.0,0.0,0.0,0.0,27
2023-05-09 21:06:45,OI311P9300,OI311P9300,1129.0,0.0,0.0,0.0,10,728.5,1790.5,1,1129.0,0.0,0.0,0.0,0.0,0.0,27
2023-05-09 21:06:48,OI311P9300,OI311P9300,1129.0,0.0,0.0,0.0,1,730.0,1790.5,1,1129.0,0.0,0.0,0.0,0.0,0.0,27
2023-05-09 21:06:49,OI311P9300,OI311P9300,1129.0,0.0,0.0,0.0,10,730.5,1790.5,1,1129.0,0.0,0.0,0.0,0.0,0.0,27
2023-05-09 21:06:52,OI311P9300,OI311P9300,1129.0,0.0,0.0,0.0,1,732.0,1790.5,1,1129.0,0.0,0.0,0.0,0.0,0.0,27
2023-05-09 21:06:53,OI311P9300,OI311P9300,1129.0,0.0,0.0,0.0,10,732.5,1790.5,1,1129.0,0.0,0.0,0.0,0.0,0.0,27
2023-05-09 21:06:56,OI311P9300,OI311P9300,1129.0,0.0,0.0,0.0,1,734.0,1790.5,1,1129.0,0.0,0.0,0.0,0.0,0.0,27
2023-05-09 21:06:56,OI311P9300,OI311P9300,1129.0,0.0,0.0,0.0,10,734.5,1790.5,1,1129.0,0.0,0.0,0.0,0.0,0.0,27
2023-05-09 21:06:57,OI311P9300,OI311P9300,1129.0,0.0,0.0,0.0,1,736.0,1790.5,1,1129.0,0.0,0.0,0.0,0.0,0.0,27
2023-05-09 21:06:57,OI311P9300,OI311P9300,1129.0,0.0,0.0,0.0,10,736.5,1790.5,1,1129.0,0.0,0.0,0.0,0.0,0.0,27
2023-05-09 21:07:00,OI311P9300,OI311P9300,1129.0,0.0,0.0,0.0,1,738.0,1790.5,1,1129.0,0.0,0.0,0.0,0.0,0.0,27
2023-05-09 21:07:00,OI311P9300,OI311P9300,1129.0,0.0,0.0,0.0,10,738.5,1790.5,1,1129.0,0.0,0.0,0.0,0.0,0.0,27
2023-05-09 21:07:01,OI311P9300,OI311P9300,1129.0,0.0,0.0,0.0,1,740.0,1790.5,1,1129.0,0.0,0.0,0.0,0.0,0.0,27
2023-05-09 21:07:01,OI311P9300,OI311P9300,1129.0,0.0,0.0,0.0,10,740.5,1790.5,1,1129.0,0.0,0.0,0.0,0.0,0.0,27
2023-05-09 21:07:02,OI311P9300,OI311P9300,1129.0,0.0,0.0,0.0,1,742.0,1790.5,1,1129.0,0.0,0.0,0.0,0.0,0.0,27
2023-05-09 21:07:02,OI311P9300,OI311P9300,1129.0,0.0,0.0,0.0,10,742.5,1790.5,1,1129.0,0.0,0.0,0.0,0.0,0.0,27
2023-05-09 21:07:05,OI311P9300,OI311P9300,1129.0,0.0,0.0,0.0,1,744.0,1790.5,1,1129.0,0.0,0.0,0.0,0.0,0.0,27
2023-05-09 21:07:06,OI311P9300,OI311P9300,1129.0,0.0,0.0,0.0,10,744.5,1790.5,1,1129.0,0.0,0.0,0.0,0.0,0.0,27
2023-05-09 21:07:10,OI311P9300,OI311P9300,1129.0,0.0,0.0,0.0,1,746.0,1790.5,1,1129.0,0.0,0.0,0.0,0.0,0.0,27
2023-05-09 21:07:11,OI311P9300,OI311P9300,1129.0,0.0,0.0,0.0,10,746.5,1790.5,1,1129.0,0.0,0.0,0.0,0.0,0.0,27
2023-05-09 21:07:11,OI311P9300,OI311P9300,1129.0,0.0,0.0,0.0,1,748.0,1790.5,1,1129.0,0.0,0.0,0.0,0.0,0.0,27
2023-05-09 21:07:12,OI311P9300,OI311P9300,1129.0,0.0,0.0,0.0,10,748.5,1790.5,1,1129.0,0.0,0.0,0.0,0.0,0.0,27
2023-05-09 21:07:15,OI311P9300,OI311P9300,1129.0,0.0,0.0,0.0,1,750.0,1790.5,1,1129.0,0.0,0.0,0.0,0.0,0.0,27
2023-05-09 21:07:16,OI311P9300,OI311P9300,1129.0,0.0,0.0,0.0,10,750.5,1790.5,1,1129.0,0.0,0.0,0.0,0.0,0.0,27
2023-05-09 21:07:19,OI311P9300,OI311P9300,1129.0,0.0,0.0,0.0,1,752.0,1790.5,1,1129.0,0.0,0.0,0.0,0.0,0.0,27
2023-05-09 21:07:20,OI311P9300,OI311P9300,1129.0,0.0,0.0,0.0,10,752.5,1790.5,1,1129.0,0.0,0.0,0.0,0.0,0.0,27
2023-05-09 21:07:22,OI311P9300,OI311P9300,1129.0,0.0,0.0,0.0,1,754.0,1790.5,1,1129.0,0.0,0.0,0.0,0.0,0.0,27
2023-05-09 21:07:22,OI311P9300,OI311P9300,1129.0,0.0,0.0,0.0,10,754.5,1790.5,1,1129.0,0.0,0.0,0.0,0.0,0.0,27
2023-05-09 21:07:23,OI311P9300,OI311P9300,1129.0,0.0,0.0,0.0,1,756.0,1790.5,1,1129.0,0.0,0.0,0.0,0.0,0.0,27
2023-05-09 21:07:23,OI311P9300,OI311P9300,1129.0,0.0,0.0,0.0,10,756.5,1790.5,1,1129.0,0.0,0.0,0.0,0.0,0.0,27
2023-05-09 21:07:24,OI311P9300,OI311P9300,1129.0,0.0,0.0,0.0,1,758.0,1790.5,1,1129.0,0.0,0.0,0.0,0.0,0.0,27
2023-05-09 21:07:24,OI311P9300,OI311P9300,1129.0,0.0,0.0,0.0,10,758.5,1790.5,1,1129.0,0.0,0.0,0.0,0.0,0.0,27
2023-05-09 21:07:25,OI311P9300,OI311P9300,1129.0,0.0,0.0,0.0,1,760.0,1790.5,1,1129.0,0.0,0.0,0.0,0.0,0.0,27
2023-05-09 21:07:25,OI311P9300,OI311P9300,1129.0,0.0,0.0,0.0,10,760.5,1790.5,1,1129.0,0.0,0.0,0.0,0.0,0.0,27
2023-05-09 21:07:28,OI311P9300,OI311P9300,1129.0,0.0,0.0,0.0,1,762.0,1790.5,1,1129.0,0.0,0.0,0.0,0.0,0.0,27
2023-05-09 21:07:28,OI311P9300,OI311P9300,1129.0,0.0,0.0,0.0,10,762.5,1790.5,1,1129.0,0.0,0.0,0.0,0.0,0.0,27
2023-05-09 21:07:31,OI311P9300,OI311P9300,1129.0,0.0,0.0,0.0,1,764.0,1790.5,1,1129.0,0.0,0.0,0.0,0.0,0.0,27
2023-05-09 21:07:31,OI311P9300,OI311P9300,1129.0,0.0,0.0,0.0,10,764.5,1790.5,1,1129.0,0.0,0.0,0.0,0.0,0.0,27
2023-05-09 21:07:33,OI311P9300,OI311P9300,1129.0,0.0,0.0,0.0,1,766.0,1790.5,1,1129.0,0.0,0.0,0.0,0.0,0.0,27
2023-05-09 21:07:34,OI311P9300,OI311P9300,1129.0,0.0,0.0,0.0,10,766.5,1790.5,1,1129.0,0.0,0.0,0.0,0.0,0.0,27
2023-05-09 21:07:35,OI311P9300,OI311P9300,1129.0,0.0,0.0,0.0,1,768.0,1790.5,1,1129.0,0.0,0.0,0.0,0.0,0.0,27
2023-05-09 21:07:35,OI311P9300,OI311P9300,1129.0,0.0,0.0,0.0,10,768.5,1790.5,1,1129.0,0.0,0.0,0.0,0.0,0.0,27
2023-05-09 21:07:37,OI311P9300,OI311P9300,1129.0,0.0,0.0,0.0,1,770.0,1790.5,1,1129.0,0.0,0.0,0.0,0.0,0.0,27
2023-05-09 21:07:37,OI311P9300,OI311P9300,1129.0,0.0,0.0,0.0,10,770.5,1790.5,1,1129.0,0.0,0.0,0.0,0.0,0.0,27
2023-05-09 21:07:39,OI311P9300,OI311P9300,1129.0,0.0,0.0,0.0,1,772.0,1790.5,1,1129.0,0.0,0.0,0.0,0.0,0.0,27
2023-05-09 21:07:39,OI311P9300,OI311P9300,1129.0,0.0,0.0,0.0,10,772.5,1790.5,1,1129.0,0.0,0.0,0.0,0.0,0.0,27
2023-05-09 21:07:41,OI311P9300,OI311P9300,1129.0,0.0,0.0,0.0,1,774.0,1790.5,1,1129.0,0.0,0.0,0.0,0.0,0.0,27
2023-05-09 21:07:41,OI311P9300,OI311P9300,1129.0,0.0,0.0,0.0,10,774.5,1790.5,1,1129.0,0.0,0.0,0.0,0.0,0.0,27
2023-05-09 21:07:42,OI311P9300,OI311P9300,1129.0,0.0,0.0,0.0,1,776.0,1790.5,1,1129.0,0.0,0.0,0.0,0.0,0.0,27
2023-05-09 21:07:42,OI311P9300,OI311P9300,1129.0,0.0,0.0,0.0,10,776.5,1790.5,1,1129.0,0.0,0.0,0.0,0.0,0.0,27
2023-05-09 21:07:44,OI311P9300,OI311P9300,1129.0,0.0,0.0,0.0,1,778.0,1790.5,1,1129.0,0.0,0.0,0.0,0.0,0.0,27
2023-05-09 21:07:44,OI311P9300,OI311P9300,1129.0,0.0,0.0,0.0,10,778.5,1790.5,1,1129.0,0.0,0.0,0.0,0.0,0.0,27
2023-05-09 21:07:45,OI311P9300,OI311P9300,1129.0,0.0,0.0,0.0,1,780.0,1790.5,1,1129.0,0.0,0.0,0.0,0.0,0.0,27
2023-05-09 21:07:45,OI311P9300,OI311P9300,1129.0,0.0,0.0,0.0,10,780.5,1790.5,1,1129.0,0.0,0.0,0.0,0.0,0.0,27
2023-05-09 21:07:47,OI311P9300,OI311P9300,1129.0,0.0,0.0,0.0,1,782.0,1790.5,1,1129.0,0.0,0.0,0.0,0.0,0.0,27
2023-05-09 21:07:47,OI311P9300,OI311P9300,1129.0,0.0,0.0,0.0,10,782.5,1790.5,1,1129.0,0.0,0.0,0.0,0.0,0.0,27
2023-05-09 21:07:48,OI311P9300,OI311P9300,1129.0,0.0,0.0,0.0,1,784.0,1790.5,1,1129.0,0.0,0.0,0.0,0.0,0.0,27
2023-05-09 21:07:48,OI311P9300,OI311P9300,1129.0,0.0,0.0,0.0,10,784.5,1790.5,1,1129.0,0.0,0.0,0.0,0.0,0.0,27
2023-05-09 21:07:49,OI311P9300,OI311P9300,1129.0,0.0,0.0,0.0,1,786.0,1790.5,1,1129.0,0.0,0.0,0.0,0.0,0.0,27
2023-05-09 21:07:49,OI311P9300,OI311P9300,1129.0,0.0,0.0,0.0,10,786.5,1790.5,1,1129.0,0.0,0.0,0.0,0.0,0.0,27
2023-05-09 21:07:51,OI311P9300,OI311P9300,1129.0,0.0,0.0,0.0,1,788.0,1790.5,1,1129.0,0.0,0.0,0.0,0.0,0.0,27
2023-05-09 21:07:51,OI311P9300,OI311P9300,1129.0,0.0,0.0,0.0,10,788.5,1790.5,1,1129.0,0.0,0.0,0.0,0.0,0.0,27
2023-05-09 21:07:52,OI311P9300,OI311P9300,1129.0,0.0,0.0,0.0,1,790.0,1790.5,1,1129.0,0.0,0.0,0.0,0.0,0.0,27
2023-05-09 21:07:52,OI311P9300,OI311P9300,1129.0,0.0,0.0,0.0,10,790.5,1790.5,1,1129.0,0.0,0.0,0.0,0.0,0.0,27
2023-05-09 21:07:53,OI311P9300,OI311P9300,1129.0,0.0,0.0,0.0,1,792.0,1790.5,1,1129.0,0.0,0.0,0.0,0.0,0.0,27
2023-05-09 21:07:53,OI311P9300,OI311P9300,1129.0,0.0,0.0,0.0,10,792.5,1790.5,1,1129.0,0.0,0.0,0.0,0.0,0.0,27
2023-05-09 21:07:55,OI311P9300,OI311P9300,1129.0,0.0,0.0,0.0,1,794.0,1790.5,1,1129.0,0.0,0.0,0.0,0.0,0.0,27
2023-05-09 21:07:55,OI311P9300,OI311P9300,1129.0,0.0,0.0,0.0,10,794.5,1790.5,1,1129.0,0.0,0.0,0.0,0.0,0.0,27
2023-05-09 21:07:56,OI311P9300,OI311P9300,1129.0,0.0,0.0,0.0,1,796.0,1790.5,1,1129.0,0.0,0.0,0.0,0.0,0.0,27
2023-05-09 21:07:56,OI311P9300,OI311P9300,1129.0,0.0,0.0,0.0,10,796.5,1790.5,1,1129.0,0.0,0.0,0.0,0.0,0.0,27
2023-05-09 21:07:57,OI311P9300,OI311P9300,1129.0,0.0,0.0,0.0,1,798.0,1790.5,1,1129.0,0.0,0.0,0.0,0.0,0.0,27
2023-05-09 21:07:57,OI311P9300,OI311P9300,1129.0,0.0,0.0,0.0,10,798.5,1790.5,1,1129.0,0.0,0.0,0.0,0.0,0.0,27
2023-05-09 21:07:58,OI311P9300,OI311P9300,1129.0,0.0,0.0,0.0,1,800.0,1790.5,1,1129.0,0.0,0.0,0.0,0.0,0.0,27
2023-05-09 21:07:58,OI311P9300,OI311P9300,1129.0,0.0,0.0,0.0,10,800.5,1790.5,1,1129.0,0.0,0.0,0.0,0.0,0.0,27
2023-05-09 21:07:59,OI311P9300,OI311P9300,1129.0,0.0,0.0,0.0,1,802.0,1790.5,1,1129.0,0.0,0.0,0.0,0.0,0.0,27
2023-05-09 21:07:59,OI311P9300,OI311P9300,1129.0,0.0,0.0,0.0,10,802.5,1790.5,1,1129.0,0.0,0.0,0.0,0.0,0.0,27
2023-05-09 21:08:00,OI311P9300,OI311P9300,1129.0,0.0,0.0,0.0,1,804.0,1790.5,1,1129.0,0.0,0.0,0.0,0.0,0.0,27
2023-05-09 21:08:00,OI311P9300,OI311P9300,1129.0,0.0,0.0,0.0,10,804.5,1790.5,1,1129.0,0.0,0.0,0.0,0.0,0.0,27
2023-05-09 21:08:01,OI311P9300,OI311P9300,1129.0,0.0,0.0,0.0,1,806.0,1790.5,1,1129.0,0.0,0.0,0.0,0.0,0.0,27
2023-05-09 21:08:03,OI311P9300,OI311P9300,1129.0,0.0,0.0,0.0,10,806.5,1790.5,1,1129.0,0.0,0.0,0.0,0.0,0.0,27
2023-05-09 21:08:04,OI311P9300,OI311P9300,1129.0,0.0,0.0,0.0,1,808.0,1790.5,1,1129.0,0.0,0.0,0.0,0.0,0.0,27
2023-05-09 21:08:04,OI311P9300,OI311P9300,1129.0,0.0,0.0,0.0,10,808.5,1790.5,1,1129.0,0.0,0.0,0.0,0.0,0.0,27
2023-05-09 21:08:06,OI311P9300,OI311P9300,1129.0,0.0,0.0,0.0,1,810.0,1790.5,1,1129.0,0.0,0.0,0.0,0.0,0.0,27
2023-05-09 21:08:06,OI311P9300,OI311P9300,1129.0,0.0,0.0,0.0,10,810.5,1790.5,1,1129.0,0.0,0.0,0.0,0.0,0.0,27
2023-05-09 21:08:07,OI311P9300,OI311P9300,1129.0,0.0,0.0,0.0,1,812.0,1790.5,1,1129.0,0.0,0.0,0.0,0.0,0.0,27
2023-05-09 21:08:07,OI311P9300,OI311P9300,1129.0,0.0,0.0,0.0,10,812.5,1790.5,1,1129.0,0.0,0.0,0.0,0.0,0.0,27
2023-05-09 21:08:08,OI311P9300,OI311P9300,1129.0,0.0,0.0,0.0,1,814.0,1790.5,1,1129.0,0.0,0.0,0.0,0.0,0.0,27
2023-05-09 21:08:08,OI311P9300,OI311P9300,1129.0,0.0,0.0,0.0,10,814.5,1790.5,1,1129.0,0.0,0.0,0.0,0.0,0.0,27
2023-05-09 21:08:09,OI311P9300,OI311P9300,1129.0,0.0,0.0,0.0,1,816.0,1790.5,1,1129.0,0.0,0.0,0.0,0.0,0.0,27
2023-05-09 21:08:09,OI311P9300,OI311P9300,1129.0,0.0,0.0,0.0,10,816.5,1790.5,1,1129.0,0.0,0.0,0.0,0.0,0.0,27
2023-05-09 21:08:10,OI311P9300,OI311P9300,1129.0,0.0,0.0,0.0,1,818.0,1790.5,1,1129.0,0.0,0.0,0.0,0.0,0.0,27
2023-05-09 21:08:10,OI311P9300,OI311P9300,1129.0,0.0,0.0,0.0,10,818.5,1790.5,1,1129.0,0.0,0.0,0.0,0.0,0.0,27
2023-05-09 21:08:11,OI311P9300,OI311P9300,1129.0,0.0,0.0,0.0,1,820.0,1790.5,1,1129.0,0.0,0.0,0.0,0.0,0.0,27
2023-05-09 21:08:11,OI311P9300,OI311P9300,1129.0,0.0,0.0,0.0,10,820.5,1790.5,1,1129.0,0.0,0.0,0.0,0.0,0.0,27
2023-05-09 21:08:12,OI311P9300,OI311P9300,1129.0,0.0,0.0,0.0,1,822.0,1790.5,1,1129.0,0.0,0.0,0.0,0.0,0.0,27
2023-05-09 21:08:12,OI311P9300,OI311P9300,1129.0,0.0,0.0,0.0,10,822.5,1790.5,1,1129.0,0.0,0.0,0.0,0.0,0.0,27
2023-05-09 21:08:13,OI311P9300,OI311P9300,1129.0,0.0,0.0,0.0,1,824.0,1790.5,1,1129.0,0.0,0.0,0.0,0.0,0.0,27
2023-05-09 21:08:13,OI311P9300,OI311P9300,1129.0,0.0,0.0,0.0,10,824.5,1790.5,1,1129.0,0.0,0.0,0.0,0.0,0.0,27
2023-05-09 21:08:14,OI311P9300,OI311P9300,1129.0,0.0,0.0,0.0,1,826.0,1790.5,1,1129.0,0.0,0.0,0.0,0.0,0.0,27
2023-05-09 21:08:14,OI311P9300,OI311P9300,1129.0,0.0,0.0,0.0,10,826.5,1790.5,1,1129.0,0.0,0.0,0.0,0.0,0.0,27
2023-05-09 21:08:15,OI311P9300,OI311P9300,1129.0,0.0,0.0,0.0,1,828.0,1790.5,1,1129.0,0.0,0.0,0.0,0.0,0.0,27
2023-05-09 21:08:15,OI311P9300,OI311P9300,1129.0,0.0,0.0,0.0,10,828.5,1790.5,1,1129.0,0.0,0.0,0.0,0.0,0.0,27
2023-05-09 21:08:16,OI311P9300,OI311P9300,1129.0,0.0,0.0,0.0,1,830.0,1790.5,1,1129.0,0.0,0.0,0.0,0.0,0.0,27
2023-05-09 21:08:16,OI311P9300,OI311P9300,1129.0,0.0,0.0,0.0,10,830.5,1790.5,1,1129.0,0.0,0.0,0.0,0.0,0.0,27
2023-05-09 21:08:17,OI311P9300,OI311P9300,1129.0,0.0,0.0,0.0,1,832.0,1790.5,1,1129.0,0.0,0.0,0.0,0.0,0.0,27
2023-05-09 21:08:17,OI311P9300,OI311P9300,1129.0,0.0,0.0,0.0,10,832.5,1790.5,1,1129.0,0.0,0.0,0.0,0.0,0.0,27
2023-05-09 21:08:18,OI311P9300,OI311P9300,1129.0,0.0,0.0,0.0,1,834.0,1790.5,1,1129.0,0.0,0.0,0.0,0.0,0.0,27
2023-05-09 21:08:18,OI311P9300,OI311P9300,1129.0,0.0,0.0,0.0,10,834.5,1790.5,1,1129.0,0.0,0.0,0.0,0.0,0.0,27
2023-05-09 21:08:19,OI311P9300,OI311P9300,1129.0,0.0,0.0,0.0,1,836.0,1790.5,1,1129.0,0.0,0.0,0.0,0.0,0.0,27
2023-05-09 21:08:19,OI311P9300,OI311P9300,1129.0,0.0,0.0,0.0,10,836.5,1790.5,1,1129.0,0.0,0.0,0.0,0.0,0.0,27
2023-05-09 21:08:20,OI311P9300,OI311P9300,1129.0,0.0,0.0,0.0,1,838.0,1790.5,1,1129.0,0.0,0.0,0.0,0.0,0.0,27
2023-05-09 21:08:20,OI311P9300,OI311P9300,1129.0,0.0,0.0,0.0,10,838.5,1790.5,1,1129.0,0.0,0.0,0.0,0.0,0.0,27
2023-05-09 21:08:21,OI311P9300,OI311P9300,1129.0,0.0,0.0,0.0,1,840.0,1790.5,1,1129.0,0.0,0.0,0.0,0.0,0.0,27
2023-05-09 21:08:21,OI311P9300,OI311P9300,1129.0,0.0,0.0,0.0,10,840.5,1790.5,1,1129.0,0.0,0.0,0.0,0.0,0.0,27
2023-05-09 21:08:22,OI311P9300,OI311P9300,1129.0,0.0,0.0,0.0,1,842.0,1790.5,1,1129.0,0.0,0.0,0.0,0.0,0.0,27
2023-05-09 21:08:22,OI311P9300,OI311P9300,1129.0,0.0,0.0,0.0,10,842.5,1790.5,1,1129.0,0.0,0.0,0.0,0.0,0.0,27
2023-05-09 21:08:23,OI311P9300,OI311P9300,1129.0,0.0,0.0,0.0,1,844.0,1790.5,1,1129.0,0.0,0.0,0.0,0.0,0.0,27
2023-05-09 21:08:23,OI311P9300,OI311P9300,1129.0,0.0,0.0,0.0,10,844.5,1790.5,1,1129.0,0.0,0.0,0.0,0.0,0.0,27
2023-05-09 21:23:46,OI311P9300,OI311P9300,1129.0,0.0,0.0,0.0,1,846.0,1790.5,1,1129.0,0.0,0.0,0.0,0.0,0.0,27
2023-05-09 21:23:46,OI311P9300,OI311P9300,1129.0,0.0,0.0,0.0,10,846.5,1790.5,1,1129.0,0.0,0.0,0.0,0.0,0.0,27
2023-05-09 21:23:47,OI311P9300,OI311P9300,1129.0,0.0,0.0,0.0,1,848.0,1790.5,1,1129.0,0.0,0.0,0.0,0.0,0.0,27
2023-05-09 21:24:03,OI311P9300,OI311P9300,1129.0,0.0,0.0,0.0,10,848.5,1790.5,1,1129.0,0.0,0.0,0.0,0.0,0.0,27
2023-05-09 21:24:04,OI311P9300,OI311P9300,1129.0,0.0,0.0,0.0,1,850.0,1790.5,1,1129.0,0.0,0.0,0.0,0.0,0.0,27
2023-05-09 21:24:24,OI311P9300,OI311P9300,1129.0,0.0,0.0,0.0,10,850.5,1790.5,1,1129.0,0.0,0.0,0.0,0.0,0.0,27
2023-05-09 21:24:24,OI311P9300,OI311P9300,1129.0,0.0,0.0,0.0,1,852.0,1790.5,1,1129.0,0.0,0.0,0.0,0.0,0.0,27
2023-05-09 21:24:24,OI311P9300,OI311P9300,1129.0,0.0,0.0,0.0,10,852.5,1790.5,1,1129.0,0.0,0.0,0.0,0.0,0.0,27
2023-05-09 21:24:25,OI311P9300,OI311P9300,1129.0,0.0,0.0,0.0,1,854.0,1790.5,1,1129.0,0.0,0.0,0.0,0.0,0.0,27
2023-05-09 21:24:25,OI311P9300,OI311P9300,1129.0,0.0,0.0,0.0,10,854.5,1790.5,1,1129.0,0.0,0.0,0.0,0.0,0.0,27
2023-05-09 21:24:26,OI311P9300,OI311P9300,1129.0,0.0,0.0,0.0,1,856.0,1790.5,1,1129.0,0.0,0.0,0.0,0.0,0.0,27
2023-05-09 21:24:26,OI311P9300,OI311P9300,1129.0,0.0,0.0,0.0,10,856.5,1790.5,1,1129.0,0.0,0.0,0.0,0.0,0.0,27
2023-05-09 21:24:27,OI311P9300,OI311P9300,1129.0,0.0,0.0,0.0,1,858.0,1790.5,1,1129.0,0.0,0.0,0.0,0.0,0.0,27
2023-05-09 21:24:27,OI311P9300,OI311P9300,1129.0,0.0,0.0,0.0,10,858.5,1790.5,1,1129.0,0.0,0.0,0.0,0.0,0.0,27
2023-05-09 21:24:28,OI311P9300,OI311P9300,1129.0,0.0,0.0,0.0,1,860.0,1790.5,1,1129.0,0.0,0.0,0.0,0.0,0.0,27
2023-05-09 21:24:28,OI311P9300,OI311P9300,1129.0,0.0,0.0,0.0,10,860.5,1790.5,1,1129.0,0.0,0.0,0.0,0.0,0.0,27
2023-05-09 21:24:29,OI311P9300,OI311P9300,1129.0,0.0,0.0,0.0,1,862.0,1790.5,1,1129.0,0.0,0.0,0.0,0.0,0.0,27
2023-05-09 21:24:29,OI311P9300,OI311P9300,1129.0,0.0,0.0,0.0,10,862.5,1790.5,1,1129.0,0.0,0.0,0.0,0.0,0.0,27
2023-05-09 21:24:30,OI311P9300,OI311P9300,1129.0,0.0,0.0,0.0,1,864.0,1790.5,1,1129.0,0.0,0.0,0.0,0.0,0.0,27
2023-05-09 21:24:30,OI311P9300,OI311P9300,1129.0,0.0,0.0,0.0,10,864.5,1790.5,1,1129.0,0.0,0.0,0.0,0.0,0.0,27
2023-05-09 21:43:46,OI311P9300,OI311P9300,1129.0,0.0,0.0,0.0,1,866.0,1790.5,1,1129.0,0.0,0.0,0.0,0.0,0.0,27
2023-05-09 21:43:46,OI311P9300,OI311P9300,1129.0,0.0,0.0,0.0,10,866.5,1790.5,1,1129.0,0.0,0.0,0.0,0.0,0.0,27
2023-05-09 21:43:47,OI311P9300,OI311P9300,1129.0,0.0,0.0,0.0,1,868.0,1790.5,1,1129.0,0.0,0.0,0.0,0.0,0.0,27
2023-05-09 21:44:31,OI311P9300,OI311P9300,1129.0,0.0,0.0,0.0,10,868.5,1790.5,1,1129.0,0.0,0.0,0.0,0.0,0.0,27
2023-05-09 21:44:31,OI311P9300,OI311P9300,1129.0,0.0,0.0,0.0,1,870.0,1790.5,1,1129.0,0.0,0.0,0.0,0.0,0.0,27
2023-05-09 21:44:32,OI311P9300,OI311P9300,1129.0,0.0,0.0,0.0,10,870.5,1790.5,1,1129.0,0.0,0.0,0.0,0.0,0.0,27
2023-05-09 21:44:32,OI311P9300,OI311P9300,1129.0,0.0,0.0,0.0,1,872.0,1790.5,1,1129.0,0.0,0.0,0.0,0.0,0.0,27
2023-05-09 21:44:33,OI311P9300,OI311P9300,1129.0,0.0,0.0,0.0,10,872.5,1790.5,1,1129.0,0.0,0.0,0.0,0.0,0.0,27
2023-05-09 21:44:33,OI311P9300,OI311P9300,1129.0,0.0,0.0,0.0,1,874.0,1790.5,1,1129.0,0.0,0.0,0.0,0.0,0.0,27
2023-05-09 21:44:34,OI311P9300,OI311P9300,1129.0,0.0,0.0,0.0,10,874.5,1790.5,1,1129.0,0.0,0.0,0.0,0.0,0.0,27
2023-05-09 21:44:34,OI311P9300,OI311P9300,1129.0,0.0,0.0,0.0,1,876.0,1790.5,1,1129.0,0.0,0.0,0.0,0.0,0.0,27
2023-05-09 21:44:35,OI311P9300,OI311P9300,1129.0,0.0,0.0,0.0,10,876.5,1790.5,1,1129.0,0.0,0.0,0.0,0.0,0.0,27
2023-05-09 21:44:35,OI311P9300,OI311P9300,1129.0,0.0,0.0,0.0,1,878.0,1790.5,1,1129.0,0.0,0.0,0.0,0.0,0.0,27
2023-05-09 21:44:36,OI311P9300,OI311P9300,1129.0,0.0,0.0,0.0,10,878.5,1790.5,1,1129.0,0.0,0.0,0.0,0.0,0.0,27
2023-05-09 21:44:36,OI311P9300,OI311P9300,1129.0,0.0,0.0,0.0,1,880.0,1790.5,1,1129.0,0.0,0.0,0.0,0.0,0.0,27
2023-05-09 21:44:37,OI311P9300,OI311P9300,1129.0,0.0,0.0,0.0,10,880.5,1790.5,1,1129.0,0.0,0.0,0.0,0.0,0.0,27
2023-05-09 21:44:37,OI311P9300,OI311P9300,1129.0,0.0,0.0,0.0,1,882.0,1790.5,1,1129.0,0.0,0.0,0.0,0.0,0.0,27
2023-05-09 21:44:38,OI311P9300,OI311P9300,1129.0,0.0,0.0,0.0,10,882.5,1790.5,1,1129.0,0.0,0.0,0.0,0.0,0.0,27
2023-05-09 21:44:38,OI311P9300,OI311P9300,1129.0,0.0,0.0,0.0,1,884.0,1790.5,1,1129.0,0.0,0.0,0.0,0.0,0.0,27
2023-05-09 21:44:39,OI311P9300,OI311P9300,1129.0,0.0,0.0,0.0,10,884.5,1790.5,1,1129.0,0.0,0.0,0.0,0.0,0.0,27
2023-05-09 22:03:46,OI311P9300,OI311P9300,1129.0,0.0,0.0,0.0,1,886.0,1790.5,1,1129.0,0.0,0.0,0.0,0.0,0.0,27
2023-05-09 22:03:46,OI311P9300,OI311P9300,1129.0,0.0,0.0,0.0,10,886.5,1790.5,1,1129.0,0.0,0.0,0.0,0.0,0.0,27
2023-05-09 22:03:47,OI311P9300,OI311P9300,1129.0,0.0,0.0,0.0,1,888.0,1790.5,1,1129.0,0.0,0.0,0.0,0.0,0.0,27
2023-05-09 22:03:47,OI311P9300,OI311P9300,1129.0,0.0,0.0,0.0,10,888.5,1790.5,1,1129.0,0.0,0.0,0.0,0.0,0.0,27
2023-05-09 22:03:48,OI311P9300,OI311P9300,1129.0,0.0,0.0,0.0,1,890.0,1790.5,1,1129.0,0.0,0.0,0.0,0.0,0.0,27
2023-05-09 22:03:48,OI311P9300,OI311P9300,1129.0,0.0,0.0,0.0,10,890.5,1790.5,1,1129.0,0.0,0.0,0.0,0.0,0.0,27
2023-05-09 22:03:49,OI311P9300,OI311P9300,1129.0,0.0,0.0,0.0,1,892.0,1790.5,1,1129.0,0.0,0.0,0.0,0.0,0.0,27
2023-05-09 22:03:49,OI311P9300,OI311P9300,1129.0,0.0,0.0,0.0,10,892.5,1790.5,1,1129.0,0.0,0.0,0.0,0.0,0.0,27
2023-05-09 22:03:50,OI311P9300,OI311P9300,1129.0,0.0,0.0,0.0,1,894.0,1790.5,1,1129.0,0.0,0.0,0.0,0.0,0.0,27
2023-05-09 22:03:50,OI311P9300,OI311P9300,1129.0,0.0,0.0,0.0,10,894.5,1790.5,1,1129.0,0.0,0.0,0.0,0.0,0.0,27
2023-05-09 22:03:51,OI311P9300,OI311P9300,1129.0,0.0,0.0,0.0,1,896.0,1790.5,1,1129.0,0.0,0.0,0.0,0.0,0.0,27
2023-05-09 22:03:51,OI311P9300,OI311P9300,1129.0,0.0,0.0,0.0,10,896.5,1790.5,1,1129.0,0.0,0.0,0.0,0.0,0.0,27
2023-05-09 22:03:52,OI311P9300,OI311P9300,1129.0,0.0,0.0,0.0,1,898.0,1790.5,1,1129.0,0.0,0.0,0.0,0.0,0.0,27
2023-05-09 22:03:52,OI311P9300,OI311P9300,1129.0,0.0,0.0,0.0,10,898.5,1790.5,1,1129.0,0.0,0.0,0.0,0.0,0.0,27
2023-05-09 22:03:53,OI311P9300,OI311P9300,1129.0,0.0,0.0,0.0,1,900.0,1790.5,1,1129.0,0.0,0.0,0.0,0.0,0.0,27
2023-05-09 22:03:53,OI311P9300,OI311P9300,1129.0,0.0,0.0,0.0,10,900.5,1790.5,1,1129.0,0.0,0.0,0.0,0.0,0.0,27
2023-05-09 22:03:54,OI311P9300,OI311P9300,1129.0,0.0,0.0,0.0,1,902.0,1790.5,1,1129.0,0.0,0.0,0.0,0.0,0.0,27
2023-05-09 22:03:54,OI311P9300,OI311P9300,1129.0,0.0,0.0,0.0,10,902.5,1790.5,1,1129.0,0.0,0.0,0.0,0.0,0.0,27
2023-05-09 22:03:55,OI311P9300,OI311P9300,1129.0,0.0,0.0,0.0,1,904.0,1790.5,1,1129.0,0.0,0.0,0.0,0.0,0.0,27
2023-05-09 22:03:55,OI311P9300,OI311P9300,1129.0,0.0,0.0,0.0,10,904.5,1790.5,1,1129.0,0.0,0.0,0.0,0.0,0.0,27
2023-05-09 22:23:46,OI311P9300,OI311P9300,1129.0,0.0,0.0,0.0,1,906.0,1790.5,1,1129.0,0.0,0.0,0.0,0.0,0.0,27
2023-05-09 22:23:46,OI311P9300,OI311P9300,1129.0,0.0,0.0,0.0,10,906.5,1790.5,1,1129.0,0.0,0.0,0.0,0.0,0.0,27
2023-05-09 22:23:47,OI311P9300,OI311P9300,1129.0,0.0,0.0,0.0,1,908.0,1790.5,1,1129.0,0.0,0.0,0.0,0.0,0.0,27
2023-05-09 22:23:47,OI311P9300,OI311P9300,1129.0,0.0,0.0,0.0,10,908.5,1790.5,1,1129.0,0.0,0.0,0.0,0.0,0.0,27
2023-05-09 22:23:48,OI311P9300,OI311P9300,1129.0,0.0,0.0,0.0,1,910.0,1790.5,1,1129.0,0.0,0.0,0.0,0.0,0.0,27
2023-05-09 22:23:48,OI311P9300,OI311P9300,1129.0,0.0,0.0,0.0,10,910.5,1790.5,1,1129.0,0.0,0.0,0.0,0.0,0.0,27
2023-05-09 22:23:49,OI311P9300,OI311P9300,1129.0,0.0,0.0,0.0,1,912.0,1790.5,1,1129.0,0.0,0.0,0.0,0.0,0.0,27
2023-05-09 22:23:49,OI311P9300,OI311P9300,1129.0,0.0,0.0,0.0,10,912.5,1790.5,1,1129.0,0.0,0.0,0.0,0.0,0.0,27
2023-05-09 22:23:50,OI311P9300,OI311P9300,1129.0,0.0,0.0,0.0,1,914.0,1790.5,1,1129.0,0.0,0.0,0.0,0.0,0.0,27
2023-05-09 22:23:50,OI311P9300,OI311P9300,1129.0,0.0,0.0,0.0,10,914.5,1790.5,1,1129.0,0.0,0.0,0.0,0.0,0.0,27
2023-05-09 22:23:51,OI311P9300,OI311P9300,1129.0,0.0,0.0,0.0,1,916.0,1790.5,1,1129.0,0.0,0.0,0.0,0.0,0.0,27
2023-05-09 22:23:51,OI311P9300,OI311P9300,1129.0,0.0,0.0,0.0,10,916.5,1790.5,1,1129.0,0.0,0.0,0.0,0.0,0.0,27
2023-05-09 22:23:52,OI311P9300,OI311P9300,1129.0,0.0,0.0,0.0,10,918.5,1790.5,1,1129.0,0.0,0.0,0.0,0.0,0.0,27
2023-05-09 22:23:52,OI311P9300,OI311P9300,1129.0,0.0,0.0,0.0,1,920.0,1790.5,1,1129.0,0.0,0.0,0.0,0.0,0.0,27
2023-05-09 22:23:53,OI311P9300,OI311P9300,1129.0,0.0,0.0,0.0,10,920.5,1790.5,1,1129.0,0.0,0.0,0.0,0.0,0.0,27
2023-05-09 22:23:53,OI311P9300,OI311P9300,1129.0,0.0,0.0,0.0,1,922.0,1790.5,1,1129.0,0.0,0.0,0.0,0.0,0.0,27
2023-05-09 22:23:54,OI311P9300,OI311P9300,1129.0,0.0,0.0,0.0,10,922.5,1790.5,1,1129.0,0.0,0.0,0.0,0.0,0.0,27
2023-05-09 22:23:54,OI311P9300,OI311P9300,1129.0,0.0,0.0,0.0,1,924.0,1790.5,1,1129.0,0.0,0.0,0.0,0.0,0.0,27
2023-05-09 22:23:55,OI311P9300,OI311P9300,1129.0,0.0,0.0,0.0,10,924.5,1790.5,1,1129.0,0.0,0.0,0.0,0.0,0.0,27
2023-05-09 22:57:33,OI311P9300,OI311P9300,1129.0,0.0,0.0,0.0,1,500.0,1790.5,1,1129.0,0.0,0.0,0.0,0.0,0.0,27
2023-05-09 22:57:33,OI311P9300,OI311P9300,1129.0,0.0,0.0,0.0,0,0.0,1790.5,1,1129.0,0.0,0.0,0.0,0.0,0.0,27
2023-05-09 22:59:54,OI311P9300,OI311P9300,1129.0,0.0,0.0,0.0,0,0.0,0.0,0,1129.0,0.0,0.0,0.0,0.0,0.0,27
2023-05-10 09:02:08,OI311P9300,OI311P9300,1129.0,0.0,0.0,0.0,10,468.0,1790.5,1,1129.0,0.0,0.0,0.0,0.0,0.0,27
2023-05-10 09:02:12,OI311P9300,OI311P9300,1129.0,0.0,0.0,0.0,1,469.5,1790.5,1,1129.0,0.0,0.0,0.0,0.0,0.0,27
2023-05-10 09:02:13,OI311P9300,OI311P9300,1129.0,0.0,0.0,0.0,10,470.0,1790.5,1,1129.0,0.0,0.0,0.0,0.0,0.0,27
2023-05-10 09:02:14,OI311P9300,OI311P9300,1129.0,0.0,0.0,0.0,1,471.5,1790.5,1,1129.0,0.0,0.0,0.0,0.0,0.0,27
2023-05-10 09:02:15,OI311P9300,OI311P9300,1129.0,0.0,0.0,0.0,10,472.0,1790.5,1,1129.0,0.0,0.0,0.0,0.0,0.0,27
2023-05-10 09:02:16,OI311P9300,OI311P9300,1129.0,0.0,0.0,0.0,1,473.5,1790.5,1,1129.0,0.0,0.0,0.0,0.0,0.0,27
2023-05-10 09:02:17,OI311P9300,OI311P9300,1129.0,0.0,0.0,0.0,10,474.0,1790.5,1,1129.0,0.0,0.0,0.0,0.0,0.0,27
2023-05-10 09:02:17,OI311P9300,OI311P9300,1129.0,0.0,0.0,0.0,1,475.5,1790.5,1,1129.0,0.0,0.0,0.0,0.0,0.0,27
2023-05-10 09:02:18,OI311P9300,OI311P9300,1129.0,0.0,0.0,0.0,10,476.0,1790.5,1,1129.0,0.0,0.0,0.0,0.0,0.0,27
2023-05-10 09:02:19,OI311P9300,OI311P9300,1129.0,0.0,0.0,0.0,1,477.5,1790.5,1,1129.0,0.0,0.0,0.0,0.0,0.0,27
2023-05-10 09:02:20,OI311P9300,OI311P9300,1129.0,0.0,0.0,0.0,10,478.0,1790.5,1,1129.0,0.0,0.0,0.0,0.0,0.0,27
2023-05-10 09:02:20,OI311P9300,OI311P9300,1129.0,0.0,0.0,0.0,1,479.5,1790.5,1,1129.0,0.0,0.0,0.0,0.0,0.0,27
2023-05-10 09:02:21,OI311P9300,OI311P9300,1129.0,0.0,0.0,0.0,10,480.0,1790.5,1,1129.0,0.0,0.0,0.0,0.0,0.0,27
2023-05-10 09:02:22,OI311P9300,OI311P9300,1129.0,0.0,0.0,0.0,1,481.5,1790.5,1,1129.0,0.0,0.0,0.0,0.0,0.0,27
2023-05-10 09:02:23,OI311P9300,OI311P9300,1129.0,0.0,0.0,0.0,10,482.0,1790.5,1,1129.0,0.0,0.0,0.0,0.0,0.0,27
2023-05-10 09:02:24,OI311P9300,OI311P9300,1129.0,0.0,0.0,0.0,1,483.5,1790.5,1,1129.0,0.0,0.0,0.0,0.0,0.0,27
2023-05-10 09:02:25,OI311P9300,OI311P9300,1129.0,0.0,0.0,0.0,10,484.0,1790.5,1,1129.0,0.0,0.0,0.0,0.0,0.0,27
2023-05-10 09:02:26,OI311P9300,OI311P9300,1129.0,0.0,0.0,0.0,1,485.5,1790.5,1,1129.0,0.0,0.0,0.0,0.0,0.0,27
2023-05-10 09:02:27,OI311P9300,OI311P9300,1129.0,0.0,0.0,0.0,10,486.0,1790.5,1,1129.0,0.0,0.0,0.0,0.0,0.0,27
2023-05-10 09:02:28,OI311P9300,OI311P9300,1129.0,0.0,0.0,0.0,1,487.5,1790.5,1,1129.0,0.0,0.0,0.0,0.0,0.0,27
2023-05-10 09:02:29,OI311P9300,OI311P9300,1129.0,0.0,0.0,0.0,10,488.0,1790.5,1,1129.0,0.0,0.0,0.0,0.0,0.0,27
2023-05-10 09:02:29,OI311P9300,OI311P9300,1129.0,0.0,0.0,0.0,1,489.5,1790.5,1,1129.0,0.0,0.0,0.0,0.0,0.0,27
2023-05-10 09:02:30,OI311P9300,OI311P9300,1129.0,0.0,0.0,0.0,10,490.0,1790.5,1,1129.0,0.0,0.0,0.0,0.0,0.0,27
2023-05-10 09:02:31,OI311P9300,OI311P9300,1129.0,0.0,0.0,0.0,1,491.5,1790.5,1,1129.0,0.0,0.0,0.0,0.0,0.0,27
2023-05-10 09:02:32,OI311P9300,OI311P9300,1129.0,0.0,0.0,0.0,10,492.0,1790.5,1,1129.0,0.0,0.0,0.0,0.0,0.0,27
2023-05-10 09:02:32,OI311P9300,OI311P9300,1129.0,0.0,0.0,0.0,1,493.5,1790.5,1,1129.0,0.0,0.0,0.0,0.0,0.0,27
2023-05-10 09:02:33,OI311P9300,OI311P9300,1129.0,0.0,0.0,0.0,10,494.0,1790.5,1,1129.0,0.0,0.0,0.0,0.0,0.0,27
2023-05-10 09:02:33,OI311P9300,OI311P9300,1129.0,0.0,0.0,0.0,1,495.5,1790.5,1,1129.0,0.0,0.0,0.0,0.0,0.0,27
2023-05-10 09:02:34,OI311P9300,OI311P9300,1129.0,0.0,0.0,0.0,10,496.0,1790.5,1,1129.0,0.0,0.0,0.0,0.0,0.0,27
2023-05-10 09:02:35,OI311P9300,OI311P9300,1129.0,0.0,0.0,0.0,1,497.5,1790.5,1,1129.0,0.0,0.0,0.0,0.0,0.0,27
2023-05-10 09:02:36,OI311P9300,OI311P9300,1129.0,0.0,0.0,0.0,10,498.0,1790.5,1,1129.0,0.0,0.0,0.0,0.0,0.0,27
2023-05-10 09:02:37,OI311P9300,OI311P9300,1129.0,0.0,0.0,0.0,1,499.5,1790.5,1,1129.0,0.0,0.0,0.0,0.0,0.0,27
2023-05-10 09:02:38,OI311P9300,OI311P9300,1129.0,0.0,0.0,0.0,10,500.0,1790.5,1,1129.0,0.0,0.0,0.0,0.0,0.0,27
2023-05-10 09:02:39,OI311P9300,OI311P9300,1129.0,0.0,0.0,0.0,1,501.5,1790.5,1,1129.0,0.0,0.0,0.0,0.0,0.0,27
2023-05-10 09:02:40,OI311P9300,OI311P9300,1129.0,0.0,0.0,0.0,10,502.0,1790.5,1,1129.0,0.0,0.0,0.0,0.0,0.0,27
2023-05-10 09:02:40,OI311P9300,OI311P9300,1129.0,0.0,0.0,0.0,1,503.5,1790.5,1,1129.0,0.0,0.0,0.0,0.0,0.0,27
2023-05-10 09:02:41,OI311P9300,OI311P9300,1129.0,0.0,0.0,0.0,10,504.0,1790.5,1,1129.0,0.0,0.0,0.0,0.0,0.0,27
2023-05-10 09:02:41,OI311P9300,OI311P9300,1129.0,0.0,0.0,0.0,1,505.5,1790.5,1,1129.0,0.0,0.0,0.0,0.0,0.0,27
2023-05-10 09:02:42,OI311P9300,OI311P9300,1129.0,0.0,0.0,0.0,10,506.0,1790.5,1,1129.0,0.0,0.0,0.0,0.0,0.0,27
2023-05-10 09:02:43,OI311P9300,OI311P9300,1129.0,0.0,0.0,0.0,1,507.5,1790.5,1,1129.0,0.0,0.0,0.0,0.0,0.0,27
2023-05-10 09:02:44,OI311P9300,OI311P9300,1129.0,0.0,0.0,0.0,10,508.0,1790.5,1,1129.0,0.0,0.0,0.0,0.0,0.0,27
2023-05-10 09:02:45,OI311P9300,OI311P9300,1129.0,0.0,0.0,0.0,1,509.5,1790.5,1,1129.0,0.0,0.0,0.0,0.0,0.0,27
2023-05-10 09:02:46,OI311P9300,OI311P9300,1129.0,0.0,0.0,0.0,10,510.0,1790.5,1,1129.0,0.0,0.0,0.0,0.0,0.0,27
2023-05-10 09:02:46,OI311P9300,OI311P9300,1129.0,0.0,0.0,0.0,1,511.5,1790.5,1,1129.0,0.0,0.0,0.0,0.0,0.0,27
2023-05-10 09:02:47,OI311P9300,OI311P9300,1129.0,0.0,0.0,0.0,10,512.0,1790.5,1,1129.0,0.0,0.0,0.0,0.0,0.0,27
2023-05-10 09:02:47,OI311P9300,OI311P9300,1129.0,0.0,0.0,0.0,1,513.5,1790.5,1,1129.0,0.0,0.0,0.0,0.0,0.0,27
2023-05-10 09:02:48,OI311P9300,OI311P9300,1129.0,0.0,0.0,0.0,10,514.0,1790.5,1,1129.0,0.0,0.0,0.0,0.0,0.0,27
2023-05-10 09:02:48,OI311P9300,OI311P9300,1129.0,0.0,0.0,0.0,1,515.5,1790.5,1,1129.0,0.0,0.0,0.0,0.0,0.0,27
2023-05-10 09:02:49,OI311P9300,OI311P9300,1129.0,0.0,0.0,0.0,10,516.0,1790.5,1,1129.0,0.0,0.0,0.0,0.0,0.0,27
2023-05-10 09:02:50,OI311P9300,OI311P9300,1129.0,0.0,0.0,0.0,1,517.5,1790.5,1,1129.0,0.0,0.0,0.0,0.0,0.0,27
2023-05-10 09:02:51,OI311P9300,OI311P9300,1129.0,0.0,0.0,0.0,10,518.0,1790.5,1,1129.0,0.0,0.0,0.0,0.0,0.0,27
2023-05-10 09:02:51,OI311P9300,OI311P9300,1129.0,0.0,0.0,0.0,1,519.5,1790.5,1,1129.0,0.0,0.0,0.0,0.0,0.0,27
2023-05-10 09:02:52,OI311P9300,OI311P9300,1129.0,0.0,0.0,0.0,10,520.0,1790.5,1,1129.0,0.0,0.0,0.0,0.0,0.0,27
2023-05-10 09:02:52,OI311P9300,OI311P9300,1129.0,0.0,0.0,0.0,1,521.5,1790.5,1,1129.0,0.0,0.0,0.0,0.0,0.0,27
2023-05-10 09:02:53,OI311P9300,OI311P9300,1129.0,0.0,0.0,0.0,10,522.0,1790.5,1,1129.0,0.0,0.0,0.0,0.0,0.0,27
2023-05-10 09:02:53,OI311P9300,OI311P9300,1129.0,0.0,0.0,0.0,1,523.5,1790.5,1,1129.0,0.0,0.0,0.0,0.0,0.0,27
2023-05-10 09:02:54,OI311P9300,OI311P9300,1129.0,0.0,0.0,0.0,10,524.0,1790.5,1,1129.0,0.0,0.0,0.0,0.0,0.0,27
2023-05-10 09:02:55,OI311P9300,OI311P9300,1129.0,0.0,0.0,0.0,1,525.5,1790.5,1,1129.0,0.0,0.0,0.0,0.0,0.0,27
2023-05-10 09:02:56,OI311P9300,OI311P9300,1129.0,0.0,0.0,0.0,10,526.0,1790.5,1,1129.0,0.0,0.0,0.0,0.0,0.0,27
2023-05-10 09:02:56,OI311P9300,OI311P9300,1129.0,0.0,0.0,0.0,1,527.5,1790.5,1,1129.0,0.0,0.0,0.0,0.0,0.0,27
2023-05-10 09:02:57,OI311P9300,OI311P9300,1129.0,0.0,0.0,0.0,10,528.0,1790.5,1,1129.0,0.0,0.0,0.0,0.0,0.0,27
2023-05-10 09:02:58,OI311P9300,OI311P9300,1129.0,0.0,0.0,0.0,1,529.5,1790.5,1,1129.0,0.0,0.0,0.0,0.0,0.0,27
2023-05-10 09:02:59,OI311P9300,OI311P9300,1129.0,0.0,0.0,0.0,10,530.0,1790.5,1,1129.0,0.0,0.0,0.0,0.0,0.0,27
2023-05-10 09:03:00,OI311P9300,OI311P9300,1129.0,0.0,0.0,0.0,1,531.5,1790.5,1,1129.0,0.0,0.0,0.0,0.0,0.0,27
2023-05-10 09:03:01,OI311P9300,OI311P9300,1129.0,0.0,0.0,0.0,10,532.0,1790.5,1,1129.0,0.0,0.0,0.0,0.0,0.0,27
2023-05-10 09:03:01,OI311P9300,OI311P9300,1129.0,0.0,0.0,0.0,1,533.5,1790.5,1,1129.0,0.0,0.0,0.0,0.0,0.0,27
2023-05-10 09:03:02,OI311P9300,OI311P9300,1129.0,0.0,0.0,0.0,10,534.0,1790.5,1,1129.0,0.0,0.0,0.0,0.0,0.0,27
2023-05-10 09:03:02,OI311P9300,OI311P9300,1129.0,0.0,0.0,0.0,1,535.5,1790.5,1,1129.0,0.0,0.0,0.0,0.0,0.0,27
2023-05-10 09:03:03,OI311P9300,OI311P9300,1129.0,0.0,0.0,0.0,10,536.0,1790.5,1,1129.0,0.0,0.0,0.0,0.0,0.0,27
2023-05-10 09:03:05,OI311P9300,OI311P9300,1129.0,0.0,0.0,0.0,1,537.5,1790.5,1,1129.0,0.0,0.0,0.0,0.0,0.0,27
2023-05-10 09:03:06,OI311P9300,OI311P9300,1129.0,0.0,0.0,0.0,10,538.0,1790.5,1,1129.0,0.0,0.0,0.0,0.0,0.0,27
2023-05-10 09:03:06,OI311P9300,OI311P9300,1129.0,0.0,0.0,0.0,1,539.5,1790.5,1,1129.0,0.0,0.0,0.0,0.0,0.0,27
2023-05-10 09:03:07,OI311P9300,OI311P9300,1129.0,0.0,0.0,0.0,10,540.0,1790.5,1,1129.0,0.0,0.0,0.0,0.0,0.0,27
2023-05-10 09:03:07,OI311P9300,OI311P9300,1129.0,0.0,0.0,0.0,1,541.5,1790.5,1,1129.0,0.0,0.0,0.0,0.0,0.0,27
2023-05-10 09:03:08,OI311P9300,OI311P9300,1129.0,0.0,0.0,0.0,10,542.0,1790.5,1,1129.0,0.0,0.0,0.0,0.0,0.0,27
2023-05-10 09:03:09,OI311P9300,OI311P9300,1129.0,0.0,0.0,0.0,1,543.5,1790.5,1,1129.0,0.0,0.0,0.0,0.0,0.0,27
2023-05-10 09:03:10,OI311P9300,OI311P9300,1129.0,0.0,0.0,0.0,10,544.0,1790.5,1,1129.0,0.0,0.0,0.0,0.0,0.0,27
2023-05-10 09:03:11,OI311P9300,OI311P9300,1129.0,0.0,0.0,0.0,1,545.5,1790.5,1,1129.0,0.0,0.0,0.0,0.0,0.0,27
2023-05-10 09:03:12,OI311P9300,OI311P9300,1129.0,0.0,0.0,0.0,10,546.0,1790.5,1,1129.0,0.0,0.0,0.0,0.0,0.0,27
2023-05-10 09:03:14,OI311P9300,OI311P9300,1129.0,0.0,0.0,0.0,1,547.5,1790.5,1,1129.0,0.0,0.0,0.0,0.0,0.0,27
2023-05-10 09:03:15,OI311P9300,OI311P9300,1129.0,0.0,0.0,0.0,10,548.0,1790.5,1,1129.0,0.0,0.0,0.0,0.0,0.0,27
2023-05-10 09:03:16,OI311P9300,OI311P9300,1129.0,0.0,0.0,0.0,1,549.5,1790.5,1,1129.0,0.0,0.0,0.0,0.0,0.0,27
2023-05-10 09:03:17,OI311P9300,OI311P9300,1129.0,0.0,0.0,0.0,10,550.0,1790.5,1,1129.0,0.0,0.0,0.0,0.0,0.0,27
2023-05-10 09:03:17,OI311P9300,OI311P9300,1129.0,0.0,0.0,0.0,1,551.5,1790.5,1,1129.0,0.0,0.0,0.0,0.0,0.0,27
2023-05-10 09:03:18,OI311P9300,OI311P9300,1129.0,0.0,0.0,0.0,10,552.0,1790.5,1,1129.0,0.0,0.0,0.0,0.0,0.0,27
2023-05-10 09:03:20,OI311P9300,OI311P9300,1129.0,0.0,0.0,0.0,1,553.5,1790.5,1,1129.0,0.0,0.0,0.0,0.0,0.0,27
2023-05-10 09:03:21,OI311P9300,OI311P9300,1129.0,0.0,0.0,0.0,10,554.0,1790.5,1,1129.0,0.0,0.0,0.0,0.0,0.0,27
2023-05-10 09:03:22,OI311P9300,OI311P9300,1129.0,0.0,0.0,0.0,1,555.5,1790.5,1,1129.0,0.0,0.0,0.0,0.0,0.0,27
2023-05-10 09:03:23,OI311P9300,OI311P9300,1129.0,0.0,0.0,0.0,10,556.0,1790.5,1,1129.0,0.0,0.0,0.0,0.0,0.0,27
2023-05-10 09:03:24,OI311P9300,OI311P9300,1129.0,0.0,0.0,0.0,1,557.5,1790.5,1,1129.0,0.0,0.0,0.0,0.0,0.0,27
2023-05-10 09:03:25,OI311P9300,OI311P9300,1129.0,0.0,0.0,0.0,10,558.0,1790.5,1,1129.0,0.0,0.0,0.0,0.0,0.0,27
2023-05-10 09:03:26,OI311P9300,OI311P9300,1129.0,0.0,0.0,0.0,1,559.5,1790.5,1,1129.0,0.0,0.0,0.0,0.0,0.0,27
2023-05-10 09:03:27,OI311P9300,OI311P9300,1129.0,0.0,0.0,0.0,10,560.0,1790.5,1,1129.0,0.0,0.0,0.0,0.0,0.0,27
2023-05-10 09:03:28,OI311P9300,OI311P9300,1129.0,0.0,0.0,0.0,1,561.5,1790.5,1,1129.0,0.0,0.0,0.0,0.0,0.0,27
2023-05-10 09:03:29,OI311P9300,OI311P9300,1129.0,0.0,0.0,0.0,10,562.0,1790.5,1,1129.0,0.0,0.0,0.0,0.0,0.0,27
2023-05-10 09:03:29,OI311P9300,OI311P9300,1129.0,0.0,0.0,0.0,1,563.5,1790.5,1,1129.0,0.0,0.0,0.0,0.0,0.0,27
2023-05-10 09:03:30,OI311P9300,OI311P9300,1129.0,0.0,0.0,0.0,10,564.0,1790.5,1,1129.0,0.0,0.0,0.0,0.0,0.0,27
2023-05-10 09:03:31,OI311P9300,OI311P9300,1129.0,0.0,0.0,0.0,1,565.5,1790.5,1,1129.0,0.0,0.0,0.0,0.0,0.0,27
2023-05-10 09:03:32,OI311P9300,OI311P9300,1129.0,0.0,0.0,0.0,10,566.0,1790.5,1,1129.0,0.0,0.0,0.0,0.0,0.0,27
2023-05-10 09:03:32,OI311P9300,OI311P9300,1129.0,0.0,0.0,0.0,1,567.5,1790.5,1,1129.0,0.0,0.0,0.0,0.0,0.0,27
2023-05-10 09:03:33,OI311P9300,OI311P9300,1129.0,0.0,0.0,0.0,10,568.0,1790.5,1,1129.0,0.0,0.0,0.0,0.0,0.0,27
2023-05-10 09:03:34,OI311P9300,OI311P9300,1129.0,0.0,0.0,0.0,1,569.5,1790.5,1,1129.0,0.0,0.0,0.0,0.0,0.0,27
2023-05-10 09:03:35,OI311P9300,OI311P9300,1129.0,0.0,0.0,0.0,10,570.0,1790.5,1,1129.0,0.0,0.0,0.0,0.0,0.0,27
2023-05-10 09:03:36,OI311P9300,OI311P9300,1129.0,0.0,0.0,0.0,1,571.5,1790.5,1,1129.0,0.0,0.0,0.0,0.0,0.0,27
2023-05-10 09:03:37,OI311P9300,OI311P9300,1129.0,0.0,0.0,0.0,10,572.0,1790.5,1,1129.0,0.0,0.0,0.0,0.0,0.0,27
2023-05-10 09:03:38,OI311P9300,OI311P9300,1129.0,0.0,0.0,0.0,1,573.5,1790.5,1,1129.0,0.0,0.0,0.0,0.0,0.0,27
2023-05-10 09:03:39,OI311P9300,OI311P9300,1129.0,0.0,0.0,0.0,10,574.0,1790.5,1,1129.0,0.0,0.0,0.0,0.0,0.0,27
2023-05-10 09:03:39,OI311P9300,OI311P9300,1129.0,0.0,0.0,0.0,1,575.5,1790.5,1,1129.0,0.0,0.0,0.0,0.0,0.0,27
2023-05-10 09:03:40,OI311P9300,OI311P9300,1129.0,0.0,0.0,0.0,10,576.0,1790.5,1,1129.0,0.0,0.0,0.0,0.0,0.0,27
2023-05-10 09:03:40,OI311P9300,OI311P9300,1129.0,0.0,0.0,0.0,1,577.5,1790.5,1,1129.0,0.0,0.0,0.0,0.0,0.0,27
2023-05-10 09:03:41,OI311P9300,OI311P9300,1129.0,0.0,0.0,0.0,10,578.0,1790.5,1,1129.0,0.0,0.0,0.0,0.0,0.0,27
2023-05-10 09:03:41,OI311P9300,OI311P9300,1129.0,0.0,0.0,0.0,1,579.5,1790.5,1,1129.0,0.0,0.0,0.0,0.0,0.0,27
2023-05-10 09:03:42,OI311P9300,OI311P9300,1129.0,0.0,0.0,0.0,10,580.0,1790.5,1,1129.0,0.0,0.0,0.0,0.0,0.0,27
2023-05-10 09:03:42,OI311P9300,OI311P9300,1129.0,0.0,0.0,0.0,1,581.5,1790.5,1,1129.0,0.0,0.0,0.0,0.0,0.0,27
2023-05-10 09:03:43,OI311P9300,OI311P9300,1129.0,0.0,0.0,0.0,10,582.0,1790.5,1,1129.0,0.0,0.0,0.0,0.0,0.0,27
2023-05-10 09:03:45,OI311P9300,OI311P9300,1129.0,0.0,0.0,0.0,1,583.5,1790.5,1,1129.0,0.0,0.0,0.0,0.0,0.0,27
2023-05-10 09:03:46,OI311P9300,OI311P9300,1129.0,0.0,0.0,0.0,10,584.0,1790.5,1,1129.0,0.0,0.0,0.0,0.0,0.0,27
2023-05-10 09:03:46,OI311P9300,OI311P9300,1129.0,0.0,0.0,0.0,1,585.5,1790.5,1,1129.0,0.0,0.0,0.0,0.0,0.0,27
2023-05-10 09:03:47,OI311P9300,OI311P9300,1129.0,0.0,0.0,0.0,10,586.0,1790.5,1,1129.0,0.0,0.0,0.0,0.0,0.0,27
2023-05-10 09:03:47,OI311P9300,OI311P9300,1129.0,0.0,0.0,0.0,1,587.5,1790.5,1,1129.0,0.0,0.0,0.0,0.0,0.0,27
2023-05-10 09:03:48,OI311P9300,OI311P9300,1129.0,0.0,0.0,0.0,10,588.0,1790.5,1,1129.0,0.0,0.0,0.0,0.0,0.0,27
2023-05-10 09:03:48,OI311P9300,OI311P9300,1129.0,0.0,0.0,0.0,1,589.5,1790.5,1,1129.0,0.0,0.0,0.0,0.0,0.0,27
2023-05-10 09:03:49,OI311P9300,OI311P9300,1129.0,0.0,0.0,0.0,10,590.0,1790.5,1,1129.0,0.0,0.0,0.0,0.0,0.0,27
2023-05-10 09:03:50,OI311P9300,OI311P9300,1129.0,0.0,0.0,0.0,1,591.5,1790.5,1,1129.0,0.0,0.0,0.0,0.0,0.0,27
2023-05-10 09:03:51,OI311P9300,OI311P9300,1129.0,0.0,0.0,0.0,10,592.0,1790.5,1,1129.0,0.0,0.0,0.0,0.0,0.0,27
2023-05-10 09:03:51,OI311P9300,OI311P9300,1129.0,0.0,0.0,0.0,1,593.5,1790.5,1,1129.0,0.0,0.0,0.0,0.0,0.0,27
2023-05-10 09:03:52,OI311P9300,OI311P9300,1129.0,0.0,0.0,0.0,10,594.0,1790.5,1,1129.0,0.0,0.0,0.0,0.0,0.0,27
2023-05-10 09:03:53,OI311P9300,OI311P9300,1129.0,0.0,0.0,0.0,1,595.5,1790.5,1,1129.0,0.0,0.0,0.0,0.0,0.0,27
2023-05-10 09:03:54,OI311P9300,OI311P9300,1129.0,0.0,0.0,0.0,10,596.0,1790.5,1,1129.0,0.0,0.0,0.0,0.0,0.0,27
2023-05-10 09:03:55,OI311P9300,OI311P9300,1129.0,0.0,0.0,0.0,1,597.5,1790.5,1,1129.0,0.0,0.0,0.0,0.0,0.0,27
2023-05-10 09:03:56,OI311P9300,OI311P9300,1129.0,0.0,0.0,0.0,10,598.0,1790.5,1,1129.0,0.0,0.0,0.0,0.0,0.0,27
2023-05-10 09:03:57,OI311P9300,OI311P9300,1129.0,0.0,0.0,0.0,1,599.5,1790.5,1,1129.0,0.0,0.0,0.0,0.0,0.0,27
2023-05-10 09:03:58,OI311P9300,OI311P9300,1129.0,0.0,0.0,0.0,10,600.0,1790.5,1,1129.0,0.0,0.0,0.0,0.0,0.0,27
2023-05-10 09:03:59,OI311P9300,OI311P9300,1129.0,0.0,0.0,0.0,1,601.5,1790.5,1,1129.0,0.0,0.0,0.0,0.0,0.0,27
2023-05-10 09:04:00,OI311P9300,OI311P9300,1129.0,0.0,0.0,0.0,10,602.0,1790.5,1,1129.0,0.0,0.0,0.0,0.0,0.0,27
2023-05-10 09:04:01,OI311P9300,OI311P9300,1129.0,0.0,0.0,0.0,1,603.5,1790.5,1,1129.0,0.0,0.0,0.0,0.0,0.0,27
2023-05-10 09:04:02,OI311P9300,OI311P9300,1129.0,0.0,0.0,0.0,10,604.0,1790.5,1,1129.0,0.0,0.0,0.0,0.0,0.0,27
2023-05-10 09:04:02,OI311P9300,OI311P9300,1129.0,0.0,0.0,0.0,1,605.5,1790.5,1,1129.0,0.0,0.0,0.0,0.0,0.0,27
2023-05-10 09:04:03,OI311P9300,OI311P9300,1129.0,0.0,0.0,0.0,10,606.0,1790.5,1,1129.0,0.0,0.0,0.0,0.0,0.0,27
2023-05-10 09:04:03,OI311P9300,OI311P9300,1129.0,0.0,0.0,0.0,1,607.5,1790.5,1,1129.0,0.0,0.0,0.0,0.0,0.0,27
2023-05-10 09:04:04,OI311P9300,OI311P9300,1129.0,0.0,0.0,0.0,10,608.0,1790.5,1,1129.0,0.0,0.0,0.0,0.0,0.0,27
2023-05-10 09:04:04,OI311P9300,OI311P9300,1129.0,0.0,0.0,0.0,1,609.5,1790.5,1,1129.0,0.0,0.0,0.0,0.0,0.0,27
2023-05-10 09:04:05,OI311P9300,OI311P9300,1129.0,0.0,0.0,0.0,10,610.0,1790.5,1,1129.0,0.0,0.0,0.0,0.0,0.0,27
2023-05-10 09:04:05,OI311P9300,OI311P9300,1129.0,0.0,0.0,0.0,1,611.5,1790.5,1,1129.0,0.0,0.0,0.0,0.0,0.0,27
2023-05-10 09:04:06,OI311P9300,OI311P9300,1129.0,0.0,0.0,0.0,10,612.0,1790.5,1,1129.0,0.0,0.0,0.0,0.0,0.0,27
2023-05-10 09:04:06,OI311P9300,OI311P9300,1129.0,0.0,0.0,0.0,1,613.5,1790.5,1,1129.0,0.0,0.0,0.0,0.0,0.0,27
2023-05-10 09:04:07,OI311P9300,OI311P9300,1129.0,0.0,0.0,0.0,10,614.0,1790.5,1,1129.0,0.0,0.0,0.0,0.0,0.0,27
2023-05-10 09:04:07,OI311P9300,OI311P9300,1129.0,0.0,0.0,0.0,1,615.5,1790.5,1,1129.0,0.0,0.0,0.0,0.0,0.0,27
2023-05-10 09:04:08,OI311P9300,OI311P9300,1129.0,0.0,0.0,0.0,10,616.0,1790.5,1,1129.0,0.0,0.0,0.0,0.0,0.0,27
2023-05-10 09:04:08,OI311P9300,OI311P9300,1129.0,0.0,0.0,0.0,1,617.5,1790.5,1,1129.0,0.0,0.0,0.0,0.0,0.0,27
2023-05-10 09:04:09,OI311P9300,OI311P9300,1129.0,0.0,0.0,0.0,10,618.0,1790.5,1,1129.0,0.0,0.0,0.0,0.0,0.0,27
2023-05-10 09:04:09,OI311P9300,OI311P9300,1129.0,0.0,0.0,0.0,1,619.5,1790.5,1,1129.0,0.0,0.0,0.0,0.0,0.0,27
2023-05-10 09:04:10,OI311P9300,OI311P9300,1129.0,0.0,0.0,0.0,10,620.0,1790.5,1,1129.0,0.0,0.0,0.0,0.0,0.0,27
2023-05-10 09:04:10,OI311P9300,OI311P9300,1129.0,0.0,0.0,0.0,1,621.5,1790.5,1,1129.0,0.0,0.0,0.0,0.0,0.0,27
2023-05-10 09:04:11,OI311P9300,OI311P9300,1129.0,0.0,0.0,0.0,10,622.0,1790.5,1,1129.0,0.0,0.0,0.0,0.0,0.0,27
2023-05-10 09:04:11,OI311P9300,OI311P9300,1129.0,0.0,0.0,0.0,1,623.5,1790.5,1,1129.0,0.0,0.0,0.0,0.0,0.0,27
2023-05-10 09:04:12,OI311P9300,OI311P9300,1129.0,0.0,0.0,0.0,10,624.0,1790.5,1,1129.0,0.0,0.0,0.0,0.0,0.0,27
2023-05-10 09:04:12,OI311P9300,OI311P9300,1129.0,0.0,0.0,0.0,1,625.5,1790.5,1,1129.0,0.0,0.0,0.0,0.0,0.0,27
2023-05-10 09:04:13,OI311P9300,OI311P9300,1129.0,0.0,0.0,0.0,10,626.0,1790.5,1,1129.0,0.0,0.0,0.0,0.0,0.0,27
2023-05-10 09:04:13,OI311P9300,OI311P9300,1129.0,0.0,0.0,0.0,1,627.5,1790.5,1,1129.0,0.0,0.0,0.0,0.0,0.0,27
2023-05-10 09:04:14,OI311P9300,OI311P9300,1129.0,0.0,0.0,0.0,10,628.0,1790.5,1,1129.0,0.0,0.0,0.0,0.0,0.0,27
2023-05-10 09:04:14,OI311P9300,OI311P9300,1129.0,0.0,0.0,0.0,1,629.5,1790.5,1,1129.0,0.0,0.0,0.0,0.0,0.0,27
2023-05-10 09:04:15,OI311P9300,OI311P9300,1129.0,0.0,0.0,0.0,10,630.0,1790.5,1,1129.0,0.0,0.0,0.0,0.0,0.0,27
2023-05-10 09:04:15,OI311P9300,OI311P9300,1129.0,0.0,0.0,0.0,1,631.5,1790.5,1,1129.0,0.0,0.0,0.0,0.0,0.0,27
2023-05-10 09:04:16,OI311P9300,OI311P9300,1129.0,0.0,0.0,0.0,10,632.0,1790.5,1,1129.0,0.0,0.0,0.0,0.0,0.0,27
2023-05-10 09:04:16,OI311P9300,OI311P9300,1129.0,0.0,0.0,0.0,1,633.5,1790.5,1,1129.0,0.0,0.0,0.0,0.0,0.0,27
2023-05-10 09:04:17,OI311P9300,OI311P9300,1129.0,0.0,0.0,0.0,10,634.0,1790.5,1,1129.0,0.0,0.0,0.0,0.0,0.0,27
2023-05-10 09:04:17,OI311P9300,OI311P9300,1129.0,0.0,0.0,0.0,1,635.5,1790.5,1,1129.0,0.0,0.0,0.0,0.0,0.0,27
2023-05-10 09:04:18,OI311P9300,OI311P9300,1129.0,0.0,0.0,0.0,10,636.0,1790.5,1,1129.0,0.0,0.0,0.0,0.0,0.0,27
2023-05-10 09:04:18,OI311P9300,OI311P9300,1129.0,0.0,0.0,0.0,1,637.5,1790.5,1,1129.0,0.0,0.0,0.0,0.0,0.0,27
2023-05-10 09:04:19,OI311P9300,OI311P9300,1129.0,0.0,0.0,0.0,10,638.0,1790.5,1,1129.0,0.0,0.0,0.0,0.0,0.0,27
2023-05-10 09:04:19,OI311P9300,OI311P9300,1129.0,0.0,0.0,0.0,1,639.5,1790.5,1,1129.0,0.0,0.0,0.0,0.0,0.0,27
2023-05-10 09:04:20,OI311P9300,OI311P9300,1129.0,0.0,0.0,0.0,10,640.0,1790.5,1,1129.0,0.0,0.0,0.0,0.0,0.0,27
2023-05-10 09:04:20,OI311P9300,OI311P9300,1129.0,0.0,0.0,0.0,1,641.5,1790.5,1,1129.0,0.0,0.0,0.0,0.0,0.0,27
2023-05-10 09:04:21,OI311P9300,OI311P9300,1129.0,0.0,0.0,0.0,10,642.0,1790.5,1,1129.0,0.0,0.0,0.0,0.0,0.0,27
2023-05-10 09:04:21,OI311P9300,OI311P9300,1129.0,0.0,0.0,0.0,1,643.5,1790.5,1,1129.0,0.0,0.0,0.0,0.0,0.0,27
2023-05-10 09:07:38,OI311P9300,OI311P9300,1129.0,0.0,0.0,0.0,10,644.0,1790.5,1,1129.0,0.0,0.0,0.0,0.0,0.0,27
2023-05-10 09:07:39,OI311P9300,OI311P9300,1129.0,0.0,0.0,0.0,1,645.5,1790.5,1,1129.0,0.0,0.0,0.0,0.0,0.0,27
2023-05-10 09:07:39,OI311P9300,OI311P9300,1129.0,0.0,0.0,0.0,10,646.0,1790.5,1,1129.0,0.0,0.0,0.0,0.0,0.0,27
2023-05-10 09:07:40,OI311P9300,OI311P9300,1129.0,0.0,0.0,0.0,1,647.5,1790.5,1,1129.0,0.0,0.0,0.0,0.0,0.0,27
2023-05-10 09:07:40,OI311P9300,OI311P9300,1129.0,0.0,0.0,0.0,10,648.0,1790.5,1,1129.0,0.0,0.0,0.0,0.0,0.0,27
2023-05-10 09:07:42,OI311P9300,OI311P9300,1129.0,0.0,0.0,0.0,1,649.5,1790.5,1,1129.0,0.0,0.0,0.0,0.0,0.0,27
2023-05-10 09:07:42,OI311P9300,OI311P9300,1129.0,0.0,0.0,0.0,10,650.0,1790.5,1,1129.0,0.0,0.0,0.0,0.0,0.0,27
2023-05-10 09:07:43,OI311P9300,OI311P9300,1129.0,0.0,0.0,0.0,1,651.5,1790.5,1,1129.0,0.0,0.0,0.0,0.0,0.0,27
2023-05-10 09:07:43,OI311P9300,OI311P9300,1129.0,0.0,0.0,0.0,10,652.0,1790.5,1,1129.0,0.0,0.0,0.0,0.0,0.0,27
2023-05-10 09:07:44,OI311P9300,OI311P9300,1129.0,0.0,0.0,0.0,1,653.5,1790.5,1,1129.0,0.0,0.0,0.0,0.0,0.0,27
2023-05-10 09:07:44,OI311P9300,OI311P9300,1129.0,0.0,0.0,0.0,10,654.0,1790.5,1,1129.0,0.0,0.0,0.0,0.0,0.0,27
2023-05-10 09:07:46,OI311P9300,OI311P9300,1129.0,0.0,0.0,0.0,1,655.5,1790.5,1,1129.0,0.0,0.0,0.0,0.0,0.0,27
2023-05-10 09:07:46,OI311P9300,OI311P9300,1129.0,0.0,0.0,0.0,10,656.0,1790.5,1,1129.0,0.0,0.0,0.0,0.0,0.0,27
2023-05-10 09:07:47,OI311P9300,OI311P9300,1129.0,0.0,0.0,0.0,1,657.5,1790.5,1,1129.0,0.0,0.0,0.0,0.0,0.0,27
2023-05-10 09:07:47,OI311P9300,OI311P9300,1129.0,0.0,0.0,0.0,10,658.0,1790.5,1,1129.0,0.0,0.0,0.0,0.0,0.0,27
2023-05-10 09:07:48,OI311P9300,OI311P9300,1129.0,0.0,0.0,0.0,1,659.5,1790.5,1,1129.0,0.0,0.0,0.0,0.0,0.0,27
2023-05-10 09:07:48,OI311P9300,OI311P9300,1129.0,0.0,0.0,0.0,10,660.0,1790.5,1,1129.0,0.0,0.0,0.0,0.0,0.0,27
2023-05-10 09:07:49,OI311P9300,OI311P9300,1129.0,0.0,0.0,0.0,1,661.5,1790.5,1,1129.0,0.0,0.0,0.0,0.0,0.0,27
2023-05-10 09:07:49,OI311P9300,OI311P9300,1129.0,0.0,0.0,0.0,10,662.0,1790.5,1,1129.0,0.0,0.0,0.0,0.0,0.0,27
2023-05-10 09:07:50,OI311P9300,OI311P9300,1129.0,0.0,0.0,0.0,1,663.5,1790.5,1,1129.0,0.0,0.0,0.0,0.0,0.0,27
2023-05-10 09:07:50,OI311P9300,OI311P9300,1129.0,0.0,0.0,0.0,10,664.0,1790.5,1,1129.0,0.0,0.0,0.0,0.0,0.0,27
2023-05-10 09:07:51,OI311P9300,OI311P9300,1129.0,0.0,0.0,0.0,1,665.5,1790.5,1,1129.0,0.0,0.0,0.0,0.0,0.0,27
2023-05-10 09:07:51,OI311P9300,OI311P9300,1129.0,0.0,0.0,0.0,10,666.0,1790.5,1,1129.0,0.0,0.0,0.0,0.0,0.0,27
2023-05-10 09:07:52,OI311P9300,OI311P9300,1129.0,0.0,0.0,0.0,1,667.5,1790.5,1,1129.0,0.0,0.0,0.0,0.0,0.0,27
2023-05-10 09:07:52,OI311P9300,OI311P9300,1129.0,0.0,0.0,0.0,10,668.0,1790.5,1,1129.0,0.0,0.0,0.0,0.0,0.0,27
2023-05-10 09:07:53,OI311P9300,OI311P9300,1129.0,0.0,0.0,0.0,1,669.5,1790.5,1,1129.0,0.0,0.0,0.0,0.0,0.0,27
2023-05-10 09:07:53,OI311P9300,OI311P9300,1129.0,0.0,0.0,0.0,10,670.0,1790.5,1,1129.0,0.0,0.0,0.0,0.0,0.0,27
2023-05-10 09:07:54,OI311P9300,OI311P9300,1129.0,0.0,0.0,0.0,1,671.5,1790.5,1,1129.0,0.0,0.0,0.0,0.0,0.0,27
2023-05-10 09:07:54,OI311P9300,OI311P9300,1129.0,0.0,0.0,0.0,10,672.0,1790.5,1,1129.0,0.0,0.0,0.0,0.0,0.0,27
2023-05-10 09:07:55,OI311P9300,OI311P9300,1129.0,0.0,0.0,0.0,1,673.5,1790.5,1,1129.0,0.0,0.0,0.0,0.0,0.0,27
2023-05-10 09:07:55,OI311P9300,OI311P9300,1129.0,0.0,0.0,0.0,10,674.0,1790.5,1,1129.0,0.0,0.0,0.0,0.0,0.0,27
2023-05-10 09:07:56,OI311P9300,OI311P9300,1129.0,0.0,0.0,0.0,1,675.5,1790.5,1,1129.0,0.0,0.0,0.0,0.0,0.0,27
2023-05-10 09:07:56,OI311P9300,OI311P9300,1129.0,0.0,0.0,0.0,10,676.0,1790.5,1,1129.0,0.0,0.0,0.0,0.0,0.0,27
2023-05-10 09:07:57,OI311P9300,OI311P9300,1129.0,0.0,0.0,0.0,1,677.5,1790.5,1,1129.0,0.0,0.0,0.0,0.0,0.0,27
2023-05-10 09:07:57,OI311P9300,OI311P9300,1129.0,0.0,0.0,0.0,10,678.0,1790.5,1,1129.0,0.0,0.0,0.0,0.0,0.0,27
2023-05-10 09:07:58,OI311P9300,OI311P9300,1129.0,0.0,0.0,0.0,1,679.5,1790.5,1,1129.0,0.0,0.0,0.0,0.0,0.0,27
2023-05-10 09:07:58,OI311P9300,OI311P9300,1129.0,0.0,0.0,0.0,10,680.0,1790.5,1,1129.0,0.0,0.0,0.0,0.0,0.0,27
2023-05-10 09:07:59,OI311P9300,OI311P9300,1129.0,0.0,0.0,0.0,1,681.5,1790.5,1,1129.0,0.0,0.0,0.0,0.0,0.0,27
2023-05-10 09:07:59,OI311P9300,OI311P9300,1129.0,0.0,0.0,0.0,10,682.0,1790.5,1,1129.0,0.0,0.0,0.0,0.0,0.0,27
2023-05-10 09:08:00,OI311P9300,OI311P9300,1129.0,0.0,0.0,0.0,1,683.5,1790.5,1,1129.0,0.0,0.0,0.0,0.0,0.0,27
2023-05-10 09:08:00,OI311P9300,OI311P9300,1129.0,0.0,0.0,0.0,10,684.0,1790.5,1,1129.0,0.0,0.0,0.0,0.0,0.0,27
2023-05-10 09:08:01,OI311P9300,OI311P9300,1129.0,0.0,0.0,0.0,1,685.5,1790.5,1,1129.0,0.0,0.0,0.0,0.0,0.0,27
2023-05-10 09:08:01,OI311P9300,OI311P9300,1129.0,0.0,0.0,0.0,10,686.0,1790.5,1,1129.0,0.0,0.0,0.0,0.0,0.0,27
2023-05-10 09:08:02,OI311P9300,OI311P9300,1129.0,0.0,0.0,0.0,1,687.5,1790.5,1,1129.0,0.0,0.0,0.0,0.0,0.0,27
2023-05-10 09:08:02,OI311P9300,OI311P9300,1129.0,0.0,0.0,0.0,10,688.0,1790.5,1,1129.0,0.0,0.0,0.0,0.0,0.0,27
2023-05-10 09:08:03,OI311P9300,OI311P9300,1129.0,0.0,0.0,0.0,1,689.5,1790.5,1,1129.0,0.0,0.0,0.0,0.0,0.0,27
2023-05-10 09:08:03,OI311P9300,OI311P9300,1129.0,0.0,0.0,0.0,10,690.0,1790.5,1,1129.0,0.0,0.0,0.0,0.0,0.0,27
2023-05-10 09:08:04,OI311P9300,OI311P9300,1129.0,0.0,0.0,0.0,1,691.5,1790.5,1,1129.0,0.0,0.0,0.0,0.0,0.0,27
2023-05-10 09:08:04,OI311P9300,OI311P9300,1129.0,0.0,0.0,0.0,10,692.0,1790.5,1,1129.0,0.0,0.0,0.0,0.0,0.0,27
2023-05-10 09:08:05,OI311P9300,OI311P9300,1129.0,0.0,0.0,0.0,1,693.5,1790.5,1,1129.0,0.0,0.0,0.0,0.0,0.0,27
2023-05-10 09:08:05,OI311P9300,OI311P9300,1129.0,0.0,0.0,0.0,10,694.0,1790.5,1,1129.0,0.0,0.0,0.0,0.0,0.0,27
2023-05-10 09:08:06,OI311P9300,OI311P9300,1129.0,0.0,0.0,0.0,1,695.5,1790.5,1,1129.0,0.0,0.0,0.0,0.0,0.0,27
2023-05-10 09:08:06,OI311P9300,OI311P9300,1129.0,0.0,0.0,0.0,10,696.0,1790.5,1,1129.0,0.0,0.0,0.0,0.0,0.0,27
2023-05-10 09:08:07,OI311P9300,OI311P9300,1129.0,0.0,0.0,0.0,1,697.5,1790.5,1,1129.0,0.0,0.0,0.0,0.0,0.0,27
2023-05-10 09:08:07,OI311P9300,OI311P9300,1129.0,0.0,0.0,0.0,10,698.0,1790.5,1,1129.0,0.0,0.0,0.0,0.0,0.0,27
2023-05-10 09:08:08,OI311P9300,OI311P9300,1129.0,0.0,0.0,0.0,1,699.5,1790.5,1,1129.0,0.0,0.0,0.0,0.0,0.0,27
2023-05-10 09:08:08,OI311P9300,OI311P9300,1129.0,0.0,0.0,0.0,10,700.0,1790.5,1,1129.0,0.0,0.0,0.0,0.0,0.0,27
2023-05-10 09:08:09,OI311P9300,OI311P9300,1129.0,0.0,0.0,0.0,1,701.5,1790.5,1,1129.0,0.0,0.0,0.0,0.0,0.0,27
2023-05-10 09:08:09,OI311P9300,OI311P9300,1129.0,0.0,0.0,0.0,10,702.0,1790.5,1,1129.0,0.0,0.0,0.0,0.0,0.0,27
2023-05-10 09:08:10,OI311P9300,OI311P9300,1129.0,0.0,0.0,0.0,1,703.5,1790.5,1,1129.0,0.0,0.0,0.0,0.0,0.0,27
2023-05-10 09:08:10,OI311P9300,OI311P9300,1129.0,0.0,0.0,0.0,10,704.0,1790.5,1,1129.0,0.0,0.0,0.0,0.0,0.0,27
2023-05-10 09:08:11,OI311P9300,OI311P9300,1129.0,0.0,0.0,0.0,1,705.5,1790.5,1,1129.0,0.0,0.0,0.0,0.0,0.0,27
2023-05-10 09:08:11,OI311P9300,OI311P9300,1129.0,0.0,0.0,0.0,10,706.0,1790.5,1,1129.0,0.0,0.0,0.0,0.0,0.0,27
2023-05-10 09:08:12,OI311P9300,OI311P9300,1129.0,0.0,0.0,0.0,1,707.5,1790.5,1,1129.0,0.0,0.0,0.0,0.0,0.0,27
2023-05-10 09:08:12,OI311P9300,OI311P9300,1129.0,0.0,0.0,0.0,10,708.0,1790.5,1,1129.0,0.0,0.0,0.0,0.0,0.0,27
2023-05-10 09:08:13,OI311P9300,OI311P9300,1129.0,0.0,0.0,0.0,1,709.5,1790.5,1,1129.0,0.0,0.0,0.0,0.0,0.0,27
2023-05-10 09:08:13,OI311P9300,OI311P9300,1129.0,0.0,0.0,0.0,10,710.0,1790.5,1,1129.0,0.0,0.0,0.0,0.0,0.0,27
2023-05-10 09:08:14,OI311P9300,OI311P9300,1129.0,0.0,0.0,0.0,1,711.5,1790.5,1,1129.0,0.0,0.0,0.0,0.0,0.0,27
2023-05-10 09:08:14,OI311P9300,OI311P9300,1129.0,0.0,0.0,0.0,10,712.0,1790.5,1,1129.0,0.0,0.0,0.0,0.0,0.0,27
2023-05-10 09:08:15,OI311P9300,OI311P9300,1129.0,0.0,0.0,0.0,1,713.5,1790.5,1,1129.0,0.0,0.0,0.0,0.0,0.0,27
2023-05-10 09:08:15,OI311P9300,OI311P9300,1129.0,0.0,0.0,0.0,10,714.0,1790.5,1,1129.0,0.0,0.0,0.0,0.0,0.0,27
2023-05-10 09:08:16,OI311P9300,OI311P9300,1129.0,0.0,0.0,0.0,1,715.5,1790.5,1,1129.0,0.0,0.0,0.0,0.0,0.0,27
2023-05-10 09:08:16,OI311P9300,OI311P9300,1129.0,0.0,0.0,0.0,10,716.0,1790.5,1,1129.0,0.0,0.0,0.0,0.0,0.0,27
2023-05-10 09:08:17,OI311P9300,OI311P9300,1129.0,0.0,0.0,0.0,1,717.5,1790.5,1,1129.0,0.0,0.0,0.0,0.0,0.0,27
2023-05-10 09:08:17,OI311P9300,OI311P9300,1129.0,0.0,0.0,0.0,10,718.0,1790.5,1,1129.0,0.0,0.0,0.0,0.0,0.0,27
2023-05-10 09:08:18,OI311P9300,OI311P9300,1129.0,0.0,0.0,0.0,1,719.5,1790.5,1,1129.0,0.0,0.0,0.0,0.0,0.0,27
2023-05-10 09:08:18,OI311P9300,OI311P9300,1129.0,0.0,0.0,0.0,10,720.0,1790.5,1,1129.0,0.0,0.0,0.0,0.0,0.0,27
2023-05-10 09:08:19,OI311P9300,OI311P9300,1129.0,0.0,0.0,0.0,1,721.5,1790.5,1,1129.0,0.0,0.0,0.0,0.0,0.0,27
2023-05-10 09:08:19,OI311P9300,OI311P9300,1129.0,0.0,0.0,0.0,10,722.0,1790.5,1,1129.0,0.0,0.0,0.0,0.0,0.0,27
2023-05-10 09:08:20,OI311P9300,OI311P9300,1129.0,0.0,0.0,0.0,1,723.5,1790.5,1,1129.0,0.0,0.0,0.0,0.0,0.0,27
2023-05-10 09:08:20,OI311P9300,OI311P9300,1129.0,0.0,0.0,0.0,10,724.0,1790.5,1,1129.0,0.0,0.0,0.0,0.0,0.0,27
2023-05-10 09:08:21,OI311P9300,OI311P9300,1129.0,0.0,0.0,0.0,1,725.5,1790.5,1,1129.0,0.0,0.0,0.0,0.0,0.0,27
2023-05-10 09:08:21,OI311P9300,OI311P9300,1129.0,0.0,0.0,0.0,10,726.0,1790.5,1,1129.0,0.0,0.0,0.0,0.0,0.0,27
2023-05-10 09:08:22,OI311P9300,OI311P9300,1129.0,0.0,0.0,0.0,1,727.5,1790.5,1,1129.0,0.0,0.0,0.0,0.0,0.0,27
2023-05-10 09:08:22,OI311P9300,OI311P9300,1129.0,0.0,0.0,0.0,10,728.0,1790.5,1,1129.0,0.0,0.0,0.0,0.0,0.0,27
2023-05-10 09:08:23,OI311P9300,OI311P9300,1129.0,0.0,0.0,0.0,1,729.5,1790.5,1,1129.0,0.0,0.0,0.0,0.0,0.0,27
2023-05-10 09:08:23,OI311P9300,OI311P9300,1129.0,0.0,0.0,0.0,10,730.0,1790.5,1,1129.0,0.0,0.0,0.0,0.0,0.0,27
2023-05-10 09:08:24,OI311P9300,OI311P9300,1129.0,0.0,0.0,0.0,1,731.5,1790.5,1,1129.0,0.0,0.0,0.0,0.0,0.0,27
2023-05-10 09:08:24,OI311P9300,OI311P9300,1129.0,0.0,0.0,0.0,10,732.0,1790.5,1,1129.0,0.0,0.0,0.0,0.0,0.0,27
2023-05-10 09:08:24,OI311P9300,OI311P9300,1129.0,0.0,0.0,0.0,1,731.5,1790.5,1,1129.0,0.0,0.0,0.0,0.0,0.0,27
2023-05-10 09:08:25,OI311P9300,OI311P9300,1129.0,0.0,0.0,0.0,1,733.5,1790.5,1,1129.0,0.0,0.0,0.0,0.0,0.0,27
2023-05-10 09:08:25,OI311P9300,OI311P9300,1129.0,0.0,0.0,0.0,10,734.0,1790.5,1,1129.0,0.0,0.0,0.0,0.0,0.0,27
2023-05-10 09:08:26,OI311P9300,OI311P9300,1129.0,0.0,0.0,0.0,1,735.5,1790.5,1,1129.0,0.0,0.0,0.0,0.0,0.0,27
2023-05-10 09:08:26,OI311P9300,OI311P9300,1129.0,0.0,0.0,0.0,10,736.0,1790.5,1,1129.0,0.0,0.0,0.0,0.0,0.0,27
2023-05-10 09:08:27,OI311P9300,OI311P9300,1129.0,0.0,0.0,0.0,1,737.5,1790.5,1,1129.0,0.0,0.0,0.0,0.0,0.0,27
2023-05-10 09:08:27,OI311P9300,OI311P9300,1129.0,0.0,0.0,0.0,10,738.0,1790.5,1,1129.0,0.0,0.0,0.0,0.0,0.0,27
2023-05-10 09:08:28,OI311P9300,OI311P9300,1129.0,0.0,0.0,0.0,1,739.5,1790.5,1,1129.0,0.0,0.0,0.0,0.0,0.0,27
2023-05-10 09:08:28,OI311P9300,OI311P9300,1129.0,0.0,0.0,0.0,10,740.0,1790.5,1,1129.0,0.0,0.0,0.0,0.0,0.0,27
2023-05-10 09:08:29,OI311P9300,OI311P9300,1129.0,0.0,0.0,0.0,1,741.5,1790.5,1,1129.0,0.0,0.0,0.0,0.0,0.0,27
2023-05-10 09:08:29,OI311P9300,OI311P9300,1129.0,0.0,0.0,0.0,10,742.0,1790.5,1,1129.0,0.0,0.0,0.0,0.0,0.0,27
2023-05-10 09:08:30,OI311P9300,OI311P9300,1129.0,0.0,0.0,0.0,1,743.5,1790.5,1,1129.0,0.0,0.0,0.0,0.0,0.0,27
2023-05-10 09:08:30,OI311P9300,OI311P9300,1129.0,0.0,0.0,0.0,10,744.0,1790.5,1,1129.0,0.0,0.0,0.0,0.0,0.0,27
2023-05-10 09:08:31,OI311P9300,OI311P9300,1129.0,0.0,0.0,0.0,1,745.5,1790.5,1,1129.0,0.0,0.0,0.0,0.0,0.0,27
2023-05-10 09:08:31,OI311P9300,OI311P9300,1129.0,0.0,0.0,0.0,10,746.0,1790.5,1,1129.0,0.0,0.0,0.0,0.0,0.0,27
2023-05-10 09:08:32,OI311P9300,OI311P9300,1129.0,0.0,0.0,0.0,1,747.5,1790.5,1,1129.0,0.0,0.0,0.0,0.0,0.0,27
2023-05-10 09:08:32,OI311P9300,OI311P9300,1129.0,0.0,0.0,0.0,10,748.0,1790.5,1,1129.0,0.0,0.0,0.0,0.0,0.0,27
2023-05-10 09:08:33,OI311P9300,OI311P9300,1129.0,0.0,0.0,0.0,1,749.5,1790.5,1,1129.0,0.0,0.0,0.0,0.0,0.0,27
2023-05-10 09:08:33,OI311P9300,OI311P9300,1129.0,0.0,0.0,0.0,10,750.0,1790.5,1,1129.0,0.0,0.0,0.0,0.0,0.0,27
2023-05-10 09:08:35,OI311P9300,OI311P9300,1129.0,0.0,0.0,0.0,1,751.5,1790.5,1,1129.0,0.0,0.0,0.0,0.0,0.0,27
2023-05-10 09:08:35,OI311P9300,OI311P9300,1129.0,0.0,0.0,0.0,10,752.0,1790.5,1,1129.0,0.0,0.0,0.0,0.0,0.0,27
2023-05-10 09:08:36,OI311P9300,OI311P9300,1129.0,0.0,0.0,0.0,1,753.5,1790.5,1,1129.0,0.0,0.0,0.0,0.0,0.0,27
2023-05-10 09:08:36,OI311P9300,OI311P9300,1129.0,0.0,0.0,0.0,10,754.0,1790.5,1,1129.0,0.0,0.0,0.0,0.0,0.0,27
2023-05-10 09:08:38,OI311P9300,OI311P9300,1129.0,0.0,0.0,0.0,1,755.5,1790.5,1,1129.0,0.0,0.0,0.0,0.0,0.0,27
2023-05-10 09:08:38,OI311P9300,OI311P9300,1129.0,0.0,0.0,0.0,10,756.0,1790.5,1,1129.0,0.0,0.0,0.0,0.0,0.0,27
2023-05-10 09:08:39,OI311P9300,OI311P9300,1129.0,0.0,0.0,0.0,1,757.5,1790.5,1,1129.0,0.0,0.0,0.0,0.0,0.0,27
2023-05-10 09:08:39,OI311P9300,OI311P9300,1129.0,0.0,0.0,0.0,10,758.0,1790.5,1,1129.0,0.0,0.0,0.0,0.0,0.0,27
2023-05-10 09:08:42,OI311P9300,OI311P9300,1129.0,0.0,0.0,0.0,1,759.5,1790.5,1,1129.0,0.0,0.0,0.0,0.0,0.0,27
2023-05-10 09:08:42,OI311P9300,OI311P9300,1129.0,0.0,0.0,0.0,10,760.0,1790.5,1,1129.0,0.0,0.0,0.0,0.0,0.0,27
2023-05-10 09:08:43,OI311P9300,OI311P9300,1129.0,0.0,0.0,0.0,1,761.5,1790.5,1,1129.0,0.0,0.0,0.0,0.0,0.0,27
2023-05-10 09:08:43,OI311P9300,OI311P9300,1129.0,0.0,0.0,0.0,10,762.0,1790.5,1,1129.0,0.0,0.0,0.0,0.0,0.0,27
2023-05-10 09:08:44,OI311P9300,OI311P9300,1129.0,0.0,0.0,0.0,1,763.5,1790.5,1,1129.0,0.0,0.0,0.0,0.0,0.0,27
2023-05-10 09:08:44,OI311P9300,OI311P9300,1129.0,0.0,0.0,0.0,10,764.0,1790.5,1,1129.0,0.0,0.0,0.0,0.0,0.0,27
2023-05-10 09:08:45,OI311P9300,OI311P9300,1129.0,0.0,0.0,0.0,1,765.5,1790.5,1,1129.0,0.0,0.0,0.0,0.0,0.0,27
2023-05-10 09:08:45,OI311P9300,OI311P9300,1129.0,0.0,0.0,0.0,10,766.0,1790.5,1,1129.0,0.0,0.0,0.0,0.0,0.0,27
2023-05-10 09:08:50,OI311P9300,OI311P9300,1129.0,0.0,0.0,0.0,1,767.5,1790.5,1,1129.0,0.0,0.0,0.0,0.0,0.0,27
2023-05-10 09:08:50,OI311P9300,OI311P9300,1129.0,0.0,0.0,0.0,10,768.0,1790.5,1,1129.0,0.0,0.0,0.0,0.0,0.0,27
2023-05-10 09:08:52,OI311P9300,OI311P9300,1129.0,0.0,0.0,0.0,1,769.5,1790.5,1,1129.0,0.0,0.0,0.0,0.0,0.0,27
2023-05-10 09:08:53,OI311P9300,OI311P9300,1129.0,0.0,0.0,0.0,10,770.0,1790.5,1,1129.0,0.0,0.0,0.0,0.0,0.0,27
2023-05-10 09:08:58,OI311P9300,OI311P9300,1129.0,0.0,0.0,0.0,1,771.5,1790.5,1,1129.0,0.0,0.0,0.0,0.0,0.0,27
2023-05-10 09:08:59,OI311P9300,OI311P9300,1129.0,0.0,0.0,0.0,10,772.0,1790.5,1,1129.0,0.0,0.0,0.0,0.0,0.0,27
2023-05-10 09:09:02,OI311P9300,OI311P9300,1129.0,0.0,0.0,0.0,1,773.5,1790.5,1,1129.0,0.0,0.0,0.0,0.0,0.0,27
2023-05-10 09:09:03,OI311P9300,OI311P9300,1129.0,0.0,0.0,0.0,10,774.0,1790.5,1,1129.0,0.0,0.0,0.0,0.0,0.0,27
2023-05-10 09:09:08,OI311P9300,OI311P9300,1129.0,0.0,0.0,0.0,1,775.5,1790.5,1,1129.0,0.0,0.0,0.0,0.0,0.0,27
2023-05-10 09:09:08,OI311P9300,OI311P9300,1129.0,0.0,0.0,0.0,10,776.0,1790.5,1,1129.0,0.0,0.0,0.0,0.0,0.0,27
2023-05-10 09:09:12,OI311P9300,OI311P9300,1129.0,0.0,0.0,0.0,1,777.5,1790.5,1,1129.0,0.0,0.0,0.0,0.0,0.0,27
2023-05-10 09:09:12,OI311P9300,OI311P9300,1129.0,0.0,0.0,0.0,10,778.0,1790.5,1,1129.0,0.0,0.0,0.0,0.0,0.0,27
2023-05-10 09:09:16,OI311P9300,OI311P9300,1129.0,0.0,0.0,0.0,1,779.5,1790.5,1,1129.0,0.0,0.0,0.0,0.0,0.0,27
2023-05-10 09:09:17,OI311P9300,OI311P9300,1129.0,0.0,0.0,0.0,10,780.0,1790.5,1,1129.0,0.0,0.0,0.0,0.0,0.0,27
2023-05-10 09:09:22,OI311P9300,OI311P9300,1129.0,0.0,0.0,0.0,1,781.5,1790.5,1,1129.0,0.0,0.0,0.0,0.0,0.0,27
2023-05-10 09:09:23,OI311P9300,OI311P9300,1129.0,0.0,0.0,0.0,10,782.0,1790.5,1,1129.0,0.0,0.0,0.0,0.0,0.0,27
2023-05-10 09:09:23,OI311P9300,OI311P9300,1129.0,0.0,0.0,0.0,1,783.5,1790.5,1,1129.0,0.0,0.0,0.0,0.0,0.0,27
2023-05-10 09:09:23,OI311P9300,OI311P9300,1129.0,0.0,0.0,0.0,10,784.0,1790.5,1,1129.0,0.0,0.0,0.0,0.0,0.0,27
2023-05-10 09:09:31,OI311P9300,OI311P9300,1129.0,0.0,0.0,0.0,1,785.5,1790.5,1,1129.0,0.0,0.0,0.0,0.0,0.0,27
2023-05-10 09:09:32,OI311P9300,OI311P9300,1129.0,0.0,0.0,0.0,10,786.0,1790.5,1,1129.0,0.0,0.0,0.0,0.0,0.0,27
2023-05-10 09:09:36,OI311P9300,OI311P9300,1129.0,0.0,0.0,0.0,1,787.5,1790.5,1,1129.0,0.0,0.0,0.0,0.0,0.0,27
2023-05-10 09:09:36,OI311P9300,OI311P9300,1129.0,0.0,0.0,0.0,10,788.0,1790.5,1,1129.0,0.0,0.0,0.0,0.0,0.0,27
2023-05-10 09:09:37,OI311P9300,OI311P9300,1129.0,0.0,0.0,0.0,1,789.5,1790.5,1,1129.0,0.0,0.0,0.0,0.0,0.0,27
2023-05-10 09:09:37,OI311P9300,OI311P9300,1129.0,0.0,0.0,0.0,10,790.0,1790.5,1,1129.0,0.0,0.0,0.0,0.0,0.0,27
2023-05-10 09:09:37,OI311P9300,OI311P9300,1129.0,0.0,0.0,0.0,1,789.5,1790.5,1,1129.0,0.0,0.0,0.0,0.0,0.0,27
2023-05-10 09:09:41,OI311P9300,OI311P9300,1129.0,0.0,0.0,0.0,1,791.5,1790.5,1,1129.0,0.0,0.0,0.0,0.0,0.0,27
2023-05-10 09:09:41,OI311P9300,OI311P9300,1129.0,0.0,0.0,0.0,10,792.0,1790.5,1,1129.0,0.0,0.0,0.0,0.0,0.0,27
2023-05-10 09:09:45,OI311P9300,OI311P9300,1129.0,0.0,0.0,0.0,1,793.5,1790.5,1,1129.0,0.0,0.0,0.0,0.0,0.0,27
2023-05-10 09:09:45,OI311P9300,OI311P9300,1129.0,0.0,0.0,0.0,10,794.0,1790.5,1,1129.0,0.0,0.0,0.0,0.0,0.0,27
2023-05-10 09:09:48,OI311P9300,OI311P9300,1129.0,0.0,0.0,0.0,1,795.5,1790.5,1,1129.0,0.0,0.0,0.0,0.0,0.0,27
2023-05-10 09:09:48,OI311P9300,OI311P9300,1129.0,0.0,0.0,0.0,10,796.0,1790.5,1,1129.0,0.0,0.0,0.0,0.0,0.0,27
2023-05-10 09:09:48,OI311P9300,OI311P9300,1129.0,0.0,0.0,0.0,1,795.5,1790.5,1,1129.0,0.0,0.0,0.0,0.0,0.0,27
2023-05-10 09:09:48,OI311P9300,OI311P9300,1129.0,0.0,0.0,0.0,10,796.0,1790.5,1,1129.0,0.0,0.0,0.0,0.0,0.0,27
2023-05-10 09:09:51,OI311P9300,OI311P9300,1129.0,0.0,0.0,0.0,1,797.5,1790.5,1,1129.0,0.0,0.0,0.0,0.0,0.0,27
2023-05-10 09:09:51,OI311P9300,OI311P9300,1129.0,0.0,0.0,0.0,10,798.0,1790.5,1,1129.0,0.0,0.0,0.0,0.0,0.0,27
2023-05-10 09:09:54,OI311P9300,OI311P9300,1129.0,0.0,0.0,0.0,1,799.5,1790.5,1,1129.0,0.0,0.0,0.0,0.0,0.0,27
2023-05-10 09:09:54,OI311P9300,OI311P9300,1129.0,0.0,0.0,0.0,10,800.0,1790.5,1,1129.0,0.0,0.0,0.0,0.0,0.0,27
2023-05-10 09:09:55,OI311P9300,OI311P9300,1129.0,0.0,0.0,0.0,1,801.5,1790.5,1,1129.0,0.0,0.0,0.0,0.0,0.0,27
2023-05-10 09:09:55,OI311P9300,OI311P9300,1129.0,0.0,0.0,0.0,10,802.0,1790.5,1,1129.0,0.0,0.0,0.0,0.0,0.0,27
2023-05-10 09:23:46,OI311P9300,OI311P9300,1129.0,0.0,0.0,0.0,1,803.5,1790.5,1,1129.0,0.0,0.0,0.0,0.0,0.0,27
2023-05-10 09:23:46,OI311P9300,OI311P9300,1129.0,0.0,0.0,0.0,10,804.0,1790.5,1,1129.0,0.0,0.0,0.0,0.0,0.0,27
2023-05-10 09:23:47,OI311P9300,OI311P9300,1129.0,0.0,0.0,0.0,1,805.5,1790.5,1,1129.0,0.0,0.0,0.0,0.0,0.0,27
2023-05-10 09:23:47,OI311P9300,OI311P9300,1129.0,0.0,0.0,0.0,10,806.0,1790.5,1,1129.0,0.0,0.0,0.0,0.0,0.0,27
2023-05-10 09:23:48,OI311P9300,OI311P9300,1129.0,0.0,0.0,0.0,1,807.5,1790.5,1,1129.0,0.0,0.0,0.0,0.0,0.0,27
2023-05-10 09:23:48,OI311P9300,OI311P9300,1129.0,0.0,0.0,0.0,10,808.0,1790.5,1,1129.0,0.0,0.0,0.0,0.0,0.0,27
2023-05-10 09:23:49,OI311P9300,OI311P9300,1129.0,0.0,0.0,0.0,1,809.5,1790.5,1,1129.0,0.0,0.0,0.0,0.0,0.0,27
2023-05-10 09:23:49,OI311P9300,OI311P9300,1129.0,0.0,0.0,0.0,10,810.0,1790.5,1,1129.0,0.0,0.0,0.0,0.0,0.0,27
2023-05-10 09:23:50,OI311P9300,OI311P9300,1129.0,0.0,0.0,0.0,1,811.5,1790.5,1,1129.0,0.0,0.0,0.0,0.0,0.0,27
2023-05-10 09:23:50,OI311P9300,OI311P9300,1129.0,0.0,0.0,0.0,10,812.0,1790.5,1,1129.0,0.0,0.0,0.0,0.0,0.0,27
2023-05-10 09:23:51,OI311P9300,OI311P9300,1129.0,0.0,0.0,0.0,1,813.5,1790.5,1,1129.0,0.0,0.0,0.0,0.0,0.0,27
2023-05-10 09:23:52,OI311P9300,OI311P9300,1129.0,0.0,0.0,0.0,10,814.0,1790.5,1,1129.0,0.0,0.0,0.0,0.0,0.0,27
2023-05-10 09:23:52,OI311P9300,OI311P9300,1129.0,0.0,0.0,0.0,1,815.5,1790.5,1,1129.0,0.0,0.0,0.0,0.0,0.0,27
2023-05-10 09:23:53,OI311P9300,OI311P9300,1129.0,0.0,0.0,0.0,10,816.0,1790.5,1,1129.0,0.0,0.0,0.0,0.0,0.0,27
2023-05-10 09:23:53,OI311P9300,OI311P9300,1129.0,0.0,0.0,0.0,1,817.5,1790.5,1,1129.0,0.0,0.0,0.0,0.0,0.0,27
2023-05-10 09:23:54,OI311P9300,OI311P9300,1129.0,0.0,0.0,0.0,10,818.0,1790.5,1,1129.0,0.0,0.0,0.0,0.0,0.0,27
2023-05-10 09:23:54,OI311P9300,OI311P9300,1129.0,0.0,0.0,0.0,1,819.5,1790.5,1,1129.0,0.0,0.0,0.0,0.0,0.0,27
2023-05-10 09:23:55,OI311P9300,OI311P9300,1129.0,0.0,0.0,0.0,10,820.0,1790.5,1,1129.0,0.0,0.0,0.0,0.0,0.0,27
2023-05-10 09:23:55,OI311P9300,OI311P9300,1129.0,0.0,0.0,0.0,1,821.5,1790.5,1,1129.0,0.0,0.0,0.0,0.0,0.0,27
2023-05-10 09:23:56,OI311P9300,OI311P9300,1129.0,0.0,0.0,0.0,10,822.0,1790.5,1,1129.0,0.0,0.0,0.0,0.0,0.0,27
2023-05-10 09:23:56,OI311P9300,OI311P9300,1129.0,0.0,0.0,0.0,1,823.5,1790.5,1,1129.0,0.0,0.0,0.0,0.0,0.0,27
2023-05-10 09:23:57,OI311P9300,OI311P9300,1129.0,0.0,0.0,0.0,10,824.0,1790.5,1,1129.0,0.0,0.0,0.0,0.0,0.0,27
2023-05-10 09:43:46,OI311P9300,OI311P9300,1129.0,0.0,0.0,0.0,1,825.5,1790.5,1,1129.0,0.0,0.0,0.0,0.0,0.0,27
2023-05-10 09:43:46,OI311P9300,OI311P9300,1129.0,0.0,0.0,0.0,10,826.0,1790.5,1,1129.0,0.0,0.0,0.0,0.0,0.0,27
2023-05-10 09:43:47,OI311P9300,OI311P9300,1129.0,0.0,0.0,0.0,1,827.5,1790.5,1,1129.0,0.0,0.0,0.0,0.0,0.0,27
2023-05-10 09:43:47,OI311P9300,OI311P9300,1129.0,0.0,0.0,0.0,10,828.0,1790.5,1,1129.0,0.0,0.0,0.0,0.0,0.0,27
2023-05-10 09:43:48,OI311P9300,OI311P9300,1129.0,0.0,0.0,0.0,1,829.5,1790.5,1,1129.0,0.0,0.0,0.0,0.0,0.0,27
2023-05-10 09:43:48,OI311P9300,OI311P9300,1129.0,0.0,0.0,0.0,10,830.0,1790.5,1,1129.0,0.0,0.0,0.0,0.0,0.0,27
2023-05-10 09:43:49,OI311P9300,OI311P9300,1129.0,0.0,0.0,0.0,1,831.5,1790.5,1,1129.0,0.0,0.0,0.0,0.0,0.0,27
2023-05-10 09:43:49,OI311P9300,OI311P9300,1129.0,0.0,0.0,0.0,10,832.0,1790.5,1,1129.0,0.0,0.0,0.0,0.0,0.0,27
2023-05-10 09:43:50,OI311P9300,OI311P9300,1129.0,0.0,0.0,0.0,1,833.5,1790.5,1,1129.0,0.0,0.0,0.0,0.0,0.0,27
2023-05-10 09:43:50,OI311P9300,OI311P9300,1129.0,0.0,0.0,0.0,10,834.0,1790.5,1,1129.0,0.0,0.0,0.0,0.0,0.0,27
2023-05-10 09:43:51,OI311P9300,OI311P9300,1129.0,0.0,0.0,0.0,1,835.5,1790.5,1,1129.0,0.0,0.0,0.0,0.0,0.0,27
2023-05-10 09:43:51,OI311P9300,OI311P9300,1129.0,0.0,0.0,0.0,10,836.0,1790.5,1,1129.0,0.0,0.0,0.0,0.0,0.0,27
2023-05-10 09:43:52,OI311P9300,OI311P9300,1129.0,0.0,0.0,0.0,1,837.5,1790.5,1,1129.0,0.0,0.0,0.0,0.0,0.0,27
2023-05-10 09:43:52,OI311P9300,OI311P9300,1129.0,0.0,0.0,0.0,10,838.0,1790.5,1,1129.0,0.0,0.0,0.0,0.0,0.0,27
2023-05-10 09:43:53,OI311P9300,OI311P9300,1129.0,0.0,0.0,0.0,1,839.5,1790.5,1,1129.0,0.0,0.0,0.0,0.0,0.0,27
2023-05-10 09:43:53,OI311P9300,OI311P9300,1129.0,0.0,0.0,0.0,10,840.0,1790.5,1,1129.0,0.0,0.0,0.0,0.0,0.0,27
2023-05-10 09:43:54,OI311P9300,OI311P9300,1129.0,0.0,0.0,0.0,1,841.5,1790.5,1,1129.0,0.0,0.0,0.0,0.0,0.0,27
2023-05-10 09:43:54,OI311P9300,OI311P9300,1129.0,0.0,0.0,0.0,10,842.0,1790.5,1,1129.0,0.0,0.0,0.0,0.0,0.0,27
2023-05-10 09:43:55,OI311P9300,OI311P9300,1129.0,0.0,0.0,0.0,1,843.5,1790.5,1,1129.0,0.0,0.0,0.0,0.0,0.0,27
2023-05-10 09:43:55,OI311P9300,OI311P9300,1129.0,0.0,0.0,0.0,10,844.0,1790.5,1,1129.0,0.0,0.0,0.0,0.0,0.0,27
2023-05-10 10:03:46,OI311P9300,OI311P9300,1129.0,0.0,0.0,0.0,1,845.5,1790.5,1,1129.0,0.0,0.0,0.0,0.0,0.0,27
2023-05-10 10:03:46,OI311P9300,OI311P9300,1129.0,0.0,0.0,0.0,10,846.0,1790.5,1,1129.0,0.0,0.0,0.0,0.0,0.0,27
2023-05-10 10:03:47,OI311P9300,OI311P9300,1129.0,0.0,0.0,0.0,1,847.5,1790.5,1,1129.0,0.0,0.0,0.0,0.0,0.0,27
2023-05-10 10:03:47,OI311P9300,OI311P9300,1129.0,0.0,0.0,0.0,10,848.0,1790.5,1,1129.0,0.0,0.0,0.0,0.0,0.0,27
2023-05-10 10:03:48,OI311P9300,OI311P9300,1129.0,0.0,0.0,0.0,1,849.5,1790.5,1,1129.0,0.0,0.0,0.0,0.0,0.0,27
2023-05-10 10:03:48,OI311P9300,OI311P9300,1129.0,0.0,0.0,0.0,10,850.0,1790.5,1,1129.0,0.0,0.0,0.0,0.0,0.0,27
2023-05-10 10:03:49,OI311P9300,OI311P9300,1129.0,0.0,0.0,0.0,1,851.5,1790.5,1,1129.0,0.0,0.0,0.0,0.0,0.0,27
2023-05-10 10:03:49,OI311P9300,OI311P9300,1129.0,0.0,0.0,0.0,10,852.0,1790.5,1,1129.0,0.0,0.0,0.0,0.0,0.0,27
2023-05-10 10:03:50,OI311P9300,OI311P9300,1129.0,0.0,0.0,0.0,1,853.5,1790.5,1,1129.0,0.0,0.0,0.0,0.0,0.0,27
2023-05-10 10:03:50,OI311P9300,OI311P9300,1129.0,0.0,0.0,0.0,10,854.0,1790.5,1,1129.0,0.0,0.0,0.0,0.0,0.0,27
2023-05-10 10:03:51,OI311P9300,OI311P9300,1129.0,0.0,0.0,0.0,1,855.5,1790.5,1,1129.0,0.0,0.0,0.0,0.0,0.0,27
2023-05-10 10:03:51,OI311P9300,OI311P9300,1129.0,0.0,0.0,0.0,10,856.0,1790.5,1,1129.0,0.0,0.0,0.0,0.0,0.0,27
2023-05-10 10:03:52,OI311P9300,OI311P9300,1129.0,0.0,0.0,0.0,1,857.5,1790.5,1,1129.0,0.0,0.0,0.0,0.0,0.0,27
2023-05-10 10:03:52,OI311P9300,OI311P9300,1129.0,0.0,0.0,0.0,10,858.0,1790.5,1,1129.0,0.0,0.0,0.0,0.0,0.0,27
2023-05-10 10:03:53,OI311P9300,OI311P9300,1129.0,0.0,0.0,0.0,1,859.5,1790.5,1,1129.0,0.0,0.0,0.0,0.0,0.0,27
2023-05-10 10:08:29,OI311P9300,OI311P9300,1129.0,0.0,0.0,0.0,10,860.0,1790.5,1,1129.0,0.0,0.0,0.0,0.0,0.0,27
2023-05-10 10:08:30,OI311P9300,OI311P9300,1129.0,0.0,0.0,0.0,1,861.5,1790.5,1,1129.0,0.0,0.0,0.0,0.0,0.0,27
2023-05-10 10:08:30,OI311P9300,OI311P9300,1129.0,0.0,0.0,0.0,10,862.0,1790.5,1,1129.0,0.0,0.0,0.0,0.0,0.0,27
2023-05-10 10:08:31,OI311P9300,OI311P9300,1129.0,0.0,0.0,0.0,1,863.5,1790.5,1,1129.0,0.0,0.0,0.0,0.0,0.0,27
2023-05-10 10:08:31,OI311P9300,OI311P9300,1129.0,0.0,0.0,0.0,10,864.0,1790.5,1,1129.0,0.0,0.0,0.0,0.0,0.0,27
2023-05-10 10:14:33,OI311P9300,OI311P9300,1129.0,0.0,0.0,0.0,0,0.0,1790.5,1,1129.0,0.0,0.0,0.0,0.0,0.0,27
2023-05-10 10:30:00,OI311P9300,OI311P9300,1129.0,0.0,0.0,0.0,0,0.0,0.0,0,1129.0,0.0,0.0,0.0,0.0,0.0,27
2023-05-10 10:32:03,OI311P9300,OI311P9300,1129.0,0.0,0.0,0.0,10,468.0,1790.5,1,1129.0,0.0,0.0,0.0,0.0,0.0,27
2023-05-10 10:32:04,OI311P9300,OI311P9300,1129.0,0.0,0.0,0.0,1,469.5,1790.5,1,1129.0,0.0,0.0,0.0,0.0,0.0,27
2023-05-10 10:32:05,OI311P9300,OI311P9300,1129.0,0.0,0.0,0.0,10,470.0,1790.5,1,1129.0,0.0,0.0,0.0,0.0,0.0,27
2023-05-10 10:32:05,OI311P9300,OI311P9300,1129.0,0.0,0.0,0.0,1,471.5,1790.5,1,1129.0,0.0,0.0,0.0,0.0,0.0,27
2023-05-10 10:32:06,OI311P9300,OI311P9300,1129.0,0.0,0.0,0.0,10,472.0,1790.5,1,1129.0,0.0,0.0,0.0,0.0,0.0,27
2023-05-10 10:32:06,OI311P9300,OI311P9300,1129.0,0.0,0.0,0.0,1,473.5,1790.5,1,1129.0,0.0,0.0,0.0,0.0,0.0,27
2023-05-10 10:32:07,OI311P9300,OI311P9300,1129.0,0.0,0.0,0.0,10,474.0,1790.5,1,1129.0,0.0,0.0,0.0,0.0,0.0,27
2023-05-10 10:32:07,OI311P9300,OI311P9300,1129.0,0.0,0.0,0.0,1,475.5,1790.5,1,1129.0,0.0,0.0,0.0,0.0,0.0,27
2023-05-10 10:32:08,OI311P9300,OI311P9300,1129.0,0.0,0.0,0.0,10,476.0,1790.5,1,1129.0,0.0,0.0,0.0,0.0,0.0,27
2023-05-10 10:32:08,OI311P9300,OI311P9300,1129.0,0.0,0.0,0.0,1,477.5,1790.5,1,1129.0,0.0,0.0,0.0,0.0,0.0,27
2023-05-10 10:32:09,OI311P9300,OI311P9300,1129.0,0.0,0.0,0.0,10,478.0,1790.5,1,1129.0,0.0,0.0,0.0,0.0,0.0,27
2023-05-10 10:32:09,OI311P9300,OI311P9300,1129.0,0.0,0.0,0.0,1,479.5,1790.5,1,1129.0,0.0,0.0,0.0,0.0,0.0,27
2023-05-10 10:32:10,OI311P9300,OI311P9300,1129.0,0.0,0.0,0.0,10,480.0,1790.5,1,1129.0,0.0,0.0,0.0,0.0,0.0,27
2023-05-10 10:32:10,OI311P9300,OI311P9300,1129.0,0.0,0.0,0.0,1,481.5,1790.5,1,1129.0,0.0,0.0,0.0,0.0,0.0,27
2023-05-10 10:32:11,OI311P9300,OI311P9300,1129.0,0.0,0.0,0.0,10,482.0,1790.5,1,1129.0,0.0,0.0,0.0,0.0,0.0,27
2023-05-10 10:32:11,OI311P9300,OI311P9300,1129.0,0.0,0.0,0.0,1,483.5,1790.5,1,1129.0,0.0,0.0,0.0,0.0,0.0,27
2023-05-10 10:32:12,OI311P9300,OI311P9300,1129.0,0.0,0.0,0.0,10,484.0,1790.5,1,1129.0,0.0,0.0,0.0,0.0,0.0,27
2023-05-10 11:29:32,OI311P9300,OI311P9300,1129.0,0.0,0.0,0.0,0,0.0,1790.5,1,1129.0,0.0,0.0,0.0,0.0,0.0,27
2023-05-10 11:29:53,OI311P9300,OI311P9300,1129.0,0.0,0.0,0.0,0,0.0,0.0,0,1129.0,0.0,0.0,0.0,0.0,0.0,27
