time,symbol_id,symbol_name,last,trade_volume,trade_amount,open_interest_change,bv1,bp1,ap1,av1,yesterday_close,today_open,today_high,today_low,volume,amount,open_interest
2023-05-09 19:10:58,OI311P8500,OI311P8500,536.5,0.0,0.0,0.0,0,0.0,0.0,0,536.5,599.0,0.0,0.0,0.0,0.0,52
2023-05-09 20:59:00,OI311P8500,OI311P8500,536.5,0.0,0.0,0.0,1,0.5,0.0,0,536.5,599.0,0.0,0.0,0.0,0.0,52
2023-05-09 21:00:00,OI311P8500,OI311P8500,536.5,0.0,0.0,0.0,6,3.5,0.0,0,536.5,599.0,0.0,0.0,0.0,0.0,52
2023-05-09 21:00:01,OI311P8500,OI311P8500,536.5,0.0,0.0,0.0,2,402.5,732.0,2,536.5,599.0,0.0,0.0,0.0,0.0,52
2023-05-09 21:00:02,OI311P8500,OI311P8500,536.5,0.0,0.0,0.0,2,402.5,729.0,6,536.5,599.0,0.0,0.0,0.0,0.0,52
2023-05-09 21:00:02,OI311P8500,OI311P8500,536.5,0.0,0.0,0.0,6,405.5,729.0,6,536.5,599.0,0.0,0.0,0.0,0.0,52
2023-05-09 21:00:04,OI311P8500,OI311P8500,536.5,0.0,0.0,0.0,6,405.5,688.0,2,536.5,599.0,0.0,0.0,0.0,0.0,52
2023-05-09 21:00:05,OI311P8500,OI311P8500,536.5,0.0,0.0,0.0,6,405.5,685.0,6,536.5,599.0,0.0,0.0,0.0,0.0,52
2023-05-09 21:00:06,OI311P8500,OI311P8500,536.5,0.0,0.0,0.0,6,449.5,685.0,6,536.5,599.0,0.0,0.0,0.0,0.0,52
2023-05-09 21:00:07,OI311P8500,OI311P8500,536.5,0.0,0.0,0.0,6,449.5,641.0,6,536.5,599.0,0.0,0.0,0.0,0.0,52
2023-05-09 21:00:10,OI311P8500,OI311P8500,536.5,0.0,0.0,0.0,6,449.5,605.0,6,536.5,599.0,0.0,0.0,0.0,0.0,52
2023-05-09 21:00:10,OI311P8500,OI311P8500,536.5,0.0,0.0,0.0,6,449.5,605.5,8,536.5,599.0,0.0,0.0,0.0,0.0,52
2023-05-09 21:00:11,OI311P8500,OI311P8500,536.5,0.0,0.0,0.0,2,490.5,605.5,8,536.5,599.0,0.0,0.0,0.0,0.0,52
2023-05-09 21:00:11,OI311P8500,OI311P8500,536.5,0.0,0.0,0.0,2,490.5,605.5,2,536.5,599.0,0.0,0.0,0.0,0.0,52
2023-05-09 21:00:12,OI311P8500,OI311P8500,536.5,0.0,0.0,0.0,6,493.5,605.5,2,536.5,599.0,0.0,0.0,0.0,0.0,52
2023-05-09 21:00:13,OI311P8500,OI311P8500,536.5,0.0,0.0,0.0,6,493.5,605.0,6,536.5,599.0,0.0,0.0,0.0,0.0,52
2023-05-09 21:00:14,OI311P8500,OI311P8500,536.5,0.0,0.0,0.0,2,534.5,605.0,6,536.5,599.0,0.0,0.0,0.0,0.0,52
2023-05-09 21:00:14,OI311P8500,OI311P8500,536.5,0.0,0.0,0.0,8,534.5,605.0,6,536.5,599.0,0.0,0.0,0.0,0.0,52
2023-05-09 21:00:15,OI311P8500,OI311P8500,536.5,0.0,0.0,0.0,2,534.5,605.0,6,536.5,599.0,0.0,0.0,0.0,0.0,52
2023-05-09 21:00:20,OI311P8500,OI311P8500,536.5,0.0,0.0,0.0,2,398.5,605.0,6,536.5,599.0,0.0,0.0,0.0,0.0,52
2023-05-09 21:00:21,OI311P8500,OI311P8500,536.5,0.0,0.0,0.0,2,442.5,605.0,6,536.5,599.0,0.0,0.0,0.0,0.0,52
2023-05-09 21:00:21,OI311P8500,OI311P8500,536.5,0.0,0.0,0.0,2,486.5,605.0,6,536.5,599.0,0.0,0.0,0.0,0.0,52
2023-05-09 21:00:22,OI311P8500,OI311P8500,536.5,0.0,0.0,0.0,2,530.5,605.0,6,536.5,599.0,0.0,0.0,0.0,0.0,52
2023-05-09 21:00:26,OI311P8500,OI311P8500,536.5,0.0,0.0,0.0,6,532.0,605.0,6,536.5,599.0,0.0,0.0,0.0,0.0,52
2023-05-09 21:00:27,OI311P8500,OI311P8500,536.5,0.0,0.0,0.0,6,531.5,605.0,6,536.5,599.0,0.0,0.0,0.0,0.0,52
2023-05-09 21:00:34,OI311P8500,OI311P8500,536.5,0.0,0.0,0.0,6,531.5,605.5,8,536.5,599.0,0.0,0.0,0.0,0.0,52
2023-05-09 21:00:51,OI311P8500,OI311P8500,536.5,0.0,0.0,0.0,1,541.0,605.5,8,536.5,599.0,0.0,0.0,0.0,0.0,52
2023-05-09 21:00:52,OI311P8500,OI311P8500,536.5,0.0,0.0,0.0,1,541.0,597.5,1,536.5,599.0,0.0,0.0,0.0,0.0,52
2023-05-09 21:01:09,OI311P8500,OI311P8500,536.5,0.0,0.0,0.0,2,565.0,575.5,2,536.5,599.0,0.0,0.0,0.0,0.0,52
2023-05-09 21:01:37,OI311P8500,OI311P8500,536.5,0.0,0.0,0.0,2,565.0,572.5,2,536.5,599.0,0.0,0.0,0.0,0.0,52
2023-05-09 21:01:38,OI311P8500,OI311P8500,536.5,0.0,0.0,0.0,2,560.5,572.5,2,536.5,599.0,0.0,0.0,0.0,0.0,52
2023-05-09 21:02:05,OI311P8500,OI311P8500,536.5,0.0,0.0,0.0,2,560.5,569.5,2,536.5,599.0,0.0,0.0,0.0,0.0,52
2023-05-09 21:02:50,OI311P8500,OI311P8500,536.5,0.0,0.0,0.0,2,560.5,572.5,8,536.5,599.0,0.0,0.0,0.0,0.0,52
2023-05-09 21:02:50,OI311P8500,OI311P8500,536.5,0.0,0.0,0.0,2,563.5,572.5,2,536.5,599.0,0.0,0.0,0.0,0.0,52
2023-05-09 21:04:29,OI311P8500,OI311P8500,536.5,0.0,0.0,0.0,6,564.0,572.5,2,536.5,599.0,0.0,0.0,0.0,0.0,52
2023-05-09 21:04:29,OI311P8500,OI311P8500,536.5,0.0,0.0,0.0,12,564.0,572.5,2,536.5,599.0,0.0,0.0,0.0,0.0,52
2023-05-09 21:04:40,OI311P8500,OI311P8500,536.5,0.0,0.0,0.0,6,566.0,572.5,2,536.5,599.0,0.0,0.0,0.0,0.0,52
2023-05-09 21:04:40,OI311P8500,OI311P8500,536.5,0.0,0.0,0.0,12,566.0,572.5,2,536.5,599.0,0.0,0.0,0.0,0.0,52
2023-05-09 21:04:43,OI311P8500,OI311P8500,536.5,0.0,0.0,0.0,14,566.0,576.0,6,536.5,599.0,0.0,0.0,0.0,0.0,52
2023-05-09 21:04:44,OI311P8500,OI311P8500,536.5,0.0,0.0,0.0,6,568.0,578.0,6,536.5,599.0,0.0,0.0,0.0,0.0,52
2023-05-09 21:04:44,OI311P8500,OI311P8500,536.5,0.0,0.0,0.0,12,568.0,578.0,6,536.5,599.0,0.0,0.0,0.0,0.0,52
2023-05-09 21:04:45,OI311P8500,OI311P8500,536.5,0.0,0.0,0.0,12,568.0,576.5,2,536.5,599.0,0.0,0.0,0.0,0.0,52
2023-05-09 21:04:53,OI311P8500,OI311P8500,536.5,0.0,0.0,0.0,14,566.0,576.0,6,536.5,599.0,0.0,0.0,0.0,0.0,52
2023-05-09 21:05:06,OI311P8500,OI311P8500,536.5,0.0,0.0,0.0,20,566.0,576.0,6,536.5,599.0,0.0,0.0,0.0,0.0,52
2023-05-09 21:05:25,OI311P8500,OI311P8500,536.5,0.0,0.0,0.0,20,566.0,574.0,2,536.5,599.0,0.0,0.0,0.0,0.0,52
2023-05-09 21:05:28,OI311P8500,OI311P8500,536.5,0.0,0.0,0.0,14,566.0,574.0,2,536.5,599.0,0.0,0.0,0.0,0.0,52
2023-05-09 21:05:30,OI311P8500,OI311P8500,536.5,0.0,0.0,0.0,20,566.0,574.0,2,536.5,599.0,0.0,0.0,0.0,0.0,52
2023-05-09 21:05:38,OI311P8500,OI311P8500,536.5,0.0,0.0,0.0,6,568.0,574.0,2,536.5,599.0,0.0,0.0,0.0,0.0,52
2023-05-09 21:05:38,OI311P8500,OI311P8500,536.5,0.0,0.0,0.0,12,568.0,574.0,2,536.5,599.0,0.0,0.0,0.0,0.0,52
2023-05-09 21:05:42,OI311P8500,OI311P8500,536.5,0.0,0.0,0.0,6,570.0,574.0,2,536.5,599.0,0.0,0.0,0.0,0.0,52
2023-05-09 21:05:49,OI311P8500,OI311P8500,536.5,0.0,0.0,0.0,6,570.0,576.5,2,536.5,599.0,0.0,0.0,0.0,0.0,52
2023-05-09 21:05:51,OI311P8500,OI311P8500,536.5,0.0,0.0,0.0,12,570.0,576.5,2,536.5,599.0,0.0,0.0,0.0,0.0,52
2023-05-09 21:05:57,OI311P8500,OI311P8500,536.5,0.0,0.0,0.0,12,569.5,576.5,2,536.5,599.0,0.0,0.0,0.0,0.0,52
2023-05-09 21:06:02,OI311P8500,OI311P8500,536.5,0.0,0.0,0.0,12,568.0,576.5,2,536.5,599.0,0.0,0.0,0.0,0.0,52
2023-05-09 21:06:03,OI311P8500,OI311P8500,536.5,0.0,0.0,0.0,12,567.5,576.5,8,536.5,599.0,0.0,0.0,0.0,0.0,52
2023-05-09 21:06:04,OI311P8500,OI311P8500,536.5,0.0,0.0,0.0,6,567.5,574.0,2,536.5,599.0,0.0,0.0,0.0,0.0,52
2023-05-09 21:06:05,OI311P8500,OI311P8500,536.5,0.0,0.0,0.0,2,566.0,574.0,2,536.5,599.0,0.0,0.0,0.0,0.0,52
2023-05-09 21:06:11,OI311P8500,OI311P8500,536.5,0.0,0.0,0.0,12,566.5,574.0,2,536.5,599.0,0.0,0.0,0.0,0.0,52
2023-05-09 21:06:18,OI311P8500,OI311P8500,536.5,0.0,0.0,0.0,6,569.0,574.0,2,536.5,599.0,0.0,0.0,0.0,0.0,52
2023-05-09 21:06:18,OI311P8500,OI311P8500,536.5,0.0,0.0,0.0,12,569.0,574.0,2,536.5,599.0,0.0,0.0,0.0,0.0,52
2023-05-09 21:06:21,OI311P8500,OI311P8500,536.5,0.0,0.0,0.0,18,569.0,574.0,2,536.5,599.0,0.0,0.0,0.0,0.0,52
2023-05-09 21:06:22,OI311P8500,OI311P8500,536.5,0.0,0.0,0.0,18,569.0,576.5,2,536.5,599.0,0.0,0.0,0.0,0.0,52
2023-05-09 21:06:48,OI311P8500,OI311P8500,536.5,0.0,0.0,0.0,12,569.0,576.5,2,536.5,599.0,0.0,0.0,0.0,0.0,52
2023-05-09 21:06:49,OI311P8500,OI311P8500,536.5,0.0,0.0,0.0,12,569.5,576.5,2,536.5,599.0,0.0,0.0,0.0,0.0,52
2023-05-09 21:06:55,OI311P8500,OI311P8500,536.5,0.0,0.0,0.0,18,569.5,576.5,2,536.5,599.0,0.0,0.0,0.0,0.0,52
2023-05-09 21:07:08,OI311P8500,OI311P8500,536.5,0.0,0.0,0.0,12,569.5,576.5,2,536.5,599.0,0.0,0.0,0.0,0.0,52
2023-05-09 21:07:11,OI311P8500,OI311P8500,536.5,0.0,0.0,0.0,18,569.5,576.5,2,536.5,599.0,0.0,0.0,0.0,0.0,52
2023-05-09 21:07:21,OI311P8500,OI311P8500,536.5,0.0,0.0,0.0,6,571.5,576.5,2,536.5,599.0,0.0,0.0,0.0,0.0,52
2023-05-09 21:07:21,OI311P8500,OI311P8500,536.5,0.0,0.0,0.0,12,571.5,576.5,2,536.5,599.0,0.0,0.0,0.0,0.0,52
2023-05-09 21:07:25,OI311P8500,OI311P8500,536.5,0.0,0.0,0.0,12,571.5,580.5,2,536.5,599.0,0.0,0.0,0.0,0.0,52
2023-05-09 21:07:44,OI311P8500,OI311P8500,536.5,0.0,0.0,0.0,18,571.5,580.5,2,536.5,599.0,0.0,0.0,0.0,0.0,52
2023-05-09 21:07:53,OI311P8500,OI311P8500,536.5,0.0,0.0,0.0,12,571.5,579.5,6,536.5,599.0,0.0,0.0,0.0,0.0,52
2023-05-09 21:07:59,OI311P8500,OI311P8500,536.5,0.0,0.0,0.0,2,571.0,579.5,6,536.5,599.0,0.0,0.0,0.0,0.0,52
2023-05-09 21:08:00,OI311P8500,OI311P8500,536.5,0.0,0.0,0.0,2,571.0,578.0,2,536.5,599.0,0.0,0.0,0.0,0.0,52
2023-05-09 21:08:29,OI311P8500,OI311P8500,536.5,0.0,0.0,0.0,8,571.0,578.0,8,536.5,599.0,0.0,0.0,0.0,0.0,52
2023-05-09 21:08:30,OI311P8500,OI311P8500,536.5,0.0,0.0,0.0,2,571.0,578.0,8,536.5,599.0,0.0,0.0,0.0,0.0,52
2023-05-09 21:08:37,OI311P8500,OI311P8500,536.5,0.0,0.0,0.0,6,570.0,578.0,8,536.5,599.0,0.0,0.0,0.0,0.0,52
2023-05-09 21:08:37,OI311P8500,OI311P8500,536.5,0.0,0.0,0.0,12,569.5,578.0,8,536.5,599.0,0.0,0.0,0.0,0.0,52
2023-05-09 21:08:38,OI311P8500,OI311P8500,536.5,0.0,0.0,0.0,14,568.5,577.5,12,536.5,599.0,0.0,0.0,0.0,0.0,52
2023-05-09 21:08:46,OI311P8500,OI311P8500,536.5,0.0,0.0,0.0,6,569.5,577.5,6,536.5,599.0,0.0,0.0,0.0,0.0,52
2023-05-09 21:08:47,OI311P8500,OI311P8500,536.5,0.0,0.0,0.0,12,569.5,578.0,8,536.5,599.0,0.0,0.0,0.0,0.0,52
2023-05-09 21:09:01,OI311P8500,OI311P8500,536.5,0.0,0.0,0.0,12,569.5,578.0,2,536.5,599.0,0.0,0.0,0.0,0.0,52
2023-05-09 21:09:02,OI311P8500,OI311P8500,536.5,0.0,0.0,0.0,12,571.5,578.0,8,536.5,599.0,0.0,0.0,0.0,0.0,52
2023-05-09 21:09:03,OI311P8500,OI311P8500,536.5,0.0,0.0,0.0,6,571.5,578.0,8,536.5,599.0,0.0,0.0,0.0,0.0,52
2023-05-09 21:09:05,OI311P8500,OI311P8500,536.5,0.0,0.0,0.0,12,571.5,578.0,2,536.5,599.0,0.0,0.0,0.0,0.0,52
2023-05-09 21:09:06,OI311P8500,OI311P8500,536.5,0.0,0.0,0.0,6,571.5,578.0,8,536.5,599.0,0.0,0.0,0.0,0.0,52
2023-05-09 21:09:07,OI311P8500,OI311P8500,536.5,0.0,0.0,0.0,12,571.5,578.0,2,536.5,599.0,0.0,0.0,0.0,0.0,52
2023-05-09 21:09:09,OI311P8500,OI311P8500,536.5,0.0,0.0,0.0,12,571.5,578.0,8,536.5,599.0,0.0,0.0,0.0,0.0,52
2023-05-09 21:09:10,OI311P8500,OI311P8500,536.5,0.0,0.0,0.0,6,571.5,578.0,8,536.5,599.0,0.0,0.0,0.0,0.0,52
2023-05-09 21:09:11,OI311P8500,OI311P8500,536.5,0.0,0.0,0.0,12,571.5,578.0,2,536.5,599.0,0.0,0.0,0.0,0.0,52
2023-05-09 21:09:19,OI311P8500,OI311P8500,536.5,0.0,0.0,0.0,6,571.5,578.0,8,536.5,599.0,0.0,0.0,0.0,0.0,52
2023-05-09 21:09:22,OI311P8500,OI311P8500,536.5,0.0,0.0,0.0,6,571.0,578.0,8,536.5,599.0,0.0,0.0,0.0,0.0,52
2023-05-09 21:09:22,OI311P8500,OI311P8500,536.5,0.0,0.0,0.0,24,569.5,578.0,8,536.5,599.0,0.0,0.0,0.0,0.0,52
2023-05-09 21:09:30,OI311P8500,OI311P8500,536.5,0.0,0.0,0.0,12,569.5,577.5,6,536.5,599.0,0.0,0.0,0.0,0.0,52
2023-05-09 21:09:42,OI311P8500,OI311P8500,536.5,0.0,0.0,0.0,6,569.5,577.5,12,536.5,599.0,0.0,0.0,0.0,0.0,52
2023-05-09 21:09:42,OI311P8500,OI311P8500,536.5,0.0,0.0,0.0,20,568.5,577.5,12,536.5,599.0,0.0,0.0,0.0,0.0,52
2023-05-09 21:10:04,OI311P8500,OI311P8500,536.5,0.0,0.0,0.0,20,568.5,575.5,8,536.5,599.0,0.0,0.0,0.0,0.0,52
2023-05-09 21:10:05,OI311P8500,OI311P8500,536.5,0.0,0.0,0.0,14,568.5,575.5,8,536.5,599.0,0.0,0.0,0.0,0.0,52
2023-05-09 21:10:07,OI311P8500,OI311P8500,536.5,0.0,0.0,0.0,6,568.5,575.5,8,536.5,599.0,0.0,0.0,0.0,0.0,52
2023-05-09 21:10:07,OI311P8500,OI311P8500,536.5,0.0,0.0,0.0,6,567.0,575.5,20,536.5,599.0,0.0,0.0,0.0,0.0,52
2023-05-09 21:10:07,OI311P8500,OI311P8500,536.5,0.0,0.0,0.0,12,566.5,575.5,20,536.5,599.0,0.0,0.0,0.0,0.0,52
2023-05-09 21:10:12,OI311P8500,OI311P8500,536.5,0.0,0.0,0.0,18,566.5,575.5,20,536.5,599.0,0.0,0.0,0.0,0.0,52
2023-05-09 21:10:12,OI311P8500,OI311P8500,536.5,0.0,0.0,0.0,12,567.5,575.5,14,536.5,599.0,0.0,0.0,0.0,0.0,52
2023-05-09 21:10:13,OI311P8500,OI311P8500,536.5,0.0,0.0,0.0,12,567.5,575.5,8,536.5,599.0,0.0,0.0,0.0,0.0,52
2023-05-09 21:10:16,OI311P8500,OI311P8500,536.5,0.0,0.0,0.0,12,567.5,575.5,2,536.5,599.0,0.0,0.0,0.0,0.0,52
2023-05-09 21:10:18,OI311P8500,OI311P8500,536.5,0.0,0.0,0.0,12,567.5,575.5,8,536.5,599.0,0.0,0.0,0.0,0.0,52
2023-05-09 21:10:40,OI311P8500,OI311P8500,536.5,0.0,0.0,0.0,6,567.5,575.5,8,536.5,599.0,0.0,0.0,0.0,0.0,52
2023-05-09 21:10:41,OI311P8500,OI311P8500,536.5,0.0,0.0,0.0,6,567.5,573.0,2,536.5,599.0,0.0,0.0,0.0,0.0,52
2023-05-09 21:10:41,OI311P8500,OI311P8500,536.5,0.0,0.0,0.0,6,566.5,573.0,8,536.5,599.0,0.0,0.0,0.0,0.0,52
2023-05-09 21:10:41,OI311P8500,OI311P8500,536.5,0.0,0.0,0.0,2,566.0,573.0,8,536.5,599.0,0.0,0.0,0.0,0.0,52
2023-05-09 21:10:42,OI311P8500,OI311P8500,536.5,0.0,0.0,0.0,6,565.5,573.0,8,536.5,599.0,0.0,0.0,0.0,0.0,52
2023-05-09 21:10:43,OI311P8500,OI311P8500,536.5,0.0,0.0,0.0,6,564.5,573.0,14,536.5,599.0,0.0,0.0,0.0,0.0,52
2023-05-09 21:10:43,OI311P8500,OI311P8500,536.5,0.0,0.0,0.0,12,564.0,573.0,14,536.5,599.0,0.0,0.0,0.0,0.0,52
2023-05-09 21:10:45,OI311P8500,OI311P8500,536.5,0.0,0.0,0.0,12,563.5,573.0,20,536.5,599.0,0.0,0.0,0.0,0.0,52
2023-05-09 21:10:56,OI311P8500,OI311P8500,536.5,0.0,0.0,0.0,12,563.5,571.0,2,536.5,599.0,0.0,0.0,0.0,0.0,52
2023-05-09 21:10:57,OI311P8500,OI311P8500,536.5,0.0,0.0,0.0,12,563.5,571.0,8,536.5,599.0,0.0,0.0,0.0,0.0,52
2023-05-09 21:10:57,OI311P8500,OI311P8500,536.5,0.0,0.0,0.0,12,563.0,571.0,8,536.5,599.0,0.0,0.0,0.0,0.0,52
2023-05-09 21:11:00,OI311P8500,OI311P8500,536.5,0.0,0.0,0.0,12,563.0,571.0,2,536.5,599.0,0.0,0.0,0.0,0.0,52
2023-05-09 21:11:03,OI311P8500,OI311P8500,536.5,0.0,0.0,0.0,12,563.0,571.0,8,536.5,599.0,0.0,0.0,0.0,0.0,52
2023-05-09 21:11:04,OI311P8500,OI311P8500,536.5,0.0,0.0,0.0,6,563.0,571.0,8,536.5,599.0,0.0,0.0,0.0,0.0,52
2023-05-09 21:11:04,OI311P8500,OI311P8500,536.5,0.0,0.0,0.0,6,562.0,570.5,12,536.5,599.0,0.0,0.0,0.0,0.0,52
2023-05-09 21:11:05,OI311P8500,OI311P8500,536.5,0.0,0.0,0.0,6,560.5,570.5,24,536.5,599.0,0.0,0.0,0.0,0.0,52
2023-05-09 21:11:05,OI311P8500,OI311P8500,536.5,0.0,0.0,0.0,6,560.5,567.0,2,536.5,599.0,0.0,0.0,0.0,0.0,52
2023-05-09 21:11:05,OI311P8500,OI311P8500,536.5,0.0,0.0,0.0,12,560.5,567.0,8,536.5,599.0,0.0,0.0,0.0,0.0,52
2023-05-09 21:11:25,OI311P8500,OI311P8500,536.5,0.0,0.0,0.0,18,560.5,567.0,2,536.5,599.0,0.0,0.0,0.0,0.0,52
2023-05-09 21:11:30,OI311P8500,OI311P8500,536.5,0.0,0.0,0.0,12,562.0,567.0,2,536.5,599.0,0.0,0.0,0.0,0.0,52
2023-05-09 21:11:42,OI311P8500,OI311P8500,536.5,0.0,0.0,0.0,18,562.0,567.0,2,536.5,599.0,0.0,0.0,0.0,0.0,52
2023-05-09 21:11:45,OI311P8500,OI311P8500,536.5,0.0,0.0,0.0,18,562.0,569.5,12,536.5,599.0,0.0,0.0,0.0,0.0,52
2023-05-09 21:11:46,OI311P8500,OI311P8500,536.5,0.0,0.0,0.0,24,562.0,569.5,6,536.5,599.0,0.0,0.0,0.0,0.0,52
2023-05-09 21:11:46,OI311P8500,OI311P8500,536.5,0.0,0.0,0.0,24,562.0,571.0,8,536.5,599.0,0.0,0.0,0.0,0.0,52
2023-05-09 21:12:12,OI311P8500,OI311P8500,536.5,0.0,0.0,0.0,32,562.0,571.0,8,536.5,599.0,0.0,0.0,0.0,0.0,52
2023-05-09 21:12:28,OI311P8500,OI311P8500,536.5,0.0,0.0,0.0,26,562.0,570.5,12,536.5,599.0,0.0,0.0,0.0,0.0,52
2023-05-09 21:12:41,OI311P8500,OI311P8500,536.5,0.0,0.0,0.0,20,562.0,569.5,2,536.5,599.0,0.0,0.0,0.0,0.0,52
2023-05-09 21:12:41,OI311P8500,OI311P8500,536.5,0.0,0.0,0.0,14,562.0,569.5,8,536.5,599.0,0.0,0.0,0.0,0.0,52
2023-05-09 21:12:42,OI311P8500,OI311P8500,536.5,0.0,0.0,0.0,8,562.0,569.5,8,536.5,599.0,0.0,0.0,0.0,0.0,52
2023-05-09 21:13:07,OI311P8500,OI311P8500,536.5,0.0,0.0,0.0,2,562.0,569.5,8,536.5,599.0,0.0,0.0,0.0,0.0,52
2023-05-09 21:13:10,OI311P8500,OI311P8500,536.5,0.0,0.0,0.0,6,561.0,569.5,8,536.5,599.0,0.0,0.0,0.0,0.0,52
2023-05-09 21:13:11,OI311P8500,OI311P8500,536.5,0.0,0.0,0.0,18,560.5,569.5,8,536.5,599.0,0.0,0.0,0.0,0.0,52
2023-05-09 21:13:13,OI311P8500,OI311P8500,536.5,0.0,0.0,0.0,12,560.5,569.0,6,536.5,599.0,0.0,0.0,0.0,0.0,52
2023-05-09 21:13:26,OI311P8500,OI311P8500,536.5,0.0,0.0,0.0,12,560.5,567.0,8,536.5,599.0,0.0,0.0,0.0,0.0,52
2023-05-09 21:13:26,OI311P8500,OI311P8500,536.5,0.0,0.0,0.0,6,560.5,567.0,14,536.5,599.0,0.0,0.0,0.0,0.0,52
2023-05-09 21:13:27,OI311P8500,OI311P8500,536.5,0.0,0.0,0.0,2,560.0,567.0,14,536.5,599.0,0.0,0.0,0.0,0.0,52
2023-05-09 21:13:27,OI311P8500,OI311P8500,536.5,0.0,0.0,0.0,6,559.5,567.0,14,536.5,599.0,0.0,0.0,0.0,0.0,52
2023-05-09 21:13:28,OI311P8500,OI311P8500,536.5,0.0,0.0,0.0,12,558.5,567.0,14,536.5,599.0,0.0,0.0,0.0,0.0,52
2023-05-09 21:13:36,OI311P8500,OI311P8500,536.5,0.0,0.0,0.0,18,558.5,567.0,14,536.5,599.0,0.0,0.0,0.0,0.0,52
2023-05-09 21:13:39,OI311P8500,OI311P8500,536.5,0.0,0.0,0.0,12,558.5,567.0,14,536.5,599.0,0.0,0.0,0.0,0.0,52
2023-05-09 21:13:39,OI311P8500,OI311P8500,536.5,0.0,0.0,0.0,18,558.5,567.0,14,536.5,599.0,0.0,0.0,0.0,0.0,52
2023-05-09 21:13:45,OI311P8500,OI311P8500,536.5,0.0,0.0,0.0,12,558.5,567.0,14,536.5,599.0,0.0,0.0,0.0,0.0,52
2023-05-09 21:13:47,OI311P8500,OI311P8500,536.5,0.0,0.0,0.0,6,558.5,565.0,2,536.5,599.0,0.0,0.0,0.0,0.0,52
2023-05-09 21:13:48,OI311P8500,OI311P8500,536.5,0.0,0.0,0.0,12,558.0,565.0,8,536.5,599.0,0.0,0.0,0.0,0.0,52
2023-05-09 21:13:48,OI311P8500,OI311P8500,536.5,0.0,0.0,0.0,12,557.5,565.0,8,536.5,599.0,0.0,0.0,0.0,0.0,52
2023-05-09 21:13:49,OI311P8500,OI311P8500,536.5,0.0,0.0,0.0,12,557.5,565.0,2,536.5,599.0,0.0,0.0,0.0,0.0,52
2023-05-09 21:14:01,OI311P8500,OI311P8500,536.5,0.0,0.0,0.0,12,557.5,565.0,8,536.5,599.0,0.0,0.0,0.0,0.0,52
2023-05-09 21:14:09,OI311P8500,OI311P8500,536.5,0.0,0.0,0.0,6,557.5,565.0,8,536.5,599.0,0.0,0.0,0.0,0.0,52
2023-05-09 21:14:09,OI311P8500,OI311P8500,536.5,0.0,0.0,0.0,12,557.0,565.0,8,536.5,599.0,0.0,0.0,0.0,0.0,52
2023-05-09 21:14:25,OI311P8500,OI311P8500,536.5,0.0,0.0,0.0,6,559.0,565.0,2,536.5,599.0,0.0,0.0,0.0,0.0,52
2023-05-09 21:14:26,OI311P8500,OI311P8500,536.5,0.0,0.0,0.0,18,559.0,565.0,2,536.5,599.0,0.0,0.0,0.0,0.0,52
2023-05-09 21:14:26,OI311P8500,OI311P8500,536.5,0.0,0.0,0.0,24,559.0,565.0,2,536.5,599.0,0.0,0.0,0.0,0.0,52
2023-05-09 21:14:34,OI311P8500,OI311P8500,536.5,0.0,0.0,0.0,18,559.0,565.0,8,536.5,599.0,0.0,0.0,0.0,0.0,52
2023-05-09 21:14:34,OI311P8500,OI311P8500,536.5,0.0,0.0,0.0,12,559.0,565.0,8,536.5,599.0,0.0,0.0,0.0,0.0,52
2023-05-09 21:14:37,OI311P8500,OI311P8500,536.5,0.0,0.0,0.0,18,558.0,565.0,14,536.5,599.0,0.0,0.0,0.0,0.0,52
2023-05-09 21:14:39,OI311P8500,OI311P8500,536.5,0.0,0.0,0.0,12,558.0,565.0,14,536.5,599.0,0.0,0.0,0.0,0.0,52
2023-05-09 21:14:41,OI311P8500,OI311P8500,536.5,0.0,0.0,0.0,12,558.0,565.0,8,536.5,599.0,0.0,0.0,0.0,0.0,52
2023-05-09 21:14:43,OI311P8500,OI311P8500,536.5,0.0,0.0,0.0,18,558.0,565.0,8,536.5,599.0,0.0,0.0,0.0,0.0,52
2023-05-09 21:14:48,OI311P8500,OI311P8500,536.5,0.0,0.0,0.0,18,559.5,565.0,2,536.5,599.0,0.0,0.0,0.0,0.0,52
2023-05-09 21:14:53,OI311P8500,OI311P8500,536.5,0.0,0.0,0.0,24,559.5,565.0,2,536.5,599.0,0.0,0.0,0.0,0.0,52
2023-05-09 21:15:04,OI311P8500,OI311P8500,536.5,0.0,0.0,0.0,24,559.5,567.0,2,536.5,599.0,0.0,0.0,0.0,0.0,52
2023-05-09 21:15:07,OI311P8500,OI311P8500,536.5,0.0,0.0,0.0,18,559.5,567.0,8,536.5,599.0,0.0,0.0,0.0,0.0,52
2023-05-09 21:15:10,OI311P8500,OI311P8500,536.5,0.0,0.0,0.0,24,559.5,567.0,8,536.5,599.0,0.0,0.0,0.0,0.0,52
2023-05-09 21:15:13,OI311P8500,OI311P8500,536.5,0.0,0.0,0.0,18,559.5,567.0,8,536.5,599.0,0.0,0.0,0.0,0.0,52
2023-05-09 21:15:15,OI311P8500,OI311P8500,536.5,0.0,0.0,0.0,24,559.5,567.0,2,536.5,599.0,0.0,0.0,0.0,0.0,52
2023-05-09 21:15:17,OI311P8500,OI311P8500,536.5,0.0,0.0,0.0,30,559.5,567.0,2,536.5,599.0,0.0,0.0,0.0,0.0,52
2023-05-09 21:15:17,OI311P8500,OI311P8500,536.5,0.0,0.0,0.0,36,559.5,567.0,2,536.5,599.0,0.0,0.0,0.0,0.0,52
2023-05-09 21:15:20,OI311P8500,OI311P8500,536.5,0.0,0.0,0.0,36,559.5,567.0,8,536.5,599.0,0.0,0.0,0.0,0.0,52
2023-05-09 21:15:23,OI311P8500,OI311P8500,536.5,0.0,0.0,0.0,30,559.5,567.0,8,536.5,599.0,0.0,0.0,0.0,0.0,52
2023-05-09 21:15:25,OI311P8500,OI311P8500,536.5,0.0,0.0,0.0,18,559.5,567.0,8,536.5,599.0,0.0,0.0,0.0,0.0,52
2023-05-09 21:15:27,OI311P8500,OI311P8500,536.5,0.0,0.0,0.0,12,559.5,567.0,8,536.5,599.0,0.0,0.0,0.0,0.0,52
2023-05-09 21:15:27,OI311P8500,OI311P8500,536.5,0.0,0.0,0.0,2,559.0,567.0,8,536.5,599.0,0.0,0.0,0.0,0.0,52
2023-05-09 21:15:29,OI311P8500,OI311P8500,536.5,0.0,0.0,0.0,2,559.0,567.0,14,536.5,599.0,0.0,0.0,0.0,0.0,52
2023-05-09 21:15:32,OI311P8500,OI311P8500,536.5,0.0,0.0,0.0,8,559.0,567.0,14,536.5,599.0,0.0,0.0,0.0,0.0,52
2023-05-09 21:15:33,OI311P8500,OI311P8500,536.5,0.0,0.0,0.0,8,559.0,567.0,8,536.5,599.0,0.0,0.0,0.0,0.0,52
2023-05-09 21:15:33,OI311P8500,OI311P8500,536.5,0.0,0.0,0.0,6,559.5,567.0,2,536.5,599.0,0.0,0.0,0.0,0.0,52
2023-05-09 21:15:34,OI311P8500,OI311P8500,536.5,0.0,0.0,0.0,18,559.5,567.0,2,536.5,599.0,0.0,0.0,0.0,0.0,52
2023-05-09 21:15:35,OI311P8500,OI311P8500,536.5,0.0,0.0,0.0,24,559.5,567.0,2,536.5,599.0,0.0,0.0,0.0,0.0,52
2023-05-09 21:15:56,OI311P8500,OI311P8500,536.5,0.0,0.0,0.0,24,559.5,567.0,8,536.5,599.0,0.0,0.0,0.0,0.0,52
2023-05-09 21:16:03,OI311P8500,OI311P8500,536.5,0.0,0.0,0.0,24,559.5,567.0,2,536.5,599.0,0.0,0.0,0.0,0.0,52
2023-05-09 21:16:52,OI311P8500,OI311P8500,536.5,0.0,0.0,0.0,24,559.5,567.0,8,536.5,599.0,0.0,0.0,0.0,0.0,52
2023-05-09 21:17:03,OI311P8500,OI311P8500,536.5,0.0,0.0,0.0,24,559.5,567.0,2,536.5,599.0,0.0,0.0,0.0,0.0,52
2023-05-09 21:17:05,OI311P8500,OI311P8500,536.5,0.0,0.0,0.0,24,559.5,567.0,8,536.5,599.0,0.0,0.0,0.0,0.0,52
2023-05-09 21:17:06,OI311P8500,OI311P8500,536.5,0.0,0.0,0.0,24,559.5,567.0,2,536.5,599.0,0.0,0.0,0.0,0.0,52
2023-05-09 21:17:08,OI311P8500,OI311P8500,536.5,0.0,0.0,0.0,24,559.5,567.0,8,536.5,599.0,0.0,0.0,0.0,0.0,52
2023-05-09 21:17:10,OI311P8500,OI311P8500,536.5,0.0,0.0,0.0,18,559.5,567.0,8,536.5,599.0,0.0,0.0,0.0,0.0,52
2023-05-09 21:17:16,OI311P8500,OI311P8500,536.5,0.0,0.0,0.0,12,559.5,567.0,8,536.5,599.0,0.0,0.0,0.0,0.0,52
2023-05-09 21:17:16,OI311P8500,OI311P8500,536.5,0.0,0.0,0.0,6,559.5,567.0,8,536.5,599.0,0.0,0.0,0.0,0.0,52
2023-05-09 21:17:18,OI311P8500,OI311P8500,536.5,0.0,0.0,0.0,6,559.5,567.0,14,536.5,599.0,0.0,0.0,0.0,0.0,52
2023-05-09 21:17:32,OI311P8500,OI311P8500,536.5,0.0,0.0,0.0,12,559.5,567.0,14,536.5,599.0,0.0,0.0,0.0,0.0,52
2023-05-09 21:18:01,OI311P8500,OI311P8500,536.5,0.0,0.0,0.0,18,559.5,567.0,14,536.5,599.0,0.0,0.0,0.0,0.0,52
2023-05-09 21:18:10,OI311P8500,OI311P8500,536.5,0.0,0.0,0.0,24,559.5,567.0,14,536.5,599.0,0.0,0.0,0.0,0.0,52
2023-05-09 21:18:10,OI311P8500,OI311P8500,536.5,0.0,0.0,0.0,30,559.5,567.0,2,536.5,599.0,0.0,0.0,0.0,0.0,52
2023-05-09 21:18:42,OI311P8500,OI311P8500,536.5,0.0,0.0,0.0,36,559.5,567.0,2,536.5,599.0,0.0,0.0,0.0,0.0,52
2023-05-09 21:18:43,OI311P8500,OI311P8500,536.5,0.0,0.0,0.0,30,559.5,567.0,2,536.5,599.0,0.0,0.0,0.0,0.0,52
2023-05-09 21:18:44,OI311P8500,OI311P8500,536.5,0.0,0.0,0.0,18,561.0,567.0,2,536.5,599.0,0.0,0.0,0.0,0.0,52
2023-05-09 21:18:45,OI311P8500,OI311P8500,536.5,0.0,0.0,0.0,12,561.5,570.0,12,536.5,599.0,0.0,0.0,0.0,0.0,52
2023-05-09 21:18:45,OI311P8500,OI311P8500,536.5,0.0,0.0,0.0,18,563.0,571.5,12,536.5,599.0,0.0,0.0,0.0,0.0,52
2023-05-09 21:18:46,OI311P8500,OI311P8500,536.5,0.0,0.0,0.0,24,563.0,571.5,12,536.5,599.0,0.0,0.0,0.0,0.0,52
2023-05-09 21:18:51,OI311P8500,OI311P8500,536.5,0.0,0.0,0.0,30,563.0,571.5,12,536.5,599.0,0.0,0.0,0.0,0.0,52
2023-05-09 21:18:51,OI311P8500,OI311P8500,536.5,0.0,0.0,0.0,24,563.0,571.5,12,536.5,599.0,0.0,0.0,0.0,0.0,52
2023-05-09 21:19:09,OI311P8500,OI311P8500,536.5,0.0,0.0,0.0,36,563.0,571.5,6,536.5,599.0,0.0,0.0,0.0,0.0,52
2023-05-09 21:19:09,OI311P8500,OI311P8500,536.5,0.0,0.0,0.0,6,565.0,572.0,8,536.5,599.0,0.0,0.0,0.0,0.0,52
2023-05-09 21:19:10,OI311P8500,OI311P8500,536.5,0.0,0.0,0.0,12,565.0,572.0,8,536.5,599.0,0.0,0.0,0.0,0.0,52
2023-05-09 21:19:10,OI311P8500,OI311P8500,536.5,0.0,0.0,0.0,18,565.0,572.0,8,536.5,599.0,0.0,0.0,0.0,0.0,52
2023-05-09 21:19:13,OI311P8500,OI311P8500,536.5,0.0,0.0,0.0,24,565.0,572.0,2,536.5,599.0,0.0,0.0,0.0,0.0,52
2023-05-09 21:19:19,OI311P8500,OI311P8500,536.5,0.0,0.0,0.0,24,565.0,572.0,8,536.5,599.0,0.0,0.0,0.0,0.0,52
2023-05-09 21:19:22,OI311P8500,OI311P8500,536.5,0.0,0.0,0.0,24,565.0,572.0,2,536.5,599.0,0.0,0.0,0.0,0.0,52
2023-05-09 21:19:30,OI311P8500,OI311P8500,536.5,0.0,0.0,0.0,26,565.0,572.0,2,536.5,599.0,0.0,0.0,0.0,0.0,52
2023-05-09 21:19:37,OI311P8500,OI311P8500,536.5,0.0,0.0,0.0,12,566.5,572.0,2,536.5,599.0,0.0,0.0,0.0,0.0,52
2023-05-09 21:19:38,OI311P8500,OI311P8500,536.5,0.0,0.0,0.0,18,566.5,572.0,2,536.5,599.0,0.0,0.0,0.0,0.0,52
2023-05-09 21:19:39,OI311P8500,OI311P8500,536.5,0.0,0.0,0.0,24,566.5,572.0,2,536.5,599.0,0.0,0.0,0.0,0.0,52
2023-05-09 21:19:40,OI311P8500,OI311P8500,536.5,0.0,0.0,0.0,30,566.5,572.0,2,536.5,599.0,0.0,0.0,0.0,0.0,52
2023-05-09 21:19:42,OI311P8500,OI311P8500,536.5,0.0,0.0,0.0,24,566.5,572.0,2,536.5,599.0,0.0,0.0,0.0,0.0,52
2023-05-09 21:19:42,OI311P8500,OI311P8500,536.5,0.0,0.0,0.0,18,566.5,572.0,2,536.5,599.0,0.0,0.0,0.0,0.0,52
2023-05-09 21:19:50,OI311P8500,OI311P8500,536.5,0.0,0.0,0.0,18,566.5,573.5,12,536.5,599.0,0.0,0.0,0.0,0.0,52
2023-05-09 21:19:50,OI311P8500,OI311P8500,536.5,0.0,0.0,0.0,12,567.0,575.0,6,536.5,599.0,0.0,0.0,0.0,0.0,52
2023-05-09 21:19:51,OI311P8500,OI311P8500,536.5,0.0,0.0,0.0,18,567.0,576.5,12,536.5,599.0,0.0,0.0,0.0,0.0,52
2023-05-09 21:19:51,OI311P8500,OI311P8500,536.5,0.0,0.0,0.0,24,567.0,576.5,12,536.5,599.0,0.0,0.0,0.0,0.0,52
2023-05-09 21:19:52,OI311P8500,OI311P8500,536.5,0.0,0.0,0.0,24,567.0,576.5,14,536.5,599.0,0.0,0.0,0.0,0.0,52
2023-05-09 21:19:54,OI311P8500,OI311P8500,536.5,0.0,0.0,0.0,6,568.5,576.5,8,536.5,599.0,0.0,0.0,0.0,0.0,52
2023-05-09 21:19:55,OI311P8500,OI311P8500,536.5,0.0,0.0,0.0,12,568.5,576.5,8,536.5,599.0,0.0,0.0,0.0,0.0,52
2023-05-09 21:19:56,OI311P8500,OI311P8500,536.5,0.0,0.0,0.0,6,568.5,576.5,8,536.5,599.0,0.0,0.0,0.0,0.0,52
2023-05-09 21:20:04,OI311P8500,OI311P8500,536.5,0.0,0.0,0.0,12,568.5,576.5,8,536.5,599.0,0.0,0.0,0.0,0.0,52
2023-05-09 21:20:08,OI311P8500,OI311P8500,536.5,0.0,0.0,0.0,6,568.5,576.5,8,536.5,599.0,0.0,0.0,0.0,0.0,52
2023-05-09 21:20:12,OI311P8500,OI311P8500,536.5,0.0,0.0,0.0,6,568.5,576.5,14,536.5,599.0,0.0,0.0,0.0,0.0,52
2023-05-09 21:20:12,OI311P8500,OI311P8500,536.5,0.0,0.0,0.0,8,567.5,576.5,14,536.5,599.0,0.0,0.0,0.0,0.0,52
2023-05-09 21:20:14,OI311P8500,OI311P8500,536.5,0.0,0.0,0.0,8,567.5,576.5,8,536.5,599.0,0.0,0.0,0.0,0.0,52
2023-05-09 21:20:14,OI311P8500,OI311P8500,536.5,0.0,0.0,0.0,8,567.5,576.5,14,536.5,599.0,0.0,0.0,0.0,0.0,52
2023-05-09 21:20:17,OI311P8500,OI311P8500,536.5,0.0,0.0,0.0,8,567.5,574.0,2,536.5,599.0,0.0,0.0,0.0,0.0,52
2023-05-09 21:20:38,OI311P8500,OI311P8500,536.5,0.0,0.0,0.0,14,567.5,574.0,2,536.5,599.0,0.0,0.0,0.0,0.0,52
2023-05-09 21:21:03,OI311P8500,OI311P8500,536.5,0.0,0.0,0.0,8,567.5,574.0,8,536.5,599.0,0.0,0.0,0.0,0.0,52
2023-05-09 21:21:04,OI311P8500,OI311P8500,536.5,0.0,0.0,0.0,6,566.5,574.0,14,536.5,599.0,0.0,0.0,0.0,0.0,52
2023-05-09 21:21:04,OI311P8500,OI311P8500,536.5,0.0,0.0,0.0,12,566.0,574.0,14,536.5,599.0,0.0,0.0,0.0,0.0,52
2023-05-09 21:21:32,OI311P8500,OI311P8500,536.5,0.0,0.0,0.0,6,566.0,574.0,20,536.5,599.0,0.0,0.0,0.0,0.0,52
2023-05-09 21:21:47,OI311P8500,OI311P8500,536.5,0.0,0.0,0.0,12,566.0,574.0,20,536.5,599.0,0.0,0.0,0.0,0.0,52
2023-05-09 21:22:20,OI311P8500,OI311P8500,536.5,0.0,0.0,0.0,12,566.0,574.0,14,536.5,599.0,0.0,0.0,0.0,0.0,52
2023-05-09 21:22:21,OI311P8500,OI311P8500,536.5,0.0,0.0,0.0,12,566.0,574.0,8,536.5,599.0,0.0,0.0,0.0,0.0,52
2023-05-09 21:22:22,OI311P8500,OI311P8500,536.5,0.0,0.0,0.0,6,567.0,574.0,8,536.5,599.0,0.0,0.0,0.0,0.0,52
2023-05-09 21:22:22,OI311P8500,OI311P8500,536.5,0.0,0.0,0.0,6,567.0,574.0,14,536.5,599.0,0.0,0.0,0.0,0.0,52
2023-05-09 21:22:34,OI311P8500,OI311P8500,536.5,0.0,0.0,0.0,18,566.0,574.0,14,536.5,599.0,0.0,0.0,0.0,0.0,52
2023-05-09 21:23:03,OI311P8500,OI311P8500,536.5,0.0,0.0,0.0,6,566.0,574.0,14,536.5,599.0,0.0,0.0,0.0,0.0,52
2023-05-09 21:23:06,OI311P8500,OI311P8500,536.5,0.0,0.0,0.0,6,566.0,573.5,6,536.5,599.0,0.0,0.0,0.0,0.0,52
2023-05-09 21:23:07,OI311P8500,OI311P8500,536.5,0.0,0.0,0.0,6,566.0,572.0,2,536.5,599.0,0.0,0.0,0.0,0.0,52
2023-05-09 21:23:12,OI311P8500,OI311P8500,536.5,0.0,0.0,0.0,8,565.0,572.0,8,536.5,599.0,0.0,0.0,0.0,0.0,52
2023-05-09 21:23:22,OI311P8500,OI311P8500,536.5,0.0,0.0,0.0,8,565.0,572.0,14,536.5,599.0,0.0,0.0,0.0,0.0,52
2023-05-09 21:23:26,OI311P8500,OI311P8500,536.5,0.0,0.0,0.0,8,565.0,572.0,8,536.5,599.0,0.0,0.0,0.0,0.0,52
2023-05-09 21:23:32,OI311P8500,OI311P8500,536.5,0.0,0.0,0.0,20,565.0,572.0,2,536.5,599.0,0.0,0.0,0.0,0.0,52
2023-05-09 21:23:34,OI311P8500,OI311P8500,536.5,0.0,0.0,0.0,26,565.0,572.0,2,536.5,599.0,0.0,0.0,0.0,0.0,52
2023-05-09 21:23:38,OI311P8500,OI311P8500,536.5,0.0,0.0,0.0,20,565.0,572.0,2,536.5,599.0,0.0,0.0,0.0,0.0,52
2023-05-09 21:23:49,OI311P8500,OI311P8500,536.5,0.0,0.0,0.0,20,565.0,572.0,8,536.5,599.0,0.0,0.0,0.0,0.0,52
2023-05-09 21:23:53,OI311P8500,OI311P8500,536.5,0.0,0.0,0.0,14,565.0,572.0,8,536.5,599.0,0.0,0.0,0.0,0.0,52
2023-05-09 21:23:58,OI311P8500,OI311P8500,536.5,0.0,0.0,0.0,14,565.0,572.0,14,536.5,599.0,0.0,0.0,0.0,0.0,52
2023-05-09 21:24:06,OI311P8500,OI311P8500,536.5,0.0,0.0,0.0,20,565.0,572.0,8,536.5,599.0,0.0,0.0,0.0,0.0,52
2023-05-09 21:24:12,OI311P8500,OI311P8500,536.5,0.0,0.0,0.0,6,565.5,572.0,2,536.5,599.0,0.0,0.0,0.0,0.0,52
2023-05-09 21:24:13,OI311P8500,OI311P8500,536.5,0.0,0.0,0.0,12,565.5,572.0,2,536.5,599.0,0.0,0.0,0.0,0.0,52
2023-05-09 21:24:27,OI311P8500,OI311P8500,536.5,0.0,0.0,0.0,12,566.5,572.0,2,536.5,599.0,0.0,0.0,0.0,0.0,52
2023-05-09 21:24:39,OI311P8500,OI311P8500,536.5,0.0,0.0,0.0,18,566.5,572.0,2,536.5,599.0,0.0,0.0,0.0,0.0,52
2023-05-09 21:24:41,OI311P8500,OI311P8500,536.5,0.0,0.0,0.0,24,566.5,574.0,8,536.5,599.0,0.0,0.0,0.0,0.0,52
2023-05-09 21:24:41,OI311P8500,OI311P8500,536.5,0.0,0.0,0.0,30,566.5,574.0,2,536.5,599.0,0.0,0.0,0.0,0.0,52
2023-05-09 21:24:43,OI311P8500,OI311P8500,536.5,0.0,0.0,0.0,6,567.5,574.0,2,536.5,599.0,0.0,0.0,0.0,0.0,52
2023-05-09 21:24:44,OI311P8500,OI311P8500,536.5,0.0,0.0,0.0,8,567.5,574.0,2,536.5,599.0,0.0,0.0,0.0,0.0,52
2023-05-09 21:24:44,OI311P8500,OI311P8500,536.5,0.0,0.0,0.0,14,567.5,574.0,2,536.5,599.0,0.0,0.0,0.0,0.0,52
2023-05-09 21:24:48,OI311P8500,OI311P8500,536.5,0.0,0.0,0.0,6,568.0,574.0,2,536.5,599.0,0.0,0.0,0.0,0.0,52
2023-05-09 21:24:53,OI311P8500,OI311P8500,536.5,0.0,0.0,0.0,12,568.0,574.0,2,536.5,599.0,0.0,0.0,0.0,0.0,52
2023-05-09 21:24:54,OI311P8500,OI311P8500,536.5,0.0,0.0,0.0,12,568.0,575.5,6,536.5,599.0,0.0,0.0,0.0,0.0,52
2023-05-09 21:24:54,OI311P8500,OI311P8500,536.5,0.0,0.0,0.0,18,568.0,576.0,6,536.5,599.0,0.0,0.0,0.0,0.0,52
2023-05-09 21:24:55,OI311P8500,OI311P8500,536.5,0.0,0.0,0.0,24,568.0,576.5,6,536.5,599.0,0.0,0.0,0.0,0.0,52
2023-05-09 21:24:55,OI311P8500,OI311P8500,536.5,0.0,0.0,0.0,24,568.0,577.0,6,536.5,599.0,0.0,0.0,0.0,0.0,52
2023-05-09 21:24:55,OI311P8500,OI311P8500,536.5,0.0,0.0,0.0,24,568.0,577.5,14,536.5,599.0,0.0,0.0,0.0,0.0,52
2023-05-09 21:25:04,OI311P8500,OI311P8500,536.5,0.0,0.0,0.0,18,568.0,577.5,20,536.5,599.0,0.0,0.0,0.0,0.0,52
2023-05-09 21:25:10,OI311P8500,OI311P8500,536.5,0.0,0.0,0.0,24,570.0,577.5,14,536.5,599.0,0.0,0.0,0.0,0.0,52
2023-05-09 21:25:12,OI311P8500,OI311P8500,536.5,0.0,0.0,0.0,24,570.0,577.5,8,536.5,599.0,0.0,0.0,0.0,0.0,52
2023-05-09 21:25:18,OI311P8500,OI311P8500,536.5,0.0,0.0,0.0,18,570.0,577.5,8,536.5,599.0,0.0,0.0,0.0,0.0,52
2023-05-09 21:25:19,OI311P8500,OI311P8500,536.5,0.0,0.0,0.0,18,570.0,577.5,14,536.5,599.0,0.0,0.0,0.0,0.0,52
2023-05-09 21:25:20,OI311P8500,OI311P8500,536.5,0.0,0.0,0.0,18,570.0,577.5,20,536.5,599.0,0.0,0.0,0.0,0.0,52
2023-05-09 21:25:36,OI311P8500,OI311P8500,536.5,0.0,0.0,0.0,12,570.0,577.5,20,536.5,599.0,0.0,0.0,0.0,0.0,52
2023-05-09 21:25:43,OI311P8500,OI311P8500,536.5,0.0,0.0,0.0,18,570.0,577.5,20,536.5,599.0,0.0,0.0,0.0,0.0,52
2023-05-09 21:25:58,OI311P8500,OI311P8500,536.5,0.0,0.0,0.0,12,570.0,577.5,20,536.5,599.0,0.0,0.0,0.0,0.0,52
2023-05-09 21:25:59,OI311P8500,OI311P8500,536.5,0.0,0.0,0.0,6,570.0,577.5,20,536.5,599.0,0.0,0.0,0.0,0.0,52
2023-05-09 21:26:02,OI311P8500,OI311P8500,536.5,0.0,0.0,0.0,6,570.0,575.0,2,536.5,599.0,0.0,0.0,0.0,0.0,52
2023-05-09 21:26:02,OI311P8500,OI311P8500,536.5,0.0,0.0,0.0,6,568.0,575.0,8,536.5,599.0,0.0,0.0,0.0,0.0,52
2023-05-09 21:26:03,OI311P8500,OI311P8500,536.5,0.0,0.0,0.0,6,568.0,575.0,14,536.5,599.0,0.0,0.0,0.0,0.0,52
2023-05-09 21:26:04,OI311P8500,OI311P8500,536.5,0.0,0.0,0.0,6,566.0,575.0,20,536.5,599.0,0.0,0.0,0.0,0.0,52
2023-05-09 21:26:04,OI311P8500,OI311P8500,536.5,0.0,0.0,0.0,6,566.0,572.5,2,536.5,599.0,0.0,0.0,0.0,0.0,52
2023-05-09 21:26:05,OI311P8500,OI311P8500,536.5,0.0,0.0,0.0,12,566.0,572.5,2,536.5,599.0,0.0,0.0,0.0,0.0,52
2023-05-09 21:26:06,OI311P8500,OI311P8500,536.5,0.0,0.0,0.0,18,566.0,572.5,2,536.5,599.0,0.0,0.0,0.0,0.0,52
2023-05-09 21:26:07,OI311P8500,OI311P8500,536.5,0.0,0.0,0.0,18,566.0,572.5,8,536.5,599.0,0.0,0.0,0.0,0.0,52
2023-05-09 21:26:08,OI311P8500,OI311P8500,536.5,0.0,0.0,0.0,6,566.0,572.5,2,536.5,599.0,0.0,0.0,0.0,0.0,52
2023-05-09 21:26:08,OI311P8500,OI311P8500,536.5,0.0,0.0,0.0,12,566.0,572.5,2,536.5,599.0,0.0,0.0,0.0,0.0,52
2023-05-09 21:26:11,OI311P8500,OI311P8500,536.5,0.0,0.0,0.0,18,566.0,572.5,2,536.5,599.0,0.0,0.0,0.0,0.0,52
2023-05-09 21:26:11,OI311P8500,OI311P8500,536.5,0.0,0.0,0.0,12,566.5,572.5,2,536.5,599.0,0.0,0.0,0.0,0.0,52
2023-05-09 21:26:27,OI311P8500,OI311P8500,536.5,0.0,0.0,0.0,18,567.5,572.5,2,536.5,599.0,0.0,0.0,0.0,0.0,52
2023-05-09 21:26:28,OI311P8500,OI311P8500,536.5,0.0,0.0,0.0,24,567.5,572.5,2,536.5,599.0,0.0,0.0,0.0,0.0,52
2023-05-09 21:26:30,OI311P8500,OI311P8500,536.5,0.0,0.0,0.0,18,567.5,572.5,2,536.5,599.0,0.0,0.0,0.0,0.0,52
2023-05-09 21:26:57,OI311P8500,OI311P8500,536.5,0.0,0.0,0.0,12,567.5,572.5,2,536.5,599.0,0.0,0.0,0.0,0.0,52
2023-05-09 21:26:59,OI311P8500,OI311P8500,536.5,0.0,0.0,0.0,18,567.5,572.5,2,536.5,599.0,0.0,0.0,0.0,0.0,52
2023-05-09 21:27:00,OI311P8500,OI311P8500,536.5,0.0,0.0,0.0,30,567.5,575.0,2,536.5,599.0,0.0,0.0,0.0,0.0,52
2023-05-09 21:27:00,OI311P8500,OI311P8500,536.5,0.0,0.0,0.0,36,567.5,575.0,2,536.5,599.0,0.0,0.0,0.0,0.0,52
2023-05-09 21:27:01,OI311P8500,OI311P8500,536.5,0.0,0.0,0.0,38,567.5,575.0,2,536.5,599.0,0.0,0.0,0.0,0.0,52
2023-05-09 21:27:01,OI311P8500,OI311P8500,536.5,0.0,0.0,0.0,6,568.5,575.0,2,536.5,599.0,0.0,0.0,0.0,0.0,52
2023-05-09 21:27:05,OI311P8500,OI311P8500,536.5,0.0,0.0,0.0,6,568.5,575.0,8,536.5,599.0,0.0,0.0,0.0,0.0,52
2023-05-09 21:27:07,OI311P8500,OI311P8500,536.5,0.0,0.0,0.0,26,567.5,575.0,8,536.5,599.0,0.0,0.0,0.0,0.0,52
2023-05-09 21:27:09,OI311P8500,OI311P8500,536.5,0.0,0.0,0.0,14,567.5,575.0,8,536.5,599.0,0.0,0.0,0.0,0.0,52
2023-05-09 21:27:21,OI311P8500,OI311P8500,536.5,0.0,0.0,0.0,20,567.5,575.0,8,536.5,599.0,0.0,0.0,0.0,0.0,52
2023-05-09 21:27:51,OI311P8500,OI311P8500,536.5,0.0,0.0,0.0,26,567.5,575.0,8,536.5,599.0,0.0,0.0,0.0,0.0,52
2023-05-09 21:28:23,OI311P8500,OI311P8500,536.5,0.0,0.0,0.0,14,567.5,575.0,8,536.5,599.0,0.0,0.0,0.0,0.0,52
2023-05-09 21:28:23,OI311P8500,OI311P8500,536.5,0.0,0.0,0.0,8,567.5,575.0,8,536.5,599.0,0.0,0.0,0.0,0.0,52
2023-05-09 21:28:28,OI311P8500,OI311P8500,536.5,0.0,0.0,0.0,12,565.5,574.0,6,536.5,599.0,0.0,0.0,0.0,0.0,52
2023-05-09 21:28:28,OI311P8500,OI311P8500,536.5,0.0,0.0,0.0,12,565.5,574.0,12,536.5,599.0,0.0,0.0,0.0,0.0,52
2023-05-09 21:28:29,OI311P8500,OI311P8500,536.5,0.0,0.0,0.0,24,565.5,574.0,6,536.5,599.0,0.0,0.0,0.0,0.0,52
2023-05-09 21:28:29,OI311P8500,OI311P8500,536.5,0.0,0.0,0.0,24,565.5,574.5,6,536.5,599.0,0.0,0.0,0.0,0.0,52
2023-05-09 21:28:30,OI311P8500,OI311P8500,536.5,0.0,0.0,0.0,24,565.5,575.0,26,536.5,599.0,0.0,0.0,0.0,0.0,52
2023-05-09 21:28:30,OI311P8500,OI311P8500,536.5,0.0,0.0,0.0,24,565.5,575.0,20,536.5,599.0,0.0,0.0,0.0,0.0,52
2023-05-09 21:28:37,OI311P8500,OI311P8500,536.5,0.0,0.0,0.0,18,565.5,575.0,20,536.5,599.0,0.0,0.0,0.0,0.0,52
2023-05-09 21:28:39,OI311P8500,OI311P8500,536.5,0.0,0.0,0.0,24,565.5,575.0,20,536.5,599.0,0.0,0.0,0.0,0.0,52
2023-05-09 21:28:50,OI311P8500,OI311P8500,536.5,0.0,0.0,0.0,30,565.5,575.0,26,536.5,599.0,0.0,0.0,0.0,0.0,52
2023-05-09 21:28:51,OI311P8500,OI311P8500,536.5,0.0,0.0,0.0,6,566.5,575.0,26,536.5,599.0,0.0,0.0,0.0,0.0,52
2023-05-09 21:28:51,OI311P8500,OI311P8500,536.5,0.0,0.0,0.0,12,566.5,575.0,26,536.5,599.0,0.0,0.0,0.0,0.0,52
2023-05-09 21:28:51,OI311P8500,OI311P8500,536.5,0.0,0.0,0.0,6,566.5,575.0,26,536.5,599.0,0.0,0.0,0.0,0.0,52
2023-05-09 21:28:55,OI311P8500,OI311P8500,536.5,0.0,0.0,0.0,30,565.5,575.0,26,536.5,599.0,0.0,0.0,0.0,0.0,52
2023-05-09 21:29:06,OI311P8500,OI311P8500,536.5,0.0,0.0,0.0,18,567.5,575.0,20,536.5,599.0,0.0,0.0,0.0,0.0,52
2023-05-09 21:29:06,OI311P8500,OI311P8500,536.5,0.0,0.0,0.0,24,567.5,575.0,8,536.5,599.0,0.0,0.0,0.0,0.0,52
2023-05-09 21:29:07,OI311P8500,OI311P8500,536.5,0.0,0.0,0.0,24,567.5,575.0,14,536.5,599.0,0.0,0.0,0.0,0.0,52
2023-05-09 21:29:07,OI311P8500,OI311P8500,536.5,0.0,0.0,0.0,18,567.5,575.0,14,536.5,599.0,0.0,0.0,0.0,0.0,52
2023-05-09 21:29:11,OI311P8500,OI311P8500,536.5,0.0,0.0,0.0,12,567.5,575.0,14,536.5,599.0,0.0,0.0,0.0,0.0,52
2023-05-09 21:29:12,OI311P8500,OI311P8500,536.5,0.0,0.0,0.0,6,567.5,575.0,14,536.5,599.0,0.0,0.0,0.0,0.0,52
2023-05-09 21:29:18,OI311P8500,OI311P8500,536.5,0.0,0.0,0.0,6,566.0,575.0,26,536.5,599.0,0.0,0.0,0.0,0.0,52
2023-05-09 21:29:18,OI311P8500,OI311P8500,536.5,0.0,0.0,0.0,24,565.5,575.0,26,536.5,599.0,0.0,0.0,0.0,0.0,52
2023-05-09 21:29:22,OI311P8500,OI311P8500,536.5,0.0,0.0,0.0,24,565.5,572.5,8,536.5,599.0,0.0,0.0,0.0,0.0,52
2023-05-09 21:29:25,OI311P8500,OI311P8500,536.5,0.0,0.0,0.0,18,565.5,572.5,8,536.5,599.0,0.0,0.0,0.0,0.0,52
2023-05-09 21:29:39,OI311P8500,OI311P8500,536.5,0.0,0.0,0.0,18,565.5,572.5,2,536.5,599.0,0.0,0.0,0.0,0.0,52
2023-05-09 21:29:45,OI311P8500,OI311P8500,536.5,0.0,0.0,0.0,18,565.5,572.5,8,536.5,599.0,0.0,0.0,0.0,0.0,52
2023-05-09 21:29:50,OI311P8500,OI311P8500,536.5,0.0,0.0,0.0,24,565.5,572.5,2,536.5,599.0,0.0,0.0,0.0,0.0,52
2023-05-09 21:30:02,OI311P8500,OI311P8500,536.5,0.0,0.0,0.0,30,565.5,572.5,2,536.5,599.0,0.0,0.0,0.0,0.0,52
2023-05-09 21:30:12,OI311P8500,OI311P8500,536.5,0.0,0.0,0.0,6,566.5,572.5,2,536.5,599.0,0.0,0.0,0.0,0.0,52
2023-05-09 21:30:12,OI311P8500,OI311P8500,536.5,0.0,0.0,0.0,18,566.5,572.5,2,536.5,599.0,0.0,0.0,0.0,0.0,52
2023-05-09 21:30:14,OI311P8500,OI311P8500,536.5,0.0,0.0,0.0,6,567.5,572.5,2,536.5,599.0,0.0,0.0,0.0,0.0,52
2023-05-09 21:30:14,OI311P8500,OI311P8500,536.5,0.0,0.0,0.0,12,567.5,572.5,2,536.5,599.0,0.0,0.0,0.0,0.0,52
2023-05-09 21:30:16,OI311P8500,OI311P8500,536.5,0.0,0.0,0.0,12,567.5,575.0,20,536.5,599.0,0.0,0.0,0.0,0.0,52
2023-05-09 21:30:16,OI311P8500,OI311P8500,536.5,0.0,0.0,0.0,30,567.5,575.0,8,536.5,599.0,0.0,0.0,0.0,0.0,52
2023-05-09 21:30:16,OI311P8500,OI311P8500,536.5,0.0,0.0,0.0,30,567.5,575.0,2,536.5,599.0,0.0,0.0,0.0,0.0,52
2023-05-09 21:30:17,OI311P8500,OI311P8500,536.5,0.0,0.0,0.0,6,568.5,575.0,2,536.5,599.0,0.0,0.0,0.0,0.0,52
2023-05-09 21:30:17,OI311P8500,OI311P8500,536.5,0.0,0.0,0.0,12,568.5,575.0,2,536.5,599.0,0.0,0.0,0.0,0.0,52
2023-05-09 21:30:19,OI311P8500,OI311P8500,536.5,0.0,0.0,0.0,18,568.5,575.0,2,536.5,599.0,0.0,0.0,0.0,0.0,52
2023-05-09 21:30:19,OI311P8500,OI311P8500,536.5,0.0,0.0,0.0,6,569.5,575.0,2,536.5,599.0,0.0,0.0,0.0,0.0,52
2023-05-09 21:30:20,OI311P8500,OI311P8500,536.5,0.0,0.0,0.0,14,569.5,577.0,6,536.5,599.0,0.0,0.0,0.0,0.0,52
2023-05-09 21:30:21,OI311P8500,OI311P8500,536.5,0.0,0.0,0.0,20,569.5,578.0,6,536.5,599.0,0.0,0.0,0.0,0.0,52
2023-05-09 21:30:21,OI311P8500,OI311P8500,536.5,0.0,0.0,0.0,20,569.5,578.5,12,536.5,599.0,0.0,0.0,0.0,0.0,52
2023-05-09 21:30:22,OI311P8500,OI311P8500,536.5,0.0,0.0,0.0,12,570.0,578.5,12,536.5,599.0,0.0,0.0,0.0,0.0,52
2023-05-09 21:30:22,OI311P8500,OI311P8500,536.5,0.0,0.0,0.0,6,571.5,578.5,12,536.5,599.0,0.0,0.0,0.0,0.0,52
2023-05-09 21:30:23,OI311P8500,OI311P8500,536.5,0.0,0.0,0.0,18,571.5,578.5,12,536.5,599.0,0.0,0.0,0.0,0.0,52
2023-05-09 21:30:23,OI311P8500,OI311P8500,536.5,0.0,0.0,0.0,6,572.0,579.0,2,536.5,599.0,0.0,0.0,0.0,0.0,52
2023-05-09 21:30:25,OI311P8500,OI311P8500,536.5,0.0,0.0,0.0,6,572.0,579.0,8,536.5,599.0,0.0,0.0,0.0,0.0,52
2023-05-09 21:30:26,OI311P8500,OI311P8500,536.5,0.0,0.0,0.0,12,572.0,579.0,2,536.5,599.0,0.0,0.0,0.0,0.0,52
2023-05-09 21:30:27,OI311P8500,OI311P8500,536.5,0.0,0.0,0.0,14,572.0,579.0,2,536.5,599.0,0.0,0.0,0.0,0.0,52
2023-05-09 21:30:29,OI311P8500,OI311P8500,536.5,0.0,0.0,0.0,6,573.0,579.0,2,536.5,599.0,0.0,0.0,0.0,0.0,52
2023-05-09 21:30:29,OI311P8500,OI311P8500,536.5,0.0,0.0,0.0,18,573.0,579.0,2,536.5,599.0,0.0,0.0,0.0,0.0,52
2023-05-09 21:30:30,OI311P8500,OI311P8500,536.5,0.0,0.0,0.0,12,573.0,579.0,8,536.5,599.0,0.0,0.0,0.0,0.0,52
2023-05-09 21:30:31,OI311P8500,OI311P8500,536.5,0.0,0.0,0.0,18,573.0,579.0,2,536.5,599.0,0.0,0.0,0.0,0.0,52
2023-05-09 21:30:33,OI311P8500,OI311P8500,536.5,0.0,0.0,0.0,6,573.5,579.0,2,536.5,599.0,0.0,0.0,0.0,0.0,52
2023-05-09 21:30:36,OI311P8500,OI311P8500,536.5,0.0,0.0,0.0,12,573.5,581.0,6,536.5,599.0,0.0,0.0,0.0,0.0,52
2023-05-09 21:30:36,OI311P8500,OI311P8500,536.5,0.0,0.0,0.0,24,573.5,581.5,6,536.5,599.0,0.0,0.0,0.0,0.0,52
2023-05-09 21:30:37,OI311P8500,OI311P8500,536.5,0.0,0.0,0.0,30,573.5,582.0,6,536.5,599.0,0.0,0.0,0.0,0.0,52
2023-05-09 21:30:37,OI311P8500,OI311P8500,536.5,0.0,0.0,0.0,30,573.5,582.0,12,536.5,599.0,0.0,0.0,0.0,0.0,52
2023-05-09 21:30:46,OI311P8500,OI311P8500,536.5,0.0,0.0,0.0,24,573.5,582.0,12,536.5,599.0,0.0,0.0,0.0,0.0,52
2023-05-09 21:30:50,OI311P8500,OI311P8500,536.5,0.0,0.0,0.0,24,573.5,581.5,6,536.5,599.0,0.0,0.0,0.0,0.0,52
2023-05-09 21:30:51,OI311P8500,OI311P8500,536.5,0.0,0.0,0.0,30,573.5,581.5,12,536.5,599.0,0.0,0.0,0.0,0.0,52
2023-05-09 21:30:56,OI311P8500,OI311P8500,536.5,0.0,0.0,0.0,36,573.5,581.5,6,536.5,599.0,0.0,0.0,0.0,0.0,52
2023-05-09 21:30:56,OI311P8500,OI311P8500,536.5,0.0,0.0,0.0,30,573.5,582.5,2,536.5,599.0,0.0,0.0,0.0,0.0,52
2023-05-09 21:30:56,OI311P8500,OI311P8500,536.5,0.0,0.0,0.0,36,573.5,582.5,8,536.5,599.0,0.0,0.0,0.0,0.0,52
2023-05-09 21:30:58,OI311P8500,OI311P8500,536.5,0.0,0.0,0.0,8,574.5,582.5,14,536.5,599.0,0.0,0.0,0.0,0.0,52
2023-05-09 21:30:58,OI311P8500,OI311P8500,536.5,0.0,0.0,0.0,14,574.5,582.5,14,536.5,599.0,0.0,0.0,0.0,0.0,52
2023-05-09 21:30:59,OI311P8500,OI311P8500,536.5,0.0,0.0,0.0,6,575.5,582.5,14,536.5,599.0,0.0,0.0,0.0,0.0,52
2023-05-09 21:31:05,OI311P8500,OI311P8500,536.5,0.0,0.0,0.0,8,574.5,582.5,14,536.5,599.0,0.0,0.0,0.0,0.0,52
2023-05-09 21:31:05,OI311P8500,OI311P8500,536.5,0.0,0.0,0.0,2,574.5,582.5,14,536.5,599.0,0.0,0.0,0.0,0.0,52
2023-05-09 21:31:12,OI311P8500,OI311P8500,536.5,0.0,0.0,0.0,8,574.5,582.5,14,536.5,599.0,0.0,0.0,0.0,0.0,52
2023-05-09 21:31:12,OI311P8500,OI311P8500,536.5,0.0,0.0,0.0,8,574.5,582.5,8,536.5,599.0,0.0,0.0,0.0,0.0,52
2023-05-09 21:31:13,OI311P8500,OI311P8500,536.5,0.0,0.0,0.0,6,575.5,582.5,8,536.5,599.0,0.0,0.0,0.0,0.0,52
2023-05-09 21:31:13,OI311P8500,OI311P8500,536.5,0.0,0.0,0.0,18,575.5,582.5,8,536.5,599.0,0.0,0.0,0.0,0.0,52
2023-05-09 21:31:14,OI311P8500,OI311P8500,536.5,0.0,0.0,0.0,2,574.5,582.5,14,536.5,599.0,0.0,0.0,0.0,0.0,52
2023-05-09 21:31:18,OI311P8500,OI311P8500,536.5,0.0,0.0,0.0,2,574.5,581.5,6,536.5,599.0,0.0,0.0,0.0,0.0,52
2023-05-09 21:31:19,OI311P8500,OI311P8500,536.5,0.0,0.0,0.0,2,574.5,581.5,12,536.5,599.0,0.0,0.0,0.0,0.0,52
2023-05-09 21:31:21,OI311P8500,OI311P8500,536.5,0.0,0.0,0.0,8,574.5,581.5,12,536.5,599.0,0.0,0.0,0.0,0.0,52
2023-05-09 21:31:21,OI311P8500,OI311P8500,536.5,0.0,0.0,0.0,8,574.5,581.5,6,536.5,599.0,0.0,0.0,0.0,0.0,52
2023-05-09 21:31:25,OI311P8500,OI311P8500,536.5,0.0,0.0,0.0,8,574.5,582.0,6,536.5,599.0,0.0,0.0,0.0,0.0,52
2023-05-09 21:31:25,OI311P8500,OI311P8500,536.5,0.0,0.0,0.0,8,574.5,582.5,14,536.5,599.0,0.0,0.0,0.0,0.0,52
2023-05-09 21:31:26,OI311P8500,OI311P8500,536.5,0.0,0.0,0.0,8,574.5,582.5,8,536.5,599.0,0.0,0.0,0.0,0.0,52
2023-05-09 21:31:26,OI311P8500,OI311P8500,536.5,0.0,0.0,0.0,14,574.5,582.5,2,536.5,599.0,0.0,0.0,0.0,0.0,52
2023-05-09 21:31:37,OI311P8500,OI311P8500,536.5,0.0,0.0,0.0,18,575.5,582.5,2,536.5,599.0,0.0,0.0,0.0,0.0,52
2023-05-09 21:31:37,OI311P8500,OI311P8500,536.5,0.0,0.0,0.0,24,575.5,582.5,2,536.5,599.0,0.0,0.0,0.0,0.0,52
2023-05-09 21:31:38,OI311P8500,OI311P8500,536.5,0.0,0.0,0.0,30,575.5,582.5,2,536.5,599.0,0.0,0.0,0.0,0.0,52
2023-05-09 21:31:41,OI311P8500,OI311P8500,536.5,0.0,0.0,0.0,30,575.5,582.5,8,536.5,599.0,0.0,0.0,0.0,0.0,52
2023-05-09 21:31:47,OI311P8500,OI311P8500,536.5,0.0,0.0,0.0,24,575.5,582.5,8,536.5,599.0,0.0,0.0,0.0,0.0,52
2023-05-09 21:31:56,OI311P8500,OI311P8500,536.5,0.0,0.0,0.0,18,575.5,582.5,8,536.5,599.0,0.0,0.0,0.0,0.0,52
2023-05-09 21:32:02,OI311P8500,OI311P8500,536.5,0.0,0.0,0.0,24,575.5,582.5,2,536.5,599.0,0.0,0.0,0.0,0.0,52
2023-05-09 21:32:04,OI311P8500,OI311P8500,536.5,0.0,0.0,0.0,24,575.5,582.5,8,536.5,599.0,0.0,0.0,0.0,0.0,52
2023-05-09 21:32:12,OI311P8500,OI311P8500,536.5,0.0,0.0,0.0,24,575.5,582.5,2,536.5,599.0,0.0,0.0,0.0,0.0,52
2023-05-09 21:32:18,OI311P8500,OI311P8500,536.5,0.0,0.0,0.0,6,577.0,582.5,2,536.5,599.0,0.0,0.0,0.0,0.0,52
2023-05-09 21:32:19,OI311P8500,OI311P8500,536.5,0.0,0.0,0.0,30,577.0,585.5,24,536.5,599.0,0.0,0.0,0.0,0.0,52
2023-05-09 21:32:19,OI311P8500,OI311P8500,536.5,0.0,0.0,0.0,36,577.0,585.5,12,536.5,599.0,0.0,0.0,0.0,0.0,52
2023-05-09 21:32:20,OI311P8500,OI311P8500,536.5,0.0,0.0,0.0,2,577.5,585.5,12,536.5,599.0,0.0,0.0,0.0,0.0,52
2023-05-09 21:32:20,OI311P8500,OI311P8500,536.5,0.0,0.0,0.0,12,579.0,587.0,24,536.5,599.0,0.0,0.0,0.0,0.0,52
2023-05-09 21:32:21,OI311P8500,OI311P8500,536.5,0.0,0.0,0.0,30,579.0,587.0,12,536.5,599.0,0.0,0.0,0.0,0.0,52
2023-05-09 21:32:21,OI311P8500,OI311P8500,536.5,0.0,0.0,0.0,30,579.0,587.0,6,536.5,599.0,0.0,0.0,0.0,0.0,52
2023-05-09 21:32:22,OI311P8500,OI311P8500,536.5,0.0,0.0,0.0,30,579.0,588.0,12,536.5,599.0,0.0,0.0,0.0,0.0,52
2023-05-09 21:32:23,OI311P8500,OI311P8500,536.5,0.0,0.0,0.0,36,579.0,588.0,12,536.5,599.0,0.0,0.0,0.0,0.0,52
2023-05-09 21:32:24,OI311P8500,OI311P8500,536.5,0.0,0.0,0.0,6,580.5,588.0,12,536.5,599.0,0.0,0.0,0.0,0.0,52
2023-05-09 21:32:25,OI311P8500,OI311P8500,536.5,0.0,0.0,0.0,20,581.0,588.5,2,536.5,599.0,0.0,0.0,0.0,0.0,52
2023-05-09 21:32:25,OI311P8500,OI311P8500,536.5,0.0,0.0,0.0,26,581.0,588.5,2,536.5,599.0,0.0,0.0,0.0,0.0,52
2023-05-09 21:32:26,OI311P8500,OI311P8500,536.5,0.0,0.0,0.0,18,582.5,589.5,6,536.5,599.0,0.0,0.0,0.0,0.0,52
2023-05-09 21:32:26,OI311P8500,OI311P8500,536.5,0.0,0.0,0.0,24,582.5,591.0,12,536.5,599.0,0.0,0.0,0.0,0.0,52
2023-05-09 21:32:27,OI311P8500,OI311P8500,536.5,0.0,0.0,0.0,30,584.5,593.5,18,536.5,599.0,0.0,0.0,0.0,0.0,52
2023-05-09 21:32:28,OI311P8500,OI311P8500,536.5,0.0,0.0,0.0,24,584.5,592.5,8,536.5,599.0,0.0,0.0,0.0,0.0,52
2023-05-09 21:32:28,OI311P8500,OI311P8500,536.5,0.0,0.0,0.0,24,584.5,592.5,14,536.5,599.0,0.0,0.0,0.0,0.0,52
2023-05-09 21:32:29,OI311P8500,OI311P8500,536.5,0.0,0.0,0.0,18,584.5,592.5,14,536.5,599.0,0.0,0.0,0.0,0.0,52
2023-05-09 21:32:32,OI311P8500,OI311P8500,536.5,0.0,0.0,0.0,24,584.5,592.5,14,536.5,599.0,0.0,0.0,0.0,0.0,52
2023-05-09 21:32:32,OI311P8500,OI311P8500,536.5,0.0,0.0,0.0,6,585.0,592.5,8,536.5,599.0,0.0,0.0,0.0,0.0,52
2023-05-09 21:32:33,OI311P8500,OI311P8500,536.5,0.0,0.0,0.0,18,585.0,592.5,2,536.5,599.0,0.0,0.0,0.0,0.0,52
2023-05-09 21:32:33,OI311P8500,OI311P8500,536.5,0.0,0.0,0.0,18,585.0,592.5,8,536.5,599.0,0.0,0.0,0.0,0.0,52
2023-05-09 21:32:37,OI311P8500,OI311P8500,536.5,0.0,0.0,0.0,18,585.0,592.5,2,536.5,599.0,0.0,0.0,0.0,0.0,52
2023-05-09 21:32:38,OI311P8500,OI311P8500,536.5,0.0,0.0,0.0,18,585.0,592.5,8,536.5,599.0,0.0,0.0,0.0,0.0,52
2023-05-09 21:32:43,OI311P8500,OI311P8500,536.5,0.0,0.0,0.0,18,585.0,592.5,2,536.5,599.0,0.0,0.0,0.0,0.0,52
2023-05-09 21:32:44,OI311P8500,OI311P8500,536.5,0.0,0.0,0.0,18,585.0,592.5,8,536.5,599.0,0.0,0.0,0.0,0.0,52
2023-05-09 21:32:48,OI311P8500,OI311P8500,536.5,0.0,0.0,0.0,6,585.0,592.5,8,536.5,599.0,0.0,0.0,0.0,0.0,52
2023-05-09 21:32:51,OI311P8500,OI311P8500,536.5,0.0,0.0,0.0,12,585.0,592.5,8,536.5,599.0,0.0,0.0,0.0,0.0,52
2023-05-09 21:32:52,OI311P8500,OI311P8500,536.5,0.0,0.0,0.0,6,585.0,592.5,8,536.5,599.0,0.0,0.0,0.0,0.0,52
2023-05-09 21:32:55,OI311P8500,OI311P8500,536.5,0.0,0.0,0.0,6,584.5,592.5,8,536.5,599.0,0.0,0.0,0.0,0.0,52
2023-05-09 21:32:56,OI311P8500,OI311P8500,536.5,0.0,0.0,0.0,12,584.0,592.5,20,536.5,599.0,0.0,0.0,0.0,0.0,52
2023-05-09 21:32:59,OI311P8500,OI311P8500,536.5,0.0,0.0,0.0,6,584.0,591.5,6,536.5,599.0,0.0,0.0,0.0,0.0,52
2023-05-09 21:32:59,OI311P8500,OI311P8500,536.5,0.0,0.0,0.0,20,583.5,591.5,18,536.5,599.0,0.0,0.0,0.0,0.0,52
2023-05-09 21:33:01,OI311P8500,OI311P8500,536.5,0.0,0.0,0.0,26,583.5,591.5,18,536.5,599.0,0.0,0.0,0.0,0.0,52
2023-05-09 21:33:03,OI311P8500,OI311P8500,536.5,0.0,0.0,0.0,8,583.5,590.0,14,536.5,599.0,0.0,0.0,0.0,0.0,52
2023-05-09 21:33:04,OI311P8500,OI311P8500,536.5,0.0,0.0,0.0,6,583.5,590.0,14,536.5,599.0,0.0,0.0,0.0,0.0,52
2023-05-09 21:33:04,OI311P8500,OI311P8500,536.5,0.0,0.0,0.0,18,582.0,590.0,14,536.5,599.0,0.0,0.0,0.0,0.0,52
2023-05-09 21:33:05,OI311P8500,OI311P8500,536.5,0.0,0.0,0.0,20,581.0,590.0,26,536.5,599.0,0.0,0.0,0.0,0.0,52
2023-05-09 21:33:06,OI311P8500,OI311P8500,536.5,0.0,0.0,0.0,20,581.0,589.5,6,536.5,599.0,0.0,0.0,0.0,0.0,52
2023-05-09 21:33:06,OI311P8500,OI311P8500,536.5,0.0,0.0,0.0,14,581.0,589.5,12,536.5,599.0,0.0,0.0,0.0,0.0,52
2023-05-09 21:33:11,OI311P8500,OI311P8500,536.5,0.0,0.0,0.0,20,581.0,589.5,6,536.5,599.0,0.0,0.0,0.0,0.0,52
2023-05-09 21:33:12,OI311P8500,OI311P8500,536.5,0.0,0.0,0.0,20,581.0,590.0,26,536.5,599.0,0.0,0.0,0.0,0.0,52
2023-05-09 21:33:15,OI311P8500,OI311P8500,536.5,0.0,0.0,0.0,6,581.5,590.0,14,536.5,599.0,0.0,0.0,0.0,0.0,52
2023-05-09 21:33:27,OI311P8500,OI311P8500,536.5,0.0,0.0,0.0,8,581.0,588.0,14,536.5,599.0,0.0,0.0,0.0,0.0,52
2023-05-09 21:33:29,OI311P8500,OI311P8500,536.5,0.0,0.0,0.0,14,581.0,588.0,14,536.5,599.0,0.0,0.0,0.0,0.0,52
2023-05-09 21:33:30,OI311P8500,OI311P8500,536.5,0.0,0.0,0.0,8,581.0,588.0,14,536.5,599.0,0.0,0.0,0.0,0.0,52
2023-05-09 21:33:31,OI311P8500,OI311P8500,536.5,0.0,0.0,0.0,6,581.0,588.0,14,536.5,599.0,0.0,0.0,0.0,0.0,52
2023-05-09 21:33:34,OI311P8500,OI311P8500,536.5,0.0,0.0,0.0,12,580.0,588.0,20,536.5,599.0,0.0,0.0,0.0,0.0,52
2023-05-09 21:33:35,OI311P8500,OI311P8500,536.5,0.0,0.0,0.0,12,579.5,588.0,20,536.5,599.0,0.0,0.0,0.0,0.0,52
2023-05-09 21:33:45,OI311P8500,OI311P8500,536.5,0.0,0.0,0.0,12,578.5,587.5,18,536.5,599.0,0.0,0.0,0.0,0.0,52
2023-05-09 21:33:45,OI311P8500,OI311P8500,536.5,0.0,0.0,0.0,18,578.5,587.5,24,536.5,599.0,0.0,0.0,0.0,0.0,52
2023-05-09 21:33:46,OI311P8500,OI311P8500,536.5,0.0,0.0,0.0,18,578.5,587.5,30,536.5,599.0,0.0,0.0,0.0,0.0,52
2023-05-09 21:33:48,OI311P8500,OI311P8500,536.5,0.0,0.0,0.0,18,578.5,586.0,2,536.5,599.0,0.0,0.0,0.0,0.0,52
2023-05-09 21:33:48,OI311P8500,OI311P8500,536.5,0.0,0.0,0.0,18,578.5,586.0,8,536.5,599.0,0.0,0.0,0.0,0.0,52
2023-05-09 21:33:49,OI311P8500,OI311P8500,536.5,0.0,0.0,0.0,12,578.5,586.0,8,536.5,599.0,0.0,0.0,0.0,0.0,52
2023-05-09 21:33:49,OI311P8500,OI311P8500,536.5,0.0,0.0,0.0,6,578.5,586.0,14,536.5,599.0,0.0,0.0,0.0,0.0,52
2023-05-09 21:33:56,OI311P8500,OI311P8500,536.5,0.0,0.0,0.0,12,577.5,586.0,20,536.5,599.0,0.0,0.0,0.0,0.0,52
2023-05-09 21:33:57,OI311P8500,OI311P8500,536.5,0.0,0.0,0.0,6,577.0,585.5,18,536.5,599.0,0.0,0.0,0.0,0.0,52
2023-05-09 21:33:57,OI311P8500,OI311P8500,536.5,0.0,0.0,0.0,18,576.5,585.5,18,536.5,599.0,0.0,0.0,0.0,0.0,52
2023-05-09 21:33:59,OI311P8500,OI311P8500,536.5,0.0,0.0,0.0,6,577.0,585.5,12,536.5,599.0,0.0,0.0,0.0,0.0,52
2023-05-09 21:34:00,OI311P8500,OI311P8500,536.5,0.0,0.0,0.0,18,577.0,585.5,12,536.5,599.0,0.0,0.0,0.0,0.0,52
2023-05-09 21:34:02,OI311P8500,OI311P8500,536.5,0.0,0.0,0.0,6,577.0,584.5,2,536.5,599.0,0.0,0.0,0.0,0.0,52
2023-05-09 21:34:02,OI311P8500,OI311P8500,536.5,0.0,0.0,0.0,6,577.0,584.5,14,536.5,599.0,0.0,0.0,0.0,0.0,52
2023-05-09 21:34:07,OI311P8500,OI311P8500,536.5,0.0,0.0,0.0,12,577.0,584.5,14,536.5,599.0,0.0,0.0,0.0,0.0,52
2023-05-09 21:34:07,OI311P8500,OI311P8500,536.5,0.0,0.0,0.0,18,577.0,584.5,8,536.5,599.0,0.0,0.0,0.0,0.0,52
2023-05-09 21:34:07,OI311P8500,OI311P8500,536.5,0.0,0.0,0.0,18,577.0,584.5,2,536.5,599.0,0.0,0.0,0.0,0.0,52
2023-05-09 21:34:09,OI311P8500,OI311P8500,536.5,0.0,0.0,0.0,6,579.0,584.5,2,536.5,599.0,0.0,0.0,0.0,0.0,52
2023-05-09 21:34:10,OI311P8500,OI311P8500,536.5,0.0,0.0,0.0,12,579.0,584.5,2,536.5,599.0,0.0,0.0,0.0,0.0,52
2023-05-09 21:34:11,OI311P8500,OI311P8500,536.5,0.0,0.0,0.0,6,579.0,584.5,2,536.5,599.0,0.0,0.0,0.0,0.0,52
2023-05-09 21:34:13,OI311P8500,OI311P8500,536.5,0.0,0.0,0.0,12,579.0,584.5,2,536.5,599.0,0.0,0.0,0.0,0.0,52
2023-05-09 21:34:15,OI311P8500,OI311P8500,536.5,0.0,0.0,0.0,12,579.0,584.5,8,536.5,599.0,0.0,0.0,0.0,0.0,52
2023-05-09 21:34:17,OI311P8500,OI311P8500,536.5,0.0,0.0,0.0,12,577.0,584.5,8,536.5,599.0,0.0,0.0,0.0,0.0,52
2023-05-09 21:34:17,OI311P8500,OI311P8500,536.5,0.0,0.0,0.0,6,577.5,584.5,8,536.5,599.0,0.0,0.0,0.0,0.0,52
2023-05-09 21:34:18,OI311P8500,OI311P8500,536.5,0.0,0.0,0.0,12,577.0,584.5,8,536.5,599.0,0.0,0.0,0.0,0.0,52
2023-05-09 21:34:18,OI311P8500,OI311P8500,536.5,0.0,0.0,0.0,6,577.0,584.5,8,536.5,599.0,0.0,0.0,0.0,0.0,52
2023-05-09 21:34:22,OI311P8500,OI311P8500,536.5,0.0,0.0,0.0,6,576.5,584.5,8,536.5,599.0,0.0,0.0,0.0,0.0,52
2023-05-09 21:34:22,OI311P8500,OI311P8500,536.5,0.0,0.0,0.0,2,576.0,584.5,14,536.5,599.0,0.0,0.0,0.0,0.0,52
2023-05-09 21:34:23,OI311P8500,OI311P8500,536.5,0.0,0.0,0.0,12,575.5,584.0,6,536.5,599.0,0.0,0.0,0.0,0.0,52
2023-05-09 21:34:23,OI311P8500,OI311P8500,536.5,0.0,0.0,0.0,12,575.5,584.0,12,536.5,599.0,0.0,0.0,0.0,0.0,52
2023-05-09 21:34:24,OI311P8500,OI311P8500,536.5,0.0,0.0,0.0,12,575.5,581.5,8,536.5,599.0,0.0,0.0,0.0,0.0,52
2023-05-09 21:34:25,OI311P8500,OI311P8500,536.5,0.0,0.0,0.0,18,575.5,581.5,8,536.5,599.0,0.0,0.0,0.0,0.0,52
2023-05-09 21:34:25,OI311P8500,OI311P8500,536.5,0.0,0.0,0.0,12,575.5,581.5,14,536.5,599.0,0.0,0.0,0.0,0.0,52
2023-05-09 21:34:26,OI311P8500,OI311P8500,536.5,0.0,0.0,0.0,18,575.5,581.5,8,536.5,599.0,0.0,0.0,0.0,0.0,52
2023-05-09 21:34:28,OI311P8500,OI311P8500,536.5,0.0,0.0,0.0,12,575.5,581.5,14,536.5,599.0,0.0,0.0,0.0,0.0,52
2023-05-09 21:34:29,OI311P8500,OI311P8500,536.5,0.0,0.0,0.0,18,575.5,581.5,8,536.5,599.0,0.0,0.0,0.0,0.0,52
2023-05-09 21:34:31,OI311P8500,OI311P8500,536.5,0.0,0.0,0.0,12,575.5,581.5,14,536.5,599.0,0.0,0.0,0.0,0.0,52
2023-05-09 21:34:36,OI311P8500,OI311P8500,536.5,0.0,0.0,0.0,18,575.5,581.5,8,536.5,599.0,0.0,0.0,0.0,0.0,52
2023-05-09 21:34:40,OI311P8500,OI311P8500,536.5,0.0,0.0,0.0,12,575.5,581.5,14,536.5,599.0,0.0,0.0,0.0,0.0,52
2023-05-09 21:34:44,OI311P8500,OI311P8500,536.5,0.0,0.0,0.0,18,575.5,581.5,8,536.5,599.0,0.0,0.0,0.0,0.0,52
2023-05-09 21:34:45,OI311P8500,OI311P8500,536.5,0.0,0.0,0.0,12,575.5,581.5,14,536.5,599.0,0.0,0.0,0.0,0.0,52
2023-05-09 21:34:48,OI311P8500,OI311P8500,536.5,0.0,0.0,0.0,18,575.5,581.5,8,536.5,599.0,0.0,0.0,0.0,0.0,52
2023-05-09 21:34:51,OI311P8500,OI311P8500,536.5,0.0,0.0,0.0,12,575.5,581.5,14,536.5,599.0,0.0,0.0,0.0,0.0,52
2023-05-09 21:35:03,OI311P8500,OI311P8500,536.5,0.0,0.0,0.0,6,575.5,581.5,20,536.5,599.0,0.0,0.0,0.0,0.0,52
2023-05-09 21:35:04,OI311P8500,OI311P8500,536.5,0.0,0.0,0.0,6,575.0,581.5,20,536.5,599.0,0.0,0.0,0.0,0.0,52
2023-05-09 21:35:04,OI311P8500,OI311P8500,536.5,0.0,0.0,0.0,18,573.5,581.5,20,536.5,599.0,0.0,0.0,0.0,0.0,52
2023-05-09 21:35:05,OI311P8500,OI311P8500,536.5,0.0,0.0,0.0,12,573.5,581.5,20,536.5,599.0,0.0,0.0,0.0,0.0,52
2023-05-09 21:35:06,OI311P8500,OI311P8500,536.5,0.0,0.0,0.0,6,573.5,581.0,6,536.5,599.0,0.0,0.0,0.0,0.0,52
2023-05-09 21:35:06,OI311P8500,OI311P8500,536.5,0.0,0.0,0.0,6,572.5,581.0,6,536.5,599.0,0.0,0.0,0.0,0.0,52
2023-05-09 21:35:07,OI311P8500,OI311P8500,536.5,0.0,0.0,0.0,24,571.5,581.0,18,536.5,599.0,0.0,0.0,0.0,0.0,52
2023-05-09 21:35:10,OI311P8500,OI311P8500,536.5,0.0,0.0,0.0,18,573.0,581.0,12,536.5,599.0,0.0,0.0,0.0,0.0,52
2023-05-09 21:35:13,OI311P8500,OI311P8500,536.5,0.0,0.0,0.0,6,573.0,581.0,12,536.5,599.0,0.0,0.0,0.0,0.0,52
2023-05-09 21:35:14,OI311P8500,OI311P8500,536.5,0.0,0.0,0.0,18,571.5,579.0,8,536.5,599.0,0.0,0.0,0.0,0.0,52
2023-05-09 21:35:19,OI311P8500,OI311P8500,536.5,0.0,0.0,0.0,18,571.5,579.0,2,536.5,599.0,0.0,0.0,0.0,0.0,52
2023-05-09 21:35:20,OI311P8500,OI311P8500,536.5,0.0,0.0,0.0,18,571.5,579.0,8,536.5,599.0,0.0,0.0,0.0,0.0,52
2023-05-09 21:35:21,OI311P8500,OI311P8500,536.5,0.0,0.0,0.0,18,571.5,579.0,2,536.5,599.0,0.0,0.0,0.0,0.0,52
2023-05-09 21:35:22,OI311P8500,OI311P8500,536.5,0.0,0.0,0.0,6,573.0,579.0,2,536.5,599.0,0.0,0.0,0.0,0.0,52
2023-05-09 21:35:22,OI311P8500,OI311P8500,536.5,0.0,0.0,0.0,18,573.0,579.0,2,536.5,599.0,0.0,0.0,0.0,0.0,52
2023-05-09 21:35:25,OI311P8500,OI311P8500,536.5,0.0,0.0,0.0,24,573.0,579.0,2,536.5,599.0,0.0,0.0,0.0,0.0,52
2023-05-09 21:35:33,OI311P8500,OI311P8500,536.5,0.0,0.0,0.0,24,573.0,580.5,6,536.5,599.0,0.0,0.0,0.0,0.0,52
2023-05-09 21:35:34,OI311P8500,OI311P8500,536.5,0.0,0.0,0.0,6,575.0,580.5,6,536.5,599.0,0.0,0.0,0.0,0.0,52
2023-05-09 21:35:34,OI311P8500,OI311P8500,536.5,0.0,0.0,0.0,24,575.0,581.5,2,536.5,599.0,0.0,0.0,0.0,0.0,52
2023-05-09 21:35:36,OI311P8500,OI311P8500,536.5,0.0,0.0,0.0,36,575.0,581.5,2,536.5,599.0,0.0,0.0,0.0,0.0,52
2023-05-09 21:35:40,OI311P8500,OI311P8500,536.5,0.0,0.0,0.0,30,575.0,581.5,8,536.5,599.0,0.0,0.0,0.0,0.0,52
2023-05-09 21:35:42,OI311P8500,OI311P8500,536.5,0.0,0.0,0.0,36,575.0,581.5,2,536.5,599.0,0.0,0.0,0.0,0.0,52
2023-05-09 21:35:43,OI311P8500,OI311P8500,536.5,0.0,0.0,0.0,6,576.5,583.5,12,536.5,599.0,0.0,0.0,0.0,0.0,52
2023-05-09 21:35:44,OI311P8500,OI311P8500,536.5,0.0,0.0,0.0,18,576.5,583.5,6,536.5,599.0,0.0,0.0,0.0,0.0,52
2023-05-09 21:35:44,OI311P8500,OI311P8500,536.5,0.0,0.0,0.0,24,576.5,584.5,12,536.5,599.0,0.0,0.0,0.0,0.0,52
2023-05-09 21:35:44,OI311P8500,OI311P8500,536.5,0.0,0.0,0.0,18,576.5,584.5,12,536.5,599.0,0.0,0.0,0.0,0.0,52
2023-05-09 21:35:49,OI311P8500,OI311P8500,536.5,0.0,0.0,0.0,12,576.5,584.5,12,536.5,599.0,0.0,0.0,0.0,0.0,52
2023-05-09 21:36:00,OI311P8500,OI311P8500,536.5,0.0,0.0,0.0,18,576.5,584.5,12,536.5,599.0,0.0,0.0,0.0,0.0,52
2023-05-09 21:36:02,OI311P8500,OI311P8500,536.5,0.0,0.0,0.0,12,576.5,584.5,12,536.5,599.0,0.0,0.0,0.0,0.0,52
2023-05-09 21:36:04,OI311P8500,OI311P8500,536.5,0.0,0.0,0.0,12,576.5,583.0,12,536.5,599.0,0.0,0.0,0.0,0.0,52
2023-05-09 21:36:07,OI311P8500,OI311P8500,536.5,0.0,0.0,0.0,6,576.0,583.0,24,536.5,599.0,0.0,0.0,0.0,0.0,52
2023-05-09 21:36:09,OI311P8500,OI311P8500,536.5,0.0,0.0,0.0,8,575.5,583.0,24,536.5,599.0,0.0,0.0,0.0,0.0,52
2023-05-09 21:36:11,OI311P8500,OI311P8500,536.5,0.0,0.0,0.0,14,575.5,583.0,24,536.5,599.0,0.0,0.0,0.0,0.0,52
2023-05-09 21:36:12,OI311P8500,OI311P8500,536.5,0.0,0.0,0.0,8,575.5,583.0,24,536.5,599.0,0.0,0.0,0.0,0.0,52
2023-05-09 21:36:23,OI311P8500,OI311P8500,536.5,0.0,0.0,0.0,8,575.5,583.0,36,536.5,599.0,0.0,0.0,0.0,0.0,52
2023-05-09 21:36:24,OI311P8500,OI311P8500,536.5,0.0,0.0,0.0,6,575.5,583.0,36,536.5,599.0,0.0,0.0,0.0,0.0,52
2023-05-09 21:36:24,OI311P8500,OI311P8500,536.5,0.0,0.0,0.0,6,574.5,581.0,14,536.5,599.0,0.0,0.0,0.0,0.0,52
2023-05-09 21:36:25,OI311P8500,OI311P8500,536.5,0.0,0.0,0.0,6,574.0,581.0,14,536.5,599.0,0.0,0.0,0.0,0.0,52
2023-05-09 21:36:25,OI311P8500,OI311P8500,536.5,0.0,0.0,0.0,18,573.5,581.0,14,536.5,599.0,0.0,0.0,0.0,0.0,52
2023-05-09 21:36:30,OI311P8500,OI311P8500,536.5,0.0,0.0,0.0,18,573.5,581.0,8,536.5,599.0,0.0,0.0,0.0,0.0,52
2023-05-09 21:37:01,OI311P8500,OI311P8500,536.5,0.0,0.0,0.0,18,573.5,581.0,14,536.5,599.0,0.0,0.0,0.0,0.0,52
2023-05-09 21:37:02,OI311P8500,OI311P8500,536.5,0.0,0.0,0.0,12,573.5,581.0,14,536.5,599.0,0.0,0.0,0.0,0.0,52
2023-05-09 21:37:05,OI311P8500,OI311P8500,536.5,0.0,0.0,0.0,12,573.5,581.0,8,536.5,599.0,0.0,0.0,0.0,0.0,52
2023-05-09 21:37:06,OI311P8500,OI311P8500,536.5,0.0,0.0,0.0,12,573.5,581.0,2,536.5,599.0,0.0,0.0,0.0,0.0,52
2023-05-09 21:37:07,OI311P8500,OI311P8500,536.5,0.0,0.0,0.0,18,575.0,581.0,2,536.5,599.0,0.0,0.0,0.0,0.0,52
2023-05-09 21:37:11,OI311P8500,OI311P8500,536.5,0.0,0.0,0.0,12,575.0,581.0,8,536.5,599.0,0.0,0.0,0.0,0.0,52
2023-05-09 21:37:12,OI311P8500,OI311P8500,536.5,0.0,0.0,0.0,18,575.0,581.0,2,536.5,599.0,0.0,0.0,0.0,0.0,52
2023-05-09 21:37:15,OI311P8500,OI311P8500,536.5,0.0,0.0,0.0,12,575.0,581.0,8,536.5,599.0,0.0,0.0,0.0,0.0,52
2023-05-09 21:37:16,OI311P8500,OI311P8500,536.5,0.0,0.0,0.0,18,575.0,581.0,2,536.5,599.0,0.0,0.0,0.0,0.0,52
2023-05-09 21:37:18,OI311P8500,OI311P8500,536.5,0.0,0.0,0.0,12,575.0,581.0,8,536.5,599.0,0.0,0.0,0.0,0.0,52
2023-05-09 21:37:19,OI311P8500,OI311P8500,536.5,0.0,0.0,0.0,6,575.0,581.0,8,536.5,599.0,0.0,0.0,0.0,0.0,52
2023-05-09 21:37:20,OI311P8500,OI311P8500,536.5,0.0,0.0,0.0,18,574.0,581.0,8,536.5,599.0,0.0,0.0,0.0,0.0,52
2023-05-09 21:37:20,OI311P8500,OI311P8500,536.5,0.0,0.0,0.0,12,574.0,581.0,8,536.5,599.0,0.0,0.0,0.0,0.0,52
2023-05-09 21:37:21,OI311P8500,OI311P8500,536.5,0.0,0.0,0.0,18,573.5,581.0,8,536.5,599.0,0.0,0.0,0.0,0.0,52
2023-05-09 21:37:22,OI311P8500,OI311P8500,536.5,0.0,0.0,0.0,18,573.5,581.0,2,536.5,599.0,0.0,0.0,0.0,0.0,52
2023-05-09 21:37:24,OI311P8500,OI311P8500,536.5,0.0,0.0,0.0,18,573.5,581.0,8,536.5,599.0,0.0,0.0,0.0,0.0,52
2023-05-09 21:37:26,OI311P8500,OI311P8500,536.5,0.0,0.0,0.0,12,573.5,581.0,8,536.5,599.0,0.0,0.0,0.0,0.0,52
2023-05-09 21:37:35,OI311P8500,OI311P8500,536.5,0.0,0.0,0.0,12,573.5,581.0,2,536.5,599.0,0.0,0.0,0.0,0.0,52
2023-05-09 21:37:42,OI311P8500,OI311P8500,536.5,0.0,0.0,0.0,6,574.5,581.0,2,536.5,599.0,0.0,0.0,0.0,0.0,52
2023-05-09 21:37:42,OI311P8500,OI311P8500,536.5,0.0,0.0,0.0,12,574.5,581.0,2,536.5,599.0,0.0,0.0,0.0,0.0,52
2023-05-09 21:37:46,OI311P8500,OI311P8500,536.5,0.0,0.0,0.0,12,574.5,581.0,8,536.5,599.0,0.0,0.0,0.0,0.0,52
2023-05-09 21:37:47,OI311P8500,OI311P8500,536.5,0.0,0.0,0.0,12,574.5,581.0,2,536.5,599.0,0.0,0.0,0.0,0.0,52
2023-05-09 21:37:58,OI311P8500,OI311P8500,536.5,0.0,0.0,0.0,6,574.5,581.0,8,536.5,599.0,0.0,0.0,0.0,0.0,52
2023-05-09 21:38:00,OI311P8500,OI311P8500,536.5,0.0,0.0,0.0,12,574.5,581.0,2,536.5,599.0,0.0,0.0,0.0,0.0,52
2023-05-09 21:38:06,OI311P8500,OI311P8500,536.5,0.0,0.0,0.0,12,574.5,582.5,18,536.5,599.0,0.0,0.0,0.0,0.0,52
2023-05-09 21:38:06,OI311P8500,OI311P8500,536.5,0.0,0.0,0.0,6,576.0,583.0,6,536.5,599.0,0.0,0.0,0.0,0.0,52
2023-05-09 21:38:07,OI311P8500,OI311P8500,536.5,0.0,0.0,0.0,18,576.0,583.5,2,536.5,599.0,0.0,0.0,0.0,0.0,52
2023-05-09 21:38:07,OI311P8500,OI311P8500,536.5,0.0,0.0,0.0,12,576.5,583.5,2,536.5,599.0,0.0,0.0,0.0,0.0,52
2023-05-09 21:38:10,OI311P8500,OI311P8500,536.5,0.0,0.0,0.0,18,576.5,583.5,2,536.5,599.0,0.0,0.0,0.0,0.0,52
2023-05-09 21:38:11,OI311P8500,OI311P8500,536.5,0.0,0.0,0.0,24,576.5,583.5,2,536.5,599.0,0.0,0.0,0.0,0.0,52
2023-05-09 21:38:13,OI311P8500,OI311P8500,536.5,0.0,0.0,0.0,6,578.0,583.5,2,536.5,599.0,0.0,0.0,0.0,0.0,52
2023-05-09 21:38:13,OI311P8500,OI311P8500,536.5,0.0,0.0,0.0,18,578.0,583.5,2,536.5,599.0,0.0,0.0,0.0,0.0,52
2023-05-09 21:38:14,OI311P8500,OI311P8500,536.5,0.0,0.0,0.0,24,578.0,585.0,6,536.5,599.0,0.0,0.0,0.0,0.0,52
2023-05-09 21:38:15,OI311P8500,OI311P8500,536.5,0.0,0.0,0.0,6,578.5,586.0,12,536.5,599.0,0.0,0.0,0.0,0.0,52
2023-05-09 21:38:24,OI311P8500,OI311P8500,536.5,0.0,0.0,0.0,18,578.5,586.5,12,536.5,599.0,0.0,0.0,0.0,0.0,52
2023-05-09 21:38:24,OI311P8500,OI311P8500,536.5,0.0,0.0,0.0,18,578.5,587.0,20,536.5,599.0,0.0,0.0,0.0,0.0,52
2023-05-09 21:38:25,OI311P8500,OI311P8500,536.5,0.0,0.0,0.0,24,578.5,587.0,20,536.5,599.0,0.0,0.0,0.0,0.0,52
2023-05-09 21:38:28,OI311P8500,OI311P8500,536.5,0.0,0.0,0.0,12,579.5,587.0,20,536.5,599.0,0.0,0.0,0.0,0.0,52
2023-05-09 21:38:45,OI311P8500,OI311P8500,536.5,0.0,0.0,0.0,24,579.5,587.0,14,536.5,599.0,0.0,0.0,0.0,0.0,52
2023-05-09 21:38:45,OI311P8500,OI311P8500,536.5,0.0,0.0,0.0,30,579.5,587.0,8,536.5,599.0,0.0,0.0,0.0,0.0,52
2023-05-09 21:38:46,OI311P8500,OI311P8500,536.5,0.0,0.0,0.0,36,579.5,587.0,2,536.5,599.0,0.0,0.0,0.0,0.0,52
2023-05-09 21:38:47,OI311P8500,OI311P8500,536.5,0.0,0.0,0.0,36,579.5,587.0,8,536.5,599.0,0.0,0.0,0.0,0.0,52
2023-05-09 21:38:57,OI311P8500,OI311P8500,536.5,0.0,0.0,0.0,30,579.5,587.0,8,536.5,599.0,0.0,0.0,0.0,0.0,52
2023-05-09 21:39:06,OI311P8500,OI311P8500,536.5,0.0,0.0,0.0,36,579.5,587.0,2,536.5,599.0,0.0,0.0,0.0,0.0,52
2023-05-09 21:39:08,OI311P8500,OI311P8500,536.5,0.0,0.0,0.0,6,580.0,587.0,2,536.5,599.0,0.0,0.0,0.0,0.0,52
2023-05-09 21:39:09,OI311P8500,OI311P8500,536.5,0.0,0.0,0.0,12,580.0,587.0,2,536.5,599.0,0.0,0.0,0.0,0.0,52
2023-05-09 21:39:09,OI311P8500,OI311P8500,536.5,0.0,0.0,0.0,12,580.0,587.0,8,536.5,599.0,0.0,0.0,0.0,0.0,52
2023-05-09 21:39:10,OI311P8500,OI311P8500,536.5,0.0,0.0,0.0,12,580.0,587.0,2,536.5,599.0,0.0,0.0,0.0,0.0,52
2023-05-09 21:39:21,OI311P8500,OI311P8500,536.5,0.0,0.0,0.0,6,581.5,587.0,2,536.5,599.0,0.0,0.0,0.0,0.0,52
2023-05-09 21:39:21,OI311P8500,OI311P8500,536.5,0.0,0.0,0.0,12,581.5,587.0,2,536.5,599.0,0.0,0.0,0.0,0.0,52
2023-05-09 21:39:24,OI311P8500,OI311P8500,536.5,0.0,0.0,0.0,18,581.5,587.0,2,536.5,599.0,0.0,0.0,0.0,0.0,52
2023-05-09 21:39:24,OI311P8500,OI311P8500,536.5,0.0,0.0,0.0,12,581.5,587.0,2,536.5,599.0,0.0,0.0,0.0,0.0,52
2023-05-09 21:39:26,OI311P8500,OI311P8500,536.5,0.0,0.0,0.0,12,581.5,588.0,6,536.5,599.0,0.0,0.0,0.0,0.0,52
2023-05-09 21:39:26,OI311P8500,OI311P8500,536.5,0.0,0.0,0.0,6,582.0,588.5,12,536.5,599.0,0.0,0.0,0.0,0.0,52
2023-05-09 21:39:27,OI311P8500,OI311P8500,536.5,0.0,0.0,0.0,12,582.0,589.5,18,536.5,599.0,0.0,0.0,0.0,0.0,52
2023-05-09 21:39:34,OI311P8500,OI311P8500,536.5,0.0,0.0,0.0,6,582.0,589.5,18,536.5,599.0,0.0,0.0,0.0,0.0,52
2023-05-09 21:39:35,OI311P8500,OI311P8500,536.5,0.0,0.0,0.0,18,581.5,589.5,18,536.5,599.0,0.0,0.0,0.0,0.0,52
2023-05-09 21:39:36,OI311P8500,OI311P8500,536.5,0.0,0.0,0.0,12,581.5,589.5,18,536.5,599.0,0.0,0.0,0.0,0.0,52
2023-05-09 21:39:37,OI311P8500,OI311P8500,536.5,0.0,0.0,0.0,6,581.5,589.5,18,536.5,599.0,0.0,0.0,0.0,0.0,52
2023-05-09 21:39:37,OI311P8500,OI311P8500,536.5,0.0,0.0,0.0,2,580.5,589.5,12,536.5,599.0,0.0,0.0,0.0,0.0,52
2023-05-09 21:39:38,OI311P8500,OI311P8500,536.5,0.0,0.0,0.0,8,580.5,589.5,18,536.5,599.0,0.0,0.0,0.0,0.0,52
2023-05-09 21:39:44,OI311P8500,OI311P8500,536.5,0.0,0.0,0.0,14,580.5,589.5,18,536.5,599.0,0.0,0.0,0.0,0.0,52
2023-05-09 21:40:02,OI311P8500,OI311P8500,536.5,0.0,0.0,0.0,8,580.5,587.5,2,536.5,599.0,0.0,0.0,0.0,0.0,52
2023-05-09 21:40:03,OI311P8500,OI311P8500,536.5,0.0,0.0,0.0,2,580.5,587.5,20,536.5,599.0,0.0,0.0,0.0,0.0,52
2023-05-09 21:40:05,OI311P8500,OI311P8500,536.5,0.0,0.0,0.0,8,580.5,587.5,20,536.5,599.0,0.0,0.0,0.0,0.0,52
2023-05-09 21:40:06,OI311P8500,OI311P8500,536.5,0.0,0.0,0.0,2,580.5,587.5,20,536.5,599.0,0.0,0.0,0.0,0.0,52
2023-05-09 21:40:08,OI311P8500,OI311P8500,536.5,0.0,0.0,0.0,8,580.5,587.5,14,536.5,599.0,0.0,0.0,0.0,0.0,52
2023-05-09 21:40:11,OI311P8500,OI311P8500,536.5,0.0,0.0,0.0,8,580.5,587.5,8,536.5,599.0,0.0,0.0,0.0,0.0,52
2023-05-09 21:40:12,OI311P8500,OI311P8500,536.5,0.0,0.0,0.0,8,580.5,587.5,14,536.5,599.0,0.0,0.0,0.0,0.0,52
2023-05-09 21:40:16,OI311P8500,OI311P8500,536.5,0.0,0.0,0.0,8,580.5,587.5,8,536.5,599.0,0.0,0.0,0.0,0.0,52
2023-05-09 21:40:21,OI311P8500,OI311P8500,536.5,0.0,0.0,0.0,14,580.5,587.5,8,536.5,599.0,0.0,0.0,0.0,0.0,52
2023-05-09 21:40:28,OI311P8500,OI311P8500,536.5,0.0,0.0,0.0,6,582.0,587.5,8,536.5,599.0,0.0,0.0,0.0,0.0,52
2023-05-09 21:40:28,OI311P8500,OI311P8500,536.5,0.0,0.0,0.0,12,582.0,587.5,8,536.5,599.0,0.0,0.0,0.0,0.0,52
2023-05-09 21:40:33,OI311P8500,OI311P8500,536.5,0.0,0.0,0.0,18,582.0,587.5,8,536.5,599.0,0.0,0.0,0.0,0.0,52
2023-05-09 21:40:34,OI311P8500,OI311P8500,536.5,0.0,0.0,0.0,12,582.0,587.5,8,536.5,599.0,0.0,0.0,0.0,0.0,52
2023-05-09 21:40:37,OI311P8500,OI311P8500,536.5,0.0,0.0,0.0,18,582.0,589.0,6,536.5,599.0,0.0,0.0,0.0,0.0,52
2023-05-09 21:40:37,OI311P8500,OI311P8500,536.5,0.0,0.0,0.0,30,582.0,589.0,6,536.5,599.0,0.0,0.0,0.0,0.0,52
2023-05-09 21:40:38,OI311P8500,OI311P8500,536.5,0.0,0.0,0.0,36,582.0,589.0,6,536.5,599.0,0.0,0.0,0.0,0.0,52
2023-05-09 21:40:38,OI311P8500,OI311P8500,536.5,0.0,0.0,0.0,36,582.0,590.0,14,536.5,599.0,0.0,0.0,0.0,0.0,52
2023-05-09 21:40:40,OI311P8500,OI311P8500,536.5,0.0,0.0,0.0,30,582.0,590.0,14,536.5,599.0,0.0,0.0,0.0,0.0,52
2023-05-09 21:40:41,OI311P8500,OI311P8500,536.5,0.0,0.0,0.0,24,582.0,590.0,14,536.5,599.0,0.0,0.0,0.0,0.0,52
2023-05-09 21:40:45,OI311P8500,OI311P8500,536.5,0.0,0.0,0.0,18,582.0,590.0,14,536.5,599.0,0.0,0.0,0.0,0.0,52
2023-05-09 21:40:59,OI311P8500,OI311P8500,536.5,0.0,0.0,0.0,30,582.0,590.0,14,536.5,599.0,0.0,0.0,0.0,0.0,52
2023-05-09 21:41:04,OI311P8500,OI311P8500,536.5,0.0,0.0,0.0,24,582.0,590.0,14,536.5,599.0,0.0,0.0,0.0,0.0,52
2023-05-09 21:41:25,OI311P8500,OI311P8500,536.5,0.0,0.0,0.0,30,582.0,590.0,14,536.5,599.0,0.0,0.0,0.0,0.0,52
2023-05-09 21:42:00,OI311P8500,OI311P8500,536.5,0.0,0.0,0.0,24,582.0,590.0,14,536.5,599.0,0.0,0.0,0.0,0.0,52
2023-05-09 21:42:00,OI311P8500,OI311P8500,536.5,0.0,0.0,0.0,6,582.0,589.0,6,536.5,599.0,0.0,0.0,0.0,0.0,52
2023-05-09 21:42:01,OI311P8500,OI311P8500,536.5,0.0,0.0,0.0,6,582.0,589.0,12,536.5,599.0,0.0,0.0,0.0,0.0,52
2023-05-09 21:42:20,OI311P8500,OI311P8500,536.5,0.0,0.0,0.0,12,582.0,589.0,6,536.5,599.0,0.0,0.0,0.0,0.0,52
2023-05-09 21:42:20,OI311P8500,OI311P8500,536.5,0.0,0.0,0.0,18,582.0,590.0,14,536.5,599.0,0.0,0.0,0.0,0.0,52
2023-05-09 21:42:21,OI311P8500,OI311P8500,536.5,0.0,0.0,0.0,18,582.0,590.0,20,536.5,599.0,0.0,0.0,0.0,0.0,52
2023-05-09 21:42:22,OI311P8500,OI311P8500,536.5,0.0,0.0,0.0,12,582.0,590.0,20,536.5,599.0,0.0,0.0,0.0,0.0,52
2023-05-09 21:42:33,OI311P8500,OI311P8500,536.5,0.0,0.0,0.0,6,582.0,590.0,20,536.5,599.0,0.0,0.0,0.0,0.0,52
2023-05-09 21:42:37,OI311P8500,OI311P8500,536.5,0.0,0.0,0.0,6,582.0,589.0,6,536.5,599.0,0.0,0.0,0.0,0.0,52
2023-05-09 21:42:37,OI311P8500,OI311P8500,536.5,0.0,0.0,0.0,8,580.5,589.0,12,536.5,599.0,0.0,0.0,0.0,0.0,52
2023-05-09 21:42:37,OI311P8500,OI311P8500,536.5,0.0,0.0,0.0,14,580.5,589.0,18,536.5,599.0,0.0,0.0,0.0,0.0,52
2023-05-09 21:42:43,OI311P8500,OI311P8500,536.5,0.0,0.0,0.0,8,580.5,587.5,2,536.5,599.0,0.0,0.0,0.0,0.0,52
2023-05-09 21:42:43,OI311P8500,OI311P8500,536.5,0.0,0.0,0.0,2,580.5,587.5,8,536.5,599.0,0.0,0.0,0.0,0.0,52
2023-05-09 21:42:44,OI311P8500,OI311P8500,536.5,0.0,0.0,0.0,2,580.5,587.5,14,536.5,599.0,0.0,0.0,0.0,0.0,52
2023-05-09 21:42:46,OI311P8500,OI311P8500,536.5,0.0,0.0,0.0,18,579.5,587.5,14,536.5,599.0,0.0,0.0,0.0,0.0,52
2023-05-09 21:42:46,OI311P8500,OI311P8500,536.5,0.0,0.0,0.0,12,579.5,587.5,20,536.5,599.0,0.0,0.0,0.0,0.0,52
2023-05-09 21:42:52,OI311P8500,OI311P8500,536.5,0.0,0.0,0.0,6,579.5,587.5,20,536.5,599.0,0.0,0.0,0.0,0.0,52
2023-05-09 21:42:54,OI311P8500,OI311P8500,536.5,0.0,0.0,0.0,6,578.5,587.5,20,536.5,599.0,0.0,0.0,0.0,0.0,52
2023-05-09 21:42:54,OI311P8500,OI311P8500,536.5,0.0,0.0,0.0,20,578.0,587.5,20,536.5,599.0,0.0,0.0,0.0,0.0,52
2023-05-09 21:42:54,OI311P8500,OI311P8500,536.5,0.0,0.0,0.0,6,578.5,587.5,20,536.5,599.0,0.0,0.0,0.0,0.0,52
2023-05-09 21:42:54,OI311P8500,OI311P8500,536.5,0.0,0.0,0.0,20,578.0,587.5,20,536.5,599.0,0.0,0.0,0.0,0.0,52
2023-05-09 21:43:00,OI311P8500,OI311P8500,536.5,0.0,0.0,0.0,14,578.0,587.0,6,536.5,599.0,0.0,0.0,0.0,0.0,52
2023-05-09 21:43:02,OI311P8500,OI311P8500,536.5,0.0,0.0,0.0,14,578.0,587.0,12,536.5,599.0,0.0,0.0,0.0,0.0,52
2023-05-09 21:43:02,OI311P8500,OI311P8500,536.5,0.0,0.0,0.0,14,578.0,585.5,8,536.5,599.0,0.0,0.0,0.0,0.0,52
2023-05-09 21:43:02,OI311P8500,OI311P8500,536.5,0.0,0.0,0.0,14,578.0,585.5,14,536.5,599.0,0.0,0.0,0.0,0.0,52
2023-05-09 21:43:09,OI311P8500,OI311P8500,536.5,0.0,0.0,0.0,14,578.0,585.5,8,536.5,599.0,0.0,0.0,0.0,0.0,52
2023-05-09 21:43:18,OI311P8500,OI311P8500,536.5,0.0,0.0,0.0,6,580.0,585.5,8,536.5,599.0,0.0,0.0,0.0,0.0,52
2023-05-09 21:43:18,OI311P8500,OI311P8500,536.5,0.0,0.0,0.0,12,580.0,585.5,8,536.5,599.0,0.0,0.0,0.0,0.0,52
2023-05-09 21:43:19,OI311P8500,OI311P8500,536.5,0.0,0.0,0.0,24,580.0,585.5,8,536.5,599.0,0.0,0.0,0.0,0.0,52
2023-05-09 21:43:22,OI311P8500,OI311P8500,536.5,0.0,0.0,0.0,30,580.0,585.5,2,536.5,599.0,0.0,0.0,0.0,0.0,52
2023-05-09 21:43:23,OI311P8500,OI311P8500,536.5,0.0,0.0,0.0,36,580.0,585.5,2,536.5,599.0,0.0,0.0,0.0,0.0,52
2023-05-09 21:43:25,OI311P8500,OI311P8500,536.5,0.0,0.0,0.0,36,580.0,586.5,6,536.5,599.0,0.0,0.0,0.0,0.0,52
2023-05-09 21:43:25,OI311P8500,OI311P8500,536.5,0.0,0.0,0.0,6,582.0,587.0,12,536.5,599.0,0.0,0.0,0.0,0.0,52
2023-05-09 21:43:25,OI311P8500,OI311P8500,536.5,0.0,0.0,0.0,6,582.0,587.5,14,536.5,599.0,0.0,0.0,0.0,0.0,52
2023-05-09 21:43:29,OI311P8500,OI311P8500,536.5,0.0,0.0,0.0,12,582.0,587.5,8,536.5,599.0,0.0,0.0,0.0,0.0,52
2023-05-09 21:43:38,OI311P8500,OI311P8500,536.5,0.0,0.0,0.0,12,582.0,587.5,14,536.5,599.0,0.0,0.0,0.0,0.0,52
2023-05-09 21:43:40,OI311P8500,OI311P8500,536.5,0.0,0.0,0.0,6,582.0,587.5,14,536.5,599.0,0.0,0.0,0.0,0.0,52
2023-05-09 21:43:40,OI311P8500,OI311P8500,536.5,0.0,0.0,0.0,12,581.0,587.5,14,536.5,599.0,0.0,0.0,0.0,0.0,52
2023-05-09 21:43:42,OI311P8500,OI311P8500,536.5,0.0,0.0,0.0,18,581.0,587.5,8,536.5,599.0,0.0,0.0,0.0,0.0,52
2023-05-09 21:43:51,OI311P8500,OI311P8500,536.5,0.0,0.0,0.0,12,581.0,587.5,14,536.5,599.0,0.0,0.0,0.0,0.0,52
2023-05-09 21:43:52,OI311P8500,OI311P8500,536.5,0.0,0.0,0.0,6,581.0,587.5,14,536.5,599.0,0.0,0.0,0.0,0.0,52
2023-05-09 21:43:53,OI311P8500,OI311P8500,536.5,0.0,0.0,0.0,12,580.5,587.5,14,536.5,599.0,0.0,0.0,0.0,0.0,52
2023-05-09 21:44:02,OI311P8500,OI311P8500,536.5,0.0,0.0,0.0,12,580.5,587.5,20,536.5,599.0,0.0,0.0,0.0,0.0,52
2023-05-09 21:44:03,OI311P8500,OI311P8500,536.5,0.0,0.0,0.0,6,580.5,587.5,26,536.5,599.0,0.0,0.0,0.0,0.0,52
2023-05-09 21:44:07,OI311P8500,OI311P8500,536.5,0.0,0.0,0.0,6,580.0,587.5,32,536.5,599.0,0.0,0.0,0.0,0.0,52
2023-05-09 21:44:07,OI311P8500,OI311P8500,536.5,0.0,0.0,0.0,12,579.0,587.5,32,536.5,599.0,0.0,0.0,0.0,0.0,52
2023-05-09 21:44:12,OI311P8500,OI311P8500,536.5,0.0,0.0,0.0,12,579.0,587.5,26,536.5,599.0,0.0,0.0,0.0,0.0,52
2023-05-09 21:44:13,OI311P8500,OI311P8500,536.5,0.0,0.0,0.0,12,578.5,587.5,26,536.5,599.0,0.0,0.0,0.0,0.0,52
2023-05-09 21:44:18,OI311P8500,OI311P8500,536.5,0.0,0.0,0.0,12,578.5,587.5,32,536.5,599.0,0.0,0.0,0.0,0.0,52
2023-05-09 21:44:22,OI311P8500,OI311P8500,536.5,0.0,0.0,0.0,12,580.5,587.5,26,536.5,599.0,0.0,0.0,0.0,0.0,52
2023-05-09 21:44:22,OI311P8500,OI311P8500,536.5,0.0,0.0,0.0,12,580.5,587.5,14,536.5,599.0,0.0,0.0,0.0,0.0,52
2023-05-09 21:44:23,OI311P8500,OI311P8500,536.5,0.0,0.0,0.0,18,580.5,587.5,8,536.5,599.0,0.0,0.0,0.0,0.0,52
2023-05-09 21:44:27,OI311P8500,OI311P8500,536.5,0.0,0.0,0.0,18,580.5,587.5,14,536.5,599.0,0.0,0.0,0.0,0.0,52
2023-05-09 21:44:29,OI311P8500,OI311P8500,536.5,0.0,0.0,0.0,20,580.5,587.5,14,536.5,599.0,0.0,0.0,0.0,0.0,52
2023-05-09 21:44:29,OI311P8500,OI311P8500,536.5,0.0,0.0,0.0,20,580.5,587.5,8,536.5,599.0,0.0,0.0,0.0,0.0,52
2023-05-09 21:44:30,OI311P8500,OI311P8500,536.5,0.0,0.0,0.0,12,582.0,587.5,8,536.5,599.0,0.0,0.0,0.0,0.0,52
2023-05-09 21:44:37,OI311P8500,OI311P8500,536.5,0.0,0.0,0.0,6,582.0,587.5,14,536.5,599.0,0.0,0.0,0.0,0.0,52
2023-05-09 21:44:38,OI311P8500,OI311P8500,536.5,0.0,0.0,0.0,6,581.5,587.5,14,536.5,599.0,0.0,0.0,0.0,0.0,52
2023-05-09 21:44:40,OI311P8500,OI311P8500,536.5,0.0,0.0,0.0,6,581.0,587.5,14,536.5,599.0,0.0,0.0,0.0,0.0,52
2023-05-09 21:44:41,OI311P8500,OI311P8500,536.5,0.0,0.0,0.0,20,580.5,587.5,14,536.5,599.0,0.0,0.0,0.0,0.0,52
2023-05-09 21:44:57,OI311P8500,OI311P8500,536.5,0.0,0.0,0.0,14,580.5,587.5,14,536.5,599.0,0.0,0.0,0.0,0.0,52
2023-05-09 21:45:00,OI311P8500,OI311P8500,536.5,0.0,0.0,0.0,14,580.5,587.5,20,536.5,599.0,0.0,0.0,0.0,0.0,52
2023-05-09 21:45:00,OI311P8500,OI311P8500,536.5,0.0,0.0,0.0,8,580.5,587.5,26,536.5,599.0,0.0,0.0,0.0,0.0,52
2023-05-09 21:45:06,OI311P8500,OI311P8500,536.5,0.0,0.0,0.0,14,580.5,587.5,20,536.5,599.0,0.0,0.0,0.0,0.0,52
2023-05-09 21:45:06,OI311P8500,OI311P8500,536.5,0.0,0.0,0.0,20,580.5,587.5,8,536.5,599.0,0.0,0.0,0.0,0.0,52
2023-05-09 21:45:16,OI311P8500,OI311P8500,536.5,0.0,0.0,0.0,6,582.0,587.5,8,536.5,599.0,0.0,0.0,0.0,0.0,52
2023-05-09 21:45:16,OI311P8500,OI311P8500,536.5,0.0,0.0,0.0,18,582.0,587.5,6,536.5,599.0,0.0,0.0,0.0,0.0,52
2023-05-09 21:45:17,OI311P8500,OI311P8500,536.5,0.0,0.0,0.0,24,582.0,589.0,12,536.5,599.0,0.0,0.0,0.0,0.0,52
2023-05-09 21:45:18,OI311P8500,OI311P8500,536.5,0.0,0.0,0.0,30,582.0,589.0,12,536.5,599.0,0.0,0.0,0.0,0.0,52
2023-05-09 21:45:18,OI311P8500,OI311P8500,536.5,0.0,0.0,0.0,30,582.0,589.0,6,536.5,599.0,0.0,0.0,0.0,0.0,52
2023-05-09 21:45:18,OI311P8500,OI311P8500,536.5,0.0,0.0,0.0,30,582.0,590.0,18,536.5,599.0,0.0,0.0,0.0,0.0,52
2023-05-09 21:45:19,OI311P8500,OI311P8500,536.5,0.0,0.0,0.0,36,582.0,590.0,18,536.5,599.0,0.0,0.0,0.0,0.0,52
2023-05-09 21:45:27,OI311P8500,OI311P8500,536.5,0.0,0.0,0.0,6,584.0,590.0,12,536.5,599.0,0.0,0.0,0.0,0.0,52
2023-05-09 21:45:29,OI311P8500,OI311P8500,536.5,0.0,0.0,0.0,12,584.0,590.5,6,536.5,599.0,0.0,0.0,0.0,0.0,52
2023-05-09 21:45:30,OI311P8500,OI311P8500,536.5,0.0,0.0,0.0,12,584.0,591.0,2,536.5,599.0,0.0,0.0,0.0,0.0,52
2023-05-09 21:45:30,OI311P8500,OI311P8500,536.5,0.0,0.0,0.0,24,584.0,591.0,8,536.5,599.0,0.0,0.0,0.0,0.0,52
2023-05-09 21:45:31,OI311P8500,OI311P8500,536.5,0.0,0.0,0.0,30,584.0,591.0,8,536.5,599.0,0.0,0.0,0.0,0.0,52
2023-05-09 21:45:35,OI311P8500,OI311P8500,536.5,0.0,0.0,0.0,18,585.5,591.0,8,536.5,599.0,0.0,0.0,0.0,0.0,52
2023-05-09 21:45:36,OI311P8500,OI311P8500,536.5,0.0,0.0,0.0,24,585.5,592.5,12,536.5,599.0,0.0,0.0,0.0,0.0,52
2023-05-09 21:45:37,OI311P8500,OI311P8500,536.5,0.0,0.0,0.0,32,585.5,592.5,12,536.5,599.0,0.0,0.0,0.0,0.0,52
2023-05-09 21:45:37,OI311P8500,OI311P8500,536.5,0.0,0.0,0.0,32,585.5,592.5,6,536.5,599.0,0.0,0.0,0.0,0.0,52
2023-05-09 21:45:38,OI311P8500,OI311P8500,536.5,0.0,0.0,0.0,20,585.5,592.5,6,536.5,599.0,0.0,0.0,0.0,0.0,52
2023-05-09 21:45:38,OI311P8500,OI311P8500,536.5,0.0,0.0,0.0,20,585.5,593.0,12,536.5,599.0,0.0,0.0,0.0,0.0,52
2023-05-09 21:45:41,OI311P8500,OI311P8500,536.5,0.0,0.0,0.0,14,585.5,593.0,18,536.5,599.0,0.0,0.0,0.0,0.0,52
2023-05-09 21:45:41,OI311P8500,OI311P8500,536.5,0.0,0.0,0.0,8,585.5,593.0,18,536.5,599.0,0.0,0.0,0.0,0.0,52
2023-05-09 21:45:44,OI311P8500,OI311P8500,536.5,0.0,0.0,0.0,2,585.5,593.0,18,536.5,599.0,0.0,0.0,0.0,0.0,52
2023-05-09 21:45:46,OI311P8500,OI311P8500,536.5,0.0,0.0,0.0,2,585.5,593.0,24,536.5,599.0,0.0,0.0,0.0,0.0,52
2023-05-09 21:45:47,OI311P8500,OI311P8500,536.5,0.0,0.0,0.0,2,585.5,591.5,2,536.5,599.0,0.0,0.0,0.0,0.0,52
2023-05-09 21:45:47,OI311P8500,OI311P8500,536.5,0.0,0.0,0.0,2,585.5,591.5,8,536.5,599.0,0.0,0.0,0.0,0.0,52
2023-05-09 21:45:50,OI311P8500,OI311P8500,536.5,0.0,0.0,0.0,12,584.0,591.5,8,536.5,599.0,0.0,0.0,0.0,0.0,52
2023-05-09 21:45:51,OI311P8500,OI311P8500,536.5,0.0,0.0,0.0,6,584.0,591.5,8,536.5,599.0,0.0,0.0,0.0,0.0,52
2023-05-09 21:45:52,OI311P8500,OI311P8500,536.5,0.0,0.0,0.0,12,583.5,591.0,6,536.5,599.0,0.0,0.0,0.0,0.0,52
2023-05-09 21:45:54,OI311P8500,OI311P8500,536.5,0.0,0.0,0.0,6,583.5,591.0,6,536.5,599.0,0.0,0.0,0.0,0.0,52
2023-05-09 21:45:55,OI311P8500,OI311P8500,536.5,0.0,0.0,0.0,20,583.0,591.0,12,536.5,599.0,0.0,0.0,0.0,0.0,52
2023-05-09 21:45:55,OI311P8500,OI311P8500,536.5,0.0,0.0,0.0,14,583.0,591.0,18,536.5,599.0,0.0,0.0,0.0,0.0,52
2023-05-09 21:46:02,OI311P8500,OI311P8500,536.5,0.0,0.0,0.0,14,583.0,591.0,12,536.5,599.0,0.0,0.0,0.0,0.0,52
2023-05-09 21:46:04,OI311P8500,OI311P8500,536.5,0.0,0.0,0.0,14,583.0,591.0,18,536.5,599.0,0.0,0.0,0.0,0.0,52
2023-05-09 21:46:07,OI311P8500,OI311P8500,536.5,0.0,0.0,0.0,8,583.0,591.0,18,536.5,599.0,0.0,0.0,0.0,0.0,52
2023-05-09 21:46:09,OI311P8500,OI311P8500,536.5,0.0,0.0,0.0,14,583.0,591.0,18,536.5,599.0,0.0,0.0,0.0,0.0,52
2023-05-09 21:46:24,OI311P8500,OI311P8500,536.5,0.0,0.0,0.0,12,584.0,591.5,8,536.5,599.0,0.0,0.0,0.0,0.0,52
2023-05-09 21:46:27,OI311P8500,OI311P8500,536.5,0.0,0.0,0.0,6,585.5,591.5,8,536.5,599.0,0.0,0.0,0.0,0.0,52
2023-05-09 21:46:27,OI311P8500,OI311P8500,536.5,0.0,0.0,0.0,12,585.5,591.5,8,536.5,599.0,0.0,0.0,0.0,0.0,52
2023-05-09 21:46:32,OI311P8500,OI311P8500,536.5,0.0,0.0,0.0,18,585.5,591.5,8,536.5,599.0,0.0,0.0,0.0,0.0,52
2023-05-09 21:46:40,OI311P8500,OI311P8500,536.5,0.0,0.0,0.0,20,585.5,591.5,6,536.5,599.0,0.0,0.0,0.0,0.0,52
2023-05-09 21:46:40,OI311P8500,OI311P8500,536.5,0.0,0.0,0.0,18,587.5,593.0,12,536.5,599.0,0.0,0.0,0.0,0.0,52
2023-05-09 21:46:41,OI311P8500,OI311P8500,536.5,0.0,0.0,0.0,18,587.5,594.0,2,536.5,599.0,0.0,0.0,0.0,0.0,52
2023-05-09 21:46:41,OI311P8500,OI311P8500,536.5,0.0,0.0,0.0,24,587.5,594.0,8,536.5,599.0,0.0,0.0,0.0,0.0,52
2023-05-09 21:46:42,OI311P8500,OI311P8500,536.5,0.0,0.0,0.0,12,589.5,594.0,8,536.5,599.0,0.0,0.0,0.0,0.0,52
2023-05-09 21:46:43,OI311P8500,OI311P8500,536.5,0.0,0.0,0.0,18,587.5,594.0,14,536.5,599.0,0.0,0.0,0.0,0.0,52
2023-05-09 21:46:43,OI311P8500,OI311P8500,536.5,0.0,0.0,0.0,30,587.5,594.0,14,536.5,599.0,0.0,0.0,0.0,0.0,52
2023-05-09 21:46:44,OI311P8500,OI311P8500,536.5,0.0,0.0,0.0,12,587.5,594.0,14,536.5,599.0,0.0,0.0,0.0,0.0,52
2023-05-09 21:46:45,OI311P8500,OI311P8500,536.5,0.0,0.0,0.0,6,587.5,594.0,14,536.5,599.0,0.0,0.0,0.0,0.0,52
2023-05-09 21:46:45,OI311P8500,OI311P8500,536.5,0.0,0.0,0.0,6,587.0,594.0,14,536.5,599.0,0.0,0.0,0.0,0.0,52
2023-05-09 21:46:48,OI311P8500,OI311P8500,536.5,0.0,0.0,0.0,12,586.5,594.0,14,536.5,599.0,0.0,0.0,0.0,0.0,52
2023-05-09 21:46:48,OI311P8500,OI311P8500,536.5,0.0,0.0,0.0,6,586.5,594.0,14,536.5,599.0,0.0,0.0,0.0,0.0,52
2023-05-09 21:46:49,OI311P8500,OI311P8500,536.5,0.0,0.0,0.0,18,586.0,594.0,14,536.5,599.0,0.0,0.0,0.0,0.0,52
2023-05-09 21:46:52,OI311P8500,OI311P8500,536.5,0.0,0.0,0.0,18,586.0,594.0,8,536.5,599.0,0.0,0.0,0.0,0.0,52
2023-05-09 21:46:57,OI311P8500,OI311P8500,536.5,0.0,0.0,0.0,18,586.0,594.0,14,536.5,599.0,0.0,0.0,0.0,0.0,52
2023-05-09 21:47:01,OI311P8500,OI311P8500,536.5,0.0,0.0,0.0,12,586.0,594.0,14,536.5,599.0,0.0,0.0,0.0,0.0,52
2023-05-09 21:47:04,OI311P8500,OI311P8500,536.5,0.0,0.0,0.0,6,586.0,594.0,14,536.5,599.0,0.0,0.0,0.0,0.0,52
2023-05-09 21:47:05,OI311P8500,OI311P8500,536.5,0.0,0.0,0.0,26,585.5,593.5,12,536.5,599.0,0.0,0.0,0.0,0.0,52
2023-05-09 21:47:05,OI311P8500,OI311P8500,536.5,0.0,0.0,0.0,20,585.5,593.5,18,536.5,599.0,0.0,0.0,0.0,0.0,52
2023-05-09 21:47:07,OI311P8500,OI311P8500,536.5,0.0,0.0,0.0,14,585.5,593.5,24,536.5,599.0,0.0,0.0,0.0,0.0,52
2023-05-09 21:47:28,OI311P8500,OI311P8500,536.5,0.0,0.0,0.0,8,585.5,593.5,30,536.5,599.0,0.0,0.0,0.0,0.0,52
2023-05-09 21:47:28,OI311P8500,OI311P8500,536.5,0.0,0.0,0.0,8,585.5,593.5,24,536.5,599.0,0.0,0.0,0.0,0.0,52
2023-05-09 21:47:30,OI311P8500,OI311P8500,536.5,0.0,0.0,0.0,8,585.5,593.5,30,536.5,599.0,0.0,0.0,0.0,0.0,52
2023-05-09 21:47:36,OI311P8500,OI311P8500,536.5,0.0,0.0,0.0,6,584.5,591.5,2,536.5,599.0,0.0,0.0,0.0,0.0,52
2023-05-09 21:47:36,OI311P8500,OI311P8500,536.5,0.0,0.0,0.0,6,584.0,591.5,14,536.5,599.0,0.0,0.0,0.0,0.0,52
2023-05-09 21:47:37,OI311P8500,OI311P8500,536.5,0.0,0.0,0.0,6,583.5,591.5,20,536.5,599.0,0.0,0.0,0.0,0.0,52
2023-05-09 21:47:38,OI311P8500,OI311P8500,536.5,0.0,0.0,0.0,8,583.0,591.5,26,536.5,599.0,0.0,0.0,0.0,0.0,52
2023-05-09 21:47:38,OI311P8500,OI311P8500,536.5,0.0,0.0,0.0,8,583.0,591.5,20,536.5,599.0,0.0,0.0,0.0,0.0,52
2023-05-09 21:47:40,OI311P8500,OI311P8500,536.5,0.0,0.0,0.0,8,583.0,591.5,26,536.5,599.0,0.0,0.0,0.0,0.0,52
2023-05-09 21:47:47,OI311P8500,OI311P8500,536.5,0.0,0.0,0.0,14,583.0,591.5,26,536.5,599.0,0.0,0.0,0.0,0.0,52
2023-05-09 21:47:47,OI311P8500,OI311P8500,536.5,0.0,0.0,0.0,8,583.0,591.5,26,536.5,599.0,0.0,0.0,0.0,0.0,52
2023-05-09 21:47:52,OI311P8500,OI311P8500,536.5,0.0,0.0,0.0,6,584.5,591.5,14,536.5,599.0,0.0,0.0,0.0,0.0,52
2023-05-09 21:48:00,OI311P8500,OI311P8500,536.5,0.0,0.0,0.0,12,584.5,591.5,8,536.5,599.0,0.0,0.0,0.0,0.0,52
2023-05-09 21:48:01,OI311P8500,OI311P8500,536.5,0.0,0.0,0.0,6,584.5,591.5,14,536.5,599.0,0.0,0.0,0.0,0.0,52
2023-05-09 21:48:08,OI311P8500,OI311P8500,536.5,0.0,0.0,0.0,18,584.5,591.5,8,536.5,599.0,0.0,0.0,0.0,0.0,52
2023-05-09 21:48:10,OI311P8500,OI311P8500,536.5,0.0,0.0,0.0,18,584.5,591.5,14,536.5,599.0,0.0,0.0,0.0,0.0,52
2023-05-09 21:48:16,OI311P8500,OI311P8500,536.5,0.0,0.0,0.0,24,584.5,591.5,14,536.5,599.0,0.0,0.0,0.0,0.0,52
2023-05-09 21:48:18,OI311P8500,OI311P8500,536.5,0.0,0.0,0.0,24,584.5,591.5,8,536.5,599.0,0.0,0.0,0.0,0.0,52
2023-05-09 21:48:28,OI311P8500,OI311P8500,536.5,0.0,0.0,0.0,6,585.0,591.5,8,536.5,599.0,0.0,0.0,0.0,0.0,52
2023-05-09 21:48:41,OI311P8500,OI311P8500,536.5,0.0,0.0,0.0,18,584.5,591.5,14,536.5,599.0,0.0,0.0,0.0,0.0,52
2023-05-09 21:48:42,OI311P8500,OI311P8500,536.5,0.0,0.0,0.0,12,584.5,591.5,14,536.5,599.0,0.0,0.0,0.0,0.0,52
2023-05-09 21:48:42,OI311P8500,OI311P8500,536.5,0.0,0.0,0.0,6,584.5,591.5,20,536.5,599.0,0.0,0.0,0.0,0.0,52
2023-05-09 21:48:43,OI311P8500,OI311P8500,536.5,0.0,0.0,0.0,18,583.5,591.5,20,536.5,599.0,0.0,0.0,0.0,0.0,52
2023-05-09 21:48:48,OI311P8500,OI311P8500,536.5,0.0,0.0,0.0,12,583.5,591.5,20,536.5,599.0,0.0,0.0,0.0,0.0,52
2023-05-09 21:49:07,OI311P8500,OI311P8500,536.5,0.0,0.0,0.0,6,584.5,591.5,14,536.5,599.0,0.0,0.0,0.0,0.0,52
2023-05-09 21:49:07,OI311P8500,OI311P8500,536.5,0.0,0.0,0.0,12,584.5,591.5,14,536.5,599.0,0.0,0.0,0.0,0.0,52
2023-05-09 21:49:07,OI311P8500,OI311P8500,536.5,0.0,0.0,0.0,18,584.5,591.5,8,536.5,599.0,0.0,0.0,0.0,0.0,52
2023-05-09 21:49:16,OI311P8500,OI311P8500,536.5,0.0,0.0,0.0,18,584.5,591.5,14,536.5,599.0,0.0,0.0,0.0,0.0,52
2023-05-09 21:49:21,OI311P8500,OI311P8500,536.5,0.0,0.0,0.0,12,584.5,591.5,14,536.5,599.0,0.0,0.0,0.0,0.0,52
2023-05-09 21:49:22,OI311P8500,OI311P8500,536.5,0.0,0.0,0.0,6,584.5,591.5,14,536.5,599.0,0.0,0.0,0.0,0.0,52
2023-05-09 21:49:27,OI311P8500,OI311P8500,536.5,0.0,0.0,0.0,12,583.5,591.5,14,536.5,599.0,0.0,0.0,0.0,0.0,52
2023-05-09 21:49:30,OI311P8500,OI311P8500,536.5,0.0,0.0,0.0,6,583.5,591.5,14,536.5,599.0,0.0,0.0,0.0,0.0,52
2023-05-09 21:49:30,OI311P8500,OI311P8500,536.5,0.0,0.0,0.0,14,583.0,591.5,14,536.5,599.0,0.0,0.0,0.0,0.0,52
2023-05-09 21:49:34,OI311P8500,OI311P8500,536.5,0.0,0.0,0.0,20,583.0,591.5,14,536.5,599.0,0.0,0.0,0.0,0.0,52
2023-05-09 21:49:35,OI311P8500,OI311P8500,536.5,0.0,0.0,0.0,6,583.5,591.5,14,536.5,599.0,0.0,0.0,0.0,0.0,52
2023-05-09 21:49:35,OI311P8500,OI311P8500,536.5,0.0,0.0,0.0,6,584.5,591.5,14,536.5,599.0,0.0,0.0,0.0,0.0,52
2023-05-09 21:49:38,OI311P8500,OI311P8500,536.5,0.0,0.0,0.0,18,584.5,591.5,8,536.5,599.0,0.0,0.0,0.0,0.0,52
2023-05-09 21:49:39,OI311P8500,OI311P8500,536.5,0.0,0.0,0.0,24,584.5,591.5,8,536.5,599.0,0.0,0.0,0.0,0.0,52
2023-05-09 21:49:48,OI311P8500,OI311P8500,536.5,0.0,0.0,0.0,24,584.5,591.5,14,536.5,599.0,0.0,0.0,0.0,0.0,52
2023-05-09 21:49:51,OI311P8500,OI311P8500,536.5,0.0,0.0,0.0,18,584.5,591.5,14,536.5,599.0,0.0,0.0,0.0,0.0,52
2023-05-09 21:50:09,OI311P8500,OI311P8500,536.5,0.0,0.0,0.0,6,584.5,591.5,20,536.5,599.0,0.0,0.0,0.0,0.0,52
2023-05-09 21:50:10,OI311P8500,OI311P8500,536.5,0.0,0.0,0.0,12,583.5,591.5,26,536.5,599.0,0.0,0.0,0.0,0.0,52
2023-05-09 21:50:11,OI311P8500,OI311P8500,536.5,0.0,0.0,0.0,6,583.5,591.5,26,536.5,599.0,0.0,0.0,0.0,0.0,52
2023-05-09 21:50:11,OI311P8500,OI311P8500,536.5,0.0,0.0,0.0,14,583.0,591.5,26,536.5,599.0,0.0,0.0,0.0,0.0,52
2023-05-09 21:50:11,OI311P8500,OI311P8500,536.5,0.0,0.0,0.0,8,583.0,591.5,26,536.5,599.0,0.0,0.0,0.0,0.0,52
2023-05-09 21:50:12,OI311P8500,OI311P8500,536.5,0.0,0.0,0.0,2,583.0,589.5,6,536.5,599.0,0.0,0.0,0.0,0.0,52
2023-05-09 21:50:12,OI311P8500,OI311P8500,536.5,0.0,0.0,0.0,2,583.0,589.5,12,536.5,599.0,0.0,0.0,0.0,0.0,52
2023-05-09 21:50:13,OI311P8500,OI311P8500,536.5,0.0,0.0,0.0,2,583.0,589.0,2,536.5,599.0,0.0,0.0,0.0,0.0,52
2023-05-09 21:50:14,OI311P8500,OI311P8500,536.5,0.0,0.0,0.0,6,581.0,589.0,2,536.5,599.0,0.0,0.0,0.0,0.0,52
2023-05-09 21:50:14,OI311P8500,OI311P8500,536.5,0.0,0.0,0.0,20,581.0,589.0,8,536.5,599.0,0.0,0.0,0.0,0.0,52
2023-05-09 21:50:14,OI311P8500,OI311P8500,536.5,0.0,0.0,0.0,14,581.0,589.0,8,536.5,599.0,0.0,0.0,0.0,0.0,52
2023-05-09 21:50:15,OI311P8500,OI311P8500,536.5,0.0,0.0,0.0,14,581.0,589.0,14,536.5,599.0,0.0,0.0,0.0,0.0,52
2023-05-09 21:50:30,OI311P8500,OI311P8500,536.5,0.0,0.0,0.0,8,581.0,589.0,14,536.5,599.0,0.0,0.0,0.0,0.0,52
2023-05-09 21:50:35,OI311P8500,OI311P8500,536.5,0.0,0.0,0.0,8,581.0,589.0,20,536.5,599.0,0.0,0.0,0.0,0.0,52
2023-05-09 21:50:35,OI311P8500,OI311P8500,536.5,0.0,0.0,0.0,2,581.0,589.0,20,536.5,599.0,0.0,0.0,0.0,0.0,52
2023-05-09 21:50:36,OI311P8500,OI311P8500,536.5,0.0,0.0,0.0,6,580.0,586.5,14,536.5,599.0,0.0,0.0,0.0,0.0,52
2023-05-09 21:50:36,OI311P8500,OI311P8500,536.5,0.0,0.0,0.0,12,579.0,586.5,20,536.5,599.0,0.0,0.0,0.0,0.0,52
2023-05-09 21:50:37,OI311P8500,OI311P8500,536.5,0.0,0.0,0.0,18,578.5,586.5,20,536.5,599.0,0.0,0.0,0.0,0.0,52
2023-05-09 21:50:42,OI311P8500,OI311P8500,536.5,0.0,0.0,0.0,18,578.5,586.5,14,536.5,599.0,0.0,0.0,0.0,0.0,52
2023-05-09 21:50:45,OI311P8500,OI311P8500,536.5,0.0,0.0,0.0,18,578.5,586.5,20,536.5,599.0,0.0,0.0,0.0,0.0,52
2023-05-09 21:50:55,OI311P8500,OI311P8500,536.5,0.0,0.0,0.0,18,578.5,586.5,14,536.5,599.0,0.0,0.0,0.0,0.0,52
2023-05-09 21:50:57,OI311P8500,OI311P8500,536.5,0.0,0.0,0.0,6,580.0,586.5,14,536.5,599.0,0.0,0.0,0.0,0.0,52
2023-05-09 21:50:58,OI311P8500,OI311P8500,536.5,0.0,0.0,0.0,6,580.0,586.5,20,536.5,599.0,0.0,0.0,0.0,0.0,52
2023-05-09 21:51:00,OI311P8500,OI311P8500,536.5,0.0,0.0,0.0,12,578.5,586.5,20,536.5,599.0,0.0,0.0,0.0,0.0,52
2023-05-09 21:51:03,OI311P8500,OI311P8500,536.5,0.0,0.0,0.0,24,578.5,586.5,14,536.5,599.0,0.0,0.0,0.0,0.0,52
2023-05-09 21:51:04,OI311P8500,OI311P8500,536.5,0.0,0.0,0.0,24,578.5,586.5,20,536.5,599.0,0.0,0.0,0.0,0.0,52
2023-05-09 21:51:07,OI311P8500,OI311P8500,536.5,0.0,0.0,0.0,12,578.5,586.5,20,536.5,599.0,0.0,0.0,0.0,0.0,52
2023-05-09 21:51:09,OI311P8500,OI311P8500,536.5,0.0,0.0,0.0,18,578.5,586.5,20,536.5,599.0,0.0,0.0,0.0,0.0,52
2023-05-09 21:51:14,OI311P8500,OI311P8500,536.5,0.0,0.0,0.0,12,578.5,586.5,20,536.5,599.0,0.0,0.0,0.0,0.0,52
2023-05-09 21:51:49,OI311P8500,OI311P8500,536.5,0.0,0.0,0.0,12,578.5,586.5,14,536.5,599.0,0.0,0.0,0.0,0.0,52
2023-05-09 21:51:50,OI311P8500,OI311P8500,536.5,0.0,0.0,0.0,24,578.5,586.5,8,536.5,599.0,0.0,0.0,0.0,0.0,52
2023-05-09 21:51:51,OI311P8500,OI311P8500,536.5,0.0,0.0,0.0,24,578.5,586.5,14,536.5,599.0,0.0,0.0,0.0,0.0,52
2023-05-09 21:51:56,OI311P8500,OI311P8500,536.5,0.0,0.0,0.0,24,578.5,586.5,8,536.5,599.0,0.0,0.0,0.0,0.0,52
2023-05-09 21:51:57,OI311P8500,OI311P8500,536.5,0.0,0.0,0.0,24,578.5,586.5,14,536.5,599.0,0.0,0.0,0.0,0.0,52
2023-05-09 21:52:02,OI311P8500,OI311P8500,536.5,0.0,0.0,0.0,24,578.5,586.5,8,536.5,599.0,0.0,0.0,0.0,0.0,52
2023-05-09 21:52:03,OI311P8500,OI311P8500,536.5,0.0,0.0,0.0,18,580.5,586.5,8,536.5,599.0,0.0,0.0,0.0,0.0,52
2023-05-09 21:52:04,OI311P8500,OI311P8500,536.5,0.0,0.0,0.0,12,580.5,586.5,14,536.5,599.0,0.0,0.0,0.0,0.0,52
2023-05-09 21:52:04,OI311P8500,OI311P8500,536.5,0.0,0.0,0.0,18,580.5,586.5,8,536.5,599.0,0.0,0.0,0.0,0.0,52
2023-05-09 21:52:04,OI311P8500,OI311P8500,536.5,0.0,0.0,0.0,12,580.5,586.5,14,536.5,599.0,0.0,0.0,0.0,0.0,52
2023-05-09 21:52:04,OI311P8500,OI311P8500,536.5,0.0,0.0,0.0,18,580.5,586.5,8,536.5,599.0,0.0,0.0,0.0,0.0,52
2023-05-09 21:52:06,OI311P8500,OI311P8500,536.5,0.0,0.0,0.0,12,580.5,586.5,14,536.5,599.0,0.0,0.0,0.0,0.0,52
2023-05-09 21:52:08,OI311P8500,OI311P8500,536.5,0.0,0.0,0.0,6,580.5,586.5,14,536.5,599.0,0.0,0.0,0.0,0.0,52
2023-05-09 21:52:08,OI311P8500,OI311P8500,536.5,0.0,0.0,0.0,6,579.0,586.5,14,536.5,599.0,0.0,0.0,0.0,0.0,52
2023-05-09 21:52:08,OI311P8500,OI311P8500,536.5,0.0,0.0,0.0,18,578.5,586.5,14,536.5,599.0,0.0,0.0,0.0,0.0,52
2023-05-09 21:52:10,OI311P8500,OI311P8500,536.5,0.0,0.0,0.0,12,578.5,586.5,14,536.5,599.0,0.0,0.0,0.0,0.0,52
2023-05-09 21:52:12,OI311P8500,OI311P8500,536.5,0.0,0.0,0.0,6,578.5,586.5,20,536.5,599.0,0.0,0.0,0.0,0.0,52
2023-05-09 21:52:15,OI311P8500,OI311P8500,536.5,0.0,0.0,0.0,14,578.0,585.5,6,536.5,599.0,0.0,0.0,0.0,0.0,52
2023-05-09 21:52:15,OI311P8500,OI311P8500,536.5,0.0,0.0,0.0,20,578.0,585.5,12,536.5,599.0,0.0,0.0,0.0,0.0,52
2023-05-09 21:52:19,OI311P8500,OI311P8500,536.5,0.0,0.0,0.0,14,578.0,585.5,12,536.5,599.0,0.0,0.0,0.0,0.0,52
2023-05-09 21:52:24,OI311P8500,OI311P8500,536.5,0.0,0.0,0.0,14,578.0,585.5,6,536.5,599.0,0.0,0.0,0.0,0.0,52
2023-05-09 21:52:24,OI311P8500,OI311P8500,536.5,0.0,0.0,0.0,20,578.0,586.5,14,536.5,599.0,0.0,0.0,0.0,0.0,52
2023-05-09 21:52:29,OI311P8500,OI311P8500,536.5,0.0,0.0,0.0,26,578.0,586.5,14,536.5,599.0,0.0,0.0,0.0,0.0,52
2023-05-09 21:52:29,OI311P8500,OI311P8500,536.5,0.0,0.0,0.0,32,578.0,586.5,14,536.5,599.0,0.0,0.0,0.0,0.0,52
2023-05-09 21:52:33,OI311P8500,OI311P8500,536.5,0.0,0.0,0.0,12,580.0,586.5,20,536.5,599.0,0.0,0.0,0.0,0.0,52
2023-05-09 21:52:34,OI311P8500,OI311P8500,536.5,0.0,0.0,0.0,6,580.0,586.5,20,536.5,599.0,0.0,0.0,0.0,0.0,52
2023-05-09 21:52:38,OI311P8500,OI311P8500,536.5,0.0,0.0,0.0,6,580.0,586.5,14,536.5,599.0,0.0,0.0,0.0,0.0,52
2023-05-09 21:52:44,OI311P8500,OI311P8500,536.5,0.0,0.0,0.0,12,580.0,586.5,14,536.5,599.0,0.0,0.0,0.0,0.0,52
2023-05-09 21:52:44,OI311P8500,OI311P8500,536.5,0.0,0.0,0.0,6,580.0,586.5,14,536.5,599.0,0.0,0.0,0.0,0.0,52
2023-05-09 21:52:49,OI311P8500,OI311P8500,536.5,0.0,0.0,0.0,18,580.0,586.5,8,536.5,599.0,0.0,0.0,0.0,0.0,52
2023-05-09 21:52:54,OI311P8500,OI311P8500,536.5,0.0,0.0,0.0,24,580.0,586.5,2,536.5,599.0,0.0,0.0,0.0,0.0,52
2023-05-09 21:52:55,OI311P8500,OI311P8500,536.5,0.0,0.0,0.0,30,580.0,586.5,2,536.5,599.0,0.0,0.0,0.0,0.0,52
2023-05-09 21:52:56,OI311P8500,OI311P8500,536.5,0.0,0.0,0.0,2,580.5,586.5,2,536.5,599.0,0.0,0.0,0.0,0.0,52
2023-05-09 21:52:58,OI311P8500,OI311P8500,536.5,0.0,0.0,0.0,6,581.5,587.5,6,536.5,599.0,0.0,0.0,0.0,0.0,52
2023-05-09 21:52:59,OI311P8500,OI311P8500,536.5,0.0,0.0,0.0,30,581.5,588.0,6,536.5,599.0,0.0,0.0,0.0,0.0,52
2023-05-09 21:52:59,OI311P8500,OI311P8500,536.5,0.0,0.0,0.0,24,581.5,589.0,14,536.5,599.0,0.0,0.0,0.0,0.0,52
2023-05-09 21:53:00,OI311P8500,OI311P8500,536.5,0.0,0.0,0.0,30,581.5,589.0,14,536.5,599.0,0.0,0.0,0.0,0.0,52
2023-05-09 21:53:02,OI311P8500,OI311P8500,536.5,0.0,0.0,0.0,36,581.5,589.0,14,536.5,599.0,0.0,0.0,0.0,0.0,52
2023-05-09 21:53:05,OI311P8500,OI311P8500,536.5,0.0,0.0,0.0,36,581.5,589.0,8,536.5,599.0,0.0,0.0,0.0,0.0,52
2023-05-09 21:53:07,OI311P8500,OI311P8500,536.5,0.0,0.0,0.0,12,583.5,589.0,2,536.5,599.0,0.0,0.0,0.0,0.0,52
2023-05-09 21:53:08,OI311P8500,OI311P8500,536.5,0.0,0.0,0.0,30,583.5,590.0,6,536.5,599.0,0.0,0.0,0.0,0.0,52
2023-05-09 21:53:08,OI311P8500,OI311P8500,536.5,0.0,0.0,0.0,36,583.5,590.5,12,536.5,599.0,0.0,0.0,0.0,0.0,52
2023-05-09 21:53:08,OI311P8500,OI311P8500,536.5,0.0,0.0,0.0,36,583.5,590.5,6,536.5,599.0,0.0,0.0,0.0,0.0,52
2023-05-09 21:53:09,OI311P8500,OI311P8500,536.5,0.0,0.0,0.0,30,583.5,591.0,6,536.5,599.0,0.0,0.0,0.0,0.0,52
2023-05-09 21:53:10,OI311P8500,OI311P8500,536.5,0.0,0.0,0.0,30,583.5,591.5,18,536.5,599.0,0.0,0.0,0.0,0.0,52
2023-05-09 21:53:21,OI311P8500,OI311P8500,536.5,0.0,0.0,0.0,36,583.5,591.5,12,536.5,599.0,0.0,0.0,0.0,0.0,52
2023-05-09 21:53:21,OI311P8500,OI311P8500,536.5,0.0,0.0,0.0,42,583.5,591.5,12,536.5,599.0,0.0,0.0,0.0,0.0,52
2023-05-09 21:53:26,OI311P8500,OI311P8500,536.5,0.0,0.0,0.0,24,585.5,591.5,6,536.5,599.0,0.0,0.0,0.0,0.0,52
2023-05-09 21:53:27,OI311P8500,OI311P8500,536.5,0.0,0.0,0.0,32,585.5,592.0,8,536.5,599.0,0.0,0.0,0.0,0.0,52
2023-05-09 21:53:35,OI311P8500,OI311P8500,536.5,0.0,0.0,0.0,32,585.5,592.5,6,536.5,599.0,0.0,0.0,0.0,0.0,52
2023-05-09 21:53:35,OI311P8500,OI311P8500,536.5,0.0,0.0,0.0,32,585.5,593.0,12,536.5,599.0,0.0,0.0,0.0,0.0,52
2023-05-09 21:53:36,OI311P8500,OI311P8500,536.5,0.0,0.0,0.0,26,585.5,593.5,12,536.5,599.0,0.0,0.0,0.0,0.0,52
2023-05-09 21:53:36,OI311P8500,OI311P8500,536.5,0.0,0.0,0.0,32,585.5,593.5,12,536.5,599.0,0.0,0.0,0.0,0.0,52
2023-05-09 21:53:41,OI311P8500,OI311P8500,536.5,0.0,0.0,0.0,38,585.5,593.5,12,536.5,599.0,0.0,0.0,0.0,0.0,52
2023-05-09 21:53:47,OI311P8500,OI311P8500,536.5,0.0,0.0,0.0,24,587.0,594.5,6,536.5,599.0,0.0,0.0,0.0,0.0,52
2023-05-09 21:53:47,OI311P8500,OI311P8500,536.5,0.0,0.0,0.0,30,587.0,594.5,12,536.5,599.0,0.0,0.0,0.0,0.0,52
2023-05-09 21:53:48,OI311P8500,OI311P8500,536.5,0.0,0.0,0.0,24,587.0,594.5,18,536.5,599.0,0.0,0.0,0.0,0.0,52
2023-05-09 21:53:54,OI311P8500,OI311P8500,536.5,0.0,0.0,0.0,12,587.0,594.5,18,536.5,599.0,0.0,0.0,0.0,0.0,52
2023-05-09 21:53:55,OI311P8500,OI311P8500,536.5,0.0,0.0,0.0,18,586.0,594.5,18,536.5,599.0,0.0,0.0,0.0,0.0,52
2023-05-09 21:54:01,OI311P8500,OI311P8500,536.5,0.0,0.0,0.0,12,586.0,594.5,18,536.5,599.0,0.0,0.0,0.0,0.0,52
2023-05-09 21:54:08,OI311P8500,OI311P8500,536.5,0.0,0.0,0.0,12,586.0,594.5,12,536.5,599.0,0.0,0.0,0.0,0.0,52
2023-05-09 21:54:11,OI311P8500,OI311P8500,536.5,0.0,0.0,0.0,12,586.0,593.0,2,536.5,599.0,0.0,0.0,0.0,0.0,52
2023-05-09 21:54:12,OI311P8500,OI311P8500,536.5,0.0,0.0,0.0,12,586.0,593.0,8,536.5,599.0,0.0,0.0,0.0,0.0,52
2023-05-09 21:54:13,OI311P8500,OI311P8500,536.5,0.0,0.0,0.0,6,586.0,593.0,8,536.5,599.0,0.0,0.0,0.0,0.0,52
2023-05-09 21:54:13,OI311P8500,OI311P8500,536.5,0.0,0.0,0.0,14,585.5,592.5,6,536.5,599.0,0.0,0.0,0.0,0.0,52
2023-05-09 21:54:19,OI311P8500,OI311P8500,536.5,0.0,0.0,0.0,8,585.5,592.5,6,536.5,599.0,0.0,0.0,0.0,0.0,52
2023-05-09 21:54:23,OI311P8500,OI311P8500,536.5,0.0,0.0,0.0,8,585.5,593.0,14,536.5,599.0,0.0,0.0,0.0,0.0,52
2023-05-09 21:54:24,OI311P8500,OI311P8500,536.5,0.0,0.0,0.0,20,585.5,593.0,8,536.5,599.0,0.0,0.0,0.0,0.0,52
2023-05-09 21:54:25,OI311P8500,OI311P8500,536.5,0.0,0.0,0.0,6,587.0,593.0,8,536.5,599.0,0.0,0.0,0.0,0.0,52
2023-05-09 21:54:26,OI311P8500,OI311P8500,536.5,0.0,0.0,0.0,12,587.0,593.0,8,536.5,599.0,0.0,0.0,0.0,0.0,52
2023-05-09 21:54:26,OI311P8500,OI311P8500,536.5,0.0,0.0,0.0,18,587.0,593.0,8,536.5,599.0,0.0,0.0,0.0,0.0,52
2023-05-09 21:54:29,OI311P8500,OI311P8500,536.5,0.0,0.0,0.0,12,587.0,593.0,14,536.5,599.0,0.0,0.0,0.0,0.0,52
2023-05-09 21:54:34,OI311P8500,OI311P8500,536.5,0.0,0.0,0.0,6,587.0,593.0,14,536.5,599.0,0.0,0.0,0.0,0.0,52
2023-05-09 21:54:35,OI311P8500,OI311P8500,536.5,0.0,0.0,0.0,14,585.5,593.0,20,536.5,599.0,0.0,0.0,0.0,0.0,52
2023-05-09 21:54:37,OI311P8500,OI311P8500,536.5,0.0,0.0,0.0,8,585.5,593.0,20,536.5,599.0,0.0,0.0,0.0,0.0,52
2023-05-09 21:54:40,OI311P8500,OI311P8500,536.5,0.0,0.0,0.0,14,585.5,593.0,14,536.5,599.0,0.0,0.0,0.0,0.0,52
2023-05-09 21:54:44,OI311P8500,OI311P8500,536.5,0.0,0.0,0.0,20,585.5,593.0,14,536.5,599.0,0.0,0.0,0.0,0.0,52
2023-05-09 21:54:47,OI311P8500,OI311P8500,536.5,0.0,0.0,0.0,6,587.0,593.0,14,536.5,599.0,0.0,0.0,0.0,0.0,52
2023-05-09 21:54:48,OI311P8500,OI311P8500,536.5,0.0,0.0,0.0,6,587.0,593.0,8,536.5,599.0,0.0,0.0,0.0,0.0,52
2023-05-09 21:54:50,OI311P8500,OI311P8500,536.5,0.0,0.0,0.0,12,587.0,593.0,8,536.5,599.0,0.0,0.0,0.0,0.0,52
2023-05-09 21:54:51,OI311P8500,OI311P8500,536.5,0.0,0.0,0.0,6,587.0,593.0,8,536.5,599.0,0.0,0.0,0.0,0.0,52
2023-05-09 21:55:01,OI311P8500,OI311P8500,536.5,0.0,0.0,0.0,12,587.0,593.0,8,536.5,599.0,0.0,0.0,0.0,0.0,52
2023-05-09 21:55:11,OI311P8500,OI311P8500,536.5,0.0,0.0,0.0,6,587.0,593.0,14,536.5,599.0,0.0,0.0,0.0,0.0,52
2023-05-09 21:55:15,OI311P8500,OI311P8500,536.5,0.0,0.0,0.0,14,585.5,593.0,20,536.5,599.0,0.0,0.0,0.0,0.0,52
2023-05-09 21:55:16,OI311P8500,OI311P8500,536.5,0.0,0.0,0.0,20,585.5,593.0,20,536.5,599.0,0.0,0.0,0.0,0.0,52
2023-05-09 21:55:16,OI311P8500,OI311P8500,536.5,0.0,0.0,0.0,14,585.5,593.0,20,536.5,599.0,0.0,0.0,0.0,0.0,52
2023-05-09 21:55:20,OI311P8500,OI311P8500,536.5,0.0,0.0,0.0,20,585.5,593.0,14,536.5,599.0,0.0,0.0,0.0,0.0,52
2023-05-09 21:55:33,OI311P8500,OI311P8500,536.5,0.0,0.0,0.0,24,586.5,593.0,8,536.5,599.0,0.0,0.0,0.0,0.0,52
2023-05-09 21:55:40,OI311P8500,OI311P8500,536.5,0.0,0.0,0.0,18,586.5,593.0,14,536.5,599.0,0.0,0.0,0.0,0.0,52
2023-05-09 21:55:41,OI311P8500,OI311P8500,536.5,0.0,0.0,0.0,12,586.5,593.0,14,536.5,599.0,0.0,0.0,0.0,0.0,52
2023-05-09 21:55:44,OI311P8500,OI311P8500,536.5,0.0,0.0,0.0,18,586.5,593.0,8,536.5,599.0,0.0,0.0,0.0,0.0,52
2023-05-09 21:56:12,OI311P8500,OI311P8500,536.5,0.0,0.0,0.0,18,586.5,593.0,14,536.5,599.0,0.0,0.0,0.0,0.0,52
2023-05-09 21:56:12,OI311P8500,OI311P8500,536.5,0.0,0.0,0.0,12,586.5,593.0,14,536.5,599.0,0.0,0.0,0.0,0.0,52
2023-05-09 21:56:16,OI311P8500,OI311P8500,536.5,0.0,0.0,0.0,18,586.5,593.0,8,536.5,599.0,0.0,0.0,0.0,0.0,52
2023-05-09 21:56:24,OI311P8500,OI311P8500,536.5,0.0,0.0,0.0,12,586.5,593.0,8,536.5,599.0,0.0,0.0,0.0,0.0,52
2023-05-09 21:56:47,OI311P8500,OI311P8500,536.5,0.0,0.0,0.0,6,586.5,593.0,14,536.5,599.0,0.0,0.0,0.0,0.0,52
2023-05-09 21:56:48,OI311P8500,OI311P8500,536.5,0.0,0.0,0.0,6,586.0,593.0,20,536.5,599.0,0.0,0.0,0.0,0.0,52
2023-05-09 21:56:48,OI311P8500,OI311P8500,536.5,0.0,0.0,0.0,14,585.5,593.0,20,536.5,599.0,0.0,0.0,0.0,0.0,52
2023-05-09 21:56:59,OI311P8500,OI311P8500,536.5,0.0,0.0,0.0,8,585.5,593.0,20,536.5,599.0,0.0,0.0,0.0,0.0,52
2023-05-09 21:57:00,OI311P8500,OI311P8500,536.5,0.0,0.0,0.0,14,585.5,593.0,14,536.5,599.0,0.0,0.0,0.0,0.0,52
2023-05-09 21:57:05,OI311P8500,OI311P8500,536.5,0.0,0.0,0.0,14,585.5,593.0,20,536.5,599.0,0.0,0.0,0.0,0.0,52
2023-05-09 21:57:10,OI311P8500,OI311P8500,536.5,0.0,0.0,0.0,14,585.5,593.0,14,536.5,599.0,0.0,0.0,0.0,0.0,52
2023-05-09 21:57:11,OI311P8500,OI311P8500,536.5,0.0,0.0,0.0,20,585.5,593.0,14,536.5,599.0,0.0,0.0,0.0,0.0,52
2023-05-09 21:57:16,OI311P8500,OI311P8500,536.5,0.0,0.0,0.0,20,585.5,593.0,20,536.5,599.0,0.0,0.0,0.0,0.0,52
2023-05-09 21:57:16,OI311P8500,OI311P8500,536.5,0.0,0.0,0.0,14,585.5,593.0,20,536.5,599.0,0.0,0.0,0.0,0.0,52
2023-05-09 21:57:22,OI311P8500,OI311P8500,536.5,0.0,0.0,0.0,14,585.5,593.0,14,536.5,599.0,0.0,0.0,0.0,0.0,52
2023-05-09 21:57:24,OI311P8500,OI311P8500,536.5,0.0,0.0,0.0,14,585.5,593.0,20,536.5,599.0,0.0,0.0,0.0,0.0,52
2023-05-09 21:57:28,OI311P8500,OI311P8500,536.5,0.0,0.0,0.0,2,585.5,593.0,26,536.5,599.0,0.0,0.0,0.0,0.0,52
2023-05-09 21:57:30,OI311P8500,OI311P8500,536.5,0.0,0.0,0.0,8,585.5,593.0,26,536.5,599.0,0.0,0.0,0.0,0.0,52
2023-05-09 21:57:32,OI311P8500,OI311P8500,536.5,0.0,0.0,0.0,8,585.5,593.0,20,536.5,599.0,0.0,0.0,0.0,0.0,52
