time,symbol_id,symbol_name,last,trade_volume,trade_amount,open_interest_change,bv1,bp1,ap1,av1,yesterday_close,today_open,today_high,today_low,volume,amount,open_interest
2023-05-09 19:10:58,OI311P7900,OI311P7900,262.0,0.0,0.0,-30.0,0,0.0,0.0,0,262.0,286.0,0.0,0.0,0.0,0.0,112
2023-05-09 20:59:00,OI311P7900,OI311P7900,262.0,0.0,0.0,0.0,2,183.0,0.0,0,262.0,286.0,0.0,0.0,0.0,0.0,112
2023-05-09 21:00:00,OI311P7900,OI311P7900,262.0,0.0,0.0,0.0,6,186.0,0.0,0,262.0,286.0,0.0,0.0,0.0,0.0,112
2023-05-09 21:00:01,OI311P7900,OI311P7900,262.0,0.0,0.0,0.0,4,224.0,0.0,0,262.0,286.0,0.0,0.0,0.0,0.0,112
2023-05-09 21:00:02,OI311P7900,OI311P7900,262.0,0.0,0.0,0.0,6,227.0,0.0,0,262.0,286.0,0.0,0.0,0.0,0.0,112
2023-05-09 21:00:04,OI311P7900,OI311P7900,262.0,0.0,0.0,0.0,4,249.5,431.0,4,262.0,286.0,0.0,0.0,0.0,0.0,112
2023-05-09 21:00:05,OI311P7900,OI311P7900,262.0,0.0,0.0,0.0,4,249.5,428.0,6,262.0,286.0,0.0,0.0,0.0,0.0,112
2023-05-09 21:00:06,OI311P7900,OI311P7900,262.0,0.0,0.0,0.0,4,249.5,384.0,6,262.0,286.0,0.0,0.0,0.0,0.0,112
2023-05-09 21:00:10,OI311P7900,OI311P7900,262.0,0.0,0.0,0.0,4,249.5,340.0,6,262.0,286.0,0.0,0.0,0.0,0.0,112
2023-05-09 21:00:12,OI311P7900,OI311P7900,262.0,0.0,0.0,0.0,4,249.5,299.0,4,262.0,286.0,0.0,0.0,0.0,0.0,112
2023-05-09 21:00:51,OI311P7900,OI311P7900,262.0,0.0,0.0,0.0,2,252.0,299.0,4,262.0,286.0,0.0,0.0,0.0,0.0,112
2023-05-09 21:00:52,OI311P7900,OI311P7900,262.0,0.0,0.0,0.0,2,252.0,299.0,6,262.0,286.0,0.0,0.0,0.0,0.0,112
2023-05-09 21:00:53,OI311P7900,OI311P7900,262.0,0.0,0.0,0.0,2,252.0,299.0,2,262.0,286.0,0.0,0.0,0.0,0.0,112
2023-05-09 21:01:12,OI311P7900,OI311P7900,262.0,0.0,0.0,0.0,2,264.5,271.0,2,262.0,286.0,0.0,0.0,0.0,0.0,112
2023-05-09 21:01:17,OI311P7900,OI311P7900,262.0,0.0,0.0,0.0,2,265.0,271.0,2,262.0,286.0,0.0,0.0,0.0,0.0,112
2023-05-09 21:01:26,OI311P7900,OI311P7900,262.0,0.0,0.0,0.0,2,266.5,271.0,2,262.0,286.0,0.0,0.0,0.0,0.0,112
2023-05-09 21:01:38,OI311P7900,OI311P7900,262.0,0.0,0.0,0.0,2,265.0,271.0,2,262.0,286.0,0.0,0.0,0.0,0.0,112
2023-05-09 21:01:43,OI311P7900,OI311P7900,262.0,0.0,0.0,0.0,2,265.0,269.5,2,262.0,286.0,0.0,0.0,0.0,0.0,112
2023-05-09 21:01:50,OI311P7900,OI311P7900,262.0,0.0,0.0,0.0,8,264.5,269.5,2,262.0,286.0,0.0,0.0,0.0,0.0,112
2023-05-09 21:01:52,OI311P7900,OI311P7900,262.0,0.0,0.0,0.0,2,264.5,269.5,2,262.0,286.0,0.0,0.0,0.0,0.0,112
2023-05-09 21:02:05,OI311P7900,OI311P7900,262.0,0.0,0.0,0.0,6,263.0,269.5,2,262.0,286.0,0.0,0.0,0.0,0.0,112
2023-05-09 21:02:05,OI311P7900,OI311P7900,262.0,0.0,0.0,0.0,8,262.0,269.5,2,262.0,286.0,0.0,0.0,0.0,0.0,112
2023-05-09 21:02:06,OI311P7900,OI311P7900,262.0,0.0,0.0,0.0,2,262.0,267.5,2,262.0,286.0,0.0,0.0,0.0,0.0,112
2023-05-09 21:02:23,OI311P7900,OI311P7900,262.0,0.0,0.0,0.0,2,263.0,267.5,2,262.0,286.0,0.0,0.0,0.0,0.0,112
2023-05-09 21:02:24,OI311P7900,OI311P7900,262.0,0.0,0.0,0.0,2,263.0,269.5,14,262.0,286.0,0.0,0.0,0.0,0.0,112
2023-05-09 21:02:24,OI311P7900,OI311P7900,262.0,0.0,0.0,0.0,2,263.0,269.5,8,262.0,286.0,0.0,0.0,0.0,0.0,112
2023-05-09 21:02:45,OI311P7900,OI311P7900,262.0,0.0,0.0,0.0,2,264.5,269.5,14,262.0,286.0,0.0,0.0,0.0,0.0,112
2023-05-09 21:02:45,OI311P7900,OI311P7900,262.0,0.0,0.0,0.0,2,264.5,269.5,8,262.0,286.0,0.0,0.0,0.0,0.0,112
2023-05-09 21:02:50,OI311P7900,OI311P7900,262.0,0.0,0.0,0.0,2,264.5,269.5,2,262.0,286.0,0.0,0.0,0.0,0.0,112
2023-05-09 21:04:23,OI311P7900,OI311P7900,262.0,0.0,0.0,0.0,2,264.5,271.0,14,262.0,286.0,0.0,0.0,0.0,0.0,112
2023-05-09 21:04:24,OI311P7900,OI311P7900,262.0,0.0,0.0,0.0,2,266.0,271.0,8,262.0,286.0,0.0,0.0,0.0,0.0,112
2023-05-09 21:04:25,OI311P7900,OI311P7900,262.0,0.0,0.0,0.0,2,266.0,271.0,2,262.0,286.0,0.0,0.0,0.0,0.0,112
2023-05-09 21:04:37,OI311P7900,OI311P7900,262.0,0.0,0.0,0.0,2,266.0,270.5,6,262.0,286.0,0.0,0.0,0.0,0.0,112
2023-05-09 21:04:38,OI311P7900,OI311P7900,262.0,0.0,0.0,0.0,2,266.0,270.5,18,262.0,286.0,0.0,0.0,0.0,0.0,112
2023-05-09 21:04:44,OI311P7900,OI311P7900,262.0,0.0,0.0,0.0,2,266.0,270.5,6,262.0,286.0,0.0,0.0,0.0,0.0,112
2023-05-09 21:04:44,OI311P7900,OI311P7900,262.0,0.0,0.0,0.0,2,266.0,272.0,6,262.0,286.0,0.0,0.0,0.0,0.0,112
2023-05-09 21:04:46,OI311P7900,OI311P7900,262.0,0.0,0.0,0.0,2,266.0,272.0,18,262.0,286.0,0.0,0.0,0.0,0.0,112
2023-05-09 21:04:53,OI311P7900,OI311P7900,262.0,0.0,0.0,0.0,2,266.0,270.5,12,262.0,286.0,0.0,0.0,0.0,0.0,112
2023-05-09 21:04:53,OI311P7900,OI311P7900,262.0,0.0,0.0,0.0,2,266.0,270.5,18,262.0,286.0,0.0,0.0,0.0,0.0,112
2023-05-09 21:05:05,OI311P7900,OI311P7900,262.0,0.0,0.0,0.0,2,267.0,270.5,18,262.0,286.0,0.0,0.0,0.0,0.0,112
2023-05-09 21:05:19,OI311P7900,OI311P7900,262.0,0.0,0.0,0.0,2,267.0,270.5,6,262.0,286.0,0.0,0.0,0.0,0.0,112
2023-05-09 21:05:21,OI311P7900,OI311P7900,262.0,0.0,0.0,0.0,2,267.0,270.5,12,262.0,286.0,0.0,0.0,0.0,0.0,112
2023-05-09 21:05:22,OI311P7900,OI311P7900,262.0,0.0,0.0,0.0,2,267.0,270.5,18,262.0,286.0,0.0,0.0,0.0,0.0,112
2023-05-09 21:05:26,OI311P7900,OI311P7900,262.0,0.0,0.0,0.0,2,267.0,270.5,12,262.0,286.0,0.0,0.0,0.0,0.0,112
2023-05-09 21:05:26,OI311P7900,OI311P7900,262.0,0.0,0.0,0.0,2,267.0,270.5,18,262.0,286.0,0.0,0.0,0.0,0.0,112
2023-05-09 21:05:28,OI311P7900,OI311P7900,262.0,0.0,0.0,0.0,2,266.0,270.5,18,262.0,286.0,0.0,0.0,0.0,0.0,112
2023-05-09 21:05:38,OI311P7900,OI311P7900,262.0,0.0,0.0,0.0,2,266.0,270.5,12,262.0,286.0,0.0,0.0,0.0,0.0,112
2023-05-09 21:05:39,OI311P7900,OI311P7900,262.0,0.0,0.0,0.0,2,266.0,271.5,8,262.0,286.0,0.0,0.0,0.0,0.0,112
2023-05-09 21:05:39,OI311P7900,OI311P7900,262.0,0.0,0.0,0.0,2,266.0,271.5,2,262.0,286.0,0.0,0.0,0.0,0.0,112
2023-05-09 21:05:44,OI311P7900,OI311P7900,262.0,0.0,0.0,0.0,8,266.0,271.5,2,262.0,286.0,0.0,0.0,0.0,0.0,112
2023-05-09 21:05:44,OI311P7900,OI311P7900,262.0,0.0,0.0,0.0,14,266.0,271.5,2,262.0,286.0,0.0,0.0,0.0,0.0,112
2023-05-09 21:05:49,OI311P7900,OI311P7900,262.0,0.0,0.0,0.0,2,267.5,271.5,2,262.0,286.0,0.0,0.0,0.0,0.0,112
2023-05-09 21:05:51,OI311P7900,OI311P7900,262.0,0.0,0.0,0.0,2,267.5,273.0,8,262.0,286.0,0.0,0.0,0.0,0.0,112
2023-05-09 21:05:52,OI311P7900,OI311P7900,262.0,0.0,0.0,0.0,2,267.5,273.0,2,262.0,286.0,0.0,0.0,0.0,0.0,112
2023-05-09 21:05:52,OI311P7900,OI311P7900,262.0,0.0,0.0,0.0,8,267.5,273.0,2,262.0,286.0,0.0,0.0,0.0,0.0,112
2023-05-09 21:05:52,OI311P7900,OI311P7900,262.0,0.0,0.0,0.0,20,267.5,273.0,2,262.0,286.0,0.0,0.0,0.0,0.0,112
2023-05-09 21:05:58,OI311P7900,OI311P7900,262.0,0.0,0.0,0.0,20,267.5,272.0,6,262.0,286.0,0.0,0.0,0.0,0.0,112
2023-05-09 21:05:59,OI311P7900,OI311P7900,262.0,0.0,0.0,0.0,20,267.5,272.0,12,262.0,286.0,0.0,0.0,0.0,0.0,112
2023-05-09 21:06:02,OI311P7900,OI311P7900,262.0,0.0,0.0,0.0,14,267.5,272.0,12,262.0,286.0,0.0,0.0,0.0,0.0,112
2023-05-09 21:06:02,OI311P7900,OI311P7900,262.0,0.0,0.0,0.0,8,267.5,271.5,2,262.0,286.0,0.0,0.0,0.0,0.0,112
2023-05-09 21:06:03,OI311P7900,OI311P7900,262.0,0.0,0.0,0.0,2,267.5,271.5,2,262.0,286.0,0.0,0.0,0.0,0.0,112
2023-05-09 21:06:04,OI311P7900,OI311P7900,262.0,0.0,0.0,0.0,8,266.0,271.0,6,262.0,286.0,0.0,0.0,0.0,0.0,112
2023-05-09 21:06:05,OI311P7900,OI311P7900,262.0,0.0,0.0,0.0,2,266.0,271.0,6,262.0,286.0,0.0,0.0,0.0,0.0,112
2023-05-09 21:06:06,OI311P7900,OI311P7900,262.0,0.0,0.0,0.0,2,266.0,271.0,12,262.0,286.0,0.0,0.0,0.0,0.0,112
2023-05-09 21:06:06,OI311P7900,OI311P7900,262.0,0.0,0.0,0.0,2,266.0,271.0,18,262.0,286.0,0.0,0.0,0.0,0.0,112
2023-05-09 21:06:13,OI311P7900,OI311P7900,262.0,0.0,0.0,0.0,2,266.0,271.0,6,262.0,286.0,0.0,0.0,0.0,0.0,112
2023-05-09 21:06:13,OI311P7900,OI311P7900,262.0,0.0,0.0,0.0,2,266.0,271.5,2,262.0,286.0,0.0,0.0,0.0,0.0,112
2023-05-09 21:06:16,OI311P7900,OI311P7900,262.0,0.0,0.0,0.0,20,266.0,271.5,2,262.0,286.0,0.0,0.0,0.0,0.0,112
2023-05-09 21:06:20,OI311P7900,OI311P7900,262.0,0.0,0.0,0.0,26,266.0,271.5,2,262.0,286.0,0.0,0.0,0.0,0.0,112
2023-05-09 21:06:43,OI311P7900,OI311P7900,262.0,0.0,0.0,0.0,20,266.0,271.5,2,262.0,286.0,0.0,0.0,0.0,0.0,112
2023-05-09 21:06:49,OI311P7900,OI311P7900,262.0,0.0,0.0,0.0,2,266.5,271.5,2,262.0,286.0,0.0,0.0,0.0,0.0,112
2023-05-09 21:06:49,OI311P7900,OI311P7900,262.0,0.0,0.0,0.0,2,266.5,272.5,6,262.0,286.0,0.0,0.0,0.0,0.0,112
2023-05-09 21:06:51,OI311P7900,OI311P7900,262.0,0.0,0.0,0.0,2,268.0,272.5,6,262.0,286.0,0.0,0.0,0.0,0.0,112
2023-05-09 21:06:51,OI311P7900,OI311P7900,262.0,0.0,0.0,0.0,2,268.0,272.5,18,262.0,286.0,0.0,0.0,0.0,0.0,112
2023-05-09 21:06:55,OI311P7900,OI311P7900,262.0,0.0,0.0,0.0,2,268.0,272.5,6,262.0,286.0,0.0,0.0,0.0,0.0,112
2023-05-09 21:06:55,OI311P7900,OI311P7900,262.0,0.0,0.0,0.0,2,268.0,273.0,2,262.0,286.0,0.0,0.0,0.0,0.0,112
2023-05-09 21:07:31,OI311P7900,OI311P7900,262.0,0.0,0.0,0.0,2,268.0,273.5,18,262.0,286.0,0.0,0.0,0.0,0.0,112
2023-05-09 21:07:45,OI311P7900,OI311P7900,262.0,0.0,0.0,0.0,2,269.5,273.5,18,262.0,286.0,0.0,0.0,0.0,0.0,112
2023-05-09 21:07:45,OI311P7900,OI311P7900,262.0,0.0,0.0,0.0,14,269.5,273.5,12,262.0,286.0,0.0,0.0,0.0,0.0,112
2023-05-09 21:07:46,OI311P7900,OI311P7900,262.0,0.0,0.0,0.0,20,269.5,273.5,6,262.0,286.0,0.0,0.0,0.0,0.0,112
2023-05-09 21:07:56,OI311P7900,OI311P7900,262.0,0.0,0.0,0.0,14,269.5,273.5,6,262.0,286.0,0.0,0.0,0.0,0.0,112
2023-05-09 21:07:59,OI311P7900,OI311P7900,262.0,0.0,0.0,0.0,8,269.5,273.5,12,262.0,286.0,0.0,0.0,0.0,0.0,112
2023-05-09 21:08:00,OI311P7900,OI311P7900,262.0,0.0,0.0,0.0,2,269.5,273.5,18,262.0,286.0,0.0,0.0,0.0,0.0,112
2023-05-09 21:08:30,OI311P7900,OI311P7900,262.0,0.0,0.0,0.0,20,268.0,273.0,2,262.0,286.0,0.0,0.0,0.0,0.0,112
2023-05-09 21:09:42,OI311P7900,OI311P7900,262.0,0.0,0.0,0.0,14,268.0,273.0,2,262.0,286.0,0.0,0.0,0.0,0.0,112
2023-05-09 21:09:54,OI311P7900,OI311P7900,262.0,0.0,0.0,0.0,12,268.5,273.0,2,262.0,286.0,0.0,0.0,0.0,0.0,112
2023-05-09 21:09:54,OI311P7900,OI311P7900,262.0,0.0,0.0,0.0,18,268.5,273.0,2,262.0,286.0,0.0,0.0,0.0,0.0,112
2023-05-09 21:09:56,OI311P7900,OI311P7900,262.0,0.0,0.0,0.0,6,268.5,273.0,8,262.0,286.0,0.0,0.0,0.0,0.0,112
2023-05-09 21:09:56,OI311P7900,OI311P7900,262.0,0.0,0.0,0.0,2,268.0,273.0,20,262.0,286.0,0.0,0.0,0.0,0.0,112
2023-05-09 21:10:07,OI311P7900,OI311P7900,262.0,0.0,0.0,0.0,18,267.5,273.0,14,262.0,286.0,0.0,0.0,0.0,0.0,112
2023-05-09 21:10:07,OI311P7900,OI311P7900,262.0,0.0,0.0,0.0,12,267.5,272.0,12,262.0,286.0,0.0,0.0,0.0,0.0,112
2023-05-09 21:10:07,OI311P7900,OI311P7900,262.0,0.0,0.0,0.0,18,267.5,271.5,2,262.0,286.0,0.0,0.0,0.0,0.0,112
2023-05-09 21:10:13,OI311P7900,OI311P7900,262.0,0.0,0.0,0.0,12,267.5,271.5,2,262.0,286.0,0.0,0.0,0.0,0.0,112
2023-05-09 21:10:14,OI311P7900,OI311P7900,262.0,0.0,0.0,0.0,20,266.5,271.5,2,262.0,286.0,0.0,0.0,0.0,0.0,112
2023-05-09 21:10:17,OI311P7900,OI311P7900,262.0,0.0,0.0,0.0,12,267.5,271.5,2,262.0,286.0,0.0,0.0,0.0,0.0,112
2023-05-09 21:10:17,OI311P7900,OI311P7900,262.0,0.0,0.0,0.0,18,267.5,271.5,2,262.0,286.0,0.0,0.0,0.0,0.0,112
2023-05-09 21:10:40,OI311P7900,OI311P7900,262.0,0.0,0.0,0.0,6,267.5,271.5,2,262.0,286.0,0.0,0.0,0.0,0.0,112
2023-05-09 21:10:41,OI311P7900,OI311P7900,262.0,0.0,0.0,0.0,8,266.5,271.5,8,262.0,286.0,0.0,0.0,0.0,0.0,112
2023-05-09 21:10:41,OI311P7900,OI311P7900,262.0,0.0,0.0,0.0,14,266.5,271.5,8,262.0,286.0,0.0,0.0,0.0,0.0,112
2023-05-09 21:10:42,OI311P7900,OI311P7900,262.0,0.0,0.0,0.0,2,266.5,271.5,8,262.0,286.0,0.0,0.0,0.0,0.0,112
2023-05-09 21:10:43,OI311P7900,OI311P7900,262.0,0.0,0.0,0.0,26,266.0,271.5,26,262.0,286.0,0.0,0.0,0.0,0.0,112
2023-05-09 21:10:43,OI311P7900,OI311P7900,262.0,0.0,0.0,0.0,26,266.0,270.0,8,262.0,286.0,0.0,0.0,0.0,0.0,112
2023-05-09 21:10:44,OI311P7900,OI311P7900,262.0,0.0,0.0,0.0,26,266.0,270.0,14,262.0,286.0,0.0,0.0,0.0,0.0,112
2023-05-09 21:10:45,OI311P7900,OI311P7900,262.0,0.0,0.0,0.0,18,266.0,270.0,14,262.0,286.0,0.0,0.0,0.0,0.0,112
2023-05-09 21:10:50,OI311P7900,OI311P7900,262.0,0.0,0.0,0.0,12,266.0,270.0,14,262.0,286.0,0.0,0.0,0.0,0.0,112
2023-05-09 21:10:50,OI311P7900,OI311P7900,262.0,0.0,0.0,0.0,12,265.0,270.0,20,262.0,286.0,0.0,0.0,0.0,0.0,112
2023-05-09 21:11:03,OI311P7900,OI311P7900,262.0,0.0,0.0,0.0,6,265.0,270.0,20,262.0,286.0,0.0,0.0,0.0,0.0,112
2023-05-09 21:11:04,OI311P7900,OI311P7900,262.0,0.0,0.0,0.0,12,264.5,268.5,2,262.0,286.0,0.0,0.0,0.0,0.0,112
2023-05-09 21:11:04,OI311P7900,OI311P7900,262.0,0.0,0.0,0.0,18,264.5,268.5,8,262.0,286.0,0.0,0.0,0.0,0.0,112
2023-05-09 21:11:05,OI311P7900,OI311P7900,262.0,0.0,0.0,0.0,6,264.0,268.5,14,262.0,286.0,0.0,0.0,0.0,0.0,112
2023-05-09 21:11:05,OI311P7900,OI311P7900,262.0,0.0,0.0,0.0,12,263.0,268.5,8,262.0,286.0,0.0,0.0,0.0,0.0,112
2023-05-09 21:11:05,OI311P7900,OI311P7900,262.0,0.0,0.0,0.0,18,263.0,268.5,8,262.0,286.0,0.0,0.0,0.0,0.0,112
2023-05-09 21:11:07,OI311P7900,OI311P7900,262.0,0.0,0.0,0.0,18,263.0,268.5,14,262.0,286.0,0.0,0.0,0.0,0.0,112
2023-05-09 21:11:45,OI311P7900,OI311P7900,262.0,0.0,0.0,0.0,2,263.5,268.5,14,262.0,286.0,0.0,0.0,0.0,0.0,112
2023-05-09 21:12:04,OI311P7900,OI311P7900,262.0,0.0,0.0,0.0,12,264.0,268.5,8,262.0,286.0,0.0,0.0,0.0,0.0,112
2023-05-09 21:12:05,OI311P7900,OI311P7900,262.0,0.0,0.0,0.0,18,264.0,268.5,2,262.0,286.0,0.0,0.0,0.0,0.0,112
2023-05-09 21:12:41,OI311P7900,OI311P7900,262.0,0.0,0.0,0.0,18,264.0,268.5,14,262.0,286.0,0.0,0.0,0.0,0.0,112
2023-05-09 21:13:07,OI311P7900,OI311P7900,262.0,0.0,0.0,0.0,12,264.0,268.5,20,262.0,286.0,0.0,0.0,0.0,0.0,112
2023-05-09 21:13:08,OI311P7900,OI311P7900,262.0,0.0,0.0,0.0,20,263.5,268.5,26,262.0,286.0,0.0,0.0,0.0,0.0,112
2023-05-09 21:13:08,OI311P7900,OI311P7900,262.0,0.0,0.0,0.0,2,263.5,268.5,26,262.0,286.0,0.0,0.0,0.0,0.0,112
2023-05-09 21:13:26,OI311P7900,OI311P7900,262.0,0.0,0.0,0.0,2,263.5,267.0,2,262.0,286.0,0.0,0.0,0.0,0.0,112
2023-05-09 21:13:26,OI311P7900,OI311P7900,262.0,0.0,0.0,0.0,18,263.0,267.0,2,262.0,286.0,0.0,0.0,0.0,0.0,112
2023-05-09 21:13:27,OI311P7900,OI311P7900,262.0,0.0,0.0,0.0,18,263.0,267.0,8,262.0,286.0,0.0,0.0,0.0,0.0,112
2023-05-09 21:13:27,OI311P7900,OI311P7900,262.0,0.0,0.0,0.0,6,263.0,267.0,14,262.0,286.0,0.0,0.0,0.0,0.0,112
2023-05-09 21:13:28,OI311P7900,OI311P7900,262.0,0.0,0.0,0.0,6,262.5,267.0,20,262.0,286.0,0.0,0.0,0.0,0.0,112
2023-05-09 21:13:28,OI311P7900,OI311P7900,262.0,0.0,0.0,0.0,26,262.0,267.0,14,262.0,286.0,0.0,0.0,0.0,0.0,112
2023-05-09 21:13:47,OI311P7900,OI311P7900,262.0,0.0,0.0,0.0,20,262.0,266.0,2,262.0,286.0,0.0,0.0,0.0,0.0,112
2023-05-09 21:13:47,OI311P7900,OI311P7900,262.0,0.0,0.0,0.0,8,262.0,266.0,2,262.0,286.0,0.0,0.0,0.0,0.0,112
2023-05-09 21:13:49,OI311P7900,OI311P7900,262.0,0.0,0.0,0.0,2,262.0,266.0,2,262.0,286.0,0.0,0.0,0.0,0.0,112
2023-05-09 21:14:09,OI311P7900,OI311P7900,262.0,0.0,0.0,0.0,12,261.5,266.0,2,262.0,286.0,0.0,0.0,0.0,0.0,112
2023-05-09 21:14:10,OI311P7900,OI311P7900,262.0,0.0,0.0,0.0,18,261.5,266.0,2,262.0,286.0,0.0,0.0,0.0,0.0,112
2023-05-09 21:14:10,OI311P7900,OI311P7900,262.0,0.0,0.0,0.0,18,261.5,266.0,8,262.0,286.0,0.0,0.0,0.0,0.0,112
2023-05-09 21:14:16,OI311P7900,OI311P7900,262.0,0.0,0.0,0.0,12,261.5,266.0,8,262.0,286.0,0.0,0.0,0.0,0.0,112
2023-05-09 21:14:16,OI311P7900,OI311P7900,262.0,0.0,0.0,0.0,18,260.5,266.0,20,262.0,286.0,0.0,0.0,0.0,0.0,112
2023-05-09 21:14:17,OI311P7900,OI311P7900,262.0,0.0,0.0,0.0,24,260.5,266.0,14,262.0,286.0,0.0,0.0,0.0,0.0,112
2023-05-09 21:14:25,OI311P7900,OI311P7900,262.0,0.0,0.0,0.0,8,261.5,266.0,8,262.0,286.0,0.0,0.0,0.0,0.0,112
2023-05-09 21:14:26,OI311P7900,OI311P7900,262.0,0.0,0.0,0.0,8,261.5,266.0,2,262.0,286.0,0.0,0.0,0.0,0.0,112
2023-05-09 21:14:26,OI311P7900,OI311P7900,262.0,0.0,0.0,0.0,14,261.5,266.0,2,262.0,286.0,0.0,0.0,0.0,0.0,112
2023-05-09 21:14:28,OI311P7900,OI311P7900,262.0,0.0,0.0,0.0,20,261.5,266.0,2,262.0,286.0,0.0,0.0,0.0,0.0,112
2023-05-09 21:15:01,OI311P7900,OI311P7900,262.0,0.0,0.0,0.0,30,262.5,266.0,2,262.0,286.0,0.0,0.0,0.0,0.0,112
2023-05-09 21:15:06,OI311P7900,OI311P7900,262.0,0.0,0.0,0.0,24,262.5,266.0,2,262.0,286.0,0.0,0.0,0.0,0.0,112
2023-05-09 21:15:13,OI311P7900,OI311P7900,262.0,0.0,0.0,0.0,18,262.5,266.0,2,262.0,286.0,0.0,0.0,0.0,0.0,112
2023-05-09 21:15:15,OI311P7900,OI311P7900,262.0,0.0,0.0,0.0,24,262.5,266.0,2,262.0,286.0,0.0,0.0,0.0,0.0,112
2023-05-09 21:15:18,OI311P7900,OI311P7900,262.0,0.0,0.0,0.0,18,262.5,267.0,8,262.0,286.0,0.0,0.0,0.0,0.0,112
2023-05-09 21:15:18,OI311P7900,OI311P7900,262.0,0.0,0.0,0.0,24,262.5,267.0,8,262.0,286.0,0.0,0.0,0.0,0.0,112
2023-05-09 21:15:25,OI311P7900,OI311P7900,262.0,0.0,0.0,0.0,18,262.5,267.0,8,262.0,286.0,0.0,0.0,0.0,0.0,112
2023-05-09 21:15:26,OI311P7900,OI311P7900,262.0,0.0,0.0,0.0,12,262.5,267.0,8,262.0,286.0,0.0,0.0,0.0,0.0,112
2023-05-09 21:15:26,OI311P7900,OI311P7900,262.0,0.0,0.0,0.0,20,261.5,267.0,20,262.0,286.0,0.0,0.0,0.0,0.0,112
2023-05-09 21:15:27,OI311P7900,OI311P7900,262.0,0.0,0.0,0.0,20,261.5,267.0,14,262.0,286.0,0.0,0.0,0.0,0.0,112
2023-05-09 21:15:32,OI311P7900,OI311P7900,262.0,0.0,0.0,0.0,6,262.5,267.0,14,262.0,286.0,0.0,0.0,0.0,0.0,112
2023-05-09 21:15:33,OI311P7900,OI311P7900,262.0,0.0,0.0,0.0,12,262.5,267.0,20,262.0,286.0,0.0,0.0,0.0,0.0,112
2023-05-09 21:15:34,OI311P7900,OI311P7900,262.0,0.0,0.0,0.0,12,262.5,267.0,14,262.0,286.0,0.0,0.0,0.0,0.0,112
2023-05-09 21:15:37,OI311P7900,OI311P7900,262.0,0.0,0.0,0.0,12,262.5,267.0,2,262.0,286.0,0.0,0.0,0.0,0.0,112
2023-05-09 21:15:38,OI311P7900,OI311P7900,262.0,0.0,0.0,0.0,18,262.5,267.0,2,262.0,286.0,0.0,0.0,0.0,0.0,112
2023-05-09 21:15:49,OI311P7900,OI311P7900,262.0,0.0,0.0,0.0,2,263.0,267.0,2,262.0,286.0,0.0,0.0,0.0,0.0,112
2023-05-09 21:16:06,OI311P7900,OI311P7900,262.0,0.0,0.0,0.0,6,263.5,267.0,2,262.0,286.0,0.0,0.0,0.0,0.0,112
2023-05-09 21:16:07,OI311P7900,OI311P7900,262.0,0.0,0.0,0.0,12,263.5,267.0,2,262.0,286.0,0.0,0.0,0.0,0.0,112
2023-05-09 21:16:08,OI311P7900,OI311P7900,262.0,0.0,0.0,0.0,2,263.0,267.0,2,262.0,286.0,0.0,0.0,0.0,0.0,112
2023-05-09 21:16:27,OI311P7900,OI311P7900,262.0,0.0,0.0,0.0,8,263.0,267.0,2,262.0,286.0,0.0,0.0,0.0,0.0,112
2023-05-09 21:16:27,OI311P7900,OI311P7900,262.0,0.0,0.0,0.0,14,263.0,267.0,2,262.0,286.0,0.0,0.0,0.0,0.0,112
2023-05-09 21:17:17,OI311P7900,OI311P7900,262.0,0.0,0.0,0.0,20,263.0,267.0,14,262.0,286.0,0.0,0.0,0.0,0.0,112
2023-05-09 21:17:25,OI311P7900,OI311P7900,262.0,0.0,0.0,0.0,14,263.0,267.0,14,262.0,286.0,0.0,0.0,0.0,0.0,112
2023-05-09 21:17:26,OI311P7900,OI311P7900,262.0,0.0,0.0,0.0,12,263.0,267.0,14,262.0,286.0,0.0,0.0,0.0,0.0,112
2023-05-09 21:17:27,OI311P7900,OI311P7900,262.0,0.0,0.0,0.0,24,262.5,267.0,20,262.0,286.0,0.0,0.0,0.0,0.0,112
2023-05-09 21:17:27,OI311P7900,OI311P7900,262.0,0.0,0.0,0.0,18,262.5,267.0,14,262.0,286.0,0.0,0.0,0.0,0.0,112
2023-05-09 21:17:29,OI311P7900,OI311P7900,262.0,0.0,0.0,0.0,6,262.5,267.0,14,262.0,286.0,0.0,0.0,0.0,0.0,112
2023-05-09 21:17:30,OI311P7900,OI311P7900,262.0,0.0,0.0,0.0,12,262.0,267.0,20,262.0,286.0,0.0,0.0,0.0,0.0,112
2023-05-09 21:18:10,OI311P7900,OI311P7900,262.0,0.0,0.0,0.0,18,262.0,267.0,20,262.0,286.0,0.0,0.0,0.0,0.0,112
2023-05-09 21:18:13,OI311P7900,OI311P7900,262.0,0.0,0.0,0.0,18,262.0,267.0,14,262.0,286.0,0.0,0.0,0.0,0.0,112
2023-05-09 21:18:27,OI311P7900,OI311P7900,262.0,0.0,0.0,0.0,18,262.0,267.0,8,262.0,286.0,0.0,0.0,0.0,0.0,112
2023-05-09 21:18:28,OI311P7900,OI311P7900,262.0,0.0,0.0,0.0,24,262.0,267.0,2,262.0,286.0,0.0,0.0,0.0,0.0,112
2023-05-09 21:18:44,OI311P7900,OI311P7900,262.0,0.0,0.0,0.0,2,263.0,267.0,2,262.0,286.0,0.0,0.0,0.0,0.0,112
2023-05-09 21:18:44,OI311P7900,OI311P7900,262.0,0.0,0.0,0.0,8,263.0,267.0,2,262.0,286.0,0.0,0.0,0.0,0.0,112
2023-05-09 21:18:45,OI311P7900,OI311P7900,262.0,0.0,0.0,0.0,20,263.0,268.5,8,262.0,286.0,0.0,0.0,0.0,0.0,112
2023-05-09 21:18:45,OI311P7900,OI311P7900,262.0,0.0,0.0,0.0,12,264.0,268.5,2,262.0,286.0,0.0,0.0,0.0,0.0,112
2023-05-09 21:18:46,OI311P7900,OI311P7900,262.0,0.0,0.0,0.0,24,264.0,268.5,2,262.0,286.0,0.0,0.0,0.0,0.0,112
2023-05-09 21:19:09,OI311P7900,OI311P7900,262.0,0.0,0.0,0.0,6,265.0,268.5,2,262.0,286.0,0.0,0.0,0.0,0.0,112
2023-05-09 21:19:09,OI311P7900,OI311P7900,262.0,0.0,0.0,0.0,18,265.0,268.5,2,262.0,286.0,0.0,0.0,0.0,0.0,112
2023-05-09 21:19:10,OI311P7900,OI311P7900,262.0,0.0,0.0,0.0,24,265.0,270.0,26,262.0,286.0,0.0,0.0,0.0,0.0,112
2023-05-09 21:19:10,OI311P7900,OI311P7900,262.0,0.0,0.0,0.0,18,265.0,270.0,2,262.0,286.0,0.0,0.0,0.0,0.0,112
2023-05-09 21:19:11,OI311P7900,OI311P7900,262.0,0.0,0.0,0.0,24,265.0,270.0,2,262.0,286.0,0.0,0.0,0.0,0.0,112
2023-05-09 21:19:13,OI311P7900,OI311P7900,262.0,0.0,0.0,0.0,30,265.0,270.0,2,262.0,286.0,0.0,0.0,0.0,0.0,112
2023-05-09 21:19:14,OI311P7900,OI311P7900,262.0,0.0,0.0,0.0,36,265.0,270.0,2,262.0,286.0,0.0,0.0,0.0,0.0,112
2023-05-09 21:19:28,OI311P7900,OI311P7900,262.0,0.0,0.0,0.0,30,265.0,270.0,2,262.0,286.0,0.0,0.0,0.0,0.0,112
2023-05-09 21:19:29,OI311P7900,OI311P7900,262.0,0.0,0.0,0.0,6,266.0,270.0,2,262.0,286.0,0.0,0.0,0.0,0.0,112
2023-05-09 21:19:30,OI311P7900,OI311P7900,262.0,0.0,0.0,0.0,8,266.0,270.0,2,262.0,286.0,0.0,0.0,0.0,0.0,112
2023-05-09 21:19:30,OI311P7900,OI311P7900,262.0,0.0,0.0,0.0,14,266.0,270.0,2,262.0,286.0,0.0,0.0,0.0,0.0,112
2023-05-09 21:19:32,OI311P7900,OI311P7900,262.0,0.0,0.0,0.0,8,266.0,270.0,2,262.0,286.0,0.0,0.0,0.0,0.0,112
2023-05-09 21:19:32,OI311P7900,OI311P7900,262.0,0.0,0.0,0.0,2,266.0,270.0,2,262.0,286.0,0.0,0.0,0.0,0.0,112
2023-05-09 21:19:36,OI311P7900,OI311P7900,262.0,0.0,0.0,0.0,8,266.0,270.0,2,262.0,286.0,0.0,0.0,0.0,0.0,112
2023-05-09 21:19:37,OI311P7900,OI311P7900,262.0,0.0,0.0,0.0,14,266.0,270.0,2,262.0,286.0,0.0,0.0,0.0,0.0,112
2023-05-09 21:19:42,OI311P7900,OI311P7900,262.0,0.0,0.0,0.0,2,266.0,270.0,2,262.0,286.0,0.0,0.0,0.0,0.0,112
2023-05-09 21:19:50,OI311P7900,OI311P7900,262.0,0.0,0.0,0.0,6,266.5,271.0,6,262.0,286.0,0.0,0.0,0.0,0.0,112
2023-05-09 21:19:51,OI311P7900,OI311P7900,262.0,0.0,0.0,0.0,12,266.5,272.5,6,262.0,286.0,0.0,0.0,0.0,0.0,112
2023-05-09 21:19:52,OI311P7900,OI311P7900,262.0,0.0,0.0,0.0,18,266.5,273.0,36,262.0,286.0,0.0,0.0,0.0,0.0,112
2023-05-09 21:19:52,OI311P7900,OI311P7900,262.0,0.0,0.0,0.0,18,266.5,272.5,2,262.0,286.0,0.0,0.0,0.0,0.0,112
2023-05-09 21:19:52,OI311P7900,OI311P7900,262.0,0.0,0.0,0.0,24,266.5,272.5,2,262.0,286.0,0.0,0.0,0.0,0.0,112
2023-05-09 21:20:04,OI311P7900,OI311P7900,262.0,0.0,0.0,0.0,2,267.5,272.5,2,262.0,286.0,0.0,0.0,0.0,0.0,112
2023-05-09 21:20:05,OI311P7900,OI311P7900,262.0,0.0,0.0,0.0,20,267.5,272.5,2,262.0,286.0,0.0,0.0,0.0,0.0,112
2023-05-09 21:20:17,OI311P7900,OI311P7900,262.0,0.0,0.0,0.0,20,267.5,272.0,6,262.0,286.0,0.0,0.0,0.0,0.0,112
2023-05-09 21:20:17,OI311P7900,OI311P7900,262.0,0.0,0.0,0.0,20,267.5,272.0,12,262.0,286.0,0.0,0.0,0.0,0.0,112
2023-05-09 21:20:22,OI311P7900,OI311P7900,262.0,0.0,0.0,0.0,20,267.5,272.0,18,262.0,286.0,0.0,0.0,0.0,0.0,112
2023-05-09 21:20:26,OI311P7900,OI311P7900,262.0,0.0,0.0,0.0,14,267.5,272.0,18,262.0,286.0,0.0,0.0,0.0,0.0,112
2023-05-09 21:20:38,OI311P7900,OI311P7900,262.0,0.0,0.0,0.0,14,267.5,272.0,12,262.0,286.0,0.0,0.0,0.0,0.0,112
2023-05-09 21:21:03,OI311P7900,OI311P7900,262.0,0.0,0.0,0.0,2,267.5,271.0,2,262.0,286.0,0.0,0.0,0.0,0.0,112
2023-05-09 21:21:04,OI311P7900,OI311P7900,262.0,0.0,0.0,0.0,12,266.5,271.0,8,262.0,286.0,0.0,0.0,0.0,0.0,112
2023-05-09 21:21:04,OI311P7900,OI311P7900,262.0,0.0,0.0,0.0,6,266.5,271.0,14,262.0,286.0,0.0,0.0,0.0,0.0,112
2023-05-09 21:21:06,OI311P7900,OI311P7900,262.0,0.0,0.0,0.0,12,266.5,271.0,20,262.0,286.0,0.0,0.0,0.0,0.0,112
2023-05-09 21:23:03,OI311P7900,OI311P7900,262.0,0.0,0.0,0.0,26,266.0,271.0,20,262.0,286.0,0.0,0.0,0.0,0.0,112
2023-05-09 21:23:03,OI311P7900,OI311P7900,262.0,0.0,0.0,0.0,26,266.0,271.0,14,262.0,286.0,0.0,0.0,0.0,0.0,112
2023-05-09 21:23:07,OI311P7900,OI311P7900,262.0,0.0,0.0,0.0,20,266.0,271.0,14,262.0,286.0,0.0,0.0,0.0,0.0,112
2023-05-09 21:23:08,OI311P7900,OI311P7900,262.0,0.0,0.0,0.0,26,266.0,271.0,14,262.0,286.0,0.0,0.0,0.0,0.0,112
2023-05-09 21:23:09,OI311P7900,OI311P7900,262.0,0.0,0.0,0.0,20,266.0,271.0,14,262.0,286.0,0.0,0.0,0.0,0.0,112
2023-05-09 21:23:12,OI311P7900,OI311P7900,262.0,0.0,0.0,0.0,14,266.0,271.0,20,262.0,286.0,0.0,0.0,0.0,0.0,112
2023-05-09 21:24:12,OI311P7900,OI311P7900,262.0,0.0,0.0,0.0,20,266.0,271.0,14,262.0,286.0,0.0,0.0,0.0,0.0,112
2023-05-09 21:24:39,OI311P7900,OI311P7900,262.0,0.0,0.0,0.0,26,266.0,271.0,14,262.0,286.0,0.0,0.0,0.0,0.0,112
2023-05-09 21:24:40,OI311P7900,OI311P7900,262.0,0.0,0.0,0.0,26,266.0,271.0,2,262.0,286.0,0.0,0.0,0.0,0.0,112
2023-05-09 21:24:41,OI311P7900,OI311P7900,262.0,0.0,0.0,0.0,12,266.5,271.0,2,262.0,286.0,0.0,0.0,0.0,0.0,112
2023-05-09 21:24:42,OI311P7900,OI311P7900,262.0,0.0,0.0,0.0,18,266.5,271.0,2,262.0,286.0,0.0,0.0,0.0,0.0,112
2023-05-09 21:24:47,OI311P7900,OI311P7900,262.0,0.0,0.0,0.0,2,267.5,271.0,2,262.0,286.0,0.0,0.0,0.0,0.0,112
2023-05-09 21:24:48,OI311P7900,OI311P7900,262.0,0.0,0.0,0.0,8,267.5,271.0,2,262.0,286.0,0.0,0.0,0.0,0.0,112
2023-05-09 21:24:48,OI311P7900,OI311P7900,262.0,0.0,0.0,0.0,14,267.5,271.0,2,262.0,286.0,0.0,0.0,0.0,0.0,112
2023-05-09 21:24:53,OI311P7900,OI311P7900,262.0,0.0,0.0,0.0,14,267.5,272.0,6,262.0,286.0,0.0,0.0,0.0,0.0,112
2023-05-09 21:24:54,OI311P7900,OI311P7900,262.0,0.0,0.0,0.0,14,267.5,272.5,8,262.0,286.0,0.0,0.0,0.0,0.0,112
2023-05-09 21:24:54,OI311P7900,OI311P7900,262.0,0.0,0.0,0.0,20,267.5,272.5,2,262.0,286.0,0.0,0.0,0.0,0.0,112
2023-05-09 21:24:57,OI311P7900,OI311P7900,262.0,0.0,0.0,0.0,26,267.5,272.5,2,262.0,286.0,0.0,0.0,0.0,0.0,112
2023-05-09 21:25:09,OI311P7900,OI311P7900,262.0,0.0,0.0,0.0,32,267.5,272.5,2,262.0,286.0,0.0,0.0,0.0,0.0,112
2023-05-09 21:25:43,OI311P7900,OI311P7900,262.0,0.0,0.0,0.0,6,268.5,272.5,2,262.0,286.0,0.0,0.0,0.0,0.0,112
2023-05-09 21:25:44,OI311P7900,OI311P7900,262.0,0.0,0.0,0.0,18,268.5,272.5,2,262.0,286.0,0.0,0.0,0.0,0.0,112
2023-05-09 21:25:58,OI311P7900,OI311P7900,262.0,0.0,0.0,0.0,6,268.5,272.5,2,262.0,286.0,0.0,0.0,0.0,0.0,112
2023-05-09 21:25:59,OI311P7900,OI311P7900,262.0,0.0,0.0,0.0,32,267.5,272.5,2,262.0,286.0,0.0,0.0,0.0,0.0,112
2023-05-09 21:26:03,OI311P7900,OI311P7900,262.0,0.0,0.0,0.0,14,267.5,272.5,20,262.0,286.0,0.0,0.0,0.0,0.0,112
2023-05-09 21:26:03,OI311P7900,OI311P7900,262.0,0.0,0.0,0.0,12,266.5,272.5,20,262.0,286.0,0.0,0.0,0.0,0.0,112
2023-05-09 21:26:04,OI311P7900,OI311P7900,262.0,0.0,0.0,0.0,18,266.5,271.0,2,262.0,286.0,0.0,0.0,0.0,0.0,112
2023-05-09 21:26:04,OI311P7900,OI311P7900,262.0,0.0,0.0,0.0,6,266.5,271.0,2,262.0,286.0,0.0,0.0,0.0,0.0,112
2023-05-09 21:26:05,OI311P7900,OI311P7900,262.0,0.0,0.0,0.0,6,267.0,271.0,14,262.0,286.0,0.0,0.0,0.0,0.0,112
2023-05-09 21:26:05,OI311P7900,OI311P7900,262.0,0.0,0.0,0.0,6,267.0,271.0,8,262.0,286.0,0.0,0.0,0.0,0.0,112
2023-05-09 21:26:05,OI311P7900,OI311P7900,262.0,0.0,0.0,0.0,6,267.0,271.0,2,262.0,286.0,0.0,0.0,0.0,0.0,112
2023-05-09 21:26:06,OI311P7900,OI311P7900,262.0,0.0,0.0,0.0,12,267.0,271.0,2,262.0,286.0,0.0,0.0,0.0,0.0,112
2023-05-09 21:26:07,OI311P7900,OI311P7900,262.0,0.0,0.0,0.0,18,266.5,271.0,2,262.0,286.0,0.0,0.0,0.0,0.0,112
2023-05-09 21:26:08,OI311P7900,OI311P7900,262.0,0.0,0.0,0.0,18,266.5,271.0,8,262.0,286.0,0.0,0.0,0.0,0.0,112
2023-05-09 21:26:10,OI311P7900,OI311P7900,262.0,0.0,0.0,0.0,24,266.5,271.0,14,262.0,286.0,0.0,0.0,0.0,0.0,112
2023-05-09 21:26:25,OI311P7900,OI311P7900,262.0,0.0,0.0,0.0,24,266.5,271.0,2,262.0,286.0,0.0,0.0,0.0,0.0,112
2023-05-09 21:26:58,OI311P7900,OI311P7900,262.0,0.0,0.0,0.0,30,266.5,271.0,2,262.0,286.0,0.0,0.0,0.0,0.0,112
2023-05-09 21:27:01,OI311P7900,OI311P7900,262.0,0.0,0.0,0.0,2,267.5,271.0,2,262.0,286.0,0.0,0.0,0.0,0.0,112
2023-05-09 21:28:28,OI311P7900,OI311P7900,262.0,0.0,0.0,0.0,18,266.5,271.0,8,262.0,286.0,0.0,0.0,0.0,0.0,112
2023-05-09 21:28:30,OI311P7900,OI311P7900,262.0,0.0,0.0,0.0,24,266.5,271.0,14,262.0,286.0,0.0,0.0,0.0,0.0,112
2023-05-09 21:28:36,OI311P7900,OI311P7900,262.0,0.0,0.0,0.0,18,266.5,271.0,14,262.0,286.0,0.0,0.0,0.0,0.0,112
2023-05-09 21:28:36,OI311P7900,OI311P7900,262.0,0.0,0.0,0.0,24,266.5,271.0,14,262.0,286.0,0.0,0.0,0.0,0.0,112
2023-05-09 21:28:37,OI311P7900,OI311P7900,262.0,0.0,0.0,0.0,24,266.5,271.0,2,262.0,286.0,0.0,0.0,0.0,0.0,112
2023-05-09 21:29:03,OI311P7900,OI311P7900,262.0,0.0,0.0,0.0,24,266.5,271.0,8,262.0,286.0,0.0,0.0,0.0,0.0,112
2023-05-09 21:29:12,OI311P7900,OI311P7900,262.0,0.0,0.0,0.0,24,266.5,271.0,2,262.0,286.0,0.0,0.0,0.0,0.0,112
2023-05-09 21:29:25,OI311P7900,OI311P7900,262.0,0.0,0.0,0.0,18,266.5,271.0,2,262.0,286.0,0.0,0.0,0.0,0.0,112
2023-05-09 21:29:34,OI311P7900,OI311P7900,262.0,0.0,0.0,0.0,18,266.5,271.0,8,262.0,286.0,0.0,0.0,0.0,0.0,112
2023-05-09 21:29:52,OI311P7900,OI311P7900,262.0,0.0,0.0,0.0,12,266.5,271.0,8,262.0,286.0,0.0,0.0,0.0,0.0,112
2023-05-09 21:29:53,OI311P7900,OI311P7900,262.0,0.0,0.0,0.0,20,266.0,271.0,20,262.0,286.0,0.0,0.0,0.0,0.0,112
2023-05-09 21:29:53,OI311P7900,OI311P7900,262.0,0.0,0.0,0.0,14,266.0,271.0,20,262.0,286.0,0.0,0.0,0.0,0.0,112
2023-05-09 21:30:01,OI311P7900,OI311P7900,262.0,0.0,0.0,0.0,6,266.5,271.0,20,262.0,286.0,0.0,0.0,0.0,0.0,112
2023-05-09 21:30:02,OI311P7900,OI311P7900,262.0,0.0,0.0,0.0,12,266.5,271.0,20,262.0,286.0,0.0,0.0,0.0,0.0,112
2023-05-09 21:30:07,OI311P7900,OI311P7900,262.0,0.0,0.0,0.0,12,266.5,271.0,14,262.0,286.0,0.0,0.0,0.0,0.0,112
2023-05-09 21:30:16,OI311P7900,OI311P7900,262.0,0.0,0.0,0.0,2,267.0,272.0,6,262.0,286.0,0.0,0.0,0.0,0.0,112
2023-05-09 21:30:17,OI311P7900,OI311P7900,262.0,0.0,0.0,0.0,14,267.0,272.5,8,262.0,286.0,0.0,0.0,0.0,0.0,112
2023-05-09 21:30:19,OI311P7900,OI311P7900,262.0,0.0,0.0,0.0,20,267.0,272.5,14,262.0,286.0,0.0,0.0,0.0,0.0,112
2023-05-09 21:30:19,OI311P7900,OI311P7900,262.0,0.0,0.0,0.0,2,268.5,272.5,2,262.0,286.0,0.0,0.0,0.0,0.0,112
2023-05-09 21:30:19,OI311P7900,OI311P7900,262.0,0.0,0.0,0.0,8,268.5,272.5,2,262.0,286.0,0.0,0.0,0.0,0.0,112
2023-05-09 21:30:20,OI311P7900,OI311P7900,262.0,0.0,0.0,0.0,14,268.5,272.5,2,262.0,286.0,0.0,0.0,0.0,0.0,112
2023-05-09 21:30:22,OI311P7900,OI311P7900,262.0,0.0,0.0,0.0,26,268.5,272.5,2,262.0,286.0,0.0,0.0,0.0,0.0,112
2023-05-09 21:30:23,OI311P7900,OI311P7900,262.0,0.0,0.0,0.0,26,268.5,274.0,18,262.0,286.0,0.0,0.0,0.0,0.0,112
2023-05-09 21:30:23,OI311P7900,OI311P7900,262.0,0.0,0.0,0.0,6,269.0,274.0,18,262.0,286.0,0.0,0.0,0.0,0.0,112
2023-05-09 21:30:24,OI311P7900,OI311P7900,262.0,0.0,0.0,0.0,18,269.0,274.0,6,262.0,286.0,0.0,0.0,0.0,0.0,112
2023-05-09 21:30:24,OI311P7900,OI311P7900,262.0,0.0,0.0,0.0,30,269.0,274.5,6,262.0,286.0,0.0,0.0,0.0,0.0,112
2023-05-09 21:30:25,OI311P7900,OI311P7900,262.0,0.0,0.0,0.0,30,269.0,275.5,32,262.0,286.0,0.0,0.0,0.0,0.0,112
2023-05-09 21:30:25,OI311P7900,OI311P7900,262.0,0.0,0.0,0.0,24,269.0,275.5,32,262.0,286.0,0.0,0.0,0.0,0.0,112
2023-05-09 21:30:26,OI311P7900,OI311P7900,262.0,0.0,0.0,0.0,2,270.0,275.5,26,262.0,286.0,0.0,0.0,0.0,0.0,112
2023-05-09 21:30:27,OI311P7900,OI311P7900,262.0,0.0,0.0,0.0,8,270.0,275.5,26,262.0,286.0,0.0,0.0,0.0,0.0,112
2023-05-09 21:30:27,OI311P7900,OI311P7900,262.0,0.0,0.0,0.0,14,270.0,275.5,26,262.0,286.0,0.0,0.0,0.0,0.0,112
2023-05-09 21:30:27,OI311P7900,OI311P7900,262.0,0.0,0.0,0.0,14,270.0,275.5,20,262.0,286.0,0.0,0.0,0.0,0.0,112
2023-05-09 21:30:31,OI311P7900,OI311P7900,262.0,0.0,0.0,0.0,2,270.0,275.5,26,262.0,286.0,0.0,0.0,0.0,0.0,112
2023-05-09 21:30:31,OI311P7900,OI311P7900,262.0,0.0,0.0,0.0,8,270.0,275.5,20,262.0,286.0,0.0,0.0,0.0,0.0,112
2023-05-09 21:30:33,OI311P7900,OI311P7900,262.0,0.0,0.0,0.0,6,270.5,275.5,20,262.0,286.0,0.0,0.0,0.0,0.0,112
2023-05-09 21:30:33,OI311P7900,OI311P7900,262.0,0.0,0.0,0.0,24,270.5,275.5,14,262.0,286.0,0.0,0.0,0.0,0.0,112
2023-05-09 21:30:41,OI311P7900,OI311P7900,262.0,0.0,0.0,0.0,24,270.5,275.5,2,262.0,286.0,0.0,0.0,0.0,0.0,112
2023-05-09 21:30:42,OI311P7900,OI311P7900,262.0,0.0,0.0,0.0,30,270.5,275.5,2,262.0,286.0,0.0,0.0,0.0,0.0,112
2023-05-09 21:30:44,OI311P7900,OI311P7900,262.0,0.0,0.0,0.0,2,271.5,275.5,2,262.0,286.0,0.0,0.0,0.0,0.0,112
2023-05-09 21:30:56,OI311P7900,OI311P7900,262.0,0.0,0.0,0.0,20,271.5,275.5,2,262.0,286.0,0.0,0.0,0.0,0.0,112
2023-05-09 21:31:12,OI311P7900,OI311P7900,262.0,0.0,0.0,0.0,26,271.5,275.5,2,262.0,286.0,0.0,0.0,0.0,0.0,112
2023-05-09 21:31:14,OI311P7900,OI311P7900,262.0,0.0,0.0,0.0,8,271.5,275.5,2,262.0,286.0,0.0,0.0,0.0,0.0,112
2023-05-09 21:31:14,OI311P7900,OI311P7900,262.0,0.0,0.0,0.0,2,271.5,275.5,2,262.0,286.0,0.0,0.0,0.0,0.0,112
2023-05-09 21:31:18,OI311P7900,OI311P7900,262.0,0.0,0.0,0.0,2,271.5,275.5,20,262.0,286.0,0.0,0.0,0.0,0.0,112
2023-05-09 21:31:25,OI311P7900,OI311P7900,262.0,0.0,0.0,0.0,2,271.5,275.5,14,262.0,286.0,0.0,0.0,0.0,0.0,112
2023-05-09 21:31:26,OI311P7900,OI311P7900,262.0,0.0,0.0,0.0,8,271.5,275.5,8,262.0,286.0,0.0,0.0,0.0,0.0,112
2023-05-09 21:31:26,OI311P7900,OI311P7900,262.0,0.0,0.0,0.0,8,271.5,275.5,2,262.0,286.0,0.0,0.0,0.0,0.0,112
2023-05-09 21:31:27,OI311P7900,OI311P7900,262.0,0.0,0.0,0.0,14,271.5,275.5,2,262.0,286.0,0.0,0.0,0.0,0.0,112
2023-05-09 21:31:27,OI311P7900,OI311P7900,262.0,0.0,0.0,0.0,26,271.5,275.5,2,262.0,286.0,0.0,0.0,0.0,0.0,112
2023-05-09 21:31:48,OI311P7900,OI311P7900,262.0,0.0,0.0,0.0,32,271.5,275.5,2,262.0,286.0,0.0,0.0,0.0,0.0,112
2023-05-09 21:31:58,OI311P7900,OI311P7900,262.0,0.0,0.0,0.0,26,271.5,275.5,2,262.0,286.0,0.0,0.0,0.0,0.0,112
2023-05-09 21:32:13,OI311P7900,OI311P7900,262.0,0.0,0.0,0.0,32,271.5,277.0,6,262.0,286.0,0.0,0.0,0.0,0.0,112
2023-05-09 21:32:14,OI311P7900,OI311P7900,262.0,0.0,0.0,0.0,32,271.5,277.5,18,262.0,286.0,0.0,0.0,0.0,0.0,112
2023-05-09 21:32:15,OI311P7900,OI311P7900,262.0,0.0,0.0,0.0,32,271.5,277.5,12,262.0,286.0,0.0,0.0,0.0,0.0,112
2023-05-09 21:32:18,OI311P7900,OI311P7900,262.0,0.0,0.0,0.0,12,272.5,278.0,14,262.0,286.0,0.0,0.0,0.0,0.0,112
2023-05-09 21:32:18,OI311P7900,OI311P7900,262.0,0.0,0.0,0.0,18,272.5,278.0,20,262.0,286.0,0.0,0.0,0.0,0.0,112
2023-05-09 21:32:19,OI311P7900,OI311P7900,262.0,0.0,0.0,0.0,2,273.0,278.0,14,262.0,286.0,0.0,0.0,0.0,0.0,112
2023-05-09 21:32:20,OI311P7900,OI311P7900,262.0,0.0,0.0,0.0,2,273.0,278.0,8,262.0,286.0,0.0,0.0,0.0,0.0,112
2023-05-09 21:32:20,OI311P7900,OI311P7900,262.0,0.0,0.0,0.0,6,273.5,278.0,2,262.0,286.0,0.0,0.0,0.0,0.0,112
2023-05-09 21:32:21,OI311P7900,OI311P7900,262.0,0.0,0.0,0.0,12,273.5,278.0,2,262.0,286.0,0.0,0.0,0.0,0.0,112
2023-05-09 21:32:21,OI311P7900,OI311P7900,262.0,0.0,0.0,0.0,18,273.5,278.0,2,262.0,286.0,0.0,0.0,0.0,0.0,112
2023-05-09 21:32:23,OI311P7900,OI311P7900,262.0,0.0,0.0,0.0,24,273.5,278.0,2,262.0,286.0,0.0,0.0,0.0,0.0,112
2023-05-09 21:32:24,OI311P7900,OI311P7900,262.0,0.0,0.0,0.0,2,274.5,278.0,2,262.0,286.0,0.0,0.0,0.0,0.0,112
2023-05-09 21:32:24,OI311P7900,OI311P7900,262.0,0.0,0.0,0.0,20,274.5,278.0,2,262.0,286.0,0.0,0.0,0.0,0.0,112
2023-05-09 21:32:25,OI311P7900,OI311P7900,262.0,0.0,0.0,0.0,26,274.5,280.5,18,262.0,286.0,0.0,0.0,0.0,0.0,112
2023-05-09 21:32:25,OI311P7900,OI311P7900,262.0,0.0,0.0,0.0,6,275.5,280.5,6,262.0,286.0,0.0,0.0,0.0,0.0,112
2023-05-09 21:32:26,OI311P7900,OI311P7900,262.0,0.0,0.0,0.0,18,275.5,281.5,14,262.0,286.0,0.0,0.0,0.0,0.0,112
2023-05-09 21:32:26,OI311P7900,OI311P7900,262.0,0.0,0.0,0.0,14,276.5,281.5,8,262.0,286.0,0.0,0.0,0.0,0.0,112
2023-05-09 21:32:27,OI311P7900,OI311P7900,262.0,0.0,0.0,0.0,14,276.5,281.5,2,262.0,286.0,0.0,0.0,0.0,0.0,112
2023-05-09 21:32:27,OI311P7900,OI311P7900,262.0,0.0,0.0,0.0,20,276.5,281.5,2,262.0,286.0,0.0,0.0,0.0,0.0,112
2023-05-09 21:32:29,OI311P7900,OI311P7900,262.0,0.0,0.0,0.0,26,276.5,281.5,2,262.0,286.0,0.0,0.0,0.0,0.0,112
2023-05-09 21:32:29,OI311P7900,OI311P7900,262.0,0.0,0.0,0.0,32,276.5,281.5,2,262.0,286.0,0.0,0.0,0.0,0.0,112
2023-05-09 21:32:32,OI311P7900,OI311P7900,262.0,0.0,0.0,0.0,12,277.5,281.5,2,262.0,286.0,0.0,0.0,0.0,0.0,112
2023-05-09 21:32:32,OI311P7900,OI311P7900,262.0,0.0,0.0,0.0,18,277.5,281.5,2,262.0,286.0,0.0,0.0,0.0,0.0,112
2023-05-09 21:32:40,OI311P7900,OI311P7900,262.0,0.0,0.0,0.0,24,277.5,281.5,2,262.0,286.0,0.0,0.0,0.0,0.0,112
2023-05-09 21:32:48,OI311P7900,OI311P7900,262.0,0.0,0.0,0.0,18,277.5,281.5,2,262.0,286.0,0.0,0.0,0.0,0.0,112
2023-05-09 21:32:50,OI311P7900,OI311P7900,262.0,0.0,0.0,0.0,24,277.5,281.5,2,262.0,286.0,0.0,0.0,0.0,0.0,112
2023-05-09 21:32:52,OI311P7900,OI311P7900,262.0,0.0,0.0,0.0,18,277.5,281.5,2,262.0,286.0,0.0,0.0,0.0,0.0,112
2023-05-09 21:32:53,OI311P7900,OI311P7900,262.0,0.0,0.0,0.0,24,277.5,281.5,2,262.0,286.0,0.0,0.0,0.0,0.0,112
2023-05-09 21:32:58,OI311P7900,OI311P7900,262.0,0.0,0.0,0.0,18,277.5,281.5,2,262.0,286.0,0.0,0.0,0.0,0.0,112
2023-05-09 21:32:59,OI311P7900,OI311P7900,262.0,0.0,0.0,0.0,12,277.5,281.5,2,262.0,286.0,0.0,0.0,0.0,0.0,112
2023-05-09 21:32:59,OI311P7900,OI311P7900,262.0,0.0,0.0,0.0,20,276.5,281.5,2,262.0,286.0,0.0,0.0,0.0,0.0,112
2023-05-09 21:33:00,OI311P7900,OI311P7900,262.0,0.0,0.0,0.0,20,276.5,281.5,8,262.0,286.0,0.0,0.0,0.0,0.0,112
2023-05-09 21:33:01,OI311P7900,OI311P7900,262.0,0.0,0.0,0.0,32,276.5,281.5,8,262.0,286.0,0.0,0.0,0.0,0.0,112
2023-05-09 21:33:02,OI311P7900,OI311P7900,262.0,0.0,0.0,0.0,26,276.5,281.5,8,262.0,286.0,0.0,0.0,0.0,0.0,112
2023-05-09 21:33:03,OI311P7900,OI311P7900,262.0,0.0,0.0,0.0,20,276.5,281.5,8,262.0,286.0,0.0,0.0,0.0,0.0,112
2023-05-09 21:33:03,OI311P7900,OI311P7900,262.0,0.0,0.0,0.0,14,276.5,281.5,8,262.0,286.0,0.0,0.0,0.0,0.0,112
2023-05-09 21:33:05,OI311P7900,OI311P7900,262.0,0.0,0.0,0.0,12,276.0,280.5,6,262.0,286.0,0.0,0.0,0.0,0.0,112
2023-05-09 21:33:05,OI311P7900,OI311P7900,262.0,0.0,0.0,0.0,12,276.0,280.0,2,262.0,286.0,0.0,0.0,0.0,0.0,112
2023-05-09 21:33:05,OI311P7900,OI311P7900,262.0,0.0,0.0,0.0,6,276.0,280.0,2,262.0,286.0,0.0,0.0,0.0,0.0,112
2023-05-09 21:33:06,OI311P7900,OI311P7900,262.0,0.0,0.0,0.0,12,275.0,280.0,2,262.0,286.0,0.0,0.0,0.0,0.0,112
2023-05-09 21:33:06,OI311P7900,OI311P7900,262.0,0.0,0.0,0.0,18,275.0,280.0,2,262.0,286.0,0.0,0.0,0.0,0.0,112
2023-05-09 21:33:08,OI311P7900,OI311P7900,262.0,0.0,0.0,0.0,24,275.0,280.0,2,262.0,286.0,0.0,0.0,0.0,0.0,112
2023-05-09 21:33:12,OI311P7900,OI311P7900,262.0,0.0,0.0,0.0,30,275.0,280.0,2,262.0,286.0,0.0,0.0,0.0,0.0,112
2023-05-09 21:33:13,OI311P7900,OI311P7900,262.0,0.0,0.0,0.0,18,275.0,280.0,2,262.0,286.0,0.0,0.0,0.0,0.0,112
2023-05-09 21:33:14,OI311P7900,OI311P7900,262.0,0.0,0.0,0.0,24,275.0,280.0,2,262.0,286.0,0.0,0.0,0.0,0.0,112
2023-05-09 21:33:15,OI311P7900,OI311P7900,262.0,0.0,0.0,0.0,30,275.0,280.0,2,262.0,286.0,0.0,0.0,0.0,0.0,112
2023-05-09 21:33:16,OI311P7900,OI311P7900,262.0,0.0,0.0,0.0,24,275.0,280.0,2,262.0,286.0,0.0,0.0,0.0,0.0,112
2023-05-09 21:33:27,OI311P7900,OI311P7900,262.0,0.0,0.0,0.0,18,275.0,280.0,8,262.0,286.0,0.0,0.0,0.0,0.0,112
2023-05-09 21:33:31,OI311P7900,OI311P7900,262.0,0.0,0.0,0.0,6,275.0,280.0,8,262.0,286.0,0.0,0.0,0.0,0.0,112
2023-05-09 21:33:32,OI311P7900,OI311P7900,262.0,0.0,0.0,0.0,14,274.5,280.0,20,262.0,286.0,0.0,0.0,0.0,0.0,112
2023-05-09 21:33:33,OI311P7900,OI311P7900,262.0,0.0,0.0,0.0,2,274.5,280.0,20,262.0,286.0,0.0,0.0,0.0,0.0,112
2023-05-09 21:33:34,OI311P7900,OI311P7900,262.0,0.0,0.0,0.0,2,274.5,278.5,2,262.0,286.0,0.0,0.0,0.0,0.0,112
2023-05-09 21:33:35,OI311P7900,OI311P7900,262.0,0.0,0.0,0.0,2,274.5,278.5,20,262.0,286.0,0.0,0.0,0.0,0.0,112
2023-05-09 21:33:48,OI311P7900,OI311P7900,262.0,0.0,0.0,0.0,30,274.0,278.5,20,262.0,286.0,0.0,0.0,0.0,0.0,112
2023-05-09 21:33:48,OI311P7900,OI311P7900,262.0,0.0,0.0,0.0,24,274.0,278.5,14,262.0,286.0,0.0,0.0,0.0,0.0,112
2023-05-09 21:33:49,OI311P7900,OI311P7900,262.0,0.0,0.0,0.0,12,273.5,278.5,14,262.0,286.0,0.0,0.0,0.0,0.0,112
2023-05-09 21:33:49,OI311P7900,OI311P7900,262.0,0.0,0.0,0.0,12,273.5,278.5,20,262.0,286.0,0.0,0.0,0.0,0.0,112
2023-05-09 21:33:50,OI311P7900,OI311P7900,262.0,0.0,0.0,0.0,6,273.5,278.5,20,262.0,286.0,0.0,0.0,0.0,0.0,112
2023-05-09 21:33:51,OI311P7900,OI311P7900,262.0,0.0,0.0,0.0,12,273.5,278.5,26,262.0,286.0,0.0,0.0,0.0,0.0,112
2023-05-09 21:33:57,OI311P7900,OI311P7900,262.0,0.0,0.0,0.0,20,273.0,278.5,20,262.0,286.0,0.0,0.0,0.0,0.0,112
2023-05-09 21:33:57,OI311P7900,OI311P7900,262.0,0.0,0.0,0.0,14,273.0,277.0,2,262.0,286.0,0.0,0.0,0.0,0.0,112
2023-05-09 21:33:58,OI311P7900,OI311P7900,262.0,0.0,0.0,0.0,20,273.0,277.0,2,262.0,286.0,0.0,0.0,0.0,0.0,112
2023-05-09 21:34:07,OI311P7900,OI311P7900,262.0,0.0,0.0,0.0,26,273.0,277.0,2,262.0,286.0,0.0,0.0,0.0,0.0,112
2023-05-09 21:34:10,OI311P7900,OI311P7900,262.0,0.0,0.0,0.0,32,273.0,277.0,2,262.0,286.0,0.0,0.0,0.0,0.0,112
2023-05-09 21:34:14,OI311P7900,OI311P7900,262.0,0.0,0.0,0.0,26,273.0,277.0,2,262.0,286.0,0.0,0.0,0.0,0.0,112
2023-05-09 21:34:15,OI311P7900,OI311P7900,262.0,0.0,0.0,0.0,32,273.0,277.0,2,262.0,286.0,0.0,0.0,0.0,0.0,112
2023-05-09 21:34:17,OI311P7900,OI311P7900,262.0,0.0,0.0,0.0,26,273.0,277.0,2,262.0,286.0,0.0,0.0,0.0,0.0,112
2023-05-09 21:34:18,OI311P7900,OI311P7900,262.0,0.0,0.0,0.0,20,273.0,277.0,2,262.0,286.0,0.0,0.0,0.0,0.0,112
2023-05-09 21:34:22,OI311P7900,OI311P7900,262.0,0.0,0.0,0.0,18,273.0,277.0,8,262.0,286.0,0.0,0.0,0.0,0.0,112
2023-05-09 21:34:23,OI311P7900,OI311P7900,262.0,0.0,0.0,0.0,12,272.5,277.0,8,262.0,286.0,0.0,0.0,0.0,0.0,112
2023-05-09 21:34:23,OI311P7900,OI311P7900,262.0,0.0,0.0,0.0,6,272.5,277.0,14,262.0,286.0,0.0,0.0,0.0,0.0,112
2023-05-09 21:34:24,OI311P7900,OI311P7900,262.0,0.0,0.0,0.0,18,272.0,275.5,8,262.0,286.0,0.0,0.0,0.0,0.0,112
2023-05-09 21:34:24,OI311P7900,OI311P7900,262.0,0.0,0.0,0.0,24,272.0,275.5,14,262.0,286.0,0.0,0.0,0.0,0.0,112
2023-05-09 21:34:25,OI311P7900,OI311P7900,262.0,0.0,0.0,0.0,18,272.0,275.5,14,262.0,286.0,0.0,0.0,0.0,0.0,112
2023-05-09 21:34:25,OI311P7900,OI311P7900,262.0,0.0,0.0,0.0,12,272.0,275.5,20,262.0,286.0,0.0,0.0,0.0,0.0,112
2023-05-09 21:34:28,OI311P7900,OI311P7900,262.0,0.0,0.0,0.0,6,272.0,275.5,20,262.0,286.0,0.0,0.0,0.0,0.0,112
2023-05-09 21:34:29,OI311P7900,OI311P7900,262.0,0.0,0.0,0.0,26,271.5,275.5,14,262.0,286.0,0.0,0.0,0.0,0.0,112
2023-05-09 21:34:30,OI311P7900,OI311P7900,262.0,0.0,0.0,0.0,20,271.5,275.5,14,262.0,286.0,0.0,0.0,0.0,0.0,112
2023-05-09 21:34:36,OI311P7900,OI311P7900,262.0,0.0,0.0,0.0,20,271.5,275.5,8,262.0,286.0,0.0,0.0,0.0,0.0,112
2023-05-09 21:35:04,OI311P7900,OI311P7900,262.0,0.0,0.0,0.0,18,271.5,275.5,8,262.0,286.0,0.0,0.0,0.0,0.0,112
2023-05-09 21:35:05,OI311P7900,OI311P7900,262.0,0.0,0.0,0.0,12,271.0,275.5,14,262.0,286.0,0.0,0.0,0.0,0.0,112
2023-05-09 21:35:05,OI311P7900,OI311P7900,262.0,0.0,0.0,0.0,12,271.0,275.5,20,262.0,286.0,0.0,0.0,0.0,0.0,112
2023-05-09 21:35:06,OI311P7900,OI311P7900,262.0,0.0,0.0,0.0,30,270.5,275.5,26,262.0,286.0,0.0,0.0,0.0,0.0,112
2023-05-09 21:35:06,OI311P7900,OI311P7900,262.0,0.0,0.0,0.0,30,270.5,275.5,20,262.0,286.0,0.0,0.0,0.0,0.0,112
2023-05-09 21:35:07,OI311P7900,OI311P7900,262.0,0.0,0.0,0.0,24,270.5,275.5,20,262.0,286.0,0.0,0.0,0.0,0.0,112
2023-05-09 21:35:08,OI311P7900,OI311P7900,262.0,0.0,0.0,0.0,30,270.5,275.5,20,262.0,286.0,0.0,0.0,0.0,0.0,112
2023-05-09 21:35:13,OI311P7900,OI311P7900,262.0,0.0,0.0,0.0,12,270.5,275.5,20,262.0,286.0,0.0,0.0,0.0,0.0,112
2023-05-09 21:35:13,OI311P7900,OI311P7900,262.0,0.0,0.0,0.0,12,270.5,274.0,2,262.0,286.0,0.0,0.0,0.0,0.0,112
2023-05-09 21:35:14,OI311P7900,OI311P7900,262.0,0.0,0.0,0.0,18,270.0,274.0,2,262.0,286.0,0.0,0.0,0.0,0.0,112
2023-05-09 21:35:15,OI311P7900,OI311P7900,262.0,0.0,0.0,0.0,18,270.0,274.0,8,262.0,286.0,0.0,0.0,0.0,0.0,112
2023-05-09 21:35:15,OI311P7900,OI311P7900,262.0,0.0,0.0,0.0,18,270.0,274.0,14,262.0,286.0,0.0,0.0,0.0,0.0,112
2023-05-09 21:35:20,OI311P7900,OI311P7900,262.0,0.0,0.0,0.0,12,270.0,274.0,14,262.0,286.0,0.0,0.0,0.0,0.0,112
2023-05-09 21:35:20,OI311P7900,OI311P7900,262.0,0.0,0.0,0.0,32,269.5,274.0,20,262.0,286.0,0.0,0.0,0.0,0.0,112
2023-05-09 21:35:20,OI311P7900,OI311P7900,262.0,0.0,0.0,0.0,32,269.5,274.0,14,262.0,286.0,0.0,0.0,0.0,0.0,112
2023-05-09 21:35:21,OI311P7900,OI311P7900,262.0,0.0,0.0,0.0,26,269.5,274.0,14,262.0,286.0,0.0,0.0,0.0,0.0,112
2023-05-09 21:35:22,OI311P7900,OI311P7900,262.0,0.0,0.0,0.0,18,270.5,274.0,14,262.0,286.0,0.0,0.0,0.0,0.0,112
2023-05-09 21:35:22,OI311P7900,OI311P7900,262.0,0.0,0.0,0.0,24,270.5,274.0,8,262.0,286.0,0.0,0.0,0.0,0.0,112
2023-05-09 21:35:26,OI311P7900,OI311P7900,262.0,0.0,0.0,0.0,24,270.5,274.0,2,262.0,286.0,0.0,0.0,0.0,0.0,112
2023-05-09 21:35:34,OI311P7900,OI311P7900,262.0,0.0,0.0,0.0,30,270.5,274.5,12,262.0,286.0,0.0,0.0,0.0,0.0,112
2023-05-09 21:35:34,OI311P7900,OI311P7900,262.0,0.0,0.0,0.0,24,270.5,274.5,6,262.0,286.0,0.0,0.0,0.0,0.0,112
2023-05-09 21:35:34,OI311P7900,OI311P7900,262.0,0.0,0.0,0.0,30,270.5,274.5,6,262.0,286.0,0.0,0.0,0.0,0.0,112
2023-05-09 21:35:35,OI311P7900,OI311P7900,262.0,0.0,0.0,0.0,8,271.0,275.5,20,262.0,286.0,0.0,0.0,0.0,0.0,112
2023-05-09 21:35:36,OI311P7900,OI311P7900,262.0,0.0,0.0,0.0,20,271.0,275.0,6,262.0,286.0,0.0,0.0,0.0,0.0,112
2023-05-09 21:35:36,OI311P7900,OI311P7900,262.0,0.0,0.0,0.0,20,271.0,275.5,2,262.0,286.0,0.0,0.0,0.0,0.0,112
2023-05-09 21:35:37,OI311P7900,OI311P7900,262.0,0.0,0.0,0.0,20,271.0,275.5,8,262.0,286.0,0.0,0.0,0.0,0.0,112
2023-05-09 21:35:37,OI311P7900,OI311P7900,262.0,0.0,0.0,0.0,20,271.0,275.5,2,262.0,286.0,0.0,0.0,0.0,0.0,112
2023-05-09 21:35:43,OI311P7900,OI311P7900,262.0,0.0,0.0,0.0,30,271.5,276.0,6,262.0,286.0,0.0,0.0,0.0,0.0,112
2023-05-09 21:35:43,OI311P7900,OI311P7900,262.0,0.0,0.0,0.0,36,271.5,276.0,6,262.0,286.0,0.0,0.0,0.0,0.0,112
2023-05-09 21:35:44,OI311P7900,OI311P7900,262.0,0.0,0.0,0.0,36,271.5,276.5,6,262.0,286.0,0.0,0.0,0.0,0.0,112
2023-05-09 21:35:45,OI311P7900,OI311P7900,262.0,0.0,0.0,0.0,30,271.5,276.5,12,262.0,286.0,0.0,0.0,0.0,0.0,112
2023-05-09 21:35:45,OI311P7900,OI311P7900,262.0,0.0,0.0,0.0,30,271.5,276.5,6,262.0,286.0,0.0,0.0,0.0,0.0,112
2023-05-09 21:35:49,OI311P7900,OI311P7900,262.0,0.0,0.0,0.0,18,271.5,276.5,6,262.0,286.0,0.0,0.0,0.0,0.0,112
2023-05-09 21:36:00,OI311P7900,OI311P7900,262.0,0.0,0.0,0.0,30,271.5,276.5,6,262.0,286.0,0.0,0.0,0.0,0.0,112
2023-05-09 21:36:03,OI311P7900,OI311P7900,262.0,0.0,0.0,0.0,18,271.5,276.5,6,262.0,286.0,0.0,0.0,0.0,0.0,112
2023-05-09 21:36:13,OI311P7900,OI311P7900,262.0,0.0,0.0,0.0,6,271.5,276.5,6,262.0,286.0,0.0,0.0,0.0,0.0,112
2023-05-09 21:36:13,OI311P7900,OI311P7900,262.0,0.0,0.0,0.0,32,271.0,276.5,12,262.0,286.0,0.0,0.0,0.0,0.0,112
2023-05-09 21:36:14,OI311P7900,OI311P7900,262.0,0.0,0.0,0.0,26,271.0,276.5,12,262.0,286.0,0.0,0.0,0.0,0.0,112
2023-05-09 21:36:23,OI311P7900,OI311P7900,262.0,0.0,0.0,0.0,26,271.0,275.5,6,262.0,286.0,0.0,0.0,0.0,0.0,112
2023-05-09 21:36:23,OI311P7900,OI311P7900,262.0,0.0,0.0,0.0,26,271.0,275.5,18,262.0,286.0,0.0,0.0,0.0,0.0,112
2023-05-09 21:36:24,OI311P7900,OI311P7900,262.0,0.0,0.0,0.0,14,271.0,275.5,20,262.0,286.0,0.0,0.0,0.0,0.0,112
2023-05-09 21:36:36,OI311P7900,OI311P7900,262.0,0.0,0.0,0.0,14,271.0,275.5,14,262.0,286.0,0.0,0.0,0.0,0.0,112
2023-05-09 21:36:48,OI311P7900,OI311P7900,262.0,0.0,0.0,0.0,14,271.0,275.5,8,262.0,286.0,0.0,0.0,0.0,0.0,112
2023-05-09 21:36:48,OI311P7900,OI311P7900,262.0,0.0,0.0,0.0,14,271.0,275.5,2,262.0,286.0,0.0,0.0,0.0,0.0,112
2023-05-09 21:37:01,OI311P7900,OI311P7900,262.0,0.0,0.0,0.0,14,271.0,275.5,8,262.0,286.0,0.0,0.0,0.0,0.0,112
2023-05-09 21:37:06,OI311P7900,OI311P7900,262.0,0.0,0.0,0.0,20,271.0,275.5,8,262.0,286.0,0.0,0.0,0.0,0.0,112
2023-05-09 21:37:06,OI311P7900,OI311P7900,262.0,0.0,0.0,0.0,26,271.0,275.5,2,262.0,286.0,0.0,0.0,0.0,0.0,112
2023-05-09 21:37:19,OI311P7900,OI311P7900,262.0,0.0,0.0,0.0,20,271.0,275.5,2,262.0,286.0,0.0,0.0,0.0,0.0,112
2023-05-09 21:37:21,OI311P7900,OI311P7900,262.0,0.0,0.0,0.0,20,271.0,275.5,8,262.0,286.0,0.0,0.0,0.0,0.0,112
2023-05-09 21:37:30,OI311P7900,OI311P7900,262.0,0.0,0.0,0.0,20,271.0,275.5,2,262.0,286.0,0.0,0.0,0.0,0.0,112
2023-05-09 21:38:06,OI311P7900,OI311P7900,262.0,0.0,0.0,0.0,26,271.0,276.0,12,262.0,286.0,0.0,0.0,0.0,0.0,112
2023-05-09 21:38:07,OI311P7900,OI311P7900,262.0,0.0,0.0,0.0,6,271.5,276.0,6,262.0,286.0,0.0,0.0,0.0,0.0,112
2023-05-09 21:38:07,OI311P7900,OI311P7900,262.0,0.0,0.0,0.0,12,271.5,276.5,6,262.0,286.0,0.0,0.0,0.0,0.0,112
2023-05-09 21:38:08,OI311P7900,OI311P7900,262.0,0.0,0.0,0.0,24,271.5,277.0,2,262.0,286.0,0.0,0.0,0.0,0.0,112
2023-05-09 21:38:09,OI311P7900,OI311P7900,262.0,0.0,0.0,0.0,24,271.5,277.0,8,262.0,286.0,0.0,0.0,0.0,0.0,112
2023-05-09 21:38:10,OI311P7900,OI311P7900,262.0,0.0,0.0,0.0,2,272.5,277.0,2,262.0,286.0,0.0,0.0,0.0,0.0,112
2023-05-09 21:38:14,OI311P7900,OI311P7900,262.0,0.0,0.0,0.0,20,272.5,277.0,2,262.0,286.0,0.0,0.0,0.0,0.0,112
2023-05-09 21:38:15,OI311P7900,OI311P7900,262.0,0.0,0.0,0.0,32,272.5,277.5,6,262.0,286.0,0.0,0.0,0.0,0.0,112
2023-05-09 21:38:16,OI311P7900,OI311P7900,262.0,0.0,0.0,0.0,32,272.5,278.0,6,262.0,286.0,0.0,0.0,0.0,0.0,112
2023-05-09 21:38:17,OI311P7900,OI311P7900,262.0,0.0,0.0,0.0,38,272.5,278.0,6,262.0,286.0,0.0,0.0,0.0,0.0,112
2023-05-09 21:38:17,OI311P7900,OI311P7900,262.0,0.0,0.0,0.0,38,272.5,278.5,14,262.0,286.0,0.0,0.0,0.0,0.0,112
2023-05-09 21:38:18,OI311P7900,OI311P7900,262.0,0.0,0.0,0.0,38,272.5,278.5,20,262.0,286.0,0.0,0.0,0.0,0.0,112
2023-05-09 21:38:18,OI311P7900,OI311P7900,262.0,0.0,0.0,0.0,38,272.5,278.5,14,262.0,286.0,0.0,0.0,0.0,0.0,112
2023-05-09 21:38:20,OI311P7900,OI311P7900,262.0,0.0,0.0,0.0,44,272.5,278.5,2,262.0,286.0,0.0,0.0,0.0,0.0,112
2023-05-09 21:38:24,OI311P7900,OI311P7900,262.0,0.0,0.0,0.0,6,273.5,278.5,2,262.0,286.0,0.0,0.0,0.0,0.0,112
2023-05-09 21:38:24,OI311P7900,OI311P7900,262.0,0.0,0.0,0.0,18,273.5,278.5,2,262.0,286.0,0.0,0.0,0.0,0.0,112
2023-05-09 21:38:45,OI311P7900,OI311P7900,262.0,0.0,0.0,0.0,2,274.0,278.5,2,262.0,286.0,0.0,0.0,0.0,0.0,112
2023-05-09 21:39:06,OI311P7900,OI311P7900,262.0,0.0,0.0,0.0,6,274.5,278.5,2,262.0,286.0,0.0,0.0,0.0,0.0,112
2023-05-09 21:39:06,OI311P7900,OI311P7900,262.0,0.0,0.0,0.0,18,274.5,278.5,2,262.0,286.0,0.0,0.0,0.0,0.0,112
2023-05-09 21:39:07,OI311P7900,OI311P7900,262.0,0.0,0.0,0.0,24,274.5,278.5,2,262.0,286.0,0.0,0.0,0.0,0.0,112
2023-05-09 21:39:09,OI311P7900,OI311P7900,262.0,0.0,0.0,0.0,18,274.5,278.5,2,262.0,286.0,0.0,0.0,0.0,0.0,112
2023-05-09 21:39:20,OI311P7900,OI311P7900,262.0,0.0,0.0,0.0,24,274.5,279.0,6,262.0,286.0,0.0,0.0,0.0,0.0,112
2023-05-09 21:39:21,OI311P7900,OI311P7900,262.0,0.0,0.0,0.0,24,274.5,279.5,12,262.0,286.0,0.0,0.0,0.0,0.0,112
2023-05-09 21:39:21,OI311P7900,OI311P7900,262.0,0.0,0.0,0.0,24,274.5,279.5,18,262.0,286.0,0.0,0.0,0.0,0.0,112
2023-05-09 21:39:22,OI311P7900,OI311P7900,262.0,0.0,0.0,0.0,24,274.5,279.5,12,262.0,286.0,0.0,0.0,0.0,0.0,112
2023-05-09 21:39:22,OI311P7900,OI311P7900,262.0,0.0,0.0,0.0,24,274.5,279.5,6,262.0,286.0,0.0,0.0,0.0,0.0,112
2023-05-09 21:39:24,OI311P7900,OI311P7900,262.0,0.0,0.0,0.0,30,274.5,279.5,6,262.0,286.0,0.0,0.0,0.0,0.0,112
2023-05-09 21:39:28,OI311P7900,OI311P7900,262.0,0.0,0.0,0.0,36,274.5,279.5,6,262.0,286.0,0.0,0.0,0.0,0.0,112
2023-05-09 21:39:29,OI311P7900,OI311P7900,262.0,0.0,0.0,0.0,42,274.5,280.0,18,262.0,286.0,0.0,0.0,0.0,0.0,112
2023-05-09 21:39:29,OI311P7900,OI311P7900,262.0,0.0,0.0,0.0,2,275.5,280.0,18,262.0,286.0,0.0,0.0,0.0,0.0,112
2023-05-09 21:39:30,OI311P7900,OI311P7900,262.0,0.0,0.0,0.0,2,275.5,280.0,6,262.0,286.0,0.0,0.0,0.0,0.0,112
2023-05-09 21:39:30,OI311P7900,OI311P7900,262.0,0.0,0.0,0.0,2,275.5,280.5,30,262.0,286.0,0.0,0.0,0.0,0.0,112
2023-05-09 21:39:31,OI311P7900,OI311P7900,262.0,0.0,0.0,0.0,14,275.5,280.5,30,262.0,286.0,0.0,0.0,0.0,0.0,112
2023-05-09 21:39:31,OI311P7900,OI311P7900,262.0,0.0,0.0,0.0,14,275.5,280.5,24,262.0,286.0,0.0,0.0,0.0,0.0,112
2023-05-09 21:39:34,OI311P7900,OI311P7900,262.0,0.0,0.0,0.0,2,275.5,280.5,24,262.0,286.0,0.0,0.0,0.0,0.0,112
2023-05-09 21:39:37,OI311P7900,OI311P7900,262.0,0.0,0.0,0.0,2,275.5,279.5,2,262.0,286.0,0.0,0.0,0.0,0.0,112
2023-05-09 21:39:37,OI311P7900,OI311P7900,262.0,0.0,0.0,0.0,2,275.5,279.5,20,262.0,286.0,0.0,0.0,0.0,0.0,112
2023-05-09 21:39:48,OI311P7900,OI311P7900,262.0,0.0,0.0,0.0,2,275.5,279.5,14,262.0,286.0,0.0,0.0,0.0,0.0,112
2023-05-09 21:40:00,OI311P7900,OI311P7900,262.0,0.0,0.0,0.0,8,275.5,279.5,14,262.0,286.0,0.0,0.0,0.0,0.0,112
2023-05-09 21:40:01,OI311P7900,OI311P7900,262.0,0.0,0.0,0.0,8,275.5,279.5,2,262.0,286.0,0.0,0.0,0.0,0.0,112
2023-05-09 21:40:01,OI311P7900,OI311P7900,262.0,0.0,0.0,0.0,14,275.5,279.5,2,262.0,286.0,0.0,0.0,0.0,0.0,112
2023-05-09 21:40:02,OI311P7900,OI311P7900,262.0,0.0,0.0,0.0,2,275.5,279.5,2,262.0,286.0,0.0,0.0,0.0,0.0,112
2023-05-09 21:40:03,OI311P7900,OI311P7900,262.0,0.0,0.0,0.0,2,275.5,279.5,20,262.0,286.0,0.0,0.0,0.0,0.0,112
2023-05-09 21:40:03,OI311P7900,OI311P7900,262.0,0.0,0.0,0.0,12,275.0,279.5,20,262.0,286.0,0.0,0.0,0.0,0.0,112
2023-05-09 21:40:04,OI311P7900,OI311P7900,262.0,0.0,0.0,0.0,18,274.5,279.5,20,262.0,286.0,0.0,0.0,0.0,0.0,112
2023-05-09 21:40:05,OI311P7900,OI311P7900,262.0,0.0,0.0,0.0,18,274.5,279.5,26,262.0,286.0,0.0,0.0,0.0,0.0,112
2023-05-09 21:40:06,OI311P7900,OI311P7900,262.0,0.0,0.0,0.0,12,274.5,279.5,26,262.0,286.0,0.0,0.0,0.0,0.0,112
2023-05-09 21:40:10,OI311P7900,OI311P7900,262.0,0.0,0.0,0.0,12,274.5,279.5,20,262.0,286.0,0.0,0.0,0.0,0.0,112
2023-05-09 21:40:11,OI311P7900,OI311P7900,262.0,0.0,0.0,0.0,6,275.0,279.5,14,262.0,286.0,0.0,0.0,0.0,0.0,112
2023-05-09 21:40:12,OI311P7900,OI311P7900,262.0,0.0,0.0,0.0,30,274.5,279.5,8,262.0,286.0,0.0,0.0,0.0,0.0,112
2023-05-09 21:40:13,OI311P7900,OI311P7900,262.0,0.0,0.0,0.0,30,274.5,279.5,2,262.0,286.0,0.0,0.0,0.0,0.0,112
2023-05-09 21:40:13,OI311P7900,OI311P7900,262.0,0.0,0.0,0.0,24,274.5,279.5,2,262.0,286.0,0.0,0.0,0.0,0.0,112
2023-05-09 21:40:36,OI311P7900,OI311P7900,262.0,0.0,0.0,0.0,2,275.5,279.5,2,262.0,286.0,0.0,0.0,0.0,0.0,112
2023-05-09 21:41:02,OI311P7900,OI311P7900,262.0,0.0,0.0,0.0,8,275.5,279.5,2,262.0,286.0,0.0,0.0,0.0,0.0,112
2023-05-09 21:41:02,OI311P7900,OI311P7900,262.0,0.0,0.0,0.0,20,275.5,279.5,2,262.0,286.0,0.0,0.0,0.0,0.0,112
2023-05-09 21:41:28,OI311P7900,OI311P7900,262.0,0.0,0.0,0.0,20,275.5,280.0,6,262.0,286.0,0.0,0.0,0.0,0.0,112
2023-05-09 21:41:29,OI311P7900,OI311P7900,262.0,0.0,0.0,0.0,14,275.5,280.5,24,262.0,286.0,0.0,0.0,0.0,0.0,112
2023-05-09 21:41:29,OI311P7900,OI311P7900,262.0,0.0,0.0,0.0,14,275.5,280.5,30,262.0,286.0,0.0,0.0,0.0,0.0,112
2023-05-09 21:41:30,OI311P7900,OI311P7900,262.0,0.0,0.0,0.0,14,275.5,280.5,24,262.0,286.0,0.0,0.0,0.0,0.0,112
2023-05-09 21:41:30,OI311P7900,OI311P7900,262.0,0.0,0.0,0.0,2,275.5,280.5,24,262.0,286.0,0.0,0.0,0.0,0.0,112
2023-05-09 21:42:03,OI311P7900,OI311P7900,262.0,0.0,0.0,0.0,2,275.5,279.0,6,262.0,286.0,0.0,0.0,0.0,0.0,112
2023-05-09 21:42:04,OI311P7900,OI311P7900,262.0,0.0,0.0,0.0,8,275.5,279.0,18,262.0,286.0,0.0,0.0,0.0,0.0,112
2023-05-09 21:42:04,OI311P7900,OI311P7900,262.0,0.0,0.0,0.0,2,275.5,279.0,18,262.0,286.0,0.0,0.0,0.0,0.0,112
2023-05-09 21:42:20,OI311P7900,OI311P7900,262.0,0.0,0.0,0.0,2,275.5,279.5,12,262.0,286.0,0.0,0.0,0.0,0.0,112
2023-05-09 21:42:20,OI311P7900,OI311P7900,262.0,0.0,0.0,0.0,2,275.5,279.5,6,262.0,286.0,0.0,0.0,0.0,0.0,112
2023-05-09 21:42:21,OI311P7900,OI311P7900,262.0,0.0,0.0,0.0,2,275.5,280.0,12,262.0,286.0,0.0,0.0,0.0,0.0,112
2023-05-09 21:42:21,OI311P7900,OI311P7900,262.0,0.0,0.0,0.0,2,275.5,280.0,18,262.0,286.0,0.0,0.0,0.0,0.0,112
2023-05-09 21:42:22,OI311P7900,OI311P7900,262.0,0.0,0.0,0.0,2,275.5,280.0,6,262.0,286.0,0.0,0.0,0.0,0.0,112
2023-05-09 21:42:22,OI311P7900,OI311P7900,262.0,0.0,0.0,0.0,2,275.5,280.5,30,262.0,286.0,0.0,0.0,0.0,0.0,112
2023-05-09 21:42:23,OI311P7900,OI311P7900,262.0,0.0,0.0,0.0,2,275.5,280.5,24,262.0,286.0,0.0,0.0,0.0,0.0,112
2023-05-09 21:42:35,OI311P7900,OI311P7900,262.0,0.0,0.0,0.0,2,275.5,280.5,30,262.0,286.0,0.0,0.0,0.0,0.0,112
2023-05-09 21:42:43,OI311P7900,OI311P7900,262.0,0.0,0.0,0.0,2,275.5,279.5,2,262.0,286.0,0.0,0.0,0.0,0.0,112
2023-05-09 21:42:43,OI311P7900,OI311P7900,262.0,0.0,0.0,0.0,2,275.5,279.5,26,262.0,286.0,0.0,0.0,0.0,0.0,112
2023-05-09 21:42:43,OI311P7900,OI311P7900,262.0,0.0,0.0,0.0,2,275.5,279.0,6,262.0,286.0,0.0,0.0,0.0,0.0,112
2023-05-09 21:42:44,OI311P7900,OI311P7900,262.0,0.0,0.0,0.0,2,275.5,279.0,24,262.0,286.0,0.0,0.0,0.0,0.0,112
2023-05-09 21:42:44,OI311P7900,OI311P7900,262.0,0.0,0.0,0.0,2,275.5,279.0,18,262.0,286.0,0.0,0.0,0.0,0.0,112
2023-05-09 21:42:44,OI311P7900,OI311P7900,262.0,0.0,0.0,0.0,2,275.5,279.0,24,262.0,286.0,0.0,0.0,0.0,0.0,112
2023-05-09 21:42:45,OI311P7900,OI311P7900,262.0,0.0,0.0,0.0,12,275.0,279.0,18,262.0,286.0,0.0,0.0,0.0,0.0,112
2023-05-09 21:42:46,OI311P7900,OI311P7900,262.0,0.0,0.0,0.0,6,275.0,279.0,24,262.0,286.0,0.0,0.0,0.0,0.0,112
2023-05-09 21:42:46,OI311P7900,OI311P7900,262.0,0.0,0.0,0.0,18,274.5,279.0,24,262.0,286.0,0.0,0.0,0.0,0.0,112
2023-05-09 21:42:47,OI311P7900,OI311P7900,262.0,0.0,0.0,0.0,12,274.5,279.0,24,262.0,286.0,0.0,0.0,0.0,0.0,112
2023-05-09 21:42:52,OI311P7900,OI311P7900,262.0,0.0,0.0,0.0,6,274.5,279.0,24,262.0,286.0,0.0,0.0,0.0,0.0,112
2023-05-09 21:42:53,OI311P7900,OI311P7900,262.0,0.0,0.0,0.0,26,274.0,279.0,18,262.0,286.0,0.0,0.0,0.0,0.0,112
2023-05-09 21:42:54,OI311P7900,OI311P7900,262.0,0.0,0.0,0.0,20,274.0,279.0,24,262.0,286.0,0.0,0.0,0.0,0.0,112
2023-05-09 21:42:55,OI311P7900,OI311P7900,262.0,0.0,0.0,0.0,14,274.0,279.0,24,262.0,286.0,0.0,0.0,0.0,0.0,112
2023-05-09 21:43:00,OI311P7900,OI311P7900,262.0,0.0,0.0,0.0,14,274.0,279.0,30,262.0,286.0,0.0,0.0,0.0,0.0,112
2023-05-09 21:43:02,OI311P7900,OI311P7900,262.0,0.0,0.0,0.0,2,274.0,278.0,2,262.0,286.0,0.0,0.0,0.0,0.0,112
2023-05-09 21:43:02,OI311P7900,OI311P7900,262.0,0.0,0.0,0.0,2,274.0,278.0,14,262.0,286.0,0.0,0.0,0.0,0.0,112
2023-05-09 21:43:16,OI311P7900,OI311P7900,262.0,0.0,0.0,0.0,2,274.0,278.0,2,262.0,286.0,0.0,0.0,0.0,0.0,112
2023-05-09 21:43:22,OI311P7900,OI311P7900,262.0,0.0,0.0,0.0,20,274.0,278.0,2,262.0,286.0,0.0,0.0,0.0,0.0,112
2023-05-09 21:43:23,OI311P7900,OI311P7900,262.0,0.0,0.0,0.0,20,274.0,278.5,12,262.0,286.0,0.0,0.0,0.0,0.0,112
2023-05-09 21:43:23,OI311P7900,OI311P7900,262.0,0.0,0.0,0.0,14,274.0,278.5,6,262.0,286.0,0.0,0.0,0.0,0.0,112
2023-05-09 21:43:24,OI311P7900,OI311P7900,262.0,0.0,0.0,0.0,20,274.0,279.0,6,262.0,286.0,0.0,0.0,0.0,0.0,112
2023-05-09 21:43:25,OI311P7900,OI311P7900,262.0,0.0,0.0,0.0,6,274.5,279.5,20,262.0,286.0,0.0,0.0,0.0,0.0,112
2023-05-09 21:43:25,OI311P7900,OI311P7900,262.0,0.0,0.0,0.0,6,274.5,279.5,26,262.0,286.0,0.0,0.0,0.0,0.0,112
2023-05-09 21:43:26,OI311P7900,OI311P7900,262.0,0.0,0.0,0.0,6,274.5,279.5,20,262.0,286.0,0.0,0.0,0.0,0.0,112
2023-05-09 21:43:27,OI311P7900,OI311P7900,262.0,0.0,0.0,0.0,6,274.5,279.5,14,262.0,286.0,0.0,0.0,0.0,0.0,112
2023-05-09 21:43:29,OI311P7900,OI311P7900,262.0,0.0,0.0,0.0,12,274.5,279.5,14,262.0,286.0,0.0,0.0,0.0,0.0,112
2023-05-09 21:43:40,OI311P7900,OI311P7900,262.0,0.0,0.0,0.0,6,274.5,279.5,14,262.0,286.0,0.0,0.0,0.0,0.0,112
2023-05-09 21:43:40,OI311P7900,OI311P7900,262.0,0.0,0.0,0.0,6,274.5,279.5,20,262.0,286.0,0.0,0.0,0.0,0.0,112
2023-05-09 21:43:42,OI311P7900,OI311P7900,262.0,0.0,0.0,0.0,6,274.5,279.5,14,262.0,286.0,0.0,0.0,0.0,0.0,112
2023-05-09 21:43:42,OI311P7900,OI311P7900,262.0,0.0,0.0,0.0,6,274.5,279.5,20,262.0,286.0,0.0,0.0,0.0,0.0,112
2023-05-09 21:44:02,OI311P7900,OI311P7900,262.0,0.0,0.0,0.0,6,274.5,279.0,6,262.0,286.0,0.0,0.0,0.0,0.0,112
2023-05-09 21:44:07,OI311P7900,OI311P7900,262.0,0.0,0.0,0.0,32,274.0,279.0,18,262.0,286.0,0.0,0.0,0.0,0.0,112
2023-05-09 21:44:08,OI311P7900,OI311P7900,262.0,0.0,0.0,0.0,26,274.0,279.0,12,262.0,286.0,0.0,0.0,0.0,0.0,112
2023-05-09 21:44:13,OI311P7900,OI311P7900,262.0,0.0,0.0,0.0,26,274.0,279.0,6,262.0,286.0,0.0,0.0,0.0,0.0,112
2023-05-09 21:44:21,OI311P7900,OI311P7900,262.0,0.0,0.0,0.0,26,274.0,279.5,20,262.0,286.0,0.0,0.0,0.0,0.0,112
2023-05-09 21:44:22,OI311P7900,OI311P7900,262.0,0.0,0.0,0.0,6,274.5,279.5,20,262.0,286.0,0.0,0.0,0.0,0.0,112
2023-05-09 21:44:25,OI311P7900,OI311P7900,262.0,0.0,0.0,0.0,6,274.5,279.5,14,262.0,286.0,0.0,0.0,0.0,0.0,112
2023-05-09 21:44:29,OI311P7900,OI311P7900,262.0,0.0,0.0,0.0,12,274.5,279.5,14,262.0,286.0,0.0,0.0,0.0,0.0,112
2023-05-09 21:44:30,OI311P7900,OI311P7900,262.0,0.0,0.0,0.0,2,275.5,279.5,8,262.0,286.0,0.0,0.0,0.0,0.0,112
2023-05-09 21:44:30,OI311P7900,OI311P7900,262.0,0.0,0.0,0.0,2,275.5,279.5,2,262.0,286.0,0.0,0.0,0.0,0.0,112
2023-05-09 21:44:43,OI311P7900,OI311P7900,262.0,0.0,0.0,0.0,8,275.5,279.5,2,262.0,286.0,0.0,0.0,0.0,0.0,112
2023-05-09 21:44:44,OI311P7900,OI311P7900,262.0,0.0,0.0,0.0,20,275.5,279.5,2,262.0,286.0,0.0,0.0,0.0,0.0,112
2023-05-09 21:44:54,OI311P7900,OI311P7900,262.0,0.0,0.0,0.0,20,275.5,279.5,14,262.0,286.0,0.0,0.0,0.0,0.0,112
2023-05-09 21:44:57,OI311P7900,OI311P7900,262.0,0.0,0.0,0.0,14,275.5,279.5,20,262.0,286.0,0.0,0.0,0.0,0.0,112
2023-05-09 21:45:04,OI311P7900,OI311P7900,262.0,0.0,0.0,0.0,20,275.5,279.5,14,262.0,286.0,0.0,0.0,0.0,0.0,112
2023-05-09 21:45:05,OI311P7900,OI311P7900,262.0,0.0,0.0,0.0,14,275.5,279.5,14,262.0,286.0,0.0,0.0,0.0,0.0,112
2023-05-09 21:45:06,OI311P7900,OI311P7900,262.0,0.0,0.0,0.0,20,275.5,279.5,14,262.0,286.0,0.0,0.0,0.0,0.0,112
2023-05-09 21:45:06,OI311P7900,OI311P7900,262.0,0.0,0.0,0.0,26,275.5,279.5,14,262.0,286.0,0.0,0.0,0.0,0.0,112
2023-05-09 21:45:10,OI311P7900,OI311P7900,262.0,0.0,0.0,0.0,20,275.5,279.5,14,262.0,286.0,0.0,0.0,0.0,0.0,112
2023-05-09 21:45:16,OI311P7900,OI311P7900,262.0,0.0,0.0,0.0,20,275.5,279.5,2,262.0,286.0,0.0,0.0,0.0,0.0,112
2023-05-09 21:45:17,OI311P7900,OI311P7900,262.0,0.0,0.0,0.0,26,275.5,279.5,2,262.0,286.0,0.0,0.0,0.0,0.0,112
2023-05-09 21:45:20,OI311P7900,OI311P7900,262.0,0.0,0.0,0.0,26,275.5,280.0,6,262.0,286.0,0.0,0.0,0.0,0.0,112
2023-05-09 21:45:21,OI311P7900,OI311P7900,262.0,0.0,0.0,0.0,26,275.5,280.5,6,262.0,286.0,0.0,0.0,0.0,0.0,112
2023-05-09 21:45:22,OI311P7900,OI311P7900,262.0,0.0,0.0,0.0,20,275.5,281.0,14,262.0,286.0,0.0,0.0,0.0,0.0,112
2023-05-09 21:45:22,OI311P7900,OI311P7900,262.0,0.0,0.0,0.0,20,275.5,281.0,20,262.0,286.0,0.0,0.0,0.0,0.0,112
2023-05-09 21:45:23,OI311P7900,OI311P7900,262.0,0.0,0.0,0.0,20,275.5,281.0,14,262.0,286.0,0.0,0.0,0.0,0.0,112
2023-05-09 21:45:27,OI311P7900,OI311P7900,262.0,0.0,0.0,0.0,26,275.5,281.0,14,262.0,286.0,0.0,0.0,0.0,0.0,112
2023-05-09 21:45:29,OI311P7900,OI311P7900,262.0,0.0,0.0,0.0,2,277.0,281.0,20,262.0,286.0,0.0,0.0,0.0,0.0,112
2023-05-09 21:45:30,OI311P7900,OI311P7900,262.0,0.0,0.0,0.0,2,277.0,281.0,6,262.0,286.0,0.0,0.0,0.0,0.0,112
2023-05-09 21:45:31,OI311P7900,OI311P7900,262.0,0.0,0.0,0.0,14,277.0,281.5,6,262.0,286.0,0.0,0.0,0.0,0.0,112
2023-05-09 21:45:32,OI311P7900,OI311P7900,262.0,0.0,0.0,0.0,8,277.0,282.5,6,262.0,286.0,0.0,0.0,0.0,0.0,112
2023-05-09 21:45:32,OI311P7900,OI311P7900,262.0,0.0,0.0,0.0,14,277.0,282.0,6,262.0,286.0,0.0,0.0,0.0,0.0,112
2023-05-09 21:45:32,OI311P7900,OI311P7900,262.0,0.0,0.0,0.0,20,277.0,282.5,12,262.0,286.0,0.0,0.0,0.0,0.0,112
2023-05-09 21:45:33,OI311P7900,OI311P7900,262.0,0.0,0.0,0.0,20,277.0,282.5,18,262.0,286.0,0.0,0.0,0.0,0.0,112
2023-05-09 21:45:33,OI311P7900,OI311P7900,262.0,0.0,0.0,0.0,20,277.0,282.5,12,262.0,286.0,0.0,0.0,0.0,0.0,112
2023-05-09 21:45:35,OI311P7900,OI311P7900,262.0,0.0,0.0,0.0,26,277.0,282.5,12,262.0,286.0,0.0,0.0,0.0,0.0,112
2023-05-09 21:45:37,OI311P7900,OI311P7900,262.0,0.0,0.0,0.0,38,277.0,283.0,30,262.0,286.0,0.0,0.0,0.0,0.0,112
2023-05-09 21:45:37,OI311P7900,OI311P7900,262.0,0.0,0.0,0.0,38,277.0,283.0,24,262.0,286.0,0.0,0.0,0.0,0.0,112
2023-05-09 21:45:37,OI311P7900,OI311P7900,262.0,0.0,0.0,0.0,6,277.5,283.0,18,262.0,286.0,0.0,0.0,0.0,0.0,112
2023-05-09 21:45:38,OI311P7900,OI311P7900,262.0,0.0,0.0,0.0,32,277.0,283.0,18,262.0,286.0,0.0,0.0,0.0,0.0,112
2023-05-09 21:45:38,OI311P7900,OI311P7900,262.0,0.0,0.0,0.0,38,277.0,283.0,12,262.0,286.0,0.0,0.0,0.0,0.0,112
2023-05-09 21:45:39,OI311P7900,OI311P7900,262.0,0.0,0.0,0.0,32,277.0,283.0,12,262.0,286.0,0.0,0.0,0.0,0.0,112
2023-05-09 21:45:41,OI311P7900,OI311P7900,262.0,0.0,0.0,0.0,26,277.0,282.5,6,262.0,286.0,0.0,0.0,0.0,0.0,112
2023-05-09 21:45:41,OI311P7900,OI311P7900,262.0,0.0,0.0,0.0,20,277.0,282.5,12,262.0,286.0,0.0,0.0,0.0,0.0,112
2023-05-09 21:45:42,OI311P7900,OI311P7900,262.0,0.0,0.0,0.0,20,277.0,282.5,18,262.0,286.0,0.0,0.0,0.0,0.0,112
2023-05-09 21:45:47,OI311P7900,OI311P7900,262.0,0.0,0.0,0.0,20,277.0,282.0,2,262.0,286.0,0.0,0.0,0.0,0.0,112
2023-05-09 21:45:47,OI311P7900,OI311P7900,262.0,0.0,0.0,0.0,20,277.0,282.0,14,262.0,286.0,0.0,0.0,0.0,0.0,112
2023-05-09 21:45:52,OI311P7900,OI311P7900,262.0,0.0,0.0,0.0,8,277.0,281.0,18,262.0,286.0,0.0,0.0,0.0,0.0,112
2023-05-09 21:45:53,OI311P7900,OI311P7900,262.0,0.0,0.0,0.0,2,277.0,281.0,24,262.0,286.0,0.0,0.0,0.0,0.0,112
2023-05-09 21:46:07,OI311P7900,OI311P7900,262.0,0.0,0.0,0.0,2,277.0,281.0,30,262.0,286.0,0.0,0.0,0.0,0.0,112
2023-05-09 21:46:09,OI311P7900,OI311P7900,262.0,0.0,0.0,0.0,2,277.0,281.0,24,262.0,286.0,0.0,0.0,0.0,0.0,112
2023-05-09 21:46:16,OI311P7900,OI311P7900,262.0,0.0,0.0,0.0,2,277.0,281.0,18,262.0,286.0,0.0,0.0,0.0,0.0,112
2023-05-09 21:46:24,OI311P7900,OI311P7900,262.0,0.0,0.0,0.0,14,277.0,281.0,18,262.0,286.0,0.0,0.0,0.0,0.0,112
2023-05-09 21:46:24,OI311P7900,OI311P7900,262.0,0.0,0.0,0.0,14,277.0,281.0,12,262.0,286.0,0.0,0.0,0.0,0.0,112
2023-05-09 21:46:25,OI311P7900,OI311P7900,262.0,0.0,0.0,0.0,20,277.0,281.0,6,262.0,286.0,0.0,0.0,0.0,0.0,112
2023-05-09 21:46:29,OI311P7900,OI311P7900,262.0,0.0,0.0,0.0,20,277.0,281.5,6,262.0,286.0,0.0,0.0,0.0,0.0,112
2023-05-09 21:46:30,OI311P7900,OI311P7900,262.0,0.0,0.0,0.0,26,277.0,281.5,6,262.0,286.0,0.0,0.0,0.0,0.0,112
2023-05-09 21:46:31,OI311P7900,OI311P7900,262.0,0.0,0.0,0.0,26,277.0,282.0,8,262.0,286.0,0.0,0.0,0.0,0.0,112
2023-05-09 21:46:31,OI311P7900,OI311P7900,262.0,0.0,0.0,0.0,26,277.0,282.0,2,262.0,286.0,0.0,0.0,0.0,0.0,112
2023-05-09 21:46:32,OI311P7900,OI311P7900,262.0,0.0,0.0,0.0,32,277.0,282.0,2,262.0,286.0,0.0,0.0,0.0,0.0,112
2023-05-09 21:46:40,OI311P7900,OI311P7900,262.0,0.0,0.0,0.0,2,278.0,282.0,2,262.0,286.0,0.0,0.0,0.0,0.0,112
2023-05-09 21:46:40,OI311P7900,OI311P7900,262.0,0.0,0.0,0.0,20,278.0,282.5,18,262.0,286.0,0.0,0.0,0.0,0.0,112
2023-05-09 21:46:41,OI311P7900,OI311P7900,262.0,0.0,0.0,0.0,20,278.0,282.5,6,262.0,286.0,0.0,0.0,0.0,0.0,112
2023-05-09 21:46:41,OI311P7900,OI311P7900,262.0,0.0,0.0,0.0,26,278.0,283.0,6,262.0,286.0,0.0,0.0,0.0,0.0,112
2023-05-09 21:46:42,OI311P7900,OI311P7900,262.0,0.0,0.0,0.0,2,279.5,283.0,6,262.0,286.0,0.0,0.0,0.0,0.0,112
2023-05-09 21:46:42,OI311P7900,OI311P7900,262.0,0.0,0.0,0.0,14,279.5,283.5,2,262.0,286.0,0.0,0.0,0.0,0.0,112
2023-05-09 21:46:42,OI311P7900,OI311P7900,262.0,0.0,0.0,0.0,14,279.5,283.5,8,262.0,286.0,0.0,0.0,0.0,0.0,112
2023-05-09 21:46:45,OI311P7900,OI311P7900,262.0,0.0,0.0,0.0,14,279.5,283.5,14,262.0,286.0,0.0,0.0,0.0,0.0,112
2023-05-09 21:46:47,OI311P7900,OI311P7900,262.0,0.0,0.0,0.0,14,279.5,283.5,20,262.0,286.0,0.0,0.0,0.0,0.0,112
2023-05-09 21:46:48,OI311P7900,OI311P7900,262.0,0.0,0.0,0.0,2,279.5,283.5,20,262.0,286.0,0.0,0.0,0.0,0.0,112
2023-05-09 21:46:48,OI311P7900,OI311P7900,262.0,0.0,0.0,0.0,2,279.5,283.5,26,262.0,286.0,0.0,0.0,0.0,0.0,112
2023-05-09 21:47:00,OI311P7900,OI311P7900,262.0,0.0,0.0,0.0,2,279.5,283.5,32,262.0,286.0,0.0,0.0,0.0,0.0,112
2023-05-09 21:47:04,OI311P7900,OI311P7900,262.0,0.0,0.0,0.0,12,279.0,283.5,32,262.0,286.0,0.0,0.0,0.0,0.0,112
2023-05-09 21:47:04,OI311P7900,OI311P7900,262.0,0.0,0.0,0.0,6,279.0,283.5,32,262.0,286.0,0.0,0.0,0.0,0.0,112
2023-05-09 21:47:05,OI311P7900,OI311P7900,262.0,0.0,0.0,0.0,18,278.5,283.5,32,262.0,286.0,0.0,0.0,0.0,0.0,112
2023-05-09 21:47:06,OI311P7900,OI311P7900,262.0,0.0,0.0,0.0,12,278.5,283.5,32,262.0,286.0,0.0,0.0,0.0,0.0,112
2023-05-09 21:47:08,OI311P7900,OI311P7900,262.0,0.0,0.0,0.0,6,278.5,283.5,32,262.0,286.0,0.0,0.0,0.0,0.0,112
2023-05-09 21:47:08,OI311P7900,OI311P7900,262.0,0.0,0.0,0.0,32,278.0,283.5,26,262.0,286.0,0.0,0.0,0.0,0.0,112
2023-05-09 21:47:09,OI311P7900,OI311P7900,262.0,0.0,0.0,0.0,26,278.0,283.5,26,262.0,286.0,0.0,0.0,0.0,0.0,112
2023-05-09 21:47:10,OI311P7900,OI311P7900,262.0,0.0,0.0,0.0,20,278.0,283.5,32,262.0,286.0,0.0,0.0,0.0,0.0,112
2023-05-09 21:47:37,OI311P7900,OI311P7900,262.0,0.0,0.0,0.0,6,278.0,282.0,12,262.0,286.0,0.0,0.0,0.0,0.0,112
2023-05-09 21:47:37,OI311P7900,OI311P7900,262.0,0.0,0.0,0.0,12,277.5,281.5,2,262.0,286.0,0.0,0.0,0.0,0.0,112
2023-05-09 21:47:38,OI311P7900,OI311P7900,262.0,0.0,0.0,0.0,6,277.5,281.5,20,262.0,286.0,0.0,0.0,0.0,0.0,112
2023-05-09 21:47:38,OI311P7900,OI311P7900,262.0,0.0,0.0,0.0,32,277.0,281.5,20,262.0,286.0,0.0,0.0,0.0,0.0,112
2023-05-09 21:47:39,OI311P7900,OI311P7900,262.0,0.0,0.0,0.0,26,277.0,281.5,20,262.0,286.0,0.0,0.0,0.0,0.0,112
2023-05-09 21:47:55,OI311P7900,OI311P7900,262.0,0.0,0.0,0.0,26,277.0,281.5,26,262.0,286.0,0.0,0.0,0.0,0.0,112
2023-05-09 21:47:56,OI311P7900,OI311P7900,262.0,0.0,0.0,0.0,26,277.0,281.5,20,262.0,286.0,0.0,0.0,0.0,0.0,112
2023-05-09 21:47:57,OI311P7900,OI311P7900,262.0,0.0,0.0,0.0,26,277.0,281.5,26,262.0,286.0,0.0,0.0,0.0,0.0,112
2023-05-09 21:47:58,OI311P7900,OI311P7900,262.0,0.0,0.0,0.0,26,277.0,281.5,20,262.0,286.0,0.0,0.0,0.0,0.0,112
2023-05-09 21:48:05,OI311P7900,OI311P7900,262.0,0.0,0.0,0.0,26,277.0,281.5,14,262.0,286.0,0.0,0.0,0.0,0.0,112
2023-05-09 21:48:15,OI311P7900,OI311P7900,262.0,0.0,0.0,0.0,26,277.0,281.5,2,262.0,286.0,0.0,0.0,0.0,0.0,112
2023-05-09 21:48:29,OI311P7900,OI311P7900,262.0,0.0,0.0,0.0,32,277.0,282.0,6,262.0,286.0,0.0,0.0,0.0,0.0,112
2023-05-09 21:48:30,OI311P7900,OI311P7900,262.0,0.0,0.0,0.0,32,277.0,283.0,12,262.0,286.0,0.0,0.0,0.0,0.0,112
2023-05-09 21:48:30,OI311P7900,OI311P7900,262.0,0.0,0.0,0.0,32,277.0,282.5,6,262.0,286.0,0.0,0.0,0.0,0.0,112
2023-05-09 21:48:31,OI311P7900,OI311P7900,262.0,0.0,0.0,0.0,32,277.0,283.0,12,262.0,286.0,0.0,0.0,0.0,0.0,112
2023-05-09 21:48:36,OI311P7900,OI311P7900,262.0,0.0,0.0,0.0,32,277.0,283.0,18,262.0,286.0,0.0,0.0,0.0,0.0,112
2023-05-09 21:48:39,OI311P7900,OI311P7900,262.0,0.0,0.0,0.0,32,277.0,283.0,24,262.0,286.0,0.0,0.0,0.0,0.0,112
2023-05-09 21:48:39,OI311P7900,OI311P7900,262.0,0.0,0.0,0.0,38,277.0,283.0,18,262.0,286.0,0.0,0.0,0.0,0.0,112
2023-05-09 21:48:41,OI311P7900,OI311P7900,262.0,0.0,0.0,0.0,32,277.0,282.0,6,262.0,286.0,0.0,0.0,0.0,0.0,112
2023-05-09 21:48:41,OI311P7900,OI311P7900,262.0,0.0,0.0,0.0,32,277.0,282.0,12,262.0,286.0,0.0,0.0,0.0,0.0,112
2023-05-09 21:48:42,OI311P7900,OI311P7900,262.0,0.0,0.0,0.0,26,277.0,282.0,18,262.0,286.0,0.0,0.0,0.0,0.0,112
2023-05-09 21:48:42,OI311P7900,OI311P7900,262.0,0.0,0.0,0.0,26,277.0,282.0,20,262.0,286.0,0.0,0.0,0.0,0.0,112
2023-05-09 21:49:09,OI311P7900,OI311P7900,262.0,0.0,0.0,0.0,26,277.0,282.0,14,262.0,286.0,0.0,0.0,0.0,0.0,112
2023-05-09 21:49:22,OI311P7900,OI311P7900,262.0,0.0,0.0,0.0,26,277.0,282.0,20,262.0,286.0,0.0,0.0,0.0,0.0,112
2023-05-09 21:49:39,OI311P7900,OI311P7900,262.0,0.0,0.0,0.0,32,277.0,282.0,14,262.0,286.0,0.0,0.0,0.0,0.0,112
2023-05-09 21:49:40,OI311P7900,OI311P7900,262.0,0.0,0.0,0.0,26,277.0,282.0,14,262.0,286.0,0.0,0.0,0.0,0.0,112
2023-05-09 21:50:02,OI311P7900,OI311P7900,262.0,0.0,0.0,0.0,26,277.0,282.0,20,262.0,286.0,0.0,0.0,0.0,0.0,112
2023-05-09 21:50:11,OI311P7900,OI311P7900,262.0,0.0,0.0,0.0,26,277.0,282.0,26,262.0,286.0,0.0,0.0,0.0,0.0,112
2023-05-09 21:50:12,OI311P7900,OI311P7900,262.0,0.0,0.0,0.0,2,277.0,281.0,18,262.0,286.0,0.0,0.0,0.0,0.0,112
2023-05-09 21:50:13,OI311P7900,OI311P7900,262.0,0.0,0.0,0.0,2,277.0,281.0,36,262.0,286.0,0.0,0.0,0.0,0.0,112
2023-05-09 21:50:13,OI311P7900,OI311P7900,262.0,0.0,0.0,0.0,2,277.0,280.5,2,262.0,286.0,0.0,0.0,0.0,0.0,112
2023-05-09 21:50:13,OI311P7900,OI311P7900,262.0,0.0,0.0,0.0,18,276.5,280.5,8,262.0,286.0,0.0,0.0,0.0,0.0,112
2023-05-09 21:50:15,OI311P7900,OI311P7900,262.0,0.0,0.0,0.0,6,276.5,280.5,8,262.0,286.0,0.0,0.0,0.0,0.0,112
2023-05-09 21:50:15,OI311P7900,OI311P7900,262.0,0.0,0.0,0.0,30,276.0,280.5,14,262.0,286.0,0.0,0.0,0.0,0.0,112
2023-05-09 21:50:16,OI311P7900,OI311P7900,262.0,0.0,0.0,0.0,24,276.0,280.5,14,262.0,286.0,0.0,0.0,0.0,0.0,112
2023-05-09 21:50:30,OI311P7900,OI311P7900,262.0,0.0,0.0,0.0,18,276.0,280.5,14,262.0,286.0,0.0,0.0,0.0,0.0,112
2023-05-09 21:50:35,OI311P7900,OI311P7900,262.0,0.0,0.0,0.0,18,276.0,280.5,20,262.0,286.0,0.0,0.0,0.0,0.0,112
2023-05-09 21:50:35,OI311P7900,OI311P7900,262.0,0.0,0.0,0.0,6,276.0,279.5,6,262.0,286.0,0.0,0.0,0.0,0.0,112
2023-05-09 21:50:36,OI311P7900,OI311P7900,262.0,0.0,0.0,0.0,12,275.5,279.5,24,262.0,286.0,0.0,0.0,0.0,0.0,112
2023-05-09 21:50:36,OI311P7900,OI311P7900,262.0,0.0,0.0,0.0,6,275.5,279.5,24,262.0,286.0,0.0,0.0,0.0,0.0,112
2023-05-09 21:50:37,OI311P7900,OI311P7900,262.0,0.0,0.0,0.0,30,275.0,279.5,18,262.0,286.0,0.0,0.0,0.0,0.0,112
2023-05-09 21:50:37,OI311P7900,OI311P7900,262.0,0.0,0.0,0.0,24,275.0,279.5,24,262.0,286.0,0.0,0.0,0.0,0.0,112
2023-05-09 21:50:37,OI311P7900,OI311P7900,262.0,0.0,0.0,0.0,18,275.0,279.5,24,262.0,286.0,0.0,0.0,0.0,0.0,112
2023-05-09 21:50:39,OI311P7900,OI311P7900,262.0,0.0,0.0,0.0,18,275.0,279.0,2,262.0,286.0,0.0,0.0,0.0,0.0,112
2023-05-09 21:50:39,OI311P7900,OI311P7900,262.0,0.0,0.0,0.0,18,275.0,279.0,14,262.0,286.0,0.0,0.0,0.0,0.0,112
2023-05-09 21:51:00,OI311P7900,OI311P7900,262.0,0.0,0.0,0.0,12,275.0,279.0,20,262.0,286.0,0.0,0.0,0.0,0.0,112
2023-05-09 21:51:06,OI311P7900,OI311P7900,262.0,0.0,0.0,0.0,24,274.5,279.0,20,262.0,286.0,0.0,0.0,0.0,0.0,112
2023-05-09 21:51:06,OI311P7900,OI311P7900,262.0,0.0,0.0,0.0,24,274.5,279.0,14,262.0,286.0,0.0,0.0,0.0,0.0,112
2023-05-09 21:51:06,OI311P7900,OI311P7900,262.0,0.0,0.0,0.0,18,274.5,279.0,14,262.0,286.0,0.0,0.0,0.0,0.0,112
2023-05-09 21:51:07,OI311P7900,OI311P7900,262.0,0.0,0.0,0.0,18,274.5,279.0,20,262.0,286.0,0.0,0.0,0.0,0.0,112
2023-05-09 21:51:09,OI311P7900,OI311P7900,262.0,0.0,0.0,0.0,24,274.5,279.0,14,262.0,286.0,0.0,0.0,0.0,0.0,112
2023-05-09 21:51:14,OI311P7900,OI311P7900,262.0,0.0,0.0,0.0,18,274.5,279.0,14,262.0,286.0,0.0,0.0,0.0,0.0,112
2023-05-09 21:52:02,OI311P7900,OI311P7900,262.0,0.0,0.0,0.0,24,274.5,279.0,14,262.0,286.0,0.0,0.0,0.0,0.0,112
2023-05-09 21:52:03,OI311P7900,OI311P7900,262.0,0.0,0.0,0.0,24,274.5,279.0,8,262.0,286.0,0.0,0.0,0.0,0.0,112
2023-05-09 21:52:08,OI311P7900,OI311P7900,262.0,0.0,0.0,0.0,6,274.5,279.0,14,262.0,286.0,0.0,0.0,0.0,0.0,112
2023-05-09 21:52:08,OI311P7900,OI311P7900,262.0,0.0,0.0,0.0,14,274.0,279.0,20,262.0,286.0,0.0,0.0,0.0,0.0,112
2023-05-09 21:52:09,OI311P7900,OI311P7900,262.0,0.0,0.0,0.0,2,274.0,279.0,20,262.0,286.0,0.0,0.0,0.0,0.0,112
2023-05-09 21:52:11,OI311P7900,OI311P7900,262.0,0.0,0.0,0.0,2,274.0,278.5,6,262.0,286.0,0.0,0.0,0.0,0.0,112
2023-05-09 21:52:19,OI311P7900,OI311P7900,262.0,0.0,0.0,0.0,2,274.0,278.5,12,262.0,286.0,0.0,0.0,0.0,0.0,112
2023-05-09 21:52:19,OI311P7900,OI311P7900,262.0,0.0,0.0,0.0,2,274.0,278.5,24,262.0,286.0,0.0,0.0,0.0,0.0,112
2023-05-09 21:52:20,OI311P7900,OI311P7900,262.0,0.0,0.0,0.0,2,274.0,278.5,18,262.0,286.0,0.0,0.0,0.0,0.0,112
2023-05-09 21:52:29,OI311P7900,OI311P7900,262.0,0.0,0.0,0.0,2,274.0,278.5,12,262.0,286.0,0.0,0.0,0.0,0.0,112
2023-05-09 21:52:29,OI311P7900,OI311P7900,262.0,0.0,0.0,0.0,2,274.0,278.5,6,262.0,286.0,0.0,0.0,0.0,0.0,112
2023-05-09 21:52:37,OI311P7900,OI311P7900,262.0,0.0,0.0,0.0,2,274.0,279.0,14,262.0,286.0,0.0,0.0,0.0,0.0,112
2023-05-09 21:52:37,OI311P7900,OI311P7900,262.0,0.0,0.0,0.0,2,274.0,279.0,20,262.0,286.0,0.0,0.0,0.0,0.0,112
2023-05-09 21:52:38,OI311P7900,OI311P7900,262.0,0.0,0.0,0.0,2,274.0,279.0,14,262.0,286.0,0.0,0.0,0.0,0.0,112
2023-05-09 21:52:44,OI311P7900,OI311P7900,262.0,0.0,0.0,0.0,8,274.0,279.0,14,262.0,286.0,0.0,0.0,0.0,0.0,112
2023-05-09 21:52:51,OI311P7900,OI311P7900,262.0,0.0,0.0,0.0,32,274.0,279.0,14,262.0,286.0,0.0,0.0,0.0,0.0,112
2023-05-09 21:52:55,OI311P7900,OI311P7900,262.0,0.0,0.0,0.0,38,274.0,279.0,2,262.0,286.0,0.0,0.0,0.0,0.0,112
2023-05-09 21:52:56,OI311P7900,OI311P7900,262.0,0.0,0.0,0.0,2,275.5,279.0,2,262.0,286.0,0.0,0.0,0.0,0.0,112
2023-05-09 21:52:58,OI311P7900,OI311P7900,262.0,0.0,0.0,0.0,2,275.5,279.5,12,262.0,286.0,0.0,0.0,0.0,0.0,112
2023-05-09 21:52:59,OI311P7900,OI311P7900,262.0,0.0,0.0,0.0,2,275.5,279.5,6,262.0,286.0,0.0,0.0,0.0,0.0,112
2023-05-09 21:52:59,OI311P7900,OI311P7900,262.0,0.0,0.0,0.0,2,275.5,280.0,24,262.0,286.0,0.0,0.0,0.0,0.0,112
2023-05-09 21:53:00,OI311P7900,OI311P7900,262.0,0.0,0.0,0.0,2,275.5,280.0,12,262.0,286.0,0.0,0.0,0.0,0.0,112
2023-05-09 21:53:01,OI311P7900,OI311P7900,262.0,0.0,0.0,0.0,2,275.5,280.5,14,262.0,286.0,0.0,0.0,0.0,0.0,112
2023-05-09 21:53:01,OI311P7900,OI311P7900,262.0,0.0,0.0,0.0,2,275.5,280.5,20,262.0,286.0,0.0,0.0,0.0,0.0,112
2023-05-09 21:53:01,OI311P7900,OI311P7900,262.0,0.0,0.0,0.0,2,275.5,280.5,14,262.0,286.0,0.0,0.0,0.0,0.0,112
2023-05-09 21:53:02,OI311P7900,OI311P7900,262.0,0.0,0.0,0.0,8,275.5,280.5,14,262.0,286.0,0.0,0.0,0.0,0.0,112
2023-05-09 21:53:05,OI311P7900,OI311P7900,262.0,0.0,0.0,0.0,14,275.5,280.5,14,262.0,286.0,0.0,0.0,0.0,0.0,112
2023-05-09 21:53:06,OI311P7900,OI311P7900,262.0,0.0,0.0,0.0,26,275.5,280.5,8,262.0,286.0,0.0,0.0,0.0,0.0,112
2023-05-09 21:53:06,OI311P7900,OI311P7900,262.0,0.0,0.0,0.0,32,275.5,280.5,2,262.0,286.0,0.0,0.0,0.0,0.0,112
2023-05-09 21:53:06,OI311P7900,OI311P7900,262.0,0.0,0.0,0.0,38,275.5,280.5,2,262.0,286.0,0.0,0.0,0.0,0.0,112
2023-05-09 21:53:08,OI311P7900,OI311P7900,262.0,0.0,0.0,0.0,2,277.0,281.0,12,262.0,286.0,0.0,0.0,0.0,0.0,112
2023-05-09 21:53:08,OI311P7900,OI311P7900,262.0,0.0,0.0,0.0,20,277.0,281.0,6,262.0,286.0,0.0,0.0,0.0,0.0,112
2023-05-09 21:53:09,OI311P7900,OI311P7900,262.0,0.0,0.0,0.0,20,277.0,281.5,12,262.0,286.0,0.0,0.0,0.0,0.0,112
2023-05-09 21:53:09,OI311P7900,OI311P7900,262.0,0.0,0.0,0.0,20,277.0,281.5,6,262.0,286.0,0.0,0.0,0.0,0.0,112
2023-05-09 21:53:13,OI311P7900,OI311P7900,262.0,0.0,0.0,0.0,14,277.0,282.0,32,262.0,286.0,0.0,0.0,0.0,0.0,112
2023-05-09 21:53:14,OI311P7900,OI311P7900,262.0,0.0,0.0,0.0,14,277.0,282.0,26,262.0,286.0,0.0,0.0,0.0,0.0,112
2023-05-09 21:53:21,OI311P7900,OI311P7900,262.0,0.0,0.0,0.0,14,277.0,282.0,14,262.0,286.0,0.0,0.0,0.0,0.0,112
2023-05-09 21:53:26,OI311P7900,OI311P7900,262.0,0.0,0.0,0.0,12,277.5,282.0,8,262.0,286.0,0.0,0.0,0.0,0.0,112
2023-05-09 21:53:26,OI311P7900,OI311P7900,262.0,0.0,0.0,0.0,2,278.5,282.0,2,262.0,286.0,0.0,0.0,0.0,0.0,112
2023-05-09 21:53:27,OI311P7900,OI311P7900,262.0,0.0,0.0,0.0,20,278.5,282.5,12,262.0,286.0,0.0,0.0,0.0,0.0,112
2023-05-09 21:53:27,OI311P7900,OI311P7900,262.0,0.0,0.0,0.0,20,278.5,282.5,6,262.0,286.0,0.0,0.0,0.0,0.0,112
2023-05-09 21:53:28,OI311P7900,OI311P7900,262.0,0.0,0.0,0.0,14,278.5,283.0,18,262.0,286.0,0.0,0.0,0.0,0.0,112
2023-05-09 21:53:29,OI311P7900,OI311P7900,262.0,0.0,0.0,0.0,14,278.5,283.0,6,262.0,286.0,0.0,0.0,0.0,0.0,112
2023-05-09 21:53:29,OI311P7900,OI311P7900,262.0,0.0,0.0,0.0,20,278.5,283.0,6,262.0,286.0,0.0,0.0,0.0,0.0,112
2023-05-09 21:53:37,OI311P7900,OI311P7900,262.0,0.0,0.0,0.0,20,278.5,283.5,32,262.0,286.0,0.0,0.0,0.0,0.0,112
2023-05-09 21:53:37,OI311P7900,OI311P7900,262.0,0.0,0.0,0.0,14,278.5,283.5,32,262.0,286.0,0.0,0.0,0.0,0.0,112
2023-05-09 21:53:37,OI311P7900,OI311P7900,262.0,0.0,0.0,0.0,14,278.5,283.5,26,262.0,286.0,0.0,0.0,0.0,0.0,112
2023-05-09 21:53:46,OI311P7900,OI311P7900,262.0,0.0,0.0,0.0,14,278.5,283.5,20,262.0,286.0,0.0,0.0,0.0,0.0,112
2023-05-09 21:53:47,OI311P7900,OI311P7900,262.0,0.0,0.0,0.0,26,278.5,283.5,14,262.0,286.0,0.0,0.0,0.0,0.0,112
2023-05-09 21:53:47,OI311P7900,OI311P7900,262.0,0.0,0.0,0.0,20,278.5,283.5,14,262.0,286.0,0.0,0.0,0.0,0.0,112
2023-05-09 21:54:01,OI311P7900,OI311P7900,262.0,0.0,0.0,0.0,20,278.5,283.5,20,262.0,286.0,0.0,0.0,0.0,0.0,112
2023-05-09 21:54:02,OI311P7900,OI311P7900,262.0,0.0,0.0,0.0,20,278.5,283.5,14,262.0,286.0,0.0,0.0,0.0,0.0,112
2023-05-09 21:54:10,OI311P7900,OI311P7900,262.0,0.0,0.0,0.0,20,278.5,283.5,20,262.0,286.0,0.0,0.0,0.0,0.0,112
2023-05-09 21:54:13,OI311P7900,OI311P7900,262.0,0.0,0.0,0.0,14,278.5,283.5,32,262.0,286.0,0.0,0.0,0.0,0.0,112
2023-05-09 21:54:23,OI311P7900,OI311P7900,262.0,0.0,0.0,0.0,14,278.5,283.5,26,262.0,286.0,0.0,0.0,0.0,0.0,112
2023-05-09 21:54:25,OI311P7900,OI311P7900,262.0,0.0,0.0,0.0,14,278.5,283.5,20,262.0,286.0,0.0,0.0,0.0,0.0,112
2023-05-09 21:54:26,OI311P7900,OI311P7900,262.0,0.0,0.0,0.0,20,278.5,283.5,14,262.0,286.0,0.0,0.0,0.0,0.0,112
2023-05-09 21:54:34,OI311P7900,OI311P7900,262.0,0.0,0.0,0.0,20,278.5,283.5,20,262.0,286.0,0.0,0.0,0.0,0.0,112
2023-05-09 21:54:36,OI311P7900,OI311P7900,262.0,0.0,0.0,0.0,20,278.5,283.5,26,262.0,286.0,0.0,0.0,0.0,0.0,112
2023-05-09 21:54:40,OI311P7900,OI311P7900,262.0,0.0,0.0,0.0,20,278.5,283.5,20,262.0,286.0,0.0,0.0,0.0,0.0,112
2023-05-09 21:54:43,OI311P7900,OI311P7900,262.0,0.0,0.0,0.0,20,278.5,283.5,14,262.0,286.0,0.0,0.0,0.0,0.0,112
2023-05-09 21:54:47,OI311P7900,OI311P7900,262.0,0.0,0.0,0.0,20,278.5,283.5,2,262.0,286.0,0.0,0.0,0.0,0.0,112
2023-05-09 21:54:47,OI311P7900,OI311P7900,262.0,0.0,0.0,0.0,26,278.5,283.5,2,262.0,286.0,0.0,0.0,0.0,0.0,112
2023-05-09 21:54:52,OI311P7900,OI311P7900,262.0,0.0,0.0,0.0,26,278.5,283.5,8,262.0,286.0,0.0,0.0,0.0,0.0,112
2023-05-09 21:55:04,OI311P7900,OI311P7900,262.0,0.0,0.0,0.0,26,278.5,283.5,2,262.0,286.0,0.0,0.0,0.0,0.0,112
2023-05-09 21:55:15,OI311P7900,OI311P7900,262.0,0.0,0.0,0.0,26,278.5,283.5,8,262.0,286.0,0.0,0.0,0.0,0.0,112
2023-05-09 21:55:15,OI311P7900,OI311P7900,262.0,0.0,0.0,0.0,26,278.5,283.5,20,262.0,286.0,0.0,0.0,0.0,0.0,112
2023-05-09 21:55:20,OI311P7900,OI311P7900,262.0,0.0,0.0,0.0,26,278.5,283.5,14,262.0,286.0,0.0,0.0,0.0,0.0,112
2023-05-09 21:55:33,OI311P7900,OI311P7900,262.0,0.0,0.0,0.0,26,278.5,283.5,8,262.0,286.0,0.0,0.0,0.0,0.0,112
2023-05-09 21:56:15,OI311P7900,OI311P7900,262.0,0.0,0.0,0.0,26,278.5,283.5,14,262.0,286.0,0.0,0.0,0.0,0.0,112
2023-05-09 21:56:48,OI311P7900,OI311P7900,262.0,0.0,0.0,0.0,26,278.5,283.5,20,262.0,286.0,0.0,0.0,0.0,0.0,112
2023-05-09 21:56:48,OI311P7900,OI311P7900,262.0,0.0,0.0,0.0,20,278.5,283.5,20,262.0,286.0,0.0,0.0,0.0,0.0,112
2023-05-09 21:57:00,OI311P7900,OI311P7900,262.0,0.0,0.0,0.0,26,278.5,283.5,20,262.0,286.0,0.0,0.0,0.0,0.0,112
2023-05-09 21:57:11,OI311P7900,OI311P7900,262.0,0.0,0.0,0.0,26,278.5,283.5,14,262.0,286.0,0.0,0.0,0.0,0.0,112
2023-05-09 21:57:16,OI311P7900,OI311P7900,262.0,0.0,0.0,0.0,26,278.5,283.5,20,262.0,286.0,0.0,0.0,0.0,0.0,112
2023-05-09 21:57:18,OI311P7900,OI311P7900,262.0,0.0,0.0,0.0,20,278.5,283.5,26,262.0,286.0,0.0,0.0,0.0,0.0,112
2023-05-09 21:57:36,OI311P7900,OI311P7900,262.0,0.0,0.0,0.0,14,278.5,283.5,26,262.0,286.0,0.0,0.0,0.0,0.0,112
2023-05-09 21:57:48,OI311P7900,OI311P7900,262.0,0.0,0.0,0.0,6,278.5,282.0,20,262.0,286.0,0.0,0.0,0.0,0.0,112
2023-05-09 21:57:48,OI311P7900,OI311P7900,262.0,0.0,0.0,0.0,6,278.0,282.0,32,262.0,286.0,0.0,0.0,0.0,0.0,112
2023-05-09 21:57:49,OI311P7900,OI311P7900,262.0,0.0,0.0,0.0,6,278.0,282.0,38,262.0,286.0,0.0,0.0,0.0,0.0,112
2023-05-09 21:57:49,OI311P7900,OI311P7900,262.0,0.0,0.0,0.0,26,277.0,282.0,38,262.0,286.0,0.0,0.0,0.0,0.0,112
2023-05-09 21:57:50,OI311P7900,OI311P7900,262.0,0.0,0.0,0.0,12,277.5,282.0,38,262.0,286.0,0.0,0.0,0.0,0.0,112
2023-05-09 21:57:50,OI311P7900,OI311P7900,262.0,0.0,0.0,0.0,26,277.0,282.0,38,262.0,286.0,0.0,0.0,0.0,0.0,112
2023-05-09 21:57:52,OI311P7900,OI311P7900,262.0,0.0,0.0,0.0,20,277.0,282.0,38,262.0,286.0,0.0,0.0,0.0,0.0,112
2023-05-09 21:57:53,OI311P7900,OI311P7900,262.0,0.0,0.0,0.0,14,277.0,282.0,38,262.0,286.0,0.0,0.0,0.0,0.0,112
2023-05-09 21:57:53,OI311P7900,OI311P7900,262.0,0.0,0.0,0.0,8,277.0,282.0,38,262.0,286.0,0.0,0.0,0.0,0.0,112
2023-05-09 21:57:56,OI311P7900,OI311P7900,262.0,0.0,0.0,0.0,12,276.5,281.0,8,262.0,286.0,0.0,0.0,0.0,0.0,112
2023-05-09 21:57:56,OI311P7900,OI311P7900,262.0,0.0,0.0,0.0,6,276.5,281.0,8,262.0,286.0,0.0,0.0,0.0,0.0,112
2023-05-09 21:57:57,OI311P7900,OI311P7900,262.0,0.0,0.0,0.0,24,276.0,281.0,14,262.0,286.0,0.0,0.0,0.0,0.0,112
2023-05-09 21:57:57,OI311P7900,OI311P7900,262.0,0.0,0.0,0.0,18,276.0,281.0,20,262.0,286.0,0.0,0.0,0.0,0.0,112
2023-05-09 21:57:58,OI311P7900,OI311P7900,262.0,0.0,0.0,0.0,26,275.5,281.0,32,262.0,286.0,0.0,0.0,0.0,0.0,112
2023-05-09 21:57:58,OI311P7900,OI311P7900,262.0,0.0,0.0,0.0,20,275.5,281.0,32,262.0,286.0,0.0,0.0,0.0,0.0,112
2023-05-09 21:57:59,OI311P7900,OI311P7900,262.0,0.0,0.0,0.0,14,275.5,281.0,32,262.0,286.0,0.0,0.0,0.0,0.0,112
2023-05-09 21:57:59,OI311P7900,OI311P7900,262.0,0.0,0.0,0.0,20,275.5,281.0,38,262.0,286.0,0.0,0.0,0.0,0.0,112
2023-05-09 21:58:02,OI311P7900,OI311P7900,262.0,0.0,0.0,0.0,14,275.5,281.0,38,262.0,286.0,0.0,0.0,0.0,0.0,112
2023-05-09 21:58:04,OI311P7900,OI311P7900,262.0,0.0,0.0,0.0,14,275.5,279.5,2,262.0,286.0,0.0,0.0,0.0,0.0,112
2023-05-09 21:58:05,OI311P7900,OI311P7900,262.0,0.0,0.0,0.0,8,275.5,279.5,2,262.0,286.0,0.0,0.0,0.0,0.0,112
2023-05-09 21:58:05,OI311P7900,OI311P7900,262.0,0.0,0.0,0.0,2,275.5,279.5,2,262.0,286.0,0.0,0.0,0.0,0.0,112
2023-05-09 21:58:06,OI311P7900,OI311P7900,262.0,0.0,0.0,0.0,2,275.5,279.5,20,262.0,286.0,0.0,0.0,0.0,0.0,112
2023-05-09 21:58:06,OI311P7900,OI311P7900,262.0,0.0,0.0,0.0,6,275.0,279.5,32,262.0,286.0,0.0,0.0,0.0,0.0,112
2023-05-09 21:58:07,OI311P7900,OI311P7900,262.0,0.0,0.0,0.0,12,274.5,279.5,32,262.0,286.0,0.0,0.0,0.0,0.0,112
2023-05-09 21:58:08,OI311P7900,OI311P7900,262.0,0.0,0.0,0.0,18,274.5,279.5,32,262.0,286.0,0.0,0.0,0.0,0.0,112
2023-05-09 21:58:08,OI311P7900,OI311P7900,262.0,0.0,0.0,0.0,12,274.5,279.5,32,262.0,286.0,0.0,0.0,0.0,0.0,112
2023-05-09 21:58:10,OI311P7900,OI311P7900,262.0,0.0,0.0,0.0,6,274.5,279.5,38,262.0,286.0,0.0,0.0,0.0,0.0,112
2023-05-09 21:58:10,OI311P7900,OI311P7900,262.0,0.0,0.0,0.0,8,274.0,279.5,32,262.0,286.0,0.0,0.0,0.0,0.0,112
2023-05-09 21:58:11,OI311P7900,OI311P7900,262.0,0.0,0.0,0.0,8,274.0,279.5,38,262.0,286.0,0.0,0.0,0.0,0.0,112
2023-05-09 21:58:11,OI311P7900,OI311P7900,262.0,0.0,0.0,0.0,2,274.0,278.5,12,262.0,286.0,0.0,0.0,0.0,0.0,112
2023-05-09 21:58:12,OI311P7900,OI311P7900,262.0,0.0,0.0,0.0,2,274.0,278.0,2,262.0,286.0,0.0,0.0,0.0,0.0,112
2023-05-09 21:58:12,OI311P7900,OI311P7900,262.0,0.0,0.0,0.0,2,274.0,278.0,8,262.0,286.0,0.0,0.0,0.0,0.0,112
2023-05-09 21:58:13,OI311P7900,OI311P7900,262.0,0.0,0.0,0.0,2,274.0,278.0,14,262.0,286.0,0.0,0.0,0.0,0.0,112
2023-05-09 21:59:12,OI311P7900,OI311P7900,262.0,0.0,0.0,0.0,18,273.5,278.0,8,262.0,286.0,0.0,0.0,0.0,0.0,112
2023-05-09 21:59:13,OI311P7900,OI311P7900,262.0,0.0,0.0,0.0,18,273.0,277.0,6,262.0,286.0,0.0,0.0,0.0,0.0,112
2023-05-09 21:59:14,OI311P7900,OI311P7900,262.0,0.0,0.0,0.0,18,273.0,277.0,12,262.0,286.0,0.0,0.0,0.0,0.0,112
2023-05-09 21:59:14,OI311P7900,OI311P7900,262.0,0.0,0.0,0.0,6,273.0,277.0,12,262.0,286.0,0.0,0.0,0.0,0.0,112
2023-05-09 21:59:15,OI311P7900,OI311P7900,262.0,0.0,0.0,0.0,18,272.5,277.0,24,262.0,286.0,0.0,0.0,0.0,0.0,112
2023-05-09 21:59:16,OI311P7900,OI311P7900,262.0,0.0,0.0,0.0,12,272.5,277.0,24,262.0,286.0,0.0,0.0,0.0,0.0,112
2023-05-09 21:59:21,OI311P7900,OI311P7900,262.0,0.0,0.0,0.0,12,272.5,277.0,18,262.0,286.0,0.0,0.0,0.0,0.0,112
2023-05-09 21:59:22,OI311P7900,OI311P7900,262.0,0.0,0.0,0.0,12,272.5,277.0,24,262.0,286.0,0.0,0.0,0.0,0.0,112
2023-05-09 21:59:23,OI311P7900,OI311P7900,262.0,0.0,0.0,0.0,12,272.0,277.0,18,262.0,286.0,0.0,0.0,0.0,0.0,112
2023-05-09 21:59:23,OI311P7900,OI311P7900,262.0,0.0,0.0,0.0,6,272.0,277.0,18,262.0,286.0,0.0,0.0,0.0,0.0,112
2023-05-09 21:59:24,OI311P7900,OI311P7900,262.0,0.0,0.0,0.0,32,271.5,277.0,18,262.0,286.0,0.0,0.0,0.0,0.0,112
2023-05-09 21:59:24,OI311P7900,OI311P7900,262.0,0.0,0.0,0.0,38,271.5,277.0,18,262.0,286.0,0.0,0.0,0.0,0.0,112
2023-05-09 21:59:25,OI311P7900,OI311P7900,262.0,0.0,0.0,0.0,32,271.5,277.0,18,262.0,286.0,0.0,0.0,0.0,0.0,112
2023-05-09 21:59:38,OI311P7900,OI311P7900,262.0,0.0,0.0,0.0,32,271.5,276.5,2,262.0,286.0,0.0,0.0,0.0,0.0,112
2023-05-09 21:59:39,OI311P7900,OI311P7900,262.0,0.0,0.0,0.0,32,271.5,276.5,14,262.0,286.0,0.0,0.0,0.0,0.0,112
2023-05-09 21:59:41,OI311P7900,OI311P7900,262.0,0.0,0.0,0.0,26,271.5,276.5,14,262.0,286.0,0.0,0.0,0.0,0.0,112
2023-05-09 21:59:49,OI311P7900,OI311P7900,262.0,0.0,0.0,0.0,20,271.5,276.5,20,262.0,286.0,0.0,0.0,0.0,0.0,112
2023-05-09 21:59:57,OI311P7900,OI311P7900,262.0,0.0,0.0,0.0,14,271.5,276.5,20,262.0,286.0,0.0,0.0,0.0,0.0,112
2023-05-09 21:59:58,OI311P7900,OI311P7900,262.0,0.0,0.0,0.0,14,271.5,276.0,6,262.0,286.0,0.0,0.0,0.0,0.0,112
2023-05-09 21:59:58,OI311P7900,OI311P7900,262.0,0.0,0.0,0.0,14,271.5,276.0,24,262.0,286.0,0.0,0.0,0.0,0.0,112
2023-05-09 21:59:59,OI311P7900,OI311P7900,262.0,0.0,0.0,0.0,2,271.5,275.0,8,262.0,286.0,0.0,0.0,0.0,0.0,112
2023-05-09 21:59:59,OI311P7900,OI311P7900,262.0,0.0,0.0,0.0,2,271.5,275.0,20,262.0,286.0,0.0,0.0,0.0,0.0,112
2023-05-09 22:00:01,OI311P7900,OI311P7900,262.0,0.0,0.0,0.0,6,271.0,275.0,26,262.0,286.0,0.0,0.0,0.0,0.0,112
2023-05-09 22:00:02,OI311P7900,OI311P7900,262.0,0.0,0.0,0.0,12,270.0,275.0,32,262.0,286.0,0.0,0.0,0.0,0.0,112
2023-05-09 22:00:03,OI311P7900,OI311P7900,262.0,0.0,0.0,0.0,6,270.5,274.5,12,262.0,286.0,0.0,0.0,0.0,0.0,112
2023-05-09 22:00:03,OI311P7900,OI311P7900,262.0,0.0,0.0,0.0,6,270.0,274.5,18,262.0,286.0,0.0,0.0,0.0,0.0,112
2023-05-09 22:00:04,OI311P7900,OI311P7900,262.0,0.0,0.0,0.0,6,270.0,274.5,24,262.0,286.0,0.0,0.0,0.0,0.0,112
2023-05-09 22:00:04,OI311P7900,OI311P7900,262.0,0.0,0.0,0.0,6,269.5,273.0,2,262.0,286.0,0.0,0.0,0.0,0.0,112
2023-05-09 22:00:05,OI311P7900,OI311P7900,262.0,0.0,0.0,0.0,18,269.5,273.0,14,262.0,286.0,0.0,0.0,0.0,0.0,112
2023-05-09 22:00:05,OI311P7900,OI311P7900,262.0,0.0,0.0,0.0,6,269.5,273.0,14,262.0,286.0,0.0,0.0,0.0,0.0,112
2023-05-09 22:00:06,OI311P7900,OI311P7900,262.0,0.0,0.0,0.0,12,269.5,273.0,20,262.0,286.0,0.0,0.0,0.0,0.0,112
2023-05-09 22:00:10,OI311P7900,OI311P7900,262.0,0.0,0.0,0.0,6,269.5,273.0,20,262.0,286.0,0.0,0.0,0.0,0.0,112
2023-05-09 22:00:10,OI311P7900,OI311P7900,262.0,0.0,0.0,0.0,12,269.0,273.0,20,262.0,286.0,0.0,0.0,0.0,0.0,112
2023-05-09 22:00:11,OI311P7900,OI311P7900,262.0,0.0,0.0,0.0,24,268.5,273.0,20,262.0,286.0,0.0,0.0,0.0,0.0,112
2023-05-09 22:00:12,OI311P7900,OI311P7900,262.0,0.0,0.0,0.0,24,268.5,273.0,14,262.0,286.0,0.0,0.0,0.0,0.0,112
2023-05-09 22:00:12,OI311P7900,OI311P7900,262.0,0.0,0.0,0.0,18,268.5,273.0,14,262.0,286.0,0.0,0.0,0.0,0.0,112
2023-05-09 22:00:14,OI311P7900,OI311P7900,262.0,0.0,0.0,0.0,24,268.5,273.0,14,262.0,286.0,0.0,0.0,0.0,0.0,112
2023-05-09 22:00:21,OI311P7900,OI311P7900,262.0,0.0,0.0,0.0,18,268.5,273.0,14,262.0,286.0,0.0,0.0,0.0,0.0,112
2023-05-09 22:00:22,OI311P7900,OI311P7900,262.0,0.0,0.0,0.0,24,268.5,273.0,14,262.0,286.0,0.0,0.0,0.0,0.0,112
2023-05-09 22:00:31,OI311P7900,OI311P7900,262.0,0.0,0.0,0.0,18,268.5,273.0,14,262.0,286.0,0.0,0.0,0.0,0.0,112
2023-05-09 22:00:32,OI311P7900,OI311P7900,262.0,0.0,0.0,0.0,6,268.5,273.0,8,262.0,286.0,0.0,0.0,0.0,0.0,112
2023-05-09 22:00:32,OI311P7900,OI311P7900,262.0,0.0,0.0,0.0,32,268.0,273.0,2,262.0,286.0,0.0,0.0,0.0,0.0,112
2023-05-09 22:00:33,OI311P7900,OI311P7900,262.0,0.0,0.0,0.0,32,268.0,273.0,20,262.0,286.0,0.0,0.0,0.0,0.0,112
2023-05-09 22:00:33,OI311P7900,OI311P7900,262.0,0.0,0.0,0.0,20,268.0,273.0,26,262.0,286.0,0.0,0.0,0.0,0.0,112
2023-05-09 22:00:36,OI311P7900,OI311P7900,262.0,0.0,0.0,0.0,20,268.0,273.0,20,262.0,286.0,0.0,0.0,0.0,0.0,112
2023-05-09 22:00:37,OI311P7900,OI311P7900,262.0,0.0,0.0,0.0,20,268.0,273.0,26,262.0,286.0,0.0,0.0,0.0,0.0,112
2023-05-09 22:00:38,OI311P7900,OI311P7900,262.0,0.0,0.0,0.0,20,268.0,273.0,20,262.0,286.0,0.0,0.0,0.0,0.0,112
2023-05-09 22:00:39,OI311P7900,OI311P7900,262.0,0.0,0.0,0.0,26,268.0,273.0,14,262.0,286.0,0.0,0.0,0.0,0.0,112
2023-05-09 22:00:40,OI311P7900,OI311P7900,262.0,0.0,0.0,0.0,26,268.0,273.0,20,262.0,286.0,0.0,0.0,0.0,0.0,112
2023-05-09 22:00:41,OI311P7900,OI311P7900,262.0,0.0,0.0,0.0,26,268.0,273.0,14,262.0,286.0,0.0,0.0,0.0,0.0,112
2023-05-09 22:00:43,OI311P7900,OI311P7900,262.0,0.0,0.0,0.0,26,268.0,273.0,8,262.0,286.0,0.0,0.0,0.0,0.0,112
2023-05-09 22:00:47,OI311P7900,OI311P7900,262.0,0.0,0.0,0.0,26,268.0,273.0,14,262.0,286.0,0.0,0.0,0.0,0.0,112
2023-05-09 22:00:48,OI311P7900,OI311P7900,262.0,0.0,0.0,0.0,26,268.0,273.0,8,262.0,286.0,0.0,0.0,0.0,0.0,112
2023-05-09 22:00:59,OI311P7900,OI311P7900,262.0,0.0,0.0,0.0,26,268.0,273.0,2,262.0,286.0,0.0,0.0,0.0,0.0,112
2023-05-09 22:01:04,OI311P7900,OI311P7900,262.0,0.0,0.0,0.0,6,269.0,273.0,2,262.0,286.0,0.0,0.0,0.0,0.0,112
2023-05-09 22:01:04,OI311P7900,OI311P7900,262.0,0.0,0.0,0.0,18,269.0,273.0,2,262.0,286.0,0.0,0.0,0.0,0.0,112
2023-05-09 22:01:05,OI311P7900,OI311P7900,262.0,0.0,0.0,0.0,2,269.5,273.0,2,262.0,286.0,0.0,0.0,0.0,0.0,112
2023-05-09 22:01:08,OI311P7900,OI311P7900,262.0,0.0,0.0,0.0,8,269.5,273.0,6,262.0,286.0,0.0,0.0,0.0,0.0,112
2023-05-09 22:01:08,OI311P7900,OI311P7900,262.0,0.0,0.0,0.0,14,269.5,273.5,6,262.0,286.0,0.0,0.0,0.0,0.0,112
2023-05-09 22:01:09,OI311P7900,OI311P7900,262.0,0.0,0.0,0.0,6,270.0,274.0,6,262.0,286.0,0.0,0.0,0.0,0.0,112
2023-05-09 22:01:10,OI311P7900,OI311P7900,262.0,0.0,0.0,0.0,2,271.5,274.0,6,262.0,286.0,0.0,0.0,0.0,0.0,112
2023-05-09 22:01:10,OI311P7900,OI311P7900,262.0,0.0,0.0,0.0,14,271.5,275.0,14,262.0,286.0,0.0,0.0,0.0,0.0,112
2023-05-09 22:01:11,OI311P7900,OI311P7900,262.0,0.0,0.0,0.0,20,271.5,274.5,6,262.0,286.0,0.0,0.0,0.0,0.0,112
2023-05-09 22:01:11,OI311P7900,OI311P7900,262.0,0.0,0.0,0.0,20,271.5,275.0,8,262.0,286.0,0.0,0.0,0.0,0.0,112
2023-05-09 22:01:12,OI311P7900,OI311P7900,262.0,0.0,0.0,0.0,20,271.5,275.0,14,262.0,286.0,0.0,0.0,0.0,0.0,112
2023-05-09 22:01:12,OI311P7900,OI311P7900,262.0,0.0,0.0,0.0,20,271.5,275.0,8,262.0,286.0,0.0,0.0,0.0,0.0,112
2023-05-09 22:01:13,OI311P7900,OI311P7900,262.0,0.0,0.0,0.0,20,271.5,275.5,12,262.0,286.0,0.0,0.0,0.0,0.0,112
2023-05-09 22:01:14,OI311P7900,OI311P7900,262.0,0.0,0.0,0.0,20,271.5,275.5,6,262.0,286.0,0.0,0.0,0.0,0.0,112
2023-05-09 22:01:14,OI311P7900,OI311P7900,262.0,0.0,0.0,0.0,14,271.5,276.0,18,262.0,286.0,0.0,0.0,0.0,0.0,112
2023-05-09 22:01:15,OI311P7900,OI311P7900,262.0,0.0,0.0,0.0,8,271.5,276.0,18,262.0,286.0,0.0,0.0,0.0,0.0,112
2023-05-09 22:01:15,OI311P7900,OI311P7900,262.0,0.0,0.0,0.0,14,271.5,276.0,6,262.0,286.0,0.0,0.0,0.0,0.0,112
2023-05-09 22:01:16,OI311P7900,OI311P7900,262.0,0.0,0.0,0.0,14,271.5,276.5,20,262.0,286.0,0.0,0.0,0.0,0.0,112
2023-05-09 22:01:17,OI311P7900,OI311P7900,262.0,0.0,0.0,0.0,14,271.5,276.5,14,262.0,286.0,0.0,0.0,0.0,0.0,112
2023-05-09 22:01:20,OI311P7900,OI311P7900,262.0,0.0,0.0,0.0,14,271.5,276.5,20,262.0,286.0,0.0,0.0,0.0,0.0,112
2023-05-09 22:01:22,OI311P7900,OI311P7900,262.0,0.0,0.0,0.0,14,271.5,276.5,14,262.0,286.0,0.0,0.0,0.0,0.0,112
2023-05-09 22:01:33,OI311P7900,OI311P7900,262.0,0.0,0.0,0.0,14,271.5,276.5,20,262.0,286.0,0.0,0.0,0.0,0.0,112
2023-05-09 22:01:38,OI311P7900,OI311P7900,262.0,0.0,0.0,0.0,14,271.5,275.5,6,262.0,286.0,0.0,0.0,0.0,0.0,112
2023-05-09 22:01:39,OI311P7900,OI311P7900,262.0,0.0,0.0,0.0,20,271.5,275.5,12,262.0,286.0,0.0,0.0,0.0,0.0,112
2023-05-09 22:02:00,OI311P7900,OI311P7900,262.0,0.0,0.0,0.0,14,271.5,275.5,18,262.0,286.0,0.0,0.0,0.0,0.0,112
2023-05-09 22:02:06,OI311P7900,OI311P7900,262.0,0.0,0.0,0.0,14,271.5,275.5,12,262.0,286.0,0.0,0.0,0.0,0.0,112
2023-05-09 22:02:06,OI311P7900,OI311P7900,262.0,0.0,0.0,0.0,20,271.5,275.5,12,262.0,286.0,0.0,0.0,0.0,0.0,112
2023-05-09 22:02:24,OI311P7900,OI311P7900,262.0,0.0,0.0,0.0,20,271.5,275.5,6,262.0,286.0,0.0,0.0,0.0,0.0,112
2023-05-09 22:02:24,OI311P7900,OI311P7900,262.0,0.0,0.0,0.0,14,271.5,276.0,24,262.0,286.0,0.0,0.0,0.0,0.0,112
2023-05-09 22:02:25,OI311P7900,OI311P7900,262.0,0.0,0.0,0.0,14,271.5,276.0,18,262.0,286.0,0.0,0.0,0.0,0.0,112
2023-05-09 22:02:40,OI311P7900,OI311P7900,262.0,0.0,0.0,0.0,14,271.5,276.0,12,262.0,286.0,0.0,0.0,0.0,0.0,112
2023-05-09 22:02:40,OI311P7900,OI311P7900,262.0,0.0,0.0,0.0,20,271.5,276.5,26,262.0,286.0,0.0,0.0,0.0,0.0,112
2023-05-09 22:02:41,OI311P7900,OI311P7900,262.0,0.0,0.0,0.0,14,271.5,276.5,26,262.0,286.0,0.0,0.0,0.0,0.0,112
2023-05-09 22:02:42,OI311P7900,OI311P7900,262.0,0.0,0.0,0.0,14,271.5,276.5,20,262.0,286.0,0.0,0.0,0.0,0.0,112
2023-05-09 22:02:51,OI311P7900,OI311P7900,262.0,0.0,0.0,0.0,14,271.5,276.5,26,262.0,286.0,0.0,0.0,0.0,0.0,112
2023-05-09 22:02:51,OI311P7900,OI311P7900,262.0,0.0,0.0,0.0,14,271.5,276.5,32,262.0,286.0,0.0,0.0,0.0,0.0,112
2023-05-09 22:02:57,OI311P7900,OI311P7900,262.0,0.0,0.0,0.0,14,271.5,276.5,26,262.0,286.0,0.0,0.0,0.0,0.0,112
2023-05-09 22:02:57,OI311P7900,OI311P7900,262.0,0.0,0.0,0.0,14,271.5,276.5,20,262.0,286.0,0.0,0.0,0.0,0.0,112
2023-05-09 22:02:58,OI311P7900,OI311P7900,262.0,0.0,0.0,0.0,14,271.5,276.5,26,262.0,286.0,0.0,0.0,0.0,0.0,112
2023-05-09 22:03:02,OI311P7900,OI311P7900,262.0,0.0,0.0,0.0,14,271.5,276.5,20,262.0,286.0,0.0,0.0,0.0,0.0,112
2023-05-09 22:03:08,OI311P7900,OI311P7900,262.0,0.0,0.0,0.0,14,271.5,276.5,26,262.0,286.0,0.0,0.0,0.0,0.0,112
2023-05-09 22:03:10,OI311P7900,OI311P7900,262.0,0.0,0.0,0.0,14,271.5,276.5,20,262.0,286.0,0.0,0.0,0.0,0.0,112
2023-05-09 22:03:10,OI311P7900,OI311P7900,262.0,0.0,0.0,0.0,20,271.5,276.5,20,262.0,286.0,0.0,0.0,0.0,0.0,112
2023-05-09 22:03:17,OI311P7900,OI311P7900,262.0,0.0,0.0,0.0,14,271.5,276.5,26,262.0,286.0,0.0,0.0,0.0,0.0,112
2023-05-09 22:03:18,OI311P7900,OI311P7900,262.0,0.0,0.0,0.0,14,271.5,276.5,32,262.0,286.0,0.0,0.0,0.0,0.0,112
2023-05-09 22:03:19,OI311P7900,OI311P7900,262.0,0.0,0.0,0.0,14,271.5,276.5,26,262.0,286.0,0.0,0.0,0.0,0.0,112
2023-05-09 22:03:21,OI311P7900,OI311P7900,262.0,0.0,0.0,0.0,6,272.0,276.5,20,262.0,286.0,0.0,0.0,0.0,0.0,112
2023-05-09 22:03:26,OI311P7900,OI311P7900,262.0,0.0,0.0,0.0,6,272.0,276.5,26,262.0,286.0,0.0,0.0,0.0,0.0,112
2023-05-09 22:03:30,OI311P7900,OI311P7900,262.0,0.0,0.0,0.0,6,272.0,276.5,20,262.0,286.0,0.0,0.0,0.0,0.0,112
2023-05-09 22:03:35,OI311P7900,OI311P7900,262.0,0.0,0.0,0.0,32,271.5,276.5,20,262.0,286.0,0.0,0.0,0.0,0.0,112
2023-05-09 22:03:35,OI311P7900,OI311P7900,262.0,0.0,0.0,0.0,32,271.5,276.5,14,262.0,286.0,0.0,0.0,0.0,0.0,112
2023-05-09 22:03:36,OI311P7900,OI311P7900,262.0,0.0,0.0,0.0,26,271.5,276.5,14,262.0,286.0,0.0,0.0,0.0,0.0,112
2023-05-09 22:03:40,OI311P7900,OI311P7900,262.0,0.0,0.0,0.0,38,271.5,276.5,2,262.0,286.0,0.0,0.0,0.0,0.0,112
2023-05-09 22:03:42,OI311P7900,OI311P7900,262.0,0.0,0.0,0.0,44,271.5,276.5,2,262.0,286.0,0.0,0.0,0.0,0.0,112
2023-05-09 22:03:44,OI311P7900,OI311P7900,262.0,0.0,0.0,0.0,2,273.0,276.5,2,262.0,286.0,0.0,0.0,0.0,0.0,112
2023-05-09 22:03:47,OI311P7900,OI311P7900,262.0,0.0,0.0,0.0,2,273.0,277.0,6,262.0,286.0,0.0,0.0,0.0,0.0,112
2023-05-09 22:03:48,OI311P7900,OI311P7900,262.0,0.0,0.0,0.0,2,273.0,278.0,38,262.0,286.0,0.0,0.0,0.0,0.0,112
2023-05-09 22:03:48,OI311P7900,OI311P7900,262.0,0.0,0.0,0.0,2,273.0,277.5,6,262.0,286.0,0.0,0.0,0.0,0.0,112
2023-05-09 22:03:49,OI311P7900,OI311P7900,262.0,0.0,0.0,0.0,2,273.0,278.0,44,262.0,286.0,0.0,0.0,0.0,0.0,112
2023-05-09 22:03:51,OI311P7900,OI311P7900,262.0,0.0,0.0,0.0,2,273.0,278.0,38,262.0,286.0,0.0,0.0,0.0,0.0,112
2023-05-09 22:04:09,OI311P7900,OI311P7900,262.0,0.0,0.0,0.0,2,273.0,277.0,6,262.0,286.0,0.0,0.0,0.0,0.0,112
2023-05-09 22:04:09,OI311P7900,OI311P7900,262.0,0.0,0.0,0.0,2,273.0,277.0,18,262.0,286.0,0.0,0.0,0.0,0.0,112
2023-05-09 22:04:22,OI311P7900,OI311P7900,262.0,0.0,0.0,0.0,2,273.0,277.0,6,262.0,286.0,0.0,0.0,0.0,0.0,112
2023-05-09 22:04:29,OI311P7900,OI311P7900,262.0,0.0,0.0,0.0,2,273.0,277.0,12,262.0,286.0,0.0,0.0,0.0,0.0,112
2023-05-09 22:04:30,OI311P7900,OI311P7900,262.0,0.0,0.0,0.0,2,273.0,277.0,18,262.0,286.0,0.0,0.0,0.0,0.0,112
2023-05-09 22:05:05,OI311P7900,OI311P7900,262.0,0.0,0.0,0.0,2,273.0,277.0,24,262.0,286.0,0.0,0.0,0.0,0.0,112
2023-05-09 22:05:28,OI311P7900,OI311P7900,262.0,0.0,0.0,0.0,2,273.0,277.0,18,262.0,286.0,0.0,0.0,0.0,0.0,112
2023-05-09 22:05:47,OI311P7900,OI311P7900,262.0,0.0,0.0,0.0,2,273.0,276.5,2,262.0,286.0,0.0,0.0,0.0,0.0,112
2023-05-09 22:06:04,OI311P7900,OI311P7900,262.0,0.0,0.0,0.0,2,273.0,277.0,12,262.0,286.0,0.0,0.0,0.0,0.0,112
2023-05-09 22:06:05,OI311P7900,OI311P7900,262.0,0.0,0.0,0.0,2,273.0,277.0,6,262.0,286.0,0.0,0.0,0.0,0.0,112
2023-05-09 22:06:05,OI311P7900,OI311P7900,262.0,0.0,0.0,0.0,2,273.0,277.5,18,262.0,286.0,0.0,0.0,0.0,0.0,112
2023-05-09 22:06:06,OI311P7900,OI311P7900,262.0,0.0,0.0,0.0,2,273.0,277.5,6,262.0,286.0,0.0,0.0,0.0,0.0,112
2023-05-09 22:06:07,OI311P7900,OI311P7900,262.0,0.0,0.0,0.0,2,273.0,278.0,38,262.0,286.0,0.0,0.0,0.0,0.0,112
2023-05-09 22:06:08,OI311P7900,OI311P7900,262.0,0.0,0.0,0.0,8,273.0,278.0,26,262.0,286.0,0.0,0.0,0.0,0.0,112
2023-05-09 22:06:20,OI311P7900,OI311P7900,262.0,0.0,0.0,0.0,8,273.0,278.0,32,262.0,286.0,0.0,0.0,0.0,0.0,112
2023-05-09 22:06:54,OI311P7900,OI311P7900,262.0,0.0,0.0,0.0,2,273.0,278.0,38,262.0,286.0,0.0,0.0,0.0,0.0,112
2023-05-09 22:06:56,OI311P7900,OI311P7900,262.0,0.0,0.0,0.0,2,273.0,277.0,18,262.0,286.0,0.0,0.0,0.0,0.0,112
2023-05-09 22:06:56,OI311P7900,OI311P7900,262.0,0.0,0.0,0.0,2,273.0,277.0,24,262.0,286.0,0.0,0.0,0.0,0.0,112
2023-05-09 22:06:59,OI311P7900,OI311P7900,262.0,0.0,0.0,0.0,2,273.0,276.5,2,262.0,286.0,0.0,0.0,0.0,0.0,112
2023-05-09 22:06:59,OI311P7900,OI311P7900,262.0,0.0,0.0,0.0,2,273.0,276.5,8,262.0,286.0,0.0,0.0,0.0,0.0,112
2023-05-09 22:07:00,OI311P7900,OI311P7900,262.0,0.0,0.0,0.0,2,273.0,276.5,14,262.0,286.0,0.0,0.0,0.0,0.0,112
2023-05-09 22:07:00,OI311P7900,OI311P7900,262.0,0.0,0.0,0.0,2,273.0,276.5,20,262.0,286.0,0.0,0.0,0.0,0.0,112
2023-05-09 22:07:05,OI311P7900,OI311P7900,262.0,0.0,0.0,0.0,2,273.0,276.5,14,262.0,286.0,0.0,0.0,0.0,0.0,112
2023-05-09 22:07:16,OI311P7900,OI311P7900,262.0,0.0,0.0,0.0,2,273.0,276.5,6,262.0,286.0,0.0,0.0,0.0,0.0,112
2023-05-09 22:07:17,OI311P7900,OI311P7900,262.0,0.0,0.0,0.0,2,273.0,277.0,6,262.0,286.0,0.0,0.0,0.0,0.0,112
2023-05-09 22:07:20,OI311P7900,OI311P7900,262.0,0.0,0.0,0.0,2,273.0,278.0,32,262.0,286.0,0.0,0.0,0.0,0.0,112
2023-05-09 22:07:21,OI311P7900,OI311P7900,262.0,0.0,0.0,0.0,2,273.0,278.0,38,262.0,286.0,0.0,0.0,0.0,0.0,112
2023-05-09 22:07:39,OI311P7900,OI311P7900,262.0,0.0,0.0,0.0,2,273.0,278.0,32,262.0,286.0,0.0,0.0,0.0,0.0,112
2023-05-09 22:07:51,OI311P7900,OI311P7900,262.0,0.0,0.0,0.0,2,273.0,278.0,26,262.0,286.0,0.0,0.0,0.0,0.0,112
2023-05-09 22:08:03,OI311P7900,OI311P7900,262.0,0.0,0.0,0.0,8,273.0,278.0,26,262.0,286.0,0.0,0.0,0.0,0.0,112
2023-05-09 22:08:03,OI311P7900,OI311P7900,262.0,0.0,0.0,0.0,20,273.0,278.0,20,262.0,286.0,0.0,0.0,0.0,0.0,112
