time,symbol_id,symbol_name,last,trade_volume,trade_amount,open_interest_change,bv1,bp1,ap1,av1,yesterday_close,today_open,today_high,today_low,volume,amount,open_interest
2023-05-09 19:10:58,OI311C11000,菜籽油2311购11000,10.5,0.0,0.0,0.0,0,0.0,0.0,0,10.5,0.0,0.0,0.0,0.0,0.0,54
2023-05-09 20:59:00,OI311C11000,菜籽油2311购11000,10.5,0.0,0.0,0.0,1,0.5,0.0,0,10.5,0.0,0.0,0.0,0.0,0.0,54
2023-05-09 21:00:00,OI311C11000,菜籽油2311购11000,10.5,0.0,0.0,0.0,2,12.0,0.0,0,10.5,0.0,0.0,0.0,0.0,0.0,54
2023-05-09 21:00:15,OI311C11000,菜籽油2311购11000,10.5,0.0,0.0,0.0,2,12.0,181.5,2,10.5,0.0,0.0,0.0,0.0,0.0,54
2023-05-09 21:00:53,OI311C11000,菜籽油2311购11000,10.5,0.0,0.0,0.0,2,12.0,181.5,3,10.5,0.0,0.0,0.0,0.0,0.0,54
2023-05-09 21:00:53,OI311C11000,菜籽油2311购11000,10.5,0.0,0.0,0.0,1,10.5,181.5,1,10.5,0.0,0.0,0.0,0.0,0.0,54
2023-05-09 21:01:13,OI311C11000,菜籽油2311购11000,10.5,0.0,0.0,0.0,1,10.5,18.0,2,10.5,0.0,0.0,0.0,0.0,0.0,54
2023-05-09 21:01:17,OI311C11000,菜籽油2311购11000,10.5,0.0,0.0,0.0,2,15.5,18.0,2,10.5,0.0,0.0,0.0,0.0,0.0,54
2023-05-09 21:01:45,OI311C11000,菜籽油2311购11000,10.5,0.0,0.0,0.0,2,15.5,17.5,2,10.5,0.0,0.0,0.0,0.0,0.0,54
2023-05-09 21:02:23,OI311C11000,菜籽油2311购11000,10.5,0.0,0.0,0.0,2,15.5,17.0,2,10.5,0.0,0.0,0.0,0.0,0.0,54
2023-05-09 21:13:28,OI311C11000,菜籽油2311购11000,10.5,0.0,0.0,0.0,2,16.0,17.0,2,10.5,0.0,0.0,0.0,0.0,0.0,54
2023-05-09 21:30:27,OI311C11000,菜籽油2311购11000,10.5,0.0,0.0,0.0,2,15.5,17.0,2,10.5,0.0,0.0,0.0,0.0,0.0,54
2023-05-09 21:32:14,OI311C11000,菜籽油2311购11000,10.5,0.0,0.0,0.0,2,15.5,16.5,2,10.5,0.0,0.0,0.0,0.0,0.0,54
2023-05-09 21:58:06,OI311C11000,菜籽油2311购11000,10.5,0.0,0.0,0.0,2,15.5,17.0,2,10.5,0.0,0.0,0.0,0.0,0.0,54
2023-05-09 21:59:42,OI311C11000,菜籽油2311购11000,10.5,0.0,0.0,0.0,2,16.0,17.0,2,10.5,0.0,0.0,0.0,0.0,0.0,54
2023-05-09 22:08:03,OI311C11000,菜籽油2311购11000,10.5,0.0,0.0,0.0,2,15.5,17.0,2,10.5,0.0,0.0,0.0,0.0,0.0,54
2023-05-09 22:12:10,OI311C11000,菜籽油2311购11000,10.5,0.0,0.0,0.0,2,15.5,16.5,2,10.5,0.0,0.0,0.0,0.0,0.0,54
2023-05-09 22:22:28,OI311C11000,菜籽油2311购11000,10.5,0.0,0.0,0.0,1,10.5,16.5,2,10.5,0.0,0.0,0.0,0.0,0.0,54
2023-05-09 22:22:33,OI311C11000,菜籽油2311购11000,10.5,0.0,0.0,0.0,2,15.0,16.5,2,10.5,0.0,0.0,0.0,0.0,0.0,54
2023-05-09 22:23:33,OI311C11000,菜籽油2311购11000,10.5,0.0,0.0,0.0,2,15.5,16.5,2,10.5,0.0,0.0,0.0,0.0,0.0,54
2023-05-09 22:26:06,OI311C11000,菜籽油2311购11000,10.5,0.0,0.0,0.0,2,15.5,17.0,2,10.5,0.0,0.0,0.0,0.0,0.0,54
2023-05-09 22:28:03,OI311C11000,菜籽油2311购11000,10.5,0.0,0.0,0.0,2,15.5,16.5,2,10.5,0.0,0.0,0.0,0.0,0.0,54
2023-05-09 22:35:34,OI311C11000,菜籽油2311购11000,10.5,0.0,0.0,0.0,2,15.0,16.5,2,10.5,0.0,0.0,0.0,0.0,0.0,54
2023-05-09 22:36:58,OI311C11000,菜籽油2311购11000,10.5,0.0,0.0,0.0,2,14.5,16.5,2,10.5,0.0,0.0,0.0,0.0,0.0,54
2023-05-09 22:37:02,OI311C11000,菜籽油2311购11000,10.5,0.0,0.0,0.0,2,14.5,16.0,2,10.5,0.0,0.0,0.0,0.0,0.0,54
2023-05-09 22:56:06,OI311C11000,菜籽油2311购11000,10.5,0.0,0.0,0.0,1,10.5,181.5,1,10.5,0.0,0.0,0.0,0.0,0.0,54
2023-05-09 22:56:06,OI311C11000,菜籽油2311购11000,10.5,0.0,0.0,0.0,1,10.5,111.0,1,10.5,0.0,0.0,0.0,0.0,0.0,54
2023-05-09 22:56:06,OI311C11000,菜籽油2311购11000,10.5,0.0,0.0,0.0,1,10.5,109.5,1,10.5,0.0,0.0,0.0,0.0,0.0,54
2023-05-09 22:56:07,OI311C11000,菜籽油2311购11000,10.5,0.0,0.0,0.0,1,10.5,40.5,1,10.5,0.0,0.0,0.0,0.0,0.0,54
2023-05-09 22:56:40,OI311C11000,菜籽油2311购11000,10.5,0.0,0.0,0.0,1,1.5,0.0,0,10.5,0.0,0.0,0.0,0.0,0.0,54
2023-05-09 22:56:40,OI311C11000,菜籽油2311购11000,10.5,0.0,0.0,0.0,2,2.0,0.0,0,10.5,0.0,0.0,0.0,0.0,0.0,54
2023-05-09 22:56:40,OI311C11000,菜籽油2311购11000,10.5,0.0,0.0,0.0,1,1.5,0.0,0,10.5,0.0,0.0,0.0,0.0,0.0,54
2023-05-09 22:56:40,OI311C11000,菜籽油2311购11000,10.5,0.0,0.0,0.0,2,2.0,0.0,0,10.5,0.0,0.0,0.0,0.0,0.0,54
2023-05-09 22:56:43,OI311C11000,菜籽油2311购11000,10.5,0.0,0.0,0.0,2,2.0,672.0,1,10.5,0.0,0.0,0.0,0.0,0.0,54
2023-05-09 22:56:54,OI311C11000,菜籽油2311购11000,10.5,0.0,0.0,0.0,2,2.0,666.5,1,10.5,0.0,0.0,0.0,0.0,0.0,54
2023-05-09 22:56:54,OI311C11000,菜籽油2311购11000,10.5,0.0,0.0,0.0,2,2.0,665.0,1,10.5,0.0,0.0,0.0,0.0,0.0,54
2023-05-09 22:57:08,OI311C11000,菜籽油2311购11000,10.5,0.0,0.0,0.0,1,1.5,665.0,1,10.5,0.0,0.0,0.0,0.0,0.0,54
2023-05-09 22:59:53,OI311C11000,菜籽油2311购11000,10.5,0.0,0.0,0.0,1,1.5,0.0,0,10.5,0.0,0.0,0.0,0.0,0.0,54
2023-05-10 09:00:01,OI311C11000,菜籽油2311购11000,10.5,0.0,0.0,0.0,1,11.0,0.0,0,10.5,0.0,0.0,0.0,0.0,0.0,54
2023-05-10 09:00:09,OI311C11000,菜籽油2311购11000,10.5,0.0,0.0,0.0,1,11.0,179.0,1,10.5,0.0,0.0,0.0,0.0,0.0,54
2023-05-10 09:01:25,OI311C11000,菜籽油2311购11000,10.5,0.0,0.0,0.0,2,14.5,179.0,1,10.5,0.0,0.0,0.0,0.0,0.0,54
2023-05-10 09:01:25,OI311C11000,菜籽油2311购11000,10.5,0.0,0.0,0.0,2,14.5,109.0,2,10.5,0.0,0.0,0.0,0.0,0.0,54
2023-05-10 09:01:26,OI311C11000,菜籽油2311购11000,10.5,0.0,0.0,0.0,2,14.5,107.5,1,10.5,0.0,0.0,0.0,0.0,0.0,54
2023-05-10 09:01:27,OI311C11000,菜籽油2311购11000,10.5,0.0,0.0,0.0,2,14.5,39.0,2,10.5,0.0,0.0,0.0,0.0,0.0,54
2023-05-10 09:01:32,OI311C11000,菜籽油2311购11000,10.5,0.0,0.0,0.0,2,15.0,17.0,2,10.5,0.0,0.0,0.0,0.0,0.0,54
2023-05-10 09:03:02,OI311C11000,菜籽油2311购11000,10.5,0.0,0.0,0.0,2,15.5,17.0,2,10.5,0.0,0.0,0.0,0.0,0.0,54
2023-05-10 09:06:29,OI311C11000,菜籽油2311购11000,10.5,0.0,0.0,0.0,2,16.0,17.0,2,10.5,0.0,0.0,0.0,0.0,0.0,54
2023-05-10 09:07:46,OI311C11000,菜籽油2311购11000,10.5,0.0,0.0,0.0,2,16.0,180.5,1,10.5,0.0,0.0,0.0,0.0,0.0,54
2023-05-10 09:07:47,OI311C11000,菜籽油2311购11000,10.5,0.0,0.0,0.0,2,16.0,179.0,1,10.5,0.0,0.0,0.0,0.0,0.0,54
2023-05-10 09:07:47,OI311C11000,菜籽油2311购11000,10.5,0.0,0.0,0.0,2,16.0,17.5,2,10.5,0.0,0.0,0.0,0.0,0.0,54
2023-05-10 09:18:41,OI311C11000,菜籽油2311购11000,10.5,0.0,0.0,0.0,2,16.5,17.5,2,10.5,0.0,0.0,0.0,0.0,0.0,54
2023-05-10 09:19:09,OI311C11000,菜籽油2311购11000,10.5,0.0,0.0,0.0,2,16.5,18.0,2,10.5,0.0,0.0,0.0,0.0,0.0,54
2023-05-10 09:20:02,OI311C11000,菜籽油2311购11000,10.5,0.0,0.0,0.0,2,16.5,17.5,2,10.5,0.0,0.0,0.0,0.0,0.0,54
2023-05-10 09:43:16,OI311C11000,菜籽油2311购11000,10.5,0.0,0.0,0.0,2,16.0,17.5,2,10.5,0.0,0.0,0.0,0.0,0.0,54
2023-05-10 09:51:45,OI311C11000,菜籽油2311购11000,10.5,0.0,0.0,0.0,2,16.5,17.5,2,10.5,0.0,0.0,0.0,0.0,0.0,54
2023-05-10 09:55:10,OI311C11000,菜籽油2311购11000,10.5,0.0,0.0,0.0,2,16.0,17.5,2,10.5,0.0,0.0,0.0,0.0,0.0,54
2023-05-10 10:00:44,OI311C11000,菜籽油2311购11000,10.5,0.0,0.0,0.0,2,16.5,17.5,2,10.5,0.0,0.0,0.0,0.0,0.0,54
2023-05-10 10:07:42,OI311C11000,菜籽油2311购11000,10.5,0.0,0.0,0.0,2,16.0,17.5,2,10.5,0.0,0.0,0.0,0.0,0.0,54
2023-05-10 10:35:33,OI311C11000,菜籽油2311购11000,10.5,0.0,0.0,0.0,2,16.0,17.0,2,10.5,0.0,0.0,0.0,0.0,0.0,54
2023-05-10 10:39:22,OI311C11000,菜籽油2311购11000,10.5,0.0,0.0,0.0,2,15.5,17.0,2,10.5,0.0,0.0,0.0,0.0,0.0,54
2023-05-10 10:48:28,OI311C11000,菜籽油2311购11000,10.5,0.0,0.0,0.0,2,15.5,16.5,2,10.5,0.0,0.0,0.0,0.0,0.0,54
2023-05-10 11:21:29,OI311C11000,菜籽油2311购11000,10.5,0.0,0.0,0.0,2,15.0,16.5,2,10.5,0.0,0.0,0.0,0.0,0.0,54
2023-05-10 11:25:50,OI311C11000,菜籽油2311购11000,10.5,0.0,0.0,0.0,2,15.0,16.0,2,10.5,0.0,0.0,0.0,0.0,0.0,54
2023-05-10 11:29:35,OI311C11000,菜籽油2311购11000,10.5,0.0,0.0,0.0,1,11.0,110.5,1,10.5,0.0,0.0,0.0,0.0,0.0,54
2023-05-10 11:29:42,OI311C11000,菜籽油2311购11000,10.5,0.0,0.0,0.0,1,2.0,0.0,0,10.5,0.0,0.0,0.0,0.0,0.0,54
2023-05-10 13:30:34,OI311C11000,菜籽油2311购11000,10.5,0.0,0.0,0.0,2,12.0,0.0,0,10.5,0.0,0.0,0.0,0.0,0.0,54
2023-05-10 13:30:39,OI311C11000,菜籽油2311购11000,10.5,0.0,0.0,0.0,2,12.0,672.0,1,10.5,0.0,0.0,0.0,0.0,0.0,54
2023-05-10 13:30:41,OI311C11000,菜籽油2311购11000,10.5,0.0,0.0,0.0,2,12.0,180.5,2,10.5,0.0,0.0,0.0,0.0,0.0,54
2023-05-10 13:30:42,OI311C11000,菜籽油2311购11000,10.5,0.0,0.0,0.0,2,12.0,138.0,2,10.5,0.0,0.0,0.0,0.0,0.0,54
2023-05-10 13:30:45,OI311C11000,菜籽油2311购11000,10.5,0.0,0.0,0.0,2,12.0,95.5,2,10.5,0.0,0.0,0.0,0.0,0.0,54
2023-05-10 13:30:47,OI311C11000,菜籽油2311购11000,10.5,0.0,0.0,0.0,2,12.0,53.0,2,10.5,0.0,0.0,0.0,0.0,0.0,54
2023-05-10 13:30:52,OI311C11000,菜籽油2311购11000,10.5,0.0,0.0,0.0,1,2.0,0.0,0,10.5,0.0,0.0,0.0,0.0,0.0,54
2023-05-10 13:30:52,OI311C11000,菜籽油2311购11000,10.5,0.0,0.0,0.0,1,2.0,672.0,1,10.5,0.0,0.0,0.0,0.0,0.0,54
2023-05-10 13:31:01,OI311C11000,菜籽油2311购11000,10.5,0.0,0.0,0.0,2,14.5,672.0,1,10.5,0.0,0.0,0.0,0.0,0.0,54
2023-05-10 13:31:02,OI311C11000,菜籽油2311购11000,10.5,0.0,0.0,0.0,2,14.5,16.0,2,10.5,0.0,0.0,0.0,0.0,0.0,54
2023-05-10 13:55:07,OI311C11000,菜籽油2311购11000,10.5,0.0,0.0,0.0,2,15.0,16.0,2,10.5,0.0,0.0,0.0,0.0,0.0,54
2023-05-10 14:18:20,OI311C11000,菜籽油2311购11000,10.5,0.0,0.0,0.0,2,15.0,16.5,2,10.5,0.0,0.0,0.0,0.0,0.0,54
2023-05-10 14:31:32,OI311C11000,菜籽油2311购11000,10.5,0.0,0.0,0.0,2,15.0,16.0,2,10.5,0.0,0.0,0.0,0.0,0.0,54
2023-05-10 14:51:53,OI311C11000,菜籽油2311购11000,10.5,0.0,0.0,0.0,2,14.5,16.0,2,10.5,0.0,0.0,0.0,0.0,0.0,54
2023-05-10 14:55:52,OI311C11000,菜籽油2311购11000,10.5,0.0,0.0,0.0,2,14.5,15.5,2,10.5,0.0,0.0,0.0,0.0,0.0,54
2023-05-10 14:59:05,OI311C11000,菜籽油2311购11000,10.5,0.0,0.0,0.0,1,11.5,180.0,1,10.5,0.0,0.0,0.0,0.0,0.0,54
2023-05-10 14:59:05,OI311C11000,菜籽油2311购11000,10.5,0.0,0.0,0.0,1,11.5,178.5,1,10.5,0.0,0.0,0.0,0.0,0.0,54
2023-05-10 14:59:06,OI311C11000,菜籽油2311购11000,10.5,0.0,0.0,0.0,1,11.5,110.0,2,10.5,0.0,0.0,0.0,0.0,0.0,54
2023-05-10 14:59:07,OI311C11000,菜籽油2311购11000,10.5,0.0,0.0,0.0,1,11.5,108.5,1,10.5,0.0,0.0,0.0,0.0,0.0,54
2023-05-10 14:59:09,OI311C11000,菜籽油2311购11000,10.5,0.0,0.0,0.0,1,11.5,40.0,2,10.5,0.0,0.0,0.0,0.0,0.0,54
