time,symbol_id,symbol_name,last,trade_volume,trade_amount,open_interest_change,bv1,bp1,ap1,av1,yesterday_close,today_open,today_high,today_low,volume,amount,open_interest
2023-05-09 19:10:58,OI401C8100,OI401C8100,601.0,0.0,0.0,0.0,0,0.0,0.0,0,601.0,0.0,0.0,0.0,0.0,0.0,3
2023-05-09 20:59:00,OI401C8100,OI401C8100,601.0,0.0,0.0,0.0,1,1.5,0.0,0,601.0,0.0,0.0,0.0,0.0,0.0,3
2023-05-09 21:00:01,OI401C8100,OI401C8100,601.0,0.0,0.0,0.0,1,399.0,0.0,0,601.0,0.0,0.0,0.0,0.0,0.0,3
2023-05-09 21:00:03,OI401C8100,OI401C8100,601.0,0.0,0.0,0.0,1,399.0,733.0,1,601.0,0.0,0.0,0.0,0.0,0.0,3
2023-05-09 21:01:09,OI401C8100,OI401C8100,601.0,0.0,0.0,0.0,1,399.0,579.0,1,601.0,0.0,0.0,0.0,0.0,0.0,3
2023-05-09 21:01:11,OI401C8100,OI401C8100,601.0,0.0,0.0,0.0,2,405.5,579.0,1,601.0,0.0,0.0,0.0,0.0,0.0,3
2023-05-09 21:01:12,OI401C8100,OI401C8100,601.0,0.0,0.0,0.0,1,547.0,579.0,1,601.0,0.0,0.0,0.0,0.0,0.0,3
2023-05-09 21:05:13,OI401C8100,OI401C8100,601.0,0.0,0.0,0.0,1,547.0,571.0,1,601.0,0.0,0.0,0.0,0.0,0.0,3
2023-05-09 21:10:56,OI401C8100,OI401C8100,601.0,0.0,0.0,0.0,1,552.5,571.0,1,601.0,0.0,0.0,0.0,0.0,0.0,3
2023-05-09 21:13:27,OI401C8100,OI401C8100,601.0,0.0,0.0,0.0,1,552.5,579.0,1,601.0,0.0,0.0,0.0,0.0,0.0,3
2023-05-09 21:13:47,OI401C8100,OI401C8100,601.0,0.0,0.0,0.0,1,558.0,579.0,1,601.0,0.0,0.0,0.0,0.0,0.0,3
2023-05-09 21:18:45,OI401C8100,OI401C8100,601.0,0.0,0.0,0.0,1,552.5,579.0,1,601.0,0.0,0.0,0.0,0.0,0.0,3
2023-05-09 21:19:09,OI401C8100,OI401C8100,601.0,0.0,0.0,0.0,1,552.5,572.5,1,601.0,0.0,0.0,0.0,0.0,0.0,3
2023-05-09 21:20:04,OI401C8100,OI401C8100,601.0,0.0,0.0,0.0,1,546.0,572.5,1,601.0,0.0,0.0,0.0,0.0,0.0,3
2023-05-09 21:21:03,OI401C8100,OI401C8100,601.0,0.0,0.0,0.0,1,551.0,572.5,1,601.0,0.0,0.0,0.0,0.0,0.0,3
2023-05-09 21:30:22,OI401C8100,OI401C8100,601.0,0.0,0.0,0.0,1,546.0,565.5,1,601.0,0.0,0.0,0.0,0.0,0.0,3
2023-05-09 21:32:15,OI401C8100,OI401C8100,601.0,0.0,0.0,0.0,1,539.5,565.5,1,601.0,0.0,0.0,0.0,0.0,0.0,3
2023-05-09 21:32:20,OI401C8100,OI401C8100,601.0,0.0,0.0,0.0,1,539.5,559.0,1,601.0,0.0,0.0,0.0,0.0,0.0,3
2023-05-09 21:32:26,OI401C8100,OI401C8100,601.0,0.0,0.0,0.0,1,399.0,559.0,1,601.0,0.0,0.0,0.0,0.0,0.0,3
2023-05-09 21:32:26,OI401C8100,OI401C8100,601.0,0.0,0.0,0.0,2,405.5,559.0,1,601.0,0.0,0.0,0.0,0.0,0.0,3
2023-05-09 21:32:27,OI401C8100,OI401C8100,601.0,0.0,0.0,0.0,1,474.5,559.0,1,601.0,0.0,0.0,0.0,0.0,0.0,3
2023-05-09 21:32:28,OI401C8100,OI401C8100,601.0,0.0,0.0,0.0,1,535.0,559.0,1,601.0,0.0,0.0,0.0,0.0,0.0,3
2023-05-09 21:33:34,OI401C8100,OI401C8100,601.0,0.0,0.0,0.0,1,540.0,559.0,1,601.0,0.0,0.0,0.0,0.0,0.0,3
2023-05-09 21:35:13,OI401C8100,OI401C8100,601.0,0.0,0.0,0.0,1,545.5,559.0,1,601.0,0.0,0.0,0.0,0.0,0.0,3
2023-05-09 21:35:43,OI401C8100,OI401C8100,601.0,0.0,0.0,0.0,1,540.0,559.0,1,601.0,0.0,0.0,0.0,0.0,0.0,3
2023-05-09 21:45:27,OI401C8100,OI401C8100,601.0,0.0,0.0,0.0,1,533.5,559.0,1,601.0,0.0,0.0,0.0,0.0,0.0,3
2023-05-09 21:45:35,OI401C8100,OI401C8100,601.0,0.0,0.0,0.0,1,533.5,552.0,1,601.0,0.0,0.0,0.0,0.0,0.0,3
2023-05-09 21:50:13,OI401C8100,OI401C8100,601.0,0.0,0.0,0.0,1,539.0,552.0,1,601.0,0.0,0.0,0.0,0.0,0.0,3
2023-05-09 21:50:24,OI401C8100,OI401C8100,601.0,0.0,0.0,0.0,1,539.0,559.0,1,601.0,0.0,0.0,0.0,0.0,0.0,3
2023-05-09 21:53:46,OI401C8100,OI401C8100,601.0,0.0,0.0,0.0,1,533.5,559.0,1,601.0,0.0,0.0,0.0,0.0,0.0,3
2023-05-09 21:57:48,OI401C8100,OI401C8100,601.0,0.0,0.0,0.0,1,539.0,559.0,1,601.0,0.0,0.0,0.0,0.0,0.0,3
2023-05-09 21:58:10,OI401C8100,OI401C8100,601.0,0.0,0.0,0.0,1,544.0,559.0,1,601.0,0.0,0.0,0.0,0.0,0.0,3
2023-05-09 21:59:17,OI401C8100,OI401C8100,601.0,0.0,0.0,0.0,1,544.0,733.0,1,601.0,0.0,0.0,0.0,0.0,0.0,3
2023-05-09 21:59:18,OI401C8100,OI401C8100,601.0,0.0,0.0,0.0,1,544.0,566.5,1,601.0,0.0,0.0,0.0,0.0,0.0,3
2023-05-09 21:59:59,OI401C8100,OI401C8100,601.0,0.0,0.0,0.0,1,549.0,566.5,1,601.0,0.0,0.0,0.0,0.0,0.0,3
2023-05-09 22:01:30,OI401C8100,OI401C8100,601.0,0.0,0.0,0.0,1,544.0,566.5,1,601.0,0.0,0.0,0.0,0.0,0.0,3
2023-05-09 22:08:05,OI401C8100,OI401C8100,601.0,0.0,0.0,0.0,1,544.0,559.5,1,601.0,0.0,0.0,0.0,0.0,0.0,3
2023-05-09 22:08:17,OI401C8100,OI401C8100,601.0,0.0,0.0,0.0,1,537.5,559.5,1,601.0,0.0,0.0,0.0,0.0,0.0,3
2023-05-09 22:09:31,OI401C8100,OI401C8100,601.0,0.0,0.0,0.0,1,542.5,559.5,1,601.0,0.0,0.0,0.0,0.0,0.0,3
2023-05-09 22:10:31,OI401C8100,OI401C8100,601.0,0.0,0.0,0.0,1,537.5,559.5,1,601.0,0.0,0.0,0.0,0.0,0.0,3
2023-05-09 22:12:11,OI401C8100,OI401C8100,601.0,0.0,0.0,0.0,1,537.5,552.5,1,601.0,0.0,0.0,0.0,0.0,0.0,3
2023-05-09 22:12:24,OI401C8100,OI401C8100,601.0,0.0,0.0,0.0,1,531.0,552.5,1,601.0,0.0,0.0,0.0,0.0,0.0,3
2023-05-09 22:17:21,OI401C8100,OI401C8100,601.0,0.0,0.0,0.0,1,536.0,552.5,1,601.0,0.0,0.0,0.0,0.0,0.0,3
2023-05-09 22:19:28,OI401C8100,OI401C8100,601.0,0.0,0.0,0.0,1,531.0,552.5,1,601.0,0.0,0.0,0.0,0.0,0.0,3
2023-05-09 22:22:28,OI401C8100,OI401C8100,601.0,0.0,0.0,0.0,1,474.5,552.5,1,601.0,0.0,0.0,0.0,0.0,0.0,3
2023-05-09 22:22:30,OI401C8100,OI401C8100,601.0,0.0,0.0,0.0,1,522.5,543.5,1,601.0,0.0,0.0,0.0,0.0,0.0,3
2023-05-09 22:26:04,OI401C8100,OI401C8100,601.0,0.0,0.0,0.0,1,527.5,543.5,1,601.0,0.0,0.0,0.0,0.0,0.0,3
2023-05-09 22:28:38,OI401C8100,OI401C8100,601.0,0.0,0.0,0.0,1,522.5,543.5,1,601.0,0.0,0.0,0.0,0.0,0.0,3
2023-05-09 22:29:36,OI401C8100,OI401C8100,601.0,0.0,0.0,0.0,1,474.5,537.0,1,601.0,0.0,0.0,0.0,0.0,0.0,3
2023-05-09 22:29:37,OI401C8100,OI401C8100,601.0,0.0,0.0,0.0,1,517.0,537.0,1,601.0,0.0,0.0,0.0,0.0,0.0,3
2023-05-09 22:34:12,OI401C8100,OI401C8100,601.0,0.0,0.0,0.0,1,522.0,537.0,1,601.0,0.0,0.0,0.0,0.0,0.0,3
2023-05-09 22:38:42,OI401C8100,OI401C8100,601.0,0.0,0.0,0.0,1,517.0,537.0,1,601.0,0.0,0.0,0.0,0.0,0.0,3
2023-05-09 22:39:20,OI401C8100,OI401C8100,601.0,0.0,0.0,0.0,1,522.5,537.0,1,601.0,0.0,0.0,0.0,0.0,0.0,3
2023-05-09 22:42:08,OI401C8100,OI401C8100,601.0,0.0,0.0,0.0,1,522.5,543.5,1,601.0,0.0,0.0,0.0,0.0,0.0,3
2023-05-09 22:56:08,OI401C8100,OI401C8100,601.0,0.0,0.0,0.0,1,360.5,733.0,1,601.0,0.0,0.0,0.0,0.0,0.0,3
2023-05-09 22:56:08,OI401C8100,OI401C8100,601.0,0.0,0.0,0.0,1,436.0,733.0,1,601.0,0.0,0.0,0.0,0.0,0.0,3
2023-05-09 22:56:42,OI401C8100,OI401C8100,601.0,0.0,0.0,0.0,1,195.0,0.0,0,601.0,0.0,0.0,0.0,0.0,0.0,3
2023-05-09 22:56:42,OI401C8100,OI401C8100,601.0,0.0,0.0,0.0,1,195.5,0.0,0,601.0,0.0,0.0,0.0,0.0,0.0,3
2023-05-09 22:56:42,OI401C8100,OI401C8100,601.0,0.0,0.0,0.0,2,201.5,0.0,0,601.0,0.0,0.0,0.0,0.0,0.0,3
2023-05-09 22:57:10,OI401C8100,OI401C8100,601.0,0.0,0.0,0.0,1,195.5,0.0,0,601.0,0.0,0.0,0.0,0.0,0.0,3
2023-05-10 09:00:04,OI401C8100,OI401C8100,601.0,0.0,0.0,0.0,1,369.5,696.5,1,601.0,0.0,0.0,0.0,0.0,0.0,3
2023-05-10 09:01:17,OI401C8100,OI401C8100,601.0,0.0,0.0,0.0,1,417.0,696.5,1,601.0,0.0,0.0,0.0,0.0,0.0,3
2023-05-10 09:01:21,OI401C8100,OI401C8100,601.0,0.0,0.0,0.0,2,423.5,696.5,1,601.0,0.0,0.0,0.0,0.0,0.0,3
2023-05-10 09:01:21,OI401C8100,OI401C8100,601.0,0.0,0.0,0.0,1,477.5,696.5,1,601.0,0.0,0.0,0.0,0.0,0.0,3
2023-05-10 09:01:24,OI401C8100,OI401C8100,601.0,0.0,0.0,0.0,1,477.5,563.0,1,601.0,0.0,0.0,0.0,0.0,0.0,3
2023-05-10 09:01:25,OI401C8100,OI401C8100,601.0,0.0,0.0,0.0,1,540.5,563.0,1,601.0,0.0,0.0,0.0,0.0,0.0,3
2023-05-10 09:01:47,OI401C8100,OI401C8100,601.0,0.0,0.0,0.0,1,546.5,563.0,1,601.0,0.0,0.0,0.0,0.0,0.0,3
2023-05-10 09:01:53,OI401C8100,OI401C8100,601.0,0.0,0.0,0.0,1,546.5,696.5,1,601.0,0.0,0.0,0.0,0.0,0.0,3
2023-05-10 09:01:54,OI401C8100,OI401C8100,601.0,0.0,0.0,0.0,1,546.5,571.5,1,601.0,0.0,0.0,0.0,0.0,0.0,3
2023-05-10 09:02:07,OI401C8100,OI401C8100,601.0,0.0,0.0,0.0,1,546.5,564.5,1,601.0,0.0,0.0,0.0,0.0,0.0,3
2023-05-10 09:04:37,OI401C8100,OI401C8100,601.0,0.0,0.0,0.0,1,551.5,564.5,1,601.0,0.0,0.0,0.0,0.0,0.0,3
2023-05-10 09:05:01,OI401C8100,OI401C8100,601.0,0.0,0.0,0.0,1,551.5,571.5,1,601.0,0.0,0.0,0.0,0.0,0.0,3
2023-05-10 09:05:26,OI401C8100,OI401C8100,601.0,0.0,0.0,0.0,1,551.5,566.0,1,601.0,0.0,0.0,0.0,0.0,0.0,3
2023-05-10 09:05:39,OI401C8100,OI401C8100,601.0,0.0,0.0,0.0,1,556.0,571.5,1,601.0,0.0,0.0,0.0,0.0,0.0,3
2023-05-10 09:06:26,OI401C8100,OI401C8100,601.0,0.0,0.0,0.0,1,560.0,571.5,1,601.0,0.0,0.0,0.0,0.0,0.0,3
2023-05-10 09:06:33,OI401C8100,OI401C8100,601.0,0.0,0.0,0.0,1,560.0,696.5,1,601.0,0.0,0.0,0.0,0.0,0.0,3
2023-05-10 09:06:34,OI401C8100,OI401C8100,601.0,0.0,0.0,0.0,1,560.0,577.5,1,601.0,0.0,0.0,0.0,0.0,0.0,3
2023-05-10 09:06:54,OI401C8100,OI401C8100,601.0,0.0,0.0,0.0,1,564.0,577.5,1,601.0,0.0,0.0,0.0,0.0,0.0,3
2023-05-10 09:07:47,OI401C8100,OI401C8100,601.0,0.0,0.0,0.0,1,564.0,696.5,1,601.0,0.0,0.0,0.0,0.0,0.0,3
2023-05-10 09:07:47,OI401C8100,OI401C8100,601.0,0.0,0.0,0.0,1,564.0,584.0,1,601.0,0.0,0.0,0.0,0.0,0.0,3
2023-05-10 09:07:57,OI401C8100,OI401C8100,601.0,0.0,0.0,0.0,1,568.0,584.0,1,601.0,0.0,0.0,0.0,0.0,0.0,3
2023-05-10 09:10:24,OI401C8100,OI401C8100,601.0,0.0,0.0,0.0,1,564.0,584.0,1,601.0,0.0,0.0,0.0,0.0,0.0,3
2023-05-10 09:10:39,OI401C8100,OI401C8100,601.0,0.0,0.0,0.0,1,564.0,578.5,1,601.0,0.0,0.0,0.0,0.0,0.0,3
2023-05-10 09:12:45,OI401C8100,OI401C8100,601.0,0.0,0.0,0.0,1,559.0,578.5,1,601.0,0.0,0.0,0.0,0.0,0.0,3
2023-05-10 09:13:06,OI401C8100,OI401C8100,601.0,0.0,0.0,0.0,1,563.0,578.5,1,601.0,0.0,0.0,0.0,0.0,0.0,3
2023-05-10 09:14:47,OI401C8100,OI401C8100,601.0,0.0,0.0,0.0,1,567.0,578.5,1,601.0,0.0,0.0,0.0,0.0,0.0,3
2023-05-10 09:14:54,OI401C8100,OI401C8100,601.0,0.0,0.0,0.0,1,567.0,584.0,1,601.0,0.0,0.0,0.0,0.0,0.0,3
2023-05-10 09:15:21,OI401C8100,OI401C8100,601.0,0.0,0.0,0.0,1,563.0,578.5,1,601.0,0.0,0.0,0.0,0.0,0.0,3
2023-05-10 09:17:23,OI401C8100,OI401C8100,601.0,0.0,0.0,0.0,1,567.0,578.5,1,601.0,0.0,0.0,0.0,0.0,0.0,3
2023-05-10 09:18:12,OI401C8100,OI401C8100,601.0,0.0,0.0,0.0,1,567.0,584.0,1,601.0,0.0,0.0,0.0,0.0,0.0,3
2023-05-10 09:18:43,OI401C8100,OI401C8100,601.0,0.0,0.0,0.0,1,571.0,584.0,1,601.0,0.0,0.0,0.0,0.0,0.0,3
2023-05-10 09:18:52,OI401C8100,OI401C8100,601.0,0.0,0.0,0.0,1,571.0,590.5,1,601.0,0.0,0.0,0.0,0.0,0.0,3
2023-05-10 09:18:58,OI401C8100,OI401C8100,601.0,0.0,0.0,0.0,1,575.0,590.5,1,601.0,0.0,0.0,0.0,0.0,0.0,3
2023-05-10 09:19:25,OI401C8100,OI401C8100,601.0,0.0,0.0,0.0,1,579.0,590.5,1,601.0,0.0,0.0,0.0,0.0,0.0,3
2023-05-10 09:19:37,OI401C8100,OI401C8100,601.0,0.0,0.0,0.0,1,575.0,590.5,1,601.0,0.0,0.0,0.0,0.0,0.0,3
2023-05-10 09:20:02,OI401C8100,OI401C8100,601.0,0.0,0.0,0.0,1,477.5,590.5,1,601.0,0.0,0.0,0.0,0.0,0.0,3
2023-05-10 09:20:02,OI401C8100,OI401C8100,601.0,0.0,0.0,0.0,2,484.0,590.5,1,601.0,0.0,0.0,0.0,0.0,0.0,3
2023-05-10 09:20:03,OI401C8100,OI401C8100,601.0,0.0,0.0,0.0,2,484.0,584.5,1,601.0,0.0,0.0,0.0,0.0,0.0,3
2023-05-10 09:20:03,OI401C8100,OI401C8100,601.0,0.0,0.0,0.0,1,526.5,584.5,1,601.0,0.0,0.0,0.0,0.0,0.0,3
2023-05-10 09:20:04,OI401C8100,OI401C8100,601.0,0.0,0.0,0.0,1,567.5,584.5,1,601.0,0.0,0.0,0.0,0.0,0.0,3
2023-05-10 09:25:22,OI401C8100,OI401C8100,601.0,0.0,0.0,0.0,1,571.5,584.5,1,601.0,0.0,0.0,0.0,0.0,0.0,3
2023-05-10 09:26:20,OI401C8100,OI401C8100,601.0,0.0,0.0,0.0,1,571.5,590.5,1,601.0,0.0,0.0,0.0,0.0,0.0,3
2023-05-10 09:27:19,OI401C8100,OI401C8100,601.0,0.0,0.0,0.0,1,571.5,585.0,1,601.0,0.0,0.0,0.0,0.0,0.0,3
2023-05-10 09:29:44,OI401C8100,OI401C8100,601.0,0.0,0.0,0.0,1,567.5,585.0,1,601.0,0.0,0.0,0.0,0.0,0.0,3
2023-05-10 09:31:43,OI401C8100,OI401C8100,601.0,0.0,0.0,0.0,1,571.5,585.0,1,601.0,0.0,0.0,0.0,0.0,0.0,3
2023-05-10 09:33:46,OI401C8100,OI401C8100,601.0,0.0,0.0,0.0,1,571.5,590.5,1,601.0,0.0,0.0,0.0,0.0,0.0,3
2023-05-10 09:35:25,OI401C8100,OI401C8100,601.0,0.0,0.0,0.0,1,571.5,585.0,1,601.0,0.0,0.0,0.0,0.0,0.0,3
2023-05-10 09:36:43,OI401C8100,OI401C8100,601.0,0.0,0.0,0.0,1,571.5,590.5,1,601.0,0.0,0.0,0.0,0.0,0.0,3
2023-05-10 09:37:25,OI401C8100,OI401C8100,601.0,0.0,0.0,0.0,1,571.5,585.0,1,601.0,0.0,0.0,0.0,0.0,0.0,3
2023-05-10 09:37:34,OI401C8100,OI401C8100,601.0,0.0,0.0,0.0,1,567.5,585.0,1,601.0,0.0,0.0,0.0,0.0,0.0,3
2023-05-10 09:39:16,OI401C8100,OI401C8100,601.0,0.0,0.0,0.0,1,571.5,585.0,1,601.0,0.0,0.0,0.0,0.0,0.0,3
2023-05-10 09:42:12,OI401C8100,OI401C8100,601.0,0.0,0.0,0.0,1,567.5,585.0,1,601.0,0.0,0.0,0.0,0.0,0.0,3
2023-05-10 09:43:30,OI401C8100,OI401C8100,601.0,0.0,0.0,0.0,1,562.5,579.5,1,601.0,0.0,0.0,0.0,0.0,0.0,3
2023-05-10 09:46:40,OI401C8100,OI401C8100,601.0,0.0,0.0,0.0,1,566.5,579.5,1,601.0,0.0,0.0,0.0,0.0,0.0,3
2023-05-10 09:47:30,OI401C8100,OI401C8100,601.0,0.0,0.0,0.0,1,566.5,585.0,1,601.0,0.0,0.0,0.0,0.0,0.0,3
2023-05-10 09:48:08,OI401C8100,OI401C8100,601.0,0.0,0.0,0.0,1,570.5,585.0,1,601.0,0.0,0.0,0.0,0.0,0.0,3
2023-05-10 09:55:09,OI401C8100,OI401C8100,601.0,0.0,0.0,0.0,1,566.5,585.0,1,601.0,0.0,0.0,0.0,0.0,0.0,3
2023-05-10 09:55:10,OI401C8100,OI401C8100,601.0,0.0,0.0,0.0,1,566.5,579.5,1,601.0,0.0,0.0,0.0,0.0,0.0,3
2023-05-10 09:56:43,OI401C8100,OI401C8100,601.0,0.0,0.0,0.0,1,561.5,579.5,1,601.0,0.0,0.0,0.0,0.0,0.0,3
2023-05-10 09:59:08,OI401C8100,OI401C8100,601.0,0.0,0.0,0.0,1,565.5,579.5,1,601.0,0.0,0.0,0.0,0.0,0.0,3
2023-05-10 10:00:47,OI401C8100,OI401C8100,601.0,0.0,0.0,0.0,1,569.5,585.0,1,601.0,0.0,0.0,0.0,0.0,0.0,3
2023-05-10 10:05:28,OI401C8100,OI401C8100,601.0,0.0,0.0,0.0,1,565.5,585.0,1,601.0,0.0,0.0,0.0,0.0,0.0,3
2023-05-10 10:06:01,OI401C8100,OI401C8100,601.0,0.0,0.0,0.0,1,565.5,579.5,1,601.0,0.0,0.0,0.0,0.0,0.0,3
2023-05-10 10:10:09,OI401C8100,OI401C8100,601.0,0.0,0.0,0.0,1,569.5,585.0,1,601.0,0.0,0.0,0.0,0.0,0.0,3
2023-05-10 10:30:12,OI401C8100,OI401C8100,601.0,0.0,0.0,0.0,1,565.5,585.0,1,601.0,0.0,0.0,0.0,0.0,0.0,3
2023-05-10 10:30:20,OI401C8100,OI401C8100,601.0,0.0,0.0,0.0,1,565.5,579.5,1,601.0,0.0,0.0,0.0,0.0,0.0,3
2023-05-10 10:30:25,OI401C8100,OI401C8100,601.0,0.0,0.0,0.0,1,560.5,579.5,1,601.0,0.0,0.0,0.0,0.0,0.0,3
2023-05-10 10:31:03,OI401C8100,OI401C8100,601.0,0.0,0.0,0.0,1,564.5,579.5,1,601.0,0.0,0.0,0.0,0.0,0.0,3
2023-05-10 10:35:05,OI401C8100,OI401C8100,601.0,0.0,0.0,0.0,1,560.5,579.5,1,601.0,0.0,0.0,0.0,0.0,0.0,3
2023-05-10 10:35:15,OI401C8100,OI401C8100,601.0,0.0,0.0,0.0,1,560.5,574.0,1,601.0,0.0,0.0,0.0,0.0,0.0,3
2023-05-10 10:35:21,OI401C8100,OI401C8100,601.0,0.0,0.0,0.0,1,556.0,574.0,1,601.0,0.0,0.0,0.0,0.0,0.0,3
2023-05-10 10:37:40,OI401C8100,OI401C8100,601.0,0.0,0.0,0.0,1,556.0,568.5,1,601.0,0.0,0.0,0.0,0.0,0.0,3
2023-05-10 10:37:41,OI401C8100,OI401C8100,601.0,0.0,0.0,0.0,1,412.0,568.5,1,601.0,0.0,0.0,0.0,0.0,0.0,3
2023-05-10 10:37:41,OI401C8100,OI401C8100,601.0,0.0,0.0,0.0,1,551.5,568.5,1,601.0,0.0,0.0,0.0,0.0,0.0,3
2023-05-10 10:39:24,OI401C8100,OI401C8100,601.0,0.0,0.0,0.0,1,546.5,563.0,1,601.0,0.0,0.0,0.0,0.0,0.0,3
2023-05-10 10:40:43,OI401C8100,OI401C8100,601.0,0.0,0.0,0.0,1,550.5,563.0,1,601.0,0.0,0.0,0.0,0.0,0.0,3
2023-05-10 10:41:05,OI401C8100,OI401C8100,601.0,0.0,0.0,0.0,1,550.5,568.5,1,601.0,0.0,0.0,0.0,0.0,0.0,3
2023-05-10 10:41:20,OI401C8100,OI401C8100,601.0,0.0,0.0,0.0,1,554.5,568.5,1,601.0,0.0,0.0,0.0,0.0,0.0,3
2023-05-10 10:41:43,OI401C8100,OI401C8100,601.0,0.0,0.0,0.0,1,550.5,568.5,1,601.0,0.0,0.0,0.0,0.0,0.0,3
2023-05-10 10:43:14,OI401C8100,OI401C8100,601.0,0.0,0.0,0.0,1,554.5,568.5,1,601.0,0.0,0.0,0.0,0.0,0.0,3
2023-05-10 10:45:20,OI401C8100,OI401C8100,601.0,0.0,0.0,0.0,1,558.5,696.5,1,601.0,0.0,0.0,0.0,0.0,0.0,3
2023-05-10 10:45:21,OI401C8100,OI401C8100,601.0,0.0,0.0,0.0,1,558.5,575.0,1,601.0,0.0,0.0,0.0,0.0,0.0,3
2023-05-10 10:46:53,OI401C8100,OI401C8100,601.0,0.0,0.0,0.0,1,554.5,575.0,1,601.0,0.0,0.0,0.0,0.0,0.0,3
2023-05-10 10:47:06,OI401C8100,OI401C8100,601.0,0.0,0.0,0.0,1,554.5,569.5,1,601.0,0.0,0.0,0.0,0.0,0.0,3
2023-05-10 10:48:03,OI401C8100,OI401C8100,601.0,0.0,0.0,0.0,1,549.0,569.5,1,601.0,0.0,0.0,0.0,0.0,0.0,3
2023-05-10 10:48:10,OI401C8100,OI401C8100,601.0,0.0,0.0,0.0,1,549.0,564.0,1,601.0,0.0,0.0,0.0,0.0,0.0,3
2023-05-10 10:53:33,OI401C8100,OI401C8100,601.0,0.0,0.0,0.0,1,544.0,564.0,1,601.0,0.0,0.0,0.0,0.0,0.0,3
2023-05-10 10:54:07,OI401C8100,OI401C8100,601.0,0.0,0.0,0.0,1,548.5,564.0,1,601.0,0.0,0.0,0.0,0.0,0.0,3
2023-05-10 10:56:39,OI401C8100,OI401C8100,601.0,0.0,0.0,0.0,1,552.5,564.0,1,601.0,0.0,0.0,0.0,0.0,0.0,3
2023-05-10 10:56:39,OI401C8100,OI401C8100,601.0,0.0,0.0,0.0,1,552.5,569.5,1,601.0,0.0,0.0,0.0,0.0,0.0,3
2023-05-10 11:04:13,OI401C8100,OI401C8100,601.0,0.0,0.0,0.0,1,548.5,564.0,1,601.0,0.0,0.0,0.0,0.0,0.0,3
2023-05-10 11:06:16,OI401C8100,OI401C8100,601.0,0.0,0.0,0.0,1,552.5,564.0,1,601.0,0.0,0.0,0.0,0.0,0.0,3
2023-05-10 11:07:39,OI401C8100,OI401C8100,601.0,0.0,0.0,0.0,1,552.5,569.5,1,601.0,0.0,0.0,0.0,0.0,0.0,3
2023-05-10 11:10:10,OI401C8100,OI401C8100,601.0,0.0,0.0,0.0,1,556.5,569.5,1,601.0,0.0,0.0,0.0,0.0,0.0,3
2023-05-10 11:10:26,OI401C8100,OI401C8100,601.0,0.0,0.0,0.0,1,556.5,576.0,1,601.0,0.0,0.0,0.0,0.0,0.0,3
2023-05-10 11:11:27,OI401C8100,OI401C8100,601.0,0.0,0.0,0.0,1,556.5,570.5,1,601.0,0.0,0.0,0.0,0.0,0.0,3
2023-05-10 11:16:00,OI401C8100,OI401C8100,601.0,0.0,0.0,0.0,1,552.5,570.5,1,601.0,0.0,0.0,0.0,0.0,0.0,3
2023-05-10 11:17:23,OI401C8100,OI401C8100,601.0,0.0,0.0,0.0,1,552.5,565.0,1,601.0,0.0,0.0,0.0,0.0,0.0,3
2023-05-10 11:19:32,OI401C8100,OI401C8100,601.0,0.0,0.0,0.0,1,547.5,565.0,1,601.0,0.0,0.0,0.0,0.0,0.0,3
2023-05-10 11:21:39,OI401C8100,OI401C8100,601.0,0.0,0.0,0.0,1,547.5,559.5,1,601.0,0.0,0.0,0.0,0.0,0.0,3
2023-05-10 11:21:39,OI401C8100,OI401C8100,601.0,0.0,0.0,0.0,1,542.5,559.5,1,601.0,0.0,0.0,0.0,0.0,0.0,3
2023-05-10 11:22:05,OI401C8100,OI401C8100,601.0,0.0,0.0,0.0,1,546.5,559.5,1,601.0,0.0,0.0,0.0,0.0,0.0,3
2023-05-10 11:25:57,OI401C8100,OI401C8100,601.0,0.0,0.0,0.0,1,542.5,559.5,1,601.0,0.0,0.0,0.0,0.0,0.0,3
2023-05-10 11:29:36,OI401C8100,OI401C8100,601.0,0.0,0.0,0.0,1,388.0,696.5,1,601.0,0.0,0.0,0.0,0.0,0.0,3
2023-05-10 11:29:42,OI401C8100,OI401C8100,601.0,0.0,0.0,0.0,1,195.5,0.0,0,601.0,0.0,0.0,0.0,0.0,0.0,3
2023-05-10 13:30:34,OI401C8100,OI401C8100,601.0,0.0,0.0,0.0,1,388.0,0.0,0,601.0,0.0,0.0,0.0,0.0,0.0,3
2023-05-10 13:30:35,OI401C8100,OI401C8100,601.0,0.0,0.0,0.0,1,388.0,717.0,1,601.0,0.0,0.0,0.0,0.0,0.0,3
2023-05-10 13:30:55,OI401C8100,OI401C8100,601.0,0.0,0.0,0.0,1,388.0,560.0,1,601.0,0.0,0.0,0.0,0.0,0.0,3
2023-05-10 13:30:56,OI401C8100,OI401C8100,601.0,0.0,0.0,0.0,1,540.5,560.0,1,601.0,0.0,0.0,0.0,0.0,0.0,3
2023-05-10 13:31:18,OI401C8100,OI401C8100,601.0,0.0,0.0,0.0,1,534.5,560.0,1,601.0,0.0,0.0,0.0,0.0,0.0,3
2023-05-10 13:31:32,OI401C8100,OI401C8100,601.0,0.0,0.0,0.0,1,534.5,553.5,1,601.0,0.0,0.0,0.0,0.0,0.0,3
2023-05-10 13:39:05,OI401C8100,OI401C8100,601.0,0.0,0.0,0.0,1,539.0,553.5,1,601.0,0.0,0.0,0.0,0.0,0.0,3
2023-05-10 13:41:46,OI401C8100,OI401C8100,601.0,0.0,0.0,0.0,1,534.5,553.5,1,601.0,0.0,0.0,0.0,0.0,0.0,3
2023-05-10 13:43:29,OI401C8100,OI401C8100,601.0,0.0,0.0,0.0,1,539.5,553.5,1,601.0,0.0,0.0,0.0,0.0,0.0,3
2023-05-10 13:44:34,OI401C8100,OI401C8100,601.0,0.0,0.0,0.0,1,539.5,560.0,1,601.0,0.0,0.0,0.0,0.0,0.0,3
2023-05-10 13:54:09,OI401C8100,OI401C8100,601.0,0.0,0.0,0.0,1,544.0,560.0,1,601.0,0.0,0.0,0.0,0.0,0.0,3
2023-05-10 13:56:14,OI401C8100,OI401C8100,601.0,0.0,0.0,0.0,1,544.0,717.0,1,601.0,0.0,0.0,0.0,0.0,0.0,3
2023-05-10 13:56:14,OI401C8100,OI401C8100,601.0,0.0,0.0,0.0,1,544.0,567.5,1,601.0,0.0,0.0,0.0,0.0,0.0,3
2023-05-10 13:56:15,OI401C8100,OI401C8100,601.0,0.0,0.0,0.0,1,548.5,567.5,1,601.0,0.0,0.0,0.0,0.0,0.0,3
2023-05-10 14:01:17,OI401C8100,OI401C8100,601.0,0.0,0.0,0.0,1,544.0,567.5,1,601.0,0.0,0.0,0.0,0.0,0.0,3
2023-05-10 14:06:33,OI401C8100,OI401C8100,601.0,0.0,0.0,0.0,1,548.5,567.5,1,601.0,0.0,0.0,0.0,0.0,0.0,3
2023-05-10 14:18:08,OI401C8100,OI401C8100,601.0,0.0,0.0,0.0,1,544.0,567.5,1,601.0,0.0,0.0,0.0,0.0,0.0,3
2023-05-10 14:19:00,OI401C8100,OI401C8100,601.0,0.0,0.0,0.0,1,544.0,561.0,1,601.0,0.0,0.0,0.0,0.0,0.0,3
2023-05-10 14:19:56,OI401C8100,OI401C8100,601.0,0.0,0.0,0.0,1,388.0,561.0,1,601.0,0.0,0.0,0.0,0.0,0.0,3
2023-05-10 14:19:57,OI401C8100,OI401C8100,601.0,0.0,0.0,0.0,2,394.5,561.0,1,601.0,0.0,0.0,0.0,0.0,0.0,3
2023-05-10 14:19:57,OI401C8100,OI401C8100,601.0,0.0,0.0,0.0,1,538.5,561.0,1,601.0,0.0,0.0,0.0,0.0,0.0,3
2023-05-10 14:21:47,OI401C8100,OI401C8100,601.0,0.0,0.0,0.0,1,538.5,554.5,1,601.0,0.0,0.0,0.0,0.0,0.0,3
2023-05-10 14:26:24,OI401C8100,OI401C8100,601.0,0.0,0.0,0.0,1,538.5,561.0,1,601.0,0.0,0.0,0.0,0.0,0.0,3
2023-05-10 14:26:28,OI401C8100,OI401C8100,601.0,0.0,0.0,0.0,1,543.0,561.0,1,601.0,0.0,0.0,0.0,0.0,0.0,3
2023-05-10 14:29:33,OI401C8100,OI401C8100,601.0,0.0,0.0,0.0,1,538.5,561.0,1,601.0,0.0,0.0,0.0,0.0,0.0,3
2023-05-10 14:30:19,OI401C8100,OI401C8100,601.0,0.0,0.0,0.0,1,543.5,561.0,1,601.0,0.0,0.0,0.0,0.0,0.0,3
2023-05-10 14:31:11,OI401C8100,OI401C8100,601.0,0.0,0.0,0.0,1,538.5,561.0,1,601.0,0.0,0.0,0.0,0.0,0.0,3
2023-05-10 14:33:48,OI401C8100,OI401C8100,601.0,0.0,0.0,0.0,1,538.5,554.5,1,601.0,0.0,0.0,0.0,0.0,0.0,3
2023-05-10 14:39:21,OI401C8100,OI401C8100,601.0,0.0,0.0,0.0,1,532.5,554.5,1,601.0,0.0,0.0,0.0,0.0,0.0,3
2023-05-10 14:41:51,OI401C8100,OI401C8100,601.0,0.0,0.0,0.0,1,537.0,554.5,1,601.0,0.0,0.0,0.0,0.0,0.0,3
2023-05-10 14:45:39,OI401C8100,OI401C8100,601.0,0.0,0.0,0.0,1,541.5,554.5,1,601.0,0.0,0.0,0.0,0.0,0.0,3
2023-05-10 14:46:04,OI401C8100,OI401C8100,601.0,0.0,0.0,0.0,1,541.5,561.0,1,601.0,0.0,0.0,0.0,0.0,0.0,3
2023-05-10 14:51:10,OI401C8100,OI401C8100,601.0,0.0,0.0,0.0,1,537.0,561.0,1,601.0,0.0,0.0,0.0,0.0,0.0,3
2023-05-10 14:51:24,OI401C8100,OI401C8100,601.0,0.0,0.0,0.0,1,537.0,554.5,1,601.0,0.0,0.0,0.0,0.0,0.0,3
2023-05-10 14:52:06,OI401C8100,OI401C8100,601.0,0.0,0.0,0.0,1,531.0,554.5,1,601.0,0.0,0.0,0.0,0.0,0.0,3
2023-05-10 14:54:07,OI401C8100,OI401C8100,601.0,0.0,0.0,0.0,1,535.5,554.5,1,601.0,0.0,0.0,0.0,0.0,0.0,3
2023-05-10 14:55:52,OI401C8100,OI401C8100,601.0,0.0,0.0,0.0,1,531.0,554.5,1,601.0,0.0,0.0,0.0,0.0,0.0,3
2023-05-10 14:56:23,OI401C8100,OI401C8100,601.0,0.0,0.0,0.0,1,531.0,548.0,1,601.0,0.0,0.0,0.0,0.0,0.0,3
2023-05-10 14:59:06,OI401C8100,OI401C8100,601.0,0.0,0.0,0.0,1,463.0,554.5,1,601.0,0.0,0.0,0.0,0.0,0.0,3
2023-05-10 14:59:06,OI401C8100,OI401C8100,601.0,0.0,0.0,0.0,2,469.5,717.0,1,601.0,0.0,0.0,0.0,0.0,0.0,3
2023-05-10 14:59:23,OI401C8100,OI401C8100,601.0,0.0,0.0,0.0,1,463.0,717.0,1,601.0,0.0,0.0,0.0,0.0,0.0,3
2023-05-10 14:59:29,OI401C8100,OI401C8100,601.0,0.0,0.0,0.0,1,374.0,717.0,1,601.0,0.0,0.0,0.0,0.0,0.0,3
2023-05-10 14:59:35,OI401C8100,OI401C8100,601.0,0.0,0.0,0.0,2,380.5,717.0,1,601.0,0.0,0.0,0.0,0.0,0.0,3
2023-05-10 14:59:35,OI401C8100,OI401C8100,601.0,0.0,0.0,0.0,1,421.5,717.0,1,601.0,0.0,0.0,0.0,0.0,0.0,3
2023-05-10 14:59:35,OI401C8100,OI401C8100,601.0,0.0,0.0,0.0,2,380.5,717.0,1,601.0,0.0,0.0,0.0,0.0,0.0,3
2023-05-10 14:59:35,OI401C8100,OI401C8100,601.0,0.0,0.0,0.0,1,421.5,717.0,1,601.0,0.0,0.0,0.0,0.0,0.0,3
