time,symbol_id,symbol_name,last,trade_volume,trade_amount,open_interest_change,bv1,bp1,ap1,av1,yesterday_close,today_open,today_high,today_low,volume,amount,open_interest
2023-05-09 19:10:58,OI401C9500,OI401C9500,159.0,0.0,0.0,0.0,0,0.0,0.0,0,159.0,124.0,0.0,0.0,0.0,0.0,109
2023-05-09 20:59:00,OI401C9500,OI401C9500,159.0,0.0,0.0,0.0,2,66.0,777.0,1,159.0,124.0,0.0,0.0,0.0,0.0,109
2023-05-09 21:00:00,OI401C9500,OI401C9500,159.0,0.0,0.0,0.0,6,69.0,777.0,1,159.0,124.0,0.0,0.0,0.0,0.0,109
2023-05-09 21:00:01,OI401C9500,OI401C9500,159.0,0.0,0.0,0.0,1,95.0,777.0,1,159.0,124.0,0.0,0.0,0.0,0.0,109
2023-05-09 21:00:02,OI401C9500,OI401C9500,159.0,0.0,0.0,0.0,6,98.0,777.0,1,159.0,124.0,0.0,0.0,0.0,0.0,109
2023-05-09 21:00:05,OI401C9500,OI401C9500,159.0,0.0,0.0,0.0,6,98.0,302.5,1,159.0,124.0,0.0,0.0,0.0,0.0,109
2023-05-09 21:00:06,OI401C9500,OI401C9500,159.0,0.0,0.0,0.0,6,97.5,302.5,1,159.0,124.0,0.0,0.0,0.0,0.0,109
2023-05-09 21:00:07,OI401C9500,OI401C9500,159.0,0.0,0.0,0.0,6,97.0,302.5,1,159.0,124.0,0.0,0.0,0.0,0.0,109
2023-05-09 21:00:10,OI401C9500,OI401C9500,159.0,0.0,0.0,0.0,6,96.5,302.5,1,159.0,124.0,0.0,0.0,0.0,0.0,109
2023-05-09 21:00:46,OI401C9500,OI401C9500,159.0,0.0,0.0,0.0,6,96.0,302.5,1,159.0,124.0,0.0,0.0,0.0,0.0,109
2023-05-09 21:01:09,OI401C9500,OI401C9500,159.0,0.0,0.0,0.0,6,95.5,302.5,1,159.0,124.0,0.0,0.0,0.0,0.0,109
2023-05-09 21:01:13,OI401C9500,OI401C9500,159.0,0.0,0.0,0.0,1,125.5,302.5,1,159.0,124.0,0.0,0.0,0.0,0.0,109
2023-05-09 21:01:14,OI401C9500,OI401C9500,159.0,0.0,0.0,0.0,1,125.5,148.5,1,159.0,124.0,0.0,0.0,0.0,0.0,109
2023-05-09 21:01:16,OI401C9500,OI401C9500,159.0,0.0,0.0,0.0,1,125.5,148.0,1,159.0,124.0,0.0,0.0,0.0,0.0,109
2023-05-09 21:01:17,OI401C9500,OI401C9500,159.0,0.0,0.0,0.0,1,125.5,147.5,1,159.0,124.0,0.0,0.0,0.0,0.0,109
2023-05-09 21:01:26,OI401C9500,OI401C9500,159.0,0.0,0.0,0.0,1,125.5,147.0,1,159.0,124.0,0.0,0.0,0.0,0.0,109
2023-05-09 21:01:38,OI401C9500,OI401C9500,159.0,0.0,0.0,0.0,1,126.0,147.0,1,159.0,124.0,0.0,0.0,0.0,0.0,109
2023-05-09 21:02:13,OI401C9500,OI401C9500,159.0,0.0,0.0,0.0,1,126.0,146.5,1,159.0,124.0,0.0,0.0,0.0,0.0,109
2023-05-09 21:02:14,OI401C9500,OI401C9500,159.0,0.0,0.0,0.0,1,127.0,146.5,1,159.0,124.0,0.0,0.0,0.0,0.0,109
2023-05-09 21:02:15,OI401C9500,OI401C9500,159.0,0.0,0.0,0.0,1,127.0,145.0,1,159.0,124.0,0.0,0.0,0.0,0.0,109
2023-05-09 21:02:16,OI401C9500,OI401C9500,159.0,0.0,0.0,0.0,1,127.0,144.5,1,159.0,124.0,0.0,0.0,0.0,0.0,109
2023-05-09 21:02:23,OI401C9500,OI401C9500,159.0,0.0,0.0,0.0,1,127.0,144.0,1,159.0,124.0,0.0,0.0,0.0,0.0,109
2023-05-09 21:02:50,OI401C9500,OI401C9500,159.0,0.0,0.0,0.0,1,127.0,143.5,1,159.0,124.0,0.0,0.0,0.0,0.0,109
2023-05-09 21:04:43,OI401C9500,OI401C9500,159.0,0.0,0.0,0.0,1,127.0,143.0,1,159.0,124.0,0.0,0.0,0.0,0.0,109
2023-05-09 21:05:13,OI401C9500,OI401C9500,159.0,0.0,0.0,0.0,1,127.0,142.5,1,159.0,124.0,0.0,0.0,0.0,0.0,109
2023-05-09 21:05:38,OI401C9500,OI401C9500,159.0,0.0,0.0,0.0,1,127.0,142.0,1,159.0,124.0,0.0,0.0,0.0,0.0,109
2023-05-09 21:05:41,OI401C9500,OI401C9500,159.0,0.0,0.0,0.0,1,127.0,141.5,1,159.0,124.0,0.0,0.0,0.0,0.0,109
2023-05-09 21:06:05,OI401C9500,OI401C9500,159.0,0.0,0.0,0.0,1,127.5,141.5,1,159.0,124.0,0.0,0.0,0.0,0.0,109
2023-05-09 21:07:01,OI401C9500,OI401C9500,159.0,0.0,0.0,0.0,1,127.5,141.0,1,159.0,124.0,0.0,0.0,0.0,0.0,109
2023-05-09 21:07:44,OI401C9500,OI401C9500,159.0,0.0,0.0,0.0,1,127.5,140.5,1,159.0,124.0,0.0,0.0,0.0,0.0,109
2023-05-09 21:10:23,OI401C9500,OI401C9500,159.0,0.0,0.0,0.0,1,128.0,140.5,1,159.0,124.0,0.0,0.0,0.0,0.0,109
2023-05-09 21:10:41,OI401C9500,OI401C9500,159.0,0.0,0.0,0.0,1,128.5,140.5,1,159.0,124.0,0.0,0.0,0.0,0.0,109
2023-05-09 21:10:43,OI401C9500,OI401C9500,159.0,0.0,0.0,0.0,1,129.0,140.5,1,159.0,124.0,0.0,0.0,0.0,0.0,109
2023-05-09 21:11:03,OI401C9500,OI401C9500,159.0,0.0,0.0,0.0,1,129.5,140.5,1,159.0,124.0,0.0,0.0,0.0,0.0,109
2023-05-09 21:11:04,OI401C9500,OI401C9500,159.0,0.0,0.0,0.0,1,130.0,140.5,1,159.0,124.0,0.0,0.0,0.0,0.0,109
2023-05-09 21:13:27,OI401C9500,OI401C9500,159.0,0.0,0.0,0.0,1,130.5,140.5,1,159.0,124.0,0.0,0.0,0.0,0.0,109
2023-05-09 21:13:47,OI401C9500,OI401C9500,159.0,0.0,0.0,0.0,1,131.0,140.5,1,159.0,124.0,0.0,0.0,0.0,0.0,109
2023-05-09 21:14:10,OI401C9500,OI401C9500,159.0,0.0,0.0,0.0,1,131.5,140.5,1,159.0,124.0,0.0,0.0,0.0,0.0,109
2023-05-09 21:20:05,OI401C9500,OI401C9500,159.0,0.0,0.0,0.0,1,131.5,140.0,1,159.0,124.0,0.0,0.0,0.0,0.0,109
2023-05-09 21:30:22,OI401C9500,OI401C9500,159.0,0.0,0.0,0.0,1,131.0,140.0,1,159.0,124.0,0.0,0.0,0.0,0.0,109
2023-05-09 21:30:26,OI401C9500,OI401C9500,159.0,0.0,0.0,0.0,1,131.0,139.5,1,159.0,124.0,0.0,0.0,0.0,0.0,109
2023-05-09 21:30:27,OI401C9500,OI401C9500,159.0,0.0,0.0,0.0,1,127.0,139.5,1,159.0,124.0,0.0,0.0,0.0,0.0,109
2023-05-09 21:30:30,OI401C9500,OI401C9500,159.0,0.0,0.0,0.0,1,127.5,139.5,1,159.0,124.0,0.0,0.0,0.0,0.0,109
2023-05-09 21:30:31,OI401C9500,OI401C9500,159.0,0.0,0.0,0.0,1,128.0,139.5,1,159.0,124.0,0.0,0.0,0.0,0.0,109
2023-05-09 21:30:57,OI401C9500,OI401C9500,159.0,0.0,0.0,0.0,1,128.0,139.0,1,159.0,124.0,0.0,0.0,0.0,0.0,109
2023-05-09 21:31:41,OI401C9500,OI401C9500,159.0,0.0,0.0,0.0,1,128.0,138.5,1,159.0,124.0,0.0,0.0,0.0,0.0,109
2023-05-09 21:32:18,OI401C9500,OI401C9500,159.0,0.0,0.0,0.0,1,128.0,138.0,1,159.0,124.0,0.0,0.0,0.0,0.0,109
2023-05-09 21:32:22,OI401C9500,OI401C9500,159.0,0.0,0.0,0.0,1,128.0,137.5,1,159.0,124.0,0.0,0.0,0.0,0.0,109
2023-05-09 21:32:25,OI401C9500,OI401C9500,159.0,0.0,0.0,0.0,1,128.0,137.0,1,159.0,124.0,0.0,0.0,0.0,0.0,109
2023-05-09 21:32:26,OI401C9500,OI401C9500,159.0,0.0,0.0,0.0,1,127.5,137.0,1,159.0,124.0,0.0,0.0,0.0,0.0,109
2023-05-09 21:32:32,OI401C9500,OI401C9500,159.0,0.0,0.0,0.0,1,127.5,136.5,1,159.0,124.0,0.0,0.0,0.0,0.0,109
2023-05-09 21:45:37,OI401C9500,OI401C9500,159.0,0.0,0.0,0.0,1,127.5,136.0,1,159.0,124.0,0.0,0.0,0.0,0.0,109
2023-05-09 21:46:40,OI401C9500,OI401C9500,159.0,0.0,0.0,0.0,1,123.5,136.0,1,159.0,124.0,0.0,0.0,0.0,0.0,109
2023-05-09 21:46:42,OI401C9500,OI401C9500,159.0,0.0,0.0,0.0,1,123.5,135.5,1,159.0,124.0,0.0,0.0,0.0,0.0,109
2023-05-09 21:46:42,OI401C9500,OI401C9500,159.0,0.0,0.0,0.0,1,124.0,135.5,1,159.0,124.0,0.0,0.0,0.0,0.0,109
2023-05-09 21:46:47,OI401C9500,OI401C9500,159.0,0.0,0.0,0.0,1,124.5,135.5,1,159.0,124.0,0.0,0.0,0.0,0.0,109
2023-05-09 21:47:07,OI401C9500,OI401C9500,159.0,0.0,0.0,0.0,1,125.0,135.5,1,159.0,124.0,0.0,0.0,0.0,0.0,109
2023-05-09 21:47:36,OI401C9500,OI401C9500,159.0,0.0,0.0,0.0,1,125.5,135.5,1,159.0,124.0,0.0,0.0,0.0,0.0,109
2023-05-09 21:50:12,OI401C9500,OI401C9500,159.0,0.0,0.0,0.0,1,126.0,135.5,1,159.0,124.0,0.0,0.0,0.0,0.0,109
2023-05-09 21:50:28,OI401C9500,OI401C9500,159.0,0.0,0.0,0.0,1,126.5,135.5,1,159.0,124.0,0.0,0.0,0.0,0.0,109
2023-05-09 21:50:35,OI401C9500,OI401C9500,159.0,0.0,0.0,0.0,1,127.0,135.5,1,159.0,124.0,0.0,0.0,0.0,0.0,109
2023-05-09 21:51:07,OI401C9500,OI401C9500,159.0,0.0,0.0,0.0,1,127.5,135.5,1,159.0,124.0,0.0,0.0,0.0,0.0,109
2023-05-09 21:58:10,OI401C9500,OI401C9500,159.0,0.0,0.0,0.0,1,128.0,136.0,1,159.0,124.0,0.0,0.0,0.0,0.0,109
2023-05-09 21:58:10,OI401C9500,OI401C9500,159.0,0.0,0.0,0.0,1,128.0,302.5,1,159.0,124.0,0.0,0.0,0.0,0.0,109
2023-05-09 21:58:11,OI401C9500,OI401C9500,159.0,0.0,0.0,0.0,1,128.0,140.5,1,159.0,124.0,0.0,0.0,0.0,0.0,109
2023-05-09 21:58:11,OI401C9500,OI401C9500,159.0,0.0,0.0,0.0,1,128.5,140.5,1,159.0,124.0,0.0,0.0,0.0,0.0,109
2023-05-09 21:58:17,OI401C9500,OI401C9500,159.0,0.0,0.0,0.0,1,128.5,140.0,1,159.0,124.0,0.0,0.0,0.0,0.0,109
2023-05-09 21:59:17,OI401C9500,OI401C9500,159.0,0.0,0.0,0.0,1,129.0,140.0,1,159.0,124.0,0.0,0.0,0.0,0.0,109
2023-05-09 21:59:58,OI401C9500,OI401C9500,159.0,0.0,0.0,0.0,1,129.5,140.0,1,159.0,124.0,0.0,0.0,0.0,0.0,109
2023-05-09 22:00:01,OI401C9500,OI401C9500,159.0,0.0,0.0,0.0,1,130.0,140.0,1,159.0,124.0,0.0,0.0,0.0,0.0,109
2023-05-09 22:00:05,OI401C9500,OI401C9500,159.0,0.0,0.0,0.0,1,130.5,140.0,1,159.0,124.0,0.0,0.0,0.0,0.0,109
2023-05-09 22:03:30,OI401C9500,OI401C9500,159.0,0.0,0.0,0.0,1,130.5,139.5,1,159.0,124.0,0.0,0.0,0.0,0.0,109
2023-05-09 22:04:41,OI401C9500,OI401C9500,159.0,0.0,0.0,0.0,1,130.5,139.0,1,159.0,124.0,0.0,0.0,0.0,0.0,109
2023-05-09 22:06:06,OI401C9500,OI401C9500,159.0,0.0,0.0,0.0,1,130.0,139.0,1,159.0,124.0,0.0,0.0,0.0,0.0,109
2023-05-09 22:08:05,OI401C9500,OI401C9500,159.0,0.0,0.0,0.0,1,130.0,138.5,1,159.0,124.0,0.0,0.0,0.0,0.0,109
2023-05-09 22:08:08,OI401C9500,OI401C9500,159.0,0.0,0.0,0.0,1,126.0,138.5,1,159.0,124.0,0.0,0.0,0.0,0.0,109
2023-05-09 22:08:09,OI401C9500,OI401C9500,159.0,0.0,0.0,0.0,1,126.5,138.5,1,159.0,124.0,0.0,0.0,0.0,0.0,109
2023-05-09 22:09:06,OI401C9500,OI401C9500,159.0,0.0,0.0,0.0,1,127.0,138.5,1,159.0,124.0,0.0,0.0,0.0,0.0,109
2023-05-09 22:09:26,OI401C9500,OI401C9500,159.0,0.0,0.0,0.0,1,127.5,138.5,1,159.0,124.0,0.0,0.0,0.0,0.0,109
2023-05-09 22:10:24,OI401C9500,OI401C9500,159.0,0.0,0.0,0.0,1,127.5,138.0,1,159.0,124.0,0.0,0.0,0.0,0.0,109
2023-05-09 22:10:35,OI401C9500,OI401C9500,159.0,0.0,0.0,0.0,1,127.5,137.5,1,159.0,124.0,0.0,0.0,0.0,0.0,109
2023-05-09 22:11:43,OI401C9500,OI401C9500,159.0,0.0,0.0,0.0,1,127.5,137.0,1,159.0,124.0,0.0,0.0,0.0,0.0,109
2023-05-09 22:12:11,OI401C9500,OI401C9500,159.0,0.0,0.0,0.0,1,127.5,136.5,1,159.0,124.0,0.0,0.0,0.0,0.0,109
2023-05-09 22:14:23,OI401C9500,OI401C9500,159.0,0.0,0.0,0.0,1,127.5,136.0,1,159.0,124.0,0.0,0.0,0.0,0.0,109
2023-05-09 22:14:52,OI401C9500,OI401C9500,159.0,0.0,0.0,0.0,1,127.0,136.0,1,159.0,124.0,0.0,0.0,0.0,0.0,109
2023-05-09 22:15:08,OI401C9500,OI401C9500,159.0,0.0,0.0,0.0,1,95.0,135.5,1,159.0,124.0,0.0,0.0,0.0,0.0,109
2023-05-09 22:15:09,OI401C9500,OI401C9500,159.0,0.0,0.0,0.0,2,101.5,135.5,1,159.0,124.0,0.0,0.0,0.0,0.0,109
2023-05-09 22:15:09,OI401C9500,OI401C9500,159.0,0.0,0.0,0.0,1,123.5,135.5,1,159.0,124.0,0.0,0.0,0.0,0.0,109
2023-05-09 22:15:51,OI401C9500,OI401C9500,159.0,0.0,0.0,0.0,1,124.0,135.5,1,159.0,124.0,0.0,0.0,0.0,0.0,109
2023-05-09 22:16:03,OI401C9500,OI401C9500,159.0,0.0,0.0,0.0,1,124.5,135.5,1,159.0,124.0,0.0,0.0,0.0,0.0,109
2023-05-09 22:16:13,OI401C9500,OI401C9500,159.0,0.0,0.0,0.0,1,125.0,135.5,1,159.0,124.0,0.0,0.0,0.0,0.0,109
2023-05-09 22:16:30,OI401C9500,OI401C9500,159.0,0.0,0.0,0.0,1,125.5,135.5,1,159.0,124.0,0.0,0.0,0.0,0.0,109
2023-05-09 22:17:38,OI401C9500,OI401C9500,159.0,0.0,0.0,0.0,1,126.0,135.5,1,159.0,124.0,0.0,0.0,0.0,0.0,109
2023-05-09 22:22:27,OI401C9500,OI401C9500,159.0,0.0,0.0,0.0,1,126.0,135.0,1,159.0,124.0,0.0,0.0,0.0,0.0,109
2023-05-09 22:22:31,OI401C9500,OI401C9500,159.0,0.0,0.0,0.0,1,126.0,134.5,1,159.0,124.0,0.0,0.0,0.0,0.0,109
2023-05-09 22:22:32,OI401C9500,OI401C9500,159.0,0.0,0.0,0.0,1,95.0,134.5,1,159.0,124.0,0.0,0.0,0.0,0.0,109
2023-05-09 22:22:33,OI401C9500,OI401C9500,159.0,0.0,0.0,0.0,1,122.5,134.5,1,159.0,124.0,0.0,0.0,0.0,0.0,109
2023-05-09 22:22:34,OI401C9500,OI401C9500,159.0,0.0,0.0,0.0,1,122.5,134.0,1,159.0,124.0,0.0,0.0,0.0,0.0,109
2023-05-09 22:22:44,OI401C9500,OI401C9500,159.0,0.0,0.0,0.0,1,123.0,134.0,1,159.0,124.0,0.0,0.0,0.0,0.0,109
2023-05-09 22:23:53,OI401C9500,OI401C9500,159.0,0.0,0.0,0.0,1,123.5,134.0,1,159.0,124.0,0.0,0.0,0.0,0.0,109
2023-05-09 22:25:36,OI401C9500,OI401C9500,159.0,0.0,0.0,0.0,1,124.0,134.0,1,159.0,124.0,0.0,0.0,0.0,0.0,109
2023-05-09 22:26:06,OI401C9500,OI401C9500,159.0,0.0,0.0,0.0,1,125.0,134.0,1,159.0,124.0,0.0,0.0,0.0,0.0,109
2023-05-09 22:28:43,OI401C9500,OI401C9500,159.0,0.0,0.0,0.0,1,124.5,134.0,1,159.0,124.0,0.0,0.0,0.0,0.0,109
2023-05-09 22:29:11,OI401C9500,OI401C9500,159.0,0.0,0.0,0.0,1,124.5,133.5,1,159.0,124.0,0.0,0.0,0.0,0.0,109
2023-05-09 22:29:36,OI401C9500,OI401C9500,159.0,0.0,0.0,0.0,1,124.5,133.0,1,159.0,124.0,0.0,0.0,0.0,0.0,109
2023-05-09 22:31:31,OI401C9500,OI401C9500,159.0,0.0,0.0,0.0,1,120.5,133.0,1,159.0,124.0,0.0,0.0,0.0,0.0,109
2023-05-09 22:31:32,OI401C9500,OI401C9500,159.0,0.0,0.0,0.0,1,121.0,133.0,1,159.0,124.0,0.0,0.0,0.0,0.0,109
2023-05-09 22:31:34,OI401C9500,OI401C9500,159.0,0.0,0.0,0.0,1,121.5,133.0,1,159.0,124.0,0.0,0.0,0.0,0.0,109
2023-05-09 22:31:37,OI401C9500,OI401C9500,159.0,0.0,0.0,0.0,1,121.5,132.5,1,159.0,124.0,0.0,0.0,0.0,0.0,109
2023-05-09 22:32:05,OI401C9500,OI401C9500,159.0,0.0,0.0,0.0,1,122.0,132.5,1,159.0,124.0,0.0,0.0,0.0,0.0,109
2023-05-09 22:32:06,OI401C9500,OI401C9500,159.0,0.0,0.0,0.0,1,122.5,132.5,1,159.0,124.0,0.0,0.0,0.0,0.0,109
2023-05-09 22:34:10,OI401C9500,OI401C9500,159.0,0.0,0.0,0.0,1,123.0,132.5,1,159.0,124.0,0.0,0.0,0.0,0.0,109
2023-05-09 22:36:59,OI401C9500,OI401C9500,159.0,0.0,0.0,0.0,1,123.0,132.0,1,159.0,124.0,0.0,0.0,0.0,0.0,109
2023-05-09 22:38:28,OI401C9500,OI401C9500,159.0,0.0,0.0,0.0,1,123.0,131.5,1,159.0,124.0,0.0,0.0,0.0,0.0,109
2023-05-09 22:39:01,OI401C9500,OI401C9500,159.0,0.0,0.0,0.0,1,122.5,131.5,1,159.0,124.0,0.0,0.0,0.0,0.0,109
2023-05-09 22:56:08,OI401C9500,OI401C9500,159.0,0.0,0.0,0.0,1,95.0,228.0,1,159.0,124.0,0.0,0.0,0.0,0.0,109
2023-05-09 22:56:42,OI401C9500,OI401C9500,159.0,0.0,0.0,0.0,6,69.0,777.0,1,159.0,124.0,0.0,0.0,0.0,0.0,109
2023-05-09 22:56:44,OI401C9500,OI401C9500,159.0,0.0,0.0,0.0,2,69.5,777.0,1,159.0,124.0,0.0,0.0,0.0,0.0,109
2023-05-09 22:56:44,OI401C9500,OI401C9500,159.0,0.0,0.0,0.0,6,72.5,777.0,1,159.0,124.0,0.0,0.0,0.0,0.0,109
2023-05-09 22:56:45,OI401C9500,OI401C9500,159.0,0.0,0.0,0.0,2,73.0,777.0,1,159.0,124.0,0.0,0.0,0.0,0.0,109
2023-05-09 22:56:45,OI401C9500,OI401C9500,159.0,0.0,0.0,0.0,6,76.0,777.0,1,159.0,124.0,0.0,0.0,0.0,0.0,109
2023-05-09 22:57:20,OI401C9500,OI401C9500,159.0,0.0,0.0,0.0,2,66.0,777.0,1,159.0,124.0,0.0,0.0,0.0,0.0,109
2023-05-09 22:57:23,OI401C9500,OI401C9500,159.0,0.0,0.0,0.0,2,66.0,771.5,1,159.0,124.0,0.0,0.0,0.0,0.0,109
2023-05-09 22:58:13,OI401C9500,OI401C9500,159.0,0.0,0.0,0.0,2,66.0,777.0,1,159.0,124.0,0.0,0.0,0.0,0.0,109
2023-05-10 09:00:02,OI401C9500,OI401C9500,159.0,0.0,0.0,0.0,1,79.5,777.0,1,159.0,124.0,0.0,0.0,0.0,0.0,109
2023-05-10 09:00:02,OI401C9500,OI401C9500,159.0,0.0,0.0,0.0,6,82.5,777.0,1,159.0,124.0,0.0,0.0,0.0,0.0,109
2023-05-10 09:00:06,OI401C9500,OI401C9500,159.0,0.0,0.0,0.0,6,82.5,290.0,1,159.0,124.0,0.0,0.0,0.0,0.0,109
2023-05-10 09:01:27,OI401C9500,OI401C9500,159.0,0.0,0.0,0.0,6,92.0,290.0,1,159.0,124.0,0.0,0.0,0.0,0.0,109
2023-05-10 09:01:28,OI401C9500,OI401C9500,159.0,0.0,0.0,0.0,2,98.5,290.0,1,159.0,124.0,0.0,0.0,0.0,0.0,109
2023-05-10 09:01:28,OI401C9500,OI401C9500,159.0,0.0,0.0,0.0,2,98.5,139.5,1,159.0,124.0,0.0,0.0,0.0,0.0,109
2023-05-10 09:01:29,OI401C9500,OI401C9500,159.0,0.0,0.0,0.0,1,124.5,139.5,1,159.0,124.0,0.0,0.0,0.0,0.0,109
2023-05-10 09:01:31,OI401C9500,OI401C9500,159.0,0.0,0.0,0.0,1,125.0,139.5,1,159.0,124.0,0.0,0.0,0.0,0.0,109
2023-05-10 09:01:33,OI401C9500,OI401C9500,159.0,0.0,0.0,0.0,1,125.5,139.5,1,159.0,124.0,0.0,0.0,0.0,0.0,109
2023-05-10 09:01:42,OI401C9500,OI401C9500,159.0,0.0,0.0,0.0,1,126.0,139.5,1,159.0,124.0,0.0,0.0,0.0,0.0,109
2023-05-10 09:01:47,OI401C9500,OI401C9500,159.0,0.0,0.0,0.0,1,126.5,139.5,1,159.0,124.0,0.0,0.0,0.0,0.0,109
2023-05-10 09:01:52,OI401C9500,OI401C9500,159.0,0.0,0.0,0.0,1,127.0,139.5,1,159.0,124.0,0.0,0.0,0.0,0.0,109
2023-05-10 09:02:10,OI401C9500,OI401C9500,159.0,0.0,0.0,0.0,1,127.0,139.0,1,159.0,124.0,0.0,0.0,0.0,0.0,109
2023-05-10 09:02:25,OI401C9500,OI401C9500,159.0,0.0,0.0,0.0,1,127.0,138.5,1,159.0,124.0,0.0,0.0,0.0,0.0,109
2023-05-10 09:03:01,OI401C9500,OI401C9500,159.0,0.0,0.0,0.0,1,127.5,138.5,1,159.0,124.0,0.0,0.0,0.0,0.0,109
2023-05-10 09:03:29,OI401C9500,OI401C9500,159.0,0.0,0.0,0.0,1,127.5,138.0,1,159.0,124.0,0.0,0.0,0.0,0.0,109
2023-05-10 09:03:36,OI401C9500,OI401C9500,159.0,0.0,0.0,0.0,1,127.5,137.5,1,159.0,124.0,0.0,0.0,0.0,0.0,109
2023-05-10 09:04:07,OI401C9500,OI401C9500,159.0,0.0,0.0,0.0,1,128.0,137.5,1,159.0,124.0,0.0,0.0,0.0,0.0,109
2023-05-10 09:04:08,OI401C9500,OI401C9500,159.0,0.0,0.0,0.0,1,128.5,137.5,1,159.0,124.0,0.0,0.0,0.0,0.0,109
2023-05-10 09:04:37,OI401C9500,OI401C9500,159.0,0.0,0.0,0.0,1,129.0,137.5,1,159.0,124.0,0.0,0.0,0.0,0.0,109
2023-05-10 09:05:01,OI401C9500,OI401C9500,159.0,0.0,0.0,0.0,1,129.5,137.5,1,159.0,124.0,0.0,0.0,0.0,0.0,109
2023-05-10 09:05:03,OI401C9500,OI401C9500,159.0,0.0,0.0,0.0,1,130.0,137.5,1,159.0,124.0,0.0,0.0,0.0,0.0,109
2023-05-10 09:05:35,OI401C9500,OI401C9500,159.0,0.0,0.0,0.0,1,130.5,137.5,1,159.0,124.0,0.0,0.0,0.0,0.0,109
2023-05-10 09:06:18,OI401C9500,OI401C9500,159.0,0.0,0.0,0.0,1,131.0,137.5,1,159.0,124.0,0.0,0.0,0.0,0.0,109
2023-05-10 09:06:19,OI401C9500,OI401C9500,159.0,0.0,0.0,0.0,1,131.0,138.0,1,159.0,124.0,0.0,0.0,0.0,0.0,109
2023-05-10 09:06:25,OI401C9500,OI401C9500,159.0,0.0,0.0,0.0,1,131.5,138.0,1,159.0,124.0,0.0,0.0,0.0,0.0,109
2023-05-10 09:06:31,OI401C9500,OI401C9500,159.0,0.0,0.0,0.0,1,132.0,142.0,1,159.0,124.0,0.0,0.0,0.0,0.0,109
2023-05-10 09:06:31,OI401C9500,OI401C9500,159.0,0.0,0.0,0.0,1,132.0,141.5,1,159.0,124.0,0.0,0.0,0.0,0.0,109
2023-05-10 09:06:35,OI401C9500,OI401C9500,159.0,0.0,0.0,0.0,1,132.5,141.5,1,159.0,124.0,0.0,0.0,0.0,0.0,109
2023-05-10 09:06:54,OI401C9500,OI401C9500,159.0,0.0,0.0,0.0,1,133.0,141.5,1,159.0,124.0,0.0,0.0,0.0,0.0,109
2023-05-10 09:07:03,OI401C9500,OI401C9500,159.0,0.0,0.0,0.0,1,133.5,141.5,1,159.0,124.0,0.0,0.0,0.0,0.0,109
2023-05-10 09:07:47,OI401C9500,OI401C9500,159.0,0.0,0.0,0.0,1,134.0,141.5,1,159.0,124.0,0.0,0.0,0.0,0.0,109
2023-05-10 09:08:01,OI401C9500,OI401C9500,159.0,0.0,0.0,0.0,1,134.5,141.5,1,159.0,124.0,0.0,0.0,0.0,0.0,109
2023-05-10 09:12:35,OI401C9500,OI401C9500,159.0,0.0,0.0,0.0,1,134.0,141.5,1,159.0,124.0,0.0,0.0,0.0,0.0,109
2023-05-10 09:12:45,OI401C9500,OI401C9500,159.0,0.0,0.0,0.0,1,134.0,141.0,1,159.0,124.0,0.0,0.0,0.0,0.0,109
2023-05-10 09:15:06,OI401C9500,OI401C9500,159.0,0.0,0.0,0.0,1,134.5,141.0,1,159.0,124.0,0.0,0.0,0.0,0.0,109
2023-05-10 09:18:41,OI401C9500,OI401C9500,159.0,0.0,0.0,0.0,1,134.5,141.5,1,159.0,124.0,0.0,0.0,0.0,0.0,109
2023-05-10 09:18:41,OI401C9500,OI401C9500,159.0,0.0,0.0,0.0,1,134.5,290.0,1,159.0,124.0,0.0,0.0,0.0,0.0,109
2023-05-10 09:18:42,OI401C9500,OI401C9500,159.0,0.0,0.0,0.0,1,134.5,144.5,1,159.0,124.0,0.0,0.0,0.0,0.0,109
2023-05-10 09:18:43,OI401C9500,OI401C9500,159.0,0.0,0.0,0.0,1,135.0,144.5,1,159.0,124.0,0.0,0.0,0.0,0.0,109
2023-05-10 09:18:49,OI401C9500,OI401C9500,159.0,0.0,0.0,0.0,1,135.5,144.5,1,159.0,124.0,0.0,0.0,0.0,0.0,109
2023-05-10 09:18:58,OI401C9500,OI401C9500,159.0,0.0,0.0,0.0,1,136.0,144.5,1,159.0,124.0,0.0,0.0,0.0,0.0,109
2023-05-10 09:19:04,OI401C9500,OI401C9500,159.0,0.0,0.0,0.0,1,136.5,144.5,1,159.0,124.0,0.0,0.0,0.0,0.0,109
2023-05-10 09:19:10,OI401C9500,OI401C9500,159.0,0.0,0.0,0.0,1,137.0,144.5,1,159.0,124.0,0.0,0.0,0.0,0.0,109
2023-05-10 09:20:02,OI401C9500,OI401C9500,159.0,0.0,0.0,0.0,1,137.0,144.0,1,159.0,124.0,0.0,0.0,0.0,0.0,109
2023-05-10 09:20:03,OI401C9500,OI401C9500,159.0,0.0,0.0,0.0,1,136.5,144.0,1,159.0,124.0,0.0,0.0,0.0,0.0,109
2023-05-10 09:20:26,OI401C9500,OI401C9500,159.0,0.0,0.0,0.0,1,136.5,143.5,1,159.0,124.0,0.0,0.0,0.0,0.0,109
2023-05-10 09:20:31,OI401C9500,OI401C9500,159.0,0.0,0.0,0.0,1,133.5,143.5,1,159.0,124.0,0.0,0.0,0.0,0.0,109
2023-05-10 09:20:38,OI401C9500,OI401C9500,159.0,0.0,0.0,0.0,1,133.5,143.0,1,159.0,124.0,0.0,0.0,0.0,0.0,109
2023-05-10 09:20:42,OI401C9500,OI401C9500,159.0,0.0,0.0,0.0,1,134.0,143.0,1,159.0,124.0,0.0,0.0,0.0,0.0,109
2023-05-10 09:23:00,OI401C9500,OI401C9500,159.0,0.0,0.0,0.0,1,134.5,143.0,1,159.0,124.0,0.0,0.0,0.0,0.0,109
2023-05-10 09:23:11,OI401C9500,OI401C9500,159.0,0.0,0.0,0.0,1,135.0,143.0,1,159.0,124.0,0.0,0.0,0.0,0.0,109
2023-05-10 09:26:09,OI401C9500,OI401C9500,159.0,0.0,0.0,0.0,1,135.5,143.0,1,159.0,124.0,0.0,0.0,0.0,0.0,109
2023-05-10 09:26:20,OI401C9500,OI401C9500,159.0,0.0,0.0,0.0,1,136.0,143.0,1,159.0,124.0,0.0,0.0,0.0,0.0,109
2023-05-10 09:29:51,OI401C9500,OI401C9500,159.0,0.0,0.0,0.0,1,135.5,143.0,1,159.0,124.0,0.0,0.0,0.0,0.0,109
2023-05-10 09:29:54,OI401C9500,OI401C9500,159.0,0.0,0.0,0.0,1,135.5,142.5,1,159.0,124.0,0.0,0.0,0.0,0.0,109
2023-05-10 09:29:55,OI401C9500,OI401C9500,159.0,0.0,0.0,0.0,1,132.5,142.5,1,159.0,124.0,0.0,0.0,0.0,0.0,109
2023-05-10 09:29:55,OI401C9500,OI401C9500,159.0,0.0,0.0,0.0,1,133.0,142.5,1,159.0,124.0,0.0,0.0,0.0,0.0,109
2023-05-10 09:30:01,OI401C9500,OI401C9500,159.0,0.0,0.0,0.0,1,133.5,142.5,1,159.0,124.0,0.0,0.0,0.0,0.0,109
2023-05-10 09:30:07,OI401C9500,OI401C9500,159.0,0.0,0.0,0.0,1,134.0,142.5,1,159.0,124.0,0.0,0.0,0.0,0.0,109
2023-05-10 09:30:09,OI401C9500,OI401C9500,159.0,0.0,0.0,0.0,1,134.5,142.5,1,159.0,124.0,0.0,0.0,0.0,0.0,109
2023-05-10 09:31:43,OI401C9500,OI401C9500,159.0,0.0,0.0,0.0,1,135.0,142.5,1,159.0,124.0,0.0,0.0,0.0,0.0,109
2023-05-10 09:31:47,OI401C9500,OI401C9500,159.0,0.0,0.0,0.0,1,135.5,142.5,1,159.0,124.0,0.0,0.0,0.0,0.0,109
2023-05-10 09:33:46,OI401C9500,OI401C9500,159.0,0.0,0.0,0.0,1,136.0,142.5,1,159.0,124.0,0.0,0.0,0.0,0.0,109
2023-05-10 09:37:34,OI401C9500,OI401C9500,159.0,0.0,0.0,0.0,1,135.5,142.5,1,159.0,124.0,0.0,0.0,0.0,0.0,109
2023-05-10 09:43:18,OI401C9500,OI401C9500,159.0,0.0,0.0,0.0,1,132.5,142.5,1,159.0,124.0,0.0,0.0,0.0,0.0,109
2023-05-10 09:43:26,OI401C9500,OI401C9500,159.0,0.0,0.0,0.0,1,132.5,142.0,1,159.0,124.0,0.0,0.0,0.0,0.0,109
2023-05-10 09:43:45,OI401C9500,OI401C9500,159.0,0.0,0.0,0.0,1,132.5,141.5,1,159.0,124.0,0.0,0.0,0.0,0.0,109
2023-05-10 09:43:54,OI401C9500,OI401C9500,159.0,0.0,0.0,0.0,1,132.5,141.0,1,159.0,124.0,0.0,0.0,0.0,0.0,109
2023-05-10 09:45:05,OI401C9500,OI401C9500,159.0,0.0,0.0,0.0,1,133.0,141.0,1,159.0,124.0,0.0,0.0,0.0,0.0,109
2023-05-10 09:47:08,OI401C9500,OI401C9500,159.0,0.0,0.0,0.0,1,133.5,141.0,1,159.0,124.0,0.0,0.0,0.0,0.0,109
2023-05-10 09:47:12,OI401C9500,OI401C9500,159.0,0.0,0.0,0.0,1,134.0,141.0,1,159.0,124.0,0.0,0.0,0.0,0.0,109
2023-05-10 09:48:08,OI401C9500,OI401C9500,159.0,0.0,0.0,0.0,1,134.5,141.0,1,159.0,124.0,0.0,0.0,0.0,0.0,109
2023-05-10 09:50:01,OI401C9500,OI401C9500,159.0,0.0,0.0,0.0,1,135.0,141.0,1,159.0,124.0,0.0,0.0,0.0,0.0,109
2023-05-10 09:50:02,OI401C9500,OI401C9500,159.0,0.0,0.0,0.0,1,135.0,141.5,1,159.0,124.0,0.0,0.0,0.0,0.0,109
2023-05-10 09:56:26,OI401C9500,OI401C9500,159.0,0.0,0.0,0.0,1,134.5,141.5,1,159.0,124.0,0.0,0.0,0.0,0.0,109
2023-05-10 09:57:02,OI401C9500,OI401C9500,159.0,0.0,0.0,0.0,1,131.5,141.5,1,159.0,124.0,0.0,0.0,0.0,0.0,109
2023-05-10 09:57:05,OI401C9500,OI401C9500,159.0,0.0,0.0,0.0,1,132.0,141.5,1,159.0,124.0,0.0,0.0,0.0,0.0,109
2023-05-10 09:57:12,OI401C9500,OI401C9500,159.0,0.0,0.0,0.0,1,132.5,141.5,1,159.0,124.0,0.0,0.0,0.0,0.0,109
2023-05-10 09:57:53,OI401C9500,OI401C9500,159.0,0.0,0.0,0.0,1,132.5,141.0,1,159.0,124.0,0.0,0.0,0.0,0.0,109
2023-05-10 09:58:49,OI401C9500,OI401C9500,159.0,0.0,0.0,0.0,1,133.0,141.0,1,159.0,124.0,0.0,0.0,0.0,0.0,109
2023-05-10 09:59:08,OI401C9500,OI401C9500,159.0,0.0,0.0,0.0,1,133.5,141.0,1,159.0,124.0,0.0,0.0,0.0,0.0,109
2023-05-10 09:59:33,OI401C9500,OI401C9500,159.0,0.0,0.0,0.0,1,134.0,141.0,1,159.0,124.0,0.0,0.0,0.0,0.0,109
2023-05-10 10:00:05,OI401C9500,OI401C9500,159.0,0.0,0.0,0.0,1,134.5,141.0,1,159.0,124.0,0.0,0.0,0.0,0.0,109
2023-05-10 10:02:51,OI401C9500,OI401C9500,159.0,0.0,0.0,0.0,1,135.0,141.5,1,159.0,124.0,0.0,0.0,0.0,0.0,109
2023-05-10 10:07:42,OI401C9500,OI401C9500,159.0,0.0,0.0,0.0,1,134.5,141.5,1,159.0,124.0,0.0,0.0,0.0,0.0,109
2023-05-10 10:30:30,OI401C9500,OI401C9500,159.0,0.0,0.0,0.0,1,131.5,141.5,1,159.0,124.0,0.0,0.0,0.0,0.0,109
2023-05-10 10:30:35,OI401C9500,OI401C9500,159.0,0.0,0.0,0.0,1,132.0,141.5,1,159.0,124.0,0.0,0.0,0.0,0.0,109
2023-05-10 10:30:40,OI401C9500,OI401C9500,159.0,0.0,0.0,0.0,1,132.5,141.5,1,159.0,124.0,0.0,0.0,0.0,0.0,109
2023-05-10 10:30:50,OI401C9500,OI401C9500,159.0,0.0,0.0,0.0,1,132.5,141.0,1,159.0,124.0,0.0,0.0,0.0,0.0,109
2023-05-10 10:31:03,OI401C9500,OI401C9500,159.0,0.0,0.0,0.0,1,133.0,141.0,1,159.0,124.0,0.0,0.0,0.0,0.0,109
2023-05-10 10:31:07,OI401C9500,OI401C9500,159.0,0.0,0.0,0.0,1,133.5,141.0,1,159.0,124.0,0.0,0.0,0.0,0.0,109
2023-05-10 10:31:15,OI401C9500,OI401C9500,159.0,0.0,0.0,0.0,1,134.0,141.0,1,159.0,124.0,0.0,0.0,0.0,0.0,109
2023-05-10 10:35:15,OI401C9500,OI401C9500,159.0,0.0,0.0,0.0,1,133.5,141.0,1,159.0,124.0,0.0,0.0,0.0,0.0,109
2023-05-10 10:35:16,OI401C9500,OI401C9500,159.0,0.0,0.0,0.0,1,105.0,141.0,1,159.0,124.0,0.0,0.0,0.0,0.0,109
2023-05-10 10:35:16,OI401C9500,OI401C9500,159.0,0.0,0.0,0.0,2,108.5,141.0,1,159.0,124.0,0.0,0.0,0.0,0.0,109
2023-05-10 10:35:18,OI401C9500,OI401C9500,159.0,0.0,0.0,0.0,1,130.5,140.5,1,159.0,124.0,0.0,0.0,0.0,0.0,109
2023-05-10 10:35:19,OI401C9500,OI401C9500,159.0,0.0,0.0,0.0,1,131.0,140.5,1,159.0,124.0,0.0,0.0,0.0,0.0,109
2023-05-10 10:35:30,OI401C9500,OI401C9500,159.0,0.0,0.0,0.0,1,131.0,140.0,1,159.0,124.0,0.0,0.0,0.0,0.0,109
2023-05-10 10:35:51,OI401C9500,OI401C9500,159.0,0.0,0.0,0.0,1,131.0,139.5,1,159.0,124.0,0.0,0.0,0.0,0.0,109
2023-05-10 10:37:36,OI401C9500,OI401C9500,159.0,0.0,0.0,0.0,1,131.0,139.0,1,159.0,124.0,0.0,0.0,0.0,0.0,109
2023-05-10 10:38:00,OI401C9500,OI401C9500,159.0,0.0,0.0,0.0,1,131.0,138.5,1,159.0,124.0,0.0,0.0,0.0,0.0,109
2023-05-10 10:38:04,OI401C9500,OI401C9500,159.0,0.0,0.0,0.0,1,131.0,138.0,1,159.0,124.0,0.0,0.0,0.0,0.0,109
2023-05-10 10:39:20,OI401C9500,OI401C9500,159.0,0.0,0.0,0.0,1,130.5,138.0,1,159.0,124.0,0.0,0.0,0.0,0.0,109
2023-05-10 10:39:23,OI401C9500,OI401C9500,159.0,0.0,0.0,0.0,1,130.5,137.5,1,159.0,124.0,0.0,0.0,0.0,0.0,109
2023-05-10 10:39:26,OI401C9500,OI401C9500,159.0,0.0,0.0,0.0,1,127.5,137.5,1,159.0,124.0,0.0,0.0,0.0,0.0,109
2023-05-10 10:39:26,OI401C9500,OI401C9500,159.0,0.0,0.0,0.0,1,128.0,137.5,1,159.0,124.0,0.0,0.0,0.0,0.0,109
2023-05-10 10:40:06,OI401C9500,OI401C9500,159.0,0.0,0.0,0.0,1,128.0,137.0,1,159.0,124.0,0.0,0.0,0.0,0.0,109
2023-05-10 10:40:29,OI401C9500,OI401C9500,159.0,0.0,0.0,0.0,1,128.5,137.0,1,159.0,124.0,0.0,0.0,0.0,0.0,109
2023-05-10 10:40:36,OI401C9500,OI401C9500,159.0,0.0,0.0,0.0,1,129.0,137.0,1,159.0,124.0,0.0,0.0,0.0,0.0,109
2023-05-10 10:41:03,OI401C9500,OI401C9500,159.0,0.0,0.0,0.0,1,129.5,137.0,1,159.0,124.0,0.0,0.0,0.0,0.0,109
2023-05-10 10:41:18,OI401C9500,OI401C9500,159.0,0.0,0.0,0.0,1,130.0,137.0,1,159.0,124.0,0.0,0.0,0.0,0.0,109
2023-05-10 10:45:10,OI401C9500,OI401C9500,159.0,0.0,0.0,0.0,1,130.5,137.0,1,159.0,124.0,0.0,0.0,0.0,0.0,109
2023-05-10 10:45:20,OI401C9500,OI401C9500,159.0,0.0,0.0,0.0,1,130.5,137.5,1,159.0,124.0,0.0,0.0,0.0,0.0,109
2023-05-10 10:45:21,OI401C9500,OI401C9500,159.0,0.0,0.0,0.0,1,131.0,137.5,1,159.0,124.0,0.0,0.0,0.0,0.0,109
2023-05-10 10:48:10,OI401C9500,OI401C9500,159.0,0.0,0.0,0.0,1,130.5,137.5,1,159.0,124.0,0.0,0.0,0.0,0.0,109
2023-05-10 10:48:11,OI401C9500,OI401C9500,159.0,0.0,0.0,0.0,1,105.0,137.5,1,159.0,124.0,0.0,0.0,0.0,0.0,109
2023-05-10 10:48:12,OI401C9500,OI401C9500,159.0,0.0,0.0,0.0,1,127.5,137.5,1,159.0,124.0,0.0,0.0,0.0,0.0,109
2023-05-10 10:48:12,OI401C9500,OI401C9500,159.0,0.0,0.0,0.0,1,127.5,137.0,1,159.0,124.0,0.0,0.0,0.0,0.0,109
2023-05-10 10:48:18,OI401C9500,OI401C9500,159.0,0.0,0.0,0.0,1,128.0,137.0,1,159.0,124.0,0.0,0.0,0.0,0.0,109
2023-05-10 10:49:01,OI401C9500,OI401C9500,159.0,0.0,0.0,0.0,1,128.5,137.0,1,159.0,124.0,0.0,0.0,0.0,0.0,109
2023-05-10 10:49:16,OI401C9500,OI401C9500,159.0,0.0,0.0,0.0,1,129.0,137.0,1,159.0,124.0,0.0,0.0,0.0,0.0,109
2023-05-10 10:53:11,OI401C9500,OI401C9500,159.0,0.0,0.0,0.0,1,129.0,136.5,1,159.0,124.0,0.0,0.0,0.0,0.0,109
2023-05-10 11:01:06,OI401C9500,OI401C9500,159.0,0.0,0.0,0.0,1,129.5,136.5,1,159.0,124.0,0.0,0.0,0.0,0.0,109
2023-05-10 11:10:10,OI401C9500,OI401C9500,159.0,0.0,0.0,0.0,1,130.0,136.5,1,159.0,124.0,0.0,0.0,0.0,0.0,109
2023-05-10 11:10:26,OI401C9500,OI401C9500,159.0,0.0,0.0,0.0,1,130.5,137.0,1,159.0,124.0,0.0,0.0,0.0,0.0,109
2023-05-10 11:14:25,OI401C9500,OI401C9500,159.0,0.0,0.0,0.0,1,131.0,141.0,1,159.0,124.0,0.0,0.0,0.0,0.0,109
2023-05-10 11:14:26,OI401C9500,OI401C9500,159.0,0.0,0.0,0.0,1,131.0,140.5,1,159.0,124.0,0.0,0.0,0.0,0.0,109
2023-05-10 11:14:29,OI401C9500,OI401C9500,159.0,0.0,0.0,0.0,1,131.0,140.0,1,159.0,124.0,0.0,0.0,0.0,0.0,109
2023-05-10 11:14:36,OI401C9500,OI401C9500,159.0,0.0,0.0,0.0,1,131.0,139.5,1,159.0,124.0,0.0,0.0,0.0,0.0,109
2023-05-10 11:14:59,OI401C9500,OI401C9500,159.0,0.0,0.0,0.0,1,131.0,139.0,1,159.0,124.0,0.0,0.0,0.0,0.0,109
2023-05-10 11:15:05,OI401C9500,OI401C9500,159.0,0.0,0.0,0.0,1,131.0,138.5,1,159.0,124.0,0.0,0.0,0.0,0.0,109
2023-05-10 11:16:00,OI401C9500,OI401C9500,159.0,0.0,0.0,0.0,1,131.0,138.0,1,159.0,124.0,0.0,0.0,0.0,0.0,109
2023-05-10 11:16:02,OI401C9500,OI401C9500,159.0,0.0,0.0,0.0,1,130.5,137.5,1,159.0,124.0,0.0,0.0,0.0,0.0,109
2023-05-10 11:17:23,OI401C9500,OI401C9500,159.0,0.0,0.0,0.0,1,127.5,137.5,1,159.0,124.0,0.0,0.0,0.0,0.0,109
2023-05-10 11:17:24,OI401C9500,OI401C9500,159.0,0.0,0.0,0.0,1,127.5,137.0,1,159.0,124.0,0.0,0.0,0.0,0.0,109
2023-05-10 11:17:28,OI401C9500,OI401C9500,159.0,0.0,0.0,0.0,1,128.0,137.0,1,159.0,124.0,0.0,0.0,0.0,0.0,109
2023-05-10 11:19:07,OI401C9500,OI401C9500,159.0,0.0,0.0,0.0,1,128.5,137.0,1,159.0,124.0,0.0,0.0,0.0,0.0,109
2023-05-10 11:19:49,OI401C9500,OI401C9500,159.0,0.0,0.0,0.0,1,128.5,136.5,1,159.0,124.0,0.0,0.0,0.0,0.0,109
2023-05-10 11:21:37,OI401C9500,OI401C9500,159.0,0.0,0.0,0.0,1,128.5,136.0,1,159.0,124.0,0.0,0.0,0.0,0.0,109
2023-05-10 11:21:40,OI401C9500,OI401C9500,159.0,0.0,0.0,0.0,1,128.0,135.5,1,159.0,124.0,0.0,0.0,0.0,0.0,109
2023-05-10 11:25:57,OI401C9500,OI401C9500,159.0,0.0,0.0,0.0,1,128.0,135.0,1,159.0,124.0,0.0,0.0,0.0,0.0,109
2023-05-10 11:26:21,OI401C9500,OI401C9500,159.0,0.0,0.0,0.0,1,125.0,135.0,1,159.0,124.0,0.0,0.0,0.0,0.0,109
2023-05-10 11:26:22,OI401C9500,OI401C9500,159.0,0.0,0.0,0.0,1,125.0,134.5,1,159.0,124.0,0.0,0.0,0.0,0.0,109
2023-05-10 11:26:26,OI401C9500,OI401C9500,159.0,0.0,0.0,0.0,1,125.5,134.5,1,159.0,124.0,0.0,0.0,0.0,0.0,109
2023-05-10 11:27:07,OI401C9500,OI401C9500,159.0,0.0,0.0,0.0,1,126.0,134.5,1,159.0,124.0,0.0,0.0,0.0,0.0,109
2023-05-10 11:28:45,OI401C9500,OI401C9500,159.0,0.0,0.0,0.0,1,126.5,134.5,1,159.0,124.0,0.0,0.0,0.0,0.0,109
2023-05-10 11:29:11,OI401C9500,OI401C9500,159.0,0.0,0.0,0.0,1,127.0,134.5,1,159.0,124.0,0.0,0.0,0.0,0.0,109
2023-05-10 11:29:36,OI401C9500,OI401C9500,159.0,0.0,0.0,0.0,1,105.0,290.0,1,159.0,124.0,0.0,0.0,0.0,0.0,109
2023-05-10 11:29:42,OI401C9500,OI401C9500,159.0,0.0,0.0,0.0,2,66.0,777.0,1,159.0,124.0,0.0,0.0,0.0,0.0,109
2023-05-10 13:30:00,OI401C9500,OI401C9500,159.0,0.0,0.0,0.0,6,69.0,777.0,1,159.0,124.0,0.0,0.0,0.0,0.0,109
2023-05-10 13:30:34,OI401C9500,OI401C9500,159.0,0.0,0.0,0.0,1,96.5,777.0,1,159.0,124.0,0.0,0.0,0.0,0.0,109
2023-05-10 13:30:38,OI401C9500,OI401C9500,159.0,0.0,0.0,0.0,1,96.5,295.5,1,159.0,124.0,0.0,0.0,0.0,0.0,109
2023-05-10 13:30:58,OI401C9500,OI401C9500,159.0,0.0,0.0,0.0,1,96.5,136.0,1,159.0,124.0,0.0,0.0,0.0,0.0,109
2023-05-10 13:30:59,OI401C9500,OI401C9500,159.0,0.0,0.0,0.0,1,96.5,135.5,1,159.0,124.0,0.0,0.0,0.0,0.0,109
2023-05-10 13:31:01,OI401C9500,OI401C9500,159.0,0.0,0.0,0.0,1,124.0,135.5,1,159.0,124.0,0.0,0.0,0.0,0.0,109
2023-05-10 13:31:06,OI401C9500,OI401C9500,159.0,0.0,0.0,0.0,1,124.0,135.0,1,159.0,124.0,0.0,0.0,0.0,0.0,109
2023-05-10 13:31:11,OI401C9500,OI401C9500,159.0,0.0,0.0,0.0,1,124.0,134.5,1,159.0,124.0,0.0,0.0,0.0,0.0,109
2023-05-10 13:31:37,OI401C9500,OI401C9500,159.0,0.0,0.0,0.0,1,124.0,134.0,1,159.0,124.0,0.0,0.0,0.0,0.0,109
2023-05-10 13:31:45,OI401C9500,OI401C9500,159.0,0.0,0.0,0.0,1,124.0,133.5,1,159.0,124.0,0.0,0.0,0.0,0.0,109
2023-05-10 13:37:41,OI401C9500,OI401C9500,159.0,0.0,0.0,0.0,4,124.0,133.5,4,159.0,124.0,0.0,0.0,0.0,0.0,109
2023-05-10 13:37:42,OI401C9500,OI401C9500,159.0,0.0,0.0,0.0,4,124.0,133.5,7,159.0,124.0,0.0,0.0,0.0,0.0,109
2023-05-10 13:37:47,OI401C9500,OI401C9500,159.0,0.0,0.0,0.0,7,124.0,133.5,10,159.0,124.0,0.0,0.0,0.0,0.0,109
2023-05-10 13:37:52,OI401C9500,OI401C9500,159.0,0.0,0.0,0.0,10,124.0,133.5,13,159.0,124.0,0.0,0.0,0.0,0.0,109
2023-05-10 13:37:53,OI401C9500,OI401C9500,159.0,0.0,0.0,0.0,7,124.0,133.5,10,159.0,124.0,0.0,0.0,0.0,0.0,109
2023-05-10 13:37:54,OI401C9500,OI401C9500,159.0,0.0,0.0,0.0,4,124.0,126.0,3,159.0,124.0,0.0,0.0,0.0,0.0,109
2023-05-10 13:37:54,OI401C9500,OI401C9500,159.0,0.0,0.0,0.0,4,124.0,126.0,6,159.0,124.0,0.0,0.0,0.0,0.0,109
2023-05-10 13:37:56,OI401C9500,OI401C9500,159.0,0.0,0.0,0.0,4,124.0,126.0,3,159.0,124.0,0.0,0.0,0.0,0.0,109
2023-05-10 13:37:57,OI401C9500,OI401C9500,124.0,3.0,372.0,0.0,1,124.0,126.0,3,159.0,124.0,124.0,124.0,3.0,372.0,109
2023-05-10 13:38:00,OI401C9500,OI401C9500,126.0,3.0,378.0,0.0,3,125.5,126.5,3,159.0,124.0,126.0,124.0,6.0,750.0,109
2023-05-10 13:38:07,OI401C9500,OI401C9500,126.0,0.0,0.0,0.0,3,125.5,130.0,3,159.0,124.0,126.0,124.0,6.0,750.0,109
2023-05-10 13:38:07,OI401C9500,OI401C9500,126.0,0.0,0.0,0.0,3,125.5,133.5,1,159.0,124.0,126.0,124.0,6.0,750.0,109
2023-05-10 13:40:47,OI401C9500,OI401C9500,126.0,0.0,0.0,0.0,3,125.5,133.0,1,159.0,124.0,126.0,124.0,6.0,750.0,109
2023-05-10 13:56:11,OI401C9500,OI401C9500,126.0,0.0,0.0,0.0,4,125.5,133.0,1,159.0,124.0,126.0,124.0,6.0,750.0,109
2023-05-10 14:06:34,OI401C9500,OI401C9500,126.0,0.0,0.0,0.0,1,126.0,133.0,1,159.0,124.0,126.0,124.0,6.0,750.0,109
2023-05-10 14:12:09,OI401C9500,OI401C9500,126.0,0.0,0.0,0.0,1,126.0,133.5,1,159.0,124.0,126.0,124.0,6.0,750.0,109
2023-05-10 14:12:14,OI401C9500,OI401C9500,126.0,0.0,0.0,0.0,1,126.5,133.5,1,159.0,124.0,126.0,124.0,6.0,750.0,109
2023-05-10 14:12:28,OI401C9500,OI401C9500,126.0,0.0,0.0,0.0,1,126.5,138.0,1,159.0,124.0,126.0,124.0,6.0,750.0,109
2023-05-10 14:12:29,OI401C9500,OI401C9500,126.0,0.0,0.0,0.0,1,127.0,138.0,1,159.0,124.0,126.0,124.0,6.0,750.0,109
2023-05-10 14:12:32,OI401C9500,OI401C9500,126.0,0.0,0.0,0.0,1,127.0,137.5,1,159.0,124.0,126.0,124.0,6.0,750.0,109
2023-05-10 14:13:02,OI401C9500,OI401C9500,126.0,0.0,0.0,0.0,1,127.0,137.0,1,159.0,124.0,126.0,124.0,6.0,750.0,109
2023-05-10 14:13:21,OI401C9500,OI401C9500,126.0,0.0,0.0,0.0,1,127.0,136.5,1,159.0,124.0,126.0,124.0,6.0,750.0,109
2023-05-10 14:16:49,OI401C9500,OI401C9500,126.0,0.0,0.0,0.0,1,127.0,136.0,1,159.0,124.0,126.0,124.0,6.0,750.0,109
2023-05-10 14:18:05,OI401C9500,OI401C9500,126.0,0.0,0.0,0.0,1,127.0,135.5,1,159.0,124.0,126.0,124.0,6.0,750.0,109
2023-05-10 14:19:34,OI401C9500,OI401C9500,126.0,0.0,0.0,0.0,1,127.0,135.0,1,159.0,124.0,126.0,124.0,6.0,750.0,109
2023-05-10 14:19:56,OI401C9500,OI401C9500,126.0,0.0,0.0,0.0,1,126.5,135.0,1,159.0,124.0,126.0,124.0,6.0,750.0,109
2023-05-10 14:21:15,OI401C9500,OI401C9500,126.0,0.0,0.0,0.0,1,126.5,134.5,1,159.0,124.0,126.0,124.0,6.0,750.0,109
2023-05-10 14:21:16,OI401C9500,OI401C9500,126.0,0.0,0.0,0.0,3,125.5,134.5,1,159.0,124.0,126.0,124.0,6.0,750.0,109
2023-05-10 14:21:44,OI401C9500,OI401C9500,126.0,0.0,0.0,0.0,3,125.5,134.0,1,159.0,124.0,126.0,124.0,6.0,750.0,109
2023-05-10 14:26:28,OI401C9500,OI401C9500,126.0,0.0,0.0,0.0,4,125.5,134.0,1,159.0,124.0,126.0,124.0,6.0,750.0,109
2023-05-10 14:33:53,OI401C9500,OI401C9500,126.0,0.0,0.0,0.0,4,125.5,133.5,1,159.0,124.0,126.0,124.0,6.0,750.0,109
2023-05-10 14:39:21,OI401C9500,OI401C9500,126.0,0.0,0.0,0.0,3,125.5,133.0,1,159.0,124.0,126.0,124.0,6.0,750.0,109
2023-05-10 14:52:06,OI401C9500,OI401C9500,126.0,0.0,0.0,0.0,3,125.5,132.5,1,159.0,124.0,126.0,124.0,6.0,750.0,109
2023-05-10 14:53:00,OI401C9500,OI401C9500,126.0,0.0,0.0,0.0,3,125.5,132.0,1,159.0,124.0,126.0,124.0,6.0,750.0,109
2023-05-10 14:56:23,OI401C9500,OI401C9500,126.0,0.0,0.0,0.0,3,125.5,131.5,1,159.0,124.0,126.0,124.0,6.0,750.0,109
2023-05-10 14:59:06,OI401C9500,OI401C9500,126.0,0.0,0.0,0.0,3,125.5,292.0,1,159.0,124.0,126.0,124.0,6.0,750.0,109
2023-05-10 14:59:34,OI401C9500,OI401C9500,126.0,0.0,0.0,0.0,1,96.5,292.0,1,159.0,124.0,126.0,124.0,6.0,750.0,109
2023-05-10 14:59:34,OI401C9500,OI401C9500,126.0,0.0,0.0,0.0,1,96.5,292.0,1,159.0,124.0,126.0,124.0,6.0,750.0,109
