time,symbol_id,symbol_name,last,trade_volume,trade_amount,open_interest_change,bv1,bp1,ap1,av1,yesterday_close,today_open,today_high,today_low,volume,amount,open_interest
2023-05-09 19:10:58,OI401P8700,OI401P8700,764.0,0.0,0.0,0.0,0,0.0,0.0,0,764.0,0.0,0.0,0.0,0.0,0.0,32
2023-05-09 21:00:00,OI401P8700,OI401P8700,764.0,0.0,0.0,0.0,1,610.5,939.5,1,764.0,0.0,0.0,0.0,0.0,0.0,32
2023-05-09 21:01:09,OI401P8700,OI401P8700,764.0,0.0,0.0,0.0,1,761.0,939.5,1,764.0,0.0,0.0,0.0,0.0,0.0,32
2023-05-09 21:01:10,OI401P8700,OI401P8700,764.0,0.0,0.0,0.0,1,761.0,795.5,1,764.0,0.0,0.0,0.0,0.0,0.0,32
2023-05-09 21:05:41,OI401P8700,OI401P8700,764.0,0.0,0.0,0.0,1,768.0,795.5,1,764.0,0.0,0.0,0.0,0.0,0.0,32
2023-05-09 21:10:42,OI401P8700,OI401P8700,764.0,0.0,0.0,0.0,1,768.0,787.5,1,764.0,0.0,0.0,0.0,0.0,0.0,32
2023-05-09 21:11:03,OI401P8700,OI401P8700,764.0,0.0,0.0,0.0,1,761.0,787.5,1,764.0,0.0,0.0,0.0,0.0,0.0,32
2023-05-09 21:13:47,OI401P8700,OI401P8700,764.0,0.0,0.0,0.0,1,761.0,779.5,1,764.0,0.0,0.0,0.0,0.0,0.0,32
2023-05-09 21:19:10,OI401P8700,OI401P8700,764.0,0.0,0.0,0.0,1,766.0,787.5,1,764.0,0.0,0.0,0.0,0.0,0.0,32
2023-05-09 21:24:55,OI401P8700,OI401P8700,764.0,0.0,0.0,0.0,1,771.0,787.5,1,764.0,0.0,0.0,0.0,0.0,0.0,32
2023-05-09 21:30:26,OI401P8700,OI401P8700,764.0,0.0,0.0,0.0,1,771.0,796.0,1,764.0,0.0,0.0,0.0,0.0,0.0,32
2023-05-09 21:30:36,OI401P8700,OI401P8700,764.0,0.0,0.0,0.0,1,776.0,796.0,1,764.0,0.0,0.0,0.0,0.0,0.0,32
2023-05-09 21:32:20,OI401P8700,OI401P8700,764.0,0.0,0.0,0.0,1,782.0,796.0,1,764.0,0.0,0.0,0.0,0.0,0.0,32
2023-05-09 21:32:21,OI401P8700,OI401P8700,764.0,0.0,0.0,0.0,1,782.0,939.5,1,764.0,0.0,0.0,0.0,0.0,0.0,32
2023-05-09 21:32:21,OI401P8700,OI401P8700,764.0,0.0,0.0,0.0,1,782.0,877.5,1,764.0,0.0,0.0,0.0,0.0,0.0,32
2023-05-09 21:32:22,OI401P8700,OI401P8700,764.0,0.0,0.0,0.0,1,782.0,804.5,1,764.0,0.0,0.0,0.0,0.0,0.0,32
2023-05-09 21:32:29,OI401P8700,OI401P8700,764.0,0.0,0.0,0.0,1,787.0,804.5,1,764.0,0.0,0.0,0.0,0.0,0.0,32
2023-05-09 21:33:34,OI401P8700,OI401P8700,764.0,0.0,0.0,0.0,1,782.0,804.5,1,764.0,0.0,0.0,0.0,0.0,0.0,32
2023-05-09 21:34:22,OI401P8700,OI401P8700,764.0,0.0,0.0,0.0,1,775.5,804.5,1,764.0,0.0,0.0,0.0,0.0,0.0,32
2023-05-09 21:34:23,OI401P8700,OI401P8700,764.0,0.0,0.0,0.0,1,775.5,797.5,1,764.0,0.0,0.0,0.0,0.0,0.0,32
2023-05-09 21:38:10,OI401P8700,OI401P8700,764.0,0.0,0.0,0.0,1,781.0,797.5,1,764.0,0.0,0.0,0.0,0.0,0.0,32
2023-05-09 21:38:45,OI401P8700,OI401P8700,764.0,0.0,0.0,0.0,1,781.0,804.5,1,764.0,0.0,0.0,0.0,0.0,0.0,32
2023-05-09 21:40:38,OI401P8700,OI401P8700,764.0,0.0,0.0,0.0,1,786.0,804.5,1,764.0,0.0,0.0,0.0,0.0,0.0,32
2023-05-09 21:42:54,OI401P8700,OI401P8700,764.0,0.0,0.0,0.0,1,781.0,804.5,1,764.0,0.0,0.0,0.0,0.0,0.0,32
2023-05-09 21:45:17,OI401P8700,OI401P8700,764.0,0.0,0.0,0.0,1,786.0,804.5,1,764.0,0.0,0.0,0.0,0.0,0.0,32
2023-05-09 21:45:37,OI401P8700,OI401P8700,764.0,0.0,0.0,0.0,1,791.5,877.5,1,764.0,0.0,0.0,0.0,0.0,0.0,32
2023-05-09 21:45:37,OI401P8700,OI401P8700,764.0,0.0,0.0,0.0,1,791.5,877.0,10,764.0,0.0,0.0,0.0,0.0,0.0,32
2023-05-09 21:45:38,OI401P8700,OI401P8700,764.0,0.0,0.0,0.0,1,791.5,813.0,1,764.0,0.0,0.0,0.0,0.0,0.0,32
2023-05-09 21:47:37,OI401P8700,OI401P8700,764.0,0.0,0.0,0.0,1,786.0,813.0,1,764.0,0.0,0.0,0.0,0.0,0.0,32
2023-05-09 21:50:12,OI401P8700,OI401P8700,764.0,0.0,0.0,0.0,1,786.0,805.5,1,764.0,0.0,0.0,0.0,0.0,0.0,32
2023-05-09 21:50:35,OI401P8700,OI401P8700,764.0,0.0,0.0,0.0,1,779.0,805.5,1,764.0,0.0,0.0,0.0,0.0,0.0,32
2023-05-09 21:52:58,OI401P8700,OI401P8700,764.0,0.0,0.0,0.0,1,784.5,805.5,1,764.0,0.0,0.0,0.0,0.0,0.0,32
2023-05-09 21:53:46,OI401P8700,OI401P8700,764.0,0.0,0.0,0.0,1,790.0,805.5,1,764.0,0.0,0.0,0.0,0.0,0.0,32
2023-05-09 21:57:52,OI401P8700,OI401P8700,764.0,0.0,0.0,0.0,1,784.5,805.5,1,764.0,0.0,0.0,0.0,0.0,0.0,32
2023-05-09 21:58:10,OI401P8700,OI401P8700,764.0,0.0,0.0,0.0,1,777.5,805.5,1,764.0,0.0,0.0,0.0,0.0,0.0,32
2023-05-09 21:59:17,OI401P8700,OI401P8700,764.0,0.0,0.0,0.0,1,777.5,797.5,1,764.0,0.0,0.0,0.0,0.0,0.0,32
2023-05-09 22:00:01,OI401P8700,OI401P8700,764.0,0.0,0.0,0.0,1,771.0,797.5,1,764.0,0.0,0.0,0.0,0.0,0.0,32
2023-05-09 22:00:33,OI401P8700,OI401P8700,764.0,0.0,0.0,0.0,1,771.0,790.0,1,764.0,0.0,0.0,0.0,0.0,0.0,32
2023-05-09 22:01:09,OI401P8700,OI401P8700,764.0,0.0,0.0,0.0,1,776.0,790.0,1,764.0,0.0,0.0,0.0,0.0,0.0,32
2023-05-09 22:01:10,OI401P8700,OI401P8700,764.0,0.0,0.0,0.0,1,776.0,797.5,1,764.0,0.0,0.0,0.0,0.0,0.0,32
2023-05-09 22:06:07,OI401P8700,OI401P8700,764.0,0.0,0.0,0.0,1,781.0,797.5,1,764.0,0.0,0.0,0.0,0.0,0.0,32
2023-05-09 22:10:24,OI401P8700,OI401P8700,764.0,0.0,0.0,0.0,1,781.0,806.0,1,764.0,0.0,0.0,0.0,0.0,0.0,32
2023-05-09 22:11:15,OI401P8700,OI401P8700,764.0,0.0,0.0,0.0,1,786.5,806.0,1,764.0,0.0,0.0,0.0,0.0,0.0,32
2023-05-09 22:12:16,OI401P8700,OI401P8700,764.0,0.0,0.0,0.0,1,792.0,806.0,1,764.0,0.0,0.0,0.0,0.0,0.0,32
2023-05-09 22:13:17,OI401P8700,OI401P8700,764.0,0.0,0.0,0.0,1,792.0,815.0,1,764.0,0.0,0.0,0.0,0.0,0.0,32
2023-05-09 22:22:25,OI401P8700,OI401P8700,764.0,0.0,0.0,0.0,1,797.5,815.0,1,764.0,0.0,0.0,0.0,0.0,0.0,32
2023-05-09 22:22:28,OI401P8700,OI401P8700,764.0,0.0,0.0,0.0,1,797.5,877.5,1,764.0,0.0,0.0,0.0,0.0,0.0,32
2023-05-09 22:22:28,OI401P8700,OI401P8700,764.0,0.0,0.0,0.0,1,797.5,877.0,10,764.0,0.0,0.0,0.0,0.0,0.0,32
2023-05-09 22:22:30,OI401P8700,OI401P8700,764.0,0.0,0.0,0.0,1,803.0,825.5,1,764.0,0.0,0.0,0.0,0.0,0.0,32
2023-05-09 22:28:38,OI401P8700,OI401P8700,764.0,0.0,0.0,0.0,1,808.5,825.5,1,764.0,0.0,0.0,0.0,0.0,0.0,32
2023-05-09 22:28:43,OI401P8700,OI401P8700,764.0,0.0,0.0,0.0,1,808.5,877.5,1,764.0,0.0,0.0,0.0,0.0,0.0,32
2023-05-09 22:28:43,OI401P8700,OI401P8700,764.0,0.0,0.0,0.0,1,808.5,877.5,11,764.0,0.0,0.0,0.0,0.0,0.0,32
2023-05-09 22:28:44,OI401P8700,OI401P8700,764.0,0.0,0.0,0.0,1,808.5,835.5,1,764.0,0.0,0.0,0.0,0.0,0.0,32
2023-05-09 22:29:16,OI401P8700,OI401P8700,764.0,0.0,0.0,0.0,1,814.0,835.5,1,764.0,0.0,0.0,0.0,0.0,0.0,32
2023-05-09 22:31:31,OI401P8700,OI401P8700,764.0,0.0,0.0,0.0,1,819.5,835.5,1,764.0,0.0,0.0,0.0,0.0,0.0,32
2023-05-09 22:31:37,OI401P8700,OI401P8700,764.0,0.0,0.0,0.0,1,819.5,877.5,1,764.0,0.0,0.0,0.0,0.0,0.0,32
2023-05-09 22:31:38,OI401P8700,OI401P8700,764.0,0.0,0.0,0.0,1,819.5,843.0,1,764.0,0.0,0.0,0.0,0.0,0.0,32
2023-05-09 22:34:09,OI401P8700,OI401P8700,764.0,0.0,0.0,0.0,1,814.0,835.5,1,764.0,0.0,0.0,0.0,0.0,0.0,32
2023-05-09 22:35:50,OI401P8700,OI401P8700,764.0,0.0,0.0,0.0,1,807.0,835.5,1,764.0,0.0,0.0,0.0,0.0,0.0,32
2023-05-09 22:36:17,OI401P8700,OI401P8700,764.0,0.0,0.0,0.0,1,807.0,827.5,1,764.0,0.0,0.0,0.0,0.0,0.0,32
2023-05-09 22:39:19,OI401P8700,OI401P8700,764.0,0.0,0.0,0.0,1,800.5,827.5,1,764.0,0.0,0.0,0.0,0.0,0.0,32
2023-05-09 22:40:31,OI401P8700,OI401P8700,764.0,0.0,0.0,0.0,1,800.5,820.5,1,764.0,0.0,0.0,0.0,0.0,0.0,32
2023-05-09 22:45:18,OI401P8700,OI401P8700,764.0,0.0,0.0,0.0,1,794.0,820.5,1,764.0,0.0,0.0,0.0,0.0,0.0,32
2023-05-09 22:49:19,OI401P8700,OI401P8700,764.0,0.0,0.0,0.0,1,799.5,820.5,1,764.0,0.0,0.0,0.0,0.0,0.0,32
2023-05-09 22:50:43,OI401P8700,OI401P8700,764.0,0.0,0.0,0.0,1,794.0,820.5,1,764.0,0.0,0.0,0.0,0.0,0.0,32
2023-05-09 22:56:08,OI401P8700,OI401P8700,764.0,0.0,0.0,0.0,1,610.5,877.5,1,764.0,0.0,0.0,0.0,0.0,0.0,32
2023-05-09 22:56:13,OI401P8700,OI401P8700,764.0,0.0,0.0,0.0,1,680.0,877.0,10,764.0,0.0,0.0,0.0,0.0,0.0,32
2023-05-09 22:56:14,OI401P8700,OI401P8700,764.0,0.0,0.0,0.0,10,680.5,877.0,10,764.0,0.0,0.0,0.0,0.0,0.0,32
2023-05-09 22:57:33,OI401P8700,OI401P8700,764.0,0.0,0.0,0.0,1,300.0,0.0,0,764.0,0.0,0.0,0.0,0.0,0.0,32
2023-05-09 22:59:35,OI401P8700,OI401P8700,764.0,0.0,0.0,0.0,0,0.0,0.0,0,764.0,0.0,0.0,0.0,0.0,0.0,32
2023-05-10 09:00:00,OI401P8700,OI401P8700,764.0,0.0,0.0,0.0,1,642.0,969.0,1,764.0,0.0,0.0,0.0,0.0,0.0,32
2023-05-10 09:01:23,OI401P8700,OI401P8700,764.0,0.0,0.0,0.0,1,772.5,968.5,10,764.0,0.0,0.0,0.0,0.0,0.0,32
2023-05-10 09:01:24,OI401P8700,OI401P8700,764.0,0.0,0.0,0.0,1,772.5,900.0,1,764.0,0.0,0.0,0.0,0.0,0.0,32
2023-05-10 09:01:25,OI401P8700,OI401P8700,764.0,0.0,0.0,0.0,1,772.5,795.5,1,764.0,0.0,0.0,0.0,0.0,0.0,32
2023-05-10 09:01:47,OI401P8700,OI401P8700,764.0,0.0,0.0,0.0,1,764.5,795.5,1,764.0,0.0,0.0,0.0,0.0,0.0,32
2023-05-10 09:01:51,OI401P8700,OI401P8700,764.0,0.0,0.0,0.0,1,764.5,787.5,1,764.0,0.0,0.0,0.0,0.0,0.0,32
2023-05-10 09:02:10,OI401P8700,OI401P8700,764.0,0.0,0.0,0.0,1,770.5,787.5,1,764.0,0.0,0.0,0.0,0.0,0.0,32
2023-05-10 09:03:02,OI401P8700,OI401P8700,764.0,0.0,0.0,0.0,1,764.5,787.5,1,764.0,0.0,0.0,0.0,0.0,0.0,32
2023-05-10 09:03:20,OI401P8700,OI401P8700,764.0,0.0,0.0,0.0,1,769.5,787.5,1,764.0,0.0,0.0,0.0,0.0,0.0,32
2023-05-10 09:04:37,OI401P8700,OI401P8700,764.0,0.0,0.0,0.0,1,764.5,787.5,1,764.0,0.0,0.0,0.0,0.0,0.0,32
2023-05-10 09:05:02,OI401P8700,OI401P8700,764.0,0.0,0.0,0.0,1,764.5,781.0,1,764.0,0.0,0.0,0.0,0.0,0.0,32
2023-05-10 09:05:39,OI401P8700,OI401P8700,764.0,0.0,0.0,0.0,1,759.0,781.0,1,764.0,0.0,0.0,0.0,0.0,0.0,32
2023-05-10 09:06:19,OI401P8700,OI401P8700,764.0,0.0,0.0,0.0,1,759.0,775.5,1,764.0,0.0,0.0,0.0,0.0,0.0,32
2023-05-10 09:06:33,OI401P8700,OI401P8700,764.0,0.0,0.0,0.0,1,753.5,775.5,1,764.0,0.0,0.0,0.0,0.0,0.0,32
2023-05-10 09:06:35,OI401P8700,OI401P8700,764.0,0.0,0.0,0.0,1,753.5,769.5,1,764.0,0.0,0.0,0.0,0.0,0.0,32
2023-05-10 09:07:40,OI401P8700,OI401P8700,764.0,0.0,0.0,0.0,1,748.0,769.5,1,764.0,0.0,0.0,0.0,0.0,0.0,32
2023-05-10 09:07:49,OI401P8700,OI401P8700,764.0,0.0,0.0,0.0,1,748.0,764.0,1,764.0,0.0,0.0,0.0,0.0,0.0,32
2023-05-10 09:10:39,OI401P8700,OI401P8700,764.0,0.0,0.0,0.0,1,752.5,764.0,1,764.0,0.0,0.0,0.0,0.0,0.0,32
2023-05-10 09:10:43,OI401P8700,OI401P8700,764.0,0.0,0.0,0.0,1,752.5,769.5,1,764.0,0.0,0.0,0.0,0.0,0.0,32
2023-05-10 09:12:05,OI401P8700,OI401P8700,764.0,0.0,0.0,0.0,1,748.0,769.5,1,764.0,0.0,0.0,0.0,0.0,0.0,32
2023-05-10 09:12:29,OI401P8700,OI401P8700,764.0,0.0,0.0,0.0,1,752.5,769.5,1,764.0,0.0,0.0,0.0,0.0,0.0,32
2023-05-10 09:14:47,OI401P8700,OI401P8700,764.0,0.0,0.0,0.0,1,748.0,769.5,1,764.0,0.0,0.0,0.0,0.0,0.0,32
2023-05-10 09:14:52,OI401P8700,OI401P8700,764.0,0.0,0.0,0.0,1,748.0,763.5,1,764.0,0.0,0.0,0.0,0.0,0.0,32
2023-05-10 09:15:28,OI401P8700,OI401P8700,764.0,0.0,0.0,0.0,1,752.0,763.5,1,764.0,0.0,0.0,0.0,0.0,0.0,32
2023-05-10 09:15:50,OI401P8700,OI401P8700,764.0,0.0,0.0,0.0,1,752.0,769.5,1,764.0,0.0,0.0,0.0,0.0,0.0,32
2023-05-10 09:17:03,OI401P8700,OI401P8700,764.0,0.0,0.0,0.0,1,748.0,769.5,1,764.0,0.0,0.0,0.0,0.0,0.0,32
2023-05-10 09:17:23,OI401P8700,OI401P8700,764.0,0.0,0.0,0.0,1,748.0,764.0,1,764.0,0.0,0.0,0.0,0.0,0.0,32
2023-05-10 09:18:41,OI401P8700,OI401P8700,764.0,0.0,0.0,0.0,1,743.0,764.0,1,764.0,0.0,0.0,0.0,0.0,0.0,32
2023-05-10 09:18:41,OI401P8700,OI401P8700,764.0,0.0,0.0,0.0,1,743.0,757.5,1,764.0,0.0,0.0,0.0,0.0,0.0,32
2023-05-10 09:18:57,OI401P8700,OI401P8700,764.0,0.0,0.0,0.0,1,738.0,757.5,1,764.0,0.0,0.0,0.0,0.0,0.0,32
2023-05-10 09:19:06,OI401P8700,OI401P8700,764.0,0.0,0.0,0.0,1,738.0,752.0,1,764.0,0.0,0.0,0.0,0.0,0.0,32
2023-05-10 09:19:56,OI401P8700,OI401P8700,764.0,0.0,0.0,0.0,1,738.0,757.5,1,764.0,0.0,0.0,0.0,0.0,0.0,32
2023-05-10 09:19:58,OI401P8700,OI401P8700,764.0,0.0,0.0,0.0,1,742.0,757.5,1,764.0,0.0,0.0,0.0,0.0,0.0,32
2023-05-10 09:20:04,OI401P8700,OI401P8700,764.0,0.0,0.0,0.0,1,746.0,757.5,1,764.0,0.0,0.0,0.0,0.0,0.0,32
2023-05-10 09:20:34,OI401P8700,OI401P8700,764.0,0.0,0.0,0.0,1,746.0,764.5,1,764.0,0.0,0.0,0.0,0.0,0.0,32
2023-05-10 09:26:09,OI401P8700,OI401P8700,764.0,0.0,0.0,0.0,1,742.0,759.0,1,764.0,0.0,0.0,0.0,0.0,0.0,32
2023-05-10 09:29:49,OI401P8700,OI401P8700,764.0,0.0,0.0,0.0,1,746.0,759.0,1,764.0,0.0,0.0,0.0,0.0,0.0,32
2023-05-10 09:30:36,OI401P8700,OI401P8700,764.0,0.0,0.0,0.0,1,742.0,759.0,1,764.0,0.0,0.0,0.0,0.0,0.0,32
2023-05-10 09:31:17,OI401P8700,OI401P8700,764.0,0.0,0.0,0.0,1,746.5,759.0,1,764.0,0.0,0.0,0.0,0.0,0.0,32
2023-05-10 09:31:31,OI401P8700,OI401P8700,764.0,0.0,0.0,0.0,1,742.0,759.0,1,764.0,0.0,0.0,0.0,0.0,0.0,32
2023-05-10 09:33:45,OI401P8700,OI401P8700,764.0,0.0,0.0,0.0,1,737.0,759.0,1,764.0,0.0,0.0,0.0,0.0,0.0,32
2023-05-10 09:33:46,OI401P8700,OI401P8700,764.0,0.0,0.0,0.0,1,737.0,753.5,1,764.0,0.0,0.0,0.0,0.0,0.0,32
2023-05-10 09:34:02,OI401P8700,OI401P8700,764.0,0.0,0.0,0.0,1,741.0,753.5,1,764.0,0.0,0.0,0.0,0.0,0.0,32
2023-05-10 09:34:15,OI401P8700,OI401P8700,764.0,0.0,0.0,0.0,1,741.0,759.0,1,764.0,0.0,0.0,0.0,0.0,0.0,32
2023-05-10 09:36:43,OI401P8700,OI401P8700,764.0,0.0,0.0,0.0,1,737.0,759.0,1,764.0,0.0,0.0,0.0,0.0,0.0,32
2023-05-10 09:37:25,OI401P8700,OI401P8700,764.0,0.0,0.0,0.0,1,741.5,759.0,1,764.0,0.0,0.0,0.0,0.0,0.0,32
2023-05-10 09:42:26,OI401P8700,OI401P8700,764.0,0.0,0.0,0.0,1,745.5,759.0,1,764.0,0.0,0.0,0.0,0.0,0.0,32
2023-05-10 09:43:30,OI401P8700,OI401P8700,764.0,0.0,0.0,0.0,1,745.5,766.0,1,764.0,0.0,0.0,0.0,0.0,0.0,32
2023-05-10 09:43:46,OI401P8700,OI401P8700,764.0,0.0,0.0,0.0,1,749.5,766.0,1,764.0,0.0,0.0,0.0,0.0,0.0,32
2023-05-10 09:46:40,OI401P8700,OI401P8700,764.0,0.0,0.0,0.0,1,745.5,766.0,1,764.0,0.0,0.0,0.0,0.0,0.0,32
2023-05-10 09:47:10,OI401P8700,OI401P8700,764.0,0.0,0.0,0.0,1,745.5,760.5,1,764.0,0.0,0.0,0.0,0.0,0.0,32
2023-05-10 09:48:08,OI401P8700,OI401P8700,764.0,0.0,0.0,0.0,1,740.5,760.5,1,764.0,0.0,0.0,0.0,0.0,0.0,32
2023-05-10 09:53:06,OI401P8700,OI401P8700,764.0,0.0,0.0,0.0,1,744.5,760.5,1,764.0,0.0,0.0,0.0,0.0,0.0,32
2023-05-10 09:55:10,OI401P8700,OI401P8700,764.0,0.0,0.0,0.0,1,748.5,760.5,1,764.0,0.0,0.0,0.0,0.0,0.0,32
2023-05-10 09:56:31,OI401P8700,OI401P8700,764.0,0.0,0.0,0.0,1,748.5,766.0,1,764.0,0.0,0.0,0.0,0.0,0.0,32
2023-05-10 09:57:02,OI401P8700,OI401P8700,764.0,0.0,0.0,0.0,1,752.5,766.0,1,764.0,0.0,0.0,0.0,0.0,0.0,32
2023-05-10 09:59:14,OI401P8700,OI401P8700,764.0,0.0,0.0,0.0,1,748.5,766.0,1,764.0,0.0,0.0,0.0,0.0,0.0,32
2023-05-10 10:01:01,OI401P8700,OI401P8700,764.0,0.0,0.0,0.0,1,743.5,766.0,1,764.0,0.0,0.0,0.0,0.0,0.0,32
2023-05-10 10:02:51,OI401P8700,OI401P8700,764.0,0.0,0.0,0.0,1,743.5,760.5,1,764.0,0.0,0.0,0.0,0.0,0.0,32
2023-05-10 10:05:03,OI401P8700,OI401P8700,764.0,0.0,0.0,0.0,1,747.5,760.5,1,764.0,0.0,0.0,0.0,0.0,0.0,32
2023-05-10 10:05:29,OI401P8700,OI401P8700,764.0,0.0,0.0,0.0,1,747.5,766.0,1,764.0,0.0,0.0,0.0,0.0,0.0,32
2023-05-10 10:06:01,OI401P8700,OI401P8700,764.0,0.0,0.0,0.0,1,752.0,766.0,1,764.0,0.0,0.0,0.0,0.0,0.0,32
2023-05-10 10:06:20,OI401P8700,OI401P8700,764.0,0.0,0.0,0.0,1,747.5,766.0,1,764.0,0.0,0.0,0.0,0.0,0.0,32
2023-05-10 10:07:42,OI401P8700,OI401P8700,764.0,0.0,0.0,0.0,1,751.5,766.0,1,764.0,0.0,0.0,0.0,0.0,0.0,32
2023-05-10 10:08:23,OI401P8700,OI401P8700,764.0,0.0,0.0,0.0,1,747.5,766.0,1,764.0,0.0,0.0,0.0,0.0,0.0,32
2023-05-10 10:09:36,OI401P8700,OI401P8700,764.0,0.0,0.0,0.0,1,747.5,760.0,1,764.0,0.0,0.0,0.0,0.0,0.0,32
2023-05-10 10:10:08,OI401P8700,OI401P8700,764.0,0.0,0.0,0.0,1,742.0,760.0,1,764.0,0.0,0.0,0.0,0.0,0.0,32
2023-05-10 10:30:05,OI401P8700,OI401P8700,764.0,0.0,0.0,0.0,1,746.0,760.0,1,764.0,0.0,0.0,0.0,0.0,0.0,32
2023-05-10 10:30:20,OI401P8700,OI401P8700,764.0,0.0,0.0,0.0,1,746.0,766.0,1,764.0,0.0,0.0,0.0,0.0,0.0,32
2023-05-10 10:30:22,OI401P8700,OI401P8700,764.0,0.0,0.0,0.0,1,750.0,766.0,1,764.0,0.0,0.0,0.0,0.0,0.0,32
2023-05-10 10:30:50,OI401P8700,OI401P8700,764.0,0.0,0.0,0.0,1,754.5,766.0,1,764.0,0.0,0.0,0.0,0.0,0.0,32
2023-05-10 10:31:03,OI401P8700,OI401P8700,764.0,0.0,0.0,0.0,1,750.0,766.0,1,764.0,0.0,0.0,0.0,0.0,0.0,32
2023-05-10 10:31:15,OI401P8700,OI401P8700,764.0,0.0,0.0,0.0,1,745.0,766.0,1,764.0,0.0,0.0,0.0,0.0,0.0,32
2023-05-10 10:31:22,OI401P8700,OI401P8700,764.0,0.0,0.0,0.0,1,749.0,766.0,1,764.0,0.0,0.0,0.0,0.0,0.0,32
2023-05-10 10:35:02,OI401P8700,OI401P8700,764.0,0.0,0.0,0.0,1,753.0,766.0,1,764.0,0.0,0.0,0.0,0.0,0.0,32
2023-05-10 10:35:15,OI401P8700,OI401P8700,764.0,0.0,0.0,0.0,1,753.0,773.0,1,764.0,0.0,0.0,0.0,0.0,0.0,32
2023-05-10 10:35:16,OI401P8700,OI401P8700,764.0,0.0,0.0,0.0,1,759.0,773.0,1,764.0,0.0,0.0,0.0,0.0,0.0,32
2023-05-10 10:37:40,OI401P8700,OI401P8700,764.0,0.0,0.0,0.0,1,759.0,780.0,1,764.0,0.0,0.0,0.0,0.0,0.0,32
2023-05-10 10:37:40,OI401P8700,OI401P8700,764.0,0.0,0.0,0.0,1,763.0,780.0,1,764.0,0.0,0.0,0.0,0.0,0.0,32
2023-05-10 10:38:04,OI401P8700,OI401P8700,764.0,0.0,0.0,0.0,1,767.5,780.0,1,764.0,0.0,0.0,0.0,0.0,0.0,32
2023-05-10 10:38:16,OI401P8700,OI401P8700,764.0,0.0,0.0,0.0,1,763.0,780.0,1,764.0,0.0,0.0,0.0,0.0,0.0,32
2023-05-10 10:39:23,OI401P8700,OI401P8700,764.0,0.0,0.0,0.0,1,767.0,780.0,1,764.0,0.0,0.0,0.0,0.0,0.0,32
2023-05-10 10:39:26,OI401P8700,OI401P8700,764.0,0.0,0.0,0.0,1,767.0,899.5,10,764.0,0.0,0.0,0.0,0.0,0.0,32
2023-05-10 10:39:27,OI401P8700,OI401P8700,764.0,0.0,0.0,0.0,1,767.0,787.0,1,764.0,0.0,0.0,0.0,0.0,0.0,32
2023-05-10 10:40:43,OI401P8700,OI401P8700,764.0,0.0,0.0,0.0,1,767.0,781.5,1,764.0,0.0,0.0,0.0,0.0,0.0,32
2023-05-10 10:41:03,OI401P8700,OI401P8700,764.0,0.0,0.0,0.0,1,763.0,781.5,1,764.0,0.0,0.0,0.0,0.0,0.0,32
2023-05-10 10:43:14,OI401P8700,OI401P8700,764.0,0.0,0.0,0.0,1,757.5,776.0,1,764.0,0.0,0.0,0.0,0.0,0.0,32
2023-05-10 10:45:20,OI401P8700,OI401P8700,764.0,0.0,0.0,0.0,1,642.0,776.0,1,764.0,0.0,0.0,0.0,0.0,0.0,32
2023-05-10 10:45:21,OI401P8700,OI401P8700,764.0,0.0,0.0,0.0,1,711.0,776.0,1,764.0,0.0,0.0,0.0,0.0,0.0,32
2023-05-10 10:45:21,OI401P8700,OI401P8700,764.0,0.0,0.0,0.0,1,754.0,776.0,1,764.0,0.0,0.0,0.0,0.0,0.0,32
2023-05-10 10:46:52,OI401P8700,OI401P8700,764.0,0.0,0.0,0.0,1,758.5,776.0,1,764.0,0.0,0.0,0.0,0.0,0.0,32
2023-05-10 10:47:36,OI401P8700,OI401P8700,764.0,0.0,0.0,0.0,1,762.5,776.0,1,764.0,0.0,0.0,0.0,0.0,0.0,32
2023-05-10 10:48:09,OI401P8700,OI401P8700,764.0,0.0,0.0,0.0,1,762.5,781.5,1,764.0,0.0,0.0,0.0,0.0,0.0,32
2023-05-10 10:48:11,OI401P8700,OI401P8700,764.0,0.0,0.0,0.0,1,766.5,781.5,1,764.0,0.0,0.0,0.0,0.0,0.0,32
2023-05-10 10:49:16,OI401P8700,OI401P8700,764.0,0.0,0.0,0.0,1,762.5,781.5,1,764.0,0.0,0.0,0.0,0.0,0.0,32
2023-05-10 10:53:11,OI401P8700,OI401P8700,764.0,0.0,0.0,0.0,1,767.5,781.5,1,764.0,0.0,0.0,0.0,0.0,0.0,32
2023-05-10 10:55:43,OI401P8700,OI401P8700,764.0,0.0,0.0,0.0,1,762.5,781.5,1,764.0,0.0,0.0,0.0,0.0,0.0,32
2023-05-10 10:56:39,OI401P8700,OI401P8700,764.0,0.0,0.0,0.0,1,757.0,776.0,1,764.0,0.0,0.0,0.0,0.0,0.0,32
2023-05-10 10:57:04,OI401P8700,OI401P8700,764.0,0.0,0.0,0.0,1,761.5,776.0,1,764.0,0.0,0.0,0.0,0.0,0.0,32
2023-05-10 10:58:14,OI401P8700,OI401P8700,764.0,0.0,0.0,0.0,1,757.0,776.0,1,764.0,0.0,0.0,0.0,0.0,0.0,32
2023-05-10 11:00:34,OI401P8700,OI401P8700,764.0,0.0,0.0,0.0,1,760.0,776.0,1,764.0,0.0,0.0,0.0,0.0,0.0,32
2023-05-10 11:01:22,OI401P8700,OI401P8700,764.0,0.0,0.0,0.0,1,757.0,776.0,1,764.0,0.0,0.0,0.0,0.0,0.0,32
2023-05-10 11:04:02,OI401P8700,OI401P8700,764.0,0.0,0.0,0.0,1,761.0,776.0,1,764.0,0.0,0.0,0.0,0.0,0.0,32
2023-05-10 11:06:45,OI401P8700,OI401P8700,764.0,0.0,0.0,0.0,1,757.0,776.0,1,764.0,0.0,0.0,0.0,0.0,0.0,32
2023-05-10 11:08:09,OI401P8700,OI401P8700,764.0,0.0,0.0,0.0,1,751.5,770.5,1,764.0,0.0,0.0,0.0,0.0,0.0,32
2023-05-10 11:08:52,OI401P8700,OI401P8700,764.0,0.0,0.0,0.0,1,755.5,770.5,1,764.0,0.0,0.0,0.0,0.0,0.0,32
2023-05-10 11:10:18,OI401P8700,OI401P8700,764.0,0.0,0.0,0.0,1,751.5,770.5,1,764.0,0.0,0.0,0.0,0.0,0.0,32
2023-05-10 11:16:00,OI401P8700,OI401P8700,764.0,0.0,0.0,0.0,1,756.0,770.5,1,764.0,0.0,0.0,0.0,0.0,0.0,32
2023-05-10 11:16:31,OI401P8700,OI401P8700,764.0,0.0,0.0,0.0,1,756.0,776.0,1,764.0,0.0,0.0,0.0,0.0,0.0,32
2023-05-10 11:17:23,OI401P8700,OI401P8700,764.0,0.0,0.0,0.0,1,760.0,776.0,1,764.0,0.0,0.0,0.0,0.0,0.0,32
2023-05-10 11:21:01,OI401P8700,OI401P8700,764.0,0.0,0.0,0.0,1,764.0,776.0,1,764.0,0.0,0.0,0.0,0.0,0.0,32
2023-05-10 11:21:36,OI401P8700,OI401P8700,764.0,0.0,0.0,0.0,1,764.0,845.0,10,764.0,0.0,0.0,0.0,0.0,0.0,32
2023-05-10 11:21:36,OI401P8700,OI401P8700,764.0,0.0,0.0,0.0,1,764.0,783.0,1,764.0,0.0,0.0,0.0,0.0,0.0,32
2023-05-10 11:21:39,OI401P8700,OI401P8700,764.0,0.0,0.0,0.0,1,768.0,783.0,1,764.0,0.0,0.0,0.0,0.0,0.0,32
2023-05-10 11:22:07,OI401P8700,OI401P8700,764.0,0.0,0.0,0.0,1,764.0,783.0,1,764.0,0.0,0.0,0.0,0.0,0.0,32
2023-05-10 11:25:54,OI401P8700,OI401P8700,764.0,0.0,0.0,0.0,1,768.5,783.0,1,764.0,0.0,0.0,0.0,0.0,0.0,32
2023-05-10 11:29:36,OI401P8700,OI401P8700,764.0,0.0,0.0,0.0,1,608.0,845.5,1,764.0,0.0,0.0,0.0,0.0,0.0,32
2023-05-10 11:29:42,OI401P8700,OI401P8700,764.0,0.0,0.0,0.0,1,300.0,0.0,0,764.0,0.0,0.0,0.0,0.0,0.0,32
2023-05-10 13:30:02,OI401P8700,OI401P8700,764.0,0.0,0.0,0.0,10,300.5,0.0,0,764.0,0.0,0.0,0.0,0.0,0.0,32
2023-05-10 13:30:34,OI401P8700,OI401P8700,764.0,0.0,0.0,0.0,10,300.5,936.0,10,764.0,0.0,0.0,0.0,0.0,0.0,32
2023-05-10 13:30:35,OI401P8700,OI401P8700,764.0,0.0,0.0,0.0,1,607.0,895.0,1,764.0,0.0,0.0,0.0,0.0,0.0,32
2023-05-10 13:30:36,OI401P8700,OI401P8700,764.0,0.0,0.0,0.0,10,607.5,894.5,10,764.0,0.0,0.0,0.0,0.0,0.0,32
2023-05-10 13:30:36,OI401P8700,OI401P8700,764.0,0.0,0.0,0.0,1,648.5,894.5,10,764.0,0.0,0.0,0.0,0.0,0.0,32
2023-05-10 13:30:37,OI401P8700,OI401P8700,764.0,0.0,0.0,0.0,10,649.0,894.5,10,764.0,0.0,0.0,0.0,0.0,0.0,32
2023-05-10 13:30:37,OI401P8700,OI401P8700,764.0,0.0,0.0,0.0,1,690.0,894.5,10,764.0,0.0,0.0,0.0,0.0,0.0,32
2023-05-10 13:30:38,OI401P8700,OI401P8700,764.0,0.0,0.0,0.0,10,690.5,894.5,10,764.0,0.0,0.0,0.0,0.0,0.0,32
2023-05-10 13:30:55,OI401P8700,OI401P8700,764.0,0.0,0.0,0.0,1,767.0,894.5,10,764.0,0.0,0.0,0.0,0.0,0.0,32
2023-05-10 13:30:56,OI401P8700,OI401P8700,764.0,0.0,0.0,0.0,1,767.0,788.0,1,764.0,0.0,0.0,0.0,0.0,0.0,32
2023-05-10 13:31:07,OI401P8700,OI401P8700,764.0,0.0,0.0,0.0,1,772.0,788.0,1,764.0,0.0,0.0,0.0,0.0,0.0,32
2023-05-10 13:31:33,OI401P8700,OI401P8700,764.0,0.0,0.0,0.0,1,772.0,894.5,10,764.0,0.0,0.0,0.0,0.0,0.0,32
2023-05-10 13:31:33,OI401P8700,OI401P8700,764.0,0.0,0.0,0.0,1,772.0,796.5,1,764.0,0.0,0.0,0.0,0.0,0.0,32
2023-05-10 13:31:38,OI401P8700,OI401P8700,764.0,0.0,0.0,0.0,1,777.0,796.5,1,764.0,0.0,0.0,0.0,0.0,0.0,32
2023-05-10 13:37:04,OI401P8700,OI401P8700,764.0,0.0,0.0,0.0,1,772.0,796.5,1,764.0,0.0,0.0,0.0,0.0,0.0,32
2023-05-10 13:39:03,OI401P8700,OI401P8700,764.0,0.0,0.0,0.0,1,772.0,789.5,1,764.0,0.0,0.0,0.0,0.0,0.0,32
2023-05-10 13:39:06,OI401P8700,OI401P8700,764.0,0.0,0.0,0.0,1,765.5,789.5,1,764.0,0.0,0.0,0.0,0.0,0.0,32
2023-05-10 13:40:15,OI401P8700,OI401P8700,764.0,0.0,0.0,0.0,1,770.5,789.5,1,764.0,0.0,0.0,0.0,0.0,0.0,32
2023-05-10 13:43:49,OI401P8700,OI401P8700,764.0,0.0,0.0,0.0,1,765.5,789.5,1,764.0,0.0,0.0,0.0,0.0,0.0,32
2023-05-10 13:45:27,OI401P8700,OI401P8700,764.0,0.0,0.0,0.0,1,765.5,782.5,1,764.0,0.0,0.0,0.0,0.0,0.0,32
2023-05-10 13:54:08,OI401P8700,OI401P8700,764.0,0.0,0.0,0.0,1,759.0,782.5,1,764.0,0.0,0.0,0.0,0.0,0.0,32
2023-05-10 13:56:14,OI401P8700,OI401P8700,764.0,0.0,0.0,0.0,1,759.0,775.5,1,764.0,0.0,0.0,0.0,0.0,0.0,32
2023-05-10 13:56:32,OI401P8700,OI401P8700,764.0,0.0,0.0,0.0,1,752.5,775.5,1,764.0,0.0,0.0,0.0,0.0,0.0,32
2023-05-10 13:59:10,OI401P8700,OI401P8700,764.0,0.0,0.0,0.0,1,757.5,775.5,1,764.0,0.0,0.0,0.0,0.0,0.0,32
2023-05-10 14:12:18,OI401P8700,OI401P8700,764.0,0.0,0.0,0.0,1,752.5,775.5,1,764.0,0.0,0.0,0.0,0.0,0.0,32
2023-05-10 14:17:37,OI401P8700,OI401P8700,764.0,0.0,0.0,0.0,1,757.5,775.5,1,764.0,0.0,0.0,0.0,0.0,0.0,32
2023-05-10 14:18:20,OI401P8700,OI401P8700,764.0,0.0,0.0,0.0,1,757.5,782.5,1,764.0,0.0,0.0,0.0,0.0,0.0,32
2023-05-10 14:18:38,OI401P8700,OI401P8700,764.0,0.0,0.0,0.0,1,762.5,782.5,1,764.0,0.0,0.0,0.0,0.0,0.0,32
2023-05-10 14:19:35,OI401P8700,OI401P8700,764.0,0.0,0.0,0.0,1,767.5,782.5,1,764.0,0.0,0.0,0.0,0.0,0.0,32
2023-05-10 14:20:45,OI401P8700,OI401P8700,764.0,0.0,0.0,0.0,1,767.5,791.0,1,764.0,0.0,0.0,0.0,0.0,0.0,32
2023-05-10 14:21:16,OI401P8700,OI401P8700,764.0,0.0,0.0,0.0,1,772.5,791.0,1,764.0,0.0,0.0,0.0,0.0,0.0,32
2023-05-10 14:25:45,OI401P8700,OI401P8700,764.0,0.0,0.0,0.0,1,767.5,791.0,1,764.0,0.0,0.0,0.0,0.0,0.0,32
2023-05-10 14:33:48,OI401P8700,OI401P8700,764.0,0.0,0.0,0.0,1,772.5,791.0,1,764.0,0.0,0.0,0.0,0.0,0.0,32
2023-05-10 14:42:08,OI401P8700,OI401P8700,764.0,0.0,0.0,0.0,1,767.5,791.0,1,764.0,0.0,0.0,0.0,0.0,0.0,32
2023-05-10 14:45:49,OI401P8700,OI401P8700,764.0,0.0,0.0,0.0,1,767.5,784.0,1,764.0,0.0,0.0,0.0,0.0,0.0,32
2023-05-10 14:46:05,OI401P8700,OI401P8700,764.0,0.0,0.0,0.0,1,614.5,784.0,1,764.0,0.0,0.0,0.0,0.0,0.0,32
2023-05-10 14:46:06,OI401P8700,OI401P8700,764.0,0.0,0.0,0.0,1,683.5,784.0,1,764.0,0.0,0.0,0.0,0.0,0.0,32
2023-05-10 14:46:06,OI401P8700,OI401P8700,764.0,0.0,0.0,0.0,1,761.0,784.0,1,764.0,0.0,0.0,0.0,0.0,0.0,32
2023-05-10 14:47:23,OI401P8700,OI401P8700,764.0,0.0,0.0,0.0,1,766.0,784.0,1,764.0,0.0,0.0,0.0,0.0,0.0,32
2023-05-10 14:51:31,OI401P8700,OI401P8700,764.0,0.0,0.0,0.0,1,771.0,791.0,1,764.0,0.0,0.0,0.0,0.0,0.0,32
2023-05-10 14:52:59,OI401P8700,OI401P8700,764.0,0.0,0.0,0.0,1,776.0,791.0,1,764.0,0.0,0.0,0.0,0.0,0.0,32
2023-05-10 14:54:08,OI401P8700,OI401P8700,764.0,0.0,0.0,0.0,1,771.0,791.0,1,764.0,0.0,0.0,0.0,0.0,0.0,32
2023-05-10 14:55:52,OI401P8700,OI401P8700,764.0,0.0,0.0,0.0,1,776.5,791.0,1,764.0,0.0,0.0,0.0,0.0,0.0,32
2023-05-10 14:56:27,OI401P8700,OI401P8700,764.0,0.0,0.0,0.0,1,776.5,799.5,1,764.0,0.0,0.0,0.0,0.0,0.0,32
2023-05-10 14:59:06,OI401P8700,OI401P8700,764.0,0.0,0.0,0.0,1,683.5,895.0,1,764.0,0.0,0.0,0.0,0.0,0.0,32
2023-05-10 14:59:20,OI401P8700,OI401P8700,764.0,0.0,0.0,0.0,1,624.0,895.0,1,764.0,0.0,0.0,0.0,0.0,0.0,32
