time,symbol_id,symbol_name,last,trade_volume,trade_amount,open_interest_change,bv1,bp1,ap1,av1,yesterday_close,today_open,today_high,today_low,volume,amount,open_interest
2023-05-09 19:10:58,OI401C9300,OI401C9300,196.5,0.0,0.0,0.0,0,0.0,0.0,0,196.5,0.0,0.0,0.0,0.0,0.0,29
2023-05-09 20:59:00,OI401C9300,OI401C9300,196.5,0.0,0.0,0.0,1,1.5,0.0,0,196.5,0.0,0.0,0.0,0.0,0.0,29
2023-05-09 21:00:05,OI401C9300,OI401C9300,196.5,0.0,0.0,0.0,1,1.5,334.0,1,196.5,0.0,0.0,0.0,0.0,0.0,29
2023-05-09 21:00:06,OI401C9300,OI401C9300,196.5,0.0,0.0,0.0,1,42.5,334.0,1,196.5,0.0,0.0,0.0,0.0,0.0,29
2023-05-09 21:01:12,OI401C9300,OI401C9300,196.5,0.0,0.0,0.0,1,155.5,333.5,10,196.5,0.0,0.0,0.0,0.0,0.0,29
2023-05-09 21:01:16,OI401C9300,OI401C9300,196.5,0.0,0.0,0.0,1,155.5,182.5,1,196.5,0.0,0.0,0.0,0.0,0.0,29
2023-05-09 21:05:41,OI401C9300,OI401C9300,196.5,0.0,0.0,0.0,1,155.5,175.5,1,196.5,0.0,0.0,0.0,0.0,0.0,29
2023-05-09 21:10:44,OI401C9300,OI401C9300,196.5,0.0,0.0,0.0,1,159.5,175.5,1,196.5,0.0,0.0,0.0,0.0,0.0,29
2023-05-09 21:32:19,OI401C9300,OI401C9300,196.5,0.0,0.0,0.0,1,155.5,175.5,1,196.5,0.0,0.0,0.0,0.0,0.0,29
2023-05-09 21:32:28,OI401C9300,OI401C9300,196.5,0.0,0.0,0.0,1,155.5,170.0,1,196.5,0.0,0.0,0.0,0.0,0.0,29
2023-05-09 21:59:44,OI401C9300,OI401C9300,196.5,0.0,0.0,0.0,1,159.0,170.0,1,196.5,0.0,0.0,0.0,0.0,0.0,29
2023-05-09 22:00:05,OI401C9300,OI401C9300,196.5,0.0,0.0,0.0,1,159.0,175.5,1,196.5,0.0,0.0,0.0,0.0,0.0,29
2023-05-09 22:10:35,OI401C9300,OI401C9300,196.5,0.0,0.0,0.0,1,155.5,175.5,1,196.5,0.0,0.0,0.0,0.0,0.0,29
2023-05-09 22:11:47,OI401C9300,OI401C9300,196.5,0.0,0.0,0.0,1,155.5,170.0,1,196.5,0.0,0.0,0.0,0.0,0.0,29
2023-05-09 22:22:28,OI401C9300,OI401C9300,196.5,0.0,0.0,0.0,10,43.0,170.0,1,196.5,0.0,0.0,0.0,0.0,0.0,29
2023-05-09 22:22:28,OI401C9300,OI401C9300,196.5,0.0,0.0,0.0,1,112.0,170.0,1,196.5,0.0,0.0,0.0,0.0,0.0,29
2023-05-09 22:22:29,OI401C9300,OI401C9300,196.5,0.0,0.0,0.0,2,115.5,170.0,1,196.5,0.0,0.0,0.0,0.0,0.0,29
2023-05-09 22:22:33,OI401C9300,OI401C9300,196.5,0.0,0.0,0.0,1,150.5,170.0,1,196.5,0.0,0.0,0.0,0.0,0.0,29
2023-05-09 22:31:31,OI401C9300,OI401C9300,196.5,0.0,0.0,0.0,1,150.5,164.5,1,196.5,0.0,0.0,0.0,0.0,0.0,29
2023-05-09 22:56:08,OI401C9300,OI401C9300,196.5,0.0,0.0,0.0,1,112.0,334.0,1,196.5,0.0,0.0,0.0,0.0,0.0,29
2023-05-09 22:56:10,OI401C9300,OI401C9300,196.5,0.0,0.0,0.0,1,112.0,328.0,10,196.5,0.0,0.0,0.0,0.0,0.0,29
2023-05-09 22:56:11,OI401C9300,OI401C9300,196.5,0.0,0.0,0.0,1,112.0,322.5,1,196.5,0.0,0.0,0.0,0.0,0.0,29
2023-05-09 22:56:12,OI401C9300,OI401C9300,196.5,0.0,0.0,0.0,1,112.0,322.0,10,196.5,0.0,0.0,0.0,0.0,0.0,29
2023-05-09 22:56:13,OI401C9300,OI401C9300,196.5,0.0,0.0,0.0,1,112.0,316.5,1,196.5,0.0,0.0,0.0,0.0,0.0,29
2023-05-09 22:56:13,OI401C9300,OI401C9300,196.5,0.0,0.0,0.0,1,112.0,247.5,1,196.5,0.0,0.0,0.0,0.0,0.0,29
2023-05-09 22:56:14,OI401C9300,OI401C9300,196.5,0.0,0.0,0.0,1,112.0,247.0,10,196.5,0.0,0.0,0.0,0.0,0.0,29
2023-05-09 22:56:42,OI401C9300,OI401C9300,196.5,0.0,0.0,0.0,10,44.0,247.0,10,196.5,0.0,0.0,0.0,0.0,0.0,29
2023-05-09 22:56:42,OI401C9300,OI401C9300,196.5,0.0,0.0,0.0,1,44.5,247.0,10,196.5,0.0,0.0,0.0,0.0,0.0,29
2023-05-09 22:56:42,OI401C9300,OI401C9300,196.5,0.0,0.0,0.0,10,45.0,247.0,10,196.5,0.0,0.0,0.0,0.0,0.0,29
2023-05-09 22:56:43,OI401C9300,OI401C9300,196.5,0.0,0.0,0.0,2,51.5,247.0,10,196.5,0.0,0.0,0.0,0.0,0.0,29
2023-05-09 22:56:44,OI401C9300,OI401C9300,196.5,0.0,0.0,0.0,10,52.0,247.0,10,196.5,0.0,0.0,0.0,0.0,0.0,29
2023-05-09 22:56:45,OI401C9300,OI401C9300,196.5,0.0,0.0,0.0,2,58.5,247.0,10,196.5,0.0,0.0,0.0,0.0,0.0,29
2023-05-09 22:56:46,OI401C9300,OI401C9300,196.5,0.0,0.0,0.0,10,59.0,247.0,10,196.5,0.0,0.0,0.0,0.0,0.0,29
2023-05-09 22:56:47,OI401C9300,OI401C9300,196.5,0.0,0.0,0.0,2,65.5,247.0,10,196.5,0.0,0.0,0.0,0.0,0.0,29
2023-05-09 22:56:47,OI401C9300,OI401C9300,196.5,0.0,0.0,0.0,10,66.0,247.0,10,196.5,0.0,0.0,0.0,0.0,0.0,29
2023-05-09 22:56:48,OI401C9300,OI401C9300,196.5,0.0,0.0,0.0,2,69.5,247.0,10,196.5,0.0,0.0,0.0,0.0,0.0,29
2023-05-09 22:56:48,OI401C9300,OI401C9300,196.5,0.0,0.0,0.0,10,70.0,247.0,10,196.5,0.0,0.0,0.0,0.0,0.0,29
2023-05-09 22:56:49,OI401C9300,OI401C9300,196.5,0.0,0.0,0.0,2,70.5,247.0,10,196.5,0.0,0.0,0.0,0.0,0.0,29
2023-05-09 22:56:50,OI401C9300,OI401C9300,196.5,0.0,0.0,0.0,10,71.0,247.0,10,196.5,0.0,0.0,0.0,0.0,0.0,29
2023-05-09 22:56:51,OI401C9300,OI401C9300,196.5,0.0,0.0,0.0,2,71.5,247.0,10,196.5,0.0,0.0,0.0,0.0,0.0,29
2023-05-09 22:56:51,OI401C9300,OI401C9300,196.5,0.0,0.0,0.0,10,72.0,247.0,10,196.5,0.0,0.0,0.0,0.0,0.0,29
2023-05-09 22:56:52,OI401C9300,OI401C9300,196.5,0.0,0.0,0.0,2,72.5,247.0,10,196.5,0.0,0.0,0.0,0.0,0.0,29
2023-05-09 22:56:52,OI401C9300,OI401C9300,196.5,0.0,0.0,0.0,10,73.0,247.0,10,196.5,0.0,0.0,0.0,0.0,0.0,29
2023-05-09 22:56:53,OI401C9300,OI401C9300,196.5,0.0,0.0,0.0,2,73.5,247.0,10,196.5,0.0,0.0,0.0,0.0,0.0,29
2023-05-09 22:56:53,OI401C9300,OI401C9300,196.5,0.0,0.0,0.0,10,74.0,247.0,10,196.5,0.0,0.0,0.0,0.0,0.0,29
2023-05-09 22:56:54,OI401C9300,OI401C9300,196.5,0.0,0.0,0.0,2,74.5,247.0,10,196.5,0.0,0.0,0.0,0.0,0.0,29
2023-05-09 22:56:55,OI401C9300,OI401C9300,196.5,0.0,0.0,0.0,10,75.0,247.0,10,196.5,0.0,0.0,0.0,0.0,0.0,29
2023-05-09 22:56:56,OI401C9300,OI401C9300,196.5,0.0,0.0,0.0,2,75.5,247.0,10,196.5,0.0,0.0,0.0,0.0,0.0,29
2023-05-09 22:56:56,OI401C9300,OI401C9300,196.5,0.0,0.0,0.0,10,76.0,247.0,10,196.5,0.0,0.0,0.0,0.0,0.0,29
2023-05-09 22:56:57,OI401C9300,OI401C9300,196.5,0.0,0.0,0.0,2,76.5,247.0,10,196.5,0.0,0.0,0.0,0.0,0.0,29
2023-05-09 22:56:57,OI401C9300,OI401C9300,196.5,0.0,0.0,0.0,10,77.0,247.0,10,196.5,0.0,0.0,0.0,0.0,0.0,29
2023-05-09 22:56:58,OI401C9300,OI401C9300,196.5,0.0,0.0,0.0,2,77.5,247.0,10,196.5,0.0,0.0,0.0,0.0,0.0,29
2023-05-09 22:56:58,OI401C9300,OI401C9300,196.5,0.0,0.0,0.0,10,78.0,247.0,10,196.5,0.0,0.0,0.0,0.0,0.0,29
2023-05-09 22:56:59,OI401C9300,OI401C9300,196.5,0.0,0.0,0.0,2,78.5,247.0,10,196.5,0.0,0.0,0.0,0.0,0.0,29
2023-05-09 22:56:59,OI401C9300,OI401C9300,196.5,0.0,0.0,0.0,10,79.0,247.0,10,196.5,0.0,0.0,0.0,0.0,0.0,29
2023-05-09 22:57:00,OI401C9300,OI401C9300,196.5,0.0,0.0,0.0,2,79.5,247.0,10,196.5,0.0,0.0,0.0,0.0,0.0,29
2023-05-09 22:57:00,OI401C9300,OI401C9300,196.5,0.0,0.0,0.0,10,80.0,247.0,10,196.5,0.0,0.0,0.0,0.0,0.0,29
2023-05-09 22:57:01,OI401C9300,OI401C9300,196.5,0.0,0.0,0.0,2,80.5,247.0,10,196.5,0.0,0.0,0.0,0.0,0.0,29
2023-05-09 22:57:01,OI401C9300,OI401C9300,196.5,0.0,0.0,0.0,10,81.0,247.0,10,196.5,0.0,0.0,0.0,0.0,0.0,29
2023-05-09 22:57:02,OI401C9300,OI401C9300,196.5,0.0,0.0,0.0,2,81.5,247.0,10,196.5,0.0,0.0,0.0,0.0,0.0,29
2023-05-09 22:57:02,OI401C9300,OI401C9300,196.5,0.0,0.0,0.0,10,82.0,247.0,10,196.5,0.0,0.0,0.0,0.0,0.0,29
2023-05-09 22:57:33,OI401C9300,OI401C9300,196.5,0.0,0.0,0.0,1,44.5,0.0,0,196.5,0.0,0.0,0.0,0.0,0.0,29
2023-05-10 09:00:06,OI401C9300,OI401C9300,196.5,0.0,0.0,0.0,1,85.5,319.0,1,196.5,0.0,0.0,0.0,0.0,0.0,29
2023-05-10 09:01:18,OI401C9300,OI401C9300,196.5,0.0,0.0,0.0,10,86.0,277.5,1,196.5,0.0,0.0,0.0,0.0,0.0,29
2023-05-10 09:01:18,OI401C9300,OI401C9300,196.5,0.0,0.0,0.0,10,86.0,277.0,10,196.5,0.0,0.0,0.0,0.0,0.0,29
2023-05-10 09:01:19,OI401C9300,OI401C9300,196.5,0.0,0.0,0.0,2,86.5,277.0,10,196.5,0.0,0.0,0.0,0.0,0.0,29
2023-05-10 09:01:20,OI401C9300,OI401C9300,196.5,0.0,0.0,0.0,10,87.0,277.0,10,196.5,0.0,0.0,0.0,0.0,0.0,29
2023-05-10 09:01:23,OI401C9300,OI401C9300,196.5,0.0,0.0,0.0,2,87.5,277.0,10,196.5,0.0,0.0,0.0,0.0,0.0,29
2023-05-10 09:01:23,OI401C9300,OI401C9300,196.5,0.0,0.0,0.0,10,88.0,277.0,10,196.5,0.0,0.0,0.0,0.0,0.0,29
2023-05-10 09:01:24,OI401C9300,OI401C9300,196.5,0.0,0.0,0.0,2,88.5,277.0,10,196.5,0.0,0.0,0.0,0.0,0.0,29
2023-05-10 09:01:24,OI401C9300,OI401C9300,196.5,0.0,0.0,0.0,10,89.0,277.0,10,196.5,0.0,0.0,0.0,0.0,0.0,29
2023-05-10 09:01:26,OI401C9300,OI401C9300,196.5,0.0,0.0,0.0,2,89.5,277.0,10,196.5,0.0,0.0,0.0,0.0,0.0,29
2023-05-10 09:01:26,OI401C9300,OI401C9300,196.5,0.0,0.0,0.0,10,90.0,277.0,10,196.5,0.0,0.0,0.0,0.0,0.0,29
2023-05-10 09:01:27,OI401C9300,OI401C9300,196.5,0.0,0.0,0.0,2,96.5,277.0,10,196.5,0.0,0.0,0.0,0.0,0.0,29
2023-05-10 09:01:28,OI401C9300,OI401C9300,196.5,0.0,0.0,0.0,10,97.0,277.0,10,196.5,0.0,0.0,0.0,0.0,0.0,29
2023-05-10 09:01:29,OI401C9300,OI401C9300,196.5,0.0,0.0,0.0,10,97.0,172.5,1,196.5,0.0,0.0,0.0,0.0,0.0,29
2023-05-10 09:01:29,OI401C9300,OI401C9300,196.5,0.0,0.0,0.0,2,100.5,172.5,1,196.5,0.0,0.0,0.0,0.0,0.0,29
2023-05-10 09:01:29,OI401C9300,OI401C9300,196.5,0.0,0.0,0.0,1,154.0,172.5,1,196.5,0.0,0.0,0.0,0.0,0.0,29
2023-05-10 09:03:02,OI401C9300,OI401C9300,196.5,0.0,0.0,0.0,1,158.0,172.5,1,196.5,0.0,0.0,0.0,0.0,0.0,29
2023-05-10 09:05:35,OI401C9300,OI401C9300,196.5,0.0,0.0,0.0,1,160.5,172.5,1,196.5,0.0,0.0,0.0,0.0,0.0,29
2023-05-10 09:06:35,OI401C9300,OI401C9300,196.5,0.0,0.0,0.0,1,163.5,172.5,1,196.5,0.0,0.0,0.0,0.0,0.0,29
2023-05-10 09:07:46,OI401C9300,OI401C9300,196.5,0.0,0.0,0.0,1,163.5,178.0,1,196.5,0.0,0.0,0.0,0.0,0.0,29
2023-05-10 09:18:41,OI401C9300,OI401C9300,196.5,0.0,0.0,0.0,1,166.5,178.0,1,196.5,0.0,0.0,0.0,0.0,0.0,29
2023-05-10 09:19:25,OI401C9300,OI401C9300,196.5,0.0,0.0,0.0,1,169.5,178.0,1,196.5,0.0,0.0,0.0,0.0,0.0,29
2023-05-10 09:20:02,OI401C9300,OI401C9300,196.5,0.0,0.0,0.0,1,166.5,178.0,1,196.5,0.0,0.0,0.0,0.0,0.0,29
2023-05-10 09:43:30,OI401C9300,OI401C9300,196.5,0.0,0.0,0.0,1,163.0,178.0,1,196.5,0.0,0.0,0.0,0.0,0.0,29
2023-05-10 09:48:08,OI401C9300,OI401C9300,196.5,0.0,0.0,0.0,1,166.0,178.0,1,196.5,0.0,0.0,0.0,0.0,0.0,29
2023-05-10 09:56:55,OI401C9300,OI401C9300,196.5,0.0,0.0,0.0,1,163.0,178.0,1,196.5,0.0,0.0,0.0,0.0,0.0,29
2023-05-10 10:00:05,OI401C9300,OI401C9300,196.5,0.0,0.0,0.0,1,166.0,178.0,1,196.5,0.0,0.0,0.0,0.0,0.0,29
2023-05-10 10:30:30,OI401C9300,OI401C9300,196.5,0.0,0.0,0.0,1,163.0,178.0,1,196.5,0.0,0.0,0.0,0.0,0.0,29
2023-05-10 10:35:48,OI401C9300,OI401C9300,196.5,0.0,0.0,0.0,1,163.0,173.5,1,196.5,0.0,0.0,0.0,0.0,0.0,29
2023-05-10 10:37:40,OI401C9300,OI401C9300,196.5,0.0,0.0,0.0,10,86.0,173.5,1,196.5,0.0,0.0,0.0,0.0,0.0,29
2023-05-10 10:37:41,OI401C9300,OI401C9300,196.5,0.0,0.0,0.0,1,130.5,173.5,1,196.5,0.0,0.0,0.0,0.0,0.0,29
2023-05-10 10:37:41,OI401C9300,OI401C9300,196.5,0.0,0.0,0.0,1,159.5,173.5,1,196.5,0.0,0.0,0.0,0.0,0.0,29
2023-05-10 11:21:37,OI401C9300,OI401C9300,196.5,0.0,0.0,0.0,1,156.0,169.0,1,196.5,0.0,0.0,0.0,0.0,0.0,29
2023-05-10 11:29:36,OI401C9300,OI401C9300,196.5,0.0,0.0,0.0,1,156.0,173.5,1,196.5,0.0,0.0,0.0,0.0,0.0,29
2023-05-10 11:29:36,OI401C9300,OI401C9300,196.5,0.0,0.0,0.0,1,85.5,277.5,1,196.5,0.0,0.0,0.0,0.0,0.0,29
2023-05-10 11:29:42,OI401C9300,OI401C9300,196.5,0.0,0.0,0.0,1,8.0,0.0,0,196.5,0.0,0.0,0.0,0.0,0.0,29
2023-05-10 13:30:02,OI401C9300,OI401C9300,196.5,0.0,0.0,0.0,10,8.5,0.0,0,196.5,0.0,0.0,0.0,0.0,0.0,29
2023-05-10 13:30:37,OI401C9300,OI401C9300,196.5,0.0,0.0,0.0,1,49.5,0.0,0,196.5,0.0,0.0,0.0,0.0,0.0,29
2023-05-10 13:30:38,OI401C9300,OI401C9300,196.5,0.0,0.0,0.0,10,50.0,0.0,0,196.5,0.0,0.0,0.0,0.0,0.0,29
2023-05-10 13:30:39,OI401C9300,OI401C9300,196.5,0.0,0.0,0.0,1,91.0,325.0,10,196.5,0.0,0.0,0.0,0.0,0.0,29
2023-05-10 13:30:39,OI401C9300,OI401C9300,196.5,0.0,0.0,0.0,10,91.5,284.0,1,196.5,0.0,0.0,0.0,0.0,0.0,29
2023-05-10 13:30:40,OI401C9300,OI401C9300,196.5,0.0,0.0,0.0,1,121.0,242.5,1,196.5,0.0,0.0,0.0,0.0,0.0,29
2023-05-10 13:30:40,OI401C9300,OI401C9300,196.5,0.0,0.0,0.0,10,121.5,242.0,10,196.5,0.0,0.0,0.0,0.0,0.0,29
2023-05-10 13:30:45,OI401C9300,OI401C9300,196.5,0.0,0.0,0.0,11,121.0,242.0,10,196.5,0.0,0.0,0.0,0.0,0.0,29
2023-05-10 13:30:46,OI401C9300,OI401C9300,196.5,0.0,0.0,0.0,1,121.0,242.0,10,196.5,0.0,0.0,0.0,0.0,0.0,29
2023-05-10 13:30:57,OI401C9300,OI401C9300,196.5,0.0,0.0,0.0,1,121.0,169.5,1,196.5,0.0,0.0,0.0,0.0,0.0,29
2023-05-10 13:31:02,OI401C9300,OI401C9300,196.5,0.0,0.0,0.0,1,153.0,169.5,1,196.5,0.0,0.0,0.0,0.0,0.0,29
2023-05-10 14:12:14,OI401C9300,OI401C9300,196.5,0.0,0.0,0.0,1,156.5,169.5,1,196.5,0.0,0.0,0.0,0.0,0.0,29
2023-05-10 14:21:16,OI401C9300,OI401C9300,196.5,0.0,0.0,0.0,1,153.0,169.5,1,196.5,0.0,0.0,0.0,0.0,0.0,29
2023-05-10 14:56:29,OI401C9300,OI401C9300,196.5,0.0,0.0,0.0,1,148.5,164.0,1,196.5,0.0,0.0,0.0,0.0,0.0,29
2023-05-10 14:59:06,OI401C9300,OI401C9300,196.5,0.0,0.0,0.0,1,148.5,169.5,1,196.5,0.0,0.0,0.0,0.0,0.0,29
2023-05-10 14:59:06,OI401C9300,OI401C9300,196.5,0.0,0.0,0.0,1,76.5,242.5,1,196.5,0.0,0.0,0.0,0.0,0.0,29
2023-05-10 14:59:06,OI401C9300,OI401C9300,196.5,0.0,0.0,0.0,2,83.0,242.5,1,196.5,0.0,0.0,0.0,0.0,0.0,29
2023-05-10 14:59:07,OI401C9300,OI401C9300,196.5,0.0,0.0,0.0,1,109.5,242.5,1,196.5,0.0,0.0,0.0,0.0,0.0,29
2023-05-10 14:59:08,OI401C9300,OI401C9300,196.5,0.0,0.0,0.0,2,116.0,242.5,1,196.5,0.0,0.0,0.0,0.0,0.0,29
