time,symbol_id,symbol_name,last,trade_volume,trade_amount,open_interest_change,bv1,bp1,ap1,av1,yesterday_close,today_open,today_high,today_low,volume,amount,open_interest
2023-05-10 20:56:10,p2311-P-6400,p2311-P-6400,170.5,0.0,0.0,0.0,1,0.5,0.0,0,170.5,0.0,0.0,0.0,0.0,0.0,20
2023-05-10 21:00:07,p2311-P-6400,p2311-P-6400,170.5,0.0,0.0,0.0,10,1.0,0.0,0,170.5,0.0,0.0,0.0,0.0,0.0,20
2023-05-10 21:01:54,p2311-P-6400,p2311-P-6400,170.5,0.0,0.0,0.0,1,1.5,0.0,0,170.5,0.0,0.0,0.0,0.0,0.0,20
2023-05-10 21:01:54,p2311-P-6400,p2311-P-6400,170.5,0.0,0.0,0.0,10,2.0,0.0,0,170.5,0.0,0.0,0.0,0.0,0.0,20
2023-05-10 21:03:09,p2311-P-6400,p2311-P-6400,170.5,0.0,0.0,0.0,1,2.5,0.0,0,170.5,0.0,0.0,0.0,0.0,0.0,20
2023-05-10 21:03:09,p2311-P-6400,p2311-P-6400,170.5,0.0,0.0,0.0,10,3.0,0.0,0,170.5,0.0,0.0,0.0,0.0,0.0,20
2023-05-10 21:17:23,p2311-P-6400,p2311-P-6400,170.5,0.0,0.0,0.0,1,6.5,0.0,0,170.5,0.0,0.0,0.0,0.0,0.0,20
2023-05-10 21:17:23,p2311-P-6400,p2311-P-6400,170.5,0.0,0.0,0.0,10,7.0,0.0,0,170.5,0.0,0.0,0.0,0.0,0.0,20
2023-05-10 21:19:01,p2311-P-6400,p2311-P-6400,170.5,0.0,0.0,0.0,1,7.5,0.0,0,170.5,0.0,0.0,0.0,0.0,0.0,20
2023-05-10 21:19:01,p2311-P-6400,p2311-P-6400,170.5,0.0,0.0,0.0,10,8.0,0.0,0,170.5,0.0,0.0,0.0,0.0,0.0,20
2023-05-10 21:19:44,p2311-P-6400,p2311-P-6400,170.5,0.0,0.0,0.0,1,8.5,0.0,0,170.5,0.0,0.0,0.0,0.0,0.0,20
2023-05-10 21:19:44,p2311-P-6400,p2311-P-6400,170.5,0.0,0.0,0.0,10,9.0,0.0,0,170.5,0.0,0.0,0.0,0.0,0.0,20
2023-05-10 21:19:54,p2311-P-6400,p2311-P-6400,170.5,0.0,0.0,0.0,1,9.5,0.0,0,170.5,0.0,0.0,0.0,0.0,0.0,20
2023-05-10 21:19:54,p2311-P-6400,p2311-P-6400,170.5,0.0,0.0,0.0,10,10.0,0.0,0,170.5,0.0,0.0,0.0,0.0,0.0,20
2023-05-10 21:20:06,p2311-P-6400,p2311-P-6400,170.5,0.0,0.0,0.0,1,10.5,0.0,0,170.5,0.0,0.0,0.0,0.0,0.0,20
2023-05-10 21:20:06,p2311-P-6400,p2311-P-6400,170.5,0.0,0.0,0.0,10,11.0,0.0,0,170.5,0.0,0.0,0.0,0.0,0.0,20
2023-05-10 21:20:10,p2311-P-6400,p2311-P-6400,170.5,0.0,0.0,0.0,1,11.5,0.0,0,170.5,0.0,0.0,0.0,0.0,0.0,20
2023-05-10 21:20:10,p2311-P-6400,p2311-P-6400,170.5,0.0,0.0,0.0,10,12.0,0.0,0,170.5,0.0,0.0,0.0,0.0,0.0,20
2023-05-10 21:20:12,p2311-P-6400,p2311-P-6400,170.5,0.0,0.0,0.0,1,12.5,0.0,0,170.5,0.0,0.0,0.0,0.0,0.0,20
2023-05-10 21:20:12,p2311-P-6400,p2311-P-6400,170.5,0.0,0.0,0.0,10,13.0,0.0,0,170.5,0.0,0.0,0.0,0.0,0.0,20
2023-05-10 21:20:16,p2311-P-6400,p2311-P-6400,170.5,0.0,0.0,0.0,1,13.5,0.0,0,170.5,0.0,0.0,0.0,0.0,0.0,20
2023-05-10 21:20:16,p2311-P-6400,p2311-P-6400,170.5,0.0,0.0,0.0,10,14.0,0.0,0,170.5,0.0,0.0,0.0,0.0,0.0,20
2023-05-10 21:20:21,p2311-P-6400,p2311-P-6400,170.5,0.0,0.0,0.0,1,14.5,0.0,0,170.5,0.0,0.0,0.0,0.0,0.0,20
2023-05-10 21:20:21,p2311-P-6400,p2311-P-6400,170.5,0.0,0.0,0.0,10,15.0,0.0,0,170.5,0.0,0.0,0.0,0.0,0.0,20
2023-05-10 21:20:23,p2311-P-6400,p2311-P-6400,170.5,0.0,0.0,0.0,1,15.5,0.0,0,170.5,0.0,0.0,0.0,0.0,0.0,20
2023-05-10 21:20:23,p2311-P-6400,p2311-P-6400,170.5,0.0,0.0,0.0,10,16.0,0.0,0,170.5,0.0,0.0,0.0,0.0,0.0,20
2023-05-10 21:20:25,p2311-P-6400,p2311-P-6400,170.5,0.0,0.0,0.0,1,16.5,0.0,0,170.5,0.0,0.0,0.0,0.0,0.0,20
2023-05-10 21:20:25,p2311-P-6400,p2311-P-6400,170.5,0.0,0.0,0.0,10,17.0,0.0,0,170.5,0.0,0.0,0.0,0.0,0.0,20
2023-05-10 21:20:26,p2311-P-6400,p2311-P-6400,170.5,0.0,0.0,0.0,1,17.5,0.0,0,170.5,0.0,0.0,0.0,0.0,0.0,20
2023-05-10 21:20:26,p2311-P-6400,p2311-P-6400,170.5,0.0,0.0,0.0,10,18.0,0.0,0,170.5,0.0,0.0,0.0,0.0,0.0,20
2023-05-10 21:20:28,p2311-P-6400,p2311-P-6400,170.5,0.0,0.0,0.0,1,18.5,0.0,0,170.5,0.0,0.0,0.0,0.0,0.0,20
2023-05-10 21:20:28,p2311-P-6400,p2311-P-6400,170.5,0.0,0.0,0.0,10,19.0,0.0,0,170.5,0.0,0.0,0.0,0.0,0.0,20
2023-05-10 21:20:29,p2311-P-6400,p2311-P-6400,170.5,0.0,0.0,0.0,1,19.5,0.0,0,170.5,0.0,0.0,0.0,0.0,0.0,20
2023-05-10 21:20:29,p2311-P-6400,p2311-P-6400,170.5,0.0,0.0,0.0,10,20.0,0.0,0,170.5,0.0,0.0,0.0,0.0,0.0,20
2023-05-10 21:20:31,p2311-P-6400,p2311-P-6400,170.5,0.0,0.0,0.0,1,20.5,0.0,0,170.5,0.0,0.0,0.0,0.0,0.0,20
2023-05-10 21:20:31,p2311-P-6400,p2311-P-6400,170.5,0.0,0.0,0.0,10,21.0,0.0,0,170.5,0.0,0.0,0.0,0.0,0.0,20
2023-05-10 21:20:33,p2311-P-6400,p2311-P-6400,170.5,0.0,0.0,0.0,1,21.5,0.0,0,170.5,0.0,0.0,0.0,0.0,0.0,20
2023-05-10 21:20:33,p2311-P-6400,p2311-P-6400,170.5,0.0,0.0,0.0,10,22.0,0.0,0,170.5,0.0,0.0,0.0,0.0,0.0,20
2023-05-10 21:20:34,p2311-P-6400,p2311-P-6400,170.5,0.0,0.0,0.0,1,22.5,0.0,0,170.5,0.0,0.0,0.0,0.0,0.0,20
2023-05-10 21:20:34,p2311-P-6400,p2311-P-6400,170.5,0.0,0.0,0.0,10,23.0,0.0,0,170.5,0.0,0.0,0.0,0.0,0.0,20
2023-05-10 21:20:35,p2311-P-6400,p2311-P-6400,170.5,0.0,0.0,0.0,1,23.5,0.0,0,170.5,0.0,0.0,0.0,0.0,0.0,20
2023-05-10 21:20:35,p2311-P-6400,p2311-P-6400,170.5,0.0,0.0,0.0,10,24.0,0.0,0,170.5,0.0,0.0,0.0,0.0,0.0,20
2023-05-10 21:20:37,p2311-P-6400,p2311-P-6400,170.5,0.0,0.0,0.0,1,24.5,0.0,0,170.5,0.0,0.0,0.0,0.0,0.0,20
2023-05-10 21:20:37,p2311-P-6400,p2311-P-6400,170.5,0.0,0.0,0.0,10,25.0,0.0,0,170.5,0.0,0.0,0.0,0.0,0.0,20
2023-05-10 21:20:38,p2311-P-6400,p2311-P-6400,170.5,0.0,0.0,0.0,1,25.5,0.0,0,170.5,0.0,0.0,0.0,0.0,0.0,20
2023-05-10 21:20:38,p2311-P-6400,p2311-P-6400,170.5,0.0,0.0,0.0,10,26.0,0.0,0,170.5,0.0,0.0,0.0,0.0,0.0,20
2023-05-10 21:20:39,p2311-P-6400,p2311-P-6400,170.5,0.0,0.0,0.0,1,26.5,0.0,0,170.5,0.0,0.0,0.0,0.0,0.0,20
2023-05-10 21:20:39,p2311-P-6400,p2311-P-6400,170.5,0.0,0.0,0.0,10,27.0,0.0,0,170.5,0.0,0.0,0.0,0.0,0.0,20
2023-05-10 21:20:41,p2311-P-6400,p2311-P-6400,170.5,0.0,0.0,0.0,1,27.5,0.0,0,170.5,0.0,0.0,0.0,0.0,0.0,20
2023-05-10 21:20:41,p2311-P-6400,p2311-P-6400,170.5,0.0,0.0,0.0,10,28.0,0.0,0,170.5,0.0,0.0,0.0,0.0,0.0,20
2023-05-10 21:20:42,p2311-P-6400,p2311-P-6400,170.5,0.0,0.0,0.0,1,28.5,0.0,0,170.5,0.0,0.0,0.0,0.0,0.0,20
2023-05-10 21:20:42,p2311-P-6400,p2311-P-6400,170.5,0.0,0.0,0.0,10,29.0,0.0,0,170.5,0.0,0.0,0.0,0.0,0.0,20
2023-05-10 21:20:43,p2311-P-6400,p2311-P-6400,170.5,0.0,0.0,0.0,1,29.5,0.0,0,170.5,0.0,0.0,0.0,0.0,0.0,20
2023-05-10 21:20:43,p2311-P-6400,p2311-P-6400,170.5,0.0,0.0,0.0,10,30.0,0.0,0,170.5,0.0,0.0,0.0,0.0,0.0,20
2023-05-10 21:20:44,p2311-P-6400,p2311-P-6400,170.5,0.0,0.0,0.0,1,30.5,0.0,0,170.5,0.0,0.0,0.0,0.0,0.0,20
2023-05-10 21:20:44,p2311-P-6400,p2311-P-6400,170.5,0.0,0.0,0.0,10,31.0,0.0,0,170.5,0.0,0.0,0.0,0.0,0.0,20
2023-05-10 21:20:46,p2311-P-6400,p2311-P-6400,170.5,0.0,0.0,0.0,1,31.5,0.0,0,170.5,0.0,0.0,0.0,0.0,0.0,20
2023-05-10 21:20:46,p2311-P-6400,p2311-P-6400,170.5,0.0,0.0,0.0,10,32.0,0.0,0,170.5,0.0,0.0,0.0,0.0,0.0,20
2023-05-10 21:20:47,p2311-P-6400,p2311-P-6400,170.5,0.0,0.0,0.0,1,32.5,0.0,0,170.5,0.0,0.0,0.0,0.0,0.0,20
2023-05-10 21:20:47,p2311-P-6400,p2311-P-6400,170.5,0.0,0.0,0.0,10,33.0,0.0,0,170.5,0.0,0.0,0.0,0.0,0.0,20
2023-05-10 21:20:48,p2311-P-6400,p2311-P-6400,170.5,0.0,0.0,0.0,1,33.5,0.0,0,170.5,0.0,0.0,0.0,0.0,0.0,20
2023-05-10 21:20:48,p2311-P-6400,p2311-P-6400,170.5,0.0,0.0,0.0,10,34.0,0.0,0,170.5,0.0,0.0,0.0,0.0,0.0,20
2023-05-10 21:20:49,p2311-P-6400,p2311-P-6400,170.5,0.0,0.0,0.0,1,34.5,0.0,0,170.5,0.0,0.0,0.0,0.0,0.0,20
2023-05-10 21:20:49,p2311-P-6400,p2311-P-6400,170.5,0.0,0.0,0.0,10,35.0,0.0,0,170.5,0.0,0.0,0.0,0.0,0.0,20
2023-05-10 21:20:50,p2311-P-6400,p2311-P-6400,170.5,0.0,0.0,0.0,1,35.5,0.0,0,170.5,0.0,0.0,0.0,0.0,0.0,20
2023-05-10 21:20:50,p2311-P-6400,p2311-P-6400,170.5,0.0,0.0,0.0,10,36.0,0.0,0,170.5,0.0,0.0,0.0,0.0,0.0,20
2023-05-10 21:20:52,p2311-P-6400,p2311-P-6400,170.5,0.0,0.0,0.0,1,36.5,0.0,0,170.5,0.0,0.0,0.0,0.0,0.0,20
2023-05-10 21:20:52,p2311-P-6400,p2311-P-6400,170.5,0.0,0.0,0.0,10,37.0,0.0,0,170.5,0.0,0.0,0.0,0.0,0.0,20
2023-05-10 21:20:53,p2311-P-6400,p2311-P-6400,170.5,0.0,0.0,0.0,1,37.5,0.0,0,170.5,0.0,0.0,0.0,0.0,0.0,20
2023-05-10 21:20:53,p2311-P-6400,p2311-P-6400,170.5,0.0,0.0,0.0,10,38.0,0.0,0,170.5,0.0,0.0,0.0,0.0,0.0,20
2023-05-10 21:20:54,p2311-P-6400,p2311-P-6400,170.5,0.0,0.0,0.0,1,38.5,0.0,0,170.5,0.0,0.0,0.0,0.0,0.0,20
2023-05-10 21:20:54,p2311-P-6400,p2311-P-6400,170.5,0.0,0.0,0.0,10,39.0,0.0,0,170.5,0.0,0.0,0.0,0.0,0.0,20
2023-05-10 21:20:55,p2311-P-6400,p2311-P-6400,170.5,0.0,0.0,0.0,1,39.5,0.0,0,170.5,0.0,0.0,0.0,0.0,0.0,20
2023-05-10 21:20:55,p2311-P-6400,p2311-P-6400,170.5,0.0,0.0,0.0,10,40.0,0.0,0,170.5,0.0,0.0,0.0,0.0,0.0,20
2023-05-10 21:20:57,p2311-P-6400,p2311-P-6400,170.5,0.0,0.0,0.0,1,40.5,0.0,0,170.5,0.0,0.0,0.0,0.0,0.0,20
2023-05-10 21:20:57,p2311-P-6400,p2311-P-6400,170.5,0.0,0.0,0.0,10,41.0,0.0,0,170.5,0.0,0.0,0.0,0.0,0.0,20
2023-05-10 21:20:58,p2311-P-6400,p2311-P-6400,170.5,0.0,0.0,0.0,1,41.5,0.0,0,170.5,0.0,0.0,0.0,0.0,0.0,20
2023-05-10 21:20:58,p2311-P-6400,p2311-P-6400,170.5,0.0,0.0,0.0,10,42.0,0.0,0,170.5,0.0,0.0,0.0,0.0,0.0,20
2023-05-10 21:20:59,p2311-P-6400,p2311-P-6400,170.5,0.0,0.0,0.0,1,42.5,0.0,0,170.5,0.0,0.0,0.0,0.0,0.0,20
2023-05-10 21:20:59,p2311-P-6400,p2311-P-6400,170.5,0.0,0.0,0.0,10,43.0,0.0,0,170.5,0.0,0.0,0.0,0.0,0.0,20
2023-05-10 21:21:01,p2311-P-6400,p2311-P-6400,170.5,0.0,0.0,0.0,1,43.5,0.0,0,170.5,0.0,0.0,0.0,0.0,0.0,20
2023-05-10 21:21:01,p2311-P-6400,p2311-P-6400,170.5,0.0,0.0,0.0,10,44.0,0.0,0,170.5,0.0,0.0,0.0,0.0,0.0,20
2023-05-10 21:21:02,p2311-P-6400,p2311-P-6400,170.5,0.0,0.0,0.0,1,44.5,0.0,0,170.5,0.0,0.0,0.0,0.0,0.0,20
2023-05-10 21:21:02,p2311-P-6400,p2311-P-6400,170.5,0.0,0.0,0.0,10,45.0,0.0,0,170.5,0.0,0.0,0.0,0.0,0.0,20
2023-05-10 21:21:03,p2311-P-6400,p2311-P-6400,170.5,0.0,0.0,0.0,1,45.5,0.0,0,170.5,0.0,0.0,0.0,0.0,0.0,20
2023-05-10 21:21:03,p2311-P-6400,p2311-P-6400,170.5,0.0,0.0,0.0,10,46.0,0.0,0,170.5,0.0,0.0,0.0,0.0,0.0,20
2023-05-10 21:21:05,p2311-P-6400,p2311-P-6400,170.5,0.0,0.0,0.0,1,46.5,0.0,0,170.5,0.0,0.0,0.0,0.0,0.0,20
2023-05-10 21:21:05,p2311-P-6400,p2311-P-6400,170.5,0.0,0.0,0.0,10,47.0,0.0,0,170.5,0.0,0.0,0.0,0.0,0.0,20
2023-05-10 21:21:06,p2311-P-6400,p2311-P-6400,170.5,0.0,0.0,0.0,1,47.5,0.0,0,170.5,0.0,0.0,0.0,0.0,0.0,20
2023-05-10 21:21:06,p2311-P-6400,p2311-P-6400,170.5,0.0,0.0,0.0,10,48.0,0.0,0,170.5,0.0,0.0,0.0,0.0,0.0,20
2023-05-10 21:21:07,p2311-P-6400,p2311-P-6400,170.5,0.0,0.0,0.0,1,48.5,0.0,0,170.5,0.0,0.0,0.0,0.0,0.0,20
2023-05-10 21:21:07,p2311-P-6400,p2311-P-6400,170.5,0.0,0.0,0.0,10,49.0,0.0,0,170.5,0.0,0.0,0.0,0.0,0.0,20
2023-05-10 21:21:08,p2311-P-6400,p2311-P-6400,170.5,0.0,0.0,0.0,1,49.5,0.0,0,170.5,0.0,0.0,0.0,0.0,0.0,20
2023-05-10 21:21:08,p2311-P-6400,p2311-P-6400,170.5,0.0,0.0,0.0,10,50.0,0.0,0,170.5,0.0,0.0,0.0,0.0,0.0,20
2023-05-10 21:21:09,p2311-P-6400,p2311-P-6400,170.5,0.0,0.0,0.0,1,50.5,0.0,0,170.5,0.0,0.0,0.0,0.0,0.0,20
2023-05-10 21:21:09,p2311-P-6400,p2311-P-6400,170.5,0.0,0.0,0.0,10,51.0,0.0,0,170.5,0.0,0.0,0.0,0.0,0.0,20
2023-05-10 21:21:10,p2311-P-6400,p2311-P-6400,170.5,0.0,0.0,0.0,1,51.5,0.0,0,170.5,0.0,0.0,0.0,0.0,0.0,20
2023-05-10 21:21:10,p2311-P-6400,p2311-P-6400,170.5,0.0,0.0,0.0,10,52.0,0.0,0,170.5,0.0,0.0,0.0,0.0,0.0,20
2023-05-10 21:21:11,p2311-P-6400,p2311-P-6400,170.5,0.0,0.0,0.0,1,52.5,0.0,0,170.5,0.0,0.0,0.0,0.0,0.0,20
2023-05-10 21:21:11,p2311-P-6400,p2311-P-6400,170.5,0.0,0.0,0.0,10,53.0,0.0,0,170.5,0.0,0.0,0.0,0.0,0.0,20
2023-05-10 21:21:13,p2311-P-6400,p2311-P-6400,170.5,0.0,0.0,0.0,1,53.5,0.0,0,170.5,0.0,0.0,0.0,0.0,0.0,20
2023-05-10 21:21:13,p2311-P-6400,p2311-P-6400,170.5,0.0,0.0,0.0,10,54.0,0.0,0,170.5,0.0,0.0,0.0,0.0,0.0,20
2023-05-10 21:21:14,p2311-P-6400,p2311-P-6400,170.5,0.0,0.0,0.0,1,54.5,0.0,0,170.5,0.0,0.0,0.0,0.0,0.0,20
2023-05-10 21:21:14,p2311-P-6400,p2311-P-6400,170.5,0.0,0.0,0.0,10,55.0,0.0,0,170.5,0.0,0.0,0.0,0.0,0.0,20
2023-05-10 21:21:15,p2311-P-6400,p2311-P-6400,170.5,0.0,0.0,0.0,1,55.5,0.0,0,170.5,0.0,0.0,0.0,0.0,0.0,20
2023-05-10 21:21:15,p2311-P-6400,p2311-P-6400,170.5,0.0,0.0,0.0,10,56.0,0.0,0,170.5,0.0,0.0,0.0,0.0,0.0,20
2023-05-10 21:21:16,p2311-P-6400,p2311-P-6400,170.5,0.0,0.0,0.0,1,56.5,0.0,0,170.5,0.0,0.0,0.0,0.0,0.0,20
2023-05-10 21:21:16,p2311-P-6400,p2311-P-6400,170.5,0.0,0.0,0.0,10,57.0,0.0,0,170.5,0.0,0.0,0.0,0.0,0.0,20
2023-05-10 21:21:17,p2311-P-6400,p2311-P-6400,170.5,0.0,0.0,0.0,1,57.5,0.0,0,170.5,0.0,0.0,0.0,0.0,0.0,20
2023-05-10 21:21:17,p2311-P-6400,p2311-P-6400,170.5,0.0,0.0,0.0,10,58.0,0.0,0,170.5,0.0,0.0,0.0,0.0,0.0,20
2023-05-10 21:21:18,p2311-P-6400,p2311-P-6400,170.5,0.0,0.0,0.0,1,58.5,0.0,0,170.5,0.0,0.0,0.0,0.0,0.0,20
2023-05-10 21:21:18,p2311-P-6400,p2311-P-6400,170.5,0.0,0.0,0.0,10,59.0,0.0,0,170.5,0.0,0.0,0.0,0.0,0.0,20
2023-05-10 21:21:19,p2311-P-6400,p2311-P-6400,170.5,0.0,0.0,0.0,1,59.5,0.0,0,170.5,0.0,0.0,0.0,0.0,0.0,20
2023-05-10 21:21:19,p2311-P-6400,p2311-P-6400,170.5,0.0,0.0,0.0,10,60.0,0.0,0,170.5,0.0,0.0,0.0,0.0,0.0,20
2023-05-10 21:21:20,p2311-P-6400,p2311-P-6400,170.5,0.0,0.0,0.0,1,60.5,0.0,0,170.5,0.0,0.0,0.0,0.0,0.0,20
2023-05-10 21:21:20,p2311-P-6400,p2311-P-6400,170.5,0.0,0.0,0.0,10,61.0,0.0,0,170.5,0.0,0.0,0.0,0.0,0.0,20
2023-05-10 21:21:21,p2311-P-6400,p2311-P-6400,170.5,0.0,0.0,0.0,1,61.5,0.0,0,170.5,0.0,0.0,0.0,0.0,0.0,20
2023-05-10 21:21:21,p2311-P-6400,p2311-P-6400,170.5,0.0,0.0,0.0,10,62.0,0.0,0,170.5,0.0,0.0,0.0,0.0,0.0,20
2023-05-10 21:21:22,p2311-P-6400,p2311-P-6400,170.5,0.0,0.0,0.0,1,62.5,0.0,0,170.5,0.0,0.0,0.0,0.0,0.0,20
2023-05-10 21:21:22,p2311-P-6400,p2311-P-6400,170.5,0.0,0.0,0.0,10,63.0,0.0,0,170.5,0.0,0.0,0.0,0.0,0.0,20
2023-05-10 21:21:24,p2311-P-6400,p2311-P-6400,170.5,0.0,0.0,0.0,1,63.5,0.0,0,170.5,0.0,0.0,0.0,0.0,0.0,20
2023-05-10 21:21:24,p2311-P-6400,p2311-P-6400,170.5,0.0,0.0,0.0,10,64.0,0.0,0,170.5,0.0,0.0,0.0,0.0,0.0,20
2023-05-10 21:21:25,p2311-P-6400,p2311-P-6400,170.5,0.0,0.0,0.0,1,64.5,0.0,0,170.5,0.0,0.0,0.0,0.0,0.0,20
2023-05-10 21:21:25,p2311-P-6400,p2311-P-6400,170.5,0.0,0.0,0.0,10,65.0,0.0,0,170.5,0.0,0.0,0.0,0.0,0.0,20
2023-05-10 21:21:26,p2311-P-6400,p2311-P-6400,170.5,0.0,0.0,0.0,1,65.5,0.0,0,170.5,0.0,0.0,0.0,0.0,0.0,20
2023-05-10 21:21:26,p2311-P-6400,p2311-P-6400,170.5,0.0,0.0,0.0,10,66.0,0.0,0,170.5,0.0,0.0,0.0,0.0,0.0,20
2023-05-10 21:21:28,p2311-P-6400,p2311-P-6400,170.5,0.0,0.0,0.0,1,66.5,0.0,0,170.5,0.0,0.0,0.0,0.0,0.0,20
2023-05-10 21:21:28,p2311-P-6400,p2311-P-6400,170.5,0.0,0.0,0.0,10,67.0,0.0,0,170.5,0.0,0.0,0.0,0.0,0.0,20
2023-05-10 21:21:29,p2311-P-6400,p2311-P-6400,170.5,0.0,0.0,0.0,1,67.5,0.0,0,170.5,0.0,0.0,0.0,0.0,0.0,20
2023-05-10 21:21:29,p2311-P-6400,p2311-P-6400,170.5,0.0,0.0,0.0,10,68.0,0.0,0,170.5,0.0,0.0,0.0,0.0,0.0,20
2023-05-10 21:21:30,p2311-P-6400,p2311-P-6400,170.5,0.0,0.0,0.0,1,68.5,0.0,0,170.5,0.0,0.0,0.0,0.0,0.0,20
2023-05-10 21:21:30,p2311-P-6400,p2311-P-6400,170.5,0.0,0.0,0.0,10,69.0,0.0,0,170.5,0.0,0.0,0.0,0.0,0.0,20
2023-05-10 21:21:31,p2311-P-6400,p2311-P-6400,170.5,0.0,0.0,0.0,1,69.5,0.0,0,170.5,0.0,0.0,0.0,0.0,0.0,20
2023-05-10 21:21:31,p2311-P-6400,p2311-P-6400,170.5,0.0,0.0,0.0,10,70.0,0.0,0,170.5,0.0,0.0,0.0,0.0,0.0,20
2023-05-10 21:21:33,p2311-P-6400,p2311-P-6400,170.5,0.0,0.0,0.0,1,70.5,0.0,0,170.5,0.0,0.0,0.0,0.0,0.0,20
2023-05-10 21:21:33,p2311-P-6400,p2311-P-6400,170.5,0.0,0.0,0.0,10,71.0,0.0,0,170.5,0.0,0.0,0.0,0.0,0.0,20
2023-05-10 21:21:34,p2311-P-6400,p2311-P-6400,170.5,0.0,0.0,0.0,1,71.5,0.0,0,170.5,0.0,0.0,0.0,0.0,0.0,20
2023-05-10 21:21:34,p2311-P-6400,p2311-P-6400,170.5,0.0,0.0,0.0,10,72.0,0.0,0,170.5,0.0,0.0,0.0,0.0,0.0,20
2023-05-10 21:21:35,p2311-P-6400,p2311-P-6400,170.5,0.0,0.0,0.0,1,72.5,0.0,0,170.5,0.0,0.0,0.0,0.0,0.0,20
2023-05-10 21:21:35,p2311-P-6400,p2311-P-6400,170.5,0.0,0.0,0.0,10,73.0,0.0,0,170.5,0.0,0.0,0.0,0.0,0.0,20
2023-05-10 21:21:36,p2311-P-6400,p2311-P-6400,170.5,0.0,0.0,0.0,1,73.5,0.0,0,170.5,0.0,0.0,0.0,0.0,0.0,20
2023-05-10 21:21:36,p2311-P-6400,p2311-P-6400,170.5,0.0,0.0,0.0,10,74.0,0.0,0,170.5,0.0,0.0,0.0,0.0,0.0,20
2023-05-10 21:21:38,p2311-P-6400,p2311-P-6400,170.5,0.0,0.0,0.0,1,74.5,0.0,0,170.5,0.0,0.0,0.0,0.0,0.0,20
2023-05-10 21:21:38,p2311-P-6400,p2311-P-6400,170.5,0.0,0.0,0.0,10,75.0,0.0,0,170.5,0.0,0.0,0.0,0.0,0.0,20
2023-05-10 21:21:39,p2311-P-6400,p2311-P-6400,170.5,0.0,0.0,0.0,1,75.5,0.0,0,170.5,0.0,0.0,0.0,0.0,0.0,20
2023-05-10 21:21:39,p2311-P-6400,p2311-P-6400,170.5,0.0,0.0,0.0,10,76.0,0.0,0,170.5,0.0,0.0,0.0,0.0,0.0,20
2023-05-10 21:21:40,p2311-P-6400,p2311-P-6400,170.5,0.0,0.0,0.0,1,76.5,0.0,0,170.5,0.0,0.0,0.0,0.0,0.0,20
2023-05-10 21:21:40,p2311-P-6400,p2311-P-6400,170.5,0.0,0.0,0.0,10,77.0,0.0,0,170.5,0.0,0.0,0.0,0.0,0.0,20
2023-05-10 21:21:41,p2311-P-6400,p2311-P-6400,170.5,0.0,0.0,0.0,1,77.5,0.0,0,170.5,0.0,0.0,0.0,0.0,0.0,20
2023-05-10 21:21:41,p2311-P-6400,p2311-P-6400,170.5,0.0,0.0,0.0,10,78.0,0.0,0,170.5,0.0,0.0,0.0,0.0,0.0,20
2023-05-10 21:21:42,p2311-P-6400,p2311-P-6400,170.5,0.0,0.0,0.0,1,78.5,0.0,0,170.5,0.0,0.0,0.0,0.0,0.0,20
2023-05-10 21:21:42,p2311-P-6400,p2311-P-6400,170.5,0.0,0.0,0.0,10,79.0,0.0,0,170.5,0.0,0.0,0.0,0.0,0.0,20
2023-05-10 21:21:43,p2311-P-6400,p2311-P-6400,170.5,0.0,0.0,0.0,1,79.5,0.0,0,170.5,0.0,0.0,0.0,0.0,0.0,20
2023-05-10 21:21:43,p2311-P-6400,p2311-P-6400,170.5,0.0,0.0,0.0,10,80.0,0.0,0,170.5,0.0,0.0,0.0,0.0,0.0,20
2023-05-10 21:21:45,p2311-P-6400,p2311-P-6400,170.5,0.0,0.0,0.0,1,80.5,0.0,0,170.5,0.0,0.0,0.0,0.0,0.0,20
2023-05-10 21:21:45,p2311-P-6400,p2311-P-6400,170.5,0.0,0.0,0.0,10,81.0,0.0,0,170.5,0.0,0.0,0.0,0.0,0.0,20
2023-05-10 21:21:46,p2311-P-6400,p2311-P-6400,170.5,0.0,0.0,0.0,1,81.5,0.0,0,170.5,0.0,0.0,0.0,0.0,0.0,20
2023-05-10 21:21:46,p2311-P-6400,p2311-P-6400,170.5,0.0,0.0,0.0,10,82.0,0.0,0,170.5,0.0,0.0,0.0,0.0,0.0,20
2023-05-10 21:21:48,p2311-P-6400,p2311-P-6400,170.5,0.0,0.0,0.0,1,82.5,0.0,0,170.5,0.0,0.0,0.0,0.0,0.0,20
2023-05-10 21:21:48,p2311-P-6400,p2311-P-6400,170.5,0.0,0.0,0.0,10,83.0,0.0,0,170.5,0.0,0.0,0.0,0.0,0.0,20
2023-05-10 22:57:33,p2311-P-6400,p2311-P-6400,170.5,0.0,0.0,0.0,1,2.5,0.0,0,170.5,0.0,0.0,0.0,0.0,0.0,20
2023-05-10 22:59:16,p2311-P-6400,p2311-P-6400,170.5,0.0,0.0,0.0,10,3.0,0.0,0,170.5,0.0,0.0,0.0,0.0,0.0,20
2023-05-10 22:59:56,p2311-P-6400,p2311-P-6400,170.5,0.0,0.0,0.0,1,2.5,0.0,0,170.5,0.0,0.0,0.0,0.0,0.0,20
2023-05-11 09:00:05,p2311-P-6400,p2311-P-6400,170.5,0.0,0.0,0.0,10,3.0,0.0,0,170.5,0.0,0.0,0.0,0.0,0.0,20
2023-05-11 09:00:42,p2311-P-6400,p2311-P-6400,170.5,0.0,0.0,0.0,1,3.5,0.0,0,170.5,0.0,0.0,0.0,0.0,0.0,20
2023-05-11 09:00:42,p2311-P-6400,p2311-P-6400,170.5,0.0,0.0,0.0,10,4.0,0.0,0,170.5,0.0,0.0,0.0,0.0,0.0,20
2023-05-11 09:02:23,p2311-P-6400,p2311-P-6400,170.5,0.0,0.0,0.0,1,4.5,0.0,0,170.5,0.0,0.0,0.0,0.0,0.0,20
2023-05-11 09:02:23,p2311-P-6400,p2311-P-6400,170.5,0.0,0.0,0.0,10,5.0,0.0,0,170.5,0.0,0.0,0.0,0.0,0.0,20
2023-05-11 09:09:22,p2311-P-6400,p2311-P-6400,170.5,0.0,0.0,0.0,1,5.5,0.0,0,170.5,0.0,0.0,0.0,0.0,0.0,20
2023-05-11 09:09:22,p2311-P-6400,p2311-P-6400,170.5,0.0,0.0,0.0,10,6.0,0.0,0,170.5,0.0,0.0,0.0,0.0,0.0,20
2023-05-11 09:11:42,p2311-P-6400,p2311-P-6400,170.5,0.0,0.0,0.0,1,6.5,0.0,0,170.5,0.0,0.0,0.0,0.0,0.0,20
2023-05-11 09:11:42,p2311-P-6400,p2311-P-6400,170.5,0.0,0.0,0.0,10,7.0,0.0,0,170.5,0.0,0.0,0.0,0.0,0.0,20
2023-05-11 09:11:43,p2311-P-6400,p2311-P-6400,170.5,0.0,0.0,0.0,1,7.5,0.0,0,170.5,0.0,0.0,0.0,0.0,0.0,20
2023-05-11 09:11:43,p2311-P-6400,p2311-P-6400,170.5,0.0,0.0,0.0,10,8.0,0.0,0,170.5,0.0,0.0,0.0,0.0,0.0,20
2023-05-11 09:11:46,p2311-P-6400,p2311-P-6400,170.5,0.0,0.0,0.0,1,8.5,0.0,0,170.5,0.0,0.0,0.0,0.0,0.0,20
2023-05-11 09:11:46,p2311-P-6400,p2311-P-6400,170.5,0.0,0.0,0.0,10,9.0,0.0,0,170.5,0.0,0.0,0.0,0.0,0.0,20
2023-05-11 09:11:48,p2311-P-6400,p2311-P-6400,170.5,0.0,0.0,0.0,1,9.5,0.0,0,170.5,0.0,0.0,0.0,0.0,0.0,20
2023-05-11 09:11:48,p2311-P-6400,p2311-P-6400,170.5,0.0,0.0,0.0,10,10.0,0.0,0,170.5,0.0,0.0,0.0,0.0,0.0,20
2023-05-11 09:11:50,p2311-P-6400,p2311-P-6400,170.5,0.0,0.0,0.0,1,10.5,0.0,0,170.5,0.0,0.0,0.0,0.0,0.0,20
2023-05-11 09:11:50,p2311-P-6400,p2311-P-6400,170.5,0.0,0.0,0.0,10,11.0,0.0,0,170.5,0.0,0.0,0.0,0.0,0.0,20
2023-05-11 09:11:52,p2311-P-6400,p2311-P-6400,170.5,0.0,0.0,0.0,1,11.5,0.0,0,170.5,0.0,0.0,0.0,0.0,0.0,20
2023-05-11 09:11:52,p2311-P-6400,p2311-P-6400,170.5,0.0,0.0,0.0,10,12.0,0.0,0,170.5,0.0,0.0,0.0,0.0,0.0,20
2023-05-11 09:11:53,p2311-P-6400,p2311-P-6400,170.5,0.0,0.0,0.0,1,12.5,0.0,0,170.5,0.0,0.0,0.0,0.0,0.0,20
2023-05-11 09:11:53,p2311-P-6400,p2311-P-6400,170.5,0.0,0.0,0.0,10,13.0,0.0,0,170.5,0.0,0.0,0.0,0.0,0.0,20
2023-05-11 09:11:54,p2311-P-6400,p2311-P-6400,170.5,0.0,0.0,0.0,1,13.5,0.0,0,170.5,0.0,0.0,0.0,0.0,0.0,20
2023-05-11 09:11:54,p2311-P-6400,p2311-P-6400,170.5,0.0,0.0,0.0,10,14.0,0.0,0,170.5,0.0,0.0,0.0,0.0,0.0,20
2023-05-11 09:11:56,p2311-P-6400,p2311-P-6400,170.5,0.0,0.0,0.0,1,14.5,0.0,0,170.5,0.0,0.0,0.0,0.0,0.0,20
2023-05-11 09:11:56,p2311-P-6400,p2311-P-6400,170.5,0.0,0.0,0.0,10,15.0,0.0,0,170.5,0.0,0.0,0.0,0.0,0.0,20
2023-05-11 09:11:57,p2311-P-6400,p2311-P-6400,170.5,0.0,0.0,0.0,1,15.5,0.0,0,170.5,0.0,0.0,0.0,0.0,0.0,20
2023-05-11 09:11:57,p2311-P-6400,p2311-P-6400,170.5,0.0,0.0,0.0,10,16.0,0.0,0,170.5,0.0,0.0,0.0,0.0,0.0,20
2023-05-11 09:11:59,p2311-P-6400,p2311-P-6400,170.5,0.0,0.0,0.0,1,16.5,0.0,0,170.5,0.0,0.0,0.0,0.0,0.0,20
2023-05-11 09:11:59,p2311-P-6400,p2311-P-6400,170.5,0.0,0.0,0.0,10,17.0,0.0,0,170.5,0.0,0.0,0.0,0.0,0.0,20
2023-05-11 09:12:00,p2311-P-6400,p2311-P-6400,170.5,0.0,0.0,0.0,1,17.5,0.0,0,170.5,0.0,0.0,0.0,0.0,0.0,20
2023-05-11 09:12:00,p2311-P-6400,p2311-P-6400,170.5,0.0,0.0,0.0,10,18.0,0.0,0,170.5,0.0,0.0,0.0,0.0,0.0,20
2023-05-11 09:12:02,p2311-P-6400,p2311-P-6400,170.5,0.0,0.0,0.0,1,18.5,0.0,0,170.5,0.0,0.0,0.0,0.0,0.0,20
2023-05-11 09:12:02,p2311-P-6400,p2311-P-6400,170.5,0.0,0.0,0.0,10,19.0,0.0,0,170.5,0.0,0.0,0.0,0.0,0.0,20
2023-05-11 09:12:03,p2311-P-6400,p2311-P-6400,170.5,0.0,0.0,0.0,1,19.5,0.0,0,170.5,0.0,0.0,0.0,0.0,0.0,20
2023-05-11 09:12:03,p2311-P-6400,p2311-P-6400,170.5,0.0,0.0,0.0,10,20.0,0.0,0,170.5,0.0,0.0,0.0,0.0,0.0,20
2023-05-11 09:12:04,p2311-P-6400,p2311-P-6400,170.5,0.0,0.0,0.0,1,20.5,0.0,0,170.5,0.0,0.0,0.0,0.0,0.0,20
2023-05-11 09:12:05,p2311-P-6400,p2311-P-6400,170.5,0.0,0.0,0.0,10,21.0,0.0,0,170.5,0.0,0.0,0.0,0.0,0.0,20
2023-05-11 09:12:06,p2311-P-6400,p2311-P-6400,170.5,0.0,0.0,0.0,1,21.5,0.0,0,170.5,0.0,0.0,0.0,0.0,0.0,20
2023-05-11 09:12:06,p2311-P-6400,p2311-P-6400,170.5,0.0,0.0,0.0,10,22.0,0.0,0,170.5,0.0,0.0,0.0,0.0,0.0,20
2023-05-11 09:12:07,p2311-P-6400,p2311-P-6400,170.5,0.0,0.0,0.0,1,22.5,0.0,0,170.5,0.0,0.0,0.0,0.0,0.0,20
2023-05-11 09:12:07,p2311-P-6400,p2311-P-6400,170.5,0.0,0.0,0.0,10,23.0,0.0,0,170.5,0.0,0.0,0.0,0.0,0.0,20
2023-05-11 09:12:08,p2311-P-6400,p2311-P-6400,170.5,0.0,0.0,0.0,1,23.5,0.0,0,170.5,0.0,0.0,0.0,0.0,0.0,20
2023-05-11 09:12:08,p2311-P-6400,p2311-P-6400,170.5,0.0,0.0,0.0,10,24.0,0.0,0,170.5,0.0,0.0,0.0,0.0,0.0,20
2023-05-11 09:12:10,p2311-P-6400,p2311-P-6400,170.5,0.0,0.0,0.0,1,24.5,0.0,0,170.5,0.0,0.0,0.0,0.0,0.0,20
2023-05-11 09:12:10,p2311-P-6400,p2311-P-6400,170.5,0.0,0.0,0.0,10,25.0,0.0,0,170.5,0.0,0.0,0.0,0.0,0.0,20
2023-05-11 09:12:11,p2311-P-6400,p2311-P-6400,170.5,0.0,0.0,0.0,1,25.5,0.0,0,170.5,0.0,0.0,0.0,0.0,0.0,20
2023-05-11 09:12:11,p2311-P-6400,p2311-P-6400,170.5,0.0,0.0,0.0,10,26.0,0.0,0,170.5,0.0,0.0,0.0,0.0,0.0,20
2023-05-11 09:12:12,p2311-P-6400,p2311-P-6400,170.5,0.0,0.0,0.0,1,26.5,0.0,0,170.5,0.0,0.0,0.0,0.0,0.0,20
2023-05-11 09:12:12,p2311-P-6400,p2311-P-6400,170.5,0.0,0.0,0.0,10,27.0,0.0,0,170.5,0.0,0.0,0.0,0.0,0.0,20
2023-05-11 09:12:13,p2311-P-6400,p2311-P-6400,170.5,0.0,0.0,0.0,1,27.5,0.0,0,170.5,0.0,0.0,0.0,0.0,0.0,20
2023-05-11 09:12:13,p2311-P-6400,p2311-P-6400,170.5,0.0,0.0,0.0,10,28.0,0.0,0,170.5,0.0,0.0,0.0,0.0,0.0,20
2023-05-11 09:12:14,p2311-P-6400,p2311-P-6400,170.5,0.0,0.0,0.0,1,28.5,0.0,0,170.5,0.0,0.0,0.0,0.0,0.0,20
2023-05-11 09:12:14,p2311-P-6400,p2311-P-6400,170.5,0.0,0.0,0.0,10,29.0,0.0,0,170.5,0.0,0.0,0.0,0.0,0.0,20
2023-05-11 09:12:16,p2311-P-6400,p2311-P-6400,170.5,0.0,0.0,0.0,1,29.5,0.0,0,170.5,0.0,0.0,0.0,0.0,0.0,20
2023-05-11 09:12:16,p2311-P-6400,p2311-P-6400,170.5,0.0,0.0,0.0,10,30.0,0.0,0,170.5,0.0,0.0,0.0,0.0,0.0,20
2023-05-11 09:12:17,p2311-P-6400,p2311-P-6400,170.5,0.0,0.0,0.0,1,30.5,0.0,0,170.5,0.0,0.0,0.0,0.0,0.0,20
2023-05-11 09:12:17,p2311-P-6400,p2311-P-6400,170.5,0.0,0.0,0.0,10,31.0,0.0,0,170.5,0.0,0.0,0.0,0.0,0.0,20
2023-05-11 09:12:18,p2311-P-6400,p2311-P-6400,170.5,0.0,0.0,0.0,1,31.5,0.0,0,170.5,0.0,0.0,0.0,0.0,0.0,20
2023-05-11 09:12:18,p2311-P-6400,p2311-P-6400,170.5,0.0,0.0,0.0,10,32.0,0.0,0,170.5,0.0,0.0,0.0,0.0,0.0,20
2023-05-11 09:12:19,p2311-P-6400,p2311-P-6400,170.5,0.0,0.0,0.0,1,32.5,0.0,0,170.5,0.0,0.0,0.0,0.0,0.0,20
2023-05-11 09:12:19,p2311-P-6400,p2311-P-6400,170.5,0.0,0.0,0.0,10,33.0,0.0,0,170.5,0.0,0.0,0.0,0.0,0.0,20
2023-05-11 09:12:21,p2311-P-6400,p2311-P-6400,170.5,0.0,0.0,0.0,1,33.5,0.0,0,170.5,0.0,0.0,0.0,0.0,0.0,20
2023-05-11 09:12:21,p2311-P-6400,p2311-P-6400,170.5,0.0,0.0,0.0,10,34.0,0.0,0,170.5,0.0,0.0,0.0,0.0,0.0,20
2023-05-11 09:12:22,p2311-P-6400,p2311-P-6400,170.5,0.0,0.0,0.0,1,34.5,0.0,0,170.5,0.0,0.0,0.0,0.0,0.0,20
2023-05-11 09:12:22,p2311-P-6400,p2311-P-6400,170.5,0.0,0.0,0.0,10,35.0,0.0,0,170.5,0.0,0.0,0.0,0.0,0.0,20
2023-05-11 09:12:23,p2311-P-6400,p2311-P-6400,170.5,0.0,0.0,0.0,1,35.5,0.0,0,170.5,0.0,0.0,0.0,0.0,0.0,20
2023-05-11 09:12:23,p2311-P-6400,p2311-P-6400,170.5,0.0,0.0,0.0,10,36.0,0.0,0,170.5,0.0,0.0,0.0,0.0,0.0,20
2023-05-11 09:12:25,p2311-P-6400,p2311-P-6400,170.5,0.0,0.0,0.0,1,36.5,0.0,0,170.5,0.0,0.0,0.0,0.0,0.0,20
2023-05-11 09:12:25,p2311-P-6400,p2311-P-6400,170.5,0.0,0.0,0.0,10,37.0,0.0,0,170.5,0.0,0.0,0.0,0.0,0.0,20
2023-05-11 09:12:26,p2311-P-6400,p2311-P-6400,170.5,0.0,0.0,0.0,1,37.5,0.0,0,170.5,0.0,0.0,0.0,0.0,0.0,20
2023-05-11 09:12:26,p2311-P-6400,p2311-P-6400,170.5,0.0,0.0,0.0,10,38.0,0.0,0,170.5,0.0,0.0,0.0,0.0,0.0,20
2023-05-11 09:12:27,p2311-P-6400,p2311-P-6400,170.5,0.0,0.0,0.0,1,38.5,0.0,0,170.5,0.0,0.0,0.0,0.0,0.0,20
2023-05-11 09:12:27,p2311-P-6400,p2311-P-6400,170.5,0.0,0.0,0.0,10,39.0,0.0,0,170.5,0.0,0.0,0.0,0.0,0.0,20
2023-05-11 09:12:28,p2311-P-6400,p2311-P-6400,170.5,0.0,0.0,0.0,1,39.5,0.0,0,170.5,0.0,0.0,0.0,0.0,0.0,20
2023-05-11 09:12:28,p2311-P-6400,p2311-P-6400,170.5,0.0,0.0,0.0,10,40.0,0.0,0,170.5,0.0,0.0,0.0,0.0,0.0,20
2023-05-11 09:12:30,p2311-P-6400,p2311-P-6400,170.5,0.0,0.0,0.0,1,40.5,0.0,0,170.5,0.0,0.0,0.0,0.0,0.0,20
2023-05-11 09:12:30,p2311-P-6400,p2311-P-6400,170.5,0.0,0.0,0.0,10,41.0,0.0,0,170.5,0.0,0.0,0.0,0.0,0.0,20
2023-05-11 09:12:31,p2311-P-6400,p2311-P-6400,170.5,0.0,0.0,0.0,1,41.5,0.0,0,170.5,0.0,0.0,0.0,0.0,0.0,20
2023-05-11 09:12:31,p2311-P-6400,p2311-P-6400,170.5,0.0,0.0,0.0,10,42.0,0.0,0,170.5,0.0,0.0,0.0,0.0,0.0,20
2023-05-11 09:12:32,p2311-P-6400,p2311-P-6400,170.5,0.0,0.0,0.0,1,42.5,0.0,0,170.5,0.0,0.0,0.0,0.0,0.0,20
2023-05-11 09:12:32,p2311-P-6400,p2311-P-6400,170.5,0.0,0.0,0.0,10,43.0,0.0,0,170.5,0.0,0.0,0.0,0.0,0.0,20
2023-05-11 09:12:34,p2311-P-6400,p2311-P-6400,170.5,0.0,0.0,0.0,1,43.5,0.0,0,170.5,0.0,0.0,0.0,0.0,0.0,20
2023-05-11 09:12:34,p2311-P-6400,p2311-P-6400,170.5,0.0,0.0,0.0,10,44.0,0.0,0,170.5,0.0,0.0,0.0,0.0,0.0,20
2023-05-11 09:12:35,p2311-P-6400,p2311-P-6400,170.5,0.0,0.0,0.0,1,44.5,0.0,0,170.5,0.0,0.0,0.0,0.0,0.0,20
2023-05-11 09:12:35,p2311-P-6400,p2311-P-6400,170.5,0.0,0.0,0.0,10,45.0,0.0,0,170.5,0.0,0.0,0.0,0.0,0.0,20
2023-05-11 09:12:36,p2311-P-6400,p2311-P-6400,170.5,0.0,0.0,0.0,1,45.5,0.0,0,170.5,0.0,0.0,0.0,0.0,0.0,20
2023-05-11 09:12:36,p2311-P-6400,p2311-P-6400,170.5,0.0,0.0,0.0,10,46.0,0.0,0,170.5,0.0,0.0,0.0,0.0,0.0,20
2023-05-11 09:12:37,p2311-P-6400,p2311-P-6400,170.5,0.0,0.0,0.0,1,46.5,0.0,0,170.5,0.0,0.0,0.0,0.0,0.0,20
2023-05-11 09:12:37,p2311-P-6400,p2311-P-6400,170.5,0.0,0.0,0.0,10,47.0,0.0,0,170.5,0.0,0.0,0.0,0.0,0.0,20
2023-05-11 09:12:38,p2311-P-6400,p2311-P-6400,170.5,0.0,0.0,0.0,1,47.5,0.0,0,170.5,0.0,0.0,0.0,0.0,0.0,20
2023-05-11 09:12:38,p2311-P-6400,p2311-P-6400,170.5,0.0,0.0,0.0,10,48.0,0.0,0,170.5,0.0,0.0,0.0,0.0,0.0,20
2023-05-11 09:12:39,p2311-P-6400,p2311-P-6400,170.5,0.0,0.0,0.0,1,48.5,0.0,0,170.5,0.0,0.0,0.0,0.0,0.0,20
2023-05-11 09:12:40,p2311-P-6400,p2311-P-6400,170.5,0.0,0.0,0.0,10,49.0,0.0,0,170.5,0.0,0.0,0.0,0.0,0.0,20
2023-05-11 09:12:41,p2311-P-6400,p2311-P-6400,170.5,0.0,0.0,0.0,1,49.5,0.0,0,170.5,0.0,0.0,0.0,0.0,0.0,20
2023-05-11 09:12:41,p2311-P-6400,p2311-P-6400,170.5,0.0,0.0,0.0,10,50.0,0.0,0,170.5,0.0,0.0,0.0,0.0,0.0,20
2023-05-11 09:12:42,p2311-P-6400,p2311-P-6400,170.5,0.0,0.0,0.0,1,50.5,0.0,0,170.5,0.0,0.0,0.0,0.0,0.0,20
2023-05-11 09:12:42,p2311-P-6400,p2311-P-6400,170.5,0.0,0.0,0.0,10,51.0,0.0,0,170.5,0.0,0.0,0.0,0.0,0.0,20
2023-05-11 09:12:43,p2311-P-6400,p2311-P-6400,170.5,0.0,0.0,0.0,1,51.5,0.0,0,170.5,0.0,0.0,0.0,0.0,0.0,20
2023-05-11 09:12:43,p2311-P-6400,p2311-P-6400,170.5,0.0,0.0,0.0,10,52.0,0.0,0,170.5,0.0,0.0,0.0,0.0,0.0,20
2023-05-11 09:12:44,p2311-P-6400,p2311-P-6400,170.5,0.0,0.0,0.0,1,52.5,0.0,0,170.5,0.0,0.0,0.0,0.0,0.0,20
2023-05-11 09:12:44,p2311-P-6400,p2311-P-6400,170.5,0.0,0.0,0.0,10,53.0,0.0,0,170.5,0.0,0.0,0.0,0.0,0.0,20
2023-05-11 09:12:45,p2311-P-6400,p2311-P-6400,170.5,0.0,0.0,0.0,1,53.5,0.0,0,170.5,0.0,0.0,0.0,0.0,0.0,20
2023-05-11 09:12:46,p2311-P-6400,p2311-P-6400,170.5,0.0,0.0,0.0,10,54.0,0.0,0,170.5,0.0,0.0,0.0,0.0,0.0,20
2023-05-11 09:12:46,p2311-P-6400,p2311-P-6400,170.5,0.0,0.0,0.0,1,54.5,0.0,0,170.5,0.0,0.0,0.0,0.0,0.0,20
2023-05-11 09:12:46,p2311-P-6400,p2311-P-6400,170.5,0.0,0.0,0.0,10,55.0,0.0,0,170.5,0.0,0.0,0.0,0.0,0.0,20
2023-05-11 09:12:48,p2311-P-6400,p2311-P-6400,170.5,0.0,0.0,0.0,1,55.5,0.0,0,170.5,0.0,0.0,0.0,0.0,0.0,20
2023-05-11 09:12:48,p2311-P-6400,p2311-P-6400,170.5,0.0,0.0,0.0,10,56.0,0.0,0,170.5,0.0,0.0,0.0,0.0,0.0,20
2023-05-11 09:12:49,p2311-P-6400,p2311-P-6400,170.5,0.0,0.0,0.0,1,56.5,0.0,0,170.5,0.0,0.0,0.0,0.0,0.0,20
2023-05-11 09:12:49,p2311-P-6400,p2311-P-6400,170.5,0.0,0.0,0.0,10,57.0,0.0,0,170.5,0.0,0.0,0.0,0.0,0.0,20
2023-05-11 09:12:50,p2311-P-6400,p2311-P-6400,170.5,0.0,0.0,0.0,1,57.5,0.0,0,170.5,0.0,0.0,0.0,0.0,0.0,20
2023-05-11 09:12:50,p2311-P-6400,p2311-P-6400,170.5,0.0,0.0,0.0,10,58.0,0.0,0,170.5,0.0,0.0,0.0,0.0,0.0,20
2023-05-11 09:12:51,p2311-P-6400,p2311-P-6400,170.5,0.0,0.0,0.0,1,58.5,0.0,0,170.5,0.0,0.0,0.0,0.0,0.0,20
2023-05-11 09:12:51,p2311-P-6400,p2311-P-6400,170.5,0.0,0.0,0.0,10,59.0,0.0,0,170.5,0.0,0.0,0.0,0.0,0.0,20
2023-05-11 09:12:53,p2311-P-6400,p2311-P-6400,170.5,0.0,0.0,0.0,1,59.5,0.0,0,170.5,0.0,0.0,0.0,0.0,0.0,20
2023-05-11 09:12:53,p2311-P-6400,p2311-P-6400,170.5,0.0,0.0,0.0,10,60.0,0.0,0,170.5,0.0,0.0,0.0,0.0,0.0,20
2023-05-11 09:12:54,p2311-P-6400,p2311-P-6400,170.5,0.0,0.0,0.0,1,60.5,0.0,0,170.5,0.0,0.0,0.0,0.0,0.0,20
2023-05-11 09:12:54,p2311-P-6400,p2311-P-6400,170.5,0.0,0.0,0.0,10,61.0,0.0,0,170.5,0.0,0.0,0.0,0.0,0.0,20
2023-05-11 09:12:55,p2311-P-6400,p2311-P-6400,170.5,0.0,0.0,0.0,1,61.5,0.0,0,170.5,0.0,0.0,0.0,0.0,0.0,20
2023-05-11 09:12:55,p2311-P-6400,p2311-P-6400,170.5,0.0,0.0,0.0,10,62.0,0.0,0,170.5,0.0,0.0,0.0,0.0,0.0,20
2023-05-11 09:12:57,p2311-P-6400,p2311-P-6400,170.5,0.0,0.0,0.0,1,62.5,0.0,0,170.5,0.0,0.0,0.0,0.0,0.0,20
2023-05-11 09:12:57,p2311-P-6400,p2311-P-6400,170.5,0.0,0.0,0.0,10,63.0,0.0,0,170.5,0.0,0.0,0.0,0.0,0.0,20
2023-05-11 09:12:58,p2311-P-6400,p2311-P-6400,170.5,0.0,0.0,0.0,1,63.5,0.0,0,170.5,0.0,0.0,0.0,0.0,0.0,20
2023-05-11 09:12:58,p2311-P-6400,p2311-P-6400,170.5,0.0,0.0,0.0,10,64.0,0.0,0,170.5,0.0,0.0,0.0,0.0,0.0,20
2023-05-11 09:12:59,p2311-P-6400,p2311-P-6400,170.5,0.0,0.0,0.0,1,64.5,0.0,0,170.5,0.0,0.0,0.0,0.0,0.0,20
2023-05-11 09:12:59,p2311-P-6400,p2311-P-6400,170.5,0.0,0.0,0.0,10,65.0,0.0,0,170.5,0.0,0.0,0.0,0.0,0.0,20
2023-05-11 09:13:01,p2311-P-6400,p2311-P-6400,170.5,0.0,0.0,0.0,1,65.5,0.0,0,170.5,0.0,0.0,0.0,0.0,0.0,20
2023-05-11 09:13:01,p2311-P-6400,p2311-P-6400,170.5,0.0,0.0,0.0,10,66.0,0.0,0,170.5,0.0,0.0,0.0,0.0,0.0,20
2023-05-11 09:13:02,p2311-P-6400,p2311-P-6400,170.5,0.0,0.0,0.0,1,66.5,0.0,0,170.5,0.0,0.0,0.0,0.0,0.0,20
2023-05-11 09:13:02,p2311-P-6400,p2311-P-6400,170.5,0.0,0.0,0.0,10,67.0,0.0,0,170.5,0.0,0.0,0.0,0.0,0.0,20
2023-05-11 09:13:04,p2311-P-6400,p2311-P-6400,170.5,0.0,0.0,0.0,1,67.5,0.0,0,170.5,0.0,0.0,0.0,0.0,0.0,20
2023-05-11 09:13:04,p2311-P-6400,p2311-P-6400,170.5,0.0,0.0,0.0,10,68.0,0.0,0,170.5,0.0,0.0,0.0,0.0,0.0,20
2023-05-11 09:13:05,p2311-P-6400,p2311-P-6400,170.5,0.0,0.0,0.0,1,68.5,0.0,0,170.5,0.0,0.0,0.0,0.0,0.0,20
2023-05-11 09:13:05,p2311-P-6400,p2311-P-6400,170.5,0.0,0.0,0.0,10,69.0,0.0,0,170.5,0.0,0.0,0.0,0.0,0.0,20
2023-05-11 09:13:08,p2311-P-6400,p2311-P-6400,170.5,0.0,0.0,0.0,1,69.5,0.0,0,170.5,0.0,0.0,0.0,0.0,0.0,20
2023-05-11 09:13:08,p2311-P-6400,p2311-P-6400,170.5,0.0,0.0,0.0,10,70.0,0.0,0,170.5,0.0,0.0,0.0,0.0,0.0,20
2023-05-11 09:13:09,p2311-P-6400,p2311-P-6400,170.5,0.0,0.0,0.0,1,70.5,0.0,0,170.5,0.0,0.0,0.0,0.0,0.0,20
2023-05-11 09:13:09,p2311-P-6400,p2311-P-6400,170.5,0.0,0.0,0.0,10,71.0,0.0,0,170.5,0.0,0.0,0.0,0.0,0.0,20
2023-05-11 09:13:11,p2311-P-6400,p2311-P-6400,170.5,0.0,0.0,0.0,1,71.5,0.0,0,170.5,0.0,0.0,0.0,0.0,0.0,20
2023-05-11 09:13:11,p2311-P-6400,p2311-P-6400,170.5,0.0,0.0,0.0,10,72.0,0.0,0,170.5,0.0,0.0,0.0,0.0,0.0,20
2023-05-11 09:13:12,p2311-P-6400,p2311-P-6400,170.5,0.0,0.0,0.0,1,72.5,0.0,0,170.5,0.0,0.0,0.0,0.0,0.0,20
2023-05-11 09:13:12,p2311-P-6400,p2311-P-6400,170.5,0.0,0.0,0.0,10,73.0,0.0,0,170.5,0.0,0.0,0.0,0.0,0.0,20
2023-05-11 09:13:14,p2311-P-6400,p2311-P-6400,170.5,0.0,0.0,0.0,1,73.5,0.0,0,170.5,0.0,0.0,0.0,0.0,0.0,20
2023-05-11 09:13:14,p2311-P-6400,p2311-P-6400,170.5,0.0,0.0,0.0,10,74.0,0.0,0,170.5,0.0,0.0,0.0,0.0,0.0,20
2023-05-11 09:13:15,p2311-P-6400,p2311-P-6400,170.5,0.0,0.0,0.0,1,74.5,0.0,0,170.5,0.0,0.0,0.0,0.0,0.0,20
2023-05-11 09:13:15,p2311-P-6400,p2311-P-6400,170.5,0.0,0.0,0.0,10,75.0,0.0,0,170.5,0.0,0.0,0.0,0.0,0.0,20
2023-05-11 09:13:17,p2311-P-6400,p2311-P-6400,170.5,0.0,0.0,0.0,1,75.5,0.0,0,170.5,0.0,0.0,0.0,0.0,0.0,20
2023-05-11 09:13:17,p2311-P-6400,p2311-P-6400,170.5,0.0,0.0,0.0,10,76.0,0.0,0,170.5,0.0,0.0,0.0,0.0,0.0,20
2023-05-11 09:13:19,p2311-P-6400,p2311-P-6400,170.5,0.0,0.0,0.0,1,76.5,0.0,0,170.5,0.0,0.0,0.0,0.0,0.0,20
2023-05-11 09:13:19,p2311-P-6400,p2311-P-6400,170.5,0.0,0.0,0.0,10,77.0,0.0,0,170.5,0.0,0.0,0.0,0.0,0.0,20
2023-05-11 09:13:21,p2311-P-6400,p2311-P-6400,170.5,0.0,0.0,0.0,1,77.5,0.0,0,170.5,0.0,0.0,0.0,0.0,0.0,20
2023-05-11 09:13:21,p2311-P-6400,p2311-P-6400,170.5,0.0,0.0,0.0,10,78.0,0.0,0,170.5,0.0,0.0,0.0,0.0,0.0,20
2023-05-11 09:13:22,p2311-P-6400,p2311-P-6400,170.5,0.0,0.0,0.0,1,78.5,0.0,0,170.5,0.0,0.0,0.0,0.0,0.0,20
2023-05-11 09:13:22,p2311-P-6400,p2311-P-6400,170.5,0.0,0.0,0.0,10,79.0,0.0,0,170.5,0.0,0.0,0.0,0.0,0.0,20
2023-05-11 09:13:24,p2311-P-6400,p2311-P-6400,170.5,0.0,0.0,0.0,1,79.5,0.0,0,170.5,0.0,0.0,0.0,0.0,0.0,20
2023-05-11 09:13:24,p2311-P-6400,p2311-P-6400,170.5,0.0,0.0,0.0,10,80.0,0.0,0,170.5,0.0,0.0,0.0,0.0,0.0,20
2023-05-11 09:13:25,p2311-P-6400,p2311-P-6400,170.5,0.0,0.0,0.0,1,80.5,0.0,0,170.5,0.0,0.0,0.0,0.0,0.0,20
2023-05-11 09:13:26,p2311-P-6400,p2311-P-6400,170.5,0.0,0.0,0.0,10,81.0,0.0,0,170.5,0.0,0.0,0.0,0.0,0.0,20
2023-05-11 09:13:27,p2311-P-6400,p2311-P-6400,170.5,0.0,0.0,0.0,1,81.5,0.0,0,170.5,0.0,0.0,0.0,0.0,0.0,20
2023-05-11 09:13:27,p2311-P-6400,p2311-P-6400,170.5,0.0,0.0,0.0,10,82.0,0.0,0,170.5,0.0,0.0,0.0,0.0,0.0,20
2023-05-11 09:13:28,p2311-P-6400,p2311-P-6400,170.5,0.0,0.0,0.0,1,82.5,0.0,0,170.5,0.0,0.0,0.0,0.0,0.0,20
2023-05-11 09:13:28,p2311-P-6400,p2311-P-6400,170.5,0.0,0.0,0.0,10,83.0,0.0,0,170.5,0.0,0.0,0.0,0.0,0.0,20
2023-05-11 09:13:30,p2311-P-6400,p2311-P-6400,170.5,0.0,0.0,0.0,1,83.5,0.0,0,170.5,0.0,0.0,0.0,0.0,0.0,20
2023-05-11 09:13:30,p2311-P-6400,p2311-P-6400,170.5,0.0,0.0,0.0,10,84.0,0.0,0,170.5,0.0,0.0,0.0,0.0,0.0,20
2023-05-11 09:13:31,p2311-P-6400,p2311-P-6400,170.5,0.0,0.0,0.0,1,84.5,0.0,0,170.5,0.0,0.0,0.0,0.0,0.0,20
2023-05-11 09:13:31,p2311-P-6400,p2311-P-6400,170.5,0.0,0.0,0.0,10,85.0,0.0,0,170.5,0.0,0.0,0.0,0.0,0.0,20
2023-05-11 09:13:33,p2311-P-6400,p2311-P-6400,170.5,0.0,0.0,0.0,1,85.5,0.0,0,170.5,0.0,0.0,0.0,0.0,0.0,20
2023-05-11 09:13:33,p2311-P-6400,p2311-P-6400,170.5,0.0,0.0,0.0,10,86.0,0.0,0,170.5,0.0,0.0,0.0,0.0,0.0,20
2023-05-11 09:13:34,p2311-P-6400,p2311-P-6400,170.5,0.0,0.0,0.0,1,86.5,0.0,0,170.5,0.0,0.0,0.0,0.0,0.0,20
2023-05-11 09:13:34,p2311-P-6400,p2311-P-6400,170.5,0.0,0.0,0.0,10,87.0,0.0,0,170.5,0.0,0.0,0.0,0.0,0.0,20
2023-05-11 09:13:35,p2311-P-6400,p2311-P-6400,170.5,0.0,0.0,0.0,1,87.5,0.0,0,170.5,0.0,0.0,0.0,0.0,0.0,20
2023-05-11 09:13:35,p2311-P-6400,p2311-P-6400,170.5,0.0,0.0,0.0,10,88.0,0.0,0,170.5,0.0,0.0,0.0,0.0,0.0,20
2023-05-11 10:14:32,p2311-P-6400,p2311-P-6400,170.5,0.0,0.0,0.0,1,7.5,0.0,0,170.5,0.0,0.0,0.0,0.0,0.0,20
2023-05-11 10:30:07,p2311-P-6400,p2311-P-6400,170.5,0.0,0.0,0.0,10,8.0,0.0,0,170.5,0.0,0.0,0.0,0.0,0.0,20
2023-05-11 10:31:06,p2311-P-6400,p2311-P-6400,170.5,0.0,0.0,0.0,1,8.5,0.0,0,170.5,0.0,0.0,0.0,0.0,0.0,20
2023-05-11 10:31:06,p2311-P-6400,p2311-P-6400,170.5,0.0,0.0,0.0,10,9.0,0.0,0,170.5,0.0,0.0,0.0,0.0,0.0,20
2023-05-11 10:37:52,p2311-P-6400,p2311-P-6400,170.5,0.0,0.0,0.0,1,9.5,0.0,0,170.5,0.0,0.0,0.0,0.0,0.0,20
2023-05-11 10:37:52,p2311-P-6400,p2311-P-6400,170.5,0.0,0.0,0.0,10,10.0,0.0,0,170.5,0.0,0.0,0.0,0.0,0.0,20
2023-05-11 10:37:55,p2311-P-6400,p2311-P-6400,170.5,0.0,0.0,0.0,1,10.5,0.0,0,170.5,0.0,0.0,0.0,0.0,0.0,20
2023-05-11 10:37:55,p2311-P-6400,p2311-P-6400,170.5,0.0,0.0,0.0,10,11.0,0.0,0,170.5,0.0,0.0,0.0,0.0,0.0,20
2023-05-11 10:38:00,p2311-P-6400,p2311-P-6400,170.5,0.0,0.0,0.0,1,11.5,0.0,0,170.5,0.0,0.0,0.0,0.0,0.0,20
2023-05-11 10:38:00,p2311-P-6400,p2311-P-6400,170.5,0.0,0.0,0.0,10,12.0,0.0,0,170.5,0.0,0.0,0.0,0.0,0.0,20
2023-05-11 10:38:08,p2311-P-6400,p2311-P-6400,170.5,0.0,0.0,0.0,1,12.5,0.0,0,170.5,0.0,0.0,0.0,0.0,0.0,20
2023-05-11 10:38:08,p2311-P-6400,p2311-P-6400,170.5,0.0,0.0,0.0,10,13.0,0.0,0,170.5,0.0,0.0,0.0,0.0,0.0,20
2023-05-11 10:39:15,p2311-P-6400,p2311-P-6400,170.5,0.0,0.0,0.0,1,13.5,0.0,0,170.5,0.0,0.0,0.0,0.0,0.0,20
2023-05-11 10:39:15,p2311-P-6400,p2311-P-6400,170.5,0.0,0.0,0.0,10,14.0,0.0,0,170.5,0.0,0.0,0.0,0.0,0.0,20
2023-05-11 10:39:17,p2311-P-6400,p2311-P-6400,170.5,0.0,0.0,0.0,1,14.5,0.0,0,170.5,0.0,0.0,0.0,0.0,0.0,20
2023-05-11 10:39:17,p2311-P-6400,p2311-P-6400,170.5,0.0,0.0,0.0,10,15.0,0.0,0,170.5,0.0,0.0,0.0,0.0,0.0,20
2023-05-11 10:39:19,p2311-P-6400,p2311-P-6400,170.5,0.0,0.0,0.0,1,15.5,0.0,0,170.5,0.0,0.0,0.0,0.0,0.0,20
2023-05-11 10:39:19,p2311-P-6400,p2311-P-6400,170.5,0.0,0.0,0.0,10,16.0,0.0,0,170.5,0.0,0.0,0.0,0.0,0.0,20
2023-05-11 10:39:21,p2311-P-6400,p2311-P-6400,170.5,0.0,0.0,0.0,1,16.5,0.0,0,170.5,0.0,0.0,0.0,0.0,0.0,20
2023-05-11 10:39:21,p2311-P-6400,p2311-P-6400,170.5,0.0,0.0,0.0,10,17.0,0.0,0,170.5,0.0,0.0,0.0,0.0,0.0,20
2023-05-11 10:39:23,p2311-P-6400,p2311-P-6400,170.5,0.0,0.0,0.0,1,17.5,0.0,0,170.5,0.0,0.0,0.0,0.0,0.0,20
2023-05-11 10:39:23,p2311-P-6400,p2311-P-6400,170.5,0.0,0.0,0.0,10,18.0,0.0,0,170.5,0.0,0.0,0.0,0.0,0.0,20
2023-05-11 10:39:25,p2311-P-6400,p2311-P-6400,170.5,0.0,0.0,0.0,1,18.5,0.0,0,170.5,0.0,0.0,0.0,0.0,0.0,20
2023-05-11 10:39:25,p2311-P-6400,p2311-P-6400,170.5,0.0,0.0,0.0,10,19.0,0.0,0,170.5,0.0,0.0,0.0,0.0,0.0,20
2023-05-11 10:39:27,p2311-P-6400,p2311-P-6400,170.5,0.0,0.0,0.0,1,19.5,0.0,0,170.5,0.0,0.0,0.0,0.0,0.0,20
2023-05-11 10:39:27,p2311-P-6400,p2311-P-6400,170.5,0.0,0.0,0.0,10,20.0,0.0,0,170.5,0.0,0.0,0.0,0.0,0.0,20
2023-05-11 10:39:29,p2311-P-6400,p2311-P-6400,170.5,0.0,0.0,0.0,1,20.5,0.0,0,170.5,0.0,0.0,0.0,0.0,0.0,20
2023-05-11 10:39:29,p2311-P-6400,p2311-P-6400,170.5,0.0,0.0,0.0,10,21.0,0.0,0,170.5,0.0,0.0,0.0,0.0,0.0,20
2023-05-11 10:39:31,p2311-P-6400,p2311-P-6400,170.5,0.0,0.0,0.0,1,21.5,0.0,0,170.5,0.0,0.0,0.0,0.0,0.0,20
2023-05-11 10:39:31,p2311-P-6400,p2311-P-6400,170.5,0.0,0.0,0.0,10,22.0,0.0,0,170.5,0.0,0.0,0.0,0.0,0.0,20
2023-05-11 10:39:32,p2311-P-6400,p2311-P-6400,170.5,0.0,0.0,0.0,1,22.5,0.0,0,170.5,0.0,0.0,0.0,0.0,0.0,20
2023-05-11 10:39:32,p2311-P-6400,p2311-P-6400,170.5,0.0,0.0,0.0,10,23.0,0.0,0,170.5,0.0,0.0,0.0,0.0,0.0,20
2023-05-11 10:39:34,p2311-P-6400,p2311-P-6400,170.5,0.0,0.0,0.0,1,23.5,0.0,0,170.5,0.0,0.0,0.0,0.0,0.0,20
2023-05-11 10:39:34,p2311-P-6400,p2311-P-6400,170.5,0.0,0.0,0.0,10,24.0,0.0,0,170.5,0.0,0.0,0.0,0.0,0.0,20
2023-05-11 10:39:35,p2311-P-6400,p2311-P-6400,170.5,0.0,0.0,0.0,1,24.5,0.0,0,170.5,0.0,0.0,0.0,0.0,0.0,20
2023-05-11 10:39:35,p2311-P-6400,p2311-P-6400,170.5,0.0,0.0,0.0,10,25.0,0.0,0,170.5,0.0,0.0,0.0,0.0,0.0,20
2023-05-11 10:39:37,p2311-P-6400,p2311-P-6400,170.5,0.0,0.0,0.0,1,25.5,0.0,0,170.5,0.0,0.0,0.0,0.0,0.0,20
2023-05-11 10:39:37,p2311-P-6400,p2311-P-6400,170.5,0.0,0.0,0.0,10,26.0,0.0,0,170.5,0.0,0.0,0.0,0.0,0.0,20
2023-05-11 10:39:38,p2311-P-6400,p2311-P-6400,170.5,0.0,0.0,0.0,1,26.5,0.0,0,170.5,0.0,0.0,0.0,0.0,0.0,20
2023-05-11 10:39:38,p2311-P-6400,p2311-P-6400,170.5,0.0,0.0,0.0,10,27.0,0.0,0,170.5,0.0,0.0,0.0,0.0,0.0,20
2023-05-11 10:39:39,p2311-P-6400,p2311-P-6400,170.5,0.0,0.0,0.0,1,27.5,0.0,0,170.5,0.0,0.0,0.0,0.0,0.0,20
2023-05-11 10:39:39,p2311-P-6400,p2311-P-6400,170.5,0.0,0.0,0.0,10,28.0,0.0,0,170.5,0.0,0.0,0.0,0.0,0.0,20
2023-05-11 10:39:40,p2311-P-6400,p2311-P-6400,170.5,0.0,0.0,0.0,1,28.5,0.0,0,170.5,0.0,0.0,0.0,0.0,0.0,20
2023-05-11 10:39:40,p2311-P-6400,p2311-P-6400,170.5,0.0,0.0,0.0,10,29.0,0.0,0,170.5,0.0,0.0,0.0,0.0,0.0,20
2023-05-11 10:39:41,p2311-P-6400,p2311-P-6400,170.5,0.0,0.0,0.0,1,29.5,0.0,0,170.5,0.0,0.0,0.0,0.0,0.0,20
2023-05-11 10:39:41,p2311-P-6400,p2311-P-6400,170.5,0.0,0.0,0.0,10,30.0,0.0,0,170.5,0.0,0.0,0.0,0.0,0.0,20
2023-05-11 10:39:42,p2311-P-6400,p2311-P-6400,170.5,0.0,0.0,0.0,1,30.5,0.0,0,170.5,0.0,0.0,0.0,0.0,0.0,20
2023-05-11 10:39:42,p2311-P-6400,p2311-P-6400,170.5,0.0,0.0,0.0,10,31.0,0.0,0,170.5,0.0,0.0,0.0,0.0,0.0,20
2023-05-11 10:39:43,p2311-P-6400,p2311-P-6400,170.5,0.0,0.0,0.0,1,31.5,0.0,0,170.5,0.0,0.0,0.0,0.0,0.0,20
2023-05-11 10:39:43,p2311-P-6400,p2311-P-6400,170.5,0.0,0.0,0.0,10,32.0,0.0,0,170.5,0.0,0.0,0.0,0.0,0.0,20
2023-05-11 10:39:45,p2311-P-6400,p2311-P-6400,170.5,0.0,0.0,0.0,1,32.5,0.0,0,170.5,0.0,0.0,0.0,0.0,0.0,20
2023-05-11 10:39:45,p2311-P-6400,p2311-P-6400,170.5,0.0,0.0,0.0,10,33.0,0.0,0,170.5,0.0,0.0,0.0,0.0,0.0,20
2023-05-11 10:39:46,p2311-P-6400,p2311-P-6400,170.5,0.0,0.0,0.0,1,33.5,0.0,0,170.5,0.0,0.0,0.0,0.0,0.0,20
2023-05-11 10:39:46,p2311-P-6400,p2311-P-6400,170.5,0.0,0.0,0.0,10,34.0,0.0,0,170.5,0.0,0.0,0.0,0.0,0.0,20
2023-05-11 10:39:47,p2311-P-6400,p2311-P-6400,170.5,0.0,0.0,0.0,1,34.5,0.0,0,170.5,0.0,0.0,0.0,0.0,0.0,20
2023-05-11 10:39:47,p2311-P-6400,p2311-P-6400,170.5,0.0,0.0,0.0,10,35.0,0.0,0,170.5,0.0,0.0,0.0,0.0,0.0,20
2023-05-11 10:39:48,p2311-P-6400,p2311-P-6400,170.5,0.0,0.0,0.0,1,35.5,0.0,0,170.5,0.0,0.0,0.0,0.0,0.0,20
2023-05-11 10:39:48,p2311-P-6400,p2311-P-6400,170.5,0.0,0.0,0.0,10,36.0,0.0,0,170.5,0.0,0.0,0.0,0.0,0.0,20
2023-05-11 10:39:49,p2311-P-6400,p2311-P-6400,170.5,0.0,0.0,0.0,1,36.5,0.0,0,170.5,0.0,0.0,0.0,0.0,0.0,20
2023-05-11 10:39:49,p2311-P-6400,p2311-P-6400,170.5,0.0,0.0,0.0,10,37.0,0.0,0,170.5,0.0,0.0,0.0,0.0,0.0,20
2023-05-11 10:39:50,p2311-P-6400,p2311-P-6400,170.5,0.0,0.0,0.0,1,37.5,0.0,0,170.5,0.0,0.0,0.0,0.0,0.0,20
2023-05-11 10:39:50,p2311-P-6400,p2311-P-6400,170.5,0.0,0.0,0.0,10,38.0,0.0,0,170.5,0.0,0.0,0.0,0.0,0.0,20
2023-05-11 10:39:51,p2311-P-6400,p2311-P-6400,170.5,0.0,0.0,0.0,1,38.5,0.0,0,170.5,0.0,0.0,0.0,0.0,0.0,20
2023-05-11 10:39:51,p2311-P-6400,p2311-P-6400,170.5,0.0,0.0,0.0,10,39.0,0.0,0,170.5,0.0,0.0,0.0,0.0,0.0,20
2023-05-11 10:39:52,p2311-P-6400,p2311-P-6400,170.5,0.0,0.0,0.0,1,39.5,0.0,0,170.5,0.0,0.0,0.0,0.0,0.0,20
2023-05-11 10:39:52,p2311-P-6400,p2311-P-6400,170.5,0.0,0.0,0.0,10,40.0,0.0,0,170.5,0.0,0.0,0.0,0.0,0.0,20
2023-05-11 10:39:53,p2311-P-6400,p2311-P-6400,170.5,0.0,0.0,0.0,1,40.5,0.0,0,170.5,0.0,0.0,0.0,0.0,0.0,20
2023-05-11 10:39:53,p2311-P-6400,p2311-P-6400,170.5,0.0,0.0,0.0,10,41.0,0.0,0,170.5,0.0,0.0,0.0,0.0,0.0,20
2023-05-11 10:39:54,p2311-P-6400,p2311-P-6400,170.5,0.0,0.0,0.0,1,41.5,0.0,0,170.5,0.0,0.0,0.0,0.0,0.0,20
2023-05-11 10:39:54,p2311-P-6400,p2311-P-6400,170.5,0.0,0.0,0.0,10,42.0,0.0,0,170.5,0.0,0.0,0.0,0.0,0.0,20
2023-05-11 10:39:55,p2311-P-6400,p2311-P-6400,170.5,0.0,0.0,0.0,1,42.5,0.0,0,170.5,0.0,0.0,0.0,0.0,0.0,20
2023-05-11 10:39:55,p2311-P-6400,p2311-P-6400,170.5,0.0,0.0,0.0,10,43.0,0.0,0,170.5,0.0,0.0,0.0,0.0,0.0,20
2023-05-11 10:39:56,p2311-P-6400,p2311-P-6400,170.5,0.0,0.0,0.0,1,43.5,0.0,0,170.5,0.0,0.0,0.0,0.0,0.0,20
2023-05-11 10:39:56,p2311-P-6400,p2311-P-6400,170.5,0.0,0.0,0.0,10,44.0,0.0,0,170.5,0.0,0.0,0.0,0.0,0.0,20
2023-05-11 10:39:57,p2311-P-6400,p2311-P-6400,170.5,0.0,0.0,0.0,1,44.5,0.0,0,170.5,0.0,0.0,0.0,0.0,0.0,20
2023-05-11 10:39:57,p2311-P-6400,p2311-P-6400,170.5,0.0,0.0,0.0,10,45.0,0.0,0,170.5,0.0,0.0,0.0,0.0,0.0,20
2023-05-11 10:39:58,p2311-P-6400,p2311-P-6400,170.5,0.0,0.0,0.0,1,45.5,0.0,0,170.5,0.0,0.0,0.0,0.0,0.0,20
2023-05-11 10:39:58,p2311-P-6400,p2311-P-6400,170.5,0.0,0.0,0.0,10,46.0,0.0,0,170.5,0.0,0.0,0.0,0.0,0.0,20
2023-05-11 10:40:01,p2311-P-6400,p2311-P-6400,170.5,0.0,0.0,0.0,1,46.5,0.0,0,170.5,0.0,0.0,0.0,0.0,0.0,20
2023-05-11 10:40:01,p2311-P-6400,p2311-P-6400,170.5,0.0,0.0,0.0,10,47.0,0.0,0,170.5,0.0,0.0,0.0,0.0,0.0,20
2023-05-11 10:40:03,p2311-P-6400,p2311-P-6400,170.5,0.0,0.0,0.0,1,47.5,0.0,0,170.5,0.0,0.0,0.0,0.0,0.0,20
2023-05-11 10:40:03,p2311-P-6400,p2311-P-6400,170.5,0.0,0.0,0.0,10,48.0,0.0,0,170.5,0.0,0.0,0.0,0.0,0.0,20
2023-05-11 10:40:04,p2311-P-6400,p2311-P-6400,170.5,0.0,0.0,0.0,1,48.5,0.0,0,170.5,0.0,0.0,0.0,0.0,0.0,20
2023-05-11 10:40:04,p2311-P-6400,p2311-P-6400,170.5,0.0,0.0,0.0,10,49.0,0.0,0,170.5,0.0,0.0,0.0,0.0,0.0,20
2023-05-11 10:40:05,p2311-P-6400,p2311-P-6400,170.5,0.0,0.0,0.0,1,49.5,0.0,0,170.5,0.0,0.0,0.0,0.0,0.0,20
2023-05-11 10:40:05,p2311-P-6400,p2311-P-6400,170.5,0.0,0.0,0.0,10,50.0,0.0,0,170.5,0.0,0.0,0.0,0.0,0.0,20
2023-05-11 10:40:07,p2311-P-6400,p2311-P-6400,170.5,0.0,0.0,0.0,1,50.5,0.0,0,170.5,0.0,0.0,0.0,0.0,0.0,20
2023-05-11 10:40:07,p2311-P-6400,p2311-P-6400,170.5,0.0,0.0,0.0,10,51.0,0.0,0,170.5,0.0,0.0,0.0,0.0,0.0,20
2023-05-11 10:40:08,p2311-P-6400,p2311-P-6400,170.5,0.0,0.0,0.0,1,51.5,0.0,0,170.5,0.0,0.0,0.0,0.0,0.0,20
2023-05-11 10:40:08,p2311-P-6400,p2311-P-6400,170.5,0.0,0.0,0.0,10,52.0,0.0,0,170.5,0.0,0.0,0.0,0.0,0.0,20
2023-05-11 10:40:09,p2311-P-6400,p2311-P-6400,170.5,0.0,0.0,0.0,1,52.5,0.0,0,170.5,0.0,0.0,0.0,0.0,0.0,20
2023-05-11 10:40:09,p2311-P-6400,p2311-P-6400,170.5,0.0,0.0,0.0,10,53.0,0.0,0,170.5,0.0,0.0,0.0,0.0,0.0,20
2023-05-11 10:40:10,p2311-P-6400,p2311-P-6400,170.5,0.0,0.0,0.0,1,53.5,0.0,0,170.5,0.0,0.0,0.0,0.0,0.0,20
2023-05-11 10:40:10,p2311-P-6400,p2311-P-6400,170.5,0.0,0.0,0.0,10,54.0,0.0,0,170.5,0.0,0.0,0.0,0.0,0.0,20
2023-05-11 10:40:12,p2311-P-6400,p2311-P-6400,170.5,0.0,0.0,0.0,1,54.5,0.0,0,170.5,0.0,0.0,0.0,0.0,0.0,20
2023-05-11 10:40:12,p2311-P-6400,p2311-P-6400,170.5,0.0,0.0,0.0,10,55.0,0.0,0,170.5,0.0,0.0,0.0,0.0,0.0,20
2023-05-11 10:40:13,p2311-P-6400,p2311-P-6400,170.5,0.0,0.0,0.0,1,55.5,0.0,0,170.5,0.0,0.0,0.0,0.0,0.0,20
2023-05-11 10:40:13,p2311-P-6400,p2311-P-6400,170.5,0.0,0.0,0.0,10,56.0,0.0,0,170.5,0.0,0.0,0.0,0.0,0.0,20
2023-05-11 10:40:14,p2311-P-6400,p2311-P-6400,170.5,0.0,0.0,0.0,1,56.5,0.0,0,170.5,0.0,0.0,0.0,0.0,0.0,20
2023-05-11 10:40:14,p2311-P-6400,p2311-P-6400,170.5,0.0,0.0,0.0,10,57.0,0.0,0,170.5,0.0,0.0,0.0,0.0,0.0,20
2023-05-11 10:40:15,p2311-P-6400,p2311-P-6400,170.5,0.0,0.0,0.0,1,57.5,0.0,0,170.5,0.0,0.0,0.0,0.0,0.0,20
2023-05-11 10:40:15,p2311-P-6400,p2311-P-6400,170.5,0.0,0.0,0.0,10,58.0,0.0,0,170.5,0.0,0.0,0.0,0.0,0.0,20
2023-05-11 10:40:16,p2311-P-6400,p2311-P-6400,170.5,0.0,0.0,0.0,1,58.5,0.0,0,170.5,0.0,0.0,0.0,0.0,0.0,20
2023-05-11 10:40:16,p2311-P-6400,p2311-P-6400,170.5,0.0,0.0,0.0,10,59.0,0.0,0,170.5,0.0,0.0,0.0,0.0,0.0,20
2023-05-11 10:40:17,p2311-P-6400,p2311-P-6400,170.5,0.0,0.0,0.0,1,59.5,0.0,0,170.5,0.0,0.0,0.0,0.0,0.0,20
2023-05-11 10:40:17,p2311-P-6400,p2311-P-6400,170.5,0.0,0.0,0.0,10,60.0,0.0,0,170.5,0.0,0.0,0.0,0.0,0.0,20
2023-05-11 10:40:18,p2311-P-6400,p2311-P-6400,170.5,0.0,0.0,0.0,11,60.0,0.0,0,170.5,0.0,0.0,0.0,0.0,0.0,20
2023-05-11 10:40:20,p2311-P-6400,p2311-P-6400,170.5,0.0,0.0,0.0,1,60.5,0.0,0,170.5,0.0,0.0,0.0,0.0,0.0,20
2023-05-11 10:40:20,p2311-P-6400,p2311-P-6400,170.5,0.0,0.0,0.0,10,61.0,0.0,0,170.5,0.0,0.0,0.0,0.0,0.0,20
2023-05-11 10:40:21,p2311-P-6400,p2311-P-6400,170.5,0.0,0.0,0.0,1,61.5,0.0,0,170.5,0.0,0.0,0.0,0.0,0.0,20
2023-05-11 10:40:21,p2311-P-6400,p2311-P-6400,170.5,0.0,0.0,0.0,10,62.0,0.0,0,170.5,0.0,0.0,0.0,0.0,0.0,20
2023-05-11 10:40:22,p2311-P-6400,p2311-P-6400,170.5,0.0,0.0,0.0,1,62.5,0.0,0,170.5,0.0,0.0,0.0,0.0,0.0,20
2023-05-11 10:40:22,p2311-P-6400,p2311-P-6400,170.5,0.0,0.0,0.0,10,63.0,0.0,0,170.5,0.0,0.0,0.0,0.0,0.0,20
2023-05-11 10:40:23,p2311-P-6400,p2311-P-6400,170.5,0.0,0.0,0.0,1,63.5,0.0,0,170.5,0.0,0.0,0.0,0.0,0.0,20
2023-05-11 10:40:23,p2311-P-6400,p2311-P-6400,170.5,0.0,0.0,0.0,10,64.0,0.0,0,170.5,0.0,0.0,0.0,0.0,0.0,20
2023-05-11 10:40:24,p2311-P-6400,p2311-P-6400,170.5,0.0,0.0,0.0,1,64.5,0.0,0,170.5,0.0,0.0,0.0,0.0,0.0,20
2023-05-11 10:40:24,p2311-P-6400,p2311-P-6400,170.5,0.0,0.0,0.0,10,65.0,0.0,0,170.5,0.0,0.0,0.0,0.0,0.0,20
2023-05-11 10:40:25,p2311-P-6400,p2311-P-6400,170.5,0.0,0.0,0.0,1,65.5,0.0,0,170.5,0.0,0.0,0.0,0.0,0.0,20
2023-05-11 10:40:25,p2311-P-6400,p2311-P-6400,170.5,0.0,0.0,0.0,10,66.0,0.0,0,170.5,0.0,0.0,0.0,0.0,0.0,20
2023-05-11 10:40:26,p2311-P-6400,p2311-P-6400,170.5,0.0,0.0,0.0,1,66.5,0.0,0,170.5,0.0,0.0,0.0,0.0,0.0,20
2023-05-11 10:40:26,p2311-P-6400,p2311-P-6400,170.5,0.0,0.0,0.0,10,67.0,0.0,0,170.5,0.0,0.0,0.0,0.0,0.0,20
2023-05-11 10:40:27,p2311-P-6400,p2311-P-6400,170.5,0.0,0.0,0.0,1,67.5,0.0,0,170.5,0.0,0.0,0.0,0.0,0.0,20
2023-05-11 10:40:27,p2311-P-6400,p2311-P-6400,170.5,0.0,0.0,0.0,10,68.0,0.0,0,170.5,0.0,0.0,0.0,0.0,0.0,20
2023-05-11 10:40:28,p2311-P-6400,p2311-P-6400,170.5,0.0,0.0,0.0,1,68.5,0.0,0,170.5,0.0,0.0,0.0,0.0,0.0,20
2023-05-11 10:40:28,p2311-P-6400,p2311-P-6400,170.5,0.0,0.0,0.0,10,69.0,0.0,0,170.5,0.0,0.0,0.0,0.0,0.0,20
2023-05-11 10:40:29,p2311-P-6400,p2311-P-6400,170.5,0.0,0.0,0.0,1,69.5,0.0,0,170.5,0.0,0.0,0.0,0.0,0.0,20
2023-05-11 10:40:29,p2311-P-6400,p2311-P-6400,170.5,0.0,0.0,0.0,10,70.0,0.0,0,170.5,0.0,0.0,0.0,0.0,0.0,20
2023-05-11 10:40:30,p2311-P-6400,p2311-P-6400,170.5,0.0,0.0,0.0,1,70.5,0.0,0,170.5,0.0,0.0,0.0,0.0,0.0,20
2023-05-11 10:40:30,p2311-P-6400,p2311-P-6400,170.5,0.0,0.0,0.0,10,71.0,0.0,0,170.5,0.0,0.0,0.0,0.0,0.0,20
2023-05-11 10:40:32,p2311-P-6400,p2311-P-6400,170.5,0.0,0.0,0.0,1,71.5,0.0,0,170.5,0.0,0.0,0.0,0.0,0.0,20
2023-05-11 10:40:32,p2311-P-6400,p2311-P-6400,170.5,0.0,0.0,0.0,10,72.0,0.0,0,170.5,0.0,0.0,0.0,0.0,0.0,20
2023-05-11 10:40:33,p2311-P-6400,p2311-P-6400,170.5,0.0,0.0,0.0,1,72.5,0.0,0,170.5,0.0,0.0,0.0,0.0,0.0,20
2023-05-11 10:40:33,p2311-P-6400,p2311-P-6400,170.5,0.0,0.0,0.0,10,73.0,0.0,0,170.5,0.0,0.0,0.0,0.0,0.0,20
2023-05-11 10:40:34,p2311-P-6400,p2311-P-6400,170.5,0.0,0.0,0.0,1,73.5,0.0,0,170.5,0.0,0.0,0.0,0.0,0.0,20
2023-05-11 10:40:35,p2311-P-6400,p2311-P-6400,170.5,0.0,0.0,0.0,10,74.0,0.0,0,170.5,0.0,0.0,0.0,0.0,0.0,20
2023-05-11 10:40:36,p2311-P-6400,p2311-P-6400,170.5,0.0,0.0,0.0,1,74.5,0.0,0,170.5,0.0,0.0,0.0,0.0,0.0,20
2023-05-11 10:40:36,p2311-P-6400,p2311-P-6400,170.5,0.0,0.0,0.0,10,75.0,0.0,0,170.5,0.0,0.0,0.0,0.0,0.0,20
2023-05-11 10:40:37,p2311-P-6400,p2311-P-6400,170.5,0.0,0.0,0.0,1,75.5,0.0,0,170.5,0.0,0.0,0.0,0.0,0.0,20
2023-05-11 10:40:37,p2311-P-6400,p2311-P-6400,170.5,0.0,0.0,0.0,10,76.0,0.0,0,170.5,0.0,0.0,0.0,0.0,0.0,20
2023-05-11 10:40:39,p2311-P-6400,p2311-P-6400,170.5,0.0,0.0,0.0,1,76.5,0.0,0,170.5,0.0,0.0,0.0,0.0,0.0,20
2023-05-11 10:40:39,p2311-P-6400,p2311-P-6400,170.5,0.0,0.0,0.0,10,77.0,0.0,0,170.5,0.0,0.0,0.0,0.0,0.0,20
2023-05-11 10:40:40,p2311-P-6400,p2311-P-6400,170.5,0.0,0.0,0.0,1,77.5,0.0,0,170.5,0.0,0.0,0.0,0.0,0.0,20
2023-05-11 10:40:40,p2311-P-6400,p2311-P-6400,170.5,0.0,0.0,0.0,10,78.0,0.0,0,170.5,0.0,0.0,0.0,0.0,0.0,20
2023-05-11 10:40:41,p2311-P-6400,p2311-P-6400,170.5,0.0,0.0,0.0,1,78.5,0.0,0,170.5,0.0,0.0,0.0,0.0,0.0,20
2023-05-11 10:40:41,p2311-P-6400,p2311-P-6400,170.5,0.0,0.0,0.0,10,79.0,0.0,0,170.5,0.0,0.0,0.0,0.0,0.0,20
2023-05-11 10:40:42,p2311-P-6400,p2311-P-6400,170.5,0.0,0.0,0.0,1,79.5,0.0,0,170.5,0.0,0.0,0.0,0.0,0.0,20
2023-05-11 10:40:43,p2311-P-6400,p2311-P-6400,170.5,0.0,0.0,0.0,10,80.0,0.0,0,170.5,0.0,0.0,0.0,0.0,0.0,20
2023-05-11 10:40:43,p2311-P-6400,p2311-P-6400,170.5,0.0,0.0,0.0,1,80.5,0.0,0,170.5,0.0,0.0,0.0,0.0,0.0,20
2023-05-11 10:40:43,p2311-P-6400,p2311-P-6400,170.5,0.0,0.0,0.0,10,81.0,0.0,0,170.5,0.0,0.0,0.0,0.0,0.0,20
2023-05-11 10:40:44,p2311-P-6400,p2311-P-6400,170.5,0.0,0.0,0.0,1,81.5,0.0,0,170.5,0.0,0.0,0.0,0.0,0.0,20
2023-05-11 10:40:45,p2311-P-6400,p2311-P-6400,170.5,0.0,0.0,0.0,10,82.0,0.0,0,170.5,0.0,0.0,0.0,0.0,0.0,20
2023-05-11 10:40:46,p2311-P-6400,p2311-P-6400,170.5,0.0,0.0,0.0,1,82.5,0.0,0,170.5,0.0,0.0,0.0,0.0,0.0,20
2023-05-11 10:40:46,p2311-P-6400,p2311-P-6400,170.5,0.0,0.0,0.0,10,83.0,0.0,0,170.5,0.0,0.0,0.0,0.0,0.0,20
2023-05-11 10:40:47,p2311-P-6400,p2311-P-6400,170.5,0.0,0.0,0.0,1,83.5,0.0,0,170.5,0.0,0.0,0.0,0.0,0.0,20
2023-05-11 10:40:47,p2311-P-6400,p2311-P-6400,170.5,0.0,0.0,0.0,10,84.0,0.0,0,170.5,0.0,0.0,0.0,0.0,0.0,20
2023-05-11 10:40:48,p2311-P-6400,p2311-P-6400,170.5,0.0,0.0,0.0,1,84.5,0.0,0,170.5,0.0,0.0,0.0,0.0,0.0,20
2023-05-11 10:40:48,p2311-P-6400,p2311-P-6400,170.5,0.0,0.0,0.0,10,85.0,0.0,0,170.5,0.0,0.0,0.0,0.0,0.0,20
2023-05-11 10:40:49,p2311-P-6400,p2311-P-6400,170.5,0.0,0.0,0.0,1,85.5,0.0,0,170.5,0.0,0.0,0.0,0.0,0.0,20
2023-05-11 10:40:49,p2311-P-6400,p2311-P-6400,170.5,0.0,0.0,0.0,10,86.0,0.0,0,170.5,0.0,0.0,0.0,0.0,0.0,20
2023-05-11 10:40:50,p2311-P-6400,p2311-P-6400,170.5,0.0,0.0,0.0,1,86.5,0.0,0,170.5,0.0,0.0,0.0,0.0,0.0,20
2023-05-11 10:40:50,p2311-P-6400,p2311-P-6400,170.5,0.0,0.0,0.0,10,87.0,0.0,0,170.5,0.0,0.0,0.0,0.0,0.0,20
2023-05-11 10:40:52,p2311-P-6400,p2311-P-6400,170.5,0.0,0.0,0.0,1,87.5,0.0,0,170.5,0.0,0.0,0.0,0.0,0.0,20
2023-05-11 10:40:52,p2311-P-6400,p2311-P-6400,170.5,0.0,0.0,0.0,10,88.0,0.0,0,170.5,0.0,0.0,0.0,0.0,0.0,20
2023-05-11 11:29:33,p2311-P-6400,p2311-P-6400,170.5,0.0,0.0,0.0,1,7.5,0.0,0,170.5,0.0,0.0,0.0,0.0,0.0,20
2023-05-11 13:30:02,p2311-P-6400,p2311-P-6400,170.5,0.0,0.0,0.0,10,8.0,0.0,0,170.5,0.0,0.0,0.0,0.0,0.0,20
2023-05-11 13:31:16,p2311-P-6400,p2311-P-6400,170.5,0.0,0.0,0.0,1,8.5,0.0,0,170.5,0.0,0.0,0.0,0.0,0.0,20
2023-05-11 13:31:16,p2311-P-6400,p2311-P-6400,170.5,0.0,0.0,0.0,10,9.0,0.0,0,170.5,0.0,0.0,0.0,0.0,0.0,20
2023-05-11 13:31:26,p2311-P-6400,p2311-P-6400,170.5,0.0,0.0,0.0,1,9.5,0.0,0,170.5,0.0,0.0,0.0,0.0,0.0,20
2023-05-11 13:31:26,p2311-P-6400,p2311-P-6400,170.5,0.0,0.0,0.0,10,10.0,0.0,0,170.5,0.0,0.0,0.0,0.0,0.0,20
2023-05-11 13:36:29,p2311-P-6400,p2311-P-6400,170.5,0.0,0.0,0.0,1,10.5,0.0,0,170.5,0.0,0.0,0.0,0.0,0.0,20
2023-05-11 13:36:29,p2311-P-6400,p2311-P-6400,170.5,0.0,0.0,0.0,10,11.0,0.0,0,170.5,0.0,0.0,0.0,0.0,0.0,20
2023-05-11 13:36:32,p2311-P-6400,p2311-P-6400,170.5,0.0,0.0,0.0,1,11.5,0.0,0,170.5,0.0,0.0,0.0,0.0,0.0,20
2023-05-11 13:36:32,p2311-P-6400,p2311-P-6400,170.5,0.0,0.0,0.0,10,12.0,0.0,0,170.5,0.0,0.0,0.0,0.0,0.0,20
2023-05-11 13:36:37,p2311-P-6400,p2311-P-6400,170.5,0.0,0.0,0.0,1,12.5,0.0,0,170.5,0.0,0.0,0.0,0.0,0.0,20
2023-05-11 13:36:37,p2311-P-6400,p2311-P-6400,170.5,0.0,0.0,0.0,10,13.0,0.0,0,170.5,0.0,0.0,0.0,0.0,0.0,20
2023-05-11 13:36:45,p2311-P-6400,p2311-P-6400,170.5,0.0,0.0,0.0,1,13.5,0.0,0,170.5,0.0,0.0,0.0,0.0,0.0,20
2023-05-11 13:36:45,p2311-P-6400,p2311-P-6400,170.5,0.0,0.0,0.0,10,14.0,0.0,0,170.5,0.0,0.0,0.0,0.0,0.0,20
2023-05-11 13:36:56,p2311-P-6400,p2311-P-6400,170.5,0.0,0.0,0.0,1,14.5,0.0,0,170.5,0.0,0.0,0.0,0.0,0.0,20
2023-05-11 13:36:56,p2311-P-6400,p2311-P-6400,170.5,0.0,0.0,0.0,10,15.0,0.0,0,170.5,0.0,0.0,0.0,0.0,0.0,20
2023-05-11 13:37:00,p2311-P-6400,p2311-P-6400,170.5,0.0,0.0,0.0,1,15.5,0.0,0,170.5,0.0,0.0,0.0,0.0,0.0,20
2023-05-11 13:37:00,p2311-P-6400,p2311-P-6400,170.5,0.0,0.0,0.0,10,16.0,0.0,0,170.5,0.0,0.0,0.0,0.0,0.0,20
2023-05-11 13:37:02,p2311-P-6400,p2311-P-6400,170.5,0.0,0.0,0.0,1,16.5,0.0,0,170.5,0.0,0.0,0.0,0.0,0.0,20
2023-05-11 13:37:02,p2311-P-6400,p2311-P-6400,170.5,0.0,0.0,0.0,10,17.0,0.0,0,170.5,0.0,0.0,0.0,0.0,0.0,20
2023-05-11 13:37:04,p2311-P-6400,p2311-P-6400,170.5,0.0,0.0,0.0,1,17.5,0.0,0,170.5,0.0,0.0,0.0,0.0,0.0,20
2023-05-11 13:37:04,p2311-P-6400,p2311-P-6400,170.5,0.0,0.0,0.0,10,18.0,0.0,0,170.5,0.0,0.0,0.0,0.0,0.0,20
2023-05-11 13:37:06,p2311-P-6400,p2311-P-6400,170.5,0.0,0.0,0.0,1,18.5,0.0,0,170.5,0.0,0.0,0.0,0.0,0.0,20
2023-05-11 13:37:06,p2311-P-6400,p2311-P-6400,170.5,0.0,0.0,0.0,10,19.0,0.0,0,170.5,0.0,0.0,0.0,0.0,0.0,20
2023-05-11 13:37:08,p2311-P-6400,p2311-P-6400,170.5,0.0,0.0,0.0,1,19.5,0.0,0,170.5,0.0,0.0,0.0,0.0,0.0,20
2023-05-11 13:37:08,p2311-P-6400,p2311-P-6400,170.5,0.0,0.0,0.0,10,20.0,0.0,0,170.5,0.0,0.0,0.0,0.0,0.0,20
2023-05-11 13:37:09,p2311-P-6400,p2311-P-6400,170.5,0.0,0.0,0.0,1,20.5,0.0,0,170.5,0.0,0.0,0.0,0.0,0.0,20
2023-05-11 13:37:09,p2311-P-6400,p2311-P-6400,170.5,0.0,0.0,0.0,10,21.0,0.0,0,170.5,0.0,0.0,0.0,0.0,0.0,20
2023-05-11 13:37:10,p2311-P-6400,p2311-P-6400,170.5,0.0,0.0,0.0,1,21.5,0.0,0,170.5,0.0,0.0,0.0,0.0,0.0,20
2023-05-11 13:37:11,p2311-P-6400,p2311-P-6400,170.5,0.0,0.0,0.0,10,22.0,0.0,0,170.5,0.0,0.0,0.0,0.0,0.0,20
2023-05-11 13:37:12,p2311-P-6400,p2311-P-6400,170.5,0.0,0.0,0.0,1,22.5,0.0,0,170.5,0.0,0.0,0.0,0.0,0.0,20
2023-05-11 13:37:12,p2311-P-6400,p2311-P-6400,170.5,0.0,0.0,0.0,10,23.0,0.0,0,170.5,0.0,0.0,0.0,0.0,0.0,20
2023-05-11 13:37:13,p2311-P-6400,p2311-P-6400,170.5,0.0,0.0,0.0,1,23.5,0.0,0,170.5,0.0,0.0,0.0,0.0,0.0,20
2023-05-11 13:37:13,p2311-P-6400,p2311-P-6400,170.5,0.0,0.0,0.0,10,24.0,0.0,0,170.5,0.0,0.0,0.0,0.0,0.0,20
2023-05-11 13:37:14,p2311-P-6400,p2311-P-6400,170.5,0.0,0.0,0.0,1,24.5,0.0,0,170.5,0.0,0.0,0.0,0.0,0.0,20
2023-05-11 13:37:14,p2311-P-6400,p2311-P-6400,170.5,0.0,0.0,0.0,10,25.0,0.0,0,170.5,0.0,0.0,0.0,0.0,0.0,20
2023-05-11 13:37:15,p2311-P-6400,p2311-P-6400,170.5,0.0,0.0,0.0,1,25.5,0.0,0,170.5,0.0,0.0,0.0,0.0,0.0,20
2023-05-11 13:37:15,p2311-P-6400,p2311-P-6400,170.5,0.0,0.0,0.0,10,26.0,0.0,0,170.5,0.0,0.0,0.0,0.0,0.0,20
2023-05-11 13:37:17,p2311-P-6400,p2311-P-6400,170.5,0.0,0.0,0.0,1,26.5,0.0,0,170.5,0.0,0.0,0.0,0.0,0.0,20
2023-05-11 13:37:17,p2311-P-6400,p2311-P-6400,170.5,0.0,0.0,0.0,10,27.0,0.0,0,170.5,0.0,0.0,0.0,0.0,0.0,20
2023-05-11 13:37:18,p2311-P-6400,p2311-P-6400,170.5,0.0,0.0,0.0,1,27.5,0.0,0,170.5,0.0,0.0,0.0,0.0,0.0,20
2023-05-11 13:37:18,p2311-P-6400,p2311-P-6400,170.5,0.0,0.0,0.0,10,28.0,0.0,0,170.5,0.0,0.0,0.0,0.0,0.0,20
2023-05-11 13:37:19,p2311-P-6400,p2311-P-6400,170.5,0.0,0.0,0.0,1,28.5,0.0,0,170.5,0.0,0.0,0.0,0.0,0.0,20
2023-05-11 13:37:20,p2311-P-6400,p2311-P-6400,170.5,0.0,0.0,0.0,10,29.0,0.0,0,170.5,0.0,0.0,0.0,0.0,0.0,20
2023-05-11 13:37:21,p2311-P-6400,p2311-P-6400,170.5,0.0,0.0,0.0,1,29.5,0.0,0,170.5,0.0,0.0,0.0,0.0,0.0,20
2023-05-11 13:37:21,p2311-P-6400,p2311-P-6400,170.5,0.0,0.0,0.0,10,30.0,0.0,0,170.5,0.0,0.0,0.0,0.0,0.0,20
2023-05-11 13:37:22,p2311-P-6400,p2311-P-6400,170.5,0.0,0.0,0.0,1,30.5,0.0,0,170.5,0.0,0.0,0.0,0.0,0.0,20
2023-05-11 13:37:22,p2311-P-6400,p2311-P-6400,170.5,0.0,0.0,0.0,10,31.0,0.0,0,170.5,0.0,0.0,0.0,0.0,0.0,20
2023-05-11 13:37:23,p2311-P-6400,p2311-P-6400,170.5,0.0,0.0,0.0,1,31.5,0.0,0,170.5,0.0,0.0,0.0,0.0,0.0,20
2023-05-11 13:37:23,p2311-P-6400,p2311-P-6400,170.5,0.0,0.0,0.0,10,32.0,0.0,0,170.5,0.0,0.0,0.0,0.0,0.0,20
2023-05-11 13:37:24,p2311-P-6400,p2311-P-6400,170.5,0.0,0.0,0.0,1,32.5,0.0,0,170.5,0.0,0.0,0.0,0.0,0.0,20
2023-05-11 13:37:24,p2311-P-6400,p2311-P-6400,170.5,0.0,0.0,0.0,10,33.0,0.0,0,170.5,0.0,0.0,0.0,0.0,0.0,20
2023-05-11 13:37:25,p2311-P-6400,p2311-P-6400,170.5,0.0,0.0,0.0,1,33.5,0.0,0,170.5,0.0,0.0,0.0,0.0,0.0,20
2023-05-11 13:37:25,p2311-P-6400,p2311-P-6400,170.5,0.0,0.0,0.0,10,34.0,0.0,0,170.5,0.0,0.0,0.0,0.0,0.0,20
2023-05-11 13:37:26,p2311-P-6400,p2311-P-6400,170.5,0.0,0.0,0.0,1,34.5,0.0,0,170.5,0.0,0.0,0.0,0.0,0.0,20
2023-05-11 13:37:26,p2311-P-6400,p2311-P-6400,170.5,0.0,0.0,0.0,10,35.0,0.0,0,170.5,0.0,0.0,0.0,0.0,0.0,20
2023-05-11 13:37:27,p2311-P-6400,p2311-P-6400,170.5,0.0,0.0,0.0,1,35.5,0.0,0,170.5,0.0,0.0,0.0,0.0,0.0,20
2023-05-11 13:37:27,p2311-P-6400,p2311-P-6400,170.5,0.0,0.0,0.0,10,36.0,0.0,0,170.5,0.0,0.0,0.0,0.0,0.0,20
2023-05-11 13:37:28,p2311-P-6400,p2311-P-6400,170.5,0.0,0.0,0.0,1,36.5,0.0,0,170.5,0.0,0.0,0.0,0.0,0.0,20
2023-05-11 13:37:28,p2311-P-6400,p2311-P-6400,170.5,0.0,0.0,0.0,10,37.0,0.0,0,170.5,0.0,0.0,0.0,0.0,0.0,20
2023-05-11 13:37:29,p2311-P-6400,p2311-P-6400,170.5,0.0,0.0,0.0,1,37.5,0.0,0,170.5,0.0,0.0,0.0,0.0,0.0,20
2023-05-11 13:37:29,p2311-P-6400,p2311-P-6400,170.5,0.0,0.0,0.0,10,38.0,0.0,0,170.5,0.0,0.0,0.0,0.0,0.0,20
2023-05-11 13:37:30,p2311-P-6400,p2311-P-6400,170.5,0.0,0.0,0.0,1,38.5,0.0,0,170.5,0.0,0.0,0.0,0.0,0.0,20
2023-05-11 13:37:30,p2311-P-6400,p2311-P-6400,170.5,0.0,0.0,0.0,10,39.0,0.0,0,170.5,0.0,0.0,0.0,0.0,0.0,20
2023-05-11 13:37:31,p2311-P-6400,p2311-P-6400,170.5,0.0,0.0,0.0,1,39.5,0.0,0,170.5,0.0,0.0,0.0,0.0,0.0,20
2023-05-11 13:37:31,p2311-P-6400,p2311-P-6400,170.5,0.0,0.0,0.0,10,40.0,0.0,0,170.5,0.0,0.0,0.0,0.0,0.0,20
2023-05-11 13:37:32,p2311-P-6400,p2311-P-6400,170.5,0.0,0.0,0.0,1,40.5,0.0,0,170.5,0.0,0.0,0.0,0.0,0.0,20
2023-05-11 13:37:32,p2311-P-6400,p2311-P-6400,170.5,0.0,0.0,0.0,10,41.0,0.0,0,170.5,0.0,0.0,0.0,0.0,0.0,20
2023-05-11 13:37:33,p2311-P-6400,p2311-P-6400,170.5,0.0,0.0,0.0,1,41.5,0.0,0,170.5,0.0,0.0,0.0,0.0,0.0,20
2023-05-11 13:37:33,p2311-P-6400,p2311-P-6400,170.5,0.0,0.0,0.0,10,42.0,0.0,0,170.5,0.0,0.0,0.0,0.0,0.0,20
2023-05-11 13:37:34,p2311-P-6400,p2311-P-6400,170.5,0.0,0.0,0.0,1,42.5,0.0,0,170.5,0.0,0.0,0.0,0.0,0.0,20
2023-05-11 13:37:35,p2311-P-6400,p2311-P-6400,170.5,0.0,0.0,0.0,10,43.0,0.0,0,170.5,0.0,0.0,0.0,0.0,0.0,20
2023-05-11 13:37:36,p2311-P-6400,p2311-P-6400,170.5,0.0,0.0,0.0,1,43.5,0.0,0,170.5,0.0,0.0,0.0,0.0,0.0,20
2023-05-11 13:37:36,p2311-P-6400,p2311-P-6400,170.5,0.0,0.0,0.0,10,44.0,0.0,0,170.5,0.0,0.0,0.0,0.0,0.0,20
2023-05-11 13:37:37,p2311-P-6400,p2311-P-6400,170.5,0.0,0.0,0.0,1,44.5,0.0,0,170.5,0.0,0.0,0.0,0.0,0.0,20
2023-05-11 13:37:37,p2311-P-6400,p2311-P-6400,170.5,0.0,0.0,0.0,10,45.0,0.0,0,170.5,0.0,0.0,0.0,0.0,0.0,20
2023-05-11 13:37:38,p2311-P-6400,p2311-P-6400,170.5,0.0,0.0,0.0,1,45.5,0.0,0,170.5,0.0,0.0,0.0,0.0,0.0,20
2023-05-11 13:37:38,p2311-P-6400,p2311-P-6400,170.5,0.0,0.0,0.0,10,46.0,0.0,0,170.5,0.0,0.0,0.0,0.0,0.0,20
2023-05-11 13:37:39,p2311-P-6400,p2311-P-6400,170.5,0.0,0.0,0.0,1,46.5,0.0,0,170.5,0.0,0.0,0.0,0.0,0.0,20
2023-05-11 13:37:39,p2311-P-6400,p2311-P-6400,170.5,0.0,0.0,0.0,10,47.0,0.0,0,170.5,0.0,0.0,0.0,0.0,0.0,20
2023-05-11 13:37:40,p2311-P-6400,p2311-P-6400,170.5,0.0,0.0,0.0,1,47.5,0.0,0,170.5,0.0,0.0,0.0,0.0,0.0,20
2023-05-11 13:37:40,p2311-P-6400,p2311-P-6400,170.5,0.0,0.0,0.0,10,48.0,0.0,0,170.5,0.0,0.0,0.0,0.0,0.0,20
2023-05-11 13:37:42,p2311-P-6400,p2311-P-6400,170.5,0.0,0.0,0.0,1,48.5,0.0,0,170.5,0.0,0.0,0.0,0.0,0.0,20
2023-05-11 13:37:42,p2311-P-6400,p2311-P-6400,170.5,0.0,0.0,0.0,10,49.0,0.0,0,170.5,0.0,0.0,0.0,0.0,0.0,20
2023-05-11 13:37:43,p2311-P-6400,p2311-P-6400,170.5,0.0,0.0,0.0,1,49.5,0.0,0,170.5,0.0,0.0,0.0,0.0,0.0,20
2023-05-11 13:37:43,p2311-P-6400,p2311-P-6400,170.5,0.0,0.0,0.0,10,50.0,0.0,0,170.5,0.0,0.0,0.0,0.0,0.0,20
2023-05-11 13:37:44,p2311-P-6400,p2311-P-6400,170.5,0.0,0.0,0.0,1,50.5,0.0,0,170.5,0.0,0.0,0.0,0.0,0.0,20
2023-05-11 13:37:44,p2311-P-6400,p2311-P-6400,170.5,0.0,0.0,0.0,10,51.0,0.0,0,170.5,0.0,0.0,0.0,0.0,0.0,20
2023-05-11 13:37:45,p2311-P-6400,p2311-P-6400,170.5,0.0,0.0,0.0,1,51.5,0.0,0,170.5,0.0,0.0,0.0,0.0,0.0,20
2023-05-11 13:37:45,p2311-P-6400,p2311-P-6400,170.5,0.0,0.0,0.0,10,52.0,0.0,0,170.5,0.0,0.0,0.0,0.0,0.0,20
2023-05-11 13:37:46,p2311-P-6400,p2311-P-6400,170.5,0.0,0.0,0.0,1,52.5,0.0,0,170.5,0.0,0.0,0.0,0.0,0.0,20
2023-05-11 13:37:46,p2311-P-6400,p2311-P-6400,170.5,0.0,0.0,0.0,10,53.0,0.0,0,170.5,0.0,0.0,0.0,0.0,0.0,20
2023-05-11 13:37:48,p2311-P-6400,p2311-P-6400,170.5,0.0,0.0,0.0,1,53.5,0.0,0,170.5,0.0,0.0,0.0,0.0,0.0,20
2023-05-11 13:37:48,p2311-P-6400,p2311-P-6400,170.5,0.0,0.0,0.0,10,54.0,0.0,0,170.5,0.0,0.0,0.0,0.0,0.0,20
2023-05-11 13:37:49,p2311-P-6400,p2311-P-6400,170.5,0.0,0.0,0.0,1,54.5,0.0,0,170.5,0.0,0.0,0.0,0.0,0.0,20
2023-05-11 13:37:49,p2311-P-6400,p2311-P-6400,170.5,0.0,0.0,0.0,10,55.0,0.0,0,170.5,0.0,0.0,0.0,0.0,0.0,20
2023-05-11 13:37:50,p2311-P-6400,p2311-P-6400,170.5,0.0,0.0,0.0,1,55.5,0.0,0,170.5,0.0,0.0,0.0,0.0,0.0,20
2023-05-11 13:37:50,p2311-P-6400,p2311-P-6400,170.5,0.0,0.0,0.0,10,56.0,0.0,0,170.5,0.0,0.0,0.0,0.0,0.0,20
2023-05-11 13:37:51,p2311-P-6400,p2311-P-6400,170.5,0.0,0.0,0.0,1,56.5,0.0,0,170.5,0.0,0.0,0.0,0.0,0.0,20
2023-05-11 13:37:52,p2311-P-6400,p2311-P-6400,170.5,0.0,0.0,0.0,10,57.0,0.0,0,170.5,0.0,0.0,0.0,0.0,0.0,20
2023-05-11 13:37:53,p2311-P-6400,p2311-P-6400,170.5,0.0,0.0,0.0,1,57.5,0.0,0,170.5,0.0,0.0,0.0,0.0,0.0,20
2023-05-11 13:37:53,p2311-P-6400,p2311-P-6400,170.5,0.0,0.0,0.0,10,58.0,0.0,0,170.5,0.0,0.0,0.0,0.0,0.0,20
2023-05-11 13:37:54,p2311-P-6400,p2311-P-6400,170.5,0.0,0.0,0.0,1,58.5,0.0,0,170.5,0.0,0.0,0.0,0.0,0.0,20
2023-05-11 13:37:54,p2311-P-6400,p2311-P-6400,170.5,0.0,0.0,0.0,10,59.0,0.0,0,170.5,0.0,0.0,0.0,0.0,0.0,20
2023-05-11 13:37:55,p2311-P-6400,p2311-P-6400,170.5,0.0,0.0,0.0,1,59.5,0.0,0,170.5,0.0,0.0,0.0,0.0,0.0,20
2023-05-11 13:37:55,p2311-P-6400,p2311-P-6400,170.5,0.0,0.0,0.0,10,60.0,0.0,0,170.5,0.0,0.0,0.0,0.0,0.0,20
2023-05-11 13:37:56,p2311-P-6400,p2311-P-6400,170.5,0.0,0.0,0.0,1,60.5,0.0,0,170.5,0.0,0.0,0.0,0.0,0.0,20
2023-05-11 13:37:56,p2311-P-6400,p2311-P-6400,170.5,0.0,0.0,0.0,10,61.0,0.0,0,170.5,0.0,0.0,0.0,0.0,0.0,20
2023-05-11 13:37:57,p2311-P-6400,p2311-P-6400,170.5,0.0,0.0,0.0,1,61.5,0.0,0,170.5,0.0,0.0,0.0,0.0,0.0,20
2023-05-11 13:37:57,p2311-P-6400,p2311-P-6400,170.5,0.0,0.0,0.0,10,62.0,0.0,0,170.5,0.0,0.0,0.0,0.0,0.0,20
2023-05-11 13:37:59,p2311-P-6400,p2311-P-6400,170.5,0.0,0.0,0.0,1,62.5,0.0,0,170.5,0.0,0.0,0.0,0.0,0.0,20
2023-05-11 13:37:59,p2311-P-6400,p2311-P-6400,170.5,0.0,0.0,0.0,10,63.0,0.0,0,170.5,0.0,0.0,0.0,0.0,0.0,20
2023-05-11 13:38:00,p2311-P-6400,p2311-P-6400,170.5,0.0,0.0,0.0,1,63.5,0.0,0,170.5,0.0,0.0,0.0,0.0,0.0,20
2023-05-11 13:38:00,p2311-P-6400,p2311-P-6400,170.5,0.0,0.0,0.0,10,64.0,0.0,0,170.5,0.0,0.0,0.0,0.0,0.0,20
2023-05-11 13:38:01,p2311-P-6400,p2311-P-6400,170.5,0.0,0.0,0.0,1,64.5,0.0,0,170.5,0.0,0.0,0.0,0.0,0.0,20
2023-05-11 13:38:02,p2311-P-6400,p2311-P-6400,170.5,0.0,0.0,0.0,10,65.0,0.0,0,170.5,0.0,0.0,0.0,0.0,0.0,20
2023-05-11 13:38:03,p2311-P-6400,p2311-P-6400,170.5,0.0,0.0,0.0,1,65.5,0.0,0,170.5,0.0,0.0,0.0,0.0,0.0,20
2023-05-11 13:38:03,p2311-P-6400,p2311-P-6400,170.5,0.0,0.0,0.0,10,66.0,0.0,0,170.5,0.0,0.0,0.0,0.0,0.0,20
2023-05-11 13:38:04,p2311-P-6400,p2311-P-6400,170.5,0.0,0.0,0.0,1,66.5,0.0,0,170.5,0.0,0.0,0.0,0.0,0.0,20
2023-05-11 13:38:04,p2311-P-6400,p2311-P-6400,170.5,0.0,0.0,0.0,10,67.0,0.0,0,170.5,0.0,0.0,0.0,0.0,0.0,20
2023-05-11 13:38:06,p2311-P-6400,p2311-P-6400,170.5,0.0,0.0,0.0,10,68.0,0.0,0,170.5,0.0,0.0,0.0,0.0,0.0,20
2023-05-11 13:38:07,p2311-P-6400,p2311-P-6400,170.5,0.0,0.0,0.0,1,68.5,0.0,0,170.5,0.0,0.0,0.0,0.0,0.0,20
2023-05-11 13:38:07,p2311-P-6400,p2311-P-6400,170.5,0.0,0.0,0.0,10,69.0,0.0,0,170.5,0.0,0.0,0.0,0.0,0.0,20
2023-05-11 13:38:08,p2311-P-6400,p2311-P-6400,170.5,0.0,0.0,0.0,1,69.5,0.0,0,170.5,0.0,0.0,0.0,0.0,0.0,20
2023-05-11 13:38:08,p2311-P-6400,p2311-P-6400,170.5,0.0,0.0,0.0,10,70.0,0.0,0,170.5,0.0,0.0,0.0,0.0,0.0,20
2023-05-11 13:38:09,p2311-P-6400,p2311-P-6400,170.5,0.0,0.0,0.0,1,70.5,0.0,0,170.5,0.0,0.0,0.0,0.0,0.0,20
2023-05-11 13:38:09,p2311-P-6400,p2311-P-6400,170.5,0.0,0.0,0.0,10,71.0,0.0,0,170.5,0.0,0.0,0.0,0.0,0.0,20
2023-05-11 13:38:11,p2311-P-6400,p2311-P-6400,170.5,0.0,0.0,0.0,1,71.5,0.0,0,170.5,0.0,0.0,0.0,0.0,0.0,20
2023-05-11 13:38:11,p2311-P-6400,p2311-P-6400,170.5,0.0,0.0,0.0,10,72.0,0.0,0,170.5,0.0,0.0,0.0,0.0,0.0,20
2023-05-11 13:38:12,p2311-P-6400,p2311-P-6400,170.5,0.0,0.0,0.0,1,72.5,0.0,0,170.5,0.0,0.0,0.0,0.0,0.0,20
2023-05-11 13:38:12,p2311-P-6400,p2311-P-6400,170.5,0.0,0.0,0.0,10,73.0,0.0,0,170.5,0.0,0.0,0.0,0.0,0.0,20
2023-05-11 13:38:13,p2311-P-6400,p2311-P-6400,170.5,0.0,0.0,0.0,1,73.5,0.0,0,170.5,0.0,0.0,0.0,0.0,0.0,20
2023-05-11 13:38:13,p2311-P-6400,p2311-P-6400,170.5,0.0,0.0,0.0,10,74.0,0.0,0,170.5,0.0,0.0,0.0,0.0,0.0,20
2023-05-11 13:38:14,p2311-P-6400,p2311-P-6400,170.5,0.0,0.0,0.0,1,74.5,0.0,0,170.5,0.0,0.0,0.0,0.0,0.0,20
2023-05-11 13:38:14,p2311-P-6400,p2311-P-6400,170.5,0.0,0.0,0.0,10,75.0,0.0,0,170.5,0.0,0.0,0.0,0.0,0.0,20
2023-05-11 13:38:15,p2311-P-6400,p2311-P-6400,170.5,0.0,0.0,0.0,1,75.5,0.0,0,170.5,0.0,0.0,0.0,0.0,0.0,20
2023-05-11 13:38:15,p2311-P-6400,p2311-P-6400,170.5,0.0,0.0,0.0,10,76.0,0.0,0,170.5,0.0,0.0,0.0,0.0,0.0,20
2023-05-11 13:38:16,p2311-P-6400,p2311-P-6400,170.5,0.0,0.0,0.0,1,76.5,0.0,0,170.5,0.0,0.0,0.0,0.0,0.0,20
2023-05-11 13:38:16,p2311-P-6400,p2311-P-6400,170.5,0.0,0.0,0.0,10,77.0,0.0,0,170.5,0.0,0.0,0.0,0.0,0.0,20
2023-05-11 13:38:18,p2311-P-6400,p2311-P-6400,170.5,0.0,0.0,0.0,1,77.5,0.0,0,170.5,0.0,0.0,0.0,0.0,0.0,20
2023-05-11 13:38:18,p2311-P-6400,p2311-P-6400,170.5,0.0,0.0,0.0,10,78.0,0.0,0,170.5,0.0,0.0,0.0,0.0,0.0,20
2023-05-11 13:38:19,p2311-P-6400,p2311-P-6400,170.5,0.0,0.0,0.0,1,78.5,0.0,0,170.5,0.0,0.0,0.0,0.0,0.0,20
2023-05-11 13:38:19,p2311-P-6400,p2311-P-6400,170.5,0.0,0.0,0.0,10,79.0,0.0,0,170.5,0.0,0.0,0.0,0.0,0.0,20
2023-05-11 13:38:20,p2311-P-6400,p2311-P-6400,170.5,0.0,0.0,0.0,1,79.5,0.0,0,170.5,0.0,0.0,0.0,0.0,0.0,20
2023-05-11 13:38:20,p2311-P-6400,p2311-P-6400,170.5,0.0,0.0,0.0,10,80.0,0.0,0,170.5,0.0,0.0,0.0,0.0,0.0,20
2023-05-11 13:38:21,p2311-P-6400,p2311-P-6400,170.5,0.0,0.0,0.0,1,80.5,0.0,0,170.5,0.0,0.0,0.0,0.0,0.0,20
2023-05-11 13:38:21,p2311-P-6400,p2311-P-6400,170.5,0.0,0.0,0.0,10,81.0,0.0,0,170.5,0.0,0.0,0.0,0.0,0.0,20
2023-05-11 13:38:22,p2311-P-6400,p2311-P-6400,170.5,0.0,0.0,0.0,1,81.5,0.0,0,170.5,0.0,0.0,0.0,0.0,0.0,20
2023-05-11 13:38:22,p2311-P-6400,p2311-P-6400,170.5,0.0,0.0,0.0,10,82.0,0.0,0,170.5,0.0,0.0,0.0,0.0,0.0,20
2023-05-11 13:38:23,p2311-P-6400,p2311-P-6400,170.5,0.0,0.0,0.0,1,82.5,0.0,0,170.5,0.0,0.0,0.0,0.0,0.0,20
2023-05-11 13:38:23,p2311-P-6400,p2311-P-6400,170.5,0.0,0.0,0.0,10,83.0,0.0,0,170.5,0.0,0.0,0.0,0.0,0.0,20
2023-05-11 13:38:24,p2311-P-6400,p2311-P-6400,170.5,0.0,0.0,0.0,1,83.5,0.0,0,170.5,0.0,0.0,0.0,0.0,0.0,20
2023-05-11 13:38:24,p2311-P-6400,p2311-P-6400,170.5,0.0,0.0,0.0,10,84.0,0.0,0,170.5,0.0,0.0,0.0,0.0,0.0,20
2023-05-11 13:38:25,p2311-P-6400,p2311-P-6400,170.5,0.0,0.0,0.0,1,84.5,0.0,0,170.5,0.0,0.0,0.0,0.0,0.0,20
2023-05-11 13:38:25,p2311-P-6400,p2311-P-6400,170.5,0.0,0.0,0.0,10,85.0,0.0,0,170.5,0.0,0.0,0.0,0.0,0.0,20
2023-05-11 13:38:27,p2311-P-6400,p2311-P-6400,170.5,0.0,0.0,0.0,1,85.5,0.0,0,170.5,0.0,0.0,0.0,0.0,0.0,20
2023-05-11 13:38:27,p2311-P-6400,p2311-P-6400,170.5,0.0,0.0,0.0,10,86.0,0.0,0,170.5,0.0,0.0,0.0,0.0,0.0,20
2023-05-11 13:38:28,p2311-P-6400,p2311-P-6400,170.5,0.0,0.0,0.0,1,86.5,0.0,0,170.5,0.0,0.0,0.0,0.0,0.0,20
2023-05-11 13:38:28,p2311-P-6400,p2311-P-6400,170.5,0.0,0.0,0.0,10,87.0,0.0,0,170.5,0.0,0.0,0.0,0.0,0.0,20
2023-05-11 13:38:29,p2311-P-6400,p2311-P-6400,170.5,0.0,0.0,0.0,1,87.5,0.0,0,170.5,0.0,0.0,0.0,0.0,0.0,20
2023-05-11 13:38:29,p2311-P-6400,p2311-P-6400,170.5,0.0,0.0,0.0,10,88.0,0.0,0,170.5,0.0,0.0,0.0,0.0,0.0,20
2023-05-11 14:56:38,p2311-P-6400,p2311-P-6400,170.5,0.0,0.0,0.0,1,8.5,0.0,0,170.5,0.0,0.0,0.0,0.0,0.0,20
2023-05-11 14:56:38,p2311-P-6400,p2311-P-6400,170.5,0.0,0.0,0.0,1,9.0,0.0,0,170.5,0.0,0.0,0.0,0.0,0.0,20
2023-05-11 14:57:47,p2311-P-6400,p2311-P-6400,170.5,0.0,0.0,0.0,1,9.5,0.0,0,170.5,0.0,0.0,0.0,0.0,0.0,20
2023-05-11 14:57:49,p2311-P-6400,p2311-P-6400,170.5,0.0,0.0,0.0,1,10.0,0.0,0,170.5,0.0,0.0,0.0,0.0,0.0,20
2023-05-11 14:59:05,p2311-P-6400,p2311-P-6400,170.5,0.0,0.0,0.0,10,10.5,0.0,0,170.5,0.0,0.0,0.0,0.0,0.0,20
2023-05-11 14:59:55,p2311-P-6400,p2311-P-6400,170.5,0.0,0.0,0.0,1,10.0,0.0,0,170.5,0.0,0.0,0.0,0.0,0.0,20
2023-05-11 15:01:10,p2311-P-6400,p2311-P-6400,170.5,0.0,0.0,0.0,1,10.0,0.0,0,170.5,0.0,0.0,0.0,0.0,0.0,20
