time,symbol_id,symbol_name,last,trade_volume,trade_amount,open_interest_change,bv1,bp1,ap1,av1,yesterday_close,today_open,today_high,today_low,volume,amount,open_interest
2023-05-10 20:55:37,p2311-C-7000,p2311-C-7000,481.0,0.0,0.0,0.0,1,0.5,0.0,0,481.0,0.0,0.0,0.0,0.0,0.0,2
2023-05-10 21:00:07,p2311-C-7000,p2311-C-7000,481.0,0.0,0.0,0.0,10,1.0,0.0,0,481.0,0.0,0.0,0.0,0.0,0.0,2
2023-05-10 21:00:34,p2311-C-7000,p2311-C-7000,481.0,0.0,0.0,0.0,1,127.5,0.0,0,481.0,0.0,0.0,0.0,0.0,0.0,2
2023-05-10 21:00:34,p2311-C-7000,p2311-C-7000,481.0,0.0,0.0,0.0,10,128.0,0.0,0,481.0,0.0,0.0,0.0,0.0,0.0,2
2023-05-10 21:01:53,p2311-C-7000,p2311-C-7000,481.0,0.0,0.0,0.0,1,128.5,0.0,0,481.0,0.0,0.0,0.0,0.0,0.0,2
2023-05-10 21:01:53,p2311-C-7000,p2311-C-7000,481.0,0.0,0.0,0.0,10,129.0,0.0,0,481.0,0.0,0.0,0.0,0.0,0.0,2
2023-05-10 21:19:57,p2311-C-7000,p2311-C-7000,481.0,0.0,0.0,0.0,1,129.5,0.0,0,481.0,0.0,0.0,0.0,0.0,0.0,2
2023-05-10 21:19:58,p2311-C-7000,p2311-C-7000,481.0,0.0,0.0,0.0,10,130.0,0.0,0,481.0,0.0,0.0,0.0,0.0,0.0,2
2023-05-10 21:19:59,p2311-C-7000,p2311-C-7000,481.0,0.0,0.0,0.0,1,130.5,0.0,0,481.0,0.0,0.0,0.0,0.0,0.0,2
2023-05-10 21:19:59,p2311-C-7000,p2311-C-7000,481.0,0.0,0.0,0.0,10,131.0,0.0,0,481.0,0.0,0.0,0.0,0.0,0.0,2
2023-05-10 21:20:00,p2311-C-7000,p2311-C-7000,481.0,0.0,0.0,0.0,1,131.5,0.0,0,481.0,0.0,0.0,0.0,0.0,0.0,2
2023-05-10 21:20:00,p2311-C-7000,p2311-C-7000,481.0,0.0,0.0,0.0,10,132.0,0.0,0,481.0,0.0,0.0,0.0,0.0,0.0,2
2023-05-10 21:20:01,p2311-C-7000,p2311-C-7000,481.0,0.0,0.0,0.0,1,132.5,0.0,0,481.0,0.0,0.0,0.0,0.0,0.0,2
2023-05-10 21:20:02,p2311-C-7000,p2311-C-7000,481.0,0.0,0.0,0.0,10,133.0,0.0,0,481.0,0.0,0.0,0.0,0.0,0.0,2
2023-05-10 21:20:03,p2311-C-7000,p2311-C-7000,481.0,0.0,0.0,0.0,1,133.5,0.0,0,481.0,0.0,0.0,0.0,0.0,0.0,2
2023-05-10 21:20:03,p2311-C-7000,p2311-C-7000,481.0,0.0,0.0,0.0,10,134.0,0.0,0,481.0,0.0,0.0,0.0,0.0,0.0,2
2023-05-10 21:20:04,p2311-C-7000,p2311-C-7000,481.0,0.0,0.0,0.0,1,134.5,0.0,0,481.0,0.0,0.0,0.0,0.0,0.0,2
2023-05-10 21:20:05,p2311-C-7000,p2311-C-7000,481.0,0.0,0.0,0.0,10,135.0,0.0,0,481.0,0.0,0.0,0.0,0.0,0.0,2
2023-05-10 21:20:06,p2311-C-7000,p2311-C-7000,481.0,0.0,0.0,0.0,1,135.5,0.0,0,481.0,0.0,0.0,0.0,0.0,0.0,2
2023-05-10 21:20:06,p2311-C-7000,p2311-C-7000,481.0,0.0,0.0,0.0,10,136.0,0.0,0,481.0,0.0,0.0,0.0,0.0,0.0,2
2023-05-10 21:20:08,p2311-C-7000,p2311-C-7000,481.0,0.0,0.0,0.0,1,128.5,0.0,0,481.0,0.0,0.0,0.0,0.0,0.0,2
2023-05-10 21:20:08,p2311-C-7000,p2311-C-7000,481.0,0.0,0.0,0.0,10,129.0,0.0,0,481.0,0.0,0.0,0.0,0.0,0.0,2
2023-05-10 21:20:09,p2311-C-7000,p2311-C-7000,481.0,0.0,0.0,0.0,1,132.5,0.0,0,481.0,0.0,0.0,0.0,0.0,0.0,2
2023-05-10 21:20:09,p2311-C-7000,p2311-C-7000,481.0,0.0,0.0,0.0,10,133.0,0.0,0,481.0,0.0,0.0,0.0,0.0,0.0,2
2023-05-10 21:20:11,p2311-C-7000,p2311-C-7000,481.0,0.0,0.0,0.0,1,128.5,0.0,0,481.0,0.0,0.0,0.0,0.0,0.0,2
2023-05-10 21:20:11,p2311-C-7000,p2311-C-7000,481.0,0.0,0.0,0.0,10,129.0,0.0,0,481.0,0.0,0.0,0.0,0.0,0.0,2
2023-05-10 21:20:12,p2311-C-7000,p2311-C-7000,481.0,0.0,0.0,0.0,1,132.5,0.0,0,481.0,0.0,0.0,0.0,0.0,0.0,2
2023-05-10 21:20:12,p2311-C-7000,p2311-C-7000,481.0,0.0,0.0,0.0,10,133.0,0.0,0,481.0,0.0,0.0,0.0,0.0,0.0,2
2023-05-10 21:20:14,p2311-C-7000,p2311-C-7000,481.0,0.0,0.0,0.0,1,128.5,0.0,0,481.0,0.0,0.0,0.0,0.0,0.0,2
2023-05-10 21:20:14,p2311-C-7000,p2311-C-7000,481.0,0.0,0.0,0.0,10,129.0,0.0,0,481.0,0.0,0.0,0.0,0.0,0.0,2
2023-05-10 21:20:15,p2311-C-7000,p2311-C-7000,481.0,0.0,0.0,0.0,1,128.5,0.0,0,481.0,0.0,0.0,0.0,0.0,0.0,2
2023-05-10 21:20:16,p2311-C-7000,p2311-C-7000,481.0,0.0,0.0,0.0,11,129.0,0.0,0,481.0,0.0,0.0,0.0,0.0,0.0,2
2023-05-10 21:20:17,p2311-C-7000,p2311-C-7000,481.0,0.0,0.0,0.0,1,129.5,0.0,0,481.0,0.0,0.0,0.0,0.0,0.0,2
2023-05-10 21:20:17,p2311-C-7000,p2311-C-7000,481.0,0.0,0.0,0.0,10,130.0,0.0,0,481.0,0.0,0.0,0.0,0.0,0.0,2
2023-05-10 21:20:18,p2311-C-7000,p2311-C-7000,481.0,0.0,0.0,0.0,1,136.5,0.0,0,481.0,0.0,0.0,0.0,0.0,0.0,2
2023-05-10 21:20:19,p2311-C-7000,p2311-C-7000,481.0,0.0,0.0,0.0,10,137.0,0.0,0,481.0,0.0,0.0,0.0,0.0,0.0,2
2023-05-10 21:20:20,p2311-C-7000,p2311-C-7000,481.0,0.0,0.0,0.0,1,140.5,0.0,0,481.0,0.0,0.0,0.0,0.0,0.0,2
2023-05-10 21:20:20,p2311-C-7000,p2311-C-7000,481.0,0.0,0.0,0.0,10,141.0,0.0,0,481.0,0.0,0.0,0.0,0.0,0.0,2
2023-05-10 21:20:21,p2311-C-7000,p2311-C-7000,481.0,0.0,0.0,0.0,1,141.5,0.0,0,481.0,0.0,0.0,0.0,0.0,0.0,2
2023-05-10 21:20:21,p2311-C-7000,p2311-C-7000,481.0,0.0,0.0,0.0,10,142.0,0.0,0,481.0,0.0,0.0,0.0,0.0,0.0,2
2023-05-10 21:20:22,p2311-C-7000,p2311-C-7000,481.0,0.0,0.0,0.0,1,142.5,0.0,0,481.0,0.0,0.0,0.0,0.0,0.0,2
2023-05-10 21:20:23,p2311-C-7000,p2311-C-7000,481.0,0.0,0.0,0.0,10,143.0,0.0,0,481.0,0.0,0.0,0.0,0.0,0.0,2
2023-05-10 21:20:24,p2311-C-7000,p2311-C-7000,481.0,0.0,0.0,0.0,1,143.5,0.0,0,481.0,0.0,0.0,0.0,0.0,0.0,2
2023-05-10 21:20:24,p2311-C-7000,p2311-C-7000,481.0,0.0,0.0,0.0,10,144.0,0.0,0,481.0,0.0,0.0,0.0,0.0,0.0,2
2023-05-10 21:20:26,p2311-C-7000,p2311-C-7000,481.0,0.0,0.0,0.0,1,144.5,0.0,0,481.0,0.0,0.0,0.0,0.0,0.0,2
2023-05-10 21:20:26,p2311-C-7000,p2311-C-7000,481.0,0.0,0.0,0.0,10,145.0,0.0,0,481.0,0.0,0.0,0.0,0.0,0.0,2
2023-05-10 21:20:27,p2311-C-7000,p2311-C-7000,481.0,0.0,0.0,0.0,1,145.5,0.0,0,481.0,0.0,0.0,0.0,0.0,0.0,2
2023-05-10 21:20:27,p2311-C-7000,p2311-C-7000,481.0,0.0,0.0,0.0,10,146.0,0.0,0,481.0,0.0,0.0,0.0,0.0,0.0,2
2023-05-10 21:20:28,p2311-C-7000,p2311-C-7000,481.0,0.0,0.0,0.0,1,146.5,0.0,0,481.0,0.0,0.0,0.0,0.0,0.0,2
2023-05-10 21:20:28,p2311-C-7000,p2311-C-7000,481.0,0.0,0.0,0.0,10,147.0,0.0,0,481.0,0.0,0.0,0.0,0.0,0.0,2
2023-05-10 21:20:29,p2311-C-7000,p2311-C-7000,481.0,0.0,0.0,0.0,1,147.5,0.0,0,481.0,0.0,0.0,0.0,0.0,0.0,2
2023-05-10 21:20:29,p2311-C-7000,p2311-C-7000,481.0,0.0,0.0,0.0,10,148.0,0.0,0,481.0,0.0,0.0,0.0,0.0,0.0,2
2023-05-10 21:20:30,p2311-C-7000,p2311-C-7000,481.0,0.0,0.0,0.0,1,148.5,0.0,0,481.0,0.0,0.0,0.0,0.0,0.0,2
2023-05-10 21:20:30,p2311-C-7000,p2311-C-7000,481.0,0.0,0.0,0.0,10,149.0,0.0,0,481.0,0.0,0.0,0.0,0.0,0.0,2
2023-05-10 21:31:53,p2311-C-7000,p2311-C-7000,481.0,0.0,0.0,0.0,1,149.5,0.0,0,481.0,0.0,0.0,0.0,0.0,0.0,2
2023-05-10 21:31:53,p2311-C-7000,p2311-C-7000,481.0,0.0,0.0,0.0,10,150.0,0.0,0,481.0,0.0,0.0,0.0,0.0,0.0,2
2023-05-10 22:01:53,p2311-C-7000,p2311-C-7000,481.0,0.0,0.0,0.0,1,150.5,0.0,0,481.0,0.0,0.0,0.0,0.0,0.0,2
2023-05-10 22:01:53,p2311-C-7000,p2311-C-7000,481.0,0.0,0.0,0.0,10,151.0,0.0,0,481.0,0.0,0.0,0.0,0.0,0.0,2
2023-05-10 22:57:33,p2311-C-7000,p2311-C-7000,481.0,0.0,0.0,0.0,1,150.5,0.0,0,481.0,0.0,0.0,0.0,0.0,0.0,2
2023-05-10 22:59:16,p2311-C-7000,p2311-C-7000,481.0,0.0,0.0,0.0,10,151.0,0.0,0,481.0,0.0,0.0,0.0,0.0,0.0,2
2023-05-10 22:59:56,p2311-C-7000,p2311-C-7000,481.0,0.0,0.0,0.0,1,150.5,0.0,0,481.0,0.0,0.0,0.0,0.0,0.0,2
2023-05-11 09:00:05,p2311-C-7000,p2311-C-7000,481.0,0.0,0.0,0.0,10,151.0,0.0,0,481.0,0.0,0.0,0.0,0.0,0.0,2
2023-05-11 09:00:42,p2311-C-7000,p2311-C-7000,481.0,0.0,0.0,0.0,1,151.5,0.0,0,481.0,0.0,0.0,0.0,0.0,0.0,2
2023-05-11 09:00:42,p2311-C-7000,p2311-C-7000,481.0,0.0,0.0,0.0,10,152.0,0.0,0,481.0,0.0,0.0,0.0,0.0,0.0,2
2023-05-11 09:35:22,p2311-C-7000,p2311-C-7000,481.0,0.0,0.0,0.0,1,152.5,0.0,0,481.0,0.0,0.0,0.0,0.0,0.0,2
2023-05-11 09:35:22,p2311-C-7000,p2311-C-7000,481.0,0.0,0.0,0.0,10,153.0,0.0,0,481.0,0.0,0.0,0.0,0.0,0.0,2
2023-05-11 10:08:08,p2311-C-7000,p2311-C-7000,481.0,0.0,0.0,0.0,10,154.0,0.0,0,481.0,0.0,0.0,0.0,0.0,0.0,2
2023-05-11 10:14:32,p2311-C-7000,p2311-C-7000,481.0,0.0,0.0,0.0,1,153.5,0.0,0,481.0,0.0,0.0,0.0,0.0,0.0,2
2023-05-11 10:30:07,p2311-C-7000,p2311-C-7000,481.0,0.0,0.0,0.0,10,154.0,0.0,0,481.0,0.0,0.0,0.0,0.0,0.0,2
2023-05-11 10:40:18,p2311-C-7000,p2311-C-7000,481.0,0.0,0.0,0.0,1,154.5,0.0,0,481.0,0.0,0.0,0.0,0.0,0.0,2
2023-05-11 10:40:18,p2311-C-7000,p2311-C-7000,481.0,0.0,0.0,0.0,10,155.0,0.0,0,481.0,0.0,0.0,0.0,0.0,0.0,2
2023-05-11 11:12:32,p2311-C-7000,p2311-C-7000,481.0,0.0,0.0,0.0,1,155.5,0.0,0,481.0,0.0,0.0,0.0,0.0,0.0,2
2023-05-11 11:12:32,p2311-C-7000,p2311-C-7000,481.0,0.0,0.0,0.0,10,156.0,0.0,0,481.0,0.0,0.0,0.0,0.0,0.0,2
2023-05-11 11:29:33,p2311-C-7000,p2311-C-7000,481.0,0.0,0.0,0.0,1,109.0,0.0,0,481.0,0.0,0.0,0.0,0.0,0.0,2
2023-05-11 13:30:02,p2311-C-7000,p2311-C-7000,481.0,0.0,0.0,0.0,10,109.5,0.0,0,481.0,0.0,0.0,0.0,0.0,0.0,2
2023-05-11 13:31:14,p2311-C-7000,p2311-C-7000,481.0,0.0,0.0,0.0,1,110.0,0.0,0,481.0,0.0,0.0,0.0,0.0,0.0,2
2023-05-11 13:31:14,p2311-C-7000,p2311-C-7000,481.0,0.0,0.0,0.0,10,110.5,0.0,0,481.0,0.0,0.0,0.0,0.0,0.0,2
2023-05-11 14:21:44,p2311-C-7000,p2311-C-7000,481.0,0.0,0.0,0.0,1,111.0,0.0,0,481.0,0.0,0.0,0.0,0.0,0.0,2
2023-05-11 14:21:44,p2311-C-7000,p2311-C-7000,481.0,0.0,0.0,0.0,10,111.5,0.0,0,481.0,0.0,0.0,0.0,0.0,0.0,2
2023-05-11 14:56:38,p2311-C-7000,p2311-C-7000,481.0,0.0,0.0,0.0,1,111.0,0.0,0,481.0,0.0,0.0,0.0,0.0,0.0,2
2023-05-11 14:59:05,p2311-C-7000,p2311-C-7000,481.0,0.0,0.0,0.0,10,111.5,0.0,0,481.0,0.0,0.0,0.0,0.0,0.0,2
2023-05-11 14:59:55,p2311-C-7000,p2311-C-7000,481.0,0.0,0.0,0.0,1,111.0,0.0,0,481.0,0.0,0.0,0.0,0.0,0.0,2
2023-05-11 15:01:09,p2311-C-7000,p2311-C-7000,481.0,0.0,0.0,0.0,1,111.0,0.0,0,481.0,0.0,0.0,0.0,0.0,0.0,2
