time,symbol_id,symbol_name,last,trade_volume,trade_amount,open_interest_change,bv1,bp1,ap1,av1,yesterday_close,today_open,today_high,today_low,volume,amount,open_interest
2023-05-10 20:55:37,p2311-C-7100,p2311-C-7100,433.5,0.0,0.0,0.0,1,0.5,0.0,0,433.5,0.0,0.0,0.0,0.0,0.0,2
2023-05-10 21:00:07,p2311-C-7100,p2311-C-7100,433.5,0.0,0.0,0.0,10,1.0,0.0,0,433.5,0.0,0.0,0.0,0.0,0.0,2
2023-05-10 21:00:34,p2311-C-7100,p2311-C-7100,433.5,0.0,0.0,0.0,1,102.0,0.0,0,433.5,0.0,0.0,0.0,0.0,0.0,2
2023-05-10 21:00:34,p2311-C-7100,p2311-C-7100,433.5,0.0,0.0,0.0,10,102.5,0.0,0,433.5,0.0,0.0,0.0,0.0,0.0,2
2023-05-10 21:01:53,p2311-C-7100,p2311-C-7100,433.5,0.0,0.0,0.0,1,103.0,0.0,0,433.5,0.0,0.0,0.0,0.0,0.0,2
2023-05-10 21:01:53,p2311-C-7100,p2311-C-7100,433.5,0.0,0.0,0.0,10,103.5,0.0,0,433.5,0.0,0.0,0.0,0.0,0.0,2
2023-05-10 21:19:19,p2311-C-7100,p2311-C-7100,433.5,0.0,0.0,0.0,1,104.0,0.0,0,433.5,0.0,0.0,0.0,0.0,0.0,2
2023-05-10 21:19:19,p2311-C-7100,p2311-C-7100,433.5,0.0,0.0,0.0,10,104.5,0.0,0,433.5,0.0,0.0,0.0,0.0,0.0,2
2023-05-10 21:19:21,p2311-C-7100,p2311-C-7100,433.5,0.0,0.0,0.0,1,103.0,0.0,0,433.5,0.0,0.0,0.0,0.0,0.0,2
2023-05-10 21:19:21,p2311-C-7100,p2311-C-7100,433.5,0.0,0.0,0.0,10,103.5,0.0,0,433.5,0.0,0.0,0.0,0.0,0.0,2
2023-05-10 21:19:22,p2311-C-7100,p2311-C-7100,433.5,0.0,0.0,0.0,1,104.0,0.0,0,433.5,0.0,0.0,0.0,0.0,0.0,2
2023-05-10 21:19:23,p2311-C-7100,p2311-C-7100,433.5,0.0,0.0,0.0,10,104.5,0.0,0,433.5,0.0,0.0,0.0,0.0,0.0,2
2023-05-10 21:19:24,p2311-C-7100,p2311-C-7100,433.5,0.0,0.0,0.0,1,105.0,0.0,0,433.5,0.0,0.0,0.0,0.0,0.0,2
2023-05-10 21:19:24,p2311-C-7100,p2311-C-7100,433.5,0.0,0.0,0.0,10,105.5,0.0,0,433.5,0.0,0.0,0.0,0.0,0.0,2
2023-05-10 21:19:25,p2311-C-7100,p2311-C-7100,433.5,0.0,0.0,0.0,1,106.0,0.0,0,433.5,0.0,0.0,0.0,0.0,0.0,2
2023-05-10 21:19:25,p2311-C-7100,p2311-C-7100,433.5,0.0,0.0,0.0,10,106.5,0.0,0,433.5,0.0,0.0,0.0,0.0,0.0,2
2023-05-10 21:19:26,p2311-C-7100,p2311-C-7100,433.5,0.0,0.0,0.0,1,107.0,0.0,0,433.5,0.0,0.0,0.0,0.0,0.0,2
2023-05-10 21:19:27,p2311-C-7100,p2311-C-7100,433.5,0.0,0.0,0.0,10,107.5,0.0,0,433.5,0.0,0.0,0.0,0.0,0.0,2
2023-05-10 21:19:28,p2311-C-7100,p2311-C-7100,433.5,0.0,0.0,0.0,1,108.0,0.0,0,433.5,0.0,0.0,0.0,0.0,0.0,2
2023-05-10 21:19:29,p2311-C-7100,p2311-C-7100,433.5,0.0,0.0,0.0,10,108.5,0.0,0,433.5,0.0,0.0,0.0,0.0,0.0,2
2023-05-10 21:19:30,p2311-C-7100,p2311-C-7100,433.5,0.0,0.0,0.0,1,109.0,0.0,0,433.5,0.0,0.0,0.0,0.0,0.0,2
2023-05-10 21:19:31,p2311-C-7100,p2311-C-7100,433.5,0.0,0.0,0.0,10,109.5,0.0,0,433.5,0.0,0.0,0.0,0.0,0.0,2
2023-05-10 21:19:32,p2311-C-7100,p2311-C-7100,433.5,0.0,0.0,0.0,1,110.0,0.0,0,433.5,0.0,0.0,0.0,0.0,0.0,2
2023-05-10 21:19:32,p2311-C-7100,p2311-C-7100,433.5,0.0,0.0,0.0,10,110.5,0.0,0,433.5,0.0,0.0,0.0,0.0,0.0,2
2023-05-10 21:19:33,p2311-C-7100,p2311-C-7100,433.5,0.0,0.0,0.0,1,111.0,0.0,0,433.5,0.0,0.0,0.0,0.0,0.0,2
2023-05-10 21:19:33,p2311-C-7100,p2311-C-7100,433.5,0.0,0.0,0.0,10,111.5,0.0,0,433.5,0.0,0.0,0.0,0.0,0.0,2
2023-05-10 21:19:34,p2311-C-7100,p2311-C-7100,433.5,0.0,0.0,0.0,1,112.0,0.0,0,433.5,0.0,0.0,0.0,0.0,0.0,2
2023-05-10 21:19:35,p2311-C-7100,p2311-C-7100,433.5,0.0,0.0,0.0,10,112.5,0.0,0,433.5,0.0,0.0,0.0,0.0,0.0,2
2023-05-10 21:19:36,p2311-C-7100,p2311-C-7100,433.5,0.0,0.0,0.0,1,113.0,0.0,0,433.5,0.0,0.0,0.0,0.0,0.0,2
2023-05-10 21:19:36,p2311-C-7100,p2311-C-7100,433.5,0.0,0.0,0.0,10,113.5,0.0,0,433.5,0.0,0.0,0.0,0.0,0.0,2
2023-05-10 21:19:38,p2311-C-7100,p2311-C-7100,433.5,0.0,0.0,0.0,1,103.0,0.0,0,433.5,0.0,0.0,0.0,0.0,0.0,2
2023-05-10 21:19:38,p2311-C-7100,p2311-C-7100,433.5,0.0,0.0,0.0,10,103.5,0.0,0,433.5,0.0,0.0,0.0,0.0,0.0,2
2023-05-10 21:19:39,p2311-C-7100,p2311-C-7100,433.5,0.0,0.0,0.0,1,110.0,0.0,0,433.5,0.0,0.0,0.0,0.0,0.0,2
2023-05-10 21:19:40,p2311-C-7100,p2311-C-7100,433.5,0.0,0.0,0.0,10,110.5,0.0,0,433.5,0.0,0.0,0.0,0.0,0.0,2
2023-05-10 21:19:41,p2311-C-7100,p2311-C-7100,433.5,0.0,0.0,0.0,1,114.0,0.0,0,433.5,0.0,0.0,0.0,0.0,0.0,2
2023-05-10 21:19:41,p2311-C-7100,p2311-C-7100,433.5,0.0,0.0,0.0,10,114.5,0.0,0,433.5,0.0,0.0,0.0,0.0,0.0,2
2023-05-10 21:19:42,p2311-C-7100,p2311-C-7100,433.5,0.0,0.0,0.0,1,115.0,0.0,0,433.5,0.0,0.0,0.0,0.0,0.0,2
2023-05-10 21:19:43,p2311-C-7100,p2311-C-7100,433.5,0.0,0.0,0.0,10,115.5,0.0,0,433.5,0.0,0.0,0.0,0.0,0.0,2
2023-05-10 21:19:44,p2311-C-7100,p2311-C-7100,433.5,0.0,0.0,0.0,1,103.0,0.0,0,433.5,0.0,0.0,0.0,0.0,0.0,2
2023-05-10 21:19:44,p2311-C-7100,p2311-C-7100,433.5,0.0,0.0,0.0,10,103.5,0.0,0,433.5,0.0,0.0,0.0,0.0,0.0,2
2023-05-10 21:19:46,p2311-C-7100,p2311-C-7100,433.5,0.0,0.0,0.0,1,103.0,0.0,0,433.5,0.0,0.0,0.0,0.0,0.0,2
2023-05-10 21:19:46,p2311-C-7100,p2311-C-7100,433.5,0.0,0.0,0.0,10,103.5,0.0,0,433.5,0.0,0.0,0.0,0.0,0.0,2
2023-05-10 21:19:47,p2311-C-7100,p2311-C-7100,433.5,0.0,0.0,0.0,10,110.5,0.0,0,433.5,0.0,0.0,0.0,0.0,0.0,2
2023-05-10 21:19:49,p2311-C-7100,p2311-C-7100,433.5,0.0,0.0,0.0,1,117.0,0.0,0,433.5,0.0,0.0,0.0,0.0,0.0,2
2023-05-10 21:19:49,p2311-C-7100,p2311-C-7100,433.5,0.0,0.0,0.0,10,117.5,0.0,0,433.5,0.0,0.0,0.0,0.0,0.0,2
2023-05-10 21:19:50,p2311-C-7100,p2311-C-7100,433.5,0.0,0.0,0.0,1,121.0,0.0,0,433.5,0.0,0.0,0.0,0.0,0.0,2
2023-05-10 21:19:50,p2311-C-7100,p2311-C-7100,433.5,0.0,0.0,0.0,10,121.5,0.0,0,433.5,0.0,0.0,0.0,0.0,0.0,2
2023-05-10 21:19:51,p2311-C-7100,p2311-C-7100,433.5,0.0,0.0,0.0,1,122.0,0.0,0,433.5,0.0,0.0,0.0,0.0,0.0,2
2023-05-10 21:19:52,p2311-C-7100,p2311-C-7100,433.5,0.0,0.0,0.0,10,122.5,0.0,0,433.5,0.0,0.0,0.0,0.0,0.0,2
2023-05-10 21:19:53,p2311-C-7100,p2311-C-7100,433.5,0.0,0.0,0.0,1,123.0,0.0,0,433.5,0.0,0.0,0.0,0.0,0.0,2
2023-05-10 21:19:53,p2311-C-7100,p2311-C-7100,433.5,0.0,0.0,0.0,10,123.5,0.0,0,433.5,0.0,0.0,0.0,0.0,0.0,2
2023-05-10 21:19:54,p2311-C-7100,p2311-C-7100,433.5,0.0,0.0,0.0,1,124.0,0.0,0,433.5,0.0,0.0,0.0,0.0,0.0,2
2023-05-10 21:19:55,p2311-C-7100,p2311-C-7100,433.5,0.0,0.0,0.0,10,124.5,0.0,0,433.5,0.0,0.0,0.0,0.0,0.0,2
2023-05-10 21:19:56,p2311-C-7100,p2311-C-7100,433.5,0.0,0.0,0.0,1,125.0,0.0,0,433.5,0.0,0.0,0.0,0.0,0.0,2
2023-05-10 21:19:56,p2311-C-7100,p2311-C-7100,433.5,0.0,0.0,0.0,10,125.5,0.0,0,433.5,0.0,0.0,0.0,0.0,0.0,2
2023-05-10 21:19:57,p2311-C-7100,p2311-C-7100,433.5,0.0,0.0,0.0,1,126.0,0.0,0,433.5,0.0,0.0,0.0,0.0,0.0,2
2023-05-10 21:19:58,p2311-C-7100,p2311-C-7100,433.5,0.0,0.0,0.0,10,126.5,0.0,0,433.5,0.0,0.0,0.0,0.0,0.0,2
2023-05-10 21:19:59,p2311-C-7100,p2311-C-7100,433.5,0.0,0.0,0.0,1,127.0,0.0,0,433.5,0.0,0.0,0.0,0.0,0.0,2
2023-05-10 21:19:59,p2311-C-7100,p2311-C-7100,433.5,0.0,0.0,0.0,10,127.5,0.0,0,433.5,0.0,0.0,0.0,0.0,0.0,2
2023-05-10 21:20:00,p2311-C-7100,p2311-C-7100,433.5,0.0,0.0,0.0,1,128.0,0.0,0,433.5,0.0,0.0,0.0,0.0,0.0,2
2023-05-10 21:20:00,p2311-C-7100,p2311-C-7100,433.5,0.0,0.0,0.0,10,128.5,0.0,0,433.5,0.0,0.0,0.0,0.0,0.0,2
2023-05-10 21:20:02,p2311-C-7100,p2311-C-7100,433.5,0.0,0.0,0.0,1,103.0,0.0,0,433.5,0.0,0.0,0.0,0.0,0.0,2
2023-05-10 21:20:02,p2311-C-7100,p2311-C-7100,433.5,0.0,0.0,0.0,10,103.5,0.0,0,433.5,0.0,0.0,0.0,0.0,0.0,2
2023-05-10 21:20:03,p2311-C-7100,p2311-C-7100,433.5,0.0,0.0,0.0,1,110.0,0.0,0,433.5,0.0,0.0,0.0,0.0,0.0,2
2023-05-10 21:20:04,p2311-C-7100,p2311-C-7100,433.5,0.0,0.0,0.0,10,110.5,0.0,0,433.5,0.0,0.0,0.0,0.0,0.0,2
2023-05-10 21:20:05,p2311-C-7100,p2311-C-7100,433.5,0.0,0.0,0.0,1,103.0,0.0,0,433.5,0.0,0.0,0.0,0.0,0.0,2
2023-05-10 21:20:05,p2311-C-7100,p2311-C-7100,433.5,0.0,0.0,0.0,10,103.5,0.0,0,433.5,0.0,0.0,0.0,0.0,0.0,2
2023-05-10 21:20:06,p2311-C-7100,p2311-C-7100,433.5,0.0,0.0,0.0,1,110.0,0.0,0,433.5,0.0,0.0,0.0,0.0,0.0,2
2023-05-10 21:20:06,p2311-C-7100,p2311-C-7100,433.5,0.0,0.0,0.0,10,110.5,0.0,0,433.5,0.0,0.0,0.0,0.0,0.0,2
2023-05-10 21:20:08,p2311-C-7100,p2311-C-7100,433.5,0.0,0.0,0.0,1,117.0,0.0,0,433.5,0.0,0.0,0.0,0.0,0.0,2
2023-05-10 21:20:08,p2311-C-7100,p2311-C-7100,433.5,0.0,0.0,0.0,10,117.5,0.0,0,433.5,0.0,0.0,0.0,0.0,0.0,2
2023-05-10 21:20:09,p2311-C-7100,p2311-C-7100,433.5,0.0,0.0,0.0,1,124.0,0.0,0,433.5,0.0,0.0,0.0,0.0,0.0,2
2023-05-10 21:20:09,p2311-C-7100,p2311-C-7100,433.5,0.0,0.0,0.0,10,124.5,0.0,0,433.5,0.0,0.0,0.0,0.0,0.0,2
2023-05-10 21:20:11,p2311-C-7100,p2311-C-7100,433.5,0.0,0.0,0.0,1,103.0,0.0,0,433.5,0.0,0.0,0.0,0.0,0.0,2
2023-05-10 21:20:11,p2311-C-7100,p2311-C-7100,433.5,0.0,0.0,0.0,1,109.5,0.0,0,433.5,0.0,0.0,0.0,0.0,0.0,2
2023-05-10 21:20:11,p2311-C-7100,p2311-C-7100,433.5,0.0,0.0,0.0,10,110.0,0.0,0,433.5,0.0,0.0,0.0,0.0,0.0,2
2023-05-10 21:20:13,p2311-C-7100,p2311-C-7100,433.5,0.0,0.0,0.0,1,116.5,0.0,0,433.5,0.0,0.0,0.0,0.0,0.0,2
2023-05-10 21:20:13,p2311-C-7100,p2311-C-7100,433.5,0.0,0.0,0.0,10,117.0,0.0,0,433.5,0.0,0.0,0.0,0.0,0.0,2
2023-05-10 21:20:14,p2311-C-7100,p2311-C-7100,433.5,0.0,0.0,0.0,1,123.5,0.0,0,433.5,0.0,0.0,0.0,0.0,0.0,2
2023-05-10 21:20:14,p2311-C-7100,p2311-C-7100,433.5,0.0,0.0,0.0,10,124.0,0.0,0,433.5,0.0,0.0,0.0,0.0,0.0,2
2023-05-10 21:20:16,p2311-C-7100,p2311-C-7100,433.5,0.0,0.0,0.0,1,127.5,0.0,0,433.5,0.0,0.0,0.0,0.0,0.0,2
2023-05-10 21:20:16,p2311-C-7100,p2311-C-7100,433.5,0.0,0.0,0.0,10,128.0,0.0,0,433.5,0.0,0.0,0.0,0.0,0.0,2
2023-05-10 21:20:17,p2311-C-7100,p2311-C-7100,433.5,0.0,0.0,0.0,1,128.5,0.0,0,433.5,0.0,0.0,0.0,0.0,0.0,2
2023-05-10 21:20:17,p2311-C-7100,p2311-C-7100,433.5,0.0,0.0,0.0,10,129.0,0.0,0,433.5,0.0,0.0,0.0,0.0,0.0,2
2023-05-10 21:20:18,p2311-C-7100,p2311-C-7100,433.5,0.0,0.0,0.0,1,135.5,0.0,0,433.5,0.0,0.0,0.0,0.0,0.0,2
2023-05-10 21:20:19,p2311-C-7100,p2311-C-7100,433.5,0.0,0.0,0.0,10,136.0,0.0,0,433.5,0.0,0.0,0.0,0.0,0.0,2
2023-05-10 21:20:20,p2311-C-7100,p2311-C-7100,433.5,0.0,0.0,0.0,1,139.5,0.0,0,433.5,0.0,0.0,0.0,0.0,0.0,2
2023-05-10 21:20:20,p2311-C-7100,p2311-C-7100,433.5,0.0,0.0,0.0,10,140.0,0.0,0,433.5,0.0,0.0,0.0,0.0,0.0,2
2023-05-10 21:20:21,p2311-C-7100,p2311-C-7100,433.5,0.0,0.0,0.0,1,140.5,0.0,0,433.5,0.0,0.0,0.0,0.0,0.0,2
2023-05-10 21:20:21,p2311-C-7100,p2311-C-7100,433.5,0.0,0.0,0.0,10,141.0,0.0,0,433.5,0.0,0.0,0.0,0.0,0.0,2
2023-05-10 21:20:22,p2311-C-7100,p2311-C-7100,433.5,0.0,0.0,0.0,1,141.5,0.0,0,433.5,0.0,0.0,0.0,0.0,0.0,2
2023-05-10 21:20:23,p2311-C-7100,p2311-C-7100,433.5,0.0,0.0,0.0,10,142.0,0.0,0,433.5,0.0,0.0,0.0,0.0,0.0,2
2023-05-10 21:20:24,p2311-C-7100,p2311-C-7100,433.5,0.0,0.0,0.0,1,142.5,0.0,0,433.5,0.0,0.0,0.0,0.0,0.0,2
2023-05-10 21:20:24,p2311-C-7100,p2311-C-7100,433.5,0.0,0.0,0.0,10,143.0,0.0,0,433.5,0.0,0.0,0.0,0.0,0.0,2
2023-05-10 21:20:26,p2311-C-7100,p2311-C-7100,433.5,0.0,0.0,0.0,1,143.5,0.0,0,433.5,0.0,0.0,0.0,0.0,0.0,2
2023-05-10 21:20:26,p2311-C-7100,p2311-C-7100,433.5,0.0,0.0,0.0,10,144.0,0.0,0,433.5,0.0,0.0,0.0,0.0,0.0,2
2023-05-10 21:20:27,p2311-C-7100,p2311-C-7100,433.5,0.0,0.0,0.0,1,144.5,0.0,0,433.5,0.0,0.0,0.0,0.0,0.0,2
2023-05-10 21:20:27,p2311-C-7100,p2311-C-7100,433.5,0.0,0.0,0.0,10,145.0,0.0,0,433.5,0.0,0.0,0.0,0.0,0.0,2
2023-05-10 21:20:28,p2311-C-7100,p2311-C-7100,433.5,0.0,0.0,0.0,1,145.5,0.0,0,433.5,0.0,0.0,0.0,0.0,0.0,2
2023-05-10 21:20:28,p2311-C-7100,p2311-C-7100,433.5,0.0,0.0,0.0,10,146.0,0.0,0,433.5,0.0,0.0,0.0,0.0,0.0,2
2023-05-10 21:20:30,p2311-C-7100,p2311-C-7100,433.5,0.0,0.0,0.0,1,146.5,0.0,0,433.5,0.0,0.0,0.0,0.0,0.0,2
2023-05-10 21:20:30,p2311-C-7100,p2311-C-7100,433.5,0.0,0.0,0.0,10,147.0,0.0,0,433.5,0.0,0.0,0.0,0.0,0.0,2
2023-05-10 21:20:31,p2311-C-7100,p2311-C-7100,433.5,0.0,0.0,0.0,1,147.5,0.0,0,433.5,0.0,0.0,0.0,0.0,0.0,2
2023-05-10 21:20:31,p2311-C-7100,p2311-C-7100,433.5,0.0,0.0,0.0,10,148.0,0.0,0,433.5,0.0,0.0,0.0,0.0,0.0,2
2023-05-10 21:20:32,p2311-C-7100,p2311-C-7100,433.5,0.0,0.0,0.0,1,148.5,0.0,0,433.5,0.0,0.0,0.0,0.0,0.0,2
2023-05-10 21:20:32,p2311-C-7100,p2311-C-7100,433.5,0.0,0.0,0.0,10,149.0,0.0,0,433.5,0.0,0.0,0.0,0.0,0.0,2
2023-05-10 21:31:53,p2311-C-7100,p2311-C-7100,433.5,0.0,0.0,0.0,1,149.5,0.0,0,433.5,0.0,0.0,0.0,0.0,0.0,2
2023-05-10 21:31:53,p2311-C-7100,p2311-C-7100,433.5,0.0,0.0,0.0,10,150.0,0.0,0,433.5,0.0,0.0,0.0,0.0,0.0,2
2023-05-10 22:01:53,p2311-C-7100,p2311-C-7100,433.5,0.0,0.0,0.0,1,150.5,0.0,0,433.5,0.0,0.0,0.0,0.0,0.0,2
2023-05-10 22:01:53,p2311-C-7100,p2311-C-7100,433.5,0.0,0.0,0.0,10,151.0,0.0,0,433.5,0.0,0.0,0.0,0.0,0.0,2
2023-05-10 22:57:33,p2311-C-7100,p2311-C-7100,433.5,0.0,0.0,0.0,1,150.5,0.0,0,433.5,0.0,0.0,0.0,0.0,0.0,2
2023-05-10 22:59:16,p2311-C-7100,p2311-C-7100,433.5,0.0,0.0,0.0,10,151.0,0.0,0,433.5,0.0,0.0,0.0,0.0,0.0,2
2023-05-10 22:59:56,p2311-C-7100,p2311-C-7100,433.5,0.0,0.0,0.0,1,150.5,0.0,0,433.5,0.0,0.0,0.0,0.0,0.0,2
2023-05-11 09:00:05,p2311-C-7100,p2311-C-7100,433.5,0.0,0.0,0.0,10,151.0,0.0,0,433.5,0.0,0.0,0.0,0.0,0.0,2
2023-05-11 09:00:42,p2311-C-7100,p2311-C-7100,433.5,0.0,0.0,0.0,1,151.5,0.0,0,433.5,0.0,0.0,0.0,0.0,0.0,2
2023-05-11 09:00:42,p2311-C-7100,p2311-C-7100,433.5,0.0,0.0,0.0,10,152.0,0.0,0,433.5,0.0,0.0,0.0,0.0,0.0,2
2023-05-11 09:35:22,p2311-C-7100,p2311-C-7100,433.5,0.0,0.0,0.0,1,152.5,0.0,0,433.5,0.0,0.0,0.0,0.0,0.0,2
2023-05-11 09:35:22,p2311-C-7100,p2311-C-7100,433.5,0.0,0.0,0.0,10,153.0,0.0,0,433.5,0.0,0.0,0.0,0.0,0.0,2
2023-05-11 10:08:08,p2311-C-7100,p2311-C-7100,433.5,0.0,0.0,0.0,10,154.0,0.0,0,433.5,0.0,0.0,0.0,0.0,0.0,2
2023-05-11 10:14:32,p2311-C-7100,p2311-C-7100,433.5,0.0,0.0,0.0,1,153.5,0.0,0,433.5,0.0,0.0,0.0,0.0,0.0,2
2023-05-11 10:30:07,p2311-C-7100,p2311-C-7100,433.5,0.0,0.0,0.0,10,154.0,0.0,0,433.5,0.0,0.0,0.0,0.0,0.0,2
2023-05-11 10:40:18,p2311-C-7100,p2311-C-7100,433.5,0.0,0.0,0.0,1,154.5,0.0,0,433.5,0.0,0.0,0.0,0.0,0.0,2
2023-05-11 10:40:18,p2311-C-7100,p2311-C-7100,433.5,0.0,0.0,0.0,10,155.0,0.0,0,433.5,0.0,0.0,0.0,0.0,0.0,2
2023-05-11 11:12:32,p2311-C-7100,p2311-C-7100,433.5,0.0,0.0,0.0,1,155.5,0.0,0,433.5,0.0,0.0,0.0,0.0,0.0,2
2023-05-11 11:12:32,p2311-C-7100,p2311-C-7100,433.5,0.0,0.0,0.0,10,156.0,0.0,0,433.5,0.0,0.0,0.0,0.0,0.0,2
2023-05-11 11:29:33,p2311-C-7100,p2311-C-7100,433.5,0.0,0.0,0.0,1,84.0,0.0,0,433.5,0.0,0.0,0.0,0.0,0.0,2
2023-05-11 13:30:02,p2311-C-7100,p2311-C-7100,433.5,0.0,0.0,0.0,10,84.5,0.0,0,433.5,0.0,0.0,0.0,0.0,0.0,2
2023-05-11 13:31:14,p2311-C-7100,p2311-C-7100,433.5,0.0,0.0,0.0,1,85.0,0.0,0,433.5,0.0,0.0,0.0,0.0,0.0,2
2023-05-11 13:31:14,p2311-C-7100,p2311-C-7100,433.5,0.0,0.0,0.0,10,85.5,0.0,0,433.5,0.0,0.0,0.0,0.0,0.0,2
2023-05-11 13:36:42,p2311-C-7100,p2311-C-7100,433.5,0.0,0.0,0.0,1,85.0,0.0,0,433.5,0.0,0.0,0.0,0.0,0.0,2
2023-05-11 13:36:42,p2311-C-7100,p2311-C-7100,433.5,0.0,0.0,0.0,10,85.5,0.0,0,433.5,0.0,0.0,0.0,0.0,0.0,2
2023-05-11 13:36:44,p2311-C-7100,p2311-C-7100,433.5,0.0,0.0,0.0,1,85.0,0.0,0,433.5,0.0,0.0,0.0,0.0,0.0,2
2023-05-11 13:36:44,p2311-C-7100,p2311-C-7100,433.5,0.0,0.0,0.0,10,85.5,0.0,0,433.5,0.0,0.0,0.0,0.0,0.0,2
2023-05-11 13:36:45,p2311-C-7100,p2311-C-7100,433.5,0.0,0.0,0.0,1,86.0,0.0,0,433.5,0.0,0.0,0.0,0.0,0.0,2
2023-05-11 13:36:45,p2311-C-7100,p2311-C-7100,433.5,0.0,0.0,0.0,10,86.5,0.0,0,433.5,0.0,0.0,0.0,0.0,0.0,2
2023-05-11 13:36:46,p2311-C-7100,p2311-C-7100,433.5,0.0,0.0,0.0,1,87.0,0.0,0,433.5,0.0,0.0,0.0,0.0,0.0,2
2023-05-11 13:36:47,p2311-C-7100,p2311-C-7100,433.5,0.0,0.0,0.0,10,87.5,0.0,0,433.5,0.0,0.0,0.0,0.0,0.0,2
2023-05-11 13:36:48,p2311-C-7100,p2311-C-7100,433.5,0.0,0.0,0.0,1,85.0,0.0,0,433.5,0.0,0.0,0.0,0.0,0.0,2
2023-05-11 13:36:48,p2311-C-7100,p2311-C-7100,433.5,0.0,0.0,0.0,10,85.5,0.0,0,433.5,0.0,0.0,0.0,0.0,0.0,2
2023-05-11 13:36:49,p2311-C-7100,p2311-C-7100,433.5,0.0,0.0,0.0,1,85.0,0.0,0,433.5,0.0,0.0,0.0,0.0,0.0,2
2023-05-11 13:36:49,p2311-C-7100,p2311-C-7100,433.5,0.0,0.0,0.0,10,85.5,0.0,0,433.5,0.0,0.0,0.0,0.0,0.0,2
2023-05-11 13:36:50,p2311-C-7100,p2311-C-7100,433.5,0.0,0.0,0.0,1,89.0,0.0,0,433.5,0.0,0.0,0.0,0.0,0.0,2
2023-05-11 13:36:51,p2311-C-7100,p2311-C-7100,433.5,0.0,0.0,0.0,10,89.5,0.0,0,433.5,0.0,0.0,0.0,0.0,0.0,2
2023-05-11 13:36:52,p2311-C-7100,p2311-C-7100,433.5,0.0,0.0,0.0,1,85.0,0.0,0,433.5,0.0,0.0,0.0,0.0,0.0,2
2023-05-11 13:36:52,p2311-C-7100,p2311-C-7100,433.5,0.0,0.0,0.0,10,85.5,0.0,0,433.5,0.0,0.0,0.0,0.0,0.0,2
2023-05-11 13:36:53,p2311-C-7100,p2311-C-7100,433.5,0.0,0.0,0.0,1,89.0,0.0,0,433.5,0.0,0.0,0.0,0.0,0.0,2
2023-05-11 13:36:53,p2311-C-7100,p2311-C-7100,433.5,0.0,0.0,0.0,10,89.5,0.0,0,433.5,0.0,0.0,0.0,0.0,0.0,2
2023-05-11 13:36:54,p2311-C-7100,p2311-C-7100,433.5,0.0,0.0,0.0,1,85.0,0.0,0,433.5,0.0,0.0,0.0,0.0,0.0,2
2023-05-11 13:36:54,p2311-C-7100,p2311-C-7100,433.5,0.0,0.0,0.0,10,85.5,0.0,0,433.5,0.0,0.0,0.0,0.0,0.0,2
2023-05-11 13:36:56,p2311-C-7100,p2311-C-7100,433.5,0.0,0.0,0.0,1,85.0,0.0,0,433.5,0.0,0.0,0.0,0.0,0.0,2
2023-05-11 13:36:56,p2311-C-7100,p2311-C-7100,433.5,0.0,0.0,0.0,10,85.5,0.0,0,433.5,0.0,0.0,0.0,0.0,0.0,2
2023-05-11 13:36:57,p2311-C-7100,p2311-C-7100,433.5,0.0,0.0,0.0,1,89.0,0.0,0,433.5,0.0,0.0,0.0,0.0,0.0,2
2023-05-11 13:36:57,p2311-C-7100,p2311-C-7100,433.5,0.0,0.0,0.0,10,89.5,0.0,0,433.5,0.0,0.0,0.0,0.0,0.0,2
2023-05-11 13:36:58,p2311-C-7100,p2311-C-7100,433.5,0.0,0.0,0.0,1,93.0,0.0,0,433.5,0.0,0.0,0.0,0.0,0.0,2
2023-05-11 13:36:59,p2311-C-7100,p2311-C-7100,433.5,0.0,0.0,0.0,10,93.5,0.0,0,433.5,0.0,0.0,0.0,0.0,0.0,2
2023-05-11 13:37:16,p2311-C-7100,p2311-C-7100,433.5,0.0,0.0,0.0,1,94.0,0.0,0,433.5,0.0,0.0,0.0,0.0,0.0,2
2023-05-11 13:37:17,p2311-C-7100,p2311-C-7100,433.5,0.0,0.0,0.0,10,94.5,0.0,0,433.5,0.0,0.0,0.0,0.0,0.0,2
2023-05-11 13:37:17,p2311-C-7100,p2311-C-7100,433.5,0.0,0.0,0.0,1,95.0,0.0,0,433.5,0.0,0.0,0.0,0.0,0.0,2
2023-05-11 13:37:18,p2311-C-7100,p2311-C-7100,433.5,0.0,0.0,0.0,10,95.5,0.0,0,433.5,0.0,0.0,0.0,0.0,0.0,2
2023-05-11 13:37:18,p2311-C-7100,p2311-C-7100,433.5,0.0,0.0,0.0,1,96.0,0.0,0,433.5,0.0,0.0,0.0,0.0,0.0,2
2023-05-11 13:37:19,p2311-C-7100,p2311-C-7100,433.5,0.0,0.0,0.0,10,96.5,0.0,0,433.5,0.0,0.0,0.0,0.0,0.0,2
2023-05-11 13:37:19,p2311-C-7100,p2311-C-7100,433.5,0.0,0.0,0.0,1,97.0,0.0,0,433.5,0.0,0.0,0.0,0.0,0.0,2
2023-05-11 13:37:20,p2311-C-7100,p2311-C-7100,433.5,0.0,0.0,0.0,10,97.5,0.0,0,433.5,0.0,0.0,0.0,0.0,0.0,2
2023-05-11 13:42:07,p2311-C-7100,p2311-C-7100,433.5,0.0,0.0,0.0,1,98.0,0.0,0,433.5,0.0,0.0,0.0,0.0,0.0,2
2023-05-11 13:42:07,p2311-C-7100,p2311-C-7100,433.5,0.0,0.0,0.0,10,98.5,0.0,0,433.5,0.0,0.0,0.0,0.0,0.0,2
2023-05-11 13:44:07,p2311-C-7100,p2311-C-7100,433.5,0.0,0.0,0.0,1,99.0,0.0,0,433.5,0.0,0.0,0.0,0.0,0.0,2
2023-05-11 13:44:07,p2311-C-7100,p2311-C-7100,433.5,0.0,0.0,0.0,10,99.5,0.0,0,433.5,0.0,0.0,0.0,0.0,0.0,2
2023-05-11 13:48:12,p2311-C-7100,p2311-C-7100,433.5,0.0,0.0,0.0,1,100.0,0.0,0,433.5,0.0,0.0,0.0,0.0,0.0,2
2023-05-11 13:48:13,p2311-C-7100,p2311-C-7100,433.5,0.0,0.0,0.0,10,100.5,0.0,0,433.5,0.0,0.0,0.0,0.0,0.0,2
2023-05-11 14:21:44,p2311-C-7100,p2311-C-7100,433.5,0.0,0.0,0.0,1,101.0,0.0,0,433.5,0.0,0.0,0.0,0.0,0.0,2
2023-05-11 14:21:44,p2311-C-7100,p2311-C-7100,433.5,0.0,0.0,0.0,10,101.5,0.0,0,433.5,0.0,0.0,0.0,0.0,0.0,2
2023-05-11 14:56:38,p2311-C-7100,p2311-C-7100,433.5,0.0,0.0,0.0,1,101.0,0.0,0,433.5,0.0,0.0,0.0,0.0,0.0,2
2023-05-11 14:59:05,p2311-C-7100,p2311-C-7100,433.5,0.0,0.0,0.0,10,101.5,0.0,0,433.5,0.0,0.0,0.0,0.0,0.0,2
2023-05-11 14:59:55,p2311-C-7100,p2311-C-7100,433.5,0.0,0.0,0.0,1,101.0,0.0,0,433.5,0.0,0.0,0.0,0.0,0.0,2
2023-05-11 15:01:10,p2311-C-7100,p2311-C-7100,433.5,0.0,0.0,0.0,1,101.0,0.0,0,433.5,0.0,0.0,0.0,0.0,0.0,2
