time,symbol_id,symbol_name,last,trade_volume,trade_amount,open_interest_change,bv1,bp1,ap1,av1,yesterday_close,today_open,today_high,today_low,volume,amount,open_interest
2023-05-10 20:55:38,p2311-C-7300,p2311-C-7300,349.0,0.0,0.0,0.0,1,0.5,0.0,0,349.0,0.0,0.0,0.0,0.0,0.0,2
2023-05-10 21:00:07,p2311-C-7300,p2311-C-7300,349.0,0.0,0.0,0.0,10,1.0,0.0,0,349.0,0.0,0.0,0.0,0.0,0.0,2
2023-05-10 21:00:34,p2311-C-7300,p2311-C-7300,349.0,0.0,0.0,0.0,1,58.5,0.0,0,349.0,0.0,0.0,0.0,0.0,0.0,2
2023-05-10 21:00:34,p2311-C-7300,p2311-C-7300,349.0,0.0,0.0,0.0,10,59.0,0.0,0,349.0,0.0,0.0,0.0,0.0,0.0,2
2023-05-10 21:01:11,p2311-C-7300,p2311-C-7300,349.0,0.0,0.0,0.0,1,59.5,0.0,0,349.0,0.0,0.0,0.0,0.0,0.0,2
2023-05-10 21:01:11,p2311-C-7300,p2311-C-7300,349.0,0.0,0.0,0.0,10,60.0,0.0,0,349.0,0.0,0.0,0.0,0.0,0.0,2
2023-05-10 21:01:53,p2311-C-7300,p2311-C-7300,349.0,0.0,0.0,0.0,1,60.5,0.0,0,349.0,0.0,0.0,0.0,0.0,0.0,2
2023-05-10 21:01:53,p2311-C-7300,p2311-C-7300,349.0,0.0,0.0,0.0,10,61.0,0.0,0,349.0,0.0,0.0,0.0,0.0,0.0,2
2023-05-10 21:14:41,p2311-C-7300,p2311-C-7300,349.0,0.0,0.0,0.0,1,61.5,0.0,0,349.0,0.0,0.0,0.0,0.0,0.0,2
2023-05-10 21:14:42,p2311-C-7300,p2311-C-7300,349.0,0.0,0.0,0.0,10,62.0,0.0,0,349.0,0.0,0.0,0.0,0.0,0.0,2
2023-05-10 21:14:44,p2311-C-7300,p2311-C-7300,349.0,0.0,0.0,0.0,1,60.5,0.0,0,349.0,0.0,0.0,0.0,0.0,0.0,2
2023-05-10 21:14:44,p2311-C-7300,p2311-C-7300,349.0,0.0,0.0,0.0,10,61.0,0.0,0,349.0,0.0,0.0,0.0,0.0,0.0,2
2023-05-10 21:16:02,p2311-C-7300,p2311-C-7300,349.0,0.0,0.0,0.0,1,61.5,0.0,0,349.0,0.0,0.0,0.0,0.0,0.0,2
2023-05-10 21:16:02,p2311-C-7300,p2311-C-7300,349.0,0.0,0.0,0.0,10,62.0,0.0,0,349.0,0.0,0.0,0.0,0.0,0.0,2
2023-05-10 21:16:18,p2311-C-7300,p2311-C-7300,349.0,0.0,0.0,0.0,1,62.5,0.0,0,349.0,0.0,0.0,0.0,0.0,0.0,2
2023-05-10 21:16:19,p2311-C-7300,p2311-C-7300,349.0,0.0,0.0,0.0,10,63.0,0.0,0,349.0,0.0,0.0,0.0,0.0,0.0,2
2023-05-10 21:16:22,p2311-C-7300,p2311-C-7300,349.0,0.0,0.0,0.0,1,63.5,0.0,0,349.0,0.0,0.0,0.0,0.0,0.0,2
2023-05-10 21:16:22,p2311-C-7300,p2311-C-7300,349.0,0.0,0.0,0.0,10,64.0,0.0,0,349.0,0.0,0.0,0.0,0.0,0.0,2
2023-05-10 21:18:20,p2311-C-7300,p2311-C-7300,349.0,0.0,0.0,0.0,1,64.5,0.0,0,349.0,0.0,0.0,0.0,0.0,0.0,2
2023-05-10 21:18:21,p2311-C-7300,p2311-C-7300,349.0,0.0,0.0,0.0,10,65.0,0.0,0,349.0,0.0,0.0,0.0,0.0,0.0,2
2023-05-10 21:18:22,p2311-C-7300,p2311-C-7300,349.0,0.0,0.0,0.0,1,65.5,0.0,0,349.0,0.0,0.0,0.0,0.0,0.0,2
2023-05-10 21:18:22,p2311-C-7300,p2311-C-7300,349.0,0.0,0.0,0.0,10,66.0,0.0,0,349.0,0.0,0.0,0.0,0.0,0.0,2
2023-05-10 21:18:24,p2311-C-7300,p2311-C-7300,349.0,0.0,0.0,0.0,1,60.5,0.0,0,349.0,0.0,0.0,0.0,0.0,0.0,2
2023-05-10 21:18:24,p2311-C-7300,p2311-C-7300,349.0,0.0,0.0,0.0,10,61.0,0.0,0,349.0,0.0,0.0,0.0,0.0,0.0,2
2023-05-10 21:18:25,p2311-C-7300,p2311-C-7300,349.0,0.0,0.0,0.0,1,60.5,0.0,0,349.0,0.0,0.0,0.0,0.0,0.0,2
2023-05-10 21:18:25,p2311-C-7300,p2311-C-7300,349.0,0.0,0.0,0.0,10,61.0,0.0,0,349.0,0.0,0.0,0.0,0.0,0.0,2
2023-05-10 21:18:27,p2311-C-7300,p2311-C-7300,349.0,0.0,0.0,0.0,1,64.5,0.0,0,349.0,0.0,0.0,0.0,0.0,0.0,2
2023-05-10 21:18:27,p2311-C-7300,p2311-C-7300,349.0,0.0,0.0,0.0,10,65.0,0.0,0,349.0,0.0,0.0,0.0,0.0,0.0,2
2023-05-10 21:18:28,p2311-C-7300,p2311-C-7300,349.0,0.0,0.0,0.0,1,68.5,0.0,0,349.0,0.0,0.0,0.0,0.0,0.0,2
2023-05-10 21:18:29,p2311-C-7300,p2311-C-7300,349.0,0.0,0.0,0.0,10,69.0,0.0,0,349.0,0.0,0.0,0.0,0.0,0.0,2
2023-05-10 21:18:30,p2311-C-7300,p2311-C-7300,349.0,0.0,0.0,0.0,1,60.5,0.0,0,349.0,0.0,0.0,0.0,0.0,0.0,2
2023-05-10 21:18:30,p2311-C-7300,p2311-C-7300,349.0,0.0,0.0,0.0,10,61.0,0.0,0,349.0,0.0,0.0,0.0,0.0,0.0,2
2023-05-10 21:18:32,p2311-C-7300,p2311-C-7300,349.0,0.0,0.0,0.0,1,60.5,0.0,0,349.0,0.0,0.0,0.0,0.0,0.0,2
2023-05-10 21:18:32,p2311-C-7300,p2311-C-7300,349.0,0.0,0.0,0.0,10,61.0,0.0,0,349.0,0.0,0.0,0.0,0.0,0.0,2
2023-05-10 21:18:34,p2311-C-7300,p2311-C-7300,349.0,0.0,0.0,0.0,1,67.5,0.0,0,349.0,0.0,0.0,0.0,0.0,0.0,2
2023-05-10 21:18:34,p2311-C-7300,p2311-C-7300,349.0,0.0,0.0,0.0,10,68.0,0.0,0,349.0,0.0,0.0,0.0,0.0,0.0,2
2023-05-10 21:18:36,p2311-C-7300,p2311-C-7300,349.0,0.0,0.0,0.0,1,60.5,0.0,0,349.0,0.0,0.0,0.0,0.0,0.0,2
2023-05-10 21:18:36,p2311-C-7300,p2311-C-7300,349.0,0.0,0.0,0.0,10,61.0,0.0,0,349.0,0.0,0.0,0.0,0.0,0.0,2
2023-05-10 21:18:38,p2311-C-7300,p2311-C-7300,349.0,0.0,0.0,0.0,1,60.5,0.0,0,349.0,0.0,0.0,0.0,0.0,0.0,2
2023-05-10 21:18:38,p2311-C-7300,p2311-C-7300,349.0,0.0,0.0,0.0,10,61.0,0.0,0,349.0,0.0,0.0,0.0,0.0,0.0,2
2023-05-10 21:18:39,p2311-C-7300,p2311-C-7300,349.0,0.0,0.0,0.0,1,60.5,0.0,0,349.0,0.0,0.0,0.0,0.0,0.0,2
2023-05-10 21:18:40,p2311-C-7300,p2311-C-7300,349.0,0.0,0.0,0.0,11,61.0,0.0,0,349.0,0.0,0.0,0.0,0.0,0.0,2
2023-05-10 21:18:40,p2311-C-7300,p2311-C-7300,349.0,0.0,0.0,0.0,10,61.0,0.0,0,349.0,0.0,0.0,0.0,0.0,0.0,2
2023-05-10 21:18:41,p2311-C-7300,p2311-C-7300,349.0,0.0,0.0,0.0,1,67.5,0.0,0,349.0,0.0,0.0,0.0,0.0,0.0,2
2023-05-10 21:18:41,p2311-C-7300,p2311-C-7300,349.0,0.0,0.0,0.0,10,68.0,0.0,0,349.0,0.0,0.0,0.0,0.0,0.0,2
2023-05-10 21:18:42,p2311-C-7300,p2311-C-7300,349.0,0.0,0.0,0.0,1,60.5,0.0,0,349.0,0.0,0.0,0.0,0.0,0.0,2
2023-05-10 21:18:42,p2311-C-7300,p2311-C-7300,349.0,0.0,0.0,0.0,10,61.0,0.0,0,349.0,0.0,0.0,0.0,0.0,0.0,2
2023-05-10 21:18:44,p2311-C-7300,p2311-C-7300,349.0,0.0,0.0,0.0,1,67.5,0.0,0,349.0,0.0,0.0,0.0,0.0,0.0,2
2023-05-10 21:18:44,p2311-C-7300,p2311-C-7300,349.0,0.0,0.0,0.0,10,68.0,0.0,0,349.0,0.0,0.0,0.0,0.0,0.0,2
2023-05-10 21:18:45,p2311-C-7300,p2311-C-7300,349.0,0.0,0.0,0.0,1,60.5,0.0,0,349.0,0.0,0.0,0.0,0.0,0.0,2
2023-05-10 21:18:45,p2311-C-7300,p2311-C-7300,349.0,0.0,0.0,0.0,10,61.0,0.0,0,349.0,0.0,0.0,0.0,0.0,0.0,2
2023-05-10 21:18:47,p2311-C-7300,p2311-C-7300,349.0,0.0,0.0,0.0,1,67.5,0.0,0,349.0,0.0,0.0,0.0,0.0,0.0,2
2023-05-10 21:18:47,p2311-C-7300,p2311-C-7300,349.0,0.0,0.0,0.0,10,68.0,0.0,0,349.0,0.0,0.0,0.0,0.0,0.0,2
2023-05-10 21:18:48,p2311-C-7300,p2311-C-7300,349.0,0.0,0.0,0.0,1,74.5,0.0,0,349.0,0.0,0.0,0.0,0.0,0.0,2
2023-05-10 21:18:48,p2311-C-7300,p2311-C-7300,349.0,0.0,0.0,0.0,10,75.0,0.0,0,349.0,0.0,0.0,0.0,0.0,0.0,2
2023-05-10 21:18:50,p2311-C-7300,p2311-C-7300,349.0,0.0,0.0,0.0,1,78.5,0.0,0,349.0,0.0,0.0,0.0,0.0,0.0,2
2023-05-10 21:18:50,p2311-C-7300,p2311-C-7300,349.0,0.0,0.0,0.0,10,79.0,0.0,0,349.0,0.0,0.0,0.0,0.0,0.0,2
2023-05-10 21:18:52,p2311-C-7300,p2311-C-7300,349.0,0.0,0.0,0.0,1,60.5,0.0,0,349.0,0.0,0.0,0.0,0.0,0.0,2
2023-05-10 21:18:52,p2311-C-7300,p2311-C-7300,349.0,0.0,0.0,0.0,10,61.0,0.0,0,349.0,0.0,0.0,0.0,0.0,0.0,2
2023-05-10 21:18:53,p2311-C-7300,p2311-C-7300,349.0,0.0,0.0,0.0,1,67.5,0.0,0,349.0,0.0,0.0,0.0,0.0,0.0,2
2023-05-10 21:18:54,p2311-C-7300,p2311-C-7300,349.0,0.0,0.0,0.0,11,68.0,0.0,0,349.0,0.0,0.0,0.0,0.0,0.0,2
2023-05-10 21:18:54,p2311-C-7300,p2311-C-7300,349.0,0.0,0.0,0.0,10,68.0,0.0,0,349.0,0.0,0.0,0.0,0.0,0.0,2
2023-05-10 21:18:55,p2311-C-7300,p2311-C-7300,349.0,0.0,0.0,0.0,1,74.5,0.0,0,349.0,0.0,0.0,0.0,0.0,0.0,2
2023-05-10 21:18:55,p2311-C-7300,p2311-C-7300,349.0,0.0,0.0,0.0,10,75.0,0.0,0,349.0,0.0,0.0,0.0,0.0,0.0,2
2023-05-10 21:18:56,p2311-C-7300,p2311-C-7300,349.0,0.0,0.0,0.0,1,81.5,0.0,0,349.0,0.0,0.0,0.0,0.0,0.0,2
2023-05-10 21:18:57,p2311-C-7300,p2311-C-7300,349.0,0.0,0.0,0.0,10,82.0,0.0,0,349.0,0.0,0.0,0.0,0.0,0.0,2
2023-05-10 21:18:58,p2311-C-7300,p2311-C-7300,349.0,0.0,0.0,0.0,1,85.5,0.0,0,349.0,0.0,0.0,0.0,0.0,0.0,2
2023-05-10 21:18:58,p2311-C-7300,p2311-C-7300,349.0,0.0,0.0,0.0,10,86.0,0.0,0,349.0,0.0,0.0,0.0,0.0,0.0,2
2023-05-10 21:18:59,p2311-C-7300,p2311-C-7300,349.0,0.0,0.0,0.0,1,86.5,0.0,0,349.0,0.0,0.0,0.0,0.0,0.0,2
2023-05-10 21:18:59,p2311-C-7300,p2311-C-7300,349.0,0.0,0.0,0.0,10,87.0,0.0,0,349.0,0.0,0.0,0.0,0.0,0.0,2
2023-05-10 21:19:00,p2311-C-7300,p2311-C-7300,349.0,0.0,0.0,0.0,1,87.5,0.0,0,349.0,0.0,0.0,0.0,0.0,0.0,2
2023-05-10 21:19:01,p2311-C-7300,p2311-C-7300,349.0,0.0,0.0,0.0,10,88.0,0.0,0,349.0,0.0,0.0,0.0,0.0,0.0,2
2023-05-10 21:19:02,p2311-C-7300,p2311-C-7300,349.0,0.0,0.0,0.0,1,60.5,0.0,0,349.0,0.0,0.0,0.0,0.0,0.0,2
2023-05-10 21:19:03,p2311-C-7300,p2311-C-7300,349.0,0.0,0.0,0.0,11,61.0,0.0,0,349.0,0.0,0.0,0.0,0.0,0.0,2
2023-05-10 21:19:03,p2311-C-7300,p2311-C-7300,349.0,0.0,0.0,0.0,10,61.0,0.0,0,349.0,0.0,0.0,0.0,0.0,0.0,2
2023-05-10 21:19:04,p2311-C-7300,p2311-C-7300,349.0,0.0,0.0,0.0,1,67.5,0.0,0,349.0,0.0,0.0,0.0,0.0,0.0,2
2023-05-10 21:19:04,p2311-C-7300,p2311-C-7300,349.0,0.0,0.0,0.0,10,68.0,0.0,0,349.0,0.0,0.0,0.0,0.0,0.0,2
2023-05-10 21:19:05,p2311-C-7300,p2311-C-7300,349.0,0.0,0.0,0.0,1,74.5,0.0,0,349.0,0.0,0.0,0.0,0.0,0.0,2
2023-05-10 21:19:05,p2311-C-7300,p2311-C-7300,349.0,0.0,0.0,0.0,10,75.0,0.0,0,349.0,0.0,0.0,0.0,0.0,0.0,2
2023-05-10 21:19:06,p2311-C-7300,p2311-C-7300,349.0,0.0,0.0,0.0,1,75.5,0.0,0,349.0,0.0,0.0,0.0,0.0,0.0,2
2023-05-10 21:19:07,p2311-C-7300,p2311-C-7300,349.0,0.0,0.0,0.0,10,76.0,0.0,0,349.0,0.0,0.0,0.0,0.0,0.0,2
2023-05-10 21:19:08,p2311-C-7300,p2311-C-7300,349.0,0.0,0.0,0.0,1,76.5,0.0,0,349.0,0.0,0.0,0.0,0.0,0.0,2
2023-05-10 21:19:08,p2311-C-7300,p2311-C-7300,349.0,0.0,0.0,0.0,10,77.0,0.0,0,349.0,0.0,0.0,0.0,0.0,0.0,2
2023-05-10 21:19:09,p2311-C-7300,p2311-C-7300,349.0,0.0,0.0,0.0,1,83.5,0.0,0,349.0,0.0,0.0,0.0,0.0,0.0,2
2023-05-10 21:19:09,p2311-C-7300,p2311-C-7300,349.0,0.0,0.0,0.0,10,84.0,0.0,0,349.0,0.0,0.0,0.0,0.0,0.0,2
2023-05-10 21:19:10,p2311-C-7300,p2311-C-7300,349.0,0.0,0.0,0.0,1,60.5,0.0,0,349.0,0.0,0.0,0.0,0.0,0.0,2
2023-05-10 21:19:11,p2311-C-7300,p2311-C-7300,349.0,0.0,0.0,0.0,1,64.0,0.0,0,349.0,0.0,0.0,0.0,0.0,0.0,2
2023-05-10 21:19:11,p2311-C-7300,p2311-C-7300,349.0,0.0,0.0,0.0,1,70.5,0.0,0,349.0,0.0,0.0,0.0,0.0,0.0,2
2023-05-10 21:19:12,p2311-C-7300,p2311-C-7300,349.0,0.0,0.0,0.0,1,77.0,0.0,0,349.0,0.0,0.0,0.0,0.0,0.0,2
2023-05-10 21:19:12,p2311-C-7300,p2311-C-7300,349.0,0.0,0.0,0.0,10,77.5,0.0,0,349.0,0.0,0.0,0.0,0.0,0.0,2
2023-05-10 21:19:13,p2311-C-7300,p2311-C-7300,349.0,0.0,0.0,0.0,1,60.5,0.0,0,349.0,0.0,0.0,0.0,0.0,0.0,2
2023-05-10 21:19:13,p2311-C-7300,p2311-C-7300,349.0,0.0,0.0,0.0,10,61.0,0.0,0,349.0,0.0,0.0,0.0,0.0,0.0,2
2023-05-10 21:19:14,p2311-C-7300,p2311-C-7300,349.0,0.0,0.0,0.0,1,60.5,0.0,0,349.0,0.0,0.0,0.0,0.0,0.0,2
2023-05-10 21:19:14,p2311-C-7300,p2311-C-7300,349.0,0.0,0.0,0.0,10,61.0,0.0,0,349.0,0.0,0.0,0.0,0.0,0.0,2
2023-05-10 21:19:15,p2311-C-7300,p2311-C-7300,349.0,0.0,0.0,0.0,1,60.5,0.0,0,349.0,0.0,0.0,0.0,0.0,0.0,2
2023-05-10 21:19:16,p2311-C-7300,p2311-C-7300,349.0,0.0,0.0,0.0,1,67.0,0.0,0,349.0,0.0,0.0,0.0,0.0,0.0,2
2023-05-10 21:19:17,p2311-C-7300,p2311-C-7300,349.0,0.0,0.0,0.0,1,60.5,0.0,0,349.0,0.0,0.0,0.0,0.0,0.0,2
2023-05-10 21:19:18,p2311-C-7300,p2311-C-7300,349.0,0.0,0.0,0.0,1,67.0,0.0,0,349.0,0.0,0.0,0.0,0.0,0.0,2
2023-05-10 21:19:18,p2311-C-7300,p2311-C-7300,349.0,0.0,0.0,0.0,1,73.5,0.0,0,349.0,0.0,0.0,0.0,0.0,0.0,2
2023-05-10 21:19:19,p2311-C-7300,p2311-C-7300,349.0,0.0,0.0,0.0,1,80.0,0.0,0,349.0,0.0,0.0,0.0,0.0,0.0,2
2023-05-10 21:19:19,p2311-C-7300,p2311-C-7300,349.0,0.0,0.0,0.0,10,80.5,0.0,0,349.0,0.0,0.0,0.0,0.0,0.0,2
2023-05-10 21:19:20,p2311-C-7300,p2311-C-7300,349.0,0.0,0.0,0.0,1,60.5,0.0,0,349.0,0.0,0.0,0.0,0.0,0.0,2
2023-05-10 21:19:20,p2311-C-7300,p2311-C-7300,349.0,0.0,0.0,0.0,10,61.0,0.0,0,349.0,0.0,0.0,0.0,0.0,0.0,2
2023-05-10 21:19:21,p2311-C-7300,p2311-C-7300,349.0,0.0,0.0,0.0,1,67.5,0.0,0,349.0,0.0,0.0,0.0,0.0,0.0,2
2023-05-10 21:19:21,p2311-C-7300,p2311-C-7300,349.0,0.0,0.0,0.0,1,74.0,0.0,0,349.0,0.0,0.0,0.0,0.0,0.0,2
2023-05-10 21:19:22,p2311-C-7300,p2311-C-7300,349.0,0.0,0.0,0.0,10,74.5,0.0,0,349.0,0.0,0.0,0.0,0.0,0.0,2
2023-05-10 21:19:22,p2311-C-7300,p2311-C-7300,349.0,0.0,0.0,0.0,1,81.0,0.0,0,349.0,0.0,0.0,0.0,0.0,0.0,2
2023-05-10 21:19:23,p2311-C-7300,p2311-C-7300,349.0,0.0,0.0,0.0,1,60.5,0.0,0,349.0,0.0,0.0,0.0,0.0,0.0,2
2023-05-10 21:19:24,p2311-C-7300,p2311-C-7300,349.0,0.0,0.0,0.0,1,67.0,0.0,0,349.0,0.0,0.0,0.0,0.0,0.0,2
2023-05-10 21:19:24,p2311-C-7300,p2311-C-7300,349.0,0.0,0.0,0.0,1,60.5,0.0,0,349.0,0.0,0.0,0.0,0.0,0.0,2
2023-05-10 21:19:26,p2311-C-7300,p2311-C-7300,349.0,0.0,0.0,0.0,1,67.0,0.0,0,349.0,0.0,0.0,0.0,0.0,0.0,2
2023-05-10 21:19:26,p2311-C-7300,p2311-C-7300,349.0,0.0,0.0,0.0,1,73.5,0.0,0,349.0,0.0,0.0,0.0,0.0,0.0,2
2023-05-10 21:19:27,p2311-C-7300,p2311-C-7300,349.0,0.0,0.0,0.0,10,74.0,0.0,0,349.0,0.0,0.0,0.0,0.0,0.0,2
2023-05-10 21:19:27,p2311-C-7300,p2311-C-7300,349.0,0.0,0.0,0.0,1,60.5,0.0,0,349.0,0.0,0.0,0.0,0.0,0.0,2
2023-05-10 21:19:28,p2311-C-7300,p2311-C-7300,349.0,0.0,0.0,0.0,1,67.0,0.0,0,349.0,0.0,0.0,0.0,0.0,0.0,2
2023-05-10 21:19:28,p2311-C-7300,p2311-C-7300,349.0,0.0,0.0,0.0,10,67.5,0.0,0,349.0,0.0,0.0,0.0,0.0,0.0,2
2023-05-10 21:19:29,p2311-C-7300,p2311-C-7300,349.0,0.0,0.0,0.0,1,74.0,0.0,0,349.0,0.0,0.0,0.0,0.0,0.0,2
2023-05-10 21:19:30,p2311-C-7300,p2311-C-7300,349.0,0.0,0.0,0.0,1,77.5,0.0,0,349.0,0.0,0.0,0.0,0.0,0.0,2
2023-05-10 21:19:30,p2311-C-7300,p2311-C-7300,349.0,0.0,0.0,0.0,1,84.0,0.0,0,349.0,0.0,0.0,0.0,0.0,0.0,2
2023-05-10 21:19:31,p2311-C-7300,p2311-C-7300,349.0,0.0,0.0,0.0,1,87.5,0.0,0,349.0,0.0,0.0,0.0,0.0,0.0,2
2023-05-10 21:19:31,p2311-C-7300,p2311-C-7300,349.0,0.0,0.0,0.0,10,88.0,0.0,0,349.0,0.0,0.0,0.0,0.0,0.0,2
2023-05-10 21:19:32,p2311-C-7300,p2311-C-7300,349.0,0.0,0.0,0.0,1,94.0,0.0,0,349.0,0.0,0.0,0.0,0.0,0.0,2
2023-05-10 21:19:32,p2311-C-7300,p2311-C-7300,349.0,0.0,0.0,0.0,10,94.5,0.0,0,349.0,0.0,0.0,0.0,0.0,0.0,2
2023-05-10 21:19:33,p2311-C-7300,p2311-C-7300,349.0,0.0,0.0,0.0,1,60.5,0.0,0,349.0,0.0,0.0,0.0,0.0,0.0,2
2023-05-10 21:19:34,p2311-C-7300,p2311-C-7300,349.0,0.0,0.0,0.0,10,61.0,0.0,0,349.0,0.0,0.0,0.0,0.0,0.0,2
2023-05-10 21:19:34,p2311-C-7300,p2311-C-7300,349.0,0.0,0.0,0.0,1,67.0,0.0,0,349.0,0.0,0.0,0.0,0.0,0.0,2
2023-05-10 21:19:35,p2311-C-7300,p2311-C-7300,349.0,0.0,0.0,0.0,11,67.5,0.0,0,349.0,0.0,0.0,0.0,0.0,0.0,2
2023-05-10 21:19:35,p2311-C-7300,p2311-C-7300,349.0,0.0,0.0,0.0,1,74.0,0.0,0,349.0,0.0,0.0,0.0,0.0,0.0,2
2023-05-10 21:19:36,p2311-C-7300,p2311-C-7300,349.0,0.0,0.0,0.0,10,74.5,0.0,0,349.0,0.0,0.0,0.0,0.0,0.0,2
2023-05-10 21:19:36,p2311-C-7300,p2311-C-7300,349.0,0.0,0.0,0.0,1,60.5,0.0,0,349.0,0.0,0.0,0.0,0.0,0.0,2
2023-05-10 21:19:37,p2311-C-7300,p2311-C-7300,349.0,0.0,0.0,0.0,1,67.0,0.0,0,349.0,0.0,0.0,0.0,0.0,0.0,2
2023-05-10 21:19:38,p2311-C-7300,p2311-C-7300,349.0,0.0,0.0,0.0,10,67.5,0.0,0,349.0,0.0,0.0,0.0,0.0,0.0,2
2023-05-10 21:19:38,p2311-C-7300,p2311-C-7300,349.0,0.0,0.0,0.0,1,73.5,0.0,0,349.0,0.0,0.0,0.0,0.0,0.0,2
2023-05-10 21:19:39,p2311-C-7300,p2311-C-7300,349.0,0.0,0.0,0.0,11,74.0,0.0,0,349.0,0.0,0.0,0.0,0.0,0.0,2
2023-05-10 21:19:39,p2311-C-7300,p2311-C-7300,349.0,0.0,0.0,0.0,1,80.5,0.0,0,349.0,0.0,0.0,0.0,0.0,0.0,2
2023-05-10 21:19:40,p2311-C-7300,p2311-C-7300,349.0,0.0,0.0,0.0,10,81.0,0.0,0,349.0,0.0,0.0,0.0,0.0,0.0,2
2023-05-10 21:19:40,p2311-C-7300,p2311-C-7300,349.0,0.0,0.0,0.0,1,60.5,0.0,0,349.0,0.0,0.0,0.0,0.0,0.0,2
2023-05-10 21:19:41,p2311-C-7300,p2311-C-7300,349.0,0.0,0.0,0.0,1,67.0,0.0,0,349.0,0.0,0.0,0.0,0.0,0.0,2
2023-05-10 21:19:41,p2311-C-7300,p2311-C-7300,349.0,0.0,0.0,0.0,1,73.5,0.0,0,349.0,0.0,0.0,0.0,0.0,0.0,2
2023-05-10 21:19:42,p2311-C-7300,p2311-C-7300,349.0,0.0,0.0,0.0,11,74.0,0.0,0,349.0,0.0,0.0,0.0,0.0,0.0,2
2023-05-10 21:19:42,p2311-C-7300,p2311-C-7300,349.0,0.0,0.0,0.0,1,80.5,0.0,0,349.0,0.0,0.0,0.0,0.0,0.0,2
2023-05-10 21:19:43,p2311-C-7300,p2311-C-7300,349.0,0.0,0.0,0.0,10,81.0,0.0,0,349.0,0.0,0.0,0.0,0.0,0.0,2
2023-05-10 21:19:43,p2311-C-7300,p2311-C-7300,349.0,0.0,0.0,0.0,1,60.5,0.0,0,349.0,0.0,0.0,0.0,0.0,0.0,2
2023-05-10 21:19:43,p2311-C-7300,p2311-C-7300,349.0,0.0,0.0,0.0,10,61.0,0.0,0,349.0,0.0,0.0,0.0,0.0,0.0,2
2023-05-10 21:19:44,p2311-C-7300,p2311-C-7300,349.0,0.0,0.0,0.0,1,67.0,0.0,0,349.0,0.0,0.0,0.0,0.0,0.0,2
2023-05-10 21:19:45,p2311-C-7300,p2311-C-7300,349.0,0.0,0.0,0.0,1,73.5,0.0,0,349.0,0.0,0.0,0.0,0.0,0.0,2
2023-05-10 21:19:45,p2311-C-7300,p2311-C-7300,349.0,0.0,0.0,0.0,10,74.0,0.0,0,349.0,0.0,0.0,0.0,0.0,0.0,2
2023-05-10 21:19:46,p2311-C-7300,p2311-C-7300,349.0,0.0,0.0,0.0,1,80.5,0.0,0,349.0,0.0,0.0,0.0,0.0,0.0,2
2023-05-10 21:19:47,p2311-C-7300,p2311-C-7300,349.0,0.0,0.0,0.0,10,81.0,0.0,0,349.0,0.0,0.0,0.0,0.0,0.0,2
2023-05-10 21:19:47,p2311-C-7300,p2311-C-7300,349.0,0.0,0.0,0.0,1,87.5,0.0,0,349.0,0.0,0.0,0.0,0.0,0.0,2
2023-05-10 21:19:47,p2311-C-7300,p2311-C-7300,349.0,0.0,0.0,0.0,10,88.0,0.0,0,349.0,0.0,0.0,0.0,0.0,0.0,2
2023-05-10 21:19:49,p2311-C-7300,p2311-C-7300,349.0,0.0,0.0,0.0,1,94.5,0.0,0,349.0,0.0,0.0,0.0,0.0,0.0,2
2023-05-10 21:19:49,p2311-C-7300,p2311-C-7300,349.0,0.0,0.0,0.0,10,95.0,0.0,0,349.0,0.0,0.0,0.0,0.0,0.0,2
2023-05-10 21:19:50,p2311-C-7300,p2311-C-7300,349.0,0.0,0.0,0.0,1,101.5,0.0,0,349.0,0.0,0.0,0.0,0.0,0.0,2
2023-05-10 21:19:50,p2311-C-7300,p2311-C-7300,349.0,0.0,0.0,0.0,1,105.0,0.0,0,349.0,0.0,0.0,0.0,0.0,0.0,2
2023-05-10 21:19:51,p2311-C-7300,p2311-C-7300,349.0,0.0,0.0,0.0,10,105.5,0.0,0,349.0,0.0,0.0,0.0,0.0,0.0,2
2023-05-10 21:19:51,p2311-C-7300,p2311-C-7300,349.0,0.0,0.0,0.0,1,112.0,0.0,0,349.0,0.0,0.0,0.0,0.0,0.0,2
2023-05-10 21:19:52,p2311-C-7300,p2311-C-7300,349.0,0.0,0.0,0.0,10,112.5,0.0,0,349.0,0.0,0.0,0.0,0.0,0.0,2
2023-05-10 21:19:53,p2311-C-7300,p2311-C-7300,349.0,0.0,0.0,0.0,1,119.0,0.0,0,349.0,0.0,0.0,0.0,0.0,0.0,2
2023-05-10 21:19:53,p2311-C-7300,p2311-C-7300,349.0,0.0,0.0,0.0,10,119.5,0.0,0,349.0,0.0,0.0,0.0,0.0,0.0,2
2023-05-10 21:19:55,p2311-C-7300,p2311-C-7300,349.0,0.0,0.0,0.0,1,60.5,0.0,0,349.0,0.0,0.0,0.0,0.0,0.0,2
2023-05-10 21:19:55,p2311-C-7300,p2311-C-7300,349.0,0.0,0.0,0.0,1,67.0,0.0,0,349.0,0.0,0.0,0.0,0.0,0.0,2
2023-05-10 21:19:55,p2311-C-7300,p2311-C-7300,349.0,0.0,0.0,0.0,10,67.5,0.0,0,349.0,0.0,0.0,0.0,0.0,0.0,2
2023-05-10 21:19:57,p2311-C-7300,p2311-C-7300,349.0,0.0,0.0,0.0,1,74.0,0.0,0,349.0,0.0,0.0,0.0,0.0,0.0,2
2023-05-10 21:19:57,p2311-C-7300,p2311-C-7300,349.0,0.0,0.0,0.0,10,74.5,0.0,0,349.0,0.0,0.0,0.0,0.0,0.0,2
2023-05-10 21:19:58,p2311-C-7300,p2311-C-7300,349.0,0.0,0.0,0.0,1,75.0,0.0,0,349.0,0.0,0.0,0.0,0.0,0.0,2
2023-05-10 21:19:58,p2311-C-7300,p2311-C-7300,349.0,0.0,0.0,0.0,10,75.5,0.0,0,349.0,0.0,0.0,0.0,0.0,0.0,2
2023-05-10 21:20:00,p2311-C-7300,p2311-C-7300,349.0,0.0,0.0,0.0,1,76.0,0.0,0,349.0,0.0,0.0,0.0,0.0,0.0,2
2023-05-10 21:20:00,p2311-C-7300,p2311-C-7300,349.0,0.0,0.0,0.0,10,76.5,0.0,0,349.0,0.0,0.0,0.0,0.0,0.0,2
2023-05-10 21:20:01,p2311-C-7300,p2311-C-7300,349.0,0.0,0.0,0.0,1,77.0,0.0,0,349.0,0.0,0.0,0.0,0.0,0.0,2
2023-05-10 21:20:01,p2311-C-7300,p2311-C-7300,349.0,0.0,0.0,0.0,10,77.5,0.0,0,349.0,0.0,0.0,0.0,0.0,0.0,2
2023-05-10 21:20:03,p2311-C-7300,p2311-C-7300,349.0,0.0,0.0,0.0,1,84.0,0.0,0,349.0,0.0,0.0,0.0,0.0,0.0,2
2023-05-10 21:20:03,p2311-C-7300,p2311-C-7300,349.0,0.0,0.0,0.0,10,84.5,0.0,0,349.0,0.0,0.0,0.0,0.0,0.0,2
2023-05-10 21:20:04,p2311-C-7300,p2311-C-7300,349.0,0.0,0.0,0.0,1,60.5,0.0,0,349.0,0.0,0.0,0.0,0.0,0.0,2
2023-05-10 21:20:04,p2311-C-7300,p2311-C-7300,349.0,0.0,0.0,0.0,1,88.0,0.0,0,349.0,0.0,0.0,0.0,0.0,0.0,2
2023-05-10 21:20:04,p2311-C-7300,p2311-C-7300,349.0,0.0,0.0,0.0,10,88.5,0.0,0,349.0,0.0,0.0,0.0,0.0,0.0,2
2023-05-10 21:20:05,p2311-C-7300,p2311-C-7300,349.0,0.0,0.0,0.0,1,89.0,0.0,0,349.0,0.0,0.0,0.0,0.0,0.0,2
2023-05-10 21:20:05,p2311-C-7300,p2311-C-7300,349.0,0.0,0.0,0.0,10,89.5,0.0,0,349.0,0.0,0.0,0.0,0.0,0.0,2
2023-05-10 21:20:07,p2311-C-7300,p2311-C-7300,349.0,0.0,0.0,0.0,1,96.0,0.0,0,349.0,0.0,0.0,0.0,0.0,0.0,2
2023-05-10 21:20:07,p2311-C-7300,p2311-C-7300,349.0,0.0,0.0,0.0,10,96.5,0.0,0,349.0,0.0,0.0,0.0,0.0,0.0,2
2023-05-10 21:20:08,p2311-C-7300,p2311-C-7300,349.0,0.0,0.0,0.0,1,103.0,0.0,0,349.0,0.0,0.0,0.0,0.0,0.0,2
2023-05-10 21:20:08,p2311-C-7300,p2311-C-7300,349.0,0.0,0.0,0.0,10,103.5,0.0,0,349.0,0.0,0.0,0.0,0.0,0.0,2
2023-05-10 21:20:09,p2311-C-7300,p2311-C-7300,349.0,0.0,0.0,0.0,1,60.5,0.0,0,349.0,0.0,0.0,0.0,0.0,0.0,2
2023-05-10 21:20:10,p2311-C-7300,p2311-C-7300,349.0,0.0,0.0,0.0,1,104.0,0.0,0,349.0,0.0,0.0,0.0,0.0,0.0,2
2023-05-10 21:20:10,p2311-C-7300,p2311-C-7300,349.0,0.0,0.0,0.0,10,104.5,0.0,0,349.0,0.0,0.0,0.0,0.0,0.0,2
2023-05-10 21:20:11,p2311-C-7300,p2311-C-7300,349.0,0.0,0.0,0.0,1,111.0,0.0,0,349.0,0.0,0.0,0.0,0.0,0.0,2
2023-05-10 21:20:11,p2311-C-7300,p2311-C-7300,349.0,0.0,0.0,0.0,10,111.5,0.0,0,349.0,0.0,0.0,0.0,0.0,0.0,2
2023-05-10 21:20:12,p2311-C-7300,p2311-C-7300,349.0,0.0,0.0,0.0,1,118.0,0.0,0,349.0,0.0,0.0,0.0,0.0,0.0,2
2023-05-10 21:20:12,p2311-C-7300,p2311-C-7300,349.0,0.0,0.0,0.0,10,118.5,0.0,0,349.0,0.0,0.0,0.0,0.0,0.0,2
2023-05-10 21:20:14,p2311-C-7300,p2311-C-7300,349.0,0.0,0.0,0.0,1,125.0,0.0,0,349.0,0.0,0.0,0.0,0.0,0.0,2
2023-05-10 21:20:14,p2311-C-7300,p2311-C-7300,349.0,0.0,0.0,0.0,10,125.5,0.0,0,349.0,0.0,0.0,0.0,0.0,0.0,2
2023-05-10 21:20:15,p2311-C-7300,p2311-C-7300,349.0,0.0,0.0,0.0,1,132.0,0.0,0,349.0,0.0,0.0,0.0,0.0,0.0,2
2023-05-10 21:20:16,p2311-C-7300,p2311-C-7300,349.0,0.0,0.0,0.0,10,132.5,0.0,0,349.0,0.0,0.0,0.0,0.0,0.0,2
2023-05-10 21:20:17,p2311-C-7300,p2311-C-7300,349.0,0.0,0.0,0.0,1,60.5,0.0,0,349.0,0.0,0.0,0.0,0.0,0.0,2
2023-05-10 21:20:17,p2311-C-7300,p2311-C-7300,349.0,0.0,0.0,0.0,1,67.0,0.0,0,349.0,0.0,0.0,0.0,0.0,0.0,2
2023-05-10 21:20:17,p2311-C-7300,p2311-C-7300,349.0,0.0,0.0,0.0,10,67.5,0.0,0,349.0,0.0,0.0,0.0,0.0,0.0,2
2023-05-10 21:20:19,p2311-C-7300,p2311-C-7300,349.0,0.0,0.0,0.0,1,74.0,0.0,0,349.0,0.0,0.0,0.0,0.0,0.0,2
2023-05-10 21:20:19,p2311-C-7300,p2311-C-7300,349.0,0.0,0.0,0.0,10,74.5,0.0,0,349.0,0.0,0.0,0.0,0.0,0.0,2
2023-05-10 21:20:20,p2311-C-7300,p2311-C-7300,349.0,0.0,0.0,0.0,1,81.0,0.0,0,349.0,0.0,0.0,0.0,0.0,0.0,2
2023-05-10 21:20:20,p2311-C-7300,p2311-C-7300,349.0,0.0,0.0,0.0,10,81.5,0.0,0,349.0,0.0,0.0,0.0,0.0,0.0,2
2023-05-10 21:20:22,p2311-C-7300,p2311-C-7300,349.0,0.0,0.0,0.0,1,88.0,0.0,0,349.0,0.0,0.0,0.0,0.0,0.0,2
2023-05-10 21:20:22,p2311-C-7300,p2311-C-7300,349.0,0.0,0.0,0.0,10,88.5,0.0,0,349.0,0.0,0.0,0.0,0.0,0.0,2
2023-05-10 21:20:23,p2311-C-7300,p2311-C-7300,349.0,0.0,0.0,0.0,1,95.0,0.0,0,349.0,0.0,0.0,0.0,0.0,0.0,2
2023-05-10 21:20:23,p2311-C-7300,p2311-C-7300,349.0,0.0,0.0,0.0,10,95.5,0.0,0,349.0,0.0,0.0,0.0,0.0,0.0,2
2023-05-10 21:20:24,p2311-C-7300,p2311-C-7300,349.0,0.0,0.0,0.0,1,102.0,0.0,0,349.0,0.0,0.0,0.0,0.0,0.0,2
2023-05-10 21:20:24,p2311-C-7300,p2311-C-7300,349.0,0.0,0.0,0.0,10,102.5,0.0,0,349.0,0.0,0.0,0.0,0.0,0.0,2
2023-05-10 21:20:26,p2311-C-7300,p2311-C-7300,349.0,0.0,0.0,0.0,1,109.0,0.0,0,349.0,0.0,0.0,0.0,0.0,0.0,2
2023-05-10 21:20:26,p2311-C-7300,p2311-C-7300,349.0,0.0,0.0,0.0,10,109.5,0.0,0,349.0,0.0,0.0,0.0,0.0,0.0,2
2023-05-10 21:20:27,p2311-C-7300,p2311-C-7300,349.0,0.0,0.0,0.0,1,116.0,0.0,0,349.0,0.0,0.0,0.0,0.0,0.0,2
2023-05-10 21:20:27,p2311-C-7300,p2311-C-7300,349.0,0.0,0.0,0.0,10,116.5,0.0,0,349.0,0.0,0.0,0.0,0.0,0.0,2
2023-05-10 21:20:29,p2311-C-7300,p2311-C-7300,349.0,0.0,0.0,0.0,1,123.0,0.0,0,349.0,0.0,0.0,0.0,0.0,0.0,2
2023-05-10 21:20:29,p2311-C-7300,p2311-C-7300,349.0,0.0,0.0,0.0,10,123.5,0.0,0,349.0,0.0,0.0,0.0,0.0,0.0,2
2023-05-10 21:20:30,p2311-C-7300,p2311-C-7300,349.0,0.0,0.0,0.0,1,130.0,0.0,0,349.0,0.0,0.0,0.0,0.0,0.0,2
2023-05-10 21:20:30,p2311-C-7300,p2311-C-7300,349.0,0.0,0.0,0.0,10,130.5,0.0,0,349.0,0.0,0.0,0.0,0.0,0.0,2
2023-05-10 21:20:31,p2311-C-7300,p2311-C-7300,349.0,0.0,0.0,0.0,1,137.0,0.0,0,349.0,0.0,0.0,0.0,0.0,0.0,2
2023-05-10 21:20:31,p2311-C-7300,p2311-C-7300,349.0,0.0,0.0,0.0,10,137.5,0.0,0,349.0,0.0,0.0,0.0,0.0,0.0,2
2023-05-10 21:20:32,p2311-C-7300,p2311-C-7300,349.0,0.0,0.0,0.0,1,141.0,0.0,0,349.0,0.0,0.0,0.0,0.0,0.0,2
2023-05-10 21:20:32,p2311-C-7300,p2311-C-7300,349.0,0.0,0.0,0.0,10,141.5,0.0,0,349.0,0.0,0.0,0.0,0.0,0.0,2
2023-05-10 21:20:33,p2311-C-7300,p2311-C-7300,349.0,0.0,0.0,0.0,1,145.0,0.0,0,349.0,0.0,0.0,0.0,0.0,0.0,2
2023-05-10 21:20:33,p2311-C-7300,p2311-C-7300,349.0,0.0,0.0,0.0,10,145.5,0.0,0,349.0,0.0,0.0,0.0,0.0,0.0,2
2023-05-10 21:20:34,p2311-C-7300,p2311-C-7300,349.0,0.0,0.0,0.0,1,146.0,0.0,0,349.0,0.0,0.0,0.0,0.0,0.0,2
2023-05-10 21:20:34,p2311-C-7300,p2311-C-7300,349.0,0.0,0.0,0.0,10,146.5,0.0,0,349.0,0.0,0.0,0.0,0.0,0.0,2
2023-05-10 21:20:35,p2311-C-7300,p2311-C-7300,349.0,0.0,0.0,0.0,1,147.0,0.0,0,349.0,0.0,0.0,0.0,0.0,0.0,2
2023-05-10 21:20:35,p2311-C-7300,p2311-C-7300,349.0,0.0,0.0,0.0,10,147.5,0.0,0,349.0,0.0,0.0,0.0,0.0,0.0,2
2023-05-10 21:20:36,p2311-C-7300,p2311-C-7300,349.0,0.0,0.0,0.0,1,148.0,0.0,0,349.0,0.0,0.0,0.0,0.0,0.0,2
2023-05-10 21:20:36,p2311-C-7300,p2311-C-7300,349.0,0.0,0.0,0.0,10,148.5,0.0,0,349.0,0.0,0.0,0.0,0.0,0.0,2
2023-05-10 22:57:33,p2311-C-7300,p2311-C-7300,349.0,0.0,0.0,0.0,1,60.5,0.0,0,349.0,0.0,0.0,0.0,0.0,0.0,2
2023-05-10 22:59:16,p2311-C-7300,p2311-C-7300,349.0,0.0,0.0,0.0,10,61.0,0.0,0,349.0,0.0,0.0,0.0,0.0,0.0,2
2023-05-10 22:59:56,p2311-C-7300,p2311-C-7300,349.0,0.0,0.0,0.0,1,60.5,0.0,0,349.0,0.0,0.0,0.0,0.0,0.0,2
2023-05-11 09:00:05,p2311-C-7300,p2311-C-7300,349.0,0.0,0.0,0.0,10,61.0,0.0,0,349.0,0.0,0.0,0.0,0.0,0.0,2
2023-05-11 09:00:42,p2311-C-7300,p2311-C-7300,349.0,0.0,0.0,0.0,1,61.5,0.0,0,349.0,0.0,0.0,0.0,0.0,0.0,2
2023-05-11 09:00:42,p2311-C-7300,p2311-C-7300,349.0,0.0,0.0,0.0,10,62.0,0.0,0,349.0,0.0,0.0,0.0,0.0,0.0,2
2023-05-11 09:06:36,p2311-C-7300,p2311-C-7300,349.0,0.0,0.0,0.0,1,62.5,0.0,0,349.0,0.0,0.0,0.0,0.0,0.0,2
2023-05-11 09:06:37,p2311-C-7300,p2311-C-7300,349.0,0.0,0.0,0.0,10,63.0,0.0,0,349.0,0.0,0.0,0.0,0.0,0.0,2
2023-05-11 09:06:39,p2311-C-7300,p2311-C-7300,349.0,0.0,0.0,0.0,1,63.5,0.0,0,349.0,0.0,0.0,0.0,0.0,0.0,2
2023-05-11 09:06:40,p2311-C-7300,p2311-C-7300,349.0,0.0,0.0,0.0,10,64.0,0.0,0,349.0,0.0,0.0,0.0,0.0,0.0,2
2023-05-11 09:06:42,p2311-C-7300,p2311-C-7300,349.0,0.0,0.0,0.0,1,64.5,0.0,0,349.0,0.0,0.0,0.0,0.0,0.0,2
2023-05-11 09:06:43,p2311-C-7300,p2311-C-7300,349.0,0.0,0.0,0.0,10,65.0,0.0,0,349.0,0.0,0.0,0.0,0.0,0.0,2
2023-05-11 09:06:45,p2311-C-7300,p2311-C-7300,349.0,0.0,0.0,0.0,1,65.5,0.0,0,349.0,0.0,0.0,0.0,0.0,0.0,2
2023-05-11 09:06:45,p2311-C-7300,p2311-C-7300,349.0,0.0,0.0,0.0,10,66.0,0.0,0,349.0,0.0,0.0,0.0,0.0,0.0,2
2023-05-11 09:06:48,p2311-C-7300,p2311-C-7300,349.0,0.0,0.0,0.0,1,61.5,0.0,0,349.0,0.0,0.0,0.0,0.0,0.0,2
2023-05-11 09:06:48,p2311-C-7300,p2311-C-7300,349.0,0.0,0.0,0.0,10,62.0,0.0,0,349.0,0.0,0.0,0.0,0.0,0.0,2
2023-05-11 09:06:51,p2311-C-7300,p2311-C-7300,349.0,0.0,0.0,0.0,1,61.5,0.0,0,349.0,0.0,0.0,0.0,0.0,0.0,2
2023-05-11 09:06:51,p2311-C-7300,p2311-C-7300,349.0,0.0,0.0,0.0,10,62.0,0.0,0,349.0,0.0,0.0,0.0,0.0,0.0,2
2023-05-11 09:06:54,p2311-C-7300,p2311-C-7300,349.0,0.0,0.0,0.0,1,65.5,0.0,0,349.0,0.0,0.0,0.0,0.0,0.0,2
2023-05-11 09:06:54,p2311-C-7300,p2311-C-7300,349.0,0.0,0.0,0.0,10,66.0,0.0,0,349.0,0.0,0.0,0.0,0.0,0.0,2
2023-05-11 09:06:56,p2311-C-7300,p2311-C-7300,349.0,0.0,0.0,0.0,1,66.5,0.0,0,349.0,0.0,0.0,0.0,0.0,0.0,2
2023-05-11 09:06:57,p2311-C-7300,p2311-C-7300,349.0,0.0,0.0,0.0,10,67.0,0.0,0,349.0,0.0,0.0,0.0,0.0,0.0,2
2023-05-11 09:06:59,p2311-C-7300,p2311-C-7300,349.0,0.0,0.0,0.0,1,67.5,0.0,0,349.0,0.0,0.0,0.0,0.0,0.0,2
2023-05-11 09:07:00,p2311-C-7300,p2311-C-7300,349.0,0.0,0.0,0.0,10,68.0,0.0,0,349.0,0.0,0.0,0.0,0.0,0.0,2
2023-05-11 09:07:03,p2311-C-7300,p2311-C-7300,349.0,0.0,0.0,0.0,1,68.5,0.0,0,349.0,0.0,0.0,0.0,0.0,0.0,2
2023-05-11 09:07:03,p2311-C-7300,p2311-C-7300,349.0,0.0,0.0,0.0,10,69.0,0.0,0,349.0,0.0,0.0,0.0,0.0,0.0,2
2023-05-11 09:07:06,p2311-C-7300,p2311-C-7300,349.0,0.0,0.0,0.0,1,69.5,0.0,0,349.0,0.0,0.0,0.0,0.0,0.0,2
2023-05-11 09:07:06,p2311-C-7300,p2311-C-7300,349.0,0.0,0.0,0.0,10,70.0,0.0,0,349.0,0.0,0.0,0.0,0.0,0.0,2
2023-05-11 09:07:08,p2311-C-7300,p2311-C-7300,349.0,0.0,0.0,0.0,1,70.5,0.0,0,349.0,0.0,0.0,0.0,0.0,0.0,2
2023-05-11 09:07:09,p2311-C-7300,p2311-C-7300,349.0,0.0,0.0,0.0,10,71.0,0.0,0,349.0,0.0,0.0,0.0,0.0,0.0,2
2023-05-11 09:07:12,p2311-C-7300,p2311-C-7300,349.0,0.0,0.0,0.0,1,71.5,0.0,0,349.0,0.0,0.0,0.0,0.0,0.0,2
2023-05-11 09:07:12,p2311-C-7300,p2311-C-7300,349.0,0.0,0.0,0.0,10,72.0,0.0,0,349.0,0.0,0.0,0.0,0.0,0.0,2
2023-05-11 09:07:15,p2311-C-7300,p2311-C-7300,349.0,0.0,0.0,0.0,1,72.5,0.0,0,349.0,0.0,0.0,0.0,0.0,0.0,2
2023-05-11 09:07:15,p2311-C-7300,p2311-C-7300,349.0,0.0,0.0,0.0,10,73.0,0.0,0,349.0,0.0,0.0,0.0,0.0,0.0,2
2023-05-11 09:07:18,p2311-C-7300,p2311-C-7300,349.0,0.0,0.0,0.0,1,73.5,0.0,0,349.0,0.0,0.0,0.0,0.0,0.0,2
2023-05-11 09:07:19,p2311-C-7300,p2311-C-7300,349.0,0.0,0.0,0.0,10,74.0,0.0,0,349.0,0.0,0.0,0.0,0.0,0.0,2
2023-05-11 09:07:21,p2311-C-7300,p2311-C-7300,349.0,0.0,0.0,0.0,1,74.5,0.0,0,349.0,0.0,0.0,0.0,0.0,0.0,2
2023-05-11 09:07:22,p2311-C-7300,p2311-C-7300,349.0,0.0,0.0,0.0,10,75.0,0.0,0,349.0,0.0,0.0,0.0,0.0,0.0,2
2023-05-11 09:07:26,p2311-C-7300,p2311-C-7300,349.0,0.0,0.0,0.0,1,75.5,0.0,0,349.0,0.0,0.0,0.0,0.0,0.0,2
2023-05-11 09:07:27,p2311-C-7300,p2311-C-7300,349.0,0.0,0.0,0.0,10,76.0,0.0,0,349.0,0.0,0.0,0.0,0.0,0.0,2
2023-05-11 09:07:31,p2311-C-7300,p2311-C-7300,349.0,0.0,0.0,0.0,1,61.5,0.0,0,349.0,0.0,0.0,0.0,0.0,0.0,2
2023-05-11 09:07:31,p2311-C-7300,p2311-C-7300,349.0,0.0,0.0,0.0,10,62.0,0.0,0,349.0,0.0,0.0,0.0,0.0,0.0,2
2023-05-11 09:07:32,p2311-C-7300,p2311-C-7300,349.0,0.0,0.0,0.0,1,62.5,0.0,0,349.0,0.0,0.0,0.0,0.0,0.0,2
2023-05-11 09:07:33,p2311-C-7300,p2311-C-7300,349.0,0.0,0.0,0.0,10,63.0,0.0,0,349.0,0.0,0.0,0.0,0.0,0.0,2
2023-05-11 09:07:35,p2311-C-7300,p2311-C-7300,349.0,0.0,0.0,0.0,1,69.5,0.0,0,349.0,0.0,0.0,0.0,0.0,0.0,2
2023-05-11 09:07:36,p2311-C-7300,p2311-C-7300,349.0,0.0,0.0,0.0,10,70.0,0.0,0,349.0,0.0,0.0,0.0,0.0,0.0,2
2023-05-11 09:07:39,p2311-C-7300,p2311-C-7300,349.0,0.0,0.0,0.0,1,73.5,0.0,0,349.0,0.0,0.0,0.0,0.0,0.0,2
2023-05-11 09:07:40,p2311-C-7300,p2311-C-7300,349.0,0.0,0.0,0.0,10,74.0,0.0,0,349.0,0.0,0.0,0.0,0.0,0.0,2
2023-05-11 09:07:44,p2311-C-7300,p2311-C-7300,349.0,0.0,0.0,0.0,1,77.5,0.0,0,349.0,0.0,0.0,0.0,0.0,0.0,2
2023-05-11 09:07:45,p2311-C-7300,p2311-C-7300,349.0,0.0,0.0,0.0,10,78.0,0.0,0,349.0,0.0,0.0,0.0,0.0,0.0,2
2023-05-11 09:07:47,p2311-C-7300,p2311-C-7300,349.0,0.0,0.0,0.0,1,78.5,0.0,0,349.0,0.0,0.0,0.0,0.0,0.0,2
2023-05-11 09:07:48,p2311-C-7300,p2311-C-7300,349.0,0.0,0.0,0.0,10,79.0,0.0,0,349.0,0.0,0.0,0.0,0.0,0.0,2
2023-05-11 09:07:50,p2311-C-7300,p2311-C-7300,349.0,0.0,0.0,0.0,1,79.5,0.0,0,349.0,0.0,0.0,0.0,0.0,0.0,2
2023-05-11 09:07:51,p2311-C-7300,p2311-C-7300,349.0,0.0,0.0,0.0,10,80.0,0.0,0,349.0,0.0,0.0,0.0,0.0,0.0,2
2023-05-11 09:07:53,p2311-C-7300,p2311-C-7300,349.0,0.0,0.0,0.0,1,80.5,0.0,0,349.0,0.0,0.0,0.0,0.0,0.0,2
2023-05-11 09:07:54,p2311-C-7300,p2311-C-7300,349.0,0.0,0.0,0.0,10,81.0,0.0,0,349.0,0.0,0.0,0.0,0.0,0.0,2
2023-05-11 09:07:56,p2311-C-7300,p2311-C-7300,349.0,0.0,0.0,0.0,1,81.5,0.0,0,349.0,0.0,0.0,0.0,0.0,0.0,2
2023-05-11 09:07:57,p2311-C-7300,p2311-C-7300,349.0,0.0,0.0,0.0,10,82.0,0.0,0,349.0,0.0,0.0,0.0,0.0,0.0,2
2023-05-11 09:08:00,p2311-C-7300,p2311-C-7300,349.0,0.0,0.0,0.0,1,82.5,0.0,0,349.0,0.0,0.0,0.0,0.0,0.0,2
2023-05-11 09:08:00,p2311-C-7300,p2311-C-7300,349.0,0.0,0.0,0.0,10,83.0,0.0,0,349.0,0.0,0.0,0.0,0.0,0.0,2
2023-05-11 09:08:03,p2311-C-7300,p2311-C-7300,349.0,0.0,0.0,0.0,1,61.5,0.0,0,349.0,0.0,0.0,0.0,0.0,0.0,2
2023-05-11 09:08:03,p2311-C-7300,p2311-C-7300,349.0,0.0,0.0,0.0,1,65.0,0.0,0,349.0,0.0,0.0,0.0,0.0,0.0,2
2023-05-11 09:08:04,p2311-C-7300,p2311-C-7300,349.0,0.0,0.0,0.0,10,65.5,0.0,0,349.0,0.0,0.0,0.0,0.0,0.0,2
2023-05-11 09:08:06,p2311-C-7300,p2311-C-7300,349.0,0.0,0.0,0.0,1,72.0,0.0,0,349.0,0.0,0.0,0.0,0.0,0.0,2
2023-05-11 09:08:06,p2311-C-7300,p2311-C-7300,349.0,0.0,0.0,0.0,10,72.5,0.0,0,349.0,0.0,0.0,0.0,0.0,0.0,2
2023-05-11 09:08:07,p2311-C-7300,p2311-C-7300,349.0,0.0,0.0,0.0,1,79.0,0.0,0,349.0,0.0,0.0,0.0,0.0,0.0,2
2023-05-11 09:08:07,p2311-C-7300,p2311-C-7300,349.0,0.0,0.0,0.0,10,79.5,0.0,0,349.0,0.0,0.0,0.0,0.0,0.0,2
2023-05-11 09:08:08,p2311-C-7300,p2311-C-7300,349.0,0.0,0.0,0.0,1,83.0,0.0,0,349.0,0.0,0.0,0.0,0.0,0.0,2
2023-05-11 09:08:09,p2311-C-7300,p2311-C-7300,349.0,0.0,0.0,0.0,10,83.5,0.0,0,349.0,0.0,0.0,0.0,0.0,0.0,2
2023-05-11 09:08:10,p2311-C-7300,p2311-C-7300,349.0,0.0,0.0,0.0,1,87.0,0.0,0,349.0,0.0,0.0,0.0,0.0,0.0,2
2023-05-11 09:08:10,p2311-C-7300,p2311-C-7300,349.0,0.0,0.0,0.0,10,87.5,0.0,0,349.0,0.0,0.0,0.0,0.0,0.0,2
2023-05-11 09:08:11,p2311-C-7300,p2311-C-7300,349.0,0.0,0.0,0.0,1,61.5,0.0,0,349.0,0.0,0.0,0.0,0.0,0.0,2
2023-05-11 09:08:11,p2311-C-7300,p2311-C-7300,349.0,0.0,0.0,0.0,10,62.0,0.0,0,349.0,0.0,0.0,0.0,0.0,0.0,2
2023-05-11 09:08:13,p2311-C-7300,p2311-C-7300,349.0,0.0,0.0,0.0,1,61.5,0.0,0,349.0,0.0,0.0,0.0,0.0,0.0,2
2023-05-11 09:08:13,p2311-C-7300,p2311-C-7300,349.0,0.0,0.0,0.0,1,62.0,0.0,0,349.0,0.0,0.0,0.0,0.0,0.0,2
2023-05-11 09:08:14,p2311-C-7300,p2311-C-7300,349.0,0.0,0.0,0.0,10,62.5,0.0,0,349.0,0.0,0.0,0.0,0.0,0.0,2
2023-05-11 09:08:15,p2311-C-7300,p2311-C-7300,349.0,0.0,0.0,0.0,1,61.5,0.0,0,349.0,0.0,0.0,0.0,0.0,0.0,2
2023-05-11 09:08:15,p2311-C-7300,p2311-C-7300,349.0,0.0,0.0,0.0,10,62.0,0.0,0,349.0,0.0,0.0,0.0,0.0,0.0,2
2023-05-11 09:08:16,p2311-C-7300,p2311-C-7300,349.0,0.0,0.0,0.0,1,61.5,0.0,0,349.0,0.0,0.0,0.0,0.0,0.0,2
2023-05-11 09:08:16,p2311-C-7300,p2311-C-7300,349.0,0.0,0.0,0.0,1,62.0,0.0,0,349.0,0.0,0.0,0.0,0.0,0.0,2
2023-05-11 09:08:17,p2311-C-7300,p2311-C-7300,349.0,0.0,0.0,0.0,10,62.5,0.0,0,349.0,0.0,0.0,0.0,0.0,0.0,2
2023-05-11 09:08:17,p2311-C-7300,p2311-C-7300,349.0,0.0,0.0,0.0,1,61.5,0.0,0,349.0,0.0,0.0,0.0,0.0,0.0,2
2023-05-11 09:08:18,p2311-C-7300,p2311-C-7300,349.0,0.0,0.0,0.0,10,62.0,0.0,0,349.0,0.0,0.0,0.0,0.0,0.0,2
2023-05-11 09:08:19,p2311-C-7300,p2311-C-7300,349.0,0.0,0.0,0.0,1,68.5,0.0,0,349.0,0.0,0.0,0.0,0.0,0.0,2
2023-05-11 09:08:19,p2311-C-7300,p2311-C-7300,349.0,0.0,0.0,0.0,10,69.0,0.0,0,349.0,0.0,0.0,0.0,0.0,0.0,2
2023-05-11 09:08:20,p2311-C-7300,p2311-C-7300,349.0,0.0,0.0,0.0,1,75.5,0.0,0,349.0,0.0,0.0,0.0,0.0,0.0,2
2023-05-11 09:08:21,p2311-C-7300,p2311-C-7300,349.0,0.0,0.0,0.0,10,76.0,0.0,0,349.0,0.0,0.0,0.0,0.0,0.0,2
2023-05-11 09:08:21,p2311-C-7300,p2311-C-7300,349.0,0.0,0.0,0.0,1,82.5,0.0,0,349.0,0.0,0.0,0.0,0.0,0.0,2
2023-05-11 09:08:22,p2311-C-7300,p2311-C-7300,349.0,0.0,0.0,0.0,11,83.0,0.0,0,349.0,0.0,0.0,0.0,0.0,0.0,2
2023-05-11 09:08:22,p2311-C-7300,p2311-C-7300,349.0,0.0,0.0,0.0,10,83.0,0.0,0,349.0,0.0,0.0,0.0,0.0,0.0,2
2023-05-11 09:08:23,p2311-C-7300,p2311-C-7300,349.0,0.0,0.0,0.0,1,89.5,0.0,0,349.0,0.0,0.0,0.0,0.0,0.0,2
2023-05-11 09:08:23,p2311-C-7300,p2311-C-7300,349.0,0.0,0.0,0.0,10,90.0,0.0,0,349.0,0.0,0.0,0.0,0.0,0.0,2
2023-05-11 09:08:24,p2311-C-7300,p2311-C-7300,349.0,0.0,0.0,0.0,1,93.5,0.0,0,349.0,0.0,0.0,0.0,0.0,0.0,2
2023-05-11 09:08:25,p2311-C-7300,p2311-C-7300,349.0,0.0,0.0,0.0,10,94.0,0.0,0,349.0,0.0,0.0,0.0,0.0,0.0,2
2023-05-11 09:08:27,p2311-C-7300,p2311-C-7300,349.0,0.0,0.0,0.0,1,97.5,0.0,0,349.0,0.0,0.0,0.0,0.0,0.0,2
2023-05-11 09:08:27,p2311-C-7300,p2311-C-7300,349.0,0.0,0.0,0.0,10,98.0,0.0,0,349.0,0.0,0.0,0.0,0.0,0.0,2
2023-05-11 09:08:30,p2311-C-7300,p2311-C-7300,349.0,0.0,0.0,0.0,1,61.5,0.0,0,349.0,0.0,0.0,0.0,0.0,0.0,2
2023-05-11 09:08:30,p2311-C-7300,p2311-C-7300,349.0,0.0,0.0,0.0,11,62.0,0.0,0,349.0,0.0,0.0,0.0,0.0,0.0,2
2023-05-11 09:08:31,p2311-C-7300,p2311-C-7300,349.0,0.0,0.0,0.0,1,65.5,0.0,0,349.0,0.0,0.0,0.0,0.0,0.0,2
2023-05-11 09:08:31,p2311-C-7300,p2311-C-7300,349.0,0.0,0.0,0.0,10,66.0,0.0,0,349.0,0.0,0.0,0.0,0.0,0.0,2
2023-05-11 09:08:33,p2311-C-7300,p2311-C-7300,349.0,0.0,0.0,0.0,1,61.5,0.0,0,349.0,0.0,0.0,0.0,0.0,0.0,2
2023-05-11 09:08:33,p2311-C-7300,p2311-C-7300,349.0,0.0,0.0,0.0,1,62.0,0.0,0,349.0,0.0,0.0,0.0,0.0,0.0,2
2023-05-11 09:08:34,p2311-C-7300,p2311-C-7300,349.0,0.0,0.0,0.0,10,62.5,0.0,0,349.0,0.0,0.0,0.0,0.0,0.0,2
2023-05-11 09:08:34,p2311-C-7300,p2311-C-7300,349.0,0.0,0.0,0.0,1,68.5,0.0,0,349.0,0.0,0.0,0.0,0.0,0.0,2
2023-05-11 09:08:35,p2311-C-7300,p2311-C-7300,349.0,0.0,0.0,0.0,10,69.0,0.0,0,349.0,0.0,0.0,0.0,0.0,0.0,2
2023-05-11 09:08:35,p2311-C-7300,p2311-C-7300,349.0,0.0,0.0,0.0,1,75.5,0.0,0,349.0,0.0,0.0,0.0,0.0,0.0,2
2023-05-11 09:08:36,p2311-C-7300,p2311-C-7300,349.0,0.0,0.0,0.0,1,82.0,0.0,0,349.0,0.0,0.0,0.0,0.0,0.0,2
2023-05-11 09:08:36,p2311-C-7300,p2311-C-7300,349.0,0.0,0.0,0.0,10,82.5,0.0,0,349.0,0.0,0.0,0.0,0.0,0.0,2
2023-05-11 09:08:37,p2311-C-7300,p2311-C-7300,349.0,0.0,0.0,0.0,1,89.0,0.0,0,349.0,0.0,0.0,0.0,0.0,0.0,2
2023-05-11 09:08:37,p2311-C-7300,p2311-C-7300,349.0,0.0,0.0,0.0,11,89.5,0.0,0,349.0,0.0,0.0,0.0,0.0,0.0,2
2023-05-11 09:08:38,p2311-C-7300,p2311-C-7300,349.0,0.0,0.0,0.0,10,89.5,0.0,0,349.0,0.0,0.0,0.0,0.0,0.0,2
2023-05-11 09:08:39,p2311-C-7300,p2311-C-7300,349.0,0.0,0.0,0.0,1,96.0,0.0,0,349.0,0.0,0.0,0.0,0.0,0.0,2
2023-05-11 09:08:39,p2311-C-7300,p2311-C-7300,349.0,0.0,0.0,0.0,10,96.5,0.0,0,349.0,0.0,0.0,0.0,0.0,0.0,2
2023-05-11 09:08:42,p2311-C-7300,p2311-C-7300,349.0,0.0,0.0,0.0,1,61.5,0.0,0,349.0,0.0,0.0,0.0,0.0,0.0,2
2023-05-11 09:08:42,p2311-C-7300,p2311-C-7300,349.0,0.0,0.0,0.0,1,68.0,0.0,0,349.0,0.0,0.0,0.0,0.0,0.0,2
2023-05-11 09:08:43,p2311-C-7300,p2311-C-7300,349.0,0.0,0.0,0.0,11,68.5,0.0,0,349.0,0.0,0.0,0.0,0.0,0.0,2
2023-05-11 09:08:43,p2311-C-7300,p2311-C-7300,349.0,0.0,0.0,0.0,10,68.5,0.0,0,349.0,0.0,0.0,0.0,0.0,0.0,2
2023-05-11 09:08:44,p2311-C-7300,p2311-C-7300,349.0,0.0,0.0,0.0,1,75.0,0.0,0,349.0,0.0,0.0,0.0,0.0,0.0,2
2023-05-11 09:08:44,p2311-C-7300,p2311-C-7300,349.0,0.0,0.0,0.0,10,75.5,0.0,0,349.0,0.0,0.0,0.0,0.0,0.0,2
2023-05-11 09:08:45,p2311-C-7300,p2311-C-7300,349.0,0.0,0.0,0.0,1,82.0,0.0,0,349.0,0.0,0.0,0.0,0.0,0.0,2
2023-05-11 09:08:45,p2311-C-7300,p2311-C-7300,349.0,0.0,0.0,0.0,10,82.5,0.0,0,349.0,0.0,0.0,0.0,0.0,0.0,2
2023-05-11 09:08:47,p2311-C-7300,p2311-C-7300,349.0,0.0,0.0,0.0,1,61.5,0.0,0,349.0,0.0,0.0,0.0,0.0,0.0,2
2023-05-11 09:08:47,p2311-C-7300,p2311-C-7300,349.0,0.0,0.0,0.0,1,68.0,0.0,0,349.0,0.0,0.0,0.0,0.0,0.0,2
2023-05-11 09:08:48,p2311-C-7300,p2311-C-7300,349.0,0.0,0.0,0.0,10,68.5,0.0,0,349.0,0.0,0.0,0.0,0.0,0.0,2
2023-05-11 09:08:49,p2311-C-7300,p2311-C-7300,349.0,0.0,0.0,0.0,1,61.5,0.0,0,349.0,0.0,0.0,0.0,0.0,0.0,2
2023-05-11 09:08:49,p2311-C-7300,p2311-C-7300,349.0,0.0,0.0,0.0,1,69.0,0.0,0,349.0,0.0,0.0,0.0,0.0,0.0,2
2023-05-11 09:08:50,p2311-C-7300,p2311-C-7300,349.0,0.0,0.0,0.0,10,69.5,0.0,0,349.0,0.0,0.0,0.0,0.0,0.0,2
2023-05-11 09:08:51,p2311-C-7300,p2311-C-7300,349.0,0.0,0.0,0.0,1,61.5,0.0,0,349.0,0.0,0.0,0.0,0.0,0.0,2
2023-05-11 09:08:51,p2311-C-7300,p2311-C-7300,349.0,0.0,0.0,0.0,1,68.0,0.0,0,349.0,0.0,0.0,0.0,0.0,0.0,2
2023-05-11 09:08:52,p2311-C-7300,p2311-C-7300,349.0,0.0,0.0,0.0,10,68.5,0.0,0,349.0,0.0,0.0,0.0,0.0,0.0,2
2023-05-11 09:08:52,p2311-C-7300,p2311-C-7300,349.0,0.0,0.0,0.0,1,75.0,0.0,0,349.0,0.0,0.0,0.0,0.0,0.0,2
2023-05-11 09:08:53,p2311-C-7300,p2311-C-7300,349.0,0.0,0.0,0.0,10,75.5,0.0,0,349.0,0.0,0.0,0.0,0.0,0.0,2
2023-05-11 09:08:55,p2311-C-7300,p2311-C-7300,349.0,0.0,0.0,0.0,1,61.5,0.0,0,349.0,0.0,0.0,0.0,0.0,0.0,2
2023-05-11 09:08:55,p2311-C-7300,p2311-C-7300,349.0,0.0,0.0,0.0,1,68.0,0.0,0,349.0,0.0,0.0,0.0,0.0,0.0,2
2023-05-11 09:08:56,p2311-C-7300,p2311-C-7300,349.0,0.0,0.0,0.0,10,68.5,0.0,0,349.0,0.0,0.0,0.0,0.0,0.0,2
2023-05-11 09:08:57,p2311-C-7300,p2311-C-7300,349.0,0.0,0.0,0.0,1,61.5,0.0,0,349.0,0.0,0.0,0.0,0.0,0.0,2
2023-05-11 09:08:57,p2311-C-7300,p2311-C-7300,349.0,0.0,0.0,0.0,1,68.0,0.0,0,349.0,0.0,0.0,0.0,0.0,0.0,2
2023-05-11 09:08:58,p2311-C-7300,p2311-C-7300,349.0,0.0,0.0,0.0,10,68.5,0.0,0,349.0,0.0,0.0,0.0,0.0,0.0,2
2023-05-11 09:08:58,p2311-C-7300,p2311-C-7300,349.0,0.0,0.0,0.0,1,69.0,0.0,0,349.0,0.0,0.0,0.0,0.0,0.0,2
2023-05-11 09:08:59,p2311-C-7300,p2311-C-7300,349.0,0.0,0.0,0.0,1,75.5,0.0,0,349.0,0.0,0.0,0.0,0.0,0.0,2
2023-05-11 09:08:59,p2311-C-7300,p2311-C-7300,349.0,0.0,0.0,0.0,1,82.0,0.0,0,349.0,0.0,0.0,0.0,0.0,0.0,2
2023-05-11 09:09:00,p2311-C-7300,p2311-C-7300,349.0,0.0,0.0,0.0,10,82.5,0.0,0,349.0,0.0,0.0,0.0,0.0,0.0,2
2023-05-11 09:09:01,p2311-C-7300,p2311-C-7300,349.0,0.0,0.0,0.0,1,61.5,0.0,0,349.0,0.0,0.0,0.0,0.0,0.0,2
2023-05-11 09:09:01,p2311-C-7300,p2311-C-7300,349.0,0.0,0.0,0.0,1,68.0,0.0,0,349.0,0.0,0.0,0.0,0.0,0.0,2
2023-05-11 09:09:02,p2311-C-7300,p2311-C-7300,349.0,0.0,0.0,0.0,10,68.5,0.0,0,349.0,0.0,0.0,0.0,0.0,0.0,2
2023-05-11 09:09:02,p2311-C-7300,p2311-C-7300,349.0,0.0,0.0,0.0,1,74.5,0.0,0,349.0,0.0,0.0,0.0,0.0,0.0,2
2023-05-11 09:09:02,p2311-C-7300,p2311-C-7300,349.0,0.0,0.0,0.0,10,75.0,0.0,0,349.0,0.0,0.0,0.0,0.0,0.0,2
2023-05-11 09:09:03,p2311-C-7300,p2311-C-7300,349.0,0.0,0.0,0.0,1,78.0,0.0,0,349.0,0.0,0.0,0.0,0.0,0.0,2
2023-05-11 09:09:04,p2311-C-7300,p2311-C-7300,349.0,0.0,0.0,0.0,10,78.5,0.0,0,349.0,0.0,0.0,0.0,0.0,0.0,2
2023-05-11 09:09:04,p2311-C-7300,p2311-C-7300,349.0,0.0,0.0,0.0,1,61.5,0.0,0,349.0,0.0,0.0,0.0,0.0,0.0,2
2023-05-11 09:09:05,p2311-C-7300,p2311-C-7300,349.0,0.0,0.0,0.0,1,85.0,0.0,0,349.0,0.0,0.0,0.0,0.0,0.0,2
2023-05-11 09:09:05,p2311-C-7300,p2311-C-7300,349.0,0.0,0.0,0.0,10,85.5,0.0,0,349.0,0.0,0.0,0.0,0.0,0.0,2
2023-05-11 09:09:06,p2311-C-7300,p2311-C-7300,349.0,0.0,0.0,0.0,1,61.5,0.0,0,349.0,0.0,0.0,0.0,0.0,0.0,2
2023-05-11 09:09:06,p2311-C-7300,p2311-C-7300,349.0,0.0,0.0,0.0,1,68.0,0.0,0,349.0,0.0,0.0,0.0,0.0,0.0,2
2023-05-11 09:09:07,p2311-C-7300,p2311-C-7300,349.0,0.0,0.0,0.0,10,68.5,0.0,0,349.0,0.0,0.0,0.0,0.0,0.0,2
2023-05-11 09:09:08,p2311-C-7300,p2311-C-7300,349.0,0.0,0.0,0.0,1,75.0,0.0,0,349.0,0.0,0.0,0.0,0.0,0.0,2
2023-05-11 09:09:08,p2311-C-7300,p2311-C-7300,349.0,0.0,0.0,0.0,1,81.5,0.0,0,349.0,0.0,0.0,0.0,0.0,0.0,2
2023-05-11 09:09:09,p2311-C-7300,p2311-C-7300,349.0,0.0,0.0,0.0,10,82.0,0.0,0,349.0,0.0,0.0,0.0,0.0,0.0,2
2023-05-11 09:09:09,p2311-C-7300,p2311-C-7300,349.0,0.0,0.0,0.0,1,61.5,0.0,0,349.0,0.0,0.0,0.0,0.0,0.0,2
2023-05-11 09:09:10,p2311-C-7300,p2311-C-7300,349.0,0.0,0.0,0.0,1,68.0,0.0,0,349.0,0.0,0.0,0.0,0.0,0.0,2
2023-05-11 09:09:10,p2311-C-7300,p2311-C-7300,349.0,0.0,0.0,0.0,1,71.5,0.0,0,349.0,0.0,0.0,0.0,0.0,0.0,2
2023-05-11 09:09:10,p2311-C-7300,p2311-C-7300,349.0,0.0,0.0,0.0,10,72.0,0.0,0,349.0,0.0,0.0,0.0,0.0,0.0,2
2023-05-11 09:09:12,p2311-C-7300,p2311-C-7300,349.0,0.0,0.0,0.0,1,75.5,0.0,0,349.0,0.0,0.0,0.0,0.0,0.0,2
2023-05-11 09:09:12,p2311-C-7300,p2311-C-7300,349.0,0.0,0.0,0.0,10,76.0,0.0,0,349.0,0.0,0.0,0.0,0.0,0.0,2
2023-05-11 09:09:13,p2311-C-7300,p2311-C-7300,349.0,0.0,0.0,0.0,1,61.5,0.0,0,349.0,0.0,0.0,0.0,0.0,0.0,2
2023-05-11 09:09:13,p2311-C-7300,p2311-C-7300,349.0,0.0,0.0,0.0,1,82.5,0.0,0,349.0,0.0,0.0,0.0,0.0,0.0,2
2023-05-11 09:09:14,p2311-C-7300,p2311-C-7300,349.0,0.0,0.0,0.0,10,83.0,0.0,0,349.0,0.0,0.0,0.0,0.0,0.0,2
2023-05-11 09:09:14,p2311-C-7300,p2311-C-7300,349.0,0.0,0.0,0.0,1,61.5,0.0,0,349.0,0.0,0.0,0.0,0.0,0.0,2
2023-05-11 09:09:15,p2311-C-7300,p2311-C-7300,349.0,0.0,0.0,0.0,1,68.0,0.0,0,349.0,0.0,0.0,0.0,0.0,0.0,2
2023-05-11 09:09:15,p2311-C-7300,p2311-C-7300,349.0,0.0,0.0,0.0,1,74.5,0.0,0,349.0,0.0,0.0,0.0,0.0,0.0,2
2023-05-11 09:09:16,p2311-C-7300,p2311-C-7300,349.0,0.0,0.0,0.0,1,81.0,0.0,0,349.0,0.0,0.0,0.0,0.0,0.0,2
2023-05-11 09:09:16,p2311-C-7300,p2311-C-7300,349.0,0.0,0.0,0.0,10,81.5,0.0,0,349.0,0.0,0.0,0.0,0.0,0.0,2
2023-05-11 09:09:17,p2311-C-7300,p2311-C-7300,349.0,0.0,0.0,0.0,1,88.0,0.0,0,349.0,0.0,0.0,0.0,0.0,0.0,2
2023-05-11 09:09:17,p2311-C-7300,p2311-C-7300,349.0,0.0,0.0,0.0,1,94.5,0.0,0,349.0,0.0,0.0,0.0,0.0,0.0,2
2023-05-11 09:09:18,p2311-C-7300,p2311-C-7300,349.0,0.0,0.0,0.0,10,95.0,0.0,0,349.0,0.0,0.0,0.0,0.0,0.0,2
2023-05-11 09:09:18,p2311-C-7300,p2311-C-7300,349.0,0.0,0.0,0.0,1,101.0,0.0,0,349.0,0.0,0.0,0.0,0.0,0.0,2
2023-05-11 09:09:19,p2311-C-7300,p2311-C-7300,349.0,0.0,0.0,0.0,10,101.5,0.0,0,349.0,0.0,0.0,0.0,0.0,0.0,2
2023-05-11 09:09:19,p2311-C-7300,p2311-C-7300,349.0,0.0,0.0,0.0,1,105.0,0.0,0,349.0,0.0,0.0,0.0,0.0,0.0,2
2023-05-11 09:09:20,p2311-C-7300,p2311-C-7300,349.0,0.0,0.0,0.0,1,111.5,0.0,0,349.0,0.0,0.0,0.0,0.0,0.0,2
2023-05-11 09:09:20,p2311-C-7300,p2311-C-7300,349.0,0.0,0.0,0.0,10,112.0,0.0,0,349.0,0.0,0.0,0.0,0.0,0.0,2
2023-05-11 09:09:21,p2311-C-7300,p2311-C-7300,349.0,0.0,0.0,0.0,1,61.5,0.0,0,349.0,0.0,0.0,0.0,0.0,0.0,2
2023-05-11 09:09:22,p2311-C-7300,p2311-C-7300,349.0,0.0,0.0,0.0,1,68.0,0.0,0,349.0,0.0,0.0,0.0,0.0,0.0,2
2023-05-11 09:09:22,p2311-C-7300,p2311-C-7300,349.0,0.0,0.0,0.0,10,68.5,0.0,0,349.0,0.0,0.0,0.0,0.0,0.0,2
2023-05-11 09:09:24,p2311-C-7300,p2311-C-7300,349.0,0.0,0.0,0.0,1,75.0,0.0,0,349.0,0.0,0.0,0.0,0.0,0.0,2
2023-05-11 09:09:24,p2311-C-7300,p2311-C-7300,349.0,0.0,0.0,0.0,10,75.5,0.0,0,349.0,0.0,0.0,0.0,0.0,0.0,2
2023-05-11 09:09:25,p2311-C-7300,p2311-C-7300,349.0,0.0,0.0,0.0,1,79.0,0.0,0,349.0,0.0,0.0,0.0,0.0,0.0,2
2023-05-11 09:09:26,p2311-C-7300,p2311-C-7300,349.0,0.0,0.0,0.0,10,79.5,0.0,0,349.0,0.0,0.0,0.0,0.0,0.0,2
2023-05-11 09:09:27,p2311-C-7300,p2311-C-7300,349.0,0.0,0.0,0.0,1,80.0,0.0,0,349.0,0.0,0.0,0.0,0.0,0.0,2
2023-05-11 09:09:27,p2311-C-7300,p2311-C-7300,349.0,0.0,0.0,0.0,10,80.5,0.0,0,349.0,0.0,0.0,0.0,0.0,0.0,2
2023-05-11 09:09:29,p2311-C-7300,p2311-C-7300,349.0,0.0,0.0,0.0,1,81.0,0.0,0,349.0,0.0,0.0,0.0,0.0,0.0,2
2023-05-11 09:09:29,p2311-C-7300,p2311-C-7300,349.0,0.0,0.0,0.0,10,81.5,0.0,0,349.0,0.0,0.0,0.0,0.0,0.0,2
2023-05-11 09:09:31,p2311-C-7300,p2311-C-7300,349.0,0.0,0.0,0.0,1,82.0,0.0,0,349.0,0.0,0.0,0.0,0.0,0.0,2
2023-05-11 09:09:31,p2311-C-7300,p2311-C-7300,349.0,0.0,0.0,0.0,10,82.5,0.0,0,349.0,0.0,0.0,0.0,0.0,0.0,2
2023-05-11 09:09:32,p2311-C-7300,p2311-C-7300,349.0,0.0,0.0,0.0,1,83.0,0.0,0,349.0,0.0,0.0,0.0,0.0,0.0,2
2023-05-11 09:09:32,p2311-C-7300,p2311-C-7300,349.0,0.0,0.0,0.0,10,83.5,0.0,0,349.0,0.0,0.0,0.0,0.0,0.0,2
2023-05-11 09:09:34,p2311-C-7300,p2311-C-7300,349.0,0.0,0.0,0.0,1,90.0,0.0,0,349.0,0.0,0.0,0.0,0.0,0.0,2
2023-05-11 09:09:34,p2311-C-7300,p2311-C-7300,349.0,0.0,0.0,0.0,10,90.5,0.0,0,349.0,0.0,0.0,0.0,0.0,0.0,2
2023-05-11 09:09:35,p2311-C-7300,p2311-C-7300,349.0,0.0,0.0,0.0,1,97.0,0.0,0,349.0,0.0,0.0,0.0,0.0,0.0,2
2023-05-11 09:09:35,p2311-C-7300,p2311-C-7300,349.0,0.0,0.0,0.0,10,97.5,0.0,0,349.0,0.0,0.0,0.0,0.0,0.0,2
2023-05-11 09:09:40,p2311-C-7300,p2311-C-7300,349.0,0.0,0.0,0.0,1,104.0,0.0,0,349.0,0.0,0.0,0.0,0.0,0.0,2
2023-05-11 09:09:40,p2311-C-7300,p2311-C-7300,349.0,0.0,0.0,0.0,10,104.5,0.0,0,349.0,0.0,0.0,0.0,0.0,0.0,2
2023-05-11 09:09:42,p2311-C-7300,p2311-C-7300,349.0,0.0,0.0,0.0,1,105.0,0.0,0,349.0,0.0,0.0,0.0,0.0,0.0,2
2023-05-11 09:09:42,p2311-C-7300,p2311-C-7300,349.0,0.0,0.0,0.0,10,105.5,0.0,0,349.0,0.0,0.0,0.0,0.0,0.0,2
2023-05-11 09:09:43,p2311-C-7300,p2311-C-7300,349.0,0.0,0.0,0.0,1,111.5,0.0,0,349.0,0.0,0.0,0.0,0.0,0.0,2
2023-05-11 09:09:43,p2311-C-7300,p2311-C-7300,349.0,0.0,0.0,0.0,10,112.0,0.0,0,349.0,0.0,0.0,0.0,0.0,0.0,2
2023-05-11 09:09:44,p2311-C-7300,p2311-C-7300,349.0,0.0,0.0,0.0,1,118.5,0.0,0,349.0,0.0,0.0,0.0,0.0,0.0,2
2023-05-11 09:09:45,p2311-C-7300,p2311-C-7300,349.0,0.0,0.0,0.0,10,119.0,0.0,0,349.0,0.0,0.0,0.0,0.0,0.0,2
2023-05-11 09:09:45,p2311-C-7300,p2311-C-7300,349.0,0.0,0.0,0.0,1,119.5,0.0,0,349.0,0.0,0.0,0.0,0.0,0.0,2
2023-05-11 09:09:46,p2311-C-7300,p2311-C-7300,349.0,0.0,0.0,0.0,1,126.0,0.0,0,349.0,0.0,0.0,0.0,0.0,0.0,2
2023-05-11 09:09:46,p2311-C-7300,p2311-C-7300,349.0,0.0,0.0,0.0,10,126.5,0.0,0,349.0,0.0,0.0,0.0,0.0,0.0,2
2023-05-11 09:09:47,p2311-C-7300,p2311-C-7300,349.0,0.0,0.0,0.0,1,61.5,0.0,0,349.0,0.0,0.0,0.0,0.0,0.0,2
2023-05-11 09:09:48,p2311-C-7300,p2311-C-7300,349.0,0.0,0.0,0.0,1,68.0,0.0,0,349.0,0.0,0.0,0.0,0.0,0.0,2
2023-05-11 09:09:48,p2311-C-7300,p2311-C-7300,349.0,0.0,0.0,0.0,10,68.5,0.0,0,349.0,0.0,0.0,0.0,0.0,0.0,2
2023-05-11 09:09:49,p2311-C-7300,p2311-C-7300,349.0,0.0,0.0,0.0,1,75.0,0.0,0,349.0,0.0,0.0,0.0,0.0,0.0,2
2023-05-11 09:09:49,p2311-C-7300,p2311-C-7300,349.0,0.0,0.0,0.0,10,75.5,0.0,0,349.0,0.0,0.0,0.0,0.0,0.0,2
2023-05-11 09:09:51,p2311-C-7300,p2311-C-7300,349.0,0.0,0.0,0.0,1,82.0,0.0,0,349.0,0.0,0.0,0.0,0.0,0.0,2
2023-05-11 09:09:51,p2311-C-7300,p2311-C-7300,349.0,0.0,0.0,0.0,10,82.5,0.0,0,349.0,0.0,0.0,0.0,0.0,0.0,2
2023-05-11 09:09:53,p2311-C-7300,p2311-C-7300,349.0,0.0,0.0,0.0,1,86.0,0.0,0,349.0,0.0,0.0,0.0,0.0,0.0,2
2023-05-11 09:09:53,p2311-C-7300,p2311-C-7300,349.0,0.0,0.0,0.0,10,86.5,0.0,0,349.0,0.0,0.0,0.0,0.0,0.0,2
2023-05-11 09:09:55,p2311-C-7300,p2311-C-7300,349.0,0.0,0.0,0.0,1,93.0,0.0,0,349.0,0.0,0.0,0.0,0.0,0.0,2
2023-05-11 09:09:55,p2311-C-7300,p2311-C-7300,349.0,0.0,0.0,0.0,10,93.5,0.0,0,349.0,0.0,0.0,0.0,0.0,0.0,2
2023-05-11 09:10:58,p2311-C-7300,p2311-C-7300,349.0,0.0,0.0,0.0,1,94.0,0.0,0,349.0,0.0,0.0,0.0,0.0,0.0,2
2023-05-11 09:10:58,p2311-C-7300,p2311-C-7300,349.0,0.0,0.0,0.0,10,94.5,0.0,0,349.0,0.0,0.0,0.0,0.0,0.0,2
2023-05-11 09:11:21,p2311-C-7300,p2311-C-7300,349.0,0.0,0.0,0.0,1,101.0,0.0,0,349.0,0.0,0.0,0.0,0.0,0.0,2
2023-05-11 09:11:21,p2311-C-7300,p2311-C-7300,349.0,0.0,0.0,0.0,10,101.5,0.0,0,349.0,0.0,0.0,0.0,0.0,0.0,2
2023-05-11 09:11:28,p2311-C-7300,p2311-C-7300,349.0,0.0,0.0,0.0,1,108.0,0.0,0,349.0,0.0,0.0,0.0,0.0,0.0,2
2023-05-11 09:11:29,p2311-C-7300,p2311-C-7300,349.0,0.0,0.0,0.0,10,108.5,0.0,0,349.0,0.0,0.0,0.0,0.0,0.0,2
2023-05-11 09:11:30,p2311-C-7300,p2311-C-7300,349.0,0.0,0.0,0.0,1,112.0,0.0,0,349.0,0.0,0.0,0.0,0.0,0.0,2
2023-05-11 09:11:30,p2311-C-7300,p2311-C-7300,349.0,0.0,0.0,0.0,10,112.5,0.0,0,349.0,0.0,0.0,0.0,0.0,0.0,2
2023-05-11 09:11:31,p2311-C-7300,p2311-C-7300,349.0,0.0,0.0,0.0,1,119.0,0.0,0,349.0,0.0,0.0,0.0,0.0,0.0,2
2023-05-11 09:11:31,p2311-C-7300,p2311-C-7300,349.0,0.0,0.0,0.0,10,119.5,0.0,0,349.0,0.0,0.0,0.0,0.0,0.0,2
2023-05-11 09:11:32,p2311-C-7300,p2311-C-7300,349.0,0.0,0.0,0.0,1,126.0,0.0,0,349.0,0.0,0.0,0.0,0.0,0.0,2
2023-05-11 09:11:32,p2311-C-7300,p2311-C-7300,349.0,0.0,0.0,0.0,10,126.5,0.0,0,349.0,0.0,0.0,0.0,0.0,0.0,2
2023-05-11 09:11:33,p2311-C-7300,p2311-C-7300,349.0,0.0,0.0,0.0,1,130.0,0.0,0,349.0,0.0,0.0,0.0,0.0,0.0,2
2023-05-11 09:11:33,p2311-C-7300,p2311-C-7300,349.0,0.0,0.0,0.0,1,136.5,0.0,0,349.0,0.0,0.0,0.0,0.0,0.0,2
2023-05-11 09:11:34,p2311-C-7300,p2311-C-7300,349.0,0.0,0.0,0.0,10,137.0,0.0,0,349.0,0.0,0.0,0.0,0.0,0.0,2
2023-05-11 09:11:37,p2311-C-7300,p2311-C-7300,349.0,0.0,0.0,0.0,1,143.5,0.0,0,349.0,0.0,0.0,0.0,0.0,0.0,2
2023-05-11 09:11:38,p2311-C-7300,p2311-C-7300,349.0,0.0,0.0,0.0,10,144.0,0.0,0,349.0,0.0,0.0,0.0,0.0,0.0,2
2023-05-11 09:11:39,p2311-C-7300,p2311-C-7300,349.0,0.0,0.0,0.0,1,147.5,0.0,0,349.0,0.0,0.0,0.0,0.0,0.0,2
2023-05-11 09:11:39,p2311-C-7300,p2311-C-7300,349.0,0.0,0.0,0.0,10,148.0,0.0,0,349.0,0.0,0.0,0.0,0.0,0.0,2
2023-05-11 09:11:41,p2311-C-7300,p2311-C-7300,349.0,0.0,0.0,0.0,1,148.5,0.0,0,349.0,0.0,0.0,0.0,0.0,0.0,2
2023-05-11 09:11:41,p2311-C-7300,p2311-C-7300,349.0,0.0,0.0,0.0,10,149.0,0.0,0,349.0,0.0,0.0,0.0,0.0,0.0,2
2023-05-11 09:11:42,p2311-C-7300,p2311-C-7300,349.0,0.0,0.0,0.0,1,149.5,0.0,0,349.0,0.0,0.0,0.0,0.0,0.0,2
2023-05-11 09:11:42,p2311-C-7300,p2311-C-7300,349.0,0.0,0.0,0.0,10,150.0,0.0,0,349.0,0.0,0.0,0.0,0.0,0.0,2
2023-05-11 09:11:43,p2311-C-7300,p2311-C-7300,349.0,0.0,0.0,0.0,1,150.5,0.0,0,349.0,0.0,0.0,0.0,0.0,0.0,2
2023-05-11 09:11:43,p2311-C-7300,p2311-C-7300,349.0,0.0,0.0,0.0,10,151.0,0.0,0,349.0,0.0,0.0,0.0,0.0,0.0,2
2023-05-11 09:11:44,p2311-C-7300,p2311-C-7300,349.0,0.0,0.0,0.0,1,151.5,0.0,0,349.0,0.0,0.0,0.0,0.0,0.0,2
2023-05-11 09:11:44,p2311-C-7300,p2311-C-7300,349.0,0.0,0.0,0.0,10,152.0,0.0,0,349.0,0.0,0.0,0.0,0.0,0.0,2
2023-05-11 10:14:32,p2311-C-7300,p2311-C-7300,349.0,0.0,0.0,0.0,1,61.5,0.0,0,349.0,0.0,0.0,0.0,0.0,0.0,2
2023-05-11 10:30:07,p2311-C-7300,p2311-C-7300,349.0,0.0,0.0,0.0,10,62.0,0.0,0,349.0,0.0,0.0,0.0,0.0,0.0,2
2023-05-11 10:34:41,p2311-C-7300,p2311-C-7300,349.0,0.0,0.0,0.0,1,62.5,0.0,0,349.0,0.0,0.0,0.0,0.0,0.0,2
2023-05-11 10:34:41,p2311-C-7300,p2311-C-7300,349.0,0.0,0.0,0.0,10,63.0,0.0,0,349.0,0.0,0.0,0.0,0.0,0.0,2
2023-05-11 10:35:25,p2311-C-7300,p2311-C-7300,349.0,0.0,0.0,0.0,1,63.5,0.0,0,349.0,0.0,0.0,0.0,0.0,0.0,2
2023-05-11 10:35:25,p2311-C-7300,p2311-C-7300,349.0,0.0,0.0,0.0,10,64.0,0.0,0,349.0,0.0,0.0,0.0,0.0,0.0,2
2023-05-11 10:35:55,p2311-C-7300,p2311-C-7300,349.0,0.0,0.0,0.0,1,61.5,0.0,0,349.0,0.0,0.0,0.0,0.0,0.0,2
2023-05-11 10:35:55,p2311-C-7300,p2311-C-7300,349.0,0.0,0.0,0.0,10,62.0,0.0,0,349.0,0.0,0.0,0.0,0.0,0.0,2
2023-05-11 10:37:14,p2311-C-7300,p2311-C-7300,349.0,0.0,0.0,0.0,1,62.5,0.0,0,349.0,0.0,0.0,0.0,0.0,0.0,2
2023-05-11 10:37:14,p2311-C-7300,p2311-C-7300,349.0,0.0,0.0,0.0,10,63.0,0.0,0,349.0,0.0,0.0,0.0,0.0,0.0,2
2023-05-11 10:37:16,p2311-C-7300,p2311-C-7300,349.0,0.0,0.0,0.0,1,61.5,0.0,0,349.0,0.0,0.0,0.0,0.0,0.0,2
2023-05-11 10:37:16,p2311-C-7300,p2311-C-7300,349.0,0.0,0.0,0.0,10,62.0,0.0,0,349.0,0.0,0.0,0.0,0.0,0.0,2
2023-05-11 10:37:19,p2311-C-7300,p2311-C-7300,349.0,0.0,0.0,0.0,1,61.5,0.0,0,349.0,0.0,0.0,0.0,0.0,0.0,2
2023-05-11 10:37:19,p2311-C-7300,p2311-C-7300,349.0,0.0,0.0,0.0,10,62.0,0.0,0,349.0,0.0,0.0,0.0,0.0,0.0,2
2023-05-11 10:37:21,p2311-C-7300,p2311-C-7300,349.0,0.0,0.0,0.0,10,66.0,0.0,0,349.0,0.0,0.0,0.0,0.0,0.0,2
2023-05-11 10:37:22,p2311-C-7300,p2311-C-7300,349.0,0.0,0.0,0.0,1,66.5,0.0,0,349.0,0.0,0.0,0.0,0.0,0.0,2
2023-05-11 10:37:23,p2311-C-7300,p2311-C-7300,349.0,0.0,0.0,0.0,10,67.0,0.0,0,349.0,0.0,0.0,0.0,0.0,0.0,2
2023-05-11 10:37:24,p2311-C-7300,p2311-C-7300,349.0,0.0,0.0,0.0,1,67.5,0.0,0,349.0,0.0,0.0,0.0,0.0,0.0,2
2023-05-11 10:37:24,p2311-C-7300,p2311-C-7300,349.0,0.0,0.0,0.0,10,68.0,0.0,0,349.0,0.0,0.0,0.0,0.0,0.0,2
2023-05-11 10:37:25,p2311-C-7300,p2311-C-7300,349.0,0.0,0.0,0.0,1,68.5,0.0,0,349.0,0.0,0.0,0.0,0.0,0.0,2
2023-05-11 10:37:26,p2311-C-7300,p2311-C-7300,349.0,0.0,0.0,0.0,10,69.0,0.0,0,349.0,0.0,0.0,0.0,0.0,0.0,2
2023-05-11 10:37:27,p2311-C-7300,p2311-C-7300,349.0,0.0,0.0,0.0,1,69.5,0.0,0,349.0,0.0,0.0,0.0,0.0,0.0,2
2023-05-11 10:37:28,p2311-C-7300,p2311-C-7300,349.0,0.0,0.0,0.0,10,70.0,0.0,0,349.0,0.0,0.0,0.0,0.0,0.0,2
2023-05-11 10:37:30,p2311-C-7300,p2311-C-7300,349.0,0.0,0.0,0.0,1,61.5,0.0,0,349.0,0.0,0.0,0.0,0.0,0.0,2
2023-05-11 10:37:30,p2311-C-7300,p2311-C-7300,349.0,0.0,0.0,0.0,10,62.0,0.0,0,349.0,0.0,0.0,0.0,0.0,0.0,2
2023-05-11 10:37:32,p2311-C-7300,p2311-C-7300,349.0,0.0,0.0,0.0,1,61.5,0.0,0,349.0,0.0,0.0,0.0,0.0,0.0,2
2023-05-11 10:37:32,p2311-C-7300,p2311-C-7300,349.0,0.0,0.0,0.0,10,62.0,0.0,0,349.0,0.0,0.0,0.0,0.0,0.0,2
2023-05-11 10:37:34,p2311-C-7300,p2311-C-7300,349.0,0.0,0.0,0.0,1,68.5,0.0,0,349.0,0.0,0.0,0.0,0.0,0.0,2
2023-05-11 10:37:35,p2311-C-7300,p2311-C-7300,349.0,0.0,0.0,0.0,10,69.0,0.0,0,349.0,0.0,0.0,0.0,0.0,0.0,2
2023-05-11 10:37:37,p2311-C-7300,p2311-C-7300,349.0,0.0,0.0,0.0,1,72.5,0.0,0,349.0,0.0,0.0,0.0,0.0,0.0,2
2023-05-11 10:37:37,p2311-C-7300,p2311-C-7300,349.0,0.0,0.0,0.0,10,73.0,0.0,0,349.0,0.0,0.0,0.0,0.0,0.0,2
2023-05-11 10:37:39,p2311-C-7300,p2311-C-7300,349.0,0.0,0.0,0.0,1,73.5,0.0,0,349.0,0.0,0.0,0.0,0.0,0.0,2
2023-05-11 10:37:39,p2311-C-7300,p2311-C-7300,349.0,0.0,0.0,0.0,10,74.0,0.0,0,349.0,0.0,0.0,0.0,0.0,0.0,2
2023-05-11 10:37:41,p2311-C-7300,p2311-C-7300,349.0,0.0,0.0,0.0,1,74.5,0.0,0,349.0,0.0,0.0,0.0,0.0,0.0,2
2023-05-11 10:37:41,p2311-C-7300,p2311-C-7300,349.0,0.0,0.0,0.0,10,75.0,0.0,0,349.0,0.0,0.0,0.0,0.0,0.0,2
2023-05-11 10:37:42,p2311-C-7300,p2311-C-7300,349.0,0.0,0.0,0.0,1,61.5,0.0,0,349.0,0.0,0.0,0.0,0.0,0.0,2
2023-05-11 10:37:42,p2311-C-7300,p2311-C-7300,349.0,0.0,0.0,0.0,10,62.0,0.0,0,349.0,0.0,0.0,0.0,0.0,0.0,2
2023-05-11 10:37:44,p2311-C-7300,p2311-C-7300,349.0,0.0,0.0,0.0,1,68.5,0.0,0,349.0,0.0,0.0,0.0,0.0,0.0,2
2023-05-11 10:37:44,p2311-C-7300,p2311-C-7300,349.0,0.0,0.0,0.0,10,69.0,0.0,0,349.0,0.0,0.0,0.0,0.0,0.0,2
2023-05-11 10:37:45,p2311-C-7300,p2311-C-7300,349.0,0.0,0.0,0.0,1,72.5,0.0,0,349.0,0.0,0.0,0.0,0.0,0.0,2
2023-05-11 10:37:46,p2311-C-7300,p2311-C-7300,349.0,0.0,0.0,0.0,10,73.0,0.0,0,349.0,0.0,0.0,0.0,0.0,0.0,2
2023-05-11 10:37:47,p2311-C-7300,p2311-C-7300,349.0,0.0,0.0,0.0,1,76.5,0.0,0,349.0,0.0,0.0,0.0,0.0,0.0,2
2023-05-11 10:37:48,p2311-C-7300,p2311-C-7300,349.0,0.0,0.0,0.0,10,77.0,0.0,0,349.0,0.0,0.0,0.0,0.0,0.0,2
2023-05-11 10:37:49,p2311-C-7300,p2311-C-7300,349.0,0.0,0.0,0.0,1,80.5,0.0,0,349.0,0.0,0.0,0.0,0.0,0.0,2
2023-05-11 10:37:50,p2311-C-7300,p2311-C-7300,349.0,0.0,0.0,0.0,10,81.0,0.0,0,349.0,0.0,0.0,0.0,0.0,0.0,2
2023-05-11 10:37:51,p2311-C-7300,p2311-C-7300,349.0,0.0,0.0,0.0,1,81.5,0.0,0,349.0,0.0,0.0,0.0,0.0,0.0,2
2023-05-11 10:37:52,p2311-C-7300,p2311-C-7300,349.0,0.0,0.0,0.0,10,82.0,0.0,0,349.0,0.0,0.0,0.0,0.0,0.0,2
2023-05-11 10:37:53,p2311-C-7300,p2311-C-7300,349.0,0.0,0.0,0.0,1,61.5,0.0,0,349.0,0.0,0.0,0.0,0.0,0.0,2
2023-05-11 10:37:53,p2311-C-7300,p2311-C-7300,349.0,0.0,0.0,0.0,10,62.0,0.0,0,349.0,0.0,0.0,0.0,0.0,0.0,2
2023-05-11 10:37:54,p2311-C-7300,p2311-C-7300,349.0,0.0,0.0,0.0,1,61.5,0.0,0,349.0,0.0,0.0,0.0,0.0,0.0,2
2023-05-11 10:37:55,p2311-C-7300,p2311-C-7300,349.0,0.0,0.0,0.0,10,62.0,0.0,0,349.0,0.0,0.0,0.0,0.0,0.0,2
2023-05-11 10:37:56,p2311-C-7300,p2311-C-7300,349.0,0.0,0.0,0.0,1,61.5,0.0,0,349.0,0.0,0.0,0.0,0.0,0.0,2
2023-05-11 10:37:57,p2311-C-7300,p2311-C-7300,349.0,0.0,0.0,0.0,1,68.0,0.0,0,349.0,0.0,0.0,0.0,0.0,0.0,2
2023-05-11 10:37:57,p2311-C-7300,p2311-C-7300,349.0,0.0,0.0,0.0,11,68.5,0.0,0,349.0,0.0,0.0,0.0,0.0,0.0,2
2023-05-11 10:37:58,p2311-C-7300,p2311-C-7300,349.0,0.0,0.0,0.0,10,68.5,0.0,0,349.0,0.0,0.0,0.0,0.0,0.0,2
2023-05-11 10:37:58,p2311-C-7300,p2311-C-7300,349.0,0.0,0.0,0.0,1,75.0,0.0,0,349.0,0.0,0.0,0.0,0.0,0.0,2
2023-05-11 10:37:58,p2311-C-7300,p2311-C-7300,349.0,0.0,0.0,0.0,10,75.5,0.0,0,349.0,0.0,0.0,0.0,0.0,0.0,2
2023-05-11 10:37:59,p2311-C-7300,p2311-C-7300,349.0,0.0,0.0,0.0,1,82.0,0.0,0,349.0,0.0,0.0,0.0,0.0,0.0,2
2023-05-11 10:38:00,p2311-C-7300,p2311-C-7300,349.0,0.0,0.0,0.0,10,82.5,0.0,0,349.0,0.0,0.0,0.0,0.0,0.0,2
2023-05-11 10:38:01,p2311-C-7300,p2311-C-7300,349.0,0.0,0.0,0.0,1,86.0,0.0,0,349.0,0.0,0.0,0.0,0.0,0.0,2
2023-05-11 10:38:01,p2311-C-7300,p2311-C-7300,349.0,0.0,0.0,0.0,10,86.5,0.0,0,349.0,0.0,0.0,0.0,0.0,0.0,2
2023-05-11 10:38:02,p2311-C-7300,p2311-C-7300,349.0,0.0,0.0,0.0,1,61.5,0.0,0,349.0,0.0,0.0,0.0,0.0,0.0,2
2023-05-11 10:38:03,p2311-C-7300,p2311-C-7300,349.0,0.0,0.0,0.0,1,68.0,0.0,0,349.0,0.0,0.0,0.0,0.0,0.0,2
2023-05-11 10:38:03,p2311-C-7300,p2311-C-7300,349.0,0.0,0.0,0.0,1,74.5,0.0,0,349.0,0.0,0.0,0.0,0.0,0.0,2
2023-05-11 10:38:04,p2311-C-7300,p2311-C-7300,349.0,0.0,0.0,0.0,10,75.0,0.0,0,349.0,0.0,0.0,0.0,0.0,0.0,2
2023-05-11 10:38:04,p2311-C-7300,p2311-C-7300,349.0,0.0,0.0,0.0,1,75.5,0.0,0,349.0,0.0,0.0,0.0,0.0,0.0,2
2023-05-11 10:38:04,p2311-C-7300,p2311-C-7300,349.0,0.0,0.0,0.0,10,76.0,0.0,0,349.0,0.0,0.0,0.0,0.0,0.0,2
2023-05-11 10:38:05,p2311-C-7300,p2311-C-7300,349.0,0.0,0.0,0.0,1,61.5,0.0,0,349.0,0.0,0.0,0.0,0.0,0.0,2
2023-05-11 10:38:06,p2311-C-7300,p2311-C-7300,349.0,0.0,0.0,0.0,1,68.0,0.0,0,349.0,0.0,0.0,0.0,0.0,0.0,2
2023-05-11 10:38:07,p2311-C-7300,p2311-C-7300,349.0,0.0,0.0,0.0,10,68.5,0.0,0,349.0,0.0,0.0,0.0,0.0,0.0,2
2023-05-11 10:38:07,p2311-C-7300,p2311-C-7300,349.0,0.0,0.0,0.0,1,72.0,0.0,0,349.0,0.0,0.0,0.0,0.0,0.0,2
2023-05-11 10:38:08,p2311-C-7300,p2311-C-7300,349.0,0.0,0.0,0.0,10,72.5,0.0,0,349.0,0.0,0.0,0.0,0.0,0.0,2
2023-05-11 10:38:08,p2311-C-7300,p2311-C-7300,349.0,0.0,0.0,0.0,1,61.5,0.0,0,349.0,0.0,0.0,0.0,0.0,0.0,2
2023-05-11 10:38:09,p2311-C-7300,p2311-C-7300,349.0,0.0,0.0,0.0,11,62.0,0.0,0,349.0,0.0,0.0,0.0,0.0,0.0,2
2023-05-11 10:38:10,p2311-C-7300,p2311-C-7300,349.0,0.0,0.0,0.0,1,62.5,0.0,0,349.0,0.0,0.0,0.0,0.0,0.0,2
2023-05-11 10:38:10,p2311-C-7300,p2311-C-7300,349.0,0.0,0.0,0.0,1,69.0,0.0,0,349.0,0.0,0.0,0.0,0.0,0.0,2
2023-05-11 10:38:11,p2311-C-7300,p2311-C-7300,349.0,0.0,0.0,0.0,1,75.5,0.0,0,349.0,0.0,0.0,0.0,0.0,0.0,2
2023-05-11 10:38:11,p2311-C-7300,p2311-C-7300,349.0,0.0,0.0,0.0,10,76.0,0.0,0,349.0,0.0,0.0,0.0,0.0,0.0,2
2023-05-11 10:38:12,p2311-C-7300,p2311-C-7300,349.0,0.0,0.0,0.0,1,61.5,0.0,0,349.0,0.0,0.0,0.0,0.0,0.0,2
2023-05-11 10:38:12,p2311-C-7300,p2311-C-7300,349.0,0.0,0.0,0.0,1,68.0,0.0,0,349.0,0.0,0.0,0.0,0.0,0.0,2
2023-05-11 10:38:13,p2311-C-7300,p2311-C-7300,349.0,0.0,0.0,0.0,10,68.5,0.0,0,349.0,0.0,0.0,0.0,0.0,0.0,2
2023-05-11 10:38:13,p2311-C-7300,p2311-C-7300,349.0,0.0,0.0,0.0,1,74.5,0.0,0,349.0,0.0,0.0,0.0,0.0,0.0,2
2023-05-11 10:38:14,p2311-C-7300,p2311-C-7300,349.0,0.0,0.0,0.0,1,61.5,0.0,0,349.0,0.0,0.0,0.0,0.0,0.0,2
2023-05-11 10:38:14,p2311-C-7300,p2311-C-7300,349.0,0.0,0.0,0.0,10,62.0,0.0,0,349.0,0.0,0.0,0.0,0.0,0.0,2
2023-05-11 10:38:15,p2311-C-7300,p2311-C-7300,349.0,0.0,0.0,0.0,1,68.0,0.0,0,349.0,0.0,0.0,0.0,0.0,0.0,2
2023-05-11 10:38:15,p2311-C-7300,p2311-C-7300,349.0,0.0,0.0,0.0,10,68.5,0.0,0,349.0,0.0,0.0,0.0,0.0,0.0,2
2023-05-11 10:38:16,p2311-C-7300,p2311-C-7300,349.0,0.0,0.0,0.0,1,75.0,0.0,0,349.0,0.0,0.0,0.0,0.0,0.0,2
2023-05-11 10:38:16,p2311-C-7300,p2311-C-7300,349.0,0.0,0.0,0.0,10,75.5,0.0,0,349.0,0.0,0.0,0.0,0.0,0.0,2
2023-05-11 10:38:17,p2311-C-7300,p2311-C-7300,349.0,0.0,0.0,0.0,1,61.5,0.0,0,349.0,0.0,0.0,0.0,0.0,0.0,2
2023-05-11 10:38:17,p2311-C-7300,p2311-C-7300,349.0,0.0,0.0,0.0,1,68.0,0.0,0,349.0,0.0,0.0,0.0,0.0,0.0,2
2023-05-11 10:38:18,p2311-C-7300,p2311-C-7300,349.0,0.0,0.0,0.0,1,74.5,0.0,0,349.0,0.0,0.0,0.0,0.0,0.0,2
2023-05-11 10:38:18,p2311-C-7300,p2311-C-7300,349.0,0.0,0.0,0.0,10,75.0,0.0,0,349.0,0.0,0.0,0.0,0.0,0.0,2
2023-05-11 10:38:19,p2311-C-7300,p2311-C-7300,349.0,0.0,0.0,0.0,1,61.5,0.0,0,349.0,0.0,0.0,0.0,0.0,0.0,2
2023-05-11 10:38:19,p2311-C-7300,p2311-C-7300,349.0,0.0,0.0,0.0,10,62.0,0.0,0,349.0,0.0,0.0,0.0,0.0,0.0,2
2023-05-11 10:38:20,p2311-C-7300,p2311-C-7300,349.0,0.0,0.0,0.0,1,68.5,0.0,0,349.0,0.0,0.0,0.0,0.0,0.0,2
2023-05-11 10:38:21,p2311-C-7300,p2311-C-7300,349.0,0.0,0.0,0.0,10,69.0,0.0,0,349.0,0.0,0.0,0.0,0.0,0.0,2
2023-05-11 10:38:22,p2311-C-7300,p2311-C-7300,349.0,0.0,0.0,0.0,1,69.5,0.0,0,349.0,0.0,0.0,0.0,0.0,0.0,2
2023-05-11 10:38:23,p2311-C-7300,p2311-C-7300,349.0,0.0,0.0,0.0,10,70.0,0.0,0,349.0,0.0,0.0,0.0,0.0,0.0,2
2023-05-11 10:38:23,p2311-C-7300,p2311-C-7300,349.0,0.0,0.0,0.0,1,76.5,0.0,0,349.0,0.0,0.0,0.0,0.0,0.0,2
2023-05-11 10:38:24,p2311-C-7300,p2311-C-7300,349.0,0.0,0.0,0.0,10,77.0,0.0,0,349.0,0.0,0.0,0.0,0.0,0.0,2
2023-05-11 10:38:26,p2311-C-7300,p2311-C-7300,349.0,0.0,0.0,0.0,1,83.5,0.0,0,349.0,0.0,0.0,0.0,0.0,0.0,2
2023-05-11 10:38:26,p2311-C-7300,p2311-C-7300,349.0,0.0,0.0,0.0,10,84.0,0.0,0,349.0,0.0,0.0,0.0,0.0,0.0,2
2023-05-11 10:38:27,p2311-C-7300,p2311-C-7300,349.0,0.0,0.0,0.0,1,84.5,0.0,0,349.0,0.0,0.0,0.0,0.0,0.0,2
2023-05-11 10:38:28,p2311-C-7300,p2311-C-7300,349.0,0.0,0.0,0.0,10,85.0,0.0,0,349.0,0.0,0.0,0.0,0.0,0.0,2
2023-05-11 10:38:29,p2311-C-7300,p2311-C-7300,349.0,0.0,0.0,0.0,1,91.5,0.0,0,349.0,0.0,0.0,0.0,0.0,0.0,2
2023-05-11 10:38:29,p2311-C-7300,p2311-C-7300,349.0,0.0,0.0,0.0,10,92.0,0.0,0,349.0,0.0,0.0,0.0,0.0,0.0,2
2023-05-11 10:38:32,p2311-C-7300,p2311-C-7300,349.0,0.0,0.0,0.0,1,98.5,0.0,0,349.0,0.0,0.0,0.0,0.0,0.0,2
2023-05-11 10:38:32,p2311-C-7300,p2311-C-7300,349.0,0.0,0.0,0.0,10,99.0,0.0,0,349.0,0.0,0.0,0.0,0.0,0.0,2
2023-05-11 10:38:45,p2311-C-7300,p2311-C-7300,349.0,0.0,0.0,0.0,1,102.5,0.0,0,349.0,0.0,0.0,0.0,0.0,0.0,2
2023-05-11 10:38:45,p2311-C-7300,p2311-C-7300,349.0,0.0,0.0,0.0,10,103.0,0.0,0,349.0,0.0,0.0,0.0,0.0,0.0,2
2023-05-11 10:38:47,p2311-C-7300,p2311-C-7300,349.0,0.0,0.0,0.0,1,106.5,0.0,0,349.0,0.0,0.0,0.0,0.0,0.0,2
2023-05-11 10:38:48,p2311-C-7300,p2311-C-7300,349.0,0.0,0.0,0.0,10,107.0,0.0,0,349.0,0.0,0.0,0.0,0.0,0.0,2
2023-05-11 10:38:49,p2311-C-7300,p2311-C-7300,349.0,0.0,0.0,0.0,1,107.5,0.0,0,349.0,0.0,0.0,0.0,0.0,0.0,2
2023-05-11 10:38:49,p2311-C-7300,p2311-C-7300,349.0,0.0,0.0,0.0,10,108.0,0.0,0,349.0,0.0,0.0,0.0,0.0,0.0,2
2023-05-11 10:38:50,p2311-C-7300,p2311-C-7300,349.0,0.0,0.0,0.0,1,61.5,0.0,0,349.0,0.0,0.0,0.0,0.0,0.0,2
2023-05-11 10:38:51,p2311-C-7300,p2311-C-7300,349.0,0.0,0.0,0.0,1,68.0,0.0,0,349.0,0.0,0.0,0.0,0.0,0.0,2
2023-05-11 10:38:51,p2311-C-7300,p2311-C-7300,349.0,0.0,0.0,0.0,1,71.5,0.0,0,349.0,0.0,0.0,0.0,0.0,0.0,2
2023-05-11 10:38:51,p2311-C-7300,p2311-C-7300,349.0,0.0,0.0,0.0,10,72.0,0.0,0,349.0,0.0,0.0,0.0,0.0,0.0,2
2023-05-11 10:38:53,p2311-C-7300,p2311-C-7300,349.0,0.0,0.0,0.0,1,75.5,0.0,0,349.0,0.0,0.0,0.0,0.0,0.0,2
2023-05-11 10:38:53,p2311-C-7300,p2311-C-7300,349.0,0.0,0.0,0.0,10,76.0,0.0,0,349.0,0.0,0.0,0.0,0.0,0.0,2
2023-05-11 10:38:54,p2311-C-7300,p2311-C-7300,349.0,0.0,0.0,0.0,1,82.5,0.0,0,349.0,0.0,0.0,0.0,0.0,0.0,2
2023-05-11 10:38:54,p2311-C-7300,p2311-C-7300,349.0,0.0,0.0,0.0,10,83.0,0.0,0,349.0,0.0,0.0,0.0,0.0,0.0,2
2023-05-11 10:38:56,p2311-C-7300,p2311-C-7300,349.0,0.0,0.0,0.0,1,89.5,0.0,0,349.0,0.0,0.0,0.0,0.0,0.0,2
2023-05-11 10:38:57,p2311-C-7300,p2311-C-7300,349.0,0.0,0.0,0.0,10,90.0,0.0,0,349.0,0.0,0.0,0.0,0.0,0.0,2
2023-05-11 10:38:57,p2311-C-7300,p2311-C-7300,349.0,0.0,0.0,0.0,1,96.0,0.0,0,349.0,0.0,0.0,0.0,0.0,0.0,2
2023-05-11 10:38:58,p2311-C-7300,p2311-C-7300,349.0,0.0,0.0,0.0,10,96.5,0.0,0,349.0,0.0,0.0,0.0,0.0,0.0,2
2023-05-11 10:38:59,p2311-C-7300,p2311-C-7300,349.0,0.0,0.0,0.0,1,97.0,0.0,0,349.0,0.0,0.0,0.0,0.0,0.0,2
2023-05-11 10:39:00,p2311-C-7300,p2311-C-7300,349.0,0.0,0.0,0.0,1,103.5,0.0,0,349.0,0.0,0.0,0.0,0.0,0.0,2
2023-05-11 10:39:00,p2311-C-7300,p2311-C-7300,349.0,0.0,0.0,0.0,10,104.0,0.0,0,349.0,0.0,0.0,0.0,0.0,0.0,2
2023-05-11 10:39:02,p2311-C-7300,p2311-C-7300,349.0,0.0,0.0,0.0,1,61.5,0.0,0,349.0,0.0,0.0,0.0,0.0,0.0,2
2023-05-11 10:39:03,p2311-C-7300,p2311-C-7300,349.0,0.0,0.0,0.0,1,68.0,0.0,0,349.0,0.0,0.0,0.0,0.0,0.0,2
2023-05-11 10:39:03,p2311-C-7300,p2311-C-7300,349.0,0.0,0.0,0.0,10,68.5,0.0,0,349.0,0.0,0.0,0.0,0.0,0.0,2
2023-05-11 10:39:06,p2311-C-7300,p2311-C-7300,349.0,0.0,0.0,0.0,1,72.0,0.0,0,349.0,0.0,0.0,0.0,0.0,0.0,2
2023-05-11 10:39:06,p2311-C-7300,p2311-C-7300,349.0,0.0,0.0,0.0,10,72.5,0.0,0,349.0,0.0,0.0,0.0,0.0,0.0,2
2023-05-11 10:39:08,p2311-C-7300,p2311-C-7300,349.0,0.0,0.0,0.0,1,73.0,0.0,0,349.0,0.0,0.0,0.0,0.0,0.0,2
2023-05-11 10:39:08,p2311-C-7300,p2311-C-7300,349.0,0.0,0.0,0.0,10,73.5,0.0,0,349.0,0.0,0.0,0.0,0.0,0.0,2
2023-05-11 10:39:09,p2311-C-7300,p2311-C-7300,349.0,0.0,0.0,0.0,1,74.0,0.0,0,349.0,0.0,0.0,0.0,0.0,0.0,2
2023-05-11 10:39:09,p2311-C-7300,p2311-C-7300,349.0,0.0,0.0,0.0,10,74.5,0.0,0,349.0,0.0,0.0,0.0,0.0,0.0,2
2023-05-11 10:39:11,p2311-C-7300,p2311-C-7300,349.0,0.0,0.0,0.0,1,75.0,0.0,0,349.0,0.0,0.0,0.0,0.0,0.0,2
2023-05-11 10:39:11,p2311-C-7300,p2311-C-7300,349.0,0.0,0.0,0.0,10,75.5,0.0,0,349.0,0.0,0.0,0.0,0.0,0.0,2
2023-05-11 10:39:12,p2311-C-7300,p2311-C-7300,349.0,0.0,0.0,0.0,1,76.0,0.0,0,349.0,0.0,0.0,0.0,0.0,0.0,2
2023-05-11 10:39:12,p2311-C-7300,p2311-C-7300,349.0,0.0,0.0,0.0,10,76.5,0.0,0,349.0,0.0,0.0,0.0,0.0,0.0,2
2023-05-11 10:39:13,p2311-C-7300,p2311-C-7300,349.0,0.0,0.0,0.0,1,83.0,0.0,0,349.0,0.0,0.0,0.0,0.0,0.0,2
2023-05-11 10:39:14,p2311-C-7300,p2311-C-7300,349.0,0.0,0.0,0.0,11,83.5,0.0,0,349.0,0.0,0.0,0.0,0.0,0.0,2
2023-05-11 10:39:14,p2311-C-7300,p2311-C-7300,349.0,0.0,0.0,0.0,1,90.0,0.0,0,349.0,0.0,0.0,0.0,0.0,0.0,2
2023-05-11 10:39:15,p2311-C-7300,p2311-C-7300,349.0,0.0,0.0,0.0,10,90.5,0.0,0,349.0,0.0,0.0,0.0,0.0,0.0,2
2023-05-11 10:39:16,p2311-C-7300,p2311-C-7300,349.0,0.0,0.0,0.0,1,61.5,0.0,0,349.0,0.0,0.0,0.0,0.0,0.0,2
2023-05-11 10:39:16,p2311-C-7300,p2311-C-7300,349.0,0.0,0.0,0.0,10,62.0,0.0,0,349.0,0.0,0.0,0.0,0.0,0.0,2
2023-05-11 10:40:18,p2311-C-7300,p2311-C-7300,349.0,0.0,0.0,0.0,1,62.5,0.0,0,349.0,0.0,0.0,0.0,0.0,0.0,2
2023-05-11 10:40:18,p2311-C-7300,p2311-C-7300,349.0,0.0,0.0,0.0,10,63.0,0.0,0,349.0,0.0,0.0,0.0,0.0,0.0,2
2023-05-11 11:12:32,p2311-C-7300,p2311-C-7300,349.0,0.0,0.0,0.0,1,63.5,0.0,0,349.0,0.0,0.0,0.0,0.0,0.0,2
2023-05-11 11:12:32,p2311-C-7300,p2311-C-7300,349.0,0.0,0.0,0.0,10,64.0,0.0,0,349.0,0.0,0.0,0.0,0.0,0.0,2
2023-05-11 11:29:33,p2311-C-7300,p2311-C-7300,349.0,0.0,0.0,0.0,1,43.5,0.0,0,349.0,0.0,0.0,0.0,0.0,0.0,2
2023-05-11 13:30:02,p2311-C-7300,p2311-C-7300,349.0,0.0,0.0,0.0,10,44.0,0.0,0,349.0,0.0,0.0,0.0,0.0,0.0,2
2023-05-11 13:31:14,p2311-C-7300,p2311-C-7300,349.0,0.0,0.0,0.0,1,44.5,0.0,0,349.0,0.0,0.0,0.0,0.0,0.0,2
2023-05-11 13:31:14,p2311-C-7300,p2311-C-7300,349.0,0.0,0.0,0.0,10,45.0,0.0,0,349.0,0.0,0.0,0.0,0.0,0.0,2
2023-05-11 14:21:44,p2311-C-7300,p2311-C-7300,349.0,0.0,0.0,0.0,1,45.5,0.0,0,349.0,0.0,0.0,0.0,0.0,0.0,2
2023-05-11 14:21:44,p2311-C-7300,p2311-C-7300,349.0,0.0,0.0,0.0,10,46.0,0.0,0,349.0,0.0,0.0,0.0,0.0,0.0,2
2023-05-11 14:56:38,p2311-C-7300,p2311-C-7300,349.0,0.0,0.0,0.0,1,45.5,0.0,0,349.0,0.0,0.0,0.0,0.0,0.0,2
2023-05-11 14:59:05,p2311-C-7300,p2311-C-7300,349.0,0.0,0.0,0.0,10,46.0,0.0,0,349.0,0.0,0.0,0.0,0.0,0.0,2
2023-05-11 14:59:55,p2311-C-7300,p2311-C-7300,349.0,0.0,0.0,0.0,1,45.5,0.0,0,349.0,0.0,0.0,0.0,0.0,0.0,2
2023-05-11 15:01:10,p2311-C-7300,p2311-C-7300,349.0,0.0,0.0,0.0,1,45.5,0.0,0,349.0,0.0,0.0,0.0,0.0,0.0,2
