time,symbol_id,symbol_name,last,trade_volume,trade_amount,open_interest_change,bv1,bp1,ap1,av1,yesterday_close,today_open,today_high,today_low,volume,amount,open_interest
2023-05-10 20:55:38,p2311-C-7400,p2311-C-7400,312.0,0.0,0.0,0.0,1,0.5,0.0,0,312.0,0.0,0.0,0.0,0.0,0.0,3
2023-05-10 21:00:07,p2311-C-7400,p2311-C-7400,312.0,0.0,0.0,0.0,10,1.0,0.0,0,312.0,0.0,0.0,0.0,0.0,0.0,3
2023-05-10 21:00:34,p2311-C-7400,p2311-C-7400,312.0,0.0,0.0,0.0,1,40.5,0.0,0,312.0,0.0,0.0,0.0,0.0,0.0,3
2023-05-10 21:00:34,p2311-C-7400,p2311-C-7400,312.0,0.0,0.0,0.0,10,41.0,0.0,0,312.0,0.0,0.0,0.0,0.0,0.0,3
2023-05-10 21:01:48,p2311-C-7400,p2311-C-7400,312.0,0.0,0.0,0.0,1,41.5,0.0,0,312.0,0.0,0.0,0.0,0.0,0.0,3
2023-05-10 21:01:48,p2311-C-7400,p2311-C-7400,312.0,0.0,0.0,0.0,10,42.0,0.0,0,312.0,0.0,0.0,0.0,0.0,0.0,3
2023-05-10 21:01:53,p2311-C-7400,p2311-C-7400,312.0,0.0,0.0,0.0,1,42.5,0.0,0,312.0,0.0,0.0,0.0,0.0,0.0,3
2023-05-10 21:01:53,p2311-C-7400,p2311-C-7400,312.0,0.0,0.0,0.0,10,43.0,0.0,0,312.0,0.0,0.0,0.0,0.0,0.0,3
2023-05-10 21:05:55,p2311-C-7400,p2311-C-7400,312.0,0.0,0.0,0.0,1,43.5,0.0,0,312.0,0.0,0.0,0.0,0.0,0.0,3
2023-05-10 21:05:55,p2311-C-7400,p2311-C-7400,312.0,0.0,0.0,0.0,10,44.0,0.0,0,312.0,0.0,0.0,0.0,0.0,0.0,3
2023-05-10 21:12:30,p2311-C-7400,p2311-C-7400,312.0,0.0,0.0,0.0,1,44.5,0.0,0,312.0,0.0,0.0,0.0,0.0,0.0,3
2023-05-10 21:12:30,p2311-C-7400,p2311-C-7400,312.0,0.0,0.0,0.0,10,45.0,0.0,0,312.0,0.0,0.0,0.0,0.0,0.0,3
2023-05-10 21:12:42,p2311-C-7400,p2311-C-7400,312.0,0.0,0.0,0.0,1,45.5,0.0,0,312.0,0.0,0.0,0.0,0.0,0.0,3
2023-05-10 21:12:42,p2311-C-7400,p2311-C-7400,312.0,0.0,0.0,0.0,10,46.0,0.0,0,312.0,0.0,0.0,0.0,0.0,0.0,3
2023-05-10 21:13:04,p2311-C-7400,p2311-C-7400,312.0,0.0,0.0,0.0,1,46.5,0.0,0,312.0,0.0,0.0,0.0,0.0,0.0,3
2023-05-10 21:13:04,p2311-C-7400,p2311-C-7400,312.0,0.0,0.0,0.0,10,47.0,0.0,0,312.0,0.0,0.0,0.0,0.0,0.0,3
2023-05-10 21:13:12,p2311-C-7400,p2311-C-7400,312.0,0.0,0.0,0.0,1,47.5,0.0,0,312.0,0.0,0.0,0.0,0.0,0.0,3
2023-05-10 21:13:12,p2311-C-7400,p2311-C-7400,312.0,0.0,0.0,0.0,10,48.0,0.0,0,312.0,0.0,0.0,0.0,0.0,0.0,3
2023-05-10 21:13:14,p2311-C-7400,p2311-C-7400,312.0,0.0,0.0,0.0,1,48.5,0.0,0,312.0,0.0,0.0,0.0,0.0,0.0,3
2023-05-10 21:13:14,p2311-C-7400,p2311-C-7400,312.0,0.0,0.0,0.0,10,49.0,0.0,0,312.0,0.0,0.0,0.0,0.0,0.0,3
2023-05-10 21:13:17,p2311-C-7400,p2311-C-7400,312.0,0.0,0.0,0.0,1,49.5,0.0,0,312.0,0.0,0.0,0.0,0.0,0.0,3
2023-05-10 21:13:17,p2311-C-7400,p2311-C-7400,312.0,0.0,0.0,0.0,10,50.0,0.0,0,312.0,0.0,0.0,0.0,0.0,0.0,3
2023-05-10 21:13:20,p2311-C-7400,p2311-C-7400,312.0,0.0,0.0,0.0,1,50.5,0.0,0,312.0,0.0,0.0,0.0,0.0,0.0,3
2023-05-10 21:13:20,p2311-C-7400,p2311-C-7400,312.0,0.0,0.0,0.0,10,51.0,0.0,0,312.0,0.0,0.0,0.0,0.0,0.0,3
2023-05-10 21:13:24,p2311-C-7400,p2311-C-7400,312.0,0.0,0.0,0.0,1,51.5,0.0,0,312.0,0.0,0.0,0.0,0.0,0.0,3
2023-05-10 21:13:24,p2311-C-7400,p2311-C-7400,312.0,0.0,0.0,0.0,10,52.0,0.0,0,312.0,0.0,0.0,0.0,0.0,0.0,3
2023-05-10 21:13:27,p2311-C-7400,p2311-C-7400,312.0,0.0,0.0,0.0,1,52.5,0.0,0,312.0,0.0,0.0,0.0,0.0,0.0,3
2023-05-10 21:13:27,p2311-C-7400,p2311-C-7400,312.0,0.0,0.0,0.0,10,53.0,0.0,0,312.0,0.0,0.0,0.0,0.0,0.0,3
2023-05-10 21:13:30,p2311-C-7400,p2311-C-7400,312.0,0.0,0.0,0.0,1,53.5,0.0,0,312.0,0.0,0.0,0.0,0.0,0.0,3
2023-05-10 21:13:30,p2311-C-7400,p2311-C-7400,312.0,0.0,0.0,0.0,10,54.0,0.0,0,312.0,0.0,0.0,0.0,0.0,0.0,3
2023-05-10 21:13:33,p2311-C-7400,p2311-C-7400,312.0,0.0,0.0,0.0,1,54.5,0.0,0,312.0,0.0,0.0,0.0,0.0,0.0,3
2023-05-10 21:13:33,p2311-C-7400,p2311-C-7400,312.0,0.0,0.0,0.0,10,55.0,0.0,0,312.0,0.0,0.0,0.0,0.0,0.0,3
2023-05-10 21:13:38,p2311-C-7400,p2311-C-7400,312.0,0.0,0.0,0.0,1,55.5,0.0,0,312.0,0.0,0.0,0.0,0.0,0.0,3
2023-05-10 21:13:38,p2311-C-7400,p2311-C-7400,312.0,0.0,0.0,0.0,10,56.0,0.0,0,312.0,0.0,0.0,0.0,0.0,0.0,3
2023-05-10 21:13:42,p2311-C-7400,p2311-C-7400,312.0,0.0,0.0,0.0,1,56.5,0.0,0,312.0,0.0,0.0,0.0,0.0,0.0,3
2023-05-10 21:13:42,p2311-C-7400,p2311-C-7400,312.0,0.0,0.0,0.0,10,57.0,0.0,0,312.0,0.0,0.0,0.0,0.0,0.0,3
2023-05-10 21:13:47,p2311-C-7400,p2311-C-7400,312.0,0.0,0.0,0.0,1,57.5,0.0,0,312.0,0.0,0.0,0.0,0.0,0.0,3
2023-05-10 21:13:47,p2311-C-7400,p2311-C-7400,312.0,0.0,0.0,0.0,10,58.0,0.0,0,312.0,0.0,0.0,0.0,0.0,0.0,3
2023-05-10 21:13:51,p2311-C-7400,p2311-C-7400,312.0,0.0,0.0,0.0,1,58.5,0.0,0,312.0,0.0,0.0,0.0,0.0,0.0,3
2023-05-10 21:13:51,p2311-C-7400,p2311-C-7400,312.0,0.0,0.0,0.0,10,59.0,0.0,0,312.0,0.0,0.0,0.0,0.0,0.0,3
2023-05-10 21:13:55,p2311-C-7400,p2311-C-7400,312.0,0.0,0.0,0.0,1,59.5,0.0,0,312.0,0.0,0.0,0.0,0.0,0.0,3
2023-05-10 21:13:55,p2311-C-7400,p2311-C-7400,312.0,0.0,0.0,0.0,10,60.0,0.0,0,312.0,0.0,0.0,0.0,0.0,0.0,3
2023-05-10 21:14:00,p2311-C-7400,p2311-C-7400,312.0,0.0,0.0,0.0,1,60.5,0.0,0,312.0,0.0,0.0,0.0,0.0,0.0,3
2023-05-10 21:14:00,p2311-C-7400,p2311-C-7400,312.0,0.0,0.0,0.0,10,61.0,0.0,0,312.0,0.0,0.0,0.0,0.0,0.0,3
2023-05-10 21:14:07,p2311-C-7400,p2311-C-7400,312.0,0.0,0.0,0.0,1,61.5,0.0,0,312.0,0.0,0.0,0.0,0.0,0.0,3
2023-05-10 21:14:07,p2311-C-7400,p2311-C-7400,312.0,0.0,0.0,0.0,10,62.0,0.0,0,312.0,0.0,0.0,0.0,0.0,0.0,3
2023-05-10 21:14:37,p2311-C-7400,p2311-C-7400,312.0,0.0,0.0,0.0,1,62.5,0.0,0,312.0,0.0,0.0,0.0,0.0,0.0,3
2023-05-10 21:14:37,p2311-C-7400,p2311-C-7400,312.0,0.0,0.0,0.0,10,63.0,0.0,0,312.0,0.0,0.0,0.0,0.0,0.0,3
2023-05-10 21:14:41,p2311-C-7400,p2311-C-7400,312.0,0.0,0.0,0.0,1,63.5,0.0,0,312.0,0.0,0.0,0.0,0.0,0.0,3
2023-05-10 21:14:41,p2311-C-7400,p2311-C-7400,312.0,0.0,0.0,0.0,10,64.0,0.0,0,312.0,0.0,0.0,0.0,0.0,0.0,3
2023-05-10 21:14:44,p2311-C-7400,p2311-C-7400,312.0,0.0,0.0,0.0,1,64.5,0.0,0,312.0,0.0,0.0,0.0,0.0,0.0,3
2023-05-10 21:14:44,p2311-C-7400,p2311-C-7400,312.0,0.0,0.0,0.0,10,65.0,0.0,0,312.0,0.0,0.0,0.0,0.0,0.0,3
2023-05-10 21:16:02,p2311-C-7400,p2311-C-7400,312.0,0.0,0.0,0.0,1,65.5,0.0,0,312.0,0.0,0.0,0.0,0.0,0.0,3
2023-05-10 21:16:02,p2311-C-7400,p2311-C-7400,312.0,0.0,0.0,0.0,10,66.0,0.0,0,312.0,0.0,0.0,0.0,0.0,0.0,3
2023-05-10 21:16:19,p2311-C-7400,p2311-C-7400,312.0,0.0,0.0,0.0,1,66.5,0.0,0,312.0,0.0,0.0,0.0,0.0,0.0,3
2023-05-10 21:16:19,p2311-C-7400,p2311-C-7400,312.0,0.0,0.0,0.0,10,67.0,0.0,0,312.0,0.0,0.0,0.0,0.0,0.0,3
2023-05-10 21:16:22,p2311-C-7400,p2311-C-7400,312.0,0.0,0.0,0.0,1,67.5,0.0,0,312.0,0.0,0.0,0.0,0.0,0.0,3
2023-05-10 21:16:22,p2311-C-7400,p2311-C-7400,312.0,0.0,0.0,0.0,10,68.0,0.0,0,312.0,0.0,0.0,0.0,0.0,0.0,3
2023-05-10 21:18:20,p2311-C-7400,p2311-C-7400,312.0,0.0,0.0,0.0,1,68.5,0.0,0,312.0,0.0,0.0,0.0,0.0,0.0,3
2023-05-10 21:18:20,p2311-C-7400,p2311-C-7400,312.0,0.0,0.0,0.0,10,69.0,0.0,0,312.0,0.0,0.0,0.0,0.0,0.0,3
2023-05-10 21:18:22,p2311-C-7400,p2311-C-7400,312.0,0.0,0.0,0.0,1,69.5,0.0,0,312.0,0.0,0.0,0.0,0.0,0.0,3
2023-05-10 21:18:22,p2311-C-7400,p2311-C-7400,312.0,0.0,0.0,0.0,10,70.0,0.0,0,312.0,0.0,0.0,0.0,0.0,0.0,3
2023-05-10 21:18:24,p2311-C-7400,p2311-C-7400,312.0,0.0,0.0,0.0,1,70.5,0.0,0,312.0,0.0,0.0,0.0,0.0,0.0,3
2023-05-10 21:18:24,p2311-C-7400,p2311-C-7400,312.0,0.0,0.0,0.0,10,71.0,0.0,0,312.0,0.0,0.0,0.0,0.0,0.0,3
2023-05-10 21:18:25,p2311-C-7400,p2311-C-7400,312.0,0.0,0.0,0.0,1,71.5,0.0,0,312.0,0.0,0.0,0.0,0.0,0.0,3
2023-05-10 21:18:25,p2311-C-7400,p2311-C-7400,312.0,0.0,0.0,0.0,10,72.0,0.0,0,312.0,0.0,0.0,0.0,0.0,0.0,3
2023-05-10 21:18:27,p2311-C-7400,p2311-C-7400,312.0,0.0,0.0,0.0,1,72.5,0.0,0,312.0,0.0,0.0,0.0,0.0,0.0,3
2023-05-10 21:18:27,p2311-C-7400,p2311-C-7400,312.0,0.0,0.0,0.0,10,73.0,0.0,0,312.0,0.0,0.0,0.0,0.0,0.0,3
2023-05-10 21:18:28,p2311-C-7400,p2311-C-7400,312.0,0.0,0.0,0.0,1,73.5,0.0,0,312.0,0.0,0.0,0.0,0.0,0.0,3
2023-05-10 21:18:28,p2311-C-7400,p2311-C-7400,312.0,0.0,0.0,0.0,10,74.0,0.0,0,312.0,0.0,0.0,0.0,0.0,0.0,3
2023-05-10 21:18:30,p2311-C-7400,p2311-C-7400,312.0,0.0,0.0,0.0,1,74.5,0.0,0,312.0,0.0,0.0,0.0,0.0,0.0,3
2023-05-10 21:18:30,p2311-C-7400,p2311-C-7400,312.0,0.0,0.0,0.0,10,75.0,0.0,0,312.0,0.0,0.0,0.0,0.0,0.0,3
2023-05-10 21:18:32,p2311-C-7400,p2311-C-7400,312.0,0.0,0.0,0.0,1,75.5,0.0,0,312.0,0.0,0.0,0.0,0.0,0.0,3
2023-05-10 21:18:32,p2311-C-7400,p2311-C-7400,312.0,0.0,0.0,0.0,10,76.0,0.0,0,312.0,0.0,0.0,0.0,0.0,0.0,3
2023-05-10 21:18:34,p2311-C-7400,p2311-C-7400,312.0,0.0,0.0,0.0,1,76.5,0.0,0,312.0,0.0,0.0,0.0,0.0,0.0,3
2023-05-10 21:18:34,p2311-C-7400,p2311-C-7400,312.0,0.0,0.0,0.0,10,77.0,0.0,0,312.0,0.0,0.0,0.0,0.0,0.0,3
2023-05-10 21:18:36,p2311-C-7400,p2311-C-7400,312.0,0.0,0.0,0.0,1,77.5,0.0,0,312.0,0.0,0.0,0.0,0.0,0.0,3
2023-05-10 21:18:36,p2311-C-7400,p2311-C-7400,312.0,0.0,0.0,0.0,10,78.0,0.0,0,312.0,0.0,0.0,0.0,0.0,0.0,3
2023-05-10 21:18:38,p2311-C-7400,p2311-C-7400,312.0,0.0,0.0,0.0,1,78.5,0.0,0,312.0,0.0,0.0,0.0,0.0,0.0,3
2023-05-10 21:18:38,p2311-C-7400,p2311-C-7400,312.0,0.0,0.0,0.0,10,79.0,0.0,0,312.0,0.0,0.0,0.0,0.0,0.0,3
2023-05-10 21:18:39,p2311-C-7400,p2311-C-7400,312.0,0.0,0.0,0.0,1,79.5,0.0,0,312.0,0.0,0.0,0.0,0.0,0.0,3
2023-05-10 21:18:39,p2311-C-7400,p2311-C-7400,312.0,0.0,0.0,0.0,10,80.0,0.0,0,312.0,0.0,0.0,0.0,0.0,0.0,3
2023-05-10 21:18:41,p2311-C-7400,p2311-C-7400,312.0,0.0,0.0,0.0,1,80.5,0.0,0,312.0,0.0,0.0,0.0,0.0,0.0,3
2023-05-10 21:18:41,p2311-C-7400,p2311-C-7400,312.0,0.0,0.0,0.0,10,81.0,0.0,0,312.0,0.0,0.0,0.0,0.0,0.0,3
2023-05-10 21:18:42,p2311-C-7400,p2311-C-7400,312.0,0.0,0.0,0.0,1,81.5,0.0,0,312.0,0.0,0.0,0.0,0.0,0.0,3
2023-05-10 21:18:42,p2311-C-7400,p2311-C-7400,312.0,0.0,0.0,0.0,10,82.0,0.0,0,312.0,0.0,0.0,0.0,0.0,0.0,3
2023-05-10 21:18:44,p2311-C-7400,p2311-C-7400,312.0,0.0,0.0,0.0,1,82.5,0.0,0,312.0,0.0,0.0,0.0,0.0,0.0,3
2023-05-10 21:18:44,p2311-C-7400,p2311-C-7400,312.0,0.0,0.0,0.0,10,83.0,0.0,0,312.0,0.0,0.0,0.0,0.0,0.0,3
2023-05-10 21:18:45,p2311-C-7400,p2311-C-7400,312.0,0.0,0.0,0.0,1,83.5,0.0,0,312.0,0.0,0.0,0.0,0.0,0.0,3
2023-05-10 21:18:45,p2311-C-7400,p2311-C-7400,312.0,0.0,0.0,0.0,10,84.0,0.0,0,312.0,0.0,0.0,0.0,0.0,0.0,3
2023-05-10 21:18:47,p2311-C-7400,p2311-C-7400,312.0,0.0,0.0,0.0,1,84.5,0.0,0,312.0,0.0,0.0,0.0,0.0,0.0,3
2023-05-10 21:18:47,p2311-C-7400,p2311-C-7400,312.0,0.0,0.0,0.0,10,85.0,0.0,0,312.0,0.0,0.0,0.0,0.0,0.0,3
2023-05-10 21:18:48,p2311-C-7400,p2311-C-7400,312.0,0.0,0.0,0.0,1,85.5,0.0,0,312.0,0.0,0.0,0.0,0.0,0.0,3
2023-05-10 21:18:48,p2311-C-7400,p2311-C-7400,312.0,0.0,0.0,0.0,10,86.0,0.0,0,312.0,0.0,0.0,0.0,0.0,0.0,3
2023-05-10 21:18:50,p2311-C-7400,p2311-C-7400,312.0,0.0,0.0,0.0,1,86.5,0.0,0,312.0,0.0,0.0,0.0,0.0,0.0,3
2023-05-10 21:18:50,p2311-C-7400,p2311-C-7400,312.0,0.0,0.0,0.0,10,87.0,0.0,0,312.0,0.0,0.0,0.0,0.0,0.0,3
2023-05-10 21:18:52,p2311-C-7400,p2311-C-7400,312.0,0.0,0.0,0.0,1,87.5,0.0,0,312.0,0.0,0.0,0.0,0.0,0.0,3
2023-05-10 21:18:52,p2311-C-7400,p2311-C-7400,312.0,0.0,0.0,0.0,10,88.0,0.0,0,312.0,0.0,0.0,0.0,0.0,0.0,3
2023-05-10 21:18:53,p2311-C-7400,p2311-C-7400,312.0,0.0,0.0,0.0,1,88.5,0.0,0,312.0,0.0,0.0,0.0,0.0,0.0,3
2023-05-10 21:18:53,p2311-C-7400,p2311-C-7400,312.0,0.0,0.0,0.0,10,89.0,0.0,0,312.0,0.0,0.0,0.0,0.0,0.0,3
2023-05-10 21:18:55,p2311-C-7400,p2311-C-7400,312.0,0.0,0.0,0.0,1,89.5,0.0,0,312.0,0.0,0.0,0.0,0.0,0.0,3
2023-05-10 21:18:55,p2311-C-7400,p2311-C-7400,312.0,0.0,0.0,0.0,10,90.0,0.0,0,312.0,0.0,0.0,0.0,0.0,0.0,3
2023-05-10 21:18:56,p2311-C-7400,p2311-C-7400,312.0,0.0,0.0,0.0,1,90.5,0.0,0,312.0,0.0,0.0,0.0,0.0,0.0,3
2023-05-10 21:18:56,p2311-C-7400,p2311-C-7400,312.0,0.0,0.0,0.0,10,91.0,0.0,0,312.0,0.0,0.0,0.0,0.0,0.0,3
2023-05-10 21:18:58,p2311-C-7400,p2311-C-7400,312.0,0.0,0.0,0.0,1,91.5,0.0,0,312.0,0.0,0.0,0.0,0.0,0.0,3
2023-05-10 21:18:58,p2311-C-7400,p2311-C-7400,312.0,0.0,0.0,0.0,10,92.0,0.0,0,312.0,0.0,0.0,0.0,0.0,0.0,3
2023-05-10 21:18:59,p2311-C-7400,p2311-C-7400,312.0,0.0,0.0,0.0,1,92.5,0.0,0,312.0,0.0,0.0,0.0,0.0,0.0,3
2023-05-10 21:18:59,p2311-C-7400,p2311-C-7400,312.0,0.0,0.0,0.0,10,93.0,0.0,0,312.0,0.0,0.0,0.0,0.0,0.0,3
2023-05-10 21:19:01,p2311-C-7400,p2311-C-7400,312.0,0.0,0.0,0.0,1,93.5,0.0,0,312.0,0.0,0.0,0.0,0.0,0.0,3
2023-05-10 21:19:01,p2311-C-7400,p2311-C-7400,312.0,0.0,0.0,0.0,10,94.0,0.0,0,312.0,0.0,0.0,0.0,0.0,0.0,3
2023-05-10 21:19:02,p2311-C-7400,p2311-C-7400,312.0,0.0,0.0,0.0,1,94.5,0.0,0,312.0,0.0,0.0,0.0,0.0,0.0,3
2023-05-10 21:19:02,p2311-C-7400,p2311-C-7400,312.0,0.0,0.0,0.0,10,95.0,0.0,0,312.0,0.0,0.0,0.0,0.0,0.0,3
2023-05-10 21:19:04,p2311-C-7400,p2311-C-7400,312.0,0.0,0.0,0.0,1,95.5,0.0,0,312.0,0.0,0.0,0.0,0.0,0.0,3
2023-05-10 21:19:04,p2311-C-7400,p2311-C-7400,312.0,0.0,0.0,0.0,10,96.0,0.0,0,312.0,0.0,0.0,0.0,0.0,0.0,3
2023-05-10 21:19:05,p2311-C-7400,p2311-C-7400,312.0,0.0,0.0,0.0,1,96.5,0.0,0,312.0,0.0,0.0,0.0,0.0,0.0,3
2023-05-10 21:19:05,p2311-C-7400,p2311-C-7400,312.0,0.0,0.0,0.0,10,97.0,0.0,0,312.0,0.0,0.0,0.0,0.0,0.0,3
2023-05-10 21:19:06,p2311-C-7400,p2311-C-7400,312.0,0.0,0.0,0.0,1,97.5,0.0,0,312.0,0.0,0.0,0.0,0.0,0.0,3
2023-05-10 21:19:06,p2311-C-7400,p2311-C-7400,312.0,0.0,0.0,0.0,10,98.0,0.0,0,312.0,0.0,0.0,0.0,0.0,0.0,3
2023-05-10 21:19:08,p2311-C-7400,p2311-C-7400,312.0,0.0,0.0,0.0,1,98.5,0.0,0,312.0,0.0,0.0,0.0,0.0,0.0,3
2023-05-10 21:19:08,p2311-C-7400,p2311-C-7400,312.0,0.0,0.0,0.0,10,99.0,0.0,0,312.0,0.0,0.0,0.0,0.0,0.0,3
2023-05-10 21:19:09,p2311-C-7400,p2311-C-7400,312.0,0.0,0.0,0.0,1,99.5,0.0,0,312.0,0.0,0.0,0.0,0.0,0.0,3
2023-05-10 21:19:09,p2311-C-7400,p2311-C-7400,312.0,0.0,0.0,0.0,10,100.0,0.0,0,312.0,0.0,0.0,0.0,0.0,0.0,3
2023-05-10 21:19:10,p2311-C-7400,p2311-C-7400,312.0,0.0,0.0,0.0,1,100.5,0.0,0,312.0,0.0,0.0,0.0,0.0,0.0,3
2023-05-10 21:19:10,p2311-C-7400,p2311-C-7400,312.0,0.0,0.0,0.0,10,101.0,0.0,0,312.0,0.0,0.0,0.0,0.0,0.0,3
2023-05-10 21:19:11,p2311-C-7400,p2311-C-7400,312.0,0.0,0.0,0.0,1,101.5,0.0,0,312.0,0.0,0.0,0.0,0.0,0.0,3
2023-05-10 21:19:11,p2311-C-7400,p2311-C-7400,312.0,0.0,0.0,0.0,10,102.0,0.0,0,312.0,0.0,0.0,0.0,0.0,0.0,3
2023-05-10 21:19:13,p2311-C-7400,p2311-C-7400,312.0,0.0,0.0,0.0,1,102.5,0.0,0,312.0,0.0,0.0,0.0,0.0,0.0,3
2023-05-10 21:19:13,p2311-C-7400,p2311-C-7400,312.0,0.0,0.0,0.0,10,103.0,0.0,0,312.0,0.0,0.0,0.0,0.0,0.0,3
2023-05-10 21:19:14,p2311-C-7400,p2311-C-7400,312.0,0.0,0.0,0.0,1,103.5,0.0,0,312.0,0.0,0.0,0.0,0.0,0.0,3
2023-05-10 21:19:14,p2311-C-7400,p2311-C-7400,312.0,0.0,0.0,0.0,10,104.0,0.0,0,312.0,0.0,0.0,0.0,0.0,0.0,3
2023-05-10 21:19:16,p2311-C-7400,p2311-C-7400,312.0,0.0,0.0,0.0,1,104.5,0.0,0,312.0,0.0,0.0,0.0,0.0,0.0,3
2023-05-10 21:19:16,p2311-C-7400,p2311-C-7400,312.0,0.0,0.0,0.0,10,105.0,0.0,0,312.0,0.0,0.0,0.0,0.0,0.0,3
2023-05-10 21:19:18,p2311-C-7400,p2311-C-7400,312.0,0.0,0.0,0.0,1,105.5,0.0,0,312.0,0.0,0.0,0.0,0.0,0.0,3
2023-05-10 21:19:18,p2311-C-7400,p2311-C-7400,312.0,0.0,0.0,0.0,10,106.0,0.0,0,312.0,0.0,0.0,0.0,0.0,0.0,3
2023-05-10 21:19:19,p2311-C-7400,p2311-C-7400,312.0,0.0,0.0,0.0,1,106.5,0.0,0,312.0,0.0,0.0,0.0,0.0,0.0,3
2023-05-10 21:19:19,p2311-C-7400,p2311-C-7400,312.0,0.0,0.0,0.0,10,107.0,0.0,0,312.0,0.0,0.0,0.0,0.0,0.0,3
2023-05-10 21:19:21,p2311-C-7400,p2311-C-7400,312.0,0.0,0.0,0.0,1,107.5,0.0,0,312.0,0.0,0.0,0.0,0.0,0.0,3
2023-05-10 21:19:21,p2311-C-7400,p2311-C-7400,312.0,0.0,0.0,0.0,10,108.0,0.0,0,312.0,0.0,0.0,0.0,0.0,0.0,3
2023-05-10 21:19:22,p2311-C-7400,p2311-C-7400,312.0,0.0,0.0,0.0,1,108.5,0.0,0,312.0,0.0,0.0,0.0,0.0,0.0,3
2023-05-10 21:19:22,p2311-C-7400,p2311-C-7400,312.0,0.0,0.0,0.0,10,109.0,0.0,0,312.0,0.0,0.0,0.0,0.0,0.0,3
2023-05-10 21:19:24,p2311-C-7400,p2311-C-7400,312.0,0.0,0.0,0.0,1,109.5,0.0,0,312.0,0.0,0.0,0.0,0.0,0.0,3
2023-05-10 21:19:24,p2311-C-7400,p2311-C-7400,312.0,0.0,0.0,0.0,10,110.0,0.0,0,312.0,0.0,0.0,0.0,0.0,0.0,3
2023-05-10 21:19:25,p2311-C-7400,p2311-C-7400,312.0,0.0,0.0,0.0,1,110.5,0.0,0,312.0,0.0,0.0,0.0,0.0,0.0,3
2023-05-10 21:19:25,p2311-C-7400,p2311-C-7400,312.0,0.0,0.0,0.0,10,111.0,0.0,0,312.0,0.0,0.0,0.0,0.0,0.0,3
2023-05-10 21:19:27,p2311-C-7400,p2311-C-7400,312.0,0.0,0.0,0.0,1,111.5,0.0,0,312.0,0.0,0.0,0.0,0.0,0.0,3
2023-05-10 21:19:27,p2311-C-7400,p2311-C-7400,312.0,0.0,0.0,0.0,10,112.0,0.0,0,312.0,0.0,0.0,0.0,0.0,0.0,3
2023-05-10 21:19:29,p2311-C-7400,p2311-C-7400,312.0,0.0,0.0,0.0,1,112.5,0.0,0,312.0,0.0,0.0,0.0,0.0,0.0,3
2023-05-10 21:19:29,p2311-C-7400,p2311-C-7400,312.0,0.0,0.0,0.0,10,113.0,0.0,0,312.0,0.0,0.0,0.0,0.0,0.0,3
2023-05-10 21:19:30,p2311-C-7400,p2311-C-7400,312.0,0.0,0.0,0.0,1,113.5,0.0,0,312.0,0.0,0.0,0.0,0.0,0.0,3
2023-05-10 21:19:30,p2311-C-7400,p2311-C-7400,312.0,0.0,0.0,0.0,10,114.0,0.0,0,312.0,0.0,0.0,0.0,0.0,0.0,3
2023-05-10 21:19:32,p2311-C-7400,p2311-C-7400,312.0,0.0,0.0,0.0,1,114.5,0.0,0,312.0,0.0,0.0,0.0,0.0,0.0,3
2023-05-10 21:19:32,p2311-C-7400,p2311-C-7400,312.0,0.0,0.0,0.0,10,115.0,0.0,0,312.0,0.0,0.0,0.0,0.0,0.0,3
2023-05-10 21:19:33,p2311-C-7400,p2311-C-7400,312.0,0.0,0.0,0.0,1,115.5,0.0,0,312.0,0.0,0.0,0.0,0.0,0.0,3
2023-05-10 21:19:33,p2311-C-7400,p2311-C-7400,312.0,0.0,0.0,0.0,10,116.0,0.0,0,312.0,0.0,0.0,0.0,0.0,0.0,3
2023-05-10 21:19:34,p2311-C-7400,p2311-C-7400,312.0,0.0,0.0,0.0,1,116.5,0.0,0,312.0,0.0,0.0,0.0,0.0,0.0,3
2023-05-10 21:19:34,p2311-C-7400,p2311-C-7400,312.0,0.0,0.0,0.0,10,117.0,0.0,0,312.0,0.0,0.0,0.0,0.0,0.0,3
2023-05-10 21:19:36,p2311-C-7400,p2311-C-7400,312.0,0.0,0.0,0.0,1,117.5,0.0,0,312.0,0.0,0.0,0.0,0.0,0.0,3
2023-05-10 21:19:36,p2311-C-7400,p2311-C-7400,312.0,0.0,0.0,0.0,10,118.0,0.0,0,312.0,0.0,0.0,0.0,0.0,0.0,3
2023-05-10 21:19:38,p2311-C-7400,p2311-C-7400,312.0,0.0,0.0,0.0,1,118.5,0.0,0,312.0,0.0,0.0,0.0,0.0,0.0,3
2023-05-10 21:19:38,p2311-C-7400,p2311-C-7400,312.0,0.0,0.0,0.0,10,119.0,0.0,0,312.0,0.0,0.0,0.0,0.0,0.0,3
2023-05-10 21:19:39,p2311-C-7400,p2311-C-7400,312.0,0.0,0.0,0.0,1,119.5,0.0,0,312.0,0.0,0.0,0.0,0.0,0.0,3
2023-05-10 21:19:39,p2311-C-7400,p2311-C-7400,312.0,0.0,0.0,0.0,10,120.0,0.0,0,312.0,0.0,0.0,0.0,0.0,0.0,3
2023-05-10 21:19:41,p2311-C-7400,p2311-C-7400,312.0,0.0,0.0,0.0,1,120.5,0.0,0,312.0,0.0,0.0,0.0,0.0,0.0,3
2023-05-10 21:19:41,p2311-C-7400,p2311-C-7400,312.0,0.0,0.0,0.0,10,121.0,0.0,0,312.0,0.0,0.0,0.0,0.0,0.0,3
2023-05-10 21:19:43,p2311-C-7400,p2311-C-7400,312.0,0.0,0.0,0.0,1,121.5,0.0,0,312.0,0.0,0.0,0.0,0.0,0.0,3
2023-05-10 21:19:43,p2311-C-7400,p2311-C-7400,312.0,0.0,0.0,0.0,10,122.0,0.0,0,312.0,0.0,0.0,0.0,0.0,0.0,3
2023-05-10 21:19:44,p2311-C-7400,p2311-C-7400,312.0,0.0,0.0,0.0,1,122.5,0.0,0,312.0,0.0,0.0,0.0,0.0,0.0,3
2023-05-10 21:19:44,p2311-C-7400,p2311-C-7400,312.0,0.0,0.0,0.0,10,123.0,0.0,0,312.0,0.0,0.0,0.0,0.0,0.0,3
2023-05-10 21:19:46,p2311-C-7400,p2311-C-7400,312.0,0.0,0.0,0.0,1,123.5,0.0,0,312.0,0.0,0.0,0.0,0.0,0.0,3
2023-05-10 21:19:46,p2311-C-7400,p2311-C-7400,312.0,0.0,0.0,0.0,10,124.0,0.0,0,312.0,0.0,0.0,0.0,0.0,0.0,3
2023-05-10 21:19:47,p2311-C-7400,p2311-C-7400,312.0,0.0,0.0,0.0,1,124.5,0.0,0,312.0,0.0,0.0,0.0,0.0,0.0,3
2023-05-10 21:19:47,p2311-C-7400,p2311-C-7400,312.0,0.0,0.0,0.0,10,125.0,0.0,0,312.0,0.0,0.0,0.0,0.0,0.0,3
2023-05-10 21:19:49,p2311-C-7400,p2311-C-7400,312.0,0.0,0.0,0.0,1,125.5,0.0,0,312.0,0.0,0.0,0.0,0.0,0.0,3
2023-05-10 21:19:49,p2311-C-7400,p2311-C-7400,312.0,0.0,0.0,0.0,10,126.0,0.0,0,312.0,0.0,0.0,0.0,0.0,0.0,3
2023-05-10 21:19:50,p2311-C-7400,p2311-C-7400,312.0,0.0,0.0,0.0,1,126.5,0.0,0,312.0,0.0,0.0,0.0,0.0,0.0,3
2023-05-10 21:19:50,p2311-C-7400,p2311-C-7400,312.0,0.0,0.0,0.0,10,127.0,0.0,0,312.0,0.0,0.0,0.0,0.0,0.0,3
2023-05-10 21:19:52,p2311-C-7400,p2311-C-7400,312.0,0.0,0.0,0.0,1,127.5,0.0,0,312.0,0.0,0.0,0.0,0.0,0.0,3
2023-05-10 21:19:52,p2311-C-7400,p2311-C-7400,312.0,0.0,0.0,0.0,10,128.0,0.0,0,312.0,0.0,0.0,0.0,0.0,0.0,3
2023-05-10 21:19:53,p2311-C-7400,p2311-C-7400,312.0,0.0,0.0,0.0,1,128.5,0.0,0,312.0,0.0,0.0,0.0,0.0,0.0,3
2023-05-10 21:19:53,p2311-C-7400,p2311-C-7400,312.0,0.0,0.0,0.0,10,129.0,0.0,0,312.0,0.0,0.0,0.0,0.0,0.0,3
2023-05-10 21:19:55,p2311-C-7400,p2311-C-7400,312.0,0.0,0.0,0.0,1,129.5,0.0,0,312.0,0.0,0.0,0.0,0.0,0.0,3
2023-05-10 21:19:55,p2311-C-7400,p2311-C-7400,312.0,0.0,0.0,0.0,10,130.0,0.0,0,312.0,0.0,0.0,0.0,0.0,0.0,3
2023-05-10 21:19:56,p2311-C-7400,p2311-C-7400,312.0,0.0,0.0,0.0,1,130.5,0.0,0,312.0,0.0,0.0,0.0,0.0,0.0,3
2023-05-10 21:19:56,p2311-C-7400,p2311-C-7400,312.0,0.0,0.0,0.0,10,131.0,0.0,0,312.0,0.0,0.0,0.0,0.0,0.0,3
2023-05-10 21:19:57,p2311-C-7400,p2311-C-7400,312.0,0.0,0.0,0.0,1,131.5,0.0,0,312.0,0.0,0.0,0.0,0.0,0.0,3
2023-05-10 21:19:57,p2311-C-7400,p2311-C-7400,312.0,0.0,0.0,0.0,10,132.0,0.0,0,312.0,0.0,0.0,0.0,0.0,0.0,3
2023-05-10 21:19:59,p2311-C-7400,p2311-C-7400,312.0,0.0,0.0,0.0,1,132.5,0.0,0,312.0,0.0,0.0,0.0,0.0,0.0,3
2023-05-10 21:19:59,p2311-C-7400,p2311-C-7400,312.0,0.0,0.0,0.0,10,133.0,0.0,0,312.0,0.0,0.0,0.0,0.0,0.0,3
2023-05-10 21:20:00,p2311-C-7400,p2311-C-7400,312.0,0.0,0.0,0.0,1,133.5,0.0,0,312.0,0.0,0.0,0.0,0.0,0.0,3
2023-05-10 21:20:00,p2311-C-7400,p2311-C-7400,312.0,0.0,0.0,0.0,10,134.0,0.0,0,312.0,0.0,0.0,0.0,0.0,0.0,3
2023-05-10 21:20:02,p2311-C-7400,p2311-C-7400,312.0,0.0,0.0,0.0,1,134.5,0.0,0,312.0,0.0,0.0,0.0,0.0,0.0,3
2023-05-10 21:20:02,p2311-C-7400,p2311-C-7400,312.0,0.0,0.0,0.0,10,135.0,0.0,0,312.0,0.0,0.0,0.0,0.0,0.0,3
2023-05-10 21:20:03,p2311-C-7400,p2311-C-7400,312.0,0.0,0.0,0.0,1,135.5,0.0,0,312.0,0.0,0.0,0.0,0.0,0.0,3
2023-05-10 21:20:03,p2311-C-7400,p2311-C-7400,312.0,0.0,0.0,0.0,10,136.0,0.0,0,312.0,0.0,0.0,0.0,0.0,0.0,3
2023-05-10 21:20:05,p2311-C-7400,p2311-C-7400,312.0,0.0,0.0,0.0,1,136.5,0.0,0,312.0,0.0,0.0,0.0,0.0,0.0,3
2023-05-10 21:20:05,p2311-C-7400,p2311-C-7400,312.0,0.0,0.0,0.0,10,137.0,0.0,0,312.0,0.0,0.0,0.0,0.0,0.0,3
2023-05-10 21:20:06,p2311-C-7400,p2311-C-7400,312.0,0.0,0.0,0.0,1,137.5,0.0,0,312.0,0.0,0.0,0.0,0.0,0.0,3
2023-05-10 21:20:06,p2311-C-7400,p2311-C-7400,312.0,0.0,0.0,0.0,10,138.0,0.0,0,312.0,0.0,0.0,0.0,0.0,0.0,3
2023-05-10 21:20:08,p2311-C-7400,p2311-C-7400,312.0,0.0,0.0,0.0,1,138.5,0.0,0,312.0,0.0,0.0,0.0,0.0,0.0,3
2023-05-10 21:20:08,p2311-C-7400,p2311-C-7400,312.0,0.0,0.0,0.0,10,139.0,0.0,0,312.0,0.0,0.0,0.0,0.0,0.0,3
2023-05-10 21:20:09,p2311-C-7400,p2311-C-7400,312.0,0.0,0.0,0.0,1,139.5,0.0,0,312.0,0.0,0.0,0.0,0.0,0.0,3
2023-05-10 21:20:09,p2311-C-7400,p2311-C-7400,312.0,0.0,0.0,0.0,10,140.0,0.0,0,312.0,0.0,0.0,0.0,0.0,0.0,3
2023-05-10 21:20:11,p2311-C-7400,p2311-C-7400,312.0,0.0,0.0,0.0,1,140.5,0.0,0,312.0,0.0,0.0,0.0,0.0,0.0,3
2023-05-10 21:20:11,p2311-C-7400,p2311-C-7400,312.0,0.0,0.0,0.0,10,141.0,0.0,0,312.0,0.0,0.0,0.0,0.0,0.0,3
2023-05-10 21:20:12,p2311-C-7400,p2311-C-7400,312.0,0.0,0.0,0.0,1,141.5,0.0,0,312.0,0.0,0.0,0.0,0.0,0.0,3
2023-05-10 21:20:12,p2311-C-7400,p2311-C-7400,312.0,0.0,0.0,0.0,10,142.0,0.0,0,312.0,0.0,0.0,0.0,0.0,0.0,3
2023-05-10 21:20:14,p2311-C-7400,p2311-C-7400,312.0,0.0,0.0,0.0,1,142.5,0.0,0,312.0,0.0,0.0,0.0,0.0,0.0,3
2023-05-10 21:20:14,p2311-C-7400,p2311-C-7400,312.0,0.0,0.0,0.0,10,143.0,0.0,0,312.0,0.0,0.0,0.0,0.0,0.0,3
2023-05-10 21:20:15,p2311-C-7400,p2311-C-7400,312.0,0.0,0.0,0.0,1,143.5,0.0,0,312.0,0.0,0.0,0.0,0.0,0.0,3
2023-05-10 21:20:15,p2311-C-7400,p2311-C-7400,312.0,0.0,0.0,0.0,10,144.0,0.0,0,312.0,0.0,0.0,0.0,0.0,0.0,3
2023-05-10 21:20:17,p2311-C-7400,p2311-C-7400,312.0,0.0,0.0,0.0,1,144.5,0.0,0,312.0,0.0,0.0,0.0,0.0,0.0,3
2023-05-10 21:20:17,p2311-C-7400,p2311-C-7400,312.0,0.0,0.0,0.0,10,145.0,0.0,0,312.0,0.0,0.0,0.0,0.0,0.0,3
2023-05-10 21:20:18,p2311-C-7400,p2311-C-7400,312.0,0.0,0.0,0.0,1,145.5,0.0,0,312.0,0.0,0.0,0.0,0.0,0.0,3
2023-05-10 21:20:18,p2311-C-7400,p2311-C-7400,312.0,0.0,0.0,0.0,10,146.0,0.0,0,312.0,0.0,0.0,0.0,0.0,0.0,3
2023-05-10 21:20:20,p2311-C-7400,p2311-C-7400,312.0,0.0,0.0,0.0,1,146.5,0.0,0,312.0,0.0,0.0,0.0,0.0,0.0,3
2023-05-10 21:20:20,p2311-C-7400,p2311-C-7400,312.0,0.0,0.0,0.0,10,147.0,0.0,0,312.0,0.0,0.0,0.0,0.0,0.0,3
2023-05-10 21:20:21,p2311-C-7400,p2311-C-7400,312.0,0.0,0.0,0.0,1,147.5,0.0,0,312.0,0.0,0.0,0.0,0.0,0.0,3
2023-05-10 21:20:21,p2311-C-7400,p2311-C-7400,312.0,0.0,0.0,0.0,10,148.0,0.0,0,312.0,0.0,0.0,0.0,0.0,0.0,3
2023-05-10 21:20:23,p2311-C-7400,p2311-C-7400,312.0,0.0,0.0,0.0,1,148.5,0.0,0,312.0,0.0,0.0,0.0,0.0,0.0,3
2023-05-10 21:20:23,p2311-C-7400,p2311-C-7400,312.0,0.0,0.0,0.0,10,149.0,0.0,0,312.0,0.0,0.0,0.0,0.0,0.0,3
2023-05-10 21:20:24,p2311-C-7400,p2311-C-7400,312.0,0.0,0.0,0.0,1,149.5,0.0,0,312.0,0.0,0.0,0.0,0.0,0.0,3
2023-05-10 21:20:24,p2311-C-7400,p2311-C-7400,312.0,0.0,0.0,0.0,10,150.0,0.0,0,312.0,0.0,0.0,0.0,0.0,0.0,3
2023-05-10 22:57:33,p2311-C-7400,p2311-C-7400,312.0,0.0,0.0,0.0,1,42.5,0.0,0,312.0,0.0,0.0,0.0,0.0,0.0,3
2023-05-10 22:59:16,p2311-C-7400,p2311-C-7400,312.0,0.0,0.0,0.0,10,43.0,0.0,0,312.0,0.0,0.0,0.0,0.0,0.0,3
2023-05-10 22:59:56,p2311-C-7400,p2311-C-7400,312.0,0.0,0.0,0.0,1,42.5,0.0,0,312.0,0.0,0.0,0.0,0.0,0.0,3
2023-05-11 09:00:05,p2311-C-7400,p2311-C-7400,312.0,0.0,0.0,0.0,10,43.0,0.0,0,312.0,0.0,0.0,0.0,0.0,0.0,3
2023-05-11 09:00:42,p2311-C-7400,p2311-C-7400,312.0,0.0,0.0,0.0,1,43.5,0.0,0,312.0,0.0,0.0,0.0,0.0,0.0,3
2023-05-11 09:00:42,p2311-C-7400,p2311-C-7400,312.0,0.0,0.0,0.0,10,44.0,0.0,0,312.0,0.0,0.0,0.0,0.0,0.0,3
2023-05-11 09:01:13,p2311-C-7400,p2311-C-7400,312.0,0.0,0.0,0.0,1,44.5,0.0,0,312.0,0.0,0.0,0.0,0.0,0.0,3
2023-05-11 09:01:13,p2311-C-7400,p2311-C-7400,312.0,0.0,0.0,0.0,10,45.0,0.0,0,312.0,0.0,0.0,0.0,0.0,0.0,3
2023-05-11 09:03:07,p2311-C-7400,p2311-C-7400,312.0,0.0,0.0,0.0,1,45.5,0.0,0,312.0,0.0,0.0,0.0,0.0,0.0,3
2023-05-11 09:03:07,p2311-C-7400,p2311-C-7400,312.0,0.0,0.0,0.0,10,46.0,0.0,0,312.0,0.0,0.0,0.0,0.0,0.0,3
2023-05-11 09:04:24,p2311-C-7400,p2311-C-7400,312.0,0.0,0.0,0.0,1,46.5,0.0,0,312.0,0.0,0.0,0.0,0.0,0.0,3
2023-05-11 09:04:24,p2311-C-7400,p2311-C-7400,312.0,0.0,0.0,0.0,10,47.0,0.0,0,312.0,0.0,0.0,0.0,0.0,0.0,3
2023-05-11 09:05:53,p2311-C-7400,p2311-C-7400,312.0,0.0,0.0,0.0,1,47.5,0.0,0,312.0,0.0,0.0,0.0,0.0,0.0,3
2023-05-11 09:05:53,p2311-C-7400,p2311-C-7400,312.0,0.0,0.0,0.0,10,48.0,0.0,0,312.0,0.0,0.0,0.0,0.0,0.0,3
2023-05-11 09:05:55,p2311-C-7400,p2311-C-7400,312.0,0.0,0.0,0.0,1,48.5,0.0,0,312.0,0.0,0.0,0.0,0.0,0.0,3
2023-05-11 09:05:55,p2311-C-7400,p2311-C-7400,312.0,0.0,0.0,0.0,10,49.0,0.0,0,312.0,0.0,0.0,0.0,0.0,0.0,3
2023-05-11 09:05:57,p2311-C-7400,p2311-C-7400,312.0,0.0,0.0,0.0,1,49.5,0.0,0,312.0,0.0,0.0,0.0,0.0,0.0,3
2023-05-11 09:05:58,p2311-C-7400,p2311-C-7400,312.0,0.0,0.0,0.0,10,50.0,0.0,0,312.0,0.0,0.0,0.0,0.0,0.0,3
2023-05-11 09:06:00,p2311-C-7400,p2311-C-7400,312.0,0.0,0.0,0.0,1,50.5,0.0,0,312.0,0.0,0.0,0.0,0.0,0.0,3
2023-05-11 09:06:00,p2311-C-7400,p2311-C-7400,312.0,0.0,0.0,0.0,10,51.0,0.0,0,312.0,0.0,0.0,0.0,0.0,0.0,3
2023-05-11 09:06:02,p2311-C-7400,p2311-C-7400,312.0,0.0,0.0,0.0,1,51.5,0.0,0,312.0,0.0,0.0,0.0,0.0,0.0,3
2023-05-11 09:06:02,p2311-C-7400,p2311-C-7400,312.0,0.0,0.0,0.0,10,52.0,0.0,0,312.0,0.0,0.0,0.0,0.0,0.0,3
2023-05-11 09:06:04,p2311-C-7400,p2311-C-7400,312.0,0.0,0.0,0.0,1,52.5,0.0,0,312.0,0.0,0.0,0.0,0.0,0.0,3
2023-05-11 09:06:05,p2311-C-7400,p2311-C-7400,312.0,0.0,0.0,0.0,10,53.0,0.0,0,312.0,0.0,0.0,0.0,0.0,0.0,3
2023-05-11 09:06:06,p2311-C-7400,p2311-C-7400,312.0,0.0,0.0,0.0,1,53.5,0.0,0,312.0,0.0,0.0,0.0,0.0,0.0,3
2023-05-11 09:06:06,p2311-C-7400,p2311-C-7400,312.0,0.0,0.0,0.0,10,54.0,0.0,0,312.0,0.0,0.0,0.0,0.0,0.0,3
2023-05-11 09:06:09,p2311-C-7400,p2311-C-7400,312.0,0.0,0.0,0.0,1,54.5,0.0,0,312.0,0.0,0.0,0.0,0.0,0.0,3
2023-05-11 09:06:09,p2311-C-7400,p2311-C-7400,312.0,0.0,0.0,0.0,10,55.0,0.0,0,312.0,0.0,0.0,0.0,0.0,0.0,3
2023-05-11 09:06:11,p2311-C-7400,p2311-C-7400,312.0,0.0,0.0,0.0,1,55.5,0.0,0,312.0,0.0,0.0,0.0,0.0,0.0,3
2023-05-11 09:06:11,p2311-C-7400,p2311-C-7400,312.0,0.0,0.0,0.0,10,56.0,0.0,0,312.0,0.0,0.0,0.0,0.0,0.0,3
2023-05-11 09:06:14,p2311-C-7400,p2311-C-7400,312.0,0.0,0.0,0.0,1,56.5,0.0,0,312.0,0.0,0.0,0.0,0.0,0.0,3
2023-05-11 09:06:14,p2311-C-7400,p2311-C-7400,312.0,0.0,0.0,0.0,10,57.0,0.0,0,312.0,0.0,0.0,0.0,0.0,0.0,3
2023-05-11 09:06:16,p2311-C-7400,p2311-C-7400,312.0,0.0,0.0,0.0,1,57.5,0.0,0,312.0,0.0,0.0,0.0,0.0,0.0,3
2023-05-11 09:06:16,p2311-C-7400,p2311-C-7400,312.0,0.0,0.0,0.0,10,58.0,0.0,0,312.0,0.0,0.0,0.0,0.0,0.0,3
2023-05-11 09:06:19,p2311-C-7400,p2311-C-7400,312.0,0.0,0.0,0.0,1,58.5,0.0,0,312.0,0.0,0.0,0.0,0.0,0.0,3
2023-05-11 09:06:19,p2311-C-7400,p2311-C-7400,312.0,0.0,0.0,0.0,10,59.0,0.0,0,312.0,0.0,0.0,0.0,0.0,0.0,3
2023-05-11 09:06:22,p2311-C-7400,p2311-C-7400,312.0,0.0,0.0,0.0,1,59.5,0.0,0,312.0,0.0,0.0,0.0,0.0,0.0,3
2023-05-11 09:06:22,p2311-C-7400,p2311-C-7400,312.0,0.0,0.0,0.0,10,60.0,0.0,0,312.0,0.0,0.0,0.0,0.0,0.0,3
2023-05-11 09:06:25,p2311-C-7400,p2311-C-7400,312.0,0.0,0.0,0.0,1,60.5,0.0,0,312.0,0.0,0.0,0.0,0.0,0.0,3
2023-05-11 09:06:25,p2311-C-7400,p2311-C-7400,312.0,0.0,0.0,0.0,10,61.0,0.0,0,312.0,0.0,0.0,0.0,0.0,0.0,3
2023-05-11 09:06:28,p2311-C-7400,p2311-C-7400,312.0,0.0,0.0,0.0,1,61.5,0.0,0,312.0,0.0,0.0,0.0,0.0,0.0,3
2023-05-11 09:06:28,p2311-C-7400,p2311-C-7400,312.0,0.0,0.0,0.0,10,62.0,0.0,0,312.0,0.0,0.0,0.0,0.0,0.0,3
2023-05-11 09:06:30,p2311-C-7400,p2311-C-7400,312.0,0.0,0.0,0.0,1,62.5,0.0,0,312.0,0.0,0.0,0.0,0.0,0.0,3
2023-05-11 09:06:31,p2311-C-7400,p2311-C-7400,312.0,0.0,0.0,0.0,10,63.0,0.0,0,312.0,0.0,0.0,0.0,0.0,0.0,3
2023-05-11 09:06:34,p2311-C-7400,p2311-C-7400,312.0,0.0,0.0,0.0,1,63.5,0.0,0,312.0,0.0,0.0,0.0,0.0,0.0,3
2023-05-11 09:06:34,p2311-C-7400,p2311-C-7400,312.0,0.0,0.0,0.0,10,64.0,0.0,0,312.0,0.0,0.0,0.0,0.0,0.0,3
2023-05-11 09:06:37,p2311-C-7400,p2311-C-7400,312.0,0.0,0.0,0.0,1,64.5,0.0,0,312.0,0.0,0.0,0.0,0.0,0.0,3
2023-05-11 09:06:37,p2311-C-7400,p2311-C-7400,312.0,0.0,0.0,0.0,10,65.0,0.0,0,312.0,0.0,0.0,0.0,0.0,0.0,3
2023-05-11 09:06:39,p2311-C-7400,p2311-C-7400,312.0,0.0,0.0,0.0,1,65.5,0.0,0,312.0,0.0,0.0,0.0,0.0,0.0,3
2023-05-11 09:06:40,p2311-C-7400,p2311-C-7400,312.0,0.0,0.0,0.0,10,66.0,0.0,0,312.0,0.0,0.0,0.0,0.0,0.0,3
2023-05-11 09:06:42,p2311-C-7400,p2311-C-7400,312.0,0.0,0.0,0.0,1,66.5,0.0,0,312.0,0.0,0.0,0.0,0.0,0.0,3
2023-05-11 09:06:42,p2311-C-7400,p2311-C-7400,312.0,0.0,0.0,0.0,10,67.0,0.0,0,312.0,0.0,0.0,0.0,0.0,0.0,3
2023-05-11 09:06:45,p2311-C-7400,p2311-C-7400,312.0,0.0,0.0,0.0,1,67.5,0.0,0,312.0,0.0,0.0,0.0,0.0,0.0,3
2023-05-11 09:06:45,p2311-C-7400,p2311-C-7400,312.0,0.0,0.0,0.0,10,68.0,0.0,0,312.0,0.0,0.0,0.0,0.0,0.0,3
2023-05-11 09:06:48,p2311-C-7400,p2311-C-7400,312.0,0.0,0.0,0.0,1,68.5,0.0,0,312.0,0.0,0.0,0.0,0.0,0.0,3
2023-05-11 09:06:48,p2311-C-7400,p2311-C-7400,312.0,0.0,0.0,0.0,10,69.0,0.0,0,312.0,0.0,0.0,0.0,0.0,0.0,3
2023-05-11 09:06:51,p2311-C-7400,p2311-C-7400,312.0,0.0,0.0,0.0,1,69.5,0.0,0,312.0,0.0,0.0,0.0,0.0,0.0,3
2023-05-11 09:06:51,p2311-C-7400,p2311-C-7400,312.0,0.0,0.0,0.0,10,70.0,0.0,0,312.0,0.0,0.0,0.0,0.0,0.0,3
2023-05-11 09:06:54,p2311-C-7400,p2311-C-7400,312.0,0.0,0.0,0.0,1,70.5,0.0,0,312.0,0.0,0.0,0.0,0.0,0.0,3
2023-05-11 09:06:54,p2311-C-7400,p2311-C-7400,312.0,0.0,0.0,0.0,10,71.0,0.0,0,312.0,0.0,0.0,0.0,0.0,0.0,3
2023-05-11 09:06:56,p2311-C-7400,p2311-C-7400,312.0,0.0,0.0,0.0,1,71.5,0.0,0,312.0,0.0,0.0,0.0,0.0,0.0,3
2023-05-11 09:06:57,p2311-C-7400,p2311-C-7400,312.0,0.0,0.0,0.0,10,72.0,0.0,0,312.0,0.0,0.0,0.0,0.0,0.0,3
2023-05-11 09:06:59,p2311-C-7400,p2311-C-7400,312.0,0.0,0.0,0.0,1,72.5,0.0,0,312.0,0.0,0.0,0.0,0.0,0.0,3
2023-05-11 09:06:59,p2311-C-7400,p2311-C-7400,312.0,0.0,0.0,0.0,10,73.0,0.0,0,312.0,0.0,0.0,0.0,0.0,0.0,3
2023-05-11 09:07:03,p2311-C-7400,p2311-C-7400,312.0,0.0,0.0,0.0,1,73.5,0.0,0,312.0,0.0,0.0,0.0,0.0,0.0,3
2023-05-11 09:07:03,p2311-C-7400,p2311-C-7400,312.0,0.0,0.0,0.0,10,74.0,0.0,0,312.0,0.0,0.0,0.0,0.0,0.0,3
2023-05-11 09:07:06,p2311-C-7400,p2311-C-7400,312.0,0.0,0.0,0.0,1,74.5,0.0,0,312.0,0.0,0.0,0.0,0.0,0.0,3
2023-05-11 09:07:06,p2311-C-7400,p2311-C-7400,312.0,0.0,0.0,0.0,10,75.0,0.0,0,312.0,0.0,0.0,0.0,0.0,0.0,3
2023-05-11 09:07:08,p2311-C-7400,p2311-C-7400,312.0,0.0,0.0,0.0,1,75.5,0.0,0,312.0,0.0,0.0,0.0,0.0,0.0,3
2023-05-11 09:07:09,p2311-C-7400,p2311-C-7400,312.0,0.0,0.0,0.0,10,76.0,0.0,0,312.0,0.0,0.0,0.0,0.0,0.0,3
2023-05-11 09:07:12,p2311-C-7400,p2311-C-7400,312.0,0.0,0.0,0.0,1,76.5,0.0,0,312.0,0.0,0.0,0.0,0.0,0.0,3
2023-05-11 09:07:12,p2311-C-7400,p2311-C-7400,312.0,0.0,0.0,0.0,10,77.0,0.0,0,312.0,0.0,0.0,0.0,0.0,0.0,3
2023-05-11 09:07:15,p2311-C-7400,p2311-C-7400,312.0,0.0,0.0,0.0,1,77.5,0.0,0,312.0,0.0,0.0,0.0,0.0,0.0,3
2023-05-11 09:07:15,p2311-C-7400,p2311-C-7400,312.0,0.0,0.0,0.0,10,78.0,0.0,0,312.0,0.0,0.0,0.0,0.0,0.0,3
2023-05-11 09:07:18,p2311-C-7400,p2311-C-7400,312.0,0.0,0.0,0.0,1,78.5,0.0,0,312.0,0.0,0.0,0.0,0.0,0.0,3
2023-05-11 09:07:19,p2311-C-7400,p2311-C-7400,312.0,0.0,0.0,0.0,10,79.0,0.0,0,312.0,0.0,0.0,0.0,0.0,0.0,3
2023-05-11 09:07:21,p2311-C-7400,p2311-C-7400,312.0,0.0,0.0,0.0,1,79.5,0.0,0,312.0,0.0,0.0,0.0,0.0,0.0,3
2023-05-11 09:07:21,p2311-C-7400,p2311-C-7400,312.0,0.0,0.0,0.0,10,80.0,0.0,0,312.0,0.0,0.0,0.0,0.0,0.0,3
2023-05-11 09:07:27,p2311-C-7400,p2311-C-7400,312.0,0.0,0.0,0.0,1,80.5,0.0,0,312.0,0.0,0.0,0.0,0.0,0.0,3
2023-05-11 09:07:27,p2311-C-7400,p2311-C-7400,312.0,0.0,0.0,0.0,10,81.0,0.0,0,312.0,0.0,0.0,0.0,0.0,0.0,3
2023-05-11 09:07:31,p2311-C-7400,p2311-C-7400,312.0,0.0,0.0,0.0,1,81.5,0.0,0,312.0,0.0,0.0,0.0,0.0,0.0,3
2023-05-11 09:07:31,p2311-C-7400,p2311-C-7400,312.0,0.0,0.0,0.0,10,82.0,0.0,0,312.0,0.0,0.0,0.0,0.0,0.0,3
2023-05-11 09:07:36,p2311-C-7400,p2311-C-7400,312.0,0.0,0.0,0.0,1,82.5,0.0,0,312.0,0.0,0.0,0.0,0.0,0.0,3
2023-05-11 09:07:36,p2311-C-7400,p2311-C-7400,312.0,0.0,0.0,0.0,10,83.0,0.0,0,312.0,0.0,0.0,0.0,0.0,0.0,3
2023-05-11 09:07:39,p2311-C-7400,p2311-C-7400,312.0,0.0,0.0,0.0,1,83.5,0.0,0,312.0,0.0,0.0,0.0,0.0,0.0,3
2023-05-11 09:07:39,p2311-C-7400,p2311-C-7400,312.0,0.0,0.0,0.0,10,84.0,0.0,0,312.0,0.0,0.0,0.0,0.0,0.0,3
2023-05-11 09:07:44,p2311-C-7400,p2311-C-7400,312.0,0.0,0.0,0.0,1,84.5,0.0,0,312.0,0.0,0.0,0.0,0.0,0.0,3
2023-05-11 09:07:44,p2311-C-7400,p2311-C-7400,312.0,0.0,0.0,0.0,10,85.0,0.0,0,312.0,0.0,0.0,0.0,0.0,0.0,3
2023-05-11 09:07:47,p2311-C-7400,p2311-C-7400,312.0,0.0,0.0,0.0,1,85.5,0.0,0,312.0,0.0,0.0,0.0,0.0,0.0,3
2023-05-11 09:07:47,p2311-C-7400,p2311-C-7400,312.0,0.0,0.0,0.0,10,86.0,0.0,0,312.0,0.0,0.0,0.0,0.0,0.0,3
2023-05-11 09:07:50,p2311-C-7400,p2311-C-7400,312.0,0.0,0.0,0.0,1,86.5,0.0,0,312.0,0.0,0.0,0.0,0.0,0.0,3
2023-05-11 09:07:50,p2311-C-7400,p2311-C-7400,312.0,0.0,0.0,0.0,10,87.0,0.0,0,312.0,0.0,0.0,0.0,0.0,0.0,3
2023-05-11 09:07:53,p2311-C-7400,p2311-C-7400,312.0,0.0,0.0,0.0,1,87.5,0.0,0,312.0,0.0,0.0,0.0,0.0,0.0,3
2023-05-11 09:07:53,p2311-C-7400,p2311-C-7400,312.0,0.0,0.0,0.0,10,88.0,0.0,0,312.0,0.0,0.0,0.0,0.0,0.0,3
2023-05-11 09:07:57,p2311-C-7400,p2311-C-7400,312.0,0.0,0.0,0.0,1,88.5,0.0,0,312.0,0.0,0.0,0.0,0.0,0.0,3
2023-05-11 09:07:57,p2311-C-7400,p2311-C-7400,312.0,0.0,0.0,0.0,10,89.0,0.0,0,312.0,0.0,0.0,0.0,0.0,0.0,3
2023-05-11 09:08:00,p2311-C-7400,p2311-C-7400,312.0,0.0,0.0,0.0,1,89.5,0.0,0,312.0,0.0,0.0,0.0,0.0,0.0,3
2023-05-11 09:08:00,p2311-C-7400,p2311-C-7400,312.0,0.0,0.0,0.0,10,90.0,0.0,0,312.0,0.0,0.0,0.0,0.0,0.0,3
2023-05-11 09:08:03,p2311-C-7400,p2311-C-7400,312.0,0.0,0.0,0.0,1,90.5,0.0,0,312.0,0.0,0.0,0.0,0.0,0.0,3
2023-05-11 09:08:03,p2311-C-7400,p2311-C-7400,312.0,0.0,0.0,0.0,10,91.0,0.0,0,312.0,0.0,0.0,0.0,0.0,0.0,3
2023-05-11 09:08:06,p2311-C-7400,p2311-C-7400,312.0,0.0,0.0,0.0,1,91.5,0.0,0,312.0,0.0,0.0,0.0,0.0,0.0,3
2023-05-11 09:08:06,p2311-C-7400,p2311-C-7400,312.0,0.0,0.0,0.0,10,92.0,0.0,0,312.0,0.0,0.0,0.0,0.0,0.0,3
2023-05-11 09:08:07,p2311-C-7400,p2311-C-7400,312.0,0.0,0.0,0.0,1,92.5,0.0,0,312.0,0.0,0.0,0.0,0.0,0.0,3
2023-05-11 09:08:07,p2311-C-7400,p2311-C-7400,312.0,0.0,0.0,0.0,10,93.0,0.0,0,312.0,0.0,0.0,0.0,0.0,0.0,3
2023-05-11 09:08:08,p2311-C-7400,p2311-C-7400,312.0,0.0,0.0,0.0,1,93.5,0.0,0,312.0,0.0,0.0,0.0,0.0,0.0,3
2023-05-11 09:08:08,p2311-C-7400,p2311-C-7400,312.0,0.0,0.0,0.0,10,94.0,0.0,0,312.0,0.0,0.0,0.0,0.0,0.0,3
2023-05-11 09:08:10,p2311-C-7400,p2311-C-7400,312.0,0.0,0.0,0.0,1,94.5,0.0,0,312.0,0.0,0.0,0.0,0.0,0.0,3
2023-05-11 09:08:10,p2311-C-7400,p2311-C-7400,312.0,0.0,0.0,0.0,10,95.0,0.0,0,312.0,0.0,0.0,0.0,0.0,0.0,3
2023-05-11 09:08:11,p2311-C-7400,p2311-C-7400,312.0,0.0,0.0,0.0,1,95.5,0.0,0,312.0,0.0,0.0,0.0,0.0,0.0,3
2023-05-11 09:08:11,p2311-C-7400,p2311-C-7400,312.0,0.0,0.0,0.0,10,96.0,0.0,0,312.0,0.0,0.0,0.0,0.0,0.0,3
2023-05-11 09:08:13,p2311-C-7400,p2311-C-7400,312.0,0.0,0.0,0.0,1,96.5,0.0,0,312.0,0.0,0.0,0.0,0.0,0.0,3
2023-05-11 09:08:13,p2311-C-7400,p2311-C-7400,312.0,0.0,0.0,0.0,10,97.0,0.0,0,312.0,0.0,0.0,0.0,0.0,0.0,3
2023-05-11 09:08:14,p2311-C-7400,p2311-C-7400,312.0,0.0,0.0,0.0,1,97.5,0.0,0,312.0,0.0,0.0,0.0,0.0,0.0,3
2023-05-11 09:08:14,p2311-C-7400,p2311-C-7400,312.0,0.0,0.0,0.0,10,98.0,0.0,0,312.0,0.0,0.0,0.0,0.0,0.0,3
2023-05-11 09:08:16,p2311-C-7400,p2311-C-7400,312.0,0.0,0.0,0.0,1,98.5,0.0,0,312.0,0.0,0.0,0.0,0.0,0.0,3
2023-05-11 09:08:16,p2311-C-7400,p2311-C-7400,312.0,0.0,0.0,0.0,10,99.0,0.0,0,312.0,0.0,0.0,0.0,0.0,0.0,3
2023-05-11 09:08:17,p2311-C-7400,p2311-C-7400,312.0,0.0,0.0,0.0,1,99.5,0.0,0,312.0,0.0,0.0,0.0,0.0,0.0,3
2023-05-11 09:08:17,p2311-C-7400,p2311-C-7400,312.0,0.0,0.0,0.0,10,100.0,0.0,0,312.0,0.0,0.0,0.0,0.0,0.0,3
2023-05-11 09:08:19,p2311-C-7400,p2311-C-7400,312.0,0.0,0.0,0.0,1,100.5,0.0,0,312.0,0.0,0.0,0.0,0.0,0.0,3
2023-05-11 09:08:19,p2311-C-7400,p2311-C-7400,312.0,0.0,0.0,0.0,10,101.0,0.0,0,312.0,0.0,0.0,0.0,0.0,0.0,3
2023-05-11 09:08:20,p2311-C-7400,p2311-C-7400,312.0,0.0,0.0,0.0,1,101.5,0.0,0,312.0,0.0,0.0,0.0,0.0,0.0,3
2023-05-11 09:08:20,p2311-C-7400,p2311-C-7400,312.0,0.0,0.0,0.0,10,102.0,0.0,0,312.0,0.0,0.0,0.0,0.0,0.0,3
2023-05-11 09:08:21,p2311-C-7400,p2311-C-7400,312.0,0.0,0.0,0.0,1,102.5,0.0,0,312.0,0.0,0.0,0.0,0.0,0.0,3
2023-05-11 09:08:21,p2311-C-7400,p2311-C-7400,312.0,0.0,0.0,0.0,10,103.0,0.0,0,312.0,0.0,0.0,0.0,0.0,0.0,3
2023-05-11 09:08:23,p2311-C-7400,p2311-C-7400,312.0,0.0,0.0,0.0,1,103.5,0.0,0,312.0,0.0,0.0,0.0,0.0,0.0,3
2023-05-11 09:08:23,p2311-C-7400,p2311-C-7400,312.0,0.0,0.0,0.0,10,104.0,0.0,0,312.0,0.0,0.0,0.0,0.0,0.0,3
2023-05-11 09:08:25,p2311-C-7400,p2311-C-7400,312.0,0.0,0.0,0.0,1,104.5,0.0,0,312.0,0.0,0.0,0.0,0.0,0.0,3
2023-05-11 09:08:25,p2311-C-7400,p2311-C-7400,312.0,0.0,0.0,0.0,10,105.0,0.0,0,312.0,0.0,0.0,0.0,0.0,0.0,3
2023-05-11 09:08:27,p2311-C-7400,p2311-C-7400,312.0,0.0,0.0,0.0,1,105.5,0.0,0,312.0,0.0,0.0,0.0,0.0,0.0,3
2023-05-11 09:08:27,p2311-C-7400,p2311-C-7400,312.0,0.0,0.0,0.0,10,106.0,0.0,0,312.0,0.0,0.0,0.0,0.0,0.0,3
2023-05-11 09:08:30,p2311-C-7400,p2311-C-7400,312.0,0.0,0.0,0.0,1,106.5,0.0,0,312.0,0.0,0.0,0.0,0.0,0.0,3
2023-05-11 09:08:30,p2311-C-7400,p2311-C-7400,312.0,0.0,0.0,0.0,10,107.0,0.0,0,312.0,0.0,0.0,0.0,0.0,0.0,3
2023-05-11 09:08:33,p2311-C-7400,p2311-C-7400,312.0,0.0,0.0,0.0,1,107.5,0.0,0,312.0,0.0,0.0,0.0,0.0,0.0,3
2023-05-11 09:08:33,p2311-C-7400,p2311-C-7400,312.0,0.0,0.0,0.0,10,108.0,0.0,0,312.0,0.0,0.0,0.0,0.0,0.0,3
2023-05-11 09:08:34,p2311-C-7400,p2311-C-7400,312.0,0.0,0.0,0.0,1,108.5,0.0,0,312.0,0.0,0.0,0.0,0.0,0.0,3
2023-05-11 09:08:34,p2311-C-7400,p2311-C-7400,312.0,0.0,0.0,0.0,10,109.0,0.0,0,312.0,0.0,0.0,0.0,0.0,0.0,3
2023-05-11 09:08:35,p2311-C-7400,p2311-C-7400,312.0,0.0,0.0,0.0,1,109.5,0.0,0,312.0,0.0,0.0,0.0,0.0,0.0,3
2023-05-11 09:08:35,p2311-C-7400,p2311-C-7400,312.0,0.0,0.0,0.0,10,110.0,0.0,0,312.0,0.0,0.0,0.0,0.0,0.0,3
2023-05-11 09:08:37,p2311-C-7400,p2311-C-7400,312.0,0.0,0.0,0.0,1,110.5,0.0,0,312.0,0.0,0.0,0.0,0.0,0.0,3
2023-05-11 09:08:37,p2311-C-7400,p2311-C-7400,312.0,0.0,0.0,0.0,10,111.0,0.0,0,312.0,0.0,0.0,0.0,0.0,0.0,3
2023-05-11 09:08:39,p2311-C-7400,p2311-C-7400,312.0,0.0,0.0,0.0,1,111.5,0.0,0,312.0,0.0,0.0,0.0,0.0,0.0,3
2023-05-11 09:08:39,p2311-C-7400,p2311-C-7400,312.0,0.0,0.0,0.0,10,112.0,0.0,0,312.0,0.0,0.0,0.0,0.0,0.0,3
2023-05-11 09:08:42,p2311-C-7400,p2311-C-7400,312.0,0.0,0.0,0.0,1,112.5,0.0,0,312.0,0.0,0.0,0.0,0.0,0.0,3
2023-05-11 09:08:42,p2311-C-7400,p2311-C-7400,312.0,0.0,0.0,0.0,10,113.0,0.0,0,312.0,0.0,0.0,0.0,0.0,0.0,3
2023-05-11 09:08:44,p2311-C-7400,p2311-C-7400,312.0,0.0,0.0,0.0,1,113.5,0.0,0,312.0,0.0,0.0,0.0,0.0,0.0,3
2023-05-11 09:08:44,p2311-C-7400,p2311-C-7400,312.0,0.0,0.0,0.0,10,114.0,0.0,0,312.0,0.0,0.0,0.0,0.0,0.0,3
2023-05-11 09:08:45,p2311-C-7400,p2311-C-7400,312.0,0.0,0.0,0.0,1,114.5,0.0,0,312.0,0.0,0.0,0.0,0.0,0.0,3
2023-05-11 09:08:45,p2311-C-7400,p2311-C-7400,312.0,0.0,0.0,0.0,10,115.0,0.0,0,312.0,0.0,0.0,0.0,0.0,0.0,3
2023-05-11 09:08:51,p2311-C-7400,p2311-C-7400,312.0,0.0,0.0,0.0,1,115.5,0.0,0,312.0,0.0,0.0,0.0,0.0,0.0,3
2023-05-11 09:08:51,p2311-C-7400,p2311-C-7400,312.0,0.0,0.0,0.0,10,116.0,0.0,0,312.0,0.0,0.0,0.0,0.0,0.0,3
2023-05-11 09:08:55,p2311-C-7400,p2311-C-7400,312.0,0.0,0.0,0.0,1,116.5,0.0,0,312.0,0.0,0.0,0.0,0.0,0.0,3
2023-05-11 09:08:55,p2311-C-7400,p2311-C-7400,312.0,0.0,0.0,0.0,10,117.0,0.0,0,312.0,0.0,0.0,0.0,0.0,0.0,3
2023-05-11 09:08:59,p2311-C-7400,p2311-C-7400,312.0,0.0,0.0,0.0,1,117.5,0.0,0,312.0,0.0,0.0,0.0,0.0,0.0,3
2023-05-11 09:08:59,p2311-C-7400,p2311-C-7400,312.0,0.0,0.0,0.0,10,118.0,0.0,0,312.0,0.0,0.0,0.0,0.0,0.0,3
2023-05-11 09:09:02,p2311-C-7400,p2311-C-7400,312.0,0.0,0.0,0.0,1,118.5,0.0,0,312.0,0.0,0.0,0.0,0.0,0.0,3
2023-05-11 09:09:02,p2311-C-7400,p2311-C-7400,312.0,0.0,0.0,0.0,10,119.0,0.0,0,312.0,0.0,0.0,0.0,0.0,0.0,3
2023-05-11 09:09:04,p2311-C-7400,p2311-C-7400,312.0,0.0,0.0,0.0,1,119.5,0.0,0,312.0,0.0,0.0,0.0,0.0,0.0,3
2023-05-11 09:09:04,p2311-C-7400,p2311-C-7400,312.0,0.0,0.0,0.0,10,120.0,0.0,0,312.0,0.0,0.0,0.0,0.0,0.0,3
2023-05-11 09:09:06,p2311-C-7400,p2311-C-7400,312.0,0.0,0.0,0.0,1,120.5,0.0,0,312.0,0.0,0.0,0.0,0.0,0.0,3
2023-05-11 09:09:06,p2311-C-7400,p2311-C-7400,312.0,0.0,0.0,0.0,10,121.0,0.0,0,312.0,0.0,0.0,0.0,0.0,0.0,3
2023-05-11 09:09:07,p2311-C-7400,p2311-C-7400,312.0,0.0,0.0,0.0,1,121.5,0.0,0,312.0,0.0,0.0,0.0,0.0,0.0,3
2023-05-11 09:09:07,p2311-C-7400,p2311-C-7400,312.0,0.0,0.0,0.0,10,122.0,0.0,0,312.0,0.0,0.0,0.0,0.0,0.0,3
2023-05-11 09:09:08,p2311-C-7400,p2311-C-7400,312.0,0.0,0.0,0.0,1,122.5,0.0,0,312.0,0.0,0.0,0.0,0.0,0.0,3
2023-05-11 09:09:08,p2311-C-7400,p2311-C-7400,312.0,0.0,0.0,0.0,10,123.0,0.0,0,312.0,0.0,0.0,0.0,0.0,0.0,3
2023-05-11 09:09:10,p2311-C-7400,p2311-C-7400,312.0,0.0,0.0,0.0,1,123.5,0.0,0,312.0,0.0,0.0,0.0,0.0,0.0,3
2023-05-11 09:09:10,p2311-C-7400,p2311-C-7400,312.0,0.0,0.0,0.0,10,124.0,0.0,0,312.0,0.0,0.0,0.0,0.0,0.0,3
2023-05-11 09:09:11,p2311-C-7400,p2311-C-7400,312.0,0.0,0.0,0.0,1,124.5,0.0,0,312.0,0.0,0.0,0.0,0.0,0.0,3
2023-05-11 09:09:11,p2311-C-7400,p2311-C-7400,312.0,0.0,0.0,0.0,10,125.0,0.0,0,312.0,0.0,0.0,0.0,0.0,0.0,3
2023-05-11 09:09:13,p2311-C-7400,p2311-C-7400,312.0,0.0,0.0,0.0,1,125.5,0.0,0,312.0,0.0,0.0,0.0,0.0,0.0,3
2023-05-11 09:09:13,p2311-C-7400,p2311-C-7400,312.0,0.0,0.0,0.0,10,126.0,0.0,0,312.0,0.0,0.0,0.0,0.0,0.0,3
2023-05-11 09:09:15,p2311-C-7400,p2311-C-7400,312.0,0.0,0.0,0.0,1,126.5,0.0,0,312.0,0.0,0.0,0.0,0.0,0.0,3
2023-05-11 09:09:15,p2311-C-7400,p2311-C-7400,312.0,0.0,0.0,0.0,10,127.0,0.0,0,312.0,0.0,0.0,0.0,0.0,0.0,3
2023-05-11 09:09:17,p2311-C-7400,p2311-C-7400,312.0,0.0,0.0,0.0,1,127.5,0.0,0,312.0,0.0,0.0,0.0,0.0,0.0,3
2023-05-11 09:09:17,p2311-C-7400,p2311-C-7400,312.0,0.0,0.0,0.0,10,128.0,0.0,0,312.0,0.0,0.0,0.0,0.0,0.0,3
2023-05-11 09:09:18,p2311-C-7400,p2311-C-7400,312.0,0.0,0.0,0.0,1,128.5,0.0,0,312.0,0.0,0.0,0.0,0.0,0.0,3
2023-05-11 09:09:19,p2311-C-7400,p2311-C-7400,312.0,0.0,0.0,0.0,10,129.0,0.0,0,312.0,0.0,0.0,0.0,0.0,0.0,3
2023-05-11 09:09:20,p2311-C-7400,p2311-C-7400,312.0,0.0,0.0,0.0,1,129.5,0.0,0,312.0,0.0,0.0,0.0,0.0,0.0,3
2023-05-11 09:09:20,p2311-C-7400,p2311-C-7400,312.0,0.0,0.0,0.0,10,130.0,0.0,0,312.0,0.0,0.0,0.0,0.0,0.0,3
2023-05-11 09:09:21,p2311-C-7400,p2311-C-7400,312.0,0.0,0.0,0.0,1,130.5,0.0,0,312.0,0.0,0.0,0.0,0.0,0.0,3
2023-05-11 09:09:21,p2311-C-7400,p2311-C-7400,312.0,0.0,0.0,0.0,10,131.0,0.0,0,312.0,0.0,0.0,0.0,0.0,0.0,3
2023-05-11 09:09:23,p2311-C-7400,p2311-C-7400,312.0,0.0,0.0,0.0,1,131.5,0.0,0,312.0,0.0,0.0,0.0,0.0,0.0,3
2023-05-11 09:09:23,p2311-C-7400,p2311-C-7400,312.0,0.0,0.0,0.0,10,132.0,0.0,0,312.0,0.0,0.0,0.0,0.0,0.0,3
2023-05-11 09:09:24,p2311-C-7400,p2311-C-7400,312.0,0.0,0.0,0.0,1,132.5,0.0,0,312.0,0.0,0.0,0.0,0.0,0.0,3
2023-05-11 09:09:24,p2311-C-7400,p2311-C-7400,312.0,0.0,0.0,0.0,10,133.0,0.0,0,312.0,0.0,0.0,0.0,0.0,0.0,3
2023-05-11 09:09:26,p2311-C-7400,p2311-C-7400,312.0,0.0,0.0,0.0,1,133.5,0.0,0,312.0,0.0,0.0,0.0,0.0,0.0,3
2023-05-11 09:09:26,p2311-C-7400,p2311-C-7400,312.0,0.0,0.0,0.0,10,134.0,0.0,0,312.0,0.0,0.0,0.0,0.0,0.0,3
2023-05-11 09:09:28,p2311-C-7400,p2311-C-7400,312.0,0.0,0.0,0.0,1,134.5,0.0,0,312.0,0.0,0.0,0.0,0.0,0.0,3
2023-05-11 09:09:28,p2311-C-7400,p2311-C-7400,312.0,0.0,0.0,0.0,10,135.0,0.0,0,312.0,0.0,0.0,0.0,0.0,0.0,3
2023-05-11 09:09:30,p2311-C-7400,p2311-C-7400,312.0,0.0,0.0,0.0,1,135.5,0.0,0,312.0,0.0,0.0,0.0,0.0,0.0,3
2023-05-11 09:09:30,p2311-C-7400,p2311-C-7400,312.0,0.0,0.0,0.0,10,136.0,0.0,0,312.0,0.0,0.0,0.0,0.0,0.0,3
2023-05-11 09:09:31,p2311-C-7400,p2311-C-7400,312.0,0.0,0.0,0.0,1,136.5,0.0,0,312.0,0.0,0.0,0.0,0.0,0.0,3
2023-05-11 09:09:31,p2311-C-7400,p2311-C-7400,312.0,0.0,0.0,0.0,10,137.0,0.0,0,312.0,0.0,0.0,0.0,0.0,0.0,3
2023-05-11 09:09:33,p2311-C-7400,p2311-C-7400,312.0,0.0,0.0,0.0,1,137.5,0.0,0,312.0,0.0,0.0,0.0,0.0,0.0,3
2023-05-11 09:09:33,p2311-C-7400,p2311-C-7400,312.0,0.0,0.0,0.0,10,138.0,0.0,0,312.0,0.0,0.0,0.0,0.0,0.0,3
2023-05-11 09:09:34,p2311-C-7400,p2311-C-7400,312.0,0.0,0.0,0.0,1,138.5,0.0,0,312.0,0.0,0.0,0.0,0.0,0.0,3
2023-05-11 09:09:34,p2311-C-7400,p2311-C-7400,312.0,0.0,0.0,0.0,10,139.0,0.0,0,312.0,0.0,0.0,0.0,0.0,0.0,3
2023-05-11 09:09:40,p2311-C-7400,p2311-C-7400,312.0,0.0,0.0,0.0,1,139.5,0.0,0,312.0,0.0,0.0,0.0,0.0,0.0,3
2023-05-11 09:09:40,p2311-C-7400,p2311-C-7400,312.0,0.0,0.0,0.0,10,140.0,0.0,0,312.0,0.0,0.0,0.0,0.0,0.0,3
2023-05-11 09:09:44,p2311-C-7400,p2311-C-7400,312.0,0.0,0.0,0.0,1,140.5,0.0,0,312.0,0.0,0.0,0.0,0.0,0.0,3
2023-05-11 09:09:44,p2311-C-7400,p2311-C-7400,312.0,0.0,0.0,0.0,10,141.0,0.0,0,312.0,0.0,0.0,0.0,0.0,0.0,3
2023-05-11 09:09:46,p2311-C-7400,p2311-C-7400,312.0,0.0,0.0,0.0,1,141.5,0.0,0,312.0,0.0,0.0,0.0,0.0,0.0,3
2023-05-11 09:09:46,p2311-C-7400,p2311-C-7400,312.0,0.0,0.0,0.0,10,142.0,0.0,0,312.0,0.0,0.0,0.0,0.0,0.0,3
2023-05-11 09:09:47,p2311-C-7400,p2311-C-7400,312.0,0.0,0.0,0.0,1,142.5,0.0,0,312.0,0.0,0.0,0.0,0.0,0.0,3
2023-05-11 09:09:47,p2311-C-7400,p2311-C-7400,312.0,0.0,0.0,0.0,10,143.0,0.0,0,312.0,0.0,0.0,0.0,0.0,0.0,3
2023-05-11 09:09:49,p2311-C-7400,p2311-C-7400,312.0,0.0,0.0,0.0,1,143.5,0.0,0,312.0,0.0,0.0,0.0,0.0,0.0,3
2023-05-11 09:09:49,p2311-C-7400,p2311-C-7400,312.0,0.0,0.0,0.0,10,144.0,0.0,0,312.0,0.0,0.0,0.0,0.0,0.0,3
2023-05-11 09:09:50,p2311-C-7400,p2311-C-7400,312.0,0.0,0.0,0.0,10,145.0,0.0,0,312.0,0.0,0.0,0.0,0.0,0.0,3
2023-05-11 09:09:52,p2311-C-7400,p2311-C-7400,312.0,0.0,0.0,0.0,10,146.0,0.0,0,312.0,0.0,0.0,0.0,0.0,0.0,3
2023-05-11 09:09:53,p2311-C-7400,p2311-C-7400,312.0,0.0,0.0,0.0,1,146.5,0.0,0,312.0,0.0,0.0,0.0,0.0,0.0,3
2023-05-11 09:09:53,p2311-C-7400,p2311-C-7400,312.0,0.0,0.0,0.0,10,147.0,0.0,0,312.0,0.0,0.0,0.0,0.0,0.0,3
2023-05-11 09:10:44,p2311-C-7400,p2311-C-7400,312.0,0.0,0.0,0.0,1,147.5,0.0,0,312.0,0.0,0.0,0.0,0.0,0.0,3
2023-05-11 09:10:44,p2311-C-7400,p2311-C-7400,312.0,0.0,0.0,0.0,10,148.0,0.0,0,312.0,0.0,0.0,0.0,0.0,0.0,3
2023-05-11 09:11:15,p2311-C-7400,p2311-C-7400,312.0,0.0,0.0,0.0,1,148.5,0.0,0,312.0,0.0,0.0,0.0,0.0,0.0,3
2023-05-11 09:11:15,p2311-C-7400,p2311-C-7400,312.0,0.0,0.0,0.0,10,149.0,0.0,0,312.0,0.0,0.0,0.0,0.0,0.0,3
2023-05-11 09:11:29,p2311-C-7400,p2311-C-7400,312.0,0.0,0.0,0.0,1,149.5,0.0,0,312.0,0.0,0.0,0.0,0.0,0.0,3
2023-05-11 09:11:29,p2311-C-7400,p2311-C-7400,312.0,0.0,0.0,0.0,10,150.0,0.0,0,312.0,0.0,0.0,0.0,0.0,0.0,3
2023-05-11 09:11:32,p2311-C-7400,p2311-C-7400,312.0,0.0,0.0,0.0,1,150.5,0.0,0,312.0,0.0,0.0,0.0,0.0,0.0,3
2023-05-11 09:11:32,p2311-C-7400,p2311-C-7400,312.0,0.0,0.0,0.0,10,151.0,0.0,0,312.0,0.0,0.0,0.0,0.0,0.0,3
2023-05-11 09:11:34,p2311-C-7400,p2311-C-7400,312.0,0.0,0.0,0.0,1,151.5,0.0,0,312.0,0.0,0.0,0.0,0.0,0.0,3
2023-05-11 09:11:34,p2311-C-7400,p2311-C-7400,312.0,0.0,0.0,0.0,10,152.0,0.0,0,312.0,0.0,0.0,0.0,0.0,0.0,3
2023-05-11 09:11:37,p2311-C-7400,p2311-C-7400,312.0,0.0,0.0,0.0,1,152.5,0.0,0,312.0,0.0,0.0,0.0,0.0,0.0,3
2023-05-11 09:11:37,p2311-C-7400,p2311-C-7400,312.0,0.0,0.0,0.0,10,153.0,0.0,0,312.0,0.0,0.0,0.0,0.0,0.0,3
2023-05-11 10:14:32,p2311-C-7400,p2311-C-7400,312.0,0.0,0.0,0.0,1,43.5,0.0,0,312.0,0.0,0.0,0.0,0.0,0.0,3
2023-05-11 10:30:07,p2311-C-7400,p2311-C-7400,312.0,0.0,0.0,0.0,10,44.0,0.0,0,312.0,0.0,0.0,0.0,0.0,0.0,3
2023-05-11 10:30:20,p2311-C-7400,p2311-C-7400,312.0,0.0,0.0,0.0,1,44.5,0.0,0,312.0,0.0,0.0,0.0,0.0,0.0,3
2023-05-11 10:30:20,p2311-C-7400,p2311-C-7400,312.0,0.0,0.0,0.0,10,45.0,0.0,0,312.0,0.0,0.0,0.0,0.0,0.0,3
2023-05-11 10:31:12,p2311-C-7400,p2311-C-7400,312.0,0.0,0.0,0.0,1,45.5,0.0,0,312.0,0.0,0.0,0.0,0.0,0.0,3
2023-05-11 10:31:12,p2311-C-7400,p2311-C-7400,312.0,0.0,0.0,0.0,10,46.0,0.0,0,312.0,0.0,0.0,0.0,0.0,0.0,3
2023-05-11 10:31:56,p2311-C-7400,p2311-C-7400,312.0,0.0,0.0,0.0,1,46.5,0.0,0,312.0,0.0,0.0,0.0,0.0,0.0,3
2023-05-11 10:31:56,p2311-C-7400,p2311-C-7400,312.0,0.0,0.0,0.0,10,47.0,0.0,0,312.0,0.0,0.0,0.0,0.0,0.0,3
2023-05-11 10:32:21,p2311-C-7400,p2311-C-7400,312.0,0.0,0.0,0.0,1,47.5,0.0,0,312.0,0.0,0.0,0.0,0.0,0.0,3
2023-05-11 10:32:22,p2311-C-7400,p2311-C-7400,312.0,0.0,0.0,0.0,10,48.0,0.0,0,312.0,0.0,0.0,0.0,0.0,0.0,3
2023-05-11 10:33:37,p2311-C-7400,p2311-C-7400,312.0,0.0,0.0,0.0,1,48.5,0.0,0,312.0,0.0,0.0,0.0,0.0,0.0,3
2023-05-11 10:33:37,p2311-C-7400,p2311-C-7400,312.0,0.0,0.0,0.0,10,49.0,0.0,0,312.0,0.0,0.0,0.0,0.0,0.0,3
2023-05-11 10:33:47,p2311-C-7400,p2311-C-7400,312.0,0.0,0.0,0.0,1,49.5,0.0,0,312.0,0.0,0.0,0.0,0.0,0.0,3
2023-05-11 10:33:47,p2311-C-7400,p2311-C-7400,312.0,0.0,0.0,0.0,10,50.0,0.0,0,312.0,0.0,0.0,0.0,0.0,0.0,3
2023-05-11 10:33:57,p2311-C-7400,p2311-C-7400,312.0,0.0,0.0,0.0,1,50.5,0.0,0,312.0,0.0,0.0,0.0,0.0,0.0,3
2023-05-11 10:33:57,p2311-C-7400,p2311-C-7400,312.0,0.0,0.0,0.0,10,51.0,0.0,0,312.0,0.0,0.0,0.0,0.0,0.0,3
2023-05-11 10:34:03,p2311-C-7400,p2311-C-7400,312.0,0.0,0.0,0.0,1,51.5,0.0,0,312.0,0.0,0.0,0.0,0.0,0.0,3
2023-05-11 10:34:03,p2311-C-7400,p2311-C-7400,312.0,0.0,0.0,0.0,10,52.0,0.0,0,312.0,0.0,0.0,0.0,0.0,0.0,3
2023-05-11 10:34:06,p2311-C-7400,p2311-C-7400,312.0,0.0,0.0,0.0,1,52.5,0.0,0,312.0,0.0,0.0,0.0,0.0,0.0,3
2023-05-11 10:34:06,p2311-C-7400,p2311-C-7400,312.0,0.0,0.0,0.0,10,53.0,0.0,0,312.0,0.0,0.0,0.0,0.0,0.0,3
2023-05-11 10:34:09,p2311-C-7400,p2311-C-7400,312.0,0.0,0.0,0.0,1,53.5,0.0,0,312.0,0.0,0.0,0.0,0.0,0.0,3
2023-05-11 10:34:09,p2311-C-7400,p2311-C-7400,312.0,0.0,0.0,0.0,10,54.0,0.0,0,312.0,0.0,0.0,0.0,0.0,0.0,3
2023-05-11 10:34:12,p2311-C-7400,p2311-C-7400,312.0,0.0,0.0,0.0,1,54.5,0.0,0,312.0,0.0,0.0,0.0,0.0,0.0,3
2023-05-11 10:34:12,p2311-C-7400,p2311-C-7400,312.0,0.0,0.0,0.0,10,55.0,0.0,0,312.0,0.0,0.0,0.0,0.0,0.0,3
2023-05-11 10:34:15,p2311-C-7400,p2311-C-7400,312.0,0.0,0.0,0.0,1,55.5,0.0,0,312.0,0.0,0.0,0.0,0.0,0.0,3
2023-05-11 10:34:15,p2311-C-7400,p2311-C-7400,312.0,0.0,0.0,0.0,10,56.0,0.0,0,312.0,0.0,0.0,0.0,0.0,0.0,3
2023-05-11 10:34:18,p2311-C-7400,p2311-C-7400,312.0,0.0,0.0,0.0,1,56.5,0.0,0,312.0,0.0,0.0,0.0,0.0,0.0,3
2023-05-11 10:34:18,p2311-C-7400,p2311-C-7400,312.0,0.0,0.0,0.0,10,57.0,0.0,0,312.0,0.0,0.0,0.0,0.0,0.0,3
2023-05-11 10:34:20,p2311-C-7400,p2311-C-7400,312.0,0.0,0.0,0.0,1,57.5,0.0,0,312.0,0.0,0.0,0.0,0.0,0.0,3
2023-05-11 10:34:20,p2311-C-7400,p2311-C-7400,312.0,0.0,0.0,0.0,10,58.0,0.0,0,312.0,0.0,0.0,0.0,0.0,0.0,3
2023-05-11 10:34:23,p2311-C-7400,p2311-C-7400,312.0,0.0,0.0,0.0,1,58.5,0.0,0,312.0,0.0,0.0,0.0,0.0,0.0,3
2023-05-11 10:34:23,p2311-C-7400,p2311-C-7400,312.0,0.0,0.0,0.0,10,59.0,0.0,0,312.0,0.0,0.0,0.0,0.0,0.0,3
2023-05-11 10:34:25,p2311-C-7400,p2311-C-7400,312.0,0.0,0.0,0.0,1,59.5,0.0,0,312.0,0.0,0.0,0.0,0.0,0.0,3
2023-05-11 10:34:25,p2311-C-7400,p2311-C-7400,312.0,0.0,0.0,0.0,10,60.0,0.0,0,312.0,0.0,0.0,0.0,0.0,0.0,3
2023-05-11 10:34:28,p2311-C-7400,p2311-C-7400,312.0,0.0,0.0,0.0,1,60.5,0.0,0,312.0,0.0,0.0,0.0,0.0,0.0,3
2023-05-11 10:34:28,p2311-C-7400,p2311-C-7400,312.0,0.0,0.0,0.0,10,61.0,0.0,0,312.0,0.0,0.0,0.0,0.0,0.0,3
2023-05-11 10:34:31,p2311-C-7400,p2311-C-7400,312.0,0.0,0.0,0.0,1,61.5,0.0,0,312.0,0.0,0.0,0.0,0.0,0.0,3
2023-05-11 10:34:31,p2311-C-7400,p2311-C-7400,312.0,0.0,0.0,0.0,10,62.0,0.0,0,312.0,0.0,0.0,0.0,0.0,0.0,3
2023-05-11 10:34:34,p2311-C-7400,p2311-C-7400,312.0,0.0,0.0,0.0,1,62.5,0.0,0,312.0,0.0,0.0,0.0,0.0,0.0,3
2023-05-11 10:34:34,p2311-C-7400,p2311-C-7400,312.0,0.0,0.0,0.0,10,63.0,0.0,0,312.0,0.0,0.0,0.0,0.0,0.0,3
2023-05-11 10:34:37,p2311-C-7400,p2311-C-7400,312.0,0.0,0.0,0.0,1,63.5,0.0,0,312.0,0.0,0.0,0.0,0.0,0.0,3
2023-05-11 10:34:37,p2311-C-7400,p2311-C-7400,312.0,0.0,0.0,0.0,10,64.0,0.0,0,312.0,0.0,0.0,0.0,0.0,0.0,3
2023-05-11 10:34:41,p2311-C-7400,p2311-C-7400,312.0,0.0,0.0,0.0,1,64.5,0.0,0,312.0,0.0,0.0,0.0,0.0,0.0,3
2023-05-11 10:34:41,p2311-C-7400,p2311-C-7400,312.0,0.0,0.0,0.0,10,65.0,0.0,0,312.0,0.0,0.0,0.0,0.0,0.0,3
2023-05-11 10:35:25,p2311-C-7400,p2311-C-7400,312.0,0.0,0.0,0.0,1,65.5,0.0,0,312.0,0.0,0.0,0.0,0.0,0.0,3
2023-05-11 10:35:25,p2311-C-7400,p2311-C-7400,312.0,0.0,0.0,0.0,10,66.0,0.0,0,312.0,0.0,0.0,0.0,0.0,0.0,3
2023-05-11 10:35:55,p2311-C-7400,p2311-C-7400,312.0,0.0,0.0,0.0,1,66.5,0.0,0,312.0,0.0,0.0,0.0,0.0,0.0,3
2023-05-11 10:35:55,p2311-C-7400,p2311-C-7400,312.0,0.0,0.0,0.0,10,67.0,0.0,0,312.0,0.0,0.0,0.0,0.0,0.0,3
2023-05-11 10:37:14,p2311-C-7400,p2311-C-7400,312.0,0.0,0.0,0.0,1,67.5,0.0,0,312.0,0.0,0.0,0.0,0.0,0.0,3
2023-05-11 10:37:14,p2311-C-7400,p2311-C-7400,312.0,0.0,0.0,0.0,10,68.0,0.0,0,312.0,0.0,0.0,0.0,0.0,0.0,3
2023-05-11 10:37:16,p2311-C-7400,p2311-C-7400,312.0,0.0,0.0,0.0,1,68.5,0.0,0,312.0,0.0,0.0,0.0,0.0,0.0,3
2023-05-11 10:37:16,p2311-C-7400,p2311-C-7400,312.0,0.0,0.0,0.0,10,69.0,0.0,0,312.0,0.0,0.0,0.0,0.0,0.0,3
2023-05-11 10:37:19,p2311-C-7400,p2311-C-7400,312.0,0.0,0.0,0.0,1,69.5,0.0,0,312.0,0.0,0.0,0.0,0.0,0.0,3
2023-05-11 10:37:19,p2311-C-7400,p2311-C-7400,312.0,0.0,0.0,0.0,10,70.0,0.0,0,312.0,0.0,0.0,0.0,0.0,0.0,3
2023-05-11 10:37:21,p2311-C-7400,p2311-C-7400,312.0,0.0,0.0,0.0,1,70.5,0.0,0,312.0,0.0,0.0,0.0,0.0,0.0,3
2023-05-11 10:37:21,p2311-C-7400,p2311-C-7400,312.0,0.0,0.0,0.0,10,71.0,0.0,0,312.0,0.0,0.0,0.0,0.0,0.0,3
2023-05-11 10:37:22,p2311-C-7400,p2311-C-7400,312.0,0.0,0.0,0.0,1,71.5,0.0,0,312.0,0.0,0.0,0.0,0.0,0.0,3
2023-05-11 10:37:22,p2311-C-7400,p2311-C-7400,312.0,0.0,0.0,0.0,10,72.0,0.0,0,312.0,0.0,0.0,0.0,0.0,0.0,3
2023-05-11 10:37:24,p2311-C-7400,p2311-C-7400,312.0,0.0,0.0,0.0,1,72.5,0.0,0,312.0,0.0,0.0,0.0,0.0,0.0,3
2023-05-11 10:37:24,p2311-C-7400,p2311-C-7400,312.0,0.0,0.0,0.0,10,73.0,0.0,0,312.0,0.0,0.0,0.0,0.0,0.0,3
2023-05-11 10:37:25,p2311-C-7400,p2311-C-7400,312.0,0.0,0.0,0.0,1,73.5,0.0,0,312.0,0.0,0.0,0.0,0.0,0.0,3
2023-05-11 10:37:25,p2311-C-7400,p2311-C-7400,312.0,0.0,0.0,0.0,10,74.0,0.0,0,312.0,0.0,0.0,0.0,0.0,0.0,3
2023-05-11 10:37:27,p2311-C-7400,p2311-C-7400,312.0,0.0,0.0,0.0,1,74.5,0.0,0,312.0,0.0,0.0,0.0,0.0,0.0,3
2023-05-11 10:37:27,p2311-C-7400,p2311-C-7400,312.0,0.0,0.0,0.0,10,75.0,0.0,0,312.0,0.0,0.0,0.0,0.0,0.0,3
2023-05-11 10:37:30,p2311-C-7400,p2311-C-7400,312.0,0.0,0.0,0.0,1,75.5,0.0,0,312.0,0.0,0.0,0.0,0.0,0.0,3
2023-05-11 10:37:30,p2311-C-7400,p2311-C-7400,312.0,0.0,0.0,0.0,10,76.0,0.0,0,312.0,0.0,0.0,0.0,0.0,0.0,3
2023-05-11 10:37:32,p2311-C-7400,p2311-C-7400,312.0,0.0,0.0,0.0,1,76.5,0.0,0,312.0,0.0,0.0,0.0,0.0,0.0,3
2023-05-11 10:37:32,p2311-C-7400,p2311-C-7400,312.0,0.0,0.0,0.0,10,77.0,0.0,0,312.0,0.0,0.0,0.0,0.0,0.0,3
2023-05-11 10:37:34,p2311-C-7400,p2311-C-7400,312.0,0.0,0.0,0.0,1,77.5,0.0,0,312.0,0.0,0.0,0.0,0.0,0.0,3
2023-05-11 10:37:34,p2311-C-7400,p2311-C-7400,312.0,0.0,0.0,0.0,10,78.0,0.0,0,312.0,0.0,0.0,0.0,0.0,0.0,3
2023-05-11 10:37:37,p2311-C-7400,p2311-C-7400,312.0,0.0,0.0,0.0,1,78.5,0.0,0,312.0,0.0,0.0,0.0,0.0,0.0,3
2023-05-11 10:37:37,p2311-C-7400,p2311-C-7400,312.0,0.0,0.0,0.0,10,79.0,0.0,0,312.0,0.0,0.0,0.0,0.0,0.0,3
2023-05-11 10:37:39,p2311-C-7400,p2311-C-7400,312.0,0.0,0.0,0.0,1,79.5,0.0,0,312.0,0.0,0.0,0.0,0.0,0.0,3
2023-05-11 10:37:39,p2311-C-7400,p2311-C-7400,312.0,0.0,0.0,0.0,10,80.0,0.0,0,312.0,0.0,0.0,0.0,0.0,0.0,3
2023-05-11 10:37:41,p2311-C-7400,p2311-C-7400,312.0,0.0,0.0,0.0,1,80.5,0.0,0,312.0,0.0,0.0,0.0,0.0,0.0,3
2023-05-11 10:37:41,p2311-C-7400,p2311-C-7400,312.0,0.0,0.0,0.0,10,81.0,0.0,0,312.0,0.0,0.0,0.0,0.0,0.0,3
2023-05-11 10:37:42,p2311-C-7400,p2311-C-7400,312.0,0.0,0.0,0.0,1,81.5,0.0,0,312.0,0.0,0.0,0.0,0.0,0.0,3
2023-05-11 10:37:42,p2311-C-7400,p2311-C-7400,312.0,0.0,0.0,0.0,10,82.0,0.0,0,312.0,0.0,0.0,0.0,0.0,0.0,3
2023-05-11 10:37:44,p2311-C-7400,p2311-C-7400,312.0,0.0,0.0,0.0,1,82.5,0.0,0,312.0,0.0,0.0,0.0,0.0,0.0,3
2023-05-11 10:37:44,p2311-C-7400,p2311-C-7400,312.0,0.0,0.0,0.0,10,83.0,0.0,0,312.0,0.0,0.0,0.0,0.0,0.0,3
2023-05-11 10:37:46,p2311-C-7400,p2311-C-7400,312.0,0.0,0.0,0.0,1,83.5,0.0,0,312.0,0.0,0.0,0.0,0.0,0.0,3
2023-05-11 10:37:46,p2311-C-7400,p2311-C-7400,312.0,0.0,0.0,0.0,10,84.0,0.0,0,312.0,0.0,0.0,0.0,0.0,0.0,3
2023-05-11 10:37:47,p2311-C-7400,p2311-C-7400,312.0,0.0,0.0,0.0,1,84.5,0.0,0,312.0,0.0,0.0,0.0,0.0,0.0,3
2023-05-11 10:37:47,p2311-C-7400,p2311-C-7400,312.0,0.0,0.0,0.0,10,85.0,0.0,0,312.0,0.0,0.0,0.0,0.0,0.0,3
2023-05-11 10:37:49,p2311-C-7400,p2311-C-7400,312.0,0.0,0.0,0.0,1,85.5,0.0,0,312.0,0.0,0.0,0.0,0.0,0.0,3
2023-05-11 10:37:49,p2311-C-7400,p2311-C-7400,312.0,0.0,0.0,0.0,10,86.0,0.0,0,312.0,0.0,0.0,0.0,0.0,0.0,3
2023-05-11 10:37:51,p2311-C-7400,p2311-C-7400,312.0,0.0,0.0,0.0,1,86.5,0.0,0,312.0,0.0,0.0,0.0,0.0,0.0,3
2023-05-11 10:37:52,p2311-C-7400,p2311-C-7400,312.0,0.0,0.0,0.0,10,87.0,0.0,0,312.0,0.0,0.0,0.0,0.0,0.0,3
2023-05-11 10:37:53,p2311-C-7400,p2311-C-7400,312.0,0.0,0.0,0.0,1,87.5,0.0,0,312.0,0.0,0.0,0.0,0.0,0.0,3
2023-05-11 10:37:53,p2311-C-7400,p2311-C-7400,312.0,0.0,0.0,0.0,10,88.0,0.0,0,312.0,0.0,0.0,0.0,0.0,0.0,3
2023-05-11 10:37:54,p2311-C-7400,p2311-C-7400,312.0,0.0,0.0,0.0,1,88.5,0.0,0,312.0,0.0,0.0,0.0,0.0,0.0,3
2023-05-11 10:37:54,p2311-C-7400,p2311-C-7400,312.0,0.0,0.0,0.0,10,89.0,0.0,0,312.0,0.0,0.0,0.0,0.0,0.0,3
2023-05-11 10:37:56,p2311-C-7400,p2311-C-7400,312.0,0.0,0.0,0.0,1,89.5,0.0,0,312.0,0.0,0.0,0.0,0.0,0.0,3
2023-05-11 10:37:56,p2311-C-7400,p2311-C-7400,312.0,0.0,0.0,0.0,10,90.0,0.0,0,312.0,0.0,0.0,0.0,0.0,0.0,3
2023-05-11 10:37:57,p2311-C-7400,p2311-C-7400,312.0,0.0,0.0,0.0,1,90.5,0.0,0,312.0,0.0,0.0,0.0,0.0,0.0,3
2023-05-11 10:37:57,p2311-C-7400,p2311-C-7400,312.0,0.0,0.0,0.0,10,91.0,0.0,0,312.0,0.0,0.0,0.0,0.0,0.0,3
2023-05-11 10:37:58,p2311-C-7400,p2311-C-7400,312.0,0.0,0.0,0.0,1,91.5,0.0,0,312.0,0.0,0.0,0.0,0.0,0.0,3
2023-05-11 10:37:58,p2311-C-7400,p2311-C-7400,312.0,0.0,0.0,0.0,10,92.0,0.0,0,312.0,0.0,0.0,0.0,0.0,0.0,3
2023-05-11 10:37:59,p2311-C-7400,p2311-C-7400,312.0,0.0,0.0,0.0,1,92.5,0.0,0,312.0,0.0,0.0,0.0,0.0,0.0,3
2023-05-11 10:37:59,p2311-C-7400,p2311-C-7400,312.0,0.0,0.0,0.0,10,93.0,0.0,0,312.0,0.0,0.0,0.0,0.0,0.0,3
2023-05-11 10:38:01,p2311-C-7400,p2311-C-7400,312.0,0.0,0.0,0.0,1,93.5,0.0,0,312.0,0.0,0.0,0.0,0.0,0.0,3
2023-05-11 10:38:01,p2311-C-7400,p2311-C-7400,312.0,0.0,0.0,0.0,10,94.0,0.0,0,312.0,0.0,0.0,0.0,0.0,0.0,3
2023-05-11 10:38:02,p2311-C-7400,p2311-C-7400,312.0,0.0,0.0,0.0,1,94.5,0.0,0,312.0,0.0,0.0,0.0,0.0,0.0,3
2023-05-11 10:38:02,p2311-C-7400,p2311-C-7400,312.0,0.0,0.0,0.0,10,95.0,0.0,0,312.0,0.0,0.0,0.0,0.0,0.0,3
2023-05-11 10:38:03,p2311-C-7400,p2311-C-7400,312.0,0.0,0.0,0.0,1,95.5,0.0,0,312.0,0.0,0.0,0.0,0.0,0.0,3
2023-05-11 10:38:03,p2311-C-7400,p2311-C-7400,312.0,0.0,0.0,0.0,10,96.0,0.0,0,312.0,0.0,0.0,0.0,0.0,0.0,3
2023-05-11 10:38:05,p2311-C-7400,p2311-C-7400,312.0,0.0,0.0,0.0,1,96.5,0.0,0,312.0,0.0,0.0,0.0,0.0,0.0,3
2023-05-11 10:38:05,p2311-C-7400,p2311-C-7400,312.0,0.0,0.0,0.0,10,97.0,0.0,0,312.0,0.0,0.0,0.0,0.0,0.0,3
2023-05-11 10:38:07,p2311-C-7400,p2311-C-7400,312.0,0.0,0.0,0.0,1,97.5,0.0,0,312.0,0.0,0.0,0.0,0.0,0.0,3
2023-05-11 10:38:07,p2311-C-7400,p2311-C-7400,312.0,0.0,0.0,0.0,10,98.0,0.0,0,312.0,0.0,0.0,0.0,0.0,0.0,3
2023-05-11 10:38:08,p2311-C-7400,p2311-C-7400,312.0,0.0,0.0,0.0,1,98.5,0.0,0,312.0,0.0,0.0,0.0,0.0,0.0,3
2023-05-11 10:38:08,p2311-C-7400,p2311-C-7400,312.0,0.0,0.0,0.0,10,99.0,0.0,0,312.0,0.0,0.0,0.0,0.0,0.0,3
2023-05-11 10:38:09,p2311-C-7400,p2311-C-7400,312.0,0.0,0.0,0.0,1,99.5,0.0,0,312.0,0.0,0.0,0.0,0.0,0.0,3
2023-05-11 10:38:09,p2311-C-7400,p2311-C-7400,312.0,0.0,0.0,0.0,10,100.0,0.0,0,312.0,0.0,0.0,0.0,0.0,0.0,3
2023-05-11 10:38:11,p2311-C-7400,p2311-C-7400,312.0,0.0,0.0,0.0,1,100.5,0.0,0,312.0,0.0,0.0,0.0,0.0,0.0,3
2023-05-11 10:38:11,p2311-C-7400,p2311-C-7400,312.0,0.0,0.0,0.0,10,101.0,0.0,0,312.0,0.0,0.0,0.0,0.0,0.0,3
2023-05-11 10:38:12,p2311-C-7400,p2311-C-7400,312.0,0.0,0.0,0.0,1,101.5,0.0,0,312.0,0.0,0.0,0.0,0.0,0.0,3
2023-05-11 10:38:12,p2311-C-7400,p2311-C-7400,312.0,0.0,0.0,0.0,10,102.0,0.0,0,312.0,0.0,0.0,0.0,0.0,0.0,3
2023-05-11 10:38:14,p2311-C-7400,p2311-C-7400,312.0,0.0,0.0,0.0,1,102.5,0.0,0,312.0,0.0,0.0,0.0,0.0,0.0,3
2023-05-11 10:38:14,p2311-C-7400,p2311-C-7400,312.0,0.0,0.0,0.0,10,103.0,0.0,0,312.0,0.0,0.0,0.0,0.0,0.0,3
2023-05-11 10:38:15,p2311-C-7400,p2311-C-7400,312.0,0.0,0.0,0.0,1,103.5,0.0,0,312.0,0.0,0.0,0.0,0.0,0.0,3
2023-05-11 10:38:15,p2311-C-7400,p2311-C-7400,312.0,0.0,0.0,0.0,10,104.0,0.0,0,312.0,0.0,0.0,0.0,0.0,0.0,3
2023-05-11 10:38:17,p2311-C-7400,p2311-C-7400,312.0,0.0,0.0,0.0,1,104.5,0.0,0,312.0,0.0,0.0,0.0,0.0,0.0,3
2023-05-11 10:38:17,p2311-C-7400,p2311-C-7400,312.0,0.0,0.0,0.0,10,105.0,0.0,0,312.0,0.0,0.0,0.0,0.0,0.0,3
2023-05-11 10:38:18,p2311-C-7400,p2311-C-7400,312.0,0.0,0.0,0.0,1,105.5,0.0,0,312.0,0.0,0.0,0.0,0.0,0.0,3
2023-05-11 10:38:18,p2311-C-7400,p2311-C-7400,312.0,0.0,0.0,0.0,10,106.0,0.0,0,312.0,0.0,0.0,0.0,0.0,0.0,3
2023-05-11 10:38:20,p2311-C-7400,p2311-C-7400,312.0,0.0,0.0,0.0,1,106.5,0.0,0,312.0,0.0,0.0,0.0,0.0,0.0,3
2023-05-11 10:38:20,p2311-C-7400,p2311-C-7400,312.0,0.0,0.0,0.0,10,107.0,0.0,0,312.0,0.0,0.0,0.0,0.0,0.0,3
2023-05-11 10:38:26,p2311-C-7400,p2311-C-7400,312.0,0.0,0.0,0.0,1,107.5,0.0,0,312.0,0.0,0.0,0.0,0.0,0.0,3
2023-05-11 10:38:26,p2311-C-7400,p2311-C-7400,312.0,0.0,0.0,0.0,10,108.0,0.0,0,312.0,0.0,0.0,0.0,0.0,0.0,3
2023-05-11 10:38:29,p2311-C-7400,p2311-C-7400,312.0,0.0,0.0,0.0,1,108.5,0.0,0,312.0,0.0,0.0,0.0,0.0,0.0,3
2023-05-11 10:38:29,p2311-C-7400,p2311-C-7400,312.0,0.0,0.0,0.0,10,109.0,0.0,0,312.0,0.0,0.0,0.0,0.0,0.0,3
2023-05-11 10:38:33,p2311-C-7400,p2311-C-7400,312.0,0.0,0.0,0.0,1,109.5,0.0,0,312.0,0.0,0.0,0.0,0.0,0.0,3
2023-05-11 10:38:33,p2311-C-7400,p2311-C-7400,312.0,0.0,0.0,0.0,10,110.0,0.0,0,312.0,0.0,0.0,0.0,0.0,0.0,3
2023-05-11 10:38:45,p2311-C-7400,p2311-C-7400,312.0,0.0,0.0,0.0,1,110.5,0.0,0,312.0,0.0,0.0,0.0,0.0,0.0,3
2023-05-11 10:38:45,p2311-C-7400,p2311-C-7400,312.0,0.0,0.0,0.0,10,111.0,0.0,0,312.0,0.0,0.0,0.0,0.0,0.0,3
2023-05-11 10:38:47,p2311-C-7400,p2311-C-7400,312.0,0.0,0.0,0.0,1,111.5,0.0,0,312.0,0.0,0.0,0.0,0.0,0.0,3
2023-05-11 10:38:47,p2311-C-7400,p2311-C-7400,312.0,0.0,0.0,0.0,10,112.0,0.0,0,312.0,0.0,0.0,0.0,0.0,0.0,3
2023-05-11 10:38:49,p2311-C-7400,p2311-C-7400,312.0,0.0,0.0,0.0,1,112.5,0.0,0,312.0,0.0,0.0,0.0,0.0,0.0,3
2023-05-11 10:38:49,p2311-C-7400,p2311-C-7400,312.0,0.0,0.0,0.0,10,113.0,0.0,0,312.0,0.0,0.0,0.0,0.0,0.0,3
2023-05-11 10:38:50,p2311-C-7400,p2311-C-7400,312.0,0.0,0.0,0.0,1,113.5,0.0,0,312.0,0.0,0.0,0.0,0.0,0.0,3
2023-05-11 10:38:50,p2311-C-7400,p2311-C-7400,312.0,0.0,0.0,0.0,10,114.0,0.0,0,312.0,0.0,0.0,0.0,0.0,0.0,3
2023-05-11 10:38:54,p2311-C-7400,p2311-C-7400,312.0,0.0,0.0,0.0,1,114.5,0.0,0,312.0,0.0,0.0,0.0,0.0,0.0,3
2023-05-11 10:38:54,p2311-C-7400,p2311-C-7400,312.0,0.0,0.0,0.0,10,115.0,0.0,0,312.0,0.0,0.0,0.0,0.0,0.0,3
2023-05-11 10:38:57,p2311-C-7400,p2311-C-7400,312.0,0.0,0.0,0.0,1,115.5,0.0,0,312.0,0.0,0.0,0.0,0.0,0.0,3
2023-05-11 10:38:57,p2311-C-7400,p2311-C-7400,312.0,0.0,0.0,0.0,10,116.0,0.0,0,312.0,0.0,0.0,0.0,0.0,0.0,3
2023-05-11 10:39:00,p2311-C-7400,p2311-C-7400,312.0,0.0,0.0,0.0,1,116.5,0.0,0,312.0,0.0,0.0,0.0,0.0,0.0,3
2023-05-11 10:39:00,p2311-C-7400,p2311-C-7400,312.0,0.0,0.0,0.0,10,117.0,0.0,0,312.0,0.0,0.0,0.0,0.0,0.0,3
2023-05-11 10:39:02,p2311-C-7400,p2311-C-7400,312.0,0.0,0.0,0.0,1,117.5,0.0,0,312.0,0.0,0.0,0.0,0.0,0.0,3
2023-05-11 10:39:02,p2311-C-7400,p2311-C-7400,312.0,0.0,0.0,0.0,10,118.0,0.0,0,312.0,0.0,0.0,0.0,0.0,0.0,3
2023-05-11 10:39:06,p2311-C-7400,p2311-C-7400,312.0,0.0,0.0,0.0,1,118.5,0.0,0,312.0,0.0,0.0,0.0,0.0,0.0,3
2023-05-11 10:39:06,p2311-C-7400,p2311-C-7400,312.0,0.0,0.0,0.0,10,119.0,0.0,0,312.0,0.0,0.0,0.0,0.0,0.0,3
2023-05-11 10:39:07,p2311-C-7400,p2311-C-7400,312.0,0.0,0.0,0.0,1,119.5,0.0,0,312.0,0.0,0.0,0.0,0.0,0.0,3
2023-05-11 10:39:07,p2311-C-7400,p2311-C-7400,312.0,0.0,0.0,0.0,10,120.0,0.0,0,312.0,0.0,0.0,0.0,0.0,0.0,3
2023-05-11 10:39:09,p2311-C-7400,p2311-C-7400,312.0,0.0,0.0,0.0,1,120.5,0.0,0,312.0,0.0,0.0,0.0,0.0,0.0,3
2023-05-11 10:39:09,p2311-C-7400,p2311-C-7400,312.0,0.0,0.0,0.0,10,121.0,0.0,0,312.0,0.0,0.0,0.0,0.0,0.0,3
2023-05-11 10:39:11,p2311-C-7400,p2311-C-7400,312.0,0.0,0.0,0.0,1,121.5,0.0,0,312.0,0.0,0.0,0.0,0.0,0.0,3
2023-05-11 10:39:11,p2311-C-7400,p2311-C-7400,312.0,0.0,0.0,0.0,10,122.0,0.0,0,312.0,0.0,0.0,0.0,0.0,0.0,3
2023-05-11 10:39:12,p2311-C-7400,p2311-C-7400,312.0,0.0,0.0,0.0,1,122.5,0.0,0,312.0,0.0,0.0,0.0,0.0,0.0,3
2023-05-11 10:39:12,p2311-C-7400,p2311-C-7400,312.0,0.0,0.0,0.0,10,123.0,0.0,0,312.0,0.0,0.0,0.0,0.0,0.0,3
2023-05-11 10:39:13,p2311-C-7400,p2311-C-7400,312.0,0.0,0.0,0.0,1,123.5,0.0,0,312.0,0.0,0.0,0.0,0.0,0.0,3
2023-05-11 10:39:13,p2311-C-7400,p2311-C-7400,312.0,0.0,0.0,0.0,10,124.0,0.0,0,312.0,0.0,0.0,0.0,0.0,0.0,3
2023-05-11 10:39:15,p2311-C-7400,p2311-C-7400,312.0,0.0,0.0,0.0,1,124.5,0.0,0,312.0,0.0,0.0,0.0,0.0,0.0,3
2023-05-11 10:39:15,p2311-C-7400,p2311-C-7400,312.0,0.0,0.0,0.0,10,125.0,0.0,0,312.0,0.0,0.0,0.0,0.0,0.0,3
2023-05-11 10:39:16,p2311-C-7400,p2311-C-7400,312.0,0.0,0.0,0.0,1,125.5,0.0,0,312.0,0.0,0.0,0.0,0.0,0.0,3
2023-05-11 10:39:16,p2311-C-7400,p2311-C-7400,312.0,0.0,0.0,0.0,10,126.0,0.0,0,312.0,0.0,0.0,0.0,0.0,0.0,3
2023-05-11 10:39:17,p2311-C-7400,p2311-C-7400,312.0,0.0,0.0,0.0,1,126.5,0.0,0,312.0,0.0,0.0,0.0,0.0,0.0,3
2023-05-11 10:39:17,p2311-C-7400,p2311-C-7400,312.0,0.0,0.0,0.0,10,127.0,0.0,0,312.0,0.0,0.0,0.0,0.0,0.0,3
2023-05-11 10:39:18,p2311-C-7400,p2311-C-7400,312.0,0.0,0.0,0.0,1,127.5,0.0,0,312.0,0.0,0.0,0.0,0.0,0.0,3
2023-05-11 10:39:18,p2311-C-7400,p2311-C-7400,312.0,0.0,0.0,0.0,10,128.0,0.0,0,312.0,0.0,0.0,0.0,0.0,0.0,3
2023-05-11 10:39:19,p2311-C-7400,p2311-C-7400,312.0,0.0,0.0,0.0,1,128.5,0.0,0,312.0,0.0,0.0,0.0,0.0,0.0,3
2023-05-11 10:39:19,p2311-C-7400,p2311-C-7400,312.0,0.0,0.0,0.0,10,129.0,0.0,0,312.0,0.0,0.0,0.0,0.0,0.0,3
2023-05-11 10:39:20,p2311-C-7400,p2311-C-7400,312.0,0.0,0.0,0.0,1,129.5,0.0,0,312.0,0.0,0.0,0.0,0.0,0.0,3
2023-05-11 10:39:20,p2311-C-7400,p2311-C-7400,312.0,0.0,0.0,0.0,10,130.0,0.0,0,312.0,0.0,0.0,0.0,0.0,0.0,3
2023-05-11 10:39:21,p2311-C-7400,p2311-C-7400,312.0,0.0,0.0,0.0,1,130.5,0.0,0,312.0,0.0,0.0,0.0,0.0,0.0,3
2023-05-11 10:39:21,p2311-C-7400,p2311-C-7400,312.0,0.0,0.0,0.0,10,131.0,0.0,0,312.0,0.0,0.0,0.0,0.0,0.0,3
2023-05-11 10:39:22,p2311-C-7400,p2311-C-7400,312.0,0.0,0.0,0.0,1,131.5,0.0,0,312.0,0.0,0.0,0.0,0.0,0.0,3
2023-05-11 10:39:22,p2311-C-7400,p2311-C-7400,312.0,0.0,0.0,0.0,10,132.0,0.0,0,312.0,0.0,0.0,0.0,0.0,0.0,3
2023-05-11 10:39:23,p2311-C-7400,p2311-C-7400,312.0,0.0,0.0,0.0,1,132.5,0.0,0,312.0,0.0,0.0,0.0,0.0,0.0,3
2023-05-11 10:39:23,p2311-C-7400,p2311-C-7400,312.0,0.0,0.0,0.0,10,133.0,0.0,0,312.0,0.0,0.0,0.0,0.0,0.0,3
2023-05-11 10:39:24,p2311-C-7400,p2311-C-7400,312.0,0.0,0.0,0.0,1,133.5,0.0,0,312.0,0.0,0.0,0.0,0.0,0.0,3
2023-05-11 10:39:24,p2311-C-7400,p2311-C-7400,312.0,0.0,0.0,0.0,10,134.0,0.0,0,312.0,0.0,0.0,0.0,0.0,0.0,3
2023-05-11 10:39:25,p2311-C-7400,p2311-C-7400,312.0,0.0,0.0,0.0,1,134.5,0.0,0,312.0,0.0,0.0,0.0,0.0,0.0,3
2023-05-11 10:39:25,p2311-C-7400,p2311-C-7400,312.0,0.0,0.0,0.0,10,135.0,0.0,0,312.0,0.0,0.0,0.0,0.0,0.0,3
2023-05-11 10:39:26,p2311-C-7400,p2311-C-7400,312.0,0.0,0.0,0.0,1,135.5,0.0,0,312.0,0.0,0.0,0.0,0.0,0.0,3
2023-05-11 10:39:26,p2311-C-7400,p2311-C-7400,312.0,0.0,0.0,0.0,10,136.0,0.0,0,312.0,0.0,0.0,0.0,0.0,0.0,3
2023-05-11 10:39:27,p2311-C-7400,p2311-C-7400,312.0,0.0,0.0,0.0,1,136.5,0.0,0,312.0,0.0,0.0,0.0,0.0,0.0,3
2023-05-11 10:39:27,p2311-C-7400,p2311-C-7400,312.0,0.0,0.0,0.0,10,137.0,0.0,0,312.0,0.0,0.0,0.0,0.0,0.0,3
2023-05-11 10:39:28,p2311-C-7400,p2311-C-7400,312.0,0.0,0.0,0.0,1,137.5,0.0,0,312.0,0.0,0.0,0.0,0.0,0.0,3
2023-05-11 10:39:28,p2311-C-7400,p2311-C-7400,312.0,0.0,0.0,0.0,10,138.0,0.0,0,312.0,0.0,0.0,0.0,0.0,0.0,3
2023-05-11 10:39:29,p2311-C-7400,p2311-C-7400,312.0,0.0,0.0,0.0,1,138.5,0.0,0,312.0,0.0,0.0,0.0,0.0,0.0,3
2023-05-11 10:39:29,p2311-C-7400,p2311-C-7400,312.0,0.0,0.0,0.0,10,139.0,0.0,0,312.0,0.0,0.0,0.0,0.0,0.0,3
2023-05-11 10:39:30,p2311-C-7400,p2311-C-7400,312.0,0.0,0.0,0.0,1,139.5,0.0,0,312.0,0.0,0.0,0.0,0.0,0.0,3
2023-05-11 10:39:30,p2311-C-7400,p2311-C-7400,312.0,0.0,0.0,0.0,10,140.0,0.0,0,312.0,0.0,0.0,0.0,0.0,0.0,3
2023-05-11 10:39:31,p2311-C-7400,p2311-C-7400,312.0,0.0,0.0,0.0,1,140.5,0.0,0,312.0,0.0,0.0,0.0,0.0,0.0,3
2023-05-11 10:39:31,p2311-C-7400,p2311-C-7400,312.0,0.0,0.0,0.0,10,141.0,0.0,0,312.0,0.0,0.0,0.0,0.0,0.0,3
2023-05-11 10:39:32,p2311-C-7400,p2311-C-7400,312.0,0.0,0.0,0.0,1,141.5,0.0,0,312.0,0.0,0.0,0.0,0.0,0.0,3
2023-05-11 10:39:32,p2311-C-7400,p2311-C-7400,312.0,0.0,0.0,0.0,10,142.0,0.0,0,312.0,0.0,0.0,0.0,0.0,0.0,3
2023-05-11 10:39:33,p2311-C-7400,p2311-C-7400,312.0,0.0,0.0,0.0,1,142.5,0.0,0,312.0,0.0,0.0,0.0,0.0,0.0,3
2023-05-11 10:39:33,p2311-C-7400,p2311-C-7400,312.0,0.0,0.0,0.0,10,143.0,0.0,0,312.0,0.0,0.0,0.0,0.0,0.0,3
2023-05-11 10:39:34,p2311-C-7400,p2311-C-7400,312.0,0.0,0.0,0.0,1,143.5,0.0,0,312.0,0.0,0.0,0.0,0.0,0.0,3
2023-05-11 10:39:34,p2311-C-7400,p2311-C-7400,312.0,0.0,0.0,0.0,10,144.0,0.0,0,312.0,0.0,0.0,0.0,0.0,0.0,3
2023-05-11 11:29:33,p2311-C-7400,p2311-C-7400,312.0,0.0,0.0,0.0,1,26.5,0.0,0,312.0,0.0,0.0,0.0,0.0,0.0,3
2023-05-11 13:30:02,p2311-C-7400,p2311-C-7400,312.0,0.0,0.0,0.0,10,27.0,0.0,0,312.0,0.0,0.0,0.0,0.0,0.0,3
2023-05-11 13:31:14,p2311-C-7400,p2311-C-7400,312.0,0.0,0.0,0.0,1,27.5,0.0,0,312.0,0.0,0.0,0.0,0.0,0.0,3
2023-05-11 13:31:14,p2311-C-7400,p2311-C-7400,312.0,0.0,0.0,0.0,10,28.0,0.0,0,312.0,0.0,0.0,0.0,0.0,0.0,3
2023-05-11 13:31:22,p2311-C-7400,p2311-C-7400,312.0,0.0,0.0,0.0,1,28.5,0.0,0,312.0,0.0,0.0,0.0,0.0,0.0,3
2023-05-11 13:31:22,p2311-C-7400,p2311-C-7400,312.0,0.0,0.0,0.0,10,29.0,0.0,0,312.0,0.0,0.0,0.0,0.0,0.0,3
2023-05-11 13:31:28,p2311-C-7400,p2311-C-7400,312.0,0.0,0.0,0.0,1,29.5,0.0,0,312.0,0.0,0.0,0.0,0.0,0.0,3
2023-05-11 13:31:28,p2311-C-7400,p2311-C-7400,312.0,0.0,0.0,0.0,10,30.0,0.0,0,312.0,0.0,0.0,0.0,0.0,0.0,3
2023-05-11 13:31:40,p2311-C-7400,p2311-C-7400,312.0,0.0,0.0,0.0,1,30.5,0.0,0,312.0,0.0,0.0,0.0,0.0,0.0,3
2023-05-11 13:31:40,p2311-C-7400,p2311-C-7400,312.0,0.0,0.0,0.0,10,31.0,0.0,0,312.0,0.0,0.0,0.0,0.0,0.0,3
2023-05-11 13:35:03,p2311-C-7400,p2311-C-7400,312.0,0.0,0.0,0.0,1,31.5,0.0,0,312.0,0.0,0.0,0.0,0.0,0.0,3
2023-05-11 13:35:04,p2311-C-7400,p2311-C-7400,312.0,0.0,0.0,0.0,10,32.0,0.0,0,312.0,0.0,0.0,0.0,0.0,0.0,3
2023-05-11 13:35:06,p2311-C-7400,p2311-C-7400,312.0,0.0,0.0,0.0,1,32.5,0.0,0,312.0,0.0,0.0,0.0,0.0,0.0,3
2023-05-11 13:35:06,p2311-C-7400,p2311-C-7400,312.0,0.0,0.0,0.0,10,33.0,0.0,0,312.0,0.0,0.0,0.0,0.0,0.0,3
2023-05-11 13:35:08,p2311-C-7400,p2311-C-7400,312.0,0.0,0.0,0.0,1,33.5,0.0,0,312.0,0.0,0.0,0.0,0.0,0.0,3
2023-05-11 13:35:08,p2311-C-7400,p2311-C-7400,312.0,0.0,0.0,0.0,10,34.0,0.0,0,312.0,0.0,0.0,0.0,0.0,0.0,3
2023-05-11 13:35:10,p2311-C-7400,p2311-C-7400,312.0,0.0,0.0,0.0,1,34.5,0.0,0,312.0,0.0,0.0,0.0,0.0,0.0,3
2023-05-11 13:35:10,p2311-C-7400,p2311-C-7400,312.0,0.0,0.0,0.0,10,35.0,0.0,0,312.0,0.0,0.0,0.0,0.0,0.0,3
2023-05-11 13:35:12,p2311-C-7400,p2311-C-7400,312.0,0.0,0.0,0.0,1,35.5,0.0,0,312.0,0.0,0.0,0.0,0.0,0.0,3
2023-05-11 13:35:12,p2311-C-7400,p2311-C-7400,312.0,0.0,0.0,0.0,10,36.0,0.0,0,312.0,0.0,0.0,0.0,0.0,0.0,3
2023-05-11 13:35:14,p2311-C-7400,p2311-C-7400,312.0,0.0,0.0,0.0,1,36.5,0.0,0,312.0,0.0,0.0,0.0,0.0,0.0,3
2023-05-11 13:35:14,p2311-C-7400,p2311-C-7400,312.0,0.0,0.0,0.0,10,37.0,0.0,0,312.0,0.0,0.0,0.0,0.0,0.0,3
2023-05-11 13:35:16,p2311-C-7400,p2311-C-7400,312.0,0.0,0.0,0.0,1,37.5,0.0,0,312.0,0.0,0.0,0.0,0.0,0.0,3
2023-05-11 13:35:16,p2311-C-7400,p2311-C-7400,312.0,0.0,0.0,0.0,10,38.0,0.0,0,312.0,0.0,0.0,0.0,0.0,0.0,3
2023-05-11 13:35:18,p2311-C-7400,p2311-C-7400,312.0,0.0,0.0,0.0,1,38.5,0.0,0,312.0,0.0,0.0,0.0,0.0,0.0,3
2023-05-11 13:35:18,p2311-C-7400,p2311-C-7400,312.0,0.0,0.0,0.0,10,39.0,0.0,0,312.0,0.0,0.0,0.0,0.0,0.0,3
2023-05-11 13:35:20,p2311-C-7400,p2311-C-7400,312.0,0.0,0.0,0.0,1,39.5,0.0,0,312.0,0.0,0.0,0.0,0.0,0.0,3
2023-05-11 13:35:20,p2311-C-7400,p2311-C-7400,312.0,0.0,0.0,0.0,10,40.0,0.0,0,312.0,0.0,0.0,0.0,0.0,0.0,3
2023-05-11 13:35:21,p2311-C-7400,p2311-C-7400,312.0,0.0,0.0,0.0,1,40.5,0.0,0,312.0,0.0,0.0,0.0,0.0,0.0,3
2023-05-11 13:35:21,p2311-C-7400,p2311-C-7400,312.0,0.0,0.0,0.0,10,41.0,0.0,0,312.0,0.0,0.0,0.0,0.0,0.0,3
2023-05-11 13:35:23,p2311-C-7400,p2311-C-7400,312.0,0.0,0.0,0.0,1,41.5,0.0,0,312.0,0.0,0.0,0.0,0.0,0.0,3
2023-05-11 13:35:23,p2311-C-7400,p2311-C-7400,312.0,0.0,0.0,0.0,10,42.0,0.0,0,312.0,0.0,0.0,0.0,0.0,0.0,3
2023-05-11 13:35:24,p2311-C-7400,p2311-C-7400,312.0,0.0,0.0,0.0,1,42.5,0.0,0,312.0,0.0,0.0,0.0,0.0,0.0,3
2023-05-11 13:35:24,p2311-C-7400,p2311-C-7400,312.0,0.0,0.0,0.0,10,43.0,0.0,0,312.0,0.0,0.0,0.0,0.0,0.0,3
2023-05-11 13:35:26,p2311-C-7400,p2311-C-7400,312.0,0.0,0.0,0.0,1,43.5,0.0,0,312.0,0.0,0.0,0.0,0.0,0.0,3
2023-05-11 13:35:26,p2311-C-7400,p2311-C-7400,312.0,0.0,0.0,0.0,10,44.0,0.0,0,312.0,0.0,0.0,0.0,0.0,0.0,3
2023-05-11 13:35:28,p2311-C-7400,p2311-C-7400,312.0,0.0,0.0,0.0,1,44.5,0.0,0,312.0,0.0,0.0,0.0,0.0,0.0,3
2023-05-11 13:35:28,p2311-C-7400,p2311-C-7400,312.0,0.0,0.0,0.0,10,45.0,0.0,0,312.0,0.0,0.0,0.0,0.0,0.0,3
2023-05-11 13:35:30,p2311-C-7400,p2311-C-7400,312.0,0.0,0.0,0.0,1,45.5,0.0,0,312.0,0.0,0.0,0.0,0.0,0.0,3
2023-05-11 13:35:30,p2311-C-7400,p2311-C-7400,312.0,0.0,0.0,0.0,10,46.0,0.0,0,312.0,0.0,0.0,0.0,0.0,0.0,3
2023-05-11 13:35:32,p2311-C-7400,p2311-C-7400,312.0,0.0,0.0,0.0,1,46.5,0.0,0,312.0,0.0,0.0,0.0,0.0,0.0,3
2023-05-11 13:35:32,p2311-C-7400,p2311-C-7400,312.0,0.0,0.0,0.0,10,47.0,0.0,0,312.0,0.0,0.0,0.0,0.0,0.0,3
2023-05-11 13:35:36,p2311-C-7400,p2311-C-7400,312.0,0.0,0.0,0.0,1,47.5,0.0,0,312.0,0.0,0.0,0.0,0.0,0.0,3
2023-05-11 13:35:36,p2311-C-7400,p2311-C-7400,312.0,0.0,0.0,0.0,10,48.0,0.0,0,312.0,0.0,0.0,0.0,0.0,0.0,3
2023-05-11 13:35:38,p2311-C-7400,p2311-C-7400,312.0,0.0,0.0,0.0,1,48.5,0.0,0,312.0,0.0,0.0,0.0,0.0,0.0,3
2023-05-11 13:35:38,p2311-C-7400,p2311-C-7400,312.0,0.0,0.0,0.0,10,49.0,0.0,0,312.0,0.0,0.0,0.0,0.0,0.0,3
2023-05-11 13:35:40,p2311-C-7400,p2311-C-7400,312.0,0.0,0.0,0.0,1,49.5,0.0,0,312.0,0.0,0.0,0.0,0.0,0.0,3
2023-05-11 13:35:40,p2311-C-7400,p2311-C-7400,312.0,0.0,0.0,0.0,10,50.0,0.0,0,312.0,0.0,0.0,0.0,0.0,0.0,3
2023-05-11 13:35:41,p2311-C-7400,p2311-C-7400,312.0,0.0,0.0,0.0,1,50.5,0.0,0,312.0,0.0,0.0,0.0,0.0,0.0,3
2023-05-11 13:35:41,p2311-C-7400,p2311-C-7400,312.0,0.0,0.0,0.0,10,51.0,0.0,0,312.0,0.0,0.0,0.0,0.0,0.0,3
2023-05-11 13:35:42,p2311-C-7400,p2311-C-7400,312.0,0.0,0.0,0.0,1,51.5,0.0,0,312.0,0.0,0.0,0.0,0.0,0.0,3
2023-05-11 13:35:42,p2311-C-7400,p2311-C-7400,312.0,0.0,0.0,0.0,10,52.0,0.0,0,312.0,0.0,0.0,0.0,0.0,0.0,3
2023-05-11 13:35:44,p2311-C-7400,p2311-C-7400,312.0,0.0,0.0,0.0,1,52.5,0.0,0,312.0,0.0,0.0,0.0,0.0,0.0,3
2023-05-11 13:35:44,p2311-C-7400,p2311-C-7400,312.0,0.0,0.0,0.0,10,53.0,0.0,0,312.0,0.0,0.0,0.0,0.0,0.0,3
2023-05-11 13:35:45,p2311-C-7400,p2311-C-7400,312.0,0.0,0.0,0.0,1,53.5,0.0,0,312.0,0.0,0.0,0.0,0.0,0.0,3
2023-05-11 13:35:46,p2311-C-7400,p2311-C-7400,312.0,0.0,0.0,0.0,10,54.0,0.0,0,312.0,0.0,0.0,0.0,0.0,0.0,3
2023-05-11 13:35:47,p2311-C-7400,p2311-C-7400,312.0,0.0,0.0,0.0,1,54.5,0.0,0,312.0,0.0,0.0,0.0,0.0,0.0,3
2023-05-11 13:35:47,p2311-C-7400,p2311-C-7400,312.0,0.0,0.0,0.0,10,55.0,0.0,0,312.0,0.0,0.0,0.0,0.0,0.0,3
2023-05-11 13:35:49,p2311-C-7400,p2311-C-7400,312.0,0.0,0.0,0.0,1,55.5,0.0,0,312.0,0.0,0.0,0.0,0.0,0.0,3
2023-05-11 13:35:49,p2311-C-7400,p2311-C-7400,312.0,0.0,0.0,0.0,10,56.0,0.0,0,312.0,0.0,0.0,0.0,0.0,0.0,3
2023-05-11 13:35:50,p2311-C-7400,p2311-C-7400,312.0,0.0,0.0,0.0,1,56.5,0.0,0,312.0,0.0,0.0,0.0,0.0,0.0,3
2023-05-11 13:35:50,p2311-C-7400,p2311-C-7400,312.0,0.0,0.0,0.0,10,57.0,0.0,0,312.0,0.0,0.0,0.0,0.0,0.0,3
2023-05-11 13:35:52,p2311-C-7400,p2311-C-7400,312.0,0.0,0.0,0.0,1,57.5,0.0,0,312.0,0.0,0.0,0.0,0.0,0.0,3
2023-05-11 13:35:52,p2311-C-7400,p2311-C-7400,312.0,0.0,0.0,0.0,10,58.0,0.0,0,312.0,0.0,0.0,0.0,0.0,0.0,3
2023-05-11 13:35:53,p2311-C-7400,p2311-C-7400,312.0,0.0,0.0,0.0,1,58.5,0.0,0,312.0,0.0,0.0,0.0,0.0,0.0,3
2023-05-11 13:35:53,p2311-C-7400,p2311-C-7400,312.0,0.0,0.0,0.0,10,59.0,0.0,0,312.0,0.0,0.0,0.0,0.0,0.0,3
2023-05-11 13:35:55,p2311-C-7400,p2311-C-7400,312.0,0.0,0.0,0.0,1,59.5,0.0,0,312.0,0.0,0.0,0.0,0.0,0.0,3
2023-05-11 13:35:55,p2311-C-7400,p2311-C-7400,312.0,0.0,0.0,0.0,10,60.0,0.0,0,312.0,0.0,0.0,0.0,0.0,0.0,3
2023-05-11 13:35:56,p2311-C-7400,p2311-C-7400,312.0,0.0,0.0,0.0,1,60.5,0.0,0,312.0,0.0,0.0,0.0,0.0,0.0,3
2023-05-11 13:35:56,p2311-C-7400,p2311-C-7400,312.0,0.0,0.0,0.0,10,61.0,0.0,0,312.0,0.0,0.0,0.0,0.0,0.0,3
2023-05-11 13:35:58,p2311-C-7400,p2311-C-7400,312.0,0.0,0.0,0.0,1,61.5,0.0,0,312.0,0.0,0.0,0.0,0.0,0.0,3
2023-05-11 13:35:58,p2311-C-7400,p2311-C-7400,312.0,0.0,0.0,0.0,10,62.0,0.0,0,312.0,0.0,0.0,0.0,0.0,0.0,3
2023-05-11 13:35:59,p2311-C-7400,p2311-C-7400,312.0,0.0,0.0,0.0,1,62.5,0.0,0,312.0,0.0,0.0,0.0,0.0,0.0,3
2023-05-11 13:35:59,p2311-C-7400,p2311-C-7400,312.0,0.0,0.0,0.0,10,63.0,0.0,0,312.0,0.0,0.0,0.0,0.0,0.0,3
2023-05-11 13:36:01,p2311-C-7400,p2311-C-7400,312.0,0.0,0.0,0.0,1,63.5,0.0,0,312.0,0.0,0.0,0.0,0.0,0.0,3
2023-05-11 13:36:01,p2311-C-7400,p2311-C-7400,312.0,0.0,0.0,0.0,10,64.0,0.0,0,312.0,0.0,0.0,0.0,0.0,0.0,3
2023-05-11 13:36:02,p2311-C-7400,p2311-C-7400,312.0,0.0,0.0,0.0,1,64.5,0.0,0,312.0,0.0,0.0,0.0,0.0,0.0,3
2023-05-11 13:36:02,p2311-C-7400,p2311-C-7400,312.0,0.0,0.0,0.0,10,65.0,0.0,0,312.0,0.0,0.0,0.0,0.0,0.0,3
2023-05-11 13:36:04,p2311-C-7400,p2311-C-7400,312.0,0.0,0.0,0.0,1,65.5,0.0,0,312.0,0.0,0.0,0.0,0.0,0.0,3
2023-05-11 13:36:04,p2311-C-7400,p2311-C-7400,312.0,0.0,0.0,0.0,10,66.0,0.0,0,312.0,0.0,0.0,0.0,0.0,0.0,3
2023-05-11 13:36:07,p2311-C-7400,p2311-C-7400,312.0,0.0,0.0,0.0,1,66.5,0.0,0,312.0,0.0,0.0,0.0,0.0,0.0,3
2023-05-11 13:36:07,p2311-C-7400,p2311-C-7400,312.0,0.0,0.0,0.0,10,67.0,0.0,0,312.0,0.0,0.0,0.0,0.0,0.0,3
2023-05-11 13:36:11,p2311-C-7400,p2311-C-7400,312.0,0.0,0.0,0.0,1,67.5,0.0,0,312.0,0.0,0.0,0.0,0.0,0.0,3
2023-05-11 13:36:11,p2311-C-7400,p2311-C-7400,312.0,0.0,0.0,0.0,10,68.0,0.0,0,312.0,0.0,0.0,0.0,0.0,0.0,3
2023-05-11 13:36:13,p2311-C-7400,p2311-C-7400,312.0,0.0,0.0,0.0,1,68.5,0.0,0,312.0,0.0,0.0,0.0,0.0,0.0,3
2023-05-11 13:36:13,p2311-C-7400,p2311-C-7400,312.0,0.0,0.0,0.0,10,69.0,0.0,0,312.0,0.0,0.0,0.0,0.0,0.0,3
2023-05-11 13:36:15,p2311-C-7400,p2311-C-7400,312.0,0.0,0.0,0.0,1,69.5,0.0,0,312.0,0.0,0.0,0.0,0.0,0.0,3
2023-05-11 13:36:15,p2311-C-7400,p2311-C-7400,312.0,0.0,0.0,0.0,10,70.0,0.0,0,312.0,0.0,0.0,0.0,0.0,0.0,3
2023-05-11 13:36:17,p2311-C-7400,p2311-C-7400,312.0,0.0,0.0,0.0,1,70.5,0.0,0,312.0,0.0,0.0,0.0,0.0,0.0,3
2023-05-11 13:36:17,p2311-C-7400,p2311-C-7400,312.0,0.0,0.0,0.0,10,71.0,0.0,0,312.0,0.0,0.0,0.0,0.0,0.0,3
2023-05-11 13:36:19,p2311-C-7400,p2311-C-7400,312.0,0.0,0.0,0.0,1,71.5,0.0,0,312.0,0.0,0.0,0.0,0.0,0.0,3
2023-05-11 13:36:19,p2311-C-7400,p2311-C-7400,312.0,0.0,0.0,0.0,10,72.0,0.0,0,312.0,0.0,0.0,0.0,0.0,0.0,3
2023-05-11 13:36:21,p2311-C-7400,p2311-C-7400,312.0,0.0,0.0,0.0,1,72.5,0.0,0,312.0,0.0,0.0,0.0,0.0,0.0,3
2023-05-11 13:36:21,p2311-C-7400,p2311-C-7400,312.0,0.0,0.0,0.0,10,73.0,0.0,0,312.0,0.0,0.0,0.0,0.0,0.0,3
2023-05-11 13:36:22,p2311-C-7400,p2311-C-7400,312.0,0.0,0.0,0.0,1,73.5,0.0,0,312.0,0.0,0.0,0.0,0.0,0.0,3
2023-05-11 13:36:22,p2311-C-7400,p2311-C-7400,312.0,0.0,0.0,0.0,10,74.0,0.0,0,312.0,0.0,0.0,0.0,0.0,0.0,3
2023-05-11 13:36:24,p2311-C-7400,p2311-C-7400,312.0,0.0,0.0,0.0,1,74.5,0.0,0,312.0,0.0,0.0,0.0,0.0,0.0,3
2023-05-11 13:36:24,p2311-C-7400,p2311-C-7400,312.0,0.0,0.0,0.0,10,75.0,0.0,0,312.0,0.0,0.0,0.0,0.0,0.0,3
2023-05-11 13:36:25,p2311-C-7400,p2311-C-7400,312.0,0.0,0.0,0.0,1,75.5,0.0,0,312.0,0.0,0.0,0.0,0.0,0.0,3
2023-05-11 13:36:25,p2311-C-7400,p2311-C-7400,312.0,0.0,0.0,0.0,10,76.0,0.0,0,312.0,0.0,0.0,0.0,0.0,0.0,3
2023-05-11 13:36:26,p2311-C-7400,p2311-C-7400,312.0,0.0,0.0,0.0,1,76.5,0.0,0,312.0,0.0,0.0,0.0,0.0,0.0,3
2023-05-11 13:36:26,p2311-C-7400,p2311-C-7400,312.0,0.0,0.0,0.0,10,77.0,0.0,0,312.0,0.0,0.0,0.0,0.0,0.0,3
2023-05-11 13:36:28,p2311-C-7400,p2311-C-7400,312.0,0.0,0.0,0.0,1,77.5,0.0,0,312.0,0.0,0.0,0.0,0.0,0.0,3
2023-05-11 13:36:28,p2311-C-7400,p2311-C-7400,312.0,0.0,0.0,0.0,10,78.0,0.0,0,312.0,0.0,0.0,0.0,0.0,0.0,3
2023-05-11 13:36:29,p2311-C-7400,p2311-C-7400,312.0,0.0,0.0,0.0,1,78.5,0.0,0,312.0,0.0,0.0,0.0,0.0,0.0,3
2023-05-11 13:36:29,p2311-C-7400,p2311-C-7400,312.0,0.0,0.0,0.0,10,79.0,0.0,0,312.0,0.0,0.0,0.0,0.0,0.0,3
2023-05-11 13:36:30,p2311-C-7400,p2311-C-7400,312.0,0.0,0.0,0.0,1,79.5,0.0,0,312.0,0.0,0.0,0.0,0.0,0.0,3
2023-05-11 13:36:30,p2311-C-7400,p2311-C-7400,312.0,0.0,0.0,0.0,10,80.0,0.0,0,312.0,0.0,0.0,0.0,0.0,0.0,3
2023-05-11 13:36:32,p2311-C-7400,p2311-C-7400,312.0,0.0,0.0,0.0,1,80.5,0.0,0,312.0,0.0,0.0,0.0,0.0,0.0,3
2023-05-11 13:36:32,p2311-C-7400,p2311-C-7400,312.0,0.0,0.0,0.0,10,81.0,0.0,0,312.0,0.0,0.0,0.0,0.0,0.0,3
2023-05-11 13:36:33,p2311-C-7400,p2311-C-7400,312.0,0.0,0.0,0.0,1,81.5,0.0,0,312.0,0.0,0.0,0.0,0.0,0.0,3
2023-05-11 13:36:33,p2311-C-7400,p2311-C-7400,312.0,0.0,0.0,0.0,10,82.0,0.0,0,312.0,0.0,0.0,0.0,0.0,0.0,3
2023-05-11 13:36:34,p2311-C-7400,p2311-C-7400,312.0,0.0,0.0,0.0,1,82.5,0.0,0,312.0,0.0,0.0,0.0,0.0,0.0,3
2023-05-11 13:36:34,p2311-C-7400,p2311-C-7400,312.0,0.0,0.0,0.0,10,83.0,0.0,0,312.0,0.0,0.0,0.0,0.0,0.0,3
2023-05-11 13:36:36,p2311-C-7400,p2311-C-7400,312.0,0.0,0.0,0.0,1,83.5,0.0,0,312.0,0.0,0.0,0.0,0.0,0.0,3
2023-05-11 13:36:36,p2311-C-7400,p2311-C-7400,312.0,0.0,0.0,0.0,10,84.0,0.0,0,312.0,0.0,0.0,0.0,0.0,0.0,3
2023-05-11 13:36:37,p2311-C-7400,p2311-C-7400,312.0,0.0,0.0,0.0,1,84.5,0.0,0,312.0,0.0,0.0,0.0,0.0,0.0,3
2023-05-11 13:36:37,p2311-C-7400,p2311-C-7400,312.0,0.0,0.0,0.0,10,85.0,0.0,0,312.0,0.0,0.0,0.0,0.0,0.0,3
2023-05-11 13:36:38,p2311-C-7400,p2311-C-7400,312.0,0.0,0.0,0.0,1,85.5,0.0,0,312.0,0.0,0.0,0.0,0.0,0.0,3
2023-05-11 13:36:38,p2311-C-7400,p2311-C-7400,312.0,0.0,0.0,0.0,10,86.0,0.0,0,312.0,0.0,0.0,0.0,0.0,0.0,3
2023-05-11 13:36:40,p2311-C-7400,p2311-C-7400,312.0,0.0,0.0,0.0,1,86.5,0.0,0,312.0,0.0,0.0,0.0,0.0,0.0,3
2023-05-11 13:36:40,p2311-C-7400,p2311-C-7400,312.0,0.0,0.0,0.0,10,87.0,0.0,0,312.0,0.0,0.0,0.0,0.0,0.0,3
2023-05-11 13:36:41,p2311-C-7400,p2311-C-7400,312.0,0.0,0.0,0.0,1,87.5,0.0,0,312.0,0.0,0.0,0.0,0.0,0.0,3
2023-05-11 13:36:41,p2311-C-7400,p2311-C-7400,312.0,0.0,0.0,0.0,10,88.0,0.0,0,312.0,0.0,0.0,0.0,0.0,0.0,3
2023-05-11 13:36:42,p2311-C-7400,p2311-C-7400,312.0,0.0,0.0,0.0,1,88.5,0.0,0,312.0,0.0,0.0,0.0,0.0,0.0,3
2023-05-11 13:36:42,p2311-C-7400,p2311-C-7400,312.0,0.0,0.0,0.0,10,89.0,0.0,0,312.0,0.0,0.0,0.0,0.0,0.0,3
2023-05-11 13:36:44,p2311-C-7400,p2311-C-7400,312.0,0.0,0.0,0.0,1,89.5,0.0,0,312.0,0.0,0.0,0.0,0.0,0.0,3
2023-05-11 13:36:44,p2311-C-7400,p2311-C-7400,312.0,0.0,0.0,0.0,10,90.0,0.0,0,312.0,0.0,0.0,0.0,0.0,0.0,3
2023-05-11 13:36:45,p2311-C-7400,p2311-C-7400,312.0,0.0,0.0,0.0,1,90.5,0.0,0,312.0,0.0,0.0,0.0,0.0,0.0,3
2023-05-11 13:36:45,p2311-C-7400,p2311-C-7400,312.0,0.0,0.0,0.0,10,91.0,0.0,0,312.0,0.0,0.0,0.0,0.0,0.0,3
2023-05-11 13:36:46,p2311-C-7400,p2311-C-7400,312.0,0.0,0.0,0.0,1,91.5,0.0,0,312.0,0.0,0.0,0.0,0.0,0.0,3
2023-05-11 13:36:46,p2311-C-7400,p2311-C-7400,312.0,0.0,0.0,0.0,10,92.0,0.0,0,312.0,0.0,0.0,0.0,0.0,0.0,3
2023-05-11 13:36:48,p2311-C-7400,p2311-C-7400,312.0,0.0,0.0,0.0,1,92.5,0.0,0,312.0,0.0,0.0,0.0,0.0,0.0,3
2023-05-11 13:36:48,p2311-C-7400,p2311-C-7400,312.0,0.0,0.0,0.0,10,93.0,0.0,0,312.0,0.0,0.0,0.0,0.0,0.0,3
2023-05-11 13:36:49,p2311-C-7400,p2311-C-7400,312.0,0.0,0.0,0.0,1,93.5,0.0,0,312.0,0.0,0.0,0.0,0.0,0.0,3
2023-05-11 13:36:49,p2311-C-7400,p2311-C-7400,312.0,0.0,0.0,0.0,10,94.0,0.0,0,312.0,0.0,0.0,0.0,0.0,0.0,3
2023-05-11 13:36:50,p2311-C-7400,p2311-C-7400,312.0,0.0,0.0,0.0,1,94.5,0.0,0,312.0,0.0,0.0,0.0,0.0,0.0,3
2023-05-11 13:36:50,p2311-C-7400,p2311-C-7400,312.0,0.0,0.0,0.0,10,95.0,0.0,0,312.0,0.0,0.0,0.0,0.0,0.0,3
2023-05-11 13:36:52,p2311-C-7400,p2311-C-7400,312.0,0.0,0.0,0.0,1,95.5,0.0,0,312.0,0.0,0.0,0.0,0.0,0.0,3
2023-05-11 13:36:52,p2311-C-7400,p2311-C-7400,312.0,0.0,0.0,0.0,10,96.0,0.0,0,312.0,0.0,0.0,0.0,0.0,0.0,3
2023-05-11 13:36:53,p2311-C-7400,p2311-C-7400,312.0,0.0,0.0,0.0,1,96.5,0.0,0,312.0,0.0,0.0,0.0,0.0,0.0,3
2023-05-11 13:36:53,p2311-C-7400,p2311-C-7400,312.0,0.0,0.0,0.0,10,97.0,0.0,0,312.0,0.0,0.0,0.0,0.0,0.0,3
2023-05-11 13:36:54,p2311-C-7400,p2311-C-7400,312.0,0.0,0.0,0.0,1,97.5,0.0,0,312.0,0.0,0.0,0.0,0.0,0.0,3
2023-05-11 13:36:54,p2311-C-7400,p2311-C-7400,312.0,0.0,0.0,0.0,10,98.0,0.0,0,312.0,0.0,0.0,0.0,0.0,0.0,3
2023-05-11 13:36:56,p2311-C-7400,p2311-C-7400,312.0,0.0,0.0,0.0,1,98.5,0.0,0,312.0,0.0,0.0,0.0,0.0,0.0,3
2023-05-11 13:36:56,p2311-C-7400,p2311-C-7400,312.0,0.0,0.0,0.0,10,99.0,0.0,0,312.0,0.0,0.0,0.0,0.0,0.0,3
2023-05-11 13:36:57,p2311-C-7400,p2311-C-7400,312.0,0.0,0.0,0.0,1,99.5,0.0,0,312.0,0.0,0.0,0.0,0.0,0.0,3
2023-05-11 13:36:57,p2311-C-7400,p2311-C-7400,312.0,0.0,0.0,0.0,10,100.0,0.0,0,312.0,0.0,0.0,0.0,0.0,0.0,3
2023-05-11 14:56:38,p2311-C-7400,p2311-C-7400,312.0,0.0,0.0,0.0,1,27.5,0.0,0,312.0,0.0,0.0,0.0,0.0,0.0,3
2023-05-11 14:59:05,p2311-C-7400,p2311-C-7400,312.0,0.0,0.0,0.0,10,28.0,0.0,0,312.0,0.0,0.0,0.0,0.0,0.0,3
2023-05-11 14:59:55,p2311-C-7400,p2311-C-7400,312.0,0.0,0.0,0.0,1,27.5,0.0,0,312.0,0.0,0.0,0.0,0.0,0.0,3
2023-05-11 15:01:10,p2311-C-7400,p2311-C-7400,312.0,0.0,0.0,0.0,1,27.5,0.0,0,312.0,0.0,0.0,0.0,0.0,0.0,3
