time,symbol_id,symbol_name,last,trade_volume,trade_amount,open_interest_change,bv1,bp1,ap1,av1,yesterday_close,today_open,today_high,today_low,volume,amount,open_interest
2023-05-10 20:56:00,p2404-C-7300,p2404-C-7300,492.0,0.0,0.0,0.0,1,0.5,0.0,0,492.0,0.0,0.0,0.0,0.0,0.0,3
2023-05-10 21:00:31,p2404-C-7300,p2404-C-7300,492.0,0.0,0.0,0.0,1,167.0,0.0,0,492.0,0.0,0.0,0.0,0.0,0.0,3
2023-05-10 21:01:38,p2404-C-7300,p2404-C-7300,492.0,0.0,0.0,0.0,1,167.5,0.0,0,492.0,0.0,0.0,0.0,0.0,0.0,3
2023-05-10 21:02:00,p2404-C-7300,p2404-C-7300,492.0,0.0,0.0,0.0,1,168.0,0.0,0,492.0,0.0,0.0,0.0,0.0,0.0,3
2023-05-10 21:02:09,p2404-C-7300,p2404-C-7300,492.0,0.0,0.0,0.0,1,168.5,0.0,0,492.0,0.0,0.0,0.0,0.0,0.0,3
2023-05-10 21:26:30,p2404-C-7300,p2404-C-7300,492.0,0.0,0.0,0.0,1,409.0,442.0,1,492.0,0.0,0.0,0.0,0.0,0.0,3
2023-05-10 21:26:31,p2404-C-7300,p2404-C-7300,492.0,0.0,0.0,0.0,2,409.0,442.0,2,492.0,0.0,0.0,0.0,0.0,0.0,3
2023-05-10 21:26:37,p2404-C-7300,p2404-C-7300,492.0,0.0,0.0,0.0,3,409.0,442.0,3,492.0,0.0,0.0,0.0,0.0,0.0,3
2023-05-10 21:26:37,p2404-C-7300,p2404-C-7300,492.0,0.0,0.0,0.0,4,409.0,442.0,4,492.0,0.0,0.0,0.0,0.0,0.0,3
2023-05-10 21:26:42,p2404-C-7300,p2404-C-7300,492.0,0.0,0.0,0.0,3,409.0,442.0,3,492.0,0.0,0.0,0.0,0.0,0.0,3
2023-05-10 21:26:43,p2404-C-7300,p2404-C-7300,492.0,0.0,0.0,0.0,4,409.0,442.0,4,492.0,0.0,0.0,0.0,0.0,0.0,3
2023-05-10 21:26:44,p2404-C-7300,p2404-C-7300,492.0,0.0,0.0,0.0,3,409.0,442.0,3,492.0,0.0,0.0,0.0,0.0,0.0,3
2023-05-10 21:26:48,p2404-C-7300,p2404-C-7300,492.0,0.0,0.0,0.0,2,409.0,442.0,2,492.0,0.0,0.0,0.0,0.0,0.0,3
2023-05-10 21:26:48,p2404-C-7300,p2404-C-7300,492.0,0.0,0.0,0.0,1,409.0,442.0,1,492.0,0.0,0.0,0.0,0.0,0.0,3
2023-05-10 21:26:55,p2404-C-7300,p2404-C-7300,492.0,0.0,0.0,0.0,1,168.0,0.0,0,492.0,0.0,0.0,0.0,0.0,0.0,3
2023-05-10 21:26:56,p2404-C-7300,p2404-C-7300,492.0,0.0,0.0,0.0,1,174.5,0.0,0,492.0,0.0,0.0,0.0,0.0,0.0,3
2023-05-10 21:32:00,p2404-C-7300,p2404-C-7300,492.0,0.0,0.0,0.0,1,175.0,0.0,0,492.0,0.0,0.0,0.0,0.0,0.0,3
2023-05-10 21:32:01,p2404-C-7300,p2404-C-7300,492.0,0.0,0.0,0.0,1,181.5,0.0,0,492.0,0.0,0.0,0.0,0.0,0.0,3
2023-05-10 22:02:00,p2404-C-7300,p2404-C-7300,492.0,0.0,0.0,0.0,1,182.0,0.0,0,492.0,0.0,0.0,0.0,0.0,0.0,3
2023-05-10 22:02:01,p2404-C-7300,p2404-C-7300,492.0,0.0,0.0,0.0,1,185.5,0.0,0,492.0,0.0,0.0,0.0,0.0,0.0,3
2023-05-10 22:12:08,p2404-C-7300,p2404-C-7300,492.0,0.0,0.0,0.0,1,408.5,441.5,1,492.0,0.0,0.0,0.0,0.0,0.0,3
2023-05-10 22:12:09,p2404-C-7300,p2404-C-7300,492.0,0.0,0.0,0.0,2,408.5,441.5,2,492.0,0.0,0.0,0.0,0.0,0.0,3
2023-05-10 22:12:21,p2404-C-7300,p2404-C-7300,492.0,0.0,0.0,0.0,1,408.5,441.5,1,492.0,0.0,0.0,0.0,0.0,0.0,3
2023-05-10 22:12:31,p2404-C-7300,p2404-C-7300,492.0,0.0,0.0,0.0,1,182.0,0.0,0,492.0,0.0,0.0,0.0,0.0,0.0,3
2023-05-10 22:12:31,p2404-C-7300,p2404-C-7300,492.0,0.0,0.0,0.0,1,185.5,0.0,0,492.0,0.0,0.0,0.0,0.0,0.0,3
2023-05-10 22:57:30,p2404-C-7300,p2404-C-7300,492.0,0.0,0.0,0.0,1,182.0,0.0,0,492.0,0.0,0.0,0.0,0.0,0.0,3
2023-05-11 09:00:04,p2404-C-7300,p2404-C-7300,492.0,0.0,0.0,0.0,1,2.5,0.0,0,492.0,0.0,0.0,0.0,0.0,0.0,3
2023-05-11 09:00:26,p2404-C-7300,p2404-C-7300,492.0,0.0,0.0,0.0,1,143.0,0.0,0,492.0,0.0,0.0,0.0,0.0,0.0,3
2023-05-11 09:00:55,p2404-C-7300,p2404-C-7300,492.0,0.0,0.0,0.0,1,143.5,0.0,0,492.0,0.0,0.0,0.0,0.0,0.0,3
2023-05-11 09:01:23,p2404-C-7300,p2404-C-7300,492.0,0.0,0.0,0.0,1,144.0,0.0,0,492.0,0.0,0.0,0.0,0.0,0.0,3
2023-05-11 09:53:33,p2404-C-7300,p2404-C-7300,492.0,0.0,0.0,0.0,1,144.5,0.0,0,492.0,0.0,0.0,0.0,0.0,0.0,3
2023-05-11 09:53:33,p2404-C-7300,p2404-C-7300,492.0,0.0,0.0,0.0,1,145.0,0.0,0,492.0,0.0,0.0,0.0,0.0,0.0,3
2023-05-11 10:12:30,p2404-C-7300,p2404-C-7300,492.0,0.0,0.0,0.0,1,144.5,0.0,0,492.0,0.0,0.0,0.0,0.0,0.0,3
2023-05-11 10:30:18,p2404-C-7300,p2404-C-7300,492.0,0.0,0.0,0.0,1,145.0,0.0,0,492.0,0.0,0.0,0.0,0.0,0.0,3
2023-05-11 10:53:58,p2404-C-7300,p2404-C-7300,492.0,0.0,0.0,0.0,1,145.5,0.0,0,492.0,0.0,0.0,0.0,0.0,0.0,3
2023-05-11 10:53:59,p2404-C-7300,p2404-C-7300,492.0,0.0,0.0,0.0,1,146.0,0.0,0,492.0,0.0,0.0,0.0,0.0,0.0,3
2023-05-11 11:27:03,p2404-C-7300,p2404-C-7300,492.0,0.0,0.0,0.0,1,146.5,0.0,0,492.0,0.0,0.0,0.0,0.0,0.0,3
2023-05-11 11:29:38,p2404-C-7300,p2404-C-7300,492.0,0.0,0.0,0.0,1,143.0,0.0,0,492.0,0.0,0.0,0.0,0.0,0.0,3
2023-05-11 13:31:24,p2404-C-7300,p2404-C-7300,492.0,0.0,0.0,0.0,1,143.5,0.0,0,492.0,0.0,0.0,0.0,0.0,0.0,3
2023-05-11 13:31:40,p2404-C-7300,p2404-C-7300,492.0,0.0,0.0,0.0,1,144.0,0.0,0,492.0,0.0,0.0,0.0,0.0,0.0,3
2023-05-11 13:53:02,p2404-C-7300,p2404-C-7300,492.0,0.0,0.0,0.0,1,371.5,404.5,1,492.0,0.0,0.0,0.0,0.0,0.0,3
2023-05-11 13:53:03,p2404-C-7300,p2404-C-7300,492.0,0.0,0.0,0.0,2,371.5,404.5,2,492.0,0.0,0.0,0.0,0.0,0.0,3
2023-05-11 13:53:07,p2404-C-7300,p2404-C-7300,492.0,0.0,0.0,0.0,1,379.5,404.5,2,492.0,0.0,0.0,0.0,0.0,0.0,3
2023-05-11 13:53:14,p2404-C-7300,p2404-C-7300,492.0,0.0,0.0,0.0,1,379.5,404.5,1,492.0,0.0,0.0,0.0,0.0,0.0,3
2023-05-11 13:53:16,p2404-C-7300,p2404-C-7300,492.0,0.0,0.0,0.0,1,379.5,407.5,1,492.0,0.0,0.0,0.0,0.0,0.0,3
2023-05-11 13:53:18,p2404-C-7300,p2404-C-7300,492.0,0.0,0.0,0.0,1,376.5,407.5,1,492.0,0.0,0.0,0.0,0.0,0.0,3
2023-05-11 13:53:26,p2404-C-7300,p2404-C-7300,492.0,0.0,0.0,0.0,1,143.5,0.0,0,492.0,0.0,0.0,0.0,0.0,0.0,3
2023-05-11 13:53:27,p2404-C-7300,p2404-C-7300,492.0,0.0,0.0,0.0,1,144.0,0.0,0,492.0,0.0,0.0,0.0,0.0,0.0,3
2023-05-11 14:08:23,p2404-C-7300,p2404-C-7300,492.0,0.0,0.0,0.0,1,368.0,401.0,1,492.0,0.0,0.0,0.0,0.0,0.0,3
2023-05-11 14:08:24,p2404-C-7300,p2404-C-7300,492.0,0.0,0.0,0.0,2,368.0,401.0,2,492.0,0.0,0.0,0.0,0.0,0.0,3
2023-05-11 14:08:29,p2404-C-7300,p2404-C-7300,492.0,0.0,0.0,0.0,1,383.0,400.0,1,492.0,0.0,0.0,0.0,0.0,0.0,3
2023-05-11 14:08:40,p2404-C-7300,p2404-C-7300,492.0,0.0,0.0,0.0,1,376.0,401.0,1,492.0,0.0,0.0,0.0,0.0,0.0,3
2023-05-11 14:08:41,p2404-C-7300,p2404-C-7300,492.0,0.0,0.0,0.0,1,376.0,407.0,1,492.0,0.0,0.0,0.0,0.0,0.0,3
2023-05-11 14:08:42,p2404-C-7300,p2404-C-7300,492.0,0.0,0.0,0.0,1,143.5,0.0,0,492.0,0.0,0.0,0.0,0.0,0.0,3
2023-05-11 14:08:43,p2404-C-7300,p2404-C-7300,492.0,0.0,0.0,0.0,1,144.0,0.0,0,492.0,0.0,0.0,0.0,0.0,0.0,3
2023-05-11 14:22:08,p2404-C-7300,p2404-C-7300,492.0,0.0,0.0,0.0,1,144.5,0.0,0,492.0,0.0,0.0,0.0,0.0,0.0,3
2023-05-11 14:22:08,p2404-C-7300,p2404-C-7300,492.0,0.0,0.0,0.0,1,145.0,0.0,0,492.0,0.0,0.0,0.0,0.0,0.0,3
2023-05-11 14:32:13,p2404-C-7300,p2404-C-7300,492.0,0.0,0.0,0.0,1,359.5,392.5,1,492.0,0.0,0.0,0.0,0.0,0.0,3
2023-05-11 14:32:14,p2404-C-7300,p2404-C-7300,492.0,0.0,0.0,0.0,2,359.5,392.5,2,492.0,0.0,0.0,0.0,0.0,0.0,3
2023-05-11 14:32:20,p2404-C-7300,p2404-C-7300,492.0,0.0,0.0,0.0,4,359.5,392.5,4,492.0,0.0,0.0,0.0,0.0,0.0,3
2023-05-11 14:32:24,p2404-C-7300,p2404-C-7300,492.0,0.0,0.0,0.0,1,375.0,392.0,1,492.0,0.0,0.0,0.0,0.0,0.0,3
2023-05-11 14:32:35,p2404-C-7300,p2404-C-7300,492.0,0.0,0.0,0.0,1,144.5,0.0,0,492.0,0.0,0.0,0.0,0.0,0.0,3
2023-05-11 14:32:35,p2404-C-7300,p2404-C-7300,492.0,0.0,0.0,0.0,1,145.0,0.0,0,492.0,0.0,0.0,0.0,0.0,0.0,3
2023-05-11 14:57:50,p2404-C-7300,p2404-C-7300,492.0,0.0,0.0,0.0,1,145.5,0.0,0,492.0,0.0,0.0,0.0,0.0,0.0,3
2023-05-11 14:57:51,p2404-C-7300,p2404-C-7300,492.0,0.0,0.0,0.0,1,146.0,0.0,0,492.0,0.0,0.0,0.0,0.0,0.0,3
2023-05-11 15:01:10,p2404-C-7300,p2404-C-7300,492.0,0.0,0.0,0.0,1,146.0,0.0,0,492.0,0.0,0.0,0.0,0.0,0.0,3
