time,symbol_id,symbol_name,last,trade_volume,trade_amount,open_interest_change,bv1,bp1,ap1,av1,yesterday_close,today_open,today_high,today_low,volume,amount,open_interest
2023-05-10 20:56:30,p2401-C-7300,p2401-C-7300,376.0,0.0,0.0,0.0,1,1.5,0.0,0,376.0,0.0,0.0,0.0,0.0,0.0,1
2023-05-10 21:00:07,p2401-C-7300,p2401-C-7300,376.0,0.0,0.0,0.0,10,2.0,0.0,0,376.0,0.0,0.0,0.0,0.0,0.0,1
2023-05-10 21:00:32,p2401-C-7300,p2401-C-7300,376.0,0.0,0.0,0.0,1,96.5,0.0,0,376.0,0.0,0.0,0.0,0.0,0.0,1
2023-05-10 21:00:32,p2401-C-7300,p2401-C-7300,376.0,0.0,0.0,0.0,10,97.0,0.0,0,376.0,0.0,0.0,0.0,0.0,0.0,1
2023-05-10 21:01:56,p2401-C-7300,p2401-C-7300,376.0,0.0,0.0,0.0,1,97.5,0.0,0,376.0,0.0,0.0,0.0,0.0,0.0,1
2023-05-10 21:01:56,p2401-C-7300,p2401-C-7300,376.0,0.0,0.0,0.0,10,98.0,0.0,0,376.0,0.0,0.0,0.0,0.0,0.0,1
2023-05-10 21:15:59,p2401-C-7300,p2401-C-7300,376.0,0.0,0.0,0.0,1,98.5,0.0,0,376.0,0.0,0.0,0.0,0.0,0.0,1
2023-05-10 21:15:59,p2401-C-7300,p2401-C-7300,376.0,0.0,0.0,0.0,10,99.0,0.0,0,376.0,0.0,0.0,0.0,0.0,0.0,1
2023-05-10 21:16:00,p2401-C-7300,p2401-C-7300,376.0,0.0,0.0,0.0,1,99.5,0.0,0,376.0,0.0,0.0,0.0,0.0,0.0,1
2023-05-10 21:16:01,p2401-C-7300,p2401-C-7300,376.0,0.0,0.0,0.0,10,100.0,0.0,0,376.0,0.0,0.0,0.0,0.0,0.0,1
2023-05-10 21:16:02,p2401-C-7300,p2401-C-7300,376.0,0.0,0.0,0.0,1,100.5,0.0,0,376.0,0.0,0.0,0.0,0.0,0.0,1
2023-05-10 21:16:02,p2401-C-7300,p2401-C-7300,376.0,0.0,0.0,0.0,10,101.0,0.0,0,376.0,0.0,0.0,0.0,0.0,0.0,1
2023-05-10 21:16:04,p2401-C-7300,p2401-C-7300,376.0,0.0,0.0,0.0,10,102.0,0.0,0,376.0,0.0,0.0,0.0,0.0,0.0,1
2023-05-10 21:16:05,p2401-C-7300,p2401-C-7300,376.0,0.0,0.0,0.0,1,102.5,0.0,0,376.0,0.0,0.0,0.0,0.0,0.0,1
2023-05-10 21:16:06,p2401-C-7300,p2401-C-7300,376.0,0.0,0.0,0.0,10,103.0,0.0,0,376.0,0.0,0.0,0.0,0.0,0.0,1
2023-05-10 21:16:07,p2401-C-7300,p2401-C-7300,376.0,0.0,0.0,0.0,1,103.5,0.0,0,376.0,0.0,0.0,0.0,0.0,0.0,1
2023-05-10 21:16:07,p2401-C-7300,p2401-C-7300,376.0,0.0,0.0,0.0,10,104.0,0.0,0,376.0,0.0,0.0,0.0,0.0,0.0,1
2023-05-10 21:16:09,p2401-C-7300,p2401-C-7300,376.0,0.0,0.0,0.0,1,104.5,0.0,0,376.0,0.0,0.0,0.0,0.0,0.0,1
2023-05-10 21:16:09,p2401-C-7300,p2401-C-7300,376.0,0.0,0.0,0.0,10,105.0,0.0,0,376.0,0.0,0.0,0.0,0.0,0.0,1
2023-05-10 21:16:11,p2401-C-7300,p2401-C-7300,376.0,0.0,0.0,0.0,1,105.5,0.0,0,376.0,0.0,0.0,0.0,0.0,0.0,1
2023-05-10 21:16:11,p2401-C-7300,p2401-C-7300,376.0,0.0,0.0,0.0,10,106.0,0.0,0,376.0,0.0,0.0,0.0,0.0,0.0,1
2023-05-10 21:16:12,p2401-C-7300,p2401-C-7300,376.0,0.0,0.0,0.0,1,106.5,0.0,0,376.0,0.0,0.0,0.0,0.0,0.0,1
2023-05-10 21:16:12,p2401-C-7300,p2401-C-7300,376.0,0.0,0.0,0.0,10,107.0,0.0,0,376.0,0.0,0.0,0.0,0.0,0.0,1
2023-05-10 21:16:14,p2401-C-7300,p2401-C-7300,376.0,0.0,0.0,0.0,1,107.5,0.0,0,376.0,0.0,0.0,0.0,0.0,0.0,1
2023-05-10 21:16:14,p2401-C-7300,p2401-C-7300,376.0,0.0,0.0,0.0,10,108.0,0.0,0,376.0,0.0,0.0,0.0,0.0,0.0,1
2023-05-10 21:16:16,p2401-C-7300,p2401-C-7300,376.0,0.0,0.0,0.0,1,108.5,0.0,0,376.0,0.0,0.0,0.0,0.0,0.0,1
2023-05-10 21:16:16,p2401-C-7300,p2401-C-7300,376.0,0.0,0.0,0.0,10,109.0,0.0,0,376.0,0.0,0.0,0.0,0.0,0.0,1
2023-05-10 21:16:17,p2401-C-7300,p2401-C-7300,376.0,0.0,0.0,0.0,1,109.5,0.0,0,376.0,0.0,0.0,0.0,0.0,0.0,1
2023-05-10 21:16:17,p2401-C-7300,p2401-C-7300,376.0,0.0,0.0,0.0,10,110.0,0.0,0,376.0,0.0,0.0,0.0,0.0,0.0,1
2023-05-10 21:16:19,p2401-C-7300,p2401-C-7300,376.0,0.0,0.0,0.0,1,110.5,0.0,0,376.0,0.0,0.0,0.0,0.0,0.0,1
2023-05-10 21:16:19,p2401-C-7300,p2401-C-7300,376.0,0.0,0.0,0.0,10,111.0,0.0,0,376.0,0.0,0.0,0.0,0.0,0.0,1
2023-05-10 21:16:20,p2401-C-7300,p2401-C-7300,376.0,0.0,0.0,0.0,1,111.5,0.0,0,376.0,0.0,0.0,0.0,0.0,0.0,1
2023-05-10 21:16:20,p2401-C-7300,p2401-C-7300,376.0,0.0,0.0,0.0,10,112.0,0.0,0,376.0,0.0,0.0,0.0,0.0,0.0,1
2023-05-10 21:16:22,p2401-C-7300,p2401-C-7300,376.0,0.0,0.0,0.0,1,112.5,0.0,0,376.0,0.0,0.0,0.0,0.0,0.0,1
2023-05-10 21:16:22,p2401-C-7300,p2401-C-7300,376.0,0.0,0.0,0.0,10,113.0,0.0,0,376.0,0.0,0.0,0.0,0.0,0.0,1
2023-05-10 21:16:23,p2401-C-7300,p2401-C-7300,376.0,0.0,0.0,0.0,1,113.5,0.0,0,376.0,0.0,0.0,0.0,0.0,0.0,1
2023-05-10 21:16:23,p2401-C-7300,p2401-C-7300,376.0,0.0,0.0,0.0,10,114.0,0.0,0,376.0,0.0,0.0,0.0,0.0,0.0,1
2023-05-10 21:16:25,p2401-C-7300,p2401-C-7300,376.0,0.0,0.0,0.0,1,97.5,0.0,0,376.0,0.0,0.0,0.0,0.0,0.0,1
2023-05-10 21:16:25,p2401-C-7300,p2401-C-7300,376.0,0.0,0.0,0.0,10,98.0,0.0,0,376.0,0.0,0.0,0.0,0.0,0.0,1
2023-05-10 21:16:26,p2401-C-7300,p2401-C-7300,376.0,0.0,0.0,0.0,1,104.5,0.0,0,376.0,0.0,0.0,0.0,0.0,0.0,1
2023-05-10 21:16:27,p2401-C-7300,p2401-C-7300,376.0,0.0,0.0,0.0,10,105.0,0.0,0,376.0,0.0,0.0,0.0,0.0,0.0,1
2023-05-10 21:16:28,p2401-C-7300,p2401-C-7300,376.0,0.0,0.0,0.0,1,108.5,0.0,0,376.0,0.0,0.0,0.0,0.0,0.0,1
2023-05-10 21:16:28,p2401-C-7300,p2401-C-7300,376.0,0.0,0.0,0.0,10,109.0,0.0,0,376.0,0.0,0.0,0.0,0.0,0.0,1
2023-05-10 21:16:29,p2401-C-7300,p2401-C-7300,376.0,0.0,0.0,0.0,1,112.5,0.0,0,376.0,0.0,0.0,0.0,0.0,0.0,1
2023-05-10 21:16:30,p2401-C-7300,p2401-C-7300,376.0,0.0,0.0,0.0,10,113.0,0.0,0,376.0,0.0,0.0,0.0,0.0,0.0,1
2023-05-10 21:16:31,p2401-C-7300,p2401-C-7300,376.0,0.0,0.0,0.0,1,113.5,0.0,0,376.0,0.0,0.0,0.0,0.0,0.0,1
2023-05-10 21:16:31,p2401-C-7300,p2401-C-7300,376.0,0.0,0.0,0.0,10,114.0,0.0,0,376.0,0.0,0.0,0.0,0.0,0.0,1
2023-05-10 21:16:32,p2401-C-7300,p2401-C-7300,376.0,0.0,0.0,0.0,1,114.5,0.0,0,376.0,0.0,0.0,0.0,0.0,0.0,1
2023-05-10 21:16:33,p2401-C-7300,p2401-C-7300,376.0,0.0,0.0,0.0,10,115.0,0.0,0,376.0,0.0,0.0,0.0,0.0,0.0,1
2023-05-10 21:16:34,p2401-C-7300,p2401-C-7300,376.0,0.0,0.0,0.0,1,115.5,0.0,0,376.0,0.0,0.0,0.0,0.0,0.0,1
2023-05-10 21:16:34,p2401-C-7300,p2401-C-7300,376.0,0.0,0.0,0.0,10,116.0,0.0,0,376.0,0.0,0.0,0.0,0.0,0.0,1
2023-05-10 21:16:36,p2401-C-7300,p2401-C-7300,376.0,0.0,0.0,0.0,1,116.5,0.0,0,376.0,0.0,0.0,0.0,0.0,0.0,1
2023-05-10 21:16:36,p2401-C-7300,p2401-C-7300,376.0,0.0,0.0,0.0,10,117.0,0.0,0,376.0,0.0,0.0,0.0,0.0,0.0,1
2023-05-10 21:16:37,p2401-C-7300,p2401-C-7300,376.0,0.0,0.0,0.0,1,97.5,0.0,0,376.0,0.0,0.0,0.0,0.0,0.0,1
2023-05-10 21:16:37,p2401-C-7300,p2401-C-7300,376.0,0.0,0.0,0.0,10,98.0,0.0,0,376.0,0.0,0.0,0.0,0.0,0.0,1
2023-05-10 21:16:39,p2401-C-7300,p2401-C-7300,376.0,0.0,0.0,0.0,1,104.5,0.0,0,376.0,0.0,0.0,0.0,0.0,0.0,1
2023-05-10 21:16:39,p2401-C-7300,p2401-C-7300,376.0,0.0,0.0,0.0,10,105.0,0.0,0,376.0,0.0,0.0,0.0,0.0,0.0,1
2023-05-10 21:16:40,p2401-C-7300,p2401-C-7300,376.0,0.0,0.0,0.0,1,111.5,0.0,0,376.0,0.0,0.0,0.0,0.0,0.0,1
2023-05-10 21:16:41,p2401-C-7300,p2401-C-7300,376.0,0.0,0.0,0.0,10,112.0,0.0,0,376.0,0.0,0.0,0.0,0.0,0.0,1
2023-05-10 21:16:42,p2401-C-7300,p2401-C-7300,376.0,0.0,0.0,0.0,1,118.5,0.0,0,376.0,0.0,0.0,0.0,0.0,0.0,1
2023-05-10 21:16:43,p2401-C-7300,p2401-C-7300,376.0,0.0,0.0,0.0,10,119.0,0.0,0,376.0,0.0,0.0,0.0,0.0,0.0,1
2023-05-10 21:16:43,p2401-C-7300,p2401-C-7300,376.0,0.0,0.0,0.0,1,122.5,0.0,0,376.0,0.0,0.0,0.0,0.0,0.0,1
2023-05-10 21:16:44,p2401-C-7300,p2401-C-7300,376.0,0.0,0.0,0.0,10,123.0,0.0,0,376.0,0.0,0.0,0.0,0.0,0.0,1
2023-05-10 21:16:45,p2401-C-7300,p2401-C-7300,376.0,0.0,0.0,0.0,1,97.5,0.0,0,376.0,0.0,0.0,0.0,0.0,0.0,1
2023-05-10 21:16:45,p2401-C-7300,p2401-C-7300,376.0,0.0,0.0,0.0,10,98.0,0.0,0,376.0,0.0,0.0,0.0,0.0,0.0,1
2023-05-10 21:16:47,p2401-C-7300,p2401-C-7300,376.0,0.0,0.0,0.0,1,104.5,0.0,0,376.0,0.0,0.0,0.0,0.0,0.0,1
2023-05-10 21:16:47,p2401-C-7300,p2401-C-7300,376.0,0.0,0.0,0.0,10,105.0,0.0,0,376.0,0.0,0.0,0.0,0.0,0.0,1
2023-05-10 21:16:48,p2401-C-7300,p2401-C-7300,376.0,0.0,0.0,0.0,1,111.5,0.0,0,376.0,0.0,0.0,0.0,0.0,0.0,1
2023-05-10 21:16:49,p2401-C-7300,p2401-C-7300,376.0,0.0,0.0,0.0,10,112.0,0.0,0,376.0,0.0,0.0,0.0,0.0,0.0,1
2023-05-10 21:16:50,p2401-C-7300,p2401-C-7300,376.0,0.0,0.0,0.0,1,118.5,0.0,0,376.0,0.0,0.0,0.0,0.0,0.0,1
2023-05-10 21:16:50,p2401-C-7300,p2401-C-7300,376.0,0.0,0.0,0.0,10,119.0,0.0,0,376.0,0.0,0.0,0.0,0.0,0.0,1
2023-05-10 21:16:51,p2401-C-7300,p2401-C-7300,376.0,0.0,0.0,0.0,1,122.5,0.0,0,376.0,0.0,0.0,0.0,0.0,0.0,1
2023-05-10 21:16:51,p2401-C-7300,p2401-C-7300,376.0,0.0,0.0,0.0,10,123.0,0.0,0,376.0,0.0,0.0,0.0,0.0,0.0,1
2023-05-10 21:16:53,p2401-C-7300,p2401-C-7300,376.0,0.0,0.0,0.0,1,126.5,0.0,0,376.0,0.0,0.0,0.0,0.0,0.0,1
2023-05-10 21:16:53,p2401-C-7300,p2401-C-7300,376.0,0.0,0.0,0.0,10,127.0,0.0,0,376.0,0.0,0.0,0.0,0.0,0.0,1
2023-05-10 21:16:54,p2401-C-7300,p2401-C-7300,376.0,0.0,0.0,0.0,1,127.5,0.0,0,376.0,0.0,0.0,0.0,0.0,0.0,1
2023-05-10 21:16:54,p2401-C-7300,p2401-C-7300,376.0,0.0,0.0,0.0,10,128.0,0.0,0,376.0,0.0,0.0,0.0,0.0,0.0,1
2023-05-10 21:16:55,p2401-C-7300,p2401-C-7300,376.0,0.0,0.0,0.0,1,128.5,0.0,0,376.0,0.0,0.0,0.0,0.0,0.0,1
2023-05-10 21:16:55,p2401-C-7300,p2401-C-7300,376.0,0.0,0.0,0.0,10,129.0,0.0,0,376.0,0.0,0.0,0.0,0.0,0.0,1
2023-05-10 21:16:57,p2401-C-7300,p2401-C-7300,376.0,0.0,0.0,0.0,1,129.5,0.0,0,376.0,0.0,0.0,0.0,0.0,0.0,1
2023-05-10 21:16:57,p2401-C-7300,p2401-C-7300,376.0,0.0,0.0,0.0,10,130.0,0.0,0,376.0,0.0,0.0,0.0,0.0,0.0,1
2023-05-10 21:16:58,p2401-C-7300,p2401-C-7300,376.0,0.0,0.0,0.0,1,130.5,0.0,0,376.0,0.0,0.0,0.0,0.0,0.0,1
2023-05-10 21:16:58,p2401-C-7300,p2401-C-7300,376.0,0.0,0.0,0.0,10,131.0,0.0,0,376.0,0.0,0.0,0.0,0.0,0.0,1
2023-05-10 21:18:07,p2401-C-7300,p2401-C-7300,376.0,0.0,0.0,0.0,1,131.5,0.0,0,376.0,0.0,0.0,0.0,0.0,0.0,1
2023-05-10 21:18:07,p2401-C-7300,p2401-C-7300,376.0,0.0,0.0,0.0,10,132.0,0.0,0,376.0,0.0,0.0,0.0,0.0,0.0,1
2023-05-10 21:31:56,p2401-C-7300,p2401-C-7300,376.0,0.0,0.0,0.0,1,132.5,0.0,0,376.0,0.0,0.0,0.0,0.0,0.0,1
2023-05-10 21:31:56,p2401-C-7300,p2401-C-7300,376.0,0.0,0.0,0.0,10,133.0,0.0,0,376.0,0.0,0.0,0.0,0.0,0.0,1
2023-05-10 22:01:56,p2401-C-7300,p2401-C-7300,376.0,0.0,0.0,0.0,1,133.5,0.0,0,376.0,0.0,0.0,0.0,0.0,0.0,1
2023-05-10 22:01:56,p2401-C-7300,p2401-C-7300,376.0,0.0,0.0,0.0,10,134.0,0.0,0,376.0,0.0,0.0,0.0,0.0,0.0,1
2023-05-10 22:57:33,p2401-C-7300,p2401-C-7300,376.0,0.0,0.0,0.0,1,133.5,0.0,0,376.0,0.0,0.0,0.0,0.0,0.0,1
2023-05-10 22:59:16,p2401-C-7300,p2401-C-7300,376.0,0.0,0.0,0.0,10,134.0,0.0,0,376.0,0.0,0.0,0.0,0.0,0.0,1
2023-05-10 22:59:56,p2401-C-7300,p2401-C-7300,376.0,0.0,0.0,0.0,1,133.5,0.0,0,376.0,0.0,0.0,0.0,0.0,0.0,1
2023-05-11 09:00:03,p2401-C-7300,p2401-C-7300,376.0,0.0,0.0,0.0,1,3.5,0.0,0,376.0,0.0,0.0,0.0,0.0,0.0,1
2023-05-11 09:00:05,p2401-C-7300,p2401-C-7300,376.0,0.0,0.0,0.0,10,4.0,0.0,0,376.0,0.0,0.0,0.0,0.0,0.0,1
2023-05-11 09:00:28,p2401-C-7300,p2401-C-7300,376.0,0.0,0.0,0.0,1,77.5,0.0,0,376.0,0.0,0.0,0.0,0.0,0.0,1
2023-05-11 09:00:28,p2401-C-7300,p2401-C-7300,376.0,0.0,0.0,0.0,10,78.0,0.0,0,376.0,0.0,0.0,0.0,0.0,0.0,1
2023-05-11 09:00:44,p2401-C-7300,p2401-C-7300,376.0,0.0,0.0,0.0,1,78.5,0.0,0,376.0,0.0,0.0,0.0,0.0,0.0,1
2023-05-11 09:00:44,p2401-C-7300,p2401-C-7300,376.0,0.0,0.0,0.0,10,79.0,0.0,0,376.0,0.0,0.0,0.0,0.0,0.0,1
2023-05-11 09:02:48,p2401-C-7300,p2401-C-7300,376.0,0.0,0.0,0.0,1,79.5,0.0,0,376.0,0.0,0.0,0.0,0.0,0.0,1
2023-05-11 09:02:49,p2401-C-7300,p2401-C-7300,376.0,0.0,0.0,0.0,10,80.0,0.0,0,376.0,0.0,0.0,0.0,0.0,0.0,1
2023-05-11 09:02:51,p2401-C-7300,p2401-C-7300,376.0,0.0,0.0,0.0,1,80.5,0.0,0,376.0,0.0,0.0,0.0,0.0,0.0,1
2023-05-11 09:02:52,p2401-C-7300,p2401-C-7300,376.0,0.0,0.0,0.0,10,81.0,0.0,0,376.0,0.0,0.0,0.0,0.0,0.0,1
2023-05-11 09:02:53,p2401-C-7300,p2401-C-7300,376.0,0.0,0.0,0.0,1,78.5,0.0,0,376.0,0.0,0.0,0.0,0.0,0.0,1
2023-05-11 09:02:53,p2401-C-7300,p2401-C-7300,376.0,0.0,0.0,0.0,10,79.0,0.0,0,376.0,0.0,0.0,0.0,0.0,0.0,1
2023-05-11 09:02:54,p2401-C-7300,p2401-C-7300,376.0,0.0,0.0,0.0,1,79.5,0.0,0,376.0,0.0,0.0,0.0,0.0,0.0,1
2023-05-11 09:02:55,p2401-C-7300,p2401-C-7300,376.0,0.0,0.0,0.0,10,80.0,0.0,0,376.0,0.0,0.0,0.0,0.0,0.0,1
2023-05-11 09:02:56,p2401-C-7300,p2401-C-7300,376.0,0.0,0.0,0.0,1,78.5,0.0,0,376.0,0.0,0.0,0.0,0.0,0.0,1
2023-05-11 09:02:57,p2401-C-7300,p2401-C-7300,376.0,0.0,0.0,0.0,11,79.0,0.0,0,376.0,0.0,0.0,0.0,0.0,0.0,1
2023-05-11 09:02:58,p2401-C-7300,p2401-C-7300,376.0,0.0,0.0,0.0,10,79.0,0.0,0,376.0,0.0,0.0,0.0,0.0,0.0,1
2023-05-11 09:02:58,p2401-C-7300,p2401-C-7300,376.0,0.0,0.0,0.0,1,78.5,0.0,0,376.0,0.0,0.0,0.0,0.0,0.0,1
2023-05-11 09:02:58,p2401-C-7300,p2401-C-7300,376.0,0.0,0.0,0.0,10,79.0,0.0,0,376.0,0.0,0.0,0.0,0.0,0.0,1
2023-05-11 09:02:59,p2401-C-7300,p2401-C-7300,376.0,0.0,0.0,0.0,1,82.5,0.0,0,376.0,0.0,0.0,0.0,0.0,0.0,1
2023-05-11 09:02:59,p2401-C-7300,p2401-C-7300,376.0,0.0,0.0,0.0,10,83.0,0.0,0,376.0,0.0,0.0,0.0,0.0,0.0,1
2023-05-11 09:03:00,p2401-C-7300,p2401-C-7300,376.0,0.0,0.0,0.0,1,83.5,0.0,0,376.0,0.0,0.0,0.0,0.0,0.0,1
2023-05-11 09:03:01,p2401-C-7300,p2401-C-7300,376.0,0.0,0.0,0.0,10,84.0,0.0,0,376.0,0.0,0.0,0.0,0.0,0.0,1
2023-05-11 09:03:02,p2401-C-7300,p2401-C-7300,376.0,0.0,0.0,0.0,1,84.5,0.0,0,376.0,0.0,0.0,0.0,0.0,0.0,1
2023-05-11 09:03:02,p2401-C-7300,p2401-C-7300,376.0,0.0,0.0,0.0,10,85.0,0.0,0,376.0,0.0,0.0,0.0,0.0,0.0,1
2023-05-11 09:03:03,p2401-C-7300,p2401-C-7300,376.0,0.0,0.0,0.0,1,85.5,0.0,0,376.0,0.0,0.0,0.0,0.0,0.0,1
2023-05-11 09:03:04,p2401-C-7300,p2401-C-7300,376.0,0.0,0.0,0.0,10,86.0,0.0,0,376.0,0.0,0.0,0.0,0.0,0.0,1
2023-05-11 09:03:05,p2401-C-7300,p2401-C-7300,376.0,0.0,0.0,0.0,1,78.5,0.0,0,376.0,0.0,0.0,0.0,0.0,0.0,1
2023-05-11 09:03:06,p2401-C-7300,p2401-C-7300,376.0,0.0,0.0,0.0,1,82.0,0.0,0,376.0,0.0,0.0,0.0,0.0,0.0,1
2023-05-11 09:03:06,p2401-C-7300,p2401-C-7300,376.0,0.0,0.0,0.0,10,82.5,0.0,0,376.0,0.0,0.0,0.0,0.0,0.0,1
2023-05-11 09:03:07,p2401-C-7300,p2401-C-7300,376.0,0.0,0.0,0.0,1,83.0,0.0,0,376.0,0.0,0.0,0.0,0.0,0.0,1
2023-05-11 09:03:07,p2401-C-7300,p2401-C-7300,376.0,0.0,0.0,0.0,10,83.5,0.0,0,376.0,0.0,0.0,0.0,0.0,0.0,1
2023-05-11 09:03:08,p2401-C-7300,p2401-C-7300,376.0,0.0,0.0,0.0,1,84.0,0.0,0,376.0,0.0,0.0,0.0,0.0,0.0,1
2023-05-11 09:03:09,p2401-C-7300,p2401-C-7300,376.0,0.0,0.0,0.0,10,84.5,0.0,0,376.0,0.0,0.0,0.0,0.0,0.0,1
2023-05-11 09:03:09,p2401-C-7300,p2401-C-7300,376.0,0.0,0.0,0.0,1,88.0,0.0,0,376.0,0.0,0.0,0.0,0.0,0.0,1
2023-05-11 09:03:10,p2401-C-7300,p2401-C-7300,376.0,0.0,0.0,0.0,10,88.5,0.0,0,376.0,0.0,0.0,0.0,0.0,0.0,1
2023-05-11 09:03:11,p2401-C-7300,p2401-C-7300,376.0,0.0,0.0,0.0,1,92.0,0.0,0,376.0,0.0,0.0,0.0,0.0,0.0,1
2023-05-11 09:03:11,p2401-C-7300,p2401-C-7300,376.0,0.0,0.0,0.0,10,92.5,0.0,0,376.0,0.0,0.0,0.0,0.0,0.0,1
2023-05-11 09:03:12,p2401-C-7300,p2401-C-7300,376.0,0.0,0.0,0.0,1,93.0,0.0,0,376.0,0.0,0.0,0.0,0.0,0.0,1
2023-05-11 09:03:12,p2401-C-7300,p2401-C-7300,376.0,0.0,0.0,0.0,10,93.5,0.0,0,376.0,0.0,0.0,0.0,0.0,0.0,1
2023-05-11 09:03:13,p2401-C-7300,p2401-C-7300,376.0,0.0,0.0,0.0,1,78.5,0.0,0,376.0,0.0,0.0,0.0,0.0,0.0,1
2023-05-11 09:03:13,p2401-C-7300,p2401-C-7300,376.0,0.0,0.0,0.0,10,79.0,0.0,0,376.0,0.0,0.0,0.0,0.0,0.0,1
2023-05-11 09:03:16,p2401-C-7300,p2401-C-7300,376.0,0.0,0.0,0.0,1,78.5,0.0,0,376.0,0.0,0.0,0.0,0.0,0.0,1
2023-05-11 09:03:16,p2401-C-7300,p2401-C-7300,376.0,0.0,0.0,0.0,10,79.0,0.0,0,376.0,0.0,0.0,0.0,0.0,0.0,1
2023-05-11 09:03:19,p2401-C-7300,p2401-C-7300,376.0,0.0,0.0,0.0,1,78.5,0.0,0,376.0,0.0,0.0,0.0,0.0,0.0,1
2023-05-11 09:03:19,p2401-C-7300,p2401-C-7300,376.0,0.0,0.0,0.0,10,79.0,0.0,0,376.0,0.0,0.0,0.0,0.0,0.0,1
2023-05-11 09:03:22,p2401-C-7300,p2401-C-7300,376.0,0.0,0.0,0.0,1,78.5,0.0,0,376.0,0.0,0.0,0.0,0.0,0.0,1
2023-05-11 09:03:22,p2401-C-7300,p2401-C-7300,376.0,0.0,0.0,0.0,10,79.0,0.0,0,376.0,0.0,0.0,0.0,0.0,0.0,1
2023-05-11 09:03:25,p2401-C-7300,p2401-C-7300,376.0,0.0,0.0,0.0,1,85.5,0.0,0,376.0,0.0,0.0,0.0,0.0,0.0,1
2023-05-11 09:03:25,p2401-C-7300,p2401-C-7300,376.0,0.0,0.0,0.0,10,86.0,0.0,0,376.0,0.0,0.0,0.0,0.0,0.0,1
2023-05-11 09:03:27,p2401-C-7300,p2401-C-7300,376.0,0.0,0.0,0.0,1,78.5,0.0,0,376.0,0.0,0.0,0.0,0.0,0.0,1
2023-05-11 09:03:27,p2401-C-7300,p2401-C-7300,376.0,0.0,0.0,0.0,10,79.0,0.0,0,376.0,0.0,0.0,0.0,0.0,0.0,1
2023-05-11 09:03:28,p2401-C-7300,p2401-C-7300,376.0,0.0,0.0,0.0,1,85.5,0.0,0,376.0,0.0,0.0,0.0,0.0,0.0,1
2023-05-11 09:03:28,p2401-C-7300,p2401-C-7300,376.0,0.0,0.0,0.0,10,86.0,0.0,0,376.0,0.0,0.0,0.0,0.0,0.0,1
2023-05-11 09:03:29,p2401-C-7300,p2401-C-7300,376.0,0.0,0.0,0.0,1,92.5,0.0,0,376.0,0.0,0.0,0.0,0.0,0.0,1
2023-05-11 09:03:30,p2401-C-7300,p2401-C-7300,376.0,0.0,0.0,0.0,10,93.0,0.0,0,376.0,0.0,0.0,0.0,0.0,0.0,1
2023-05-11 09:03:31,p2401-C-7300,p2401-C-7300,376.0,0.0,0.0,0.0,1,99.5,0.0,0,376.0,0.0,0.0,0.0,0.0,0.0,1
2023-05-11 09:03:31,p2401-C-7300,p2401-C-7300,376.0,0.0,0.0,0.0,10,100.0,0.0,0,376.0,0.0,0.0,0.0,0.0,0.0,1
2023-05-11 09:03:33,p2401-C-7300,p2401-C-7300,376.0,0.0,0.0,0.0,1,78.5,0.0,0,376.0,0.0,0.0,0.0,0.0,0.0,1
2023-05-11 09:03:33,p2401-C-7300,p2401-C-7300,376.0,0.0,0.0,0.0,1,82.0,0.0,0,376.0,0.0,0.0,0.0,0.0,0.0,1
2023-05-11 09:03:33,p2401-C-7300,p2401-C-7300,376.0,0.0,0.0,0.0,10,82.5,0.0,0,376.0,0.0,0.0,0.0,0.0,0.0,1
2023-05-11 09:03:34,p2401-C-7300,p2401-C-7300,376.0,0.0,0.0,0.0,1,89.0,0.0,0,376.0,0.0,0.0,0.0,0.0,0.0,1
2023-05-11 09:03:34,p2401-C-7300,p2401-C-7300,376.0,0.0,0.0,0.0,10,89.5,0.0,0,376.0,0.0,0.0,0.0,0.0,0.0,1
2023-05-11 09:03:36,p2401-C-7300,p2401-C-7300,376.0,0.0,0.0,0.0,1,78.5,0.0,0,376.0,0.0,0.0,0.0,0.0,0.0,1
2023-05-11 09:03:36,p2401-C-7300,p2401-C-7300,376.0,0.0,0.0,0.0,1,85.0,0.0,0,376.0,0.0,0.0,0.0,0.0,0.0,1
2023-05-11 09:03:36,p2401-C-7300,p2401-C-7300,376.0,0.0,0.0,0.0,10,85.5,0.0,0,376.0,0.0,0.0,0.0,0.0,0.0,1
2023-05-11 09:03:38,p2401-C-7300,p2401-C-7300,376.0,0.0,0.0,0.0,1,92.0,0.0,0,376.0,0.0,0.0,0.0,0.0,0.0,1
2023-05-11 09:03:38,p2401-C-7300,p2401-C-7300,376.0,0.0,0.0,0.0,10,92.5,0.0,0,376.0,0.0,0.0,0.0,0.0,0.0,1
2023-05-11 09:03:40,p2401-C-7300,p2401-C-7300,376.0,0.0,0.0,0.0,1,78.5,0.0,0,376.0,0.0,0.0,0.0,0.0,0.0,1
2023-05-11 09:03:40,p2401-C-7300,p2401-C-7300,376.0,0.0,0.0,0.0,10,79.0,0.0,0,376.0,0.0,0.0,0.0,0.0,0.0,1
2023-05-11 09:03:41,p2401-C-7300,p2401-C-7300,376.0,0.0,0.0,0.0,1,85.5,0.0,0,376.0,0.0,0.0,0.0,0.0,0.0,1
2023-05-11 09:03:42,p2401-C-7300,p2401-C-7300,376.0,0.0,0.0,0.0,10,86.0,0.0,0,376.0,0.0,0.0,0.0,0.0,0.0,1
2023-05-11 09:03:43,p2401-C-7300,p2401-C-7300,376.0,0.0,0.0,0.0,1,78.5,0.0,0,376.0,0.0,0.0,0.0,0.0,0.0,1
2023-05-11 09:03:43,p2401-C-7300,p2401-C-7300,376.0,0.0,0.0,0.0,10,79.0,0.0,0,376.0,0.0,0.0,0.0,0.0,0.0,1
2023-05-11 09:03:46,p2401-C-7300,p2401-C-7300,376.0,0.0,0.0,0.0,1,78.5,0.0,0,376.0,0.0,0.0,0.0,0.0,0.0,1
2023-05-11 09:03:46,p2401-C-7300,p2401-C-7300,376.0,0.0,0.0,0.0,10,79.0,0.0,0,376.0,0.0,0.0,0.0,0.0,0.0,1
2023-05-11 09:03:47,p2401-C-7300,p2401-C-7300,376.0,0.0,0.0,0.0,1,78.5,0.0,0,376.0,0.0,0.0,0.0,0.0,0.0,1
2023-05-11 09:03:47,p2401-C-7300,p2401-C-7300,376.0,0.0,0.0,0.0,10,79.0,0.0,0,376.0,0.0,0.0,0.0,0.0,0.0,1
2023-05-11 09:03:48,p2401-C-7300,p2401-C-7300,376.0,0.0,0.0,0.0,1,85.5,0.0,0,376.0,0.0,0.0,0.0,0.0,0.0,1
2023-05-11 09:03:49,p2401-C-7300,p2401-C-7300,376.0,0.0,0.0,0.0,10,86.0,0.0,0,376.0,0.0,0.0,0.0,0.0,0.0,1
2023-05-11 09:03:49,p2401-C-7300,p2401-C-7300,376.0,0.0,0.0,0.0,1,92.5,0.0,0,376.0,0.0,0.0,0.0,0.0,0.0,1
2023-05-11 09:03:50,p2401-C-7300,p2401-C-7300,376.0,0.0,0.0,0.0,10,93.0,0.0,0,376.0,0.0,0.0,0.0,0.0,0.0,1
2023-05-11 09:03:50,p2401-C-7300,p2401-C-7300,376.0,0.0,0.0,0.0,1,99.5,0.0,0,376.0,0.0,0.0,0.0,0.0,0.0,1
2023-05-11 09:03:51,p2401-C-7300,p2401-C-7300,376.0,0.0,0.0,0.0,10,100.0,0.0,0,376.0,0.0,0.0,0.0,0.0,0.0,1
2023-05-11 09:03:52,p2401-C-7300,p2401-C-7300,376.0,0.0,0.0,0.0,1,106.5,0.0,0,376.0,0.0,0.0,0.0,0.0,0.0,1
2023-05-11 09:03:53,p2401-C-7300,p2401-C-7300,376.0,0.0,0.0,0.0,10,107.0,0.0,0,376.0,0.0,0.0,0.0,0.0,0.0,1
2023-05-11 09:03:53,p2401-C-7300,p2401-C-7300,376.0,0.0,0.0,0.0,1,113.5,0.0,0,376.0,0.0,0.0,0.0,0.0,0.0,1
2023-05-11 09:03:54,p2401-C-7300,p2401-C-7300,376.0,0.0,0.0,0.0,10,114.0,0.0,0,376.0,0.0,0.0,0.0,0.0,0.0,1
2023-05-11 09:03:55,p2401-C-7300,p2401-C-7300,376.0,0.0,0.0,0.0,1,78.5,0.0,0,376.0,0.0,0.0,0.0,0.0,0.0,1
2023-05-11 09:03:56,p2401-C-7300,p2401-C-7300,376.0,0.0,0.0,0.0,1,85.0,0.0,0,376.0,0.0,0.0,0.0,0.0,0.0,1
2023-05-11 09:03:56,p2401-C-7300,p2401-C-7300,376.0,0.0,0.0,0.0,10,85.5,0.0,0,376.0,0.0,0.0,0.0,0.0,0.0,1
2023-05-11 09:03:57,p2401-C-7300,p2401-C-7300,376.0,0.0,0.0,0.0,1,86.0,0.0,0,376.0,0.0,0.0,0.0,0.0,0.0,1
2023-05-11 09:03:57,p2401-C-7300,p2401-C-7300,376.0,0.0,0.0,0.0,10,86.5,0.0,0,376.0,0.0,0.0,0.0,0.0,0.0,1
2023-05-11 09:03:58,p2401-C-7300,p2401-C-7300,376.0,0.0,0.0,0.0,1,90.0,0.0,0,376.0,0.0,0.0,0.0,0.0,0.0,1
2023-05-11 09:03:58,p2401-C-7300,p2401-C-7300,376.0,0.0,0.0,0.0,10,90.5,0.0,0,376.0,0.0,0.0,0.0,0.0,0.0,1
2023-05-11 09:03:59,p2401-C-7300,p2401-C-7300,376.0,0.0,0.0,0.0,1,97.0,0.0,0,376.0,0.0,0.0,0.0,0.0,0.0,1
2023-05-11 09:03:59,p2401-C-7300,p2401-C-7300,376.0,0.0,0.0,0.0,10,97.5,0.0,0,376.0,0.0,0.0,0.0,0.0,0.0,1
2023-05-11 09:04:00,p2401-C-7300,p2401-C-7300,376.0,0.0,0.0,0.0,1,104.0,0.0,0,376.0,0.0,0.0,0.0,0.0,0.0,1
2023-05-11 09:04:00,p2401-C-7300,p2401-C-7300,376.0,0.0,0.0,0.0,10,104.5,0.0,0,376.0,0.0,0.0,0.0,0.0,0.0,1
2023-05-11 09:04:01,p2401-C-7300,p2401-C-7300,376.0,0.0,0.0,0.0,1,108.0,0.0,0,376.0,0.0,0.0,0.0,0.0,0.0,1
2023-05-11 09:04:01,p2401-C-7300,p2401-C-7300,376.0,0.0,0.0,0.0,10,108.5,0.0,0,376.0,0.0,0.0,0.0,0.0,0.0,1
2023-05-11 09:04:02,p2401-C-7300,p2401-C-7300,376.0,0.0,0.0,0.0,1,112.0,0.0,0,376.0,0.0,0.0,0.0,0.0,0.0,1
2023-05-11 09:04:03,p2401-C-7300,p2401-C-7300,376.0,0.0,0.0,0.0,10,112.5,0.0,0,376.0,0.0,0.0,0.0,0.0,0.0,1
2023-05-11 09:04:03,p2401-C-7300,p2401-C-7300,376.0,0.0,0.0,0.0,1,115.5,0.0,0,376.0,0.0,0.0,0.0,0.0,0.0,1
2023-05-11 09:04:04,p2401-C-7300,p2401-C-7300,376.0,0.0,0.0,0.0,1,119.0,0.0,0,376.0,0.0,0.0,0.0,0.0,0.0,1
2023-05-11 09:04:04,p2401-C-7300,p2401-C-7300,376.0,0.0,0.0,0.0,10,119.5,0.0,0,376.0,0.0,0.0,0.0,0.0,0.0,1
2023-05-11 09:04:05,p2401-C-7300,p2401-C-7300,376.0,0.0,0.0,0.0,1,120.0,0.0,0,376.0,0.0,0.0,0.0,0.0,0.0,1
2023-05-11 09:04:06,p2401-C-7300,p2401-C-7300,376.0,0.0,0.0,0.0,10,120.5,0.0,0,376.0,0.0,0.0,0.0,0.0,0.0,1
2023-05-11 09:04:07,p2401-C-7300,p2401-C-7300,376.0,0.0,0.0,0.0,1,78.5,0.0,0,376.0,0.0,0.0,0.0,0.0,0.0,1
2023-05-11 09:04:08,p2401-C-7300,p2401-C-7300,376.0,0.0,0.0,0.0,10,79.0,0.0,0,376.0,0.0,0.0,0.0,0.0,0.0,1
2023-05-11 09:04:08,p2401-C-7300,p2401-C-7300,376.0,0.0,0.0,0.0,1,85.0,0.0,0,376.0,0.0,0.0,0.0,0.0,0.0,1
2023-05-11 09:04:09,p2401-C-7300,p2401-C-7300,376.0,0.0,0.0,0.0,10,85.5,0.0,0,376.0,0.0,0.0,0.0,0.0,0.0,1
2023-05-11 09:04:10,p2401-C-7300,p2401-C-7300,376.0,0.0,0.0,0.0,1,92.0,0.0,0,376.0,0.0,0.0,0.0,0.0,0.0,1
2023-05-11 09:04:10,p2401-C-7300,p2401-C-7300,376.0,0.0,0.0,0.0,10,92.5,0.0,0,376.0,0.0,0.0,0.0,0.0,0.0,1
2023-05-11 09:04:11,p2401-C-7300,p2401-C-7300,376.0,0.0,0.0,0.0,1,99.0,0.0,0,376.0,0.0,0.0,0.0,0.0,0.0,1
2023-05-11 09:04:11,p2401-C-7300,p2401-C-7300,376.0,0.0,0.0,0.0,10,99.5,0.0,0,376.0,0.0,0.0,0.0,0.0,0.0,1
2023-05-11 09:04:12,p2401-C-7300,p2401-C-7300,376.0,0.0,0.0,0.0,1,106.0,0.0,0,376.0,0.0,0.0,0.0,0.0,0.0,1
2023-05-11 09:04:12,p2401-C-7300,p2401-C-7300,376.0,0.0,0.0,0.0,10,106.5,0.0,0,376.0,0.0,0.0,0.0,0.0,0.0,1
2023-05-11 09:04:13,p2401-C-7300,p2401-C-7300,376.0,0.0,0.0,0.0,1,113.0,0.0,0,376.0,0.0,0.0,0.0,0.0,0.0,1
2023-05-11 09:04:13,p2401-C-7300,p2401-C-7300,376.0,0.0,0.0,0.0,10,113.5,0.0,0,376.0,0.0,0.0,0.0,0.0,0.0,1
2023-05-11 09:04:14,p2401-C-7300,p2401-C-7300,376.0,0.0,0.0,0.0,1,120.0,0.0,0,376.0,0.0,0.0,0.0,0.0,0.0,1
2023-05-11 09:04:14,p2401-C-7300,p2401-C-7300,376.0,0.0,0.0,0.0,10,120.5,0.0,0,376.0,0.0,0.0,0.0,0.0,0.0,1
2023-05-11 09:04:15,p2401-C-7300,p2401-C-7300,376.0,0.0,0.0,0.0,1,127.0,0.0,0,376.0,0.0,0.0,0.0,0.0,0.0,1
2023-05-11 09:04:15,p2401-C-7300,p2401-C-7300,376.0,0.0,0.0,0.0,10,127.5,0.0,0,376.0,0.0,0.0,0.0,0.0,0.0,1
2023-05-11 09:04:17,p2401-C-7300,p2401-C-7300,376.0,0.0,0.0,0.0,1,131.0,0.0,0,376.0,0.0,0.0,0.0,0.0,0.0,1
2023-05-11 09:04:17,p2401-C-7300,p2401-C-7300,376.0,0.0,0.0,0.0,10,131.5,0.0,0,376.0,0.0,0.0,0.0,0.0,0.0,1
2023-05-11 09:04:18,p2401-C-7300,p2401-C-7300,376.0,0.0,0.0,0.0,1,132.0,0.0,0,376.0,0.0,0.0,0.0,0.0,0.0,1
2023-05-11 09:04:18,p2401-C-7300,p2401-C-7300,376.0,0.0,0.0,0.0,10,132.5,0.0,0,376.0,0.0,0.0,0.0,0.0,0.0,1
2023-05-11 09:04:19,p2401-C-7300,p2401-C-7300,376.0,0.0,0.0,0.0,1,133.0,0.0,0,376.0,0.0,0.0,0.0,0.0,0.0,1
2023-05-11 09:04:19,p2401-C-7300,p2401-C-7300,376.0,0.0,0.0,0.0,10,133.5,0.0,0,376.0,0.0,0.0,0.0,0.0,0.0,1
2023-05-11 09:04:20,p2401-C-7300,p2401-C-7300,376.0,0.0,0.0,0.0,1,134.0,0.0,0,376.0,0.0,0.0,0.0,0.0,0.0,1
2023-05-11 09:04:20,p2401-C-7300,p2401-C-7300,376.0,0.0,0.0,0.0,10,134.5,0.0,0,376.0,0.0,0.0,0.0,0.0,0.0,1
2023-05-11 09:04:21,p2401-C-7300,p2401-C-7300,376.0,0.0,0.0,0.0,1,135.0,0.0,0,376.0,0.0,0.0,0.0,0.0,0.0,1
2023-05-11 09:04:21,p2401-C-7300,p2401-C-7300,376.0,0.0,0.0,0.0,10,135.5,0.0,0,376.0,0.0,0.0,0.0,0.0,0.0,1
2023-05-11 09:04:22,p2401-C-7300,p2401-C-7300,376.0,0.0,0.0,0.0,1,136.0,0.0,0,376.0,0.0,0.0,0.0,0.0,0.0,1
2023-05-11 09:04:22,p2401-C-7300,p2401-C-7300,376.0,0.0,0.0,0.0,10,136.5,0.0,0,376.0,0.0,0.0,0.0,0.0,0.0,1
2023-05-11 09:04:23,p2401-C-7300,p2401-C-7300,376.0,0.0,0.0,0.0,1,137.0,0.0,0,376.0,0.0,0.0,0.0,0.0,0.0,1
2023-05-11 09:04:23,p2401-C-7300,p2401-C-7300,376.0,0.0,0.0,0.0,10,137.5,0.0,0,376.0,0.0,0.0,0.0,0.0,0.0,1
2023-05-11 09:44:30,p2401-C-7300,p2401-C-7300,376.0,0.0,0.0,0.0,1,138.0,0.0,0,376.0,0.0,0.0,0.0,0.0,0.0,1
2023-05-11 09:44:30,p2401-C-7300,p2401-C-7300,376.0,0.0,0.0,0.0,10,138.5,0.0,0,376.0,0.0,0.0,0.0,0.0,0.0,1
2023-05-11 10:14:32,p2401-C-7300,p2401-C-7300,376.0,0.0,0.0,0.0,1,138.0,0.0,0,376.0,0.0,0.0,0.0,0.0,0.0,1
2023-05-11 10:30:07,p2401-C-7300,p2401-C-7300,376.0,0.0,0.0,0.0,10,138.5,0.0,0,376.0,0.0,0.0,0.0,0.0,0.0,1
2023-05-11 11:29:33,p2401-C-7300,p2401-C-7300,376.0,0.0,0.0,0.0,1,77.5,0.0,0,376.0,0.0,0.0,0.0,0.0,0.0,1
2023-05-11 13:30:02,p2401-C-7300,p2401-C-7300,376.0,0.0,0.0,0.0,10,78.0,0.0,0,376.0,0.0,0.0,0.0,0.0,0.0,1
2023-05-11 13:31:19,p2401-C-7300,p2401-C-7300,376.0,0.0,0.0,0.0,1,78.5,0.0,0,376.0,0.0,0.0,0.0,0.0,0.0,1
2023-05-11 13:31:19,p2401-C-7300,p2401-C-7300,376.0,0.0,0.0,0.0,10,79.0,0.0,0,376.0,0.0,0.0,0.0,0.0,0.0,1
2023-05-11 13:35:28,p2401-C-7300,p2401-C-7300,376.0,0.0,0.0,0.0,1,79.5,0.0,0,376.0,0.0,0.0,0.0,0.0,0.0,1
2023-05-11 13:35:29,p2401-C-7300,p2401-C-7300,376.0,0.0,0.0,0.0,10,80.0,0.0,0,376.0,0.0,0.0,0.0,0.0,0.0,1
2023-05-11 13:35:30,p2401-C-7300,p2401-C-7300,376.0,0.0,0.0,0.0,1,80.5,0.0,0,376.0,0.0,0.0,0.0,0.0,0.0,1
2023-05-11 13:35:31,p2401-C-7300,p2401-C-7300,376.0,0.0,0.0,0.0,10,81.0,0.0,0,376.0,0.0,0.0,0.0,0.0,0.0,1
2023-05-11 13:35:32,p2401-C-7300,p2401-C-7300,376.0,0.0,0.0,0.0,1,81.5,0.0,0,376.0,0.0,0.0,0.0,0.0,0.0,1
2023-05-11 13:35:33,p2401-C-7300,p2401-C-7300,376.0,0.0,0.0,0.0,10,82.0,0.0,0,376.0,0.0,0.0,0.0,0.0,0.0,1
2023-05-11 13:35:34,p2401-C-7300,p2401-C-7300,376.0,0.0,0.0,0.0,1,82.5,0.0,0,376.0,0.0,0.0,0.0,0.0,0.0,1
2023-05-11 13:35:34,p2401-C-7300,p2401-C-7300,376.0,0.0,0.0,0.0,10,83.0,0.0,0,376.0,0.0,0.0,0.0,0.0,0.0,1
2023-05-11 13:35:44,p2401-C-7300,p2401-C-7300,376.0,0.0,0.0,0.0,1,83.5,0.0,0,376.0,0.0,0.0,0.0,0.0,0.0,1
2023-05-11 13:35:44,p2401-C-7300,p2401-C-7300,376.0,0.0,0.0,0.0,10,84.0,0.0,0,376.0,0.0,0.0,0.0,0.0,0.0,1
2023-05-11 13:35:46,p2401-C-7300,p2401-C-7300,376.0,0.0,0.0,0.0,1,84.5,0.0,0,376.0,0.0,0.0,0.0,0.0,0.0,1
2023-05-11 13:35:46,p2401-C-7300,p2401-C-7300,376.0,0.0,0.0,0.0,10,85.0,0.0,0,376.0,0.0,0.0,0.0,0.0,0.0,1
2023-05-11 13:35:48,p2401-C-7300,p2401-C-7300,376.0,0.0,0.0,0.0,1,85.5,0.0,0,376.0,0.0,0.0,0.0,0.0,0.0,1
2023-05-11 13:35:49,p2401-C-7300,p2401-C-7300,376.0,0.0,0.0,0.0,10,86.0,0.0,0,376.0,0.0,0.0,0.0,0.0,0.0,1
2023-05-11 13:35:52,p2401-C-7300,p2401-C-7300,376.0,0.0,0.0,0.0,1,86.5,0.0,0,376.0,0.0,0.0,0.0,0.0,0.0,1
2023-05-11 13:35:52,p2401-C-7300,p2401-C-7300,376.0,0.0,0.0,0.0,10,87.0,0.0,0,376.0,0.0,0.0,0.0,0.0,0.0,1
2023-05-11 13:35:57,p2401-C-7300,p2401-C-7300,376.0,0.0,0.0,0.0,1,87.5,0.0,0,376.0,0.0,0.0,0.0,0.0,0.0,1
2023-05-11 13:35:57,p2401-C-7300,p2401-C-7300,376.0,0.0,0.0,0.0,10,88.0,0.0,0,376.0,0.0,0.0,0.0,0.0,0.0,1
2023-05-11 13:35:59,p2401-C-7300,p2401-C-7300,376.0,0.0,0.0,0.0,1,88.5,0.0,0,376.0,0.0,0.0,0.0,0.0,0.0,1
2023-05-11 13:36:00,p2401-C-7300,p2401-C-7300,376.0,0.0,0.0,0.0,10,89.0,0.0,0,376.0,0.0,0.0,0.0,0.0,0.0,1
2023-05-11 13:36:01,p2401-C-7300,p2401-C-7300,376.0,0.0,0.0,0.0,1,89.5,0.0,0,376.0,0.0,0.0,0.0,0.0,0.0,1
2023-05-11 13:36:01,p2401-C-7300,p2401-C-7300,376.0,0.0,0.0,0.0,10,90.0,0.0,0,376.0,0.0,0.0,0.0,0.0,0.0,1
2023-05-11 13:41:27,p2401-C-7300,p2401-C-7300,376.0,0.0,0.0,0.0,1,90.5,0.0,0,376.0,0.0,0.0,0.0,0.0,0.0,1
2023-05-11 13:41:27,p2401-C-7300,p2401-C-7300,376.0,0.0,0.0,0.0,10,91.0,0.0,0,376.0,0.0,0.0,0.0,0.0,0.0,1
2023-05-11 13:48:02,p2401-C-7300,p2401-C-7300,376.0,0.0,0.0,0.0,1,91.5,0.0,0,376.0,0.0,0.0,0.0,0.0,0.0,1
2023-05-11 13:48:02,p2401-C-7300,p2401-C-7300,376.0,0.0,0.0,0.0,10,92.0,0.0,0,376.0,0.0,0.0,0.0,0.0,0.0,1
2023-05-11 13:48:17,p2401-C-7300,p2401-C-7300,376.0,0.0,0.0,0.0,1,92.5,0.0,0,376.0,0.0,0.0,0.0,0.0,0.0,1
2023-05-11 13:48:17,p2401-C-7300,p2401-C-7300,376.0,0.0,0.0,0.0,10,93.0,0.0,0,376.0,0.0,0.0,0.0,0.0,0.0,1
2023-05-11 14:22:06,p2401-C-7300,p2401-C-7300,376.0,0.0,0.0,0.0,1,93.5,0.0,0,376.0,0.0,0.0,0.0,0.0,0.0,1
2023-05-11 14:22:06,p2401-C-7300,p2401-C-7300,376.0,0.0,0.0,0.0,10,94.0,0.0,0,376.0,0.0,0.0,0.0,0.0,0.0,1
2023-05-11 14:51:23,p2401-C-7300,p2401-C-7300,376.0,0.0,0.0,0.0,1,94.5,0.0,0,376.0,0.0,0.0,0.0,0.0,0.0,1
2023-05-11 14:51:23,p2401-C-7300,p2401-C-7300,376.0,0.0,0.0,0.0,10,95.0,0.0,0,376.0,0.0,0.0,0.0,0.0,0.0,1
2023-05-11 14:56:38,p2401-C-7300,p2401-C-7300,376.0,0.0,0.0,0.0,1,93.5,0.0,0,376.0,0.0,0.0,0.0,0.0,0.0,1
2023-05-11 14:59:05,p2401-C-7300,p2401-C-7300,376.0,0.0,0.0,0.0,10,94.0,0.0,0,376.0,0.0,0.0,0.0,0.0,0.0,1
2023-05-11 14:59:55,p2401-C-7300,p2401-C-7300,376.0,0.0,0.0,0.0,1,93.5,0.0,0,376.0,0.0,0.0,0.0,0.0,0.0,1
2023-05-11 15:01:10,p2401-C-7300,p2401-C-7300,376.0,0.0,0.0,0.0,1,93.5,0.0,0,376.0,0.0,0.0,0.0,0.0,0.0,1
