time,symbol_id,symbol_name,last,trade_volume,trade_amount,open_interest_change,bv1,bp1,ap1,av1,yesterday_close,today_open,today_high,today_low,volume,amount,open_interest
2023-05-10 20:56:29,p2404-P-6400,p2404-P-6400,303.0,0.0,0.0,0.0,1,0.5,0.0,0,303.0,330.0,0.0,0.0,0.0,0.0,1
2023-05-10 21:00:50,p2404-P-6400,p2404-P-6400,303.0,0.0,0.0,0.0,1,106.5,0.0,0,303.0,330.0,0.0,0.0,0.0,0.0,1
2023-05-10 21:01:11,p2404-P-6400,p2404-P-6400,303.0,0.0,0.0,0.0,1,109.0,0.0,0,303.0,330.0,0.0,0.0,0.0,0.0,1
2023-05-10 21:02:01,p2404-P-6400,p2404-P-6400,303.0,0.0,0.0,0.0,1,109.5,0.0,0,303.0,330.0,0.0,0.0,0.0,0.0,1
2023-05-10 21:19:14,p2404-P-6400,p2404-P-6400,303.0,0.0,0.0,0.0,1,285.5,316.5,1,303.0,330.0,0.0,0.0,0.0,0.0,1
2023-05-10 21:19:26,p2404-P-6400,p2404-P-6400,303.0,0.0,0.0,0.0,1,109.5,0.0,0,303.0,330.0,0.0,0.0,0.0,0.0,1
2023-05-10 21:19:27,p2404-P-6400,p2404-P-6400,330.0,1.0,3300.0,1.0,1,330.0,363.0,2,303.0,330.0,330.0,330.0,1.0,3300.0,2
2023-05-10 21:19:27,p2404-P-6400,p2404-P-6400,330.0,0.0,0.0,0.0,1,109.5,363.0,1,303.0,330.0,330.0,330.0,1.0,3300.0,2
2023-05-10 21:19:39,p2404-P-6400,p2404-P-6400,330.0,0.0,0.0,0.0,1,109.5,0.0,0,303.0,330.0,330.0,330.0,1.0,3300.0,2
2023-05-10 21:20:41,p2404-P-6400,p2404-P-6400,330.0,0.0,0.0,0.0,1,307.5,340.5,1,303.0,330.0,330.0,330.0,1.0,3300.0,2
2023-05-10 21:20:46,p2404-P-6400,p2404-P-6400,330.0,0.0,0.0,0.0,1,307.5,340.5,2,303.0,330.0,330.0,330.0,1.0,3300.0,2
2023-05-10 21:20:47,p2404-P-6400,p2404-P-6400,330.0,0.0,0.0,0.0,2,307.5,340.5,3,303.0,330.0,330.0,330.0,1.0,3300.0,2
2023-05-10 21:20:51,p2404-P-6400,p2404-P-6400,330.0,0.0,0.0,0.0,3,307.5,340.5,4,303.0,330.0,330.0,330.0,1.0,3300.0,2
2023-05-10 21:20:52,p2404-P-6400,p2404-P-6400,330.0,0.0,0.0,0.0,4,307.5,340.5,5,303.0,330.0,330.0,330.0,1.0,3300.0,2
2023-05-10 21:20:53,p2404-P-6400,p2404-P-6400,330.0,0.0,0.0,0.0,3,307.5,340.5,4,303.0,330.0,330.0,330.0,1.0,3300.0,2
2023-05-10 21:20:58,p2404-P-6400,p2404-P-6400,330.0,0.0,0.0,0.0,2,307.5,340.5,3,303.0,330.0,330.0,330.0,1.0,3300.0,2
2023-05-10 21:20:59,p2404-P-6400,p2404-P-6400,330.0,0.0,0.0,0.0,2,307.5,340.5,2,303.0,330.0,330.0,330.0,1.0,3300.0,2
2023-05-10 21:21:02,p2404-P-6400,p2404-P-6400,330.0,0.0,0.0,0.0,1,307.5,340.5,1,303.0,330.0,330.0,330.0,1.0,3300.0,2
2023-05-10 21:21:04,p2404-P-6400,p2404-P-6400,330.0,0.0,0.0,0.0,1,109.5,0.0,0,303.0,330.0,330.0,330.0,1.0,3300.0,2
2023-05-10 21:27:59,p2404-P-6400,p2404-P-6400,330.0,0.0,0.0,0.0,1,306.0,339.0,1,303.0,330.0,330.0,330.0,1.0,3300.0,2
2023-05-10 21:28:00,p2404-P-6400,p2404-P-6400,330.0,0.0,0.0,0.0,1,306.0,339.0,2,303.0,330.0,330.0,330.0,1.0,3300.0,2
2023-05-10 21:28:11,p2404-P-6400,p2404-P-6400,330.0,0.0,0.0,0.0,1,109.5,0.0,0,303.0,330.0,330.0,330.0,1.0,3300.0,2
2023-05-10 21:28:12,p2404-P-6400,p2404-P-6400,330.0,0.0,0.0,0.0,1,334.0,367.0,1,303.0,330.0,330.0,330.0,1.0,3300.0,2
2023-05-10 21:28:12,p2404-P-6400,p2404-P-6400,334.0,1.0,3340.0,1.0,1,109.5,367.0,1,303.0,330.0,334.0,330.0,2.0,6640.0,3
2023-05-10 21:28:13,p2404-P-6400,p2404-P-6400,334.0,0.0,0.0,0.0,1,110.0,367.0,1,303.0,330.0,334.0,330.0,2.0,6640.0,3
2023-05-10 21:28:13,p2404-P-6400,p2404-P-6400,334.0,0.0,0.0,0.0,1,110.5,367.0,1,303.0,330.0,334.0,330.0,2.0,6640.0,3
2023-05-10 21:28:14,p2404-P-6400,p2404-P-6400,334.0,0.0,0.0,0.0,1,111.0,367.0,1,303.0,330.0,334.0,330.0,2.0,6640.0,3
2023-05-10 21:28:14,p2404-P-6400,p2404-P-6400,334.0,0.0,0.0,0.0,1,111.5,367.0,1,303.0,330.0,334.0,330.0,2.0,6640.0,3
2023-05-10 21:28:15,p2404-P-6400,p2404-P-6400,334.0,0.0,0.0,0.0,1,112.0,367.0,1,303.0,330.0,334.0,330.0,2.0,6640.0,3
2023-05-10 21:28:15,p2404-P-6400,p2404-P-6400,334.0,0.0,0.0,0.0,1,112.5,367.0,1,303.0,330.0,334.0,330.0,2.0,6640.0,3
2023-05-10 21:28:16,p2404-P-6400,p2404-P-6400,334.0,0.0,0.0,0.0,1,113.0,367.0,1,303.0,330.0,334.0,330.0,2.0,6640.0,3
2023-05-10 21:28:16,p2404-P-6400,p2404-P-6400,334.0,0.0,0.0,0.0,1,113.5,367.0,1,303.0,330.0,334.0,330.0,2.0,6640.0,3
2023-05-10 21:28:17,p2404-P-6400,p2404-P-6400,334.0,0.0,0.0,0.0,1,114.0,367.0,1,303.0,330.0,334.0,330.0,2.0,6640.0,3
2023-05-10 21:28:17,p2404-P-6400,p2404-P-6400,334.0,0.0,0.0,0.0,1,114.5,367.0,1,303.0,330.0,334.0,330.0,2.0,6640.0,3
2023-05-10 21:28:18,p2404-P-6400,p2404-P-6400,334.0,0.0,0.0,0.0,1,115.0,367.0,1,303.0,330.0,334.0,330.0,2.0,6640.0,3
2023-05-10 21:28:18,p2404-P-6400,p2404-P-6400,334.0,0.0,0.0,0.0,1,115.5,367.0,1,303.0,330.0,334.0,330.0,2.0,6640.0,3
2023-05-10 21:28:19,p2404-P-6400,p2404-P-6400,334.0,0.0,0.0,0.0,1,116.0,367.0,1,303.0,330.0,334.0,330.0,2.0,6640.0,3
2023-05-10 21:28:19,p2404-P-6400,p2404-P-6400,334.0,0.0,0.0,0.0,1,116.5,367.0,1,303.0,330.0,334.0,330.0,2.0,6640.0,3
2023-05-10 21:28:20,p2404-P-6400,p2404-P-6400,334.0,0.0,0.0,0.0,1,117.0,367.0,1,303.0,330.0,334.0,330.0,2.0,6640.0,3
2023-05-10 21:28:20,p2404-P-6400,p2404-P-6400,334.0,0.0,0.0,0.0,1,117.5,367.0,1,303.0,330.0,334.0,330.0,2.0,6640.0,3
2023-05-10 21:28:21,p2404-P-6400,p2404-P-6400,334.0,0.0,0.0,0.0,1,118.0,367.0,1,303.0,330.0,334.0,330.0,2.0,6640.0,3
2023-05-10 21:28:21,p2404-P-6400,p2404-P-6400,334.0,0.0,0.0,0.0,1,118.5,367.0,1,303.0,330.0,334.0,330.0,2.0,6640.0,3
2023-05-10 21:28:22,p2404-P-6400,p2404-P-6400,334.0,0.0,0.0,0.0,1,119.0,367.0,1,303.0,330.0,334.0,330.0,2.0,6640.0,3
2023-05-10 21:28:22,p2404-P-6400,p2404-P-6400,334.0,0.0,0.0,0.0,1,119.5,367.0,1,303.0,330.0,334.0,330.0,2.0,6640.0,3
2023-05-10 21:28:23,p2404-P-6400,p2404-P-6400,334.0,0.0,0.0,0.0,1,120.0,367.0,1,303.0,330.0,334.0,330.0,2.0,6640.0,3
2023-05-10 21:28:23,p2404-P-6400,p2404-P-6400,334.0,0.0,0.0,0.0,1,120.5,367.0,1,303.0,330.0,334.0,330.0,2.0,6640.0,3
2023-05-10 21:28:24,p2404-P-6400,p2404-P-6400,334.0,0.0,0.0,0.0,1,121.0,0.0,0,303.0,330.0,334.0,330.0,2.0,6640.0,3
2023-05-10 21:28:24,p2404-P-6400,p2404-P-6400,334.0,0.0,0.0,0.0,1,121.5,0.0,0,303.0,330.0,334.0,330.0,2.0,6640.0,3
2023-05-10 21:28:25,p2404-P-6400,p2404-P-6400,334.0,0.0,0.0,0.0,1,129.5,0.0,0,303.0,330.0,334.0,330.0,2.0,6640.0,3
2023-05-10 21:28:25,p2404-P-6400,p2404-P-6400,334.0,0.0,0.0,0.0,1,130.0,0.0,0,303.0,330.0,334.0,330.0,2.0,6640.0,3
2023-05-10 21:28:26,p2404-P-6400,p2404-P-6400,334.0,0.0,0.0,0.0,1,138.0,0.0,0,303.0,330.0,334.0,330.0,2.0,6640.0,3
2023-05-10 21:28:26,p2404-P-6400,p2404-P-6400,334.0,0.0,0.0,0.0,1,138.5,0.0,0,303.0,330.0,334.0,330.0,2.0,6640.0,3
2023-05-10 21:28:27,p2404-P-6400,p2404-P-6400,334.0,0.0,0.0,0.0,1,146.5,0.0,0,303.0,330.0,334.0,330.0,2.0,6640.0,3
2023-05-10 21:28:27,p2404-P-6400,p2404-P-6400,334.0,0.0,0.0,0.0,1,147.0,0.0,0,303.0,330.0,334.0,330.0,2.0,6640.0,3
2023-05-10 21:28:28,p2404-P-6400,p2404-P-6400,334.0,0.0,0.0,0.0,1,155.0,0.0,0,303.0,330.0,334.0,330.0,2.0,6640.0,3
2023-05-10 21:28:28,p2404-P-6400,p2404-P-6400,334.0,0.0,0.0,0.0,1,155.5,0.0,0,303.0,330.0,334.0,330.0,2.0,6640.0,3
2023-05-10 21:28:29,p2404-P-6400,p2404-P-6400,334.0,0.0,0.0,0.0,1,163.5,0.0,0,303.0,330.0,334.0,330.0,2.0,6640.0,3
2023-05-10 21:28:29,p2404-P-6400,p2404-P-6400,334.0,0.0,0.0,0.0,1,164.0,0.0,0,303.0,330.0,334.0,330.0,2.0,6640.0,3
2023-05-10 21:28:30,p2404-P-6400,p2404-P-6400,334.0,0.0,0.0,0.0,1,172.0,0.0,0,303.0,330.0,334.0,330.0,2.0,6640.0,3
2023-05-10 21:28:30,p2404-P-6400,p2404-P-6400,334.0,0.0,0.0,0.0,1,172.5,0.0,0,303.0,330.0,334.0,330.0,2.0,6640.0,3
2023-05-10 21:28:31,p2404-P-6400,p2404-P-6400,334.0,0.0,0.0,0.0,1,180.5,0.0,0,303.0,330.0,334.0,330.0,2.0,6640.0,3
2023-05-10 21:28:31,p2404-P-6400,p2404-P-6400,334.0,0.0,0.0,0.0,1,181.0,0.0,0,303.0,330.0,334.0,330.0,2.0,6640.0,3
2023-05-10 21:28:32,p2404-P-6400,p2404-P-6400,334.0,0.0,0.0,0.0,1,189.0,0.0,0,303.0,330.0,334.0,330.0,2.0,6640.0,3
2023-05-10 21:28:32,p2404-P-6400,p2404-P-6400,334.0,0.0,0.0,0.0,1,189.5,0.0,0,303.0,330.0,334.0,330.0,2.0,6640.0,3
2023-05-10 21:28:33,p2404-P-6400,p2404-P-6400,334.0,0.0,0.0,0.0,1,197.5,0.0,0,303.0,330.0,334.0,330.0,2.0,6640.0,3
2023-05-10 21:28:33,p2404-P-6400,p2404-P-6400,334.0,0.0,0.0,0.0,1,198.0,0.0,0,303.0,330.0,334.0,330.0,2.0,6640.0,3
2023-05-10 21:28:34,p2404-P-6400,p2404-P-6400,334.0,0.0,0.0,0.0,1,206.0,0.0,0,303.0,330.0,334.0,330.0,2.0,6640.0,3
2023-05-10 21:28:34,p2404-P-6400,p2404-P-6400,334.0,0.0,0.0,0.0,1,206.5,0.0,0,303.0,330.0,334.0,330.0,2.0,6640.0,3
2023-05-10 21:28:35,p2404-P-6400,p2404-P-6400,334.0,0.0,0.0,0.0,1,214.5,0.0,0,303.0,330.0,334.0,330.0,2.0,6640.0,3
2023-05-10 21:28:35,p2404-P-6400,p2404-P-6400,334.0,0.0,0.0,0.0,1,215.0,0.0,0,303.0,330.0,334.0,330.0,2.0,6640.0,3
2023-05-10 21:28:36,p2404-P-6400,p2404-P-6400,334.0,0.0,0.0,0.0,1,223.0,0.0,0,303.0,330.0,334.0,330.0,2.0,6640.0,3
2023-05-10 21:28:36,p2404-P-6400,p2404-P-6400,334.0,0.0,0.0,0.0,1,223.5,0.0,0,303.0,330.0,334.0,330.0,2.0,6640.0,3
2023-05-10 21:28:37,p2404-P-6400,p2404-P-6400,334.0,0.0,0.0,0.0,1,231.5,0.0,0,303.0,330.0,334.0,330.0,2.0,6640.0,3
2023-05-10 21:28:38,p2404-P-6400,p2404-P-6400,334.0,0.0,0.0,0.0,1,223.5,0.0,0,303.0,330.0,334.0,330.0,2.0,6640.0,3
2023-05-10 21:32:16,p2404-P-6400,p2404-P-6400,334.0,0.0,0.0,0.0,1,231.5,0.0,0,303.0,330.0,334.0,330.0,2.0,6640.0,3
2023-05-10 21:32:28,p2404-P-6400,p2404-P-6400,334.0,0.0,0.0,0.0,1,223.5,0.0,0,303.0,330.0,334.0,330.0,2.0,6640.0,3
2023-05-10 21:45:06,p2404-P-6400,p2404-P-6400,334.0,0.0,0.0,0.0,1,306.5,339.5,1,303.0,330.0,334.0,330.0,2.0,6640.0,3
2023-05-10 21:45:07,p2404-P-6400,p2404-P-6400,334.0,0.0,0.0,0.0,1,306.5,339.5,2,303.0,330.0,334.0,330.0,2.0,6640.0,3
2023-05-10 21:45:18,p2404-P-6400,p2404-P-6400,334.0,0.0,0.0,0.0,1,306.0,339.5,1,303.0,330.0,334.0,330.0,2.0,6640.0,3
2023-05-10 21:45:18,p2404-P-6400,p2404-P-6400,334.0,0.0,0.0,0.0,1,223.5,0.0,0,303.0,330.0,334.0,330.0,2.0,6640.0,3
2023-05-10 21:55:07,p2404-P-6400,p2404-P-6400,334.0,0.0,0.0,0.0,1,231.5,0.0,0,303.0,330.0,334.0,330.0,2.0,6640.0,3
2023-05-10 21:55:19,p2404-P-6400,p2404-P-6400,334.0,0.0,0.0,0.0,1,223.5,0.0,0,303.0,330.0,334.0,330.0,2.0,6640.0,3
2023-05-10 22:09:38,p2404-P-6400,p2404-P-6400,334.0,0.0,0.0,0.0,1,305.5,338.5,1,303.0,330.0,334.0,330.0,2.0,6640.0,3
2023-05-10 22:09:39,p2404-P-6400,p2404-P-6400,334.0,0.0,0.0,0.0,1,305.5,338.5,2,303.0,330.0,334.0,330.0,2.0,6640.0,3
2023-05-10 22:09:50,p2404-P-6400,p2404-P-6400,334.0,0.0,0.0,0.0,1,305.0,338.5,1,303.0,330.0,334.0,330.0,2.0,6640.0,3
2023-05-10 22:09:50,p2404-P-6400,p2404-P-6400,334.0,0.0,0.0,0.0,1,223.5,0.0,0,303.0,330.0,334.0,330.0,2.0,6640.0,3
2023-05-10 22:21:36,p2404-P-6400,p2404-P-6400,334.0,0.0,0.0,0.0,1,231.5,0.0,0,303.0,330.0,334.0,330.0,2.0,6640.0,3
2023-05-10 22:21:47,p2404-P-6400,p2404-P-6400,334.0,0.0,0.0,0.0,1,223.5,0.0,0,303.0,330.0,334.0,330.0,2.0,6640.0,3
2023-05-10 22:57:44,p2404-P-6400,p2404-P-6400,334.0,0.0,0.0,0.0,1,164.0,0.0,0,303.0,330.0,334.0,330.0,2.0,6640.0,3
2023-05-11 09:00:05,p2404-P-6400,p2404-P-6400,334.0,0.0,0.0,0.0,1,2.5,0.0,0,303.0,330.0,334.0,330.0,2.0,6640.0,3
2023-05-11 09:00:18,p2404-P-6400,p2404-P-6400,334.0,0.0,0.0,0.0,1,3.0,0.0,0,303.0,330.0,334.0,330.0,2.0,6640.0,3
2023-05-11 09:00:46,p2404-P-6400,p2404-P-6400,334.0,0.0,0.0,0.0,1,95.0,0.0,0,303.0,330.0,334.0,330.0,2.0,6640.0,3
2023-05-11 09:01:26,p2404-P-6400,p2404-P-6400,334.0,0.0,0.0,0.0,1,95.5,0.0,0,303.0,330.0,334.0,330.0,2.0,6640.0,3
2023-05-11 09:24:38,p2404-P-6400,p2404-P-6400,334.0,0.0,0.0,0.0,1,323.5,356.5,1,303.0,330.0,334.0,330.0,2.0,6640.0,3
2023-05-11 09:24:39,p2404-P-6400,p2404-P-6400,334.0,0.0,0.0,0.0,1,323.5,356.5,2,303.0,330.0,334.0,330.0,2.0,6640.0,3
2023-05-11 09:24:44,p2404-P-6400,p2404-P-6400,334.0,0.0,0.0,0.0,1,323.5,332.0,1,303.0,330.0,334.0,330.0,2.0,6640.0,3
2023-05-11 09:24:50,p2404-P-6400,p2404-P-6400,334.0,0.0,0.0,0.0,1,312.5,332.0,1,303.0,330.0,334.0,330.0,2.0,6640.0,3
2023-05-11 09:24:55,p2404-P-6400,p2404-P-6400,334.0,0.0,0.0,0.0,1,312.5,343.0,1,303.0,330.0,334.0,330.0,2.0,6640.0,3
2023-05-11 09:24:55,p2404-P-6400,p2404-P-6400,334.0,0.0,0.0,0.0,1,95.0,0.0,0,303.0,330.0,334.0,330.0,2.0,6640.0,3
2023-05-11 09:24:56,p2404-P-6400,p2404-P-6400,334.0,0.0,0.0,0.0,1,95.5,0.0,0,303.0,330.0,334.0,330.0,2.0,6640.0,3
2023-05-11 09:35:02,p2404-P-6400,p2404-P-6400,334.0,0.0,0.0,0.0,1,96.0,0.0,0,303.0,330.0,334.0,330.0,2.0,6640.0,3
2023-05-11 09:35:03,p2404-P-6400,p2404-P-6400,334.0,0.0,0.0,0.0,1,96.5,0.0,0,303.0,330.0,334.0,330.0,2.0,6640.0,3
2023-05-11 10:06:38,p2404-P-6400,p2404-P-6400,334.0,0.0,0.0,0.0,1,97.0,0.0,0,303.0,330.0,334.0,330.0,2.0,6640.0,3
2023-05-11 10:06:39,p2404-P-6400,p2404-P-6400,334.0,0.0,0.0,0.0,1,97.5,0.0,0,303.0,330.0,334.0,330.0,2.0,6640.0,3
2023-05-11 10:12:30,p2404-P-6400,p2404-P-6400,334.0,0.0,0.0,0.0,1,97.0,0.0,0,303.0,330.0,334.0,330.0,2.0,6640.0,3
2023-05-11 10:30:18,p2404-P-6400,p2404-P-6400,334.0,0.0,0.0,0.0,1,97.5,0.0,0,303.0,330.0,334.0,330.0,2.0,6640.0,3
2023-05-11 10:40:01,p2404-P-6400,p2404-P-6400,334.0,0.0,0.0,0.0,1,341.5,374.5,1,303.0,330.0,334.0,330.0,2.0,6640.0,3
2023-05-11 10:40:02,p2404-P-6400,p2404-P-6400,334.0,0.0,0.0,0.0,1,341.5,374.5,2,303.0,330.0,334.0,330.0,2.0,6640.0,3
2023-05-11 10:40:13,p2404-P-6400,p2404-P-6400,334.0,0.0,0.0,0.0,1,337.5,374.5,1,303.0,330.0,334.0,330.0,2.0,6640.0,3
2023-05-11 10:40:14,p2404-P-6400,p2404-P-6400,334.0,0.0,0.0,0.0,1,97.0,0.0,0,303.0,330.0,334.0,330.0,2.0,6640.0,3
2023-05-11 10:40:14,p2404-P-6400,p2404-P-6400,334.0,0.0,0.0,0.0,1,326.0,343.0,1,303.0,330.0,334.0,330.0,2.0,6640.0,3
2023-05-11 10:40:25,p2404-P-6400,p2404-P-6400,334.0,0.0,0.0,0.0,2,319.0,350.0,1,303.0,330.0,334.0,330.0,2.0,6640.0,3
2023-05-11 10:40:26,p2404-P-6400,p2404-P-6400,334.0,0.0,0.0,0.0,1,319.0,351.5,1,303.0,330.0,334.0,330.0,2.0,6640.0,3
2023-05-11 10:40:27,p2404-P-6400,p2404-P-6400,334.0,0.0,0.0,0.0,1,97.0,0.0,0,303.0,330.0,334.0,330.0,2.0,6640.0,3
2023-05-11 10:40:27,p2404-P-6400,p2404-P-6400,334.0,0.0,0.0,0.0,1,97.5,0.0,0,303.0,330.0,334.0,330.0,2.0,6640.0,3
2023-05-11 10:48:57,p2404-P-6400,p2404-P-6400,334.0,0.0,0.0,0.0,1,98.0,0.0,0,303.0,330.0,334.0,330.0,2.0,6640.0,3
2023-05-11 10:48:57,p2404-P-6400,p2404-P-6400,334.0,0.0,0.0,0.0,1,98.5,0.0,0,303.0,330.0,334.0,330.0,2.0,6640.0,3
2023-05-11 11:19:59,p2404-P-6400,p2404-P-6400,334.0,0.0,0.0,0.0,1,99.0,0.0,0,303.0,330.0,334.0,330.0,2.0,6640.0,3
2023-05-11 11:19:59,p2404-P-6400,p2404-P-6400,334.0,0.0,0.0,0.0,1,99.5,0.0,0,303.0,330.0,334.0,330.0,2.0,6640.0,3
2023-05-11 11:27:26,p2404-P-6400,p2404-P-6400,334.0,0.0,0.0,0.0,1,99.0,0.0,0,303.0,330.0,334.0,330.0,2.0,6640.0,3
2023-05-11 11:29:38,p2404-P-6400,p2404-P-6400,334.0,0.0,0.0,0.0,1,95.0,0.0,0,303.0,330.0,334.0,330.0,2.0,6640.0,3
2023-05-11 13:30:03,p2404-P-6400,p2404-P-6400,334.0,0.0,0.0,0.0,1,95.5,0.0,0,303.0,330.0,334.0,330.0,2.0,6640.0,3
2023-05-11 13:32:12,p2404-P-6400,p2404-P-6400,334.0,0.0,0.0,0.0,1,96.0,0.0,0,303.0,330.0,334.0,330.0,2.0,6640.0,3
2023-05-11 14:00:04,p2404-P-6400,p2404-P-6400,334.0,0.0,0.0,0.0,1,96.5,0.0,0,303.0,330.0,334.0,330.0,2.0,6640.0,3
2023-05-11 14:00:04,p2404-P-6400,p2404-P-6400,334.0,0.0,0.0,0.0,1,97.0,0.0,0,303.0,330.0,334.0,330.0,2.0,6640.0,3
2023-05-11 14:10:01,p2404-P-6400,p2404-P-6400,334.0,0.0,0.0,0.0,1,337.0,370.0,1,303.0,330.0,334.0,330.0,2.0,6640.0,3
2023-05-11 14:10:02,p2404-P-6400,p2404-P-6400,334.0,0.0,0.0,0.0,1,337.0,370.0,2,303.0,330.0,334.0,330.0,2.0,6640.0,3
2023-05-11 14:10:13,p2404-P-6400,p2404-P-6400,334.0,0.0,0.0,0.0,1,96.5,0.0,0,303.0,330.0,334.0,330.0,2.0,6640.0,3
2023-05-11 14:10:14,p2404-P-6400,p2404-P-6400,334.0,0.0,0.0,0.0,1,97.0,0.0,0,303.0,330.0,334.0,330.0,2.0,6640.0,3
2023-05-11 14:10:14,p2404-P-6400,p2404-P-6400,334.0,0.0,0.0,0.0,1,362.0,395.0,1,303.0,330.0,334.0,330.0,2.0,6640.0,3
2023-05-11 14:10:15,p2404-P-6400,p2404-P-6400,362.0,1.0,3620.0,1.0,1,96.5,395.0,1,303.0,330.0,362.0,330.0,3.0,10260.0,4
2023-05-11 14:10:15,p2404-P-6400,p2404-P-6400,362.0,0.0,0.0,0.0,1,315.0,347.0,1,303.0,330.0,362.0,330.0,3.0,10260.0,4
2023-05-11 14:10:26,p2404-P-6400,p2404-P-6400,362.0,0.0,0.0,0.0,1,96.5,0.0,0,303.0,330.0,362.0,330.0,3.0,10260.0,4
2023-05-11 14:10:27,p2404-P-6400,p2404-P-6400,362.0,0.0,0.0,0.0,1,97.0,0.0,0,303.0,330.0,362.0,330.0,3.0,10260.0,4
2023-05-11 14:12:39,p2404-P-6400,p2404-P-6400,362.0,0.0,0.0,0.0,1,336.0,369.0,1,303.0,330.0,362.0,330.0,3.0,10260.0,4
2023-05-11 14:12:40,p2404-P-6400,p2404-P-6400,362.0,0.0,0.0,0.0,1,336.0,369.0,2,303.0,330.0,362.0,330.0,3.0,10260.0,4
2023-05-11 14:12:46,p2404-P-6400,p2404-P-6400,362.0,0.0,0.0,0.0,1,336.0,338.0,1,303.0,330.0,362.0,330.0,3.0,10260.0,4
2023-05-11 14:12:51,p2404-P-6400,p2404-P-6400,362.0,0.0,0.0,0.0,1,321.5,338.0,1,303.0,330.0,362.0,330.0,3.0,10260.0,4
2023-05-11 14:12:57,p2404-P-6400,p2404-P-6400,362.0,0.0,0.0,0.0,1,321.5,346.5,1,303.0,330.0,362.0,330.0,3.0,10260.0,4
2023-05-11 14:12:58,p2404-P-6400,p2404-P-6400,362.0,0.0,0.0,0.0,1,317.5,346.5,1,303.0,330.0,362.0,330.0,3.0,10260.0,4
2023-05-11 14:13:04,p2404-P-6400,p2404-P-6400,362.0,0.0,0.0,0.0,1,317.5,350.0,1,303.0,330.0,362.0,330.0,3.0,10260.0,4
2023-05-11 14:13:06,p2404-P-6400,p2404-P-6400,362.0,0.0,0.0,0.0,1,96.5,0.0,0,303.0,330.0,362.0,330.0,3.0,10260.0,4
2023-05-11 14:13:07,p2404-P-6400,p2404-P-6400,362.0,0.0,0.0,0.0,1,97.0,0.0,0,303.0,330.0,362.0,330.0,3.0,10260.0,4
2023-05-11 14:36:45,p2404-P-6400,p2404-P-6400,362.0,0.0,0.0,0.0,1,97.5,0.0,0,303.0,330.0,362.0,330.0,3.0,10260.0,4
2023-05-11 14:36:46,p2404-P-6400,p2404-P-6400,362.0,0.0,0.0,0.0,1,105.5,0.0,0,303.0,330.0,362.0,330.0,3.0,10260.0,4
2023-05-11 14:58:17,p2404-P-6400,p2404-P-6400,362.0,0.0,0.0,0.0,1,356.0,389.0,1,303.0,330.0,362.0,330.0,3.0,10260.0,4
2023-05-11 14:58:20,p2404-P-6400,p2404-P-6400,362.0,0.0,0.0,0.0,1,356.0,362.0,1,303.0,330.0,362.0,330.0,3.0,10260.0,4
2023-05-11 14:58:29,p2404-P-6400,p2404-P-6400,362.0,0.0,0.0,0.0,1,345.0,362.0,1,303.0,330.0,362.0,330.0,3.0,10260.0,4
2023-05-11 14:58:31,p2404-P-6400,p2404-P-6400,362.0,0.0,0.0,0.0,1,338.0,369.0,1,303.0,330.0,362.0,330.0,3.0,10260.0,4
2023-05-11 14:58:41,p2404-P-6400,p2404-P-6400,362.0,0.0,0.0,0.0,1,337.0,370.0,1,303.0,330.0,362.0,330.0,3.0,10260.0,4
2023-05-11 14:58:43,p2404-P-6400,p2404-P-6400,362.0,0.0,0.0,0.0,1,97.5,0.0,0,303.0,330.0,362.0,330.0,3.0,10260.0,4
2023-05-11 14:58:43,p2404-P-6400,p2404-P-6400,362.0,0.0,0.0,0.0,1,98.0,0.0,0,303.0,330.0,362.0,330.0,3.0,10260.0,4
2023-05-11 15:01:10,p2404-P-6400,p2404-P-6400,362.0,0.0,0.0,0.0,1,98.0,0.0,0,303.0,330.0,362.0,330.0,3.0,10260.0,4
