time,symbol_id,symbol_name,last,trade_volume,trade_amount,open_interest_change,bv1,bp1,ap1,av1,yesterday_close,today_open,today_high,today_low,volume,amount,open_interest
2023-05-10 20:56:30,p2401-C-8700,p2401-C-8700,77.0,0.0,0.0,0.0,1,1.5,0.0,0,77.0,0.0,0.0,0.0,0.0,0.0,15
2023-05-10 21:00:07,p2401-C-8700,p2401-C-8700,77.0,0.0,0.0,0.0,10,2.0,0.0,0,77.0,0.0,0.0,0.0,0.0,0.0,15
2023-05-10 21:04:13,p2401-C-8700,p2401-C-8700,77.0,0.0,0.0,0.0,1,8.5,0.0,0,77.0,0.0,0.0,0.0,0.0,0.0,15
2023-05-10 21:04:13,p2401-C-8700,p2401-C-8700,77.0,0.0,0.0,0.0,10,9.0,0.0,0,77.0,0.0,0.0,0.0,0.0,0.0,15
2023-05-10 21:06:08,p2401-C-8700,p2401-C-8700,77.0,0.0,0.0,0.0,1,15.5,0.0,0,77.0,0.0,0.0,0.0,0.0,0.0,15
2023-05-10 21:06:08,p2401-C-8700,p2401-C-8700,77.0,0.0,0.0,0.0,10,16.0,0.0,0,77.0,0.0,0.0,0.0,0.0,0.0,15
2023-05-10 21:06:24,p2401-C-8700,p2401-C-8700,77.0,0.0,0.0,0.0,1,22.5,0.0,0,77.0,0.0,0.0,0.0,0.0,0.0,15
2023-05-10 21:06:24,p2401-C-8700,p2401-C-8700,77.0,0.0,0.0,0.0,10,23.0,0.0,0,77.0,0.0,0.0,0.0,0.0,0.0,15
2023-05-10 21:06:38,p2401-C-8700,p2401-C-8700,77.0,0.0,0.0,0.0,1,29.5,0.0,0,77.0,0.0,0.0,0.0,0.0,0.0,15
2023-05-10 21:06:38,p2401-C-8700,p2401-C-8700,77.0,0.0,0.0,0.0,10,30.0,0.0,0,77.0,0.0,0.0,0.0,0.0,0.0,15
2023-05-10 21:10:14,p2401-C-8700,p2401-C-8700,77.0,0.0,0.0,0.0,1,36.5,0.0,0,77.0,0.0,0.0,0.0,0.0,0.0,15
2023-05-10 21:10:14,p2401-C-8700,p2401-C-8700,77.0,0.0,0.0,0.0,10,37.0,0.0,0,77.0,0.0,0.0,0.0,0.0,0.0,15
2023-05-10 21:11:54,p2401-C-8700,p2401-C-8700,77.0,0.0,0.0,0.0,1,40.5,0.0,0,77.0,0.0,0.0,0.0,0.0,0.0,15
2023-05-10 21:11:54,p2401-C-8700,p2401-C-8700,77.0,0.0,0.0,0.0,10,41.0,0.0,0,77.0,0.0,0.0,0.0,0.0,0.0,15
2023-05-10 21:12:16,p2401-C-8700,p2401-C-8700,77.0,0.0,0.0,0.0,1,41.5,0.0,0,77.0,0.0,0.0,0.0,0.0,0.0,15
2023-05-10 21:12:16,p2401-C-8700,p2401-C-8700,77.0,0.0,0.0,0.0,10,42.0,0.0,0,77.0,0.0,0.0,0.0,0.0,0.0,15
2023-05-10 21:12:46,p2401-C-8700,p2401-C-8700,77.0,0.0,0.0,0.0,1,42.5,0.0,0,77.0,0.0,0.0,0.0,0.0,0.0,15
2023-05-10 21:12:46,p2401-C-8700,p2401-C-8700,77.0,0.0,0.0,0.0,10,43.0,0.0,0,77.0,0.0,0.0,0.0,0.0,0.0,15
2023-05-10 21:14:18,p2401-C-8700,p2401-C-8700,77.0,0.0,0.0,0.0,1,43.5,0.0,0,77.0,0.0,0.0,0.0,0.0,0.0,15
2023-05-10 21:14:18,p2401-C-8700,p2401-C-8700,77.0,0.0,0.0,0.0,10,44.0,0.0,0,77.0,0.0,0.0,0.0,0.0,0.0,15
2023-05-10 21:17:55,p2401-C-8700,p2401-C-8700,77.0,0.0,0.0,0.0,1,44.5,0.0,0,77.0,0.0,0.0,0.0,0.0,0.0,15
2023-05-10 21:17:55,p2401-C-8700,p2401-C-8700,77.0,0.0,0.0,0.0,10,45.0,0.0,0,77.0,0.0,0.0,0.0,0.0,0.0,15
2023-05-10 21:17:56,p2401-C-8700,p2401-C-8700,77.0,0.0,0.0,0.0,1,45.5,0.0,0,77.0,0.0,0.0,0.0,0.0,0.0,15
2023-05-10 21:17:56,p2401-C-8700,p2401-C-8700,77.0,0.0,0.0,0.0,10,46.0,0.0,0,77.0,0.0,0.0,0.0,0.0,0.0,15
2023-05-10 21:17:57,p2401-C-8700,p2401-C-8700,77.0,0.0,0.0,0.0,1,46.5,0.0,0,77.0,0.0,0.0,0.0,0.0,0.0,15
2023-05-10 21:17:57,p2401-C-8700,p2401-C-8700,77.0,0.0,0.0,0.0,10,47.0,0.0,0,77.0,0.0,0.0,0.0,0.0,0.0,15
2023-05-10 21:17:58,p2401-C-8700,p2401-C-8700,77.0,0.0,0.0,0.0,1,47.5,0.0,0,77.0,0.0,0.0,0.0,0.0,0.0,15
2023-05-10 21:17:58,p2401-C-8700,p2401-C-8700,77.0,0.0,0.0,0.0,10,48.0,0.0,0,77.0,0.0,0.0,0.0,0.0,0.0,15
2023-05-10 21:18:00,p2401-C-8700,p2401-C-8700,77.0,0.0,0.0,0.0,1,48.5,0.0,0,77.0,0.0,0.0,0.0,0.0,0.0,15
2023-05-10 21:18:00,p2401-C-8700,p2401-C-8700,77.0,0.0,0.0,0.0,10,49.0,0.0,0,77.0,0.0,0.0,0.0,0.0,0.0,15
2023-05-10 21:26:50,p2401-C-8700,p2401-C-8700,77.0,0.0,0.0,0.0,10,49.0,561.5,1,77.0,0.0,0.0,0.0,0.0,0.0,15
2023-05-10 21:26:50,p2401-C-8700,p2401-C-8700,77.0,0.0,0.0,0.0,10,49.0,561.0,10,77.0,0.0,0.0,0.0,0.0,0.0,15
2023-05-10 21:26:55,p2401-C-8700,p2401-C-8700,77.0,0.0,0.0,0.0,10,49.0,555.5,1,77.0,0.0,0.0,0.0,0.0,0.0,15
2023-05-10 21:26:55,p2401-C-8700,p2401-C-8700,77.0,0.0,0.0,0.0,10,49.0,555.0,10,77.0,0.0,0.0,0.0,0.0,0.0,15
2023-05-10 21:27:00,p2401-C-8700,p2401-C-8700,77.0,0.0,0.0,0.0,10,49.0,549.5,1,77.0,0.0,0.0,0.0,0.0,0.0,15
2023-05-10 21:27:00,p2401-C-8700,p2401-C-8700,77.0,0.0,0.0,0.0,10,49.0,549.0,10,77.0,0.0,0.0,0.0,0.0,0.0,15
2023-05-10 21:27:08,p2401-C-8700,p2401-C-8700,77.0,0.0,0.0,0.0,10,49.0,543.5,1,77.0,0.0,0.0,0.0,0.0,0.0,15
2023-05-10 21:27:08,p2401-C-8700,p2401-C-8700,77.0,0.0,0.0,0.0,10,49.0,543.0,10,77.0,0.0,0.0,0.0,0.0,0.0,15
2023-05-10 21:27:17,p2401-C-8700,p2401-C-8700,77.0,0.0,0.0,0.0,10,49.0,537.5,1,77.0,0.0,0.0,0.0,0.0,0.0,15
2023-05-10 21:27:18,p2401-C-8700,p2401-C-8700,77.0,0.0,0.0,0.0,10,49.0,537.0,10,77.0,0.0,0.0,0.0,0.0,0.0,15
2023-05-10 21:27:23,p2401-C-8700,p2401-C-8700,77.0,0.0,0.0,0.0,10,49.0,531.5,1,77.0,0.0,0.0,0.0,0.0,0.0,15
2023-05-10 21:27:24,p2401-C-8700,p2401-C-8700,77.0,0.0,0.0,0.0,10,49.0,531.0,10,77.0,0.0,0.0,0.0,0.0,0.0,15
2023-05-10 21:27:28,p2401-C-8700,p2401-C-8700,77.0,0.0,0.0,0.0,10,49.0,525.5,1,77.0,0.0,0.0,0.0,0.0,0.0,15
2023-05-10 21:27:28,p2401-C-8700,p2401-C-8700,77.0,0.0,0.0,0.0,10,49.0,525.0,10,77.0,0.0,0.0,0.0,0.0,0.0,15
2023-05-10 21:27:31,p2401-C-8700,p2401-C-8700,77.0,0.0,0.0,0.0,10,49.0,519.5,1,77.0,0.0,0.0,0.0,0.0,0.0,15
2023-05-10 21:27:32,p2401-C-8700,p2401-C-8700,77.0,0.0,0.0,0.0,10,49.0,519.0,10,77.0,0.0,0.0,0.0,0.0,0.0,15
2023-05-10 21:27:37,p2401-C-8700,p2401-C-8700,77.0,0.0,0.0,0.0,10,49.0,513.5,1,77.0,0.0,0.0,0.0,0.0,0.0,15
2023-05-10 21:27:37,p2401-C-8700,p2401-C-8700,77.0,0.0,0.0,0.0,10,49.0,513.0,10,77.0,0.0,0.0,0.0,0.0,0.0,15
2023-05-10 21:27:42,p2401-C-8700,p2401-C-8700,77.0,0.0,0.0,0.0,10,49.0,507.5,1,77.0,0.0,0.0,0.0,0.0,0.0,15
2023-05-10 21:27:43,p2401-C-8700,p2401-C-8700,77.0,0.0,0.0,0.0,10,49.0,507.0,10,77.0,0.0,0.0,0.0,0.0,0.0,15
2023-05-10 21:27:47,p2401-C-8700,p2401-C-8700,77.0,0.0,0.0,0.0,10,49.0,501.5,1,77.0,0.0,0.0,0.0,0.0,0.0,15
2023-05-10 21:27:47,p2401-C-8700,p2401-C-8700,77.0,0.0,0.0,0.0,10,49.0,501.0,10,77.0,0.0,0.0,0.0,0.0,0.0,15
2023-05-10 21:27:54,p2401-C-8700,p2401-C-8700,77.0,0.0,0.0,0.0,10,49.0,495.5,1,77.0,0.0,0.0,0.0,0.0,0.0,15
2023-05-10 21:27:54,p2401-C-8700,p2401-C-8700,77.0,0.0,0.0,0.0,10,49.0,495.0,10,77.0,0.0,0.0,0.0,0.0,0.0,15
2023-05-10 21:27:58,p2401-C-8700,p2401-C-8700,77.0,0.0,0.0,0.0,10,49.0,489.5,1,77.0,0.0,0.0,0.0,0.0,0.0,15
2023-05-10 21:27:58,p2401-C-8700,p2401-C-8700,77.0,0.0,0.0,0.0,10,49.0,489.0,10,77.0,0.0,0.0,0.0,0.0,0.0,15
2023-05-10 21:28:02,p2401-C-8700,p2401-C-8700,77.0,0.0,0.0,0.0,10,49.0,483.5,1,77.0,0.0,0.0,0.0,0.0,0.0,15
2023-05-10 21:28:02,p2401-C-8700,p2401-C-8700,77.0,0.0,0.0,0.0,10,49.0,483.0,10,77.0,0.0,0.0,0.0,0.0,0.0,15
2023-05-10 21:28:06,p2401-C-8700,p2401-C-8700,77.0,0.0,0.0,0.0,10,49.0,477.5,1,77.0,0.0,0.0,0.0,0.0,0.0,15
2023-05-10 21:28:06,p2401-C-8700,p2401-C-8700,77.0,0.0,0.0,0.0,10,49.0,477.0,10,77.0,0.0,0.0,0.0,0.0,0.0,15
2023-05-10 21:28:11,p2401-C-8700,p2401-C-8700,77.0,0.0,0.0,0.0,10,49.0,471.5,1,77.0,0.0,0.0,0.0,0.0,0.0,15
2023-05-10 21:28:11,p2401-C-8700,p2401-C-8700,77.0,0.0,0.0,0.0,10,49.0,471.0,10,77.0,0.0,0.0,0.0,0.0,0.0,15
2023-05-10 21:28:16,p2401-C-8700,p2401-C-8700,77.0,0.0,0.0,0.0,10,49.0,468.0,1,77.0,0.0,0.0,0.0,0.0,0.0,15
2023-05-10 21:28:16,p2401-C-8700,p2401-C-8700,77.0,0.0,0.0,0.0,10,49.0,467.5,10,77.0,0.0,0.0,0.0,0.0,0.0,15
2023-05-10 21:28:21,p2401-C-8700,p2401-C-8700,77.0,0.0,0.0,0.0,10,49.0,464.5,1,77.0,0.0,0.0,0.0,0.0,0.0,15
2023-05-10 21:28:21,p2401-C-8700,p2401-C-8700,77.0,0.0,0.0,0.0,10,49.0,464.0,10,77.0,0.0,0.0,0.0,0.0,0.0,15
2023-05-10 21:28:24,p2401-C-8700,p2401-C-8700,77.0,0.0,0.0,0.0,10,49.0,463.5,1,77.0,0.0,0.0,0.0,0.0,0.0,15
2023-05-10 21:28:24,p2401-C-8700,p2401-C-8700,77.0,0.0,0.0,0.0,10,49.0,463.0,10,77.0,0.0,0.0,0.0,0.0,0.0,15
2023-05-10 21:28:39,p2401-C-8700,p2401-C-8700,77.0,0.0,0.0,0.0,10,49.0,462.5,1,77.0,0.0,0.0,0.0,0.0,0.0,15
2023-05-10 21:28:40,p2401-C-8700,p2401-C-8700,77.0,0.0,0.0,0.0,10,49.0,462.0,10,77.0,0.0,0.0,0.0,0.0,0.0,15
2023-05-10 21:28:47,p2401-C-8700,p2401-C-8700,77.0,0.0,0.0,0.0,10,49.0,461.5,1,77.0,0.0,0.0,0.0,0.0,0.0,15
2023-05-10 21:28:47,p2401-C-8700,p2401-C-8700,77.0,0.0,0.0,0.0,10,49.0,461.0,10,77.0,0.0,0.0,0.0,0.0,0.0,15
2023-05-10 21:28:56,p2401-C-8700,p2401-C-8700,77.0,0.0,0.0,0.0,10,49.0,455.5,1,77.0,0.0,0.0,0.0,0.0,0.0,15
2023-05-10 21:28:56,p2401-C-8700,p2401-C-8700,77.0,0.0,0.0,0.0,10,49.0,455.0,10,77.0,0.0,0.0,0.0,0.0,0.0,15
2023-05-10 21:29:04,p2401-C-8700,p2401-C-8700,77.0,0.0,0.0,0.0,10,49.0,449.5,1,77.0,0.0,0.0,0.0,0.0,0.0,15
2023-05-10 21:29:04,p2401-C-8700,p2401-C-8700,77.0,0.0,0.0,0.0,10,49.0,449.0,10,77.0,0.0,0.0,0.0,0.0,0.0,15
2023-05-10 21:29:10,p2401-C-8700,p2401-C-8700,77.0,0.0,0.0,0.0,10,49.0,443.5,1,77.0,0.0,0.0,0.0,0.0,0.0,15
2023-05-10 21:29:10,p2401-C-8700,p2401-C-8700,77.0,0.0,0.0,0.0,10,49.0,443.0,10,77.0,0.0,0.0,0.0,0.0,0.0,15
2023-05-10 21:29:16,p2401-C-8700,p2401-C-8700,77.0,0.0,0.0,0.0,10,49.0,437.5,1,77.0,0.0,0.0,0.0,0.0,0.0,15
2023-05-10 21:29:17,p2401-C-8700,p2401-C-8700,77.0,0.0,0.0,0.0,10,49.0,437.0,10,77.0,0.0,0.0,0.0,0.0,0.0,15
2023-05-10 21:29:20,p2401-C-8700,p2401-C-8700,77.0,0.0,0.0,0.0,10,49.0,431.5,1,77.0,0.0,0.0,0.0,0.0,0.0,15
2023-05-10 21:29:20,p2401-C-8700,p2401-C-8700,77.0,0.0,0.0,0.0,10,49.0,431.0,10,77.0,0.0,0.0,0.0,0.0,0.0,15
2023-05-10 21:29:24,p2401-C-8700,p2401-C-8700,77.0,0.0,0.0,0.0,10,49.0,425.5,1,77.0,0.0,0.0,0.0,0.0,0.0,15
2023-05-10 21:29:24,p2401-C-8700,p2401-C-8700,77.0,0.0,0.0,0.0,10,49.0,425.0,10,77.0,0.0,0.0,0.0,0.0,0.0,15
2023-05-10 21:29:38,p2401-C-8700,p2401-C-8700,77.0,0.0,0.0,0.0,10,49.0,419.5,1,77.0,0.0,0.0,0.0,0.0,0.0,15
2023-05-10 21:29:38,p2401-C-8700,p2401-C-8700,77.0,0.0,0.0,0.0,10,49.0,419.0,10,77.0,0.0,0.0,0.0,0.0,0.0,15
2023-05-10 21:29:51,p2401-C-8700,p2401-C-8700,77.0,0.0,0.0,0.0,10,49.0,413.5,1,77.0,0.0,0.0,0.0,0.0,0.0,15
2023-05-10 21:29:51,p2401-C-8700,p2401-C-8700,77.0,0.0,0.0,0.0,10,49.0,413.0,10,77.0,0.0,0.0,0.0,0.0,0.0,15
2023-05-10 21:29:56,p2401-C-8700,p2401-C-8700,77.0,0.0,0.0,0.0,10,49.0,407.5,1,77.0,0.0,0.0,0.0,0.0,0.0,15
2023-05-10 21:29:57,p2401-C-8700,p2401-C-8700,77.0,0.0,0.0,0.0,10,49.0,407.0,10,77.0,0.0,0.0,0.0,0.0,0.0,15
2023-05-10 21:30:09,p2401-C-8700,p2401-C-8700,77.0,0.0,0.0,0.0,10,49.0,401.5,1,77.0,0.0,0.0,0.0,0.0,0.0,15
2023-05-10 21:30:09,p2401-C-8700,p2401-C-8700,77.0,0.0,0.0,0.0,10,49.0,401.0,10,77.0,0.0,0.0,0.0,0.0,0.0,15
2023-05-10 21:30:25,p2401-C-8700,p2401-C-8700,77.0,0.0,0.0,0.0,10,49.0,395.5,1,77.0,0.0,0.0,0.0,0.0,0.0,15
2023-05-10 21:30:25,p2401-C-8700,p2401-C-8700,77.0,0.0,0.0,0.0,10,49.0,395.0,10,77.0,0.0,0.0,0.0,0.0,0.0,15
2023-05-10 21:30:31,p2401-C-8700,p2401-C-8700,77.0,0.0,0.0,0.0,10,49.0,389.5,1,77.0,0.0,0.0,0.0,0.0,0.0,15
2023-05-10 21:30:31,p2401-C-8700,p2401-C-8700,77.0,0.0,0.0,0.0,10,49.0,389.0,10,77.0,0.0,0.0,0.0,0.0,0.0,15
2023-05-10 21:30:36,p2401-C-8700,p2401-C-8700,77.0,0.0,0.0,0.0,10,49.0,383.5,1,77.0,0.0,0.0,0.0,0.0,0.0,15
2023-05-10 21:30:36,p2401-C-8700,p2401-C-8700,77.0,0.0,0.0,0.0,10,49.0,383.0,10,77.0,0.0,0.0,0.0,0.0,0.0,15
2023-05-10 21:30:48,p2401-C-8700,p2401-C-8700,77.0,0.0,0.0,0.0,10,49.0,377.5,1,77.0,0.0,0.0,0.0,0.0,0.0,15
2023-05-10 21:30:48,p2401-C-8700,p2401-C-8700,77.0,0.0,0.0,0.0,10,49.0,377.0,10,77.0,0.0,0.0,0.0,0.0,0.0,15
2023-05-10 21:31:06,p2401-C-8700,p2401-C-8700,77.0,0.0,0.0,0.0,10,49.0,371.5,1,77.0,0.0,0.0,0.0,0.0,0.0,15
2023-05-10 21:31:06,p2401-C-8700,p2401-C-8700,77.0,0.0,0.0,0.0,10,49.0,371.0,10,77.0,0.0,0.0,0.0,0.0,0.0,15
2023-05-10 21:31:24,p2401-C-8700,p2401-C-8700,77.0,0.0,0.0,0.0,10,49.0,365.5,1,77.0,0.0,0.0,0.0,0.0,0.0,15
2023-05-10 21:31:24,p2401-C-8700,p2401-C-8700,77.0,0.0,0.0,0.0,10,49.0,365.0,10,77.0,0.0,0.0,0.0,0.0,0.0,15
2023-05-10 21:31:37,p2401-C-8700,p2401-C-8700,77.0,0.0,0.0,0.0,10,49.0,359.5,1,77.0,0.0,0.0,0.0,0.0,0.0,15
2023-05-10 21:31:37,p2401-C-8700,p2401-C-8700,77.0,0.0,0.0,0.0,10,49.0,359.0,10,77.0,0.0,0.0,0.0,0.0,0.0,15
2023-05-10 21:31:45,p2401-C-8700,p2401-C-8700,77.0,0.0,0.0,0.0,10,49.0,353.5,1,77.0,0.0,0.0,0.0,0.0,0.0,15
2023-05-10 21:31:45,p2401-C-8700,p2401-C-8700,77.0,0.0,0.0,0.0,10,49.0,353.0,10,77.0,0.0,0.0,0.0,0.0,0.0,15
2023-05-10 21:31:54,p2401-C-8700,p2401-C-8700,77.0,0.0,0.0,0.0,10,49.0,347.5,1,77.0,0.0,0.0,0.0,0.0,0.0,15
2023-05-10 21:31:54,p2401-C-8700,p2401-C-8700,77.0,0.0,0.0,0.0,10,49.0,347.0,10,77.0,0.0,0.0,0.0,0.0,0.0,15
2023-05-10 21:32:01,p2401-C-8700,p2401-C-8700,77.0,0.0,0.0,0.0,10,49.0,341.5,1,77.0,0.0,0.0,0.0,0.0,0.0,15
2023-05-10 21:32:01,p2401-C-8700,p2401-C-8700,77.0,0.0,0.0,0.0,10,49.0,341.0,10,77.0,0.0,0.0,0.0,0.0,0.0,15
2023-05-10 21:32:06,p2401-C-8700,p2401-C-8700,77.0,0.0,0.0,0.0,10,49.0,335.5,1,77.0,0.0,0.0,0.0,0.0,0.0,15
2023-05-10 21:32:06,p2401-C-8700,p2401-C-8700,77.0,0.0,0.0,0.0,10,49.0,335.0,10,77.0,0.0,0.0,0.0,0.0,0.0,15
2023-05-10 21:32:16,p2401-C-8700,p2401-C-8700,77.0,0.0,0.0,0.0,10,49.0,329.5,1,77.0,0.0,0.0,0.0,0.0,0.0,15
2023-05-10 21:32:17,p2401-C-8700,p2401-C-8700,77.0,0.0,0.0,0.0,10,49.0,329.0,10,77.0,0.0,0.0,0.0,0.0,0.0,15
2023-05-10 21:32:22,p2401-C-8700,p2401-C-8700,77.0,0.0,0.0,0.0,10,49.0,323.5,1,77.0,0.0,0.0,0.0,0.0,0.0,15
2023-05-10 21:32:22,p2401-C-8700,p2401-C-8700,77.0,0.0,0.0,0.0,10,49.0,323.0,10,77.0,0.0,0.0,0.0,0.0,0.0,15
2023-05-10 21:32:26,p2401-C-8700,p2401-C-8700,77.0,0.0,0.0,0.0,10,49.0,317.5,1,77.0,0.0,0.0,0.0,0.0,0.0,15
2023-05-10 21:32:26,p2401-C-8700,p2401-C-8700,77.0,0.0,0.0,0.0,10,49.0,317.0,10,77.0,0.0,0.0,0.0,0.0,0.0,15
2023-05-10 21:32:31,p2401-C-8700,p2401-C-8700,77.0,0.0,0.0,0.0,10,49.0,311.5,1,77.0,0.0,0.0,0.0,0.0,0.0,15
2023-05-10 21:32:31,p2401-C-8700,p2401-C-8700,77.0,0.0,0.0,0.0,10,49.0,311.0,10,77.0,0.0,0.0,0.0,0.0,0.0,15
2023-05-10 21:32:40,p2401-C-8700,p2401-C-8700,77.0,0.0,0.0,0.0,10,49.0,305.5,1,77.0,0.0,0.0,0.0,0.0,0.0,15
2023-05-10 21:32:40,p2401-C-8700,p2401-C-8700,77.0,0.0,0.0,0.0,10,49.0,305.0,10,77.0,0.0,0.0,0.0,0.0,0.0,15
2023-05-10 21:32:58,p2401-C-8700,p2401-C-8700,77.0,0.0,0.0,0.0,10,49.0,299.5,1,77.0,0.0,0.0,0.0,0.0,0.0,15
2023-05-10 21:32:58,p2401-C-8700,p2401-C-8700,77.0,0.0,0.0,0.0,10,49.0,299.0,10,77.0,0.0,0.0,0.0,0.0,0.0,15
2023-05-10 21:33:01,p2401-C-8700,p2401-C-8700,77.0,0.0,0.0,0.0,10,49.0,293.5,1,77.0,0.0,0.0,0.0,0.0,0.0,15
2023-05-10 21:33:01,p2401-C-8700,p2401-C-8700,77.0,0.0,0.0,0.0,10,49.0,293.0,10,77.0,0.0,0.0,0.0,0.0,0.0,15
2023-05-10 22:57:33,p2401-C-8700,p2401-C-8700,77.0,0.0,0.0,0.0,1,3.5,0.0,0,77.0,0.0,0.0,0.0,0.0,0.0,15
2023-05-10 22:59:16,p2401-C-8700,p2401-C-8700,77.0,0.0,0.0,0.0,10,4.0,0.0,0,77.0,0.0,0.0,0.0,0.0,0.0,15
2023-05-10 22:59:56,p2401-C-8700,p2401-C-8700,77.0,0.0,0.0,0.0,1,3.5,0.0,0,77.0,0.0,0.0,0.0,0.0,0.0,15
2023-05-11 09:00:05,p2401-C-8700,p2401-C-8700,77.0,0.0,0.0,0.0,10,4.0,0.0,0,77.0,0.0,0.0,0.0,0.0,0.0,15
2023-05-11 09:01:13,p2401-C-8700,p2401-C-8700,77.0,0.0,0.0,0.0,1,10.5,0.0,0,77.0,0.0,0.0,0.0,0.0,0.0,15
2023-05-11 09:01:13,p2401-C-8700,p2401-C-8700,77.0,0.0,0.0,0.0,10,11.0,0.0,0,77.0,0.0,0.0,0.0,0.0,0.0,15
2023-05-11 09:01:41,p2401-C-8700,p2401-C-8700,77.0,0.0,0.0,0.0,1,17.5,0.0,0,77.0,0.0,0.0,0.0,0.0,0.0,15
2023-05-11 09:01:41,p2401-C-8700,p2401-C-8700,77.0,0.0,0.0,0.0,10,18.0,0.0,0,77.0,0.0,0.0,0.0,0.0,0.0,15
2023-05-11 09:01:48,p2401-C-8700,p2401-C-8700,77.0,0.0,0.0,0.0,1,24.5,0.0,0,77.0,0.0,0.0,0.0,0.0,0.0,15
2023-05-11 09:01:48,p2401-C-8700,p2401-C-8700,77.0,0.0,0.0,0.0,10,25.0,0.0,0,77.0,0.0,0.0,0.0,0.0,0.0,15
2023-05-11 09:01:54,p2401-C-8700,p2401-C-8700,77.0,0.0,0.0,0.0,1,31.5,0.0,0,77.0,0.0,0.0,0.0,0.0,0.0,15
2023-05-11 09:01:54,p2401-C-8700,p2401-C-8700,77.0,0.0,0.0,0.0,10,32.0,0.0,0,77.0,0.0,0.0,0.0,0.0,0.0,15
2023-05-11 09:01:59,p2401-C-8700,p2401-C-8700,77.0,0.0,0.0,0.0,1,38.5,0.0,0,77.0,0.0,0.0,0.0,0.0,0.0,15
2023-05-11 09:01:59,p2401-C-8700,p2401-C-8700,77.0,0.0,0.0,0.0,10,39.0,0.0,0,77.0,0.0,0.0,0.0,0.0,0.0,15
2023-05-11 09:02:03,p2401-C-8700,p2401-C-8700,77.0,0.0,0.0,0.0,1,42.5,0.0,0,77.0,0.0,0.0,0.0,0.0,0.0,15
2023-05-11 09:02:03,p2401-C-8700,p2401-C-8700,77.0,0.0,0.0,0.0,10,43.0,0.0,0,77.0,0.0,0.0,0.0,0.0,0.0,15
2023-05-11 09:02:08,p2401-C-8700,p2401-C-8700,77.0,0.0,0.0,0.0,1,43.5,0.0,0,77.0,0.0,0.0,0.0,0.0,0.0,15
2023-05-11 09:02:08,p2401-C-8700,p2401-C-8700,77.0,0.0,0.0,0.0,10,44.0,0.0,0,77.0,0.0,0.0,0.0,0.0,0.0,15
2023-05-11 09:02:12,p2401-C-8700,p2401-C-8700,77.0,0.0,0.0,0.0,1,44.5,0.0,0,77.0,0.0,0.0,0.0,0.0,0.0,15
2023-05-11 09:02:12,p2401-C-8700,p2401-C-8700,77.0,0.0,0.0,0.0,10,45.0,0.0,0,77.0,0.0,0.0,0.0,0.0,0.0,15
2023-05-11 09:02:16,p2401-C-8700,p2401-C-8700,77.0,0.0,0.0,0.0,1,45.5,0.0,0,77.0,0.0,0.0,0.0,0.0,0.0,15
2023-05-11 09:02:16,p2401-C-8700,p2401-C-8700,77.0,0.0,0.0,0.0,10,46.0,0.0,0,77.0,0.0,0.0,0.0,0.0,0.0,15
2023-05-11 09:02:20,p2401-C-8700,p2401-C-8700,77.0,0.0,0.0,0.0,1,46.5,0.0,0,77.0,0.0,0.0,0.0,0.0,0.0,15
2023-05-11 09:02:20,p2401-C-8700,p2401-C-8700,77.0,0.0,0.0,0.0,10,47.0,0.0,0,77.0,0.0,0.0,0.0,0.0,0.0,15
2023-05-11 09:02:22,p2401-C-8700,p2401-C-8700,77.0,0.0,0.0,0.0,1,47.5,0.0,0,77.0,0.0,0.0,0.0,0.0,0.0,15
2023-05-11 09:02:22,p2401-C-8700,p2401-C-8700,77.0,0.0,0.0,0.0,10,48.0,0.0,0,77.0,0.0,0.0,0.0,0.0,0.0,15
2023-05-11 09:02:24,p2401-C-8700,p2401-C-8700,77.0,0.0,0.0,0.0,1,48.5,0.0,0,77.0,0.0,0.0,0.0,0.0,0.0,15
2023-05-11 09:02:25,p2401-C-8700,p2401-C-8700,77.0,0.0,0.0,0.0,10,49.0,0.0,0,77.0,0.0,0.0,0.0,0.0,0.0,15
2023-05-11 09:10:42,p2401-C-8700,p2401-C-8700,77.0,0.0,0.0,0.0,1,4.5,0.0,0,77.0,0.0,0.0,0.0,0.0,0.0,15
2023-05-11 09:10:42,p2401-C-8700,p2401-C-8700,77.0,0.0,0.0,0.0,10,5.0,0.0,0,77.0,0.0,0.0,0.0,0.0,0.0,15
2023-05-11 09:10:44,p2401-C-8700,p2401-C-8700,77.0,0.0,0.0,0.0,1,11.5,0.0,0,77.0,0.0,0.0,0.0,0.0,0.0,15
2023-05-11 09:10:44,p2401-C-8700,p2401-C-8700,77.0,0.0,0.0,0.0,10,12.0,0.0,0,77.0,0.0,0.0,0.0,0.0,0.0,15
2023-05-11 09:10:45,p2401-C-8700,p2401-C-8700,77.0,0.0,0.0,0.0,1,18.5,0.0,0,77.0,0.0,0.0,0.0,0.0,0.0,15
2023-05-11 09:10:45,p2401-C-8700,p2401-C-8700,77.0,0.0,0.0,0.0,10,19.0,0.0,0,77.0,0.0,0.0,0.0,0.0,0.0,15
2023-05-11 09:10:48,p2401-C-8700,p2401-C-8700,77.0,0.0,0.0,0.0,1,25.5,0.0,0,77.0,0.0,0.0,0.0,0.0,0.0,15
2023-05-11 09:10:48,p2401-C-8700,p2401-C-8700,77.0,0.0,0.0,0.0,10,26.0,0.0,0,77.0,0.0,0.0,0.0,0.0,0.0,15
2023-05-11 09:10:57,p2401-C-8700,p2401-C-8700,77.0,0.0,0.0,0.0,1,32.5,0.0,0,77.0,0.0,0.0,0.0,0.0,0.0,15
2023-05-11 09:10:57,p2401-C-8700,p2401-C-8700,77.0,0.0,0.0,0.0,10,33.0,0.0,0,77.0,0.0,0.0,0.0,0.0,0.0,15
2023-05-11 09:10:59,p2401-C-8700,p2401-C-8700,77.0,0.0,0.0,0.0,1,39.5,0.0,0,77.0,0.0,0.0,0.0,0.0,0.0,15
2023-05-11 09:10:59,p2401-C-8700,p2401-C-8700,77.0,0.0,0.0,0.0,10,40.0,0.0,0,77.0,0.0,0.0,0.0,0.0,0.0,15
2023-05-11 09:11:00,p2401-C-8700,p2401-C-8700,77.0,0.0,0.0,0.0,1,43.5,0.0,0,77.0,0.0,0.0,0.0,0.0,0.0,15
2023-05-11 09:11:01,p2401-C-8700,p2401-C-8700,77.0,0.0,0.0,0.0,10,44.0,0.0,0,77.0,0.0,0.0,0.0,0.0,0.0,15
2023-05-11 09:11:02,p2401-C-8700,p2401-C-8700,77.0,0.0,0.0,0.0,1,44.5,0.0,0,77.0,0.0,0.0,0.0,0.0,0.0,15
2023-05-11 09:11:02,p2401-C-8700,p2401-C-8700,77.0,0.0,0.0,0.0,10,45.0,0.0,0,77.0,0.0,0.0,0.0,0.0,0.0,15
2023-05-11 09:11:03,p2401-C-8700,p2401-C-8700,77.0,0.0,0.0,0.0,1,45.5,0.0,0,77.0,0.0,0.0,0.0,0.0,0.0,15
2023-05-11 09:11:03,p2401-C-8700,p2401-C-8700,77.0,0.0,0.0,0.0,10,46.0,0.0,0,77.0,0.0,0.0,0.0,0.0,0.0,15
2023-05-11 09:11:06,p2401-C-8700,p2401-C-8700,77.0,0.0,0.0,0.0,1,46.5,0.0,0,77.0,0.0,0.0,0.0,0.0,0.0,15
2023-05-11 09:11:06,p2401-C-8700,p2401-C-8700,77.0,0.0,0.0,0.0,10,47.0,0.0,0,77.0,0.0,0.0,0.0,0.0,0.0,15
2023-05-11 09:11:07,p2401-C-8700,p2401-C-8700,77.0,0.0,0.0,0.0,1,47.5,0.0,0,77.0,0.0,0.0,0.0,0.0,0.0,15
2023-05-11 09:11:07,p2401-C-8700,p2401-C-8700,77.0,0.0,0.0,0.0,10,48.0,0.0,0,77.0,0.0,0.0,0.0,0.0,0.0,15
2023-05-11 09:11:09,p2401-C-8700,p2401-C-8700,77.0,0.0,0.0,0.0,1,48.5,0.0,0,77.0,0.0,0.0,0.0,0.0,0.0,15
2023-05-11 09:11:09,p2401-C-8700,p2401-C-8700,77.0,0.0,0.0,0.0,11,48.5,0.0,0,77.0,0.0,0.0,0.0,0.0,0.0,15
2023-05-11 09:11:20,p2401-C-8700,p2401-C-8700,77.0,0.0,0.0,0.0,1,48.5,0.0,0,77.0,0.0,0.0,0.0,0.0,0.0,15
2023-05-11 09:12:37,p2401-C-8700,p2401-C-8700,77.0,0.0,0.0,0.0,10,49.0,0.0,0,77.0,0.0,0.0,0.0,0.0,0.0,15
2023-05-11 09:12:47,p2401-C-8700,p2401-C-8700,77.0,0.0,0.0,0.0,10,5.0,0.0,0,77.0,0.0,0.0,0.0,0.0,0.0,15
2023-05-11 09:12:48,p2401-C-8700,p2401-C-8700,77.0,0.0,0.0,0.0,1,11.5,0.0,0,77.0,0.0,0.0,0.0,0.0,0.0,15
2023-05-11 09:12:48,p2401-C-8700,p2401-C-8700,77.0,0.0,0.0,0.0,10,12.0,0.0,0,77.0,0.0,0.0,0.0,0.0,0.0,15
2023-05-11 09:12:49,p2401-C-8700,p2401-C-8700,77.0,0.0,0.0,0.0,1,18.5,0.0,0,77.0,0.0,0.0,0.0,0.0,0.0,15
2023-05-11 09:12:49,p2401-C-8700,p2401-C-8700,77.0,0.0,0.0,0.0,10,19.0,0.0,0,77.0,0.0,0.0,0.0,0.0,0.0,15
2023-05-11 09:12:50,p2401-C-8700,p2401-C-8700,77.0,0.0,0.0,0.0,1,25.5,0.0,0,77.0,0.0,0.0,0.0,0.0,0.0,15
2023-05-11 09:12:50,p2401-C-8700,p2401-C-8700,77.0,0.0,0.0,0.0,10,26.0,0.0,0,77.0,0.0,0.0,0.0,0.0,0.0,15
2023-05-11 09:12:51,p2401-C-8700,p2401-C-8700,77.0,0.0,0.0,0.0,1,32.5,0.0,0,77.0,0.0,0.0,0.0,0.0,0.0,15
2023-05-11 09:12:51,p2401-C-8700,p2401-C-8700,77.0,0.0,0.0,0.0,10,33.0,0.0,0,77.0,0.0,0.0,0.0,0.0,0.0,15
2023-05-11 09:12:52,p2401-C-8700,p2401-C-8700,77.0,0.0,0.0,0.0,1,39.5,0.0,0,77.0,0.0,0.0,0.0,0.0,0.0,15
2023-05-11 09:12:52,p2401-C-8700,p2401-C-8700,77.0,0.0,0.0,0.0,10,40.0,0.0,0,77.0,0.0,0.0,0.0,0.0,0.0,15
2023-05-11 09:12:53,p2401-C-8700,p2401-C-8700,77.0,0.0,0.0,0.0,1,43.5,0.0,0,77.0,0.0,0.0,0.0,0.0,0.0,15
2023-05-11 09:12:53,p2401-C-8700,p2401-C-8700,77.0,0.0,0.0,0.0,10,44.0,0.0,0,77.0,0.0,0.0,0.0,0.0,0.0,15
2023-05-11 09:12:54,p2401-C-8700,p2401-C-8700,77.0,0.0,0.0,0.0,1,44.5,0.0,0,77.0,0.0,0.0,0.0,0.0,0.0,15
2023-05-11 09:12:54,p2401-C-8700,p2401-C-8700,77.0,0.0,0.0,0.0,10,45.0,0.0,0,77.0,0.0,0.0,0.0,0.0,0.0,15
2023-05-11 09:12:55,p2401-C-8700,p2401-C-8700,77.0,0.0,0.0,0.0,1,45.5,0.0,0,77.0,0.0,0.0,0.0,0.0,0.0,15
2023-05-11 09:12:55,p2401-C-8700,p2401-C-8700,77.0,0.0,0.0,0.0,10,46.0,0.0,0,77.0,0.0,0.0,0.0,0.0,0.0,15
2023-05-11 09:12:56,p2401-C-8700,p2401-C-8700,77.0,0.0,0.0,0.0,1,46.5,0.0,0,77.0,0.0,0.0,0.0,0.0,0.0,15
2023-05-11 09:12:56,p2401-C-8700,p2401-C-8700,77.0,0.0,0.0,0.0,10,47.0,0.0,0,77.0,0.0,0.0,0.0,0.0,0.0,15
2023-05-11 09:12:58,p2401-C-8700,p2401-C-8700,77.0,0.0,0.0,0.0,1,47.5,0.0,0,77.0,0.0,0.0,0.0,0.0,0.0,15
2023-05-11 09:12:58,p2401-C-8700,p2401-C-8700,77.0,0.0,0.0,0.0,10,48.0,0.0,0,77.0,0.0,0.0,0.0,0.0,0.0,15
2023-05-11 09:12:59,p2401-C-8700,p2401-C-8700,77.0,0.0,0.0,0.0,1,48.5,0.0,0,77.0,0.0,0.0,0.0,0.0,0.0,15
2023-05-11 09:12:59,p2401-C-8700,p2401-C-8700,77.0,0.0,0.0,0.0,11,48.5,0.0,0,77.0,0.0,0.0,0.0,0.0,0.0,15
2023-05-11 09:13:05,p2401-C-8700,p2401-C-8700,77.0,0.0,0.0,0.0,1,48.5,0.0,0,77.0,0.0,0.0,0.0,0.0,0.0,15
2023-05-11 09:16:13,p2401-C-8700,p2401-C-8700,77.0,0.0,0.0,0.0,11,48.5,0.0,0,77.0,0.0,0.0,0.0,0.0,0.0,15
2023-05-11 09:16:33,p2401-C-8700,p2401-C-8700,77.0,0.0,0.0,0.0,1,48.5,0.0,0,77.0,0.0,0.0,0.0,0.0,0.0,15
2023-05-11 09:23:41,p2401-C-8700,p2401-C-8700,77.0,0.0,0.0,0.0,1,48.5,561.0,10,77.0,0.0,0.0,0.0,0.0,0.0,15
2023-05-11 09:23:45,p2401-C-8700,p2401-C-8700,77.0,0.0,0.0,0.0,1,48.5,555.5,1,77.0,0.0,0.0,0.0,0.0,0.0,15
2023-05-11 09:23:45,p2401-C-8700,p2401-C-8700,77.0,0.0,0.0,0.0,1,48.5,555.0,10,77.0,0.0,0.0,0.0,0.0,0.0,15
2023-05-11 09:23:50,p2401-C-8700,p2401-C-8700,77.0,0.0,0.0,0.0,1,48.5,549.5,1,77.0,0.0,0.0,0.0,0.0,0.0,15
2023-05-11 09:23:50,p2401-C-8700,p2401-C-8700,77.0,0.0,0.0,0.0,1,48.5,549.0,10,77.0,0.0,0.0,0.0,0.0,0.0,15
2023-05-11 09:23:57,p2401-C-8700,p2401-C-8700,77.0,0.0,0.0,0.0,1,48.5,543.5,1,77.0,0.0,0.0,0.0,0.0,0.0,15
2023-05-11 09:23:57,p2401-C-8700,p2401-C-8700,77.0,0.0,0.0,0.0,1,48.5,543.0,10,77.0,0.0,0.0,0.0,0.0,0.0,15
2023-05-11 09:24:07,p2401-C-8700,p2401-C-8700,77.0,0.0,0.0,0.0,1,48.5,537.5,1,77.0,0.0,0.0,0.0,0.0,0.0,15
2023-05-11 09:24:07,p2401-C-8700,p2401-C-8700,77.0,0.0,0.0,0.0,1,48.5,537.0,10,77.0,0.0,0.0,0.0,0.0,0.0,15
2023-05-11 09:24:12,p2401-C-8700,p2401-C-8700,77.0,0.0,0.0,0.0,1,48.5,531.5,1,77.0,0.0,0.0,0.0,0.0,0.0,15
2023-05-11 09:24:12,p2401-C-8700,p2401-C-8700,77.0,0.0,0.0,0.0,1,48.5,531.0,10,77.0,0.0,0.0,0.0,0.0,0.0,15
2023-05-11 09:24:19,p2401-C-8700,p2401-C-8700,77.0,0.0,0.0,0.0,1,48.5,525.5,1,77.0,0.0,0.0,0.0,0.0,0.0,15
2023-05-11 09:24:19,p2401-C-8700,p2401-C-8700,77.0,0.0,0.0,0.0,1,48.5,525.0,10,77.0,0.0,0.0,0.0,0.0,0.0,15
2023-05-11 09:24:23,p2401-C-8700,p2401-C-8700,77.0,0.0,0.0,0.0,1,48.5,519.5,1,77.0,0.0,0.0,0.0,0.0,0.0,15
2023-05-11 09:24:23,p2401-C-8700,p2401-C-8700,77.0,0.0,0.0,0.0,1,48.5,519.0,10,77.0,0.0,0.0,0.0,0.0,0.0,15
2023-05-11 09:24:30,p2401-C-8700,p2401-C-8700,77.0,0.0,0.0,0.0,1,48.5,513.5,1,77.0,0.0,0.0,0.0,0.0,0.0,15
2023-05-11 09:24:30,p2401-C-8700,p2401-C-8700,77.0,0.0,0.0,0.0,1,48.5,513.0,10,77.0,0.0,0.0,0.0,0.0,0.0,15
2023-05-11 09:24:46,p2401-C-8700,p2401-C-8700,77.0,0.0,0.0,0.0,1,48.5,507.5,1,77.0,0.0,0.0,0.0,0.0,0.0,15
2023-05-11 09:24:46,p2401-C-8700,p2401-C-8700,77.0,0.0,0.0,0.0,1,48.5,507.0,10,77.0,0.0,0.0,0.0,0.0,0.0,15
2023-05-11 09:24:54,p2401-C-8700,p2401-C-8700,77.0,0.0,0.0,0.0,1,48.5,501.5,1,77.0,0.0,0.0,0.0,0.0,0.0,15
2023-05-11 09:24:54,p2401-C-8700,p2401-C-8700,77.0,0.0,0.0,0.0,1,48.5,501.0,10,77.0,0.0,0.0,0.0,0.0,0.0,15
2023-05-11 09:24:59,p2401-C-8700,p2401-C-8700,77.0,0.0,0.0,0.0,1,48.5,495.5,1,77.0,0.0,0.0,0.0,0.0,0.0,15
2023-05-11 09:25:00,p2401-C-8700,p2401-C-8700,77.0,0.0,0.0,0.0,1,48.5,495.0,10,77.0,0.0,0.0,0.0,0.0,0.0,15
2023-05-11 09:25:07,p2401-C-8700,p2401-C-8700,77.0,0.0,0.0,0.0,1,48.5,489.5,1,77.0,0.0,0.0,0.0,0.0,0.0,15
2023-05-11 09:25:08,p2401-C-8700,p2401-C-8700,77.0,0.0,0.0,0.0,1,48.5,489.0,10,77.0,0.0,0.0,0.0,0.0,0.0,15
2023-05-11 09:25:11,p2401-C-8700,p2401-C-8700,77.0,0.0,0.0,0.0,1,48.5,483.5,1,77.0,0.0,0.0,0.0,0.0,0.0,15
2023-05-11 09:25:12,p2401-C-8700,p2401-C-8700,77.0,0.0,0.0,0.0,1,48.5,483.0,10,77.0,0.0,0.0,0.0,0.0,0.0,15
2023-05-11 09:25:17,p2401-C-8700,p2401-C-8700,77.0,0.0,0.0,0.0,1,48.5,477.5,1,77.0,0.0,0.0,0.0,0.0,0.0,15
2023-05-11 09:25:17,p2401-C-8700,p2401-C-8700,77.0,0.0,0.0,0.0,1,48.5,477.0,10,77.0,0.0,0.0,0.0,0.0,0.0,15
2023-05-11 09:25:28,p2401-C-8700,p2401-C-8700,77.0,0.0,0.0,0.0,1,48.5,471.5,1,77.0,0.0,0.0,0.0,0.0,0.0,15
2023-05-11 09:25:28,p2401-C-8700,p2401-C-8700,77.0,0.0,0.0,0.0,1,48.5,471.0,10,77.0,0.0,0.0,0.0,0.0,0.0,15
2023-05-11 09:25:40,p2401-C-8700,p2401-C-8700,77.0,0.0,0.0,0.0,1,48.5,465.5,1,77.0,0.0,0.0,0.0,0.0,0.0,15
2023-05-11 09:25:41,p2401-C-8700,p2401-C-8700,77.0,0.0,0.0,0.0,1,48.5,465.0,10,77.0,0.0,0.0,0.0,0.0,0.0,15
2023-05-11 09:25:45,p2401-C-8700,p2401-C-8700,77.0,0.0,0.0,0.0,1,48.5,459.5,1,77.0,0.0,0.0,0.0,0.0,0.0,15
2023-05-11 09:25:45,p2401-C-8700,p2401-C-8700,77.0,0.0,0.0,0.0,1,48.5,459.0,10,77.0,0.0,0.0,0.0,0.0,0.0,15
2023-05-11 09:25:52,p2401-C-8700,p2401-C-8700,77.0,0.0,0.0,0.0,1,48.5,453.5,1,77.0,0.0,0.0,0.0,0.0,0.0,15
2023-05-11 09:25:52,p2401-C-8700,p2401-C-8700,77.0,0.0,0.0,0.0,1,48.5,453.0,10,77.0,0.0,0.0,0.0,0.0,0.0,15
2023-05-11 09:25:57,p2401-C-8700,p2401-C-8700,77.0,0.0,0.0,0.0,1,48.5,447.5,1,77.0,0.0,0.0,0.0,0.0,0.0,15
2023-05-11 09:25:57,p2401-C-8700,p2401-C-8700,77.0,0.0,0.0,0.0,1,48.5,447.0,10,77.0,0.0,0.0,0.0,0.0,0.0,15
2023-05-11 09:26:02,p2401-C-8700,p2401-C-8700,77.0,0.0,0.0,0.0,1,48.5,441.5,1,77.0,0.0,0.0,0.0,0.0,0.0,15
2023-05-11 09:26:02,p2401-C-8700,p2401-C-8700,77.0,0.0,0.0,0.0,1,48.5,441.0,10,77.0,0.0,0.0,0.0,0.0,0.0,15
2023-05-11 09:26:05,p2401-C-8700,p2401-C-8700,77.0,0.0,0.0,0.0,1,48.5,435.5,1,77.0,0.0,0.0,0.0,0.0,0.0,15
2023-05-11 09:26:05,p2401-C-8700,p2401-C-8700,77.0,0.0,0.0,0.0,1,48.5,435.0,10,77.0,0.0,0.0,0.0,0.0,0.0,15
2023-05-11 09:26:11,p2401-C-8700,p2401-C-8700,77.0,0.0,0.0,0.0,1,48.5,429.5,1,77.0,0.0,0.0,0.0,0.0,0.0,15
2023-05-11 09:26:11,p2401-C-8700,p2401-C-8700,77.0,0.0,0.0,0.0,1,48.5,429.0,10,77.0,0.0,0.0,0.0,0.0,0.0,15
2023-05-11 09:26:14,p2401-C-8700,p2401-C-8700,77.0,0.0,0.0,0.0,1,48.5,423.5,1,77.0,0.0,0.0,0.0,0.0,0.0,15
2023-05-11 09:26:14,p2401-C-8700,p2401-C-8700,77.0,0.0,0.0,0.0,1,48.5,423.0,10,77.0,0.0,0.0,0.0,0.0,0.0,15
2023-05-11 09:26:19,p2401-C-8700,p2401-C-8700,77.0,0.0,0.0,0.0,1,48.5,417.5,1,77.0,0.0,0.0,0.0,0.0,0.0,15
2023-05-11 09:26:20,p2401-C-8700,p2401-C-8700,77.0,0.0,0.0,0.0,1,48.5,417.0,10,77.0,0.0,0.0,0.0,0.0,0.0,15
2023-05-11 09:26:23,p2401-C-8700,p2401-C-8700,77.0,0.0,0.0,0.0,1,48.5,411.5,1,77.0,0.0,0.0,0.0,0.0,0.0,15
2023-05-11 09:26:23,p2401-C-8700,p2401-C-8700,77.0,0.0,0.0,0.0,1,48.5,411.0,10,77.0,0.0,0.0,0.0,0.0,0.0,15
2023-05-11 09:26:27,p2401-C-8700,p2401-C-8700,77.0,0.0,0.0,0.0,1,48.5,405.5,1,77.0,0.0,0.0,0.0,0.0,0.0,15
2023-05-11 09:26:27,p2401-C-8700,p2401-C-8700,77.0,0.0,0.0,0.0,1,48.5,405.0,10,77.0,0.0,0.0,0.0,0.0,0.0,15
2023-05-11 09:26:31,p2401-C-8700,p2401-C-8700,77.0,0.0,0.0,0.0,1,48.5,399.5,1,77.0,0.0,0.0,0.0,0.0,0.0,15
2023-05-11 09:26:31,p2401-C-8700,p2401-C-8700,77.0,0.0,0.0,0.0,1,48.5,399.0,10,77.0,0.0,0.0,0.0,0.0,0.0,15
2023-05-11 09:26:34,p2401-C-8700,p2401-C-8700,77.0,0.0,0.0,0.0,1,48.5,393.5,1,77.0,0.0,0.0,0.0,0.0,0.0,15
2023-05-11 09:26:34,p2401-C-8700,p2401-C-8700,77.0,0.0,0.0,0.0,1,48.5,393.0,10,77.0,0.0,0.0,0.0,0.0,0.0,15
2023-05-11 09:26:39,p2401-C-8700,p2401-C-8700,77.0,0.0,0.0,0.0,1,48.5,387.5,1,77.0,0.0,0.0,0.0,0.0,0.0,15
2023-05-11 09:26:39,p2401-C-8700,p2401-C-8700,77.0,0.0,0.0,0.0,1,48.5,387.0,10,77.0,0.0,0.0,0.0,0.0,0.0,15
2023-05-11 09:26:43,p2401-C-8700,p2401-C-8700,77.0,0.0,0.0,0.0,1,48.5,381.5,1,77.0,0.0,0.0,0.0,0.0,0.0,15
2023-05-11 09:26:44,p2401-C-8700,p2401-C-8700,77.0,0.0,0.0,0.0,1,48.5,381.0,10,77.0,0.0,0.0,0.0,0.0,0.0,15
2023-05-11 09:26:48,p2401-C-8700,p2401-C-8700,77.0,0.0,0.0,0.0,1,48.5,375.5,1,77.0,0.0,0.0,0.0,0.0,0.0,15
2023-05-11 09:26:48,p2401-C-8700,p2401-C-8700,77.0,0.0,0.0,0.0,1,48.5,375.0,10,77.0,0.0,0.0,0.0,0.0,0.0,15
2023-05-11 09:26:53,p2401-C-8700,p2401-C-8700,77.0,0.0,0.0,0.0,1,48.5,369.5,1,77.0,0.0,0.0,0.0,0.0,0.0,15
2023-05-11 09:26:53,p2401-C-8700,p2401-C-8700,77.0,0.0,0.0,0.0,1,48.5,369.0,10,77.0,0.0,0.0,0.0,0.0,0.0,15
2023-05-11 09:26:58,p2401-C-8700,p2401-C-8700,77.0,0.0,0.0,0.0,1,48.5,363.5,1,77.0,0.0,0.0,0.0,0.0,0.0,15
2023-05-11 09:26:58,p2401-C-8700,p2401-C-8700,77.0,0.0,0.0,0.0,1,48.5,363.0,10,77.0,0.0,0.0,0.0,0.0,0.0,15
2023-05-11 09:27:02,p2401-C-8700,p2401-C-8700,77.0,0.0,0.0,0.0,1,48.5,357.5,1,77.0,0.0,0.0,0.0,0.0,0.0,15
2023-05-11 09:27:02,p2401-C-8700,p2401-C-8700,77.0,0.0,0.0,0.0,1,48.5,357.0,10,77.0,0.0,0.0,0.0,0.0,0.0,15
2023-05-11 09:27:08,p2401-C-8700,p2401-C-8700,77.0,0.0,0.0,0.0,1,48.5,351.5,1,77.0,0.0,0.0,0.0,0.0,0.0,15
2023-05-11 09:27:08,p2401-C-8700,p2401-C-8700,77.0,0.0,0.0,0.0,1,48.5,351.0,10,77.0,0.0,0.0,0.0,0.0,0.0,15
2023-05-11 09:27:11,p2401-C-8700,p2401-C-8700,77.0,0.0,0.0,0.0,1,48.5,345.5,1,77.0,0.0,0.0,0.0,0.0,0.0,15
2023-05-11 09:27:11,p2401-C-8700,p2401-C-8700,77.0,0.0,0.0,0.0,1,48.5,345.0,10,77.0,0.0,0.0,0.0,0.0,0.0,15
2023-05-11 09:27:15,p2401-C-8700,p2401-C-8700,77.0,0.0,0.0,0.0,1,48.5,339.5,1,77.0,0.0,0.0,0.0,0.0,0.0,15
2023-05-11 09:27:16,p2401-C-8700,p2401-C-8700,77.0,0.0,0.0,0.0,1,48.5,339.0,10,77.0,0.0,0.0,0.0,0.0,0.0,15
2023-05-11 09:27:18,p2401-C-8700,p2401-C-8700,77.0,0.0,0.0,0.0,1,48.5,333.5,1,77.0,0.0,0.0,0.0,0.0,0.0,15
2023-05-11 09:27:18,p2401-C-8700,p2401-C-8700,77.0,0.0,0.0,0.0,1,48.5,333.0,10,77.0,0.0,0.0,0.0,0.0,0.0,15
2023-05-11 09:27:26,p2401-C-8700,p2401-C-8700,77.0,0.0,0.0,0.0,1,48.5,327.5,1,77.0,0.0,0.0,0.0,0.0,0.0,15
2023-05-11 09:27:27,p2401-C-8700,p2401-C-8700,77.0,0.0,0.0,0.0,1,48.5,327.0,10,77.0,0.0,0.0,0.0,0.0,0.0,15
2023-05-11 09:27:33,p2401-C-8700,p2401-C-8700,77.0,0.0,0.0,0.0,1,48.5,321.5,1,77.0,0.0,0.0,0.0,0.0,0.0,15
2023-05-11 09:27:34,p2401-C-8700,p2401-C-8700,77.0,0.0,0.0,0.0,1,48.5,321.0,10,77.0,0.0,0.0,0.0,0.0,0.0,15
2023-05-11 09:27:39,p2401-C-8700,p2401-C-8700,77.0,0.0,0.0,0.0,1,48.5,315.5,1,77.0,0.0,0.0,0.0,0.0,0.0,15
2023-05-11 09:27:40,p2401-C-8700,p2401-C-8700,77.0,0.0,0.0,0.0,1,48.5,315.0,10,77.0,0.0,0.0,0.0,0.0,0.0,15
2023-05-11 09:27:45,p2401-C-8700,p2401-C-8700,77.0,0.0,0.0,0.0,1,48.5,309.5,1,77.0,0.0,0.0,0.0,0.0,0.0,15
2023-05-11 09:27:45,p2401-C-8700,p2401-C-8700,77.0,0.0,0.0,0.0,1,48.5,309.0,10,77.0,0.0,0.0,0.0,0.0,0.0,15
2023-05-11 09:27:57,p2401-C-8700,p2401-C-8700,77.0,0.0,0.0,0.0,1,48.5,303.5,1,77.0,0.0,0.0,0.0,0.0,0.0,15
2023-05-11 09:27:57,p2401-C-8700,p2401-C-8700,77.0,0.0,0.0,0.0,1,48.5,303.0,10,77.0,0.0,0.0,0.0,0.0,0.0,15
2023-05-11 09:28:06,p2401-C-8700,p2401-C-8700,77.0,0.0,0.0,0.0,1,48.5,297.5,1,77.0,0.0,0.0,0.0,0.0,0.0,15
2023-05-11 09:28:06,p2401-C-8700,p2401-C-8700,77.0,0.0,0.0,0.0,1,48.5,297.0,10,77.0,0.0,0.0,0.0,0.0,0.0,15
2023-05-11 09:28:09,p2401-C-8700,p2401-C-8700,77.0,0.0,0.0,0.0,1,48.5,291.5,1,77.0,0.0,0.0,0.0,0.0,0.0,15
2023-05-11 09:28:10,p2401-C-8700,p2401-C-8700,77.0,0.0,0.0,0.0,1,48.5,291.0,10,77.0,0.0,0.0,0.0,0.0,0.0,15
2023-05-11 09:28:15,p2401-C-8700,p2401-C-8700,77.0,0.0,0.0,0.0,1,48.5,285.5,1,77.0,0.0,0.0,0.0,0.0,0.0,15
2023-05-11 09:28:15,p2401-C-8700,p2401-C-8700,77.0,0.0,0.0,0.0,1,48.5,285.0,10,77.0,0.0,0.0,0.0,0.0,0.0,15
2023-05-11 09:28:21,p2401-C-8700,p2401-C-8700,77.0,0.0,0.0,0.0,1,48.5,279.5,1,77.0,0.0,0.0,0.0,0.0,0.0,15
2023-05-11 09:28:21,p2401-C-8700,p2401-C-8700,77.0,0.0,0.0,0.0,1,48.5,279.0,10,77.0,0.0,0.0,0.0,0.0,0.0,15
2023-05-11 09:28:25,p2401-C-8700,p2401-C-8700,77.0,0.0,0.0,0.0,1,48.5,273.5,1,77.0,0.0,0.0,0.0,0.0,0.0,15
2023-05-11 09:28:25,p2401-C-8700,p2401-C-8700,77.0,0.0,0.0,0.0,1,48.5,273.0,10,77.0,0.0,0.0,0.0,0.0,0.0,15
2023-05-11 10:12:27,p2401-C-8700,p2401-C-8700,77.0,0.0,0.0,0.0,1,6.5,273.0,10,77.0,0.0,0.0,0.0,0.0,0.0,15
2023-05-11 10:12:27,p2401-C-8700,p2401-C-8700,77.0,0.0,0.0,0.0,10,7.0,273.0,10,77.0,0.0,0.0,0.0,0.0,0.0,15
2023-05-11 10:14:32,p2401-C-8700,p2401-C-8700,77.0,0.0,0.0,0.0,1,6.5,0.0,0,77.0,0.0,0.0,0.0,0.0,0.0,15
2023-05-11 10:30:07,p2401-C-8700,p2401-C-8700,77.0,0.0,0.0,0.0,10,7.0,0.0,0,77.0,0.0,0.0,0.0,0.0,0.0,15
2023-05-11 10:30:57,p2401-C-8700,p2401-C-8700,77.0,0.0,0.0,0.0,1,13.5,0.0,0,77.0,0.0,0.0,0.0,0.0,0.0,15
2023-05-11 10:30:57,p2401-C-8700,p2401-C-8700,77.0,0.0,0.0,0.0,10,14.0,0.0,0,77.0,0.0,0.0,0.0,0.0,0.0,15
2023-05-11 10:32:59,p2401-C-8700,p2401-C-8700,77.0,0.0,0.0,0.0,1,20.5,0.0,0,77.0,0.0,0.0,0.0,0.0,0.0,15
2023-05-11 10:32:59,p2401-C-8700,p2401-C-8700,77.0,0.0,0.0,0.0,10,21.0,0.0,0,77.0,0.0,0.0,0.0,0.0,0.0,15
2023-05-11 10:33:44,p2401-C-8700,p2401-C-8700,77.0,0.0,0.0,0.0,1,27.5,0.0,0,77.0,0.0,0.0,0.0,0.0,0.0,15
2023-05-11 10:33:44,p2401-C-8700,p2401-C-8700,77.0,0.0,0.0,0.0,10,28.0,0.0,0,77.0,0.0,0.0,0.0,0.0,0.0,15
2023-05-11 10:33:55,p2401-C-8700,p2401-C-8700,77.0,0.0,0.0,0.0,1,34.5,0.0,0,77.0,0.0,0.0,0.0,0.0,0.0,15
2023-05-11 10:33:55,p2401-C-8700,p2401-C-8700,77.0,0.0,0.0,0.0,10,35.0,0.0,0,77.0,0.0,0.0,0.0,0.0,0.0,15
2023-05-11 10:36:10,p2401-C-8700,p2401-C-8700,77.0,0.0,0.0,0.0,1,41.5,0.0,0,77.0,0.0,0.0,0.0,0.0,0.0,15
2023-05-11 10:36:10,p2401-C-8700,p2401-C-8700,77.0,0.0,0.0,0.0,11,41.5,0.0,0,77.0,0.0,0.0,0.0,0.0,0.0,15
2023-05-11 10:40:37,p2401-C-8700,p2401-C-8700,77.0,0.0,0.0,0.0,1,41.5,0.0,0,77.0,0.0,0.0,0.0,0.0,0.0,15
2023-05-11 10:44:16,p2401-C-8700,p2401-C-8700,77.0,0.0,0.0,0.0,11,41.5,0.0,0,77.0,0.0,0.0,0.0,0.0,0.0,15
2023-05-11 10:44:29,p2401-C-8700,p2401-C-8700,77.0,0.0,0.0,0.0,1,41.5,0.0,0,77.0,0.0,0.0,0.0,0.0,0.0,15
2023-05-11 10:46:24,p2401-C-8700,p2401-C-8700,77.0,0.0,0.0,0.0,10,42.0,0.0,0,77.0,0.0,0.0,0.0,0.0,0.0,15
2023-05-11 10:46:25,p2401-C-8700,p2401-C-8700,77.0,0.0,0.0,0.0,1,45.5,0.0,0,77.0,0.0,0.0,0.0,0.0,0.0,15
2023-05-11 10:52:42,p2401-C-8700,p2401-C-8700,77.0,0.0,0.0,0.0,1,45.5,561.0,10,77.0,0.0,0.0,0.0,0.0,0.0,15
2023-05-11 10:52:48,p2401-C-8700,p2401-C-8700,77.0,0.0,0.0,0.0,1,45.5,555.5,1,77.0,0.0,0.0,0.0,0.0,0.0,15
2023-05-11 10:52:48,p2401-C-8700,p2401-C-8700,77.0,0.0,0.0,0.0,1,45.5,555.0,10,77.0,0.0,0.0,0.0,0.0,0.0,15
2023-05-11 10:52:53,p2401-C-8700,p2401-C-8700,77.0,0.0,0.0,0.0,1,45.5,549.5,1,77.0,0.0,0.0,0.0,0.0,0.0,15
2023-05-11 10:52:53,p2401-C-8700,p2401-C-8700,77.0,0.0,0.0,0.0,1,45.5,549.0,10,77.0,0.0,0.0,0.0,0.0,0.0,15
2023-05-11 10:53:01,p2401-C-8700,p2401-C-8700,77.0,0.0,0.0,0.0,1,45.5,543.5,1,77.0,0.0,0.0,0.0,0.0,0.0,15
2023-05-11 10:53:02,p2401-C-8700,p2401-C-8700,77.0,0.0,0.0,0.0,1,45.5,543.0,10,77.0,0.0,0.0,0.0,0.0,0.0,15
2023-05-11 10:53:07,p2401-C-8700,p2401-C-8700,77.0,0.0,0.0,0.0,1,45.5,537.5,1,77.0,0.0,0.0,0.0,0.0,0.0,15
2023-05-11 10:53:07,p2401-C-8700,p2401-C-8700,77.0,0.0,0.0,0.0,1,45.5,537.0,10,77.0,0.0,0.0,0.0,0.0,0.0,15
2023-05-11 10:53:11,p2401-C-8700,p2401-C-8700,77.0,0.0,0.0,0.0,1,45.5,531.5,1,77.0,0.0,0.0,0.0,0.0,0.0,15
2023-05-11 10:53:12,p2401-C-8700,p2401-C-8700,77.0,0.0,0.0,0.0,1,45.5,531.0,10,77.0,0.0,0.0,0.0,0.0,0.0,15
2023-05-11 10:53:14,p2401-C-8700,p2401-C-8700,77.0,0.0,0.0,0.0,1,45.5,525.5,1,77.0,0.0,0.0,0.0,0.0,0.0,15
2023-05-11 10:53:15,p2401-C-8700,p2401-C-8700,77.0,0.0,0.0,0.0,1,45.5,525.0,10,77.0,0.0,0.0,0.0,0.0,0.0,15
2023-05-11 10:53:19,p2401-C-8700,p2401-C-8700,77.0,0.0,0.0,0.0,1,45.5,519.5,1,77.0,0.0,0.0,0.0,0.0,0.0,15
2023-05-11 10:53:19,p2401-C-8700,p2401-C-8700,77.0,0.0,0.0,0.0,1,45.5,519.0,10,77.0,0.0,0.0,0.0,0.0,0.0,15
2023-05-11 10:53:23,p2401-C-8700,p2401-C-8700,77.0,0.0,0.0,0.0,1,45.5,513.5,1,77.0,0.0,0.0,0.0,0.0,0.0,15
2023-05-11 10:53:23,p2401-C-8700,p2401-C-8700,77.0,0.0,0.0,0.0,1,45.5,513.0,10,77.0,0.0,0.0,0.0,0.0,0.0,15
2023-05-11 10:53:30,p2401-C-8700,p2401-C-8700,77.0,0.0,0.0,0.0,1,45.5,507.5,1,77.0,0.0,0.0,0.0,0.0,0.0,15
2023-05-11 10:53:30,p2401-C-8700,p2401-C-8700,77.0,0.0,0.0,0.0,1,45.5,507.0,10,77.0,0.0,0.0,0.0,0.0,0.0,15
2023-05-11 10:53:37,p2401-C-8700,p2401-C-8700,77.0,0.0,0.0,0.0,1,45.5,501.5,1,77.0,0.0,0.0,0.0,0.0,0.0,15
2023-05-11 10:53:38,p2401-C-8700,p2401-C-8700,77.0,0.0,0.0,0.0,1,45.5,501.0,10,77.0,0.0,0.0,0.0,0.0,0.0,15
2023-05-11 10:53:46,p2401-C-8700,p2401-C-8700,77.0,0.0,0.0,0.0,1,45.5,495.5,1,77.0,0.0,0.0,0.0,0.0,0.0,15
2023-05-11 10:53:46,p2401-C-8700,p2401-C-8700,77.0,0.0,0.0,0.0,1,45.5,495.0,10,77.0,0.0,0.0,0.0,0.0,0.0,15
2023-05-11 10:53:51,p2401-C-8700,p2401-C-8700,77.0,0.0,0.0,0.0,1,45.5,489.5,1,77.0,0.0,0.0,0.0,0.0,0.0,15
2023-05-11 10:53:51,p2401-C-8700,p2401-C-8700,77.0,0.0,0.0,0.0,1,45.5,489.0,10,77.0,0.0,0.0,0.0,0.0,0.0,15
2023-05-11 10:53:58,p2401-C-8700,p2401-C-8700,77.0,0.0,0.0,0.0,1,45.5,483.5,1,77.0,0.0,0.0,0.0,0.0,0.0,15
2023-05-11 10:53:58,p2401-C-8700,p2401-C-8700,77.0,0.0,0.0,0.0,1,45.5,483.0,10,77.0,0.0,0.0,0.0,0.0,0.0,15
2023-05-11 10:54:01,p2401-C-8700,p2401-C-8700,77.0,0.0,0.0,0.0,1,45.5,477.5,1,77.0,0.0,0.0,0.0,0.0,0.0,15
2023-05-11 10:54:01,p2401-C-8700,p2401-C-8700,77.0,0.0,0.0,0.0,1,45.5,477.0,10,77.0,0.0,0.0,0.0,0.0,0.0,15
2023-05-11 10:54:05,p2401-C-8700,p2401-C-8700,77.0,0.0,0.0,0.0,1,45.5,471.5,1,77.0,0.0,0.0,0.0,0.0,0.0,15
2023-05-11 10:54:06,p2401-C-8700,p2401-C-8700,77.0,0.0,0.0,0.0,1,45.5,471.0,10,77.0,0.0,0.0,0.0,0.0,0.0,15
2023-05-11 10:54:09,p2401-C-8700,p2401-C-8700,77.0,0.0,0.0,0.0,1,45.5,465.5,1,77.0,0.0,0.0,0.0,0.0,0.0,15
2023-05-11 10:54:09,p2401-C-8700,p2401-C-8700,77.0,0.0,0.0,0.0,1,45.5,465.0,10,77.0,0.0,0.0,0.0,0.0,0.0,15
2023-05-11 10:54:14,p2401-C-8700,p2401-C-8700,77.0,0.0,0.0,0.0,1,45.5,459.5,1,77.0,0.0,0.0,0.0,0.0,0.0,15
2023-05-11 10:54:14,p2401-C-8700,p2401-C-8700,77.0,0.0,0.0,0.0,1,45.5,459.0,10,77.0,0.0,0.0,0.0,0.0,0.0,15
2023-05-11 10:54:21,p2401-C-8700,p2401-C-8700,77.0,0.0,0.0,0.0,1,45.5,453.5,1,77.0,0.0,0.0,0.0,0.0,0.0,15
2023-05-11 10:54:22,p2401-C-8700,p2401-C-8700,77.0,0.0,0.0,0.0,1,45.5,453.0,10,77.0,0.0,0.0,0.0,0.0,0.0,15
2023-05-11 10:54:25,p2401-C-8700,p2401-C-8700,77.0,0.0,0.0,0.0,1,45.5,447.5,1,77.0,0.0,0.0,0.0,0.0,0.0,15
2023-05-11 10:54:26,p2401-C-8700,p2401-C-8700,77.0,0.0,0.0,0.0,1,45.5,447.0,10,77.0,0.0,0.0,0.0,0.0,0.0,15
2023-05-11 10:54:29,p2401-C-8700,p2401-C-8700,77.0,0.0,0.0,0.0,1,45.5,441.5,1,77.0,0.0,0.0,0.0,0.0,0.0,15
2023-05-11 10:54:30,p2401-C-8700,p2401-C-8700,77.0,0.0,0.0,0.0,1,45.5,441.0,10,77.0,0.0,0.0,0.0,0.0,0.0,15
2023-05-11 10:54:34,p2401-C-8700,p2401-C-8700,77.0,0.0,0.0,0.0,1,45.5,435.5,1,77.0,0.0,0.0,0.0,0.0,0.0,15
2023-05-11 10:54:34,p2401-C-8700,p2401-C-8700,77.0,0.0,0.0,0.0,1,45.5,435.0,10,77.0,0.0,0.0,0.0,0.0,0.0,15
2023-05-11 10:54:37,p2401-C-8700,p2401-C-8700,77.0,0.0,0.0,0.0,1,45.5,429.5,1,77.0,0.0,0.0,0.0,0.0,0.0,15
2023-05-11 10:54:37,p2401-C-8700,p2401-C-8700,77.0,0.0,0.0,0.0,1,45.5,429.0,10,77.0,0.0,0.0,0.0,0.0,0.0,15
2023-05-11 10:54:43,p2401-C-8700,p2401-C-8700,77.0,0.0,0.0,0.0,1,45.5,423.5,1,77.0,0.0,0.0,0.0,0.0,0.0,15
2023-05-11 10:54:43,p2401-C-8700,p2401-C-8700,77.0,0.0,0.0,0.0,1,45.5,423.0,10,77.0,0.0,0.0,0.0,0.0,0.0,15
2023-05-11 10:54:48,p2401-C-8700,p2401-C-8700,77.0,0.0,0.0,0.0,1,45.5,417.5,1,77.0,0.0,0.0,0.0,0.0,0.0,15
2023-05-11 10:54:48,p2401-C-8700,p2401-C-8700,77.0,0.0,0.0,0.0,1,45.5,417.0,10,77.0,0.0,0.0,0.0,0.0,0.0,15
2023-05-11 10:54:52,p2401-C-8700,p2401-C-8700,77.0,0.0,0.0,0.0,1,45.5,411.5,1,77.0,0.0,0.0,0.0,0.0,0.0,15
2023-05-11 10:54:53,p2401-C-8700,p2401-C-8700,77.0,0.0,0.0,0.0,1,45.5,411.0,10,77.0,0.0,0.0,0.0,0.0,0.0,15
2023-05-11 10:55:02,p2401-C-8700,p2401-C-8700,77.0,0.0,0.0,0.0,1,45.5,405.5,1,77.0,0.0,0.0,0.0,0.0,0.0,15
2023-05-11 10:55:03,p2401-C-8700,p2401-C-8700,77.0,0.0,0.0,0.0,1,45.5,405.0,10,77.0,0.0,0.0,0.0,0.0,0.0,15
2023-05-11 10:55:07,p2401-C-8700,p2401-C-8700,77.0,0.0,0.0,0.0,1,45.5,399.5,1,77.0,0.0,0.0,0.0,0.0,0.0,15
2023-05-11 10:55:07,p2401-C-8700,p2401-C-8700,77.0,0.0,0.0,0.0,1,45.5,399.0,10,77.0,0.0,0.0,0.0,0.0,0.0,15
2023-05-11 10:55:11,p2401-C-8700,p2401-C-8700,77.0,0.0,0.0,0.0,1,45.5,393.5,1,77.0,0.0,0.0,0.0,0.0,0.0,15
2023-05-11 10:55:11,p2401-C-8700,p2401-C-8700,77.0,0.0,0.0,0.0,1,45.5,393.0,10,77.0,0.0,0.0,0.0,0.0,0.0,15
2023-05-11 10:55:15,p2401-C-8700,p2401-C-8700,77.0,0.0,0.0,0.0,1,45.5,387.5,1,77.0,0.0,0.0,0.0,0.0,0.0,15
2023-05-11 10:55:15,p2401-C-8700,p2401-C-8700,77.0,0.0,0.0,0.0,1,45.5,387.0,10,77.0,0.0,0.0,0.0,0.0,0.0,15
2023-05-11 10:55:18,p2401-C-8700,p2401-C-8700,77.0,0.0,0.0,0.0,1,45.5,381.5,1,77.0,0.0,0.0,0.0,0.0,0.0,15
2023-05-11 10:55:19,p2401-C-8700,p2401-C-8700,77.0,0.0,0.0,0.0,1,45.5,381.0,10,77.0,0.0,0.0,0.0,0.0,0.0,15
2023-05-11 10:55:25,p2401-C-8700,p2401-C-8700,77.0,0.0,0.0,0.0,1,45.5,375.5,1,77.0,0.0,0.0,0.0,0.0,0.0,15
2023-05-11 10:55:25,p2401-C-8700,p2401-C-8700,77.0,0.0,0.0,0.0,1,45.5,375.0,10,77.0,0.0,0.0,0.0,0.0,0.0,15
2023-05-11 10:55:30,p2401-C-8700,p2401-C-8700,77.0,0.0,0.0,0.0,1,45.5,369.5,1,77.0,0.0,0.0,0.0,0.0,0.0,15
2023-05-11 10:55:30,p2401-C-8700,p2401-C-8700,77.0,0.0,0.0,0.0,1,45.5,369.0,10,77.0,0.0,0.0,0.0,0.0,0.0,15
2023-05-11 10:55:35,p2401-C-8700,p2401-C-8700,77.0,0.0,0.0,0.0,1,45.5,363.5,1,77.0,0.0,0.0,0.0,0.0,0.0,15
2023-05-11 10:55:35,p2401-C-8700,p2401-C-8700,77.0,0.0,0.0,0.0,1,45.5,363.0,10,77.0,0.0,0.0,0.0,0.0,0.0,15
2023-05-11 10:55:42,p2401-C-8700,p2401-C-8700,77.0,0.0,0.0,0.0,1,45.5,357.5,1,77.0,0.0,0.0,0.0,0.0,0.0,15
2023-05-11 10:55:42,p2401-C-8700,p2401-C-8700,77.0,0.0,0.0,0.0,1,45.5,357.0,10,77.0,0.0,0.0,0.0,0.0,0.0,15
2023-05-11 10:55:52,p2401-C-8700,p2401-C-8700,77.0,0.0,0.0,0.0,1,45.5,351.5,1,77.0,0.0,0.0,0.0,0.0,0.0,15
2023-05-11 10:55:53,p2401-C-8700,p2401-C-8700,77.0,0.0,0.0,0.0,1,45.5,351.0,10,77.0,0.0,0.0,0.0,0.0,0.0,15
2023-05-11 10:55:57,p2401-C-8700,p2401-C-8700,77.0,0.0,0.0,0.0,1,45.5,345.5,1,77.0,0.0,0.0,0.0,0.0,0.0,15
2023-05-11 10:55:58,p2401-C-8700,p2401-C-8700,77.0,0.0,0.0,0.0,1,45.5,345.0,10,77.0,0.0,0.0,0.0,0.0,0.0,15
2023-05-11 10:56:02,p2401-C-8700,p2401-C-8700,77.0,0.0,0.0,0.0,1,45.5,339.5,1,77.0,0.0,0.0,0.0,0.0,0.0,15
2023-05-11 10:56:02,p2401-C-8700,p2401-C-8700,77.0,0.0,0.0,0.0,1,45.5,339.0,10,77.0,0.0,0.0,0.0,0.0,0.0,15
2023-05-11 10:56:06,p2401-C-8700,p2401-C-8700,77.0,0.0,0.0,0.0,1,45.5,333.5,1,77.0,0.0,0.0,0.0,0.0,0.0,15
2023-05-11 10:56:07,p2401-C-8700,p2401-C-8700,77.0,0.0,0.0,0.0,1,45.5,333.0,10,77.0,0.0,0.0,0.0,0.0,0.0,15
2023-05-11 10:56:09,p2401-C-8700,p2401-C-8700,77.0,0.0,0.0,0.0,1,45.5,327.5,1,77.0,0.0,0.0,0.0,0.0,0.0,15
2023-05-11 10:56:09,p2401-C-8700,p2401-C-8700,77.0,0.0,0.0,0.0,1,45.5,327.0,10,77.0,0.0,0.0,0.0,0.0,0.0,15
2023-05-11 10:56:12,p2401-C-8700,p2401-C-8700,77.0,0.0,0.0,0.0,1,45.5,321.5,1,77.0,0.0,0.0,0.0,0.0,0.0,15
2023-05-11 10:56:12,p2401-C-8700,p2401-C-8700,77.0,0.0,0.0,0.0,1,45.5,321.0,10,77.0,0.0,0.0,0.0,0.0,0.0,15
2023-05-11 10:56:15,p2401-C-8700,p2401-C-8700,77.0,0.0,0.0,0.0,1,45.5,315.5,1,77.0,0.0,0.0,0.0,0.0,0.0,15
2023-05-11 10:56:16,p2401-C-8700,p2401-C-8700,77.0,0.0,0.0,0.0,1,45.5,315.0,10,77.0,0.0,0.0,0.0,0.0,0.0,15
2023-05-11 10:56:19,p2401-C-8700,p2401-C-8700,77.0,0.0,0.0,0.0,1,45.5,309.5,1,77.0,0.0,0.0,0.0,0.0,0.0,15
2023-05-11 10:56:19,p2401-C-8700,p2401-C-8700,77.0,0.0,0.0,0.0,1,45.5,309.0,10,77.0,0.0,0.0,0.0,0.0,0.0,15
2023-05-11 10:56:22,p2401-C-8700,p2401-C-8700,77.0,0.0,0.0,0.0,1,45.5,308.5,1,77.0,0.0,0.0,0.0,0.0,0.0,15
2023-05-11 10:56:22,p2401-C-8700,p2401-C-8700,77.0,0.0,0.0,0.0,1,45.5,308.0,10,77.0,0.0,0.0,0.0,0.0,0.0,15
2023-05-11 10:56:29,p2401-C-8700,p2401-C-8700,77.0,0.0,0.0,0.0,1,45.5,307.5,1,77.0,0.0,0.0,0.0,0.0,0.0,15
2023-05-11 10:56:29,p2401-C-8700,p2401-C-8700,77.0,0.0,0.0,0.0,1,45.5,307.0,10,77.0,0.0,0.0,0.0,0.0,0.0,15
2023-05-11 10:56:32,p2401-C-8700,p2401-C-8700,77.0,0.0,0.0,0.0,1,45.5,306.5,1,77.0,0.0,0.0,0.0,0.0,0.0,15
2023-05-11 10:56:32,p2401-C-8700,p2401-C-8700,77.0,0.0,0.0,0.0,1,45.5,306.0,10,77.0,0.0,0.0,0.0,0.0,0.0,15
2023-05-11 10:56:35,p2401-C-8700,p2401-C-8700,77.0,0.0,0.0,0.0,1,45.5,305.5,1,77.0,0.0,0.0,0.0,0.0,0.0,15
2023-05-11 10:56:35,p2401-C-8700,p2401-C-8700,77.0,0.0,0.0,0.0,1,45.5,305.0,10,77.0,0.0,0.0,0.0,0.0,0.0,15
2023-05-11 10:56:38,p2401-C-8700,p2401-C-8700,77.0,0.0,0.0,0.0,1,45.5,304.5,1,77.0,0.0,0.0,0.0,0.0,0.0,15
2023-05-11 10:56:38,p2401-C-8700,p2401-C-8700,77.0,0.0,0.0,0.0,1,45.5,304.0,10,77.0,0.0,0.0,0.0,0.0,0.0,15
2023-05-11 10:56:41,p2401-C-8700,p2401-C-8700,77.0,0.0,0.0,0.0,1,45.5,303.5,1,77.0,0.0,0.0,0.0,0.0,0.0,15
2023-05-11 10:56:41,p2401-C-8700,p2401-C-8700,77.0,0.0,0.0,0.0,1,45.5,303.0,10,77.0,0.0,0.0,0.0,0.0,0.0,15
2023-05-11 11:27:22,p2401-C-8700,p2401-C-8700,77.0,0.0,0.0,0.0,1,6.5,303.0,10,77.0,0.0,0.0,0.0,0.0,0.0,15
2023-05-11 11:27:22,p2401-C-8700,p2401-C-8700,77.0,0.0,0.0,0.0,10,7.0,303.0,10,77.0,0.0,0.0,0.0,0.0,0.0,15
2023-05-11 11:29:33,p2401-C-8700,p2401-C-8700,77.0,0.0,0.0,0.0,1,6.5,0.0,0,77.0,0.0,0.0,0.0,0.0,0.0,15
2023-05-11 13:30:02,p2401-C-8700,p2401-C-8700,77.0,0.0,0.0,0.0,10,7.0,0.0,0,77.0,0.0,0.0,0.0,0.0,0.0,15
2023-05-11 13:31:35,p2401-C-8700,p2401-C-8700,77.0,0.0,0.0,0.0,1,13.5,0.0,0,77.0,0.0,0.0,0.0,0.0,0.0,15
2023-05-11 13:31:36,p2401-C-8700,p2401-C-8700,77.0,0.0,0.0,0.0,10,14.0,0.0,0,77.0,0.0,0.0,0.0,0.0,0.0,15
2023-05-11 13:31:50,p2401-C-8700,p2401-C-8700,77.0,0.0,0.0,0.0,1,20.5,0.0,0,77.0,0.0,0.0,0.0,0.0,0.0,15
2023-05-11 13:31:50,p2401-C-8700,p2401-C-8700,77.0,0.0,0.0,0.0,10,21.0,0.0,0,77.0,0.0,0.0,0.0,0.0,0.0,15
2023-05-11 13:32:17,p2401-C-8700,p2401-C-8700,77.0,0.0,0.0,0.0,1,27.5,0.0,0,77.0,0.0,0.0,0.0,0.0,0.0,15
2023-05-11 13:32:17,p2401-C-8700,p2401-C-8700,77.0,0.0,0.0,0.0,10,28.0,0.0,0,77.0,0.0,0.0,0.0,0.0,0.0,15
2023-05-11 13:32:24,p2401-C-8700,p2401-C-8700,77.0,0.0,0.0,0.0,1,34.5,0.0,0,77.0,0.0,0.0,0.0,0.0,0.0,15
2023-05-11 13:32:24,p2401-C-8700,p2401-C-8700,77.0,0.0,0.0,0.0,10,35.0,0.0,0,77.0,0.0,0.0,0.0,0.0,0.0,15
2023-05-11 13:32:30,p2401-C-8700,p2401-C-8700,77.0,0.0,0.0,0.0,1,41.5,0.0,0,77.0,0.0,0.0,0.0,0.0,0.0,15
2023-05-11 13:32:31,p2401-C-8700,p2401-C-8700,77.0,0.0,0.0,0.0,11,41.5,0.0,0,77.0,0.0,0.0,0.0,0.0,0.0,15
2023-05-11 13:38:02,p2401-C-8700,p2401-C-8700,77.0,0.0,0.0,0.0,1,41.5,0.0,0,77.0,0.0,0.0,0.0,0.0,0.0,15
2023-05-11 13:39:04,p2401-C-8700,p2401-C-8700,77.0,0.0,0.0,0.0,11,41.5,0.0,0,77.0,0.0,0.0,0.0,0.0,0.0,15
2023-05-11 13:48:03,p2401-C-8700,p2401-C-8700,77.0,0.0,0.0,0.0,11,41.5,561.5,1,77.0,0.0,0.0,0.0,0.0,0.0,15
2023-05-11 13:48:03,p2401-C-8700,p2401-C-8700,77.0,0.0,0.0,0.0,11,41.5,561.0,10,77.0,0.0,0.0,0.0,0.0,0.0,15
2023-05-11 13:48:07,p2401-C-8700,p2401-C-8700,77.0,0.0,0.0,0.0,11,41.5,555.5,1,77.0,0.0,0.0,0.0,0.0,0.0,15
2023-05-11 13:48:08,p2401-C-8700,p2401-C-8700,77.0,0.0,0.0,0.0,11,41.5,555.0,10,77.0,0.0,0.0,0.0,0.0,0.0,15
2023-05-11 13:48:10,p2401-C-8700,p2401-C-8700,77.0,0.0,0.0,0.0,11,41.5,549.5,1,77.0,0.0,0.0,0.0,0.0,0.0,15
2023-05-11 13:48:11,p2401-C-8700,p2401-C-8700,77.0,0.0,0.0,0.0,11,41.5,549.0,10,77.0,0.0,0.0,0.0,0.0,0.0,15
2023-05-11 13:48:15,p2401-C-8700,p2401-C-8700,77.0,0.0,0.0,0.0,11,41.5,543.5,1,77.0,0.0,0.0,0.0,0.0,0.0,15
2023-05-11 13:48:16,p2401-C-8700,p2401-C-8700,77.0,0.0,0.0,0.0,11,41.5,543.0,10,77.0,0.0,0.0,0.0,0.0,0.0,15
2023-05-11 13:48:21,p2401-C-8700,p2401-C-8700,77.0,0.0,0.0,0.0,11,41.5,537.5,1,77.0,0.0,0.0,0.0,0.0,0.0,15
2023-05-11 13:48:21,p2401-C-8700,p2401-C-8700,77.0,0.0,0.0,0.0,11,41.5,537.0,10,77.0,0.0,0.0,0.0,0.0,0.0,15
2023-05-11 13:48:25,p2401-C-8700,p2401-C-8700,77.0,0.0,0.0,0.0,11,41.5,531.5,1,77.0,0.0,0.0,0.0,0.0,0.0,15
2023-05-11 13:48:25,p2401-C-8700,p2401-C-8700,77.0,0.0,0.0,0.0,11,41.5,531.0,10,77.0,0.0,0.0,0.0,0.0,0.0,15
2023-05-11 13:48:28,p2401-C-8700,p2401-C-8700,77.0,0.0,0.0,0.0,11,41.5,525.5,1,77.0,0.0,0.0,0.0,0.0,0.0,15
2023-05-11 13:48:28,p2401-C-8700,p2401-C-8700,77.0,0.0,0.0,0.0,11,41.5,525.0,10,77.0,0.0,0.0,0.0,0.0,0.0,15
2023-05-11 13:48:33,p2401-C-8700,p2401-C-8700,77.0,0.0,0.0,0.0,11,41.5,519.5,1,77.0,0.0,0.0,0.0,0.0,0.0,15
2023-05-11 13:48:33,p2401-C-8700,p2401-C-8700,77.0,0.0,0.0,0.0,11,41.5,519.0,10,77.0,0.0,0.0,0.0,0.0,0.0,15
2023-05-11 13:48:41,p2401-C-8700,p2401-C-8700,77.0,0.0,0.0,0.0,11,41.5,513.5,1,77.0,0.0,0.0,0.0,0.0,0.0,15
2023-05-11 13:48:42,p2401-C-8700,p2401-C-8700,77.0,0.0,0.0,0.0,11,41.5,513.0,10,77.0,0.0,0.0,0.0,0.0,0.0,15
2023-05-11 13:48:50,p2401-C-8700,p2401-C-8700,77.0,0.0,0.0,0.0,11,41.5,507.5,1,77.0,0.0,0.0,0.0,0.0,0.0,15
2023-05-11 13:48:50,p2401-C-8700,p2401-C-8700,77.0,0.0,0.0,0.0,11,41.5,507.0,10,77.0,0.0,0.0,0.0,0.0,0.0,15
2023-05-11 13:48:57,p2401-C-8700,p2401-C-8700,77.0,0.0,0.0,0.0,11,41.5,501.5,1,77.0,0.0,0.0,0.0,0.0,0.0,15
2023-05-11 13:48:57,p2401-C-8700,p2401-C-8700,77.0,0.0,0.0,0.0,11,41.5,501.0,10,77.0,0.0,0.0,0.0,0.0,0.0,15
2023-05-11 13:49:00,p2401-C-8700,p2401-C-8700,77.0,0.0,0.0,0.0,11,41.5,495.5,1,77.0,0.0,0.0,0.0,0.0,0.0,15
2023-05-11 13:49:00,p2401-C-8700,p2401-C-8700,77.0,0.0,0.0,0.0,11,41.5,495.0,10,77.0,0.0,0.0,0.0,0.0,0.0,15
2023-05-11 13:49:03,p2401-C-8700,p2401-C-8700,77.0,0.0,0.0,0.0,11,41.5,489.5,1,77.0,0.0,0.0,0.0,0.0,0.0,15
2023-05-11 13:49:03,p2401-C-8700,p2401-C-8700,77.0,0.0,0.0,0.0,11,41.5,489.0,10,77.0,0.0,0.0,0.0,0.0,0.0,15
2023-05-11 13:49:08,p2401-C-8700,p2401-C-8700,77.0,0.0,0.0,0.0,11,41.5,483.5,1,77.0,0.0,0.0,0.0,0.0,0.0,15
2023-05-11 13:49:08,p2401-C-8700,p2401-C-8700,77.0,0.0,0.0,0.0,11,41.5,483.0,10,77.0,0.0,0.0,0.0,0.0,0.0,15
2023-05-11 13:49:14,p2401-C-8700,p2401-C-8700,77.0,0.0,0.0,0.0,11,41.5,477.5,1,77.0,0.0,0.0,0.0,0.0,0.0,15
2023-05-11 13:49:14,p2401-C-8700,p2401-C-8700,77.0,0.0,0.0,0.0,11,41.5,477.0,10,77.0,0.0,0.0,0.0,0.0,0.0,15
2023-05-11 13:49:18,p2401-C-8700,p2401-C-8700,77.0,0.0,0.0,0.0,11,41.5,471.5,1,77.0,0.0,0.0,0.0,0.0,0.0,15
2023-05-11 13:49:19,p2401-C-8700,p2401-C-8700,77.0,0.0,0.0,0.0,11,41.5,471.0,10,77.0,0.0,0.0,0.0,0.0,0.0,15
2023-05-11 13:49:38,p2401-C-8700,p2401-C-8700,77.0,0.0,0.0,0.0,11,41.5,465.5,1,77.0,0.0,0.0,0.0,0.0,0.0,15
2023-05-11 13:49:38,p2401-C-8700,p2401-C-8700,77.0,0.0,0.0,0.0,11,41.5,465.0,10,77.0,0.0,0.0,0.0,0.0,0.0,15
2023-05-11 13:49:50,p2401-C-8700,p2401-C-8700,77.0,0.0,0.0,0.0,11,41.5,459.5,1,77.0,0.0,0.0,0.0,0.0,0.0,15
2023-05-11 13:49:50,p2401-C-8700,p2401-C-8700,77.0,0.0,0.0,0.0,11,41.5,459.0,10,77.0,0.0,0.0,0.0,0.0,0.0,15
2023-05-11 13:50:00,p2401-C-8700,p2401-C-8700,77.0,0.0,0.0,0.0,11,41.5,453.5,1,77.0,0.0,0.0,0.0,0.0,0.0,15
2023-05-11 13:50:00,p2401-C-8700,p2401-C-8700,77.0,0.0,0.0,0.0,11,41.5,453.0,10,77.0,0.0,0.0,0.0,0.0,0.0,15
2023-05-11 13:50:04,p2401-C-8700,p2401-C-8700,77.0,0.0,0.0,0.0,11,41.5,447.5,1,77.0,0.0,0.0,0.0,0.0,0.0,15
2023-05-11 13:50:05,p2401-C-8700,p2401-C-8700,77.0,0.0,0.0,0.0,11,41.5,447.0,10,77.0,0.0,0.0,0.0,0.0,0.0,15
2023-05-11 13:50:09,p2401-C-8700,p2401-C-8700,77.0,0.0,0.0,0.0,11,41.5,441.5,1,77.0,0.0,0.0,0.0,0.0,0.0,15
2023-05-11 13:50:09,p2401-C-8700,p2401-C-8700,77.0,0.0,0.0,0.0,11,41.5,441.0,10,77.0,0.0,0.0,0.0,0.0,0.0,15
2023-05-11 13:50:12,p2401-C-8700,p2401-C-8700,77.0,0.0,0.0,0.0,11,41.5,435.5,1,77.0,0.0,0.0,0.0,0.0,0.0,15
2023-05-11 13:50:13,p2401-C-8700,p2401-C-8700,77.0,0.0,0.0,0.0,11,41.5,435.0,10,77.0,0.0,0.0,0.0,0.0,0.0,15
2023-05-11 13:50:17,p2401-C-8700,p2401-C-8700,77.0,0.0,0.0,0.0,11,41.5,429.5,1,77.0,0.0,0.0,0.0,0.0,0.0,15
2023-05-11 13:50:17,p2401-C-8700,p2401-C-8700,77.0,0.0,0.0,0.0,11,41.5,429.0,10,77.0,0.0,0.0,0.0,0.0,0.0,15
2023-05-11 13:50:21,p2401-C-8700,p2401-C-8700,77.0,0.0,0.0,0.0,11,41.5,423.5,1,77.0,0.0,0.0,0.0,0.0,0.0,15
2023-05-11 13:50:21,p2401-C-8700,p2401-C-8700,77.0,0.0,0.0,0.0,11,41.5,423.0,10,77.0,0.0,0.0,0.0,0.0,0.0,15
2023-05-11 13:50:25,p2401-C-8700,p2401-C-8700,77.0,0.0,0.0,0.0,11,41.5,422.5,1,77.0,0.0,0.0,0.0,0.0,0.0,15
2023-05-11 13:50:25,p2401-C-8700,p2401-C-8700,77.0,0.0,0.0,0.0,11,41.5,422.0,10,77.0,0.0,0.0,0.0,0.0,0.0,15
2023-05-11 13:50:40,p2401-C-8700,p2401-C-8700,77.0,0.0,0.0,0.0,11,41.5,416.5,1,77.0,0.0,0.0,0.0,0.0,0.0,15
2023-05-11 13:50:40,p2401-C-8700,p2401-C-8700,77.0,0.0,0.0,0.0,11,41.5,416.0,10,77.0,0.0,0.0,0.0,0.0,0.0,15
2023-05-11 13:50:45,p2401-C-8700,p2401-C-8700,77.0,0.0,0.0,0.0,11,41.5,410.5,1,77.0,0.0,0.0,0.0,0.0,0.0,15
2023-05-11 13:50:46,p2401-C-8700,p2401-C-8700,77.0,0.0,0.0,0.0,11,41.5,410.0,10,77.0,0.0,0.0,0.0,0.0,0.0,15
2023-05-11 13:50:50,p2401-C-8700,p2401-C-8700,77.0,0.0,0.0,0.0,11,41.5,404.5,1,77.0,0.0,0.0,0.0,0.0,0.0,15
2023-05-11 13:50:50,p2401-C-8700,p2401-C-8700,77.0,0.0,0.0,0.0,11,41.5,404.0,10,77.0,0.0,0.0,0.0,0.0,0.0,15
2023-05-11 13:50:57,p2401-C-8700,p2401-C-8700,77.0,0.0,0.0,0.0,11,41.5,403.5,1,77.0,0.0,0.0,0.0,0.0,0.0,15
2023-05-11 13:50:58,p2401-C-8700,p2401-C-8700,77.0,0.0,0.0,0.0,11,41.5,403.0,10,77.0,0.0,0.0,0.0,0.0,0.0,15
2023-05-11 13:51:02,p2401-C-8700,p2401-C-8700,77.0,0.0,0.0,0.0,11,41.5,402.5,1,77.0,0.0,0.0,0.0,0.0,0.0,15
2023-05-11 13:51:03,p2401-C-8700,p2401-C-8700,77.0,0.0,0.0,0.0,11,41.5,402.0,10,77.0,0.0,0.0,0.0,0.0,0.0,15
2023-05-11 13:51:12,p2401-C-8700,p2401-C-8700,77.0,0.0,0.0,0.0,11,41.5,401.5,1,77.0,0.0,0.0,0.0,0.0,0.0,15
2023-05-11 13:51:12,p2401-C-8700,p2401-C-8700,77.0,0.0,0.0,0.0,11,41.5,401.0,10,77.0,0.0,0.0,0.0,0.0,0.0,15
2023-05-11 13:51:19,p2401-C-8700,p2401-C-8700,77.0,0.0,0.0,0.0,11,41.5,400.5,1,77.0,0.0,0.0,0.0,0.0,0.0,15
2023-05-11 13:51:19,p2401-C-8700,p2401-C-8700,77.0,0.0,0.0,0.0,11,41.5,400.0,10,77.0,0.0,0.0,0.0,0.0,0.0,15
2023-05-11 13:51:25,p2401-C-8700,p2401-C-8700,77.0,0.0,0.0,0.0,11,41.5,399.5,1,77.0,0.0,0.0,0.0,0.0,0.0,15
2023-05-11 13:51:26,p2401-C-8700,p2401-C-8700,77.0,0.0,0.0,0.0,11,41.5,399.0,10,77.0,0.0,0.0,0.0,0.0,0.0,15
2023-05-11 13:51:37,p2401-C-8700,p2401-C-8700,77.0,0.0,0.0,0.0,11,41.5,393.5,1,77.0,0.0,0.0,0.0,0.0,0.0,15
2023-05-11 13:51:37,p2401-C-8700,p2401-C-8700,77.0,0.0,0.0,0.0,11,41.5,393.0,10,77.0,0.0,0.0,0.0,0.0,0.0,15
2023-05-11 13:51:43,p2401-C-8700,p2401-C-8700,77.0,0.0,0.0,0.0,11,41.5,392.5,1,77.0,0.0,0.0,0.0,0.0,0.0,15
2023-05-11 13:51:43,p2401-C-8700,p2401-C-8700,77.0,0.0,0.0,0.0,11,41.5,392.0,10,77.0,0.0,0.0,0.0,0.0,0.0,15
2023-05-11 13:51:47,p2401-C-8700,p2401-C-8700,77.0,0.0,0.0,0.0,11,41.5,391.5,1,77.0,0.0,0.0,0.0,0.0,0.0,15
2023-05-11 13:51:47,p2401-C-8700,p2401-C-8700,77.0,0.0,0.0,0.0,11,41.5,391.0,10,77.0,0.0,0.0,0.0,0.0,0.0,15
2023-05-11 13:51:53,p2401-C-8700,p2401-C-8700,77.0,0.0,0.0,0.0,11,41.5,385.5,1,77.0,0.0,0.0,0.0,0.0,0.0,15
2023-05-11 13:51:54,p2401-C-8700,p2401-C-8700,77.0,0.0,0.0,0.0,11,41.5,385.0,10,77.0,0.0,0.0,0.0,0.0,0.0,15
2023-05-11 13:51:57,p2401-C-8700,p2401-C-8700,77.0,0.0,0.0,0.0,11,41.5,384.5,1,77.0,0.0,0.0,0.0,0.0,0.0,15
2023-05-11 13:51:57,p2401-C-8700,p2401-C-8700,77.0,0.0,0.0,0.0,11,41.5,384.0,10,77.0,0.0,0.0,0.0,0.0,0.0,15
2023-05-11 13:52:01,p2401-C-8700,p2401-C-8700,77.0,0.0,0.0,0.0,11,41.5,378.5,1,77.0,0.0,0.0,0.0,0.0,0.0,15
2023-05-11 13:52:02,p2401-C-8700,p2401-C-8700,77.0,0.0,0.0,0.0,11,41.5,378.0,10,77.0,0.0,0.0,0.0,0.0,0.0,15
2023-05-11 13:52:06,p2401-C-8700,p2401-C-8700,77.0,0.0,0.0,0.0,11,41.5,372.5,1,77.0,0.0,0.0,0.0,0.0,0.0,15
2023-05-11 13:52:06,p2401-C-8700,p2401-C-8700,77.0,0.0,0.0,0.0,11,41.5,372.0,10,77.0,0.0,0.0,0.0,0.0,0.0,15
2023-05-11 13:52:10,p2401-C-8700,p2401-C-8700,77.0,0.0,0.0,0.0,11,41.5,371.5,1,77.0,0.0,0.0,0.0,0.0,0.0,15
2023-05-11 13:52:10,p2401-C-8700,p2401-C-8700,77.0,0.0,0.0,0.0,11,41.5,371.0,10,77.0,0.0,0.0,0.0,0.0,0.0,15
2023-05-11 13:52:13,p2401-C-8700,p2401-C-8700,77.0,0.0,0.0,0.0,11,41.5,370.5,1,77.0,0.0,0.0,0.0,0.0,0.0,15
2023-05-11 13:52:13,p2401-C-8700,p2401-C-8700,77.0,0.0,0.0,0.0,11,41.5,370.0,10,77.0,0.0,0.0,0.0,0.0,0.0,15
2023-05-11 13:52:18,p2401-C-8700,p2401-C-8700,77.0,0.0,0.0,0.0,11,41.5,369.5,1,77.0,0.0,0.0,0.0,0.0,0.0,15
2023-05-11 13:52:18,p2401-C-8700,p2401-C-8700,77.0,0.0,0.0,0.0,11,41.5,369.0,10,77.0,0.0,0.0,0.0,0.0,0.0,15
2023-05-11 13:52:22,p2401-C-8700,p2401-C-8700,77.0,0.0,0.0,0.0,11,41.5,368.5,1,77.0,0.0,0.0,0.0,0.0,0.0,15
2023-05-11 13:52:22,p2401-C-8700,p2401-C-8700,77.0,0.0,0.0,0.0,11,41.5,368.0,10,77.0,0.0,0.0,0.0,0.0,0.0,15
2023-05-11 13:52:27,p2401-C-8700,p2401-C-8700,77.0,0.0,0.0,0.0,11,41.5,367.5,1,77.0,0.0,0.0,0.0,0.0,0.0,15
2023-05-11 13:52:27,p2401-C-8700,p2401-C-8700,77.0,0.0,0.0,0.0,11,41.5,367.0,10,77.0,0.0,0.0,0.0,0.0,0.0,15
2023-05-11 13:52:34,p2401-C-8700,p2401-C-8700,77.0,0.0,0.0,0.0,11,41.5,361.5,1,77.0,0.0,0.0,0.0,0.0,0.0,15
2023-05-11 13:52:34,p2401-C-8700,p2401-C-8700,77.0,0.0,0.0,0.0,11,41.5,361.0,10,77.0,0.0,0.0,0.0,0.0,0.0,15
2023-05-11 13:52:39,p2401-C-8700,p2401-C-8700,77.0,0.0,0.0,0.0,11,41.5,360.5,1,77.0,0.0,0.0,0.0,0.0,0.0,15
2023-05-11 13:52:40,p2401-C-8700,p2401-C-8700,77.0,0.0,0.0,0.0,11,41.5,360.0,10,77.0,0.0,0.0,0.0,0.0,0.0,15
2023-05-11 13:52:42,p2401-C-8700,p2401-C-8700,77.0,0.0,0.0,0.0,11,41.5,359.5,1,77.0,0.0,0.0,0.0,0.0,0.0,15
2023-05-11 13:52:42,p2401-C-8700,p2401-C-8700,77.0,0.0,0.0,0.0,11,41.5,359.0,10,77.0,0.0,0.0,0.0,0.0,0.0,15
2023-05-11 13:52:46,p2401-C-8700,p2401-C-8700,77.0,0.0,0.0,0.0,11,41.5,358.5,1,77.0,0.0,0.0,0.0,0.0,0.0,15
2023-05-11 13:52:46,p2401-C-8700,p2401-C-8700,77.0,0.0,0.0,0.0,11,41.5,358.0,10,77.0,0.0,0.0,0.0,0.0,0.0,15
2023-05-11 14:31:34,p2401-C-8700,p2401-C-8700,77.0,0.0,0.0,0.0,1,41.5,358.0,10,77.0,0.0,0.0,0.0,0.0,0.0,15
2023-05-11 14:32:14,p2401-C-8700,p2401-C-8700,77.0,0.0,0.0,0.0,11,41.5,358.0,10,77.0,0.0,0.0,0.0,0.0,0.0,15
2023-05-11 14:32:48,p2401-C-8700,p2401-C-8700,77.0,0.0,0.0,0.0,1,41.5,358.0,10,77.0,0.0,0.0,0.0,0.0,0.0,15
2023-05-11 14:49:40,p2401-C-8700,p2401-C-8700,77.0,0.0,0.0,0.0,1,6.5,358.0,10,77.0,0.0,0.0,0.0,0.0,0.0,15
2023-05-11 14:49:41,p2401-C-8700,p2401-C-8700,77.0,0.0,0.0,0.0,1,13.0,358.0,10,77.0,0.0,0.0,0.0,0.0,0.0,15
2023-05-11 14:49:41,p2401-C-8700,p2401-C-8700,77.0,0.0,0.0,0.0,10,13.5,358.0,10,77.0,0.0,0.0,0.0,0.0,0.0,15
2023-05-11 14:49:42,p2401-C-8700,p2401-C-8700,77.0,0.0,0.0,0.0,1,20.0,358.0,10,77.0,0.0,0.0,0.0,0.0,0.0,15
2023-05-11 14:49:42,p2401-C-8700,p2401-C-8700,77.0,0.0,0.0,0.0,10,20.5,358.0,10,77.0,0.0,0.0,0.0,0.0,0.0,15
2023-05-11 14:49:43,p2401-C-8700,p2401-C-8700,77.0,0.0,0.0,0.0,1,27.0,358.0,10,77.0,0.0,0.0,0.0,0.0,0.0,15
2023-05-11 14:49:43,p2401-C-8700,p2401-C-8700,77.0,0.0,0.0,0.0,10,27.5,358.0,10,77.0,0.0,0.0,0.0,0.0,0.0,15
2023-05-11 14:49:44,p2401-C-8700,p2401-C-8700,77.0,0.0,0.0,0.0,1,28.0,358.0,10,77.0,0.0,0.0,0.0,0.0,0.0,15
2023-05-11 14:49:44,p2401-C-8700,p2401-C-8700,77.0,0.0,0.0,0.0,10,28.5,358.0,10,77.0,0.0,0.0,0.0,0.0,0.0,15
2023-05-11 14:49:45,p2401-C-8700,p2401-C-8700,77.0,0.0,0.0,0.0,1,29.0,358.0,10,77.0,0.0,0.0,0.0,0.0,0.0,15
2023-05-11 14:49:45,p2401-C-8700,p2401-C-8700,77.0,0.0,0.0,0.0,10,29.5,358.0,10,77.0,0.0,0.0,0.0,0.0,0.0,15
2023-05-11 14:49:46,p2401-C-8700,p2401-C-8700,77.0,0.0,0.0,0.0,1,30.0,358.0,10,77.0,0.0,0.0,0.0,0.0,0.0,15
2023-05-11 14:49:47,p2401-C-8700,p2401-C-8700,77.0,0.0,0.0,0.0,10,30.5,358.0,10,77.0,0.0,0.0,0.0,0.0,0.0,15
2023-05-11 14:49:47,p2401-C-8700,p2401-C-8700,77.0,0.0,0.0,0.0,1,31.0,358.0,10,77.0,0.0,0.0,0.0,0.0,0.0,15
2023-05-11 14:49:48,p2401-C-8700,p2401-C-8700,77.0,0.0,0.0,0.0,10,31.5,358.0,10,77.0,0.0,0.0,0.0,0.0,0.0,15
2023-05-11 14:49:48,p2401-C-8700,p2401-C-8700,77.0,0.0,0.0,0.0,1,32.0,358.0,10,77.0,0.0,0.0,0.0,0.0,0.0,15
2023-05-11 14:49:49,p2401-C-8700,p2401-C-8700,77.0,0.0,0.0,0.0,10,32.5,358.0,10,77.0,0.0,0.0,0.0,0.0,0.0,15
2023-05-11 14:49:49,p2401-C-8700,p2401-C-8700,77.0,0.0,0.0,0.0,1,33.0,358.0,10,77.0,0.0,0.0,0.0,0.0,0.0,15
2023-05-11 14:49:50,p2401-C-8700,p2401-C-8700,77.0,0.0,0.0,0.0,10,33.5,358.0,10,77.0,0.0,0.0,0.0,0.0,0.0,15
2023-05-11 14:49:59,p2401-C-8700,p2401-C-8700,77.0,0.0,0.0,0.0,1,34.0,358.0,10,77.0,0.0,0.0,0.0,0.0,0.0,15
2023-05-11 14:49:59,p2401-C-8700,p2401-C-8700,77.0,0.0,0.0,0.0,10,34.5,358.0,10,77.0,0.0,0.0,0.0,0.0,0.0,15
2023-05-11 14:52:40,p2401-C-8700,p2401-C-8700,77.0,0.0,0.0,0.0,1,35.0,358.0,10,77.0,0.0,0.0,0.0,0.0,0.0,15
2023-05-11 14:52:40,p2401-C-8700,p2401-C-8700,77.0,0.0,0.0,0.0,10,35.5,358.0,10,77.0,0.0,0.0,0.0,0.0,0.0,15
2023-05-11 14:56:38,p2401-C-8700,p2401-C-8700,77.0,0.0,0.0,0.0,1,6.5,0.0,0,77.0,0.0,0.0,0.0,0.0,0.0,15
2023-05-11 14:56:39,p2401-C-8700,p2401-C-8700,77.0,0.0,0.0,0.0,1,13.0,0.0,0,77.0,0.0,0.0,0.0,0.0,0.0,15
2023-05-11 14:59:05,p2401-C-8700,p2401-C-8700,77.0,0.0,0.0,0.0,10,13.5,0.0,0,77.0,0.0,0.0,0.0,0.0,0.0,15
2023-05-11 14:59:55,p2401-C-8700,p2401-C-8700,77.0,0.0,0.0,0.0,1,13.0,0.0,0,77.0,0.0,0.0,0.0,0.0,0.0,15
2023-05-11 15:01:10,p2401-C-8700,p2401-C-8700,77.0,0.0,0.0,0.0,1,13.0,0.0,0,77.0,0.0,0.0,0.0,0.0,0.0,15
