time,symbol_id,symbol_name,last,trade_volume,trade_amount,open_interest_change,bv1,bp1,ap1,av1,yesterday_close,today_open,today_high,today_low,volume,amount,open_interest
2023-05-10 20:56:52,p2401-P-6400,p2401-P-6400,232.5,0.0,0.0,0.0,1,1.5,0.0,0,232.5,0.0,0.0,0.0,0.0,0.0,5
2023-05-10 21:00:07,p2401-P-6400,p2401-P-6400,232.5,0.0,0.0,0.0,10,2.0,0.0,0,232.5,0.0,0.0,0.0,0.0,0.0,5
2023-05-10 21:00:48,p2401-P-6400,p2401-P-6400,232.5,0.0,0.0,0.0,1,41.5,0.0,0,232.5,0.0,0.0,0.0,0.0,0.0,5
2023-05-10 21:00:48,p2401-P-6400,p2401-P-6400,232.5,0.0,0.0,0.0,10,42.0,0.0,0,232.5,0.0,0.0,0.0,0.0,0.0,5
2023-05-10 21:01:09,p2401-P-6400,p2401-P-6400,232.5,0.0,0.0,0.0,1,43.5,0.0,0,232.5,0.0,0.0,0.0,0.0,0.0,5
2023-05-10 21:01:09,p2401-P-6400,p2401-P-6400,232.5,0.0,0.0,0.0,10,44.0,0.0,0,232.5,0.0,0.0,0.0,0.0,0.0,5
2023-05-10 21:01:57,p2401-P-6400,p2401-P-6400,232.5,0.0,0.0,0.0,10,45.0,0.0,0,232.5,0.0,0.0,0.0,0.0,0.0,5
2023-05-10 21:04:16,p2401-P-6400,p2401-P-6400,232.5,0.0,0.0,0.0,1,53.0,0.0,0,232.5,0.0,0.0,0.0,0.0,0.0,5
2023-05-10 21:04:16,p2401-P-6400,p2401-P-6400,232.5,0.0,0.0,0.0,10,53.5,0.0,0,232.5,0.0,0.0,0.0,0.0,0.0,5
2023-05-10 21:15:03,p2401-P-6400,p2401-P-6400,232.5,0.0,0.0,0.0,1,61.5,0.0,0,232.5,0.0,0.0,0.0,0.0,0.0,5
2023-05-10 21:15:03,p2401-P-6400,p2401-P-6400,232.5,0.0,0.0,0.0,10,62.0,0.0,0,232.5,0.0,0.0,0.0,0.0,0.0,5
2023-05-10 21:15:21,p2401-P-6400,p2401-P-6400,232.5,0.0,0.0,0.0,1,66.0,0.0,0,232.5,0.0,0.0,0.0,0.0,0.0,5
2023-05-10 21:15:21,p2401-P-6400,p2401-P-6400,232.5,0.0,0.0,0.0,10,66.5,0.0,0,232.5,0.0,0.0,0.0,0.0,0.0,5
2023-05-10 21:15:28,p2401-P-6400,p2401-P-6400,232.5,0.0,0.0,0.0,1,67.0,0.0,0,232.5,0.0,0.0,0.0,0.0,0.0,5
2023-05-10 21:15:28,p2401-P-6400,p2401-P-6400,232.5,0.0,0.0,0.0,10,67.5,0.0,0,232.5,0.0,0.0,0.0,0.0,0.0,5
2023-05-10 21:15:37,p2401-P-6400,p2401-P-6400,232.5,0.0,0.0,0.0,1,68.0,0.0,0,232.5,0.0,0.0,0.0,0.0,0.0,5
2023-05-10 21:15:37,p2401-P-6400,p2401-P-6400,232.5,0.0,0.0,0.0,10,68.5,0.0,0,232.5,0.0,0.0,0.0,0.0,0.0,5
2023-05-10 21:15:43,p2401-P-6400,p2401-P-6400,232.5,0.0,0.0,0.0,1,69.0,0.0,0,232.5,0.0,0.0,0.0,0.0,0.0,5
2023-05-10 21:15:43,p2401-P-6400,p2401-P-6400,232.5,0.0,0.0,0.0,10,69.5,0.0,0,232.5,0.0,0.0,0.0,0.0,0.0,5
2023-05-10 21:31:57,p2401-P-6400,p2401-P-6400,232.5,0.0,0.0,0.0,1,70.0,0.0,0,232.5,0.0,0.0,0.0,0.0,0.0,5
2023-05-10 21:31:57,p2401-P-6400,p2401-P-6400,232.5,0.0,0.0,0.0,11,70.5,0.0,0,232.5,0.0,0.0,0.0,0.0,0.0,5
2023-05-10 22:01:57,p2401-P-6400,p2401-P-6400,232.5,0.0,0.0,0.0,1,71.0,0.0,0,232.5,0.0,0.0,0.0,0.0,0.0,5
2023-05-10 22:01:57,p2401-P-6400,p2401-P-6400,232.5,0.0,0.0,0.0,11,71.5,0.0,0,232.5,0.0,0.0,0.0,0.0,0.0,5
2023-05-10 22:57:26,p2401-P-6400,p2401-P-6400,232.5,0.0,0.0,0.0,10,71.5,0.0,0,232.5,0.0,0.0,0.0,0.0,0.0,5
2023-05-10 22:57:33,p2401-P-6400,p2401-P-6400,232.5,0.0,0.0,0.0,1,71.0,0.0,0,232.5,0.0,0.0,0.0,0.0,0.0,5
2023-05-10 22:59:16,p2401-P-6400,p2401-P-6400,232.5,0.0,0.0,0.0,10,71.5,0.0,0,232.5,0.0,0.0,0.0,0.0,0.0,5
2023-05-10 22:59:56,p2401-P-6400,p2401-P-6400,232.5,0.0,0.0,0.0,1,71.0,0.0,0,232.5,0.0,0.0,0.0,0.0,0.0,5
2023-05-11 09:00:04,p2401-P-6400,p2401-P-6400,232.5,0.0,0.0,0.0,10,4.0,0.0,0,232.5,0.0,0.0,0.0,0.0,0.0,5
2023-05-11 09:00:45,p2401-P-6400,p2401-P-6400,232.5,0.0,0.0,0.0,1,34.5,0.0,0,232.5,0.0,0.0,0.0,0.0,0.0,5
2023-05-11 09:00:45,p2401-P-6400,p2401-P-6400,232.5,0.0,0.0,0.0,10,35.0,0.0,0,232.5,0.0,0.0,0.0,0.0,0.0,5
2023-05-11 09:00:53,p2401-P-6400,p2401-P-6400,232.5,0.0,0.0,0.0,1,35.5,0.0,0,232.5,0.0,0.0,0.0,0.0,0.0,5
2023-05-11 09:00:53,p2401-P-6400,p2401-P-6400,232.5,0.0,0.0,0.0,10,36.0,0.0,0,232.5,0.0,0.0,0.0,0.0,0.0,5
2023-05-11 09:01:15,p2401-P-6400,p2401-P-6400,232.5,0.0,0.0,0.0,1,36.5,0.0,0,232.5,0.0,0.0,0.0,0.0,0.0,5
2023-05-11 09:01:15,p2401-P-6400,p2401-P-6400,232.5,0.0,0.0,0.0,10,37.0,0.0,0,232.5,0.0,0.0,0.0,0.0,0.0,5
2023-05-11 09:02:30,p2401-P-6400,p2401-P-6400,232.5,0.0,0.0,0.0,1,45.0,0.0,0,232.5,0.0,0.0,0.0,0.0,0.0,5
2023-05-11 09:02:30,p2401-P-6400,p2401-P-6400,232.5,0.0,0.0,0.0,10,45.5,0.0,0,232.5,0.0,0.0,0.0,0.0,0.0,5
2023-05-11 09:02:33,p2401-P-6400,p2401-P-6400,232.5,0.0,0.0,0.0,1,53.5,0.0,0,232.5,0.0,0.0,0.0,0.0,0.0,5
2023-05-11 09:02:33,p2401-P-6400,p2401-P-6400,232.5,0.0,0.0,0.0,10,54.0,0.0,0,232.5,0.0,0.0,0.0,0.0,0.0,5
2023-05-11 09:02:35,p2401-P-6400,p2401-P-6400,232.5,0.0,0.0,0.0,1,62.0,0.0,0,232.5,0.0,0.0,0.0,0.0,0.0,5
2023-05-11 09:02:35,p2401-P-6400,p2401-P-6400,232.5,0.0,0.0,0.0,10,62.5,0.0,0,232.5,0.0,0.0,0.0,0.0,0.0,5
2023-05-11 09:02:38,p2401-P-6400,p2401-P-6400,232.5,0.0,0.0,0.0,1,66.5,0.0,0,232.5,0.0,0.0,0.0,0.0,0.0,5
2023-05-11 09:02:38,p2401-P-6400,p2401-P-6400,232.5,0.0,0.0,0.0,10,67.0,0.0,0,232.5,0.0,0.0,0.0,0.0,0.0,5
2023-05-11 09:02:41,p2401-P-6400,p2401-P-6400,232.5,0.0,0.0,0.0,1,67.5,0.0,0,232.5,0.0,0.0,0.0,0.0,0.0,5
2023-05-11 09:02:41,p2401-P-6400,p2401-P-6400,232.5,0.0,0.0,0.0,10,68.0,0.0,0,232.5,0.0,0.0,0.0,0.0,0.0,5
2023-05-11 09:02:44,p2401-P-6400,p2401-P-6400,232.5,0.0,0.0,0.0,1,68.5,0.0,0,232.5,0.0,0.0,0.0,0.0,0.0,5
2023-05-11 09:02:44,p2401-P-6400,p2401-P-6400,232.5,0.0,0.0,0.0,10,69.0,0.0,0,232.5,0.0,0.0,0.0,0.0,0.0,5
2023-05-11 09:02:46,p2401-P-6400,p2401-P-6400,232.5,0.0,0.0,0.0,1,69.5,0.0,0,232.5,0.0,0.0,0.0,0.0,0.0,5
2023-05-11 09:02:46,p2401-P-6400,p2401-P-6400,232.5,0.0,0.0,0.0,10,70.0,0.0,0,232.5,0.0,0.0,0.0,0.0,0.0,5
2023-05-11 09:02:48,p2401-P-6400,p2401-P-6400,232.5,0.0,0.0,0.0,1,70.5,0.0,0,232.5,0.0,0.0,0.0,0.0,0.0,5
2023-05-11 09:02:48,p2401-P-6400,p2401-P-6400,232.5,0.0,0.0,0.0,10,71.0,0.0,0,232.5,0.0,0.0,0.0,0.0,0.0,5
2023-05-11 09:02:50,p2401-P-6400,p2401-P-6400,232.5,0.0,0.0,0.0,1,71.5,0.0,0,232.5,0.0,0.0,0.0,0.0,0.0,5
2023-05-11 09:02:50,p2401-P-6400,p2401-P-6400,232.5,0.0,0.0,0.0,10,72.0,0.0,0,232.5,0.0,0.0,0.0,0.0,0.0,5
2023-05-11 09:02:52,p2401-P-6400,p2401-P-6400,232.5,0.0,0.0,0.0,1,72.5,0.0,0,232.5,0.0,0.0,0.0,0.0,0.0,5
2023-05-11 09:02:52,p2401-P-6400,p2401-P-6400,232.5,0.0,0.0,0.0,10,73.0,0.0,0,232.5,0.0,0.0,0.0,0.0,0.0,5
2023-05-11 09:02:55,p2401-P-6400,p2401-P-6400,232.5,0.0,0.0,0.0,1,73.5,0.0,0,232.5,0.0,0.0,0.0,0.0,0.0,5
2023-05-11 09:02:55,p2401-P-6400,p2401-P-6400,232.5,0.0,0.0,0.0,10,74.0,0.0,0,232.5,0.0,0.0,0.0,0.0,0.0,5
2023-05-11 09:02:57,p2401-P-6400,p2401-P-6400,232.5,0.0,0.0,0.0,10,75.0,0.0,0,232.5,0.0,0.0,0.0,0.0,0.0,5
2023-05-11 09:02:59,p2401-P-6400,p2401-P-6400,232.5,0.0,0.0,0.0,1,75.5,0.0,0,232.5,0.0,0.0,0.0,0.0,0.0,5
2023-05-11 09:02:59,p2401-P-6400,p2401-P-6400,232.5,0.0,0.0,0.0,10,76.0,0.0,0,232.5,0.0,0.0,0.0,0.0,0.0,5
2023-05-11 09:03:01,p2401-P-6400,p2401-P-6400,232.5,0.0,0.0,0.0,1,76.5,0.0,0,232.5,0.0,0.0,0.0,0.0,0.0,5
2023-05-11 09:03:01,p2401-P-6400,p2401-P-6400,232.5,0.0,0.0,0.0,10,77.0,0.0,0,232.5,0.0,0.0,0.0,0.0,0.0,5
2023-05-11 09:03:03,p2401-P-6400,p2401-P-6400,232.5,0.0,0.0,0.0,1,77.5,0.0,0,232.5,0.0,0.0,0.0,0.0,0.0,5
2023-05-11 09:03:03,p2401-P-6400,p2401-P-6400,232.5,0.0,0.0,0.0,10,78.0,0.0,0,232.5,0.0,0.0,0.0,0.0,0.0,5
2023-05-11 09:03:04,p2401-P-6400,p2401-P-6400,232.5,0.0,0.0,0.0,1,78.5,0.0,0,232.5,0.0,0.0,0.0,0.0,0.0,5
2023-05-11 09:03:04,p2401-P-6400,p2401-P-6400,232.5,0.0,0.0,0.0,10,79.0,0.0,0,232.5,0.0,0.0,0.0,0.0,0.0,5
2023-05-11 09:03:06,p2401-P-6400,p2401-P-6400,232.5,0.0,0.0,0.0,1,79.5,0.0,0,232.5,0.0,0.0,0.0,0.0,0.0,5
2023-05-11 09:03:06,p2401-P-6400,p2401-P-6400,232.5,0.0,0.0,0.0,10,80.0,0.0,0,232.5,0.0,0.0,0.0,0.0,0.0,5
2023-05-11 09:03:07,p2401-P-6400,p2401-P-6400,232.5,0.0,0.0,0.0,1,80.5,0.0,0,232.5,0.0,0.0,0.0,0.0,0.0,5
2023-05-11 09:03:07,p2401-P-6400,p2401-P-6400,232.5,0.0,0.0,0.0,10,81.0,0.0,0,232.5,0.0,0.0,0.0,0.0,0.0,5
2023-05-11 09:03:09,p2401-P-6400,p2401-P-6400,232.5,0.0,0.0,0.0,1,81.5,0.0,0,232.5,0.0,0.0,0.0,0.0,0.0,5
2023-05-11 09:03:09,p2401-P-6400,p2401-P-6400,232.5,0.0,0.0,0.0,10,82.0,0.0,0,232.5,0.0,0.0,0.0,0.0,0.0,5
2023-05-11 09:03:10,p2401-P-6400,p2401-P-6400,232.5,0.0,0.0,0.0,1,82.5,0.0,0,232.5,0.0,0.0,0.0,0.0,0.0,5
2023-05-11 09:03:10,p2401-P-6400,p2401-P-6400,232.5,0.0,0.0,0.0,10,83.0,0.0,0,232.5,0.0,0.0,0.0,0.0,0.0,5
2023-05-11 09:03:12,p2401-P-6400,p2401-P-6400,232.5,0.0,0.0,0.0,1,83.5,0.0,0,232.5,0.0,0.0,0.0,0.0,0.0,5
2023-05-11 09:03:12,p2401-P-6400,p2401-P-6400,232.5,0.0,0.0,0.0,10,84.0,0.0,0,232.5,0.0,0.0,0.0,0.0,0.0,5
2023-05-11 09:03:14,p2401-P-6400,p2401-P-6400,232.5,0.0,0.0,0.0,1,84.5,0.0,0,232.5,0.0,0.0,0.0,0.0,0.0,5
2023-05-11 09:03:14,p2401-P-6400,p2401-P-6400,232.5,0.0,0.0,0.0,10,85.0,0.0,0,232.5,0.0,0.0,0.0,0.0,0.0,5
2023-05-11 09:03:15,p2401-P-6400,p2401-P-6400,232.5,0.0,0.0,0.0,1,85.5,0.0,0,232.5,0.0,0.0,0.0,0.0,0.0,5
2023-05-11 09:03:15,p2401-P-6400,p2401-P-6400,232.5,0.0,0.0,0.0,10,86.0,0.0,0,232.5,0.0,0.0,0.0,0.0,0.0,5
2023-05-11 09:03:17,p2401-P-6400,p2401-P-6400,232.5,0.0,0.0,0.0,1,86.5,0.0,0,232.5,0.0,0.0,0.0,0.0,0.0,5
2023-05-11 09:03:17,p2401-P-6400,p2401-P-6400,232.5,0.0,0.0,0.0,10,87.0,0.0,0,232.5,0.0,0.0,0.0,0.0,0.0,5
2023-05-11 09:03:18,p2401-P-6400,p2401-P-6400,232.5,0.0,0.0,0.0,1,87.5,0.0,0,232.5,0.0,0.0,0.0,0.0,0.0,5
2023-05-11 09:03:18,p2401-P-6400,p2401-P-6400,232.5,0.0,0.0,0.0,10,88.0,0.0,0,232.5,0.0,0.0,0.0,0.0,0.0,5
2023-05-11 09:03:20,p2401-P-6400,p2401-P-6400,232.5,0.0,0.0,0.0,1,88.5,0.0,0,232.5,0.0,0.0,0.0,0.0,0.0,5
2023-05-11 09:03:20,p2401-P-6400,p2401-P-6400,232.5,0.0,0.0,0.0,10,89.0,0.0,0,232.5,0.0,0.0,0.0,0.0,0.0,5
2023-05-11 09:03:21,p2401-P-6400,p2401-P-6400,232.5,0.0,0.0,0.0,1,89.5,0.0,0,232.5,0.0,0.0,0.0,0.0,0.0,5
2023-05-11 09:03:21,p2401-P-6400,p2401-P-6400,232.5,0.0,0.0,0.0,10,90.0,0.0,0,232.5,0.0,0.0,0.0,0.0,0.0,5
2023-05-11 09:03:23,p2401-P-6400,p2401-P-6400,232.5,0.0,0.0,0.0,1,90.5,0.0,0,232.5,0.0,0.0,0.0,0.0,0.0,5
2023-05-11 09:03:23,p2401-P-6400,p2401-P-6400,232.5,0.0,0.0,0.0,10,91.0,0.0,0,232.5,0.0,0.0,0.0,0.0,0.0,5
2023-05-11 09:03:24,p2401-P-6400,p2401-P-6400,232.5,0.0,0.0,0.0,1,91.5,0.0,0,232.5,0.0,0.0,0.0,0.0,0.0,5
2023-05-11 09:03:24,p2401-P-6400,p2401-P-6400,232.5,0.0,0.0,0.0,10,92.0,0.0,0,232.5,0.0,0.0,0.0,0.0,0.0,5
2023-05-11 09:03:26,p2401-P-6400,p2401-P-6400,232.5,0.0,0.0,0.0,1,92.5,0.0,0,232.5,0.0,0.0,0.0,0.0,0.0,5
2023-05-11 09:03:26,p2401-P-6400,p2401-P-6400,232.5,0.0,0.0,0.0,10,93.0,0.0,0,232.5,0.0,0.0,0.0,0.0,0.0,5
2023-05-11 09:03:27,p2401-P-6400,p2401-P-6400,232.5,0.0,0.0,0.0,1,93.5,0.0,0,232.5,0.0,0.0,0.0,0.0,0.0,5
2023-05-11 09:03:27,p2401-P-6400,p2401-P-6400,232.5,0.0,0.0,0.0,10,94.0,0.0,0,232.5,0.0,0.0,0.0,0.0,0.0,5
2023-05-11 09:03:29,p2401-P-6400,p2401-P-6400,232.5,0.0,0.0,0.0,1,94.5,0.0,0,232.5,0.0,0.0,0.0,0.0,0.0,5
2023-05-11 09:03:29,p2401-P-6400,p2401-P-6400,232.5,0.0,0.0,0.0,10,95.0,0.0,0,232.5,0.0,0.0,0.0,0.0,0.0,5
2023-05-11 09:03:30,p2401-P-6400,p2401-P-6400,232.5,0.0,0.0,0.0,1,95.5,0.0,0,232.5,0.0,0.0,0.0,0.0,0.0,5
2023-05-11 09:03:30,p2401-P-6400,p2401-P-6400,232.5,0.0,0.0,0.0,10,96.0,0.0,0,232.5,0.0,0.0,0.0,0.0,0.0,5
2023-05-11 09:03:32,p2401-P-6400,p2401-P-6400,232.5,0.0,0.0,0.0,1,96.5,0.0,0,232.5,0.0,0.0,0.0,0.0,0.0,5
2023-05-11 09:03:32,p2401-P-6400,p2401-P-6400,232.5,0.0,0.0,0.0,10,97.0,0.0,0,232.5,0.0,0.0,0.0,0.0,0.0,5
2023-05-11 09:03:33,p2401-P-6400,p2401-P-6400,232.5,0.0,0.0,0.0,1,97.5,0.0,0,232.5,0.0,0.0,0.0,0.0,0.0,5
2023-05-11 09:03:33,p2401-P-6400,p2401-P-6400,232.5,0.0,0.0,0.0,10,98.0,0.0,0,232.5,0.0,0.0,0.0,0.0,0.0,5
2023-05-11 09:03:35,p2401-P-6400,p2401-P-6400,232.5,0.0,0.0,0.0,1,98.5,0.0,0,232.5,0.0,0.0,0.0,0.0,0.0,5
2023-05-11 09:03:35,p2401-P-6400,p2401-P-6400,232.5,0.0,0.0,0.0,10,99.0,0.0,0,232.5,0.0,0.0,0.0,0.0,0.0,5
2023-05-11 09:03:36,p2401-P-6400,p2401-P-6400,232.5,0.0,0.0,0.0,1,99.5,0.0,0,232.5,0.0,0.0,0.0,0.0,0.0,5
2023-05-11 09:03:36,p2401-P-6400,p2401-P-6400,232.5,0.0,0.0,0.0,10,100.0,0.0,0,232.5,0.0,0.0,0.0,0.0,0.0,5
2023-05-11 09:03:38,p2401-P-6400,p2401-P-6400,232.5,0.0,0.0,0.0,1,100.5,0.0,0,232.5,0.0,0.0,0.0,0.0,0.0,5
2023-05-11 09:03:38,p2401-P-6400,p2401-P-6400,232.5,0.0,0.0,0.0,10,101.0,0.0,0,232.5,0.0,0.0,0.0,0.0,0.0,5
2023-05-11 09:03:39,p2401-P-6400,p2401-P-6400,232.5,0.0,0.0,0.0,1,101.5,0.0,0,232.5,0.0,0.0,0.0,0.0,0.0,5
2023-05-11 09:03:39,p2401-P-6400,p2401-P-6400,232.5,0.0,0.0,0.0,10,102.0,0.0,0,232.5,0.0,0.0,0.0,0.0,0.0,5
2023-05-11 09:03:41,p2401-P-6400,p2401-P-6400,232.5,0.0,0.0,0.0,1,102.5,0.0,0,232.5,0.0,0.0,0.0,0.0,0.0,5
2023-05-11 09:03:41,p2401-P-6400,p2401-P-6400,232.5,0.0,0.0,0.0,10,103.0,0.0,0,232.5,0.0,0.0,0.0,0.0,0.0,5
2023-05-11 09:03:42,p2401-P-6400,p2401-P-6400,232.5,0.0,0.0,0.0,1,103.5,0.0,0,232.5,0.0,0.0,0.0,0.0,0.0,5
2023-05-11 09:03:42,p2401-P-6400,p2401-P-6400,232.5,0.0,0.0,0.0,10,104.0,0.0,0,232.5,0.0,0.0,0.0,0.0,0.0,5
2023-05-11 09:03:44,p2401-P-6400,p2401-P-6400,232.5,0.0,0.0,0.0,1,104.5,0.0,0,232.5,0.0,0.0,0.0,0.0,0.0,5
2023-05-11 09:03:44,p2401-P-6400,p2401-P-6400,232.5,0.0,0.0,0.0,10,105.0,0.0,0,232.5,0.0,0.0,0.0,0.0,0.0,5
2023-05-11 09:03:45,p2401-P-6400,p2401-P-6400,232.5,0.0,0.0,0.0,1,105.5,0.0,0,232.5,0.0,0.0,0.0,0.0,0.0,5
2023-05-11 09:03:45,p2401-P-6400,p2401-P-6400,232.5,0.0,0.0,0.0,10,106.0,0.0,0,232.5,0.0,0.0,0.0,0.0,0.0,5
2023-05-11 09:03:46,p2401-P-6400,p2401-P-6400,232.5,0.0,0.0,0.0,1,106.5,0.0,0,232.5,0.0,0.0,0.0,0.0,0.0,5
2023-05-11 09:03:46,p2401-P-6400,p2401-P-6400,232.5,0.0,0.0,0.0,10,107.0,0.0,0,232.5,0.0,0.0,0.0,0.0,0.0,5
2023-05-11 09:03:48,p2401-P-6400,p2401-P-6400,232.5,0.0,0.0,0.0,1,107.5,0.0,0,232.5,0.0,0.0,0.0,0.0,0.0,5
2023-05-11 09:03:48,p2401-P-6400,p2401-P-6400,232.5,0.0,0.0,0.0,10,108.0,0.0,0,232.5,0.0,0.0,0.0,0.0,0.0,5
2023-05-11 09:03:49,p2401-P-6400,p2401-P-6400,232.5,0.0,0.0,0.0,1,108.5,0.0,0,232.5,0.0,0.0,0.0,0.0,0.0,5
2023-05-11 09:03:49,p2401-P-6400,p2401-P-6400,232.5,0.0,0.0,0.0,10,109.0,0.0,0,232.5,0.0,0.0,0.0,0.0,0.0,5
2023-05-11 09:03:51,p2401-P-6400,p2401-P-6400,232.5,0.0,0.0,0.0,1,109.5,0.0,0,232.5,0.0,0.0,0.0,0.0,0.0,5
2023-05-11 09:03:51,p2401-P-6400,p2401-P-6400,232.5,0.0,0.0,0.0,10,110.0,0.0,0,232.5,0.0,0.0,0.0,0.0,0.0,5
2023-05-11 09:03:53,p2401-P-6400,p2401-P-6400,232.5,0.0,0.0,0.0,1,110.5,0.0,0,232.5,0.0,0.0,0.0,0.0,0.0,5
2023-05-11 09:03:53,p2401-P-6400,p2401-P-6400,232.5,0.0,0.0,0.0,10,111.0,0.0,0,232.5,0.0,0.0,0.0,0.0,0.0,5
2023-05-11 09:03:54,p2401-P-6400,p2401-P-6400,232.5,0.0,0.0,0.0,1,111.5,0.0,0,232.5,0.0,0.0,0.0,0.0,0.0,5
2023-05-11 09:03:54,p2401-P-6400,p2401-P-6400,232.5,0.0,0.0,0.0,10,112.0,0.0,0,232.5,0.0,0.0,0.0,0.0,0.0,5
2023-05-11 09:44:30,p2401-P-6400,p2401-P-6400,232.5,0.0,0.0,0.0,1,112.5,0.0,0,232.5,0.0,0.0,0.0,0.0,0.0,5
2023-05-11 09:44:30,p2401-P-6400,p2401-P-6400,232.5,0.0,0.0,0.0,10,113.0,0.0,0,232.5,0.0,0.0,0.0,0.0,0.0,5
2023-05-11 10:14:32,p2401-P-6400,p2401-P-6400,232.5,0.0,0.0,0.0,1,112.5,0.0,0,232.5,0.0,0.0,0.0,0.0,0.0,5
2023-05-11 10:30:07,p2401-P-6400,p2401-P-6400,232.5,0.0,0.0,0.0,10,113.0,0.0,0,232.5,0.0,0.0,0.0,0.0,0.0,5
2023-05-11 10:51:18,p2401-P-6400,p2401-P-6400,232.5,0.0,0.0,0.0,1,113.5,0.0,0,232.5,0.0,0.0,0.0,0.0,0.0,5
2023-05-11 10:51:18,p2401-P-6400,p2401-P-6400,232.5,0.0,0.0,0.0,10,114.0,0.0,0,232.5,0.0,0.0,0.0,0.0,0.0,5
2023-05-11 11:23:28,p2401-P-6400,p2401-P-6400,232.5,0.0,0.0,0.0,1,114.5,0.0,0,232.5,0.0,0.0,0.0,0.0,0.0,5
2023-05-11 11:23:28,p2401-P-6400,p2401-P-6400,232.5,0.0,0.0,0.0,10,115.0,0.0,0,232.5,0.0,0.0,0.0,0.0,0.0,5
2023-05-11 11:29:33,p2401-P-6400,p2401-P-6400,232.5,0.0,0.0,0.0,1,114.5,0.0,0,232.5,0.0,0.0,0.0,0.0,0.0,5
2023-05-11 11:29:35,p2401-P-6400,p2401-P-6400,232.5,0.0,0.0,0.0,1,34.5,0.0,0,232.5,0.0,0.0,0.0,0.0,0.0,5
2023-05-11 13:30:02,p2401-P-6400,p2401-P-6400,232.5,0.0,0.0,0.0,10,35.0,0.0,0,232.5,0.0,0.0,0.0,0.0,0.0,5
2023-05-11 13:31:20,p2401-P-6400,p2401-P-6400,232.5,0.0,0.0,0.0,1,35.5,0.0,0,232.5,0.0,0.0,0.0,0.0,0.0,5
2023-05-11 13:31:20,p2401-P-6400,p2401-P-6400,232.5,0.0,0.0,0.0,10,36.0,0.0,0,232.5,0.0,0.0,0.0,0.0,0.0,5
2023-05-11 13:31:38,p2401-P-6400,p2401-P-6400,232.5,0.0,0.0,0.0,1,44.0,0.0,0,232.5,0.0,0.0,0.0,0.0,0.0,5
2023-05-11 13:31:38,p2401-P-6400,p2401-P-6400,232.5,0.0,0.0,0.0,10,44.5,0.0,0,232.5,0.0,0.0,0.0,0.0,0.0,5
2023-05-11 13:36:15,p2401-P-6400,p2401-P-6400,232.5,0.0,0.0,0.0,1,52.5,0.0,0,232.5,0.0,0.0,0.0,0.0,0.0,5
2023-05-11 13:36:15,p2401-P-6400,p2401-P-6400,232.5,0.0,0.0,0.0,10,53.0,0.0,0,232.5,0.0,0.0,0.0,0.0,0.0,5
2023-05-11 13:37:55,p2401-P-6400,p2401-P-6400,232.5,0.0,0.0,0.0,1,61.0,0.0,0,232.5,0.0,0.0,0.0,0.0,0.0,5
2023-05-11 13:37:55,p2401-P-6400,p2401-P-6400,232.5,0.0,0.0,0.0,10,61.5,0.0,0,232.5,0.0,0.0,0.0,0.0,0.0,5
2023-05-11 13:38:01,p2401-P-6400,p2401-P-6400,232.5,0.0,0.0,0.0,1,65.5,0.0,0,232.5,0.0,0.0,0.0,0.0,0.0,5
2023-05-11 13:38:01,p2401-P-6400,p2401-P-6400,232.5,0.0,0.0,0.0,10,66.0,0.0,0,232.5,0.0,0.0,0.0,0.0,0.0,5
2023-05-11 13:38:04,p2401-P-6400,p2401-P-6400,232.5,0.0,0.0,0.0,1,66.5,0.0,0,232.5,0.0,0.0,0.0,0.0,0.0,5
2023-05-11 13:38:04,p2401-P-6400,p2401-P-6400,232.5,0.0,0.0,0.0,10,67.0,0.0,0,232.5,0.0,0.0,0.0,0.0,0.0,5
2023-05-11 13:38:06,p2401-P-6400,p2401-P-6400,232.5,0.0,0.0,0.0,10,68.0,0.0,0,232.5,0.0,0.0,0.0,0.0,0.0,5
2023-05-11 13:38:07,p2401-P-6400,p2401-P-6400,232.5,0.0,0.0,0.0,1,68.5,0.0,0,232.5,0.0,0.0,0.0,0.0,0.0,5
2023-05-11 13:38:07,p2401-P-6400,p2401-P-6400,232.5,0.0,0.0,0.0,10,69.0,0.0,0,232.5,0.0,0.0,0.0,0.0,0.0,5
2023-05-11 13:38:09,p2401-P-6400,p2401-P-6400,232.5,0.0,0.0,0.0,1,69.5,0.0,0,232.5,0.0,0.0,0.0,0.0,0.0,5
2023-05-11 13:38:09,p2401-P-6400,p2401-P-6400,232.5,0.0,0.0,0.0,10,70.0,0.0,0,232.5,0.0,0.0,0.0,0.0,0.0,5
2023-05-11 13:38:10,p2401-P-6400,p2401-P-6400,232.5,0.0,0.0,0.0,1,70.5,0.0,0,232.5,0.0,0.0,0.0,0.0,0.0,5
2023-05-11 13:38:10,p2401-P-6400,p2401-P-6400,232.5,0.0,0.0,0.0,10,71.0,0.0,0,232.5,0.0,0.0,0.0,0.0,0.0,5
2023-05-11 13:38:12,p2401-P-6400,p2401-P-6400,232.5,0.0,0.0,0.0,1,71.5,0.0,0,232.5,0.0,0.0,0.0,0.0,0.0,5
2023-05-11 13:38:13,p2401-P-6400,p2401-P-6400,232.5,0.0,0.0,0.0,10,72.0,0.0,0,232.5,0.0,0.0,0.0,0.0,0.0,5
2023-05-11 13:38:14,p2401-P-6400,p2401-P-6400,232.5,0.0,0.0,0.0,1,72.5,0.0,0,232.5,0.0,0.0,0.0,0.0,0.0,5
2023-05-11 13:38:14,p2401-P-6400,p2401-P-6400,232.5,0.0,0.0,0.0,10,73.0,0.0,0,232.5,0.0,0.0,0.0,0.0,0.0,5
2023-05-11 13:38:16,p2401-P-6400,p2401-P-6400,232.5,0.0,0.0,0.0,1,73.5,0.0,0,232.5,0.0,0.0,0.0,0.0,0.0,5
2023-05-11 13:38:16,p2401-P-6400,p2401-P-6400,232.5,0.0,0.0,0.0,10,74.0,0.0,0,232.5,0.0,0.0,0.0,0.0,0.0,5
2023-05-11 13:38:17,p2401-P-6400,p2401-P-6400,232.5,0.0,0.0,0.0,1,74.5,0.0,0,232.5,0.0,0.0,0.0,0.0,0.0,5
2023-05-11 13:38:17,p2401-P-6400,p2401-P-6400,232.5,0.0,0.0,0.0,10,75.0,0.0,0,232.5,0.0,0.0,0.0,0.0,0.0,5
2023-05-11 13:39:20,p2401-P-6400,p2401-P-6400,232.5,0.0,0.0,0.0,1,75.5,0.0,0,232.5,0.0,0.0,0.0,0.0,0.0,5
2023-05-11 13:39:20,p2401-P-6400,p2401-P-6400,232.5,0.0,0.0,0.0,10,76.0,0.0,0,232.5,0.0,0.0,0.0,0.0,0.0,5
2023-05-11 13:39:22,p2401-P-6400,p2401-P-6400,232.5,0.0,0.0,0.0,1,76.5,0.0,0,232.5,0.0,0.0,0.0,0.0,0.0,5
2023-05-11 13:39:22,p2401-P-6400,p2401-P-6400,232.5,0.0,0.0,0.0,10,77.0,0.0,0,232.5,0.0,0.0,0.0,0.0,0.0,5
2023-05-11 13:39:25,p2401-P-6400,p2401-P-6400,232.5,0.0,0.0,0.0,1,77.5,0.0,0,232.5,0.0,0.0,0.0,0.0,0.0,5
2023-05-11 13:39:25,p2401-P-6400,p2401-P-6400,232.5,0.0,0.0,0.0,10,78.0,0.0,0,232.5,0.0,0.0,0.0,0.0,0.0,5
2023-05-11 13:39:34,p2401-P-6400,p2401-P-6400,232.5,0.0,0.0,0.0,1,78.5,0.0,0,232.5,0.0,0.0,0.0,0.0,0.0,5
2023-05-11 13:39:35,p2401-P-6400,p2401-P-6400,232.5,0.0,0.0,0.0,10,79.0,0.0,0,232.5,0.0,0.0,0.0,0.0,0.0,5
2023-05-11 13:39:36,p2401-P-6400,p2401-P-6400,232.5,0.0,0.0,0.0,1,79.5,0.0,0,232.5,0.0,0.0,0.0,0.0,0.0,5
2023-05-11 13:39:36,p2401-P-6400,p2401-P-6400,232.5,0.0,0.0,0.0,10,80.0,0.0,0,232.5,0.0,0.0,0.0,0.0,0.0,5
2023-05-11 13:39:37,p2401-P-6400,p2401-P-6400,232.5,0.0,0.0,0.0,1,80.5,0.0,0,232.5,0.0,0.0,0.0,0.0,0.0,5
2023-05-11 13:39:38,p2401-P-6400,p2401-P-6400,232.5,0.0,0.0,0.0,10,81.0,0.0,0,232.5,0.0,0.0,0.0,0.0,0.0,5
2023-05-11 13:39:39,p2401-P-6400,p2401-P-6400,232.5,0.0,0.0,0.0,1,81.5,0.0,0,232.5,0.0,0.0,0.0,0.0,0.0,5
2023-05-11 13:39:39,p2401-P-6400,p2401-P-6400,232.5,0.0,0.0,0.0,10,82.0,0.0,0,232.5,0.0,0.0,0.0,0.0,0.0,5
2023-05-11 13:39:41,p2401-P-6400,p2401-P-6400,232.5,0.0,0.0,0.0,1,82.5,0.0,0,232.5,0.0,0.0,0.0,0.0,0.0,5
2023-05-11 13:39:41,p2401-P-6400,p2401-P-6400,232.5,0.0,0.0,0.0,10,83.0,0.0,0,232.5,0.0,0.0,0.0,0.0,0.0,5
2023-05-11 13:39:42,p2401-P-6400,p2401-P-6400,232.5,0.0,0.0,0.0,1,83.5,0.0,0,232.5,0.0,0.0,0.0,0.0,0.0,5
2023-05-11 13:39:42,p2401-P-6400,p2401-P-6400,232.5,0.0,0.0,0.0,10,84.0,0.0,0,232.5,0.0,0.0,0.0,0.0,0.0,5
2023-05-11 13:39:43,p2401-P-6400,p2401-P-6400,232.5,0.0,0.0,0.0,1,84.5,0.0,0,232.5,0.0,0.0,0.0,0.0,0.0,5
2023-05-11 13:39:43,p2401-P-6400,p2401-P-6400,232.5,0.0,0.0,0.0,10,85.0,0.0,0,232.5,0.0,0.0,0.0,0.0,0.0,5
2023-05-11 13:39:45,p2401-P-6400,p2401-P-6400,232.5,0.0,0.0,0.0,1,85.5,0.0,0,232.5,0.0,0.0,0.0,0.0,0.0,5
2023-05-11 13:39:45,p2401-P-6400,p2401-P-6400,232.5,0.0,0.0,0.0,10,86.0,0.0,0,232.5,0.0,0.0,0.0,0.0,0.0,5
2023-05-11 13:39:46,p2401-P-6400,p2401-P-6400,232.5,0.0,0.0,0.0,1,86.5,0.0,0,232.5,0.0,0.0,0.0,0.0,0.0,5
2023-05-11 13:39:46,p2401-P-6400,p2401-P-6400,232.5,0.0,0.0,0.0,10,87.0,0.0,0,232.5,0.0,0.0,0.0,0.0,0.0,5
2023-05-11 13:39:47,p2401-P-6400,p2401-P-6400,232.5,0.0,0.0,0.0,1,87.5,0.0,0,232.5,0.0,0.0,0.0,0.0,0.0,5
2023-05-11 13:39:47,p2401-P-6400,p2401-P-6400,232.5,0.0,0.0,0.0,10,88.0,0.0,0,232.5,0.0,0.0,0.0,0.0,0.0,5
2023-05-11 13:42:10,p2401-P-6400,p2401-P-6400,232.5,0.0,0.0,0.0,1,88.5,0.0,0,232.5,0.0,0.0,0.0,0.0,0.0,5
2023-05-11 13:42:10,p2401-P-6400,p2401-P-6400,232.5,0.0,0.0,0.0,10,89.0,0.0,0,232.5,0.0,0.0,0.0,0.0,0.0,5
2023-05-11 13:42:11,p2401-P-6400,p2401-P-6400,232.5,0.0,0.0,0.0,1,89.5,0.0,0,232.5,0.0,0.0,0.0,0.0,0.0,5
2023-05-11 13:42:12,p2401-P-6400,p2401-P-6400,232.5,0.0,0.0,0.0,10,90.0,0.0,0,232.5,0.0,0.0,0.0,0.0,0.0,5
2023-05-11 13:42:13,p2401-P-6400,p2401-P-6400,232.5,0.0,0.0,0.0,1,90.5,0.0,0,232.5,0.0,0.0,0.0,0.0,0.0,5
2023-05-11 13:42:13,p2401-P-6400,p2401-P-6400,232.5,0.0,0.0,0.0,10,91.0,0.0,0,232.5,0.0,0.0,0.0,0.0,0.0,5
2023-05-11 13:42:14,p2401-P-6400,p2401-P-6400,232.5,0.0,0.0,0.0,1,91.5,0.0,0,232.5,0.0,0.0,0.0,0.0,0.0,5
2023-05-11 13:42:14,p2401-P-6400,p2401-P-6400,232.5,0.0,0.0,0.0,10,92.0,0.0,0,232.5,0.0,0.0,0.0,0.0,0.0,5
2023-05-11 13:42:16,p2401-P-6400,p2401-P-6400,232.5,0.0,0.0,0.0,1,92.5,0.0,0,232.5,0.0,0.0,0.0,0.0,0.0,5
2023-05-11 13:42:16,p2401-P-6400,p2401-P-6400,232.5,0.0,0.0,0.0,10,93.0,0.0,0,232.5,0.0,0.0,0.0,0.0,0.0,5
2023-05-11 13:42:17,p2401-P-6400,p2401-P-6400,232.5,0.0,0.0,0.0,1,93.5,0.0,0,232.5,0.0,0.0,0.0,0.0,0.0,5
2023-05-11 13:42:17,p2401-P-6400,p2401-P-6400,232.5,0.0,0.0,0.0,10,94.0,0.0,0,232.5,0.0,0.0,0.0,0.0,0.0,5
2023-05-11 13:42:18,p2401-P-6400,p2401-P-6400,232.5,0.0,0.0,0.0,1,94.5,0.0,0,232.5,0.0,0.0,0.0,0.0,0.0,5
2023-05-11 13:42:18,p2401-P-6400,p2401-P-6400,232.5,0.0,0.0,0.0,10,95.0,0.0,0,232.5,0.0,0.0,0.0,0.0,0.0,5
2023-05-11 13:42:20,p2401-P-6400,p2401-P-6400,232.5,0.0,0.0,0.0,1,95.5,0.0,0,232.5,0.0,0.0,0.0,0.0,0.0,5
2023-05-11 13:42:20,p2401-P-6400,p2401-P-6400,232.5,0.0,0.0,0.0,10,96.0,0.0,0,232.5,0.0,0.0,0.0,0.0,0.0,5
2023-05-11 13:42:24,p2401-P-6400,p2401-P-6400,232.5,0.0,0.0,0.0,1,96.5,0.0,0,232.5,0.0,0.0,0.0,0.0,0.0,5
2023-05-11 13:42:24,p2401-P-6400,p2401-P-6400,232.5,0.0,0.0,0.0,10,97.0,0.0,0,232.5,0.0,0.0,0.0,0.0,0.0,5
2023-05-11 13:42:25,p2401-P-6400,p2401-P-6400,232.5,0.0,0.0,0.0,1,97.5,0.0,0,232.5,0.0,0.0,0.0,0.0,0.0,5
2023-05-11 13:42:25,p2401-P-6400,p2401-P-6400,232.5,0.0,0.0,0.0,10,98.0,0.0,0,232.5,0.0,0.0,0.0,0.0,0.0,5
2023-05-11 13:42:27,p2401-P-6400,p2401-P-6400,232.5,0.0,0.0,0.0,1,98.5,0.0,0,232.5,0.0,0.0,0.0,0.0,0.0,5
2023-05-11 13:42:27,p2401-P-6400,p2401-P-6400,232.5,0.0,0.0,0.0,10,99.0,0.0,0,232.5,0.0,0.0,0.0,0.0,0.0,5
2023-05-11 13:42:28,p2401-P-6400,p2401-P-6400,232.5,0.0,0.0,0.0,1,99.5,0.0,0,232.5,0.0,0.0,0.0,0.0,0.0,5
2023-05-11 13:42:28,p2401-P-6400,p2401-P-6400,232.5,0.0,0.0,0.0,10,100.0,0.0,0,232.5,0.0,0.0,0.0,0.0,0.0,5
2023-05-11 13:42:30,p2401-P-6400,p2401-P-6400,232.5,0.0,0.0,0.0,1,100.5,0.0,0,232.5,0.0,0.0,0.0,0.0,0.0,5
2023-05-11 13:42:30,p2401-P-6400,p2401-P-6400,232.5,0.0,0.0,0.0,10,101.0,0.0,0,232.5,0.0,0.0,0.0,0.0,0.0,5
2023-05-11 13:42:31,p2401-P-6400,p2401-P-6400,232.5,0.0,0.0,0.0,1,101.5,0.0,0,232.5,0.0,0.0,0.0,0.0,0.0,5
2023-05-11 13:42:31,p2401-P-6400,p2401-P-6400,232.5,0.0,0.0,0.0,10,102.0,0.0,0,232.5,0.0,0.0,0.0,0.0,0.0,5
2023-05-11 13:42:32,p2401-P-6400,p2401-P-6400,232.5,0.0,0.0,0.0,1,102.5,0.0,0,232.5,0.0,0.0,0.0,0.0,0.0,5
2023-05-11 13:42:32,p2401-P-6400,p2401-P-6400,232.5,0.0,0.0,0.0,10,103.0,0.0,0,232.5,0.0,0.0,0.0,0.0,0.0,5
2023-05-11 13:42:33,p2401-P-6400,p2401-P-6400,232.5,0.0,0.0,0.0,1,103.5,0.0,0,232.5,0.0,0.0,0.0,0.0,0.0,5
2023-05-11 13:42:33,p2401-P-6400,p2401-P-6400,232.5,0.0,0.0,0.0,10,104.0,0.0,0,232.5,0.0,0.0,0.0,0.0,0.0,5
2023-05-11 13:42:34,p2401-P-6400,p2401-P-6400,232.5,0.0,0.0,0.0,1,104.5,0.0,0,232.5,0.0,0.0,0.0,0.0,0.0,5
2023-05-11 13:42:34,p2401-P-6400,p2401-P-6400,232.5,0.0,0.0,0.0,10,105.0,0.0,0,232.5,0.0,0.0,0.0,0.0,0.0,5
2023-05-11 13:42:35,p2401-P-6400,p2401-P-6400,232.5,0.0,0.0,0.0,1,105.5,0.0,0,232.5,0.0,0.0,0.0,0.0,0.0,5
2023-05-11 13:42:35,p2401-P-6400,p2401-P-6400,232.5,0.0,0.0,0.0,10,106.0,0.0,0,232.5,0.0,0.0,0.0,0.0,0.0,5
2023-05-11 13:42:36,p2401-P-6400,p2401-P-6400,232.5,0.0,0.0,0.0,1,106.5,0.0,0,232.5,0.0,0.0,0.0,0.0,0.0,5
2023-05-11 13:42:37,p2401-P-6400,p2401-P-6400,232.5,0.0,0.0,0.0,10,107.0,0.0,0,232.5,0.0,0.0,0.0,0.0,0.0,5
2023-05-11 13:42:37,p2401-P-6400,p2401-P-6400,232.5,0.0,0.0,0.0,1,107.5,0.0,0,232.5,0.0,0.0,0.0,0.0,0.0,5
2023-05-11 13:42:38,p2401-P-6400,p2401-P-6400,232.5,0.0,0.0,0.0,10,108.0,0.0,0,232.5,0.0,0.0,0.0,0.0,0.0,5
2023-05-11 13:42:38,p2401-P-6400,p2401-P-6400,232.5,0.0,0.0,0.0,1,108.5,0.0,0,232.5,0.0,0.0,0.0,0.0,0.0,5
2023-05-11 13:42:39,p2401-P-6400,p2401-P-6400,232.5,0.0,0.0,0.0,10,109.0,0.0,0,232.5,0.0,0.0,0.0,0.0,0.0,5
2023-05-11 13:42:40,p2401-P-6400,p2401-P-6400,232.5,0.0,0.0,0.0,1,109.5,0.0,0,232.5,0.0,0.0,0.0,0.0,0.0,5
2023-05-11 13:42:40,p2401-P-6400,p2401-P-6400,232.5,0.0,0.0,0.0,10,110.0,0.0,0,232.5,0.0,0.0,0.0,0.0,0.0,5
2023-05-11 13:42:41,p2401-P-6400,p2401-P-6400,232.5,0.0,0.0,0.0,1,110.5,0.0,0,232.5,0.0,0.0,0.0,0.0,0.0,5
2023-05-11 13:42:42,p2401-P-6400,p2401-P-6400,232.5,0.0,0.0,0.0,10,111.0,0.0,0,232.5,0.0,0.0,0.0,0.0,0.0,5
2023-05-11 13:42:42,p2401-P-6400,p2401-P-6400,232.5,0.0,0.0,0.0,1,111.5,0.0,0,232.5,0.0,0.0,0.0,0.0,0.0,5
2023-05-11 13:42:43,p2401-P-6400,p2401-P-6400,232.5,0.0,0.0,0.0,10,112.0,0.0,0,232.5,0.0,0.0,0.0,0.0,0.0,5
2023-05-11 14:22:06,p2401-P-6400,p2401-P-6400,232.5,0.0,0.0,0.0,1,112.5,0.0,0,232.5,0.0,0.0,0.0,0.0,0.0,5
2023-05-11 14:22:06,p2401-P-6400,p2401-P-6400,232.5,0.0,0.0,0.0,10,113.0,0.0,0,232.5,0.0,0.0,0.0,0.0,0.0,5
2023-05-11 14:56:38,p2401-P-6400,p2401-P-6400,232.5,0.0,0.0,0.0,1,112.5,0.0,0,232.5,0.0,0.0,0.0,0.0,0.0,5
2023-05-11 14:59:05,p2401-P-6400,p2401-P-6400,232.5,0.0,0.0,0.0,10,113.0,0.0,0,232.5,0.0,0.0,0.0,0.0,0.0,5
2023-05-11 14:59:55,p2401-P-6400,p2401-P-6400,232.5,0.0,0.0,0.0,1,112.5,0.0,0,232.5,0.0,0.0,0.0,0.0,0.0,5
2023-05-11 15:01:10,p2401-P-6400,p2401-P-6400,232.5,0.0,0.0,0.0,1,112.5,0.0,0,232.5,0.0,0.0,0.0,0.0,0.0,5
