time,symbol_id,symbol_name,last,trade_volume,trade_amount,open_interest_change,bv1,bp1,ap1,av1,yesterday_close,today_open,today_high,today_low,volume,amount,open_interest
2023-05-10 21:00:31,p2404-C-7000,p2404-C-7000,620.0,0.0,0.0,0.0,1,246.0,0.0,0,620.0,0.0,0.0,0.0,0.0,0.0,0
2023-05-10 21:19:20,p2404-C-7000,p2404-C-7000,620.0,0.0,0.0,0.0,1,252.5,0.0,0,620.0,0.0,0.0,0.0,0.0,0.0,0
2023-05-10 21:19:45,p2404-C-7000,p2404-C-7000,620.0,0.0,0.0,0.0,1,246.0,0.0,0,620.0,0.0,0.0,0.0,0.0,0.0,0
2023-05-10 21:26:31,p2404-C-7000,p2404-C-7000,620.0,0.0,0.0,0.0,1,252.5,0.0,0,620.0,0.0,0.0,0.0,0.0,0.0,0
2023-05-10 21:27:01,p2404-C-7000,p2404-C-7000,620.0,0.0,0.0,0.0,1,246.0,0.0,0,620.0,0.0,0.0,0.0,0.0,0.0,0
2023-05-10 21:31:20,p2404-C-7000,p2404-C-7000,620.0,0.0,0.0,0.0,1,252.5,0.0,0,620.0,0.0,0.0,0.0,0.0,0.0,0
2023-05-10 21:31:32,p2404-C-7000,p2404-C-7000,620.0,0.0,0.0,0.0,1,246.0,0.0,0,620.0,0.0,0.0,0.0,0.0,0.0,0
2023-05-10 21:31:43,p2404-C-7000,p2404-C-7000,620.0,0.0,0.0,0.0,1,252.5,0.0,0,620.0,0.0,0.0,0.0,0.0,0.0,0
2023-05-10 21:31:55,p2404-C-7000,p2404-C-7000,620.0,0.0,0.0,0.0,1,246.0,0.0,0,620.0,0.0,0.0,0.0,0.0,0.0,0
2023-05-10 21:33:25,p2404-C-7000,p2404-C-7000,620.0,0.0,0.0,0.0,1,252.5,0.0,0,620.0,0.0,0.0,0.0,0.0,0.0,0
2023-05-10 21:33:37,p2404-C-7000,p2404-C-7000,620.0,0.0,0.0,0.0,1,246.0,0.0,0,620.0,0.0,0.0,0.0,0.0,0.0,0
2023-05-10 21:33:47,p2404-C-7000,p2404-C-7000,620.0,0.0,0.0,0.0,1,252.5,0.0,0,620.0,0.0,0.0,0.0,0.0,0.0,0
2023-05-10 21:33:59,p2404-C-7000,p2404-C-7000,620.0,0.0,0.0,0.0,1,246.0,0.0,0,620.0,0.0,0.0,0.0,0.0,0.0,0
2023-05-10 21:42:44,p2404-C-7000,p2404-C-7000,620.0,0.0,0.0,0.0,1,252.5,0.0,0,620.0,0.0,0.0,0.0,0.0,0.0,0
2023-05-10 21:42:56,p2404-C-7000,p2404-C-7000,620.0,0.0,0.0,0.0,1,246.0,0.0,0,620.0,0.0,0.0,0.0,0.0,0.0,0
2023-05-10 21:43:11,p2404-C-7000,p2404-C-7000,620.0,0.0,0.0,0.0,1,252.5,0.0,0,620.0,0.0,0.0,0.0,0.0,0.0,0
2023-05-10 21:43:23,p2404-C-7000,p2404-C-7000,620.0,0.0,0.0,0.0,1,246.0,0.0,0,620.0,0.0,0.0,0.0,0.0,0.0,0
2023-05-10 21:46:10,p2404-C-7000,p2404-C-7000,620.0,0.0,0.0,0.0,1,252.5,0.0,0,620.0,0.0,0.0,0.0,0.0,0.0,0
2023-05-10 21:46:22,p2404-C-7000,p2404-C-7000,620.0,0.0,0.0,0.0,1,246.0,0.0,0,620.0,0.0,0.0,0.0,0.0,0.0,0
2023-05-10 22:00:39,p2404-C-7000,p2404-C-7000,620.0,0.0,0.0,0.0,1,252.5,0.0,0,620.0,0.0,0.0,0.0,0.0,0.0,0
2023-05-10 22:00:51,p2404-C-7000,p2404-C-7000,620.0,0.0,0.0,0.0,1,246.0,0.0,0,620.0,0.0,0.0,0.0,0.0,0.0,0
2023-05-10 22:12:03,p2404-C-7000,p2404-C-7000,620.0,0.0,0.0,0.0,1,252.5,0.0,0,620.0,0.0,0.0,0.0,0.0,0.0,0
2023-05-10 22:12:31,p2404-C-7000,p2404-C-7000,620.0,0.0,0.0,0.0,1,246.0,0.0,0,620.0,0.0,0.0,0.0,0.0,0.0,0
2023-05-10 22:59:27,p2404-C-7000,p2404-C-7000,620.0,0.0,0.0,0.0,0,0.0,0.0,0,620.0,0.0,0.0,0.0,0.0,0.0,0
2023-05-11 09:00:26,p2404-C-7000,p2404-C-7000,620.0,0.0,0.0,0.0,1,219.0,0.0,0,620.0,0.0,0.0,0.0,0.0,0.0,0
2023-05-11 13:50:07,p2404-C-7000,p2404-C-7000,620.0,0.0,0.0,0.0,1,225.5,0.0,0,620.0,0.0,0.0,0.0,0.0,0.0,0
2023-05-11 13:50:30,p2404-C-7000,p2404-C-7000,620.0,0.0,0.0,0.0,1,219.0,0.0,0,620.0,0.0,0.0,0.0,0.0,0.0,0
2023-05-11 13:51:17,p2404-C-7000,p2404-C-7000,620.0,0.0,0.0,0.0,1,225.5,0.0,0,620.0,0.0,0.0,0.0,0.0,0.0,0
2023-05-11 13:51:36,p2404-C-7000,p2404-C-7000,620.0,0.0,0.0,0.0,1,219.0,0.0,0,620.0,0.0,0.0,0.0,0.0,0.0,0
2023-05-11 13:53:03,p2404-C-7000,p2404-C-7000,620.0,0.0,0.0,0.0,1,225.5,0.0,0,620.0,0.0,0.0,0.0,0.0,0.0,0
2023-05-11 13:53:27,p2404-C-7000,p2404-C-7000,620.0,0.0,0.0,0.0,1,219.0,0.0,0,620.0,0.0,0.0,0.0,0.0,0.0,0
2023-05-11 13:54:14,p2404-C-7000,p2404-C-7000,620.0,0.0,0.0,0.0,1,225.5,0.0,0,620.0,0.0,0.0,0.0,0.0,0.0,0
2023-05-11 13:54:34,p2404-C-7000,p2404-C-7000,620.0,0.0,0.0,0.0,1,219.0,0.0,0,620.0,0.0,0.0,0.0,0.0,0.0,0
2023-05-11 13:54:44,p2404-C-7000,p2404-C-7000,620.0,0.0,0.0,0.0,1,225.5,0.0,0,620.0,0.0,0.0,0.0,0.0,0.0,0
2023-05-11 13:55:08,p2404-C-7000,p2404-C-7000,620.0,0.0,0.0,0.0,1,219.0,0.0,0,620.0,0.0,0.0,0.0,0.0,0.0,0
2023-05-11 13:56:42,p2404-C-7000,p2404-C-7000,620.0,0.0,0.0,0.0,1,225.5,0.0,0,620.0,0.0,0.0,0.0,0.0,0.0,0
2023-05-11 13:57:09,p2404-C-7000,p2404-C-7000,620.0,0.0,0.0,0.0,1,219.0,0.0,0,620.0,0.0,0.0,0.0,0.0,0.0,0
2023-05-11 13:58:17,p2404-C-7000,p2404-C-7000,620.0,0.0,0.0,0.0,1,225.5,0.0,0,620.0,0.0,0.0,0.0,0.0,0.0,0
2023-05-11 13:58:41,p2404-C-7000,p2404-C-7000,620.0,0.0,0.0,0.0,1,219.0,0.0,0,620.0,0.0,0.0,0.0,0.0,0.0,0
2023-05-11 13:58:49,p2404-C-7000,p2404-C-7000,620.0,0.0,0.0,0.0,1,225.5,0.0,0,620.0,0.0,0.0,0.0,0.0,0.0,0
2023-05-11 13:59:08,p2404-C-7000,p2404-C-7000,620.0,0.0,0.0,0.0,1,219.0,0.0,0,620.0,0.0,0.0,0.0,0.0,0.0,0
2023-05-11 14:00:06,p2404-C-7000,p2404-C-7000,620.0,0.0,0.0,0.0,1,225.5,0.0,0,620.0,0.0,0.0,0.0,0.0,0.0,0
2023-05-11 14:00:33,p2404-C-7000,p2404-C-7000,620.0,0.0,0.0,0.0,1,219.0,0.0,0,620.0,0.0,0.0,0.0,0.0,0.0,0
2023-05-11 14:02:42,p2404-C-7000,p2404-C-7000,620.0,0.0,0.0,0.0,1,225.5,0.0,0,620.0,0.0,0.0,0.0,0.0,0.0,0
2023-05-11 14:03:00,p2404-C-7000,p2404-C-7000,620.0,0.0,0.0,0.0,1,219.0,0.0,0,620.0,0.0,0.0,0.0,0.0,0.0,0
2023-05-11 14:04:48,p2404-C-7000,p2404-C-7000,620.0,0.0,0.0,0.0,1,225.5,0.0,0,620.0,0.0,0.0,0.0,0.0,0.0,0
2023-05-11 14:05:00,p2404-C-7000,p2404-C-7000,620.0,0.0,0.0,0.0,1,219.0,0.0,0,620.0,0.0,0.0,0.0,0.0,0.0,0
2023-05-11 14:05:01,p2404-C-7000,p2404-C-7000,620.0,0.0,0.0,0.0,1,225.5,0.0,0,620.0,0.0,0.0,0.0,0.0,0.0,0
2023-05-11 14:05:13,p2404-C-7000,p2404-C-7000,620.0,0.0,0.0,0.0,1,219.0,0.0,0,620.0,0.0,0.0,0.0,0.0,0.0,0
2023-05-11 14:06:09,p2404-C-7000,p2404-C-7000,620.0,0.0,0.0,0.0,1,225.5,0.0,0,620.0,0.0,0.0,0.0,0.0,0.0,0
2023-05-11 14:06:33,p2404-C-7000,p2404-C-7000,620.0,0.0,0.0,0.0,1,219.0,0.0,0,620.0,0.0,0.0,0.0,0.0,0.0,0
2023-05-11 14:07:23,p2404-C-7000,p2404-C-7000,620.0,0.0,0.0,0.0,1,225.5,0.0,0,620.0,0.0,0.0,0.0,0.0,0.0,0
2023-05-11 14:07:42,p2404-C-7000,p2404-C-7000,620.0,0.0,0.0,0.0,1,219.0,0.0,0,620.0,0.0,0.0,0.0,0.0,0.0,0
2023-05-11 14:07:54,p2404-C-7000,p2404-C-7000,620.0,0.0,0.0,0.0,1,225.5,0.0,0,620.0,0.0,0.0,0.0,0.0,0.0,0
2023-05-11 14:08:15,p2404-C-7000,p2404-C-7000,620.0,0.0,0.0,0.0,1,219.0,0.0,0,620.0,0.0,0.0,0.0,0.0,0.0,0
2023-05-11 14:08:24,p2404-C-7000,p2404-C-7000,620.0,0.0,0.0,0.0,1,225.5,0.0,0,620.0,0.0,0.0,0.0,0.0,0.0,0
2023-05-11 14:08:43,p2404-C-7000,p2404-C-7000,620.0,0.0,0.0,0.0,1,219.0,0.0,0,620.0,0.0,0.0,0.0,0.0,0.0,0
2023-05-11 14:08:52,p2404-C-7000,p2404-C-7000,620.0,0.0,0.0,0.0,1,225.5,0.0,0,620.0,0.0,0.0,0.0,0.0,0.0,0
2023-05-11 14:09:04,p2404-C-7000,p2404-C-7000,620.0,0.0,0.0,0.0,1,219.0,0.0,0,620.0,0.0,0.0,0.0,0.0,0.0,0
2023-05-11 14:09:05,p2404-C-7000,p2404-C-7000,620.0,0.0,0.0,0.0,1,225.5,0.0,0,620.0,0.0,0.0,0.0,0.0,0.0,0
2023-05-11 14:09:19,p2404-C-7000,p2404-C-7000,620.0,0.0,0.0,0.0,1,219.0,0.0,0,620.0,0.0,0.0,0.0,0.0,0.0,0
2023-05-11 14:10:47,p2404-C-7000,p2404-C-7000,620.0,0.0,0.0,0.0,1,225.5,0.0,0,620.0,0.0,0.0,0.0,0.0,0.0,0
2023-05-11 14:11:10,p2404-C-7000,p2404-C-7000,620.0,0.0,0.0,0.0,1,219.0,0.0,0,620.0,0.0,0.0,0.0,0.0,0.0,0
2023-05-11 14:11:21,p2404-C-7000,p2404-C-7000,620.0,0.0,0.0,0.0,1,225.5,0.0,0,620.0,0.0,0.0,0.0,0.0,0.0,0
2023-05-11 14:11:41,p2404-C-7000,p2404-C-7000,620.0,0.0,0.0,0.0,1,219.0,0.0,0,620.0,0.0,0.0,0.0,0.0,0.0,0
2023-05-11 14:11:57,p2404-C-7000,p2404-C-7000,620.0,0.0,0.0,0.0,1,225.5,0.0,0,620.0,0.0,0.0,0.0,0.0,0.0,0
2023-05-11 14:12:22,p2404-C-7000,p2404-C-7000,620.0,0.0,0.0,0.0,1,219.0,0.0,0,620.0,0.0,0.0,0.0,0.0,0.0,0
2023-05-11 14:13:33,p2404-C-7000,p2404-C-7000,620.0,0.0,0.0,0.0,1,225.5,0.0,0,620.0,0.0,0.0,0.0,0.0,0.0,0
2023-05-11 14:14:00,p2404-C-7000,p2404-C-7000,620.0,0.0,0.0,0.0,1,219.0,0.0,0,620.0,0.0,0.0,0.0,0.0,0.0,0
2023-05-11 14:14:20,p2404-C-7000,p2404-C-7000,620.0,0.0,0.0,0.0,1,225.5,0.0,0,620.0,0.0,0.0,0.0,0.0,0.0,0
2023-05-11 14:14:47,p2404-C-7000,p2404-C-7000,620.0,0.0,0.0,0.0,1,219.0,0.0,0,620.0,0.0,0.0,0.0,0.0,0.0,0
2023-05-11 14:15:02,p2404-C-7000,p2404-C-7000,620.0,0.0,0.0,0.0,1,225.5,0.0,0,620.0,0.0,0.0,0.0,0.0,0.0,0
2023-05-11 14:15:25,p2404-C-7000,p2404-C-7000,620.0,0.0,0.0,0.0,1,219.0,0.0,0,620.0,0.0,0.0,0.0,0.0,0.0,0
2023-05-11 14:17:16,p2404-C-7000,p2404-C-7000,620.0,0.0,0.0,0.0,1,225.5,0.0,0,620.0,0.0,0.0,0.0,0.0,0.0,0
2023-05-11 14:17:28,p2404-C-7000,p2404-C-7000,620.0,0.0,0.0,0.0,1,219.0,0.0,0,620.0,0.0,0.0,0.0,0.0,0.0,0
2023-05-11 14:17:33,p2404-C-7000,p2404-C-7000,620.0,0.0,0.0,0.0,1,225.5,0.0,0,620.0,0.0,0.0,0.0,0.0,0.0,0
2023-05-11 14:17:44,p2404-C-7000,p2404-C-7000,620.0,0.0,0.0,0.0,1,219.0,0.0,0,620.0,0.0,0.0,0.0,0.0,0.0,0
2023-05-11 14:18:35,p2404-C-7000,p2404-C-7000,620.0,0.0,0.0,0.0,1,225.5,0.0,0,620.0,0.0,0.0,0.0,0.0,0.0,0
2023-05-11 14:18:46,p2404-C-7000,p2404-C-7000,620.0,0.0,0.0,0.0,1,219.0,0.0,0,620.0,0.0,0.0,0.0,0.0,0.0,0
2023-05-11 14:18:48,p2404-C-7000,p2404-C-7000,620.0,0.0,0.0,0.0,1,225.5,0.0,0,620.0,0.0,0.0,0.0,0.0,0.0,0
2023-05-11 14:18:58,p2404-C-7000,p2404-C-7000,620.0,0.0,0.0,0.0,1,219.0,0.0,0,620.0,0.0,0.0,0.0,0.0,0.0,0
2023-05-11 14:24:41,p2404-C-7000,p2404-C-7000,620.0,0.0,0.0,0.0,1,225.5,0.0,0,620.0,0.0,0.0,0.0,0.0,0.0,0
2023-05-11 14:25:05,p2404-C-7000,p2404-C-7000,620.0,0.0,0.0,0.0,1,219.0,0.0,0,620.0,0.0,0.0,0.0,0.0,0.0,0
2023-05-11 14:27:23,p2404-C-7000,p2404-C-7000,620.0,0.0,0.0,0.0,1,225.5,0.0,0,620.0,0.0,0.0,0.0,0.0,0.0,0
2023-05-11 14:27:43,p2404-C-7000,p2404-C-7000,620.0,0.0,0.0,0.0,1,219.0,0.0,0,620.0,0.0,0.0,0.0,0.0,0.0,0
2023-05-11 14:27:56,p2404-C-7000,p2404-C-7000,620.0,0.0,0.0,0.0,1,225.5,0.0,0,620.0,0.0,0.0,0.0,0.0,0.0,0
2023-05-11 14:28:19,p2404-C-7000,p2404-C-7000,620.0,0.0,0.0,0.0,1,219.0,0.0,0,620.0,0.0,0.0,0.0,0.0,0.0,0
2023-05-11 14:28:25,p2404-C-7000,p2404-C-7000,620.0,0.0,0.0,0.0,1,225.5,0.0,0,620.0,0.0,0.0,0.0,0.0,0.0,0
2023-05-11 14:28:55,p2404-C-7000,p2404-C-7000,620.0,0.0,0.0,0.0,1,219.0,0.0,0,620.0,0.0,0.0,0.0,0.0,0.0,0
2023-05-11 14:29:07,p2404-C-7000,p2404-C-7000,620.0,0.0,0.0,0.0,1,225.5,0.0,0,620.0,0.0,0.0,0.0,0.0,0.0,0
2023-05-11 14:29:34,p2404-C-7000,p2404-C-7000,620.0,0.0,0.0,0.0,1,219.0,0.0,0,620.0,0.0,0.0,0.0,0.0,0.0,0
2023-05-11 14:30:59,p2404-C-7000,p2404-C-7000,620.0,0.0,0.0,0.0,1,225.5,0.0,0,620.0,0.0,0.0,0.0,0.0,0.0,0
2023-05-11 14:31:26,p2404-C-7000,p2404-C-7000,620.0,0.0,0.0,0.0,1,219.0,0.0,0,620.0,0.0,0.0,0.0,0.0,0.0,0
2023-05-11 14:32:14,p2404-C-7000,p2404-C-7000,620.0,0.0,0.0,0.0,1,225.5,0.0,0,620.0,0.0,0.0,0.0,0.0,0.0,0
2023-05-11 14:32:35,p2404-C-7000,p2404-C-7000,620.0,0.0,0.0,0.0,1,219.0,0.0,0,620.0,0.0,0.0,0.0,0.0,0.0,0
2023-05-11 14:32:53,p2404-C-7000,p2404-C-7000,620.0,0.0,0.0,0.0,1,225.5,0.0,0,620.0,0.0,0.0,0.0,0.0,0.0,0
2023-05-11 14:33:20,p2404-C-7000,p2404-C-7000,620.0,0.0,0.0,0.0,1,219.0,0.0,0,620.0,0.0,0.0,0.0,0.0,0.0,0
2023-05-11 14:39:22,p2404-C-7000,p2404-C-7000,620.0,0.0,0.0,0.0,1,225.5,0.0,0,620.0,0.0,0.0,0.0,0.0,0.0,0
2023-05-11 14:39:33,p2404-C-7000,p2404-C-7000,620.0,0.0,0.0,0.0,1,219.0,0.0,0,620.0,0.0,0.0,0.0,0.0,0.0,0
2023-05-11 14:39:35,p2404-C-7000,p2404-C-7000,620.0,0.0,0.0,0.0,1,225.5,0.0,0,620.0,0.0,0.0,0.0,0.0,0.0,0
2023-05-11 14:39:47,p2404-C-7000,p2404-C-7000,620.0,0.0,0.0,0.0,1,219.0,0.0,0,620.0,0.0,0.0,0.0,0.0,0.0,0
2023-05-11 14:43:21,p2404-C-7000,p2404-C-7000,620.0,0.0,0.0,0.0,1,225.5,0.0,0,620.0,0.0,0.0,0.0,0.0,0.0,0
2023-05-11 14:43:49,p2404-C-7000,p2404-C-7000,620.0,0.0,0.0,0.0,1,219.0,0.0,0,620.0,0.0,0.0,0.0,0.0,0.0,0
2023-05-11 14:48:45,p2404-C-7000,p2404-C-7000,620.0,0.0,0.0,0.0,1,225.5,0.0,0,620.0,0.0,0.0,0.0,0.0,0.0,0
2023-05-11 14:49:13,p2404-C-7000,p2404-C-7000,620.0,0.0,0.0,0.0,1,219.0,0.0,0,620.0,0.0,0.0,0.0,0.0,0.0,0
2023-05-11 14:52:17,p2404-C-7000,p2404-C-7000,620.0,0.0,0.0,0.0,1,225.5,0.0,0,620.0,0.0,0.0,0.0,0.0,0.0,0
2023-05-11 14:52:45,p2404-C-7000,p2404-C-7000,620.0,0.0,0.0,0.0,1,219.0,0.0,0,620.0,0.0,0.0,0.0,0.0,0.0,0
2023-05-11 15:01:10,p2404-C-7000,p2404-C-7000,620.0,0.0,0.0,0.0,1,219.0,0.0,0,620.0,0.0,0.0,0.0,0.0,0.0,0
