time,symbol_id,symbol_name,last,trade_volume,trade_amount,open_interest_change,bv1,bp1,ap1,av1,yesterday_close,today_open,today_high,today_low,volume,amount,open_interest
2023-05-10 20:56:30,p2401-C-8400,p2401-C-8400,99.5,0.0,0.0,0.0,1,1.5,0.0,0,99.5,96.0,0.0,0.0,0.0,0.0,11
2023-05-10 21:00:07,p2401-C-8400,p2401-C-8400,99.5,0.0,0.0,0.0,10,2.0,0.0,0,99.5,96.0,0.0,0.0,0.0,0.0,11
2023-05-10 21:03:17,p2401-C-8400,p2401-C-8400,99.5,0.0,0.0,0.0,1,8.5,0.0,0,99.5,96.0,0.0,0.0,0.0,0.0,11
2023-05-10 21:03:17,p2401-C-8400,p2401-C-8400,99.5,0.0,0.0,0.0,10,9.0,0.0,0,99.5,96.0,0.0,0.0,0.0,0.0,11
2023-05-10 21:06:07,p2401-C-8400,p2401-C-8400,99.5,0.0,0.0,0.0,1,15.5,0.0,0,99.5,96.0,0.0,0.0,0.0,0.0,11
2023-05-10 21:06:07,p2401-C-8400,p2401-C-8400,99.5,0.0,0.0,0.0,10,16.0,0.0,0,99.5,96.0,0.0,0.0,0.0,0.0,11
2023-05-10 21:06:23,p2401-C-8400,p2401-C-8400,99.5,0.0,0.0,0.0,1,22.5,0.0,0,99.5,96.0,0.0,0.0,0.0,0.0,11
2023-05-10 21:06:23,p2401-C-8400,p2401-C-8400,99.5,0.0,0.0,0.0,10,23.0,0.0,0,99.5,96.0,0.0,0.0,0.0,0.0,11
2023-05-10 21:06:36,p2401-C-8400,p2401-C-8400,99.5,0.0,0.0,0.0,1,29.5,0.0,0,99.5,96.0,0.0,0.0,0.0,0.0,11
2023-05-10 21:06:36,p2401-C-8400,p2401-C-8400,99.5,0.0,0.0,0.0,10,30.0,0.0,0,99.5,96.0,0.0,0.0,0.0,0.0,11
2023-05-10 21:10:13,p2401-C-8400,p2401-C-8400,99.5,0.0,0.0,0.0,1,36.5,0.0,0,99.5,96.0,0.0,0.0,0.0,0.0,11
2023-05-10 21:10:13,p2401-C-8400,p2401-C-8400,99.5,0.0,0.0,0.0,10,37.0,0.0,0,99.5,96.0,0.0,0.0,0.0,0.0,11
2023-05-10 21:11:49,p2401-C-8400,p2401-C-8400,99.5,0.0,0.0,0.0,1,43.5,0.0,0,99.5,96.0,0.0,0.0,0.0,0.0,11
2023-05-10 21:11:49,p2401-C-8400,p2401-C-8400,99.5,0.0,0.0,0.0,10,44.0,0.0,0,99.5,96.0,0.0,0.0,0.0,0.0,11
2023-05-10 21:12:14,p2401-C-8400,p2401-C-8400,99.5,0.0,0.0,0.0,1,50.5,0.0,0,99.5,96.0,0.0,0.0,0.0,0.0,11
2023-05-10 21:12:14,p2401-C-8400,p2401-C-8400,99.5,0.0,0.0,0.0,10,51.0,0.0,0,99.5,96.0,0.0,0.0,0.0,0.0,11
2023-05-10 21:12:44,p2401-C-8400,p2401-C-8400,99.5,0.0,0.0,0.0,1,54.5,0.0,0,99.5,96.0,0.0,0.0,0.0,0.0,11
2023-05-10 21:12:44,p2401-C-8400,p2401-C-8400,99.5,0.0,0.0,0.0,10,55.0,0.0,0,99.5,96.0,0.0,0.0,0.0,0.0,11
2023-05-10 21:14:16,p2401-C-8400,p2401-C-8400,99.5,0.0,0.0,0.0,1,55.5,0.0,0,99.5,96.0,0.0,0.0,0.0,0.0,11
2023-05-10 21:14:16,p2401-C-8400,p2401-C-8400,99.5,0.0,0.0,0.0,10,56.0,0.0,0,99.5,96.0,0.0,0.0,0.0,0.0,11
2023-05-10 21:14:27,p2401-C-8400,p2401-C-8400,99.5,0.0,0.0,0.0,1,56.5,0.0,0,99.5,96.0,0.0,0.0,0.0,0.0,11
2023-05-10 21:14:27,p2401-C-8400,p2401-C-8400,99.5,0.0,0.0,0.0,10,57.0,0.0,0,99.5,96.0,0.0,0.0,0.0,0.0,11
2023-05-10 21:14:44,p2401-C-8400,p2401-C-8400,99.5,0.0,0.0,0.0,1,57.5,0.0,0,99.5,96.0,0.0,0.0,0.0,0.0,11
2023-05-10 21:14:44,p2401-C-8400,p2401-C-8400,99.5,0.0,0.0,0.0,10,58.0,0.0,0,99.5,96.0,0.0,0.0,0.0,0.0,11
2023-05-10 21:14:52,p2401-C-8400,p2401-C-8400,99.5,0.0,0.0,0.0,1,58.5,0.0,0,99.5,96.0,0.0,0.0,0.0,0.0,11
2023-05-10 21:14:52,p2401-C-8400,p2401-C-8400,99.5,0.0,0.0,0.0,10,59.0,0.0,0,99.5,96.0,0.0,0.0,0.0,0.0,11
2023-05-10 21:28:52,p2401-C-8400,p2401-C-8400,99.5,0.0,0.0,0.0,1,83.0,107.0,1,99.5,96.0,0.0,0.0,0.0,0.0,11
2023-05-10 21:28:53,p2401-C-8400,p2401-C-8400,99.5,0.0,0.0,0.0,2,83.0,107.0,2,99.5,96.0,0.0,0.0,0.0,0.0,11
2023-05-10 21:29:00,p2401-C-8400,p2401-C-8400,99.5,0.0,0.0,0.0,1,97.5,107.0,2,99.5,96.0,0.0,0.0,0.0,0.0,11
2023-05-10 21:29:04,p2401-C-8400,p2401-C-8400,99.5,0.0,0.0,0.0,1,97.5,107.0,1,99.5,96.0,0.0,0.0,0.0,0.0,11
2023-05-10 21:29:05,p2401-C-8400,p2401-C-8400,99.5,0.0,0.0,0.0,1,97.5,108.0,1,99.5,96.0,0.0,0.0,0.0,0.0,11
2023-05-10 21:29:11,p2401-C-8400,p2401-C-8400,99.5,0.0,0.0,0.0,2,91.0,108.0,1,99.5,96.0,0.0,0.0,0.0,0.0,11
2023-05-10 21:29:11,p2401-C-8400,p2401-C-8400,99.5,0.0,0.0,0.0,1,91.0,108.0,1,99.5,96.0,0.0,0.0,0.0,0.0,11
2023-05-10 21:29:12,p2401-C-8400,p2401-C-8400,99.5,0.0,0.0,0.0,1,91.0,113.5,1,99.5,96.0,0.0,0.0,0.0,0.0,11
2023-05-10 21:29:20,p2401-C-8400,p2401-C-8400,99.5,0.0,0.0,0.0,5,6.0,0.0,0,99.5,96.0,0.0,0.0,0.0,0.0,11
2023-05-10 21:29:20,p2401-C-8400,p2401-C-8400,99.5,0.0,0.0,0.0,1,12.5,0.0,0,99.5,96.0,0.0,0.0,0.0,0.0,11
2023-05-10 21:29:20,p2401-C-8400,p2401-C-8400,99.5,0.0,0.0,0.0,10,13.0,0.0,0,99.5,96.0,0.0,0.0,0.0,0.0,11
2023-05-10 21:29:21,p2401-C-8400,p2401-C-8400,99.5,0.0,0.0,0.0,1,19.5,0.0,0,99.5,96.0,0.0,0.0,0.0,0.0,11
2023-05-10 21:29:21,p2401-C-8400,p2401-C-8400,99.5,0.0,0.0,0.0,10,20.0,0.0,0,99.5,96.0,0.0,0.0,0.0,0.0,11
2023-05-10 21:29:23,p2401-C-8400,p2401-C-8400,99.5,0.0,0.0,0.0,1,26.5,0.0,0,99.5,96.0,0.0,0.0,0.0,0.0,11
2023-05-10 21:29:23,p2401-C-8400,p2401-C-8400,99.5,0.0,0.0,0.0,10,27.0,0.0,0,99.5,96.0,0.0,0.0,0.0,0.0,11
2023-05-10 21:29:24,p2401-C-8400,p2401-C-8400,99.5,0.0,0.0,0.0,1,33.5,0.0,0,99.5,96.0,0.0,0.0,0.0,0.0,11
2023-05-10 21:29:24,p2401-C-8400,p2401-C-8400,99.5,0.0,0.0,0.0,10,34.0,0.0,0,99.5,96.0,0.0,0.0,0.0,0.0,11
2023-05-10 21:29:25,p2401-C-8400,p2401-C-8400,99.5,0.0,0.0,0.0,1,40.5,0.0,0,99.5,96.0,0.0,0.0,0.0,0.0,11
2023-05-10 21:29:25,p2401-C-8400,p2401-C-8400,99.5,0.0,0.0,0.0,10,41.0,0.0,0,99.5,96.0,0.0,0.0,0.0,0.0,11
2023-05-10 21:29:26,p2401-C-8400,p2401-C-8400,99.5,0.0,0.0,0.0,1,47.5,0.0,0,99.5,96.0,0.0,0.0,0.0,0.0,11
2023-05-10 21:29:26,p2401-C-8400,p2401-C-8400,99.5,0.0,0.0,0.0,10,48.0,0.0,0,99.5,96.0,0.0,0.0,0.0,0.0,11
2023-05-10 21:29:27,p2401-C-8400,p2401-C-8400,99.5,0.0,0.0,0.0,1,54.5,0.0,0,99.5,96.0,0.0,0.0,0.0,0.0,11
2023-05-10 21:29:27,p2401-C-8400,p2401-C-8400,99.5,0.0,0.0,0.0,10,55.0,0.0,0,99.5,96.0,0.0,0.0,0.0,0.0,11
2023-05-10 21:29:29,p2401-C-8400,p2401-C-8400,99.5,0.0,0.0,0.0,1,61.5,0.0,0,99.5,96.0,0.0,0.0,0.0,0.0,11
2023-05-10 21:29:29,p2401-C-8400,p2401-C-8400,99.5,0.0,0.0,0.0,10,62.0,0.0,0,99.5,96.0,0.0,0.0,0.0,0.0,11
2023-05-10 21:29:30,p2401-C-8400,p2401-C-8400,99.5,0.0,0.0,0.0,1,68.5,0.0,0,99.5,96.0,0.0,0.0,0.0,0.0,11
2023-05-10 21:29:30,p2401-C-8400,p2401-C-8400,99.5,0.0,0.0,0.0,10,69.0,0.0,0,99.5,96.0,0.0,0.0,0.0,0.0,11
2023-05-10 21:29:32,p2401-C-8400,p2401-C-8400,99.5,0.0,0.0,0.0,1,72.5,0.0,0,99.5,96.0,0.0,0.0,0.0,0.0,11
2023-05-10 21:29:32,p2401-C-8400,p2401-C-8400,99.5,0.0,0.0,0.0,10,73.0,0.0,0,99.5,96.0,0.0,0.0,0.0,0.0,11
2023-05-10 21:40:02,p2401-C-8400,p2401-C-8400,99.5,0.0,0.0,0.0,1,80.5,104.5,1,99.5,96.0,0.0,0.0,0.0,0.0,11
2023-05-10 21:40:03,p2401-C-8400,p2401-C-8400,99.5,0.0,0.0,0.0,2,80.5,104.5,2,99.5,96.0,0.0,0.0,0.0,0.0,11
2023-05-10 21:40:09,p2401-C-8400,p2401-C-8400,99.5,0.0,0.0,0.0,3,80.5,104.5,3,99.5,96.0,0.0,0.0,0.0,0.0,11
2023-05-10 21:40:10,p2401-C-8400,p2401-C-8400,99.5,0.0,0.0,0.0,4,80.5,104.5,4,99.5,96.0,0.0,0.0,0.0,0.0,11
2023-05-10 21:40:10,p2401-C-8400,p2401-C-8400,99.5,0.0,0.0,0.0,1,96.0,104.5,4,99.5,96.0,0.0,0.0,0.0,0.0,11
2023-05-10 21:40:11,p2401-C-8400,p2401-C-8400,99.5,0.0,0.0,0.0,1,96.0,104.5,5,99.5,96.0,0.0,0.0,0.0,0.0,11
2023-05-10 21:40:14,p2401-C-8400,p2401-C-8400,99.5,0.0,0.0,0.0,1,96.0,104.5,4,99.5,96.0,0.0,0.0,0.0,0.0,11
2023-05-10 21:40:15,p2401-C-8400,p2401-C-8400,99.5,0.0,0.0,0.0,1,96.0,104.5,3,99.5,96.0,0.0,0.0,0.0,0.0,11
2023-05-10 21:40:18,p2401-C-8400,p2401-C-8400,99.5,0.0,0.0,0.0,1,96.0,97.0,1,99.5,96.0,0.0,0.0,0.0,0.0,11
2023-05-10 21:40:19,p2401-C-8400,p2401-C-8400,96.0,1.0,960.0,1.0,1,88.5,97.0,1,99.5,96.0,96.0,96.0,1.0,960.0,12
2023-05-10 21:40:22,p2401-C-8400,p2401-C-8400,96.0,0.0,0.0,0.0,1,88.5,104.5,1,99.5,96.0,96.0,96.0,1.0,960.0,12
2023-05-10 21:40:22,p2401-C-8400,p2401-C-8400,96.0,0.0,0.0,0.0,1,88.5,112.5,1,99.5,96.0,96.0,96.0,1.0,960.0,12
2023-05-10 21:40:27,p2401-C-8400,p2401-C-8400,96.0,0.0,0.0,0.0,10,6.5,0.0,0,99.5,96.0,96.0,96.0,1.0,960.0,12
2023-05-10 21:40:28,p2401-C-8400,p2401-C-8400,96.0,0.0,0.0,0.0,1,13.0,0.0,0,99.5,96.0,96.0,96.0,1.0,960.0,12
2023-05-10 21:40:28,p2401-C-8400,p2401-C-8400,96.0,0.0,0.0,0.0,11,13.5,0.0,0,99.5,96.0,96.0,96.0,1.0,960.0,12
2023-05-10 21:40:29,p2401-C-8400,p2401-C-8400,96.0,0.0,0.0,0.0,1,20.0,0.0,0,99.5,96.0,96.0,96.0,1.0,960.0,12
2023-05-10 21:40:30,p2401-C-8400,p2401-C-8400,96.0,0.0,0.0,0.0,11,20.5,0.0,0,99.5,96.0,96.0,96.0,1.0,960.0,12
2023-05-10 21:40:31,p2401-C-8400,p2401-C-8400,96.0,0.0,0.0,0.0,1,27.0,0.0,0,99.5,96.0,96.0,96.0,1.0,960.0,12
2023-05-10 21:40:31,p2401-C-8400,p2401-C-8400,96.0,0.0,0.0,0.0,11,27.5,0.0,0,99.5,96.0,96.0,96.0,1.0,960.0,12
2023-05-10 21:40:32,p2401-C-8400,p2401-C-8400,96.0,0.0,0.0,0.0,1,34.0,0.0,0,99.5,96.0,96.0,96.0,1.0,960.0,12
2023-05-10 21:40:33,p2401-C-8400,p2401-C-8400,96.0,0.0,0.0,0.0,11,34.5,0.0,0,99.5,96.0,96.0,96.0,1.0,960.0,12
2023-05-10 21:40:34,p2401-C-8400,p2401-C-8400,96.0,0.0,0.0,0.0,1,41.0,0.0,0,99.5,96.0,96.0,96.0,1.0,960.0,12
2023-05-10 21:40:34,p2401-C-8400,p2401-C-8400,96.0,0.0,0.0,0.0,11,41.5,0.0,0,99.5,96.0,96.0,96.0,1.0,960.0,12
2023-05-10 21:40:35,p2401-C-8400,p2401-C-8400,96.0,0.0,0.0,0.0,1,48.0,0.0,0,99.5,96.0,96.0,96.0,1.0,960.0,12
2023-05-10 21:40:35,p2401-C-8400,p2401-C-8400,96.0,0.0,0.0,0.0,10,48.5,0.0,0,99.5,96.0,96.0,96.0,1.0,960.0,12
2023-05-10 21:40:37,p2401-C-8400,p2401-C-8400,96.0,0.0,0.0,0.0,1,52.0,0.0,0,99.5,96.0,96.0,96.0,1.0,960.0,12
2023-05-10 21:40:37,p2401-C-8400,p2401-C-8400,96.0,0.0,0.0,0.0,10,52.5,0.0,0,99.5,96.0,96.0,96.0,1.0,960.0,12
2023-05-10 21:40:38,p2401-C-8400,p2401-C-8400,96.0,0.0,0.0,0.0,1,56.0,0.0,0,99.5,96.0,96.0,96.0,1.0,960.0,12
2023-05-10 21:40:38,p2401-C-8400,p2401-C-8400,96.0,0.0,0.0,0.0,10,56.5,0.0,0,99.5,96.0,96.0,96.0,1.0,960.0,12
2023-05-10 21:40:39,p2401-C-8400,p2401-C-8400,96.0,0.0,0.0,0.0,1,57.0,0.0,0,99.5,96.0,96.0,96.0,1.0,960.0,12
2023-05-10 21:40:39,p2401-C-8400,p2401-C-8400,96.0,0.0,0.0,0.0,10,57.5,0.0,0,99.5,96.0,96.0,96.0,1.0,960.0,12
2023-05-10 21:40:40,p2401-C-8400,p2401-C-8400,96.0,0.0,0.0,0.0,1,58.0,0.0,0,99.5,96.0,96.0,96.0,1.0,960.0,12
2023-05-10 21:40:40,p2401-C-8400,p2401-C-8400,96.0,0.0,0.0,0.0,10,58.5,0.0,0,99.5,96.0,96.0,96.0,1.0,960.0,12
2023-05-10 21:40:41,p2401-C-8400,p2401-C-8400,96.0,0.0,0.0,0.0,1,59.0,0.0,0,99.5,96.0,96.0,96.0,1.0,960.0,12
2023-05-10 21:40:41,p2401-C-8400,p2401-C-8400,96.0,0.0,0.0,0.0,10,59.5,0.0,0,99.5,96.0,96.0,96.0,1.0,960.0,12
2023-05-10 21:41:43,p2401-C-8400,p2401-C-8400,96.0,0.0,0.0,0.0,1,80.0,104.0,1,99.5,96.0,96.0,96.0,1.0,960.0,12
2023-05-10 21:41:44,p2401-C-8400,p2401-C-8400,96.0,0.0,0.0,0.0,2,80.0,104.0,2,99.5,96.0,96.0,96.0,1.0,960.0,12
2023-05-10 21:41:51,p2401-C-8400,p2401-C-8400,96.0,0.0,0.0,0.0,3,80.0,104.0,3,99.5,96.0,96.0,96.0,1.0,960.0,12
2023-05-10 21:41:51,p2401-C-8400,p2401-C-8400,96.0,0.0,0.0,0.0,1,95.5,104.0,3,99.5,96.0,96.0,96.0,1.0,960.0,12
2023-05-10 21:41:55,p2401-C-8400,p2401-C-8400,96.0,0.0,0.0,0.0,1,95.5,104.0,2,99.5,96.0,96.0,96.0,1.0,960.0,12
2023-05-10 21:41:56,p2401-C-8400,p2401-C-8400,95.5,1.0,955.0,1.0,1,88.0,104.0,1,99.5,96.0,96.0,95.5,2.0,1915.0,13
2023-05-10 21:42:02,p2401-C-8400,p2401-C-8400,95.5,0.0,0.0,0.0,1,88.0,104.5,1,99.5,96.0,96.0,95.5,2.0,1915.0,13
2023-05-10 21:42:03,p2401-C-8400,p2401-C-8400,95.5,0.0,0.0,0.0,1,88.0,112.0,1,99.5,96.0,96.0,95.5,2.0,1915.0,13
2023-05-10 21:42:08,p2401-C-8400,p2401-C-8400,95.5,0.0,0.0,0.0,10,42.0,0.0,0,99.5,96.0,96.0,95.5,2.0,1915.0,13
2023-05-10 21:42:08,p2401-C-8400,p2401-C-8400,95.5,0.0,0.0,0.0,1,48.5,0.0,0,99.5,96.0,96.0,95.5,2.0,1915.0,13
2023-05-10 21:42:08,p2401-C-8400,p2401-C-8400,95.5,0.0,0.0,0.0,10,49.0,0.0,0,99.5,96.0,96.0,95.5,2.0,1915.0,13
2023-05-10 21:42:09,p2401-C-8400,p2401-C-8400,95.5,0.0,0.0,0.0,1,52.5,0.0,0,99.5,96.0,96.0,95.5,2.0,1915.0,13
2023-05-10 21:42:09,p2401-C-8400,p2401-C-8400,95.5,0.0,0.0,0.0,10,53.0,0.0,0,99.5,96.0,96.0,95.5,2.0,1915.0,13
2023-05-10 21:42:10,p2401-C-8400,p2401-C-8400,95.5,0.0,0.0,0.0,1,53.5,0.0,0,99.5,96.0,96.0,95.5,2.0,1915.0,13
2023-05-10 21:42:10,p2401-C-8400,p2401-C-8400,95.5,0.0,0.0,0.0,10,54.0,0.0,0,99.5,96.0,96.0,95.5,2.0,1915.0,13
2023-05-10 21:42:11,p2401-C-8400,p2401-C-8400,95.5,0.0,0.0,0.0,1,54.5,0.0,0,99.5,96.0,96.0,95.5,2.0,1915.0,13
2023-05-10 21:42:11,p2401-C-8400,p2401-C-8400,95.5,0.0,0.0,0.0,10,55.0,0.0,0,99.5,96.0,96.0,95.5,2.0,1915.0,13
2023-05-10 21:42:13,p2401-C-8400,p2401-C-8400,95.5,0.0,0.0,0.0,1,55.5,0.0,0,99.5,96.0,96.0,95.5,2.0,1915.0,13
2023-05-10 21:42:13,p2401-C-8400,p2401-C-8400,95.5,0.0,0.0,0.0,10,56.0,0.0,0,99.5,96.0,96.0,95.5,2.0,1915.0,13
2023-05-10 21:42:14,p2401-C-8400,p2401-C-8400,95.5,0.0,0.0,0.0,1,56.5,0.0,0,99.5,96.0,96.0,95.5,2.0,1915.0,13
2023-05-10 21:42:14,p2401-C-8400,p2401-C-8400,95.5,0.0,0.0,0.0,10,57.0,0.0,0,99.5,96.0,96.0,95.5,2.0,1915.0,13
2023-05-10 21:42:15,p2401-C-8400,p2401-C-8400,95.5,0.0,0.0,0.0,1,57.5,0.0,0,99.5,96.0,96.0,95.5,2.0,1915.0,13
2023-05-10 21:42:15,p2401-C-8400,p2401-C-8400,95.5,0.0,0.0,0.0,10,58.0,0.0,0,99.5,96.0,96.0,95.5,2.0,1915.0,13
2023-05-10 21:42:16,p2401-C-8400,p2401-C-8400,95.5,0.0,0.0,0.0,1,58.5,0.0,0,99.5,96.0,96.0,95.5,2.0,1915.0,13
2023-05-10 21:42:16,p2401-C-8400,p2401-C-8400,95.5,0.0,0.0,0.0,10,59.0,0.0,0,99.5,96.0,96.0,95.5,2.0,1915.0,13
2023-05-10 22:57:33,p2401-C-8400,p2401-C-8400,95.5,0.0,0.0,0.0,1,42.5,0.0,0,99.5,96.0,96.0,95.5,2.0,1915.0,13
2023-05-10 22:57:44,p2401-C-8400,p2401-C-8400,95.5,0.0,0.0,0.0,1,3.5,0.0,0,99.5,96.0,96.0,95.5,2.0,1915.0,13
2023-05-10 22:59:16,p2401-C-8400,p2401-C-8400,95.5,0.0,0.0,0.0,10,4.0,0.0,0,99.5,96.0,96.0,95.5,2.0,1915.0,13
2023-05-10 22:59:56,p2401-C-8400,p2401-C-8400,95.5,0.0,0.0,0.0,1,3.5,0.0,0,99.5,96.0,96.0,95.5,2.0,1915.0,13
2023-05-11 09:00:05,p2401-C-8400,p2401-C-8400,95.5,0.0,0.0,0.0,10,4.0,0.0,0,99.5,96.0,96.0,95.5,2.0,1915.0,13
2023-05-11 09:01:12,p2401-C-8400,p2401-C-8400,95.5,0.0,0.0,0.0,1,10.5,0.0,0,99.5,96.0,96.0,95.5,2.0,1915.0,13
2023-05-11 09:01:12,p2401-C-8400,p2401-C-8400,95.5,0.0,0.0,0.0,10,11.0,0.0,0,99.5,96.0,96.0,95.5,2.0,1915.0,13
2023-05-11 09:01:40,p2401-C-8400,p2401-C-8400,95.5,0.0,0.0,0.0,1,17.5,0.0,0,99.5,96.0,96.0,95.5,2.0,1915.0,13
2023-05-11 09:01:40,p2401-C-8400,p2401-C-8400,95.5,0.0,0.0,0.0,10,18.0,0.0,0,99.5,96.0,96.0,95.5,2.0,1915.0,13
2023-05-11 09:01:47,p2401-C-8400,p2401-C-8400,95.5,0.0,0.0,0.0,1,24.5,0.0,0,99.5,96.0,96.0,95.5,2.0,1915.0,13
2023-05-11 09:01:47,p2401-C-8400,p2401-C-8400,95.5,0.0,0.0,0.0,10,25.0,0.0,0,99.5,96.0,96.0,95.5,2.0,1915.0,13
2023-05-11 09:01:53,p2401-C-8400,p2401-C-8400,95.5,0.0,0.0,0.0,1,31.5,0.0,0,99.5,96.0,96.0,95.5,2.0,1915.0,13
2023-05-11 09:01:53,p2401-C-8400,p2401-C-8400,95.5,0.0,0.0,0.0,10,32.0,0.0,0,99.5,96.0,96.0,95.5,2.0,1915.0,13
2023-05-11 09:01:58,p2401-C-8400,p2401-C-8400,95.5,0.0,0.0,0.0,1,38.5,0.0,0,99.5,96.0,96.0,95.5,2.0,1915.0,13
2023-05-11 09:01:58,p2401-C-8400,p2401-C-8400,95.5,0.0,0.0,0.0,10,39.0,0.0,0,99.5,96.0,96.0,95.5,2.0,1915.0,13
2023-05-11 09:02:03,p2401-C-8400,p2401-C-8400,95.5,0.0,0.0,0.0,1,45.5,0.0,0,99.5,96.0,96.0,95.5,2.0,1915.0,13
2023-05-11 09:02:03,p2401-C-8400,p2401-C-8400,95.5,0.0,0.0,0.0,10,46.0,0.0,0,99.5,96.0,96.0,95.5,2.0,1915.0,13
2023-05-11 09:02:07,p2401-C-8400,p2401-C-8400,95.5,0.0,0.0,0.0,1,52.5,0.0,0,99.5,96.0,96.0,95.5,2.0,1915.0,13
2023-05-11 09:02:07,p2401-C-8400,p2401-C-8400,95.5,0.0,0.0,0.0,10,53.0,0.0,0,99.5,96.0,96.0,95.5,2.0,1915.0,13
2023-05-11 09:02:11,p2401-C-8400,p2401-C-8400,95.5,0.0,0.0,0.0,1,53.5,0.0,0,99.5,96.0,96.0,95.5,2.0,1915.0,13
2023-05-11 09:02:12,p2401-C-8400,p2401-C-8400,95.5,0.0,0.0,0.0,10,54.0,0.0,0,99.5,96.0,96.0,95.5,2.0,1915.0,13
2023-05-11 09:02:15,p2401-C-8400,p2401-C-8400,95.5,0.0,0.0,0.0,1,54.5,0.0,0,99.5,96.0,96.0,95.5,2.0,1915.0,13
2023-05-11 09:02:15,p2401-C-8400,p2401-C-8400,95.5,0.0,0.0,0.0,10,55.0,0.0,0,99.5,96.0,96.0,95.5,2.0,1915.0,13
2023-05-11 09:02:20,p2401-C-8400,p2401-C-8400,95.5,0.0,0.0,0.0,1,55.5,0.0,0,99.5,96.0,96.0,95.5,2.0,1915.0,13
2023-05-11 09:02:20,p2401-C-8400,p2401-C-8400,95.5,0.0,0.0,0.0,10,56.0,0.0,0,99.5,96.0,96.0,95.5,2.0,1915.0,13
2023-05-11 09:02:22,p2401-C-8400,p2401-C-8400,95.5,0.0,0.0,0.0,1,56.5,0.0,0,99.5,96.0,96.0,95.5,2.0,1915.0,13
2023-05-11 09:02:22,p2401-C-8400,p2401-C-8400,95.5,0.0,0.0,0.0,10,57.0,0.0,0,99.5,96.0,96.0,95.5,2.0,1915.0,13
2023-05-11 09:02:24,p2401-C-8400,p2401-C-8400,95.5,0.0,0.0,0.0,1,57.5,0.0,0,99.5,96.0,96.0,95.5,2.0,1915.0,13
2023-05-11 09:02:24,p2401-C-8400,p2401-C-8400,95.5,0.0,0.0,0.0,10,58.0,0.0,0,99.5,96.0,96.0,95.5,2.0,1915.0,13
2023-05-11 09:02:26,p2401-C-8400,p2401-C-8400,95.5,0.0,0.0,0.0,1,58.5,0.0,0,99.5,96.0,96.0,95.5,2.0,1915.0,13
2023-05-11 09:02:26,p2401-C-8400,p2401-C-8400,95.5,0.0,0.0,0.0,10,59.0,0.0,0,99.5,96.0,96.0,95.5,2.0,1915.0,13
2023-05-11 09:13:03,p2401-C-8400,p2401-C-8400,95.5,0.0,0.0,0.0,1,77.5,101.5,1,99.5,96.0,96.0,95.5,2.0,1915.0,13
2023-05-11 09:13:10,p2401-C-8400,p2401-C-8400,95.5,0.0,0.0,0.0,1,77.5,99.0,1,99.5,96.0,96.0,95.5,2.0,1915.0,13
2023-05-11 09:13:11,p2401-C-8400,p2401-C-8400,95.5,0.0,0.0,0.0,1,91.5,99.0,1,99.5,96.0,96.0,95.5,2.0,1915.0,13
2023-05-11 09:13:21,p2401-C-8400,p2401-C-8400,95.5,0.0,0.0,0.0,1,91.5,99.5,2,99.5,96.0,96.0,95.5,2.0,1915.0,13
2023-05-11 09:13:21,p2401-C-8400,p2401-C-8400,95.5,0.0,0.0,0.0,1,91.5,99.5,1,99.5,96.0,96.0,95.5,2.0,1915.0,13
2023-05-11 09:13:22,p2401-C-8400,p2401-C-8400,95.5,0.0,0.0,0.0,1,83.5,99.5,1,99.5,96.0,96.0,95.5,2.0,1915.0,13
2023-05-11 09:13:23,p2401-C-8400,p2401-C-8400,95.5,0.0,0.0,0.0,1,83.5,107.5,1,99.5,96.0,96.0,95.5,2.0,1915.0,13
2023-05-11 09:13:28,p2401-C-8400,p2401-C-8400,95.5,0.0,0.0,0.0,10,6.5,0.0,0,99.5,96.0,96.0,95.5,2.0,1915.0,13
2023-05-11 09:13:28,p2401-C-8400,p2401-C-8400,95.5,0.0,0.0,0.0,1,13.0,0.0,0,99.5,96.0,96.0,95.5,2.0,1915.0,13
2023-05-11 09:13:28,p2401-C-8400,p2401-C-8400,95.5,0.0,0.0,0.0,10,13.5,0.0,0,99.5,96.0,96.0,95.5,2.0,1915.0,13
2023-05-11 09:13:29,p2401-C-8400,p2401-C-8400,95.5,0.0,0.0,0.0,1,20.0,0.0,0,99.5,96.0,96.0,95.5,2.0,1915.0,13
2023-05-11 09:13:29,p2401-C-8400,p2401-C-8400,95.5,0.0,0.0,0.0,10,20.5,0.0,0,99.5,96.0,96.0,95.5,2.0,1915.0,13
2023-05-11 09:13:30,p2401-C-8400,p2401-C-8400,95.5,0.0,0.0,0.0,1,27.0,0.0,0,99.5,96.0,96.0,95.5,2.0,1915.0,13
2023-05-11 09:13:30,p2401-C-8400,p2401-C-8400,95.5,0.0,0.0,0.0,10,27.5,0.0,0,99.5,96.0,96.0,95.5,2.0,1915.0,13
2023-05-11 09:13:32,p2401-C-8400,p2401-C-8400,95.5,0.0,0.0,0.0,1,34.0,0.0,0,99.5,96.0,96.0,95.5,2.0,1915.0,13
2023-05-11 09:13:32,p2401-C-8400,p2401-C-8400,95.5,0.0,0.0,0.0,10,34.5,0.0,0,99.5,96.0,96.0,95.5,2.0,1915.0,13
2023-05-11 09:13:33,p2401-C-8400,p2401-C-8400,95.5,0.0,0.0,0.0,1,41.0,0.0,0,99.5,96.0,96.0,95.5,2.0,1915.0,13
2023-05-11 09:13:33,p2401-C-8400,p2401-C-8400,95.5,0.0,0.0,0.0,10,41.5,0.0,0,99.5,96.0,96.0,95.5,2.0,1915.0,13
2023-05-11 09:13:34,p2401-C-8400,p2401-C-8400,95.5,0.0,0.0,0.0,1,48.0,0.0,0,99.5,96.0,96.0,95.5,2.0,1915.0,13
2023-05-11 09:13:34,p2401-C-8400,p2401-C-8400,95.5,0.0,0.0,0.0,10,48.5,0.0,0,99.5,96.0,96.0,95.5,2.0,1915.0,13
2023-05-11 09:13:35,p2401-C-8400,p2401-C-8400,95.5,0.0,0.0,0.0,1,52.0,0.0,0,99.5,96.0,96.0,95.5,2.0,1915.0,13
2023-05-11 09:13:35,p2401-C-8400,p2401-C-8400,95.5,0.0,0.0,0.0,10,52.5,0.0,0,99.5,96.0,96.0,95.5,2.0,1915.0,13
2023-05-11 09:13:36,p2401-C-8400,p2401-C-8400,95.5,0.0,0.0,0.0,1,56.0,0.0,0,99.5,96.0,96.0,95.5,2.0,1915.0,13
2023-05-11 09:13:36,p2401-C-8400,p2401-C-8400,95.5,0.0,0.0,0.0,10,56.5,0.0,0,99.5,96.0,96.0,95.5,2.0,1915.0,13
2023-05-11 09:13:37,p2401-C-8400,p2401-C-8400,95.5,0.0,0.0,0.0,1,57.0,0.0,0,99.5,96.0,96.0,95.5,2.0,1915.0,13
2023-05-11 09:13:37,p2401-C-8400,p2401-C-8400,95.5,0.0,0.0,0.0,10,57.5,0.0,0,99.5,96.0,96.0,95.5,2.0,1915.0,13
2023-05-11 09:13:38,p2401-C-8400,p2401-C-8400,95.5,0.0,0.0,0.0,1,58.0,0.0,0,99.5,96.0,96.0,95.5,2.0,1915.0,13
2023-05-11 09:13:38,p2401-C-8400,p2401-C-8400,95.5,0.0,0.0,0.0,10,58.5,0.0,0,99.5,96.0,96.0,95.5,2.0,1915.0,13
2023-05-11 09:13:39,p2401-C-8400,p2401-C-8400,95.5,0.0,0.0,0.0,1,59.0,0.0,0,99.5,96.0,96.0,95.5,2.0,1915.0,13
2023-05-11 09:13:39,p2401-C-8400,p2401-C-8400,95.5,0.0,0.0,0.0,10,59.5,0.0,0,99.5,96.0,96.0,95.5,2.0,1915.0,13
2023-05-11 09:56:01,p2401-C-8400,p2401-C-8400,95.5,0.0,0.0,0.0,1,73.0,97.0,1,99.5,96.0,96.0,95.5,2.0,1915.0,13
2023-05-11 09:56:02,p2401-C-8400,p2401-C-8400,95.5,0.0,0.0,0.0,2,73.0,97.0,2,99.5,96.0,96.0,95.5,2.0,1915.0,13
2023-05-11 09:56:08,p2401-C-8400,p2401-C-8400,95.5,0.0,0.0,0.0,1,80.5,91.5,1,99.5,96.0,96.0,95.5,2.0,1915.0,13
2023-05-11 09:56:09,p2401-C-8400,p2401-C-8400,95.5,0.0,0.0,0.0,1,82.5,91.5,1,99.5,96.0,96.0,95.5,2.0,1915.0,13
2023-05-11 09:56:19,p2401-C-8400,p2401-C-8400,95.5,0.0,0.0,0.0,1,82.5,97.5,1,99.5,96.0,96.0,95.5,2.0,1915.0,13
2023-05-11 09:56:20,p2401-C-8400,p2401-C-8400,95.5,0.0,0.0,0.0,1,78.5,99.0,1,99.5,96.0,96.0,95.5,2.0,1915.0,13
2023-05-11 09:56:22,p2401-C-8400,p2401-C-8400,95.5,0.0,0.0,0.0,1,75.0,99.0,1,99.5,96.0,96.0,95.5,2.0,1915.0,13
2023-05-11 09:56:26,p2401-C-8400,p2401-C-8400,95.5,0.0,0.0,0.0,1,8.0,0.0,0,99.5,96.0,96.0,95.5,2.0,1915.0,13
2023-05-11 09:56:27,p2401-C-8400,p2401-C-8400,95.5,0.0,0.0,0.0,1,14.5,0.0,0,99.5,96.0,96.0,95.5,2.0,1915.0,13
2023-05-11 09:56:27,p2401-C-8400,p2401-C-8400,95.5,0.0,0.0,0.0,10,15.0,0.0,0,99.5,96.0,96.0,95.5,2.0,1915.0,13
2023-05-11 09:56:28,p2401-C-8400,p2401-C-8400,95.5,0.0,0.0,0.0,1,21.5,0.0,0,99.5,96.0,96.0,95.5,2.0,1915.0,13
2023-05-11 09:56:28,p2401-C-8400,p2401-C-8400,95.5,0.0,0.0,0.0,10,22.0,0.0,0,99.5,96.0,96.0,95.5,2.0,1915.0,13
2023-05-11 09:56:29,p2401-C-8400,p2401-C-8400,95.5,0.0,0.0,0.0,1,28.5,0.0,0,99.5,96.0,96.0,95.5,2.0,1915.0,13
2023-05-11 09:56:29,p2401-C-8400,p2401-C-8400,95.5,0.0,0.0,0.0,10,29.0,0.0,0,99.5,96.0,96.0,95.5,2.0,1915.0,13
2023-05-11 09:56:31,p2401-C-8400,p2401-C-8400,95.5,0.0,0.0,0.0,1,35.5,0.0,0,99.5,96.0,96.0,95.5,2.0,1915.0,13
2023-05-11 09:56:31,p2401-C-8400,p2401-C-8400,95.5,0.0,0.0,0.0,10,36.0,0.0,0,99.5,96.0,96.0,95.5,2.0,1915.0,13
2023-05-11 09:56:32,p2401-C-8400,p2401-C-8400,95.5,0.0,0.0,0.0,1,42.5,0.0,0,99.5,96.0,96.0,95.5,2.0,1915.0,13
2023-05-11 09:56:32,p2401-C-8400,p2401-C-8400,95.5,0.0,0.0,0.0,10,43.0,0.0,0,99.5,96.0,96.0,95.5,2.0,1915.0,13
2023-05-11 09:56:34,p2401-C-8400,p2401-C-8400,95.5,0.0,0.0,0.0,1,49.5,0.0,0,99.5,96.0,96.0,95.5,2.0,1915.0,13
2023-05-11 09:56:34,p2401-C-8400,p2401-C-8400,95.5,0.0,0.0,0.0,10,50.0,0.0,0,99.5,96.0,96.0,95.5,2.0,1915.0,13
2023-05-11 09:56:35,p2401-C-8400,p2401-C-8400,95.5,0.0,0.0,0.0,1,53.5,0.0,0,99.5,96.0,96.0,95.5,2.0,1915.0,13
2023-05-11 09:56:35,p2401-C-8400,p2401-C-8400,95.5,0.0,0.0,0.0,10,54.0,0.0,0,99.5,96.0,96.0,95.5,2.0,1915.0,13
2023-05-11 09:56:36,p2401-C-8400,p2401-C-8400,95.5,0.0,0.0,0.0,1,54.5,0.0,0,99.5,96.0,96.0,95.5,2.0,1915.0,13
2023-05-11 09:56:36,p2401-C-8400,p2401-C-8400,95.5,0.0,0.0,0.0,10,55.0,0.0,0,99.5,96.0,96.0,95.5,2.0,1915.0,13
2023-05-11 09:56:37,p2401-C-8400,p2401-C-8400,95.5,0.0,0.0,0.0,1,55.5,0.0,0,99.5,96.0,96.0,95.5,2.0,1915.0,13
2023-05-11 09:56:37,p2401-C-8400,p2401-C-8400,95.5,0.0,0.0,0.0,10,56.0,0.0,0,99.5,96.0,96.0,95.5,2.0,1915.0,13
2023-05-11 09:56:38,p2401-C-8400,p2401-C-8400,95.5,0.0,0.0,0.0,1,56.5,0.0,0,99.5,96.0,96.0,95.5,2.0,1915.0,13
2023-05-11 09:56:38,p2401-C-8400,p2401-C-8400,95.5,0.0,0.0,0.0,10,57.0,0.0,0,99.5,96.0,96.0,95.5,2.0,1915.0,13
2023-05-11 09:56:39,p2401-C-8400,p2401-C-8400,95.5,0.0,0.0,0.0,1,57.5,0.0,0,99.5,96.0,96.0,95.5,2.0,1915.0,13
2023-05-11 09:56:39,p2401-C-8400,p2401-C-8400,95.5,0.0,0.0,0.0,10,58.0,0.0,0,99.5,96.0,96.0,95.5,2.0,1915.0,13
2023-05-11 09:56:40,p2401-C-8400,p2401-C-8400,95.5,0.0,0.0,0.0,1,58.5,0.0,0,99.5,96.0,96.0,95.5,2.0,1915.0,13
2023-05-11 09:56:40,p2401-C-8400,p2401-C-8400,95.5,0.0,0.0,0.0,10,59.0,0.0,0,99.5,96.0,96.0,95.5,2.0,1915.0,13
2023-05-11 09:58:23,p2401-C-8400,p2401-C-8400,95.5,0.0,0.0,0.0,1,59.5,0.0,0,99.5,96.0,96.0,95.5,2.0,1915.0,13
2023-05-11 09:58:24,p2401-C-8400,p2401-C-8400,95.5,0.0,0.0,0.0,10,60.0,0.0,0,99.5,96.0,96.0,95.5,2.0,1915.0,13
2023-05-11 09:58:25,p2401-C-8400,p2401-C-8400,95.5,0.0,0.0,0.0,1,60.5,0.0,0,99.5,96.0,96.0,95.5,2.0,1915.0,13
2023-05-11 09:58:25,p2401-C-8400,p2401-C-8400,95.5,0.0,0.0,0.0,10,61.0,0.0,0,99.5,96.0,96.0,95.5,2.0,1915.0,13
2023-05-11 09:58:26,p2401-C-8400,p2401-C-8400,95.5,0.0,0.0,0.0,1,61.5,0.0,0,99.5,96.0,96.0,95.5,2.0,1915.0,13
2023-05-11 09:58:26,p2401-C-8400,p2401-C-8400,95.5,0.0,0.0,0.0,10,62.0,0.0,0,99.5,96.0,96.0,95.5,2.0,1915.0,13
2023-05-11 09:58:27,p2401-C-8400,p2401-C-8400,95.5,0.0,0.0,0.0,1,62.5,0.0,0,99.5,96.0,96.0,95.5,2.0,1915.0,13
2023-05-11 09:58:27,p2401-C-8400,p2401-C-8400,95.5,0.0,0.0,0.0,11,62.5,0.0,0,99.5,96.0,96.0,95.5,2.0,1915.0,13
2023-05-11 09:58:31,p2401-C-8400,p2401-C-8400,95.5,0.0,0.0,0.0,1,62.5,0.0,0,99.5,96.0,96.0,95.5,2.0,1915.0,13
2023-05-11 09:58:53,p2401-C-8400,p2401-C-8400,95.5,0.0,0.0,0.0,1,8.0,0.0,0,99.5,96.0,96.0,95.5,2.0,1915.0,13
2023-05-11 09:58:54,p2401-C-8400,p2401-C-8400,95.5,0.0,0.0,0.0,1,14.5,0.0,0,99.5,96.0,96.0,95.5,2.0,1915.0,13
2023-05-11 09:58:54,p2401-C-8400,p2401-C-8400,95.5,0.0,0.0,0.0,10,15.0,0.0,0,99.5,96.0,96.0,95.5,2.0,1915.0,13
2023-05-11 09:58:55,p2401-C-8400,p2401-C-8400,95.5,0.0,0.0,0.0,1,21.5,0.0,0,99.5,96.0,96.0,95.5,2.0,1915.0,13
2023-05-11 09:58:55,p2401-C-8400,p2401-C-8400,95.5,0.0,0.0,0.0,10,22.0,0.0,0,99.5,96.0,96.0,95.5,2.0,1915.0,13
2023-05-11 09:58:56,p2401-C-8400,p2401-C-8400,95.5,0.0,0.0,0.0,1,28.5,0.0,0,99.5,96.0,96.0,95.5,2.0,1915.0,13
2023-05-11 09:58:56,p2401-C-8400,p2401-C-8400,95.5,0.0,0.0,0.0,10,29.0,0.0,0,99.5,96.0,96.0,95.5,2.0,1915.0,13
2023-05-11 09:58:57,p2401-C-8400,p2401-C-8400,95.5,0.0,0.0,0.0,1,35.5,0.0,0,99.5,96.0,96.0,95.5,2.0,1915.0,13
2023-05-11 09:58:57,p2401-C-8400,p2401-C-8400,95.5,0.0,0.0,0.0,10,36.0,0.0,0,99.5,96.0,96.0,95.5,2.0,1915.0,13
2023-05-11 09:58:58,p2401-C-8400,p2401-C-8400,95.5,0.0,0.0,0.0,1,42.5,0.0,0,99.5,96.0,96.0,95.5,2.0,1915.0,13
2023-05-11 09:58:58,p2401-C-8400,p2401-C-8400,95.5,0.0,0.0,0.0,10,43.0,0.0,0,99.5,96.0,96.0,95.5,2.0,1915.0,13
2023-05-11 09:58:59,p2401-C-8400,p2401-C-8400,95.5,0.0,0.0,0.0,1,49.5,0.0,0,99.5,96.0,96.0,95.5,2.0,1915.0,13
2023-05-11 09:58:59,p2401-C-8400,p2401-C-8400,95.5,0.0,0.0,0.0,10,50.0,0.0,0,99.5,96.0,96.0,95.5,2.0,1915.0,13
2023-05-11 09:59:00,p2401-C-8400,p2401-C-8400,95.5,0.0,0.0,0.0,1,53.5,0.0,0,99.5,96.0,96.0,95.5,2.0,1915.0,13
2023-05-11 09:59:00,p2401-C-8400,p2401-C-8400,95.5,0.0,0.0,0.0,10,54.0,0.0,0,99.5,96.0,96.0,95.5,2.0,1915.0,13
2023-05-11 09:59:02,p2401-C-8400,p2401-C-8400,95.5,0.0,0.0,0.0,1,54.5,0.0,0,99.5,96.0,96.0,95.5,2.0,1915.0,13
2023-05-11 09:59:02,p2401-C-8400,p2401-C-8400,95.5,0.0,0.0,0.0,10,55.0,0.0,0,99.5,96.0,96.0,95.5,2.0,1915.0,13
2023-05-11 09:59:03,p2401-C-8400,p2401-C-8400,95.5,0.0,0.0,0.0,1,55.5,0.0,0,99.5,96.0,96.0,95.5,2.0,1915.0,13
2023-05-11 09:59:03,p2401-C-8400,p2401-C-8400,95.5,0.0,0.0,0.0,10,56.0,0.0,0,99.5,96.0,96.0,95.5,2.0,1915.0,13
2023-05-11 09:59:04,p2401-C-8400,p2401-C-8400,95.5,0.0,0.0,0.0,1,56.5,0.0,0,99.5,96.0,96.0,95.5,2.0,1915.0,13
2023-05-11 09:59:04,p2401-C-8400,p2401-C-8400,95.5,0.0,0.0,0.0,10,57.0,0.0,0,99.5,96.0,96.0,95.5,2.0,1915.0,13
2023-05-11 09:59:05,p2401-C-8400,p2401-C-8400,95.5,0.0,0.0,0.0,1,57.5,0.0,0,99.5,96.0,96.0,95.5,2.0,1915.0,13
2023-05-11 09:59:05,p2401-C-8400,p2401-C-8400,95.5,0.0,0.0,0.0,10,58.0,0.0,0,99.5,96.0,96.0,95.5,2.0,1915.0,13
2023-05-11 09:59:06,p2401-C-8400,p2401-C-8400,95.5,0.0,0.0,0.0,1,58.5,0.0,0,99.5,96.0,96.0,95.5,2.0,1915.0,13
2023-05-11 09:59:06,p2401-C-8400,p2401-C-8400,95.5,0.0,0.0,0.0,10,59.0,0.0,0,99.5,96.0,96.0,95.5,2.0,1915.0,13
2023-05-11 10:08:47,p2401-C-8400,p2401-C-8400,95.5,0.0,0.0,0.0,1,71.0,95.0,1,99.5,96.0,96.0,95.5,2.0,1915.0,13
2023-05-11 10:08:48,p2401-C-8400,p2401-C-8400,95.5,0.0,0.0,0.0,2,71.0,95.0,2,99.5,96.0,96.0,95.5,2.0,1915.0,13
2023-05-11 10:08:53,p2401-C-8400,p2401-C-8400,95.5,0.0,0.0,0.0,3,71.0,95.0,3,99.5,96.0,96.0,95.5,2.0,1915.0,13
2023-05-11 10:08:54,p2401-C-8400,p2401-C-8400,95.5,0.0,0.0,0.0,4,71.0,95.0,4,99.5,96.0,96.0,95.5,2.0,1915.0,13
2023-05-11 10:08:55,p2401-C-8400,p2401-C-8400,95.5,0.0,0.0,0.0,1,80.5,95.0,4,99.5,96.0,96.0,95.5,2.0,1915.0,13
2023-05-11 10:08:56,p2401-C-8400,p2401-C-8400,95.5,0.0,0.0,0.0,1,80.5,95.0,5,99.5,96.0,96.0,95.5,2.0,1915.0,13
2023-05-11 10:08:59,p2401-C-8400,p2401-C-8400,95.5,0.0,0.0,0.0,1,80.5,95.0,4,99.5,96.0,96.0,95.5,2.0,1915.0,13
2023-05-11 10:09:00,p2401-C-8400,p2401-C-8400,95.5,0.0,0.0,0.0,1,80.5,95.0,3,99.5,96.0,96.0,95.5,2.0,1915.0,13
2023-05-11 10:09:03,p2401-C-8400,p2401-C-8400,95.5,0.0,0.0,0.0,1,80.5,81.5,1,99.5,96.0,96.0,95.5,2.0,1915.0,13
2023-05-11 10:09:04,p2401-C-8400,p2401-C-8400,80.5,1.0,805.0,1.0,1,76.5,81.5,1,99.5,96.0,96.0,80.5,3.0,2720.0,14
2023-05-11 10:09:09,p2401-C-8400,p2401-C-8400,80.5,0.0,0.0,0.0,1,76.5,87.5,1,99.5,96.0,96.0,80.5,3.0,2720.0,14
2023-05-11 10:09:14,p2401-C-8400,p2401-C-8400,80.5,0.0,0.0,0.0,10,8.5,0.0,0,99.5,96.0,96.0,80.5,3.0,2720.0,14
2023-05-11 10:09:14,p2401-C-8400,p2401-C-8400,80.5,0.0,0.0,0.0,1,15.0,0.0,0,99.5,96.0,96.0,80.5,3.0,2720.0,14
2023-05-11 10:09:15,p2401-C-8400,p2401-C-8400,80.5,0.0,0.0,0.0,11,15.5,0.0,0,99.5,96.0,96.0,80.5,3.0,2720.0,14
2023-05-11 10:09:16,p2401-C-8400,p2401-C-8400,80.5,0.0,0.0,0.0,1,22.0,0.0,0,99.5,96.0,96.0,80.5,3.0,2720.0,14
2023-05-11 10:09:16,p2401-C-8400,p2401-C-8400,80.5,0.0,0.0,0.0,10,22.5,0.0,0,99.5,96.0,96.0,80.5,3.0,2720.0,14
2023-05-11 10:09:17,p2401-C-8400,p2401-C-8400,80.5,0.0,0.0,0.0,1,29.0,0.0,0,99.5,96.0,96.0,80.5,3.0,2720.0,14
2023-05-11 10:09:17,p2401-C-8400,p2401-C-8400,80.5,0.0,0.0,0.0,10,29.5,0.0,0,99.5,96.0,96.0,80.5,3.0,2720.0,14
2023-05-11 10:09:18,p2401-C-8400,p2401-C-8400,80.5,0.0,0.0,0.0,1,36.0,0.0,0,99.5,96.0,96.0,80.5,3.0,2720.0,14
2023-05-11 10:09:18,p2401-C-8400,p2401-C-8400,80.5,0.0,0.0,0.0,10,36.5,0.0,0,99.5,96.0,96.0,80.5,3.0,2720.0,14
2023-05-11 10:09:19,p2401-C-8400,p2401-C-8400,80.5,0.0,0.0,0.0,1,43.0,0.0,0,99.5,96.0,96.0,80.5,3.0,2720.0,14
2023-05-11 10:09:19,p2401-C-8400,p2401-C-8400,80.5,0.0,0.0,0.0,10,43.5,0.0,0,99.5,96.0,96.0,80.5,3.0,2720.0,14
2023-05-11 10:09:20,p2401-C-8400,p2401-C-8400,80.5,0.0,0.0,0.0,1,50.0,0.0,0,99.5,96.0,96.0,80.5,3.0,2720.0,14
2023-05-11 10:09:20,p2401-C-8400,p2401-C-8400,80.5,0.0,0.0,0.0,10,50.5,0.0,0,99.5,96.0,96.0,80.5,3.0,2720.0,14
2023-05-11 10:09:21,p2401-C-8400,p2401-C-8400,80.5,0.0,0.0,0.0,1,54.0,0.0,0,99.5,96.0,96.0,80.5,3.0,2720.0,14
2023-05-11 10:09:21,p2401-C-8400,p2401-C-8400,80.5,0.0,0.0,0.0,10,54.5,0.0,0,99.5,96.0,96.0,80.5,3.0,2720.0,14
2023-05-11 10:09:22,p2401-C-8400,p2401-C-8400,80.5,0.0,0.0,0.0,1,55.0,0.0,0,99.5,96.0,96.0,80.5,3.0,2720.0,14
2023-05-11 10:09:22,p2401-C-8400,p2401-C-8400,80.5,0.0,0.0,0.0,10,55.5,0.0,0,99.5,96.0,96.0,80.5,3.0,2720.0,14
2023-05-11 10:09:23,p2401-C-8400,p2401-C-8400,80.5,0.0,0.0,0.0,1,56.0,0.0,0,99.5,96.0,96.0,80.5,3.0,2720.0,14
2023-05-11 10:09:23,p2401-C-8400,p2401-C-8400,80.5,0.0,0.0,0.0,10,56.5,0.0,0,99.5,96.0,96.0,80.5,3.0,2720.0,14
2023-05-11 10:09:24,p2401-C-8400,p2401-C-8400,80.5,0.0,0.0,0.0,1,57.0,0.0,0,99.5,96.0,96.0,80.5,3.0,2720.0,14
2023-05-11 10:09:24,p2401-C-8400,p2401-C-8400,80.5,0.0,0.0,0.0,10,57.5,0.0,0,99.5,96.0,96.0,80.5,3.0,2720.0,14
2023-05-11 10:09:25,p2401-C-8400,p2401-C-8400,80.5,0.0,0.0,0.0,1,58.0,0.0,0,99.5,96.0,96.0,80.5,3.0,2720.0,14
2023-05-11 10:09:25,p2401-C-8400,p2401-C-8400,80.5,0.0,0.0,0.0,10,58.5,0.0,0,99.5,96.0,96.0,80.5,3.0,2720.0,14
2023-05-11 10:14:32,p2401-C-8400,p2401-C-8400,80.5,0.0,0.0,0.0,1,8.0,0.0,0,99.5,96.0,96.0,80.5,3.0,2720.0,14
2023-05-11 10:30:07,p2401-C-8400,p2401-C-8400,80.5,0.0,0.0,0.0,10,8.5,0.0,0,99.5,96.0,96.0,80.5,3.0,2720.0,14
2023-05-11 10:30:46,p2401-C-8400,p2401-C-8400,80.5,0.0,0.0,0.0,1,15.0,0.0,0,99.5,96.0,96.0,80.5,3.0,2720.0,14
2023-05-11 10:30:46,p2401-C-8400,p2401-C-8400,80.5,0.0,0.0,0.0,10,15.5,0.0,0,99.5,96.0,96.0,80.5,3.0,2720.0,14
2023-05-11 10:32:57,p2401-C-8400,p2401-C-8400,80.5,0.0,0.0,0.0,1,22.0,0.0,0,99.5,96.0,96.0,80.5,3.0,2720.0,14
2023-05-11 10:32:57,p2401-C-8400,p2401-C-8400,80.5,0.0,0.0,0.0,10,22.5,0.0,0,99.5,96.0,96.0,80.5,3.0,2720.0,14
2023-05-11 10:33:36,p2401-C-8400,p2401-C-8400,80.5,0.0,0.0,0.0,1,29.0,0.0,0,99.5,96.0,96.0,80.5,3.0,2720.0,14
2023-05-11 10:33:36,p2401-C-8400,p2401-C-8400,80.5,0.0,0.0,0.0,10,29.5,0.0,0,99.5,96.0,96.0,80.5,3.0,2720.0,14
2023-05-11 10:33:52,p2401-C-8400,p2401-C-8400,80.5,0.0,0.0,0.0,1,36.0,0.0,0,99.5,96.0,96.0,80.5,3.0,2720.0,14
2023-05-11 10:33:52,p2401-C-8400,p2401-C-8400,80.5,0.0,0.0,0.0,10,36.5,0.0,0,99.5,96.0,96.0,80.5,3.0,2720.0,14
2023-05-11 10:36:07,p2401-C-8400,p2401-C-8400,80.5,0.0,0.0,0.0,1,43.0,0.0,0,99.5,96.0,96.0,80.5,3.0,2720.0,14
2023-05-11 10:36:07,p2401-C-8400,p2401-C-8400,80.5,0.0,0.0,0.0,10,43.5,0.0,0,99.5,96.0,96.0,80.5,3.0,2720.0,14
2023-05-11 10:36:26,p2401-C-8400,p2401-C-8400,80.5,0.0,0.0,0.0,1,50.0,0.0,0,99.5,96.0,96.0,80.5,3.0,2720.0,14
2023-05-11 10:36:26,p2401-C-8400,p2401-C-8400,80.5,0.0,0.0,0.0,10,50.5,0.0,0,99.5,96.0,96.0,80.5,3.0,2720.0,14
2023-05-11 10:36:58,p2401-C-8400,p2401-C-8400,80.5,0.0,0.0,0.0,1,54.0,0.0,0,99.5,96.0,96.0,80.5,3.0,2720.0,14
2023-05-11 10:36:58,p2401-C-8400,p2401-C-8400,80.5,0.0,0.0,0.0,10,54.5,0.0,0,99.5,96.0,96.0,80.5,3.0,2720.0,14
2023-05-11 10:37:08,p2401-C-8400,p2401-C-8400,80.5,0.0,0.0,0.0,1,55.0,0.0,0,99.5,96.0,96.0,80.5,3.0,2720.0,14
2023-05-11 10:37:08,p2401-C-8400,p2401-C-8400,80.5,0.0,0.0,0.0,10,55.5,0.0,0,99.5,96.0,96.0,80.5,3.0,2720.0,14
2023-05-11 10:37:12,p2401-C-8400,p2401-C-8400,80.5,0.0,0.0,0.0,1,56.0,0.0,0,99.5,96.0,96.0,80.5,3.0,2720.0,14
2023-05-11 10:37:12,p2401-C-8400,p2401-C-8400,80.5,0.0,0.0,0.0,10,56.5,0.0,0,99.5,96.0,96.0,80.5,3.0,2720.0,14
2023-05-11 10:37:21,p2401-C-8400,p2401-C-8400,80.5,0.0,0.0,0.0,1,57.0,0.0,0,99.5,96.0,96.0,80.5,3.0,2720.0,14
2023-05-11 10:37:21,p2401-C-8400,p2401-C-8400,80.5,0.0,0.0,0.0,10,57.5,0.0,0,99.5,96.0,96.0,80.5,3.0,2720.0,14
2023-05-11 10:37:29,p2401-C-8400,p2401-C-8400,80.5,0.0,0.0,0.0,1,58.0,0.0,0,99.5,96.0,96.0,80.5,3.0,2720.0,14
2023-05-11 10:37:29,p2401-C-8400,p2401-C-8400,80.5,0.0,0.0,0.0,10,58.5,0.0,0,99.5,96.0,96.0,80.5,3.0,2720.0,14
2023-05-11 10:42:05,p2401-C-8400,p2401-C-8400,80.5,0.0,0.0,0.0,10,8.5,0.0,0,99.5,96.0,96.0,80.5,3.0,2720.0,14
2023-05-11 10:42:05,p2401-C-8400,p2401-C-8400,80.5,0.0,0.0,0.0,1,15.0,0.0,0,99.5,96.0,96.0,80.5,3.0,2720.0,14
2023-05-11 10:42:06,p2401-C-8400,p2401-C-8400,80.5,0.0,0.0,0.0,10,15.5,0.0,0,99.5,96.0,96.0,80.5,3.0,2720.0,14
2023-05-11 10:42:07,p2401-C-8400,p2401-C-8400,80.5,0.0,0.0,0.0,1,22.0,0.0,0,99.5,96.0,96.0,80.5,3.0,2720.0,14
2023-05-11 10:42:07,p2401-C-8400,p2401-C-8400,80.5,0.0,0.0,0.0,10,22.5,0.0,0,99.5,96.0,96.0,80.5,3.0,2720.0,14
2023-05-11 10:42:08,p2401-C-8400,p2401-C-8400,80.5,0.0,0.0,0.0,1,29.0,0.0,0,99.5,96.0,96.0,80.5,3.0,2720.0,14
2023-05-11 10:42:08,p2401-C-8400,p2401-C-8400,80.5,0.0,0.0,0.0,10,29.5,0.0,0,99.5,96.0,96.0,80.5,3.0,2720.0,14
2023-05-11 10:42:09,p2401-C-8400,p2401-C-8400,80.5,0.0,0.0,0.0,1,36.0,0.0,0,99.5,96.0,96.0,80.5,3.0,2720.0,14
2023-05-11 10:42:09,p2401-C-8400,p2401-C-8400,80.5,0.0,0.0,0.0,10,36.5,0.0,0,99.5,96.0,96.0,80.5,3.0,2720.0,14
2023-05-11 10:42:10,p2401-C-8400,p2401-C-8400,80.5,0.0,0.0,0.0,1,43.0,0.0,0,99.5,96.0,96.0,80.5,3.0,2720.0,14
2023-05-11 10:42:10,p2401-C-8400,p2401-C-8400,80.5,0.0,0.0,0.0,10,43.5,0.0,0,99.5,96.0,96.0,80.5,3.0,2720.0,14
2023-05-11 10:42:11,p2401-C-8400,p2401-C-8400,80.5,0.0,0.0,0.0,1,50.0,0.0,0,99.5,96.0,96.0,80.5,3.0,2720.0,14
2023-05-11 10:42:11,p2401-C-8400,p2401-C-8400,80.5,0.0,0.0,0.0,10,50.5,0.0,0,99.5,96.0,96.0,80.5,3.0,2720.0,14
2023-05-11 10:42:12,p2401-C-8400,p2401-C-8400,80.5,0.0,0.0,0.0,1,54.0,0.0,0,99.5,96.0,96.0,80.5,3.0,2720.0,14
2023-05-11 10:42:12,p2401-C-8400,p2401-C-8400,80.5,0.0,0.0,0.0,10,54.5,0.0,0,99.5,96.0,96.0,80.5,3.0,2720.0,14
2023-05-11 10:42:13,p2401-C-8400,p2401-C-8400,80.5,0.0,0.0,0.0,1,55.0,0.0,0,99.5,96.0,96.0,80.5,3.0,2720.0,14
2023-05-11 10:42:13,p2401-C-8400,p2401-C-8400,80.5,0.0,0.0,0.0,10,55.5,0.0,0,99.5,96.0,96.0,80.5,3.0,2720.0,14
2023-05-11 10:42:14,p2401-C-8400,p2401-C-8400,80.5,0.0,0.0,0.0,1,56.0,0.0,0,99.5,96.0,96.0,80.5,3.0,2720.0,14
2023-05-11 10:42:14,p2401-C-8400,p2401-C-8400,80.5,0.0,0.0,0.0,10,56.5,0.0,0,99.5,96.0,96.0,80.5,3.0,2720.0,14
2023-05-11 10:42:15,p2401-C-8400,p2401-C-8400,80.5,0.0,0.0,0.0,1,57.0,0.0,0,99.5,96.0,96.0,80.5,3.0,2720.0,14
2023-05-11 10:42:15,p2401-C-8400,p2401-C-8400,80.5,0.0,0.0,0.0,10,57.5,0.0,0,99.5,96.0,96.0,80.5,3.0,2720.0,14
2023-05-11 10:42:16,p2401-C-8400,p2401-C-8400,80.5,0.0,0.0,0.0,1,58.0,0.0,0,99.5,96.0,96.0,80.5,3.0,2720.0,14
2023-05-11 10:42:16,p2401-C-8400,p2401-C-8400,80.5,0.0,0.0,0.0,11,58.0,0.0,0,99.5,96.0,96.0,80.5,3.0,2720.0,14
2023-05-11 11:00:00,p2401-C-8400,p2401-C-8400,80.5,0.0,0.0,0.0,11,58.0,600.5,10,99.5,96.0,96.0,80.5,3.0,2720.0,14
2023-05-11 11:00:01,p2401-C-8400,p2401-C-8400,80.5,0.0,0.0,0.0,11,58.0,600.0,1,99.5,96.0,96.0,80.5,3.0,2720.0,14
2023-05-11 11:00:02,p2401-C-8400,p2401-C-8400,80.5,0.0,0.0,0.0,11,58.0,599.5,10,99.5,96.0,96.0,80.5,3.0,2720.0,14
2023-05-11 11:00:04,p2401-C-8400,p2401-C-8400,80.5,0.0,0.0,0.0,11,58.0,599.0,1,99.5,96.0,96.0,80.5,3.0,2720.0,14
2023-05-11 11:00:05,p2401-C-8400,p2401-C-8400,80.5,0.0,0.0,0.0,11,58.0,598.5,10,99.5,96.0,96.0,80.5,3.0,2720.0,14
2023-05-11 11:00:07,p2401-C-8400,p2401-C-8400,80.5,0.0,0.0,0.0,11,58.0,598.0,1,99.5,96.0,96.0,80.5,3.0,2720.0,14
2023-05-11 11:00:08,p2401-C-8400,p2401-C-8400,80.5,0.0,0.0,0.0,11,58.0,597.5,10,99.5,96.0,96.0,80.5,3.0,2720.0,14
2023-05-11 11:00:10,p2401-C-8400,p2401-C-8400,80.5,0.0,0.0,0.0,11,58.0,597.0,1,99.5,96.0,96.0,80.5,3.0,2720.0,14
2023-05-11 11:00:10,p2401-C-8400,p2401-C-8400,80.5,0.0,0.0,0.0,11,58.0,596.5,10,99.5,96.0,96.0,80.5,3.0,2720.0,14
2023-05-11 11:00:13,p2401-C-8400,p2401-C-8400,80.5,0.0,0.0,0.0,11,58.0,596.0,1,99.5,96.0,96.0,80.5,3.0,2720.0,14
2023-05-11 11:00:13,p2401-C-8400,p2401-C-8400,80.5,0.0,0.0,0.0,11,58.0,595.5,10,99.5,96.0,96.0,80.5,3.0,2720.0,14
2023-05-11 11:00:16,p2401-C-8400,p2401-C-8400,80.5,0.0,0.0,0.0,11,58.0,595.0,1,99.5,96.0,96.0,80.5,3.0,2720.0,14
2023-05-11 11:00:16,p2401-C-8400,p2401-C-8400,80.5,0.0,0.0,0.0,11,58.0,594.5,10,99.5,96.0,96.0,80.5,3.0,2720.0,14
2023-05-11 11:00:20,p2401-C-8400,p2401-C-8400,80.5,0.0,0.0,0.0,11,58.0,594.0,1,99.5,96.0,96.0,80.5,3.0,2720.0,14
2023-05-11 11:00:20,p2401-C-8400,p2401-C-8400,80.5,0.0,0.0,0.0,11,58.0,593.5,10,99.5,96.0,96.0,80.5,3.0,2720.0,14
2023-05-11 11:00:23,p2401-C-8400,p2401-C-8400,80.5,0.0,0.0,0.0,11,58.0,593.0,1,99.5,96.0,96.0,80.5,3.0,2720.0,14
2023-05-11 11:00:23,p2401-C-8400,p2401-C-8400,80.5,0.0,0.0,0.0,11,58.0,592.5,10,99.5,96.0,96.0,80.5,3.0,2720.0,14
2023-05-11 11:00:25,p2401-C-8400,p2401-C-8400,80.5,0.0,0.0,0.0,11,58.0,592.0,1,99.5,96.0,96.0,80.5,3.0,2720.0,14
2023-05-11 11:00:25,p2401-C-8400,p2401-C-8400,80.5,0.0,0.0,0.0,11,58.0,591.5,10,99.5,96.0,96.0,80.5,3.0,2720.0,14
2023-05-11 11:00:28,p2401-C-8400,p2401-C-8400,80.5,0.0,0.0,0.0,11,58.0,591.0,1,99.5,96.0,96.0,80.5,3.0,2720.0,14
2023-05-11 11:00:28,p2401-C-8400,p2401-C-8400,80.5,0.0,0.0,0.0,11,58.0,590.5,10,99.5,96.0,96.0,80.5,3.0,2720.0,14
2023-05-11 11:00:30,p2401-C-8400,p2401-C-8400,80.5,0.0,0.0,0.0,11,58.0,590.0,1,99.5,96.0,96.0,80.5,3.0,2720.0,14
2023-05-11 11:00:31,p2401-C-8400,p2401-C-8400,80.5,0.0,0.0,0.0,11,58.0,589.5,10,99.5,96.0,96.0,80.5,3.0,2720.0,14
2023-05-11 11:00:33,p2401-C-8400,p2401-C-8400,80.5,0.0,0.0,0.0,11,58.0,589.0,1,99.5,96.0,96.0,80.5,3.0,2720.0,14
2023-05-11 11:00:34,p2401-C-8400,p2401-C-8400,80.5,0.0,0.0,0.0,11,58.0,588.5,10,99.5,96.0,96.0,80.5,3.0,2720.0,14
2023-05-11 11:00:35,p2401-C-8400,p2401-C-8400,80.5,0.0,0.0,0.0,11,58.0,588.0,1,99.5,96.0,96.0,80.5,3.0,2720.0,14
2023-05-11 11:00:36,p2401-C-8400,p2401-C-8400,80.5,0.0,0.0,0.0,11,58.0,587.5,10,99.5,96.0,96.0,80.5,3.0,2720.0,14
2023-05-11 11:00:38,p2401-C-8400,p2401-C-8400,80.5,0.0,0.0,0.0,11,58.0,587.0,1,99.5,96.0,96.0,80.5,3.0,2720.0,14
2023-05-11 11:00:38,p2401-C-8400,p2401-C-8400,80.5,0.0,0.0,0.0,11,58.0,586.5,10,99.5,96.0,96.0,80.5,3.0,2720.0,14
2023-05-11 11:00:41,p2401-C-8400,p2401-C-8400,80.5,0.0,0.0,0.0,11,58.0,586.0,1,99.5,96.0,96.0,80.5,3.0,2720.0,14
2023-05-11 11:00:41,p2401-C-8400,p2401-C-8400,80.5,0.0,0.0,0.0,11,58.0,585.5,10,99.5,96.0,96.0,80.5,3.0,2720.0,14
2023-05-11 11:00:43,p2401-C-8400,p2401-C-8400,80.5,0.0,0.0,0.0,11,58.0,585.0,1,99.5,96.0,96.0,80.5,3.0,2720.0,14
2023-05-11 11:00:44,p2401-C-8400,p2401-C-8400,80.5,0.0,0.0,0.0,11,58.0,584.5,10,99.5,96.0,96.0,80.5,3.0,2720.0,14
2023-05-11 11:00:46,p2401-C-8400,p2401-C-8400,80.5,0.0,0.0,0.0,11,58.0,584.0,1,99.5,96.0,96.0,80.5,3.0,2720.0,14
2023-05-11 11:00:46,p2401-C-8400,p2401-C-8400,80.5,0.0,0.0,0.0,11,58.0,583.5,10,99.5,96.0,96.0,80.5,3.0,2720.0,14
2023-05-11 11:00:48,p2401-C-8400,p2401-C-8400,80.5,0.0,0.0,0.0,11,58.0,583.0,1,99.5,96.0,96.0,80.5,3.0,2720.0,14
2023-05-11 11:00:49,p2401-C-8400,p2401-C-8400,80.5,0.0,0.0,0.0,11,58.0,582.5,10,99.5,96.0,96.0,80.5,3.0,2720.0,14
2023-05-11 11:00:51,p2401-C-8400,p2401-C-8400,80.5,0.0,0.0,0.0,11,58.0,582.0,1,99.5,96.0,96.0,80.5,3.0,2720.0,14
2023-05-11 11:00:51,p2401-C-8400,p2401-C-8400,80.5,0.0,0.0,0.0,11,58.0,581.5,10,99.5,96.0,96.0,80.5,3.0,2720.0,14
2023-05-11 11:00:55,p2401-C-8400,p2401-C-8400,80.5,0.0,0.0,0.0,11,58.0,581.0,1,99.5,96.0,96.0,80.5,3.0,2720.0,14
2023-05-11 11:00:55,p2401-C-8400,p2401-C-8400,80.5,0.0,0.0,0.0,11,58.0,580.5,10,99.5,96.0,96.0,80.5,3.0,2720.0,14
2023-05-11 11:00:58,p2401-C-8400,p2401-C-8400,80.5,0.0,0.0,0.0,11,58.0,580.0,1,99.5,96.0,96.0,80.5,3.0,2720.0,14
2023-05-11 11:00:58,p2401-C-8400,p2401-C-8400,80.5,0.0,0.0,0.0,11,58.0,579.5,10,99.5,96.0,96.0,80.5,3.0,2720.0,14
2023-05-11 11:01:02,p2401-C-8400,p2401-C-8400,80.5,0.0,0.0,0.0,11,58.0,579.0,1,99.5,96.0,96.0,80.5,3.0,2720.0,14
2023-05-11 11:01:02,p2401-C-8400,p2401-C-8400,80.5,0.0,0.0,0.0,11,58.0,578.5,10,99.5,96.0,96.0,80.5,3.0,2720.0,14
2023-05-11 11:01:06,p2401-C-8400,p2401-C-8400,80.5,0.0,0.0,0.0,11,58.0,578.0,1,99.5,96.0,96.0,80.5,3.0,2720.0,14
2023-05-11 11:01:06,p2401-C-8400,p2401-C-8400,80.5,0.0,0.0,0.0,11,58.0,577.5,10,99.5,96.0,96.0,80.5,3.0,2720.0,14
2023-05-11 11:01:08,p2401-C-8400,p2401-C-8400,80.5,0.0,0.0,0.0,11,58.0,577.0,1,99.5,96.0,96.0,80.5,3.0,2720.0,14
2023-05-11 11:01:09,p2401-C-8400,p2401-C-8400,80.5,0.0,0.0,0.0,11,58.0,576.5,10,99.5,96.0,96.0,80.5,3.0,2720.0,14
2023-05-11 11:01:11,p2401-C-8400,p2401-C-8400,80.5,0.0,0.0,0.0,11,58.0,576.0,1,99.5,96.0,96.0,80.5,3.0,2720.0,14
2023-05-11 11:01:11,p2401-C-8400,p2401-C-8400,80.5,0.0,0.0,0.0,11,58.0,575.5,10,99.5,96.0,96.0,80.5,3.0,2720.0,14
2023-05-11 11:01:20,p2401-C-8400,p2401-C-8400,80.5,0.0,0.0,0.0,11,58.0,575.0,1,99.5,96.0,96.0,80.5,3.0,2720.0,14
2023-05-11 11:01:20,p2401-C-8400,p2401-C-8400,80.5,0.0,0.0,0.0,11,58.0,574.5,10,99.5,96.0,96.0,80.5,3.0,2720.0,14
2023-05-11 11:01:22,p2401-C-8400,p2401-C-8400,80.5,0.0,0.0,0.0,11,58.0,574.0,1,99.5,96.0,96.0,80.5,3.0,2720.0,14
2023-05-11 11:01:22,p2401-C-8400,p2401-C-8400,80.5,0.0,0.0,0.0,11,58.0,573.5,10,99.5,96.0,96.0,80.5,3.0,2720.0,14
2023-05-11 11:01:25,p2401-C-8400,p2401-C-8400,80.5,0.0,0.0,0.0,11,58.0,573.0,1,99.5,96.0,96.0,80.5,3.0,2720.0,14
2023-05-11 11:01:25,p2401-C-8400,p2401-C-8400,80.5,0.0,0.0,0.0,11,58.0,572.5,10,99.5,96.0,96.0,80.5,3.0,2720.0,14
2023-05-11 11:01:29,p2401-C-8400,p2401-C-8400,80.5,0.0,0.0,0.0,11,58.0,572.0,1,99.5,96.0,96.0,80.5,3.0,2720.0,14
2023-05-11 11:01:29,p2401-C-8400,p2401-C-8400,80.5,0.0,0.0,0.0,11,58.0,571.5,10,99.5,96.0,96.0,80.5,3.0,2720.0,14
2023-05-11 11:01:32,p2401-C-8400,p2401-C-8400,80.5,0.0,0.0,0.0,11,58.0,571.0,1,99.5,96.0,96.0,80.5,3.0,2720.0,14
2023-05-11 11:01:32,p2401-C-8400,p2401-C-8400,80.5,0.0,0.0,0.0,11,58.0,570.5,10,99.5,96.0,96.0,80.5,3.0,2720.0,14
2023-05-11 11:01:34,p2401-C-8400,p2401-C-8400,80.5,0.0,0.0,0.0,11,58.0,570.0,1,99.5,96.0,96.0,80.5,3.0,2720.0,14
2023-05-11 11:01:34,p2401-C-8400,p2401-C-8400,80.5,0.0,0.0,0.0,11,58.0,569.5,10,99.5,96.0,96.0,80.5,3.0,2720.0,14
2023-05-11 11:01:37,p2401-C-8400,p2401-C-8400,80.5,0.0,0.0,0.0,11,58.0,569.0,1,99.5,96.0,96.0,80.5,3.0,2720.0,14
2023-05-11 11:01:38,p2401-C-8400,p2401-C-8400,80.5,0.0,0.0,0.0,11,58.0,568.5,10,99.5,96.0,96.0,80.5,3.0,2720.0,14
2023-05-11 11:01:41,p2401-C-8400,p2401-C-8400,80.5,0.0,0.0,0.0,11,58.0,568.0,1,99.5,96.0,96.0,80.5,3.0,2720.0,14
2023-05-11 11:01:41,p2401-C-8400,p2401-C-8400,80.5,0.0,0.0,0.0,11,58.0,567.5,10,99.5,96.0,96.0,80.5,3.0,2720.0,14
2023-05-11 11:01:44,p2401-C-8400,p2401-C-8400,80.5,0.0,0.0,0.0,11,58.0,567.0,1,99.5,96.0,96.0,80.5,3.0,2720.0,14
2023-05-11 11:01:44,p2401-C-8400,p2401-C-8400,80.5,0.0,0.0,0.0,11,58.0,566.5,10,99.5,96.0,96.0,80.5,3.0,2720.0,14
2023-05-11 11:01:46,p2401-C-8400,p2401-C-8400,80.5,0.0,0.0,0.0,11,58.0,566.0,1,99.5,96.0,96.0,80.5,3.0,2720.0,14
2023-05-11 11:01:47,p2401-C-8400,p2401-C-8400,80.5,0.0,0.0,0.0,11,58.0,565.5,10,99.5,96.0,96.0,80.5,3.0,2720.0,14
2023-05-11 11:01:49,p2401-C-8400,p2401-C-8400,80.5,0.0,0.0,0.0,11,58.0,565.0,1,99.5,96.0,96.0,80.5,3.0,2720.0,14
2023-05-11 11:01:50,p2401-C-8400,p2401-C-8400,80.5,0.0,0.0,0.0,11,58.0,564.5,10,99.5,96.0,96.0,80.5,3.0,2720.0,14
2023-05-11 11:01:52,p2401-C-8400,p2401-C-8400,80.5,0.0,0.0,0.0,11,58.0,564.0,1,99.5,96.0,96.0,80.5,3.0,2720.0,14
2023-05-11 11:01:52,p2401-C-8400,p2401-C-8400,80.5,0.0,0.0,0.0,11,58.0,563.5,10,99.5,96.0,96.0,80.5,3.0,2720.0,14
2023-05-11 11:01:56,p2401-C-8400,p2401-C-8400,80.5,0.0,0.0,0.0,11,58.0,563.0,1,99.5,96.0,96.0,80.5,3.0,2720.0,14
2023-05-11 11:01:56,p2401-C-8400,p2401-C-8400,80.5,0.0,0.0,0.0,11,58.0,562.5,10,99.5,96.0,96.0,80.5,3.0,2720.0,14
2023-05-11 11:01:58,p2401-C-8400,p2401-C-8400,80.5,0.0,0.0,0.0,11,58.0,562.0,1,99.5,96.0,96.0,80.5,3.0,2720.0,14
2023-05-11 11:01:58,p2401-C-8400,p2401-C-8400,80.5,0.0,0.0,0.0,11,58.0,561.5,10,99.5,96.0,96.0,80.5,3.0,2720.0,14
2023-05-11 11:02:00,p2401-C-8400,p2401-C-8400,80.5,0.0,0.0,0.0,11,58.0,561.0,1,99.5,96.0,96.0,80.5,3.0,2720.0,14
2023-05-11 11:02:01,p2401-C-8400,p2401-C-8400,80.5,0.0,0.0,0.0,11,58.0,560.5,10,99.5,96.0,96.0,80.5,3.0,2720.0,14
2023-05-11 11:02:05,p2401-C-8400,p2401-C-8400,80.5,0.0,0.0,0.0,11,58.0,560.0,1,99.5,96.0,96.0,80.5,3.0,2720.0,14
2023-05-11 11:02:06,p2401-C-8400,p2401-C-8400,80.5,0.0,0.0,0.0,11,58.0,559.5,10,99.5,96.0,96.0,80.5,3.0,2720.0,14
2023-05-11 11:02:08,p2401-C-8400,p2401-C-8400,80.5,0.0,0.0,0.0,11,58.0,559.0,1,99.5,96.0,96.0,80.5,3.0,2720.0,14
2023-05-11 11:02:08,p2401-C-8400,p2401-C-8400,80.5,0.0,0.0,0.0,11,58.0,558.5,10,99.5,96.0,96.0,80.5,3.0,2720.0,14
2023-05-11 11:02:10,p2401-C-8400,p2401-C-8400,80.5,0.0,0.0,0.0,11,58.0,558.0,1,99.5,96.0,96.0,80.5,3.0,2720.0,14
2023-05-11 11:02:11,p2401-C-8400,p2401-C-8400,80.5,0.0,0.0,0.0,11,58.0,557.5,10,99.5,96.0,96.0,80.5,3.0,2720.0,14
2023-05-11 11:02:13,p2401-C-8400,p2401-C-8400,80.5,0.0,0.0,0.0,11,58.0,557.0,1,99.5,96.0,96.0,80.5,3.0,2720.0,14
2023-05-11 11:02:13,p2401-C-8400,p2401-C-8400,80.5,0.0,0.0,0.0,11,58.0,556.5,10,99.5,96.0,96.0,80.5,3.0,2720.0,14
2023-05-11 11:02:16,p2401-C-8400,p2401-C-8400,80.5,0.0,0.0,0.0,11,58.0,556.0,1,99.5,96.0,96.0,80.5,3.0,2720.0,14
2023-05-11 11:02:17,p2401-C-8400,p2401-C-8400,80.5,0.0,0.0,0.0,11,58.0,555.5,10,99.5,96.0,96.0,80.5,3.0,2720.0,14
2023-05-11 11:02:20,p2401-C-8400,p2401-C-8400,80.5,0.0,0.0,0.0,11,58.0,555.0,1,99.5,96.0,96.0,80.5,3.0,2720.0,14
2023-05-11 11:02:21,p2401-C-8400,p2401-C-8400,80.5,0.0,0.0,0.0,11,58.0,554.5,10,99.5,96.0,96.0,80.5,3.0,2720.0,14
2023-05-11 11:02:22,p2401-C-8400,p2401-C-8400,80.5,0.0,0.0,0.0,11,58.0,554.0,1,99.5,96.0,96.0,80.5,3.0,2720.0,14
2023-05-11 11:02:22,p2401-C-8400,p2401-C-8400,80.5,0.0,0.0,0.0,11,58.0,553.5,10,99.5,96.0,96.0,80.5,3.0,2720.0,14
2023-05-11 11:02:26,p2401-C-8400,p2401-C-8400,80.5,0.0,0.0,0.0,11,58.0,553.0,1,99.5,96.0,96.0,80.5,3.0,2720.0,14
2023-05-11 11:02:26,p2401-C-8400,p2401-C-8400,80.5,0.0,0.0,0.0,11,58.0,552.5,10,99.5,96.0,96.0,80.5,3.0,2720.0,14
2023-05-11 11:04:37,p2401-C-8400,p2401-C-8400,80.5,0.0,0.0,0.0,11,58.0,552.0,1,99.5,96.0,96.0,80.5,3.0,2720.0,14
2023-05-11 11:04:37,p2401-C-8400,p2401-C-8400,80.5,0.0,0.0,0.0,11,58.0,551.5,10,99.5,96.0,96.0,80.5,3.0,2720.0,14
2023-05-11 11:27:22,p2401-C-8400,p2401-C-8400,80.5,0.0,0.0,0.0,10,58.0,551.5,10,99.5,96.0,96.0,80.5,3.0,2720.0,14
2023-05-11 11:29:33,p2401-C-8400,p2401-C-8400,80.5,0.0,0.0,0.0,1,8.0,552.0,1,99.5,96.0,96.0,80.5,3.0,2720.0,14
2023-05-11 13:30:02,p2401-C-8400,p2401-C-8400,80.5,0.0,0.0,0.0,10,8.5,551.5,10,99.5,96.0,96.0,80.5,3.0,2720.0,14
2023-05-11 13:30:10,p2401-C-8400,p2401-C-8400,80.5,0.0,0.0,0.0,10,8.5,551.0,1,99.5,96.0,96.0,80.5,3.0,2720.0,14
2023-05-11 13:30:10,p2401-C-8400,p2401-C-8400,80.5,0.0,0.0,0.0,10,8.5,550.5,10,99.5,96.0,96.0,80.5,3.0,2720.0,14
2023-05-11 13:30:17,p2401-C-8400,p2401-C-8400,80.5,0.0,0.0,0.0,10,8.5,550.0,1,99.5,96.0,96.0,80.5,3.0,2720.0,14
2023-05-11 13:30:18,p2401-C-8400,p2401-C-8400,80.5,0.0,0.0,0.0,10,8.5,549.5,10,99.5,96.0,96.0,80.5,3.0,2720.0,14
2023-05-11 13:31:35,p2401-C-8400,p2401-C-8400,80.5,0.0,0.0,0.0,1,15.0,549.5,10,99.5,96.0,96.0,80.5,3.0,2720.0,14
2023-05-11 13:31:36,p2401-C-8400,p2401-C-8400,80.5,0.0,0.0,0.0,10,15.5,549.5,10,99.5,96.0,96.0,80.5,3.0,2720.0,14
2023-05-11 13:31:49,p2401-C-8400,p2401-C-8400,80.5,0.0,0.0,0.0,1,22.0,549.5,10,99.5,96.0,96.0,80.5,3.0,2720.0,14
2023-05-11 13:31:49,p2401-C-8400,p2401-C-8400,80.5,0.0,0.0,0.0,10,22.5,549.5,10,99.5,96.0,96.0,80.5,3.0,2720.0,14
2023-05-11 13:31:55,p2401-C-8400,p2401-C-8400,80.5,0.0,0.0,0.0,1,29.0,549.5,10,99.5,96.0,96.0,80.5,3.0,2720.0,14
2023-05-11 13:31:56,p2401-C-8400,p2401-C-8400,80.5,0.0,0.0,0.0,10,29.5,549.5,10,99.5,96.0,96.0,80.5,3.0,2720.0,14
2023-05-11 13:32:23,p2401-C-8400,p2401-C-8400,80.5,0.0,0.0,0.0,1,36.0,549.5,10,99.5,96.0,96.0,80.5,3.0,2720.0,14
2023-05-11 13:32:23,p2401-C-8400,p2401-C-8400,80.5,0.0,0.0,0.0,10,36.5,549.5,10,99.5,96.0,96.0,80.5,3.0,2720.0,14
2023-05-11 13:32:30,p2401-C-8400,p2401-C-8400,80.5,0.0,0.0,0.0,1,43.0,549.5,10,99.5,96.0,96.0,80.5,3.0,2720.0,14
2023-05-11 13:32:30,p2401-C-8400,p2401-C-8400,80.5,0.0,0.0,0.0,10,43.5,549.5,10,99.5,96.0,96.0,80.5,3.0,2720.0,14
2023-05-11 13:32:35,p2401-C-8400,p2401-C-8400,80.5,0.0,0.0,0.0,1,50.0,549.5,10,99.5,96.0,96.0,80.5,3.0,2720.0,14
2023-05-11 13:32:35,p2401-C-8400,p2401-C-8400,80.5,0.0,0.0,0.0,10,50.5,549.5,10,99.5,96.0,96.0,80.5,3.0,2720.0,14
2023-05-11 13:32:38,p2401-C-8400,p2401-C-8400,80.5,0.0,0.0,0.0,1,54.0,549.5,10,99.5,96.0,96.0,80.5,3.0,2720.0,14
2023-05-11 13:32:39,p2401-C-8400,p2401-C-8400,80.5,0.0,0.0,0.0,10,54.5,549.5,10,99.5,96.0,96.0,80.5,3.0,2720.0,14
2023-05-11 13:32:45,p2401-C-8400,p2401-C-8400,80.5,0.0,0.0,0.0,1,55.0,549.5,10,99.5,96.0,96.0,80.5,3.0,2720.0,14
2023-05-11 13:32:45,p2401-C-8400,p2401-C-8400,80.5,0.0,0.0,0.0,10,55.5,549.5,10,99.5,96.0,96.0,80.5,3.0,2720.0,14
2023-05-11 13:32:52,p2401-C-8400,p2401-C-8400,80.5,0.0,0.0,0.0,1,56.0,549.5,10,99.5,96.0,96.0,80.5,3.0,2720.0,14
2023-05-11 13:32:52,p2401-C-8400,p2401-C-8400,80.5,0.0,0.0,0.0,10,56.5,549.5,10,99.5,96.0,96.0,80.5,3.0,2720.0,14
2023-05-11 13:33:01,p2401-C-8400,p2401-C-8400,80.5,0.0,0.0,0.0,1,57.0,549.5,10,99.5,96.0,96.0,80.5,3.0,2720.0,14
2023-05-11 13:33:01,p2401-C-8400,p2401-C-8400,80.5,0.0,0.0,0.0,10,57.5,549.5,10,99.5,96.0,96.0,80.5,3.0,2720.0,14
2023-05-11 13:33:07,p2401-C-8400,p2401-C-8400,80.5,0.0,0.0,0.0,1,58.0,549.5,10,99.5,96.0,96.0,80.5,3.0,2720.0,14
2023-05-11 13:33:07,p2401-C-8400,p2401-C-8400,80.5,0.0,0.0,0.0,10,58.5,549.5,10,99.5,96.0,96.0,80.5,3.0,2720.0,14
2023-05-11 13:54:43,p2401-C-8400,p2401-C-8400,80.5,0.0,0.0,0.0,10,58.5,549.0,1,99.5,96.0,96.0,80.5,3.0,2720.0,14
2023-05-11 13:54:43,p2401-C-8400,p2401-C-8400,80.5,0.0,0.0,0.0,10,58.5,548.5,10,99.5,96.0,96.0,80.5,3.0,2720.0,14
2023-05-11 13:54:48,p2401-C-8400,p2401-C-8400,80.5,0.0,0.0,0.0,10,58.5,548.0,1,99.5,96.0,96.0,80.5,3.0,2720.0,14
2023-05-11 13:54:49,p2401-C-8400,p2401-C-8400,80.5,0.0,0.0,0.0,10,58.5,547.5,10,99.5,96.0,96.0,80.5,3.0,2720.0,14
2023-05-11 13:54:55,p2401-C-8400,p2401-C-8400,80.5,0.0,0.0,0.0,10,58.5,547.0,1,99.5,96.0,96.0,80.5,3.0,2720.0,14
2023-05-11 13:54:55,p2401-C-8400,p2401-C-8400,80.5,0.0,0.0,0.0,10,58.5,546.5,10,99.5,96.0,96.0,80.5,3.0,2720.0,14
2023-05-11 13:54:59,p2401-C-8400,p2401-C-8400,80.5,0.0,0.0,0.0,10,58.5,546.0,1,99.5,96.0,96.0,80.5,3.0,2720.0,14
2023-05-11 13:54:59,p2401-C-8400,p2401-C-8400,80.5,0.0,0.0,0.0,10,58.5,545.5,10,99.5,96.0,96.0,80.5,3.0,2720.0,14
2023-05-11 13:55:06,p2401-C-8400,p2401-C-8400,80.5,0.0,0.0,0.0,10,58.5,545.0,1,99.5,96.0,96.0,80.5,3.0,2720.0,14
2023-05-11 13:55:07,p2401-C-8400,p2401-C-8400,80.5,0.0,0.0,0.0,10,58.5,544.5,10,99.5,96.0,96.0,80.5,3.0,2720.0,14
2023-05-11 13:55:12,p2401-C-8400,p2401-C-8400,80.5,0.0,0.0,0.0,10,58.5,544.0,1,99.5,96.0,96.0,80.5,3.0,2720.0,14
2023-05-11 13:55:13,p2401-C-8400,p2401-C-8400,80.5,0.0,0.0,0.0,10,58.5,543.5,10,99.5,96.0,96.0,80.5,3.0,2720.0,14
2023-05-11 13:55:16,p2401-C-8400,p2401-C-8400,80.5,0.0,0.0,0.0,10,58.5,543.0,1,99.5,96.0,96.0,80.5,3.0,2720.0,14
2023-05-11 13:55:17,p2401-C-8400,p2401-C-8400,80.5,0.0,0.0,0.0,10,58.5,542.5,10,99.5,96.0,96.0,80.5,3.0,2720.0,14
2023-05-11 13:55:26,p2401-C-8400,p2401-C-8400,80.5,0.0,0.0,0.0,10,58.5,542.0,1,99.5,96.0,96.0,80.5,3.0,2720.0,14
2023-05-11 13:55:26,p2401-C-8400,p2401-C-8400,80.5,0.0,0.0,0.0,10,58.5,541.5,10,99.5,96.0,96.0,80.5,3.0,2720.0,14
2023-05-11 13:55:31,p2401-C-8400,p2401-C-8400,80.5,0.0,0.0,0.0,10,58.5,541.0,1,99.5,96.0,96.0,80.5,3.0,2720.0,14
2023-05-11 13:55:31,p2401-C-8400,p2401-C-8400,80.5,0.0,0.0,0.0,10,58.5,540.5,10,99.5,96.0,96.0,80.5,3.0,2720.0,14
2023-05-11 13:55:38,p2401-C-8400,p2401-C-8400,80.5,0.0,0.0,0.0,10,58.5,540.0,1,99.5,96.0,96.0,80.5,3.0,2720.0,14
2023-05-11 13:55:38,p2401-C-8400,p2401-C-8400,80.5,0.0,0.0,0.0,10,58.5,539.5,10,99.5,96.0,96.0,80.5,3.0,2720.0,14
2023-05-11 13:55:41,p2401-C-8400,p2401-C-8400,80.5,0.0,0.0,0.0,10,58.5,539.0,1,99.5,96.0,96.0,80.5,3.0,2720.0,14
2023-05-11 13:55:42,p2401-C-8400,p2401-C-8400,80.5,0.0,0.0,0.0,10,58.5,538.5,10,99.5,96.0,96.0,80.5,3.0,2720.0,14
2023-05-11 13:55:47,p2401-C-8400,p2401-C-8400,80.5,0.0,0.0,0.0,10,58.5,538.0,1,99.5,96.0,96.0,80.5,3.0,2720.0,14
2023-05-11 13:55:47,p2401-C-8400,p2401-C-8400,80.5,0.0,0.0,0.0,10,58.5,537.5,10,99.5,96.0,96.0,80.5,3.0,2720.0,14
2023-05-11 13:55:52,p2401-C-8400,p2401-C-8400,80.5,0.0,0.0,0.0,10,58.5,537.0,1,99.5,96.0,96.0,80.5,3.0,2720.0,14
2023-05-11 13:55:52,p2401-C-8400,p2401-C-8400,80.5,0.0,0.0,0.0,10,58.5,536.5,10,99.5,96.0,96.0,80.5,3.0,2720.0,14
2023-05-11 13:55:57,p2401-C-8400,p2401-C-8400,80.5,0.0,0.0,0.0,10,58.5,536.0,1,99.5,96.0,96.0,80.5,3.0,2720.0,14
2023-05-11 13:55:58,p2401-C-8400,p2401-C-8400,80.5,0.0,0.0,0.0,10,58.5,535.5,10,99.5,96.0,96.0,80.5,3.0,2720.0,14
2023-05-11 13:56:02,p2401-C-8400,p2401-C-8400,80.5,0.0,0.0,0.0,10,58.5,535.0,1,99.5,96.0,96.0,80.5,3.0,2720.0,14
2023-05-11 13:56:02,p2401-C-8400,p2401-C-8400,80.5,0.0,0.0,0.0,10,58.5,534.5,10,99.5,96.0,96.0,80.5,3.0,2720.0,14
2023-05-11 13:56:05,p2401-C-8400,p2401-C-8400,80.5,0.0,0.0,0.0,10,58.5,534.0,1,99.5,96.0,96.0,80.5,3.0,2720.0,14
2023-05-11 13:56:05,p2401-C-8400,p2401-C-8400,80.5,0.0,0.0,0.0,10,58.5,533.5,10,99.5,96.0,96.0,80.5,3.0,2720.0,14
2023-05-11 13:56:08,p2401-C-8400,p2401-C-8400,80.5,0.0,0.0,0.0,10,58.5,533.0,1,99.5,96.0,96.0,80.5,3.0,2720.0,14
2023-05-11 13:56:08,p2401-C-8400,p2401-C-8400,80.5,0.0,0.0,0.0,10,58.5,532.5,10,99.5,96.0,96.0,80.5,3.0,2720.0,14
2023-05-11 13:56:11,p2401-C-8400,p2401-C-8400,80.5,0.0,0.0,0.0,10,58.5,532.0,1,99.5,96.0,96.0,80.5,3.0,2720.0,14
2023-05-11 13:56:11,p2401-C-8400,p2401-C-8400,80.5,0.0,0.0,0.0,10,58.5,531.5,10,99.5,96.0,96.0,80.5,3.0,2720.0,14
2023-05-11 13:56:14,p2401-C-8400,p2401-C-8400,80.5,0.0,0.0,0.0,10,58.5,531.0,1,99.5,96.0,96.0,80.5,3.0,2720.0,14
2023-05-11 13:56:14,p2401-C-8400,p2401-C-8400,80.5,0.0,0.0,0.0,10,58.5,530.5,10,99.5,96.0,96.0,80.5,3.0,2720.0,14
2023-05-11 13:56:19,p2401-C-8400,p2401-C-8400,80.5,0.0,0.0,0.0,10,58.5,530.0,1,99.5,96.0,96.0,80.5,3.0,2720.0,14
2023-05-11 13:56:19,p2401-C-8400,p2401-C-8400,80.5,0.0,0.0,0.0,10,58.5,529.5,10,99.5,96.0,96.0,80.5,3.0,2720.0,14
2023-05-11 13:56:21,p2401-C-8400,p2401-C-8400,80.5,0.0,0.0,0.0,10,58.5,529.0,1,99.5,96.0,96.0,80.5,3.0,2720.0,14
2023-05-11 13:56:22,p2401-C-8400,p2401-C-8400,80.5,0.0,0.0,0.0,10,58.5,528.5,10,99.5,96.0,96.0,80.5,3.0,2720.0,14
2023-05-11 13:56:25,p2401-C-8400,p2401-C-8400,80.5,0.0,0.0,0.0,10,58.5,528.0,1,99.5,96.0,96.0,80.5,3.0,2720.0,14
2023-05-11 13:56:25,p2401-C-8400,p2401-C-8400,80.5,0.0,0.0,0.0,10,58.5,527.5,10,99.5,96.0,96.0,80.5,3.0,2720.0,14
2023-05-11 13:56:28,p2401-C-8400,p2401-C-8400,80.5,0.0,0.0,0.0,10,58.5,527.0,1,99.5,96.0,96.0,80.5,3.0,2720.0,14
2023-05-11 13:56:28,p2401-C-8400,p2401-C-8400,80.5,0.0,0.0,0.0,10,58.5,526.5,10,99.5,96.0,96.0,80.5,3.0,2720.0,14
2023-05-11 13:56:31,p2401-C-8400,p2401-C-8400,80.5,0.0,0.0,0.0,10,58.5,526.0,1,99.5,96.0,96.0,80.5,3.0,2720.0,14
2023-05-11 13:56:31,p2401-C-8400,p2401-C-8400,80.5,0.0,0.0,0.0,10,58.5,525.5,10,99.5,96.0,96.0,80.5,3.0,2720.0,14
2023-05-11 13:56:34,p2401-C-8400,p2401-C-8400,80.5,0.0,0.0,0.0,10,58.5,525.0,1,99.5,96.0,96.0,80.5,3.0,2720.0,14
2023-05-11 13:56:34,p2401-C-8400,p2401-C-8400,80.5,0.0,0.0,0.0,10,58.5,524.5,10,99.5,96.0,96.0,80.5,3.0,2720.0,14
2023-05-11 13:56:37,p2401-C-8400,p2401-C-8400,80.5,0.0,0.0,0.0,10,58.5,524.0,1,99.5,96.0,96.0,80.5,3.0,2720.0,14
2023-05-11 13:56:37,p2401-C-8400,p2401-C-8400,80.5,0.0,0.0,0.0,10,58.5,523.5,10,99.5,96.0,96.0,80.5,3.0,2720.0,14
2023-05-11 13:56:41,p2401-C-8400,p2401-C-8400,80.5,0.0,0.0,0.0,10,58.5,523.0,1,99.5,96.0,96.0,80.5,3.0,2720.0,14
2023-05-11 13:56:41,p2401-C-8400,p2401-C-8400,80.5,0.0,0.0,0.0,10,58.5,522.5,10,99.5,96.0,96.0,80.5,3.0,2720.0,14
2023-05-11 13:56:44,p2401-C-8400,p2401-C-8400,80.5,0.0,0.0,0.0,10,58.5,522.0,1,99.5,96.0,96.0,80.5,3.0,2720.0,14
2023-05-11 13:56:44,p2401-C-8400,p2401-C-8400,80.5,0.0,0.0,0.0,10,58.5,521.5,10,99.5,96.0,96.0,80.5,3.0,2720.0,14
2023-05-11 13:56:47,p2401-C-8400,p2401-C-8400,80.5,0.0,0.0,0.0,10,58.5,521.0,1,99.5,96.0,96.0,80.5,3.0,2720.0,14
2023-05-11 13:56:47,p2401-C-8400,p2401-C-8400,80.5,0.0,0.0,0.0,10,58.5,520.5,10,99.5,96.0,96.0,80.5,3.0,2720.0,14
2023-05-11 13:56:51,p2401-C-8400,p2401-C-8400,80.5,0.0,0.0,0.0,10,58.5,520.0,1,99.5,96.0,96.0,80.5,3.0,2720.0,14
2023-05-11 13:56:51,p2401-C-8400,p2401-C-8400,80.5,0.0,0.0,0.0,10,58.5,519.5,10,99.5,96.0,96.0,80.5,3.0,2720.0,14
2023-05-11 13:56:57,p2401-C-8400,p2401-C-8400,80.5,0.0,0.0,0.0,10,58.5,519.0,1,99.5,96.0,96.0,80.5,3.0,2720.0,14
2023-05-11 13:56:57,p2401-C-8400,p2401-C-8400,80.5,0.0,0.0,0.0,10,58.5,518.5,10,99.5,96.0,96.0,80.5,3.0,2720.0,14
2023-05-11 13:57:01,p2401-C-8400,p2401-C-8400,80.5,0.0,0.0,0.0,10,58.5,518.0,1,99.5,96.0,96.0,80.5,3.0,2720.0,14
2023-05-11 13:57:01,p2401-C-8400,p2401-C-8400,80.5,0.0,0.0,0.0,10,58.5,517.5,10,99.5,96.0,96.0,80.5,3.0,2720.0,14
2023-05-11 13:57:04,p2401-C-8400,p2401-C-8400,80.5,0.0,0.0,0.0,10,58.5,517.0,1,99.5,96.0,96.0,80.5,3.0,2720.0,14
2023-05-11 13:57:05,p2401-C-8400,p2401-C-8400,80.5,0.0,0.0,0.0,10,58.5,516.5,10,99.5,96.0,96.0,80.5,3.0,2720.0,14
2023-05-11 13:57:09,p2401-C-8400,p2401-C-8400,80.5,0.0,0.0,0.0,10,58.5,516.0,1,99.5,96.0,96.0,80.5,3.0,2720.0,14
2023-05-11 13:57:09,p2401-C-8400,p2401-C-8400,80.5,0.0,0.0,0.0,10,58.5,515.5,10,99.5,96.0,96.0,80.5,3.0,2720.0,14
2023-05-11 13:57:13,p2401-C-8400,p2401-C-8400,80.5,0.0,0.0,0.0,10,58.5,515.0,1,99.5,96.0,96.0,80.5,3.0,2720.0,14
2023-05-11 13:57:14,p2401-C-8400,p2401-C-8400,80.5,0.0,0.0,0.0,10,58.5,514.5,10,99.5,96.0,96.0,80.5,3.0,2720.0,14
2023-05-11 13:57:16,p2401-C-8400,p2401-C-8400,80.5,0.0,0.0,0.0,10,58.5,514.0,1,99.5,96.0,96.0,80.5,3.0,2720.0,14
2023-05-11 13:57:16,p2401-C-8400,p2401-C-8400,80.5,0.0,0.0,0.0,10,58.5,513.5,10,99.5,96.0,96.0,80.5,3.0,2720.0,14
2023-05-11 13:57:20,p2401-C-8400,p2401-C-8400,80.5,0.0,0.0,0.0,10,58.5,513.0,1,99.5,96.0,96.0,80.5,3.0,2720.0,14
2023-05-11 13:57:20,p2401-C-8400,p2401-C-8400,80.5,0.0,0.0,0.0,10,58.5,512.5,10,99.5,96.0,96.0,80.5,3.0,2720.0,14
2023-05-11 13:57:22,p2401-C-8400,p2401-C-8400,80.5,0.0,0.0,0.0,10,58.5,512.0,1,99.5,96.0,96.0,80.5,3.0,2720.0,14
2023-05-11 13:57:23,p2401-C-8400,p2401-C-8400,80.5,0.0,0.0,0.0,10,58.5,511.5,10,99.5,96.0,96.0,80.5,3.0,2720.0,14
2023-05-11 13:57:25,p2401-C-8400,p2401-C-8400,80.5,0.0,0.0,0.0,10,58.5,511.0,1,99.5,96.0,96.0,80.5,3.0,2720.0,14
2023-05-11 13:57:26,p2401-C-8400,p2401-C-8400,80.5,0.0,0.0,0.0,10,58.5,510.5,10,99.5,96.0,96.0,80.5,3.0,2720.0,14
2023-05-11 13:57:28,p2401-C-8400,p2401-C-8400,80.5,0.0,0.0,0.0,10,58.5,510.0,1,99.5,96.0,96.0,80.5,3.0,2720.0,14
2023-05-11 13:57:29,p2401-C-8400,p2401-C-8400,80.5,0.0,0.0,0.0,10,58.5,509.5,10,99.5,96.0,96.0,80.5,3.0,2720.0,14
2023-05-11 13:57:33,p2401-C-8400,p2401-C-8400,80.5,0.0,0.0,0.0,10,58.5,509.0,1,99.5,96.0,96.0,80.5,3.0,2720.0,14
2023-05-11 13:57:34,p2401-C-8400,p2401-C-8400,80.5,0.0,0.0,0.0,10,58.5,508.5,10,99.5,96.0,96.0,80.5,3.0,2720.0,14
2023-05-11 13:57:37,p2401-C-8400,p2401-C-8400,80.5,0.0,0.0,0.0,10,58.5,508.0,1,99.5,96.0,96.0,80.5,3.0,2720.0,14
2023-05-11 13:57:38,p2401-C-8400,p2401-C-8400,80.5,0.0,0.0,0.0,10,58.5,507.5,10,99.5,96.0,96.0,80.5,3.0,2720.0,14
2023-05-11 13:57:41,p2401-C-8400,p2401-C-8400,80.5,0.0,0.0,0.0,10,58.5,507.0,1,99.5,96.0,96.0,80.5,3.0,2720.0,14
2023-05-11 13:57:42,p2401-C-8400,p2401-C-8400,80.5,0.0,0.0,0.0,10,58.5,506.5,10,99.5,96.0,96.0,80.5,3.0,2720.0,14
2023-05-11 13:57:45,p2401-C-8400,p2401-C-8400,80.5,0.0,0.0,0.0,10,58.5,506.0,1,99.5,96.0,96.0,80.5,3.0,2720.0,14
2023-05-11 13:57:46,p2401-C-8400,p2401-C-8400,80.5,0.0,0.0,0.0,10,58.5,505.5,10,99.5,96.0,96.0,80.5,3.0,2720.0,14
2023-05-11 13:57:49,p2401-C-8400,p2401-C-8400,80.5,0.0,0.0,0.0,10,58.5,505.0,1,99.5,96.0,96.0,80.5,3.0,2720.0,14
2023-05-11 13:57:49,p2401-C-8400,p2401-C-8400,80.5,0.0,0.0,0.0,10,58.5,504.5,10,99.5,96.0,96.0,80.5,3.0,2720.0,14
2023-05-11 13:57:51,p2401-C-8400,p2401-C-8400,80.5,0.0,0.0,0.0,10,58.5,504.0,1,99.5,96.0,96.0,80.5,3.0,2720.0,14
2023-05-11 13:57:52,p2401-C-8400,p2401-C-8400,80.5,0.0,0.0,0.0,10,58.5,503.5,10,99.5,96.0,96.0,80.5,3.0,2720.0,14
2023-05-11 13:57:55,p2401-C-8400,p2401-C-8400,80.5,0.0,0.0,0.0,10,58.5,503.0,1,99.5,96.0,96.0,80.5,3.0,2720.0,14
2023-05-11 13:57:55,p2401-C-8400,p2401-C-8400,80.5,0.0,0.0,0.0,10,58.5,502.5,10,99.5,96.0,96.0,80.5,3.0,2720.0,14
2023-05-11 13:57:58,p2401-C-8400,p2401-C-8400,80.5,0.0,0.0,0.0,10,58.5,502.0,1,99.5,96.0,96.0,80.5,3.0,2720.0,14
2023-05-11 13:57:58,p2401-C-8400,p2401-C-8400,80.5,0.0,0.0,0.0,10,58.5,501.5,10,99.5,96.0,96.0,80.5,3.0,2720.0,14
2023-05-11 13:58:02,p2401-C-8400,p2401-C-8400,80.5,0.0,0.0,0.0,10,58.5,501.0,1,99.5,96.0,96.0,80.5,3.0,2720.0,14
2023-05-11 13:58:03,p2401-C-8400,p2401-C-8400,80.5,0.0,0.0,0.0,10,58.5,500.5,10,99.5,96.0,96.0,80.5,3.0,2720.0,14
2023-05-11 14:00:19,p2401-C-8400,p2401-C-8400,80.5,0.0,0.0,0.0,10,58.5,500.0,1,99.5,96.0,96.0,80.5,3.0,2720.0,14
2023-05-11 14:00:19,p2401-C-8400,p2401-C-8400,80.5,0.0,0.0,0.0,10,58.5,499.5,10,99.5,96.0,96.0,80.5,3.0,2720.0,14
2023-05-11 14:35:03,p2401-C-8400,p2401-C-8400,80.5,0.0,0.0,0.0,1,8.0,499.5,10,99.5,96.0,96.0,80.5,3.0,2720.0,14
2023-05-11 14:35:03,p2401-C-8400,p2401-C-8400,80.5,0.0,0.0,0.0,1,14.5,499.5,10,99.5,96.0,96.0,80.5,3.0,2720.0,14
2023-05-11 14:35:04,p2401-C-8400,p2401-C-8400,80.5,0.0,0.0,0.0,10,15.0,499.5,10,99.5,96.0,96.0,80.5,3.0,2720.0,14
2023-05-11 14:35:04,p2401-C-8400,p2401-C-8400,80.5,0.0,0.0,0.0,1,21.5,499.5,10,99.5,96.0,96.0,80.5,3.0,2720.0,14
2023-05-11 14:35:05,p2401-C-8400,p2401-C-8400,80.5,0.0,0.0,0.0,10,22.0,499.5,10,99.5,96.0,96.0,80.5,3.0,2720.0,14
2023-05-11 14:35:05,p2401-C-8400,p2401-C-8400,80.5,0.0,0.0,0.0,1,28.5,499.5,10,99.5,96.0,96.0,80.5,3.0,2720.0,14
2023-05-11 14:35:06,p2401-C-8400,p2401-C-8400,80.5,0.0,0.0,0.0,10,29.0,499.5,10,99.5,96.0,96.0,80.5,3.0,2720.0,14
2023-05-11 14:35:06,p2401-C-8400,p2401-C-8400,80.5,0.0,0.0,0.0,1,35.5,499.5,10,99.5,96.0,96.0,80.5,3.0,2720.0,14
2023-05-11 14:35:07,p2401-C-8400,p2401-C-8400,80.5,0.0,0.0,0.0,10,36.0,499.5,10,99.5,96.0,96.0,80.5,3.0,2720.0,14
2023-05-11 14:35:07,p2401-C-8400,p2401-C-8400,80.5,0.0,0.0,0.0,1,42.5,499.5,10,99.5,96.0,96.0,80.5,3.0,2720.0,14
2023-05-11 14:35:08,p2401-C-8400,p2401-C-8400,80.5,0.0,0.0,0.0,10,43.0,499.5,10,99.5,96.0,96.0,80.5,3.0,2720.0,14
2023-05-11 14:35:08,p2401-C-8400,p2401-C-8400,80.5,0.0,0.0,0.0,1,49.5,499.5,10,99.5,96.0,96.0,80.5,3.0,2720.0,14
2023-05-11 14:35:09,p2401-C-8400,p2401-C-8400,80.5,0.0,0.0,0.0,10,50.0,499.5,10,99.5,96.0,96.0,80.5,3.0,2720.0,14
2023-05-11 14:35:10,p2401-C-8400,p2401-C-8400,80.5,0.0,0.0,0.0,1,53.5,499.5,10,99.5,96.0,96.0,80.5,3.0,2720.0,14
2023-05-11 14:35:10,p2401-C-8400,p2401-C-8400,80.5,0.0,0.0,0.0,10,54.0,499.5,10,99.5,96.0,96.0,80.5,3.0,2720.0,14
2023-05-11 14:35:11,p2401-C-8400,p2401-C-8400,80.5,0.0,0.0,0.0,1,54.5,499.5,10,99.5,96.0,96.0,80.5,3.0,2720.0,14
2023-05-11 14:35:11,p2401-C-8400,p2401-C-8400,80.5,0.0,0.0,0.0,10,55.0,499.5,10,99.5,96.0,96.0,80.5,3.0,2720.0,14
2023-05-11 14:35:12,p2401-C-8400,p2401-C-8400,80.5,0.0,0.0,0.0,1,55.5,499.5,10,99.5,96.0,96.0,80.5,3.0,2720.0,14
2023-05-11 14:35:13,p2401-C-8400,p2401-C-8400,80.5,0.0,0.0,0.0,10,56.0,499.5,10,99.5,96.0,96.0,80.5,3.0,2720.0,14
2023-05-11 14:35:14,p2401-C-8400,p2401-C-8400,80.5,0.0,0.0,0.0,1,56.5,499.5,10,99.5,96.0,96.0,80.5,3.0,2720.0,14
2023-05-11 14:35:14,p2401-C-8400,p2401-C-8400,80.5,0.0,0.0,0.0,10,57.0,499.5,10,99.5,96.0,96.0,80.5,3.0,2720.0,14
2023-05-11 14:35:15,p2401-C-8400,p2401-C-8400,80.5,0.0,0.0,0.0,1,57.5,499.5,10,99.5,96.0,96.0,80.5,3.0,2720.0,14
2023-05-11 14:35:15,p2401-C-8400,p2401-C-8400,80.5,0.0,0.0,0.0,10,58.0,499.5,10,99.5,96.0,96.0,80.5,3.0,2720.0,14
2023-05-11 14:35:16,p2401-C-8400,p2401-C-8400,80.5,0.0,0.0,0.0,1,58.5,499.5,10,99.5,96.0,96.0,80.5,3.0,2720.0,14
2023-05-11 14:35:16,p2401-C-8400,p2401-C-8400,80.5,0.0,0.0,0.0,10,59.0,499.5,10,99.5,96.0,96.0,80.5,3.0,2720.0,14
2023-05-11 14:35:19,p2401-C-8400,p2401-C-8400,80.5,0.0,0.0,0.0,1,8.0,499.5,10,99.5,96.0,96.0,80.5,3.0,2720.0,14
2023-05-11 14:35:19,p2401-C-8400,p2401-C-8400,80.5,0.0,0.0,0.0,1,14.5,499.5,10,99.5,96.0,96.0,80.5,3.0,2720.0,14
2023-05-11 14:35:19,p2401-C-8400,p2401-C-8400,80.5,0.0,0.0,0.0,10,15.0,499.5,10,99.5,96.0,96.0,80.5,3.0,2720.0,14
2023-05-11 14:35:20,p2401-C-8400,p2401-C-8400,80.5,0.0,0.0,0.0,1,21.5,499.5,10,99.5,96.0,96.0,80.5,3.0,2720.0,14
2023-05-11 14:35:21,p2401-C-8400,p2401-C-8400,80.5,0.0,0.0,0.0,10,22.0,499.5,10,99.5,96.0,96.0,80.5,3.0,2720.0,14
2023-05-11 14:35:22,p2401-C-8400,p2401-C-8400,80.5,0.0,0.0,0.0,1,28.5,499.5,10,99.5,96.0,96.0,80.5,3.0,2720.0,14
2023-05-11 14:35:22,p2401-C-8400,p2401-C-8400,80.5,0.0,0.0,0.0,10,29.0,499.5,10,99.5,96.0,96.0,80.5,3.0,2720.0,14
2023-05-11 14:35:23,p2401-C-8400,p2401-C-8400,80.5,0.0,0.0,0.0,1,35.5,499.5,10,99.5,96.0,96.0,80.5,3.0,2720.0,14
2023-05-11 14:35:23,p2401-C-8400,p2401-C-8400,80.5,0.0,0.0,0.0,10,36.0,499.5,10,99.5,96.0,96.0,80.5,3.0,2720.0,14
2023-05-11 14:35:24,p2401-C-8400,p2401-C-8400,80.5,0.0,0.0,0.0,1,42.5,499.5,10,99.5,96.0,96.0,80.5,3.0,2720.0,14
2023-05-11 14:35:24,p2401-C-8400,p2401-C-8400,80.5,0.0,0.0,0.0,10,43.0,499.5,10,99.5,96.0,96.0,80.5,3.0,2720.0,14
2023-05-11 14:35:25,p2401-C-8400,p2401-C-8400,80.5,0.0,0.0,0.0,1,49.5,499.5,10,99.5,96.0,96.0,80.5,3.0,2720.0,14
2023-05-11 14:35:25,p2401-C-8400,p2401-C-8400,80.5,0.0,0.0,0.0,10,50.0,499.5,10,99.5,96.0,96.0,80.5,3.0,2720.0,14
2023-05-11 14:35:26,p2401-C-8400,p2401-C-8400,80.5,0.0,0.0,0.0,1,53.5,499.5,10,99.5,96.0,96.0,80.5,3.0,2720.0,14
2023-05-11 14:35:26,p2401-C-8400,p2401-C-8400,80.5,0.0,0.0,0.0,10,54.0,499.5,10,99.5,96.0,96.0,80.5,3.0,2720.0,14
2023-05-11 14:35:27,p2401-C-8400,p2401-C-8400,80.5,0.0,0.0,0.0,1,54.5,499.5,10,99.5,96.0,96.0,80.5,3.0,2720.0,14
2023-05-11 14:35:27,p2401-C-8400,p2401-C-8400,80.5,0.0,0.0,0.0,10,55.0,499.5,10,99.5,96.0,96.0,80.5,3.0,2720.0,14
2023-05-11 14:35:28,p2401-C-8400,p2401-C-8400,80.5,0.0,0.0,0.0,1,55.5,499.5,10,99.5,96.0,96.0,80.5,3.0,2720.0,14
2023-05-11 14:35:28,p2401-C-8400,p2401-C-8400,80.5,0.0,0.0,0.0,10,56.0,499.5,10,99.5,96.0,96.0,80.5,3.0,2720.0,14
2023-05-11 14:35:29,p2401-C-8400,p2401-C-8400,80.5,0.0,0.0,0.0,1,56.5,499.5,10,99.5,96.0,96.0,80.5,3.0,2720.0,14
2023-05-11 14:35:29,p2401-C-8400,p2401-C-8400,80.5,0.0,0.0,0.0,10,57.0,499.5,10,99.5,96.0,96.0,80.5,3.0,2720.0,14
2023-05-11 14:35:30,p2401-C-8400,p2401-C-8400,80.5,0.0,0.0,0.0,1,57.5,499.5,10,99.5,96.0,96.0,80.5,3.0,2720.0,14
2023-05-11 14:35:30,p2401-C-8400,p2401-C-8400,80.5,0.0,0.0,0.0,10,58.0,499.5,10,99.5,96.0,96.0,80.5,3.0,2720.0,14
2023-05-11 14:35:31,p2401-C-8400,p2401-C-8400,80.5,0.0,0.0,0.0,1,58.5,499.5,10,99.5,96.0,96.0,80.5,3.0,2720.0,14
2023-05-11 14:35:31,p2401-C-8400,p2401-C-8400,80.5,0.0,0.0,0.0,11,58.5,499.5,10,99.5,96.0,96.0,80.5,3.0,2720.0,14
2023-05-11 14:36:45,p2401-C-8400,p2401-C-8400,80.5,0.0,0.0,0.0,11,58.5,499.0,1,99.5,96.0,96.0,80.5,3.0,2720.0,14
2023-05-11 14:36:45,p2401-C-8400,p2401-C-8400,80.5,0.0,0.0,0.0,11,58.5,498.5,10,99.5,96.0,96.0,80.5,3.0,2720.0,14
2023-05-11 14:39:46,p2401-C-8400,p2401-C-8400,80.5,0.0,0.0,0.0,1,58.5,498.5,10,99.5,96.0,96.0,80.5,3.0,2720.0,14
2023-05-11 14:50:10,p2401-C-8400,p2401-C-8400,80.5,0.0,0.0,0.0,1,65.0,89.0,1,99.5,96.0,96.0,80.5,3.0,2720.0,14
2023-05-11 14:50:11,p2401-C-8400,p2401-C-8400,80.5,0.0,0.0,0.0,2,65.0,89.0,2,99.5,96.0,96.0,80.5,3.0,2720.0,14
2023-05-11 14:50:18,p2401-C-8400,p2401-C-8400,80.5,0.0,0.0,0.0,1,76.5,89.0,2,99.5,96.0,96.0,80.5,3.0,2720.0,14
2023-05-11 14:50:22,p2401-C-8400,p2401-C-8400,80.5,0.0,0.0,0.0,1,76.5,89.0,1,99.5,96.0,96.0,80.5,3.0,2720.0,14
2023-05-11 14:50:23,p2401-C-8400,p2401-C-8400,80.5,0.0,0.0,0.0,1,76.5,89.5,1,99.5,96.0,96.0,80.5,3.0,2720.0,14
2023-05-11 14:50:29,p2401-C-8400,p2401-C-8400,80.5,0.0,0.0,0.0,2,71.5,89.5,1,99.5,96.0,96.0,80.5,3.0,2720.0,14
2023-05-11 14:50:30,p2401-C-8400,p2401-C-8400,80.5,0.0,0.0,0.0,1,71.5,89.5,1,99.5,96.0,96.0,80.5,3.0,2720.0,14
2023-05-11 14:50:30,p2401-C-8400,p2401-C-8400,80.5,0.0,0.0,0.0,1,71.5,91.5,1,99.5,96.0,96.0,80.5,3.0,2720.0,14
2023-05-11 14:50:38,p2401-C-8400,p2401-C-8400,80.5,0.0,0.0,0.0,10,8.5,498.5,10,99.5,96.0,96.0,80.5,3.0,2720.0,14
2023-05-11 14:50:39,p2401-C-8400,p2401-C-8400,80.5,0.0,0.0,0.0,1,15.0,498.5,10,99.5,96.0,96.0,80.5,3.0,2720.0,14
2023-05-11 14:50:39,p2401-C-8400,p2401-C-8400,80.5,0.0,0.0,0.0,10,15.5,498.5,10,99.5,96.0,96.0,80.5,3.0,2720.0,14
2023-05-11 14:50:40,p2401-C-8400,p2401-C-8400,80.5,0.0,0.0,0.0,1,22.0,498.5,10,99.5,96.0,96.0,80.5,3.0,2720.0,14
2023-05-11 14:50:40,p2401-C-8400,p2401-C-8400,80.5,0.0,0.0,0.0,10,22.5,498.5,10,99.5,96.0,96.0,80.5,3.0,2720.0,14
2023-05-11 14:50:41,p2401-C-8400,p2401-C-8400,80.5,0.0,0.0,0.0,1,29.0,498.5,10,99.5,96.0,96.0,80.5,3.0,2720.0,14
2023-05-11 14:50:41,p2401-C-8400,p2401-C-8400,80.5,0.0,0.0,0.0,10,29.5,498.5,10,99.5,96.0,96.0,80.5,3.0,2720.0,14
2023-05-11 14:50:42,p2401-C-8400,p2401-C-8400,80.5,0.0,0.0,0.0,1,36.0,498.5,10,99.5,96.0,96.0,80.5,3.0,2720.0,14
2023-05-11 14:50:42,p2401-C-8400,p2401-C-8400,80.5,0.0,0.0,0.0,10,36.5,498.5,10,99.5,96.0,96.0,80.5,3.0,2720.0,14
2023-05-11 14:50:43,p2401-C-8400,p2401-C-8400,80.5,0.0,0.0,0.0,1,43.0,498.5,10,99.5,96.0,96.0,80.5,3.0,2720.0,14
2023-05-11 14:50:43,p2401-C-8400,p2401-C-8400,80.5,0.0,0.0,0.0,10,43.5,498.5,10,99.5,96.0,96.0,80.5,3.0,2720.0,14
2023-05-11 14:50:44,p2401-C-8400,p2401-C-8400,80.5,0.0,0.0,0.0,1,50.0,498.5,10,99.5,96.0,96.0,80.5,3.0,2720.0,14
2023-05-11 14:50:44,p2401-C-8400,p2401-C-8400,80.5,0.0,0.0,0.0,10,50.5,498.5,10,99.5,96.0,96.0,80.5,3.0,2720.0,14
2023-05-11 14:50:45,p2401-C-8400,p2401-C-8400,80.5,0.0,0.0,0.0,1,54.0,498.5,10,99.5,96.0,96.0,80.5,3.0,2720.0,14
2023-05-11 14:50:45,p2401-C-8400,p2401-C-8400,80.5,0.0,0.0,0.0,10,54.5,498.5,10,99.5,96.0,96.0,80.5,3.0,2720.0,14
2023-05-11 14:50:46,p2401-C-8400,p2401-C-8400,80.5,0.0,0.0,0.0,1,55.0,498.5,10,99.5,96.0,96.0,80.5,3.0,2720.0,14
2023-05-11 14:50:46,p2401-C-8400,p2401-C-8400,80.5,0.0,0.0,0.0,10,55.5,498.5,10,99.5,96.0,96.0,80.5,3.0,2720.0,14
2023-05-11 14:50:47,p2401-C-8400,p2401-C-8400,80.5,0.0,0.0,0.0,1,56.0,498.5,10,99.5,96.0,96.0,80.5,3.0,2720.0,14
2023-05-11 14:50:48,p2401-C-8400,p2401-C-8400,80.5,0.0,0.0,0.0,11,56.0,498.5,10,99.5,96.0,96.0,80.5,3.0,2720.0,14
2023-05-11 14:53:38,p2401-C-8400,p2401-C-8400,80.5,0.0,0.0,0.0,1,56.0,498.5,10,99.5,96.0,96.0,80.5,3.0,2720.0,14
2023-05-11 14:54:37,p2401-C-8400,p2401-C-8400,80.5,0.0,0.0,0.0,11,56.0,498.5,10,99.5,96.0,96.0,80.5,3.0,2720.0,14
2023-05-11 14:54:39,p2401-C-8400,p2401-C-8400,80.5,0.0,0.0,0.0,1,56.0,498.5,10,99.5,96.0,96.0,80.5,3.0,2720.0,14
2023-05-11 14:54:41,p2401-C-8400,p2401-C-8400,80.5,0.0,0.0,0.0,11,56.0,498.5,10,99.5,96.0,96.0,80.5,3.0,2720.0,14
2023-05-11 14:54:48,p2401-C-8400,p2401-C-8400,80.5,0.0,0.0,0.0,1,56.0,498.5,10,99.5,96.0,96.0,80.5,3.0,2720.0,14
2023-05-11 14:54:49,p2401-C-8400,p2401-C-8400,80.5,0.0,0.0,0.0,11,56.0,498.5,10,99.5,96.0,96.0,80.5,3.0,2720.0,14
2023-05-11 14:56:38,p2401-C-8400,p2401-C-8400,80.5,0.0,0.0,0.0,1,56.0,499.0,1,99.5,96.0,96.0,80.5,3.0,2720.0,14
2023-05-11 14:59:05,p2401-C-8400,p2401-C-8400,80.5,0.0,0.0,0.0,10,56.5,498.5,10,99.5,96.0,96.0,80.5,3.0,2720.0,14
2023-05-11 14:59:11,p2401-C-8400,p2401-C-8400,80.5,0.0,0.0,0.0,1,57.0,498.5,10,99.5,96.0,96.0,80.5,3.0,2720.0,14
2023-05-11 14:59:55,p2401-C-8400,p2401-C-8400,80.5,0.0,0.0,0.0,1,57.0,499.0,1,99.5,96.0,96.0,80.5,3.0,2720.0,14
2023-05-11 15:01:10,p2401-C-8400,p2401-C-8400,80.5,0.0,0.0,0.0,1,57.0,499.0,1,99.5,96.0,96.0,80.5,3.0,2720.0,14
